{"id":"gen9vgc2023regulatione-1998718258","p1":"tealpens4","p2":"Xamato","format":"[Gen 9] VGC 2023 Regulation E","log":"|j|\u2606tealpens4\n|j|\u2606Xamato\n|t:|1700977280\n|gametype|doubles\n|player|p1|tealpens4|169|1172\n|player|p2|Xamato|170|1065\n|teamsize|p1|6\n|teamsize|p2|6\n|gen|9\n|tier|[Gen 9] VGC 2023 Regulation E\n|rated|\n|rule|Species Clause: Limit one of each Pok\u00e9mon\n|rule|Item Clause: Limit one of each item\n|clearpoke\n|poke|p1|Tornadus, L50, M|\n|poke|p1|Politoed, L50, M|\n|poke|p1|Rillaboom, L50, M|\n|poke|p1|Arcanine-Hisui, L50, M|\n|poke|p1|Chien-Pao, L50|\n|poke|p1|Urshifu-*, L50, M|\n|poke|p2|Ursaluna, L50, M|\n|poke|p2|Urshifu-*, L50, M|\n|poke|p2|Flutter Mane, L50|\n|poke|p2|Regieleki, L50|\n|poke|p2|Indeedee-F, L50, F|\n|poke|p2|Chi-Yu, L50|\n|teampreview|4\n|\n|t:|1700977314\n|start\n|switch|p1a: Tornadus|Tornadus, L50, M|100\/100\n|switch|p1b: Urshifu|Urshifu-Rapid-Strike, L50, M|100\/100\n|switch|p2a: Regieleki|Regieleki, L50|100\/100\n|switch|p2b: Urshifu|Urshifu-Rapid-Strike, L50, M|100\/100\n|turn|1\n|\n|t:|1700977345\n|move|p1a: Tornadus|Tailwind|p1a: Tornadus\n|-sidestart|p1: tealpens4|move: Tailwind\n|move|p1b: Urshifu|Surging Strikes|p2a: Regieleki\n|-crit|p2a: Regieleki\n|-damage|p2a: Regieleki|65\/100\n|-crit|p2a: Regieleki\n|-damage|p2a: Regieleki|31\/100\n|-crit|p2a: Regieleki\n|-damage|p2a: Regieleki|0 fnt\n|faint|p2a: Regieleki\n|-hitcount|p2: Regieleki|3\n|move|p2b: Urshifu|Surging Strikes|p1a: Tornadus\n|-crit|p1a: Tornadus\n|-damage|p1a: Tornadus|75\/100\n|-crit|p1a: Tornadus\n|-damage|p1a: Tornadus|48\/100\n|-crit|p1a: Tornadus\n|-damage|p1a: Tornadus|22\/100\n|-hitcount|p1a: Tornadus|3\n|\n|upkeep\n|\n|t:|1700977364\n|switch|p2a: Chi-Yu|Chi-Yu, L50|100\/100\n|-ability|p2a: Chi-Yu|Beads of Ruin\n|turn|2\n|\n|t:|1700977375\n|switch|p1a: Politoed|Politoed, L50, M|100\/100\n|-weather|RainDance|[from] ability: Drizzle|[of] p1a: Politoed\n|-terastallize|p2a: Chi-Yu|Grass\n|move|p2b: Urshifu|Aqua Jet|p1a: Politoed\n|-resisted|p1a: Politoed\n|-damage|p1a: Politoed|85\/100\n|move|p1b: Urshifu|Surging Strikes|p2a: Chi-Yu\n|-resisted|p2a: Chi-Yu\n|-crit|p2a: Chi-Yu\n|-damage|p2a: Chi-Yu|75\/100\n|-resisted|p2a: Chi-Yu\n|-crit|p2a: Chi-Yu\n|-damage|p2a: Chi-Yu|48\/100\n|-resisted|p2a: Chi-Yu\n|-crit|p2a: Chi-Yu\n|-damage|p2a: Chi-Yu|23\/100\n|-hitcount|p2a: Chi-Yu|3\n|move|p2a: Chi-Yu|Psychic|p1b: Urshifu\n|-supereffective|p1b: Urshifu\n|-damage|p1b: Urshifu|0 fnt\n|faint|p1b: Urshifu\n|-damage|p2a: Chi-Yu|13\/100|[from] item: Life Orb\n|\n|-weather|RainDance|[upkeep]\n|upkeep\n|\n|t:|1700977408\n|switch|p1b: Rillaboom|Rillaboom, L50, M|100\/100\n|-fieldstart|move: Grassy Terrain|[from] ability: Grassy Surge|[of] p1b: Rillaboom\n|turn|3\n|\n|t:|1700977425\n|move|p2a: Chi-Yu|Protect|p2a: Chi-Yu\n|-singleturn|p2a: Chi-Yu|Protect\n|move|p2b: Urshifu|Detect|p2b: Urshifu\n|-singleturn|p2b: Urshifu|Protect\n|move|p1b: Rillaboom|Wood Hammer|p2b: Urshifu\n|-activate|p2b: Urshifu|move: Protect\n|move|p1a: Politoed|Icy Wind|p2b: Urshifu|[spread] \n|-activate|p2a: Chi-Yu|move: Protect\n|-activate|p2b: Urshifu|move: Protect\n|\n|-weather|RainDance|[upkeep]\n|-heal|p1a: Politoed|92\/100|[from] Grassy Terrain\n|-heal|p2a: Chi-Yu|19\/100|[from] Grassy Terrain\n|upkeep\n|turn|4\n|\n|t:|1700977452\n|switch|p2b: Flutter Mane|Flutter Mane, L50|100\/100\n|move|p1b: Rillaboom|Wood Hammer|p2b: Flutter Mane\n|-enditem|p2b: Flutter Mane|Focus Sash\n|-damage|p2b: Flutter Mane|1\/100\n|-damage|p1b: Rillaboom|80\/100|[from] Recoil\n|move|p1a: Politoed|Icy Wind|p2a: Chi-Yu|[spread] p2a,p2b\n|-supereffective|p2a: Chi-Yu\n|-damage|p2a: Chi-Yu|0 fnt\n|-damage|p2b: Flutter Mane|0 fnt\n|faint|p2a: Chi-Yu\n|faint|p2b: Flutter Mane\n|-end|p2b: Flutter Mane|Protosynthesis|[silent]\n|\n|-weather|RainDance|[upkeep]\n|-heal|p1b: Rillaboom|86\/100|[from] Grassy Terrain\n|-heal|p1a: Politoed|98\/100|[from] Grassy Terrain\n|-sideend|p1: tealpens4|move: Tailwind\n|upkeep\n|c|\u2606tealpens4|why\n|c|\u2606tealpens4|lol\n|c|\u2606tealpens4|thats gg\n|c|\u2606tealpens4|the flutter had a shot!\n|c|\u2606Xamato|im stoopid lol\n|\n|t:|1700977486\n|switch|p2b: Urshifu|Urshifu-Rapid-Strike, L50, M|100\/100\n|turn|5\n|c|\u2606tealpens4|the toed has won!\n|c|\u2606Xamato|hook me up with that paste XD\n|\n|t:|1700977506\n|move|p1b: Rillaboom|Grassy Glide|p2b: Urshifu\n|-supereffective|p2b: Urshifu\n|-damage|p2b: Urshifu|29\/100\n|move|p2b: Urshifu|Surging Strikes|p1b: Rillaboom\n|-resisted|p1b: Rillaboom\n|-crit|p1b: Rillaboom\n|-damage|p1b: Rillaboom|71\/100\n|-resisted|p1b: Rillaboom\n|-crit|p1b: Rillaboom\n|-damage|p1b: Rillaboom|55\/100\n|-resisted|p1b: Rillaboom\n|-crit|p1b: Rillaboom\n|-damage|p1b: Rillaboom|40\/100\n|-hitcount|p1b: Rillaboom|3\n|move|p1a: Politoed|Perish Song|p1a: Politoed\n|-start|p1a: Politoed|perish3|[silent]\n|-start|p1b: Rillaboom|perish3|[silent]\n|-start|p2b: Urshifu|perish3|[silent]\n|-fieldactivate|move: Perish Song\n|\n|-weather|RainDance|[upkeep]\n|-heal|p2b: Urshifu|35\/100|[from] Grassy Terrain\n|-heal|p1b: Rillaboom|46\/100|[from] Grassy Terrain\n|-heal|p1a: Politoed|100\/100|[from] Grassy Terrain\n|-start|p2b: Urshifu|perish3\n|-start|p1b: Rillaboom|perish3\n|-start|p1a: Politoed|perish3\n|upkeep\n|turn|6\n|c|\u2606tealpens4|the perish!\n|\n|t:|1700977534\n|move|p2b: Urshifu|Aqua Jet|p1b: Rillaboom\n|-resisted|p1b: Rillaboom\n|-damage|p1b: Rillaboom|31\/100\n|move|p1b: Rillaboom|Grassy Glide|p2b: Urshifu\n|-supereffective|p2b: Urshifu\n|-crit|p2b: Urshifu\n|-damage|p2b: Urshifu|0 fnt\n|faint|p2b: Urshifu\n|\n|win|tealpens4\n|raw|tealpens4's rating: 1172 &rarr; <strong>1190<\/strong><br \/>(+18 for winning)\n|raw|Xamato's rating: 1065 &rarr; <strong>1051<\/strong><br \/>(-14 for losing)\n|l|\u2606Xamato\n|c|\u2606tealpens4|dayum!\n","uploadtime":1700977557,"views":9,"p1id":"tealpens4","p2id":"xamato","formatid":"gen9vgc2023regulatione","rating":1051,"private":0,"password":""}