{"id":"gen9vgc2023regulatione-1993530716","p1":"RedLantern2063","p2":"ferritorte","format":"[Gen 9] VGC 2023 Regulation E","log":"|j|\u2606RedLantern2063\n|j|\u2606ferritorte\n|t:|1700328598\n|gametype|doubles\n|player|p1|RedLantern2063|rocketgrunt|1112\n|player|p2|ferritorte|elesa|1212\n|teamsize|p1|6\n|teamsize|p2|6\n|gen|9\n|tier|[Gen 9] VGC 2023 Regulation E\n|rated|\n|rule|Species Clause: Limit one of each Pok\u00e9mon\n|rule|Item Clause: Limit one of each item\n|clearpoke\n|poke|p1|Talonflame, L50, M|\n|poke|p1|Rillaboom, L50, F|\n|poke|p1|Empoleon, L50, F|\n|poke|p1|Ninetales-Alola, L50, M|\n|poke|p1|Roaring Moon, L50|\n|poke|p1|Landorus-Therian, L50, M|\n|poke|p2|Ambipom, L50, M|\n|poke|p2|Sinistcha-Masterpiece, L50|\n|poke|p2|Iron Hands, L50|\n|poke|p2|Munkidori, L50, M|\n|poke|p2|Empoleon, L50, M|\n|poke|p2|Roaring Moon, L50|\n|teampreview|4\n|inactive|Battle timer is ON: inactive players will automatically lose when time's up. (requested by ferritorte)\n|\n|t:|1700328627\n|start\n|switch|p1a: Rillaboom|Rillaboom, L50, F|100\/100\n|switch|p1b: Talonflame|Talonflame, L50, M|100\/100\n|switch|p2a: Empoleon|Empoleon, L50, M|100\/100\n|switch|p2b: Ambipom|Ambipom, L50, M, shiny|100\/100\n|-fieldstart|move: Grassy Terrain|[from] ability: Grassy Surge|[of] p1a: Rillaboom\n|-enditem|p1b: Talonflame|Grassy Seed\n|-boost|p1b: Talonflame|def|1|[from] item: Grassy Seed\n|turn|1\n|\n|t:|1700328649\n|move|p2b: Ambipom|Fake Out|p1a: Rillaboom\n|-damage|p1a: Rillaboom|65\/100\n|-damage|p2b: Ambipom|90\/100|[from] item: Life Orb\n|cant|p1a: Rillaboom|flinch\n|move|p1b: Talonflame|Swords Dance|p1b: Talonflame\n|-boost|p1b: Talonflame|atk|2\n|move|p2a: Empoleon|Hydro Pump|p1b: Talonflame|[miss]\n|-miss|p2a: Empoleon|p1b: Talonflame\n|\n|-heal|p2b: Ambipom|96\/100|[from] Grassy Terrain\n|-heal|p1a: Rillaboom|71\/100|[from] Grassy Terrain\n|upkeep\n|turn|2\n|\n|t:|1700328669\n|-terastallize|p1b: Talonflame|Flying\n|move|p1b: Talonflame|Acrobatics|p2b: Ambipom\n|-damage|p2b: Ambipom|0 fnt\n|faint|p2b: Ambipom\n|move|p1a: Rillaboom|Wood Hammer|p2a: Empoleon\n|-crit|p2a: Empoleon\n|-damage|p2a: Empoleon|3\/100\n|-damage|p1a: Rillaboom|54\/100|[from] item: Rocky Helmet|[of] p2a: Empoleon\n|-damage|p1a: Rillaboom|23\/100|[from] Recoil\n|-enditem|p1a: Rillaboom|Sitrus Berry|[eat]\n|-heal|p1a: Rillaboom|47\/100|[from] item: Sitrus Berry\n|move|p2a: Empoleon|Hydro Pump|p1b: Talonflame\n|-damage|p1b: Talonflame|38\/100\n|\n|-heal|p1a: Rillaboom|53\/100|[from] Grassy Terrain\n|-heal|p2a: Empoleon|8\/100|[from] Grassy Terrain\n|upkeep\n|c|\u2606ferritorte|ofc\n|\n|t:|1700328689\n|switch|p2b: Munkidori|Munkidori, L50, M|100\/100\n|turn|3\n|inactive|ferritorte has 30 seconds left.\n|inactive|ferritorte has 20 seconds left.\n|\n|t:|1700328728\n|move|p1b: Talonflame|Protect|p1b: Talonflame\n|-singleturn|p1b: Talonflame|Protect\n|move|p1a: Rillaboom|Protect|p1a: Rillaboom\n|-singleturn|p1a: Rillaboom|Protect\n|move|p2b: Munkidori|Sludge Bomb|p1b: Talonflame\n|-activate|p1b: Talonflame|move: Protect\n|move|p2a: Empoleon|Flash Cannon|p1b: Talonflame\n|-activate|p1b: Talonflame|move: Protect\n|\n|-heal|p1a: Rillaboom|59\/100|[from] Grassy Terrain\n|-heal|p2a: Empoleon|14\/100|[from] Grassy Terrain\n|upkeep\n|turn|4\n|\n|t:|1700328748\n|move|p1a: Rillaboom|Grassy Glide|p2a: Empoleon\n|-damage|p2a: Empoleon|0 fnt\n|-damage|p1a: Rillaboom|43\/100|[from] item: Rocky Helmet|[of] p2a: Empoleon\n|faint|p2a: Empoleon\n|move|p1b: Talonflame|Acrobatics|p2b: Munkidori\n|-enditem|p2b: Munkidori|Focus Sash\n|-damage|p2b: Munkidori|1\/100\n|move|p2b: Munkidori|Sludge Bomb|p1b: Talonflame\n|-damage|p1b: Talonflame|0 fnt\n|faint|p1b: Talonflame\n|\n|-heal|p2b: Munkidori|7\/100|[from] Grassy Terrain\n|-heal|p1a: Rillaboom|49\/100|[from] Grassy Terrain\n|upkeep\n|\n|t:|1700328767\n|switch|p1b: Roaring Moon|Roaring Moon, L50|100\/100\n|switch|p2a: Roaring Moon|Roaring Moon, L50|100\/100\n|-enditem|p2a: Roaring Moon|Booster Energy\n|-activate|p2a: Roaring Moon|ability: Protosynthesis|[fromitem]\n|-start|p2a: Roaring Moon|protosynthesisspe\n|-enditem|p1b: Roaring Moon|Booster Energy\n|-activate|p1b: Roaring Moon|ability: Protosynthesis|[fromitem]\n|-start|p1b: Roaring Moon|protosynthesisspe\n|turn|5\n|\n|t:|1700328782\n|move|p1a: Rillaboom|Grassy Glide|p2b: Munkidori\n|-resisted|p2b: Munkidori\n|-damage|p2b: Munkidori|0 fnt\n|faint|p2b: Munkidori\n|move|p2a: Roaring Moon|Dragon Claw|p1b: Roaring Moon\n|-supereffective|p1b: Roaring Moon\n|-damage|p1b: Roaring Moon|0 fnt\n|faint|p1b: Roaring Moon\n|-end|p1b: Roaring Moon|Protosynthesis|[silent]\n|\n|-heal|p1a: Rillaboom|55\/100|[from] Grassy Terrain\n|-fieldend|move: Grassy Terrain\n|upkeep\n|\n|t:|1700328791\n|switch|p1b: Landorus|Landorus-Therian, L50, M|100\/100\n|-ability|p1b: Landorus|Intimidate|boost\n|-unboost|p2a: Roaring Moon|atk|1\n|turn|6\n|\n|t:|1700328810\n|move|p2a: Roaring Moon|Dragon Dance|p2a: Roaring Moon\n|-boost|p2a: Roaring Moon|atk|1\n|-boost|p2a: Roaring Moon|spe|1\n|move|p1b: Landorus|Rock Slide|p2a: Roaring Moon\n|-damage|p2a: Roaring Moon|61\/100\n|move|p1a: Rillaboom|Wood Hammer|p2a: Roaring Moon\n|-resisted|p2a: Roaring Moon\n|-damage|p2a: Roaring Moon|18\/100\n|-damage|p1a: Rillaboom|42\/100|[from] Recoil\n|\n|upkeep\n|turn|7\n|\n|t:|1700328826\n|move|p2a: Roaring Moon|Protect|p2a: Roaring Moon\n|-singleturn|p2a: Roaring Moon|Protect\n|move|p1b: Landorus|Rock Slide|p2a: Roaring Moon\n|-activate|p2a: Roaring Moon|move: Protect\n|move|p1a: Rillaboom|Wood Hammer|p2a: Roaring Moon\n|-activate|p2a: Roaring Moon|move: Protect\n|\n|upkeep\n|turn|8\n|\n|t:|1700328838\n|move|p2a: Roaring Moon|Throat Chop|p1a: Rillaboom\n|-damage|p1a: Rillaboom|0 fnt\n|faint|p1a: Rillaboom\n|move|p1b: Landorus|Rock Slide|p2a: Roaring Moon\n|-damage|p2a: Roaring Moon|0 fnt\n|faint|p2a: Roaring Moon\n|-end|p2a: Roaring Moon|Protosynthesis|[silent]\n|\n|win|RedLantern2063\n|raw|RedLantern2063's rating: 1112 &rarr; <strong>1144<\/strong><br \/>(+32 for winning)\n|raw|ferritorte's rating: 1212 &rarr; <strong>1180<\/strong><br \/>(-32 for losing)\n|c|\u2606RedLantern2063|gg\n|l|\u2606ferritorte\n","uploadtime":1700328854,"views":16,"p1id":"redlantern2063","p2id":"ferritorte","formatid":"gen9vgc2023regulatione","rating":1144,"private":0,"password":""}