{"id":"gen9vgc2023regulatione-1990910483","p1":"lumenessence","p2":"Anipok","format":"[Gen 9] VGC 2023 Regulation E","log":"|j|\u2606lumenessence\n|j|\u2606Anipok\n|n|\u2606lumenessence|lumenessence\n|n|\u2606Anipok|anipok\n|html|View the match progress at <a href=\"\/game-bestof3-gen9vgc2023regulatione-1990910482\">game-bestof3-gen9vgc2023regulatione-1990910482<\/a>\n|t:|1700014136\n|gametype|doubles\n|player|p1|lumenessence|psychicf-gen4|\n|player|p2|Anipok|erika|\n|teamsize|p1|6\n|teamsize|p2|6\n|gen|9\n|tier|[Gen 9] VGC 2023 Regulation E\n|rule|Species Clause: Limit one of each Pok\u00e9mon\n|rule|Item Clause: Limit one of each item\n|clearpoke\n|poke|p1|Landorus, L50, M|\n|poke|p1|Iron Hands, L50|\n|poke|p1|Salamence, L50, F|\n|poke|p1|Pelipper, L50, M|\n|poke|p1|Kilowattrel, L50, M|\n|poke|p1|Koffing, L50, M|\n|poke|p2|Lurantis, L50, F|\n|poke|p2|Chi-Yu, L50|\n|poke|p2|Cresselia, L50, F|\n|poke|p2|Volbeat, L50, M|\n|poke|p2|Empoleon, L50, M|\n|poke|p2|Arboliva, L50, F|\n|teampreview|4\nlumenessence rejected open team sheets.\n|c|\u2606Anipok|https:\/\/pokepast.es\/b21f18a412b33f06\n|c|\u2606lumenessence|https:\/\/pokepast.es\/a0e985208dbeaf29\n|c|\u2606Anipok|glhf\n|c|\u2606lumenessence|glhf\n|\n|t:|1700014212\n|start\n|switch|p1a: Landorus|Landorus, L50, M|100\/100\n|switch|p1b: Pelipper|Pelipper, L50, M|100\/100\n|switch|p2a: Volbeat|Volbeat, L50, M, shiny|100\/100\n|switch|p2b: Chi-Yu|Chi-Yu, L50|100\/100\n|-ability|p2b: Chi-Yu|Beads of Ruin\n|-weather|RainDance|[from] ability: Drizzle|[of] p1b: Pelipper\n|turn|1\n|\n|t:|1700014258\n|switch|p2b: Empoleon|Empoleon, L50, M, shiny|100\/100\n|switch|p1b: Koffing|Koffing, L50, M|100\/100\n|-ability|p1b: Koffing|Neutralizing Gas\n|-terastallize|p1a: Landorus|Ground\n|move|p1a: Landorus|Sandsear Storm|p2b: Empoleon|[spread] p2a,p2b\n|-resisted|p2a: Volbeat\n|-supereffective|p2b: Empoleon\n|-damage|p2a: Volbeat|64\/100\n|-damage|p2b: Empoleon|0 fnt\n|-status|p2a: Volbeat|brn\n|faint|p2b: Empoleon\n|move|p2a: Volbeat|Tailwind|p2a: Volbeat\n|-sidestart|p2: Anipok|move: Tailwind\n|\n|-weather|RainDance|[upkeep]\n|-damage|p2a: Volbeat|59\/100 brn|[from] brn\n|upkeep\n|\n|t:|1700014279\n|switch|p2b: Lurantis|Lurantis, L50, F, shiny|100\/100\n|turn|2\n|\n|t:|1700014302\n|switch|p1a: Pelipper|Pelipper, L50, M|100\/100\n|-terastallize|p2b: Lurantis|Fighting\n|move|p2a: Volbeat|Tail Glow|p2a: Volbeat\n|-boost|p2a: Volbeat|spa|3\n|move|p2b: Lurantis|Superpower|p1a: Pelipper\n|-resisted|p1a: Pelipper\n|-damage|p1a: Pelipper|72\/100\n|-unboost|p2b: Lurantis|atk|1\n|-unboost|p2b: Lurantis|def|1\n|move|p1b: Koffing|Toxic|p2b: Lurantis\n|-status|p2b: Lurantis|tox\n|\n|-weather|RainDance|[upkeep]\n|-damage|p2b: Lurantis|94\/100 tox|[from] psn\n|-damage|p2a: Volbeat|53\/100 brn|[from] brn\n|upkeep\n|turn|3\n|\n|t:|1700014338\n|move|p2a: Volbeat|Baton Pass|p2a: Volbeat\n|\n|t:|1700014342\n|switch|p2a: Chi-Yu|Chi-Yu, L50|100\/100|[from] Baton Pass\n|move|p2b: Lurantis|Knock Off|p1b: Koffing\n|-damage|p1b: Koffing|83\/100\n|-enditem|p1b: Koffing|Eviolite|[from] move: Knock Off|[of] p2b: Lurantis\n|move|p1a: Pelipper|Tailwind|p1a: Pelipper\n|-sidestart|p1: lumenessence|move: Tailwind\n|move|p1b: Koffing|Taunt|p2a: Chi-Yu\n|-start|p2a: Chi-Yu|move: Taunt\n|\n|-weather|RainDance|[upkeep]\n|-damage|p2b: Lurantis|82\/100 tox|[from] psn\n|upkeep\n|turn|4\n|\n|t:|1700014369\n|move|p1a: Pelipper|Wide Guard|p1a: Pelipper\n|-singleturn|p1a: Pelipper|Wide Guard\n|move|p2a: Chi-Yu|Dark Pulse|p1b: Koffing\n|-damage|p1b: Koffing|0 fnt\n|faint|p1b: Koffing\n|-end|p1b: Koffing|ability: Neutralizing Gas\n|-ability|p2a: Chi-Yu|Beads of Ruin\n|move|p2b: Lurantis|Synthesis|p2b: Lurantis\n|-heal|p2b: Lurantis|100\/100 tox\n|\n|-weather|RainDance|[upkeep]\n|-damage|p2b: Lurantis|82\/100 tox|[from] psn\n|-sideend|p2: Anipok|move: Tailwind\n|upkeep\n|\n|t:|1700014381\n|switch|p1b: Landorus|Landorus, L50, M, tera:Ground|100\/100\n|turn|5\n|\n|t:|1700014402\n|move|p1b: Landorus|Sandsear Storm|p2a: Chi-Yu|[spread] p2a,p2b\n|-supereffective|p2a: Chi-Yu\n|-damage|p2a: Chi-Yu|0 fnt\n|-damage|p2b: Lurantis|0 fnt\n|faint|p2a: Chi-Yu\n|faint|p2b: Lurantis\n|move|p1a: Pelipper|Hurricane|p2: Chi-Yu|[notarget]\n|-fail|p1a: Pelipper\n|\n|-weather|none\n|upkeep\n|\n|t:|1700014412\n|switch|p2b: Volbeat|Volbeat, L50, M, shiny|53\/100 brn\n|turn|6\n|\n|t:|1700014416\n|switch|p1a: Iron Hands|Iron Hands, L50|100\/100\n|move|p1b: Landorus|Sandsear Storm|p2b: Volbeat\n|-resisted|p2b: Volbeat\n|-damage|p2b: Volbeat|0 fnt\n|faint|p2b: Volbeat\n|\n|win|lumenessence\n|c|&|\/uhtml prompt-anipok,Anipok is ready for game 2!\n|inactive|lumenessence has 50 seconds to confirm battle start!\n|c|&|\/uhtml prompt-lumenessence,lumenessence is ready for game 2!\nBoth players are ready! Starting next match!\n","uploadtime":1700014802,"views":14,"p1id":"lumenessence","p2id":"anipok","formatid":"gen9vgc2023regulatione","rating":0,"private":0,"password":""}