{"id":"gen9vgc2023regulatione-1996971405","p1":"Makimas seat","p2":"steelysspirit","format":"[Gen 9] VGC 2023 Regulation E","log":"|j|\u2606Makimas seat\n|j|\u2606steelysspirit\n|t:|1700751120\n|gametype|doubles\n|player|p1|Makimas seat|n|1230\n|player|p2|steelysspirit|170|1242\n|teamsize|p1|6\n|teamsize|p2|6\n|gen|9\n|tier|[Gen 9] VGC 2023 Regulation E\n|rated|\n|rule|Species Clause: Limit one of each Pok\u00e9mon\n|rule|Item Clause: Limit one of each item\n|clearpoke\n|poke|p1|Tornadus, L50, M|\n|poke|p1|Landorus-Therian, L50, M|\n|poke|p1|Iron Hands, L50|\n|poke|p1|Flutter Mane, L50|\n|poke|p1|Urshifu-*, L50, M|\n|poke|p1|Ogerpon-Hearthflame, L50, F|\n|poke|p2|Rabsca, L50, F|\n|poke|p2|Iron Bundle, L50|\n|poke|p2|Iron Hands, L50|\n|poke|p2|Dragonite, L50, M|\n|poke|p2|Golem-Alola, L50, M|\n|poke|p2|Gliscor, L50, F|\n|teampreview|4\n|inactive|Battle timer is ON: inactive players will automatically lose when time's up. (requested by Makimas seat)\nMakimas seat has agreed to open team sheets.\n|inactive|steelysspirit has 60 seconds left.\n|inactive|steelysspirit has 30 seconds left.\n|inactive|steelysspirit has 20 seconds left.\n|inactive|steelysspirit has 15 seconds left.\n|inactive|steelysspirit has 10 seconds left.\n|\n|t:|1700751201\n|start\n|switch|p1a: DANCYBOY|Tornadus, L50, M|100\/100\n|switch|p1b: EARTHQUAKE|Landorus-Therian, L50, M|100\/100\n|switch|p2a: Rabsca|Rabsca, L50, F|100\/100\n|switch|p2b: Iron Bundle|Iron Bundle, L50|100\/100\n|-ability|p1b: EARTHQUAKE|Intimidate|boost\n|-unboost|p2a: Rabsca|atk|1\n|-unboost|p2b: Iron Bundle|atk|1\n|-enditem|p2b: Iron Bundle|Booster Energy\n|-activate|p2b: Iron Bundle|ability: Quark Drive|[fromitem]\n|-start|p2b: Iron Bundle|quarkdrivespe\n|turn|1\n|\n|t:|1700751221\n|switch|p1b: SEPRENDI\u00d3LAWEA|Ogerpon-Hearthflame, L50, F|100\/100\n|-ability|p1b: SEPRENDI\u00d3LAWEA|Mold Breaker\n|-terastallize|p2a: Rabsca|Dark\n|move|p1a: DANCYBOY|Tailwind|p1a: DANCYBOY\n|-sidestart|p1: Makimas seat|move: Tailwind\n|move|p2b: Iron Bundle|Freeze-Dry|p1b: SEPRENDI\u00d3LAWEA\n|-damage|p1b: SEPRENDI\u00d3LAWEA|63\/100\n|move|p2a: Rabsca|Trick Room|p2a: Rabsca\n|-fieldstart|move: Trick Room|[of] p2a: Rabsca\n|\n|upkeep\n|turn|2\n|inactive|steelysspirit has 30 seconds left.\n|\n|t:|1700751254\n|-end|p2b: Iron Bundle|Quark Drive|[silent]\n|switch|p2b: Iron Hands|Iron Hands, L50|100\/100\n|move|p1a: DANCYBOY|Scary Face|p1b: SEPRENDI\u00d3LAWEA\n|-unboost|p1b: SEPRENDI\u00d3LAWEA|spe|2\n|move|p2a: Rabsca|Psychic|p1b: SEPRENDI\u00d3LAWEA\n|-damage|p1b: SEPRENDI\u00d3LAWEA|26\/100\n|move|p1b: SEPRENDI\u00d3LAWEA|Horn Leech|p2b: Iron Hands\n|-damage|p2b: Iron Hands|71\/100\n|-heal|p1b: SEPRENDI\u00d3LAWEA|48\/100|[from] drain|[of] p2b: Iron Hands\n|\n|upkeep\n|turn|3\n|\n|t:|1700751277\n|move|p1b: SEPRENDI\u00d3LAWEA|Spiky Shield|p1b: SEPRENDI\u00d3LAWEA\n|-singleturn|p1b: SEPRENDI\u00d3LAWEA|move: Protect\n|move|p1a: DANCYBOY|Sunny Day|p1a: DANCYBOY\n|-weather|SunnyDay\n|move|p2a: Rabsca|Psychic|p1b: SEPRENDI\u00d3LAWEA\n|-activate|p1b: SEPRENDI\u00d3LAWEA|move: Protect\n|move|p2b: Iron Hands|Drain Punch|p1b: SEPRENDI\u00d3LAWEA\n|-activate|p1b: SEPRENDI\u00d3LAWEA|move: Protect\n|-damage|p2b: Iron Hands|59\/100|[from] Spiky Shield|[of] p1b: SEPRENDI\u00d3LAWEA\n|\n|-weather|SunnyDay|[upkeep]\n|upkeep\n|turn|4\n|\n|t:|1700751294\n|move|p1a: DANCYBOY|Scary Face|p1b: SEPRENDI\u00d3LAWEA\n|-unboost|p1b: SEPRENDI\u00d3LAWEA|spe|2\n|move|p2a: Rabsca|Psychic|p1b: SEPRENDI\u00d3LAWEA\n|-damage|p1b: SEPRENDI\u00d3LAWEA|5\/100\n|move|p2b: Iron Hands|Drain Punch|p1b: SEPRENDI\u00d3LAWEA\n|-damage|p1b: SEPRENDI\u00d3LAWEA|0 fnt\n|-heal|p2b: Iron Hands|60\/100|[from] drain|[of] p1b: SEPRENDI\u00d3LAWEA\n|faint|p1b: SEPRENDI\u00d3LAWEA\n|\n|-weather|SunnyDay|[upkeep]\n|-sideend|p1: Makimas seat|move: Tailwind\n|upkeep\n|\n|t:|1700751305\n|switch|p1b: MIELFAUWU|Flutter Mane, L50|100\/100\n|-activate|p1b: MIELFAUWU|ability: Protosynthesis\n|-start|p1b: MIELFAUWU|protosynthesisspa\n|turn|5\n|\n|t:|1700751322\n|-terastallize|p1b: MIELFAUWU|Fairy\n|move|p2a: Rabsca|Protect|p2a: Rabsca\n|-singleturn|p2a: Rabsca|Protect\n|move|p1a: DANCYBOY|Scary Face|p1b: MIELFAUWU\n|-unboost|p1b: MIELFAUWU|spe|2\n|move|p2b: Iron Hands|Heavy Slam|p1b: MIELFAUWU\n|-supereffective|p1b: MIELFAUWU\n|-damage|p1b: MIELFAUWU|0 fnt\n|faint|p1b: MIELFAUWU\n|-end|p1b: MIELFAUWU|Protosynthesis|[silent]\n|\n|-weather|SunnyDay|[upkeep]\n|-fieldend|move: Trick Room\n|upkeep\n|\n|t:|1700751332\n|switch|p1b: EARTHQUAKE|Landorus-Therian, L50, M|100\/100\n|-ability|p1b: EARTHQUAKE|Intimidate|boost\n|-unboost|p2a: Rabsca|atk|1\n|-unboost|p2b: Iron Hands|atk|1\n|turn|6\n|\n|t:|1700751347\n|move|p1b: EARTHQUAKE|Stomping Tantrum|p2b: Iron Hands\n|-supereffective|p2b: Iron Hands\n|-damage|p2b: Iron Hands|2\/100\n|move|p1a: DANCYBOY|Bleakwind Storm|p2b: Iron Hands|[spread] p2a,p2b\n|-damage|p2a: Rabsca|76\/100\n|-damage|p2b: Iron Hands|0 fnt\n|faint|p2b: Iron Hands\n|-end|p2b: Iron Hands|Quark Drive|[silent]\n|move|p2a: Rabsca|Trick Room|p2a: Rabsca\n|-fieldstart|move: Trick Room|[of] p2a: Rabsca\n|\n|-weather|SunnyDay|[upkeep]\n|upkeep\n|\n|t:|1700751356\n|switch|p2b: Golem|Golem-Alola, L50, M|100\/100\n|turn|7\n|\n|t:|1700751375\n|move|p1a: DANCYBOY|Scary Face|p1b: EARTHQUAKE\n|-fail|p1b: EARTHQUAKE|unboost|[from] item: Clear Amulet|[of] p1b: EARTHQUAKE\n|move|p2b: Golem|Body Slam|p1a: DANCYBOY\n|-supereffective|p1a: DANCYBOY\n|-damage|p1a: DANCYBOY|0 fnt\n|faint|p1a: DANCYBOY\n|move|p2a: Rabsca|Psychic|p1b: EARTHQUAKE\n|-damage|p1b: EARTHQUAKE|63\/100\n|move|p1b: EARTHQUAKE|Stomping Tantrum|p2b: Golem\n|-supereffective|p2b: Golem\n|-damage|p2b: Golem|0 fnt\n|faint|p2b: Golem\n|\n|-weather|none\n|upkeep\n|\n|t:|1700751391\n|switch|p2b: Iron Bundle|Iron Bundle, L50|100\/100\n|turn|8\n|\n|t:|1700751397\n|move|p2b: Iron Bundle|Protect|p2b: Iron Bundle\n|-singleturn|p2b: Iron Bundle|Protect\n|move|p2a: Rabsca|Revival Blessing|p2a: Rabsca\n|-enditem|p2a: Rabsca|Leppa Berry|[eat]\n|-activate|p2a: Rabsca|item: Leppa Berry|Revival Blessing|[consumed]\n|\n|t:|1700751406\n|-heal|p2: Iron Hands|50\/100|[from] move: Revival Blessing\n|move|p1b: EARTHQUAKE|Rock Slide|p2b: Iron Bundle|[spread] p2a\n|-activate|p2b: Iron Bundle|move: Protect\n|-damage|p2a: Rabsca|57\/100\n|\n|upkeep\n|turn|9\n|n|!Makimas seat|makimasseat\n|\n|t:|1700751420\n|move|p2a: Rabsca|Revival Blessing|p2a: Rabsca\n|-message|Makimas seat forfeited.\n|\n|win|steelysspirit\n|raw|Makimas seat's rating: 1230 &rarr; <strong>1206<\/strong><br \/>(-24 for losing)\n|raw|steelysspirit's rating: 1242 &rarr; <strong>1266<\/strong><br \/>(+24 for winning)\n|l|!Makimas seat\n","uploadtime":1700751414,"views":1,"p1id":"makimasseat","p2id":"steelysspirit","formatid":"gen9vgc2023regulatione","rating":1206,"private":0,"password":""}