{"id":"gen9vgc2023regulatione-1988753418","p1":"it76dhjk","p2":"Lbbones2","format":"[Gen 9] VGC 2023 Regulation E","log":"|j|\u203dit76dhjk\n|j|\u2606Lbbones2\n|t:|1699758735\n|gametype|doubles\n|player|p1|it76dhjk|artist-gen4|1114\n|player|p2|Lbbones2|marshal|1000\n|teamsize|p1|6\n|teamsize|p2|6\n|gen|9\n|tier|[Gen 9] VGC 2023 Regulation E\n|rated|\n|rule|Species Clause: Limit one of each Pok\u00e9mon\n|rule|Item Clause: Limit one of each item\n|clearpoke\n|poke|p1|Politoed, L50, M|\n|poke|p1|Tornadus, L50, M|\n|poke|p1|Basculegion-F, L50, F|\n|poke|p1|Toxicroak, L50, F|\n|poke|p1|Chien-Pao, L50|\n|poke|p1|Milotic, L50, F|\n|poke|p2|Tornadus, L50, M|\n|poke|p2|Mamoswine, L50, M|\n|poke|p2|Flutter Mane, L50|\n|poke|p2|Chi-Yu, L50|\n|poke|p2|Ogerpon-Wellspring, L50, F|\n|poke|p2|Iron Hands, L50|\n|teampreview|4\n|\n|t:|1699758766\n|start\n|switch|p1a: Toxicroak|Toxicroak, L50, F|100\/100\n|switch|p1b: Chien-Pao|Chien-Pao, L50|100\/100\n|switch|p2a: Tornadus|Tornadus, L50, M|100\/100\n|switch|p2b: Flutter Mane|Flutter Mane, L50|100\/100\n|-ability|p1b: Chien-Pao|Sword of Ruin\n|turn|1\n|\n|t:|1699758795\n|-terastallize|p2b: Flutter Mane|Fairy\n|move|p1a: Toxicroak|Fake Out|p2a: Tornadus\n|-damage|p2a: Tornadus|77\/100\n|-damage|p1a: Toxicroak|91\/100|[from] item: Life Orb\n|move|p2a: Tornadus|Sunny Day|p2a: Tornadus\n|-weather|SunnyDay\n|-activate|p2b: Flutter Mane|ability: Protosynthesis\n|-start|p2b: Flutter Mane|protosynthesisspe\n|move|p2b: Flutter Mane|Dazzling Gleam|p1a: Toxicroak|[spread] p1a,p1b\n|-supereffective|p1b: Chien-Pao\n|-damage|p1a: Toxicroak|24\/100\n|-enditem|p1b: Chien-Pao|Focus Sash\n|-damage|p1b: Chien-Pao|1\/100\n|move|p1b: Chien-Pao|Ice Spinner|p2a: Tornadus\n|-supereffective|p2a: Tornadus\n|-damage|p2a: Tornadus|0 fnt\n|faint|p2a: Tornadus\n|\n|-weather|SunnyDay|[upkeep]\n|-damage|p1a: Toxicroak|12\/100|[from] ability: Dry Skin|[of] p1a: Toxicroak\n|upkeep\n|\n|t:|1699758818\n|switch|p2a: Iron Hands|Iron Hands, L50|100\/100\n|turn|2\n|\n|t:|1699758832\n|switch|p1b: Tornadus|Tornadus, L50, M|100\/100\n|switch|p1a: Basculegion|Basculegion-F, L50, F|100\/100\n|move|p2a: Iron Hands|Fake Out|p1a: Basculegion\n|-immune|p1a: Basculegion\n|move|p2b: Flutter Mane|Dazzling Gleam|p1a: Basculegion|[spread] p1a,p1b\n|-damage|p1a: Basculegion|48\/100\n|-damage|p1b: Tornadus|59\/100\n|\n|-weather|SunnyDay|[upkeep]\n|upkeep\n|turn|3\n|\n|t:|1699758858\n|move|p1b: Tornadus|Protect|p1b: Tornadus\n|-singleturn|p1b: Tornadus|Protect\n|move|p2b: Flutter Mane|Dazzling Gleam|p1a: Basculegion|[spread] p1a\n|-activate|p1b: Tornadus|move: Protect\n|-damage|p1a: Basculegion|2\/100\n|move|p1a: Basculegion|Shadow Ball|p2a: Iron Hands\n|-crit|p2a: Iron Hands\n|-damage|p2a: Iron Hands|60\/100\n|move|p2a: Iron Hands|Drain Punch|p1a: Basculegion\n|-immune|p1a: Basculegion\n|\n|-weather|SunnyDay|[upkeep]\n|upkeep\n|turn|4\n|\n|t:|1699758882\n|move|p1b: Tornadus|Tailwind|p1b: Tornadus\n|-sidestart|p1: it76dhjk|move: Tailwind\n|move|p2b: Flutter Mane|Icy Wind|p1b: Tornadus|[spread] p1a,p1b\n|-resisted|p1a: Basculegion\n|-supereffective|p1b: Tornadus\n|-damage|p1a: Basculegion|0 fnt\n|-damage|p1b: Tornadus|34\/100\n|-unboost|p1b: Tornadus|spe|1\n|faint|p1a: Basculegion\n|move|p2a: Iron Hands|Drain Punch|p1b: Tornadus\n|-resisted|p1b: Tornadus\n|-damage|p1b: Tornadus|8\/100\n|-heal|p2a: Iron Hands|70\/100|[from] drain|[of] p1b: Tornadus\n|\n|-weather|SunnyDay|[upkeep]\n|upkeep\n|\n|t:|1699758920\n|switch|p1a: Toxicroak|Toxicroak, L50, F|12\/100\n|turn|5\n|\n|t:|1699758930\n|switch|p1b: Chien-Pao|Chien-Pao, L50|1\/100\n|-ability|p1b: Chien-Pao|Sword of Ruin\n|move|p1a: Toxicroak|Bullet Punch|p2b: Flutter Mane\n|-supereffective|p2b: Flutter Mane\n|-damage|p2b: Flutter Mane|36\/100\n|-damage|p1a: Toxicroak|2\/100|[from] item: Life Orb\n|move|p2b: Flutter Mane|Icy Wind|p1a: Toxicroak|[spread] p1a,p1b\n|-resisted|p1b: Chien-Pao\n|-damage|p1a: Toxicroak|0 fnt\n|-damage|p1b: Chien-Pao|0 fnt\n|faint|p1a: Toxicroak\n|faint|p1b: Chien-Pao\n|move|p2a: Iron Hands|Drain Punch|p1: Toxicroak|[notarget]\n|-fail|p2a: Iron Hands\n|\n|-weather|none\n|-end|p2b: Flutter Mane|Protosynthesis\n|upkeep\n|-message|it76dhjk forfeited.\n|\n|win|Lbbones2\n|raw|it76dhjk's rating: 1114 &rarr; <strong>1081<\/strong><br \/>(-33 for losing)\n|raw|Lbbones2's rating: 1000 &rarr; <strong>1053<\/strong><br \/>(+53 for winning)\n|l|\u203dit76dhjk\n","uploadtime":1699758983,"views":12,"p1id":"it76dhjk","p2id":"lbbones2","formatid":"gen9vgc2023regulatione","rating":1053,"private":0,"password":""}