{"id":"gen9vgc2023regulatione-1995798119","p1":"xelrules1998765432","p2":"FireTrial","format":"[Gen 9] VGC 2023 Regulation E","log":"|j|\u2606xelrules1998765432\n|j|\u2606FireTrial\n|t:|1700604180\n|gametype|doubles\n|player|p1|xelrules1998765432|101|1009\n|player|p2|FireTrial|hooligans|1042\n|teamsize|p1|6\n|teamsize|p2|6\n|gen|9\n|tier|[Gen 9] VGC 2023 Regulation E\n|rated|\n|rule|Species Clause: Limit one of each Pok\u00e9mon\n|rule|Item Clause: Limit one of each item\n|clearpoke\n|poke|p1|Torterra, L50, F|\n|poke|p1|Sinistcha, L50|\n|poke|p1|Grumpig, L50, F|\n|poke|p1|Talonflame, L50, F|\n|poke|p1|Ursaluna-Bloodmoon, L50, M|\n|poke|p1|Indeedee-F, L50, F|\n|poke|p2|Snorlax, L50, F|\n|poke|p2|Kommo-o, L50, F|\n|poke|p2|Clefairy, L50, M|\n|poke|p2|Sinistcha-Masterpiece, L50|\n|poke|p2|Landorus-Therian, L50, M|\n|poke|p2|Iron Hands, L50|\n|teampreview|4\n|\n|t:|1700604215\n|start\n|switch|p1a: Indeedee|Indeedee-F, L50, F, shiny|100\/100\n|switch|p1b: Grumpig|Grumpig, L50, F, shiny|100\/100\n|switch|p2a: Snorlax|Snorlax, L50, F, shiny|100\/100\n|switch|p2b: Iron Hands|Iron Hands, L50|100\/100\n|-fieldstart|move: Psychic Terrain|[from] ability: Psychic Surge|[of] p1a: Indeedee\n|-enditem|p1a: Indeedee|Psychic Seed\n|-boost|p1a: Indeedee|spd|1|[from] item: Psychic Seed\n|-enditem|p2b: Iron Hands|Booster Energy\n|-activate|p2b: Iron Hands|ability: Quark Drive|[fromitem]\n|-start|p2b: Iron Hands|quarkdriveatk\n|turn|1\n|\n|t:|1700604237\n|move|p1a: Indeedee|Follow Me|p1a: Indeedee\n|-singleturn|p1a: Indeedee|move: Follow Me\n|move|p1b: Grumpig|Taunt|p2a: Snorlax\n|-start|p2a: Snorlax|move: Taunt\n|move|p2b: Iron Hands|Drain Punch|p1a: Indeedee\n|-damage|p1a: Indeedee|41\/100\n|cant|p2a: Snorlax|move: Taunt|Belly Drum\n|\n|upkeep\n|turn|2\n|\n|t:|1700604257\n|switch|p2a: Landorus|Landorus-Therian, L50, M|100\/100\n|-ability|p2a: Landorus|Intimidate|boost\n|-unboost|p1a: Indeedee|atk|1\n|-unboost|p1b: Grumpig|atk|1\n|move|p1a: Indeedee|Follow Me|p1a: Indeedee\n|-singleturn|p1a: Indeedee|move: Follow Me\n|move|p1b: Grumpig|Dazzling Gleam|p2a: Landorus|[spread] p2a,p2b\n|-supereffective|p2b: Iron Hands\n|-damage|p2a: Landorus|80\/100\n|-damage|p2b: Iron Hands|78\/100\n|move|p2b: Iron Hands|Drain Punch|p1a: Indeedee\n|-damage|p1a: Indeedee|0 fnt\n|-heal|p2b: Iron Hands|92\/100|[from] drain|[of] p1a: Indeedee\n|faint|p1a: Indeedee\n|\n|upkeep\n|\n|t:|1700604273\n|switch|p1a: Ursaluna|Ursaluna-Bloodmoon, L50, M|100\/100\n|turn|3\n|\n|t:|1700604283\n|-terastallize|p1a: Ursaluna|Fairy\n|move|p2a: Landorus|U-turn|p1b: Grumpig\n|-supereffective|p1b: Grumpig\n|-damage|p1b: Grumpig|17\/100\n|\n|t:|1700604287\n|switch|p2a: Snorlax|Snorlax, L50, F, shiny|100\/100|[from] U-turn\n|move|p1b: Grumpig|Simple Beam|p1a: Ursaluna\n|-endability|p1a: Ursaluna|Mind's Eye|[from] move: Simple Beam\n|-ability|p1a: Ursaluna|Simple|[from] move: Simple Beam\n|move|p2b: Iron Hands|Drain Punch|p1a: Ursaluna\n|-resisted|p1a: Ursaluna\n|-damage|p1a: Ursaluna|78\/100\n|-heal|p2b: Iron Hands|99\/100|[from] drain|[of] p1a: Ursaluna\n|move|p1a: Ursaluna|Calm Mind|p1a: Ursaluna\n|-boost|p1a: Ursaluna|spa|2\n|-boost|p1a: Ursaluna|spd|2\n|\n|upkeep\n|turn|4\n|\n|t:|1700604316\n|move|p1b: Grumpig|Taunt|p2a: Snorlax\n|-start|p2a: Snorlax|move: Taunt\n|move|p2b: Iron Hands|Wild Charge|p1a: Ursaluna\n|-damage|p1a: Ursaluna|27\/100\n|-damage|p2b: Iron Hands|91\/100|[from] Recoil\n|move|p1a: Ursaluna|Hyper Voice|p2a: Snorlax|[spread] p2a,p2b\n|-damage|p2a: Snorlax|47\/100\n|-damage|p2b: Iron Hands|15\/100\n|-enditem|p2a: Snorlax|Sitrus Berry|[eat]\n|-heal|p2a: Snorlax|72\/100|[from] item: Sitrus Berry\n|-enditem|p1a: Ursaluna|Throat Spray\n|-boost|p1a: Ursaluna|spa|2|[from] item: Throat Spray\n|cant|p2a: Snorlax|move: Taunt|Belly Drum\n|\n|upkeep\n|turn|5\n|\n|t:|1700604338\n|switch|p2a: Landorus|Landorus-Therian, L50, M|80\/100\n|-ability|p2a: Landorus|Intimidate|boost\n|-unboost|p1a: Ursaluna|atk|2\n|-unboost|p1b: Grumpig|atk|1\n|move|p1a: Ursaluna|Protect|p1a: Ursaluna\n|-singleturn|p1a: Ursaluna|Protect\n|move|p2b: Iron Hands|Wild Charge|p1a: Ursaluna\n|-activate|p1a: Ursaluna|move: Protect\n|move|p1b: Grumpig|Trick Room|p1b: Grumpig\n|-fieldstart|move: Trick Room|[of] p1b: Grumpig\n|\n|-fieldend|move: Psychic Terrain\n|upkeep\n|turn|6\n|\n|t:|1700604352\n|-end|p2b: Iron Hands|Quark Drive|[silent]\n|switch|p2b: Sinistcha|Sinistcha-Masterpiece, L50|100\/100\n|-heal|p2a: Landorus|100\/100|[from] ability: Hospitality|[of] p2b: Sinistcha\n|switch|p1b: Sinistcha|Sinistcha, L50, shiny|100\/100\n|-heal|p1a: Ursaluna|52\/100|[from] ability: Hospitality|[of] p1b: Sinistcha\n|move|p1a: Ursaluna|Hyper Voice|p2b: Sinistcha|[spread] p2a\n|-immune|p2b: Sinistcha\n|-damage|p2a: Landorus|0 fnt\n|faint|p2a: Landorus\n|\n|upkeep\n|\n|t:|1700604363\n|switch|p2a: Iron Hands|Iron Hands, L50|15\/100\n|turn|7\n|\n|t:|1700604380\n|move|p1a: Ursaluna|Protect|p1a: Ursaluna\n|-singleturn|p1a: Ursaluna|Protect\n|move|p2a: Iron Hands|Fake Out|p1a: Ursaluna\n|-activate|p1a: Ursaluna|move: Protect\n|move|p2b: Sinistcha|Matcha Gotcha|p1a: Ursaluna|[spread] p1b\n|-activate|p1a: Ursaluna|move: Protect\n|-resisted|p1b: Sinistcha\n|-damage|p1b: Sinistcha|89\/100\n|move|p1b: Sinistcha|Matcha Gotcha|p2a: Iron Hands|[spread] p2a,p2b\n|-resisted|p2b: Sinistcha\n|-damage|p2a: Iron Hands|0 fnt\n|-heal|p1b: Sinistcha|100\/100|[from] drain|[of] p2a: Iron Hands\n|-damage|p2b: Sinistcha|87\/100\n|faint|p2a: Iron Hands\n|-end|p2a: Iron Hands|Quark Drive|[silent]\n|\n|upkeep\n|\n|t:|1700604385\n|switch|p2a: Snorlax|Snorlax, L50, F, shiny|72\/100\n|turn|8\n|c|\u2606FireTrial|!dt hyper voice\n|raw|<ul class=\"utilichart\"><li class=\"result\"><span class=\"col movenamecol\"><a href=\"https:\/\/dex.pokemonshowdown.com\/moves\/hypervoice\">Hyper Voice<\/a><\/span> <span class=\"col typecol\"><img src=\"\/\/play.pokemonshowdown.com\/sprites\/types\/Normal.png\" alt=\"Normal\" width=\"32\" height=\"14\"><img src=\"\/\/play.pokemonshowdown.com\/sprites\/categories\/Special.png\" alt=\"Special\" width=\"32\" height=\"14\"><\/span> <span class=\"col labelcol\"><em>Power<\/em><br>90<\/span> <span class=\"col widelabelcol\"><em>Accuracy<\/em><br>100%<\/span> <span class=\"col pplabelcol\"><em>PP<\/em><br>16<\/span> <span class=\"col movedesccol\">No additional effect. Hits adjacent foes.<\/span> <\/li><li style=\"clear:both\"><\/li><\/ul>\n|raw|<font size=\"1\"><font color=\"#686868\">Priority:<\/font> 0&nbsp;|&ThickSpace;<font color=\"#686868\">Gen:<\/font> 3&nbsp;|&ThickSpace;&#10003; Sound&nbsp;|&ThickSpace;&#10003; Bypasses Substitutes&nbsp;|&ThickSpace;<font color=\"#686868\">Z-Power:<\/font> 175&nbsp;|&ThickSpace;<font color=\"#686868\">Dynamax Power:<\/font> 130&nbsp;|&ThickSpace;<font color=\"#686868\">Target:<\/font> All Adjacent Opponents<\/font>\n\n|\n|t:|1700604417\n|-terastallize|p2a: Snorlax|Ghost\n|move|p2a: Snorlax|Belly Drum|p2a: Snorlax\n|-damage|p2a: Snorlax|22\/100\n|-setboost|p2a: Snorlax|atk|6|[from] move: Belly Drum\n|move|p1a: Ursaluna|Hyper Voice|p2b: Sinistcha|[spread] \n|-immune|p2a: Snorlax\n|-immune|p2b: Sinistcha\n|move|p2b: Sinistcha|Matcha Gotcha|p1a: Ursaluna|[spread] p1a,p1b\n|-resisted|p1b: Sinistcha\n|-damage|p1a: Ursaluna|39\/100\n|-heal|p2b: Sinistcha|94\/100|[from] drain|[of] p1a: Ursaluna\n|-damage|p1b: Sinistcha|90\/100\n|-heal|p2b: Sinistcha|99\/100|[from] drain|[of] p1b: Sinistcha\n|move|p1b: Sinistcha|Matcha Gotcha|p2b: Sinistcha|[spread] p2a,p2b\n|-resisted|p2b: Sinistcha\n|-damage|p2a: Snorlax|8\/100\n|-heal|p1b: Sinistcha|100\/100|[from] drain|[of] p2a: Snorlax\n|-damage|p2b: Sinistcha|84\/100\n|-status|p2b: Sinistcha|brn\n|\n|-damage|p2b: Sinistcha|78\/100 brn|[from] brn\n|upkeep\n|turn|9\n|\n|t:|1700604448\n|move|p1a: Ursaluna|Protect|p1a: Ursaluna\n|-singleturn|p1a: Ursaluna|Protect\n|move|p2a: Snorlax|High Horsepower|p1b: Sinistcha\n|-resisted|p1b: Sinistcha\n|-damage|p1b: Sinistcha|46\/100\n|-damage|p2a: Snorlax|0 fnt|[from] item: Rocky Helmet|[of] p1b: Sinistcha\n|faint|p2a: Snorlax\n|move|p2b: Sinistcha|Matcha Gotcha|p1a: Ursaluna|[spread] p1b\n|-activate|p1a: Ursaluna|move: Protect\n|-resisted|p1b: Sinistcha\n|-damage|p1b: Sinistcha|33\/100\n|-heal|p2b: Sinistcha|84\/100 brn|[from] drain|[of] p1b: Sinistcha\n|move|p1b: Sinistcha|Matcha Gotcha|p2b: Sinistcha|[miss]\n|-miss|p1b: Sinistcha|p2b: Sinistcha\n|\n|-damage|p2b: Sinistcha|78\/100 brn|[from] brn\n|-fieldend|move: Trick Room\n|upkeep\n|turn|10\n|-message|FireTrial forfeited.\n|\n|win|xelrules1998765432\n|raw|xelrules1998765432's rating: 1009 &rarr; <strong>1051<\/strong><br \/>(+42 for winning)\n|raw|FireTrial's rating: 1042 &rarr; <strong>1024<\/strong><br \/>(-18 for losing)\n|l|\u2606FireTrial\n","uploadtime":1700604476,"views":5,"p1id":"xelrules1998765432","p2id":"firetrial","formatid":"gen9vgc2023regulatione","rating":1024,"private":0,"password":""}