{"id":"gen9vgc2023regulatione-1995124358","p1":"TatsuMushi","p2":"PINKYCURCHLORD","format":"[Gen 9] VGC 2023 Regulation E","log":"|j|\u2606TatsuMushi\n|j|\u2606PINKYCURCHLORD\n|t:|1700525252\n|gametype|doubles\n|player|p1|TatsuMushi|bugcatcher-gen4dp|1390\n|player|p2|PINKYCURCHLORD|burglar|1295\n|teamsize|p1|6\n|teamsize|p2|6\n|gen|9\n|tier|[Gen 9] VGC 2023 Regulation E\n|rated|\n|rule|Species Clause: Limit one of each Pok\u00e9mon\n|rule|Item Clause: Limit one of each item\n|clearpoke\n|poke|p1|Dusclops, L50, F|\n|poke|p1|Enamorus-Therian, L50, F|\n|poke|p1|Kingambit, L50, M|\n|poke|p1|Iron Hands, L50|\n|poke|p1|Volcarona, L50, M|\n|poke|p1|Ogerpon-Cornerstone, L50, F|\n|poke|p2|Pincurchin, L50, M|\n|poke|p2|Iron Hands, L50|\n|poke|p2|Farigiraf, L50, F|\n|poke|p2|Iron Bundle, L50|\n|poke|p2|Ninetales-Alola, L50, M|\n|poke|p2|Heatran, L50, M|\n|teampreview|4\n|inactive|Battle timer is ON: inactive players will automatically lose when time's up. (requested by PINKYCURCHLORD)\n|inactive|TatsuMushi also wants the timer to be on.\n|inactive|TatsuMushi has 60 seconds left.\n|inactive|PINKYCURCHLORD has 60 seconds left.\n|\n|t:|1700525289\n|start\n|switch|p1a: Dusclops|Dusclops, L50, F|100\/100\n|switch|p1b: Volcarona|Volcarona, L50, M|100\/100\n|switch|p2a: Iron Hands|Iron Hands, L50|100\/100\n|switch|p2b: Farigiraf|Farigiraf, L50, F|100\/100\n|-item|p2a: Iron Hands|Assault Vest|[from] ability: Frisk|[of] p1a: Dusclops|[identify]\n|-item|p2b: Farigiraf|Sitrus Berry|[from] ability: Frisk|[of] p1a: Dusclops|[identify]\n|turn|1\n|inactive|PINKYCURCHLORD has 30 seconds left.\n|inactive|PINKYCURCHLORD has 20 seconds left.\n|\n|t:|1700525327\n|-end|p2a: Iron Hands|Quark Drive|[silent]\n|switch|p2a: Heatran|Heatran, L50, M|100\/100\n|move|p1b: Volcarona|Quiver Dance|p1b: Volcarona\n|-boost|p1b: Volcarona|spa|1\n|-boost|p1b: Volcarona|spd|1\n|-boost|p1b: Volcarona|spe|1\n|move|p2b: Farigiraf|Psychic|p1a: Dusclops\n|-damage|p1a: Dusclops|77\/100\n|move|p1a: Dusclops|Trick Room|p1a: Dusclops\n|-fieldstart|move: Trick Room|[of] p1a: Dusclops\n|\n|upkeep\n|turn|2\n|inactive|TatsuMushi has 30 seconds left.\n|\n|t:|1700525352\n|move|p2b: Farigiraf|Helping Hand|p2a: Heatran\n|-singleturn|p2a: Heatran|Helping Hand|[of] p2b: Farigiraf\n|move|p1a: Dusclops|Night Shade|p2a: Heatran\n|-damage|p2a: Heatran|74\/100\n|move|p2a: Heatran|Heat Wave|p1a: Dusclops|[spread] p1a,p1b\n|-damage|p1a: Dusclops|26\/100\n|-damage|p1b: Volcarona|58\/100\n|-damage|p2a: Heatran|64\/100|[from] item: Life Orb\n|move|p1b: Volcarona|Flamethrower|p2b: Farigiraf\n|-damage|p2b: Farigiraf|37\/100\n|-enditem|p2b: Farigiraf|Sitrus Berry|[eat]\n|-heal|p2b: Farigiraf|61\/100|[from] item: Sitrus Berry\n|\n|upkeep\n|turn|3\n|\n|t:|1700525371\n|move|p2b: Farigiraf|Helping Hand|p2a: Heatran\n|-singleturn|p2a: Heatran|Helping Hand|[of] p2b: Farigiraf\n|move|p1a: Dusclops|Night Shade|p2a: Heatran\n|-damage|p2a: Heatran|38\/100\n|move|p2a: Heatran|Heat Wave|p1a: Dusclops|[spread] p1a,p1b\n|-damage|p1a: Dusclops|0 fnt\n|-damage|p1b: Volcarona|15\/100\n|-enditem|p1b: Volcarona|Sitrus Berry|[eat]\n|-heal|p1b: Volcarona|40\/100|[from] item: Sitrus Berry\n|faint|p1a: Dusclops\n|-damage|p2a: Heatran|28\/100|[from] item: Life Orb\n|move|p1b: Volcarona|Flamethrower|p2b: Farigiraf\n|-damage|p2b: Farigiraf|0 fnt\n|faint|p2b: Farigiraf\n|\n|upkeep\n|\n|t:|1700525392\n|switch|p1a: Iron Hands|Iron Hands, L50|100\/100\n|switch|p2b: Iron Hands|Iron Hands, L50|100\/100\n|turn|4\n|inactive|PINKYCURCHLORD has 30 seconds left.\n|\n|t:|1700525418\n|switch|p2a: Pincurchin|Pincurchin, L50, M, shiny|100\/100\n|-fieldstart|move: Electric Terrain|[from] ability: Electric Surge|[of] p2a: Pincurchin\n|-activate|p2b: Iron Hands|ability: Quark Drive\n|-start|p2b: Iron Hands|quarkdriveatk\n|-activate|p1a: Iron Hands|ability: Quark Drive\n|-start|p1a: Iron Hands|quarkdriveatk\n|move|p2b: Iron Hands|Wild Charge|p1b: Volcarona\n|-damage|p1b: Volcarona|0 fnt\n|faint|p1b: Volcarona\n|-damage|p2b: Iron Hands|92\/100|[from] Recoil\n|move|p1a: Iron Hands|Drain Punch|p2a: Pincurchin\n|-damage|p2a: Pincurchin|46\/100\n|-damage|p1a: Iron Hands|84\/100|[from] item: Rocky Helmet|[of] p2a: Pincurchin\n|\n|upkeep\n|\n|t:|1700525438\n|switch|p1b: Kingambit|Kingambit, L50, M|100\/100\n|turn|5\n|\n|t:|1700525457\n|-terastallize|p1b: Kingambit|Dark\n|move|p2a: Pincurchin|Acupressure|p2b: Iron Hands\n|-boost|p2b: Iron Hands|atk|2\n|move|p1b: Kingambit|Swords Dance|p1b: Kingambit\n|-boost|p1b: Kingambit|atk|2\n|move|p2b: Iron Hands|Drain Punch|p1b: Kingambit\n|-supereffective|p1b: Kingambit\n|-damage|p1b: Kingambit|0 fnt\n|-heal|p2b: Iron Hands|100\/100|[from] drain|[of] p1b: Kingambit\n|faint|p1b: Kingambit\n|move|p1a: Iron Hands|Drain Punch|p2a: Pincurchin\n|-damage|p2a: Pincurchin|0 fnt\n|-heal|p1a: Iron Hands|99\/100|[from] drain|[of] p2a: Pincurchin\n|-damage|p1a: Iron Hands|82\/100|[from] item: Rocky Helmet|[of] p2a: Pincurchin\n|faint|p2a: Pincurchin\n|\n|-fieldend|move: Trick Room\n|upkeep\n|\n|t:|1700525464\n|switch|p2a: Heatran|Heatran, L50, M|28\/100\n|turn|6\n|c|\u2606PINKYCURCHLORD|oh son\n|-message|TatsuMushi forfeited.\n|\n|win|PINKYCURCHLORD\n|raw|TatsuMushi's rating: 1390 &rarr; <strong>1365<\/strong><br \/>(-25 for losing)\n|raw|PINKYCURCHLORD's rating: 1295 &rarr; <strong>1327<\/strong><br \/>(+32 for winning)\n|c|\u2606PINKYCURCHLORD|LMAOOO\n","uploadtime":1700525484,"views":13,"p1id":"tatsumushi","p2id":"pinkycurchlord","formatid":"gen9vgc2023regulatione","rating":1327,"private":0,"password":""}