{"id":"gen9vgc2023regulatione-1998531362","p1":"zakpaskal","p2":"Deantzo","format":"[Gen 9] VGC 2023 Regulation E","log":"|j|\u2606zakpaskal\n|j|\u2606Deantzo\n|t:|1700952948\n|gametype|doubles\n|player|p1|zakpaskal|crasherwake|1303\n|player|p2|Deantzo|morty|1296\n|teamsize|p1|6\n|teamsize|p2|6\n|gen|9\n|tier|[Gen 9] VGC 2023 Regulation E\n|rated|\n|rule|Species Clause: Limit one of each Pok\u00e9mon\n|rule|Item Clause: Limit one of each item\n|clearpoke\n|poke|p1|Chi-Yu, L50|\n|poke|p1|Flutter Mane, L50|\n|poke|p1|Tornadus, L50, M|\n|poke|p1|Gholdengo, L50|\n|poke|p1|Urshifu-*, L50, M|\n|poke|p1|Sinistcha, L50|\n|poke|p2|Urshifu-*, L50, F|\n|poke|p2|Ogerpon-Hearthflame, L50, F|\n|poke|p2|Flutter Mane, L50|\n|poke|p2|Rillaboom, L50, M|\n|poke|p2|Farigiraf, L50, M|\n|poke|p2|Landorus, L50, M|\n|teampreview|4\n|inactive|Battle timer is ON: inactive players will automatically lose when time's up. (requested by Deantzo)\n|\n|t:|1700952972\n|start\n|switch|p1a: Tornadus|Tornadus, L50, M|100\/100\n|switch|p1b: Sinistcha|Sinistcha, L50|100\/100\n|switch|p2a: Landorus|Landorus, L50, M|100\/100\n|switch|p2b: Urshifu|Urshifu-Rapid-Strike, L50, F|100\/100\n|turn|1\n|inactive|zakpaskal has 30 seconds left.\n|\n|t:|1700953002\n|move|p2b: Urshifu|Detect|p2b: Urshifu\n|-singleturn|p2b: Urshifu|Protect\n|move|p1a: Tornadus|Tailwind|p1a: Tornadus\n|-sidestart|p1: zakpaskal|move: Tailwind\n|move|p1b: Sinistcha|Matcha Gotcha|p2a: Landorus|[spread] p2a\n|-activate|p2b: Urshifu|move: Protect\n|-damage|p2a: Landorus|69\/100\n|move|p2a: Landorus|Sandsear Storm|p1a: Tornadus|[spread] \n|-immune|p1a: Tornadus\n|-miss|p2a: Landorus|p1b: Sinistcha\n|\n|upkeep\n|turn|2\n|\n|t:|1700953022\n|move|p1a: Tornadus|Bleakwind Storm|p2a: Landorus|[spread] \n|-miss|p1a: Tornadus|p2a: Landorus\n|-miss|p1a: Tornadus|p2b: Urshifu\n|move|p1b: Sinistcha|Matcha Gotcha|p2a: Landorus|[spread] p2a,p2b\n|-supereffective|p2b: Urshifu\n|-damage|p2a: Landorus|34\/100\n|-damage|p2b: Urshifu|23\/100\n|move|p2a: Landorus|Sludge Bomb|p1b: Sinistcha\n|-damage|p1b: Sinistcha|45\/100\n|move|p2b: Urshifu|Surging Strikes|p1a: Tornadus\n|-crit|p1a: Tornadus\n|-damage|p1a: Tornadus|68\/100\n|-crit|p1a: Tornadus\n|-damage|p1a: Tornadus|35\/100\n|-crit|p1a: Tornadus\n|-damage|p1a: Tornadus|5\/100\n|-hitcount|p1a: Tornadus|3\n|\n|upkeep\n|turn|3\n|inactive|Deantzo has 30 seconds left.\n|\n|t:|1700953052\n|switch|p1a: Urshifu|Urshifu-Rapid-Strike, L50, M|100\/100\n|switch|p2a: Ogerpon|Ogerpon-Hearthflame, L50, F|100\/100\n|-ability|p2a: Ogerpon|Mold Breaker\n|move|p2b: Urshifu|Aqua Jet|p1a: Urshifu\n|-resisted|p1a: Urshifu\n|-damage|p1a: Urshifu|88\/100\n|move|p1b: Sinistcha|Matcha Gotcha|p2b: Urshifu|[spread] p2a,p2b\n|-resisted|p2a: Ogerpon\n|-supereffective|p2b: Urshifu\n|-damage|p2a: Ogerpon|93\/100\n|-heal|p1b: Sinistcha|49\/100|[from] drain|[of] p2a: Ogerpon\n|-damage|p2b: Urshifu|0 fnt\n|-heal|p1b: Sinistcha|63\/100|[from] drain|[of] p2b: Urshifu\n|faint|p2b: Urshifu\n|\n|upkeep\n|\n|t:|1700953073\n|switch|p2b: Flutter Mane|Flutter Mane, L50|100\/100\n|turn|4\n|\n|t:|1700953083\n|-terastallize|p1a: Urshifu|Water\n|move|p1a: Urshifu|Surging Strikes|p2b: Flutter Mane\n|-crit|p2b: Flutter Mane\n|-damage|p2b: Flutter Mane|39\/100\n|-crit|p2b: Flutter Mane\n|-damage|p2b: Flutter Mane|0 fnt\n|faint|p2b: Flutter Mane\n|-end|p2b: Flutter Mane|Protosynthesis|[silent]\n|-hitcount|p2: Flutter Mane|2\n|move|p1b: Sinistcha|Strength Sap|p2a: Ogerpon\n|-unboost|p2a: Ogerpon|atk|1\n|-heal|p1b: Sinistcha|100\/100\n|move|p2a: Ogerpon|Ivy Cudgel|p1b: Sinistcha|[anim] Ivy Cudgel Fire\n|-supereffective|p1b: Sinistcha\n|-damage|p1b: Sinistcha|39\/100\n|\n|-sideend|p1: zakpaskal|move: Tailwind\n|upkeep\n|\n|t:|1700953100\n|switch|p2b: Landorus|Landorus, L50, M|34\/100\n|turn|5\n|\n|t:|1700953115\n|move|p2a: Ogerpon|Follow Me|p2a: Ogerpon\n|-singleturn|p2a: Ogerpon|move: Follow Me\n|move|p1a: Urshifu|Aqua Jet|p2a: Ogerpon\n|-damage|p2a: Ogerpon|45\/100\n|move|p2b: Landorus|Earth Power|p1a: Urshifu\n|-damage|p1a: Urshifu|0 fnt\n|faint|p1a: Urshifu\n|move|p1b: Sinistcha|Strength Sap|p2a: Ogerpon\n|-unboost|p2a: Ogerpon|atk|1\n|-heal|p1b: Sinistcha|100\/100\n|\n|upkeep\n|\n|t:|1700953125\n|switch|p1a: Tornadus|Tornadus, L50, M|5\/100\n|turn|6\n|\n|t:|1700953145\n|-terastallize|p2b: Landorus|Poison\n|move|p1a: Tornadus|Tailwind|p1a: Tornadus\n|-sidestart|p1: zakpaskal|move: Tailwind\n|move|p1b: Sinistcha|Matcha Gotcha|p2a: Ogerpon|[spread] p2a,p2b\n|-resisted|p2a: Ogerpon\n|-resisted|p2b: Landorus\n|-damage|p2a: Ogerpon|38\/100\n|-damage|p2b: Landorus|17\/100\n|move|p2a: Ogerpon|Ivy Cudgel|p1b: Sinistcha|[anim] Ivy Cudgel Fire\n|-supereffective|p1b: Sinistcha\n|-crit|p1b: Sinistcha\n|-damage|p1b: Sinistcha|0 fnt\n|faint|p1b: Sinistcha\n|move|p2b: Landorus|Sludge Bomb|p1a: Tornadus\n|-damage|p1a: Tornadus|0 fnt\n|faint|p1a: Tornadus\n|\n|upkeep\n|\n|t:|1700953153\n|switch|p1b: Flutter Mane|Flutter Mane, L50|100\/100\n|-enditem|p1b: Flutter Mane|Booster Energy\n|-activate|p1b: Flutter Mane|ability: Protosynthesis|[fromitem]\n|-start|p1b: Flutter Mane|protosynthesisspe\n|turn|7\n|inactive|Deantzo has 30 seconds left.\n|inactive|Deantzo has 20 seconds left.\n|inactive|Deantzo has 15 seconds left.\n|\n|t:|1700953193\n|move|p1b: Flutter Mane|Moonblast|p2b: Landorus\n|-resisted|p2b: Landorus\n|-damage|p2b: Landorus|0 fnt\n|faint|p2b: Landorus\n|move|p2a: Ogerpon|Ivy Cudgel|p1b: Flutter Mane|[anim] Ivy Cudgel Fire\n|-damage|p1b: Flutter Mane|38\/100\n|\n|upkeep\n|turn|8\n|\n|t:|1700953208\n|move|p2a: Ogerpon|Spiky Shield|p2a: Ogerpon\n|-singleturn|p2a: Ogerpon|move: Protect\n|move|p1b: Flutter Mane|Moonblast|p2a: Ogerpon\n|-activate|p2a: Ogerpon|move: Protect\n|\n|upkeep\n|turn|9\n|\n|t:|1700953221\n|move|p1b: Flutter Mane|Moonblast|p2a: Ogerpon\n|-resisted|p2a: Ogerpon\n|-damage|p2a: Ogerpon|5\/100\n|-unboost|p2a: Ogerpon|spa|1\n|move|p2a: Ogerpon|Ivy Cudgel|p1b: Flutter Mane|[anim] Ivy Cudgel Fire\n|-damage|p1b: Flutter Mane|0 fnt\n|faint|p1b: Flutter Mane\n|-end|p1b: Flutter Mane|Protosynthesis|[silent]\n|\n|win|Deantzo\n|raw|zakpaskal's rating: 1303 &rarr; <strong>1283<\/strong><br \/>(-20 for losing)\n|raw|Deantzo's rating: 1296 &rarr; <strong>1322<\/strong><br \/>(+26 for winning)\n|l|\u2606zakpaskal\n","uploadtime":1700953243,"views":28,"p1id":"zakpaskal","p2id":"deantzo","formatid":"gen9vgc2023regulatione","rating":1283,"private":0,"password":""}