{"id":"gen9vgc2023regulatione-1993253414","p1":"andrew_hooverr","p2":"DeAndreRicketts","format":"[Gen 9] VGC 2023 Regulation E","log":"|j|\u2606andrew_hooverr\n|j|\u2606DeAndreRicketts\n|t:|1700284749\n|gametype|doubles\n|player|p1|andrew_hooverr|266|1123\n|player|p2|DeAndreRicketts|buck|1233\n|teamsize|p1|6\n|teamsize|p2|6\n|gen|9\n|tier|[Gen 9] VGC 2023 Regulation E\n|rated|\n|rule|Species Clause: Limit one of each Pok\u00e9mon\n|rule|Item Clause: Limit one of each item\n|clearpoke\n|poke|p1|Gholdengo, L50|\n|poke|p1|Iron Hands, L50|\n|poke|p1|Tornadus, L50, M|\n|poke|p1|Arcanine-Hisui, L50, F|\n|poke|p1|Rillaboom, L50, M|\n|poke|p1|Ogerpon-Wellspring, L50, F|\n|poke|p2|Flutter Mane, L50|\n|poke|p2|Gothitelle, L50, F|\n|poke|p2|Dondozo, L50, F|\n|poke|p2|Tatsugiri-Droopy, L50, F|\n|poke|p2|Dusclops, L50, M|\n|poke|p2|Ursaluna-Bloodmoon, L50, M|\n|teampreview|4\nandrew_hooverr rejected open team sheets.\n|inactive|Battle timer is ON: inactive players will automatically lose when time's up. (requested by andrew_hooverr)\n|\n|t:|1700284794\n|start\n|switch|p1a: Ogerpon|Ogerpon-Wellspring, L50, F|100\/100\n|switch|p1b: Rillaboom|Rillaboom, L50, M|100\/100\n|switch|p2a: Flutter Mane|Flutter Mane, L50|100\/100\n|switch|p2b: Gothitelle|Gothitelle, L50, F|100\/100\n|-fieldstart|move: Grassy Terrain|[from] ability: Grassy Surge|[of] p1b: Rillaboom\n|-enditem|p2a: Flutter Mane|Booster Energy\n|-activate|p2a: Flutter Mane|ability: Protosynthesis|[fromitem]\n|-start|p2a: Flutter Mane|protosynthesisspe\n|turn|1\n|inactive|andrew_hooverr has 30 seconds left.\n|inactive|DeAndreRicketts has 30 seconds left.\n|inactive|DeAndreRicketts has 20 seconds left.\n|inactive|DeAndreRicketts has 15 seconds left.\n|j| Rich vvs\n|inactive|DeAndreRicketts has 10 seconds left.\n|\n|t:|1700284841\n|-terastallize|p1a: Ogerpon|Water\n|detailschange|p1a: Ogerpon|Ogerpon-Wellspring-Tera, L50, F, tera:Water\n|-ability|p1a: Ogerpon|Embody Aspect (Wellspring)|boost\n|-boost|p1a: Ogerpon|spd|1\n|move|p1b: Rillaboom|Fake Out|p2b: Gothitelle\n|-damage|p2b: Gothitelle|87\/100\n|cant|p2b: Gothitelle|flinch\n|move|p2a: Flutter Mane|Perish Song|p2a: Flutter Mane\n|-start|p1a: Ogerpon|perish3|[silent]\n|-start|p1b: Rillaboom|perish3|[silent]\n|-start|p2a: Flutter Mane|perish3|[silent]\n|-start|p2b: Gothitelle|perish3|[silent]\n|-fieldactivate|move: Perish Song\n|move|p1a: Ogerpon|Swords Dance|p1a: Ogerpon\n|-boost|p1a: Ogerpon|atk|2\n|\n|-heal|p2b: Gothitelle|94\/100|[from] Grassy Terrain\n|-start|p2a: Flutter Mane|perish3\n|-start|p1a: Ogerpon|perish3\n|-start|p1b: Rillaboom|perish3\n|-start|p2b: Gothitelle|perish3\n|upkeep\n|turn|2\n|inactive|DeAndreRicketts has 30 seconds left.\n|inactive|DeAndreRicketts has 20 seconds left.\n|inactive|DeAndreRicketts has 15 seconds left.\n|inactive|DeAndreRicketts has 10 seconds left.\n|\n|t:|1700284890\n|move|p2a: Flutter Mane|Dazzling Gleam|p1b: Rillaboom|[spread] p1a,p1b\n|-damage|p1a: Ogerpon|77\/100\n|-damage|p1b: Rillaboom|65\/100\n|move|p1a: Ogerpon|Swords Dance|p1a: Ogerpon\n|-boost|p1a: Ogerpon|atk|2\n|move|p1b: Rillaboom|Wood Hammer|p2a: Flutter Mane\n|-crit|p2a: Flutter Mane\n|-damage|p2a: Flutter Mane|0 fnt\n|faint|p2a: Flutter Mane\n|-end|p2a: Flutter Mane|Protosynthesis|[silent]\n|-damage|p1b: Rillaboom|44\/100|[from] Recoil\n|move|p2b: Gothitelle|Psychic|p1a: Ogerpon\n|-damage|p1a: Ogerpon|56\/100\n|\n|-heal|p1a: Ogerpon|63\/100|[from] Grassy Terrain\n|-heal|p1b: Rillaboom|50\/100|[from] Grassy Terrain\n|-heal|p2b: Gothitelle|99\/100|[from] Grassy Terrain\n|-start|p1a: Ogerpon|perish2\n|-start|p1b: Rillaboom|perish2\n|-start|p2b: Gothitelle|perish2\n|upkeep\n|\n|t:|1700284912\n|switch|p2a: Juice Wrld|Dondozo, L50, F, shiny|100\/100\n|turn|3\n|\n|t:|1700284920\n|move|p2b: Gothitelle|Protect|p2b: Gothitelle\n|-singleturn|p2b: Gothitelle|Protect\n|move|p2a: Juice Wrld|Protect|p2a: Juice Wrld\n|-singleturn|p2a: Juice Wrld|Protect\n|move|p1a: Ogerpon|Ivy Cudgel|p2b: Gothitelle|[anim] Ivy Cudgel Water\n|-activate|p2b: Gothitelle|move: Protect\n|move|p1b: Rillaboom|Wood Hammer|p2a: Juice Wrld\n|-activate|p2a: Juice Wrld|move: Protect\n|\n|-heal|p1a: Ogerpon|69\/100|[from] Grassy Terrain\n|-heal|p1b: Rillaboom|56\/100|[from] Grassy Terrain\n|-heal|p2b: Gothitelle|100\/100|[from] Grassy Terrain\n|-start|p1a: Ogerpon|perish1\n|-start|p1b: Rillaboom|perish1\n|-start|p2b: Gothitelle|perish1\n|upkeep\n|turn|4\n|inactive|DeAndreRicketts has 30 seconds left.\n|inactive|andrew_hooverr has 30 seconds left.\n|inactive|DeAndreRicketts has 20 seconds left.\n|inactive|DeAndreRicketts has 15 seconds left.\n|inactive|DeAndreRicketts has 10 seconds left.\n|\n|t:|1700284967\n|switch|p2b: Perc|Tatsugiri-Droopy, L50, F, shiny|100\/100\n|-activate|p2b: Perc|ability: Commander|[of] p2a: Juice Wrld\n|-boost|p2a: Juice Wrld|atk|2\n|-boost|p2a: Juice Wrld|spa|2\n|-boost|p2a: Juice Wrld|spe|2\n|-boost|p2a: Juice Wrld|def|2\n|-boost|p2a: Juice Wrld|spd|2\n|-terastallize|p2a: Juice Wrld|Grass\n|move|p2a: Juice Wrld|Rock Slide|p1b: Rillaboom|[spread] p1b\n|-miss|p2a: Juice Wrld|p1a: Ogerpon\n|-damage|p1b: Rillaboom|24\/100\n|move|p1a: Ogerpon|Horn Leech|p2a: Juice Wrld\n|-resisted|p2a: Juice Wrld\n|-damage|p2a: Juice Wrld|89\/100\n|-heal|p1a: Ogerpon|76\/100|[from] drain|[of] p2a: Juice Wrld\n|move|p1b: Rillaboom|Wood Hammer|p2b: Perc|[miss]\n|-miss|p1b: Rillaboom|p2b: Perc\n|\n|-heal|p2a: Juice Wrld|96\/100|[from] Grassy Terrain\n|-heal|p2a: Juice Wrld|100\/100|[from] item: Leftovers\n|-heal|p1a: Ogerpon|82\/100|[from] Grassy Terrain\n|-heal|p1b: Rillaboom|29\/100|[from] Grassy Terrain\n|-start|p1a: Ogerpon|perish0\n|-start|p1b: Rillaboom|perish0\n|faint|p1a: Ogerpon\n|faint|p1b: Rillaboom\n|upkeep\n|inactive|andrew_hooverr has 30 seconds left.\n|\n|t:|1700284992\n|switch|p1a: Gholdengo|Gholdengo, L50|100\/100\n|switch|p1b: Iron Hands|Iron Hands, L50|100\/100\n|turn|5\n|\n|t:|1700285007\n|move|p2a: Juice Wrld|Protect|p2a: Juice Wrld\n|-singleturn|p2a: Juice Wrld|Protect\n|move|p1b: Iron Hands|Fake Out|p2a: Juice Wrld\n|-activate|p2a: Juice Wrld|move: Protect\n|move|p1a: Gholdengo|Nasty Plot|p1a: Gholdengo\n|-boost|p1a: Gholdengo|spa|2\n|\n|-fieldend|move: Grassy Terrain\n|upkeep\n|turn|6\n|\n|t:|1700285022\n|move|p2a: Juice Wrld|Earthquake|p1a: Gholdengo|[spread] p1a,p1b\n|-miss|p2a: Juice Wrld|p2b: Perc\n|-supereffective|p1a: Gholdengo\n|-supereffective|p1b: Iron Hands\n|-damage|p1a: Gholdengo|22\/100\n|-damage|p1b: Iron Hands|40\/100\n|move|p1a: Gholdengo|Nasty Plot|p1a: Gholdengo\n|-boost|p1a: Gholdengo|spa|2\n|move|p1b: Iron Hands|Drain Punch|p2a: Juice Wrld\n|-damage|p2a: Juice Wrld|85\/100\n|-heal|p1b: Iron Hands|47\/100|[from] drain|[of] p2a: Juice Wrld\n|\n|-heal|p2a: Juice Wrld|92\/100|[from] item: Leftovers\n|-heal|p1a: Gholdengo|28\/100|[from] item: Leftovers\n|upkeep\n|turn|7\n|\n|t:|1700285045\n|move|p2a: Juice Wrld|Earthquake|p1a: Gholdengo|[spread] p1a,p1b\n|-miss|p2a: Juice Wrld|p2b: Perc\n|-supereffective|p1a: Gholdengo\n|-supereffective|p1b: Iron Hands\n|-damage|p1a: Gholdengo|0 fnt\n|-damage|p1b: Iron Hands|0 fnt\n|faint|p1a: Gholdengo\n|faint|p1b: Iron Hands\n|-end|p1b: Iron Hands|Quark Drive|[silent]\n|\n|win|DeAndreRicketts\n|raw|andrew_hooverr's rating: 1123 &rarr; <strong>1106<\/strong><br \/>(-17 for losing)\n|raw|DeAndreRicketts's rating: 1233 &rarr; <strong>1250<\/strong><br \/>(+17 for winning)\n|l|\u2606andrew_hooverr\n","uploadtime":1700285065,"views":20,"p1id":"andrewhooverr","p2id":"deandrericketts","formatid":"gen9vgc2023regulatione","rating":1106,"private":0,"password":""}