{"id":"gen9vgc2023regulatione-1992209475","p1":"josh elmo","p2":"pelipperislandxoo","format":"[Gen 9] VGC 2023 Regulation E","log":"|j|\u2606josh elmo\n|j|\u2606pelipperislandxoo\n|t:|1700164089\n|gametype|doubles\n|player|p1|josh elmo|linebacker|1154\n|player|p2|pelipperislandxoo|cynthia-gen4|1166\n|teamsize|p1|6\n|teamsize|p2|6\n|gen|9\n|tier|[Gen 9] VGC 2023 Regulation E\n|rated|\n|rule|Species Clause: Limit one of each Pok\u00e9mon\n|rule|Item Clause: Limit one of each item\n|clearpoke\n|poke|p1|Arcanine-Hisui, L50, F|\n|poke|p1|Tyranitar, L50, F|\n|poke|p1|Fezandipiti, L50, M|\n|poke|p1|Corviknight, L50, F|\n|poke|p1|Heatran, L50, F|\n|poke|p1|Sinistcha, L50|\n|poke|p2|Garchomp, L50, F|\n|poke|p2|Gastrodon, L50, F|\n|poke|p2|Lucario, L50, F|\n|poke|p2|Milotic, L50, M|\n|poke|p2|Spiritomb, L50, M|\n|poke|p2|Ogerpon-Hearthflame, L50, F|\n|teampreview|4\n|inactive|Battle timer is ON: inactive players will automatically lose when time's up. (requested by pelipperislandxoo)\n|inactive|josh elmo has 60 seconds left.\n|inactive|pelipperislandxoo has 60 seconds left.\n|\n|t:|1700164126\n|start\n|switch|p1a: Arcanine|Arcanine-Hisui, L50, F|100\/100\n|switch|p1b: Tyranitar|Tyranitar, L50, F|100\/100\n|switch|p2a: Milotic|Milotic, L50, M, shiny|100\/100\n|switch|p2b: Lucario|Lucario, L50, F|100\/100\n|-ability|p1a: Arcanine|Intimidate|boost\n|-unboost|p2a: Milotic|atk|1\n|-ability|p2a: Milotic|Competitive|boost\n|-boost|p2a: Milotic|spa|2\n|-fail|p2b: Lucario|unboost|Attack|[from] ability: Inner Focus|[of] p2b: Lucario\n|-weather|Sandstorm|[from] ability: Sand Stream|[of] p1b: Tyranitar\n|turn|1\n|\n|t:|1700164146\n|switch|p2b: Gastrodon|Gastrodon, L50, F|100\/100\n|-terastallize|p1a: Arcanine|Water\n|move|p1a: Arcanine|Snarl|p2a: Milotic|[spread] p2a,p2b\n|-damage|p2a: Milotic|94\/100\n|-damage|p2b: Gastrodon|91\/100\n|-unboost|p2a: Milotic|spa|1\n|-ability|p2a: Milotic|Competitive|boost\n|-boost|p2a: Milotic|spa|2\n|-unboost|p2b: Gastrodon|spa|1\n|move|p2a: Milotic|Surf|p1a: Arcanine|[spread] p1a,p1b\n|-ability|p2b: Gastrodon|Storm Drain|boost\n|-boost|p2b: Gastrodon|spa|1\n|-resisted|p1a: Arcanine\n|-crit|p1a: Arcanine\n|-supereffective|p1b: Tyranitar\n|-damage|p1a: Arcanine|40\/100\n|-damage|p1b: Tyranitar|37\/100\n|-enditem|p1a: Arcanine|Sitrus Berry|[eat]\n|-heal|p1a: Arcanine|64\/100|[from] item: Sitrus Berry\n|move|p1b: Tyranitar|Knock Off|p2a: Milotic\n|-crit|p2a: Milotic\n|-damage|p2a: Milotic|11\/100\n|-enditem|p2a: Milotic|Leftovers|[from] move: Knock Off|[of] p1b: Tyranitar\n|\n|-weather|Sandstorm|[upkeep]\n|-damage|p1a: Arcanine|58\/100|[from] Sandstorm\n|-damage|p2a: Milotic|5\/100|[from] Sandstorm\n|upkeep\n|turn|2\n|inactive|josh elmo has 30 seconds left.\n|inactive|pelipperislandxoo has 30 seconds left.\n|\n|t:|1700164175\n|move|p2a: Milotic|Protect|p2a: Milotic\n|-singleturn|p2a: Milotic|Protect\n|move|p1a: Arcanine|Rock Slide|p2b: Gastrodon|[spread] p2b\n|-activate|p2a: Milotic|move: Protect\n|-resisted|p2b: Gastrodon\n|-damage|p2b: Gastrodon|82\/100\n|move|p1b: Tyranitar|Knock Off|p2b: Gastrodon\n|-damage|p2b: Gastrodon|34\/100\n|-enditem|p2b: Gastrodon|Focus Sash|[from] move: Knock Off|[of] p1b: Tyranitar\n|move|p2b: Gastrodon|Earth Power|p1a: Arcanine\n|-damage|p1a: Arcanine|24\/100\n|\n|-weather|Sandstorm|[upkeep]\n|-damage|p1a: Arcanine|18\/100|[from] Sandstorm\n|-damage|p2a: Milotic|0 fnt|[from] Sandstorm\n|faint|p2a: Milotic\n|upkeep\n|\n|t:|1700164191\n|switch|p2a: Lucario|Lucario, L50, F|100\/100\n|turn|3\n|\n|t:|1700164208\n|-terastallize|p2a: Lucario|Normal\n|move|p2b: Gastrodon|Protect|p2b: Gastrodon\n|-singleturn|p2b: Gastrodon|Protect\n|move|p2a: Lucario|Extreme Speed|p1a: Arcanine\n|-damage|p1a: Arcanine|0 fnt\n|faint|p1a: Arcanine\n|move|p1b: Tyranitar|Low Kick|p2a: Lucario\n|-supereffective|p2a: Lucario\n|-damage|p2a: Lucario|20\/100\n|\n|-weather|Sandstorm|[upkeep]\n|-damage|p2a: Lucario|14\/100|[from] Sandstorm\n|upkeep\n|\n|t:|1700164221\n|switch|p1a: Sinistcha|Sinistcha, L50|100\/100\n|-heal|p1b: Tyranitar|62\/100|[from] ability: Hospitality|[of] p1a: Sinistcha\n|turn|4\n|\n|t:|1700164241\n|switch|p2b: Ogerpon|Ogerpon-Hearthflame, L50, F|100\/100\n|-ability|p2b: Ogerpon|Mold Breaker\n|move|p2a: Lucario|Detect|p2a: Lucario\n|-singleturn|p2a: Lucario|Protect\n|move|p1b: Tyranitar|Knock Off|p2a: Lucario\n|-activate|p2a: Lucario|move: Protect\n|move|p1a: Sinistcha|Matcha Gotcha|p2b: Ogerpon|[spread] p2b\n|-activate|p2a: Lucario|move: Protect\n|-resisted|p2b: Ogerpon\n|-damage|p2b: Ogerpon|94\/100\n|\n|-weather|Sandstorm|[upkeep]\n|-damage|p2b: Ogerpon|88\/100|[from] Sandstorm\n|-damage|p2a: Lucario|7\/100|[from] Sandstorm\n|-damage|p1a: Sinistcha|94\/100|[from] Sandstorm\n|upkeep\n|turn|5\n|inactive|pelipperislandxoo has 30 seconds left.\n|\n|t:|1700164271\n|switch|p1a: Fezandipiti|Fezandipiti, L50, M|100\/100\n|move|p2a: Lucario|Helping Hand|p2b: Ogerpon\n|-singleturn|p2b: Ogerpon|Helping Hand|[of] p2a: Lucario\n|move|p2b: Ogerpon|Horn Leech|p1b: Tyranitar\n|-supereffective|p1b: Tyranitar\n|-damage|p1b: Tyranitar|0 fnt\n|-heal|p2b: Ogerpon|100\/100|[from] drain|[of] p1b: Tyranitar\n|faint|p1b: Tyranitar\n|\n|-weather|none\n|upkeep\n|\n|t:|1700164279\n|switch|p1b: Sinistcha|Sinistcha, L50|94\/100\n|turn|6\n|\n|t:|1700164298\n|move|p2a: Lucario|Detect|p2a: Lucario\n|-singleturn|p2a: Lucario|Protect\n|move|p1b: Sinistcha|Protect|p1b: Sinistcha\n|-singleturn|p1b: Sinistcha|Protect\n|move|p2b: Ogerpon|Knock Off|p1b: Sinistcha\n|-activate|p1b: Sinistcha|move: Protect\n|move|p1a: Fezandipiti|Icy Wind|p2a: Lucario|[spread] p2b\n|-activate|p2a: Lucario|move: Protect\n|-damage|p2b: Ogerpon|91\/100\n|-unboost|p2b: Ogerpon|spe|1\n|\n|upkeep\n|turn|7\n|\n|t:|1700164320\n|move|p2a: Lucario|Bullet Punch|p1a: Fezandipiti\n|-supereffective|p1a: Fezandipiti\n|-damage|p1a: Fezandipiti|46\/100\n|move|p1a: Fezandipiti|Icy Wind|p2a: Lucario|[spread] p2a,p2b\n|-damage|p2a: Lucario|0 fnt\n|-damage|p2b: Ogerpon|81\/100\n|-unboost|p2b: Ogerpon|spe|1\n|faint|p2a: Lucario\n|move|p1b: Sinistcha|Strength Sap|p2b: Ogerpon\n|-unboost|p2b: Ogerpon|atk|1\n|-heal|p1b: Sinistcha|100\/100\n|move|p2b: Ogerpon|Ivy Cudgel|p1b: Sinistcha|[anim] Ivy Cudgel Fire\n|-supereffective|p1b: Sinistcha\n|-crit|p1b: Sinistcha\n|-damage|p1b: Sinistcha|0 fnt\n|faint|p1b: Sinistcha\n|\n|upkeep\n|\n|t:|1700164335\n|switch|p2a: Gastrodon|Gastrodon, L50, F|34\/100\n|turn|8\n|\n|t:|1700164343\n|move|p1a: Fezandipiti|Sludge Bomb|p2b: Ogerpon\n|-supereffective|p2b: Ogerpon\n|-damage|p2b: Ogerpon|20\/100\n|-status|p2b: Ogerpon|psn\n|move|p2b: Ogerpon|Ivy Cudgel|p1a: Fezandipiti|[anim] Ivy Cudgel Fire\n|-damage|p1a: Fezandipiti|0 fnt\n|faint|p1a: Fezandipiti\n|\n|win|pelipperislandxoo\n|raw|josh elmo's rating: 1154 &rarr; <strong>1130<\/strong><br \/>(-24 for losing)\n|raw|pelipperislandxoo's rating: 1166 &rarr; <strong>1190<\/strong><br \/>(+24 for winning)\n|l|\u2606josh elmo\n","uploadtime":1700164353,"views":24,"p1id":"joshelmo","p2id":"pelipperislandxoo","formatid":"gen9vgc2023regulatione","rating":1130,"private":0,"password":""}