{"id":"gen9vgc2023regulatione-1993635628","p1":"Allilain","p2":"Jgare1213","format":"[Gen 9] VGC 2023 Regulation E","log":"|j|\u2606Allilain\n|j|\u2606Jgare1213\n|t:|1700339969\n|gametype|doubles\n|player|p1|Allilain|266|1499\n|player|p2|Jgare1213|101|1492\n|teamsize|p1|6\n|teamsize|p2|6\n|gen|9\n|tier|[Gen 9] VGC 2023 Regulation E\n|rated|\n|rule|Species Clause: Limit one of each Pok\u00e9mon\n|rule|Item Clause: Limit one of each item\n|clearpoke\n|poke|p1|Baxcalibur, L50, F|\n|poke|p1|Dondozo, L50, F|\n|poke|p1|Heatran, L50, F|\n|poke|p1|Roaring Moon, L50|\n|poke|p1|Sinistcha, L50|\n|poke|p1|Ninetales-Alola, L50, F|\n|poke|p2|Rillaboom, L50, F|\n|poke|p2|Sneasler, L50, F|\n|poke|p2|Pelipper, L50, M|\n|poke|p2|Gholdengo, L50|\n|poke|p2|Empoleon, L50, M|\n|poke|p2|Landorus-Therian, L50, M|\n|teampreview|4\n|inactive|Battle timer is ON: inactive players will automatically lose when time's up. (requested by Jgare1213)\n|inactive|Allilain has 60 seconds left.\n|inactive|Jgare1213 has 60 seconds left.\n|\n|t:|1700340022\n|start\n|switch|p1a: Baxcalibur|Baxcalibur, L50, F, shiny|100\/100\n|switch|p1b: \u30d8\u30a4\u30e9\u30c3\u30b7\u30e3|Dondozo, L50, F, shiny|100\/100\n|switch|p2a: Empoleon|Empoleon, L50, M|100\/100\n|switch|p2b: Rillaboom|Rillaboom, L50, F|100\/100\n|-fieldstart|move: Grassy Terrain|[from] ability: Grassy Surge|[of] p2b: Rillaboom\n|turn|1\n|\n|t:|1700340046\n|move|p2b: Rillaboom|Fake Out|p1b: \u30d8\u30a4\u30e9\u30c3\u30b7\u30e3\n|-damage|p1b: \u30d8\u30a4\u30e9\u30c3\u30b7\u30e3|91\/100\n|move|p1a: Baxcalibur|Icicle Crash|p2b: Rillaboom\n|-supereffective|p2b: Rillaboom\n|-damage|p2b: Rillaboom|3\/100\n|move|p2a: Empoleon|Flash Cannon|p1a: Baxcalibur\n|-supereffective|p1a: Baxcalibur\n|-damage|p1a: Baxcalibur|52\/100\n|cant|p1b: \u30d8\u30a4\u30e9\u30c3\u30b7\u30e3|flinch\n|\n|-heal|p1a: Baxcalibur|58\/100|[from] Grassy Terrain\n|-heal|p2b: Rillaboom|9\/100|[from] Grassy Terrain\n|-heal|p1b: \u30d8\u30a4\u30e9\u30c3\u30b7\u30e3|97\/100|[from] Grassy Terrain\n|upkeep\n|turn|2\n|\n|t:|1700340072\n|switch|p2b: Gholdengo|Gholdengo, L50|100\/100\n|move|p1a: Baxcalibur|High Horsepower|p2a: Empoleon\n|-supereffective|p2a: Empoleon\n|-enditem|p2a: Empoleon|Shuca Berry|[eat]\n|-enditem|p2a: Empoleon|Shuca Berry|[weaken]\n|-damage|p2a: Empoleon|56\/100\n|move|p2a: Empoleon|Flash Cannon|p1a: Baxcalibur\n|-supereffective|p1a: Baxcalibur\n|-crit|p1a: Baxcalibur\n|-damage|p1a: Baxcalibur|0 fnt\n|faint|p1a: Baxcalibur\n|move|p1b: \u30d8\u30a4\u30e9\u30c3\u30b7\u30e3|Wave Crash|p2b: Gholdengo\n|-damage|p2b: Gholdengo|59\/100\n|-damage|p1b: \u30d8\u30a4\u30e9\u30c3\u30b7\u30e3|86\/100|[from] Recoil\n|\n|-heal|p2b: Gholdengo|65\/100|[from] Grassy Terrain\n|-heal|p2b: Gholdengo|71\/100|[from] item: Leftovers\n|-heal|p2a: Empoleon|62\/100|[from] Grassy Terrain\n|-heal|p1b: \u30d8\u30a4\u30e9\u30c3\u30b7\u30e3|92\/100|[from] Grassy Terrain\n|upkeep\n|inactive|Allilain has 30 seconds left.\n|\n|t:|1700340098\n|switch|p1a: \u30e4\u30d0\u30bd\u30c1\u30e3|Sinistcha, L50, shiny|100\/100\n|-heal|p1b: \u30d8\u30a4\u30e9\u30c3\u30b7\u30e3|100\/100|[from] ability: Hospitality|[of] p1a: \u30e4\u30d0\u30bd\u30c1\u30e3\n|turn|3\n|\n|t:|1700340119\n|-terastallize|p1a: \u30e4\u30d0\u30bd\u30c1\u30e3|Water\n|move|p2b: Gholdengo|Nasty Plot|p2b: Gholdengo\n|-boost|p2b: Gholdengo|spa|2\n|move|p2a: Empoleon|Grass Knot|p1b: \u30d8\u30a4\u30e9\u30c3\u30b7\u30e3\n|-supereffective|p1b: \u30d8\u30a4\u30e9\u30c3\u30b7\u30e3\n|-damage|p1b: \u30d8\u30a4\u30e9\u30c3\u30b7\u30e3|29\/100\n|-enditem|p1b: \u30d8\u30a4\u30e9\u30c3\u30b7\u30e3|Sitrus Berry|[eat]\n|-heal|p1b: \u30d8\u30a4\u30e9\u30c3\u30b7\u30e3|54\/100|[from] item: Sitrus Berry\n|move|p1a: \u30e4\u30d0\u30bd\u30c1\u30e3|Calm Mind|p1a: \u30e4\u30d0\u30bd\u30c1\u30e3\n|-boost|p1a: \u30e4\u30d0\u30bd\u30c1\u30e3|spa|1\n|-boost|p1a: \u30e4\u30d0\u30bd\u30c1\u30e3|spd|1\n|move|p1b: \u30d8\u30a4\u30e9\u30c3\u30b7\u30e3|Wave Crash|p2b: Gholdengo\n|-damage|p2b: Gholdengo|31\/100\n|-damage|p1b: \u30d8\u30a4\u30e9\u30c3\u30b7\u30e3|43\/100|[from] Recoil\n|\n|-heal|p2b: Gholdengo|37\/100|[from] Grassy Terrain\n|-heal|p2b: Gholdengo|43\/100|[from] item: Leftovers\n|-heal|p2a: Empoleon|68\/100|[from] Grassy Terrain\n|-heal|p1b: \u30d8\u30a4\u30e9\u30c3\u30b7\u30e3|49\/100|[from] Grassy Terrain\n|upkeep\n|turn|4\n|\n|t:|1700340141\n|move|p1b: \u30d8\u30a4\u30e9\u30c3\u30b7\u30e3|Protect|p1b: \u30d8\u30a4\u30e9\u30c3\u30b7\u30e3\n|-singleturn|p1b: \u30d8\u30a4\u30e9\u30c3\u30b7\u30e3|Protect\n|move|p2b: Gholdengo|Shadow Ball|p1a: \u30e4\u30d0\u30bd\u30c1\u30e3\n|-damage|p1a: \u30e4\u30d0\u30bd\u30c1\u30e3|53\/100\n|move|p2a: Empoleon|Grass Knot|p1b: \u30d8\u30a4\u30e9\u30c3\u30b7\u30e3\n|-activate|p1b: \u30d8\u30a4\u30e9\u30c3\u30b7\u30e3|move: Protect\n|move|p1a: \u30e4\u30d0\u30bd\u30c1\u30e3|Matcha Gotcha|p2a: Empoleon|[spread] p2a,p2b\n|-resisted|p2b: Gholdengo\n|-crit|p2b: Gholdengo\n|-damage|p2a: Empoleon|18\/100\n|-heal|p1a: \u30e4\u30d0\u30bd\u30c1\u30e3|78\/100|[from] drain|[of] p2a: Empoleon\n|-damage|p2b: Gholdengo|3\/100\n|-heal|p1a: \u30e4\u30d0\u30bd\u30c1\u30e3|99\/100|[from] drain|[of] p2b: Gholdengo\n|-status|p2a: Empoleon|brn\n|\n|-heal|p2b: Gholdengo|9\/100|[from] Grassy Terrain\n|-heal|p2b: Gholdengo|15\/100|[from] item: Leftovers\n|-heal|p2a: Empoleon|24\/100 brn|[from] Grassy Terrain\n|-heal|p1a: \u30e4\u30d0\u30bd\u30c1\u30e3|100\/100|[from] Grassy Terrain\n|-heal|p1b: \u30d8\u30a4\u30e9\u30c3\u30b7\u30e3|56\/100|[from] Grassy Terrain\n|-damage|p2a: Empoleon|18\/100 brn|[from] brn\n|upkeep\n|turn|5\n|inactive|Allilain has 30 seconds left.\n|inactive|Jgare1213 has 30 seconds left.\n|inactive|Allilain has 20 seconds left.\n|inactive|Jgare1213 has 20 seconds left.\n|inactive|Jgare1213 has 15 seconds left.\n|\n|t:|1700340182\n|switch|p1b: Ninetales|Ninetales-Alola, L50, F|100\/100\n|-weather|Snow|[from] ability: Snow Warning|[of] p1b: Ninetales\n|move|p2b: Gholdengo|Make It Rain|p1b: Ninetales|[spread] p1a,p1b\n|-resisted|p1a: \u30e4\u30d0\u30bd\u30c1\u30e3\n|-supereffective|p1b: Ninetales\n|-damage|p1a: \u30e4\u30d0\u30bd\u30c1\u30e3|70\/100\n|-damage|p1b: Ninetales|0 fnt\n|-unboost|p2b: Gholdengo|spa|1\n|faint|p1b: Ninetales\n|move|p2a: Empoleon|Grass Knot|p1a: \u30e4\u30d0\u30bd\u30c1\u30e3\n|-supereffective|p1a: \u30e4\u30d0\u30bd\u30c1\u30e3\n|-damage|p1a: \u30e4\u30d0\u30bd\u30c1\u30e3|59\/100\n|-damage|p2a: Empoleon|2\/100 brn|[from] item: Rocky Helmet|[of] p1a: \u30e4\u30d0\u30bd\u30c1\u30e3\n|move|p1a: \u30e4\u30d0\u30bd\u30c1\u30e3|Matcha Gotcha|p2b: Gholdengo|[spread] p2a,p2b\n|-resisted|p2b: Gholdengo\n|-damage|p2a: Empoleon|0 fnt\n|-heal|p1a: \u30e4\u30d0\u30bd\u30c1\u30e3|59\/100|[from] drain|[of] p2a: Empoleon\n|-damage|p2b: Gholdengo|0 fnt\n|-heal|p1a: \u30e4\u30d0\u30bd\u30c1\u30e3|67\/100|[from] drain|[of] p2b: Gholdengo\n|faint|p2a: Empoleon\n|faint|p2b: Gholdengo\n|\n|-weather|Snow|[upkeep]\n|-heal|p1a: \u30e4\u30d0\u30bd\u30c1\u30e3|74\/100|[from] Grassy Terrain\n|-fieldend|move: Grassy Terrain\n|upkeep\n|\n|t:|1700340205\n|switch|p1b: \u30d8\u30a4\u30e9\u30c3\u30b7\u30e3|Dondozo, L50, F, shiny|56\/100\n|switch|p2b: Sneasler|Sneasler, L50, F|100\/100\n|switch|p2a: Rillaboom|Rillaboom, L50, F|9\/100\n|-fieldstart|move: Grassy Terrain|[from] ability: Grassy Surge|[of] p2a: Rillaboom\n|-enditem|p2b: Sneasler|Grassy Seed\n|-boost|p2b: Sneasler|def|1|[from] item: Grassy Seed\n|turn|6\n|inactive|Jgare1213 has 30 seconds left.\n|inactive|Jgare1213 has 20 seconds left.\n|inactive|Jgare1213 has 15 seconds left.\n|inactive|Jgare1213 has 10 seconds left.\n|inactive|Jgare1213 has 5 seconds left.\n|\n|t:|1700340260\n|move|p1a: \u30e4\u30d0\u30bd\u30c1\u30e3|Protect|p1a: \u30e4\u30d0\u30bd\u30c1\u30e3\n|-singleturn|p1a: \u30e4\u30d0\u30bd\u30c1\u30e3|Protect\n|move|p2b: Sneasler|Acrobatics|p1b: \u30d8\u30a4\u30e9\u30c3\u30b7\u30e3\n|-damage|p1b: \u30d8\u30a4\u30e9\u30c3\u30b7\u30e3|33\/100\n|move|p2a: Rillaboom|Wood Hammer|p1a: \u30e4\u30d0\u30bd\u30c1\u30e3\n|-activate|p1a: \u30e4\u30d0\u30bd\u30c1\u30e3|move: Protect\n|move|p1b: \u30d8\u30a4\u30e9\u30c3\u30b7\u30e3|Wave Crash|p2a: Rillaboom\n|-resisted|p2a: Rillaboom\n|-damage|p2a: Rillaboom|0 fnt\n|faint|p2a: Rillaboom\n|-damage|p1b: \u30d8\u30a4\u30e9\u30c3\u30b7\u30e3|30\/100|[from] Recoil\n|\n|-weather|Snow|[upkeep]\n|-heal|p1a: \u30e4\u30d0\u30bd\u30c1\u30e3|80\/100|[from] Grassy Terrain\n|-heal|p1b: \u30d8\u30a4\u30e9\u30c3\u30b7\u30e3|37\/100|[from] Grassy Terrain\n|upkeep\n|turn|7\n|inactive|Jgare1213 has 30 seconds left.\n|\n|t:|1700340287\n|move|p2b: Sneasler|Swords Dance|p2b: Sneasler\n|-boost|p2b: Sneasler|atk|2\n|move|p1a: \u30e4\u30d0\u30bd\u30c1\u30e3|Matcha Gotcha|p2b: Sneasler\n|-resisted|p2b: Sneasler\n|-damage|p2b: Sneasler|53\/100\n|-heal|p1a: \u30e4\u30d0\u30bd\u30c1\u30e3|100\/100|[from] drain|[of] p2b: Sneasler\n|move|p1b: \u30d8\u30a4\u30e9\u30c3\u30b7\u30e3|Yawn|p2b: Sneasler\n|-start|p2b: Sneasler|move: Yawn|[of] p1b: \u30d8\u30a4\u30e9\u30c3\u30b7\u30e3\n|\n|-weather|Snow|[upkeep]\n|-heal|p2b: Sneasler|59\/100|[from] Grassy Terrain\n|-heal|p1b: \u30d8\u30a4\u30e9\u30c3\u30b7\u30e3|43\/100|[from] Grassy Terrain\n|upkeep\n|turn|8\n|\n|t:|1700340303\n|move|p1a: \u30e4\u30d0\u30bd\u30c1\u30e3|Protect|p1a: \u30e4\u30d0\u30bd\u30c1\u30e3\n|-singleturn|p1a: \u30e4\u30d0\u30bd\u30c1\u30e3|Protect\n|move|p1b: \u30d8\u30a4\u30e9\u30c3\u30b7\u30e3|Protect|p1b: \u30d8\u30a4\u30e9\u30c3\u30b7\u30e3\n|-singleturn|p1b: \u30d8\u30a4\u30e9\u30c3\u30b7\u30e3|Protect\n|move|p2b: Sneasler|Close Combat|p1a: \u30e4\u30d0\u30bd\u30c1\u30e3\n|-activate|p1a: \u30e4\u30d0\u30bd\u30c1\u30e3|move: Protect\n|\n|-weather|Snow|[upkeep]\n|-heal|p2b: Sneasler|65\/100|[from] Grassy Terrain\n|-heal|p1b: \u30d8\u30a4\u30e9\u30c3\u30b7\u30e3|49\/100|[from] Grassy Terrain\n|-end|p2b: Sneasler|move: Yawn|[silent]\n|-status|p2b: Sneasler|slp\n|upkeep\n|turn|9\n|\n|t:|1700340319\n|cant|p2b: Sneasler|slp\n|move|p1a: \u30e4\u30d0\u30bd\u30c1\u30e3|Matcha Gotcha|p2b: Sneasler\n|-resisted|p2b: Sneasler\n|-damage|p2b: Sneasler|15\/100 slp\n|move|p1b: \u30d8\u30a4\u30e9\u30c3\u30b7\u30e3|Wave Crash|p2b: Sneasler\n|-damage|p2b: Sneasler|0 fnt\n|faint|p2b: Sneasler\n|-damage|p1b: \u30d8\u30a4\u30e9\u30c3\u30b7\u30e3|46\/100|[from] Recoil\n|\n|win|Allilain\n|raw|Allilain's rating: 1499 &rarr; <strong>1519<\/strong><br \/>(+20 for winning)\n|raw|Jgare1213's rating: 1492 &rarr; <strong>1472<\/strong><br \/>(-20 for losing)\n|l|\u2606Jgare1213\n","uploadtime":1700340332,"views":10,"p1id":"allilain","p2id":"jgare1213","formatid":"gen9vgc2023regulatione","rating":1472,"private":0,"password":""}