{"id":"gen9vgc2023regulatione-1998646452","p1":"newalttotestteams","p2":"grecnarl","format":"[Gen 9] VGC 2023 Regulation E","log":"|j|\u2606newalttotestteams\n|j|\u2606grecnarl\n|t:|1700967127\n|gametype|doubles\n|player|p1|newalttotestteams|n|1588\n|player|p2|grecnarl|clair|1670\n|teamsize|p1|6\n|teamsize|p2|6\n|gen|9\n|tier|[Gen 9] VGC 2023 Regulation E\n|rated|\n|rule|Species Clause: Limit one of each Pok\u00e9mon\n|rule|Item Clause: Limit one of each item\n|clearpoke\n|poke|p1|Scizor, L50, F|\n|poke|p1|Heatran, L50, F|\n|poke|p1|Zapdos-Galar, L50|\n|poke|p1|Farigiraf, L50, M|\n|poke|p1|Rillaboom, L50, M|\n|poke|p1|Regieleki, L50|\n|poke|p2|Annihilape, L50, F|\n|poke|p2|Ogerpon-Wellspring, L50, F|\n|poke|p2|Tornadus, L50, M|\n|poke|p2|Landorus-Therian, L50, M|\n|poke|p2|Chien-Pao, L50|\n|poke|p2|Indeedee-F, L50, F|\n|teampreview|4\nnewalttotestteams has agreed to open team sheets.\ngrecnarl has agreed to open team sheets.\n|j| NEO004\n|\n|t:|1700967185\n|start\n|switch|p1a: Regieleki|Regieleki, L50|100\/100\n|switch|p1b: Zapdos|Zapdos-Galar, L50|100\/100\n|switch|p2a: Indeedee|Indeedee-F, L50, F|100\/100\n|switch|p2b: Landorus|Landorus-Therian, L50, M|100\/100\n|-ability|p2b: Landorus|Intimidate|boost\n|-unboost|p1a: Regieleki|atk|1\n|-unboost|p1b: Zapdos|atk|1\n|-ability|p1b: Zapdos|Defiant|boost\n|-boost|p1b: Zapdos|atk|2\n|-fieldstart|move: Psychic Terrain|[from] ability: Psychic Surge|[of] p2a: Indeedee\n|turn|1\n|inactive|Battle timer is ON: inactive players will automatically lose when time's up. (requested by newalttotestteams)\n|\n|t:|1700967215\n|-terastallize|p2a: Indeedee|Fairy\n|move|p1a: Regieleki|Volt Switch|p2a: Indeedee\n|-damage|p2a: Indeedee|58\/100\n|\n|t:|1700967222\n|switch|p1a: Rillaboom|Rillaboom, L50, M|100\/100|[from] Volt Switch\n|-fieldstart|move: Grassy Terrain|[from] ability: Grassy Surge|[of] p1a: Rillaboom\n|move|p1b: Zapdos|Brave Bird|p2a: Indeedee\n|-damage|p2a: Indeedee|0 fnt\n|-damage|p1b: Zapdos|84\/100|[from] item: Rocky Helmet|[of] p2a: Indeedee\n|faint|p2a: Indeedee\n|-damage|p1b: Zapdos|64\/100|[from] Recoil\n|move|p2b: Landorus|Rock Tomb|p1a: Rillaboom\n|-damage|p1a: Rillaboom|80\/100\n|-unboost|p1a: Rillaboom|spe|1\n|\n|-heal|p1a: Rillaboom|86\/100|[from] Grassy Terrain\n|upkeep\n|\n|t:|1700967236\n|switch|p2a: Chien-Pao|Chien-Pao, L50|100\/100\n|-ability|p2a: Chien-Pao|Sword of Ruin\n|turn|2\n|\n|t:|1700967250\n|move|p2a: Chien-Pao|Protect|p2a: Chien-Pao\n|-singleturn|p2a: Chien-Pao|Protect\n|move|p1a: Rillaboom|Fake Out|p2a: Chien-Pao\n|-activate|p2a: Chien-Pao|move: Protect\n|move|p1b: Zapdos|Brave Bird|p2b: Landorus\n|-damage|p2b: Landorus|0 fnt\n|faint|p2b: Landorus\n|-damage|p1b: Zapdos|26\/100|[from] Recoil\n|\n|-heal|p1a: Rillaboom|92\/100|[from] Grassy Terrain\n|upkeep\n|\n|t:|1700967260\n|switch|p2b: Annihilape|Annihilape, L50, F|100\/100\n|turn|3\n|\n|t:|1700967267\n|move|p2a: Chien-Pao|Sucker Punch|p1b: Zapdos\n|-resisted|p1b: Zapdos\n|-damage|p1b: Zapdos|0 fnt\n|faint|p1b: Zapdos\n|move|p1a: Rillaboom|Grassy Glide|p2a: Chien-Pao\n|-damage|p2a: Chien-Pao|36\/100\n|move|p2b: Annihilape|Bulk Up|p2b: Annihilape\n|-boost|p2b: Annihilape|atk|1\n|-boost|p2b: Annihilape|def|1\n|\n|-heal|p2a: Chien-Pao|42\/100|[from] Grassy Terrain\n|-heal|p1a: Rillaboom|98\/100|[from] Grassy Terrain\n|upkeep\n|\n|t:|1700967279\n|switch|p1b: Scizor|Scizor, L50, F|100\/100\n|turn|4\n|j| hdwyzdmszrj\n|l| hdwyzdmszrj\n|j| LapanArama\n|inactive|grecnarl has 30 seconds left.\n|inactive|grecnarl has 20 seconds left.\n|\n|t:|1700967319\n|-terastallize|p1a: Rillaboom|Water\n|move|p2a: Chien-Pao|Protect|p2a: Chien-Pao\n|-singleturn|p2a: Chien-Pao|Protect\n|move|p2b: Annihilape|Rage Fist|p1b: Scizor\n|-damage|p1b: Scizor|54\/100\n|move|p1b: Scizor|Dual Wingbeat|p2b: Annihilape\n|-supereffective|p2b: Annihilape\n|-damage|p2b: Annihilape|64\/100\n|-supereffective|p2b: Annihilape\n|-damage|p2b: Annihilape|25\/100\n|-hitcount|p2b: Annihilape|2\n|move|p1a: Rillaboom|Wood Hammer|p2b: Annihilape\n|-damage|p2b: Annihilape|0 fnt\n|faint|p2b: Annihilape\n|-damage|p1a: Rillaboom|89\/100|[from] Recoil\n|\n|-heal|p2a: Chien-Pao|48\/100|[from] Grassy Terrain\n|-heal|p1b: Scizor|60\/100|[from] Grassy Terrain\n|-heal|p1a: Rillaboom|95\/100|[from] Grassy Terrain\n|upkeep\n|turn|5\n|j| Dioxide8\n|\n|t:|1700967333\n|move|p1b: Scizor|Bullet Punch|p2a: Chien-Pao\n|-supereffective|p2a: Chien-Pao\n|-damage|p2a: Chien-Pao|0 fnt\n|faint|p2a: Chien-Pao\n|\n|win|newalttotestteams\n|raw|newalttotestteams's rating: 1588 &rarr; <strong>1613<\/strong><br \/>(+25 for winning)\n|raw|grecnarl's rating: 1670 &rarr; <strong>1645<\/strong><br \/>(-25 for losing)\n|c|\u2606newalttotestteams|ggs\n|c|\u2606grecnarl|gg\n","uploadtime":1700967392,"views":18,"p1id":"newalttotestteams","p2id":"grecnarl","formatid":"gen9vgc2023regulatione","rating":1613,"private":0,"password":""}