{"id":"gen9vgc2023regulatione-1995095727","p1":"1 Time cp","p2":"Rieken","format":"[Gen 9] VGC 2023 Regulation E","log":"|j|\u26061 Time cp\n|j|\u2606Rieken\n|t:|1700522054\n|gametype|doubles\n|player|p1|1 Time cp|lucas|1136\n|player|p2|Rieken|waiter|1228\n|teamsize|p1|6\n|teamsize|p2|6\n|gen|9\n|tier|[Gen 9] VGC 2023 Regulation E\n|rated|\n|rule|Species Clause: Limit one of each Pok\u00e9mon\n|rule|Item Clause: Limit one of each item\n|clearpoke\n|poke|p1|Enamorus, L50, F|\n|poke|p1|Passimian, L50, F|\n|poke|p1|Dugtrio-Alola, L50, F|\n|poke|p1|Tornadus, L50, M|\n|poke|p1|Farigiraf, L50, F|\n|poke|p1|Rillaboom, L50, F|\n|poke|p2|Zoroark-Hisui, L50, F|\n|poke|p2|Annihilape, L50, M|\n|poke|p2|Maushold-Four, L50|\n|poke|p2|Heatran, L50, F|\n|poke|p2|Iron Hands, L50|\n|poke|p2|Arcanine-Hisui, L50, M|\n|teampreview|4\nRieken has agreed to open team sheets.\n1 Time cp rejected open team sheets.\n|inactive|Battle timer is ON: inactive players will automatically lose when time's up. (requested by 1 Time cp)\n|inactive|Rieken has 60 seconds left.\n|\n|t:|1700522135\n|start\n|switch|p1a: Enamorus|Enamorus, L50, F|100\/100\n|switch|p1b: Passimian|Passimian, L50, F|100\/100\n|switch|p2a: Annihilape|Annihilape, L50, M|100\/100\n|switch|p2b: Arcanine|Arcanine-Hisui, L50, M|100\/100\n|-ability|p2b: Arcanine|Intimidate|boost\n|-boost|p1a: Enamorus|atk|1\n|-unboost|p1b: Passimian|atk|1\n|turn|1\n|inactive|1 Time cp has 30 seconds left.\n|\n|t:|1700522162\n|move|p2a: Annihilape|Protect|p2a: Annihilape\n|-singleturn|p2a: Annihilape|Protect\n|move|p2b: Arcanine|Protect|p2b: Arcanine\n|-singleturn|p2b: Arcanine|Protect\n|move|p1b: Passimian|Protect|p1b: Passimian\n|-singleturn|p1b: Passimian|Protect\n|move|p1a: Enamorus|Misty Explosion|p2b: Arcanine|[spread] \n|-activate|p1b: Passimian|move: Protect\n|-activate|p2a: Annihilape|move: Protect\n|-activate|p2b: Arcanine|move: Protect\n|faint|p1a: Enamorus\n|-ability|p1b: Passimian|Contrary|[from] ability: Receiver|[of] p1a: Enamorus\n|\n|upkeep\n|\n|t:|1700522179\n|switch|p1a: Dugtrio|Dugtrio-Alola, L50, F|100\/100\n|turn|2\n|\n|t:|1700522199\n|switch|p2b: Maushold|Maushold-Four, L50|100\/100\n|-terastallize|p1b: Passimian|Fire\n|move|p1a: Dugtrio|Charm|p1b: Passimian\n|-boost|p1b: Passimian|atk|2\n|move|p2a: Annihilape|Bulk Up|p2a: Annihilape\n|-boost|p2a: Annihilape|atk|1\n|-boost|p2a: Annihilape|def|1\n|move|p1b: Passimian|Close Combat|p2b: Maushold\n|-supereffective|p2b: Maushold\n|-damage|p2b: Maushold|0 fnt\n|-boost|p1b: Passimian|def|1\n|-boost|p1b: Passimian|spd|1\n|faint|p2b: Maushold\n|\n|upkeep\n|\n|t:|1700522214\n|switch|p2b: Iron Hands|Iron Hands, L50|100\/100\n|-enditem|p2b: Iron Hands|Booster Energy\n|-activate|p2b: Iron Hands|ability: Quark Drive|[fromitem]\n|-start|p2b: Iron Hands|quarkdriveatk\n|turn|3\n|\n|t:|1700522226\n|move|p1b: Passimian|Protect|p1b: Passimian\n|-singleturn|p1b: Passimian|Protect\n|move|p1a: Dugtrio|Charm|p2b: Iron Hands\n|-unboost|p2b: Iron Hands|atk|2\n|move|p2a: Annihilape|Drain Punch|p1b: Passimian\n|-activate|p1b: Passimian|move: Protect\n|move|p2b: Iron Hands|Drain Punch|p1a: Dugtrio\n|-supereffective|p1a: Dugtrio\n|-damage|p1a: Dugtrio|3\/100\n|-ability|p1a: Dugtrio|Tangling Hair\n|-unboost|p2b: Iron Hands|spe|1\n|\n|upkeep\n|turn|4\n|\n|t:|1700522242\n|move|p1a: Dugtrio|Charm|p1b: Passimian\n|-boost|p1b: Passimian|atk|2\n|move|p2a: Annihilape|Drain Punch|p1b: Passimian\n|-damage|p1b: Passimian|68\/100\n|move|p1b: Passimian|Close Combat|p2b: Iron Hands\n|-damage|p2b: Iron Hands|20\/100\n|-boost|p1b: Passimian|def|1\n|-boost|p1b: Passimian|spd|1\n|move|p2b: Iron Hands|Drain Punch|p1a: Dugtrio\n|-supereffective|p1a: Dugtrio\n|-damage|p1a: Dugtrio|0 fnt\n|-heal|p2b: Iron Hands|20\/100|[from] drain|[of] p1a: Dugtrio\n|-ability|p1a: Dugtrio|Tangling Hair\n|-unboost|p2b: Iron Hands|spe|1\n|faint|p1a: Dugtrio\n|\n|-heal|p1b: Passimian|74\/100|[from] item: Leftovers\n|upkeep\n|\n|t:|1700522260\n|switch|p1a: Tornadus|Tornadus, L50, M|100\/100\n|turn|5\n|inactive|1 Time cp has 30 seconds left.\n|\n|t:|1700522287\n|move|p1a: Tornadus|Bleakwind Storm|p2a: Annihilape|[spread] p2a\n|-miss|p1a: Tornadus|p2b: Iron Hands\n|-supereffective|p2a: Annihilape\n|-damage|p2a: Annihilape|43\/100\n|move|p2a: Annihilape|Rage Fist|p1a: Tornadus\n|-damage|p1a: Tornadus|2\/100\n|move|p1b: Passimian|Close Combat|p2b: Iron Hands\n|-damage|p2b: Iron Hands|0 fnt\n|-boost|p1b: Passimian|def|1\n|-boost|p1b: Passimian|spd|1\n|faint|p2b: Iron Hands\n|-end|p2b: Iron Hands|Quark Drive|[silent]\n|\n|-heal|p2a: Annihilape|49\/100|[from] item: Leftovers\n|-heal|p1b: Passimian|80\/100|[from] item: Leftovers\n|upkeep\n|\n|t:|1700522297\n|switch|p2b: Arcanine|Arcanine-Hisui, L50, M|100\/100\n|-ability|p2b: Arcanine|Intimidate|boost\n|-unboost|p1a: Tornadus|atk|1\n|-boost|p1b: Passimian|atk|1\n|turn|6\n|\n|t:|1700522316\n|-terastallize|p2a: Annihilape|Water\n|move|p1a: Tornadus|Protect|p1a: Tornadus\n|-singleturn|p1a: Tornadus|Protect\n|move|p2a: Annihilape|Drain Punch|p1b: Passimian\n|-damage|p1b: Passimian|61\/100\n|-heal|p2a: Annihilape|58\/100|[from] drain|[of] p1b: Passimian\n|move|p2b: Arcanine|Rock Slide|p1b: Passimian|[spread] p1b\n|-activate|p1a: Tornadus|move: Protect\n|-supereffective|p1b: Passimian\n|-damage|p1b: Passimian|41\/100\n|move|p1b: Passimian|Close Combat|p2b: Arcanine\n|-supereffective|p2b: Arcanine\n|-damage|p2b: Arcanine|0 fnt\n|-boost|p1b: Passimian|def|1\n|-boost|p1b: Passimian|spd|1\n|faint|p2b: Arcanine\n|\n|-heal|p2a: Annihilape|65\/100|[from] item: Leftovers\n|-heal|p1b: Passimian|48\/100|[from] item: Leftovers\n|upkeep\n|turn|7\n|inactive|1 Time cp has 30 seconds left.\n|\n|t:|1700522349\n|move|p2a: Annihilape|Protect|p2a: Annihilape\n|-singleturn|p2a: Annihilape|Protect\n|move|p1a: Tornadus|Scary Face|p1b: Passimian\n|-boost|p1b: Passimian|spe|2\n|move|p1b: Passimian|Close Combat|p2a: Annihilape\n|-activate|p2a: Annihilape|move: Protect\n|\n|-heal|p1b: Passimian|54\/100|[from] item: Leftovers\n|-heal|p2a: Annihilape|71\/100|[from] item: Leftovers\n|upkeep\n|turn|8\n|\n|t:|1700522363\n|move|p1b: Passimian|Close Combat|p2a: Annihilape\n|-damage|p2a: Annihilape|0 fnt\n|-boost|p1b: Passimian|def|1\n|-boost|p1b: Passimian|spd|1\n|faint|p2a: Annihilape\n|\n|win|1 Time cp\n|raw|1 Time cp's rating: 1136 &rarr; <strong>1167<\/strong><br \/>(+31 for winning)\n|raw|Rieken's rating: 1228 &rarr; <strong>1197<\/strong><br \/>(-31 for losing)\n|l|\u2606Rieken\n","uploadtime":1700522371,"views":23,"p1id":"1timecp","p2id":"rieken","formatid":"gen9vgc2023regulatione","rating":1167,"private":0,"password":""}