{"id":"gen9vgc2023regulatione-1990355089","p1":"Gyro tul","p2":"TobiVGC","format":"[Gen 9] VGC 2023 Regulation E","log":"|j|\u2606Gyro tul\n|j|\u2606TobiVGC\n|t:|1699961306\n|gametype|doubles\n|player|p1|Gyro tul|hilbert|1123\n|player|p2|TobiVGC|101|1000\n|teamsize|p1|6\n|teamsize|p2|6\n|gen|9\n|tier|[Gen 9] VGC 2023 Regulation E\n|rated|\n|rule|Species Clause: Limit one of each Pok\u00e9mon\n|rule|Item Clause: Limit one of each item\n|clearpoke\n|poke|p1|Iron Hands, L50|\n|poke|p1|Arcanine-Hisui, L50, M|\n|poke|p1|Urshifu-*, L50, M|\n|poke|p1|Ogerpon-Cornerstone, L50, F|\n|poke|p1|Flutter Mane, L50|\n|poke|p1|Bisharp, L50, M|\n|poke|p2|Rabsca, L50, F|\n|poke|p2|Golem-Alola, L50, F|\n|poke|p2|Pawmot, L50, F|\n|poke|p2|Dragonite, L50, F|\n|poke|p2|Chien-Pao, L50|\n|poke|p2|Flutter Mane, L50|\n|teampreview|4\n|inactive|Battle timer is ON: inactive players will automatically lose when time's up. (requested by Gyro tul)\n|\n|t:|1699961320\n|start\n|switch|p1a: Iron Hands|Iron Hands, L50|100\/100\n|switch|p1b: Arcanine|Arcanine-Hisui, L50, M|100\/100\n|switch|p2a: Pawmot|Pawmot, L50, F|100\/100\n|switch|p2b: WayTo144Jumgfrauen|Golem-Alola, L50, F, shiny|100\/100\n|-ability|p1b: Arcanine|Intimidate|boost\n|-unboost|p2a: Pawmot|atk|1\n|-unboost|p2b: WayTo144Jumgfrauen|atk|1\n|turn|1\n|\n|t:|1699961339\n|-terastallize|p1b: Arcanine|Fairy\n|-terastallize|p2b: WayTo144Jumgfrauen|Electric\n|move|p2a: Pawmot|Fake Out|p1a: Iron Hands\n|-damage|p1a: Iron Hands|94\/100\n|cant|p1a: Iron Hands|flinch\n|move|p1b: Arcanine|Extreme Speed|p2a: Pawmot\n|-damage|p2a: Pawmot|37\/100\n|move|p2b: WayTo144Jumgfrauen|Explosion|p1a: Iron Hands|[spread] p1a,p1b\n|-heal|p2a: Pawmot|62\/100|[from] ability: Volt Absorb|[of] p2b: WayTo144Jumgfrauen\n|-resisted|p1a: Iron Hands\n|-damage|p1a: Iron Hands|57\/100\n|-damage|p1b: Arcanine|0 fnt\n|faint|p2b: WayTo144Jumgfrauen\n|faint|p1b: Arcanine\n|\n|upkeep\n|\n|t:|1699961359\n|switch|p1b: Flutter Mane|Flutter Mane, L50|100\/100\n|switch|p2b: Chien-Pao|Chien-Pao, L50|100\/100\n|-ability|p2b: Chien-Pao|Sword of Ruin\n|-enditem|p1b: Flutter Mane|Booster Energy\n|-activate|p1b: Flutter Mane|ability: Protosynthesis|[fromitem]\n|-start|p1b: Flutter Mane|protosynthesisspe\n|turn|2\n|c|\u2606Gyro tul|Well that genius\n|\n|t:|1699961381\n|move|p2b: Chien-Pao|Sucker Punch|p1b: Flutter Mane\n|-damage|p1b: Flutter Mane|0 fnt\n|faint|p1b: Flutter Mane\n|-end|p1b: Flutter Mane|Protosynthesis|[silent]\n|-damage|p2b: Chien-Pao|91\/100|[from] item: Life Orb\n|move|p2a: Pawmot|Revival Blessing|p2a: Pawmot\n|\n|t:|1699961387\n|-heal|p2: WayTo144Jumgfrauen|50\/100|[from] move: Revival Blessing\n|move|p1a: Iron Hands|Drain Punch|p2b: Chien-Pao\n|-supereffective|p2b: Chien-Pao\n|-damage|p2b: Chien-Pao|0 fnt\n|-heal|p1a: Iron Hands|87\/100|[from] drain|[of] p2b: Chien-Pao\n|faint|p2b: Chien-Pao\n|\n|upkeep\n|\n|t:|1699961395\n|switch|p2b: WayTo144Jumgfrauen|Golem-Alola, L50, F, shiny|50\/100\n|switch|p1b: Bisharp|Bisharp, L50, M|100\/100\n|turn|3\n|\n|t:|1699961410\n|move|p2a: Pawmot|Helping Hand|p2b: WayTo144Jumgfrauen\n|-singleturn|p2b: WayTo144Jumgfrauen|Helping Hand|[of] p2a: Pawmot\n|move|p1b: Bisharp|Sucker Punch||[still]\n|-fail|p1b: Bisharp\n|move|p1a: Iron Hands|Drain Punch|p2a: Pawmot\n|-damage|p2a: Pawmot|0 fnt\n|-heal|p1a: Iron Hands|100\/100|[from] drain|[of] p2a: Pawmot\n|faint|p2a: Pawmot\n|move|p2b: WayTo144Jumgfrauen|Explosion|p1b: Bisharp|[spread] p1a,p1b\n|-resisted|p1a: Iron Hands\n|-damage|p1a: Iron Hands|33\/100\n|-damage|p1b: Bisharp|0 fnt\n|faint|p2b: WayTo144Jumgfrauen\n|faint|p1b: Bisharp\n|\n|upkeep\n|\n|t:|1699961423\n|switch|p2b: Rabsca|Rabsca, L50, F|100\/100\n|turn|4\n|\n|t:|1699961431\n|move|p1a: Iron Hands|Wild Charge|p2b: Rabsca\n|-damage|p2b: Rabsca|58\/100\n|-damage|p1a: Iron Hands|25\/100|[from] Recoil\n|move|p2b: Rabsca|Revival Blessing|p2b: Rabsca\n|\n|t:|1699961436\n|-heal|p2: WayTo144Jumgfrauen|50\/100|[from] move: Revival Blessing\n|\n|upkeep\n|\n|t:|1699961439\n|switch|p2a: WayTo144Jumgfrauen|Golem-Alola, L50, F, shiny|50\/100\n|turn|5\n|\n|t:|1699961447\n|move|p1a: Iron Hands|Drain Punch|p2a: WayTo144Jumgfrauen\n|-supereffective|p2a: WayTo144Jumgfrauen\n|-damage|p2a: WayTo144Jumgfrauen|0 fnt\n|-heal|p1a: Iron Hands|44\/100|[from] drain|[of] p2a: WayTo144Jumgfrauen\n|faint|p2a: WayTo144Jumgfrauen\n|move|p2b: Rabsca|Psychic Terrain|p2b: Rabsca\n|-fieldstart|move: Psychic Terrain\n|\n|upkeep\n|turn|6\n|\n|t:|1699961459\n|move|p1a: Iron Hands|Heavy Slam|p2b: Rabsca\n|-damage|p2b: Rabsca|20\/100\n|-enditem|p2b: Rabsca|Sitrus Berry|[eat]\n|-heal|p2b: Rabsca|44\/100|[from] item: Sitrus Berry\n|move|p2b: Rabsca|Psychic|p1a: Iron Hands\n|-supereffective|p1a: Iron Hands\n|-crit|p1a: Iron Hands\n|-damage|p1a: Iron Hands|0 fnt\n|faint|p1a: Iron Hands\n|-end|p1a: Iron Hands|Quark Drive|[silent]\n|\n|win|TobiVGC\n|raw|Gyro tul's rating: 1123 &rarr; <strong>1090<\/strong><br \/>(-33 for losing)\n|raw|TobiVGC's rating: 1000 &rarr; <strong>1054<\/strong><br \/>(+54 for winning)\n|l|\u2606Gyro tul\n","uploadtime":1699961472,"views":12,"p1id":"gyrotul","p2id":"tobivgc","formatid":"gen9vgc2023regulatione","rating":1054,"private":0,"password":""}