{"id":"gen9vgc2023regulatione-1996463311","p1":"Fizzayyy","p2":"horyzon434","format":"[Gen 9] VGC 2023 Regulation E","log":"|j|\u2606Fizzayyy\n|j|\u2606horyzon434\n|t:|1700684454\n|gametype|doubles\n|player|p1|Fizzayyy|2|1293\n|player|p2|horyzon434|101|1379\n|teamsize|p1|6\n|teamsize|p2|6\n|gen|9\n|tier|[Gen 9] VGC 2023 Regulation E\n|rated|\n|rule|Species Clause: Limit one of each Pok\u00e9mon\n|rule|Item Clause: Limit one of each item\n|clearpoke\n|poke|p1|Urshifu-*, L50, M|\n|poke|p1|Tornadus, L50, M|\n|poke|p1|Chien-Pao, L50|\n|poke|p1|Iron Hands, L50|\n|poke|p1|Dragonite, L50, F|\n|poke|p1|Flutter Mane, L50|\n|poke|p2|Ogerpon-Hearthflame, L50, F|\n|poke|p2|Tornadus, L50, M|\n|poke|p2|Kingambit, L50, F|\n|poke|p2|Flutter Mane, L50|\n|poke|p2|Landorus-Therian, L50, M|\n|poke|p2|Urshifu-*, L50, M|\n|teampreview|4\n|\n|t:|1700684494\n|start\n|switch|p1a: Tornadus|Tornadus, L50, M|100\/100\n|switch|p1b: Dragonite|Dragonite, L50, F, shiny|100\/100\n|switch|p2a: Tornadus|Tornadus, L50, M|100\/100\n|switch|p2b: Kingambit|Kingambit, L50, F|100\/100\n|turn|1\n|\n|t:|1700684518\n|move|p1a: Tornadus|Tailwind|p1a: Tornadus\n|-sidestart|p1: Fizzayyy|move: Tailwind\n|move|p2a: Tornadus|Tailwind|p2a: Tornadus\n|-sidestart|p2: horyzon434|move: Tailwind\n|move|p1b: Dragonite|Earthquake|p2a: Tornadus|[spread] p2b\n|-immune|p1a: Tornadus\n|-immune|p2a: Tornadus\n|-supereffective|p2b: Kingambit\n|-damage|p2b: Kingambit|34\/100\n|move|p2b: Kingambit|Swords Dance|p2b: Kingambit\n|-boost|p2b: Kingambit|atk|2\n|\n|upkeep\n|turn|2\n|\n|t:|1700684539\n|-terastallize|p2b: Kingambit|Dark\n|move|p2a: Tornadus|Rain Dance|p2a: Tornadus\n|-weather|RainDance\n|move|p2b: Kingambit|Sucker Punch|p1b: Dragonite\n|-damage|p1b: Dragonite|0 fnt\n|faint|p1b: Dragonite\n|move|p1a: Tornadus|Icy Wind|p2b: Kingambit|[spread] p2a,p2b\n|-supereffective|p2a: Tornadus\n|-damage|p2a: Tornadus|76\/100\n|-damage|p2b: Kingambit|23\/100\n|-unboost|p2a: Tornadus|spe|1\n|-unboost|p2b: Kingambit|spe|1\n|-ability|p2b: Kingambit|Defiant|boost\n|-boost|p2b: Kingambit|atk|2\n|\n|-weather|RainDance|[upkeep]\n|upkeep\n|\n|t:|1700684556\n|switch|p1b: Urshifu|Urshifu-Rapid-Strike, L50, M|100\/100\n|turn|3\n|\n|t:|1700684572\n|-terastallize|p1b: Urshifu|Water\n|move|p1b: Urshifu|Aqua Jet|p2b: Kingambit\n|-damage|p2b: Kingambit|0 fnt\n|faint|p2b: Kingambit\n|move|p1a: Tornadus|Icy Wind|p2a: Tornadus\n|-supereffective|p2a: Tornadus\n|-damage|p2a: Tornadus|43\/100\n|-unboost|p2a: Tornadus|spe|1\n|-enditem|p2a: Tornadus|Sitrus Berry|[eat]\n|-heal|p2a: Tornadus|68\/100|[from] item: Sitrus Berry\n|move|p2a: Tornadus|Bleakwind Storm|p1a: Tornadus|[spread] p1a,p1b\n|-crit|p1b: Urshifu\n|-damage|p1a: Tornadus|53\/100\n|-damage|p1b: Urshifu|29\/100\n|-unboost|p1a: Tornadus|spe|1\n|\n|-weather|RainDance|[upkeep]\n|upkeep\n|\n|t:|1700684599\n|switch|p2b: Landorus|Landorus-Therian, L50, M|100\/100\n|-ability|p2b: Landorus|Intimidate|boost\n|-unboost|p1a: Tornadus|atk|1\n|-unboost|p1b: Urshifu|atk|1\n|turn|4\n|\n|t:|1700684611\n|switch|p2b: Urshifu|Urshifu-Rapid-Strike, L50, M|100\/100\n|move|p1b: Urshifu|Surging Strikes|p2a: Tornadus\n|-crit|p2a: Tornadus\n|-damage|p2a: Tornadus|9\/100\n|-crit|p2a: Tornadus\n|-damage|p2a: Tornadus|0 fnt\n|faint|p2a: Tornadus\n|-hitcount|p2: Tornadus|2\n|move|p1a: Tornadus|Icy Wind|p2b: Urshifu\n|-resisted|p2b: Urshifu\n|-damage|p2b: Urshifu|90\/100\n|-unboost|p2b: Urshifu|spe|1\n|\n|-weather|RainDance|[upkeep]\n|-sideend|p1: Fizzayyy|move: Tailwind\n|-sideend|p2: horyzon434|move: Tailwind\n|upkeep\n|\n|t:|1700684625\n|switch|p2a: Landorus|Landorus-Therian, L50, M|100\/100\n|-ability|p2a: Landorus|Intimidate|boost\n|-unboost|p1a: Tornadus|atk|1\n|-unboost|p1b: Urshifu|atk|1\n|turn|5\n|\n|t:|1700684641\n|move|p1a: Tornadus|Tailwind|p1a: Tornadus\n|-sidestart|p1: Fizzayyy|move: Tailwind\n|move|p2b: Urshifu|Aqua Jet|p1b: Urshifu\n|-resisted|p1b: Urshifu\n|-damage|p1b: Urshifu|11\/100\n|move|p1b: Urshifu|Surging Strikes|p2a: Landorus\n|-supereffective|p2a: Landorus\n|-crit|p2a: Landorus\n|-damage|p2a: Landorus|0 fnt\n|faint|p2a: Landorus\n|-hitcount|p2: Landorus|1\n|\n|-weather|RainDance|[upkeep]\n|upkeep\n|turn|6\n|\n|t:|1700684656\n|move|p2b: Urshifu|Aqua Jet|p1b: Urshifu\n|-resisted|p1b: Urshifu\n|-damage|p1b: Urshifu|0 fnt\n|faint|p1b: Urshifu\n|move|p1a: Tornadus|Bleakwind Storm|p2b: Urshifu\n|-supereffective|p2b: Urshifu\n|-damage|p2b: Urshifu|0 fnt\n|faint|p2b: Urshifu\n|\n|win|Fizzayyy\n|raw|Fizzayyy's rating: 1293 &rarr; <strong>1324<\/strong><br \/>(+31 for winning)\n|raw|horyzon434's rating: 1379 &rarr; <strong>1354<\/strong><br \/>(-25 for losing)\n|c|\u2606horyzon434|gg\n|c|\u2606Fizzayyy|Gg\n|l|\u2606horyzon434\n","uploadtime":1700684675,"views":6,"p1id":"fizzayyy","p2id":"horyzon434","formatid":"gen9vgc2023regulatione","rating":1324,"private":0,"password":""}