{"id":"gen9vgc2023regulatione-1996685525","p1":"MrJu","p2":"Nervoneo","format":"[Gen 9] VGC 2023 Regulation E","log":"|j|\u2606MrJu\n|j|\u2606Nervoneo\n|t:|1700709547\n|gametype|doubles\n|player|p1|MrJu|102|1303\n|player|p2|Nervoneo|lucas|1274\n|teamsize|p1|6\n|teamsize|p2|6\n|gen|9\n|tier|[Gen 9] VGC 2023 Regulation E\n|rated|\n|rule|Species Clause: Limit one of each Pok\u00e9mon\n|rule|Item Clause: Limit one of each item\n|clearpoke\n|poke|p1|Goodra-Hisui, L50, F|\n|poke|p1|Cresselia, L50, F|\n|poke|p1|Sinistcha-Masterpiece, L50|\n|poke|p1|Iron Hands, L50|\n|poke|p1|Sableye, L50, F|\n|poke|p1|Heatran, L50, F|\n|poke|p2|Weezing, L50, M|\n|poke|p2|Ogerpon-Hearthflame, L50, F|\n|poke|p2|Roaring Moon, L50|\n|poke|p2|Urshifu-*, L50, F|\n|poke|p2|Shiftry, L50, F|\n|poke|p2|Flutter Mane, L50|\n|teampreview|4\n|\n|t:|1700709587\n|start\n|switch|p1a: Goodra|Goodra-Hisui, L50, F|100\/100\n|switch|p1b: Sableye|Sableye, L50, F|100\/100\n|switch|p2a: 2020|Weezing, L50, M|100\/100\n|switch|p2b: Cadmyril|Roaring Moon, L50, shiny|100\/100\n|-ability|p2a: 2020|Neutralizing Gas\n|-enditem|p2b: Cadmyril|Booster Energy\n|-activate|p2b: Cadmyril|ability: Protosynthesis|[fromitem]\n|-start|p2b: Cadmyril|protosynthesisspe\n|turn|1\n|inactive|Battle timer is ON: inactive players will automatically lose when time's up. (requested by MrJu)\n|\n|t:|1700709606\n|move|p2b: Cadmyril|Knock Off|p1a: Goodra\n|-damage|p1a: Goodra|61\/100\n|-enditem|p1a: Goodra|Leftovers|[from] move: Knock Off|[of] p2b: Cadmyril\n|move|p2a: 2020|Taunt|p1b: Sableye\n|-start|p1b: Sableye|move: Taunt\n|move|p1a: Goodra|Shelter|p1a: Goodra\n|-boost|p1a: Goodra|def|2\n|cant|p1b: Sableye|move: Taunt|Taunt\n|\n|upkeep\n|turn|2\n|\n|t:|1700709631\n|switch|p1b: Iron Hands|Iron Hands, L50|100\/100\n|move|p2b: Cadmyril|Knock Off|p1b: Iron Hands\n|-resisted|p1b: Iron Hands\n|-damage|p1b: Iron Hands|84\/100\n|-enditem|p1b: Iron Hands|Assault Vest|[from] move: Knock Off|[of] p2b: Cadmyril\n|move|p2a: 2020|Will-O-Wisp|p1a: Goodra\n|-status|p1a: Goodra|brn\n|move|p1a: Goodra|Shelter|p1a: Goodra\n|-boost|p1a: Goodra|def|2\n|\n|-damage|p1a: Goodra|55\/100 brn|[from] brn\n|upkeep\n|turn|3\n|\n|t:|1700709655\n|move|p1b: Iron Hands|Fake Out|p2a: 2020\n|-damage|p2a: 2020|87\/100\n|move|p2b: Cadmyril|Breaking Swipe|p1b: Iron Hands|[spread] p1a,p1b\n|-damage|p1a: Goodra|48\/100 brn\n|-damage|p1b: Iron Hands|69\/100\n|-unboost|p1a: Goodra|atk|1\n|-unboost|p1b: Iron Hands|atk|1\n|cant|p2a: 2020|flinch\n|move|p1a: Goodra|Body Press|p2b: Cadmyril\n|-supereffective|p2b: Cadmyril\n|-damage|p2b: Cadmyril|23\/100\n|\n|-damage|p1a: Goodra|42\/100 brn|[from] brn\n|upkeep\n|turn|4\n|\n|t:|1700709669\n|-end|p1b: Iron Hands|Quark Drive|[silent]\n|switch|p1b: Sinistcha|Sinistcha-Masterpiece, L50|100\/100\n|-terastallize|p2a: 2020|Ghost\n|move|p2b: Cadmyril|Tailwind|p2b: Cadmyril\n|-sidestart|p2: Nervoneo|move: Tailwind\n|move|p2a: 2020|Will-O-Wisp|p1b: Sinistcha\n|-status|p1b: Sinistcha|brn\n|move|p1a: Goodra|Body Press|p2b: Cadmyril\n|-supereffective|p2b: Cadmyril\n|-damage|p2b: Cadmyril|0 fnt\n|faint|p2b: Cadmyril\n|-end|p2b: Cadmyril|Protosynthesis|[silent]\n|\n|-damage|p1b: Sinistcha|95\/100 brn|[from] brn\n|-damage|p1a: Goodra|36\/100 brn|[from] brn\n|upkeep\n|\n|t:|1700709682\n|switch|p2b: like water|Urshifu-Rapid-Strike, L50, F|100\/100\n|turn|5\n|\n|t:|1700709692\n|-end|p2a: 2020|ability: Neutralizing Gas\n|-heal|p1a: Goodra|61\/100 brn|[from] ability: Hospitality|[of] p1b: Sinistcha\n|switch|p2a: Shrek|Ogerpon-Hearthflame, L50, F|100\/100\n|-ability|p2a: Shrek|Mold Breaker\n|move|p1b: Sinistcha|Rage Powder|p1b: Sinistcha\n|-singleturn|p1b: Sinistcha|move: Rage Powder\n|move|p2b: like water|Close Combat|p1b: Sinistcha\n|-immune|p1b: Sinistcha\n|move|p1a: Goodra|Body Press|p2b: like water\n|-damage|p2b: like water|66\/100\n|\n|-damage|p1b: Sinistcha|89\/100 brn|[from] brn\n|-damage|p1a: Goodra|54\/100 brn|[from] brn\n|upkeep\n|turn|6\n|inactive|MrJu has 30 seconds left.\n|\n|t:|1700709717\n|switch|p2b: 2020|Weezing, L50, M, tera:Ghost|87\/100\n|-ability|p2b: 2020|Neutralizing Gas\n|-terastallize|p1a: Goodra|Water\n|move|p1b: Sinistcha|Protect|p1b: Sinistcha\n|-singleturn|p1b: Sinistcha|Protect\n|move|p2a: Shrek|Swords Dance|p2a: Shrek\n|-boost|p2a: Shrek|atk|2\n|move|p1a: Goodra|Body Press|p2a: Shrek\n|-damage|p2a: Shrek|64\/100\n|\n|-damage|p1b: Sinistcha|83\/100 brn|[from] brn\n|-damage|p1a: Goodra|48\/100 brn|[from] brn\n|upkeep\n|turn|7\n|inactive|Nervoneo has 30 seconds left.\n|\n|t:|1700709744\n|move|p1b: Sinistcha|Rage Powder|p1b: Sinistcha\n|-singleturn|p1b: Sinistcha|move: Rage Powder\n|move|p2a: Shrek|Ivy Cudgel|p1b: Sinistcha|[anim] Ivy Cudgel Fire\n|-supereffective|p1b: Sinistcha\n|-damage|p1b: Sinistcha|0 fnt\n|faint|p1b: Sinistcha\n|move|p2b: 2020|Taunt|p1a: Goodra\n|-start|p1a: Goodra|move: Taunt\n|move|p1a: Goodra|Body Press|p2a: Shrek\n|-damage|p2a: Shrek|26\/100\n|\n|-damage|p1a: Goodra|42\/100 brn|[from] brn\n|-sideend|p2: Nervoneo|move: Tailwind\n|upkeep\n|\n|t:|1700709757\n|switch|p1b: Iron Hands|Iron Hands, L50|69\/100\n|turn|8\n|\n|t:|1700709769\n|switch|p2a: like water|Urshifu-Rapid-Strike, L50, F|66\/100\n|move|p1b: Iron Hands|Fake Out|p2a: like water\n|-damage|p2a: like water|50\/100\n|move|p2b: 2020|Will-O-Wisp|p1b: Iron Hands\n|-status|p1b: Iron Hands|brn\n|move|p1a: Goodra|Heavy Slam|p2b: 2020\n|-damage|p2b: 2020|77\/100\n|\n|-damage|p1a: Goodra|36\/100 brn|[from] brn\n|-damage|p1b: Iron Hands|63\/100 brn|[from] brn\n|upkeep\n|turn|9\n|inactive|Nervoneo has 30 seconds left.\n|\n|t:|1700709800\n|-end|p2b: 2020|ability: Neutralizing Gas\n|switch|p2b: Shrek|Ogerpon-Hearthflame, L50, F|26\/100\n|-ability|p2b: Shrek|Mold Breaker\n|move|p2a: like water|Close Combat|p1a: Goodra\n|-damage|p1a: Goodra|17\/100 brn\n|-unboost|p2a: like water|def|1\n|-unboost|p2a: like water|spd|1\n|move|p1a: Goodra|Body Press|p2a: like water\n|-damage|p2a: like water|0 fnt\n|faint|p2a: like water\n|move|p1b: Iron Hands|Wild Charge|p2b: Shrek\n|-resisted|p2b: Shrek\n|-damage|p2b: Shrek|12\/100\n|-damage|p1b: Iron Hands|60\/100 brn|[from] Recoil\n|\n|-damage|p1a: Goodra|11\/100 brn|[from] brn\n|-damage|p1b: Iron Hands|54\/100 brn|[from] brn\n|-end|p1a: Goodra|move: Taunt\n|upkeep\n|\n|t:|1700709812\n|switch|p2a: 2020|Weezing, L50, M, tera:Ghost|77\/100\n|-ability|p2a: 2020|Neutralizing Gas\n|turn|10\n|\n|t:|1700709828\n|move|p2b: Shrek|Spiky Shield|p2b: Shrek\n|-singleturn|p2b: Shrek|move: Protect\n|move|p2a: 2020|Gunk Shot|p1b: Iron Hands\n|-damage|p1b: Iron Hands|30\/100 brn\n|move|p1a: Goodra|Body Press|p2b: Shrek\n|-activate|p2b: Shrek|move: Protect\n|-damage|p1a: Goodra|0 fnt|[from] Spiky Shield|[of] p2b: Shrek\n|faint|p1a: Goodra\n|move|p1b: Iron Hands|Heavy Slam|p2b: Shrek\n|-activate|p2b: Shrek|move: Protect\n|-damage|p1b: Iron Hands|18\/100 brn|[from] Spiky Shield|[of] p2b: Shrek\n|\n|-damage|p1b: Iron Hands|12\/100 brn|[from] brn\n|upkeep\n|\n|t:|1700709841\n|switch|p1a: Sableye|Sableye, L50, F|100\/100\n|turn|11\n|\n|t:|1700709851\n|move|p2b: Shrek|Horn Leech|p1a: Sableye\n|-damage|p1a: Sableye|39\/100\n|-heal|p2b: Shrek|37\/100|[from] drain|[of] p1a: Sableye\n|move|p2a: 2020|Taunt|p1a: Sableye\n|-start|p1a: Sableye|move: Taunt\n|move|p1b: Iron Hands|Wild Charge|p2a: 2020\n|-damage|p2a: 2020|55\/100\n|-damage|p1b: Iron Hands|8\/100 brn|[from] Recoil\n|cant|p1a: Sableye|move: Taunt|Encore\n|\n|-damage|p1b: Iron Hands|2\/100 brn|[from] brn\n|upkeep\n|turn|12\n|-message|MrJu forfeited.\n|\n|win|Nervoneo\n|raw|MrJu's rating: 1303 &rarr; <strong>1281<\/strong><br \/>(-22 for losing)\n|raw|Nervoneo's rating: 1274 &rarr; <strong>1301<\/strong><br \/>(+27 for winning)\n|l|\u2606MrJu\n","uploadtime":1700709865,"views":17,"p1id":"mrju","p2id":"nervoneo","formatid":"gen9vgc2023regulatione","rating":1281,"private":0,"password":""}