{"id":"gen9vgc2023regulatione-1993618994","p1":"Abro hilo","p2":"AWOLxSick","format":"[Gen 9] VGC 2023 Regulation E","log":"|j|\u2606Abro hilo\n|j|\u2606AWOLxSick\n|t:|1700338163\n|gametype|doubles\n|player|p1|Abro hilo|pilot|1432\n|player|p2|AWOLxSick|darach-caitlin|1522\n|teamsize|p1|6\n|teamsize|p2|6\n|gen|9\n|tier|[Gen 9] VGC 2023 Regulation E\n|rated|\n|rule|Species Clause: Limit one of each Pok\u00e9mon\n|rule|Item Clause: Limit one of each item\n|clearpoke\n|poke|p1|Empoleon, L50, M|\n|poke|p1|Arcanine-Hisui, L50, M|\n|poke|p1|Landorus-Therian, L50, M|\n|poke|p1|Iron Hands, L50|\n|poke|p1|Flutter Mane, L50|\n|poke|p1|Amoonguss, L50, M|\n|poke|p2|Sinistcha, L50|\n|poke|p2|Moltres-Galar, L50|\n|poke|p2|Arcanine-Hisui, L50, F|\n|poke|p2|Milotic, L50, F|\n|poke|p2|Munkidori, L50, M|\n|poke|p2|Iron Hands, L50|\n|teampreview|4\n|\n|t:|1700338212\n|start\n|switch|p1a: Empoleon|Empoleon, L50, M, shiny|100\/100\n|switch|p1b: Amoonguss|Amoonguss, L50, M, shiny|100\/100\n|switch|p2a: Milotic|Milotic, L50, F|100\/100\n|switch|p2b: Munkidori|Munkidori, L50, M|100\/100\n|-item|p1a: Empoleon|Assault Vest|[from] ability: Frisk|[of] p2b: Munkidori|[identify]\n|-item|p1b: Amoonguss|Rocky Helmet|[from] ability: Frisk|[of] p2b: Munkidori|[identify]\n|turn|1\n|\n|t:|1700338227\n|switch|p2a: Sinistcha|Sinistcha, L50|100\/100\n|move|p2b: Munkidori|Psyshock|p1b: Amoonguss\n|-supereffective|p1b: Amoonguss\n|-damage|p1b: Amoonguss|29\/100\n|move|p1a: Empoleon|Flash Cannon|p2b: Munkidori\n|-damage|p2b: Munkidori|56\/100\n|move|p1b: Amoonguss|Spore|p2a: Sinistcha\n|-immune|p2a: Sinistcha\n|\n|upkeep\n|turn|2\n|\n|t:|1700338260\n|switch|p2a: Milotic|Milotic, L50, F|100\/100\n|switch|p1b: Iron Hands|Iron Hands, L50|100\/100\n|move|p2b: Munkidori|Psyshock|p1b: Iron Hands\n|-supereffective|p1b: Iron Hands\n|-damage|p1b: Iron Hands|45\/100\n|move|p1a: Empoleon|Flash Cannon|p2b: Munkidori\n|-damage|p2b: Munkidori|11\/100\n|\n|upkeep\n|turn|3\n|l|\u2606Abro hilo\n|player|p1|\n|\n|t:|1700338300\n|switch|p1a: Amoonguss|Amoonguss, L50, M, shiny|62\/100\n|move|p1b: Iron Hands|Fake Out|p2b: Munkidori\n|-damage|p2b: Munkidori|0 fnt\n|faint|p2b: Munkidori\n|move|p2a: Milotic|Icy Wind|p1b: Iron Hands|[spread] p1a,p1b\n|-supereffective|p1a: Amoonguss\n|-damage|p1a: Amoonguss|44\/100\n|-damage|p1b: Iron Hands|37\/100\n|-unboost|p1a: Amoonguss|spe|1\n|\n|upkeep\n|j|\u2606Abro hilo\n|player|p1|Abro hilo|pilot\n|\n|t:|1700338310\n|switch|p2b: Moltres|Moltres-Galar, L50|100\/100\n|turn|4\n|\n|t:|1700338329\n|-end|p1b: Iron Hands|Quark Drive|[silent]\n|switch|p1b: Empoleon|Empoleon, L50, M, shiny|100\/100\n|-terastallize|p1a: Amoonguss|Water\n|move|p2b: Moltres|Protect|p2b: Moltres\n|-singleturn|p2b: Moltres|Protect\n|move|p2a: Milotic|Scald|p1b: Empoleon\n|-resisted|p1b: Empoleon\n|-damage|p1b: Empoleon|91\/100\n|move|p1a: Amoonguss|Spore|p2b: Moltres\n|-activate|p2b: Moltres|move: Protect\n|\n|upkeep\n|turn|5\n|\n|t:|1700338353\n|switch|p2b: Sinistcha|Sinistcha, L50|100\/100\n|switch|p1a: Flutter Mane|Flutter Mane, L50|100\/100\n|move|p2a: Milotic|Hypnosis|p1a: Flutter Mane\n|-status|p1a: Flutter Mane|slp|[from] move: Hypnosis\n|move|p1b: Empoleon|Hydro Pump|p2b: Sinistcha\n|-resisted|p2b: Sinistcha\n|-damage|p2b: Sinistcha|75\/100\n|\n|upkeep\n|turn|6\n|\n|t:|1700338375\n|switch|p2b: Moltres|Moltres-Galar, L50|100\/100\n|cant|p1a: Flutter Mane|slp\n|move|p2a: Milotic|Icy Wind|p1a: Flutter Mane|[spread] p1a,p1b\n|-resisted|p1b: Empoleon\n|-damage|p1a: Flutter Mane|90\/100 slp\n|-damage|p1b: Empoleon|89\/100\n|-unboost|p1a: Flutter Mane|spe|1\n|-unboost|p1b: Empoleon|spe|1\n|-ability|p1b: Empoleon|Competitive|boost\n|-boost|p1b: Empoleon|spa|2\n|move|p1b: Empoleon|Flash Cannon|p2b: Moltres\n|-crit|p2b: Moltres\n|-damage|p2b: Moltres|10\/100\n|-ability|p2b: Moltres|Berserk|boost\n|-boost|p2b: Moltres|spa|1\n|-enditem|p2b: Moltres|Sitrus Berry|[eat]\n|-heal|p2b: Moltres|35\/100|[from] item: Sitrus Berry\n|\n|upkeep\n|turn|7\n|l|\u2606Abro hilo\n|player|p1|\n|j|\u2606Abro hilo\n|player|p1|Abro hilo|pilot\n|inactive|Battle timer is ON: inactive players will automatically lose when time's up. (requested by AWOLxSick)\n|\n|t:|1700338425\n|switch|p2a: Sinistcha|Sinistcha, L50|75\/100\n|-heal|p2b: Moltres|60\/100|[from] ability: Hospitality|[of] p2a: Sinistcha\n|-curestatus|p1a: Flutter Mane|slp|[msg]\n|move|p1a: Flutter Mane|Protect|p1a: Flutter Mane\n|-singleturn|p1a: Flutter Mane|Protect\n|move|p2b: Moltres|Fiery Wrath|p1b: Empoleon|[spread] p1b\n|-activate|p1a: Flutter Mane|move: Protect\n|-damage|p1b: Empoleon|60\/100\n|move|p1b: Empoleon|Flash Cannon|p2b: Moltres\n|-damage|p2b: Moltres|5\/100\n|-ability|p2b: Moltres|Berserk|boost\n|-boost|p2b: Moltres|spa|1\n|\n|upkeep\n|turn|8\n|\n|t:|1700338448\n|move|p2a: Sinistcha|Rage Powder|p2a: Sinistcha\n|-singleturn|p2a: Sinistcha|move: Rage Powder\n|move|p1a: Flutter Mane|Dazzling Gleam|p2b: Moltres|[spread] p2a,p2b\n|-supereffective|p2b: Moltres\n|-damage|p2a: Sinistcha|40\/100\n|-damage|p2b: Moltres|0 fnt\n|faint|p2b: Moltres\n|move|p1b: Empoleon|Flash Cannon|p2a: Sinistcha\n|-damage|p2a: Sinistcha|0 fnt\n|faint|p2a: Sinistcha\n|\n|upkeep\n|-message|AWOLxSick forfeited.\n|\n|win|Abro hilo\n|raw|Abro hilo's rating: 1432 &rarr; <strong>1457<\/strong><br \/>(+25 for winning)\n|raw|AWOLxSick's rating: 1522 &rarr; <strong>1497<\/strong><br \/>(-25 for losing)\n|l|\u2606AWOLxSick\n","uploadtime":1700338464,"views":7,"p1id":"abrohilo","p2id":"awolxsick","formatid":"gen9vgc2023regulatione","rating":1457,"private":0,"password":""}