{"id":"gen9vgc2023regulatione-1994501010","p1":"Razy VGC","p2":"5Sscreen","format":"[Gen 9] VGC 2023 Regulation E","log":"|j|\u2606Razy VGC\n|j|\u26065Sscreen\n|t:|1700451345\n|gametype|doubles\n|player|p1|Razy VGC|bugcatcher-gen4dp|1187\n|player|p2|5Sscreen|pokekid|1286\n|teamsize|p1|6\n|teamsize|p2|6\n|gen|9\n|tier|[Gen 9] VGC 2023 Regulation E\n|rated|\n|rule|Species Clause: Limit one of each Pok\u00e9mon\n|rule|Item Clause: Limit one of each item\n|clearpoke\n|poke|p1|Annihilape, L50, M|\n|poke|p1|Ting-Lu, L50|\n|poke|p1|Arcanine-Hisui, L50, F|\n|poke|p1|Flutter Mane, L50|\n|poke|p1|Tornadus, L50, M|\n|poke|p1|Ogerpon-Hearthflame, L50, F|\n|poke|p2|Annihilape, L50, M|\n|poke|p2|Sinistcha, L50|\n|poke|p2|Grimmsnarl, L50, M|\n|poke|p2|Landorus-Therian, L50, M|\n|poke|p2|Bellibolt, L50, M|\n|poke|p2|Corviknight, L50, M|\n|teampreview|4\nRazy VGC has agreed to open team sheets.\n|\n|t:|1700451378\n|start\n|switch|p1a: Arcanine|Arcanine-Hisui, L50, F|100\/100\n|switch|p1b: Ting-Lu|Ting-Lu, L50|100\/100\n|switch|p2a: Grimmsnarl|Grimmsnarl, L50, M, shiny|100\/100\n|switch|p2b: Landorus|Landorus-Therian, L50, M|100\/100\n|-ability|p2b: Landorus|Intimidate|boost\n|-unboost|p1a: Arcanine|atk|1\n|-unboost|p1b: Ting-Lu|atk|1\n|-ability|p1a: Arcanine|Intimidate|boost\n|-unboost|p2a: Grimmsnarl|atk|1\n|-unboost|p2b: Landorus|atk|1\n|-ability|p1b: Ting-Lu|Vessel of Ruin\n|turn|1\n|\n|t:|1700451404\n|switch|p1a: Tornadus|Tornadus, L50, M|100\/100\n|move|p2a: Grimmsnarl|Reflect|p2a: Grimmsnarl\n|-sidestart|p2: 5Sscreen|Reflect\n|move|p2b: Landorus|Stomping Tantrum|p1a: Tornadus\n|-immune|p1a: Tornadus\n|move|p1b: Ting-Lu|Fissure|p2a: Grimmsnarl|[miss]\n|-miss|p1b: Ting-Lu|p2a: Grimmsnarl\n|\n|upkeep\n|turn|2\n|\n|t:|1700451433\n|switch|p2b: Annihilape|Annihilape, L50, M|100\/100\n|move|p2a: Grimmsnarl|Light Screen|p2a: Grimmsnarl\n|-sidestart|p2: 5Sscreen|move: Light Screen\n|move|p1a: Tornadus|Bleakwind Storm|p2b: Annihilape|[spread] \n|-miss|p1a: Tornadus|p2a: Grimmsnarl\n|-miss|p1a: Tornadus|p2b: Annihilape\n|move|p1b: Ting-Lu|Fissure|p2a: Grimmsnarl\n|-damage|p2a: Grimmsnarl|0 fnt\n|faint|p2a: Grimmsnarl\n|-ohko\n|\n|upkeep\n|\n|t:|1700451444\n|switch|p2a: Landorus|Landorus-Therian, L50, M|100\/100\n|-ability|p2a: Landorus|Intimidate|boost\n|-unboost|p1a: Tornadus|atk|1\n|-unboost|p1b: Ting-Lu|atk|1\n|turn|3\n|\n|t:|1700451458\n|move|p2a: Landorus|U-turn|p1b: Ting-Lu\n|-supereffective|p1b: Ting-Lu\n|-damage|p1b: Ting-Lu|64\/100\n|\n|t:|1700451461\n|switch|p2a: Sinistcha|Sinistcha, L50|100\/100|[from] U-turn\n|move|p1a: Tornadus|Bleakwind Storm|p2b: Annihilape|[spread] p2a,p2b\n|-supereffective|p2a: Sinistcha\n|-crit|p2a: Sinistcha\n|-supereffective|p2b: Annihilape\n|-damage|p2a: Sinistcha|12\/100\n|-damage|p2b: Annihilape|71\/100\n|-enditem|p2a: Sinistcha|Sitrus Berry|[eat]\n|-heal|p2a: Sinistcha|36\/100|[from] item: Sitrus Berry\n|move|p2b: Annihilape|Drain Punch|p1b: Ting-Lu\n|-supereffective|p1b: Ting-Lu\n|-damage|p1b: Ting-Lu|22\/100\n|-heal|p2b: Annihilape|96\/100|[from] drain|[of] p1b: Ting-Lu\n|move|p1b: Ting-Lu|Fissure|p2a: Sinistcha|[miss]\n|-miss|p1b: Ting-Lu|p2a: Sinistcha\n|\n|-heal|p2b: Annihilape|100\/100|[from] item: Leftovers\n|upkeep\n|turn|4\n|\n|t:|1700451503\n|-terastallize|p2b: Annihilape|Fire\n|move|p2a: Sinistcha|Protect|p2a: Sinistcha\n|-singleturn|p2a: Sinistcha|Protect\n|move|p1a: Tornadus|Bleakwind Storm|p2a: Sinistcha|[spread] \n|-activate|p2a: Sinistcha|move: Protect\n|-miss|p1a: Tornadus|p2b: Annihilape\n|move|p2b: Annihilape|Drain Punch|p1b: Ting-Lu\n|-supereffective|p1b: Ting-Lu\n|-damage|p1b: Ting-Lu|0 fnt\n|faint|p1b: Ting-Lu\n|\n|upkeep\n|\n|t:|1700451515\n|switch|p1b: Arcanine|Arcanine-Hisui, L50, F|100\/100\n|-ability|p1b: Arcanine|Intimidate|boost\n|-unboost|p2a: Sinistcha|atk|1\n|-unboost|p2b: Annihilape|atk|1\n|-ability|p2b: Annihilape|Defiant|boost\n|-boost|p2b: Annihilape|atk|2\n|turn|5\n|\n|t:|1700451528\n|switch|p2a: Landorus|Landorus-Therian, L50, M|100\/100\n|-ability|p2a: Landorus|Intimidate|boost\n|-unboost|p1a: Tornadus|atk|1\n|-unboost|p1b: Arcanine|atk|1\n|move|p1b: Arcanine|Flare Blitz|p2a: Landorus\n|-damage|p2a: Landorus|51\/100\n|-status|p2a: Landorus|brn\n|-damage|p1b: Arcanine|85\/100|[from] Recoil\n|move|p1a: Tornadus|Bleakwind Storm|p2a: Landorus|[spread] p2a,p2b\n|-damage|p2a: Landorus|20\/100 brn\n|-damage|p2b: Annihilape|80\/100\n|-unboost|p2a: Landorus|spe|1\n|-unboost|p2b: Annihilape|spe|1\n|-ability|p2b: Annihilape|Defiant|boost\n|-boost|p2b: Annihilape|atk|2\n|move|p2b: Annihilape|Drain Punch|p1b: Arcanine\n|-supereffective|p1b: Arcanine\n|-damage|p1b: Arcanine|0 fnt\n|-heal|p2b: Annihilape|100\/100|[from] drain|[of] p1b: Arcanine\n|faint|p1b: Arcanine\n|\n|-damage|p2a: Landorus|15\/100 brn|[from] brn\n|upkeep\n|\n|t:|1700451568\n|switch|p1b: Ogerpon|Ogerpon-Hearthflame, L50, F|100\/100\n|-ability|p1b: Ogerpon|Mold Breaker\n|turn|6\n|\n|t:|1700451582\n|move|p1b: Ogerpon|Spiky Shield|p1b: Ogerpon\n|-singleturn|p1b: Ogerpon|move: Protect\n|move|p1a: Tornadus|Tailwind|p1a: Tornadus\n|-sidestart|p1: Razy VGC|move: Tailwind\n|move|p2a: Landorus|Stomping Tantrum|p1b: Ogerpon\n|-activate|p1b: Ogerpon|move: Protect\n|-damage|p2a: Landorus|2\/100 brn|[from] Spiky Shield|[of] p1b: Ogerpon\n|move|p2b: Annihilape|Rage Fist|p1a: Tornadus\n|-damage|p1a: Tornadus|0 fnt\n|faint|p1a: Tornadus\n|\n|-damage|p2a: Landorus|0 fnt|[from] brn\n|faint|p2a: Landorus\n|upkeep\n|\n|t:|1700451594\n|switch|p2a: Sinistcha|Sinistcha, L50|36\/100\n|turn|7\n|\n|t:|1700451602\n|-terastallize|p1b: Ogerpon|Fire\n|detailschange|p1b: Ogerpon|Ogerpon-Hearthflame-Tera, L50, F, tera:Fire\n|-ability|p1b: Ogerpon|Embody Aspect (Hearthflame)|boost\n|-boost|p1b: Ogerpon|atk|1\n|move|p2a: Sinistcha|Protect|p2a: Sinistcha\n|-singleturn|p2a: Sinistcha|Protect\n|move|p1b: Ogerpon|Ivy Cudgel|p2b: Annihilape|[anim] Ivy Cudgel Fire\n|-resisted|p2b: Annihilape\n|-damage|p2b: Annihilape|64\/100\n|move|p2b: Annihilape|Rage Fist|p1b: Ogerpon\n|-damage|p1b: Ogerpon|0 fnt\n|faint|p1b: Ogerpon\n|\n|win|5Sscreen\n|raw|Razy VGC's rating: 1187 &rarr; <strong>1169<\/strong><br \/>(-18 for losing)\n|raw|5Sscreen's rating: 1286 &rarr; <strong>1304<\/strong><br \/>(+18 for winning)\n|l|\u2606Razy VGC\n","uploadtime":1700451616,"views":19,"p1id":"razyvgc","p2id":"5sscreen","formatid":"gen9vgc2023regulatione","rating":1169,"private":0,"password":""}