{"id":"gen9vgc2023regulatione-1993690317","p1":"Jook rogan","p2":"AlexC5000","format":"[Gen 9] VGC 2023 Regulation E","log":"|j|\u2606Jook rogan\n|j|\u2606AlexC5000\n|t:|1700345947\n|gametype|doubles\n|player|p1|Jook rogan|bodybuilder-gen9|1102\n|player|p2|AlexC5000|ingo|1107\n|teamsize|p1|6\n|teamsize|p2|6\n|gen|9\n|tier|[Gen 9] VGC 2023 Regulation E\n|rated|\n|rule|Species Clause: Limit one of each Pok\u00e9mon\n|rule|Item Clause: Limit one of each item\n|clearpoke\n|poke|p1|Breloom, L50, F|\n|poke|p1|Tornadus, L50, M|\n|poke|p1|Landorus-Therian, L50, M|\n|poke|p1|Roaring Moon, L50|\n|poke|p1|Urshifu-*, L50, F|\n|poke|p1|Tinkaton, L50, F|\n|poke|p2|Sinistcha-Masterpiece, L50|\n|poke|p2|Arcanine-Hisui, L50, F|\n|poke|p2|Iron Bundle, L50|\n|poke|p2|Garchomp, L50, M|\n|poke|p2|Ursaluna-Bloodmoon, L50, M|\n|poke|p2|Grimmsnarl, L50, M|\n|teampreview|4\n|\n|t:|1700345986\n|start\n|switch|p1a: Landorus|Landorus-Therian, L50, M|100\/100\n|switch|p1b: Breloom|Breloom, L50, F|100\/100\n|switch|p2a: Iron Bundle|Iron Bundle, L50|100\/100\n|switch|p2b: Arcanine|Arcanine-Hisui, L50, F|100\/100\n|-ability|p1a: Landorus|Intimidate|boost\n|-unboost|p2a: Iron Bundle|atk|1\n|-unboost|p2b: Arcanine|atk|1\n|-ability|p2b: Arcanine|Intimidate|boost\n|-unboost|p1a: Landorus|atk|1\n|-unboost|p1b: Breloom|atk|1\n|turn|1\n|\n|t:|1700346015\n|switch|p1a: Tornadus|Tornadus, L50, M|100\/100\n|move|p2a: Iron Bundle|Freeze-Dry|p1a: Tornadus\n|-supereffective|p1a: Tornadus\n|-damage|p1a: Tornadus|41\/100\n|move|p1b: Breloom|Spore|p2a: Iron Bundle\n|-status|p2a: Iron Bundle|slp|[from] move: Spore\n|move|p2b: Arcanine|Flare Blitz|p1b: Breloom\n|-supereffective|p1b: Breloom\n|-enditem|p1b: Breloom|Focus Sash\n|-damage|p1b: Breloom|1\/100\n|-damage|p2b: Arcanine|76\/100|[from] Recoil\n|\n|upkeep\n|turn|2\n|\n|t:|1700346045\n|-end|p2a: Iron Bundle|Quark Drive|[silent]\n|switch|p2a: Sinistcha|Sinistcha-Masterpiece, L50|100\/100\n|-heal|p2b: Arcanine|100\/100|[from] ability: Hospitality|[of] p2a: Sinistcha\n|move|p1a: Tornadus|Tailwind|p1a: Tornadus\n|-sidestart|p1: Jook rogan|move: Tailwind\n|move|p1b: Breloom|Spore|p2b: Arcanine\n|-activate|p2b: Arcanine|item: Safety Goggles|Spore\n|move|p2b: Arcanine|Rock Slide|p1b: Breloom|[spread] p1a,p1b\n|-supereffective|p1a: Tornadus\n|-resisted|p1b: Breloom\n|-damage|p1a: Tornadus|0 fnt\n|-damage|p1b: Breloom|0 fnt\n|faint|p1a: Tornadus\n|faint|p1b: Breloom\n|\n|upkeep\n|c|\u2606Jook rogan|Declining ots ass bitch\n|\n|t:|1700346070\n|switch|p1b: Roaring Moon|Roaring Moon, L50|100\/100\n|switch|p1a: Landorus|Landorus-Therian, L50, M|100\/100\n|-ability|p1a: Landorus|Intimidate|boost\n|-unboost|p2a: Sinistcha|atk|1\n|-unboost|p2b: Arcanine|atk|1\n|-enditem|p1b: Roaring Moon|Booster Energy\n|-activate|p1b: Roaring Moon|ability: Protosynthesis|[fromitem]\n|-start|p1b: Roaring Moon|protosynthesisspe\n|turn|3\n|\n|t:|1700346089\n|switch|p2b: Iron Bundle|Iron Bundle, L50|100\/100 slp\n|-terastallize|p1b: Roaring Moon|Flying\n|move|p2a: Sinistcha|Protect|p2a: Sinistcha\n|-singleturn|p2a: Sinistcha|Protect\n|move|p1b: Roaring Moon|Acrobatics|p2a: Sinistcha\n|-activate|p2a: Sinistcha|move: Protect\n|move|p1a: Landorus|Stomping Tantrum|p2b: Iron Bundle\n|-damage|p2b: Iron Bundle|52\/100 slp\n|\n|upkeep\n|turn|4\n|\n|t:|1700346107\n|move|p2a: Sinistcha|Rage Powder|p2a: Sinistcha\n|-singleturn|p2a: Sinistcha|move: Rage Powder\n|move|p1b: Roaring Moon|Acrobatics|p2a: Sinistcha\n|-supereffective|p2a: Sinistcha\n|-damage|p2a: Sinistcha|3\/100\n|-damage|p1b: Roaring Moon|84\/100|[from] item: Rocky Helmet|[of] p2a: Sinistcha\n|move|p1a: Landorus|Stomping Tantrum|p2a: Sinistcha\n|-resisted|p2a: Sinistcha\n|-damage|p2a: Sinistcha|0 fnt\n|-damage|p1a: Landorus|84\/100|[from] item: Rocky Helmet|[of] p2a: Sinistcha\n|faint|p2a: Sinistcha\n|cant|p2b: Iron Bundle|slp\n|\n|upkeep\n|\n|t:|1700346119\n|switch|p2a: Arcanine|Arcanine-Hisui, L50, F|100\/100\n|-ability|p2a: Arcanine|Intimidate|boost\n|-unboost|p1a: Landorus|atk|1\n|-unboost|p1b: Roaring Moon|atk|1\n|turn|5\n|\n|t:|1700346132\n|-terastallize|p2a: Arcanine|Fairy\n|move|p1b: Roaring Moon|Acrobatics|p2b: Iron Bundle\n|-damage|p2b: Iron Bundle|4\/100 slp\n|move|p1a: Landorus|Stomping Tantrum|p2a: Arcanine\n|-damage|p2a: Arcanine|70\/100\n|cant|p2b: Iron Bundle|slp\n|move|p2a: Arcanine|Rock Slide|p1a: Landorus|[spread] p1a,p1b\n|-supereffective|p1b: Roaring Moon\n|-damage|p1a: Landorus|49\/100\n|-damage|p1b: Roaring Moon|13\/100\n|\n|-sideend|p1: Jook rogan|move: Tailwind\n|upkeep\n|turn|6\n|\n|t:|1700346150\n|move|p1b: Roaring Moon|Acrobatics|p2a: Arcanine\n|-damage|p2a: Arcanine|25\/100\n|move|p1a: Landorus|Stomping Tantrum|p2b: Iron Bundle\n|-damage|p2b: Iron Bundle|0 fnt\n|faint|p2b: Iron Bundle\n|-end|p2b: Iron Bundle|Quark Drive|[silent]\n|move|p2a: Arcanine|Rock Slide|p1b: Roaring Moon|[spread] p1a,p1b\n|-supereffective|p1b: Roaring Moon\n|-damage|p1a: Landorus|18\/100\n|-damage|p1b: Roaring Moon|0 fnt\n|faint|p1b: Roaring Moon\n|-end|p1b: Roaring Moon|Protosynthesis|[silent]\n|\n|upkeep\n|\n|t:|1700346160\n|switch|p2b: Ursaluna|Ursaluna-Bloodmoon, L50, M|100\/100\n|turn|7\n|\n|t:|1700346169\n|move|p2a: Arcanine|Extreme Speed|p1a: Landorus\n|-damage|p1a: Landorus|0 fnt\n|faint|p1a: Landorus\n|\n|win|AlexC5000\n|raw|Jook rogan's rating: 1102 &rarr; <strong>1077<\/strong><br \/>(-25 for losing)\n|raw|AlexC5000's rating: 1107 &rarr; <strong>1132<\/strong><br \/>(+25 for winning)\n","uploadtime":1700346072,"views":8,"p1id":"jookrogan","p2id":"alexc5000","formatid":"gen9vgc2023regulatione","rating":1077,"private":0,"password":""}