{"id":"gen9vgc2023regulatione-1995577030","p1":"Vitao Kazones","p2":"mochipupusa","format":"[Gen 9] VGC 2023 Regulation E","log":"|j|\u2606Vitao Kazones\n|j|\u2606mochipupusa\n|t:|1700584377\n|gametype|doubles\n|player|p1|Vitao Kazones|drayden|1435\n|player|p2|mochipupusa|101|1347\n|teamsize|p1|6\n|teamsize|p2|6\n|gen|9\n|tier|[Gen 9] VGC 2023 Regulation E\n|rated|\n|rule|Species Clause: Limit one of each Pok\u00e9mon\n|rule|Item Clause: Limit one of each item\n|clearpoke\n|poke|p1|Flutter Mane, L50|\n|poke|p1|Landorus-Therian, L50, M|\n|poke|p1|Illumise, L50, F|\n|poke|p1|Amoonguss, L50, F|\n|poke|p1|Ogerpon-Wellspring, L50, F|\n|poke|p1|Chi-Yu, L50|\n|poke|p2|Roaring Moon, L50|\n|poke|p2|Milotic, L50, F|\n|poke|p2|Landorus-Therian, L50, M|\n|poke|p2|Flutter Mane, L50|\n|poke|p2|Iron Hands, L50|\n|poke|p2|Ogerpon-Hearthflame, L50, F|\n|teampreview|4\nmochipupusa has agreed to open team sheets.\nVitao Kazones has agreed to open team sheets.\n|inactive|Battle timer is ON: inactive players will automatically lose when time's up. (requested by Vitao Kazones)\n|\n|t:|1700584446\n|start\n|switch|p1a: Flutter Mane|Flutter Mane, L50|100\/100\n|switch|p1b: Illumise|Illumise, L50, F|100\/100\n|switch|p2a: Ogerpon|Ogerpon-Hearthflame, L50, F|100\/100\n|switch|p2b: Milotic|Milotic, L50, F|100\/100\n|-ability|p2a: Ogerpon|Mold Breaker\n|-enditem|p1a: Flutter Mane|Booster Energy\n|-activate|p1a: Flutter Mane|ability: Protosynthesis|[fromitem]\n|-start|p1a: Flutter Mane|protosynthesisspa\n|turn|1\n|\n|t:|1700584470\n|move|p1b: Illumise|Protect|p1b: Illumise\n|-singleturn|p1b: Illumise|Protect\n|move|p1a: Flutter Mane|Protect|p1a: Flutter Mane\n|-singleturn|p1a: Flutter Mane|Protect\n|move|p2a: Ogerpon|Ivy Cudgel|p1b: Illumise|[anim] Ivy Cudgel Fire\n|-activate|p1b: Illumise|move: Protect\n|move|p2b: Milotic|Icy Wind|p1a: Flutter Mane|[spread] \n|-activate|p1a: Flutter Mane|move: Protect\n|-activate|p1b: Illumise|move: Protect\n|\n|upkeep\n|turn|2\n|\n|t:|1700584487\n|move|p1b: Illumise|Tailwind|p1b: Illumise\n|-sidestart|p1: Vitao Kazones|move: Tailwind\n|move|p1a: Flutter Mane|Shadow Ball|p2a: Ogerpon\n|-damage|p2a: Ogerpon|37\/100\n|move|p2a: Ogerpon|Ivy Cudgel|p1a: Flutter Mane|[anim] Ivy Cudgel Fire\n|-crit|p1a: Flutter Mane\n|-damage|p1a: Flutter Mane|0 fnt\n|faint|p1a: Flutter Mane\n|-end|p1a: Flutter Mane|Protosynthesis|[silent]\n|move|p2b: Milotic|Icy Wind|p1b: Illumise\n|-damage|p1b: Illumise|84\/100\n|-unboost|p1b: Illumise|spe|1\n|\n|upkeep\n|\n|t:|1700584503\n|switch|p1a: Landorus|Landorus-Therian, L50, M|100\/100\n|-ability|p1a: Landorus|Intimidate|boost\n|-unboost|p2a: Ogerpon|atk|1\n|-unboost|p2b: Milotic|atk|1\n|-ability|p2b: Milotic|Competitive|boost\n|-boost|p2b: Milotic|spa|2\n|turn|3\n|inactive|Vitao Kazones has 30 seconds left.\n|\n|t:|1700584534\n|switch|p1b: Ogerpon|Ogerpon-Wellspring, L50, F|100\/100\n|-terastallize|p1a: Landorus|Flying\n|move|p2a: Ogerpon|Spiky Shield|p2a: Ogerpon\n|-singleturn|p2a: Ogerpon|move: Protect\n|move|p1a: Landorus|Rock Slide|p2b: Milotic|[spread] \n|-activate|p2a: Ogerpon|move: Protect\n|-miss|p1a: Landorus|p2b: Milotic\n|move|p2b: Milotic|Icy Wind|p1a: Landorus|[spread] p1a,p1b\n|-supereffective|p1a: Landorus\n|-damage|p1a: Landorus|39\/100\n|-damage|p1b: Ogerpon|75\/100\n|-unboost|p1a: Landorus|spe|1\n|-unboost|p1b: Ogerpon|spe|1\n|\n|upkeep\n|turn|4\n|inactive|mochipupusa has 30 seconds left.\n|\n|t:|1700584560\n|switch|p2a: Iron Hands|Iron Hands, L50|100\/100\n|move|p1a: Landorus|Rock Slide|p2a: Iron Hands|[spread] p2a\n|-miss|p1a: Landorus|p2b: Milotic\n|-resisted|p2a: Iron Hands\n|-damage|p2a: Iron Hands|93\/100\n|move|p1b: Ogerpon|Horn Leech|p2b: Milotic\n|-supereffective|p2b: Milotic\n|-damage|p2b: Milotic|18\/100\n|-heal|p1b: Ogerpon|100\/100|[from] drain|[of] p2b: Milotic\n|move|p2b: Milotic|Icy Wind|p1b: Ogerpon|[spread] p1a,p1b\n|-supereffective|p1a: Landorus\n|-damage|p1a: Landorus|0 fnt\n|-damage|p1b: Ogerpon|74\/100\n|-unboost|p1b: Ogerpon|spe|1\n|faint|p1a: Landorus\n|\n|-heal|p2b: Milotic|24\/100|[from] item: Leftovers\n|upkeep\n|\n|t:|1700584579\n|switch|p1a: Illumise|Illumise, L50, F|84\/100\n|turn|5\n|inactive|mochipupusa has 30 seconds left.\n|\n|t:|1700584614\n|switch|p2b: Ogerpon|Ogerpon-Hearthflame, L50, F|37\/100\n|-ability|p2b: Ogerpon|Mold Breaker\n|move|p1a: Illumise|Protect|p1a: Illumise\n|-singleturn|p1a: Illumise|Protect\n|move|p1b: Ogerpon|Spiky Shield|p1b: Ogerpon\n|-singleturn|p1b: Ogerpon|move: Protect\n|move|p2a: Iron Hands|Wild Charge|p1a: Illumise\n|-activate|p1a: Illumise|move: Protect\n|\n|-sideend|p1: Vitao Kazones|move: Tailwind\n|upkeep\n|turn|6\n|inactive|mochipupusa has 30 seconds left.\n|\n|t:|1700584641\n|move|p2b: Ogerpon|Follow Me|p2b: Ogerpon\n|-singleturn|p2b: Ogerpon|move: Follow Me\n|move|p1a: Illumise|Tailwind|p1a: Illumise\n|-sidestart|p1: Vitao Kazones|move: Tailwind\n|move|p1b: Ogerpon|Ivy Cudgel|p2b: Ogerpon|[anim] Ivy Cudgel Water\n|-damage|p2b: Ogerpon|0 fnt\n|faint|p2b: Ogerpon\n|move|p2a: Iron Hands|Wild Charge|p1b: Ogerpon\n|-damage|p1b: Ogerpon|17\/100\n|-damage|p2a: Iron Hands|83\/100|[from] Recoil\n|\n|upkeep\n|\n|t:|1700584657\n|switch|p2b: Milotic|Milotic, L50, F|24\/100\n|turn|7\n|\n|t:|1700584669\n|move|p1a: Illumise|Infestation|p2a: Iron Hands\n|-resisted|p2a: Iron Hands\n|-damage|p2a: Iron Hands|82\/100\n|-activate|p2a: Iron Hands|move: Infestation|[of] p1a: Illumise\n|move|p1b: Ogerpon|Horn Leech|p2b: Milotic\n|-supereffective|p2b: Milotic\n|-damage|p2b: Milotic|0 fnt\n|-heal|p1b: Ogerpon|32\/100|[from] drain|[of] p2b: Milotic\n|faint|p2b: Milotic\n|move|p2a: Iron Hands|Wild Charge|p1b: Ogerpon\n|-damage|p1b: Ogerpon|0 fnt\n|faint|p1b: Ogerpon\n|-damage|p2a: Iron Hands|77\/100|[from] Recoil\n|\n|-damage|p2a: Iron Hands|65\/100|[from] move: Infestation|[partiallytrapped]\n|upkeep\n|\n|t:|1700584683\n|switch|p2b: Flutter Mane|Flutter Mane, L50|100\/100\n|turn|8\n|\n|t:|1700584696\n|-terastallize|p2b: Flutter Mane|Fairy\n|move|p1a: Illumise|Infestation|p2b: Flutter Mane\n|-resisted|p2b: Flutter Mane\n|-damage|p2b: Flutter Mane|98\/100\n|-activate|p2b: Flutter Mane|move: Infestation|[of] p1a: Illumise\n|move|p2b: Flutter Mane|Moonblast|p1a: Illumise\n|-damage|p1a: Illumise|0 fnt\n|faint|p1a: Illumise\n|\n|win|mochipupusa\n|raw|Vitao Kazones's rating: 1435 &rarr; <strong>1410<\/strong><br \/>(-25 for losing)\n|raw|mochipupusa's rating: 1347 &rarr; <strong>1372<\/strong><br \/>(+25 for winning)\n","uploadtime":1700584708,"views":3,"p1id":"vitaokazones","p2id":"mochipupusa","formatid":"gen9vgc2023regulatione","rating":1372,"private":0,"password":""}