{"id":"gen9vgc2023regulatione-1994284882","p1":"Osprey11","p2":"AC Wesley","format":"[Gen 9] VGC 2023 Regulation E","log":"|j|\u2606Osprey11\n|j|\u2606AC Wesley\n|n|\u2606Osprey11|osprey11\n|n|\u2606AC Wesley|acwesley\n|html|View the match progress at <a href=\"\/game-bestof3-gen9vgc2023regulatione-1994280483\">game-bestof3-gen9vgc2023regulatione-1994280483<\/a>\n|t:|1700427015\n|gametype|doubles\n|player|p1|Osprey11|101|\n|player|p2|AC Wesley|thorton|\n|teamsize|p1|6\n|teamsize|p2|6\n|gen|9\n|tier|[Gen 9] VGC 2023 Regulation E\n|rule|Species Clause: Limit one of each Pok\u00e9mon\n|rule|Item Clause: Limit one of each item\n|clearpoke\n|poke|p1|Moltres-Galar, L50|\n|poke|p1|Sinistcha, L50|\n|poke|p1|Iron Hands, L50|\n|poke|p1|Ogerpon-Wellspring, L50, F|\n|poke|p1|Arcanine-Hisui, L50, M|\n|poke|p1|Tornadus, L50, M|\n|poke|p2|Iron Hands, L50|\n|poke|p2|Farigiraf, L50, F|\n|poke|p2|Ursaluna-Bloodmoon, L50, M|\n|poke|p2|Flutter Mane, L50|\n|poke|p2|Heatran, L50, M|\n|poke|p2|Ogerpon-Wellspring, L50, F|\n|teampreview|4\n|inactive|Battle timer is ON: inactive players will automatically lose when time's up. (requested by AC Wesley)\n|inactive|Osprey11 has 60 seconds left.\n|inactive|AC Wesley has 60 seconds left.\n|inactive|AC Wesley has 30 seconds left.\n|inactive|AC Wesley has 20 seconds left.\n|inactive|AC Wesley has 15 seconds left.\n|\n|t:|1700427092\n|start\n|switch|p1a: Iron Hands|Iron Hands, L50|100\/100\n|switch|p1b: Arcanine|Arcanine-Hisui, L50, M|100\/100\n|switch|p2a: Flutter Mane|Flutter Mane, L50|100\/100\n|switch|p2b: Iron Hands|Iron Hands, L50|100\/100\n|-ability|p1b: Arcanine|Intimidate|boost\n|-unboost|p2a: Flutter Mane|atk|1\n|-unboost|p2b: Iron Hands|atk|1\n|-enditem|p2a: Flutter Mane|Booster Energy\n|-activate|p2a: Flutter Mane|ability: Protosynthesis|[fromitem]\n|-start|p2a: Flutter Mane|protosynthesisspe\n|turn|1\n|inactive|AC Wesley has 30 seconds left.\n|inactive|Osprey11 has 30 seconds left.\n|\n|t:|1700427128\n|-end|p2a: Flutter Mane|Protosynthesis|[silent]\n|switch|p2a: Ogerpon|Ogerpon-Wellspring, L50, F|100\/100\n|move|p1a: Iron Hands|Fake Out|p2b: Iron Hands\n|-damage|p2b: Iron Hands|91\/100\n|cant|p2b: Iron Hands|flinch\n|move|p1b: Arcanine|Will-O-Wisp|p2b: Iron Hands\n|-status|p2b: Iron Hands|brn\n|\n|-damage|p2b: Iron Hands|84\/100 brn|[from] brn\n|upkeep\n|turn|2\n|inactive|AC Wesley has 30 seconds left.\n|inactive|AC Wesley has 20 seconds left.\n|\n|t:|1700427167\n|switch|p1b: Ogerpon|Ogerpon-Wellspring, L50, F|100\/100\n|move|p2a: Ogerpon|Spiky Shield|p2a: Ogerpon\n|-singleturn|p2a: Ogerpon|move: Protect\n|move|p1a: Iron Hands|Drain Punch|p2a: Ogerpon\n|-activate|p2a: Ogerpon|move: Protect\n|-damage|p1a: Iron Hands|88\/100|[from] Spiky Shield|[of] p2a: Ogerpon\n|move|p2b: Iron Hands|Drain Punch|p1b: Ogerpon\n|-damage|p1b: Ogerpon|87\/100\n|-heal|p2b: Iron Hands|89\/100 brn|[from] drain|[of] p1b: Ogerpon\n|\n|-damage|p2b: Iron Hands|83\/100 brn|[from] brn\n|upkeep\n|turn|3\n|\n|t:|1700427188\n|switch|p2a: Flutter Mane|Flutter Mane, L50|100\/100\n|move|p1b: Ogerpon|Ivy Cudgel|p2b: Iron Hands|[anim] Ivy Cudgel Water\n|-damage|p2b: Iron Hands|52\/100 brn\n|move|p1a: Iron Hands|Wild Charge|p2a: Flutter Mane\n|-damage|p2a: Flutter Mane|0 fnt\n|faint|p2a: Flutter Mane\n|-end|p2a: Flutter Mane|Protosynthesis|[silent]\n|-damage|p1a: Iron Hands|74\/100|[from] Recoil\n|move|p2b: Iron Hands|Drain Punch|p1a: Iron Hands\n|-damage|p1a: Iron Hands|64\/100\n|-heal|p2b: Iron Hands|56\/100 brn|[from] drain|[of] p1a: Iron Hands\n|\n|-damage|p2b: Iron Hands|50\/100 brn|[from] brn\n|upkeep\n|\n|t:|1700427201\n|switch|p2a: Heatran|Heatran, L50, M|100\/100\n|turn|4\n|j| Van. Volcanucks\n|inactive|AC Wesley has 30 seconds left.\n|\n|t:|1700427236\n|-end|p2b: Iron Hands|Quark Drive|[silent]\n|switch|p2b: Ogerpon|Ogerpon-Wellspring, L50, F|100\/100\n|-terastallize|p2a: Heatran|Grass\n|move|p1b: Ogerpon|Ivy Cudgel|p2a: Heatran|[anim] Ivy Cudgel Water\n|-resisted|p2a: Heatran\n|-crit|p2a: Heatran\n|-damage|p2a: Heatran|66\/100\n|move|p2a: Heatran|Magma Storm|p1b: Ogerpon\n|-damage|p1b: Ogerpon|32\/100\n|-activate|p1b: Ogerpon|move: Magma Storm|[of] p2a: Heatran\n|move|p1a: Iron Hands|Drain Punch|p2a: Heatran\n|-damage|p2a: Heatran|31\/100\n|-heal|p1a: Iron Hands|79\/100|[from] drain|[of] p2a: Heatran\n|\n|-heal|p2a: Heatran|38\/100|[from] item: Leftovers\n|-damage|p1b: Ogerpon|20\/100|[from] move: Magma Storm|[partiallytrapped]\n|upkeep\n|turn|5\n|inactive|Osprey11 has 30 seconds left.\n|inactive|AC Wesley has 30 seconds left.\n|inactive|Osprey11 has 20 seconds left.\n|inactive|AC Wesley has 20 seconds left.\n|inactive|AC Wesley has 15 seconds left.\n|inactive|AC Wesley has 10 seconds left.\n|\n|t:|1700427286\n|move|p2a: Heatran|Protect|p2a: Heatran\n|-singleturn|p2a: Heatran|Protect\n|move|p2b: Ogerpon|Horn Leech|p1b: Ogerpon\n|-damage|p1b: Ogerpon|0 fnt\n|faint|p1b: Ogerpon\n|move|p1a: Iron Hands|Drain Punch|p2a: Heatran\n|-activate|p2a: Heatran|move: Protect\n|\n|-heal|p2a: Heatran|44\/100|[from] item: Leftovers\n|upkeep\n|\n|t:|1700427296\n|switch|p1b: Arcanine|Arcanine-Hisui, L50, M|100\/100\n|-ability|p1b: Arcanine|Intimidate|boost\n|-unboost|p2a: Heatran|atk|1\n|-unboost|p2b: Ogerpon|atk|1\n|turn|6\n|inactive|Osprey11 has 30 seconds left.\n|inactive|AC Wesley has 30 seconds left.\n|\n|t:|1700427327\n|-terastallize|p1b: Arcanine|Grass\n|move|p2b: Ogerpon|Ivy Cudgel|p1a: Iron Hands|[anim] Ivy Cudgel Water\n|-damage|p1a: Iron Hands|50\/100\n|move|p1b: Arcanine|Snarl|p2a: Heatran|[spread] p2a,p2b\n|-damage|p2a: Heatran|37\/100\n|-damage|p2b: Ogerpon|91\/100\n|-unboost|p2a: Heatran|spa|1\n|-unboost|p2b: Ogerpon|spa|1\n|move|p2a: Heatran|Earth Power|p1a: Iron Hands\n|-supereffective|p1a: Iron Hands\n|-damage|p1a: Iron Hands|25\/100\n|move|p1a: Iron Hands|Drain Punch|p2a: Heatran\n|-damage|p2a: Heatran|4\/100\n|-heal|p1a: Iron Hands|39\/100|[from] drain|[of] p2a: Heatran\n|\n|-heal|p2a: Heatran|10\/100|[from] item: Leftovers\n|upkeep\n|turn|7\n|inactive|Osprey11 has 30 seconds left.\n|inactive|AC Wesley has 30 seconds left.\n|\n|t:|1700427359\n|-end|p1a: Iron Hands|Quark Drive|[silent]\n|switch|p1a: Tornadus|Tornadus, L50, M|100\/100\n|move|p2a: Heatran|Protect|p2a: Heatran\n|-singleturn|p2a: Heatran|Protect\n|move|p2b: Ogerpon|Ivy Cudgel|p1a: Tornadus|[anim] Ivy Cudgel Water\n|-damage|p1a: Tornadus|63\/100\n|move|p1b: Arcanine|Will-O-Wisp|p2b: Ogerpon\n|-status|p2b: Ogerpon|brn\n|\n|-heal|p2a: Heatran|16\/100|[from] item: Leftovers\n|-damage|p2b: Ogerpon|85\/100 brn|[from] brn\n|upkeep\n|turn|8\n|inactive|AC Wesley has 30 seconds left.\n|\n|t:|1700427390\n|move|p2b: Ogerpon|Spiky Shield|p2b: Ogerpon\n|-singleturn|p2b: Ogerpon|move: Protect\n|move|p1a: Tornadus|Bleakwind Storm|p2a: Heatran|[spread] p2a\n|-activate|p2b: Ogerpon|move: Protect\n|-supereffective|p2a: Heatran\n|-damage|p2a: Heatran|0 fnt\n|faint|p2a: Heatran\n|move|p1b: Arcanine|Rock Slide|p2b: Ogerpon\n|-activate|p2b: Ogerpon|move: Protect\n|\n|-damage|p2b: Ogerpon|79\/100 brn|[from] brn\n|upkeep\n|\n|t:|1700427393\n|switch|p2a: Iron Hands|Iron Hands, L50|50\/100 brn\n|turn|9\n|\n|t:|1700427419\n|move|p2b: Ogerpon|Ivy Cudgel|p1a: Tornadus|[anim] Ivy Cudgel Water\n|-damage|p1a: Tornadus|42\/100\n|move|p1a: Tornadus|Bleakwind Storm|p2a: Iron Hands|[spread] p2a\n|-miss|p1a: Tornadus|p2b: Ogerpon\n|-damage|p2a: Iron Hands|32\/100 brn\n|move|p1b: Arcanine|Flare Blitz|p2a: Iron Hands\n|-damage|p2a: Iron Hands|0 fnt\n|faint|p2a: Iron Hands\n|-end|p2a: Iron Hands|Quark Drive|[silent]\n|-damage|p1b: Arcanine|87\/100|[from] Recoil\n|\n|-damage|p2b: Ogerpon|73\/100 brn|[from] brn\n|upkeep\n|turn|10\n|-message|AC Wesley forfeited.\n|\n|win|Osprey11\n|c|&|\/uhtml prompt-acwesley,AC Wesley is ready for game 3!\n|c|&|\/uhtml prompt-osprey11,Osprey11 is ready for game 3!\nBoth players are ready! Starting next match!\n|l| Van. Volcanucks\n","uploadtime":1700427779,"views":6,"p1id":"osprey11","p2id":"acwesley","formatid":"gen9vgc2023regulatione","rating":0,"private":0,"password":""}