{"id":"gen9vgc2023regulatione-1992275791","p1":"Krjazkz","p2":"Clover0","format":"[Gen 9] VGC 2023 Regulation E","log":"|j|\u2606Krjazkz\n|j|\u2606Clover0\n|t:|1700170027\n|gametype|doubles\n|player|p1|Krjazkz|lance|1136\n|player|p2|Clover0|steven|1190\n|teamsize|p1|6\n|teamsize|p2|6\n|gen|9\n|tier|[Gen 9] VGC 2023 Regulation E\n|rated|\n|rule|Species Clause: Limit one of each Pok\u00e9mon\n|rule|Item Clause: Limit one of each item\n|clearpoke\n|poke|p1|Flutter Mane, L50|\n|poke|p1|Tornadus, L50, M|\n|poke|p1|Rillaboom, L50, F|\n|poke|p1|Garganacl, L50, F|\n|poke|p1|Arcanine-Hisui, L50, M|\n|poke|p1|Chien-Pao, L50|\n|poke|p2|Torkoal, L50, M|\n|poke|p2|Lurantis, L50, F|\n|poke|p2|Sinistcha, L50|\n|poke|p2|Iron Hands, L50|\n|poke|p2|Oranguru, L50, F|\n|poke|p2|Grimmsnarl, L50, M|\n|teampreview|4\n|\n|t:|1700170057\n|start\n|switch|p1a: Tornadus|Tornadus, L50, M|100\/100\n|switch|p1b: Garganacl|Garganacl, L50, F|100\/100\n|switch|p2a: Oranguru|Oranguru, L50, F|100\/100\n|switch|p2b: Iron Hands|Iron Hands, L50|100\/100\n|turn|1\n|inactive|Battle timer is ON: inactive players will automatically lose when time's up. (requested by Clover0)\n|\n|t:|1700170075\n|-terastallize|p1b: Garganacl|Ghost\n|move|p2b: Iron Hands|Fake Out|p1a: Tornadus\n|-damage|p1a: Tornadus|78\/100\n|-damage|p2b: Iron Hands|84\/100|[from] item: Rocky Helmet|[of] p1a: Tornadus\n|cant|p1a: Tornadus|flinch\n|move|p1b: Garganacl|Salt Cure|p2a: Oranguru\n|-damage|p2a: Oranguru|89\/100\n|-start|p2a: Oranguru|Salt Cure\n|move|p2a: Oranguru|Trick Room|p2a: Oranguru\n|-fieldstart|move: Trick Room|[of] p2a: Oranguru\n|\n|-damage|p2a: Oranguru|77\/100|[from] Salt Cure\n|upkeep\n|turn|2\n|inactive|Clover0 has 30 seconds left.\n|\n|t:|1700170102\n|switch|p1a: Arcanine|Arcanine-Hisui, L50, M|100\/100\n|-ability|p1a: Arcanine|Intimidate|boost\n|-unboost|p2a: Oranguru|atk|1\n|-unboost|p2b: Iron Hands|atk|1\n|move|p2b: Iron Hands|Wild Charge|p1a: Arcanine\n|-damage|p1a: Arcanine|56\/100\n|-damage|p2b: Iron Hands|76\/100|[from] Recoil\n|move|p1b: Garganacl|Salt Cure|p2b: Iron Hands\n|-resisted|p2b: Iron Hands\n|-damage|p2b: Iron Hands|71\/100\n|-start|p2b: Iron Hands|Salt Cure\n|move|p2a: Oranguru|Psychic|p1a: Arcanine\n|-damage|p1a: Arcanine|22\/100\n|\n|-damage|p2b: Iron Hands|59\/100|[from] Salt Cure\n|-damage|p2a: Oranguru|65\/100|[from] Salt Cure\n|upkeep\n|turn|3\n|\n|t:|1700170124\n|-end|p2b: Iron Hands|Quark Drive|[silent]\n|switch|p2b: Sinistcha|Sinistcha, L50|100\/100\n|-heal|p2a: Oranguru|90\/100|[from] ability: Hospitality|[of] p2b: Sinistcha\n|switch|p1a: Tornadus|Tornadus, L50, M|78\/100\n|move|p1b: Garganacl|Iron Defense|p1b: Garganacl\n|-boost|p1b: Garganacl|def|2\n|move|p2a: Oranguru|Psychic|p1a: Tornadus\n|-damage|p1a: Tornadus|53\/100\n|\n|-damage|p2a: Oranguru|78\/100|[from] Salt Cure\n|upkeep\n|turn|4\n|\n|t:|1700170144\n|move|p1b: Garganacl|Salt Cure|p2b: Sinistcha\n|-crit|p2b: Sinistcha\n|-damage|p2b: Sinistcha|78\/100\n|-start|p2b: Sinistcha|Salt Cure\n|move|p2a: Oranguru|Psychic|p1a: Tornadus\n|-damage|p1a: Tornadus|31\/100\n|move|p2b: Sinistcha|Matcha Gotcha|p1b: Garganacl|[spread] p1b\n|-miss|p2b: Sinistcha|p1a: Tornadus\n|-damage|p1b: Garganacl|80\/100\n|-heal|p2b: Sinistcha|90\/100|[from] drain|[of] p1b: Garganacl\n|move|p1a: Tornadus|Bleakwind Storm|p2b: Sinistcha|[spread] p2a,p2b\n|-supereffective|p2b: Sinistcha\n|-damage|p2a: Oranguru|51\/100\n|-damage|p2b: Sinistcha|18\/100\n|-unboost|p2a: Oranguru|spe|1\n|-enditem|p2b: Sinistcha|Sitrus Berry|[eat]\n|-heal|p2b: Sinistcha|43\/100|[from] item: Sitrus Berry\n|\n|-damage|p2a: Oranguru|39\/100|[from] Salt Cure\n|-damage|p2b: Sinistcha|30\/100|[from] Salt Cure\n|upkeep\n|turn|5\n|inactive|Krjazkz has 30 seconds left.\n|\n|t:|1700170173\n|move|p2a: Oranguru|Psychic|p1a: Tornadus\n|-damage|p1a: Tornadus|8\/100\n|move|p1b: Garganacl|Salt Cure|p2b: Sinistcha\n|-damage|p2b: Sinistcha|17\/100\n|move|p2b: Sinistcha|Matcha Gotcha|p1a: Tornadus|[spread] p1a\n|-miss|p2b: Sinistcha|p1b: Garganacl\n|-resisted|p1a: Tornadus\n|-damage|p1a: Tornadus|0 fnt\n|-heal|p2b: Sinistcha|21\/100|[from] drain|[of] p1a: Tornadus\n|faint|p1a: Tornadus\n|\n|-damage|p2a: Oranguru|27\/100|[from] Salt Cure\n|-damage|p2b: Sinistcha|8\/100|[from] Salt Cure\n|-fieldend|move: Trick Room\n|upkeep\n|\n|t:|1700170183\n|switch|p1a: Arcanine|Arcanine-Hisui, L50, M|22\/100\n|-ability|p1a: Arcanine|Intimidate|boost\n|-unboost|p2a: Oranguru|atk|1\n|-unboost|p2b: Sinistcha|atk|1\n|turn|6\n|\n|t:|1700170201\n|move|p1a: Arcanine|Rock Slide|p2a: Oranguru|[spread] p2a,p2b\n|-damage|p2a: Oranguru|0 fnt\n|-damage|p2b: Sinistcha|0 fnt\n|faint|p2a: Oranguru\n|faint|p2b: Sinistcha\n|move|p1b: Garganacl|Salt Cure|p2: Oranguru|[notarget]\n|-fail|p1b: Garganacl\n|\n|upkeep\n|\n|t:|1700170205\n|switch|p2b: Iron Hands|Iron Hands, L50|59\/100\n|switch|p2a: Torkoal|Torkoal, L50, M, shiny|100\/100\n|-weather|SunnyDay|[from] ability: Drought|[of] p2a: Torkoal\n|turn|7\n|\n|t:|1700170218\n|switch|p1a: Chien-Pao|Chien-Pao, L50|100\/100\n|-ability|p1a: Chien-Pao|Sword of Ruin\n|-terastallize|p2b: Iron Hands|Grass\n|move|p1b: Garganacl|Protect|p1b: Garganacl\n|-singleturn|p1b: Garganacl|Protect\n|move|p2a: Torkoal|Protect|p2a: Torkoal\n|-singleturn|p2a: Torkoal|Protect\n|move|p2b: Iron Hands|Drain Punch|p1a: Chien-Pao\n|-supereffective|p1a: Chien-Pao\n|-enditem|p1a: Chien-Pao|Focus Sash\n|-damage|p1a: Chien-Pao|1\/100\n|-heal|p2b: Iron Hands|90\/100|[from] drain|[of] p1a: Chien-Pao\n|\n|-weather|SunnyDay|[upkeep]\n|upkeep\n|turn|8\n|\n|t:|1700170242\n|move|p1a: Chien-Pao|Sucker Punch|p2a: Torkoal\n|-damage|p2a: Torkoal|63\/100\n|move|p1b: Garganacl|Salt Cure|p2a: Torkoal\n|-supereffective|p2a: Torkoal\n|-damage|p2a: Torkoal|33\/100\n|-start|p2a: Torkoal|Salt Cure\n|move|p2b: Iron Hands|Heavy Slam|p1b: Garganacl\n|-damage|p1b: Garganacl|72\/100\n|move|p2a: Torkoal|Heat Wave|p1b: Garganacl|[spread] p1a,p1b\n|-supereffective|p1a: Chien-Pao\n|-damage|p1a: Chien-Pao|0 fnt\n|-damage|p1b: Garganacl|32\/100\n|-enditem|p1b: Garganacl|Sitrus Berry|[eat]\n|-heal|p1b: Garganacl|57\/100|[from] item: Sitrus Berry\n|faint|p1a: Chien-Pao\n|\n|-weather|SunnyDay|[upkeep]\n|-damage|p2a: Torkoal|20\/100|[from] Salt Cure\n|upkeep\n|\n|t:|1700170247\n|switch|p1a: Arcanine|Arcanine-Hisui, L50, M|22\/100\n|-ability|p1a: Arcanine|Intimidate|boost\n|-unboost|p2a: Torkoal|atk|1\n|-unboost|p2b: Iron Hands|atk|1\n|turn|9\n|\n|t:|1700170263\n|move|p1b: Garganacl|Protect|p1b: Garganacl\n|-singleturn|p1b: Garganacl|Protect\n|move|p2a: Torkoal|Protect|p2a: Torkoal\n|-singleturn|p2a: Torkoal|Protect\n|move|p1a: Arcanine|Rock Slide|p2b: Iron Hands|[spread] p2b\n|-activate|p2a: Torkoal|move: Protect\n|-damage|p2b: Iron Hands|64\/100\n|move|p2b: Iron Hands|Drain Punch|p1a: Arcanine\n|-supereffective|p1a: Arcanine\n|-damage|p1a: Arcanine|0 fnt\n|-heal|p2b: Iron Hands|71\/100|[from] drain|[of] p1a: Arcanine\n|faint|p1a: Arcanine\n|\n|-weather|SunnyDay|[upkeep]\n|-damage|p2a: Torkoal|8\/100|[from] Salt Cure\n|upkeep\n|turn|10\n|\n|t:|1700170281\n|move|p1b: Garganacl|Recover|p1b: Garganacl\n|-heal|p1b: Garganacl|100\/100\n|move|p2b: Iron Hands|Heavy Slam|p1b: Garganacl\n|-damage|p1b: Garganacl|97\/100\n|move|p2a: Torkoal|Solar Beam||[still]\n|-prepare|p2a: Torkoal|Solar Beam\n|-anim|p2a: Torkoal|Solar Beam|p1b: Garganacl\n|-damage|p1b: Garganacl|73\/100\n|\n|-weather|SunnyDay|[upkeep]\n|-damage|p2a: Torkoal|0 fnt|[from] Salt Cure\n|faint|p2a: Torkoal\n|upkeep\n|turn|11\n|\n|t:|1700170293\n|move|p1b: Garganacl|Salt Cure|p2b: Iron Hands\n|-damage|p2b: Iron Hands|62\/100\n|-start|p2b: Iron Hands|Salt Cure\n|move|p2b: Iron Hands|Wild Charge|p1b: Garganacl\n|-damage|p1b: Garganacl|60\/100\n|-damage|p2b: Iron Hands|59\/100|[from] Recoil\n|\n|-weather|none\n|-damage|p2b: Iron Hands|47\/100|[from] Salt Cure\n|upkeep\n|turn|12\n|\n|t:|1700170300\n|move|p1b: Garganacl|Protect|p1b: Garganacl\n|-singleturn|p1b: Garganacl|Protect\n|move|p2b: Iron Hands|Wild Charge|p1b: Garganacl\n|-activate|p1b: Garganacl|move: Protect\n|\n|-damage|p2b: Iron Hands|35\/100|[from] Salt Cure\n|upkeep\n|turn|13\n|\n|t:|1700170302\n|move|p1b: Garganacl|Iron Defense|p1b: Garganacl\n|-boost|p1b: Garganacl|def|2\n|move|p2b: Iron Hands|Wild Charge|p1b: Garganacl\n|-damage|p1b: Garganacl|51\/100\n|-damage|p2b: Iron Hands|33\/100|[from] Recoil\n|\n|-damage|p2b: Iron Hands|21\/100|[from] Salt Cure\n|upkeep\n|turn|14\n|\n|t:|1700170307\n|move|p1b: Garganacl|Iron Defense|p1b: Garganacl\n|-boost|p1b: Garganacl|def|2\n|move|p2b: Iron Hands|Wild Charge|p1b: Garganacl\n|-damage|p1b: Garganacl|44\/100\n|-damage|p2b: Iron Hands|19\/100|[from] Recoil\n|\n|-damage|p2b: Iron Hands|7\/100|[from] Salt Cure\n|upkeep\n|turn|15\n|\n|t:|1700170309\n|move|p1b: Garganacl|Protect|p1b: Garganacl\n|-singleturn|p1b: Garganacl|Protect\n|move|p2b: Iron Hands|Wild Charge|p1b: Garganacl\n|-activate|p1b: Garganacl|move: Protect\n|\n|-damage|p2b: Iron Hands|0 fnt|[from] Salt Cure\n|faint|p2b: Iron Hands\n|-end|p2b: Iron Hands|Quark Drive|[silent]\n|\n|win|Krjazkz\n|upkeep\n|raw|Krjazkz's rating: 1136 &rarr; <strong>1165<\/strong><br \/>(+29 for winning)\n|raw|Clover0's rating: 1190 &rarr; <strong>1161<\/strong><br \/>(-29 for losing)\n","uploadtime":1700170313,"views":15,"p1id":"krjazkz","p2id":"clover0","formatid":"gen9vgc2023regulatione","rating":1161,"private":0,"password":""}