{"id":"gen9vgc2023regulatione-1999892384","p1":"Lithoriorm","p2":"poppo9090","format":"[Gen 9] VGC 2023 Regulation E","log":"|j|\u2606Lithoriorm\n|j|\u2606poppo9090\n|t:|1701127042\n|gametype|doubles\n|player|p1|Lithoriorm|265|1381\n|player|p2|poppo9090|266|1405\n|teamsize|p1|6\n|teamsize|p2|6\n|gen|9\n|tier|[Gen 9] VGC 2023 Regulation E\n|rated|\n|rule|Species Clause: Limit one of each Pok\u00e9mon\n|rule|Item Clause: Limit one of each item\n|clearpoke\n|poke|p1|Chi-Yu, L50|\n|poke|p1|Flutter Mane, L50|\n|poke|p1|Iron Hands, L50|\n|poke|p1|Tornadus, L50, M|\n|poke|p1|Arcanine-Hisui, L50, F|\n|poke|p1|Ogerpon-Wellspring, L50, F|\n|poke|p2|Torterra, L50, M|\n|poke|p2|Ogerpon-Wellspring, L50, F|\n|poke|p2|Grimmsnarl, L50, M|\n|poke|p2|Flutter Mane, L50|\n|poke|p2|Urshifu-*, L50, F|\n|poke|p2|Cresselia, L50, F|\n|teampreview|4\n|inactive|Battle timer is ON: inactive players will automatically lose when time's up. (requested by Lithoriorm)\n|inactive|Lithoriorm has 60 seconds left.\n|inactive|poppo9090 has 60 seconds left.\n|\n|t:|1701127076\n|start\n|switch|p1a: Flutter Mane|Flutter Mane, L50, shiny|100\/100\n|switch|p1b: Chi-Yu|Chi-Yu, L50|100\/100\n|switch|p2a: Ogerpon|Ogerpon-Wellspring, L50, F|100\/100\n|switch|p2b: Flutter Mane|Flutter Mane, L50|100\/100\n|-ability|p1b: Chi-Yu|Beads of Ruin\n|-enditem|p1a: Flutter Mane|Booster Energy\n|-activate|p1a: Flutter Mane|ability: Protosynthesis|[fromitem]\n|-start|p1a: Flutter Mane|protosynthesisspe\n|turn|1\n|c|\u2606Lithoriorm|glhf!\n|\n|t:|1701127097\n|move|p2a: Ogerpon|Follow Me|p2a: Ogerpon\n|-singleturn|p2a: Ogerpon|move: Follow Me\n|move|p1a: Flutter Mane|Shadow Ball|p2a: Ogerpon\n|-damage|p2a: Ogerpon|51\/100\n|move|p2b: Flutter Mane|Shadow Ball|p1a: Flutter Mane\n|-supereffective|p1a: Flutter Mane\n|-damage|p1a: Flutter Mane|0 fnt\n|faint|p1a: Flutter Mane\n|-end|p1a: Flutter Mane|Protosynthesis|[silent]\n|move|p1b: Chi-Yu|Dark Pulse|p2a: Ogerpon\n|-damage|p2a: Ogerpon|0 fnt\n|faint|p2a: Ogerpon\n|\n|upkeep\n|\n|t:|1701127117\n|switch|p1a: Iron Hands|Iron Hands, L50, shiny|100\/100\n|switch|p2a: Torterra|Torterra, L50, M|100\/100\n|turn|2\n|inactive|Lithoriorm has 30 seconds left.\n|inactive|Lithoriorm has 20 seconds left.\n|inactive|Lithoriorm has 15 seconds left.\n|inactive|Lithoriorm has 10 seconds left.\n|inactive|Lithoriorm has 5 seconds left.\n|\n|t:|1701127168\n|-end|p2b: Flutter Mane|Protosynthesis|[silent]\n|switch|p2b: Urshifu|Urshifu, L50, F|100\/100\n|-terastallize|p2a: Torterra|Fairy\n|move|p1b: Chi-Yu|Heat Wave|p2b: Urshifu|[spread] p2a,p2b\n|-damage|p2a: Torterra|56\/100\n|-damage|p2b: Urshifu|18\/100\n|move|p2a: Torterra|Iron Defense|p2a: Torterra\n|-boost|p2a: Torterra|def|2\n|move|p1a: Iron Hands|Heavy Slam|p2b: Urshifu\n|-damage|p2b: Urshifu|0 fnt\n|faint|p2b: Urshifu\n|\n|upkeep\n|\n|t:|1701127183\n|switch|p2b: Flutter Mane|Flutter Mane, L50|100\/100\n|turn|3\n|\n|t:|1701127202\n|move|p1b: Chi-Yu|Protect|p1b: Chi-Yu\n|-singleturn|p1b: Chi-Yu|Protect\n|move|p2b: Flutter Mane|Moonblast|p1b: Chi-Yu\n|-activate|p1b: Chi-Yu|move: Protect\n|move|p2a: Torterra|Amnesia|p2a: Torterra\n|-boost|p2a: Torterra|spd|2\n|move|p1a: Iron Hands|Heavy Slam|p2b: Flutter Mane\n|-supereffective|p2b: Flutter Mane\n|-damage|p2b: Flutter Mane|0 fnt\n|faint|p2b: Flutter Mane\n|-end|p2b: Flutter Mane|Protosynthesis|[silent]\n|\n|upkeep\n|turn|4\n|\n|t:|1701127222\n|move|p1b: Chi-Yu|Psychic|p2a: Torterra\n|-damage|p2a: Torterra|37\/100\n|-enditem|p2a: Torterra|Sitrus Berry|[eat]\n|-heal|p2a: Torterra|62\/100|[from] item: Sitrus Berry\n|move|p2a: Torterra|Synthesis|p2a: Torterra\n|-heal|p2a: Torterra|100\/100\n|move|p1a: Iron Hands|Wild Charge|p2a: Torterra\n|-damage|p2a: Torterra|82\/100\n|-damage|p1a: Iron Hands|97\/100|[from] Recoil\n|\n|upkeep\n|turn|5\n|inactive|Lithoriorm has 30 seconds left.\n|\n|t:|1701127248\n|move|p1b: Chi-Yu|Heat Wave|p2a: Torterra\n|-damage|p2a: Torterra|52\/100\n|move|p2a: Torterra|Amnesia|p2a: Torterra\n|-boost|p2a: Torterra|spd|2\n|move|p1a: Iron Hands|Wild Charge|p2a: Torterra\n|-damage|p2a: Torterra|34\/100\n|-damage|p1a: Iron Hands|93\/100|[from] Recoil\n|\n|upkeep\n|turn|6\n|\n|t:|1701127265\n|move|p1b: Chi-Yu|Heat Wave|p2a: Torterra\n|-damage|p2a: Torterra|14\/100\n|move|p2a: Torterra|Synthesis|p2a: Torterra\n|-heal|p2a: Torterra|64\/100\n|move|p1a: Iron Hands|Wild Charge|p2a: Torterra\n|-damage|p2a: Torterra|47\/100\n|-damage|p1a: Iron Hands|89\/100|[from] Recoil\n|\n|upkeep\n|turn|7\n|\n|t:|1701127281\n|-end|p1a: Iron Hands|Quark Drive|[silent]\n|switch|p1a: Arcanine|Arcanine-Hisui, L50, F, shiny|100\/100\n|-ability|p1a: Arcanine|Intimidate|boost\n|-unboost|p2a: Torterra|atk|1\n|move|p1b: Chi-Yu|Heat Wave|p2a: Torterra\n|-damage|p2a: Torterra|25\/100\n|move|p2a: Torterra|Synthesis|p2a: Torterra\n|-heal|p2a: Torterra|75\/100\n|\n|upkeep\n|turn|8\n|\n|t:|1701127306\n|-terastallize|p1a: Arcanine|Fairy\n|move|p1b: Chi-Yu|Heat Wave|p2a: Torterra\n|-damage|p2a: Torterra|57\/100\n|move|p1a: Arcanine|Flare Blitz|p2a: Torterra\n|-damage|p2a: Torterra|27\/100\n|-damage|p1a: Arcanine|90\/100|[from] Recoil\n|move|p2a: Torterra|Body Press|p1a: Arcanine\n|-resisted|p1a: Arcanine\n|-damage|p1a: Arcanine|61\/100\n|\n|upkeep\n|turn|9\n|\n|t:|1701127315\n|move|p1b: Chi-Yu|Heat Wave|p2a: Torterra\n|-damage|p2a: Torterra|7\/100\n|move|p1a: Arcanine|Flare Blitz|p2a: Torterra\n|-damage|p2a: Torterra|0 fnt\n|faint|p2a: Torterra\n|-damage|p1a: Arcanine|58\/100|[from] Recoil\n|\n|win|Lithoriorm\n|raw|Lithoriorm's rating: 1381 &rarr; <strong>1402<\/strong><br \/>(+21 for winning)\n|raw|poppo9090's rating: 1405 &rarr; <strong>1384<\/strong><br \/>(-21 for losing)\n|c|\u2606Lithoriorm|gg\n","uploadtime":1701127327,"views":3,"p1id":"lithoriorm","p2id":"poppo9090","formatid":"gen9vgc2023regulatione","rating":1384,"private":0,"password":""}