{"id":"gen9vgc2023regulatione-1994570346","p1":"ST62","p2":"Beauty Nova","format":"[Gen 9] VGC 2023 Regulation E","log":"|j|\u2606ST62\n|j|\u2606Beauty Nova\n|t:|1700461699\n|gametype|doubles\n|player|p1|ST62|pokemaniac|1127\n|player|p2|Beauty Nova|beauty-gen6xy|1171\n|teamsize|p1|6\n|teamsize|p2|6\n|gen|9\n|tier|[Gen 9] VGC 2023 Regulation E\n|rated|\n|rule|Species Clause: Limit one of each Pok\u00e9mon\n|rule|Item Clause: Limit one of each item\n|clearpoke\n|poke|p1|Regieleki, L50|\n|poke|p1|Arcanine, L50, F|\n|poke|p1|Heatran, L50, M|\n|poke|p1|Torkoal, L50, M|\n|poke|p1|Sinistcha, L50|\n|poke|p1|Palafin, L50, M|\n|poke|p2|Oricorio-Sensu, L50, M|\n|poke|p2|Flamigo, L50, M|\n|poke|p2|Volcarona, L50, F|\n|poke|p2|Vivillon-Fancy, L50, F|\n|poke|p2|Lilligant, L50, F|\n|poke|p2|Torkoal, L50, M|\n|teampreview|4\n|\n|t:|1700461725\n|start\n|switch|p1a: Arcanine|Arcanine, L50, F|100\/100\n|switch|p1b: Heatran|Heatran, L50, M|100\/100\n|switch|p2a: Lilligant|Lilligant, L50, F|100\/100\n|switch|p2b: Oricorio|Oricorio-Sensu, L50, M|100\/100\n|-ability|p1a: Arcanine|Intimidate|boost\n|-unboost|p2a: Lilligant|atk|1\n|-unboost|p2b: Oricorio|atk|1\n|turn|1\n|\n|t:|1700461746\n|switch|p1a: Palafin|Palafin, L50, M|100\/100\n|move|p2b: Oricorio|Protect|p2b: Oricorio\n|-singleturn|p2b: Oricorio|Protect\n|move|p2a: Lilligant|Quiver Dance|p2a: Lilligant\n|-boost|p2a: Lilligant|spa|1\n|-boost|p2a: Lilligant|spd|1\n|-boost|p2a: Lilligant|spe|1\n|-activate|p2b: Oricorio|ability: Dancer\n|move|p2b: Oricorio|Quiver Dance|p2b: Oricorio|[from]ability: Dancer\n|-boost|p2b: Oricorio|spa|1\n|-boost|p2b: Oricorio|spd|1\n|-boost|p2b: Oricorio|spe|1\n|move|p1b: Heatran|Heat Wave|p2a: Lilligant|[spread] p2a\n|-activate|p2b: Oricorio|move: Protect\n|-supereffective|p2a: Lilligant\n|-damage|p2a: Lilligant|26\/100\n|\n|upkeep\n|turn|2\n|\n|t:|1700461771\n|detailschange|p1a: Palafin|Palafin-Hero, L50, M\n|switch|p1a: Arcanine|Arcanine, L50, F|100\/100\n|-ability|p1a: Arcanine|Intimidate|boost\n|-unboost|p2a: Lilligant|atk|1\n|-unboost|p2b: Oricorio|atk|1\n|move|p2a: Lilligant|Quiver Dance|p2a: Lilligant\n|-boost|p2a: Lilligant|spa|1\n|-boost|p2a: Lilligant|spd|1\n|-boost|p2a: Lilligant|spe|1\n|-activate|p2b: Oricorio|ability: Dancer\n|move|p2b: Oricorio|Quiver Dance|p2b: Oricorio|[from]ability: Dancer\n|-boost|p2b: Oricorio|spa|1\n|-boost|p2b: Oricorio|spd|1\n|-boost|p2b: Oricorio|spe|1\n|move|p2b: Oricorio|Substitute|p2b: Oricorio\n|-start|p2b: Oricorio|Substitute\n|-damage|p2b: Oricorio|75\/100\n|move|p1b: Heatran|Heat Wave|p2a: Lilligant|[spread] p2a,p2b\n|-end|p2b: Oricorio|Substitute\n|-supereffective|p2a: Lilligant\n|-crit|p2a: Lilligant\n|-damage|p2a: Lilligant|0 fnt\n|faint|p2a: Lilligant\n|\n|-heal|p2b: Oricorio|81\/100|[from] item: Leftovers\n|upkeep\n|\n|t:|1700461788\n|switch|p2a: Flamigo|Flamigo, L50, M|100\/100\n|-copyboost|p2a: Flamigo|p2b: Oricorio|[from] ability: Costar\n|turn|3\n|\n|t:|1700461807\n|switch|p1a: Palafin|Palafin-Hero, L50, M|100\/100\n|-activate|p1a: Palafin|ability: Zero to Hero\n|-terastallize|p2a: Flamigo|Fighting\n|move|p2b: Oricorio|Revelation Dance|p1b: Heatran\n|-damage|p1b: Heatran|17\/100\n|move|p2a: Flamigo|Copycat|p2a: Flamigo\n|move|p2a: Flamigo|Revelation Dance|p1b: Heatran|[from]move: Copycat\n|-supereffective|p1b: Heatran\n|-damage|p1b: Heatran|0 fnt\n|faint|p1b: Heatran\n|-activate|p2b: Oricorio|ability: Dancer\n|move|p2b: Oricorio|Revelation Dance|p1a: Palafin|[from]ability: Dancer\n|-damage|p1a: Palafin|19\/100\n|-enditem|p1a: Palafin|Sitrus Berry|[eat]\n|-heal|p1a: Palafin|44\/100|[from] item: Sitrus Berry\n|\n|-heal|p2b: Oricorio|87\/100|[from] item: Leftovers\n|upkeep\n|\n|t:|1700461832\n|switch|p1b: Regieleki|Regieleki, L50|100\/100\n|turn|4\n|\n|t:|1700461855\n|switch|p1a: Arcanine|Arcanine, L50, F|100\/100\n|-ability|p1a: Arcanine|Intimidate|boost\n|-unboost|p2a: Flamigo|atk|1\n|-unboost|p2b: Oricorio|atk|1\n|move|p2a: Flamigo|Quick Guard|p2a: Flamigo\n|-singleturn|p2a: Flamigo|Quick Guard\n|move|p2b: Oricorio|Revelation Dance|p1a: Arcanine\n|-damage|p1a: Arcanine|38\/100\n|move|p1b: Regieleki|Thunderbolt|p2b: Oricorio\n|-supereffective|p2b: Oricorio\n|-damage|p2b: Oricorio|0 fnt\n|faint|p2b: Oricorio\n|\n|upkeep\n|\n|t:|1700461867\n|switch|p2b: Vivillon|Vivillon-Fancy, L50, F|100\/100\n|turn|5\n|\n|t:|1700461889\n|move|p2b: Vivillon|Rage Powder|p2b: Vivillon\n|-singleturn|p2b: Vivillon|move: Rage Powder\n|move|p2a: Flamigo|Air Slash|p1a: Arcanine\n|-damage|p1a: Arcanine|0 fnt\n|faint|p1a: Arcanine\n|move|p1b: Regieleki|Thunderbolt|p2b: Vivillon\n|-supereffective|p2b: Vivillon\n|-enditem|p2b: Vivillon|Focus Sash\n|-damage|p2b: Vivillon|1\/100\n|\n|upkeep\n|\n|t:|1700461898\n|switch|p1a: Palafin|Palafin-Hero, L50, M|44\/100\n|turn|6\n|\n|t:|1700461908\n|move|p2b: Vivillon|Rage Powder|p2b: Vivillon\n|-singleturn|p2b: Vivillon|move: Rage Powder\n|move|p1a: Palafin|Jet Punch|p2b: Vivillon\n|-damage|p2b: Vivillon|0 fnt\n|faint|p2b: Vivillon\n|move|p2a: Flamigo|Air Slash|p1a: Palafin\n|-crit|p1a: Palafin\n|-damage|p1a: Palafin|0 fnt\n|faint|p1a: Palafin\n|move|p1b: Regieleki|Thunderbolt|p2a: Flamigo\n|-damage|p2a: Flamigo|53\/100\n|\n|upkeep\n|turn|7\n|\n|t:|1700461925\n|move|p2a: Flamigo|Air Slash|p1b: Regieleki\n|-resisted|p1b: Regieleki\n|-damage|p1b: Regieleki|34\/100\n|move|p1b: Regieleki|Thunderbolt|p2a: Flamigo\n|-damage|p2a: Flamigo|7\/100\n|\n|upkeep\n|turn|8\n|\n|t:|1700461934\n|move|p2a: Flamigo|Air Slash|p1b: Regieleki\n|-resisted|p1b: Regieleki\n|-damage|p1b: Regieleki|0 fnt\n|faint|p1b: Regieleki\n|\n|win|Beauty Nova\n|raw|ST62's rating: 1127 &rarr; <strong>1105<\/strong><br \/>(-22 for losing)\n|raw|Beauty Nova's rating: 1171 &rarr; <strong>1193<\/strong><br \/>(+22 for winning)\n","uploadtime":1700461944,"views":6,"p1id":"st62","p2id":"beautynova","formatid":"gen9vgc2023regulatione","rating":1105,"private":0,"password":""}