{"id":"gen9vgc2023regulatione-2000100304","p1":"humanbacon","p2":"Ludwigxzc","format":"[Gen 9] VGC 2023 Regulation E","log":"|j|\u2606humanbacon\n|j|\u2606Ludwigxzc\n|t:|1701154797\n|gametype|doubles\n|player|p1|humanbacon|benga|1402\n|player|p2|Ludwigxzc|bruno-gen2|1457\n|teamsize|p1|6\n|teamsize|p2|6\n|gen|9\n|tier|[Gen 9] VGC 2023 Regulation E\n|rated|\n|rule|Species Clause: Limit one of each Pok\u00e9mon\n|rule|Item Clause: Limit one of each item\n|clearpoke\n|poke|p1|Clodsire, L50, F|\n|poke|p1|Flutter Mane, L50|\n|poke|p1|Chien-Pao, L50|\n|poke|p1|Arcanine, L50, F|\n|poke|p1|Crawdaunt, L50, F|\n|poke|p1|Amoonguss, L50, M|\n|poke|p2|Ogerpon-Wellspring, L50, F|\n|poke|p2|Arcanine-Hisui, L50, F|\n|poke|p2|Tornadus, L50, M|\n|poke|p2|Iron Hands, L50|\n|poke|p2|Urshifu-*, L50, F|\n|poke|p2|Chi-Yu, L50|\n|teampreview|4\n|inactive|Battle timer is ON: inactive players will automatically lose when time's up. (requested by Ludwigxzc)\n|inactive|humanbacon has 60 seconds left.\n|\n|t:|1701154846\n|start\n|switch|p1a: Flutter Mane|Flutter Mane, L50|100\/100\n|switch|p1b: Arcanine|Arcanine, L50, F|100\/100\n|switch|p2a: Tornadus|Tornadus, L50, M|100\/100\n|switch|p2b: Urshifu|Urshifu-Rapid-Strike, L50, F|100\/100\n|-ability|p1b: Arcanine|Intimidate|boost\n|-unboost|p2a: Tornadus|atk|1\n|-unboost|p2b: Urshifu|atk|1\n|-enditem|p1a: Flutter Mane|Booster Energy\n|-activate|p1a: Flutter Mane|ability: Protosynthesis|[fromitem]\n|-start|p1a: Flutter Mane|protosynthesisspe\n|turn|1\n|\n|t:|1701154867\n|-terastallize|p1b: Arcanine|Water\n|move|p2b: Urshifu|Detect|p2b: Urshifu\n|-singleturn|p2b: Urshifu|Protect\n|move|p1a: Flutter Mane|Icy Wind|p2b: Urshifu|[spread] p2a\n|-activate|p2b: Urshifu|move: Protect\n|-supereffective|p2a: Tornadus\n|-damage|p2a: Tornadus|66\/100\n|move|p1b: Arcanine|Will-O-Wisp|p2b: Urshifu\n|-activate|p2b: Urshifu|move: Protect\n|move|p2a: Tornadus|Bleakwind Storm|p1a: Flutter Mane|[spread] p1a,p1b\n|-damage|p1a: Flutter Mane|69\/100\n|-damage|p1b: Arcanine|68\/100\n|-unboost|p1b: Arcanine|spe|1\n|\n|upkeep\n|turn|2\n|inactive|humanbacon has 30 seconds left.\n|inactive|humanbacon has 20 seconds left.\n|\n|t:|1701154904\n|move|p2a: Tornadus|Tailwind|p2a: Tornadus\n|-sidestart|p2: Ludwigxzc|move: Tailwind\n|move|p2b: Urshifu|Surging Strikes|p1a: Flutter Mane\n|-crit|p1a: Flutter Mane\n|-damage|p1a: Flutter Mane|23\/100\n|-crit|p1a: Flutter Mane\n|-damage|p1a: Flutter Mane|0 fnt\n|faint|p1a: Flutter Mane\n|-end|p1a: Flutter Mane|Protosynthesis|[silent]\n|-hitcount|p1: Flutter Mane|2\n|move|p1b: Arcanine|Flamethrower|p2a: Tornadus\n|-damage|p2a: Tornadus|27\/100\n|\n|upkeep\n|\n|t:|1701154919\n|switch|p1a: Crawdaunt|Crawdaunt, L50, F|100\/100\n|turn|3\n|inactive|humanbacon has 30 seconds left.\n|inactive|humanbacon has 20 seconds left.\n|\n|t:|1701154956\n|-terastallize|p2b: Urshifu|Water\n|move|p1a: Crawdaunt|Aqua Jet|p2a: Tornadus\n|-damage|p2a: Tornadus|11\/100\n|move|p2b: Urshifu|Surging Strikes|p1b: Arcanine\n|-resisted|p1b: Arcanine\n|-crit|p1b: Arcanine\n|-damage|p1b: Arcanine|47\/100\n|-resisted|p1b: Arcanine\n|-crit|p1b: Arcanine\n|-damage|p1b: Arcanine|28\/100\n|-resisted|p1b: Arcanine\n|-crit|p1b: Arcanine\n|-damage|p1b: Arcanine|9\/100\n|-hitcount|p1b: Arcanine|3\n|move|p2a: Tornadus|Bleakwind Storm|p1a: Crawdaunt|[spread] p1a,p1b\n|-damage|p1a: Crawdaunt|70\/100\n|-damage|p1b: Arcanine|0 fnt\n|-unboost|p1a: Crawdaunt|spe|1\n|faint|p1b: Arcanine\n|\n|upkeep\n|\n|t:|1701154972\n|switch|p1b: Clodsire|Clodsire, L50, F|100\/100\n|turn|4\n|\n|t:|1701154981\n|move|p2a: Tornadus|Rain Dance|p2a: Tornadus\n|-weather|RainDance\n|move|p1a: Crawdaunt|Aqua Jet|p2a: Tornadus\n|-damage|p2a: Tornadus|0 fnt\n|faint|p2a: Tornadus\n|move|p2b: Urshifu|Surging Strikes|p1b: Clodsire\n|-immune|p1b: Clodsire|[from] ability: Water Absorb\n|move|p1b: Clodsire|Curse|p1b: Clodsire\n|-unboost|p1b: Clodsire|spe|1\n|-boost|p1b: Clodsire|atk|1\n|-boost|p1b: Clodsire|def|1\n|\n|-weather|RainDance|[upkeep]\n|upkeep\n|\n|t:|1701154997\n|switch|p2a: Iron Hands|Iron Hands, L50|100\/100\n|turn|5\n|\n|t:|1701155008\n|move|p2b: Urshifu|Ice Spinner|p1b: Clodsire\n|-supereffective|p1b: Clodsire\n|-damage|p1b: Clodsire|76\/100\n|move|p2a: Iron Hands|Drain Punch|p1a: Crawdaunt\n|-supereffective|p1a: Crawdaunt\n|-damage|p1a: Crawdaunt|0 fnt\n|faint|p1a: Crawdaunt\n|move|p1b: Clodsire|Curse|p1b: Clodsire\n|-unboost|p1b: Clodsire|spe|1\n|-boost|p1b: Clodsire|atk|1\n|-boost|p1b: Clodsire|def|1\n|\n|-weather|RainDance|[upkeep]\n|-heal|p1b: Clodsire|82\/100|[from] item: Leftovers\n|-sideend|p2: Ludwigxzc|move: Tailwind\n|upkeep\n|turn|6\n|inactive|humanbacon has 30 seconds left.\n|inactive|humanbacon has 20 seconds left.\n|\n|t:|1701155044\n|move|p2b: Urshifu|Ice Spinner|p1b: Clodsire\n|-supereffective|p1b: Clodsire\n|-damage|p1b: Clodsire|64\/100\n|move|p2a: Iron Hands|Drain Punch|p1b: Clodsire\n|-resisted|p1b: Clodsire\n|-damage|p1b: Clodsire|55\/100\n|move|p1b: Clodsire|Poison Jab|p2b: Urshifu\n|-damage|p2b: Urshifu|47\/100\n|-status|p2b: Urshifu|psn\n|\n|-weather|RainDance|[upkeep]\n|-heal|p1b: Clodsire|61\/100|[from] item: Leftovers\n|-damage|p2b: Urshifu|35\/100 psn|[from] psn\n|upkeep\n|turn|7\n|\n|t:|1701155067\n|move|p2b: Urshifu|Ice Spinner|p1b: Clodsire\n|-supereffective|p1b: Clodsire\n|-damage|p1b: Clodsire|41\/100\n|move|p2a: Iron Hands|Drain Punch|p1b: Clodsire\n|-resisted|p1b: Clodsire\n|-damage|p1b: Clodsire|32\/100\n|move|p1b: Clodsire|Poison Jab|p2b: Urshifu\n|-damage|p2b: Urshifu|0 fnt\n|faint|p2b: Urshifu\n|\n|-weather|RainDance|[upkeep]\n|-heal|p1b: Clodsire|38\/100|[from] item: Leftovers\n|upkeep\n|\n|t:|1701155078\n|switch|p2b: Ogerpon|Ogerpon-Wellspring, L50, F|100\/100\n|turn|8\n|\n|t:|1701155085\n|move|p2b: Ogerpon|Spiky Shield|p2b: Ogerpon\n|-singleturn|p2b: Ogerpon|move: Protect\n|move|p1b: Clodsire|Protect|p1b: Clodsire\n|-singleturn|p1b: Clodsire|Protect\n|move|p2a: Iron Hands|Drain Punch|p1b: Clodsire\n|-activate|p1b: Clodsire|move: Protect\n|\n|-weather|none\n|-heal|p1b: Clodsire|44\/100|[from] item: Leftovers\n|upkeep\n|turn|9\n|\n|t:|1701155096\n|move|p2b: Ogerpon|Power Whip|p1b: Clodsire\n|-damage|p1b: Clodsire|13\/100\n|move|p2a: Iron Hands|Drain Punch|p1b: Clodsire\n|-resisted|p1b: Clodsire\n|-damage|p1b: Clodsire|4\/100\n|move|p1b: Clodsire|Poison Jab|p2b: Ogerpon\n|-supereffective|p2b: Ogerpon\n|-damage|p2b: Ogerpon|0 fnt\n|faint|p2b: Ogerpon\n|\n|-heal|p1b: Clodsire|10\/100|[from] item: Leftovers\n|upkeep\n|turn|10\n|\n|t:|1701155110\n|move|p1b: Clodsire|Protect|p1b: Clodsire\n|-singleturn|p1b: Clodsire|Protect\n|move|p2a: Iron Hands|Heavy Slam|p1b: Clodsire\n|-activate|p1b: Clodsire|move: Protect\n|\n|-heal|p1b: Clodsire|16\/100|[from] item: Leftovers\n|upkeep\n|turn|11\n|\n|t:|1701155117\n|move|p2a: Iron Hands|Heavy Slam|p1b: Clodsire\n|-damage|p1b: Clodsire|9\/100\n|move|p1b: Clodsire|Stomping Tantrum|p2a: Iron Hands\n|-supereffective|p2a: Iron Hands\n|-damage|p2a: Iron Hands|25\/100\n|\n|-heal|p1b: Clodsire|16\/100|[from] item: Leftovers\n|upkeep\n|turn|12\n|\n|t:|1701155125\n|move|p1b: Clodsire|Protect|p1b: Clodsire\n|-singleturn|p1b: Clodsire|Protect\n|move|p2a: Iron Hands|Drain Punch|p1b: Clodsire\n|-activate|p1b: Clodsire|move: Protect\n|\n|-heal|p1b: Clodsire|22\/100|[from] item: Leftovers\n|upkeep\n|turn|13\n|\n|t:|1701155133\n|move|p2a: Iron Hands|Drain Punch|p1b: Clodsire\n|-resisted|p1b: Clodsire\n|-damage|p1b: Clodsire|13\/100\n|-heal|p2a: Iron Hands|29\/100|[from] drain|[of] p1b: Clodsire\n|move|p1b: Clodsire|Stomping Tantrum|p2a: Iron Hands\n|-supereffective|p2a: Iron Hands\n|-damage|p2a: Iron Hands|0 fnt\n|faint|p2a: Iron Hands\n|-end|p2a: Iron Hands|Quark Drive|[silent]\n|\n|win|humanbacon\n|raw|humanbacon's rating: 1402 &rarr; <strong>1425<\/strong><br \/>(+23 for winning)\n|raw|Ludwigxzc's rating: 1457 &rarr; <strong>1434<\/strong><br \/>(-23 for losing)\n|l|\u2606Ludwigxzc\n","uploadtime":1701155161,"views":21,"p1id":"humanbacon","p2id":"ludwigxzc","formatid":"gen9vgc2023regulatione","rating":1425,"private":0,"password":""}