{"id":"gen9vgc2023regulatione-1988751011","p1":"TonkyB","p2":"Mujtabx","format":"[Gen 9] VGC 2023 Regulation E","log":"|j|\u2606TonkyB\n|j|\u2606Mujtabx\n|t:|1699758434\n|gametype|doubles\n|player|p1|TonkyB|1|1243\n|player|p2|Mujtabx|ghetsis-gen5bw|1256\n|teamsize|p1|6\n|teamsize|p2|6\n|gen|9\n|tier|[Gen 9] VGC 2023 Regulation E\n|rated|\n|rule|Species Clause: Limit one of each Pok\u00e9mon\n|rule|Item Clause: Limit one of each item\n|clearpoke\n|poke|p1|Weezing-Galar, L50, M|\n|poke|p1|Torkoal, L50, M|\n|poke|p1|Cresselia, L50, F|\n|poke|p1|Iron Hands, L50|\n|poke|p1|Slaking, L50, F|\n|poke|p1|Flutter Mane, L50|\n|poke|p2|Chien-Pao, L50|\n|poke|p2|Skeledirge, L50, M|\n|poke|p2|Rillaboom, L50, M|\n|poke|p2|Iron Bundle, L50|\n|poke|p2|Landorus-Therian, L50, M|\n|poke|p2|Amoonguss, L50, M|\n|teampreview|4\nMujtabx rejected open team sheets.\n|inactive|Battle timer is ON: inactive players will automatically lose when time's up. (requested by TonkyB)\n|inactive|TonkyB has 60 seconds left.\n|\n|t:|1699758474\n|start\n|switch|p1a: Flutter Mane|Flutter Mane, L50|100\/100\n|switch|p1b: Cresselia|Cresselia, L50, F|100\/100\n|switch|p2a: Rillaboom|Rillaboom, L50, M, shiny|100\/100\n|switch|p2b: Chien-Pao|Chien-Pao, L50|100\/100\n|-ability|p2b: Chien-Pao|Sword of Ruin\n|-fieldstart|move: Grassy Terrain|[from] ability: Grassy Surge|[of] p2a: Rillaboom\n|turn|1\n|\n|t:|1699758497\n|move|p2a: Rillaboom|Fake Out|p1b: Cresselia\n|-damage|p1b: Cresselia|84\/100\n|move|p2b: Chien-Pao|Icicle Crash|p1a: Flutter Mane\n|-damage|p1a: Flutter Mane|20\/100\n|move|p1a: Flutter Mane|Dazzling Gleam|p2b: Chien-Pao|[spread] p2a,p2b\n|-supereffective|p2b: Chien-Pao\n|-damage|p2a: Rillaboom|57\/100\n|-enditem|p2b: Chien-Pao|Focus Sash\n|-damage|p2b: Chien-Pao|1\/100\n|move|p1b: Cresselia|Trick Room|p1b: Cresselia\n|-fieldstart|move: Trick Room|[of] p1b: Cresselia\n|\n|-heal|p2a: Rillaboom|63\/100|[from] Grassy Terrain\n|-heal|p1a: Flutter Mane|26\/100|[from] Grassy Terrain\n|-heal|p2b: Chien-Pao|7\/100|[from] Grassy Terrain\n|upkeep\n|turn|2\n|\n|t:|1699758520\n|switch|p2b: Skeledirge|Skeledirge, L50, M, shiny|100\/100\n|-enditem|p2b: Skeledirge|Grassy Seed\n|-boost|p2b: Skeledirge|def|1|[from] item: Grassy Seed\n|move|p2a: Rillaboom|Grassy Glide|p1a: Flutter Mane\n|-damage|p1a: Flutter Mane|0 fnt\n|faint|p1a: Flutter Mane\n|-end|p1a: Flutter Mane|Protosynthesis|[silent]\n|move|p1b: Cresselia|Ice Beam|p2a: Rillaboom\n|-supereffective|p2a: Rillaboom\n|-damage|p2a: Rillaboom|39\/100\n|\n|-heal|p2a: Rillaboom|45\/100|[from] Grassy Terrain\n|upkeep\n|\n|t:|1699758534\n|switch|p1a: Torkoal|Torkoal, L50, M|100\/100\n|-weather|SunnyDay|[from] ability: Drought|[of] p1a: Torkoal\n|turn|3\n|\n|t:|1699758555\n|move|p2a: Rillaboom|Grassy Glide|p1b: Cresselia\n|-damage|p1b: Cresselia|55\/100\n|move|p1a: Torkoal|Earth Power|p2b: Skeledirge\n|-supereffective|p2b: Skeledirge\n|-damage|p2b: Skeledirge|26\/100\n|-damage|p1a: Torkoal|91\/100|[from] item: Life Orb\n|move|p1b: Cresselia|Ice Beam|p2a: Rillaboom\n|-supereffective|p2a: Rillaboom\n|-damage|p2a: Rillaboom|17\/100\n|move|p2b: Skeledirge|Torch Song|p1a: Torkoal\n|-resisted|p1a: Torkoal\n|-damage|p1a: Torkoal|58\/100\n|-boost|p2b: Skeledirge|spa|1\n|\n|-weather|SunnyDay|[upkeep]\n|-heal|p1a: Torkoal|64\/100|[from] Grassy Terrain\n|-heal|p2b: Skeledirge|32\/100|[from] Grassy Terrain\n|-heal|p2a: Rillaboom|23\/100|[from] Grassy Terrain\n|upkeep\n|turn|4\n|inactive|Mujtabx has 30 seconds left.\n|\n|t:|1699758587\n|switch|p2b: Amoonguss|Amoonguss, L50, M, shiny|100\/100\n|move|p1a: Torkoal|Eruption|p2a: Rillaboom|[spread] p2a,p2b\n|-supereffective|p2a: Rillaboom\n|-crit|p2a: Rillaboom\n|-supereffective|p2b: Amoonguss\n|-damage|p2a: Rillaboom|0 fnt\n|-damage|p2b: Amoonguss|25\/100\n|-enditem|p2b: Amoonguss|Sitrus Berry|[eat]\n|-heal|p2b: Amoonguss|50\/100|[from] item: Sitrus Berry\n|faint|p2a: Rillaboom\n|-damage|p1a: Torkoal|54\/100|[from] item: Life Orb\n|move|p1b: Cresselia|Lunar Blessing|p1b: Cresselia|[spread] p1a,p1b\n|-heal|p1a: Torkoal|79\/100\n|-heal|p1b: Cresselia|80\/100\n|\n|-weather|SunnyDay|[upkeep]\n|-heal|p1a: Torkoal|85\/100|[from] Grassy Terrain\n|-heal|p2b: Amoonguss|56\/100|[from] Grassy Terrain\n|upkeep\n|\n|t:|1699758594\n|switch|p2a: Chien-Pao|Chien-Pao, L50|7\/100\n|-ability|p2a: Chien-Pao|Sword of Ruin\n|turn|5\n|\n|t:|1699758614\n|-terastallize|p2b: Amoonguss|Water\n|move|p1b: Cresselia|Protect|p1b: Cresselia\n|-singleturn|p1b: Cresselia|Protect\n|move|p2a: Chien-Pao|Sucker Punch|p1a: Torkoal\n|-damage|p1a: Torkoal|42\/100\n|move|p1a: Torkoal|Eruption|p2b: Amoonguss|[spread] p2a,p2b\n|-supereffective|p2a: Chien-Pao\n|-resisted|p2b: Amoonguss\n|-damage|p2a: Chien-Pao|0 fnt\n|-damage|p2b: Amoonguss|44\/100\n|faint|p2a: Chien-Pao\n|-damage|p1a: Torkoal|32\/100|[from] item: Life Orb\n|move|p2b: Amoonguss|Spore|p1a: Torkoal\n|-status|p1a: Torkoal|slp|[from] move: Spore\n|\n|-weather|SunnyDay|[upkeep]\n|-heal|p1a: Torkoal|38\/100 slp|[from] Grassy Terrain\n|-heal|p2b: Amoonguss|50\/100|[from] Grassy Terrain\n|-fieldend|move: Trick Room\n|-fieldend|move: Grassy Terrain\n|upkeep\n|\n|t:|1699758622\n|switch|p2a: Skeledirge|Skeledirge, L50, M, shiny|32\/100\n|turn|6\n|\n|t:|1699758634\n|move|p2a: Skeledirge|Slack Off|p2a: Skeledirge\n|-heal|p2a: Skeledirge|82\/100\n|move|p1b: Cresselia|Lunar Blessing|p1b: Cresselia|[spread] p1a,p1b\n|-heal|p1a: Torkoal|63\/100 slp\n|-curestatus|p1a: Torkoal|slp|[msg]\n|-heal|p1b: Cresselia|100\/100\n|move|p2b: Amoonguss|Spore|p1b: Cresselia\n|-status|p1b: Cresselia|slp|[from] move: Spore\n|move|p1a: Torkoal|Solar Beam||[still]\n|-prepare|p1a: Torkoal|Solar Beam\n|-anim|p1a: Torkoal|Solar Beam|p2b: Amoonguss\n|-supereffective|p2b: Amoonguss\n|-damage|p2b: Amoonguss|0 fnt\n|faint|p2b: Amoonguss\n|-damage|p1a: Torkoal|54\/100|[from] item: Life Orb\n|\n|-weather|SunnyDay|[upkeep]\n|upkeep\n|turn|7\n|\n|t:|1699758654\n|move|p2a: Skeledirge|Torch Song|p1a: Torkoal\n|-resisted|p1a: Torkoal\n|-damage|p1a: Torkoal|18\/100\n|-boost|p2a: Skeledirge|spa|1\n|cant|p1b: Cresselia|slp\n|move|p1a: Torkoal|Earth Power|p2a: Skeledirge\n|-supereffective|p2a: Skeledirge\n|-damage|p2a: Skeledirge|6\/100\n|-damage|p1a: Torkoal|9\/100|[from] item: Life Orb\n|\n|-weather|none\n|upkeep\n|turn|8\n|\n|t:|1699758667\n|move|p2a: Skeledirge|Torch Song|p1a: Torkoal\n|-resisted|p1a: Torkoal\n|-damage|p1a: Torkoal|0 fnt\n|-boost|p2a: Skeledirge|spa|1\n|faint|p1a: Torkoal\n|cant|p1b: Cresselia|slp\n|\n|upkeep\n|\n|t:|1699758675\n|switch|p1a: Iron Hands|Iron Hands, L50|100\/100\n|turn|9\n|\n|t:|1699758682\n|move|p2a: Skeledirge|Slack Off|p2a: Skeledirge\n|-heal|p2a: Skeledirge|56\/100\n|cant|p1b: Cresselia|slp\n|move|p1a: Iron Hands|Heavy Slam|p2a: Skeledirge\n|-resisted|p2a: Skeledirge\n|-damage|p2a: Skeledirge|51\/100\n|\n|upkeep\n|turn|10\n|\n|t:|1699758694\n|move|p2a: Skeledirge|Will-O-Wisp|p1a: Iron Hands\n|-status|p1a: Iron Hands|brn\n|-curestatus|p1b: Cresselia|slp|[msg]\n|move|p1b: Cresselia|Ice Beam|p2a: Skeledirge\n|-resisted|p2a: Skeledirge\n|-damage|p2a: Skeledirge|42\/100\n|move|p1a: Iron Hands|Swords Dance|p1a: Iron Hands\n|-boost|p1a: Iron Hands|atk|2\n|\n|-damage|p1a: Iron Hands|94\/100 brn|[from] brn\n|upkeep\n|turn|11\n|\n|t:|1699758707\n|move|p2a: Skeledirge|Slack Off|p2a: Skeledirge\n|-heal|p2a: Skeledirge|92\/100\n|move|p1b: Cresselia|Ice Beam|p2a: Skeledirge\n|-resisted|p2a: Skeledirge\n|-damage|p2a: Skeledirge|83\/100\n|move|p1a: Iron Hands|Swords Dance|p1a: Iron Hands\n|-boost|p1a: Iron Hands|atk|2\n|\n|-damage|p1a: Iron Hands|88\/100 brn|[from] brn\n|upkeep\n|turn|12\n|j| dudeidontcare\n|\n|t:|1699758727\n|move|p2a: Skeledirge|Hex|p1a: Iron Hands\n|-damage|p1a: Iron Hands|21\/100 brn\n|-enditem|p1a: Iron Hands|Sitrus Berry|[eat]\n|-heal|p1a: Iron Hands|46\/100 brn|[from] item: Sitrus Berry\n|move|p1b: Cresselia|Lunar Blessing|p1b: Cresselia|[spread] p1a,p1b\n|-heal|p1a: Iron Hands|71\/100 brn\n|-curestatus|p1a: Iron Hands|brn|[msg]\n|move|p1a: Iron Hands|Heavy Slam|p2a: Skeledirge\n|-resisted|p2a: Skeledirge\n|-damage|p2a: Skeledirge|78\/100\n|\n|upkeep\n|turn|13\n|\n|t:|1699758746\n|move|p2a: Skeledirge|Torch Song|p1a: Iron Hands\n|-damage|p1a: Iron Hands|29\/100\n|-boost|p2a: Skeledirge|spa|1\n|move|p1b: Cresselia|Ice Beam|p2a: Skeledirge\n|-resisted|p2a: Skeledirge\n|-damage|p2a: Skeledirge|69\/100\n|move|p1a: Iron Hands|Swords Dance|p1a: Iron Hands\n|-boost|p1a: Iron Hands|atk|2\n|\n|upkeep\n|turn|14\n|\n|t:|1699758762\n|move|p2a: Skeledirge|Torch Song|p1a: Iron Hands\n|-crit|p1a: Iron Hands\n|-damage|p1a: Iron Hands|0 fnt\n|-boost|p2a: Skeledirge|spa|1\n|faint|p1a: Iron Hands\n|-end|p1a: Iron Hands|Quark Drive|[silent]\n|move|p1b: Cresselia|Trick Room|p1b: Cresselia\n|-fieldstart|move: Trick Room|[of] p1b: Cresselia\n|\n|upkeep\n|turn|15\n|\n|t:|1699758768\n|move|p1b: Cresselia|Ice Beam|p2a: Skeledirge\n|-resisted|p2a: Skeledirge\n|-damage|p2a: Skeledirge|60\/100\n|move|p2a: Skeledirge|Slack Off|p2a: Skeledirge\n|-heal|p2a: Skeledirge|100\/100\n|\n|upkeep\n|turn|16\n|\n|t:|1699758775\n|move|p1b: Cresselia|Ice Beam|p2a: Skeledirge\n|-resisted|p2a: Skeledirge\n|-damage|p2a: Skeledirge|92\/100\n|move|p2a: Skeledirge|Torch Song|p1b: Cresselia\n|-damage|p1b: Cresselia|41\/100\n|-boost|p2a: Skeledirge|spa|1\n|\n|upkeep\n|turn|17\n|\n|t:|1699758789\n|move|p1b: Cresselia|Ice Beam|p2a: Skeledirge\n|-resisted|p2a: Skeledirge\n|-damage|p2a: Skeledirge|82\/100\n|move|p2a: Skeledirge|Torch Song|p1b: Cresselia\n|-damage|p1b: Cresselia|0 fnt\n|-boost|p2a: Skeledirge|spa|1\n|faint|p1b: Cresselia\n|\n|win|Mujtabx\n|raw|TonkyB's rating: 1243 &rarr; <strong>1219<\/strong><br \/>(-24 for losing)\n|raw|Mujtabx's rating: 1256 &rarr; <strong>1280<\/strong><br \/>(+24 for winning)\n|l|\u2606TonkyB\n","uploadtime":1699758803,"views":9,"p1id":"tonkyb","p2id":"mujtabx","formatid":"gen9vgc2023regulatione","rating":1219,"private":0,"password":""}