{"id":"gen9vgc2023regulatione-1992497730","p1":"RaimuBeat","p2":"iStockphoto","format":"[Gen 9] VGC 2023 Regulation E","log":"|j|\u2606RaimuBeat\n|j|\u2606iStockphoto\n|t:|1700195241\n|gametype|doubles\n|player|p1|RaimuBeat|caitlin|1132\n|player|p2|iStockphoto|2|1138\n|teamsize|p1|6\n|teamsize|p2|6\n|gen|9\n|tier|[Gen 9] VGC 2023 Regulation E\n|rated|\n|rule|Species Clause: Limit one of each Pok\u00e9mon\n|rule|Item Clause: Limit one of each item\n|clearpoke\n|poke|p1|Sylveon, L50, F|\n|poke|p1|Kommo-o, L50, M|\n|poke|p1|Clefairy, L50, F|\n|poke|p1|Rillaboom, L50, M|\n|poke|p1|Gholdengo, L50|\n|poke|p1|Urshifu-*, L50, M|\n|poke|p2|Fezandipiti, L50, M|\n|poke|p2|Iron Hands, L50|\n|poke|p2|Glimmora, L50, M|\n|poke|p2|Flutter Mane, L50|\n|poke|p2|Sinistcha, L50|\n|poke|p2|Gyarados, L50, M|\n|teampreview|4\nRaimuBeat has agreed to open team sheets.\niStockphoto has agreed to open team sheets.\n|\n|t:|1700195262\n|start\n|switch|p1a: Clefairy|Clefairy, L50, F|100\/100\n|switch|p1b: Kommo-o|Kommo-o, L50, M|100\/100\n|switch|p2a: Tobias|Fezandipiti, L50, M|100\/100\n|switch|p2b: Prince Jake|Gyarados, L50, M|100\/100\n|-ability|p2b: Prince Jake|Intimidate|boost\n|-unboost|p1a: Clefairy|atk|1\n|-unboost|p1b: Kommo-o|atk|1\n|turn|1\n|\n|t:|1700195278\n|move|p1a: Clefairy|Follow Me|p1a: Clefairy\n|-singleturn|p1a: Clefairy|move: Follow Me\n|move|p2a: Tobias|Sludge Bomb|p1a: Clefairy\n|-supereffective|p1a: Clefairy\n|-damage|p1a: Clefairy|60\/100\n|-status|p1a: Clefairy|psn\n|move|p1b: Kommo-o|Clangorous Soul|p1b: Kommo-o\n|-boost|p1b: Kommo-o|atk|1\n|-boost|p1b: Kommo-o|def|1\n|-boost|p1b: Kommo-o|spa|1\n|-boost|p1b: Kommo-o|spd|1\n|-boost|p1b: Kommo-o|spe|1\n|-damage|p1b: Kommo-o|68\/100\n|-enditem|p1b: Kommo-o|Throat Spray\n|-boost|p1b: Kommo-o|spa|1|[from] item: Throat Spray\n|move|p2b: Prince Jake|Taunt|p1a: Clefairy\n|-start|p1a: Clefairy|move: Taunt\n|\n|-damage|p1a: Clefairy|47\/100 psn|[from] psn\n|upkeep\n|turn|2\n|\n|t:|1700195310\n|-terastallize|p1b: Kommo-o|Steel\n|move|p2a: Tobias|Sludge Bomb|p1a: Clefairy\n|-supereffective|p1a: Clefairy\n|-damage|p1a: Clefairy|6\/100 psn\n|move|p1b: Kommo-o|Flash Cannon|p2a: Tobias\n|-supereffective|p2a: Tobias\n|-damage|p2a: Tobias|0 fnt\n|faint|p2a: Tobias\n|move|p2b: Prince Jake|Scald|p1b: Kommo-o\n|-damage|p1b: Kommo-o|56\/100\n|move|p1a: Clefairy|Icy Wind|p2b: Prince Jake\n|-damage|p2b: Prince Jake|93\/100\n|-unboost|p2b: Prince Jake|spe|1\n|\n|-damage|p1a: Clefairy|0 fnt|[from] psn\n|faint|p1a: Clefairy\n|upkeep\n|\n|t:|1700195329\n|switch|p2a: Ax|Glimmora, L50, M|100\/100\n|switch|p1a: Sylveon|Sylveon, L50, F|100\/100\n|turn|3\n|\n|t:|1700195340\n|move|p2b: Prince Jake|Protect|p2b: Prince Jake\n|-singleturn|p2b: Prince Jake|Protect\n|move|p1b: Kommo-o|Clanging Scales|p2a: Ax|[spread] p2a\n|-activate|p2b: Prince Jake|move: Protect\n|-damage|p2a: Ax|13\/100\n|-unboost|p1b: Kommo-o|def|1\n|move|p2a: Ax|Toxic|p1b: Kommo-o\n|-status|p1b: Kommo-o|tox\n|move|p1a: Sylveon|Psyshock|p2a: Ax\n|-supereffective|p2a: Ax\n|-damage|p2a: Ax|0 fnt\n|faint|p2a: Ax\n|\n|-damage|p1b: Kommo-o|50\/100 tox|[from] psn\n|upkeep\n|\n|t:|1700195355\n|switch|p2a: Rachel|Flutter Mane, L50|100\/100\n|-enditem|p2a: Rachel|Booster Energy\n|-activate|p2a: Rachel|ability: Protosynthesis|[fromitem]\n|-start|p2a: Rachel|protosynthesisspa\n|turn|4\n|\n|t:|1700195370\n|switch|p1a: Gholdengo|Gholdengo, L50|100\/100\n|move|p2a: Rachel|Protect|p2a: Rachel\n|-singleturn|p2a: Rachel|Protect\n|move|p1b: Kommo-o|Flash Cannon|p2a: Rachel\n|-activate|p2a: Rachel|move: Protect\n|move|p2b: Prince Jake|Thunder Wave|p1a: Gholdengo\n|-immune|p1a: Gholdengo|[from] ability: Good as Gold\n|\n|-damage|p1b: Kommo-o|38\/100 tox|[from] psn\n|upkeep\n|turn|5\n|\n|t:|1700195395\n|-terastallize|p2a: Rachel|Ghost\n|move|p1b: Kommo-o|Flash Cannon|p2a: Rachel\n|-damage|p2a: Rachel|43\/100\n|move|p1a: Gholdengo|Power Gem|p2b: Prince Jake\n|-supereffective|p2b: Prince Jake\n|-damage|p2b: Prince Jake|46\/100\n|move|p2a: Rachel|Hex|p1a: Gholdengo\n|-supereffective|p1a: Gholdengo\n|-damage|p1a: Gholdengo|0 fnt\n|faint|p1a: Gholdengo\n|move|p2b: Prince Jake|Scald|p1b: Kommo-o\n|-damage|p1b: Kommo-o|21\/100 tox\n|\n|-damage|p1b: Kommo-o|3\/100 tox|[from] psn\n|upkeep\n|\n|t:|1700195409\n|switch|p1a: Sylveon|Sylveon, L50, F|100\/100\n|turn|6\n|\n|t:|1700195417\n|move|p2a: Rachel|Protect|p2a: Rachel\n|-singleturn|p2a: Rachel|Protect\n|move|p2b: Prince Jake|Protect|p2b: Prince Jake\n|-singleturn|p2b: Prince Jake|Protect\n|move|p1b: Kommo-o|Clanging Scales|p2a: Rachel|[spread] \n|-activate|p2a: Rachel|move: Protect\n|-activate|p2b: Prince Jake|move: Protect\n|move|p1a: Sylveon|Hyper Voice|p2b: Prince Jake|[spread] \n|-activate|p2a: Rachel|move: Protect\n|-activate|p2b: Prince Jake|move: Protect\n|\n|-damage|p1b: Kommo-o|0 fnt|[from] psn\n|faint|p1b: Kommo-o\n|upkeep\n|turn|7\n|c|\u2606RaimuBeat|gg\n|\n|t:|1700195439\n|move|p2a: Rachel|Hex|p1a: Sylveon\n|-damage|p1a: Sylveon|49\/100\n|move|p1a: Sylveon|Hyper Voice|p2a: Rachel|[spread] p2a,p2b\n|-damage|p2a: Rachel|0 fnt\n|-damage|p2b: Prince Jake|0 fnt\n|faint|p2a: Rachel\n|-end|p2a: Rachel|Protosynthesis|[silent]\n|faint|p2b: Prince Jake\n|\n|win|RaimuBeat\n|raw|RaimuBeat's rating: 1132 &rarr; <strong>1157<\/strong><br \/>(+25 for winning)\n|raw|iStockphoto's rating: 1138 &rarr; <strong>1113<\/strong><br \/>(-25 for losing)\n|c|\u2606iStockphoto|gg!\n","uploadtime":1700195453,"views":12,"p1id":"raimubeat","p2id":"istockphoto","formatid":"gen9vgc2023regulatione","rating":1113,"private":0,"password":""}