{"id":"gen9vgc2023regulatione-1992990355","p1":"thedistortionzone","p2":"Goblin728","format":"[Gen 9] VGC 2023 Regulation E","log":"|j|\u2606thedistortionzone\n|j|\u2606Goblin728\n|t:|1700253290\n|gametype|doubles\n|player|p1|thedistortionzone|lucas|\n|player|p2|Goblin728|bugcatcher-gen4dp|\n|teamsize|p1|6\n|teamsize|p2|6\n|gen|9\n|tier|[Gen 9] VGC 2023 Regulation E\n|rule|Species Clause: Limit one of each Pok\u00e9mon\n|rule|Item Clause: Limit one of each item\n|clearpoke\n|poke|p1|Volbeat, L50, M|\n|poke|p1|Spiritomb, L50, M|\n|poke|p1|Baxcalibur, L50, M|\n|poke|p1|Milotic, L50, M|\n|poke|p1|Arcanine, L50, F|\n|poke|p1|Lucario, L50, F|\n|poke|p2|Wigglytuff, L50, F|\n|poke|p2|Ogerpon, L50, F|\n|poke|p2|Scizor, L50, F|\n|poke|p2|Arcanine-Hisui, L50, M|\n|poke|p2|Drifblim, L50, M|\n|poke|p2|Roaring Moon, L50|\n|teampreview|4\n|c|\u2606Goblin728|glhf\n|c|\u2606thedistortionzone|glhf\n|\n|t:|1700253378\n|start\n|switch|p1a: Baxcalibur|Baxcalibur, L50, M|100\/100\n|switch|p1b: Volbeat|Volbeat, L50, M|100\/100\n|switch|p2a: Wigglytuff|Wigglytuff, L50, F|100\/100\n|switch|p2b: Arcanine|Arcanine-Hisui, L50, M|100\/100\n|turn|1\n|\n|t:|1700253427\n|switch|p2b: Drifblim|Drifblim, L50, M|100\/100\n|-terastallize|p1a: Baxcalibur|Poison\n|move|p1b: Volbeat|Tailwind|p1b: Volbeat\n|-sidestart|p1: thedistortionzone|move: Tailwind\n|move|p1a: Baxcalibur|High Horsepower|p2b: Drifblim\n|-immune|p2b: Drifblim\n|move|p2a: Wigglytuff|Dazzling Gleam|p1b: Volbeat|[spread] p1a,p1b\n|-resisted|p1a: Baxcalibur\n|-crit|p1a: Baxcalibur\n|-damage|p1a: Baxcalibur|81\/100\n|-damage|p1b: Volbeat|64\/100\n|\n|upkeep\n|turn|2\n|\n|t:|1700253454\n|switch|p2a: Arcanine|Arcanine-Hisui, L50, M|100\/100\n|-terastallize|p2b: Drifblim|Fairy\n|move|p1b: Volbeat|Helping Hand|p1a: Baxcalibur\n|-singleturn|p1a: Baxcalibur|Helping Hand|[of] p1b: Volbeat\n|move|p1a: Baxcalibur|Icicle Crash|p2b: Drifblim\n|-damage|p2b: Drifblim|9\/100\n|cant|p2b: Drifblim|flinch\n|\n|upkeep\n|turn|3\n|\n|t:|1700253486\n|switch|p2a: Wigglytuff|Wigglytuff, L50, F|100\/100\n|move|p1b: Volbeat|Helping Hand|p1a: Baxcalibur\n|-singleturn|p1a: Baxcalibur|Helping Hand|[of] p1b: Volbeat\n|move|p1a: Baxcalibur|High Horsepower|p2a: Wigglytuff\n|-damage|p2a: Wigglytuff|24\/100\n|-enditem|p2a: Wigglytuff|Sitrus Berry|[eat]\n|-heal|p2a: Wigglytuff|49\/100|[from] item: Sitrus Berry\n|move|p2b: Drifblim|Air Slash|p1b: Volbeat|[miss]\n|-miss|p2b: Drifblim|p1b: Volbeat\n|\n|upkeep\n|turn|4\n|\n|t:|1700253505\n|move|p1b: Volbeat|Helping Hand|p1a: Baxcalibur\n|-singleturn|p1a: Baxcalibur|Helping Hand|[of] p1b: Volbeat\n|move|p1a: Baxcalibur|High Horsepower|p2a: Wigglytuff\n|-damage|p2a: Wigglytuff|0 fnt\n|faint|p2a: Wigglytuff\n|move|p2b: Drifblim|Trick Room|p2b: Drifblim\n|-fieldstart|move: Trick Room|[of] p2b: Drifblim\n|\n|-sideend|p1: thedistortionzone|move: Tailwind\n|upkeep\n|\n|t:|1700253514\n|switch|p2a: Arcanine|Arcanine-Hisui, L50, M|100\/100\n|turn|5\n|\n|t:|1700253552\n|move|p1b: Volbeat|Helping Hand|p1a: Baxcalibur\n|-singleturn|p1a: Baxcalibur|Helping Hand|[of] p1b: Volbeat\n|move|p2b: Drifblim|Shadow Ball|p1a: Baxcalibur\n|-damage|p1a: Baxcalibur|55\/100\n|move|p1a: Baxcalibur|High Horsepower|p2a: Arcanine\n|-supereffective|p2a: Arcanine\n|-damage|p2a: Arcanine|0 fnt\n|faint|p2a: Arcanine\n|\n|upkeep\n|\n|t:|1700253557\n|switch|p2a: Ogerpon|Ogerpon, L50, F|100\/100\n|turn|6\n|c|\u2606Goblin728|I threw this so hard\n|c|\u2606Goblin728|that flinch was unfortunate though\n|c|\u2606thedistortionzone|I thought you where going to switch\n|\n|t:|1700253621\n|move|p1a: Baxcalibur|Protect|p1a: Baxcalibur\n|-singleturn|p1a: Baxcalibur|Protect\n|move|p2a: Ogerpon|Spiky Shield|p2a: Ogerpon\n|-singleturn|p2a: Ogerpon|move: Protect\n|move|p2b: Drifblim|Air Slash|p1b: Volbeat\n|-supereffective|p1b: Volbeat\n|-damage|p1b: Volbeat|0 fnt\n|faint|p1b: Volbeat\n|\n|upkeep\n|\n|t:|1700253628\n|switch|p1b: Spiritomb|Spiritomb, L50, M|100\/100\n|-ability|p1b: Spiritomb|Pressure\n|turn|7\n|\n|t:|1700253643\n|switch|p1a: Lucario|Lucario, L50, F|100\/100\n|move|p2a: Ogerpon|Spiky Shield||[still]\n|-fail|p2a: Ogerpon\n|move|p1b: Spiritomb|Will-O-Wisp|p2a: Ogerpon\n|-status|p2a: Ogerpon|brn\n|move|p2b: Drifblim|Trick Room|p2b: Drifblim\n|-fieldend|move: Trick Room\n|\n|-damage|p2a: Ogerpon|95\/100 brn|[from] brn\n|upkeep\n|turn|8\n|\n|t:|1700253663\n|move|p1a: Lucario|Flash Cannon|p2b: Drifblim\n|-supereffective|p2b: Drifblim\n|-damage|p2b: Drifblim|0 fnt\n|faint|p2b: Drifblim\n|move|p2a: Ogerpon|Ivy Cudgel|p1b: Spiritomb\n|-damage|p1b: Spiritomb|74\/100\n|move|p1b: Spiritomb|Foul Play|p2a: Ogerpon\n|-crit|p2a: Ogerpon\n|-damage|p2a: Ogerpon|0 fnt\n|faint|p2a: Ogerpon\n|\n|win|thedistortionzone\n|c|\u2606thedistortionzone|gg man\n|c|\u2606Goblin728|gg\n","uploadtime":1700253677,"views":25,"p1id":"thedistortionzone","p2id":"goblin728","formatid":"gen9vgc2023regulatione","rating":0,"private":0,"password":""}