{"id":"gen9vgc2023regulatione-1990859359","p1":"Idonotcare0982","p2":"cosmixdd","format":"[Gen 9] VGC 2023 Regulation E","log":"|j|\u2606Idonotcare0982\n|j|\u2606cosmixdd\n|n|\u2606Idonotcare0982|idonotcare0982\n|n|\u2606cosmixdd|cosmixdd\n|html|View the match progress at <a href=\"\/game-bestof3-gen9vgc2023regulatione-1990859358\">game-bestof3-gen9vgc2023regulatione-1990859358<\/a>\n|t:|1700008452\n|gametype|doubles\n|player|p1|Idonotcare0982|ghetsis-gen5bw|\n|player|p2|cosmixdd|acetrainer-gen4dp|\n|teamsize|p1|6\n|teamsize|p2|6\n|gen|9\n|tier|[Gen 9] VGC 2023 Regulation E\n|rule|Species Clause: Limit one of each Pok\u00e9mon\n|rule|Item Clause: Limit one of each item\n|clearpoke\n|poke|p1|Arcanine-Hisui, L50, M|\n|poke|p1|Urshifu-*, L50, F|\n|poke|p1|Tornadus, L50, M|\n|poke|p1|Ogerpon-Wellspring, L50, F|\n|poke|p1|Gholdengo, L50|\n|poke|p1|Iron Hands, L50|\n|poke|p2|Thundurus-Therian, L50, M|\n|poke|p2|Iron Hands, L50|\n|poke|p2|Ogerpon-Wellspring, L50, F|\n|poke|p2|Arcanine-Hisui, L50, M|\n|poke|p2|Pelipper, L50, M|\n|poke|p2|Annihilape, L50, F|\n|teampreview|4\n|inactive|Battle timer is ON: inactive players will automatically lose when time's up. (requested by cosmixdd)\ncosmixdd has agreed to open team sheets.\nIdonotcare0982 has agreed to open team sheets.\n|showteam|p1|Arcanine-Hisui||ChoiceScarf|Intimidate|FlareBlitz,RockSlide,ExtremeSpeed,TeraBlast|||M|||50|,,,,,Grass]Urshifu-Rapid-Strike||MysticWater|UnseenFist|SurgingStrikes,DrainPunch,Detect,AquaJet|||F|||50|,,,,,Water]Tornadus||CovertCloak|Prankster|BleakwindStorm,Tailwind,RainDance,Protect|||M|||50|,,,,,Dark]Ogerpon-Wellspring||WellspringMask|WaterAbsorb|IvyCudgel,HornLeech,SpikyShield,FollowMe|||F|||50|,,,,,Water]Gholdengo||Leftovers|GoodasGold|MakeItRain,ShadowBall,Protect,NastyPlot||||||50|,,,,,Steel]Iron Hands||AssaultVest|QuarkDrive|FakeOut,WildCharge,DrainPunch,HeavySlam||||||50|,,,,,Grass\n|showteam|p2|Thundurus-Therian||ChoiceSpecs|VoltAbsorb|WildboltStorm,VoltSwitch,TeraBlast,GrassKnot|||M|||50|,,,,,Flying]Iron Hands||AssaultVest|QuarkDrive|DrainPunch,FakeOut,WildCharge,HeavySlam||||||50|,,,,,Grass]Ogerpon-Wellspring||WellspringMask|WaterAbsorb|IvyCudgel,SpikyShield,HornLeech,FollowMe|||F|||50|,,,,,Water]Arcanine-Hisui||ChoiceBand|Intimidate|FlareBlitz,HeadSmash,RockSlide,ExtremeSpeed|||M|||50|,,,,,Normal]Pelipper||DampRock|Drizzle|Hurricane,Tailwind,WideGuard,WeatherBall|||M|||50|,,,,,Grass]Annihilape||Leftovers|Defiant|BulkUp,RageFist,DrainPunch,Protect|||F|||50|,,,,,Fire\n|j| firescratcherXD\n|c|\u2606cosmixdd|glhf\n|c|\u2606Idonotcare0982|You too\n|inactive|Idonotcare0982 has 30 seconds left.\n|\n|t:|1700008504\n|start\n|switch|p1a: Gholdengo|Gholdengo, L50|100\/100\n|switch|p1b: Tornadus|Tornadus, L50, M|100\/100\n|switch|p2a: Pelipper|Pelipper, L50, M|100\/100\n|switch|p2b: Ogerpon|Ogerpon-Wellspring, L50, F|100\/100\n|-weather|RainDance|[from] ability: Drizzle|[of] p2a: Pelipper\n|turn|1\n|inactive|cosmixdd has 30 seconds left.\n|inactive|cosmixdd has 20 seconds left.\n|\n|t:|1700008539\n|-terastallize|p2b: Ogerpon|Water\n|detailschange|p2b: Ogerpon|Ogerpon-Wellspring-Tera, L50, F, tera:Water\n|-ability|p2b: Ogerpon|Embody Aspect (Wellspring)|boost\n|-boost|p2b: Ogerpon|spd|1\n|move|p1b: Tornadus|Tailwind|p1b: Tornadus\n|-sidestart|p1: Idonotcare0982|move: Tailwind\n|move|p1a: Gholdengo|Nasty Plot|p1a: Gholdengo\n|-boost|p1a: Gholdengo|spa|2\n|move|p2b: Ogerpon|Ivy Cudgel|p1b: Tornadus|[anim] Ivy Cudgel Water\n|-damage|p1b: Tornadus|0 fnt\n|faint|p1b: Tornadus\n|move|p2a: Pelipper|Tailwind|p2a: Pelipper\n|-sidestart|p2: cosmixdd|move: Tailwind\n|\n|-weather|RainDance|[upkeep]\n|upkeep\n|j| GuppyInRage\n|\n|t:|1700008556\n|switch|p1b: Arcanine|Arcanine-Hisui, L50, M, shiny|100\/100\n|-ability|p1b: Arcanine|Intimidate|boost\n|-unboost|p2a: Pelipper|atk|1\n|-unboost|p2b: Ogerpon|atk|1\n|turn|2\n|c| GuppyInRage|Wooooo\n|\n|t:|1700008574\n|-terastallize|p1b: Arcanine|Grass\n|move|p1a: Gholdengo|Protect|p1a: Gholdengo\n|-singleturn|p1a: Gholdengo|Protect\n|move|p2a: Pelipper|Wide Guard|p2a: Pelipper\n|-singleturn|p2a: Pelipper|Wide Guard\n|move|p1b: Arcanine|Tera Blast|p2b: Ogerpon|[anim] Tera Blast Grass\n|-supereffective|p2b: Ogerpon\n|-damage|p2b: Ogerpon|22\/100\n|move|p2b: Ogerpon|Ivy Cudgel|p1a: Gholdengo|[anim] Ivy Cudgel Water\n|-activate|p1a: Gholdengo|move: Protect\n|\n|-weather|RainDance|[upkeep]\n|upkeep\n|turn|3\n|inactive|cosmixdd has 30 seconds left.\n|inactive|cosmixdd has 20 seconds left.\n|\n|t:|1700008609\n|move|p2b: Ogerpon|Spiky Shield|p2b: Ogerpon\n|-singleturn|p2b: Ogerpon|move: Protect\n|move|p1b: Arcanine|Tera Blast|p2b: Ogerpon|[anim] Tera Blast Grass\n|-activate|p2b: Ogerpon|move: Protect\n|move|p2a: Pelipper|Hurricane|p1b: Arcanine\n|-supereffective|p1b: Arcanine\n|-damage|p1b: Arcanine|0 fnt\n|faint|p1b: Arcanine\n|move|p1a: Gholdengo|Shadow Ball|p2a: Pelipper\n|-damage|p2a: Pelipper|0 fnt\n|faint|p2a: Pelipper\n|\n|-weather|RainDance|[upkeep]\n|upkeep\n|\n|t:|1700008624\n|switch|p1b: Iron Hands|Iron Hands, L50|100\/100\n|switch|p2a: Thundurus|Thundurus-Therian, L50, M|100\/100\n|turn|4\n|c| GuppyInRage|*crowd cheers*\n|inactive|cosmixdd has 30 seconds left.\n|\n|t:|1700008659\n|move|p1b: Iron Hands|Fake Out|p2b: Ogerpon\n|-damage|p2b: Ogerpon|9\/100\n|move|p2a: Thundurus|Wildbolt Storm|p1b: Iron Hands|[spread] p1a,p1b\n|-resisted|p1b: Iron Hands\n|-damage|p1a: Gholdengo|33\/100\n|-damage|p1b: Iron Hands|84\/100\n|cant|p2b: Ogerpon|flinch\n|move|p1a: Gholdengo|Make It Rain|p2a: Thundurus|[spread] p2a,p2b\n|-resisted|p2a: Thundurus\n|-crit|p2a: Thundurus\n|-resisted|p2b: Ogerpon\n|-damage|p2a: Thundurus|1\/100\n|-damage|p2b: Ogerpon|0 fnt\n|-unboost|p1a: Gholdengo|spa|1\n|faint|p2b: Ogerpon\n|\n|-weather|RainDance|[upkeep]\n|-heal|p1a: Gholdengo|39\/100|[from] item: Leftovers\n|-sideend|p1: Idonotcare0982|move: Tailwind\n|-sideend|p2: cosmixdd|move: Tailwind\n|upkeep\n|c| GuppyInRage|*pokemon stadium announced misspronounces half the pokemons name*\n|\n|t:|1700008676\n|switch|p2b: Iron Hands|Iron Hands, L50|100\/100\n|turn|5\n|c|\u2606cosmixdd|holy crap\n|\n|t:|1700008700\n|move|p1a: Gholdengo|Protect|p1a: Gholdengo\n|-singleturn|p1a: Gholdengo|Protect\n|move|p2b: Iron Hands|Fake Out|p1b: Iron Hands\n|-damage|p1b: Iron Hands|72\/100\n|move|p2a: Thundurus|Wildbolt Storm|p1a: Gholdengo|[spread] p1b\n|-activate|p1a: Gholdengo|move: Protect\n|-resisted|p1b: Iron Hands\n|-damage|p1b: Iron Hands|56\/100\n|cant|p1b: Iron Hands|flinch\n|\n|-weather|RainDance|[upkeep]\n|-heal|p1a: Gholdengo|45\/100|[from] item: Leftovers\n|upkeep\n|turn|6\n|\n|t:|1700008714\n|move|p1a: Gholdengo|Protect||[still]\n|-fail|p1a: Gholdengo\n|move|p2a: Thundurus|Wildbolt Storm|p1b: Iron Hands|[spread] p1a,p1b\n|-resisted|p1b: Iron Hands\n|-damage|p1a: Gholdengo|0 fnt\n|-damage|p1b: Iron Hands|41\/100\n|faint|p1a: Gholdengo\n|move|p1b: Iron Hands|Drain Punch|p2a: Thundurus\n|-resisted|p2a: Thundurus\n|-damage|p2a: Thundurus|0 fnt\n|-heal|p1b: Iron Hands|42\/100|[from] drain|[of] p2a: Thundurus\n|faint|p2a: Thundurus\n|move|p2b: Iron Hands|Drain Punch|p1b: Iron Hands\n|-damage|p1b: Iron Hands|15\/100\n|\n|-weather|RainDance|[upkeep]\n|upkeep\n|turn|7\n|c|\u2606Idonotcare0982|Gg\n|c|\u2606cosmixdd|gg\n|\n|t:|1700008728\n|move|p1b: Iron Hands|Drain Punch|p2b: Iron Hands\n|-damage|p2b: Iron Hands|75\/100\n|-heal|p1b: Iron Hands|29\/100|[from] drain|[of] p2b: Iron Hands\n|move|p2b: Iron Hands|Drain Punch|p1b: Iron Hands\n|-damage|p1b: Iron Hands|3\/100\n|-heal|p2b: Iron Hands|88\/100|[from] drain|[of] p1b: Iron Hands\n|\n|-weather|RainDance|[upkeep]\n|upkeep\n|turn|8\n|\n|t:|1700008736\n|move|p1b: Iron Hands|Drain Punch|p2b: Iron Hands\n|-damage|p2b: Iron Hands|60\/100\n|-heal|p1b: Iron Hands|18\/100|[from] drain|[of] p2b: Iron Hands\n|move|p2b: Iron Hands|Drain Punch|p1b: Iron Hands\n|-damage|p1b: Iron Hands|0 fnt\n|-heal|p2b: Iron Hands|68\/100|[from] drain|[of] p1b: Iron Hands\n|faint|p1b: Iron Hands\n|-end|p1b: Iron Hands|Quark Drive|[silent]\n|\n|win|cosmixdd\n|c|&|\/uhtml prompt-idonotcare0982,Idonotcare0982 is ready for game 2!\n|c|&|\/uhtml prompt-cosmixdd,cosmixdd is ready for game 2!\nBoth players are ready! Starting next match!\n|c| GuppyInRage|what a close match\n|c| firescratcherXD|close\n|l| firescratcherXD\n|c| GuppyInRage|a crit could have turned it around\n|l|\u2606Idonotcare0982\n|l|\u2606cosmixdd\n|j| firescratcherXD\n","uploadtime":1700009334,"views":17,"p1id":"idonotcare0982","p2id":"cosmixdd","formatid":"gen9vgc2023regulatione","rating":0,"private":0,"password":""}