{"id":"gen9vgc2023regulatione-1988027791","p1":"lucasarreguy","p2":"YoraeRasante","format":"[Gen 9] VGC 2023 Regulation E","log":"|j|\u2606lucasarreguy\n|j|\u2606YoraeRasante\n|n|\u2606lucasarreguy|lucasarreguy\n|n|\u2606YoraeRasante|yoraerasante\n|html|View the match progress at <a href=\"\/game-bestof3-gen9vgc2023regulatione-1988025282\">game-bestof3-gen9vgc2023regulatione-1988025282<\/a>\n|t:|1699660819\n|gametype|doubles\n|player|p1|lucasarreguy|lance-lgpe|\n|player|p2|YoraeRasante|red|\n|teamsize|p1|6\n|teamsize|p2|6\n|gen|9\n|tier|[Gen 9] VGC 2023 Regulation E\n|rule|Species Clause: Limit one of each Pok\u00e9mon\n|rule|Item Clause: Limit one of each item\n|clearpoke\n|poke|p1|Goodra-Hisui, L50, M|\n|poke|p1|Gastrodon-East, L50, F|\n|poke|p1|Iron Bundle, L50|\n|poke|p1|Umbreon, L50, M|\n|poke|p1|Sneasler, L50, F|\n|poke|p1|Tsareena, L50, F|\n|poke|p2|Tyranitar, L50, F|\n|poke|p2|Flutter Mane, L50|\n|poke|p2|Urshifu-*, L50, M|\n|poke|p2|Iron Hands, L50|\n|poke|p2|Rillaboom, L50, F|\n|poke|p2|Tornadus, L50, M|\n|teampreview|4\nYoraeRasante has agreed to open team sheets.\n|j| Rebornsan93\n|j| bb_hachi8\n|j| Marcostap\nlucasarreguy has agreed to open team sheets.\n|showteam|p1|Goodra-Hisui||AssaultVest|SapSipper|MuddyWater,FlashCannon,Thunderbolt,IceBeam|||M|||50|,,,,,Water]Gastrodon-East||RockyHelmet|StormDrain|IceBeam,Yawn,EarthPower,Recover|||F|||50|,,,,,Fairy]Iron Bundle||BoosterEnergy|QuarkDrive|Encore,IcyWind,HelpingHand,Protect||||||50|,,,,,Ghost]Umbreon||Leftovers|Synchronize|SkillSwap,Moonlight,FoulPlay,Protect|||M|||50|,,,,,Poison]Sneasler||WhiteHerb|Unburden|DireClaw,Acrobatics,CloseCombat,Protect|||F|||50|,,,,,Flying]Tsareena||ChoiceScarf|QueenlyMajesty|PowerWhip,HighJumpKick,KnockOff,PlayRough|||F|||50|,,,,,Grass\n|showteam|p2|Tyranitar||LifeOrb|SandStream|KnockOff,RockSlide,LowKick,TeraBlast|||F|||50|,,,,,Psychic]Flutter Mane||ChoiceSpecs|Protosynthesis|ShadowBall,Moonblast,DazzlingGleam,TrickRoom||||||50|,,,,,Fairy]Urshifu-Rapid-Strike||ChoiceScarf|UnseenFist|SurgingStrikes,CloseCombat,AquaJet,Uturn|||M|||50|,,,,,Water]Iron Hands||AssaultVest|QuarkDrive|WildCharge,DrainPunch,HeavySlam,FakeOut||||||50|,,,,,Grass]Rillaboom||MiracleSeed|GrassySurge|FakeOut,WoodHammer,GrassyGlide,Taunt|||F|||50|,,,,,Grass]Tornadus||CovertCloak|Prankster|BleakwindStorm,Tailwind,Taunt,RainDance|||M|||50|,,,,,Flying\n|c| Marcostap|s\u00f3 vai\n|j| PSmonteiro\n|\n|t:|1699660864\n|start\n|switch|p1a: Padoru Padoru|Iron Bundle, L50|100\/100\n|switch|p1b: I HATE GARGANACL|Gastrodon-East, L50, F|100\/100\n|switch|p2a: Rillaboom|Rillaboom, L50, F|100\/100\n|switch|p2b: Tornadus|Tornadus, L50, M|100\/100\n|-fieldstart|move: Grassy Terrain|[from] ability: Grassy Surge|[of] p2a: Rillaboom\n|-enditem|p1a: Padoru Padoru|Booster Energy\n|-activate|p1a: Padoru Padoru|ability: Quark Drive|[fromitem]\n|-start|p1a: Padoru Padoru|quarkdrivespe\n|turn|1\n|j| Yuri\n|\n|t:|1699660890\n|switch|p1b: Christie Monteiro|Tsareena, L50, F|100\/100\n|move|p2b: Tornadus|Tailwind|p2b: Tornadus\n|-sidestart|p2: YoraeRasante|move: Tailwind\n|move|p2a: Rillaboom|Grassy Glide||[still]\n|cant|p1b: Christie Monteiro|ability: Queenly Majesty|Grassy Glide|[of] p2a: Rillaboom\n|move|p1a: Padoru Padoru|Icy Wind|p2a: Rillaboom|[spread] p2a,p2b\n|-supereffective|p2a: Rillaboom\n|-supereffective|p2b: Tornadus\n|-damage|p2a: Rillaboom|59\/100\n|-damage|p2b: Tornadus|67\/100\n|-unboost|p2a: Rillaboom|spe|1\n|\n|-heal|p2a: Rillaboom|65\/100|[from] Grassy Terrain\n|upkeep\n|turn|2\n|\n|t:|1699660941\n|switch|p2b: Iron Hands|Iron Hands, L50|100\/100\n|move|p1a: Padoru Padoru|Icy Wind|p2b: Iron Hands|[spread] p2a,p2b\n|-supereffective|p2a: Rillaboom\n|-damage|p2a: Rillaboom|22\/100\n|-damage|p2b: Iron Hands|92\/100\n|-unboost|p2a: Rillaboom|spe|1\n|-unboost|p2b: Iron Hands|spe|1\n|move|p1b: Christie Monteiro|Knock Off|p2b: Iron Hands\n|-resisted|p2b: Iron Hands\n|-damage|p2b: Iron Hands|81\/100\n|-enditem|p2b: Iron Hands|Assault Vest|[from] move: Knock Off|[of] p1b: Christie Monteiro\n|move|p2a: Rillaboom|Wood Hammer|p1a: Padoru Padoru\n|-supereffective|p1a: Padoru Padoru\n|-crit|p1a: Padoru Padoru\n|-damage|p1a: Padoru Padoru|0 fnt\n|faint|p1a: Padoru Padoru\n|-end|p1a: Padoru Padoru|Quark Drive|[silent]\n|-damage|p2a: Rillaboom|0 fnt|[from] Recoil\n|faint|p2a: Rillaboom\n|\n|-heal|p2b: Iron Hands|87\/100|[from] Grassy Terrain\n|upkeep\n|j| ShimeNaruka\n|\n|t:|1699660975\n|switch|p1a: I HATE GARGANACL|Gastrodon-East, L50, F|100\/100\n|switch|p2a: Tornadus|Tornadus, L50, M|67\/100\n|turn|3\n|\n|t:|1699661026\n|-terastallize|p2b: Iron Hands|Grass\n|move|p2a: Tornadus|Bleakwind Storm|p1b: Christie Monteiro|[spread] p1a,p1b\n|-supereffective|p1b: Christie Monteiro\n|-damage|p1a: I HATE GARGANACL|77\/100\n|-damage|p1b: Christie Monteiro|19\/100\n|move|p1b: Christie Monteiro|Knock Off|p2a: Tornadus\n|-damage|p2a: Tornadus|31\/100\n|-enditem|p2a: Tornadus|Covert Cloak|[from] move: Knock Off|[of] p1b: Christie Monteiro\n|move|p2b: Iron Hands|Drain Punch|p1a: I HATE GARGANACL\n|-crit|p1a: I HATE GARGANACL\n|-damage|p1a: I HATE GARGANACL|13\/100\n|-heal|p2b: Iron Hands|100\/100|[from] drain|[of] p1a: I HATE GARGANACL\n|-damage|p2b: Iron Hands|84\/100|[from] item: Rocky Helmet|[of] p1a: I HATE GARGANACL\n|move|p1a: I HATE GARGANACL|Earth Power|p2b: Iron Hands\n|-resisted|p2b: Iron Hands\n|-damage|p2b: Iron Hands|74\/100\n|\n|-heal|p1b: Christie Monteiro|25\/100|[from] Grassy Terrain\n|-heal|p2b: Iron Hands|80\/100|[from] Grassy Terrain\n|-heal|p1a: I HATE GARGANACL|19\/100|[from] Grassy Terrain\n|upkeep\n|turn|4\n|\n|t:|1699661059\n|move|p2a: Tornadus|Bleakwind Storm|p1a: I HATE GARGANACL|[spread] p1a,p1b\n|-supereffective|p1b: Christie Monteiro\n|-damage|p1a: I HATE GARGANACL|0 fnt\n|-damage|p1b: Christie Monteiro|0 fnt\n|faint|p1a: I HATE GARGANACL\n|faint|p1b: Christie Monteiro\n|move|p2b: Iron Hands|Drain Punch|p1: I HATE GARGANACL|[notarget]\n|-fail|p2b: Iron Hands\n|\n|-heal|p2b: Iron Hands|86\/100|[from] Grassy Terrain\n|-sideend|p2: YoraeRasante|move: Tailwind\n|upkeep\n|\n|t:|1699661064\n|switch|p1a: Oi meu chapa|Sneasler, L50, F|100\/100\n|turn|5\n|l| ShimeNaruka\n|j| ShimeNaruka\n|\n|t:|1699661101\n|move|p1a: Oi meu chapa|Close Combat|p2a: Tornadus\n|-resisted|p2a: Tornadus\n|-damage|p2a: Tornadus|0 fnt\n|-unboost|p1a: Oi meu chapa|def|1\n|-unboost|p1a: Oi meu chapa|spd|1\n|-enditem|p1a: Oi meu chapa|White Herb\n|-clearnegativeboost|p1a: Oi meu chapa|[silent]\n|faint|p2a: Tornadus\n|move|p2b: Iron Hands|Heavy Slam|p1a: Oi meu chapa\n|-damage|p1a: Oi meu chapa|24\/100\n|\n|-heal|p1a: Oi meu chapa|30\/100|[from] Grassy Terrain\n|-heal|p2b: Iron Hands|92\/100|[from] Grassy Terrain\n|-fieldend|move: Grassy Terrain\n|upkeep\n|\n|t:|1699661114\n|switch|p2a: Urshifu|Urshifu-Rapid-Strike, L50, M|100\/100\n|turn|6\n|\n|t:|1699661151\n|move|p1a: Oi meu chapa|Protect|p1a: Oi meu chapa\n|-singleturn|p1a: Oi meu chapa|Protect\n|move|p2a: Urshifu|Aqua Jet|p1a: Oi meu chapa\n|-damage|p1a: Oi meu chapa|0 fnt\n|faint|p1a: Oi meu chapa\n|\n|win|YoraeRasante\n|c|&|\/uhtml prompt-lucasarreguy,lucasarreguy is ready for game 3!\n|c|&|\/uhtml prompt-yoraerasante,YoraeRasante is ready for game 3!\nBoth players are ready! Starting next match!\n","uploadtime":1699661175,"views":17,"p1id":"lucasarreguy","p2id":"yoraerasante","formatid":"gen9vgc2023regulatione","rating":0,"private":0,"password":""}