{"id":"gen9vgc2023regulatione-1988962796","p1":"E10TEST","p2":"previouslynamed","format":"[Gen 9] VGC 2023 Regulation E","log":"|j|\u2606E10TEST\n|j|\u2606previouslynamed\n|t:|1699795240\n|gametype|doubles\n|player|p1|E10TEST|swimmerf-gen4|1553\n|player|p2|previouslynamed|ryuki|1590\n|teamsize|p1|6\n|teamsize|p2|6\n|gen|9\n|tier|[Gen 9] VGC 2023 Regulation E\n|rated|\n|rule|Species Clause: Limit one of each Pok\u00e9mon\n|rule|Item Clause: Limit one of each item\n|clearpoke\n|poke|p1|Regieleki, L50|\n|poke|p1|Urshifu-*, L50, M|\n|poke|p1|Farigiraf, L50, M|\n|poke|p1|Kingambit, L50, F|\n|poke|p1|Rillaboom, L50, F|\n|poke|p1|Chien-Pao, L50|\n|poke|p2|Armarouge, L50, M|\n|poke|p2|Indeedee-F, L50, F|\n|poke|p2|Roaring Moon, L50|\n|poke|p2|Enamorus, L50, F|\n|poke|p2|Thundurus, L50, M|\n|poke|p2|Landorus-Therian, L50, M|\n|teampreview|4\n|inactive|Battle timer is ON: inactive players will automatically lose when time's up. (requested by previouslynamed)\n|inactive|E10TEST has 60 seconds left.\n|\n|t:|1699795277\n|start\n|switch|p1a: Regieleki|Regieleki, L50|100\/100\n|switch|p1b: Kingambit|Kingambit, L50, F|100\/100\n|switch|p2a: Thundurus|Thundurus, L50, M|100\/100\n|switch|p2b: Enamorus|Enamorus, L50, F|100\/100\n|turn|1\n|inactive|E10TEST has 30 seconds left.\n|\n|t:|1699795303\n|move|p1b: Kingambit|Protect|p1b: Kingambit\n|-singleturn|p1b: Kingambit|Protect\n|move|p2a: Thundurus|Eerie Impulse|p2b: Enamorus\n|-boost|p2b: Enamorus|spa|2\n|move|p1a: Regieleki|Wild Charge|p2b: Enamorus\n|-supereffective|p2b: Enamorus\n|-enditem|p2b: Enamorus|Focus Sash\n|-damage|p2b: Enamorus|1\/100\n|-damage|p1a: Regieleki|80\/100|[from] Recoil\n|move|p2b: Enamorus|Tailwind|p2b: Enamorus\n|-sidestart|p2: previouslynamed|move: Tailwind\n|\n|upkeep\n|turn|2\n|\n|t:|1699795323\n|switch|p2a: Indeedee|Indeedee-F, L50, F, shiny|100\/100\n|-fieldstart|move: Psychic Terrain|[from] ability: Psychic Surge|[of] p2a: Indeedee\n|-enditem|p2a: Indeedee|Psychic Seed\n|-boost|p2a: Indeedee|spd|1|[from] item: Psychic Seed\n|move|p1a: Regieleki|Wild Charge|p2b: Enamorus\n|-supereffective|p2b: Enamorus\n|-damage|p2b: Enamorus|0 fnt\n|faint|p2b: Enamorus\n|-damage|p1a: Regieleki|80\/100|[from] Recoil\n|move|p1b: Kingambit|Swords Dance|p1b: Kingambit\n|-boost|p1b: Kingambit|atk|2\n|\n|upkeep\n|\n|t:|1699795338\n|switch|p2b: Thundurus|Thundurus, L50, M|100\/100\n|turn|3\n|\n|t:|1699795345\n|move|p2a: Indeedee|Helping Hand|p2b: Thundurus\n|-singleturn|p2b: Thundurus|Helping Hand|[of] p2a: Indeedee\n|move|p1b: Kingambit|Protect|p1b: Kingambit\n|-singleturn|p1b: Kingambit|Protect\n|move|p1a: Regieleki|Wild Charge|p2a: Indeedee\n|-damage|p2a: Indeedee|46\/100\n|-damage|p1a: Regieleki|67\/100|[from] Recoil\n|move|p2b: Thundurus|Wildbolt Storm|p1a: Regieleki|[spread] \n|-activate|p1b: Kingambit|move: Protect\n|-miss|p2b: Thundurus|p1a: Regieleki\n|\n|upkeep\n|turn|4\n|\n|t:|1699795361\n|move|p2a: Indeedee|Helping Hand|p2b: Thundurus\n|-singleturn|p2b: Thundurus|Helping Hand|[of] p2a: Indeedee\n|move|p1b: Kingambit|Sucker Punch|p2b: Thundurus\n|-hint|Psychic Terrain doesn't affect Pok\u00e9mon immune to Ground.\n|-damage|p2b: Thundurus|8\/100\n|move|p1a: Regieleki|Wild Charge|p2a: Indeedee\n|-damage|p2a: Indeedee|0 fnt\n|faint|p2a: Indeedee\n|-damage|p1a: Regieleki|56\/100|[from] Recoil\n|move|p2b: Thundurus|Wildbolt Storm|p1b: Kingambit|[spread] p1a,p1b\n|-resisted|p1a: Regieleki\n|-damage|p1a: Regieleki|15\/100\n|-damage|p1b: Kingambit|57\/100\n|\n|-sideend|p2: previouslynamed|move: Tailwind\n|upkeep\n|c|\u2606previouslynamed|is he choice scarf\n|\n|t:|1699795375\n|switch|p2a: Armarouge|Armarouge, L50, M|100\/100\n|turn|5\n|\n|t:|1699795387\n|-terastallize|p1b: Kingambit|Dragon\n|move|p1a: Regieleki|Wild Charge|p2b: Thundurus\n|-damage|p2b: Thundurus|0 fnt\n|faint|p2b: Thundurus\n|-damage|p1a: Regieleki|13\/100|[from] Recoil\n|move|p2a: Armarouge|Heat Wave|p1b: Kingambit|[spread] p1a,p1b\n|-resisted|p1b: Kingambit\n|-damage|p1a: Regieleki|0 fnt\n|-damage|p1b: Kingambit|37\/100\n|faint|p1a: Regieleki\n|move|p1b: Kingambit|Kowtow Cleave|p2a: Armarouge\n|-supereffective|p2a: Armarouge\n|-damage|p2a: Armarouge|0 fnt\n|faint|p2a: Armarouge\n|\n|win|E10TEST\n|raw|E10TEST's rating: 1553 &rarr; <strong>1575<\/strong><br \/>(+22 for winning)\n|raw|previouslynamed's rating: 1590 &rarr; <strong>1568<\/strong><br \/>(-22 for losing)\n|l|\u2606previouslynamed\n|c|\u2606E10TEST|Yeah\n","uploadtime":1699795408,"views":16,"p1id":"e10test","p2id":"previouslynamed","formatid":"gen9vgc2023regulatione","rating":1568,"private":0,"password":""}