{"id":"gen9vgc2023regulatione-1993866592","p1":"Choruto","p2":"clumsyyuki","format":"[Gen 9] VGC 2023 Regulation E","log":"|j|\u2606Choruto\n|j|\u203dclumsyyuki\n|n|\u2606Choruto|choruto\n|n|\u203dclumsyyuki|clumsyyuki\n|html|View the match progress at <a href=\"\/game-bestof3-gen9vgc2023regulatione-1993861759\">game-bestof3-gen9vgc2023regulatione-1993861759<\/a>\n|t:|1700367325\n|gametype|doubles\n|player|p1|Choruto|fisherman|\n|player|p2|clumsyyuki|leaf-masters|\n|teamsize|p1|6\n|teamsize|p2|6\n|gen|9\n|tier|[Gen 9] VGC 2023 Regulation E\n|rule|Species Clause: Limit one of each Pok\u00e9mon\n|rule|Item Clause: Limit one of each item\n|clearpoke\n|poke|p1|Gholdengo, L50|\n|poke|p1|Tornadus, L50, M|\n|poke|p1|Urshifu-*, L50, M|\n|poke|p1|Iron Hands, L50|\n|poke|p1|Farigiraf, L50, F|\n|poke|p1|Ninetales-Alola, L50, F|\n|poke|p2|Iron Bundle, L50|\n|poke|p2|Ogerpon-Hearthflame, L50, F|\n|poke|p2|Landorus-Therian, L50, M|\n|poke|p2|Flutter Mane, L50|\n|poke|p2|Rillaboom, L50, F|\n|poke|p2|Chien-Pao, L50|\n|teampreview|4\nChoruto has agreed to open team sheets.\nclumsyyuki has agreed to open team sheets.\n|showteam|p1|Gholdengo||Leftovers|GoodasGold|MakeItRain,ShadowBall,NastyPlot,Protect||||||50|,,,,,Dragon]Tornadus||SkyPlate|Prankster|BleakwindStorm,Tailwind,Taunt,RainDance|||M|||50|,,,,,Flying]Urshifu-Rapid-Strike||ChoiceScarf|UnseenFist|SurgingStrikes,CloseCombat,IceSpinner,Uturn|||M|||50|,,,,,Water]Iron Hands||AssaultVest|QuarkDrive|WildCharge,DrainPunch,HeavySlam,FakeOut||||||50|,,,,,Water]Farigiraf||SitrusBerry|ArmorTail|Psychic,HyperVoice,TrickRoom,Imprison|||F|||50|,,,,,Water]Ninetales-Alola||LightClay|SnowWarning|FreezeDry,Moonblast,Protect,AuroraVeil|||F|||50|,,,,,Water\n|showteam|p2|Iron Bundle||BoosterEnergy|QuarkDrive|Protect,FreezeDry,IcyWind,HydroPump||||||50|,,,,,Ghost]Ogerpon-Hearthflame||HearthflameMask|MoldBreaker|IvyCudgel,GrassyGlide,SpikyShield,SwordsDance|||F|||50|,,,,,Fire]Landorus-Therian||ChoiceScarf|Intimidate|StompingTantrum,Uturn,TeraBlast,RockSlide|||M|||50|,,,,,Flying]Flutter Mane||ChoiceSpecs|Protosynthesis|Moonblast,DazzlingGleam,Thunderbolt,ShadowBall||||||50|,,,,,Fairy]Rillaboom||AssaultVest|GrassySurge|HighHorsepower,WoodHammer,GrassyGlide,FakeOut|||F|||50|,,,,,Fire]Chien-Pao||FocusSash|SwordofRuin|SuckerPunch,ThroatChop,Protect,IceSpinner||||||50|,,,,,Dark\n|\n|t:|1700367401\n|start\n|switch|p1a: Typhoon|Tornadus, L50, M, shiny|100\/100\n|switch|p1b: Alola|Ninetales-Alola, L50, F, shiny|100\/100\n|switch|p2a: Flutter Mane|Flutter Mane, L50, shiny|100\/100\n|switch|p2b: Iron Bundle|Iron Bundle, L50|100\/100\n|-weather|Snow|[from] ability: Snow Warning|[of] p1b: Alola\n|-enditem|p2b: Iron Bundle|Booster Energy\n|-activate|p2b: Iron Bundle|ability: Quark Drive|[fromitem]\n|-start|p2b: Iron Bundle|quarkdrivespe\n|turn|1\n|\n|t:|1700367446\n|move|p1a: Typhoon|Tailwind|p1a: Typhoon\n|-sidestart|p1: Choruto|move: Tailwind\n|move|p2b: Iron Bundle|Freeze-Dry|p1b: Alola\n|-resisted|p1b: Alola\n|-crit|p1b: Alola\n|-damage|p1b: Alola|75\/100\n|move|p1b: Alola|Aurora Veil|p1b: Alola\n|-sidestart|p1: Choruto|move: Aurora Veil\n|move|p2a: Flutter Mane|Dazzling Gleam|p1a: Typhoon|[spread] p1a,p1b\n|-damage|p1a: Typhoon|65\/100\n|-damage|p1b: Alola|45\/100\n|\n|-weather|Snow|[upkeep]\n|upkeep\n|turn|2\n|\n|t:|1700367470\n|move|p2b: Iron Bundle|Freeze-Dry|p1b: Alola\n|-resisted|p1b: Alola\n|-damage|p1b: Alola|35\/100\n|move|p1b: Alola|Moonblast|p2b: Iron Bundle\n|-damage|p2b: Iron Bundle|45\/100\n|move|p1a: Typhoon|Bleakwind Storm|p2b: Iron Bundle|[spread] p2a,p2b\n|-damage|p2a: Flutter Mane|50\/100\n|-damage|p2b: Iron Bundle|0 fnt\n|faint|p2b: Iron Bundle\n|-end|p2b: Iron Bundle|Quark Drive|[silent]\n|move|p2a: Flutter Mane|Dazzling Gleam|p1b: Alola|[spread] p1a,p1b\n|-crit|p1a: Typhoon\n|-damage|p1a: Typhoon|0 fnt\n|-damage|p1b: Alola|7\/100\n|faint|p1a: Typhoon\n|\n|-weather|Snow|[upkeep]\n|upkeep\n|\n|t:|1700367489\n|switch|p2b: Ogerpon|Ogerpon-Hearthflame, L50, F|100\/100\n|switch|p1a: Trident|Gholdengo, L50|100\/100\n|-ability|p2b: Ogerpon|Mold Breaker\n|turn|3\n|\n|t:|1700367507\n|-end|p2a: Flutter Mane|Protosynthesis|[silent]\n|switch|p2a: Rillaboom|Rillaboom, L50, F|100\/100\n|-fieldstart|move: Grassy Terrain|[from] ability: Grassy Surge|[of] p2a: Rillaboom\n|-terastallize|p1a: Trident|Dragon\n|move|p2b: Ogerpon|Grassy Glide|p1b: Alola\n|-damage|p1b: Alola|0 fnt\n|faint|p1b: Alola\n|move|p1a: Trident|Shadow Ball|p2a: Rillaboom\n|-damage|p2a: Rillaboom|70\/100\n|-unboost|p2a: Rillaboom|spd|1\n|\n|-weather|Snow|[upkeep]\n|-heal|p2a: Rillaboom|76\/100|[from] Grassy Terrain\n|upkeep\n|\n|t:|1700367510\n|switch|p1b: Napoleon|Urshifu-Rapid-Strike, L50, M|100\/100\n|turn|4\n|\n|t:|1700367549\n|-terastallize|p2b: Ogerpon|Fire\n|detailschange|p2b: Ogerpon|Ogerpon-Hearthflame-Tera, L50, F, tera:Fire\n|-ability|p2b: Ogerpon|Embody Aspect (Hearthflame)|boost\n|-boost|p2b: Ogerpon|atk|1\n|move|p2a: Rillaboom|Fake Out|p1b: Napoleon\n|-crit|p1b: Napoleon\n|-damage|p1b: Napoleon|77\/100\n|move|p2b: Ogerpon|Grassy Glide|p1b: Napoleon\n|-supereffective|p1b: Napoleon\n|-damage|p1b: Napoleon|0 fnt\n|faint|p1b: Napoleon\n|move|p1a: Trident|Nasty Plot|p1a: Trident\n|-boost|p1a: Trident|spa|2\n|\n|-weather|Snow|[upkeep]\n|-heal|p2a: Rillaboom|82\/100|[from] Grassy Terrain\n|-sideend|p1: Choruto|move: Tailwind\n|upkeep\n|turn|5\n|\n|t:|1700367569\n|move|p2b: Ogerpon|Ivy Cudgel|p1a: Trident|[anim] Ivy Cudgel Fire\n|-resisted|p1a: Trident\n|-damage|p1a: Trident|69\/100\n|move|p1a: Trident|Shadow Ball|p2b: Ogerpon\n|-damage|p2b: Ogerpon|20\/100\n|move|p2a: Rillaboom|High Horsepower|p1a: Trident\n|-damage|p1a: Trident|50\/100\n|\n|-weather|none\n|-heal|p2b: Ogerpon|26\/100|[from] Grassy Terrain\n|-heal|p1a: Trident|56\/100|[from] Grassy Terrain\n|-heal|p1a: Trident|62\/100|[from] item: Leftovers\n|-heal|p2a: Rillaboom|88\/100|[from] Grassy Terrain\n|upkeep\n|turn|6\n|\n|t:|1700367589\n|move|p2b: Ogerpon|Spiky Shield|p2b: Ogerpon\n|-singleturn|p2b: Ogerpon|move: Protect\n|move|p1a: Trident|Make It Rain|p2a: Rillaboom|[spread] p2a\n|-activate|p2b: Ogerpon|move: Protect\n|-damage|p2a: Rillaboom|0 fnt\n|-unboost|p1a: Trident|spa|1\n|faint|p2a: Rillaboom\n|\n|-heal|p2b: Ogerpon|32\/100|[from] Grassy Terrain\n|-heal|p1a: Trident|68\/100|[from] Grassy Terrain\n|-heal|p1a: Trident|75\/100|[from] item: Leftovers\n|upkeep\n|\n|t:|1700367602\n|switch|p2a: Flutter Mane|Flutter Mane, L50, shiny|50\/100\n|turn|7\n|\n|t:|1700367609\n|move|p1a: Trident|Protect|p1a: Trident\n|-singleturn|p1a: Trident|Protect\n|move|p2a: Flutter Mane|Moonblast|p1a: Trident\n|-activate|p1a: Trident|move: Protect\n|move|p2b: Ogerpon|Ivy Cudgel|p1a: Trident|[anim] Ivy Cudgel Fire\n|-activate|p1a: Trident|move: Protect\n|\n|-heal|p2a: Flutter Mane|56\/100|[from] Grassy Terrain\n|-heal|p2b: Ogerpon|38\/100|[from] Grassy Terrain\n|-heal|p1a: Trident|81\/100|[from] Grassy Terrain\n|-heal|p1a: Trident|87\/100|[from] item: Leftovers\n|-fieldend|move: Grassy Terrain\n|upkeep\n|turn|8\n|\n|t:|1700367655\n|move|p2a: Flutter Mane|Moonblast|p1a: Trident\n|-supereffective|p1a: Trident\n|-damage|p1a: Trident|0 fnt\n|faint|p1a: Trident\n|\n|win|clumsyyuki\n|c|\u2606Choruto|gg\n","uploadtime":1700367666,"views":49,"p1id":"choruto","p2id":"clumsyyuki","formatid":"gen9vgc2023regulatione","rating":0,"private":0,"password":""}