{"id":"gen9vgc2023regulatione-1989086788","p1":"teamtest2704","p2":"Shadallion987654","format":"[Gen 9] VGC 2023 Regulation E","log":"|j|\u2606teamtest2704\n|j|\u2606Shadallion987654\n|t:|1699810708\n|gametype|doubles\n|player|p1|teamtest2704|266|1148\n|player|p2|Shadallion987654|1|1199\n|teamsize|p1|6\n|teamsize|p2|6\n|gen|9\n|tier|[Gen 9] VGC 2023 Regulation E\n|rated|\n|rule|Species Clause: Limit one of each Pok\u00e9mon\n|rule|Item Clause: Limit one of each item\n|clearpoke\n|poke|p1|Landorus-Therian, L50, M|\n|poke|p1|Orthworm, L50, F|\n|poke|p1|Roaring Moon, L50|\n|poke|p1|Tornadus, L50, M|\n|poke|p1|Flutter Mane, L50|\n|poke|p1|Ogerpon-Hearthflame, L50, F|\n|poke|p2|Baxcalibur, L50, M|\n|poke|p2|Ogerpon-Wellspring, L50, F|\n|poke|p2|Iron Hands, L50|\n|poke|p2|Heatran, L50, F|\n|poke|p2|Tornadus, L50, M|\n|poke|p2|Arcanine-Hisui, L50, F|\n|teampreview|4\n|inactive|Battle timer is ON: inactive players will automatically lose when time's up. (requested by Shadallion987654)\n|inactive|teamtest2704 has 60 seconds left.\n|inactive|Shadallion987654 has 60 seconds left.\n|\n|t:|1699810749\n|start\n|switch|p1a: Tornadus|Tornadus, L50, M|100\/100\n|switch|p1b: Orthworm|Orthworm, L50, F|100\/100\n|switch|p2a: Baxcalibur|Baxcalibur, L50, M, shiny|100\/100\n|switch|p2b: Tornadus|Tornadus, L50, M|100\/100\n|turn|1\n|inactive|teamtest2704 has 30 seconds left.\n|\n|t:|1699810774\n|move|p2a: Baxcalibur|Protect|p2a: Baxcalibur\n|-singleturn|p2a: Baxcalibur|Protect\n|move|p2b: Tornadus|Tailwind|p2b: Tornadus\n|-sidestart|p2: Shadallion987654|move: Tailwind\n|move|p1a: Tornadus|Tailwind|p1a: Tornadus\n|-sidestart|p1: teamtest2704|move: Tailwind\n|move|p1b: Orthworm|Iron Defense|p1b: Orthworm\n|-boost|p1b: Orthworm|def|2\n|\n|upkeep\n|turn|2\n|\n|t:|1699810794\n|move|p1a: Tornadus|Taunt|p2b: Tornadus\n|-start|p2b: Tornadus|move: Taunt\n|move|p2b: Tornadus|Heat Wave|p1a: Tornadus|[spread] p1a,p1b\n|-supereffective|p1b: Orthworm\n|-damage|p1a: Tornadus|80\/100\n|-damage|p1b: Orthworm|42\/100\n|move|p2a: Baxcalibur|Icicle Spear|p1a: Tornadus\n|-supereffective|p1a: Tornadus\n|-damage|p1a: Tornadus|50\/100\n|-supereffective|p1a: Tornadus\n|-damage|p1a: Tornadus|18\/100\n|-supereffective|p1a: Tornadus\n|-damage|p1a: Tornadus|0 fnt\n|faint|p1a: Tornadus\n|-hitcount|p1: Tornadus|3\n|move|p1b: Orthworm|Body Press|p2a: Baxcalibur\n|-supereffective|p2a: Baxcalibur\n|-crit|p2a: Baxcalibur\n|-damage|p2a: Baxcalibur|0 fnt\n|faint|p2a: Baxcalibur\n|\n|-heal|p1b: Orthworm|48\/100|[from] item: Leftovers\n|upkeep\n|\n|t:|1699810819\n|switch|p2a: Heatran|Heatran, L50, F|100\/100\n|switch|p1a: Landorus|Landorus-Therian, L50, M|100\/100\n|-ability|p1a: Landorus|Intimidate|boost\n|-unboost|p2a: Heatran|atk|1\n|-unboost|p2b: Tornadus|atk|1\n|turn|3\n|inactive|teamtest2704 has 30 seconds left.\n|\n|t:|1699810853\n|move|p1b: Orthworm|Protect|p1b: Orthworm\n|-singleturn|p1b: Orthworm|Protect\n|move|p1a: Landorus|U-turn|p2a: Heatran\n|-resisted|p2a: Heatran\n|-damage|p2a: Heatran|95\/100\n|\n|t:|1699810857\n|switch|p1a: Roaring Moon|Roaring Moon, L50|100\/100|[from] U-turn\n|-enditem|p1a: Roaring Moon|Booster Energy\n|-activate|p1a: Roaring Moon|ability: Protosynthesis|[fromitem]\n|-start|p1a: Roaring Moon|protosynthesisatk\n|move|p2b: Tornadus|Bleakwind Storm|p1a: Roaring Moon|[spread] p1a\n|-activate|p1b: Orthworm|move: Protect\n|-damage|p1a: Roaring Moon|63\/100\n|move|p2a: Heatran|Flamethrower|p1b: Orthworm\n|-activate|p1b: Orthworm|move: Protect\n|\n|-heal|p2a: Heatran|100\/100|[from] item: Leftovers\n|-heal|p1b: Orthworm|54\/100|[from] item: Leftovers\n|upkeep\n|turn|4\n|inactive|Shadallion987654 has 30 seconds left.\n|\n|t:|1699810884\n|move|p1a: Roaring Moon|Brick Break|p2a: Heatran\n|-supereffective|p2a: Heatran\n|-damage|p2a: Heatran|46\/100\n|move|p2b: Tornadus|Heat Wave|p1b: Orthworm|[spread] p1a,p1b\n|-resisted|p1a: Roaring Moon\n|-supereffective|p1b: Orthworm\n|-crit|p1b: Orthworm\n|-damage|p1a: Roaring Moon|51\/100\n|-damage|p1b: Orthworm|0 fnt\n|faint|p1b: Orthworm\n|move|p2a: Heatran|Flamethrower|p1a: Roaring Moon\n|-resisted|p1a: Roaring Moon\n|-damage|p1a: Roaring Moon|26\/100\n|\n|-heal|p2a: Heatran|52\/100|[from] item: Leftovers\n|-end|p2b: Tornadus|move: Taunt\n|-sideend|p1: teamtest2704|move: Tailwind\n|-sideend|p2: Shadallion987654|move: Tailwind\n|upkeep\n|\n|t:|1699810897\n|switch|p1b: Landorus|Landorus-Therian, L50, M|100\/100\n|-ability|p1b: Landorus|Intimidate|boost\n|-unboost|p2a: Heatran|atk|1\n|-unboost|p2b: Tornadus|atk|1\n|turn|5\n|\n|t:|1699810918\n|-terastallize|p1a: Roaring Moon|Flying\n|move|p2a: Heatran|Protect|p2a: Heatran\n|-singleturn|p2a: Heatran|Protect\n|move|p2b: Tornadus|Tailwind|p2b: Tornadus\n|-sidestart|p2: Shadallion987654|move: Tailwind\n|move|p1b: Landorus|Earthquake|p2a: Heatran|[spread] \n|-activate|p2a: Heatran|move: Protect\n|-immune|p1a: Roaring Moon\n|-immune|p2b: Tornadus\n|move|p1a: Roaring Moon|Acrobatics|p2b: Tornadus\n|-enditem|p2b: Tornadus|Focus Sash\n|-damage|p2b: Tornadus|1\/100\n|\n|-heal|p2a: Heatran|58\/100|[from] item: Leftovers\n|upkeep\n|turn|6\n|inactive|Shadallion987654 has 30 seconds left.\n|\n|t:|1699810945\n|move|p2b: Tornadus|Heat Wave|p1a: Roaring Moon|[spread] p1a,p1b\n|-damage|p1a: Roaring Moon|2\/100\n|-damage|p1b: Landorus|68\/100\n|move|p1b: Landorus|Earthquake|p2a: Heatran|[spread] p2a\n|-immune|p1a: Roaring Moon\n|-immune|p2b: Tornadus\n|-supereffective|p2a: Heatran\n|-damage|p2a: Heatran|0 fnt\n|faint|p2a: Heatran\n|move|p1a: Roaring Moon|Acrobatics|p2b: Tornadus\n|-damage|p2b: Tornadus|0 fnt\n|faint|p2b: Tornadus\n|\n|upkeep\n|\n|t:|1699810960\n|switch|p2b: Ogerpon|Ogerpon-Wellspring, L50, F|100\/100\n|turn|7\n|\n|t:|1699810971\n|-terastallize|p2b: Ogerpon|Water\n|detailschange|p2b: Ogerpon|Ogerpon-Wellspring-Tera, L50, F, tera:Water\n|-ability|p2b: Ogerpon|Embody Aspect (Wellspring)|boost\n|-boost|p2b: Ogerpon|spd|1\n|move|p2b: Ogerpon|Ivy Cudgel|p1b: Landorus\n|-supereffective|p1b: Landorus\n|-damage|p1b: Landorus|0 fnt\n|faint|p1b: Landorus\n|move|p1a: Roaring Moon|Dragon Dance|p1a: Roaring Moon\n|-boost|p1a: Roaring Moon|atk|1\n|-boost|p1a: Roaring Moon|spe|1\n|\n|upkeep\n|turn|8\n|\n|t:|1699810989\n|move|p2b: Ogerpon|Spiky Shield|p2b: Ogerpon\n|-singleturn|p2b: Ogerpon|move: Protect\n|move|p1a: Roaring Moon|Dragon Dance|p1a: Roaring Moon\n|-boost|p1a: Roaring Moon|atk|1\n|-boost|p1a: Roaring Moon|spe|1\n|\n|-sideend|p2: Shadallion987654|move: Tailwind\n|upkeep\n|turn|9\n|\n|t:|1699811008\n|move|p2b: Ogerpon|Spiky Shield|p2b: Ogerpon\n|-singleturn|p2b: Ogerpon|move: Protect\n|move|p1a: Roaring Moon|Acrobatics|p2b: Ogerpon\n|-activate|p2b: Ogerpon|move: Protect\n|-damage|p1a: Roaring Moon|0 fnt|[from] Spiky Shield|[of] p2b: Ogerpon\n|faint|p1a: Roaring Moon\n|-end|p1a: Roaring Moon|Protosynthesis|[silent]\n|\n|win|Shadallion987654\n|raw|teamtest2704's rating: 1148 &rarr; <strong>1127<\/strong><br \/>(-21 for losing)\n|raw|Shadallion987654's rating: 1199 &rarr; <strong>1220<\/strong><br \/>(+21 for winning)\n|l|\u2606teamtest2704\n","uploadtime":1699811028,"views":13,"p1id":"teamtest2704","p2id":"shadallion987654","formatid":"gen9vgc2023regulatione","rating":1127,"private":0,"password":""}