{"id":"gen9vgc2023regulatione-1998009185","p1":"kn17","p2":"Fancy Cucudrula","format":"[Gen 9] VGC 2023 Regulation E","log":"|j|\u2606kn17\n|j|\u2606Fancy Cucudrula\n|n|\u2606kn17|kn17\n|n|\u2606Fancy Cucudrula|fancycucudrula\n|html|View the match progress at <a href=\"\/game-bestof3-gen9vgc2023regulatione-1998009184\">game-bestof3-gen9vgc2023regulatione-1998009184<\/a>\n|t:|1700878451\n|gametype|doubles\n|player|p1|kn17|worker|\n|player|p2|Fancy Cucudrula|valerie|\n|teamsize|p1|6\n|teamsize|p2|6\n|gen|9\n|tier|[Gen 9] VGC 2023 Regulation E\n|rule|Species Clause: Limit one of each Pok\u00e9mon\n|rule|Item Clause: Limit one of each item\n|clearpoke\n|poke|p1|Roaring Moon, L50|\n|poke|p1|Amoonguss, L50, M|\n|poke|p1|Landorus-Therian, L50, M|\n|poke|p1|Heatran, L50, F|\n|poke|p1|Iron Hands, L50|\n|poke|p1|Gholdengo, L50|\n|poke|p2|Flutter Mane, L50|\n|poke|p2|Amoonguss, L50, M|\n|poke|p2|Heatran, L50, F|\n|poke|p2|Iron Hands, L50|\n|poke|p2|Landorus-Therian, L50, M|\n|poke|p2|Chien-Pao, L50|\n|teampreview|4\n|inactive|Battle timer is ON: inactive players will automatically lose when time's up. (requested by Fancy Cucudrula)\nFancy Cucudrula has agreed to open team sheets.\nkn17 has agreed to open team sheets.\n|showteam|p1|Roaring Moon||BoosterEnergy|Protosynthesis|Acrobatics,KnockOff,DragonDance,Protect||||||50|,,,,,Flying]Amoonguss||RockyHelmet|Regenerator|Spore,RagePowder,PollenPuff,Protect|||M|||50|,,,,,Water]Landorus-Therian||ChoiceScarf|Intimidate|StompingTantrum,TeraBlast,RockSlide,Uturn|||M|||50|,,,,,Flying]Heatran||ShucaBerry|FlashFire|HeatWave,EarthPower,FlashCannon,Protect|||F|||50|,,,,,Fairy]Iron Hands||AssaultVest|QuarkDrive|DrainPunch,WildCharge,HeavySlam,FakeOut||||||50|,,,,,Water]Gholdengo||Leftovers|GoodasGold|NastyPlot,ShadowBall,MakeItRain,Protect||||||50|,,,,,Dragon\n|showteam|p2|Flutter Mane||ChoiceSpecs|Protosynthesis|DazzlingGleam,Moonblast,ShadowBall,PerishSong||||||50|,,,,,Fairy]Amoonguss||RockyHelmet|Regenerator|RagePowder,PollenPuff,Spore,Protect|||M|||50|,,,,,Water]Heatran||SafetyGoggles|FlashFire|HeatWave,EarthPower,FlashCannon,Protect|||F|||50|,,,,,Fairy]Iron Hands||AssaultVest|QuarkDrive|DrainPunch,WildCharge,HeavySlam,FakeOut||||||50|,,,,,Water]Landorus-Therian||ChoiceScarf|Intimidate|StompingTantrum,TeraBlast,RockSlide,Uturn|||M|||50|,,,,,Flying]Chien-Pao||FocusSash|SwordofRuin|IceSpinner,SuckerPunch,Haze,Protect||||||50|,,,,,Ghost\n|inactive|kn17 has 30 seconds left.\n|inactive|Fancy Cucudrula has 30 seconds left.\n|inactive|kn17 has 20 seconds left.\n|inactive|Fancy Cucudrula has 20 seconds left.\n|inactive|kn17 has 15 seconds left.\n|inactive|Fancy Cucudrula has 15 seconds left.\n|inactive|kn17 has 10 seconds left.\n|inactive|kn17 has 5 seconds left.\n|inactive|Fancy Cucudrula has 10 seconds left.\n|\n|t:|1700878513\n|start\n|switch|p1a: Landorus|Landorus-Therian, L50, M, shiny|100\/100\n|switch|p1b: Iron Hands|Iron Hands, L50|100\/100\n|switch|p2a: Luquisha|Landorus-Therian, L50, M|100\/100\n|switch|p2b: Mistress|Iron Hands, L50, shiny|100\/100\n|-ability|p1a: Landorus|Intimidate|boost\n|-unboost|p2a: Luquisha|atk|1\n|-unboost|p2b: Mistress|atk|1\n|-ability|p2a: Luquisha|Intimidate|boost\n|-unboost|p1a: Landorus|atk|1\n|-unboost|p1b: Iron Hands|atk|1\n|turn|1\n|\n|t:|1700878538\n|switch|p2a: Sasha Colby|Flutter Mane, L50|100\/100\n|move|p2b: Mistress|Fake Out|p1a: Landorus\n|-damage|p1a: Landorus|88\/100\n|move|p1b: Iron Hands|Fake Out|p2a: Sasha Colby\n|-immune|p2a: Sasha Colby\n|cant|p1a: Landorus|flinch\n|\n|upkeep\n|turn|2\n|\n|t:|1700878550\n|switch|p1a: Heatran|Heatran, L50, F, shiny|100\/100\n|-end|p2b: Mistress|Quark Drive|[silent]\n|switch|p2b: Luquisha|Landorus-Therian, L50, M|100\/100\n|-ability|p2b: Luquisha|Intimidate|boost\n|-unboost|p1a: Heatran|atk|1\n|-unboost|p1b: Iron Hands|atk|1\n|move|p2a: Sasha Colby|Moonblast|p1a: Heatran\n|-resisted|p1a: Heatran\n|-damage|p1a: Heatran|86\/100\n|move|p1b: Iron Hands|Heavy Slam|p2a: Sasha Colby\n|-supereffective|p2a: Sasha Colby\n|-damage|p2a: Sasha Colby|25\/100\n|\n|upkeep\n|turn|3\n|inactive|kn17 has 30 seconds left.\n|inactive|kn17 has 20 seconds left.\n|inactive|Fancy Cucudrula has 30 seconds left.\n|inactive|kn17 has 15 seconds left.\n|inactive|kn17 has 10 seconds left.\n|\n|t:|1700878599\n|switch|p1a: Landorus|Landorus-Therian, L50, M, shiny|88\/100\n|-ability|p1a: Landorus|Intimidate|boost\n|-unboost|p2a: Sasha Colby|atk|1\n|-unboost|p2b: Luquisha|atk|1\n|move|p2b: Luquisha|Stomping Tantrum|p1a: Landorus\n|-immune|p1a: Landorus\n|move|p2a: Sasha Colby|Moonblast|p1b: Iron Hands\n|-supereffective|p1b: Iron Hands\n|-damage|p1b: Iron Hands|20\/100\n|move|p1b: Iron Hands|Heavy Slam|p2a: Sasha Colby\n|-supereffective|p2a: Sasha Colby\n|-damage|p2a: Sasha Colby|0 fnt\n|faint|p2a: Sasha Colby\n|-end|p2a: Sasha Colby|Protosynthesis|[silent]\n|\n|upkeep\n|\n|t:|1700878611\n|switch|p2a: Lawrence|Heatran, L50, F, shiny|100\/100\n|turn|4\n|inactive|kn17 has 30 seconds left.\n|inactive|kn17 has 20 seconds left.\n|inactive|kn17 has 15 seconds left.\n|inactive|kn17 has 10 seconds left.\n|inactive|kn17 has 5 seconds left.\n|\n|t:|1700878663\n|-terastallize|p2a: Lawrence|Fairy\n|move|p1a: Landorus|Stomping Tantrum|p2a: Lawrence\n|-damage|p2a: Lawrence|67\/100\n|move|p2b: Luquisha|Stomping Tantrum|p1b: Iron Hands\n|-supereffective|p1b: Iron Hands\n|-damage|p1b: Iron Hands|0 fnt\n|faint|p1b: Iron Hands\n|-end|p1b: Iron Hands|Quark Drive|[silent]\n|move|p2a: Lawrence|Heat Wave|p1a: Landorus\n|-damage|p1a: Landorus|28\/100\n|\n|upkeep\n|\n|t:|1700878671\n|switch|p1b: Gholdengo|Gholdengo, L50|100\/100\n|turn|5\n|inactive|kn17 has 30 seconds left.\n|\n|t:|1700878699\n|switch|p1a: Heatran|Heatran, L50, F, shiny|86\/100\n|switch|p2b: Mistress|Iron Hands, L50, shiny|100\/100\n|-terastallize|p1b: Gholdengo|Dragon\n|move|p1b: Gholdengo|Make It Rain|p2a: Lawrence|[spread] p2a,p2b\n|-supereffective|p2a: Lawrence\n|-resisted|p2b: Mistress\n|-damage|p2a: Lawrence|0 fnt\n|-damage|p2b: Mistress|87\/100\n|-unboost|p1b: Gholdengo|spa|1\n|faint|p2a: Lawrence\n|\n|upkeep\n|\n|t:|1700878708\n|switch|p2a: Luquisha|Landorus-Therian, L50, M|100\/100\n|-ability|p2a: Luquisha|Intimidate|boost\n|-unboost|p1a: Heatran|atk|1\n|-unboost|p1b: Gholdengo|atk|1\n|turn|6\n|\n|t:|1700878728\n|move|p1b: Gholdengo|Protect|p1b: Gholdengo\n|-singleturn|p1b: Gholdengo|Protect\n|move|p1a: Heatran|Protect|p1a: Heatran\n|-singleturn|p1a: Heatran|Protect\n|move|p2a: Luquisha|Stomping Tantrum|p1b: Gholdengo\n|-activate|p1b: Gholdengo|move: Protect\n|move|p2b: Mistress|Drain Punch|p1a: Heatran\n|-activate|p1a: Heatran|move: Protect\n|\n|upkeep\n|turn|7\n|inactive|kn17 has 30 seconds left.\n|\n|t:|1700878761\n|switch|p1b: Landorus|Landorus-Therian, L50, M, shiny|28\/100\n|-ability|p1b: Landorus|Intimidate|boost\n|-unboost|p2a: Luquisha|atk|1\n|-unboost|p2b: Mistress|atk|1\n|move|p2a: Luquisha|Stomping Tantrum|p1b: Landorus\n|-immune|p1b: Landorus\n|move|p1a: Heatran|Flash Cannon|p2a: Luquisha\n|-damage|p2a: Luquisha|55\/100\n|move|p2b: Mistress|Drain Punch|p1a: Heatran\n|-supereffective|p1a: Heatran\n|-damage|p1a: Heatran|36\/100\n|-heal|p2b: Mistress|100\/100|[from] drain|[of] p1a: Heatran\n|\n|upkeep\n|turn|8\n|inactive|kn17 has 30 seconds left.\n|inactive|kn17 has 20 seconds left.\n|\n|t:|1700878798\n|move|p1a: Heatran|Protect|p1a: Heatran\n|-singleturn|p1a: Heatran|Protect\n|move|p1b: Landorus|U-turn|p2a: Luquisha\n|-resisted|p2a: Luquisha\n|-damage|p2a: Luquisha|42\/100\n|\n|t:|1700878803\n|switch|p1b: Gholdengo|Gholdengo, L50, tera:Dragon|100\/100|[from] U-turn\n|move|p2a: Luquisha|Stomping Tantrum|p1a: Heatran\n|-activate|p1a: Heatran|move: Protect\n|move|p2b: Mistress|Heavy Slam|p1b: Gholdengo\n|-damage|p1b: Gholdengo|75\/100\n|\n|-heal|p1b: Gholdengo|81\/100|[from] item: Leftovers\n|upkeep\n|turn|9\n|-message|Fancy Cucudrula forfeited.\n|\n|win|kn17\n|c|&|\/uhtml prompt-fancycucudrula,Fancy Cucudrula is ready for game 2!\n|c|&|\/uhtml prompt-kn17,kn17 is ready for game 2!\nBoth players are ready! Starting next match!\n","uploadtime":1700879173,"views":3,"p1id":"kn17","p2id":"fancycucudrula","formatid":"gen9vgc2023regulatione","rating":0,"private":0,"password":""}