{"id":"gen9vgc2023regulatione-2000519858","p1":"malvric","p2":"Jayanni","format":"[Gen 9] VGC 2023 Regulation E","log":"|j|\u2606malvric\n|j|\u2606Jayanni\n|n|\u2606malvric|malvric\n|n|\u2606Jayanni|jayanni\n|html|View the match progress at <a href=\"\/game-bestof3-gen9vgc2023regulatione-2000517198\">game-bestof3-gen9vgc2023regulatione-2000517198<\/a>\n|t:|1701201704\n|gametype|doubles\n|player|p1|malvric|265|\n|player|p2|Jayanni|2|\n|teamsize|p1|6\n|teamsize|p2|6\n|gen|9\n|tier|[Gen 9] VGC 2023 Regulation E\n|rule|Species Clause: Limit one of each Pok\u00e9mon\n|rule|Item Clause: Limit one of each item\n|clearpoke\n|poke|p1|Lycanroc-Midnight, L50, M|\n|poke|p1|Hippowdon, L50, F|\n|poke|p1|Sandslash, L50, F|\n|poke|p1|Tornadus, L50, M|\n|poke|p1|Jolteon, L50, F|\n|poke|p1|Brambleghast, L50, F|\n|poke|p2|Trevenant, L50, F|\n|poke|p2|Dragalge, L50, F|\n|poke|p2|Gliscor, L50, F|\n|poke|p2|Umbreon, L50, F|\n|poke|p2|Mismagius, L50, F|\n|poke|p2|Meowscarada, L50, M|\n|teampreview|4\nmalvric has agreed to open team sheets.\nJayanni has agreed to open team sheets.\n|showteam|p1|Lycanroc-Midnight||PersimBerry|NoGuard|StoneEdge,RockSlide,Outrage,KnockOff|||M|||50|,,,,,Rock]Hippowdon||RockyHelmet|SandStream|HighHorsepower,SlackOff,Yawn,Protect|||F|||50|,,,,,Ground]Sandslash||RazorFang|SandVeil|SuperFang,RockSlide,RapidSpin,DrillRun|||F|||50|,,,,,Ground]Tornadus||SitrusBerry|Prankster|Tailwind,BleakwindStorm,Protect,Taunt|||M|||50|,,,,,Flying]Jolteon||Leftovers|VoltAbsorb|VoltSwitch,Tickle,Protect,WeatherBall|||F|||50|,,,,,Flying]Brambleghast||Metronome|WindRider|PhantomForce,SeedBomb,StrengthSap,Protect|||F|||50|,,,,,Ghost\n|showteam|p2|Trevenant||SitrusBerry|Harvest|TrickRoom,HornLeech,Protect,KnockOff|||F|||50|,,,,,Normal]Dragalge||LifeOrb|Adaptability|SludgeBomb,DracoMeteor,RainDance,Protect|||F|||50|,,,,,Normal]Gliscor||ToxicOrb|PoisonHeal|SwordsDance,BrickBreak,HighHorsepower,RockSlide|||F|||50|,,,,,Fairy]Umbreon||Leftovers|InnerFocus|Crunch,Curse,Moonlight,Toxic|||F|||50|,,,,,Fire]Mismagius||SpellTag|Levitate|DarkPulse,Hex,FakeTears,MysticalFire|||F|||50|,,,,,Ghost]Meowscarada||RockyHelmet|Protean|KnockOff,FlowerTrick,PlayRough,Uturn|||M|||50|,,,,,Grass\n|\n|t:|1701201732\n|start\n|switch|p1a: Lonny Quinn|Tornadus, L50, M, shiny|100\/100\n|switch|p1b: Rabies or Meth|Lycanroc-Midnight, L50, M, shiny|100\/100\n|switch|p2a: Treva|Trevenant, L50, F, shiny|100\/100\n|switch|p2b: Gliscor|Gliscor, L50, F, shiny|100\/100\n|turn|1\n|\n|t:|1701201760\n|-terastallize|p2a: Treva|Normal\n|move|p1a: Lonny Quinn|Taunt|p2b: Gliscor\n|-start|p2b: Gliscor|move: Taunt\n|move|p1b: Rabies or Meth|Knock Off|p2a: Treva\n|-damage|p2a: Treva|70\/100\n|-enditem|p2a: Treva|Sitrus Berry|[from] move: Knock Off|[of] p1b: Rabies or Meth\n|move|p2b: Gliscor|High Horsepower|p1b: Rabies or Meth\n|-supereffective|p1b: Rabies or Meth\n|-damage|p1b: Rabies or Meth|0 fnt\n|faint|p1b: Rabies or Meth\n|move|p2a: Treva|Trick Room|p2a: Treva\n|-fieldstart|move: Trick Room|[of] p2a: Treva\n|\n|-status|p2b: Gliscor|tox|[from] item: Toxic Orb\n|upkeep\n|\n|t:|1701201775\n|switch|p1b: Where's the Road?|Brambleghast, L50, F|100\/100\n|turn|2\n|\n|t:|1701201793\n|move|p1a: Lonny Quinn|Tailwind|p1a: Lonny Quinn\n|-sidestart|p1: malvric|move: Tailwind\n|-ability|p1b: Where's the Road?|Wind Rider|boost\n|-boost|p1b: Where's the Road?|atk|1\n|move|p2a: Treva|Knock Off|p1b: Where's the Road?\n|-supereffective|p1b: Where's the Road?\n|-damage|p1b: Where's the Road?|17\/100\n|-enditem|p1b: Where's the Road?|Metronome|[from] move: Knock Off|[of] p2a: Treva\n|move|p2b: Gliscor|Rock Slide|p1b: Where's the Road?|[spread] p1a,p1b\n|-supereffective|p1a: Lonny Quinn\n|-damage|p1a: Lonny Quinn|56\/100\n|-damage|p1b: Where's the Road?|0 fnt\n|faint|p1b: Where's the Road?\n|\n|upkeep\n|\n|t:|1701201804\n|switch|p1b: Bolt|Jolteon, L50, F|100\/100\n|turn|3\n|\n|t:|1701201818\n|move|p2a: Treva|Knock Off|p1b: Bolt\n|-damage|p1b: Bolt|68\/100\n|-enditem|p1b: Bolt|Leftovers|[from] move: Knock Off|[of] p2a: Treva\n|move|p2b: Gliscor|Rock Slide|p1a: Lonny Quinn|[spread] p1a,p1b\n|-supereffective|p1a: Lonny Quinn\n|-damage|p1a: Lonny Quinn|19\/100\n|-damage|p1b: Bolt|48\/100\n|-enditem|p1a: Lonny Quinn|Sitrus Berry|[eat]\n|-heal|p1a: Lonny Quinn|43\/100|[from] item: Sitrus Berry\n|move|p1a: Lonny Quinn|Bleakwind Storm|p2a: Treva|[spread] p2a,p2b\n|-damage|p2a: Treva|37\/100\n|-damage|p2b: Gliscor|51\/100 tox\n|move|p1b: Bolt|Volt Switch|p2a: Treva\n|-damage|p2a: Treva|7\/100\n|\n|-heal|p2b: Gliscor|63\/100 tox|[from] ability: Poison Heal\n|-end|p2b: Gliscor|move: Taunt\n|upkeep\n|turn|4\n|\n|t:|1701201846\n|move|p2a: Treva|Horn Leech|p1b: Bolt\n|-damage|p1b: Bolt|13\/100\n|-heal|p2a: Treva|20\/100|[from] drain|[of] p1b: Bolt\n|move|p2b: Gliscor|Rock Slide|p1a: Lonny Quinn|[spread] p1a,p1b\n|-supereffective|p1a: Lonny Quinn\n|-damage|p1a: Lonny Quinn|4\/100\n|-damage|p1b: Bolt|0 fnt\n|faint|p1b: Bolt\n|move|p1a: Lonny Quinn|Bleakwind Storm|p2b: Gliscor|[spread] p2a,p2b\n|-damage|p2a: Treva|0 fnt\n|-damage|p2b: Gliscor|19\/100 tox\n|faint|p2a: Treva\n|\n|-heal|p2b: Gliscor|31\/100 tox|[from] ability: Poison Heal\n|upkeep\n|\n|t:|1701201861\n|switch|p2a: Mister|Dragalge, L50, F, shiny|100\/100\n|turn|5\n|\n|t:|1701201869\n|move|p2a: Mister|Sludge Bomb|p1a: Lonny Quinn\n|-damage|p1a: Lonny Quinn|0 fnt\n|faint|p1a: Lonny Quinn\n|-damage|p2a: Mister|91\/100|[from] item: Life Orb\n|\n|win|Jayanni\n","uploadtime":1701201877,"views":6,"p1id":"malvric","p2id":"jayanni","formatid":"gen9vgc2023regulatione","rating":0,"private":0,"password":""}