{"id":"gen9vgc2023regulatione-1990886637","p1":"Sticky Pogster","p2":"OutoftheBox215","format":"[Gen 9] VGC 2023 Regulation E","log":"|j|\u2606Sticky Pogster\n|j|\u2606OutoftheBox215\n|t:|1700011469\n|gametype|doubles\n|player|p1|Sticky Pogster|guzma|1048\n|player|p2|OutoftheBox215|hiker-gen4|1088\n|teamsize|p1|6\n|teamsize|p2|6\n|gen|9\n|tier|[Gen 9] VGC 2023 Regulation E\n|rated|\n|rule|Species Clause: Limit one of each Pok\u00e9mon\n|rule|Item Clause: Limit one of each item\n|clearpoke\n|poke|p1|Okidogi, L50, M|\n|poke|p1|Farigiraf, L50, F|\n|poke|p1|Iron Bundle, L50|\n|poke|p1|Dipplin, L50, F|\n|poke|p1|Kingambit, L50, M|\n|poke|p1|Roaring Moon, L50|\n|poke|p2|Thundurus, L50, M|\n|poke|p2|Tornadus-Therian, L50, M|\n|poke|p2|Landorus, L50, M|\n|poke|p2|Enamorus, L50, F|\n|poke|p2|Iron Treads, L50|\n|poke|p2|Charjabug, L50, M|\n|teampreview|4\nSticky Pogster has agreed to open team sheets.\n|\n|t:|1700011580\n|start\n|switch|p1a: Mall Santa|Iron Bundle, L50, shiny|100\/100\n|switch|p1b: ABBA|Roaring Moon, L50, shiny|100\/100\n|switch|p2a: Landorus|Landorus, L50, M|100\/100\n|switch|p2b: Thundurus|Thundurus, L50, M|100\/100\n|turn|1\n|inactive|Battle timer is ON: inactive players will automatically lose when time's up. (requested by Sticky Pogster)\n|\n|t:|1700011606\n|-end|p1b: ABBA|Protosynthesis|[silent]\n|switch|p1b: Dipplin|Dipplin, L50, F, shiny|100\/100\n|-ability|p1b: Dipplin|Supersweet Syrup\n|-ability|p1b: Dipplin|Supersweet Syrup|boost\n|-unboost|p2a: Landorus|evasion|1\n|-unboost|p2b: Thundurus|evasion|1\n|move|p2a: Landorus|Protect|p2a: Landorus\n|-singleturn|p2a: Landorus|Protect\n|move|p2b: Thundurus|Rain Dance|p2b: Thundurus\n|-weather|RainDance\n|move|p1a: Mall Santa|Blizzard|p2b: Thundurus|[spread] p2b\n|-activate|p2a: Landorus|move: Protect\n|-supereffective|p2b: Thundurus\n|-damage|p2b: Thundurus|0 fnt\n|faint|p2b: Thundurus\n|-damage|p1a: Mall Santa|91\/100|[from] item: Life Orb\n|\n|-weather|RainDance|[upkeep]\n|upkeep\n|\n|t:|1700011626\n|switch|p2b: Charjabug|Charjabug, L50, M, shiny|100\/100\n|turn|2\n|inactive|OutoftheBox215 has 30 seconds left.\n|\n|t:|1700011655\n|switch|p1b: ABBA|Roaring Moon, L50, shiny|100\/100\n|-terastallize|p2a: Landorus|Rock\n|move|p1a: Mall Santa|Blizzard|p2b: Charjabug|[spread] p2a\n|-miss|p1a: Mall Santa|p2b: Charjabug\n|-damage|p2a: Landorus|36\/100\n|-damage|p1a: Mall Santa|81\/100|[from] item: Life Orb\n|move|p2a: Landorus|Sandsear Storm|p1a: Mall Santa|[spread] p1a,p1b\n|-damage|p1a: Mall Santa|0 fnt\n|-damage|p1b: ABBA|59\/100\n|faint|p1a: Mall Santa\n|-end|p1a: Mall Santa|Quark Drive|[silent]\n|-damage|p2a: Landorus|26\/100|[from] item: Life Orb\n|move|p2b: Charjabug|String Shot|p1b: ABBA\n|-unboost|p1b: ABBA|spe|2\n|\n|-weather|RainDance|[upkeep]\n|upkeep\n|\n|t:|1700011664\n|switch|p1a: Dipplin|Dipplin, L50, F, shiny|100\/100\n|turn|3\n|inactive|OutoftheBox215 has 30 seconds left.\n|\n|t:|1700011696\n|move|p2a: Landorus|Protect|p2a: Landorus\n|-singleturn|p2a: Landorus|Protect\n|move|p1b: ABBA|Breaking Swipe|p2a: Landorus|[spread] p2b\n|-activate|p2a: Landorus|move: Protect\n|-damage|p2b: Charjabug|83\/100\n|-unboost|p2b: Charjabug|atk|1\n|move|p2b: Charjabug|Struggle Bug|p1a: Dipplin|[spread] p1a,p1b\n|-supereffective|p1a: Dipplin\n|-supereffective|p1b: ABBA\n|-damage|p1a: Dipplin|90\/100\n|-damage|p1b: ABBA|46\/100\n|-unboost|p1a: Dipplin|spa|1\n|-unboost|p1b: ABBA|spa|1\n|move|p1a: Dipplin|Syrup Bomb|p2a: Landorus\n|-activate|p2a: Landorus|move: Protect\n|\n|-weather|RainDance|[upkeep]\n|upkeep\n|turn|4\n|inactive|Sticky Pogster has 30 seconds left.\n|inactive|OutoftheBox215 has 30 seconds left.\n|inactive|Sticky Pogster has 20 seconds left.\n|inactive|Sticky Pogster has 15 seconds left.\n|inactive|Sticky Pogster has 10 seconds left.\n|\n|t:|1700011741\n|move|p2a: Landorus|Sandsear Storm|p1b: ABBA|[spread] p1a,p1b\n|-resisted|p1a: Dipplin\n|-damage|p1a: Dipplin|71\/100\n|-damage|p1b: ABBA|5\/100\n|-damage|p2a: Landorus|17\/100|[from] item: Life Orb\n|move|p1b: ABBA|Snarl|p2a: Landorus|[spread] p2a\n|-miss|p1b: ABBA|p2b: Charjabug\n|-damage|p2a: Landorus|10\/100\n|-unboost|p2a: Landorus|spa|1\n|move|p2b: Charjabug|String Shot|p1b: ABBA|[spread] p1a,p1b\n|-unboost|p1a: Dipplin|spe|2\n|-unboost|p1b: ABBA|spe|2\n|move|p1a: Dipplin|Syrup Bomb|p2a: Landorus\n|-supereffective|p2a: Landorus\n|-damage|p2a: Landorus|0 fnt\n|faint|p2a: Landorus\n|\n|-weather|RainDance|[upkeep]\n|upkeep\n|\n|t:|1700011760\n|switch|p2a: Enamorus|Enamorus, L50, F|100\/100\n|turn|5\n|\n|t:|1700011771\n|move|p1a: Dipplin|Protect|p1a: Dipplin\n|-singleturn|p1a: Dipplin|Protect\n|move|p2a: Enamorus|Springtide Storm|p1b: ABBA|[spread] \n|-activate|p1a: Dipplin|move: Protect\n|-miss|p2a: Enamorus|p1b: ABBA\n|move|p2b: Charjabug|Light Screen|p2b: Charjabug\n|-sidestart|p2: OutoftheBox215|move: Light Screen\n|move|p1b: ABBA|Jaw Lock|p2b: Charjabug\n|-damage|p2b: Charjabug|52\/100\n|-activate|p1b: ABBA|trapped\n|-activate|p2b: Charjabug|trapped\n|\n|-weather|none\n|upkeep\n|turn|6\n|inactive|Sticky Pogster has 30 seconds left.\n|inactive|OutoftheBox215 has 30 seconds left.\n|\n|t:|1700011801\n|move|p2a: Enamorus|Springtide Storm|p1a: Dipplin|[spread] p1a\n|-miss|p2a: Enamorus|p1b: ABBA\n|-supereffective|p1a: Dipplin\n|-damage|p1a: Dipplin|0 fnt\n|faint|p1a: Dipplin\n|move|p2b: Charjabug|Rain Dance|p2b: Charjabug\n|-weather|RainDance\n|move|p1b: ABBA|Jaw Lock|p2b: Charjabug\n|-damage|p2b: Charjabug|16\/100\n|\n|-weather|RainDance|[upkeep]\n|upkeep\n|\n|t:|1700011806\n|switch|p1a: The Dougler|Okidogi, L50, M|100\/100\n|turn|7\n|inactive|Sticky Pogster has 30 seconds left.\n|\n|t:|1700011836\n|-terastallize|p1a: The Dougler|Poison\n|move|p2a: Enamorus|Earth Power|p1a: The Dougler\n|-supereffective|p1a: The Dougler\n|-damage|p1a: The Dougler|3\/100\n|move|p1a: The Dougler|Gunk Shot|p2a: Enamorus\n|-supereffective|p2a: Enamorus\n|-damage|p2a: Enamorus|0 fnt\n|faint|p2a: Enamorus\n|move|p2b: Charjabug|Struggle Bug|p1b: ABBA|[spread] p1a,p1b\n|-resisted|p1a: The Dougler\n|-supereffective|p1b: ABBA\n|-damage|p1a: The Dougler|0 fnt\n|-damage|p1b: ABBA|0 fnt\n|faint|p1a: The Dougler\n|faint|p1b: ABBA\n|-end|p1b: ABBA|Protosynthesis|[silent]\n|\n|win|OutoftheBox215\n|raw|Sticky Pogster's rating: 1048 &rarr; <strong>1033<\/strong><br \/>(-15 for losing)\n|raw|OutoftheBox215's rating: 1088 &rarr; <strong>1112<\/strong><br \/>(+24 for winning)\n|l|\u2606Sticky Pogster\n","uploadtime":1700011883,"views":28,"p1id":"stickypogster","p2id":"outofthebox215","formatid":"gen9vgc2023regulatione","rating":1033,"private":0,"password":""}