{"id":"gen9vgc2023regulatione-1998766301","p1":"grafaiaionnaperc","p2":"diamondmon551","format":"[Gen 9] VGC 2023 Regulation E","log":"|j|\u2606grafaiaionnaperc\n|j|\u2606diamondmon551\n|t:|1700986374\n|gametype|doubles\n|player|p1|grafaiaionnaperc|burglar|1534\n|player|p2|diamondmon551|penny|1733\n|teamsize|p1|6\n|teamsize|p2|6\n|gen|9\n|tier|[Gen 9] VGC 2023 Regulation E\n|rated|\n|rule|Species Clause: Limit one of each Pok\u00e9mon\n|rule|Item Clause: Limit one of each item\n|clearpoke\n|poke|p1|Basculegion, L50, M|\n|poke|p1|Urshifu-*, L50, M|\n|poke|p1|Gholdengo, L50|\n|poke|p1|Tornadus, L50, M|\n|poke|p1|Armarouge, L50, M|\n|poke|p1|Indeedee-F, L50, F|\n|poke|p2|Ogerpon-Hearthflame, L50, F|\n|poke|p2|Landorus-Therian, L50, M|\n|poke|p2|Iron Hands, L50|\n|poke|p2|Flutter Mane, L50|\n|poke|p2|Roaring Moon, L50|\n|poke|p2|Gholdengo, L50|\n|teampreview|4\n|inactive|Battle timer is ON: inactive players will automatically lose when time's up. (requested by grafaiaionnaperc)\n|inactive|diamondmon551 has 60 seconds left.\n|inactive|diamondmon551 has 30 seconds left.\n|\n|t:|1700986437\n|start\n|switch|p1a: Robert Downey Jr.|Gholdengo, L50, shiny|100\/100\n|switch|p1b: Indeedee|Indeedee-F, L50, F|100\/100\n|switch|p2a: Ogerpon|Ogerpon-Hearthflame, L50, F|100\/100\n|switch|p2b: Gholdengo|Gholdengo, L50|100\/100\n|-ability|p2a: Ogerpon|Mold Breaker\n|-fieldstart|move: Psychic Terrain|[from] ability: Psychic Surge|[of] p1b: Indeedee\n|turn|1\n|inactive|grafaiaionnaperc has 30 seconds left.\n|\n|t:|1700986468\n|switch|p2b: Iron Hands|Iron Hands, L50|100\/100\n|-terastallize|p2a: Ogerpon|Fire\n|detailschange|p2a: Ogerpon|Ogerpon-Hearthflame-Tera, L50, F, tera:Fire\n|-ability|p2a: Ogerpon|Embody Aspect (Hearthflame)|boost\n|-boost|p2a: Ogerpon|atk|1\n|move|p1b: Indeedee|Follow Me|p1b: Indeedee\n|-singleturn|p1b: Indeedee|move: Follow Me\n|move|p2a: Ogerpon|Ivy Cudgel|p1b: Indeedee|[anim] Ivy Cudgel Fire\n|-damage|p1b: Indeedee|0 fnt\n|faint|p1b: Indeedee\n|move|p1a: Robert Downey Jr.|Nasty Plot|p1a: Robert Downey Jr.\n|-boost|p1a: Robert Downey Jr.|spa|2\n|\n|upkeep\n|\n|t:|1700986475\n|switch|p1b: Tornadus|Tornadus, L50, M|100\/100\n|turn|2\n|\n|t:|1700986493\n|move|p1b: Tornadus|Tailwind|p1b: Tornadus\n|-sidestart|p1: grafaiaionnaperc|move: Tailwind\n|move|p1a: Robert Downey Jr.|Shadow Ball|p2a: Ogerpon\n|-damage|p2a: Ogerpon|0 fnt\n|faint|p2a: Ogerpon\n|-damage|p1a: Robert Downey Jr.|91\/100|[from] item: Life Orb\n|move|p2b: Iron Hands|Wild Charge|p1b: Tornadus\n|-supereffective|p1b: Tornadus\n|-enditem|p1b: Tornadus|Focus Sash\n|-damage|p1b: Tornadus|1\/100\n|-damage|p2b: Iron Hands|86\/100|[from] Recoil\n|\n|upkeep\n|\n|t:|1700986504\n|switch|p2a: Roaring Moon|Roaring Moon, L50|100\/100\n|-enditem|p2a: Roaring Moon|Booster Energy\n|-activate|p2a: Roaring Moon|ability: Protosynthesis|[fromitem]\n|-start|p2a: Roaring Moon|protosynthesisspe\n|turn|3\n|j| cmoncmonman\n|l| cmoncmonman\n|\n|t:|1700986518\n|move|p1b: Tornadus|Icy Wind|p2a: Roaring Moon|[spread] p2a,p2b\n|-supereffective|p2a: Roaring Moon\n|-damage|p2a: Roaring Moon|74\/100\n|-damage|p2b: Iron Hands|73\/100\n|-unboost|p2a: Roaring Moon|spe|1\n|-unboost|p2b: Iron Hands|spe|1\n|move|p1a: Robert Downey Jr.|Make It Rain|p2b: Iron Hands|[spread] p2a,p2b\n|-resisted|p2b: Iron Hands\n|-damage|p2a: Roaring Moon|0 fnt\n|-damage|p2b: Iron Hands|18\/100\n|-unboost|p1a: Robert Downey Jr.|spa|1\n|-enditem|p2b: Iron Hands|Sitrus Berry|[eat]\n|-heal|p2b: Iron Hands|43\/100|[from] item: Sitrus Berry\n|faint|p2a: Roaring Moon\n|-end|p2a: Roaring Moon|Protosynthesis|[silent]\n|-damage|p1a: Robert Downey Jr.|82\/100|[from] item: Life Orb\n|move|p2b: Iron Hands|Wild Charge|p1a: Robert Downey Jr.\n|-damage|p1a: Robert Downey Jr.|34\/100\n|-damage|p2b: Iron Hands|34\/100|[from] Recoil\n|\n|upkeep\n|\n|t:|1700986527\n|switch|p2a: Gholdengo|Gholdengo, L50|100\/100\n|turn|4\n|inactive|grafaiaionnaperc has 30 seconds left.\n|inactive|diamondmon551 has 30 seconds left.\n|inactive|diamondmon551 has 20 seconds left.\n|inactive|diamondmon551 has 15 seconds left.\n|\n|t:|1700986571\n|move|p2a: Gholdengo|Protect|p2a: Gholdengo\n|-singleturn|p2a: Gholdengo|Protect\n|move|p1b: Tornadus|Icy Wind|p2a: Gholdengo|[spread] \n|-activate|p2a: Gholdengo|move: Protect\n|-miss|p1b: Tornadus|p2b: Iron Hands\n|move|p1a: Robert Downey Jr.|Shadow Ball|p2b: Iron Hands\n|-damage|p2b: Iron Hands|0 fnt\n|faint|p2b: Iron Hands\n|-end|p2b: Iron Hands|Quark Drive|[silent]\n|-damage|p1a: Robert Downey Jr.|25\/100|[from] item: Life Orb\n|\n|upkeep\n|turn|5\n|\n|t:|1700986582\n|move|p1b: Tornadus|Icy Wind|p2a: Gholdengo\n|-resisted|p2a: Gholdengo\n|-damage|p2a: Gholdengo|90\/100\n|-unboost|p2a: Gholdengo|spe|1\n|move|p1a: Robert Downey Jr.|Shadow Ball|p2a: Gholdengo\n|-supereffective|p2a: Gholdengo\n|-crit|p2a: Gholdengo\n|-damage|p2a: Gholdengo|0 fnt\n|faint|p2a: Gholdengo\n|-damage|p1a: Robert Downey Jr.|15\/100|[from] item: Life Orb\n|\n|win|grafaiaionnaperc\n|raw|grafaiaionnaperc's rating: 1534 &rarr; <strong>1564<\/strong><br \/>(+30 for winning)\n|raw|diamondmon551's rating: 1733 &rarr; <strong>1703<\/strong><br \/>(-30 for losing)\n|c|\u2606grafaiaionnaperc|dam\n|c|\u2606grafaiaionnaperc|u got cooked\n|l|\u2606diamondmon551\n|l|\u2606grafaiaionnaperc\n|j|\u2606diamondmon551\n|player|p2|diamondmon551|penny\n","uploadtime":1700987181,"views":3,"p1id":"grafaiaionnaperc","p2id":"diamondmon551","formatid":"gen9vgc2023regulatione","rating":1564,"private":0,"password":""}