{"id":"gen9vgc2023regulatione-1989986356","p1":"Fake business 08","p2":"BoomBoomGrolem","format":"[Gen 9] VGC 2023 Regulation E","log":"|j|\u2606Fake business 08\n|j|\u2606BoomBoomGrolem\n|t:|1699912754\n|gametype|doubles\n|player|p1|Fake business 08|102|1105\n|player|p2|BoomBoomGrolem|dragontamer|1000\n|teamsize|p1|6\n|teamsize|p2|6\n|gen|9\n|tier|[Gen 9] VGC 2023 Regulation E\n|rated|\n|rule|Species Clause: Limit one of each Pok\u00e9mon\n|rule|Item Clause: Limit one of each item\n|clearpoke\n|poke|p1|Tyranitar, L50, M|\n|poke|p1|Kommo-o, L50, M|\n|poke|p1|Gholdengo, L50|\n|poke|p1|Flutter Mane, L50|\n|poke|p1|Arcanine-Hisui, L50, F|\n|poke|p1|Slowbro, L50, M|\n|poke|p2|Golem-Alola, L50, M|\n|poke|p2|Sinistcha, L50|\n|poke|p2|Dondozo, L50, M|\n|poke|p2|Iron Hands, L50|\n|poke|p2|Maushold, L50|\n|poke|p2|Rabsca, L50, F|\n|teampreview|4\n|inactive|Battle timer is ON: inactive players will automatically lose when time's up. (requested by BoomBoomGrolem)\n|\n|t:|1699912800\n|start\n|switch|p1a: Tyranitar|Tyranitar, L50, M|100\/100\n|switch|p1b: Gholdengo|Gholdengo, L50|100\/100\n|switch|p2a: Rabsca|Rabsca, L50, F|100\/100\n|switch|p2b: Iron Hands|Iron Hands, L50|100\/100\n|-weather|Sandstorm|[from] ability: Sand Stream|[of] p1a: Tyranitar\n|turn|1\n|\n|t:|1699912821\n|move|p2b: Iron Hands|Fake Out|p1a: Tyranitar\n|-resisted|p1a: Tyranitar\n|-damage|p1a: Tyranitar|95\/100\n|move|p1b: Gholdengo|Trick|p2b: Iron Hands\n|-activate|p1b: Gholdengo|move: Trick|[of] p2b: Iron Hands\n|-item|p2b: Iron Hands|Choice Specs|[from] move: Trick\n|-item|p1b: Gholdengo|Sitrus Berry|[from] move: Trick\n|cant|p1a: Tyranitar|flinch\n|move|p2a: Rabsca|Trick Room|p2a: Rabsca\n|-fieldstart|move: Trick Room|[of] p2a: Rabsca\n|\n|-weather|Sandstorm|[upkeep]\n|-damage|p2a: Rabsca|94\/100|[from] Sandstorm\n|-damage|p2b: Iron Hands|94\/100|[from] Sandstorm\n|upkeep\n|turn|2\n|\n|t:|1699912846\n|-end|p2b: Iron Hands|Quark Drive|[silent]\n|switch|p2b: Golem|Golem-Alola, L50, M|100\/100\n|move|p2a: Rabsca|Protect|p2a: Rabsca\n|-singleturn|p2a: Rabsca|Protect\n|move|p1a: Tyranitar|Knock Off|p2a: Rabsca\n|-activate|p2a: Rabsca|move: Protect\n|move|p1b: Gholdengo|Psyshock|p2b: Golem\n|-damage|p2b: Golem|80\/100\n|\n|-weather|Sandstorm|[upkeep]\n|-damage|p2a: Rabsca|88\/100|[from] Sandstorm\n|upkeep\n|turn|3\n|inactive|Fake business 08 has 30 seconds left.\n|inactive|Fake business 08 has 20 seconds left.\n|\n|t:|1699912882\n|move|p2b: Golem|Explosion|p1b: Gholdengo|[spread] p1a,p1b\n|-activate|p2a: Rabsca|ability: Telepathy\n|-damage|p1a: Tyranitar|0 fnt\n|-damage|p1b: Gholdengo|0 fnt\n|faint|p2b: Golem\n|faint|p1a: Tyranitar\n|faint|p1b: Gholdengo\n|move|p2a: Rabsca|Revival Blessing|p2a: Rabsca\n|-enditem|p2a: Rabsca|Leppa Berry|[eat]\n|-activate|p2a: Rabsca|item: Leppa Berry|Revival Blessing|[consumed]\n|\n|t:|1699912893\n|-heal|p2: Golem|50\/100|[from] move: Revival Blessing\n|switch|p2b: Golem|Golem-Alola, L50, M|50\/100\n|\n|-weather|Sandstorm|[upkeep]\n|-damage|p2a: Rabsca|82\/100|[from] Sandstorm\n|upkeep\n|\n|t:|1699912902\n|switch|p1a: Flutter Mane|Flutter Mane, L50|100\/100\n|switch|p1b: Arcanine|Arcanine-Hisui, L50, F|100\/100\n|-ability|p1b: Arcanine|Intimidate|boost\n|-unboost|p2a: Rabsca|atk|1\n|-unboost|p2b: Golem|atk|1\n|-enditem|p1a: Flutter Mane|Booster Energy\n|-activate|p1a: Flutter Mane|ability: Protosynthesis|[fromitem]\n|-start|p1a: Flutter Mane|protosynthesisspe\n|turn|4\n|\n|t:|1699912916\n|-terastallize|p2b: Golem|Electric\n|move|p1a: Flutter Mane|Protect|p1a: Flutter Mane\n|-singleturn|p1a: Flutter Mane|Protect\n|move|p1b: Arcanine|Extreme Speed|p2a: Rabsca\n|-damage|p2a: Rabsca|41\/100\n|move|p2b: Golem|Explosion|p1b: Arcanine|[spread] p1b\n|-activate|p1a: Flutter Mane|move: Protect\n|-activate|p2a: Rabsca|ability: Telepathy\n|-damage|p1b: Arcanine|0 fnt\n|faint|p2b: Golem\n|faint|p1b: Arcanine\n|move|p2a: Rabsca|Revival Blessing|p2a: Rabsca\n|\n|t:|1699912926\n|-heal|p2: Golem|50\/100|[from] move: Revival Blessing\n|\n|-weather|Sandstorm|[upkeep]\n|-damage|p2a: Rabsca|35\/100|[from] Sandstorm\n|-damage|p1a: Flutter Mane|95\/100|[from] Sandstorm\n|upkeep\n|switch|p2b: Golem|Golem-Alola, L50, M|50\/100\n|turn|5\n|-message|Fake business 08 forfeited.\n|\n|win|BoomBoomGrolem\n|raw|Fake business 08's rating: 1105 &rarr; <strong>1073<\/strong><br \/>(-32 for losing)\n|raw|BoomBoomGrolem's rating: 1000 &rarr; <strong>1052<\/strong><br \/>(+52 for winning)\n|l|\u2606Fake business 08\n","uploadtime":1699912951,"views":25,"p1id":"fakebusiness08","p2id":"boomboomgrolem","formatid":"gen9vgc2023regulatione","rating":1052,"private":0,"password":""}