{"id":"gen9vgc2023regulatione-1995581439","p1":"yoissy","p2":"MetaBonker69","format":"[Gen 9] VGC 2023 Regulation E","log":"|j|\u2606yoissy\n|j|\u2606MetaBonker69\n|t:|1700584754\n|gametype|doubles\n|player|p1|yoissy|lance-lgpe|1067\n|player|p2|MetaBonker69|266|1058\n|teamsize|p1|6\n|teamsize|p2|6\n|gen|9\n|tier|[Gen 9] VGC 2023 Regulation E\n|rated|\n|rule|Species Clause: Limit one of each Pok\u00e9mon\n|rule|Item Clause: Limit one of each item\n|clearpoke\n|poke|p1|Iron Hands, L50|\n|poke|p1|Torkoal, L50, M|\n|poke|p1|Flutter Mane, L50|\n|poke|p1|Lilligant-Hisui, L50, F|\n|poke|p1|Tornadus, L50, M|\n|poke|p1|Urshifu-*, L50, F|\n|poke|p2|Heatran, L50, F|\n|poke|p2|Clodsire, L50, M|\n|poke|p2|Chi-Yu, L50|\n|poke|p2|Clefairy, L50, M|\n|poke|p2|Iron Hands, L50|\n|poke|p2|Bronzong, L50|\n|teampreview|4\nyoissy has agreed to open team sheets.\n|c|\u2606yoissy|oh wait, hello again!\n|c|\u2606MetaBonker69|hi\nMetaBonker69 has agreed to open team sheets.\n|\n|t:|1700584827\n|start\n|switch|p1a: Tornadus|Tornadus, L50, M|100\/100\n|switch|p1b: Urshifu|Urshifu-Rapid-Strike, L50, F|100\/100\n|switch|p2a: Walter|Iron Hands, L50|100\/100\n|switch|p2b: Tacobell|Bronzong, L50, shiny|100\/100\n|turn|1\n|\n|t:|1700584846\n|move|p2a: Walter|Fake Out|p1a: Tornadus\n|-damage|p1a: Tornadus|85\/100\n|move|p1a: Tornadus|Rain Dance|p1a: Tornadus\n|-weather|RainDance\n|move|p1b: Urshifu|Surging Strikes|p2b: Tacobell\n|-crit|p2b: Tacobell\n|-damage|p2b: Tacobell|75\/100\n|-crit|p2b: Tacobell\n|-damage|p2b: Tacobell|50\/100\n|-crit|p2b: Tacobell\n|-damage|p2b: Tacobell|28\/100\n|-hitcount|p2b: Tacobell|3\n|move|p2b: Tacobell|Trick|p1b: Urshifu\n|-activate|p2b: Tacobell|move: Trick|[of] p1b: Urshifu\n|-item|p1b: Urshifu|Toxic Orb|[from] move: Trick\n|-item|p2b: Tacobell|Safety Goggles|[from] move: Trick\n|\n|-weather|RainDance|[upkeep]\n|-status|p1b: Urshifu|tox|[from] item: Toxic Orb\n|upkeep\n|turn|2\n|c|\u2606yoissy|covert cloak poggers\n|c|\u2606MetaBonker69|I forgot you had that on fr fr\n|\n|t:|1700584882\n|switch|p1a: Iron Hands|Iron Hands, L50|100\/100\n|switch|p2b: Fat Fish|Clodsire, L50, M|100\/100\n|move|p1b: Urshifu|Surging Strikes|p2b: Fat Fish\n|-immune|p2b: Fat Fish|[from] ability: Water Absorb\n|move|p2a: Walter|Thunder Punch|p1b: Urshifu\n|-supereffective|p1b: Urshifu\n|-damage|p1b: Urshifu|32\/100 tox\n|\n|-weather|RainDance|[upkeep]\n|-damage|p1b: Urshifu|26\/100 tox|[from] psn\n|upkeep\n|turn|3\n|c|\u2606yoissy|real as hell\n|\n|t:|1700584912\n|-end|p2a: Walter|Quark Drive|[silent]\n|switch|p2a: Child|Clefairy, L50, M|100\/100\n|-terastallize|p2b: Fat Fish|Fire\n|move|p1a: Iron Hands|Fake Out|p2b: Fat Fish\n|-damage|p2b: Fat Fish|89\/100\n|move|p1b: Urshifu|Surging Strikes|p2a: Child\n|-crit|p2a: Child\n|-damage|p2a: Child|63\/100\n|-crit|p2a: Child\n|-damage|p2a: Child|28\/100\n|-crit|p2a: Child\n|-damage|p2a: Child|0 fnt\n|faint|p2a: Child\n|-hitcount|p2: Child|3\n|cant|p2b: Fat Fish|flinch\n|\n|-weather|RainDance|[upkeep]\n|-damage|p1b: Urshifu|15\/100 tox|[from] psn\n|upkeep\n|\n|t:|1700584928\n|switch|p2a: Walter|Iron Hands, L50|100\/100\n|turn|4\n|\n|t:|1700584961\n|switch|p1b: Tornadus|Tornadus, L50, M|85\/100\n|move|p1a: Iron Hands|Drain Punch|p2b: Fat Fish\n|-damage|p2b: Fat Fish|46\/100\n|move|p2a: Walter|Thunder Punch|p1a: Iron Hands\n|-resisted|p1a: Iron Hands\n|-damage|p1a: Iron Hands|89\/100\n|move|p2b: Fat Fish|Yawn|p1a: Iron Hands\n|-start|p1a: Iron Hands|move: Yawn|[of] p2b: Fat Fish\n|\n|-weather|RainDance|[upkeep]\n|upkeep\n|turn|5\n|\n|t:|1700584982\n|-end|p1a: Iron Hands|Quark Drive|[silent]\n|switch|p1a: Urshifu|Urshifu-Rapid-Strike, L50, F|15\/100 tox\n|switch|p2b: Tacobell|Bronzong, L50, shiny|28\/100\n|move|p1b: Tornadus|Bleakwind Storm|p2a: Walter|[spread] p2a,p2b\n|-resisted|p2b: Tacobell\n|-damage|p2a: Walter|86\/100\n|-damage|p2b: Tacobell|15\/100\n|-unboost|p2b: Tacobell|spe|1\n|move|p2a: Walter|Play Rough|p1a: Urshifu\n|-supereffective|p1a: Urshifu\n|-damage|p1a: Urshifu|0 fnt\n|faint|p1a: Urshifu\n|\n|-weather|none\n|upkeep\n|\n|t:|1700584997\n|switch|p1a: Flutter Mane|Flutter Mane, L50|100\/100\n|turn|6\n|\n|t:|1700585012\n|move|p1b: Tornadus|Tailwind|p1b: Tornadus\n|-sidestart|p1: yoissy|move: Tailwind\n|move|p1a: Flutter Mane|Moonblast|p2a: Walter\n|-supereffective|p2a: Walter\n|-damage|p2a: Walter|20\/100\n|move|p2a: Walter|Thunder Punch|p1a: Flutter Mane\n|-damage|p1a: Flutter Mane|29\/100\n|move|p2b: Tacobell|Trick Room|p2b: Tacobell\n|-fieldstart|move: Trick Room|[of] p2b: Tacobell\n|\n|upkeep\n|turn|7\n|c|\u2606yoissy|UH OH\n|c|\u2606MetaBonker69|I be plotting\n|c|\u2606yoissy|frfr\n|\n|t:|1700585044\n|-end|p1a: Flutter Mane|Protosynthesis|[silent]\n|switch|p1a: Iron Hands|Iron Hands, L50|89\/100\n|move|p2b: Tacobell|Gyro Ball|p1a: Iron Hands\n|-resisted|p1a: Iron Hands\n|-damage|p1a: Iron Hands|74\/100\n|move|p2a: Walter|Thunder Punch|p1b: Tornadus\n|-supereffective|p1b: Tornadus\n|-damage|p1b: Tornadus|1\/100\n|move|p1b: Tornadus|Bleakwind Storm|p2b: Tacobell|[spread] p2a,p2b\n|-resisted|p2b: Tacobell\n|-damage|p2a: Walter|6\/100\n|-damage|p2b: Tacobell|4\/100\n|-unboost|p2a: Walter|spe|1\n|\n|upkeep\n|turn|8\n|c|\u2606yoissy|bro tornadus with the clutch\n|c|\u2606MetaBonker69|fr fr\n|\n|t:|1700585075\n|-end|p2a: Walter|Quark Drive|[silent]\n|switch|p2a: Fat Fish|Clodsire, L50, M, tera:Fire|46\/100\n|move|p2b: Tacobell|Protect|p2b: Tacobell\n|-singleturn|p2b: Tacobell|Protect\n|move|p1a: Iron Hands|Fake Out|p2b: Tacobell\n|-activate|p2b: Tacobell|move: Protect\n|move|p1b: Tornadus|Bleakwind Storm|p2b: Tacobell|[spread] p2a\n|-activate|p2b: Tacobell|move: Protect\n|-damage|p2a: Fat Fish|22\/100\n|\n|upkeep\n|turn|9\n|\n|t:|1700585094\n|move|p2b: Tacobell|Gyro Ball|p1b: Tornadus\n|-damage|p1b: Tornadus|0 fnt\n|faint|p1b: Tornadus\n|move|p2a: Fat Fish|Earth Power|p1a: Iron Hands\n|-supereffective|p1a: Iron Hands\n|-damage|p1a: Iron Hands|48\/100\n|-damage|p2a: Fat Fish|12\/100|[from] item: Life Orb\n|move|p1a: Iron Hands|Drain Punch|p2a: Fat Fish\n|-damage|p2a: Fat Fish|0 fnt\n|-heal|p1a: Iron Hands|53\/100|[from] drain|[of] p2a: Fat Fish\n|faint|p2a: Fat Fish\n|\n|-sideend|p1: yoissy|move: Tailwind\n|upkeep\n|c|\u2606yoissy|god iron hands is so FAT\n|\n|t:|1700585107\n|switch|p2a: Walter|Iron Hands, L50|6\/100\n|switch|p1b: Flutter Mane|Flutter Mane, L50|29\/100\n|turn|10\n|c|\u2606MetaBonker69|gg\n|\n|t:|1700585126\n|move|p2b: Tacobell|Gyro Ball|p1b: Flutter Mane\n|-supereffective|p1b: Flutter Mane\n|-damage|p1b: Flutter Mane|0 fnt\n|faint|p1b: Flutter Mane\n|-end|p1b: Flutter Mane|Protosynthesis|[silent]\n|move|p2a: Walter|Play Rough|p1a: Iron Hands|[miss]\n|-miss|p2a: Walter|p1a: Iron Hands\n|move|p1a: Iron Hands|Drain Punch|p2b: Tacobell\n|-damage|p2b: Tacobell|0 fnt\n|-heal|p1a: Iron Hands|54\/100|[from] drain|[of] p2b: Tacobell\n|faint|p2b: Tacobell\n|\n|-fieldend|move: Trick Room\n|upkeep\n|turn|11\n|c|\u2606yoissy|gg\n|c|\u2606yoissy|OH\n|c|\u2606yoissy|eyo?\n|c|\u2606yoissy|this is so close\n|c|\u2606MetaBonker69|ye\n|\n|t:|1700585146\n|move|p1a: Iron Hands|Drain Punch|p2a: Walter\n|-damage|p2a: Walter|0 fnt\n|-heal|p1a: Iron Hands|57\/100|[from] drain|[of] p2a: Walter\n|faint|p2a: Walter\n|-end|p2a: Walter|Quark Drive|[silent]\n|\n|win|yoissy\n|raw|yoissy's rating: 1067 &rarr; <strong>1096<\/strong><br \/>(+29 for winning)\n|raw|MetaBonker69's rating: 1058 &rarr; <strong>1040<\/strong><br \/>(-18 for losing)\n|c|\u2606yoissy|gg\n|c|\u2606yoissy|wp\n|c|\u2606MetaBonker69|gg\n|c|\u2606MetaBonker69|wp fr fr'\n|c|\u2606yoissy|cya around!\n|c|\u2606MetaBonker69|cya around fr fr\n|l|\u2606MetaBonker69\n","uploadtime":1700585171,"views":2,"p1id":"yoissy","p2id":"metabonker69","formatid":"gen9vgc2023regulatione","rating":1040,"private":0,"password":""}