{"id":"gen9vgc2023regulatione-1994515812","p1":"Apacher","p2":"GMTomahawk","format":"[Gen 9] VGC 2023 Regulation E","log":"|j|\u2606Apacher\n|j|\u2606GMTomahawk\n|t:|1700453266\n|gametype|doubles\n|player|p1|Apacher|crasherwake|1423\n|player|p2|GMTomahawk|linebacker|1439\n|teamsize|p1|6\n|teamsize|p2|6\n|gen|9\n|tier|[Gen 9] VGC 2023 Regulation E\n|rated|\n|rule|Species Clause: Limit one of each Pok\u00e9mon\n|rule|Item Clause: Limit one of each item\n|clearpoke\n|poke|p1|Baxcalibur, L50, M|\n|poke|p1|Ninetales-Alola, L50, F|\n|poke|p1|Heatran, L50, M|\n|poke|p1|Ogerpon-Wellspring, L50, F|\n|poke|p1|Landorus-Therian, L50, M|\n|poke|p1|Iron Hands, L50|\n|poke|p2|Urshifu-*, L50, F|\n|poke|p2|Flutter Mane, L50|\n|poke|p2|Rillaboom, L50, F|\n|poke|p2|Landorus-Therian, L50, M|\n|poke|p2|Iron Hands, L50|\n|poke|p2|Chi-Yu, L50|\n|teampreview|4\n|inactive|Battle timer is ON: inactive players will automatically lose when time's up. (requested by GMTomahawk)\n|inactive|GMTomahawk has 60 seconds left.\n|j| meowmeowjoe\n|\n|t:|1700453318\n|start\n|switch|p1a: Adrian|Ninetales-Alola, L50, F, shiny|100\/100\n|switch|p1b: Bonkinator|Baxcalibur, L50, M, shiny|100\/100\n|switch|p2a: Braun Strowman|Iron Hands, L50, shiny|100\/100\n|switch|p2b: Rillaboom|Rillaboom, L50, F, shiny|100\/100\n|-weather|Snow|[from] ability: Snow Warning|[of] p1a: Adrian\n|-fieldstart|move: Grassy Terrain|[from] ability: Grassy Surge|[of] p2b: Rillaboom\n|-enditem|p2b: Rillaboom|Grassy Seed\n|-boost|p2b: Rillaboom|def|1|[from] item: Grassy Seed\n|turn|1\n|\n|t:|1700453338\n|move|p1a: Adrian|Protect|p1a: Adrian\n|-singleturn|p1a: Adrian|Protect\n|move|p1b: Bonkinator|Protect|p1b: Bonkinator\n|-singleturn|p1b: Bonkinator|Protect\n|move|p2b: Rillaboom|Fake Out|p1b: Bonkinator\n|-activate|p1b: Bonkinator|move: Protect\n|move|p2a: Braun Strowman|Heavy Slam|p1a: Adrian\n|-activate|p1a: Adrian|move: Protect\n|\n|-weather|Snow|[upkeep]\n|upkeep\n|turn|2\n|\n|t:|1700453359\n|switch|p2b: Chi-Yu|Chi-Yu, L50|100\/100\n|-ability|p2b: Chi-Yu|Beads of Ruin\n|move|p1a: Adrian|Aurora Veil|p1a: Adrian\n|-sidestart|p1: Apacher|move: Aurora Veil\n|move|p1b: Bonkinator|Scale Shot|p2b: Chi-Yu\n|-damage|p2b: Chi-Yu|75\/100\n|-damage|p2b: Chi-Yu|50\/100\n|-damage|p2b: Chi-Yu|27\/100\n|-damage|p2b: Chi-Yu|3\/100\n|-damage|p2b: Chi-Yu|0 fnt\n|faint|p2b: Chi-Yu\n|-hitcount|p2: Chi-Yu|5\n|-unboost|p1b: Bonkinator|def|1\n|-boost|p1b: Bonkinator|spe|1\n|move|p2a: Braun Strowman|Heavy Slam|p1a: Adrian\n|-supereffective|p1a: Adrian\n|-damage|p1a: Adrian|3\/100\n|\n|-weather|Snow|[upkeep]\n|-heal|p1a: Adrian|9\/100|[from] Grassy Terrain\n|upkeep\n|\n|t:|1700453382\n|switch|p2b: Rillaboom|Rillaboom, L50, F, shiny|100\/100\n|turn|3\n|\n|t:|1700453390\n|move|p1b: Bonkinator|Protect|p1b: Bonkinator\n|-singleturn|p1b: Bonkinator|Protect\n|move|p1a: Adrian|Protect|p1a: Adrian\n|-singleturn|p1a: Adrian|Protect\n|move|p2b: Rillaboom|Fake Out|p1a: Adrian\n|-activate|p1a: Adrian|move: Protect\n|move|p2a: Braun Strowman|Drain Punch|p1b: Bonkinator\n|-activate|p1b: Bonkinator|move: Protect\n|\n|-weather|Snow|[upkeep]\n|-heal|p1a: Adrian|15\/100|[from] Grassy Terrain\n|upkeep\n|turn|4\n|\n|t:|1700453406\n|-terastallize|p1b: Bonkinator|Poison\n|move|p2b: Rillaboom|Grassy Glide|p1a: Adrian\n|-damage|p1a: Adrian|0 fnt\n|faint|p1a: Adrian\n|move|p1b: Bonkinator|Icicle Spear|p2b: Rillaboom\n|-supereffective|p2b: Rillaboom\n|-damage|p2b: Rillaboom|74\/100\n|-supereffective|p2b: Rillaboom\n|-damage|p2b: Rillaboom|47\/100\n|-supereffective|p2b: Rillaboom\n|-damage|p2b: Rillaboom|20\/100\n|-supereffective|p2b: Rillaboom\n|-damage|p2b: Rillaboom|0 fnt\n|faint|p2b: Rillaboom\n|-hitcount|p2: Rillaboom|4\n|move|p2a: Braun Strowman|Drain Punch|p1b: Bonkinator\n|-resisted|p1b: Bonkinator\n|-damage|p1b: Bonkinator|79\/100\n|\n|-weather|Snow|[upkeep]\n|-heal|p1b: Bonkinator|85\/100|[from] Grassy Terrain\n|upkeep\n|\n|t:|1700453430\n|switch|p1a: Diego|Landorus-Therian, L50, M, shiny|100\/100\n|switch|p2b: Landorus|Landorus-Therian, L50, M|100\/100\n|-ability|p2b: Landorus|Intimidate|boost\n|-unboost|p1a: Diego|atk|1\n|-unboost|p1b: Bonkinator|atk|1\n|-ability|p1a: Diego|Intimidate|boost\n|-unboost|p2a: Braun Strowman|atk|1\n|-unboost|p2b: Landorus|atk|1\n|turn|5\n|inactive|GMTomahawk has 30 seconds left.\n|\n|t:|1700453455\n|-terastallize|p2a: Braun Strowman|Water\n|move|p1b: Bonkinator|Protect|p1b: Bonkinator\n|-singleturn|p1b: Bonkinator|Protect\n|move|p2b: Landorus|Stomping Tantrum|p1b: Bonkinator\n|-activate|p1b: Bonkinator|move: Protect\n|move|p1a: Diego|U-turn|p2a: Braun Strowman\n|-damage|p2a: Braun Strowman|88\/100\n|\n|t:|1700453465\n|switch|p1a: Ferrus Manus|Iron Hands, L50|100\/100|[from] U-turn\n|move|p2a: Braun Strowman|Heavy Slam|p1a: Ferrus Manus\n|-resisted|p1a: Ferrus Manus\n|-damage|p1a: Ferrus Manus|98\/100\n|\n|-weather|none\n|-heal|p1b: Bonkinator|90\/100|[from] Grassy Terrain\n|-heal|p1a: Ferrus Manus|100\/100|[from] Grassy Terrain\n|-heal|p2a: Braun Strowman|94\/100|[from] Grassy Terrain\n|-fieldend|move: Grassy Terrain\n|upkeep\n|turn|6\n|\n|t:|1700453483\n|move|p1a: Ferrus Manus|Fake Out|p2b: Landorus\n|-damage|p2b: Landorus|83\/100\n|cant|p2b: Landorus|flinch\n|move|p1b: Bonkinator|Icicle Spear|p2b: Landorus\n|-supereffective|p2b: Landorus\n|-damage|p2b: Landorus|29\/100\n|-supereffective|p2b: Landorus\n|-damage|p2b: Landorus|0 fnt\n|faint|p2b: Landorus\n|-hitcount|p2: Landorus|2\n|move|p2a: Braun Strowman|Drain Punch|p1a: Ferrus Manus\n|-damage|p1a: Ferrus Manus|87\/100\n|-heal|p2a: Braun Strowman|100\/100|[from] drain|[of] p1a: Ferrus Manus\n|\n|upkeep\n|turn|7\n|-message|GMTomahawk forfeited.\n|\n|win|Apacher\n|raw|Apacher's rating: 1423 &rarr; <strong>1444<\/strong><br \/>(+21 for winning)\n|raw|GMTomahawk's rating: 1439 &rarr; <strong>1418<\/strong><br \/>(-21 for losing)\n|l|\u2606GMTomahawk\n|l|\u2606Apacher\n","uploadtime":1700453958,"views":8,"p1id":"apacher","p2id":"gmtomahawk","formatid":"gen9vgc2023regulatione","rating":1418,"private":0,"password":""}