{"id":"gen9vgc2023regulatione-1990366094","p1":"Minimanuel_art","p2":"Mortipherus","format":"[Gen 9] VGC 2023 Regulation E","log":"|j|\u2606Minimanuel_art\n|j|\u2606Mortipherus\n|t:|1699962804\n|gametype|doubles\n|player|p1|Minimanuel_art|scientistf|1140\n|player|p2|Mortipherus|biker-gen4|1108\n|teamsize|p1|6\n|teamsize|p2|6\n|gen|9\n|tier|[Gen 9] VGC 2023 Regulation E\n|rated|\n|rule|Species Clause: Limit one of each Pok\u00e9mon\n|rule|Item Clause: Limit one of each item\n|clearpoke\n|poke|p1|Thundurus-Therian, L50, M|\n|poke|p1|Tornadus, L50, M|\n|poke|p1|Politoed, L50, F|\n|poke|p1|Landorus, L50, M|\n|poke|p1|Overqwil, L50, F|\n|poke|p1|Basculegion, L50, M|\n|poke|p2|Gholdengo, L50|\n|poke|p2|Roaring Moon, L50|\n|poke|p2|Iron Hands, L50|\n|poke|p2|Ogerpon-Hearthflame, L50, F|\n|poke|p2|Landorus-Therian, L50, M|\n|poke|p2|Flutter Mane, L50|\n|teampreview|4\n|inactive|Battle timer is ON: inactive players will automatically lose when time's up. (requested by Minimanuel_art)\nMortipherus has agreed to open team sheets.\n|\n|t:|1699962828\n|start\n|switch|p1a: Politoed|Politoed, L50, F|100\/100\n|switch|p1b: Landorus|Landorus, L50, M|100\/100\n|switch|p2a: Gholdengo|Gholdengo, L50|100\/100\n|switch|p2b: Roaring Moon|Roaring Moon, L50, shiny|100\/100\n|-weather|RainDance|[from] ability: Drizzle|[of] p1a: Politoed\n|-enditem|p2b: Roaring Moon|Booster Energy\n|-activate|p2b: Roaring Moon|ability: Protosynthesis|[fromitem]\n|-start|p2b: Roaring Moon|protosynthesisspe\n|turn|1\n|\n|t:|1699962847\n|-terastallize|p2a: Gholdengo|Dragon\n|move|p2b: Roaring Moon|Tailwind|p2b: Roaring Moon\n|-sidestart|p2: Mortipherus|move: Tailwind\n|move|p2a: Gholdengo|Nasty Plot|p2a: Gholdengo\n|-boost|p2a: Gholdengo|spa|2\n|move|p1b: Landorus|Nasty Plot|p1b: Landorus\n|-boost|p1b: Landorus|spa|2\n|move|p1a: Politoed|Ice Beam|p2b: Roaring Moon\n|-supereffective|p2b: Roaring Moon\n|-damage|p2b: Roaring Moon|51\/100\n|\n|-weather|RainDance|[upkeep]\n|upkeep\n|turn|2\n|inactive|Minimanuel_art has 30 seconds left.\n|inactive|Minimanuel_art has 20 seconds left.\n|inactive|Mortipherus has 30 seconds left.\n|inactive|Minimanuel_art has 15 seconds left.\n|\n|t:|1699962891\n|move|p2b: Roaring Moon|Knock Off|p1a: Politoed\n|-damage|p1a: Politoed|50\/100\n|-enditem|p1a: Politoed|Leftovers|[from] move: Knock Off|[of] p2b: Roaring Moon\n|move|p2a: Gholdengo|Shadow Ball|p1a: Politoed\n|-damage|p1a: Politoed|0 fnt\n|faint|p1a: Politoed\n|move|p1b: Landorus|Sandsear Storm|p2a: Gholdengo|[spread] p2a,p2b\n|-damage|p2a: Gholdengo|8\/100\n|-damage|p2b: Roaring Moon|0 fnt\n|faint|p2b: Roaring Moon\n|-end|p2b: Roaring Moon|Protosynthesis|[silent]\n|\n|-weather|RainDance|[upkeep]\n|-heal|p2a: Gholdengo|15\/100|[from] item: Leftovers\n|upkeep\n|\n|t:|1699962908\n|switch|p2b: Flutter Mane|Flutter Mane, L50, shiny|100\/100\n|switch|p1a: Basculegion|Basculegion, L50, M|100\/100\n|turn|3\n|\n|t:|1699962919\n|-terastallize|p1b: Landorus|Poison\n|move|p2b: Flutter Mane|Shadow Ball|p1a: Basculegion\n|-supereffective|p1a: Basculegion\n|-damage|p1a: Basculegion|0 fnt\n|faint|p1a: Basculegion\n|move|p2a: Gholdengo|Make It Rain|p1b: Landorus\n|-damage|p1b: Landorus|0 fnt\n|-unboost|p2a: Gholdengo|spa|1\n|faint|p1b: Landorus\n|\n|-weather|RainDance|[upkeep]\n|-heal|p2a: Gholdengo|21\/100|[from] item: Leftovers\n|upkeep\n|\n|t:|1699962925\n|switch|p1b: Overqwil|Overqwil, L50, F|100\/100\n|-ability|p1b: Overqwil|Intimidate|boost\n|-unboost|p2a: Gholdengo|atk|1\n|-unboost|p2b: Flutter Mane|atk|1\n|turn|4\n|\n|t:|1699962943\n|-end|p2b: Flutter Mane|Protosynthesis|[silent]\n|switch|p2b: Landorus|Landorus-Therian, L50, M|100\/100\n|-ability|p2b: Landorus|Intimidate|boost\n|-unboost|p1b: Overqwil|atk|1\n|move|p2a: Gholdengo|Protect|p2a: Gholdengo\n|-singleturn|p2a: Gholdengo|Protect\n|move|p1b: Overqwil|Waterfall|p2a: Gholdengo\n|-activate|p2a: Gholdengo|move: Protect\n|\n|-weather|RainDance|[upkeep]\n|-heal|p2a: Gholdengo|27\/100|[from] item: Leftovers\n|-sideend|p2: Mortipherus|move: Tailwind\n|upkeep\n|turn|5\n|\n|t:|1699962960\n|move|p2b: Landorus|U-turn|p1b: Overqwil\n|-damage|p1b: Overqwil|76\/100\n|\n|t:|1699962963\n|switch|p2b: Flutter Mane|Flutter Mane, L50, shiny|100\/100|[from] U-turn\n|move|p2a: Gholdengo|Make It Rain|p1b: Overqwil\n|-damage|p1b: Overqwil|0 fnt\n|-unboost|p2a: Gholdengo|spa|1\n|faint|p1b: Overqwil\n|\n|win|Mortipherus\n|raw|Minimanuel_art's rating: 1140 &rarr; <strong>1113<\/strong><br \/>(-27 for losing)\n|raw|Mortipherus's rating: 1108 &rarr; <strong>1135<\/strong><br \/>(+27 for winning)\n|l|\u2606Minimanuel_art\n","uploadtime":1699962977,"views":13,"p1id":"minimanuelart","p2id":"mortipherus","formatid":"gen9vgc2023regulatione","rating":1113,"private":0,"password":""}