{"id":"gen9vgc2023regulatione-1996134959","p1":"Lalou1919","p2":"TheInevitable731","format":"[Gen 9] VGC 2023 Regulation E","log":"|j|\u2606Lalou1919\n|j|\u2606TheInevitable731\n|t:|1700649447\n|gametype|doubles\n|player|p1|Lalou1919|266|1073\n|player|p2|TheInevitable731|riley|1110\n|teamsize|p1|6\n|teamsize|p2|6\n|gen|9\n|tier|[Gen 9] VGC 2023 Regulation E\n|rated|\n|rule|Species Clause: Limit one of each Pok\u00e9mon\n|rule|Item Clause: Limit one of each item\n|clearpoke\n|poke|p1|Annihilape, L50, F|\n|poke|p1|Farigiraf, L50, F|\n|poke|p1|Iron Hands, L50|\n|poke|p1|Ursaluna-Bloodmoon, L50, M|\n|poke|p1|Amoonguss, L50, F|\n|poke|p1|Flutter Mane, L50|\n|poke|p2|Chien-Pao, L50|\n|poke|p2|Heatran, L50, F|\n|poke|p2|Dragapult, L50, F|\n|poke|p2|Farigiraf, L50, F|\n|poke|p2|Ogerpon-Wellspring, L50, F|\n|poke|p2|Clefairy, L50, F|\n|teampreview|4\n|inactive|Battle timer is ON: inactive players will automatically lose when time's up. (requested by Lalou1919)\n|\n|t:|1700649479\n|start\n|switch|p1a: Farigiraf|Farigiraf, L50, F|100\/100\n|switch|p1b: Ursaluna|Ursaluna-Bloodmoon, L50, M|100\/100\n|switch|p2a: Dragapult|Dragapult, L50, F|100\/100\n|switch|p2b: Clefairy|Clefairy, L50, F|100\/100\n|turn|1\n|\n|t:|1700649492\n|move|p2b: Clefairy|Protect|p2b: Clefairy\n|-singleturn|p2b: Clefairy|Protect\n|move|p2a: Dragapult|U-turn|p1a: Farigiraf\n|-supereffective|p1a: Farigiraf\n|-damage|p1a: Farigiraf|43\/100\n|\n|t:|1700649497\n|switch|p2a: Heatran|Heatran, L50, F|100\/100|[from] U-turn\n|move|p1b: Ursaluna|Blood Moon|p2b: Clefairy\n|-activate|p2b: Clefairy|move: Protect\n|move|p1a: Farigiraf|Trick Room|p1a: Farigiraf\n|-fieldstart|move: Trick Room|[of] p1a: Farigiraf\n|\n|upkeep\n|turn|2\n|\n|t:|1700649514\n|-terastallize|p2a: Heatran|Grass\n|move|p2b: Clefairy|Helping Hand|p2a: Heatran\n|-singleturn|p2a: Heatran|Helping Hand|[of] p2b: Clefairy\n|move|p1a: Farigiraf|Helping Hand|p1b: Ursaluna\n|-singleturn|p1b: Ursaluna|Helping Hand|[of] p1a: Farigiraf\n|move|p1b: Ursaluna|Hyper Voice|p2a: Heatran|[spread] p2a,p2b\n|-damage|p2a: Heatran|72\/100\n|-damage|p2b: Clefairy|35\/100\n|move|p2a: Heatran|Tera Blast|p1b: Ursaluna|[anim] Tera Blast Grass\n|-supereffective|p1b: Ursaluna\n|-damage|p1b: Ursaluna|0 fnt\n|faint|p1b: Ursaluna\n|\n|upkeep\n|\n|t:|1700649527\n|switch|p1b: Iron Hands|Iron Hands, L50|100\/100\n|turn|3\n|\n|t:|1700649533\n|move|p1a: Farigiraf|Helping Hand|p1b: Iron Hands\n|-singleturn|p1b: Iron Hands|Helping Hand|[of] p1a: Farigiraf\n|move|p2b: Clefairy|Follow Me|p2b: Clefairy\n|-singleturn|p2b: Clefairy|move: Follow Me\n|move|p1b: Iron Hands|Drain Punch|p2b: Clefairy\n|-resisted|p2b: Clefairy\n|-damage|p2b: Clefairy|7\/100\n|move|p2a: Heatran|Earth Power|p1b: Iron Hands\n|-supereffective|p1b: Iron Hands\n|-damage|p1b: Iron Hands|61\/100\n|\n|upkeep\n|turn|4\n|\n|t:|1700649550\n|move|p2b: Clefairy|Protect|p2b: Clefairy\n|-singleturn|p2b: Clefairy|Protect\n|move|p1b: Iron Hands|Drain Punch|p2a: Heatran\n|-damage|p2a: Heatran|43\/100\n|-heal|p1b: Iron Hands|72\/100|[from] drain|[of] p2a: Heatran\n|move|p1a: Farigiraf|Psychic|p2b: Clefairy\n|-activate|p2b: Clefairy|move: Protect\n|move|p2a: Heatran|Earth Power|p1b: Iron Hands\n|-supereffective|p1b: Iron Hands\n|-damage|p1b: Iron Hands|29\/100\n|\n|upkeep\n|turn|5\n|\n|t:|1700649575\n|switch|p2a: Dragapult|Dragapult, L50, F|100\/100\n|move|p1b: Iron Hands|Drain Punch|p2a: Dragapult\n|-immune|p2a: Dragapult\n|move|p2b: Clefairy|Heal Pulse|p2a: Dragapult\n|-fail|p2a: Dragapult|heal\n|move|p1a: Farigiraf|Psychic|p2b: Clefairy\n|-damage|p2b: Clefairy|0 fnt\n|faint|p2b: Clefairy\n|\n|-fieldend|move: Trick Room\n|upkeep\n|\n|t:|1700649585\n|switch|p2b: Chien-Pao|Chien-Pao, L50|100\/100\n|-ability|p2b: Chien-Pao|Sword of Ruin\n|turn|6\n|\n|t:|1700649594\n|move|p2a: Dragapult|Dragon Darts|p1a: Farigiraf\n|-damage|p1a: Farigiraf|2\/100\n|-anim|p2a: Dragapult|Dragon Darts|p1b: Iron Hands\n|-damage|p1b: Iron Hands|0 fnt\n|faint|p1b: Iron Hands\n|-end|p1b: Iron Hands|Quark Drive|[silent]\n|move|p2b: Chien-Pao|Ice Spinner|p1a: Farigiraf\n|-damage|p1a: Farigiraf|0 fnt\n|faint|p1a: Farigiraf\n|\n|upkeep\n|inactive|Lalou1919 has 30 seconds left.\n|inactive|Lalou1919 has 20 seconds left.\n|inactive|Lalou1919 has 15 seconds left.\n|inactive|Lalou1919 has 10 seconds left.\n|inactive|Lalou1919 has 5 seconds left.\n|\n|t:|1700649649\n|switch|p1a: Amoonguss|Amoonguss, L50, F|100\/100\n|turn|7\n|inactive|Lalou1919 has 30 seconds left.\n|inactive|Lalou1919 has 20 seconds left.\n|inactive|Lalou1919 has 15 seconds left.\n|inactive|Lalou1919 has 10 seconds left.\n|inactive|Lalou1919 has 5 seconds left.\n|\n|t:|1700649704\n|move|p2a: Dragapult|Dragon Darts|p1a: Amoonguss\n|-damage|p1a: Amoonguss|63\/100\n|-anim|p2a: Dragapult|Dragon Darts|p1a: Amoonguss\n|-damage|p1a: Amoonguss|20\/100\n|-enditem|p1a: Amoonguss|Sitrus Berry|[eat]\n|-heal|p1a: Amoonguss|45\/100|[from] item: Sitrus Berry\n|move|p2b: Chien-Pao|Ice Spinner|p1a: Amoonguss\n|-supereffective|p1a: Amoonguss\n|-damage|p1a: Amoonguss|0 fnt\n|faint|p1a: Amoonguss\n|\n|win|TheInevitable731\n|raw|Lalou1919's rating: 1073 &rarr; <strong>1054<\/strong><br \/>(-19 for losing)\n|raw|TheInevitable731's rating: 1110 &rarr; <strong>1132<\/strong><br \/>(+22 for winning)\n","uploadtime":1700649722,"views":2,"p1id":"lalou1919","p2id":"theinevitable731","formatid":"gen9vgc2023regulatione","rating":1054,"private":0,"password":""}