{"id":"gen9vgc2023regulatione-1987955854","p1":"VGCManJ","p2":"zanethrillseek","format":"[Gen 9] VGC 2023 Regulation E","log":"|j|\u2606VGCManJ\n|j|\u2606zanethrillseek\n|t:|1699652884\n|gametype|doubles\n|player|p1|VGCManJ|101|1188\n|player|p2|zanethrillseek|hilbert-wonderlauncher|1244\n|teamsize|p1|6\n|teamsize|p2|6\n|gen|9\n|tier|[Gen 9] VGC 2023 Regulation E\n|rated|\n|rule|Species Clause: Limit one of each Pok\u00e9mon\n|rule|Item Clause: Limit one of each item\n|clearpoke\n|poke|p1|Tauros-Paldea-Blaze, L50, M|\n|poke|p1|Flutter Mane, L50|\n|poke|p1|Tornadus, L50, M|\n|poke|p1|Ogerpon-Wellspring, L50, F|\n|poke|p1|Landorus-Therian, L50, M|\n|poke|p1|Kingambit, L50, F|\n|poke|p2|Tornadus, L50, M|\n|poke|p2|Chien-Pao, L50|\n|poke|p2|Rillaboom, L50, F|\n|poke|p2|Arcanine-Hisui, L50, F|\n|poke|p2|Flutter Mane, L50|\n|poke|p2|Urshifu-*, L50, F|\n|teampreview|4\n|inactive|Battle timer is ON: inactive players will automatically lose when time's up. (requested by VGCManJ)\n|inactive|VGCManJ has 60 seconds left.\n|inactive|zanethrillseek has 60 seconds left.\n|inactive|zanethrillseek has 30 seconds left.\n|\n|t:|1699652957\n|start\n|switch|p1a: Tornadus|Tornadus, L50, M|100\/100\n|switch|p1b: Kingambit|Kingambit, L50, F|100\/100\n|switch|p2a: Flutter Mane|Flutter Mane, L50|100\/100\n|switch|p2b: Rillaboom|Rillaboom, L50, F|100\/100\n|-fieldstart|move: Grassy Terrain|[from] ability: Grassy Surge|[of] p2b: Rillaboom\n|-enditem|p2a: Flutter Mane|Booster Energy\n|-activate|p2a: Flutter Mane|ability: Protosynthesis|[fromitem]\n|-start|p2a: Flutter Mane|protosynthesisspa\n|turn|1\n|inactive|zanethrillseek has 30 seconds left.\n|inactive|zanethrillseek has 20 seconds left.\n|inactive|zanethrillseek has 15 seconds left.\n|inactive|zanethrillseek has 10 seconds left.\n|\n|t:|1699653004\n|move|p2b: Rillaboom|Fake Out|p1a: Tornadus\n|-damage|p1a: Tornadus|85\/100\n|move|p1a: Tornadus|Tailwind|p1a: Tornadus\n|-sidestart|p1: VGCManJ|move: Tailwind\n|move|p1b: Kingambit|Sucker Punch|p2a: Flutter Mane\n|-damage|p2a: Flutter Mane|26\/100\n|move|p2a: Flutter Mane|Shadow Ball|p1b: Kingambit\n|-resisted|p1b: Kingambit\n|-damage|p1b: Kingambit|72\/100\n|\n|-heal|p2a: Flutter Mane|32\/100|[from] Grassy Terrain\n|-heal|p1b: Kingambit|78\/100|[from] Grassy Terrain\n|upkeep\n|turn|2\n|inactive|zanethrillseek has 30 seconds left.\n|inactive|zanethrillseek has 20 seconds left.\n|inactive|zanethrillseek has 15 seconds left.\n|\n|t:|1699653046\n|-end|p2a: Flutter Mane|Protosynthesis|[silent]\n|switch|p2a: Urshifu|Urshifu-Rapid-Strike, L50, F|100\/100\n|move|p1b: Kingambit|Sucker Punch||[still]\n|-fail|p1b: Kingambit\n|move|p1a: Tornadus|Bleakwind Storm|p2b: Rillaboom|[spread] \n|-miss|p1a: Tornadus|p2a: Urshifu\n|-miss|p1a: Tornadus|p2b: Rillaboom\n|move|p2b: Rillaboom|High Horsepower|p1b: Kingambit|[miss]\n|-miss|p2b: Rillaboom|p1b: Kingambit\n|\n|-heal|p1b: Kingambit|84\/100|[from] Grassy Terrain\n|upkeep\n|turn|3\n|inactive|VGCManJ has 30 seconds left.\n|inactive|zanethrillseek has 30 seconds left.\n|inactive|zanethrillseek has 20 seconds left.\n|inactive|zanethrillseek has 15 seconds left.\n|inactive|zanethrillseek has 10 seconds left.\n|\n|t:|1699653094\n|switch|p1b: Landorus|Landorus-Therian, L50, M|100\/100\n|-ability|p1b: Landorus|Intimidate|boost\n|-unboost|p2a: Urshifu|atk|1\n|-unboost|p2b: Rillaboom|atk|1\n|-terastallize|p2a: Urshifu|Water\n|move|p1a: Tornadus|Bleakwind Storm|p2a: Urshifu|[spread] p2a,p2b\n|-supereffective|p2b: Rillaboom\n|-damage|p2a: Urshifu|54\/100\n|-damage|p2b: Rillaboom|54\/100\n|move|p2a: Urshifu|Surging Strikes|p1a: Tornadus\n|-crit|p1a: Tornadus\n|-damage|p1a: Tornadus|52\/100\n|-crit|p1a: Tornadus\n|-damage|p1a: Tornadus|20\/100\n|-crit|p1a: Tornadus\n|-damage|p1a: Tornadus|0 fnt\n|faint|p1a: Tornadus\n|-hitcount|p1: Tornadus|3\n|move|p2b: Rillaboom|High Horsepower|p1b: Landorus\n|-immune|p1b: Landorus\n|\n|-heal|p2a: Urshifu|60\/100|[from] Grassy Terrain\n|-heal|p2b: Rillaboom|60\/100|[from] Grassy Terrain\n|upkeep\n|\n|t:|1699653113\n|switch|p1a: Kingambit|Kingambit, L50, F|84\/100\n|turn|4\n|inactive|zanethrillseek has 30 seconds left.\n|\n|t:|1699653146\n|-terastallize|p1a: Kingambit|Dark\n|move|p2a: Urshifu|Protect|p2a: Urshifu\n|-singleturn|p2a: Urshifu|Protect\n|move|p1a: Kingambit|Sucker Punch||[still]\n|-fail|p1a: Kingambit\n|move|p1b: Landorus|U-turn|p2b: Rillaboom\n|-supereffective|p2b: Rillaboom\n|-damage|p2b: Rillaboom|11\/100\n|\n|t:|1699653154\n|switch|p1b: Tauros|Tauros-Paldea-Blaze, L50, M|100\/100|[from] U-turn\n|-ability|p1b: Tauros|Intimidate|boost\n|-unboost|p2a: Urshifu|atk|1\n|-unboost|p2b: Rillaboom|atk|1\n|move|p2b: Rillaboom|High Horsepower|p1a: Kingambit\n|-damage|p1a: Kingambit|71\/100\n|\n|-heal|p1a: Kingambit|77\/100|[from] Grassy Terrain\n|-heal|p2a: Urshifu|66\/100|[from] Grassy Terrain\n|-heal|p2b: Rillaboom|16\/100|[from] Grassy Terrain\n|-sideend|p1: VGCManJ|move: Tailwind\n|upkeep\n|turn|5\n|inactive|zanethrillseek has 30 seconds left.\n|\n|t:|1699653185\n|switch|p2a: Chien-Pao|Chien-Pao, L50|100\/100\n|-ability|p2a: Chien-Pao|Sword of Ruin\n|switch|p2b: Flutter Mane|Flutter Mane, L50|32\/100\n|move|p1a: Kingambit|Sucker Punch||[still]\n|-fail|p1a: Kingambit\n|move|p1b: Tauros|Raging Bull|p2b: Flutter Mane\n|-damage|p2b: Flutter Mane|0 fnt\n|faint|p2b: Flutter Mane\n|-end|p2b: Flutter Mane|Protosynthesis|[silent]\n|\n|-heal|p1a: Kingambit|83\/100|[from] Grassy Terrain\n|-fieldend|move: Grassy Terrain\n|upkeep\n|\n|t:|1699653199\n|switch|p2b: Rillaboom|Rillaboom, L50, F|16\/100\n|-fieldstart|move: Grassy Terrain|[from] ability: Grassy Surge|[of] p2b: Rillaboom\n|turn|6\n|inactive|zanethrillseek has 30 seconds left.\n|\n|t:|1699653225\n|move|p1b: Tauros|Protect|p1b: Tauros\n|-singleturn|p1b: Tauros|Protect\n|move|p1a: Kingambit|Protect|p1a: Kingambit\n|-singleturn|p1a: Kingambit|Protect\n|move|p2b: Rillaboom|Fake Out|p1a: Kingambit\n|-activate|p1a: Kingambit|move: Protect\n|move|p2a: Chien-Pao|Sacred Sword|p1a: Kingambit\n|-activate|p1a: Kingambit|move: Protect\n|\n|-heal|p2b: Rillaboom|22\/100|[from] Grassy Terrain\n|-heal|p1a: Kingambit|89\/100|[from] Grassy Terrain\n|upkeep\n|turn|7\n|inactive|zanethrillseek has 30 seconds left.\n|inactive|VGCManJ has 30 seconds left.\n|inactive|zanethrillseek has 20 seconds left.\n|inactive|zanethrillseek has 15 seconds left.\n|\n|t:|1699653266\n|switch|p1a: Landorus|Landorus-Therian, L50, M|100\/100\n|-ability|p1a: Landorus|Intimidate|boost\n|-unboost|p2a: Chien-Pao|atk|1\n|-unboost|p2b: Rillaboom|atk|1\n|move|p2a: Chien-Pao|Ice Spinner|p1a: Landorus\n|-supereffective|p1a: Landorus\n|-damage|p1a: Landorus|0 fnt\n|-fieldend|move: Grassy Terrain\n|faint|p1a: Landorus\n|move|p1b: Tauros|Close Combat|p2a: Chien-Pao\n|-supereffective|p2a: Chien-Pao\n|-enditem|p2a: Chien-Pao|Focus Sash\n|-damage|p2a: Chien-Pao|1\/100\n|-unboost|p1b: Tauros|def|1\n|-unboost|p1b: Tauros|spd|1\n|move|p2b: Rillaboom|Wood Hammer|p1b: Tauros\n|-resisted|p1b: Tauros\n|-damage|p1b: Tauros|62\/100\n|-damage|p2b: Rillaboom|12\/100|[from] Recoil\n|\n|upkeep\n|\n|t:|1699653277\n|switch|p1a: Kingambit|Kingambit, L50, F, tera:Dark|89\/100\n|turn|8\n|inactive|zanethrillseek has 30 seconds left.\n|\n|t:|1699653306\n|move|p2a: Chien-Pao|Sucker Punch|p1b: Tauros\n|-resisted|p1b: Tauros\n|-damage|p1b: Tauros|36\/100\n|move|p1a: Kingambit|Sucker Punch||[still]\n|-fail|p1a: Kingambit\n|move|p1b: Tauros|Raging Bull|p2b: Rillaboom\n|-supereffective|p2b: Rillaboom\n|-damage|p2b: Rillaboom|0 fnt\n|faint|p2b: Rillaboom\n|\n|upkeep\n|\n|t:|1699653315\n|switch|p2b: Urshifu|Urshifu-Rapid-Strike, L50, F, tera:Water|66\/100\n|turn|9\n|\n|t:|1699653330\n|move|p2a: Chien-Pao|Sacred Sword|p1a: Kingambit\n|-supereffective|p1a: Kingambit\n|-damage|p1a: Kingambit|49\/100\n|move|p1b: Tauros|Will-O-Wisp|p2b: Urshifu\n|-status|p2b: Urshifu|brn\n|move|p2b: Urshifu|Surging Strikes|p1b: Tauros\n|-supereffective|p1b: Tauros\n|-crit|p1b: Tauros\n|-damage|p1b: Tauros|0 fnt\n|faint|p1b: Tauros\n|-hitcount|p1: Tauros|1\n|move|p1a: Kingambit|Kowtow Cleave|p2a: Chien-Pao\n|-resisted|p2a: Chien-Pao\n|-damage|p2a: Chien-Pao|0 fnt\n|faint|p2a: Chien-Pao\n|\n|-damage|p2b: Urshifu|60\/100 brn|[from] brn\n|upkeep\n|turn|10\n|\n|t:|1699653351\n|move|p2b: Urshifu|Surging Strikes|p1a: Kingambit\n|-crit|p1a: Kingambit\n|-damage|p1a: Kingambit|36\/100\n|-crit|p1a: Kingambit\n|-damage|p1a: Kingambit|23\/100\n|-crit|p1a: Kingambit\n|-damage|p1a: Kingambit|9\/100\n|-hitcount|p1a: Kingambit|3\n|move|p1a: Kingambit|Kowtow Cleave|p2b: Urshifu\n|-damage|p2b: Urshifu|0 fnt\n|faint|p2b: Urshifu\n|\n|win|VGCManJ\n|raw|VGCManJ's rating: 1188 &rarr; <strong>1217<\/strong><br \/>(+29 for winning)\n|raw|zanethrillseek's rating: 1244 &rarr; <strong>1215<\/strong><br \/>(-29 for losing)\n|c|\u2606zanethrillseek|gg\n|c|\u2606VGCManJ|Gg\n","uploadtime":1699653369,"views":12,"p1id":"vgcmanj","p2id":"zanethrillseek","formatid":"gen9vgc2023regulatione","rating":1215,"private":0,"password":""}