{"id":"gen9vgc2023regulatione-1996244946","p1":"luk29powavgcwp","p2":"Aggli","format":"[Gen 9] VGC 2023 Regulation E","log":"|j|\u2606luk29powavgcwp\n|j|\u2606Aggli\n|t:|1700663429\n|gametype|doubles\n|player|p1|luk29powavgcwp|169|1254\n|player|p2|Aggli|n|1358\n|teamsize|p1|6\n|teamsize|p2|6\n|gen|9\n|tier|[Gen 9] VGC 2023 Regulation E\n|rated|\n|rule|Species Clause: Limit one of each Pok\u00e9mon\n|rule|Item Clause: Limit one of each item\n|clearpoke\n|poke|p1|Dondozo, L50, M|\n|poke|p1|Tatsugiri, L50, F|\n|poke|p1|Ninetales-Alola, L50, F|\n|poke|p1|Glimmora, L50, F|\n|poke|p1|Ogerpon-Hearthflame, L50, F|\n|poke|p1|Iron Hands, L50|\n|poke|p2|Flutter Mane, L50|\n|poke|p2|Grimmsnarl, L50, M|\n|poke|p2|Landorus-Therian, L50, M|\n|poke|p2|Iron Hands, L50|\n|poke|p2|Sinistcha, L50|\n|poke|p2|Iron Moth, L50|\n|teampreview|4\n|inactive|Battle timer is ON: inactive players will automatically lose when time's up. (requested by Aggli)\nAggli rejected open team sheets.\n|inactive|luk29powavgcwp has 60 seconds left.\n|inactive|Aggli has 60 seconds left.\n|inactive|Aggli has 30 seconds left.\n|\n|t:|1700663495\n|start\n|switch|p1a: Glimmora|Glimmora, L50, F|100\/100\n|switch|p1b: Iron Hands|Iron Hands, L50|100\/100\n|switch|p2a: Iron Hands|Iron Hands, L50|100\/100\n|switch|p2b: Grimmsnarl|Grimmsnarl, L50, M|100\/100\n|turn|1\n|inactive|luk29powavgcwp has 30 seconds left.\n|inactive|Aggli has 30 seconds left.\n|inactive|luk29powavgcwp has 20 seconds left.\n|inactive|luk29powavgcwp has 15 seconds left.\n|\n|t:|1700663537\n|move|p2b: Grimmsnarl|Fake Out|p1a: Glimmora\n|-resisted|p1a: Glimmora\n|-damage|p1a: Glimmora|93\/100\n|-activate|p1a: Glimmora|ability: Toxic Debris\n|-sidestart|p2: Aggli|move: Toxic Spikes\n|move|p1b: Iron Hands|Fake Out|p2a: Iron Hands\n|-crit|p2a: Iron Hands\n|-damage|p2a: Iron Hands|84\/100\n|cant|p1a: Glimmora|flinch\n|cant|p2a: Iron Hands|flinch\n|\n|upkeep\n|turn|2\n|inactive|luk29powavgcwp has 30 seconds left.\n|inactive|luk29powavgcwp has 20 seconds left.\n|inactive|luk29powavgcwp has 15 seconds left.\n|\n|t:|1700663579\n|-terastallize|p1a: Glimmora|Grass\n|move|p1a: Glimmora|Sludge Bomb|p2b: Grimmsnarl\n|-supereffective|p2b: Grimmsnarl\n|-enditem|p2b: Grimmsnarl|Focus Sash\n|-damage|p2b: Grimmsnarl|1\/100\n|-status|p2b: Grimmsnarl|psn\n|move|p2b: Grimmsnarl|Spirit Break|p1b: Iron Hands\n|-supereffective|p1b: Iron Hands\n|-damage|p1b: Iron Hands|43\/100\n|-unboost|p1b: Iron Hands|spa|1\n|move|p1b: Iron Hands|Heavy Slam|p2a: Iron Hands\n|-resisted|p2a: Iron Hands\n|-damage|p2a: Iron Hands|78\/100\n|move|p2a: Iron Hands|Swords Dance|p2a: Iron Hands\n|-boost|p2a: Iron Hands|atk|2\n|\n|-damage|p2b: Grimmsnarl|0 fnt|[from] psn\n|faint|p2b: Grimmsnarl\n|upkeep\n|\n|t:|1700663602\n|switch|p2b: Flutter Mane|Flutter Mane, L50|100\/100\n|-status|p2b: Flutter Mane|psn\n|turn|3\n|inactive|Aggli has 30 seconds left.\n|\n|t:|1700663630\n|move|p2b: Flutter Mane|Moonblast|p1b: Iron Hands\n|-supereffective|p1b: Iron Hands\n|-damage|p1b: Iron Hands|0 fnt\n|faint|p1b: Iron Hands\n|-end|p1b: Iron Hands|Quark Drive|[silent]\n|move|p1a: Glimmora|Mortal Spin|p2a: Iron Hands|[spread] p2a,p2b\n|-damage|p2a: Iron Hands|75\/100\n|-damage|p2b: Flutter Mane|92\/100 psn\n|-status|p2a: Iron Hands|psn\n|move|p2a: Iron Hands|Ice Punch|p1a: Glimmora\n|-supereffective|p1a: Glimmora\n|-damage|p1a: Glimmora|0 fnt\n|-activate|p1a: Glimmora|ability: Toxic Debris\n|-sidestart|p2: Aggli|move: Toxic Spikes\n|faint|p1a: Glimmora\n|\n|-damage|p2b: Flutter Mane|80\/100 psn|[from] psn\n|-damage|p2a: Iron Hands|63\/100 psn|[from] psn\n|upkeep\n|\n|t:|1700663648\n|switch|p1a: Dondozo|Dondozo, L50, M|100\/100\n|switch|p1b: Tatsugiri|Tatsugiri, L50, F|100\/100\n|-activate|p1b: Tatsugiri|ability: Commander|[of] p1a: Dondozo\n|-boost|p1a: Dondozo|atk|2\n|-boost|p1a: Dondozo|spa|2\n|-boost|p1a: Dondozo|spe|2\n|-boost|p1a: Dondozo|def|2\n|-boost|p1a: Dondozo|spd|2\n|turn|4\n|inactive|luk29powavgcwp has 30 seconds left.\n|\n|t:|1700663682\n|-end|p2b: Flutter Mane|Protosynthesis|[silent]\n|switch|p2b: Sinistcha|Sinistcha, L50|100\/100\n|-status|p2b: Sinistcha|tox\n|-heal|p2a: Iron Hands|87\/100 psn|[from] ability: Hospitality|[of] p2b: Sinistcha\n|move|p1a: Dondozo|Order Up|p2a: Iron Hands\n|-damage|p2a: Iron Hands|53\/100 psn\n|-boost|p1a: Dondozo|atk|1\n|move|p2a: Iron Hands|Thunder Punch|p1a: Dondozo\n|-supereffective|p1a: Dondozo\n|-damage|p1a: Dondozo|68\/100\n|\n|-heal|p1a: Dondozo|74\/100|[from] item: Leftovers\n|-damage|p2b: Sinistcha|94\/100 tox|[from] psn\n|-damage|p2a: Iron Hands|40\/100 psn|[from] psn\n|upkeep\n|turn|5\n|inactive|luk29powavgcwp has 30 seconds left.\n|inactive|Aggli has 30 seconds left.\n|inactive|Aggli has 20 seconds left.\n|inactive|Aggli has 15 seconds left.\n|inactive|Aggli has 10 seconds left.\n|\n|t:|1700663727\n|move|p1a: Dondozo|Earthquake|p2a: Iron Hands|[spread] p2a,p2b\n|-miss|p1a: Dondozo|p1b: Tatsugiri\n|-supereffective|p2a: Iron Hands\n|-resisted|p2b: Sinistcha\n|-damage|p2a: Iron Hands|0 fnt\n|-damage|p2b: Sinistcha|68\/100 tox\n|faint|p2a: Iron Hands\n|-end|p2a: Iron Hands|Quark Drive|[silent]\n|move|p2b: Sinistcha|Matcha Gotcha|p1a: Dondozo|[spread] p1a\n|-miss|p2b: Sinistcha|p1b: Tatsugiri\n|-supereffective|p1a: Dondozo\n|-damage|p1a: Dondozo|50\/100\n|-heal|p2b: Sinistcha|83\/100 tox|[from] drain|[of] p1a: Dondozo\n|-status|p1a: Dondozo|brn\n|\n|-heal|p1a: Dondozo|56\/100 brn|[from] item: Leftovers\n|-damage|p2b: Sinistcha|71\/100 tox|[from] psn\n|-damage|p1a: Dondozo|50\/100 brn|[from] brn\n|upkeep\n|\n|t:|1700663743\n|switch|p2a: Flutter Mane|Flutter Mane, L50|80\/100 psn\n|turn|6\n|\n|t:|1700663762\n|move|p1a: Dondozo|Protect|p1a: Dondozo\n|-singleturn|p1a: Dondozo|Protect\n|move|p2a: Flutter Mane|Moonblast|p1a: Dondozo\n|-activate|p1a: Dondozo|move: Protect\n|move|p2b: Sinistcha|Strength Sap|p1a: Dondozo\n|-activate|p1a: Dondozo|move: Protect\n|\n|-heal|p1a: Dondozo|56\/100 brn|[from] item: Leftovers\n|-damage|p2a: Flutter Mane|68\/100 psn|[from] psn\n|-damage|p2b: Sinistcha|52\/100 tox|[from] psn\n|-damage|p1a: Dondozo|50\/100 brn|[from] brn\n|upkeep\n|turn|7\n|\n|t:|1700663785\n|move|p1a: Dondozo|Wave Crash|p2a: Flutter Mane\n|-damage|p2a: Flutter Mane|0 fnt\n|faint|p2a: Flutter Mane\n|-end|p2a: Flutter Mane|Protosynthesis|[silent]\n|-damage|p1a: Dondozo|34\/100 brn|[from] Recoil\n|move|p2b: Sinistcha|Strength Sap|p1a: Dondozo\n|-unboost|p1a: Dondozo|atk|1\n|-heal|p2b: Sinistcha|100\/100 tox\n|\n|-heal|p1a: Dondozo|41\/100 brn|[from] item: Leftovers\n|-damage|p2b: Sinistcha|76\/100 tox|[from] psn\n|-damage|p1a: Dondozo|34\/100 brn|[from] brn\n|upkeep\n|turn|8\n|\n|t:|1700663808\n|move|p1a: Dondozo|Order Up|p2b: Sinistcha\n|-damage|p2b: Sinistcha|55\/100 tox\n|-boost|p1a: Dondozo|atk|1\n|move|p2b: Sinistcha|Matcha Gotcha|p1b: Tatsugiri|[spread] p1a\n|-miss|p2b: Sinistcha|p1b: Tatsugiri\n|-supereffective|p1a: Dondozo\n|-damage|p1a: Dondozo|11\/100 brn\n|-heal|p2b: Sinistcha|70\/100 tox|[from] drain|[of] p1a: Dondozo\n|\n|-heal|p1a: Dondozo|17\/100 brn|[from] item: Leftovers\n|-damage|p2b: Sinistcha|39\/100 tox|[from] psn\n|-damage|p1a: Dondozo|11\/100 brn|[from] brn\n|upkeep\n|turn|9\n|\n|t:|1700663825\n|move|p1a: Dondozo|Protect|p1a: Dondozo\n|-singleturn|p1a: Dondozo|Protect\n|move|p2b: Sinistcha|Matcha Gotcha|p1b: Tatsugiri|[spread] \n|-miss|p2b: Sinistcha|p1b: Tatsugiri\n|-activate|p1a: Dondozo|move: Protect\n|\n|-heal|p1a: Dondozo|17\/100 brn|[from] item: Leftovers\n|-damage|p2b: Sinistcha|2\/100 tox|[from] psn\n|-damage|p1a: Dondozo|11\/100 brn|[from] brn\n|upkeep\n|turn|10\n|\n|t:|1700663841\n|move|p1a: Dondozo|Earthquake|p2b: Sinistcha|[spread] p2b\n|-miss|p1a: Dondozo|p1b: Tatsugiri\n|-resisted|p2b: Sinistcha\n|-damage|p2b: Sinistcha|0 fnt\n|faint|p2b: Sinistcha\n|\n|win|luk29powavgcwp\n|raw|luk29powavgcwp's rating: 1254 &rarr; <strong>1286<\/strong><br \/>(+32 for winning)\n|raw|Aggli's rating: 1358 &rarr; <strong>1332<\/strong><br \/>(-26 for losing)\n","uploadtime":1700663855,"views":3,"p1id":"luk29powavgcwp","p2id":"aggli","formatid":"gen9vgc2023regulatione","rating":1286,"private":0,"password":""}