{"id":"gen9vgc2023regulatione-1998033806","p1":"luis.hrivera","p2":"AJB0000","format":"[Gen 9] VGC 2023 Regulation E","log":"|j|\u2606luis.hrivera\n|j|\u2606AJB0000\n|t:|1700881599\n|gametype|doubles\n|player|p1|luis.hrivera|169|1305\n|player|p2|AJB0000|1|1259\n|teamsize|p1|6\n|teamsize|p2|6\n|gen|9\n|tier|[Gen 9] VGC 2023 Regulation E\n|rated|\n|rule|Species Clause: Limit one of each Pok\u00e9mon\n|rule|Item Clause: Limit one of each item\n|clearpoke\n|poke|p1|Urshifu-*, L50, M|\n|poke|p1|Rillaboom, L50, M|\n|poke|p1|Iron Hands, L50|\n|poke|p1|Sableye, L50, M|\n|poke|p1|Arcanine, L50, M|\n|poke|p1|Flutter Mane, L50|\n|poke|p2|Sinistcha, L50|\n|poke|p2|Indeedee-F, L50, F|\n|poke|p2|Sylveon, L50, M|\n|poke|p2|Palafin, L50, M|\n|poke|p2|Iron Hands, L50|\n|poke|p2|Heatran, L50, M|\n|teampreview|4\n|inactive|Battle timer is ON: inactive players will automatically lose when time's up. (requested by AJB0000)\nAJB0000 has agreed to open team sheets.\n|\n|t:|1700881644\n|start\n|switch|p1a: Arcanine|Arcanine, L50, M|100\/100\n|switch|p1b: Urshifu|Urshifu-Rapid-Strike, L50, M|100\/100\n|switch|p2a: Indeedee|Indeedee-F, L50, F, shiny|100\/100\n|switch|p2b: Sylveon|Sylveon, L50, M, shiny|100\/100\n|-ability|p1a: Arcanine|Intimidate|boost\n|-unboost|p2a: Indeedee|atk|1\n|-unboost|p2b: Sylveon|atk|1\n|-fieldstart|move: Psychic Terrain|[from] ability: Psychic Surge|[of] p2a: Indeedee\n|turn|1\n|inactive|AJB0000 has 30 seconds left.\n|\n|t:|1700881675\n|-terastallize|p2a: Indeedee|Dragon\n|move|p1b: Urshifu|U-turn|p2a: Indeedee\n|-damage|p2a: Indeedee|73\/100\n|-damage|p1b: Urshifu|84\/100|[from] item: Rocky Helmet|[of] p2a: Indeedee\n|\n|t:|1700881680\n|switch|p1b: Rillaboom|Rillaboom, L50, M, shiny|100\/100|[from] U-turn\n|-fieldstart|move: Grassy Terrain|[from] ability: Grassy Surge|[of] p1b: Rillaboom\n|move|p1a: Arcanine|Snarl|p2b: Sylveon|[spread] p2a,p2b\n|-resisted|p2b: Sylveon\n|-damage|p2a: Indeedee|64\/100\n|-damage|p2b: Sylveon|97\/100\n|-unboost|p2a: Indeedee|spa|1\n|-unboost|p2b: Sylveon|spa|1\n|move|p2b: Sylveon|Hyper Voice|p1a: Arcanine|[spread] p1a,p1b\n|-resisted|p1a: Arcanine\n|-damage|p1a: Arcanine|83\/100\n|-damage|p1b: Rillaboom|66\/100\n|move|p2a: Indeedee|Trick Room|p2a: Indeedee\n|-fieldstart|move: Trick Room|[of] p2a: Indeedee\n|\n|-heal|p2b: Sylveon|100\/100|[from] Grassy Terrain\n|-heal|p2a: Indeedee|70\/100|[from] Grassy Terrain\n|-heal|p1b: Rillaboom|72\/100|[from] Grassy Terrain\n|-heal|p1b: Rillaboom|78\/100|[from] item: Leftovers\n|-heal|p1a: Arcanine|89\/100|[from] Grassy Terrain\n|upkeep\n|turn|2\n|inactive|AJB0000 has 30 seconds left.\n|\n|t:|1700881709\n|switch|p2b: Heatran|Heatran, L50, M|100\/100\n|move|p1b: Rillaboom|Fake Out|p2b: Heatran\n|-resisted|p2b: Heatran\n|-damage|p2b: Heatran|93\/100\n|move|p2a: Indeedee|Follow Me|p2a: Indeedee\n|-singleturn|p2a: Indeedee|move: Follow Me\n|move|p1a: Arcanine|Snarl|p2a: Indeedee|[spread] p2b\n|-miss|p1a: Arcanine|p2a: Indeedee\n|-damage|p2b: Heatran|86\/100\n|-unboost|p2b: Heatran|spa|1\n|\n|-heal|p2b: Heatran|92\/100|[from] Grassy Terrain\n|-heal|p2a: Indeedee|76\/100|[from] Grassy Terrain\n|-heal|p1b: Rillaboom|85\/100|[from] Grassy Terrain\n|-heal|p1b: Rillaboom|91\/100|[from] item: Leftovers\n|-heal|p1a: Arcanine|95\/100|[from] Grassy Terrain\n|upkeep\n|turn|3\n|\n|t:|1700881732\n|move|p2a: Indeedee|Helping Hand|p2b: Heatran\n|-singleturn|p2b: Heatran|Helping Hand|[of] p2a: Indeedee\n|move|p1b: Rillaboom|Protect|p1b: Rillaboom\n|-singleturn|p1b: Rillaboom|Protect\n|move|p2b: Heatran|Heat Wave|p1a: Arcanine|[spread] \n|-activate|p1b: Rillaboom|move: Protect\n|-miss|p2b: Heatran|p1a: Arcanine\n|move|p1a: Arcanine|Snarl|p2a: Indeedee|[spread] p2a\n|-miss|p1a: Arcanine|p2b: Heatran\n|-damage|p2a: Indeedee|68\/100\n|-unboost|p2a: Indeedee|spa|1\n|\n|-heal|p2b: Heatran|98\/100|[from] Grassy Terrain\n|-heal|p2a: Indeedee|74\/100|[from] Grassy Terrain\n|-heal|p1b: Rillaboom|97\/100|[from] Grassy Terrain\n|-heal|p1b: Rillaboom|100\/100|[from] item: Leftovers\n|-heal|p1a: Arcanine|100\/100|[from] Grassy Terrain\n|upkeep\n|turn|4\n|\n|t:|1700881754\n|switch|p1b: Urshifu|Urshifu-Rapid-Strike, L50, M|84\/100\n|move|p2a: Indeedee|Helping Hand|p2b: Heatran\n|-singleturn|p2b: Heatran|Helping Hand|[of] p2a: Indeedee\n|move|p2b: Heatran|Heat Wave|p1a: Arcanine|[spread] p1a,p1b\n|-resisted|p1a: Arcanine\n|-resisted|p1b: Urshifu\n|-damage|p1a: Arcanine|79\/100\n|-damage|p1b: Urshifu|55\/100\n|move|p1a: Arcanine|Snarl|p2a: Indeedee|[spread] p2a,p2b\n|-damage|p2a: Indeedee|65\/100\n|-damage|p2b: Heatran|92\/100\n|-unboost|p2a: Indeedee|spa|1\n|-unboost|p2b: Heatran|spa|1\n|\n|-heal|p2b: Heatran|98\/100|[from] Grassy Terrain\n|-heal|p2a: Indeedee|71\/100|[from] Grassy Terrain\n|-heal|p1a: Arcanine|85\/100|[from] Grassy Terrain\n|-heal|p1b: Urshifu|61\/100|[from] Grassy Terrain\n|upkeep\n|turn|5\n|inactive|luis.hrivera has 30 seconds left.\n|\n|t:|1700881782\n|switch|p2b: Sylveon|Sylveon, L50, M, shiny|100\/100\n|move|p2a: Indeedee|Follow Me|p2a: Indeedee\n|-singleturn|p2a: Indeedee|move: Follow Me\n|move|p1a: Arcanine|Howl|p1a: Arcanine|[spread] p1a,p1b\n|-boost|p1a: Arcanine|atk|1\n|-boost|p1b: Urshifu|atk|1\n|move|p1b: Urshifu|U-turn|p2a: Indeedee\n|-damage|p2a: Indeedee|27\/100\n|-damage|p1b: Urshifu|44\/100|[from] item: Rocky Helmet|[of] p2a: Indeedee\n|\n|t:|1700881791\n|switch|p1b: Rillaboom|Rillaboom, L50, M, shiny|100\/100|[from] U-turn\n|\n|-heal|p2a: Indeedee|33\/100|[from] Grassy Terrain\n|-heal|p1a: Arcanine|91\/100|[from] Grassy Terrain\n|-fieldend|move: Trick Room\n|-fieldend|move: Grassy Terrain\n|upkeep\n|turn|6\n|\n|t:|1700881808\n|switch|p2a: Iron Hands|Iron Hands, L50|100\/100\n|move|p2b: Sylveon|Protect|p2b: Sylveon\n|-singleturn|p2b: Sylveon|Protect\n|move|p1b: Rillaboom|Fake Out|p2a: Iron Hands\n|-damage|p2a: Iron Hands|90\/100\n|move|p1a: Arcanine|Snarl|p2a: Iron Hands|[spread] p2a\n|-activate|p2b: Sylveon|move: Protect\n|-resisted|p2a: Iron Hands\n|-damage|p2a: Iron Hands|88\/100\n|-unboost|p2a: Iron Hands|spa|1\n|\n|upkeep\n|turn|7\n|inactive|luis.hrivera has 30 seconds left.\n|\n|t:|1700881841\n|switch|p2b: Heatran|Heatran, L50, M|98\/100\n|move|p2a: Iron Hands|Fake Out|p1a: Arcanine\n|-damage|p1a: Arcanine|73\/100\n|cant|p1a: Arcanine|flinch\n|move|p1b: Rillaboom|U-turn|p2b: Heatran\n|-resisted|p2b: Heatran\n|-damage|p2b: Heatran|93\/100\n|\n|t:|1700881849\n|switch|p1b: Urshifu|Urshifu-Rapid-Strike, L50, M|44\/100|[from] U-turn\n|\n|upkeep\n|turn|8\n|\n|t:|1700881859\n|move|p1b: Urshifu|U-turn|p2b: Heatran\n|-resisted|p2b: Heatran\n|-damage|p2b: Heatran|88\/100\n|\n|t:|1700881862\n|switch|p1b: Rillaboom|Rillaboom, L50, M, shiny|100\/100|[from] U-turn\n|-fieldstart|move: Grassy Terrain|[from] ability: Grassy Surge|[of] p1b: Rillaboom\n|move|p1a: Arcanine|Will-O-Wisp|p2a: Iron Hands\n|-status|p2a: Iron Hands|brn\n|move|p2b: Heatran|Earth Power|p1a: Arcanine\n|-supereffective|p1a: Arcanine\n|-damage|p1a: Arcanine|0 fnt\n|faint|p1a: Arcanine\n|move|p2a: Iron Hands|Thunder Punch|p1b: Rillaboom\n|-resisted|p1b: Rillaboom\n|-damage|p1b: Rillaboom|88\/100\n|\n|-heal|p1b: Rillaboom|94\/100|[from] Grassy Terrain\n|-heal|p1b: Rillaboom|100\/100|[from] item: Leftovers\n|-heal|p2b: Heatran|94\/100|[from] Grassy Terrain\n|-heal|p2a: Iron Hands|94\/100 brn|[from] Grassy Terrain\n|-damage|p2a: Iron Hands|88\/100 brn|[from] brn\n|upkeep\n|\n|t:|1700881880\n|switch|p1a: Urshifu|Urshifu-Rapid-Strike, L50, M|44\/100\n|turn|9\n|\n|t:|1700881888\n|switch|p2b: Indeedee|Indeedee-F, L50, F, shiny, tera:Dragon|33\/100\n|-fieldstart|move: Psychic Terrain|[from] ability: Psychic Surge|[of] p2b: Indeedee\n|-terastallize|p1a: Urshifu|Water\n|move|p1a: Urshifu|Surging Strikes|p2b: Indeedee\n|-resisted|p2b: Indeedee\n|-crit|p2b: Indeedee\n|-damage|p2b: Indeedee|17\/100\n|-damage|p1a: Urshifu|28\/100|[from] item: Rocky Helmet|[of] p2b: Indeedee\n|-resisted|p2b: Indeedee\n|-crit|p2b: Indeedee\n|-damage|p2b: Indeedee|0 fnt\n|-damage|p1a: Urshifu|11\/100|[from] item: Rocky Helmet|[of] p2b: Indeedee\n|faint|p2b: Indeedee\n|-hitcount|p2: Indeedee|2\n|move|p1b: Rillaboom|Grassy Glide|p2a: Iron Hands\n|-damage|p2a: Iron Hands|65\/100 brn\n|move|p2a: Iron Hands|Thunder Punch|p1a: Urshifu\n|-supereffective|p1a: Urshifu\n|-damage|p1a: Urshifu|0 fnt\n|faint|p1a: Urshifu\n|\n|-damage|p2a: Iron Hands|59\/100 brn|[from] brn\n|upkeep\n|-message|luis.hrivera forfeited.\n|\n|win|AJB0000\n|raw|luis.hrivera's rating: 1305 &rarr; <strong>1282<\/strong><br \/>(-23 for losing)\n|raw|AJB0000's rating: 1259 &rarr; <strong>1287<\/strong><br \/>(+28 for winning)\n|l|\u2606luis.hrivera\n","uploadtime":1700881927,"views":4,"p1id":"luishrivera","p2id":"ajb0000","formatid":"gen9vgc2023regulatione","rating":1282,"private":0,"password":""}