{"id":"gen9vgc2023regulatione-1988696701","p1":"Ekkogandr","p2":"GeoGreenBeanz","format":"[Gen 9] VGC 2023 Regulation E","log":"|j|\u2606Ekkogandr\n|j|\u2606GeoGreenBeanz\n|t:|1699751852\n|gametype|doubles\n|player|p1|Ekkogandr|turo-ai|1046\n|player|p2|GeoGreenBeanz|266|1000\n|teamsize|p1|6\n|teamsize|p2|6\n|gen|9\n|tier|[Gen 9] VGC 2023 Regulation E\n|rated|\n|rule|Species Clause: Limit one of each Pok\u00e9mon\n|rule|Item Clause: Limit one of each item\n|clearpoke\n|poke|p1|Flutter Mane, L50|\n|poke|p1|Ogerpon-Wellspring, L50, F|\n|poke|p1|Kingambit, L50, M|\n|poke|p1|Landorus-Therian, L50, M|\n|poke|p1|Iron Hands, L50|\n|poke|p1|Chi-Yu, L50|\n|poke|p2|Cyclizar, L50, F|\n|poke|p2|Chi-Yu, L50|\n|poke|p2|Toedscruel, L50, M|\n|poke|p2|Slaking, L50, M|\n|poke|p2|Espathra, L50, F|\n|poke|p2|Zoroark-Hisui, L50, F|\n|teampreview|4\nEkkogandr has agreed to open team sheets.\n|inactive|Battle timer is ON: inactive players will automatically lose when time's up. (requested by Ekkogandr)\n|\n|t:|1699751889\n|start\n|switch|p1a: Antares|Chi-Yu, L50|100\/100\n|switch|p1b: Betelgeuse|Flutter Mane, L50|100\/100\n|switch|p2a: Slaking|Slaking, L50, M|100\/100\n|switch|p2b: Espathra|Espathra, L50, F|100\/100\n|-ability|p1a: Antares|Beads of Ruin\n|turn|1\n|inactive|GeoGreenBeanz has 30 seconds left.\n|inactive|GeoGreenBeanz has 20 seconds left.\n|\n|t:|1699751925\n|switch|p2b: Cyclizar|Cyclizar, L50, F|100\/100\n|-terastallize|p2a: Slaking|Ghost\n|move|p1a: Antares|Dark Pulse|p2b: Cyclizar\n|-damage|p2b: Cyclizar|5\/100\n|-enditem|p2b: Cyclizar|Sitrus Berry|[eat]\n|-heal|p2b: Cyclizar|29\/100|[from] item: Sitrus Berry\n|move|p1b: Betelgeuse|Moonblast|p2a: Slaking\n|-damage|p2a: Slaking|22\/100\n|move|p2a: Slaking|Shadow Claw|p1b: Betelgeuse\n|-supereffective|p1b: Betelgeuse\n|-damage|p1b: Betelgeuse|0 fnt\n|faint|p1b: Betelgeuse\n|-end|p1b: Betelgeuse|Protosynthesis|[silent]\n|\n|upkeep\n|\n|t:|1699751930\n|switch|p1b: Vega|Iron Hands, L50|100\/100\n|turn|2\n|inactive|GeoGreenBeanz has 30 seconds left.\n|\n|t:|1699751962\n|switch|p2b: Espathra|Espathra, L50, F|100\/100\n|switch|p2a: Slaking|Slaking, L50, M|100\/100\n|move|p1b: Vega|Fake Out|p2b: Espathra\n|-damage|p2b: Espathra|80\/100\n|move|p1a: Antares|Dark Pulse|p2a: Slaking\n|-supereffective|p2a: Slaking\n|-damage|p2a: Slaking|0 fnt\n|replace|p2a: Zoroark|Zoroark-Hisui, L50, F, shiny\n|-end|p2a: Zoroark|Illusion\n|faint|p2a: Zoroark\n|\n|upkeep\n|\n|t:|1699751978\n|switch|p2a: Cyclizar|Cyclizar, L50, F|63\/100\n|turn|3\n|\n|t:|1699751994\n|move|p2b: Espathra|Ally Switch|p2b: Espathra\n|swap|p2b: Espathra|0|[from] move: Ally Switch\n|move|p1a: Antares|Dark Pulse|p2b: Cyclizar\n|-damage|p2b: Cyclizar|0 fnt\n|faint|p2b: Cyclizar\n|move|p1b: Vega|Close Combat|p2a: Espathra\n|-resisted|p2a: Espathra\n|-damage|p2a: Espathra|38\/100\n|-unboost|p1b: Vega|def|1\n|-unboost|p1b: Vega|spd|1\n|\n|-ability|p2a: Espathra|Speed Boost|boost\n|-boost|p2a: Espathra|spe|1\n|upkeep\n|\n|t:|1699752007\n|switch|p2b: Slaking|Slaking, L50, M, tera:Ghost|22\/100\n|turn|4\n|inactive|GeoGreenBeanz has 30 seconds left.\n|\n|t:|1699752036\n|-end|p1b: Vega|Quark Drive|[silent]\n|switch|p1b: Adhara|Landorus-Therian, L50, M|100\/100\n|-ability|p1b: Adhara|Intimidate|boost\n|-unboost|p2a: Espathra|atk|1\n|-fail|p2b: Slaking|unboost|[from] item: Clear Amulet|[of] p2b: Slaking\n|move|p2a: Espathra|Skill Swap|p2b: Slaking\n|-activate|p2a: Espathra|move: Skill Swap|||[of] p2b: Slaking\n|move|p1a: Antares|Dark Pulse|p2b: Slaking\n|-supereffective|p2b: Slaking\n|-damage|p2b: Slaking|0 fnt\n|faint|p2b: Slaking\n|\n|upkeep\n|turn|5\n|-message|GeoGreenBeanz forfeited.\n|\n|win|Ekkogandr\n|raw|Ekkogandr's rating: 1046 &rarr; <strong>1075<\/strong><br \/>(+29 for winning)\n|raw|GeoGreenBeanz's rating: 1000 &rarr; <strong>1000<\/strong><br \/>(+0 for losing)\n|l|\u2606GeoGreenBeanz\n","uploadtime":1699752054,"views":10,"p1id":"ekkogandr","p2id":"geogreenbeanz","formatid":"gen9vgc2023regulatione","rating":1000,"private":0,"password":""}