{"id":"gen9vgc2023regulatione-1998994956","p1":"Defog Conk Enjoyer","p2":"xingshen","format":"[Gen 9] VGC 2023 Regulation E","log":"|j|\u2606Defog Conk Enjoyer\n|j|\u2606xingshen\n|t:|1701021903\n|gametype|doubles\n|player|p1|Defog Conk Enjoyer|supernerd|1128\n|player|p2|xingshen|1|1246\n|teamsize|p1|6\n|teamsize|p2|6\n|gen|9\n|tier|[Gen 9] VGC 2023 Regulation E\n|rated|\n|rule|Species Clause: Limit one of each Pok\u00e9mon\n|rule|Item Clause: Limit one of each item\n|clearpoke\n|poke|p1|Ursaluna-Bloodmoon, L50, M|\n|poke|p1|Sinistcha-Masterpiece, L50|\n|poke|p1|Arcanine-Hisui, L50, M|\n|poke|p1|Farigiraf, L50, M|\n|poke|p1|Iron Hands, L50|\n|poke|p1|Goodra-Hisui, L50, M|\n|poke|p2|Dondozo, L50, M|\n|poke|p2|Flutter Mane, L50|\n|poke|p2|Urshifu-*, L50, M|\n|poke|p2|Amoonguss, L50, F|\n|poke|p2|Tatsugiri, L50, M|\n|poke|p2|Ogerpon-Cornerstone, L50, F|\n|teampreview|4\n|\n|t:|1701021943\n|start\n|switch|p1a: Farigiraf|Farigiraf, L50, M, shiny|100\/100\n|switch|p1b: Ursaluna|Ursaluna-Bloodmoon, L50, M|100\/100\n|switch|p2a: Dondozo|Dondozo, L50, M|100\/100\n|switch|p2b: Urshifu|Urshifu, L50, M|100\/100\n|turn|1\n|\n|t:|1701021961\n|move|p2a: Dondozo|Protect|p2a: Dondozo\n|-singleturn|p2a: Dondozo|Protect\n|move|p1a: Farigiraf|Ally Switch|p1a: Farigiraf\n|swap|p1a: Farigiraf|1|[from] move: Ally Switch\n|move|p2b: Urshifu|Taunt|p1a: Ursaluna\n|-start|p1a: Ursaluna|move: Taunt\n|move|p1a: Ursaluna|Blood Moon|p2b: Urshifu\n|-enditem|p2b: Urshifu|Focus Sash\n|-damage|p2b: Urshifu|1\/100\n|\n|upkeep\n|turn|2\n|\n|t:|1701021992\n|move|p2b: Urshifu|Close Combat|p1a: Ursaluna\n|-supereffective|p1a: Ursaluna\n|-damage|p1a: Ursaluna|0 fnt\n|-unboost|p2b: Urshifu|def|1\n|-unboost|p2b: Urshifu|spd|1\n|faint|p1a: Ursaluna\n|move|p2a: Dondozo|Yawn|p1b: Farigiraf\n|-start|p1b: Farigiraf|move: Yawn|[of] p2a: Dondozo\n|move|p1b: Farigiraf|Trick Room|p1b: Farigiraf\n|-fieldstart|move: Trick Room|[of] p1b: Farigiraf\n|\n|upkeep\n|\n|t:|1701021996\n|switch|p1a: Iron Hands|Iron Hands, L50|100\/100\n|turn|3\n|\n|t:|1701022019\n|switch|p1b: Sinistcha|Sinistcha-Masterpiece, L50, shiny|100\/100\n|switch|p2b: Tatsugiri|Tatsugiri, L50, M|100\/100\n|-activate|p2b: Tatsugiri|ability: Commander|[of] p2a: Dondozo\n|-boost|p2a: Dondozo|atk|2\n|-boost|p2a: Dondozo|spa|2\n|-boost|p2a: Dondozo|spe|2\n|-boost|p2a: Dondozo|def|2\n|-boost|p2a: Dondozo|spd|2\n|move|p1a: Iron Hands|Fake Out|p2b: Tatsugiri|[miss]\n|-miss|p1a: Iron Hands|p2b: Tatsugiri\n|move|p2a: Dondozo|Earthquake|p1a: Iron Hands|[spread] p1a,p1b\n|-miss|p2a: Dondozo|p2b: Tatsugiri\n|-supereffective|p1a: Iron Hands\n|-resisted|p1b: Sinistcha\n|-damage|p1a: Iron Hands|50\/100\n|-damage|p1b: Sinistcha|86\/100\n|\n|upkeep\n|turn|4\n|\n|t:|1701022041\n|-terastallize|p1a: Iron Hands|Grass\n|move|p1a: Iron Hands|Wild Charge|p2a: Dondozo\n|-supereffective|p2a: Dondozo\n|-damage|p2a: Dondozo|69\/100\n|-enditem|p2a: Dondozo|Weakness Policy\n|-boost|p2a: Dondozo|atk|2|[from] item: Weakness Policy\n|-boost|p2a: Dondozo|spa|2|[from] item: Weakness Policy\n|-damage|p1a: Iron Hands|42\/100|[from] Recoil\n|move|p1b: Sinistcha|Matcha Gotcha|p2b: Tatsugiri|[spread] p2a\n|-miss|p1b: Sinistcha|p2b: Tatsugiri\n|-supereffective|p2a: Dondozo\n|-damage|p2a: Dondozo|46\/100\n|-heal|p1b: Sinistcha|100\/100|[from] drain|[of] p2a: Dondozo\n|-status|p2a: Dondozo|brn\n|move|p2a: Dondozo|Earthquake|p1b: Sinistcha|[spread] p1a,p1b\n|-miss|p2a: Dondozo|p2b: Tatsugiri\n|-resisted|p1a: Iron Hands\n|-resisted|p1b: Sinistcha\n|-damage|p1a: Iron Hands|31\/100\n|-damage|p1b: Sinistcha|90\/100\n|\n|-damage|p2a: Dondozo|40\/100 brn|[from] brn\n|upkeep\n|turn|5\n|\n|t:|1701022078\n|move|p1a: Iron Hands|Wild Charge|p2a: Dondozo\n|-supereffective|p2a: Dondozo\n|-damage|p2a: Dondozo|4\/100 brn\n|-damage|p1a: Iron Hands|22\/100|[from] Recoil\n|move|p1b: Sinistcha|Matcha Gotcha|p2b: Tatsugiri|[spread] p2a\n|-miss|p1b: Sinistcha|p2b: Tatsugiri\n|-supereffective|p2a: Dondozo\n|-damage|p2a: Dondozo|0 fnt\n|-heal|p1b: Sinistcha|93\/100|[from] drain|[of] p2a: Dondozo\n|faint|p2a: Dondozo\n|\n|upkeep\n|\n|t:|1701022094\n|switch|p2a: Urshifu|Urshifu, L50, M|1\/100\n|turn|6\n|\n|t:|1701022119\n|switch|p1b: Farigiraf|Farigiraf, L50, M, shiny|100\/100\n|-terastallize|p2b: Tatsugiri|Dragon\n|move|p2a: Urshifu|Sucker Punch||[still]\n|cant|p1b: Farigiraf|ability: Armor Tail|Sucker Punch|[of] p2a: Urshifu\n|move|p1a: Iron Hands|Drain Punch|p2a: Urshifu\n|-supereffective|p2a: Urshifu\n|-damage|p2a: Urshifu|0 fnt\n|-heal|p1a: Iron Hands|23\/100|[from] drain|[of] p2a: Urshifu\n|faint|p2a: Urshifu\n|move|p2b: Tatsugiri|Draco Meteor|p1a: Iron Hands\n|-damage|p1a: Iron Hands|0 fnt\n|-unboost|p2b: Tatsugiri|spa|2\n|faint|p1a: Iron Hands\n|-end|p1a: Iron Hands|Quark Drive|[silent]\n|\n|-fieldend|move: Trick Room\n|upkeep\n|\n|t:|1701022138\n|switch|p2a: Ogerpon|Ogerpon-Cornerstone, L50, F|100\/100\n|switch|p1a: Sinistcha|Sinistcha-Masterpiece, L50, shiny|93\/100\n|turn|7\n|\n|t:|1701022158\n|move|p1a: Sinistcha|Rage Powder|p1a: Sinistcha\n|-singleturn|p1a: Sinistcha|move: Rage Powder\n|move|p2a: Ogerpon|Knock Off|p1b: Farigiraf\n|-supereffective|p1b: Farigiraf\n|-damage|p1b: Farigiraf|13\/100\n|-enditem|p1b: Farigiraf|Mental Herb|[from] move: Knock Off|[of] p2a: Ogerpon\n|move|p2b: Tatsugiri|Draco Meteor|p1a: Sinistcha\n|-damage|p1a: Sinistcha|20\/100\n|-unboost|p2b: Tatsugiri|spa|2\n|move|p1b: Farigiraf|Trick Room|p1b: Farigiraf\n|-fieldstart|move: Trick Room|[of] p1b: Farigiraf\n|\n|upkeep\n|turn|8\n|\n|t:|1701022179\n|move|p2a: Ogerpon|Spiky Shield|p2a: Ogerpon\n|-singleturn|p2a: Ogerpon|move: Protect\n|move|p1b: Farigiraf|Psychic|p2a: Ogerpon\n|-activate|p2a: Ogerpon|move: Protect\n|move|p1a: Sinistcha|Matcha Gotcha|p2a: Ogerpon|[spread] p2b\n|-activate|p2a: Ogerpon|move: Protect\n|-resisted|p2b: Tatsugiri\n|-damage|p2b: Tatsugiri|86\/100\n|-heal|p1a: Sinistcha|26\/100|[from] drain|[of] p2b: Tatsugiri\n|move|p2b: Tatsugiri|Draco Meteor|p1b: Farigiraf|[miss]\n|-miss|p2b: Tatsugiri|p1b: Farigiraf\n|\n|upkeep\n|turn|9\n|l|\u2606Defog Conk Enjoyer\n|player|p1|\n|\n|t:|1701022201\n|move|p1b: Farigiraf|Psychic|p2a: Ogerpon\n|-damage|p2a: Ogerpon|59\/100\n|move|p1a: Sinistcha|Matcha Gotcha|p2b: Tatsugiri|[spread] p2a,p2b\n|-resisted|p2b: Tatsugiri\n|-damage|p2a: Ogerpon|26\/100\n|-heal|p1a: Sinistcha|40\/100|[from] drain|[of] p2a: Ogerpon\n|-damage|p2b: Tatsugiri|71\/100\n|-heal|p1a: Sinistcha|47\/100|[from] drain|[of] p2b: Tatsugiri\n|move|p2b: Tatsugiri|Draco Meteor|p1b: Farigiraf|[miss]\n|-miss|p2b: Tatsugiri|p1b: Farigiraf\n|move|p2a: Ogerpon|Knock Off|p1a: Sinistcha\n|-supereffective|p1a: Sinistcha\n|-damage|p1a: Sinistcha|0 fnt\n|-damage|p2a: Ogerpon|10\/100|[from] item: Rocky Helmet|[of] p1a: Sinistcha\n|-enditem|p1a: Sinistcha|Rocky Helmet|[from] move: Knock Off|[of] p2a: Ogerpon\n|faint|p1a: Sinistcha\n|\n|upkeep\n|turn|10\n|inactive|Battle timer is ON: inactive players will automatically lose when time's up. (requested by xingshen)\n|inactive|Defog Conk Enjoyer has 30 seconds to reconnect!\n|inactive|Defog Conk Enjoyer has 20 seconds to reconnect!\n|inactive|Defog Conk Enjoyer has 15 seconds to reconnect!\n|inactive|Defog Conk Enjoyer has 10 seconds to reconnect!\n|inactive|Defog Conk Enjoyer has 5 seconds to reconnect!\n|-message|Defog Conk Enjoyer lost due to inactivity.\n|\n|win|xingshen\n|raw|Defog Conk Enjoyer's rating: 1128 &rarr; <strong>1111<\/strong><br \/>(-17 for losing)\n|raw|xingshen's rating: 1246 &rarr; <strong>1263<\/strong><br \/>(+17 for winning)\n","uploadtime":1701022332,"views":4,"p1id":"defogconkenjoyer","p2id":"xingshen","formatid":"gen9vgc2023regulatione","rating":1111,"private":0,"password":""}