{"id":"gen9vgc2023regulatione-1996830909","p1":"Bulba9933","p2":"theunwashed","format":"[Gen 9] VGC 2023 Regulation E","log":"|j|\u2606Bulba9933\n|j|\u2606theunwashed\n|t:|1700732273\n|gametype|doubles\n|player|p1|Bulba9933|erika|1141\n|player|p2|theunwashed|265|1092\n|teamsize|p1|6\n|teamsize|p2|6\n|gen|9\n|tier|[Gen 9] VGC 2023 Regulation E\n|rated|\n|rule|Species Clause: Limit one of each Pok\u00e9mon\n|rule|Item Clause: Limit one of each item\n|clearpoke\n|poke|p1|Politoed, L50, F|\n|poke|p1|Gothitelle, L50, F|\n|poke|p1|Flutter Mane, L50|\n|poke|p1|Amoonguss, L50, F|\n|poke|p1|Kingambit, L50, F|\n|poke|p1|Salamence, L50, F|\n|poke|p2|Braviary-Hisui, L50, M|\n|poke|p2|Tornadus, L50, M|\n|poke|p2|Empoleon, L50, F|\n|poke|p2|Skeledirge, L50, F|\n|poke|p2|Shiftry, L50, F|\n|poke|p2|Clefable, L50, M|\n|teampreview|4\n|inactive|Battle timer is ON: inactive players will automatically lose when time's up. (requested by Bulba9933)\n|\n|t:|1700732309\n|start\n|switch|p1a: Flutter Mane|Flutter Mane, L50, shiny|100\/100\n|switch|p1b: Kingambit|Kingambit, L50, F, shiny|100\/100\n|switch|p2a: Tornadus|Tornadus, L50, M|100\/100\n|switch|p2b: Shiftry|Shiftry, L50, F|100\/100\n|turn|1\n|\n|t:|1700732326\n|switch|p1b: Gothitelle|Gothitelle, L50, F, shiny|100\/100\n|move|p2a: Tornadus|Tailwind|p2a: Tornadus\n|-sidestart|p2: theunwashed|move: Tailwind\n|-ability|p2b: Shiftry|Wind Rider|boost\n|-boost|p2b: Shiftry|atk|1\n|move|p2b: Shiftry|Knock Off|p1a: Flutter Mane\n|-enditem|p1a: Flutter Mane|Focus Sash\n|-damage|p1a: Flutter Mane|1\/100\n|move|p1a: Flutter Mane|Perish Song|p1a: Flutter Mane\n|-start|p1a: Flutter Mane|perish3|[silent]\n|-start|p1b: Gothitelle|perish3|[silent]\n|-start|p2a: Tornadus|perish3|[silent]\n|-start|p2b: Shiftry|perish3|[silent]\n|-fieldactivate|move: Perish Song\n|\n|-start|p2a: Tornadus|perish3\n|-start|p2b: Shiftry|perish3\n|-start|p1a: Flutter Mane|perish3\n|-start|p1b: Gothitelle|perish3\n|upkeep\n|turn|2\n|\n|t:|1700732355\n|-end|p1a: Flutter Mane|Protosynthesis|[silent]\n|switch|p1a: Amoonguss|Amoonguss, L50, F, shiny|100\/100\n|move|p1b: Gothitelle|Fake Out|p2b: Shiftry\n|-damage|p2b: Shiftry|93\/100\n|move|p2a: Tornadus|Rain Dance|p2a: Tornadus\n|-weather|RainDance\n|cant|p2b: Shiftry|flinch\n|\n|-weather|RainDance|[upkeep]\n|-start|p2a: Tornadus|perish2\n|-start|p2b: Shiftry|perish2\n|-start|p1b: Gothitelle|perish2\n|upkeep\n|turn|3\n|\n|t:|1700732376\n|move|p1a: Amoonguss|Rage Powder|p1a: Amoonguss\n|-singleturn|p1a: Amoonguss|move: Rage Powder\n|move|p2a: Tornadus|Taunt|p1a: Amoonguss\n|-start|p1a: Amoonguss|move: Taunt\n|-enditem|p1a: Amoonguss|Mental Herb\n|-end|p1a: Amoonguss|move: Taunt\n|move|p2b: Shiftry|Knock Off|p1b: Gothitelle\n|-supereffective|p1b: Gothitelle\n|-damage|p1b: Gothitelle|0 fnt\n|-enditem|p1b: Gothitelle|Sitrus Berry|[from] move: Knock Off|[of] p2b: Shiftry\n|faint|p1b: Gothitelle\n|\n|-weather|RainDance|[upkeep]\n|-start|p2a: Tornadus|perish1\n|-start|p2b: Shiftry|perish1\n|upkeep\n|\n|t:|1700732389\n|switch|p1b: Kingambit|Kingambit, L50, F, shiny|100\/100\n|turn|4\n|\n|t:|1700732403\n|switch|p2a: Empoleon|Empoleon, L50, F|100\/100\n|switch|p2b: Braviary|Braviary-Hisui, L50, M|100\/100\n|move|p1b: Kingambit|Swords Dance|p1b: Kingambit\n|-boost|p1b: Kingambit|atk|2\n|move|p1a: Amoonguss|Spore|p2a: Empoleon\n|-status|p2a: Empoleon|slp|[from] move: Spore\n|\n|-weather|RainDance|[upkeep]\n|-sideend|p2: theunwashed|move: Tailwind\n|upkeep\n|turn|5\n|inactive|theunwashed has 30 seconds left.\n|inactive|theunwashed has 20 seconds left.\n|\n|t:|1700732440\n|cant|p2a: Empoleon|slp\n|move|p2b: Braviary|Hurricane|p1a: Amoonguss\n|-supereffective|p1a: Amoonguss\n|-damage|p1a: Amoonguss|0 fnt\n|faint|p1a: Amoonguss\n|move|p1b: Kingambit|Swords Dance|p1b: Kingambit\n|-boost|p1b: Kingambit|atk|2\n|\n|-weather|RainDance|[upkeep]\n|upkeep\n|\n|t:|1700732449\n|switch|p1a: Flutter Mane|Flutter Mane, L50, shiny|1\/100\n|turn|6\n|inactive|theunwashed has 30 seconds left.\n|\n|t:|1700732476\n|switch|p2b: Tornadus|Tornadus, L50, M|100\/100\n|move|p1a: Flutter Mane|Protect|p1a: Flutter Mane\n|-singleturn|p1a: Flutter Mane|Protect\n|cant|p2a: Empoleon|slp\n|move|p1b: Kingambit|Kowtow Cleave|p2a: Empoleon\n|-damage|p2a: Empoleon|0 fnt\n|faint|p2a: Empoleon\n|\n|-weather|none\n|upkeep\n|\n|t:|1700732491\n|switch|p2a: Braviary|Braviary-Hisui, L50, M|100\/100\n|turn|7\n|\n|t:|1700732511\n|move|p2b: Tornadus|Tailwind|p2b: Tornadus\n|-sidestart|p2: theunwashed|move: Tailwind\n|move|p1b: Kingambit|Sucker Punch|p2a: Braviary\n|-supereffective|p2a: Braviary\n|-damage|p2a: Braviary|0 fnt\n|faint|p2a: Braviary\n|move|p1a: Flutter Mane|Shadow Ball|p2b: Tornadus\n|-damage|p2b: Tornadus|55\/100\n|\n|upkeep\n|\n|t:|1700732519\n|switch|p2a: Shiftry|Shiftry, L50, F|93\/100\n|-ability|p2a: Shiftry|Wind Rider|boost\n|-boost|p2a: Shiftry|atk|1\n|turn|8\n|\n|t:|1700732532\n|move|p1a: Flutter Mane|Protect|p1a: Flutter Mane\n|-singleturn|p1a: Flutter Mane|Protect\n|move|p1b: Kingambit|Sucker Punch||[still]\n|-fail|p1b: Kingambit\n|move|p2b: Tornadus|Bleakwind Storm|p1b: Kingambit|[spread] p1b\n|-activate|p1a: Flutter Mane|move: Protect\n|-resisted|p1b: Kingambit\n|-damage|p1b: Kingambit|85\/100\n|move|p2a: Shiftry|Will-O-Wisp|p1b: Kingambit\n|-status|p1b: Kingambit|brn\n|\n|-damage|p1b: Kingambit|79\/100 brn|[from] brn\n|upkeep\n|turn|9\n|\n|t:|1700732547\n|move|p2b: Tornadus|Bleakwind Storm|p1b: Kingambit|[spread] p1a\n|-miss|p2b: Tornadus|p1b: Kingambit\n|-damage|p1a: Flutter Mane|0 fnt\n|faint|p1a: Flutter Mane\n|-end|p1a: Flutter Mane|Protosynthesis|[silent]\n|move|p2a: Shiftry|Will-O-Wisp|p1b: Kingambit\n|-fail|p1b: Kingambit|brn\n|move|p1b: Kingambit|Kowtow Cleave|p2b: Tornadus\n|-damage|p2b: Tornadus|0 fnt\n|faint|p2b: Tornadus\n|\n|-damage|p1b: Kingambit|73\/100 brn|[from] brn\n|upkeep\n|turn|10\n|-message|theunwashed forfeited.\n|\n|win|Bulba9933\n|raw|Bulba9933's rating: 1141 &rarr; <strong>1162<\/strong><br \/>(+21 for winning)\n|raw|theunwashed's rating: 1092 &rarr; <strong>1072<\/strong><br \/>(-20 for losing)\n|l|\u2606theunwashed\n","uploadtime":1700732564,"views":9,"p1id":"bulba9933","p2id":"theunwashed","formatid":"gen9vgc2023regulatione","rating":1072,"private":0,"password":""}