{"id":"gen9vgc2023regulatione-2000242438","p1":"clovehitch","p2":"Shredted08","format":"[Gen 9] VGC 2023 Regulation E","log":"|j|\u2606clovehitch\n|j|\u2606Shredted08\n|n|\u2606clovehitch|clovehitch\n|n|\u2606Shredted08|shredted08\n|html|View the match progress at <a href=\"\/game-bestof3-gen9vgc2023regulatione-2000241131\">game-bestof3-gen9vgc2023regulatione-2000241131<\/a>\n|t:|1701176638\n|gametype|doubles\n|player|p1|clovehitch|iris-gen5bw2|\n|player|p2|Shredted08|101|\n|teamsize|p1|6\n|teamsize|p2|6\n|gen|9\n|tier|[Gen 9] VGC 2023 Regulation E\n|rated|Tournament battle\n|rule|Species Clause: Limit one of each Pok\u00e9mon\n|rule|Item Clause: Limit one of each item\n|clearpoke\n|poke|p1|Indeedee-F, L50, F|\n|poke|p1|Armarouge, L50, F|\n|poke|p1|Torkoal, L50, F|\n|poke|p1|Iron Hands, L50|\n|poke|p1|Gallade, L50, M|\n|poke|p1|Ogerpon-Cornerstone, L50, F|\n|poke|p2|Indeedee-F, L50, F|\n|poke|p2|Armarouge, L50, F|\n|poke|p2|Ursaluna-Bloodmoon, L50, M|\n|poke|p2|Urshifu-*, L50, M|\n|poke|p2|Flutter Mane, L50|\n|poke|p2|Tornadus, L50, M|\n|teampreview|4\n|showteam|p1|Indeedee-F||PsychicSeed|PsychicSurge|DazzlingGleam,HelpingHand,FollowMe,TrickRoom|||F|||50|,,,,,Fire]Armarouge||LifeOrb|FlashFire|ExpandingForce,ArmorCannon,TrickRoom,Protect|||F|||50|,,,,,Grass]Torkoal||Charcoal|Drought|Eruption,EarthPower,Yawn,Protect|||F|||50|,,,,,Fire]Iron Hands||BoosterEnergy|QuarkDrive|FakeOut,CloseCombat,WildCharge,IcePunch||||||50|,,,,,Grass]Gallade||ClearAmulet|Sharpness|SacredSword,PsychoCut,TrickRoom,Protect|||M|||50|,,,,,Fire]Ogerpon-Cornerstone||CornerstoneMask|Sturdy|WoodHammer,IvyCudgel,FollowMe,SpikyShield|||F|||50|,,,,,Rock\n|showteam|p2|Indeedee-F||SafetyGoggles|PsychicSurge|DazzlingGleam,HelpingHand,TrickRoom,FollowMe|||F|||50|,,,,,Fairy]Armarouge||LifeOrb|FlashFire|ArmorCannon,ExpandingForce,TrickRoom,Protect|||F|||50|,,,,,Psychic]Ursaluna-Bloodmoon||ThroatSpray|MindsEye|EarthPower,HyperVoice,BloodMoon,Protect|||M|||50|,,,,,Poison]Urshifu-Rapid-Strike||MysticWater|UnseenFist|SurgingStrikes,CloseCombat,SwordsDance,Protect|||M|||50|,,,,,Poison]Flutter Mane||ChoiceSpecs|Protosynthesis|ShadowBall,DazzlingGleam,Moonblast,TrickRoom||||||50|,,,,,Fairy]Tornadus||RockyHelmet|Prankster|BleakwindStorm,SunnyDay,Tailwind,Protect|||M|||50|,,,,,Flying\n|inactive|Battle timer is ON: inactive players will automatically lose when time's up. (requested by Shredted08)\n|\n|t:|1701176664\n|start\n|switch|p1a: Iron Hands|Iron Hands, L50|100\/100\n|switch|p1b: Armarouge|Armarouge, L50, F|100\/100\n|switch|p2a: Flutter Mane|Flutter Mane, L50|100\/100\n|switch|p2b: Indeedee|Indeedee-F, L50, F|100\/100\n|-fieldstart|move: Psychic Terrain|[from] ability: Psychic Surge|[of] p2b: Indeedee\n|-enditem|p1a: Iron Hands|Booster Energy\n|-activate|p1a: Iron Hands|ability: Quark Drive|[fromitem]\n|-start|p1a: Iron Hands|quarkdriveatk\n|turn|1\n|\n|t:|1701176685\n|-terastallize|p1a: Iron Hands|Grass\n|move|p2a: Flutter Mane|Moonblast|p1a: Iron Hands\n|-damage|p1a: Iron Hands|47\/100\n|-unboost|p1a: Iron Hands|spa|1\n|move|p1b: Armarouge|Expanding Force|p2a: Flutter Mane|[spread] p2a,p2b\n|-resisted|p2b: Indeedee\n|-damage|p2a: Flutter Mane|33\/100\n|-damage|p2b: Indeedee|69\/100\n|-damage|p1b: Armarouge|91\/100|[from] item: Life Orb\n|move|p1a: Iron Hands|Wild Charge|p2a: Flutter Mane\n|-damage|p2a: Flutter Mane|0 fnt\n|faint|p2a: Flutter Mane\n|-end|p2a: Flutter Mane|Protosynthesis|[silent]\n|-damage|p1a: Iron Hands|41\/100|[from] Recoil\n|move|p2b: Indeedee|Trick Room|p2b: Indeedee\n|-fieldstart|move: Trick Room|[of] p2b: Indeedee\n|\n|upkeep\n|\n|t:|1701176703\n|switch|p2a: Armarouge|Armarouge, L50, F|100\/100\n|turn|2\n|\n|t:|1701176712\n|move|p2b: Indeedee|Helping Hand|p2a: Armarouge\n|-singleturn|p2a: Armarouge|Helping Hand|[of] p2b: Indeedee\n|move|p1a: Iron Hands|Wild Charge|p2a: Armarouge\n|-damage|p2a: Armarouge|29\/100\n|-damage|p1a: Iron Hands|26\/100|[from] Recoil\n|move|p1b: Armarouge|Expanding Force|p2a: Armarouge|[spread] p2a,p2b\n|-resisted|p2a: Armarouge\n|-resisted|p2b: Indeedee\n|-damage|p2a: Armarouge|0 fnt\n|-damage|p2b: Indeedee|40\/100\n|faint|p2a: Armarouge\n|-damage|p1b: Armarouge|81\/100|[from] item: Life Orb\n|\n|upkeep\n|\n|t:|1701176728\n|switch|p2a: Ursaluna|Ursaluna-Bloodmoon, L50, M|100\/100\n|turn|3\n|\n|t:|1701176752\n|switch|p1b: Torkoal|Torkoal, L50, F|100\/100\n|-weather|SunnyDay|[from] ability: Drought|[of] p1b: Torkoal\n|move|p2b: Indeedee|Helping Hand|p2a: Ursaluna\n|-singleturn|p2a: Ursaluna|Helping Hand|[of] p2b: Indeedee\n|move|p1a: Iron Hands|Wild Charge|p2a: Ursaluna\n|-immune|p2a: Ursaluna\n|move|p2a: Ursaluna|Hyper Voice|p1a: Iron Hands|[spread] p1a,p1b\n|-damage|p1a: Iron Hands|0 fnt\n|-damage|p1b: Torkoal|26\/100\n|faint|p1a: Iron Hands\n|-end|p1a: Iron Hands|Quark Drive|[silent]\n|-enditem|p2a: Ursaluna|Throat Spray\n|-boost|p2a: Ursaluna|spa|1|[from] item: Throat Spray\n|\n|-weather|SunnyDay|[upkeep]\n|upkeep\n|\n|t:|1701176762\n|switch|p1a: Celuredge|Gallade, L50, M|100\/100\n|turn|4\n|\n|t:|1701176775\n|move|p1a: Celuredge|Protect|p1a: Celuredge\n|-singleturn|p1a: Celuredge|Protect\n|move|p2b: Indeedee|Follow Me|p2b: Indeedee\n|-singleturn|p2b: Indeedee|move: Follow Me\n|move|p1b: Torkoal|Yawn|p2b: Indeedee\n|-start|p2b: Indeedee|move: Yawn|[of] p1b: Torkoal\n|move|p2a: Ursaluna|Hyper Voice|p1a: Celuredge|[spread] p1b\n|-activate|p1a: Celuredge|move: Protect\n|-damage|p1b: Torkoal|0 fnt\n|faint|p1b: Torkoal\n|\n|-weather|SunnyDay|[upkeep]\n|upkeep\n|\n|t:|1701176778\n|switch|p1b: Armarouge|Armarouge, L50, F|81\/100\n|turn|5\n|\n|t:|1701176786\n|move|p2b: Indeedee|Helping Hand|p2a: Ursaluna\n|-singleturn|p2a: Ursaluna|Helping Hand|[of] p2b: Indeedee\n|move|p1b: Armarouge|Protect|p1b: Armarouge\n|-singleturn|p1b: Armarouge|Protect\n|move|p1a: Celuredge|Protect|p1a: Celuredge\n|-singleturn|p1a: Celuredge|Protect\n|move|p2a: Ursaluna|Hyper Voice|p1b: Armarouge|[spread] \n|-activate|p1a: Celuredge|move: Protect\n|-activate|p1b: Armarouge|move: Protect\n|\n|-weather|SunnyDay|[upkeep]\n|-end|p2b: Indeedee|move: Yawn|[silent]\n|-status|p2b: Indeedee|slp\n|-fieldend|move: Trick Room\n|-fieldend|move: Psychic Terrain\n|upkeep\n|turn|6\n|\n|t:|1701176813\n|move|p2a: Ursaluna|Protect|p2a: Ursaluna\n|-singleturn|p2a: Ursaluna|Protect\n|move|p1a: Celuredge|Sacred Sword|p2b: Indeedee\n|-damage|p2b: Indeedee|0 fnt\n|faint|p2b: Indeedee\n|move|p1b: Armarouge|Armor Cannon|p2a: Ursaluna\n|-activate|p2a: Ursaluna|move: Protect\n|\n|-weather|SunnyDay|[upkeep]\n|upkeep\n|turn|7\n|\n|t:|1701176821\n|-terastallize|p2a: Ursaluna|Poison\n|move|p1a: Celuredge|Sacred Sword|p2a: Ursaluna\n|-resisted|p2a: Ursaluna\n|-damage|p2a: Ursaluna|76\/100\n|move|p1b: Armarouge|Armor Cannon|p2a: Ursaluna\n|-damage|p2a: Ursaluna|0 fnt\n|-unboost|p1b: Armarouge|def|1\n|-unboost|p1b: Armarouge|spd|1\n|faint|p2a: Ursaluna\n|-damage|p1b: Armarouge|72\/100|[from] item: Life Orb\n|\n|win|clovehitch\n|c|\u2606clovehitch|gg\n|inactive|clovehitch has 50 seconds to confirm battle start!\n|inactive|Shredted08 has 50 seconds to confirm battle start!\n","uploadtime":1701176833,"views":2,"p1id":"clovehitch","p2id":"shredted08","formatid":"gen9vgc2023regulatione","rating":0,"private":0,"password":""}