{"id":"gen9vgc2023regulatione-1999090252","p1":"Pard Mafia","p2":"RUBEN GUARDA QUA","format":"[Gen 9] VGC 2023 Regulation E","log":"|j|\u2606Pard Mafia\n|j|\u2606RUBEN GUARDA QUA\n|n|\u2606Pard Mafia|pardmafia\n|n|\u2606RUBEN GUARDA QUA|rubenguardaqua\n|html|View the match progress at <a href=\"\/game-bestof3-gen9vgc2023regulatione-1999086586\">game-bestof3-gen9vgc2023regulatione-1999086586<\/a>\n|t:|1701032087\n|gametype|doubles\n|player|p1|Pard Mafia|petrel|\n|player|p2|RUBEN GUARDA QUA|lucas|\n|teamsize|p1|6\n|teamsize|p2|6\n|gen|9\n|tier|[Gen 9] VGC 2023 Regulation E\n|rule|Species Clause: Limit one of each Pok\u00e9mon\n|rule|Item Clause: Limit one of each item\n|clearpoke\n|poke|p1|Flutter Mane, L50|\n|poke|p1|Tornadus, L50, M|\n|poke|p1|Regieleki, L50|\n|poke|p1|Chi-Yu, L50|\n|poke|p1|Ogerpon-Wellspring, L50, F|\n|poke|p1|Indeedee-F, L50, F|\n|poke|p2|Tornadus, L50, M|\n|poke|p2|Gholdengo, L50|\n|poke|p2|Amoonguss, L50, F|\n|poke|p2|Arcanine-Hisui, L50, F|\n|poke|p2|Urshifu-*, L50, F|\n|poke|p2|Iron Hands, L50|\n|teampreview|4\nPard Mafia has agreed to open team sheets.\n|j| HH mEMA\n|c|\u2606Pard Mafia|Chuggle accetta\nRUBEN GUARDA QUA has agreed to open team sheets.\n|showteam|p1|Flutter Mane||FocusSash|Protosynthesis|DazzlingGleam,Moonblast,ShadowBall,Protect||||||50|,,,,,Fairy]Tornadus||SafetyGoggles|Prankster|BleakwindStorm,Tailwind,RainDance,Protect|||M|||50|,,,,,Dark]Regieleki||Magnet|Transistor|Thunderbolt,Electroweb,TeraBlast,Protect||||||50|,,,,,Ice]Chi-Yu||LifeOrb|BeadsofRuin|HeatWave,Overheat,Snarl,Protect||||||50|,,,,,Fire]Ogerpon-Wellspring||WellspringMask|WaterAbsorb|IvyCudgel,HornLeech,SwordsDance,SpikyShield|||F|||50|,,,,,Water]Indeedee-F||PsychicSeed|PsychicSurge|Psychic,FollowMe,HelpingHand,Protect|||F|||50|,,,,,Dragon\n|showteam|p2|Tornadus||RockyHelmet|Prankster|BleakwindStorm,Tailwind,RainDance,Protect|||M|||50|,,,,,Steel]Gholdengo||Leftovers|GoodasGold|MakeItRain,ShadowBall,NastyPlot,Protect||||||50|,,,,,Dragon]Amoonguss||SitrusBerry|Regenerator|RagePowder,Spore,PollenPuff,Protect|||F|||50|,,,,,Fire]Arcanine-Hisui||ChoiceBand|Intimidate|FlareBlitz,RockSlide,ExtremeSpeed,TeraBlast|||F|||50|,,,,,Fairy]Urshifu-Rapid-Strike||MysticWater|UnseenFist|SurgingStrikes,CloseCombat,AquaJet,Protect|||F|||50|,,,,,Water]Iron Hands||AssaultVest|QuarkDrive|WildCharge,DrainPunch,VoltSwitch,FakeOut||||||50|,,,,,Water\n|c|\u2606RUBEN GUARDA QUA|CALMATI\n|\n|t:|1701032189\n|start\n|switch|p1a: Bad|Tornadus, L50, M|100\/100\n|switch|p1b: Thriller|Regieleki, L50|100\/100\n|switch|p2a: Danetty|Amoonguss, L50, F|100\/100\n|switch|p2b: Mava|Iron Hands, L50|100\/100\n|turn|1\n|j| Pennainglese12\n|\n|t:|1701032223\n|move|p1b: Thriller|Protect|p1b: Thriller\n|-singleturn|p1b: Thriller|Protect\n|move|p2a: Danetty|Protect|p2a: Danetty\n|-singleturn|p2a: Danetty|Protect\n|move|p1a: Bad|Bleakwind Storm|p2a: Danetty|[spread] p2b\n|-activate|p2a: Danetty|move: Protect\n|-damage|p2b: Mava|84\/100\n|-unboost|p2b: Mava|spe|1\n|move|p2b: Mava|Volt Switch|p1a: Bad\n|-supereffective|p1a: Bad\n|-damage|p1a: Bad|70\/100\n|\n|t:|1701032239\n|-end|p2b: Mava|Quark Drive|[silent]\n|switch|p2b: Brezza man|Arcanine-Hisui, L50, F|100\/100|[from] Volt Switch\n|-ability|p2b: Brezza man|Intimidate|boost\n|-unboost|p1a: Bad|atk|1\n|-unboost|p1b: Thriller|atk|1\n|\n|upkeep\n|turn|2\n|\n|t:|1701032258\n|switch|p2a: Mava|Iron Hands, L50|84\/100\n|move|p1a: Bad|Protect|p1a: Bad\n|-singleturn|p1a: Bad|Protect\n|move|p1b: Thriller|Electroweb|p2a: Mava|[spread] p2a,p2b\n|-resisted|p2a: Mava\n|-damage|p2a: Mava|77\/100\n|-damage|p2b: Brezza man|72\/100\n|-unboost|p2a: Mava|spe|1\n|-unboost|p2b: Brezza man|spe|1\n|move|p2b: Brezza man|Rock Slide|p1a: Bad|[spread] \n|-activate|p1a: Bad|move: Protect\n|-miss|p2b: Brezza man|p1b: Thriller\n|\n|upkeep\n|turn|3\n|\n|t:|1701032295\n|switch|p1a: Baby Be Mine|Indeedee-F, L50, F|100\/100\n|-fieldstart|move: Psychic Terrain|[from] ability: Psychic Surge|[of] p1a: Baby Be Mine\n|-enditem|p1a: Baby Be Mine|Psychic Seed\n|-boost|p1a: Baby Be Mine|spd|1|[from] item: Psychic Seed\n|move|p1b: Thriller|Thunderbolt|p2b: Brezza man\n|-damage|p2b: Brezza man|9\/100\n|move|p2b: Brezza man|Rock Slide|p1b: Thriller|[spread] p1b\n|-miss|p2b: Brezza man|p1a: Baby Be Mine\n|-damage|p1b: Thriller|34\/100\n|move|p2a: Mava|Drain Punch|p1b: Thriller\n|-damage|p1b: Thriller|0 fnt\n|-heal|p2a: Mava|90\/100|[from] drain|[of] p1b: Thriller\n|faint|p1b: Thriller\n|\n|upkeep\n|\n|t:|1701032302\n|switch|p1b: Blue Gangsta|Ogerpon-Wellspring, L50, F|100\/100\n|turn|4\n|\n|t:|1701032346\n|switch|p2b: Pokemon bilanciato|Tornadus, L50, M|100\/100\n|move|p1b: Blue Gangsta|Swords Dance|p1b: Blue Gangsta\n|-boost|p1b: Blue Gangsta|atk|2\n|move|p1a: Baby Be Mine|Psychic|p2b: Pokemon bilanciato\n|-damage|p2b: Pokemon bilanciato|57\/100\n|move|p2a: Mava|Volt Switch|p1b: Blue Gangsta\n|-damage|p1b: Blue Gangsta|86\/100\n|\n|t:|1701032356\n|-end|p2a: Mava|Quark Drive|[silent]\n|switch|p2a: Brezza man|Arcanine-Hisui, L50, F|9\/100|[from] Volt Switch\n|-ability|p2a: Brezza man|Intimidate|boost\n|-unboost|p1a: Baby Be Mine|atk|1\n|-unboost|p1b: Blue Gangsta|atk|1\n|\n|upkeep\n|turn|5\n|\n|t:|1701032388\n|-terastallize|p1a: Baby Be Mine|Dragon\n|move|p2b: Pokemon bilanciato|Protect|p2b: Pokemon bilanciato\n|-singleturn|p2b: Pokemon bilanciato|Protect\n|move|p1b: Blue Gangsta|Ivy Cudgel|p2b: Pokemon bilanciato|[anim] Ivy Cudgel Water\n|-activate|p2b: Pokemon bilanciato|move: Protect\n|move|p2a: Brezza man|Flare Blitz|p1a: Baby Be Mine\n|-resisted|p1a: Baby Be Mine\n|-damage|p1a: Baby Be Mine|61\/100\n|-damage|p2a: Brezza man|0 fnt|[from] Recoil\n|faint|p2a: Brezza man\n|move|p1a: Baby Be Mine|Psychic|p2b: Pokemon bilanciato\n|-activate|p2b: Pokemon bilanciato|move: Protect\n|\n|upkeep\n|l| Pennainglese12\n|\n|t:|1701032414\n|switch|p2a: Mava|Iron Hands, L50|90\/100\n|turn|6\n|\n|t:|1701032430\n|move|p1b: Blue Gangsta|Ivy Cudgel|p2b: Pokemon bilanciato|[anim] Ivy Cudgel Water\n|-damage|p2b: Pokemon bilanciato|0 fnt\n|faint|p2b: Pokemon bilanciato\n|move|p1a: Baby Be Mine|Psychic|p2a: Mava\n|-supereffective|p2a: Mava\n|-damage|p2a: Mava|46\/100\n|move|p2a: Mava|Wild Charge|p1b: Blue Gangsta\n|-damage|p1b: Blue Gangsta|25\/100\n|-damage|p2a: Mava|35\/100|[from] Recoil\n|\n|upkeep\n|\n|t:|1701032434\n|switch|p2b: Danetty|Amoonguss, L50, F|100\/100\n|turn|7\n|\n|t:|1701032460\n|-terastallize|p2a: Mava|Water\n|move|p1a: Baby Be Mine|Helping Hand|p1b: Blue Gangsta\n|-singleturn|p1b: Blue Gangsta|Helping Hand|[of] p1a: Baby Be Mine\n|move|p1b: Blue Gangsta|Horn Leech|p2a: Mava\n|-supereffective|p2a: Mava\n|-damage|p2a: Mava|0 fnt\n|-heal|p1b: Blue Gangsta|49\/100|[from] drain|[of] p2a: Mava\n|faint|p2a: Mava\n|-end|p2a: Mava|Quark Drive|[silent]\n|move|p2b: Danetty|Spore|p1a: Baby Be Mine\n|-status|p1a: Baby Be Mine|slp|[from] move: Spore\n|\n|-fieldend|move: Psychic Terrain\n|upkeep\n|turn|8\n|-message|RUBEN GUARDA QUA forfeited.\n|\n|win|Pard Mafia\n|c|&|\/uhtml prompt-rubenguardaqua,RUBEN GUARDA QUA is ready for game 3!\n|c|&|\/uhtml prompt-pardmafia,Pard Mafia is ready for game 3!\nBoth players are ready! Starting next match!\n|l|\u2606RUBEN GUARDA QUA\n","uploadtime":1701033061,"views":2,"p1id":"pardmafia","p2id":"rubenguardaqua","formatid":"gen9vgc2023regulatione","rating":0,"private":0,"password":""}