{"id":"gen9vgc2023regulatione-1998466381","p1":"nootellamaster","p2":"JohanDK","format":"[Gen 9] VGC 2023 Regulation E","log":"|j|\u2606nootellamaster\n|j|\u2606JohanDK\n|t:|1700945484\n|gametype|doubles\n|player|p1|nootellamaster|ethan|1497\n|player|p2|JohanDK|nate|1550\n|teamsize|p1|6\n|teamsize|p2|6\n|gen|9\n|tier|[Gen 9] VGC 2023 Regulation E\n|rated|\n|rule|Species Clause: Limit one of each Pok\u00e9mon\n|rule|Item Clause: Limit one of each item\n|clearpoke\n|poke|p1|Rillaboom, L50, F|\n|poke|p1|Zoroark-Hisui, L50, M|\n|poke|p1|Sneasler, L50, M|\n|poke|p1|Flutter Mane, L50|\n|poke|p1|Chi-Yu, L50|\n|poke|p1|Kingambit, L50, M|\n|poke|p2|Grimmsnarl, L50, M|\n|poke|p2|Goodra-Hisui, L50, M|\n|poke|p2|Moltres-Galar, L50|\n|poke|p2|Landorus-Therian, L50, M|\n|poke|p2|Sinistcha-Masterpiece, L50|\n|poke|p2|Ting-Lu, L50|\n|teampreview|4\n|\n|t:|1700945513\n|start\n|switch|p1a: Flutter Mane|Flutter Mane, L50, shiny|100\/100\n|switch|p1b: Chi-Yu|Chi-Yu, L50|100\/100\n|switch|p2a: Tepey\u00f3llotl|Landorus-Therian, L50, M|100\/100\n|switch|p2b: Krampus|Grimmsnarl, L50, M, shiny|100\/100\n|-ability|p2a: Tepey\u00f3llotl|Intimidate|boost\n|-unboost|p1a: Flutter Mane|atk|1\n|-unboost|p1b: Chi-Yu|atk|1\n|-ability|p1b: Chi-Yu|Beads of Ruin\n|turn|1\n|\n|t:|1700945529\n|move|p1b: Chi-Yu|Protect|p1b: Chi-Yu\n|-singleturn|p1b: Chi-Yu|Protect\n|move|p2b: Krampus|Light Screen|p2b: Krampus\n|-sidestart|p2: JohanDK|move: Light Screen\n|move|p2a: Tepey\u00f3llotl|Stomping Tantrum|p1b: Chi-Yu\n|-activate|p1b: Chi-Yu|move: Protect\n|move|p1a: Flutter Mane|Will-O-Wisp|p2a: Tepey\u00f3llotl\n|-status|p2a: Tepey\u00f3llotl|brn\n|\n|-damage|p2a: Tepey\u00f3llotl|94\/100 brn|[from] brn\n|upkeep\n|turn|2\n|\n|t:|1700945563\n|-terastallize|p1b: Chi-Yu|Ghost\n|move|p2b: Krampus|Parting Shot|p1a: Flutter Mane\n|-unboost|p1a: Flutter Mane|atk|1\n|-unboost|p1a: Flutter Mane|spa|1\n|\n|t:|1700945569\n|switch|p2b: Molcajete|Ting-Lu, L50|100\/100|[from] Parting Shot\n|-ability|p2b: Molcajete|Vessel of Ruin\n|move|p2a: Tepey\u00f3llotl|Stomping Tantrum|p1b: Chi-Yu\n|-damage|p1b: Chi-Yu|70\/100\n|move|p1a: Flutter Mane|Bitter Malice|p2a: Tepey\u00f3llotl\n|-damage|p2a: Tepey\u00f3llotl|75\/100 brn\n|-unboost|p2a: Tepey\u00f3llotl|atk|1\n|move|p1b: Chi-Yu|Heat Wave|p2b: Molcajete|[spread] p2a,p2b\n|-damage|p2a: Tepey\u00f3llotl|41\/100 brn\n|-damage|p2b: Molcajete|84\/100\n|-damage|p1b: Chi-Yu|60\/100|[from] item: Life Orb\n|\n|-damage|p2a: Tepey\u00f3llotl|35\/100 brn|[from] brn\n|upkeep\n|turn|3\n|\n|t:|1700945605\n|switch|p2b: Chai|Sinistcha-Masterpiece, L50|100\/100\n|-heal|p2a: Tepey\u00f3llotl|60\/100 brn|[from] ability: Hospitality|[of] p2b: Chai\n|move|p1b: Chi-Yu|Protect|p1b: Chi-Yu\n|-singleturn|p1b: Chi-Yu|Protect\n|move|p2a: Tepey\u00f3llotl|Stomping Tantrum|p1a: Flutter Mane\n|-damage|p1a: Flutter Mane|75\/100\n|replace|p1a: Zoroark|Zoroark-Hisui, L50, M, shiny\n|-end|p1a: Zoroark|Illusion\n|move|p1a: Zoroark|Will-O-Wisp|p2b: Chai\n|-status|p2b: Chai|brn\n|\n|-damage|p2a: Tepey\u00f3llotl|54\/100 brn|[from] brn\n|-damage|p2b: Chai|94\/100 brn|[from] brn\n|upkeep\n|turn|4\n|\n|t:|1700945629\n|switch|p2a: Molcajete|Ting-Lu, L50|84\/100\n|-ability|p2a: Molcajete|Vessel of Ruin\n|switch|p1b: Sneasler|Sneasler, L50, M, shiny|100\/100\n|-terastallize|p2b: Chai|Water\n|move|p1a: Zoroark|Bitter Malice|p2b: Chai\n|-damage|p2b: Chai|79\/100 brn\n|-unboost|p2b: Chai|atk|1\n|move|p2b: Chai|Matcha Gotcha|p1a: Zoroark|[spread] p1a,p1b\n|-resisted|p1b: Sneasler\n|-crit|p1b: Sneasler\n|-damage|p1a: Zoroark|36\/100\n|-heal|p2b: Chai|94\/100 brn|[from] drain|[of] p1a: Zoroark\n|-damage|p1b: Sneasler|84\/100\n|-heal|p2b: Chai|100\/100 brn|[from] drain|[of] p1b: Sneasler\n|-status|p1b: Sneasler|brn\n|\n|-damage|p1b: Sneasler|78\/100 brn|[from] brn\n|-damage|p2b: Chai|94\/100 brn|[from] brn\n|upkeep\n|turn|5\n|\n|t:|1700945661\n|move|p1b: Sneasler|Protect|p1b: Sneasler\n|-singleturn|p1b: Sneasler|Protect\n|move|p2b: Chai|Rage Powder|p2b: Chai\n|-singleturn|p2b: Chai|move: Rage Powder\n|move|p1a: Zoroark|Will-O-Wisp|p2b: Chai\n|-fail|p2b: Chai|brn\n|move|p2a: Molcajete|Stomping Tantrum|p1b: Sneasler\n|-activate|p1b: Sneasler|move: Protect\n|\n|-damage|p1b: Sneasler|72\/100 brn|[from] brn\n|-damage|p2b: Chai|88\/100 brn|[from] brn\n|upkeep\n|turn|6\n|\n|t:|1700945683\n|move|p2b: Chai|Rage Powder|p2b: Chai\n|-singleturn|p2b: Chai|move: Rage Powder\n|move|p1a: Zoroark|Taunt|p2b: Chai\n|-start|p2b: Chai|move: Taunt\n|move|p1b: Sneasler|Close Combat|p2b: Chai\n|-damage|p2b: Chai|63\/100 brn\n|-unboost|p1b: Sneasler|def|1\n|-unboost|p1b: Sneasler|spd|1\n|-damage|p1b: Sneasler|56\/100 brn|[from] item: Rocky Helmet|[of] p2b: Chai\n|move|p2a: Molcajete|Stomping Tantrum|p1b: Sneasler\n|-supereffective|p1b: Sneasler\n|-damage|p1b: Sneasler|0 fnt\n|faint|p1b: Sneasler\n|\n|-damage|p2b: Chai|56\/100 brn|[from] brn\n|upkeep\n|\n|t:|1700945697\n|switch|p1b: Flutter Mane|Flutter Mane, L50, shiny|100\/100\n|turn|7\n|\n|t:|1700945704\n|switch|p2b: Krampus|Grimmsnarl, L50, M, shiny|100\/100\n|switch|p2a: Tepey\u00f3llotl|Landorus-Therian, L50, M|54\/100 brn\n|-ability|p2a: Tepey\u00f3llotl|Intimidate|boost\n|-unboost|p1a: Zoroark|atk|1\n|-unboost|p1b: Flutter Mane|atk|1\n|move|p1b: Flutter Mane|Dazzling Gleam|p2b: Krampus|[spread] p2a,p2b\n|-supereffective|p2b: Krampus\n|-damage|p2a: Tepey\u00f3llotl|21\/100 brn\n|-damage|p2b: Krampus|45\/100\n|move|p1a: Zoroark|Will-O-Wisp|p2a: Tepey\u00f3llotl\n|-fail|p2a: Tepey\u00f3llotl|brn\n|\n|-damage|p2a: Tepey\u00f3llotl|15\/100 brn|[from] brn\n|upkeep\n|turn|8\n|\n|t:|1700945724\n|move|p1a: Zoroark|Protect|p1a: Zoroark\n|-singleturn|p1a: Zoroark|Protect\n|move|p2b: Krampus|Parting Shot|p1b: Flutter Mane\n|-unboost|p1b: Flutter Mane|atk|1\n|-unboost|p1b: Flutter Mane|spa|1\n|\n|t:|1700945730\n|switch|p2b: Chai|Sinistcha-Masterpiece, L50, tera:Water|56\/100 brn|[from] Parting Shot\n|-heal|p2a: Tepey\u00f3llotl|40\/100 brn|[from] ability: Hospitality|[of] p2b: Chai\n|move|p2a: Tepey\u00f3llotl|U-turn|p1a: Zoroark\n|-activate|p1a: Zoroark|move: Protect\n|move|p1b: Flutter Mane|Dazzling Gleam|p2b: Chai|[spread] p2a,p2b\n|-damage|p2a: Tepey\u00f3llotl|19\/100 brn\n|-damage|p2b: Chai|34\/100 brn\n|\n|-damage|p2a: Tepey\u00f3llotl|13\/100 brn|[from] brn\n|-damage|p2b: Chai|28\/100 brn|[from] brn\n|-sideend|p2: JohanDK|move: Light Screen\n|upkeep\n|turn|9\n|\n|t:|1700945748\n|switch|p2b: Molcajete|Ting-Lu, L50|84\/100\n|-ability|p2b: Molcajete|Vessel of Ruin\n|move|p2a: Tepey\u00f3llotl|U-turn|p1a: Zoroark\n|-resisted|p1a: Zoroark\n|-damage|p1a: Zoroark|22\/100\n|\n|t:|1700945755\n|switch|p2a: Krampus|Grimmsnarl, L50, M, shiny|45\/100|[from] U-turn\n|move|p1b: Flutter Mane|Dazzling Gleam|p2b: Molcajete|[spread] p2a,p2b\n|-supereffective|p2a: Krampus\n|-supereffective|p2b: Molcajete\n|-damage|p2a: Krampus|2\/100\n|-damage|p2b: Molcajete|62\/100\n|move|p1a: Zoroark|Bitter Malice|p2b: Molcajete\n|-resisted|p2b: Molcajete\n|-damage|p2b: Molcajete|57\/100\n|-unboost|p2b: Molcajete|atk|1\n|\n|upkeep\n|turn|10\n|\n|t:|1700945771\n|switch|p2b: Chai|Sinistcha-Masterpiece, L50, tera:Water|28\/100 brn\n|-heal|p2a: Krampus|27\/100|[from] ability: Hospitality|[of] p2b: Chai\n|move|p2a: Krampus|Light Screen|p2a: Krampus\n|-sidestart|p2: JohanDK|move: Light Screen\n|move|p1b: Flutter Mane|Dazzling Gleam|p2a: Krampus|[spread] p2a,p2b\n|-supereffective|p2a: Krampus\n|-damage|p2a: Krampus|0 fnt\n|-damage|p2b: Chai|4\/100 brn\n|faint|p2a: Krampus\n|move|p1a: Zoroark|Bitter Malice|p2b: Chai\n|-damage|p2b: Chai|0 fnt\n|faint|p2b: Chai\n|\n|upkeep\n|\n|t:|1700945788\n|switch|p2b: Tepey\u00f3llotl|Landorus-Therian, L50, M|13\/100 brn\n|switch|p2a: Molcajete|Ting-Lu, L50|57\/100\n|-ability|p2b: Tepey\u00f3llotl|Intimidate|boost\n|-unboost|p1a: Zoroark|atk|1\n|-unboost|p1b: Flutter Mane|atk|1\n|-ability|p2a: Molcajete|Vessel of Ruin\n|turn|11\n|\n|t:|1700945800\n|move|p2b: Tepey\u00f3llotl|Stomping Tantrum|p1a: Zoroark\n|-damage|p1a: Zoroark|0 fnt\n|faint|p1a: Zoroark\n|move|p1b: Flutter Mane|Dazzling Gleam|p2b: Tepey\u00f3llotl|[spread] p2a,p2b\n|-supereffective|p2a: Molcajete\n|-damage|p2a: Molcajete|44\/100\n|-damage|p2b: Tepey\u00f3llotl|0 fnt\n|faint|p2b: Tepey\u00f3llotl\n|move|p2a: Molcajete|Heavy Slam|p1b: Flutter Mane\n|-supereffective|p1b: Flutter Mane\n|-damage|p1b: Flutter Mane|0 fnt\n|faint|p1b: Flutter Mane\n|-end|p1b: Flutter Mane|Protosynthesis|[silent]\n|\n|upkeep\n|\n|t:|1700945807\n|switch|p1b: Chi-Yu|Chi-Yu, L50, tera:Ghost|60\/100\n|-ability|p1b: Chi-Yu|Beads of Ruin\n|turn|12\n|\n|t:|1700945822\n|move|p1b: Chi-Yu|Heat Wave|p2a: Molcajete\n|-damage|p2a: Molcajete|23\/100\n|-damage|p1b: Chi-Yu|50\/100|[from] item: Life Orb\n|move|p2a: Molcajete|Stomping Tantrum|p1b: Chi-Yu\n|-damage|p1b: Chi-Yu|0 fnt\n|faint|p1b: Chi-Yu\n|\n|win|JohanDK\n|raw|nootellamaster's rating: 1497 &rarr; <strong>1480<\/strong><br \/>(-17 for losing)\n|raw|JohanDK's rating: 1550 &rarr; <strong>1567<\/strong><br \/>(+17 for winning)\n|l|\u2606nootellamaster\n","uploadtime":1700945839,"views":1,"p1id":"nootellamaster","p2id":"johandk","formatid":"gen9vgc2023regulatione","rating":1480,"private":0,"password":""}