{"id":"gen9vgc2023regulatione-1998118988","p1":"azubbang","p2":"Meegee Felgo","format":"[Gen 9] VGC 2023 Regulation E","log":"|j|\u2606azubbang\n|j|\u2606Meegee Felgo\n|n|\u2606azubbang|azubbang\n|n|\u2606Meegee Felgo|meegeefelgo\n|html|View the match progress at <a href=\"\/game-bestof3-gen9vgc2023regulatione-1998115980\">game-bestof3-gen9vgc2023regulatione-1998115980<\/a>\n|t:|1700894718\n|gametype|doubles\n|player|p1|azubbang|nurse|\n|player|p2|Meegee Felgo|burglar|\n|teamsize|p1|6\n|teamsize|p2|6\n|gen|9\n|tier|[Gen 9] VGC 2023 Regulation E\n|rule|Species Clause: Limit one of each Pok\u00e9mon\n|rule|Item Clause: Limit one of each item\n|clearpoke\n|poke|p1|Thundurus-Therian, L50, M|\n|poke|p1|Heatran, L50, M|\n|poke|p1|Roaring Moon, L50|\n|poke|p1|Ogerpon-Wellspring, L50, F|\n|poke|p1|Weezing, L50, F|\n|poke|p1|Landorus-Therian, L50, M|\n|poke|p2|Brambleghast, L50, F|\n|poke|p2|Urshifu-*, L50, F|\n|poke|p2|Chi-Yu, L50|\n|poke|p2|Flutter Mane, L50|\n|poke|p2|Gholdengo, L50|\n|poke|p2|Tornadus, L50, M|\n|teampreview|4\n|inactive|Battle timer is ON: inactive players will automatically lose when time's up. (requested by Meegee Felgo)\nazubbang has agreed to open team sheets.\nMeegee Felgo has agreed to open team sheets.\n|showteam|p1|Thundurus-Therian||AssaultVest|VoltAbsorb|Thunderbolt,WildboltStorm,GrassKnot,VoltSwitch|||M|||50|,,,,,Steel]Heatran||LifeOrb|FlashFire|Protect,HeatWave,FlashCannon,EarthPower|||M|||50|,,,,,Fairy]Roaring Moon||BoosterEnergy|Protosynthesis|Protect,KnockOff,Acrobatics,Tailwind||||||50|,,,,,Flying]Ogerpon-Wellspring||WellspringMask|WaterAbsorb|SpikyShield,IvyCudgel,HornLeech,SwordsDance|||F|||50|,,,,,Water]Weezing||SitrusBerry|NeutralizingGas|Protect,GunkShot,WillOWisp,Taunt|||F|||50|,,,,,Ghost]Landorus-Therian||ChoiceBand|Intimidate|StompingTantrum,RockTomb,TeraBlast,Uturn|||M|||50|,,,,,Ground\n|showteam|p2|Brambleghast||FocusSash|WindRider|ShadowSneak,Poltergeist,PowerWhip,Protect|||F|||50|,,,,,Ghost]Urshifu-Rapid-Strike||MysticWater|UnseenFist|AquaJet,SurgingStrikes,CloseCombat,Protect|||F|||50|,,,,,Water]Chi-Yu||LifeOrb|BeadsofRuin|Overheat,HeatWave,DarkPulse,Protect||||||50|,,,,,Ghost]Flutter Mane||BoosterEnergy|Protosynthesis|Moonblast,DazzlingGleam,ShadowBall,Protect||||||50|,,,,,Fairy]Gholdengo||ChoiceSpecs|GoodasGold|MakeItRain,ShadowBall,Thunderbolt,Trick||||||50|,,,,,Steel]Tornadus||CovertCloak|Prankster|BleakwindStorm,Taunt,SunnyDay,Tailwind|||M|||50|,,,,,Steel\n|inactive|azubbang has 30 seconds left.\n|inactive|Meegee Felgo has 30 seconds left.\n|inactive|azubbang has 20 seconds left.\n|inactive|azubbang has 15 seconds left.\n|inactive|Meegee Felgo has 20 seconds left.\n|inactive|azubbang has 10 seconds left.\n|\n|t:|1700894767\n|start\n|switch|p1a: Weezing|Weezing, L50, F|100\/100\n|switch|p1b: Roaring Moon|Roaring Moon, L50|100\/100\n|switch|p2a: Tornadus|Tornadus, L50, M|100\/100\n|switch|p2b: Urshifu|Urshifu-Rapid-Strike, L50, F|100\/100\n|-ability|p1a: Weezing|Neutralizing Gas\n|-enditem|p1b: Roaring Moon|Booster Energy\n|-activate|p1b: Roaring Moon|ability: Protosynthesis|[fromitem]\n|-start|p1b: Roaring Moon|protosynthesisspe\n|turn|1\n|inactive|Meegee Felgo has 30 seconds left.\n|inactive|azubbang has 30 seconds left.\n|inactive|azubbang has 20 seconds left.\n|\n|t:|1700894816\n|switch|p2b: Gholdengo|Gholdengo, L50|100\/100\n|move|p1b: Roaring Moon|Tailwind|p1b: Roaring Moon\n|-sidestart|p1: azubbang|move: Tailwind\n|move|p1a: Weezing|Taunt|p2a: Tornadus\n|-start|p2a: Tornadus|move: Taunt\n|cant|p2a: Tornadus|move: Taunt|Tailwind\n|\n|upkeep\n|turn|2\n|\n|t:|1700894839\n|-end|p1a: Weezing|ability: Neutralizing Gas\n|switch|p1a: Heatran|Heatran, L50, M|100\/100\n|-terastallize|p2b: Gholdengo|Steel\n|move|p1b: Roaring Moon|Knock Off|p2b: Gholdengo\n|-damage|p2b: Gholdengo|54\/100\n|-enditem|p2b: Gholdengo|Choice Specs|[from] move: Knock Off|[of] p1b: Roaring Moon\n|move|p2a: Tornadus|Bleakwind Storm|p1b: Roaring Moon|[spread] p1b\n|-miss|p2a: Tornadus|p1a: Heatran\n|-damage|p1b: Roaring Moon|69\/100\n|-unboost|p1b: Roaring Moon|spe|1\n|move|p2b: Gholdengo|Make It Rain|p1a: Heatran|[spread] p1a,p1b\n|-resisted|p1a: Heatran\n|-damage|p1a: Heatran|88\/100\n|-damage|p1b: Roaring Moon|7\/100\n|-unboost|p2b: Gholdengo|spa|1\n|\n|upkeep\n|turn|3\n|inactive|azubbang has 30 seconds left.\n|inactive|Meegee Felgo has 30 seconds left.\n|\n|t:|1700894870\n|switch|p2b: Urshifu|Urshifu-Rapid-Strike, L50, F|100\/100\n|move|p1b: Roaring Moon|Knock Off|p2b: Urshifu\n|-resisted|p2b: Urshifu\n|-damage|p2b: Urshifu|74\/100\n|-enditem|p2b: Urshifu|Mystic Water|[from] move: Knock Off|[of] p1b: Roaring Moon\n|move|p1a: Heatran|Earth Power|p2b: Urshifu\n|-damage|p2b: Urshifu|19\/100\n|-damage|p1a: Heatran|78\/100|[from] item: Life Orb\n|move|p2a: Tornadus|Bleakwind Storm|p1b: Roaring Moon|[spread] \n|-miss|p2a: Tornadus|p1a: Heatran\n|-miss|p2a: Tornadus|p1b: Roaring Moon\n|\n|-end|p2a: Tornadus|move: Taunt\n|upkeep\n|turn|4\n|inactive|azubbang has 30 seconds left.\n|inactive|azubbang has 20 seconds left.\n|inactive|azubbang has 15 seconds left.\n|inactive|azubbang has 10 seconds left.\n|\n|t:|1700894919\n|switch|p1a: Ogerpon|Ogerpon-Wellspring, L50, F|100\/100\n|move|p2b: Urshifu|Protect|p2b: Urshifu\n|-singleturn|p2b: Urshifu|Protect\n|move|p2a: Tornadus|Tailwind|p2a: Tornadus\n|-sidestart|p2: Meegee Felgo|move: Tailwind\n|move|p1b: Roaring Moon|Acrobatics|p2b: Urshifu\n|-activate|p2b: Urshifu|move: Protect\n|\n|-sideend|p1: azubbang|move: Tailwind\n|upkeep\n|turn|5\n|inactive|azubbang has 30 seconds left.\n|inactive|Meegee Felgo has 30 seconds left.\n|inactive|azubbang has 20 seconds left.\n|inactive|Meegee Felgo has 20 seconds left.\n|inactive|azubbang has 15 seconds left.\n|inactive|Meegee Felgo has 15 seconds left.\n|inactive|azubbang has 10 seconds left.\n|inactive|Meegee Felgo has 10 seconds left.\n|\n|t:|1700894967\n|switch|p2b: Gholdengo|Gholdengo, L50, tera:Steel|54\/100\n|-terastallize|p1a: Ogerpon|Water\n|detailschange|p1a: Ogerpon|Ogerpon-Wellspring-Tera, L50, F, tera:Water\n|-ability|p1a: Ogerpon|Embody Aspect (Wellspring)|boost\n|-boost|p1a: Ogerpon|spd|1\n|move|p2a: Tornadus|Sunny Day|p2a: Tornadus\n|-weather|SunnyDay\n|move|p1b: Roaring Moon|Knock Off|p2b: Gholdengo\n|-damage|p2b: Gholdengo|18\/100\n|move|p1a: Ogerpon|Ivy Cudgel|p2b: Gholdengo|[anim] Ivy Cudgel Water\n|-damage|p2b: Gholdengo|0 fnt\n|faint|p2b: Gholdengo\n|\n|-weather|SunnyDay|[upkeep]\n|upkeep\n|\n|t:|1700894984\n|switch|p2b: Flutter Mane|Flutter Mane, L50|100\/100\n|-activate|p2b: Flutter Mane|ability: Protosynthesis\n|-start|p2b: Flutter Mane|protosynthesisspa\n|turn|6\n|inactive|azubbang has 30 seconds left.\n|\n|t:|1700895019\n|move|p1a: Ogerpon|Spiky Shield|p1a: Ogerpon\n|-singleturn|p1a: Ogerpon|move: Protect\n|move|p2b: Flutter Mane|Dazzling Gleam|p1a: Ogerpon|[spread] p1b\n|-activate|p1a: Ogerpon|move: Protect\n|-supereffective|p1b: Roaring Moon\n|-damage|p1b: Roaring Moon|0 fnt\n|faint|p1b: Roaring Moon\n|-end|p1b: Roaring Moon|Protosynthesis|[silent]\n|move|p2a: Tornadus|Bleakwind Storm|p1a: Ogerpon\n|-activate|p1a: Ogerpon|move: Protect\n|\n|-weather|SunnyDay|[upkeep]\n|upkeep\n|inactive|azubbang has 30 seconds left.\n|inactive|azubbang has 20 seconds left.\n|inactive|azubbang has 15 seconds left.\n|\n|t:|1700895060\n|switch|p1b: Heatran|Heatran, L50, M|78\/100\n|turn|7\n|\n|t:|1700895083\n|move|p2b: Flutter Mane|Protect|p2b: Flutter Mane\n|-singleturn|p2b: Flutter Mane|Protect\n|move|p2a: Tornadus|Taunt|p1a: Ogerpon\n|-start|p1a: Ogerpon|move: Taunt\n|move|p1a: Ogerpon|Ivy Cudgel|p2b: Flutter Mane|[anim] Ivy Cudgel Water\n|-activate|p2b: Flutter Mane|move: Protect\n|move|p1b: Heatran|Flash Cannon|p2b: Flutter Mane\n|-activate|p2b: Flutter Mane|move: Protect\n|\n|-weather|SunnyDay|[upkeep]\n|-sideend|p2: Meegee Felgo|move: Tailwind\n|upkeep\n|turn|8\n|inactive|Meegee Felgo has 30 seconds left.\n|inactive|Meegee Felgo has 20 seconds left.\n|\n|t:|1700895119\n|move|p2a: Tornadus|Tailwind|p2a: Tornadus\n|-sidestart|p2: Meegee Felgo|move: Tailwind\n|move|p2b: Flutter Mane|Moonblast|p1a: Ogerpon\n|-damage|p1a: Ogerpon|57\/100\n|-unboost|p1a: Ogerpon|spa|1\n|move|p1a: Ogerpon|Ivy Cudgel|p2b: Flutter Mane|[anim] Ivy Cudgel Water\n|-damage|p2b: Flutter Mane|37\/100\n|move|p1b: Heatran|Flash Cannon|p2b: Flutter Mane\n|-supereffective|p2b: Flutter Mane\n|-damage|p2b: Flutter Mane|0 fnt\n|faint|p2b: Flutter Mane\n|-end|p2b: Flutter Mane|Protosynthesis|[silent]\n|-damage|p1b: Heatran|69\/100|[from] item: Life Orb\n|\n|-weather|SunnyDay|[upkeep]\n|upkeep\n|\n|t:|1700895127\n|switch|p2b: Urshifu|Urshifu-Rapid-Strike, L50, F|19\/100\n|turn|9\n|inactive|Meegee Felgo has 30 seconds left.\n|\n|t:|1700895157\n|move|p2a: Tornadus|Bleakwind Storm|p1b: Heatran|[spread] p1a\n|-miss|p2a: Tornadus|p1b: Heatran\n|-damage|p1a: Ogerpon|36\/100\n|-unboost|p1a: Ogerpon|spe|1\n|move|p2b: Urshifu|Close Combat|p1b: Heatran\n|-supereffective|p1b: Heatran\n|-damage|p1b: Heatran|0 fnt\n|-unboost|p2b: Urshifu|def|1\n|-unboost|p2b: Urshifu|spd|1\n|faint|p1b: Heatran\n|move|p1a: Ogerpon|Horn Leech|p2b: Urshifu\n|-supereffective|p2b: Urshifu\n|-damage|p2b: Urshifu|0 fnt\n|-heal|p1a: Ogerpon|45\/100|[from] drain|[of] p2b: Urshifu\n|faint|p2b: Urshifu\n|\n|-weather|none\n|-end|p1a: Ogerpon|move: Taunt\n|upkeep\n|\n|t:|1700895164\n|switch|p1b: Weezing|Weezing, L50, F|100\/100\n|-ability|p1b: Weezing|Neutralizing Gas\n|turn|10\n|\n|t:|1700895185\n|move|p1a: Ogerpon|Spiky Shield|p1a: Ogerpon\n|-singleturn|p1a: Ogerpon|move: Protect\n|move|p2a: Tornadus|Bleakwind Storm|p1b: Weezing|[spread] p1b\n|-activate|p1a: Ogerpon|move: Protect\n|-damage|p1b: Weezing|66\/100\n|move|p1b: Weezing|Gunk Shot|p2a: Tornadus|[miss]\n|-miss|p1b: Weezing|p2a: Tornadus\n|\n|upkeep\n|turn|11\n|\n|t:|1700895199\n|move|p1b: Weezing|Protect|p1b: Weezing\n|-singleturn|p1b: Weezing|Protect\n|move|p2a: Tornadus|Bleakwind Storm|p1b: Weezing|[spread] p1a\n|-activate|p1b: Weezing|move: Protect\n|-damage|p1a: Ogerpon|26\/100\n|move|p1a: Ogerpon|Ivy Cudgel|p2a: Tornadus|[anim] Ivy Cudgel Water\n|-damage|p2a: Tornadus|13\/100\n|\n|-sideend|p2: Meegee Felgo|move: Tailwind\n|upkeep\n|turn|12\n|\n|t:|1700895210\n|move|p2a: Tornadus|Bleakwind Storm|p1b: Weezing|[spread] p1b\n|-miss|p2a: Tornadus|p1a: Ogerpon\n|-damage|p1b: Weezing|28\/100\n|-enditem|p1b: Weezing|Sitrus Berry|[eat]\n|-heal|p1b: Weezing|53\/100|[from] item: Sitrus Berry\n|move|p1a: Ogerpon|Ivy Cudgel|p2a: Tornadus|[anim] Ivy Cudgel Water\n|-damage|p2a: Tornadus|0 fnt\n|faint|p2a: Tornadus\n|\n|win|azubbang\n|c|\u2606Meegee Felgo|gg\n|c|\u2606azubbang|gg\n","uploadtime":1700895269,"views":16,"p1id":"azubbang","p2id":"meegeefelgo","formatid":"gen9vgc2023regulatione","rating":0,"private":0,"password":""}