{"id":"gen9vgc2023regulatione-1990317683","p1":"FreeJ1nG","p2":"N FariNas","format":"[Gen 9] VGC 2023 Regulation E","log":"|j|\u2606FreeJ1nG\n|j|\u2606N FariNas\n|t:|1699955856\n|gametype|doubles\n|player|p1|FreeJ1nG|volkner|1222\n|player|p2|N FariNas|blackbelt-gen4dp|1183\n|teamsize|p1|6\n|teamsize|p2|6\n|gen|9\n|tier|[Gen 9] VGC 2023 Regulation E\n|rated|\n|rule|Species Clause: Limit one of each Pok\u00e9mon\n|rule|Item Clause: Limit one of each item\n|clearpoke\n|poke|p1|Urshifu-*, L50, F|\n|poke|p1|Farigiraf, L50, F|\n|poke|p1|Clefairy, L50, M|\n|poke|p1|Ogerpon-Hearthflame, L50, F|\n|poke|p1|Ursaluna-Bloodmoon, L50, M|\n|poke|p1|Okidogi, L50, M|\n|poke|p2|Urshifu-*, L50, M|\n|poke|p2|Ogerpon-Wellspring, L50, F|\n|poke|p2|Tornadus, L50, M|\n|poke|p2|Baxcalibur, L50, M|\n|poke|p2|Amoonguss, L50, F|\n|poke|p2|Iron Hands, L50|\n|teampreview|4\n|inactive|Battle timer is ON: inactive players will automatically lose when time's up. (requested by N FariNas)\n|\n|t:|1699955883\n|start\n|switch|p1a: Farigiraf|Farigiraf, L50, F|100\/100\n|switch|p1b: Clefairy|Clefairy, L50, M|100\/100\n|switch|p2a: Ogerpon|Ogerpon-Wellspring, L50, F|100\/100\n|switch|p2b: Urshifu|Urshifu-Rapid-Strike, L50, M|100\/100\n|turn|1\n|\n|t:|1699955904\n|move|p1b: Clefairy|Follow Me|p1b: Clefairy\n|-singleturn|p1b: Clefairy|move: Follow Me\n|move|p2b: Urshifu|Surging Strikes|p1b: Clefairy\n|-crit|p1b: Clefairy\n|-damage|p1b: Clefairy|80\/100\n|-crit|p1b: Clefairy\n|-damage|p1b: Clefairy|61\/100\n|-crit|p1b: Clefairy\n|-damage|p1b: Clefairy|43\/100\n|-hitcount|p1b: Clefairy|3\n|move|p2a: Ogerpon|Swords Dance|p2a: Ogerpon\n|-boost|p2a: Ogerpon|atk|2\n|move|p1a: Farigiraf|Trick Room|p1a: Farigiraf\n|-fieldstart|move: Trick Room|[of] p1a: Farigiraf\n|\n|upkeep\n|turn|2\n|\n|t:|1699955924\n|move|p1b: Clefairy|Follow Me|p1b: Clefairy\n|-singleturn|p1b: Clefairy|move: Follow Me\n|move|p1a: Farigiraf|Psychic|p2a: Ogerpon\n|-damage|p2a: Ogerpon|53\/100\n|move|p2a: Ogerpon|Swords Dance|p2a: Ogerpon\n|-boost|p2a: Ogerpon|atk|2\n|move|p2b: Urshifu|Surging Strikes|p1b: Clefairy\n|-crit|p1b: Clefairy\n|-damage|p1b: Clefairy|24\/100\n|-crit|p1b: Clefairy\n|-damage|p1b: Clefairy|7\/100\n|-crit|p1b: Clefairy\n|-damage|p1b: Clefairy|0 fnt\n|faint|p1b: Clefairy\n|-hitcount|p1: Clefairy|3\n|\n|upkeep\n|\n|t:|1699955938\n|switch|p1b: Ursaluna|Ursaluna-Bloodmoon, L50, M|100\/100\n|turn|3\n|inactive|N FariNas has 30 seconds left.\n|\n|t:|1699955972\n|-terastallize|p1b: Ursaluna|Grass\n|move|p2a: Ogerpon|Spiky Shield|p2a: Ogerpon\n|-singleturn|p2a: Ogerpon|move: Protect\n|move|p1b: Ursaluna|Blood Moon|p2a: Ogerpon\n|-activate|p2a: Ogerpon|move: Protect\n|move|p1a: Farigiraf|Dazzling Gleam|p2a: Ogerpon|[spread] p2b\n|-activate|p2a: Ogerpon|move: Protect\n|-supereffective|p2b: Urshifu\n|-crit|p2b: Urshifu\n|-damage|p2b: Urshifu|15\/100\n|move|p2b: Urshifu|Surging Strikes|p1b: Ursaluna\n|-resisted|p1b: Ursaluna\n|-crit|p1b: Ursaluna\n|-damage|p1b: Ursaluna|92\/100\n|-resisted|p1b: Ursaluna\n|-crit|p1b: Ursaluna\n|-damage|p1b: Ursaluna|84\/100\n|-resisted|p1b: Ursaluna\n|-crit|p1b: Ursaluna\n|-damage|p1b: Ursaluna|75\/100\n|-hitcount|p1b: Ursaluna|3\n|\n|upkeep\n|turn|4\n|inactive|FreeJ1nG has 30 seconds left.\n|inactive|N FariNas has 30 seconds left.\n|inactive|FreeJ1nG has 20 seconds left.\n|inactive|N FariNas has 20 seconds left.\n|\n|t:|1699956009\n|move|p1b: Ursaluna|Hyper Voice|p2b: Urshifu|[spread] p2a,p2b\n|-crit|p2b: Urshifu\n|-damage|p2a: Ogerpon|0 fnt\n|-damage|p2b: Urshifu|0 fnt\n|faint|p2a: Ogerpon\n|faint|p2b: Urshifu\n|-damage|p1b: Ursaluna|66\/100|[from] item: Life Orb\n|move|p1a: Farigiraf|Psychic|p2: Ogerpon|[notarget]\n|-fail|p1a: Farigiraf\n|\n|upkeep\n|\n|t:|1699956018\n|switch|p2a: Baxcalibur|Baxcalibur, L50, M|100\/100\n|switch|p2b: Amoonguss|Amoonguss, L50, F|100\/100\n|turn|5\n|inactive|FreeJ1nG has 30 seconds left.\n|\n|t:|1699956044\n|move|p2b: Amoonguss|Protect|p2b: Amoonguss\n|-singleturn|p2b: Amoonguss|Protect\n|move|p2a: Baxcalibur|Protect|p2a: Baxcalibur\n|-singleturn|p2a: Baxcalibur|Protect\n|move|p1b: Ursaluna|Blood Moon|p2b: Amoonguss\n|-activate|p2b: Amoonguss|move: Protect\n|move|p1a: Farigiraf|Dazzling Gleam|p2b: Amoonguss|[spread] \n|-activate|p2a: Baxcalibur|move: Protect\n|-activate|p2b: Amoonguss|move: Protect\n|\n|-fieldend|move: Trick Room\n|upkeep\n|turn|6\n|\n|t:|1699956064\n|-terastallize|p2a: Baxcalibur|Poison\n|move|p1b: Ursaluna|Protect|p1b: Ursaluna\n|-singleturn|p1b: Ursaluna|Protect\n|move|p2a: Baxcalibur|Icicle Spear|p1b: Ursaluna\n|-activate|p1b: Ursaluna|move: Protect\n|move|p2b: Amoonguss|Spore|p1a: Farigiraf\n|-status|p1a: Farigiraf|slp|[from] move: Spore\n|cant|p1a: Farigiraf|slp\n|\n|upkeep\n|turn|7\n|\n|t:|1699956088\n|switch|p1b: Okidogi|Okidogi, L50, M|100\/100\n|move|p2a: Baxcalibur|Icicle Spear|p1b: Okidogi\n|-damage|p1b: Okidogi|90\/100\n|-damage|p1b: Okidogi|79\/100\n|-damage|p1b: Okidogi|67\/100\n|-damage|p1b: Okidogi|54\/100\n|-hitcount|p1b: Okidogi|4\n|move|p2b: Amoonguss|Spore|p1a: Farigiraf\n|-fail|p1a: Farigiraf|slp\n|cant|p1a: Farigiraf|slp\n|\n|upkeep\n|turn|8\n|inactive|FreeJ1nG has 30 seconds left.\n|inactive|FreeJ1nG has 20 seconds left.\n|inactive|FreeJ1nG has 15 seconds left.\n|inactive|FreeJ1nG has 10 seconds left.\n|\n|t:|1699956137\n|switch|p1a: Ursaluna|Ursaluna-Bloodmoon, L50, M, tera:Grass|66\/100\n|move|p2b: Amoonguss|Rage Powder|p2b: Amoonguss\n|-singleturn|p2b: Amoonguss|move: Rage Powder\n|move|p2a: Baxcalibur|Icicle Spear|p1b: Okidogi\n|-damage|p1b: Okidogi|43\/100\n|-damage|p1b: Okidogi|32\/100\n|-damage|p1b: Okidogi|19\/100\n|-damage|p1b: Okidogi|7\/100\n|-damage|p1b: Okidogi|0 fnt\n|faint|p1b: Okidogi\n|-hitcount|p1: Okidogi|5\n|\n|upkeep\n|\n|t:|1699956148\n|switch|p1b: Farigiraf|Farigiraf, L50, F|100\/100 slp\n|turn|9\n|\n|t:|1699956169\n|move|p2a: Baxcalibur|Icicle Spear|p1a: Ursaluna\n|-supereffective|p1a: Ursaluna\n|-damage|p1a: Ursaluna|46\/100\n|-supereffective|p1a: Ursaluna\n|-damage|p1a: Ursaluna|26\/100\n|-supereffective|p1a: Ursaluna\n|-damage|p1a: Ursaluna|4\/100\n|-supereffective|p1a: Ursaluna\n|-damage|p1a: Ursaluna|0 fnt\n|faint|p1a: Ursaluna\n|-hitcount|p1: Ursaluna|4\n|cant|p1b: Farigiraf|slp\n|move|p2b: Amoonguss|Spore|p1b: Farigiraf\n|-fail|p1b: Farigiraf|slp\n|\n|upkeep\n|turn|10\n|\n|t:|1699956185\n|move|p2b: Amoonguss|Rage Powder|p2b: Amoonguss\n|-singleturn|p2b: Amoonguss|move: Rage Powder\n|move|p2a: Baxcalibur|Dragon Dance|p2a: Baxcalibur\n|-boost|p2a: Baxcalibur|atk|1\n|-boost|p2a: Baxcalibur|spe|1\n|-curestatus|p1b: Farigiraf|slp|[msg]\n|move|p1b: Farigiraf|Psychic|p2b: Amoonguss\n|-supereffective|p2b: Amoonguss\n|-crit|p2b: Amoonguss\n|-damage|p2b: Amoonguss|0 fnt\n|faint|p2b: Amoonguss\n|\n|upkeep\n|turn|11\n|\n|t:|1699956197\n|move|p2a: Baxcalibur|Icicle Spear|p1b: Farigiraf\n|-damage|p1b: Farigiraf|79\/100\n|-damage|p1b: Farigiraf|58\/100\n|-crit|p1b: Farigiraf\n|-damage|p1b: Farigiraf|28\/100\n|-enditem|p1b: Farigiraf|Sitrus Berry|[eat]\n|-heal|p1b: Farigiraf|53\/100|[from] item: Sitrus Berry\n|-damage|p1b: Farigiraf|33\/100\n|-hitcount|p1b: Farigiraf|4\n|move|p1b: Farigiraf|Psychic|p2a: Baxcalibur\n|-supereffective|p2a: Baxcalibur\n|-damage|p2a: Baxcalibur|34\/100\n|\n|upkeep\n|turn|12\n|\n|t:|1699956209\n|move|p2a: Baxcalibur|Icicle Spear|p1b: Farigiraf\n|-damage|p1b: Farigiraf|14\/100\n|-damage|p1b: Farigiraf|0 fnt\n|faint|p1b: Farigiraf\n|-hitcount|p1: Farigiraf|2\n|\n|win|N FariNas\n|raw|FreeJ1nG's rating: 1222 &rarr; <strong>1194<\/strong><br \/>(-28 for losing)\n|raw|N FariNas's rating: 1183 &rarr; <strong>1211<\/strong><br \/>(+28 for winning)\n","uploadtime":1699956216,"views":10,"p1id":"freej1ng","p2id":"nfarinas","formatid":"gen9vgc2023regulatione","rating":1194,"private":0,"password":""}