{"id":"gen9vgc2023regulatione-1993317873","p1":"nickfanta","p2":"rennui-","format":"[Gen 9] VGC 2023 Regulation E","log":"|j|\u2606nickfanta\n|j|\u2606rennui-\n|t:|1700297112\n|gametype|doubles\n|player|p1|nickfanta|lucas|1586\n|player|p2|rennui-|erika|1644\n|teamsize|p1|6\n|teamsize|p2|6\n|gen|9\n|tier|[Gen 9] VGC 2023 Regulation E\n|rated|\n|rule|Species Clause: Limit one of each Pok\u00e9mon\n|rule|Item Clause: Limit one of each item\n|clearpoke\n|poke|p1|Annihilape, L50, F|\n|poke|p1|Iron Hands, L50|\n|poke|p1|Ogerpon-Hearthflame, L50, F|\n|poke|p1|Farigiraf, L50, F|\n|poke|p1|Ursaluna-Bloodmoon, L50, M|\n|poke|p1|Rillaboom, L50, F|\n|poke|p2|Flutter Mane, L50|\n|poke|p2|Chi-Yu, L50|\n|poke|p2|Torkoal, L50, F|\n|poke|p2|Ogerpon-Wellspring, L50, F|\n|poke|p2|Farigiraf, L50, F|\n|poke|p2|Iron Hands, L50|\n|teampreview|4\nrennui- has agreed to open team sheets.\n|inactive|Battle timer is ON: inactive players will automatically lose when time's up. (requested by nickfanta)\n|inactive|rennui- has 60 seconds left.\n|\n|t:|1700297156\n|start\n|switch|p1a: Farigiraf|Farigiraf, L50, F|100\/100\n|switch|p1b: Rillaboom|Rillaboom, L50, F|100\/100\n|switch|p2a: Chi-Yu|Chi-Yu, L50|100\/100\n|switch|p2b: Torkoal|Torkoal, L50, F, shiny|100\/100\n|-ability|p2a: Chi-Yu|Beads of Ruin\n|-fieldstart|move: Grassy Terrain|[from] ability: Grassy Surge|[of] p1b: Rillaboom\n|-weather|SunnyDay|[from] ability: Drought|[of] p2b: Torkoal\n|turn|1\n|inactive|nickfanta has 30 seconds left.\n|inactive|nickfanta has 20 seconds left.\n|\n|t:|1700297192\n|-terastallize|p2a: Chi-Yu|Ghost\n|-terastallize|p1b: Rillaboom|Water\n|move|p1a: Farigiraf|Helping Hand|p1b: Rillaboom\n|-singleturn|p1b: Rillaboom|Helping Hand|[of] p1a: Farigiraf\n|move|p2b: Torkoal|Helping Hand|p2a: Chi-Yu\n|-singleturn|p2a: Chi-Yu|Helping Hand|[of] p2b: Torkoal\n|move|p2a: Chi-Yu|Heat Wave|p1a: Farigiraf|[spread] p1a,p1b\n|-resisted|p1b: Rillaboom\n|-damage|p1a: Farigiraf|0 fnt\n|-damage|p1b: Rillaboom|26\/100\n|faint|p1a: Farigiraf\n|-damage|p2a: Chi-Yu|91\/100|[from] item: Life Orb\n|move|p1b: Rillaboom|Wood Hammer|p2b: Torkoal\n|-resisted|p2b: Torkoal\n|-damage|p2b: Torkoal|48\/100\n|-damage|p1b: Rillaboom|11\/100|[from] Recoil\n|\n|-weather|SunnyDay|[upkeep]\n|-heal|p2a: Chi-Yu|97\/100|[from] Grassy Terrain\n|-heal|p1b: Rillaboom|17\/100|[from] Grassy Terrain\n|-heal|p2b: Torkoal|54\/100|[from] Grassy Terrain\n|upkeep\n|\n|t:|1700297213\n|switch|p1a: Iron Hands|Iron Hands, L50|100\/100\n|turn|2\n|\n|t:|1700297228\n|move|p2b: Torkoal|Helping Hand|p2a: Chi-Yu\n|-singleturn|p2a: Chi-Yu|Helping Hand|[of] p2b: Torkoal\n|move|p1a: Iron Hands|Fake Out|p2b: Torkoal\n|-damage|p2b: Torkoal|42\/100\n|move|p1b: Rillaboom|Grassy Glide|p2a: Chi-Yu\n|-damage|p2a: Chi-Yu|40\/100\n|move|p2a: Chi-Yu|Heat Wave|p1a: Iron Hands|[spread] p1a,p1b\n|-resisted|p1b: Rillaboom\n|-damage|p1a: Iron Hands|8\/100\n|-damage|p1b: Rillaboom|0 fnt\n|faint|p1b: Rillaboom\n|-damage|p2a: Chi-Yu|30\/100|[from] item: Life Orb\n|\n|-weather|SunnyDay|[upkeep]\n|-heal|p2a: Chi-Yu|36\/100|[from] Grassy Terrain\n|-heal|p1a: Iron Hands|14\/100|[from] Grassy Terrain\n|-heal|p2b: Torkoal|49\/100|[from] Grassy Terrain\n|upkeep\n|\n|t:|1700297236\n|switch|p1b: Ogerpon|Ogerpon-Hearthflame, L50, F|100\/100\n|-ability|p1b: Ogerpon|Mold Breaker\n|turn|3\n|\n|t:|1700297246\n|move|p2a: Chi-Yu|Protect|p2a: Chi-Yu\n|-singleturn|p2a: Chi-Yu|Protect\n|move|p1b: Ogerpon|Grassy Glide|p2a: Chi-Yu\n|-activate|p2a: Chi-Yu|move: Protect\n|move|p1a: Iron Hands|Drain Punch|p2b: Torkoal\n|-damage|p2b: Torkoal|11\/100\n|-heal|p1a: Iron Hands|27\/100|[from] drain|[of] p2b: Torkoal\n|move|p2b: Torkoal|Earth Power|p1b: Ogerpon\n|-damage|p1b: Ogerpon|60\/100\n|\n|-weather|SunnyDay|[upkeep]\n|-heal|p1b: Ogerpon|66\/100|[from] Grassy Terrain\n|-heal|p2a: Chi-Yu|42\/100|[from] Grassy Terrain\n|-heal|p1a: Iron Hands|33\/100|[from] Grassy Terrain\n|-heal|p2b: Torkoal|17\/100|[from] Grassy Terrain\n|upkeep\n|turn|4\n|\n|t:|1700297259\n|move|p2b: Torkoal|Helping Hand|p2a: Chi-Yu\n|-singleturn|p2a: Chi-Yu|Helping Hand|[of] p2b: Torkoal\n|move|p1b: Ogerpon|Ivy Cudgel|p2a: Chi-Yu|[anim] Ivy Cudgel Fire\n|-damage|p2a: Chi-Yu|0 fnt\n|faint|p2a: Chi-Yu\n|move|p1a: Iron Hands|Drain Punch|p2b: Torkoal\n|-damage|p2b: Torkoal|0 fnt\n|-heal|p1a: Iron Hands|39\/100|[from] drain|[of] p2b: Torkoal\n|faint|p2b: Torkoal\n|\n|-weather|SunnyDay|[upkeep]\n|-heal|p1b: Ogerpon|71\/100|[from] Grassy Terrain\n|-heal|p1a: Iron Hands|45\/100|[from] Grassy Terrain\n|upkeep\n|\n|t:|1700297263\n|switch|p2a: Iron Hands|Iron Hands, L50|100\/100\n|switch|p2b: Flutter Mane|Flutter Mane, L50|100\/100\n|-activate|p2b: Flutter Mane|ability: Protosynthesis\n|-start|p2b: Flutter Mane|protosynthesisspa\n|turn|5\n|\n|t:|1700297286\n|move|p2a: Iron Hands|Fake Out|p1b: Ogerpon\n|-damage|p1b: Ogerpon|49\/100\n|cant|p1b: Ogerpon|flinch\n|move|p2b: Flutter Mane|Dazzling Gleam|p1a: Iron Hands|[spread] p1a,p1b\n|-supereffective|p1a: Iron Hands\n|-resisted|p1b: Ogerpon\n|-damage|p1a: Iron Hands|0 fnt\n|-damage|p1b: Ogerpon|9\/100\n|faint|p1a: Iron Hands\n|-end|p1a: Iron Hands|Quark Drive|[silent]\n|\n|-weather|none\n|-end|p2b: Flutter Mane|Protosynthesis\n|-heal|p1b: Ogerpon|15\/100|[from] Grassy Terrain\n|-fieldend|move: Grassy Terrain\n|upkeep\n|turn|6\n|\n|t:|1700297293\n|move|p2b: Flutter Mane|Dazzling Gleam|p1b: Ogerpon\n|-resisted|p1b: Ogerpon\n|-damage|p1b: Ogerpon|0 fnt\n|faint|p1b: Ogerpon\n|\n|win|rennui-\n|raw|nickfanta's rating: 1586 &rarr; <strong>1569<\/strong><br \/>(-17 for losing)\n|raw|rennui-'s rating: 1644 &rarr; <strong>1661<\/strong><br \/>(+17 for winning)\n|l|\u2606nickfanta\n","uploadtime":1700297301,"views":20,"p1id":"nickfanta","p2id":"rennui","formatid":"gen9vgc2023regulatione","rating":1569,"private":0,"password":""}