{"id":"gen9vgc2023regulatione-1992188053","p1":"pelipperislandxoo","p2":"wonder gawd","format":"[Gen 9] VGC 2023 Regulation E","log":"|j|\u2606pelipperislandxoo\n|j|\u2606wonder gawd\n|t:|1700162285\n|gametype|doubles\n|player|p1|pelipperislandxoo|cynthia-gen4|1179\n|player|p2|wonder gawd|shadowtriad|1267\n|teamsize|p1|6\n|teamsize|p2|6\n|gen|9\n|tier|[Gen 9] VGC 2023 Regulation E\n|rated|\n|rule|Species Clause: Limit one of each Pok\u00e9mon\n|rule|Item Clause: Limit one of each item\n|clearpoke\n|poke|p1|Garchomp, L50, F|\n|poke|p1|Gastrodon, L50, M|\n|poke|p1|Milotic, L50, M|\n|poke|p1|Spiritomb, L50, F|\n|poke|p1|Lucario, L50, M|\n|poke|p1|Ogerpon-Hearthflame, L50, F|\n|poke|p2|Mimikyu, L50, F|\n|poke|p2|Regidrago, L50|\n|poke|p2|Frosmoth, L50, F|\n|poke|p2|Tornadus, L50, M|\n|poke|p2|Meowscarada, L50, F|\n|poke|p2|Cetitan, L50, F|\n|teampreview|4\n|inactive|Battle timer is ON: inactive players will automatically lose when time's up. (requested by pelipperislandxoo)\n|j| GOODSHITPROFESSOR\n|\n|t:|1700162312\n|start\n|switch|p1a: Spiritomb|Spiritomb, L50, F|100\/100\n|switch|p1b: Milotic|Milotic, L50, M, shiny|100\/100\n|switch|p2a: Get Fisted :)|Tornadus, L50, M, shiny|100\/100\n|switch|p2b: Grip Reaper|Regidrago, L50|100\/100\n|turn|1\n|\n|t:|1700162327\n|-terastallize|p1b: Milotic|Fairy\n|move|p2a: Get Fisted :)|Bleakwind Storm|p1a: Spiritomb|[spread] p1a,p1b\n|-damage|p1a: Spiritomb|57\/100\n|-damage|p1b: Milotic|70\/100\n|-unboost|p1a: Spiritomb|spe|1\n|move|p2b: Grip Reaper|Dragon Energy|p1b: Milotic|[spread] p1a\n|-immune|p1b: Milotic\n|-damage|p1a: Spiritomb|0 fnt\n|faint|p1a: Spiritomb\n|move|p1b: Milotic|Draining Kiss|p2b: Grip Reaper\n|-supereffective|p2b: Grip Reaper\n|-crit|p2b: Grip Reaper\n|-damage|p2b: Grip Reaper|3\/100\n|-heal|p1b: Milotic|100\/100|[from] drain|[of] p2b: Grip Reaper\n|\n|upkeep\n|\n|t:|1700162341\n|switch|p1a: Gastrodon|Gastrodon, L50, M|100\/100\n|turn|2\n|inactive|pelipperislandxoo has 30 seconds left.\n|\n|t:|1700162370\n|move|p1a: Gastrodon|Protect|p1a: Gastrodon\n|-singleturn|p1a: Gastrodon|Protect\n|move|p2a: Get Fisted :)|Snowscape|p2a: Get Fisted :)\n|-weather|Snow\n|move|p2b: Grip Reaper|Dragon Energy|p1a: Gastrodon|[spread] \n|-activate|p1a: Gastrodon|move: Protect\n|-immune|p1b: Milotic\n|move|p1b: Milotic|Surf|p2a: Get Fisted :)|[spread] p2a,p2b\n|-activate|p1a: Gastrodon|move: Protect\n|-resisted|p2b: Grip Reaper\n|-damage|p2a: Get Fisted :)|58\/100\n|-damage|p2b: Grip Reaper|0 fnt\n|faint|p2b: Grip Reaper\n|\n|-weather|Snow|[upkeep]\n|upkeep\n|\n|t:|1700162387\n|switch|p2b: Christina|Frosmoth, L50, F|100\/100\n|turn|3\n|\n|t:|1700162399\n|move|p2a: Get Fisted :)|Bleakwind Storm|p1a: Gastrodon|[spread] p1a,p1b\n|-damage|p1a: Gastrodon|63\/100\n|-damage|p1b: Milotic|74\/100\n|-unboost|p1a: Gastrodon|spe|1\n|-unboost|p1b: Milotic|spe|1\n|-ability|p1b: Milotic|Competitive|boost\n|-boost|p1b: Milotic|spa|2\n|move|p2b: Christina|Giga Drain|p1a: Gastrodon\n|-supereffective|p1a: Gastrodon\n|-damage|p1a: Gastrodon|0 fnt\n|faint|p1a: Gastrodon\n|move|p1b: Milotic|Surf|p2a: Get Fisted :)|[spread] p2a,p2b\n|-damage|p2a: Get Fisted :)|0 fnt\n|-damage|p2b: Christina|65\/100\n|faint|p2a: Get Fisted :)\n|\n|-weather|Snow|[upkeep]\n|-heal|p1b: Milotic|80\/100|[from] item: Leftovers\n|upkeep\n|\n|t:|1700162413\n|switch|p2a: Keto Kisame|Cetitan, L50, F, shiny|100\/100\n|switch|p1a: Ogerpon|Ogerpon-Hearthflame, L50, F|100\/100\n|-ability|p1a: Ogerpon|Mold Breaker\n|turn|4\n|inactive|wonder gawd has 30 seconds left.\n|inactive|pelipperislandxoo has 30 seconds left.\n|inactive|wonder gawd has 20 seconds left.\n|\n|t:|1700162450\n|-terastallize|p2b: Christina|Ice\n|move|p2a: Keto Kisame|Ice Shard|p1a: Ogerpon\n|-damage|p1a: Ogerpon|76\/100\n|move|p1a: Ogerpon|Ivy Cudgel|p2b: Christina|[anim] Ivy Cudgel Fire\n|-supereffective|p2b: Christina\n|-crit|p2b: Christina\n|-damage|p2b: Christina|0 fnt\n|faint|p2b: Christina\n|move|p1b: Milotic|Draining Kiss|p2a: Keto Kisame\n|-damage|p2a: Keto Kisame|43\/100\n|-heal|p1b: Milotic|100\/100|[from] drain|[of] p2a: Keto Kisame\n|-enditem|p2a: Keto Kisame|Sitrus Berry|[eat]\n|-heal|p2a: Keto Kisame|68\/100|[from] item: Sitrus Berry\n|\n|-weather|Snow|[upkeep]\n|upkeep\n|turn|5\n|\n|t:|1700162468\n|move|p2a: Keto Kisame|Belly Drum|p2a: Keto Kisame\n|-damage|p2a: Keto Kisame|18\/100\n|-setboost|p2a: Keto Kisame|atk|6|[from] move: Belly Drum\n|move|p1a: Ogerpon|Ivy Cudgel|p2a: Keto Kisame|[anim] Ivy Cudgel Fire\n|-supereffective|p2a: Keto Kisame\n|-damage|p2a: Keto Kisame|0 fnt\n|faint|p2a: Keto Kisame\n|\n|win|pelipperislandxoo\n|raw|pelipperislandxoo's rating: 1179 &rarr; <strong>1210<\/strong><br \/>(+31 for winning)\n|raw|wonder gawd's rating: 1267 &rarr; <strong>1236<\/strong><br \/>(-31 for losing)\n|l| GOODSHITPROFESSOR\n|l|\u2606wonder gawd\n","uploadtime":1700162482,"views":15,"p1id":"pelipperislandxoo","p2id":"wondergawd","formatid":"gen9vgc2023regulatione","rating":1210,"private":0,"password":""}