{"id":"gen9vgc2023regulatione-1992990324","p1":"Shuckleman12","p2":"texconroy","format":"[Gen 9] VGC 2023 Regulation E","log":"|j|\u2606Shuckleman12\n|j|\u2606texconroy\n|t:|1700253287\n|gametype|doubles\n|player|p1|Shuckleman12|fisherman-gen4|1207\n|player|p2|texconroy|lucas-gen4pt|1237\n|teamsize|p1|6\n|teamsize|p2|6\n|gen|9\n|tier|[Gen 9] VGC 2023 Regulation E\n|rated|\n|rule|Species Clause: Limit one of each Pok\u00e9mon\n|rule|Item Clause: Limit one of each item\n|clearpoke\n|poke|p1|Cresselia, L50, F|\n|poke|p1|Iron Hands, L50|\n|poke|p1|Ursaluna-Bloodmoon, L50, M|\n|poke|p1|Heatran, L50, M|\n|poke|p1|Dondozo, L50, M|\n|poke|p1|Tatsugiri-Droopy, L50, F|\n|poke|p2|Torkoal, L50, M|\n|poke|p2|Indeedee-F, L50, F|\n|poke|p2|Ursaluna-Bloodmoon, L50, M|\n|poke|p2|Armarouge, L50, M|\n|poke|p2|Iron Hands, L50|\n|poke|p2|Ceruledge, L50, F|\n|teampreview|4\n|\n|t:|1700253306\n|start\n|switch|p1a: Cresselia|Cresselia, L50, F|100\/100\n|switch|p1b: Potemkin|Iron Hands, L50, shiny|100\/100\n|switch|p2a: Dibs|Indeedee-F, L50, F|100\/100\n|switch|p2b: Cannon|Armarouge, L50, M|100\/100\n|-fieldstart|move: Psychic Terrain|[from] ability: Psychic Surge|[of] p2a: Dibs\n|-enditem|p2b: Cannon|Psychic Seed\n|-boost|p2b: Cannon|spd|1|[from] item: Psychic Seed\n|turn|1\n|\n|t:|1700253331\n|-end|p1b: Potemkin|Quark Drive|[silent]\n|switch|p1b: Dondozo|Dondozo, L50, M|100\/100\n|move|p2a: Dibs|Dazzling Gleam|p1b: Dondozo|[spread] p1a,p1b\n|-damage|p1a: Cresselia|93\/100\n|-damage|p1b: Dondozo|90\/100\n|move|p2b: Cannon|Expanding Force|p1a: Cresselia|[spread] p1a,p1b\n|-resisted|p1a: Cresselia\n|-damage|p1a: Cresselia|75\/100\n|-damage|p1b: Dondozo|40\/100\n|move|p1a: Cresselia|Trick Room|p1a: Cresselia\n|-fieldstart|move: Trick Room|[of] p1a: Cresselia\n|\n|upkeep\n|turn|2\n|inactive|Battle timer is ON: inactive players will automatically lose when time's up. (requested by texconroy)\n|\n|t:|1700253372\n|switch|p2a: Ceres|Ceruledge, L50, F|100\/100\n|move|p1b: Dondozo|Earthquake|p2b: Cannon|[spread] p2a,p2b\n|-immune|p1a: Cresselia|[from] ability: Levitate\n|-supereffective|p2a: Ceres\n|-supereffective|p2b: Cannon\n|-damage|p2a: Ceres|35\/100\n|-damage|p2b: Cannon|58\/100\n|move|p2b: Cannon|Expanding Force|p1a: Cresselia|[spread] p1a,p1b\n|-resisted|p1a: Cresselia\n|-damage|p1a: Cresselia|56\/100\n|-damage|p1b: Dondozo|0 fnt\n|faint|p1b: Dondozo\n|move|p1a: Cresselia|Lunar Blessing|p1a: Cresselia\n|-heal|p1a: Cresselia|81\/100\n|\n|upkeep\n|c|\u2606Shuckleman12|useless piece of shit\n|\n|t:|1700253395\n|switch|p1b: Potemkin|Iron Hands, L50, shiny|100\/100\n|turn|3\n|inactive|Shuckleman12 has 30 seconds left.\n|inactive|texconroy has 30 seconds left.\n|inactive|texconroy has 20 seconds left.\n|\n|t:|1700253434\n|-terastallize|p1b: Potemkin|Water\n|-terastallize|p2a: Ceres|Grass\n|move|p1b: Potemkin|Heavy Slam|p2b: Cannon\n|-resisted|p2b: Cannon\n|-damage|p2b: Cannon|41\/100\n|move|p2b: Cannon|Expanding Force|p1a: Cresselia|[spread] p1a,p1b\n|-resisted|p1a: Cresselia\n|-damage|p1a: Cresselia|61\/100\n|-damage|p1b: Potemkin|68\/100\n|move|p1a: Cresselia|Lunar Blessing|p1a: Cresselia|[spread] p1a,p1b\n|-heal|p1a: Cresselia|86\/100\n|-heal|p1b: Potemkin|93\/100\n|move|p2a: Ceres|Bitter Blade|p1b: Potemkin\n|-resisted|p1b: Potemkin\n|-damage|p1b: Potemkin|72\/100\n|-heal|p2a: Ceres|52\/100|[from] drain|[of] p1b: Potemkin\n|-damage|p2a: Ceres|42\/100|[from] item: Life Orb\n|\n|upkeep\n|turn|4\n|\n|t:|1700253456\n|switch|p1a: Ursaluna|Ursaluna-Bloodmoon, L50, M|100\/100\n|move|p1b: Potemkin|Drain Punch|p2a: Ceres\n|-damage|p2a: Ceres|0 fnt\n|-heal|p1b: Potemkin|85\/100|[from] drain|[of] p2a: Ceres\n|faint|p2a: Ceres\n|move|p2b: Cannon|Armor Cannon|p1a: Ursaluna\n|-damage|p1a: Ursaluna|20\/100\n|-unboost|p2b: Cannon|def|1\n|-unboost|p2b: Cannon|spd|1\n|\n|upkeep\n|\n|t:|1700253469\n|switch|p2a: Selune|Ursaluna-Bloodmoon, L50, M|100\/100\n|turn|5\n|\n|t:|1700253480\n|move|p1b: Potemkin|Drain Punch|p2a: Selune\n|-supereffective|p2a: Selune\n|-crit|p2a: Selune\n|-damage|p2a: Selune|16\/100\n|-heal|p1b: Potemkin|100\/100|[from] drain|[of] p2a: Selune\n|move|p1a: Ursaluna|Hyper Voice|p2b: Cannon|[spread] p2a,p2b\n|-damage|p2a: Selune|0 fnt\n|-damage|p2b: Cannon|0 fnt\n|faint|p2a: Selune\n|faint|p2b: Cannon\n|-enditem|p1a: Ursaluna|Throat Spray\n|-boost|p1a: Ursaluna|spa|1|[from] item: Throat Spray\n|\n|-fieldend|move: Trick Room\n|-fieldend|move: Psychic Terrain\n|upkeep\n|-message|texconroy forfeited.\n|\n|win|Shuckleman12\n|raw|Shuckleman12's rating: 1207 &rarr; <strong>1234<\/strong><br \/>(+27 for winning)\n|raw|texconroy's rating: 1237 &rarr; <strong>1210<\/strong><br \/>(-27 for losing)\n","uploadtime":1700253391,"views":10,"p1id":"shuckleman12","p2id":"texconroy","formatid":"gen9vgc2023regulatione","rating":1210,"private":0,"password":""}