{"id":"gen9vgc2023regulatione-1991544842","p1":"atam24","p2":"foxyman52","format":"[Gen 9] VGC 2023 Regulation E","log":"|j|\u2606atam24\n|j|\u2606foxyman52\n|t:|1700086877\n|gametype|doubles\n|player|p1|atam24|2|1598\n|player|p2|foxyman52|2|1622\n|teamsize|p1|6\n|teamsize|p2|6\n|gen|9\n|tier|[Gen 9] VGC 2023 Regulation E\n|rated|\n|rule|Species Clause: Limit one of each Pok\u00e9mon\n|rule|Item Clause: Limit one of each item\n|clearpoke\n|poke|p1|Sneasler, L50, F|\n|poke|p1|Indeedee-F, L50, F|\n|poke|p1|Armarouge, L50, M|\n|poke|p1|Urshifu-*, L50, M|\n|poke|p1|Chien-Pao, L50|\n|poke|p1|Tornadus, L50, M|\n|poke|p2|Dondozo, L50, M|\n|poke|p2|Tatsugiri-Droopy, L50, M|\n|poke|p2|Glimmora, L50, M|\n|poke|p2|Rillaboom, L50, F|\n|poke|p2|Flutter Mane, L50|\n|poke|p2|Arcanine-Hisui, L50, M|\n|teampreview|4\n|inactive|Battle timer is ON: inactive players will automatically lose when time's up. (requested by foxyman52)\n|j| Arxostero\n|inactive|atam24 has 60 seconds left.\n|j| Asacado\n|inactive|atam24 has 30 seconds left.\n|\n|t:|1700086941\n|start\n|switch|p1a: Armarouge|Armarouge, L50, M|100\/100\n|switch|p1b: Urshifu|Urshifu-Rapid-Strike, L50, M|100\/100\n|switch|p2a: Glimmora|Glimmora, L50, M|100\/100\n|switch|p2b: Flutter Mane|Flutter Mane, L50|100\/100\n|turn|1\n|inactive|atam24 has 30 seconds left.\n|\n|t:|1700086972\n|-terastallize|p2a: Glimmora|Grass\n|move|p1b: Urshifu|Surging Strikes|p2b: Flutter Mane\n|-crit|p2b: Flutter Mane\n|-damage|p2b: Flutter Mane|52\/100\n|-crit|p2b: Flutter Mane\n|-damage|p2b: Flutter Mane|5\/100\n|-crit|p2b: Flutter Mane\n|-damage|p2b: Flutter Mane|0 fnt\n|faint|p2b: Flutter Mane\n|-end|p2b: Flutter Mane|Protosynthesis|[silent]\n|-hitcount|p2: Flutter Mane|3\n|move|p2a: Glimmora|Mortal Spin|p1b: Urshifu|[spread] p1a,p1b\n|-damage|p1a: Armarouge|97\/100\n|-damage|p1b: Urshifu|97\/100\n|-status|p1a: Armarouge|psn\n|-status|p1b: Urshifu|psn\n|-ability|p1a: Armarouge|Weak Armor|boost\n|-unboost|p1a: Armarouge|def|1\n|-boost|p1a: Armarouge|spe|2\n|move|p1a: Armarouge|Expanding Force|p2a: Glimmora\n|-damage|p2a: Glimmora|57\/100\n|\n|-damage|p1a: Armarouge|84\/100 psn|[from] psn\n|-damage|p1b: Urshifu|85\/100 psn|[from] psn\n|upkeep\n|\n|t:|1700086990\n|switch|p2b: Dondozo|Dondozo, L50, M|100\/100\n|turn|2\n|\n|t:|1700087007\n|switch|p1b: Indeedee|Indeedee-F, L50, F|100\/100\n|-fieldstart|move: Psychic Terrain|[from] ability: Psychic Surge|[of] p1b: Indeedee\n|switch|p2a: Tatsugiri|Tatsugiri-Droopy, L50, M|100\/100\n|-activate|p2a: Tatsugiri|ability: Commander|[of] p2b: Dondozo\n|-boost|p2b: Dondozo|atk|2\n|-boost|p2b: Dondozo|spa|2\n|-boost|p2b: Dondozo|spe|2\n|-boost|p2b: Dondozo|def|2\n|-boost|p2b: Dondozo|spd|2\n|move|p1a: Armarouge|Expanding Force|p2a: Tatsugiri|[spread] p2b\n|-miss|p1a: Armarouge|p2a: Tatsugiri\n|-damage|p2b: Dondozo|81\/100\n|move|p2b: Dondozo|Order Up|p1b: Indeedee\n|-damage|p1b: Indeedee|54\/100\n|-boost|p2b: Dondozo|def|1\n|\n|-heal|p2b: Dondozo|87\/100|[from] item: Leftovers\n|-damage|p1a: Armarouge|72\/100 psn|[from] psn\n|upkeep\n|turn|3\n|inactive|atam24 has 30 seconds left.\n|inactive|foxyman52 has 30 seconds left.\n|\n|t:|1700087039\n|move|p1b: Indeedee|Helping Hand|p1a: Armarouge\n|-singleturn|p1a: Armarouge|Helping Hand|[of] p1b: Indeedee\n|move|p2b: Dondozo|Protect|p2b: Dondozo\n|-singleturn|p2b: Dondozo|Protect\n|move|p1a: Armarouge|Expanding Force|p2a: Tatsugiri|[spread] \n|-miss|p1a: Armarouge|p2a: Tatsugiri\n|-activate|p2b: Dondozo|move: Protect\n|\n|-heal|p2b: Dondozo|93\/100|[from] item: Leftovers\n|-damage|p1a: Armarouge|60\/100 psn|[from] psn\n|upkeep\n|turn|4\n|\n|t:|1700087054\n|move|p1b: Indeedee|Helping Hand|p1a: Armarouge\n|-singleturn|p1a: Armarouge|Helping Hand|[of] p1b: Indeedee\n|move|p1a: Armarouge|Expanding Force|p2b: Dondozo|[spread] p2b\n|-miss|p1a: Armarouge|p2a: Tatsugiri\n|-damage|p2b: Dondozo|62\/100\n|move|p2b: Dondozo|Order Up|p1b: Indeedee\n|-damage|p1b: Indeedee|14\/100\n|-boost|p2b: Dondozo|def|1\n|\n|-heal|p2b: Dondozo|68\/100|[from] item: Leftovers\n|-damage|p1a: Armarouge|47\/100 psn|[from] psn\n|upkeep\n|turn|5\n|\n|t:|1700087076\n|switch|p1a: Sneasler|Sneasler, L50, F|100\/100\n|-enditem|p1a: Sneasler|Psychic Seed\n|-boost|p1a: Sneasler|spd|1|[from] item: Psychic Seed\n|move|p1b: Indeedee|Protect|p1b: Indeedee\n|-singleturn|p1b: Indeedee|Protect\n|move|p2b: Dondozo|Protect||[still]\n|-fail|p2b: Dondozo\n|\n|-heal|p2b: Dondozo|74\/100|[from] item: Leftovers\n|upkeep\n|turn|6\n|inactive|foxyman52 has 30 seconds left.\n|\n|t:|1700087101\n|switch|p1b: Urshifu|Urshifu-Rapid-Strike, L50, M|85\/100 psn\n|move|p2b: Dondozo|Protect|p2b: Dondozo\n|-singleturn|p2b: Dondozo|Protect\n|move|p1a: Sneasler|Dire Claw|p2b: Dondozo\n|-activate|p2b: Dondozo|move: Protect\n|\n|-heal|p2b: Dondozo|80\/100|[from] item: Leftovers\n|-damage|p1b: Urshifu|73\/100 psn|[from] psn\n|-fieldend|move: Psychic Terrain\n|upkeep\n|turn|7\n|\n|t:|1700087121\n|move|p1a: Sneasler|Dire Claw|p2b: Dondozo\n|-damage|p2b: Dondozo|72\/100\n|-status|p2b: Dondozo|psn\n|move|p1b: Urshifu|Close Combat|p2b: Dondozo\n|-damage|p2b: Dondozo|58\/100 psn\n|-unboost|p1b: Urshifu|def|1\n|-unboost|p1b: Urshifu|spd|1\n|move|p2b: Dondozo|Order Up|p1b: Urshifu\n|-damage|p1b: Urshifu|34\/100 psn\n|-boost|p2b: Dondozo|def|1\n|\n|-heal|p2b: Dondozo|64\/100 psn|[from] item: Leftovers\n|-damage|p1b: Urshifu|22\/100 psn|[from] psn\n|-damage|p2b: Dondozo|51\/100 psn|[from] psn\n|upkeep\n|turn|8\n|inactive|foxyman52 has 30 seconds left.\n|inactive|foxyman52 has 20 seconds left.\n|\n|t:|1700087157\n|move|p1a: Sneasler|Close Combat|p2b: Dondozo\n|-damage|p2b: Dondozo|39\/100 psn\n|-unboost|p1a: Sneasler|def|1\n|-unboost|p1a: Sneasler|spd|1\n|move|p1b: Urshifu|Close Combat|p2b: Dondozo\n|-damage|p2b: Dondozo|27\/100 psn\n|-unboost|p1b: Urshifu|def|1\n|-unboost|p1b: Urshifu|spd|1\n|move|p2b: Dondozo|Order Up|p1b: Urshifu\n|-damage|p1b: Urshifu|0 fnt\n|faint|p1b: Urshifu\n|-boost|p2b: Dondozo|def|1\n|\n|-heal|p2b: Dondozo|33\/100 psn|[from] item: Leftovers\n|-damage|p2b: Dondozo|20\/100 psn|[from] psn\n|upkeep\n|\n|t:|1700087178\n|switch|p1b: Armarouge|Armarouge, L50, M|47\/100 psn\n|turn|9\n|\n|t:|1700087192\n|move|p1a: Sneasler|Rock Slide|p2a: Tatsugiri|[spread] p2b\n|-miss|p1a: Sneasler|p2a: Tatsugiri\n|-damage|p2b: Dondozo|17\/100 psn\n|move|p1b: Armarouge|Expanding Force|p2b: Dondozo\n|-damage|p2b: Dondozo|2\/100 psn\n|move|p2b: Dondozo|Order Up|p1a: Sneasler\n|-damage|p1a: Sneasler|45\/100\n|-boost|p2b: Dondozo|def|0\n|\n|-heal|p2b: Dondozo|9\/100 psn|[from] item: Leftovers\n|-damage|p1b: Armarouge|35\/100 psn|[from] psn\n|-damage|p2b: Dondozo|0 fnt|[from] psn\n|faint|p2b: Dondozo\n|upkeep\n|\n|t:|1700087204\n|switch|p2b: Glimmora|Glimmora, L50, M, tera:Grass|57\/100\n|turn|10\n|\n|t:|1700087225\n|switch|p1b: Indeedee|Indeedee-F, L50, F|14\/100\n|-fieldstart|move: Psychic Terrain|[from] ability: Psychic Surge|[of] p1b: Indeedee\n|move|p2b: Glimmora|Spiky Shield|p2b: Glimmora\n|-singleturn|p2b: Glimmora|move: Protect\n|move|p1a: Sneasler|Dire Claw|p2b: Glimmora\n|-activate|p2b: Glimmora|move: Protect\n|-damage|p1a: Sneasler|33\/100|[from] Spiky Shield|[of] p2b: Glimmora\n|move|p2a: Tatsugiri|Muddy Water|p1a: Sneasler|[spread] p1a,p1b\n|-damage|p1a: Sneasler|0 fnt\n|-damage|p1b: Indeedee|0 fnt\n|faint|p1a: Sneasler\n|faint|p1b: Indeedee\n|\n|upkeep\n|\n|t:|1700087239\n|switch|p1b: Armarouge|Armarouge, L50, M|35\/100 psn\n|turn|11\n|\n|t:|1700087246\n|-terastallize|p1b: Armarouge|Grass\n|move|p2a: Tatsugiri|Muddy Water|p1b: Armarouge\n|-resisted|p1b: Armarouge\n|-damage|p1b: Armarouge|5\/100 psn\n|-unboost|p1b: Armarouge|accuracy|1\n|move|p2b: Glimmora|Earth Power|p1b: Armarouge\n|-resisted|p1b: Armarouge\n|-damage|p1b: Armarouge|0 fnt\n|faint|p1b: Armarouge\n|\n|win|foxyman52\n|raw|atam24's rating: 1598 &rarr; <strong>1579<\/strong><br \/>(-19 for losing)\n|raw|foxyman52's rating: 1622 &rarr; <strong>1641<\/strong><br \/>(+19 for winning)\n|c|\u2606atam24|gg\n|c|\u2606foxyman52|gg\n|l|\u2606atam24\n|l| Arxostero\n|l|\u2606foxyman52\n","uploadtime":1700087450,"views":13,"p1id":"atam24","p2id":"foxyman52","formatid":"gen9vgc2023regulatione","rating":1579,"private":0,"password":""}