{"id":"gen9vgc2023regulatione-1995499413","p1":"intark","p2":"giankam98","format":"[Gen 9] VGC 2023 Regulation E","log":"|j|\u2606intark\n|j|\u2606giankam98\n|t:|1700577388\n|gametype|doubles\n|player|p1|intark|artist|1341\n|player|p2|giankam98|benga|1414\n|teamsize|p1|6\n|teamsize|p2|6\n|gen|9\n|tier|[Gen 9] VGC 2023 Regulation E\n|rated|\n|rule|Species Clause: Limit one of each Pok\u00e9mon\n|rule|Item Clause: Limit one of each item\n|clearpoke\n|poke|p1|Hydreigon, L50, M|\n|poke|p1|Tornadus, L50, M|\n|poke|p1|Gholdengo, L50|\n|poke|p1|Arcanine-Hisui, L50, F|\n|poke|p1|Rillaboom, L50, F|\n|poke|p1|Urshifu-*, L50, F|\n|poke|p2|Tornadus, L50, M|\n|poke|p2|Urshifu-*, L50, F|\n|poke|p2|Rillaboom, L50, M|\n|poke|p2|Kingambit, L50, M|\n|poke|p2|Ogerpon-Hearthflame, L50, F|\n|poke|p2|Landorus-Therian, L50, M|\n|teampreview|4\nintark has agreed to open team sheets.\ngiankam98 has agreed to open team sheets.\n|inactive|Battle timer is ON: inactive players will automatically lose when time's up. (requested by intark)\n|\n|t:|1700577451\n|start\n|switch|p1a: Tornadus|Tornadus, L50, M|100\/100\n|switch|p1b: Rillaboom|Rillaboom, L50, F|100\/100\n|switch|p2a: Tornadus|Tornadus, L50, M|100\/100\n|switch|p2b: Urshifu|Urshifu-Rapid-Strike, L50, F|100\/100\n|-fieldstart|move: Grassy Terrain|[from] ability: Grassy Surge|[of] p1b: Rillaboom\n|turn|1\n|inactive|intark has 30 seconds left.\n|inactive|intark has 20 seconds left.\n|inactive|intark has 15 seconds left.\n|\n|t:|1700577495\n|switch|p2b: Landorus|Landorus-Therian, L50, M|100\/100\n|-ability|p2b: Landorus|Intimidate|boost\n|-unboost|p1a: Tornadus|atk|1\n|-unboost|p1b: Rillaboom|atk|1\n|move|p2a: Tornadus|Tailwind|p2a: Tornadus\n|-sidestart|p2: giankam98|move: Tailwind\n|move|p1b: Rillaboom|Grassy Glide|p2b: Landorus\n|-damage|p2b: Landorus|72\/100\n|move|p1a: Tornadus|Bleakwind Storm|p2a: Tornadus|[spread] p2a,p2b\n|-damage|p2a: Tornadus|61\/100\n|-damage|p2b: Landorus|35\/100\n|-unboost|p2b: Landorus|spe|1\n|\n|upkeep\n|turn|2\n|inactive|intark has 30 seconds left.\n|inactive|intark has 20 seconds left.\n|\n|t:|1700577531\n|switch|p1b: Arcanine|Arcanine-Hisui, L50, F|100\/100\n|-ability|p1b: Arcanine|Intimidate|boost\n|-unboost|p2a: Tornadus|atk|1\n|-unboost|p2b: Landorus|atk|1\n|move|p1a: Tornadus|Tailwind|p1a: Tornadus\n|-sidestart|p1: intark|move: Tailwind\n|move|p2a: Tornadus|Bleakwind Storm|p1a: Tornadus|[spread] p1a,p1b\n|-resisted|p1b: Arcanine\n|-damage|p1a: Tornadus|57\/100\n|-damage|p1b: Arcanine|80\/100\n|-unboost|p1b: Arcanine|spe|1\n|move|p2b: Landorus|U-turn|p1b: Arcanine\n|-resisted|p1b: Arcanine\n|-damage|p1b: Arcanine|70\/100\n|\n|t:|1700577545\n|switch|p2b: Urshifu|Urshifu-Rapid-Strike, L50, F|100\/100|[from] U-turn\n|\n|-heal|p1b: Arcanine|76\/100|[from] Grassy Terrain\n|upkeep\n|turn|3\n|\n|t:|1700577567\n|switch|p1a: Rillaboom|Rillaboom, L50, F|100\/100\n|-terastallize|p2b: Urshifu|Water\n|-terastallize|p1b: Arcanine|Fairy\n|move|p2a: Tornadus|Bleakwind Storm|p1b: Arcanine|[spread] p1a,p1b\n|-supereffective|p1a: Rillaboom\n|-damage|p1a: Rillaboom|42\/100\n|-damage|p1b: Arcanine|33\/100\n|-unboost|p1a: Rillaboom|spe|1\n|-unboost|p1b: Arcanine|spe|1\n|move|p2b: Urshifu|Surging Strikes|p1b: Arcanine\n|-crit|p1b: Arcanine\n|-damage|p1b: Arcanine|0 fnt\n|faint|p1b: Arcanine\n|-hitcount|p1: Arcanine|1\n|\n|-heal|p1a: Rillaboom|47\/100|[from] Grassy Terrain\n|upkeep\n|\n|t:|1700577588\n|switch|p1b: Urshifu|Urshifu-Rapid-Strike, L50, F|100\/100\n|turn|4\n|inactive|giankam98 has 30 seconds left.\n|\n|t:|1700577616\n|switch|p2b: Ogerpon|Ogerpon-Hearthflame, L50, F|100\/100\n|-ability|p2b: Ogerpon|Mold Breaker\n|move|p1b: Urshifu|Surging Strikes|p2a: Tornadus\n|-crit|p2a: Tornadus\n|-damage|p2a: Tornadus|30\/100\n|-crit|p2a: Tornadus\n|-damage|p2a: Tornadus|0 fnt\n|faint|p2a: Tornadus\n|-hitcount|p2: Tornadus|2\n|move|p1a: Rillaboom|Wood Hammer|p2b: Ogerpon\n|-resisted|p2b: Ogerpon\n|-damage|p2b: Ogerpon|78\/100\n|-damage|p1a: Rillaboom|41\/100|[from] Recoil\n|\n|-heal|p2b: Ogerpon|85\/100|[from] Grassy Terrain\n|-heal|p1a: Rillaboom|47\/100|[from] Grassy Terrain\n|-sideend|p2: giankam98|move: Tailwind\n|upkeep\n|\n|t:|1700577636\n|switch|p2a: Urshifu|Urshifu-Rapid-Strike, L50, F, tera:Water|100\/100\n|turn|5\n|\n|t:|1700577654\n|switch|p1b: Tornadus|Tornadus, L50, M|57\/100\n|move|p1a: Rillaboom|Grassy Glide|p2a: Urshifu\n|-supereffective|p2a: Urshifu\n|-damage|p2a: Urshifu|29\/100\n|move|p2b: Ogerpon|Horn Leech|p1b: Tornadus\n|-resisted|p1b: Tornadus\n|-damage|p1b: Tornadus|31\/100\n|-heal|p2b: Ogerpon|98\/100|[from] drain|[of] p1b: Tornadus\n|move|p2a: Urshifu|Ice Spinner|p1a: Rillaboom\n|-supereffective|p1a: Rillaboom\n|-damage|p1a: Rillaboom|0 fnt\n|-fieldend|move: Grassy Terrain\n|faint|p1a: Rillaboom\n|\n|-sideend|p1: intark|move: Tailwind\n|upkeep\n|\n|t:|1700577667\n|switch|p1a: Urshifu|Urshifu-Rapid-Strike, L50, F|100\/100\n|turn|6\n|\n|t:|1700577681\n|switch|p2a: Landorus|Landorus-Therian, L50, M|35\/100\n|-ability|p2a: Landorus|Intimidate|boost\n|-unboost|p1a: Urshifu|atk|1\n|-unboost|p1b: Tornadus|atk|1\n|move|p1b: Tornadus|Tailwind|p1b: Tornadus\n|-sidestart|p1: intark|move: Tailwind\n|move|p1a: Urshifu|Surging Strikes|p2b: Ogerpon\n|-crit|p2b: Ogerpon\n|-damage|p2b: Ogerpon|74\/100\n|-crit|p2b: Ogerpon\n|-damage|p2b: Ogerpon|52\/100\n|-crit|p2b: Ogerpon\n|-damage|p2b: Ogerpon|29\/100\n|-hitcount|p2b: Ogerpon|3\n|move|p2b: Ogerpon|Horn Leech|p1a: Urshifu\n|-supereffective|p1a: Urshifu\n|-damage|p1a: Urshifu|11\/100\n|-heal|p2b: Ogerpon|75\/100|[from] drain|[of] p1a: Urshifu\n|\n|upkeep\n|turn|7\n|inactive|giankam98 has 30 seconds left.\n|\n|t:|1700577706\n|switch|p2b: Urshifu|Urshifu-Rapid-Strike, L50, F, tera:Water|29\/100\n|move|p1a: Urshifu|Surging Strikes|p2a: Landorus\n|-supereffective|p2a: Landorus\n|-crit|p2a: Landorus\n|-damage|p2a: Landorus|0 fnt\n|faint|p2a: Landorus\n|-hitcount|p2: Landorus|1\n|move|p1b: Tornadus|Bleakwind Storm|p2b: Urshifu\n|-damage|p2b: Urshifu|0 fnt\n|faint|p2b: Urshifu\n|\n|upkeep\n|\n|t:|1700577723\n|switch|p2b: Ogerpon|Ogerpon-Hearthflame, L50, F|75\/100\n|-ability|p2b: Ogerpon|Mold Breaker\n|turn|8\n|-message|giankam98 forfeited.\n|\n|win|intark\n|raw|intark's rating: 1341 &rarr; <strong>1365<\/strong><br \/>(+24 for winning)\n|raw|giankam98's rating: 1414 &rarr; <strong>1390<\/strong><br \/>(-24 for losing)\n|l|\u2606giankam98\n|c|\u2606intark|gg\n","uploadtime":1700577742,"views":8,"p1id":"intark","p2id":"giankam98","formatid":"gen9vgc2023regulatione","rating":1365,"private":0,"password":""}