{"id":"gen9vgc2023regulatione-1996318452","p1":"BombiAlvarez","p2":"wqewrbgrqe","format":"[Gen 9] VGC 2023 Regulation E","log":"|j|\u2606BombiAlvarez\n|j|\u2606wqewrbgrqe\n|t:|1700670673\n|gametype|doubles\n|player|p1|BombiAlvarez|lucas-gen4pt|1083\n|player|p2|wqewrbgrqe|beauty-gen4dp|1131\n|teamsize|p1|6\n|teamsize|p2|6\n|gen|9\n|tier|[Gen 9] VGC 2023 Regulation E\n|rated|\n|rule|Species Clause: Limit one of each Pok\u00e9mon\n|rule|Item Clause: Limit one of each item\n|clearpoke\n|poke|p1|Zapdos-Galar, L50|\n|poke|p1|Dragonite, L50, M|\n|poke|p1|Chien-Pao, L50|\n|poke|p1|Rillaboom, L50, F|\n|poke|p1|Dondozo, L50, F|\n|poke|p1|Heatran, L50, F|\n|poke|p2|Tatsugiri, L50, M|\n|poke|p2|Dondozo, L50, M|\n|poke|p2|Dragonite, L50, M|\n|poke|p2|Chien-Pao, L50|\n|poke|p2|Meowscarada, L50, F|\n|poke|p2|Ursaluna-Bloodmoon, L50, M|\n|teampreview|4\nBombiAlvarez rejected open team sheets.\n|\n|t:|1700670719\n|start\n|switch|p1a: Zapdos|Zapdos-Galar, L50|100\/100\n|switch|p1b: Chien-Pao|Chien-Pao, L50|100\/100\n|switch|p2a: Dragonite|Dragonite, L50, M|100\/100\n|switch|p2b: Chien-Pao|Chien-Pao, L50|100\/100\n|-ability|p2b: Chien-Pao|Sword of Ruin\n|-ability|p1b: Chien-Pao|Sword of Ruin\n|turn|1\n|\n|t:|1700670759\n|-terastallize|p1a: Zapdos|Ghost\n|move|p2a: Dragonite|Extreme Speed|p1b: Chien-Pao\n|-damage|p1b: Chien-Pao|40\/100\n|move|p2b: Chien-Pao|Sucker Punch|p1a: Zapdos\n|-supereffective|p1a: Zapdos\n|-damage|p1a: Zapdos|2\/100\n|move|p1a: Zapdos|Thunderous Kick|p2b: Chien-Pao\n|-supereffective|p2b: Chien-Pao\n|-enditem|p2b: Chien-Pao|Focus Sash\n|-damage|p2b: Chien-Pao|1\/100\n|-unboost|p2b: Chien-Pao|def|1\n|move|p1b: Chien-Pao|Icicle Crash|p2a: Dragonite\n|-supereffective|p2a: Dragonite\n|-damage|p2a: Dragonite|0 fnt\n|faint|p2a: Dragonite\n|\n|upkeep\n|\n|t:|1700670781\n|switch|p2a: Dondozo|Dondozo, L50, M|100\/100\n|turn|2\n|\n|t:|1700670801\n|switch|p1a: Dragonite|Dragonite, L50, M|100\/100\n|move|p1b: Chien-Pao|Protect|p1b: Chien-Pao\n|-singleturn|p1b: Chien-Pao|Protect\n|move|p2a: Dondozo|Protect|p2a: Dondozo\n|-singleturn|p2a: Dondozo|Protect\n|move|p2b: Chien-Pao|Sucker Punch||[still]\n|-fail|p2b: Chien-Pao\n|\n|upkeep\n|turn|3\n|\n|t:|1700670822\n|switch|p2b: Tatsugiri|Tatsugiri, L50, M|100\/100\n|-activate|p2b: Tatsugiri|ability: Commander|[of] p2a: Dondozo\n|-boost|p2a: Dondozo|atk|2\n|-boost|p2a: Dondozo|spa|2\n|-boost|p2a: Dondozo|spe|2\n|-boost|p2a: Dondozo|def|2\n|-boost|p2a: Dondozo|spd|2\n|-terastallize|p2a: Dondozo|Dragon\n|move|p1a: Dragonite|Extreme Speed|p2b: Tatsugiri|[miss]\n|-miss|p1a: Dragonite|p2b: Tatsugiri\n|move|p1b: Chien-Pao|Crunch|p2a: Dondozo\n|-damage|p2a: Dondozo|79\/100\n|move|p2a: Dondozo|Order Up|p1b: Chien-Pao\n|-damage|p1b: Chien-Pao|0 fnt\n|faint|p1b: Chien-Pao\n|-boost|p2a: Dondozo|atk|1\n|\n|-heal|p2a: Dondozo|85\/100|[from] item: Leftovers\n|upkeep\n|\n|t:|1700670839\n|switch|p1b: Heatran|Heatran, L50, F|100\/100\n|turn|4\n|\n|t:|1700670854\n|move|p2a: Dondozo|Protect|p2a: Dondozo\n|-singleturn|p2a: Dondozo|Protect\n|move|p1b: Heatran|Protect|p1b: Heatran\n|-singleturn|p1b: Heatran|Protect\n|move|p1a: Dragonite|Extreme Speed|p2b: Tatsugiri|[miss]\n|-miss|p1a: Dragonite|p2b: Tatsugiri\n|\n|-heal|p2a: Dondozo|92\/100|[from] item: Leftovers\n|upkeep\n|turn|5\n|\n|t:|1700670881\n|move|p1a: Dragonite|Extreme Speed|p2a: Dondozo\n|-damage|p2a: Dondozo|76\/100\n|move|p2a: Dondozo|Order Up|p1a: Dragonite\n|-supereffective|p1a: Dragonite\n|-damage|p1a: Dragonite|0 fnt\n|faint|p1a: Dragonite\n|-boost|p2a: Dondozo|atk|1\n|move|p1b: Heatran|Earth Power|p2a: Dondozo\n|-damage|p2a: Dondozo|60\/100\n|-unboost|p2a: Dondozo|spd|1\n|\n|-heal|p2a: Dondozo|66\/100|[from] item: Leftovers\n|upkeep\n|\n|t:|1700670898\n|switch|p1a: Zapdos|Zapdos-Galar, L50, tera:Ghost|2\/100\n|turn|6\n|\n|t:|1700670912\n|move|p1a: Zapdos|Brave Bird|p2a: Dondozo\n|-damage|p2a: Dondozo|42\/100\n|-damage|p1a: Zapdos|0 fnt|[from] Recoil\n|faint|p1a: Zapdos\n|move|p2a: Dondozo|Earthquake|p1b: Heatran|[spread] p1b\n|-miss|p2a: Dondozo|p2b: Tatsugiri\n|-supereffective|p1b: Heatran\n|-damage|p1b: Heatran|0 fnt\n|faint|p1b: Heatran\n|\n|win|wqewrbgrqe\n|raw|BombiAlvarez's rating: 1083 &rarr; <strong>1064<\/strong><br \/>(-19 for losing)\n|raw|wqewrbgrqe's rating: 1131 &rarr; <strong>1153<\/strong><br \/>(+22 for winning)\n|c|\u2606wqewrbgrqe|gg\n|l|\u2606BombiAlvarez\n","uploadtime":1700670940,"views":6,"p1id":"bombialvarez","p2id":"wqewrbgrqe","formatid":"gen9vgc2023regulatione","rating":1064,"private":0,"password":""}