{"id":"gen9vgc2023regulatione-1991473335","p1":"ChloeGAMES1006","p2":"MagikDeluxe","format":"[Gen 9] VGC 2023 Regulation E","log":"|j|\u2606ChloeGAMES1006\n|j|\u2606MagikDeluxe\n|t:|1700080186\n|gametype|doubles\n|player|p1|ChloeGAMES1006|1|1179\n|player|p2|MagikDeluxe|colress|1213\n|teamsize|p1|6\n|teamsize|p2|6\n|gen|9\n|tier|[Gen 9] VGC 2023 Regulation E\n|rated|\n|rule|Species Clause: Limit one of each Pok\u00e9mon\n|rule|Item Clause: Limit one of each item\n|clearpoke\n|poke|p1|Regieleki, L50|\n|poke|p1|Tornadus, L50, M|\n|poke|p1|Urshifu-*, L50, M|\n|poke|p1|Ogerpon-Hearthflame, L50, F|\n|poke|p1|Brute Bonnet, L50|\n|poke|p1|Iron Hands, L50|\n|poke|p2|Tornadus, L50, M|\n|poke|p2|Heatran, L50, F|\n|poke|p2|Tauros-Paldea-Blaze, L50, M|\n|poke|p2|Iron Moth, L50|\n|poke|p2|Slither Wing, L50|\n|poke|p2|Chi-Yu, L50|\n|teampreview|4\n|inactive|Battle timer is ON: inactive players will automatically lose when time's up. (requested by ChloeGAMES1006)\n|c|\u2606MagikDeluxe|glhf\n|\n|t:|1700080211\n|start\n|switch|p1a: Tornadus|Tornadus, L50, M|100\/100\n|switch|p1b: Urshifu|Urshifu-Rapid-Strike, L50, M|100\/100\n|switch|p2a: The 'Ran|Heatran, L50, F|100\/100\n|switch|p2b: Tornadus|Tornadus, L50, M|100\/100\n|turn|1\n|\n|t:|1700080228\n|-terastallize|p2a: The 'Ran|Dragon\n|move|p2b: Tornadus|Tailwind|p2b: Tornadus\n|-sidestart|p2: MagikDeluxe|move: Tailwind\n|move|p1a: Tornadus|Taunt|p2b: Tornadus\n|-start|p2b: Tornadus|move: Taunt\n|-enditem|p2b: Tornadus|Mental Herb\n|-end|p2b: Tornadus|move: Taunt\n|move|p2a: The 'Ran|Magma Storm|p1a: Tornadus\n|-damage|p1a: Tornadus|40\/100\n|-activate|p1a: Tornadus|move: Magma Storm|[of] p2a: The 'Ran\n|move|p1b: Urshifu|Close Combat|p2a: The 'Ran\n|-damage|p2a: The 'Ran|11\/100\n|-unboost|p1b: Urshifu|def|1\n|-unboost|p1b: Urshifu|spd|1\n|\n|-heal|p2a: The 'Ran|17\/100|[from] item: Leftovers\n|-damage|p1a: Tornadus|28\/100|[from] move: Magma Storm|[partiallytrapped]\n|upkeep\n|turn|2\n|inactive|MagikDeluxe has 30 seconds left.\n|\n|t:|1700080253\n|switch|p2a: World Tauros|Tauros-Paldea-Blaze, L50, M|100\/100\n|-ability|p2a: World Tauros|Intimidate|boost\n|-unboost|p1a: Tornadus|atk|1\n|-unboost|p1b: Urshifu|atk|1\n|move|p1a: Tornadus|Tailwind|p1a: Tornadus\n|-sidestart|p1: ChloeGAMES1006|move: Tailwind\n|move|p2b: Tornadus|Bleakwind Storm|p1a: Tornadus|[spread] p1a,p1b\n|-supereffective|p1b: Urshifu\n|-damage|p1a: Tornadus|0 fnt\n|-damage|p1b: Urshifu|0 fnt\n|faint|p1a: Tornadus\n|faint|p1b: Urshifu\n|\n|upkeep\n|\n|t:|1700080263\n|switch|p1b: Iron Hands|Iron Hands, L50|100\/100\n|switch|p1a: Regieleki|Regieleki, L50|100\/100\n|turn|3\n|\n|t:|1700080275\n|move|p1b: Iron Hands|Fake Out|p2a: World Tauros\n|-damage|p2a: World Tauros|85\/100\n|-damage|p1b: Iron Hands|84\/100|[from] item: Rocky Helmet|[of] p2a: World Tauros\n|move|p2b: Tornadus|Sunny Day|p2b: Tornadus\n|-weather|SunnyDay\n|move|p1a: Regieleki|Electro Ball|p2b: Tornadus\n|-supereffective|p2b: Tornadus\n|-damage|p2b: Tornadus|0 fnt\n|faint|p2b: Tornadus\n|cant|p2a: World Tauros|flinch\n|\n|-weather|SunnyDay|[upkeep]\n|upkeep\n|\n|t:|1700080280\n|switch|p2b: Chi-Yu|Chi-Yu, L50|100\/100\n|-ability|p2b: Chi-Yu|Beads of Ruin\n|turn|4\n|\n|t:|1700080293\n|move|p1a: Regieleki|Electro Ball|p2b: Chi-Yu\n|-damage|p2b: Chi-Yu|45\/100\n|move|p2b: Chi-Yu|Heat Wave|p1a: Regieleki|[spread] p1a,p1b\n|-damage|p1a: Regieleki|0 fnt\n|-damage|p1b: Iron Hands|32\/100\n|faint|p1a: Regieleki\n|move|p2a: World Tauros|Will-O-Wisp|p1b: Iron Hands\n|-status|p1b: Iron Hands|brn\n|move|p1b: Iron Hands|Drain Punch|p2b: Chi-Yu\n|-supereffective|p2b: Chi-Yu\n|-damage|p2b: Chi-Yu|0 fnt\n|-heal|p1b: Iron Hands|45\/100 brn|[from] drain|[of] p2b: Chi-Yu\n|faint|p2b: Chi-Yu\n|\n|-weather|SunnyDay|[upkeep]\n|-damage|p1b: Iron Hands|39\/100 brn|[from] brn\n|-sideend|p2: MagikDeluxe|move: Tailwind\n|upkeep\n|\n|t:|1700080301\n|switch|p2b: The 'Ran|Heatran, L50, F, tera:Dragon|17\/100\n|turn|5\n|\n|t:|1700080312\n|move|p2a: World Tauros|Raging Bull|p1b: Iron Hands\n|-damage|p1b: Iron Hands|1\/100 brn\n|move|p1b: Iron Hands|Drain Punch|p2b: The 'Ran\n|-damage|p2b: The 'Ran|0 fnt\n|-heal|p1b: Iron Hands|7\/100 brn|[from] drain|[of] p2b: The 'Ran\n|faint|p2b: The 'Ran\n|\n|-weather|SunnyDay|[upkeep]\n|-damage|p1b: Iron Hands|1\/100 brn|[from] brn\n|-sideend|p1: ChloeGAMES1006|move: Tailwind\n|upkeep\n|turn|6\n|\n|t:|1700080324\n|move|p2a: World Tauros|Trailblaze|p1b: Iron Hands\n|-damage|p1b: Iron Hands|0 fnt\n|-boost|p2a: World Tauros|spe|1\n|faint|p1b: Iron Hands\n|-end|p1b: Iron Hands|Quark Drive|[silent]\n|\n|win|MagikDeluxe\n|raw|ChloeGAMES1006's rating: 1179 &rarr; <strong>1156<\/strong><br \/>(-23 for losing)\n|raw|MagikDeluxe's rating: 1213 &rarr; <strong>1236<\/strong><br \/>(+23 for winning)\n|l|\u2606ChloeGAMES1006\n","uploadtime":1700080374,"views":17,"p1id":"chloegames1006","p2id":"magikdeluxe","formatid":"gen9vgc2023regulatione","rating":1156,"private":0,"password":""}