{"id":"gen9vgc2023regulatione-1995838033","p1":"luk29powavgcwp","p2":"Xnarval","format":"[Gen 9] VGC 2023 Regulation E","log":"|j|\u2606luk29powavgcwp\n|j|\u2606Xnarval\n|t:|1700608196\n|gametype|doubles\n|player|p1|luk29powavgcwp|2|1175\n|player|p2|Xnarval|265|1238\n|teamsize|p1|6\n|teamsize|p2|6\n|gen|9\n|tier|[Gen 9] VGC 2023 Regulation E\n|rated|\n|rule|Species Clause: Limit one of each Pok\u00e9mon\n|rule|Item Clause: Limit one of each item\n|clearpoke\n|poke|p1|Urshifu-*, L50, M|\n|poke|p1|Tornadus, L50, M|\n|poke|p1|Arcanine-Hisui, L50, M|\n|poke|p1|Iron Hands, L50|\n|poke|p1|Flutter Mane, L50|\n|poke|p1|Ceruledge, L50, M|\n|poke|p2|Azelf, L50|\n|poke|p2|Weezing, L50, F|\n|poke|p2|Palafin, L50, M|\n|poke|p2|Indeedee-F, L50, F|\n|poke|p2|Slaking, L50, F|\n|poke|p2|Landorus-Therian, L50, M|\n|teampreview|4\n|inactive|Battle timer is ON: inactive players will automatically lose when time's up. (requested by Xnarval)\n|inactive|luk29powavgcwp has 60 seconds left.\n|inactive|luk29powavgcwp has 30 seconds left.\n|inactive|luk29powavgcwp has 20 seconds left.\n|inactive|luk29powavgcwp has 15 seconds left.\n|\n|t:|1700608273\n|start\n|switch|p1a: Ceruledge|Ceruledge, L50, M|100\/100\n|switch|p1b: Tornadus|Tornadus, L50, M|100\/100\n|switch|p2a: Azelf|Azelf, L50|100\/100\n|switch|p2b: Indeedee|Indeedee-F, L50, F|100\/100\n|-fieldstart|move: Psychic Terrain|[from] ability: Psychic Surge|[of] p2b: Indeedee\n|turn|1\n|inactive|luk29powavgcwp has 30 seconds left.\n|inactive|Xnarval has 30 seconds left.\n|inactive|luk29powavgcwp has 20 seconds left.\n|inactive|Xnarval has 20 seconds left.\n|inactive|luk29powavgcwp has 15 seconds left.\n|inactive|luk29powavgcwp has 10 seconds left.\n|inactive|luk29powavgcwp has 5 seconds left.\n|\n|t:|1700608324\n|-terastallize|p1a: Ceruledge|Grass\n|move|p2b: Indeedee|Follow Me|p2b: Indeedee\n|-singleturn|p2b: Indeedee|move: Follow Me\n|move|p1b: Tornadus|Tailwind|p1b: Tornadus\n|-sidestart|p1: luk29powavgcwp|move: Tailwind\n|move|p1a: Ceruledge|Bulk Up|p1a: Ceruledge\n|-boost|p1a: Ceruledge|atk|1\n|-boost|p1a: Ceruledge|def|1\n|move|p2a: Azelf|Mystical Power|p1a: Ceruledge\n|-damage|p1a: Ceruledge|54\/100\n|-boost|p2a: Azelf|spa|1\n|\n|upkeep\n|turn|2\n|inactive|luk29powavgcwp has 30 seconds left.\n|\n|t:|1700608353\n|move|p2b: Indeedee|Follow Me|p2b: Indeedee\n|-singleturn|p2b: Indeedee|move: Follow Me\n|move|p1a: Ceruledge|Bitter Blade|p2b: Indeedee\n|-damage|p2b: Indeedee|28\/100\n|-heal|p1a: Ceruledge|97\/100|[from] drain|[of] p2b: Indeedee\n|move|p1b: Tornadus|Bleakwind Storm|p2b: Indeedee|[spread] p2a,p2b\n|-damage|p2a: Azelf|50\/100\n|-damage|p2b: Indeedee|0 fnt\n|-unboost|p2a: Azelf|spe|1\n|faint|p2b: Indeedee\n|move|p2a: Azelf|Mystical Power|p1a: Ceruledge\n|-damage|p1a: Ceruledge|27\/100\n|-boost|p2a: Azelf|spa|1\n|\n|upkeep\n|\n|t:|1700608370\n|switch|p2b: Landorus|Landorus-Therian, L50, M, shiny|100\/100\n|-ability|p2b: Landorus|Intimidate|boost\n|-fail|p1a: Ceruledge|unboost|[from] item: Clear Amulet|[of] p1a: Ceruledge\n|-unboost|p1b: Tornadus|atk|1\n|turn|3\n|inactive|Xnarval has 30 seconds left.\n|\n|t:|1700608404\n|move|p1a: Ceruledge|Protect|p1a: Ceruledge\n|-singleturn|p1a: Ceruledge|Protect\n|move|p1b: Tornadus|Rain Dance|p1b: Tornadus\n|-weather|RainDance\n|move|p2a: Azelf|Mystical Power|p1a: Ceruledge\n|-activate|p1a: Ceruledge|move: Protect\n|move|p2b: Landorus|U-turn|p1a: Ceruledge\n|-activate|p1a: Ceruledge|move: Protect\n|\n|-weather|RainDance|[upkeep]\n|upkeep\n|turn|4\n|inactive|Xnarval has 30 seconds left.\n|\n|t:|1700608439\n|switch|p1a: Iron Hands|Iron Hands, L50|100\/100\n|move|p1b: Tornadus|Bleakwind Storm|p2a: Azelf|[spread] p2a,p2b\n|-damage|p2a: Azelf|0 fnt\n|-damage|p2b: Landorus|60\/100\n|faint|p2a: Azelf\n|move|p2b: Landorus|U-turn|p1a: Iron Hands\n|-resisted|p1a: Iron Hands\n|-damage|p1a: Iron Hands|93\/100\n|\n|t:|1700608442\n|switch|p2b: Weezing|Weezing, L50, F|100\/100|[from] U-turn\n|-ability|p2b: Weezing|Neutralizing Gas\n|\n|-weather|RainDance|[upkeep]\n|-sideend|p1: luk29powavgcwp|move: Tailwind\n|upkeep\n|\n|t:|1700608447\n|switch|p2a: Landorus|Landorus-Therian, L50, M, shiny|60\/100\n|turn|5\n|inactive|luk29powavgcwp has 30 seconds left.\n|\n|t:|1700608474\n|switch|p1b: Urshifu|Urshifu-Rapid-Strike, L50, M|100\/100\n|move|p1a: Iron Hands|Fake Out|p2a: Landorus\n|-hint|Psychic Terrain doesn't affect Pok\u00e9mon immune to Ground.\n|-damage|p2a: Landorus|43\/100\n|cant|p2a: Landorus|flinch\n|move|p2b: Weezing|Will-O-Wisp|p1a: Iron Hands|[miss]\n|-miss|p2b: Weezing|p1a: Iron Hands\n|\n|-weather|RainDance|[upkeep]\n|-fieldend|move: Psychic Terrain\n|upkeep\n|turn|6\n|-message|Xnarval forfeited.\n|\n|win|luk29powavgcwp\n|raw|luk29powavgcwp's rating: 1175 &rarr; <strong>1204<\/strong><br \/>(+29 for winning)\n|raw|Xnarval's rating: 1238 &rarr; <strong>1209<\/strong><br \/>(-29 for losing)\n|l|\u2606Xnarval\n","uploadtime":1700608501,"views":14,"p1id":"luk29powavgcwp","p2id":"xnarval","formatid":"gen9vgc2023regulatione","rating":1204,"private":0,"password":""}