{"id":"gen9vgc2023regulatione-1989826325","p1":"FoxMarshmallow","p2":"Totibelle","format":"[Gen 9] VGC 2023 Regulation E","log":"|j|\u2606FoxMarshmallow\n|j|\u2606Totibelle\n|t:|1699898977\n|gametype|doubles\n|player|p1|FoxMarshmallow|hilda|1118\n|player|p2|Totibelle|swimmer-gen4dp|1148\n|teamsize|p1|6\n|teamsize|p2|6\n|gen|9\n|tier|[Gen 9] VGC 2023 Regulation E\n|rated|\n|rule|Species Clause: Limit one of each Pok\u00e9mon\n|rule|Item Clause: Limit one of each item\n|clearpoke\n|poke|p1|Ogerpon-Wellspring, L50, F|\n|poke|p1|Arcanine-Hisui, L50, F|\n|poke|p1|Chien-Pao, L50|\n|poke|p1|Flutter Mane, L50|\n|poke|p1|Ursaluna-Bloodmoon, L50, M|\n|poke|p1|Iron Hands, L50|\n|poke|p2|Sprigatito, L50, M|\n|poke|p2|Eiscue, L50, M|\n|poke|p2|Abomasnow, L50, M|\n|poke|p2|Tatsugiri, L50, M|\n|poke|p2|Dondozo, L50, M|\n|poke|p2|Great Tusk, L50|\n|teampreview|4\nFoxMarshmallow has agreed to open team sheets.\n|c|\u2606FoxMarshmallow|tf u doin with a spirigatito\n|\n|t:|1699899020\n|start\n|switch|p1a: Momotaro|Ogerpon-Wellspring, L50, F|100\/100\n|switch|p1b: Yukihyo|Chien-Pao, L50|100\/100\n|switch|p2a: Bozodozo|Dondozo, L50, M|100\/100\n|switch|p2b: Child|Eiscue, L50, M|100\/100\n|-ability|p1b: Yukihyo|Sword of Ruin\n|turn|1\n|\n|t:|1699899057\n|move|p1b: Yukihyo|Protect|p1b: Yukihyo\n|-singleturn|p1b: Yukihyo|Protect\n|move|p1a: Momotaro|Spiky Shield|p1a: Momotaro\n|-singleturn|p1a: Momotaro|move: Protect\n|move|p2a: Bozodozo|Body Press|p1b: Yukihyo\n|-activate|p1b: Yukihyo|move: Protect\n|move|p2b: Child|Substitute|p2b: Child\n|-start|p2b: Child|Substitute\n|-damage|p2b: Child|76\/100\n|\n|upkeep\n|turn|2\n|\n|t:|1699899085\n|switch|p2a: Spaghettioto|Sprigatito, L50, M, shiny|100\/100\n|-terastallize|p1b: Yukihyo|Ghost\n|move|p1b: Yukihyo|Sacred Sword|p2a: Spaghettioto\n|-damage|p2a: Spaghettioto|57\/100\n|move|p1a: Momotaro|Horn Leech|p2a: Spaghettioto\n|-resisted|p2a: Spaghettioto\n|-damage|p2a: Spaghettioto|31\/100\n|move|p2b: Child|Belly Drum|p2b: Child\n|-damage|p2b: Child|26\/100\n|-setboost|p2b: Child|atk|6|[from] move: Belly Drum\n|-enditem|p2b: Child|Sitrus Berry|[eat]\n|-heal|p2b: Child|50\/100|[from] item: Sitrus Berry\n|\n|upkeep\n|turn|3\n|\n|t:|1699899119\n|move|p1b: Yukihyo|Ice Spinner|p2a: Spaghettioto\n|-supereffective|p2a: Spaghettioto\n|-damage|p2a: Spaghettioto|0 fnt\n|faint|p2a: Spaghettioto\n|move|p1a: Momotaro|Ivy Cudgel|p2b: Child\n|-end|p2b: Child|Substitute\n|move|p2b: Child|Ice Spinner|p1a: Momotaro\n|-damage|p1a: Momotaro|0 fnt\n|faint|p1a: Momotaro\n|\n|upkeep\n|\n|t:|1699899139\n|switch|p1a: Uinde|Arcanine-Hisui, L50, F, shiny|100\/100\n|switch|p2a: Bozodozo|Dondozo, L50, M|100\/100\n|turn|4\n|\n|t:|1699899174\n|move|p1b: Yukihyo|Sucker Punch|p2b: Child\n|-activate|p2b: Child|ability: Ice Face\n|-damage|p2b: Child|50\/100\n|detailschange|p2b: Child|Eiscue-Noice, L50, M\n|move|p2b: Child|Ice Spinner|p1b: Yukihyo\n|-enditem|p1b: Yukihyo|Focus Sash\n|-damage|p1b: Yukihyo|1\/100\n|move|p1a: Uinde|Head Smash|p2a: Bozodozo|[miss]\n|-miss|p1a: Uinde|p2a: Bozodozo\n|move|p2a: Bozodozo|Liquidation|p1a: Uinde\n|-supereffective|p1a: Uinde\n|-damage|p1a: Uinde|0 fnt\n|faint|p1a: Uinde\n|\n|upkeep\n|\n|t:|1699899189\n|switch|p1a: Gachiguma|Ursaluna-Bloodmoon, L50, M|100\/100\n|turn|5\n|\n|t:|1699899205\n|move|p1b: Yukihyo|Sucker Punch||[still]\n|-fail|p1b: Yukihyo\n|move|p2b: Child|Substitute|p2b: Child\n|-start|p2b: Child|Substitute\n|-damage|p2b: Child|26\/100\n|move|p2a: Bozodozo|Liquidation|p1a: Gachiguma\n|-supereffective|p1a: Gachiguma\n|-damage|p1a: Gachiguma|27\/100\n|move|p1a: Gachiguma|Hyper Voice|p2a: Bozodozo|[spread] p2a,p2b\n|-damage|p2a: Bozodozo|55\/100\n|-damage|p2b: Child|0 fnt\n|faint|p2b: Child\n|-enditem|p1a: Gachiguma|Throat Spray\n|-boost|p1a: Gachiguma|spa|1|[from] item: Throat Spray\n|\n|upkeep\n|\n|t:|1699899219\n|switch|p2b: Sashimi|Tatsugiri, L50, M, shiny|100\/100\n|-activate|p2b: Sashimi|ability: Commander|[of] p2a: Bozodozo\n|-boost|p2a: Bozodozo|atk|2\n|-boost|p2a: Bozodozo|spa|2\n|-boost|p2a: Bozodozo|spe|2\n|-boost|p2a: Bozodozo|def|2\n|-boost|p2a: Bozodozo|spd|2\n|turn|6\n|\n|t:|1699899240\n|move|p2a: Bozodozo|Earthquake|p1a: Gachiguma|[spread] p1a,p1b\n|-miss|p2a: Bozodozo|p2b: Sashimi\n|-damage|p1a: Gachiguma|0 fnt\n|-damage|p1b: Yukihyo|0 fnt\n|faint|p1a: Gachiguma\n|faint|p1b: Yukihyo\n|\n|win|Totibelle\n|raw|FoxMarshmallow's rating: 1118 &rarr; <strong>1095<\/strong><br \/>(-23 for losing)\n|raw|Totibelle's rating: 1148 &rarr; <strong>1171<\/strong><br \/>(+23 for winning)\n","uploadtime":1699899256,"views":14,"p1id":"foxmarshmallow","p2id":"totibelle","formatid":"gen9vgc2023regulatione","rating":1095,"private":0,"password":""}