{"id":"gen9vgc2023regulatione-1991446973","p1":"CharlienoB","p2":"Juanber13","format":"[Gen 9] VGC 2023 Regulation E","log":"|j|\u2606CharlienoB\n|j|\u2606Juanber13\n|t:|1700077849\n|gametype|doubles\n|player|p1|CharlienoB|266|1083\n|player|p2|Juanber13|102|1068\n|teamsize|p1|6\n|teamsize|p2|6\n|gen|9\n|tier|[Gen 9] VGC 2023 Regulation E\n|rated|\n|rule|Species Clause: Limit one of each Pok\u00e9mon\n|rule|Item Clause: Limit one of each item\n|clearpoke\n|poke|p1|Espathra, L50, M|\n|poke|p1|Clefairy, L50, F|\n|poke|p1|Gholdengo, L50|\n|poke|p1|Rillaboom, L50, F|\n|poke|p1|Arcanine-Hisui, L50, F|\n|poke|p1|Ogerpon-Wellspring, L50, F|\n|poke|p2|Lilligant-Hisui, L50, F|\n|poke|p2|Tinkaton, L50, F|\n|poke|p2|Clefable, L50, M|\n|poke|p2|Ogerpon-Wellspring, L50, F|\n|poke|p2|Ninetales, L50, F|\n|poke|p2|Torkoal, L50, M|\n|teampreview|4\n|inactive|Battle timer is ON: inactive players will automatically lose when time's up. (requested by CharlienoB)\n|\n|t:|1700077876\n|start\n|switch|p1a: Espathra|Espathra, L50, M|100\/100\n|switch|p1b: Clefairy|Clefairy, L50, F|100\/100\n|switch|p2a: Ogerpon|Ogerpon-Wellspring, L50, F|100\/100\n|switch|p2b: Tinkaton|Tinkaton, L50, F|100\/100\n|turn|1\n|inactive|Juanber13 has 30 seconds left.\n|inactive|Juanber13 has 20 seconds left.\n|inactive|Juanber13 has 15 seconds left.\n|\n|t:|1700077917\n|move|p1b: Clefairy|Protect|p1b: Clefairy\n|-singleturn|p1b: Clefairy|Protect\n|move|p2b: Tinkaton|Fake Out|p1b: Clefairy\n|-activate|p1b: Clefairy|move: Protect\n|move|p2a: Ogerpon|Ivy Cudgel|p1a: Espathra|[anim] Ivy Cudgel Water\n|-damage|p1a: Espathra|54\/100\n|move|p1a: Espathra|Hypnosis|p2a: Ogerpon|[miss]\n|-miss|p1a: Espathra|p2a: Ogerpon\n|\n|-ability|p1a: Espathra|Speed Boost|boost\n|-boost|p1a: Espathra|spe|1\n|upkeep\n|turn|2\n|\n|t:|1700077940\n|-terastallize|p1b: Clefairy|Water\n|move|p1b: Clefairy|Follow Me|p1b: Clefairy\n|-singleturn|p1b: Clefairy|move: Follow Me\n|move|p1a: Espathra|Lumina Crash|p2b: Tinkaton\n|-resisted|p2b: Tinkaton\n|-damage|p2b: Tinkaton|86\/100\n|-unboost|p2b: Tinkaton|spd|2\n|move|p2a: Ogerpon|U-turn|p1b: Clefairy\n|-damage|p1b: Clefairy|76\/100\n|\n|t:|1700077951\n|switch|p2a: Ninetales|Ninetales, L50, F|100\/100|[from] U-turn\n|-weather|SunnyDay|[from] ability: Drought|[of] p2a: Ninetales\n|move|p2b: Tinkaton|Gigaton Hammer|p1b: Clefairy\n|-resisted|p1b: Clefairy\n|-damage|p1b: Clefairy|37\/100\n|-damage|p2b: Tinkaton|76\/100|[from] item: Life Orb\n|\n|-weather|SunnyDay|[upkeep]\n|-ability|p1a: Espathra|Speed Boost|boost\n|-boost|p1a: Espathra|spe|1\n|upkeep\n|turn|3\n|\n|t:|1700077973\n|move|p1a: Espathra|Lumina Crash|p2b: Tinkaton\n|-resisted|p2b: Tinkaton\n|-damage|p2b: Tinkaton|44\/100\n|-unboost|p2b: Tinkaton|spd|2\n|move|p2a: Ninetales|Solar Beam||[still]\n|-prepare|p2a: Ninetales|Solar Beam\n|-anim|p2a: Ninetales|Solar Beam|p1b: Clefairy\n|-supereffective|p1b: Clefairy\n|-damage|p1b: Clefairy|0 fnt\n|faint|p1b: Clefairy\n|move|p2b: Tinkaton|Play Rough|p1a: Espathra\n|-damage|p1a: Espathra|6\/100\n|-unboost|p1a: Espathra|atk|1\n|-enditem|p1a: Espathra|Sitrus Berry|[eat]\n|-heal|p1a: Espathra|31\/100|[from] item: Sitrus Berry\n|-damage|p2b: Tinkaton|34\/100|[from] item: Life Orb\n|\n|-weather|SunnyDay|[upkeep]\n|-ability|p1a: Espathra|Speed Boost|boost\n|-boost|p1a: Espathra|spe|1\n|upkeep\n|\n|t:|1700077980\n|switch|p1b: Rillaboom|Rillaboom, L50, F|100\/100\n|-fieldstart|move: Grassy Terrain|[from] ability: Grassy Surge|[of] p1b: Rillaboom\n|turn|4\n|inactive|Juanber13 has 30 seconds left.\n|\n|t:|1700078008\n|move|p2b: Tinkaton|Protect|p2b: Tinkaton\n|-singleturn|p2b: Tinkaton|Protect\n|move|p1b: Rillaboom|Fake Out|p2b: Tinkaton\n|-activate|p2b: Tinkaton|move: Protect\n|move|p1a: Espathra|Hypnosis|p2a: Ninetales\n|-status|p2a: Ninetales|slp|[from] move: Hypnosis\n|cant|p2a: Ninetales|slp\n|\n|-weather|SunnyDay|[upkeep]\n|-heal|p1a: Espathra|37\/100|[from] Grassy Terrain\n|-heal|p2b: Tinkaton|40\/100|[from] Grassy Terrain\n|-ability|p1a: Espathra|Speed Boost|boost\n|-boost|p1a: Espathra|spe|1\n|upkeep\n|turn|5\n|inactive|Juanber13 has 30 seconds left.\n|\n|t:|1700078035\n|-terastallize|p2a: Ninetales|Fire\n|move|p1a: Espathra|Lumina Crash|p2a: Ninetales\n|-crit|p2a: Ninetales\n|-damage|p2a: Ninetales|52\/100 slp\n|-unboost|p2a: Ninetales|spd|2\n|-curestatus|p2a: Ninetales|slp|[msg]\n|move|p2a: Ninetales|Fire Blast|p1b: Rillaboom\n|-supereffective|p1b: Rillaboom\n|-damage|p1b: Rillaboom|0 fnt\n|faint|p1b: Rillaboom\n|move|p2b: Tinkaton|Gigaton Hammer|p1a: Espathra\n|-damage|p1a: Espathra|0 fnt\n|faint|p1a: Espathra\n|-damage|p2b: Tinkaton|30\/100|[from] item: Life Orb\n|\n|-weather|SunnyDay|[upkeep]\n|-heal|p2a: Ninetales|58\/100|[from] Grassy Terrain\n|-heal|p2b: Tinkaton|37\/100|[from] Grassy Terrain\n|upkeep\n|\n|t:|1700078051\n|switch|p1b: Arcanine|Arcanine-Hisui, L50, F|100\/100\n|-ability|p1b: Arcanine|Intimidate|boost\n|-unboost|p2a: Ninetales|atk|1\n|-fail|p2b: Tinkaton|unboost|Attack|[from] ability: Own Tempo|[of] p2b: Tinkaton\n|turn|6\n|\n|t:|1700078065\n|switch|p2b: Ogerpon|Ogerpon-Wellspring, L50, F|100\/100\n|move|p2a: Ninetales|Protect|p2a: Ninetales\n|-singleturn|p2a: Ninetales|Protect\n|move|p1b: Arcanine|Rock Slide|p2b: Ogerpon|[spread] p2b\n|-activate|p2a: Ninetales|move: Protect\n|-damage|p2b: Ogerpon|40\/100\n|\n|-weather|none\n|-heal|p2b: Ogerpon|46\/100|[from] Grassy Terrain\n|-heal|p2a: Ninetales|64\/100|[from] Grassy Terrain\n|upkeep\n|turn|7\n|\n|t:|1700078085\n|move|p2b: Ogerpon|Ivy Cudgel|p1b: Arcanine|[anim] Ivy Cudgel Water\n|-supereffective|p1b: Arcanine\n|-damage|p1b: Arcanine|0 fnt\n|faint|p1b: Arcanine\n|\n|win|Juanber13\n|raw|CharlienoB's rating: 1083 &rarr; <strong>1060<\/strong><br \/>(-23 for losing)\n|raw|Juanber13's rating: 1068 &rarr; <strong>1099<\/strong><br \/>(+31 for winning)\n|l|\u2606CharlienoB\n","uploadtime":1700078103,"views":9,"p1id":"charlienob","p2id":"juanber13","formatid":"gen9vgc2023regulatione","rating":1060,"private":0,"password":""}