{"id":"gen9vgc2023regulatione-1993071396","p1":"Strin","p2":"bosilek","format":"[Gen 9] VGC 2023 Regulation E","log":"|j|\u2606Strin\n|j|\u2606bosilek\n|t:|1700261493\n|gametype|doubles\n|player|p1|Strin|102|1319\n|player|p2|bosilek|drayden|1345\n|teamsize|p1|6\n|teamsize|p2|6\n|gen|9\n|tier|[Gen 9] VGC 2023 Regulation E\n|rated|\n|rule|Species Clause: Limit one of each Pok\u00e9mon\n|rule|Item Clause: Limit one of each item\n|clearpoke\n|poke|p1|Charjabug, L50, F|\n|poke|p1|Chi-Yu, L50|\n|poke|p1|Tornadus, L50, M|\n|poke|p1|Grimmsnarl, L50, M|\n|poke|p1|Urshifu-*, L50, M|\n|poke|p1|Flutter Mane, L50|\n|poke|p2|Chi-Yu, L50|\n|poke|p2|Tyranitar, L50, F|\n|poke|p2|Landorus-Therian, L50, M|\n|poke|p2|Ogerpon-Wellspring, L50, F|\n|poke|p2|Iron Hands, L50|\n|poke|p2|Clefairy, L50, M|\n|teampreview|4\n|\n|t:|1700261523\n|start\n|switch|p1a: \u201cDon\u2019tWryBoutHim\u201d|Charjabug, L50, F, shiny|100\/100\n|switch|p1b: Her dad|Tornadus, L50, M|100\/100\n|switch|p2a: Iron Hands|Iron Hands, L50|100\/100\n|switch|p2b: Landorus|Landorus-Therian, L50, M|100\/100\n|-ability|p2b: Landorus|Intimidate|boost\n|-unboost|p1a: \u201cDon\u2019tWryBoutHim\u201d|atk|1\n|-unboost|p1b: Her dad|atk|1\n|turn|1\n|inactive|Battle timer is ON: inactive players will automatically lose when time's up. (requested by Strin)\n|\n|t:|1700261538\n|move|p2a: Iron Hands|Fake Out|p1b: Her dad\n|-damage|p1b: Her dad|78\/100\n|move|p1b: Her dad|Tailwind|p1b: Her dad\n|-sidestart|p1: Strin|move: Tailwind\n|move|p2b: Landorus|Rock Slide|p1a: \u201cDon\u2019tWryBoutHim\u201d|[spread] p1a,p1b\n|-supereffective|p1a: \u201cDon\u2019tWryBoutHim\u201d\n|-supereffective|p1b: Her dad\n|-damage|p1a: \u201cDon\u2019tWryBoutHim\u201d|72\/100\n|-damage|p1b: Her dad|0 fnt\n|faint|p1b: Her dad\n|move|p1a: \u201cDon\u2019tWryBoutHim\u201d|String Shot|p2a: Iron Hands|[spread] p2a,p2b\n|-unboost|p2a: Iron Hands|spe|2\n|-unboost|p2b: Landorus|spe|2\n|\n|upkeep\n|\n|t:|1700261549\n|switch|p1b: Her goldfish|Chi-Yu, L50|100\/100\n|-ability|p1b: Her goldfish|Beads of Ruin\n|turn|2\n|\n|t:|1700261562\n|-terastallize|p1b: Her goldfish|Ghost\n|move|p1a: \u201cDon\u2019tWryBoutHim\u201d|Protect|p1a: \u201cDon\u2019tWryBoutHim\u201d\n|-singleturn|p1a: \u201cDon\u2019tWryBoutHim\u201d|Protect\n|move|p1b: Her goldfish|Nasty Plot|p1b: Her goldfish\n|-boost|p1b: Her goldfish|spa|2\n|move|p2b: Landorus|Rock Slide|p1b: Her goldfish|[spread] p1b\n|-activate|p1a: \u201cDon\u2019tWryBoutHim\u201d|move: Protect\n|-damage|p1b: Her goldfish|64\/100\n|move|p2a: Iron Hands|Drain Punch|p1b: Her goldfish\n|-immune|p1b: Her goldfish\n|\n|upkeep\n|turn|3\n|\n|t:|1700261581\n|switch|p2b: Tyranitar|Tyranitar, L50, F|100\/100\n|-weather|Sandstorm|[from] ability: Sand Stream|[of] p2b: Tyranitar\n|move|p1b: Her goldfish|Heat Wave|p2a: Iron Hands|[spread] p2a,p2b\n|-resisted|p2b: Tyranitar\n|-damage|p2a: Iron Hands|0 fnt\n|-damage|p2b: Tyranitar|60\/100\n|faint|p2a: Iron Hands\n|-end|p2a: Iron Hands|Quark Drive|[silent]\n|-damage|p1b: Her goldfish|54\/100|[from] item: Life Orb\n|move|p1a: \u201cDon\u2019tWryBoutHim\u201d|Sticky Web|p2b: Tyranitar\n|-sidestart|p2: bosilek|move: Sticky Web\n|\n|-weather|Sandstorm|[upkeep]\n|-damage|p1b: Her goldfish|48\/100|[from] Sandstorm\n|-damage|p1a: \u201cDon\u2019tWryBoutHim\u201d|66\/100|[from] Sandstorm\n|upkeep\n|\n|t:|1700261594\n|switch|p2a: Landorus|Landorus-Therian, L50, M|100\/100\n|-ability|p2a: Landorus|Intimidate|boost\n|-unboost|p1a: \u201cDon\u2019tWryBoutHim\u201d|atk|1\n|-unboost|p1b: Her goldfish|atk|1\n|turn|4\n|\n|t:|1700261614\n|move|p1b: Her goldfish|Heat Wave|p2a: Landorus|[spread] p2a,p2b\n|-resisted|p2b: Tyranitar\n|-damage|p2a: Landorus|0 fnt\n|-damage|p2b: Tyranitar|20\/100\n|faint|p2a: Landorus\n|-damage|p1b: Her goldfish|38\/100|[from] item: Life Orb\n|move|p2b: Tyranitar|Rock Slide|p1b: Her goldfish|[spread] p1a\n|-miss|p2b: Tyranitar|p1b: Her goldfish\n|-supereffective|p1a: \u201cDon\u2019tWryBoutHim\u201d\n|-damage|p1a: \u201cDon\u2019tWryBoutHim\u201d|21\/100\n|cant|p1a: \u201cDon\u2019tWryBoutHim\u201d|flinch\n|\n|-weather|Sandstorm|[upkeep]\n|-damage|p1b: Her goldfish|32\/100|[from] Sandstorm\n|-damage|p1a: \u201cDon\u2019tWryBoutHim\u201d|15\/100|[from] Sandstorm\n|-sideend|p1: Strin|move: Tailwind\n|upkeep\n|\n|t:|1700261628\n|switch|p2a: Ogerpon|Ogerpon-Wellspring, L50, F|100\/100\n|-activate|p2a: Ogerpon|move: Sticky Web\n|-unboost|p2a: Ogerpon|spe|1\n|turn|5\n|\n|t:|1700261640\n|-terastallize|p2a: Ogerpon|Water\n|detailschange|p2a: Ogerpon|Ogerpon-Wellspring-Tera, L50, F, tera:Water\n|-ability|p2a: Ogerpon|Embody Aspect (Wellspring)|boost\n|-boost|p2a: Ogerpon|spd|1\n|move|p1b: Her goldfish|Dark Pulse|p2a: Ogerpon\n|-damage|p2a: Ogerpon|0 fnt\n|faint|p2a: Ogerpon\n|-damage|p1b: Her goldfish|22\/100|[from] item: Life Orb\n|move|p2b: Tyranitar|Rock Slide|p1b: Her goldfish|[spread] p1a,p1b\n|-supereffective|p1a: \u201cDon\u2019tWryBoutHim\u201d\n|-damage|p1a: \u201cDon\u2019tWryBoutHim\u201d|0 fnt\n|-damage|p1b: Her goldfish|0 fnt\n|faint|p1a: \u201cDon\u2019tWryBoutHim\u201d\n|faint|p1b: Her goldfish\n|\n|-weather|Sandstorm|[upkeep]\n|upkeep\n|\n|t:|1700261658\n|switch|p1b: Her|Flutter Mane, L50|100\/100\n|turn|6\n|\n|t:|1700261665\n|move|p1b: Her|Moonblast|p2b: Tyranitar\n|-supereffective|p2b: Tyranitar\n|-damage|p2b: Tyranitar|0 fnt\n|faint|p2b: Tyranitar\n|\n|win|Strin\n|raw|Strin's rating: 1319 &rarr; <strong>1340<\/strong><br \/>(+21 for winning)\n|raw|bosilek's rating: 1345 &rarr; <strong>1324<\/strong><br \/>(-21 for losing)\n|l|\u2606bosilek\n","uploadtime":1700261673,"views":52,"p1id":"strin","p2id":"bosilek","formatid":"gen9vgc2023regulatione","rating":1324,"private":0,"password":""}