{"id":"gen9vgc2023regulatione-2000545637","p1":"NikyuAlex","p2":"Elias96\u262f","format":"[Gen 9] VGC 2023 Regulation E","log":"|j|\u2606NikyuAlex\n|j|\u2606Elias96\u262f\n|n|\u2606NikyuAlex|nikyualex\n|n|\u2606Elias96\u262f|elias96\n|html|View the match progress at <a href=\"\/game-bestof3-gen9vgc2023regulatione-2000540604\">game-bestof3-gen9vgc2023regulatione-2000540604<\/a>\n|t:|1701204057\n|gametype|doubles\n|player|p1|NikyuAlex|steven|\n|player|p2|Elias96\u262f|lucas|\n|teamsize|p1|6\n|teamsize|p2|6\n|gen|9\n|tier|[Gen 9] VGC 2023 Regulation E\n|rule|Species Clause: Limit one of each Pok\u00e9mon\n|rule|Item Clause: Limit one of each item\n|clearpoke\n|poke|p1|Urshifu-*, L50, F|\n|poke|p1|Gholdengo, L50|\n|poke|p1|Rillaboom, L50, M|\n|poke|p1|Chien-Pao, L50|\n|poke|p1|Arcanine-Hisui, L50, M|\n|poke|p1|Tornadus, L50, M|\n|poke|p2|Cresselia, L50, F|\n|poke|p2|Heatran, L50, F|\n|poke|p2|Landorus-Therian, L50, M|\n|poke|p2|Iron Hands, L50|\n|poke|p2|Ogerpon-Wellspring, L50, F|\n|poke|p2|Flutter Mane, L50|\n|teampreview|4\n|j| Morty92VGC\nNikyuAlex has agreed to open team sheets.\n|j| PallePallose\n|j| KaosCarter\n|c|\u2606NikyuAlex|la lista fra\nElias96\u262f has agreed to open team sheets.\n|showteam|p1|Urshifu-Rapid-Strike||MysticWater|UnseenFist|SurgingStrikes,CloseCombat,AquaJet,Protect|||F|||50|,,,,,Water]Gholdengo||ChoiceSpecs|GoodasGold|MakeItRain,ShadowBall,Thunderbolt,SteelBeam||||||50|,,,,,Steel]Rillaboom||AssaultVest|GrassySurge|WoodHammer,GrassyGlide,FakeOut,HighHorsepower|||M|||50|,,,,,Ghost]Chien-Pao||FocusSash|SwordofRuin|IceSpinner,SuckerPunch,SacredSword,Protect||||||50|,,,,,Ghost]Arcanine-Hisui||SafetyGoggles|Intimidate|ExtremeSpeed,FlareBlitz,RockSlide,WillOWisp|||M|||50|,,,,,Fairy]Tornadus||SitrusBerry|Prankster|BleakwindStorm,Tailwind,RainDance,Protect|||M|||50|,,,,,Dragon\n|showteam|p2|Cresselia||SitrusBerry|Levitate|LunarBlessing,TrickRoom,IceBeam,Psychic|||F|||50|,,,,,Poison]Heatran||Leftovers|FlashFire|HeatWave,FlashCannon,EarthPower,Protect|||F|||50|,,,,,Grass]Landorus-Therian||ChoiceScarf|Intimidate|RockSlide,TeraBlast,StompingTantrum,Uturn|||M|||50|,,,,,Flying]Iron Hands||AssaultVest|QuarkDrive|DrainPunch,WildCharge,FakeOut,HeavySlam||||||50|,,,,,Water]Ogerpon-Wellspring||WellspringMask|WaterAbsorb|IvyCudgel,HornLeech,SpikyShield,FollowMe|||F|||50|,,,,,Water]Flutter Mane||ChoiceSpecs|Protosynthesis|Moonblast,ShadowBall,DazzlingGleam,PerishSong||||||50|,,,,,Fairy\n|c|\u2606NikyuAlex|thx lol\n|c|\u2606Elias96\u262f|Scusa sono abituato alle bo3 normali che si aprono da sole\n|\n|t:|1701204145\n|start\n|switch|p1a: Arcanine|Arcanine-Hisui, L50, M|100\/100\n|switch|p1b: Gholdengo|Gholdengo, L50|100\/100\n|switch|p2a: Cresselia|Cresselia, L50, F|100\/100\n|switch|p2b: Heatran|Heatran, L50, F|100\/100\n|-ability|p1a: Arcanine|Intimidate|boost\n|-unboost|p2a: Cresselia|atk|1\n|-unboost|p2b: Heatran|atk|1\n|turn|1\n|c|\u2606NikyuAlex|vero\n|c|\u2606NikyuAlex|non capisco perch\u00e9 non automatizzare\n|\n|t:|1701204187\n|switch|p1b: Tornadus|Tornadus, L50, M|100\/100\n|-terastallize|p2a: Cresselia|Poison\n|move|p2b: Heatran|Protect|p2b: Heatran\n|-singleturn|p2b: Heatran|Protect\n|move|p1a: Arcanine|Rock Slide|p2b: Heatran|[spread] p2a\n|-activate|p2b: Heatran|move: Protect\n|-damage|p2a: Cresselia|85\/100\n|cant|p2a: Cresselia|flinch\n|\n|upkeep\n|turn|2\n|\n|t:|1701204204\n|switch|p1a: Rillaboom|Rillaboom, L50, M|100\/100\n|-fieldstart|move: Grassy Terrain|[from] ability: Grassy Surge|[of] p1a: Rillaboom\n|move|p1b: Tornadus|Rain Dance|p1b: Tornadus\n|-weather|RainDance\n|move|p2b: Heatran|Heat Wave|p1b: Tornadus|[spread] p1a,p1b\n|-supereffective|p1a: Rillaboom\n|-damage|p1a: Rillaboom|73\/100\n|-damage|p1b: Tornadus|76\/100\n|move|p2a: Cresselia|Trick Room|p2a: Cresselia\n|-fieldstart|move: Trick Room|[of] p2a: Cresselia\n|\n|-weather|RainDance|[upkeep]\n|-heal|p1a: Rillaboom|79\/100|[from] Grassy Terrain\n|upkeep\n|turn|3\n|\n|t:|1701204228\n|switch|p2b: Iron Hands|Iron Hands, L50|100\/100\n|move|p2a: Cresselia|Ice Beam|p1b: Tornadus\n|-supereffective|p1b: Tornadus\n|-damage|p1b: Tornadus|38\/100\n|-enditem|p1b: Tornadus|Sitrus Berry|[eat]\n|-heal|p1b: Tornadus|62\/100|[from] item: Sitrus Berry\n|move|p1a: Rillaboom|High Horsepower|p2b: Iron Hands\n|-supereffective|p2b: Iron Hands\n|-damage|p2b: Iron Hands|56\/100\n|move|p1b: Tornadus|Bleakwind Storm|p2a: Cresselia|[spread] p2a,p2b\n|-damage|p2a: Cresselia|67\/100\n|-damage|p2b: Iron Hands|40\/100\n|-unboost|p2a: Cresselia|spe|1\n|-unboost|p2b: Iron Hands|spe|1\n|\n|-weather|RainDance|[upkeep]\n|-heal|p2b: Iron Hands|46\/100|[from] Grassy Terrain\n|-heal|p1a: Rillaboom|85\/100|[from] Grassy Terrain\n|upkeep\n|turn|4\n|\n|t:|1701204260\n|switch|p1a: Arcanine|Arcanine-Hisui, L50, M|100\/100\n|-ability|p1a: Arcanine|Intimidate|boost\n|-unboost|p2a: Cresselia|atk|1\n|-unboost|p2b: Iron Hands|atk|1\n|switch|p1b: Gholdengo|Gholdengo, L50|100\/100\n|move|p2b: Iron Hands|Wild Charge|p1b: Gholdengo\n|-damage|p1b: Gholdengo|63\/100\n|-damage|p2b: Iron Hands|40\/100|[from] Recoil\n|move|p2a: Cresselia|Lunar Blessing|p2a: Cresselia|[spread] p2a,p2b\n|-heal|p2a: Cresselia|93\/100\n|-heal|p2b: Iron Hands|65\/100\n|\n|-weather|RainDance|[upkeep]\n|-heal|p2b: Iron Hands|71\/100|[from] Grassy Terrain\n|-heal|p1b: Gholdengo|69\/100|[from] Grassy Terrain\n|upkeep\n|turn|5\n|\n|t:|1701204303\n|switch|p1a: Rillaboom|Rillaboom, L50, M|85\/100\n|move|p2b: Iron Hands|Drain Punch|p1a: Rillaboom\n|-damage|p1a: Rillaboom|61\/100\n|-heal|p2b: Iron Hands|81\/100|[from] drain|[of] p1a: Rillaboom\n|move|p2a: Cresselia|Psychic|p1a: Rillaboom\n|-damage|p1a: Rillaboom|43\/100\n|move|p1b: Gholdengo|Make It Rain|p2b: Iron Hands|[spread] p2a,p2b\n|-resisted|p2b: Iron Hands\n|-crit|p2b: Iron Hands\n|-damage|p2a: Cresselia|49\/100\n|-damage|p2b: Iron Hands|52\/100\n|-unboost|p1b: Gholdengo|spa|1\n|-enditem|p2a: Cresselia|Sitrus Berry|[eat]\n|-heal|p2a: Cresselia|73\/100|[from] item: Sitrus Berry\n|\n|-weather|RainDance|[upkeep]\n|-heal|p2b: Iron Hands|58\/100|[from] Grassy Terrain\n|-heal|p1a: Rillaboom|49\/100|[from] Grassy Terrain\n|-heal|p1b: Gholdengo|75\/100|[from] Grassy Terrain\n|upkeep\n|turn|6\n|l| KaosCarter\n|\n|t:|1701204343\n|-end|p2b: Iron Hands|Quark Drive|[silent]\n|switch|p2b: Ogerpon|Ogerpon-Wellspring, L50, F|100\/100\n|-terastallize|p1b: Gholdengo|Steel\n|move|p1a: Rillaboom|Fake Out|p2b: Ogerpon\n|-damage|p2b: Ogerpon|87\/100\n|move|p2a: Cresselia|Ice Beam|p1a: Rillaboom\n|-supereffective|p1a: Rillaboom\n|-damage|p1a: Rillaboom|23\/100\n|move|p1b: Gholdengo|Make It Rain|p2b: Ogerpon|[spread] p2a,p2b\n|-resisted|p2b: Ogerpon\n|-damage|p2a: Cresselia|35\/100\n|-damage|p2b: Ogerpon|53\/100\n|-unboost|p1b: Gholdengo|spa|1\n|\n|-weather|none\n|-heal|p1a: Rillaboom|29\/100|[from] Grassy Terrain\n|-heal|p2b: Ogerpon|59\/100|[from] Grassy Terrain\n|-heal|p1b: Gholdengo|82\/100|[from] Grassy Terrain\n|-fieldend|move: Trick Room\n|-fieldend|move: Grassy Terrain\n|upkeep\n|turn|7\n|\n|t:|1701204366\n|switch|p1a: Arcanine|Arcanine-Hisui, L50, M|100\/100\n|-ability|p1a: Arcanine|Intimidate|boost\n|-unboost|p2a: Cresselia|atk|1\n|-unboost|p2b: Ogerpon|atk|1\n|move|p1b: Gholdengo|Make It Rain|p2a: Cresselia|[spread] p2a,p2b\n|-resisted|p2b: Ogerpon\n|-damage|p2a: Cresselia|4\/100\n|-damage|p2b: Ogerpon|34\/100\n|-unboost|p1b: Gholdengo|spa|1\n|move|p2b: Ogerpon|Ivy Cudgel|p1a: Arcanine|[anim] Ivy Cudgel Water\n|-supereffective|p1a: Arcanine\n|-damage|p1a: Arcanine|0 fnt\n|faint|p1a: Arcanine\n|move|p2a: Cresselia|Trick Room|p2a: Cresselia\n|-fieldstart|move: Trick Room|[of] p2a: Cresselia\n|\n|upkeep\n|\n|t:|1701204381\n|switch|p1a: Rillaboom|Rillaboom, L50, M|29\/100\n|-fieldstart|move: Grassy Terrain|[from] ability: Grassy Surge|[of] p1a: Rillaboom\n|turn|8\n|\n|t:|1701204398\n|switch|p1b: Tornadus|Tornadus, L50, M|62\/100\n|move|p2b: Ogerpon|Spiky Shield|p2b: Ogerpon\n|-singleturn|p2b: Ogerpon|move: Protect\n|move|p1a: Rillaboom|Grassy Glide|p2a: Cresselia\n|-resisted|p2a: Cresselia\n|-damage|p2a: Cresselia|0 fnt\n|faint|p2a: Cresselia\n|\n|-heal|p1a: Rillaboom|35\/100|[from] Grassy Terrain\n|-heal|p2b: Ogerpon|40\/100|[from] Grassy Terrain\n|upkeep\n|\n|t:|1701204403\n|switch|p2a: Heatran|Heatran, L50, F|100\/100\n|turn|9\n|\n|t:|1701204424\n|move|p2b: Ogerpon|Follow Me|p2b: Ogerpon\n|-singleturn|p2b: Ogerpon|move: Follow Me\n|move|p1b: Tornadus|Rain Dance|p1b: Tornadus\n|-weather|RainDance\n|move|p2a: Heatran|Flash Cannon|p1b: Tornadus\n|-damage|p1b: Tornadus|7\/100\n|-unboost|p1b: Tornadus|spd|1\n|move|p1a: Rillaboom|High Horsepower|p2b: Ogerpon\n|-resisted|p2b: Ogerpon\n|-damage|p2b: Ogerpon|25\/100\n|\n|-weather|RainDance|[upkeep]\n|-heal|p1a: Rillaboom|41\/100|[from] Grassy Terrain\n|-heal|p2b: Ogerpon|30\/100|[from] Grassy Terrain\n|upkeep\n|turn|10\n|\n|t:|1701204449\n|switch|p1b: Gholdengo|Gholdengo, L50, tera:Steel|82\/100\n|move|p2b: Ogerpon|Follow Me|p2b: Ogerpon\n|-singleturn|p2b: Ogerpon|move: Follow Me\n|move|p1a: Rillaboom|Grassy Glide|p2b: Ogerpon\n|-damage|p2b: Ogerpon|0 fnt\n|faint|p2b: Ogerpon\n|move|p2a: Heatran|Heat Wave|p1a: Rillaboom|[spread] p1a,p1b\n|-supereffective|p1a: Rillaboom\n|-supereffective|p1b: Gholdengo\n|-damage|p1a: Rillaboom|11\/100\n|-damage|p1b: Gholdengo|34\/100\n|-status|p1a: Rillaboom|brn\n|\n|-weather|RainDance|[upkeep]\n|-heal|p1a: Rillaboom|17\/100 brn|[from] Grassy Terrain\n|-heal|p1b: Gholdengo|40\/100|[from] Grassy Terrain\n|-damage|p1a: Rillaboom|11\/100 brn|[from] brn\n|upkeep\n|\n|t:|1701204452\n|switch|p2b: Iron Hands|Iron Hands, L50|58\/100\n|turn|11\n|c|\u2606NikyuAlex|eh niente ho sbagliato a buttare arca l\u00ec\n|c|\u2606NikyuAlex|gg\n|c|\u2606Elias96\u262f|Eh s\u00ec era un po' leggibile\n|c|\u2606NikyuAlex|no era un missplay \u00e8 diverso\n|c|\u2606NikyuAlex|lol\n|\n|t:|1701204539\n|switch|p1a: Tornadus|Tornadus, L50, M|7\/100\n|move|p2b: Iron Hands|Drain Punch|p1b: Gholdengo\n|-supereffective|p1b: Gholdengo\n|-damage|p1b: Gholdengo|0 fnt\n|-heal|p2b: Iron Hands|72\/100|[from] drain|[of] p1b: Gholdengo\n|faint|p1b: Gholdengo\n|move|p2a: Heatran|Flash Cannon|p1a: Tornadus\n|-damage|p1a: Tornadus|0 fnt\n|faint|p1a: Tornadus\n|\n|-weather|RainDance|[upkeep]\n|-heal|p2b: Iron Hands|78\/100|[from] Grassy Terrain\n|-fieldend|move: Trick Room\n|upkeep\n|c|\u2606NikyuAlex|gg\n|-message|NikyuAlex forfeited.\n|\n|win|Elias96\u262f\n|l|\u2606NikyuAlex\n|l| PallePallose\n","uploadtime":1701204569,"views":7,"p1id":"nikyualex","p2id":"elias96","formatid":"gen9vgc2023regulatione","rating":0,"private":0,"password":""}