{"id":"gen9vgc2023regulatione-1995551151","p1":"PokeLegendJack","p2":"secretstudent","format":"[Gen 9] VGC 2023 Regulation E","log":"|j|\u2606PokeLegendJack\n|j|\u2606secretstudent\n|t:|1700582114\n|gametype|doubles\n|player|p1|PokeLegendJack|169|1000\n|player|p2|secretstudent|beauty|1010\n|teamsize|p1|6\n|teamsize|p2|6\n|gen|9\n|tier|[Gen 9] VGC 2023 Regulation E\n|rated|\n|rule|Species Clause: Limit one of each Pok\u00e9mon\n|rule|Item Clause: Limit one of each item\n|clearpoke\n|poke|p1|Mamoswine, L50, F|\n|poke|p1|Ribombee, L50, M|\n|poke|p1|Corviknight, L50, M|\n|poke|p1|Azumarill, L50, F|\n|poke|p1|Amoonguss, L50, F|\n|poke|p1|Iron Hands, L50|\n|poke|p2|Chien-Pao, L50|\n|poke|p2|Amoonguss, L50, F|\n|poke|p2|Hatterene, L50, F|\n|poke|p2|Gyarados, L50, F|\n|poke|p2|Volcarona, L50, M|\n|poke|p2|Ogerpon, L50, F|\n|teampreview|4\n|\n|t:|1700582157\n|start\n|switch|p1a: Ribombee|Ribombee, L50, M|100\/100\n|switch|p1b: Amoonguss|Amoonguss, L50, F|100\/100\n|switch|p2a: Gyarados|Gyarados, L50, F|100\/100\n|switch|p2b: Volcarona|Volcarona, L50, M|100\/100\n|-ability|p2a: Gyarados|Intimidate|boost\n|-unboost|p1a: Ribombee|atk|1\n|-unboost|p1b: Amoonguss|atk|1\n|turn|1\n|\n|t:|1700582175\n|move|p1b: Amoonguss|Rage Powder|p1b: Amoonguss\n|-singleturn|p1b: Amoonguss|move: Rage Powder\n|move|p1a: Ribombee|Quiver Dance|p1a: Ribombee\n|-boost|p1a: Ribombee|spa|1\n|-boost|p1a: Ribombee|spd|1\n|-boost|p1a: Ribombee|spe|1\n|move|p2a: Gyarados|Taunt|p1b: Amoonguss\n|-start|p1b: Amoonguss|move: Taunt\n|move|p2b: Volcarona|Quiver Dance|p2b: Volcarona\n|-boost|p2b: Volcarona|spa|1\n|-boost|p2b: Volcarona|spd|1\n|-boost|p2b: Volcarona|spe|1\n|\n|upkeep\n|turn|2\n|\n|t:|1700582198\n|-terastallize|p1a: Ribombee|Psychic\n|move|p1a: Ribombee|Stored Power|p2b: Volcarona\n|-damage|p2b: Volcarona|69\/100\n|move|p2b: Volcarona|Quiver Dance|p2b: Volcarona\n|-boost|p2b: Volcarona|spa|1\n|-boost|p2b: Volcarona|spd|1\n|-boost|p2b: Volcarona|spe|1\n|move|p2a: Gyarados|Thunder Wave|p1a: Ribombee\n|-status|p1a: Ribombee|par\n|move|p1b: Amoonguss|Giga Drain|p2a: Gyarados\n|-damage|p2a: Gyarados|75\/100\n|\n|-heal|p2b: Volcarona|75\/100|[from] item: Leftovers\n|upkeep\n|turn|3\n|\n|t:|1700582227\n|move|p2b: Volcarona|Heat Wave|p1a: Ribombee|[spread] p1a\n|-miss|p2b: Volcarona|p1b: Amoonguss\n|-damage|p1a: Ribombee|13\/100 par\n|move|p2a: Gyarados|Waterfall|p1a: Ribombee\n|-damage|p1a: Ribombee|0 fnt\n|faint|p1a: Ribombee\n|move|p1b: Amoonguss|Giga Drain|p2a: Gyarados\n|-damage|p2a: Gyarados|51\/100\n|\n|-heal|p2b: Volcarona|82\/100|[from] item: Leftovers\n|upkeep\n|\n|t:|1700582237\n|switch|p1a: Mamoswine|Mamoswine, L50, F|100\/100\n|turn|4\n|\n|t:|1700582248\n|switch|p2a: Ogerpon|Ogerpon, L50, F|100\/100\n|move|p2b: Volcarona|Heat Wave|p1a: Mamoswine|[spread] p1a,p1b\n|-supereffective|p1a: Mamoswine\n|-supereffective|p1b: Amoonguss\n|-damage|p1a: Mamoswine|0 fnt\n|-damage|p1b: Amoonguss|0 fnt\n|faint|p1a: Mamoswine\n|faint|p1b: Amoonguss\n|\n|-heal|p2b: Volcarona|88\/100|[from] item: Leftovers\n|upkeep\n|\n|t:|1700582255\n|switch|p1b: Corviknight|Corviknight, L50, M|100\/100\n|turn|5\n|-message|PokeLegendJack forfeited.\n|\n|win|secretstudent\n|raw|PokeLegendJack's rating: 1000 &rarr; <strong>1000<\/strong><br \/>(+0 for losing)\n|raw|secretstudent's rating: 1010 &rarr; <strong>1047<\/strong><br \/>(+37 for winning)\n|l|\u2606PokeLegendJack\n","uploadtime":1700582265,"views":0,"p1id":"pokelegendjack","p2id":"secretstudent","formatid":"gen9vgc2023regulatione","rating":1000,"private":0,"password":""}