{"id":"gen9vgc2023regulatione-1992763495","p1":"SkylarStrikes","p2":"TestJay","format":"[Gen 9] VGC 2023 Regulation E","log":"|j|\u2606SkylarStrikes\n|j|\u2606TestJay\n|t:|1700233290\n|gametype|doubles\n|player|p1|SkylarStrikes|sonia|1398\n|player|p2|TestJay|pokemonranger-gen4|1454\n|teamsize|p1|6\n|teamsize|p2|6\n|gen|9\n|tier|[Gen 9] VGC 2023 Regulation E\n|rated|\n|rule|Species Clause: Limit one of each Pok\u00e9mon\n|rule|Item Clause: Limit one of each item\n|clearpoke\n|poke|p1|Iron Hands, L50|\n|poke|p1|Chien-Pao, L50|\n|poke|p1|Sinistcha-Masterpiece, L50|\n|poke|p1|Flutter Mane, L50|\n|poke|p1|Landorus-Therian, L50, M|\n|poke|p1|Heatran, L50, M|\n|poke|p2|Dusclops, L50, F|\n|poke|p2|Ursaluna-Bloodmoon, L50, M|\n|poke|p2|Kommo-o, L50, F|\n|poke|p2|Landorus-Therian, L50, M|\n|poke|p2|Iron Hands, L50|\n|poke|p2|Sinistcha-Masterpiece, L50|\n|teampreview|4\n|c|\u2606TestJay|gl hf\n|inactive|Battle timer is ON: inactive players will automatically lose when time's up. (requested by SkylarStrikes)\n|\n|t:|1700233319\n|start\n|switch|p1a: Flutter Mane|Flutter Mane, L50|100\/100\n|switch|p1b: Landorus|Landorus-Therian, L50, M|100\/100\n|switch|p2a: Dusclops|Dusclops, L50, F, shiny|100\/100\n|switch|p2b: Iron Hands|Iron Hands, L50|100\/100\n|-ability|p1b: Landorus|Intimidate|boost\n|-unboost|p2a: Dusclops|atk|1\n|-unboost|p2b: Iron Hands|atk|1\n|-ability|p2a: Dusclops|Pressure\n|-enditem|p1a: Flutter Mane|Booster Energy\n|-activate|p1a: Flutter Mane|ability: Protosynthesis|[fromitem]\n|-start|p1a: Flutter Mane|protosynthesisspe\n|turn|1\n|\n|t:|1700233336\n|move|p1a: Flutter Mane|Dazzling Gleam|p2a: Dusclops|[spread] p2a,p2b\n|-supereffective|p2b: Iron Hands\n|-damage|p2a: Dusclops|84\/100\n|-damage|p2b: Iron Hands|61\/100\n|move|p1b: Landorus|U-turn|p2a: Dusclops\n|-resisted|p2a: Dusclops\n|-damage|p2a: Dusclops|77\/100\n|\n|t:|1700233344\n|switch|p1b: Iron Hands|Iron Hands, L50|100\/100|[from] U-turn\n|move|p2b: Iron Hands|Volt Switch|p1a: Flutter Mane\n|-damage|p1a: Flutter Mane|88\/100\n|\n|t:|1700233350\n|-end|p2b: Iron Hands|Quark Drive|[silent]\n|switch|p2b: Ursaluna|Ursaluna-Bloodmoon, L50, M|100\/100|[from] Volt Switch\n|move|p2a: Dusclops|Trick Room|p2a: Dusclops\n|-fieldstart|move: Trick Room|[of] p2a: Dusclops\n|\n|upkeep\n|turn|2\n|\n|t:|1700233367\n|-terastallize|p2b: Ursaluna|Normal\n|move|p1b: Iron Hands|Fake Out|p2b: Ursaluna\n|-crit|p2b: Ursaluna\n|-damage|p2b: Ursaluna|83\/100\n|move|p2a: Dusclops|Brick Break|p2b: Ursaluna\n|-supereffective|p2b: Ursaluna\n|-damage|p2b: Ursaluna|70\/100\n|-enditem|p2b: Ursaluna|Weakness Policy\n|-boost|p2b: Ursaluna|atk|2|[from] item: Weakness Policy\n|-boost|p2b: Ursaluna|spa|2|[from] item: Weakness Policy\n|cant|p2b: Ursaluna|flinch\n|move|p1a: Flutter Mane|Shadow Ball|p2a: Dusclops\n|-supereffective|p2a: Dusclops\n|-damage|p2a: Dusclops|28\/100\n|\n|upkeep\n|turn|3\n|inactive|SkylarStrikes has 30 seconds left.\n|\n|t:|1700233397\n|switch|p2a: Sinistcha|Sinistcha-Masterpiece, L50|100\/100\n|-heal|p2b: Ursaluna|95\/100|[from] ability: Hospitality|[of] p2a: Sinistcha\n|move|p2b: Ursaluna|Earth Power|p1b: Iron Hands\n|-supereffective|p1b: Iron Hands\n|-damage|p1b: Iron Hands|0 fnt\n|faint|p1b: Iron Hands\n|-end|p1b: Iron Hands|Quark Drive|[silent]\n|move|p1a: Flutter Mane|Shadow Ball|p2a: Sinistcha\n|-supereffective|p2a: Sinistcha\n|-damage|p2a: Sinistcha|23\/100\n|\n|upkeep\n|\n|t:|1700233407\n|switch|p1b: Heatran|Heatran, L50, M|100\/100\n|turn|4\n|\n|t:|1700233414\n|-terastallize|p1b: Heatran|Grass\n|move|p2a: Sinistcha|Rage Powder|p2a: Sinistcha\n|-singleturn|p2a: Sinistcha|move: Rage Powder\n|move|p2b: Ursaluna|Earth Power|p1b: Heatran\n|-resisted|p1b: Heatran\n|-damage|p1b: Heatran|52\/100\n|move|p1b: Heatran|Heat Wave|p2a: Sinistcha|[spread] p2a,p2b\n|-supereffective|p2a: Sinistcha\n|-damage|p2a: Sinistcha|0 fnt\n|-damage|p2b: Ursaluna|47\/100\n|-status|p2b: Ursaluna|brn\n|faint|p2a: Sinistcha\n|move|p1a: Flutter Mane|Moonblast|p2b: Ursaluna\n|-crit|p2b: Ursaluna\n|-damage|p2b: Ursaluna|0 fnt\n|faint|p2b: Ursaluna\n|\n|-heal|p1b: Heatran|58\/100|[from] item: Leftovers\n|upkeep\n|\n|t:|1700233418\n|switch|p2b: Dusclops|Dusclops, L50, F, shiny|28\/100\n|switch|p2a: Iron Hands|Iron Hands, L50|61\/100\n|-ability|p2b: Dusclops|Pressure\n|turn|5\n|\n|t:|1700233434\n|-end|p1a: Flutter Mane|Protosynthesis|[silent]\n|switch|p1a: Landorus|Landorus-Therian, L50, M|100\/100\n|-ability|p1a: Landorus|Intimidate|boost\n|-unboost|p2a: Iron Hands|atk|1\n|-unboost|p2b: Dusclops|atk|1\n|move|p2b: Dusclops|Night Shade|p1b: Heatran\n|-damage|p1b: Heatran|31\/100\n|move|p2a: Iron Hands|Wild Charge|p1a: Landorus\n|-immune|p1a: Landorus\n|move|p1b: Heatran|Heat Wave|p2b: Dusclops|[spread] p2a,p2b\n|-damage|p2a: Iron Hands|37\/100\n|-damage|p2b: Dusclops|3\/100\n|\n|-heal|p1b: Heatran|37\/100|[from] item: Leftovers\n|-fieldend|move: Trick Room\n|upkeep\n|turn|6\n|c|\u2606TestJay|gg wp\n|\n|t:|1700233447\n|move|p1a: Landorus|Rock Slide|p2b: Dusclops|[spread] p2a,p2b\n|-resisted|p2a: Iron Hands\n|-damage|p2a: Iron Hands|31\/100\n|-damage|p2b: Dusclops|0 fnt\n|faint|p2b: Dusclops\n|move|p1b: Heatran|Heat Wave|p2a: Iron Hands\n|-damage|p2a: Iron Hands|0 fnt\n|faint|p2a: Iron Hands\n|-end|p2a: Iron Hands|Quark Drive|[silent]\n|\n|win|SkylarStrikes\n|raw|SkylarStrikes's rating: 1398 &rarr; <strong>1421<\/strong><br \/>(+23 for winning)\n|raw|TestJay's rating: 1454 &rarr; <strong>1431<\/strong><br \/>(-23 for losing)\n","uploadtime":1700233457,"views":20,"p1id":"skylarstrikes","p2id":"testjay","formatid":"gen9vgc2023regulatione","rating":1421,"private":0,"password":""}