{"id":"gen9vgc2023regulatione-1998496525","p1":"Onassi2","p2":"newusernovice","format":"[Gen 9] VGC 2023 Regulation E","log":"|j|\u2606Onassi2\n|j|\u2606newusernovice\n|t:|1700948932\n|gametype|doubles\n|player|p1|Onassi2|lance|1370\n|player|p2|newusernovice|brawly|1452\n|teamsize|p1|6\n|teamsize|p2|6\n|gen|9\n|tier|[Gen 9] VGC 2023 Regulation E\n|rated|\n|rule|Species Clause: Limit one of each Pok\u00e9mon\n|rule|Item Clause: Limit one of each item\n|clearpoke\n|poke|p1|Zoroark-Hisui, L50, M|\n|poke|p1|Tornadus, L50, M|\n|poke|p1|Urshifu-*, L50, M|\n|poke|p1|Gholdengo, L50|\n|poke|p1|Ogerpon-Wellspring, L50, F|\n|poke|p1|Arcanine-Hisui, L50, F|\n|poke|p2|Regieleki, L50|\n|poke|p2|Indeedee-F, L50, F|\n|poke|p2|Flutter Mane, L50|\n|poke|p2|Chi-Yu, L50|\n|poke|p2|Tornadus, L50, M|\n|poke|p2|Ogerpon-Wellspring, L50, F|\n|teampreview|4\n|inactive|Battle timer is ON: inactive players will automatically lose when time's up. (requested by newusernovice)\n|inactive|Onassi2 has 60 seconds left.\n|inactive|newusernovice has 60 seconds left.\n|inactive|newusernovice has 30 seconds left.\n|\n|t:|1700949001\n|start\n|switch|p1a: Gholdengo|Gholdengo, L50|100\/100\n|switch|p1b: Arcanine|Arcanine-Hisui, L50, F|100\/100\n|switch|p2a: Indeedee|Indeedee-F, L50, F|100\/100\n|switch|p2b: Regieleki|Regieleki, L50, shiny|100\/100\n|-ability|p1b: Arcanine|Intimidate|boost\n|-unboost|p2a: Indeedee|atk|1\n|-unboost|p2b: Regieleki|atk|1\n|-fieldstart|move: Psychic Terrain|[from] ability: Psychic Surge|[of] p2a: Indeedee\n|turn|1\n|\n|t:|1700949019\n|move|p2a: Indeedee|Helping Hand|p2b: Regieleki\n|-singleturn|p2b: Regieleki|Helping Hand|[of] p2a: Indeedee\n|move|p2b: Regieleki|Thunderbolt|p1a: Gholdengo\n|-enditem|p1a: Gholdengo|Focus Sash\n|-damage|p1a: Gholdengo|1\/100\n|replace|p1a: Zoroark|Zoroark-Hisui, L50, M, shiny\n|-end|p1a: Zoroark|Illusion\n|move|p1a: Zoroark|Hyper Voice|p2b: Regieleki|[spread] p2a,p2b\n|-crit|p2a: Indeedee\n|-damage|p2a: Indeedee|54\/100\n|-damage|p2b: Regieleki|31\/100\n|move|p1b: Arcanine|Rock Slide|p2a: Indeedee|[spread] p2a\n|-miss|p1b: Arcanine|p2b: Regieleki\n|-damage|p2a: Indeedee|15\/100\n|-enditem|p2a: Indeedee|Sitrus Berry|[eat]\n|-heal|p2a: Indeedee|40\/100|[from] item: Sitrus Berry\n|\n|upkeep\n|turn|2\n|inactive|Onassi2 has 30 seconds left.\n|inactive|newusernovice has 30 seconds left.\n|\n|t:|1700949052\n|-terastallize|p1b: Arcanine|Grass\n|move|p2a: Indeedee|Helping Hand|p2b: Regieleki\n|-singleturn|p2b: Regieleki|Helping Hand|[of] p2a: Indeedee\n|move|p2b: Regieleki|Thunderbolt|p1b: Arcanine\n|-resisted|p1b: Arcanine\n|-damage|p1b: Arcanine|54\/100\n|move|p1a: Zoroark|Hyper Voice|p2b: Regieleki|[spread] p2a,p2b\n|-damage|p2a: Indeedee|9\/100\n|-damage|p2b: Regieleki|0 fnt\n|faint|p2b: Regieleki\n|move|p1b: Arcanine|Rock Slide|p2a: Indeedee\n|-damage|p2a: Indeedee|0 fnt\n|faint|p2a: Indeedee\n|\n|upkeep\n|\n|t:|1700949066\n|switch|p2b: Ogerpon|Ogerpon-Wellspring, L50, F|100\/100\n|switch|p2a: Tornadus|Tornadus, L50, M, shiny|100\/100\n|turn|3\n|inactive|newusernovice has 30 seconds left.\n|\n|t:|1700949091\n|switch|p1b: Tornadus|Tornadus, L50, M|100\/100\n|-terastallize|p2a: Tornadus|Dark\n|move|p2a: Tornadus|Tailwind|p2a: Tornadus\n|-sidestart|p2: newusernovice|move: Tailwind\n|move|p2b: Ogerpon|Horn Leech|p1a: Zoroark\n|-damage|p1a: Zoroark|0 fnt\n|faint|p1a: Zoroark\n|\n|upkeep\n|\n|t:|1700949100\n|switch|p1a: Arcanine|Arcanine-Hisui, L50, F, tera:Grass|54\/100\n|-ability|p1a: Arcanine|Intimidate|boost\n|-unboost|p2a: Tornadus|atk|1\n|-unboost|p2b: Ogerpon|atk|1\n|turn|4\n|\n|t:|1700949115\n|move|p1b: Tornadus|Tailwind|p1b: Tornadus\n|-sidestart|p1: Onassi2|move: Tailwind\n|move|p2a: Tornadus|Bleakwind Storm|p1a: Arcanine|[spread] p1a,p1b\n|-supereffective|p1a: Arcanine\n|-damage|p1a: Arcanine|0 fnt\n|-damage|p1b: Tornadus|50\/100\n|faint|p1a: Arcanine\n|move|p2b: Ogerpon|Ivy Cudgel|p1b: Tornadus|[anim] Ivy Cudgel Water\n|-damage|p1b: Tornadus|17\/100\n|\n|upkeep\n|\n|t:|1700949120\n|switch|p1a: Gholdengo|Gholdengo, L50|100\/100\n|turn|5\n|\n|t:|1700949134\n|move|p2b: Ogerpon|Spiky Shield|p2b: Ogerpon\n|-singleturn|p2b: Ogerpon|move: Protect\n|move|p2a: Tornadus|Bleakwind Storm|p1b: Tornadus|[spread] p1a,p1b\n|-resisted|p1a: Gholdengo\n|-damage|p1a: Gholdengo|77\/100\n|-damage|p1b: Tornadus|0 fnt\n|faint|p1b: Tornadus\n|move|p1a: Gholdengo|Nasty Plot|p1a: Gholdengo\n|-boost|p1a: Gholdengo|spa|2\n|\n|-heal|p1a: Gholdengo|83\/100|[from] item: Leftovers\n|-fieldend|move: Psychic Terrain\n|upkeep\n|turn|6\n|\n|t:|1700949153\n|move|p2a: Tornadus|Bleakwind Storm|p1a: Gholdengo\n|-resisted|p1a: Gholdengo\n|-damage|p1a: Gholdengo|52\/100\n|move|p2b: Ogerpon|Swords Dance|p2b: Ogerpon\n|-boost|p2b: Ogerpon|atk|2\n|move|p1a: Gholdengo|Dazzling Gleam|p2b: Ogerpon|[spread] p2a,p2b\n|-supereffective|p2a: Tornadus\n|-damage|p2a: Tornadus|0 fnt\n|-damage|p2b: Ogerpon|52\/100\n|faint|p2a: Tornadus\n|\n|-heal|p1a: Gholdengo|58\/100|[from] item: Leftovers\n|-sideend|p2: newusernovice|move: Tailwind\n|upkeep\n|turn|7\n|\n|t:|1700949163\n|move|p2b: Ogerpon|Spiky Shield|p2b: Ogerpon\n|-singleturn|p2b: Ogerpon|move: Protect\n|move|p1a: Gholdengo|Nasty Plot|p1a: Gholdengo\n|-boost|p1a: Gholdengo|spa|2\n|\n|-heal|p1a: Gholdengo|64\/100|[from] item: Leftovers\n|-sideend|p1: Onassi2|move: Tailwind\n|upkeep\n|turn|8\n|\n|t:|1700949168\n|move|p1a: Gholdengo|Protect|p1a: Gholdengo\n|-singleturn|p1a: Gholdengo|Protect\n|move|p2b: Ogerpon|Ivy Cudgel|p1a: Gholdengo|[anim] Ivy Cudgel Water\n|-activate|p1a: Gholdengo|move: Protect\n|\n|-heal|p1a: Gholdengo|70\/100|[from] item: Leftovers\n|upkeep\n|turn|9\n|\n|t:|1700949172\n|move|p2b: Ogerpon|Ivy Cudgel|p1a: Gholdengo|[anim] Ivy Cudgel Water\n|-damage|p1a: Gholdengo|0 fnt\n|faint|p1a: Gholdengo\n|\n|win|newusernovice\n|raw|Onassi2's rating: 1370 &rarr; <strong>1355<\/strong><br \/>(-15 for losing)\n|raw|newusernovice's rating: 1452 &rarr; <strong>1467<\/strong><br \/>(+15 for winning)\n|l|\u2606Onassi2\n","uploadtime":1700949192,"views":7,"p1id":"onassi2","p2id":"newusernovice","formatid":"gen9vgc2023regulatione","rating":1355,"private":0,"password":""}