{"id":"gen9vgc2023regulatione-1994579651","p1":"Orb66623","p2":"Faithbound","format":"[Gen 9] VGC 2023 Regulation E","log":"|j|\u2606Orb66623\n|j|\u2606Faithbound\n|t:|1700463430\n|gametype|doubles\n|player|p1|Orb66623|169|1193\n|player|p2|Faithbound|2|1085\n|teamsize|p1|6\n|teamsize|p2|6\n|gen|9\n|tier|[Gen 9] VGC 2023 Regulation E\n|rated|\n|rule|Species Clause: Limit one of each Pok\u00e9mon\n|rule|Item Clause: Limit one of each item\n|clearpoke\n|poke|p1|Ogerpon-Wellspring, L50, F|\n|poke|p1|Armarouge, L50, M|\n|poke|p1|Torkoal, L50, F|\n|poke|p1|Indeedee-F, L50, F|\n|poke|p1|Iron Hands, L50|\n|poke|p1|Landorus-Therian, L50, M|\n|poke|p2|Iron Valiant, L50|\n|poke|p2|Iron Hands, L50|\n|poke|p2|Tornadus, L50, M|\n|poke|p2|Zapdos, L50|\n|poke|p2|Ogerpon-Hearthflame, L50, F|\n|poke|p2|Palafin, L50, F|\n|teampreview|4\n|\n|t:|1700463464\n|start\n|switch|p1a: Indeedee|Indeedee-F, L50, F|100\/100\n|switch|p1b: Iron Hands|Iron Hands, L50|100\/100\n|switch|p2a: Iron Valiant|Iron Valiant, L50|100\/100\n|switch|p2b: Palafin|Palafin, L50, F|100\/100\n|-fieldstart|move: Psychic Terrain|[from] ability: Psychic Surge|[of] p1a: Indeedee\n|-enditem|p1a: Indeedee|Psychic Seed\n|-boost|p1a: Indeedee|spd|1|[from] item: Psychic Seed\n|turn|1\n|inactive|Battle timer is ON: inactive players will automatically lose when time's up. (requested by Orb66623)\n|inactive|Orb66623 has 60 seconds left.\n|\n|t:|1700463495\n|detailschange|p2b: Palafin|Palafin-Hero, L50, F\n|switch|p2b: Iron Hands|Iron Hands, L50|100\/100\n|-end|p1b: Iron Hands|Quark Drive|[silent]\n|switch|p1b: Torkoal|Torkoal, L50, F|100\/100\n|-weather|SunnyDay|[from] ability: Drought|[of] p1b: Torkoal\n|move|p2a: Iron Valiant|Trick Room|p2a: Iron Valiant\n|-fieldstart|move: Trick Room|[of] p2a: Iron Valiant\n|move|p1a: Indeedee|Trick Room|p1a: Indeedee\n|-fieldend|move: Trick Room\n|\n|-weather|SunnyDay|[upkeep]\n|upkeep\n|turn|2\n|\n|t:|1700463510\n|move|p2a: Iron Valiant|Wide Guard|p2a: Iron Valiant\n|-singleturn|p2a: Iron Valiant|Wide Guard\n|move|p1a: Indeedee|Follow Me|p1a: Indeedee\n|-singleturn|p1a: Indeedee|move: Follow Me\n|move|p2b: Iron Hands|Swords Dance|p2b: Iron Hands\n|-boost|p2b: Iron Hands|atk|2\n|move|p1b: Torkoal|Eruption|p2a: Iron Valiant|[spread] \n|-activate|p2a: Iron Valiant|move: Wide Guard\n|-activate|p2b: Iron Hands|move: Wide Guard\n|\n|-weather|SunnyDay|[upkeep]\n|upkeep\n|turn|3\n|\n|t:|1700463523\n|-terastallize|p2b: Iron Hands|Ground\n|move|p2a: Iron Valiant|Wide Guard|p2a: Iron Valiant\n|-singleturn|p2a: Iron Valiant|Wide Guard\n|move|p1a: Indeedee|Follow Me|p1a: Indeedee\n|-singleturn|p1a: Indeedee|move: Follow Me\n|move|p2b: Iron Hands|Earthquake|p1a: Indeedee|[spread] p1a,p1b\n|-activate|p2a: Iron Valiant|move: Wide Guard\n|-supereffective|p1b: Torkoal\n|-damage|p1a: Indeedee|0 fnt\n|-damage|p1b: Torkoal|0 fnt\n|faint|p1a: Indeedee\n|faint|p1b: Torkoal\n|\n|-weather|SunnyDay|[upkeep]\n|upkeep\n|\n|t:|1700463531\n|switch|p1a: Armarouge|Armarouge, L50, M|100\/100\n|switch|p1b: Iron Hands|Iron Hands, L50|100\/100\n|turn|4\n|\n|t:|1700463542\n|move|p1a: Armarouge|Endure|p1a: Armarouge\n|-singleturn|p1a: Armarouge|move: Endure\n|move|p2a: Iron Valiant|Quick Guard|p2a: Iron Valiant\n|-singleturn|p2a: Iron Valiant|Quick Guard\n|move|p1b: Iron Hands|Wild Charge|p2a: Iron Valiant\n|-damage|p2a: Iron Valiant|59\/100\n|-damage|p1b: Iron Hands|93\/100|[from] Recoil\n|move|p2b: Iron Hands|Earthquake|p1a: Armarouge|[spread] p2a,p1a,p1b\n|-supereffective|p1a: Armarouge\n|-supereffective|p1b: Iron Hands\n|-damage|p2a: Iron Valiant|0 fnt\n|-activate|p1a: Armarouge|move: Endure\n|-damage|p1a: Armarouge|1\/100\n|-damage|p1b: Iron Hands|0 fnt\n|-ability|p1a: Armarouge|Weak Armor|boost\n|-unboost|p1a: Armarouge|def|1\n|-boost|p1a: Armarouge|spe|2\n|-enditem|p1a: Armarouge|Weakness Policy\n|-boost|p1a: Armarouge|atk|2|[from] item: Weakness Policy\n|-boost|p1a: Armarouge|spa|2|[from] item: Weakness Policy\n|faint|p2a: Iron Valiant\n|-end|p2a: Iron Valiant|Quark Drive|[silent]\n|faint|p1b: Iron Hands\n|-end|p1b: Iron Hands|Quark Drive|[silent]\n|\n|-weather|SunnyDay|[upkeep]\n|upkeep\n|\n|t:|1700463556\n|switch|p2a: Palafin|Palafin-Hero, L50, F|100\/100\n|-activate|p2a: Palafin|ability: Zero to Hero\n|turn|5\n|\n|t:|1700463563\n|move|p2a: Palafin|Jet Punch|p1a: Armarouge\n|-activate|p1a: Armarouge|move: Psychic Terrain\n|move|p1a: Armarouge|Expanding Force|p2b: Iron Hands|[spread] p2a,p2b\n|-damage|p2a: Palafin|0 fnt\n|-damage|p2b: Iron Hands|0 fnt\n|faint|p2a: Palafin\n|faint|p2b: Iron Hands\n|-end|p2b: Iron Hands|Quark Drive|[silent]\n|\n|-weather|none\n|-fieldend|move: Psychic Terrain\n|upkeep\n|\n|t:|1700463577\n|switch|p2b: Ogerpon|Ogerpon-Hearthflame, L50, F|100\/100\n|-ability|p2b: Ogerpon|Mold Breaker\n|turn|6\n|\n|t:|1700463586\n|-terastallize|p1a: Armarouge|Psychic\n|move|p1a: Armarouge|Stored Power|p2b: Ogerpon\n|-damage|p2b: Ogerpon|0 fnt\n|faint|p2b: Ogerpon\n|\n|win|Orb66623\n|raw|Orb66623's rating: 1193 &rarr; <strong>1210<\/strong><br \/>(+17 for winning)\n|raw|Faithbound's rating: 1085 &rarr; <strong>1069<\/strong><br \/>(-16 for losing)\n","uploadtime":1700463592,"views":6,"p1id":"orb66623","p2id":"faithbound","formatid":"gen9vgc2023regulatione","rating":1069,"private":0,"password":""}