{"id":"gen9vgc2023regulatione-2000270261","p1":"SacandoOxido","p2":"cicibi","format":"[Gen 9] VGC 2023 Regulation E","log":"|j|\u2606SacandoOxido\n|j|\u2606cicibi\n|t:|1701179775\n|gametype|doubles\n|player|p1|SacandoOxido|pokemaniac|1502\n|player|p2|cicibi|policeman|1698\n|teamsize|p1|6\n|teamsize|p2|6\n|gen|9\n|tier|[Gen 9] VGC 2023 Regulation E\n|rated|\n|rule|Species Clause: Limit one of each Pok\u00e9mon\n|rule|Item Clause: Limit one of each item\n|clearpoke\n|poke|p1|Lilligant-Hisui, L50, F|\n|poke|p1|Torkoal, L50, M|\n|poke|p1|Indeedee-F, L50, F|\n|poke|p1|Armarouge, L50, M|\n|poke|p1|Iron Hands, L50|\n|poke|p1|Dragonite, L50, M|\n|poke|p2|Chi-Yu, L50|\n|poke|p2|Farigiraf, L50, F|\n|poke|p2|Flutter Mane, L50|\n|poke|p2|Iron Hands, L50|\n|poke|p2|Landorus-Therian, L50, M|\n|poke|p2|Ogerpon-Wellspring, L50, F|\n|teampreview|4\n|inactive|Battle timer is ON: inactive players will automatically lose when time's up. (requested by SacandoOxido)\n|\n|t:|1701179806\n|start\n|switch|p1a: TortugaNinja|Torkoal, L50, M|100\/100\n|switch|p1b: La Waifu|Lilligant-Hisui, L50, F, shiny|100\/100\n|switch|p2a: Chi-Yu|Chi-Yu, L50|100\/100\n|switch|p2b: Ogerpon|Ogerpon-Wellspring, L50, F|100\/100\n|-ability|p2a: Chi-Yu|Beads of Ruin\n|-weather|SunnyDay|[from] ability: Drought|[of] p1a: TortugaNinja\n|turn|1\n|\n|t:|1701179823\n|-terastallize|p1a: TortugaNinja|Fire\n|move|p2b: Ogerpon|Spiky Shield|p2b: Ogerpon\n|-singleturn|p2b: Ogerpon|move: Protect\n|move|p1b: La Waifu|After You|p1a: TortugaNinja\n|-activate|p1a: TortugaNinja|move: After You\n|move|p1a: TortugaNinja|Eruption|p2b: Ogerpon|[spread] p2a\n|-activate|p2b: Ogerpon|move: Protect\n|-resisted|p2a: Chi-Yu\n|-damage|p2a: Chi-Yu|30\/100\n|move|p2a: Chi-Yu|Heat Wave|p1a: TortugaNinja|[spread] p1b\n|-miss|p2a: Chi-Yu|p1a: TortugaNinja\n|-supereffective|p1b: La Waifu\n|-enditem|p1b: La Waifu|Focus Sash\n|-damage|p1b: La Waifu|1\/100\n|\n|-weather|SunnyDay|[upkeep]\n|-heal|p2a: Chi-Yu|37\/100|[from] item: Leftovers\n|upkeep\n|turn|2\n|inactive|cicibi has 30 seconds left.\n|\n|t:|1701179856\n|-terastallize|p2b: Ogerpon|Water\n|detailschange|p2b: Ogerpon|Ogerpon-Wellspring-Tera, L50, F, tera:Water\n|-ability|p2b: Ogerpon|Embody Aspect (Wellspring)|boost\n|-boost|p2b: Ogerpon|spd|1\n|move|p2a: Chi-Yu|Protect|p2a: Chi-Yu\n|-singleturn|p2a: Chi-Yu|Protect\n|move|p1b: La Waifu|After You|p1a: TortugaNinja\n|-activate|p1a: TortugaNinja|move: After You\n|move|p1a: TortugaNinja|Eruption|p2b: Ogerpon|[spread] p2b\n|-activate|p2a: Chi-Yu|move: Protect\n|-resisted|p2b: Ogerpon\n|-damage|p2b: Ogerpon|35\/100\n|move|p2b: Ogerpon|Horn Leech|p1b: La Waifu\n|-resisted|p1b: La Waifu\n|-damage|p1b: La Waifu|0 fnt\n|-heal|p2b: Ogerpon|36\/100|[from] drain|[of] p1b: La Waifu\n|faint|p1b: La Waifu\n|\n|-weather|SunnyDay|[upkeep]\n|-heal|p2a: Chi-Yu|43\/100|[from] item: Leftovers\n|upkeep\n|\n|t:|1701179876\n|switch|p1b: El Gordo Amigo|Dragonite, L50, M|100\/100\n|turn|3\n|j| TBTianXiaDiYi\n|inactive|SacandoOxido has 30 seconds left.\n|\n|t:|1701179903\n|switch|p2a: Flutter Mane|Flutter Mane, L50|100\/100\n|-activate|p2a: Flutter Mane|ability: Protosynthesis\n|-start|p2a: Flutter Mane|protosynthesisspa\n|move|p2b: Ogerpon|Ivy Cudgel|p1a: TortugaNinja|[anim] Ivy Cudgel Water\n|-supereffective|p1a: TortugaNinja\n|-damage|p1a: TortugaNinja|44\/100\n|move|p1b: El Gordo Amigo|Stomping Tantrum|p2a: Flutter Mane\n|-damage|p2a: Flutter Mane|39\/100\n|move|p1a: TortugaNinja|Eruption|p2a: Flutter Mane|[spread] p2a,p2b\n|-crit|p2a: Flutter Mane\n|-resisted|p2b: Ogerpon\n|-damage|p2a: Flutter Mane|0 fnt\n|-damage|p2b: Ogerpon|16\/100\n|faint|p2a: Flutter Mane\n|-end|p2a: Flutter Mane|Protosynthesis|[silent]\n|\n|-weather|SunnyDay|[upkeep]\n|upkeep\n|inactive|cicibi has 30 seconds left.\n|\n|t:|1701179930\n|switch|p2a: Chi-Yu|Chi-Yu, L50|43\/100\n|-ability|p2a: Chi-Yu|Beads of Ruin\n|turn|4\n|\n|t:|1701179941\n|switch|p1a: La Furry|Indeedee-F, L50, F|100\/100\n|-fieldstart|move: Psychic Terrain|[from] ability: Psychic Surge|[of] p1a: La Furry\n|move|p2a: Chi-Yu|Protect|p2a: Chi-Yu\n|-singleturn|p2a: Chi-Yu|Protect\n|move|p2b: Ogerpon|Ivy Cudgel|p1a: La Furry|[anim] Ivy Cudgel Water\n|-damage|p1a: La Furry|67\/100\n|move|p1b: El Gordo Amigo|Stomping Tantrum|p2a: Chi-Yu\n|-activate|p2a: Chi-Yu|move: Protect\n|\n|-weather|SunnyDay|[upkeep]\n|-heal|p2a: Chi-Yu|49\/100|[from] item: Leftovers\n|upkeep\n|turn|5\n|inactive|cicibi has 30 seconds left.\n|inactive|cicibi has 20 seconds left.\n|inactive|cicibi has 15 seconds left.\n|\n|t:|1701179981\n|move|p2b: Ogerpon|Follow Me|p2b: Ogerpon\n|-singleturn|p2b: Ogerpon|move: Follow Me\n|move|p2a: Chi-Yu|Dark Pulse|p1a: La Furry\n|-supereffective|p1a: La Furry\n|-damage|p1a: La Furry|0 fnt\n|faint|p1a: La Furry\n|move|p1b: El Gordo Amigo|Stomping Tantrum|p2b: Ogerpon\n|-damage|p2b: Ogerpon|0 fnt\n|faint|p2b: Ogerpon\n|\n|-weather|none\n|-heal|p2a: Chi-Yu|56\/100|[from] item: Leftovers\n|upkeep\n|\n|t:|1701179993\n|switch|p2b: Iron Hands|Iron Hands, L50|100\/100\n|switch|p1a: TortugaNinja|Torkoal, L50, M, tera:Fire|44\/100\n|-weather|SunnyDay|[from] ability: Drought|[of] p1a: TortugaNinja\n|turn|6\n|\n|t:|1701180007\n|move|p2a: Chi-Yu|Protect|p2a: Chi-Yu\n|-singleturn|p2a: Chi-Yu|Protect\n|move|p1b: El Gordo Amigo|Stomping Tantrum|p2a: Chi-Yu\n|-activate|p2a: Chi-Yu|move: Protect\n|move|p2b: Iron Hands|Drain Punch|p1a: TortugaNinja\n|-damage|p1a: TortugaNinja|12\/100\n|move|p1a: TortugaNinja|Heat Wave|p2b: Iron Hands|[spread] p2b\n|-activate|p2a: Chi-Yu|move: Protect\n|-damage|p2b: Iron Hands|36\/100\n|\n|-weather|SunnyDay|[upkeep]\n|-heal|p2a: Chi-Yu|62\/100|[from] item: Leftovers\n|upkeep\n|turn|7\n|\n|t:|1701180025\n|move|p2a: Chi-Yu|Heat Wave|p1b: El Gordo Amigo|[spread] p1b\n|-miss|p2a: Chi-Yu|p1a: TortugaNinja\n|-resisted|p1b: El Gordo Amigo\n|-damage|p1b: El Gordo Amigo|69\/100\n|move|p1b: El Gordo Amigo|Stomping Tantrum|p2a: Chi-Yu\n|-supereffective|p2a: Chi-Yu\n|-damage|p2a: Chi-Yu|0 fnt\n|faint|p2a: Chi-Yu\n|move|p2b: Iron Hands|Wild Charge|p1b: El Gordo Amigo\n|-crit|p1b: El Gordo Amigo\n|-damage|p1b: El Gordo Amigo|0 fnt\n|faint|p1b: El Gordo Amigo\n|-damage|p2b: Iron Hands|22\/100|[from] Recoil\n|move|p1a: TortugaNinja|Heat Wave|p2b: Iron Hands\n|-damage|p2b: Iron Hands|0 fnt\n|faint|p2b: Iron Hands\n|-end|p2b: Iron Hands|Quark Drive|[silent]\n|\n|win|SacandoOxido\n|raw|SacandoOxido's rating: 1502 &rarr; <strong>1532<\/strong><br \/>(+30 for winning)\n|raw|cicibi's rating: 1698 &rarr; <strong>1668<\/strong><br \/>(-30 for losing)\n|c|\u2606SacandoOxido|gg\n|l|\u2606cicibi\n","uploadtime":1701180047,"views":19,"p1id":"sacandooxido","p2id":"cicibi","formatid":"gen9vgc2023regulatione","rating":1532,"private":0,"password":""}