{"id":"gen9vgc2023regulatione-1992058768","p1":"Square K","p2":"Pizza222","format":"[Gen 9] VGC 2023 Regulation E","log":"|j|\u2606Square K\n|j|\u2606Pizza222\n|t:|1700151618\n|gametype|doubles\n|player|p1|Square K|chuck|1099\n|player|p2|Pizza222|sailor|1050\n|teamsize|p1|6\n|teamsize|p2|6\n|gen|9\n|tier|[Gen 9] VGC 2023 Regulation E\n|rated|\n|rule|Species Clause: Limit one of each Pok\u00e9mon\n|rule|Item Clause: Limit one of each item\n|clearpoke\n|poke|p1|Ursaluna-Bloodmoon, L50, M|\n|poke|p1|Dusclops, L50, F|\n|poke|p1|Enamorus-Therian, L50, F|\n|poke|p1|Oranguru, L50, F|\n|poke|p1|Amoonguss, L50, F|\n|poke|p1|Dragonite, L50, F|\n|poke|p2|Clefairy, L50, M|\n|poke|p2|Kommo-o, L50, F|\n|poke|p2|Snorlax, L50, M|\n|poke|p2|Ogerpon-Wellspring, L50, F|\n|poke|p2|Sinistcha-Masterpiece, L50|\n|poke|p2|Iron Hands, L50|\n|teampreview|4\n|inactive|Battle timer is ON: inactive players will automatically lose when time's up. (requested by Pizza222)\n|\n|t:|1700151630\n|start\n|switch|p1a: \u5e9e\u7edf|Dusclops, L50, F|100\/100\n|switch|p1b: \u5218\u7384\u5fb7|Amoonguss, L50, F|100\/100\n|switch|p2a: Greeeeennnnn|Clefairy, L50, M, shiny|100\/100\n|switch|p2b: Carlos|Snorlax, L50, M|100\/100\n|-item|p2a: Greeeeennnnn|Eviolite|[from] ability: Frisk|[of] p1a: \u5e9e\u7edf|[identify]\n|-item|p2b: Carlos|Sitrus Berry|[from] ability: Frisk|[of] p1a: \u5e9e\u7edf|[identify]\n|turn|1\n|\n|t:|1700151650\n|move|p2a: Greeeeennnnn|Follow Me|p2a: Greeeeennnnn\n|-singleturn|p2a: Greeeeennnnn|move: Follow Me\n|move|p2b: Carlos|Belly Drum|p2b: Carlos\n|-damage|p2b: Carlos|50\/100\n|-setboost|p2b: Carlos|atk|6|[from] move: Belly Drum\n|-enditem|p2b: Carlos|Sitrus Berry|[eat]\n|-heal|p2b: Carlos|75\/100|[from] item: Sitrus Berry\n|move|p1b: \u5218\u7384\u5fb7|Spore|p2a: Greeeeennnnn\n|-status|p2a: Greeeeennnnn|slp|[from] move: Spore\n|move|p1a: \u5e9e\u7edf|Trick Room|p1a: \u5e9e\u7edf\n|-fieldstart|move: Trick Room|[of] p1a: \u5e9e\u7edf\n|\n|upkeep\n|turn|2\n|\n|t:|1700151671\n|move|p2b: Carlos|Protect|p2b: Carlos\n|-singleturn|p2b: Carlos|Protect\n|cant|p2a: Greeeeennnnn|slp\n|move|p1b: \u5218\u7384\u5fb7|Spore|p2b: Carlos\n|-activate|p2b: Carlos|move: Protect\n|move|p1a: \u5e9e\u7edf|Pain Split|p2a: Greeeeennnnn\n|-sethp|p2a: Greeeeennnnn|92\/100 slp|[from] move: Pain Split|[silent]\n|-sethp|p1a: \u5e9e\u7edf|100\/100|[from] move: Pain Split\n|\n|upkeep\n|turn|3\n|inactive|Pizza222 has 30 seconds left.\n|\n|t:|1700151698\n|switch|p1a: \u5f20\u7ffc\u5fb7|Ursaluna-Bloodmoon, L50, M|100\/100\n|cant|p2a: Greeeeennnnn|slp\n|move|p1b: \u5218\u7384\u5fb7|Spore|p2b: Carlos\n|-status|p2b: Carlos|slp|[from] move: Spore\n|cant|p2b: Carlos|slp\n|\n|upkeep\n|turn|4\n|\n|t:|1700151714\n|-terastallize|p1a: \u5f20\u7ffc\u5fb7|Normal\n|move|p1b: \u5218\u7384\u5fb7|Clear Smog|p2b: Carlos\n|-damage|p2b: Carlos|67\/100 slp\n|-clearboost|p2b: Carlos\n|cant|p2b: Carlos|slp\n|move|p1a: \u5f20\u7ffc\u5fb7|Hyper Voice|p2b: Carlos|[spread] p2a,p2b\n|-damage|p2a: Greeeeennnnn|55\/100 slp\n|-damage|p2b: Carlos|39\/100 slp\n|-enditem|p1a: \u5f20\u7ffc\u5fb7|Throat Spray\n|-boost|p1a: \u5f20\u7ffc\u5fb7|spa|1|[from] item: Throat Spray\n|-curestatus|p2a: Greeeeennnnn|slp|[msg]\n|move|p2a: Greeeeennnnn|Heal Pulse|p2b: Carlos\n|-heal|p2b: Carlos|89\/100 slp\n|\n|upkeep\n|turn|5\n|\n|t:|1700151734\n|switch|p1b: \u5e9e\u7edf|Dusclops, L50, F|100\/100\n|-item|p2a: Greeeeennnnn|Eviolite|[from] ability: Frisk|[of] p1b: \u5e9e\u7edf|[identify]\n|-curestatus|p2b: Carlos|slp|[msg]\n|move|p2b: Carlos|Belly Drum|p2b: Carlos\n|-damage|p2b: Carlos|39\/100\n|-setboost|p2b: Carlos|atk|6|[from] move: Belly Drum\n|move|p1a: \u5f20\u7ffc\u5fb7|Hyper Voice|p2b: Carlos|[spread] p2a,p2b\n|-damage|p2a: Greeeeennnnn|0 fnt\n|-damage|p2b: Carlos|1\/100\n|faint|p2a: Greeeeennnnn\n|\n|-fieldend|move: Trick Room\n|upkeep\n|\n|t:|1700151747\n|switch|p2a: Brian Hands|Iron Hands, L50|100\/100\n|turn|6\n|\n|t:|1700151756\n|move|p2a: Brian Hands|Fake Out|p1a: \u5f20\u7ffc\u5fb7\n|-damage|p1a: \u5f20\u7ffc\u5fb7|89\/100\n|cant|p1a: \u5f20\u7ffc\u5fb7|flinch\n|move|p2b: Carlos|Facade|p1a: \u5f20\u7ffc\u5fb7\n|-damage|p1a: \u5f20\u7ffc\u5fb7|0 fnt\n|faint|p1a: \u5f20\u7ffc\u5fb7\n|move|p1b: \u5e9e\u7edf|Will-O-Wisp|p2a: Brian Hands\n|-status|p2a: Brian Hands|brn\n|\n|-damage|p2a: Brian Hands|94\/100 brn|[from] brn\n|upkeep\n|\n|t:|1700151764\n|switch|p1a: \u5218\u7384\u5fb7|Amoonguss, L50, F|100\/100\n|turn|7\n|\n|t:|1700151777\n|-end|p2a: Brian Hands|Quark Drive|[silent]\n|switch|p2a: Hot tea|Sinistcha-Masterpiece, L50|100\/100\n|-heal|p2b: Carlos|26\/100|[from] ability: Hospitality|[of] p2a: Hot tea\n|move|p2b: Carlos|Protect|p2b: Carlos\n|-singleturn|p2b: Carlos|Protect\n|move|p1a: \u5218\u7384\u5fb7|Clear Smog|p2b: Carlos\n|-activate|p2b: Carlos|move: Protect\n|move|p1b: \u5e9e\u7edf|Trick Room|p1b: \u5e9e\u7edf\n|-fieldstart|move: Trick Room|[of] p1b: \u5e9e\u7edf\n|\n|upkeep\n|turn|8\n|\n|t:|1700151793\n|move|p2a: Hot tea|Rage Powder|p2a: Hot tea\n|-singleturn|p2a: Hot tea|move: Rage Powder\n|move|p1a: \u5218\u7384\u5fb7|Clear Smog|p2b: Carlos\n|-damage|p2b: Carlos|14\/100\n|-clearboost|p2b: Carlos\n|move|p1b: \u5e9e\u7edf|Will-O-Wisp|p2a: Hot tea\n|-status|p2a: Hot tea|brn\n|move|p2b: Carlos|Facade|p1a: \u5218\u7384\u5fb7\n|-damage|p1a: \u5218\u7384\u5fb7|77\/100\n|\n|-heal|p1a: \u5218\u7384\u5fb7|83\/100|[from] item: Black Sludge\n|-damage|p2a: Hot tea|94\/100 brn|[from] brn\n|upkeep\n|turn|9\n|inactive|Square K has 30 seconds left.\n|\n|t:|1700151823\n|switch|p1b: \u5173\u4e91\u957f|Enamorus-Therian, L50, F|100\/100\n|switch|p2b: Brian Hands|Iron Hands, L50|94\/100 brn\n|move|p1a: \u5218\u7384\u5fb7|Spore||[still]\n|-fail|p1a: \u5218\u7384\u5fb7\n|move|p2a: Hot tea|Matcha Gotcha|p1a: \u5218\u7384\u5fb7|[spread] p1a,p1b\n|-resisted|p1a: \u5218\u7384\u5fb7\n|-resisted|p1b: \u5173\u4e91\u957f\n|-damage|p1a: \u5218\u7384\u5fb7|75\/100\n|-heal|p2a: Hot tea|99\/100 brn|[from] drain|[of] p1a: \u5218\u7384\u5fb7\n|-damage|p1b: \u5173\u4e91\u957f|86\/100\n|-heal|p2a: Hot tea|100\/100 brn|[from] drain|[of] p1b: \u5173\u4e91\u957f\n|\n|-heal|p1a: \u5218\u7384\u5fb7|81\/100|[from] item: Black Sludge\n|-damage|p2b: Brian Hands|88\/100 brn|[from] brn\n|-damage|p2a: Hot tea|94\/100 brn|[from] brn\n|upkeep\n|turn|10\n|\n|t:|1700151847\n|move|p2b: Brian Hands|Fake Out|p1b: \u5173\u4e91\u957f\n|-damage|p1b: \u5173\u4e91\u957f|78\/100\n|move|p1a: \u5218\u7384\u5fb7|Rage Powder|p1a: \u5218\u7384\u5fb7\n|-singleturn|p1a: \u5218\u7384\u5fb7|move: Rage Powder\n|cant|p1b: \u5173\u4e91\u957f|flinch\n|move|p2a: Hot tea|Matcha Gotcha|p1a: \u5218\u7384\u5fb7|[spread] p1a,p1b\n|-resisted|p1a: \u5218\u7384\u5fb7\n|-resisted|p1b: \u5173\u4e91\u957f\n|-damage|p1a: \u5218\u7384\u5fb7|73\/100\n|-heal|p2a: Hot tea|99\/100 brn|[from] drain|[of] p1a: \u5218\u7384\u5fb7\n|-damage|p1b: \u5173\u4e91\u957f|61\/100\n|-heal|p2a: Hot tea|100\/100 brn|[from] drain|[of] p1b: \u5173\u4e91\u957f\n|\n|-heal|p1a: \u5218\u7384\u5fb7|79\/100|[from] item: Black Sludge\n|-damage|p2b: Brian Hands|82\/100 brn|[from] brn\n|-damage|p2a: Hot tea|94\/100 brn|[from] brn\n|upkeep\n|turn|11\n|\n|t:|1700151870\n|-end|p2b: Brian Hands|Quark Drive|[silent]\n|switch|p2b: Carlos|Snorlax, L50, M|14\/100\n|move|p1a: \u5218\u7384\u5fb7|Pollen Puff|p1b: \u5173\u4e91\u957f\n|-heal|p1b: \u5173\u4e91\u957f|100\/100\n|move|p1b: \u5173\u4e91\u957f|Psychic|p2b: Carlos\n|-damage|p2b: Carlos|0 fnt\n|faint|p2b: Carlos\n|-damage|p1b: \u5173\u4e91\u957f|91\/100|[from] item: Life Orb\n|move|p2a: Hot tea|Matcha Gotcha|p1b: \u5173\u4e91\u957f|[spread] p1b\n|-miss|p2a: Hot tea|p1a: \u5218\u7384\u5fb7\n|-resisted|p1b: \u5173\u4e91\u957f\n|-damage|p1b: \u5173\u4e91\u957f|74\/100\n|-heal|p2a: Hot tea|100\/100 brn|[from] drain|[of] p1b: \u5173\u4e91\u957f\n|\n|-heal|p1a: \u5218\u7384\u5fb7|85\/100|[from] item: Black Sludge\n|-damage|p2a: Hot tea|94\/100 brn|[from] brn\n|-fieldend|move: Trick Room\n|upkeep\n|\n|t:|1700151889\n|switch|p2b: Brian Hands|Iron Hands, L50|82\/100 brn\n|turn|12\n|\n|t:|1700151911\n|switch|p1b: \u5e9e\u7edf|Dusclops, L50, F|100\/100\n|-item|p2a: Hot tea|Mental Herb|[from] ability: Frisk|[of] p1b: \u5e9e\u7edf|[identify]\n|-item|p2b: Brian Hands|Assault Vest|[from] ability: Frisk|[of] p1b: \u5e9e\u7edf|[identify]\n|-terastallize|p2b: Brian Hands|Water\n|move|p2b: Brian Hands|Fake Out|p1a: \u5218\u7384\u5fb7\n|-damage|p1a: \u5218\u7384\u5fb7|79\/100\n|move|p2a: Hot tea|Matcha Gotcha|p1b: \u5e9e\u7edf|[spread] p1a,p1b\n|-resisted|p1a: \u5218\u7384\u5fb7\n|-crit|p1b: \u5e9e\u7edf\n|-damage|p1a: \u5218\u7384\u5fb7|72\/100\n|-heal|p2a: Hot tea|99\/100 brn|[from] drain|[of] p1a: \u5218\u7384\u5fb7\n|-damage|p1b: \u5e9e\u7edf|78\/100\n|-heal|p2a: Hot tea|100\/100 brn|[from] drain|[of] p1b: \u5e9e\u7edf\n|-status|p1b: \u5e9e\u7edf|brn\n|cant|p1a: \u5218\u7384\u5fb7|flinch\n|\n|-heal|p1a: \u5218\u7384\u5fb7|77\/100|[from] item: Black Sludge\n|-damage|p2a: Hot tea|94\/100 brn|[from] brn\n|-damage|p2b: Brian Hands|76\/100 brn|[from] brn\n|-damage|p1b: \u5e9e\u7edf|72\/100 brn|[from] brn\n|upkeep\n|turn|13\n|inactive|Square K has 30 seconds left.\n|inactive|Pizza222 has 30 seconds left.\n|\n|t:|1700151945\n|move|p2a: Hot tea|Matcha Gotcha|p1a: \u5218\u7384\u5fb7|[spread] p1a,p1b\n|-resisted|p1a: \u5218\u7384\u5fb7\n|-damage|p1a: \u5218\u7384\u5fb7|70\/100\n|-heal|p2a: Hot tea|99\/100 brn|[from] drain|[of] p1a: \u5218\u7384\u5fb7\n|-damage|p1b: \u5e9e\u7edf|57\/100 brn\n|-heal|p2a: Hot tea|100\/100 brn|[from] drain|[of] p1b: \u5e9e\u7edf\n|move|p2b: Brian Hands|Heavy Slam|p1a: \u5218\u7384\u5fb7\n|-damage|p1a: \u5218\u7384\u5fb7|51\/100\n|move|p1a: \u5218\u7384\u5fb7|Clear Smog|p2b: Brian Hands\n|-damage|p2b: Brian Hands|66\/100 brn\n|-clearboost|p2b: Brian Hands\n|move|p1b: \u5e9e\u7edf|Trick Room|p1b: \u5e9e\u7edf\n|-fieldstart|move: Trick Room|[of] p1b: \u5e9e\u7edf\n|\n|-heal|p1a: \u5218\u7384\u5fb7|57\/100|[from] item: Black Sludge\n|-damage|p1b: \u5e9e\u7edf|51\/100 brn|[from] brn\n|-damage|p2b: Brian Hands|60\/100 brn|[from] brn\n|-damage|p2a: Hot tea|94\/100 brn|[from] brn\n|upkeep\n|turn|14\n|\n|t:|1700151968\n|switch|p1a: \u5173\u4e91\u957f|Enamorus-Therian, L50, F|74\/100\n|move|p1b: \u5e9e\u7edf|Pain Split|p2a: Hot tea\n|-sethp|p2a: Hot tea|68\/100 brn|[from] move: Pain Split|[silent]\n|-sethp|p1b: \u5e9e\u7edf|82\/100 brn|[from] move: Pain Split\n|move|p2b: Brian Hands|Heavy Slam|p1a: \u5173\u4e91\u957f\n|-supereffective|p1a: \u5173\u4e91\u957f\n|-crit|p1a: \u5173\u4e91\u957f\n|-damage|p1a: \u5173\u4e91\u957f|4\/100\n|move|p2a: Hot tea|Matcha Gotcha|p1a: \u5173\u4e91\u957f|[spread] p1a,p1b\n|-resisted|p1a: \u5173\u4e91\u957f\n|-damage|p1a: \u5173\u4e91\u957f|0 fnt\n|-heal|p2a: Hot tea|70\/100 brn|[from] drain|[of] p1a: \u5173\u4e91\u957f\n|-damage|p1b: \u5e9e\u7edf|66\/100 brn\n|-heal|p2a: Hot tea|76\/100 brn|[from] drain|[of] p1b: \u5e9e\u7edf\n|faint|p1a: \u5173\u4e91\u957f\n|\n|-damage|p1b: \u5e9e\u7edf|60\/100 brn|[from] brn\n|-damage|p2b: Brian Hands|54\/100 brn|[from] brn\n|-damage|p2a: Hot tea|70\/100 brn|[from] brn\n|upkeep\n|\n|t:|1700151975\n|switch|p1a: \u5218\u7384\u5fb7|Amoonguss, L50, F|90\/100\n|turn|15\n|inactive|Square K has 30 seconds left.\n|\n|t:|1700152000\n|move|p1a: \u5218\u7384\u5fb7|Clear Smog|p2b: Brian Hands\n|-damage|p2b: Brian Hands|43\/100 brn\n|-clearboost|p2b: Brian Hands\n|move|p1b: \u5e9e\u7edf|Pain Split|p2a: Hot tea\n|-sethp|p2a: Hot tea|59\/100 brn|[from] move: Pain Split|[silent]\n|-sethp|p1b: \u5e9e\u7edf|72\/100 brn|[from] move: Pain Split\n|move|p2b: Brian Hands|Heavy Slam|p1a: \u5218\u7384\u5fb7\n|-damage|p1a: \u5218\u7384\u5fb7|74\/100\n|move|p2a: Hot tea|Matcha Gotcha|p1b: \u5e9e\u7edf|[spread] p1b\n|-miss|p2a: Hot tea|p1a: \u5218\u7384\u5fb7\n|-damage|p1b: \u5e9e\u7edf|56\/100 brn\n|-heal|p2a: Hot tea|66\/100 brn|[from] drain|[of] p1b: \u5e9e\u7edf\n|\n|-heal|p1a: \u5218\u7384\u5fb7|80\/100|[from] item: Black Sludge\n|-damage|p1b: \u5e9e\u7edf|49\/100 brn|[from] brn\n|-damage|p2b: Brian Hands|37\/100 brn|[from] brn\n|-damage|p2a: Hot tea|60\/100 brn|[from] brn\n|upkeep\n|turn|16\n|\n|t:|1700152022\n|move|p1a: \u5218\u7384\u5fb7|Clear Smog|p2b: Brian Hands\n|-damage|p2b: Brian Hands|27\/100 brn\n|-clearboost|p2b: Brian Hands\n|move|p1b: \u5e9e\u7edf|Pain Split|p2a: Hot tea\n|-sethp|p2a: Hot tea|50\/100 brn|[from] move: Pain Split|[silent]\n|-sethp|p1b: \u5e9e\u7edf|61\/100 brn|[from] move: Pain Split\n|move|p2b: Brian Hands|Heavy Slam|p1a: \u5218\u7384\u5fb7\n|-damage|p1a: \u5218\u7384\u5fb7|61\/100\n|move|p2a: Hot tea|Matcha Gotcha|p1b: \u5e9e\u7edf|[spread] p1a\n|-miss|p2a: Hot tea|p1b: \u5e9e\u7edf\n|-resisted|p1a: \u5218\u7384\u5fb7\n|-damage|p1a: \u5218\u7384\u5fb7|53\/100\n|-heal|p2a: Hot tea|55\/100 brn|[from] drain|[of] p1a: \u5218\u7384\u5fb7\n|\n|-heal|p1a: \u5218\u7384\u5fb7|59\/100|[from] item: Black Sludge\n|-damage|p1b: \u5e9e\u7edf|55\/100 brn|[from] brn\n|-damage|p2b: Brian Hands|21\/100 brn|[from] brn\n|-damage|p2a: Hot tea|49\/100 brn|[from] brn\n|upkeep\n|turn|17\n|\n|t:|1700152045\n|move|p1a: \u5218\u7384\u5fb7|Clear Smog|p2b: Brian Hands\n|-damage|p2b: Brian Hands|10\/100 brn\n|-clearboost|p2b: Brian Hands\n|move|p1b: \u5e9e\u7edf|Pain Split|p2a: Hot tea\n|-sethp|p2a: Hot tea|47\/100 brn|[from] move: Pain Split|[silent]\n|-sethp|p1b: \u5e9e\u7edf|57\/100 brn|[from] move: Pain Split\n|move|p2b: Brian Hands|Heavy Slam|p1a: \u5218\u7384\u5fb7\n|-damage|p1a: \u5218\u7384\u5fb7|42\/100\n|move|p2a: Hot tea|Strength Sap|p2b: Brian Hands\n|-unboost|p2b: Brian Hands|atk|1\n|-heal|p2a: Hot tea|100\/100 brn\n|\n|-heal|p1a: \u5218\u7384\u5fb7|48\/100|[from] item: Black Sludge\n|-damage|p1b: \u5e9e\u7edf|51\/100 brn|[from] brn\n|-damage|p2b: Brian Hands|4\/100 brn|[from] brn\n|-damage|p2a: Hot tea|94\/100 brn|[from] brn\n|-fieldend|move: Trick Room\n|upkeep\n|turn|18\n|\n|t:|1700152065\n|move|p2a: Hot tea|Matcha Gotcha|p1b: \u5e9e\u7edf|[spread] p1a,p1b\n|-resisted|p1a: \u5218\u7384\u5fb7\n|-damage|p1a: \u5218\u7384\u5fb7|41\/100\n|-heal|p2a: Hot tea|99\/100 brn|[from] drain|[of] p1a: \u5218\u7384\u5fb7\n|-damage|p1b: \u5e9e\u7edf|35\/100 brn\n|-heal|p2a: Hot tea|100\/100 brn|[from] drain|[of] p1b: \u5e9e\u7edf\n|move|p2b: Brian Hands|Heavy Slam|p1a: \u5218\u7384\u5fb7\n|-damage|p1a: \u5218\u7384\u5fb7|30\/100\n|move|p1b: \u5e9e\u7edf|Pain Split|p2a: Hot tea\n|-sethp|p2a: Hot tea|65\/100 brn|[from] move: Pain Split|[silent]\n|-sethp|p1b: \u5e9e\u7edf|78\/100 brn|[from] move: Pain Split\n|move|p1a: \u5218\u7384\u5fb7|Clear Smog|p2b: Brian Hands\n|-damage|p2b: Brian Hands|0 fnt\n|-clearboost|p2b: Brian Hands\n|faint|p2b: Brian Hands\n|-end|p2b: Brian Hands|Quark Drive|[silent]\n|\n|-heal|p1a: \u5218\u7384\u5fb7|36\/100|[from] item: Black Sludge\n|-damage|p2a: Hot tea|58\/100 brn|[from] brn\n|-damage|p1b: \u5e9e\u7edf|72\/100 brn|[from] brn\n|upkeep\n|turn|19\n|\n|t:|1700152082\n|move|p1b: \u5e9e\u7edf|Helping Hand|p1a: \u5218\u7384\u5fb7\n|-singleturn|p1a: \u5218\u7384\u5fb7|Helping Hand|[of] p1b: \u5e9e\u7edf\n|move|p2a: Hot tea|Matcha Gotcha|p1a: \u5218\u7384\u5fb7|[spread] p1a,p1b\n|-resisted|p1a: \u5218\u7384\u5fb7\n|-damage|p1a: \u5218\u7384\u5fb7|28\/100\n|-heal|p2a: Hot tea|63\/100 brn|[from] drain|[of] p1a: \u5218\u7384\u5fb7\n|-damage|p1b: \u5e9e\u7edf|56\/100 brn\n|-heal|p2a: Hot tea|70\/100 brn|[from] drain|[of] p1b: \u5e9e\u7edf\n|move|p1a: \u5218\u7384\u5fb7|Pollen Puff|p2a: Hot tea\n|-damage|p2a: Hot tea|38\/100 brn\n|\n|-heal|p1a: \u5218\u7384\u5fb7|34\/100|[from] item: Black Sludge\n|-damage|p2a: Hot tea|32\/100 brn|[from] brn\n|-damage|p1b: \u5e9e\u7edf|49\/100 brn|[from] brn\n|upkeep\n|turn|20\n|\n|t:|1700152100\n|move|p1b: \u5e9e\u7edf|Helping Hand|p1a: \u5218\u7384\u5fb7\n|-singleturn|p1a: \u5218\u7384\u5fb7|Helping Hand|[of] p1b: \u5e9e\u7edf\n|move|p2a: Hot tea|Strength Sap|p1a: \u5218\u7384\u5fb7\n|-unboost|p1a: \u5218\u7384\u5fb7|atk|1\n|-heal|p2a: Hot tea|83\/100 brn\n|move|p1a: \u5218\u7384\u5fb7|Spore|p2a: Hot tea\n|-immune|p2a: Hot tea\n|\n|-heal|p1a: \u5218\u7384\u5fb7|40\/100|[from] item: Black Sludge\n|-damage|p2a: Hot tea|76\/100 brn|[from] brn\n|-damage|p1b: \u5e9e\u7edf|43\/100 brn|[from] brn\n|upkeep\n|turn|21\n|\n|t:|1700152117\n|move|p2a: Hot tea|Matcha Gotcha|p1a: \u5218\u7384\u5fb7|[spread] p1a,p1b\n|-resisted|p1a: \u5218\u7384\u5fb7\n|-damage|p1a: \u5218\u7384\u5fb7|32\/100\n|-heal|p2a: Hot tea|81\/100 brn|[from] drain|[of] p1a: \u5218\u7384\u5fb7\n|-damage|p1b: \u5e9e\u7edf|27\/100 brn\n|-heal|p2a: Hot tea|88\/100 brn|[from] drain|[of] p1b: \u5e9e\u7edf\n|move|p1b: \u5e9e\u7edf|Pain Split|p2a: Hot tea\n|-sethp|p2a: Hot tea|55\/100 brn|[from] move: Pain Split|[silent]\n|-sethp|p1b: \u5e9e\u7edf|66\/100 brn|[from] move: Pain Split\n|move|p1a: \u5218\u7384\u5fb7|Pollen Puff|p2a: Hot tea\n|-damage|p2a: Hot tea|36\/100 brn\n|\n|-heal|p1a: \u5218\u7384\u5fb7|38\/100|[from] item: Black Sludge\n|-damage|p2a: Hot tea|30\/100 brn|[from] brn\n|-damage|p1b: \u5e9e\u7edf|60\/100 brn|[from] brn\n|upkeep\n|turn|22\n|\n|t:|1700152130\n|move|p1b: \u5e9e\u7edf|Helping Hand|p1a: \u5218\u7384\u5fb7\n|-singleturn|p1a: \u5218\u7384\u5fb7|Helping Hand|[of] p1b: \u5e9e\u7edf\n|move|p2a: Hot tea|Strength Sap|p1a: \u5218\u7384\u5fb7\n|-unboost|p1a: \u5218\u7384\u5fb7|atk|1\n|-heal|p2a: Hot tea|63\/100 brn\n|move|p1a: \u5218\u7384\u5fb7|Pollen Puff|p2a: Hot tea\n|-damage|p2a: Hot tea|30\/100 brn\n|\n|-heal|p1a: \u5218\u7384\u5fb7|43\/100|[from] item: Black Sludge\n|-damage|p2a: Hot tea|24\/100 brn|[from] brn\n|-damage|p1b: \u5e9e\u7edf|54\/100 brn|[from] brn\n|upkeep\n|turn|23\n|\n|t:|1700152141\n|move|p1b: \u5e9e\u7edf|Helping Hand|p1a: \u5218\u7384\u5fb7\n|-singleturn|p1a: \u5218\u7384\u5fb7|Helping Hand|[of] p1b: \u5e9e\u7edf\n|move|p2a: Hot tea|Strength Sap|p1b: \u5e9e\u7edf\n|-unboost|p1b: \u5e9e\u7edf|atk|1\n|-heal|p2a: Hot tea|66\/100 brn\n|move|p1a: \u5218\u7384\u5fb7|Pollen Puff|p2a: Hot tea\n|-damage|p2a: Hot tea|34\/100 brn\n|\n|-heal|p1a: \u5218\u7384\u5fb7|49\/100|[from] item: Black Sludge\n|-damage|p2a: Hot tea|27\/100 brn|[from] brn\n|-damage|p1b: \u5e9e\u7edf|48\/100 brn|[from] brn\n|upkeep\n|turn|24\n|\n|t:|1700152154\n|move|p1b: \u5e9e\u7edf|Helping Hand|p1a: \u5218\u7384\u5fb7\n|-singleturn|p1a: \u5218\u7384\u5fb7|Helping Hand|[of] p1b: \u5e9e\u7edf\n|move|p2a: Hot tea|Matcha Gotcha|p1a: \u5218\u7384\u5fb7|[spread] p1b\n|-miss|p2a: Hot tea|p1a: \u5218\u7384\u5fb7\n|-damage|p1b: \u5e9e\u7edf|33\/100 brn\n|-heal|p2a: Hot tea|34\/100 brn|[from] drain|[of] p1b: \u5e9e\u7edf\n|move|p1a: \u5218\u7384\u5fb7|Pollen Puff|p2a: Hot tea\n|-damage|p2a: Hot tea|1\/100 brn\n|\n|-heal|p1a: \u5218\u7384\u5fb7|55\/100|[from] item: Black Sludge\n|-damage|p2a: Hot tea|0 fnt|[from] brn\n|faint|p2a: Hot tea\n|\n|win|Square K\n|upkeep\n|raw|Square K's rating: 1099 &rarr; <strong>1121<\/strong><br \/>(+22 for winning)\n|raw|Pizza222's rating: 1050 &rarr; <strong>1035<\/strong><br \/>(-15 for losing)\n","uploadtime":1700152160,"views":9,"p1id":"squarek","p2id":"pizza222","formatid":"gen9vgc2023regulatione","rating":1035,"private":0,"password":""}