{"id":"gen9vgc2023regulatione-2000331979","p1":"96SerAlex96","p2":"Smallchiou36","format":"[Gen 9] VGC 2023 Regulation E","log":"|j|\u260696SerAlex96\n|j|\u2606Smallchiou36\n|t:|1701185704\n|gametype|doubles\n|player|p1|96SerAlex96|blue|1672\n|player|p2|Smallchiou36|iono|1732\n|teamsize|p1|6\n|teamsize|p2|6\n|gen|9\n|tier|[Gen 9] VGC 2023 Regulation E\n|rated|\n|rule|Species Clause: Limit one of each Pok\u00e9mon\n|rule|Item Clause: Limit one of each item\n|clearpoke\n|poke|p1|Tornadus, L50, M|\n|poke|p1|Urshifu-*, L50, M|\n|poke|p1|Glimmora, L50, F|\n|poke|p1|Dondozo, L50, F|\n|poke|p1|Tatsugiri, L50, F|\n|poke|p1|Flutter Mane, L50|\n|poke|p2|Indeedee-F, L50, F|\n|poke|p2|Armarouge, L50, M|\n|poke|p2|Hatterene, L50, F|\n|poke|p2|Ursaluna, L50, M|\n|poke|p2|Lilligant-Hisui, L50, F|\n|poke|p2|Torkoal, L50, M|\n|teampreview|4\n|inactive|Battle timer is ON: inactive players will automatically lose when time's up. (requested by 96SerAlex96)\nSmallchiou36 has agreed to open team sheets.\n|inactive|Smallchiou36 has 60 seconds left.\n|\n|t:|1701185748\n|start\n|switch|p1a: Glimmora|Glimmora, L50, F|100\/100\n|switch|p1b: Dondozo|Dondozo, L50, F|100\/100\n|switch|p2a: Indeedee|Indeedee-F, L50, F|100\/100\n|switch|p2b: Armarouge|Armarouge, L50, M, shiny|100\/100\n|-fieldstart|move: Psychic Terrain|[from] ability: Psychic Surge|[of] p2a: Indeedee\n|-enditem|p2a: Indeedee|Psychic Seed\n|-boost|p2a: Indeedee|spd|1|[from] item: Psychic Seed\n|turn|1\n|inactive|96SerAlex96 has 30 seconds left.\n|inactive|Smallchiou36 has 30 seconds left.\n|\n|t:|1701185779\n|move|p1b: Dondozo|Protect|p1b: Dondozo\n|-singleturn|p1b: Dondozo|Protect\n|move|p1a: Glimmora|Sludge Bomb|p2b: Armarouge\n|-damage|p2b: Armarouge|37\/100\n|move|p2b: Armarouge|Expanding Force|p1a: Glimmora|[spread] p1a\n|-activate|p1b: Dondozo|move: Protect\n|-supereffective|p1a: Glimmora\n|-crit|p1a: Glimmora\n|-enditem|p1a: Glimmora|Focus Sash\n|-damage|p1a: Glimmora|1\/100\n|-damage|p2b: Armarouge|27\/100|[from] item: Life Orb\n|move|p2a: Indeedee|Trick Room|p2a: Indeedee\n|-fieldstart|move: Trick Room|[of] p2a: Indeedee\n|\n|upkeep\n|turn|2\n|\n|t:|1701185803\n|switch|p1a: Tatsugiri|Tatsugiri, L50, F|100\/100\n|-activate|p1a: Tatsugiri|ability: Commander|[of] p1b: Dondozo\n|-boost|p1b: Dondozo|atk|2\n|-boost|p1b: Dondozo|spa|2\n|-boost|p1b: Dondozo|spe|2\n|-boost|p1b: Dondozo|def|2\n|-boost|p1b: Dondozo|spd|2\n|move|p2a: Indeedee|Helping Hand|p2b: Armarouge\n|-singleturn|p2b: Armarouge|Helping Hand|[of] p2a: Indeedee\n|move|p2b: Armarouge|Expanding Force|p1b: Dondozo|[spread] p1b\n|-miss|p2b: Armarouge|p1a: Tatsugiri\n|-damage|p1b: Dondozo|43\/100\n|-damage|p2b: Armarouge|18\/100|[from] item: Life Orb\n|move|p1b: Dondozo|Earthquake|p2b: Armarouge|[spread] p2a,p2b\n|-miss|p1b: Dondozo|p1a: Tatsugiri\n|-supereffective|p2b: Armarouge\n|-damage|p2a: Indeedee|63\/100\n|-damage|p2b: Armarouge|0 fnt\n|faint|p2b: Armarouge\n|\n|-heal|p1b: Dondozo|49\/100|[from] item: Leftovers\n|upkeep\n|\n|t:|1701185817\n|switch|p2b: Hatterene|Hatterene, L50, F, shiny|100\/100\n|turn|3\n|\n|t:|1701185824\n|move|p1b: Dondozo|Protect|p1b: Dondozo\n|-singleturn|p1b: Dondozo|Protect\n|move|p2b: Hatterene|Trick Room|p2b: Hatterene\n|-fieldend|move: Trick Room\n|move|p2a: Indeedee|Trick Room|p2a: Indeedee\n|-fieldstart|move: Trick Room|[of] p2a: Indeedee\n|\n|-heal|p1b: Dondozo|55\/100|[from] item: Leftovers\n|upkeep\n|turn|4\n|\n|t:|1701185839\n|-terastallize|p2b: Hatterene|Water\n|move|p2a: Indeedee|Helping Hand|p2b: Hatterene\n|-singleturn|p2b: Hatterene|Helping Hand|[of] p2a: Indeedee\n|move|p2b: Hatterene|Psychic|p1b: Dondozo\n|-damage|p1b: Dondozo|6\/100\n|move|p1b: Dondozo|Earthquake|p2a: Indeedee|[spread] p2a,p2b\n|-miss|p1b: Dondozo|p1a: Tatsugiri\n|-damage|p2a: Indeedee|21\/100\n|-damage|p2b: Hatterene|58\/100\n|\n|-heal|p1b: Dondozo|12\/100|[from] item: Leftovers\n|upkeep\n|turn|5\n|\n|t:|1701185859\n|switch|p2a: Ursaluna|Ursaluna, L50, M, shiny|100\/100\n|move|p2b: Hatterene|Psychic|p1b: Dondozo\n|-damage|p1b: Dondozo|0 fnt\n|faint|p1b: Dondozo\n|\n|-fieldend|move: Psychic Terrain\n|-status|p2a: Ursaluna|brn|[from] item: Flame Orb\n|upkeep\n|\n|t:|1701185878\n|switch|p1b: Glimmora|Glimmora, L50, F|1\/100\n|turn|6\n|\n|t:|1701185894\n|-terastallize|p1a: Tatsugiri|Steel\n|move|p2b: Hatterene|Dazzling Gleam|p1b: Glimmora|[spread] p1a,p1b\n|-resisted|p1a: Tatsugiri\n|-resisted|p1b: Glimmora\n|-damage|p1a: Tatsugiri|78\/100\n|-damage|p1b: Glimmora|0 fnt\n|faint|p1b: Glimmora\n|move|p2a: Ursaluna|Headlong Rush|p1a: Tatsugiri\n|-supereffective|p1a: Tatsugiri\n|-crit|p1a: Tatsugiri\n|-damage|p1a: Tatsugiri|0 fnt\n|-unboost|p2a: Ursaluna|def|1\n|-unboost|p2a: Ursaluna|spd|1\n|faint|p1a: Tatsugiri\n|\n|-damage|p2a: Ursaluna|95\/100 brn|[from] brn\n|upkeep\n|\n|t:|1701185902\n|switch|p1b: Flutter Mane|Flutter Mane, L50|100\/100\n|-enditem|p1b: Flutter Mane|Booster Energy\n|-activate|p1b: Flutter Mane|ability: Protosynthesis|[fromitem]\n|-start|p1b: Flutter Mane|protosynthesisspa\n|turn|7\n|\n|t:|1701185909\n|move|p1b: Flutter Mane|Protect|p1b: Flutter Mane\n|-singleturn|p1b: Flutter Mane|Protect\n|move|p2b: Hatterene|Psychic|p1b: Flutter Mane\n|-activate|p1b: Flutter Mane|move: Protect\n|move|p2a: Ursaluna|Headlong Rush|p1b: Flutter Mane\n|-activate|p1b: Flutter Mane|move: Protect\n|\n|-damage|p2a: Ursaluna|89\/100 brn|[from] brn\n|-fieldend|move: Trick Room\n|upkeep\n|turn|8\n|\n|t:|1701185916\n|switch|p2a: Indeedee|Indeedee-F, L50, F|21\/100\n|-fieldstart|move: Psychic Terrain|[from] ability: Psychic Surge|[of] p2a: Indeedee\n|move|p2b: Hatterene|Protect|p2b: Hatterene\n|-singleturn|p2b: Hatterene|Protect\n|move|p1b: Flutter Mane|Moonblast|p2b: Hatterene\n|-activate|p2b: Hatterene|move: Protect\n|\n|upkeep\n|turn|9\n|\n|t:|1701185930\n|move|p2a: Indeedee|Follow Me|p2a: Indeedee\n|-singleturn|p2a: Indeedee|move: Follow Me\n|move|p1b: Flutter Mane|Dazzling Gleam|p2a: Indeedee|[spread] p2a,p2b\n|-damage|p2a: Indeedee|0 fnt\n|-damage|p2b: Hatterene|16\/100\n|faint|p2a: Indeedee\n|move|p2b: Hatterene|Trick Room|p2b: Hatterene\n|-fieldstart|move: Trick Room|[of] p2b: Hatterene\n|\n|upkeep\n|\n|t:|1701185934\n|switch|p2a: Ursaluna|Ursaluna, L50, M, shiny|89\/100 brn\n|turn|10\n|\n|t:|1701185939\n|move|p2b: Hatterene|Psychic|p1b: Flutter Mane\n|-damage|p1b: Flutter Mane|32\/100\n|move|p2a: Ursaluna|Headlong Rush|p1b: Flutter Mane\n|-damage|p1b: Flutter Mane|0 fnt\n|-unboost|p2a: Ursaluna|def|1\n|-unboost|p2a: Ursaluna|spd|1\n|faint|p1b: Flutter Mane\n|-end|p1b: Flutter Mane|Protosynthesis|[silent]\n|\n|win|Smallchiou36\n|raw|96SerAlex96's rating: 1672 &rarr; <strong>1655<\/strong><br \/>(-17 for losing)\n|raw|Smallchiou36's rating: 1732 &rarr; <strong>1749<\/strong><br \/>(+17 for winning)\n|l|\u260696SerAlex96\n","uploadtime":1701185945,"views":8,"p1id":"96seralex96","p2id":"smallchiou36","formatid":"gen9vgc2023regulatione","rating":1655,"private":0,"password":""}