{"id":"gen9vgc2023regulatione-1990564175","p1":"Kzjrzhzk","p2":"roddanielle","format":"[Gen 9] VGC 2023 Regulation E","log":"|j|\u2606Kzjrzhzk\n|j|\u2606roddanielle\n|t:|1699981793\n|gametype|doubles\n|player|p1|Kzjrzhzk|lance|1122\n|player|p2|roddanielle|266|1081\n|teamsize|p1|6\n|teamsize|p2|6\n|gen|9\n|tier|[Gen 9] VGC 2023 Regulation E\n|rated|\n|rule|Species Clause: Limit one of each Pok\u00e9mon\n|rule|Item Clause: Limit one of each item\n|clearpoke\n|poke|p1|Flutter Mane, L50|\n|poke|p1|Tornadus, L50, M|\n|poke|p1|Rillaboom, L50, F|\n|poke|p1|Garganacl, L50, M|\n|poke|p1|Arcanine-Hisui, L50, F|\n|poke|p1|Chien-Pao, L50|\n|poke|p2|Chien-Pao, L50|\n|poke|p2|Talonflame, L50, F|\n|poke|p2|Rillaboom, L50, F|\n|poke|p2|Dragapult, L50, F|\n|poke|p2|Flutter Mane, L50|\n|poke|p2|Iron Hands, L50|\n|teampreview|4\n|inactive|Battle timer is ON: inactive players will automatically lose when time's up. (requested by Kzjrzhzk)\n|\n|t:|1699981837\n|start\n|switch|p1a: Tornadus|Tornadus, L50, M|100\/100\n|switch|p1b: Garganacl|Garganacl, L50, M|100\/100\n|switch|p2a: Dragapult|Dragapult, L50, F|100\/100\n|switch|p2b: Chien-Pao|Chien-Pao, L50|100\/100\n|-ability|p2b: Chien-Pao|Sword of Ruin\n|turn|1\n|\n|t:|1699981861\n|-terastallize|p2b: Chien-Pao|Ghost\n|-terastallize|p1b: Garganacl|Ghost\n|move|p1a: Tornadus|Tailwind|p1a: Tornadus\n|-sidestart|p1: Kzjrzhzk|move: Tailwind\n|move|p2b: Chien-Pao|Icicle Crash|p1a: Tornadus|[miss]\n|-miss|p2b: Chien-Pao|p1a: Tornadus\n|move|p2a: Dragapult|Dragon Darts|p1a: Tornadus\n|-damage|p1a: Tornadus|34\/100\n|-anim|p2a: Dragapult|Dragon Darts|p1b: Garganacl\n|-crit|p1b: Garganacl\n|-damage|p1b: Garganacl|45\/100\n|-enditem|p1b: Garganacl|Sitrus Berry|[eat]\n|-heal|p1b: Garganacl|70\/100|[from] item: Sitrus Berry\n|move|p1b: Garganacl|Salt Cure|p2b: Chien-Pao\n|-damage|p2b: Chien-Pao|81\/100\n|-start|p2b: Chien-Pao|Salt Cure\n|\n|-damage|p2b: Chien-Pao|69\/100|[from] Salt Cure\n|upkeep\n|turn|2\n|\n|t:|1699981886\n|move|p1b: Garganacl|Protect|p1b: Garganacl\n|-singleturn|p1b: Garganacl|Protect\n|move|p1a: Tornadus|Bleakwind Storm|p2b: Chien-Pao|[spread] p2a\n|-miss|p1a: Tornadus|p2b: Chien-Pao\n|-damage|p2a: Dragapult|55\/100\n|move|p2b: Chien-Pao|Crunch|p1b: Garganacl\n|-activate|p1b: Garganacl|move: Protect\n|move|p2a: Dragapult|Dragon Darts|p1a: Tornadus\n|-crit|p1a: Tornadus\n|-damage|p1a: Tornadus|0 fnt\n|faint|p1a: Tornadus\n|\n|-damage|p2b: Chien-Pao|57\/100|[from] Salt Cure\n|upkeep\n|\n|t:|1699981901\n|switch|p1a: Arcanine|Arcanine-Hisui, L50, F|100\/100\n|-ability|p1a: Arcanine|Intimidate|boost\n|-fail|p2a: Dragapult|unboost|[from] ability: Clear Body|[of] p2a: Dragapult\n|-unboost|p2b: Chien-Pao|atk|1\n|turn|3\n|inactive|Kzjrzhzk has 30 seconds left.\n|\n|t:|1699981930\n|switch|p2b: Rillaboom|Rillaboom, L50, F|100\/100\n|-fieldstart|move: Grassy Terrain|[from] ability: Grassy Surge|[of] p2b: Rillaboom\n|switch|p2a: Iron Hands|Iron Hands, L50|100\/100\n|move|p1a: Arcanine|Rock Slide|p2b: Rillaboom|[spread] p2a,p2b\n|-resisted|p2a: Iron Hands\n|-damage|p2a: Iron Hands|88\/100\n|-damage|p2b: Rillaboom|61\/100\n|move|p1b: Garganacl|Recover|p1b: Garganacl\n|-heal|p1b: Garganacl|100\/100\n|\n|-heal|p2b: Rillaboom|67\/100|[from] Grassy Terrain\n|-heal|p2a: Iron Hands|94\/100|[from] Grassy Terrain\n|upkeep\n|turn|4\n|\n|t:|1699981953\n|switch|p1a: Flutter Mane|Flutter Mane, L50|100\/100\n|-enditem|p1a: Flutter Mane|Booster Energy\n|-activate|p1a: Flutter Mane|ability: Protosynthesis|[fromitem]\n|-start|p1a: Flutter Mane|protosynthesisspe\n|move|p2b: Rillaboom|Fake Out|p1a: Flutter Mane\n|-immune|p1a: Flutter Mane\n|move|p1b: Garganacl|Iron Defense|p1b: Garganacl\n|-boost|p1b: Garganacl|def|2\n|move|p2a: Iron Hands|Drain Punch|p1a: Flutter Mane\n|-immune|p1a: Flutter Mane\n|\n|-heal|p2b: Rillaboom|73\/100|[from] Grassy Terrain\n|-heal|p2a: Iron Hands|100\/100|[from] Grassy Terrain\n|-sideend|p1: Kzjrzhzk|move: Tailwind\n|upkeep\n|turn|5\n|inactive|roddanielle has 30 seconds left.\n|\n|t:|1699981979\n|move|p1a: Flutter Mane|Protect|p1a: Flutter Mane\n|-singleturn|p1a: Flutter Mane|Protect\n|move|p2b: Rillaboom|Wood Hammer|p1a: Flutter Mane\n|-activate|p1a: Flutter Mane|move: Protect\n|move|p2a: Iron Hands|Heavy Slam|p1a: Flutter Mane\n|-activate|p1a: Flutter Mane|move: Protect\n|move|p1b: Garganacl|Iron Defense|p1b: Garganacl\n|-boost|p1b: Garganacl|def|2\n|\n|-heal|p2b: Rillaboom|79\/100|[from] Grassy Terrain\n|upkeep\n|turn|6\n|\n|t:|1699982000\n|move|p1a: Flutter Mane|Substitute|p1a: Flutter Mane\n|-start|p1a: Flutter Mane|Substitute\n|-damage|p1a: Flutter Mane|76\/100\n|move|p2b: Rillaboom|Wood Hammer|p1a: Flutter Mane\n|-end|p1a: Flutter Mane|Substitute\n|-damage|p2b: Rillaboom|73\/100|[from] Recoil|[of] p1a: Flutter Mane\n|move|p2a: Iron Hands|Drain Punch|p1a: Flutter Mane\n|-immune|p1a: Flutter Mane\n|move|p1b: Garganacl|Salt Cure|p2b: Rillaboom\n|-damage|p2b: Rillaboom|58\/100\n|-start|p2b: Rillaboom|Salt Cure\n|\n|-heal|p1a: Flutter Mane|82\/100|[from] Grassy Terrain\n|-heal|p2b: Rillaboom|64\/100|[from] Grassy Terrain\n|-damage|p2b: Rillaboom|52\/100|[from] Salt Cure\n|upkeep\n|turn|7\n|\n|t:|1699982020\n|move|p1a: Flutter Mane|Protect|p1a: Flutter Mane\n|-singleturn|p1a: Flutter Mane|Protect\n|move|p2b: Rillaboom|Wood Hammer|p1a: Flutter Mane\n|-activate|p1a: Flutter Mane|move: Protect\n|move|p2a: Iron Hands|Heavy Slam|p1a: Flutter Mane\n|-activate|p1a: Flutter Mane|move: Protect\n|move|p1b: Garganacl|Salt Cure|p2a: Iron Hands\n|-resisted|p2a: Iron Hands\n|-damage|p2a: Iron Hands|96\/100\n|-start|p2a: Iron Hands|Salt Cure\n|\n|-heal|p1a: Flutter Mane|88\/100|[from] Grassy Terrain\n|-heal|p2b: Rillaboom|58\/100|[from] Grassy Terrain\n|-heal|p2a: Iron Hands|100\/100|[from] Grassy Terrain\n|-damage|p2b: Rillaboom|45\/100|[from] Salt Cure\n|-damage|p2a: Iron Hands|88\/100|[from] Salt Cure\n|-fieldend|move: Grassy Terrain\n|upkeep\n|-enditem|p2b: Rillaboom|Sitrus Berry|[eat]\n|-heal|p2b: Rillaboom|70\/100|[from] item: Sitrus Berry\n|turn|8\n|\n|t:|1699982043\n|move|p1a: Flutter Mane|Substitute|p1a: Flutter Mane\n|-start|p1a: Flutter Mane|Substitute\n|-damage|p1a: Flutter Mane|64\/100\n|move|p2b: Rillaboom|Wood Hammer|p1a: Flutter Mane\n|-end|p1a: Flutter Mane|Substitute\n|-damage|p2b: Rillaboom|64\/100|[from] Recoil|[of] p1a: Flutter Mane\n|move|p2a: Iron Hands|Heavy Slam|p1a: Flutter Mane\n|-supereffective|p1a: Flutter Mane\n|-damage|p1a: Flutter Mane|0 fnt\n|faint|p1a: Flutter Mane\n|-end|p1a: Flutter Mane|Protosynthesis|[silent]\n|move|p1b: Garganacl|Iron Defense|p1b: Garganacl\n|-boost|p1b: Garganacl|def|2\n|\n|-damage|p2b: Rillaboom|52\/100|[from] Salt Cure\n|-damage|p2a: Iron Hands|76\/100|[from] Salt Cure\n|upkeep\n|\n|t:|1699982056\n|switch|p1a: Arcanine|Arcanine-Hisui, L50, F|100\/100\n|-ability|p1a: Arcanine|Intimidate|boost\n|-unboost|p2a: Iron Hands|atk|1\n|-unboost|p2b: Rillaboom|atk|1\n|turn|9\n|\n|t:|1699982068\n|move|p1a: Arcanine|Flare Blitz|p2a: Iron Hands\n|-damage|p2a: Iron Hands|20\/100\n|-damage|p1a: Arcanine|74\/100|[from] Recoil\n|move|p2b: Rillaboom|Wood Hammer|p1a: Arcanine\n|-damage|p1a: Arcanine|19\/100\n|-damage|p2b: Rillaboom|35\/100|[from] Recoil\n|move|p2a: Iron Hands|Drain Punch|p1a: Arcanine\n|-supereffective|p1a: Arcanine\n|-damage|p1a: Arcanine|0 fnt\n|-heal|p2a: Iron Hands|27\/100|[from] drain|[of] p1a: Arcanine\n|faint|p1a: Arcanine\n|move|p1b: Garganacl|Salt Cure|p2b: Rillaboom\n|-damage|p2b: Rillaboom|22\/100\n|\n|-damage|p2b: Rillaboom|10\/100|[from] Salt Cure\n|-damage|p2a: Iron Hands|15\/100|[from] Salt Cure\n|upkeep\n|turn|10\n|inactive|roddanielle has 30 seconds left.\n|\n|t:|1699982100\n|switch|p2b: Chien-Pao|Chien-Pao, L50, tera:Ghost|57\/100\n|-ability|p2b: Chien-Pao|Sword of Ruin\n|-end|p2a: Iron Hands|Quark Drive|[silent]\n|switch|p2a: Dragapult|Dragapult, L50, F|55\/100\n|move|p1b: Garganacl|Salt Cure|p2b: Chien-Pao\n|-damage|p2b: Chien-Pao|35\/100\n|-start|p2b: Chien-Pao|Salt Cure\n|\n|-damage|p2b: Chien-Pao|23\/100|[from] Salt Cure\n|upkeep\n|turn|11\n|\n|t:|1699982116\n|move|p1b: Garganacl|Protect|p1b: Garganacl\n|-singleturn|p1b: Garganacl|Protect\n|move|p2b: Chien-Pao|Crunch|p1b: Garganacl\n|-activate|p1b: Garganacl|move: Protect\n|move|p2a: Dragapult|Phantom Force||[still]\n|-prepare|p2a: Dragapult|Phantom Force\n|\n|-damage|p2b: Chien-Pao|11\/100|[from] Salt Cure\n|upkeep\n|turn|12\n|\n|t:|1699982128\n|move|p2b: Chien-Pao|Crunch|p1b: Garganacl\n|-supereffective|p1b: Garganacl\n|-damage|p1b: Garganacl|73\/100\n|-damage|p2b: Chien-Pao|1\/100|[from] item: Life Orb\n|move|p2a: Dragapult|Phantom Force|p1b: Garganacl|[from]lockedmove\n|-supereffective|p1b: Garganacl\n|-damage|p1b: Garganacl|56\/100\n|move|p1b: Garganacl|Recover|p1b: Garganacl\n|-heal|p1b: Garganacl|100\/100\n|\n|-damage|p2b: Chien-Pao|0 fnt|[from] Salt Cure\n|faint|p2b: Chien-Pao\n|upkeep\n|\n|t:|1699982146\n|switch|p2b: Rillaboom|Rillaboom, L50, F|10\/100\n|-fieldstart|move: Grassy Terrain|[from] ability: Grassy Surge|[of] p2b: Rillaboom\n|turn|13\n|\n|t:|1699982158\n|move|p2a: Dragapult|Phantom Force||[still]\n|-prepare|p2a: Dragapult|Phantom Force\n|move|p2b: Rillaboom|Wood Hammer|p1b: Garganacl\n|-damage|p1b: Garganacl|86\/100\n|-damage|p2b: Rillaboom|5\/100|[from] Recoil\n|move|p1b: Garganacl|Salt Cure|p2b: Rillaboom\n|-damage|p2b: Rillaboom|0 fnt\n|faint|p2b: Rillaboom\n|\n|-heal|p1b: Garganacl|91\/100|[from] Grassy Terrain\n|upkeep\n|\n|t:|1699982170\n|switch|p2b: Iron Hands|Iron Hands, L50|15\/100\n|turn|14\n|\n|t:|1699982175\n|move|p2a: Dragapult|Phantom Force|p1b: Garganacl|[from]lockedmove\n|-supereffective|p1b: Garganacl\n|-damage|p1b: Garganacl|79\/100\n|move|p2b: Iron Hands|Heavy Slam|p1b: Garganacl\n|-damage|p1b: Garganacl|76\/100\n|move|p1b: Garganacl|Salt Cure|p2a: Dragapult\n|-damage|p2a: Dragapult|35\/100\n|-start|p2a: Dragapult|Salt Cure\n|\n|-heal|p2a: Dragapult|41\/100|[from] Grassy Terrain\n|-heal|p2b: Iron Hands|21\/100|[from] Grassy Terrain\n|-heal|p1b: Garganacl|82\/100|[from] Grassy Terrain\n|-damage|p2a: Dragapult|29\/100|[from] Salt Cure\n|upkeep\n|turn|15\n|-message|roddanielle forfeited.\n|\n|win|Kzjrzhzk\n|raw|Kzjrzhzk's rating: 1122 &rarr; <strong>1144<\/strong><br \/>(+22 for winning)\n|raw|roddanielle's rating: 1081 &rarr; <strong>1061<\/strong><br \/>(-20 for losing)\n|l|\u2606roddanielle\n","uploadtime":1699982187,"views":11,"p1id":"kzjrzhzk","p2id":"roddanielle","formatid":"gen9vgc2023regulatione","rating":1061,"private":0,"password":""}