{"id":"gen9vgc2023regulatione-1991985903","p1":"BeckerVGC","p2":"Dinozoic","format":"[Gen 9] VGC 2023 Regulation E","log":"|j|\u2606BeckerVGC\n|j|\u2606Dinozoic\n|t:|1700145244\n|gametype|doubles\n|player|p1|BeckerVGC|hiker-gen4|1262\n|player|p2|Dinozoic|scientist-gen4|1235\n|teamsize|p1|6\n|teamsize|p2|6\n|gen|9\n|tier|[Gen 9] VGC 2023 Regulation E\n|rated|\n|rule|Species Clause: Limit one of each Pok\u00e9mon\n|rule|Item Clause: Limit one of each item\n|clearpoke\n|poke|p1|Urshifu-*, L50, M|\n|poke|p1|Iron Hands, L50|\n|poke|p1|Heatran, L50, M|\n|poke|p1|Flutter Mane, L50|\n|poke|p1|Tornadus, L50, M|\n|poke|p1|Amoonguss, L50, M|\n|poke|p2|Kommo-o, L50, M|\n|poke|p2|Ninetales-Alola, L50, M|\n|poke|p2|Landorus-Therian, L50, M|\n|poke|p2|Ogerpon-Wellspring, L50, F|\n|poke|p2|Flutter Mane, L50|\n|poke|p2|Iron Hands, L50|\n|teampreview|4\n|inactive|Battle timer is ON: inactive players will automatically lose when time's up. (requested by Dinozoic)\n|inactive|BeckerVGC has 60 seconds left.\n|inactive|Dinozoic has 60 seconds left.\n|inactive|BeckerVGC has 30 seconds left.\n|\n|t:|1700145308\n|start\n|switch|p1a: Tornadus|Tornadus, L50, M|100\/100\n|switch|p1b: Heatran|Heatran, L50, M|100\/100\n|switch|p2a: Ninetales|Ninetales-Alola, L50, M|100\/100\n|switch|p2b: Kommo-o|Kommo-o, L50, M|100\/100\n|-weather|Snow|[from] ability: Snow Warning|[of] p2a: Ninetales\n|turn|1\n|\n|t:|1700145333\n|switch|p2a: Landorus|Landorus-Therian, L50, M|100\/100\n|-ability|p2a: Landorus|Intimidate|boost\n|-unboost|p1a: Tornadus|atk|1\n|-unboost|p1b: Heatran|atk|1\n|-terastallize|p1b: Heatran|Fairy\n|move|p1a: Tornadus|Sunny Day|p1a: Tornadus\n|-weather|SunnyDay\n|move|p2b: Kommo-o|Clangorous Soul|p2b: Kommo-o\n|-boost|p2b: Kommo-o|atk|1\n|-boost|p2b: Kommo-o|def|1\n|-boost|p2b: Kommo-o|spa|1\n|-boost|p2b: Kommo-o|spd|1\n|-boost|p2b: Kommo-o|spe|1\n|-damage|p2b: Kommo-o|68\/100\n|-enditem|p2b: Kommo-o|Throat Spray\n|-boost|p2b: Kommo-o|spa|1|[from] item: Throat Spray\n|move|p1b: Heatran|Heat Wave|p2a: Landorus|[spread] p2b\n|-miss|p1b: Heatran|p2a: Landorus\n|-resisted|p2b: Kommo-o\n|-damage|p2b: Kommo-o|38\/100\n|-damage|p1b: Heatran|91\/100|[from] item: Life Orb\n|\n|-weather|SunnyDay|[upkeep]\n|upkeep\n|turn|2\n|inactive|BeckerVGC has 30 seconds left.\n|inactive|Dinozoic has 30 seconds left.\n|\n|t:|1700145362\n|-terastallize|p2b: Kommo-o|Steel\n|move|p1a: Tornadus|Tailwind|p1a: Tornadus\n|-sidestart|p1: BeckerVGC|move: Tailwind\n|move|p2a: Landorus|Rock Slide|p1b: Heatran|[spread] p1a,p1b\n|-supereffective|p1a: Tornadus\n|-damage|p1a: Tornadus|54\/100\n|-damage|p1b: Heatran|73\/100\n|move|p2b: Kommo-o|Flash Cannon|p1b: Heatran\n|-supereffective|p1b: Heatran\n|-damage|p1b: Heatran|0 fnt\n|faint|p1b: Heatran\n|\n|-weather|SunnyDay|[upkeep]\n|upkeep\n|\n|t:|1700145374\n|switch|p1b: Urshifu|Urshifu, L50, M|100\/100\n|turn|3\n|\n|t:|1700145383\n|switch|p2a: Ninetales|Ninetales-Alola, L50, M|100\/100\n|-weather|Snow|[from] ability: Snow Warning|[of] p2a: Ninetales\n|move|p1b: Urshifu|Sucker Punch|p2b: Kommo-o\n|-damage|p2b: Kommo-o|0 fnt\n|faint|p2b: Kommo-o\n|move|p1a: Tornadus|Bleakwind Storm|p2a: Ninetales\n|-damage|p2a: Ninetales|52\/100\n|\n|-weather|Snow|[upkeep]\n|upkeep\n|\n|t:|1700145396\n|switch|p2b: Landorus|Landorus-Therian, L50, M|100\/100\n|-ability|p2b: Landorus|Intimidate|boost\n|-unboost|p1a: Tornadus|atk|1\n|-unboost|p1b: Urshifu|atk|1\n|turn|4\n|\n|t:|1700145412\n|switch|p1b: Flutter Mane|Flutter Mane, L50|100\/100\n|-enditem|p1b: Flutter Mane|Booster Energy\n|-activate|p1b: Flutter Mane|ability: Protosynthesis|[fromitem]\n|-start|p1b: Flutter Mane|protosynthesisspa\n|move|p1a: Tornadus|Sunny Day|p1a: Tornadus\n|-weather|SunnyDay\n|move|p2b: Landorus|Stomping Tantrum|p1b: Flutter Mane\n|-damage|p1b: Flutter Mane|36\/100\n|move|p2a: Ninetales|Blizzard|p1a: Tornadus|[spread] p1a,p1b\n|-supereffective|p1a: Tornadus\n|-damage|p1a: Tornadus|4\/100\n|-damage|p1b: Flutter Mane|12\/100\n|\n|-weather|SunnyDay|[upkeep]\n|upkeep\n|turn|5\n|\n|t:|1700145431\n|move|p1b: Flutter Mane|Moonblast|p2b: Landorus\n|-damage|p2b: Landorus|14\/100\n|move|p1a: Tornadus|Bleakwind Storm|p2a: Ninetales|[spread] p2b\n|-miss|p1a: Tornadus|p2a: Ninetales\n|-damage|p2b: Landorus|0 fnt\n|faint|p2b: Landorus\n|move|p2a: Ninetales|Icy Wind|p1b: Flutter Mane|[spread] p1a,p1b\n|-supereffective|p1a: Tornadus\n|-damage|p1a: Tornadus|0 fnt\n|-damage|p1b: Flutter Mane|1\/100\n|-unboost|p1b: Flutter Mane|spe|1\n|faint|p1a: Tornadus\n|\n|-weather|SunnyDay|[upkeep]\n|-sideend|p1: BeckerVGC|move: Tailwind\n|upkeep\n|\n|t:|1700145445\n|switch|p2b: Ogerpon|Ogerpon-Wellspring, L50, F|100\/100\n|switch|p1a: Urshifu|Urshifu, L50, M|100\/100\n|turn|6\n|\n|t:|1700145464\n|move|p2b: Ogerpon|Ivy Cudgel|p1a: Urshifu|[anim] Ivy Cudgel Water\n|-damage|p1a: Urshifu|76\/100\n|move|p2a: Ninetales|Icy Wind|p1a: Urshifu|[spread] p1a,p1b\n|-damage|p1a: Urshifu|60\/100\n|-damage|p1b: Flutter Mane|0 fnt\n|-unboost|p1a: Urshifu|spe|1\n|faint|p1b: Flutter Mane\n|-end|p1b: Flutter Mane|Protosynthesis|[silent]\n|move|p1a: Urshifu|Poison Jab|p2b: Ogerpon\n|-supereffective|p2b: Ogerpon\n|-damage|p2b: Ogerpon|0 fnt\n|faint|p2b: Ogerpon\n|\n|-weather|SunnyDay|[upkeep]\n|upkeep\n|turn|7\n|\n|t:|1700145478\n|move|p2a: Ninetales|Blizzard|p1a: Urshifu|[miss]\n|-miss|p2a: Ninetales|p1a: Urshifu\n|move|p1a: Urshifu|Poison Jab|p2a: Ninetales\n|-supereffective|p2a: Ninetales\n|-damage|p2a: Ninetales|0 fnt\n|faint|p2a: Ninetales\n|\n|win|BeckerVGC\n|raw|BeckerVGC's rating: 1262 &rarr; <strong>1285<\/strong><br \/>(+23 for winning)\n|raw|Dinozoic's rating: 1235 &rarr; <strong>1212<\/strong><br \/>(-23 for losing)\n|l|\u2606Dinozoic\n","uploadtime":1700145486,"views":20,"p1id":"beckervgc","p2id":"dinozoic","formatid":"gen9vgc2023regulatione","rating":1212,"private":0,"password":""}