{"id":"gen9vgc2023regulatione-1996418147","p1":"misurducky","p2":"The Carkol Rider","format":"[Gen 9] VGC 2023 Regulation E","log":"|j|\u2606misurducky\n|j|\u2606The Carkol Rider\n|n|\u2606misurducky|misurducky\n|n|\u2606The Carkol Rider|thecarkolrider\n|html|View the match progress at <a href=\"\/game-bestof3-gen9vgc2023regulatione-1996413889\">game-bestof3-gen9vgc2023regulatione-1996413889<\/a>\n|t:|1700680098\n|gametype|doubles\n|player|p1|misurducky|rood|\n|player|p2|The Carkol Rider|grimsley|\n|teamsize|p1|6\n|teamsize|p2|6\n|gen|9\n|tier|[Gen 9] VGC 2023 Regulation E\n|rule|Species Clause: Limit one of each Pok\u00e9mon\n|rule|Item Clause: Limit one of each item\n|clearpoke\n|poke|p1|Flutter Mane, L50|\n|poke|p1|Torkoal, L50, M|\n|poke|p1|Clefable, L50, M|\n|poke|p1|Zapdos-Galar, L50|\n|poke|p1|Ting-Lu, L50|\n|poke|p1|Ditto, L50|\n|poke|p2|Urshifu-*, L50, F|\n|poke|p2|Roaring Moon, L50|\n|poke|p2|Arcanine-Hisui, L50, M|\n|poke|p2|Gholdengo, L50|\n|poke|p2|Sentret, L50, F|\n|poke|p2|Landorus-Therian, L50, M|\n|teampreview|4\n|c|\u2606The Carkol Rider|glhf\n|c|\u2606misurducky|glhf\n|\n|t:|1700680121\n|start\n|switch|p1a: Ting-Lu|Ting-Lu, L50|100\/100\n|switch|p1b: Clefable|Clefable, L50, M|100\/100\n|switch|p2a: Roaring Moon|Roaring Moon, L50|100\/100\n|switch|p2b: Landorus|Landorus-Therian, L50, M|100\/100\n|-ability|p2b: Landorus|Intimidate|boost\n|-unboost|p1a: Ting-Lu|atk|1\n|-unboost|p1b: Clefable|atk|1\n|-ability|p1a: Ting-Lu|Vessel of Ruin\n|-enditem|p2a: Roaring Moon|Booster Energy\n|-activate|p2a: Roaring Moon|ability: Protosynthesis|[fromitem]\n|-start|p2a: Roaring Moon|protosynthesisatk\n|turn|1\n|\n|t:|1700680163\n|move|p2a: Roaring Moon|Acrobatics|p1b: Clefable\n|-damage|p1b: Clefable|36\/100\n|-damage|p2a: Roaring Moon|84\/100|[from] item: Rocky Helmet|[of] p1b: Clefable\n|move|p2b: Landorus|Stomping Tantrum|p1b: Clefable\n|-damage|p1b: Clefable|0 fnt\n|-damage|p2b: Landorus|84\/100|[from] item: Rocky Helmet|[of] p1b: Clefable\n|faint|p1b: Clefable\n|move|p1a: Ting-Lu|Body Press|p2a: Roaring Moon\n|-supereffective|p2a: Roaring Moon\n|-damage|p2a: Roaring Moon|4\/100\n|\n|upkeep\n|\n|t:|1700680174\n|switch|p1b: Flutter Mane|Flutter Mane, L50|100\/100\n|-enditem|p1b: Flutter Mane|Booster Energy\n|-activate|p1b: Flutter Mane|ability: Protosynthesis|[fromitem]\n|-start|p1b: Flutter Mane|protosynthesisspe\n|turn|2\n|\n|t:|1700680200\n|-terastallize|p1b: Flutter Mane|Fairy\n|move|p1b: Flutter Mane|Dazzling Gleam|p2b: Landorus|[spread] p2a,p2b\n|-supereffective|p2a: Roaring Moon\n|-damage|p2a: Roaring Moon|0 fnt\n|-damage|p2b: Landorus|46\/100\n|faint|p2a: Roaring Moon\n|-end|p2a: Roaring Moon|Protosynthesis|[silent]\n|move|p2b: Landorus|Stomping Tantrum|p1b: Flutter Mane\n|-damage|p1b: Flutter Mane|0 fnt\n|faint|p1b: Flutter Mane\n|-end|p1b: Flutter Mane|Protosynthesis|[silent]\n|move|p1a: Ting-Lu|Ruination|p2b: Landorus\n|-damage|p2b: Landorus|23\/100\n|\n|upkeep\n|\n|t:|1700680211\n|switch|p1b: Zapdos|Zapdos-Galar, L50|100\/100\n|switch|p2a: Arcanine|Arcanine-Hisui, L50, M|100\/100\n|turn|3\n|j| Fernanch\n|\n|t:|1700680257\n|-terastallize|p2a: Arcanine|Fighting\n|move|p1b: Zapdos|Thunderous Kick|p2a: Arcanine\n|-damage|p2a: Arcanine|49\/100\n|-unboost|p2a: Arcanine|def|1\n|move|p2b: Landorus|Tera Blast|p1b: Zapdos\n|-damage|p1b: Zapdos|84\/100\n|move|p2a: Arcanine|Flare Blitz|p1b: Zapdos\n|-damage|p1b: Zapdos|5\/100\n|move|p1a: Ting-Lu|Earthquake|p2b: Landorus|[spread] p2a\n|-immune|p1b: Zapdos\n|-immune|p2b: Landorus\n|-damage|p2a: Arcanine|19\/100\n|\n|upkeep\n|turn|4\n|\n|t:|1700680302\n|move|p2a: Arcanine|Extreme Speed|p1b: Zapdos\n|-damage|p1b: Zapdos|0 fnt\n|faint|p1b: Zapdos\n|move|p2b: Landorus|Stomping Tantrum|p1a: Ting-Lu\n|-damage|p1a: Ting-Lu|81\/100\n|move|p1a: Ting-Lu|Earthquake|p2a: Arcanine|[spread] p2a\n|-immune|p2b: Landorus\n|-damage|p2a: Arcanine|0 fnt\n|faint|p2a: Arcanine\n|\n|-heal|p1a: Ting-Lu|87\/100|[from] item: Leftovers\n|upkeep\n|\n|t:|1700680308\n|switch|p2a: Urshifu|Urshifu-Rapid-Strike, L50, F|100\/100\n|turn|5\n|c|\u2606misurducky|gg\n|c|\u2606The Carkol Rider|gg\n|-message|misurducky forfeited.\n|\n|win|The Carkol Rider\n|j| LogIce\n|l| LogIce\n|l|\u2606misurducky\n","uploadtime":1700680398,"views":14,"p1id":"misurducky","p2id":"thecarkolrider","formatid":"gen9vgc2023regulatione","rating":0,"private":0,"password":""}