{"id":"gen9vgc2023regulatione-2000541554","p1":"Murfsnanny","p2":"meesterkrebs","format":"[Gen 9] VGC 2023 Regulation E","log":"|j|\u2606Murfsnanny\n|j|\u2606meesterkrebs\n|t:|1701203696\n|gametype|doubles\n|player|p1|Murfsnanny|1|1252\n|player|p2|meesterkrebs|steven|1289\n|teamsize|p1|6\n|teamsize|p2|6\n|gen|9\n|tier|[Gen 9] VGC 2023 Regulation E\n|rated|\n|rule|Species Clause: Limit one of each Pok\u00e9mon\n|rule|Item Clause: Limit one of each item\n|clearpoke\n|poke|p1|Landorus-Therian, L50, M|\n|poke|p1|Flutter Mane, L50|\n|poke|p1|Ogerpon-Wellspring, L50, F|\n|poke|p1|Iron Hands, L50|\n|poke|p1|Arcanine-Hisui, L50, F|\n|poke|p1|Goodra-Hisui, L50, M|\n|poke|p2|Urshifu-*, L50, M|\n|poke|p2|Gholdengo, L50|\n|poke|p2|Arcanine, L50, F|\n|poke|p2|Rillaboom, L50, F|\n|poke|p2|Sableye, L50, M|\n|poke|p2|Iron Bundle, L50|\n|teampreview|4\n|inactive|Battle timer is ON: inactive players will automatically lose when time's up. (requested by Murfsnanny)\n|\n|t:|1701203747\n|start\n|switch|p1a: Arcanine|Arcanine-Hisui, L50, F|100\/100\n|switch|p1b: Iron Hands|Iron Hands, L50|100\/100\n|switch|p2a: Sableye|Sableye, L50, M|100\/100\n|switch|p2b: Arcanine|Arcanine, L50, F|100\/100\n|-ability|p2b: Arcanine|Intimidate|boost\n|-unboost|p1a: Arcanine|atk|1\n|-unboost|p1b: Iron Hands|atk|1\n|-ability|p1a: Arcanine|Intimidate|boost\n|-unboost|p2a: Sableye|atk|1\n|-unboost|p2b: Arcanine|atk|1\n|turn|1\n|inactive|Murfsnanny has 30 seconds left.\n|\n|t:|1701203779\n|move|p2b: Arcanine|Protect|p2b: Arcanine\n|-singleturn|p2b: Arcanine|Protect\n|move|p1b: Iron Hands|Fake Out|p2b: Arcanine\n|-activate|p2b: Arcanine|move: Protect\n|move|p2a: Sableye|Will-O-Wisp|p1b: Iron Hands|[miss]\n|-miss|p2a: Sableye|p1b: Iron Hands\n|move|p1a: Arcanine|Rock Slide|p2b: Arcanine|[spread] p2a\n|-activate|p2b: Arcanine|move: Protect\n|-damage|p2a: Sableye|68\/100\n|-damage|p1a: Arcanine|90\/100|[from] item: Life Orb\n|\n|upkeep\n|turn|2\n|\n|t:|1701203804\n|switch|p2b: Rillaboom|Rillaboom, L50, F|100\/100\n|-fieldstart|move: Grassy Terrain|[from] ability: Grassy Surge|[of] p2b: Rillaboom\n|move|p2a: Sableye|Disable|p1a: Arcanine\n|-start|p1a: Arcanine|Disable|Rock Slide\n|cant|p1a: Arcanine|Disable|Rock Slide\n|move|p1b: Iron Hands|Facade|p2b: Rillaboom\n|-damage|p2b: Rillaboom|82\/100\n|\n|-heal|p1a: Arcanine|96\/100|[from] Grassy Terrain\n|-heal|p2b: Rillaboom|88\/100|[from] Grassy Terrain\n|-heal|p2a: Sableye|74\/100|[from] Grassy Terrain\n|upkeep\n|turn|3\n|\n|t:|1701203826\n|switch|p1a: Landorus|Landorus-Therian, L50, M|100\/100\n|-ability|p1a: Landorus|Intimidate|boost\n|-unboost|p2a: Sableye|atk|1\n|-unboost|p2b: Rillaboom|atk|1\n|-end|p1b: Iron Hands|Quark Drive|[silent]\n|switch|p1b: Flutter Mane|Flutter Mane, L50|100\/100\n|-enditem|p1b: Flutter Mane|Booster Energy\n|-activate|p1b: Flutter Mane|ability: Protosynthesis|[fromitem]\n|-start|p1b: Flutter Mane|protosynthesisspe\n|move|p2a: Sableye|Encore||[still]\n|-fail|p2a: Sableye\n|move|p2b: Rillaboom|High Horsepower|p1b: Flutter Mane\n|-damage|p1b: Flutter Mane|49\/100\n|\n|-heal|p1b: Flutter Mane|55\/100|[from] Grassy Terrain\n|-heal|p2b: Rillaboom|94\/100|[from] Grassy Terrain\n|-heal|p2a: Sableye|79\/100|[from] Grassy Terrain\n|upkeep\n|turn|4\n|\n|t:|1701203846\n|switch|p2b: Arcanine|Arcanine, L50, F|100\/100\n|-ability|p2b: Arcanine|Intimidate|boost\n|-fail|p1a: Landorus|unboost|[from] item: Clear Amulet|[of] p1a: Landorus\n|-unboost|p1b: Flutter Mane|atk|1\n|move|p1a: Landorus|Protect|p1a: Landorus\n|-singleturn|p1a: Landorus|Protect\n|move|p2a: Sableye|Will-O-Wisp|p1a: Landorus\n|-activate|p1a: Landorus|move: Protect\n|move|p1b: Flutter Mane|Dazzling Gleam|p2b: Arcanine|[spread] p2a,p2b\n|-supereffective|p2a: Sableye\n|-enditem|p2a: Sableye|Roseli Berry|[eat]\n|-enditem|p2a: Sableye|Roseli Berry|[weaken]\n|-resisted|p2b: Arcanine\n|-damage|p2a: Sableye|41\/100\n|-damage|p2b: Arcanine|83\/100\n|\n|-heal|p1b: Flutter Mane|61\/100|[from] Grassy Terrain\n|-heal|p2b: Arcanine|89\/100|[from] Grassy Terrain\n|-heal|p2a: Sableye|47\/100|[from] Grassy Terrain\n|upkeep\n|turn|5\n|inactive|Murfsnanny has 30 seconds left.\n|\n|t:|1701203881\n|switch|p1a: Arcanine|Arcanine-Hisui, L50, F|96\/100\n|-ability|p1a: Arcanine|Intimidate|boost\n|-unboost|p2a: Sableye|atk|1\n|-unboost|p2b: Arcanine|atk|1\n|move|p2a: Sableye|Will-O-Wisp|p1a: Arcanine\n|-immune|p1a: Arcanine\n|move|p1b: Flutter Mane|Dazzling Gleam|p2a: Sableye|[spread] p2a,p2b\n|-supereffective|p2a: Sableye\n|-resisted|p2b: Arcanine\n|-damage|p2a: Sableye|0 fnt\n|-damage|p2b: Arcanine|71\/100\n|faint|p2a: Sableye\n|move|p2b: Arcanine|Snarl|p1b: Flutter Mane|[spread] p1a,p1b\n|-damage|p1a: Arcanine|85\/100\n|-damage|p1b: Flutter Mane|51\/100\n|-unboost|p1a: Arcanine|spa|1\n|-unboost|p1b: Flutter Mane|spa|1\n|\n|-heal|p1b: Flutter Mane|57\/100|[from] Grassy Terrain\n|-heal|p2b: Arcanine|77\/100|[from] Grassy Terrain\n|-heal|p1a: Arcanine|91\/100|[from] Grassy Terrain\n|upkeep\n|inactive|meesterkrebs has 30 seconds left.\n|inactive|meesterkrebs has 20 seconds left.\n|inactive|meesterkrebs has 15 seconds left.\n|\n|t:|1701203922\n|switch|p2a: Urshifu|Urshifu-Rapid-Strike, L50, M|100\/100\n|turn|6\n|\n|t:|1701203942\n|-terastallize|p1a: Arcanine|Water\n|-terastallize|p2a: Urshifu|Water\n|move|p2b: Arcanine|Protect|p2b: Arcanine\n|-singleturn|p2b: Arcanine|Protect\n|move|p1b: Flutter Mane|Moonblast|p2a: Urshifu\n|-damage|p2a: Urshifu|65\/100\n|-unboost|p2a: Urshifu|spa|1\n|move|p1a: Arcanine|Rock Slide|p2a: Urshifu|[spread] p2a\n|-activate|p2b: Arcanine|move: Protect\n|-damage|p2a: Urshifu|32\/100\n|-damage|p1a: Arcanine|81\/100|[from] item: Life Orb\n|cant|p2a: Urshifu|flinch\n|\n|-heal|p1b: Flutter Mane|64\/100|[from] Grassy Terrain\n|-heal|p2b: Arcanine|83\/100|[from] Grassy Terrain\n|-heal|p1a: Arcanine|87\/100|[from] Grassy Terrain\n|-heal|p2a: Urshifu|38\/100|[from] Grassy Terrain\n|-fieldend|move: Grassy Terrain\n|upkeep\n|turn|7\n|\n|t:|1701203962\n|switch|p2b: Rillaboom|Rillaboom, L50, F|94\/100\n|-fieldstart|move: Grassy Terrain|[from] ability: Grassy Surge|[of] p2b: Rillaboom\n|move|p2a: Urshifu|Detect|p2a: Urshifu\n|-singleturn|p2a: Urshifu|Protect\n|move|p1b: Flutter Mane|Moonblast|p2a: Urshifu\n|-activate|p2a: Urshifu|move: Protect\n|move|p1a: Arcanine|Rock Slide|p2b: Rillaboom|[spread] p2b\n|-activate|p2a: Urshifu|move: Protect\n|-damage|p2b: Rillaboom|60\/100\n|-damage|p1a: Arcanine|77\/100|[from] item: Life Orb\n|\n|-heal|p1b: Flutter Mane|70\/100|[from] Grassy Terrain\n|-heal|p1a: Arcanine|83\/100|[from] Grassy Terrain\n|-heal|p2a: Urshifu|44\/100|[from] Grassy Terrain\n|-heal|p2b: Rillaboom|66\/100|[from] Grassy Terrain\n|upkeep\n|turn|8\n|inactive|Murfsnanny has 30 seconds left.\n|inactive|meesterkrebs has 30 seconds left.\n|inactive|meesterkrebs has 20 seconds left.\n|\n|t:|1701204005\n|move|p1b: Flutter Mane|Protect|p1b: Flutter Mane\n|-singleturn|p1b: Flutter Mane|Protect\n|move|p1a: Arcanine|Extreme Speed|p2a: Urshifu\n|-damage|p2a: Urshifu|15\/100\n|-damage|p1a: Arcanine|73\/100|[from] item: Life Orb\n|move|p2a: Urshifu|Aqua Jet|p1b: Flutter Mane\n|-damage|p1b: Flutter Mane|2\/100\n|move|p2b: Rillaboom|Grassy Glide|p1b: Flutter Mane\n|-activate|p1b: Flutter Mane|move: Protect\n|\n|-heal|p1b: Flutter Mane|8\/100|[from] Grassy Terrain\n|-heal|p1a: Arcanine|79\/100|[from] Grassy Terrain\n|-heal|p2a: Urshifu|21\/100|[from] Grassy Terrain\n|-heal|p2b: Rillaboom|72\/100|[from] Grassy Terrain\n|upkeep\n|turn|9\n|\n|t:|1701204025\n|-end|p1b: Flutter Mane|Protosynthesis|[silent]\n|switch|p1b: Iron Hands|Iron Hands, L50|100\/100\n|move|p1a: Arcanine|Extreme Speed|p2a: Urshifu\n|-damage|p2a: Urshifu|0 fnt\n|faint|p2a: Urshifu\n|-damage|p1a: Arcanine|69\/100|[from] item: Life Orb\n|move|p2b: Rillaboom|Grassy Glide|p1a: Arcanine\n|-supereffective|p1a: Arcanine\n|-damage|p1a: Arcanine|0 fnt\n|faint|p1a: Arcanine\n|\n|-heal|p2b: Rillaboom|77\/100|[from] Grassy Terrain\n|upkeep\n|\n|t:|1701204038\n|switch|p1a: Flutter Mane|Flutter Mane, L50|8\/100\n|switch|p2a: Arcanine|Arcanine, L50, F|83\/100\n|-ability|p2a: Arcanine|Intimidate|boost\n|-unboost|p1a: Flutter Mane|atk|1\n|-unboost|p1b: Iron Hands|atk|1\n|turn|10\n|\n|t:|1701204061\n|-end|p1a: Flutter Mane|Protosynthesis|[silent]\n|switch|p1a: Landorus|Landorus-Therian, L50, M|100\/100\n|-ability|p1a: Landorus|Intimidate|boost\n|-unboost|p2a: Arcanine|atk|1\n|-unboost|p2b: Rillaboom|atk|1\n|move|p1b: Iron Hands|Fake Out|p2a: Arcanine\n|-damage|p2a: Arcanine|72\/100\n|cant|p2a: Arcanine|flinch\n|move|p2b: Rillaboom|High Horsepower|p1b: Iron Hands\n|-supereffective|p1b: Iron Hands\n|-damage|p1b: Iron Hands|73\/100\n|\n|-heal|p2a: Arcanine|78\/100|[from] Grassy Terrain\n|-heal|p2b: Rillaboom|83\/100|[from] Grassy Terrain\n|-heal|p1b: Iron Hands|79\/100|[from] Grassy Terrain\n|upkeep\n|turn|11\n|\n|t:|1701204084\n|move|p1a: Landorus|Protect|p1a: Landorus\n|-singleturn|p1a: Landorus|Protect\n|move|p2a: Arcanine|Howl|p2a: Arcanine|[spread] p2a,p2b\n|-boost|p2a: Arcanine|atk|1\n|-boost|p2b: Rillaboom|atk|1\n|move|p2b: Rillaboom|High Horsepower|p1b: Iron Hands\n|-supereffective|p1b: Iron Hands\n|-damage|p1b: Iron Hands|37\/100\n|move|p1b: Iron Hands|Drain Punch|p2b: Rillaboom\n|-damage|p2b: Rillaboom|53\/100\n|-heal|p1b: Iron Hands|49\/100|[from] drain|[of] p2b: Rillaboom\n|\n|-heal|p2a: Arcanine|84\/100|[from] Grassy Terrain\n|-heal|p2b: Rillaboom|58\/100|[from] Grassy Terrain\n|-heal|p1b: Iron Hands|55\/100|[from] Grassy Terrain\n|-fieldend|move: Grassy Terrain\n|upkeep\n|turn|12\n|\n|t:|1701204104\n|move|p2a: Arcanine|Howl|p2a: Arcanine|[spread] p2a,p2b\n|-boost|p2a: Arcanine|atk|1\n|-boost|p2b: Rillaboom|atk|1\n|move|p1a: Landorus|Stomping Tantrum|p2a: Arcanine\n|-supereffective|p2a: Arcanine\n|-damage|p2a: Arcanine|0 fnt\n|faint|p2a: Arcanine\n|move|p2b: Rillaboom|High Horsepower|p1b: Iron Hands\n|-supereffective|p1b: Iron Hands\n|-damage|p1b: Iron Hands|0 fnt\n|faint|p1b: Iron Hands\n|-end|p1b: Iron Hands|Quark Drive|[silent]\n|\n|upkeep\n|\n|t:|1701204112\n|switch|p1b: Flutter Mane|Flutter Mane, L50|8\/100\n|turn|13\n|\n|t:|1701204119\n|move|p1b: Flutter Mane|Moonblast|p2b: Rillaboom\n|-damage|p2b: Rillaboom|22\/100\n|move|p1a: Landorus|U-turn|p2b: Rillaboom\n|-supereffective|p2b: Rillaboom\n|-damage|p2b: Rillaboom|0 fnt\n|faint|p2b: Rillaboom\n|\n|win|Murfsnanny\n|raw|Murfsnanny's rating: 1254 &rarr; <strong>1282<\/strong><br \/>(+28 for winning)\n|raw|meesterkrebs's rating: 1289 &rarr; <strong>1261<\/strong><br \/>(-28 for losing)\n|l|\u2606Murfsnanny\n|c|\u2606meesterkrebs|gg\n","uploadtime":1701204135,"views":1,"p1id":"murfsnanny","p2id":"meesterkrebs","formatid":"gen9vgc2023regulatione","rating":1261,"private":0,"password":""}