{"id":"gen9vgc2023regulatione-1991012131","p1":"Mo mo 15","p2":"Kzrkiroz","format":"[Gen 9] VGC 2023 Regulation E","log":"|j|\u2606Mo mo 15\n|j|\u2606Kzrkiroz\n|t:|1700027762\n|gametype|doubles\n|player|p1|Mo mo 15|hoopster|1149\n|player|p2|Kzrkiroz|lance|1149\n|teamsize|p1|6\n|teamsize|p2|6\n|gen|9\n|tier|[Gen 9] VGC 2023 Regulation E\n|rated|\n|rule|Species Clause: Limit one of each Pok\u00e9mon\n|rule|Item Clause: Limit one of each item\n|clearpoke\n|poke|p1|Iron Bundle, L50|\n|poke|p1|Talonflame, L50, M|\n|poke|p1|Flutter Mane, L50|\n|poke|p1|Sinistcha-Masterpiece, L50|\n|poke|p1|Tyranitar, L50, F|\n|poke|p1|Iron Hands, L50|\n|poke|p2|Flutter Mane, L50|\n|poke|p2|Tornadus, L50, M|\n|poke|p2|Rillaboom, L50, M|\n|poke|p2|Garganacl, L50, F|\n|poke|p2|Arcanine-Hisui, L50, M|\n|poke|p2|Chien-Pao, L50|\n|teampreview|4\n|j| nanikien1311\n|l| nanikien1311\n|inactive|Battle timer is ON: inactive players will automatically lose when time's up. (requested by Mo mo 15)\n|\n|t:|1700027808\n|start\n|switch|p1a: Iron Hands|Iron Hands, L50|100\/100\n|switch|p1b: Talonflame|Talonflame, L50, M|100\/100\n|switch|p2a: Tornadus|Tornadus, L50, M|100\/100\n|switch|p2b: Garganacl|Garganacl, L50, F|100\/100\n|turn|1\n|\n|t:|1700027819\n|-terastallize|p2b: Garganacl|Ghost\n|move|p2a: Tornadus|Tailwind|p2a: Tornadus\n|-sidestart|p2: Kzrkiroz|move: Tailwind\n|move|p1b: Talonflame|Tailwind|p1b: Talonflame\n|-sidestart|p1: Mo mo 15|move: Tailwind\n|move|p1a: Iron Hands|Drain Punch|p2b: Garganacl\n|-immune|p2b: Garganacl\n|move|p2b: Garganacl|Salt Cure|p1b: Talonflame\n|-supereffective|p1b: Talonflame\n|-damage|p1b: Talonflame|6\/100\n|-start|p1b: Talonflame|Salt Cure\n|\n|-damage|p1b: Talonflame|0 fnt|[from] Salt Cure\n|faint|p1b: Talonflame\n|upkeep\n|\n|t:|1700027824\n|switch|p1b: Iron Bundle|Iron Bundle, L50|100\/100\n|-enditem|p1b: Iron Bundle|Booster Energy\n|-activate|p1b: Iron Bundle|ability: Quark Drive|[fromitem]\n|-start|p1b: Iron Bundle|quarkdrivespe\n|turn|2\n|\n|t:|1700027834\n|move|p1b: Iron Bundle|Freeze-Dry|p2b: Garganacl\n|-damage|p2b: Garganacl|78\/100\n|move|p2a: Tornadus|Bleakwind Storm|p1b: Iron Bundle|[spread] p1a\n|-miss|p2a: Tornadus|p1b: Iron Bundle\n|-damage|p1a: Iron Hands|80\/100\n|move|p1a: Iron Hands|Wild Charge|p2a: Tornadus\n|-supereffective|p2a: Tornadus\n|-damage|p2a: Tornadus|0 fnt\n|-damage|p1a: Iron Hands|63\/100|[from] item: Rocky Helmet|[of] p2a: Tornadus\n|faint|p2a: Tornadus\n|-damage|p1a: Iron Hands|45\/100|[from] Recoil\n|move|p2b: Garganacl|Salt Cure|p1b: Iron Bundle\n|-supereffective|p1b: Iron Bundle\n|-damage|p1b: Iron Bundle|67\/100\n|-start|p1b: Iron Bundle|Salt Cure\n|\n|-damage|p1b: Iron Bundle|42\/100|[from] Salt Cure\n|upkeep\n|\n|t:|1700027843\n|switch|p2a: Arcanine|Arcanine-Hisui, L50, M|100\/100\n|-ability|p2a: Arcanine|Intimidate|boost\n|-unboost|p1a: Iron Hands|atk|1\n|-unboost|p1b: Iron Bundle|atk|1\n|turn|3\n|\n|t:|1700027852\n|move|p1b: Iron Bundle|Water Pulse|p2a: Arcanine\n|-supereffective|p2a: Arcanine\n|-damage|p2a: Arcanine|0 fnt\n|faint|p2a: Arcanine\n|move|p1a: Iron Hands|Drain Punch|p2b: Garganacl\n|-immune|p2b: Garganacl\n|move|p2b: Garganacl|Salt Cure|p1b: Iron Bundle\n|-supereffective|p1b: Iron Bundle\n|-damage|p1b: Iron Bundle|9\/100\n|\n|-damage|p1b: Iron Bundle|0 fnt|[from] Salt Cure\n|faint|p1b: Iron Bundle\n|-end|p1b: Iron Bundle|Quark Drive|[silent]\n|upkeep\n|\n|t:|1700027856\n|switch|p1b: Flutter Mane|Flutter Mane, L50|100\/100\n|switch|p2a: Flutter Mane|Flutter Mane, L50|100\/100\n|-enditem|p2a: Flutter Mane|Booster Energy\n|-activate|p2a: Flutter Mane|ability: Protosynthesis|[fromitem]\n|-start|p2a: Flutter Mane|protosynthesisspe\n|turn|4\n|\n|t:|1700027869\n|move|p2a: Flutter Mane|Protect|p2a: Flutter Mane\n|-singleturn|p2a: Flutter Mane|Protect\n|move|p1b: Flutter Mane|Shadow Ball|p2a: Flutter Mane\n|-activate|p2a: Flutter Mane|move: Protect\n|move|p1a: Iron Hands|Wild Charge|p2b: Garganacl\n|-damage|p2b: Garganacl|51\/100\n|-damage|p1a: Iron Hands|40\/100|[from] Recoil\n|move|p2b: Garganacl|Salt Cure|p1b: Flutter Mane\n|-damage|p1b: Flutter Mane|76\/100\n|-start|p1b: Flutter Mane|Salt Cure\n|\n|-damage|p1b: Flutter Mane|64\/100|[from] Salt Cure\n|-sideend|p2: Kzrkiroz|move: Tailwind\n|-sideend|p1: Mo mo 15|move: Tailwind\n|upkeep\n|turn|5\n|\n|t:|1700027882\n|move|p2a: Flutter Mane|Shadow Ball|p1b: Flutter Mane\n|-supereffective|p1b: Flutter Mane\n|-damage|p1b: Flutter Mane|0 fnt\n|faint|p1b: Flutter Mane\n|-end|p1b: Flutter Mane|Protosynthesis|[silent]\n|move|p1a: Iron Hands|Wild Charge|p2b: Garganacl\n|-damage|p2b: Garganacl|27\/100\n|-enditem|p2b: Garganacl|Sitrus Berry|[eat]\n|-heal|p2b: Garganacl|52\/100|[from] item: Sitrus Berry\n|-damage|p1a: Iron Hands|35\/100|[from] Recoil\n|move|p2b: Garganacl|Recover|p2b: Garganacl\n|-heal|p2b: Garganacl|100\/100\n|\n|upkeep\n|turn|6\n|-message|Mo mo 15 forfeited.\n|\n|win|Kzrkiroz\n|raw|Mo mo 15's rating: 1149 &rarr; <strong>1124<\/strong><br \/>(-25 for losing)\n|raw|Kzrkiroz's rating: 1149 &rarr; <strong>1174<\/strong><br \/>(+25 for winning)\n|l|\u2606Mo mo 15\n","uploadtime":1700027892,"views":9,"p1id":"momo15","p2id":"kzrkiroz","formatid":"gen9vgc2023regulatione","rating":1124,"private":0,"password":""}