{"id":"gen9vgc2023regulatione-1996865076","p1":"xingshen","p2":"Josh Will Lose","format":"[Gen 9] VGC 2023 Regulation E","log":"|j|\u2606xingshen\n|j|\u2606Josh Will Lose\n|t:|1700737390\n|gametype|doubles\n|player|p1|xingshen|265|1130\n|player|p2|Josh Will Lose|crasherwake|1027\n|teamsize|p1|6\n|teamsize|p2|6\n|gen|9\n|tier|[Gen 9] VGC 2023 Regulation E\n|rated|\n|rule|Species Clause: Limit one of each Pok\u00e9mon\n|rule|Item Clause: Limit one of each item\n|clearpoke\n|poke|p1|Landorus-Therian, L50, M|\n|poke|p1|Chi-Yu, L50|\n|poke|p1|Ogerpon-Hearthflame, L50, F|\n|poke|p1|Ninetales, L50, F|\n|poke|p1|Flutter Mane, L50|\n|poke|p1|Dragonite, L50, M|\n|poke|p2|Iron Hands, L50|\n|poke|p2|Luxray, L50, M|\n|poke|p2|Overqwil, L50, M|\n|poke|p2|Arcanine, L50, M|\n|poke|p2|Gyarados, L50, F|\n|poke|p2|Gardevoir, L50, F|\n|teampreview|4\n|\n|t:|1700737422\n|start\n|switch|p1a: Landorus|Landorus-Therian, L50, M|100\/100\n|switch|p1b: Ninetales|Ninetales, L50, F|100\/100\n|switch|p2a: Turbo #9\/11|Overqwil, L50, M|100\/100\n|switch|p2b: Turbo #24|Gardevoir, L50, F|100\/100\n|-ability|p1a: Landorus|Intimidate|boost\n|-unboost|p2a: Turbo #9\/11|atk|1\n|-unboost|p2b: Turbo #24|atk|1\n|-weather|SunnyDay|[from] ability: Drought|[of] p1b: Ninetales\n|-ability|p2a: Turbo #9\/11|Intimidate|boost\n|-unboost|p1a: Landorus|atk|1\n|-unboost|p1b: Ninetales|atk|1\n|turn|1\n|inactive|Battle timer is ON: inactive players will automatically lose when time's up. (requested by Josh Will Lose)\n|inactive|Josh Will Lose has 60 seconds left.\n|\n|t:|1700737455\n|move|p1a: Landorus|Stomping Tantrum|p2a: Turbo #9\/11\n|-supereffective|p2a: Turbo #9\/11\n|-damage|p2a: Turbo #9\/11|57\/100\n|move|p1b: Ninetales|Calm Mind|p1b: Ninetales\n|-boost|p1b: Ninetales|spa|1\n|-boost|p1b: Ninetales|spd|1\n|move|p2b: Turbo #24|Future Sight|p1a: Landorus\n|-start|p2b: Turbo #24|move: Future Sight\n|move|p2a: Turbo #9\/11|Toxic|p1a: Landorus\n|-status|p1a: Landorus|tox\n|\n|-weather|SunnyDay|[upkeep]\n|-heal|p2a: Turbo #9\/11|63\/100|[from] item: Black Sludge\n|-damage|p1a: Landorus|94\/100 tox|[from] psn\n|upkeep\n|turn|2\n|\n|t:|1700737475\n|move|p2b: Turbo #24|Protect|p2b: Turbo #24\n|-singleturn|p2b: Turbo #24|Protect\n|move|p1a: Landorus|Stomping Tantrum|p2a: Turbo #9\/11\n|-supereffective|p2a: Turbo #9\/11\n|-damage|p2a: Turbo #9\/11|21\/100\n|move|p1b: Ninetales|Fire Blast|p2b: Turbo #24\n|-activate|p2b: Turbo #24|move: Protect\n|move|p2a: Turbo #9\/11|Toxic|p1b: Ninetales\n|-status|p1b: Ninetales|tox\n|\n|-weather|SunnyDay|[upkeep]\n|-heal|p2a: Turbo #9\/11|28\/100|[from] item: Black Sludge\n|-damage|p1a: Landorus|82\/100 tox|[from] psn\n|-damage|p1b: Ninetales|94\/100 tox|[from] psn\n|upkeep\n|turn|3\n|inactive|Josh Will Lose has 30 seconds left.\n|\n|t:|1700737508\n|move|p1a: Landorus|Stomping Tantrum|p2a: Turbo #9\/11\n|-supereffective|p2a: Turbo #9\/11\n|-damage|p2a: Turbo #9\/11|0 fnt\n|faint|p2a: Turbo #9\/11\n|move|p1b: Ninetales|Fire Blast|p2b: Turbo #24\n|-damage|p2b: Turbo #24|16\/100\n|move|p2b: Turbo #24|Dazzling Gleam|p1a: Landorus|[spread] p1a,p1b\n|-resisted|p1b: Ninetales\n|-damage|p1a: Landorus|40\/100 tox\n|-damage|p1b: Ninetales|84\/100 tox\n|\n|-weather|SunnyDay|[upkeep]\n|-end|p1a: Landorus|move: Future Sight\n|-damage|p1a: Landorus|0 fnt\n|faint|p1a: Landorus\n|-damage|p1b: Ninetales|72\/100 tox|[from] psn\n|upkeep\n|\n|t:|1700737525\n|switch|p1a: Flutter Mane|Flutter Mane, L50|100\/100\n|switch|p2a: Turbo #69|Iron Hands, L50|100\/100\n|-activate|p1a: Flutter Mane|ability: Protosynthesis\n|-start|p1a: Flutter Mane|protosynthesisspe\n|turn|4\n|inactive|Josh Will Lose has 30 seconds left.\n|\n|t:|1700737554\n|move|p2b: Turbo #24|Protect|p2b: Turbo #24\n|-singleturn|p2b: Turbo #24|Protect\n|move|p2a: Turbo #69|Fake Out|p1b: Ninetales\n|-damage|p1b: Ninetales|53\/100 tox\n|move|p1a: Flutter Mane|Dazzling Gleam|p2a: Turbo #69|[spread] p2a\n|-activate|p2b: Turbo #24|move: Protect\n|-supereffective|p2a: Turbo #69\n|-damage|p2a: Turbo #69|43\/100\n|cant|p1b: Ninetales|flinch\n|\n|-weather|SunnyDay|[upkeep]\n|-damage|p1b: Ninetales|34\/100 tox|[from] psn\n|upkeep\n|turn|5\n|\n|t:|1700737574\n|switch|p1b: Ogerpon|Ogerpon-Hearthflame, L50, F|100\/100\n|-ability|p1b: Ogerpon|Mold Breaker\n|move|p1a: Flutter Mane|Dazzling Gleam|p2a: Turbo #69|[spread] p2a,p2b\n|-supereffective|p2a: Turbo #69\n|-damage|p2a: Turbo #69|0 fnt\n|-damage|p2b: Turbo #24|0 fnt\n|faint|p2a: Turbo #69\n|-end|p2a: Turbo #69|Quark Drive|[silent]\n|faint|p2b: Turbo #24\n|\n|-weather|none\n|-end|p1a: Flutter Mane|Protosynthesis\n|upkeep\n|inactive|Josh Will Lose has 30 seconds left.\n|\n|t:|1700737603\n|switch|p2b: Turbo #4\/26\/1986|Gyarados, L50, F|100\/100\n|-ability|p2b: Turbo #4\/26\/1986|Intimidate|boost\n|-unboost|p1a: Flutter Mane|atk|1\n|-unboost|p1b: Ogerpon|atk|1\n|turn|6\n|\n|t:|1700737617\n|-end|p1a: Flutter Mane|Protosynthesis|[silent]\n|switch|p1a: Ninetales|Ninetales, L50, F|34\/100 tox\n|-weather|SunnyDay|[from] ability: Drought|[of] p1a: Ninetales\n|move|p1b: Ogerpon|Power Whip|p2b: Turbo #4\/26\/1986\n|-damage|p2b: Turbo #4\/26\/1986|37\/100\n|move|p2b: Turbo #4\/26\/1986|Dragon Dance|p2b: Turbo #4\/26\/1986\n|-boost|p2b: Turbo #4\/26\/1986|atk|1\n|-boost|p2b: Turbo #4\/26\/1986|spe|1\n|\n|-weather|SunnyDay|[upkeep]\n|-damage|p1a: Ninetales|28\/100 tox|[from] psn\n|upkeep\n|turn|7\n|\n|t:|1700737632\n|move|p1b: Ogerpon|Spiky Shield|p1b: Ogerpon\n|-singleturn|p1b: Ogerpon|move: Protect\n|move|p2b: Turbo #4\/26\/1986|Bite|p1b: Ogerpon\n|-activate|p1b: Ogerpon|move: Protect\n|-damage|p2b: Turbo #4\/26\/1986|25\/100|[from] Spiky Shield|[of] p1b: Ogerpon\n|move|p1a: Ninetales|Memento|p2b: Turbo #4\/26\/1986\n|-unboost|p2b: Turbo #4\/26\/1986|atk|2\n|-unboost|p2b: Turbo #4\/26\/1986|spa|2\n|faint|p1a: Ninetales\n|\n|-weather|SunnyDay|[upkeep]\n|upkeep\n|\n|t:|1700737645\n|switch|p1a: Flutter Mane|Flutter Mane, L50|100\/100\n|-activate|p1a: Flutter Mane|ability: Protosynthesis\n|-start|p1a: Flutter Mane|protosynthesisspe\n|turn|8\n|\n|t:|1700737656\n|move|p2b: Turbo #4\/26\/1986|Protect|p2b: Turbo #4\/26\/1986\n|-singleturn|p2b: Turbo #4\/26\/1986|Protect\n|move|p1a: Flutter Mane|Thunderbolt|p2b: Turbo #4\/26\/1986\n|-activate|p2b: Turbo #4\/26\/1986|move: Protect\n|move|p1b: Ogerpon|Power Whip|p2b: Turbo #4\/26\/1986\n|-activate|p2b: Turbo #4\/26\/1986|move: Protect\n|\n|-weather|SunnyDay|[upkeep]\n|upkeep\n|turn|9\n|\n|t:|1700737670\n|-terastallize|p2b: Turbo #4\/26\/1986|Ground\n|move|p1a: Flutter Mane|Thunderbolt|p2b: Turbo #4\/26\/1986\n|-immune|p2b: Turbo #4\/26\/1986\n|move|p2b: Turbo #4\/26\/1986|Bite|p1a: Flutter Mane\n|-damage|p1a: Flutter Mane|64\/100\n|-damage|p2b: Turbo #4\/26\/1986|15\/100|[from] item: Life Orb\n|move|p1b: Ogerpon|Power Whip|p2b: Turbo #4\/26\/1986\n|-supereffective|p2b: Turbo #4\/26\/1986\n|-damage|p2b: Turbo #4\/26\/1986|0 fnt\n|faint|p2b: Turbo #4\/26\/1986\n|\n|win|xingshen\n|raw|xingshen's rating: 1130 &rarr; <strong>1148<\/strong><br \/>(+18 for winning)\n|raw|Josh Will Lose's rating: 1027 &rarr; <strong>1017<\/strong><br \/>(-10 for losing)\n|l|\u2606Josh Will Lose\n","uploadtime":1700737692,"views":7,"p1id":"xingshen","p2id":"joshwilllose","formatid":"gen9vgc2023regulatione","rating":1017,"private":0,"password":""}