{"id":"gen9vgc2023regulatione-1990928049","p1":"OmegaBrat","p2":"The Umpire","format":"[Gen 9] VGC 2023 Regulation E","log":"|j|\u2606OmegaBrat\n|j|\u2606The Umpire\n|t:|1700016139\n|gametype|doubles\n|player|p1|OmegaBrat|red|1563\n|player|p2|The Umpire|volkner|1520\n|teamsize|p1|6\n|teamsize|p2|6\n|gen|9\n|tier|[Gen 9] VGC 2023 Regulation E\n|rated|\n|rule|Species Clause: Limit one of each Pok\u00e9mon\n|rule|Item Clause: Limit one of each item\n|clearpoke\n|poke|p1|Urshifu-*, L50, M|\n|poke|p1|Arcanine-Hisui, L50, M|\n|poke|p1|Gholdengo, L50|\n|poke|p1|Pelipper, L50, F|\n|poke|p1|Amoonguss, L50, M|\n|poke|p1|Goodra-Hisui, L50, F|\n|poke|p2|Dragonite, L50, M|\n|poke|p2|Chien-Pao, L50|\n|poke|p2|Kingambit, L50, M|\n|poke|p2|Amoonguss, L50, M|\n|poke|p2|Arcanine-Hisui, L50, M|\n|poke|p2|Urshifu-*, L50, F|\n|teampreview|4\n|j| mhybear\n|inactive|Battle timer is ON: inactive players will automatically lose when time's up. (requested by The Umpire)\n|\n|t:|1700016209\n|start\n|switch|p1a: Goodra|Goodra-Hisui, L50, F|100\/100\n|switch|p1b: Amoonguss|Amoonguss, L50, M|100\/100\n|switch|p2a: Kingambit|Kingambit, L50, M, shiny|100\/100\n|switch|p2b: Urshifu|Urshifu-Rapid-Strike, L50, F|100\/100\n|turn|1\n|j| IronicKoala\n|inactive|OmegaBrat has 30 seconds left.\n|\n|t:|1700016236\n|-terastallize|p1a: Goodra|Fairy\n|move|p2b: Urshifu|Surging Strikes|p1b: Amoonguss\n|-resisted|p1b: Amoonguss\n|-crit|p1b: Amoonguss\n|-damage|p1b: Amoonguss|92\/100\n|-damage|p2b: Urshifu|84\/100|[from] item: Rocky Helmet|[of] p1b: Amoonguss\n|-resisted|p1b: Amoonguss\n|-crit|p1b: Amoonguss\n|-damage|p1b: Amoonguss|83\/100\n|-damage|p2b: Urshifu|68\/100|[from] item: Rocky Helmet|[of] p1b: Amoonguss\n|-resisted|p1b: Amoonguss\n|-crit|p1b: Amoonguss\n|-damage|p1b: Amoonguss|74\/100\n|-damage|p2b: Urshifu|51\/100|[from] item: Rocky Helmet|[of] p1b: Amoonguss\n|-hitcount|p1b: Amoonguss|3\n|move|p1a: Goodra|Shelter|p1a: Goodra\n|-boost|p1a: Goodra|def|2\n|move|p2a: Kingambit|Kowtow Cleave|p1b: Amoonguss\n|-damage|p1b: Amoonguss|28\/100\n|-damage|p2a: Kingambit|84\/100|[from] item: Rocky Helmet|[of] p1b: Amoonguss\n|move|p1b: Amoonguss|Spore|p2b: Urshifu\n|-status|p2b: Urshifu|slp|[from] move: Spore\n|\n|upkeep\n|turn|2\n|\n|t:|1700016258\n|switch|p1b: Pelipper|Pelipper, L50, F|100\/100\n|-weather|RainDance|[from] ability: Drizzle|[of] p1b: Pelipper\n|-terastallize|p2a: Kingambit|Fairy\n|cant|p2b: Urshifu|slp\n|move|p1a: Goodra|Body Press|p2a: Kingambit\n|-resisted|p2a: Kingambit\n|-damage|p2a: Kingambit|65\/100\n|move|p2a: Kingambit|Kowtow Cleave|p1b: Pelipper\n|-damage|p1b: Pelipper|25\/100\n|\n|-weather|RainDance|[upkeep]\n|upkeep\n|turn|3\n|\n|t:|1700016273\n|move|p2a: Kingambit|Sucker Punch|p1b: Pelipper\n|-damage|p1b: Pelipper|0 fnt\n|faint|p1b: Pelipper\n|cant|p2b: Urshifu|slp\n|move|p1a: Goodra|Shelter|p1a: Goodra\n|-boost|p1a: Goodra|def|2\n|\n|-weather|RainDance|[upkeep]\n|upkeep\n|j| 5Sscreen\n|\n|t:|1700016280\n|switch|p1b: Amoonguss|Amoonguss, L50, M|61\/100\n|turn|4\n|\n|t:|1700016287\n|cant|p2b: Urshifu|slp\n|move|p1a: Goodra|Body Press|p2b: Urshifu\n|-damage|p2b: Urshifu|0 fnt\n|faint|p2b: Urshifu\n|move|p2a: Kingambit|Kowtow Cleave|p1b: Amoonguss\n|-damage|p1b: Amoonguss|19\/100\n|-damage|p2a: Kingambit|49\/100|[from] item: Rocky Helmet|[of] p1b: Amoonguss\n|move|p1b: Amoonguss|Spore|p2a: Kingambit\n|-status|p2a: Kingambit|slp|[from] move: Spore\n|\n|-weather|RainDance|[upkeep]\n|upkeep\n|\n|t:|1700016297\n|switch|p2b: Chien-Pao|Chien-Pao, L50|100\/100\n|-ability|p2b: Chien-Pao|Sword of Ruin\n|turn|5\n|\n|t:|1700016311\n|switch|p1b: Arcanine|Arcanine-Hisui, L50, M|100\/100\n|-ability|p1b: Arcanine|Intimidate|boost\n|-unboost|p2a: Kingambit|atk|1\n|-ability|p2a: Kingambit|Defiant|boost\n|-boost|p2a: Kingambit|atk|2\n|-unboost|p2b: Chien-Pao|atk|1\n|move|p2b: Chien-Pao|Protect|p2b: Chien-Pao\n|-singleturn|p2b: Chien-Pao|Protect\n|move|p1a: Goodra|Body Press|p2b: Chien-Pao\n|-activate|p2b: Chien-Pao|move: Protect\n|cant|p2a: Kingambit|slp\n|\n|-weather|RainDance|[upkeep]\n|upkeep\n|turn|6\n|\n|t:|1700016329\n|switch|p2b: Dragonite|Dragonite, L50, M|100\/100\n|-curestatus|p2a: Kingambit|slp|[msg]\n|move|p2a: Kingambit|Sucker Punch|p1b: Arcanine\n|-damage|p1b: Arcanine|16\/100\n|move|p1b: Arcanine|Rock Slide|p2b: Dragonite|[spread] p2a,p2b\n|-supereffective|p2b: Dragonite\n|-damage|p2a: Kingambit|17\/100\n|-damage|p2b: Dragonite|13\/100\n|move|p1a: Goodra|Body Press|p2a: Kingambit\n|-resisted|p2a: Kingambit\n|-damage|p2a: Kingambit|0 fnt\n|faint|p2a: Kingambit\n|\n|-weather|none\n|upkeep\n|\n|t:|1700016337\n|switch|p2a: Chien-Pao|Chien-Pao, L50|100\/100\n|-ability|p2a: Chien-Pao|Sword of Ruin\n|turn|7\n|\n|t:|1700016353\n|switch|p1b: Amoonguss|Amoonguss, L50, M|52\/100\n|move|p2a: Chien-Pao|Ice Spinner|p1b: Amoonguss\n|-supereffective|p1b: Amoonguss\n|-damage|p1b: Amoonguss|0 fnt\n|-damage|p2a: Chien-Pao|84\/100|[from] item: Rocky Helmet|[of] p1b: Amoonguss\n|faint|p1b: Amoonguss\n|move|p2b: Dragonite|Iron Head|p1a: Goodra\n|-supereffective|p1a: Goodra\n|-damage|p1a: Goodra|77\/100\n|cant|p1a: Goodra|flinch\n|\n|upkeep\n|\n|t:|1700016363\n|switch|p1b: Arcanine|Arcanine-Hisui, L50, M|16\/100\n|-ability|p1b: Arcanine|Intimidate|boost\n|-unboost|p2a: Chien-Pao|atk|1\n|-fail|p2b: Dragonite|unboost|Attack|[from] ability: Inner Focus|[of] p2b: Dragonite\n|turn|8\n|\n|t:|1700016378\n|move|p1b: Arcanine|Extreme Speed|p2b: Dragonite\n|-damage|p2b: Dragonite|0 fnt\n|faint|p2b: Dragonite\n|move|p2a: Chien-Pao|Ice Spinner|p1a: Goodra\n|-damage|p1a: Goodra|67\/100\n|move|p1a: Goodra|Body Press|p2a: Chien-Pao\n|-supereffective|p2a: Chien-Pao\n|-damage|p2a: Chien-Pao|0 fnt\n|faint|p2a: Chien-Pao\n|\n|win|OmegaBrat\n|raw|OmegaBrat's rating: 1563 &rarr; <strong>1581<\/strong><br \/>(+18 for winning)\n|raw|The Umpire's rating: 1520 &rarr; <strong>1502<\/strong><br \/>(-18 for losing)\n|l|\u2606The Umpire\n|l|\u2606OmegaBrat\n","uploadtime":1700016392,"views":22,"p1id":"omegabrat","p2id":"theumpire","formatid":"gen9vgc2023regulatione","rating":1502,"private":0,"password":""}