{"id":"gen9vgc2023regulatione-1997833392","p1":"Ipeximus","p2":"KarlIsBad","format":"[Gen 9] VGC 2023 Regulation E","log":"|j|\u2606Ipeximus\n|j|\u2606KarlIsBad\n|t:|1700857669\n|gametype|doubles\n|player|p1|Ipeximus|1|1161\n|player|p2|KarlIsBad|alder|1214\n|teamsize|p1|6\n|teamsize|p2|6\n|gen|9\n|tier|[Gen 9] VGC 2023 Regulation E\n|rated|\n|rule|Species Clause: Limit one of each Pok\u00e9mon\n|rule|Item Clause: Limit one of each item\n|clearpoke\n|poke|p1|Gholdengo, L50|\n|poke|p1|Arcanine-Hisui, L50, M|\n|poke|p1|Rillaboom, L50, M|\n|poke|p1|Iron Hands, L50|\n|poke|p1|Tornadus, L50, M|\n|poke|p1|Urshifu-*, L50, M|\n|poke|p2|Dragonite, L50, F|\n|poke|p2|Farigiraf, L50, F|\n|poke|p2|Chien-Pao, L50|\n|poke|p2|Arcanine-Hisui, L50, F|\n|poke|p2|Urshifu-*, L50, M|\n|poke|p2|Gastrodon, L50, F|\n|teampreview|4\n|\n|t:|1700857704\n|start\n|switch|p1a: Urshifu|Urshifu-Rapid-Strike, L50, M|100\/100\n|switch|p1b: Gholdengo|Gholdengo, L50|100\/100\n|switch|p2a: Dragonite|Dragonite, L50, F|100\/100\n|switch|p2b: Chien-Pao|Chien-Pao, L50|100\/100\n|-ability|p2b: Chien-Pao|Sword of Ruin\n|turn|1\n|\n|t:|1700857729\n|-terastallize|p1a: Urshifu|Water\n|-terastallize|p2a: Dragonite|Normal\n|move|p1b: Gholdengo|Protect|p1b: Gholdengo\n|-singleturn|p1b: Gholdengo|Protect\n|move|p2a: Dragonite|Extreme Speed|p1a: Urshifu\n|-damage|p1a: Urshifu|10\/100\n|move|p1a: Urshifu|Surging Strikes|p2b: Chien-Pao\n|-crit|p2b: Chien-Pao\n|-damage|p2b: Chien-Pao|57\/100\n|-crit|p2b: Chien-Pao\n|-damage|p2b: Chien-Pao|13\/100\n|-crit|p2b: Chien-Pao\n|-damage|p2b: Chien-Pao|0 fnt\n|faint|p2b: Chien-Pao\n|-hitcount|p2: Chien-Pao|3\n|\n|upkeep\n|c|\u2606KarlIsBad|Oh scarfd\n|c|\u2606KarlIsBad|Dont see that often\n|c|\u2606Ipeximus|Yep\n|\n|t:|1700857759\n|switch|p2b: Arcanine|Arcanine-Hisui, L50, F|100\/100\n|-ability|p2b: Arcanine|Intimidate|boost\n|-unboost|p1a: Urshifu|atk|1\n|-unboost|p1b: Gholdengo|atk|1\n|turn|2\n|\n|t:|1700857778\n|switch|p1a: Tornadus|Tornadus, L50, M|100\/100\n|move|p2a: Dragonite|Extreme Speed|p1a: Tornadus\n|-damage|p1a: Tornadus|23\/100\n|move|p2b: Arcanine|Flare Blitz|p1b: Gholdengo\n|-supereffective|p1b: Gholdengo\n|-damage|p1b: Gholdengo|6\/100\n|-damage|p2b: Arcanine|65\/100|[from] Recoil\n|move|p1b: Gholdengo|Nasty Plot|p1b: Gholdengo\n|-boost|p1b: Gholdengo|spa|2\n|\n|upkeep\n|turn|3\n|\n|t:|1700857796\n|move|p2a: Dragonite|Extreme Speed|p1a: Tornadus\n|-damage|p1a: Tornadus|0 fnt\n|faint|p1a: Tornadus\n|move|p2b: Arcanine|Flare Blitz|p1b: Gholdengo\n|-supereffective|p1b: Gholdengo\n|-crit|p1b: Gholdengo\n|-damage|p1b: Gholdengo|0 fnt\n|faint|p1b: Gholdengo\n|-damage|p2b: Arcanine|63\/100|[from] Recoil\n|\n|upkeep\n|\n|t:|1700857805\n|switch|p1a: Urshifu|Urshifu-Rapid-Strike, L50, M, tera:Water|10\/100\n|switch|p1b: Rillaboom|Rillaboom, L50, M|100\/100\n|-fieldstart|move: Grassy Terrain|[from] ability: Grassy Surge|[of] p1b: Rillaboom\n|turn|4\n|\n|t:|1700857816\n|move|p1b: Rillaboom|Fake Out|p2a: Dragonite\n|-damage|p2a: Dragonite|84\/100\n|move|p2a: Dragonite|Extreme Speed|p1a: Urshifu\n|-damage|p1a: Urshifu|0 fnt\n|faint|p1a: Urshifu\n|move|p2b: Arcanine|Flare Blitz|p1b: Rillaboom\n|-supereffective|p1b: Rillaboom\n|-damage|p1b: Rillaboom|3\/100\n|-damage|p2b: Arcanine|24\/100|[from] Recoil\n|\n|-heal|p2b: Arcanine|30\/100|[from] Grassy Terrain\n|-heal|p2a: Dragonite|90\/100|[from] Grassy Terrain\n|-heal|p1b: Rillaboom|9\/100|[from] Grassy Terrain\n|upkeep\n|turn|5\n|c|\u2606Ipeximus|GG\n|\n|t:|1700857834\n|move|p2a: Dragonite|Extreme Speed|p1b: Rillaboom\n|-damage|p1b: Rillaboom|0 fnt\n|faint|p1b: Rillaboom\n|\n|win|KarlIsBad\n|raw|Ipeximus's rating: 1161 &rarr; <strong>1140<\/strong><br \/>(-21 for losing)\n|raw|KarlIsBad's rating: 1214 &rarr; <strong>1235<\/strong><br \/>(+21 for winning)\n|c|\u2606KarlIsBad|Ff\n|c|\u2606KarlIsBad|Gg\n","uploadtime":1700857840,"views":7,"p1id":"ipeximus","p2id":"karlisbad","formatid":"gen9vgc2023regulatione","rating":1140,"private":0,"password":""}