{"id":"gen9vgc2023regulatione-1992113610","p1":"misoup29","p2":"Jeff101416","format":"[Gen 9] VGC 2023 Regulation E","log":"|j|\u2606misoup29\n|j|\u2606Jeff101416\n|t:|1700156207\n|gametype|doubles\n|player|p1|misoup29|265|1341\n|player|p2|Jeff101416|169|1406\n|teamsize|p1|6\n|teamsize|p2|6\n|gen|9\n|tier|[Gen 9] VGC 2023 Regulation E\n|rated|\n|rule|Species Clause: Limit one of each Pok\u00e9mon\n|rule|Item Clause: Limit one of each item\n|clearpoke\n|poke|p1|Landorus-Therian, L50, M|\n|poke|p1|Ogerpon-Wellspring, L50, F|\n|poke|p1|Weezing, L50, F|\n|poke|p1|Iron Hands, L50|\n|poke|p1|Flutter Mane, L50|\n|poke|p1|Roaring Moon, L50|\n|poke|p2|Iron Hands, L50|\n|poke|p2|Flutter Mane, L50|\n|poke|p2|Landorus-Therian, L50, M|\n|poke|p2|Amoonguss, L50, M|\n|poke|p2|Urshifu-*, L50, F|\n|poke|p2|Arcanine-Hisui, L50, F|\n|teampreview|4\n|inactive|Battle timer is ON: inactive players will automatically lose when time's up. (requested by misoup29)\n|inactive|misoup29 has 60 seconds left.\n|inactive|Jeff101416 has 60 seconds left.\n|\n|t:|1700156266\n|start\n|switch|p1a: Weezing|Weezing, L50, F, shiny|100\/100\n|switch|p1b: Flutter Mane|Flutter Mane, L50|100\/100\n|switch|p2a: Flutter Mane|Flutter Mane, L50|100\/100\n|switch|p2b: Landorus|Landorus-Therian, L50, M|100\/100\n|-ability|p1a: Weezing|Neutralizing Gas\n|turn|1\n|inactive|misoup29 has 30 seconds left.\n|inactive|Jeff101416 has 30 seconds left.\n|inactive|misoup29 has 20 seconds left.\n|inactive|Jeff101416 has 20 seconds left.\n|\n|t:|1700156305\n|-end|p2a: Flutter Mane|Protosynthesis|[silent]\n|switch|p2a: Amoonguss|Amoonguss, L50, M|100\/100\n|move|p2b: Landorus|Stomping Tantrum|p1b: Flutter Mane\n|-damage|p1b: Flutter Mane|19\/100\n|move|p1b: Flutter Mane|Shadow Ball|p2a: Amoonguss\n|-damage|p2a: Amoonguss|56\/100\n|move|p1a: Weezing|Sludge Bomb|p2a: Amoonguss\n|-damage|p2a: Amoonguss|35\/100\n|-enditem|p2a: Amoonguss|Sitrus Berry|[eat]\n|-heal|p2a: Amoonguss|60\/100|[from] item: Sitrus Berry\n|\n|upkeep\n|turn|2\n|\n|t:|1700156323\n|-end|p1b: Flutter Mane|Protosynthesis|[silent]\n|switch|p1b: Ogerpon|Ogerpon-Wellspring, L50, F|100\/100\n|move|p2b: Landorus|Stomping Tantrum|p1b: Ogerpon\n|-resisted|p1b: Ogerpon\n|-damage|p1b: Ogerpon|71\/100\n|move|p1a: Weezing|Taunt|p2a: Amoonguss\n|-start|p2a: Amoonguss|move: Taunt\n|cant|p2a: Amoonguss|move: Taunt|Spore\n|\n|upkeep\n|turn|3\n|\n|t:|1700156347\n|switch|p2b: Iron Hands|Iron Hands, L50|100\/100\n|move|p1a: Weezing|Protect|p1a: Weezing\n|-singleturn|p1a: Weezing|Protect\n|move|p1b: Ogerpon|Swords Dance|p1b: Ogerpon\n|-boost|p1b: Ogerpon|atk|2\n|move|p2a: Amoonguss|Clear Smog|p1b: Ogerpon\n|-supereffective|p1b: Ogerpon\n|-damage|p1b: Ogerpon|38\/100\n|-clearboost|p1b: Ogerpon\n|\n|upkeep\n|turn|4\n|inactive|misoup29 has 30 seconds left.\n|inactive|Jeff101416 has 30 seconds left.\n|inactive|Jeff101416 has 20 seconds left.\n|inactive|Jeff101416 has 15 seconds left.\n|inactive|misoup29 has 20 seconds left.\n|inactive|Jeff101416 has 10 seconds left.\n|\n|t:|1700156395\n|switch|p1b: Iron Hands|Iron Hands, L50|100\/100\n|switch|p2a: Landorus|Landorus-Therian, L50, M|100\/100\n|move|p2b: Iron Hands|Fake Out|p1b: Iron Hands\n|-damage|p1b: Iron Hands|89\/100\n|move|p1a: Weezing|Will-O-Wisp|p2b: Iron Hands\n|-status|p2b: Iron Hands|brn\n|\n|-damage|p2b: Iron Hands|94\/100 brn|[from] brn\n|upkeep\n|turn|5\n|inactive|misoup29 has 30 seconds left.\n|inactive|Jeff101416 has 30 seconds left.\n|\n|t:|1700156425\n|switch|p2a: Amoonguss|Amoonguss, L50, M|60\/100\n|-end|p2b: Iron Hands|Quark Drive|[silent]\n|switch|p2b: Flutter Mane|Flutter Mane, L50|100\/100\n|move|p1b: Iron Hands|Fake Out|p2a: Amoonguss\n|-damage|p2a: Amoonguss|45\/100\n|move|p1a: Weezing|Will-O-Wisp|p2a: Amoonguss\n|-status|p2a: Amoonguss|brn\n|\n|-damage|p2a: Amoonguss|39\/100 brn|[from] brn\n|upkeep\n|turn|6\n|\n|t:|1700156447\n|-terastallize|p2b: Flutter Mane|Fairy\n|move|p2a: Amoonguss|Rage Powder|p2a: Amoonguss\n|-singleturn|p2a: Amoonguss|move: Rage Powder\n|move|p2b: Flutter Mane|Moonblast|p1b: Iron Hands\n|-supereffective|p1b: Iron Hands\n|-damage|p1b: Iron Hands|0 fnt\n|faint|p1b: Iron Hands\n|-end|p1b: Iron Hands|Quark Drive|[silent]\n|-damage|p2b: Flutter Mane|91\/100|[from] item: Life Orb\n|move|p1a: Weezing|Sludge Bomb|p2a: Amoonguss\n|-damage|p2a: Amoonguss|17\/100 brn\n|\n|-damage|p2a: Amoonguss|11\/100 brn|[from] brn\n|upkeep\n|\n|t:|1700156468\n|switch|p1b: Ogerpon|Ogerpon-Wellspring, L50, F|38\/100\n|turn|7\n|\n|t:|1700156484\n|switch|p2a: Iron Hands|Iron Hands, L50|94\/100 brn\n|move|p2b: Flutter Mane|Protect|p2b: Flutter Mane\n|-singleturn|p2b: Flutter Mane|Protect\n|move|p1b: Ogerpon|Spiky Shield|p1b: Ogerpon\n|-singleturn|p1b: Ogerpon|move: Protect\n|move|p1a: Weezing|Sludge Bomb|p2b: Flutter Mane\n|-activate|p2b: Flutter Mane|move: Protect\n|\n|-damage|p2a: Iron Hands|88\/100 brn|[from] brn\n|upkeep\n|turn|8\n|inactive|misoup29 has 30 seconds left.\n|\n|t:|1700156517\n|move|p1a: Weezing|Protect|p1a: Weezing\n|-singleturn|p1a: Weezing|Protect\n|move|p2a: Iron Hands|Fake Out|p1a: Weezing\n|-activate|p1a: Weezing|move: Protect\n|move|p2b: Flutter Mane|Dazzling Gleam|p1b: Ogerpon|[spread] p1b\n|-activate|p1a: Weezing|move: Protect\n|-damage|p1b: Ogerpon|0 fnt\n|faint|p1b: Ogerpon\n|-damage|p2b: Flutter Mane|81\/100|[from] item: Life Orb\n|\n|-damage|p2a: Iron Hands|82\/100 brn|[from] brn\n|upkeep\n|\n|t:|1700156531\n|switch|p1b: Flutter Mane|Flutter Mane, L50|19\/100\n|turn|9\n|\n|t:|1700156538\n|move|p2b: Flutter Mane|Protect|p2b: Flutter Mane\n|-singleturn|p2b: Flutter Mane|Protect\n|move|p1b: Flutter Mane|Moonblast|p2a: Iron Hands\n|-supereffective|p2a: Iron Hands\n|-damage|p2a: Iron Hands|10\/100 brn\n|-unboost|p2a: Iron Hands|spa|1\n|move|p1a: Weezing|Sludge Bomb|p2b: Flutter Mane\n|-activate|p2b: Flutter Mane|move: Protect\n|move|p2a: Iron Hands|Heavy Slam|p1b: Flutter Mane\n|-supereffective|p1b: Flutter Mane\n|-damage|p1b: Flutter Mane|0 fnt\n|faint|p1b: Flutter Mane\n|-end|p1b: Flutter Mane|Protosynthesis|[silent]\n|\n|-damage|p2a: Iron Hands|4\/100 brn|[from] brn\n|upkeep\n|turn|10\n|\n|t:|1700156557\n|-end|p2b: Flutter Mane|Protosynthesis|[silent]\n|switch|p2b: Amoonguss|Amoonguss, L50, M|11\/100 brn\n|move|p1a: Weezing|Sludge Bomb|p2b: Amoonguss\n|-damage|p2b: Amoonguss|0 fnt\n|faint|p2b: Amoonguss\n|move|p2a: Iron Hands|Wild Charge|p1a: Weezing\n|-damage|p1a: Weezing|82\/100\n|-damage|p2a: Iron Hands|1\/100 brn|[from] Recoil\n|\n|-damage|p2a: Iron Hands|0 fnt|[from] brn\n|faint|p2a: Iron Hands\n|-end|p2a: Iron Hands|Quark Drive|[silent]\n|upkeep\n|\n|t:|1700156569\n|switch|p2a: Landorus|Landorus-Therian, L50, M|100\/100\n|switch|p2b: Flutter Mane|Flutter Mane, L50, tera:Fairy|81\/100\n|turn|11\n|\n|t:|1700156577\n|move|p2a: Landorus|Stomping Tantrum|p1a: Weezing\n|-supereffective|p1a: Weezing\n|-damage|p1a: Weezing|11\/100\n|-enditem|p1a: Weezing|Sitrus Berry|[eat]\n|-heal|p1a: Weezing|36\/100|[from] item: Sitrus Berry\n|move|p2b: Flutter Mane|Shadow Ball|p1a: Weezing\n|-damage|p1a: Weezing|0 fnt\n|faint|p1a: Weezing\n|-end|p1a: Weezing|ability: Neutralizing Gas\n|-damage|p2b: Flutter Mane|71\/100|[from] item: Life Orb\n|\n|win|Jeff101416\n|raw|misoup29's rating: 1341 &rarr; <strong>1325<\/strong><br \/>(-16 for losing)\n|raw|Jeff101416's rating: 1406 &rarr; <strong>1422<\/strong><br \/>(+16 for winning)\n","uploadtime":1700156592,"views":11,"p1id":"misoup29","p2id":"jeff101416","formatid":"gen9vgc2023regulatione","rating":1325,"private":0,"password":""}