{"id":"gen9vgc2023regulatione-1991324011","p1":"DANKISHI","p2":"Zbb123","format":"[Gen 9] VGC 2023 Regulation E","log":"|j|\u2606DANKISHI\n|j|\u2606Zbb123\n|t:|1700067624\n|gametype|doubles\n|player|p1|DANKISHI|thorton|1442\n|player|p2|Zbb123|266|1439\n|teamsize|p1|6\n|teamsize|p2|6\n|gen|9\n|tier|[Gen 9] VGC 2023 Regulation E\n|rated|\n|rule|Species Clause: Limit one of each Pok\u00e9mon\n|rule|Item Clause: Limit one of each item\n|clearpoke\n|poke|p1|Chien-Pao, L50|\n|poke|p1|Tornadus, L50, M|\n|poke|p1|Iron Hands, L50|\n|poke|p1|Urshifu-*, L50, F|\n|poke|p1|Flutter Mane, L50|\n|poke|p1|Ogerpon-Hearthflame, L50, F|\n|poke|p2|Arcanine-Hisui, L50, M|\n|poke|p2|Rillaboom, L50, M|\n|poke|p2|Chien-Pao, L50|\n|poke|p2|Milotic, L50, F|\n|poke|p2|Flutter Mane, L50|\n|poke|p2|Roaring Moon, L50|\n|teampreview|4\n|inactive|Battle timer is ON: inactive players will automatically lose when time's up. (requested by Zbb123)\n|inactive|Zbb123 has 60 seconds left.\n|\n|t:|1700067655\n|start\n|switch|p1a: Iron Hands|Iron Hands, L50, shiny|100\/100\n|switch|p1b: Tornadus|Tornadus, L50, M, shiny|100\/100\n|switch|p2a: Roaring Moon|Roaring Moon, L50|100\/100\n|switch|p2b: Flutter Mane|Flutter Mane, L50|100\/100\n|-enditem|p2a: Roaring Moon|Booster Energy\n|-activate|p2a: Roaring Moon|ability: Protosynthesis|[fromitem]\n|-start|p2a: Roaring Moon|protosynthesisspe\n|turn|1\n|inactive|DANKISHI has 30 seconds left.\n|inactive|Zbb123 has 30 seconds left.\n|\n|t:|1700067688\n|-terastallize|p1a: Iron Hands|Water\n|move|p1b: Tornadus|Tailwind|p1b: Tornadus\n|-sidestart|p1: DANKISHI|move: Tailwind\n|move|p2a: Roaring Moon|Knock Off|p1a: Iron Hands\n|-damage|p1a: Iron Hands|65\/100\n|-enditem|p1a: Iron Hands|Assault Vest|[from] move: Knock Off|[of] p2a: Roaring Moon\n|move|p2b: Flutter Mane|Moonblast|p1a: Iron Hands\n|-damage|p1a: Iron Hands|0 fnt\n|faint|p1a: Iron Hands\n|-end|p1a: Iron Hands|Quark Drive|[silent]\n|\n|upkeep\n|\n|t:|1700067701\n|switch|p1a: Urshifu|Urshifu-Rapid-Strike, L50, F|100\/100\n|turn|2\n|inactive|Zbb123 has 30 seconds left.\n|inactive|Zbb123 has 20 seconds left.\n|inactive|Zbb123 has 15 seconds left.\n|\n|t:|1700067742\n|-end|p2b: Flutter Mane|Protosynthesis|[silent]\n|switch|p2b: Rillaboom|Rillaboom, L50, M|100\/100\n|-fieldstart|move: Grassy Terrain|[from] ability: Grassy Surge|[of] p2b: Rillaboom\n|move|p1a: Urshifu|Poison Jab|p2b: Rillaboom\n|-supereffective|p2b: Rillaboom\n|-damage|p2b: Rillaboom|41\/100\n|-status|p2b: Rillaboom|psn\n|move|p2a: Roaring Moon|Tailwind|p2a: Roaring Moon\n|-sidestart|p2: Zbb123|move: Tailwind\n|move|p1b: Tornadus|Bleakwind Storm|p2b: Rillaboom|[spread] p2a\n|-miss|p1b: Tornadus|p2b: Rillaboom\n|-damage|p2a: Roaring Moon|69\/100\n|\n|-heal|p2a: Roaring Moon|75\/100|[from] Grassy Terrain\n|-heal|p2b: Rillaboom|46\/100 psn|[from] Grassy Terrain\n|-damage|p2b: Rillaboom|34\/100 psn|[from] psn\n|upkeep\n|turn|3\n|inactive|Zbb123 has 30 seconds left.\n|inactive|Zbb123 has 20 seconds left.\n|inactive|Zbb123 has 15 seconds left.\n|inactive|Zbb123 has 10 seconds left.\n|inactive|Zbb123 has 5 seconds left.\n|\n|t:|1700067796\n|switch|p1a: Ogerpon|Ogerpon-Hearthflame, L50, F|100\/100\n|-ability|p1a: Ogerpon|Mold Breaker\n|-terastallize|p2a: Roaring Moon|Flying\n|move|p2b: Rillaboom|Fake Out|p1b: Tornadus\n|-damage|p1b: Tornadus|86\/100\n|move|p2a: Roaring Moon|Acrobatics|p1a: Ogerpon\n|-supereffective|p1a: Ogerpon\n|-damage|p1a: Ogerpon|0 fnt\n|faint|p1a: Ogerpon\n|move|p1b: Tornadus|Bleakwind Storm|p2a: Roaring Moon|[spread] p2a,p2b\n|-supereffective|p2b: Rillaboom\n|-damage|p2a: Roaring Moon|43\/100\n|-damage|p2b: Rillaboom|0 fnt\n|faint|p2b: Rillaboom\n|\n|upkeep\n|\n|t:|1700067818\n|switch|p1a: Urshifu|Urshifu-Rapid-Strike, L50, F|100\/100\n|switch|p2b: Flutter Mane|Flutter Mane, L50|100\/100\n|turn|4\n|inactive|DANKISHI has 30 seconds left.\n|inactive|Zbb123 has 30 seconds left.\n|\n|t:|1700067845\n|move|p2a: Roaring Moon|Acrobatics|p1b: Tornadus\n|-damage|p1b: Tornadus|35\/100\n|move|p1a: Urshifu|Surging Strikes|p2b: Flutter Mane\n|-crit|p2b: Flutter Mane\n|-damage|p2b: Flutter Mane|51\/100\n|-crit|p2b: Flutter Mane\n|-damage|p2b: Flutter Mane|7\/100\n|-crit|p2b: Flutter Mane\n|-damage|p2b: Flutter Mane|0 fnt\n|faint|p2b: Flutter Mane\n|-end|p2b: Flutter Mane|Protosynthesis|[silent]\n|-hitcount|p2: Flutter Mane|3\n|move|p1b: Tornadus|Bleakwind Storm|p2a: Roaring Moon\n|-damage|p2a: Roaring Moon|0 fnt\n|faint|p2a: Roaring Moon\n|-end|p2a: Roaring Moon|Protosynthesis|[silent]\n|\n|-sideend|p1: DANKISHI|move: Tailwind\n|upkeep\n|\n|t:|1700067859\n|switch|p2b: Milotic|Milotic, L50, F|100\/100\n|turn|5\n|-message|Zbb123 forfeited.\n|\n|win|DANKISHI\n|raw|DANKISHI's rating: 1442 &rarr; <strong>1462<\/strong><br \/>(+20 for winning)\n|raw|Zbb123's rating: 1439 &rarr; <strong>1419<\/strong><br \/>(-20 for losing)\n|l|\u2606Zbb123\n|l|\u2606DANKISHI\n|j| Playsterco\n","uploadtime":1700067928,"views":14,"p1id":"dankishi","p2id":"zbb123","formatid":"gen9vgc2023regulatione","rating":1419,"private":0,"password":""}