{"id":"gen9vgc2023regulatione-1993652089","p1":"TheRealBlueninja","p2":"bunnelby to NU","format":"[Gen 9] VGC 2023 Regulation E","log":"|j|\u2606TheRealBlueninja\n|j|\u2606bunnelby to NU\n|n|\u2606TheRealBlueninja|therealblueninja\n|n|\u2606bunnelby to NU|bunnelbytonu\n|html|View the match progress at <a href=\"\/game-bestof3-gen9vgc2023regulatione-1993652088\">game-bestof3-gen9vgc2023regulatione-1993652088<\/a>\n|t:|1700341766\n|gametype|doubles\n|player|p1|TheRealBlueninja|lusamine-masters|\n|player|p2|bunnelby to NU|170|\n|teamsize|p1|6\n|teamsize|p2|6\n|gen|9\n|tier|[Gen 9] VGC 2023 Regulation E\n|rule|Species Clause: Limit one of each Pok\u00e9mon\n|rule|Item Clause: Limit one of each item\n|clearpoke\n|poke|p1|Baxcalibur, L50, F|\n|poke|p1|Ninetales-Alola, L50, F|\n|poke|p1|Heatran, L50, M|\n|poke|p1|Ogerpon-Wellspring, L50, F|\n|poke|p1|Landorus-Therian, L50, M|\n|poke|p1|Iron Hands, L50|\n|poke|p2|Urshifu-*, L50, F|\n|poke|p2|Farigiraf, L50, M|\n|poke|p2|Clefairy, L50, M|\n|poke|p2|Ogerpon-Hearthflame, L50, F|\n|poke|p2|Ursaluna-Bloodmoon, L50, M|\n|poke|p2|Okidogi, L50, M|\n|teampreview|4\nTheRealBlueninja has agreed to open team sheets.\nbunnelby to NU has agreed to open team sheets.\n|showteam|p1|Baxcalibur||LoadedDice|ThermalExchange|IcicleSpear,ScaleShot,SwordsDance,Protect|||F|||50|,,,,,Poison]Ninetales-Alola||LightClay|SnowWarning|Moonblast,IcyWind,AuroraVeil,Protect|||F|||50|,,,,,Water]Heatran||Leftovers|FlashFire|HeatWave,EarthPower,Substitute,Protect|||M|||50|,,,,,Grass]Ogerpon-Wellspring||WellspringMask|WaterAbsorb|IvyCudgel,HornLeech,FollowMe,SpikyShield|||F|||50|,,,,,Water]Landorus-Therian||ChoiceScarf|Intimidate|StompingTantrum,RockSlide,Uturn,TeraBlast|||M|||50|,,,,,Flying]Iron Hands||AssaultVest|QuarkDrive|FakeOut,DrainPunch,WildCharge,HeavySlam||||||50|,,,,,Water\n|showteam|p2|Urshifu-Rapid-Strike||ChoiceScarf|UnseenFist|SurgingStrikes,CloseCombat,Uturn,IceSpinner|||F|||50|,,,,,Water]Farigiraf||SitrusBerry|ArmorTail|Psychic,DazzlingGleam,NastyPlot,TrickRoom|||M|||50|,,,,,Fire]Clefairy||Eviolite|FriendGuard|Protect,HelpingHand,FollowMe,HealPulse|||M|||50|,,,,,Grass]Ogerpon-Hearthflame||HearthflameMask|MoldBreaker|IvyCudgel,HornLeech,SpikyShield,SwordsDance|||F|||50|,,,,,Fire]Ursaluna-Bloodmoon||LifeOrb|MindsEye|HyperVoice,BloodMoon,EarthPower,Protect|||M|||50|,,,,,Grass]Okidogi||AssaultVest|GuardDog|PoisonJab,BrickBreak,Snarl,IcePunch|||M|||50|,,,,,Water\n|j| N-Zoroark stan\n|\n|t:|1700341798\n|start\n|switch|p1a: Baxcalibur|Baxcalibur, L50, F|100\/100\n|switch|p1b: Ninetales|Ninetales-Alola, L50, F|100\/100\n|switch|p2a: Farigiraf|Farigiraf, L50, M|100\/100\n|switch|p2b: Clefairy|Clefairy, L50, M|100\/100\n|-weather|Snow|[from] ability: Snow Warning|[of] p1b: Ninetales\n|turn|1\n|\n|t:|1700341822\n|-terastallize|p1a: Baxcalibur|Poison\n|move|p2b: Clefairy|Follow Me|p2b: Clefairy\n|-singleturn|p2b: Clefairy|move: Follow Me\n|move|p1b: Ninetales|Aurora Veil|p1b: Ninetales\n|-sidestart|p1: TheRealBlueninja|move: Aurora Veil\n|move|p1a: Baxcalibur|Swords Dance|p1a: Baxcalibur\n|-boost|p1a: Baxcalibur|atk|2\n|move|p2a: Farigiraf|Trick Room|p2a: Farigiraf\n|-fieldstart|move: Trick Room|[of] p2a: Farigiraf\n|\n|-weather|Snow|[upkeep]\n|upkeep\n|turn|2\n|j| Jimothy uncool\n|\n|t:|1700341854\n|move|p2b: Clefairy|Helping Hand|p2a: Farigiraf\n|-singleturn|p2a: Farigiraf|Helping Hand|[of] p2b: Clefairy\n|move|p2a: Farigiraf|Psychic|p1a: Baxcalibur\n|-supereffective|p1a: Baxcalibur\n|-damage|p1a: Baxcalibur|19\/100\n|move|p1a: Baxcalibur|Icicle Spear|p2b: Clefairy\n|-damage|p2b: Clefairy|78\/100\n|-damage|p2b: Clefairy|59\/100\n|-damage|p2b: Clefairy|39\/100\n|-damage|p2b: Clefairy|18\/100\n|-damage|p2b: Clefairy|0 fnt\n|faint|p2b: Clefairy\n|-hitcount|p2: Clefairy|5\n|move|p1b: Ninetales|Moonblast|p2a: Farigiraf\n|-damage|p2a: Farigiraf|72\/100\n|\n|-weather|Snow|[upkeep]\n|upkeep\n|\n|t:|1700341879\n|switch|p2b: Ogerpon|Ogerpon-Hearthflame, L50, F|100\/100\n|-ability|p2b: Ogerpon|Mold Breaker\n|turn|3\n|\n|t:|1700341906\n|-terastallize|p2b: Ogerpon|Fire\n|detailschange|p2b: Ogerpon|Ogerpon-Hearthflame-Tera, L50, F, tera:Fire\n|-ability|p2b: Ogerpon|Embody Aspect (Hearthflame)|boost\n|-boost|p2b: Ogerpon|atk|1\n|move|p1a: Baxcalibur|Protect|p1a: Baxcalibur\n|-singleturn|p1a: Baxcalibur|Protect\n|move|p2a: Farigiraf|Psychic|p1a: Baxcalibur\n|-activate|p1a: Baxcalibur|move: Protect\n|move|p1b: Ninetales|Icy Wind|p2b: Ogerpon|[spread] p2a,p2b\n|-resisted|p2b: Ogerpon\n|-damage|p2a: Farigiraf|59\/100\n|-damage|p2b: Ogerpon|93\/100\n|-unboost|p2a: Farigiraf|spe|1\n|-unboost|p2b: Ogerpon|spe|1\n|move|p2b: Ogerpon|Ivy Cudgel|p1b: Ninetales|[anim] Ivy Cudgel Fire\n|-supereffective|p1b: Ninetales\n|-damage|p1b: Ninetales|0 fnt\n|faint|p1b: Ninetales\n|\n|-weather|Snow|[upkeep]\n|upkeep\n|\n|t:|1700341925\n|switch|p1b: Ogerpon|Ogerpon-Wellspring, L50, F|100\/100\n|turn|4\n|\n|t:|1700341945\n|move|p1b: Ogerpon|Follow Me|p1b: Ogerpon\n|-singleturn|p1b: Ogerpon|move: Follow Me\n|move|p2a: Farigiraf|Psychic|p1b: Ogerpon\n|-damage|p1b: Ogerpon|72\/100\n|move|p2b: Ogerpon|Ivy Cudgel|p1b: Ogerpon|[anim] Ivy Cudgel Fire\n|-damage|p1b: Ogerpon|0 fnt\n|faint|p1b: Ogerpon\n|move|p1a: Baxcalibur|Scale Shot|p2b: Ogerpon\n|-damage|p2b: Ogerpon|56\/100\n|-damage|p2b: Ogerpon|22\/100\n|-crit|p2b: Ogerpon\n|-damage|p2b: Ogerpon|0 fnt\n|faint|p2b: Ogerpon\n|-hitcount|p2: Ogerpon|3\n|-unboost|p1a: Baxcalibur|def|1\n|-boost|p1a: Baxcalibur|spe|1\n|\n|-weather|Snow|[upkeep]\n|upkeep\n|\n|t:|1700341962\n|switch|p1b: Landorus|Landorus-Therian, L50, M|100\/100\n|switch|p2b: Ursaluna|Ursaluna-Bloodmoon, L50, M|100\/100\n|-ability|p1b: Landorus|Intimidate|boost\n|-unboost|p2a: Farigiraf|atk|1\n|-unboost|p2b: Ursaluna|atk|1\n|turn|5\n|\n|t:|1700341983\n|move|p1a: Baxcalibur|Protect|p1a: Baxcalibur\n|-singleturn|p1a: Baxcalibur|Protect\n|move|p2b: Ursaluna|Blood Moon|p1b: Landorus\n|-damage|p1b: Landorus|15\/100\n|-damage|p2b: Ursaluna|91\/100|[from] item: Life Orb\n|move|p2a: Farigiraf|Psychic|p1a: Baxcalibur\n|-activate|p1a: Baxcalibur|move: Protect\n|move|p1b: Landorus|Rock Slide|p2a: Farigiraf|[spread] p2a,p2b\n|-resisted|p2b: Ursaluna\n|-damage|p2a: Farigiraf|40\/100\n|-damage|p2b: Ursaluna|84\/100\n|-enditem|p2a: Farigiraf|Sitrus Berry|[eat]\n|-heal|p2a: Farigiraf|65\/100|[from] item: Sitrus Berry\n|\n|-weather|none\n|-fieldend|move: Trick Room\n|upkeep\n|turn|6\n|\n|t:|1700342023\n|move|p1b: Landorus|Rock Slide|p2a: Farigiraf|[spread] p2a,p2b\n|-resisted|p2b: Ursaluna\n|-damage|p2a: Farigiraf|46\/100\n|-damage|p2b: Ursaluna|76\/100\n|move|p1a: Baxcalibur|Scale Shot|p2a: Farigiraf\n|-damage|p2a: Farigiraf|20\/100\n|-damage|p2a: Farigiraf|0 fnt\n|faint|p2a: Farigiraf\n|-hitcount|p2: Farigiraf|2\n|-unboost|p1a: Baxcalibur|def|1\n|-boost|p1a: Baxcalibur|spe|1\n|move|p2b: Ursaluna|Hyper Voice|p1b: Landorus|[spread] p1a,p1b\n|-damage|p1a: Baxcalibur|0 fnt\n|-damage|p1b: Landorus|0 fnt\n|faint|p1a: Baxcalibur\n|faint|p1b: Landorus\n|-damage|p2b: Ursaluna|66\/100|[from] item: Life Orb\n|\n|win|bunnelby to NU\n|inactive|TheRealBlueninja has 50 seconds to confirm battle start!\n|inactive|bunnelby to NU has 50 seconds to confirm battle start!\n|c|&|\/uhtml prompt-therealblueninja,TheRealBlueninja is ready for game 2!\n|inactive|bunnelby to NU has 40 seconds to confirm battle start!\n","uploadtime":1700342044,"views":10,"p1id":"therealblueninja","p2id":"bunnelbytonu","formatid":"gen9vgc2023regulatione","rating":0,"private":0,"password":""}