{"id":"gen9vgc2023regulatione-1989512947","p1":"Originalcojo","p2":"eru_kh","format":"[Gen 9] VGC 2023 Regulation E","log":"|j|\u2606Originalcojo\n|j|\u2606eru_kh\n|t:|1699863515\n|gametype|doubles\n|player|p1|Originalcojo|170|1519\n|player|p2|eru_kh|102|1541\n|teamsize|p1|6\n|teamsize|p2|6\n|gen|9\n|tier|[Gen 9] VGC 2023 Regulation E\n|rated|\n|rule|Species Clause: Limit one of each Pok\u00e9mon\n|rule|Item Clause: Limit one of each item\n|clearpoke\n|poke|p1|Iron Hands, L50|\n|poke|p1|Arcanine-Hisui, L50, F|\n|poke|p1|Moltres-Galar, L50|\n|poke|p1|Clefairy, L50, M|\n|poke|p1|Sinistcha, L50|\n|poke|p1|Iron Bundle, L50|\n|poke|p2|Fezandipiti, L50, M|\n|poke|p2|Dondozo, L50, M|\n|poke|p2|Ogerpon-Wellspring, L50, F|\n|poke|p2|Heatran, L50, F|\n|poke|p2|Tatsugiri, L50, M|\n|poke|p2|Iron Hands, L50|\n|teampreview|4\n|\n|t:|1699863575\n|start\n|switch|p1a: Iron Hands|Iron Hands, L50|100\/100\n|switch|p1b: Moltres|Moltres-Galar, L50, shiny|100\/100\n|switch|p2a: Fezandipiti|Fezandipiti, L50, M|100\/100\n|switch|p2b: Dondozo|Dondozo, L50, M|100\/100\n|turn|1\n|\n|t:|1699863606\n|switch|p2b: Iron Hands|Iron Hands, L50|100\/100\n|move|p1a: Iron Hands|Fake Out|p2a: Fezandipiti\n|-damage|p2a: Fezandipiti|83\/100\n|cant|p2a: Fezandipiti|flinch\n|move|p1b: Moltres|Fiery Wrath|p2a: Fezandipiti|[spread] p2a,p2b\n|-resisted|p2a: Fezandipiti\n|-resisted|p2b: Iron Hands\n|-damage|p2a: Fezandipiti|72\/100\n|-damage|p2b: Iron Hands|93\/100\n|\n|upkeep\n|turn|2\n|\n|t:|1699863625\n|move|p1b: Moltres|Protect|p1b: Moltres\n|-singleturn|p1b: Moltres|Protect\n|move|p2b: Iron Hands|Fake Out|p1a: Iron Hands\n|-damage|p1a: Iron Hands|90\/100\n|move|p2a: Fezandipiti|Dazzling Gleam|p1a: Iron Hands|[spread] p1a\n|-activate|p1b: Moltres|move: Protect\n|-supereffective|p1a: Iron Hands\n|-damage|p1a: Iron Hands|62\/100\n|-status|p1a: Iron Hands|tox|[from] ability: Toxic Chain|[of] p2a: Fezandipiti\n|cant|p1a: Iron Hands|flinch\n|\n|-damage|p1a: Iron Hands|56\/100 tox|[from] psn\n|upkeep\n|turn|3\n|\n|t:|1699863666\n|-end|p1a: Iron Hands|Quark Drive|[silent]\n|switch|p1a: Sinistcha|Sinistcha, L50|100\/100\n|move|p2a: Fezandipiti|Dazzling Gleam|p1b: Moltres|[spread] p1a,p1b\n|-supereffective|p1b: Moltres\n|-damage|p1a: Sinistcha|79\/100\n|-damage|p1b: Moltres|66\/100\n|move|p1b: Moltres|Air Slash|p2a: Fezandipiti\n|-damage|p2a: Fezandipiti|46\/100\n|-enditem|p2a: Fezandipiti|Sitrus Berry|[eat]\n|-heal|p2a: Fezandipiti|71\/100|[from] item: Sitrus Berry\n|move|p2b: Iron Hands|Wild Charge|p1b: Moltres\n|-supereffective|p1b: Moltres\n|-damage|p1b: Moltres|0 fnt\n|faint|p1b: Moltres\n|-damage|p2b: Iron Hands|79\/100|[from] Recoil\n|\n|upkeep\n|\n|t:|1699863680\n|switch|p1b: Iron Bundle|Iron Bundle, L50|100\/100\n|turn|4\n|\n|t:|1699863697\n|move|p1b: Iron Bundle|Protect|p1b: Iron Bundle\n|-singleturn|p1b: Iron Bundle|Protect\n|move|p2a: Fezandipiti|Dazzling Gleam|p1a: Sinistcha|[spread] p1a\n|-activate|p1b: Iron Bundle|move: Protect\n|-damage|p1a: Sinistcha|58\/100\n|-status|p1a: Sinistcha|tox|[from] ability: Toxic Chain|[of] p2a: Fezandipiti\n|move|p1a: Sinistcha|Matcha Gotcha|p2a: Fezandipiti|[spread] p2a\n|-miss|p1a: Sinistcha|p2b: Iron Hands\n|-resisted|p2a: Fezandipiti\n|-damage|p2a: Fezandipiti|62\/100\n|-heal|p1a: Sinistcha|63\/100 tox|[from] drain|[of] p2a: Fezandipiti\n|move|p2b: Iron Hands|Ice Punch|p1a: Sinistcha\n|-supereffective|p1a: Sinistcha\n|-damage|p1a: Sinistcha|12\/100 tox\n|-damage|p2b: Iron Hands|63\/100|[from] item: Rocky Helmet|[of] p1a: Sinistcha\n|\n|-damage|p1a: Sinistcha|6\/100 tox|[from] psn\n|upkeep\n|turn|5\n|j| meowmeowjoe\n|\n|t:|1699863721\n|move|p2a: Fezandipiti|Protect|p2a: Fezandipiti\n|-singleturn|p2a: Fezandipiti|Protect\n|move|p1b: Iron Bundle|Hydro Pump|p2a: Fezandipiti\n|-activate|p2a: Fezandipiti|move: Protect\n|move|p1a: Sinistcha|Strength Sap|p2b: Iron Hands\n|-unboost|p2b: Iron Hands|atk|1\n|-heal|p1a: Sinistcha|100\/100 tox\n|move|p2b: Iron Hands|Wild Charge|p1b: Iron Bundle\n|-supereffective|p1b: Iron Bundle\n|-damage|p1b: Iron Bundle|13\/100\n|-damage|p2b: Iron Hands|51\/100|[from] Recoil\n|\n|-damage|p1a: Sinistcha|89\/100 tox|[from] psn\n|upkeep\n|turn|6\n|\n|t:|1699863744\n|-end|p2b: Iron Hands|Quark Drive|[silent]\n|switch|p2b: Dondozo|Dondozo, L50, M|100\/100\n|move|p1b: Iron Bundle|Hydro Pump|p2b: Dondozo\n|-resisted|p2b: Dondozo\n|-damage|p2b: Dondozo|81\/100\n|move|p2a: Fezandipiti|Dazzling Gleam|p1b: Iron Bundle|[spread] p1a,p1b\n|-damage|p1a: Sinistcha|68\/100 tox\n|-damage|p1b: Iron Bundle|0 fnt\n|faint|p1b: Iron Bundle\n|-end|p1b: Iron Bundle|Quark Drive|[silent]\n|move|p1a: Sinistcha|Matcha Gotcha|p2a: Fezandipiti|[spread] p2a,p2b\n|-resisted|p2a: Fezandipiti\n|-supereffective|p2b: Dondozo\n|-damage|p2a: Fezandipiti|54\/100\n|-heal|p1a: Sinistcha|73\/100 tox|[from] drain|[of] p2a: Fezandipiti\n|-damage|p2b: Dondozo|49\/100\n|-heal|p1a: Sinistcha|97\/100 tox|[from] drain|[of] p2b: Dondozo\n|\n|-heal|p2b: Dondozo|55\/100|[from] item: Leftovers\n|-damage|p1a: Sinistcha|80\/100 tox|[from] psn\n|upkeep\n|\n|t:|1699863758\n|switch|p1b: Iron Hands|Iron Hands, L50|56\/100 tox\n|turn|7\n|\n|t:|1699863767\n|switch|p2b: Iron Hands|Iron Hands, L50|51\/100\n|-terastallize|p1a: Sinistcha|Poison\n|move|p2a: Fezandipiti|Protect|p2a: Fezandipiti\n|-singleturn|p2a: Fezandipiti|Protect\n|move|p1a: Sinistcha|Matcha Gotcha|p2a: Fezandipiti|[spread] p2b\n|-activate|p2a: Fezandipiti|move: Protect\n|-damage|p2b: Iron Hands|38\/100\n|-heal|p1a: Sinistcha|88\/100 tox|[from] drain|[of] p2b: Iron Hands\n|move|p1b: Iron Hands|Wild Charge|p2a: Fezandipiti\n|-activate|p2a: Fezandipiti|move: Protect\n|\n|-damage|p1a: Sinistcha|66\/100 tox|[from] psn\n|-damage|p1b: Iron Hands|50\/100 tox|[from] psn\n|upkeep\n|turn|8\n|-message|Originalcojo forfeited.\n|\n|win|eru_kh\n|raw|Originalcojo's rating: 1519 &rarr; <strong>1500<\/strong><br \/>(-19 for losing)\n|raw|eru_kh's rating: 1541 &rarr; <strong>1560<\/strong><br \/>(+19 for winning)\n|l|\u2606Originalcojo\n","uploadtime":1699863784,"views":9,"p1id":"originalcojo","p2id":"erukh","formatid":"gen9vgc2023regulatione","rating":1500,"private":0,"password":""}