{"id":"gen9vgc2023regulatione-1998818717","p1":"Ronan Kenny","p2":"Chef204","format":"[Gen 9] VGC 2023 Regulation E","log":"|j|\u2606Ronan Kenny\n|j|\u2606Chef204\n|t:|1700997188\n|gametype|doubles\n|player|p1|Ronan Kenny|266|1178\n|player|p2|Chef204|1|1125\n|teamsize|p1|6\n|teamsize|p2|6\n|gen|9\n|tier|[Gen 9] VGC 2023 Regulation E\n|rated|\n|rule|Species Clause: Limit one of each Pok\u00e9mon\n|rule|Item Clause: Limit one of each item\n|clearpoke\n|poke|p1|Cresselia, L50, F|\n|poke|p1|Heatran, L50, M|\n|poke|p1|Rillaboom, L50, F|\n|poke|p1|Ninetales-Alola, L50, F|\n|poke|p1|Arcanine-Hisui, L50, M|\n|poke|p1|Urshifu-*, L50, F|\n|poke|p2|Baxcalibur, L50, M|\n|poke|p2|Goodra-Hisui, L50, F|\n|poke|p2|Scream Tail, L50|\n|poke|p2|Landorus-Therian, L50, M|\n|poke|p2|Moltres-Galar, L50|\n|poke|p2|Ninetales-Alola, L50, F|\n|teampreview|4\n|inactive|Battle timer is ON: inactive players will automatically lose when time's up. (requested by Ronan Kenny)\n|\n|t:|1700997215\n|start\n|switch|p1a: Ninetales|Ninetales-Alola, L50, F|100\/100\n|switch|p1b: Heatran|Heatran, L50, M|100\/100\n|switch|p2a: Antarctica|Ninetales-Alola, L50, F|100\/100\n|switch|p2b: GOJIRA|Baxcalibur, L50, M|100\/100\n|-weather|Snow|[from] ability: Snow Warning|[of] p1a: Ninetales\n|turn|1\n|\n|t:|1700997237\n|-terastallize|p2b: GOJIRA|Water\n|move|p1a: Ninetales|Blizzard|p2b: GOJIRA|[spread] p2a,p2b\n|-resisted|p2a: Antarctica\n|-resisted|p2b: GOJIRA\n|-damage|p2a: Antarctica|86\/100\n|-damage|p2b: GOJIRA|89\/100\n|-status|p2b: GOJIRA|frz\n|move|p2a: Antarctica|Aurora Veil|p2a: Antarctica\n|-sidestart|p2: Chef204|move: Aurora Veil\n|cant|p2b: GOJIRA|frz\n|move|p1b: Heatran|Flash Cannon|p2a: Antarctica\n|-supereffective|p2a: Antarctica\n|-damage|p2a: Antarctica|0 fnt\n|faint|p2a: Antarctica\n|\n|-weather|Snow|[upkeep]\n|upkeep\n|\n|t:|1700997250\n|switch|p2a: Rosa Tubsman|Goodra-Hisui, L50, F|100\/100\n|turn|2\n|\n|t:|1700997259\n|move|p1a: Ninetales|Freeze-Dry|p2b: GOJIRA\n|-supereffective|p2b: GOJIRA\n|-damage|p2b: GOJIRA|64\/100 frz\n|cant|p2b: GOJIRA|frz\n|move|p1b: Heatran|Earth Power|p2a: Rosa Tubsman\n|-supereffective|p2a: Rosa Tubsman\n|-damage|p2a: Rosa Tubsman|72\/100\n|move|p2a: Rosa Tubsman|Shelter|p2a: Rosa Tubsman\n|-boost|p2a: Rosa Tubsman|def|2\n|\n|-weather|Snow|[upkeep]\n|upkeep\n|turn|3\n|\n|t:|1700997275\n|move|p1a: Ninetales|Freeze-Dry|p2b: GOJIRA\n|-supereffective|p2b: GOJIRA\n|-damage|p2b: GOJIRA|38\/100 frz\n|cant|p2b: GOJIRA|frz\n|move|p1b: Heatran|Earth Power|p2a: Rosa Tubsman\n|-supereffective|p2a: Rosa Tubsman\n|-damage|p2a: Rosa Tubsman|46\/100\n|move|p2a: Rosa Tubsman|Body Press|p1b: Heatran\n|-supereffective|p1b: Heatran\n|-damage|p1b: Heatran|15\/100\n|\n|-weather|Snow|[upkeep]\n|upkeep\n|turn|4\n|\n|t:|1700997292\n|cant|p2b: GOJIRA|frz\n|move|p1a: Ninetales|Freeze-Dry|p2b: GOJIRA\n|-supereffective|p2b: GOJIRA\n|-damage|p2b: GOJIRA|14\/100 frz\n|move|p1b: Heatran|Earth Power|p2a: Rosa Tubsman\n|-supereffective|p2a: Rosa Tubsman\n|-damage|p2a: Rosa Tubsman|15\/100\n|move|p2a: Rosa Tubsman|Life Dew|p2a: Rosa Tubsman|[spread] p2a,p2b\n|-heal|p2a: Rosa Tubsman|40\/100\n|-heal|p2b: GOJIRA|39\/100 frz\n|\n|-weather|Snow|[upkeep]\n|upkeep\n|turn|5\n|inactive|Ronan Kenny has 30 seconds left.\n|\n|t:|1700997319\n|move|p1a: Ninetales|Moonblast|p2a: Rosa Tubsman\n|-damage|p2a: Rosa Tubsman|25\/100\n|cant|p2b: GOJIRA|frz\n|move|p1b: Heatran|Earth Power|p2a: Rosa Tubsman\n|-supereffective|p2a: Rosa Tubsman\n|-damage|p2a: Rosa Tubsman|0 fnt\n|faint|p2a: Rosa Tubsman\n|\n|-weather|none\n|-sideend|p2: Chef204|move: Aurora Veil\n|upkeep\n|\n|t:|1700997324\n|switch|p2a: Dawg?|Landorus-Therian, L50, M, shiny|100\/100\n|-ability|p2a: Dawg?|Intimidate|boost\n|-unboost|p1a: Ninetales|atk|1\n|-unboost|p1b: Heatran|atk|1\n|turn|6\n|\n|t:|1700997342\n|move|p2a: Dawg?|Rock Slide|p1b: Heatran|[spread] p1a,p1b\n|-supereffective|p1a: Ninetales\n|-damage|p1a: Ninetales|42\/100\n|-damage|p1b: Heatran|0 fnt\n|faint|p1b: Heatran\n|move|p1a: Ninetales|Freeze-Dry|p2a: Dawg?\n|-supereffective|p2a: Dawg?\n|-damage|p2a: Dawg?|0 fnt\n|faint|p2a: Dawg?\n|cant|p2b: GOJIRA|frz\n|\n|-heal|p1a: Ninetales|48\/100|[from] item: Leftovers\n|upkeep\n|\n|t:|1700997358\n|switch|p1b: Urshifu|Urshifu-Rapid-Strike, L50, F|100\/100\n|turn|7\n|\n|t:|1700997365\n|move|p1a: Ninetales|Freeze-Dry|p2b: GOJIRA\n|-supereffective|p2b: GOJIRA\n|-crit|p2b: GOJIRA\n|-damage|p2b: GOJIRA|0 fnt\n|faint|p2b: GOJIRA\n|\n|win|Ronan Kenny\n|raw|Ronan Kenny's rating: 1178 &rarr; <strong>1199<\/strong><br \/>(+21 for winning)\n|raw|Chef204's rating: 1125 &rarr; <strong>1104<\/strong><br \/>(-21 for losing)\n","uploadtime":1700997372,"views":15,"p1id":"ronankenny","p2id":"chef204","formatid":"gen9vgc2023regulatione","rating":1104,"private":0,"password":""}