{"id":"gen9vgc2023regulatione-1994473693","p1":"Gamemasterv111","p2":"KokoAgent24","format":"[Gen 9] VGC 2023 Regulation E","log":"|j|\u2606Gamemasterv111\n|j|\u2606KokoAgent24\n|n|\u2606Gamemasterv111|gamemasterv111\n|n|\u2606KokoAgent24|kokoagent24\n|html|View the match progress at <a href=\"\/game-bestof3-gen9vgc2023regulatione-1994470002\">game-bestof3-gen9vgc2023regulatione-1994470002<\/a>\n|t:|1700448035\n|gametype|doubles\n|player|p1|Gamemasterv111|morty-masters2|\n|player|p2|KokoAgent24|lance|\n|teamsize|p1|6\n|teamsize|p2|6\n|gen|9\n|tier|[Gen 9] VGC 2023 Regulation E\n|rule|Species Clause: Limit one of each Pok\u00e9mon\n|rule|Item Clause: Limit one of each item\n|clearpoke\n|poke|p1|Arbok, L50, F|\n|poke|p1|Sinistcha-Masterpiece, L50|\n|poke|p1|Iron Hands, L50|\n|poke|p1|Flutter Mane, L50|\n|poke|p1|Rotom-Heat, L50|\n|poke|p1|Milotic, L50, F|\n|poke|p2|Articuno, L50|\n|poke|p2|Ceruledge, L50, F|\n|poke|p2|Appletun, L50, F|\n|poke|p2|Basculegion-F, L50, F|\n|poke|p2|Espeon, L50, F|\n|poke|p2|Grimmsnarl, L50, M|\n|teampreview|4\n|l|\u2606Gamemasterv111\n|player|p1|\n|j|\u2606Gamemasterv111\n|player|p1|Gamemasterv111|morty-masters2\n|\n|t:|1700448068\n|start\n|switch|p1a: Arbok|Arbok, L50, F, shiny|100\/100\n|switch|p1b: Flutter Mane|Flutter Mane, L50|100\/100\n|switch|p2a: Basculegion|Basculegion-F, L50, F|100\/100\n|switch|p2b: Grimmsnarl|Grimmsnarl, L50, M|100\/100\n|-ability|p1a: Arbok|Intimidate|boost\n|-unboost|p2a: Basculegion|atk|1\n|-unboost|p2b: Grimmsnarl|atk|1\n|-enditem|p1b: Flutter Mane|Booster Energy\n|-activate|p1b: Flutter Mane|ability: Protosynthesis|[fromitem]\n|-start|p1b: Flutter Mane|protosynthesisspe\n|turn|1\n|\n|t:|1700448098\n|-terastallize|p1b: Flutter Mane|Ghost\n|-terastallize|p2a: Basculegion|Water\n|move|p2b: Grimmsnarl|Reflect|p2b: Grimmsnarl\n|-sidestart|p2: KokoAgent24|Reflect\n|move|p1b: Flutter Mane|Shadow Ball|p2a: Basculegion\n|-damage|p2a: Basculegion|44\/100\n|move|p1a: Arbok|Gunk Shot|p2b: Grimmsnarl\n|-supereffective|p2b: Grimmsnarl\n|-damage|p2b: Grimmsnarl|31\/100\n|move|p2a: Basculegion|Shadow Ball|p1b: Flutter Mane\n|-supereffective|p1b: Flutter Mane\n|-damage|p1b: Flutter Mane|0 fnt\n|faint|p1b: Flutter Mane\n|-end|p1b: Flutter Mane|Protosynthesis|[silent]\n|\n|upkeep\n|\n|t:|1700448111\n|switch|p1b: Iron Hands|Iron Hands, L50|100\/100\n|turn|2\n|\n|t:|1700448133\n|move|p1b: Iron Hands|Fake Out|p2a: Basculegion\n|-damage|p2a: Basculegion|32\/100\n|move|p2b: Grimmsnarl|Light Screen|p2b: Grimmsnarl\n|-sidestart|p2: KokoAgent24|move: Light Screen\n|move|p1a: Arbok|Gunk Shot|p2a: Basculegion\n|-damage|p2a: Basculegion|0 fnt\n|faint|p2a: Basculegion\n|\n|upkeep\n|\n|t:|1700448143\n|switch|p2a: Espeon|Espeon, L50, F|100\/100\n|turn|3\n|\n|t:|1700448158\n|move|p2b: Grimmsnarl|Parting Shot|p1b: Iron Hands\n|-unboost|p1b: Iron Hands|atk|1\n|-unboost|p1b: Iron Hands|spa|1\n|\n|t:|1700448163\n|switch|p2b: Ceruledge|Ceruledge, L50, F|100\/100|[from] Parting Shot\n|move|p2a: Espeon|Psychic|p1a: Arbok\n|-supereffective|p1a: Arbok\n|-enditem|p1a: Arbok|Focus Sash\n|-damage|p1a: Arbok|1\/100\n|move|p1a: Arbok|Glare|p2a: Espeon\n|move|p2a: Espeon|Glare|p1a: Arbok|[from]ability: Magic Bounce\n|-status|p1a: Arbok|par\n|move|p1b: Iron Hands|Drain Punch|p2b: Ceruledge\n|-immune|p2b: Ceruledge\n|\n|upkeep\n|turn|4\n|\n|t:|1700448185\n|-end|p1b: Iron Hands|Quark Drive|[silent]\n|switch|p1b: Milotic|Milotic, L50, F, shiny|100\/100\n|move|p1a: Arbok|Protect|p1a: Arbok\n|-singleturn|p1a: Arbok|Protect\n|move|p2b: Ceruledge|Shadow Sneak|p1a: Arbok\n|-activate|p1a: Arbok|move: Protect\n|move|p2a: Espeon|Psychic|p1b: Milotic\n|-damage|p1b: Milotic|62\/100\n|\n|-heal|p1b: Milotic|68\/100|[from] item: Leftovers\n|upkeep\n|turn|5\n|\n|t:|1700448202\n|switch|p1a: Iron Hands|Iron Hands, L50|100\/100\n|move|p2b: Ceruledge|Shadow Sneak|p1a: Iron Hands\n|-damage|p1a: Iron Hands|83\/100\n|-damage|p2b: Ceruledge|90\/100|[from] item: Life Orb\n|move|p2a: Espeon|Psychic|p1b: Milotic\n|-damage|p1b: Milotic|31\/100\n|move|p1b: Milotic|Hypnosis|p2b: Ceruledge|[miss]\n|-miss|p1b: Milotic|p2b: Ceruledge\n|\n|-heal|p1b: Milotic|37\/100|[from] item: Leftovers\n|upkeep\n|turn|6\n|\n|t:|1700448219\n|move|p1a: Iron Hands|Fake Out|p2a: Espeon\n|-damage|p2a: Espeon|83\/100\n|cant|p2a: Espeon|flinch\n|move|p2b: Ceruledge|Bitter Blade|p1a: Iron Hands\n|-damage|p1a: Iron Hands|45\/100\n|-heal|p2b: Ceruledge|100\/100|[from] drain|[of] p1a: Iron Hands\n|-damage|p2b: Ceruledge|90\/100|[from] item: Life Orb\n|move|p1b: Milotic|Recover|p1b: Milotic\n|-heal|p1b: Milotic|87\/100\n|\n|-heal|p1b: Milotic|93\/100|[from] item: Leftovers\n|upkeep\n|turn|7\n|\n|t:|1700448247\n|-end|p1a: Iron Hands|Quark Drive|[silent]\n|switch|p1a: Arbok|Arbok, L50, F, shiny|1\/100 par\n|-ability|p1a: Arbok|Intimidate|boost\n|-unboost|p2a: Espeon|atk|1\n|-unboost|p2b: Ceruledge|atk|1\n|move|p2a: Espeon|Psychic|p1b: Milotic\n|-damage|p1b: Milotic|57\/100\n|move|p2b: Ceruledge|Bitter Blade|p1a: Arbok\n|-damage|p1a: Arbok|0 fnt\n|-heal|p2b: Ceruledge|91\/100|[from] drain|[of] p1a: Arbok\n|faint|p1a: Arbok\n|-damage|p2b: Ceruledge|81\/100|[from] item: Life Orb\n|move|p1b: Milotic|Scald|p2a: Espeon\n|-damage|p2a: Espeon|56\/100\n|\n|-heal|p1b: Milotic|64\/100|[from] item: Leftovers\n|upkeep\n|\n|t:|1700448261\n|switch|p1a: Iron Hands|Iron Hands, L50|45\/100\n|turn|8\n|\n|t:|1700448297\n|move|p1a: Iron Hands|Fake Out|p2a: Espeon\n|-damage|p2a: Espeon|38\/100\n|cant|p2a: Espeon|flinch\n|move|p2b: Ceruledge|Bitter Blade|p1a: Iron Hands\n|-damage|p1a: Iron Hands|17\/100\n|-heal|p2b: Ceruledge|100\/100|[from] drain|[of] p1a: Iron Hands\n|-damage|p2b: Ceruledge|90\/100|[from] item: Life Orb\n|move|p1b: Milotic|Scald|p2b: Ceruledge\n|-supereffective|p2b: Ceruledge\n|-damage|p2b: Ceruledge|40\/100\n|\n|-heal|p1b: Milotic|70\/100|[from] item: Leftovers\n|-sideend|p2: KokoAgent24|Reflect\n|upkeep\n|turn|9\n|\n|t:|1700448317\n|move|p2a: Espeon|Psychic|p1b: Milotic\n|-damage|p1b: Milotic|36\/100\n|move|p2b: Ceruledge|Bitter Blade|p1a: Iron Hands\n|-damage|p1a: Iron Hands|0 fnt\n|-heal|p2b: Ceruledge|53\/100|[from] drain|[of] p1a: Iron Hands\n|faint|p1a: Iron Hands\n|-end|p1a: Iron Hands|Quark Drive|[silent]\n|-damage|p2b: Ceruledge|43\/100|[from] item: Life Orb\n|move|p1b: Milotic|Scald|p2a: Espeon\n|-damage|p2a: Espeon|9\/100\n|\n|-heal|p1b: Milotic|42\/100|[from] item: Leftovers\n|-sideend|p2: KokoAgent24|move: Light Screen\n|upkeep\n|turn|10\n|\n|t:|1700448339\n|move|p2b: Ceruledge|Shadow Sneak|p1b: Milotic\n|-damage|p1b: Milotic|26\/100\n|-damage|p2b: Ceruledge|33\/100|[from] item: Life Orb\n|move|p2a: Espeon|Psychic|p1b: Milotic\n|-damage|p1b: Milotic|0 fnt\n|faint|p1b: Milotic\n|\n|win|KokoAgent24\n","uploadtime":1700448350,"views":8,"p1id":"gamemasterv111","p2id":"kokoagent24","formatid":"gen9vgc2023regulatione","rating":0,"private":0,"password":""}