{"id":"gen9vgc2023regulatione-1988758834","p1":"klay.yrey","p2":"u7h7hh798","format":"[Gen 9] VGC 2023 Regulation E","log":"|j|\u2606klay.yrey\n|j|\u2606u7h7hh798\n|t:|1699759428\n|gametype|doubles\n|player|p1|klay.yrey|candice|1119\n|player|p2|u7h7hh798|silver|1185\n|teamsize|p1|6\n|teamsize|p2|6\n|gen|9\n|tier|[Gen 9] VGC 2023 Regulation E\n|rated|\n|rule|Species Clause: Limit one of each Pok\u00e9mon\n|rule|Item Clause: Limit one of each item\n|clearpoke\n|poke|p1|Flutter Mane, L50|\n|poke|p1|Milotic, L50, F|\n|poke|p1|Sneasler, L50, F|\n|poke|p1|Kommo-o, L50, F|\n|poke|p1|Ogerpon-Cornerstone, L50, F|\n|poke|p1|Crawdaunt, L50, M|\n|poke|p2|Dondozo, L50, F|\n|poke|p2|Tatsugiri, L50, F|\n|poke|p2|Glimmora, L50, F|\n|poke|p2|Urshifu-*, L50, F|\n|poke|p2|Ogerpon-Wellspring, L50, F|\n|poke|p2|Chi-Yu, L50|\n|teampreview|4\n|inactive|Battle timer is ON: inactive players will automatically lose when time's up. (requested by u7h7hh798)\n|inactive|u7h7hh798 has 60 seconds left.\n|\n|t:|1699759479\n|start\n|switch|p1a: Kommo-o|Kommo-o, L50, F|100\/100\n|switch|p1b: Ogerpon|Ogerpon-Cornerstone, L50, F|100\/100\n|switch|p2a: Glimmora|Glimmora, L50, F|100\/100\n|switch|p2b: Ogerpon|Ogerpon-Wellspring, L50, F|100\/100\n|turn|1\n|\n|t:|1699759504\n|-terastallize|p1a: Kommo-o|Steel\n|move|p1b: Ogerpon|Spiky Shield|p1b: Ogerpon\n|-singleturn|p1b: Ogerpon|move: Protect\n|move|p2a: Glimmora|Mortal Spin|p1a: Kommo-o|[spread] \n|-activate|p1b: Ogerpon|move: Protect\n|-damage|p2a: Glimmora|88\/100|[from] Spiky Shield|[of] p1b: Ogerpon\n|-immune|p1a: Kommo-o\n|move|p2b: Ogerpon|Ivy Cudgel|p1a: Kommo-o\n|-damage|p1a: Kommo-o|44\/100\n|move|p1a: Kommo-o|Clangorous Soul|p1a: Kommo-o\n|-boost|p1a: Kommo-o|atk|1\n|-boost|p1a: Kommo-o|def|1\n|-boost|p1a: Kommo-o|spa|1\n|-boost|p1a: Kommo-o|spd|1\n|-boost|p1a: Kommo-o|spe|1\n|-damage|p1a: Kommo-o|11\/100\n|-enditem|p1a: Kommo-o|Throat Spray\n|-boost|p1a: Kommo-o|spa|1|[from] item: Throat Spray\n|\n|upkeep\n|turn|2\n|inactive|u7h7hh798 has 30 seconds left.\n|inactive|u7h7hh798 has 20 seconds left.\n|\n|t:|1699759540\n|move|p1b: Ogerpon|Follow Me|p1b: Ogerpon\n|-singleturn|p1b: Ogerpon|move: Follow Me\n|move|p1a: Kommo-o|Clanging Scales|p2a: Glimmora|[spread] p2a,p2b\n|-crit|p2a: Glimmora\n|-damage|p2a: Glimmora|0 fnt\n|-damage|p2b: Ogerpon|24\/100\n|faint|p2a: Glimmora\n|-unboost|p1a: Kommo-o|def|1\n|move|p2b: Ogerpon|Ivy Cudgel|p1b: Ogerpon\n|-damage|p1b: Ogerpon|30\/100\n|\n|upkeep\n|\n|t:|1699759550\n|switch|p2a: Dondozo|Dondozo, L50, F|100\/100\n|turn|3\n|\n|t:|1699759559\n|switch|p2b: Tatsugiri|Tatsugiri, L50, F|100\/100\n|-activate|p2b: Tatsugiri|ability: Commander|[of] p2a: Dondozo\n|-boost|p2a: Dondozo|atk|2\n|-boost|p2a: Dondozo|spa|2\n|-boost|p2a: Dondozo|spe|2\n|-boost|p2a: Dondozo|def|2\n|-boost|p2a: Dondozo|spd|2\n|move|p2a: Dondozo|Earthquake|p1b: Ogerpon|[spread] p1a,p1b\n|-miss|p2a: Dondozo|p2b: Tatsugiri\n|-supereffective|p1a: Kommo-o\n|-damage|p1a: Kommo-o|0 fnt\n|-damage|p1b: Ogerpon|0 fnt\n|faint|p1a: Kommo-o\n|faint|p1b: Ogerpon\n|\n|upkeep\n|\n|t:|1699759569\n|switch|p1b: Flutter Mane|Flutter Mane, L50|100\/100\n|switch|p1a: Sneasler|Sneasler, L50, F|100\/100\n|turn|4\n|\n|t:|1699759581\n|move|p1a: Sneasler|Fake Out|p2a: Dondozo\n|-enditem|p1a: Sneasler|Normal Gem|[from] gem\n|-damage|p2a: Dondozo|94\/100\n|move|p1b: Flutter Mane|Shadow Ball|p2a: Dondozo\n|-damage|p2a: Dondozo|66\/100\n|cant|p2a: Dondozo|flinch\n|\n|-heal|p2a: Dondozo|73\/100|[from] item: Leftovers\n|upkeep\n|turn|5\n|\n|t:|1699759592\n|move|p1a: Sneasler|Dire Claw|p2a: Dondozo\n|-damage|p2a: Dondozo|59\/100\n|-status|p2a: Dondozo|par\n|move|p1b: Flutter Mane|Shadow Ball|p2a: Dondozo\n|-damage|p2a: Dondozo|31\/100 par\n|move|p2a: Dondozo|Earthquake|p1a: Sneasler|[spread] p1a,p1b\n|-miss|p2a: Dondozo|p2b: Tatsugiri\n|-supereffective|p1a: Sneasler\n|-damage|p1a: Sneasler|0 fnt\n|-damage|p1b: Flutter Mane|26\/100\n|faint|p1a: Sneasler\n|\n|-heal|p2a: Dondozo|37\/100 par|[from] item: Leftovers\n|upkeep\n|turn|6\n|\n|t:|1699759603\n|move|p1b: Flutter Mane|Shadow Ball|p2a: Dondozo\n|-damage|p2a: Dondozo|9\/100 par\n|cant|p2a: Dondozo|par\n|\n|-heal|p2a: Dondozo|15\/100 par|[from] item: Leftovers\n|upkeep\n|turn|7\n|\n|t:|1699759608\n|move|p2a: Dondozo|Protect|p2a: Dondozo\n|-singleturn|p2a: Dondozo|Protect\n|move|p1b: Flutter Mane|Shadow Ball|p2a: Dondozo\n|-activate|p2a: Dondozo|move: Protect\n|\n|-heal|p2a: Dondozo|22\/100 par|[from] item: Leftovers\n|upkeep\n|turn|8\n|\n|t:|1699759610\n|move|p1b: Flutter Mane|Shadow Ball|p2a: Dondozo\n|-damage|p2a: Dondozo|0 fnt\n|faint|p2a: Dondozo\n|\n|upkeep\n|\n|t:|1699759613\n|switch|p2a: Ogerpon|Ogerpon-Wellspring, L50, F|24\/100\n|turn|9\n|\n|t:|1699759631\n|move|p1b: Flutter Mane|Shadow Ball|p2a: Ogerpon\n|-damage|p2a: Ogerpon|0 fnt\n|faint|p2a: Ogerpon\n|move|p2b: Tatsugiri|Surf|p1b: Flutter Mane\n|-damage|p1b: Flutter Mane|0 fnt\n|faint|p1b: Flutter Mane\n|-end|p1b: Flutter Mane|Protosynthesis|[silent]\n|\n|win|u7h7hh798\n|raw|klay.yrey's rating: 1119 &rarr; <strong>1099<\/strong><br \/>(-20 for losing)\n|raw|u7h7hh798's rating: 1185 &rarr; <strong>1205<\/strong><br \/>(+20 for winning)\n|l|\u2606klay.yrey\n","uploadtime":1699760515,"views":16,"p1id":"klayyrey","p2id":"u7h7hh798","formatid":"gen9vgc2023regulatione","rating":1099,"private":0,"password":""}