{"id":"gen9vgc2023regulatione-1999462212","p1":"N FariNas","p2":"iMatCia","format":"[Gen 9] VGC 2023 Regulation E","log":"|j|\u2606N FariNas\n|j|\u2606iMatCia\n|t:|1701084272\n|gametype|doubles\n|player|p1|N FariNas|blackbelt-gen4dp|1139\n|player|p2|iMatCia|265|1104\n|teamsize|p1|6\n|teamsize|p2|6\n|gen|9\n|tier|[Gen 9] VGC 2023 Regulation E\n|rated|\n|rule|Species Clause: Limit one of each Pok\u00e9mon\n|rule|Item Clause: Limit one of each item\n|clearpoke\n|poke|p1|Dragapult, L50, F|\n|poke|p1|Chien-Pao, L50|\n|poke|p1|Rillaboom, L50, M|\n|poke|p1|Tornadus, L50, M|\n|poke|p1|Arcanine-Hisui, L50, F|\n|poke|p1|Urshifu-*, L50, F|\n|poke|p2|Ogerpon-Hearthflame, L50, F|\n|poke|p2|Iron Hands, L50|\n|poke|p2|Tornadus, L50, M|\n|poke|p2|Roaring Moon, L50|\n|poke|p2|Flutter Mane, L50|\n|poke|p2|Landorus-Therian, L50, M|\n|teampreview|4\n|inactive|Battle timer is ON: inactive players will automatically lose when time's up. (requested by iMatCia)\n|\n|t:|1701084296\n|start\n|switch|p1a: Tornadus|Tornadus, L50, M|100\/100\n|switch|p1b: Urshifu|Urshifu-Rapid-Strike, L50, F|100\/100\n|switch|p2a: Iron Hands|Iron Hands, L50|100\/100\n|switch|p2b: Landorus|Landorus-Therian, L50, M|100\/100\n|-ability|p2b: Landorus|Intimidate|boost\n|-unboost|p1a: Tornadus|atk|1\n|-unboost|p1b: Urshifu|atk|1\n|turn|1\n|\n|t:|1701084314\n|-terastallize|p2b: Landorus|Flying\n|move|p2a: Iron Hands|Fake Out|p1b: Urshifu\n|-damage|p1b: Urshifu|85\/100\n|move|p2b: Landorus|Tera Blast|p1b: Urshifu|[anim] Tera Blast Flying\n|-supereffective|p1b: Urshifu\n|-damage|p1b: Urshifu|0 fnt\n|faint|p1b: Urshifu\n|move|p1a: Tornadus|Icy Wind|p2b: Landorus|[spread] p2a,p2b\n|-supereffective|p2b: Landorus\n|-damage|p2a: Iron Hands|91\/100\n|-damage|p2b: Landorus|59\/100\n|-unboost|p2a: Iron Hands|spe|1\n|-unboost|p2b: Landorus|spe|1\n|\n|upkeep\n|\n|t:|1701084329\n|switch|p1b: Arcanine|Arcanine-Hisui, L50, F|100\/100\n|-ability|p1b: Arcanine|Intimidate|boost\n|-unboost|p2a: Iron Hands|atk|1\n|-unboost|p2b: Landorus|atk|1\n|turn|2\n|\n|t:|1701084349\n|switch|p2b: Flutter Mane|Flutter Mane, L50|100\/100\n|move|p1a: Tornadus|Icy Wind|p2a: Iron Hands|[spread] p2a,p2b\n|-damage|p2a: Iron Hands|83\/100\n|-damage|p2b: Flutter Mane|87\/100\n|-unboost|p2a: Iron Hands|spe|1\n|-unboost|p2b: Flutter Mane|spe|1\n|move|p1b: Arcanine|Rock Slide|p2a: Iron Hands|[spread] p2a,p2b\n|-resisted|p2a: Iron Hands\n|-crit|p2b: Flutter Mane\n|-damage|p2a: Iron Hands|73\/100\n|-damage|p2b: Flutter Mane|0 fnt\n|faint|p2b: Flutter Mane\n|-end|p2b: Flutter Mane|Protosynthesis|[silent]\n|move|p2a: Iron Hands|Drain Punch|p1b: Arcanine\n|-supereffective|p1b: Arcanine\n|-damage|p1b: Arcanine|25\/100\n|-heal|p2a: Iron Hands|99\/100|[from] drain|[of] p1b: Arcanine\n|-enditem|p1b: Arcanine|Aguav Berry|[eat]\n|-heal|p1b: Arcanine|58\/100|[from] item: Aguav Berry\n|\n|upkeep\n|\n|t:|1701084366\n|switch|p2b: Landorus|Landorus-Therian, L50, M, tera:Flying|59\/100\n|-ability|p2b: Landorus|Intimidate|boost\n|-unboost|p1a: Tornadus|atk|1\n|-unboost|p1b: Arcanine|atk|1\n|turn|3\n|\n|t:|1701084378\n|-terastallize|p1b: Arcanine|Fairy\n|move|p2b: Landorus|Rock Slide|p1b: Arcanine|[spread] p1b\n|-miss|p2b: Landorus|p1a: Tornadus\n|-damage|p1b: Arcanine|34\/100\n|move|p1a: Tornadus|Icy Wind|p2a: Iron Hands|[spread] p2a,p2b\n|-supereffective|p2b: Landorus\n|-damage|p2a: Iron Hands|90\/100\n|-damage|p2b: Landorus|18\/100\n|-unboost|p2a: Iron Hands|spe|1\n|-unboost|p2b: Landorus|spe|1\n|move|p1b: Arcanine|Rock Slide|p2b: Landorus|[spread] p2a,p2b\n|-resisted|p2a: Iron Hands\n|-supereffective|p2b: Landorus\n|-damage|p2a: Iron Hands|84\/100\n|-damage|p2b: Landorus|0 fnt\n|faint|p2b: Landorus\n|cant|p2a: Iron Hands|flinch\n|\n|upkeep\n|\n|t:|1701084393\n|switch|p2b: Ogerpon|Ogerpon-Hearthflame, L50, F|100\/100\n|-ability|p2b: Ogerpon|Mold Breaker\n|turn|4\n|\n|t:|1701084409\n|move|p1a: Tornadus|Rain Dance|p1a: Tornadus\n|-weather|RainDance\n|move|p2b: Ogerpon|Horn Leech|p1b: Arcanine\n|-damage|p1b: Arcanine|0 fnt\n|faint|p1b: Arcanine\n|move|p2a: Iron Hands|Wild Charge|p1a: Tornadus\n|-supereffective|p1a: Tornadus\n|-crit|p1a: Tornadus\n|-damage|p1a: Tornadus|0 fnt\n|faint|p1a: Tornadus\n|-damage|p2a: Iron Hands|69\/100|[from] Recoil\n|\n|-weather|RainDance|[upkeep]\n|upkeep\n|\n|t:|1701084421\n|switch|p1b: Rillaboom|Rillaboom, L50, M|100\/100\n|-fieldstart|move: Grassy Terrain|[from] ability: Grassy Surge|[of] p1b: Rillaboom\n|turn|5\n|\n|t:|1701084430\n|move|p2b: Ogerpon|Ivy Cudgel|p1b: Rillaboom|[anim] Ivy Cudgel Fire\n|-supereffective|p1b: Rillaboom\n|-damage|p1b: Rillaboom|47\/100\n|move|p1b: Rillaboom|Stomping Tantrum|p2b: Ogerpon\n|-damage|p2b: Ogerpon|67\/100\n|move|p2a: Iron Hands|Drain Punch|p1b: Rillaboom\n|-damage|p1b: Rillaboom|16\/100\n|-heal|p2a: Iron Hands|80\/100|[from] drain|[of] p1b: Rillaboom\n|\n|-weather|RainDance|[upkeep]\n|-heal|p2b: Ogerpon|72\/100|[from] Grassy Terrain\n|-heal|p1b: Rillaboom|22\/100|[from] Grassy Terrain\n|-heal|p2a: Iron Hands|86\/100|[from] Grassy Terrain\n|upkeep\n|turn|6\n|\n|t:|1701084444\n|move|p1b: Rillaboom|Grassy Glide|p2a: Iron Hands\n|-damage|p2a: Iron Hands|59\/100\n|move|p2b: Ogerpon|Ivy Cudgel|p1b: Rillaboom|[anim] Ivy Cudgel Fire\n|-supereffective|p1b: Rillaboom\n|-damage|p1b: Rillaboom|0 fnt\n|faint|p1b: Rillaboom\n|\n|win|iMatCia\n|raw|N FariNas's rating: 1139 &rarr; <strong>1111<\/strong><br \/>(-28 for losing)\n|raw|iMatCia's rating: 1104 &rarr; <strong>1132<\/strong><br \/>(+28 for winning)\n|l|\u2606N FariNas\n","uploadtime":1701084453,"views":7,"p1id":"nfarinas","p2id":"imatcia","formatid":"gen9vgc2023regulatione","rating":1111,"private":0,"password":""}