{"id":"gen9vgc2023regulatione-1992242561","p1":"AriesOwn","p2":"cartmart","format":"[Gen 9] VGC 2023 Regulation E","log":"|j|\u2606AriesOwn\n|j|\u2606cartmart\n|t:|1700166998\n|gametype|doubles\n|player|p1|AriesOwn|n-masters3|1126\n|player|p2|cartmart|hilbert-wonderlauncher|1189\n|teamsize|p1|6\n|teamsize|p2|6\n|gen|9\n|tier|[Gen 9] VGC 2023 Regulation E\n|rated|\n|rule|Species Clause: Limit one of each Pok\u00e9mon\n|rule|Item Clause: Limit one of each item\n|clearpoke\n|poke|p1|Iron Valiant, L50|\n|poke|p1|Chien-Pao, L50|\n|poke|p1|Toxapex, L50, F|\n|poke|p1|Annihilape, L50, M|\n|poke|p1|Heatran, L50, F|\n|poke|p1|Dragapult, L50, M|\n|poke|p2|Farigiraf, L50, M|\n|poke|p2|Grimmsnarl, L50, M|\n|poke|p2|Skeledirge, L50, M|\n|poke|p2|Copperajah, L50, F|\n|poke|p2|Breloom, L50, M|\n|poke|p2|Garchomp, L50, M|\n|teampreview|4\n|\n|t:|1700167095\n|start\n|switch|p1a: Dragapult|Dragapult, L50, M|100\/100\n|switch|p1b: Heatran|Heatran, L50, F|100\/100\n|switch|p2a: Farigiraf|Farigiraf, L50, M|100\/100\n|switch|p2b: Grimmsnarl|Grimmsnarl, L50, M|100\/100\n|turn|1\n|\n|t:|1700167134\n|-terastallize|p1a: Dragapult|Steel\n|move|p2b: Grimmsnarl|Light Screen|p2b: Grimmsnarl\n|-sidestart|p2: cartmart|move: Light Screen\n|move|p1a: Dragapult|Tera Blast|p2b: Grimmsnarl|[anim] Tera Blast Steel\n|-supereffective|p2b: Grimmsnarl\n|-damage|p2b: Grimmsnarl|35\/100\n|-damage|p1a: Dragapult|91\/100|[from] item: Life Orb\n|move|p1b: Heatran|Heat Wave|p2b: Grimmsnarl|[spread] p2a,p2b\n|-damage|p2a: Farigiraf|71\/100\n|-damage|p2b: Grimmsnarl|13\/100\n|move|p2a: Farigiraf|Trick Room|p2a: Farigiraf\n|-fieldstart|move: Trick Room|[of] p2a: Farigiraf\n|\n|upkeep\n|turn|2\n|\n|t:|1700167163\n|switch|p2b: Skeledirge|Skeledirge, L50, M|100\/100\n|move|p2a: Farigiraf|Calm Mind|p2a: Farigiraf\n|-boost|p2a: Farigiraf|spa|1\n|-boost|p2a: Farigiraf|spd|1\n|move|p1b: Heatran|Heat Wave|p2a: Farigiraf|[spread] p2a,p2b\n|-resisted|p2b: Skeledirge\n|-crit|p2b: Skeledirge\n|-damage|p2a: Farigiraf|53\/100\n|-damage|p2b: Skeledirge|69\/100\n|move|p1a: Dragapult|Tera Blast|p2a: Farigiraf|[anim] Tera Blast Steel\n|-damage|p2a: Farigiraf|20\/100\n|-enditem|p2a: Farigiraf|Sitrus Berry|[eat]\n|-heal|p2a: Farigiraf|45\/100|[from] item: Sitrus Berry\n|-damage|p1a: Dragapult|81\/100|[from] item: Life Orb\n|\n|upkeep\n|turn|3\n|\n|t:|1700167194\n|move|p2a: Farigiraf|Psychic|p1a: Dragapult\n|-resisted|p1a: Dragapult\n|-damage|p1a: Dragapult|35\/100\n|move|p2b: Skeledirge|Torch Song|p1a: Dragapult\n|-supereffective|p1a: Dragapult\n|-damage|p1a: Dragapult|0 fnt\n|-boost|p2b: Skeledirge|spa|1\n|faint|p1a: Dragapult\n|-enditem|p2b: Skeledirge|Throat Spray\n|-boost|p2b: Skeledirge|spa|1|[from] item: Throat Spray\n|move|p1b: Heatran|Earth Power|p2b: Skeledirge\n|-supereffective|p2b: Skeledirge\n|-damage|p2b: Skeledirge|23\/100\n|\n|-activate|p2a: Farigiraf|ability: Cud Chew\n|-enditem|p2a: Farigiraf|Sitrus Berry|[eat]\n|-heal|p2a: Farigiraf|70\/100|[from] item: Sitrus Berry\n|upkeep\n|\n|t:|1700167211\n|switch|p1a: Chien-Pao|Chien-Pao, L50|100\/100\n|-ability|p1a: Chien-Pao|Sword of Ruin\n|turn|4\n|\n|t:|1700167230\n|move|p2b: Skeledirge|Protect|p2b: Skeledirge\n|-singleturn|p2b: Skeledirge|Protect\n|move|p1a: Chien-Pao|Sucker Punch||[still]\n|-fail|p1a: Chien-Pao\n|move|p2a: Farigiraf|Dazzling Gleam|p1a: Chien-Pao|[spread] p1a,p1b\n|-supereffective|p1a: Chien-Pao\n|-resisted|p1b: Heatran\n|-enditem|p1a: Chien-Pao|Focus Sash\n|-damage|p1a: Chien-Pao|1\/100\n|-damage|p1b: Heatran|93\/100\n|move|p1b: Heatran|Flash Cannon|p2a: Farigiraf\n|-damage|p2a: Farigiraf|50\/100\n|\n|-heal|p1b: Heatran|99\/100|[from] item: Leftovers\n|upkeep\n|turn|5\n|\n|t:|1700167258\n|move|p2b: Skeledirge|Protect||[still]\n|-fail|p2b: Skeledirge\n|move|p1a: Chien-Pao|Sucker Punch||[still]\n|-fail|p1a: Chien-Pao\n|move|p2a: Farigiraf|Dazzling Gleam|p1a: Chien-Pao|[spread] p1a,p1b\n|-supereffective|p1a: Chien-Pao\n|-resisted|p1b: Heatran\n|-damage|p1a: Chien-Pao|0 fnt\n|-damage|p1b: Heatran|92\/100\n|faint|p1a: Chien-Pao\n|move|p1b: Heatran|Flash Cannon|p2a: Farigiraf\n|-damage|p2a: Farigiraf|29\/100\n|\n|-heal|p1b: Heatran|98\/100|[from] item: Leftovers\n|-fieldend|move: Trick Room\n|upkeep\n|\n|t:|1700167270\n|switch|p1a: Iron Valiant|Iron Valiant, L50|100\/100\n|-enditem|p1a: Iron Valiant|Booster Energy\n|-activate|p1a: Iron Valiant|ability: Quark Drive|[fromitem]\n|-start|p1a: Iron Valiant|quarkdrivespe\n|turn|6\n|\n|t:|1700167301\n|move|p1a: Iron Valiant|Protect|p1a: Iron Valiant\n|-singleturn|p1a: Iron Valiant|Protect\n|move|p1b: Heatran|Earth Power|p2b: Skeledirge\n|-supereffective|p2b: Skeledirge\n|-damage|p2b: Skeledirge|0 fnt\n|faint|p2b: Skeledirge\n|move|p2a: Farigiraf|Psychic|p1a: Iron Valiant\n|-activate|p1a: Iron Valiant|move: Protect\n|\n|-heal|p1b: Heatran|100\/100|[from] item: Leftovers\n|upkeep\n|\n|t:|1700167314\n|switch|p2b: Copperajah|Copperajah, L50, F|100\/100\n|turn|7\n|\n|t:|1700167335\n|-terastallize|p2b: Copperajah|Flying\n|move|p1a: Iron Valiant|Aura Sphere|p2a: Farigiraf\n|-damage|p2a: Farigiraf|12\/100\n|move|p1b: Heatran|Heat Wave|p2a: Farigiraf|[spread] p2a,p2b\n|-damage|p2a: Farigiraf|0 fnt\n|-damage|p2b: Copperajah|70\/100\n|faint|p2a: Farigiraf\n|move|p2b: Copperajah|Iron Defense|p2b: Copperajah\n|-boost|p2b: Copperajah|def|2\n|\n|upkeep\n|\n|t:|1700167344\n|switch|p2a: Grimmsnarl|Grimmsnarl, L50, M|13\/100\n|turn|8\n|\n|t:|1700167382\n|move|p2a: Grimmsnarl|Thunder Wave|p1a: Iron Valiant\n|-status|p1a: Iron Valiant|par\n|move|p1a: Iron Valiant|Moonblast|p2b: Copperajah\n|-damage|p2b: Copperajah|35\/100\n|move|p1b: Heatran|Heat Wave|p2b: Copperajah|[spread] p2a,p2b\n|-damage|p2a: Grimmsnarl|0 fnt\n|-damage|p2b: Copperajah|5\/100\n|faint|p2a: Grimmsnarl\n|move|p2b: Copperajah|Body Press|p1b: Heatran\n|-supereffective|p1b: Heatran\n|-damage|p1b: Heatran|53\/100\n|\n|-heal|p1b: Heatran|59\/100|[from] item: Leftovers\n|-sideend|p2: cartmart|move: Light Screen\n|upkeep\n|turn|9\n|-message|cartmart forfeited.\n|\n|win|AriesOwn\n|raw|AriesOwn's rating: 1126 &rarr; <strong>1155<\/strong><br \/>(+29 for winning)\n|raw|cartmart's rating: 1189 &rarr; <strong>1160<\/strong><br \/>(-29 for losing)\n|l|\u2606cartmart\n|c|\u2606AriesOwn|gg\n","uploadtime":1700167401,"views":9,"p1id":"ariesown","p2id":"cartmart","formatid":"gen9vgc2023regulatione","rating":1155,"private":0,"password":""}