{"id":"gen9vgc2023regulatione-1996247335","p1":"Mooose","p2":"CaltonD","format":"[Gen 9] VGC 2023 Regulation E","log":"|j|\u2606Mooose\n|j|\u2606CaltonD\n|t:|1700663682\n|gametype|doubles\n|player|p1|Mooose|burglar|1259\n|player|p2|CaltonD|170|1267\n|teamsize|p1|6\n|teamsize|p2|6\n|gen|9\n|tier|[Gen 9] VGC 2023 Regulation E\n|rated|\n|rule|Species Clause: Limit one of each Pok\u00e9mon\n|rule|Item Clause: Limit one of each item\n|clearpoke\n|poke|p1|Munkidori, L50, M|\n|poke|p1|Ogerpon, L50, F|\n|poke|p1|Tauros-Paldea-Blaze, L50, M|\n|poke|p1|Roaring Moon, L50|\n|poke|p1|Magnezone, L50|\n|poke|p1|Drifblim, L50, M|\n|poke|p2|Ogerpon-Cornerstone, L50, F|\n|poke|p2|Dusclops, L50, F|\n|poke|p2|Spectrier, L50|\n|poke|p2|Iron Hands, L50|\n|poke|p2|Rillaboom, L50, M|\n|poke|p2|Kingambit, L50, F|\n|teampreview|4\n|\n|t:|1700663716\n|start\n|switch|p1a: Roaring Moon|Roaring Moon, L50|100\/100\n|switch|p1b: Tauros|Tauros-Paldea-Blaze, L50, M|100\/100\n|switch|p2a: Spectrier|Spectrier, L50|100\/100\n|switch|p2b: Ogerpon|Ogerpon-Cornerstone, L50, F|100\/100\n|-ability|p1b: Tauros|Intimidate|boost\n|-unboost|p2a: Spectrier|atk|1\n|-unboost|p2b: Ogerpon|atk|1\n|-enditem|p1a: Roaring Moon|Booster Energy\n|-activate|p1a: Roaring Moon|ability: Protosynthesis|[fromitem]\n|-start|p1a: Roaring Moon|protosynthesisspe\n|turn|1\n|\n|t:|1700663744\n|-terastallize|p2a: Spectrier|Fairy\n|move|p1a: Roaring Moon|Tailwind|p1a: Roaring Moon\n|-sidestart|p1: Mooose|move: Tailwind\n|move|p1b: Tauros|Will-O-Wisp|p2b: Ogerpon\n|-status|p2b: Ogerpon|brn\n|move|p2a: Spectrier|Draining Kiss|p1a: Roaring Moon\n|-supereffective|p1a: Roaring Moon\n|-damage|p1a: Roaring Moon|0 fnt\n|faint|p1a: Roaring Moon\n|-end|p1a: Roaring Moon|Protosynthesis|[silent]\n|-ability|p2a: Spectrier|Grim Neigh|boost\n|-boost|p2a: Spectrier|spa|1\n|move|p2b: Ogerpon|Ivy Cudgel|p1b: Tauros|[anim] Ivy Cudgel Rock\n|-damage|p1b: Tauros|84\/100\n|\n|-damage|p2b: Ogerpon|95\/100 brn|[from] brn\n|upkeep\n|\n|t:|1700663755\n|switch|p1a: Munkidori|Munkidori, L50, M|100\/100\n|turn|2\n|\n|t:|1700663771\n|move|p2b: Ogerpon|Follow Me|p2b: Ogerpon\n|-singleturn|p2b: Ogerpon|move: Follow Me\n|move|p1b: Tauros|Raging Bull|p2b: Ogerpon\n|-damage|p2b: Ogerpon|56\/100 brn\n|move|p1a: Munkidori|Sludge Bomb|p2b: Ogerpon\n|-damage|p2b: Ogerpon|15\/100 brn\n|move|p2a: Spectrier|Draining Kiss|p1b: Tauros\n|-damage|p1b: Tauros|15\/100\n|-enditem|p1b: Tauros|Sitrus Berry|[eat]\n|-heal|p1b: Tauros|40\/100|[from] item: Sitrus Berry\n|\n|-damage|p2b: Ogerpon|9\/100 brn|[from] brn\n|upkeep\n|turn|3\n|\n|t:|1700663810\n|move|p1b: Tauros|Protect|p1b: Tauros\n|-singleturn|p1b: Tauros|Protect\n|move|p2b: Ogerpon|Spiky Shield|p2b: Ogerpon\n|-singleturn|p2b: Ogerpon|move: Protect\n|move|p1a: Munkidori|Sludge Wave|p2a: Spectrier|[spread] p2a\n|-activate|p1b: Tauros|move: Protect\n|-activate|p2b: Ogerpon|move: Protect\n|-supereffective|p2a: Spectrier\n|-damage|p2a: Spectrier|24\/100\n|-status|p2a: Spectrier|tox|[from] ability: Toxic Chain|[of] p1a: Munkidori\n|move|p2a: Spectrier|Shadow Ball|p1a: Munkidori\n|-supereffective|p1a: Munkidori\n|-damage|p1a: Munkidori|0 fnt\n|faint|p1a: Munkidori\n|-ability|p2a: Spectrier|Grim Neigh|boost\n|-boost|p2a: Spectrier|spa|1\n|\n|-heal|p2a: Spectrier|30\/100 tox|[from] item: Leftovers\n|-damage|p2a: Spectrier|24\/100 tox|[from] psn\n|-damage|p2b: Ogerpon|3\/100 brn|[from] brn\n|upkeep\n|\n|t:|1700663824\n|switch|p1a: Ogerpon|Ogerpon, L50, F|100\/100\n|turn|4\n|\n|t:|1700663837\n|move|p1a: Ogerpon|Spiky Shield|p1a: Ogerpon\n|-singleturn|p1a: Ogerpon|move: Protect\n|move|p2b: Ogerpon|Follow Me|p2b: Ogerpon\n|-singleturn|p2b: Ogerpon|move: Follow Me\n|move|p1b: Tauros|Raging Bull|p2b: Ogerpon\n|-damage|p2b: Ogerpon|0 fnt\n|faint|p2b: Ogerpon\n|move|p2a: Spectrier|Draining Kiss|p1b: Tauros\n|-damage|p1b: Tauros|0 fnt\n|-heal|p2a: Spectrier|54\/100 tox|[from] drain|[of] p1b: Tauros\n|faint|p1b: Tauros\n|-ability|p2a: Spectrier|Grim Neigh|boost\n|-boost|p2a: Spectrier|spa|1\n|\n|-heal|p2a: Spectrier|60\/100 tox|[from] item: Leftovers\n|-damage|p2a: Spectrier|48\/100 tox|[from] psn\n|-sideend|p1: Mooose|move: Tailwind\n|upkeep\n|\n|t:|1700663859\n|switch|p2b: Iron Hands|Iron Hands, L50, shiny|100\/100\n|-enditem|p2b: Iron Hands|Booster Energy\n|-activate|p2b: Iron Hands|ability: Quark Drive|[fromitem]\n|-start|p2b: Iron Hands|quarkdriveatk\n|turn|5\n|\n|t:|1700663870\n|move|p1a: Ogerpon|Spiky Shield||[still]\n|-fail|p1a: Ogerpon\n|move|p2b: Iron Hands|Fake Out|p1a: Ogerpon\n|-damage|p1a: Ogerpon|75\/100\n|move|p2a: Spectrier|Draining Kiss|p1a: Ogerpon\n|-damage|p1a: Ogerpon|0 fnt\n|-heal|p2a: Spectrier|100\/100 tox|[from] drain|[of] p1a: Ogerpon\n|faint|p1a: Ogerpon\n|\n|win|CaltonD\n|raw|Mooose's rating: 1259 &rarr; <strong>1235<\/strong><br \/>(-24 for losing)\n|raw|CaltonD's rating: 1267 &rarr; <strong>1291<\/strong><br \/>(+24 for winning)\n|l|\u2606Mooose\n|c|\u2606CaltonD|Gg\n","uploadtime":1700663894,"views":6,"p1id":"mooose","p2id":"caltond","formatid":"gen9vgc2023regulatione","rating":1235,"private":0,"password":""}