{"id":"gen9vgc2023regulatione-1992524999","p1":"kidturtle","p2":"eebgm","format":"[Gen 9] VGC 2023 Regulation E","log":"|j|\u2606kidturtle\n|j|\u2606eebgm\n|t:|1700199498\n|gametype|doubles\n|player|p1|kidturtle|hoopster|\n|player|p2|eebgm|lady|\n|teamsize|p1|6\n|teamsize|p2|6\n|gen|9\n|tier|[Gen 9] VGC 2023 Regulation E\n|rated|Tournament battle\n|rule|Species Clause: Limit one of each Pok\u00e9mon\n|rule|Item Clause: Limit one of each item\n|clearpoke\n|poke|p1|Ursaluna, L50, M|\n|poke|p1|Cresselia, L50, F|\n|poke|p1|Flutter Mane, L50|\n|poke|p1|Chi-Yu, L50|\n|poke|p1|Iron Hands, L50|\n|poke|p1|Urshifu-*, L50, M|\n|poke|p2|Armarouge, L50, M|\n|poke|p2|Indeedee-F, L50, F|\n|poke|p2|Sneasler, L50, M|\n|poke|p2|Landorus-Therian, L50, M|\n|poke|p2|Torkoal, L50, F|\n|poke|p2|Gallade, L50, M|\n|teampreview|4\n|showteam|p1|Ursaluna||FlameOrb|Guts|Facade,Earthquake,SwordsDance,Protect|||M|||50|,,,,,Ghost]Cresselia||MentalHerb|Levitate|IceBeam,AllySwitch,LunarBlessing,TrickRoom|||F|||50|,,,,,Fairy]Flutter Mane||BoosterEnergy|Protosynthesis|IcyWind,ShadowBall,Moonblast,Protect||||||50|,,,,,Fairy]Chi-Yu||ChoiceSpecs|BeadsofRuin|BurningJealousy,DarkPulse,Overheat,Snarl||||||50|,,,,,Ghost]Iron Hands||SitrusBerry|QuarkDrive|DrainPunch,WildCharge,FakeOut,SwordsDance||||||50|,,,,,Fire]Urshifu||FocusSash|UnseenFist|Detect,WickedBlow,CloseCombat,SuckerPunch|||M|||50|,,,,,Dark\n|showteam|p2|Armarouge||WeaknessPolicy|WeakArmor|ExpandingForce,HeatWave,Endure,WideGuard|||M|||50|,,,,,Psychic]Indeedee-F||RockyHelmet|PsychicSurge|FollowMe,DazzlingGleam,TrickRoom,HelpingHand|||F|||50|,,,,,Fairy]Sneasler||PsychicSeed|Unburden|DireClaw,CloseCombat,RockSlide,SwordsDance|||M|||50|,,,,,Rock]Landorus-Therian||ChoiceScarf|Intimidate|Earthquake,Uturn,RockSlide,StompingTantrum|||M|||50|,,,,,Water]Torkoal||ChoiceSpecs|Drought|Eruption,HeatWave,Flamethrower,EarthPower|||F|||50|,,,,,Fire]Gallade||FocusSash|Sharpness|SacredSword,PsychoCut,ShadowSneak,TrickRoom|||M|||50|,,,,,Ghost\n|inactive|Battle timer is ON: inactive players will automatically lose when time's up. (requested by eebgm)\n|j| PLSWIGIS\n|j| helio list\n|j| Grewt\n|j|%Radio Free C-Side\n|j| KnighLt\n|\n|t:|1700199525\n|start\n|switch|p1a: Flutter Mane|Flutter Mane, L50, shiny|100\/100\n|switch|p1b: Chi-Yu|Chi-Yu, L50|100\/100\n|switch|p2a: Armarouge|Armarouge, L50, M|100\/100\n|switch|p2b: Landorus|Landorus-Therian, L50, M|100\/100\n|-ability|p2b: Landorus|Intimidate|boost\n|-unboost|p1a: Flutter Mane|atk|1\n|-unboost|p1b: Chi-Yu|atk|1\n|-ability|p1b: Chi-Yu|Beads of Ruin\n|-enditem|p1a: Flutter Mane|Booster Energy\n|-activate|p1a: Flutter Mane|ability: Protosynthesis|[fromitem]\n|-start|p1a: Flutter Mane|protosynthesisspe\n|turn|1\n|l| helio list\n|\n|t:|1700199538\n|move|p2a: Armarouge|Wide Guard|p2a: Armarouge\n|-singleturn|p2a: Armarouge|Wide Guard\n|move|p1a: Flutter Mane|Icy Wind|p2a: Armarouge|[spread] \n|-activate|p2a: Armarouge|move: Wide Guard\n|-activate|p2b: Landorus|move: Wide Guard\n|move|p2b: Landorus|Earthquake|p1b: Chi-Yu|[spread] p1a,p1b\n|-activate|p2a: Armarouge|move: Wide Guard\n|-supereffective|p1b: Chi-Yu\n|-damage|p1a: Flutter Mane|24\/100\n|-damage|p1b: Chi-Yu|0 fnt\n|faint|p1b: Chi-Yu\n|\n|upkeep\n|\n|t:|1700199542\n|switch|p1b: Cresselia|Cresselia, L50, F|100\/100\n|turn|2\n|inactive|eebgm has 30 seconds left.\n|inactive|eebgm has 20 seconds left.\n|inactive|eebgm has 15 seconds left.\n|inactive|eebgm has 10 seconds left.\n|inactive|eebgm has 5 seconds left.\n|\n|t:|1700199592\n|-end|p1a: Flutter Mane|Protosynthesis|[silent]\n|switch|p1a: Ursaluna|Ursaluna, L50, M|100\/100\n|switch|p2b: Indeedee|Indeedee-F, L50, F|100\/100\n|-fieldstart|move: Psychic Terrain|[from] ability: Psychic Surge|[of] p2b: Indeedee\n|move|p2a: Armarouge|Heat Wave|p1a: Ursaluna|[spread] p1a\n|-miss|p2a: Armarouge|p1b: Cresselia\n|-damage|p1a: Ursaluna|65\/100\n|move|p1b: Cresselia|Trick Room|p1b: Cresselia\n|-fieldstart|move: Trick Room|[of] p1b: Cresselia\n|\n|-status|p1a: Ursaluna|brn|[from] item: Flame Orb\n|upkeep\n|turn|3\n|inactive|kidturtle has 30 seconds left.\n|\n|t:|1700199619\n|move|p2a: Armarouge|Endure|p2a: Armarouge\n|-singleturn|p2a: Armarouge|move: Endure\n|move|p1a: Ursaluna|Facade|p2a: Armarouge\n|-activate|p2a: Armarouge|move: Endure\n|-damage|p2a: Armarouge|1\/100\n|-ability|p2a: Armarouge|Weak Armor|boost\n|-unboost|p2a: Armarouge|def|1\n|-boost|p2a: Armarouge|spe|2\n|move|p1b: Cresselia|Lunar Blessing|p1b: Cresselia|[spread] p1a,p1b\n|-heal|p1a: Ursaluna|90\/100 brn\n|-curestatus|p1a: Ursaluna|brn|[msg]\n|move|p2b: Indeedee|Trick Room|p2b: Indeedee\n|-fieldend|move: Trick Room\n|\n|-status|p1a: Ursaluna|brn|[from] item: Flame Orb\n|upkeep\n|turn|4\n|inactive|eebgm has 30 seconds left.\n|\n|t:|1700199645\n|move|p1a: Ursaluna|Protect|p1a: Ursaluna\n|-singleturn|p1a: Ursaluna|Protect\n|move|p2a: Armarouge|Expanding Force|p1a: Ursaluna|[spread] p1b\n|-activate|p1a: Ursaluna|move: Protect\n|-resisted|p1b: Cresselia\n|-damage|p1b: Cresselia|79\/100\n|move|p1b: Cresselia|Ice Beam|p2a: Armarouge\n|-resisted|p2a: Armarouge\n|-damage|p2a: Armarouge|0 fnt\n|faint|p2a: Armarouge\n|move|p2b: Indeedee|Trick Room|p2b: Indeedee\n|-fieldstart|move: Trick Room|[of] p2b: Indeedee\n|\n|-damage|p1a: Ursaluna|84\/100 brn|[from] brn\n|upkeep\n|\n|t:|1700199649\n|switch|p2a: Landorus|Landorus-Therian, L50, M|100\/100\n|-ability|p2a: Landorus|Intimidate|boost\n|-unboost|p1a: Ursaluna|atk|1\n|-unboost|p1b: Cresselia|atk|1\n|turn|5\n|j| ootama\n|inactive|kidturtle has 30 seconds left.\n|\n|t:|1700199676\n|switch|p2a: Sneasler|Sneasler, L50, M|100\/100\n|-enditem|p2a: Sneasler|Psychic Seed\n|-boost|p2a: Sneasler|spd|1|[from] item: Psychic Seed\n|move|p1a: Ursaluna|Facade|p2a: Sneasler\n|-damage|p2a: Sneasler|0 fnt\n|faint|p2a: Sneasler\n|move|p1b: Cresselia|Ice Beam|p2b: Indeedee\n|-damage|p2b: Indeedee|85\/100\n|move|p2b: Indeedee|Trick Room|p2b: Indeedee\n|-fieldend|move: Trick Room\n|\n|-damage|p1a: Ursaluna|78\/100 brn|[from] brn\n|upkeep\n|\n|t:|1700199683\n|switch|p2a: Landorus|Landorus-Therian, L50, M|100\/100\n|-ability|p2a: Landorus|Intimidate|boost\n|-unboost|p1a: Ursaluna|atk|1\n|-unboost|p1b: Cresselia|atk|1\n|turn|6\n|\n|t:|1700199697\n|switch|p1a: Flutter Mane|Flutter Mane, L50, shiny|24\/100\n|-terastallize|p1b: Cresselia|Fairy\n|move|p2b: Indeedee|Follow Me|p2b: Indeedee\n|-singleturn|p2b: Indeedee|move: Follow Me\n|move|p2a: Landorus|Rock Slide|p1b: Cresselia|[spread] p1a,p1b\n|-damage|p1a: Flutter Mane|0 fnt\n|-damage|p1b: Cresselia|69\/100\n|faint|p1a: Flutter Mane\n|-end|p1a: Flutter Mane|Protosynthesis|[silent]\n|move|p1b: Cresselia|Ice Beam|p2b: Indeedee\n|-damage|p2b: Indeedee|69\/100\n|\n|-fieldend|move: Psychic Terrain\n|upkeep\n|\n|t:|1700199701\n|switch|p1a: Ursaluna|Ursaluna, L50, M|78\/100 brn\n|turn|7\n|\n|t:|1700199714\n|move|p2a: Landorus|Rock Slide|p1b: Cresselia|[spread] p1a,p1b\n|-resisted|p1a: Ursaluna\n|-damage|p1a: Ursaluna|71\/100 brn\n|-damage|p1b: Cresselia|59\/100\n|move|p1a: Ursaluna|Facade|p2a: Landorus\n|-damage|p2a: Landorus|0 fnt\n|faint|p2a: Landorus\n|move|p2b: Indeedee|Trick Room|p2b: Indeedee\n|-fieldstart|move: Trick Room|[of] p2b: Indeedee\n|cant|p1b: Cresselia|flinch\n|\n|-damage|p1a: Ursaluna|65\/100 brn|[from] brn\n|upkeep\n|turn|8\n|-message|eebgm forfeited.\n|\n|win|kidturtle\n|n|\u2606kidturtle|kidturtle\n|n|\u2606eebgm|eebgm\n|n| PLSWIGIS|plswigis\n|n| Grewt|grewt\n|n| Radio Free C-Side|radiofreecside\n|n| KnighLt|knighlt\n|n| ootama|ootama\n|l|\u2606eebgm\n","uploadtime":1700199722,"views":13,"p1id":"kidturtle","p2id":"eebgm","formatid":"gen9vgc2023regulatione","rating":0,"private":0,"password":""}