{"id":"gen9vgc2023regulatione-1993209472","p1":"DeltaWithPride","p2":"mabend","format":"[Gen 9] VGC 2023 Regulation E","log":"|j|\u2606DeltaWithPride\n|j|\u2606mabend\n|n|\u2606DeltaWithPride|deltawithpride\n|n|\u2606mabend|mabend\n|html|View the match progress at <a href=\"\/game-bestof3-gen9vgc2023regulatione-1993206568\">game-bestof3-gen9vgc2023regulatione-1993206568<\/a>\n|t:|1700278373\n|gametype|doubles\n|player|p1|DeltaWithPride|bruno|\n|player|p2|mabend|roxie|\n|teamsize|p1|6\n|teamsize|p2|6\n|gen|9\n|tier|[Gen 9] VGC 2023 Regulation E\n|rule|Species Clause: Limit one of each Pok\u00e9mon\n|rule|Item Clause: Limit one of each item\n|clearpoke\n|poke|p1|Gastrodon, L50, F|\n|poke|p1|Gardevoir, L50, M|\n|poke|p1|Barraskewda, L50, M|\n|poke|p1|Infernape, L50, F|\n|poke|p1|Kommo-o, L50, F|\n|poke|p1|Coalossal, L50, F|\n|poke|p2|Volcarona, L50, M|\n|poke|p2|Oricorio-Pom-Pom, L50, M|\n|poke|p2|Scream Tail, L50|\n|poke|p2|Urshifu-*, L50, M|\n|poke|p2|Wo-Chien, L50|\n|poke|p2|Pawmot, L50, M|\n|teampreview|4\n|\n|t:|1700278387\n|start\n|switch|p1a: Cruise Missle|Barraskewda, L50, M|100\/100\n|switch|p1b: Train Engine|Coalossal, L50, F|100\/100\n|switch|p2a: Volcarona|Volcarona, L50, M|100\/100\n|switch|p2b: Oricorio|Oricorio-Pom-Pom, L50, M|100\/100\n|turn|1\n|\n|t:|1700278408\n|move|p2a: Volcarona|Protect|p2a: Volcarona\n|-singleturn|p2a: Volcarona|Protect\n|move|p1a: Cruise Missle|Aqua Jet|p2a: Volcarona\n|-activate|p2a: Volcarona|move: Protect\n|move|p2b: Oricorio|Quiver Dance|p2b: Oricorio\n|-boost|p2b: Oricorio|spa|1\n|-boost|p2b: Oricorio|spd|1\n|-boost|p2b: Oricorio|spe|1\n|move|p1b: Train Engine|Flamethrower|p2b: Oricorio\n|-damage|p2b: Oricorio|75\/100\n|\n|upkeep\n|turn|2\n|\n|t:|1700278436\n|move|p1a: Cruise Missle|Aqua Jet|p2a: Volcarona\n|-supereffective|p2a: Volcarona\n|-crit|p2a: Volcarona\n|-damage|p2a: Volcarona|0 fnt\n|faint|p2a: Volcarona\n|move|p2b: Oricorio|Revelation Dance|p1a: Cruise Missle\n|-supereffective|p1a: Cruise Missle\n|-damage|p1a: Cruise Missle|0 fnt\n|faint|p1a: Cruise Missle\n|move|p1b: Train Engine|Flamethrower|p2b: Oricorio\n|-damage|p2b: Oricorio|53\/100\n|\n|upkeep\n|\n|t:|1700278461\n|switch|p1a: Hulk Hogan|Kommo-o, L50, F, shiny|100\/100\n|switch|p2a: Scream Tail|Scream Tail, L50|100\/100\n|-enditem|p2a: Scream Tail|Booster Energy\n|-activate|p2a: Scream Tail|ability: Protosynthesis|[fromitem]\n|-start|p2a: Scream Tail|protosynthesisspe\n|turn|3\n|\n|t:|1700278477\n|move|p2b: Oricorio|Roost|p2b: Oricorio\n|-heal|p2b: Oricorio|100\/100\n|-singleturn|p2b: Oricorio|move: Roost\n|move|p2a: Scream Tail|Light Screen|p2a: Scream Tail\n|-sidestart|p2: mabend|move: Light Screen\n|move|p1a: Hulk Hogan|Clangorous Soul|p1a: Hulk Hogan\n|-boost|p1a: Hulk Hogan|atk|1\n|-boost|p1a: Hulk Hogan|def|1\n|-boost|p1a: Hulk Hogan|spa|1\n|-boost|p1a: Hulk Hogan|spd|1\n|-boost|p1a: Hulk Hogan|spe|1\n|-damage|p1a: Hulk Hogan|68\/100\n|-enditem|p1a: Hulk Hogan|Throat Spray\n|-boost|p1a: Hulk Hogan|spa|1|[from] item: Throat Spray\n|-activate|p2b: Oricorio|ability: Dancer\n|move|p2b: Oricorio|Clangorous Soul|p2b: Oricorio|[from]ability: Dancer\n|-boost|p2b: Oricorio|atk|1\n|-boost|p2b: Oricorio|def|1\n|-boost|p2b: Oricorio|spa|1\n|-boost|p2b: Oricorio|spd|1\n|-boost|p2b: Oricorio|spe|1\n|-damage|p2b: Oricorio|68\/100\n|move|p1b: Train Engine|Power Gem|p2b: Oricorio\n|-damage|p2b: Oricorio|58\/100\n|\n|upkeep\n|turn|4\n|\n|t:|1700278534\n|move|p2b: Oricorio|Roost|p2b: Oricorio\n|-heal|p2b: Oricorio|100\/100\n|-singleturn|p2b: Oricorio|move: Roost\n|move|p1a: Hulk Hogan|Clanging Scales|p2a: Scream Tail|[spread] p2b\n|-immune|p2a: Scream Tail\n|-damage|p2b: Oricorio|71\/100\n|-unboost|p1a: Hulk Hogan|def|1\n|move|p2a: Scream Tail|Play Rough|p1a: Hulk Hogan\n|-supereffective|p1a: Hulk Hogan\n|-damage|p1a: Hulk Hogan|0 fnt\n|faint|p1a: Hulk Hogan\n|move|p1b: Train Engine|Power Gem|p2b: Oricorio\n|-damage|p2b: Oricorio|60\/100\n|\n|upkeep\n|\n|t:|1700278552\n|switch|p1a: Boa Hancock|Gardevoir, L50, M|100\/100\n|-ability|p1a: Boa Hancock|Dancer|[from] ability: Trace|[of] p2b: Oricorio\n|turn|5\n|\n|t:|1700278575\n|move|p2b: Oricorio|Quiver Dance|p2b: Oricorio\n|-boost|p2b: Oricorio|spa|1\n|-boost|p2b: Oricorio|spd|1\n|-boost|p2b: Oricorio|spe|1\n|-activate|p1a: Boa Hancock|ability: Dancer\n|move|p1a: Boa Hancock|Quiver Dance|p1a: Boa Hancock|[from]ability: Dancer\n|-boost|p1a: Boa Hancock|spa|1\n|-boost|p1a: Boa Hancock|spd|1\n|-boost|p1a: Boa Hancock|spe|1\n|move|p1a: Boa Hancock|Psychic||[still]\n|-fail|p1a: Boa Hancock\n|move|p2a: Scream Tail|Play Rough|p1b: Train Engine\n|-resisted|p1b: Train Engine\n|-damage|p1b: Train Engine|94\/100\n|move|p1b: Train Engine|Rapid Spin|p2a: Scream Tail\n|-damage|p2a: Scream Tail|94\/100\n|-boost|p1b: Train Engine|spe|1\n|\n|upkeep\n|turn|6\n|\n|t:|1700278692\n|move|p2b: Oricorio|Revelation Dance|p1a: Boa Hancock\n|-damage|p1a: Boa Hancock|45\/100\n|-activate|p1a: Boa Hancock|ability: Dancer\n|move|p1a: Boa Hancock|Revelation Dance|p2b: Oricorio|[from]ability: Dancer\n|-damage|p2b: Oricorio|38\/100\n|move|p1a: Boa Hancock|Psychic||[still]\n|-fail|p1a: Boa Hancock\n|move|p2a: Scream Tail|Encore|p1b: Train Engine\n|-start|p1b: Train Engine|Encore\n|move|p1b: Train Engine|Rapid Spin|p2a: Scream Tail\n|-damage|p2a: Scream Tail|87\/100\n|-boost|p1b: Train Engine|spe|1\n|\n|upkeep\n|turn|7\n|l|\u2606mabend\n|player|p2|\n|j|\u2606mabend\n|player|p2|mabend|roxie\n|\n|t:|1700278802\n|move|p2a: Scream Tail|Protect|p2a: Scream Tail\n|-singleturn|p2a: Scream Tail|Protect\n|move|p2b: Oricorio|Revelation Dance|p1a: Boa Hancock\n|-damage|p1a: Boa Hancock|0 fnt\n|faint|p1a: Boa Hancock\n|move|p1b: Train Engine|Rapid Spin|p2b: Oricorio\n|-damage|p2b: Oricorio|30\/100\n|-boost|p1b: Train Engine|spe|1\n|\n|-sideend|p2: mabend|move: Light Screen\n|upkeep\n|turn|8\n|l|\u2606mabend\n|player|p2|\n|j|\u2606mabend\n|player|p2|mabend|roxie\n|\n|t:|1700278841\n|move|p2b: Oricorio|Roost|p2b: Oricorio\n|-heal|p2b: Oricorio|80\/100\n|-singleturn|p2b: Oricorio|move: Roost\n|move|p2a: Scream Tail|Light Screen|p2a: Scream Tail\n|-sidestart|p2: mabend|move: Light Screen\n|move|p1b: Train Engine|Rapid Spin|p2b: Oricorio\n|-damage|p2b: Oricorio|72\/100\n|-boost|p1b: Train Engine|spe|1\n|\n|-end|p1b: Train Engine|Encore\n|upkeep\n|turn|9\n|\n|t:|1700278906\n|move|p2b: Oricorio|Quiver Dance|p2b: Oricorio\n|-boost|p2b: Oricorio|spa|1\n|-boost|p2b: Oricorio|spd|1\n|-boost|p2b: Oricorio|spe|1\n|move|p2a: Scream Tail|Encore|p1b: Train Engine\n|-start|p1b: Train Engine|Encore\n|move|p1b: Train Engine|Rapid Spin|p2b: Oricorio\n|-damage|p2b: Oricorio|64\/100\n|-boost|p1b: Train Engine|spe|1\n|\n|upkeep\n|turn|10\n|l|\u2606mabend\n|player|p2|\n|j|\u2606mabend\n|player|p2|mabend|roxie\n|\n|t:|1700278993\n|move|p2b: Oricorio|Revelation Dance|p1b: Train Engine\n|-damage|p1b: Train Engine|17\/100\n|move|p2a: Scream Tail|Play Rough|p1b: Train Engine\n|-resisted|p1b: Train Engine\n|-damage|p1b: Train Engine|11\/100\n|move|p1b: Train Engine|Rapid Spin|p2a: Scream Tail\n|-damage|p2a: Scream Tail|82\/100\n|-boost|p1b: Train Engine|spe|1\n|\n|upkeep\n|turn|11\n|\n|t:|1700279009\n|move|p2b: Oricorio|Revelation Dance|p1b: Train Engine\n|-damage|p1b: Train Engine|0 fnt\n|faint|p1b: Train Engine\n|\n|win|mabend\n","uploadtime":1700279017,"views":19,"p1id":"deltawithpride","p2id":"mabend","formatid":"gen9vgc2023regulatione","rating":0,"private":0,"password":""}