{"id":"gen9vgc2023regulatione-1988914252","p1":"Poke_Kekoa","p2":"Nephimon","format":"[Gen 9] VGC 2023 Regulation E","log":"|j|\u2606Poke_Kekoa\n|j|\u2606Nephimon\n|t:|1699786789\n|gametype|doubles\n|player|p1|Poke_Kekoa|blackbelt|1262\n|player|p2|Nephimon|hilda|1324\n|teamsize|p1|6\n|teamsize|p2|6\n|gen|9\n|tier|[Gen 9] VGC 2023 Regulation E\n|rated|\n|rule|Species Clause: Limit one of each Pok\u00e9mon\n|rule|Item Clause: Limit one of each item\n|clearpoke\n|poke|p1|Kommo-o, L50, M|\n|poke|p1|Arboliva, L50, F|\n|poke|p1|Iron Hands, L50|\n|poke|p1|Riolu, L50, M|\n|poke|p1|Kleavor, L50, F|\n|poke|p1|Ceruledge, L50, M|\n|poke|p2|Ogerpon-Wellspring, L50, F|\n|poke|p2|Iron Hands, L50|\n|poke|p2|Heatran, L50, F|\n|poke|p2|Sinistcha, L50|\n|poke|p2|Moltres-Galar, L50|\n|poke|p2|Landorus-Therian, L50, M|\n|teampreview|4\n|\n|t:|1699786852\n|start\n|switch|p1a: Kleavor|Kleavor, L50, F|100\/100\n|switch|p1b: Superman|Iron Hands, L50|100\/100\n|switch|p2a: Iron Hands|Iron Hands, L50|100\/100\n|switch|p2b: Moltres|Moltres-Galar, L50|100\/100\n|turn|1\n|inactive|Battle timer is ON: inactive players will automatically lose when time's up. (requested by Poke_Kekoa)\n|inactive|Nephimon has 60 seconds left.\n|\n|t:|1699786885\n|move|p2a: Iron Hands|Fake Out|p1a: Kleavor\n|-resisted|p1a: Kleavor\n|-damage|p1a: Kleavor|91\/100\n|move|p1b: Superman|Fake Out|p2a: Iron Hands\n|-damage|p2a: Iron Hands|92\/100\n|cant|p1a: Kleavor|flinch\n|move|p2b: Moltres|Nasty Plot|p2b: Moltres\n|-boost|p2b: Moltres|spa|2\n|\n|upkeep\n|turn|2\n|inactive|Nephimon has 30 seconds left.\n|\n|t:|1699786912\n|move|p2b: Moltres|Protect|p2b: Moltres\n|-singleturn|p2b: Moltres|Protect\n|move|p1a: Kleavor|Stone Axe|p2b: Moltres\n|-activate|p2b: Moltres|move: Protect\n|move|p2a: Iron Hands|Drain Punch|p1a: Kleavor\n|-damage|p1a: Kleavor|45\/100\n|-heal|p2a: Iron Hands|100\/100|[from] drain|[of] p1a: Kleavor\n|move|p1b: Superman|Drain Punch|p2b: Moltres\n|-activate|p2b: Moltres|move: Protect\n|\n|upkeep\n|turn|3\n|inactive|Nephimon has 30 seconds left.\n|\n|t:|1699786937\n|move|p1a: Kleavor|Stone Axe|p2b: Moltres|[miss]\n|-miss|p1a: Kleavor|p2b: Moltres\n|move|p2b: Moltres|Fiery Wrath|p1a: Kleavor|[spread] p1a,p1b\n|-resisted|p1b: Superman\n|-damage|p1a: Kleavor|0 fnt\n|-damage|p1b: Superman|87\/100\n|faint|p1a: Kleavor\n|move|p2a: Iron Hands|Drain Punch|p1b: Superman\n|-damage|p1b: Superman|59\/100\n|move|p1b: Superman|Drain Punch|p2a: Iron Hands\n|-damage|p2a: Iron Hands|74\/100\n|-heal|p1b: Superman|72\/100|[from] drain|[of] p2a: Iron Hands\n|\n|upkeep\n|\n|t:|1699786956\n|switch|p1a: Azure|Ceruledge, L50, M|100\/100\n|turn|4\n|\n|t:|1699786979\n|-terastallize|p2b: Moltres|Poison\n|move|p1a: Azure|Endure|p1a: Azure\n|-singleturn|p1a: Azure|move: Endure\n|move|p2b: Moltres|Fiery Wrath|p1b: Superman|[spread] p1a,p1b\n|-supereffective|p1a: Azure\n|-resisted|p1b: Superman\n|-activate|p1a: Azure|move: Endure\n|-damage|p1a: Azure|1\/100\n|-damage|p1b: Superman|61\/100\n|-enditem|p1a: Azure|Weakness Policy\n|-boost|p1a: Azure|atk|2|[from] item: Weakness Policy\n|-boost|p1a: Azure|spa|2|[from] item: Weakness Policy\n|move|p2a: Iron Hands|Drain Punch|p1b: Superman\n|-damage|p1b: Superman|30\/100\n|-heal|p2a: Iron Hands|90\/100|[from] drain|[of] p1b: Superman\n|move|p1b: Superman|Wild Charge|p2b: Moltres\n|-damage|p2b: Moltres|61\/100\n|-damage|p1b: Superman|22\/100|[from] Recoil\n|\n|upkeep\n|turn|5\n|inactive|Poke_Kekoa has 30 seconds left.\n|inactive|Nephimon has 30 seconds left.\n|\n|t:|1699787005\n|move|p2b: Moltres|Protect|p2b: Moltres\n|-singleturn|p2b: Moltres|Protect\n|move|p1a: Azure|Bitter Blade|p2b: Moltres\n|-activate|p2b: Moltres|move: Protect\n|move|p2a: Iron Hands|Wild Charge|p1a: Azure\n|-crit|p1a: Azure\n|-damage|p1a: Azure|0 fnt\n|faint|p1a: Azure\n|-damage|p2a: Iron Hands|89\/100|[from] Recoil\n|move|p1b: Superman|Drain Punch|p2a: Iron Hands\n|-damage|p2a: Iron Hands|63\/100\n|-heal|p1b: Superman|36\/100|[from] drain|[of] p2a: Iron Hands\n|\n|upkeep\n|\n|t:|1699787018\n|switch|p1a: Koao|Kommo-o, L50, M, shiny|100\/100\n|turn|6\n|\n|t:|1699787038\n|-end|p2a: Iron Hands|Quark Drive|[silent]\n|switch|p2a: Sinistcha|Sinistcha, L50|100\/100\n|-heal|p2b: Moltres|86\/100|[from] ability: Hospitality|[of] p2a: Sinistcha\n|move|p2b: Moltres|Fiery Wrath|p1b: Superman|[spread] p1a,p1b\n|-resisted|p1a: Koao\n|-resisted|p1b: Superman\n|-damage|p1a: Koao|76\/100\n|-damage|p1b: Superman|23\/100\n|move|p1a: Koao|Clangorous Soul|p1a: Koao\n|-boost|p1a: Koao|atk|1\n|-boost|p1a: Koao|def|1\n|-boost|p1a: Koao|spa|1\n|-boost|p1a: Koao|spd|1\n|-boost|p1a: Koao|spe|1\n|-damage|p1a: Koao|43\/100\n|-enditem|p1a: Koao|Sitrus Berry|[eat]\n|-heal|p1a: Koao|68\/100|[from] item: Sitrus Berry\n|move|p1b: Superman|Drain Punch|p2a: Sinistcha\n|-immune|p2a: Sinistcha\n|\n|upkeep\n|turn|7\n|inactive|Poke_Kekoa has 30 seconds left.\n|inactive|Nephimon has 30 seconds left.\n|inactive|Poke_Kekoa has 20 seconds left.\n|\n|t:|1699787077\n|move|p2a: Sinistcha|Rage Powder|p2a: Sinistcha\n|-singleturn|p2a: Sinistcha|move: Rage Powder\n|move|p1a: Koao|Clanging Scales|p2b: Moltres|[spread] p2a,p2b\n|-damage|p2a: Sinistcha|50\/100\n|-damage|p2b: Moltres|40\/100\n|-ability|p2b: Moltres|Berserk|boost\n|-boost|p2b: Moltres|spa|1\n|-unboost|p1a: Koao|def|1\n|-enditem|p2b: Moltres|Sitrus Berry|[eat]\n|-heal|p2b: Moltres|65\/100|[from] item: Sitrus Berry\n|move|p2b: Moltres|Air Slash|p1a: Koao\n|-supereffective|p1a: Koao\n|-damage|p1a: Koao|0 fnt\n|faint|p1a: Koao\n|move|p1b: Superman|Heavy Slam|p2a: Sinistcha\n|-damage|p2a: Sinistcha|16\/100\n|-damage|p1b: Superman|6\/100|[from] item: Rocky Helmet|[of] p2a: Sinistcha\n|\n|upkeep\n|turn|8\n|inactive|Nephimon has 30 seconds left.\n|\n|t:|1699787105\n|-terastallize|p1b: Superman|Grass\n|move|p2b: Moltres|Fiery Wrath|p1b: Superman\n|-damage|p1b: Superman|0 fnt\n|faint|p1b: Superman\n|-end|p1b: Superman|Quark Drive|[silent]\n|\n|win|Nephimon\n|raw|Poke_Kekoa's rating: 1262 &rarr; <strong>1241<\/strong><br \/>(-21 for losing)\n|raw|Nephimon's rating: 1324 &rarr; <strong>1340<\/strong><br \/>(+16 for winning)\n|l|\u2606Poke_Kekoa\n","uploadtime":1699787121,"views":27,"p1id":"pokekekoa","p2id":"nephimon","formatid":"gen9vgc2023regulatione","rating":1241,"private":0,"password":""}