{"id":"gen9vgc2023regulatione-1995717325","p1":"Ozwald McFly","p2":"Urshifu Hater","format":"[Gen 9] VGC 2023 Regulation E","log":"|j|\u2606Ozwald McFly\n|j|\u2606Urshifu Hater\n|t:|1700596631\n|gametype|doubles\n|player|p1|Ozwald McFly|169|1501\n|player|p2|Urshifu Hater|psychic-gen4|1443\n|teamsize|p1|6\n|teamsize|p2|6\n|gen|9\n|tier|[Gen 9] VGC 2023 Regulation E\n|rated|\n|rule|Species Clause: Limit one of each Pok\u00e9mon\n|rule|Item Clause: Limit one of each item\n|clearpoke\n|poke|p1|Noctowl, L50, F|\n|poke|p1|Sandy Shocks, L50|\n|poke|p1|Espeon, L50, F|\n|poke|p1|Indeedee-F, L50, F|\n|poke|p1|Iron Hands, L50|\n|poke|p1|Decidueye-Hisui, L50, M|\n|poke|p2|Flutter Mane, L50|\n|poke|p2|Tyranitar, L50, M|\n|poke|p2|Arcanine-Hisui, L50, F|\n|poke|p2|Kommo-o, L50, M|\n|poke|p2|Iron Bundle, L50|\n|poke|p2|Rillaboom, L50, F|\n|teampreview|4\n|inactive|Battle timer is ON: inactive players will automatically lose when time's up. (requested by Urshifu Hater)\n|inactive|Ozwald McFly has 60 seconds left.\n|\n|t:|1700596662\n|start\n|switch|p1a: Decidueye|Decidueye-Hisui, L50, M, shiny|100\/100\n|switch|p1b: Indeedee|Indeedee-F, L50, F|100\/100\n|switch|p2a: Tyranitar|Tyranitar, L50, M|100\/100\n|switch|p2b: Arcanine|Arcanine-Hisui, L50, F|100\/100\n|-ability|p2b: Arcanine|Intimidate|boost\n|-fail|p1a: Decidueye|unboost|Attack|[from] ability: Scrappy|[of] p1a: Decidueye\n|-unboost|p1b: Indeedee|atk|1\n|-fieldstart|move: Psychic Terrain|[from] ability: Psychic Surge|[of] p1b: Indeedee\n|-weather|Sandstorm|[from] ability: Sand Stream|[of] p2a: Tyranitar\n|turn|1\n|\n|t:|1700596681\n|-terastallize|p1b: Indeedee|Fairy\n|-terastallize|p2a: Tyranitar|Flying\n|move|p1a: Decidueye|Protect|p1a: Decidueye\n|-singleturn|p1a: Decidueye|Protect\n|move|p2b: Arcanine|Rock Slide|p1b: Indeedee|[spread] p1b\n|-activate|p1a: Decidueye|move: Protect\n|-damage|p1b: Indeedee|69\/100\n|move|p2a: Tyranitar|Tera Blast|p1a: Decidueye|[anim] Tera Blast Flying\n|-activate|p1a: Decidueye|move: Protect\n|move|p1b: Indeedee|Trick Room|p1b: Indeedee\n|-fieldstart|move: Trick Room|[of] p1b: Indeedee\n|\n|-weather|Sandstorm|[upkeep]\n|-damage|p1a: Decidueye|94\/100|[from] Sandstorm\n|-damage|p2a: Tyranitar|95\/100|[from] Sandstorm\n|-damage|p1b: Indeedee|63\/100|[from] Sandstorm\n|upkeep\n|turn|2\n|inactive|Ozwald McFly has 30 seconds left.\n|\n|t:|1700596714\n|switch|p1a: Iron Hands|Iron Hands, L50|100\/100\n|switch|p2b: Rillaboom|Rillaboom, L50, F|100\/100\n|-fieldstart|move: Grassy Terrain|[from] ability: Grassy Surge|[of] p2b: Rillaboom\n|-enditem|p2b: Rillaboom|Grassy Seed\n|-boost|p2b: Rillaboom|def|1|[from] item: Grassy Seed\n|move|p2a: Tyranitar|Tera Blast|p1a: Iron Hands|[anim] Tera Blast Flying\n|-damage|p1a: Iron Hands|72\/100\n|move|p1b: Indeedee|Psyshock|p2b: Rillaboom\n|-damage|p2b: Rillaboom|83\/100\n|\n|-weather|Sandstorm|[upkeep]\n|-damage|p1a: Iron Hands|66\/100|[from] Sandstorm\n|-damage|p2a: Tyranitar|89\/100|[from] Sandstorm\n|-damage|p1b: Indeedee|57\/100|[from] Sandstorm\n|-damage|p2b: Rillaboom|77\/100|[from] Sandstorm\n|-heal|p1a: Iron Hands|72\/100|[from] Grassy Terrain\n|-heal|p1b: Indeedee|63\/100|[from] Grassy Terrain\n|-heal|p2b: Rillaboom|83\/100|[from] Grassy Terrain\n|upkeep\n|turn|3\n|inactive|Ozwald McFly has 30 seconds left.\n|\n|t:|1700596741\n|move|p2b: Rillaboom|Fake Out|p1a: Iron Hands\n|-damage|p1a: Iron Hands|61\/100\n|move|p1b: Indeedee|Follow Me|p1b: Indeedee\n|-singleturn|p1b: Indeedee|move: Follow Me\n|cant|p1a: Iron Hands|flinch\n|move|p2a: Tyranitar|Low Kick|p1b: Indeedee\n|-resisted|p1b: Indeedee\n|-damage|p1b: Indeedee|52\/100\n|\n|-weather|Sandstorm|[upkeep]\n|-damage|p1a: Iron Hands|55\/100|[from] Sandstorm\n|-damage|p2a: Tyranitar|83\/100|[from] Sandstorm\n|-damage|p1b: Indeedee|46\/100|[from] Sandstorm\n|-damage|p2b: Rillaboom|77\/100|[from] Sandstorm\n|-enditem|p1b: Indeedee|Sitrus Berry|[eat]\n|-heal|p1b: Indeedee|71\/100|[from] item: Sitrus Berry\n|-heal|p1a: Iron Hands|61\/100|[from] Grassy Terrain\n|-heal|p1b: Indeedee|77\/100|[from] Grassy Terrain\n|-heal|p2b: Rillaboom|83\/100|[from] Grassy Terrain\n|upkeep\n|turn|4\n|\n|t:|1700596761\n|move|p1b: Indeedee|Follow Me|p1b: Indeedee\n|-singleturn|p1b: Indeedee|move: Follow Me\n|move|p2b: Rillaboom|Grassy Glide|p1b: Indeedee\n|-crit|p1b: Indeedee\n|-damage|p1b: Indeedee|16\/100\n|move|p1a: Iron Hands|Wild Charge|p2a: Tyranitar\n|-supereffective|p2a: Tyranitar\n|-damage|p2a: Tyranitar|4\/100\n|-damage|p1a: Iron Hands|43\/100|[from] Recoil\n|move|p2a: Tyranitar|Low Kick|p1b: Indeedee\n|-resisted|p1b: Indeedee\n|-damage|p1b: Indeedee|4\/100\n|\n|-weather|Sandstorm|[upkeep]\n|-damage|p1a: Iron Hands|37\/100|[from] Sandstorm\n|-damage|p2a: Tyranitar|0 fnt|[from] Sandstorm\n|-damage|p1b: Indeedee|0 fnt|[from] Sandstorm\n|-damage|p2b: Rillaboom|77\/100|[from] Sandstorm\n|faint|p2a: Tyranitar\n|faint|p1b: Indeedee\n|-heal|p1a: Iron Hands|43\/100|[from] Grassy Terrain\n|-heal|p2b: Rillaboom|83\/100|[from] Grassy Terrain\n|upkeep\n|inactive|Ozwald McFly has 30 seconds left.\n|\n|t:|1700596790\n|switch|p2a: Arcanine|Arcanine-Hisui, L50, F|100\/100\n|switch|p1b: Decidueye|Decidueye-Hisui, L50, M, shiny|94\/100\n|-ability|p2a: Arcanine|Intimidate|boost\n|-unboost|p1a: Iron Hands|atk|1\n|-fail|p1b: Decidueye|unboost|Attack|[from] ability: Scrappy|[of] p1b: Decidueye\n|turn|5\n|\n|t:|1700596801\n|move|p2a: Arcanine|Extreme Speed|p1a: Iron Hands\n|-crit|p1a: Iron Hands\n|-damage|p1a: Iron Hands|11\/100\n|move|p2b: Rillaboom|Grassy Glide|p1a: Iron Hands\n|-damage|p1a: Iron Hands|0 fnt\n|faint|p1a: Iron Hands\n|-end|p1a: Iron Hands|Quark Drive|[silent]\n|move|p1b: Decidueye|Triple Arrows|p2a: Arcanine\n|-supereffective|p2a: Arcanine\n|-damage|p2a: Arcanine|0 fnt\n|faint|p2a: Arcanine\n|\n|-weather|none\n|-heal|p1b: Decidueye|100\/100|[from] Grassy Terrain\n|-heal|p2b: Rillaboom|88\/100|[from] Grassy Terrain\n|-fieldend|move: Trick Room\n|upkeep\n|\n|t:|1700596818\n|switch|p2a: Flutter Mane|Flutter Mane, L50|100\/100\n|switch|p1a: Espeon|Espeon, L50, F|100\/100\n|turn|6\n|\n|t:|1700596829\n|move|p1b: Decidueye|Protect|p1b: Decidueye\n|-singleturn|p1b: Decidueye|Protect\n|move|p2b: Rillaboom|Grassy Glide|p1a: Espeon\n|-crit|p1a: Espeon\n|-enditem|p1a: Espeon|Focus Sash\n|-damage|p1a: Espeon|1\/100\n|move|p2a: Flutter Mane|Dazzling Gleam|p1b: Decidueye|[spread] p1a\n|-activate|p1b: Decidueye|move: Protect\n|-damage|p1a: Espeon|0 fnt\n|faint|p1a: Espeon\n|\n|-heal|p2b: Rillaboom|94\/100|[from] Grassy Terrain\n|-fieldend|move: Grassy Terrain\n|upkeep\n|turn|7\n|\n|t:|1700596845\n|move|p2a: Flutter Mane|Dazzling Gleam|p1b: Decidueye\n|-supereffective|p1b: Decidueye\n|-damage|p1b: Decidueye|0 fnt\n|faint|p1b: Decidueye\n|\n|win|Urshifu Hater\n|raw|Ozwald McFly's rating: 1501 &rarr; <strong>1478<\/strong><br \/>(-23 for losing)\n|raw|Urshifu Hater's rating: 1443 &rarr; <strong>1466<\/strong><br \/>(+23 for winning)\n|l|\u2606Urshifu Hater\n","uploadtime":1700596858,"views":0,"p1id":"ozwaldmcfly","p2id":"urshifuhater","formatid":"gen9vgc2023regulatione","rating":1466,"private":0,"password":""}