{"id":"gen9vgc2023regulatione-1991430889","p1":"Dtpros","p2":"filthytrashgoblin","format":"[Gen 9] VGC 2023 Regulation E","log":"|j|\u2606Dtpros\n|j|\u2606filthytrashgoblin\n|t:|1700076502\n|gametype|doubles\n|player|p1|Dtpros|shadowtriad|1089\n|player|p2|filthytrashgoblin|ghetsis|1057\n|teamsize|p1|6\n|teamsize|p2|6\n|gen|9\n|tier|[Gen 9] VGC 2023 Regulation E\n|rated|\n|rule|Species Clause: Limit one of each Pok\u00e9mon\n|rule|Item Clause: Limit one of each item\n|clearpoke\n|poke|p1|Ursaluna-Bloodmoon, L50, M|\n|poke|p1|Cresselia, L50, F|\n|poke|p1|Iron Hands, L50|\n|poke|p1|Flutter Mane, L50|\n|poke|p1|Tatsugiri, L50, M|\n|poke|p1|Dondozo, L50, M|\n|poke|p2|Tornadus, L50, M|\n|poke|p2|Urshifu-*, L50, M|\n|poke|p2|Ogerpon-Hearthflame, L50, F|\n|poke|p2|Flutter Mane, L50|\n|poke|p2|Landorus-Therian, L50, M|\n|poke|p2|Heatran, L50, F|\n|teampreview|4\n|inactive|Battle timer is ON: inactive players will automatically lose when time's up. (requested by filthytrashgoblin)\n|inactive|Dtpros also wants the timer to be on.\nfilthytrashgoblin has agreed to open team sheets.\n|c|\u2606filthytrashgoblin|gl hf\n|c|\u2606filthytrashgoblin|\\:\")\n|\n|t:|1700076531\n|start\n|switch|p1a: Ursaluna|Ursaluna-Bloodmoon, L50, M|100\/100\n|switch|p1b: Cresselia|Cresselia, L50, F, shiny|100\/100\n|switch|p2a: dijon THESE NUTS|Urshifu, L50, M|100\/100\n|switch|p2b: Hi didn't see u|Heatran, L50, F|100\/100\n|turn|1\n|\n|t:|1700076545\n|-terastallize|p1a: Ursaluna|Ghost\n|move|p2a: dijon THESE NUTS|Wicked Blow|p1b: Cresselia\n|-supereffective|p1b: Cresselia\n|-crit|p1b: Cresselia\n|-damage|p1b: Cresselia|20\/100\n|move|p2b: Hi didn't see u|Heat Wave|p1a: Ursaluna|[spread] p1a\n|-miss|p2b: Hi didn't see u|p1b: Cresselia\n|-damage|p1a: Ursaluna|46\/100\n|-damage|p2b: Hi didn't see u|91\/100|[from] item: Life Orb\n|move|p1a: Ursaluna|Calm Mind|p1a: Ursaluna\n|-boost|p1a: Ursaluna|spa|1\n|-boost|p1a: Ursaluna|spd|1\n|move|p1b: Cresselia|Trick Room|p1b: Cresselia\n|-fieldstart|move: Trick Room|[of] p1b: Cresselia\n|\n|-heal|p1a: Ursaluna|51\/100|[from] item: Leftovers\n|upkeep\n|turn|2\n|\n|t:|1700076566\n|move|p2b: Hi didn't see u|Protect|p2b: Hi didn't see u\n|-singleturn|p2b: Hi didn't see u|Protect\n|move|p1b: Cresselia|Ally Switch|p1b: Cresselia\n|swap|p1b: Cresselia|0|[from] move: Ally Switch\n|move|p2a: dijon THESE NUTS|Sucker Punch||[still]\n|-fail|p2a: dijon THESE NUTS\n|move|p1b: Ursaluna|Earth Power|p2b: Hi didn't see u\n|-activate|p2b: Hi didn't see u|move: Protect\n|\n|-heal|p1b: Ursaluna|57\/100|[from] item: Leftovers\n|upkeep\n|turn|3\n|\n|t:|1700076585\n|move|p1b: Ursaluna|Calm Mind|p1b: Ursaluna\n|-boost|p1b: Ursaluna|spa|1\n|-boost|p1b: Ursaluna|spd|1\n|move|p1a: Cresselia|Lunar Blessing|p1a: Cresselia|[spread] p1a,p1b\n|-heal|p1a: Cresselia|45\/100\n|-heal|p1b: Ursaluna|82\/100\n|move|p2b: Hi didn't see u|Earth Power|p1b: Ursaluna\n|-damage|p1b: Ursaluna|59\/100\n|-damage|p2b: Hi didn't see u|81\/100|[from] item: Life Orb\n|move|p2a: dijon THESE NUTS|Wicked Blow|p1b: Ursaluna\n|-supereffective|p1b: Ursaluna\n|-crit|p1b: Ursaluna\n|-damage|p1b: Ursaluna|0 fnt\n|faint|p1b: Ursaluna\n|\n|upkeep\n|\n|t:|1700076606\n|switch|p1b: Dondozo|Dondozo, L50, M, shiny|100\/100\n|turn|4\n|\n|t:|1700076619\n|move|p1b: Dondozo|Protect|p1b: Dondozo\n|-singleturn|p1b: Dondozo|Protect\n|move|p2b: Hi didn't see u|Protect|p2b: Hi didn't see u\n|-singleturn|p2b: Hi didn't see u|Protect\n|move|p1a: Cresselia|Ally Switch|p1a: Cresselia\n|swap|p1a: Cresselia|1|[from] move: Ally Switch\n|move|p2a: dijon THESE NUTS|Sucker Punch||[still]\n|-fail|p2a: dijon THESE NUTS\n|\n|upkeep\n|turn|5\n|\n|t:|1700076642\n|switch|p1b: Tatsugiri|Tatsugiri, L50, M, shiny|100\/100\n|-activate|p1b: Tatsugiri|ability: Commander|[of] p1a: Dondozo\n|-boost|p1a: Dondozo|atk|2\n|-boost|p1a: Dondozo|spa|2\n|-boost|p1a: Dondozo|spe|2\n|-boost|p1a: Dondozo|def|2\n|-boost|p1a: Dondozo|spd|2\n|move|p2a: dijon THESE NUTS|Detect|p2a: dijon THESE NUTS\n|-singleturn|p2a: dijon THESE NUTS|Protect\n|move|p2b: Hi didn't see u|Flash Cannon|p1b: Tatsugiri|[miss]\n|-miss|p2b: Hi didn't see u|p1b: Tatsugiri\n|move|p1a: Dondozo|Wave Crash|p2b: Hi didn't see u\n|-supereffective|p2b: Hi didn't see u\n|-damage|p2b: Hi didn't see u|0 fnt\n|faint|p2b: Hi didn't see u\n|-damage|p1a: Dondozo|77\/100|[from] Recoil\n|\n|-fieldend|move: Trick Room\n|-status|p1b: Tatsugiri|tox|[from] item: Toxic Orb\n|upkeep\n|c|\u2606filthytrashgoblin|oh\n|c|\u2606filthytrashgoblin|oh n o\n|inactive|filthytrashgoblin has 30 seconds left.\n|\n|t:|1700076668\n|switch|p2b: pinky|Flutter Mane, L50|100\/100\n|-enditem|p2b: pinky|Booster Energy\n|-activate|p2b: pinky|ability: Protosynthesis|[fromitem]\n|-start|p2b: pinky|protosynthesisspe\n|turn|6\n|\n|t:|1700076681\n|move|p1a: Dondozo|Protect|p1a: Dondozo\n|-singleturn|p1a: Dondozo|Protect\n|move|p2b: pinky|Moonblast|p1a: Dondozo\n|-activate|p1a: Dondozo|move: Protect\n|move|p2a: dijon THESE NUTS|Wicked Blow|p1a: Dondozo\n|-crit|p1a: Dondozo\n|-damage|p1a: Dondozo|30\/100\n|-damage|p2a: dijon THESE NUTS|84\/100|[from] item: Rocky Helmet|[of] p1a: Dondozo\n|\n|-damage|p1b: Tatsugiri|94\/100 tox|[from] psn\n|upkeep\n|turn|7\n|\n|t:|1700076695\n|move|p2a: dijon THESE NUTS|Sucker Punch|p1a: Dondozo\n|-damage|p1a: Dondozo|15\/100\n|-damage|p2a: dijon THESE NUTS|68\/100|[from] item: Rocky Helmet|[of] p1a: Dondozo\n|move|p2b: pinky|Shadow Ball|p1a: Dondozo\n|-damage|p1a: Dondozo|0 fnt\n|faint|p1a: Dondozo\n|\n|-damage|p1b: Tatsugiri|82\/100 tox|[from] psn\n|upkeep\n|-message|Dtpros forfeited.\n|\n|win|filthytrashgoblin\n|raw|Dtpros's rating: 1089 &rarr; <strong>1064<\/strong><br \/>(-25 for losing)\n|raw|filthytrashgoblin's rating: 1057 &rarr; <strong>1091<\/strong><br \/>(+34 for winning)\n|l|\u2606Dtpros\n|c|\u2606filthytrashgoblin|lol\n","uploadtime":1700076712,"views":16,"p1id":"dtpros","p2id":"filthytrashgoblin","formatid":"gen9vgc2023regulatione","rating":1064,"private":0,"password":""}