{"id":"gen9vgc2023regulatione-1997808913","p1":"nickfanta","p2":"wdytyaia","format":"[Gen 9] VGC 2023 Regulation E","log":"|j|\u2606nickfanta\n|j|\u2606wdytyaia\n|t:|1700854989\n|gametype|doubles\n|player|p1|nickfanta|lucas|1403\n|player|p2|wdytyaia|flannery|1442\n|teamsize|p1|6\n|teamsize|p2|6\n|gen|9\n|tier|[Gen 9] VGC 2023 Regulation E\n|rated|\n|rule|Species Clause: Limit one of each Pok\u00e9mon\n|rule|Item Clause: Limit one of each item\n|clearpoke\n|poke|p1|Iron Hands, L50|\n|poke|p1|Ogerpon-Hearthflame, L50, F|\n|poke|p1|Farigiraf, L50, M|\n|poke|p1|Ursaluna-Bloodmoon, L50, M|\n|poke|p1|Rillaboom, L50, M|\n|poke|p1|Iron Bundle, L50|\n|poke|p2|Chien-Pao, L50|\n|poke|p2|Dragonite, L50, M|\n|poke|p2|Rillaboom, L50, F|\n|poke|p2|Heatran, L50, M|\n|poke|p2|Urshifu-*, L50, M|\n|poke|p2|Farigiraf, L50, M|\n|teampreview|4\nwdytyaia has agreed to open team sheets.\n|inactive|Battle timer is ON: inactive players will automatically lose when time's up. (requested by nickfanta)\n|inactive|wdytyaia has 60 seconds left.\n|\n|t:|1700855041\n|start\n|switch|p1a: Farigiraf|Farigiraf, L50, M|100\/100\n|switch|p1b: Iron Hands|Iron Hands, L50|100\/100\n|switch|p2a: Dragonite|Dragonite, L50, M|100\/100\n|switch|p2b: Rillaboom|Rillaboom, L50, F|100\/100\n|-fieldstart|move: Grassy Terrain|[from] ability: Grassy Surge|[of] p2b: Rillaboom\n|turn|1\n|l|\u2606wdytyaia\n|inactive|wdytyaia disconnected and has a minute to reconnect!\n|player|p2|\n|j|\u2606wdytyaia\n|inactive|wdytyaia reconnected and has 50 seconds left.\n|player|p2|wdytyaia|flannery\n|inactive|wdytyaia has 30 seconds left.\n|\n|t:|1700855074\n|move|p1b: Iron Hands|Fake Out|p2b: Rillaboom\n|-damage|p2b: Rillaboom|86\/100\n|move|p2a: Dragonite|Aerial Ace|p1a: Farigiraf\n|-damage|p1a: Farigiraf|61\/100\n|cant|p2b: Rillaboom|flinch\n|move|p1a: Farigiraf|Trick Room|p1a: Farigiraf\n|-fieldstart|move: Trick Room|[of] p1a: Farigiraf\n|\n|-heal|p1a: Farigiraf|67\/100|[from] Grassy Terrain\n|-heal|p2b: Rillaboom|93\/100|[from] Grassy Terrain\n|upkeep\n|turn|2\n|inactive|nickfanta has 30 seconds left.\n|inactive|nickfanta has 20 seconds left.\n|\n|t:|1700855112\n|move|p1b: Iron Hands|Wild Charge|p2a: Dragonite\n|-damage|p2a: Dragonite|42\/100\n|-damage|p1b: Iron Hands|90\/100|[from] Recoil\n|move|p1a: Farigiraf|Dazzling Gleam|p2b: Rillaboom|[spread] p2a,p2b\n|-supereffective|p2a: Dragonite\n|-damage|p2a: Dragonite|15\/100\n|-damage|p2b: Rillaboom|77\/100\n|move|p2b: Rillaboom|Wood Hammer|p1a: Farigiraf\n|-damage|p1a: Farigiraf|0 fnt\n|faint|p1a: Farigiraf\n|-damage|p2b: Rillaboom|51\/100|[from] Recoil\n|move|p2a: Dragonite|Aerial Ace|p1b: Iron Hands\n|-damage|p1b: Iron Hands|53\/100\n|\n|-heal|p1b: Iron Hands|60\/100|[from] Grassy Terrain\n|-heal|p2b: Rillaboom|57\/100|[from] Grassy Terrain\n|upkeep\n|\n|t:|1700855123\n|switch|p1a: Ursaluna|Ursaluna-Bloodmoon, L50, M|100\/100\n|turn|3\n|inactive|wdytyaia has 30 seconds left.\n|inactive|wdytyaia has 20 seconds left.\n|\n|t:|1700855158\n|switch|p2a: Heatran|Heatran, L50, M|100\/100\n|-terastallize|p1a: Ursaluna|Ghost\n|move|p2b: Rillaboom|Grassy Glide|p1a: Ursaluna\n|-damage|p1a: Ursaluna|69\/100\n|move|p1b: Iron Hands|Drain Punch|p2b: Rillaboom\n|-damage|p2b: Rillaboom|18\/100\n|-heal|p1b: Iron Hands|74\/100|[from] drain|[of] p2b: Rillaboom\n|move|p1a: Ursaluna|Hyper Voice|p2b: Rillaboom|[spread] p2a,p2b\n|-resisted|p2a: Heatran\n|-damage|p2a: Heatran|89\/100\n|-damage|p2b: Rillaboom|0 fnt\n|faint|p2b: Rillaboom\n|-enditem|p1a: Ursaluna|Throat Spray\n|-boost|p1a: Ursaluna|spa|1|[from] item: Throat Spray\n|\n|-heal|p1b: Iron Hands|80\/100|[from] Grassy Terrain\n|-heal|p1a: Ursaluna|75\/100|[from] Grassy Terrain\n|-heal|p2a: Heatran|95\/100|[from] Grassy Terrain\n|upkeep\n|\n|t:|1700855183\n|switch|p2b: Chien-Pao|Chien-Pao, L50|100\/100\n|-ability|p2b: Chien-Pao|Sword of Ruin\n|turn|4\n|\n|t:|1700855205\n|-terastallize|p2a: Heatran|Fairy\n|move|p1a: Ursaluna|Protect|p1a: Ursaluna\n|-singleturn|p1a: Ursaluna|Protect\n|move|p1b: Iron Hands|Wild Charge|p2b: Chien-Pao\n|-damage|p2b: Chien-Pao|19\/100\n|-damage|p1b: Iron Hands|68\/100|[from] Recoil\n|move|p2a: Heatran|Tera Blast|p1b: Iron Hands|[anim] Tera Blast Fairy\n|-supereffective|p1b: Iron Hands\n|-damage|p1b: Iron Hands|14\/100\n|move|p2b: Chien-Pao|Icicle Crash|p1b: Iron Hands\n|-damage|p1b: Iron Hands|0 fnt\n|faint|p1b: Iron Hands\n|-end|p1b: Iron Hands|Quark Drive|[silent]\n|\n|-heal|p1a: Ursaluna|80\/100|[from] Grassy Terrain\n|-heal|p2a: Heatran|100\/100|[from] Grassy Terrain\n|-heal|p2b: Chien-Pao|25\/100|[from] Grassy Terrain\n|upkeep\n|\n|t:|1700855216\n|switch|p1b: Iron Bundle|Iron Bundle, L50|100\/100\n|-enditem|p1b: Iron Bundle|Booster Energy\n|-activate|p1b: Iron Bundle|ability: Quark Drive|[fromitem]\n|-start|p1b: Iron Bundle|quarkdrivespe\n|turn|5\n|\n|t:|1700855240\n|move|p2b: Chien-Pao|Sucker Punch|p1a: Ursaluna\n|-supereffective|p1a: Ursaluna\n|-damage|p1a: Ursaluna|15\/100\n|move|p1a: Ursaluna|Hyper Voice|p2b: Chien-Pao|[spread] p2a,p2b\n|-damage|p2a: Heatran|67\/100\n|-damage|p2b: Chien-Pao|0 fnt\n|faint|p2b: Chien-Pao\n|move|p2a: Heatran|Flash Cannon|p1b: Iron Bundle\n|-damage|p1b: Iron Bundle|12\/100\n|-unboost|p1b: Iron Bundle|spd|1\n|move|p1b: Iron Bundle|Ice Beam|p2a: Heatran\n|-damage|p2a: Heatran|41\/100\n|\n|-heal|p1a: Ursaluna|21\/100|[from] Grassy Terrain\n|-heal|p2a: Heatran|47\/100|[from] Grassy Terrain\n|-heal|p1b: Iron Bundle|18\/100|[from] Grassy Terrain\n|-fieldend|move: Trick Room\n|-fieldend|move: Grassy Terrain\n|upkeep\n|\n|t:|1700855246\n|switch|p2b: Dragonite|Dragonite, L50, M|15\/100\n|turn|6\n|\n|t:|1700855265\n|move|p2b: Dragonite|Extreme Speed|p1b: Iron Bundle\n|-damage|p1b: Iron Bundle|0 fnt\n|faint|p1b: Iron Bundle\n|-end|p1b: Iron Bundle|Quark Drive|[silent]\n|move|p2a: Heatran|Flash Cannon|p1a: Ursaluna\n|-damage|p1a: Ursaluna|0 fnt\n|faint|p1a: Ursaluna\n|\n|win|wdytyaia\n|raw|nickfanta's rating: 1403 &rarr; <strong>1385<\/strong><br \/>(-18 for losing)\n|raw|wdytyaia's rating: 1442 &rarr; <strong>1460<\/strong><br \/>(+18 for winning)\n|l|\u2606nickfanta\n","uploadtime":1700855275,"views":3,"p1id":"nickfanta","p2id":"wdytyaia","formatid":"gen9vgc2023regulatione","rating":1385,"private":0,"password":""}