{"id":"gen9vgc2023regulatione-1993849142","p1":"Alienatedfob1","p2":"Kzjekzk","format":"[Gen 9] VGC 2023 Regulation E","log":"|j|\u2606Alienatedfob1\n|j|\u2606Kzjekzk\n|t:|1700364978\n|gametype|doubles\n|player|p1|Alienatedfob1|riley|1072\n|player|p2|Kzjekzk|lance|1000\n|teamsize|p1|6\n|teamsize|p2|6\n|gen|9\n|tier|[Gen 9] VGC 2023 Regulation E\n|rated|\n|rule|Species Clause: Limit one of each Pok\u00e9mon\n|rule|Item Clause: Limit one of each item\n|clearpoke\n|poke|p1|Chien-Pao, L50|\n|poke|p1|Landorus-Therian, L50, M|\n|poke|p1|Heatran, L50, F|\n|poke|p1|Dragonite, L50, M|\n|poke|p1|Chi-Yu, L50|\n|poke|p1|Urshifu-*, L50, M|\n|poke|p2|Flutter Mane, L50|\n|poke|p2|Tornadus, L50, M|\n|poke|p2|Rillaboom, L50, F|\n|poke|p2|Garganacl, L50, M|\n|poke|p2|Arcanine-Hisui, L50, M|\n|poke|p2|Chien-Pao, L50|\n|teampreview|4\n|\n|t:|1700365000\n|start\n|switch|p1a: Heatran|Heatran, L50, F|100\/100\n|switch|p1b: Chien-Pao|Chien-Pao, L50|100\/100\n|switch|p2a: Tornadus|Tornadus, L50, M|100\/100\n|switch|p2b: Garganacl|Garganacl, L50, M|100\/100\n|-ability|p1b: Chien-Pao|Sword of Ruin\n|turn|1\n|\n|t:|1700365015\n|switch|p2a: Arcanine|Arcanine-Hisui, L50, M|100\/100\n|-ability|p2a: Arcanine|Intimidate|boost\n|-unboost|p1a: Heatran|atk|1\n|-unboost|p1b: Chien-Pao|atk|1\n|-terastallize|p2b: Garganacl|Ghost\n|move|p1b: Chien-Pao|Icicle Crash|p2a: Arcanine\n|-resisted|p2a: Arcanine\n|-damage|p2a: Arcanine|78\/100\n|move|p1a: Heatran|Earth Power|p2b: Garganacl\n|-damage|p2b: Garganacl|81\/100\n|move|p2b: Garganacl|Salt Cure|p1b: Chien-Pao\n|-supereffective|p1b: Chien-Pao\n|-damage|p1b: Chien-Pao|60\/100\n|-start|p1b: Chien-Pao|Salt Cure\n|\n|-damage|p1b: Chien-Pao|48\/100|[from] Salt Cure\n|upkeep\n|turn|2\n|\n|t:|1700365050\n|switch|p2a: Tornadus|Tornadus, L50, M|100\/100\n|move|p1b: Chien-Pao|Sucker Punch|p2b: Garganacl\n|-supereffective|p2b: Garganacl\n|-damage|p2b: Garganacl|40\/100\n|-enditem|p2b: Garganacl|Sitrus Berry|[eat]\n|-heal|p2b: Garganacl|64\/100|[from] item: Sitrus Berry\n|move|p1a: Heatran|Earth Power|p2a: Tornadus\n|-immune|p2a: Tornadus\n|move|p2b: Garganacl|Salt Cure|p1a: Heatran\n|-damage|p1a: Heatran|85\/100\n|-start|p1a: Heatran|Salt Cure\n|\n|-heal|p1a: Heatran|91\/100|[from] item: Leftovers\n|-damage|p1b: Chien-Pao|36\/100|[from] Salt Cure\n|-damage|p1a: Heatran|66\/100|[from] Salt Cure\n|upkeep\n|turn|3\n|\n|t:|1700365073\n|switch|p1a: Landorus|Landorus-Therian, L50, M|100\/100\n|-ability|p1a: Landorus|Intimidate|boost\n|-unboost|p2a: Tornadus|atk|1\n|-unboost|p2b: Garganacl|atk|1\n|move|p2b: Garganacl|Protect|p2b: Garganacl\n|-singleturn|p2b: Garganacl|Protect\n|move|p1b: Chien-Pao|Sucker Punch||[still]\n|-fail|p1b: Chien-Pao\n|move|p2a: Tornadus|Tailwind|p2a: Tornadus\n|-sidestart|p2: Kzjekzk|move: Tailwind\n|\n|-damage|p1b: Chien-Pao|24\/100|[from] Salt Cure\n|upkeep\n|turn|4\n|\n|t:|1700365100\n|move|p1b: Chien-Pao|Sucker Punch||[still]\n|-fail|p1b: Chien-Pao\n|move|p2a: Tornadus|Bleakwind Storm|p1a: Landorus|[spread] p1a,p1b\n|-damage|p1a: Landorus|54\/100\n|-damage|p1b: Chien-Pao|0 fnt\n|faint|p1b: Chien-Pao\n|move|p1a: Landorus|Rock Slide|p2b: Garganacl|[spread] p2a,p2b\n|-supereffective|p2a: Tornadus\n|-crit|p2b: Garganacl\n|-damage|p2a: Tornadus|44\/100\n|-damage|p2b: Garganacl|42\/100\n|move|p2b: Garganacl|Recover|p2b: Garganacl\n|-heal|p2b: Garganacl|92\/100\n|\n|upkeep\n|\n|t:|1700365128\n|switch|p1b: Heatran|Heatran, L50, F|66\/100\n|turn|5\n|\n|t:|1700365153\n|-terastallize|p1b: Heatran|Fairy\n|move|p2a: Tornadus|Bleakwind Storm|p1a: Landorus|[spread] p1a,p1b\n|-damage|p1a: Landorus|10\/100\n|-damage|p1b: Heatran|46\/100\n|-unboost|p1a: Landorus|spe|1\n|-unboost|p1b: Heatran|spe|1\n|move|p1a: Landorus|Rock Slide|p2b: Garganacl|[spread] p2a,p2b\n|-supereffective|p2a: Tornadus\n|-damage|p2a: Tornadus|0 fnt\n|-damage|p2b: Garganacl|76\/100\n|faint|p2a: Tornadus\n|cant|p2b: Garganacl|flinch\n|move|p1b: Heatran|Heat Wave|p2b: Garganacl\n|-damage|p2b: Garganacl|49\/100\n|\n|-heal|p1b: Heatran|52\/100|[from] item: Leftovers\n|upkeep\n|\n|t:|1700365162\n|switch|p2a: Arcanine|Arcanine-Hisui, L50, M|78\/100\n|-ability|p2a: Arcanine|Intimidate|boost\n|-unboost|p1a: Landorus|atk|1\n|-unboost|p1b: Heatran|atk|1\n|turn|6\n|\n|t:|1700365172\n|move|p2a: Arcanine|Rock Slide|p1b: Heatran|[spread] p1a,p1b\n|-damage|p1a: Landorus|0 fnt\n|-damage|p1b: Heatran|20\/100\n|faint|p1a: Landorus\n|move|p2b: Garganacl|Recover|p2b: Garganacl\n|-heal|p2b: Garganacl|99\/100\n|cant|p1b: Heatran|flinch\n|\n|-heal|p1b: Heatran|26\/100|[from] item: Leftovers\n|-sideend|p2: Kzjekzk|move: Tailwind\n|upkeep\n|-message|Alienatedfob1 forfeited.\n|\n|win|Kzjekzk\n|raw|Alienatedfob1's rating: 1072 &rarr; <strong>1047<\/strong><br \/>(-25 for losing)\n|raw|Kzjekzk's rating: 1000 &rarr; <strong>1048<\/strong><br \/>(+48 for winning)\n|l|\u2606Alienatedfob1\n","uploadtime":1700365186,"views":8,"p1id":"alienatedfob1","p2id":"kzjekzk","formatid":"gen9vgc2023regulatione","rating":1047,"private":0,"password":""}