{"id":"gen9vgc2023regulatione-1998487538","p1":"Z-pokemaster2000","p2":"stuboiiiii","format":"[Gen 9] VGC 2023 Regulation E","log":"|j|\u2606Z-pokemaster2000\n|j|\u2606stuboiiiii\n|t:|1700947907\n|gametype|doubles\n|player|p1|Z-pokemaster2000|veteran|1280\n|player|p2|stuboiiiii|2|1289\n|teamsize|p1|6\n|teamsize|p2|6\n|gen|9\n|tier|[Gen 9] VGC 2023 Regulation E\n|rated|\n|rule|Species Clause: Limit one of each Pok\u00e9mon\n|rule|Item Clause: Limit one of each item\n|clearpoke\n|poke|p1|Rillaboom, L50, F|\n|poke|p1|Okidogi, L50, M|\n|poke|p1|Sinistcha-Masterpiece, L50|\n|poke|p1|Wyrdeer, L50, F|\n|poke|p1|Milotic, L50, M|\n|poke|p1|Ting-Lu, L50|\n|poke|p2|Gothitelle, L50, F|\n|poke|p2|Scream Tail, L50|\n|poke|p2|Heatran, L50, M|\n|poke|p2|Rillaboom, L50, M|\n|poke|p2|Amoonguss, L50, M|\n|poke|p2|Arcanine-Hisui, L50, F|\n|teampreview|4\n|inactive|Battle timer is ON: inactive players will automatically lose when time's up. (requested by Z-pokemaster2000)\n|inactive|Z-pokemaster2000 has 60 seconds left.\n|\n|t:|1700947946\n|start\n|switch|p1a: Agent Stag|Wyrdeer, L50, F|100\/100\n|switch|p1b: Agent Moose|Ting-Lu, L50|100\/100\n|switch|p2a: Arcanine|Arcanine-Hisui, L50, F, shiny|100\/100\n|switch|p2b: Scream Tail|Scream Tail, L50, shiny|100\/100\n|-ability|p2a: Arcanine|Intimidate|boost\n|-unboost|p1a: Agent Stag|atk|1\n|-unboost|p1b: Agent Moose|atk|1\n|-ability|p1a: Agent Stag|Intimidate|boost\n|-fail|p2a: Arcanine|unboost|[from] item: Clear Amulet|[of] p2a: Arcanine\n|-unboost|p2b: Scream Tail|atk|1\n|-ability|p1b: Agent Moose|Vessel of Ruin\n|-enditem|p2b: Scream Tail|Booster Energy\n|-activate|p2b: Scream Tail|ability: Protosynthesis|[fromitem]\n|-start|p2b: Scream Tail|protosynthesisspe\n|turn|1\n|inactive|stuboiiiii has 30 seconds left.\n|\n|t:|1700947977\n|switch|p2a: Gothitelle|Gothitelle, L50, F, shiny|100\/100\n|move|p1a: Agent Stag|Protect|p1a: Agent Stag\n|-singleturn|p1a: Agent Stag|Protect\n|move|p2b: Scream Tail|Perish Song|p2b: Scream Tail\n|-start|p1a: Agent Stag|perish3|[silent]\n|-start|p1b: Agent Moose|perish3|[silent]\n|-start|p2a: Gothitelle|perish3|[silent]\n|-start|p2b: Scream Tail|perish3|[silent]\n|-fieldactivate|move: Perish Song\n|move|p1b: Agent Moose|Throat Chop|p2b: Scream Tail\n|-damage|p2b: Scream Tail|84\/100\n|-start|p2b: Scream Tail|Throat Chop|[silent]\n|\n|-start|p2b: Scream Tail|perish3\n|-start|p1a: Agent Stag|perish3\n|-start|p2a: Gothitelle|perish3\n|-start|p1b: Agent Moose|perish3\n|upkeep\n|turn|2\n|\n|t:|1700947995\n|move|p2a: Gothitelle|Fake Out|p1b: Agent Moose\n|-damage|p1b: Agent Moose|97\/100\n|move|p2b: Scream Tail|Encore|p1a: Agent Stag\n|-start|p1a: Agent Stag|Encore\n|-enditem|p1a: Agent Stag|Mental Herb\n|-end|p1a: Agent Stag|Encore\n|move|p1a: Agent Stag|Skill Swap|p2a: Gothitelle\n|-activate|p1a: Agent Stag|move: Skill Swap|Shadow Tag|Intimidate|[of] p2a: Gothitelle\n|-ability|p2a: Gothitelle|Intimidate|boost\n|-unboost|p1a: Agent Stag|atk|1\n|-unboost|p1b: Agent Moose|atk|1\n|cant|p1b: Agent Moose|flinch\n|\n|-end|p2b: Scream Tail|Throat Chop|[silent]\n|-start|p2b: Scream Tail|perish2\n|-start|p1a: Agent Stag|perish2\n|-start|p2a: Gothitelle|perish2\n|-start|p1b: Agent Moose|perish2\n|upkeep\n|turn|3\n|inactive|stuboiiiii has 30 seconds left.\n|c|\u2606stuboiiiii|wow\n|inactive|stuboiiiii has 20 seconds left.\n|\n|t:|1700948033\n|switch|p1a: Agent Dogi|Okidogi, L50, M|100\/100\n|move|p2b: Scream Tail|Encore||[still]\n|-fail|p2b: Scream Tail\n|move|p2a: Gothitelle|Heal Pulse|p2b: Scream Tail\n|-heal|p2b: Scream Tail|100\/100\n|move|p1b: Agent Moose|Snarl|p2b: Scream Tail|[spread] p2a,p2b\n|-supereffective|p2a: Gothitelle\n|-damage|p2a: Gothitelle|86\/100\n|-damage|p2b: Scream Tail|95\/100\n|-unboost|p2a: Gothitelle|spa|1\n|-unboost|p2b: Scream Tail|spa|1\n|\n|-start|p2b: Scream Tail|perish1\n|-start|p2a: Gothitelle|perish1\n|-start|p1b: Agent Moose|perish1\n|upkeep\n|turn|4\n|inactive|Z-pokemaster2000 has 30 seconds left.\n|\n|t:|1700948062\n|-end|p2b: Scream Tail|Protosynthesis|[silent]\n|switch|p2b: Rillaboom|Rillaboom, L50, M, shiny|100\/100\n|-fieldstart|move: Grassy Terrain|[from] ability: Grassy Surge|[of] p2b: Rillaboom\n|switch|p1b: Agent Stag|Wyrdeer, L50, F|100\/100\n|-ability|p1b: Agent Stag|Intimidate|boost\n|-unboost|p2a: Gothitelle|atk|1\n|-unboost|p2b: Rillaboom|atk|1\n|move|p1a: Agent Dogi|Bulk Up|p1a: Agent Dogi\n|-boost|p1a: Agent Dogi|atk|1\n|-boost|p1a: Agent Dogi|def|1\n|move|p2a: Gothitelle|Heal Pulse|p2b: Rillaboom\n|-fail|p2b: Rillaboom|heal\n|\n|-heal|p2a: Gothitelle|92\/100|[from] Grassy Terrain\n|-start|p2a: Gothitelle|perish0\n|faint|p2a: Gothitelle\n|upkeep\n|\n|t:|1700948073\n|switch|p2a: Scream Tail|Scream Tail, L50, shiny|95\/100\n|turn|5\n|\n|t:|1700948083\n|move|p1b: Agent Stag|Protect|p1b: Agent Stag\n|-singleturn|p1b: Agent Stag|Protect\n|move|p2b: Rillaboom|Fake Out|p1b: Agent Stag\n|-activate|p1b: Agent Stag|move: Protect\n|move|p2a: Scream Tail|Encore|p1a: Agent Dogi\n|-start|p1a: Agent Dogi|Encore\n|move|p1a: Agent Dogi|Bulk Up|p1a: Agent Dogi\n|-boost|p1a: Agent Dogi|atk|1\n|-boost|p1a: Agent Dogi|def|1\n|\n|-heal|p2a: Scream Tail|100\/100|[from] Grassy Terrain\n|upkeep\n|turn|6\n|\n|t:|1700948102\n|move|p2a: Scream Tail|Encore|p1b: Agent Stag\n|-start|p1b: Agent Stag|Encore\n|move|p2b: Rillaboom|U-turn|p1b: Agent Stag\n|-supereffective|p1b: Agent Stag\n|-damage|p1b: Agent Stag|67\/100\n|\n|t:|1700948107\n|switch|p2b: Arcanine|Arcanine-Hisui, L50, F, shiny|100\/100|[from] U-turn\n|-ability|p2b: Arcanine|Intimidate|boost\n|-ability|p1a: Agent Dogi|Guard Dog|boost\n|-boost|p1a: Agent Dogi|atk|1\n|-unboost|p1b: Agent Stag|atk|1\n|move|p1a: Agent Dogi|Bulk Up|p1a: Agent Dogi\n|-boost|p1a: Agent Dogi|atk|1\n|-boost|p1a: Agent Dogi|def|1\n|move|p1b: Agent Stag|Protect||[still]\n|-fail|p1b: Agent Stag\n|\n|-heal|p1b: Agent Stag|73\/100|[from] Grassy Terrain\n|upkeep\n|turn|7\n|\n|t:|1700948125\n|move|p1b: Agent Stag|Protect|p1b: Agent Stag\n|-singleturn|p1b: Agent Stag|Protect\n|move|p2a: Scream Tail|Disable|p1a: Agent Dogi\n|-start|p1a: Agent Dogi|Disable|Bulk Up\n|move|p2b: Arcanine|Will-O-Wisp|p1a: Agent Dogi\n|-status|p1a: Agent Dogi|brn\n|cant|p1a: Agent Dogi|Disable|Bulk Up\n|\n|-heal|p1b: Agent Stag|79\/100|[from] Grassy Terrain\n|-damage|p1a: Agent Dogi|94\/100 brn|[from] brn\n|-end|p1a: Agent Dogi|Encore\n|upkeep\n|turn|8\n|\n|t:|1700948148\n|move|p1b: Agent Stag|Protect|p1b: Agent Stag\n|-singleturn|p1b: Agent Stag|Protect\n|move|p2a: Scream Tail|Encore|p1a: Agent Dogi\n|-start|p1a: Agent Dogi|Encore\n|move|p2b: Arcanine|Flare Blitz|p1b: Agent Stag\n|-activate|p1b: Agent Stag|move: Protect\n|cant|p1a: Agent Dogi|Disable|Bulk Up\n|\n|-heal|p1b: Agent Stag|86\/100|[from] Grassy Terrain\n|-heal|p1a: Agent Dogi|100\/100 brn|[from] Grassy Terrain\n|-damage|p1a: Agent Dogi|94\/100 brn|[from] brn\n|-end|p1b: Agent Stag|Encore\n|-fieldend|move: Grassy Terrain\n|upkeep\n|turn|9\n|\n|t:|1700948173\n|move|p2a: Scream Tail|Encore|p1b: Agent Stag\n|-start|p1b: Agent Stag|Encore\n|move|p2b: Arcanine|Flare Blitz|p1b: Agent Stag\n|-damage|p1b: Agent Stag|26\/100\n|-damage|p2b: Arcanine|77\/100|[from] Recoil\n|-activate|p1a: Agent Dogi|move: Struggle\n|move|p1a: Agent Dogi|Struggle|p2b: Arcanine\n|-damage|p2b: Arcanine|48\/100\n|-damage|p1a: Agent Dogi|69\/100 brn|[from] recoil\n|move|p1b: Agent Stag|Protect||[still]\n|-fail|p1b: Agent Stag\n|\n|-heal|p1a: Agent Dogi|75\/100 brn|[from] item: Leftovers\n|-damage|p1a: Agent Dogi|69\/100 brn|[from] brn\n|upkeep\n|turn|10\n|\n|t:|1700948192\n|move|p2a: Scream Tail|Protect|p2a: Scream Tail\n|-singleturn|p2a: Scream Tail|Protect\n|move|p2b: Arcanine|Protect|p2b: Arcanine\n|-singleturn|p2b: Arcanine|Protect\n|move|p1b: Agent Stag|Protect|p1b: Agent Stag\n|-singleturn|p1b: Agent Stag|Protect\n|-activate|p1a: Agent Dogi|move: Struggle\n|move|p1a: Agent Dogi|Struggle|p2b: Arcanine\n|-activate|p2b: Arcanine|move: Protect\n|\n|-heal|p1a: Agent Dogi|75\/100 brn|[from] item: Leftovers\n|-damage|p1a: Agent Dogi|69\/100 brn|[from] brn\n|-end|p1a: Agent Dogi|Encore\n|-end|p1a: Agent Dogi|Disable\n|upkeep\n|turn|11\n|inactive|Z-pokemaster2000 has 30 seconds left.\n|inactive|stuboiiiii has 30 seconds left.\n|\n|t:|1700948227\n|switch|p1b: Agent Moose|Ting-Lu, L50|97\/100\n|-ability|p1b: Agent Moose|Vessel of Ruin\n|move|p2b: Arcanine|Extreme Speed|p1b: Agent Moose\n|-damage|p1b: Agent Moose|83\/100\n|move|p2a: Scream Tail|Encore||[still]\n|-fail|p2a: Scream Tail\n|move|p1a: Agent Dogi|Poison Jab|p2a: Scream Tail\n|-supereffective|p2a: Scream Tail\n|-damage|p2a: Scream Tail|14\/100\n|\n|-heal|p1a: Agent Dogi|75\/100 brn|[from] item: Leftovers\n|-damage|p1a: Agent Dogi|69\/100 brn|[from] brn\n|upkeep\n|turn|12\n|inactive|Z-pokemaster2000 has 30 seconds left.\n|inactive|Z-pokemaster2000 has 20 seconds left.\n|inactive|stuboiiiii has 30 seconds left.\n|\n|t:|1700948265\n|move|p2a: Scream Tail|Protect|p2a: Scream Tail\n|-singleturn|p2a: Scream Tail|Protect\n|move|p2b: Arcanine|Protect|p2b: Arcanine\n|-singleturn|p2b: Arcanine|Protect\n|move|p1a: Agent Dogi|Drain Punch|p2b: Arcanine\n|-activate|p2b: Arcanine|move: Protect\n|move|p1b: Agent Moose|Throat Chop|p2a: Scream Tail\n|-activate|p2a: Scream Tail|move: Protect\n|\n|-heal|p1a: Agent Dogi|75\/100 brn|[from] item: Leftovers\n|-damage|p1a: Agent Dogi|69\/100 brn|[from] brn\n|upkeep\n|turn|13\n|inactive|stuboiiiii has 30 seconds left.\n|\n|t:|1700948291\n|move|p2a: Scream Tail|Perish Song|p2a: Scream Tail\n|-start|p1a: Agent Dogi|perish3|[silent]\n|-start|p1b: Agent Moose|perish3|[silent]\n|-start|p2a: Scream Tail|perish3|[silent]\n|-start|p2b: Arcanine|perish3|[silent]\n|-fieldactivate|move: Perish Song\n|move|p2b: Arcanine|Will-O-Wisp|p1b: Agent Moose|[miss]\n|-miss|p2b: Arcanine|p1b: Agent Moose\n|move|p1a: Agent Dogi|Drain Punch|p2b: Arcanine\n|-supereffective|p2b: Arcanine\n|-damage|p2b: Arcanine|0 fnt\n|-heal|p1a: Agent Dogi|91\/100 brn|[from] drain|[of] p2b: Arcanine\n|faint|p2b: Arcanine\n|move|p1b: Agent Moose|Throat Chop|p2a: Scream Tail\n|-damage|p2a: Scream Tail|0 fnt\n|faint|p2a: Scream Tail\n|-end|p2a: Scream Tail|Protosynthesis|[silent]\n|\n|-heal|p1a: Agent Dogi|97\/100 brn|[from] item: Leftovers\n|-damage|p1a: Agent Dogi|91\/100 brn|[from] brn\n|-start|p1a: Agent Dogi|perish3\n|-start|p1b: Agent Moose|perish3\n|upkeep\n|\n|t:|1700948299\n|switch|p2b: Rillaboom|Rillaboom, L50, M, shiny|100\/100\n|-fieldstart|move: Grassy Terrain|[from] ability: Grassy Surge|[of] p2b: Rillaboom\n|turn|14\n|c|\u2606Z-pokemaster2000|I don't think your rillaboom lives long enough for that song to matter tbh\n|inactive|Z-pokemaster2000 has 30 seconds left.\n|inactive|Z-pokemaster2000 has 20 seconds left.\n|\n|t:|1700948338\n|switch|p1b: Agent Stag|Wyrdeer, L50, F|26\/100\n|-ability|p1b: Agent Stag|Intimidate|boost\n|-unboost|p2b: Rillaboom|atk|1\n|-terastallize|p2b: Rillaboom|Poison\n|move|p2b: Rillaboom|Wood Hammer|p1b: Agent Stag\n|-damage|p1b: Agent Stag|0 fnt\n|faint|p1b: Agent Stag\n|-damage|p2b: Rillaboom|92\/100|[from] Recoil\n|move|p1a: Agent Dogi|Bulk Up|p1a: Agent Dogi\n|-boost|p1a: Agent Dogi|atk|1\n|-boost|p1a: Agent Dogi|def|1\n|\n|-heal|p2b: Rillaboom|98\/100|[from] Grassy Terrain\n|-heal|p1a: Agent Dogi|97\/100 brn|[from] Grassy Terrain\n|-heal|p1a: Agent Dogi|100\/100 brn|[from] item: Leftovers\n|-damage|p1a: Agent Dogi|94\/100 brn|[from] brn\n|-start|p1a: Agent Dogi|perish2\n|upkeep\n|\n|t:|1700948348\n|switch|p1b: Agent Moose|Ting-Lu, L50|83\/100\n|-ability|p1b: Agent Moose|Vessel of Ruin\n|turn|15\n|\n|t:|1700948362\n|move|p1b: Agent Moose|Protect|p1b: Agent Moose\n|-singleturn|p1b: Agent Moose|Protect\n|move|p2b: Rillaboom|Knock Off|p1a: Agent Dogi\n|-resisted|p1a: Agent Dogi\n|-damage|p1a: Agent Dogi|92\/100 brn\n|-enditem|p1a: Agent Dogi|Leftovers|[from] move: Knock Off|[of] p2b: Rillaboom\n|move|p1a: Agent Dogi|Poison Jab|p2b: Rillaboom\n|-resisted|p2b: Rillaboom\n|-damage|p2b: Rillaboom|71\/100\n|\n|-heal|p2b: Rillaboom|77\/100|[from] Grassy Terrain\n|-heal|p1a: Agent Dogi|98\/100 brn|[from] Grassy Terrain\n|-heal|p1b: Agent Moose|89\/100|[from] Grassy Terrain\n|-damage|p1a: Agent Dogi|92\/100 brn|[from] brn\n|-start|p1a: Agent Dogi|perish1\n|upkeep\n|turn|16\n|inactive|Z-pokemaster2000 has 30 seconds left.\n|\n|t:|1700948390\n|switch|p1a: Agent Matcha|Sinistcha-Masterpiece, L50, shiny|100\/100\n|-heal|p1b: Agent Moose|100\/100|[from] ability: Hospitality|[of] p1a: Agent Matcha\n|-terastallize|p1b: Agent Moose|Poison\n|move|p2b: Rillaboom|Wood Hammer|p1b: Agent Moose\n|-resisted|p1b: Agent Moose\n|-damage|p1b: Agent Moose|86\/100\n|-damage|p2b: Rillaboom|71\/100|[from] Recoil\n|move|p1b: Agent Moose|Fissure|p2b: Rillaboom|[miss]\n|-miss|p1b: Agent Moose|p2b: Rillaboom\n|\n|-heal|p2b: Rillaboom|76\/100|[from] Grassy Terrain\n|-heal|p1b: Agent Moose|92\/100|[from] Grassy Terrain\n|upkeep\n|turn|17\n|-message|stuboiiiii forfeited.\n|\n|win|Z-pokemaster2000\n|raw|Z-pokemaster2000's rating: 1280 &rarr; <strong>1306<\/strong><br \/>(+26 for winning)\n|raw|stuboiiiii's rating: 1289 &rarr; <strong>1263<\/strong><br \/>(-26 for losing)\n|l|\u2606stuboiiiii\n","uploadtime":1700948421,"views":40,"p1id":"zpokemaster2000","p2id":"stuboiiiii","formatid":"gen9vgc2023regulatione","rating":1263,"private":0,"password":""}