{"id":"gen9vgc2023regulatione-1995054330","p1":"number86","p2":"beastista","format":"[Gen 9] VGC 2023 Regulation E","log":"|j|\u2606number86\n|j|\u2606beastista\n|t:|1700517617\n|gametype|doubles\n|player|p1|number86|2|1491\n|player|p2|beastista|bugcatcher-gen4dp|1618\n|teamsize|p1|6\n|teamsize|p2|6\n|gen|9\n|tier|[Gen 9] VGC 2023 Regulation E\n|rated|\n|rule|Species Clause: Limit one of each Pok\u00e9mon\n|rule|Item Clause: Limit one of each item\n|clearpoke\n|poke|p1|Milotic, L50, F|\n|poke|p1|Ninetales-Alola, L50, M|\n|poke|p1|Heatran, L50, M|\n|poke|p1|Landorus-Therian, L50, M|\n|poke|p1|Iron Hands, L50|\n|poke|p1|Amoonguss, L50, F|\n|poke|p2|Urshifu-*, L50, M|\n|poke|p2|Vaporeon, L50, F|\n|poke|p2|Kilowattrel, L50, F|\n|poke|p2|Salazzle, L50, F|\n|poke|p2|Rillaboom, L50, F|\n|poke|p2|Scream Tail, L50|\n|teampreview|4\nnumber86 has agreed to open team sheets.\n|inactive|Battle timer is ON: inactive players will automatically lose when time's up. (requested by beastista)\n|\n|t:|1700517668\n|start\n|switch|p1a: Iron Hands|Iron Hands, L50|100\/100\n|switch|p1b: Amoonguss|Amoonguss, L50, F|100\/100\n|switch|p2a: Salazzle|Salazzle, L50, F|100\/100\n|switch|p2b: Urshifu|Urshifu, L50, M|100\/100\n|turn|1\n|inactive|beastista has 30 seconds left.\n|inactive|beastista has 20 seconds left.\n|\n|t:|1700517705\n|move|p1b: Amoonguss|Protect|p1b: Amoonguss\n|-singleturn|p1b: Amoonguss|Protect\n|move|p2a: Salazzle|Fake Out|p1b: Amoonguss\n|-activate|p1b: Amoonguss|move: Protect\n|move|p1a: Iron Hands|Fake Out|p2b: Urshifu\n|-damage|p2b: Urshifu|88\/100\n|cant|p2b: Urshifu|flinch\n|\n|upkeep\n|turn|2\n|\n|t:|1700517719\n|-terastallize|p2b: Urshifu|Dark\n|move|p1b: Amoonguss|Rage Powder|p1b: Amoonguss\n|-singleturn|p1b: Amoonguss|move: Rage Powder\n|move|p2a: Salazzle|Flamethrower|p1b: Amoonguss\n|-supereffective|p1b: Amoonguss\n|-damage|p1b: Amoonguss|26\/100\n|move|p2b: Urshifu|Wicked Blow|p1b: Amoonguss\n|-crit|p1b: Amoonguss\n|-damage|p1b: Amoonguss|0 fnt\n|-damage|p2b: Urshifu|72\/100|[from] item: Rocky Helmet|[of] p1b: Amoonguss\n|faint|p1b: Amoonguss\n|move|p1a: Iron Hands|Drain Punch|p2b: Urshifu\n|-supereffective|p2b: Urshifu\n|-damage|p2b: Urshifu|5\/100\n|\n|upkeep\n|\n|t:|1700517742\n|switch|p1b: Landorus|Landorus-Therian, L50, M|100\/100\n|-ability|p1b: Landorus|Intimidate|boost\n|-fail|p2a: Salazzle|unboost|Attack|[from] ability: Oblivious|[of] p2a: Salazzle\n|-unboost|p2b: Urshifu|atk|1\n|turn|3\n|inactive|beastista has 30 seconds left.\n|\n|t:|1700517778\n|switch|p2b: Vaporeon|Vaporeon, L50, F|100\/100\n|-end|p1a: Iron Hands|Quark Drive|[silent]\n|switch|p1a: Heatran|Heatran, L50, M|100\/100\n|move|p1b: Landorus|Rock Slide|p2a: Salazzle|[spread] p2a,p2b\n|-supereffective|p2a: Salazzle\n|-damage|p2a: Salazzle|22\/100\n|-damage|p2b: Vaporeon|82\/100\n|move|p2a: Salazzle|Flamethrower|p1b: Landorus\n|-damage|p1b: Landorus|51\/100\n|\n|-heal|p2b: Vaporeon|88\/100|[from] item: Leftovers\n|upkeep\n|turn|4\n|\n|t:|1700517800\n|-terastallize|p1a: Heatran|Grass\n|move|p1b: Landorus|Rock Slide|p2a: Salazzle|[spread] p2a,p2b\n|-supereffective|p2a: Salazzle\n|-damage|p2a: Salazzle|0 fnt\n|-damage|p2b: Vaporeon|71\/100\n|faint|p2a: Salazzle\n|move|p1a: Heatran|Substitute|p1a: Heatran\n|-start|p1a: Heatran|Substitute\n|-damage|p1a: Heatran|75\/100\n|move|p2b: Vaporeon|Muddy Water|p1a: Heatran|[spread] p1a,p1b\n|-resisted|p1a: Heatran\n|-activate|p1a: Heatran|move: Substitute|[damage]\n|-supereffective|p1b: Landorus\n|-damage|p1b: Landorus|0 fnt\n|faint|p1b: Landorus\n|\n|-heal|p1a: Heatran|82\/100|[from] item: Leftovers\n|-heal|p2b: Vaporeon|77\/100|[from] item: Leftovers\n|upkeep\n|\n|t:|1700517822\n|switch|p2a: Rillaboom|Rillaboom, L50, F|100\/100\n|switch|p1b: Iron Hands|Iron Hands, L50|100\/100\n|-fieldstart|move: Grassy Terrain|[from] ability: Grassy Surge|[of] p2a: Rillaboom\n|turn|5\n|\n|t:|1700517846\n|move|p2b: Vaporeon|Protect|p2b: Vaporeon\n|-singleturn|p2b: Vaporeon|Protect\n|move|p1b: Iron Hands|Fake Out|p2a: Rillaboom\n|-damage|p2a: Rillaboom|85\/100\n|cant|p2a: Rillaboom|flinch\n|move|p1a: Heatran|Earth Power|p2b: Vaporeon\n|-activate|p2b: Vaporeon|move: Protect\n|\n|-heal|p2a: Rillaboom|91\/100|[from] Grassy Terrain\n|-heal|p1a: Heatran|88\/100|[from] Grassy Terrain\n|-heal|p1a: Heatran|94\/100|[from] item: Leftovers\n|-heal|p2b: Vaporeon|83\/100|[from] Grassy Terrain\n|-heal|p2b: Vaporeon|89\/100|[from] item: Leftovers\n|upkeep\n|turn|6\n|\n|t:|1700517866\n|move|p2a: Rillaboom|Wood Hammer|p1b: Iron Hands\n|-damage|p1b: Iron Hands|14\/100\n|-damage|p2a: Rillaboom|52\/100|[from] Recoil\n|move|p1a: Heatran|Heat Wave|p2a: Rillaboom|[spread] p2a,p2b\n|-supereffective|p2a: Rillaboom\n|-resisted|p2b: Vaporeon\n|-damage|p2a: Rillaboom|0 fnt\n|-damage|p2b: Vaporeon|74\/100\n|faint|p2a: Rillaboom\n|move|p2b: Vaporeon|Muddy Water|p1b: Iron Hands|[spread] p1a,p1b\n|-resisted|p1a: Heatran\n|-activate|p1a: Heatran|move: Substitute|[damage]\n|-damage|p1b: Iron Hands|0 fnt\n|faint|p1b: Iron Hands\n|-end|p1b: Iron Hands|Quark Drive|[silent]\n|\n|-heal|p1a: Heatran|100\/100|[from] Grassy Terrain\n|-heal|p2b: Vaporeon|80\/100|[from] Grassy Terrain\n|-heal|p2b: Vaporeon|86\/100|[from] item: Leftovers\n|upkeep\n|\n|t:|1700517880\n|switch|p2a: Urshifu|Urshifu, L50, M, tera:Dark|5\/100\n|turn|7\n|\n|t:|1700517893\n|move|p2a: Urshifu|Drain Punch|p1a: Heatran\n|-end|p1a: Heatran|Substitute\n|-heal|p2a: Urshifu|7\/100|[from] drain|[of] p1a: Heatran\n|move|p1a: Heatran|Earth Power|p2a: Urshifu\n|-damage|p2a: Urshifu|0 fnt\n|faint|p2a: Urshifu\n|move|p2b: Vaporeon|Calm Mind|p2b: Vaporeon\n|-boost|p2b: Vaporeon|spa|1\n|-boost|p2b: Vaporeon|spd|1\n|\n|-heal|p2b: Vaporeon|92\/100|[from] Grassy Terrain\n|-heal|p2b: Vaporeon|98\/100|[from] item: Leftovers\n|upkeep\n|turn|8\n|\n|t:|1700517910\n|move|p1a: Heatran|Earth Power|p2b: Vaporeon\n|-damage|p2b: Vaporeon|82\/100\n|move|p2b: Vaporeon|Ice Beam|p1a: Heatran\n|-supereffective|p1a: Heatran\n|-damage|p1a: Heatran|36\/100\n|\n|-heal|p1a: Heatran|42\/100|[from] Grassy Terrain\n|-heal|p1a: Heatran|48\/100|[from] item: Leftovers\n|-heal|p2b: Vaporeon|88\/100|[from] Grassy Terrain\n|-heal|p2b: Vaporeon|94\/100|[from] item: Leftovers\n|upkeep\n|turn|9\n|\n|t:|1700517925\n|move|p1a: Heatran|Earth Power|p2b: Vaporeon\n|-damage|p2b: Vaporeon|79\/100\n|move|p2b: Vaporeon|Ice Beam|p1a: Heatran\n|-supereffective|p1a: Heatran\n|-damage|p1a: Heatran|0 fnt\n|faint|p1a: Heatran\n|\n|win|beastista\n|raw|number86's rating: 1491 &rarr; <strong>1478<\/strong><br \/>(-13 for losing)\n|raw|beastista's rating: 1618 &rarr; <strong>1631<\/strong><br \/>(+13 for winning)\n","uploadtime":1700517936,"views":4,"p1id":"number86","p2id":"beastista","formatid":"gen9vgc2023regulatione","rating":1478,"private":0,"password":""}