{"id":"gen9vgc2023regulatione-1993123267","p1":"Beauty Devon","p2":"CanuckChum","format":"[Gen 9] VGC 2023 Regulation E","log":"|j|\u2606Beauty Devon\n|j|\u2606CanuckChum\n|n|\u2606Beauty Devon|beautydevon\n|n|\u2606CanuckChum|canuckchum\n|html|View the match progress at <a href=\"\/game-bestof3-gen9vgc2023regulatione-1993119958\">game-bestof3-gen9vgc2023regulatione-1993119958<\/a>\n|t:|1700267499\n|gametype|doubles\n|player|p1|Beauty Devon|266|\n|player|p2|CanuckChum|colress|\n|teamsize|p1|6\n|teamsize|p2|6\n|gen|9\n|tier|[Gen 9] VGC 2023 Regulation E\n|rule|Species Clause: Limit one of each Pok\u00e9mon\n|rule|Item Clause: Limit one of each item\n|clearpoke\n|poke|p1|Dondozo, L50, F|\n|poke|p1|Tatsugiri, L50, M|\n|poke|p1|Pelipper, L50, F|\n|poke|p1|Talonflame, L50, M|\n|poke|p1|Klefki, L50, M|\n|poke|p1|Weezing-Galar, L50, F|\n|poke|p2|Pikachu, L50, M|\n|poke|p2|Ogerpon-Wellspring, L50, F|\n|poke|p2|Empoleon, L50, F|\n|poke|p2|Landorus-Therian, L50, M|\n|poke|p2|Weezing, L50, F|\n|poke|p2|Shiftry, L50, M|\n|teampreview|4\n|inactive|Battle timer is ON: inactive players will automatically lose when time's up. (requested by Beauty Devon)\n|inactiveoff|Battle timer is now OFF.\nBeauty Devon rejected open team sheets.\n|\n|t:|1700267571\n|start\n|switch|p1a: Dondozo|Dondozo, L50, F|100\/100\n|switch|p1b: Tatsugiri|Tatsugiri, L50, M|100\/100\n|switch|p2a: Shifty Spirit|Shiftry, L50, M|100\/100\n|switch|p2b: Pika Pika|Pikachu, L50, M|100\/100\n|-activate|p1b: Tatsugiri|ability: Commander|[of] p1a: Dondozo\n|-boost|p1a: Dondozo|atk|2\n|-boost|p1a: Dondozo|spa|2\n|-boost|p1a: Dondozo|spe|2\n|-boost|p1a: Dondozo|def|2\n|-boost|p1a: Dondozo|spd|2\n|turn|1\n|\n|t:|1700267613\n|switch|p2b: Pollution B|Weezing, L50, F|100\/100\n|-ability|p2b: Pollution B|Neutralizing Gas\n|-terastallize|p1a: Dondozo|Dragon\n|move|p2a: Shifty Spirit|Fake Out|p1a: Dondozo\n|-damage|p1a: Dondozo|97\/100\n|cant|p1a: Dondozo|flinch\n|\n|upkeep\n|turn|2\n|\n|t:|1700267630\n|move|p2a: Shifty Spirit|Knock Off|p1a: Dondozo\n|-damage|p1a: Dondozo|82\/100\n|-enditem|p1a: Dondozo|Chesto Berry|[from] move: Knock Off|[of] p2a: Shifty Spirit\n|move|p1a: Dondozo|Earthquake|p2a: Shifty Spirit|[spread] p2a,p2b\n|-miss|p1a: Dondozo|p1b: Tatsugiri\n|-resisted|p2a: Shifty Spirit\n|-supereffective|p2b: Pollution B\n|-damage|p2a: Shifty Spirit|63\/100\n|-damage|p2b: Pollution B|42\/100\n|move|p2b: Pollution B|Clear Smog|p1a: Dondozo\n|-damage|p1a: Dondozo|74\/100\n|-clearboost|p1a: Dondozo\n|\n|-heal|p2b: Pollution B|48\/100|[from] item: Black Sludge\n|upkeep\n|turn|3\n|\n|t:|1700267651\n|move|p2a: Shifty Spirit|Tailwind|p2a: Shifty Spirit\n|-sidestart|p2: CanuckChum|move: Tailwind\n|move|p2b: Pollution B|Will-O-Wisp|p1a: Dondozo\n|-status|p1a: Dondozo|brn\n|move|p1a: Dondozo|Wave Crash|p2b: Pollution B\n|-damage|p2b: Pollution B|30\/100\n|-damage|p1a: Dondozo|71\/100 brn|[from] Recoil\n|\n|-heal|p2b: Pollution B|36\/100|[from] item: Black Sludge\n|-damage|p1a: Dondozo|64\/100 brn|[from] brn\n|upkeep\n|turn|4\n|\n|t:|1700267669\n|switch|p2a: Djinn Buster|Landorus-Therian, L50, M|100\/100\n|move|p2b: Pollution B|Taunt|p1a: Dondozo\n|-start|p1a: Dondozo|move: Taunt\n|move|p1a: Dondozo|Wave Crash|p2b: Pollution B\n|-damage|p2b: Pollution B|18\/100\n|-damage|p1a: Dondozo|60\/100 brn|[from] Recoil\n|\n|-heal|p2b: Pollution B|24\/100|[from] item: Black Sludge\n|-damage|p1a: Dondozo|54\/100 brn|[from] brn\n|upkeep\n|turn|5\n|\n|t:|1700267692\n|move|p2a: Djinn Buster|Stomping Tantrum|p1a: Dondozo\n|-damage|p1a: Dondozo|25\/100 brn\n|move|p2b: Pollution B|Clear Smog|p1a: Dondozo\n|-damage|p1a: Dondozo|10\/100 brn\n|-clearboost|p1a: Dondozo\n|move|p1a: Dondozo|Wave Crash|p2b: Pollution B\n|-damage|p2b: Pollution B|5\/100\n|-damage|p1a: Dondozo|6\/100 brn|[from] Recoil\n|\n|-heal|p2b: Pollution B|11\/100|[from] item: Black Sludge\n|-damage|p1a: Dondozo|0 fnt|[from] brn\n|faint|p1a: Dondozo\n|upkeep\n|\n|t:|1700267707\n|switch|p1a: Klefki|Klefki, L50, M|100\/100\n|turn|6\n|\n|t:|1700267762\n|move|p2a: Djinn Buster|Stomping Tantrum|p1a: Klefki\n|-supereffective|p1a: Klefki\n|-damage|p1a: Klefki|16\/100\n|move|p2b: Pollution B|Taunt|p1b: Tatsugiri\n|-start|p1b: Tatsugiri|move: Taunt\n|move|p1b: Tatsugiri|Icy Wind|p2b: Pollution B|[spread] p2a,p2b\n|-supereffective|p2a: Djinn Buster\n|-damage|p2a: Djinn Buster|15\/100\n|-damage|p2b: Pollution B|0 fnt\n|-unboost|p2a: Djinn Buster|spe|1\n|faint|p2b: Pollution B\n|-end|p2b: Pollution B|ability: Neutralizing Gas\n|-ability|p2a: Djinn Buster|Intimidate|boost\n|-unboost|p1a: Klefki|atk|1\n|-unboost|p1b: Tatsugiri|atk|1\n|move|p1a: Klefki|Reflect|p1a: Klefki\n|-sidestart|p1: Beauty Devon|Reflect\n|\n|-sideend|p2: CanuckChum|move: Tailwind\n|upkeep\n|\n|t:|1700267784\n|switch|p2b: Shifty Spirit|Shiftry, L50, M|63\/100\n|turn|7\n|\n|t:|1700267849\n|move|p1a: Klefki|Reflect||[still]\n|-fail|p1a: Klefki\n|move|p2b: Shifty Spirit|Knock Off|p1b: Tatsugiri\n|-damage|p1b: Tatsugiri|46\/100\n|-enditem|p1b: Tatsugiri|Choice Specs|[from] move: Knock Off|[of] p2b: Shifty Spirit\n|move|p1b: Tatsugiri|Icy Wind|p2a: Djinn Buster|[spread] p2a\n|-ability|p2b: Shifty Spirit|Wind Rider|boost\n|-boost|p2b: Shifty Spirit|atk|1\n|-supereffective|p2a: Djinn Buster\n|-damage|p2a: Djinn Buster|0 fnt\n|faint|p2a: Djinn Buster\n|\n|upkeep\n|\n|t:|1700267860\n|switch|p2a: Pika Pika|Pikachu, L50, M|100\/100\n|turn|8\n|c|\u2606Beauty Devon|whoa i clicked reflect twice lmao\n|\n|t:|1700267921\n|move|p1a: Klefki|Light Screen|p1a: Klefki\n|-sidestart|p1: Beauty Devon|move: Light Screen\n|move|p2a: Pika Pika|Thunderbolt|p1b: Tatsugiri\n|-damage|p1b: Tatsugiri|3\/100\n|move|p2b: Shifty Spirit|Tailwind|p2b: Shifty Spirit\n|-sidestart|p2: CanuckChum|move: Tailwind\n|-ability|p2b: Shifty Spirit|Wind Rider|boost\n|-boost|p2b: Shifty Spirit|atk|1\n|move|p1b: Tatsugiri|Draco Meteor|p2b: Shifty Spirit\n|-damage|p2b: Shifty Spirit|0 fnt\n|-unboost|p1b: Tatsugiri|spa|2\n|faint|p2b: Shifty Spirit\n|\n|-end|p1b: Tatsugiri|move: Taunt\n|upkeep\n|turn|9\n|\n|t:|1700267939\n|move|p2a: Pika Pika|Discharge|p1b: Tatsugiri|[spread] p1a,p1b\n|-crit|p1a: Klefki\n|-damage|p1a: Klefki|0 fnt\n|-damage|p1b: Tatsugiri|0 fnt\n|faint|p1a: Klefki\n|faint|p1b: Tatsugiri\n|\n|upkeep\n|\n|t:|1700267942\n|switch|p1b: Pelipper|Pelipper, L50, F|100\/100\n|-weather|RainDance|[from] ability: Drizzle|[of] p1b: Pelipper\n|turn|10\n|\n|t:|1700267967\n|-terastallize|p2a: Pika Pika|Electric\n|move|p2a: Pika Pika|Discharge|p1b: Pelipper\n|-supereffective|p1b: Pelipper\n|-damage|p1b: Pelipper|0 fnt\n|faint|p1b: Pelipper\n|\n|win|CanuckChum\n|c|\u2606Beauty Devon|nice :)\n|c|\u2606CanuckChum|gg\n|l|\u2606Beauty Devon\n","uploadtime":1700268012,"views":11,"p1id":"beautydevon","p2id":"canuckchum","formatid":"gen9vgc2023regulatione","rating":0,"private":0,"password":""}