{"id":"gen9vgc2023regulatione-1989708667","p1":"Katatatat_","p2":"NoobChessPlayer","format":"[Gen 9] VGC 2023 Regulation E","log":"|j|\u2606Katatatat_\n|j|\u2606NoobChessPlayer\n|t:|1699888892\n|gametype|doubles\n|player|p1|Katatatat_|hilbert|1111\n|player|p2|NoobChessPlayer|101|1109\n|teamsize|p1|6\n|teamsize|p2|6\n|gen|9\n|tier|[Gen 9] VGC 2023 Regulation E\n|rated|\n|rule|Species Clause: Limit one of each Pok\u00e9mon\n|rule|Item Clause: Limit one of each item\n|clearpoke\n|poke|p1|Landorus-Therian, L50, M|\n|poke|p1|Ninetales-Alola, L50, M|\n|poke|p1|Amoonguss, L50, M|\n|poke|p1|Iron Hands, L50|\n|poke|p1|Arcanine-Hisui, L50, F|\n|poke|p1|Flutter Mane, L50|\n|poke|p2|Moltres-Galar, L50|\n|poke|p2|Arcanine-Hisui, L50, F|\n|poke|p2|Munkidori, L50, M|\n|poke|p2|Sinistcha, L50|\n|poke|p2|Grimmsnarl, L50, M|\n|poke|p2|Milotic, L50, F|\n|teampreview|4\n|inactive|Battle timer is ON: inactive players will automatically lose when time's up. (requested by Katatatat_)\n|inactive|NoobChessPlayer has 60 seconds left.\n|inactive|NoobChessPlayer has 30 seconds left.\n|\n|t:|1699888959\n|start\n|switch|p1a: Ninetales|Ninetales-Alola, L50, M|100\/100\n|switch|p1b: Landorus|Landorus-Therian, L50, M|100\/100\n|switch|p2a: Munkidori|Munkidori, L50, M|100\/100\n|switch|p2b: Milotic|Milotic, L50, F|100\/100\n|-ability|p1b: Landorus|Intimidate|boost\n|-unboost|p2a: Munkidori|atk|1\n|-unboost|p2b: Milotic|atk|1\n|-ability|p2b: Milotic|Competitive|boost\n|-boost|p2b: Milotic|spa|2\n|-item|p1a: Ninetales|Light Clay|[from] ability: Frisk|[of] p2a: Munkidori|[identify]\n|-item|p1b: Landorus|Choice Scarf|[from] ability: Frisk|[of] p2a: Munkidori|[identify]\n|-weather|Snow|[from] ability: Snow Warning|[of] p1a: Ninetales\n|turn|1\n|inactive|Katatatat_ has 30 seconds left.\n|inactive|NoobChessPlayer has 30 seconds left.\n|inactive|Katatatat_ has 20 seconds left.\n|inactive|NoobChessPlayer has 20 seconds left.\n|inactive|NoobChessPlayer has 15 seconds left.\n|\n|t:|1699889001\n|move|p2a: Munkidori|Fake Out|p1b: Landorus\n|-damage|p1b: Landorus|95\/100\n|cant|p1b: Landorus|flinch\n|move|p2b: Milotic|Hydro Pump|p1b: Landorus\n|-supereffective|p1b: Landorus\n|-damage|p1b: Landorus|0 fnt\n|faint|p1b: Landorus\n|move|p1a: Ninetales|Aurora Veil|p1a: Ninetales\n|-sidestart|p1: Katatatat_|move: Aurora Veil\n|\n|-weather|Snow|[upkeep]\n|upkeep\n|\n|t:|1699889014\n|switch|p1b: Arcanine|Arcanine-Hisui, L50, F|100\/100\n|turn|2\n|\n|t:|1699889037\n|-terastallize|p1b: Arcanine|Flying\n|move|p2a: Munkidori|Psychic|p1b: Arcanine\n|-damage|p1b: Arcanine|62\/100\n|move|p1b: Arcanine|Wild Charge|p2b: Milotic\n|-supereffective|p2b: Milotic\n|-damage|p2b: Milotic|39\/100\n|move|p2b: Milotic|Hydro Pump|p1b: Arcanine\n|-damage|p1b: Arcanine|0 fnt\n|faint|p1b: Arcanine\n|move|p1a: Ninetales|Blizzard|p2a: Munkidori|[spread] p2a,p2b\n|-resisted|p2b: Milotic\n|-damage|p2a: Munkidori|60\/100\n|-damage|p2b: Milotic|26\/100\n|\n|-weather|Snow|[upkeep]\n|upkeep\n|\n|t:|1699889053\n|switch|p1b: Flutter Mane|Flutter Mane, L50|100\/100\n|-enditem|p1b: Flutter Mane|Booster Energy\n|-activate|p1b: Flutter Mane|ability: Protosynthesis|[fromitem]\n|-start|p1b: Flutter Mane|protosynthesisspe\n|turn|3\n|\n|t:|1699889070\n|switch|p2a: Sinistcha|Sinistcha, L50|100\/100\n|-heal|p2b: Milotic|51\/100|[from] ability: Hospitality|[of] p2a: Sinistcha\n|move|p1b: Flutter Mane|Moonblast|p2b: Milotic\n|-damage|p2b: Milotic|10\/100\n|-unboost|p2b: Milotic|spa|1\n|-ability|p2b: Milotic|Competitive|boost\n|-boost|p2b: Milotic|spa|2\n|move|p2b: Milotic|Life Dew||[still]|[spread] p2a,p2b\n|-fail|p2a: Sinistcha|heal\n|-heal|p2b: Milotic|35\/100\n|move|p1a: Ninetales|Blizzard|p2a: Sinistcha|[spread] p2a,p2b\n|-supereffective|p2a: Sinistcha\n|-resisted|p2b: Milotic\n|-damage|p2a: Sinistcha|39\/100\n|-damage|p2b: Milotic|22\/100\n|\n|-weather|Snow|[upkeep]\n|upkeep\n|turn|4\n|\n|t:|1699889094\n|move|p2a: Sinistcha|Rage Powder|p2a: Sinistcha\n|-singleturn|p2a: Sinistcha|move: Rage Powder\n|move|p1b: Flutter Mane|Moonblast|p2a: Sinistcha\n|-damage|p2a: Sinistcha|0 fnt\n|faint|p2a: Sinistcha\n|move|p2b: Milotic|Hydro Pump|p1b: Flutter Mane\n|-damage|p1b: Flutter Mane|32\/100\n|move|p1a: Ninetales|Blizzard|p2b: Milotic\n|-resisted|p2b: Milotic\n|-damage|p2b: Milotic|3\/100\n|\n|-weather|Snow|[upkeep]\n|upkeep\n|\n|t:|1699889112\n|switch|p2a: Moltres|Moltres-Galar, L50|100\/100\n|turn|5\n|\n|t:|1699889134\n|move|p1b: Flutter Mane|Icy Wind|p2a: Moltres|[spread] p2a,p2b\n|-supereffective|p2a: Moltres\n|-resisted|p2b: Milotic\n|-damage|p2a: Moltres|76\/100\n|-damage|p2b: Milotic|0 fnt\n|-unboost|p2a: Moltres|spe|1\n|faint|p2b: Milotic\n|move|p1a: Ninetales|Blizzard|p2a: Moltres\n|-supereffective|p2a: Moltres\n|-crit|p2a: Moltres\n|-damage|p2a: Moltres|0 fnt\n|faint|p2a: Moltres\n|\n|-weather|none\n|upkeep\n|\n|t:|1699889153\n|switch|p2b: Munkidori|Munkidori, L50, M|60\/100\n|-item|p1a: Ninetales|Light Clay|[from] ability: Frisk|[of] p2b: Munkidori|[identify]\n|turn|6\n|\n|t:|1699889166\n|-terastallize|p2b: Munkidori|Poison\n|move|p1b: Flutter Mane|Protect|p1b: Flutter Mane\n|-singleturn|p1b: Flutter Mane|Protect\n|move|p2b: Munkidori|Sludge Bomb|p1b: Flutter Mane\n|-activate|p1b: Flutter Mane|move: Protect\n|move|p1a: Ninetales|Blizzard|p2b: Munkidori\n|-damage|p2b: Munkidori|1\/100\n|\n|upkeep\n|turn|7\n|inactive|NoobChessPlayer has 30 seconds left.\n|inactive|NoobChessPlayer has 20 seconds left.\n|inactive|NoobChessPlayer has 15 seconds left.\n|inactive|NoobChessPlayer has 10 seconds left.\n|inactive|NoobChessPlayer has 5 seconds left.\n|\n|t:|1699889221\n|move|p2b: Munkidori|Fake Out||[still]\n|-hint|Fake Out only works on your first turn out.\n|-fail|p2b: Munkidori\n|move|p1b: Flutter Mane|Moonblast|p2b: Munkidori\n|-resisted|p2b: Munkidori\n|-damage|p2b: Munkidori|0 fnt\n|faint|p2b: Munkidori\n|\n|win|Katatatat_\n|raw|Katatatat_'s rating: 1111 &rarr; <strong>1136<\/strong><br \/>(+25 for winning)\n|raw|NoobChessPlayer's rating: 1109 &rarr; <strong>1084<\/strong><br \/>(-25 for losing)\n","uploadtime":1699889232,"views":35,"p1id":"katatatat","p2id":"noobchessplayer","formatid":"gen9vgc2023regulatione","rating":1084,"private":0,"password":""}