{"id":"gen9vgc2023regulatione-1993848321","p1":"PunkRockObstagoon","p2":"diamondmon551","format":"[Gen 9] VGC 2023 Regulation E","log":"|j|\u2606PunkRockObstagoon\n|j|\u2606diamondmon551\n|t:|1700364872\n|gametype|doubles\n|player|p1|PunkRockObstagoon|hilbert|1440\n|player|p2|diamondmon551|penny|1648\n|teamsize|p1|6\n|teamsize|p2|6\n|gen|9\n|tier|[Gen 9] VGC 2023 Regulation E\n|rated|\n|rule|Species Clause: Limit one of each Pok\u00e9mon\n|rule|Item Clause: Limit one of each item\n|clearpoke\n|poke|p1|Spinarak, L50, M|\n|poke|p1|Tatsugiri-Droopy, L50, M|\n|poke|p1|Urshifu-*, L50, M|\n|poke|p1|Lurantis, L50, F|\n|poke|p1|Armarouge, L50, M|\n|poke|p1|Farigiraf, L50, F|\n|poke|p2|Ogerpon-Hearthflame, L50, F|\n|poke|p2|Landorus-Therian, L50, M|\n|poke|p2|Iron Hands, L50|\n|poke|p2|Flutter Mane, L50|\n|poke|p2|Roaring Moon, L50|\n|poke|p2|Gholdengo, L50|\n|teampreview|4\n|inactive|Battle timer is ON: inactive players will automatically lose when time's up. (requested by PunkRockObstagoon)\n|inactive|PunkRockObstagoon has 60 seconds left.\n|inactive|diamondmon551 has 60 seconds left.\ndiamondmon551 has agreed to open team sheets.\n|inactive|diamondmon551 has 30 seconds left.\n|inactive|diamondmon551 has 20 seconds left.\n|inactive|diamondmon551 has 15 seconds left.\n|inactive|diamondmon551 has 10 seconds left.\nPunkRockObstagoon rejected open team sheets.\n|inactive|diamondmon551 has 5 seconds left.\n|\n|t:|1700364962\n|start\n|switch|p1a: Armarouge|Armarouge, L50, M|100\/100\n|switch|p1b: Urshifu|Urshifu-Rapid-Strike, L50, M|100\/100\n|switch|p2a: Roaring Moon|Roaring Moon, L50|100\/100\n|switch|p2b: Gholdengo|Gholdengo, L50|100\/100\n|-enditem|p2a: Roaring Moon|Booster Energy\n|-activate|p2a: Roaring Moon|ability: Protosynthesis|[fromitem]\n|-start|p2a: Roaring Moon|protosynthesisspe\n|turn|1\n|inactive|diamondmon551 has 30 seconds left.\n|inactive|diamondmon551 has 20 seconds left.\n|inactive|diamondmon551 has 15 seconds left.\n|inactive|diamondmon551 has 10 seconds left.\n|\n|t:|1700365012\n|-terastallize|p1a: Armarouge|Fairy\n|move|p2a: Roaring Moon|Knock Off|p1a: Armarouge\n|-resisted|p1a: Armarouge\n|-damage|p1a: Armarouge|77\/100\n|-enditem|p1a: Armarouge|Safety Goggles|[from] move: Knock Off|[of] p2a: Roaring Moon\n|move|p1b: Urshifu|U-turn|p2a: Roaring Moon\n|-supereffective|p2a: Roaring Moon\n|-damage|p2a: Roaring Moon|39\/100\n|\n|t:|1700365019\n|switch|p1b: Spinarak|Spinarak, L50, M, shiny|100\/100|[from] U-turn\n|move|p2b: Gholdengo|Shadow Ball|p1a: Armarouge\n|-damage|p1a: Armarouge|25\/100\n|move|p1a: Armarouge|Trick Room|p1a: Armarouge\n|-fieldstart|move: Trick Room|[of] p1a: Armarouge\n|\n|upkeep\n|turn|2\n|c|\u2606diamondmon551|im so confused\n|inactive|diamondmon551 has 30 seconds left.\n|inactive|diamondmon551 has 20 seconds left.\n|inactive|diamondmon551 has 15 seconds left.\n|inactive|diamondmon551 has 10 seconds left.\n|\n|t:|1700365067\n|-terastallize|p2b: Gholdengo|Water\n|move|p1b: Spinarak|Sunny Day|p1b: Spinarak\n|-weather|SunnyDay\n|move|p1a: Armarouge|Heat Wave|p2a: Roaring Moon|[spread] p2a,p2b\n|-resisted|p2a: Roaring Moon\n|-resisted|p2b: Gholdengo\n|-damage|p2a: Roaring Moon|10\/100\n|-damage|p2b: Gholdengo|66\/100\n|-status|p2a: Roaring Moon|brn\n|move|p2b: Gholdengo|Make It Rain|p1b: Spinarak|[spread] p1a,p1b\n|-supereffective|p1a: Armarouge\n|-damage|p1a: Armarouge|0 fnt\n|-damage|p1b: Spinarak|18\/100\n|-unboost|p2b: Gholdengo|spa|1\n|faint|p1a: Armarouge\n|move|p2a: Roaring Moon|Acrobatics|p1b: Spinarak\n|-supereffective|p1b: Spinarak\n|-damage|p1b: Spinarak|0 fnt\n|faint|p1b: Spinarak\n|\n|-weather|SunnyDay|[upkeep]\n|-heal|p2b: Gholdengo|73\/100|[from] item: Leftovers\n|-damage|p2a: Roaring Moon|4\/100 brn|[from] brn\n|upkeep\n|\n|t:|1700365075\n|switch|p1b: Urshifu|Urshifu-Rapid-Strike, L50, M|100\/100\n|switch|p1a: Lurantis|Lurantis, L50, F|100\/100\n|turn|3\n|inactive|diamondmon551 has 30 seconds left.\n|inactive|diamondmon551 has 20 seconds left.\n|inactive|diamondmon551 has 15 seconds left.\n|\n|t:|1700365116\n|move|p1a: Lurantis|Leaf Blade|p2b: Gholdengo\n|-supereffective|p2b: Gholdengo\n|-damage|p2b: Gholdengo|0 fnt\n|faint|p2b: Gholdengo\n|move|p1b: Urshifu|Rock Slide|p2a: Roaring Moon\n|-damage|p2a: Roaring Moon|0 fnt\n|faint|p2a: Roaring Moon\n|-end|p2a: Roaring Moon|Protosynthesis|[silent]\n|\n|-weather|SunnyDay|[upkeep]\n|upkeep\n|\n|t:|1700365130\n|switch|p2b: Ogerpon|Ogerpon-Hearthflame, L50, F|100\/100\n|switch|p2a: Flutter Mane|Flutter Mane, L50|100\/100\n|-ability|p2b: Ogerpon|Mold Breaker\n|-activate|p2a: Flutter Mane|ability: Protosynthesis\n|-start|p2a: Flutter Mane|protosynthesisspe\n|turn|4\n|\n|t:|1700365136\n|move|p2b: Ogerpon|Follow Me|p2b: Ogerpon\n|-singleturn|p2b: Ogerpon|move: Follow Me\n|move|p1a: Lurantis|Leaf Blade|p2b: Ogerpon\n|-resisted|p2b: Ogerpon\n|-crit|p2b: Ogerpon\n|-damage|p2b: Ogerpon|81\/100\n|move|p1b: Urshifu|Rock Slide|p2b: Ogerpon|[spread] p2a,p2b\n|-supereffective|p2b: Ogerpon\n|-damage|p2a: Flutter Mane|68\/100\n|-damage|p2b: Ogerpon|31\/100\n|move|p2a: Flutter Mane|Dazzling Gleam|p1a: Lurantis|[spread] p1a,p1b\n|-supereffective|p1b: Urshifu\n|-damage|p1a: Lurantis|65\/100\n|-damage|p1b: Urshifu|0 fnt\n|faint|p1b: Urshifu\n|\n|-weather|SunnyDay|[upkeep]\n|upkeep\n|turn|5\n|\n|t:|1700365150\n|move|p2b: Ogerpon|Spiky Shield|p2b: Ogerpon\n|-singleturn|p2b: Ogerpon|move: Protect\n|move|p1a: Lurantis|Superpower|p2b: Ogerpon\n|-activate|p2b: Ogerpon|move: Protect\n|-damage|p1a: Lurantis|52\/100|[from] Spiky Shield|[of] p2b: Ogerpon\n|move|p2a: Flutter Mane|Dazzling Gleam|p1a: Lurantis\n|-damage|p1a: Lurantis|10\/100\n|\n|-weather|SunnyDay|[upkeep]\n|-fieldend|move: Trick Room\n|upkeep\n|turn|6\n|-message|PunkRockObstagoon forfeited.\n|\n|win|diamondmon551\n|raw|PunkRockObstagoon's rating: 1440 &rarr; <strong>1431<\/strong><br \/>(-9 for losing)\n|raw|diamondmon551's rating: 1648 &rarr; <strong>1657<\/strong><br \/>(+9 for winning)\n|l|\u2606PunkRockObstagoon\n","uploadtime":1700365163,"views":9,"p1id":"punkrockobstagoon","p2id":"diamondmon551","formatid":"gen9vgc2023regulatione","rating":1431,"private":0,"password":""}