{"id":"gen9vgc2023regulatione-1995487165","p1":"paolance","p2":"YoungCopatore","format":"[Gen 9] VGC 2023 Regulation E","log":"|j|\u2606paolance\n|j|\u2606YoungCopatore\n|n|\u2606paolance|paolance\n|n|\u2606YoungCopatore|youngcopatore\n|html|View the match progress at <a href=\"\/game-bestof3-gen9vgc2023regulatione-1995487164\">game-bestof3-gen9vgc2023regulatione-1995487164<\/a>\n|t:|1700576186\n|gametype|doubles\n|player|p1|paolance|266|\n|player|p2|YoungCopatore|alec-anime|\n|teamsize|p1|6\n|teamsize|p2|6\n|gen|9\n|tier|[Gen 9] VGC 2023 Regulation E\n|rated|Tournament battle\n|rule|Species Clause: Limit one of each Pok\u00e9mon\n|rule|Item Clause: Limit one of each item\n|clearpoke\n|poke|p1|Amoonguss, L50, F|\n|poke|p1|Landorus-Therian, L50, M|\n|poke|p1|Iron Hands, L50|\n|poke|p1|Flutter Mane, L50|\n|poke|p1|Heatran, L50, M|\n|poke|p1|Chien-Pao, L50|\n|poke|p2|Gholdengo, L50|\n|poke|p2|Urshifu-*, L50, M|\n|poke|p2|Tornadus, L50, M|\n|poke|p2|Landorus-Therian, L50, M|\n|poke|p2|Ogerpon-Wellspring, L50, F|\n|poke|p2|Brambleghast, L50, F|\n|teampreview|4\n|showteam|p1|Amoonguss||RockyHelmet|Regenerator|PollenPuff,RagePowder,Spore,Protect|||F|||50|,,,,,Water]Landorus-Therian||ChoiceScarf|Intimidate|TeraBlast,Uturn,StompingTantrum,RockSlide|||M|||50|,,,,,Flying]Iron Hands||AssaultVest|QuarkDrive|FakeOut,WildCharge,DrainPunch,HeavySlam||||||50|,,,,,Water]Flutter Mane||BoosterEnergy|Protosynthesis|Moonblast,ShadowBall,DazzlingGleam,Protect||||||50|,,,,,Fairy]Heatran||Leftovers|FlashFire|MagmaStorm,FlashCannon,EarthPower,Protect|||M|||50|,,,,,Grass]Chien-Pao||FocusSash|SwordofRuin|IcicleCrash,SuckerPunch,SacredSword,Protect||||||50|,,,,,Ghost\n|showteam|p2|Gholdengo||Leftovers|GoodasGold|MakeItRain,ShadowBall,NastyPlot,Protect||||||50|,,,,,Dragon]Urshifu-Rapid-Strike||LifeOrb|UnseenFist|SurgingStrikes,CloseCombat,AquaJet,Detect|||M|||50|,,,,,Poison]Tornadus||RockyHelmet|Prankster|BleakwindStorm,RainDance,Tailwind,Protect|||M|||50|,,,,,Ghost]Landorus-Therian||ChoiceBand|Intimidate|StompingTantrum,RockSlide,Earthquake,Uturn|||M|||50|,,,,,Water]Ogerpon-Wellspring||WellspringMask|WaterAbsorb|IvyCudgel,WoodHammer,FollowMe,SpikyShield|||F|||50|,,,,,Water]Brambleghast||FocusSash|WindRider|Poltergeist,PowerWhip,ShadowSneak,Protect|||F|||50|,,,,,Ghost\n|j| bloodcurseuk\n|\n|t:|1700576217\n|start\n|switch|p1a: Amoonguss|Amoonguss, L50, F|100\/100\n|switch|p1b: Chien-Pao|Chien-Pao, L50|100\/100\n|switch|p2a: Tornadus|Tornadus, L50, M|100\/100\n|switch|p2b: Landorus|Landorus-Therian, L50, M|100\/100\n|-ability|p1b: Chien-Pao|Sword of Ruin\n|-ability|p2b: Landorus|Intimidate|boost\n|-unboost|p1a: Amoonguss|atk|1\n|-unboost|p1b: Chien-Pao|atk|1\n|turn|1\n|inactive|Battle timer is ON: inactive players will automatically lose when time's up. (requested by YoungCopatore)\n|\n|t:|1700576231\n|switch|p1b: Heatran|Heatran, L50, M, shiny|100\/100\n|switch|p2b: Ogerpon|Ogerpon-Wellspring, L50, F|100\/100\n|switch|p1a: Landorus|Landorus-Therian, L50, M, shiny|100\/100\n|-ability|p1a: Landorus|Intimidate|boost\n|-unboost|p2a: Tornadus|atk|1\n|-unboost|p2b: Ogerpon|atk|1\n|move|p2a: Tornadus|Protect||[still]\n|-fail|p2a: Tornadus\n|\n|upkeep\n|turn|2\n|\n|t:|1700576250\n|switch|p1a: Amoonguss|Amoonguss, L50, F|100\/100\n|switch|p2b: Landorus|Landorus-Therian, L50, M|100\/100\n|-ability|p2b: Landorus|Intimidate|boost\n|-unboost|p1a: Amoonguss|atk|1\n|-unboost|p1b: Heatran|atk|1\n|move|p2a: Tornadus|Rain Dance|p2a: Tornadus\n|-weather|RainDance\n|move|p1b: Heatran|Magma Storm|p2a: Tornadus\n|-damage|p2a: Tornadus|68\/100\n|-activate|p2a: Tornadus|move: Magma Storm|[of] p1b: Heatran\n|\n|-weather|RainDance|[upkeep]\n|-damage|p2a: Tornadus|56\/100|[from] move: Magma Storm|[partiallytrapped]\n|upkeep\n|turn|3\n|\n|t:|1700576271\n|move|p1b: Heatran|Protect|p1b: Heatran\n|-singleturn|p1b: Heatran|Protect\n|move|p1a: Amoonguss|Protect|p1a: Amoonguss\n|-singleturn|p1a: Amoonguss|Protect\n|move|p2a: Tornadus|Bleakwind Storm|p1b: Heatran|[spread] \n|-activate|p1a: Amoonguss|move: Protect\n|-activate|p1b: Heatran|move: Protect\n|move|p2b: Landorus|U-turn|p1a: Amoonguss\n|-activate|p1a: Amoonguss|move: Protect\n|\n|-weather|RainDance|[upkeep]\n|-damage|p2a: Tornadus|44\/100|[from] move: Magma Storm|[partiallytrapped]\n|upkeep\n|turn|4\n|\n|t:|1700576288\n|move|p2a: Tornadus|Tailwind|p2a: Tornadus\n|-sidestart|p2: YoungCopatore|move: Tailwind\n|move|p2b: Landorus|U-turn|p1a: Amoonguss\n|-damage|p1a: Amoonguss|71\/100\n|-damage|p2b: Landorus|84\/100|[from] item: Rocky Helmet|[of] p1a: Amoonguss\n|\n|t:|1700576291\n|switch|p2b: Ogerpon|Ogerpon-Wellspring, L50, F|100\/100|[from] U-turn\n|move|p1b: Heatran|Magma Storm|p2b: Ogerpon|[miss]\n|-miss|p1b: Heatran|p2b: Ogerpon\n|move|p1a: Amoonguss|Spore|p2a: Tornadus\n|-status|p2a: Tornadus|slp|[from] move: Spore\n|\n|-weather|RainDance|[upkeep]\n|-damage|p2a: Tornadus|31\/100 slp|[from] move: Magma Storm|[partiallytrapped]\n|upkeep\n|turn|5\n|j| Red Fang X\n|inactive|paolance has 30 seconds left.\n|\n|t:|1700576320\n|-terastallize|p1b: Heatran|Grass\n|move|p2b: Ogerpon|Spiky Shield|p2b: Ogerpon\n|-singleturn|p2b: Ogerpon|move: Protect\n|cant|p2a: Tornadus|slp\n|move|p1b: Heatran|Flash Cannon|p2a: Tornadus\n|-damage|p2a: Tornadus|0 fnt\n|faint|p2a: Tornadus\n|move|p1a: Amoonguss|Pollen Puff|p1b: Heatran\n|-immune|p1b: Heatran\n|\n|-weather|RainDance|[upkeep]\n|upkeep\n|\n|t:|1700576331\n|switch|p2a: Brambleghast|Brambleghast, L50, F|100\/100\n|-ability|p2a: Brambleghast|Wind Rider|boost\n|-boost|p2a: Brambleghast|atk|1\n|turn|6\n|\n|t:|1700576335\n|move|p1b: Heatran|Protect|p1b: Heatran\n|-singleturn|p1b: Heatran|Protect\n|move|p1a: Amoonguss|Protect|p1a: Amoonguss\n|-singleturn|p1a: Amoonguss|Protect\n|move|p2b: Ogerpon|Ivy Cudgel|p1b: Heatran|[anim] Ivy Cudgel Water\n|-activate|p1b: Heatran|move: Protect\n|move|p2a: Brambleghast|Poltergeist|p1b: Heatran\n|-activate|p1b: Heatran|move: Protect\n|\n|-weather|none\n|upkeep\n|turn|7\n|\n|t:|1700576350\n|switch|p1a: Landorus|Landorus-Therian, L50, M, shiny|100\/100\n|-ability|p1a: Landorus|Intimidate|boost\n|-unboost|p2a: Brambleghast|atk|1\n|-unboost|p2b: Ogerpon|atk|1\n|-terastallize|p2a: Brambleghast|Ghost\n|move|p2b: Ogerpon|Ivy Cudgel|p1b: Heatran|[anim] Ivy Cudgel Water\n|-resisted|p1b: Heatran\n|-damage|p1b: Heatran|83\/100\n|move|p2a: Brambleghast|Poltergeist|p1b: Heatran\n|-activate|p1b: Heatran|move: Poltergeist|Leftovers\n|-damage|p1b: Heatran|13\/100\n|move|p1b: Heatran|Magma Storm|p2a: Brambleghast\n|-enditem|p2a: Brambleghast|Focus Sash\n|-damage|p2a: Brambleghast|1\/100\n|-activate|p2a: Brambleghast|move: Magma Storm|[of] p1b: Heatran\n|\n|-heal|p1b: Heatran|19\/100|[from] item: Leftovers\n|-damage|p2a: Brambleghast|0 fnt|[from] move: Magma Storm|[partiallytrapped]\n|faint|p2a: Brambleghast\n|-sideend|p2: YoungCopatore|move: Tailwind\n|upkeep\n|j| Poke abir\n|\n|t:|1700576363\n|switch|p2a: Landorus|Landorus-Therian, L50, M|84\/100\n|-ability|p2a: Landorus|Intimidate|boost\n|-unboost|p1a: Landorus|atk|1\n|-unboost|p1b: Heatran|atk|1\n|turn|8\n|\n|t:|1700576371\n|move|p1a: Landorus|U-turn|p2a: Landorus\n|-resisted|p2a: Landorus\n|-damage|p2a: Landorus|76\/100\n|\n|t:|1700576374\n|switch|p1a: Amoonguss|Amoonguss, L50, F|100\/100|[from] U-turn\n|move|p2b: Ogerpon|Ivy Cudgel|p1a: Amoonguss|[anim] Ivy Cudgel Water\n|-resisted|p1a: Amoonguss\n|-damage|p1a: Amoonguss|87\/100\n|move|p2a: Landorus|Rock Slide|p1b: Heatran|[spread] p1a,p1b\n|-damage|p1a: Amoonguss|64\/100\n|-damage|p1b: Heatran|0 fnt\n|faint|p1b: Heatran\n|\n|upkeep\n|\n|t:|1700576375\n|switch|p1b: Chien-Pao|Chien-Pao, L50|100\/100\n|-ability|p1b: Chien-Pao|Sword of Ruin\n|turn|9\n|-message|YoungCopatore forfeited.\n|\n|win|paolance\n|c|&|\/uhtml prompt-youngcopatore,YoungCopatore is ready for game 2!\n|c|&|\/uhtml prompt-paolance,paolance is ready for game 2!\nBoth players are ready! Starting next match!\n","uploadtime":1700576388,"views":0,"p1id":"paolance","p2id":"youngcopatore","formatid":"gen9vgc2023regulatione","rating":0,"private":0,"password":""}