{"id":"gen9vgc2023regulatione-1990921547","p1":"NegrOscar","p2":"j1m13o","format":"[Gen 9] VGC 2023 Regulation E","log":"|j|\u2606NegrOscar\n|j|\u2606j1m13o\n|t:|1700015393\n|gametype|doubles\n|player|p1|NegrOscar|102|1147\n|player|p2|j1m13o|102|1145\n|teamsize|p1|6\n|teamsize|p2|6\n|gen|9\n|tier|[Gen 9] VGC 2023 Regulation E\n|rated|\n|rule|Species Clause: Limit one of each Pok\u00e9mon\n|rule|Item Clause: Limit one of each item\n|clearpoke\n|poke|p1|Urshifu-*, L50, M|\n|poke|p1|Flutter Mane, L50|\n|poke|p1|Gholdengo, L50|\n|poke|p1|Landorus-Therian, L50, M|\n|poke|p1|Iron Bundle, L50|\n|poke|p1|Tornadus, L50, M|\n|poke|p2|Ursaluna-Bloodmoon, L50, M|\n|poke|p2|Torkoal, L50, F|\n|poke|p2|Dusclops, L50, F|\n|poke|p2|Clefable, L50, M|\n|poke|p2|Golem-Alola, L50, F|\n|poke|p2|Lucario, L50, F|\n|teampreview|4\n|\n|t:|1700015427\n|start\n|switch|p1a: Urshifu|Urshifu, L50, M|100\/100\n|switch|p1b: Iron Bundle|Iron Bundle, L50, shiny|100\/100\n|switch|p2a: Mr. Hands|Dusclops, L50, F|100\/100\n|switch|p2b: Clefable|Clefable, L50, M|100\/100\n|-item|p1a: Urshifu|Choice Band|[from] ability: Frisk|[of] p2a: Mr. Hands|[identify]\n|-item|p1b: Iron Bundle|Booster Energy|[from] ability: Frisk|[of] p2a: Mr. Hands|[identify]\n|-enditem|p1b: Iron Bundle|Booster Energy\n|-activate|p1b: Iron Bundle|ability: Quark Drive|[fromitem]\n|-start|p1b: Iron Bundle|quarkdrivespe\n|turn|1\n|\n|t:|1700015452\n|switch|p1a: Gholdengo|Gholdengo, L50|100\/100\n|move|p2b: Clefable|Follow Me|p2b: Clefable\n|-singleturn|p2b: Clefable|move: Follow Me\n|move|p1b: Iron Bundle|Icy Wind|p2b: Clefable|[spread] p2a,p2b\n|-damage|p2a: Mr. Hands|90\/100\n|-damage|p2b: Clefable|86\/100\n|-unboost|p2a: Mr. Hands|spe|1\n|-unboost|p2b: Clefable|spe|1\n|-enditem|p2b: Clefable|Eject Button\n|\n|t:|1700015461\n|switch|p2b: Ursaluna|Ursaluna-Bloodmoon, L50, M|100\/100\n|move|p2a: Mr. Hands|Trick Room|p2a: Mr. Hands\n|-fieldstart|move: Trick Room|[of] p2a: Mr. Hands\n|\n|upkeep\n|turn|2\n|\n|t:|1700015503\n|move|p2a: Mr. Hands|Helping Hand|p2b: Ursaluna\n|-singleturn|p2b: Ursaluna|Helping Hand|[of] p2a: Mr. Hands\n|move|p2b: Ursaluna|Hyper Voice|p1a: Gholdengo|[spread] p1a,p1b\n|-enditem|p2b: Ursaluna|Normal Gem|[from] gem\n|-resisted|p1a: Gholdengo\n|-damage|p1a: Gholdengo|66\/100\n|-damage|p1b: Iron Bundle|0 fnt\n|faint|p1b: Iron Bundle\n|-end|p1b: Iron Bundle|Quark Drive|[silent]\n|move|p1a: Gholdengo|Shadow Ball|p2a: Mr. Hands\n|-supereffective|p2a: Mr. Hands\n|-damage|p2a: Mr. Hands|24\/100\n|\n|upkeep\n|inactive|Battle timer is ON: inactive players will automatically lose when time's up. (requested by j1m13o)\n|\n|t:|1700015523\n|switch|p1b: Landorus|Landorus-Therian, L50, M|100\/100\n|-ability|p1b: Landorus|Intimidate|boost\n|-unboost|p2a: Mr. Hands|atk|1\n|-unboost|p2b: Ursaluna|atk|1\n|turn|3\n|inactive|NegrOscar has 30 seconds left.\n|\n|t:|1700015558\n|-terastallize|p2b: Ursaluna|Normal\n|move|p2a: Mr. Hands|Helping Hand|p2b: Ursaluna\n|-singleturn|p2b: Ursaluna|Helping Hand|[of] p2a: Mr. Hands\n|move|p2b: Ursaluna|Blood Moon|p1b: Landorus\n|-damage|p1b: Landorus|0 fnt\n|faint|p1b: Landorus\n|move|p1a: Gholdengo|Shadow Ball|p2a: Mr. Hands\n|-supereffective|p2a: Mr. Hands\n|-damage|p2a: Mr. Hands|0 fnt\n|faint|p2a: Mr. Hands\n|\n|upkeep\n|\n|t:|1700015569\n|switch|p2a: Clefable|Clefable, L50, M|86\/100\n|switch|p1b: Urshifu|Urshifu, L50, M|100\/100\n|turn|4\n|inactive|NegrOscar has 30 seconds left.\n|\n|t:|1700015596\n|move|p2a: Clefable|Helping Hand|p2b: Ursaluna\n|-singleturn|p2b: Ursaluna|Helping Hand|[of] p2a: Clefable\n|move|p2b: Ursaluna|Hyper Voice|p1a: Gholdengo|[spread] p1a,p1b\n|-resisted|p1a: Gholdengo\n|-damage|p1a: Gholdengo|30\/100\n|-damage|p1b: Urshifu|0 fnt\n|faint|p1b: Urshifu\n|move|p1a: Gholdengo|Shadow Ball|p2a: Clefable\n|-damage|p2a: Clefable|34\/100\n|\n|upkeep\n|turn|5\n|-message|NegrOscar forfeited.\n|\n|win|j1m13o\n|raw|NegrOscar's rating: 1147 &rarr; <strong>1122<\/strong><br \/>(-25 for losing)\n|raw|j1m13o's rating: 1145 &rarr; <strong>1170<\/strong><br \/>(+25 for winning)\n|l|\u2606NegrOscar\n","uploadtime":1700015615,"views":28,"p1id":"negroscar","p2id":"j1m13o","formatid":"gen9vgc2023regulatione","rating":1122,"private":0,"password":""}