{"id":"gen9vgc2023regulatione-1988802373","p1":"ann732287093","p2":"Ozwald McFly","format":"[Gen 9] VGC 2023 Regulation E","log":"|j|\u2606ann732287093\n|j|\u2606Ozwald McFly\n|t:|1699765259\n|gametype|doubles\n|player|p1|ann732287093|dawn|1373\n|player|p2|Ozwald McFly|birdkeeper-gen4dp|1358\n|teamsize|p1|6\n|teamsize|p2|6\n|gen|9\n|tier|[Gen 9] VGC 2023 Regulation E\n|rated|\n|rule|Species Clause: Limit one of each Pok\u00e9mon\n|rule|Item Clause: Limit one of each item\n|clearpoke\n|poke|p1|Flutter Mane, L50|\n|poke|p1|Iron Hands, L50|\n|poke|p1|Tornadus, L50, M|\n|poke|p1|Arcanine-Hisui, L50, M|\n|poke|p1|Rillaboom, L50, F|\n|poke|p1|Ogerpon-Hearthflame, L50, F|\n|poke|p2|Noctowl, L50, F|\n|poke|p2|Sandy Shocks, L50|\n|poke|p2|Espeon, L50, F|\n|poke|p2|Indeedee-F, L50, F|\n|poke|p2|Iron Hands, L50|\n|poke|p2|Decidueye-Hisui, L50, M|\n|teampreview|4\n|inactive|Battle timer is ON: inactive players will automatically lose when time's up. (requested by ann732287093)\n|\n|t:|1699765282\n|start\n|switch|p1a: Tornadus|Tornadus, L50, M|100\/100\n|switch|p1b: Arcanine|Arcanine-Hisui, L50, M|100\/100\n|switch|p2a: Decidueye|Decidueye-Hisui, L50, M, shiny|100\/100\n|switch|p2b: Indeedee|Indeedee-F, L50, F|100\/100\n|-ability|p1b: Arcanine|Intimidate|boost\n|-fail|p2a: Decidueye|unboost|Attack|[from] ability: Scrappy|[of] p2a: Decidueye\n|-unboost|p2b: Indeedee|atk|1\n|-fieldstart|move: Psychic Terrain|[from] ability: Psychic Surge|[of] p2b: Indeedee\n|turn|1\n|\n|t:|1699765304\n|move|p2a: Decidueye|Protect|p2a: Decidueye\n|-singleturn|p2a: Decidueye|Protect\n|move|p1a: Tornadus|Bleakwind Storm|p2b: Indeedee|[spread] p2b\n|-activate|p2a: Decidueye|move: Protect\n|-damage|p2b: Indeedee|67\/100\n|move|p1b: Arcanine|Flare Blitz|p2b: Indeedee\n|-damage|p2b: Indeedee|0 fnt\n|faint|p2b: Indeedee\n|-damage|p1b: Arcanine|81\/100|[from] Recoil\n|\n|upkeep\n|\n|t:|1699765314\n|switch|p2b: Iron Hands|Iron Hands, L50|100\/100\n|turn|2\n|inactive|Ozwald McFly has 30 seconds left.\n|inactive|Ozwald McFly has 20 seconds left.\n|\n|t:|1699765352\n|-terastallize|p2a: Decidueye|Fighting\n|move|p1a: Tornadus|Bleakwind Storm|p2a: Decidueye|[spread] p2b\n|-miss|p1a: Tornadus|p2a: Decidueye\n|-damage|p2b: Iron Hands|79\/100\n|move|p1b: Arcanine|Flare Blitz|p2a: Decidueye\n|-damage|p2a: Decidueye|5\/100\n|-status|p2a: Decidueye|brn\n|-damage|p1b: Arcanine|51\/100|[from] Recoil\n|move|p2a: Decidueye|Triple Arrows|p1b: Arcanine\n|-supereffective|p1b: Arcanine\n|-damage|p1b: Arcanine|0 fnt\n|faint|p1b: Arcanine\n|move|p2b: Iron Hands|Wild Charge|p1a: Tornadus\n|-supereffective|p1a: Tornadus\n|-enditem|p1a: Tornadus|Focus Sash\n|-damage|p1a: Tornadus|1\/100\n|-damage|p2b: Iron Hands|62\/100|[from] Recoil\n|\n|-damage|p2a: Decidueye|0 fnt|[from] brn\n|faint|p2a: Decidueye\n|upkeep\n|\n|t:|1699765376\n|switch|p1b: Rillaboom|Rillaboom, L50, F|100\/100\n|switch|p2a: Espeon|Espeon, L50, F|100\/100\n|-fieldstart|move: Grassy Terrain|[from] ability: Grassy Surge|[of] p1b: Rillaboom\n|turn|3\n|\n|t:|1699765393\n|move|p1b: Rillaboom|Fake Out|p2a: Espeon\n|-damage|p2a: Espeon|71\/100\n|cant|p2a: Espeon|flinch\n|move|p1a: Tornadus|Bleakwind Storm|p2b: Iron Hands|[spread] p2a,p2b\n|-crit|p2b: Iron Hands\n|-damage|p2a: Espeon|18\/100\n|-damage|p2b: Iron Hands|31\/100\n|-unboost|p2b: Iron Hands|spe|1\n|move|p2b: Iron Hands|Drain Punch|p1b: Rillaboom\n|-damage|p1b: Rillaboom|57\/100\n|-heal|p2b: Iron Hands|51\/100|[from] drain|[of] p1b: Rillaboom\n|\n|-heal|p2a: Espeon|23\/100|[from] Grassy Terrain\n|-heal|p1b: Rillaboom|62\/100|[from] Grassy Terrain\n|-heal|p2b: Iron Hands|57\/100|[from] Grassy Terrain\n|upkeep\n|turn|4\n|inactive|Ozwald McFly has 30 seconds left.\n|\n|t:|1699765419\n|move|p2a: Espeon|Detect|p2a: Espeon\n|-singleturn|p2a: Espeon|Protect\n|move|p1b: Rillaboom|Grassy Glide|p2a: Espeon\n|-activate|p2a: Espeon|move: Protect\n|move|p1a: Tornadus|Bleakwind Storm|p2b: Iron Hands|[spread] p2b\n|-activate|p2a: Espeon|move: Protect\n|-damage|p2b: Iron Hands|35\/100\n|move|p2b: Iron Hands|Drain Punch|p1b: Rillaboom\n|-damage|p1b: Rillaboom|18\/100\n|-heal|p2b: Iron Hands|55\/100|[from] drain|[of] p1b: Rillaboom\n|\n|-heal|p2a: Espeon|29\/100|[from] Grassy Terrain\n|-heal|p1b: Rillaboom|24\/100|[from] Grassy Terrain\n|-heal|p2b: Iron Hands|61\/100|[from] Grassy Terrain\n|upkeep\n|turn|5\n|\n|t:|1699765438\n|move|p1b: Rillaboom|Grassy Glide|p2a: Espeon\n|-damage|p2a: Espeon|0 fnt\n|faint|p2a: Espeon\n|move|p1a: Tornadus|Bleakwind Storm|p2b: Iron Hands\n|-damage|p2b: Iron Hands|33\/100\n|move|p2b: Iron Hands|Drain Punch|p1b: Rillaboom\n|-damage|p1b: Rillaboom|0 fnt\n|-heal|p2b: Iron Hands|44\/100|[from] drain|[of] p1b: Rillaboom\n|faint|p1b: Rillaboom\n|\n|-heal|p2b: Iron Hands|50\/100|[from] Grassy Terrain\n|upkeep\n|\n|t:|1699765450\n|switch|p1b: Flutter Mane|Flutter Mane, L50|100\/100\n|turn|6\n|\n|t:|1699765456\n|-terastallize|p1a: Tornadus|Ground\n|move|p1a: Tornadus|Tera Blast|p2b: Iron Hands|[anim] Tera Blast Ground\n|-supereffective|p2b: Iron Hands\n|-damage|p2b: Iron Hands|6\/100\n|move|p1b: Flutter Mane|Moonblast|p2b: Iron Hands\n|-supereffective|p2b: Iron Hands\n|-damage|p2b: Iron Hands|0 fnt\n|faint|p2b: Iron Hands\n|-end|p2b: Iron Hands|Quark Drive|[silent]\n|\n|win|ann732287093\n|raw|ann732287093's rating: 1373 &rarr; <strong>1392<\/strong><br \/>(+19 for winning)\n|raw|Ozwald McFly's rating: 1358 &rarr; <strong>1339<\/strong><br \/>(-19 for losing)\n","uploadtime":1699765467,"views":10,"p1id":"ann732287093","p2id":"ozwaldmcfly","formatid":"gen9vgc2023regulatione","rating":1339,"private":0,"password":""}