{"id":"gen9vgc2023regulatione-1993966130","p1":"rennui-","p2":"GB Five","format":"[Gen 9] VGC 2023 Regulation E","log":"|j|\u2606rennui-\n|j|\u2606GB Five\n|t:|1700384436\n|gametype|doubles\n|player|p1|rennui-|erika|1635\n|player|p2|GB Five|102|1654\n|teamsize|p1|6\n|teamsize|p2|6\n|gen|9\n|tier|[Gen 9] VGC 2023 Regulation E\n|rated|\n|rule|Species Clause: Limit one of each Pok\u00e9mon\n|rule|Item Clause: Limit one of each item\n|clearpoke\n|poke|p1|Flutter Mane, L50|\n|poke|p1|Chi-Yu, L50|\n|poke|p1|Torkoal, L50, F|\n|poke|p1|Ogerpon-Wellspring, L50, F|\n|poke|p1|Farigiraf, L50, M|\n|poke|p1|Iron Hands, L50|\n|poke|p2|Flutter Mane, L50|\n|poke|p2|Urshifu-*, L50, M|\n|poke|p2|Tornadus, L50, M|\n|poke|p2|Lucario, L50, M|\n|poke|p2|Farigiraf, L50, F|\n|poke|p2|Ogerpon-Wellspring, L50, F|\n|teampreview|4\nrennui- has agreed to open team sheets.\n|\n|t:|1700384475\n|start\n|switch|p1a: Ogerpon|Ogerpon-Wellspring, L50, F|100\/100\n|switch|p1b: Farigiraf|Farigiraf, L50, M, shiny|100\/100\n|switch|p2a: \u559c\u6b22\u6253\u5148\u5236\uff1f|Farigiraf, L50, F|100\/100\n|switch|p2b: \u98ce\u66b4\u306e\u5b50|Tornadus, L50, M|100\/100\n|turn|1\n|\n|t:|1700384505\n|-terastallize|p1a: Ogerpon|Water\n|detailschange|p1a: Ogerpon|Ogerpon-Wellspring-Tera, L50, F, tera:Water\n|-ability|p1a: Ogerpon|Embody Aspect (Wellspring)|boost\n|-boost|p1a: Ogerpon|spd|1\n|move|p2b: \u98ce\u66b4\u306e\u5b50|Bleakwind Storm|p1b: Farigiraf|[spread] p1b\n|-miss|p2b: \u98ce\u66b4\u306e\u5b50|p1a: Ogerpon\n|-damage|p1b: Farigiraf|57\/100\n|-unboost|p1b: Farigiraf|spe|1\n|-damage|p2b: \u98ce\u66b4\u306e\u5b50|91\/100|[from] item: Life Orb\n|move|p1a: Ogerpon|Ivy Cudgel|p2a: \u559c\u6b22\u6253\u5148\u5236\uff1f|[anim] Ivy Cudgel Water\n|-damage|p2a: \u559c\u6b22\u6253\u5148\u5236\uff1f|15\/100\n|-enditem|p2a: \u559c\u6b22\u6253\u5148\u5236\uff1f|Sitrus Berry|[eat]\n|-heal|p2a: \u559c\u6b22\u6253\u5148\u5236\uff1f|40\/100|[from] item: Sitrus Berry\n|move|p2a: \u559c\u6b22\u6253\u5148\u5236\uff1f|Imprison|p2a: \u559c\u6b22\u6253\u5148\u5236\uff1f\n|-start|p2a: \u559c\u6b22\u6253\u5148\u5236\uff1f|move: Imprison\n|cant|p1b: Farigiraf|move: Imprison|Psychic\n|\n|upkeep\n|turn|2\n|\n|t:|1700384548\n|switch|p1b: Iron Hands|Iron Hands, L50|100\/100\n|move|p2b: \u98ce\u66b4\u306e\u5b50|Bleakwind Storm|p1a: Ogerpon|[spread] \n|-miss|p2b: \u98ce\u66b4\u306e\u5b50|p1a: Ogerpon\n|-miss|p2b: \u98ce\u66b4\u306e\u5b50|p1b: Iron Hands\n|move|p1a: Ogerpon|Ivy Cudgel|p2b: \u98ce\u66b4\u306e\u5b50|[anim] Ivy Cudgel Water\n|-damage|p2b: \u98ce\u66b4\u306e\u5b50|0 fnt\n|faint|p2b: \u98ce\u66b4\u306e\u5b50\n|move|p2a: \u559c\u6b22\u6253\u5148\u5236\uff1f|Dazzling Gleam|p1a: Ogerpon|[spread] p1a,p1b\n|-supereffective|p1b: Iron Hands\n|-damage|p1a: Ogerpon|87\/100\n|-damage|p1b: Iron Hands|80\/100\n|\n|upkeep\n|\n|t:|1700384566\n|switch|p2b: \u3053\u308c\u308f\u9752\u6625\u3060\uff01|Urshifu, L50, M|100\/100\n|turn|3\n|\n|t:|1700384581\n|-terastallize|p2b: \u3053\u308c\u308f\u9752\u6625\u3060\uff01|Dark\n|move|p1a: Ogerpon|Ivy Cudgel|p2a: \u559c\u6b22\u6253\u5148\u5236\uff1f|[anim] Ivy Cudgel Water\n|-damage|p2a: \u559c\u6b22\u6253\u5148\u5236\uff1f|0 fnt\n|faint|p2a: \u559c\u6b22\u6253\u5148\u5236\uff1f\n|move|p2b: \u3053\u308c\u308f\u9752\u6625\u3060\uff01|Wicked Blow|p1b: Iron Hands\n|-resisted|p1b: Iron Hands\n|-crit|p1b: Iron Hands\n|-damage|p1b: Iron Hands|38\/100\n|move|p1b: Iron Hands|Drain Punch|p2b: \u3053\u308c\u308f\u9752\u6625\u3060\uff01\n|-supereffective|p2b: \u3053\u308c\u308f\u9752\u6625\u3060\uff01\n|-damage|p2b: \u3053\u308c\u308f\u9752\u6625\u3060\uff01|16\/100\n|-heal|p1b: Iron Hands|70\/100|[from] drain|[of] p2b: \u3053\u308c\u308f\u9752\u6625\u3060\uff01\n|\n|upkeep\n|\n|t:|1700384599\n|switch|p2a: \u6211\u4f1a\u518d\u6765\u4e00\u6b21|Ogerpon-Wellspring, L50, F|100\/100\n|turn|4\n|\n|t:|1700384606\n|move|p2a: \u6211\u4f1a\u518d\u6765\u4e00\u6b21|Horn Leech|p1a: Ogerpon\n|-supereffective|p1a: Ogerpon\n|-damage|p1a: Ogerpon|0 fnt\n|faint|p1a: Ogerpon\n|move|p2b: \u3053\u308c\u308f\u9752\u6625\u3060\uff01|Wicked Blow|p1b: Iron Hands\n|-resisted|p1b: Iron Hands\n|-crit|p1b: Iron Hands\n|-damage|p1b: Iron Hands|26\/100\n|move|p1b: Iron Hands|Wild Charge|p2a: \u6211\u4f1a\u518d\u6765\u4e00\u6b21\n|-damage|p2a: \u6211\u4f1a\u518d\u6765\u4e00\u6b21|51\/100\n|-damage|p1b: Iron Hands|17\/100|[from] Recoil\n|\n|upkeep\n|\n|t:|1700384620\n|switch|p1a: Farigiraf|Farigiraf, L50, M, shiny|57\/100\n|turn|5\n|\n|t:|1700384638\n|move|p2a: \u6211\u4f1a\u518d\u6765\u4e00\u6b21|Ivy Cudgel|p1b: Iron Hands|[anim] Ivy Cudgel Water\n|-crit|p1b: Iron Hands\n|-damage|p1b: Iron Hands|0 fnt\n|faint|p1b: Iron Hands\n|-end|p1b: Iron Hands|Quark Drive|[silent]\n|move|p2b: \u3053\u308c\u308f\u9752\u6625\u3060\uff01|Wicked Blow|p1a: Farigiraf\n|-supereffective|p1a: Farigiraf\n|-crit|p1a: Farigiraf\n|-damage|p1a: Farigiraf|0 fnt\n|faint|p1a: Farigiraf\n|\n|upkeep\n|\n|t:|1700384641\n|switch|p1b: Torkoal|Torkoal, L50, F, shiny|100\/100\n|-weather|SunnyDay|[from] ability: Drought|[of] p1b: Torkoal\n|turn|6\n|\n|t:|1700384653\n|move|p2a: \u6211\u4f1a\u518d\u6765\u4e00\u6b21|Ivy Cudgel|p1b: Torkoal|[anim] Ivy Cudgel Water\n|-supereffective|p1b: Torkoal\n|-damage|p1b: Torkoal|56\/100\n|move|p2b: \u3053\u308c\u308f\u9752\u6625\u3060\uff01|Wicked Blow|p1b: Torkoal\n|-crit|p1b: Torkoal\n|-damage|p1b: Torkoal|0 fnt\n|faint|p1b: Torkoal\n|\n|win|GB Five\n|raw|rennui-'s rating: 1635 &rarr; <strong>1616<\/strong><br \/>(-19 for losing)\n|raw|GB Five's rating: 1654 &rarr; <strong>1673<\/strong><br \/>(+19 for winning)\n","uploadtime":1700384658,"views":15,"p1id":"rennui","p2id":"gbfive","formatid":"gen9vgc2023regulatione","rating":1616,"private":0,"password":""}