{"id":"gen9vgc2023regulatione-1988260819","p1":"Judang","p2":"Gi1796","format":"[Gen 9] VGC 2023 Regulation E","log":"|j|\u2606Judang\n|j|\u2606Gi1796\n|t:|1699696733\n|gametype|doubles\n|player|p1|Judang|ruinmaniac|1540\n|player|p2|Gi1796|veteran|1696\n|teamsize|p1|6\n|teamsize|p2|6\n|gen|9\n|tier|[Gen 9] VGC 2023 Regulation E\n|rated|\n|rule|Species Clause: Limit one of each Pok\u00e9mon\n|rule|Item Clause: Limit one of each item\n|clearpoke\n|poke|p1|Ninetales-Alola, L50, F|\n|poke|p1|Iron Hands, L50|\n|poke|p1|Baxcalibur, L50, M|\n|poke|p1|Thundurus, L50, M|\n|poke|p1|Iron Bundle, L50|\n|poke|p1|Landorus-Therian, L50, M|\n|poke|p2|Roaring Moon, L50|\n|poke|p2|Gholdengo, L50|\n|poke|p2|Landorus, L50, M|\n|poke|p2|Urshifu-*, L50, F|\n|poke|p2|Rillaboom, L50, F|\n|poke|p2|Arcanine-Hisui, L50, F|\n|teampreview|4\nGi1796 has agreed to open team sheets.\nJudang has agreed to open team sheets.\n|c|\u2606Judang|What a team!\n|j| Jackietreehorn321\n|c|\u2606Gi1796|Thx bro U too!\n|\n|t:|1699696863\n|start\n|switch|p1a: Iron Hands|Iron Hands, L50|100\/100\n|switch|p1b: Ninetales|Ninetales-Alola, L50, F|100\/100\n|switch|p2a: Roaring Moon|Roaring Moon, L50|100\/100\n|switch|p2b: Gholdengo|Gholdengo, L50|100\/100\n|-weather|Snow|[from] ability: Snow Warning|[of] p1b: Ninetales\n|-enditem|p2a: Roaring Moon|Booster Energy\n|-activate|p2a: Roaring Moon|ability: Protosynthesis|[fromitem]\n|-start|p2a: Roaring Moon|protosynthesisspe\n|turn|1\n|j| mighty dozo\n|\n|t:|1699696921\n|move|p1a: Iron Hands|Fake Out|p2a: Roaring Moon\n|-damage|p2a: Roaring Moon|83\/100\n|cant|p2a: Roaring Moon|flinch\n|move|p1b: Ninetales|Aurora Veil|p1b: Ninetales\n|-sidestart|p1: Judang|move: Aurora Veil\n|move|p2b: Gholdengo|Nasty Plot|p2b: Gholdengo\n|-boost|p2b: Gholdengo|spa|2\n|\n|-weather|Snow|[upkeep]\n|upkeep\n|turn|2\n|\n|t:|1699696957\n|-terastallize|p2a: Roaring Moon|Poison\n|move|p1b: Ninetales|Protect|p1b: Ninetales\n|-singleturn|p1b: Ninetales|Protect\n|move|p2a: Roaring Moon|Breaking Swipe|p1b: Ninetales|[spread] p1a\n|-activate|p1b: Ninetales|move: Protect\n|-damage|p1a: Iron Hands|89\/100\n|-unboost|p1a: Iron Hands|atk|1\n|move|p2b: Gholdengo|Nasty Plot|p2b: Gholdengo\n|-boost|p2b: Gholdengo|spa|2\n|move|p1a: Iron Hands|Wild Charge|p2b: Gholdengo\n|-damage|p2b: Gholdengo|63\/100\n|-damage|p1a: Iron Hands|81\/100|[from] Recoil\n|\n|-weather|Snow|[upkeep]\n|upkeep\n|turn|3\n|\n|t:|1699696985\n|move|p2a: Roaring Moon|Knock Off|p1a: Iron Hands\n|-resisted|p1a: Iron Hands\n|-damage|p1a: Iron Hands|69\/100\n|-enditem|p1a: Iron Hands|Assault Vest|[from] move: Knock Off|[of] p2a: Roaring Moon\n|move|p1b: Ninetales|Blizzard|p2a: Roaring Moon|[spread] p2a,p2b\n|-resisted|p2b: Gholdengo\n|-damage|p2a: Roaring Moon|62\/100\n|-damage|p2b: Gholdengo|51\/100\n|move|p2b: Gholdengo|Make It Rain|p1b: Ninetales|[spread] p1a,p1b\n|-resisted|p1a: Iron Hands\n|-supereffective|p1b: Ninetales\n|-damage|p1a: Iron Hands|24\/100\n|-damage|p1b: Ninetales|0 fnt\n|-unboost|p2b: Gholdengo|spa|1\n|faint|p1b: Ninetales\n|move|p1a: Iron Hands|Wild Charge|p2b: Gholdengo\n|-damage|p2b: Gholdengo|14\/100\n|-damage|p1a: Iron Hands|17\/100|[from] Recoil\n|\n|-weather|Snow|[upkeep]\n|upkeep\n|\n|t:|1699697004\n|switch|p1b: Landorus|Landorus-Therian, L50, M|100\/100\n|-ability|p1b: Landorus|Intimidate|boost\n|-unboost|p2a: Roaring Moon|atk|1\n|-unboost|p2b: Gholdengo|atk|1\n|turn|4\n|\n|t:|1699697021\n|-end|p1a: Iron Hands|Quark Drive|[silent]\n|switch|p1a: Iron Bundle|Iron Bundle, L50|100\/100\n|move|p2a: Roaring Moon|Tailwind|p2a: Roaring Moon\n|-sidestart|p2: Gi1796|move: Tailwind\n|move|p2b: Gholdengo|Make It Rain|p1a: Iron Bundle|[spread] p1a,p1b\n|-crit|p1a: Iron Bundle\n|-damage|p1a: Iron Bundle|0 fnt\n|-damage|p1b: Landorus|0 fnt\n|-unboost|p2b: Gholdengo|spa|1\n|faint|p1a: Iron Bundle\n|-end|p1a: Iron Bundle|Quark Drive|[silent]\n|faint|p1b: Landorus\n|\n|-weather|Snow|[upkeep]\n|upkeep\n|\n|t:|1699697032\n|switch|p1a: Iron Hands|Iron Hands, L50|17\/100\n|turn|5\n|\n|t:|1699697037\n|move|p2a: Roaring Moon|Breaking Swipe|p1a: Iron Hands\n|-damage|p1a: Iron Hands|7\/100\n|-unboost|p1a: Iron Hands|atk|1\n|move|p2b: Gholdengo|Shadow Ball|p1a: Iron Hands\n|-crit|p1a: Iron Hands\n|-damage|p1a: Iron Hands|0 fnt\n|faint|p1a: Iron Hands\n|-end|p1a: Iron Hands|Quark Drive|[silent]\n|\n|win|Gi1796\n|raw|Judang's rating: 1540 &rarr; <strong>1528<\/strong><br \/>(-12 for losing)\n|raw|Gi1796's rating: 1696 &rarr; <strong>1708<\/strong><br \/>(+12 for winning)\n|l|\u2606Gi1796\n|l| Jackietreehorn321\n","uploadtime":1699697111,"views":19,"p1id":"judang","p2id":"gi1796","formatid":"gen9vgc2023regulatione","rating":1528,"private":0,"password":""}