{"id":"gen9vgc2023regulatione-1988743267","p1":"DS1999","p2":"Solanum","format":"[Gen 9] VGC 2023 Regulation E","log":"|j|\u2606DS1999\n|j|\u2606Solanum\n|t:|1699757473\n|gametype|doubles\n|player|p1|DS1999|ghetsis|\n|player|p2|Solanum|palmer|\n|teamsize|p1|6\n|teamsize|p2|6\n|gen|9\n|tier|[Gen 9] VGC 2023 Regulation E\n|rated|Tournament battle\n|rule|Species Clause: Limit one of each Pok\u00e9mon\n|rule|Item Clause: Limit one of each item\n|clearpoke\n|poke|p1|Amoonguss, L50, M|\n|poke|p1|Pelipper, L50, F|\n|poke|p1|Basculegion, L50, M|\n|poke|p1|Urshifu-*, L50, F|\n|poke|p1|Iron Bundle, L50|\n|poke|p1|Zapdos, L50|\n|poke|p2|Baxcalibur, L50, M|\n|poke|p2|Ninetales-Alola, L50, M|\n|poke|p2|Rillaboom, L50, M|\n|poke|p2|Heatran, L50, F|\n|poke|p2|Landorus-Therian, L50, M|\n|poke|p2|Ogerpon-Wellspring, L50, F|\n|teampreview|4\n|showteam|p1|Amoonguss||MentalHerb|Regenerator|RagePowder,Spore,FoulPlay,PollenPuff|||M|||50|,,,,,Steel]Pelipper||DampRock|Drizzle|WeatherBall,Tailwind,Roost,IcyWind|||F|||50|,,,,,Ground]Basculegion||ChoiceBand|SwiftSwim|LastRespects,Crunch,Liquidation,TeraBlast|||M|||50|,,,,,Fairy]Urshifu-Rapid-Strike||MysticWater|UnseenFist|SurgingStrikes,DrainPunch,Detect,SwordsDance|||F|||50|,,,,,Water]Iron Bundle||BoosterEnergy|QuarkDrive|FreezeDry,HydroPump,IcyWind,Protect||||||50|,,,,,Ghost]Zapdos||HeavyDutyBoots|Static|Thunder,Hurricane,Roost,WeatherBall||||||50|,,,,,Dragon\n|showteam|p2|Baxcalibur||LoadedDice|IceBody|ScaleShot,IcicleSpear,SwordsDance,Protect|||M|||50|,,,,,Poison]Ninetales-Alola||LightClay|SnowWarning|Blizzard,Moonblast,AuroraVeil,Protect|||M|||50|,,,,,Water]Rillaboom||AssaultVest|GrassySurge|FakeOut,WoodHammer,HighHorsepower,GrassyGlide|||M|||50|,,,,,Grass]Heatran||Leftovers|FlashFire|MagmaStorm,EarthPower,Substitute,Protect|||F|||50|,,,,,Fairy]Landorus-Therian||ChoiceScarf|Intimidate|StompingTantrum,RockSlide,TeraBlast,Uturn|||M|||50|,,,,,Flying]Ogerpon-Wellspring||WellspringMask|WaterAbsorb|FollowMe,SpikyShield,WoodHammer,IvyCudgel|||F|||50|,,,,,Water\n|inactive|Battle timer is ON: inactive players will automatically lose when time's up. (requested by DS1999)\n|c|\u2606DS1999|glhf\n|c|\u2606Solanum|u2\n|inactive|Solanum has 60 seconds left.\n|c|\u2606DS1999|how has your day been\n|c|\u2606Solanum|pretty good I guess\n|inactive|Solanum has 30 seconds left.\n|c|\u2606Solanum|how's yours been?\n|\n|t:|1699757542\n|start\n|switch|p1a: Pelipper|Pelipper, L50, F, shiny|100\/100\n|switch|p1b: Iron Bundle|Iron Bundle, L50|100\/100\n|switch|p2a: Baxcalibur|Baxcalibur, L50, M|100\/100\n|switch|p2b: Rillaboom|Rillaboom, L50, M|100\/100\n|-fieldstart|move: Grassy Terrain|[from] ability: Grassy Surge|[of] p2b: Rillaboom\n|-weather|RainDance|[from] ability: Drizzle|[of] p1a: Pelipper\n|-enditem|p1b: Iron Bundle|Booster Energy\n|-activate|p1b: Iron Bundle|ability: Quark Drive|[fromitem]\n|-start|p1b: Iron Bundle|quarkdrivespe\n|turn|1\n|c|\u2606DS1999|ok\n|inactive|Solanum has 30 seconds left.\n|\n|t:|1699757576\n|move|p1b: Iron Bundle|Protect|p1b: Iron Bundle\n|-singleturn|p1b: Iron Bundle|Protect\n|move|p2b: Rillaboom|Fake Out|p1a: Pelipper\n|-damage|p1a: Pelipper|89\/100\n|move|p2a: Baxcalibur|Swords Dance|p2a: Baxcalibur\n|-boost|p2a: Baxcalibur|atk|2\n|cant|p1a: Pelipper|flinch\n|\n|-weather|RainDance|[upkeep]\n|upkeep\n|turn|2\n|\n|t:|1699757598\n|move|p1b: Iron Bundle|Freeze-Dry|p2b: Rillaboom\n|-supereffective|p2b: Rillaboom\n|-damage|p2b: Rillaboom|51\/100\n|move|p2a: Baxcalibur|Icicle Spear|p1a: Pelipper\n|-crit|p1a: Pelipper\n|-damage|p1a: Pelipper|56\/100\n|-damage|p1a: Pelipper|33\/100\n|-damage|p1a: Pelipper|9\/100\n|-damage|p1a: Pelipper|0 fnt\n|faint|p1a: Pelipper\n|-hitcount|p1: Pelipper|4\n|move|p2b: Rillaboom|Wood Hammer|p1b: Iron Bundle\n|-supereffective|p1b: Iron Bundle\n|-damage|p1b: Iron Bundle|0 fnt\n|faint|p1b: Iron Bundle\n|-end|p1b: Iron Bundle|Quark Drive|[silent]\n|-damage|p2b: Rillaboom|29\/100|[from] Recoil\n|\n|-weather|RainDance|[upkeep]\n|-heal|p2b: Rillaboom|34\/100|[from] Grassy Terrain\n|upkeep\n|c|\u2606DS1999|the time changs has been a pain in the ass\n|\n|t:|1699757617\n|switch|p1b: Zapdos|Zapdos, L50|100\/100\n|switch|p1a: Urshifu|Urshifu-Rapid-Strike, L50, F|100\/100\n|turn|3\n|c|\u2606Solanum|yeah I get that\n|inactive|Solanum has 30 seconds left.\n|inactive|Solanum has 20 seconds left.\n|inactive|Solanum has 15 seconds left.\n|inactive|Solanum has 10 seconds left.\n|inactive|Solanum has 5 seconds left.\n|\n|t:|1699757669\n|switch|p2b: Ninetales|Ninetales-Alola, L50, M|100\/100\n|-weather|Snow|[from] ability: Snow Warning|[of] p2b: Ninetales\n|-terastallize|p1a: Urshifu|Water\n|-terastallize|p2a: Baxcalibur|Poison\n|move|p1a: Urshifu|Surging Strikes|p2a: Baxcalibur\n|-crit|p2a: Baxcalibur\n|-damage|p2a: Baxcalibur|65\/100\n|-crit|p2a: Baxcalibur\n|-damage|p2a: Baxcalibur|28\/100\n|-crit|p2a: Baxcalibur\n|-damage|p2a: Baxcalibur|0 fnt\n|faint|p2a: Baxcalibur\n|-hitcount|p2: Baxcalibur|3\n|move|p1b: Zapdos|Hurricane|p2b: Ninetales\n|-damage|p2b: Ninetales|34\/100\n|-start|p2b: Ninetales|confusion\n|\n|-weather|Snow|[upkeep]\n|-heal|p2b: Ninetales|40\/100|[from] Grassy Terrain\n|upkeep\n|inactive|Solanum has 30 seconds left.\n|\n|t:|1699757702\n|switch|p2a: Rillaboom|Rillaboom, L50, M|34\/100\n|turn|4\n|\n|t:|1699757720\n|switch|p2b: Ogerpon|Ogerpon-Wellspring, L50, F|100\/100\n|move|p1a: Urshifu|Detect|p1a: Urshifu\n|-singleturn|p1a: Urshifu|Protect\n|move|p2a: Rillaboom|Fake Out|p1b: Zapdos\n|-damage|p1b: Zapdos|86\/100\n|cant|p1b: Zapdos|flinch\n|\n|-weather|Snow|[upkeep]\n|-heal|p2a: Rillaboom|40\/100|[from] Grassy Terrain\n|upkeep\n|turn|5\n|\n|t:|1699757744\n|move|p2a: Rillaboom|Grassy Glide|p1a: Urshifu\n|-supereffective|p1a: Urshifu\n|-damage|p1a: Urshifu|15\/100\n|move|p1a: Urshifu|Drain Punch|p2a: Rillaboom\n|-damage|p2a: Rillaboom|2\/100\n|-heal|p1a: Urshifu|38\/100|[from] drain|[of] p2a: Rillaboom\n|move|p2b: Ogerpon|Wood Hammer|p1a: Urshifu\n|-supereffective|p1a: Urshifu\n|-damage|p1a: Urshifu|0 fnt\n|faint|p1a: Urshifu\n|-damage|p2b: Ogerpon|88\/100|[from] Recoil\n|move|p1b: Zapdos|Thunder|p2b: Ogerpon|[miss]\n|-miss|p1b: Zapdos|p2b: Ogerpon\n|\n|-weather|Snow|[upkeep]\n|-heal|p2b: Ogerpon|94\/100|[from] Grassy Terrain\n|-heal|p2a: Rillaboom|8\/100|[from] Grassy Terrain\n|-fieldend|move: Grassy Terrain\n|upkeep\n|turn|6\n|\n|t:|1699757759\n|move|p2b: Ogerpon|Ivy Cudgel|p1b: Zapdos\n|-damage|p1b: Zapdos|26\/100\n|move|p1b: Zapdos|Thunder|p2b: Ogerpon|[miss]\n|-miss|p1b: Zapdos|p2b: Ogerpon\n|move|p2a: Rillaboom|Wood Hammer|p1b: Zapdos\n|-resisted|p1b: Zapdos\n|-damage|p1b: Zapdos|0 fnt\n|faint|p1b: Zapdos\n|-damage|p2a: Rillaboom|0 fnt|[from] Recoil\n|faint|p2a: Rillaboom\n|\n|win|Solanum\n|n|\u2606DS1999|ds1999\n|n|\u2606Solanum|solanum\n|c|\u2606DS1999|gg\n|c|\u2606Solanum|gg\n","uploadtime":1699757765,"views":22,"p1id":"ds1999","p2id":"solanum","formatid":"gen9vgc2023regulatione","rating":0,"private":0,"password":""}