{"id":"gen9vgc2023regulatione-1989445117","p1":"SwimWithTheFishies","p2":"Pocketeer","format":"[Gen 9] VGC 2023 Regulation E","log":"|j|\u2606SwimWithTheFishies\n|j|\u2606Pocketeer\n|t:|1699851503\n|gametype|doubles\n|player|p1|SwimWithTheFishies|swimmer-gen4dp|1134\n|player|p2|Pocketeer|266|1196\n|teamsize|p1|6\n|teamsize|p2|6\n|gen|9\n|tier|[Gen 9] VGC 2023 Regulation E\n|rated|\n|rule|Species Clause: Limit one of each Pok\u00e9mon\n|rule|Item Clause: Limit one of each item\n|clearpoke\n|poke|p1|Iron Hands, L50|\n|poke|p1|Landorus-Therian, L50, M|\n|poke|p1|Flutter Mane, L50|\n|poke|p1|Amoonguss, L50, F|\n|poke|p1|Heatran, L50, F|\n|poke|p1|Roaring Moon, L50|\n|poke|p2|Zapdos-Galar, L50|\n|poke|p2|Rillaboom, L50, M|\n|poke|p2|Clefairy, L50, F|\n|poke|p2|Amoonguss, L50, F|\n|poke|p2|Iron Valiant, L50|\n|poke|p2|Landorus-Therian, L50, M|\n|teampreview|4\n|inactive|Battle timer is ON: inactive players will automatically lose when time's up. (requested by Pocketeer)\n|inactive|SwimWithTheFishies also wants the timer to be on.\nSwimWithTheFishies has agreed to open team sheets.\n|inactive|SwimWithTheFishies has 60 seconds left.\n|inactive|Pocketeer has 60 seconds left.\n|\n|t:|1699851544\n|start\n|switch|p1a: Roaring Moon|Roaring Moon, L50|100\/100\n|switch|p1b: Iron Hands|Iron Hands, L50|100\/100\n|switch|p2a: Zapdos|Zapdos-Galar, L50|100\/100\n|switch|p2b: Amoonguss|Amoonguss, L50, F|100\/100\n|-enditem|p1a: Roaring Moon|Booster Energy\n|-activate|p1a: Roaring Moon|ability: Protosynthesis|[fromitem]\n|-start|p1a: Roaring Moon|protosynthesisatk\n|turn|1\n|\n|t:|1699851560\n|-terastallize|p1a: Roaring Moon|Flying\n|move|p2a: Zapdos|Detect|p2a: Zapdos\n|-singleturn|p2a: Zapdos|Protect\n|move|p1b: Iron Hands|Fake Out|p2b: Amoonguss\n|-damage|p2b: Amoonguss|89\/100\n|-damage|p1b: Iron Hands|84\/100|[from] item: Rocky Helmet|[of] p2b: Amoonguss\n|move|p1a: Roaring Moon|Dragon Dance|p1a: Roaring Moon\n|-boost|p1a: Roaring Moon|atk|1\n|-boost|p1a: Roaring Moon|spe|1\n|cant|p2b: Amoonguss|flinch\n|\n|upkeep\n|turn|2\n|\n|t:|1699851583\n|switch|p2b: Rillaboom|Rillaboom, L50, M|100\/100\n|-fieldstart|move: Grassy Terrain|[from] ability: Grassy Surge|[of] p2b: Rillaboom\n|-enditem|p2a: Zapdos|Grassy Seed\n|-boost|p2a: Zapdos|def|1|[from] item: Grassy Seed\n|move|p1a: Roaring Moon|Acrobatics|p2b: Rillaboom\n|-supereffective|p2b: Rillaboom\n|-damage|p2b: Rillaboom|0 fnt\n|faint|p2b: Rillaboom\n|move|p2a: Zapdos|Bulk Up|p2a: Zapdos\n|-boost|p2a: Zapdos|atk|1\n|-boost|p2a: Zapdos|def|1\n|move|p1b: Iron Hands|Wild Charge|p2a: Zapdos\n|-supereffective|p2a: Zapdos\n|-damage|p2a: Zapdos|52\/100\n|-damage|p1b: Iron Hands|74\/100|[from] Recoil\n|\n|-heal|p1b: Iron Hands|80\/100|[from] Grassy Terrain\n|upkeep\n|\n|t:|1699851586\n|switch|p2b: Landorus|Landorus-Therian, L50, M|100\/100\n|-ability|p2b: Landorus|Intimidate|boost\n|-unboost|p1a: Roaring Moon|atk|1\n|-unboost|p1b: Iron Hands|atk|1\n|turn|3\n|inactive|SwimWithTheFishies has 30 seconds left.\n|inactive|Pocketeer has 30 seconds left.\n|inactive|SwimWithTheFishies has 20 seconds left.\n|inactive|SwimWithTheFishies has 15 seconds left.\n|\n|t:|1699851628\n|move|p1a: Roaring Moon|Dragon Dance|p1a: Roaring Moon\n|-boost|p1a: Roaring Moon|atk|1\n|-boost|p1a: Roaring Moon|spe|1\n|move|p2b: Landorus|Rock Slide|p1b: Iron Hands|[spread] p1a,p1b\n|-supereffective|p1a: Roaring Moon\n|-resisted|p1b: Iron Hands\n|-damage|p1a: Roaring Moon|57\/100\n|-damage|p1b: Iron Hands|73\/100\n|move|p2a: Zapdos|Thunderous Kick|p1b: Iron Hands\n|-damage|p1b: Iron Hands|30\/100\n|-unboost|p1b: Iron Hands|def|1\n|cant|p1b: Iron Hands|flinch\n|\n|-heal|p1b: Iron Hands|36\/100|[from] Grassy Terrain\n|upkeep\n|turn|4\n|\n|t:|1699851652\n|move|p1a: Roaring Moon|Knock Off|p2b: Landorus\n|-damage|p2b: Landorus|0 fnt\n|-enditem|p2b: Landorus|Choice Scarf|[from] move: Knock Off|[of] p1a: Roaring Moon\n|faint|p2b: Landorus\n|move|p2a: Zapdos|Acrobatics|p1a: Roaring Moon\n|-damage|p1a: Roaring Moon|0 fnt\n|faint|p1a: Roaring Moon\n|-end|p1a: Roaring Moon|Protosynthesis|[silent]\n|move|p1b: Iron Hands|Wild Charge|p2a: Zapdos\n|-supereffective|p2a: Zapdos\n|-damage|p2a: Zapdos|20\/100\n|-damage|p1b: Iron Hands|29\/100|[from] Recoil\n|\n|-heal|p1b: Iron Hands|35\/100|[from] Grassy Terrain\n|upkeep\n|\n|t:|1699851665\n|switch|p1a: Flutter Mane|Flutter Mane, L50|100\/100\n|switch|p2b: Amoonguss|Amoonguss, L50, F|100\/100\n|turn|5\n|\n|t:|1699851684\n|move|p2a: Zapdos|Detect|p2a: Zapdos\n|-singleturn|p2a: Zapdos|Protect\n|move|p1a: Flutter Mane|Dazzling Gleam|p2a: Zapdos|[spread] p2b\n|-activate|p2a: Zapdos|move: Protect\n|-resisted|p2b: Amoonguss\n|-damage|p2b: Amoonguss|81\/100\n|move|p1b: Iron Hands|Drain Punch|p2a: Zapdos\n|-activate|p2a: Zapdos|move: Protect\n|move|p2b: Amoonguss|Spore|p1a: Flutter Mane\n|-status|p1a: Flutter Mane|slp|[from] move: Spore\n|\n|-heal|p1b: Iron Hands|41\/100|[from] Grassy Terrain\n|-heal|p2b: Amoonguss|87\/100|[from] Grassy Terrain\n|upkeep\n|turn|6\n|\n|t:|1699851702\n|-end|p1b: Iron Hands|Quark Drive|[silent]\n|switch|p1b: Heatran|Heatran, L50, F|100\/100\n|cant|p1a: Flutter Mane|slp\n|move|p2a: Zapdos|Thunderous Kick|p1b: Heatran\n|-supereffective|p1b: Heatran\n|-damage|p1b: Heatran|0 fnt\n|faint|p1b: Heatran\n|move|p2b: Amoonguss|Pollen Puff|p2a: Zapdos\n|-heal|p2a: Zapdos|70\/100\n|\n|-heal|p2b: Amoonguss|93\/100|[from] Grassy Terrain\n|-fieldend|move: Grassy Terrain\n|upkeep\n|\n|t:|1699851715\n|switch|p1b: Iron Hands|Iron Hands, L50|41\/100\n|turn|7\n|\n|t:|1699851724\n|-terastallize|p2a: Zapdos|Electric\n|move|p1b: Iron Hands|Fake Out|p2b: Amoonguss\n|-damage|p2b: Amoonguss|81\/100\n|-damage|p1b: Iron Hands|24\/100|[from] item: Rocky Helmet|[of] p2b: Amoonguss\n|cant|p2b: Amoonguss|flinch\n|-curestatus|p1a: Flutter Mane|slp|[msg]\n|move|p1a: Flutter Mane|Dazzling Gleam|p2b: Amoonguss|[spread] p2a,p2b\n|-resisted|p2b: Amoonguss\n|-damage|p2a: Zapdos|33\/100\n|-damage|p2b: Amoonguss|62\/100\n|move|p2a: Zapdos|Acrobatics|p1a: Flutter Mane\n|-damage|p1a: Flutter Mane|0 fnt\n|faint|p1a: Flutter Mane\n|-end|p1a: Flutter Mane|Protosynthesis|[silent]\n|\n|upkeep\n|turn|8\n|\n|t:|1699851740\n|move|p2b: Amoonguss|Rage Powder|p2b: Amoonguss\n|-singleturn|p2b: Amoonguss|move: Rage Powder\n|move|p2a: Zapdos|Thunderous Kick|p1b: Iron Hands\n|-damage|p1b: Iron Hands|0 fnt\n|faint|p1b: Iron Hands\n|-end|p1b: Iron Hands|Quark Drive|[silent]\n|\n|win|Pocketeer\n|raw|SwimWithTheFishies's rating: 1134 &rarr; <strong>1113<\/strong><br \/>(-21 for losing)\n|raw|Pocketeer's rating: 1196 &rarr; <strong>1217<\/strong><br \/>(+21 for winning)\n|l|\u2606Pocketeer\n","uploadtime":1699851747,"views":13,"p1id":"swimwiththefishies","p2id":"pocketeer","formatid":"gen9vgc2023regulatione","rating":1113,"private":0,"password":""}