{"id":"gen9vgc2023regulatione-1993669297","p1":"Arcaa9","p2":"DerpyBronze117","format":"[Gen 9] VGC 2023 Regulation E","log":"|j|\u2606Arcaa9\n|j|\u2606DerpyBronze117\n|n|\u2606Arcaa9|arcaa9\n|n|\u2606DerpyBronze117|derpybronze117\n|html|View the match progress at <a href=\"\/game-bestof3-gen9vgc2023regulatione-1993665797\">game-bestof3-gen9vgc2023regulatione-1993665797<\/a>\n|t:|1700343636\n|gametype|doubles\n|player|p1|Arcaa9|brycenman|\n|player|p2|DerpyBronze117|hilbert|\n|teamsize|p1|6\n|teamsize|p2|6\n|gen|9\n|tier|[Gen 9] VGC 2023 Regulation E\n|rule|Species Clause: Limit one of each Pok\u00e9mon\n|rule|Item Clause: Limit one of each item\n|clearpoke\n|poke|p1|Snorlax, L50, F|\n|poke|p1|Munkidori, L50, M|\n|poke|p1|Arcanine, L50, M|\n|poke|p1|Dragonite, L50, F|\n|poke|p1|Iron Bundle, L50|\n|poke|p1|Stonjourner, L50, F|\n|poke|p2|Thundurus, L50, M|\n|poke|p2|Indeedee-F, L50, F|\n|poke|p2|Amoonguss, L50, F|\n|poke|p2|Ursaluna-Bloodmoon, L50, M|\n|poke|p2|Leafeon, L50, F|\n|poke|p2|Mightyena, L50, M|\n|teampreview|4\n|\n|t:|1700343657\n|start\n|switch|p1a: Iron Bundle|Iron Bundle, L50|100\/100\n|switch|p1b: Munkidori|Munkidori, L50, M|100\/100\n|switch|p2a: Ursaluna|Ursaluna-Bloodmoon, L50, M|100\/100\n|switch|p2b: Indeedee|Indeedee-F, L50, F|100\/100\n|-fieldstart|move: Psychic Terrain|[from] ability: Psychic Surge|[of] p2b: Indeedee\n|-enditem|p1a: Iron Bundle|Booster Energy\n|-activate|p1a: Iron Bundle|ability: Quark Drive|[fromitem]\n|-start|p1a: Iron Bundle|quarkdrivespe\n|turn|1\n|\n|t:|1700343674\n|move|p2a: Ursaluna|Protect|p2a: Ursaluna\n|-singleturn|p2a: Ursaluna|Protect\n|move|p1a: Iron Bundle|Ice Beam|p2a: Ursaluna\n|-activate|p2a: Ursaluna|move: Protect\n|move|p1b: Munkidori|Psychic|p2a: Ursaluna\n|-activate|p2a: Ursaluna|move: Protect\n|move|p2b: Indeedee|Trick Room|p2b: Indeedee\n|-fieldstart|move: Trick Room|[of] p2b: Indeedee\n|\n|upkeep\n|turn|2\n|\n|t:|1700343687\n|-terastallize|p2a: Ursaluna|Normal\n|move|p1b: Munkidori|Protect|p1b: Munkidori\n|-singleturn|p1b: Munkidori|Protect\n|move|p2a: Ursaluna|Hyper Voice|p1b: Munkidori|[spread] p1a\n|-activate|p1b: Munkidori|move: Protect\n|-damage|p1a: Iron Bundle|0 fnt\n|faint|p1a: Iron Bundle\n|-end|p1a: Iron Bundle|Quark Drive|[silent]\n|-damage|p2a: Ursaluna|90\/100|[from] item: Life Orb\n|move|p2b: Indeedee|Dazzling Gleam|p1b: Munkidori\n|-activate|p1b: Munkidori|move: Protect\n|\n|upkeep\n|\n|t:|1700343703\n|switch|p1a: Snorlax|Snorlax, L50, F|100\/100\n|turn|3\n|\n|t:|1700343714\n|move|p1a: Snorlax|Helping Hand|p1b: Munkidori\n|-singleturn|p1b: Munkidori|Helping Hand|[of] p1a: Snorlax\n|move|p2a: Ursaluna|Hyper Voice|p1b: Munkidori|[spread] p1a,p1b\n|-damage|p1a: Snorlax|55\/100\n|-damage|p1b: Munkidori|18\/100\n|-damage|p2a: Ursaluna|80\/100|[from] item: Life Orb\n|move|p2b: Indeedee|Dazzling Gleam|p1a: Snorlax|[spread] p1a,p1b\n|-resisted|p1b: Munkidori\n|-damage|p1a: Snorlax|46\/100\n|-damage|p1b: Munkidori|10\/100\n|move|p1b: Munkidori|Psychic|p2a: Ursaluna\n|-damage|p2a: Ursaluna|0 fnt\n|faint|p2a: Ursaluna\n|\n|upkeep\n|\n|t:|1700343730\n|switch|p2a: Amoonguss|Amoonguss, L50, F|100\/100\n|turn|4\n|\n|t:|1700343739\n|move|p1a: Snorlax|Ice Punch|p2a: Amoonguss\n|-supereffective|p2a: Amoonguss\n|-damage|p2a: Amoonguss|63\/100\n|move|p2a: Amoonguss|Spore|p1a: Snorlax\n|-status|p1a: Snorlax|slp|[from] move: Spore\n|move|p2b: Indeedee|Dazzling Gleam|p1a: Snorlax|[spread] p1a,p1b\n|-resisted|p1b: Munkidori\n|-damage|p1a: Snorlax|36\/100 slp\n|-damage|p1b: Munkidori|3\/100\n|move|p1b: Munkidori|Psychic|p2a: Amoonguss\n|-supereffective|p2a: Amoonguss\n|-damage|p2a: Amoonguss|0 fnt\n|faint|p2a: Amoonguss\n|\n|upkeep\n|\n|t:|1700343754\n|switch|p2a: Thundurus|Thundurus, L50, M|100\/100\n|turn|5\n|\n|t:|1700343760\n|move|p2a: Thundurus|Protect|p2a: Thundurus\n|-singleturn|p2a: Thundurus|Protect\n|move|p1b: Munkidori|Protect|p1b: Munkidori\n|-singleturn|p1b: Munkidori|Protect\n|cant|p1a: Snorlax|slp\n|move|p2b: Indeedee|Dazzling Gleam|p1b: Munkidori|[spread] p1a\n|-activate|p1b: Munkidori|move: Protect\n|-damage|p1a: Snorlax|27\/100 slp\n|\n|-fieldend|move: Trick Room\n|-fieldend|move: Psychic Terrain\n|upkeep\n|turn|6\n|\n|t:|1700343779\n|move|p2a: Thundurus|Protect|p2a: Thundurus\n|-singleturn|p2a: Thundurus|Protect\n|move|p1b: Munkidori|Sludge Bomb|p2a: Thundurus\n|-activate|p2a: Thundurus|move: Protect\n|move|p2b: Indeedee|Dazzling Gleam|p1b: Munkidori|[spread] p1a,p1b\n|-resisted|p1b: Munkidori\n|-damage|p1a: Snorlax|17\/100 slp\n|-damage|p1b: Munkidori|0 fnt\n|faint|p1b: Munkidori\n|cant|p1a: Snorlax|slp\n|\n|upkeep\n|\n|t:|1700343783\n|switch|p1b: Arcanine|Arcanine, L50, M|100\/100\n|-ability|p1b: Arcanine|Intimidate|boost\n|-unboost|p2a: Thundurus|atk|1\n|-unboost|p2b: Indeedee|atk|1\n|turn|7\n|\n|t:|1700343812\n|cant|p1a: Snorlax|slp\n|move|p1b: Arcanine|Flare Blitz|p2a: Thundurus\n|-damage|p2a: Thundurus|19\/100\n|-enditem|p2a: Thundurus|Sitrus Berry|[eat]\n|-heal|p2a: Thundurus|44\/100|[from] item: Sitrus Berry\n|-damage|p1b: Arcanine|74\/100|[from] Recoil\n|move|p2a: Thundurus|Wild Charge|p1a: Snorlax\n|-damage|p1a: Snorlax|0 fnt\n|faint|p1a: Snorlax\n|-damage|p2a: Thundurus|38\/100|[from] Recoil\n|move|p2b: Indeedee|Dazzling Gleam|p1b: Arcanine\n|-resisted|p1b: Arcanine\n|-damage|p1b: Arcanine|63\/100\n|\n|upkeep\n|turn|8\n|\n|t:|1700343832\n|move|p1b: Arcanine|Flare Blitz|p2a: Thundurus\n|-damage|p2a: Thundurus|0 fnt\n|faint|p2a: Thundurus\n|-damage|p1b: Arcanine|51\/100|[from] Recoil\n|move|p2b: Indeedee|Dazzling Gleam|p1b: Arcanine\n|-resisted|p1b: Arcanine\n|-damage|p1b: Arcanine|39\/100\n|\n|upkeep\n|turn|9\n|\n|t:|1700343843\n|move|p1b: Arcanine|Flare Blitz|p2b: Indeedee\n|-damage|p2b: Indeedee|46\/100\n|-damage|p1b: Arcanine|19\/100|[from] Recoil\n|move|p2b: Indeedee|Dazzling Gleam|p1b: Arcanine\n|-resisted|p1b: Arcanine\n|-damage|p1b: Arcanine|7\/100\n|\n|upkeep\n|turn|10\n|\n|t:|1700343851\n|move|p1b: Arcanine|Flare Blitz|p2b: Indeedee\n|-damage|p2b: Indeedee|0 fnt\n|faint|p2b: Indeedee\n|-damage|p1b: Arcanine|0 fnt|[from] Recoil\n|faint|p1b: Arcanine\n|\n|win|Arcaa9\n|c|\u2606DerpyBronze117|Ggs\n|l|\u2606Arcaa9\n|l|\u2606DerpyBronze117\n|j| jakersmc\n","uploadtime":1700344157,"views":17,"p1id":"arcaa9","p2id":"derpybronze117","formatid":"gen9vgc2023regulatione","rating":0,"private":0,"password":""}