{"id":"gen9vgc2023regulatione-1999881396","p1":"MyDressUpDeerling","p2":"CanuckChum","format":"[Gen 9] VGC 2023 Regulation E","log":"|j|\u2606MyDressUpDeerling\n|j|\u2606CanuckChum\n|n|\u2606MyDressUpDeerling|mydressupdeerling\n|n|\u2606CanuckChum|canuckchum\n|html|View the match progress at <a href=\"\/game-bestof3-gen9vgc2023regulatione-1999876554\">game-bestof3-gen9vgc2023regulatione-1999876554<\/a>\n|t:|1701125847\n|gametype|doubles\n|player|p1|MyDressUpDeerling|carmine-festival|\n|player|p2|CanuckChum|colress|\n|teamsize|p1|6\n|teamsize|p2|6\n|gen|9\n|tier|[Gen 9] VGC 2023 Regulation E\n|rule|Species Clause: Limit one of each Pok\u00e9mon\n|rule|Item Clause: Limit one of each item\n|clearpoke\n|poke|p1|Urshifu-*, L50, M|\n|poke|p1|Ogerpon, L50, F|\n|poke|p1|Farigiraf, L50, M|\n|poke|p1|Landorus-Therian, L50, M|\n|poke|p1|Altaria, L50, F|\n|poke|p1|Thundurus-Therian, L50, M|\n|poke|p2|Gholdengo, L50|\n|poke|p2|Iron Jugulis, L50|\n|poke|p2|Misdreavus, L50, F|\n|poke|p2|Great Tusk, L50|\n|poke|p2|Baxcalibur, L50, F|\n|poke|p2|Tyranitar, L50, M|\n|teampreview|4\n|c|\u2606MyDressUpDeerling|glhf\nMyDressUpDeerling rejected open team sheets.\n|\n|t:|1701125882\n|start\n|switch|p1a: Ogerpon|Ogerpon, L50, F|100\/100\n|switch|p1b: Altaria|Altaria, L50, F|100\/100\n|switch|p2a: Diet Flutter Mane|Misdreavus, L50, F|100\/100\n|switch|p2b: Golden Joe|Gholdengo, L50|100\/100\n|-ability|p1b: Altaria|Cloud Nine\n|turn|1\n|\n|t:|1701125921\n|-terastallize|p1b: Altaria|Steel\n|move|p1a: Ogerpon|Ivy Cudgel|p2b: Golden Joe\n|-resisted|p2b: Golden Joe\n|-damage|p2b: Golden Joe|76\/100\n|move|p1b: Altaria|Fire Spin|p2b: Golden Joe\n|-supereffective|p2b: Golden Joe\n|-damage|p2b: Golden Joe|63\/100\n|-activate|p2b: Golden Joe|move: Fire Spin|[of] p1b: Altaria\n|move|p2b: Golden Joe|Nasty Plot|p2b: Golden Joe\n|-boost|p2b: Golden Joe|spa|2\n|move|p2a: Diet Flutter Mane|Trick Room|p2a: Diet Flutter Mane\n|-fieldstart|move: Trick Room|[of] p2a: Diet Flutter Mane\n|\n|-heal|p2b: Golden Joe|70\/100|[from] item: Leftovers\n|-damage|p2b: Golden Joe|57\/100|[from] move: Fire Spin|[partiallytrapped]\n|upkeep\n|turn|2\n|\n|t:|1701125975\n|move|p2b: Golden Joe|Shadow Ball|p1b: Altaria\n|-damage|p1b: Altaria|27\/100\n|move|p2a: Diet Flutter Mane|Will-O-Wisp|p1a: Ogerpon\n|-status|p1a: Ogerpon|brn\n|move|p1b: Altaria|Fire Spin|p2a: Diet Flutter Mane\n|-damage|p2a: Diet Flutter Mane|95\/100\n|-activate|p2a: Diet Flutter Mane|move: Fire Spin|[of] p1b: Altaria\n|move|p1a: Ogerpon|Ivy Cudgel|p2b: Golden Joe\n|-resisted|p2b: Golden Joe\n|-damage|p2b: Golden Joe|46\/100\n|\n|-heal|p2b: Golden Joe|52\/100|[from] item: Leftovers\n|-heal|p1b: Altaria|33\/100|[from] item: Leftovers\n|-damage|p1a: Ogerpon|95\/100 brn|[from] brn\n|-damage|p2b: Golden Joe|40\/100|[from] move: Fire Spin|[partiallytrapped]\n|-damage|p2a: Diet Flutter Mane|83\/100|[from] move: Fire Spin|[partiallytrapped]\n|upkeep\n|turn|3\n|\n|t:|1701126065\n|move|p1a: Ogerpon|Follow Me|p1a: Ogerpon\n|-singleturn|p1a: Ogerpon|move: Follow Me\n|move|p2b: Golden Joe|Make It Rain|p1b: Altaria|[spread] p1a,p1b\n|-resisted|p1b: Altaria\n|-damage|p1a: Ogerpon|0 fnt\n|-damage|p1b: Altaria|0 fnt\n|-unboost|p2b: Golden Joe|spa|1\n|faint|p1a: Ogerpon\n|faint|p1b: Altaria\n|move|p2a: Diet Flutter Mane|Pain Split|p2b: Golden Joe\n|-immune|p2b: Golden Joe|[from] ability: Good as Gold\n|\n|-heal|p2b: Golden Joe|46\/100|[from] item: Leftovers\n|-end|p2b: Golden Joe|Fire Spin|[partiallytrapped]|[silent]\n|-end|p2a: Diet Flutter Mane|Fire Spin|[partiallytrapped]|[silent]\n|upkeep\n|\n|t:|1701126075\n|switch|p1b: Landorus|Landorus-Therian, L50, M|100\/100\n|switch|p1a: Urshifu|Urshifu, L50, M|100\/100\n|-ability|p1b: Landorus|Intimidate|boost\n|-unboost|p2a: Diet Flutter Mane|atk|1\n|-unboost|p2b: Golden Joe|atk|1\n|turn|4\n|\n|t:|1701126116\n|move|p2b: Golden Joe|Protect|p2b: Golden Joe\n|-singleturn|p2b: Golden Joe|Protect\n|move|p2a: Diet Flutter Mane|Will-O-Wisp|p1a: Urshifu|[miss]\n|-miss|p2a: Diet Flutter Mane|p1a: Urshifu\n|move|p1b: Landorus|Rock Slide|p2a: Diet Flutter Mane|[spread] p2a\n|-activate|p2b: Golden Joe|move: Protect\n|-damage|p2a: Diet Flutter Mane|61\/100\n|move|p1a: Urshifu|Wicked Blow|p2a: Diet Flutter Mane\n|-supereffective|p2a: Diet Flutter Mane\n|-crit|p2a: Diet Flutter Mane\n|-damage|p2a: Diet Flutter Mane|0 fnt\n|faint|p2a: Diet Flutter Mane\n|\n|-heal|p2b: Golden Joe|52\/100|[from] item: Leftovers\n|upkeep\n|\n|t:|1701126128\n|switch|p2a: Tyranititan|Tyranitar, L50, M|100\/100\n|-weather|Sandstorm|[from] ability: Sand Stream|[of] p2a: Tyranititan\n|turn|5\n|\n|t:|1701126151\n|move|p1b: Landorus|Protect|p1b: Landorus\n|-singleturn|p1b: Landorus|Protect\n|move|p1a: Urshifu|Protect|p1a: Urshifu\n|-singleturn|p1a: Urshifu|Protect\n|move|p2b: Golden Joe|Make It Rain|p1b: Landorus|[spread] \n|-activate|p1a: Urshifu|move: Protect\n|-activate|p1b: Landorus|move: Protect\n|move|p2a: Tyranititan|Knock Off|p1b: Landorus\n|-activate|p1b: Landorus|move: Protect\n|\n|-weather|Sandstorm|[upkeep]\n|-damage|p1a: Urshifu|95\/100|[from] Sandstorm\n|-heal|p2b: Golden Joe|58\/100|[from] item: Leftovers\n|-fieldend|move: Trick Room\n|upkeep\n|turn|6\n|\n|t:|1701126205\n|move|p2a: Tyranititan|Protect|p2a: Tyranititan\n|-singleturn|p2a: Tyranititan|Protect\n|move|p1a: Urshifu|Close Combat|p2a: Tyranititan\n|-supereffective|p2a: Tyranititan\n|-damage|p2a: Tyranititan|0 fnt\n|-unboost|p1a: Urshifu|def|1\n|-unboost|p1a: Urshifu|spd|1\n|faint|p2a: Tyranititan\n|move|p1b: Landorus|Stomping Tantrum|p2b: Golden Joe\n|-supereffective|p2b: Golden Joe\n|-damage|p2b: Golden Joe|0 fnt\n|faint|p2b: Golden Joe\n|\n|-weather|Sandstorm|[upkeep]\n|-damage|p1a: Urshifu|89\/100|[from] Sandstorm\n|upkeep\n|\n|t:|1701126215\n|switch|p2b: Triad of Terror|Iron Jugulis, L50|100\/100\n|-enditem|p2b: Triad of Terror|Booster Energy\n|-activate|p2b: Triad of Terror|ability: Quark Drive|[fromitem]\n|-start|p2b: Triad of Terror|quarkdrivespe\n|turn|7\n|\n|t:|1701126225\n|move|p1a: Urshifu|Sucker Punch|p2b: Triad of Terror\n|-resisted|p2b: Triad of Terror\n|-damage|p2b: Triad of Terror|77\/100\n|move|p2b: Triad of Terror|Air Slash|p1a: Urshifu\n|-supereffective|p1a: Urshifu\n|-damage|p1a: Urshifu|0 fnt\n|faint|p1a: Urshifu\n|move|p1b: Landorus|Rock Slide|p2b: Triad of Terror\n|-supereffective|p2b: Triad of Terror\n|-damage|p2b: Triad of Terror|6\/100\n|\n|-weather|Sandstorm|[upkeep]\n|-damage|p2b: Triad of Terror|0 fnt|[from] Sandstorm\n|faint|p2b: Triad of Terror\n|-end|p2b: Triad of Terror|Quark Drive|[silent]\n|\n|win|MyDressUpDeerling\n|upkeep\n|c|\u2606CanuckChum|gg\n|c|\u2606MyDressUpDeerling|ggs\n","uploadtime":1701126266,"views":2,"p1id":"mydressupdeerling","p2id":"canuckchum","formatid":"gen9vgc2023regulatione","rating":0,"private":0,"password":""}