{"id":"gen9vgc2023regulatione-1999706450","p1":"Onii-Chan1987","p2":"CaliberChamp","format":"[Gen 9] VGC 2023 Regulation E","log":"|j|\u2606Onii-Chan1987\n|j|\u2606CaliberChamp\n|t:|1701109531\n|gametype|doubles\n|player|p1|Onii-Chan1987|emmet|1179\n|player|p2|CaliberChamp|red-masters|1189\n|teamsize|p1|6\n|teamsize|p2|6\n|gen|9\n|tier|[Gen 9] VGC 2023 Regulation E\n|rated|\n|rule|Species Clause: Limit one of each Pok\u00e9mon\n|rule|Item Clause: Limit one of each item\n|clearpoke\n|poke|p1|Rillaboom, L50, M|\n|poke|p1|Ogerpon, L50, F|\n|poke|p1|Urshifu-*, L50, F|\n|poke|p1|Ting-Lu, L50|\n|poke|p1|Arcanine-Hisui, L50, F|\n|poke|p1|Grimmsnarl, L50, M|\n|poke|p2|Cinderace, L50, M|\n|poke|p2|Corviknight, L50, M|\n|poke|p2|Toxtricity-Low-Key, L50, F|\n|poke|p2|Grimmsnarl, L50, M|\n|poke|p2|Quaquaval, L50, M|\n|poke|p2|Frosmoth, L50, F|\n|teampreview|4\n|inactive|Battle timer is ON: inactive players will automatically lose when time's up. (requested by CaliberChamp)\n|inactive|CaliberChamp has 60 seconds left.\n|\n|t:|1701109576\n|start\n|switch|p1a: Arcanine|Arcanine-Hisui, L50, F|100\/100\n|switch|p1b: Grimmsnarl|Grimmsnarl, L50, M|100\/100\n|switch|p2a: Hyrok|Grimmsnarl, L50, M|100\/100\n|switch|p2b: Karasu|Corviknight, L50, M|100\/100\n|-ability|p1a: Arcanine|Intimidate|boost\n|-unboost|p2a: Hyrok|atk|1\n|-ability|p2b: Karasu|Mirror Armor\n|-unboost|p1a: Arcanine|atk|1\n|turn|1\n|inactive|CaliberChamp has 30 seconds left.\n|\n|t:|1701109606\n|-terastallize|p2b: Karasu|Fire\n|move|p2a: Hyrok|Reflect|p2a: Hyrok\n|-sidestart|p2: CaliberChamp|Reflect\n|move|p1b: Grimmsnarl|Reflect|p1b: Grimmsnarl\n|-sidestart|p1: Onii-Chan1987|Reflect\n|move|p1a: Arcanine|Flare Blitz|p2b: Karasu\n|-resisted|p2b: Karasu\n|-damage|p2b: Karasu|88\/100\n|-damage|p1a: Arcanine|84\/100|[from] item: Rocky Helmet|[of] p2b: Karasu\n|-damage|p1a: Arcanine|80\/100|[from] Recoil\n|move|p2b: Karasu|Body Press|p1a: Arcanine\n|-supereffective|p1a: Arcanine\n|-damage|p1a: Arcanine|37\/100\n|\n|upkeep\n|turn|2\n|\n|t:|1701109626\n|switch|p1a: Ting-Lu|Ting-Lu, L50|100\/100\n|-ability|p1a: Ting-Lu|Vessel of Ruin\n|move|p2a: Hyrok|Light Screen|p2a: Hyrok\n|-sidestart|p2: CaliberChamp|move: Light Screen\n|move|p1b: Grimmsnarl|Thunder Wave|p2b: Karasu\n|-status|p2b: Karasu|par\n|cant|p2b: Karasu|par\n|\n|upkeep\n|turn|3\n|\n|t:|1701109644\n|move|p1b: Grimmsnarl|Spirit Break|p2a: Hyrok\n|-supereffective|p2a: Hyrok\n|-damage|p2a: Hyrok|65\/100\n|move|p2a: Hyrok|Spirit Break|p1b: Grimmsnarl\n|-supereffective|p1b: Grimmsnarl\n|-damage|p1b: Grimmsnarl|73\/100\n|-unboost|p1b: Grimmsnarl|spa|1\n|move|p1a: Ting-Lu|Stomping Tantrum|p2b: Karasu\n|-supereffective|p2b: Karasu\n|-damage|p2b: Karasu|61\/100 par\n|-damage|p1a: Ting-Lu|84\/100|[from] item: Rocky Helmet|[of] p2b: Karasu\n|cant|p2b: Karasu|par\n|\n|upkeep\n|turn|4\n|\n|t:|1701109664\n|switch|p1b: Arcanine|Arcanine-Hisui, L50, F|37\/100\n|-ability|p1b: Arcanine|Intimidate|boost\n|-unboost|p2a: Hyrok|atk|1\n|-ability|p2b: Karasu|Mirror Armor\n|-unboost|p1b: Arcanine|atk|1\n|move|p2a: Hyrok|Spirit Break|p1b: Arcanine\n|-resisted|p1b: Arcanine\n|-damage|p1b: Arcanine|31\/100\n|-unboost|p1b: Arcanine|spa|1\n|move|p1a: Ting-Lu|Stomping Tantrum|p2b: Karasu\n|-supereffective|p2b: Karasu\n|-damage|p2b: Karasu|35\/100 par\n|-damage|p1a: Ting-Lu|67\/100|[from] item: Rocky Helmet|[of] p2b: Karasu\n|move|p2b: Karasu|Roost|p2b: Karasu\n|-heal|p2b: Karasu|85\/100 par\n|\n|upkeep\n|turn|5\n|\n|t:|1701109689\n|move|p1b: Arcanine|Rock Slide|p2b: Karasu|[spread] p2a,p2b\n|-supereffective|p2b: Karasu\n|-damage|p2a: Hyrok|49\/100\n|-damage|p2b: Karasu|62\/100 par\n|move|p2a: Hyrok|Spirit Break|p1a: Ting-Lu\n|-supereffective|p1a: Ting-Lu\n|-damage|p1a: Ting-Lu|56\/100\n|-unboost|p1a: Ting-Lu|spa|1\n|move|p1a: Ting-Lu|Stomping Tantrum|p2b: Karasu\n|-supereffective|p2b: Karasu\n|-damage|p2b: Karasu|32\/100 par\n|-damage|p1a: Ting-Lu|39\/100|[from] item: Rocky Helmet|[of] p2b: Karasu\n|move|p2b: Karasu|Body Press|p1b: Arcanine\n|-supereffective|p1b: Arcanine\n|-crit|p1b: Arcanine\n|-damage|p1b: Arcanine|0 fnt\n|faint|p1b: Arcanine\n|\n|-sideend|p2: CaliberChamp|Reflect\n|upkeep\n|\n|t:|1701109704\n|switch|p1b: Urshifu|Urshifu-Rapid-Strike, L50, F|100\/100\n|turn|6\n|\n|t:|1701109718\n|switch|p1a: Grimmsnarl|Grimmsnarl, L50, M|73\/100\n|-terastallize|p1b: Urshifu|Water\n|move|p2a: Hyrok|Reflect|p2a: Hyrok\n|-sidestart|p2: CaliberChamp|Reflect\n|move|p1b: Urshifu|Surging Strikes|p2b: Karasu\n|-supereffective|p2b: Karasu\n|-crit|p2b: Karasu\n|-damage|p2b: Karasu|0 fnt\n|-damage|p1b: Urshifu|84\/100|[from] item: Rocky Helmet|[of] p2b: Karasu\n|faint|p2b: Karasu\n|-hitcount|p2: Karasu|1\n|\n|-sideend|p2: CaliberChamp|move: Light Screen\n|upkeep\n|\n|t:|1701109743\n|switch|p2b: Riffit|Toxtricity-Low-Key, L50, F|100\/100\n|turn|7\n|\n|t:|1701109751\n|move|p2a: Hyrok|Scary Face|p1b: Urshifu\n|-unboost|p1b: Urshifu|spe|2\n|move|p2b: Riffit|Overdrive|p1a: Grimmsnarl|[spread] p1a,p1b\n|-supereffective|p1b: Urshifu\n|-damage|p1a: Grimmsnarl|36\/100\n|-damage|p1b: Urshifu|0 fnt\n|faint|p1b: Urshifu\n|move|p1a: Grimmsnarl|Spirit Break|p2a: Hyrok\n|-supereffective|p2a: Hyrok\n|-damage|p2a: Hyrok|13\/100\n|\n|upkeep\n|\n|t:|1701109756\n|switch|p1b: Ting-Lu|Ting-Lu, L50|39\/100\n|-ability|p1b: Ting-Lu|Vessel of Ruin\n|turn|8\n|inactive|CaliberChamp has 30 seconds left.\n|inactive|CaliberChamp has 20 seconds left.\n|inactive|CaliberChamp has 15 seconds left.\n|\n|t:|1701109797\n|switch|p2a: Ace|Cinderace, L50, M|100\/100\n|move|p2b: Riffit|Taunt|p1a: Grimmsnarl\n|-start|p1a: Grimmsnarl|move: Taunt\n|move|p1a: Grimmsnarl|Spirit Break|p2a: Ace\n|-resisted|p2a: Ace\n|-damage|p2a: Ace|86\/100\n|-unboost|p2a: Ace|spa|1\n|move|p1b: Ting-Lu|Stomping Tantrum|p2b: Riffit\n|-supereffective|p2b: Riffit\n|-enditem|p2b: Riffit|Focus Sash\n|-damage|p2b: Riffit|1\/100\n|\n|-sideend|p1: Onii-Chan1987|Reflect\n|upkeep\n|turn|9\n|inactive|CaliberChamp has 30 seconds left.\n|\n|t:|1701109827\n|move|p2a: Ace|Trailblaze|p1b: Ting-Lu\n|-start|p2a: Ace|typechange|Grass|[from] ability: Libero\n|-supereffective|p1b: Ting-Lu\n|-damage|p1b: Ting-Lu|0 fnt\n|-boost|p2a: Ace|spe|1\n|faint|p1b: Ting-Lu\n|-damage|p2a: Ace|76\/100|[from] item: Life Orb\n|move|p2b: Riffit|Overdrive|p1a: Grimmsnarl\n|-damage|p1a: Grimmsnarl|0 fnt\n|faint|p1a: Grimmsnarl\n|\n|win|CaliberChamp\n|raw|Onii-Chan1987's rating: 1179 &rarr; <strong>1155<\/strong><br \/>(-24 for losing)\n|raw|CaliberChamp's rating: 1189 &rarr; <strong>1213<\/strong><br \/>(+24 for winning)\n|l|\u2606Onii-Chan1987\n","uploadtime":1701109849,"views":7,"p1id":"oniichan1987","p2id":"caliberchamp","formatid":"gen9vgc2023regulatione","rating":1155,"private":0,"password":""}