{"id":"gen9vgc2023regulatione-1989258582","p1":"WilfredVGC","p2":"5wamp","format":"[Gen 9] VGC 2023 Regulation E","log":"|j|\u2606WilfredVGC\n|j|\u26065wamp\n|n|\u2606WilfredVGC|wilfredvgc\n|n|\u26065wamp|5wamp\n|html|View the match progress at <a href=\"\/game-bestof3-gen9vgc2023regulatione-1989252161\">game-bestof3-gen9vgc2023regulatione-1989252161<\/a>\n|t:|1699828913\n|gametype|doubles\n|player|p1|WilfredVGC|roxanne|\n|player|p2|5wamp|carmine-festival|\n|teamsize|p1|6\n|teamsize|p2|6\n|gen|9\n|tier|[Gen 9] VGC 2023 Regulation E\n|rule|Species Clause: Limit one of each Pok\u00e9mon\n|rule|Item Clause: Limit one of each item\n|clearpoke\n|poke|p1|Bronzong, L50|\n|poke|p1|Ursaluna, L50, F|\n|poke|p1|Regidrago, L50|\n|poke|p1|Iron Hands, L50|\n|poke|p1|Ogerpon-Cornerstone, L50, F|\n|poke|p1|Gastrodon, L50, M|\n|poke|p2|Dondozo, L50, M|\n|poke|p2|Tatsugiri, L50, F|\n|poke|p2|Rillaboom, L50, F|\n|poke|p2|Volcarona, L50, M|\n|poke|p2|Kingambit, L50, F|\n|poke|p2|Clefairy, L50, M|\n|teampreview|4\n|j| Natnat_24\n|c|\u26065wamp|glhf\n5wamp has agreed to open team sheets.\n|j| MattC (Banned)\n|j| Renjuu\n|c| MattC (Banned)|dude dont fold\n|c|\u26065wamp|accept ots lol\nWilfredVGC has agreed to open team sheets.\n|showteam|p1|Bronzong||MentalHerb|Levitate|Safeguard,TrickRoom,GyroBall,Protect||||||50|,,,,,Fire]Ursaluna||FlameOrb|Guts|HeadlongRush,Facade,SwordsDance,Protect|||F|||50|,,,,,Ghost]Regidrago||DragonFang|DragonsMaw|DragonEnergy,DracoMeteor,EarthPower,Protect||||||50|,,,,,Steel]Iron Hands||SitrusBerry|QuarkDrive|DrainPunch,WildCharge,FakeOut,Whirlwind||||||50|,,,,,Water]Ogerpon-Cornerstone||CornerstoneMask|Sturdy|IvyCudgel,WoodHammer,FollowMe,Uturn|||F|||50|,,,,,Rock]Gastrodon||Leftovers|StormDrain|Yawn,IceBeam,HelpingHand,Protect|||M|||50|,,,,,Fire\n|showteam|p2|Dondozo||Leftovers|Unaware|OrderUp,Earthquake,WaveCrash,Protect|||M|||50|,,,,,Grass]Tatsugiri||ChoiceScarf|Commander|DracoMeteor,MuddyWater,IcyWind,TeraBlast|||F|||50|,,,,,Steel]Rillaboom||AssaultVest|GrassySurge|WoodHammer,GrassyGlide,Uturn,FakeOut|||F|||50|,,,,,Fire]Volcarona||SitrusBerry|FlameBody|Protect,HeatWave,TeraBlast,QuiverDance|||M|||50|,,,,,Ground]Kingambit||BlackGlasses|Defiant|Protect,KowtowCleave,SuckerPunch,SwordsDance|||F|||50|,,,,,Dark]Clefairy||Eviolite|FriendGuard|Protect,HelpingHand,FollowMe,HealPulse|||M|||50|,,,,,Grass\n|inactive|Battle timer is ON: inactive players will automatically lose when time's up. (requested by 5wamp)\n|c|\u2606WilfredVGC|glhf\n|c| Natnat_24|dont accept ots\n|\n|t:|1699828984\n|start\n|switch|p1a: Ursaluna|Ursaluna, L50, F|100\/100\n|switch|p1b: Gastrodon|Gastrodon, L50, M, shiny|100\/100\n|switch|p2a: Volcarona|Volcarona, L50, M|100\/100\n|switch|p2b: Rillaboom|Rillaboom, L50, F|100\/100\n|-fieldstart|move: Grassy Terrain|[from] ability: Grassy Surge|[of] p2b: Rillaboom\n|turn|1\n|inactive|WilfredVGC has 30 seconds left.\n|inactive|5wamp has 30 seconds left.\n|\n|t:|1699829015\n|switch|p1b: Iron Hands|Iron Hands, L50|100\/100\n|move|p1a: Ursaluna|Protect|p1a: Ursaluna\n|-singleturn|p1a: Ursaluna|Protect\n|move|p2b: Rillaboom|Fake Out|p1b: Iron Hands\n|-damage|p1b: Iron Hands|90\/100\n|move|p2a: Volcarona|Quiver Dance|p2a: Volcarona\n|-boost|p2a: Volcarona|spa|1\n|-boost|p2a: Volcarona|spd|1\n|-boost|p2a: Volcarona|spe|1\n|\n|-heal|p1b: Iron Hands|96\/100|[from] Grassy Terrain\n|-status|p1a: Ursaluna|brn|[from] item: Flame Orb\n|upkeep\n|turn|2\n|c| Natnat_24|cookage\n|c| Natnat_24|..whirlwind?\n|\n|t:|1699829038\n|-terastallize|p1a: Ursaluna|Ghost\n|move|p2a: Volcarona|Protect|p2a: Volcarona\n|-singleturn|p2a: Volcarona|Protect\n|move|p2b: Rillaboom|Wood Hammer|p1a: Ursaluna\n|-damage|p1a: Ursaluna|46\/100 brn\n|-damage|p2b: Rillaboom|80\/100|[from] Recoil\n|move|p1a: Ursaluna|Facade|p2b: Rillaboom\n|-damage|p2b: Rillaboom|0 fnt\n|faint|p2b: Rillaboom\n|move|p1b: Iron Hands|Whirlwind|p2a: Volcarona\n|drag|p2a: Clefairy|Clefairy, L50, M|100\/100\n|\n|-heal|p1b: Iron Hands|100\/100|[from] Grassy Terrain\n|-heal|p1a: Ursaluna|52\/100 brn|[from] Grassy Terrain\n|-damage|p1a: Ursaluna|46\/100 brn|[from] brn\n|upkeep\n|c|\u2606WilfredVGC|Me cooking fr\n|\n|t:|1699829050\n|switch|p2b: Kingambit|Kingambit, L50, F|100\/100\n|turn|3\n|c| MattC (Banned)|finally\n|c| MattC (Banned)|he's thinking\n|\n|t:|1699829063\n|switch|p1a: Gastrodon|Gastrodon, L50, M, shiny|100\/100\n|move|p2a: Clefairy|Follow Me|p2a: Clefairy\n|-singleturn|p2a: Clefairy|move: Follow Me\n|move|p2b: Kingambit|Swords Dance|p2b: Kingambit\n|-boost|p2b: Kingambit|atk|2\n|move|p1b: Iron Hands|Whirlwind|p2a: Clefairy\n|drag|p2a: Volcarona|Volcarona, L50, M|100\/100\n|\n|upkeep\n|turn|4\n|inactive|5wamp has 30 seconds left.\n|inactive|WilfredVGC has 30 seconds left.\n|inactive|5wamp has 20 seconds left.\n|inactive|5wamp has 15 seconds left.\n|inactive|5wamp has 10 seconds left.\n|\n|t:|1699829111\n|switch|p2a: Clefairy|Clefairy, L50, M|100\/100\n|-terastallize|p2b: Kingambit|Dark\n|move|p2b: Kingambit|Kowtow Cleave|p1b: Iron Hands\n|-resisted|p1b: Iron Hands\n|-damage|p1b: Iron Hands|50\/100\n|-enditem|p1b: Iron Hands|Sitrus Berry|[eat]\n|-heal|p1b: Iron Hands|74\/100|[from] item: Sitrus Berry\n|move|p1b: Iron Hands|Wild Charge|p2a: Clefairy\n|-damage|p2a: Clefairy|61\/100\n|-damage|p1b: Iron Hands|67\/100|[from] Recoil\n|move|p1a: Gastrodon|Yawn|p2a: Clefairy\n|-start|p2a: Clefairy|move: Yawn|[of] p1a: Gastrodon\n|\n|-heal|p1b: Iron Hands|73\/100|[from] Grassy Terrain\n|-heal|p2a: Clefairy|67\/100|[from] Grassy Terrain\n|upkeep\n|turn|5\n|inactive|WilfredVGC has 30 seconds left.\n|c| Natnat_24|whirlwind moment\n|\n|t:|1699829141\n|move|p1a: Gastrodon|Helping Hand|p1b: Iron Hands\n|-singleturn|p1b: Iron Hands|Helping Hand|[of] p1a: Gastrodon\n|move|p2a: Clefairy|Helping Hand|p2b: Kingambit\n|-singleturn|p2b: Kingambit|Helping Hand|[of] p2a: Clefairy\n|move|p2b: Kingambit|Kowtow Cleave|p1b: Iron Hands\n|-resisted|p1b: Iron Hands\n|-damage|p1b: Iron Hands|0 fnt\n|faint|p1b: Iron Hands\n|-end|p1b: Iron Hands|Quark Drive|[silent]\n|\n|-heal|p2a: Clefairy|73\/100|[from] Grassy Terrain\n|-end|p2a: Clefairy|move: Yawn|[silent]\n|-status|p2a: Clefairy|slp\n|-fieldend|move: Grassy Terrain\n|upkeep\n|\n|t:|1699829151\n|switch|p1b: Ogerpon|Ogerpon-Cornerstone, L50, F|100\/100\n|turn|6\n|c| Natnat_24|rip in pipis\n|\n|t:|1699829168\n|move|p2b: Kingambit|Protect|p2b: Kingambit\n|-singleturn|p2b: Kingambit|Protect\n|cant|p2a: Clefairy|slp\n|move|p1b: Ogerpon|Follow Me|p1b: Ogerpon\n|-singleturn|p1b: Ogerpon|move: Follow Me\n|move|p1a: Gastrodon|Yawn|p2b: Kingambit\n|-activate|p2b: Kingambit|move: Protect\n|\n|upkeep\n|turn|7\n|\n|t:|1699829188\n|move|p1a: Gastrodon|Helping Hand|p1b: Ogerpon\n|-singleturn|p1b: Ogerpon|Helping Hand|[of] p1a: Gastrodon\n|-curestatus|p2a: Clefairy|slp|[msg]\n|move|p2a: Clefairy|Follow Me|p2a: Clefairy\n|-singleturn|p2a: Clefairy|move: Follow Me\n|move|p1b: Ogerpon|Ivy Cudgel|p2a: Clefairy\n|-damage|p2a: Clefairy|0 fnt\n|faint|p2a: Clefairy\n|move|p2b: Kingambit|Kowtow Cleave|p1a: Gastrodon\n|-damage|p1a: Gastrodon|0 fnt\n|faint|p1a: Gastrodon\n|\n|upkeep\n|\n|t:|1699829196\n|switch|p1a: Ursaluna|Ursaluna, L50, F, tera:Ghost|46\/100 brn\n|switch|p2a: Volcarona|Volcarona, L50, M|100\/100\n|turn|8\n|inactive|5wamp has 30 seconds left.\n|c|\u2606WilfredVGC|I was cooking trust\n|inactive|5wamp has 20 seconds left.\n|inactive|5wamp has 15 seconds left.\n|\n|t:|1699829236\n|move|p1b: Ogerpon|Ivy Cudgel|p2b: Kingambit\n|-damage|p2b: Kingambit|52\/100\n|move|p2a: Volcarona|Heat Wave|p1a: Ursaluna|[spread] p1a,p1b\n|-damage|p1a: Ursaluna|17\/100 brn\n|-damage|p1b: Ogerpon|68\/100\n|move|p2b: Kingambit|Kowtow Cleave|p1a: Ursaluna\n|-supereffective|p1a: Ursaluna\n|-damage|p1a: Ursaluna|0 fnt\n|faint|p1a: Ursaluna\n|\n|upkeep\n|turn|9\n|c|\u26065wamp|gg\n|c|\u2606WilfredVGC|ggs\n|c| Natnat_24|its mahover\n|\n|t:|1699829253\n|move|p2b: Kingambit|Sucker Punch|p1b: Ogerpon\n|-damage|p1b: Ogerpon|0 fnt\n|faint|p1b: Ogerpon\n|\n|win|5wamp\n","uploadtime":1699829260,"views":9,"p1id":"wilfredvgc","p2id":"5wamp","formatid":"gen9vgc2023regulatione","rating":0,"private":0,"password":""}