{"id":"gen9vgc2023regulatione-1992505782","p1":"Killcat94ki","p2":"Abro hilo","format":"[Gen 9] VGC 2023 Regulation E","log":"|j|\u2606Killcat94ki\n|j|\u2606Abro hilo\n|t:|1700196434\n|gametype|doubles\n|player|p1|Killcat94ki|266|1307\n|player|p2|Abro hilo|pilot|1392\n|teamsize|p1|6\n|teamsize|p2|6\n|gen|9\n|tier|[Gen 9] VGC 2023 Regulation E\n|rated|\n|rule|Species Clause: Limit one of each Pok\u00e9mon\n|rule|Item Clause: Limit one of each item\n|clearpoke\n|poke|p1|Volcarona, L50, M|\n|poke|p1|Flutter Mane, L50|\n|poke|p1|Ninetales-Alola, L50, M|\n|poke|p1|Ogerpon-Wellspring, L50, F|\n|poke|p1|Tornadus, L50, M|\n|poke|p1|Iron Hands, L50|\n|poke|p2|Empoleon, L50, M|\n|poke|p2|Arcanine-Hisui, L50, M|\n|poke|p2|Landorus-Therian, L50, M|\n|poke|p2|Iron Hands, L50|\n|poke|p2|Flutter Mane, L50|\n|poke|p2|Amoonguss, L50, M|\n|teampreview|4\n|\n|t:|1700196481\n|start\n|switch|p1a: Tornadus|Tornadus, L50, M|100\/100\n|switch|p1b: Volcarona|Volcarona, L50, M|100\/100\n|switch|p2a: Empoleon|Empoleon, L50, M, shiny|100\/100\n|switch|p2b: Arcanine|Arcanine-Hisui, L50, M, shiny|100\/100\n|-ability|p2b: Arcanine|Intimidate|boost\n|-unboost|p1a: Tornadus|atk|1\n|-unboost|p1b: Volcarona|atk|1\n|turn|1\n|inactive|Battle timer is ON: inactive players will automatically lose when time's up. (requested by Killcat94ki)\n|\n|t:|1700196499\n|switch|p2a: Iron Hands|Iron Hands, L50|100\/100\n|-terastallize|p1b: Volcarona|Dragon\n|move|p1a: Tornadus|Taunt|p2a: Iron Hands\n|-start|p2a: Iron Hands|move: Taunt\n|move|p2b: Arcanine|Rock Slide|p1a: Tornadus|[spread] p1a,p1b\n|-supereffective|p1a: Tornadus\n|-damage|p1a: Tornadus|16\/100\n|-damage|p1b: Volcarona|64\/100\n|-enditem|p1a: Tornadus|Sitrus Berry|[eat]\n|-heal|p1a: Tornadus|40\/100|[from] item: Sitrus Berry\n|cant|p1b: Volcarona|flinch\n|\n|-heal|p1b: Volcarona|69\/100|[from] item: Leftovers\n|upkeep\n|turn|2\n|\n|t:|1700196523\n|switch|p1b: Ogerpon|Ogerpon-Wellspring, L50, F|100\/100\n|move|p2a: Iron Hands|Fake Out|p1a: Tornadus\n|-damage|p1a: Tornadus|23\/100\n|cant|p1a: Tornadus|flinch\n|move|p2b: Arcanine|Rock Slide|p1a: Tornadus|[spread] p1a,p1b\n|-supereffective|p1a: Tornadus\n|-damage|p1a: Tornadus|0 fnt\n|-damage|p1b: Ogerpon|62\/100\n|faint|p1a: Tornadus\n|\n|upkeep\n|\n|t:|1700196537\n|switch|p1a: Ninetales|Ninetales-Alola, L50, M|100\/100\n|-weather|Snow|[from] ability: Snow Warning|[of] p1a: Ninetales\n|turn|3\n|\n|t:|1700196554\n|switch|p2b: Empoleon|Empoleon, L50, M, shiny|100\/100\n|move|p1a: Ninetales|Protect|p1a: Ninetales\n|-singleturn|p1a: Ninetales|Protect\n|move|p1b: Ogerpon|Swords Dance|p1b: Ogerpon\n|-boost|p1b: Ogerpon|atk|2\n|move|p2a: Iron Hands|Drain Punch|p1a: Ninetales\n|-activate|p1a: Ninetales|move: Protect\n|\n|-weather|Snow|[upkeep]\n|-end|p2a: Iron Hands|move: Taunt\n|upkeep\n|turn|4\n|\n|t:|1700196570\n|-terastallize|p2a: Iron Hands|Grass\n|move|p1a: Ninetales|Dazzling Gleam|p2a: Iron Hands|[spread] p2a,p2b\n|-resisted|p2b: Empoleon\n|-damage|p2a: Iron Hands|84\/100\n|-damage|p2b: Empoleon|94\/100\n|move|p1b: Ogerpon|Horn Leech|p2b: Empoleon\n|-damage|p2b: Empoleon|7\/100\n|-heal|p1b: Ogerpon|100\/100|[from] drain|[of] p2b: Empoleon\n|move|p2b: Empoleon|Flash Cannon|p1a: Ninetales\n|-supereffective|p1a: Ninetales\n|-damage|p1a: Ninetales|0 fnt\n|faint|p1a: Ninetales\n|move|p2a: Iron Hands|Wild Charge|p1b: Ogerpon\n|-damage|p1b: Ogerpon|46\/100\n|-damage|p2a: Iron Hands|75\/100|[from] Recoil\n|\n|-weather|Snow|[upkeep]\n|upkeep\n|\n|t:|1700196588\n|switch|p1a: Volcarona|Volcarona, L50, M, tera:Dragon|69\/100\n|turn|5\n|\n|t:|1700196610\n|move|p2b: Empoleon|Vacuum Wave|p1a: Volcarona\n|-damage|p1a: Volcarona|59\/100\n|move|p1b: Ogerpon|Ivy Cudgel|p2a: Iron Hands|[anim] Ivy Cudgel Water\n|-resisted|p2a: Iron Hands\n|-damage|p2a: Iron Hands|37\/100\n|-enditem|p2a: Iron Hands|Sitrus Berry|[eat]\n|-heal|p2a: Iron Hands|62\/100|[from] item: Sitrus Berry\n|move|p1a: Volcarona|Heat Wave|p2b: Empoleon|[spread] p2a,p2b\n|-supereffective|p2a: Iron Hands\n|-damage|p2a: Iron Hands|13\/100\n|-damage|p2b: Empoleon|0 fnt\n|faint|p2b: Empoleon\n|move|p2a: Iron Hands|Drain Punch|p1b: Ogerpon\n|-damage|p1b: Ogerpon|0 fnt\n|-heal|p2a: Iron Hands|28\/100|[from] drain|[of] p1b: Ogerpon\n|faint|p1b: Ogerpon\n|\n|-weather|Snow|[upkeep]\n|-heal|p1a: Volcarona|64\/100|[from] item: Leftovers\n|upkeep\n|\n|t:|1700196626\n|switch|p2b: Arcanine|Arcanine-Hisui, L50, M, shiny|100\/100\n|-ability|p2b: Arcanine|Intimidate|boost\n|-unboost|p1a: Volcarona|atk|1\n|turn|6\n|\n|t:|1700196635\n|move|p2b: Arcanine|Rock Slide|p1a: Volcarona\n|-damage|p1a: Volcarona|15\/100\n|cant|p1a: Volcarona|flinch\n|move|p2a: Iron Hands|Drain Punch|p1a: Volcarona\n|-damage|p1a: Volcarona|0 fnt\n|-heal|p2a: Iron Hands|33\/100|[from] drain|[of] p1a: Volcarona\n|faint|p1a: Volcarona\n|\n|win|Abro hilo\n|raw|Killcat94ki's rating: 1307 &rarr; <strong>1292<\/strong><br \/>(-15 for losing)\n|raw|Abro hilo's rating: 1392 &rarr; <strong>1407<\/strong><br \/>(+15 for winning)\n|l|\u2606Killcat94ki\n","uploadtime":1700196649,"views":11,"p1id":"killcat94ki","p2id":"abrohilo","formatid":"gen9vgc2023regulatione","rating":1292,"private":0,"password":""}