{"id":"gen9vgc2023regulatione-1994521754","p1":"kinohara","p2":"girthVGC","format":"[Gen 9] VGC 2023 Regulation E","log":"|j|\u203dkinohara\n|j|\u2606girthVGC\n|t:|1700454075\n|gametype|doubles\n|player|p1|kinohara|acetrainerf|1521\n|player|p2|girthVGC|rood|1571\n|teamsize|p1|6\n|teamsize|p2|6\n|gen|9\n|tier|[Gen 9] VGC 2023 Regulation E\n|rated|\n|rule|Species Clause: Limit one of each Pok\u00e9mon\n|rule|Item Clause: Limit one of each item\n|clearpoke\n|poke|p1|Ogerpon-Hearthflame, L50, F|\n|poke|p1|Flutter Mane, L50|\n|poke|p1|Weezing, L50, M|\n|poke|p1|Urshifu-*, L50, M|\n|poke|p1|Zapdos-Galar, L50|\n|poke|p1|Magnezone, L50|\n|poke|p2|Maushold, L50|\n|poke|p2|Annihilape, L50, M|\n|poke|p2|Heatran, L50, M|\n|poke|p2|Rillaboom, L50, M|\n|poke|p2|Ogerpon-Wellspring, L50, F|\n|poke|p2|Chien-Pao, L50|\n|teampreview|4\n|inactive|Battle timer is ON: inactive players will automatically lose when time's up. (requested by girthVGC)\ngirthVGC rejected open team sheets.\n|j| OmegaGo\n|\n|t:|1700454113\n|start\n|switch|p1a: Weezing|Weezing, L50, M|100\/100\n|switch|p1b: Zapdos|Zapdos-Galar, L50|100\/100\n|switch|p2a: StuartLittles|Maushold, L50, shiny|100\/100\n|switch|p2b: BABOON|Annihilape, L50, M, shiny|100\/100\n|-ability|p1a: Weezing|Neutralizing Gas\n|turn|1\n|\n|t:|1700454138\n|-terastallize|p2b: BABOON|Fire\n|move|p1a: Weezing|Protect|p1a: Weezing\n|-singleturn|p1a: Weezing|Protect\n|move|p2a: StuartLittles|Beat Up|p2b: BABOON\n|-damage|p2b: BABOON|99\/100\n|-damage|p2b: BABOON|96\/100\n|-damage|p2b: BABOON|93\/100\n|-damage|p2b: BABOON|90\/100\n|-hitcount|p2b: BABOON|4\n|move|p1b: Zapdos|Tailwind|p1b: Zapdos\n|-sidestart|p1: kinohara|move: Tailwind\n|move|p2b: BABOON|Rage Fist|p1b: Zapdos\n|-damage|p1b: Zapdos|0 fnt\n|faint|p1b: Zapdos\n|\n|upkeep\n|\n|t:|1700454146\n|switch|p1b: Urshifu|Urshifu-Rapid-Strike, L50, M|100\/100\n|turn|2\n|\n|t:|1700454164\n|move|p2a: StuartLittles|Follow Me|p2a: StuartLittles\n|-singleturn|p2a: StuartLittles|move: Follow Me\n|move|p1b: Urshifu|U-turn|p2a: StuartLittles\n|-damage|p2a: StuartLittles|68\/100\n|\n|t:|1700454168\n|switch|p1b: Ogerpon|Ogerpon-Hearthflame, L50, F|100\/100|[from] U-turn\n|move|p1a: Weezing|Taunt|p2a: StuartLittles\n|-start|p2a: StuartLittles|move: Taunt\n|move|p2b: BABOON|Rage Fist|p1b: Ogerpon\n|-damage|p1b: Ogerpon|0 fnt\n|faint|p1b: Ogerpon\n|\n|upkeep\n|\n|t:|1700454175\n|switch|p1b: Urshifu|Urshifu-Rapid-Strike, L50, M|100\/100\n|turn|3\n|inactive|kinohara has 30 seconds left.\n|\n|t:|1700454202\n|switch|p2b: Woodlayer|Rillaboom, L50, M|100\/100\n|move|p1b: Urshifu|Surging Strikes|p2a: StuartLittles\n|-crit|p2a: StuartLittles\n|-damage|p2a: StuartLittles|40\/100\n|-crit|p2a: StuartLittles\n|-damage|p2a: StuartLittles|13\/100\n|-crit|p2a: StuartLittles\n|-damage|p2a: StuartLittles|0 fnt\n|faint|p2a: StuartLittles\n|-hitcount|p2: StuartLittles|3\n|move|p1a: Weezing|Sludge Bomb|p2b: Woodlayer\n|-supereffective|p2b: Woodlayer\n|-damage|p2b: Woodlayer|59\/100\n|-status|p2b: Woodlayer|psn\n|\n|-damage|p2b: Woodlayer|47\/100 psn|[from] psn\n|upkeep\n|\n|t:|1700454219\n|switch|p2a: BABOON|Annihilape, L50, M, shiny, tera:Fire|90\/100\n|turn|4\n|\n|t:|1700454241\n|-terastallize|p1b: Urshifu|Water\n|move|p2b: Woodlayer|Fake Out|p1b: Urshifu\n|-damage|p1b: Urshifu|88\/100\n|cant|p1b: Urshifu|flinch\n|move|p1a: Weezing|Will-O-Wisp||[still]\n|-fail|p1a: Weezing\n|move|p2a: BABOON|Rage Fist|p1b: Urshifu\n|-damage|p1b: Urshifu|0 fnt\n|faint|p1b: Urshifu\n|\n|-damage|p2b: Woodlayer|35\/100 psn|[from] psn\n|-sideend|p1: kinohara|move: Tailwind\n|upkeep\n|turn|5\n|inactive|kinohara has 30 seconds left.\n|inactive|kinohara has 20 seconds left.\n|inactive|kinohara has 15 seconds left.\n|inactive|kinohara has 10 seconds left.\n|inactive|kinohara has 5 seconds left.\n|\n|t:|1700454296\n|move|p2a: BABOON|Rage Fist|p1a: Weezing\n|-damage|p1a: Weezing|13\/100\n|-enditem|p1a: Weezing|Sitrus Berry|[eat]\n|-heal|p1a: Weezing|38\/100|[from] item: Sitrus Berry\n|move|p2b: Woodlayer|High Horsepower|p1a: Weezing\n|-supereffective|p1a: Weezing\n|-damage|p1a: Weezing|0 fnt\n|faint|p1a: Weezing\n|-end|p1a: Weezing|ability: Neutralizing Gas\n|-fieldstart|move: Grassy Terrain|[from] ability: Grassy Surge|[of] p2b: Woodlayer\n|\n|win|girthVGC\n|raw|kinohara's rating: 1521 &rarr; <strong>1504<\/strong><br \/>(-17 for losing)\n|raw|girthVGC's rating: 1571 &rarr; <strong>1588<\/strong><br \/>(+17 for winning)\n|j| meowmeowjoe\n|l|\u2606girthVGC\n|l| OmegaGo\n","uploadtime":1700454385,"views":8,"p1id":"kinohara","p2id":"girthvgc","formatid":"gen9vgc2023regulatione","rating":1504,"private":0,"password":""}