{"id":"gen9vgc2023regulatione-1997941339","p1":"xingshen","p2":"elmassa45","format":"[Gen 9] VGC 2023 Regulation E","log":"|j|\u2606xingshen\n|j|\u2606elmassa45\n|t:|1700870074\n|gametype|doubles\n|player|p1|xingshen|102|1175\n|player|p2|elmassa45|2|1222\n|teamsize|p1|6\n|teamsize|p2|6\n|gen|9\n|tier|[Gen 9] VGC 2023 Regulation E\n|rated|\n|rule|Species Clause: Limit one of each Pok\u00e9mon\n|rule|Item Clause: Limit one of each item\n|clearpoke\n|poke|p1|Dondozo, L50, M|\n|poke|p1|Flutter Mane, L50|\n|poke|p1|Urshifu-*, L50, M|\n|poke|p1|Amoonguss, L50, F|\n|poke|p1|Tatsugiri, L50, F|\n|poke|p1|Ogerpon-Cornerstone, L50, F|\n|poke|p2|Sneasler, L50, M|\n|poke|p2|Ogerpon, L50, F|\n|poke|p2|Indeedee-F, L50, F|\n|poke|p2|Chi-Yu, L50|\n|poke|p2|Gholdengo, L50|\n|poke|p2|Roaring Moon, L50|\n|teampreview|4\n|inactive|Battle timer is ON: inactive players will automatically lose when time's up. (requested by elmassa45)\n|inactive|elmassa45 has 60 seconds left.\n|\n|t:|1700870109\n|start\n|switch|p1a: Dondozo|Dondozo, L50, M|100\/100\n|switch|p1b: Urshifu|Urshifu, L50, M|100\/100\n|switch|p2a: Roaring Moon|Roaring Moon, L50|100\/100\n|switch|p2b: Sneasler|Sneasler, L50, M|100\/100\n|-enditem|p2a: Roaring Moon|Booster Energy\n|-activate|p2a: Roaring Moon|ability: Protosynthesis|[fromitem]\n|-start|p2a: Roaring Moon|protosynthesisatk\n|turn|1\n|\n|t:|1700870133\n|move|p1a: Dondozo|Protect|p1a: Dondozo\n|-singleturn|p1a: Dondozo|Protect\n|move|p2b: Sneasler|Fake Out|p1b: Urshifu\n|-damage|p1b: Urshifu|87\/100\n|move|p2a: Roaring Moon|Dragon Dance|p2a: Roaring Moon\n|-boost|p2a: Roaring Moon|atk|1\n|-boost|p2a: Roaring Moon|spe|1\n|cant|p1b: Urshifu|flinch\n|\n|upkeep\n|turn|2\n|inactive|xingshen has 30 seconds left.\n|inactive|elmassa45 has 30 seconds left.\n|\n|t:|1700870171\n|switch|p1b: Tatsugiri|Tatsugiri, L50, F|100\/100\n|-activate|p1b: Tatsugiri|ability: Commander|[of] p1a: Dondozo\n|-boost|p1a: Dondozo|atk|2\n|-boost|p1a: Dondozo|spa|2\n|-boost|p1a: Dondozo|spe|2\n|-boost|p1a: Dondozo|def|2\n|-boost|p1a: Dondozo|spd|2\n|move|p2a: Roaring Moon|Acrobatics|p1b: Tatsugiri|[miss]\n|-miss|p2a: Roaring Moon|p1b: Tatsugiri\n|move|p2b: Sneasler|Acid Spray|p1a: Dondozo\n|-damage|p1a: Dondozo|97\/100\n|-unboost|p1a: Dondozo|spd|2\n|move|p1a: Dondozo|Wave Crash|p2b: Sneasler\n|-damage|p2b: Sneasler|0 fnt\n|faint|p2b: Sneasler\n|-damage|p1a: Dondozo|75\/100|[from] Recoil\n|\n|upkeep\n|\n|t:|1700870192\n|switch|p2b: Gholdengo|Gholdengo, L50|100\/100\n|turn|3\n|\n|t:|1700870213\n|-terastallize|p1a: Dondozo|Fire\n|move|p2a: Roaring Moon|Knock Off|p1a: Dondozo\n|-damage|p1a: Dondozo|46\/100\n|-enditem|p1a: Dondozo|Weakness Policy|[from] move: Knock Off|[of] p2a: Roaring Moon\n|move|p1a: Dondozo|Wave Crash|p2b: Gholdengo\n|-damage|p2b: Gholdengo|0 fnt\n|faint|p2b: Gholdengo\n|-damage|p1a: Dondozo|24\/100|[from] Recoil\n|\n|upkeep\n|\n|t:|1700870224\n|switch|p2b: Chi-Yu|Chi-Yu, L50|100\/100\n|-ability|p2b: Chi-Yu|Beads of Ruin\n|turn|4\n|inactive|elmassa45 has 30 seconds left.\n|\n|t:|1700870250\n|-terastallize|p2a: Roaring Moon|Flying\n|move|p1a: Dondozo|Protect|p1a: Dondozo\n|-singleturn|p1a: Dondozo|Protect\n|move|p2a: Roaring Moon|Acrobatics|p1a: Dondozo\n|-activate|p1a: Dondozo|move: Protect\n|move|p2b: Chi-Yu|Nasty Plot|p2b: Chi-Yu\n|-boost|p2b: Chi-Yu|spa|2\n|\n|upkeep\n|turn|5\n|inactive|elmassa45 has 30 seconds left.\n|\n|t:|1700870283\n|move|p2a: Roaring Moon|Acrobatics|p1a: Dondozo\n|-damage|p1a: Dondozo|0 fnt\n|faint|p1a: Dondozo\n|move|p2b: Chi-Yu|Nasty Plot|p2b: Chi-Yu\n|-boost|p2b: Chi-Yu|spa|2\n|\n|upkeep\n|\n|t:|1700870296\n|switch|p1a: Ogerpon|Ogerpon-Cornerstone, L50, F|100\/100\n|turn|6\n|inactive|xingshen has 30 seconds left.\n|inactive|elmassa45 has 30 seconds left.\n|\n|t:|1700870328\n|move|p2a: Roaring Moon|Acrobatics|p1a: Ogerpon\n|-ability|p1a: Ogerpon|Sturdy\n|-damage|p1a: Ogerpon|1\/100\n|move|p1a: Ogerpon|Ivy Cudgel|p2b: Chi-Yu|[anim] Ivy Cudgel Rock\n|-supereffective|p2b: Chi-Yu\n|-damage|p2b: Chi-Yu|0 fnt\n|faint|p2b: Chi-Yu\n|move|p1b: Tatsugiri|Icy Wind|p2a: Roaring Moon\n|-supereffective|p2a: Roaring Moon\n|-damage|p2a: Roaring Moon|48\/100\n|-unboost|p2a: Roaring Moon|spe|1\n|\n|upkeep\n|turn|7\n|-message|elmassa45 forfeited.\n|\n|win|xingshen\n|raw|xingshen's rating: 1175 &rarr; <strong>1203<\/strong><br \/>(+28 for winning)\n|raw|elmassa45's rating: 1222 &rarr; <strong>1194<\/strong><br \/>(-28 for losing)\n|l|\u2606elmassa45\n","uploadtime":1700870346,"views":4,"p1id":"xingshen","p2id":"elmassa45","formatid":"gen9vgc2023regulatione","rating":1194,"private":0,"password":""}