{"id":"gen9vgc2023regulatione-1993438504","p1":"emiya1.0","p2":"pickgengar","format":"[Gen 9] VGC 2023 Regulation E","log":"|j|\u2606emiya1.0\n|j|\u2606pickgengar\n|t:|1700317960\n|gametype|doubles\n|player|p1|emiya1.0|swimmerf-gen4dp|1200\n|player|p2|pickgengar|rocketgruntf|1144\n|teamsize|p1|6\n|teamsize|p2|6\n|gen|9\n|tier|[Gen 9] VGC 2023 Regulation E\n|rated|\n|rule|Species Clause: Limit one of each Pok\u00e9mon\n|rule|Item Clause: Limit one of each item\n|clearpoke\n|poke|p1|Scream Tail, L50|\n|poke|p1|Ogerpon-Hearthflame, L50, F|\n|poke|p1|Chien-Pao, L50|\n|poke|p1|Flutter Mane, L50|\n|poke|p1|Indeedee-F, L50, F|\n|poke|p1|Empoleon, L50, M|\n|poke|p2|Brambleghast, L50, M|\n|poke|p2|Roaring Moon, L50|\n|poke|p2|Iron Hands, L50|\n|poke|p2|Landorus-Therian, L50, M|\n|poke|p2|Milotic, L50, M|\n|poke|p2|Flutter Mane, L50|\n|teampreview|4\nemiya1.0 has agreed to open team sheets.\npickgengar has agreed to open team sheets.\n|\n|t:|1700318025\n|start\n|switch|p1a: Chien-Pao|Chien-Pao, L50|100\/100\n|switch|p1b: Flutter Mane|Flutter Mane, L50|100\/100\n|switch|p2a: Milotic|Milotic, L50, M|100\/100\n|switch|p2b: Roaring Moon|Roaring Moon, L50|100\/100\n|-ability|p1a: Chien-Pao|Sword of Ruin\n|-enditem|p2b: Roaring Moon|Booster Energy\n|-activate|p2b: Roaring Moon|ability: Protosynthesis|[fromitem]\n|-start|p2b: Roaring Moon|protosynthesisspe\n|turn|1\n|inactive|Battle timer is ON: inactive players will automatically lose when time's up. (requested by emiya1.0)\n|\n|t:|1700318046\n|-terastallize|p2b: Roaring Moon|Fairy\n|move|p2b: Roaring Moon|Tailwind|p2b: Roaring Moon\n|-sidestart|p2: pickgengar|move: Tailwind\n|move|p1a: Chien-Pao|Crunch|p2a: Milotic\n|-damage|p2a: Milotic|30\/100\n|-damage|p1a: Chien-Pao|91\/100|[from] item: Life Orb\n|move|p2a: Milotic|Scald|p1b: Flutter Mane\n|-damage|p1b: Flutter Mane|63\/100\n|move|p1b: Flutter Mane|Dazzling Gleam|p2b: Roaring Moon|[spread] p2a,p2b\n|-damage|p2a: Milotic|0 fnt\n|-damage|p2b: Roaring Moon|66\/100\n|faint|p2a: Milotic\n|\n|upkeep\n|\n|t:|1700318060\n|switch|p2a: Iron Hands|Iron Hands, L50|100\/100\n|turn|2\n|\n|t:|1700318068\n|move|p1a: Chien-Pao|Protect|p1a: Chien-Pao\n|-singleturn|p1a: Chien-Pao|Protect\n|move|p2b: Roaring Moon|Crunch|p1b: Flutter Mane\n|-damage|p1b: Flutter Mane|0 fnt\n|faint|p1b: Flutter Mane\n|-end|p1b: Flutter Mane|Protosynthesis|[silent]\n|move|p2a: Iron Hands|Drain Punch|p1a: Chien-Pao\n|-activate|p1a: Chien-Pao|move: Protect\n|\n|upkeep\n|\n|t:|1700318078\n|switch|p1b: Ogerpon|Ogerpon-Hearthflame, L50, F|100\/100\n|-ability|p1b: Ogerpon|Mold Breaker\n|turn|3\n|\n|t:|1700318102\n|-terastallize|p1a: Chien-Pao|Poison\n|move|p2b: Roaring Moon|Breaking Swipe|p1b: Ogerpon|[spread] p1a,p1b\n|-damage|p1a: Chien-Pao|66\/100\n|-damage|p1b: Ogerpon|69\/100\n|-unboost|p1a: Chien-Pao|atk|1\n|-unboost|p1b: Ogerpon|atk|1\n|move|p1a: Chien-Pao|Icicle Crash|p2b: Roaring Moon\n|-damage|p2b: Roaring Moon|25\/100\n|-damage|p1a: Chien-Pao|56\/100|[from] item: Life Orb\n|move|p1b: Ogerpon|Ivy Cudgel|p2a: Iron Hands|[anim] Ivy Cudgel Fire\n|-damage|p2a: Iron Hands|70\/100\n|move|p2a: Iron Hands|Drain Punch|p1a: Chien-Pao\n|-resisted|p1a: Chien-Pao\n|-damage|p1a: Chien-Pao|26\/100\n|-heal|p2a: Iron Hands|79\/100|[from] drain|[of] p1a: Chien-Pao\n|\n|upkeep\n|turn|4\n|inactive|emiya1.0 has 30 seconds left.\n|\n|t:|1700318131\n|switch|p1b: Scream Tail|Scream Tail, L50, shiny|100\/100\n|-enditem|p1b: Scream Tail|Booster Energy\n|-activate|p1b: Scream Tail|ability: Protosynthesis|[fromitem]\n|-start|p1b: Scream Tail|protosynthesisspe\n|move|p2b: Roaring Moon|Protect|p2b: Roaring Moon\n|-singleturn|p2b: Roaring Moon|Protect\n|move|p1a: Chien-Pao|Protect|p1a: Chien-Pao\n|-singleturn|p1a: Chien-Pao|Protect\n|move|p2a: Iron Hands|Drain Punch|p1b: Scream Tail\n|-resisted|p1b: Scream Tail\n|-damage|p1b: Scream Tail|89\/100\n|-heal|p2a: Iron Hands|84\/100|[from] drain|[of] p1b: Scream Tail\n|\n|-sideend|p2: pickgengar|move: Tailwind\n|upkeep\n|turn|5\n|inactive|emiya1.0 has 30 seconds left.\n|\n|t:|1700318160\n|move|p1b: Scream Tail|Howl|p1b: Scream Tail|[spread] p1a,p1b\n|-boost|p1a: Chien-Pao|atk|1\n|-boost|p1b: Scream Tail|atk|1\n|move|p2b: Roaring Moon|Tailwind|p2b: Roaring Moon\n|-sidestart|p2: pickgengar|move: Tailwind\n|move|p1a: Chien-Pao|Icicle Crash|p2a: Iron Hands\n|-damage|p2a: Iron Hands|38\/100\n|-damage|p1a: Chien-Pao|17\/100|[from] item: Life Orb\n|move|p2a: Iron Hands|Drain Punch|p1a: Chien-Pao\n|-resisted|p1a: Chien-Pao\n|-damage|p1a: Chien-Pao|0 fnt\n|-heal|p2a: Iron Hands|43\/100|[from] drain|[of] p1a: Chien-Pao\n|faint|p1a: Chien-Pao\n|\n|upkeep\n|\n|t:|1700318170\n|switch|p1a: Ogerpon|Ogerpon-Hearthflame, L50, F|69\/100\n|-ability|p1a: Ogerpon|Mold Breaker\n|turn|6\n|-message|emiya1.0 forfeited.\n|\n|win|pickgengar\n|raw|emiya1.0's rating: 1200 &rarr; <strong>1171<\/strong><br \/>(-29 for losing)\n|raw|pickgengar's rating: 1144 &rarr; <strong>1173<\/strong><br \/>(+29 for winning)\n|l|\u2606emiya1.0\n","uploadtime":1700318184,"views":8,"p1id":"emiya10","p2id":"pickgengar","formatid":"gen9vgc2023regulatione","rating":1171,"private":0,"password":""}