{"id":"gen9vgc2023regulatione-1995235265","p1":"HeffNastyy","p2":"yumotty","format":"[Gen 9] VGC 2023 Regulation E","log":"|j|\u2606HeffNastyy\n|j|\u2606yumotty\n|t:|1700538101\n|gametype|doubles\n|player|p1|HeffNastyy|lance|1468\n|player|p2|yumotty|169|1419\n|teamsize|p1|6\n|teamsize|p2|6\n|gen|9\n|tier|[Gen 9] VGC 2023 Regulation E\n|rated|\n|rule|Species Clause: Limit one of each Pok\u00e9mon\n|rule|Item Clause: Limit one of each item\n|clearpoke\n|poke|p1|Tornadus, L50, M|\n|poke|p1|Arcanine-Hisui, L50, F|\n|poke|p1|Gholdengo, L50|\n|poke|p1|Urshifu-*, L50, F|\n|poke|p1|Rillaboom, L50, M|\n|poke|p1|Zapdos, L50|\n|poke|p2|Chi-Yu, L50|\n|poke|p2|Dondozo, L50, M|\n|poke|p2|Urshifu-*, L50, M|\n|poke|p2|Flutter Mane, L50|\n|poke|p2|Dragonite, L50, F|\n|poke|p2|Glimmora, L50, F|\n|teampreview|4\nHeffNastyy has agreed to open team sheets.\n|\n|t:|1700538159\n|start\n|switch|p1a: Urshifu|Urshifu-Rapid-Strike, L50, F|100\/100\n|switch|p1b: Arcanine|Arcanine-Hisui, L50, F|100\/100\n|switch|p2a: Glimmora|Glimmora, L50, F|100\/100\n|switch|p2b: Chi-Yu|Chi-Yu, L50|100\/100\n|-ability|p2b: Chi-Yu|Beads of Ruin\n|-ability|p1b: Arcanine|Intimidate|boost\n|-unboost|p2a: Glimmora|atk|1\n|-unboost|p2b: Chi-Yu|atk|1\n|turn|1\n|\n|t:|1700538193\n|switch|p2b: Dondozo|Dondozo, L50, M|100\/100\n|-terastallize|p2a: Glimmora|Dragon\n|move|p1a: Urshifu|Surging Strikes|p2a: Glimmora\n|-resisted|p2a: Glimmora\n|-crit|p2a: Glimmora\n|-damage|p2a: Glimmora|89\/100\n|-activate|p2a: Glimmora|ability: Toxic Debris\n|-sidestart|p1: HeffNastyy|move: Toxic Spikes\n|-resisted|p2a: Glimmora\n|-crit|p2a: Glimmora\n|-damage|p2a: Glimmora|78\/100\n|-activate|p2a: Glimmora|ability: Toxic Debris\n|-sidestart|p1: HeffNastyy|move: Toxic Spikes\n|-resisted|p2a: Glimmora\n|-crit|p2a: Glimmora\n|-damage|p2a: Glimmora|68\/100\n|-hitcount|p2a: Glimmora|3\n|move|p2a: Glimmora|Earth Power|p1b: Arcanine\n|-supereffective|p1b: Arcanine\n|-damage|p1b: Arcanine|0 fnt\n|faint|p1b: Arcanine\n|\n|upkeep\n|\n|t:|1700538213\n|switch|p1b: Zapdos|Zapdos, L50|100\/100\n|turn|2\n|\n|t:|1700538226\n|switch|p1a: Rillaboom|Rillaboom, L50, M|100\/100\n|-status|p1a: Rillaboom|tox\n|-fieldstart|move: Grassy Terrain|[from] ability: Grassy Surge|[of] p1a: Rillaboom\n|move|p1b: Zapdos|Thunderbolt|p2b: Dondozo\n|-supereffective|p2b: Dondozo\n|-damage|p2b: Dondozo|26\/100\n|move|p2a: Glimmora|Power Gem|p1b: Zapdos\n|-supereffective|p1b: Zapdos\n|-damage|p1b: Zapdos|27\/100\n|move|p2b: Dondozo|Yawn|p1b: Zapdos\n|-start|p1b: Zapdos|move: Yawn|[of] p2b: Dondozo\n|\n|-heal|p2a: Glimmora|74\/100|[from] Grassy Terrain\n|-heal|p2b: Dondozo|32\/100|[from] Grassy Terrain\n|-heal|p2b: Dondozo|38\/100|[from] item: Leftovers\n|-damage|p1a: Rillaboom|95\/100 tox|[from] psn\n|upkeep\n|turn|3\n|\n|t:|1700538254\n|move|p1a: Rillaboom|Fake Out|p2a: Glimmora\n|-damage|p2a: Glimmora|58\/100\n|move|p1b: Zapdos|Thunderbolt|p2b: Dondozo\n|-supereffective|p2b: Dondozo\n|-damage|p2b: Dondozo|0 fnt\n|faint|p2b: Dondozo\n|cant|p2a: Glimmora|flinch\n|\n|-heal|p2a: Glimmora|64\/100|[from] Grassy Terrain\n|-heal|p1a: Rillaboom|100\/100 tox|[from] Grassy Terrain\n|-damage|p1a: Rillaboom|89\/100 tox|[from] psn\n|-end|p1b: Zapdos|move: Yawn|[silent]\n|-status|p1b: Zapdos|slp\n|upkeep\n|\n|t:|1700538269\n|switch|p2b: Chi-Yu|Chi-Yu, L50|100\/100\n|-ability|p2b: Chi-Yu|Beads of Ruin\n|turn|4\n|\n|t:|1700538298\n|move|p2b: Chi-Yu|Heat Wave|p1b: Zapdos|[spread] p1b\n|-miss|p2b: Chi-Yu|p1a: Rillaboom\n|-damage|p1b: Zapdos|0 fnt\n|faint|p1b: Zapdos\n|move|p2a: Glimmora|Sludge Bomb|p1a: Rillaboom\n|-supereffective|p1a: Rillaboom\n|-damage|p1a: Rillaboom|1\/100 tox\n|move|p1a: Rillaboom|High Horsepower|p2b: Chi-Yu\n|-supereffective|p2b: Chi-Yu\n|-damage|p2b: Chi-Yu|14\/100\n|\n|-heal|p2b: Chi-Yu|20\/100|[from] Grassy Terrain\n|-heal|p2a: Glimmora|70\/100|[from] Grassy Terrain\n|-heal|p1a: Rillaboom|7\/100 tox|[from] Grassy Terrain\n|-damage|p1a: Rillaboom|0 fnt|[from] psn\n|faint|p1a: Rillaboom\n|upkeep\n|\n|t:|1700538315\n|switch|p1b: Urshifu|Urshifu-Rapid-Strike, L50, F|100\/100\n|-status|p1b: Urshifu|tox\n|turn|5\n|\n|t:|1700538330\n|-terastallize|p1b: Urshifu|Water\n|move|p2b: Chi-Yu|Heat Wave|p1b: Urshifu\n|-resisted|p1b: Urshifu\n|-damage|p1b: Urshifu|54\/100 tox\n|move|p1b: Urshifu|Close Combat|p2a: Glimmora\n|-damage|p2a: Glimmora|1\/100\n|-unboost|p1b: Urshifu|def|1\n|-unboost|p1b: Urshifu|spd|1\n|move|p2a: Glimmora|Energy Ball|p1b: Urshifu\n|-supereffective|p1b: Urshifu\n|-damage|p1b: Urshifu|0 fnt\n|faint|p1b: Urshifu\n|\n|win|yumotty\n|raw|HeffNastyy's rating: 1468 &rarr; <strong>1445<\/strong><br \/>(-23 for losing)\n|raw|yumotty's rating: 1419 &rarr; <strong>1442<\/strong><br \/>(+23 for winning)\n","uploadtime":1700538344,"views":5,"p1id":"heffnastyy","p2id":"yumotty","formatid":"gen9vgc2023regulatione","rating":1442,"private":0,"password":""}