{"id":"gen9vgc2023regulatione-1993675668","p1":"wonder gawd","p2":"That_Leek","format":"[Gen 9] VGC 2023 Regulation E","log":"|j|\u2606wonder gawd\n|j|\u2606That_Leek\n|t:|1700344332\n|gametype|doubles\n|player|p1|wonder gawd|shadowtriad|1481\n|player|p2|That_Leek|blue|1592\n|teamsize|p1|6\n|teamsize|p2|6\n|gen|9\n|tier|[Gen 9] VGC 2023 Regulation E\n|rated|\n|rule|Species Clause: Limit one of each Pok\u00e9mon\n|rule|Item Clause: Limit one of each item\n|clearpoke\n|poke|p1|Chandelure, L50, M|\n|poke|p1|Regidrago, L50|\n|poke|p1|Frosmoth, L50, F|\n|poke|p1|Tornadus, L50, M|\n|poke|p1|Meowscarada, L50, F|\n|poke|p1|Cetitan, L50, F|\n|poke|p2|Gholdengo, L50|\n|poke|p2|Ogerpon-Wellspring, L50, F|\n|poke|p2|Arcanine-Hisui, L50, F|\n|poke|p2|Chien-Pao, L50|\n|poke|p2|Scream Tail, L50|\n|poke|p2|Dragonite, L50, F|\n|teampreview|4\n|inactive|Battle timer is ON: inactive players will automatically lose when time's up. (requested by wonder gawd)\nThat_Leek has agreed to open team sheets.\n|\n|t:|1700344362\n|start\n|switch|p1a: Get Fisted :)|Tornadus, L50, M, shiny|100\/100\n|switch|p1b: Jon Benet|Chandelure, L50, M|100\/100\n|switch|p2a: Scream Tail|Scream Tail, L50|100\/100\n|switch|p2b: Arcanine|Arcanine-Hisui, L50, F|100\/100\n|-ability|p2b: Arcanine|Intimidate|boost\n|-unboost|p1a: Get Fisted :)|atk|1\n|-unboost|p1b: Jon Benet|atk|1\n|-enditem|p2a: Scream Tail|Booster Energy\n|-activate|p2a: Scream Tail|ability: Protosynthesis|[fromitem]\n|-start|p2a: Scream Tail|protosynthesisspe\n|turn|1\n|inactive|wonder gawd has 30 seconds left.\n|\n|t:|1700344389\n|-terastallize|p1b: Jon Benet|Grass\n|move|p1a: Get Fisted :)|Tailwind|p1a: Get Fisted :)\n|-sidestart|p1: wonder gawd|move: Tailwind\n|move|p2a: Scream Tail|Thunder Wave|p1b: Jon Benet\n|-status|p1b: Jon Benet|par\n|move|p2b: Arcanine|Rock Slide|p1a: Get Fisted :)|[spread] p1a,p1b\n|-supereffective|p1a: Get Fisted :)\n|-enditem|p1a: Get Fisted :)|Focus Sash\n|-damage|p1a: Get Fisted :)|1\/100\n|-damage|p1b: Jon Benet|46\/100 par\n|move|p1b: Jon Benet|Energy Ball|p2b: Arcanine\n|-damage|p2b: Arcanine|11\/100\n|-damage|p1b: Jon Benet|36\/100 par|[from] item: Life Orb\n|\n|upkeep\n|turn|2\n|inactive|wonder gawd has 30 seconds left.\n|\n|t:|1700344422\n|move|p1a: Get Fisted :)|Bleakwind Storm|p2b: Arcanine|[spread] p2a,p2b\n|-resisted|p2b: Arcanine\n|-damage|p2a: Scream Tail|73\/100\n|-damage|p2b: Arcanine|0 fnt\n|faint|p2b: Arcanine\n|move|p2a: Scream Tail|Play Rough|p1a: Get Fisted :)\n|-damage|p1a: Get Fisted :)|0 fnt\n|faint|p1a: Get Fisted :)\n|move|p1b: Jon Benet|Heat Wave|p2a: Scream Tail\n|-damage|p2a: Scream Tail|22\/100\n|-damage|p1b: Jon Benet|27\/100 par|[from] item: Life Orb\n|\n|upkeep\n|\n|t:|1700344435\n|switch|p1a: K-9 H8 Crime|Meowscarada, L50, F|100\/100\n|switch|p2b: Ogerpon|Ogerpon-Wellspring, L50, F|100\/100\n|turn|3\n|\n|t:|1700344454\n|move|p1a: K-9 H8 Crime|Flower Trick|p2a: Scream Tail\n|-start|p1a: K-9 H8 Crime|typechange|Grass|[from] ability: Protean\n|-crit|p2a: Scream Tail\n|-damage|p2a: Scream Tail|0 fnt\n|faint|p2a: Scream Tail\n|-end|p2a: Scream Tail|Protosynthesis|[silent]\n|move|p2b: Ogerpon|Ivy Cudgel|p1a: K-9 H8 Crime|[anim] Ivy Cudgel Water\n|-resisted|p1a: K-9 H8 Crime\n|-damage|p1a: K-9 H8 Crime|58\/100\n|move|p1b: Jon Benet|Energy Ball|p2b: Ogerpon\n|-damage|p2b: Ogerpon|36\/100\n|-damage|p1b: Jon Benet|17\/100 par|[from] item: Life Orb\n|\n|upkeep\n|\n|t:|1700344458\n|switch|p2a: Chien-Pao|Chien-Pao, L50|100\/100\n|-ability|p2a: Chien-Pao|Sword of Ruin\n|turn|4\n|\n|t:|1700344471\n|move|p2a: Chien-Pao|Protect|p2a: Chien-Pao\n|-singleturn|p2a: Chien-Pao|Protect\n|move|p2b: Ogerpon|Spiky Shield|p2b: Ogerpon\n|-singleturn|p2b: Ogerpon|move: Protect\n|move|p1a: K-9 H8 Crime|Flower Trick|p2a: Chien-Pao\n|-activate|p2a: Chien-Pao|move: Protect\n|move|p1b: Jon Benet|Heat Wave|p2a: Chien-Pao|[spread] \n|-activate|p2a: Chien-Pao|move: Protect\n|-activate|p2b: Ogerpon|move: Protect\n|\n|-sideend|p1: wonder gawd|move: Tailwind\n|upkeep\n|turn|5\n|\n|t:|1700344496\n|switch|p1a: Grip Reaper|Regidrago, L50|100\/100\n|move|p2a: Chien-Pao|Ice Spinner|p1a: Grip Reaper\n|-supereffective|p1a: Grip Reaper\n|-damage|p1a: Grip Reaper|0 fnt\n|faint|p1a: Grip Reaper\n|move|p2b: Ogerpon|Ivy Cudgel|p1b: Jon Benet|[anim] Ivy Cudgel Water\n|-resisted|p1b: Jon Benet\n|-damage|p1b: Jon Benet|0 fnt\n|faint|p1b: Jon Benet\n|\n|upkeep\n|\n|t:|1700344506\n|switch|p1a: K-9 H8 Crime|Meowscarada, L50, F|58\/100\n|turn|6\n|\n|t:|1700344513\n|move|p2b: Ogerpon|Follow Me|p2b: Ogerpon\n|-singleturn|p2b: Ogerpon|move: Follow Me\n|move|p1a: K-9 H8 Crime|Sucker Punch||[still]\n|-fail|p1a: K-9 H8 Crime\n|move|p2a: Chien-Pao|Ice Spinner|p1a: K-9 H8 Crime\n|-supereffective|p1a: K-9 H8 Crime\n|-damage|p1a: K-9 H8 Crime|0 fnt\n|faint|p1a: K-9 H8 Crime\n|\n|win|That_Leek\n|raw|wonder gawd's rating: 1481 &rarr; <strong>1467<\/strong><br \/>(-14 for losing)\n|raw|That_Leek's rating: 1592 &rarr; <strong>1606<\/strong><br \/>(+14 for winning)\n","uploadtime":1700344520,"views":7,"p1id":"wondergawd","p2id":"thatleek","formatid":"gen9vgc2023regulatione","rating":1467,"private":0,"password":""}