{"id":"gen9vgc2023regulatione-1989246130","p1":"ImTiredBoss","p2":"septEMBERplayer","format":"[Gen 9] VGC 2023 Regulation E","log":"|j|\u2606ImTiredBoss\n|j|\u2606septEMBERplayer\n|n|\u2606ImTiredBoss|imtiredboss\n|n|\u2606septEMBERplayer|septemberplayer\n|html|View the match progress at <a href=\"\/game-bestof3-gen9vgc2023regulatione-1989244322\">game-bestof3-gen9vgc2023regulatione-1989244322<\/a>\n|t:|1699827574\n|gametype|doubles\n|player|p1|ImTiredBoss|giovanni|\n|player|p2|septEMBERplayer|hoopster|\n|teamsize|p1|6\n|teamsize|p2|6\n|gen|9\n|tier|[Gen 9] VGC 2023 Regulation E\n|rule|Species Clause: Limit one of each Pok\u00e9mon\n|rule|Item Clause: Limit one of each item\n|clearpoke\n|poke|p1|Cresselia, L50, F|\n|poke|p1|Ursaluna-Bloodmoon, L50, M|\n|poke|p1|Arcanine-Hisui, L50, F|\n|poke|p1|Chien-Pao, L50|\n|poke|p1|Flutter Mane, L50|\n|poke|p1|Ogerpon-Wellspring, L50, F|\n|poke|p2|Amoonguss, L50, M|\n|poke|p2|Iron Hands, L50|\n|poke|p2|Landorus-Therian, L50, M|\n|poke|p2|Chi-Yu, L50|\n|poke|p2|Iron Bundle, L50|\n|poke|p2|Flutter Mane, L50|\n|teampreview|4\nImTiredBoss has agreed to open team sheets.\nseptEMBERplayer has agreed to open team sheets.\n|showteam|p1|Cresselia||SafetyGoggles|Levitate|LunarBlessing,TrickRoom,Moonblast,Psychic|||F|||50|,,,,,Fire]Ursaluna-Bloodmoon||SilkScarf|MindsEye|EarthPower,HyperVoice,BloodMoon,Protect|||M|||50|,,,,,Ghost]Arcanine-Hisui||ChoiceBand|Intimidate|TeraBlast,FlareBlitz,RockSlide,ExtremeSpeed|||F|||50|,,,,,Fairy]Chien-Pao||FocusSash|SwordofRuin|LashOut,IceSpinner,SuckerPunch,Protect||||||50|,,,,,Ghost]Flutter Mane||BoosterEnergy|Protosynthesis|IcyWind,Moonblast,ShadowBall,Protect||||||50|,,,,,Fairy]Ogerpon-Wellspring||WellspringMask|WaterAbsorb|IvyCudgel,FollowMe,PowerWhip,SpikyShield|||F|||50|,,,,,Water\n|showteam|p2|Amoonguss||SitrusBerry|Regenerator|Protect,Spore,RagePowder,PollenPuff|||M|||50|,,,,,Water]Iron Hands||AssaultVest|QuarkDrive|FakeOut,HeavySlam,DrainPunch,WildCharge||||||50|,,,,,Fire]Landorus-Therian||ChoiceScarf|Intimidate|Uturn,RockSlide,StompingTantrum,TeraBlast|||M|||50|,,,,,Flying]Chi-Yu||ChoiceSpecs|BeadsofRuin|Snarl,HeatWave,DarkPulse,Overheat||||||50|,,,,,Ghost]Iron Bundle||BoosterEnergy|QuarkDrive|Protect,IcyWind,FreezeDry,HydroPump||||||50|,,,,,Ghost]Flutter Mane||PixiePlate|Protosynthesis|Protect,Substitute,DazzlingGleam,Moonblast||||||50|,,,,,Fairy\n|\n|t:|1699827635\n|start\n|switch|p1a: PipPopPlop|Cresselia, L50, F|100\/100\n|switch|p1b: Oricorio Flow|Ogerpon-Wellspring, L50, F|100\/100\n|switch|p2a: Iron Bundle|Iron Bundle, L50|100\/100\n|switch|p2b: Chi-Yu|Chi-Yu, L50|100\/100\n|-ability|p2b: Chi-Yu|Beads of Ruin\n|-enditem|p2a: Iron Bundle|Booster Energy\n|-activate|p2a: Iron Bundle|ability: Quark Drive|[fromitem]\n|-start|p2a: Iron Bundle|quarkdrivespe\n|turn|1\n|\n|t:|1699827655\n|move|p1b: Oricorio Flow|Follow Me|p1b: Oricorio Flow\n|-singleturn|p1b: Oricorio Flow|move: Follow Me\n|move|p2a: Iron Bundle|Icy Wind|p1b: Oricorio Flow|[spread] p1a,p1b\n|-damage|p1a: PipPopPlop|84\/100\n|-damage|p1b: Oricorio Flow|75\/100\n|-unboost|p1a: PipPopPlop|spe|1\n|-unboost|p1b: Oricorio Flow|spe|1\n|move|p2b: Chi-Yu|Snarl|p1b: Oricorio Flow|[spread] p1a\n|-miss|p2b: Chi-Yu|p1b: Oricorio Flow\n|-supereffective|p1a: PipPopPlop\n|-damage|p1a: PipPopPlop|37\/100\n|-unboost|p1a: PipPopPlop|spa|1\n|move|p1a: PipPopPlop|Trick Room|p1a: PipPopPlop\n|-fieldstart|move: Trick Room|[of] p1a: PipPopPlop\n|\n|upkeep\n|turn|2\n|\n|t:|1699827683\n|switch|p2b: Iron Hands|Iron Hands, L50|100\/100\n|move|p1a: PipPopPlop|Psychic|p2a: Iron Bundle\n|-damage|p2a: Iron Bundle|73\/100\n|-unboost|p2a: Iron Bundle|spd|1\n|move|p1b: Oricorio Flow|Power Whip|p2a: Iron Bundle\n|-supereffective|p2a: Iron Bundle\n|-damage|p2a: Iron Bundle|0 fnt\n|faint|p2a: Iron Bundle\n|-end|p2a: Iron Bundle|Quark Drive|[silent]\n|\n|upkeep\n|\n|t:|1699827696\n|switch|p2a: Landorus|Landorus-Therian, L50, M|100\/100\n|-ability|p2a: Landorus|Intimidate|boost\n|-unboost|p1a: PipPopPlop|atk|1\n|-unboost|p1b: Oricorio Flow|atk|1\n|turn|3\n|\n|t:|1699827725\n|switch|p1a: FireStarter|Arcanine-Hisui, L50, F|100\/100\n|-ability|p1a: FireStarter|Intimidate|boost\n|-unboost|p2a: Landorus|atk|1\n|-unboost|p2b: Iron Hands|atk|1\n|-terastallize|p2a: Landorus|Flying\n|move|p1b: Oricorio Flow|Spiky Shield|p1b: Oricorio Flow\n|-singleturn|p1b: Oricorio Flow|move: Protect\n|move|p2b: Iron Hands|Wild Charge|p1a: FireStarter\n|-damage|p1a: FireStarter|62\/100\n|-damage|p2b: Iron Hands|93\/100|[from] Recoil\n|move|p2a: Landorus|Tera Blast|p1b: Oricorio Flow|[anim] Tera Blast Flying\n|-activate|p1b: Oricorio Flow|move: Protect\n|\n|upkeep\n|turn|4\n|\n|t:|1699827739\n|switch|p1b: SumthinStupid|Ursaluna-Bloodmoon, L50, M|100\/100\n|-terastallize|p1a: FireStarter|Fairy\n|move|p2b: Iron Hands|Drain Punch|p1b: SumthinStupid\n|-supereffective|p1b: SumthinStupid\n|-damage|p1b: SumthinStupid|60\/100\n|-heal|p2b: Iron Hands|100\/100|[from] drain|[of] p1b: SumthinStupid\n|move|p1a: FireStarter|Rock Slide|p2b: Iron Hands|[spread] p2a,p2b\n|-supereffective|p2a: Landorus\n|-resisted|p2b: Iron Hands\n|-damage|p2a: Landorus|10\/100\n|-damage|p2b: Iron Hands|88\/100\n|move|p2a: Landorus|Tera Blast|p1b: SumthinStupid|[anim] Tera Blast Flying\n|-damage|p1b: SumthinStupid|27\/100\n|\n|upkeep\n|turn|5\n|\n|t:|1699827757\n|move|p1b: SumthinStupid|Earth Power|p2b: Iron Hands\n|-supereffective|p2b: Iron Hands\n|-damage|p2b: Iron Hands|29\/100\n|move|p2b: Iron Hands|Drain Punch|p1b: SumthinStupid\n|-supereffective|p1b: SumthinStupid\n|-damage|p1b: SumthinStupid|0 fnt\n|-heal|p2b: Iron Hands|40\/100|[from] drain|[of] p1b: SumthinStupid\n|faint|p1b: SumthinStupid\n|move|p1a: FireStarter|Rock Slide|p2b: Iron Hands|[spread] p2a,p2b\n|-supereffective|p2a: Landorus\n|-resisted|p2b: Iron Hands\n|-damage|p2a: Landorus|0 fnt\n|-damage|p2b: Iron Hands|27\/100\n|faint|p2a: Landorus\n|\n|-fieldend|move: Trick Room\n|upkeep\n|\n|t:|1699827766\n|switch|p2a: Chi-Yu|Chi-Yu, L50|100\/100\n|switch|p1b: Oricorio Flow|Ogerpon-Wellspring, L50, F|75\/100\n|-ability|p2a: Chi-Yu|Beads of Ruin\n|turn|6\n|\n|t:|1699827783\n|move|p2a: Chi-Yu|Heat Wave|p1a: FireStarter|[spread] p1a,p1b\n|-damage|p1a: FireStarter|0 fnt\n|-damage|p1b: Oricorio Flow|7\/100\n|faint|p1a: FireStarter\n|move|p1b: Oricorio Flow|Ivy Cudgel|p2a: Chi-Yu\n|-supereffective|p2a: Chi-Yu\n|-crit|p2a: Chi-Yu\n|-damage|p2a: Chi-Yu|0 fnt\n|faint|p2a: Chi-Yu\n|move|p2b: Iron Hands|Drain Punch|p1b: Oricorio Flow\n|-crit|p1b: Oricorio Flow\n|-damage|p1b: Oricorio Flow|0 fnt\n|-heal|p2b: Iron Hands|29\/100|[from] drain|[of] p1b: Oricorio Flow\n|faint|p1b: Oricorio Flow\n|\n|upkeep\n|\n|t:|1699827785\n|switch|p1b: PipPopPlop|Cresselia, L50, F|37\/100\n|turn|7\n|\n|t:|1699827797\n|move|p1b: PipPopPlop|Lunar Blessing|p1b: PipPopPlop\n|-heal|p1b: PipPopPlop|62\/100\n|move|p2b: Iron Hands|Wild Charge|p1b: PipPopPlop\n|-damage|p1b: PipPopPlop|36\/100\n|-damage|p2b: Iron Hands|23\/100|[from] Recoil\n|\n|upkeep\n|turn|8\n|c|\u2606septEMBERplayer|ggs\n|\n|t:|1699827808\n|move|p1b: PipPopPlop|Psychic|p2b: Iron Hands\n|-supereffective|p2b: Iron Hands\n|-damage|p2b: Iron Hands|0 fnt\n|faint|p2b: Iron Hands\n|-end|p2b: Iron Hands|Quark Drive|[silent]\n|\n|win|ImTiredBoss\n|c|\u2606ImTiredBoss|Ggs\n|l|\u2606ImTiredBoss\n|c|\u2606septEMBERplayer|there were probably elements where i could've played better so i would still be worried about the mu\n","uploadtime":1699828098,"views":18,"p1id":"imtiredboss","p2id":"septemberplayer","formatid":"gen9vgc2023regulatione","rating":0,"private":0,"password":""}