{"id":"gen9vgc2023regulatione-1989260526","p1":"It\u2019sJustKen VGC","p2":"Rean412","format":"[Gen 9] VGC 2023 Regulation E","log":"|j|\u2606It\u2019sJustKen VGC\n|j|\u2606Rean412\n|t:|1699829113\n|gametype|doubles\n|player|p1|It\u2019sJustKen VGC|turo|1389\n|player|p2|Rean412|102|1367\n|teamsize|p1|6\n|teamsize|p2|6\n|gen|9\n|tier|[Gen 9] VGC 2023 Regulation E\n|rated|\n|rule|Species Clause: Limit one of each Pok\u00e9mon\n|rule|Item Clause: Limit one of each item\n|clearpoke\n|poke|p1|Amoonguss, L50, M|\n|poke|p1|Iron Bundle, L50|\n|poke|p1|Chi-Yu, L50|\n|poke|p1|Farigiraf, L50, M|\n|poke|p1|Landorus-Therian, L50, M|\n|poke|p1|Iron Hands, L50|\n|poke|p2|Annihilape, L50, F|\n|poke|p2|Ninetales-Alola, L50, M|\n|poke|p2|Urshifu-*, L50, F|\n|poke|p2|Rillaboom, L50, M|\n|poke|p2|Arcanine-Hisui, L50, F|\n|poke|p2|Gholdengo, L50|\n|teampreview|4\n|inactive|Battle timer is ON: inactive players will automatically lose when time's up. (requested by It\u2019sJustKen VGC)\n|c|\u2606Rean412|Oh. Hi again\n|c|\u2606Rean412|GLHF\n|c|\u2606It\u2019sJustKen VGC|lol\n|c|\u2606It\u2019sJustKen VGC|GHLF\n|inactive|It\u2019sJustKen VGC has 60 seconds left.\n|inactive|Rean412 has 60 seconds left.\n|inactive|Rean412 has 30 seconds left.\n|inactive|Rean412 has 20 seconds left.\n|inactive|Rean412 has 15 seconds left.\n|inactive|Rean412 has 10 seconds left.\n|\n|t:|1699829195\n|start\n|switch|p1a: Iron Bundle|Iron Bundle, L50|100\/100\n|switch|p1b: Chi-Yu|Chi-Yu, L50|100\/100\n|switch|p2a: Napoleon|Urshifu-Rapid-Strike, L50, F|100\/100\n|switch|p2b: Rillaboom|Rillaboom, L50, M, shiny|100\/100\n|-ability|p1b: Chi-Yu|Beads of Ruin\n|-fieldstart|move: Grassy Terrain|[from] ability: Grassy Surge|[of] p2b: Rillaboom\n|-enditem|p1a: Iron Bundle|Booster Energy\n|-activate|p1a: Iron Bundle|ability: Quark Drive|[fromitem]\n|-start|p1a: Iron Bundle|quarkdrivespe\n|turn|1\n|inactive|It\u2019sJustKen VGC has 30 seconds left.\n|inactive|Rean412 has 30 seconds left.\n|\n|t:|1699829227\n|switch|p2a: Annihilape|Annihilape, L50, F|100\/100\n|-terastallize|p1b: Chi-Yu|Ghost\n|-terastallize|p2b: Rillaboom|Fire\n|move|p1a: Iron Bundle|Freeze-Dry|p2a: Annihilape\n|-damage|p2a: Annihilape|68\/100\n|move|p1b: Chi-Yu|Heat Wave|p2a: Annihilape|[spread] p2a,p2b\n|-resisted|p2b: Rillaboom\n|-damage|p2a: Annihilape|30\/100\n|-damage|p2b: Rillaboom|70\/100\n|move|p2b: Rillaboom|Wood Hammer|p1b: Chi-Yu\n|-enditem|p1b: Chi-Yu|Focus Sash\n|-damage|p1b: Chi-Yu|1\/100\n|-damage|p2b: Rillaboom|49\/100|[from] Recoil\n|\n|-heal|p1b: Chi-Yu|7\/100|[from] Grassy Terrain\n|-heal|p2b: Rillaboom|55\/100|[from] Grassy Terrain\n|-heal|p2a: Annihilape|36\/100|[from] Grassy Terrain\n|-heal|p2a: Annihilape|42\/100|[from] item: Leftovers\n|upkeep\n|turn|2\n|\n|t:|1699829249\n|move|p1b: Chi-Yu|Protect|p1b: Chi-Yu\n|-singleturn|p1b: Chi-Yu|Protect\n|move|p2b: Rillaboom|Grassy Glide|p1b: Chi-Yu\n|-activate|p1b: Chi-Yu|move: Protect\n|move|p1a: Iron Bundle|Hydro Pump|p2b: Rillaboom\n|-supereffective|p2b: Rillaboom\n|-damage|p2b: Rillaboom|0 fnt\n|faint|p2b: Rillaboom\n|move|p2a: Annihilape|Drain Punch|p1a: Iron Bundle\n|-supereffective|p1a: Iron Bundle\n|-damage|p1a: Iron Bundle|26\/100\n|-heal|p2a: Annihilape|65\/100|[from] drain|[of] p1a: Iron Bundle\n|\n|-heal|p1a: Iron Bundle|32\/100|[from] Grassy Terrain\n|-heal|p1b: Chi-Yu|13\/100|[from] Grassy Terrain\n|-heal|p2a: Annihilape|71\/100|[from] Grassy Terrain\n|-heal|p2a: Annihilape|77\/100|[from] item: Leftovers\n|upkeep\n|\n|t:|1699829264\n|switch|p2b: Napoleon|Urshifu-Rapid-Strike, L50, F|100\/100\n|turn|3\n|\n|t:|1699829279\n|move|p1a: Iron Bundle|Freeze-Dry|p2b: Napoleon\n|-supereffective|p2b: Napoleon\n|-damage|p2b: Napoleon|0 fnt\n|faint|p2b: Napoleon\n|move|p1b: Chi-Yu|Overheat|p2a: Annihilape\n|-damage|p2a: Annihilape|9\/100\n|-unboost|p1b: Chi-Yu|spa|2\n|move|p2a: Annihilape|Rage Fist|p1a: Iron Bundle\n|-damage|p1a: Iron Bundle|0 fnt\n|faint|p1a: Iron Bundle\n|-end|p1a: Iron Bundle|Quark Drive|[silent]\n|\n|-heal|p1b: Chi-Yu|20\/100|[from] Grassy Terrain\n|-heal|p2a: Annihilape|15\/100|[from] Grassy Terrain\n|-heal|p2a: Annihilape|21\/100|[from] item: Leftovers\n|upkeep\n|\n|t:|1699829289\n|switch|p1a: Landorus|Landorus-Therian, L50, M|100\/100\n|switch|p2b: Gholdengo|Gholdengo, L50|100\/100\n|-ability|p1a: Landorus|Intimidate|boost\n|-unboost|p2a: Annihilape|atk|1\n|-ability|p2a: Annihilape|Defiant|boost\n|-boost|p2a: Annihilape|atk|2\n|-unboost|p2b: Gholdengo|atk|1\n|turn|4\n|\n|t:|1699829301\n|switch|p1b: Farigiraf|Farigiraf, L50, M|100\/100\n|move|p2a: Annihilape|Protect|p2a: Annihilape\n|-singleturn|p2a: Annihilape|Protect\n|move|p1a: Landorus|Stomping Tantrum|p2a: Annihilape\n|-activate|p2a: Annihilape|move: Protect\n|move|p2b: Gholdengo|Make It Rain|p1b: Farigiraf|[spread] p1a,p1b\n|-damage|p1a: Landorus|51\/100\n|-damage|p1b: Farigiraf|62\/100\n|-unboost|p2b: Gholdengo|spa|1\n|\n|-heal|p2a: Annihilape|27\/100|[from] Grassy Terrain\n|-heal|p2a: Annihilape|33\/100|[from] item: Leftovers\n|-heal|p1b: Farigiraf|68\/100|[from] Grassy Terrain\n|upkeep\n|turn|5\n|\n|t:|1699829321\n|move|p1a: Landorus|Stomping Tantrum|p2a: Annihilape\n|-damage|p2a: Annihilape|0 fnt\n|faint|p2a: Annihilape\n|move|p2b: Gholdengo|Make It Rain|p1b: Farigiraf|[spread] p1a,p1b\n|-damage|p1a: Landorus|15\/100\n|-damage|p1b: Farigiraf|42\/100\n|-unboost|p2b: Gholdengo|spa|1\n|-enditem|p1b: Farigiraf|Sitrus Berry|[eat]\n|-heal|p1b: Farigiraf|66\/100|[from] item: Sitrus Berry\n|move|p1b: Farigiraf|Psychic|p2b: Gholdengo\n|-resisted|p2b: Gholdengo\n|-damage|p2b: Gholdengo|85\/100\n|\n|-heal|p2b: Gholdengo|90\/100|[from] Grassy Terrain\n|-heal|p1b: Farigiraf|72\/100|[from] Grassy Terrain\n|-fieldend|move: Grassy Terrain\n|upkeep\n|turn|6\n|c|\u2606It\u2019sJustKen VGC|This annihilape just doesn't die\n|c|\u2606It\u2019sJustKen VGC|nvm\n|c|\u2606It\u2019sJustKen VGC|gg wp\n|inactive|Rean412 has 30 seconds left.\n|inactive|Rean412 has 20 seconds left.\n|c|\u2606Rean412|https:\/\/pokepast.es\/7231922ae8546d54.\n|inactive|Rean412 has 15 seconds left.\n|\n|t:|1699829362\n|move|p1a: Landorus|Stomping Tantrum|p2b: Gholdengo\n|-supereffective|p2b: Gholdengo\n|-damage|p2b: Gholdengo|12\/100\n|-damage|p1a: Landorus|0 fnt|[from] item: Rocky Helmet|[of] p2b: Gholdengo\n|faint|p1a: Landorus\n|move|p2b: Gholdengo|Shadow Ball|p1b: Farigiraf\n|-immune|p1b: Farigiraf\n|move|p1b: Farigiraf|Psychic|p2b: Gholdengo\n|-resisted|p2b: Gholdengo\n|-damage|p2b: Gholdengo|0 fnt\n|faint|p2b: Gholdengo\n|\n|win|It\u2019sJustKen VGC\n|raw|It\u2019sJustKen VGC's rating: 1389 &rarr; <strong>1408<\/strong><br \/>(+19 for winning)\n|raw|Rean412's rating: 1367 &rarr; <strong>1348<\/strong><br \/>(-19 for losing)\n|c|\u2606It\u2019sJustKen VGC|dang\n|c|\u2606It\u2019sJustKen VGC|bulky boy\n|c|\u2606Rean412|Annihilape is never going to put out damage unless he gets hit. He\u2019s never going to outspeed so he has to be able to take a hit\n|c|\u2606It\u2019sJustKen VGC|yeah, true\n|c|\u2606It\u2019sJustKen VGC|good analysis on how annihilape plays\n|c|\u2606It\u2019sJustKen VGC|I wouldn't have picked up on that\n|c|\u2606Rean412|Dude, I\u2019ve been playing nothing but annihilape since scarlet and Violet were released.\n|c|\u2606It\u2019sJustKen VGC|lol\n|c|\u2606Rean412|literally.\n|c|\u2606It\u2019sJustKen VGC|I think its your experience that gets u wins\n|c|\u2606It\u2019sJustKen VGC|your so used to it\n|c|\u2606Rean412|you should have seen me get so mad when someone flat out said \u201cyou don\u2019t know how to use annihilape\u201d\n|c|\u2606It\u2019sJustKen VGC|oof\n|c|\u2606It\u2019sJustKen VGC|anyway gg\n|c|\u2606It\u2019sJustKen VGC|that game was much closer than the one in the tour\n","uploadtime":1699829382,"views":7,"p1id":"itsjustkenvgc","p2id":"rean412","formatid":"gen9vgc2023regulatione","rating":1348,"private":0,"password":""}