{"id":"gen9vgc2023regulatione-1989452863","p1":"SwimWithTheFishies","p2":"scizorcloud7","format":"[Gen 9] VGC 2023 Regulation E","log":"|j|\u2606SwimWithTheFishies\n|j|\u2606scizorcloud7\n|t:|1699852709\n|gametype|doubles\n|player|p1|SwimWithTheFishies|swimmer-gen4dp|1071\n|player|p2|scizorcloud7|101|1082\n|teamsize|p1|6\n|teamsize|p2|6\n|gen|9\n|tier|[Gen 9] VGC 2023 Regulation E\n|rated|\n|rule|Species Clause: Limit one of each Pok\u00e9mon\n|rule|Item Clause: Limit one of each item\n|clearpoke\n|poke|p1|Iron Hands, L50|\n|poke|p1|Landorus-Therian, L50, M|\n|poke|p1|Flutter Mane, L50|\n|poke|p1|Amoonguss, L50, F|\n|poke|p1|Heatran, L50, F|\n|poke|p1|Roaring Moon, L50|\n|poke|p2|Tyranitar, L50, M|\n|poke|p2|Rillaboom, L50, M|\n|poke|p2|Flutter Mane, L50|\n|poke|p2|Kommo-o, L50, F|\n|poke|p2|Iron Bundle, L50|\n|poke|p2|Arcanine-Hisui, L50, F|\n|teampreview|4\n|inactive|Battle timer is ON: inactive players will automatically lose when time's up. (requested by SwimWithTheFishies)\nSwimWithTheFishies has agreed to open team sheets.\n|\n|t:|1699852732\n|start\n|switch|p1a: Flutter Mane|Flutter Mane, L50|100\/100\n|switch|p1b: Landorus|Landorus-Therian, L50, M|100\/100\n|switch|p2a: Kommo-o|Kommo-o, L50, F|100\/100\n|switch|p2b: Rillaboom|Rillaboom, L50, M|100\/100\n|-ability|p1b: Landorus|Intimidate|boost\n|-unboost|p2a: Kommo-o|atk|1\n|-unboost|p2b: Rillaboom|atk|1\n|-fieldstart|move: Grassy Terrain|[from] ability: Grassy Surge|[of] p2b: Rillaboom\n|turn|1\n|\n|t:|1699852755\n|-end|p1a: Flutter Mane|Protosynthesis|[silent]\n|switch|p1a: Iron Hands|Iron Hands, L50|100\/100\n|-terastallize|p2a: Kommo-o|Steel\n|move|p2b: Rillaboom|Fake Out|p1b: Landorus\n|-damage|p1b: Landorus|90\/100\n|cant|p1b: Landorus|flinch\n|move|p2a: Kommo-o|Iron Defense|p2a: Kommo-o\n|-boost|p2a: Kommo-o|def|2\n|\n|upkeep\n|turn|2\n|\n|t:|1699852777\n|move|p1a: Iron Hands|Fake Out|p2a: Kommo-o\n|-resisted|p2a: Kommo-o\n|-damage|p2a: Kommo-o|98\/100\n|move|p1b: Landorus|U-turn|p2b: Rillaboom\n|-supereffective|p2b: Rillaboom\n|-damage|p2b: Rillaboom|52\/100\n|\n|t:|1699852785\n|switch|p1b: Heatran|Heatran, L50, F|100\/100|[from] U-turn\n|move|p2b: Rillaboom|Wood Hammer|p1b: Heatran\n|-resisted|p1b: Heatran\n|-damage|p1b: Heatran|86\/100\n|-damage|p2b: Rillaboom|48\/100|[from] Recoil\n|cant|p2a: Kommo-o|flinch\n|\n|-heal|p2b: Rillaboom|53\/100|[from] Grassy Terrain\n|-heal|p1b: Heatran|92\/100|[from] Grassy Terrain\n|-heal|p1b: Heatran|98\/100|[from] item: Leftovers\n|-heal|p2a: Kommo-o|100\/100|[from] Grassy Terrain\n|upkeep\n|turn|3\n|inactive|SwimWithTheFishies has 30 seconds left.\n|inactive|SwimWithTheFishies has 20 seconds left.\n|inactive|SwimWithTheFishies has 15 seconds left.\n|\n|t:|1699852826\n|-terastallize|p1b: Heatran|Fairy\n|move|p2b: Rillaboom|Taunt|p1b: Heatran\n|-start|p1b: Heatran|move: Taunt\n|move|p1b: Heatran|Heat Wave|p2a: Kommo-o|[spread] p2a,p2b\n|-supereffective|p2a: Kommo-o\n|-supereffective|p2b: Rillaboom\n|-damage|p2a: Kommo-o|30\/100\n|-damage|p2b: Rillaboom|0 fnt\n|faint|p2b: Rillaboom\n|move|p2a: Kommo-o|Body Press|p1b: Heatran\n|-resisted|p1b: Heatran\n|-damage|p1b: Heatran|64\/100\n|move|p1a: Iron Hands|Drain Punch|p2a: Kommo-o\n|-supereffective|p2a: Kommo-o\n|-damage|p2a: Kommo-o|0 fnt\n|faint|p2a: Kommo-o\n|\n|-heal|p1b: Heatran|70\/100|[from] Grassy Terrain\n|-heal|p1b: Heatran|76\/100|[from] item: Leftovers\n|upkeep\n|\n|t:|1699852843\n|switch|p2b: Flutter Mane|Flutter Mane, L50|100\/100\n|switch|p2a: Arcanine|Arcanine-Hisui, L50, F|100\/100\n|-ability|p2a: Arcanine|Intimidate|boost\n|-unboost|p1a: Iron Hands|atk|1\n|-unboost|p1b: Heatran|atk|1\n|turn|4\n|\n|t:|1699852854\n|move|p2b: Flutter Mane|Dazzling Gleam|p1b: Heatran|[spread] p1a,p1b\n|-supereffective|p1a: Iron Hands\n|-damage|p1a: Iron Hands|55\/100\n|-damage|p1b: Heatran|35\/100\n|move|p2a: Arcanine|Rock Slide|p1b: Heatran|[spread] p1a,p1b\n|-resisted|p1a: Iron Hands\n|-damage|p1a: Iron Hands|48\/100\n|-damage|p1b: Heatran|16\/100\n|move|p1b: Heatran|Earth Power|p2a: Arcanine\n|-supereffective|p2a: Arcanine\n|-damage|p2a: Arcanine|0 fnt\n|faint|p2a: Arcanine\n|cant|p1a: Iron Hands|flinch\n|\n|-heal|p1b: Heatran|22\/100|[from] Grassy Terrain\n|-heal|p1b: Heatran|29\/100|[from] item: Leftovers\n|-heal|p1a: Iron Hands|54\/100|[from] Grassy Terrain\n|upkeep\n|turn|5\n|\n|t:|1699852877\n|move|p2b: Flutter Mane|Dazzling Gleam|p1a: Iron Hands|[spread] p1a,p1b\n|-supereffective|p1a: Iron Hands\n|-damage|p1a: Iron Hands|6\/100\n|-damage|p1b: Heatran|0 fnt\n|faint|p1b: Heatran\n|move|p1a: Iron Hands|Heavy Slam|p2b: Flutter Mane\n|-supereffective|p2b: Flutter Mane\n|-damage|p2b: Flutter Mane|0 fnt\n|faint|p2b: Flutter Mane\n|-end|p2b: Flutter Mane|Protosynthesis|[silent]\n|\n|win|SwimWithTheFishies\n|raw|SwimWithTheFishies's rating: 1071 &rarr; <strong>1101<\/strong><br \/>(+30 for winning)\n|raw|scizorcloud7's rating: 1082 &rarr; <strong>1059<\/strong><br \/>(-23 for losing)\n","uploadtime":1699852887,"views":12,"p1id":"swimwiththefishies","p2id":"scizorcloud7","formatid":"gen9vgc2023regulatione","rating":1059,"private":0,"password":""}