{"id":"gen9vgc2023regulatione-1993098342","p1":"Yoyoforce","p2":"Howlie","format":"[Gen 9] VGC 2023 Regulation E","log":"|j|\u2606Yoyoforce\n|j|\u2606Howlie\n|t:|1700264541\n|gametype|doubles\n|player|p1|Yoyoforce|alder|1036\n|player|p2|Howlie|lance|1045\n|teamsize|p1|6\n|teamsize|p2|6\n|gen|9\n|tier|[Gen 9] VGC 2023 Regulation E\n|rated|\n|rule|Species Clause: Limit one of each Pok\u00e9mon\n|rule|Item Clause: Limit one of each item\n|clearpoke\n|poke|p1|Chi-Yu, L50|\n|poke|p1|Tornadus, L50, M|\n|poke|p1|Landorus-Therian, L50, M|\n|poke|p1|Flutter Mane, L50|\n|poke|p1|Iron Hands, L50|\n|poke|p1|Ogerpon-Wellspring, L50, F|\n|poke|p2|Snorlax, L50, F|\n|poke|p2|Sinistcha, L50|\n|poke|p2|Landorus-Therian, L50, M|\n|poke|p2|Iron Hands, L50|\n|poke|p2|Clefairy, L50, F|\n|poke|p2|Kommo-o, L50, F|\n|teampreview|4\n|inactive|Battle timer is ON: inactive players will automatically lose when time's up. (requested by Howlie)\nYoyoforce rejected open team sheets.\n|inactive|Yoyoforce has 60 seconds left.\n|inactive|Howlie has 60 seconds left.\n|\n|t:|1700264593\n|start\n|switch|p1a: Hariken|Tornadus, L50, M|100\/100\n|switch|p1b: Huo Yan|Chi-Yu, L50|100\/100\n|switch|p2a: Snorlax|Snorlax, L50, F, shiny|100\/100\n|switch|p2b: Landorus|Landorus-Therian, L50, M|100\/100\n|-ability|p2b: Landorus|Intimidate|boost\n|-unboost|p1a: Hariken|atk|1\n|-unboost|p1b: Huo Yan|atk|1\n|-ability|p1b: Huo Yan|Beads of Ruin\n|turn|1\n|inactive|Yoyoforce has 30 seconds left.\n|\n|t:|1700264622\n|-terastallize|p1b: Huo Yan|Ghost\n|move|p1a: Hariken|Tailwind|p1a: Hariken\n|-sidestart|p1: Yoyoforce|move: Tailwind\n|move|p1b: Huo Yan|Heat Wave|p2b: Landorus|[spread] p2a,p2b\n|-damage|p2a: Snorlax|82\/100\n|-damage|p2b: Landorus|27\/100\n|-status|p2a: Snorlax|brn\n|-damage|p1b: Huo Yan|91\/100|[from] item: Life Orb\n|move|p2b: Landorus|Rock Slide|p1a: Hariken|[spread] p1a,p1b\n|-supereffective|p1a: Hariken\n|-damage|p1a: Hariken|58\/100\n|-damage|p1b: Huo Yan|64\/100\n|move|p2a: Snorlax|Belly Drum|p2a: Snorlax\n|-damage|p2a: Snorlax|32\/100 brn\n|-setboost|p2a: Snorlax|atk|6|[from] move: Belly Drum\n|-enditem|p2a: Snorlax|Sitrus Berry|[eat]\n|-heal|p2a: Snorlax|57\/100 brn|[from] item: Sitrus Berry\n|\n|-damage|p2a: Snorlax|51\/100 brn|[from] brn\n|upkeep\n|turn|2\n|inactive|Yoyoforce has 30 seconds left.\n|inactive|Howlie has 30 seconds left.\n|\n|t:|1700264653\n|switch|p1b: Misdreamus|Flutter Mane, L50, shiny|100\/100\n|-enditem|p1b: Misdreamus|Booster Energy\n|-activate|p1b: Misdreamus|ability: Protosynthesis|[fromitem]\n|-start|p1b: Misdreamus|protosynthesisspe\n|switch|p2b: Sinistcha|Sinistcha, L50, shiny|100\/100\n|-heal|p2a: Snorlax|76\/100 brn|[from] ability: Hospitality|[of] p2b: Sinistcha\n|-terastallize|p2a: Snorlax|Water\n|move|p1a: Hariken|Bleakwind Storm|p2a: Snorlax|[spread] p2a,p2b\n|-supereffective|p2b: Sinistcha\n|-damage|p2a: Snorlax|56\/100 brn\n|-damage|p2b: Sinistcha|39\/100\n|move|p2a: Snorlax|High Horsepower|p1b: Misdreamus\n|-damage|p1b: Misdreamus|15\/100\n|\n|-damage|p2a: Snorlax|50\/100 brn|[from] brn\n|upkeep\n|turn|3\n|inactive|Yoyoforce has 30 seconds left.\n|inactive|Howlie has 30 seconds left.\n|\n|t:|1700264681\n|move|p2a: Snorlax|Protect|p2a: Snorlax\n|-singleturn|p2a: Snorlax|Protect\n|move|p1b: Misdreamus|Icy Wind|p2a: Snorlax|[spread] p2b\n|-activate|p2a: Snorlax|move: Protect\n|-supereffective|p2b: Sinistcha\n|-damage|p2b: Sinistcha|15\/100\n|-unboost|p2b: Sinistcha|spe|1\n|move|p1a: Hariken|Bleakwind Storm|p2a: Snorlax|[spread] p2b\n|-activate|p2a: Snorlax|move: Protect\n|-supereffective|p2b: Sinistcha\n|-damage|p2b: Sinistcha|0 fnt\n|faint|p2b: Sinistcha\n|\n|-damage|p2a: Snorlax|44\/100 brn|[from] brn\n|upkeep\n|\n|t:|1700264697\n|switch|p2b: Clefairy|Clefairy, L50, F, shiny|100\/100\n|turn|4\n|\n|t:|1700264708\n|move|p1b: Misdreamus|Shadow Ball|p2a: Snorlax\n|-damage|p2a: Snorlax|25\/100 brn\n|move|p1a: Hariken|Bleakwind Storm|p2b: Clefairy|[spread] p2a,p2b\n|-damage|p2a: Snorlax|10\/100 brn\n|-damage|p2b: Clefairy|77\/100\n|-unboost|p2a: Snorlax|spe|1\n|-unboost|p2b: Clefairy|spe|1\n|move|p2b: Clefairy|Heal Pulse|p2a: Snorlax\n|-heal|p2a: Snorlax|60\/100 brn\n|move|p2a: Snorlax|High Horsepower|p1b: Misdreamus\n|-damage|p1b: Misdreamus|0 fnt\n|faint|p1b: Misdreamus\n|-end|p1b: Misdreamus|Protosynthesis|[silent]\n|\n|-damage|p2a: Snorlax|54\/100 brn|[from] brn\n|-sideend|p1: Yoyoforce|move: Tailwind\n|upkeep\n|\n|t:|1700264726\n|switch|p1b: Haryandro|Iron Hands, L50|100\/100\n|turn|5\n|\n|t:|1700264745\n|move|p2a: Snorlax|Protect|p2a: Snorlax\n|-singleturn|p2a: Snorlax|Protect\n|move|p1a: Hariken|Bleakwind Storm|p2a: Snorlax|[spread] p2b\n|-activate|p2a: Snorlax|move: Protect\n|-damage|p2b: Clefairy|50\/100\n|-unboost|p2b: Clefairy|spe|1\n|move|p1b: Haryandro|Thunder Punch|p2a: Snorlax\n|-activate|p2a: Snorlax|move: Protect\n|move|p2b: Clefairy|Heal Pulse|p2a: Snorlax\n|-activate|p2a: Snorlax|move: Protect\n|\n|-damage|p2a: Snorlax|48\/100 brn|[from] brn\n|upkeep\n|turn|6\n|inactive|Howlie has 30 seconds left.\n|inactive|Howlie has 20 seconds left.\n|inactive|Howlie has 15 seconds left.\n|inactive|Howlie has 10 seconds left.\n|\n|t:|1700264793\n|move|p2b: Clefairy|Helping Hand|p2a: Snorlax\n|-singleturn|p2a: Snorlax|Helping Hand|[of] p2b: Clefairy\n|move|p1a: Hariken|Tailwind|p1a: Hariken\n|-sidestart|p1: Yoyoforce|move: Tailwind\n|move|p1b: Haryandro|Iron Head|p2b: Clefairy\n|-supereffective|p2b: Clefairy\n|-crit|p2b: Clefairy\n|-damage|p2b: Clefairy|0 fnt\n|faint|p2b: Clefairy\n|move|p2a: Snorlax|High Horsepower|p1b: Haryandro\n|-supereffective|p1b: Haryandro\n|-damage|p1b: Haryandro|0 fnt\n|faint|p1b: Haryandro\n|-end|p1b: Haryandro|Quark Drive|[silent]\n|\n|-damage|p2a: Snorlax|42\/100 brn|[from] brn\n|upkeep\n|\n|t:|1700264806\n|switch|p1b: Huo Yan|Chi-Yu, L50, tera:Ghost|64\/100\n|switch|p2b: Landorus|Landorus-Therian, L50, M|27\/100\n|-ability|p1b: Huo Yan|Beads of Ruin\n|-ability|p2b: Landorus|Intimidate|boost\n|-unboost|p1a: Hariken|atk|1\n|-unboost|p1b: Huo Yan|atk|1\n|turn|7\n|\n|t:|1700264829\n|move|p1b: Huo Yan|Tera Blast|p2a: Snorlax|[anim] Tera Blast Ghost\n|-damage|p2a: Snorlax|0 fnt\n|faint|p2a: Snorlax\n|-damage|p1b: Huo Yan|54\/100|[from] item: Life Orb\n|move|p1a: Hariken|Bleakwind Storm|p2b: Landorus\n|-damage|p2b: Landorus|0 fnt\n|faint|p2b: Landorus\n|\n|win|Yoyoforce\n|raw|Yoyoforce's rating: 1036 &rarr; <strong>1071<\/strong><br \/>(+35 for winning)\n|raw|Howlie's rating: 1045 &rarr; <strong>1028<\/strong><br \/>(-17 for losing)\n","uploadtime":1700264839,"views":9,"p1id":"yoyoforce","p2id":"howlie","formatid":"gen9vgc2023regulatione","rating":1028,"private":0,"password":""}