{"id":"gen9vgc2023regulatione-1991588731","p1":"Nightwind Husky","p2":"Mr.Shibatku","format":"[Gen 9] VGC 2023 Regulation E","log":"|j|\u2606Nightwind Husky\n|j|\u2606Mr.Shibatku\n|t:|1700091503\n|gametype|doubles\n|player|p1|Nightwind Husky|266|1461\n|player|p2|Mr.Shibatku|byron|1426\n|teamsize|p1|6\n|teamsize|p2|6\n|gen|9\n|tier|[Gen 9] VGC 2023 Regulation E\n|rated|\n|rule|Species Clause: Limit one of each Pok\u00e9mon\n|rule|Item Clause: Limit one of each item\n|clearpoke\n|poke|p1|Heatran, L50, M|\n|poke|p1|Farigiraf, L50, M|\n|poke|p1|Dragonite, L50, M|\n|poke|p1|Chien-Pao, L50|\n|poke|p1|Rillaboom, L50, F|\n|poke|p1|Urshifu-*, L50, M|\n|poke|p2|Indeedee-F, L50, F|\n|poke|p2|Urshifu-*, L50, M|\n|poke|p2|Ursaluna-Bloodmoon, L50, M|\n|poke|p2|Tornadus, L50, M|\n|poke|p2|Armarouge, L50, F|\n|poke|p2|Flutter Mane, L50|\n|teampreview|4\n|j| Arxostero\n|inactive|Battle timer is ON: inactive players will automatically lose when time's up. (requested by Nightwind Husky)\n|l| Arxostero\n|\n|t:|1700091559\n|start\n|switch|p1a: Heatran|Heatran, L50, M|100\/100\n|switch|p1b: Chien-Pao|Chien-Pao, L50|100\/100\n|switch|p2a: Indeedee|Indeedee-F, L50, F|100\/100\n|switch|p2b: Ursaluna|Ursaluna-Bloodmoon, L50, M|100\/100\n|-ability|p1b: Chien-Pao|Sword of Ruin\n|-fieldstart|move: Psychic Terrain|[from] ability: Psychic Surge|[of] p2a: Indeedee\n|turn|1\n|\n|t:|1700091583\n|-terastallize|p1a: Heatran|Fairy\n|move|p2a: Indeedee|Follow Me|p2a: Indeedee\n|-singleturn|p2a: Indeedee|move: Follow Me\n|move|p1b: Chien-Pao|Icicle Crash|p2a: Indeedee\n|-damage|p2a: Indeedee|45\/100\n|move|p2b: Ursaluna|Hyper Voice|p1b: Chien-Pao|[spread] p1a,p1b\n|-damage|p1a: Heatran|80\/100\n|-damage|p1b: Chien-Pao|40\/100\n|-enditem|p2b: Ursaluna|Throat Spray\n|-boost|p2b: Ursaluna|spa|1|[from] item: Throat Spray\n|move|p1a: Heatran|Heat Wave|p2a: Indeedee|[spread] p2a,p2b\n|-damage|p2a: Indeedee|2\/100\n|-damage|p2b: Ursaluna|52\/100\n|\n|upkeep\n|turn|2\n|inactive|Nightwind Husky has 30 seconds left.\n|inactive|Mr.Shibatku has 30 seconds left.\n|inactive|Mr.Shibatku has 20 seconds left.\n|\n|t:|1700091623\n|switch|p1b: Rillaboom|Rillaboom, L50, F|100\/100\n|-fieldstart|move: Grassy Terrain|[from] ability: Grassy Surge|[of] p1b: Rillaboom\n|-terastallize|p2b: Ursaluna|Normal\n|move|p2a: Indeedee|Follow Me|p2a: Indeedee\n|-singleturn|p2a: Indeedee|move: Follow Me\n|move|p2b: Ursaluna|Blood Moon|p1a: Heatran\n|-damage|p1a: Heatran|0 fnt\n|faint|p1a: Heatran\n|\n|-heal|p2b: Ursaluna|58\/100|[from] Grassy Terrain\n|-heal|p2a: Indeedee|8\/100|[from] Grassy Terrain\n|upkeep\n|\n|t:|1700091642\n|switch|p1a: Urshifu|Urshifu-Rapid-Strike, L50, M|100\/100\n|turn|3\n|inactive|Mr.Shibatku has 30 seconds left.\n|\n|t:|1700091675\n|switch|p2b: Urshifu|Urshifu-Rapid-Strike, L50, M|100\/100\n|switch|p2a: Tornadus|Tornadus, L50, M|100\/100\n|move|p1b: Rillaboom|Grassy Glide|p2a: Tornadus\n|-resisted|p2a: Tornadus\n|-damage|p2a: Tornadus|73\/100\n|move|p1a: Urshifu|Close Combat|p2b: Urshifu\n|-damage|p2b: Urshifu|37\/100\n|-unboost|p1a: Urshifu|def|1\n|-unboost|p1a: Urshifu|spd|1\n|\n|-heal|p2b: Urshifu|44\/100|[from] Grassy Terrain\n|upkeep\n|turn|4\n|inactive|Nightwind Husky has 30 seconds left.\n|\n|t:|1700091707\n|switch|p1a: Chien-Pao|Chien-Pao, L50|40\/100\n|-ability|p1a: Chien-Pao|Sword of Ruin\n|switch|p2b: Indeedee|Indeedee-F, L50, F|8\/100\n|-fieldstart|move: Psychic Terrain|[from] ability: Psychic Surge|[of] p2b: Indeedee\n|move|p1b: Rillaboom|Protect|p1b: Rillaboom\n|-singleturn|p1b: Rillaboom|Protect\n|move|p2a: Tornadus|Bleakwind Storm|p1b: Rillaboom|[spread] p1a\n|-activate|p1b: Rillaboom|move: Protect\n|-damage|p1a: Chien-Pao|0 fnt\n|faint|p1a: Chien-Pao\n|\n|upkeep\n|\n|t:|1700091723\n|switch|p1a: Urshifu|Urshifu-Rapid-Strike, L50, M|100\/100\n|turn|5\n|\n|t:|1700091735\n|move|p2b: Indeedee|Follow Me|p2b: Indeedee\n|-singleturn|p2b: Indeedee|move: Follow Me\n|move|p2a: Tornadus|Tailwind|p2a: Tornadus\n|-sidestart|p2: Mr.Shibatku|move: Tailwind\n|move|p1a: Urshifu|Surging Strikes|p2b: Indeedee\n|-crit|p2b: Indeedee\n|-damage|p2b: Indeedee|0 fnt\n|faint|p2b: Indeedee\n|-hitcount|p2: Indeedee|1\n|move|p1b: Rillaboom|Wood Hammer|p2a: Tornadus\n|-resisted|p2a: Tornadus\n|-damage|p2a: Tornadus|32\/100\n|-damage|p1b: Rillaboom|89\/100|[from] Recoil\n|\n|upkeep\n|\n|t:|1700091754\n|switch|p2b: Urshifu|Urshifu-Rapid-Strike, L50, M|44\/100\n|turn|6\n|\n|t:|1700091779\n|move|p2a: Tornadus|Grass Knot|p1a: Urshifu\n|-supereffective|p1a: Urshifu\n|-damage|p1a: Urshifu|1\/100\n|move|p2b: Urshifu|Close Combat|p1a: Urshifu\n|-damage|p1a: Urshifu|0 fnt\n|-unboost|p2b: Urshifu|def|1\n|-unboost|p2b: Urshifu|spd|1\n|faint|p1a: Urshifu\n|move|p1b: Rillaboom|Wood Hammer|p2b: Urshifu\n|-supereffective|p2b: Urshifu\n|-damage|p2b: Urshifu|0 fnt\n|faint|p2b: Urshifu\n|-damage|p1b: Rillaboom|76\/100|[from] Recoil\n|\n|upkeep\n|\n|t:|1700091793\n|switch|p2b: Ursaluna|Ursaluna-Bloodmoon, L50, M, tera:Normal|58\/100\n|turn|7\n|\n|t:|1700091816\n|move|p1b: Rillaboom|Protect|p1b: Rillaboom\n|-singleturn|p1b: Rillaboom|Protect\n|move|p2a: Tornadus|Bleakwind Storm|p1b: Rillaboom\n|-activate|p1b: Rillaboom|move: Protect\n|move|p2b: Ursaluna|Blood Moon|p1b: Rillaboom\n|-activate|p1b: Rillaboom|move: Protect\n|\n|upkeep\n|turn|8\n|\n|t:|1700091834\n|move|p1b: Rillaboom|Protect||[still]\n|-fail|p1b: Rillaboom\n|move|p2a: Tornadus|Bleakwind Storm|p1b: Rillaboom|[miss]\n|-miss|p2a: Tornadus|p1b: Rillaboom\n|move|p2b: Ursaluna|Hyper Voice|p1b: Rillaboom\n|-damage|p1b: Rillaboom|0 fnt\n|faint|p1b: Rillaboom\n|\n|win|Mr.Shibatku\n|raw|Nightwind Husky's rating: 1461 &rarr; <strong>1439<\/strong><br \/>(-22 for losing)\n|raw|Mr.Shibatku's rating: 1426 &rarr; <strong>1448<\/strong><br \/>(+22 for winning)\n|l|\u2606Nightwind Husky\n","uploadtime":1700091856,"views":15,"p1id":"nightwindhusky","p2id":"mrshibatku","formatid":"gen9vgc2023regulatione","rating":1439,"private":0,"password":""}