{"id":"gen9vgc2023regulatione-1990818824","p1":"Bigboimontymole","p2":"checas","format":"[Gen 9] VGC 2023 Regulation E","log":"|j|\u2606Bigboimontymole\n|j|\u2606checas\n|t:|1700004030\n|gametype|doubles\n|player|p1|Bigboimontymole|2|1138\n|player|p2|checas|dahlia|1116\n|teamsize|p1|6\n|teamsize|p2|6\n|gen|9\n|tier|[Gen 9] VGC 2023 Regulation E\n|rated|\n|rule|Species Clause: Limit one of each Pok\u00e9mon\n|rule|Item Clause: Limit one of each item\n|clearpoke\n|poke|p1|Urshifu-*, L50, F|\n|poke|p1|Tornadus, L50, M|\n|poke|p1|Flutter Mane, L50|\n|poke|p1|Clefairy, L50, F|\n|poke|p1|Oranguru, L50, M|\n|poke|p1|Ursaluna-Bloodmoon, L50, M|\n|poke|p2|Thundurus, L50, M|\n|poke|p2|Scizor, L50, M|\n|poke|p2|Ogerpon-Hearthflame, L50, F|\n|poke|p2|Kommo-o, L50, M|\n|poke|p2|Flutter Mane, L50|\n|poke|p2|Iron Bundle, L50|\n|teampreview|4\n|inactive|Battle timer is ON: inactive players will automatically lose when time's up. (requested by Bigboimontymole)\n|\n|t:|1700004047\n|start\n|switch|p1a: Lost in Sauce|Flutter Mane, L50|100\/100\n|switch|p1b: Sun Tzu|Oranguru, L50, M|100\/100\n|switch|p2a: Thundurus|Thundurus, L50, M|100\/100\n|switch|p2b: Scizor|Scizor, L50, M|100\/100\n|turn|1\n|inactive|Bigboimontymole has 30 seconds left.\n|\n|t:|1700004074\n|move|p2a: Thundurus|Leer|p1b: Sun Tzu|[spread] p1a,p1b\n|-unboost|p1a: Lost in Sauce|def|1\n|-unboost|p1b: Sun Tzu|def|1\n|move|p1a: Lost in Sauce|Memento|p2b: Scizor\n|-unboost|p2b: Scizor|atk|2\n|-unboost|p2b: Scizor|spa|2\n|faint|p1a: Lost in Sauce\n|-end|p1a: Lost in Sauce|Protosynthesis|[silent]\n|move|p2b: Scizor|U-turn|p1b: Sun Tzu\n|-supereffective|p1b: Sun Tzu\n|-damage|p1b: Sun Tzu|36\/100\n|-damage|p2b: Scizor|91\/100|[from] item: Life Orb\n|\n|t:|1700004092\n|switch|p2b: Kommo-o|Kommo-o, L50, M|100\/100|[from] U-turn\n|move|p1b: Sun Tzu|Trick Room|p1b: Sun Tzu\n|-fieldstart|move: Trick Room|[of] p1b: Sun Tzu\n|\n|upkeep\n|\n|t:|1700004096\n|switch|p1a: Haha gottem GGs|Ursaluna-Bloodmoon, L50, M|100\/100\n|turn|2\n|\n|t:|1700004111\n|-terastallize|p1a: Haha gottem GGs|Normal\n|move|p2a: Thundurus|Scary Face|p2b: Kommo-o\n|-unboost|p2b: Kommo-o|spe|2\n|move|p2b: Kommo-o|Body Press|p1a: Haha gottem GGs\n|-supereffective|p1a: Haha gottem GGs\n|-damage|p1a: Haha gottem GGs|38\/100\n|-enditem|p1a: Haha gottem GGs|Weakness Policy\n|-boost|p1a: Haha gottem GGs|atk|2|[from] item: Weakness Policy\n|-boost|p1a: Haha gottem GGs|spa|2|[from] item: Weakness Policy\n|-activate|p1b: Sun Tzu|ability: Symbiosis|Silk Scarf|[of] p1a: Haha gottem GGs\n|move|p1b: Sun Tzu|Brick Break|p1a: Haha gottem GGs\n|-supereffective|p1a: Haha gottem GGs\n|-damage|p1a: Haha gottem GGs|21\/100\n|move|p1a: Haha gottem GGs|Blood Moon|p2b: Kommo-o\n|-damage|p2b: Kommo-o|0 fnt\n|faint|p2b: Kommo-o\n|\n|upkeep\n|\n|t:|1700004130\n|switch|p2b: Scizor|Scizor, L50, M|91\/100\n|turn|3\n|inactive|Bigboimontymole has 30 seconds left.\n|inactive|Bigboimontymole has 20 seconds left.\n|\n|t:|1700004168\n|switch|p1b: Clutch Machine|Clefairy, L50, F|100\/100\n|move|p1a: Haha gottem GGs|Protect|p1a: Haha gottem GGs\n|-singleturn|p1a: Haha gottem GGs|Protect\n|move|p2b: Scizor|Bullet Punch|p1a: Haha gottem GGs\n|-activate|p1a: Haha gottem GGs|move: Protect\n|move|p2a: Thundurus|Leer|p1b: Clutch Machine|[spread] p1b\n|-activate|p1a: Haha gottem GGs|move: Protect\n|-unboost|p1b: Clutch Machine|def|1\n|\n|upkeep\n|turn|4\n|\n|t:|1700004184\n|move|p2a: Thundurus|Protect|p2a: Thundurus\n|-singleturn|p2a: Thundurus|Protect\n|move|p2b: Scizor|Protect|p2b: Scizor\n|-singleturn|p2b: Scizor|Protect\n|move|p1b: Clutch Machine|Follow Me|p1b: Clutch Machine\n|-singleturn|p1b: Clutch Machine|move: Follow Me\n|move|p1a: Haha gottem GGs|Blood Moon|p2b: Scizor\n|-activate|p2b: Scizor|move: Protect\n|\n|upkeep\n|turn|5\n|\n|t:|1700004205\n|move|p1b: Clutch Machine|Helping Hand|p1a: Haha gottem GGs\n|-singleturn|p1a: Haha gottem GGs|Helping Hand|[of] p1b: Clutch Machine\n|move|p2b: Scizor|Bullet Punch|p1a: Haha gottem GGs\n|-damage|p1a: Haha gottem GGs|5\/100\n|-damage|p2b: Scizor|81\/100|[from] item: Life Orb\n|move|p2a: Thundurus|Leer|p1a: Haha gottem GGs|[spread] p1a,p1b\n|-unboost|p1a: Haha gottem GGs|def|1\n|-unboost|p1b: Clutch Machine|def|1\n|move|p1a: Haha gottem GGs|Hyper Voice|p2b: Scizor|[spread] p2a,p2b\n|-resisted|p2b: Scizor\n|-damage|p2a: Thundurus|0 fnt\n|-damage|p2b: Scizor|0 fnt\n|faint|p2a: Thundurus\n|faint|p2b: Scizor\n|\n|-fieldend|move: Trick Room\n|upkeep\n|\n|t:|1700004222\n|switch|p2b: Ogerpon|Ogerpon-Hearthflame, L50, F|100\/100\n|-ability|p2b: Ogerpon|Mold Breaker\n|turn|6\n|\n|t:|1700004245\n|-terastallize|p2b: Ogerpon|Fire\n|detailschange|p2b: Ogerpon|Ogerpon-Hearthflame-Tera, L50, F, tera:Fire\n|-ability|p2b: Ogerpon|Embody Aspect (Hearthflame)|boost\n|-boost|p2b: Ogerpon|atk|1\n|move|p1a: Haha gottem GGs|Protect|p1a: Haha gottem GGs\n|-singleturn|p1a: Haha gottem GGs|Protect\n|move|p1b: Clutch Machine|Protect|p1b: Clutch Machine\n|-singleturn|p1b: Clutch Machine|Protect\n|move|p2b: Ogerpon|Ivy Cudgel|p1a: Haha gottem GGs|[anim] Ivy Cudgel Fire\n|-activate|p1a: Haha gottem GGs|move: Protect\n|\n|upkeep\n|turn|7\n|\n|t:|1700004259\n|move|p1b: Clutch Machine|Follow Me|p1b: Clutch Machine\n|-singleturn|p1b: Clutch Machine|move: Follow Me\n|move|p2b: Ogerpon|Ivy Cudgel|p1b: Clutch Machine|[anim] Ivy Cudgel Fire\n|-damage|p1b: Clutch Machine|0 fnt\n|faint|p1b: Clutch Machine\n|move|p1a: Haha gottem GGs|Blood Moon|p2b: Ogerpon\n|-damage|p2b: Ogerpon|0 fnt\n|faint|p2b: Ogerpon\n|\n|win|Bigboimontymole\n|raw|Bigboimontymole's rating: 1138 &rarr; <strong>1161<\/strong><br \/>(+23 for winning)\n|raw|checas's rating: 1116 &rarr; <strong>1093<\/strong><br \/>(-23 for losing)\n|l|\u2606checas\n","uploadtime":1700004276,"views":14,"p1id":"bigboimontymole","p2id":"checas","formatid":"gen9vgc2023regulatione","rating":1093,"private":0,"password":""}