{"id":"gen9vgc2023regulatione-1990901175","p1":"AXELLARAMENA","p2":"Kagenonessho","format":"[Gen 9] VGC 2023 Regulation E","log":"|j|\u2606AXELLARAMENA\n|j|\u2606Kagenonessho\n|t:|1700013078\n|gametype|doubles\n|player|p1|AXELLARAMENA|1|1144\n|player|p2|Kagenonessho|1|1061\n|teamsize|p1|6\n|teamsize|p2|6\n|gen|9\n|tier|[Gen 9] VGC 2023 Regulation E\n|rated|\n|rule|Species Clause: Limit one of each Pok\u00e9mon\n|rule|Item Clause: Limit one of each item\n|clearpoke\n|poke|p1|Torterra, L50, M|\n|poke|p1|Sinistcha, L50|\n|poke|p1|Grumpig, L50, M|\n|poke|p1|Talonflame, L50, M|\n|poke|p1|Ursaluna-Bloodmoon, L50, M|\n|poke|p1|Indeedee-F, L50, F|\n|poke|p2|Tornadus, L50, M|\n|poke|p2|Landorus-Therian, L50, M|\n|poke|p2|Flutter Mane, L50|\n|poke|p2|Ogerpon-Hearthflame, L50, F|\n|poke|p2|Rillaboom, L50, F|\n|poke|p2|Chien-Pao, L50|\n|teampreview|4\n|\n|t:|1700013139\n|start\n|switch|p1a: Grumpig|Grumpig, L50, M, shiny|100\/100\n|switch|p1b: Indeedee|Indeedee-F, L50, F|100\/100\n|switch|p2a: Tornadus|Tornadus, L50, M|100\/100\n|switch|p2b: Landorus|Landorus-Therian, L50, M|100\/100\n|-ability|p2b: Landorus|Intimidate|boost\n|-unboost|p1a: Grumpig|atk|1\n|-unboost|p1b: Indeedee|atk|1\n|-fieldstart|move: Psychic Terrain|[from] ability: Psychic Surge|[of] p1b: Indeedee\n|-enditem|p1b: Indeedee|Psychic Seed\n|-boost|p1b: Indeedee|spd|1|[from] item: Psychic Seed\n|turn|1\n|\n|t:|1700013174\n|-terastallize|p2b: Landorus|Flying\n|move|p1a: Grumpig|Protect|p1a: Grumpig\n|-singleturn|p1a: Grumpig|Protect\n|move|p2a: Tornadus|Tailwind|p2a: Tornadus\n|-sidestart|p2: Kagenonessho|move: Tailwind\n|move|p2b: Landorus|Tera Blast|p1b: Indeedee|[anim] Tera Blast Flying\n|-damage|p1b: Indeedee|32\/100\n|move|p1b: Indeedee|Trick Room|p1b: Indeedee\n|-fieldstart|move: Trick Room|[of] p1b: Indeedee\n|\n|upkeep\n|turn|2\n|inactive|Battle timer is ON: inactive players will automatically lose when time's up. (requested by Kagenonessho)\n|\n|t:|1700013229\n|switch|p1b: Ursaluna|Ursaluna-Bloodmoon, L50, M|100\/100\n|move|p2a: Tornadus|Taunt|p1a: Grumpig\n|-activate|p1a: Grumpig|move: Psychic Terrain\n|move|p1a: Grumpig|Simple Beam|p1b: Ursaluna\n|-endability|p1b: Ursaluna|Mind's Eye|[from] move: Simple Beam\n|-ability|p1b: Ursaluna|Simple|[from] move: Simple Beam\n|move|p2b: Landorus|Tera Blast|p1b: Ursaluna|[anim] Tera Blast Flying\n|-damage|p1b: Ursaluna|58\/100\n|\n|upkeep\n|turn|3\n|inactive|AXELLARAMENA has 30 seconds left.\n|\n|t:|1700013258\n|switch|p1a: Sinistcha|Sinistcha, L50, shiny|100\/100\n|-heal|p1b: Ursaluna|83\/100|[from] ability: Hospitality|[of] p1a: Sinistcha\n|switch|p2b: Chien-Pao|Chien-Pao, L50|100\/100\n|-ability|p2b: Chien-Pao|Sword of Ruin\n|-terastallize|p1b: Ursaluna|Fairy\n|move|p1b: Ursaluna|Calm Mind|p1b: Ursaluna\n|-boost|p1b: Ursaluna|spa|2\n|-boost|p1b: Ursaluna|spd|2\n|move|p2a: Tornadus|Bleakwind Storm|p1b: Ursaluna|[spread] p1a,p1b\n|-supereffective|p1a: Sinistcha\n|-damage|p1a: Sinistcha|37\/100\n|-damage|p1b: Ursaluna|65\/100\n|\n|upkeep\n|turn|4\n|inactive|Kagenonessho has 30 seconds left.\n|\n|t:|1700013289\n|switch|p1a: Indeedee|Indeedee-F, L50, F|32\/100\n|move|p2a: Tornadus|Protect|p2a: Tornadus\n|-singleturn|p2a: Tornadus|Protect\n|move|p1b: Ursaluna|Hyper Voice|p2a: Tornadus|[spread] p2b\n|-activate|p2a: Tornadus|move: Protect\n|-enditem|p2b: Chien-Pao|Focus Sash\n|-damage|p2b: Chien-Pao|1\/100\n|-enditem|p1b: Ursaluna|Throat Spray\n|-boost|p1b: Ursaluna|spa|2|[from] item: Throat Spray\n|move|p2b: Chien-Pao|Icicle Crash|p1b: Ursaluna\n|-damage|p1b: Ursaluna|15\/100\n|\n|-sideend|p2: Kagenonessho|move: Tailwind\n|upkeep\n|turn|5\n|inactive|Kagenonessho has 30 seconds left.\n|\n|t:|1700013316\n|move|p2b: Chien-Pao|Sucker Punch|p1b: Ursaluna\n|-activate|p1b: Ursaluna|move: Psychic Terrain\n|move|p1b: Ursaluna|Hyper Voice|p2a: Tornadus|[spread] p2a,p2b\n|-damage|p2a: Tornadus|0 fnt\n|-damage|p2b: Chien-Pao|0 fnt\n|faint|p2a: Tornadus\n|faint|p2b: Chien-Pao\n|move|p1a: Indeedee|Heal Pulse|p1b: Ursaluna\n|-heal|p1b: Ursaluna|65\/100\n|\n|-fieldend|move: Trick Room\n|-fieldend|move: Psychic Terrain\n|upkeep\n|\n|t:|1700013326\n|switch|p2b: Landorus|Landorus-Therian, L50, M, tera:Flying|100\/100\n|switch|p2a: Ogerpon|Ogerpon-Hearthflame, L50, F|100\/100\n|-ability|p2b: Landorus|Intimidate|boost\n|-unboost|p1a: Indeedee|atk|1\n|-unboost|p1b: Ursaluna|atk|2\n|-ability|p2a: Ogerpon|Mold Breaker\n|turn|6\n|inactive|Kagenonessho has 30 seconds left.\n|inactive|Kagenonessho has 20 seconds left.\n|inactive|Kagenonessho has 15 seconds left.\n|\n|t:|1700013366\n|move|p1b: Ursaluna|Protect|p1b: Ursaluna\n|-singleturn|p1b: Ursaluna|Protect\n|move|p2b: Landorus|Rock Slide|p1b: Ursaluna|[spread] p1a\n|-activate|p1b: Ursaluna|move: Protect\n|-damage|p1a: Indeedee|7\/100\n|move|p2a: Ogerpon|Ivy Cudgel|p1b: Ursaluna|[anim] Ivy Cudgel Fire\n|-activate|p1b: Ursaluna|move: Protect\n|move|p1a: Indeedee|Trick Room|p1a: Indeedee\n|-fieldstart|move: Trick Room|[of] p1a: Indeedee\n|\n|upkeep\n|turn|7\n|\n|t:|1700013382\n|move|p1b: Ursaluna|Hyper Voice|p2a: Ogerpon|[spread] p2a,p2b\n|-damage|p2a: Ogerpon|0 fnt\n|-damage|p2b: Landorus|0 fnt\n|faint|p2a: Ogerpon\n|faint|p2b: Landorus\n|\n|win|AXELLARAMENA\n|raw|AXELLARAMENA's rating: 1144 &rarr; <strong>1163<\/strong><br \/>(+19 for winning)\n|raw|Kagenonessho's rating: 1061 &rarr; <strong>1046<\/strong><br \/>(-15 for losing)\n","uploadtime":1700013391,"views":12,"p1id":"axellaramena","p2id":"kagenonessho","formatid":"gen9vgc2023regulatione","rating":1046,"private":0,"password":""}