{"id":"gen9vgc2023regulatione-1990882693","p1":"optic_baccycones","p2":"Spottedwoot","format":"[Gen 9] VGC 2023 Regulation E","log":"|j|\u2606optic_baccycones\n|j|\u2606Spottedwoot\n|t:|1700011029\n|gametype|doubles\n|player|p1|optic_baccycones|265|1505\n|player|p2|Spottedwoot|1|1617\n|teamsize|p1|6\n|teamsize|p2|6\n|gen|9\n|tier|[Gen 9] VGC 2023 Regulation E\n|rated|\n|rule|Species Clause: Limit one of each Pok\u00e9mon\n|rule|Item Clause: Limit one of each item\n|clearpoke\n|poke|p1|Torterra, L50, M|\n|poke|p1|Indeedee-F, L50, F|\n|poke|p1|Torkoal, L50, M|\n|poke|p1|Armarouge, L50, F|\n|poke|p1|Kingambit, L50, F|\n|poke|p1|Weezing-Galar, L50, M|\n|poke|p2|Ogerpon-Wellspring, L50, F|\n|poke|p2|Iron Hands, L50|\n|poke|p2|Kingambit, L50, F|\n|poke|p2|Chi-Yu, L50|\n|poke|p2|Flutter Mane, L50|\n|poke|p2|Landorus-Therian, L50, M|\n|teampreview|4\n|\n|t:|1700011048\n|start\n|switch|p1a: Indeedee|Indeedee-F, L50, F|100\/100\n|switch|p1b: Kingambit|Kingambit, L50, F|100\/100\n|switch|p2a: Kingambit|Kingambit, L50, F|100\/100\n|switch|p2b: Chi-Yu|Chi-Yu, L50|100\/100\n|-ability|p2b: Chi-Yu|Beads of Ruin\n|-fieldstart|move: Psychic Terrain|[from] ability: Psychic Surge|[of] p1a: Indeedee\n|turn|1\n|\n|t:|1700011072\n|-terastallize|p1a: Indeedee|Fairy\n|move|p2b: Chi-Yu|Heat Wave|p1b: Kingambit|[spread] p1a,p1b\n|-supereffective|p1b: Kingambit\n|-damage|p1a: Indeedee|36\/100\n|-damage|p1b: Kingambit|4\/100\n|-status|p1b: Kingambit|brn\n|move|p2a: Kingambit|Kowtow Cleave|p1a: Indeedee\n|-resisted|p1a: Indeedee\n|-damage|p1a: Indeedee|5\/100\n|move|p1b: Kingambit|Brick Break|p2a: Kingambit\n|-supereffective|p2a: Kingambit\n|-damage|p2a: Kingambit|58\/100\n|move|p1a: Indeedee|Trick Room|p1a: Indeedee\n|-fieldstart|move: Trick Room|[of] p1a: Indeedee\n|\n|-damage|p1b: Kingambit|0 fnt|[from] brn\n|faint|p1b: Kingambit\n|upkeep\n|\n|t:|1700011092\n|switch|p1b: Torkoal|Torkoal, L50, M|100\/100\n|-weather|SunnyDay|[from] ability: Drought|[of] p1b: Torkoal\n|turn|2\n|\n|t:|1700011099\n|move|p2a: Kingambit|Protect|p2a: Kingambit\n|-singleturn|p2a: Kingambit|Protect\n|move|p1a: Indeedee|Follow Me|p1a: Indeedee\n|-singleturn|p1a: Indeedee|move: Follow Me\n|move|p1b: Torkoal|Eruption|p2a: Kingambit|[spread] p2b\n|-activate|p2a: Kingambit|move: Protect\n|-resisted|p2b: Chi-Yu\n|-damage|p2b: Chi-Yu|51\/100\n|move|p2b: Chi-Yu|Heat Wave|p1b: Torkoal|[spread] p1a,p1b\n|-resisted|p1b: Torkoal\n|-damage|p1a: Indeedee|0 fnt\n|-damage|p1b: Torkoal|19\/100\n|faint|p1a: Indeedee\n|\n|-weather|SunnyDay|[upkeep]\n|upkeep\n|\n|t:|1700011110\n|switch|p1a: Armarouge|Armarouge, L50, F|100\/100\n|turn|3\n|\n|t:|1700011124\n|move|p1b: Torkoal|Heat Wave|p2b: Chi-Yu|[spread] p2a,p2b\n|-supereffective|p2a: Kingambit\n|-crit|p2a: Kingambit\n|-resisted|p2b: Chi-Yu\n|-damage|p2a: Kingambit|0 fnt\n|-damage|p2b: Chi-Yu|19\/100\n|faint|p2a: Kingambit\n|move|p1a: Armarouge|Armor Cannon|p2b: Chi-Yu\n|-resisted|p2b: Chi-Yu\n|-damage|p2b: Chi-Yu|0 fnt\n|-unboost|p1a: Armarouge|def|1\n|-unboost|p1a: Armarouge|spd|1\n|faint|p2b: Chi-Yu\n|-damage|p1a: Armarouge|90\/100|[from] item: Life Orb\n|\n|-weather|SunnyDay|[upkeep]\n|upkeep\n|inactive|Battle timer is ON: inactive players will automatically lose when time's up. (requested by optic_baccycones)\n|\n|t:|1700011128\n|switch|p2a: Iron Hands|Iron Hands, L50|100\/100\n|switch|p2b: Flutter Mane|Flutter Mane, L50|100\/100\n|-activate|p2b: Flutter Mane|ability: Protosynthesis\n|-start|p2b: Flutter Mane|protosynthesisspe\n|turn|4\n|\n|t:|1700011145\n|-terastallize|p2a: Iron Hands|Grass\n|move|p1b: Torkoal|Protect|p1b: Torkoal\n|-singleturn|p1b: Torkoal|Protect\n|move|p2b: Flutter Mane|Protect|p2b: Flutter Mane\n|-singleturn|p2b: Flutter Mane|Protect\n|move|p2a: Iron Hands|Wild Charge|p1a: Armarouge\n|-damage|p1a: Armarouge|12\/100\n|-damage|p2a: Iron Hands|87\/100|[from] Recoil\n|move|p1a: Armarouge|Expanding Force|p2a: Iron Hands|[spread] p2a\n|-activate|p2b: Flutter Mane|move: Protect\n|-damage|p2a: Iron Hands|33\/100\n|-damage|p1a: Armarouge|2\/100|[from] item: Life Orb\n|\n|-weather|SunnyDay|[upkeep]\n|upkeep\n|turn|5\n|j| 5Sscreen\n|\n|t:|1700011164\n|move|p2b: Flutter Mane|Protect|p2b: Flutter Mane\n|-singleturn|p2b: Flutter Mane|Protect\n|move|p1b: Torkoal|Heat Wave|p2b: Flutter Mane|[spread] p2a\n|-activate|p2b: Flutter Mane|move: Protect\n|-supereffective|p2a: Iron Hands\n|-damage|p2a: Iron Hands|0 fnt\n|faint|p2a: Iron Hands\n|-end|p2a: Iron Hands|Quark Drive|[silent]\n|move|p1a: Armarouge|Expanding Force|p2b: Flutter Mane\n|-activate|p2b: Flutter Mane|move: Protect\n|\n|-weather|SunnyDay|[upkeep]\n|-fieldend|move: Trick Room\n|-fieldend|move: Psychic Terrain\n|upkeep\n|turn|6\n|\n|t:|1700011188\n|move|p1a: Armarouge|Wide Guard|p1a: Armarouge\n|-singleturn|p1a: Armarouge|Wide Guard\n|move|p2b: Flutter Mane|Shadow Ball|p1b: Torkoal\n|-damage|p1b: Torkoal|0 fnt\n|faint|p1b: Torkoal\n|\n|-weather|none\n|-end|p2b: Flutter Mane|Protosynthesis\n|upkeep\n|-enditem|p2b: Flutter Mane|Booster Energy\n|-activate|p2b: Flutter Mane|ability: Protosynthesis|[fromitem]\n|-start|p2b: Flutter Mane|protosynthesisspe\n|turn|7\n|-message|optic_baccycones forfeited.\n|\n|win|Spottedwoot\n|raw|optic_baccycones's rating: 1505 &rarr; <strong>1491<\/strong><br \/>(-14 for losing)\n|raw|Spottedwoot's rating: 1617 &rarr; <strong>1631<\/strong><br \/>(+14 for winning)\n|l|\u2606optic_baccycones\n|l|\u2606Spottedwoot\n","uploadtime":1700012519,"views":14,"p1id":"opticbaccycones","p2id":"spottedwoot","formatid":"gen9vgc2023regulatione","rating":1491,"private":0,"password":""}