{"id":"gen9vgc2023regulatione-1995862079","p1":"whatshamidt","p2":"Wbs16598","format":"[Gen 9] VGC 2023 Regulation E","log":"|j|\u2606whatshamidt\n|j|\u2606Wbs16598\n|t:|1700610833\n|gametype|doubles\n|player|p1|whatshamidt|infielder|\n|player|p2|Wbs16598|benga|\n|teamsize|p1|6\n|teamsize|p2|6\n|gen|9\n|tier|[Gen 9] VGC 2023 Regulation E\n|rule|Species Clause: Limit one of each Pok\u00e9mon\n|rule|Item Clause: Limit one of each item\n|clearpoke\n|poke|p1|Landorus-Therian, L50, M|\n|poke|p1|Zapdos-Galar, L50|\n|poke|p1|Volcarona, L50, M|\n|poke|p1|Kingambit, L50, M|\n|poke|p1|Dipplin, L50, F|\n|poke|p1|Clodsire, L50, F|\n|poke|p2|Iron Hands, L50|\n|poke|p2|Moltres-Galar, L50|\n|poke|p2|Scizor, L50, F|\n|poke|p2|Landorus, L50, M|\n|poke|p2|Slowbro, L50, F|\n|poke|p2|Zoroark, L50, M|\n|teampreview|4\nwhatshamidt rejected open team sheets.\n|j| LookItUpVGC\n|j| Lkynmbr24\n|j| GreeeenGator\n|c|\u2606Wbs16598|It was an interesting first match\n|l| LookItUpVGC\n|j| LookItUpVGC\n|\n|t:|1700610911\n|start\n|switch|p1a: Landorus|Landorus-Therian, L50, M|100\/100\n|switch|p1b: Volcarona|Volcarona, L50, M|100\/100\n|switch|p2a: Moltres|Moltres-Galar, L50|100\/100\n|switch|p2b: Iron Hands|Iron Hands, L50|100\/100\n|-ability|p1a: Landorus|Intimidate|boost\n|-unboost|p2a: Moltres|atk|1\n|-unboost|p2b: Iron Hands|atk|1\n|turn|1\n|l| LookItUpVGC\n|\n|t:|1700610929\n|move|p2b: Iron Hands|Night Daze|p1b: Volcarona|[miss]\n|-miss|p2b: Iron Hands|p1b: Volcarona\n|move|p1a: Landorus|Rock Slide|p2b: Iron Hands|[spread] p2a,p2b\n|-supereffective|p2a: Moltres\n|-damage|p2a: Moltres|24\/100\n|-damage|p2b: Iron Hands|31\/100\n|-enditem|p2a: Moltres|Weakness Policy\n|-boost|p2a: Moltres|atk|2|[from] item: Weakness Policy\n|-boost|p2a: Moltres|spa|2|[from] item: Weakness Policy\n|replace|p2b: Zoroark|Zoroark, L50, M\n|-end|p2b: Zoroark|Illusion\n|-ability|p2a: Moltres|Berserk|boost\n|-boost|p2a: Moltres|spa|1\n|move|p2a: Moltres|Nasty Plot|p2a: Moltres\n|-boost|p2a: Moltres|spa|2\n|move|p1b: Volcarona|Quiver Dance|p1b: Volcarona\n|-boost|p1b: Volcarona|spa|1\n|-boost|p1b: Volcarona|spd|1\n|-boost|p1b: Volcarona|spe|1\n|\n|upkeep\n|turn|2\n|c| Lkynmbr24|Will say, one of the few ways I'd figure a game would go, lol\n|j| LookItUpVGC\n|c|\u2606whatshamidt|oh boy\n|\n|t:|1700610959\n|move|p2b: Zoroark|Night Daze|p1b: Volcarona|[miss]\n|-miss|p2b: Zoroark|p1b: Volcarona\n|move|p1b: Volcarona|Quiver Dance|p1b: Volcarona\n|-boost|p1b: Volcarona|spa|1\n|-boost|p1b: Volcarona|spd|1\n|-boost|p1b: Volcarona|spe|1\n|move|p1a: Landorus|Rock Slide|p2a: Moltres|[spread] p2a,p2b\n|-supereffective|p2a: Moltres\n|-damage|p2a: Moltres|0 fnt\n|-damage|p2b: Zoroark|0 fnt\n|faint|p2a: Moltres\n|faint|p2b: Zoroark\n|\n|upkeep\n|\n|t:|1700610974\n|switch|p2b: Iron Hands|Iron Hands, L50|100\/100\n|switch|p2a: Landorus|Landorus, L50, M|100\/100\n|turn|3\n|\n|t:|1700610991\n|switch|p1a: Dripplin|Dipplin, L50, F, shiny|100\/100\n|-ability|p1a: Dripplin|Supersweet Syrup\n|-ability|p1a: Dripplin|Supersweet Syrup|boost\n|-unboost|p2a: Landorus|evasion|1\n|-unboost|p2b: Iron Hands|evasion|1\n|-terastallize|p1b: Volcarona|Grass\n|move|p1b: Volcarona|Giga Drain|p2a: Landorus\n|-damage|p2a: Landorus|0 fnt\n|faint|p2a: Landorus\n|move|p2b: Iron Hands|Drain Punch|p1a: Dripplin\n|-damage|p1a: Dripplin|81\/100\n|\n|upkeep\n|turn|4\n|\n|t:|1700611009\n|move|p1b: Volcarona|Fiery Dance|p2b: Iron Hands\n|-damage|p2b: Iron Hands|59\/100\n|-boost|p1b: Volcarona|spa|1\n|move|p2b: Iron Hands|Ice Punch|p1a: Dripplin\n|-supereffective|p1a: Dripplin\n|-damage|p1a: Dripplin|21\/100\n|move|p1a: Dripplin|Syrup Bomb|p2b: Iron Hands\n|-damage|p2b: Iron Hands|48\/100\n|-start|p2b: Iron Hands|Syrup Bomb\n|\n|-unboost|p2b: Iron Hands|spe|1\n|upkeep\n|turn|5\n|\n|t:|1700611022\n|move|p1b: Volcarona|Fiery Dance|p2b: Iron Hands\n|-damage|p2b: Iron Hands|0 fnt\n|faint|p2b: Iron Hands\n|-end|p2b: Iron Hands|Quark Drive|[silent]\n|\n|win|whatshamidt\n|c|\u2606whatshamidt|GG\n|l| LookItUpVGC\n|c|\u2606Wbs16598|Gg\n|l|\u2606Wbs16598\n|j| LookItUpVGC\n|l| GreeeenGator\n|l| LookItUpVGC\n|l| Lkynmbr24\n","uploadtime":1700611372,"views":12,"p1id":"whatshamidt","p2id":"wbs16598","formatid":"gen9vgc2023regulatione","rating":0,"private":0,"password":""}