{"id":"gen9vgc2023regulatione-1998713338","p1":"whitedog69","p2":"tealpens4","format":"[Gen 9] VGC 2023 Regulation E","log":"|j|\u2606whitedog69\n|j|\u2606tealpens4\n|t:|1700976487\n|gametype|doubles\n|player|p1|whitedog69|265|1098\n|player|p2|tealpens4|169|1128\n|teamsize|p1|6\n|teamsize|p2|6\n|gen|9\n|tier|[Gen 9] VGC 2023 Regulation E\n|rated|\n|rule|Species Clause: Limit one of each Pok\u00e9mon\n|rule|Item Clause: Limit one of each item\n|clearpoke\n|poke|p1|Lilligant-Hisui, L50, F|\n|poke|p1|Torkoal, L50, M|\n|poke|p1|Farigiraf, L50, M|\n|poke|p1|Urshifu-*, L50, F|\n|poke|p1|Ursaluna-Bloodmoon, L50, M|\n|poke|p1|Roaring Moon, L50|\n|poke|p2|Tornadus, L50, M|\n|poke|p2|Politoed, L50, M|\n|poke|p2|Rillaboom, L50, F|\n|poke|p2|Arcanine-Hisui, L50, F|\n|poke|p2|Chien-Pao, L50|\n|poke|p2|Urshifu-*, L50, M|\n|teampreview|4\n|\n|t:|1700976519\n|start\n|switch|p1a: Lilligant|Lilligant-Hisui, L50, F, shiny|100\/100\n|switch|p1b: Torkoal|Torkoal, L50, M|100\/100\n|switch|p2a: Tornadus|Tornadus, L50, M|100\/100\n|switch|p2b: Arcanine|Arcanine-Hisui, L50, F|100\/100\n|-ability|p2b: Arcanine|Intimidate|boost\n|-unboost|p1a: Lilligant|atk|1\n|-unboost|p1b: Torkoal|atk|1\n|-weather|SunnyDay|[from] ability: Drought|[of] p1b: Torkoal\n|turn|1\n|\n|t:|1700976548\n|switch|p2b: Politoed|Politoed, L50, M|100\/100\n|-weather|RainDance|[from] ability: Drizzle|[of] p2b: Politoed\n|move|p1a: Lilligant|Sleep Powder|p2b: Politoed\n|-status|p2b: Politoed|slp|[from] move: Sleep Powder\n|move|p2a: Tornadus|Bleakwind Storm|p1a: Lilligant|[spread] p1a,p1b\n|-supereffective|p1a: Lilligant\n|-enditem|p1a: Lilligant|Focus Sash\n|-damage|p1a: Lilligant|1\/100\n|-damage|p1b: Torkoal|43\/100\n|-unboost|p1a: Lilligant|spe|1\n|move|p1b: Torkoal|Eruption|p2a: Tornadus|[spread] p2a,p2b\n|-resisted|p2b: Politoed\n|-damage|p2a: Tornadus|85\/100\n|-damage|p2b: Politoed|95\/100 slp\n|\n|-weather|RainDance|[upkeep]\n|upkeep\n|turn|2\n|\n|t:|1700976580\n|switch|p1b: Roaring Moon|Roaring Moon, L50|100\/100\n|-enditem|p1b: Roaring Moon|Booster Energy\n|-activate|p1b: Roaring Moon|ability: Protosynthesis|[fromitem]\n|-start|p1b: Roaring Moon|protosynthesisspe\n|move|p2a: Tornadus|Bleakwind Storm|p1a: Lilligant|[spread] p1a,p1b\n|-supereffective|p1a: Lilligant\n|-damage|p1a: Lilligant|0 fnt\n|-damage|p1b: Roaring Moon|58\/100\n|faint|p1a: Lilligant\n|cant|p2b: Politoed|slp\n|\n|-weather|RainDance|[upkeep]\n|upkeep\n|\n|t:|1700976594\n|switch|p1a: Torkoal|Torkoal, L50, M|43\/100\n|-weather|SunnyDay|[from] ability: Drought|[of] p1a: Torkoal\n|turn|3\n|\n|t:|1700976613\n|switch|p2b: Arcanine|Arcanine-Hisui, L50, F|100\/100\n|-ability|p2b: Arcanine|Intimidate|boost\n|-unboost|p1a: Torkoal|atk|1\n|-unboost|p1b: Roaring Moon|atk|1\n|move|p2a: Tornadus|Protect|p2a: Tornadus\n|-singleturn|p2a: Tornadus|Protect\n|move|p1a: Torkoal|Protect|p1a: Torkoal\n|-singleturn|p1a: Torkoal|Protect\n|move|p1b: Roaring Moon|Knock Off|p2a: Tornadus\n|-activate|p2a: Tornadus|move: Protect\n|\n|-weather|SunnyDay|[upkeep]\n|upkeep\n|turn|4\n|\n|t:|1700976647\n|-end|p1b: Roaring Moon|Protosynthesis|[silent]\n|switch|p1b: Ursaluna|Ursaluna-Bloodmoon, L50, M|100\/100\n|move|p2a: Tornadus|Tailwind|p2a: Tornadus\n|-sidestart|p2: tealpens4|move: Tailwind\n|move|p2b: Arcanine|Rock Slide|p1a: Torkoal|[spread] p1a,p1b\n|-supereffective|p1a: Torkoal\n|-resisted|p1b: Ursaluna\n|-crit|p1b: Ursaluna\n|-damage|p1a: Torkoal|0 fnt\n|-damage|p1b: Ursaluna|80\/100\n|faint|p1a: Torkoal\n|\n|-weather|SunnyDay|[upkeep]\n|upkeep\n|\n|t:|1700976656\n|switch|p1a: Roaring Moon|Roaring Moon, L50|58\/100\n|-activate|p1a: Roaring Moon|ability: Protosynthesis\n|-start|p1a: Roaring Moon|protosynthesisspe\n|turn|5\n|\n|t:|1700976695\n|switch|p2a: Chien-Pao|Chien-Pao, L50|100\/100\n|-ability|p2a: Chien-Pao|Sword of Ruin\n|-terastallize|p1b: Ursaluna|Normal\n|move|p2b: Arcanine|Rock Slide|p1b: Ursaluna|[spread] p1b\n|-miss|p2b: Arcanine|p1a: Roaring Moon\n|-damage|p1b: Ursaluna|40\/100\n|move|p1a: Roaring Moon|Tailwind|p1a: Roaring Moon\n|-sidestart|p1: whitedog69|move: Tailwind\n|move|p1b: Ursaluna|Hyper Voice|p2a: Chien-Pao|[spread] p2a,p2b\n|-resisted|p2b: Arcanine\n|-damage|p2a: Chien-Pao|9\/100\n|-damage|p2b: Arcanine|68\/100\n|-enditem|p1b: Ursaluna|Throat Spray\n|-boost|p1b: Ursaluna|spa|1|[from] item: Throat Spray\n|\n|-weather|SunnyDay|[upkeep]\n|upkeep\n|turn|6\n|\n|t:|1700976721\n|move|p1a: Roaring Moon|Knock Off|p2a: Chien-Pao\n|-resisted|p2a: Chien-Pao\n|-damage|p2a: Chien-Pao|0 fnt\n|-enditem|p2a: Chien-Pao|Focus Sash|[from] move: Knock Off|[of] p1a: Roaring Moon\n|faint|p2a: Chien-Pao\n|move|p2b: Arcanine|Rock Slide|p1a: Roaring Moon|[spread] p1a,p1b\n|-damage|p1a: Roaring Moon|5\/100\n|-damage|p1b: Ursaluna|11\/100\n|cant|p1b: Ursaluna|flinch\n|\n|-weather|SunnyDay|[upkeep]\n|upkeep\n|c|\u2606tealpens4|gg\n|\n|t:|1700976737\n|switch|p2a: Politoed|Politoed, L50, M|95\/100 slp\n|-weather|RainDance|[from] ability: Drizzle|[of] p2a: Politoed\n|-end|p1a: Roaring Moon|Protosynthesis\n|turn|7\n|\n|t:|1700976760\n|move|p1a: Roaring Moon|Knock Off|p2b: Arcanine\n|-damage|p2b: Arcanine|0 fnt\n|-enditem|p2b: Arcanine|Choice Band|[from] move: Knock Off|[of] p1a: Roaring Moon\n|faint|p2b: Arcanine\n|-curestatus|p2a: Politoed|slp|[msg]\n|move|p2a: Politoed|Muddy Water|p1a: Roaring Moon|[spread] p1a\n|-miss|p2a: Politoed|p1b: Ursaluna\n|-resisted|p1a: Roaring Moon\n|-damage|p1a: Roaring Moon|0 fnt\n|faint|p1a: Roaring Moon\n|-end|p1a: Roaring Moon|Protosynthesis|[silent]\n|move|p1b: Ursaluna|Earth Power|p2a: Politoed\n|-damage|p2a: Politoed|28\/100\n|-enditem|p2a: Politoed|Sitrus Berry|[eat]\n|-heal|p2a: Politoed|53\/100|[from] item: Sitrus Berry\n|\n|-weather|RainDance|[upkeep]\n|-sideend|p2: tealpens4|move: Tailwind\n|upkeep\n|\n|t:|1700976772\n|switch|p2b: Tornadus|Tornadus, L50, M|85\/100\n|turn|8\n|c|\u2606tealpens4|the toed wins!\n|\n|t:|1700976779\n|move|p2b: Tornadus|Bleakwind Storm|p1b: Ursaluna\n|-damage|p1b: Ursaluna|0 fnt\n|faint|p1b: Ursaluna\n|\n|win|tealpens4\n|raw|whitedog69's rating: 1098 &rarr; <strong>1075<\/strong><br \/>(-23 for losing)\n|raw|tealpens4's rating: 1128 &rarr; <strong>1151<\/strong><br \/>(+23 for winning)\n|l|\u2606whitedog69\n","uploadtime":1700977269,"views":9,"p1id":"whitedog69","p2id":"tealpens4","formatid":"gen9vgc2023regulatione","rating":1075,"private":0,"password":""}