{"id":"gen9vgc2023regulatione-1998393553","p1":"Johnboge","p2":"whyismynamejeff","format":"[Gen 9] VGC 2023 Regulation E","log":"|j|\u2606Johnboge\n|j|\u2606whyismynamejeff\n|t:|1700937317\n|gametype|doubles\n|player|p1|Johnboge|265|1016\n|player|p2|whyismynamejeff|musician|1039\n|teamsize|p1|6\n|teamsize|p2|6\n|gen|9\n|tier|[Gen 9] VGC 2023 Regulation E\n|rated|\n|rule|Species Clause: Limit one of each Pok\u00e9mon\n|rule|Item Clause: Limit one of each item\n|clearpoke\n|poke|p1|Golem-Alola, L50, M|\n|poke|p1|Pawmot, L50, M|\n|poke|p1|Meowscarada, L50, M|\n|poke|p1|Weezing-Galar, L50, M|\n|poke|p1|Roaring Moon, L50|\n|poke|p1|Amoonguss, L50, M|\n|poke|p2|Ogerpon-Wellspring, L50, F|\n|poke|p2|Regieleki, L50|\n|poke|p2|Indeedee-F, L50, F|\n|poke|p2|Tornadus, L50, M|\n|poke|p2|Chi-Yu, L50|\n|poke|p2|Flutter Mane, L50|\n|teampreview|4\n|\n|t:|1700937339\n|start\n|switch|p1a: Weezing|Weezing-Galar, L50, M|100\/100\n|switch|p1b: Roaring Moon|Roaring Moon, L50|100\/100\n|switch|p2a: Tornadus|Tornadus, L50, M|100\/100\n|switch|p2b: Flutter Mane|Flutter Mane, L50|100\/100\n|-ability|p1a: Weezing|Neutralizing Gas\n|-enditem|p1b: Roaring Moon|Booster Energy\n|-activate|p1b: Roaring Moon|ability: Protosynthesis|[fromitem]\n|-start|p1b: Roaring Moon|protosynthesisspe\n|turn|1\n|\n|t:|1700937371\n|-terastallize|p1b: Roaring Moon|Flying\n|move|p2b: Flutter Mane|Protect|p2b: Flutter Mane\n|-singleturn|p2b: Flutter Mane|Protect\n|move|p1a: Weezing|Protect|p1a: Weezing\n|-singleturn|p1a: Weezing|Protect\n|move|p1b: Roaring Moon|Acrobatics|p2b: Flutter Mane\n|-activate|p2b: Flutter Mane|move: Protect\n|move|p2a: Tornadus|Tailwind|p2a: Tornadus\n|-sidestart|p2: whyismynamejeff|move: Tailwind\n|\n|upkeep\n|turn|2\n|\n|t:|1700937400\n|move|p2b: Flutter Mane|Shadow Ball|p1a: Weezing\n|-damage|p1a: Weezing|42\/100\n|-enditem|p1a: Weezing|Sitrus Berry|[eat]\n|-heal|p1a: Weezing|67\/100|[from] item: Sitrus Berry\n|move|p2a: Tornadus|Bleakwind Storm|p1a: Weezing|[spread] p1a,p1b\n|-damage|p1a: Weezing|16\/100\n|-damage|p1b: Roaring Moon|66\/100\n|-unboost|p1a: Weezing|spe|1\n|move|p1b: Roaring Moon|Acrobatics|p2b: Flutter Mane\n|-enditem|p2b: Flutter Mane|Focus Sash\n|-damage|p2b: Flutter Mane|1\/100\n|move|p1a: Weezing|Sludge Bomb|p2a: Tornadus\n|-damage|p2a: Tornadus|63\/100\n|\n|upkeep\n|turn|3\n|\n|t:|1700937429\n|move|p1a: Weezing|Protect|p1a: Weezing\n|-singleturn|p1a: Weezing|Protect\n|move|p2b: Flutter Mane|Shadow Ball|p1b: Roaring Moon\n|-damage|p1b: Roaring Moon|25\/100\n|move|p2a: Tornadus|Bleakwind Storm|p1a: Weezing|[spread] p1b\n|-activate|p1a: Weezing|move: Protect\n|-damage|p1b: Roaring Moon|0 fnt\n|faint|p1b: Roaring Moon\n|-end|p1b: Roaring Moon|Protosynthesis|[silent]\n|\n|upkeep\n|\n|t:|1700937441\n|switch|p1b: Pawmot|Pawmot, L50, M|100\/100\n|turn|4\n|\n|t:|1700937458\n|move|p2a: Tornadus|Protect|p2a: Tornadus\n|-singleturn|p2a: Tornadus|Protect\n|move|p1b: Pawmot|Fake Out|p2a: Tornadus\n|-activate|p2a: Tornadus|move: Protect\n|move|p2b: Flutter Mane|Dazzling Gleam|p1b: Pawmot|[spread] p1a,p1b\n|-resisted|p1a: Weezing\n|-supereffective|p1b: Pawmot\n|-damage|p1a: Weezing|0 fnt\n|-enditem|p1b: Pawmot|Focus Sash\n|-damage|p1b: Pawmot|1\/100\n|faint|p1a: Weezing\n|-end|p1a: Weezing|ability: Neutralizing Gas\n|\n|-sideend|p2: whyismynamejeff|move: Tailwind\n|upkeep\n|\n|t:|1700937473\n|switch|p1a: Golem|Golem-Alola, L50, M|100\/100\n|turn|5\n|\n|t:|1700937486\n|move|p2a: Tornadus|Tailwind|p2a: Tornadus\n|-sidestart|p2: whyismynamejeff|move: Tailwind\n|move|p2b: Flutter Mane|Dazzling Gleam|p1b: Pawmot|[spread] p1a,p1b\n|-supereffective|p1b: Pawmot\n|-damage|p1a: Golem|60\/100\n|-damage|p1b: Pawmot|0 fnt\n|faint|p1b: Pawmot\n|move|p1a: Golem|Explosion|p2a: Tornadus|[spread] p2a,p2b\n|-supereffective|p2a: Tornadus\n|-damage|p2a: Tornadus|0 fnt\n|-damage|p2b: Flutter Mane|0 fnt\n|faint|p1a: Golem\n|faint|p2a: Tornadus\n|faint|p2b: Flutter Mane\n|-end|p2b: Flutter Mane|Protosynthesis|[silent]\n|\n|win|whyismynamejeff\n|raw|Johnboge's rating: 1016 &rarr; <strong>1004<\/strong><br \/>(-12 for losing)\n|raw|whyismynamejeff's rating: 1039 &rarr; <strong>1071<\/strong><br \/>(+32 for winning)\n","uploadtime":1700937501,"views":11,"p1id":"johnboge","p2id":"whyismynamejeff","formatid":"gen9vgc2023regulatione","rating":1004,"private":0,"password":""}