{"id":"gen9vgc2023regulatione-1990926341","p1":"AshValentineWR","p2":"Tobitoxd","format":"[Gen 9] VGC 2023 Regulation E","log":"|j|\u2606AshValentineWR\n|j|\u2606Tobitoxd\n|t:|1700015948\n|gametype|doubles\n|player|p1|AshValentineWR|cynthia-gen4|1155\n|player|p2|Tobitoxd|blue|1171\n|teamsize|p1|6\n|teamsize|p2|6\n|gen|9\n|tier|[Gen 9] VGC 2023 Regulation E\n|rated|\n|rule|Species Clause: Limit one of each Pok\u00e9mon\n|rule|Item Clause: Limit one of each item\n|clearpoke\n|poke|p1|Mimikyu, L50, F|\n|poke|p1|Arcanine, L50, M|\n|poke|p1|Appletun, L50, F|\n|poke|p1|Iron Hands, L50|\n|poke|p1|Bombirdier, L50, F|\n|poke|p1|Slowbro, L50, M|\n|poke|p2|Shiftry, L50, M|\n|poke|p2|Tornadus, L50, M|\n|poke|p2|Arcanine-Hisui, L50, F|\n|poke|p2|Urshifu-*, L50, M|\n|poke|p2|Flutter Mane, L50|\n|poke|p2|Ursaluna-Bloodmoon, L50, M|\n|teampreview|4\n|inactive|Battle timer is ON: inactive players will automatically lose when time's up. (requested by Tobitoxd)\nAshValentineWR rejected open team sheets.\n|\n|t:|1700015973\n|start\n|switch|p1a: Mimikyu|Mimikyu, L50, F, shiny|100\/100\n|switch|p1b: Bombirdier|Bombirdier, L50, F|100\/100\n|switch|p2a: Urshifu|Urshifu-Rapid-Strike, L50, M|100\/100\n|switch|p2b: Ursaluna|Ursaluna-Bloodmoon, L50, M|100\/100\n|turn|1\n|inactive|AshValentineWR has 30 seconds left.\n|\n|t:|1700016002\n|switch|p1b: Appletun|Appletun, L50, F|100\/100\n|move|p2a: Urshifu|Surging Strikes|p1a: Mimikyu\n|-activate|p1a: Mimikyu|ability: Disguise\n|-damage|p1a: Mimikyu|100\/100\n|detailschange|p1a: Mimikyu|Mimikyu-Busted, L50, F, shiny\n|-damage|p1a: Mimikyu|88\/100|[from] pokemon: Mimikyu-Busted\n|-crit|p1a: Mimikyu\n|-damage|p1a: Mimikyu|58\/100\n|-crit|p1a: Mimikyu\n|-damage|p1a: Mimikyu|26\/100\n|-hitcount|p1a: Mimikyu|3\n|move|p2b: Ursaluna|Blood Moon|p1b: Appletun\n|-damage|p1b: Appletun|24\/100\n|move|p1a: Mimikyu|Trick Room|p1a: Mimikyu\n|-fieldstart|move: Trick Room|[of] p1a: Mimikyu\n|\n|-activate|p1b: Appletun|ability: Ripen\n|-heal|p1b: Appletun|30\/100|[from] item: Leftovers\n|upkeep\n|turn|2\n|inactive|AshValentineWR has 30 seconds left.\n|\n|t:|1700016030\n|move|p2a: Urshifu|Aqua Jet|p1a: Mimikyu\n|-damage|p1a: Mimikyu|0 fnt\n|faint|p1a: Mimikyu\n|move|p1b: Appletun|Apple Acid|p2b: Ursaluna\n|-supereffective|p2b: Ursaluna\n|-damage|p2b: Ursaluna|42\/100\n|-unboost|p2b: Ursaluna|spd|1\n|move|p2b: Ursaluna|Hyper Voice|p1b: Appletun\n|-damage|p1b: Appletun|0 fnt\n|faint|p1b: Appletun\n|\n|upkeep\n|\n|t:|1700016041\n|switch|p1b: Bombirdier|Bombirdier, L50, F|100\/100\n|switch|p1a: Iron Hands|Iron Hands, L50|100\/100\n|turn|3\n|\n|t:|1700016056\n|-terastallize|p2b: Ursaluna|Ghost\n|move|p2a: Urshifu|Protect|p2a: Urshifu\n|-singleturn|p2a: Urshifu|Protect\n|move|p1a: Iron Hands|Wild Charge|p2a: Urshifu\n|-activate|p2a: Urshifu|move: Protect\n|move|p2b: Ursaluna|Earth Power|p1a: Iron Hands\n|-supereffective|p1a: Iron Hands\n|-damage|p1a: Iron Hands|38\/100\n|move|p1b: Bombirdier|Knock Off|p2b: Ursaluna\n|-supereffective|p2b: Ursaluna\n|-crit|p2b: Ursaluna\n|-damage|p2b: Ursaluna|0 fnt\n|-enditem|p2b: Ursaluna|Assault Vest|[from] move: Knock Off|[of] p1b: Bombirdier\n|faint|p2b: Ursaluna\n|-damage|p1b: Bombirdier|91\/100|[from] item: Life Orb\n|\n|upkeep\n|\n|t:|1700016074\n|switch|p2b: Flutter Mane|Flutter Mane, L50|100\/100\n|turn|4\n|\n|t:|1700016083\n|-terastallize|p1b: Bombirdier|Rock\n|move|p1a: Iron Hands|Wild Charge|p2a: Urshifu\n|-supereffective|p2a: Urshifu\n|-damage|p2a: Urshifu|0 fnt\n|faint|p2a: Urshifu\n|-damage|p1a: Iron Hands|22\/100|[from] Recoil\n|move|p1b: Bombirdier|Rock Slide|p2b: Flutter Mane\n|-damage|p2b: Flutter Mane|0 fnt\n|faint|p2b: Flutter Mane\n|-end|p2b: Flutter Mane|Protosynthesis|[silent]\n|-damage|p1b: Bombirdier|81\/100|[from] item: Life Orb\n|\n|upkeep\n|\n|t:|1700016091\n|switch|p2b: Tornadus|Tornadus, L50, M|100\/100\n|turn|5\n|\n|t:|1700016101\n|move|p1a: Iron Hands|Wild Charge|p2b: Tornadus\n|-supereffective|p2b: Tornadus\n|-damage|p2b: Tornadus|0 fnt\n|faint|p2b: Tornadus\n|-damage|p1a: Iron Hands|5\/100|[from] Recoil\n|\n|win|AshValentineWR\n|raw|AshValentineWR's rating: 1155 &rarr; <strong>1181<\/strong><br \/>(+26 for winning)\n|raw|Tobitoxd's rating: 1171 &rarr; <strong>1145<\/strong><br \/>(-26 for losing)\n|l|\u2606Tobitoxd\n|c|\u2606AshValentineWR|gg\n","uploadtime":1700016110,"views":14,"p1id":"ashvalentinewr","p2id":"tobitoxd","formatid":"gen9vgc2023regulatione","rating":1145,"private":0,"password":""}