{"id":"gen9vgc2023regulatione-1999956357","p1":"MC MazelTov","p2":"Hrv1105020","format":"[Gen 9] VGC 2023 Regulation E","log":"|j|\u2606MC MazelTov\n|j|\u2606Hrv1105020\n|t:|1701134361\n|gametype|doubles\n|player|p1|MC MazelTov|265|1165\n|player|p2|Hrv1105020|volkner|1163\n|teamsize|p1|6\n|teamsize|p2|6\n|gen|9\n|tier|[Gen 9] VGC 2023 Regulation E\n|rated|\n|rule|Species Clause: Limit one of each Pok\u00e9mon\n|rule|Item Clause: Limit one of each item\n|clearpoke\n|poke|p1|Sinistcha, L50|\n|poke|p1|Okidogi, L50, M|\n|poke|p1|Landorus-Therian, L50, M|\n|poke|p1|Rillaboom, L50, M|\n|poke|p1|Arcanine, L50, F|\n|poke|p1|Iron Hands, L50|\n|poke|p2|Scizor, L50, M|\n|poke|p2|Arcanine-Hisui, L50, M|\n|poke|p2|Chien-Pao, L50|\n|poke|p2|Tornadus, L50, M|\n|poke|p2|Rillaboom, L50, M|\n|poke|p2|Flutter Mane, L50|\n|teampreview|4\nMC MazelTov has agreed to open team sheets.\n|\n|t:|1701134414\n|start\n|switch|p1a: Landorus|Landorus-Therian, L50, M|100\/100\n|switch|p1b: Arcanine|Arcanine, L50, F|100\/100\n|switch|p2a: Scizor|Scizor, L50, M, shiny|100\/100\n|switch|p2b: Flutter Mane|Flutter Mane, L50, shiny|100\/100\n|-ability|p1a: Landorus|Intimidate|boost\n|-unboost|p2a: Scizor|atk|1\n|-unboost|p2b: Flutter Mane|atk|1\n|-ability|p1b: Arcanine|Intimidate|boost\n|-unboost|p2a: Scizor|atk|1\n|-unboost|p2b: Flutter Mane|atk|1\n|-enditem|p2b: Flutter Mane|Booster Energy\n|-activate|p2b: Flutter Mane|ability: Protosynthesis|[fromitem]\n|-start|p2b: Flutter Mane|protosynthesisspa\n|turn|1\n|\n|t:|1701134459\n|move|p2a: Scizor|Protect|p2a: Scizor\n|-singleturn|p2a: Scizor|Protect\n|move|p1a: Landorus|Stomping Tantrum|p2b: Flutter Mane\n|-damage|p2b: Flutter Mane|1\/100\n|move|p2b: Flutter Mane|Moonblast|p1a: Landorus\n|-damage|p1a: Landorus|11\/100\n|-unboost|p1a: Landorus|spa|1\n|move|p1b: Arcanine|Flare Blitz|p2b: Flutter Mane\n|-damage|p2b: Flutter Mane|0 fnt\n|faint|p2b: Flutter Mane\n|-end|p2b: Flutter Mane|Protosynthesis|[silent]\n|-damage|p1b: Arcanine|99\/100|[from] Recoil\n|\n|upkeep\n|\n|t:|1701134474\n|switch|p2b: Arcanine|Arcanine-Hisui, L50, M, shiny|100\/100\n|-ability|p2b: Arcanine|Intimidate|boost\n|-unboost|p1a: Landorus|atk|1\n|-unboost|p1b: Arcanine|atk|1\n|turn|2\n|\n|t:|1701134503\n|switch|p1b: Sinistcha|Sinistcha, L50|100\/100\n|-heal|p1a: Landorus|35\/100|[from] ability: Hospitality|[of] p1b: Sinistcha\n|-terastallize|p2a: Scizor|Water\n|move|p2a: Scizor|Bullet Punch|p1a: Landorus\n|-damage|p1a: Landorus|10\/100\n|-damage|p2a: Scizor|91\/100|[from] item: Life Orb\n|move|p1a: Landorus|Stomping Tantrum|p2b: Arcanine\n|-supereffective|p2b: Arcanine\n|-damage|p2b: Arcanine|0 fnt\n|faint|p2b: Arcanine\n|\n|upkeep\n|\n|t:|1701134516\n|switch|p2b: Chien-Pao|Chien-Pao, L50|100\/100\n|-ability|p2b: Chien-Pao|Sword of Ruin\n|turn|3\n|\n|t:|1701134567\n|switch|p1a: Arcanine|Arcanine, L50, F|99\/100\n|-ability|p1a: Arcanine|Intimidate|boost\n|-unboost|p2a: Scizor|atk|1\n|-unboost|p2b: Chien-Pao|atk|1\n|-terastallize|p1b: Sinistcha|Fire\n|move|p2a: Scizor|Bullet Punch|p1a: Arcanine\n|-resisted|p1a: Arcanine\n|-damage|p1a: Arcanine|85\/100\n|-damage|p2a: Scizor|81\/100|[from] item: Life Orb\n|move|p2b: Chien-Pao|Icicle Crash|p1b: Sinistcha\n|-resisted|p1b: Sinistcha\n|-damage|p1b: Sinistcha|82\/100\n|move|p1b: Sinistcha|Strength Sap|p2b: Chien-Pao\n|-unboost|p2b: Chien-Pao|atk|1\n|-heal|p1b: Sinistcha|100\/100\n|\n|upkeep\n|turn|4\n|inactive|Battle timer is ON: inactive players will automatically lose when time's up. (requested by MC MazelTov)\n|\n|t:|1701134641\n|move|p2b: Chien-Pao|Sucker Punch|p1a: Arcanine\n|-damage|p1a: Arcanine|59\/100\n|move|p2a: Scizor|Dual Wingbeat|p1b: Sinistcha\n|-damage|p1b: Sinistcha|84\/100\n|-damage|p2a: Scizor|65\/100|[from] item: Rocky Helmet|[of] p1b: Sinistcha\n|-damage|p1b: Sinistcha|67\/100\n|-damage|p2a: Scizor|48\/100|[from] item: Rocky Helmet|[of] p1b: Sinistcha\n|-hitcount|p1b: Sinistcha|2\n|-damage|p2a: Scizor|39\/100|[from] item: Life Orb\n|move|p1a: Arcanine|Flare Blitz|p2b: Chien-Pao\n|-supereffective|p2b: Chien-Pao\n|-enditem|p2b: Chien-Pao|Focus Sash\n|-damage|p2b: Chien-Pao|1\/100\n|-damage|p1a: Arcanine|33\/100|[from] Recoil\n|move|p1b: Sinistcha|Matcha Gotcha|p2b: Chien-Pao|[spread] p2a\n|-miss|p1b: Sinistcha|p2b: Chien-Pao\n|-supereffective|p2a: Scizor\n|-damage|p2a: Scizor|0 fnt\n|-heal|p1b: Sinistcha|83\/100|[from] drain|[of] p2a: Scizor\n|faint|p2a: Scizor\n|\n|upkeep\n|turn|5\n|-message|Hrv1105020 forfeited.\n|\n|win|MC MazelTov\n|raw|MC MazelTov's rating: 1165 &rarr; <strong>1190<\/strong><br \/>(+25 for winning)\n|raw|Hrv1105020's rating: 1163 &rarr; <strong>1138<\/strong><br \/>(-25 for losing)\n|l|\u2606Hrv1105020\n","uploadtime":1701134672,"views":3,"p1id":"mcmazeltov","p2id":"hrv1105020","formatid":"gen9vgc2023regulatione","rating":1138,"private":0,"password":""}