{"id":"gen9vgc2023regulatione-1995987867","p1":"leafyarrow","p2":"thecellosong1","format":"[Gen 9] VGC 2023 Regulation E","log":"|j|\u2606leafyarrow\n|j|\u2606thecellosong1\n|t:|1700625801\n|gametype|doubles\n|player|p1|leafyarrow|selene|1226\n|player|p2|thecellosong1|colress|1290\n|teamsize|p1|6\n|teamsize|p2|6\n|gen|9\n|tier|[Gen 9] VGC 2023 Regulation E\n|rated|\n|rule|Species Clause: Limit one of each Pok\u00e9mon\n|rule|Item Clause: Limit one of each item\n|clearpoke\n|poke|p1|Enamorus-Therian, L50, F|\n|poke|p1|Ursaluna, L50, F|\n|poke|p1|Indeedee-F, L50, F|\n|poke|p1|Armarouge, L50, M|\n|poke|p1|Gallade, L50, M|\n|poke|p1|Decidueye, L50, M|\n|poke|p2|Landorus, L50, M|\n|poke|p2|Farigiraf, L50, M|\n|poke|p2|Urshifu-*, L50, M|\n|poke|p2|Heatran, L50, F|\n|poke|p2|Rillaboom, L50, F|\n|poke|p2|Iron Bundle, L50|\n|teampreview|4\n|inactive|Battle timer is ON: inactive players will automatically lose when time's up. (requested by thecellosong1)\nleafyarrow has agreed to open team sheets.\n|inactive|leafyarrow has 60 seconds left.\n|inactive|thecellosong1 has 60 seconds left.\nthecellosong1 has agreed to open team sheets.\n|inactive|leafyarrow has 30 seconds left.\n|\n|t:|1700625874\n|start\n|switch|p1a: Decidueye|Decidueye, L50, M|100\/100\n|switch|p1b: Indeedee|Indeedee-F, L50, F|100\/100\n|switch|p2a: Rillaboom|Rillaboom, L50, F|100\/100\n|switch|p2b: Urshifu|Urshifu, L50, M|100\/100\n|-fieldstart|move: Grassy Terrain|[from] ability: Grassy Surge|[of] p2a: Rillaboom\n|-fieldstart|move: Psychic Terrain|[from] ability: Psychic Surge|[of] p1b: Indeedee\n|-enditem|p1b: Indeedee|Psychic Seed\n|-boost|p1b: Indeedee|spd|1|[from] item: Psychic Seed\n|turn|1\n|inactive|leafyarrow has 30 seconds left.\n|inactive|leafyarrow has 20 seconds left.\n|inactive|leafyarrow has 15 seconds left.\n|\n|t:|1700625915\n|-terastallize|p1b: Indeedee|Fairy\n|move|p2b: Urshifu|Wicked Blow|p1a: Decidueye\n|-supereffective|p1a: Decidueye\n|-crit|p1a: Decidueye\n|-damage|p1a: Decidueye|0 fnt\n|faint|p1a: Decidueye\n|move|p2a: Rillaboom|Taunt|p1b: Indeedee\n|-start|p1b: Indeedee|move: Taunt\n|move|p1b: Indeedee|Dazzling Gleam|p2b: Urshifu|[spread] p2a,p2b\n|-supereffective|p2b: Urshifu\n|-damage|p2a: Rillaboom|77\/100\n|-enditem|p2b: Urshifu|Focus Sash\n|-damage|p2b: Urshifu|1\/100\n|\n|upkeep\n|\n|t:|1700625920\n|switch|p1a: Enamorus|Enamorus-Therian, L50, F|100\/100\n|turn|2\n|inactive|thecellosong1 has 30 seconds left.\n|\n|t:|1700625949\n|switch|p2a: Heatran|Heatran, L50, F|100\/100\n|move|p2b: Urshifu|Detect|p2b: Urshifu\n|-singleturn|p2b: Urshifu|Protect\n|move|p1b: Indeedee|Dazzling Gleam|p2b: Urshifu|[spread] p2a\n|-activate|p2b: Urshifu|move: Protect\n|-resisted|p2a: Heatran\n|-damage|p2a: Heatran|98\/100\n|move|p1a: Enamorus|Moonblast|p2b: Urshifu\n|-activate|p2b: Urshifu|move: Protect\n|\n|upkeep\n|turn|3\n|\n|t:|1700625972\n|switch|p2b: Rillaboom|Rillaboom, L50, F|77\/100\n|-fieldstart|move: Grassy Terrain|[from] ability: Grassy Surge|[of] p2b: Rillaboom\n|switch|p1b: Ursaluna|Ursaluna, L50, F|100\/100\n|move|p2a: Heatran|Flash Cannon|p1a: Enamorus\n|-supereffective|p1a: Enamorus\n|-damage|p1a: Enamorus|17\/100\n|move|p1a: Enamorus|Moonblast|p2a: Heatran\n|-resisted|p2a: Heatran\n|-damage|p2a: Heatran|86\/100\n|\n|-heal|p2b: Rillaboom|83\/100|[from] Grassy Terrain\n|-heal|p2a: Heatran|92\/100|[from] Grassy Terrain\n|-status|p1b: Ursaluna|brn|[from] item: Flame Orb\n|upkeep\n|turn|4\n|inactive|leafyarrow has 30 seconds left.\n|inactive|thecellosong1 has 30 seconds left.\n|inactive|leafyarrow has 20 seconds left.\n|inactive|thecellosong1 has 20 seconds left.\n|inactive|leafyarrow has 15 seconds left.\n|inactive|thecellosong1 has 15 seconds left.\n|\n|t:|1700626016\n|switch|p1a: Indeedee|Indeedee-F, L50, F, tera:Fairy|100\/100\n|-fieldstart|move: Psychic Terrain|[from] ability: Psychic Surge|[of] p1a: Indeedee\n|-terastallize|p2b: Rillaboom|Grass\n|move|p2b: Rillaboom|Wood Hammer|p1b: Ursaluna\n|-supereffective|p1b: Ursaluna\n|-damage|p1b: Ursaluna|0 fnt\n|faint|p1b: Ursaluna\n|-damage|p2b: Rillaboom|44\/100|[from] Recoil\n|move|p2a: Heatran|Flash Cannon|p1a: Indeedee\n|-supereffective|p1a: Indeedee\n|-damage|p1a: Indeedee|11\/100\n|\n|upkeep\n|\n|t:|1700626024\n|switch|p1b: Enamorus|Enamorus-Therian, L50, F|17\/100\n|turn|5\n|-message|leafyarrow forfeited.\n|\n|win|thecellosong1\n|raw|leafyarrow's rating: 1226 &rarr; <strong>1206<\/strong><br \/>(-20 for losing)\n|raw|thecellosong1's rating: 1290 &rarr; <strong>1310<\/strong><br \/>(+20 for winning)\n","uploadtime":1700626033,"views":8,"p1id":"leafyarrow","p2id":"thecellosong1","formatid":"gen9vgc2023regulatione","rating":1206,"private":0,"password":""}