{"id":"gen9vgc2023regulatione-1992997748","p1":"WereSquatch45","p2":"hdhayes","format":"[Gen 9] VGC 2023 Regulation E","log":"|j|\u2606WereSquatch45\n|j|\u2606hdhayes\n|t:|1700253981\n|gametype|doubles\n|player|p1|WereSquatch45|170|1270\n|player|p2|hdhayes|102|1213\n|teamsize|p1|6\n|teamsize|p2|6\n|gen|9\n|tier|[Gen 9] VGC 2023 Regulation E\n|rated|\n|rule|Species Clause: Limit one of each Pok\u00e9mon\n|rule|Item Clause: Limit one of each item\n|clearpoke\n|poke|p1|Tyranitar, L50, M|\n|poke|p1|Urshifu-*, L50, M|\n|poke|p1|Houndstone, L50, M|\n|poke|p1|Garchomp, L50, M|\n|poke|p1|Magnezone, L50|\n|poke|p1|Gastrodon-East, L50, M|\n|poke|p2|Palafin, L50, F|\n|poke|p2|Sinistcha, L50|\n|poke|p2|Iron Hands, L50|\n|poke|p2|Arcanine, L50, M|\n|poke|p2|Flutter Mane, L50|\n|poke|p2|Chi-Yu, L50|\n|teampreview|4\nhdhayes has agreed to open team sheets.\n|\n|t:|1700254078\n|start\n|switch|p1a: Tyranitar|Tyranitar, L50, M, shiny|100\/100\n|switch|p1b: Garchomp|Garchomp, L50, M, shiny|100\/100\n|switch|p2a: Arcanine|Arcanine, L50, M, shiny|100\/100\n|switch|p2b: Palafin|Palafin, L50, F, shiny|100\/100\n|-ability|p2a: Arcanine|Intimidate|boost\n|-unboost|p1a: Tyranitar|atk|1\n|-unboost|p1b: Garchomp|atk|1\n|-weather|Sandstorm|[from] ability: Sand Stream|[of] p1a: Tyranitar\n|turn|1\n|\n|t:|1700254106\n|move|p1a: Tyranitar|Protect|p1a: Tyranitar\n|-singleturn|p1a: Tyranitar|Protect\n|move|p2b: Palafin|Close Combat|p1a: Tyranitar\n|-activate|p1a: Tyranitar|move: Protect\n|move|p2a: Arcanine|Will-O-Wisp|p1b: Garchomp|[miss]\n|-miss|p2a: Arcanine|p1b: Garchomp\n|move|p1b: Garchomp|Earth Power|p2a: Arcanine\n|-supereffective|p2a: Arcanine\n|-damage|p2a: Arcanine|17\/100\n|\n|-weather|Sandstorm|[upkeep]\n|-damage|p2b: Palafin|95\/100|[from] Sandstorm\n|upkeep\n|turn|2\n|\n|t:|1700254135\n|detailschange|p2b: Palafin|Palafin-Hero, L50, F, shiny\n|switch|p2b: Iron Hands|Iron Hands, L50, shiny|100\/100\n|switch|p1a: Houndstone|Houndstone, L50, M, shiny|100\/100\n|move|p1b: Garchomp|Protect|p1b: Garchomp\n|-singleturn|p1b: Garchomp|Protect\n|move|p2a: Arcanine|Will-O-Wisp|p1b: Garchomp\n|-activate|p1b: Garchomp|move: Protect\n|\n|-weather|Sandstorm|[upkeep]\n|-damage|p2b: Iron Hands|95\/100|[from] Sandstorm\n|upkeep\n|turn|3\n|\n|t:|1700254169\n|move|p2a: Arcanine|Protect|p2a: Arcanine\n|-singleturn|p2a: Arcanine|Protect\n|move|p2b: Iron Hands|Fake Out|p1b: Garchomp|[miss]\n|-miss|p2b: Iron Hands|p1b: Garchomp\n|move|p1a: Houndstone|Will-O-Wisp|p2b: Iron Hands|[miss]\n|-miss|p1a: Houndstone|p2b: Iron Hands\n|move|p1b: Garchomp|Earth Power|p2b: Iron Hands\n|-supereffective|p2b: Iron Hands\n|-damage|p2b: Iron Hands|54\/100\n|\n|-weather|Sandstorm|[upkeep]\n|-damage|p2b: Iron Hands|48\/100|[from] Sandstorm\n|upkeep\n|turn|4\n|\n|t:|1700254205\n|-end|p2b: Iron Hands|Quark Drive|[silent]\n|switch|p2b: Palafin|Palafin-Hero, L50, F, shiny|95\/100\n|-activate|p2b: Palafin|ability: Zero to Hero\n|move|p1a: Houndstone|Last Respects|p2a: Arcanine\n|-damage|p2a: Arcanine|0 fnt\n|faint|p2a: Arcanine\n|move|p1b: Garchomp|Earth Power|p2b: Palafin\n|-damage|p2b: Palafin|52\/100\n|-unboost|p2b: Palafin|spd|1\n|\n|-weather|Sandstorm|[upkeep]\n|-damage|p2b: Palafin|46\/100|[from] Sandstorm\n|upkeep\n|\n|t:|1700254220\n|switch|p2a: Flutter Mane|Flutter Mane, L50|100\/100\n|turn|5\n|\n|t:|1700254240\n|switch|p2b: Iron Hands|Iron Hands, L50, shiny|48\/100\n|move|p1b: Garchomp|Protect|p1b: Garchomp\n|-singleturn|p1b: Garchomp|Protect\n|move|p1a: Houndstone|Will-O-Wisp|p2b: Iron Hands\n|-status|p2b: Iron Hands|brn\n|move|p2a: Flutter Mane|Moonblast|p1b: Garchomp\n|-activate|p1b: Garchomp|move: Protect\n|\n|-weather|none\n|-damage|p2b: Iron Hands|42\/100 brn|[from] brn\n|upkeep\n|turn|6\n|\n|t:|1700254269\n|switch|p1a: Tyranitar|Tyranitar, L50, M, shiny|100\/100\n|-weather|Sandstorm|[from] ability: Sand Stream|[of] p1a: Tyranitar\n|move|p2a: Flutter Mane|Moonblast|p1b: Garchomp\n|-supereffective|p1b: Garchomp\n|-damage|p1b: Garchomp|0 fnt\n|faint|p1b: Garchomp\n|move|p2b: Iron Hands|Drain Punch|p1a: Tyranitar\n|-supereffective|p1a: Tyranitar\n|-damage|p1a: Tyranitar|25\/100\n|-heal|p2b: Iron Hands|70\/100 brn|[from] drain|[of] p1a: Tyranitar\n|-enditem|p1a: Tyranitar|Eject Button\n|\n|t:|1700254284\n|switch|p1a: Houndstone|Houndstone, L50, M, shiny|100\/100\n|\n|-weather|Sandstorm|[upkeep]\n|-damage|p2a: Flutter Mane|94\/100|[from] Sandstorm\n|-damage|p2b: Iron Hands|64\/100 brn|[from] Sandstorm\n|-damage|p2b: Iron Hands|58\/100 brn|[from] brn\n|upkeep\n|\n|t:|1700254293\n|switch|p1b: Tyranitar|Tyranitar, L50, M, shiny|25\/100\n|turn|7\n|\n|t:|1700254314\n|-terastallize|p2a: Flutter Mane|Fairy\n|-terastallize|p1b: Tyranitar|Psychic\n|move|p1a: Houndstone|Last Respects|p2a: Flutter Mane\n|-damage|p2a: Flutter Mane|0 fnt\n|faint|p2a: Flutter Mane\n|-end|p2a: Flutter Mane|Protosynthesis|[silent]\n|move|p1b: Tyranitar|Tera Blast|p2b: Iron Hands|[anim] Tera Blast Psychic\n|-supereffective|p2b: Iron Hands\n|-damage|p2b: Iron Hands|0 fnt\n|faint|p2b: Iron Hands\n|-end|p2b: Iron Hands|Quark Drive|[silent]\n|\n|-weather|Sandstorm|[upkeep]\n|-damage|p1b: Tyranitar|19\/100|[from] Sandstorm\n|upkeep\n|-message|hdhayes forfeited.\n|\n|win|WereSquatch45\n|raw|WereSquatch45's rating: 1270 &rarr; <strong>1291<\/strong><br \/>(+21 for winning)\n|raw|hdhayes's rating: 1213 &rarr; <strong>1192<\/strong><br \/>(-21 for losing)\n|l|\u2606hdhayes\n","uploadtime":1700254352,"views":19,"p1id":"weresquatch45","p2id":"hdhayes","formatid":"gen9vgc2023regulatione","rating":1192,"private":0,"password":""}