{"id":"gen9vgc2023regulatione-1989347360","p1":"Silenncce","p2":"PurplePhantom_exe","format":"[Gen 9] VGC 2023 Regulation E","log":"|j|\u2606Silenncce\n|j|\u2606PurplePhantom_exe\n|t:|1699839111\n|gametype|doubles\n|player|p1|Silenncce|lucas|\n|player|p2|PurplePhantom_exe|caitlin|\n|teamsize|p1|6\n|teamsize|p2|6\n|gen|9\n|tier|[Gen 9] VGC 2023 Regulation E\n|rule|Species Clause: Limit one of each Pok\u00e9mon\n|rule|Item Clause: Limit one of each item\n|clearpoke\n|poke|p1|Slither Wing, L50|\n|poke|p1|Kleavor, L50, M|\n|poke|p1|Iron Treads, L50|\n|poke|p1|Decidueye-Hisui, L50, F|\n|poke|p1|Toxicroak, L50, M|\n|poke|p1|Raichu, L50, F|\n|poke|p2|Articuno, L50|\n|poke|p2|Altaria, L50, M|\n|poke|p2|Appletun, L50, F|\n|poke|p2|Oricorio-Pa'u, L50, M|\n|poke|p2|Morpeko, L50, F|\n|poke|p2|Revavroom, L50, F|\n|teampreview|4\n|j| rytheyan\n|j| DarkenedKira\nPurplePhantom_exe rejected open team sheets.\n|inactive|Battle timer is ON: inactive players will automatically lose when time's up. (requested by Silenncce)\n|inactive|PurplePhantom_exe has 60 seconds left.\n|inactiveoff|Battle timer is now OFF.\n|\n|t:|1699839190\n|start\n|switch|p1a: rat|Raichu, L50, F|100\/100\n|switch|p1b: frog|Toxicroak, L50, M|100\/100\n|switch|p2a: Not Sweeping|Oricorio-Pa'u, L50, M, shiny|100\/100\n|switch|p2b: Pee|Altaria, L50, M, shiny|100\/100\n|turn|1\n|\n|t:|1699839215\n|move|p1a: rat|Thunder|p2b: Pee\n|-damage|p2b: Pee|54\/100\n|move|p2a: Not Sweeping|Substitute|p2a: Not Sweeping\n|-start|p2a: Not Sweeping|Substitute\n|-damage|p2a: Not Sweeping|76\/100\n|move|p1b: frog|Rain Dance|p1b: frog\n|-weather|RainDance\n|move|p2b: Pee|Will-O-Wisp|p1b: frog|[miss]\n|-miss|p2b: Pee|p1b: frog\n|\n|-weather|RainDance|[upkeep]\n|upkeep\n|turn|2\n|\n|t:|1699839250\n|move|p1a: rat|Surf|p2b: Pee|[spread] p2a,p2b\n|-immune|p1b: frog|[from] ability: Dry Skin\n|-end|p2a: Not Sweeping|Substitute\n|-resisted|p2b: Pee\n|-damage|p2b: Pee|40\/100\n|move|p2a: Not Sweeping|Swords Dance|p2a: Not Sweeping\n|-boost|p2a: Not Sweeping|atk|2\n|move|p1b: frog|Shadow Ball|p2a: Not Sweeping\n|-supereffective|p2a: Not Sweeping\n|-damage|p2a: Not Sweeping|15\/100\n|-enditem|p2a: Not Sweeping|Sitrus Berry|[eat]\n|-heal|p2a: Not Sweeping|40\/100|[from] item: Sitrus Berry\n|move|p2b: Pee|Roost|p2b: Pee\n|-heal|p2b: Pee|90\/100\n|-singleturn|p2b: Pee|move: Roost\n|\n|-weather|RainDance|[upkeep]\n|upkeep\n|turn|3\n|c|\u2606Silenncce|what the flip\n|\n|t:|1699839312\n|move|p1a: rat|Thunder|p2a: Not Sweeping\n|-supereffective|p2a: Not Sweeping\n|-crit|p2a: Not Sweeping\n|-damage|p2a: Not Sweeping|0 fnt\n|faint|p2a: Not Sweeping\n|move|p1b: frog|Shadow Ball|p2b: Pee\n|-damage|p2b: Pee|69\/100\n|move|p2b: Pee|Fire Spin|p1a: rat\n|-crit|p1a: rat\n|-damage|p1a: rat|94\/100\n|-activate|p1a: rat|move: Fire Spin|[of] p2b: Pee\n|\n|-weather|RainDance|[upkeep]\n|-damage|p1a: rat|81\/100|[from] move: Fire Spin|[partiallytrapped]\n|upkeep\n|\n|t:|1699839317\n|switch|p2a: Me RN|Morpeko, L50, F, shiny|100\/100\n|turn|4\n|c|\u2606PurplePhantom_exe|my birby :(\n|\n|t:|1699839371\n|move|p2a: Me RN|Fake Out|p1a: rat\n|-damage|p1a: rat|62\/100\n|cant|p1a: rat|flinch\n|move|p1b: frog|Shadow Ball|p2b: Pee\n|-damage|p2b: Pee|49\/100\n|move|p2b: Pee|Perish Song|p2b: Pee\n|-start|p1a: rat|perish3|[silent]\n|-start|p1b: frog|perish3|[silent]\n|-start|p2a: Me RN|perish3|[silent]\n|-start|p2b: Pee|perish3|[silent]\n|-fieldactivate|move: Perish Song\n|\n|-weather|RainDance|[upkeep]\n|-damage|p1a: rat|50\/100|[from] move: Fire Spin|[partiallytrapped]\n|-start|p1a: rat|perish3\n|-start|p2a: Me RN|perish3\n|-start|p1b: frog|perish3\n|-start|p2b: Pee|perish3\n|-formechange|p2a: Me RN|Morpeko-Hangry||[from] ability: Hunger Switch\n|upkeep\n|turn|5\n|c|\u2606PurplePhantom_exe|>:)\n|\n|t:|1699839424\n|move|p1a: rat|Thunder Wave|p2a: Me RN\n|-immune|p2a: Me RN\n|move|p2a: Me RN|Fake Tears|p1b: frog\n|-unboost|p1b: frog|spd|2\n|move|p1b: frog|Focus Blast|p2a: Me RN|[miss]\n|-miss|p1b: frog|p2a: Me RN\n|move|p2b: Pee|Fire Spin|p1b: frog\n|-damage|p1b: frog|90\/100\n|-activate|p1b: frog|move: Fire Spin|[of] p2b: Pee\n|\n|-weather|none\n|-heal|p1b: frog|96\/100|[from] item: Leftovers\n|-damage|p1a: rat|37\/100|[from] move: Fire Spin|[partiallytrapped]\n|-damage|p1b: frog|84\/100|[from] move: Fire Spin|[partiallytrapped]\n|-start|p1a: rat|perish2\n|-start|p2a: Me RN|perish2\n|-start|p1b: frog|perish2\n|-start|p2b: Pee|perish2\n|-formechange|p2a: Me RN|Morpeko||[from] ability: Hunger Switch\n|upkeep\n|turn|6\n|\n|t:|1699839465\n|move|p1a: rat|Grass Knot|p2a: Me RN\n|-damage|p2a: Me RN|91\/100\n|-damage|p1a: rat|21\/100|[from] item: Rocky Helmet|[of] p2a: Me RN\n|move|p2a: Me RN|Taunt|p1a: rat\n|-start|p1a: rat|move: Taunt\n|move|p1b: frog|Focus Blast|p2a: Me RN\n|-supereffective|p2a: Me RN\n|-damage|p2a: Me RN|0 fnt\n|faint|p2a: Me RN\n|move|p2b: Pee|Roost|p2b: Pee\n|-heal|p2b: Pee|99\/100\n|-singleturn|p2b: Pee|move: Roost\n|\n|-heal|p1b: frog|90\/100|[from] item: Leftovers\n|-damage|p1a: rat|9\/100|[from] move: Fire Spin|[partiallytrapped]\n|-damage|p1b: frog|78\/100|[from] move: Fire Spin|[partiallytrapped]\n|-start|p1a: rat|perish1\n|-start|p1b: frog|perish1\n|-start|p2b: Pee|perish1\n|upkeep\n|\n|t:|1699839473\n|switch|p2a: Luvdick|Articuno, L50, shiny|100\/100\n|-ability|p2a: Luvdick|Pressure\n|turn|7\n|c|\u2606Silenncce|what\n|c|\u2606PurplePhantom_exe|:)\n|\n|t:|1699839516\n|move|p1a: rat|Thunder|p2a: Luvdick\n|-supereffective|p2a: Luvdick\n|-damage|p2a: Luvdick|12\/100\n|move|p1b: frog|Shadow Ball|p2a: Luvdick\n|-damage|p2a: Luvdick|0 fnt\n|faint|p2a: Luvdick\n|move|p2b: Pee|Fire Spin|p1a: rat\n|-damage|p1a: rat|0 fnt\n|faint|p1a: rat\n|\n|-heal|p1b: frog|84\/100|[from] item: Leftovers\n|-damage|p1b: frog|72\/100|[from] move: Fire Spin|[partiallytrapped]\n|-start|p1b: frog|perish0\n|-start|p2b: Pee|perish0\n|upkeep\n|faint|p1b: frog\n|faint|p2b: Pee\n|\n|win|Silenncce\n|c|\u2606PurplePhantom_exe|LMAO\n|l|\u2606Silenncce\n","uploadtime":1699839539,"views":10,"p1id":"silenncce","p2id":"purplephantomexe","formatid":"gen9vgc2023regulatione","rating":0,"private":0,"password":""}