{"id":"gen9vgc2023regulatione-1999900901","p1":"KumpelXD","p2":"omnomapuss","format":"[Gen 9] VGC 2023 Regulation E","log":"|j|\u2606KumpelXD\n|j|\u2606omnomapuss\n|t:|1701127981\n|gametype|doubles\n|player|p1|KumpelXD|169|1323\n|player|p2|omnomapuss|crasherwake|1307\n|teamsize|p1|6\n|teamsize|p2|6\n|gen|9\n|tier|[Gen 9] VGC 2023 Regulation E\n|rated|\n|rule|Species Clause: Limit one of each Pok\u00e9mon\n|rule|Item Clause: Limit one of each item\n|clearpoke\n|poke|p1|Empoleon, L50, M|\n|poke|p1|Landorus-Therian, L50, M|\n|poke|p1|Ninetales-Alola, L50, F|\n|poke|p1|Iron Hands, L50|\n|poke|p1|Ogerpon-Cornerstone, L50, F|\n|poke|p1|Hydreigon, L50, M|\n|poke|p2|Ogerpon-Hearthflame, L50, F|\n|poke|p2|Chien-Pao, L50|\n|poke|p2|Urshifu-*, L50, M|\n|poke|p2|Gholdengo, L50|\n|poke|p2|Rillaboom, L50, F|\n|poke|p2|Roaring Moon, L50|\n|teampreview|4\n|inactive|Battle timer is ON: inactive players will automatically lose when time's up. (requested by KumpelXD)\nKumpelXD has agreed to open team sheets.\n|inactive|KumpelXD has 60 seconds left.\n|\n|t:|1701128013\n|start\n|switch|p1a: Landorus|Landorus-Therian, L50, M|100\/100\n|switch|p1b: Hydreigon|Hydreigon, L50, M|100\/100\n|switch|p2a: Roaring Moon|Roaring Moon, L50|100\/100\n|switch|p2b: Gholdengo|Gholdengo, L50|100\/100\n|-ability|p1a: Landorus|Intimidate|boost\n|-unboost|p2a: Roaring Moon|atk|1\n|-unboost|p2b: Gholdengo|atk|1\n|-enditem|p2a: Roaring Moon|Booster Energy\n|-activate|p2a: Roaring Moon|ability: Protosynthesis|[fromitem]\n|-start|p2a: Roaring Moon|protosynthesisspe\n|turn|1\n|\n|t:|1701128038\n|-terastallize|p2b: Gholdengo|Steel\n|move|p2a: Roaring Moon|Tailwind|p2a: Roaring Moon\n|-sidestart|p2: omnomapuss|move: Tailwind\n|move|p2b: Gholdengo|Make It Rain|p1b: Hydreigon|[spread] p1a,p1b\n|-damage|p1a: Landorus|0 fnt\n|-damage|p1b: Hydreigon|0 fnt\n|-unboost|p2b: Gholdengo|spa|1\n|faint|p1a: Landorus\n|faint|p1b: Hydreigon\n|\n|upkeep\n|\n|t:|1701128048\n|switch|p1b: Iron Hands|Iron Hands, L50|100\/100\n|switch|p1a: Empoleon|Empoleon, L50, M|100\/100\n|turn|2\n|\n|t:|1701128061\n|switch|p2b: Rillaboom|Rillaboom, L50, F|100\/100\n|-fieldstart|move: Grassy Terrain|[from] ability: Grassy Surge|[of] p2b: Rillaboom\n|move|p2a: Roaring Moon|Protect|p2a: Roaring Moon\n|-singleturn|p2a: Roaring Moon|Protect\n|move|p1a: Empoleon|Air Slash|p2a: Roaring Moon\n|-activate|p2a: Roaring Moon|move: Protect\n|move|p1b: Iron Hands|Drain Punch|p2a: Roaring Moon\n|-activate|p2a: Roaring Moon|move: Protect\n|\n|upkeep\n|turn|3\n|\n|t:|1701128074\n|-terastallize|p1a: Empoleon|Flying\n|move|p2b: Rillaboom|Fake Out|p1b: Iron Hands\n|-damage|p1b: Iron Hands|91\/100\n|move|p2a: Roaring Moon|Knock Off|p1a: Empoleon\n|-damage|p1a: Empoleon|68\/100\n|-enditem|p1a: Empoleon|Leftovers|[from] move: Knock Off|[of] p2a: Roaring Moon\n|move|p1a: Empoleon|Air Slash|p2b: Rillaboom\n|-supereffective|p2b: Rillaboom\n|-damage|p2b: Rillaboom|50\/100\n|cant|p1b: Iron Hands|flinch\n|\n|-heal|p2b: Rillaboom|57\/100|[from] Grassy Terrain\n|-heal|p1b: Iron Hands|97\/100|[from] Grassy Terrain\n|upkeep\n|turn|4\n|\n|t:|1701128090\n|move|p2a: Roaring Moon|Acrobatics|p1a: Empoleon\n|-damage|p1a: Empoleon|42\/100\n|move|p2b: Rillaboom|Wood Hammer|p1a: Empoleon\n|-resisted|p1a: Empoleon\n|-damage|p1a: Empoleon|3\/100\n|-damage|p2b: Rillaboom|45\/100|[from] Recoil\n|move|p1a: Empoleon|Air Slash|p2b: Rillaboom\n|-supereffective|p2b: Rillaboom\n|-damage|p2b: Rillaboom|0 fnt\n|faint|p2b: Rillaboom\n|move|p1b: Iron Hands|Drain Punch|p2a: Roaring Moon\n|-supereffective|p2a: Roaring Moon\n|-damage|p2a: Roaring Moon|0 fnt\n|-heal|p1b: Iron Hands|100\/100|[from] drain|[of] p2a: Roaring Moon\n|faint|p2a: Roaring Moon\n|-end|p2a: Roaring Moon|Protosynthesis|[silent]\n|\n|-sideend|p2: omnomapuss|move: Tailwind\n|upkeep\n|\n|t:|1701128095\n|switch|p2a: Gholdengo|Gholdengo, L50, tera:Steel|100\/100\n|switch|p2b: Ogerpon|Ogerpon-Hearthflame, L50, F|100\/100\n|-ability|p2b: Ogerpon|Mold Breaker\n|turn|5\n|\n|t:|1701128106\n|move|p1a: Empoleon|Protect|p1a: Empoleon\n|-singleturn|p1a: Empoleon|Protect\n|move|p2b: Ogerpon|Grassy Glide|p1a: Empoleon\n|-activate|p1a: Empoleon|move: Protect\n|move|p2a: Gholdengo|Shadow Ball|p1b: Iron Hands\n|-damage|p1b: Iron Hands|68\/100\n|-unboost|p1b: Iron Hands|spd|1\n|move|p1b: Iron Hands|Drain Punch|p2a: Gholdengo\n|-supereffective|p2a: Gholdengo\n|-damage|p2a: Gholdengo|3\/100\n|-heal|p1b: Iron Hands|100\/100|[from] drain|[of] p2a: Gholdengo\n|\n|-heal|p2a: Gholdengo|9\/100|[from] Grassy Terrain\n|upkeep\n|turn|6\n|\n|t:|1701128125\n|move|p2b: Ogerpon|Grassy Glide|p1a: Empoleon\n|-resisted|p1a: Empoleon\n|-damage|p1a: Empoleon|0 fnt\n|faint|p1a: Empoleon\n|move|p2a: Gholdengo|Shadow Ball|p1b: Iron Hands\n|-damage|p1b: Iron Hands|52\/100\n|move|p1b: Iron Hands|Drain Punch|p2a: Gholdengo\n|-supereffective|p2a: Gholdengo\n|-damage|p2a: Gholdengo|0 fnt\n|-heal|p1b: Iron Hands|54\/100|[from] drain|[of] p2a: Gholdengo\n|faint|p2a: Gholdengo\n|\n|-heal|p1b: Iron Hands|60\/100|[from] Grassy Terrain\n|-fieldend|move: Grassy Terrain\n|upkeep\n|turn|7\n|\n|t:|1701128139\n|move|p1b: Iron Hands|Fake Out||[still]\n|-hint|Fake Out only works on your first turn out.\n|-fail|p1b: Iron Hands\n|move|p2b: Ogerpon|Ivy Cudgel|p1b: Iron Hands|[anim] Ivy Cudgel Fire\n|-damage|p1b: Iron Hands|21\/100\n|\n|upkeep\n|turn|8\n|\n|t:|1701128148\n|move|p2b: Ogerpon|Ivy Cudgel|p1b: Iron Hands|[anim] Ivy Cudgel Fire\n|-damage|p1b: Iron Hands|0 fnt\n|faint|p1b: Iron Hands\n|-end|p1b: Iron Hands|Quark Drive|[silent]\n|\n|win|omnomapuss\n|raw|KumpelXD's rating: 1323 &rarr; <strong>1302<\/strong><br \/>(-21 for losing)\n|raw|omnomapuss's rating: 1307 &rarr; <strong>1328<\/strong><br \/>(+21 for winning)\n|l|\u2606omnomapuss\n","uploadtime":1701128156,"views":5,"p1id":"kumpelxd","p2id":"omnomapuss","formatid":"gen9vgc2023regulatione","rating":1302,"private":0,"password":""}