{"id":"gen9vgc2023regulatione-1988765774","p1":"luzonvgc","p2":"GonzaTH","format":"[Gen 9] VGC 2023 Regulation E","log":"|j|\u2606luzonvgc\n|j|\u2606GonzaTH\n|n|\u2606luzonvgc|luzonvgc\n|n|\u2606GonzaTH|gonzath\n|html|View the match progress at <a href=\"\/game-bestof3-gen9vgc2023regulatione-1988763479\">game-bestof3-gen9vgc2023regulatione-1988763479<\/a>\n|t:|1699760311\n|gametype|doubles\n|player|p1|luzonvgc|lisia|\n|player|p2|GonzaTH|2|\n|teamsize|p1|6\n|teamsize|p2|6\n|gen|9\n|tier|[Gen 9] VGC 2023 Regulation E\n|rule|Species Clause: Limit one of each Pok\u00e9mon\n|rule|Item Clause: Limit one of each item\n|clearpoke\n|poke|p1|Dusclops, L50, M|\n|poke|p1|Ogerpon-Cornerstone, L50, F|\n|poke|p1|Chi-Yu, L50|\n|poke|p1|Iron Hands, L50|\n|poke|p1|Landorus-Therian, L50, M|\n|poke|p1|Ursaluna-Bloodmoon, L50, M|\n|poke|p2|Urshifu-*, L50, M|\n|poke|p2|Rillaboom, L50, F|\n|poke|p2|Farigiraf, L50, M|\n|poke|p2|Chien-Pao, L50|\n|poke|p2|Heatran, L50, F|\n|poke|p2|Dragonite, L50, F|\n|teampreview|4\nGonzaTH has agreed to open team sheets.\n|\n|t:|1699760333\n|start\n|switch|p1a: Dusclops|Dusclops, L50, M, shiny|100\/100\n|switch|p1b: Ogerpon|Ogerpon-Cornerstone, L50, F|100\/100\n|switch|p2a: Urshifu|Urshifu-Rapid-Strike, L50, M|100\/100\n|switch|p2b: Farigiraf|Farigiraf, L50, M|100\/100\n|-ability|p1a: Dusclops|Pressure\n|turn|1\n|\n|t:|1699760353\n|move|p2a: Urshifu|U-turn|p1b: Ogerpon\n|-supereffective|p1b: Ogerpon\n|-damage|p1b: Ogerpon|27\/100\n|\n|t:|1699760359\n|switch|p2a: Heatran|Heatran, L50, F|100\/100|[from] U-turn\n|move|p1b: Ogerpon|Power Whip|p2a: Heatran\n|-resisted|p2a: Heatran\n|-damage|p2a: Heatran|86\/100\n|move|p2b: Farigiraf|Trick Room|p2b: Farigiraf\n|-fieldstart|move: Trick Room|[of] p2b: Farigiraf\n|move|p1a: Dusclops|Trick Room|p1a: Dusclops\n|-fieldend|move: Trick Room\n|\n|upkeep\n|turn|2\n|\n|t:|1699760373\n|move|p1b: Ogerpon|Ivy Cudgel|p2a: Heatran\n|-damage|p2a: Heatran|34\/100\n|move|p2a: Heatran|Magma Storm|p1a: Dusclops|[miss]\n|-miss|p2a: Heatran|p1a: Dusclops\n|move|p2b: Farigiraf|Psychic|p1b: Ogerpon\n|-damage|p1b: Ogerpon|0 fnt\n|faint|p1b: Ogerpon\n|move|p1a: Dusclops|Trick Room|p1a: Dusclops\n|-fieldstart|move: Trick Room|[of] p1a: Dusclops\n|\n|upkeep\n|\n|t:|1699760382\n|switch|p1b: Ursaluna|Ursaluna-Bloodmoon, L50, M|100\/100\n|turn|3\n|\n|t:|1699760403\n|-terastallize|p1b: Ursaluna|Normal\n|move|p2b: Farigiraf|Helping Hand|p2a: Heatran\n|-singleturn|p2a: Heatran|Helping Hand|[of] p2b: Farigiraf\n|move|p1b: Ursaluna|Blood Moon|p2a: Heatran\n|-resisted|p2a: Heatran\n|-damage|p2a: Heatran|0 fnt\n|faint|p2a: Heatran\n|-damage|p1b: Ursaluna|91\/100|[from] item: Life Orb\n|move|p1a: Dusclops|Trick Room|p1a: Dusclops\n|-fieldend|move: Trick Room\n|\n|upkeep\n|\n|t:|1699760415\n|switch|p2a: Rillaboom|Rillaboom, L50, F|100\/100\n|-fieldstart|move: Grassy Terrain|[from] ability: Grassy Surge|[of] p2a: Rillaboom\n|turn|4\n|\n|t:|1699760430\n|switch|p1b: Landorus|Landorus-Therian, L50, M|100\/100\n|-ability|p1b: Landorus|Intimidate|boost\n|-unboost|p2a: Rillaboom|atk|1\n|-unboost|p2b: Farigiraf|atk|1\n|-terastallize|p2a: Rillaboom|Grass\n|move|p2b: Farigiraf|Helping Hand|p2a: Rillaboom\n|-singleturn|p2a: Rillaboom|Helping Hand|[of] p2b: Farigiraf\n|move|p2a: Rillaboom|Wood Hammer|p1a: Dusclops\n|-damage|p1a: Dusclops|27\/100\n|-damage|p2a: Rillaboom|83\/100|[from] Recoil\n|move|p1a: Dusclops|Will-O-Wisp|p2a: Rillaboom\n|-status|p2a: Rillaboom|brn\n|\n|-heal|p2a: Rillaboom|89\/100 brn|[from] Grassy Terrain\n|-heal|p1a: Dusclops|33\/100|[from] Grassy Terrain\n|-damage|p2a: Rillaboom|83\/100 brn|[from] brn\n|upkeep\n|turn|5\n|\n|t:|1699760463\n|switch|p2a: Urshifu|Urshifu-Rapid-Strike, L50, M|100\/100\n|move|p1b: Landorus|U-turn|p2a: Urshifu\n|-resisted|p2a: Urshifu\n|-damage|p2a: Urshifu|87\/100\n|\n|t:|1699760468\n|switch|p1b: Ursaluna|Ursaluna-Bloodmoon, L50, M, tera:Normal|91\/100|[from] U-turn\n|move|p2b: Farigiraf|Psychic|p1a: Dusclops\n|-damage|p1a: Dusclops|12\/100\n|move|p1a: Dusclops|Pain Split|p2b: Farigiraf\n|-sethp|p2b: Farigiraf|54\/100|[from] move: Pain Split|[silent]\n|-sethp|p1a: Dusclops|81\/100|[from] move: Pain Split\n|\n|-heal|p2a: Urshifu|93\/100|[from] Grassy Terrain\n|-heal|p2b: Farigiraf|60\/100|[from] Grassy Terrain\n|-heal|p1b: Ursaluna|97\/100|[from] Grassy Terrain\n|-heal|p1a: Dusclops|87\/100|[from] Grassy Terrain\n|upkeep\n|turn|6\n|\n|t:|1699760516\n|switch|p1b: Landorus|Landorus-Therian, L50, M|100\/100\n|-ability|p1b: Landorus|Intimidate|boost\n|-unboost|p2a: Urshifu|atk|1\n|-unboost|p2b: Farigiraf|atk|1\n|move|p2a: Urshifu|U-turn|p1b: Landorus\n|-resisted|p1b: Landorus\n|-damage|p1b: Landorus|91\/100\n|\n|t:|1699760522\n|switch|p2a: Rillaboom|Rillaboom, L50, F, tera:Grass|83\/100 brn|[from] U-turn\n|move|p2b: Farigiraf|Psychic|p1b: Landorus\n|-damage|p1b: Landorus|54\/100\n|-unboost|p1b: Landorus|spd|1\n|move|p1a: Dusclops|Trick Room|p1a: Dusclops\n|-fieldstart|move: Trick Room|[of] p1a: Dusclops\n|\n|-heal|p1a: Dusclops|93\/100|[from] Grassy Terrain\n|-heal|p2b: Farigiraf|66\/100|[from] Grassy Terrain\n|-heal|p2a: Rillaboom|89\/100 brn|[from] Grassy Terrain\n|-damage|p2a: Rillaboom|83\/100 brn|[from] brn\n|upkeep\n|turn|7\n|\n|t:|1699760546\n|move|p1a: Dusclops|Night Shade|p2a: Rillaboom\n|-damage|p2a: Rillaboom|59\/100 brn\n|move|p2a: Rillaboom|Wood Hammer|p1b: Landorus\n|-damage|p1b: Landorus|0 fnt\n|faint|p1b: Landorus\n|-damage|p2a: Rillaboom|43\/100 brn|[from] Recoil\n|move|p2b: Farigiraf|Trick Room|p2b: Farigiraf\n|-fieldend|move: Trick Room\n|\n|-heal|p2a: Rillaboom|49\/100 brn|[from] Grassy Terrain\n|-heal|p2b: Farigiraf|72\/100|[from] Grassy Terrain\n|-heal|p1a: Dusclops|99\/100|[from] Grassy Terrain\n|-damage|p2a: Rillaboom|43\/100 brn|[from] brn\n|upkeep\n|\n|t:|1699760554\n|switch|p1b: Ursaluna|Ursaluna-Bloodmoon, L50, M, tera:Normal|97\/100\n|turn|8\n|\n|t:|1699760572\n|switch|p2a: Urshifu|Urshifu-Rapid-Strike, L50, M|93\/100\n|move|p1b: Ursaluna|Protect|p1b: Ursaluna\n|-singleturn|p1b: Ursaluna|Protect\n|move|p2b: Farigiraf|Trick Room|p2b: Farigiraf\n|-fieldstart|move: Trick Room|[of] p2b: Farigiraf\n|move|p1a: Dusclops|Trick Room|p1a: Dusclops\n|-fieldend|move: Trick Room\n|\n|-heal|p2a: Urshifu|99\/100|[from] Grassy Terrain\n|-heal|p2b: Farigiraf|78\/100|[from] Grassy Terrain\n|-heal|p1b: Ursaluna|100\/100|[from] Grassy Terrain\n|-heal|p1a: Dusclops|100\/100|[from] Grassy Terrain\n|-fieldend|move: Grassy Terrain\n|upkeep\n|turn|9\n|\n|t:|1699760589\n|move|p2b: Farigiraf|Helping Hand|p2a: Urshifu\n|-singleturn|p2a: Urshifu|Helping Hand|[of] p2b: Farigiraf\n|move|p2a: Urshifu|Close Combat|p1b: Ursaluna\n|-supereffective|p1b: Ursaluna\n|-crit|p1b: Ursaluna\n|-damage|p1b: Ursaluna|0 fnt\n|-unboost|p2a: Urshifu|def|1\n|-unboost|p2a: Urshifu|spd|1\n|faint|p1b: Ursaluna\n|move|p1a: Dusclops|Trick Room|p1a: Dusclops\n|-fieldstart|move: Trick Room|[of] p1a: Dusclops\n|\n|upkeep\n|turn|10\n|\n|t:|1699760602\n|switch|p2a: Rillaboom|Rillaboom, L50, F, tera:Grass|43\/100 brn\n|-fieldstart|move: Grassy Terrain|[from] ability: Grassy Surge|[of] p2a: Rillaboom\n|move|p1a: Dusclops|Will-O-Wisp|p2a: Rillaboom|[miss]\n|-miss|p1a: Dusclops|p2a: Rillaboom\n|move|p2b: Farigiraf|Psychic|p1a: Dusclops\n|-damage|p1a: Dusclops|81\/100\n|\n|-heal|p1a: Dusclops|88\/100|[from] Grassy Terrain\n|-heal|p2b: Farigiraf|84\/100|[from] Grassy Terrain\n|-heal|p2a: Rillaboom|49\/100 brn|[from] Grassy Terrain\n|-damage|p2a: Rillaboom|43\/100 brn|[from] brn\n|upkeep\n|turn|11\n|\n|t:|1699760619\n|move|p2a: Rillaboom|Grassy Glide|p1a: Dusclops\n|-damage|p1a: Dusclops|73\/100\n|move|p1a: Dusclops|Night Shade|p2a: Rillaboom\n|-damage|p2a: Rillaboom|19\/100 brn\n|move|p2b: Farigiraf|Trick Room|p2b: Farigiraf\n|-fieldend|move: Trick Room\n|\n|-heal|p2a: Rillaboom|24\/100 brn|[from] Grassy Terrain\n|-heal|p2b: Farigiraf|90\/100|[from] Grassy Terrain\n|-heal|p1a: Dusclops|79\/100|[from] Grassy Terrain\n|-damage|p2a: Rillaboom|19\/100 brn|[from] brn\n|upkeep\n|turn|12\n|\n|t:|1699760636\n|move|p2a: Rillaboom|Wood Hammer|p1a: Dusclops\n|-damage|p1a: Dusclops|48\/100\n|-damage|p2a: Rillaboom|11\/100 brn|[from] Recoil\n|move|p2b: Farigiraf|Psychic|p1a: Dusclops\n|-damage|p1a: Dusclops|28\/100\n|move|p1a: Dusclops|Trick Room|p1a: Dusclops\n|-fieldstart|move: Trick Room|[of] p1a: Dusclops\n|\n|-heal|p1a: Dusclops|34\/100|[from] Grassy Terrain\n|-heal|p2b: Farigiraf|95\/100|[from] Grassy Terrain\n|-heal|p2a: Rillaboom|17\/100 brn|[from] Grassy Terrain\n|-damage|p2a: Rillaboom|11\/100 brn|[from] brn\n|upkeep\n|turn|13\n|\n|t:|1699760654\n|move|p2a: Rillaboom|Grassy Glide|p1a: Dusclops\n|-damage|p1a: Dusclops|18\/100\n|move|p1a: Dusclops|Pain Split|p2b: Farigiraf\n|-sethp|p2b: Farigiraf|54\/100|[from] move: Pain Split|[silent]\n|-sethp|p1a: Dusclops|80\/100|[from] move: Pain Split\n|move|p2b: Farigiraf|Psychic|p1a: Dusclops\n|-damage|p1a: Dusclops|60\/100\n|\n|-heal|p1a: Dusclops|66\/100|[from] Grassy Terrain\n|-heal|p2b: Farigiraf|60\/100|[from] Grassy Terrain\n|-heal|p2a: Rillaboom|17\/100 brn|[from] Grassy Terrain\n|-damage|p2a: Rillaboom|11\/100 brn|[from] brn\n|upkeep\n|turn|14\n|\n|t:|1699760676\n|move|p1a: Dusclops|Night Shade|p2a: Rillaboom\n|-damage|p2a: Rillaboom|0 fnt\n|faint|p2a: Rillaboom\n|move|p2b: Farigiraf|Psychic|p1a: Dusclops\n|-damage|p1a: Dusclops|47\/100\n|\n|-heal|p1a: Dusclops|53\/100|[from] Grassy Terrain\n|-heal|p2b: Farigiraf|65\/100|[from] Grassy Terrain\n|-fieldend|move: Grassy Terrain\n|upkeep\n|\n|t:|1699760683\n|switch|p2a: Urshifu|Urshifu-Rapid-Strike, L50, M|99\/100\n|turn|15\n|\n|t:|1699760689\n|move|p1a: Dusclops|Will-O-Wisp|p2a: Urshifu\n|-status|p2a: Urshifu|brn\n|move|p2b: Farigiraf|Psychic|p1a: Dusclops\n|-damage|p1a: Dusclops|30\/100\n|move|p2a: Urshifu|Surging Strikes|p1a: Dusclops\n|-crit|p1a: Dusclops\n|-damage|p1a: Dusclops|24\/100\n|-crit|p1a: Dusclops\n|-damage|p1a: Dusclops|18\/100\n|-crit|p1a: Dusclops\n|-damage|p1a: Dusclops|12\/100\n|-hitcount|p1a: Dusclops|3\n|\n|-damage|p2a: Urshifu|93\/100 brn|[from] brn\n|upkeep\n|turn|16\n|\n|t:|1699760703\n|move|p1a: Dusclops|Pain Split|p2a: Urshifu\n|-sethp|p2a: Urshifu|52\/100 brn|[from] move: Pain Split|[silent]\n|-sethp|p1a: Dusclops|63\/100|[from] move: Pain Split\n|move|p2b: Farigiraf|Psychic|p1a: Dusclops\n|-damage|p1a: Dusclops|41\/100\n|move|p2a: Urshifu|Surging Strikes|p1a: Dusclops\n|-crit|p1a: Dusclops\n|-damage|p1a: Dusclops|35\/100\n|-crit|p1a: Dusclops\n|-damage|p1a: Dusclops|29\/100\n|-crit|p1a: Dusclops\n|-damage|p1a: Dusclops|24\/100\n|-hitcount|p1a: Dusclops|3\n|\n|-damage|p2a: Urshifu|45\/100 brn|[from] brn\n|-fieldend|move: Trick Room\n|upkeep\n|turn|17\n|\n|t:|1699760739\n|move|p2a: Urshifu|Surging Strikes|p1a: Dusclops\n|-crit|p1a: Dusclops\n|-damage|p1a: Dusclops|18\/100\n|-crit|p1a: Dusclops\n|-damage|p1a: Dusclops|11\/100\n|-crit|p1a: Dusclops\n|-damage|p1a: Dusclops|6\/100\n|-hitcount|p1a: Dusclops|3\n|move|p2b: Farigiraf|Dazzling Gleam|p1a: Dusclops\n|-damage|p1a: Dusclops|0 fnt\n|faint|p1a: Dusclops\n|\n|win|GonzaTH\n|c|&|\/uhtml prompt-luzonvgc,luzonvgc is ready for game 3!\n|c|&|\/uhtml prompt-gonzath,GonzaTH is ready for game 3!\nBoth players are ready! Starting next match!\n","uploadtime":1699761167,"views":11,"p1id":"luzonvgc","p2id":"gonzath","formatid":"gen9vgc2023regulatione","rating":0,"private":0,"password":""}