{"id":"gen9vgc2023regulatione-1998991383","p1":"TortosVGC","p2":"arubato2910","format":"[Gen 9] VGC 2023 Regulation E","log":"|j|\u2606TortosVGC\n|j|\u2606arubato2910\n|n|\u2606TortosVGC|tortosvgc\n|n|\u2606arubato2910|arubato2910\n|html|View the match progress at <a href=\"\/game-bestof3-gen9vgc2023regulatione-1998991382\">game-bestof3-gen9vgc2023regulatione-1998991382<\/a>\n|t:|1701021510\n|gametype|doubles\n|player|p1|TortosVGC|266|\n|player|p2|arubato2910|101|\n|teamsize|p1|6\n|teamsize|p2|6\n|gen|9\n|tier|[Gen 9] VGC 2023 Regulation E\n|rule|Species Clause: Limit one of each Pok\u00e9mon\n|rule|Item Clause: Limit one of each item\n|clearpoke\n|poke|p1|Tornadus, L50, M|\n|poke|p1|Arcanine-Hisui, L50, M|\n|poke|p1|Iron Hands, L50|\n|poke|p1|Gholdengo, L50|\n|poke|p1|Urshifu-*, L50, M|\n|poke|p1|Ogerpon-Wellspring, L50, F|\n|poke|p2|Roaring Moon, L50|\n|poke|p2|Milotic, L50, F|\n|poke|p2|Ogerpon-Hearthflame, L50, F|\n|poke|p2|Iron Hands, L50|\n|poke|p2|Flutter Mane, L50|\n|poke|p2|Landorus-Therian, L50, M|\n|teampreview|4\nTortosVGC has agreed to open team sheets.\narubato2910 has agreed to open team sheets.\n|showteam|p1|Tornadus||CovertCloak|Prankster|BleakwindStorm,Tailwind,Taunt,RainDance|||M|||50|,,,,,Dragon]Arcanine-Hisui||ChoiceBand|Intimidate|FlareBlitz,RockSlide,ExtremeSpeed,TeraBlast|||M|||50|,,,,,Fairy]Iron Hands||AssaultVest|QuarkDrive|WildCharge,DrainPunch,HeavySlam,FakeOut||||||50|,,,,,Grass]Gholdengo||Leftovers|GoodasGold|MakeItRain,ShadowBall,NastyPlot,Protect||||||50|,,,,,Dragon]Urshifu-Rapid-Strike||ChoiceScarf|UnseenFist|SurgingStrikes,CloseCombat,AquaJet,Uturn|||M|||50|,,,,,Water]Ogerpon-Wellspring||WellspringMask|WaterAbsorb|IvyCudgel,PowerWhip,FollowMe,SpikyShield|||F|||50|,,,,,Water\n|showteam|p2|Roaring Moon||BoosterEnergy|Protosynthesis|Acrobatics,KnockOff,Tailwind,Protect||||||50|,,,,,Flying]Milotic||Leftovers|Competitive|Scald,Recover,Coil,Hypnosis|||F|||50|,,,,,Grass]Ogerpon-Hearthflame||HearthflameMask|MoldBreaker|IvyCudgel,HornLeech,Uturn,SpikyShield|||F|||50|,,,,,Fire]Iron Hands||AssaultVest|QuarkDrive|ThunderPunch,DrainPunch,HeavySlam,FakeOut||||||50|,,,,,Water]Flutter Mane||FocusSash|Protosynthesis|Moonblast,ShadowBall,DazzlingGleam,Protect||||||50|,,,,,Fairy]Landorus-Therian||ChoiceScarf|Intimidate|Earthquake,StompingTantrum,RockSlide,Uturn|||M|||50|,,,,,Water\n|\n|t:|1701021575\n|start\n|switch|p1a: Tornadus|Tornadus, L50, M, shiny|100\/100\n|switch|p1b: Ogerpon|Ogerpon-Wellspring, L50, F|100\/100\n|switch|p2a: Iron Hands|Iron Hands, L50|100\/100\n|switch|p2b: Milotic|Milotic, L50, F, shiny|100\/100\n|turn|1\n|\n|t:|1701021600\n|switch|p2b: Landorus|Landorus-Therian, L50, M, shiny|100\/100\n|-ability|p2b: Landorus|Intimidate|boost\n|-unboost|p1a: Tornadus|atk|1\n|-unboost|p1b: Ogerpon|atk|1\n|move|p1b: Ogerpon|Follow Me|p1b: Ogerpon\n|-singleturn|p1b: Ogerpon|move: Follow Me\n|move|p1a: Tornadus|Tailwind|p1a: Tornadus\n|-sidestart|p1: TortosVGC|move: Tailwind\n|move|p2a: Iron Hands|Thunder Punch|p1b: Ogerpon\n|-damage|p1b: Ogerpon|65\/100\n|\n|upkeep\n|turn|2\n|\n|t:|1701021626\n|move|p1a: Tornadus|Rain Dance|p1a: Tornadus\n|-weather|RainDance\n|move|p1b: Ogerpon|Ivy Cudgel|p2b: Landorus|[anim] Ivy Cudgel Water\n|-supereffective|p2b: Landorus\n|-damage|p2b: Landorus|0 fnt\n|faint|p2b: Landorus\n|move|p2a: Iron Hands|Thunder Punch|p1a: Tornadus\n|-supereffective|p1a: Tornadus\n|-damage|p1a: Tornadus|20\/100\n|\n|-weather|RainDance|[upkeep]\n|upkeep\n|\n|t:|1701021639\n|switch|p2b: Milotic|Milotic, L50, F, shiny|100\/100\n|turn|3\n|\n|t:|1701021651\n|-terastallize|p2b: Milotic|Grass\n|move|p1a: Tornadus|Taunt|p2b: Milotic\n|-start|p2b: Milotic|move: Taunt\n|move|p1b: Ogerpon|Ivy Cudgel|p2a: Iron Hands|[anim] Ivy Cudgel Water\n|-damage|p2a: Iron Hands|67\/100\n|cant|p2b: Milotic|move: Taunt|Coil\n|move|p2a: Iron Hands|Thunder Punch|p1a: Tornadus\n|-supereffective|p1a: Tornadus\n|-damage|p1a: Tornadus|0 fnt\n|faint|p1a: Tornadus\n|\n|-weather|RainDance|[upkeep]\n|upkeep\n|\n|t:|1701021665\n|switch|p1a: Gholdengo|Gholdengo, L50|100\/100\n|turn|4\n|\n|t:|1701021678\n|move|p1b: Ogerpon|Follow Me|p1b: Ogerpon\n|-singleturn|p1b: Ogerpon|move: Follow Me\n|move|p1a: Gholdengo|Nasty Plot|p1a: Gholdengo\n|-boost|p1a: Gholdengo|spa|2\n|move|p2b: Milotic|Scald|p1b: Ogerpon\n|-heal|p1b: Ogerpon|90\/100|[from] ability: Water Absorb|[of] p2b: Milotic\n|move|p2a: Iron Hands|Thunder Punch|p1b: Ogerpon\n|-damage|p1b: Ogerpon|51\/100\n|\n|-weather|RainDance|[upkeep]\n|-sideend|p1: TortosVGC|move: Tailwind\n|upkeep\n|turn|5\n|\n|t:|1701021717\n|switch|p2b: Flutter Mane|Flutter Mane, L50|100\/100\n|move|p1b: Ogerpon|Follow Me|p1b: Ogerpon\n|-singleturn|p1b: Ogerpon|move: Follow Me\n|move|p1a: Gholdengo|Make It Rain|p2a: Iron Hands|[spread] p2a,p2b\n|-resisted|p2a: Iron Hands\n|-supereffective|p2b: Flutter Mane\n|-damage|p2a: Iron Hands|46\/100\n|-enditem|p2b: Flutter Mane|Focus Sash\n|-damage|p2b: Flutter Mane|1\/100\n|-unboost|p1a: Gholdengo|spa|1\n|move|p2a: Iron Hands|Thunder Punch|p1b: Ogerpon\n|-damage|p1b: Ogerpon|15\/100\n|-status|p1b: Ogerpon|par\n|\n|-weather|RainDance|[upkeep]\n|upkeep\n|turn|6\n|\n|t:|1701021755\n|move|p2b: Flutter Mane|Protect|p2b: Flutter Mane\n|-singleturn|p2b: Flutter Mane|Protect\n|move|p1b: Ogerpon|Follow Me|p1b: Ogerpon\n|-singleturn|p1b: Ogerpon|move: Follow Me\n|move|p1a: Gholdengo|Make It Rain|p2a: Iron Hands|[spread] p2a\n|-activate|p2b: Flutter Mane|move: Protect\n|-resisted|p2a: Iron Hands\n|-damage|p2a: Iron Hands|31\/100\n|-unboost|p1a: Gholdengo|spa|1\n|move|p2a: Iron Hands|Drain Punch|p1b: Ogerpon\n|-damage|p1b: Ogerpon|0 fnt\n|-heal|p2a: Iron Hands|36\/100|[from] drain|[of] p1b: Ogerpon\n|faint|p1b: Ogerpon\n|\n|-weather|none\n|upkeep\n|\n|t:|1701021770\n|switch|p1b: Arcanine|Arcanine-Hisui, L50, M, shiny|100\/100\n|-ability|p1b: Arcanine|Intimidate|boost\n|-unboost|p2a: Iron Hands|atk|1\n|-unboost|p2b: Flutter Mane|atk|1\n|turn|7\n|\n|t:|1701021797\n|-terastallize|p1b: Arcanine|Fairy\n|move|p1a: Gholdengo|Protect|p1a: Gholdengo\n|-singleturn|p1a: Gholdengo|Protect\n|move|p2b: Flutter Mane|Shadow Ball|p1b: Arcanine\n|-damage|p1b: Arcanine|51\/100\n|move|p1b: Arcanine|Flare Blitz|p2b: Flutter Mane\n|-damage|p2b: Flutter Mane|0 fnt\n|faint|p2b: Flutter Mane\n|-end|p2b: Flutter Mane|Protosynthesis|[silent]\n|-damage|p1b: Arcanine|51\/100|[from] Recoil\n|move|p2a: Iron Hands|Drain Punch|p1b: Arcanine\n|-resisted|p1b: Arcanine\n|-damage|p1b: Arcanine|37\/100\n|-heal|p2a: Iron Hands|42\/100|[from] drain|[of] p1b: Arcanine\n|\n|upkeep\n|\n|t:|1701021812\n|switch|p2b: Milotic|Milotic, L50, F, shiny, tera:Grass|100\/100\n|turn|8\n|\n|t:|1701021823\n|move|p1b: Arcanine|Flare Blitz|p2b: Milotic\n|-supereffective|p2b: Milotic\n|-damage|p2b: Milotic|0 fnt\n|faint|p2b: Milotic\n|-damage|p1b: Arcanine|0 fnt|[from] Recoil\n|faint|p1b: Arcanine\n|move|p1a: Gholdengo|Nasty Plot|p1a: Gholdengo\n|-boost|p1a: Gholdengo|spa|2\n|move|p2a: Iron Hands|Heavy Slam|p1a: Gholdengo\n|-resisted|p1a: Gholdengo\n|-damage|p1a: Gholdengo|89\/100\n|\n|-heal|p1a: Gholdengo|95\/100|[from] item: Leftovers\n|upkeep\n|turn|9\n|\n|t:|1701021839\n|move|p1a: Gholdengo|Shadow Ball|p2a: Iron Hands\n|-damage|p2a: Iron Hands|3\/100\n|move|p2a: Iron Hands|Thunder Punch|p1a: Gholdengo\n|-damage|p1a: Gholdengo|74\/100\n|\n|-heal|p1a: Gholdengo|80\/100|[from] item: Leftovers\n|upkeep\n|turn|10\n|\n|t:|1701021847\n|move|p1a: Gholdengo|Shadow Ball|p2a: Iron Hands\n|-damage|p2a: Iron Hands|0 fnt\n|faint|p2a: Iron Hands\n|-end|p2a: Iron Hands|Quark Drive|[silent]\n|\n|win|TortosVGC\n|c|&|\/uhtml prompt-arubato2910,arubato2910 is ready for game 2!\n|c|&|\/uhtml prompt-tortosvgc,TortosVGC is ready for game 2!\nBoth players are ready! Starting next match!\n|l|\u2606arubato2910\n|l|\u2606TortosVGC\n|j|\u2606arubato2910\n|player|p2|arubato2910|101\n|l|\u2606arubato2910\n|player|p2|\n|j|\u2606arubato2910\n|player|p2|arubato2910|101\n","uploadtime":1701022756,"views":7,"p1id":"tortosvgc","p2id":"arubato2910","formatid":"gen9vgc2023regulatione","rating":0,"private":0,"password":""}