{"id":"gen9vgc2023regulatione-1994552614","p1":"GlennIsAFrog","p2":"Blakxify","format":"[Gen 9] VGC 2023 Regulation E","log":"|j|\u2606GlennIsAFrog\n|j|\u2606Blakxify\n|n|\u2606GlennIsAFrog|glennisafrog\n|n|\u2606Blakxify|blakxify\n|html|View the match progress at <a href=\"\/game-bestof3-gen9vgc2023regulatione-1994550883\">game-bestof3-gen9vgc2023regulatione-1994550883<\/a>\n|t:|1700458671\n|gametype|doubles\n|player|p1|GlennIsAFrog|2|\n|player|p2|Blakxify|101|\n|teamsize|p1|6\n|teamsize|p2|6\n|gen|9\n|tier|[Gen 9] VGC 2023 Regulation E\n|rule|Species Clause: Limit one of each Pok\u00e9mon\n|rule|Item Clause: Limit one of each item\n|clearpoke\n|poke|p1|Zapdos, L50|\n|poke|p1|Politoed, L50, F|\n|poke|p1|Drednaw, L50, M|\n|poke|p1|Goodra, L50, M|\n|poke|p1|Palafin, L50, F|\n|poke|p1|Tinkaton, L50, F|\n|poke|p2|Thundurus-Therian, L50, M|\n|poke|p2|Magneton, L50|\n|poke|p2|Riolu, L50, F|\n|poke|p2|Ogerpon-Hearthflame, L50, F|\n|poke|p2|Chien-Pao, L50|\n|poke|p2|Lycanroc-Dusk, L50, M|\n|teampreview|4\n|inactive|Battle timer is ON: inactive players will automatically lose when time's up. (requested by GlennIsAFrog)\nBlakxify rejected open team sheets.\n|c|\u2606GlennIsAFrog|glhf!\n|inactive|Blakxify has 60 seconds left.\n|\n|t:|1700458706\n|start\n|switch|p1a: Frog|Politoed, L50, F|100\/100\n|switch|p1b: Speedy|Drednaw, L50, M, shiny|100\/100\n|switch|p2a: Riolu|Riolu, L50, F|100\/100\n|switch|p2b: Magneton|Magneton, L50|100\/100\n|-item|p2b: Magneton|Air Balloon\n|-weather|RainDance|[from] ability: Drizzle|[of] p1a: Frog\n|turn|1\n|c|\u2606Blakxify|u 2\n|inactive|GlennIsAFrog has 30 seconds left.\n|inactive|Blakxify has 30 seconds left.\n|inactive|GlennIsAFrog has 20 seconds left.\n|\n|t:|1700458746\n|switch|p1b: Goobdra|Goodra, L50, M|100\/100\n|move|p1a: Frog|Protect|p1a: Frog\n|-singleturn|p1a: Frog|Protect\n|move|p2a: Riolu|Sunny Day|p2a: Riolu\n|-weather|SunnyDay\n|move|p2b: Magneton|Electroweb|p1b: Goobdra|[spread] p1b\n|-activate|p1a: Frog|move: Protect\n|-resisted|p1b: Goobdra\n|-damage|p1b: Goobdra|92\/100\n|-unboost|p1b: Goobdra|spe|1\n|\n|-weather|SunnyDay|[upkeep]\n|upkeep\n|turn|2\n|inactive|GlennIsAFrog has 30 seconds left.\n|inactive|Blakxify has 30 seconds left.\n|\n|t:|1700458773\n|switch|p2a: Lycanroc|Lycanroc-Dusk, L50, M|100\/100\n|move|p2b: Magneton|Protect|p2b: Magneton\n|-singleturn|p2b: Magneton|Protect\n|move|p1a: Frog|Weather Ball|p2b: Magneton\n|-activate|p2b: Magneton|move: Protect\n|move|p1b: Goobdra|Draco Meteor|p2a: Lycanroc\n|-damage|p2a: Lycanroc|0 fnt\n|-unboost|p1b: Goobdra|spa|2\n|faint|p2a: Lycanroc\n|\n|-weather|SunnyDay|[upkeep]\n|upkeep\n|\n|t:|1700458783\n|switch|p2a: Ogerpon|Ogerpon-Hearthflame, L50, F|100\/100\n|-ability|p2a: Ogerpon|Mold Breaker\n|turn|3\n|inactive|GlennIsAFrog has 30 seconds left.\n|\n|t:|1700458825\n|switch|p1a: Speedy|Drednaw, L50, M, shiny|100\/100\n|-terastallize|p2a: Ogerpon|Fire\n|detailschange|p2a: Ogerpon|Ogerpon-Hearthflame-Tera, L50, F, tera:Fire\n|-ability|p2a: Ogerpon|Embody Aspect (Hearthflame)|boost\n|-boost|p2a: Ogerpon|atk|1\n|move|p2a: Ogerpon|Play Rough|p1b: Goobdra\n|-supereffective|p1b: Goobdra\n|-damage|p1b: Goobdra|0 fnt\n|faint|p1b: Goobdra\n|move|p2b: Magneton|Electroweb|p1a: Speedy|[miss]\n|-miss|p2b: Magneton|p1a: Speedy\n|\n|-weather|SunnyDay|[upkeep]\n|upkeep\n|\n|t:|1700458838\n|switch|p1b: Frog|Politoed, L50, F|100\/100\n|-weather|RainDance|[from] ability: Drizzle|[of] p1b: Frog\n|turn|4\n|inactive|GlennIsAFrog has 30 seconds left.\n|\n|t:|1700458872\n|switch|p2b: Riolu|Riolu, L50, F|100\/100\n|move|p1b: Frog|Helping Hand|p1a: Speedy\n|-singleturn|p1a: Speedy|Helping Hand|[of] p1b: Frog\n|move|p2a: Ogerpon|Protect|p2a: Ogerpon\n|-singleturn|p2a: Ogerpon|Protect\n|move|p1a: Speedy|Rock Slide|p2a: Ogerpon|[spread] p2b\n|-activate|p2a: Ogerpon|move: Protect\n|-resisted|p2b: Riolu\n|-damage|p2b: Riolu|52\/100\n|\n|-weather|RainDance|[upkeep]\n|upkeep\n|turn|5\n|\n|t:|1700458892\n|-terastallize|p1a: Speedy|Fire\n|move|p1b: Frog|Helping Hand|p1a: Speedy\n|-singleturn|p1a: Speedy|Helping Hand|[of] p1b: Frog\n|move|p2b: Riolu|Sunny Day|p2b: Riolu\n|-weather|SunnyDay\n|move|p2a: Ogerpon|Play Rough|p1a: Speedy\n|-resisted|p1a: Speedy\n|-damage|p1a: Speedy|74\/100\n|move|p1a: Speedy|Rock Slide|p2a: Ogerpon|[spread] p2a,p2b\n|-supereffective|p2a: Ogerpon\n|-crit|p2a: Ogerpon\n|-resisted|p2b: Riolu\n|-damage|p2a: Ogerpon|0 fnt\n|-damage|p2b: Riolu|2\/100\n|faint|p2a: Ogerpon\n|\n|-weather|SunnyDay|[upkeep]\n|upkeep\n|\n|t:|1700458900\n|switch|p2a: Magneton|Magneton, L50|100\/100\n|-item|p2a: Magneton|Air Balloon\n|turn|6\n|\n|t:|1700458919\n|move|p2b: Riolu|Helping Hand|p2a: Magneton\n|-singleturn|p2a: Magneton|Helping Hand|[of] p2b: Riolu\n|move|p1a: Speedy|Liquidation|p2b: Riolu\n|-damage|p2b: Riolu|0 fnt\n|faint|p2b: Riolu\n|move|p2a: Magneton|Electroweb|p1b: Frog|[spread] p1a,p1b\n|-supereffective|p1b: Frog\n|-damage|p1a: Speedy|29\/100\n|-damage|p1b: Frog|40\/100\n|-unboost|p1a: Speedy|spe|1\n|-unboost|p1b: Frog|spe|1\n|move|p1b: Frog|Weather Ball|p2a: Magneton\n|-supereffective|p2a: Magneton\n|-damage|p2a: Magneton|0 fnt\n|-enditem|p2a: Magneton|Air Balloon\n|faint|p2a: Magneton\n|\n|win|GlennIsAFrog\n|c|\u2606GlennIsAFrog|gg!\n|c|\u2606Blakxify|gg\n|c|\u2606Blakxify|wpwp\n|c|\u2606Blakxify|thought i had you g1\n|c|\u2606GlennIsAFrog|sorry abt the hax\n|c|\u2606GlennIsAFrog|i got bailed out by the miss\n|c|\u2606Blakxify|shouldnt have moves that miss if i dont want to miss\n|c|\u2606GlennIsAFrog|you're saying that to the guy that won w rock slide lol\n","uploadtime":1700459066,"views":31,"p1id":"glennisafrog","p2id":"blakxify","formatid":"gen9vgc2023regulatione","rating":0,"private":0,"password":""}