{"id":"gen9vgc2023regulatione-1990701393","p1":"ThiagoPrates23","p2":"atworkyolo13","format":"[Gen 9] VGC 2023 Regulation E","log":"|j|\u2606ThiagoPrates23\n|j|\u2606atworkyolo13\n|t:|1699993015\n|gametype|doubles\n|player|p1|ThiagoPrates23|lance|1481\n|player|p2|atworkyolo13|170|1464\n|teamsize|p1|6\n|teamsize|p2|6\n|gen|9\n|tier|[Gen 9] VGC 2023 Regulation E\n|rated|\n|rule|Species Clause: Limit one of each Pok\u00e9mon\n|rule|Item Clause: Limit one of each item\n|clearpoke\n|poke|p1|Dragonite, L50, M|\n|poke|p1|Chien-Pao, L50|\n|poke|p1|Urshifu-*, L50, M|\n|poke|p1|Tornadus, L50, M|\n|poke|p1|Flutter Mane, L50|\n|poke|p1|Chi-Yu, L50|\n|poke|p2|Oranguru, L50, M|\n|poke|p2|Arcanine-Hisui, L50, M|\n|poke|p2|Sinistcha-Masterpiece, L50|\n|poke|p2|Iron Hands, L50|\n|poke|p2|Ursaluna-Bloodmoon, L50, M|\n|poke|p2|Moltres-Galar, L50|\n|teampreview|4\n|inactive|Battle timer is ON: inactive players will automatically lose when time's up. (requested by atworkyolo13)\n|\n|t:|1699993040\n|start\n|switch|p1a: Tornadus|Tornadus, L50, M|100\/100\n|switch|p1b: Urshifu|Urshifu-Rapid-Strike, L50, M|100\/100\n|switch|p2a: Oranguru|Oranguru, L50, M|100\/100\n|switch|p2b: Iron Hands|Iron Hands, L50|100\/100\n|turn|1\n|\n|t:|1699993059\n|move|p1b: Urshifu|Detect|p1b: Urshifu\n|-singleturn|p1b: Urshifu|Protect\n|move|p2b: Iron Hands|Fake Out|p1b: Urshifu\n|-activate|p1b: Urshifu|move: Protect\n|move|p1a: Tornadus|Taunt|p2a: Oranguru\n|-start|p2a: Oranguru|move: Taunt\n|-enditem|p2a: Oranguru|Mental Herb\n|-end|p2a: Oranguru|move: Taunt\n|move|p2a: Oranguru|Trick Room|p2a: Oranguru\n|-fieldstart|move: Trick Room|[of] p2a: Oranguru\n|\n|upkeep\n|turn|2\n|inactive|ThiagoPrates23 has 30 seconds left.\n|\n|t:|1699993092\n|move|p1a: Tornadus|Rain Dance|p1a: Tornadus\n|-weather|RainDance\n|move|p2b: Iron Hands|Wild Charge|p1b: Urshifu\n|-supereffective|p1b: Urshifu\n|-damage|p1b: Urshifu|10\/100\n|-damage|p2b: Iron Hands|82\/100|[from] Recoil\n|move|p2a: Oranguru|Instruct|p2b: Iron Hands\n|-singleturn|p2b: Iron Hands|move: Instruct|[of] p2a: Oranguru\n|move|p2b: Iron Hands|Wild Charge|p1b: Urshifu\n|-supereffective|p1b: Urshifu\n|-damage|p1b: Urshifu|0 fnt\n|faint|p1b: Urshifu\n|-damage|p2b: Iron Hands|80\/100|[from] Recoil\n|\n|-weather|RainDance|[upkeep]\n|upkeep\n|\n|t:|1699993106\n|switch|p1b: Dragonite|Dragonite, L50, M, shiny|100\/100\n|turn|3\n|\n|t:|1699993123\n|switch|p2a: Ursaluna|Ursaluna-Bloodmoon, L50, M|100\/100\n|switch|p1a: Chien-Pao|Chien-Pao, L50|100\/100\n|-ability|p1a: Chien-Pao|Sword of Ruin\n|-terastallize|p1b: Dragonite|Normal\n|move|p2b: Iron Hands|Wild Charge|p1a: Chien-Pao\n|-damage|p1a: Chien-Pao|25\/100\n|-damage|p2b: Iron Hands|67\/100|[from] Recoil\n|move|p1b: Dragonite|Stomping Tantrum|p2b: Iron Hands\n|-supereffective|p2b: Iron Hands\n|-damage|p2b: Iron Hands|0 fnt\n|faint|p2b: Iron Hands\n|-end|p2b: Iron Hands|Quark Drive|[silent]\n|\n|-weather|RainDance|[upkeep]\n|upkeep\n|\n|t:|1699993129\n|switch|p2b: Oranguru|Oranguru, L50, M|100\/100\n|turn|4\n|\n|t:|1699993145\n|switch|p1b: Tornadus|Tornadus, L50, M|100\/100\n|-terastallize|p2a: Ursaluna|Normal\n|move|p1a: Chien-Pao|Protect|p1a: Chien-Pao\n|-singleturn|p1a: Chien-Pao|Protect\n|move|p2a: Ursaluna|Hyper Voice|p1b: Tornadus|[spread] p1b\n|-activate|p1a: Chien-Pao|move: Protect\n|-damage|p1b: Tornadus|47\/100\n|-enditem|p2a: Ursaluna|Throat Spray\n|-boost|p2a: Ursaluna|spa|1|[from] item: Throat Spray\n|move|p2b: Oranguru|Instruct|p2a: Ursaluna\n|-singleturn|p2a: Ursaluna|move: Instruct|[of] p2b: Oranguru\n|move|p2a: Ursaluna|Hyper Voice|p1a: Chien-Pao|[spread] p1b\n|-activate|p1a: Chien-Pao|move: Protect\n|-damage|p1b: Tornadus|0 fnt\n|faint|p1b: Tornadus\n|\n|-weather|RainDance|[upkeep]\n|upkeep\n|\n|t:|1699993162\n|switch|p1b: Dragonite|Dragonite, L50, M, shiny, tera:Normal|100\/100\n|turn|5\n|\n|t:|1699993171\n|move|p1b: Dragonite|Extreme Speed|p2a: Ursaluna\n|-damage|p2a: Ursaluna|38\/100\n|move|p1a: Chien-Pao|Sucker Punch|p2a: Ursaluna\n|-damage|p2a: Ursaluna|5\/100\n|move|p2a: Ursaluna|Hyper Voice|p1a: Chien-Pao|[spread] p1a,p1b\n|-damage|p1a: Chien-Pao|0 fnt\n|-damage|p1b: Dragonite|32\/100\n|faint|p1a: Chien-Pao\n|move|p2b: Oranguru|Encore|p1b: Dragonite\n|-start|p1b: Dragonite|Encore\n|\n|-weather|RainDance|[upkeep]\n|-fieldend|move: Trick Room\n|upkeep\n|turn|6\n|\n|t:|1699993192\n|switch|p2a: Sinistcha|Sinistcha-Masterpiece, L50|100\/100\n|move|p1b: Dragonite|Extreme Speed|p2a: Sinistcha\n|-immune|p2a: Sinistcha\n|move|p2b: Oranguru|Psyshock|p1b: Dragonite\n|-damage|p1b: Dragonite|9\/100\n|\n|-weather|none\n|upkeep\n|turn|7\n|\n|t:|1699993203\n|move|p1b: Dragonite|Extreme Speed|p2b: Oranguru\n|-damage|p2b: Oranguru|41\/100\n|move|p2a: Sinistcha|Matcha Gotcha|p1b: Dragonite\n|-damage|p1b: Dragonite|0 fnt\n|faint|p1b: Dragonite\n|\n|win|atworkyolo13\n|raw|ThiagoPrates23's rating: 1481 &rarr; <strong>1460<\/strong><br \/>(-21 for losing)\n|raw|atworkyolo13's rating: 1464 &rarr; <strong>1485<\/strong><br \/>(+21 for winning)\n","uploadtime":1699993209,"views":10,"p1id":"thiagoprates23","p2id":"atworkyolo13","formatid":"gen9vgc2023regulatione","rating":1460,"private":0,"password":""}