{"id":"gen9vgc2023regulatione-1992564387","p1":"MareeohYT","p2":"kidturtle","format":"[Gen 9] VGC 2023 Regulation E","log":"|j|\u2606MareeohYT\n|j|\u2606kidturtle\n|n|\u2606MareeohYT|mareeohyt\n|n|\u2606kidturtle|kidturtle\n|html|View the match progress at <a href=\"\/game-bestof3-gen9vgc2023regulatione-1992562257\">game-bestof3-gen9vgc2023regulatione-1992562257<\/a>\n|t:|1700206615\n|gametype|doubles\n|player|p1|MareeohYT|richboy-gen4|\n|player|p2|kidturtle|hoopster|\n|teamsize|p1|6\n|teamsize|p2|6\n|gen|9\n|tier|[Gen 9] VGC 2023 Regulation E\n|rated|Tournament battle\n|rule|Species Clause: Limit one of each Pok\u00e9mon\n|rule|Item Clause: Limit one of each item\n|clearpoke\n|poke|p1|Flutter Mane, L50|\n|poke|p1|Ogerpon-Wellspring, L50, F|\n|poke|p1|Iron Hands, L50|\n|poke|p1|Clefairy, L50, M|\n|poke|p1|Kingambit, L50, M|\n|poke|p1|Landorus-Therian, L50, M|\n|poke|p2|Ursaluna, L50, M|\n|poke|p2|Cresselia, L50, F|\n|poke|p2|Flutter Mane, L50|\n|poke|p2|Chi-Yu, L50|\n|poke|p2|Iron Hands, L50|\n|poke|p2|Urshifu-*, L50, M|\n|teampreview|4\n|showteam|p1|Flutter Mane||ChoiceSpecs|Protosynthesis|Moonblast,DazzlingGleam,ShadowBall,Psyshock||||||50|,,,,,Fairy]Ogerpon-Wellspring||WellspringMask|WaterAbsorb|FollowMe,IvyCudgel,HornLeech,SpikyShield|||F|||50|,,,,,Water]Iron Hands||AssaultVest|QuarkDrive|DrainPunch,WildCharge,FakeOut,HeavySlam||||||50|,,,,,Electric]Clefairy||Eviolite|FriendGuard|AfterYou,HelpingHand,FollowMe,Protect|||M|||50|,,,,,Grass]Kingambit||BlackGlasses|Defiant|KowtowCleave,SuckerPunch,SwordsDance,Protect|||M|||50|,,,,,Dark]Landorus-Therian||ChoiceScarf|Intimidate|TeraBlast,StompingTantrum,Uturn,RockSlide|||M|||50|,,,,,Flying\n|showteam|p2|Ursaluna||FlameOrb|Guts|Facade,Earthquake,SwordsDance,Protect|||M|||50|,,,,,Ghost]Cresselia||MentalHerb|Levitate|IceBeam,AllySwitch,LunarBlessing,TrickRoom|||F|||50|,,,,,Fairy]Flutter Mane||BoosterEnergy|Protosynthesis|IcyWind,ShadowBall,Moonblast,Protect||||||50|,,,,,Fairy]Chi-Yu||ChoiceSpecs|BeadsofRuin|BurningJealousy,DarkPulse,Overheat,Snarl||||||50|,,,,,Ghost]Iron Hands||SitrusBerry|QuarkDrive|DrainPunch,WildCharge,FakeOut,SwordsDance||||||50|,,,,,Fire]Urshifu||FocusSash|UnseenFist|Detect,WickedBlow,CloseCombat,SuckerPunch|||M|||50|,,,,,Dark\n|inactive|Battle timer is ON: inactive players will automatically lose when time's up. (requested by MareeohYT)\n|j| FatalEspresso\n|inactive|MareeohYT has 60 seconds left.\n|inactive|kidturtle has 60 seconds left.\n|inactive|kidturtle has 30 seconds left.\n|\n|t:|1700206698\n|start\n|switch|p1a: Flutter Mane|Flutter Mane, L50|100\/100\n|switch|p1b: Landorus|Landorus-Therian, L50, M|100\/100\n|switch|p2a: Flutter Mane|Flutter Mane, L50, shiny|100\/100\n|switch|p2b: Chi-Yu|Chi-Yu, L50|100\/100\n|-ability|p1b: Landorus|Intimidate|boost\n|-unboost|p2a: Flutter Mane|atk|1\n|-unboost|p2b: Chi-Yu|atk|1\n|-ability|p2b: Chi-Yu|Beads of Ruin\n|-enditem|p2a: Flutter Mane|Booster Energy\n|-activate|p2a: Flutter Mane|ability: Protosynthesis|[fromitem]\n|-start|p2a: Flutter Mane|protosynthesisspe\n|turn|1\n|inactive|MareeohYT has 30 seconds left.\n|inactive|MareeohYT has 20 seconds left.\n|\n|t:|1700206735\n|switch|p1b: Clefairy|Clefairy, L50, M|100\/100\n|-terastallize|p1a: Flutter Mane|Fairy\n|move|p2a: Flutter Mane|Icy Wind|p1a: Flutter Mane|[spread] p1a,p1b\n|-damage|p1a: Flutter Mane|87\/100\n|-damage|p1b: Clefairy|85\/100\n|-unboost|p1a: Flutter Mane|spe|1\n|-unboost|p1b: Clefairy|spe|1\n|move|p2b: Chi-Yu|Snarl|p1a: Flutter Mane|[spread] p1a,p1b\n|-resisted|p1a: Flutter Mane\n|-resisted|p1b: Clefairy\n|-damage|p1a: Flutter Mane|72\/100\n|-damage|p1b: Clefairy|68\/100\n|-unboost|p1a: Flutter Mane|spa|1\n|-unboost|p1b: Clefairy|spa|1\n|move|p1a: Flutter Mane|Moonblast|p2b: Chi-Yu\n|-damage|p2b: Chi-Yu|28\/100\n|\n|upkeep\n|turn|2\n|\n|t:|1700206763\n|move|p1b: Clefairy|Helping Hand|p1a: Flutter Mane\n|-singleturn|p1a: Flutter Mane|Helping Hand|[of] p1b: Clefairy\n|move|p2a: Flutter Mane|Moonblast|p1a: Flutter Mane\n|-damage|p1a: Flutter Mane|25\/100\n|-unboost|p1a: Flutter Mane|spa|1\n|move|p2b: Chi-Yu|Snarl|p1b: Clefairy|[spread] p1a,p1b\n|-resisted|p1a: Flutter Mane\n|-resisted|p1b: Clefairy\n|-damage|p1a: Flutter Mane|9\/100\n|-damage|p1b: Clefairy|50\/100\n|-unboost|p1a: Flutter Mane|spa|1\n|-unboost|p1b: Clefairy|spa|1\n|move|p1a: Flutter Mane|Moonblast|p2a: Flutter Mane\n|-damage|p2a: Flutter Mane|19\/100\n|\n|upkeep\n|turn|3\n|\n|t:|1700206773\n|-end|p1a: Flutter Mane|Protosynthesis|[silent]\n|switch|p1a: Kingambit|Kingambit, L50, M|100\/100\n|move|p1b: Clefairy|Protect|p1b: Clefairy\n|-singleturn|p1b: Clefairy|Protect\n|move|p2a: Flutter Mane|Moonblast|p1a: Kingambit\n|-damage|p1a: Kingambit|48\/100\n|move|p2b: Chi-Yu|Snarl|p1a: Kingambit|[spread] \n|-activate|p1b: Clefairy|move: Protect\n|-miss|p2b: Chi-Yu|p1a: Kingambit\n|\n|upkeep\n|turn|4\n|inactive|kidturtle has 30 seconds left.\n|inactive|kidturtle has 20 seconds left.\n|inactive|kidturtle has 15 seconds left.\n|\n|t:|1700206815\n|-end|p2a: Flutter Mane|Protosynthesis|[silent]\n|switch|p2a: Cresselia|Cresselia, L50, F|100\/100\n|switch|p2b: Ursaluna|Ursaluna, L50, M|100\/100\n|switch|p1b: Landorus|Landorus-Therian, L50, M|100\/100\n|-ability|p1b: Landorus|Intimidate|boost\n|-unboost|p2a: Cresselia|atk|1\n|-unboost|p2b: Ursaluna|atk|1\n|move|p1a: Kingambit|Sucker Punch||[still]\n|-fail|p1a: Kingambit\n|\n|-status|p2b: Ursaluna|brn|[from] item: Flame Orb\n|upkeep\n|turn|5\n|\n|t:|1700206830\n|-terastallize|p2a: Cresselia|Fairy\n|move|p1b: Landorus|U-turn|p2a: Cresselia\n|-resisted|p2a: Cresselia\n|-damage|p2a: Cresselia|93\/100\n|\n|t:|1700206835\n|switch|p1b: Clefairy|Clefairy, L50, M|50\/100|[from] U-turn\n|move|p1a: Kingambit|Swords Dance|p1a: Kingambit\n|-boost|p1a: Kingambit|atk|2\n|move|p2b: Ursaluna|Earthquake|p1a: Kingambit|[spread] p1a,p1b\n|-immune|p2a: Cresselia|[from] ability: Levitate\n|-supereffective|p1a: Kingambit\n|-crit|p1b: Clefairy\n|-damage|p1a: Kingambit|0 fnt\n|-damage|p1b: Clefairy|0 fnt\n|faint|p1a: Kingambit\n|faint|p1b: Clefairy\n|move|p2a: Cresselia|Trick Room|p2a: Cresselia\n|-fieldstart|move: Trick Room|[of] p2a: Cresselia\n|\n|-damage|p2b: Ursaluna|95\/100 brn|[from] brn\n|upkeep\n|\n|t:|1700206839\n|switch|p1b: Landorus|Landorus-Therian, L50, M|100\/100\n|switch|p1a: Flutter Mane|Flutter Mane, L50, tera:Fairy|9\/100\n|-ability|p1b: Landorus|Intimidate|boost\n|-unboost|p2a: Cresselia|atk|1\n|-unboost|p2b: Ursaluna|atk|1\n|turn|6\n|-message|MareeohYT forfeited.\n|\n|win|kidturtle\n|l|\u2606MareeohYT\n","uploadtime":1700206849,"views":15,"p1id":"mareeohyt","p2id":"kidturtle","formatid":"gen9vgc2023regulatione","rating":0,"private":0,"password":""}