{"id":"gen9vgc2023regulatione-1991287550","p1":"Krjzk","p2":"SmellYaLater69","format":"[Gen 9] VGC 2023 Regulation E","log":"|j|\u2606Krjzk\n|j|\u2606SmellYaLater69\n|t:|1700064495\n|gametype|doubles\n|player|p1|Krjzk|lance|1000\n|player|p2|SmellYaLater69|maid|1076\n|teamsize|p1|6\n|teamsize|p2|6\n|gen|9\n|tier|[Gen 9] VGC 2023 Regulation E\n|rated|\n|rule|Species Clause: Limit one of each Pok\u00e9mon\n|rule|Item Clause: Limit one of each item\n|clearpoke\n|poke|p1|Flutter Mane, L50|\n|poke|p1|Tornadus, L50, M|\n|poke|p1|Rillaboom, L50, M|\n|poke|p1|Garganacl, L50, M|\n|poke|p1|Arcanine-Hisui, L50, F|\n|poke|p1|Chien-Pao, L50|\n|poke|p2|Volcarona, L50, M|\n|poke|p2|Sinistcha, L50|\n|poke|p2|Kommo-o, L50, M|\n|poke|p2|Murkrow, L50, M|\n|poke|p2|Chien-Pao, L50|\n|poke|p2|Heatran, L50, F|\n|teampreview|4\n|inactive|Battle timer is ON: inactive players will automatically lose when time's up. (requested by Krjzk)\n|\n|t:|1700064553\n|start\n|switch|p1a: Tornadus|Tornadus, L50, M|100\/100\n|switch|p1b: Garganacl|Garganacl, L50, M|100\/100\n|switch|p2a: Murkrow|Murkrow, L50, M|100\/100\n|switch|p2b: Kommo-o|Kommo-o, L50, M, shiny|100\/100\n|turn|1\n|inactive|SmellYaLater69 has 30 seconds left.\n|\n|t:|1700064586\n|move|p1a: Tornadus|Taunt|p2b: Kommo-o\n|-start|p2b: Kommo-o|move: Taunt\n|move|p2a: Murkrow|Tailwind|p2a: Murkrow\n|-sidestart|p2: SmellYaLater69|move: Tailwind\n|cant|p2b: Kommo-o|move: Taunt|Clangorous Soul\n|move|p1b: Garganacl|Salt Cure|p2b: Kommo-o\n|-resisted|p2b: Kommo-o\n|-damage|p2b: Kommo-o|94\/100\n|-start|p2b: Kommo-o|Salt Cure\n|\n|-damage|p2b: Kommo-o|81\/100|[from] Salt Cure\n|upkeep\n|turn|2\n|\n|t:|1700064610\n|move|p1a: Tornadus|Tailwind|p1a: Tornadus\n|-sidestart|p1: Krjzk|move: Tailwind\n|move|p2b: Kommo-o|Flash Cannon|p1b: Garganacl\n|-supereffective|p1b: Garganacl\n|-damage|p1b: Garganacl|67\/100\n|move|p2a: Murkrow|Air Cutter|p1a: Tornadus|[spread] p1a,p1b\n|-resisted|p1b: Garganacl\n|-crit|p1b: Garganacl\n|-damage|p1a: Tornadus|89\/100\n|-damage|p1b: Garganacl|60\/100\n|move|p1b: Garganacl|Salt Cure|p2a: Murkrow\n|-supereffective|p2a: Murkrow\n|-damage|p2a: Murkrow|68\/100\n|-start|p2a: Murkrow|Salt Cure\n|\n|-damage|p2b: Kommo-o|69\/100|[from] Salt Cure\n|-damage|p2a: Murkrow|56\/100|[from] Salt Cure\n|upkeep\n|turn|3\n|\n|t:|1700064630\n|switch|p2b: Heatran|Heatran, L50, F|100\/100\n|switch|p2a: Sinistcha|Sinistcha, L50, shiny|100\/100\n|move|p1b: Garganacl|Protect|p1b: Garganacl\n|-singleturn|p1b: Garganacl|Protect\n|move|p1a: Tornadus|Bleakwind Storm|p2b: Heatran|[spread] p2a\n|-miss|p1a: Tornadus|p2b: Heatran\n|-supereffective|p2a: Sinistcha\n|-damage|p2a: Sinistcha|36\/100\n|-unboost|p2a: Sinistcha|spe|1\n|\n|upkeep\n|turn|4\n|inactive|SmellYaLater69 has 30 seconds left.\n|\n|t:|1700064660\n|switch|p2a: Murkrow|Murkrow, L50, M|56\/100\n|-terastallize|p1b: Garganacl|Ghost\n|move|p1a: Tornadus|Bleakwind Storm|p2a: Murkrow|[spread] p2a,p2b\n|-resisted|p2b: Heatran\n|-damage|p2a: Murkrow|24\/100\n|-damage|p2b: Heatran|87\/100\n|move|p2b: Heatran|Heat Wave|p1a: Tornadus|[spread] p1a\n|-miss|p2b: Heatran|p1b: Garganacl\n|-damage|p1a: Tornadus|54\/100\n|-damage|p2b: Heatran|77\/100|[from] item: Life Orb\n|move|p1b: Garganacl|Salt Cure|p2b: Heatran\n|-damage|p2b: Heatran|65\/100\n|-start|p2b: Heatran|Salt Cure\n|\n|-damage|p2b: Heatran|40\/100|[from] Salt Cure\n|-sideend|p2: SmellYaLater69|move: Tailwind\n|upkeep\n|turn|5\n|-message|SmellYaLater69 forfeited.\n|\n|win|Krjzk\n|raw|Krjzk's rating: 1000 &rarr; <strong>1049<\/strong><br \/>(+49 for winning)\n|raw|SmellYaLater69's rating: 1076 &rarr; <strong>1050<\/strong><br \/>(-26 for losing)\n|l|\u2606SmellYaLater69\n","uploadtime":1700064676,"views":8,"p1id":"krjzk","p2id":"smellyalater69","formatid":"gen9vgc2023regulatione","rating":1049,"private":0,"password":""}