{"id":"gen9vgc2023regulatione-1997759153","p1":"AndyLaVGC","p2":"CowTalesMoo","format":"[Gen 9] VGC 2023 Regulation E","log":"|j|\u2606AndyLaVGC\n|j|\u2606CowTalesMoo\n|t:|1700849632\n|gametype|doubles\n|player|p1|AndyLaVGC|2|1380\n|player|p2|CowTalesMoo|2|1459\n|teamsize|p1|6\n|teamsize|p2|6\n|gen|9\n|tier|[Gen 9] VGC 2023 Regulation E\n|rated|\n|rule|Species Clause: Limit one of each Pok\u00e9mon\n|rule|Item Clause: Limit one of each item\n|clearpoke\n|poke|p1|Regidrago, L50|\n|poke|p1|Armarouge, L50, F|\n|poke|p1|Indeedee-F, L50, F|\n|poke|p1|Ursaluna, L50, F|\n|poke|p1|Tornadus, L50, M|\n|poke|p1|Urshifu-*, L50, F|\n|poke|p2|Iron Hands, L50|\n|poke|p2|Landorus-Therian, L50, M|\n|poke|p2|Sinistcha, L50|\n|poke|p2|Grimmsnarl, L50, M|\n|poke|p2|Goodra-Hisui, L50, F|\n|poke|p2|Toxapex, L50, F|\n|teampreview|4\n|inactive|Battle timer is ON: inactive players will automatically lose when time's up. (requested by CowTalesMoo)\n|\n|t:|1700849671\n|start\n|switch|p1a: Indeedee|Indeedee-F, L50, F|100\/100\n|switch|p1b: Urshifu|Urshifu-Rapid-Strike, L50, F|100\/100\n|switch|p2a: Sinistcha|Sinistcha, L50|100\/100\n|switch|p2b: Landorus|Landorus-Therian, L50, M|100\/100\n|-ability|p2b: Landorus|Intimidate|boost\n|-unboost|p1a: Indeedee|atk|1\n|-unboost|p1b: Urshifu|atk|1\n|-fieldstart|move: Psychic Terrain|[from] ability: Psychic Surge|[of] p1a: Indeedee\n|turn|1\n|inactive|CowTalesMoo has 30 seconds left.\n|\n|t:|1700849699\n|move|p1a: Indeedee|Helping Hand|p1b: Urshifu\n|-singleturn|p1b: Urshifu|Helping Hand|[of] p1a: Indeedee\n|move|p2b: Landorus|Stomping Tantrum|p1a: Indeedee\n|-damage|p1a: Indeedee|58\/100\n|move|p1b: Urshifu|Surging Strikes|p2b: Landorus\n|-supereffective|p2b: Landorus\n|-crit|p2b: Landorus\n|-damage|p2b: Landorus|34\/100\n|-supereffective|p2b: Landorus\n|-crit|p2b: Landorus\n|-damage|p2b: Landorus|0 fnt\n|faint|p2b: Landorus\n|-hitcount|p2: Landorus|2\n|move|p2a: Sinistcha|Matcha Gotcha|p1b: Urshifu|[spread] p1a,p1b\n|-supereffective|p1b: Urshifu\n|-damage|p1a: Indeedee|34\/100\n|-damage|p1b: Urshifu|55\/100\n|\n|upkeep\n|\n|t:|1700849707\n|switch|p2b: Toxapex|Toxapex, L50, F|100\/100\n|turn|2\n|inactive|AndyLaVGC has 30 seconds left.\n|\n|t:|1700849741\n|move|p1a: Indeedee|Helping Hand|p1b: Urshifu\n|-singleturn|p1b: Urshifu|Helping Hand|[of] p1a: Indeedee\n|move|p2b: Toxapex|Baneful Bunker|p2b: Toxapex\n|-singleturn|p2b: Toxapex|move: Protect\n|move|p1b: Urshifu|Surging Strikes|p2b: Toxapex\n|-resisted|p2b: Toxapex\n|-crit|p2b: Toxapex\n|-damage|p2b: Toxapex|90\/100\n|-resisted|p2b: Toxapex\n|-crit|p2b: Toxapex\n|-damage|p2b: Toxapex|79\/100\n|-resisted|p2b: Toxapex\n|-crit|p2b: Toxapex\n|-damage|p2b: Toxapex|69\/100\n|-hitcount|p2b: Toxapex|3\n|move|p2a: Sinistcha|Matcha Gotcha|p1b: Urshifu|[spread] p1a,p1b\n|-supereffective|p1b: Urshifu\n|-damage|p1a: Indeedee|12\/100\n|-damage|p1b: Urshifu|12\/100\n|\n|upkeep\n|turn|3\n|inactive|CowTalesMoo has 30 seconds left.\n|\n|t:|1700849774\n|move|p1a: Indeedee|Helping Hand|p1b: Urshifu\n|-singleturn|p1b: Urshifu|Helping Hand|[of] p1a: Indeedee\n|move|p1b: Urshifu|Surging Strikes|p2b: Toxapex\n|-resisted|p2b: Toxapex\n|-crit|p2b: Toxapex\n|-damage|p2b: Toxapex|58\/100\n|-resisted|p2b: Toxapex\n|-crit|p2b: Toxapex\n|-damage|p2b: Toxapex|48\/100\n|-resisted|p2b: Toxapex\n|-crit|p2b: Toxapex\n|-damage|p2b: Toxapex|38\/100\n|-hitcount|p2b: Toxapex|3\n|move|p2a: Sinistcha|Matcha Gotcha|p1a: Indeedee|[spread] p1a,p1b\n|-crit|p1a: Indeedee\n|-supereffective|p1b: Urshifu\n|-damage|p1a: Indeedee|0 fnt\n|-damage|p1b: Urshifu|0 fnt\n|faint|p1a: Indeedee\n|faint|p1b: Urshifu\n|move|p2b: Toxapex|Substitute|p2b: Toxapex\n|-start|p2b: Toxapex|Substitute\n|-damage|p2b: Toxapex|13\/100\n|\n|upkeep\n|\n|t:|1700849780\n|switch|p1b: Regidrago|Regidrago, L50|100\/100\n|switch|p1a: Ursaluna|Ursaluna, L50, F|100\/100\n|turn|4\n|inactive|AndyLaVGC has 30 seconds left.\n|inactive|CowTalesMoo has 30 seconds left.\n|\n|t:|1700849815\n|switch|p2a: Goodra|Goodra-Hisui, L50, F|100\/100\n|-terastallize|p1b: Regidrago|Steel\n|move|p1b: Regidrago|Dragon Energy|p2a: Goodra|[spread] p2a,p2b\n|-end|p2b: Toxapex|Substitute\n|-damage|p2a: Goodra|37\/100\n|move|p2b: Toxapex|Recover|p2b: Toxapex\n|-heal|p2b: Toxapex|64\/100\n|move|p1a: Ursaluna|Ice Punch|p2a: Goodra\n|-damage|p2a: Goodra|18\/100\n|\n|-heal|p2a: Goodra|23\/100|[from] item: Leftovers\n|-status|p1a: Ursaluna|brn|[from] item: Flame Orb\n|upkeep\n|turn|5\n|inactive|CowTalesMoo has 30 seconds left.\n|inactive|CowTalesMoo has 20 seconds left.\n|inactive|CowTalesMoo has 15 seconds left.\n|\n|t:|1700849858\n|move|p2b: Toxapex|Baneful Bunker|p2b: Toxapex\n|-singleturn|p2b: Toxapex|move: Protect\n|move|p1b: Regidrago|Dragon Energy|p2a: Goodra|[spread] p2a\n|-activate|p2b: Toxapex|move: Protect\n|-damage|p2a: Goodra|0 fnt\n|faint|p2a: Goodra\n|move|p1a: Ursaluna|Headlong Rush|p2b: Toxapex\n|-activate|p2b: Toxapex|move: Protect\n|\n|-damage|p1a: Ursaluna|95\/100 brn|[from] brn\n|-fieldend|move: Psychic Terrain\n|upkeep\n|\n|t:|1700849861\n|switch|p2a: Sinistcha|Sinistcha, L50|100\/100\n|-heal|p2b: Toxapex|88\/100|[from] ability: Hospitality|[of] p2a: Sinistcha\n|turn|6\n|\n|t:|1700849869\n|move|p2a: Sinistcha|Rage Powder|p2a: Sinistcha\n|-singleturn|p2a: Sinistcha|move: Rage Powder\n|move|p1b: Regidrago|Dragon Energy|p2b: Toxapex|[spread] p2a,p2b\n|-damage|p2a: Sinistcha|11\/100\n|-damage|p2b: Toxapex|11\/100\n|-enditem|p2a: Sinistcha|Sitrus Berry|[eat]\n|-heal|p2a: Sinistcha|36\/100|[from] item: Sitrus Berry\n|move|p2b: Toxapex|Infestation|p1b: Regidrago\n|-resisted|p1b: Regidrago\n|-damage|p1b: Regidrago|99\/100\n|-activate|p1b: Regidrago|move: Infestation|[of] p2b: Toxapex\n|move|p1a: Ursaluna|Ice Punch|p2a: Sinistcha\n|-supereffective|p2a: Sinistcha\n|-damage|p2a: Sinistcha|0 fnt\n|faint|p2a: Sinistcha\n|\n|-damage|p1a: Ursaluna|89\/100 brn|[from] brn\n|-damage|p1b: Regidrago|83\/100|[from] move: Infestation|[partiallytrapped]\n|upkeep\n|turn|7\n|-message|CowTalesMoo forfeited.\n|\n|win|AndyLaVGC\n|raw|AndyLaVGC's rating: 1380 &rarr; <strong>1404<\/strong><br \/>(+24 for winning)\n|raw|CowTalesMoo's rating: 1459 &rarr; <strong>1435<\/strong><br \/>(-24 for losing)\n|l|\u2606CowTalesMoo\n","uploadtime":1700849901,"views":6,"p1id":"andylavgc","p2id":"cowtalesmoo","formatid":"gen9vgc2023regulatione","rating":1404,"private":0,"password":""}