{"id":"gen9vgc2023regulatione-1989398219","p1":"JeanRyuPR","p2":"Lab Gamer","format":"[Gen 9] VGC 2023 Regulation E","log":"|j|\u2606JeanRyuPR\n|j|\u2606Lab Gamer\n|n|\u2606JeanRyuPR|jeanryupr\n|n|\u2606Lab Gamer|labgamer\n|html|View the match progress at <a href=\"\/game-bestof3-gen9vgc2023regulatione-1989398218\">game-bestof3-gen9vgc2023regulatione-1989398218<\/a>\n|t:|1699845171\n|gametype|doubles\n|player|p1|JeanRyuPR|lance|\n|player|p2|Lab Gamer|roark|\n|teamsize|p1|6\n|teamsize|p2|6\n|gen|9\n|tier|[Gen 9] VGC 2023 Regulation E\n|rule|Species Clause: Limit one of each Pok\u00e9mon\n|rule|Item Clause: Limit one of each item\n|clearpoke\n|poke|p1|Ogerpon-Wellspring, L50, F|\n|poke|p1|Farigiraf, L50, F|\n|poke|p1|Roaring Moon, L50|\n|poke|p1|Landorus-Therian, L50, M|\n|poke|p1|Rillaboom, L50, F|\n|poke|p1|Heatran, L50, M|\n|poke|p2|Ogerpon-Wellspring, L50, F|\n|poke|p2|Rillaboom, L50, F|\n|poke|p2|Heatran, L50, M|\n|poke|p2|Kommo-o, L50, M|\n|poke|p2|Farigiraf, L50, F|\n|poke|p2|Landorus-Therian, L50, M|\n|teampreview|4\nJeanRyuPR has agreed to open team sheets.\nLab Gamer has agreed to open team sheets.\n|showteam|p1|Ogerpon-Wellspring||WellspringMask|WaterAbsorb|IvyCudgel,SpikyShield,HornLeech,SwordsDance|||F|||50|,,,,,Water]Farigiraf||SitrusBerry|ArmorTail|NastyPlot,HyperVoice,Imprison,TrickRoom|||F|||50|,,,,,Normal]Roaring Moon||BoosterEnergy|Protosynthesis|KnockOff,Tailwind,Protect,BreakingSwipe||||||50|,,,,,Poison]Landorus-Therian||ChoiceScarf|Intimidate|Uturn,RockSlide,TeraBlast,StompingTantrum|||M|||50|,,,,,Flying]Rillaboom||AssaultVest|GrassySurge|WoodHammer,FakeOut,Uturn,KnockOff|||F|||50|,,,,,Fire]Heatran||LifeOrb|FlashFire|HeatWave,FlashCannon,WillOWisp,Protect|||M|||50|,,,,,Fairy\n|showteam|p2|Ogerpon-Wellspring||WellspringMask|WaterAbsorb|IvyCudgel,HornLeech,FollowMe,SpikyShield|||F|||50|,,,,,Water]Rillaboom||AssaultVest|GrassySurge|GrassyGlide,Uturn,HighHorsepower,FakeOut|||F|||50|,,,,,Fire]Heatran||Leftovers|FlashFire|MagmaStorm,EarthPower,WillOWisp,Protect|||M|||50|,,,,,Fairy]Kommo-o||GrassySeed|Bulletproof|IronHead,BodyPress,IronDefense,Protect|||M|||50|,,,,,Steel]Farigiraf||SitrusBerry|ArmorTail|DazzlingGleam,Psychic,NastyPlot,TrickRoom|||F|||50|,,,,,Fairy]Landorus-Therian||ChoiceScarf|Intimidate|StompingTantrum,TeraBlast,RockSlide,Uturn|||M|||50|,,,,,Flying\n|\n|t:|1699845293\n|start\n|switch|p1a: Farigiraf|Farigiraf, L50, F|100\/100\n|switch|p1b: Landorus|Landorus-Therian, L50, M|100\/100\n|switch|p2a: Rillaboom|Rillaboom, L50, F|100\/100\n|switch|p2b: Landorus|Landorus-Therian, L50, M|100\/100\n|-ability|p2b: Landorus|Intimidate|boost\n|-unboost|p1a: Farigiraf|atk|1\n|-unboost|p1b: Landorus|atk|1\n|-ability|p1b: Landorus|Intimidate|boost\n|-unboost|p2a: Rillaboom|atk|1\n|-unboost|p2b: Landorus|atk|1\n|-fieldstart|move: Grassy Terrain|[from] ability: Grassy Surge|[of] p2a: Rillaboom\n|turn|1\n|\n|t:|1699845322\n|move|p2b: Landorus|U-turn|p1a: Farigiraf\n|-supereffective|p1a: Farigiraf\n|-crit|p1a: Farigiraf\n|-damage|p1a: Farigiraf|12\/100\n|-enditem|p1a: Farigiraf|Sitrus Berry|[eat]\n|-heal|p1a: Farigiraf|36\/100|[from] item: Sitrus Berry\n|\n|t:|1699845331\n|switch|p2b: Ogerpon|Ogerpon-Wellspring, L50, F|100\/100|[from] U-turn\n|move|p1b: Landorus|U-turn|p2a: Rillaboom\n|-supereffective|p2a: Rillaboom\n|-damage|p2a: Rillaboom|61\/100\n|\n|t:|1699845339\n|switch|p1b: Rillaboom|Rillaboom, L50, F|100\/100|[from] U-turn\n|move|p2a: Rillaboom|U-turn|p1a: Farigiraf\n|-supereffective|p1a: Farigiraf\n|-damage|p1a: Farigiraf|0 fnt\n|faint|p1a: Farigiraf\n|\n|t:|1699845357\n|switch|p2a: Landorus|Landorus-Therian, L50, M|100\/100|[from] U-turn\n|-ability|p2a: Landorus|Intimidate|boost\n|-unboost|p1b: Rillaboom|atk|1\n|\n|upkeep\n|\n|t:|1699845366\n|switch|p1a: Roaring Moon|Roaring Moon, L50|100\/100\n|-enditem|p1a: Roaring Moon|Booster Energy\n|-activate|p1a: Roaring Moon|ability: Protosynthesis|[fromitem]\n|-start|p1a: Roaring Moon|protosynthesisatk\n|turn|2\n|\n|t:|1699845397\n|move|p2b: Ogerpon|Spiky Shield|p2b: Ogerpon\n|-singleturn|p2b: Ogerpon|move: Protect\n|move|p1b: Rillaboom|Fake Out|p2a: Landorus\n|-damage|p2a: Landorus|90\/100\n|cant|p2a: Landorus|flinch\n|move|p1a: Roaring Moon|Breaking Swipe|p2b: Ogerpon|[spread] p2a\n|-activate|p2b: Ogerpon|move: Protect\n|-damage|p1a: Roaring Moon|88\/100|[from] Spiky Shield|[of] p2b: Ogerpon\n|-damage|p2a: Landorus|47\/100\n|-unboost|p2a: Landorus|atk|1\n|\n|-heal|p1a: Roaring Moon|94\/100|[from] Grassy Terrain\n|upkeep\n|turn|3\n|\n|t:|1699845432\n|switch|p1b: Landorus|Landorus-Therian, L50, M|100\/100\n|-ability|p1b: Landorus|Intimidate|boost\n|-unboost|p2a: Landorus|atk|1\n|-unboost|p2b: Ogerpon|atk|1\n|-terastallize|p2b: Ogerpon|Water\n|detailschange|p2b: Ogerpon|Ogerpon-Wellspring-Tera, L50, F, tera:Water\n|-ability|p2b: Ogerpon|Embody Aspect (Wellspring)|boost\n|-boost|p2b: Ogerpon|spd|1\n|move|p2b: Ogerpon|Follow Me|p2b: Ogerpon\n|-singleturn|p2b: Ogerpon|move: Follow Me\n|move|p2a: Landorus|U-turn|p1b: Landorus\n|-resisted|p1b: Landorus\n|-damage|p1b: Landorus|93\/100\n|\n|t:|1699845446\n|switch|p2a: Kommo-o|Kommo-o, L50, M|100\/100|[from] U-turn\n|-enditem|p2a: Kommo-o|Grassy Seed\n|-boost|p2a: Kommo-o|def|1|[from] item: Grassy Seed\n|move|p1a: Roaring Moon|Breaking Swipe|p2b: Ogerpon|[spread] p2a,p2b\n|-supereffective|p2a: Kommo-o\n|-damage|p2a: Kommo-o|70\/100\n|-damage|p2b: Ogerpon|63\/100\n|-unboost|p2a: Kommo-o|atk|1\n|-unboost|p2b: Ogerpon|atk|1\n|\n|-heal|p1a: Roaring Moon|100\/100|[from] Grassy Terrain\n|-heal|p2b: Ogerpon|69\/100|[from] Grassy Terrain\n|-heal|p2a: Kommo-o|76\/100|[from] Grassy Terrain\n|upkeep\n|turn|4\n|\n|t:|1699845466\n|move|p2b: Ogerpon|Follow Me|p2b: Ogerpon\n|-singleturn|p2b: Ogerpon|move: Follow Me\n|move|p1b: Landorus|Rock Slide|p2a: Kommo-o|[spread] p2a\n|-miss|p1b: Landorus|p2b: Ogerpon\n|-resisted|p2a: Kommo-o\n|-damage|p2a: Kommo-o|72\/100\n|move|p1a: Roaring Moon|Breaking Swipe|p2b: Ogerpon|[spread] p2a,p2b\n|-supereffective|p2a: Kommo-o\n|-damage|p2a: Kommo-o|41\/100\n|-damage|p2b: Ogerpon|32\/100\n|-unboost|p2a: Kommo-o|atk|1\n|-unboost|p2b: Ogerpon|atk|1\n|move|p2a: Kommo-o|Body Press|p1a: Roaring Moon\n|-supereffective|p1a: Roaring Moon\n|-damage|p1a: Roaring Moon|0 fnt\n|faint|p1a: Roaring Moon\n|-end|p1a: Roaring Moon|Protosynthesis|[silent]\n|\n|-heal|p2b: Ogerpon|38\/100|[from] Grassy Terrain\n|-heal|p2a: Kommo-o|47\/100|[from] Grassy Terrain\n|upkeep\n|\n|t:|1699845483\n|switch|p1a: Rillaboom|Rillaboom, L50, F|100\/100\n|turn|5\n|\n|t:|1699845498\n|move|p2b: Ogerpon|Spiky Shield|p2b: Ogerpon\n|-singleturn|p2b: Ogerpon|move: Protect\n|move|p2a: Kommo-o|Protect|p2a: Kommo-o\n|-singleturn|p2a: Kommo-o|Protect\n|move|p1b: Landorus|Rock Slide|p2a: Kommo-o|[spread] \n|-activate|p2a: Kommo-o|move: Protect\n|-activate|p2b: Ogerpon|move: Protect\n|move|p1a: Rillaboom|Wood Hammer|p2b: Ogerpon\n|-activate|p2b: Ogerpon|move: Protect\n|-damage|p1a: Rillaboom|88\/100|[from] Spiky Shield|[of] p2b: Ogerpon\n|\n|-heal|p2b: Ogerpon|44\/100|[from] Grassy Terrain\n|-heal|p1a: Rillaboom|94\/100|[from] Grassy Terrain\n|-heal|p2a: Kommo-o|54\/100|[from] Grassy Terrain\n|-fieldend|move: Grassy Terrain\n|upkeep\n|turn|6\n|\n|t:|1699845537\n|move|p2b: Ogerpon|Follow Me|p2b: Ogerpon\n|-singleturn|p2b: Ogerpon|move: Follow Me\n|move|p1b: Landorus|Rock Slide|p2b: Ogerpon|[spread] p2a,p2b\n|-resisted|p2a: Kommo-o\n|-damage|p2a: Kommo-o|49\/100\n|-damage|p2b: Ogerpon|17\/100\n|move|p1a: Rillaboom|Wood Hammer|p2b: Ogerpon\n|-supereffective|p2b: Ogerpon\n|-damage|p2b: Ogerpon|0 fnt\n|faint|p2b: Ogerpon\n|-damage|p1a: Rillaboom|89\/100|[from] Recoil\n|cant|p2a: Kommo-o|flinch\n|\n|upkeep\n|\n|t:|1699845553\n|switch|p2b: Landorus|Landorus-Therian, L50, M|47\/100\n|-ability|p2b: Landorus|Intimidate|boost\n|-unboost|p1a: Rillaboom|atk|1\n|-unboost|p1b: Landorus|atk|1\n|turn|7\n|\n|t:|1699845570\n|move|p2b: Landorus|U-turn|p1a: Rillaboom\n|-supereffective|p1a: Rillaboom\n|-damage|p1a: Rillaboom|35\/100\n|\n|t:|1699845576\n|switch|p2b: Rillaboom|Rillaboom, L50, F|61\/100|[from] U-turn\n|-fieldstart|move: Grassy Terrain|[from] ability: Grassy Surge|[of] p2b: Rillaboom\n|move|p1b: Landorus|Rock Slide|p2a: Kommo-o|[spread] p2a,p2b\n|-resisted|p2a: Kommo-o\n|-damage|p2a: Kommo-o|46\/100\n|-damage|p2b: Rillaboom|48\/100\n|move|p1a: Rillaboom|Wood Hammer|p2a: Kommo-o\n|-resisted|p2a: Kommo-o\n|-damage|p2a: Kommo-o|34\/100\n|-damage|p1a: Rillaboom|32\/100|[from] Recoil\n|cant|p2a: Kommo-o|flinch\n|\n|-heal|p2b: Rillaboom|54\/100|[from] Grassy Terrain\n|-heal|p1a: Rillaboom|38\/100|[from] Grassy Terrain\n|-heal|p2a: Kommo-o|41\/100|[from] Grassy Terrain\n|upkeep\n|turn|8\n|\n|t:|1699845620\n|move|p2b: Rillaboom|Grassy Glide|p1b: Landorus\n|-damage|p1b: Landorus|44\/100\n|move|p1b: Landorus|Rock Slide|p2a: Kommo-o|[spread] p2a,p2b\n|-resisted|p2a: Kommo-o\n|-damage|p2a: Kommo-o|38\/100\n|-damage|p2b: Rillaboom|38\/100\n|move|p1a: Rillaboom|U-turn|p2b: Rillaboom\n|-supereffective|p2b: Rillaboom\n|-damage|p2b: Rillaboom|6\/100\n|move|p2a: Kommo-o|Body Press|p1a: Rillaboom\n|-damage|p1a: Rillaboom|0 fnt\n|faint|p1a: Rillaboom\n|\n|-heal|p2b: Rillaboom|12\/100|[from] Grassy Terrain\n|-heal|p2a: Kommo-o|44\/100|[from] Grassy Terrain\n|upkeep\n|turn|9\n|\n|t:|1699845674\n|move|p2b: Rillaboom|Grassy Glide|p1b: Landorus\n|-damage|p1b: Landorus|0 fnt\n|faint|p1b: Landorus\n|\n|win|Lab Gamer\n|c|&|\/uhtml prompt-labgamer,Lab Gamer is ready for game 2!\n|c|&|\/uhtml prompt-jeanryupr,JeanRyuPR is ready for game 2!\nBoth players are ready! Starting next match!\n","uploadtime":1699846237,"views":8,"p1id":"jeanryupr","p2id":"labgamer","formatid":"gen9vgc2023regulatione","rating":0,"private":0,"password":""}