{"id":"gen9vgc2023regulatione-1990771858","p1":"wolfenite","p2":"Forrest02","format":"[Gen 9] VGC 2023 Regulation E","log":"|j|\u2606wolfenite\n|j|\u2606Forrest02\n|n|\u2606wolfenite|wolfenite\n|n|\u2606Forrest02|forrest02\n|html|View the match progress at <a href=\"\/game-bestof3-gen9vgc2023regulatione-1990767683\">game-bestof3-gen9vgc2023regulatione-1990767683<\/a>\n|t:|1699999328\n|gametype|doubles\n|player|p1|wolfenite|pokemonranger-gen4|\n|player|p2|Forrest02|wallace|\n|teamsize|p1|6\n|teamsize|p2|6\n|gen|9\n|tier|[Gen 9] VGC 2023 Regulation E\n|rule|Species Clause: Limit one of each Pok\u00e9mon\n|rule|Item Clause: Limit one of each item\n|clearpoke\n|poke|p1|Ogerpon, L50, F|\n|poke|p1|Garchomp, L50, F|\n|poke|p1|Rotom-Wash, L50|\n|poke|p1|Chien-Pao, L50|\n|poke|p1|Orthworm, L50, F|\n|poke|p1|Chandelure, L50, F|\n|poke|p2|Hariyama, L50, M|\n|poke|p2|Rillaboom, L50, M|\n|poke|p2|Milotic, L50, M|\n|poke|p2|Florges-Blue, L50, F|\n|poke|p2|Krookodile, L50, F|\n|poke|p2|Sneasler, L50, F|\n|teampreview|4\n|inactive|Battle timer is ON: inactive players will automatically lose when time's up. (requested by wolfenite)\n|j| JeromeMuskrat\n|inactive|wolfenite has 60 seconds left.\n|inactive|Forrest02 has 60 seconds left.\n|inactiveoff|Battle timer is now OFF.\n|c| JeromeMuskrat|LETS GO FORREST\n|c|\u2606wolfenite|in case we need one per game\n|c|\u2606wolfenite|https:\/\/pokepast.es\/f36d17f125e4f5f4\n|\n|t:|1699999388\n|start\n|switch|p1a: Ogerpon|Ogerpon, L50, F|100\/100\n|switch|p1b: Chien-Pao|Chien-Pao, L50|100\/100\n|switch|p2a: Hariyama|Hariyama, L50, M|100\/100\n|switch|p2b: Rillaboom|Rillaboom, L50, M|100\/100\n|-ability|p1b: Chien-Pao|Sword of Ruin\n|-fieldstart|move: Grassy Terrain|[from] ability: Grassy Surge|[of] p2b: Rillaboom\n|turn|1\n|\n|t:|1699999410\n|switch|p1a: Chandelure|Chandelure, L50, F|100\/100\n|move|p1b: Chien-Pao|Protect|p1b: Chien-Pao\n|-singleturn|p1b: Chien-Pao|Protect\n|move|p2b: Rillaboom|Fake Out|p1b: Chien-Pao\n|-activate|p1b: Chien-Pao|move: Protect\n|move|p2a: Hariyama|Drain Punch|p1b: Chien-Pao\n|-activate|p1b: Chien-Pao|move: Protect\n|\n|upkeep\n|turn|2\n|j| SleepySheepy22\n|c|\u2606Forrest02|https:\/\/pokepast.es\/e159438f71d5f278\n|\n|t:|1699999433\n|-terastallize|p1a: Chandelure|Grass\n|move|p2b: Rillaboom|Protect|p2b: Rillaboom\n|-singleturn|p2b: Rillaboom|Protect\n|move|p1b: Chien-Pao|Sucker Punch|p2a: Hariyama\n|-resisted|p2a: Hariyama\n|-damage|p2a: Hariyama|80\/100\n|move|p1a: Chandelure|Heat Wave|p2a: Hariyama|[spread] p2a\n|-activate|p2b: Rillaboom|move: Protect\n|-damage|p2a: Hariyama|66\/100\n|move|p2a: Hariyama|Knock Off|p1a: Chandelure\n|-damage|p1a: Chandelure|40\/100\n|-enditem|p1a: Chandelure|Choice Scarf|[from] move: Knock Off|[of] p2a: Hariyama\n|\n|-heal|p1a: Chandelure|46\/100|[from] Grassy Terrain\n|-heal|p2a: Hariyama|72\/100|[from] Grassy Terrain\n|upkeep\n|turn|3\n|\n|t:|1699999460\n|switch|p2b: Milotic|Milotic, L50, M|100\/100\n|move|p1b: Chien-Pao|Sucker Punch||[still]\n|-fail|p1b: Chien-Pao\n|move|p1a: Chandelure|Heat Wave|p2b: Milotic|[spread] p2a,p2b\n|-resisted|p2b: Milotic\n|-damage|p2a: Hariyama|57\/100\n|-damage|p2b: Milotic|86\/100\n|move|p2a: Hariyama|Drain Punch|p1b: Chien-Pao\n|-supereffective|p1b: Chien-Pao\n|-enditem|p1b: Chien-Pao|Focus Sash\n|-damage|p1b: Chien-Pao|1\/100\n|-heal|p2a: Hariyama|90\/100|[from] drain|[of] p1b: Chien-Pao\n|\n|-heal|p1b: Chien-Pao|7\/100|[from] Grassy Terrain\n|-heal|p1a: Chandelure|52\/100|[from] Grassy Terrain\n|-heal|p2b: Milotic|92\/100|[from] Grassy Terrain\n|-heal|p2b: Milotic|98\/100|[from] item: Leftovers\n|-heal|p2a: Hariyama|96\/100|[from] Grassy Terrain\n|upkeep\n|turn|4\n|\n|t:|1699999492\n|move|p2a: Hariyama|Bullet Punch|p1b: Chien-Pao\n|-supereffective|p1b: Chien-Pao\n|-damage|p1b: Chien-Pao|0 fnt\n|faint|p1b: Chien-Pao\n|move|p1a: Chandelure|Energy Ball|p2b: Milotic\n|-supereffective|p2b: Milotic\n|-damage|p2b: Milotic|1\/100\n|-unboost|p2b: Milotic|spd|1\n|-ability|p2b: Milotic|Competitive|boost\n|-boost|p2b: Milotic|spa|2\n|move|p2b: Milotic|Ice Beam|p1a: Chandelure\n|-supereffective|p1a: Chandelure\n|-damage|p1a: Chandelure|0 fnt\n|faint|p1a: Chandelure\n|\n|-heal|p2b: Milotic|7\/100|[from] Grassy Terrain\n|-heal|p2b: Milotic|13\/100|[from] item: Leftovers\n|-heal|p2a: Hariyama|100\/100|[from] Grassy Terrain\n|upkeep\n|\n|t:|1699999503\n|switch|p1b: Garchomp|Garchomp, L50, F|100\/100\n|switch|p1a: Ogerpon|Ogerpon, L50, F|100\/100\n|turn|5\n|\n|t:|1699999531\n|move|p2b: Milotic|Helping Hand|p2a: Hariyama\n|-singleturn|p2a: Hariyama|Helping Hand|[of] p2b: Milotic\n|move|p1a: Ogerpon|Ivy Cudgel|p2b: Milotic\n|-supereffective|p2b: Milotic\n|-damage|p2b: Milotic|0 fnt\n|faint|p2b: Milotic\n|move|p1b: Garchomp|Rock Slide|p2a: Hariyama\n|-resisted|p2a: Hariyama\n|-damage|p2a: Hariyama|89\/100\n|move|p2a: Hariyama|Drain Punch|p1b: Garchomp\n|-damage|p1b: Garchomp|45\/100\n|-heal|p2a: Hariyama|100\/100|[from] drain|[of] p1b: Garchomp\n|-damage|p2a: Hariyama|88\/100|[from] ability: Rough Skin|[of] p1b: Garchomp\n|\n|-heal|p1b: Garchomp|51\/100|[from] Grassy Terrain\n|-heal|p2a: Hariyama|94\/100|[from] Grassy Terrain\n|-fieldend|move: Grassy Terrain\n|upkeep\n|\n|t:|1699999543\n|switch|p2b: Rillaboom|Rillaboom, L50, M|100\/100\n|-fieldstart|move: Grassy Terrain|[from] ability: Grassy Surge|[of] p2b: Rillaboom\n|turn|6\n|\n|t:|1699999550\n|move|p1b: Garchomp|Protect|p1b: Garchomp\n|-singleturn|p1b: Garchomp|Protect\n|move|p2b: Rillaboom|Fake Out|p1a: Ogerpon\n|-damage|p1a: Ogerpon|84\/100\n|cant|p1a: Ogerpon|flinch\n|move|p2a: Hariyama|Drain Punch|p1b: Garchomp\n|-activate|p1b: Garchomp|move: Protect\n|\n|-heal|p1a: Ogerpon|90\/100|[from] Grassy Terrain\n|-heal|p1b: Garchomp|57\/100|[from] Grassy Terrain\n|-heal|p2a: Hariyama|99\/100|[from] Grassy Terrain\n|upkeep\n|turn|7\n|\n|t:|1699999564\n|move|p2b: Rillaboom|Grassy Glide|p1b: Garchomp\n|-damage|p1b: Garchomp|9\/100\n|-damage|p2b: Rillaboom|88\/100|[from] ability: Rough Skin|[of] p1b: Garchomp\n|move|p2a: Hariyama|Bullet Punch|p1b: Garchomp\n|-damage|p1b: Garchomp|0 fnt\n|-damage|p2a: Hariyama|88\/100|[from] ability: Rough Skin|[of] p1b: Garchomp\n|faint|p1b: Garchomp\n|move|p1a: Ogerpon|Ivy Cudgel|p2a: Hariyama\n|-damage|p2a: Hariyama|15\/100\n|\n|-heal|p1a: Ogerpon|95\/100|[from] Grassy Terrain\n|-heal|p2b: Rillaboom|94\/100|[from] Grassy Terrain\n|-heal|p2a: Hariyama|21\/100|[from] Grassy Terrain\n|upkeep\n|turn|8\n|\n|t:|1699999582\n|move|p1a: Ogerpon|Ivy Cudgel|p2a: Hariyama\n|-damage|p2a: Hariyama|0 fnt\n|faint|p2a: Hariyama\n|move|p2b: Rillaboom|U-turn|p1a: Ogerpon\n|-supereffective|p1a: Ogerpon\n|-damage|p1a: Ogerpon|33\/100\n|\n|t:|1699999587\n|switch|p2b: Sneasler|Sneasler, L50, F|100\/100|[from] U-turn\n|-enditem|p2b: Sneasler|Grassy Seed\n|-boost|p2b: Sneasler|def|1|[from] item: Grassy Seed\n|\n|-heal|p1a: Ogerpon|39\/100|[from] Grassy Terrain\n|upkeep\n|\n|t:|1699999590\n|switch|p2a: Rillaboom|Rillaboom, L50, M|94\/100\n|turn|9\n|\n|t:|1699999596\n|move|p2a: Rillaboom|Fake Out|p1a: Ogerpon\n|-damage|p1a: Ogerpon|19\/100\n|move|p2b: Sneasler|Dire Claw|p1a: Ogerpon\n|-supereffective|p1a: Ogerpon\n|-damage|p1a: Ogerpon|0 fnt\n|faint|p1a: Ogerpon\n|\n|win|Forrest02\n|c|\u2606wolfenite|gg\n|c|\u2606Forrest02|ggwp\n","uploadtime":1699999602,"views":46,"p1id":"wolfenite","p2id":"forrest02","formatid":"gen9vgc2023regulatione","rating":0,"private":0,"password":""}