{"id":"gen9vgc2023regulatione-1988609241","p1":"diegodm2694","p2":"adivina adivinanza","format":"[Gen 9] VGC 2023 Regulation E","log":"|j|\u2606diegodm2694\n|j|\u2606adivina adivinanza\n|t:|1699741561\n|gametype|doubles\n|player|p1|diegodm2694|102|1422\n|player|p2|adivina adivinanza|169|1446\n|teamsize|p1|6\n|teamsize|p2|6\n|gen|9\n|tier|[Gen 9] VGC 2023 Regulation E\n|rated|\n|rule|Species Clause: Limit one of each Pok\u00e9mon\n|rule|Item Clause: Limit one of each item\n|clearpoke\n|poke|p1|Clefairy, L50, M|\n|poke|p1|Roaring Moon, L50|\n|poke|p1|Flutter Mane, L50|\n|poke|p1|Heatran, L50, M|\n|poke|p1|Ogerpon-Hearthflame, L50, F|\n|poke|p1|Urshifu-*, L50, M|\n|poke|p2|Tornadus, L50, M|\n|poke|p2|Urshifu-*, L50, F|\n|poke|p2|Rillaboom, L50, F|\n|poke|p2|Landorus-Therian, L50, M|\n|poke|p2|Gholdengo, L50|\n|poke|p2|Flutter Mane, L50|\n|teampreview|4\n|inactive|Battle timer is ON: inactive players will automatically lose when time's up. (requested by diegodm2694)\n|inactive|diegodm2694 has 60 seconds left.\n|\n|t:|1699741613\n|start\n|switch|p1a: Roaring Moon|Roaring Moon, L50|100\/100\n|switch|p1b: Clefairy|Clefairy, L50, M|100\/100\n|switch|p2a: Flutter Mane|Flutter Mane, L50|100\/100\n|switch|p2b: Rillaboom|Rillaboom, L50, F|100\/100\n|-fieldstart|move: Grassy Terrain|[from] ability: Grassy Surge|[of] p2b: Rillaboom\n|-enditem|p2a: Flutter Mane|Booster Energy\n|-activate|p2a: Flutter Mane|ability: Protosynthesis|[fromitem]\n|-start|p2a: Flutter Mane|protosynthesisspe\n|-enditem|p1a: Roaring Moon|Booster Energy\n|-activate|p1a: Roaring Moon|ability: Protosynthesis|[fromitem]\n|-start|p1a: Roaring Moon|protosynthesisspe\n|turn|1\n|\n|t:|1699741631\n|move|p1a: Roaring Moon|Protect|p1a: Roaring Moon\n|-singleturn|p1a: Roaring Moon|Protect\n|move|p2b: Rillaboom|Fake Out|p1a: Roaring Moon\n|-activate|p1a: Roaring Moon|move: Protect\n|move|p2a: Flutter Mane|Calm Mind|p2a: Flutter Mane\n|-boost|p2a: Flutter Mane|spa|1\n|-boost|p2a: Flutter Mane|spd|1\n|move|p1b: Clefairy|Encore|p2b: Rillaboom\n|-start|p2b: Rillaboom|Encore\n|\n|upkeep\n|turn|2\n|inactive|diegodm2694 has 30 seconds left.\n|\n|t:|1699741664\n|switch|p2b: Landorus|Landorus-Therian, L50, M|100\/100\n|-ability|p2b: Landorus|Intimidate|boost\n|-unboost|p1a: Roaring Moon|atk|1\n|-unboost|p1b: Clefairy|atk|1\n|-terastallize|p1a: Roaring Moon|Flying\n|move|p1b: Clefairy|Follow Me|p1b: Clefairy\n|-singleturn|p1b: Clefairy|move: Follow Me\n|move|p2a: Flutter Mane|Moonblast|p1b: Clefairy\n|-damage|p1b: Clefairy|39\/100\n|move|p1a: Roaring Moon|Tailwind|p1a: Roaring Moon\n|-sidestart|p1: diegodm2694|move: Tailwind\n|\n|-heal|p1b: Clefairy|45\/100|[from] Grassy Terrain\n|upkeep\n|turn|3\n|inactive|diegodm2694 has 30 seconds left.\n|inactive|diegodm2694 has 20 seconds left.\n|\n|t:|1699741701\n|move|p1a: Roaring Moon|Protect|p1a: Roaring Moon\n|-singleturn|p1a: Roaring Moon|Protect\n|move|p2a: Flutter Mane|Protect|p2a: Flutter Mane\n|-singleturn|p2a: Flutter Mane|Protect\n|move|p2b: Landorus|U-turn|p1a: Roaring Moon\n|-activate|p1a: Roaring Moon|move: Protect\n|move|p1b: Clefairy|Encore|p2a: Flutter Mane\n|-activate|p2a: Flutter Mane|move: Protect\n|\n|-heal|p1b: Clefairy|51\/100|[from] Grassy Terrain\n|upkeep\n|turn|4\n|\n|t:|1699741711\n|switch|p2b: Rillaboom|Rillaboom, L50, F|100\/100\n|move|p1b: Clefairy|Follow Me|p1b: Clefairy\n|-singleturn|p1b: Clefairy|move: Follow Me\n|move|p1a: Roaring Moon|Knock Off|p2b: Rillaboom\n|-damage|p2b: Rillaboom|70\/100\n|-enditem|p2b: Rillaboom|Assault Vest|[from] move: Knock Off|[of] p1a: Roaring Moon\n|move|p2a: Flutter Mane|Moonblast|p1b: Clefairy\n|-damage|p1b: Clefairy|0 fnt\n|faint|p1b: Clefairy\n|\n|-heal|p2b: Rillaboom|75\/100|[from] Grassy Terrain\n|upkeep\n|\n|t:|1699741727\n|switch|p1b: Ogerpon|Ogerpon-Hearthflame, L50, F|100\/100\n|-ability|p1b: Ogerpon|Mold Breaker\n|turn|5\n|\n|t:|1699741743\n|move|p1a: Roaring Moon|Protect|p1a: Roaring Moon\n|-singleturn|p1a: Roaring Moon|Protect\n|move|p1b: Ogerpon|Spiky Shield|p1b: Ogerpon\n|-singleturn|p1b: Ogerpon|move: Protect\n|move|p2a: Flutter Mane|Protect|p2a: Flutter Mane\n|-singleturn|p2a: Flutter Mane|Protect\n|move|p2b: Rillaboom|U-turn|p1b: Ogerpon\n|-activate|p1b: Ogerpon|move: Protect\n|-damage|p2b: Rillaboom|63\/100|[from] Spiky Shield|[of] p1b: Ogerpon\n|\n|-heal|p2b: Rillaboom|69\/100|[from] Grassy Terrain\n|-sideend|p1: diegodm2694|move: Tailwind\n|-fieldend|move: Grassy Terrain\n|upkeep\n|turn|6\n|\n|t:|1699741759\n|switch|p2b: Landorus|Landorus-Therian, L50, M|100\/100\n|-ability|p2b: Landorus|Intimidate|boost\n|-unboost|p1a: Roaring Moon|atk|1\n|-unboost|p1b: Ogerpon|atk|1\n|move|p2a: Flutter Mane|Moonblast|p1a: Roaring Moon\n|-damage|p1a: Roaring Moon|29\/100\n|move|p1a: Roaring Moon|Tailwind|p1a: Roaring Moon\n|-sidestart|p1: diegodm2694|move: Tailwind\n|move|p1b: Ogerpon|Ivy Cudgel|p2a: Flutter Mane\n|-damage|p2a: Flutter Mane|27\/100\n|\n|upkeep\n|turn|7\n|inactive|diegodm2694 has 30 seconds left.\n|inactive|diegodm2694 has 20 seconds left.\n|inactive|diegodm2694 has 15 seconds left.\n|\n|t:|1699741799\n|move|p1b: Ogerpon|Spiky Shield|p1b: Ogerpon\n|-singleturn|p1b: Ogerpon|move: Protect\n|move|p1a: Roaring Moon|Acrobatics|p2b: Landorus\n|-damage|p2b: Landorus|67\/100\n|move|p2a: Flutter Mane|Shadow Ball|p1b: Ogerpon\n|-activate|p1b: Ogerpon|move: Protect\n|move|p2b: Landorus|Rock Slide|p1b: Ogerpon|[spread] p1a\n|-activate|p1b: Ogerpon|move: Protect\n|-supereffective|p1a: Roaring Moon\n|-damage|p1a: Roaring Moon|0 fnt\n|faint|p1a: Roaring Moon\n|-end|p1a: Roaring Moon|Protosynthesis|[silent]\n|\n|upkeep\n|\n|t:|1699741809\n|switch|p1a: Flutter Mane|Flutter Mane, L50|100\/100\n|turn|8\n|\n|t:|1699741823\n|switch|p2b: Rillaboom|Rillaboom, L50, F|69\/100\n|-fieldstart|move: Grassy Terrain|[from] ability: Grassy Surge|[of] p2b: Rillaboom\n|move|p2a: Flutter Mane|Protect|p2a: Flutter Mane\n|-singleturn|p2a: Flutter Mane|Protect\n|move|p1a: Flutter Mane|Moonblast|p2b: Rillaboom\n|-damage|p2b: Rillaboom|0 fnt\n|faint|p2b: Rillaboom\n|move|p1b: Ogerpon|Ivy Cudgel|p2a: Flutter Mane\n|-activate|p2a: Flutter Mane|move: Protect\n|\n|-heal|p2a: Flutter Mane|33\/100|[from] Grassy Terrain\n|upkeep\n|\n|t:|1699741838\n|switch|p2b: Urshifu|Urshifu-Rapid-Strike, L50, F|100\/100\n|turn|9\n|inactive|diegodm2694 has 30 seconds left.\n|inactive|diegodm2694 has 20 seconds left.\n|inactive|diegodm2694 has 15 seconds left.\n|inactive|diegodm2694 has 10 seconds left.\n|inactive|diegodm2694 has 5 seconds left.\n|\n|t:|1699741888\n|move|p2b: Urshifu|Protect|p2b: Urshifu\n|-singleturn|p2b: Urshifu|Protect\n|move|p1a: Flutter Mane|Moonblast|p2b: Urshifu\n|-activate|p2b: Urshifu|move: Protect\n|move|p1b: Ogerpon|Ivy Cudgel|p2a: Flutter Mane\n|-damage|p2a: Flutter Mane|0 fnt\n|faint|p2a: Flutter Mane\n|-end|p2a: Flutter Mane|Protosynthesis|[silent]\n|\n|-sideend|p1: diegodm2694|move: Tailwind\n|upkeep\n|\n|t:|1699741896\n|switch|p2a: Landorus|Landorus-Therian, L50, M|67\/100\n|-ability|p2a: Landorus|Intimidate|boost\n|-unboost|p1a: Flutter Mane|atk|1\n|-unboost|p1b: Ogerpon|atk|1\n|turn|10\n|inactive|diegodm2694 has 30 seconds left.\n|\n|t:|1699741922\n|-terastallize|p2b: Urshifu|Water\n|move|p1b: Ogerpon|Grassy Glide|p2b: Urshifu\n|-supereffective|p2b: Urshifu\n|-damage|p2b: Urshifu|63\/100\n|move|p2a: Landorus|Rock Slide|p1b: Ogerpon|[spread] p1a,p1b\n|-supereffective|p1b: Ogerpon\n|-damage|p1a: Flutter Mane|50\/100\n|-damage|p1b: Ogerpon|44\/100\n|move|p1a: Flutter Mane|Moonblast|p2a: Landorus\n|-crit|p2a: Landorus\n|-damage|p2a: Landorus|0 fnt\n|faint|p2a: Landorus\n|move|p2b: Urshifu|Surging Strikes|p1a: Flutter Mane\n|-crit|p1a: Flutter Mane\n|-damage|p1a: Flutter Mane|0 fnt\n|faint|p1a: Flutter Mane\n|-end|p1a: Flutter Mane|Protosynthesis|[silent]\n|-hitcount|p1: Flutter Mane|1\n|\n|-heal|p1b: Ogerpon|50\/100|[from] Grassy Terrain\n|-heal|p2b: Urshifu|69\/100|[from] Grassy Terrain\n|upkeep\n|turn|11\n|\n|t:|1699741947\n|move|p2b: Urshifu|Protect|p2b: Urshifu\n|-singleturn|p2b: Urshifu|Protect\n|move|p1b: Ogerpon|Swords Dance|p1b: Ogerpon\n|-boost|p1b: Ogerpon|atk|2\n|\n|-heal|p1b: Ogerpon|55\/100|[from] Grassy Terrain\n|-heal|p2b: Urshifu|75\/100|[from] Grassy Terrain\n|upkeep\n|turn|12\n|\n|t:|1699741952\n|move|p1b: Ogerpon|Grassy Glide|p2b: Urshifu\n|-supereffective|p2b: Urshifu\n|-damage|p2b: Urshifu|0 fnt\n|faint|p2b: Urshifu\n|\n|win|diegodm2694\n|raw|diegodm2694's rating: 1422 &rarr; <strong>1443<\/strong><br \/>(+21 for winning)\n|raw|adivina adivinanza's rating: 1446 &rarr; <strong>1425<\/strong><br \/>(-21 for losing)\n|l|\u2606adivina adivinanza\n","uploadtime":1699741961,"views":11,"p1id":"diegodm2694","p2id":"adivinaadivinanza","formatid":"gen9vgc2023regulatione","rating":1425,"private":0,"password":""}