{"id":"gen9vgc2023regulatione-1987987876","p1":"Joojito","p2":"filthytrashgoblin","format":"[Gen 9] VGC 2023 Regulation E","log":"|j|\u2606Joojito\n|j|\u2606filthytrashgoblin\n|t:|1699656318\n|gametype|doubles\n|player|p1|Joojito|hilbert|1119\n|player|p2|filthytrashgoblin|ghetsis|1024\n|teamsize|p1|6\n|teamsize|p2|6\n|gen|9\n|tier|[Gen 9] VGC 2023 Regulation E\n|rated|\n|rule|Species Clause: Limit one of each Pok\u00e9mon\n|rule|Item Clause: Limit one of each item\n|clearpoke\n|poke|p1|Ceruledge, L50, F|\n|poke|p1|Sinistcha, L50|\n|poke|p1|Landorus-Therian, L50, M|\n|poke|p1|Kingambit, L50, M|\n|poke|p1|Ogerpon-Wellspring, L50, F|\n|poke|p1|Chien-Pao, L50|\n|poke|p2|Cresselia, L50, F|\n|poke|p2|Urshifu-*, L50, F|\n|poke|p2|Ogerpon-Hearthflame, L50, F|\n|poke|p2|Flutter Mane, L50|\n|poke|p2|Landorus-Therian, L50, M|\n|poke|p2|Heatran, L50, M|\n|teampreview|4\n|inactive|Battle timer is ON: inactive players will automatically lose when time's up. (requested by filthytrashgoblin)\nfilthytrashgoblin has agreed to open team sheets.\n|inactive|filthytrashgoblin has 60 seconds left.\nJoojito rejected open team sheets.\n|\n|t:|1699656364\n|start\n|switch|p1a: Chien-Pao|Chien-Pao, L50|100\/100\n|switch|p1b: Landorus|Landorus-Therian, L50, M|100\/100\n|switch|p2a: BEAR!!!|Urshifu, L50, F|100\/100\n|switch|p2b: floofadoof|Flutter Mane, L50|100\/100\n|-ability|p1b: Landorus|Intimidate|boost\n|-unboost|p2a: BEAR!!!|atk|1\n|-unboost|p2b: floofadoof|atk|1\n|-ability|p1a: Chien-Pao|Sword of Ruin\n|-enditem|p2b: floofadoof|Booster Energy\n|-activate|p2b: floofadoof|ability: Protosynthesis|[fromitem]\n|-start|p2b: floofadoof|protosynthesisspe\n|turn|1\n|inactive|Joojito has 30 seconds left.\n|inactive|filthytrashgoblin has 30 seconds left.\n|\n|t:|1699656395\n|switch|p1b: Ogerpon|Ogerpon-Wellspring, L50, F|100\/100\n|-terastallize|p1a: Chien-Pao|Poison\n|move|p2b: floofadoof|Protect|p2b: floofadoof\n|-singleturn|p2b: floofadoof|Protect\n|move|p2a: BEAR!!!|Sucker Punch||[still]\n|-fail|p2a: BEAR!!!\n|move|p1a: Chien-Pao|Ice Spinner|p2b: floofadoof\n|-activate|p2b: floofadoof|move: Protect\n|\n|upkeep\n|turn|2\n|inactive|filthytrashgoblin has 30 seconds left.\n|\n|t:|1699656422\n|move|p2b: floofadoof|Icy Wind|p1a: Chien-Pao|[spread] p1a,p1b\n|-damage|p1a: Chien-Pao|77\/100\n|-damage|p1b: Ogerpon|84\/100\n|-unboost|p1a: Chien-Pao|spe|1\n|-unboost|p1b: Ogerpon|spe|1\n|move|p2a: BEAR!!!|Wicked Blow|p1b: Ogerpon\n|-crit|p1b: Ogerpon\n|-damage|p1b: Ogerpon|0 fnt\n|faint|p1b: Ogerpon\n|move|p1a: Chien-Pao|Ice Spinner|p2b: floofadoof\n|-damage|p2b: floofadoof|0 fnt\n|faint|p2b: floofadoof\n|-end|p2b: floofadoof|Protosynthesis|[silent]\n|\n|upkeep\n|inactive|Joojito has 30 seconds left.\n|\n|t:|1699656450\n|switch|p2b: swoona|Cresselia, L50, F|100\/100\n|switch|p1b: Landorus|Landorus-Therian, L50, M|100\/100\n|-ability|p1b: Landorus|Intimidate|boost\n|-unboost|p2a: BEAR!!!|atk|1\n|-unboost|p2b: swoona|atk|1\n|turn|3\n|\n|t:|1699656474\n|move|p1b: Landorus|U-turn|p2b: swoona\n|-supereffective|p2b: swoona\n|-damage|p2b: swoona|65\/100\n|\n|t:|1699656477\n|switch|p1b: Sinistcha|Sinistcha, L50|100\/100|[from] U-turn\n|-heal|p1a: Chien-Pao|100\/100|[from] ability: Hospitality|[of] p1b: Sinistcha\n|move|p2a: BEAR!!!|Wicked Blow|p1a: Chien-Pao\n|-crit|p1a: Chien-Pao\n|-damage|p1a: Chien-Pao|4\/100\n|move|p1a: Chien-Pao|Ice Spinner|p2b: swoona\n|-damage|p2b: swoona|24\/100\n|move|p2b: swoona|Calm Mind|p2b: swoona\n|-boost|p2b: swoona|spa|1\n|-boost|p2b: swoona|spd|1\n|\n|upkeep\n|turn|4\n|inactive|Joojito has 30 seconds left.\n|\n|t:|1699656510\n|switch|p1b: Landorus|Landorus-Therian, L50, M|100\/100\n|-ability|p1b: Landorus|Intimidate|boost\n|-unboost|p2a: BEAR!!!|atk|1\n|-unboost|p2b: swoona|atk|1\n|move|p2a: BEAR!!!|Sucker Punch||[still]\n|-fail|p2a: BEAR!!!\n|move|p1a: Chien-Pao|Ice Spinner|p2b: swoona\n|-damage|p2b: swoona|0 fnt\n|faint|p2b: swoona\n|\n|upkeep\n|\n|t:|1699656519\n|switch|p2b: DOG|Landorus-Therian, L50, M|100\/100\n|-ability|p2b: DOG|Intimidate|boost\n|-unboost|p1a: Chien-Pao|atk|1\n|-unboost|p1b: Landorus|atk|1\n|turn|5\n|\n|t:|1699656540\n|move|p2a: BEAR!!!|Detect|p2a: BEAR!!!\n|-singleturn|p2a: BEAR!!!|Protect\n|move|p1b: Landorus|U-turn|p2a: BEAR!!!\n|-activate|p2a: BEAR!!!|move: Protect\n|move|p2b: DOG|Rock Slide|p1b: Landorus|[spread] p1a\n|-miss|p2b: DOG|p1b: Landorus\n|-damage|p1a: Chien-Pao|0 fnt\n|faint|p1a: Chien-Pao\n|\n|upkeep\n|\n|t:|1699656553\n|switch|p1a: Sinistcha|Sinistcha, L50|100\/100\n|turn|6\n|\n|t:|1699656571\n|move|p2a: BEAR!!!|Sucker Punch|p1a: Sinistcha\n|-supereffective|p1a: Sinistcha\n|-damage|p1a: Sinistcha|76\/100\n|move|p1b: Landorus|U-turn|p2b: DOG\n|-resisted|p2b: DOG\n|-damage|p2b: DOG|91\/100\n|move|p2b: DOG|Rock Slide|p1a: Sinistcha|[spread] p1a,p1b\n|-damage|p1a: Sinistcha|61\/100\n|-damage|p1b: Landorus|75\/100\n|cant|p1a: Sinistcha|flinch\n|\n|upkeep\n|turn|7\n|\n|t:|1699656586\n|move|p1b: Landorus|U-turn|p2a: BEAR!!!\n|-damage|p2a: BEAR!!!|81\/100\n|move|p2b: DOG|Rock Slide|p1b: Landorus|[spread] p1a,p1b\n|-damage|p1a: Sinistcha|47\/100\n|-damage|p1b: Landorus|50\/100\n|move|p2a: BEAR!!!|Wicked Blow|p1a: Sinistcha\n|-supereffective|p1a: Sinistcha\n|-crit|p1a: Sinistcha\n|-damage|p1a: Sinistcha|0 fnt\n|faint|p1a: Sinistcha\n|\n|upkeep\n|turn|8\n|c|\u2606Joojito|GG\n|\n|t:|1699656603\n|move|p1b: Landorus|U-turn|p2a: BEAR!!!\n|-damage|p2a: BEAR!!!|61\/100\n|move|p2b: DOG|Rock Slide|p1b: Landorus\n|-damage|p1b: Landorus|16\/100\n|move|p2a: BEAR!!!|Close Combat|p1b: Landorus\n|-resisted|p1b: Landorus\n|-damage|p1b: Landorus|0 fnt\n|-unboost|p2a: BEAR!!!|def|1\n|-unboost|p2a: BEAR!!!|spd|1\n|faint|p1b: Landorus\n|\n|win|filthytrashgoblin\n|raw|Joojito's rating: 1119 &rarr; <strong>1087<\/strong><br \/>(-32 for losing)\n|raw|filthytrashgoblin's rating: 1024 &rarr; <strong>1070<\/strong><br \/>(+46 for winning)\n|l|\u2606Joojito\n|c|\u2606filthytrashgoblin|yeah\n|c|\u2606filthytrashgoblin|gg\n","uploadtime":1699656619,"views":15,"p1id":"joojito","p2id":"filthytrashgoblin","formatid":"gen9vgc2023regulatione","rating":1070,"private":0,"password":""}