{"id":"gen9vgc2023regulatione-1996479923","p1":"Jop 35 in a row","p2":"A Wild Fidough","format":"[Gen 9] VGC 2023 Regulation E","log":"|j|\u2606Jop 35 in a row\n|j|\u2606A Wild Fidough\n|t:|1700686073\n|gametype|doubles\n|player|p1|Jop 35 in a row|lillie|1000\n|player|p2|A Wild Fidough|sabrina|1078\n|teamsize|p1|6\n|teamsize|p2|6\n|gen|9\n|tier|[Gen 9] VGC 2023 Regulation E\n|rated|\n|rule|Species Clause: Limit one of each Pok\u00e9mon\n|rule|Item Clause: Limit one of each item\n|clearpoke\n|poke|p1|Farigiraf, L50, M|\n|poke|p1|Landorus, L50, M|\n|poke|p1|Urshifu-*, L50, M|\n|poke|p1|Heatran, L50, M|\n|poke|p1|Iron Bundle, L50|\n|poke|p1|Rillaboom, L50, F|\n|poke|p2|Flutter Mane, L50|\n|poke|p2|Chi-Yu, L50|\n|poke|p2|Torkoal, L50, F|\n|poke|p2|Lilligant-Hisui, L50, F|\n|poke|p2|Mamoswine, L50, M|\n|poke|p2|Tornadus, L50, M|\n|teampreview|4\n|\n|t:|1700686110\n|start\n|switch|p1a: Iron Bundle|Iron Bundle, L50|100\/100\n|switch|p1b: Heatran|Heatran, L50, M|100\/100\n|switch|p2a: Flutter Mane|Flutter Mane, L50|100\/100\n|switch|p2b: Chi-Yu|Chi-Yu, L50|100\/100\n|-ability|p2b: Chi-Yu|Beads of Ruin\n|-enditem|p1a: Iron Bundle|Booster Energy\n|-activate|p1a: Iron Bundle|ability: Quark Drive|[fromitem]\n|-start|p1a: Iron Bundle|quarkdrivespe\n|turn|1\n|inactive|Battle timer is ON: inactive players will automatically lose when time's up. (requested by Jop 35 in a row)\n|inactive|A Wild Fidough has 60 seconds left.\n|\n|t:|1700686141\n|move|p1a: Iron Bundle|Icy Wind|p2b: Chi-Yu|[spread] p2a,p2b\n|-resisted|p2b: Chi-Yu\n|-damage|p2a: Flutter Mane|75\/100\n|-damage|p2b: Chi-Yu|91\/100\n|-unboost|p2a: Flutter Mane|spe|1\n|-unboost|p2b: Chi-Yu|spe|1\n|move|p2a: Flutter Mane|Shadow Ball|p1b: Heatran\n|-crit|p1b: Heatran\n|-damage|p1b: Heatran|55\/100\n|-unboost|p1b: Heatran|spd|1\n|move|p2b: Chi-Yu|Dark Pulse|p1b: Heatran\n|-damage|p1b: Heatran|0 fnt\n|faint|p1b: Heatran\n|\n|upkeep\n|\n|t:|1700686166\n|switch|p1b: Landorus|Landorus, L50, M|100\/100\n|turn|2\n|\n|t:|1700686185\n|switch|p2b: Tornadus|Tornadus, L50, M|100\/100\n|move|p2a: Flutter Mane|Protect|p2a: Flutter Mane\n|-singleturn|p2a: Flutter Mane|Protect\n|move|p1a: Iron Bundle|Icy Wind|p2b: Tornadus|[spread] p2b\n|-activate|p2a: Flutter Mane|move: Protect\n|-supereffective|p2b: Tornadus\n|-damage|p2b: Tornadus|71\/100\n|-unboost|p2b: Tornadus|spe|1\n|move|p1b: Landorus|Sandsear Storm|p2b: Tornadus|[spread] \n|-activate|p2a: Flutter Mane|move: Protect\n|-immune|p2b: Tornadus\n|\n|upkeep\n|turn|3\n|inactive|Jop 35 in a row has 30 seconds left.\n|\n|t:|1700686213\n|move|p2b: Tornadus|Sunny Day|p2b: Tornadus\n|-weather|SunnyDay\n|-activate|p2a: Flutter Mane|ability: Protosynthesis\n|-start|p2a: Flutter Mane|protosynthesisspa\n|move|p1a: Iron Bundle|Icy Wind|p2b: Tornadus|[spread] p2a,p2b\n|-supereffective|p2b: Tornadus\n|-damage|p2a: Flutter Mane|57\/100\n|-damage|p2b: Tornadus|46\/100\n|-unboost|p2a: Flutter Mane|spe|1\n|-unboost|p2b: Tornadus|spe|1\n|-enditem|p2b: Tornadus|Sitrus Berry|[eat]\n|-heal|p2b: Tornadus|70\/100|[from] item: Sitrus Berry\n|move|p1b: Landorus|Sludge Bomb|p2a: Flutter Mane\n|-damage|p2a: Flutter Mane|7\/100\n|move|p2a: Flutter Mane|Moonblast|p1b: Landorus\n|-damage|p1b: Landorus|15\/100\n|\n|-weather|SunnyDay|[upkeep]\n|upkeep\n|turn|4\n|inactive|A Wild Fidough has 30 seconds left.\n|inactive|A Wild Fidough has 20 seconds left.\n|\n|t:|1700686250\n|move|p2b: Tornadus|Tailwind|p2b: Tornadus\n|-sidestart|p2: A Wild Fidough|move: Tailwind\n|move|p1a: Iron Bundle|Icy Wind|p2b: Tornadus|[spread] p2a,p2b\n|-supereffective|p2b: Tornadus\n|-damage|p2a: Flutter Mane|0 fnt\n|-damage|p2b: Tornadus|45\/100\n|-unboost|p2b: Tornadus|spe|1\n|faint|p2a: Flutter Mane\n|-end|p2a: Flutter Mane|Protosynthesis|[silent]\n|move|p1b: Landorus|Sludge Bomb|p2b: Tornadus\n|-damage|p2b: Tornadus|6\/100\n|\n|-weather|SunnyDay|[upkeep]\n|upkeep\n|\n|t:|1700686262\n|switch|p2a: Chi-Yu|Chi-Yu, L50|91\/100\n|-ability|p2a: Chi-Yu|Beads of Ruin\n|turn|5\n|\n|t:|1700686286\n|move|p1b: Landorus|Protect|p1b: Landorus\n|-singleturn|p1b: Landorus|Protect\n|move|p2a: Chi-Yu|Heat Wave|p1a: Iron Bundle|[spread] \n|-activate|p1b: Landorus|move: Protect\n|-miss|p2a: Chi-Yu|p1a: Iron Bundle\n|move|p1a: Iron Bundle|Icy Wind|p2b: Tornadus|[spread] p2a,p2b\n|-resisted|p2a: Chi-Yu\n|-supereffective|p2b: Tornadus\n|-damage|p2a: Chi-Yu|82\/100\n|-damage|p2b: Tornadus|0 fnt\n|-unboost|p2a: Chi-Yu|spe|1\n|faint|p2b: Tornadus\n|\n|-weather|SunnyDay|[upkeep]\n|upkeep\n|\n|t:|1700686298\n|switch|p2b: Mamoswine|Mamoswine, L50, M|100\/100\n|turn|6\n|\n|t:|1700686318\n|move|p2b: Mamoswine|High Horsepower|p1a: Iron Bundle\n|-damage|p1a: Iron Bundle|28\/100\n|move|p1a: Iron Bundle|Icy Wind|p2a: Chi-Yu|[spread] p2a,p2b\n|-resisted|p2a: Chi-Yu\n|-damage|p2a: Chi-Yu|72\/100\n|-damage|p2b: Mamoswine|70\/100\n|-unboost|p2a: Chi-Yu|spe|1\n|-unboost|p2b: Mamoswine|spe|1\n|move|p2a: Chi-Yu|Heat Wave|p1a: Iron Bundle|[spread] p1a,p1b\n|-damage|p1a: Iron Bundle|0 fnt\n|-damage|p1b: Landorus|0 fnt\n|faint|p1a: Iron Bundle\n|-end|p1a: Iron Bundle|Quark Drive|[silent]\n|faint|p1b: Landorus\n|\n|-weather|SunnyDay|[upkeep]\n|upkeep\n|\n|t:|1700686329\n|switch|p1b: Urshifu|Urshifu, L50, M|100\/100\n|turn|7\n|\n|t:|1700686345\n|move|p1b: Urshifu|Detect|p1b: Urshifu\n|-singleturn|p1b: Urshifu|Protect\n|move|p2b: Mamoswine|High Horsepower|p1b: Urshifu\n|-activate|p1b: Urshifu|move: Protect\n|move|p2a: Chi-Yu|Heat Wave|p1b: Urshifu\n|-activate|p1b: Urshifu|move: Protect\n|\n|-weather|none\n|-sideend|p2: A Wild Fidough|move: Tailwind\n|upkeep\n|turn|8\n|\n|t:|1700686357\n|-terastallize|p1b: Urshifu|Dark\n|move|p1b: Urshifu|Wicked Blow|p2b: Mamoswine\n|-crit|p2b: Mamoswine\n|-damage|p2b: Mamoswine|0 fnt\n|faint|p2b: Mamoswine\n|move|p2a: Chi-Yu|Heat Wave|p1b: Urshifu\n|-enditem|p1b: Urshifu|Focus Sash\n|-damage|p1b: Urshifu|1\/100\n|\n|upkeep\n|turn|9\n|\n|t:|1700686373\n|move|p1b: Urshifu|Close Combat|p2a: Chi-Yu\n|-supereffective|p2a: Chi-Yu\n|-crit|p2a: Chi-Yu\n|-damage|p2a: Chi-Yu|0 fnt\n|-unboost|p1b: Urshifu|def|1\n|-unboost|p1b: Urshifu|spd|1\n|faint|p2a: Chi-Yu\n|\n|win|Jop 35 in a row\n|raw|Jop 35 in a row's rating: 1047 &rarr; <strong>1083<\/strong><br \/>(+36 for winning)\n|raw|A Wild Fidough's rating: 1078 &rarr; <strong>1054<\/strong><br \/>(-24 for losing)\n|l|\u2606A Wild Fidough\n","uploadtime":1700686389,"views":10,"p1id":"jop35inarow","p2id":"awildfidough","formatid":"gen9vgc2023regulatione","rating":1054,"private":0,"password":""}