{"id":"gen9vgc2023regulatione-1995574265","p1":"MetaBonker69","p2":"yoissy","format":"[Gen 9] VGC 2023 Regulation E","log":"|j|\u2606MetaBonker69\n|j|\u2606yoissy\n|t:|1700584142\n|gametype|doubles\n|player|p1|MetaBonker69|266|1113\n|player|p2|yoissy|lance-lgpe|1047\n|teamsize|p1|6\n|teamsize|p2|6\n|gen|9\n|tier|[Gen 9] VGC 2023 Regulation E\n|rated|\n|rule|Species Clause: Limit one of each Pok\u00e9mon\n|rule|Item Clause: Limit one of each item\n|clearpoke\n|poke|p1|Heatran, L50, M|\n|poke|p1|Clodsire, L50, M|\n|poke|p1|Chi-Yu, L50|\n|poke|p1|Clefairy, L50, M|\n|poke|p1|Iron Hands, L50|\n|poke|p1|Bronzong, L50|\n|poke|p2|Iron Hands, L50|\n|poke|p2|Torkoal, L50, M|\n|poke|p2|Flutter Mane, L50|\n|poke|p2|Lilligant-Hisui, L50, F|\n|poke|p2|Tornadus, L50, M|\n|poke|p2|Urshifu-*, L50, F|\n|teampreview|4\nyoissy has agreed to open team sheets.\nMetaBonker69 has agreed to open team sheets.\n|\n|t:|1700584188\n|start\n|switch|p1a: Child|Clefairy, L50, M|100\/100\n|switch|p1b: Tacobell|Bronzong, L50, shiny|100\/100\n|switch|p2a: Tornadus|Tornadus, L50, M|100\/100\n|switch|p2b: Urshifu|Urshifu-Rapid-Strike, L50, F|100\/100\n|turn|1\n|c|\u2606MetaBonker69|Let's have some fun fr fr\n|c|\u2606yoissy|<3\n|\n|t:|1700584230\n|move|p1a: Child|Follow Me|p1a: Child\n|-singleturn|p1a: Child|move: Follow Me\n|move|p2a: Tornadus|Rain Dance|p2a: Tornadus\n|-weather|RainDance\n|move|p2b: Urshifu|Surging Strikes|p1a: Child\n|-crit|p1a: Child\n|-damage|p1a: Child|66\/100\n|-crit|p1a: Child\n|-damage|p1a: Child|28\/100\n|-crit|p1a: Child\n|-damage|p1a: Child|0 fnt\n|faint|p1a: Child\n|-hitcount|p1: Child|3\n|move|p1b: Tacobell|Trick|p2b: Urshifu\n|-activate|p1b: Tacobell|move: Trick|[of] p2b: Urshifu\n|-item|p2b: Urshifu|Toxic Orb|[from] move: Trick\n|-item|p1b: Tacobell|Safety Goggles|[from] move: Trick\n|\n|-weather|RainDance|[upkeep]\n|-status|p2b: Urshifu|tox|[from] item: Toxic Orb\n|upkeep\n|\n|t:|1700584245\n|switch|p1a: Fat Fish|Clodsire, L50, M|100\/100\n|turn|2\n|c|\u2606yoissy|eyo?\n|c|\u2606MetaBonker69|I am cooking\n|\n|t:|1700584272\n|move|p2a: Tornadus|Tailwind|p2a: Tornadus\n|-sidestart|p2: yoissy|move: Tailwind\n|move|p2b: Urshifu|Surging Strikes|p1b: Tacobell\n|-crit|p1b: Tacobell\n|-damage|p1b: Tacobell|75\/100\n|-crit|p1b: Tacobell\n|-damage|p1b: Tacobell|50\/100\n|-crit|p1b: Tacobell\n|-damage|p1b: Tacobell|28\/100\n|-hitcount|p1b: Tacobell|3\n|move|p1a: Fat Fish|Yawn|p2a: Tornadus\n|-start|p2a: Tornadus|move: Yawn|[of] p1a: Fat Fish\n|move|p1b: Tacobell|Trick Room|p1b: Tacobell\n|-fieldstart|move: Trick Room|[of] p1b: Tacobell\n|\n|-weather|RainDance|[upkeep]\n|-damage|p2b: Urshifu|95\/100 tox|[from] psn\n|upkeep\n|turn|3\n|c|\u2606yoissy|uh oh\n|\n|t:|1700584314\n|move|p1a: Fat Fish|Gunk Shot|p2b: Urshifu|[miss]\n|-miss|p1a: Fat Fish|p2b: Urshifu\n|move|p1b: Tacobell|Gyro Ball|p2a: Tornadus\n|-damage|p2a: Tornadus|45\/100\n|move|p2a: Tornadus|Bleakwind Storm|p1a: Fat Fish|[spread] p1a,p1b\n|-resisted|p1b: Tacobell\n|-damage|p1a: Fat Fish|76\/100\n|-damage|p1b: Tacobell|16\/100\n|-unboost|p1a: Fat Fish|spe|1\n|move|p2b: Urshifu|Surging Strikes|p1b: Tacobell\n|-crit|p1b: Tacobell\n|-damage|p1b: Tacobell|0 fnt\n|faint|p1b: Tacobell\n|-hitcount|p1: Tacobell|1\n|\n|-weather|RainDance|[upkeep]\n|-damage|p2b: Urshifu|83\/100 tox|[from] psn\n|-end|p2a: Tornadus|move: Yawn|[silent]\n|-status|p2a: Tornadus|slp\n|upkeep\n|\n|t:|1700584329\n|switch|p1b: Walter|Iron Hands, L50|100\/100\n|turn|4\n|\n|t:|1700584349\n|switch|p2b: Iron Hands|Iron Hands, L50|100\/100\n|move|p1a: Fat Fish|Gunk Shot|p2a: Tornadus|[miss]\n|-miss|p1a: Fat Fish|p2a: Tornadus\n|move|p1b: Walter|Thunder Punch|p2b: Iron Hands\n|-resisted|p2b: Iron Hands\n|-damage|p2b: Iron Hands|90\/100\n|cant|p2a: Tornadus|slp\n|\n|-weather|RainDance|[upkeep]\n|upkeep\n|turn|5\n|c|\u2606yoissy|oof\n|c|\u2606MetaBonker69|nice switch\n|c|\u2606yoissy|that's really unfortunate luck\n|c|\u2606yoissy|ty!\n|\n|t:|1700584386\n|-terastallize|p1a: Fat Fish|Fire\n|move|p2b: Iron Hands|Fake Out|p1a: Fat Fish\n|-damage|p1a: Fat Fish|61\/100\n|cant|p1a: Fat Fish|flinch\n|move|p1b: Walter|Thunder Punch|p2a: Tornadus\n|-supereffective|p2a: Tornadus\n|-damage|p2a: Tornadus|0 fnt\n|faint|p2a: Tornadus\n|\n|-weather|none\n|-sideend|p2: yoissy|move: Tailwind\n|upkeep\n|\n|t:|1700584399\n|switch|p2a: Urshifu|Urshifu-Rapid-Strike, L50, F|83\/100 tox\n|turn|6\n|\n|t:|1700584409\n|move|p2a: Urshifu|Protect|p2a: Urshifu\n|-singleturn|p2a: Urshifu|Protect\n|move|p1a: Fat Fish|Gunk Shot|p2a: Urshifu\n|-activate|p2a: Urshifu|move: Protect\n|move|p1b: Walter|Play Rough|p2b: Iron Hands\n|-supereffective|p2b: Iron Hands\n|-damage|p2b: Iron Hands|51\/100\n|move|p2b: Iron Hands|Wild Charge|p1a: Fat Fish\n|-damage|p1a: Fat Fish|9\/100\n|-damage|p2b: Iron Hands|40\/100|[from] Recoil\n|\n|-damage|p2a: Urshifu|78\/100 tox|[from] psn\n|-fieldend|move: Trick Room\n|upkeep\n|turn|7\n|c|\u2606yoissy|god bryan hands is a real one\n|c|\u2606MetaBonker69|fr\n|\n|t:|1700584437\n|move|p1a: Fat Fish|Protect|p1a: Fat Fish\n|-singleturn|p1a: Fat Fish|Protect\n|move|p2a: Urshifu|Surging Strikes|p1b: Walter\n|-crit|p1b: Walter\n|-damage|p1b: Walter|88\/100\n|-crit|p1b: Walter\n|-damage|p1b: Walter|77\/100\n|-crit|p1b: Walter\n|-damage|p1b: Walter|65\/100\n|-hitcount|p1b: Walter|3\n|move|p2b: Iron Hands|Drain Punch|p1a: Fat Fish\n|-activate|p1a: Fat Fish|move: Protect\n|move|p1b: Walter|Play Rough|p2a: Urshifu|[miss]\n|-miss|p1b: Walter|p2a: Urshifu\n|\n|-damage|p2a: Urshifu|66\/100 tox|[from] psn\n|upkeep\n|turn|8\n|c|\u2606yoissy|I'm so sorry about your luck this game\n|c|\u2606yoissy|that's fucked\n|c|\u2606MetaBonker69|yeahh\n|\n|t:|1700584479\n|move|p2a: Urshifu|Surging Strikes|p1b: Walter\n|-crit|p1b: Walter\n|-damage|p1b: Walter|53\/100\n|-crit|p1b: Walter\n|-damage|p1b: Walter|40\/100\n|-crit|p1b: Walter\n|-damage|p1b: Walter|27\/100\n|-hitcount|p1b: Walter|3\n|move|p2b: Iron Hands|Drain Punch|p1a: Fat Fish\n|-damage|p1a: Fat Fish|0 fnt\n|-heal|p2b: Iron Hands|44\/100|[from] drain|[of] p1a: Fat Fish\n|faint|p1a: Fat Fish\n|move|p1b: Walter|Thunder Punch|p2a: Urshifu\n|-supereffective|p2a: Urshifu\n|-crit|p2a: Urshifu\n|-damage|p2a: Urshifu|0 fnt\n|faint|p2a: Urshifu\n|\n|upkeep\n|\n|t:|1700584487\n|switch|p2a: Flutter Mane|Flutter Mane, L50|100\/100\n|turn|9\n|c|\u2606MetaBonker69|gg\n|c|\u2606yoissy|gg\n|c|\u2606yoissy|wp\n|\n|t:|1700584500\n|move|p2a: Flutter Mane|Moonblast|p1b: Walter\n|-supereffective|p1b: Walter\n|-crit|p1b: Walter\n|-damage|p1b: Walter|0 fnt\n|faint|p1b: Walter\n|-end|p1b: Walter|Quark Drive|[silent]\n|\n|win|yoissy\n|raw|MetaBonker69's rating: 1113 &rarr; <strong>1083<\/strong><br \/>(-30 for losing)\n|raw|yoissy's rating: 1047 &rarr; <strong>1086<\/strong><br \/>(+39 for winning)\n|c|\u2606MetaBonker69|same to u\n|c|\u2606yoissy|<3\n","uploadtime":1700584513,"views":8,"p1id":"metabonker69","p2id":"yoissy","formatid":"gen9vgc2023regulatione","rating":1083,"private":0,"password":""}