{"id":"gen9vgc2023regulatione-1988065450","p1":"bebe212","p2":"Vengeful potato","format":"[Gen 9] VGC 2023 Regulation E","log":"|j|\u2606bebe212\n|j|\u2606Vengeful potato\n|t:|1699665308\n|gametype|doubles\n|player|p1|bebe212|ltsurge|1350\n|player|p2|Vengeful potato|swimmer|1267\n|teamsize|p1|6\n|teamsize|p2|5\n|gen|9\n|tier|[Gen 9] VGC 2023 Regulation E\n|rated|\n|rule|Species Clause: Limit one of each Pok\u00e9mon\n|rule|Item Clause: Limit one of each item\n|clearpoke\n|poke|p1|Roaring Moon, L50|\n|poke|p1|Flutter Mane, L50|\n|poke|p1|Skeledirge, L50, F|\n|poke|p1|Tornadus, L50, M|\n|poke|p1|Okidogi, L50, M|\n|poke|p1|Landorus-Therian, L50, M|\n|poke|p2|Dudunsparce-*, L50, M|\n|poke|p2|Weezing, L50, M|\n|poke|p2|Sinistcha-Masterpiece, L50|\n|poke|p2|Kleavor, L50, F|\n|poke|p2|Maushold-Four, L50|\n|teampreview|4\n|\n|t:|1699665337\n|start\n|switch|p1a: Roaring Moon|Roaring Moon, L50|100\/100\n|switch|p1b: Flutter Mane|Flutter Mane, L50|100\/100\n|switch|p2a: Dudunsparce|Dudunsparce, L50, M, shiny|100\/100\n|switch|p2b: Weezing|Weezing, L50, M, shiny|100\/100\n|-ability|p2b: Weezing|Neutralizing Gas\n|-enditem|p1a: Roaring Moon|Booster Energy\n|-activate|p1a: Roaring Moon|ability: Protosynthesis|[fromitem]\n|-start|p1a: Roaring Moon|protosynthesisatk\n|turn|1\n|\n|t:|1699665367\n|move|p2b: Weezing|Protect|p2b: Weezing\n|-singleturn|p2b: Weezing|Protect\n|move|p1b: Flutter Mane|Power Gem|p2b: Weezing\n|-activate|p2b: Weezing|move: Protect\n|move|p1a: Roaring Moon|Knock Off|p2b: Weezing\n|-activate|p2b: Weezing|move: Protect\n|move|p2a: Dudunsparce|Glare|p1a: Roaring Moon\n|-status|p1a: Roaring Moon|par\n|\n|upkeep\n|turn|2\n|\n|t:|1699665377\n|move|p1b: Flutter Mane|Power Gem|p2b: Weezing\n|-damage|p2b: Weezing|51\/100\n|move|p2b: Weezing|Gunk Shot|p1a: Roaring Moon\n|-damage|p1a: Roaring Moon|52\/100 par\n|move|p2a: Dudunsparce|Glare|p1b: Flutter Mane\n|-status|p1b: Flutter Mane|par\n|cant|p1a: Roaring Moon|par\n|\n|upkeep\n|turn|3\n|\n|t:|1699665391\n|move|p1b: Flutter Mane|Power Gem|p2b: Weezing\n|-damage|p2b: Weezing|1\/100\n|-enditem|p2b: Weezing|Mago Berry|[eat]\n|-heal|p2b: Weezing|34\/100|[from] item: Mago Berry\n|move|p2b: Weezing|Gunk Shot|p1b: Flutter Mane\n|-damage|p1b: Flutter Mane|12\/100 par\n|move|p2a: Dudunsparce|Rock Slide|p1b: Flutter Mane|[spread] p1a,p1b\n|-damage|p1a: Roaring Moon|33\/100 par\n|-damage|p1b: Flutter Mane|0 fnt\n|faint|p1b: Flutter Mane\n|-end|p1b: Flutter Mane|Protosynthesis|[silent]\n|cant|p1a: Roaring Moon|flinch\n|\n|upkeep\n|\n|t:|1699665414\n|switch|p1b: Okidogi|Okidogi, L50, M|100\/100\n|turn|4\n|\n|t:|1699665429\n|move|p1b: Okidogi|Drain Punch|p2a: Dudunsparce\n|-supereffective|p2a: Dudunsparce\n|-enditem|p2a: Dudunsparce|Chople Berry|[eat]\n|-enditem|p2a: Dudunsparce|Chople Berry|[weaken]\n|-damage|p2a: Dudunsparce|65\/100\n|move|p2b: Weezing|Gunk Shot|p1a: Roaring Moon\n|-damage|p1a: Roaring Moon|0 fnt\n|faint|p1a: Roaring Moon\n|-end|p1a: Roaring Moon|Protosynthesis|[silent]\n|move|p2a: Dudunsparce|Glare|p1b: Okidogi\n|-status|p1b: Okidogi|par\n|\n|upkeep\n|\n|t:|1699665436\n|switch|p1a: Skeledirge|Skeledirge, L50, F|100\/100\n|turn|5\n|\n|t:|1699665455\n|move|p2b: Weezing|Taunt|p1a: Skeledirge\n|-start|p1a: Skeledirge|move: Taunt\n|move|p2a: Dudunsparce|Glare|p1a: Skeledirge\n|-status|p1a: Skeledirge|par\n|move|p1b: Okidogi|Bulk Up|p1b: Okidogi\n|-boost|p1b: Okidogi|atk|1\n|-boost|p1b: Okidogi|def|1\n|move|p1a: Skeledirge|Torch Song|p2b: Weezing\n|-damage|p2b: Weezing|1\/100\n|-boost|p1a: Skeledirge|spa|1\n|\n|upkeep\n|turn|6\n|\n|t:|1699665474\n|move|p2a: Dudunsparce|Rock Slide|p1a: Skeledirge|[spread] p1a,p1b\n|-supereffective|p1a: Skeledirge\n|-resisted|p1b: Okidogi\n|-damage|p1a: Skeledirge|81\/100 par\n|-damage|p1b: Okidogi|96\/100 par\n|move|p2b: Weezing|Haze|p2b: Weezing\n|-clearallboost\n|cant|p1b: Okidogi|par\n|move|p1a: Skeledirge|Torch Song|p2b: Weezing\n|-damage|p2b: Weezing|0 fnt\n|-boost|p1a: Skeledirge|spa|1\n|faint|p2b: Weezing\n|-end|p2b: Weezing|ability: Neutralizing Gas\n|\n|-heal|p1b: Okidogi|100\/100 par|[from] item: Leftovers\n|upkeep\n|\n|t:|1699665486\n|switch|p2b: Maushold|Maushold-Four, L50, shiny|100\/100\n|turn|7\n|\n|t:|1699665492\n|move|p2b: Maushold|Population Bomb|p1b: Okidogi\n|-damage|p1b: Okidogi|91\/100 par\n|-damage|p1b: Okidogi|81\/100 par\n|-damage|p1b: Okidogi|71\/100 par\n|-damage|p1b: Okidogi|60\/100 par\n|-damage|p1b: Okidogi|50\/100 par\n|-damage|p1b: Okidogi|41\/100 par\n|-damage|p1b: Okidogi|32\/100 par\n|-damage|p1b: Okidogi|22\/100 par\n|-crit|p1b: Okidogi\n|-damage|p1b: Okidogi|7\/100 par\n|-damage|p1b: Okidogi|0 fnt\n|faint|p1b: Okidogi\n|-hitcount|p1: Okidogi|10\n|move|p2a: Dudunsparce|Rock Slide|p1a: Skeledirge\n|-supereffective|p1a: Skeledirge\n|-damage|p1a: Skeledirge|52\/100 par\n|cant|p1a: Skeledirge|par\n|\n|-end|p1a: Skeledirge|move: Taunt\n|upkeep\n|turn|8\n|\n|t:|1699665513\n|move|p2b: Maushold|Shadow Claw|p1a: Skeledirge\n|-supereffective|p1a: Skeledirge\n|-damage|p1a: Skeledirge|25\/100 par\n|-enditem|p1a: Skeledirge|Sitrus Berry|[eat]\n|-heal|p1a: Skeledirge|50\/100 par|[from] item: Sitrus Berry\n|move|p2a: Dudunsparce|Rock Slide|p1a: Skeledirge\n|-supereffective|p1a: Skeledirge\n|-damage|p1a: Skeledirge|19\/100 par\n|cant|p1a: Skeledirge|par\n|\n|upkeep\n|turn|9\n|c|\u2606bebe212|Gg I completely fell for it\n|c|\u2606Vengeful potato|Gg\n|\n|t:|1699665534\n|move|p2b: Maushold|Shadow Claw|p1a: Skeledirge\n|-supereffective|p1a: Skeledirge\n|-damage|p1a: Skeledirge|0 fnt\n|faint|p1a: Skeledirge\n|\n|win|Vengeful potato\n|raw|bebe212's rating: 1350 &rarr; <strong>1325<\/strong><br \/>(-25 for losing)\n|raw|Vengeful potato's rating: 1267 &rarr; <strong>1298<\/strong><br \/>(+31 for winning)\n|c|\u2606Vengeful potato|wp\n","uploadtime":1699665540,"views":18,"p1id":"bebe212","p2id":"vengefulpotato","formatid":"gen9vgc2023regulatione","rating":1298,"private":0,"password":""}