{"id":"gen9vgc2023regulatione-1994805520","p1":"LeafeonLou12","p2":"Jxnwarrior","format":"[Gen 9] VGC 2023 Regulation E","log":"|j|\u2606LeafeonLou12\n|j|\u2606Jxnwarrior\n|t:|1700494478\n|gametype|doubles\n|player|p1|LeafeonLou12|170|1202\n|player|p2|Jxnwarrior|1|1202\n|teamsize|p1|6\n|teamsize|p2|6\n|gen|9\n|tier|[Gen 9] VGC 2023 Regulation E\n|rated|\n|rule|Species Clause: Limit one of each Pok\u00e9mon\n|rule|Item Clause: Limit one of each item\n|clearpoke\n|poke|p1|Torkoal, L50, M|\n|poke|p1|Indeedee, L50, M|\n|poke|p1|Armarouge, L50, F|\n|poke|p1|Ogerpon-Cornerstone, L50, F|\n|poke|p1|Landorus, L50, M|\n|poke|p1|Urshifu-*, L50, M|\n|poke|p2|Kommo-o, L50, M|\n|poke|p2|Sinistcha, L50|\n|poke|p2|Espeon, L50, M|\n|poke|p2|Arcanine, L50, F|\n|poke|p2|Roaring Moon, L50|\n|poke|p2|Chien-Pao, L50|\n|teampreview|4\n|inactive|Battle timer is ON: inactive players will automatically lose when time's up. (requested by Jxnwarrior)\nLeafeonLou12 has agreed to open team sheets.\n|inactive|Jxnwarrior has 60 seconds left.\n|\n|t:|1700494514\n|start\n|switch|p1a: Landorus|Landorus, L50, M|100\/100\n|switch|p1b: Armarouge|Armarouge, L50, F|100\/100\n|switch|p2a: Kommo-o|Kommo-o, L50, M|100\/100\n|switch|p2b: Roaring Moon|Roaring Moon, L50, shiny|100\/100\n|-enditem|p2b: Roaring Moon|Booster Energy\n|-activate|p2b: Roaring Moon|ability: Protosynthesis|[fromitem]\n|-start|p2b: Roaring Moon|protosynthesisspe\n|turn|1\n|\n|t:|1700494526\n|-terastallize|p1b: Armarouge|Dark\n|move|p2b: Roaring Moon|Knock Off|p1b: Armarouge\n|-resisted|p1b: Armarouge\n|-damage|p1b: Armarouge|74\/100\n|-ability|p1b: Armarouge|Weak Armor|boost\n|-unboost|p1b: Armarouge|def|1\n|-boost|p1b: Armarouge|spe|2\n|-enditem|p1b: Armarouge|Weakness Policy|[from] move: Knock Off|[of] p2b: Roaring Moon\n|move|p1b: Armarouge|Expanding Force|p2a: Kommo-o\n|-supereffective|p2a: Kommo-o\n|-damage|p2a: Kommo-o|8\/100\n|move|p1a: Landorus|U-turn|p1b: Armarouge\n|-supereffective|p1b: Armarouge\n|-damage|p1b: Armarouge|14\/100\n|-ability|p1b: Armarouge|Weak Armor|boost\n|-unboost|p1b: Armarouge|def|1\n|-boost|p1b: Armarouge|spe|2\n|\n|t:|1700494536\n|switch|p1a: Indeedee|Indeedee, L50, M|100\/100|[from] U-turn\n|-fieldstart|move: Psychic Terrain|[from] ability: Psychic Surge|[of] p1a: Indeedee\n|move|p2a: Kommo-o|Clangorous Soul||[still]\n|-fail|p2a: Kommo-o\n|\n|upkeep\n|turn|2\n|\n|t:|1700494553\n|move|p1b: Armarouge|Protect|p1b: Armarouge\n|-singleturn|p1b: Armarouge|Protect\n|move|p2b: Roaring Moon|Knock Off|p1a: Indeedee\n|-supereffective|p1a: Indeedee\n|-enditem|p1a: Indeedee|Focus Sash\n|-damage|p1a: Indeedee|1\/100\n|move|p2a: Kommo-o|Clanging Scales|p1b: Armarouge|[spread] p1a\n|-activate|p1b: Armarouge|move: Protect\n|-damage|p1a: Indeedee|0 fnt\n|faint|p1a: Indeedee\n|-unboost|p2a: Kommo-o|def|1\n|-enditem|p2a: Kommo-o|Throat Spray\n|-boost|p2a: Kommo-o|spa|1|[from] item: Throat Spray\n|\n|upkeep\n|\n|t:|1700494565\n|switch|p1a: Ogerpon|Ogerpon-Cornerstone, L50, F|100\/100\n|turn|3\n|\n|t:|1700494577\n|move|p2a: Kommo-o|Protect|p2a: Kommo-o\n|-singleturn|p2a: Kommo-o|Protect\n|move|p1b: Armarouge|Heat Wave|p2a: Kommo-o|[spread] p2b\n|-activate|p2a: Kommo-o|move: Protect\n|-resisted|p2b: Roaring Moon\n|-damage|p2b: Roaring Moon|82\/100\n|move|p2b: Roaring Moon|Acrobatics|p1b: Armarouge\n|-damage|p1b: Armarouge|0 fnt\n|faint|p1b: Armarouge\n|move|p1a: Ogerpon|Ivy Cudgel|p2b: Roaring Moon|[anim] Ivy Cudgel Rock\n|-damage|p2b: Roaring Moon|6\/100\n|\n|upkeep\n|\n|t:|1700494590\n|switch|p1b: Landorus|Landorus, L50, M|100\/100\n|turn|4\n|\n|t:|1700494605\n|move|p2b: Roaring Moon|Knock Off|p1a: Ogerpon\n|-damage|p1a: Ogerpon|54\/100\n|move|p1b: Landorus|Earth Power|p2a: Kommo-o\n|-damage|p2a: Kommo-o|0 fnt\n|faint|p2a: Kommo-o\n|move|p1a: Ogerpon|Horn Leech|p2b: Roaring Moon\n|-resisted|p2b: Roaring Moon\n|-damage|p2b: Roaring Moon|0 fnt\n|-heal|p1a: Ogerpon|58\/100|[from] drain|[of] p2b: Roaring Moon\n|faint|p2b: Roaring Moon\n|-end|p2b: Roaring Moon|Protosynthesis|[silent]\n|\n|upkeep\n|\n|t:|1700494610\n|switch|p2b: Sinistcha|Sinistcha, L50|100\/100\n|switch|p2a: Espeon|Espeon, L50, M, shiny|100\/100\n|turn|5\n|\n|t:|1700494623\n|-terastallize|p2a: Espeon|Fairy\n|move|p2b: Sinistcha|Rage Powder|p2b: Sinistcha\n|-singleturn|p2b: Sinistcha|move: Rage Powder\n|move|p1b: Landorus|Earth Power|p2b: Sinistcha\n|-resisted|p2b: Sinistcha\n|-damage|p2b: Sinistcha|65\/100\n|move|p1a: Ogerpon|Horn Leech|p2a: Espeon\n|-damage|p2a: Espeon|17\/100\n|-heal|p1a: Ogerpon|96\/100|[from] drain|[of] p2a: Espeon\n|-enditem|p2a: Espeon|Iapapa Berry|[eat]\n|-heal|p2a: Espeon|50\/100|[from] item: Iapapa Berry\n|move|p2a: Espeon|Dazzling Gleam|p1b: Landorus|[spread] p1a,p1b\n|-damage|p1a: Ogerpon|57\/100\n|-damage|p1b: Landorus|64\/100\n|\n|-fieldend|move: Psychic Terrain\n|upkeep\n|turn|6\n|-message|Jxnwarrior forfeited.\n|\n|win|LeafeonLou12\n|raw|LeafeonLou12's rating: 1202 &rarr; <strong>1227<\/strong><br \/>(+25 for winning)\n|raw|Jxnwarrior's rating: 1202 &rarr; <strong>1177<\/strong><br \/>(-25 for losing)\n|l|\u2606Jxnwarrior\n","uploadtime":1700494639,"views":6,"p1id":"leafeonlou12","p2id":"jxnwarrior","formatid":"gen9vgc2023regulatione","rating":1177,"private":0,"password":""}