{"id":"gen9vgc2023regulatione-1988390697","p1":"kid stop just stop","p2":"NekrosM0S","format":"[Gen 9] VGC 2023 Regulation E","log":"|j|\u2606kid stop just stop\n|j|\u2606NekrosM0S\n|t:|1699717605\n|gametype|doubles\n|player|p1|kid stop just stop|102|1095\n|player|p2|NekrosM0S|colress|1059\n|teamsize|p1|6\n|teamsize|p2|6\n|gen|9\n|tier|[Gen 9] VGC 2023 Regulation E\n|rated|\n|rule|Species Clause: Limit one of each Pok\u00e9mon\n|rule|Item Clause: Limit one of each item\n|clearpoke\n|poke|p1|Iron Moth, L50|\n|poke|p1|Landorus-Therian, L50, M|\n|poke|p1|Ogerpon, L50, F|\n|poke|p1|Iron Bundle, L50|\n|poke|p1|Iron Hands, L50|\n|poke|p1|Flutter Mane, L50|\n|poke|p2|Iron Moth, L50|\n|poke|p2|Flutter Mane, L50|\n|poke|p2|Iron Hands, L50|\n|poke|p2|Landorus-Therian, L50, M|\n|poke|p2|Ogerpon-Cornerstone, L50, F|\n|poke|p2|Gholdengo, L50|\n|teampreview|4\nNekrosM0S has agreed to open team sheets.\n|inactive|Battle timer is ON: inactive players will automatically lose when time's up. (requested by kid stop just stop)\n|\n|t:|1699717653\n|start\n|switch|p1a: Iron Hands|Iron Hands, L50|100\/100\n|switch|p1b: Iron Moth|Iron Moth, L50|100\/100\n|switch|p2a: Gholdengo|Gholdengo, L50|100\/100\n|switch|p2b: Landorus|Landorus-Therian, L50, M|100\/100\n|-ability|p2b: Landorus|Intimidate|boost\n|-unboost|p1a: Iron Hands|atk|1\n|-unboost|p1b: Iron Moth|atk|1\n|-enditem|p1b: Iron Moth|Booster Energy\n|-activate|p1b: Iron Moth|ability: Quark Drive|[fromitem]\n|-start|p1b: Iron Moth|quarkdrivespa\n|turn|1\n|inactive|kid stop just stop has 30 seconds left.\n|inactive|NekrosM0S has 30 seconds left.\n|\n|t:|1699717680\n|switch|p2b: Flutter Mane|Flutter Mane, L50, shiny|100\/100\n|-end|p1a: Iron Hands|Quark Drive|[silent]\n|switch|p1a: Landorus|Landorus-Therian, L50, M|100\/100\n|-ability|p1a: Landorus|Intimidate|boost\n|-unboost|p2a: Gholdengo|atk|1\n|-unboost|p2b: Flutter Mane|atk|1\n|-terastallize|p2a: Gholdengo|Dragon\n|move|p1b: Iron Moth|Fiery Dance|p2a: Gholdengo\n|-resisted|p2a: Gholdengo\n|-damage|p2a: Gholdengo|74\/100\n|-boost|p1b: Iron Moth|spa|1\n|move|p2a: Gholdengo|Nasty Plot|p2a: Gholdengo\n|-boost|p2a: Gholdengo|spa|2\n|\n|-heal|p2a: Gholdengo|80\/100|[from] item: Leftovers\n|upkeep\n|turn|2\n|inactive|kid stop just stop has 30 seconds left.\n|\n|t:|1699717712\n|-end|p2b: Flutter Mane|Protosynthesis|[silent]\n|switch|p2b: Landorus|Landorus-Therian, L50, M|100\/100\n|-ability|p2b: Landorus|Intimidate|boost\n|-unboost|p1a: Landorus|atk|1\n|-unboost|p1b: Iron Moth|atk|1\n|move|p1b: Iron Moth|Fiery Dance|p2a: Gholdengo\n|-resisted|p2a: Gholdengo\n|-damage|p2a: Gholdengo|38\/100\n|move|p1a: Landorus|Rock Slide|p2b: Landorus|[spread] p2b\n|-miss|p1a: Landorus|p2a: Gholdengo\n|-damage|p2b: Landorus|85\/100\n|move|p2a: Gholdengo|Make It Rain|p1b: Iron Moth|[spread] p1a,p1b\n|-resisted|p1b: Iron Moth\n|-damage|p1a: Landorus|11\/100\n|-damage|p1b: Iron Moth|55\/100\n|-unboost|p2a: Gholdengo|spa|1\n|\n|-heal|p1a: Landorus|17\/100|[from] item: Leftovers\n|-heal|p2a: Gholdengo|44\/100|[from] item: Leftovers\n|upkeep\n|turn|3\n|\n|t:|1699717735\n|switch|p2a: Iron Hands|Iron Hands, L50, shiny|100\/100\n|move|p2b: Landorus|Stomping Tantrum|p1b: Iron Moth\n|-supereffective|p1b: Iron Moth\n|-damage|p1b: Iron Moth|0 fnt\n|faint|p1b: Iron Moth\n|-end|p1b: Iron Moth|Quark Drive|[silent]\n|move|p1a: Landorus|Rock Slide|p2a: Iron Hands|[spread] p2a,p2b\n|-resisted|p2a: Iron Hands\n|-damage|p2a: Iron Hands|96\/100\n|-damage|p2b: Landorus|70\/100\n|\n|-heal|p1a: Landorus|23\/100|[from] item: Leftovers\n|upkeep\n|\n|t:|1699717751\n|switch|p1b: Iron Hands|Iron Hands, L50|100\/100\n|turn|4\n|\n|t:|1699717770\n|-terastallize|p1b: Iron Hands|Grass\n|move|p2a: Iron Hands|Fake Out|p1b: Iron Hands\n|-crit|p1b: Iron Hands\n|-damage|p1b: Iron Hands|86\/100\n|move|p2b: Landorus|Stomping Tantrum|p1b: Iron Hands\n|-resisted|p1b: Iron Hands\n|-damage|p1b: Iron Hands|73\/100\n|move|p1a: Landorus|Swords Dance|p1a: Landorus\n|-boost|p1a: Landorus|atk|2\n|cant|p1b: Iron Hands|flinch\n|\n|-heal|p1a: Landorus|29\/100|[from] item: Leftovers\n|upkeep\n|turn|5\n|inactive|kid stop just stop has 30 seconds left.\n|inactive|NekrosM0S has 30 seconds left.\n|\n|t:|1699717803\n|switch|p2b: Flutter Mane|Flutter Mane, L50, shiny|100\/100\n|move|p1a: Landorus|Stomping Tantrum|p2a: Iron Hands\n|-supereffective|p2a: Iron Hands\n|-damage|p2a: Iron Hands|7\/100\n|move|p2a: Iron Hands|Heavy Slam|p1a: Landorus\n|-damage|p1a: Landorus|0 fnt\n|faint|p1a: Landorus\n|move|p1b: Iron Hands|Heavy Slam|p2b: Flutter Mane\n|-supereffective|p2b: Flutter Mane\n|-damage|p2b: Flutter Mane|0 fnt\n|faint|p2b: Flutter Mane\n|-end|p2b: Flutter Mane|Protosynthesis|[silent]\n|\n|upkeep\n|c|\u2606kid stop just stop|lfg\n|\n|t:|1699717820\n|switch|p2b: Landorus|Landorus-Therian, L50, M|70\/100\n|switch|p1a: Ogerpon|Ogerpon, L50, F|100\/100\n|-ability|p2b: Landorus|Intimidate|boost\n|-unboost|p1a: Ogerpon|atk|1\n|-ability|p1a: Ogerpon|Defiant|boost\n|-boost|p1a: Ogerpon|atk|2\n|-unboost|p1b: Iron Hands|atk|1\n|turn|6\n|c|\u2606NekrosM0S|nice read\n|inactive|NekrosM0S has 30 seconds left.\n|c|\u2606kid stop just stop|thanks\n|inactive|NekrosM0S has 20 seconds left.\n|\n|t:|1699717859\n|move|p2b: Landorus|U-turn|p1b: Iron Hands\n|-supereffective|p1b: Iron Hands\n|-damage|p1b: Iron Hands|41\/100\n|\n|t:|1699717863\n|switch|p2b: Gholdengo|Gholdengo, L50, tera:Dragon|44\/100|[from] U-turn\n|move|p1a: Ogerpon|Ivy Cudgel|p2b: Gholdengo\n|-resisted|p2b: Gholdengo\n|-damage|p2b: Gholdengo|14\/100\n|move|p2a: Iron Hands|Drain Punch|p1a: Ogerpon\n|-damage|p1a: Ogerpon|58\/100\n|-heal|p2a: Iron Hands|22\/100|[from] drain|[of] p1a: Ogerpon\n|move|p1b: Iron Hands|Wild Charge|p2a: Iron Hands\n|-resisted|p2a: Iron Hands\n|-damage|p2a: Iron Hands|11\/100\n|-damage|p1b: Iron Hands|38\/100|[from] Recoil\n|\n|-heal|p2b: Gholdengo|20\/100|[from] item: Leftovers\n|upkeep\n|turn|7\n|\n|t:|1699717888\n|move|p1a: Ogerpon|Ivy Cudgel|p2a: Iron Hands\n|-crit|p2a: Iron Hands\n|-damage|p2a: Iron Hands|0 fnt\n|faint|p2a: Iron Hands\n|-end|p2a: Iron Hands|Quark Drive|[silent]\n|move|p2b: Gholdengo|Make It Rain|p1b: Iron Hands|[spread] p1a,p1b\n|-crit|p1a: Ogerpon\n|-damage|p1a: Ogerpon|0 fnt\n|-damage|p1b: Iron Hands|13\/100\n|-unboost|p2b: Gholdengo|spa|1\n|faint|p1a: Ogerpon\n|move|p1b: Iron Hands|Heavy Slam|p2b: Gholdengo\n|-damage|p2b: Gholdengo|0 fnt\n|faint|p2b: Gholdengo\n|\n|upkeep\n|\n|t:|1699717902\n|switch|p2a: Landorus|Landorus-Therian, L50, M|70\/100\n|-ability|p2a: Landorus|Intimidate|boost\n|-unboost|p1b: Iron Hands|atk|1\n|turn|8\n|c|\u2606kid stop just stop|i forgot about landours\n|\n|t:|1699717919\n|move|p2a: Landorus|U-turn|p1b: Iron Hands\n|-supereffective|p1b: Iron Hands\n|-damage|p1b: Iron Hands|0 fnt\n|faint|p1b: Iron Hands\n|-end|p1b: Iron Hands|Quark Drive|[silent]\n|\n|win|NekrosM0S\n|raw|kid stop just stop's rating: 1095 &rarr; <strong>1068<\/strong><br \/>(-27 for losing)\n|raw|NekrosM0S's rating: 1059 &rarr; <strong>1093<\/strong><br \/>(+34 for winning)\n|c|\u2606kid stop just stop|gg\n|c|\u2606NekrosM0S|gg\n|l|\u2606kid stop just stop\n","uploadtime":1699717928,"views":17,"p1id":"kidstopjuststop","p2id":"nekrosm0s","formatid":"gen9vgc2023regulatione","rating":1068,"private":0,"password":""}