{"id":"gen9vgc2023regulatione-1997851959","p1":"Bugsileus","p2":"makopoisonedtifa","format":"[Gen 9] VGC 2023 Regulation E","log":"|j|\u2606Bugsileus\n|j|\u2606makopoisonedtifa\n|t:|1700859776\n|gametype|doubles\n|player|p1|Bugsileus|bugsy|1059\n|player|p2|makopoisonedtifa|266|1124\n|teamsize|p1|6\n|teamsize|p2|6\n|gen|9\n|tier|[Gen 9] VGC 2023 Regulation E\n|rated|\n|rule|Species Clause: Limit one of each Pok\u00e9mon\n|rule|Item Clause: Limit one of each item\n|clearpoke\n|poke|p1|Iron Hands, L50|\n|poke|p1|Farigiraf, L50, F|\n|poke|p1|Maushold-Four, L50|\n|poke|p1|Oranguru, L50, F|\n|poke|p1|Torkoal, L50, M|\n|poke|p1|Weezing-Galar, L50, F|\n|poke|p2|Regieleki, L50|\n|poke|p2|Landorus-Therian, L50, M|\n|poke|p2|Sinistcha, L50|\n|poke|p2|Fezandipiti, L50, M|\n|poke|p2|Chi-Yu, L50|\n|poke|p2|Urshifu-*, L50, F|\n|teampreview|4\nBugsileus rejected open team sheets.\n|\n|t:|1700859825\n|start\n|switch|p1a: Iron Hands|Iron Hands, L50, shiny|100\/100\n|switch|p1b: Oranguru|Oranguru, L50, F, shiny|100\/100\n|switch|p2a: Sinistcha|Sinistcha, L50|100\/100\n|switch|p2b: Fezandipiti|Fezandipiti, L50, M|100\/100\n|-enditem|p1a: Iron Hands|Booster Energy\n|-activate|p1a: Iron Hands|ability: Quark Drive|[fromitem]\n|-start|p1a: Iron Hands|quarkdriveatk\n|turn|1\n|\n|t:|1700859846\n|move|p1a: Iron Hands|Fake Out|p2b: Fezandipiti\n|-damage|p2b: Fezandipiti|83\/100\n|move|p2b: Fezandipiti|Dazzling Gleam|p1b: Oranguru|[spread] p1a,p1b\n|-supereffective|p1a: Iron Hands\n|-damage|p1a: Iron Hands|79\/100\n|-damage|p1b: Oranguru|89\/100\n|move|p2a: Sinistcha|Trick Room|p2a: Sinistcha\n|-fieldstart|move: Trick Room|[of] p2a: Sinistcha\n|move|p1b: Oranguru|Trick Room|p1b: Oranguru\n|-fieldend|move: Trick Room\n|\n|upkeep\n|turn|2\n|\n|t:|1700859870\n|move|p2b: Fezandipiti|Dazzling Gleam|p1b: Oranguru|[spread] p1a,p1b\n|-supereffective|p1a: Iron Hands\n|-damage|p1a: Iron Hands|57\/100\n|-damage|p1b: Oranguru|78\/100\n|-status|p1a: Iron Hands|tox|[from] ability: Toxic Chain|[of] p2b: Fezandipiti\n|move|p2a: Sinistcha|Matcha Gotcha|p1b: Oranguru|[spread] p1a,p1b\n|-damage|p1a: Iron Hands|39\/100 tox\n|-damage|p1b: Oranguru|63\/100\n|move|p1b: Oranguru|Encore|p2a: Sinistcha\n|-start|p2a: Sinistcha|Encore\n|move|p1a: Iron Hands|Wild Charge|p2b: Fezandipiti\n|-damage|p2b: Fezandipiti|24\/100\n|-damage|p1a: Iron Hands|29\/100 tox|[from] Recoil\n|\n|-damage|p1a: Iron Hands|23\/100 tox|[from] psn\n|upkeep\n|turn|3\n|\n|t:|1700859896\n|switch|p2a: Landorus|Landorus-Therian, L50, M|100\/100\n|-ability|p2a: Landorus|Intimidate|boost\n|-unboost|p1a: Iron Hands|atk|1\n|-fail|p1b: Oranguru|unboost|Attack|[from] ability: Inner Focus|[of] p1b: Oranguru\n|move|p2b: Fezandipiti|Dazzling Gleam|p1b: Oranguru|[spread] p1a,p1b\n|-supereffective|p1a: Iron Hands\n|-damage|p1a: Iron Hands|0 fnt\n|-damage|p1b: Oranguru|52\/100\n|faint|p1a: Iron Hands\n|-end|p1a: Iron Hands|Quark Drive|[silent]\n|move|p1b: Oranguru|Trick Room|p1b: Oranguru\n|-fieldstart|move: Trick Room|[of] p1b: Oranguru\n|\n|upkeep\n|\n|t:|1700859902\n|switch|p1a: Torkoal|Torkoal, L50, M, shiny|100\/100\n|-weather|SunnyDay|[from] ability: Drought|[of] p1a: Torkoal\n|turn|4\n|\n|t:|1700859924\n|-terastallize|p1a: Torkoal|Fire\n|move|p1a: Torkoal|Eruption|p2b: Fezandipiti|[spread] p2a,p2b\n|-damage|p2a: Landorus|0 fnt\n|-damage|p2b: Fezandipiti|0 fnt\n|faint|p2a: Landorus\n|faint|p2b: Fezandipiti\n|move|p1b: Oranguru|Instruct|p1a: Torkoal\n|-singleturn|p1a: Torkoal|move: Instruct|[of] p1b: Oranguru\n|move|p1a: Torkoal|Eruption|p2: Landorus|[notarget]\n|-fail|p1a: Torkoal\n|\n|-weather|SunnyDay|[upkeep]\n|upkeep\n|\n|t:|1700859930\n|switch|p2b: Urshifu|Urshifu-Rapid-Strike, L50, F|100\/100\n|switch|p2a: Sinistcha|Sinistcha, L50|100\/100\n|turn|5\n|\n|t:|1700859937\n|-terastallize|p2a: Sinistcha|Rock\n|move|p2b: Urshifu|Protect|p2b: Urshifu\n|-singleturn|p2b: Urshifu|Protect\n|move|p1a: Torkoal|Eruption|p2b: Urshifu|[spread] p2a\n|-activate|p2b: Urshifu|move: Protect\n|-resisted|p2a: Sinistcha\n|-damage|p2a: Sinistcha|25\/100\n|-enditem|p2a: Sinistcha|Sitrus Berry|[eat]\n|-heal|p2a: Sinistcha|50\/100|[from] item: Sitrus Berry\n|move|p1b: Oranguru|Instruct|p1a: Torkoal\n|-singleturn|p1a: Torkoal|move: Instruct|[of] p1b: Oranguru\n|move|p1a: Torkoal|Eruption|p2b: Urshifu|[spread] p2a\n|-activate|p2b: Urshifu|move: Protect\n|-resisted|p2a: Sinistcha\n|-damage|p2a: Sinistcha|0 fnt\n|faint|p2a: Sinistcha\n|\n|-weather|SunnyDay|[upkeep]\n|upkeep\n|turn|6\n|-message|makopoisonedtifa forfeited.\n|\n|win|Bugsileus\n|raw|Bugsileus's rating: 1059 &rarr; <strong>1096<\/strong><br \/>(+37 for winning)\n|raw|makopoisonedtifa's rating: 1124 &rarr; <strong>1094<\/strong><br \/>(-30 for losing)\n|l|\u2606makopoisonedtifa\n","uploadtime":1700859957,"views":10,"p1id":"bugsileus","p2id":"makopoisonedtifa","formatid":"gen9vgc2023regulatione","rating":1094,"private":0,"password":""}