{"id":"gen9vgc2023regulatione-1987869534","p1":"madbluecatz","p2":"Yahar","format":"[Gen 9] VGC 2023 Regulation E","log":"|j|\u2606madbluecatz\n|j|\u2606Yahar\n|t:|1699644376\n|gametype|doubles\n|player|p1|madbluecatz|colress|1076\n|player|p2|Yahar|shauntal|1064\n|teamsize|p1|6\n|teamsize|p2|6\n|gen|9\n|tier|[Gen 9] VGC 2023 Regulation E\n|rated|\n|rule|Species Clause: Limit one of each Pok\u00e9mon\n|rule|Item Clause: Limit one of each item\n|clearpoke\n|poke|p1|Gastly, L50, F|\n|poke|p1|Muk-Alola, L50, M|\n|poke|p1|Salazzle, L50, F|\n|poke|p1|Toxapex, L50, M|\n|poke|p1|Salandit, L50, M|\n|poke|p1|Wo-Chien, L50|\n|poke|p2|Zapdos, L50|\n|poke|p2|Iron Bundle, L50|\n|poke|p2|Heatran, L50, F|\n|poke|p2|Ogerpon-Wellspring, L50, F|\n|poke|p2|Rillaboom, L50, M|\n|poke|p2|Urshifu-*, L50, M|\n|teampreview|4\n|inactive|Battle timer is ON: inactive players will automatically lose when time's up. (requested by Yahar)\nYahar has agreed to open team sheets.\n|inactive|madbluecatz has 60 seconds left.\n|inactive|Yahar has 60 seconds left.\n|\n|t:|1699644430\n|start\n|switch|p1a: Salazzle|Salazzle, L50, F|100\/100\n|switch|p1b: Salandit|Salandit, L50, M|100\/100\n|switch|p2a: Zapdos|Zapdos, L50|100\/100\n|switch|p2b: Iron Bundle|Iron Bundle, L50|100\/100\n|-item|p1a: Salazzle|Air Balloon\n|-enditem|p2b: Iron Bundle|Booster Energy\n|-activate|p2b: Iron Bundle|ability: Quark Drive|[fromitem]\n|-start|p2b: Iron Bundle|quarkdrivespe\n|turn|1\n|inactive|madbluecatz has 30 seconds left.\n|\n|t:|1699644461\n|move|p2b: Iron Bundle|Hydro Pump|p1a: Salazzle\n|-supereffective|p1a: Salazzle\n|-damage|p1a: Salazzle|0 fnt\n|-enditem|p1a: Salazzle|Air Balloon\n|faint|p1a: Salazzle\n|move|p2a: Zapdos|Tailwind|p2a: Zapdos\n|-sidestart|p2: Yahar|move: Tailwind\n|move|p1b: Salandit|Toxic|p2a: Zapdos\n|-status|p2a: Zapdos|tox\n|\n|-damage|p2a: Zapdos|94\/100 tox|[from] psn\n|upkeep\n|\n|t:|1699644476\n|switch|p1a: Muk|Muk-Alola, L50, M|100\/100\n|turn|2\n|\n|t:|1699644495\n|move|p2b: Iron Bundle|Icy Wind|p1a: Muk|[spread] p1a,p1b\n|-resisted|p1b: Salandit\n|-damage|p1a: Muk|83\/100\n|-damage|p1b: Salandit|89\/100\n|-unboost|p1a: Muk|spe|1\n|-unboost|p1b: Salandit|spe|1\n|move|p2a: Zapdos|Thunderbolt|p1a: Muk\n|-damage|p1a: Muk|52\/100\n|move|p1b: Salandit|Toxic Spikes|p2a: Zapdos\n|-sidestart|p2: Yahar|move: Toxic Spikes\n|move|p1a: Muk|Minimize|p1a: Muk\n|-boost|p1a: Muk|evasion|2\n|\n|-damage|p2a: Zapdos|82\/100 tox|[from] psn\n|upkeep\n|turn|3\n|inactive|Yahar has 30 seconds left.\n|\n|t:|1699644523\n|move|p2b: Iron Bundle|Freeze-Dry|p1a: Muk\n|-damage|p1a: Muk|24\/100\n|-enditem|p1a: Muk|Sitrus Berry|[eat]\n|-heal|p1a: Muk|48\/100|[from] item: Sitrus Berry\n|move|p2a: Zapdos|Thunderbolt|p1a: Muk\n|-damage|p1a: Muk|19\/100\n|move|p1b: Salandit|Toxic|p2b: Iron Bundle\n|-status|p2b: Iron Bundle|tox\n|move|p1a: Muk|Minimize|p1a: Muk\n|-boost|p1a: Muk|evasion|2\n|\n|-damage|p2b: Iron Bundle|95\/100 tox|[from] psn\n|-damage|p2a: Zapdos|63\/100 tox|[from] psn\n|upkeep\n|turn|4\n|\n|t:|1699644541\n|move|p2b: Iron Bundle|Freeze-Dry|p1a: Muk|[miss]\n|-miss|p2b: Iron Bundle|p1a: Muk\n|move|p2a: Zapdos|Thunderbolt|p1a: Muk|[miss]\n|-miss|p2a: Zapdos|p1a: Muk\n|move|p1b: Salandit|Toxic Spikes|p2a: Zapdos\n|-sidestart|p2: Yahar|move: Toxic Spikes\n|move|p1a: Muk|Recycle|p1a: Muk\n|-item|p1a: Muk|Sitrus Berry|[from] move: Recycle\n|-enditem|p1a: Muk|Sitrus Berry|[eat]\n|-heal|p1a: Muk|43\/100|[from] item: Sitrus Berry\n|\n|-damage|p2b: Iron Bundle|83\/100 tox|[from] psn\n|-damage|p2a: Zapdos|38\/100 tox|[from] psn\n|-sideend|p2: Yahar|move: Tailwind\n|upkeep\n|turn|5\n|\n|t:|1699644560\n|switch|p2a: Heatran|Heatran, L50, F, shiny|100\/100\n|move|p2b: Iron Bundle|Freeze-Dry|p1a: Muk|[miss]\n|-miss|p2b: Iron Bundle|p1a: Muk\n|move|p1b: Salandit|Overheat|p2a: Heatran\n|-start|p2a: Heatran|ability: Flash Fire\n|move|p1a: Muk|Recycle|p1a: Muk\n|-item|p1a: Muk|Sitrus Berry|[from] move: Recycle\n|-enditem|p1a: Muk|Sitrus Berry|[eat]\n|-heal|p1a: Muk|68\/100|[from] item: Sitrus Berry\n|\n|-damage|p2b: Iron Bundle|66\/100 tox|[from] psn\n|upkeep\n|turn|6\n|\n|t:|1699644584\n|move|p2b: Iron Bundle|Freeze-Dry|p1a: Muk\n|-damage|p1a: Muk|42\/100\n|move|p2a: Heatran|Earth Power|p1a: Muk\n|-supereffective|p1a: Muk\n|-damage|p1a: Muk|0 fnt\n|faint|p1a: Muk\n|move|p1b: Salandit|Toxic|p2a: Heatran\n|-status|p2a: Heatran|tox\n|\n|-damage|p2b: Iron Bundle|43\/100 tox|[from] psn\n|-damage|p2a: Heatran|95\/100 tox|[from] psn\n|upkeep\n|\n|t:|1699644594\n|switch|p1a: Wo-Chien|Wo-Chien, L50|100\/100\n|-ability|p1a: Wo-Chien|Tablets of Ruin\n|turn|7\n|inactive|madbluecatz has 30 seconds left.\n|\n|t:|1699644620\n|-terastallize|p2a: Heatran|Grass\n|-terastallize|p1a: Wo-Chien|Poison\n|move|p2b: Iron Bundle|Icy Wind|p1b: Salandit|[spread] p1a,p1b\n|-resisted|p1b: Salandit\n|-damage|p1a: Wo-Chien|86\/100\n|-damage|p1b: Salandit|77\/100\n|-unboost|p1a: Wo-Chien|spe|1\n|-unboost|p1b: Salandit|spe|1\n|move|p2a: Heatran|Earth Power|p1a: Wo-Chien\n|-supereffective|p1a: Wo-Chien\n|-damage|p1a: Wo-Chien|44\/100\n|move|p1a: Wo-Chien|Ingrain|p1a: Wo-Chien\n|-start|p1a: Wo-Chien|move: Ingrain\n|move|p1b: Salandit|Overheat|p2b: Iron Bundle\n|-damage|p2b: Iron Bundle|0 fnt\n|-unboost|p1b: Salandit|spa|2\n|faint|p2b: Iron Bundle\n|-end|p2b: Iron Bundle|Quark Drive|[silent]\n|\n|-heal|p1a: Wo-Chien|50\/100|[from] item: Leftovers\n|-heal|p1a: Wo-Chien|57\/100|[from] Ingrain\n|-damage|p2a: Heatran|83\/100 tox|[from] psn\n|upkeep\n|\n|t:|1699644637\n|switch|p2b: Urshifu|Urshifu, L50, M|100\/100\n|-status|p2b: Urshifu|tox\n|turn|8\n|inactive|madbluecatz has 30 seconds left.\n|\n|t:|1699644665\n|move|p2b: Urshifu|Wicked Blow|p1b: Salandit\n|-crit|p1b: Salandit\n|-damage|p1b: Salandit|26\/100\n|move|p2a: Heatran|Earth Power|p1a: Wo-Chien\n|-supereffective|p1a: Wo-Chien\n|-damage|p1a: Wo-Chien|15\/100\n|move|p1a: Wo-Chien|Leech Seed|p2b: Urshifu\n|-start|p2b: Urshifu|move: Leech Seed\n|move|p1b: Salandit|Overheat|p2b: Urshifu\n|-damage|p2b: Urshifu|76\/100 tox\n|-unboost|p1b: Salandit|spa|2\n|\n|-heal|p1a: Wo-Chien|21\/100|[from] item: Leftovers\n|-heal|p1a: Wo-Chien|28\/100|[from] Ingrain\n|-damage|p2b: Urshifu|64\/100 tox|[from] Leech Seed|[of] p1a: Wo-Chien\n|-heal|p1a: Wo-Chien|39\/100|[silent]\n|-damage|p2b: Urshifu|59\/100 tox|[from] psn\n|-damage|p2a: Heatran|65\/100 tox|[from] psn\n|upkeep\n|turn|9\n|l|\u2606Yahar\n|inactive|Yahar disconnected and has a minute to reconnect!\n|player|p2|\n|j|\u2606Yahar\n|inactive|Yahar reconnected and has 40 seconds left.\n|player|p2|Yahar|shauntal\n|inactive|madbluecatz has 30 seconds left.\n|inactive|madbluecatz has 20 seconds left.\n|\n|t:|1699644700\n|move|p2b: Urshifu|Wicked Blow|p1b: Salandit\n|-crit|p1b: Salandit\n|-damage|p1b: Salandit|0 fnt\n|faint|p1b: Salandit\n|move|p2a: Heatran|Earth Power|p1a: Wo-Chien\n|-supereffective|p1a: Wo-Chien\n|-damage|p1a: Wo-Chien|0 fnt\n|faint|p1a: Wo-Chien\n|\n|win|Yahar\n|raw|madbluecatz's rating: 1076 &rarr; <strong>1054<\/strong><br \/>(-22 for losing)\n|raw|Yahar's rating: 1064 &rarr; <strong>1095<\/strong><br \/>(+31 for winning)\n|l|\u2606Yahar\n|l|\u2606madbluecatz\n|j|\u2606Yahar\n|player|p2|Yahar|shauntal\n","uploadtime":1699644722,"views":23,"p1id":"madbluecatz","p2id":"yahar","formatid":"gen9vgc2023regulatione","rating":1054,"private":0,"password":""}