{"id":"gen9vgc2023regulatione-1989846438","p1":"WickedCheeseTouch","p2":"Bitt 24","format":"[Gen 9] VGC 2023 Regulation E","log":"|j|\u2606WickedCheeseTouch\n|j|\u2606Bitt 24\n|t:|1699900620\n|gametype|doubles\n|player|p1|WickedCheeseTouch|lucas|\n|player|p2|Bitt 24|265|\n|teamsize|p1|6\n|teamsize|p2|6\n|gen|9\n|tier|[Gen 9] VGC 2023 Regulation E\n|rated|Tournament battle\n|rule|Species Clause: Limit one of each Pok\u00e9mon\n|rule|Item Clause: Limit one of each item\n|clearpoke\n|poke|p1|Flutter Mane, L50|\n|poke|p1|Chien-Pao, L50|\n|poke|p1|Tornadus, L50, M|\n|poke|p1|Rillaboom, L50, M|\n|poke|p1|Urshifu-*, L50, M|\n|poke|p1|Arcanine-Hisui, L50, M|\n|poke|p2|Heatran, L50, M|\n|poke|p2|Ogerpon-Wellspring, L50, F|\n|poke|p2|Rillaboom, L50, F|\n|poke|p2|Landorus-Therian, L50, M|\n|poke|p2|Ninetales-Alola, L50, F|\n|poke|p2|Tornadus, L50, M|\n|teampreview|4\n|showteam|p1|Flutter Mane||BoosterEnergy|Protosynthesis|Moonblast,DazzlingGleam,ShadowBall,Protect||||||50|,,,,,Fairy]Chien-Pao||FocusSash|SwordofRuin|IcicleCrash,SuckerPunch,SacredSword,Protect||||||50|,,,,,Ghost]Tornadus||CovertCloak|Prankster|BleakwindStorm,RainDance,Tailwind,Taunt|||M|||50|,,,,,Steel]Rillaboom||AssaultVest|GrassySurge|WoodHammer,GrassyGlide,Uturn,FakeOut|||M|||50|,,,,,Fire]Urshifu-Rapid-Strike||MysticWater|UnseenFist|SurgingStrikes,AquaJet,CloseCombat,Detect|||M|||50|,,,,,Water]Arcanine-Hisui||ChoiceBand|Intimidate|ExtremeSpeed,RockSlide,FlareBlitz,HeadSmash|||M|||50|,,,,,Normal\n|showteam|p2|Heatran||ShucaBerry|FlashFire|Protect,HeatWave,FlashCannon,EarthPower|||M|||50|,,,,,Fairy]Ogerpon-Wellspring||WellspringMask|WaterAbsorb|FollowMe,GrassyGlide,IvyCudgel,SpikyShield|||F|||50|,,,,,Water]Rillaboom||AssaultVest|GrassySurge|GrassyGlide,WoodHammer,FakeOut,HighHorsepower|||F|||50|,,,,,Grass]Landorus-Therian||ChoiceScarf|Intimidate|Uturn,TeraBlast,StompingTantrum,RockSlide|||M|||50|,,,,,Flying]Ninetales-Alola||FocusSash|SnowWarning|AuroraVeil,Blizzard,Moonblast,Protect|||F|||50|,,,,,Fairy]Tornadus||CovertCloak|Prankster|Tailwind,BleakwindStorm,Taunt,Protect|||M|||50|,,,,,Flying\n|j| Deli(VeryReal)\n|j| Bradgga\n|c| Deli(VeryReal)|i fucking hate how smug rillaboom looks\n|c| Deli(VeryReal)|like what is his ass plotting\n|c|\u2606Bitt 24|Lol\n|\n|t:|1699900685\n|start\n|switch|p1a: Urshifu|Urshifu-Rapid-Strike, L50, M|100\/100\n|switch|p1b: Tornadus|Tornadus, L50, M, shiny|100\/100\n|switch|p2a: Ninetales|Ninetales-Alola, L50, F|100\/100\n|switch|p2b: Rillaboom|Rillaboom, L50, F|100\/100\n|-weather|Snow|[from] ability: Snow Warning|[of] p2a: Ninetales\n|-fieldstart|move: Grassy Terrain|[from] ability: Grassy Surge|[of] p2b: Rillaboom\n|turn|1\n|\n|t:|1699900706\n|switch|p1a: Rillaboom|Rillaboom, L50, M, shiny|100\/100\n|move|p2b: Rillaboom|Fake Out|p1a: Rillaboom\n|-damage|p1a: Rillaboom|85\/100\n|move|p2a: Ninetales|Blizzard|p1a: Rillaboom|[spread] p1a,p1b\n|-supereffective|p1a: Rillaboom\n|-supereffective|p1b: Tornadus\n|-damage|p1a: Rillaboom|43\/100\n|-damage|p1b: Tornadus|35\/100\n|move|p1b: Tornadus|Bleakwind Storm|p2b: Rillaboom|[spread] p2a,p2b\n|-supereffective|p2b: Rillaboom\n|-damage|p2a: Ninetales|64\/100\n|-damage|p2b: Rillaboom|47\/100\n|\n|-weather|Snow|[upkeep]\n|-heal|p2a: Ninetales|70\/100|[from] Grassy Terrain\n|-heal|p1a: Rillaboom|49\/100|[from] Grassy Terrain\n|-heal|p2b: Rillaboom|53\/100|[from] Grassy Terrain\n|upkeep\n|turn|2\n|j| omegaruby35\n|l| omegaruby35\n|\n|t:|1699900729\n|switch|p2b: Landorus|Landorus-Therian, L50, M|100\/100\n|-ability|p2b: Landorus|Intimidate|boost\n|-unboost|p1a: Rillaboom|atk|1\n|-unboost|p1b: Tornadus|atk|1\n|move|p1b: Tornadus|Tailwind|p1b: Tornadus\n|-sidestart|p1: WickedCheeseTouch|move: Tailwind\n|move|p1a: Rillaboom|Wood Hammer|p2a: Ninetales\n|-damage|p2a: Ninetales|16\/100\n|-damage|p1a: Rillaboom|36\/100|[from] Recoil\n|move|p2a: Ninetales|Blizzard|p1a: Rillaboom|[spread] p1a,p1b\n|-supereffective|p1a: Rillaboom\n|-supereffective|p1b: Tornadus\n|-damage|p1a: Rillaboom|0 fnt\n|-damage|p1b: Tornadus|0 fnt\n|faint|p1a: Rillaboom\n|faint|p1b: Tornadus\n|\n|-weather|Snow|[upkeep]\n|-heal|p2a: Ninetales|22\/100|[from] Grassy Terrain\n|upkeep\n|\n|t:|1699900741\n|switch|p1b: Urshifu|Urshifu-Rapid-Strike, L50, M|100\/100\n|switch|p1a: Chien-Pao|Chien-Pao, L50|100\/100\n|-ability|p1a: Chien-Pao|Sword of Ruin\n|turn|3\n|j| KasperOfHoenn\n|\n|t:|1699900805\n|move|p1a: Chien-Pao|Icicle Crash|p2b: Landorus|[miss]\n|-miss|p1a: Chien-Pao|p2b: Landorus\n|move|p1b: Urshifu|Surging Strikes|p2a: Ninetales\n|-crit|p2a: Ninetales\n|-damage|p2a: Ninetales|0 fnt\n|faint|p2a: Ninetales\n|-hitcount|p2: Ninetales|1\n|move|p2b: Landorus|U-turn|p1a: Chien-Pao\n|-supereffective|p1a: Chien-Pao\n|-damage|p1a: Chien-Pao|53\/100\n|c| Deli(VeryReal)|moment in time\n|\n|t:|1699900818\n|switch|p2b: Heatran|Heatran, L50, M|100\/100|[from] U-turn\n|\n|-weather|Snow|[upkeep]\n|-heal|p1a: Chien-Pao|59\/100|[from] Grassy Terrain\n|upkeep\n|\n|t:|1699900820\n|switch|p2a: Landorus|Landorus-Therian, L50, M|100\/100\n|-ability|p2a: Landorus|Intimidate|boost\n|-unboost|p1a: Chien-Pao|atk|1\n|-unboost|p1b: Urshifu|atk|1\n|turn|4\n|\n|t:|1699900836\n|switch|p2b: Rillaboom|Rillaboom, L50, F|53\/100\n|-terastallize|p1b: Urshifu|Water\n|-terastallize|p2a: Landorus|Flying\n|move|p1a: Chien-Pao|Icicle Crash|p2a: Landorus\n|-supereffective|p2a: Landorus\n|-damage|p2a: Landorus|2\/100\n|move|p1b: Urshifu|Surging Strikes|p2b: Rillaboom\n|-resisted|p2b: Rillaboom\n|-crit|p2b: Rillaboom\n|-damage|p2b: Rillaboom|30\/100\n|-resisted|p2b: Rillaboom\n|-crit|p2b: Rillaboom\n|-damage|p2b: Rillaboom|7\/100\n|-resisted|p2b: Rillaboom\n|-crit|p2b: Rillaboom\n|-damage|p2b: Rillaboom|0 fnt\n|faint|p2b: Rillaboom\n|-hitcount|p2: Rillaboom|3\n|cant|p2a: Landorus|flinch\n|\n|-weather|Snow|[upkeep]\n|-heal|p1a: Chien-Pao|64\/100|[from] Grassy Terrain\n|upkeep\n|\n|t:|1699900848\n|switch|p2b: Heatran|Heatran, L50, M|100\/100\n|turn|5\n|c|\u2606Bitt 24|Gg\n|c|\u2606WickedCheeseTouch|gg\n|\n|t:|1699900857\n|move|p1a: Chien-Pao|Sucker Punch|p2a: Landorus\n|-damage|p2a: Landorus|0 fnt\n|faint|p2a: Landorus\n|move|p1b: Urshifu|Surging Strikes|p2b: Heatran\n|-supereffective|p2b: Heatran\n|-crit|p2b: Heatran\n|-damage|p2b: Heatran|22\/100\n|-supereffective|p2b: Heatran\n|-crit|p2b: Heatran\n|-damage|p2b: Heatran|0 fnt\n|faint|p2b: Heatran\n|-hitcount|p2: Heatran|2\n|\n|win|WickedCheeseTouch\n|n|\u2606WickedCheeseTouch|wickedcheesetouch\n|n|\u2606Bitt 24|bitt24\n|n| Deli(VeryReal)|deliveryreal\n|n| Bradgga|bradgga\n|n| KasperOfHoenn|kasperofhoenn\n","uploadtime":1699900859,"views":12,"p1id":"wickedcheesetouch","p2id":"bitt24","formatid":"gen9vgc2023regulatione","rating":0,"private":0,"password":""}