{"id":"gen9vgc2023regulatione-1993799201","p1":"JayMcG1010","p2":"NovaSirius","format":"[Gen 9] VGC 2023 Regulation E","log":"|j|\u2606JayMcG1010\n|j|\u203dNovaSirius\n|n|\u2606JayMcG1010|jaymcg1010\n|n|\u203dNovaSirius|novasirius\n|html|View the match progress at <a href=\"\/game-bestof3-gen9vgc2023regulatione-1993799200\">game-bestof3-gen9vgc2023regulatione-1993799200<\/a>\n|t:|1700358670\n|gametype|doubles\n|player|p1|JayMcG1010|266|\n|player|p2|NovaSirius|clair|\n|teamsize|p1|6\n|teamsize|p2|6\n|gen|9\n|tier|[Gen 9] VGC 2023 Regulation E\n|rule|Species Clause: Limit one of each Pok\u00e9mon\n|rule|Item Clause: Limit one of each item\n|clearpoke\n|poke|p1|Torterra, L50, F|\n|poke|p1|Rotom-Frost, L50|\n|poke|p1|Sentret, L50, F|\n|poke|p1|Dusknoir, L50, M|\n|poke|p1|Tatsugiri, L50, M|\n|poke|p1|Gardevoir, L50, M|\n|poke|p2|Vivillon-Monsoon, L50, F|\n|poke|p2|Uxie, L50|\n|poke|p2|Ludicolo, L50, M|\n|poke|p2|Clodsire, L50, F|\n|poke|p2|Barraskewda, L50, M|\n|poke|p2|Luxray, L50, M|\n|teampreview|4\nJayMcG1010 rejected open team sheets.\n|c|\u2606JayMcG1010|glhf!\n|\n|t:|1700358771\n|start\n|switch|p1a: Its Broken|Rotom-Frost, L50|100\/100\n|switch|p1b: I hit it well|Dusknoir, L50, M|100\/100\n|switch|p2a: Uxie|Uxie, L50|100\/100\n|switch|p2b: Vivillon|Vivillon-Monsoon, L50, F|100\/100\n|-item|p2a: Uxie|Figy Berry|[from] ability: Frisk|[of] p1b: I hit it well|[identify]\n|-item|p2b: Vivillon|Mental Herb|[from] ability: Frisk|[of] p1b: I hit it well|[identify]\n|turn|1\n|\n|t:|1700358798\n|move|p2b: Vivillon|Sleep Powder|p1a: Its Broken\n|-status|p1a: Its Broken|slp|[from] move: Sleep Powder\n|move|p2a: Uxie|Knock Off|p1b: I hit it well\n|-supereffective|p1b: I hit it well\n|-damage|p1b: I hit it well|69\/100\n|-enditem|p1b: I hit it well|Safety Goggles|[from] move: Knock Off|[of] p2a: Uxie\n|cant|p1a: Its Broken|slp\n|move|p1b: I hit it well|Trick Room|p1b: I hit it well\n|-fieldstart|move: Trick Room|[of] p1b: I hit it well\n|\n|upkeep\n|turn|2\n|\n|t:|1700358814\n|move|p2a: Uxie|Protect|p2a: Uxie\n|-singleturn|p2a: Uxie|Protect\n|move|p1b: I hit it well|Poltergeist|p2a: Uxie\n|-activate|p2a: Uxie|move: Protect\n|cant|p1a: Its Broken|slp\n|move|p2b: Vivillon|Sleep Powder|p1b: I hit it well|[miss]\n|-miss|p2b: Vivillon|p1b: I hit it well\n|\n|upkeep\n|turn|3\n|\n|t:|1700358833\n|switch|p2a: Clodsire|Clodsire, L50, F|100\/100\n|move|p1b: I hit it well|Poltergeist||[still]\n|-fail|p1b: I hit it well\n|-curestatus|p1a: Its Broken|slp|[msg]\n|move|p1a: Its Broken|Nasty Plot|p1a: Its Broken\n|-boost|p1a: Its Broken|spa|2\n|move|p2b: Vivillon|Pollen Puff|p2a: Clodsire\n|-immune|p2a: Clodsire\n|\n|upkeep\n|turn|4\n|\n|t:|1700358850\n|switch|p1b: 9iron|Torterra, L50, F|100\/100\n|-terastallize|p1a: Its Broken|Grass\n|move|p2b: Vivillon|Rage Powder|p2b: Vivillon\n|-singleturn|p2b: Vivillon|move: Rage Powder\n|move|p2a: Clodsire|Yawn|p1a: Its Broken\n|-start|p1a: Its Broken|move: Yawn|[of] p2a: Clodsire\n|move|p1a: Its Broken|Blizzard|p2a: Clodsire|[spread] p2a,p2b\n|-supereffective|p2a: Clodsire\n|-supereffective|p2b: Vivillon\n|-damage|p2a: Clodsire|39\/100\n|-damage|p2b: Vivillon|0 fnt\n|faint|p2b: Vivillon\n|\n|upkeep\n|\n|t:|1700358864\n|switch|p2b: Uxie|Uxie, L50|100\/100\n|turn|5\n|\n|t:|1700358873\n|move|p2a: Clodsire|High Horsepower|p1b: 9iron\n|-resisted|p1b: 9iron\n|-damage|p1b: 9iron|87\/100\n|move|p1b: 9iron|Shell Smash|p1b: 9iron\n|-unboost|p1b: 9iron|def|1\n|-unboost|p1b: 9iron|spd|1\n|-boost|p1b: 9iron|atk|2\n|-boost|p1b: 9iron|spa|2\n|-boost|p1b: 9iron|spe|2\n|-enditem|p1b: 9iron|White Herb\n|-clearnegativeboost|p1b: 9iron|[silent]\n|move|p1a: Its Broken|Blizzard|p2a: Clodsire|[spread] p2a\n|-miss|p1a: Its Broken|p2b: Uxie\n|-supereffective|p2a: Clodsire\n|-damage|p2a: Clodsire|0 fnt\n|faint|p2a: Clodsire\n|move|p2b: Uxie|Rain Dance|p2b: Uxie\n|-weather|RainDance\n|\n|-weather|RainDance|[upkeep]\n|-end|p1a: Its Broken|move: Yawn|[silent]\n|-status|p1a: Its Broken|slp\n|-fieldend|move: Trick Room\n|upkeep\n|\n|t:|1700358889\n|switch|p2a: Ludicolo|Ludicolo, L50, M|100\/100\n|turn|6\n|\n|t:|1700358903\n|move|p1b: 9iron|Protect|p1b: 9iron\n|-singleturn|p1b: 9iron|Protect\n|move|p2a: Ludicolo|Ice Beam|p1b: 9iron\n|-activate|p1b: 9iron|move: Protect\n|move|p2b: Uxie|Knock Off|p1a: Its Broken\n|-damage|p1a: Its Broken|81\/100 slp\n|-enditem|p1a: Its Broken|Sitrus Berry|[from] move: Knock Off|[of] p2b: Uxie\n|cant|p1a: Its Broken|slp\n|\n|-weather|RainDance|[upkeep]\n|upkeep\n|turn|7\n|\n|t:|1700358927\n|move|p1b: 9iron|Protect|p1b: 9iron\n|-singleturn|p1b: 9iron|Protect\n|move|p2b: Uxie|Ally Switch|p2b: Uxie\n|swap|p2b: Uxie|0|[from] move: Ally Switch\n|move|p2b: Ludicolo|Ice Beam|p1b: 9iron\n|-activate|p1b: 9iron|move: Protect\n|cant|p1a: Its Broken|slp\n|\n|-weather|RainDance|[upkeep]\n|upkeep\n|turn|8\n|\n|t:|1700358951\n|move|p2b: Ludicolo|Ice Beam|p1b: 9iron\n|-supereffective|p1b: 9iron\n|-damage|p1b: 9iron|0 fnt\n|faint|p1b: 9iron\n|move|p2a: Uxie|Knock Off|p1a: Its Broken\n|-damage|p1a: Its Broken|67\/100 slp\n|cant|p1a: Its Broken|slp\n|\n|-weather|RainDance|[upkeep]\n|upkeep\n|\n|t:|1700358960\n|switch|p1b: I hit it well|Dusknoir, L50, M|69\/100\n|-item|p2a: Uxie|Figy Berry|[from] ability: Frisk|[of] p1b: I hit it well|[identify]\n|-item|p2b: Ludicolo|Assault Vest|[from] ability: Frisk|[of] p1b: I hit it well|[identify]\n|turn|9\n|\n|t:|1700358979\n|-curestatus|p1a: Its Broken|slp|[msg]\n|move|p1a: Its Broken|Protect|p1a: Its Broken\n|-singleturn|p1a: Its Broken|Protect\n|move|p2b: Ludicolo|Ice Beam|p1a: Its Broken\n|-activate|p1a: Its Broken|move: Protect\n|move|p2a: Uxie|Knock Off|p1b: I hit it well\n|-supereffective|p1b: I hit it well\n|-damage|p1b: I hit it well|47\/100\n|move|p1b: I hit it well|Poltergeist|p2b: Ludicolo\n|-activate|p2b: Ludicolo|move: Poltergeist|Assault Vest\n|-damage|p2b: Ludicolo|8\/100\n|\n|-weather|none\n|upkeep\n|turn|10\n|\n|t:|1700358999\n|switch|p1a: And now its|Tatsugiri, L50, M|100\/100\n|move|p2b: Ludicolo|Ice Beam|p1a: And now its\n|-damage|p1a: And now its|69\/100\n|move|p2a: Uxie|Knock Off|p1b: I hit it well\n|-supereffective|p1b: I hit it well\n|-damage|p1b: I hit it well|23\/100\n|move|p1b: I hit it well|Poltergeist|p2b: Ludicolo\n|-activate|p2b: Ludicolo|move: Poltergeist|Assault Vest\n|-damage|p2b: Ludicolo|0 fnt\n|faint|p2b: Ludicolo\n|\n|upkeep\n|turn|11\n|\n|t:|1700359021\n|switch|p1b: Its Broken|Rotom-Frost, L50, tera:Grass|67\/100\n|-terastallize|p2a: Uxie|Dark\n|move|p1a: And now its|Soak|p2a: Uxie\n|-fail|p2a: Uxie\n|move|p2a: Uxie|Knock Off|p1b: Its Broken\n|-damage|p1b: Its Broken|50\/100\n|\n|upkeep\n|turn|12\n|\n|t:|1700359033\n|switch|p1a: I hit it well|Dusknoir, L50, M|23\/100\n|-item|p2a: Uxie|Figy Berry|[from] ability: Frisk|[of] p1a: I hit it well|[identify]\n|move|p2a: Uxie|Knock Off|p1b: Its Broken\n|-damage|p1b: Its Broken|29\/100\n|move|p1b: Its Broken|Nasty Plot|p1b: Its Broken\n|-boost|p1b: Its Broken|spa|2\n|\n|upkeep\n|turn|13\n|\n|t:|1700359049\n|move|p2a: Uxie|Knock Off|p1b: Its Broken\n|-damage|p1b: Its Broken|9\/100\n|move|p1b: Its Broken|Blizzard|p2a: Uxie\n|-damage|p2a: Uxie|44\/100\n|move|p1a: I hit it well|Poltergeist|p2a: Uxie\n|-activate|p2a: Uxie|move: Poltergeist|Figy Berry\n|-resisted|p2a: Uxie\n|-damage|p2a: Uxie|25\/100\n|-enditem|p2a: Uxie|Figy Berry|[eat]\n|-heal|p2a: Uxie|58\/100|[from] item: Figy Berry\n|\n|upkeep\n|turn|14\n|\n|t:|1700359061\n|move|p1b: Its Broken|Protect|p1b: Its Broken\n|-singleturn|p1b: Its Broken|Protect\n|move|p2a: Uxie|Knock Off|p1b: Its Broken\n|-activate|p1b: Its Broken|move: Protect\n|move|p1a: I hit it well|Trick Room|p1a: I hit it well\n|-fieldstart|move: Trick Room|[of] p1a: I hit it well\n|\n|upkeep\n|turn|15\n|\n|t:|1700359072\n|move|p1a: I hit it well|Poltergeist||[still]\n|-fail|p1a: I hit it well\n|move|p1b: Its Broken|Blizzard|p2a: Uxie\n|-damage|p2a: Uxie|0 fnt\n|faint|p2a: Uxie\n|\n|win|JayMcG1010\n|c|\u2606JayMcG1010|ggs!\\\n|c|&|\/uhtml prompt-jaymcg1010,JayMcG1010 is ready for game 2!\n|inactive|NovaSirius has 50 seconds to confirm battle start!\n|c|&|\/uhtml prompt-novasirius,NovaSirius is ready for game 2!\nBoth players are ready! Starting next match!\n|l|\u203dNovaSirius\n","uploadtime":1700359964,"views":30,"p1id":"jaymcg1010","p2id":"novasirius","formatid":"gen9vgc2023regulatione","rating":0,"private":0,"password":""}