{"id":"gen9vgc2023regulatione-1994360309","p1":"Kilowattrel Fan","p2":"Osprey11","format":"[Gen 9] VGC 2023 Regulation E","log":"|j|\u2606Kilowattrel Fan\n|j|\u2606Osprey11\n|n|\u2606Kilowattrel Fan|kilowattrelfan\n|n|\u2606Osprey11|osprey11\n|html|View the match progress at <a href=\"\/game-bestof3-gen9vgc2023regulatione-1994355508\">game-bestof3-gen9vgc2023regulatione-1994355508<\/a>\n|t:|1700435056\n|gametype|doubles\n|player|p1|Kilowattrel Fan|riley|\n|player|p2|Osprey11|101|\n|teamsize|p1|6\n|teamsize|p2|6\n|gen|9\n|tier|[Gen 9] VGC 2023 Regulation E\n|rule|Species Clause: Limit one of each Pok\u00e9mon\n|rule|Item Clause: Limit one of each item\n|clearpoke\n|poke|p1|Torkoal, L50, M|\n|poke|p1|Lilligant-Hisui, L50, F|\n|poke|p1|Flutter Mane, L50|\n|poke|p1|Landorus-Therian, L50, M|\n|poke|p1|Kingambit, L50, M|\n|poke|p1|Iron Hands, L50|\n|poke|p2|Moltres-Galar, L50|\n|poke|p2|Sinistcha, L50|\n|poke|p2|Iron Hands, L50|\n|poke|p2|Ogerpon-Wellspring, L50, F|\n|poke|p2|Arcanine-Hisui, L50, M|\n|poke|p2|Tornadus, L50, M|\n|teampreview|4\nOsprey11 has agreed to open team sheets.\n|\n|t:|1700435085\n|start\n|switch|p1a: Sun Supplier|Torkoal, L50, M|100\/100\n|switch|p1b: Broken Mon|Flutter Mane, L50|100\/100\n|switch|p2a: Iron Hands|Iron Hands, L50|100\/100\n|switch|p2b: Arcanine|Arcanine-Hisui, L50, M|100\/100\n|-ability|p2b: Arcanine|Intimidate|boost\n|-unboost|p1a: Sun Supplier|atk|1\n|-unboost|p1b: Broken Mon|atk|1\n|-weather|SunnyDay|[from] ability: Drought|[of] p1a: Sun Supplier\n|-activate|p1b: Broken Mon|ability: Protosynthesis\n|-start|p1b: Broken Mon|protosynthesisspa\n|turn|1\n|\n|t:|1700435138\n|move|p1b: Broken Mon|Power Gem|p2a: Iron Hands\n|-resisted|p2a: Iron Hands\n|-damage|p2a: Iron Hands|86\/100\n|move|p2b: Arcanine|Flare Blitz|p1b: Broken Mon\n|-damage|p1b: Broken Mon|0 fnt\n|faint|p1b: Broken Mon\n|-end|p1b: Broken Mon|Protosynthesis|[silent]\n|-damage|p2b: Arcanine|79\/100|[from] Recoil\n|move|p2a: Iron Hands|Heavy Slam|p1a: Sun Supplier\n|-resisted|p1a: Sun Supplier\n|-damage|p1a: Sun Supplier|87\/100\n|move|p1a: Sun Supplier|Earth Power|p2a: Iron Hands\n|-supereffective|p2a: Iron Hands\n|-damage|p2a: Iron Hands|58\/100\n|\n|-weather|SunnyDay|[upkeep]\n|upkeep\n|\n|t:|1700435156\n|switch|p1b: Angry Cat|Landorus-Therian, L50, M|100\/100\n|-ability|p1b: Angry Cat|Intimidate|boost\n|-unboost|p2a: Iron Hands|atk|1\n|-unboost|p2b: Arcanine|atk|1\n|turn|2\n|\n|t:|1700435179\n|-end|p2a: Iron Hands|Quark Drive|[silent]\n|switch|p2a: Tornadus|Tornadus, L50, M|100\/100\n|-terastallize|p2b: Arcanine|Grass\n|move|p1b: Angry Cat|Stomping Tantrum|p2b: Arcanine\n|-resisted|p2b: Arcanine\n|-damage|p2b: Arcanine|59\/100\n|move|p2b: Arcanine|Will-O-Wisp|p1b: Angry Cat\n|-status|p1b: Angry Cat|brn\n|move|p1a: Sun Supplier|Earth Power|p2b: Arcanine\n|-resisted|p2b: Arcanine\n|-damage|p2b: Arcanine|48\/100\n|-enditem|p2b: Arcanine|Sitrus Berry|[eat]\n|-heal|p2b: Arcanine|72\/100|[from] item: Sitrus Berry\n|\n|-weather|SunnyDay|[upkeep]\n|-damage|p1b: Angry Cat|94\/100 brn|[from] brn\n|upkeep\n|turn|3\n|\n|t:|1700435209\n|switch|p1b: Brian|Iron Hands, L50|100\/100\n|switch|p2b: Ogerpon|Ogerpon-Wellspring, L50, F|100\/100\n|move|p2a: Tornadus|Rain Dance|p2a: Tornadus\n|-weather|RainDance\n|move|p1a: Sun Supplier|Flamethrower|p2b: Ogerpon\n|-damage|p2b: Ogerpon|80\/100\n|\n|-weather|RainDance|[upkeep]\n|upkeep\n|turn|4\n|\n|t:|1700435232\n|switch|p1a: Angry Cat|Landorus-Therian, L50, M|94\/100 brn\n|-ability|p1a: Angry Cat|Intimidate|boost\n|-unboost|p2a: Tornadus|atk|1\n|-unboost|p2b: Ogerpon|atk|1\n|move|p2a: Tornadus|Bleakwind Storm|p1b: Brian|[spread] p1a,p1b\n|-damage|p1a: Angry Cat|50\/100 brn\n|-damage|p1b: Brian|86\/100\n|-unboost|p1b: Brian|spe|1\n|move|p2b: Ogerpon|Ivy Cudgel|p1a: Angry Cat|[anim] Ivy Cudgel Water\n|-supereffective|p1a: Angry Cat\n|-crit|p1a: Angry Cat\n|-damage|p1a: Angry Cat|0 fnt\n|faint|p1a: Angry Cat\n|move|p1b: Brian|Wild Charge|p2a: Tornadus\n|-supereffective|p2a: Tornadus\n|-damage|p2a: Tornadus|0 fnt\n|faint|p2a: Tornadus\n|-damage|p1b: Brian|67\/100|[from] Recoil\n|\n|-weather|RainDance|[upkeep]\n|upkeep\n|\n|t:|1700435255\n|switch|p1a: Sun Supplier|Torkoal, L50, M|87\/100\n|switch|p2a: Arcanine|Arcanine-Hisui, L50, M, tera:Grass|72\/100\n|-ability|p2a: Arcanine|Intimidate|boost\n|-unboost|p1a: Sun Supplier|atk|1\n|-unboost|p1b: Brian|atk|1\n|-weather|SunnyDay|[from] ability: Drought|[of] p1a: Sun Supplier\n|turn|5\n|\n|t:|1700435287\n|-terastallize|p1b: Brian|Water\n|move|p1a: Sun Supplier|Protect|p1a: Sun Supplier\n|-singleturn|p1a: Sun Supplier|Protect\n|move|p2b: Ogerpon|Ivy Cudgel|p1a: Sun Supplier|[anim] Ivy Cudgel Water\n|-activate|p1a: Sun Supplier|move: Protect\n|move|p2a: Arcanine|Rock Slide|p1a: Sun Supplier|[spread] p1b\n|-activate|p1a: Sun Supplier|move: Protect\n|-damage|p1b: Brian|52\/100\n|move|p1b: Brian|Wild Charge|p2b: Ogerpon\n|-damage|p2b: Ogerpon|52\/100\n|-damage|p1b: Brian|47\/100|[from] Recoil\n|\n|-weather|SunnyDay|[upkeep]\n|upkeep\n|turn|6\n|\n|t:|1700435318\n|move|p2b: Ogerpon|Ivy Cudgel|p1a: Sun Supplier|[anim] Ivy Cudgel Water\n|-supereffective|p1a: Sun Supplier\n|-damage|p1a: Sun Supplier|62\/100\n|move|p2a: Arcanine|Rock Slide|p1b: Brian|[spread] p1a\n|-miss|p2a: Arcanine|p1b: Brian\n|-supereffective|p1a: Sun Supplier\n|-damage|p1a: Sun Supplier|28\/100\n|move|p1b: Brian|Drain Punch|p2b: Ogerpon\n|-damage|p2b: Ogerpon|25\/100\n|-heal|p1b: Brian|58\/100|[from] drain|[of] p2b: Ogerpon\n|cant|p1a: Sun Supplier|flinch\n|\n|-weather|SunnyDay|[upkeep]\n|upkeep\n|turn|7\n|\n|t:|1700435341\n|switch|p2b: Iron Hands|Iron Hands, L50|58\/100\n|move|p2a: Arcanine|Will-O-Wisp|p1b: Brian\n|-status|p1b: Brian|brn\n|move|p1b: Brian|Drain Punch|p2b: Iron Hands\n|-damage|p2b: Iron Hands|49\/100\n|-heal|p1b: Brian|62\/100 brn|[from] drain|[of] p2b: Iron Hands\n|move|p1a: Sun Supplier|Flamethrower|p2a: Arcanine\n|-supereffective|p2a: Arcanine\n|-damage|p2a: Arcanine|0 fnt\n|faint|p2a: Arcanine\n|\n|-weather|SunnyDay|[upkeep]\n|-damage|p1b: Brian|57\/100 brn|[from] brn\n|upkeep\n|\n|t:|1700435354\n|switch|p2a: Ogerpon|Ogerpon-Wellspring, L50, F|25\/100\n|turn|8\n|\n|t:|1700435392\n|move|p2b: Iron Hands|Fake Out|p1a: Sun Supplier\n|-damage|p1a: Sun Supplier|16\/100\n|move|p2a: Ogerpon|Horn Leech|p1b: Brian\n|-supereffective|p1b: Brian\n|-damage|p1b: Brian|11\/100 brn\n|-heal|p2a: Ogerpon|55\/100|[from] drain|[of] p1b: Brian\n|move|p1b: Brian|Drain Punch|p2b: Iron Hands\n|-damage|p2b: Iron Hands|39\/100\n|-heal|p1b: Brian|16\/100 brn|[from] drain|[of] p2b: Iron Hands\n|cant|p1a: Sun Supplier|flinch\n|\n|-weather|SunnyDay|[upkeep]\n|-damage|p1b: Brian|10\/100 brn|[from] brn\n|upkeep\n|turn|9\n|\n|t:|1700435409\n|move|p2a: Ogerpon|Ivy Cudgel|p1a: Sun Supplier|[anim] Ivy Cudgel Water\n|-supereffective|p1a: Sun Supplier\n|-crit|p1a: Sun Supplier\n|-damage|p1a: Sun Supplier|0 fnt\n|faint|p1a: Sun Supplier\n|move|p2b: Iron Hands|Drain Punch|p1b: Brian\n|-damage|p1b: Brian|0 fnt\n|-heal|p2b: Iron Hands|44\/100|[from] drain|[of] p1b: Brian\n|faint|p1b: Brian\n|-end|p1b: Brian|Quark Drive|[silent]\n|\n|win|Osprey11\n","uploadtime":1700435426,"views":6,"p1id":"kilowattrelfan","p2id":"osprey11","formatid":"gen9vgc2023regulatione","rating":0,"private":0,"password":""}