{"id":"gen9vgc2023regulatione-1992131987","p1":"namboyVGC","p2":"N0rin","format":"[Gen 9] VGC 2023 Regulation E","log":"|j|\u2606namboyVGC\n|j|\u2606N0rin\n|n|\u2606namboyVGC|namboyvgc\n|n|\u2606N0rin|n0rin\n|html|View the match progress at <a href=\"\/game-bestof3-gen9vgc2023regulatione-1992131986\">game-bestof3-gen9vgc2023regulatione-1992131986<\/a>\n|t:|1700157688\n|gametype|doubles\n|player|p1|namboyVGC|youngster-gen4dp|\n|player|p2|N0rin|psychic-gen4|\n|teamsize|p1|6\n|teamsize|p2|6\n|gen|9\n|tier|[Gen 9] VGC 2023 Regulation E\n|rule|Species Clause: Limit one of each Pok\u00e9mon\n|rule|Item Clause: Limit one of each item\n|clearpoke\n|poke|p1|Farigiraf, L50, F|\n|poke|p1|Gholdengo, L50|\n|poke|p1|Ogerpon-Wellspring, L50, F|\n|poke|p1|Iron Hands, L50|\n|poke|p1|Enamorus-Therian, L50, F|\n|poke|p1|Roaring Moon, L50|\n|poke|p2|Talonflame, L50, M|\n|poke|p2|Sinistcha, L50|\n|poke|p2|Ogerpon-Wellspring, L50, F|\n|poke|p2|Landorus-Therian, L50, M|\n|poke|p2|Gholdengo, L50|\n|poke|p2|Iron Hands, L50|\n|teampreview|4\n|inactive|Battle timer is ON: inactive players will automatically lose when time's up. (requested by namboyVGC)\nnamboyVGC has agreed to open team sheets.\nN0rin has agreed to open team sheets.\n|showteam|p1|Farigiraf||SitrusBerry|ArmorTail|TrickRoom,NastyPlot,Psychic,Protect|||F|||50|,,,,,Dark]Gholdengo||LifeOrb|GoodasGold|ShadowBall,MakeItRain,NastyPlot,Protect||||||50|,,,,,Dragon]Ogerpon-Wellspring||WellspringMask|WaterAbsorb|FollowMe,IvyCudgel,SpikyShield,WoodHammer|||F|||50|,,,,,Water]Iron Hands||AssaultVest|QuarkDrive|FakeOut,DrainPunch,WildCharge,HeavySlam||||||50|,,,,,Fire]Enamorus-Therian||PixiePlate|Overcoat|Moonblast,SludgeBomb,EarthPower,Protect|||F|||50|,,,,,Ground]Roaring Moon||BoosterEnergy|Protosynthesis|KnockOff,BreakingSwipe,Tailwind,Protect||||||50|,,,,,Poison\n|showteam|p2|Talonflame||SharpBeak|GaleWings|BraveBird,Tailwind,WillOWisp,Protect|||M|||50|,,,,,Ghost]Sinistcha||SitrusBerry|Hospitality|MatchaGotcha,RagePowder,TrickRoom,StrengthSap||||||50|,,,,,Fire]Ogerpon-Wellspring||WellspringMask|WaterAbsorb|IvyCudgel,HornLeech,FollowMe,SpikyShield|||F|||50|,,,,,Water]Landorus-Therian||ChoiceScarf|Intimidate|StompingTantrum,RockSlide,TeraBlast,Uturn|||M|||50|,,,,,Flying]Gholdengo||Leftovers|GoodasGold|MakeItRain,ShadowBall,NastyPlot,Protect||||||50|,,,,,Water]Iron Hands||AssaultVest|QuarkDrive|FakeOut,WildCharge,DrainPunch,HeavySlam||||||50|,,,,,Grass\n|inactive|namboyVGC has 30 seconds left.\n|inactive|N0rin has 30 seconds left.\n|inactive|N0rin has 20 seconds left.\n|inactive|N0rin has 15 seconds left.\n|inactive|N0rin has 10 seconds left.\n|inactive|N0rin has 5 seconds left.\n|\n|t:|1700157759\n|start\n|switch|p1a: Iron Hands|Iron Hands, L50|100\/100\n|switch|p1b: Roaring Moon|Roaring Moon, L50|100\/100\n|switch|p2a: Landorus|Landorus-Therian, L50, M|100\/100\n|switch|p2b: Ogerpon|Ogerpon-Wellspring, L50, F|100\/100\n|-ability|p2a: Landorus|Intimidate|boost\n|-unboost|p1a: Iron Hands|atk|1\n|-unboost|p1b: Roaring Moon|atk|1\n|-enditem|p1b: Roaring Moon|Booster Energy\n|-activate|p1b: Roaring Moon|ability: Protosynthesis|[fromitem]\n|-start|p1b: Roaring Moon|protosynthesisspe\n|turn|1\n|inactive|N0rin has 30 seconds left.\n|inactive|N0rin has 20 seconds left.\n|inactive|N0rin has 15 seconds left.\n|inactive|N0rin has 10 seconds left.\n|inactive|N0rin has 5 seconds left.\n|\n|t:|1700157810\n|switch|p2b: Sinistcha|Sinistcha, L50|100\/100\n|-end|p1a: Iron Hands|Quark Drive|[silent]\n|switch|p1a: Ogerpon|Ogerpon-Wellspring, L50, F|100\/100\n|move|p1b: Roaring Moon|Breaking Swipe|p2b: Sinistcha|[spread] p2a,p2b\n|-damage|p2a: Landorus|84\/100\n|-damage|p2b: Sinistcha|88\/100\n|-unboost|p2a: Landorus|atk|1\n|-unboost|p2b: Sinistcha|atk|1\n|move|p2a: Landorus|U-turn|p1b: Roaring Moon\n|-supereffective|p1b: Roaring Moon\n|-crit|p1b: Roaring Moon\n|-damage|p1b: Roaring Moon|23\/100\n|\n|t:|1700157835\n|switch|p2a: Iron Hands|Iron Hands, L50|100\/100|[from] U-turn\n|\n|upkeep\n|turn|2\n|\n|t:|1700157854\n|move|p1b: Roaring Moon|Protect|p1b: Roaring Moon\n|-singleturn|p1b: Roaring Moon|Protect\n|move|p1a: Ogerpon|Spiky Shield|p1a: Ogerpon\n|-singleturn|p1a: Ogerpon|move: Protect\n|move|p2a: Iron Hands|Fake Out|p1b: Roaring Moon\n|-activate|p1b: Roaring Moon|move: Protect\n|move|p2b: Sinistcha|Matcha Gotcha|p1a: Ogerpon|[spread] \n|-activate|p1a: Ogerpon|move: Protect\n|-activate|p1b: Roaring Moon|move: Protect\n|\n|upkeep\n|turn|3\n|inactive|N0rin has 30 seconds left.\n|inactive|N0rin has 20 seconds left.\n|\n|t:|1700157891\n|switch|p2b: Landorus|Landorus-Therian, L50, M|84\/100\n|-ability|p2b: Landorus|Intimidate|boost\n|-unboost|p1a: Ogerpon|atk|1\n|-unboost|p1b: Roaring Moon|atk|1\n|move|p1b: Roaring Moon|Knock Off|p2b: Landorus\n|-damage|p2b: Landorus|57\/100\n|-enditem|p2b: Landorus|Choice Scarf|[from] move: Knock Off|[of] p1b: Roaring Moon\n|move|p1a: Ogerpon|Ivy Cudgel|p2a: Iron Hands|[anim] Ivy Cudgel Water\n|-damage|p2a: Iron Hands|70\/100\n|move|p2a: Iron Hands|Drain Punch|p1b: Roaring Moon\n|-supereffective|p1b: Roaring Moon\n|-damage|p1b: Roaring Moon|0 fnt\n|-heal|p2a: Iron Hands|80\/100|[from] drain|[of] p1b: Roaring Moon\n|faint|p1b: Roaring Moon\n|-end|p1b: Roaring Moon|Protosynthesis|[silent]\n|\n|upkeep\n|\n|t:|1700157912\n|switch|p1b: Iron Hands|Iron Hands, L50|100\/100\n|turn|4\n|inactive|N0rin has 30 seconds left.\n|\n|t:|1700157946\n|switch|p1a: Gholdengo|Gholdengo, L50|100\/100\n|move|p1b: Iron Hands|Fake Out|p2a: Iron Hands\n|-damage|p2a: Iron Hands|69\/100\n|move|p2b: Landorus|U-turn|p1a: Gholdengo\n|-resisted|p1a: Gholdengo\n|-damage|p1a: Gholdengo|94\/100\n|\n|t:|1700157963\n|switch|p2b: Ogerpon|Ogerpon-Wellspring, L50, F|100\/100|[from] U-turn\n|cant|p2a: Iron Hands|flinch\n|\n|upkeep\n|turn|5\n|inactive|N0rin has 30 seconds left.\n|\n|t:|1700157991\n|-end|p1b: Iron Hands|Quark Drive|[silent]\n|switch|p1b: Ogerpon|Ogerpon-Wellspring, L50, F|100\/100\n|-end|p2a: Iron Hands|Quark Drive|[silent]\n|switch|p2a: Landorus|Landorus-Therian, L50, M|57\/100\n|-ability|p2a: Landorus|Intimidate|boost\n|-unboost|p1a: Gholdengo|atk|1\n|-unboost|p1b: Ogerpon|atk|1\n|move|p2b: Ogerpon|Ivy Cudgel|p1a: Gholdengo|[anim] Ivy Cudgel Water\n|-damage|p1a: Gholdengo|40\/100\n|move|p1a: Gholdengo|Nasty Plot|p1a: Gholdengo\n|-boost|p1a: Gholdengo|spa|2\n|\n|upkeep\n|turn|6\n|inactive|namboyVGC has 30 seconds left.\n|inactive|N0rin has 30 seconds left.\n|inactive|N0rin has 20 seconds left.\n|inactive|namboyVGC has 20 seconds left.\n|inactive|N0rin has 15 seconds left.\n|inactive|namboyVGC has 15 seconds left.\n|inactive|N0rin has 10 seconds left.\n|inactive|namboyVGC has 10 seconds left.\n|\n|t:|1700158043\n|-terastallize|p1b: Ogerpon|Water\n|detailschange|p1b: Ogerpon|Ogerpon-Wellspring-Tera, L50, F, tera:Water\n|-ability|p1b: Ogerpon|Embody Aspect (Wellspring)|boost\n|-boost|p1b: Ogerpon|spd|1\n|move|p2b: Ogerpon|Spiky Shield|p2b: Ogerpon\n|-singleturn|p2b: Ogerpon|move: Protect\n|move|p1b: Ogerpon|Follow Me|p1b: Ogerpon\n|-singleturn|p1b: Ogerpon|move: Follow Me\n|move|p2a: Landorus|U-turn|p1b: Ogerpon\n|-damage|p1b: Ogerpon|67\/100\n|\n|t:|1700158053\n|switch|p2a: Iron Hands|Iron Hands, L50|69\/100|[from] U-turn\n|move|p1a: Gholdengo|Shadow Ball|p2b: Ogerpon\n|-activate|p2b: Ogerpon|move: Protect\n|\n|upkeep\n|turn|7\n|inactive|N0rin has 30 seconds left.\n|inactive|N0rin has 20 seconds left.\n|inactive|N0rin has 15 seconds left.\n|\n|t:|1700158093\n|switch|p2b: Sinistcha|Sinistcha, L50|88\/100\n|-heal|p2a: Iron Hands|93\/100|[from] ability: Hospitality|[of] p2b: Sinistcha\n|switch|p1b: Iron Hands|Iron Hands, L50|100\/100\n|move|p1a: Gholdengo|Protect|p1a: Gholdengo\n|-singleturn|p1a: Gholdengo|Protect\n|move|p2a: Iron Hands|Wild Charge|p1b: Iron Hands\n|-resisted|p1b: Iron Hands\n|-damage|p1b: Iron Hands|85\/100\n|-damage|p2a: Iron Hands|89\/100|[from] Recoil\n|\n|upkeep\n|turn|8\n|inactive|N0rin has 30 seconds left.\n|inactive|N0rin has 20 seconds left.\n|inactive|N0rin has 15 seconds left.\n|\n|t:|1700158136\n|move|p1b: Iron Hands|Fake Out|p2a: Iron Hands\n|-damage|p2a: Iron Hands|79\/100\n|move|p2b: Sinistcha|Rage Powder|p2b: Sinistcha\n|-singleturn|p2b: Sinistcha|move: Rage Powder\n|move|p1a: Gholdengo|Shadow Ball|p2b: Sinistcha\n|-supereffective|p2b: Sinistcha\n|-damage|p2b: Sinistcha|0 fnt\n|faint|p2b: Sinistcha\n|-damage|p1a: Gholdengo|30\/100|[from] item: Life Orb\n|cant|p2a: Iron Hands|flinch\n|\n|upkeep\n|\n|t:|1700158150\n|switch|p2b: Landorus|Landorus-Therian, L50, M|57\/100\n|-ability|p2b: Landorus|Intimidate|boost\n|-unboost|p1a: Gholdengo|atk|1\n|-unboost|p1b: Iron Hands|atk|1\n|turn|9\n|inactive|N0rin has 30 seconds left.\n|inactive|N0rin has 20 seconds left.\n|\n|t:|1700158174\n|-end|p1b: Iron Hands|Quark Drive|[silent]\n|switch|p1b: Ogerpon|Ogerpon-Wellspring-Tera, L50, F, tera:Water|67\/100\n|-ability|p1b: Ogerpon|Embody Aspect (Wellspring)|boost\n|-boost|p1b: Ogerpon|spd|1\n|move|p1a: Gholdengo|Protect|p1a: Gholdengo\n|-singleturn|p1a: Gholdengo|Protect\n|move|p2b: Landorus|Stomping Tantrum|p1b: Ogerpon\n|-damage|p1b: Ogerpon|17\/100\n|move|p2a: Iron Hands|Wild Charge|p1a: Gholdengo\n|-activate|p1a: Gholdengo|move: Protect\n|\n|upkeep\n|turn|10\n|inactive|N0rin has 20 seconds left this turn.\n|inactive|N0rin has 15 seconds left.\n|inactive|N0rin has 10 seconds left.\n|\n|t:|1700158195\n|move|p2b: Landorus|Stomping Tantrum|p1a: Gholdengo\n|-supereffective|p1a: Gholdengo\n|-damage|p1a: Gholdengo|0 fnt\n|faint|p1a: Gholdengo\n|move|p1b: Ogerpon|Ivy Cudgel|p2b: Landorus|[anim] Ivy Cudgel Water\n|-supereffective|p2b: Landorus\n|-damage|p2b: Landorus|0 fnt\n|faint|p2b: Landorus\n|move|p2a: Iron Hands|Wild Charge|p1b: Ogerpon\n|-supereffective|p1b: Ogerpon\n|-damage|p1b: Ogerpon|0 fnt\n|faint|p1b: Ogerpon\n|-damage|p2a: Iron Hands|76\/100|[from] Recoil\n|\n|upkeep\n|inactive|N0rin has 10 seconds left this turn.\n|inactive|N0rin has 5 seconds left.\n|\n|t:|1700158206\n|switch|p2b: Ogerpon|Ogerpon-Wellspring, L50, F|100\/100\n|switch|p1b: Iron Hands|Iron Hands, L50|85\/100\n|turn|11\n|inactive|N0rin has 5 seconds left this turn.\n|\n|t:|1700158212\n|move|p2b: Ogerpon|Ivy Cudgel|p1b: Iron Hands|[anim] Ivy Cudgel Water\n|-damage|p1b: Iron Hands|47\/100\n|move|p1b: Iron Hands|Wild Charge|p2b: Ogerpon\n|-damage|p2b: Ogerpon|56\/100\n|-damage|p1b: Iron Hands|39\/100|[from] Recoil\n|move|p2a: Iron Hands|Wild Charge|p1b: Iron Hands\n|-resisted|p1b: Iron Hands\n|-damage|p1b: Iron Hands|22\/100\n|-damage|p2a: Iron Hands|72\/100|[from] Recoil\n|\n|upkeep\n|turn|12\n|inactive|N0rin has 5 seconds left this turn.\n|-message|N0rin lost due to inactivity.\n|\n|win|namboyVGC\n|c|&|\/uhtml prompt-namboyvgc,namboyVGC is ready for game 2!\n|inactive|N0rin has 50 seconds to confirm battle start!\n|inactive|N0rin has 40 seconds to confirm battle start!\n|c|&|\/uhtml prompt-n0rin,N0rin is ready for game 2!\nBoth players are ready! Starting next match!\n","uploadtime":1700159226,"views":29,"p1id":"namboyvgc","p2id":"n0rin","formatid":"gen9vgc2023regulatione","rating":0,"private":0,"password":""}