{"id":"gen9vgc2023regulatione-1998228499","p1":"BlindMagneton","p2":"Hockypoco","format":"[Gen 9] VGC 2023 Regulation E","log":"|j|\u2606BlindMagneton\n|j|\u2606Hockypoco\n|t:|1700916365\n|gametype|doubles\n|player|p1|BlindMagneton|wattson|1529\n|player|p2|Hockypoco|265|1487\n|teamsize|p1|6\n|teamsize|p2|6\n|gen|9\n|tier|[Gen 9] VGC 2023 Regulation E\n|rated|\n|rule|Species Clause: Limit one of each Pok\u00e9mon\n|rule|Item Clause: Limit one of each item\n|clearpoke\n|poke|p1|Mandibuzz, L50, F|\n|poke|p1|Abomasnow, L50, M|\n|poke|p1|Roaring Moon, L50|\n|poke|p1|Brambleghast, L50, F|\n|poke|p1|Farigiraf, L50, M|\n|poke|p1|Hydreigon, L50, F|\n|poke|p2|Flutter Mane, L50|\n|poke|p2|Regieleki, L50|\n|poke|p2|Ogerpon-Wellspring, L50, F|\n|poke|p2|Tornadus, L50, M|\n|poke|p2|Chi-Yu, L50|\n|poke|p2|Indeedee-F, L50, F|\n|teampreview|4\n|inactive|Battle timer is ON: inactive players will automatically lose when time's up. (requested by Hockypoco)\n|inactive|Hockypoco has 60 seconds left.\n|\n|t:|1700916433\n|start\n|switch|p1a: Mandibuzz|Mandibuzz, L50, F|100\/100\n|switch|p1b: Abomasnow|Abomasnow, L50, M|100\/100\n|switch|p2a: Chi-Yu|Chi-Yu, L50|100\/100\n|switch|p2b: Flutter Mane|Flutter Mane, L50|100\/100\n|-ability|p2a: Chi-Yu|Beads of Ruin\n|-weather|Snow|[from] ability: Snow Warning|[of] p1b: Abomasnow\n|turn|1\n|\n|t:|1700916456\n|-terastallize|p2a: Chi-Yu|Fire\n|move|p1b: Abomasnow|Ice Shard|p1a: Mandibuzz\n|-supereffective|p1a: Mandibuzz\n|-damage|p1a: Mandibuzz|80\/100\n|-ability|p1a: Mandibuzz|Weak Armor|boost\n|-unboost|p1a: Mandibuzz|def|1\n|-boost|p1a: Mandibuzz|spe|2\n|-enditem|p1a: Mandibuzz|Weakness Policy\n|-boost|p1a: Mandibuzz|atk|2|[from] item: Weakness Policy\n|-boost|p1a: Mandibuzz|spa|2|[from] item: Weakness Policy\n|move|p1a: Mandibuzz|Acrobatics|p2b: Flutter Mane\n|-enditem|p2b: Flutter Mane|Focus Sash\n|-damage|p2b: Flutter Mane|1\/100\n|move|p2b: Flutter Mane|Dazzling Gleam|p1b: Abomasnow|[spread] p1a,p1b\n|-supereffective|p1a: Mandibuzz\n|-damage|p1a: Mandibuzz|1\/100\n|-damage|p1b: Abomasnow|51\/100\n|move|p2a: Chi-Yu|Heat Wave|p1b: Abomasnow|[spread] p1a,p1b\n|-supereffective|p1b: Abomasnow\n|-damage|p1a: Mandibuzz|0 fnt\n|-damage|p1b: Abomasnow|0 fnt\n|faint|p1a: Mandibuzz\n|faint|p1b: Abomasnow\n|-damage|p2a: Chi-Yu|91\/100|[from] item: Life Orb\n|\n|-weather|Snow|[upkeep]\n|upkeep\n|\n|t:|1700916472\n|switch|p1a: Brambleghast|Brambleghast, L50, F|100\/100\n|switch|p1b: Roaring Moon|Roaring Moon, L50|100\/100\n|-enditem|p1b: Roaring Moon|Booster Energy\n|-activate|p1b: Roaring Moon|ability: Protosynthesis|[fromitem]\n|-start|p1b: Roaring Moon|protosynthesisspe\n|turn|2\n|inactive|BlindMagneton has 30 seconds left.\n|\n|t:|1700916498\n|-terastallize|p1a: Brambleghast|Fairy\n|move|p1a: Brambleghast|Shadow Sneak|p2b: Flutter Mane\n|-supereffective|p2b: Flutter Mane\n|-damage|p2b: Flutter Mane|0 fnt\n|faint|p2b: Flutter Mane\n|-end|p2b: Flutter Mane|Protosynthesis|[silent]\n|move|p1b: Roaring Moon|Jaw Lock|p2a: Chi-Yu\n|-damage|p2a: Chi-Yu|24\/100\n|-activate|p1b: Roaring Moon|trapped\n|-activate|p2a: Chi-Yu|trapped\n|move|p2a: Chi-Yu|Snarl|p1a: Brambleghast|[spread] p1a,p1b\n|-resisted|p1a: Brambleghast\n|-resisted|p1b: Roaring Moon\n|-damage|p1a: Brambleghast|74\/100\n|-damage|p1b: Roaring Moon|84\/100\n|-unboost|p1a: Brambleghast|spa|1\n|-unboost|p1b: Roaring Moon|spa|1\n|-damage|p2a: Chi-Yu|15\/100|[from] item: Life Orb\n|\n|-weather|Snow|[upkeep]\n|upkeep\n|inactive|Hockypoco has 30 seconds left.\n|\n|t:|1700916525\n|switch|p2b: Regieleki|Regieleki, L50|100\/100\n|turn|3\n|inactive|BlindMagneton has 30 seconds left.\n|inactive|Hockypoco has 30 seconds left.\n|\n|t:|1700916560\n|move|p1a: Brambleghast|Protect|p1a: Brambleghast\n|-singleturn|p1a: Brambleghast|Protect\n|move|p1b: Roaring Moon|Tailwind|p1b: Roaring Moon\n|-sidestart|p1: BlindMagneton|move: Tailwind\n|-ability|p1a: Brambleghast|Wind Rider|boost\n|-boost|p1a: Brambleghast|atk|1\n|move|p2b: Regieleki|Electroweb|p1b: Roaring Moon|[spread] p1b\n|-activate|p1a: Brambleghast|move: Protect\n|-resisted|p1b: Roaring Moon\n|-damage|p1b: Roaring Moon|68\/100\n|-unboost|p1b: Roaring Moon|spe|1\n|move|p2a: Chi-Yu|Overheat|p1a: Brambleghast\n|-activate|p1a: Brambleghast|move: Protect\n|\n|-weather|Snow|[upkeep]\n|upkeep\n|turn|4\n|inactive|BlindMagneton has 30 seconds left.\n|inactive|Hockypoco has 30 seconds left.\n|inactive|Hockypoco has 20 seconds left.\n|\n|t:|1700916595\n|move|p1a: Brambleghast|Shadow Sneak|p2a: Chi-Yu\n|-damage|p2a: Chi-Yu|0 fnt\n|faint|p2a: Chi-Yu\n|move|p1b: Roaring Moon|Jaw Lock|p2b: Regieleki\n|-damage|p2b: Regieleki|37\/100\n|-activate|p1b: Roaring Moon|trapped\n|-activate|p2b: Regieleki|trapped\n|move|p2b: Regieleki|Electroweb|p1a: Brambleghast|[spread] p1a,p1b\n|-resisted|p1b: Roaring Moon\n|-crit|p1b: Roaring Moon\n|-damage|p1a: Brambleghast|33\/100\n|-damage|p1b: Roaring Moon|48\/100\n|-unboost|p1a: Brambleghast|spe|1\n|-unboost|p1b: Roaring Moon|spe|1\n|\n|-weather|Snow|[upkeep]\n|upkeep\n|\n|t:|1700916606\n|switch|p2a: Ogerpon|Ogerpon-Wellspring, L50, F|100\/100\n|turn|5\n|\n|t:|1700916628\n|move|p1a: Brambleghast|Protect|p1a: Brambleghast\n|-singleturn|p1a: Brambleghast|Protect\n|move|p1b: Roaring Moon|Jaw Lock|p2b: Regieleki\n|-damage|p2b: Regieleki|0 fnt\n|faint|p2b: Regieleki\n|move|p2a: Ogerpon|Ivy Cudgel|p1a: Brambleghast|[anim] Ivy Cudgel Water\n|-activate|p1a: Brambleghast|move: Protect\n|\n|-weather|none\n|upkeep\n|turn|6\n|inactive|Hockypoco has 30 seconds left.\n|inactive|Hockypoco has 20 seconds left.\n|\n|t:|1700916664\n|move|p1b: Roaring Moon|Breaking Swipe|p2a: Ogerpon\n|-damage|p2a: Ogerpon|65\/100\n|-unboost|p2a: Ogerpon|atk|1\n|move|p2a: Ogerpon|Horn Leech|p1a: Brambleghast\n|-damage|p1a: Brambleghast|1\/100\n|-heal|p2a: Ogerpon|80\/100|[from] drain|[of] p1a: Brambleghast\n|-damage|p2a: Ogerpon|63\/100|[from] item: Rocky Helmet|[of] p1a: Brambleghast\n|move|p1a: Brambleghast|Strength Sap|p2a: Ogerpon\n|-unboost|p2a: Ogerpon|atk|1\n|-heal|p1a: Brambleghast|69\/100\n|\n|-sideend|p1: BlindMagneton|move: Tailwind\n|upkeep\n|turn|7\n|-message|Hockypoco forfeited.\n|\n|win|BlindMagneton\n|raw|BlindMagneton's rating: 1529 &rarr; <strong>1547<\/strong><br \/>(+18 for winning)\n|raw|Hockypoco's rating: 1487 &rarr; <strong>1469<\/strong><br \/>(-18 for losing)\n|l|\u2606Hockypoco\n","uploadtime":1700916681,"views":4,"p1id":"blindmagneton","p2id":"hockypoco","formatid":"gen9vgc2023regulatione","rating":1469,"private":0,"password":""}