{"id":"gen9vgc2023regulatione-1992328688","p1":"F11S","p2":"Jourvicious","format":"[Gen 9] VGC 2023 Regulation E","log":"|j|\u2606F11S\n|j|\u2606Jourvicious\n|t:|1700175211\n|gametype|doubles\n|player|p1|F11S|red|1152\n|player|p2|Jourvicious|lisia-masters|1136\n|teamsize|p1|6\n|teamsize|p2|6\n|gen|9\n|tier|[Gen 9] VGC 2023 Regulation E\n|rated|\n|rule|Species Clause: Limit one of each Pok\u00e9mon\n|rule|Item Clause: Limit one of each item\n|clearpoke\n|poke|p1|Farigiraf, L50, F|\n|poke|p1|Amoonguss, L50, F|\n|poke|p1|Chien-Pao, L50|\n|poke|p1|Roaring Moon, L50|\n|poke|p1|Talonflame, L50, M|\n|poke|p1|Landorus-Therian, L50, M|\n|poke|p2|Chi-Yu, L50|\n|poke|p2|Shiftry, L50, F|\n|poke|p2|Iron Bundle, L50|\n|poke|p2|Tornadus, L50, M|\n|poke|p2|Dipplin, L50, F|\n|poke|p2|Landorus-Therian, L50, M|\n|teampreview|4\n|inactive|Battle timer is ON: inactive players will automatically lose when time's up. (requested by Jourvicious)\n|inactive|F11S also wants the timer to be on.\n|\n|t:|1700175241\n|start\n|switch|p1a: Talonflame|Talonflame, L50, M|100\/100\n|switch|p1b: Roaring Moon|Roaring Moon, L50|100\/100\n|switch|p2a: Chef-Yu|Chi-Yu, L50|100\/100\n|switch|p2b: Shiftry|Shiftry, L50, F, shiny|100\/100\n|-ability|p2a: Chef-Yu|Beads of Ruin\n|-enditem|p1b: Roaring Moon|Booster Energy\n|-activate|p1b: Roaring Moon|ability: Protosynthesis|[fromitem]\n|-start|p1b: Roaring Moon|protosynthesisspe\n|turn|1\n|\n|t:|1700175260\n|switch|p2a: Landorus|Landorus-Therian, L50, M|100\/100\n|-ability|p2a: Landorus|Intimidate|boost\n|-unboost|p1a: Talonflame|atk|1\n|-unboost|p1b: Roaring Moon|atk|1\n|move|p2b: Shiftry|Fake Out|p1b: Roaring Moon\n|-damage|p1b: Roaring Moon|84\/100\n|move|p1a: Talonflame|Tailwind|p1a: Talonflame\n|-sidestart|p1: F11S|move: Tailwind\n|cant|p1b: Roaring Moon|flinch\n|\n|upkeep\n|turn|2\n|\n|t:|1700175288\n|move|p1a: Talonflame|Brave Bird|p2b: Shiftry\n|-supereffective|p2b: Shiftry\n|-damage|p2b: Shiftry|21\/100\n|-damage|p1a: Talonflame|72\/100|[from] Recoil\n|move|p2b: Shiftry|Sucker Punch||[still]\n|-fail|p2b: Shiftry\n|move|p1b: Roaring Moon|Dragon Dance|p1b: Roaring Moon\n|-boost|p1b: Roaring Moon|atk|1\n|-boost|p1b: Roaring Moon|spe|1\n|move|p2a: Landorus|U-turn|p1b: Roaring Moon\n|-supereffective|p1b: Roaring Moon\n|-damage|p1b: Roaring Moon|18\/100\n|\n|t:|1700175301\n|switch|p2a: Walmart Delibird|Iron Bundle, L50|100\/100|[from] U-turn\n|-enditem|p2a: Walmart Delibird|Booster Energy\n|-activate|p2a: Walmart Delibird|ability: Quark Drive|[fromitem]\n|-start|p2a: Walmart Delibird|quarkdrivespe\n|\n|upkeep\n|turn|3\n|\n|t:|1700175320\n|move|p1b: Roaring Moon|Protect|p1b: Roaring Moon\n|-singleturn|p1b: Roaring Moon|Protect\n|move|p2b: Shiftry|Sucker Punch|p1a: Talonflame\n|-damage|p1a: Talonflame|23\/100\n|move|p1a: Talonflame|Brave Bird|p2b: Shiftry\n|-supereffective|p2b: Shiftry\n|-damage|p2b: Shiftry|0 fnt\n|faint|p2b: Shiftry\n|-damage|p1a: Talonflame|16\/100|[from] Recoil\n|move|p2a: Walmart Delibird|Icy Wind|p1a: Talonflame|[spread] p1a\n|-activate|p1b: Roaring Moon|move: Protect\n|-damage|p1a: Talonflame|0 fnt\n|faint|p1a: Talonflame\n|\n|upkeep\n|\n|t:|1700175334\n|switch|p1a: Chien-Pao|Chien-Pao, L50|100\/100\n|switch|p2b: Landorus|Landorus-Therian, L50, M|100\/100\n|-ability|p1a: Chien-Pao|Sword of Ruin\n|-ability|p2b: Landorus|Intimidate|boost\n|-unboost|p1a: Chien-Pao|atk|1\n|-unboost|p1b: Roaring Moon|atk|1\n|turn|4\n|\n|t:|1700175345\n|-terastallize|p1b: Roaring Moon|Flying\n|-terastallize|p2b: Landorus|Steel\n|move|p2a: Walmart Delibird|Protect|p2a: Walmart Delibird\n|-singleturn|p2a: Walmart Delibird|Protect\n|move|p1b: Roaring Moon|Acrobatics|p2a: Walmart Delibird\n|-activate|p2a: Walmart Delibird|move: Protect\n|move|p1a: Chien-Pao|Icicle Crash|p2b: Landorus\n|-resisted|p2b: Landorus\n|-damage|p2b: Landorus|81\/100\n|move|p2b: Landorus|Rock Slide|p1b: Roaring Moon|[spread] p1a,p1b\n|-supereffective|p1a: Chien-Pao\n|-supereffective|p1b: Roaring Moon\n|-damage|p1a: Chien-Pao|38\/100\n|-damage|p1b: Roaring Moon|0 fnt\n|faint|p1b: Roaring Moon\n|-end|p1b: Roaring Moon|Protosynthesis|[silent]\n|\n|-sideend|p1: F11S|move: Tailwind\n|upkeep\n|\n|t:|1700175360\n|switch|p1b: Amoonguss|Amoonguss, L50, F|100\/100\n|turn|5\n|\n|t:|1700175367\n|move|p1b: Amoonguss|Rage Powder|p1b: Amoonguss\n|-singleturn|p1b: Amoonguss|move: Rage Powder\n|move|p2a: Walmart Delibird|Freeze-Dry|p1b: Amoonguss\n|-supereffective|p1b: Amoonguss\n|-damage|p1b: Amoonguss|29\/100\n|-enditem|p1b: Amoonguss|Sitrus Berry|[eat]\n|-heal|p1b: Amoonguss|54\/100|[from] item: Sitrus Berry\n|move|p2b: Landorus|Rock Slide|p1a: Chien-Pao|[spread] p1a,p1b\n|-supereffective|p1a: Chien-Pao\n|-damage|p1a: Chien-Pao|0 fnt\n|-damage|p1b: Amoonguss|33\/100\n|faint|p1a: Chien-Pao\n|\n|upkeep\n|turn|6\n|-message|F11S forfeited.\n|\n|win|Jourvicious\n|raw|F11S's rating: 1152 &rarr; <strong>1126<\/strong><br \/>(-26 for losing)\n|raw|Jourvicious's rating: 1136 &rarr; <strong>1162<\/strong><br \/>(+26 for winning)\n|l|\u2606F11S\n","uploadtime":1700175389,"views":15,"p1id":"f11s","p2id":"jourvicious","formatid":"gen9vgc2023regulatione","rating":1126,"private":0,"password":""}