{"id":"gen9vgc2023regulatione-1998410560","p1":"Angelo Neres","p2":"Jonny5134","format":"[Gen 9] VGC 2023 Regulation E","log":"|j|\u2606Angelo Neres\n|j|\u2606Jonny5134\n|t:|1700939238\n|gametype|doubles\n|player|p1|Angelo Neres|101|1399\n|player|p2|Jonny5134|265|1321\n|teamsize|p1|6\n|teamsize|p2|6\n|gen|9\n|tier|[Gen 9] VGC 2023 Regulation E\n|rated|\n|rule|Species Clause: Limit one of each Pok\u00e9mon\n|rule|Item Clause: Limit one of each item\n|clearpoke\n|poke|p1|Ursaluna-Bloodmoon, L50, M|\n|poke|p1|Gholdengo, L50|\n|poke|p1|Scream Tail, L50|\n|poke|p1|Dondozo, L50, M|\n|poke|p1|Tauros-Paldea-Blaze, L50, M|\n|poke|p1|Chien-Pao, L50|\n|poke|p2|Okidogi, L50, M|\n|poke|p2|Grimmsnarl, L50, M|\n|poke|p2|Arcanine-Hisui, L50, M|\n|poke|p2|Flutter Mane, L50|\n|poke|p2|Ogerpon-Hearthflame, L50, F|\n|poke|p2|Urshifu-*, L50, M|\n|teampreview|4\n|inactive|Battle timer is ON: inactive players will automatically lose when time's up. (requested by Jonny5134)\n|inactive|Angelo Neres also wants the timer to be on.\nAngelo Neres has agreed to open team sheets.\n|inactive|Angelo Neres has 60 seconds left.\n|inactive|Jonny5134 has 60 seconds left.\n|\n|t:|1700939277\n|start\n|switch|p1a: Scream Tail|Scream Tail, L50|100\/100\n|switch|p1b: Tauros|Tauros-Paldea-Blaze, L50, M|100\/100\n|switch|p2a: Grimmsnarl|Grimmsnarl, L50, M|100\/100\n|switch|p2b: Urshifu|Urshifu-Rapid-Strike, L50, M|100\/100\n|-ability|p1b: Tauros|Intimidate|boost\n|-unboost|p2a: Grimmsnarl|atk|1\n|-unboost|p2b: Urshifu|atk|1\n|turn|1\n|inactive|Jonny5134 has 30 seconds left.\n|\n|t:|1700939304\n|switch|p1b: Ronaldo|Dondozo, L50, M|100\/100\n|-terastallize|p2b: Urshifu|Water\n|move|p2a: Grimmsnarl|Reflect|p2a: Grimmsnarl\n|-sidestart|p2: Jonny5134|Reflect\n|move|p2b: Urshifu|Surging Strikes|p1a: Scream Tail\n|-crit|p1a: Scream Tail\n|-damage|p1a: Scream Tail|83\/100\n|-crit|p1a: Scream Tail\n|-damage|p1a: Scream Tail|65\/100\n|-crit|p1a: Scream Tail\n|-damage|p1a: Scream Tail|48\/100\n|-hitcount|p1a: Scream Tail|3\n|move|p1a: Scream Tail|Trick Room|p1a: Scream Tail\n|-fieldstart|move: Trick Room|[of] p1a: Scream Tail\n|\n|upkeep\n|turn|2\n|inactive|Angelo Neres has 30 seconds left.\n|inactive|Jonny5134 has 30 seconds left.\n|inactive|Jonny5134 has 20 seconds left.\n|\n|t:|1700939340\n|move|p2a: Grimmsnarl|Parting Shot|p1a: Scream Tail\n|-unboost|p1a: Scream Tail|atk|1\n|-unboost|p1a: Scream Tail|spa|1\n|\n|t:|1700939347\n|switch|p2a: Ogerpon|Ogerpon-Hearthflame, L50, F|100\/100|[from] Parting Shot\n|-ability|p2a: Ogerpon|Mold Breaker\n|move|p1b: Ronaldo|Curse|p1b: Ronaldo\n|-unboost|p1b: Ronaldo|spe|1\n|-boost|p1b: Ronaldo|atk|1\n|-boost|p1b: Ronaldo|def|1\n|move|p1a: Scream Tail|Disable|p2b: Urshifu\n|-start|p2b: Urshifu|Disable|Surging Strikes\n|cant|p2b: Urshifu|Disable|Surging Strikes\n|\n|upkeep\n|turn|3\n|inactive|Angelo Neres has 30 seconds left.\n|inactive|Jonny5134 has 30 seconds left.\n|inactive|Angelo Neres has 20 seconds left.\n|\n|t:|1700939384\n|-end|p1a: Scream Tail|Protosynthesis|[silent]\n|switch|p1a: Tauros|Tauros-Paldea-Blaze, L50, M|100\/100\n|-ability|p1a: Tauros|Intimidate|boost\n|-unboost|p2a: Ogerpon|atk|1\n|-unboost|p2b: Urshifu|atk|1\n|switch|p2b: Grimmsnarl|Grimmsnarl, L50, M|100\/100\n|move|p1b: Ronaldo|Yawn|p2a: Ogerpon\n|-start|p2a: Ogerpon|move: Yawn|[of] p1b: Ronaldo\n|move|p2a: Ogerpon|Horn Leech|p1b: Ronaldo\n|-supereffective|p1b: Ronaldo\n|-damage|p1b: Ronaldo|76\/100\n|\n|-heal|p1b: Ronaldo|83\/100|[from] item: Leftovers\n|upkeep\n|turn|4\n|inactive|Angelo Neres has 30 seconds left.\n|inactive|Angelo Neres has 20 seconds left.\n|inactive|Angelo Neres has 15 seconds left.\n|inactive|Angelo Neres has 10 seconds left.\n|\n|t:|1700939429\n|switch|p1a: Gholdengo|Gholdengo, L50|100\/100\n|switch|p2a: Urshifu|Urshifu-Rapid-Strike, L50, M, tera:Water|100\/100\n|move|p1b: Ronaldo|Substitute|p1b: Ronaldo\n|-start|p1b: Ronaldo|Substitute\n|-damage|p1b: Ronaldo|58\/100\n|move|p2b: Grimmsnarl|Spirit Break|p1a: Gholdengo\n|-resisted|p1a: Gholdengo\n|-crit|p1a: Gholdengo\n|-damage|p1a: Gholdengo|80\/100\n|-unboost|p1a: Gholdengo|spa|1\n|\n|-heal|p1b: Ronaldo|64\/100|[from] item: Leftovers\n|upkeep\n|turn|5\n|inactive|Angelo Neres has 30 seconds left.\n|inactive|Jonny5134 has 30 seconds left.\n|\n|t:|1700939464\n|switch|p1a: Scream Tail|Scream Tail, L50|48\/100\n|move|p2b: Grimmsnarl|Parting Shot|p1b: Ronaldo\n|-unboost|p1b: Ronaldo|atk|1\n|-unboost|p1b: Ronaldo|spa|1\n|\n|t:|1700939474\n|switch|p2b: Ogerpon|Ogerpon-Hearthflame, L50, F|100\/100|[from] Parting Shot\n|-ability|p2b: Ogerpon|Mold Breaker\n|move|p1b: Ronaldo|Yawn|p2a: Urshifu\n|-start|p2a: Urshifu|move: Yawn|[of] p1b: Ronaldo\n|move|p2a: Urshifu|Surging Strikes|p1a: Scream Tail\n|-crit|p1a: Scream Tail\n|-damage|p1a: Scream Tail|30\/100\n|-crit|p1a: Scream Tail\n|-damage|p1a: Scream Tail|12\/100\n|-crit|p1a: Scream Tail\n|-damage|p1a: Scream Tail|0 fnt\n|faint|p1a: Scream Tail\n|-end|p1a: Scream Tail|Protosynthesis|[silent]\n|-hitcount|p1: Scream Tail|3\n|\n|-heal|p1b: Ronaldo|70\/100|[from] item: Leftovers\n|-fieldend|move: Trick Room\n|upkeep\n|inactive|Angelo Neres has 30 seconds left.\n|\n|t:|1700939502\n|switch|p1a: Gholdengo|Gholdengo, L50|80\/100\n|turn|6\n|inactive|Angelo Neres has 30 seconds left.\n|\n|t:|1700939532\n|switch|p2a: Grimmsnarl|Grimmsnarl, L50, M|100\/100\n|-terastallize|p1a: Gholdengo|Dragon\n|move|p2b: Ogerpon|Ivy Cudgel|p1a: Gholdengo|[anim] Ivy Cudgel Fire\n|-resisted|p1a: Gholdengo\n|-crit|p1a: Gholdengo\n|-damage|p1a: Gholdengo|44\/100\n|-enditem|p1a: Gholdengo|Sitrus Berry|[eat]\n|-heal|p1a: Gholdengo|69\/100|[from] item: Sitrus Berry\n|move|p1a: Gholdengo|Make It Rain|p2b: Ogerpon|[spread] p2a,p2b\n|-supereffective|p2a: Grimmsnarl\n|-resisted|p2b: Ogerpon\n|-damage|p2a: Grimmsnarl|10\/100\n|-damage|p2b: Ogerpon|75\/100\n|-unboost|p1a: Gholdengo|spa|1\n|move|p1b: Ronaldo|Curse|p1b: Ronaldo\n|-unboost|p1b: Ronaldo|spe|1\n|-boost|p1b: Ronaldo|atk|1\n|-boost|p1b: Ronaldo|def|1\n|\n|-heal|p1b: Ronaldo|76\/100|[from] item: Leftovers\n|upkeep\n|turn|7\n|inactive|Angelo Neres has 30 seconds left.\n|inactive|Angelo Neres has 20 seconds left.\n|\n|t:|1700939569\n|move|p1a: Gholdengo|Protect|p1a: Gholdengo\n|-singleturn|p1a: Gholdengo|Protect\n|move|p2a: Grimmsnarl|Parting Shot|p1b: Ronaldo\n|-unboost|p1b: Ronaldo|atk|1\n|-unboost|p1b: Ronaldo|spa|1\n|\n|t:|1700939582\n|switch|p2a: Urshifu|Urshifu-Rapid-Strike, L50, M, tera:Water|100\/100|[from] Parting Shot\n|move|p2b: Ogerpon|Ivy Cudgel|p1a: Gholdengo|[anim] Ivy Cudgel Fire\n|-activate|p1a: Gholdengo|move: Protect\n|move|p1b: Ronaldo|Yawn|p2a: Urshifu\n|-start|p2a: Urshifu|move: Yawn|[of] p1b: Ronaldo\n|\n|-heal|p1b: Ronaldo|83\/100|[from] item: Leftovers\n|upkeep\n|turn|8\n|inactive|Angelo Neres has 30 seconds left.\n|\n|t:|1700939615\n|switch|p1a: Tauros|Tauros-Paldea-Blaze, L50, M|100\/100\n|-ability|p1a: Tauros|Intimidate|boost\n|-unboost|p2a: Urshifu|atk|1\n|-unboost|p2b: Ogerpon|atk|1\n|move|p2a: Urshifu|U-turn|p1a: Tauros\n|-resisted|p1a: Tauros\n|-damage|p1a: Tauros|96\/100\n|\n|t:|1700939627\n|switch|p2a: Flutter Mane|Flutter Mane, L50|100\/100|[from] U-turn\n|move|p2b: Ogerpon|Ivy Cudgel|p1a: Tauros|[anim] Ivy Cudgel Fire\n|-resisted|p1a: Tauros\n|-damage|p1a: Tauros|74\/100\n|move|p1b: Ronaldo|Wave Crash|p2a: Flutter Mane\n|-damage|p2a: Flutter Mane|55\/100\n|-damage|p1b: Ronaldo|73\/100|[from] Recoil\n|\n|-heal|p1b: Ronaldo|79\/100|[from] item: Leftovers\n|-sideend|p2: Jonny5134|Reflect\n|upkeep\n|turn|9\n|inactive|Angelo Neres has 30 seconds left.\n|inactive|Jonny5134 has 30 seconds left.\n|inactive|Angelo Neres has 20 seconds left.\n|inactive|Angelo Neres has 15 seconds left.\n|inactive|Angelo Neres has 10 seconds left.\n|\n|t:|1700939676\n|move|p2a: Flutter Mane|Dazzling Gleam|p1b: Ronaldo|[spread] p1a,p1b\n|-end|p1b: Ronaldo|Substitute\n|-damage|p1a: Tauros|6\/100\n|move|p2b: Ogerpon|Swords Dance|p2b: Ogerpon\n|-boost|p2b: Ogerpon|atk|2\n|-enditem|p1a: Tauros|Mirror Herb\n|-boost|p1a: Tauros|atk|2|[from] item: Mirror Herb\n|move|p1a: Tauros|Close Combat|p2b: Ogerpon\n|-damage|p2b: Ogerpon|0 fnt\n|-unboost|p1a: Tauros|def|1\n|-unboost|p1a: Tauros|spd|1\n|faint|p2b: Ogerpon\n|move|p1b: Ronaldo|Yawn|p2a: Flutter Mane\n|-start|p2a: Flutter Mane|move: Yawn|[of] p1b: Ronaldo\n|\n|-heal|p1b: Ronaldo|86\/100|[from] item: Leftovers\n|upkeep\n|\n|t:|1700939691\n|switch|p2b: Urshifu|Urshifu-Rapid-Strike, L50, M, tera:Water|100\/100\n|turn|10\n|inactive|Angelo Neres has 30 seconds left.\n|inactive|Angelo Neres has 20 seconds left.\n|inactive|Angelo Neres has 15 seconds left.\n|inactive|Angelo Neres has 10 seconds left.\n|\n|t:|1700939741\n|-end|p2a: Flutter Mane|Protosynthesis|[silent]\n|switch|p2a: Grimmsnarl|Grimmsnarl, L50, M|10\/100\n|move|p2b: Urshifu|Surging Strikes|p1a: Tauros\n|-supereffective|p1a: Tauros\n|-crit|p1a: Tauros\n|-damage|p1a: Tauros|0 fnt\n|faint|p1a: Tauros\n|-hitcount|p1: Tauros|1\n|move|p1b: Ronaldo|Substitute|p1b: Ronaldo\n|-start|p1b: Ronaldo|Substitute\n|-damage|p1b: Ronaldo|61\/100\n|\n|-heal|p1b: Ronaldo|67\/100|[from] item: Leftovers\n|upkeep\n|\n|t:|1700939747\n|switch|p1a: Gholdengo|Gholdengo, L50, tera:Dragon|69\/100\n|turn|11\n|inactive|Angelo Neres has 30 seconds left.\n|inactive|Angelo Neres has 20 seconds left.\n|\n|t:|1700939787\n|move|p2a: Grimmsnarl|Reflect|p2a: Grimmsnarl\n|-sidestart|p2: Jonny5134|Reflect\n|move|p2b: Urshifu|Surging Strikes|p1a: Gholdengo\n|-resisted|p1a: Gholdengo\n|-crit|p1a: Gholdengo\n|-damage|p1a: Gholdengo|58\/100\n|-resisted|p1a: Gholdengo\n|-crit|p1a: Gholdengo\n|-damage|p1a: Gholdengo|46\/100\n|-resisted|p1a: Gholdengo\n|-crit|p1a: Gholdengo\n|-damage|p1a: Gholdengo|36\/100\n|-hitcount|p1a: Gholdengo|3\n|move|p1a: Gholdengo|Shadow Ball|p2a: Grimmsnarl\n|-resisted|p2a: Grimmsnarl\n|-damage|p2a: Grimmsnarl|0 fnt\n|faint|p2a: Grimmsnarl\n|move|p1b: Ronaldo|Yawn|p2b: Urshifu\n|-start|p2b: Urshifu|move: Yawn|[of] p1b: Ronaldo\n|\n|-heal|p1b: Ronaldo|73\/100|[from] item: Leftovers\n|upkeep\n|inactive|Angelo Neres has 20 seconds left this turn.\n|\n|t:|1700939799\n|switch|p2a: Flutter Mane|Flutter Mane, L50|55\/100\n|turn|12\n|inactive|Angelo Neres has 20 seconds left this turn.\n|inactive|Angelo Neres has 15 seconds left.\n|inactive|Angelo Neres has 10 seconds left.\n|\n|t:|1700939821\n|move|p1a: Gholdengo|Protect|p1a: Gholdengo\n|-singleturn|p1a: Gholdengo|Protect\n|move|p2b: Urshifu|Surging Strikes|p1b: Ronaldo\n|-resisted|p1b: Ronaldo\n|-crit|p1b: Ronaldo\n|-activate|p1b: Ronaldo|move: Substitute|[damage]\n|-resisted|p1b: Ronaldo\n|-crit|p1b: Ronaldo\n|-activate|p1b: Ronaldo|move: Substitute|[damage]\n|-resisted|p1b: Ronaldo\n|-crit|p1b: Ronaldo\n|-end|p1b: Ronaldo|Substitute\n|-hitcount|p1b: Ronaldo|3\n|move|p2a: Flutter Mane|Moonblast|p1a: Gholdengo\n|-activate|p1a: Gholdengo|move: Protect\n|move|p1b: Ronaldo|Yawn|p2a: Flutter Mane\n|-start|p2a: Flutter Mane|move: Yawn|[of] p1b: Ronaldo\n|\n|-heal|p1b: Ronaldo|79\/100|[from] item: Leftovers\n|-end|p2b: Urshifu|move: Yawn|[silent]\n|-status|p2b: Urshifu|slp\n|upkeep\n|turn|13\n|inactive|Angelo Neres has 10 seconds left this turn.\n|inactive|Angelo Neres has 5 seconds left.\n|\n|t:|1700939838\n|cant|p2b: Urshifu|slp\n|move|p2a: Flutter Mane|Moonblast|p1a: Gholdengo\n|-supereffective|p1a: Gholdengo\n|-damage|p1a: Gholdengo|0 fnt\n|faint|p1a: Gholdengo\n|move|p1b: Ronaldo|Wave Crash|p2a: Flutter Mane\n|-damage|p2a: Flutter Mane|8\/100\n|-damage|p1b: Ronaldo|70\/100|[from] Recoil\n|\n|-heal|p1b: Ronaldo|76\/100|[from] item: Leftovers\n|-end|p2a: Flutter Mane|move: Yawn|[silent]\n|-status|p2a: Flutter Mane|slp\n|upkeep\n|turn|14\n|inactive|Angelo Neres has 5 seconds left this turn.\n|\n|t:|1700939844\n|-curestatus|p2b: Urshifu|slp|[msg]\n|move|p2b: Urshifu|Surging Strikes|p1b: Ronaldo\n|-resisted|p1b: Ronaldo\n|-crit|p1b: Ronaldo\n|-damage|p1b: Ronaldo|69\/100\n|-resisted|p1b: Ronaldo\n|-crit|p1b: Ronaldo\n|-damage|p1b: Ronaldo|60\/100\n|-resisted|p1b: Ronaldo\n|-crit|p1b: Ronaldo\n|-damage|p1b: Ronaldo|52\/100\n|-hitcount|p1b: Ronaldo|3\n|cant|p2a: Flutter Mane|slp\n|move|p1b: Ronaldo|Wave Crash|p2a: Flutter Mane\n|-damage|p2a: Flutter Mane|0 fnt\n|faint|p2a: Flutter Mane\n|-end|p2a: Flutter Mane|Protosynthesis|[silent]\n|-damage|p1b: Ronaldo|50\/100|[from] Recoil\n|\n|-heal|p1b: Ronaldo|57\/100|[from] item: Leftovers\n|upkeep\n|turn|15\n|inactive|Angelo Neres has 5 seconds left this turn.\n|\n|t:|1700939855\n|move|p2b: Urshifu|Surging Strikes|p1b: Ronaldo\n|-resisted|p1b: Ronaldo\n|-crit|p1b: Ronaldo\n|-damage|p1b: Ronaldo|48\/100\n|-resisted|p1b: Ronaldo\n|-crit|p1b: Ronaldo\n|-damage|p1b: Ronaldo|40\/100\n|-resisted|p1b: Ronaldo\n|-crit|p1b: Ronaldo\n|-damage|p1b: Ronaldo|32\/100\n|-hitcount|p1b: Ronaldo|3\n|move|p1b: Ronaldo|Yawn|p2b: Urshifu\n|-start|p2b: Urshifu|move: Yawn|[of] p1b: Ronaldo\n|\n|-heal|p1b: Ronaldo|38\/100|[from] item: Leftovers\n|upkeep\n|turn|16\n|inactive|Angelo Neres has 5 seconds left this turn.\n|\n|t:|1700939865\n|move|p2b: Urshifu|Surging Strikes|p1b: Ronaldo\n|-resisted|p1b: Ronaldo\n|-crit|p1b: Ronaldo\n|-damage|p1b: Ronaldo|30\/100\n|-resisted|p1b: Ronaldo\n|-crit|p1b: Ronaldo\n|-damage|p1b: Ronaldo|22\/100\n|-resisted|p1b: Ronaldo\n|-crit|p1b: Ronaldo\n|-damage|p1b: Ronaldo|13\/100\n|-hitcount|p1b: Ronaldo|3\n|move|p1b: Ronaldo|Curse|p1b: Ronaldo\n|-unboost|p1b: Ronaldo|spe|1\n|-boost|p1b: Ronaldo|atk|1\n|-boost|p1b: Ronaldo|def|1\n|\n|-heal|p1b: Ronaldo|19\/100|[from] item: Leftovers\n|-end|p2b: Urshifu|move: Yawn|[silent]\n|-status|p2b: Urshifu|slp\n|upkeep\n|turn|17\n|inactive|Angelo Neres has 5 seconds left this turn.\n|\n|t:|1700939875\n|cant|p2b: Urshifu|slp\n|move|p1b: Ronaldo|Wave Crash|p2b: Urshifu\n|-resisted|p2b: Urshifu\n|-damage|p2b: Urshifu|80\/100 slp\n|-damage|p1b: Ronaldo|15\/100|[from] Recoil\n|\n|-heal|p1b: Ronaldo|21\/100|[from] item: Leftovers\n|upkeep\n|turn|18\n|inactive|Angelo Neres has 5 seconds left this turn.\n|\n|t:|1700939878\n|cant|p2b: Urshifu|slp\n|move|p1b: Ronaldo|Wave Crash|p2b: Urshifu\n|-resisted|p2b: Urshifu\n|-damage|p2b: Urshifu|58\/100 slp\n|-damage|p1b: Ronaldo|16\/100|[from] Recoil\n|\n|-heal|p1b: Ronaldo|22\/100|[from] item: Leftovers\n|-sideend|p2: Jonny5134|Reflect\n|upkeep\n|turn|19\n|inactive|Angelo Neres has 5 seconds left this turn.\n|\n|t:|1700939883\n|-curestatus|p2b: Urshifu|slp|[msg]\n|-activate|p2b: Urshifu|move: Struggle\n|move|p2b: Urshifu|Struggle|p1b: Ronaldo\n|-crit|p1b: Ronaldo\n|-damage|p1b: Ronaldo|6\/100\n|-damage|p2b: Urshifu|32\/100|[from] recoil\n|move|p1b: Ronaldo|Wave Crash|p2b: Urshifu\n|-resisted|p2b: Urshifu\n|-crit|p2b: Urshifu\n|-damage|p2b: Urshifu|0 fnt\n|faint|p2b: Urshifu\n|-damage|p1b: Ronaldo|0 fnt|[from] Recoil\n|faint|p1b: Ronaldo\n|\n|win|Angelo Neres\n|inactive|Angelo Neres has 5 seconds left this turn.\n|raw|Angelo Neres's rating: 1399 &rarr; <strong>1415<\/strong><br \/>(+16 for winning)\n|raw|Jonny5134's rating: 1321 &rarr; <strong>1305<\/strong><br \/>(-16 for losing)\n|c|\u2606Angelo Neres|gg!!\n|l|\u2606Jonny5134\n","uploadtime":1700940004,"views":32,"p1id":"angeloneres","p2id":"jonny5134","formatid":"gen9vgc2023regulatione","rating":1305,"private":0,"password":""}