{"id":"gen9vgc2023regulatione-1989437846","p1":"Trains go BRRR","p2":"multiberry","format":"[Gen 9] VGC 2023 Regulation E","log":"|j|\u2606Trains go BRRR\n|j|\u2606multiberry\n|t:|1699850417\n|gametype|doubles\n|player|p1|Trains go BRRR|102|1425\n|player|p2|multiberry|skyla-masters2|1383\n|teamsize|p1|6\n|teamsize|p2|6\n|gen|9\n|tier|[Gen 9] VGC 2023 Regulation E\n|rated|\n|rule|Species Clause: Limit one of each Pok\u00e9mon\n|rule|Item Clause: Limit one of each item\n|clearpoke\n|poke|p1|Milotic, L50, M|\n|poke|p1|Rillaboom, L50, F|\n|poke|p1|Heatran, L50, F|\n|poke|p1|Landorus-Therian, L50, M|\n|poke|p1|Dragonite, L50, M|\n|poke|p1|Chien-Pao, L50|\n|poke|p2|Heatran, L50, M|\n|poke|p2|Gastrodon, L50, F|\n|poke|p2|Ogerpon-Cornerstone, L50, F|\n|poke|p2|Iron Hands, L50|\n|poke|p2|Roaring Moon, L50|\n|poke|p2|Landorus-Therian, L50, M|\n|teampreview|4\n|inactive|Battle timer is ON: inactive players will automatically lose when time's up. (requested by multiberry)\n|inactive|Trains go BRRR has 60 seconds left.\n|\n|t:|1699850454\n|start\n|switch|p1a: Dragonite|Dragonite, L50, M|100\/100\n|switch|p1b: Chien-Pao|Chien-Pao, L50|100\/100\n|switch|p2a: Iron Hands|Iron Hands, L50|100\/100\n|switch|p2b: Supersonic|Roaring Moon, L50|100\/100\n|-ability|p1b: Chien-Pao|Sword of Ruin\n|-enditem|p2b: Supersonic|Booster Energy\n|-activate|p2b: Supersonic|ability: Protosynthesis|[fromitem]\n|-start|p2b: Supersonic|protosynthesisspe\n|turn|1\n|inactive|Trains go BRRR has 30 seconds left.\n|\n|t:|1699850485\n|-terastallize|p1b: Chien-Pao|Ghost\n|move|p2b: Supersonic|Protect|p2b: Supersonic\n|-singleturn|p2b: Supersonic|Protect\n|move|p1b: Chien-Pao|Icicle Crash|p2b: Supersonic\n|-activate|p2b: Supersonic|move: Protect\n|move|p1a: Dragonite|Outrage|p2a: Iron Hands\n|-damage|p2a: Iron Hands|6\/100\n|move|p2a: Iron Hands|Drain Punch|p1b: Chien-Pao\n|-immune|p1b: Chien-Pao\n|\n|upkeep\n|turn|2\n|inactive|multiberry has 30 seconds left.\n|\n|t:|1699850511\n|-end|p2a: Iron Hands|Quark Drive|[silent]\n|switch|p2a: Heatran|Heatran, L50, M|100\/100\n|move|p2b: Supersonic|Knock Off|p1b: Chien-Pao\n|-supereffective|p1b: Chien-Pao\n|-enditem|p1b: Chien-Pao|Focus Sash\n|-damage|p1b: Chien-Pao|1\/100\n|move|p1b: Chien-Pao|Icicle Crash|p2b: Supersonic|[miss]\n|-miss|p1b: Chien-Pao|p2b: Supersonic\n|move|p1a: Dragonite|Outrage|p2b: Supersonic|[from]lockedmove\n|-supereffective|p2b: Supersonic\n|-crit|p2b: Supersonic\n|-damage|p2b: Supersonic|0 fnt\n|faint|p2b: Supersonic\n|-end|p2b: Supersonic|Protosynthesis|[silent]\n|\n|upkeep\n|\n|t:|1699850525\n|switch|p2b: Iron Hands|Iron Hands, L50|6\/100\n|turn|3\n|inactive|Trains go BRRR has 30 seconds left.\n|\n|t:|1699850554\n|-end|p2b: Iron Hands|Quark Drive|[silent]\n|switch|p2b: Landorus|Landorus-Therian, L50, M|100\/100\n|-ability|p2b: Landorus|Intimidate|boost\n|-fail|p1a: Dragonite|unboost|Attack|[from] ability: Inner Focus|[of] p1a: Dragonite\n|-unboost|p1b: Chien-Pao|atk|1\n|-terastallize|p2a: Heatran|Fairy\n|move|p1b: Chien-Pao|Sacred Sword|p2b: Landorus\n|-resisted|p2b: Landorus\n|-damage|p2b: Landorus|85\/100\n|move|p1a: Dragonite|Outrage|p2b: Landorus|[from]lockedmove\n|-damage|p2b: Landorus|0 fnt\n|faint|p2b: Landorus\n|-start|p1a: Dragonite|confusion|[fatigue]\n|move|p2a: Heatran|Heat Wave|p1b: Chien-Pao|[spread] p1a,p1b\n|-resisted|p1a: Dragonite\n|-damage|p1a: Dragonite|83\/100\n|-damage|p1b: Chien-Pao|0 fnt\n|faint|p1b: Chien-Pao\n|\n|upkeep\n|\n|t:|1699850571\n|switch|p1b: Rillaboom|Rillaboom, L50, F|100\/100\n|switch|p2b: Iron Hands|Iron Hands, L50|6\/100\n|-fieldstart|move: Grassy Terrain|[from] ability: Grassy Surge|[of] p1b: Rillaboom\n|turn|4\n|\n|t:|1699850581\n|switch|p1a: Landorus|Landorus-Therian, L50, M|100\/100\n|-ability|p1a: Landorus|Intimidate|boost\n|-unboost|p2a: Heatran|atk|1\n|-unboost|p2b: Iron Hands|atk|1\n|move|p1b: Rillaboom|Fake Out|p2a: Heatran\n|-damage|p2a: Heatran|88\/100\n|cant|p2a: Heatran|flinch\n|move|p2b: Iron Hands|Drain Punch|p1b: Rillaboom\n|-damage|p1b: Rillaboom|74\/100\n|-heal|p2b: Iron Hands|17\/100|[from] drain|[of] p1b: Rillaboom\n|\n|-heal|p1b: Rillaboom|80\/100|[from] Grassy Terrain\n|-heal|p2a: Heatran|94\/100|[from] Grassy Terrain\n|-heal|p2b: Iron Hands|23\/100|[from] Grassy Terrain\n|upkeep\n|turn|5\n|inactive|Trains go BRRR has 30 seconds left.\n|\n|t:|1699850607\n|move|p1b: Rillaboom|Grassy Glide|p2b: Iron Hands\n|-damage|p2b: Iron Hands|0 fnt\n|faint|p2b: Iron Hands\n|-end|p2b: Iron Hands|Quark Drive|[silent]\n|move|p1a: Landorus|Stomping Tantrum|p2a: Heatran\n|-damage|p2a: Heatran|59\/100\n|move|p2a: Heatran|Heat Wave|p1b: Rillaboom|[spread] p1a,p1b\n|-supereffective|p1b: Rillaboom\n|-damage|p1a: Landorus|56\/100\n|-damage|p1b: Rillaboom|17\/100\n|\n|-heal|p1b: Rillaboom|23\/100|[from] Grassy Terrain\n|-heal|p2a: Heatran|65\/100|[from] Grassy Terrain\n|upkeep\n|turn|6\n|\n|t:|1699850622\n|move|p1a: Landorus|Stomping Tantrum|p2a: Heatran\n|-damage|p2a: Heatran|28\/100\n|-enditem|p2a: Heatran|Sitrus Berry|[eat]\n|-heal|p2a: Heatran|53\/100|[from] item: Sitrus Berry\n|move|p1b: Rillaboom|Wood Hammer|p2a: Heatran\n|-damage|p2a: Heatran|0 fnt\n|faint|p2a: Heatran\n|-damage|p1b: Rillaboom|5\/100|[from] Recoil\n|\n|win|Trains go BRRR\n|raw|Trains go BRRR's rating: 1425 &rarr; <strong>1443<\/strong><br \/>(+18 for winning)\n|raw|multiberry's rating: 1383 &rarr; <strong>1365<\/strong><br \/>(-18 for losing)\n|l|\u2606multiberry\n","uploadtime":1699850633,"views":13,"p1id":"trainsgobrrr","p2id":"multiberry","formatid":"gen9vgc2023regulatione","rating":1365,"private":0,"password":""}