{"id":"gen9vgc2023regulatione-1998246951","p1":"GeorgeSea","p2":"newusernovice","format":"[Gen 9] VGC 2023 Regulation E","log":"|j|\u2606GeorgeSea\n|j|\u2606newusernovice\n|t:|1700919340\n|gametype|doubles\n|player|p1|GeorgeSea|bugcatcher-gen4dp|1439\n|player|p2|newusernovice|brawly|1416\n|teamsize|p1|6\n|teamsize|p2|6\n|gen|9\n|tier|[Gen 9] VGC 2023 Regulation E\n|rated|\n|rule|Species Clause: Limit one of each Pok\u00e9mon\n|rule|Item Clause: Limit one of each item\n|clearpoke\n|poke|p1|Rillaboom, L50, M|\n|poke|p1|Iron Bundle, L50|\n|poke|p1|Arcanine-Hisui, L50, M|\n|poke|p1|Sneasler, L50, F|\n|poke|p1|Tornadus, L50, M|\n|poke|p1|Chien-Pao, L50|\n|poke|p2|Arcanine-Hisui, L50, M|\n|poke|p2|Tornadus, L50, M|\n|poke|p2|Urshifu-*, L50, M|\n|poke|p2|Flutter Mane, L50|\n|poke|p2|Rillaboom, L50, F|\n|poke|p2|Ogerpon-Wellspring, L50, F|\n|teampreview|4\n|inactive|Battle timer is ON: inactive players will automatically lose when time's up. (requested by newusernovice)\n|inactive|GeorgeSea has 60 seconds left.\n|inactive|newusernovice has 60 seconds left.\n|inactive|GeorgeSea has 30 seconds left.\n|inactive|GeorgeSea has 20 seconds left.\n|inactive|GeorgeSea has 15 seconds left.\n|inactive|GeorgeSea has 10 seconds left.\n|\n|t:|1700919423\n|start\n|switch|p1a: Tornadus|Tornadus, L50, M|100\/100\n|switch|p1b: Iron Bundle|Iron Bundle, L50|100\/100\n|switch|p2a: Tornadus|Tornadus, L50, M|100\/100\n|switch|p2b: Arcanine|Arcanine-Hisui, L50, M, shiny|100\/100\n|-ability|p2b: Arcanine|Intimidate|boost\n|-unboost|p1a: Tornadus|atk|1\n|-unboost|p1b: Iron Bundle|atk|1\n|-enditem|p1b: Iron Bundle|Booster Energy\n|-activate|p1b: Iron Bundle|ability: Quark Drive|[fromitem]\n|-start|p1b: Iron Bundle|quarkdrivespe\n|turn|1\n|inactive|GeorgeSea has 30 seconds left.\n|inactive|GeorgeSea has 20 seconds left.\n|\n|t:|1700919462\n|-terastallize|p2b: Arcanine|Fairy\n|move|p2a: Tornadus|Protect|p2a: Tornadus\n|-singleturn|p2a: Tornadus|Protect\n|move|p1b: Iron Bundle|Protect|p1b: Iron Bundle\n|-singleturn|p1b: Iron Bundle|Protect\n|move|p1a: Tornadus|Tailwind|p1a: Tornadus\n|-sidestart|p1: GeorgeSea|move: Tailwind\n|move|p2b: Arcanine|Rock Slide|p1b: Iron Bundle|[spread] p1a\n|-activate|p1b: Iron Bundle|move: Protect\n|-supereffective|p1a: Tornadus\n|-damage|p1a: Tornadus|24\/100\n|-damage|p2b: Arcanine|91\/100|[from] item: Life Orb\n|\n|upkeep\n|turn|2\n|inactive|newusernovice has 30 seconds left.\n|inactive|GeorgeSea has 30 seconds left.\n|\n|t:|1700919496\n|switch|p2a: Rillaboom|Rillaboom, L50, F|100\/100\n|-fieldstart|move: Grassy Terrain|[from] ability: Grassy Surge|[of] p2a: Rillaboom\n|move|p1a: Tornadus|Taunt|p2a: Rillaboom\n|-start|p2a: Rillaboom|move: Taunt\n|move|p1b: Iron Bundle|Freeze-Dry|p2a: Rillaboom\n|-supereffective|p2a: Rillaboom\n|-damage|p2a: Rillaboom|14\/100\n|move|p2b: Arcanine|Rock Slide|p1b: Iron Bundle|[spread] p1a,p1b\n|-supereffective|p1a: Tornadus\n|-crit|p1a: Tornadus\n|-supereffective|p1b: Iron Bundle\n|-damage|p1a: Tornadus|0 fnt\n|-damage|p1b: Iron Bundle|12\/100\n|faint|p1a: Tornadus\n|-damage|p2b: Arcanine|81\/100|[from] item: Life Orb\n|\n|-heal|p1b: Iron Bundle|18\/100|[from] Grassy Terrain\n|-heal|p2b: Arcanine|86\/100|[from] Grassy Terrain\n|-heal|p2a: Rillaboom|20\/100|[from] Grassy Terrain\n|upkeep\n|\n|t:|1700919516\n|switch|p1a: Sneasler|Sneasler, L50, F|100\/100\n|-enditem|p1a: Sneasler|Grassy Seed\n|-boost|p1a: Sneasler|def|1|[from] item: Grassy Seed\n|turn|3\n|inactive|newusernovice has 30 seconds left.\n|inactive|newusernovice has 20 seconds left.\n|\n|t:|1700919554\n|-end|p1b: Iron Bundle|Quark Drive|[silent]\n|switch|p1b: Rillaboom|Rillaboom, L50, M|100\/100\n|move|p1a: Sneasler|Protect|p1a: Sneasler\n|-singleturn|p1a: Sneasler|Protect\n|move|p2a: Rillaboom|Fake Out|p1a: Sneasler\n|-activate|p1a: Sneasler|move: Protect\n|move|p2b: Arcanine|Rock Slide|p1a: Sneasler|[spread] p1b\n|-activate|p1a: Sneasler|move: Protect\n|-damage|p1b: Rillaboom|70\/100\n|-damage|p2b: Arcanine|77\/100|[from] item: Life Orb\n|\n|-heal|p1b: Rillaboom|75\/100|[from] Grassy Terrain\n|-heal|p2b: Arcanine|82\/100|[from] Grassy Terrain\n|-heal|p2a: Rillaboom|26\/100|[from] Grassy Terrain\n|upkeep\n|turn|4\n|inactive|newusernovice has 30 seconds left.\n|inactive|newusernovice has 20 seconds left.\n|inactive|newusernovice has 15 seconds left.\n|\n|t:|1700919597\n|switch|p2b: Tornadus|Tornadus, L50, M|100\/100\n|move|p1b: Rillaboom|Fake Out|p2b: Tornadus\n|-damage|p2b: Tornadus|78\/100\n|move|p2a: Rillaboom|Grassy Glide|p1a: Sneasler\n|-resisted|p1a: Sneasler\n|-damage|p1a: Sneasler|74\/100\n|move|p1a: Sneasler|Dire Claw|p2a: Rillaboom\n|-supereffective|p2a: Rillaboom\n|-damage|p2a: Rillaboom|0 fnt\n|faint|p2a: Rillaboom\n|\n|-heal|p1a: Sneasler|80\/100|[from] Grassy Terrain\n|-heal|p1b: Rillaboom|81\/100|[from] Grassy Terrain\n|-sideend|p1: GeorgeSea|move: Tailwind\n|upkeep\n|\n|t:|1700919610\n|switch|p2a: Arcanine|Arcanine-Hisui, L50, M, shiny, tera:Fairy|82\/100\n|-ability|p2a: Arcanine|Intimidate|boost\n|-unboost|p1a: Sneasler|atk|1\n|-unboost|p1b: Rillaboom|atk|1\n|turn|5\n|inactive|newusernovice has 30 seconds left.\n|\n|t:|1700919637\n|-terastallize|p1b: Rillaboom|Poison\n|move|p2b: Tornadus|Tailwind|p2b: Tornadus\n|-sidestart|p2: newusernovice|move: Tailwind\n|move|p1b: Rillaboom|Grassy Glide|p2a: Arcanine\n|-damage|p2a: Arcanine|51\/100\n|move|p1a: Sneasler|Dire Claw|p2a: Arcanine\n|-supereffective|p2a: Arcanine\n|-damage|p2a: Arcanine|0 fnt\n|faint|p2a: Arcanine\n|\n|-heal|p1a: Sneasler|87\/100|[from] Grassy Terrain\n|-heal|p1b: Rillaboom|87\/100|[from] Grassy Terrain\n|upkeep\n|\n|t:|1700919649\n|switch|p2a: Ogerpon|Ogerpon-Wellspring, L50, F|100\/100\n|turn|6\n|\n|t:|1700919659\n|move|p1a: Sneasler|Dire Claw|p2b: Tornadus\n|-damage|p2b: Tornadus|43\/100\n|-enditem|p2b: Tornadus|Sitrus Berry|[eat]\n|-heal|p2b: Tornadus|68\/100|[from] item: Sitrus Berry\n|move|p2b: Tornadus|Bleakwind Storm|p1a: Sneasler|[spread] p1a,p1b\n|-supereffective|p1a: Sneasler\n|-damage|p1a: Sneasler|0 fnt\n|-damage|p1b: Rillaboom|58\/100\n|faint|p1a: Sneasler\n|move|p2a: Ogerpon|Ivy Cudgel|p1b: Rillaboom|[anim] Ivy Cudgel Water\n|-crit|p1b: Rillaboom\n|-damage|p1b: Rillaboom|0 fnt\n|faint|p1b: Rillaboom\n|\n|-fieldend|move: Grassy Terrain\n|upkeep\n|\n|t:|1700919672\n|switch|p1a: Iron Bundle|Iron Bundle, L50|18\/100\n|turn|7\n|-message|GeorgeSea forfeited.\n|\n|win|newusernovice\n|raw|GeorgeSea's rating: 1439 &rarr; <strong>1418<\/strong><br \/>(-21 for losing)\n|raw|newusernovice's rating: 1416 &rarr; <strong>1437<\/strong><br \/>(+21 for winning)\n|l|\u2606GeorgeSea\n","uploadtime":1700919685,"views":1,"p1id":"georgesea","p2id":"newusernovice","formatid":"gen9vgc2023regulatione","rating":1418,"private":0,"password":""}