{"id":"gen9vgc2023regulatione-1989255971","p1":"Kurvy\u2665","p2":"It\u2019sJustKen VGC","format":"[Gen 9] VGC 2023 Regulation E","log":"|j|\u2606Kurvy\u2665\n|j|\u2606It\u2019sJustKen VGC\n|t:|1699828634\n|gametype|doubles\n|player|p1|Kurvy\u2665|harlequin|\n|player|p2|It\u2019sJustKen VGC|turo|\n|teamsize|p1|6\n|teamsize|p2|6\n|gen|9\n|tier|[Gen 9] VGC 2023 Regulation E\n|rated|Tournament battle\n|rule|Species Clause: Limit one of each Pok\u00e9mon\n|rule|Item Clause: Limit one of each item\n|clearpoke\n|poke|p1|Baxcalibur, L50, M|\n|poke|p1|Ninetales-Alola, L50, F|\n|poke|p1|Sinistcha-Masterpiece, L50|\n|poke|p1|Roaring Moon, L50|\n|poke|p1|Dondozo, L50, M|\n|poke|p1|Heatran, L50, M|\n|poke|p2|Amoonguss, L50, F|\n|poke|p2|Iron Bundle, L50|\n|poke|p2|Chi-Yu, L50|\n|poke|p2|Farigiraf, L50, F|\n|poke|p2|Landorus-Therian, L50, M|\n|poke|p2|Iron Hands, L50|\n|teampreview|4\n|showteam|p1|Baxcalibur||AssaultVest|ThermalExchange|GlaiveRush,IcicleCrash,IceShard,HighHorsepower|||M|||50|,,,,,Fire]Ninetales-Alola||LightClay|SnowWarning|AuroraVeil,IcyWind,Encore,Protect|||F|||50|,,,,,Fire]Sinistcha-Masterpiece||RockyHelmet|Hospitality|MatchaGotcha,CalmMind,Protect,StrengthSap||||||50|,,,,,Water]Roaring Moon||BoosterEnergy|Protosynthesis|KnockOff,BreakingSwipe,Acrobatics,Protect||||||50|,,,,,Flying]Dondozo||SitrusBerry|Oblivious|WaveCrash,HeavySlam,Yawn,Protect|||M|||50|,,,,,Fire]Heatran||Leftovers|FlashFire|FlashCannon,HeatWave,EarthPower,Protect|||M|||50|,,,,,Grass\n|showteam|p2|Amoonguss||MentalHerb|Regenerator|Spore,RagePowder,PollenPuff,ClearSmog|||F|||50|,,,,,Water]Iron Bundle||BoosterEnergy|QuarkDrive|Protect,HydroPump,FreezeDry,IcyWind||||||50|,,,,,Ghost]Chi-Yu||FocusSash|BeadsofRuin|Protect,DarkPulse,HeatWave,Overheat||||||50|,,,,,Ghost]Farigiraf||SitrusBerry|ArmorTail|Protect,TrickRoom,Psychic,DazzlingGleam|||F|||50|,,,,,Fire]Landorus-Therian||ChoiceScarf|Intimidate|StompingTantrum,RockSlide,Uturn,TeraBlast|||M|||50|,,,,,Flying]Iron Hands||AssaultVest|QuarkDrive|FakeOut,WildCharge,DrainPunch,HeavySlam||||||50|,,,,,Water\n|inactive|Battle timer is ON: inactive players will automatically lose when time's up. (requested by It\u2019sJustKen VGC)\n|c|\u2606It\u2019sJustKen VGC|glhf\n|inactive|Kurvy\u2665 has 60 seconds left.\n|inactive|It\u2019sJustKen VGC has 60 seconds left.\n|\n|t:|1699828674\n|start\n|switch|p1a: Ninetales|Ninetales-Alola, L50, F, shiny|100\/100\n|switch|p1b: Baxcalibur|Baxcalibur, L50, M, shiny|100\/100\n|switch|p2a: Iron Bundle|Iron Bundle, L50|100\/100\n|switch|p2b: Chi-Yu|Chi-Yu, L50|100\/100\n|-weather|Snow|[from] ability: Snow Warning|[of] p1a: Ninetales\n|-ability|p2b: Chi-Yu|Beads of Ruin\n|-enditem|p2a: Iron Bundle|Booster Energy\n|-activate|p2a: Iron Bundle|ability: Quark Drive|[fromitem]\n|-start|p2a: Iron Bundle|quarkdrivespe\n|turn|1\n|inactive|Kurvy\u2665 has 30 seconds left.\n|\n|t:|1699828705\n|-terastallize|p1b: Baxcalibur|Fire\n|move|p2a: Iron Bundle|Icy Wind|p1a: Ninetales|[spread] p1a,p1b\n|-resisted|p1a: Ninetales\n|-resisted|p1b: Baxcalibur\n|-damage|p1a: Ninetales|85\/100\n|-damage|p1b: Baxcalibur|92\/100\n|-unboost|p1a: Ninetales|spe|1\n|-unboost|p1b: Baxcalibur|spe|1\n|move|p2b: Chi-Yu|Dark Pulse|p1b: Baxcalibur\n|-damage|p1b: Baxcalibur|57\/100\n|move|p1a: Ninetales|Aurora Veil|p1a: Ninetales\n|-sidestart|p1: Kurvy\u2665|move: Aurora Veil\n|move|p1b: Baxcalibur|Glaive Rush|p2a: Iron Bundle\n|-damage|p2a: Iron Bundle|36\/100\n|-singlemove|p1b: Baxcalibur|Glaive Rush|[silent]\n|\n|-weather|Snow|[upkeep]\n|upkeep\n|turn|2\n|\n|t:|1699828722\n|switch|p1b: Heatran|Heatran, L50, M|100\/100\n|move|p2a: Iron Bundle|Hydro Pump|p1b: Heatran\n|-supereffective|p1b: Heatran\n|-damage|p1b: Heatran|17\/100\n|move|p2b: Chi-Yu|Overheat|p1a: Ninetales\n|-supereffective|p1a: Ninetales\n|-damage|p1a: Ninetales|0 fnt\n|-unboost|p2b: Chi-Yu|spa|2\n|faint|p1a: Ninetales\n|\n|-weather|Snow|[upkeep]\n|-heal|p1b: Heatran|23\/100|[from] item: Leftovers\n|upkeep\n|\n|t:|1699828730\n|switch|p1a: Sinistcha|Sinistcha-Masterpiece, L50, shiny|100\/100\n|-heal|p1b: Heatran|48\/100|[from] ability: Hospitality|[of] p1a: Sinistcha\n|turn|3\n|inactive|Kurvy\u2665 has 30 seconds left.\n|\n|t:|1699828756\n|switch|p2b: Amoonguss|Amoonguss, L50, F|100\/100\n|move|p2a: Iron Bundle|Protect|p2a: Iron Bundle\n|-singleturn|p2a: Iron Bundle|Protect\n|move|p1a: Sinistcha|Protect|p1a: Sinistcha\n|-singleturn|p1a: Sinistcha|Protect\n|move|p1b: Heatran|Earth Power|p2b: Amoonguss\n|-damage|p2b: Amoonguss|71\/100\n|\n|-weather|Snow|[upkeep]\n|-heal|p1b: Heatran|54\/100|[from] item: Leftovers\n|upkeep\n|turn|4\n|\n|t:|1699828776\n|-terastallize|p2a: Iron Bundle|Ghost\n|move|p1b: Heatran|Protect|p1b: Heatran\n|-singleturn|p1b: Heatran|Protect\n|move|p2a: Iron Bundle|Hydro Pump|p1b: Heatran\n|-activate|p1b: Heatran|move: Protect\n|move|p1a: Sinistcha|Matcha Gotcha|p2a: Iron Bundle|[spread] p2a,p2b\n|-resisted|p2b: Amoonguss\n|-damage|p2a: Iron Bundle|0 fnt\n|-damage|p2b: Amoonguss|66\/100\n|faint|p2a: Iron Bundle\n|-end|p2a: Iron Bundle|Quark Drive|[silent]\n|move|p2b: Amoonguss|Pollen Puff|p2: Iron Bundle|[notarget]\n|-fail|p2b: Amoonguss\n|\n|-weather|Snow|[upkeep]\n|-heal|p1b: Heatran|60\/100|[from] item: Leftovers\n|upkeep\n|\n|t:|1699828780\n|switch|p2a: Chi-Yu|Chi-Yu, L50|100\/100\n|-ability|p2a: Chi-Yu|Beads of Ruin\n|turn|5\n|\n|t:|1699828798\n|move|p2b: Amoonguss|Rage Powder|p2b: Amoonguss\n|-singleturn|p2b: Amoonguss|move: Rage Powder\n|move|p2a: Chi-Yu|Dark Pulse|p1a: Sinistcha\n|-supereffective|p1a: Sinistcha\n|-damage|p1a: Sinistcha|1\/100\n|move|p1b: Heatran|Heat Wave|p2b: Amoonguss|[spread] p2a,p2b\n|-resisted|p2a: Chi-Yu\n|-supereffective|p2b: Amoonguss\n|-damage|p2a: Chi-Yu|78\/100\n|-damage|p2b: Amoonguss|0 fnt\n|faint|p2b: Amoonguss\n|move|p1a: Sinistcha|Calm Mind|p1a: Sinistcha\n|-boost|p1a: Sinistcha|spa|1\n|-boost|p1a: Sinistcha|spd|1\n|\n|-weather|none\n|-heal|p1b: Heatran|66\/100|[from] item: Leftovers\n|upkeep\n|\n|t:|1699828810\n|switch|p2b: Iron Hands|Iron Hands, L50|100\/100\n|turn|6\n|j|+Nosnort\u2714\ufe0f\n|\n|t:|1699828829\n|move|p2b: Iron Hands|Fake Out|p1b: Heatran\n|-resisted|p1b: Heatran\n|-damage|p1b: Heatran|62\/100\n|move|p2a: Chi-Yu|Dark Pulse|p1a: Sinistcha\n|-supereffective|p1a: Sinistcha\n|-damage|p1a: Sinistcha|0 fnt\n|faint|p1a: Sinistcha\n|cant|p1b: Heatran|flinch\n|\n|-heal|p1b: Heatran|68\/100|[from] item: Leftovers\n|upkeep\n|\n|t:|1699828833\n|switch|p1a: Baxcalibur|Baxcalibur, L50, M, shiny, tera:Fire|57\/100\n|turn|7\n|\n|t:|1699828851\n|move|p2a: Chi-Yu|Dark Pulse|p1a: Baxcalibur\n|-damage|p1a: Baxcalibur|34\/100\n|move|p1a: Baxcalibur|High Horsepower|p2a: Chi-Yu\n|-supereffective|p2a: Chi-Yu\n|-damage|p2a: Chi-Yu|0 fnt\n|faint|p2a: Chi-Yu\n|move|p1b: Heatran|Earth Power|p2b: Iron Hands\n|-supereffective|p2b: Iron Hands\n|-damage|p2b: Iron Hands|66\/100\n|move|p2b: Iron Hands|Drain Punch|p1a: Baxcalibur\n|-damage|p1a: Baxcalibur|8\/100\n|-heal|p2b: Iron Hands|78\/100|[from] drain|[of] p1a: Baxcalibur\n|\n|-heal|p1b: Heatran|74\/100|[from] item: Leftovers\n|upkeep\n|turn|8\n|\n|t:|1699828861\n|move|p1a: Baxcalibur|High Horsepower|p2b: Iron Hands\n|-supereffective|p2b: Iron Hands\n|-damage|p2b: Iron Hands|21\/100\n|move|p1b: Heatran|Earth Power|p2b: Iron Hands\n|-supereffective|p2b: Iron Hands\n|-damage|p2b: Iron Hands|0 fnt\n|faint|p2b: Iron Hands\n|-end|p2b: Iron Hands|Quark Drive|[silent]\n|\n|win|Kurvy\u2665\n|n|\u2606Kurvy\u2665|kurvy\n|n|\u2606It\u2019sJustKen VGC|itsjustkenvgc\n|n| Nosnort\u2714\ufe0f|nosnort\n|l|\u2606Kurvy\u2665\n|c|\u2606It\u2019sJustKen VGC|gg wp\n","uploadtime":1699828870,"views":9,"p1id":"kurvy","p2id":"itsjustkenvgc","formatid":"gen9vgc2023regulatione","rating":0,"private":0,"password":""}