{"id":"gen9vgc2023regulatione-1993444663","p1":"PritzShow","p2":"RazzRazzBerry","format":"[Gen 9] VGC 2023 Regulation E","log":"|j|\u2606PritzShow\n|j|\u2606RazzRazzBerry\n|n|\u2606PritzShow|pritzshow\n|n|\u2606RazzRazzBerry|razzrazzberry\n|html|View the match progress at <a href=\"\/game-bestof3-gen9vgc2023regulatione-1993442008\">game-bestof3-gen9vgc2023regulatione-1993442008<\/a>\n|t:|1700318735\n|gametype|doubles\n|player|p1|PritzShow|fisherman-gen4|\n|player|p2|RazzRazzBerry|n|\n|teamsize|p1|6\n|teamsize|p2|6\n|gen|9\n|tier|[Gen 9] VGC 2023 Regulation E\n|rule|Species Clause: Limit one of each Pok\u00e9mon\n|rule|Item Clause: Limit one of each item\n|clearpoke\n|poke|p1|Arcanine, L50, M|\n|poke|p1|Eiscue, L50, F|\n|poke|p1|Weezing, L50, M|\n|poke|p1|Ting-Lu, L50|\n|poke|p1|Milotic, L50, M|\n|poke|p1|Rillaboom, L50, M|\n|poke|p2|Pawmot, L50, F|\n|poke|p2|Tyranitar, L50, F|\n|poke|p2|Houndstone, L50, M|\n|poke|p2|Ogerpon-Hearthflame, L50, F|\n|poke|p2|Palafin, L50, M|\n|poke|p2|Rabsca, L50, F|\n|teampreview|4\n|inactive|Battle timer is ON: inactive players will automatically lose when time's up. (requested by PritzShow)\n|inactive|PritzShow has 60 seconds left.\n|\n|t:|1700318777\n|start\n|switch|p1a: Arcanine|Arcanine, L50, M|100\/100\n|switch|p1b: Milotic|Milotic, L50, M|100\/100\n|switch|p2a: ball is life|Rabsca, L50, F|100\/100\n|switch|p2b: Fiona|Ogerpon-Hearthflame, L50, F|100\/100\n|-ability|p2b: Fiona|Mold Breaker\n|-ability|p1a: Arcanine|Intimidate|boost\n|-unboost|p2a: ball is life|atk|1\n|-unboost|p2b: Fiona|atk|1\n|turn|1\n|inactive|PritzShow has 30 seconds left.\n|inactive|RazzRazzBerry has 30 seconds left.\n|\n|t:|1700318807\n|switch|p1b: Ting-Lu|Ting-Lu, L50|100\/100\n|-ability|p1b: Ting-Lu|Vessel of Ruin\n|move|p2b: Fiona|Spiky Shield|p2b: Fiona\n|-singleturn|p2b: Fiona|move: Protect\n|move|p1a: Arcanine|Flare Blitz|p2a: ball is life\n|-supereffective|p2a: ball is life\n|-damage|p2a: ball is life|18\/100\n|-damage|p1a: Arcanine|75\/100|[from] Recoil\n|move|p2a: ball is life|Light Screen|p2a: ball is life\n|-sidestart|p2: RazzRazzBerry|move: Light Screen\n|\n|upkeep\n|turn|2\n|\n|t:|1700318824\n|-terastallize|p1b: Ting-Lu|Poison\n|move|p2b: Fiona|Swords Dance|p2b: Fiona\n|-boost|p2b: Fiona|atk|2\n|move|p1a: Arcanine|Flare Blitz|p2b: Fiona\n|-damage|p2b: Fiona|34\/100\n|-damage|p1a: Arcanine|57\/100|[from] Recoil\n|move|p1b: Ting-Lu|Rock Slide|p2a: ball is life|[spread] p2b\n|-miss|p1b: Ting-Lu|p2a: ball is life\n|-supereffective|p2b: Fiona\n|-damage|p2b: Fiona|0 fnt\n|faint|p2b: Fiona\n|move|p2a: ball is life|Reflect|p2a: ball is life\n|-sidestart|p2: RazzRazzBerry|Reflect\n|\n|upkeep\n|\n|t:|1700318836\n|switch|p2b: Drax|Tyranitar, L50, F|100\/100\n|-weather|Sandstorm|[from] ability: Sand Stream|[of] p2b: Drax\n|turn|3\n|inactive|PritzShow has 30 seconds left.\n|inactive|PritzShow has 20 seconds left.\n|inactive|PritzShow has 15 seconds left.\n|\n|t:|1700318881\n|move|p1a: Arcanine|Flare Blitz|p2a: ball is life\n|-supereffective|p2a: ball is life\n|-damage|p2a: ball is life|0 fnt\n|faint|p2a: ball is life\n|-damage|p1a: Arcanine|52\/100|[from] Recoil\n|move|p2b: Drax|High Horsepower|p1b: Ting-Lu\n|-supereffective|p1b: Ting-Lu\n|-damage|p1b: Ting-Lu|66\/100\n|-damage|p2b: Drax|84\/100|[from] item: Rocky Helmet|[of] p1b: Ting-Lu\n|move|p1b: Ting-Lu|Stomping Tantrum|p2b: Drax\n|-supereffective|p2b: Drax\n|-damage|p2b: Drax|46\/100\n|\n|-weather|Sandstorm|[upkeep]\n|-damage|p1a: Arcanine|46\/100|[from] Sandstorm\n|-damage|p1b: Ting-Lu|60\/100|[from] Sandstorm\n|upkeep\n|\n|t:|1700318890\n|switch|p2a: Courage|Houndstone, L50, M|100\/100\n|turn|4\n|inactive|PritzShow has 30 seconds left.\n|inactive|PritzShow has 20 seconds left.\n|inactive|PritzShow has 15 seconds left.\n|inactive|PritzShow has 10 seconds left.\n|inactive|PritzShow has 5 seconds left.\n|\n|t:|1700318940\n|-terastallize|p2a: Courage|Ghost\n|move|p2a: Courage|Last Respects|p1a: Arcanine\n|-damage|p1a: Arcanine|0 fnt\n|faint|p1a: Arcanine\n|move|p2b: Drax|High Horsepower|p1b: Ting-Lu\n|-supereffective|p1b: Ting-Lu\n|-damage|p1b: Ting-Lu|23\/100\n|-damage|p2b: Drax|29\/100|[from] item: Rocky Helmet|[of] p1b: Ting-Lu\n|move|p1b: Ting-Lu|Stomping Tantrum|p2b: Drax\n|-supereffective|p2b: Drax\n|-damage|p2b: Drax|0 fnt\n|faint|p2b: Drax\n|\n|-weather|Sandstorm|[upkeep]\n|-damage|p1b: Ting-Lu|17\/100|[from] Sandstorm\n|upkeep\n|\n|t:|1700318952\n|switch|p1a: Milotic|Milotic, L50, M|100\/100\n|turn|5\n|\n|t:|1700318969\n|move|p2a: Courage|Last Respects|p1a: Milotic\n|-damage|p1a: Milotic|0 fnt\n|faint|p1a: Milotic\n|move|p1b: Ting-Lu|Heavy Slam|p2a: Courage\n|-damage|p2a: Courage|76\/100\n|\n|-weather|Sandstorm|[upkeep]\n|-damage|p1b: Ting-Lu|11\/100|[from] Sandstorm\n|upkeep\n|\n|t:|1700318972\n|switch|p1a: Rillaboom|Rillaboom, L50, M|100\/100\n|-fieldstart|move: Grassy Terrain|[from] ability: Grassy Surge|[of] p1a: Rillaboom\n|turn|6\n|\n|t:|1700318989\n|move|p1a: Rillaboom|Protect|p1a: Rillaboom\n|-singleturn|p1a: Rillaboom|Protect\n|move|p2a: Courage|Last Respects|p1a: Rillaboom\n|-activate|p1a: Rillaboom|move: Protect\n|move|p1b: Ting-Lu|Heavy Slam|p2a: Courage\n|-damage|p2a: Courage|52\/100\n|\n|-weather|Sandstorm|[upkeep]\n|-damage|p1a: Rillaboom|95\/100|[from] Sandstorm\n|-damage|p1b: Ting-Lu|5\/100|[from] Sandstorm\n|-heal|p2a: Courage|59\/100|[from] Grassy Terrain\n|-heal|p1a: Rillaboom|100\/100|[from] Grassy Terrain\n|-heal|p1b: Ting-Lu|11\/100|[from] Grassy Terrain\n|upkeep\n|turn|7\n|\n|t:|1700318993\n|move|p1a: Rillaboom|Grassy Glide|p2a: Courage\n|-damage|p2a: Courage|26\/100\n|move|p2a: Courage|Last Respects|p1a: Rillaboom\n|-damage|p1a: Rillaboom|0 fnt\n|faint|p1a: Rillaboom\n|move|p1b: Ting-Lu|Heavy Slam|p2a: Courage\n|-damage|p2a: Courage|0 fnt\n|faint|p2a: Courage\n|\n|win|PritzShow\n|l|\u2606RazzRazzBerry\n|c|\u2606PritzShow|gg\n","uploadtime":1700319138,"views":11,"p1id":"pritzshow","p2id":"razzrazzberry","formatid":"gen9vgc2023regulatione","rating":0,"private":0,"password":""}