{"id":"gen9vgc2023regulatione-1989711091","p1":"blindfishptsd","p2":"WickedCheeseTouch","format":"[Gen 9] VGC 2023 Regulation E","log":"|j|\u2606blindfishptsd\n|j|\u2606WickedCheeseTouch\n|n|\u2606blindfishptsd|blindfishptsd\n|n|\u2606WickedCheeseTouch|wickedcheesetouch\n|html|View the match progress at <a href=\"\/game-bestof3-gen9vgc2023regulatione-1989711090\">game-bestof3-gen9vgc2023regulatione-1989711090<\/a>\n|t:|1699889109\n|gametype|doubles\n|player|p1|blindfishptsd|169|\n|player|p2|WickedCheeseTouch|lucas|\n|teamsize|p1|6\n|teamsize|p2|6\n|gen|9\n|tier|[Gen 9] VGC 2023 Regulation E\n|rated|Tournament battle\n|rule|Species Clause: Limit one of each Pok\u00e9mon\n|rule|Item Clause: Limit one of each item\n|clearpoke\n|poke|p1|Chien-Pao, L50|\n|poke|p1|Dragonite, L50, F|\n|poke|p1|Rillaboom, L50, M|\n|poke|p1|Urshifu-*, L50, F|\n|poke|p1|Farigiraf, L50, M|\n|poke|p1|Heatran, L50, F|\n|poke|p2|Tornadus, L50, M|\n|poke|p2|Urshifu-*, L50, M|\n|poke|p2|Gholdengo, L50|\n|poke|p2|Arcanine-Hisui, L50, M|\n|poke|p2|Rillaboom, L50, M|\n|poke|p2|Ogerpon-Wellspring, L50, F|\n|teampreview|4\n|showteam|p1|Chien-Pao||FocusSash|SwordofRuin|Protect,SuckerPunch,SacredSword,IcicleCrash||||||50|,,,,,Ghost]Dragonite||ChoiceBand|InnerFocus|ExtremeSpeed,AquaJet,StompingTantrum,Outrage|||F|||50|,,,,,Normal]Rillaboom||MiracleSeed|GrassySurge|WoodHammer,GrassyGlide,Protect,FakeOut|||M|||50|,,,,,Grass]Urshifu-Rapid-Strike||ChoiceScarf|UnseenFist|SurgingStrikes,CloseCombat,AquaJet,Uturn|||F|||50|,,,,,Water]Farigiraf||RockyHelmet|ArmorTail|Psychic,DazzlingGleam,HelpingHand,TrickRoom|||M|||50|,,,,,Fairy]Heatran||AssaultVest|FlashFire|HeatWave,FlashCannon,TeraBlast,EarthPower|||F|||50|,,,,,Fairy\n|showteam|p2|Tornadus||CovertCloak|Prankster|BleakwindStorm,Tailwind,RainDance,Taunt|||M|||50|,,,,,Steel]Urshifu||FocusSash|UnseenFist|WickedBlow,CloseCombat,SuckerPunch,Protect|||M|||50|,,,,,Dark]Gholdengo||LifeOrb|GoodasGold|MakeItRain,ShadowBall,NastyPlot,Protect||||||50|,,,,,Steel]Arcanine-Hisui||SitrusBerry|Intimidate|FlareBlitz,RockSlide,ExtremeSpeed,WillOWisp|||M|||50|,,,,,Water]Rillaboom||AssaultVest|GrassySurge|FakeOut,WoodHammer,GrassyGlide,HighHorsepower|||M|||50|,,,,,Fire]Ogerpon-Wellspring||WellspringMask|WaterAbsorb|IvyCudgel,PowerWhip,FollowMe,SpikyShield|||F|||50|,,,,,Water\n|inactive|Battle timer is ON: inactive players will automatically lose when time's up. (requested by blindfishptsd)\n|c|\u2606blindfishptsd|glhf\n|c|\u2606WickedCheeseTouch|u2\n|inactive|WickedCheeseTouch has 60 seconds left.\n|\n|t:|1699889150\n|start\n|switch|p1a: Urshifu|Urshifu-Rapid-Strike, L50, F|100\/100\n|switch|p1b: Farigiraf|Farigiraf, L50, M|100\/100\n|switch|p2a: Urshifu|Urshifu, L50, M|100\/100\n|switch|p2b: Ogerpon|Ogerpon-Wellspring, L50, F|100\/100\n|turn|1\n|inactive|WickedCheeseTouch has 30 seconds left.\n|\n|t:|1699889177\n|-terastallize|p1a: Urshifu|Water\n|move|p1b: Farigiraf|Helping Hand|p1a: Urshifu\n|-singleturn|p1a: Urshifu|Helping Hand|[of] p1b: Farigiraf\n|move|p1a: Urshifu|Surging Strikes|p2a: Urshifu\n|-crit|p2a: Urshifu\n|-damage|p2a: Urshifu|63\/100\n|-crit|p2a: Urshifu\n|-damage|p2a: Urshifu|20\/100\n|-crit|p2a: Urshifu\n|-damage|p2a: Urshifu|0 fnt\n|faint|p2a: Urshifu\n|-hitcount|p2: Urshifu|3\n|move|p2b: Ogerpon|Ivy Cudgel|p1a: Urshifu\n|-resisted|p1a: Urshifu\n|-damage|p1a: Urshifu|78\/100\n|\n|upkeep\n|\n|t:|1699889186\n|switch|p2a: Gholdengo|Gholdengo, L50|100\/100\n|turn|2\n|\n|t:|1699889193\n|switch|p1a: Heatran|Heatran, L50, F|100\/100\n|move|p2b: Ogerpon|Follow Me|p2b: Ogerpon\n|-singleturn|p2b: Ogerpon|move: Follow Me\n|move|p2a: Gholdengo|Nasty Plot|p2a: Gholdengo\n|-boost|p2a: Gholdengo|spa|2\n|move|p1b: Farigiraf|Trick Room|p1b: Farigiraf\n|-fieldstart|move: Trick Room|[of] p1b: Farigiraf\n|\n|upkeep\n|turn|3\n|\n|t:|1699889208\n|switch|p1a: Dragonite|Dragonite, L50, F|100\/100\n|-terastallize|p2b: Ogerpon|Water\n|detailschange|p2b: Ogerpon|Ogerpon-Wellspring-Tera, L50, F, tera:Water\n|-ability|p2b: Ogerpon|Embody Aspect (Wellspring)|boost\n|-boost|p2b: Ogerpon|spd|1\n|move|p2a: Gholdengo|Protect|p2a: Gholdengo\n|-singleturn|p2a: Gholdengo|Protect\n|move|p1b: Farigiraf|Psychic|p2b: Ogerpon\n|-damage|p2b: Ogerpon|75\/100\n|move|p2b: Ogerpon|Ivy Cudgel|p1a: Dragonite\n|-resisted|p1a: Dragonite\n|-damage|p1a: Dragonite|66\/100\n|\n|upkeep\n|turn|4\n|\n|t:|1699889224\n|switch|p2b: Rillaboom|Rillaboom, L50, M, shiny|100\/100\n|-fieldstart|move: Grassy Terrain|[from] ability: Grassy Surge|[of] p2b: Rillaboom\n|move|p1b: Farigiraf|Helping Hand|p1a: Dragonite\n|-singleturn|p1a: Dragonite|Helping Hand|[of] p1b: Farigiraf\n|move|p1a: Dragonite|Outrage|p2b: Rillaboom\n|-damage|p2b: Rillaboom|0 fnt\n|faint|p2b: Rillaboom\n|move|p2a: Gholdengo|Make It Rain|p1a: Dragonite|[spread] p1a,p1b\n|-damage|p1a: Dragonite|0 fnt\n|-damage|p1b: Farigiraf|0 fnt\n|-unboost|p2a: Gholdengo|spa|1\n|faint|p1a: Dragonite\n|faint|p1b: Farigiraf\n|-damage|p2a: Gholdengo|91\/100|[from] item: Life Orb\n|\n|-heal|p2a: Gholdengo|97\/100|[from] Grassy Terrain\n|upkeep\n|\n|t:|1699889237\n|switch|p1b: Heatran|Heatran, L50, F|100\/100\n|switch|p1a: Urshifu|Urshifu-Rapid-Strike, L50, F, tera:Water|78\/100\n|switch|p2b: Ogerpon|Ogerpon-Wellspring-Tera, L50, F, tera:Water|75\/100\n|-ability|p2b: Ogerpon|Embody Aspect (Wellspring)|boost\n|-boost|p2b: Ogerpon|spd|1\n|turn|5\n|\n|t:|1699889246\n|move|p1b: Heatran|Heat Wave|p2b: Ogerpon|[spread] p2a,p2b\n|-supereffective|p2a: Gholdengo\n|-resisted|p2b: Ogerpon\n|-damage|p2a: Gholdengo|8\/100\n|-damage|p2b: Ogerpon|62\/100\n|move|p2a: Gholdengo|Shadow Ball|p1a: Urshifu\n|-damage|p1a: Urshifu|0 fnt\n|faint|p1a: Urshifu\n|-damage|p2a: Gholdengo|0 fnt|[from] item: Life Orb\n|faint|p2a: Gholdengo\n|move|p2b: Ogerpon|Power Whip|p1b: Heatran\n|-resisted|p1b: Heatran\n|-damage|p1b: Heatran|85\/100\n|\n|-heal|p1b: Heatran|91\/100|[from] Grassy Terrain\n|-heal|p2b: Ogerpon|68\/100|[from] Grassy Terrain\n|upkeep\n|turn|6\n|\n|t:|1699889259\n|move|p2b: Ogerpon|Spiky Shield|p2b: Ogerpon\n|-singleturn|p2b: Ogerpon|move: Protect\n|move|p1b: Heatran|Earth Power|p2b: Ogerpon\n|-activate|p2b: Ogerpon|move: Protect\n|\n|-heal|p1b: Heatran|97\/100|[from] Grassy Terrain\n|-heal|p2b: Ogerpon|74\/100|[from] Grassy Terrain\n|-fieldend|move: Trick Room\n|upkeep\n|turn|7\n|\n|t:|1699889263\n|move|p2b: Ogerpon|Ivy Cudgel|p1b: Heatran\n|-supereffective|p1b: Heatran\n|-damage|p1b: Heatran|0 fnt\n|faint|p1b: Heatran\n|\n|win|WickedCheeseTouch\n|c|&|\/uhtml prompt-wickedcheesetouch,WickedCheeseTouch is ready for game 2!\n|c|&|\/uhtml prompt-blindfishptsd,blindfishptsd is ready for game 2!\nBoth players are ready! Starting next match!\n|l|\u2606WickedCheeseTouch\n|j|\u2606WickedCheeseTouch\n|player|p2|WickedCheeseTouch|lucas\n","uploadtime":1699889275,"views":28,"p1id":"blindfishptsd","p2id":"wickedcheesetouch","formatid":"gen9vgc2023regulatione","rating":0,"private":0,"password":""}