{"id":"gen9vgc2023regulatione-1998123525","p1":"DarthGlacies","p2":"azubbang","format":"[Gen 9] VGC 2023 Regulation E","log":"|j|\u2606DarthGlacies\n|j|\u2606azubbang\n|n|\u2606DarthGlacies|darthglacies\n|n|\u2606azubbang|azubbang\n|html|View the match progress at <a href=\"\/game-bestof3-gen9vgc2023regulatione-1998122165\">game-bestof3-gen9vgc2023regulatione-1998122165<\/a>\n|t:|1700895572\n|gametype|doubles\n|player|p1|DarthGlacies|red|\n|player|p2|azubbang|nurse|\n|teamsize|p1|6\n|teamsize|p2|6\n|gen|9\n|tier|[Gen 9] VGC 2023 Regulation E\n|rule|Species Clause: Limit one of each Pok\u00e9mon\n|rule|Item Clause: Limit one of each item\n|clearpoke\n|poke|p1|Roaring Moon, L50|\n|poke|p1|Iron Hands, L50|\n|poke|p1|Iron Bundle, L50|\n|poke|p1|Gholdengo, L50|\n|poke|p1|Amoonguss, L50, F|\n|poke|p1|Landorus-Therian, L50, M|\n|poke|p2|Thundurus-Therian, L50, M|\n|poke|p2|Heatran, L50, M|\n|poke|p2|Roaring Moon, L50|\n|poke|p2|Ogerpon-Wellspring, L50, F|\n|poke|p2|Weezing, L50, F|\n|poke|p2|Landorus-Therian, L50, M|\n|teampreview|4\n|inactive|Battle timer is ON: inactive players will automatically lose when time's up. (requested by DarthGlacies)\nDarthGlacies has agreed to open team sheets.\nazubbang has agreed to open team sheets.\n|showteam|p1|Roaring Moon||BoosterEnergy|Protosynthesis|BreakingSwipe,KnockOff,Protect,Tailwind||||||50|,,,,,Poison]Iron Hands||AssaultVest|QuarkDrive|WildCharge,FakeOut,DrainPunch,IcePunch||||||50|,,,,,Grass]Iron Bundle||FocusSash|QuarkDrive|FreezeDry,IcyWind,Protect,HydroPump||||||50|,,,,,Ghost]Gholdengo||Leftovers|GoodasGold|MakeItRain,Protect,NastyPlot,ShadowBall||||||50|,,,,,Dragon]Amoonguss||RockyHelmet|Regenerator|RagePowder,Protect,Spore,PollenPuff|||F|||50|,,,,,Water]Landorus-Therian||ChoiceScarf|Intimidate|StompingTantrum,TeraBlast,Uturn,RockSlide|||M|||50|,,,,,Flying\n|showteam|p2|Thundurus-Therian||AssaultVest|VoltAbsorb|Thunderbolt,WildboltStorm,GrassKnot,VoltSwitch|||M|||50|,,,,,Steel]Heatran||LifeOrb|FlashFire|Protect,HeatWave,FlashCannon,EarthPower|||M|||50|,,,,,Fairy]Roaring Moon||BoosterEnergy|Protosynthesis|Protect,KnockOff,Acrobatics,Tailwind||||||50|,,,,,Flying]Ogerpon-Wellspring||WellspringMask|WaterAbsorb|SpikyShield,IvyCudgel,HornLeech,SwordsDance|||F|||50|,,,,,Water]Weezing||SitrusBerry|NeutralizingGas|Protect,GunkShot,WillOWisp,Taunt|||F|||50|,,,,,Ghost]Landorus-Therian||ChoiceBand|Intimidate|StompingTantrum,RockTomb,TeraBlast,Uturn|||M|||50|,,,,,Ground\n|inactive|azubbang has 30 seconds left.\n|inactive|azubbang has 20 seconds left.\n|inactive|azubbang has 15 seconds left.\n|inactive|azubbang has 10 seconds left.\n|\n|t:|1700895623\n|start\n|switch|p1a: Roaring Moon|Roaring Moon, L50|100\/100\n|switch|p1b: Landorus|Landorus-Therian, L50, M|100\/100\n|switch|p2a: Weezing|Weezing, L50, F|100\/100\n|switch|p2b: Roaring Moon|Roaring Moon, L50|100\/100\n|-ability|p2a: Weezing|Neutralizing Gas\n|-enditem|p2b: Roaring Moon|Booster Energy\n|-activate|p2b: Roaring Moon|ability: Protosynthesis|[fromitem]\n|-start|p2b: Roaring Moon|protosynthesisspe\n|-enditem|p1a: Roaring Moon|Booster Energy\n|-activate|p1a: Roaring Moon|ability: Protosynthesis|[fromitem]\n|-start|p1a: Roaring Moon|protosynthesisspe\n|turn|1\n|\n|t:|1700895644\n|move|p1a: Roaring Moon|Tailwind|p1a: Roaring Moon\n|-sidestart|p1: DarthGlacies|move: Tailwind\n|move|p1b: Landorus|Stomping Tantrum|p2a: Weezing\n|-supereffective|p2a: Weezing\n|-damage|p2a: Weezing|31\/100\n|-enditem|p2a: Weezing|Sitrus Berry|[eat]\n|-heal|p2a: Weezing|56\/100|[from] item: Sitrus Berry\n|move|p2b: Roaring Moon|Tailwind|p2b: Roaring Moon\n|-sidestart|p2: azubbang|move: Tailwind\n|move|p2a: Weezing|Will-O-Wisp|p1b: Landorus|[miss]\n|-miss|p2a: Weezing|p1b: Landorus\n|\n|upkeep\n|turn|2\n|\n|t:|1700895664\n|move|p2a: Weezing|Protect|p2a: Weezing\n|-singleturn|p2a: Weezing|Protect\n|move|p2b: Roaring Moon|Knock Off|p1b: Landorus\n|-damage|p1b: Landorus|42\/100\n|-enditem|p1b: Landorus|Choice Scarf|[from] move: Knock Off|[of] p2b: Roaring Moon\n|move|p1a: Roaring Moon|Knock Off|p2a: Weezing\n|-activate|p2a: Weezing|move: Protect\n|move|p1b: Landorus|Stomping Tantrum|p2a: Weezing\n|-activate|p2a: Weezing|move: Protect\n|\n|upkeep\n|turn|3\n|inactive|azubbang has 30 seconds left.\n|inactive|azubbang has 20 seconds left.\n|\n|t:|1700895702\n|move|p2b: Roaring Moon|Acrobatics|p1b: Landorus\n|-damage|p1b: Landorus|0 fnt\n|faint|p1b: Landorus\n|move|p1a: Roaring Moon|Breaking Swipe|p2b: Roaring Moon|[spread] p2a,p2b\n|-supereffective|p2b: Roaring Moon\n|-damage|p2a: Weezing|38\/100\n|-damage|p2b: Roaring Moon|40\/100\n|-unboost|p2a: Weezing|atk|1\n|-unboost|p2b: Roaring Moon|atk|1\n|move|p2a: Weezing|Will-O-Wisp|p1a: Roaring Moon\n|-status|p1a: Roaring Moon|brn\n|\n|-damage|p1a: Roaring Moon|95\/100 brn|[from] brn\n|upkeep\n|\n|t:|1700895714\n|switch|p1b: Iron Bundle|Iron Bundle, L50|100\/100\n|turn|4\n|inactive|azubbang has 30 seconds left.\n|\n|t:|1700895741\n|move|p2b: Roaring Moon|Knock Off|p1b: Iron Bundle\n|-damage|p1b: Iron Bundle|57\/100\n|-enditem|p1b: Iron Bundle|Focus Sash|[from] move: Knock Off|[of] p2b: Roaring Moon\n|move|p1a: Roaring Moon|Breaking Swipe|p2a: Weezing|[spread] p2a,p2b\n|-supereffective|p2b: Roaring Moon\n|-damage|p2a: Weezing|30\/100\n|-damage|p2b: Roaring Moon|11\/100\n|-unboost|p2a: Weezing|atk|1\n|-unboost|p2b: Roaring Moon|atk|1\n|move|p1b: Iron Bundle|Hydro Pump|p2a: Weezing\n|-damage|p2a: Weezing|0 fnt\n|faint|p2a: Weezing\n|-end|p2a: Weezing|ability: Neutralizing Gas\n|\n|-damage|p1a: Roaring Moon|89\/100 brn|[from] brn\n|-sideend|p2: azubbang|move: Tailwind\n|-sideend|p1: DarthGlacies|move: Tailwind\n|upkeep\n|\n|t:|1700895755\n|switch|p2a: Ogerpon|Ogerpon-Wellspring, L50, F|100\/100\n|turn|5\n|\n|t:|1700895763\n|-terastallize|p2a: Ogerpon|Water\n|detailschange|p2a: Ogerpon|Ogerpon-Wellspring-Tera, L50, F, tera:Water\n|-ability|p2a: Ogerpon|Embody Aspect (Wellspring)|boost\n|-boost|p2a: Ogerpon|spd|1\n|move|p1b: Iron Bundle|Protect|p1b: Iron Bundle\n|-singleturn|p1b: Iron Bundle|Protect\n|move|p2b: Roaring Moon|Tailwind|p2b: Roaring Moon\n|-sidestart|p2: azubbang|move: Tailwind\n|move|p2a: Ogerpon|Horn Leech|p1b: Iron Bundle\n|-activate|p1b: Iron Bundle|move: Protect\n|move|p1a: Roaring Moon|Tailwind|p1a: Roaring Moon\n|-sidestart|p1: DarthGlacies|move: Tailwind\n|\n|-damage|p1a: Roaring Moon|83\/100 brn|[from] brn\n|upkeep\n|turn|6\n|inactive|azubbang has 30 seconds left.\n|\n|t:|1700895791\n|-end|p2b: Roaring Moon|Protosynthesis|[silent]\n|switch|p2b: Heatran|Heatran, L50, M|100\/100\n|move|p1a: Roaring Moon|Breaking Swipe|p2a: Ogerpon|[spread] p2a,p2b\n|-resisted|p2b: Heatran\n|-damage|p2a: Ogerpon|89\/100\n|-damage|p2b: Heatran|95\/100\n|-unboost|p2a: Ogerpon|atk|1\n|-unboost|p2b: Heatran|atk|1\n|move|p1b: Iron Bundle|Freeze-Dry|p2a: Ogerpon\n|-supereffective|p2a: Ogerpon\n|-damage|p2a: Ogerpon|38\/100\n|-status|p2a: Ogerpon|frz\n|-curestatus|p2a: Ogerpon|frz|[msg]\n|move|p2a: Ogerpon|Horn Leech|p1b: Iron Bundle\n|-supereffective|p1b: Iron Bundle\n|-damage|p1b: Iron Bundle|0 fnt\n|-heal|p2a: Ogerpon|58\/100|[from] drain|[of] p1b: Iron Bundle\n|faint|p1b: Iron Bundle\n|-end|p1b: Iron Bundle|Quark Drive|[silent]\n|\n|-damage|p1a: Roaring Moon|77\/100 brn|[from] brn\n|upkeep\n|c|\u2606azubbang|wklaghjalkga'\n|\n|t:|1700895809\n|switch|p1b: Iron Hands|Iron Hands, L50|100\/100\n|turn|7\n|c|\u2606DarthGlacies|i was so happy then so sad haha\n|\n|t:|1700895830\n|move|p2a: Ogerpon|Spiky Shield|p2a: Ogerpon\n|-singleturn|p2a: Ogerpon|move: Protect\n|move|p2b: Heatran|Protect|p2b: Heatran\n|-singleturn|p2b: Heatran|Protect\n|move|p1a: Roaring Moon|Knock Off|p2b: Heatran\n|-activate|p2b: Heatran|move: Protect\n|move|p1b: Iron Hands|Wild Charge|p2a: Ogerpon\n|-activate|p2a: Ogerpon|move: Protect\n|-damage|p1b: Iron Hands|88\/100|[from] Spiky Shield|[of] p2a: Ogerpon\n|\n|-damage|p1a: Roaring Moon|71\/100 brn|[from] brn\n|upkeep\n|turn|8\n|inactive|azubbang has 30 seconds left.\n|\n|t:|1700895857\n|switch|p2a: Roaring Moon|Roaring Moon, L50|11\/100\n|move|p1a: Roaring Moon|Knock Off|p2b: Heatran\n|-damage|p2b: Heatran|76\/100\n|-enditem|p2b: Heatran|Life Orb|[from] move: Knock Off|[of] p1a: Roaring Moon\n|move|p2b: Heatran|Earth Power|p1b: Iron Hands\n|-supereffective|p1b: Iron Hands\n|-damage|p1b: Iron Hands|59\/100\n|move|p1b: Iron Hands|Wild Charge|p2a: Roaring Moon\n|-resisted|p2a: Roaring Moon\n|-damage|p2a: Roaring Moon|0 fnt\n|faint|p2a: Roaring Moon\n|-end|p2a: Roaring Moon|Protosynthesis|[silent]\n|-damage|p1b: Iron Hands|57\/100|[from] Recoil\n|\n|-damage|p1a: Roaring Moon|65\/100 brn|[from] brn\n|-sideend|p1: DarthGlacies|move: Tailwind\n|-sideend|p2: azubbang|move: Tailwind\n|upkeep\n|\n|t:|1700895867\n|switch|p2a: Ogerpon|Ogerpon-Wellspring-Tera, L50, F, tera:Water|58\/100\n|-ability|p2a: Ogerpon|Embody Aspect (Wellspring)|boost\n|-boost|p2a: Ogerpon|spd|1\n|turn|9\n|\n|t:|1700895877\n|-terastallize|p1b: Iron Hands|Grass\n|move|p1a: Roaring Moon|Tailwind|p1a: Roaring Moon\n|-sidestart|p1: DarthGlacies|move: Tailwind\n|move|p2a: Ogerpon|Ivy Cudgel|p1b: Iron Hands|[anim] Ivy Cudgel Water\n|-resisted|p1b: Iron Hands\n|-damage|p1b: Iron Hands|35\/100\n|move|p1b: Iron Hands|Drain Punch|p2b: Heatran\n|-supereffective|p2b: Heatran\n|-damage|p2b: Heatran|6\/100\n|-heal|p1b: Iron Hands|64\/100|[from] drain|[of] p2b: Heatran\n|move|p2b: Heatran|Earth Power|p1b: Iron Hands\n|-resisted|p1b: Iron Hands\n|-damage|p1b: Iron Hands|56\/100\n|\n|-damage|p1a: Roaring Moon|59\/100 brn|[from] brn\n|upkeep\n|turn|10\n|inactive|azubbang has 30 seconds left.\n|inactive|azubbang has 20 seconds left.\n|\n|t:|1700895915\n|move|p1a: Roaring Moon|Knock Off|p2b: Heatran\n|-damage|p2b: Heatran|0 fnt\n|faint|p2b: Heatran\n|move|p2a: Ogerpon|Ivy Cudgel|p1b: Iron Hands|[anim] Ivy Cudgel Water\n|-resisted|p1b: Iron Hands\n|-damage|p1b: Iron Hands|33\/100\n|move|p1b: Iron Hands|Wild Charge|p2a: Ogerpon\n|-supereffective|p2a: Ogerpon\n|-damage|p2a: Ogerpon|0 fnt\n|faint|p2a: Ogerpon\n|-damage|p1b: Iron Hands|22\/100|[from] Recoil\n|\n|win|DarthGlacies\n|c|\u2606DarthGlacies|ggs\n|c|\u2606azubbang|ggs\n|c|\u2606DarthGlacies|ive played you and slash\n","uploadtime":1700895934,"views":8,"p1id":"darthglacies","p2id":"azubbang","formatid":"gen9vgc2023regulatione","rating":0,"private":0,"password":""}