{"id":"gen9vgc2023regulatione-1993195412","p1":"the third altD","p2":"tangarang27","format":"[Gen 9] VGC 2023 Regulation E","log":"|j|\u2606the third altD\n|j|\u2606tangarang27\n|t:|1700276538\n|gametype|doubles\n|player|p1|the third altD|n|1397\n|player|p2|tangarang27|170|1394\n|teamsize|p1|6\n|teamsize|p2|6\n|gen|9\n|tier|[Gen 9] VGC 2023 Regulation E\n|rated|\n|rule|Species Clause: Limit one of each Pok\u00e9mon\n|rule|Item Clause: Limit one of each item\n|clearpoke\n|poke|p1|Sableye, L50, M|\n|poke|p1|Salamence, L50, M|\n|poke|p1|Scizor, L50, F|\n|poke|p1|Zapdos-Galar, L50|\n|poke|p1|Rillaboom, L50, F|\n|poke|p1|Ogerpon-Wellspring, L50, F|\n|poke|p2|Farigiraf, L50, M|\n|poke|p2|Tornadus, L50, M|\n|poke|p2|Iron Hands, L50|\n|poke|p2|Kommo-o, L50, F|\n|poke|p2|Ogerpon-Wellspring, L50, F|\n|poke|p2|Heatran, L50, M|\n|teampreview|4\nthe third altD has agreed to open team sheets.\n|\n|t:|1700276577\n|start\n|switch|p1a: Sableye|Sableye, L50, M|100\/100\n|switch|p1b: Salamence|Salamence, L50, M|100\/100\n|switch|p2a: Kommo-o|Kommo-o, L50, F|100\/100\n|switch|p2b: Farigiraf|Farigiraf, L50, M|100\/100\n|-ability|p1b: Salamence|Intimidate|boost\n|-unboost|p2a: Kommo-o|atk|1\n|-unboost|p2b: Farigiraf|atk|1\n|turn|1\n|\n|t:|1700276608\n|-terastallize|p2a: Kommo-o|Steel\n|move|p2b: Farigiraf|Protect|p2b: Farigiraf\n|-singleturn|p2b: Farigiraf|Protect\n|move|p1a: Sableye|Rain Dance|p1a: Sableye\n|-weather|RainDance\n|move|p1b: Salamence|Hurricane|p2a: Kommo-o\n|-resisted|p2a: Kommo-o\n|-damage|p2a: Kommo-o|79\/100\n|move|p2a: Kommo-o|Iron Defense|p2a: Kommo-o\n|-boost|p2a: Kommo-o|def|2\n|\n|-weather|RainDance|[upkeep]\n|-heal|p2a: Kommo-o|85\/100|[from] item: Leftovers\n|upkeep\n|turn|2\n|\n|t:|1700276632\n|move|p1a: Sableye|Will-O-Wisp||[still]\n|cant|p2b: Farigiraf|ability: Armor Tail|Will-O-Wisp|[of] p1a: Sableye\n|move|p1b: Salamence|Hurricane|p2b: Farigiraf\n|-damage|p2b: Farigiraf|55\/100\n|move|p2a: Kommo-o|Iron Defense|p2a: Kommo-o\n|-boost|p2a: Kommo-o|def|2\n|move|p2b: Farigiraf|Dazzling Gleam|p1a: Sableye|[spread] p1a,p1b\n|-supereffective|p1a: Sableye\n|-supereffective|p1b: Salamence\n|-damage|p1a: Sableye|47\/100\n|-damage|p1b: Salamence|50\/100\n|-enditem|p1b: Salamence|Sitrus Berry|[eat]\n|-heal|p1b: Salamence|75\/100|[from] item: Sitrus Berry\n|\n|-weather|RainDance|[upkeep]\n|-heal|p2a: Kommo-o|91\/100|[from] item: Leftovers\n|upkeep\n|turn|3\n|\n|t:|1700276650\n|move|p2b: Farigiraf|Protect|p2b: Farigiraf\n|-singleturn|p2b: Farigiraf|Protect\n|move|p1a: Sableye|Light Screen|p1a: Sableye\n|-sidestart|p1: the third altD|move: Light Screen\n|move|p1b: Salamence|Draco Meteor|p2b: Farigiraf\n|-activate|p2b: Farigiraf|move: Protect\n|move|p2a: Kommo-o|Body Press|p1b: Salamence\n|-resisted|p1b: Salamence\n|-damage|p1b: Salamence|10\/100\n|\n|-weather|RainDance|[upkeep]\n|-heal|p2a: Kommo-o|98\/100|[from] item: Leftovers\n|upkeep\n|turn|4\n|\n|t:|1700276674\n|switch|p2b: Heatran|Heatran, L50, M|100\/100\n|move|p1a: Sableye|Reflect|p1a: Sableye\n|-sidestart|p1: the third altD|Reflect\n|move|p1b: Salamence|Draco Meteor|p2b: Heatran\n|-resisted|p2b: Heatran\n|-damage|p2b: Heatran|77\/100\n|-unboost|p1b: Salamence|spa|2\n|move|p2a: Kommo-o|Iron Head|p1a: Sableye\n|-damage|p1a: Sableye|32\/100\n|\n|-weather|RainDance|[upkeep]\n|-heal|p2a: Kommo-o|100\/100|[from] item: Leftovers\n|upkeep\n|turn|5\n|\n|t:|1700276693\n|switch|p2a: Farigiraf|Farigiraf, L50, M|55\/100\n|move|p1a: Sableye|Will-O-Wisp||[still]\n|cant|p2a: Farigiraf|ability: Armor Tail|Will-O-Wisp|[of] p1a: Sableye\n|move|p1b: Salamence|Tailwind|p1b: Salamence\n|-sidestart|p1: the third altD|move: Tailwind\n|move|p2b: Heatran|Heat Wave|p1b: Salamence|[spread] p1a,p1b\n|-resisted|p1b: Salamence\n|-damage|p1a: Sableye|16\/100\n|-damage|p1b: Salamence|3\/100\n|-status|p1b: Salamence|brn\n|\n|-weather|RainDance|[upkeep]\n|-damage|p1b: Salamence|0 fnt|[from] brn\n|faint|p1b: Salamence\n|upkeep\n|\n|t:|1700276702\n|switch|p1b: Zapdos|Zapdos-Galar, L50|100\/100\n|turn|6\n|\n|t:|1700276723\n|switch|p1a: Ogerpon|Ogerpon-Wellspring, L50, F|100\/100\n|-terastallize|p1b: Zapdos|Steel\n|move|p1b: Zapdos|Thunderous Kick|p2b: Heatran\n|-supereffective|p2b: Heatran\n|-damage|p2b: Heatran|0 fnt\n|faint|p2b: Heatran\n|move|p2a: Farigiraf|Dazzling Gleam|p1b: Zapdos|[spread] p1a,p1b\n|-resisted|p1b: Zapdos\n|-damage|p1a: Ogerpon|86\/100\n|-damage|p1b: Zapdos|93\/100\n|\n|-weather|RainDance|[upkeep]\n|upkeep\n|\n|t:|1700276739\n|switch|p2b: Iron Hands|Iron Hands, L50|100\/100\n|turn|7\n|\n|t:|1700276750\n|move|p1b: Zapdos|Thunderous Kick|p2b: Iron Hands\n|-damage|p2b: Iron Hands|66\/100\n|-unboost|p2b: Iron Hands|def|1\n|move|p1a: Ogerpon|Ivy Cudgel|p2b: Iron Hands|[anim] Ivy Cudgel Water\n|-damage|p2b: Iron Hands|0 fnt\n|faint|p2b: Iron Hands\n|-end|p2b: Iron Hands|Quark Drive|[silent]\n|move|p2a: Farigiraf|Psychic|p1a: Ogerpon\n|-damage|p1a: Ogerpon|52\/100\n|\n|-weather|RainDance|[upkeep]\n|-sideend|p1: the third altD|move: Light Screen\n|upkeep\n|\n|t:|1700276757\n|switch|p2b: Kommo-o|Kommo-o, L50, F, tera:Steel|100\/100\n|turn|8\n|\n|t:|1700276770\n|move|p1b: Zapdos|Thunderous Kick|p2b: Kommo-o\n|-supereffective|p2b: Kommo-o\n|-damage|p2b: Kommo-o|38\/100\n|-unboost|p2b: Kommo-o|def|1\n|move|p1a: Ogerpon|Ivy Cudgel|p2a: Farigiraf|[anim] Ivy Cudgel Water\n|-damage|p2a: Farigiraf|0 fnt\n|faint|p2a: Farigiraf\n|move|p2b: Kommo-o|Body Press|p1b: Zapdos\n|-supereffective|p1b: Zapdos\n|-damage|p1b: Zapdos|52\/100\n|\n|-weather|none\n|-heal|p2b: Kommo-o|44\/100|[from] item: Leftovers\n|-sideend|p1: the third altD|Reflect\n|-sideend|p1: the third altD|move: Tailwind\n|upkeep\n|turn|9\n|\n|t:|1700276791\n|move|p1b: Zapdos|Thunderous Kick|p2b: Kommo-o\n|-supereffective|p2b: Kommo-o\n|-damage|p2b: Kommo-o|0 fnt\n|faint|p2b: Kommo-o\n|\n|win|the third altD\n|raw|the third altD's rating: 1397 &rarr; <strong>1417<\/strong><br \/>(+20 for winning)\n|raw|tangarang27's rating: 1394 &rarr; <strong>1374<\/strong><br \/>(-20 for losing)\n|c|\u2606the third altD|ggs\n|l|\u2606tangarang27\n","uploadtime":1700276805,"views":18,"p1id":"thethirdaltd","p2id":"tangarang27","formatid":"gen9vgc2023regulatione","rating":1374,"private":0,"password":""}