{"id":"gen9vgc2023regulatione-1994903546","p1":"BowDog!","p2":"JME140593","format":"[Gen 9] VGC 2023 Regulation E","log":"|j|\u2606BowDog!\n|j|\u2606JME140593\n|t:|1700503268\n|gametype|doubles\n|player|p1|BowDog!|winona|1166\n|player|p2|JME140593|striker|1213\n|teamsize|p1|6\n|teamsize|p2|6\n|gen|9\n|tier|[Gen 9] VGC 2023 Regulation E\n|rated|\n|rule|Species Clause: Limit one of each Pok\u00e9mon\n|rule|Item Clause: Limit one of each item\n|clearpoke\n|poke|p1|Landorus-Therian, L50, M|\n|poke|p1|Tornadus, L50, M|\n|poke|p1|Iron Bundle, L50|\n|poke|p1|Sylveon, L50, F|\n|poke|p1|Ogerpon-Hearthflame, L50, F|\n|poke|p1|Urshifu-*, L50, F|\n|poke|p2|Chi-Yu, L50|\n|poke|p2|Regieleki, L50|\n|poke|p2|Tornadus, L50, M|\n|poke|p2|Landorus, L50, M|\n|poke|p2|Ogerpon-Wellspring, L50, F|\n|poke|p2|Farigiraf, L50, M|\n|teampreview|4\nBowDog! has agreed to open team sheets.\n|inactive|Battle timer is ON: inactive players will automatically lose when time's up. (requested by BowDog!)\n|inactive|BowDog! has 60 seconds left.\n|\n|t:|1700503319\n|start\n|switch|p1a: Landorus|Landorus-Therian, L50, M|100\/100\n|switch|p1b: Urshifu|Urshifu, L50, F|100\/100\n|switch|p2a: Regieleki|Regieleki, L50|100\/100\n|switch|p2b: Landorus|Landorus, L50, M|100\/100\n|-ability|p1a: Landorus|Intimidate|boost\n|-unboost|p2a: Regieleki|atk|1\n|-unboost|p2b: Landorus|atk|1\n|turn|1\n|inactive|BowDog! has 30 seconds left.\n|inactive|JME140593 has 30 seconds left.\n|inactive|JME140593 has 20 seconds left.\n|inactive|JME140593 has 15 seconds left.\n|\n|t:|1700503363\n|-terastallize|p2a: Regieleki|Ice\n|move|p1b: Urshifu|Protect|p1b: Urshifu\n|-singleturn|p1b: Urshifu|Protect\n|move|p2a: Regieleki|Tera Blast|p1a: Landorus|[anim] Tera Blast Ice\n|-supereffective|p1a: Landorus\n|-damage|p1a: Landorus|0 fnt\n|faint|p1a: Landorus\n|move|p2b: Landorus|Sludge Bomb|p1b: Urshifu\n|-activate|p1b: Urshifu|move: Protect\n|\n|upkeep\n|\n|t:|1700503380\n|switch|p1a: Ogerpon|Ogerpon-Hearthflame, L50, F|100\/100\n|-ability|p1a: Ogerpon|Mold Breaker\n|turn|2\n|inactive|BowDog! has 30 seconds left.\n|\n|t:|1700503413\n|switch|p2b: Ogerpon|Ogerpon-Wellspring, L50, F|100\/100\n|move|p1a: Ogerpon|Spiky Shield|p1a: Ogerpon\n|-singleturn|p1a: Ogerpon|move: Protect\n|move|p2a: Regieleki|Tera Blast|p1b: Urshifu|[anim] Tera Blast Ice\n|-damage|p1b: Urshifu|8\/100\n|move|p1b: Urshifu|Wicked Blow|p2b: Ogerpon\n|-crit|p2b: Ogerpon\n|-damage|p2b: Ogerpon|35\/100\n|\n|upkeep\n|turn|3\n|inactive|BowDog! has 30 seconds left.\n|inactive|JME140593 has 30 seconds left.\n|\n|t:|1700503442\n|switch|p2b: Landorus|Landorus, L50, M|100\/100\n|move|p1b: Urshifu|Protect|p1b: Urshifu\n|-singleturn|p1b: Urshifu|Protect\n|move|p2a: Regieleki|Tera Blast|p1b: Urshifu|[anim] Tera Blast Ice\n|-activate|p1b: Urshifu|move: Protect\n|move|p1a: Ogerpon|Ivy Cudgel|p2a: Regieleki|[anim] Ivy Cudgel Fire\n|-supereffective|p2a: Regieleki\n|-damage|p2a: Regieleki|0 fnt\n|faint|p2a: Regieleki\n|\n|upkeep\n|\n|t:|1700503456\n|switch|p2a: Tornadus|Tornadus, L50, M|100\/100\n|turn|4\n|inactive|BowDog! has 30 seconds left.\n|inactive|BowDog! has 20 seconds left.\n|inactive|BowDog! has 15 seconds left.\n|\n|t:|1700503501\n|move|p2a: Tornadus|Tailwind|p2a: Tornadus\n|-sidestart|p2: JME140593|move: Tailwind\n|move|p1b: Urshifu|Sucker Punch|p2b: Landorus\n|-damage|p2b: Landorus|58\/100\n|move|p2b: Landorus|Sandsear Storm|p1b: Urshifu|[spread] \n|-miss|p2b: Landorus|p1a: Ogerpon\n|-miss|p2b: Landorus|p1b: Urshifu\n|move|p1a: Ogerpon|Ivy Cudgel|p2b: Landorus|[anim] Ivy Cudgel Fire\n|-damage|p2b: Landorus|0 fnt\n|faint|p2b: Landorus\n|\n|upkeep\n|\n|t:|1700503514\n|switch|p2b: Ogerpon|Ogerpon-Wellspring, L50, F|35\/100\n|turn|5\n|inactive|BowDog! has 30 seconds left.\n|\n|t:|1700503546\n|move|p2b: Ogerpon|Spiky Shield|p2b: Ogerpon\n|-singleturn|p2b: Ogerpon|move: Protect\n|move|p1a: Ogerpon|Spiky Shield|p1a: Ogerpon\n|-singleturn|p1a: Ogerpon|move: Protect\n|move|p1b: Urshifu|Protect|p1b: Urshifu\n|-singleturn|p1b: Urshifu|Protect\n|move|p2a: Tornadus|Bleakwind Storm|p1b: Urshifu|[spread] \n|-activate|p1a: Ogerpon|move: Protect\n|-activate|p1b: Urshifu|move: Protect\n|\n|upkeep\n|turn|6\n|inactive|BowDog! has 30 seconds left.\n|\n|t:|1700503574\n|move|p1b: Urshifu|Sucker Punch|p2b: Ogerpon\n|-damage|p2b: Ogerpon|0 fnt\n|faint|p2b: Ogerpon\n|move|p2a: Tornadus|Bleakwind Storm|p1b: Urshifu|[spread] p1a,p1b\n|-supereffective|p1a: Ogerpon\n|-supereffective|p1b: Urshifu\n|-damage|p1a: Ogerpon|31\/100\n|-damage|p1b: Urshifu|0 fnt\n|faint|p1b: Urshifu\n|move|p1a: Ogerpon|Ivy Cudgel|p2a: Tornadus|[anim] Ivy Cudgel Fire\n|-damage|p2a: Tornadus|14\/100\n|\n|upkeep\n|\n|t:|1700503586\n|switch|p1b: BowDog!|Sylveon, L50, F|100\/100\n|turn|7\n|\n|t:|1700503605\n|move|p1a: Ogerpon|Spiky Shield|p1a: Ogerpon\n|-singleturn|p1a: Ogerpon|move: Protect\n|move|p1b: BowDog!|Protect|p1b: BowDog!\n|-singleturn|p1b: BowDog!|Protect\n|move|p2a: Tornadus|Bleakwind Storm|p1b: BowDog!|[spread] \n|-activate|p1a: Ogerpon|move: Protect\n|-activate|p1b: BowDog!|move: Protect\n|\n|-sideend|p2: JME140593|move: Tailwind\n|upkeep\n|turn|8\n|\n|t:|1700503620\n|move|p2a: Tornadus|Bleakwind Storm|p1b: BowDog!|[spread] p1b\n|-miss|p2a: Tornadus|p1a: Ogerpon\n|-damage|p1b: BowDog!|69\/100\n|-unboost|p1b: BowDog!|spe|1\n|move|p1a: Ogerpon|Ivy Cudgel|p2a: Tornadus|[anim] Ivy Cudgel Fire\n|-damage|p2a: Tornadus|0 fnt\n|faint|p2a: Tornadus\n|\n|win|BowDog!\n|raw|BowDog!'s rating: 1166 &rarr; <strong>1194<\/strong><br \/>(+28 for winning)\n|raw|JME140593's rating: 1213 &rarr; <strong>1185<\/strong><br \/>(-28 for losing)\n|l|\u2606JME140593\n","uploadtime":1700503631,"views":1,"p1id":"bowdog","p2id":"jme140593","formatid":"gen9vgc2023regulatione","rating":1185,"private":0,"password":""}