{"id":"gen9vgc2023regulatione-1991554474","p1":"Jard13255","p2":"Bagon95","format":"[Gen 9] VGC 2023 Regulation E","log":"|j|\u2606Jard13255\n|j|\u2606Bagon95\n|t:|1700087839\n|gametype|doubles\n|player|p1|Jard13255|psychic-gen4|1112\n|player|p2|Bagon95|steven|1106\n|teamsize|p1|6\n|teamsize|p2|6\n|gen|9\n|tier|[Gen 9] VGC 2023 Regulation E\n|rated|\n|rule|Species Clause: Limit one of each Pok\u00e9mon\n|rule|Item Clause: Limit one of each item\n|clearpoke\n|poke|p1|Gyarados, L50, M|\n|poke|p1|Garganacl, L50, M|\n|poke|p1|Sinistcha, L50|\n|poke|p1|Iron Hands, L50|\n|poke|p1|Grimmsnarl, L50, M|\n|poke|p1|Glimmora, L50, M|\n|poke|p2|Heatran, L50, F|\n|poke|p2|Ogerpon-Wellspring, L50, F|\n|poke|p2|Landorus-Therian, L50, M|\n|poke|p2|Gholdengo, L50|\n|poke|p2|Rillaboom, L50, M|\n|poke|p2|Flutter Mane, L50|\n|teampreview|4\nJard13255 has agreed to open team sheets.\nBagon95 has agreed to open team sheets.\n|inactive|Battle timer is ON: inactive players will automatically lose when time's up. (requested by Bagon95)\n|inactive|Jard13255 has 60 seconds left.\n|inactive|Jard13255 has 30 seconds left.\n|\n|t:|1700087941\n|start\n|switch|p1a: Glimmora|Glimmora, L50, M|100\/100\n|switch|p1b: Grimmsnarl|Grimmsnarl, L50, M|100\/100\n|switch|p2a: Ogerpon|Ogerpon-Wellspring, L50, F|100\/100\n|switch|p2b: Gholdengo|Gholdengo, L50|100\/100\n|turn|1\n|\n|t:|1700087966\n|-terastallize|p1a: Glimmora|Grass\n|move|p1b: Grimmsnarl|Parting Shot|p2a: Ogerpon\n|-unboost|p2a: Ogerpon|atk|1\n|-unboost|p2a: Ogerpon|spa|1\n|\n|t:|1700087971\n|switch|p1b: Sinistcha|Sinistcha, L50|100\/100|[from] Parting Shot\n|move|p2a: Ogerpon|Ivy Cudgel|p1a: Glimmora|[anim] Ivy Cudgel Water\n|-resisted|p1a: Glimmora\n|-crit|p1a: Glimmora\n|-damage|p1a: Glimmora|64\/100\n|-activate|p1a: Glimmora|ability: Toxic Debris\n|-sidestart|p2: Bagon95|move: Toxic Spikes\n|move|p2b: Gholdengo|Nasty Plot|p2b: Gholdengo\n|-boost|p2b: Gholdengo|spa|2\n|move|p1a: Glimmora|Earth Power|p2b: Gholdengo\n|-supereffective|p2b: Gholdengo\n|-damage|p2b: Gholdengo|37\/100\n|\n|upkeep\n|turn|2\n|inactive|Jard13255 has 30 seconds left.\n|\n|t:|1700087999\n|move|p1b: Sinistcha|Protect|p1b: Sinistcha\n|-singleturn|p1b: Sinistcha|Protect\n|move|p2a: Ogerpon|Follow Me|p2a: Ogerpon\n|-singleturn|p2a: Ogerpon|move: Follow Me\n|move|p2b: Gholdengo|Make It Rain|p1a: Glimmora|[spread] p1a\n|-activate|p1b: Sinistcha|move: Protect\n|-damage|p1a: Glimmora|0 fnt\n|-unboost|p2b: Gholdengo|spa|1\n|faint|p1a: Glimmora\n|-damage|p2b: Gholdengo|28\/100|[from] item: Life Orb\n|\n|upkeep\n|\n|t:|1700088021\n|switch|p1a: Grimmsnarl|Grimmsnarl, L50, M|100\/100\n|turn|3\n|c|\u2606Jard13255|Well then\n|c|\u2606Jard13255|Didn't expect that to KO with AV\n|inactive|Jard13255 has 30 seconds left.\n|\n|t:|1700088056\n|move|p2a: Ogerpon|Follow Me|p2a: Ogerpon\n|-singleturn|p2a: Ogerpon|move: Follow Me\n|move|p1a: Grimmsnarl|Light Screen|p1a: Grimmsnarl\n|-sidestart|p1: Jard13255|move: Light Screen\n|move|p2b: Gholdengo|Make It Rain|p1b: Sinistcha|[spread] p1a,p1b\n|-supereffective|p1a: Grimmsnarl\n|-damage|p1a: Grimmsnarl|0 fnt\n|-damage|p1b: Sinistcha|44\/100\n|-unboost|p2b: Gholdengo|spa|1\n|faint|p1a: Grimmsnarl\n|-damage|p2b: Gholdengo|18\/100|[from] item: Life Orb\n|move|p1b: Sinistcha|Matcha Gotcha|p2b: Gholdengo|[spread] p2a\n|-miss|p1b: Sinistcha|p2b: Gholdengo\n|-damage|p2a: Ogerpon|79\/100\n|-heal|p1b: Sinistcha|55\/100|[from] drain|[of] p2a: Ogerpon\n|\n|upkeep\n|\n|t:|1700088071\n|switch|p1a: Garganacl|Garganacl, L50, M|100\/100\n|turn|4\n|\n|t:|1700088081\n|move|p1a: Garganacl|Protect|p1a: Garganacl\n|-singleturn|p1a: Garganacl|Protect\n|move|p2a: Ogerpon|Ivy Cudgel|p1a: Garganacl|[anim] Ivy Cudgel Water\n|-activate|p1a: Garganacl|move: Protect\n|move|p2b: Gholdengo|Make It Rain|p1b: Sinistcha|[spread] p1b\n|-activate|p1a: Garganacl|move: Protect\n|-damage|p1b: Sinistcha|16\/100\n|-unboost|p2b: Gholdengo|spa|1\n|-damage|p2b: Gholdengo|8\/100|[from] item: Life Orb\n|move|p1b: Sinistcha|Matcha Gotcha|p2b: Gholdengo|[spread] p2a,p2b\n|-resisted|p2b: Gholdengo\n|-damage|p2a: Ogerpon|55\/100\n|-heal|p1b: Sinistcha|29\/100|[from] drain|[of] p2a: Ogerpon\n|-damage|p2b: Gholdengo|0 fnt\n|-heal|p1b: Sinistcha|33\/100|[from] drain|[of] p2b: Gholdengo\n|faint|p2b: Gholdengo\n|\n|upkeep\n|\n|t:|1700088106\n|switch|p2b: Flutter Mane|Flutter Mane, L50|100\/100\n|-status|p2b: Flutter Mane|psn\n|turn|5\n|inactive|Bagon95 has 30 seconds left.\n|\n|t:|1700088142\n|move|p1b: Sinistcha|Protect|p1b: Sinistcha\n|-singleturn|p1b: Sinistcha|Protect\n|move|p2b: Flutter Mane|Moonblast|p1a: Garganacl\n|-damage|p1a: Garganacl|64\/100\n|-unboost|p1a: Garganacl|spa|1\n|move|p2a: Ogerpon|Ivy Cudgel|p1a: Garganacl|[anim] Ivy Cudgel Water\n|-supereffective|p1a: Garganacl\n|-damage|p1a: Garganacl|25\/100\n|move|p1a: Garganacl|Salt Cure|p2b: Flutter Mane\n|-damage|p2b: Flutter Mane|72\/100 psn\n|-start|p2b: Flutter Mane|Salt Cure\n|\n|-heal|p1a: Garganacl|31\/100|[from] item: Leftovers\n|-damage|p2b: Flutter Mane|60\/100 psn|[from] psn\n|-damage|p2b: Flutter Mane|48\/100 psn|[from] Salt Cure\n|upkeep\n|turn|6\n|\n|t:|1700088165\n|move|p2b: Flutter Mane|Moonblast|p1b: Sinistcha\n|-crit|p1b: Sinistcha\n|-damage|p1b: Sinistcha|0 fnt\n|faint|p1b: Sinistcha\n|move|p2a: Ogerpon|Ivy Cudgel|p1a: Garganacl|[anim] Ivy Cudgel Water\n|-supereffective|p1a: Garganacl\n|-crit|p1a: Garganacl\n|-damage|p1a: Garganacl|0 fnt\n|faint|p1a: Garganacl\n|\n|win|Bagon95\n|raw|Jard13255's rating: 1112 &rarr; <strong>1087<\/strong><br \/>(-25 for losing)\n|raw|Bagon95's rating: 1106 &rarr; <strong>1131<\/strong><br \/>(+25 for winning)\n","uploadtime":1700088175,"views":10,"p1id":"jard13255","p2id":"bagon95","formatid":"gen9vgc2023regulatione","rating":1087,"private":0,"password":""}