{"id":"gen9vgc2023regulatione-1989845287","p1":"Ayresbrun","p2":"Sofiwis","format":"[Gen 9] VGC 2023 Regulation E","log":"|j|\u2606Ayresbrun\n|j|\u2606Sofiwis\n|t:|1699900526\n|gametype|doubles\n|player|p1|Ayresbrun|266|1204\n|player|p2|Sofiwis|beauty-gen4dp|1228\n|teamsize|p1|6\n|teamsize|p2|6\n|gen|9\n|tier|[Gen 9] VGC 2023 Regulation E\n|rated|\n|rule|Species Clause: Limit one of each Pok\u00e9mon\n|rule|Item Clause: Limit one of each item\n|clearpoke\n|poke|p1|Flutter Mane, L50|\n|poke|p1|Tornadus, L50, M|\n|poke|p1|Heatran, L50, M|\n|poke|p1|Rillaboom, L50, M|\n|poke|p1|Arcanine, L50, F|\n|poke|p1|Hydreigon, L50, F|\n|poke|p2|Ogerpon-Cornerstone, L50, F|\n|poke|p2|Tyranitar, L50, F|\n|poke|p2|Arcanine-Hisui, L50, F|\n|poke|p2|Lycanroc, L50, F|\n|poke|p2|Garganacl, L50, F|\n|poke|p2|Glimmora, L50, F|\n|teampreview|4\nAyresbrun has agreed to open team sheets.\n|inactive|Battle timer is ON: inactive players will automatically lose when time's up. (requested by Ayresbrun)\n|inactive|Ayresbrun has 60 seconds left.\n|\n|t:|1699900608\n|start\n|switch|p1a: Tornadus|Tornadus, L50, M|100\/100\n|switch|p1b: Rillaboom|Rillaboom, L50, M|100\/100\n|switch|p2a: Jade \ud83d\udc9a|Tyranitar, L50, F|100\/100\n|switch|p2b: Ruby \u2764\ufe0f|Arcanine-Hisui, L50, F|100\/100\n|-ability|p2b: Ruby \u2764\ufe0f|Intimidate|boost\n|-unboost|p1a: Tornadus|atk|1\n|-unboost|p1b: Rillaboom|atk|1\n|-fieldstart|move: Grassy Terrain|[from] ability: Grassy Surge|[of] p1b: Rillaboom\n|-weather|Sandstorm|[from] ability: Sand Stream|[of] p2a: Jade \ud83d\udc9a\n|turn|1\n|\n|t:|1699900623\n|move|p1b: Rillaboom|Fake Out|p2b: Ruby \u2764\ufe0f\n|-resisted|p2b: Ruby \u2764\ufe0f\n|-damage|p2b: Ruby \u2764\ufe0f|95\/100\n|move|p1a: Tornadus|Sunny Day|p1a: Tornadus\n|-weather|SunnyDay\n|cant|p2b: Ruby \u2764\ufe0f|flinch\n|move|p2a: Jade \ud83d\udc9a|Stone Edge|p1a: Tornadus|[miss]\n|-miss|p2a: Jade \ud83d\udc9a|p1a: Tornadus\n|\n|-weather|SunnyDay|[upkeep]\n|-heal|p2b: Ruby \u2764\ufe0f|100\/100|[from] Grassy Terrain\n|upkeep\n|turn|2\n|\n|t:|1699900647\n|move|p1a: Tornadus|Tailwind|p1a: Tornadus\n|-sidestart|p1: Ayresbrun|move: Tailwind\n|move|p1b: Rillaboom|High Horsepower|p2b: Ruby \u2764\ufe0f\n|-supereffective|p2b: Ruby \u2764\ufe0f\n|-damage|p2b: Ruby \u2764\ufe0f|0 fnt\n|faint|p2b: Ruby \u2764\ufe0f\n|move|p2a: Jade \ud83d\udc9a|Stone Edge|p1a: Tornadus\n|-supereffective|p1a: Tornadus\n|-damage|p1a: Tornadus|0 fnt\n|faint|p1a: Tornadus\n|\n|-weather|SunnyDay|[upkeep]\n|upkeep\n|\n|t:|1699900661\n|switch|p2b: Obsidian \ud83d\udda4|Ogerpon-Cornerstone, L50, F|100\/100\n|switch|p1a: Heatran|Heatran, L50, M|100\/100\n|turn|3\n|inactive|Ayresbrun has 30 seconds left.\n|inactive|Ayresbrun has 20 seconds left.\n|\n|t:|1699900698\n|-terastallize|p2a: Jade \ud83d\udc9a|Ghost\n|move|p2b: Obsidian \ud83d\udda4|Spiky Shield|p2b: Obsidian \ud83d\udda4\n|-singleturn|p2b: Obsidian \ud83d\udda4|move: Protect\n|move|p1b: Rillaboom|Grassy Glide|p2b: Obsidian \ud83d\udda4\n|-activate|p2b: Obsidian \ud83d\udda4|move: Protect\n|-damage|p1b: Rillaboom|88\/100|[from] Spiky Shield|[of] p2b: Obsidian \ud83d\udda4\n|move|p1a: Heatran|Flash Cannon|p2a: Jade \ud83d\udc9a\n|-damage|p2a: Jade \ud83d\udc9a|66\/100\n|-damage|p1a: Heatran|91\/100|[from] item: Life Orb\n|move|p2a: Jade \ud83d\udc9a|Knock Off|p1a: Heatran\n|-damage|p1a: Heatran|45\/100\n|-enditem|p1a: Heatran|Life Orb|[from] move: Knock Off|[of] p2a: Jade \ud83d\udc9a\n|\n|-weather|SunnyDay|[upkeep]\n|-heal|p1a: Heatran|51\/100|[from] Grassy Terrain\n|-heal|p1b: Rillaboom|94\/100|[from] Grassy Terrain\n|-heal|p2a: Jade \ud83d\udc9a|72\/100|[from] Grassy Terrain\n|upkeep\n|turn|4\n|\n|t:|1699900719\n|move|p1b: Rillaboom|Grassy Glide|p2b: Obsidian \ud83d\udda4\n|-damage|p2b: Obsidian \ud83d\udda4|67\/100\n|move|p1a: Heatran|Heat Wave|p2a: Jade \ud83d\udc9a|[spread] p2b\n|-miss|p1a: Heatran|p2a: Jade \ud83d\udc9a\n|-crit|p2b: Obsidian \ud83d\udda4\n|-damage|p2b: Obsidian \ud83d\udda4|0 fnt\n|faint|p2b: Obsidian \ud83d\udda4\n|move|p2a: Jade \ud83d\udc9a|Ice Punch|p1b: Rillaboom\n|-supereffective|p1b: Rillaboom\n|-damage|p1b: Rillaboom|41\/100\n|\n|-weather|SunnyDay|[upkeep]\n|-heal|p1b: Rillaboom|47\/100|[from] Grassy Terrain\n|-heal|p1a: Heatran|57\/100|[from] Grassy Terrain\n|-heal|p2a: Jade \ud83d\udc9a|78\/100|[from] Grassy Terrain\n|upkeep\n|\n|t:|1699900731\n|switch|p2b: Salt \ud83e\udd0d|Garganacl, L50, F|100\/100\n|turn|5\n|\n|t:|1699900742\n|switch|p1b: Arcanine|Arcanine, L50, F|100\/100\n|-ability|p1b: Arcanine|Intimidate|boost\n|-unboost|p2a: Jade \ud83d\udc9a|atk|1\n|-fail|p2b: Salt \ud83e\udd0d|unboost|[from] ability: Clear Body|[of] p2b: Salt \ud83e\udd0d\n|move|p1a: Heatran|Protect|p1a: Heatran\n|-singleturn|p1a: Heatran|Protect\n|move|p2b: Salt \ud83e\udd0d|Wide Guard|p2b: Salt \ud83e\udd0d\n|-singleturn|p2b: Salt \ud83e\udd0d|Wide Guard\n|move|p2a: Jade \ud83d\udc9a|Brick Break|p1a: Heatran\n|-activate|p1a: Heatran|move: Protect\n|\n|-weather|none\n|-heal|p1a: Heatran|63\/100|[from] Grassy Terrain\n|-heal|p2a: Jade \ud83d\udc9a|83\/100|[from] Grassy Terrain\n|-sideend|p1: Ayresbrun|move: Tailwind\n|-fieldend|move: Grassy Terrain\n|upkeep\n|turn|6\n|inactive|Ayresbrun has 30 seconds left.\n|inactive|Ayresbrun has 20 seconds left.\n|inactive|Ayresbrun has 15 seconds left.\n|inactive|Ayresbrun has 10 seconds left.\n|\n|t:|1699900789\n|move|p1b: Arcanine|Will-O-Wisp|p2a: Jade \ud83d\udc9a|[miss]\n|-miss|p1b: Arcanine|p2a: Jade \ud83d\udc9a\n|move|p1a: Heatran|Flash Cannon|p2b: Salt \ud83e\udd0d\n|-supereffective|p2b: Salt \ud83e\udd0d\n|-damage|p2b: Salt \ud83e\udd0d|29\/100\n|move|p2a: Jade \ud83d\udc9a|Stone Edge|p1b: Arcanine\n|-supereffective|p1b: Arcanine\n|-damage|p1b: Arcanine|26\/100\n|-enditem|p1b: Arcanine|Sitrus Berry|[eat]\n|-heal|p1b: Arcanine|51\/100|[from] item: Sitrus Berry\n|move|p2b: Salt \ud83e\udd0d|Stone Edge|p1a: Heatran\n|-crit|p1a: Heatran\n|-damage|p1a: Heatran|24\/100\n|\n|upkeep\n|turn|7\n|inactive|Ayresbrun has 30 seconds left.\n|inactive|Sofiwis has 30 seconds left.\n|\n|t:|1699900816\n|switch|p1a: Rillaboom|Rillaboom, L50, M|47\/100\n|-fieldstart|move: Grassy Terrain|[from] ability: Grassy Surge|[of] p1a: Rillaboom\n|move|p1b: Arcanine|Protect|p1b: Arcanine\n|-singleturn|p1b: Arcanine|Protect\n|move|p2a: Jade \ud83d\udc9a|Brick Break|p1a: Rillaboom\n|-damage|p1a: Rillaboom|30\/100\n|move|p2b: Salt \ud83e\udd0d|Stone Edge|p1b: Arcanine\n|-activate|p1b: Arcanine|move: Protect\n|\n|-heal|p1b: Arcanine|57\/100|[from] Grassy Terrain\n|-heal|p1a: Rillaboom|36\/100|[from] Grassy Terrain\n|-heal|p2a: Jade \ud83d\udc9a|89\/100|[from] Grassy Terrain\n|-heal|p2b: Salt \ud83e\udd0d|34\/100|[from] Grassy Terrain\n|upkeep\n|turn|8\n|\n|t:|1699900840\n|-terastallize|p1b: Arcanine|Grass\n|move|p1a: Rillaboom|Fake Out|p2b: Salt \ud83e\udd0d\n|-resisted|p2b: Salt \ud83e\udd0d\n|-damage|p2b: Salt \ud83e\udd0d|30\/100\n|move|p1b: Arcanine|Will-O-Wisp|p2a: Jade \ud83d\udc9a\n|-status|p2a: Jade \ud83d\udc9a|brn\n|move|p2a: Jade \ud83d\udc9a|Stone Edge|p1b: Arcanine\n|-damage|p1b: Arcanine|38\/100\n|cant|p2b: Salt \ud83e\udd0d|flinch\n|\n|-heal|p1b: Arcanine|44\/100|[from] Grassy Terrain\n|-heal|p1a: Rillaboom|42\/100|[from] Grassy Terrain\n|-heal|p2a: Jade \ud83d\udc9a|95\/100 brn|[from] Grassy Terrain\n|-heal|p2b: Salt \ud83e\udd0d|35\/100|[from] Grassy Terrain\n|-damage|p2a: Jade \ud83d\udc9a|89\/100 brn|[from] brn\n|upkeep\n|turn|9\n|-message|Sofiwis forfeited.\n|\n|win|Ayresbrun\n|raw|Ayresbrun's rating: 1204 &rarr; <strong>1231<\/strong><br \/>(+27 for winning)\n|raw|Sofiwis's rating: 1228 &rarr; <strong>1201<\/strong><br \/>(-27 for losing)\n|l|\u2606Sofiwis\n","uploadtime":1699900860,"views":15,"p1id":"ayresbrun","p2id":"sofiwis","formatid":"gen9vgc2023regulatione","rating":1201,"private":0,"password":""}