{"id":"gen9vgc2023regulatione-1998481113","p1":"edboiVGC","p2":"slimejrlegit","format":"[Gen 9] VGC 2023 Regulation E","log":"|j|\u2606edboiVGC\n|j|\u2606slimejrlegit\n|t:|1700947175\n|gametype|doubles\n|player|p1|edboiVGC|guitarist|1351\n|player|p2|slimejrlegit|2|1294\n|teamsize|p1|6\n|teamsize|p2|6\n|gen|9\n|tier|[Gen 9] VGC 2023 Regulation E\n|rated|\n|rule|Species Clause: Limit one of each Pok\u00e9mon\n|rule|Item Clause: Limit one of each item\n|clearpoke\n|poke|p1|Tornadus, L50, M|\n|poke|p1|Urshifu-*, L50, F|\n|poke|p1|Regieleki, L50|\n|poke|p1|Gholdengo, L50|\n|poke|p1|Indeedee-F, L50, F|\n|poke|p1|Armarouge, L50, F|\n|poke|p2|Armarouge, L50, F|\n|poke|p2|Milotic, L50, F|\n|poke|p2|Regieleki, L50|\n|poke|p2|Enamorus, L50, F|\n|poke|p2|Sneasler, L50, F|\n|poke|p2|Indeedee-F, L50, F|\n|teampreview|4\nedboiVGC has agreed to open team sheets.\n|\n|t:|1700947214\n|start\n|switch|p1a: Armarouge|Armarouge, L50, F|100\/100\n|switch|p1b: Deedee|Indeedee-F, L50, F|100\/100\n|switch|p2a: Regieleki|Regieleki, L50|100\/100\n|switch|p2b: Armarouge|Armarouge, L50, F|100\/100\n|-fieldstart|move: Psychic Terrain|[from] ability: Psychic Surge|[of] p1b: Deedee\n|turn|1\n|\n|t:|1700947259\n|-terastallize|p2a: Regieleki|Electric\n|move|p2a: Regieleki|Electroweb|p1a: Armarouge|[spread] p1a,p1b\n|-damage|p1a: Armarouge|60\/100\n|-damage|p1b: Deedee|65\/100\n|-unboost|p1a: Armarouge|spe|1\n|-unboost|p1b: Deedee|spe|1\n|move|p2b: Armarouge|Expanding Force|p1a: Armarouge|[spread] p1a,p1b\n|-resisted|p1a: Armarouge\n|-crit|p1a: Armarouge\n|-resisted|p1b: Deedee\n|-damage|p1a: Armarouge|0 fnt\n|-damage|p1b: Deedee|28\/100\n|-enditem|p1b: Deedee|Sitrus Berry|[eat]\n|-heal|p1b: Deedee|53\/100|[from] item: Sitrus Berry\n|faint|p1a: Armarouge\n|-damage|p2b: Armarouge|91\/100|[from] item: Life Orb\n|move|p1b: Deedee|Heal Pulse|p1: Armarouge|[notarget]\n|-fail|p1b: Deedee\n|\n|upkeep\n|inactive|Battle timer is ON: inactive players will automatically lose when time's up. (requested by slimejrlegit)\n|\n|t:|1700947275\n|switch|p1a: Dexter|Gholdengo, L50, shiny|100\/100\n|turn|2\n|\n|t:|1700947291\n|move|p1b: Deedee|Follow Me|p1b: Deedee\n|-singleturn|p1b: Deedee|move: Follow Me\n|move|p2a: Regieleki|Electroweb|p1b: Deedee|[spread] p1a,p1b\n|-damage|p1a: Dexter|60\/100\n|-damage|p1b: Deedee|16\/100\n|-unboost|p1a: Dexter|spe|1\n|-unboost|p1b: Deedee|spe|1\n|move|p2b: Armarouge|Expanding Force|p1b: Deedee|[spread] p1a,p1b\n|-resisted|p1a: Dexter\n|-resisted|p1b: Deedee\n|-damage|p1a: Dexter|13\/100\n|-damage|p1b: Deedee|0 fnt\n|faint|p1b: Deedee\n|-damage|p2b: Armarouge|81\/100|[from] item: Life Orb\n|move|p1a: Dexter|Shadow Ball|p2b: Armarouge\n|-supereffective|p2b: Armarouge\n|-damage|p2b: Armarouge|0 fnt\n|faint|p2b: Armarouge\n|\n|upkeep\n|\n|t:|1700947309\n|switch|p1b: Regieleki|Regieleki, L50|100\/100\n|switch|p2b: Doja Cat|Enamorus, L50, F|100\/100\n|turn|3\n|\n|t:|1700947320\n|switch|p2b: Agent Sneeze|Sneasler, L50, F, shiny|100\/100\n|-enditem|p2b: Agent Sneeze|Psychic Seed\n|-boost|p2b: Agent Sneeze|spd|1|[from] item: Psychic Seed\n|move|p2a: Regieleki|Thunderbolt|p1a: Dexter\n|-damage|p1a: Dexter|0 fnt\n|faint|p1a: Dexter\n|move|p1b: Regieleki|Electroweb|p2a: Regieleki|[spread] p2a,p2b\n|-resisted|p2a: Regieleki\n|-damage|p2a: Regieleki|77\/100\n|-damage|p2b: Agent Sneeze|75\/100\n|-unboost|p2a: Regieleki|spe|1\n|-unboost|p2b: Agent Sneeze|spe|1\n|\n|upkeep\n|turn|4\n|inactive|edboiVGC has 30 seconds left.\n|\n|t:|1700947351\n|move|p1b: Regieleki|Thunder|p2b: Agent Sneeze|[miss]\n|-miss|p1b: Regieleki|p2b: Agent Sneeze\n|move|p2b: Agent Sneeze|Dire Claw|p1b: Regieleki\n|-damage|p1b: Regieleki|16\/100\n|-status|p1b: Regieleki|slp\n|move|p2a: Regieleki|Eerie Impulse|p1b: Regieleki\n|-unboost|p1b: Regieleki|spa|2\n|\n|upkeep\n|turn|5\n|-message|edboiVGC forfeited.\n|\n|win|slimejrlegit\n|raw|edboiVGC's rating: 1351 &rarr; <strong>1328<\/strong><br \/>(-23 for losing)\n|raw|slimejrlegit's rating: 1294 &rarr; <strong>1323<\/strong><br \/>(+29 for winning)\n|l|\u2606edboiVGC\n","uploadtime":1700947368,"views":6,"p1id":"edboivgc","p2id":"slimejrlegit","formatid":"gen9vgc2023regulatione","rating":1323,"private":0,"password":""}