{"id":"gen9vgc2023regulatione-1999601386","p1":"NotAnIvernMain","p2":"MVLLOW","format":"[Gen 9] VGC 2023 Regulation E","log":"|j|\u2606NotAnIvernMain\n|j|\u2606MVLLOW\n|t:|1701100119\n|gametype|doubles\n|player|p1|NotAnIvernMain|ghetsis|1117\n|player|p2|MVLLOW|2|1128\n|teamsize|p1|6\n|teamsize|p2|6\n|gen|9\n|tier|[Gen 9] VGC 2023 Regulation E\n|rated|\n|rule|Species Clause: Limit one of each Pok\u00e9mon\n|rule|Item Clause: Limit one of each item\n|clearpoke\n|poke|p1|Wo-Chien, L50|\n|poke|p1|Sneasler, L50, M|\n|poke|p1|Rillaboom, L50, F|\n|poke|p1|Flutter Mane, L50|\n|poke|p1|Chi-Yu, L50|\n|poke|p1|Indeedee-F, L50, F|\n|poke|p2|Tornadus, L50, M|\n|poke|p2|Arcanine-Hisui, L50, F|\n|poke|p2|Urshifu-*, L50, M|\n|poke|p2|Iron Hands, L50|\n|poke|p2|Amoonguss, L50, M|\n|poke|p2|Gholdengo, L50|\n|teampreview|4\n|inactive|Battle timer is ON: inactive players will automatically lose when time's up. (requested by NotAnIvernMain)\n|\n|t:|1701100164\n|start\n|switch|p1a: Rillaboom|Rillaboom, L50, F|100\/100\n|switch|p1b: Flutter Mane|Flutter Mane, L50|100\/100\n|switch|p2a: Tornadus|Tornadus, L50, M|100\/100\n|switch|p2b: Arcanine|Arcanine-Hisui, L50, F|100\/100\n|-ability|p2b: Arcanine|Intimidate|boost\n|-unboost|p1a: Rillaboom|atk|1\n|-unboost|p1b: Flutter Mane|atk|1\n|-fieldstart|move: Grassy Terrain|[from] ability: Grassy Surge|[of] p1a: Rillaboom\n|turn|1\n|\n|t:|1701100184\n|-terastallize|p2b: Arcanine|Fairy\n|move|p1a: Rillaboom|Fake Out|p2b: Arcanine\n|-damage|p2b: Arcanine|88\/100\n|move|p2a: Tornadus|Tailwind|p2a: Tornadus\n|-sidestart|p2: MVLLOW|move: Tailwind\n|cant|p2b: Arcanine|flinch\n|move|p1b: Flutter Mane|Thunderbolt|p2a: Tornadus\n|-supereffective|p2a: Tornadus\n|-damage|p2a: Tornadus|0 fnt\n|faint|p2a: Tornadus\n|\n|-heal|p2b: Arcanine|93\/100|[from] Grassy Terrain\n|upkeep\n|\n|t:|1701100197\n|switch|p2a: Gholdengo|Gholdengo, L50|100\/100\n|turn|2\n|\n|t:|1701100209\n|move|p2b: Arcanine|Flare Blitz|p1a: Rillaboom\n|-supereffective|p1a: Rillaboom\n|-damage|p1a: Rillaboom|0 fnt\n|faint|p1a: Rillaboom\n|-damage|p2b: Arcanine|60\/100|[from] Recoil\n|move|p2a: Gholdengo|Shadow Ball|p1b: Flutter Mane\n|-supereffective|p1b: Flutter Mane\n|-crit|p1b: Flutter Mane\n|-damage|p1b: Flutter Mane|0 fnt\n|faint|p1b: Flutter Mane\n|-end|p1b: Flutter Mane|Protosynthesis|[silent]\n|\n|-heal|p2b: Arcanine|65\/100|[from] Grassy Terrain\n|upkeep\n|\n|t:|1701100220\n|switch|p1b: Chi-Yu|Chi-Yu, L50|100\/100\n|switch|p1a: Sneasler|Sneasler, L50, M|100\/100\n|-ability|p1b: Chi-Yu|Beads of Ruin\n|-enditem|p1a: Sneasler|Grassy Seed\n|-boost|p1a: Sneasler|def|1|[from] item: Grassy Seed\n|turn|3\n|inactive|MVLLOW has 30 seconds left.\n|\n|t:|1701100253\n|-terastallize|p1b: Chi-Yu|Water\n|move|p2b: Arcanine|Flare Blitz|p1a: Sneasler\n|-damage|p1a: Sneasler|9\/100\n|-damage|p2b: Arcanine|35\/100|[from] Recoil\n|move|p1a: Sneasler|Dire Claw|p2b: Arcanine\n|-supereffective|p2b: Arcanine\n|-damage|p2b: Arcanine|0 fnt\n|faint|p2b: Arcanine\n|move|p2a: Gholdengo|Shadow Ball|p1b: Chi-Yu\n|-damage|p1b: Chi-Yu|49\/100\n|move|p1b: Chi-Yu|Heat Wave|p2a: Gholdengo\n|-supereffective|p2a: Gholdengo\n|-damage|p2a: Gholdengo|0 fnt\n|faint|p2a: Gholdengo\n|\n|-heal|p1a: Sneasler|15\/100|[from] Grassy Terrain\n|-heal|p1b: Chi-Yu|55\/100|[from] Grassy Terrain\n|upkeep\n|\n|t:|1701100263\n|switch|p2a: Urshifu|Urshifu-Rapid-Strike, L50, M|100\/100\n|turn|4\n|\n|t:|1701100287\n|move|p2a: Urshifu|Aqua Jet|p1a: Sneasler\n|-damage|p1a: Sneasler|0 fnt\n|faint|p1a: Sneasler\n|move|p1b: Chi-Yu|Dark Pulse|p2a: Urshifu\n|-resisted|p2a: Urshifu\n|-damage|p2a: Urshifu|68\/100\n|\n|-heal|p2a: Urshifu|74\/100|[from] Grassy Terrain\n|-heal|p1b: Chi-Yu|61\/100|[from] Grassy Terrain\n|-sideend|p2: MVLLOW|move: Tailwind\n|upkeep\n|turn|5\n|\n|t:|1701100298\n|move|p1b: Chi-Yu|Dark Pulse|p2a: Urshifu\n|-resisted|p2a: Urshifu\n|-damage|p2a: Urshifu|43\/100\n|move|p2a: Urshifu|Close Combat|p1b: Chi-Yu\n|-damage|p1b: Chi-Yu|0 fnt\n|-unboost|p2a: Urshifu|def|1\n|-unboost|p2a: Urshifu|spd|1\n|faint|p1b: Chi-Yu\n|\n|win|MVLLOW\n|raw|NotAnIvernMain's rating: 1117 &rarr; <strong>1093<\/strong><br \/>(-24 for losing)\n|raw|MVLLOW's rating: 1128 &rarr; <strong>1152<\/strong><br \/>(+24 for winning)\n|c|\u2606NotAnIvernMain|gg\n|l|\u2606NotAnIvernMain\n","uploadtime":1701100311,"views":10,"p1id":"notanivernmain","p2id":"mvllow","formatid":"gen9vgc2023regulatione","rating":1093,"private":0,"password":""}