{"id":"gen9vgc2023regulatione-2000004882","p1":"Nemo493","p2":"PsychoR&R","format":"[Gen 9] VGC 2023 Regulation E","log":"|j|\u2606Nemo493\n|j|\u2606PsychoR&R\n|t:|1701140134\n|gametype|doubles\n|player|p1|Nemo493|169|1454\n|player|p2|PsychoR&R|170|1564\n|teamsize|p1|6\n|teamsize|p2|6\n|gen|9\n|tier|[Gen 9] VGC 2023 Regulation E\n|rated|\n|rule|Species Clause: Limit one of each Pok\u00e9mon\n|rule|Item Clause: Limit one of each item\n|clearpoke\n|poke|p1|Klefki, L50, M|\n|poke|p1|Ogerpon-Wellspring, L50, F|\n|poke|p1|Ursaluna-Bloodmoon, L50, M|\n|poke|p1|Annihilape, L50, F|\n|poke|p1|Arcanine-Hisui, L50, M|\n|poke|p1|Flutter Mane, L50|\n|poke|p2|Roaring Moon, L50|\n|poke|p2|Weezing, L50, F|\n|poke|p2|Landorus-Therian, L50, M|\n|poke|p2|Iron Hands, L50|\n|poke|p2|Flutter Mane, L50|\n|poke|p2|Ogerpon-Wellspring, L50, F|\n|teampreview|4\nPsychoR&R has agreed to open team sheets.\n|inactive|Battle timer is ON: inactive players will automatically lose when time's up. (requested by Nemo493)\n|\n|t:|1701140169\n|start\n|switch|p1a: Annihilape|Annihilape, L50, F|100\/100\n|switch|p1b: Ogerpon|Ogerpon-Wellspring, L50, F|100\/100\n|switch|p2a: Roaring Moon|Roaring Moon, L50|100\/100\n|switch|p2b: Weezing|Weezing, L50, F|100\/100\n|-ability|p2b: Weezing|Neutralizing Gas\n|-enditem|p2a: Roaring Moon|Booster Energy\n|-activate|p2a: Roaring Moon|ability: Protosynthesis|[fromitem]\n|-start|p2a: Roaring Moon|protosynthesisspe\n|turn|1\n|\n|t:|1701140192\n|-terastallize|p2a: Roaring Moon|Flying\n|-terastallize|p1a: Annihilape|Fire\n|move|p1b: Ogerpon|Spiky Shield|p1b: Ogerpon\n|-singleturn|p1b: Ogerpon|move: Protect\n|move|p2a: Roaring Moon|Tailwind|p2a: Roaring Moon\n|-sidestart|p2: PsychoR&R|move: Tailwind\n|move|p2b: Weezing|Taunt|p1a: Annihilape\n|-start|p1a: Annihilape|move: Taunt\n|cant|p1a: Annihilape|move: Taunt|Bulk Up\n|\n|upkeep\n|turn|2\n|inactive|Nemo493 has 30 seconds left.\n|\n|t:|1701140220\n|switch|p1b: Ursaluna|Ursaluna-Bloodmoon, L50, M|100\/100\n|move|p2a: Roaring Moon|Acrobatics|p1b: Ursaluna\n|-damage|p1b: Ursaluna|56\/100\n|move|p2b: Weezing|Taunt|p1b: Ursaluna\n|-start|p1b: Ursaluna|move: Taunt\n|move|p1a: Annihilape|Rage Fist|p2a: Roaring Moon\n|-damage|p2a: Roaring Moon|68\/100\n|\n|upkeep\n|turn|3\n|\n|t:|1701140237\n|move|p2b: Weezing|Protect|p2b: Weezing\n|-singleturn|p2b: Weezing|Protect\n|move|p2a: Roaring Moon|Knock Off|p1b: Ursaluna\n|-damage|p1b: Ursaluna|19\/100\n|-enditem|p1b: Ursaluna|Assault Vest|[from] move: Knock Off|[of] p2a: Roaring Moon\n|move|p1a: Annihilape|Rage Fist|p2a: Roaring Moon\n|-damage|p2a: Roaring Moon|37\/100\n|move|p1b: Ursaluna|Blood Moon|p2a: Roaring Moon\n|-damage|p2a: Roaring Moon|0 fnt\n|faint|p2a: Roaring Moon\n|-end|p2a: Roaring Moon|Protosynthesis|[silent]\n|\n|-end|p1a: Annihilape|move: Taunt\n|upkeep\n|\n|t:|1701140247\n|switch|p2a: Ogerpon|Ogerpon-Wellspring, L50, F|100\/100\n|turn|4\n|\n|t:|1701140262\n|switch|p1b: Ogerpon|Ogerpon-Wellspring, L50, F|100\/100\n|move|p1a: Annihilape|Protect|p1a: Annihilape\n|-singleturn|p1a: Annihilape|Protect\n|move|p2a: Ogerpon|Ivy Cudgel|p1b: Ogerpon|[anim] Ivy Cudgel Water\n|-resisted|p1b: Ogerpon\n|-damage|p1b: Ogerpon|86\/100\n|move|p2b: Weezing|Taunt|p1a: Annihilape\n|-activate|p1a: Annihilape|move: Protect\n|\n|-sideend|p2: PsychoR&R|move: Tailwind\n|upkeep\n|turn|5\n|\n|t:|1701140286\n|switch|p2a: Flutter Mane|Flutter Mane, L50|100\/100\n|move|p1b: Ogerpon|Follow Me|p1b: Ogerpon\n|-singleturn|p1b: Ogerpon|move: Follow Me\n|move|p1a: Annihilape|Bulk Up|p1a: Annihilape\n|-boost|p1a: Annihilape|atk|1\n|-boost|p1a: Annihilape|def|1\n|move|p2b: Weezing|Taunt|p1b: Ogerpon\n|-start|p1b: Ogerpon|move: Taunt\n|\n|upkeep\n|turn|6\n|\n|t:|1701140305\n|-end|p2a: Flutter Mane|Protosynthesis|[silent]\n|switch|p2a: Ogerpon|Ogerpon-Wellspring, L50, F|100\/100\n|move|p1b: Ogerpon|Horn Leech|p2a: Ogerpon\n|-damage|p2a: Ogerpon|60\/100\n|-heal|p1b: Ogerpon|100\/100|[from] drain|[of] p2a: Ogerpon\n|move|p1a: Annihilape|Bulk Up|p1a: Annihilape\n|-boost|p1a: Annihilape|atk|1\n|-boost|p1a: Annihilape|def|1\n|move|p2b: Weezing|Gunk Shot|p1b: Ogerpon\n|-supereffective|p1b: Ogerpon\n|-damage|p1b: Ogerpon|17\/100\n|\n|upkeep\n|turn|7\n|\n|t:|1701140324\n|switch|p1b: Ursaluna|Ursaluna-Bloodmoon, L50, M|19\/100\n|move|p2a: Ogerpon|Horn Leech|p1b: Ursaluna\n|-supereffective|p1b: Ursaluna\n|-damage|p1b: Ursaluna|0 fnt\n|-heal|p2a: Ogerpon|69\/100|[from] drain|[of] p1b: Ursaluna\n|faint|p1b: Ursaluna\n|move|p1a: Annihilape|Drain Punch|p2a: Ogerpon\n|-damage|p2a: Ogerpon|0 fnt\n|faint|p2a: Ogerpon\n|move|p2b: Weezing|Taunt|p1a: Annihilape\n|-start|p1a: Annihilape|move: Taunt\n|\n|upkeep\n|\n|t:|1701140338\n|switch|p2a: Flutter Mane|Flutter Mane, L50|100\/100\n|switch|p1b: Flutter Mane|Flutter Mane, L50|100\/100\n|-enditem|p1b: Flutter Mane|Booster Energy\n|-activate|p1b: Flutter Mane|ability: Protosynthesis|[fromitem]\n|-start|p1b: Flutter Mane|protosynthesisspe\n|turn|8\n|\n|t:|1701140349\n|move|p1b: Flutter Mane|Icy Wind|p2b: Weezing|[spread] p2a,p2b\n|-damage|p2a: Flutter Mane|86\/100\n|-damage|p2b: Weezing|85\/100\n|-unboost|p2a: Flutter Mane|spe|1\n|-unboost|p2b: Weezing|spe|1\n|move|p2a: Flutter Mane|Shadow Ball|p1a: Annihilape\n|-damage|p1a: Annihilape|52\/100\n|move|p1a: Annihilape|Rage Fist|p2a: Flutter Mane\n|-supereffective|p2a: Flutter Mane\n|-damage|p2a: Flutter Mane|0 fnt\n|faint|p2a: Flutter Mane\n|-end|p2a: Flutter Mane|Protosynthesis|[silent]\n|move|p2b: Weezing|Gunk Shot|p1a: Annihilape\n|-damage|p1a: Annihilape|34\/100\n|\n|-heal|p1a: Annihilape|40\/100|[from] item: Leftovers\n|upkeep\n|turn|9\n|-message|PsychoR&R forfeited.\n|\n|win|Nemo493\n|raw|Nemo493's rating: 1454 &rarr; <strong>1480<\/strong><br \/>(+26 for winning)\n|raw|PsychoR&amp;R's rating: 1564 &rarr; <strong>1538<\/strong><br \/>(-26 for losing)\n|l|\u2606PsychoR&R\n","uploadtime":1701140449,"views":1,"p1id":"nemo493","p2id":"psychorr","formatid":"gen9vgc2023regulatione","rating":1480,"private":0,"password":""}