{"id":"gen9vgc2023regulatione-1998965421","p1":"U lost da game","p2":"xingshen","format":"[Gen 9] VGC 2023 Regulation E","log":"|j|\u2606U lost da game\n|j|\u2606xingshen\n|t:|1701018592\n|gametype|doubles\n|player|p1|U lost da game|169|1164\n|player|p2|xingshen|1|1181\n|teamsize|p1|6\n|teamsize|p2|6\n|gen|9\n|tier|[Gen 9] VGC 2023 Regulation E\n|rated|\n|rule|Species Clause: Limit one of each Pok\u00e9mon\n|rule|Item Clause: Limit one of each item\n|clearpoke\n|poke|p1|Empoleon, L50, F|\n|poke|p1|Iron Hands, L50|\n|poke|p1|Sinistcha-Masterpiece, L50|\n|poke|p1|Volcarona, L50, F|\n|poke|p1|Landorus-Therian, L50, M|\n|poke|p1|Flutter Mane, L50|\n|poke|p2|Dondozo, L50, F|\n|poke|p2|Flutter Mane, L50|\n|poke|p2|Urshifu-*, L50, F|\n|poke|p2|Amoonguss, L50, F|\n|poke|p2|Tatsugiri, L50, M|\n|poke|p2|Ogerpon-Cornerstone, L50, F|\n|teampreview|4\n|inactive|Battle timer is ON: inactive players will automatically lose when time's up. (requested by U lost da game)\n|\n|t:|1701018617\n|start\n|switch|p1a: Iron Hands|Iron Hands, L50|100\/100\n|switch|p1b: Empoleon|Empoleon, L50, F|100\/100\n|switch|p2a: Dondozo|Dondozo, L50, F|100\/100\n|switch|p2b: Urshifu|Urshifu, L50, F|100\/100\n|turn|1\n|inactive|xingshen has 30 seconds left.\n|\n|t:|1701018652\n|move|p1a: Iron Hands|Fake Out|p2a: Dondozo\n|-damage|p2a: Dondozo|92\/100\n|move|p2b: Urshifu|Close Combat|p1b: Empoleon\n|-supereffective|p1b: Empoleon\n|-damage|p1b: Empoleon|0 fnt\n|-unboost|p2b: Urshifu|def|1\n|-unboost|p2b: Urshifu|spd|1\n|faint|p1b: Empoleon\n|cant|p2a: Dondozo|flinch\n|\n|upkeep\n|\n|t:|1701018659\n|switch|p1b: Sinistcha|Sinistcha-Masterpiece, L50|100\/100\n|turn|2\n|\n|t:|1701018676\n|switch|p1b: Landorus|Landorus-Therian, L50, M|100\/100\n|-ability|p1b: Landorus|Intimidate|boost\n|-fail|p2a: Dondozo|unboost|Attack|[from] ability: Oblivious|[of] p2a: Dondozo\n|-unboost|p2b: Urshifu|atk|1\n|move|p2b: Urshifu|Wicked Blow|p1b: Landorus\n|-crit|p1b: Landorus\n|-damage|p1b: Landorus|22\/100\n|move|p2a: Dondozo|Yawn|p1a: Iron Hands\n|-start|p1a: Iron Hands|move: Yawn|[of] p2a: Dondozo\n|move|p1a: Iron Hands|Drain Punch|p2b: Urshifu\n|-supereffective|p2b: Urshifu\n|-enditem|p2b: Urshifu|Focus Sash\n|-damage|p2b: Urshifu|1\/100\n|\n|upkeep\n|turn|3\n|inactive|xingshen has 30 seconds left.\n|inactive|xingshen has 20 seconds left.\n|\n|t:|1701018712\n|switch|p2b: Tatsugiri|Tatsugiri, L50, M|100\/100\n|-activate|p2b: Tatsugiri|ability: Commander|[of] p2a: Dondozo\n|-boost|p2a: Dondozo|atk|2\n|-boost|p2a: Dondozo|spa|2\n|-boost|p2a: Dondozo|spe|2\n|-boost|p2a: Dondozo|def|2\n|-boost|p2a: Dondozo|spd|2\n|-end|p1a: Iron Hands|Quark Drive|[silent]\n|switch|p1a: Sinistcha|Sinistcha-Masterpiece, L50|100\/100\n|-heal|p1b: Landorus|47\/100|[from] ability: Hospitality|[of] p1a: Sinistcha\n|-terastallize|p2a: Dondozo|Fire\n|move|p1b: Landorus|U-turn|p2b: Tatsugiri|[miss]\n|-miss|p1b: Landorus|p2b: Tatsugiri\n|move|p2a: Dondozo|Earthquake|p1a: Sinistcha|[spread] p1a\n|-miss|p2a: Dondozo|p2b: Tatsugiri\n|-immune|p1b: Landorus\n|-resisted|p1a: Sinistcha\n|-damage|p1a: Sinistcha|80\/100\n|\n|-heal|p1a: Sinistcha|86\/100|[from] item: Leftovers\n|upkeep\n|turn|4\n|inactive|xingshen has 30 seconds left.\n|\n|t:|1701018741\n|switch|p1b: Iron Hands|Iron Hands, L50|100\/100\n|move|p2a: Dondozo|Wave Crash|p1b: Iron Hands\n|-damage|p1b: Iron Hands|47\/100\n|-damage|p2a: Dondozo|74\/100|[from] Recoil\n|move|p1a: Sinistcha|Calm Mind|p1a: Sinistcha\n|-boost|p1a: Sinistcha|spa|1\n|-boost|p1a: Sinistcha|spd|1\n|\n|-heal|p1a: Sinistcha|92\/100|[from] item: Leftovers\n|upkeep\n|turn|5\n|\n|t:|1701018763\n|move|p2a: Dondozo|Protect|p2a: Dondozo\n|-singleturn|p2a: Dondozo|Protect\n|move|p1b: Iron Hands|Fake Out|p2a: Dondozo\n|-activate|p2a: Dondozo|move: Protect\n|move|p1a: Sinistcha|Calm Mind|p1a: Sinistcha\n|-boost|p1a: Sinistcha|spa|1\n|-boost|p1a: Sinistcha|spd|1\n|\n|-heal|p1a: Sinistcha|98\/100|[from] item: Leftovers\n|upkeep\n|turn|6\n|\n|t:|1701018777\n|-terastallize|p1b: Iron Hands|Grass\n|move|p2a: Dondozo|Wave Crash|p1b: Iron Hands\n|-resisted|p1b: Iron Hands\n|-damage|p1b: Iron Hands|21\/100\n|-damage|p2a: Dondozo|66\/100|[from] Recoil\n|move|p1a: Sinistcha|Calm Mind|p1a: Sinistcha\n|-boost|p1a: Sinistcha|spa|1\n|-boost|p1a: Sinistcha|spd|1\n|move|p1b: Iron Hands|Drain Punch|p2a: Dondozo\n|-damage|p2a: Dondozo|55\/100\n|-heal|p1b: Iron Hands|26\/100|[from] drain|[of] p2a: Dondozo\n|\n|-heal|p1a: Sinistcha|100\/100|[from] item: Leftovers\n|upkeep\n|turn|7\n|\n|t:|1701018796\n|move|p2a: Dondozo|Yawn|p1a: Sinistcha\n|-start|p1a: Sinistcha|move: Yawn|[of] p2a: Dondozo\n|move|p1a: Sinistcha|Shadow Ball|p2a: Dondozo\n|-damage|p2a: Dondozo|4\/100\n|move|p1b: Iron Hands|Drain Punch|p2a: Dondozo\n|-damage|p2a: Dondozo|0 fnt\n|-heal|p1b: Iron Hands|28\/100|[from] drain|[of] p2a: Dondozo\n|faint|p2a: Dondozo\n|\n|upkeep\n|\n|t:|1701018811\n|switch|p2a: Urshifu|Urshifu, L50, F|1\/100\n|turn|8\n|\n|t:|1701018829\n|-end|p1b: Iron Hands|Quark Drive|[silent]\n|switch|p1b: Landorus|Landorus-Therian, L50, M|47\/100\n|-ability|p1b: Landorus|Intimidate|boost\n|-unboost|p2a: Urshifu|atk|1\n|-unboost|p2b: Tatsugiri|atk|1\n|move|p2a: Urshifu|Wicked Blow|p1a: Sinistcha\n|-supereffective|p1a: Sinistcha\n|-crit|p1a: Sinistcha\n|-damage|p1a: Sinistcha|0 fnt\n|faint|p1a: Sinistcha\n|move|p2b: Tatsugiri|Muddy Water|p1b: Landorus|[miss]\n|-miss|p2b: Tatsugiri|p1b: Landorus\n|\n|upkeep\n|\n|t:|1701018835\n|switch|p1a: Iron Hands|Iron Hands, L50, tera:Grass|28\/100\n|turn|9\n|\n|t:|1701018856\n|move|p1a: Iron Hands|Fake Out|p2a: Urshifu\n|-damage|p2a: Urshifu|0 fnt\n|faint|p2a: Urshifu\n|move|p1b: Landorus|Stomping Tantrum|p2b: Tatsugiri\n|-damage|p2b: Tatsugiri|17\/100\n|move|p2b: Tatsugiri|Muddy Water|p1b: Landorus|[spread] p1b\n|-miss|p2b: Tatsugiri|p1a: Iron Hands\n|-supereffective|p1b: Landorus\n|-damage|p1b: Landorus|0 fnt\n|faint|p1b: Landorus\n|\n|upkeep\n|\n|t:|1701018869\n|switch|p2a: Ogerpon|Ogerpon-Cornerstone, L50, F|100\/100\n|turn|10\n|\n|t:|1701018879\n|move|p2a: Ogerpon|Knock Off|p1a: Iron Hands\n|-damage|p1a: Iron Hands|7\/100\n|-enditem|p1a: Iron Hands|Assault Vest|[from] move: Knock Off|[of] p2a: Ogerpon\n|move|p2b: Tatsugiri|Muddy Water|p1a: Iron Hands\n|-resisted|p1a: Iron Hands\n|-damage|p1a: Iron Hands|0 fnt\n|faint|p1a: Iron Hands\n|-end|p1a: Iron Hands|Quark Drive|[silent]\n|\n|win|xingshen\n|raw|U lost da game's rating: 1164 &rarr; <strong>1140<\/strong><br \/>(-24 for losing)\n|raw|xingshen's rating: 1181 &rarr; <strong>1205<\/strong><br \/>(+24 for winning)\n|l|\u2606U lost da game\n","uploadtime":1701018895,"views":4,"p1id":"ulostdagame","p2id":"xingshen","formatid":"gen9vgc2023regulatione","rating":1140,"private":0,"password":""}