{"id":"gen9vgc2023regulatione-1993614849","p1":"krlxjms","p2":"Fripp70!","format":"[Gen 9] VGC 2023 Regulation E","log":"|j|\u2606krlxjms\n|j|\u2606Fripp70!\n|t:|1700337721\n|gametype|doubles\n|player|p1|krlxjms|ethan|1118\n|player|p2|Fripp70!|swimmerf|1167\n|teamsize|p1|6\n|teamsize|p2|6\n|gen|9\n|tier|[Gen 9] VGC 2023 Regulation E\n|rated|\n|rule|Species Clause: Limit one of each Pok\u00e9mon\n|rule|Item Clause: Limit one of each item\n|clearpoke\n|poke|p1|Grafaiai, L50, F|\n|poke|p1|Baxcalibur, L50, M|\n|poke|p1|Landorus-Therian, L50, M|\n|poke|p1|Breloom, L50, M|\n|poke|p1|Gholdengo, L50|\n|poke|p1|Heatran, L50, F|\n|poke|p2|Farigiraf, L50, M|\n|poke|p2|Hariyama, L50, M|\n|poke|p2|Dipplin, L50, M|\n|poke|p2|Urshifu-*, L50, F|\n|poke|p2|Chandelure, L50, F|\n|poke|p2|Gastrodon, L50, M|\n|teampreview|4\n|inactive|Battle timer is ON: inactive players will automatically lose when time's up. (requested by Fripp70!)\n|inactive|Fripp70! has 60 seconds left.\n|\n|t:|1700337767\n|start\n|switch|p1a: Grafaiai|Grafaiai, L50, F|100\/100\n|switch|p1b: Landorus|Landorus-Therian, L50, M|100\/100\n|switch|p2a: Farigiraf|Farigiraf, L50, M, shiny|100\/100\n|switch|p2b: Hariyama|Hariyama, L50, M, shiny|100\/100\n|-ability|p1b: Landorus|Intimidate|boost\n|-unboost|p2a: Farigiraf|atk|1\n|-unboost|p2b: Hariyama|atk|1\n|turn|1\n|\n|t:|1700337782\n|move|p2b: Hariyama|Fake Out|p1b: Landorus\n|-damage|p1b: Landorus|92\/100\n|move|p1a: Grafaiai|Foul Play|p2a: Farigiraf\n|-supereffective|p2a: Farigiraf\n|-damage|p2a: Farigiraf|81\/100\n|cant|p1b: Landorus|flinch\n|move|p2a: Farigiraf|Hyper Voice|p1a: Grafaiai|[spread] p1a,p1b\n|-damage|p1a: Grafaiai|72\/100\n|-damage|p1b: Landorus|67\/100\n|-enditem|p2a: Farigiraf|Throat Spray\n|-boost|p2a: Farigiraf|spa|1|[from] item: Throat Spray\n|\n|-status|p2b: Hariyama|brn|[from] item: Flame Orb\n|upkeep\n|turn|2\n|\n|t:|1700337807\n|switch|p1b: Heatran|Heatran, L50, F|100\/100\n|move|p1a: Grafaiai|Foul Play|p2a: Farigiraf\n|-supereffective|p2a: Farigiraf\n|-damage|p2a: Farigiraf|60\/100\n|move|p2b: Hariyama|Drain Punch|p1a: Grafaiai\n|-damage|p1a: Grafaiai|7\/100\n|move|p2a: Farigiraf|Trick Room|p2a: Farigiraf\n|-fieldstart|move: Trick Room|[of] p2a: Farigiraf\n|\n|-damage|p2b: Hariyama|95\/100 brn|[from] brn\n|upkeep\n|turn|3\n|\n|t:|1700337826\n|switch|p1a: Landorus|Landorus-Therian, L50, M|67\/100\n|-ability|p1a: Landorus|Intimidate|boost\n|-unboost|p2a: Farigiraf|atk|1\n|-unboost|p2b: Hariyama|atk|1\n|-terastallize|p1b: Heatran|Fairy\n|move|p2b: Hariyama|Wide Guard|p2b: Hariyama\n|-singleturn|p2b: Hariyama|Wide Guard\n|move|p2a: Farigiraf|Psychic|p1b: Heatran\n|-damage|p1b: Heatran|57\/100\n|move|p1b: Heatran|Heat Wave|p2b: Hariyama|[spread] \n|-activate|p2a: Farigiraf|move: Wide Guard\n|-activate|p2b: Hariyama|move: Wide Guard\n|\n|-damage|p2b: Hariyama|89\/100 brn|[from] brn\n|upkeep\n|turn|4\n|\n|t:|1700337850\n|switch|p2b: Gastrodon|Gastrodon, L50, M|100\/100\n|move|p2a: Farigiraf|Psychic|p1a: Landorus\n|-damage|p1a: Landorus|11\/100\n|move|p1b: Heatran|Magma Storm|p2a: Farigiraf\n|-damage|p2a: Farigiraf|9\/100\n|-activate|p2a: Farigiraf|move: Magma Storm|[of] p1b: Heatran\n|move|p1a: Landorus|Stomping Tantrum|p2b: Gastrodon\n|-damage|p2b: Gastrodon|70\/100\n|\n|-heal|p2b: Gastrodon|76\/100|[from] item: Leftovers\n|-damage|p2a: Farigiraf|0 fnt|[from] move: Magma Storm|[partiallytrapped]\n|faint|p2a: Farigiraf\n|upkeep\n|\n|t:|1700337861\n|switch|p2a: Hariyama|Hariyama, L50, M, shiny|89\/100 brn\n|turn|5\n|\n|t:|1700337875\n|switch|p1a: Grafaiai|Grafaiai, L50, F|7\/100\n|move|p2b: Gastrodon|Amnesia|p2b: Gastrodon\n|-boost|p2b: Gastrodon|spd|2\n|move|p2a: Hariyama|Knock Off|p1a: Grafaiai\n|-damage|p1a: Grafaiai|0 fnt\n|-enditem|p1a: Grafaiai|Covert Cloak|[from] move: Knock Off|[of] p2a: Hariyama\n|faint|p1a: Grafaiai\n|move|p1b: Heatran|Magma Storm|p2b: Gastrodon\n|-resisted|p2b: Gastrodon\n|-damage|p2b: Gastrodon|64\/100\n|-activate|p2b: Gastrodon|move: Magma Storm|[of] p1b: Heatran\n|\n|-heal|p2b: Gastrodon|70\/100|[from] item: Leftovers\n|-damage|p2a: Hariyama|83\/100 brn|[from] brn\n|-damage|p2b: Gastrodon|58\/100|[from] move: Magma Storm|[partiallytrapped]\n|upkeep\n|\n|t:|1700337890\n|switch|p1a: Landorus|Landorus-Therian, L50, M|11\/100\n|-ability|p1a: Landorus|Intimidate|boost\n|-unboost|p2a: Hariyama|atk|1\n|-unboost|p2b: Gastrodon|atk|1\n|turn|6\n|\n|t:|1700337902\n|move|p1a: Landorus|Protect|p1a: Landorus\n|-singleturn|p1a: Landorus|Protect\n|move|p2b: Gastrodon|Sludge Bomb|p1b: Heatran\n|-supereffective|p1b: Heatran\n|-damage|p1b: Heatran|21\/100\n|move|p2a: Hariyama|Knock Off|p1a: Landorus\n|-activate|p1a: Landorus|move: Protect\n|move|p1b: Heatran|Earth Power|p2a: Hariyama\n|-damage|p2a: Hariyama|55\/100 brn\n|\n|-heal|p2b: Gastrodon|64\/100|[from] item: Leftovers\n|-damage|p2a: Hariyama|49\/100 brn|[from] brn\n|-damage|p2b: Gastrodon|51\/100|[from] move: Magma Storm|[partiallytrapped]\n|-fieldend|move: Trick Room\n|upkeep\n|turn|7\n|\n|t:|1700337926\n|switch|p2a: Urshifu|Urshifu-Rapid-Strike, L50, F|100\/100\n|move|p1a: Landorus|Stomping Tantrum|p2a: Urshifu\n|-damage|p2a: Urshifu|71\/100\n|move|p1b: Heatran|Magma Storm|p2a: Urshifu\n|-resisted|p2a: Urshifu\n|-damage|p2a: Urshifu|24\/100\n|-activate|p2a: Urshifu|move: Magma Storm|[of] p1b: Heatran\n|move|p2b: Gastrodon|Sludge Bomb|p1b: Heatran\n|-supereffective|p1b: Heatran\n|-damage|p1b: Heatran|0 fnt\n|faint|p1b: Heatran\n|\n|-heal|p2b: Gastrodon|57\/100|[from] item: Leftovers\n|-end|p2a: Urshifu|Magma Storm|[partiallytrapped]|[silent]\n|-end|p2b: Gastrodon|Magma Storm|[partiallytrapped]|[silent]\n|upkeep\n|\n|t:|1700337938\n|switch|p1b: Breloom|Breloom, L50, M|100\/100\n|turn|8\n|\n|t:|1700337954\n|switch|p2a: Hariyama|Hariyama, L50, M, shiny|49\/100 brn\n|-terastallize|p2b: Gastrodon|Poison\n|move|p1b: Breloom|Mach Punch|p2a: Hariyama\n|-damage|p2a: Hariyama|9\/100 brn\n|move|p1a: Landorus|Stomping Tantrum|p2b: Gastrodon\n|-supereffective|p2b: Gastrodon\n|-damage|p2b: Gastrodon|0 fnt\n|faint|p2b: Gastrodon\n|\n|-damage|p2a: Hariyama|3\/100 brn|[from] brn\n|upkeep\n|\n|t:|1700337963\n|switch|p2b: Urshifu|Urshifu-Rapid-Strike, L50, F|24\/100\n|turn|9\n|\n|t:|1700337969\n|move|p1a: Landorus|Protect|p1a: Landorus\n|-singleturn|p1a: Landorus|Protect\n|move|p2a: Hariyama|Fake Out|p1a: Landorus\n|-activate|p1a: Landorus|move: Protect\n|move|p1b: Breloom|Mach Punch|p2b: Urshifu\n|-damage|p2b: Urshifu|0 fnt\n|faint|p2b: Urshifu\n|\n|-damage|p2a: Hariyama|0 fnt|[from] brn\n|faint|p2a: Hariyama\n|\n|win|krlxjms\n|upkeep\n|raw|krlxjms's rating: 1118 &rarr; <strong>1147<\/strong><br \/>(+29 for winning)\n|raw|Fripp70!'s rating: 1167 &rarr; <strong>1138<\/strong><br \/>(-29 for losing)\n|l|\u2606Fripp70!\n","uploadtime":1700337981,"views":7,"p1id":"krlxjms","p2id":"fripp70","formatid":"gen9vgc2023regulatione","rating":1138,"private":0,"password":""}