{"id":"gen9vgc2023regulatione-1990860094","p1":"mx555","p2":"Roshavola","format":"[Gen 9] VGC 2023 Regulation E","log":"|j|\u2606mx555\n|j|\u2606Roshavola\n|t:|1700008531\n|gametype|doubles\n|player|p1|mx555|hilda|1419\n|player|p2|Roshavola|scientistf|1414\n|teamsize|p1|6\n|teamsize|p2|6\n|gen|9\n|tier|[Gen 9] VGC 2023 Regulation E\n|rated|\n|rule|Species Clause: Limit one of each Pok\u00e9mon\n|rule|Item Clause: Limit one of each item\n|clearpoke\n|poke|p1|Pelipper, L50, M|\n|poke|p1|Urshifu-*, L50, F|\n|poke|p1|Enamorus-Therian, L50, F|\n|poke|p1|Basculegion, L50, M|\n|poke|p1|Indeedee-F, L50, F|\n|poke|p1|Tornadus, L50, M|\n|poke|p2|Palafin, L50, F|\n|poke|p2|Tauros-Paldea-Blaze, L50, M|\n|poke|p2|Sinistcha, L50|\n|poke|p2|Ting-Lu, L50|\n|poke|p2|Iron Hands, L50|\n|poke|p2|Scizor, L50, M|\n|teampreview|4\n|inactive|Battle timer is ON: inactive players will automatically lose when time's up. (requested by Roshavola)\n|\n|t:|1700008588\n|start\n|switch|p1a: Pelipper|Pelipper, L50, M|100\/100\n|switch|p1b: Urshifu|Urshifu-Rapid-Strike, L50, F|100\/100\n|switch|p2a: Iron Hands|Iron Hands, L50|100\/100\n|switch|p2b: Palafin|Palafin, L50, F|100\/100\n|-weather|RainDance|[from] ability: Drizzle|[of] p1a: Pelipper\n|turn|1\n|inactive|Roshavola has 30 seconds left.\n|\n|t:|1700008619\n|detailschange|p2b: Palafin|Palafin-Hero, L50, F\n|switch|p2b: Sinistcha|Sinistcha, L50|100\/100\n|move|p1b: Urshifu|Surging Strikes|p2a: Iron Hands\n|-crit|p2a: Iron Hands\n|-damage|p2a: Iron Hands|81\/100\n|-crit|p2a: Iron Hands\n|-damage|p2a: Iron Hands|61\/100\n|-crit|p2a: Iron Hands\n|-damage|p2a: Iron Hands|42\/100\n|-hitcount|p2a: Iron Hands|3\n|move|p2a: Iron Hands|Wild Charge|p1b: Urshifu\n|-supereffective|p1b: Urshifu\n|-damage|p1b: Urshifu|4\/100\n|-damage|p2a: Iron Hands|25\/100|[from] Recoil\n|move|p1a: Pelipper|Hurricane|p2a: Iron Hands\n|-damage|p2a: Iron Hands|0 fnt\n|faint|p2a: Iron Hands\n|-end|p2a: Iron Hands|Quark Drive|[silent]\n|\n|-weather|RainDance|[upkeep]\n|upkeep\n|\n|t:|1700008635\n|switch|p2a: Palafin|Palafin-Hero, L50, F|100\/100\n|-activate|p2a: Palafin|ability: Zero to Hero\n|turn|2\n|\n|t:|1700008647\n|move|p2a: Palafin|Jet Punch|p1b: Urshifu\n|-resisted|p1b: Urshifu\n|-damage|p1b: Urshifu|0 fnt\n|faint|p1b: Urshifu\n|move|p2b: Sinistcha|Matcha Gotcha|p1a: Pelipper\n|-damage|p1a: Pelipper|54\/100\n|-status|p1a: Pelipper|brn\n|move|p1a: Pelipper|Hurricane|p2b: Sinistcha\n|-supereffective|p2b: Sinistcha\n|-damage|p2b: Sinistcha|0 fnt\n|faint|p2b: Sinistcha\n|\n|-weather|RainDance|[upkeep]\n|-damage|p1a: Pelipper|48\/100 brn|[from] brn\n|upkeep\n|\n|t:|1700008658\n|switch|p1b: Tornadus|Tornadus, L50, M|100\/100\n|switch|p2b: Ting-Lu|Ting-Lu, L50|100\/100\n|-ability|p2b: Ting-Lu|Vessel of Ruin\n|turn|3\n|\n|t:|1700008680\n|-terastallize|p2b: Ting-Lu|Poison\n|move|p1b: Tornadus|Bleakwind Storm|p2a: Palafin|[spread] p2a,p2b\n|-damage|p2a: Palafin|66\/100\n|-damage|p2b: Ting-Lu|78\/100\n|-unboost|p2b: Ting-Lu|spe|1\n|move|p2a: Palafin|Wave Crash|p1a: Pelipper\n|-resisted|p1a: Pelipper\n|-damage|p1a: Pelipper|0 fnt\n|faint|p1a: Pelipper\n|-damage|p2a: Palafin|53\/100|[from] Recoil\n|move|p2b: Ting-Lu|Heavy Slam|p1b: Tornadus\n|-damage|p1b: Tornadus|56\/100\n|\n|-weather|RainDance|[upkeep]\n|upkeep\n|\n|t:|1700008685\n|switch|p1a: Basculegion|Basculegion, L50, M|100\/100\n|turn|4\n|\n|t:|1700008705\n|-terastallize|p1a: Basculegion|Ghost\n|move|p2a: Palafin|Jet Punch|p1b: Tornadus\n|-damage|p1b: Tornadus|0 fnt\n|faint|p1b: Tornadus\n|move|p1a: Basculegion|Last Respects|p2a: Palafin\n|-damage|p2a: Palafin|0 fnt\n|faint|p2a: Palafin\n|-damage|p1a: Basculegion|91\/100|[from] item: Life Orb\n|move|p2b: Ting-Lu|Ruination|p1a: Basculegion\n|-damage|p1a: Basculegion|46\/100\n|\n|-weather|RainDance|[upkeep]\n|upkeep\n|turn|5\n|\n|t:|1700008715\n|move|p1a: Basculegion|Last Respects|p2b: Ting-Lu\n|-crit|p2b: Ting-Lu\n|-damage|p2b: Ting-Lu|0 fnt\n|faint|p2b: Ting-Lu\n|-damage|p1a: Basculegion|36\/100|[from] item: Life Orb\n|\n|win|mx555\n|raw|mx555's rating: 1419 &rarr; <strong>1439<\/strong><br \/>(+20 for winning)\n|raw|Roshavola's rating: 1414 &rarr; <strong>1394<\/strong><br \/>(-20 for losing)\n|l|\u2606Roshavola\n","uploadtime":1700008726,"views":14,"p1id":"mx555","p2id":"roshavola","formatid":"gen9vgc2023regulatione","rating":1394,"private":0,"password":""}