{"id":"gen9vgc2023regulatione-1990738773","p1":"Cyalia12","p2":"unluckyalba","format":"[Gen 9] VGC 2023 Regulation E","log":"|j|\u2606Cyalia12\n|j|\u2606unluckyalba\n|n|\u2606Cyalia12|cyalia12\n|n|\u2606unluckyalba|unluckyalba\n|html|View the match progress at <a href=\"\/game-bestof3-gen9vgc2023regulatione-1990738772\">game-bestof3-gen9vgc2023regulatione-1990738772<\/a>\n|t:|1699996275\n|gametype|doubles\n|player|p1|Cyalia12|shadowtriad|\n|player|p2|unluckyalba|102|\n|teamsize|p1|6\n|teamsize|p2|6\n|gen|9\n|tier|[Gen 9] VGC 2023 Regulation E\n|rule|Species Clause: Limit one of each Pok\u00e9mon\n|rule|Item Clause: Limit one of each item\n|clearpoke\n|poke|p1|Chien-Pao, L50|\n|poke|p1|Flutter Mane, L50|\n|poke|p1|Tornadus, L50, M|\n|poke|p1|Rillaboom, L50, M|\n|poke|p1|Urshifu-*, L50, F|\n|poke|p1|Arcanine-Hisui, L50, F|\n|poke|p2|Grimmsnarl, L50, M|\n|poke|p2|Volcarona, L50, F|\n|poke|p2|Iron Hands, L50|\n|poke|p2|Ogerpon-Wellspring, L50, F|\n|poke|p2|Landorus-Therian, L50, M|\n|poke|p2|Dragapult, L50, F|\n|teampreview|4\n|c|\u2606unluckyalba|glhf\nunluckyalba has agreed to open team sheets.\n|c|\u2606Cyalia12|y2!\nCyalia12 has agreed to open team sheets.\n|showteam|p1|Chien-Pao||FocusSash|SwordofRuin|IcicleCrash,SuckerPunch,LashOut,Protect||||||50|,,,,,Ghost]Flutter Mane||BoosterEnergy|Protosynthesis|Moonblast,DazzlingGleam,ShadowBall,Protect||||||50|,,,,,Fairy]Tornadus||RockyHelmet|Prankster|Tailwind,RainDance,BleakwindStorm,Taunt|||M|||50|,,,,,Steel]Rillaboom||AssaultVest|GrassySurge|WoodHammer,HighHorsepower,GrassyGlide,FakeOut|||M|||50|,,,,,Fire]Urshifu-Rapid-Strike||MysticWater|UnseenFist|SurgingStrikes,CloseCombat,AquaJet,Detect|||F|||50|,,,,,Water]Arcanine-Hisui||ChoiceBand|Intimidate|RockSlide,FlareBlitz,ExtremeSpeed,TeraBlast|||F|||50|,,,,,Fairy\n|showteam|p2|Grimmsnarl||LightClay|Prankster|Reflect,LightScreen,PartingShot,SpiritBreak|||M|||50|,,,,,Ghost]Volcarona||Leftovers|FlameBody|QuiverDance,HeatWave,BugBuzz,Protect|||F|||50|,,,,,Dragon]Iron Hands||AssaultVest|QuarkDrive|DrainPunch,WildCharge,HeavySlam,FakeOut||||||50|,,,,,Grass]Ogerpon-Wellspring||WellspringMask|WaterAbsorb|IvyCudgel,HornLeech,FollowMe,SpikyShield|||F|||50|,,,,,Water]Landorus-Therian||ChoiceScarf|Intimidate|TeraBlast,RockSlide,StompingTantrum,Uturn|||M|||50|,,,,,Flying]Dragapult||ChoiceBand|ClearBody|DragonDarts,TeraBlast,Uturn,SuckerPunch|||F|||50|,,,,,Ghost\n|\n|t:|1699996343\n|start\n|switch|p1a: Rillaboom|Rillaboom, L50, M|100\/100\n|switch|p1b: Flutter Mane|Flutter Mane, L50|100\/100\n|switch|p2a: Grimmsnarl|Grimmsnarl, L50, M|100\/100\n|switch|p2b: Ogerpon|Ogerpon-Wellspring, L50, F|100\/100\n|-fieldstart|move: Grassy Terrain|[from] ability: Grassy Surge|[of] p1a: Rillaboom\n|-enditem|p1b: Flutter Mane|Booster Energy\n|-activate|p1b: Flutter Mane|ability: Protosynthesis|[fromitem]\n|-start|p1b: Flutter Mane|protosynthesisspa\n|turn|1\n|\n|t:|1699996366\n|switch|p2a: Volcarona|Volcarona, L50, F|100\/100\n|-terastallize|p1b: Flutter Mane|Fairy\n|move|p1b: Flutter Mane|Dazzling Gleam|p2a: Volcarona|[spread] p2a,p2b\n|-resisted|p2a: Volcarona\n|-damage|p2a: Volcarona|75\/100\n|-damage|p2b: Ogerpon|50\/100\n|move|p2b: Ogerpon|Ivy Cudgel|p1b: Flutter Mane|[anim] Ivy Cudgel Water\n|-damage|p1b: Flutter Mane|6\/100\n|move|p1a: Rillaboom|Wood Hammer|p2b: Ogerpon\n|-damage|p2b: Ogerpon|0 fnt\n|faint|p2b: Ogerpon\n|-damage|p1a: Rillaboom|85\/100|[from] Recoil\n|\n|-heal|p1b: Flutter Mane|12\/100|[from] Grassy Terrain\n|-heal|p2a: Volcarona|81\/100|[from] Grassy Terrain\n|-heal|p2a: Volcarona|87\/100|[from] item: Leftovers\n|-heal|p1a: Rillaboom|91\/100|[from] Grassy Terrain\n|upkeep\n|\n|t:|1699996386\n|switch|p2b: Grimmsnarl|Grimmsnarl, L50, M|100\/100\n|turn|2\n|\n|t:|1699996397\n|move|p2b: Grimmsnarl|Light Screen|p2b: Grimmsnarl\n|-sidestart|p2: unluckyalba|move: Light Screen\n|move|p1b: Flutter Mane|Moonblast|p2b: Grimmsnarl\n|-supereffective|p2b: Grimmsnarl\n|-damage|p2b: Grimmsnarl|0 fnt\n|faint|p2b: Grimmsnarl\n|move|p2a: Volcarona|Quiver Dance|p2a: Volcarona\n|-boost|p2a: Volcarona|spa|1\n|-boost|p2a: Volcarona|spd|1\n|-boost|p2a: Volcarona|spe|1\n|move|p1a: Rillaboom|Wood Hammer|p2a: Volcarona\n|-resisted|p2a: Volcarona\n|-damage|p2a: Volcarona|68\/100\n|-damage|p1a: Rillaboom|85\/100|[from] Recoil\n|\n|-heal|p2a: Volcarona|74\/100|[from] Grassy Terrain\n|-heal|p2a: Volcarona|81\/100|[from] item: Leftovers\n|-heal|p1b: Flutter Mane|17\/100|[from] Grassy Terrain\n|-heal|p1a: Rillaboom|91\/100|[from] Grassy Terrain\n|upkeep\n|\n|t:|1699996414\n|switch|p2b: Landorus|Landorus-Therian, L50, M|100\/100\n|-ability|p2b: Landorus|Intimidate|boost\n|-unboost|p1a: Rillaboom|atk|1\n|-unboost|p1b: Flutter Mane|atk|1\n|turn|3\n|\n|t:|1699996424\n|move|p1a: Rillaboom|Grassy Glide|p2b: Landorus\n|-damage|p2b: Landorus|70\/100\n|move|p2b: Landorus|Rock Slide|p1a: Rillaboom|[spread] p1a,p1b\n|-damage|p1a: Rillaboom|69\/100\n|-damage|p1b: Flutter Mane|0 fnt\n|faint|p1b: Flutter Mane\n|-end|p1b: Flutter Mane|Protosynthesis|[silent]\n|move|p2a: Volcarona|Quiver Dance|p2a: Volcarona\n|-boost|p2a: Volcarona|spa|1\n|-boost|p2a: Volcarona|spd|1\n|-boost|p2a: Volcarona|spe|1\n|\n|-heal|p2a: Volcarona|87\/100|[from] Grassy Terrain\n|-heal|p2a: Volcarona|93\/100|[from] item: Leftovers\n|-heal|p1a: Rillaboom|75\/100|[from] Grassy Terrain\n|upkeep\n|\n|t:|1699996438\n|switch|p1b: Tornadus|Tornadus, L50, M|100\/100\n|turn|4\n|\n|t:|1699996457\n|switch|p1a: Chien-Pao|Chien-Pao, L50|100\/100\n|-ability|p1a: Chien-Pao|Sword of Ruin\n|-terastallize|p2a: Volcarona|Dragon\n|move|p1b: Tornadus|Tailwind|p1b: Tornadus\n|-sidestart|p1: Cyalia12|move: Tailwind\n|move|p2a: Volcarona|Bug Buzz|p1a: Chien-Pao\n|-supereffective|p1a: Chien-Pao\n|-enditem|p1a: Chien-Pao|Focus Sash\n|-damage|p1a: Chien-Pao|1\/100\n|move|p2b: Landorus|Rock Slide|p1b: Tornadus|[spread] p1a,p1b\n|-supereffective|p1a: Chien-Pao\n|-supereffective|p1b: Tornadus\n|-damage|p1a: Chien-Pao|0 fnt\n|-damage|p1b: Tornadus|55\/100\n|faint|p1a: Chien-Pao\n|\n|-heal|p2a: Volcarona|99\/100|[from] Grassy Terrain\n|-heal|p2a: Volcarona|100\/100|[from] item: Leftovers\n|upkeep\n|\n|t:|1699996472\n|switch|p1a: Rillaboom|Rillaboom, L50, M|75\/100\n|turn|5\n|\n|t:|1699996484\n|move|p2a: Volcarona|Protect|p2a: Volcarona\n|-singleturn|p2a: Volcarona|Protect\n|move|p1a: Rillaboom|Fake Out|p2a: Volcarona\n|-activate|p2a: Volcarona|move: Protect\n|move|p1b: Tornadus|Bleakwind Storm|p2b: Landorus|[spread] \n|-activate|p2a: Volcarona|move: Protect\n|-miss|p1b: Tornadus|p2b: Landorus\n|move|p2b: Landorus|Rock Slide|p1b: Tornadus|[spread] p1a\n|-miss|p2b: Landorus|p1b: Tornadus\n|-damage|p1a: Rillaboom|56\/100\n|\n|-heal|p1a: Rillaboom|62\/100|[from] Grassy Terrain\n|-fieldend|move: Grassy Terrain\n|upkeep\n|turn|6\n|\n|t:|1699996500\n|move|p1b: Tornadus|Rain Dance|p1b: Tornadus\n|-weather|RainDance\n|move|p2a: Volcarona|Bug Buzz|p1a: Rillaboom\n|-supereffective|p1a: Rillaboom\n|-damage|p1a: Rillaboom|0 fnt\n|faint|p1a: Rillaboom\n|move|p2b: Landorus|Rock Slide|p1b: Tornadus\n|-supereffective|p1b: Tornadus\n|-damage|p1b: Tornadus|8\/100\n|\n|-weather|RainDance|[upkeep]\n|upkeep\n|turn|7\n|\n|t:|1699996510\n|move|p1b: Tornadus|Bleakwind Storm|p2b: Landorus|[spread] p2a,p2b\n|-damage|p2a: Volcarona|91\/100\n|-damage|p2b: Landorus|46\/100\n|-unboost|p2a: Volcarona|spe|1\n|move|p2b: Landorus|Rock Slide|p1b: Tornadus\n|-supereffective|p1b: Tornadus\n|-crit|p1b: Tornadus\n|-damage|p1b: Tornadus|0 fnt\n|faint|p1b: Tornadus\n|\n|win|unluckyalba\n|c|\u2606unluckyalba|gg\n|inactive|Cyalia12 has 50 seconds to confirm battle start!\n|inactive|unluckyalba has 50 seconds to confirm battle start!\n|c|&|\/uhtml prompt-unluckyalba,unluckyalba is ready for game 2!\n|c|\u2606Cyalia12|gg\n|c|&|\/uhtml prompt-cyalia12,Cyalia12 is ready for game 2!\nBoth players are ready! Starting next match!\n|l|\u2606Cyalia12\n","uploadtime":1699997225,"views":15,"p1id":"cyalia12","p2id":"unluckyalba","formatid":"gen9vgc2023regulatione","rating":0,"private":0,"password":""}