{"id":"gen9vgc2023regulatione-1994297192","p1":"Roblobsta823","p2":"sxlver","format":"[Gen 9] VGC 2023 Regulation E","log":"|j|\u2606Roblobsta823\n|j|\u2606sxlver\n|t:|1700428308\n|gametype|doubles\n|player|p1|Roblobsta823|firebreather|1189\n|player|p2|sxlver|unknownf|1142\n|teamsize|p1|6\n|teamsize|p2|6\n|gen|9\n|tier|[Gen 9] VGC 2023 Regulation E\n|rated|\n|rule|Species Clause: Limit one of each Pok\u00e9mon\n|rule|Item Clause: Limit one of each item\n|clearpoke\n|poke|p1|Regieleki, L50|\n|poke|p1|Urshifu-*, L50, M|\n|poke|p1|Tornadus, L50, M|\n|poke|p1|Rillaboom, L50, M|\n|poke|p1|Heatran, L50, M|\n|poke|p1|Sneasler, L50, M|\n|poke|p2|Espathra, L50, M|\n|poke|p2|Armarouge, L50, M|\n|poke|p2|Indeedee-F, L50, F|\n|poke|p2|Weavile, L50, M|\n|poke|p2|Chi-Yu, L50|\n|poke|p2|Garchomp, L50, M|\n|teampreview|4\n|\n|t:|1700428381\n|start\n|switch|p1a: Regieleki|Regieleki, L50|100\/100\n|switch|p1b: Urshifu|Urshifu, L50, M|100\/100\n|switch|p2a: cant use urshifu:(|Weavile, L50, M|100\/100\n|switch|p2b: megaman|Armarouge, L50, M|100\/100\n|turn|1\n|\n|t:|1700428410\n|move|p1b: Urshifu|Detect|p1b: Urshifu\n|-singleturn|p1b: Urshifu|Protect\n|move|p2b: megaman|Endure|p2b: megaman\n|-singleturn|p2b: megaman|move: Endure\n|move|p1a: Regieleki|Volt Switch|p2b: megaman\n|-damage|p2b: megaman|35\/100\n|\n|t:|1700428417\n|switch|p1a: Rillaboom|Rillaboom, L50, M, shiny|100\/100|[from] Volt Switch\n|-fieldstart|move: Grassy Terrain|[from] ability: Grassy Surge|[of] p1a: Rillaboom\n|move|p2a: cant use urshifu:(|Beat Up|p2b: megaman\n|-supereffective|p2b: megaman\n|-damage|p2b: megaman|15\/100\n|-ability|p2b: megaman|Weak Armor|boost\n|-unboost|p2b: megaman|def|1\n|-boost|p2b: megaman|spe|2\n|-enditem|p2b: megaman|Weakness Policy\n|-boost|p2b: megaman|atk|2|[from] item: Weakness Policy\n|-boost|p2b: megaman|spa|2|[from] item: Weakness Policy\n|-supereffective|p2b: megaman\n|-activate|p2b: megaman|move: Endure\n|-damage|p2b: megaman|1\/100\n|-ability|p2b: megaman|Weak Armor|boost\n|-unboost|p2b: megaman|def|1\n|-boost|p2b: megaman|spe|2\n|-supereffective|p2b: megaman\n|-activate|p2b: megaman|move: Endure\n|-damage|p2b: megaman|1\/100\n|-ability|p2b: megaman|Weak Armor|boost\n|-unboost|p2b: megaman|def|1\n|-boost|p2b: megaman|spe|2\n|-supereffective|p2b: megaman\n|-crit|p2b: megaman\n|-activate|p2b: megaman|move: Endure\n|-damage|p2b: megaman|1\/100\n|-ability|p2b: megaman|Weak Armor|boost\n|-unboost|p2b: megaman|def|1\n|-hitcount|p2b: megaman|4\n|\n|-heal|p2b: megaman|7\/100|[from] Grassy Terrain\n|upkeep\n|turn|2\n|\n|t:|1700428459\n|switch|p2a: girlboss|Indeedee-F, L50, F|100\/100\n|-fieldstart|move: Psychic Terrain|[from] ability: Psychic Surge|[of] p2a: girlboss\n|-enditem|p2a: girlboss|Psychic Seed\n|-boost|p2a: girlboss|spd|1|[from] item: Psychic Seed\n|move|p1a: Rillaboom|Fake Out|p2b: megaman\n|-activate|p2b: megaman|move: Psychic Terrain\n|move|p2b: megaman|Armor Cannon|p1b: Urshifu\n|-enditem|p1b: Urshifu|Focus Sash\n|-damage|p1b: Urshifu|1\/100\n|-unboost|p2b: megaman|def|1\n|-unboost|p2b: megaman|spd|1\n|move|p1b: Urshifu|Close Combat|p2a: girlboss\n|-damage|p2a: girlboss|34\/100\n|-unboost|p1b: Urshifu|def|1\n|-unboost|p1b: Urshifu|spd|1\n|\n|upkeep\n|turn|3\n|\n|t:|1700428491\n|switch|p1a: Regieleki|Regieleki, L50|100\/100\n|move|p1b: Urshifu|Detect|p1b: Urshifu\n|-singleturn|p1b: Urshifu|Protect\n|move|p2a: girlboss|Follow Me|p2a: girlboss\n|-singleturn|p2a: girlboss|move: Follow Me\n|move|p2b: megaman|Armor Cannon|p1b: Urshifu\n|-activate|p1b: Urshifu|move: Protect\n|\n|upkeep\n|turn|4\n|\n|t:|1700428510\n|switch|p1b: Rillaboom|Rillaboom, L50, M, shiny|100\/100\n|-fieldstart|move: Grassy Terrain|[from] ability: Grassy Surge|[of] p1b: Rillaboom\n|move|p2a: girlboss|Follow Me|p2a: girlboss\n|-singleturn|p2a: girlboss|move: Follow Me\n|move|p2b: megaman|Expanding Force|p1a: Regieleki\n|-damage|p1a: Regieleki|0 fnt\n|faint|p1a: Regieleki\n|\n|-heal|p2b: megaman|14\/100|[from] Grassy Terrain\n|-heal|p2a: girlboss|40\/100|[from] Grassy Terrain\n|upkeep\n|\n|t:|1700428528\n|switch|p1a: Sneasler|Sneasler, L50, M|100\/100\n|-enditem|p1a: Sneasler|Grassy Seed\n|-boost|p1a: Sneasler|def|1|[from] item: Grassy Seed\n|turn|5\n|\n|t:|1700428556\n|-terastallize|p1a: Sneasler|Flying\n|move|p1b: Rillaboom|Fake Out|p2b: megaman\n|-damage|p2b: megaman|0 fnt\n|faint|p2b: megaman\n|move|p2a: girlboss|Follow Me|p2a: girlboss\n|-singleturn|p2a: girlboss|move: Follow Me\n|move|p1a: Sneasler|Acrobatics|p2a: girlboss\n|-crit|p2a: girlboss\n|-damage|p2a: girlboss|0 fnt\n|faint|p2a: girlboss\n|\n|upkeep\n|\n|t:|1700428566\n|switch|p2b: brown|Espathra, L50, M, shiny|100\/100\n|switch|p2a: cant use urshifu:(|Weavile, L50, M|100\/100\n|turn|6\n|\n|t:|1700428614\n|move|p2b: brown|Protect|p2b: brown\n|-singleturn|p2b: brown|Protect\n|move|p2a: cant use urshifu:(|Ice Shard|p1a: Sneasler\n|-supereffective|p1a: Sneasler\n|-damage|p1a: Sneasler|49\/100\n|move|p1a: Sneasler|X-Scissor|p2b: brown\n|-activate|p2b: brown|move: Protect\n|move|p1b: Rillaboom|U-turn|p2a: cant use urshifu:(\n|-supereffective|p2a: cant use urshifu:(\n|-damage|p2a: cant use urshifu:(|18\/100\n|\n|t:|1700428623\n|switch|p1b: Urshifu|Urshifu, L50, M|1\/100|[from] U-turn\n|\n|-heal|p2a: cant use urshifu:(|24\/100|[from] Grassy Terrain\n|-heal|p1b: Urshifu|7\/100|[from] Grassy Terrain\n|-ability|p2b: brown|Speed Boost|boost\n|-boost|p2b: brown|spe|1\n|upkeep\n|turn|7\n|\n|t:|1700428650\n|-terastallize|p2b: brown|Normal\n|move|p2a: cant use urshifu:(|Ice Shard|p1a: Sneasler\n|-supereffective|p1a: Sneasler\n|-damage|p1a: Sneasler|1\/100\n|move|p1b: Urshifu|Sucker Punch||[still]\n|-fail|p1b: Urshifu\n|move|p1a: Sneasler|X-Scissor|p2b: brown\n|-damage|p2b: brown|50\/100\n|move|p2b: brown|Dazzling Gleam|p1a: Sneasler|[spread] p1a,p1b\n|-supereffective|p1b: Urshifu\n|-damage|p1a: Sneasler|0 fnt\n|-damage|p1b: Urshifu|0 fnt\n|faint|p1a: Sneasler\n|faint|p1b: Urshifu\n|\n|-heal|p2b: brown|56\/100|[from] Grassy Terrain\n|-heal|p2a: cant use urshifu:(|30\/100|[from] Grassy Terrain\n|-ability|p2b: brown|Speed Boost|boost\n|-boost|p2b: brown|spe|1\n|upkeep\n|\n|t:|1700428660\n|switch|p1b: Rillaboom|Rillaboom, L50, M, shiny|100\/100\n|turn|8\n|\n|t:|1700428684\n|move|p2a: cant use urshifu:(|Ice Shard|p1b: Rillaboom\n|-supereffective|p1b: Rillaboom\n|-damage|p1b: Rillaboom|63\/100\n|move|p1b: Rillaboom|Grassy Glide|p2a: cant use urshifu:(\n|-damage|p2a: cant use urshifu:(|0 fnt\n|faint|p2a: cant use urshifu:(\n|move|p2b: brown|Lumina Crash|p1b: Rillaboom\n|-damage|p1b: Rillaboom|36\/100\n|-unboost|p1b: Rillaboom|spd|2\n|\n|-heal|p2b: brown|62\/100|[from] Grassy Terrain\n|-heal|p1b: Rillaboom|42\/100|[from] Grassy Terrain\n|-fieldend|move: Grassy Terrain\n|-ability|p2b: brown|Speed Boost|boost\n|-boost|p2b: brown|spe|1\n|upkeep\n|turn|9\n|\n|t:|1700428700\n|move|p2b: brown|Lumina Crash|p1b: Rillaboom\n|-damage|p1b: Rillaboom|0 fnt\n|faint|p1b: Rillaboom\n|\n|win|sxlver\n|raw|Roblobsta823's rating: 1189 &rarr; <strong>1161<\/strong><br \/>(-28 for losing)\n|raw|sxlver's rating: 1142 &rarr; <strong>1170<\/strong><br \/>(+28 for winning)\n|c|\u2606sxlver|gg\n|c|\u2606sxlver|close\n|c|\u2606Roblobsta823|gg\n","uploadtime":1700428710,"views":12,"p1id":"roblobsta823","p2id":"sxlver","formatid":"gen9vgc2023regulatione","rating":1161,"private":0,"password":""}