{"id":"gen9vgc2023regulatione-1989806012","p1":"oreorc16","p2":"beelzebruno","format":"[Gen 9] VGC 2023 Regulation E","log":"|j|\u2606oreorc16\n|j|\u2606beelzebruno\n|t:|1699897271\n|gametype|doubles\n|player|p1|oreorc16|170|1164\n|player|p2|beelzebruno|170|1192\n|teamsize|p1|6\n|teamsize|p2|6\n|gen|9\n|tier|[Gen 9] VGC 2023 Regulation E\n|rated|\n|rule|Species Clause: Limit one of each Pok\u00e9mon\n|rule|Item Clause: Limit one of each item\n|clearpoke\n|poke|p1|Weezing-Galar, L50, F|\n|poke|p1|Toedscruel, L50, M|\n|poke|p1|Scizor, L50, M|\n|poke|p1|Frosmoth, L50, M|\n|poke|p1|Dragonite, L50, F|\n|poke|p1|Ogerpon-Cornerstone, L50, F|\n|poke|p2|Medicham, L50, M|\n|poke|p2|Gholdengo, L50|\n|poke|p2|Flutter Mane, L50|\n|poke|p2|Iron Hands, L50|\n|poke|p2|Dragonite, L50, M|\n|poke|p2|Arcanine-Hisui, L50, M|\n|teampreview|4\n|\n|t:|1699897334\n|start\n|switch|p1a: Scizor|Scizor, L50, M|100\/100\n|switch|p1b: Frosmoth|Frosmoth, L50, M|100\/100\n|switch|p2a: Medicham|Medicham, L50, M|100\/100\n|switch|p2b: Magic Pot|Gholdengo, L50|100\/100\n|turn|1\n|\n|t:|1699897370\n|move|p2a: Medicham|Fake Out|p1a: Scizor\n|-resisted|p1a: Scizor\n|-damage|p1a: Scizor|91\/100\n|move|p2b: Magic Pot|Make It Rain|p1a: Scizor|[spread] p1a,p1b\n|-resisted|p1a: Scizor\n|-supereffective|p1b: Frosmoth\n|-damage|p1a: Scizor|58\/100\n|-damage|p1b: Frosmoth|0 fnt\n|-unboost|p2b: Magic Pot|spa|1\n|faint|p1b: Frosmoth\n|cant|p1a: Scizor|flinch\n|\n|upkeep\n|\n|t:|1699897383\n|switch|p1b: Toedscruel|Toedscruel, L50, M|100\/100\n|turn|2\n|\n|t:|1699897425\n|switch|p2b: Angeal|Dragonite, L50, M|100\/100\n|switch|p2a: Iron Maiden|Iron Hands, L50|100\/100\n|switch|p1a: Weezing|Weezing-Galar, L50, F|100\/100\n|-ability|p1a: Weezing|Neutralizing Gas\n|move|p1b: Toedscruel|Spore|p2b: Angeal\n|-status|p2b: Angeal|slp|[from] move: Spore\n|\n|upkeep\n|turn|3\n|\n|t:|1699897450\n|move|p2a: Iron Maiden|Fake Out|p1b: Toedscruel\n|-damage|p1b: Toedscruel|80\/100\n|cant|p1b: Toedscruel|flinch\n|cant|p2b: Angeal|slp\n|move|p1a: Weezing|Dazzling Gleam|p2a: Iron Maiden|[spread] p2a,p2b\n|-supereffective|p2a: Iron Maiden\n|-supereffective|p2b: Angeal\n|-damage|p2a: Iron Maiden|61\/100\n|-damage|p2b: Angeal|36\/100 slp\n|\n|upkeep\n|turn|4\n|\n|t:|1699897472\n|move|p1b: Toedscruel|Spore|p2a: Iron Maiden\n|-status|p2a: Iron Maiden|slp|[from] move: Spore\n|-curestatus|p2b: Angeal|slp|[msg]\n|move|p2b: Angeal|Ice Spinner|p1b: Toedscruel\n|-supereffective|p1b: Toedscruel\n|-crit|p1b: Toedscruel\n|-damage|p1b: Toedscruel|0 fnt\n|faint|p1b: Toedscruel\n|move|p1a: Weezing|Dazzling Gleam|p2b: Angeal|[spread] p2a,p2b\n|-supereffective|p2a: Iron Maiden\n|-supereffective|p2b: Angeal\n|-damage|p2a: Iron Maiden|22\/100 slp\n|-damage|p2b: Angeal|0 fnt\n|faint|p2b: Angeal\n|cant|p2a: Iron Maiden|slp\n|\n|upkeep\n|\n|t:|1699897489\n|switch|p1b: Scizor|Scizor, L50, M|58\/100\n|switch|p2b: Magic Pot|Gholdengo, L50|100\/100\n|turn|5\n|\n|t:|1699897500\n|-terastallize|p1a: Weezing|Fire\n|move|p1b: Scizor|Protect|p1b: Scizor\n|-singleturn|p1b: Scizor|Protect\n|move|p2b: Magic Pot|Make It Rain|p1a: Weezing|[spread] p1a\n|-activate|p1b: Scizor|move: Protect\n|-resisted|p1a: Weezing\n|-damage|p1a: Weezing|60\/100\n|-unboost|p2b: Magic Pot|spa|1\n|move|p1a: Weezing|Dazzling Gleam|p2a: Iron Maiden|[spread] p2a,p2b\n|-supereffective|p2a: Iron Maiden\n|-resisted|p2b: Magic Pot\n|-damage|p2a: Iron Maiden|0 fnt\n|-damage|p2b: Magic Pot|83\/100\n|faint|p2a: Iron Maiden\n|-end|p2a: Iron Maiden|Quark Drive|[silent]\n|\n|upkeep\n|\n|t:|1699897519\n|switch|p2a: Medicham|Medicham, L50, M|100\/100\n|turn|6\n|\n|t:|1699897556\n|-terastallize|p2a: Medicham|Flying\n|move|p2a: Medicham|Fake Out|p1a: Weezing\n|-damage|p1a: Weezing|52\/100\n|move|p2b: Magic Pot|Make It Rain|p1a: Weezing|[spread] p1a,p1b\n|-resisted|p1a: Weezing\n|-resisted|p1b: Scizor\n|-damage|p1a: Weezing|26\/100\n|-damage|p1b: Scizor|34\/100\n|-unboost|p2b: Magic Pot|spa|1\n|move|p1b: Scizor|Dual Wingbeat|p2a: Medicham\n|-damage|p2a: Medicham|74\/100\n|-damage|p2a: Medicham|48\/100\n|-hitcount|p2a: Medicham|2\n|-damage|p1b: Scizor|24\/100|[from] item: Life Orb\n|cant|p1a: Weezing|flinch\n|\n|upkeep\n|turn|7\n|\n|t:|1699897584\n|move|p2a: Medicham|Bullet Punch|p1b: Scizor\n|-resisted|p1b: Scizor\n|-damage|p1b: Scizor|20\/100\n|move|p2b: Magic Pot|Make It Rain|p1b: Scizor|[spread] p1a,p1b\n|-resisted|p1a: Weezing\n|-resisted|p1b: Scizor\n|-damage|p1a: Weezing|5\/100\n|-damage|p1b: Scizor|2\/100\n|-unboost|p2b: Magic Pot|spa|1\n|move|p1b: Scizor|Swords Dance|p1b: Scizor\n|-boost|p1b: Scizor|atk|2\n|move|p1a: Weezing|Dazzling Gleam|p2b: Magic Pot|[spread] p2a,p2b\n|-resisted|p2b: Magic Pot\n|-damage|p2a: Medicham|0 fnt\n|-damage|p2b: Magic Pot|67\/100\n|faint|p2a: Medicham\n|\n|upkeep\n|turn|8\n|\n|t:|1699897606\n|move|p1b: Scizor|Protect|p1b: Scizor\n|-singleturn|p1b: Scizor|Protect\n|move|p2b: Magic Pot|Make It Rain|p1b: Scizor|[spread] p1a\n|-activate|p1b: Scizor|move: Protect\n|-resisted|p1a: Weezing\n|-damage|p1a: Weezing|0 fnt\n|-unboost|p2b: Magic Pot|spa|1\n|faint|p1a: Weezing\n|-end|p1a: Weezing|ability: Neutralizing Gas\n|\n|upkeep\n|turn|9\n|\n|t:|1699897616\n|move|p1b: Scizor|Bullet Punch|p2b: Magic Pot\n|-resisted|p2b: Magic Pot\n|-damage|p2b: Magic Pot|27\/100\n|-damage|p1b: Scizor|0 fnt|[from] item: Life Orb\n|faint|p1b: Scizor\n|\n|win|beelzebruno\n|raw|oreorc16's rating: 1164 &rarr; <strong>1141<\/strong><br \/>(-23 for losing)\n|raw|beelzebruno's rating: 1192 &rarr; <strong>1215<\/strong><br \/>(+23 for winning)\n|l|\u2606oreorc16\n","uploadtime":1699897625,"views":7,"p1id":"oreorc16","p2id":"beelzebruno","formatid":"gen9vgc2023regulatione","rating":1141,"private":0,"password":""}