{"id":"gen9vgc2023regulatione-1991511959","p1":"Astra15","p2":"Storm149","format":"[Gen 9] VGC 2023 Regulation E","log":"|j|\u2606Astra15\n|j|\u2606Storm149\n|t:|1700083707\n|gametype|doubles\n|player|p1|Astra15|hugh|\n|player|p2|Storm149|red|\n|teamsize|p1|6\n|teamsize|p2|6\n|gen|9\n|tier|[Gen 9] VGC 2023 Regulation E\n|rule|Species Clause: Limit one of each Pok\u00e9mon\n|rule|Item Clause: Limit one of each item\n|clearpoke\n|poke|p1|Amoonguss, L50, F|\n|poke|p1|Pelipper, L50, M|\n|poke|p1|Goodra, L50, M|\n|poke|p1|Urshifu-*, L50, F|\n|poke|p1|Mamoswine, L50, F|\n|poke|p1|Pawmot, L50, M|\n|poke|p2|Ursaluna-Bloodmoon, L50, M|\n|poke|p2|Slowbro-Galar, L50, M|\n|poke|p2|Lumineon, L50, M|\n|poke|p2|Foongus, L50, F|\n|poke|p2|Hatterene, L50, F|\n|poke|p2|Glastrier, L50|\n|teampreview|4\n|j| PorygonTheBot\n|c| PorygonTheBot|You got this!\nStorm149 rejected open team sheets.\n|\n|t:|1700083744\n|start\n|switch|p1a: Amoonguss|Amoonguss, L50, F|100\/100\n|switch|p1b: Goodra|Goodra, L50, M|100\/100\n|switch|p2a: Dark Magician Girl|Hatterene, L50, F|100\/100\n|switch|p2b: Ursaluna|Ursaluna-Bloodmoon, L50, M|100\/100\n|turn|1\n|\n|t:|1700083756\n|-terastallize|p1b: Goodra|Poison\n|move|p1b: Goodra|Sludge Bomb|p2a: Dark Magician Girl\n|-supereffective|p2a: Dark Magician Girl\n|-damage|p2a: Dark Magician Girl|24\/100\n|-status|p2a: Dark Magician Girl|psn\n|move|p2b: Ursaluna|Hyper Voice|p1b: Goodra|[spread] p1a,p1b\n|-damage|p1a: Amoonguss|74\/100\n|-damage|p1b: Goodra|82\/100\n|-enditem|p2b: Ursaluna|Throat Spray\n|-boost|p2b: Ursaluna|spa|1|[from] item: Throat Spray\n|move|p1a: Amoonguss|Spore|p2b: Ursaluna\n|-status|p2b: Ursaluna|slp|[from] move: Spore\n|move|p2a: Dark Magician Girl|Trick Room|p2a: Dark Magician Girl\n|-fieldstart|move: Trick Room|[of] p2a: Dark Magician Girl\n|\n|-heal|p2a: Dark Magician Girl|30\/100 psn|[from] item: Leftovers\n|-damage|p2a: Dark Magician Girl|18\/100 psn|[from] psn\n|upkeep\n|turn|2\n|\n|t:|1700083815\n|move|p2a: Dark Magician Girl|Psychic|p1b: Goodra\n|-supereffective|p1b: Goodra\n|-damage|p1b: Goodra|47\/100\n|move|p1a: Amoonguss|Pollen Puff|p2a: Dark Magician Girl\n|-damage|p2a: Dark Magician Girl|3\/100 psn\n|cant|p2b: Ursaluna|slp\n|move|p1b: Goodra|Ice Beam|p2b: Ursaluna\n|-supereffective|p2b: Ursaluna\n|-damage|p2b: Ursaluna|31\/100 slp\n|\n|-heal|p2a: Dark Magician Girl|9\/100 psn|[from] item: Leftovers\n|-damage|p2a: Dark Magician Girl|0 fnt|[from] psn\n|faint|p2a: Dark Magician Girl\n|upkeep\n|\n|t:|1700083828\n|switch|p2a: Glastrier|Glastrier, L50|100\/100\n|turn|3\n|\n|t:|1700083835\n|move|p1a: Amoonguss|Rage Powder|p1a: Amoonguss\n|-singleturn|p1a: Amoonguss|move: Rage Powder\n|move|p2a: Glastrier|High Horsepower|p1a: Amoonguss\n|-damage|p1a: Amoonguss|22\/100\n|-enditem|p1a: Amoonguss|Wiki Berry|[eat]\n|-heal|p1a: Amoonguss|56\/100|[from] item: Wiki Berry\n|-damage|p2a: Glastrier|91\/100|[from] item: Life Orb\n|-curestatus|p2b: Ursaluna|slp|[msg]\n|move|p2b: Ursaluna|Earth Power|p1a: Amoonguss\n|-damage|p1a: Amoonguss|0 fnt\n|faint|p1a: Amoonguss\n|move|p1b: Goodra|Draco Meteor|p2a: Glastrier\n|-damage|p2a: Glastrier|43\/100\n|-unboost|p1b: Goodra|spa|2\n|\n|upkeep\n|\n|t:|1700083850\n|switch|p1a: Mamoswine|Mamoswine, L50, F|100\/100\n|turn|4\n|\n|t:|1700083878\n|move|p1a: Mamoswine|Protect|p1a: Mamoswine\n|-singleturn|p1a: Mamoswine|Protect\n|move|p2a: Glastrier|Close Combat|p1a: Mamoswine\n|-activate|p1a: Mamoswine|move: Protect\n|move|p2b: Ursaluna|Blood Moon|p1b: Goodra\n|-damage|p1b: Goodra|0 fnt\n|faint|p1b: Goodra\n|\n|upkeep\n|\n|t:|1700083889\n|switch|p1b: Pawmot|Pawmot, L50, M|100\/100\n|turn|5\n|\n|t:|1700083923\n|move|p1b: Pawmot|Fake Out|p2a: Glastrier\n|-damage|p2a: Glastrier|33\/100\n|cant|p2a: Glastrier|flinch\n|move|p2b: Ursaluna|Earth Power|p1b: Pawmot\n|-supereffective|p1b: Pawmot\n|-enditem|p1b: Pawmot|Focus Sash\n|-damage|p1b: Pawmot|1\/100\n|move|p1a: Mamoswine|Body Press|p2b: Ursaluna\n|-supereffective|p2b: Ursaluna\n|-damage|p2b: Ursaluna|5\/100\n|-damage|p1a: Mamoswine|91\/100|[from] item: Life Orb\n|\n|-fieldend|move: Trick Room\n|upkeep\n|turn|6\n|\n|t:|1700083975\n|-terastallize|p2a: Glastrier|Ghost\n|move|p1b: Pawmot|Revival Blessing|p1b: Pawmot\n|\n|t:|1700083979\n|-heal|p1: Goodra|50\/100|[from] move: Revival Blessing\n|move|p1a: Mamoswine|High Horsepower|p2b: Ursaluna\n|-damage|p2b: Ursaluna|0 fnt\n|faint|p2b: Ursaluna\n|-damage|p1a: Mamoswine|81\/100|[from] item: Life Orb\n|move|p2a: Glastrier|Close Combat|p1a: Mamoswine\n|-supereffective|p1a: Mamoswine\n|-damage|p1a: Mamoswine|0 fnt\n|-unboost|p2a: Glastrier|def|1\n|-unboost|p2a: Glastrier|spd|1\n|faint|p1a: Mamoswine\n|-ability|p2a: Glastrier|Chilling Neigh|boost\n|-boost|p2a: Glastrier|atk|1\n|-damage|p2a: Glastrier|24\/100|[from] item: Life Orb\n|\n|upkeep\n|\n|t:|1700083993\n|switch|p1a: Goodra|Goodra, L50, M|50\/100\n|switch|p2b: Lumineon|Lumineon, L50, M|100\/100\n|turn|7\n|\n|t:|1700084028\n|move|p1b: Pawmot|Double Shock|p2b: Lumineon\n|-supereffective|p2b: Lumineon\n|-damage|p2b: Lumineon|0 fnt\n|-start|p1b: Pawmot|typechange|???\/Fighting|[from] move: Double Shock\n|-damage|p1b: Pawmot|0 fnt|[from] item: Rocky Helmet|[of] p2b: Lumineon\n|faint|p2b: Lumineon\n|faint|p1b: Pawmot\n|move|p1a: Goodra|Sludge Bomb|p2a: Glastrier\n|-resisted|p2a: Glastrier\n|-damage|p2a: Glastrier|5\/100\n|move|p2a: Glastrier|Icicle Crash|p1a: Goodra\n|-supereffective|p1a: Goodra\n|-damage|p1a: Goodra|0 fnt\n|faint|p1a: Goodra\n|-damage|p2a: Glastrier|0 fnt|[from] item: Life Orb\n|faint|p2a: Glastrier\n|\n|win|Storm149\n|l| PorygonTheBot\n|l|\u2606Storm149\n|l|\u2606Astra15\n|j| PorygonTheBot\n|c| PorygonTheBot|I hope I win!\n","uploadtime":1700084029,"views":9,"p1id":"astra15","p2id":"storm149","formatid":"gen9vgc2023regulatione","rating":0,"private":0,"password":null}