{"id":"gen9vgc2023regulatione-1995543124","p1":"Almonds245","p2":"DaWoblefet","format":"[Gen 9] VGC 2023 Regulation E","log":"|j|\u2606Almonds245\n|j|\u2606DaWoblefet\n|n|\u2606Almonds245|almonds245\n|n|\u2606DaWoblefet|dawoblefet\n|html|View the match progress at <a href=\"\/game-bestof3-gen9vgc2023regulatione-1995543123\">game-bestof3-gen9vgc2023regulatione-1995543123<\/a>\n|t:|1700581414\n|gametype|doubles\n|player|p1|Almonds245|170|\n|player|p2|DaWoblefet|#dawoblefet|\n|teamsize|p1|6\n|teamsize|p2|6\n|gen|9\n|tier|[Gen 9] VGC 2023 Regulation E\n|rated|Tournament battle\n|rule|Species Clause: Limit one of each Pok\u00e9mon\n|rule|Item Clause: Limit one of each item\n|clearpoke\n|poke|p1|Iron Hands, L50|\n|poke|p1|Farigiraf, L50, M|\n|poke|p1|Landorus-Therian, L50, M|\n|poke|p1|Tornadus, L50, M|\n|poke|p1|Urshifu-*, L50, M|\n|poke|p1|Basculegion, L50, M|\n|poke|p2|Dusclops, L50, M|\n|poke|p2|Ursaluna-Bloodmoon, L50, M|\n|poke|p2|Iron Hands, L50|\n|poke|p2|Ogerpon-Wellspring, L50, F|\n|poke|p2|Landorus-Therian, L50, M|\n|poke|p2|Chi-Yu, L50|\n|teampreview|4\n|showteam|p1|Iron Hands||BoosterEnergy|QuarkDrive|CloseCombat,WildCharge,FakeOut,Detect||||||50|,,,,,Grass]Farigiraf||SafetyGoggles|ArmorTail|Psychic,DazzlingGleam,NastyPlot,TrickRoom|||M|||50|,,,,,Fairy]Landorus-Therian||ChoiceScarf|Intimidate|Earthquake,RockSlide,TeraBlast,Uturn|||M|||50|,,,,,Flying]Tornadus||SkyPlate|Prankster|BleakwindStorm,Tailwind,Taunt,Protect|||M|||50|,,,,,Flying]Urshifu||BlackGlasses|UnseenFist|WickedBlow,SuckerPunch,SwordsDance,Detect|||M|||50|,,,,,Poison]Basculegion||AssaultVest|Adaptability|WaveCrash,LastRespects,AquaJet,PhantomForce|||M|||50|,,,,,Grass\n|showteam|p2|Dusclops||Eviolite|Pressure|TrickRoom,WillOWisp,PainSplit,BrickBreak|||M|||50|,,,,,Dark]Ursaluna-Bloodmoon||WeaknessPolicy|MindsEye|HyperVoice,EarthPower,BloodMoon,Protect|||M|||50|,,,,,Normal]Iron Hands||AssaultVest|QuarkDrive|DrainPunch,HeavySlam,FakeOut,VoltSwitch||||||50|,,,,,Fire]Ogerpon-Wellspring||WellspringMask|WaterAbsorb|FollowMe,IvyCudgel,HornLeech,SpikyShield|||F|||50|,,,,,Water]Landorus-Therian||ChoiceScarf|Intimidate|RockSlide,Uturn,StompingTantrum,TeraBlast|||M|||50|,,,,,Flying]Chi-Yu||SitrusBerry|BeadsofRuin|HeatWave,DarkPulse,NastyPlot,Protect||||||50|,,,,,Ghost\n|c|\u2606DaWoblefet|gl hf\n|c|\u2606Almonds245|glhf\n|j| Neodith\n|\n|t:|1700581501\n|start\n|switch|p1a: Wicked Shades|Urshifu, L50, M|100\/100\n|switch|p1b: Incinerawr|Landorus-Therian, L50, M|100\/100\n|switch|p2a: Dusclops|Dusclops, L50, M|100\/100\n|switch|p2b: Ogerpon|Ogerpon-Wellspring, L50, F|100\/100\n|-ability|p1b: Incinerawr|Intimidate|boost\n|-unboost|p2a: Dusclops|atk|1\n|-unboost|p2b: Ogerpon|atk|1\n|-ability|p2a: Dusclops|Pressure\n|turn|1\n|l| Neodith\n|\n|t:|1700581551\n|move|p1b: Incinerawr|U-turn|p2a: Dusclops\n|-resisted|p2a: Dusclops\n|-damage|p2a: Dusclops|94\/100\n|\n|t:|1700581554\n|switch|p1b: Hand$|Iron Hands, L50, shiny|100\/100|[from] U-turn\n|-enditem|p1b: Hand$|Booster Energy\n|-activate|p1b: Hand$|ability: Quark Drive|[fromitem]\n|-start|p1b: Hand$|quarkdriveatk\n|move|p1a: Wicked Shades|Wicked Blow|p2a: Dusclops\n|-supereffective|p2a: Dusclops\n|-crit|p2a: Dusclops\n|-damage|p2a: Dusclops|28\/100\n|move|p2b: Ogerpon|Ivy Cudgel|p1b: Hand$|[anim] Ivy Cudgel Water\n|-damage|p1b: Hand$|70\/100\n|move|p2a: Dusclops|Will-O-Wisp|p1a: Wicked Shades\n|-status|p1a: Wicked Shades|brn\n|\n|-damage|p1a: Wicked Shades|95\/100 brn|[from] brn\n|upkeep\n|turn|2\n|\n|t:|1700581584\n|-terastallize|p2a: Dusclops|Dark\n|move|p1b: Hand$|Fake Out|p2b: Ogerpon\n|-damage|p2b: Ogerpon|78\/100\n|cant|p2b: Ogerpon|flinch\n|move|p1a: Wicked Shades|Wicked Blow|p2a: Dusclops\n|-resisted|p2a: Dusclops\n|-crit|p2a: Dusclops\n|-damage|p2a: Dusclops|19\/100\n|move|p2a: Dusclops|Trick Room|p2a: Dusclops\n|-fieldstart|move: Trick Room|[of] p2a: Dusclops\n|\n|-damage|p1a: Wicked Shades|89\/100 brn|[from] brn\n|upkeep\n|turn|3\n|\n|t:|1700581623\n|move|p1b: Hand$|Detect|p1b: Hand$\n|-singleturn|p1b: Hand$|Protect\n|move|p2b: Ogerpon|Follow Me|p2b: Ogerpon\n|-singleturn|p2b: Ogerpon|move: Follow Me\n|move|p2a: Dusclops|Pain Split|p1b: Hand$\n|-activate|p1b: Hand$|move: Protect\n|move|p1a: Wicked Shades|Wicked Blow|p2b: Ogerpon\n|-crit|p2b: Ogerpon\n|-damage|p2b: Ogerpon|40\/100\n|\n|-damage|p1a: Wicked Shades|83\/100 brn|[from] brn\n|upkeep\n|turn|4\n|\n|t:|1700581712\n|-end|p1b: Hand$|Quark Drive|[silent]\n|switch|p1b: Incinerawr|Landorus-Therian, L50, M|100\/100\n|-ability|p1b: Incinerawr|Intimidate|boost\n|-unboost|p2a: Dusclops|atk|1\n|-unboost|p2b: Ogerpon|atk|1\n|move|p2b: Ogerpon|Follow Me|p2b: Ogerpon\n|-singleturn|p2b: Ogerpon|move: Follow Me\n|move|p2a: Dusclops|Pain Split|p1b: Incinerawr\n|-sethp|p1b: Incinerawr|58\/100|[from] move: Pain Split|[silent]\n|-sethp|p2a: Dusclops|71\/100|[from] move: Pain Split\n|move|p1a: Wicked Shades|Swords Dance|p1a: Wicked Shades\n|-boost|p1a: Wicked Shades|atk|2\n|\n|-damage|p1a: Wicked Shades|77\/100 brn|[from] brn\n|upkeep\n|turn|5\n|inactive|Battle timer is ON: inactive players will automatically lose when time's up. (requested by DaWoblefet)\n|\n|t:|1700581749\n|move|p2a: Dusclops|Will-O-Wisp|p1b: Incinerawr\n|-status|p1b: Incinerawr|brn\n|move|p2b: Ogerpon|Ivy Cudgel|p1a: Wicked Shades|[anim] Ivy Cudgel Water\n|-damage|p1a: Wicked Shades|50\/100 brn\n|move|p1a: Wicked Shades|Swords Dance|p1a: Wicked Shades\n|-boost|p1a: Wicked Shades|atk|2\n|move|p1b: Incinerawr|U-turn|p2a: Dusclops\n|-supereffective|p2a: Dusclops\n|-damage|p2a: Dusclops|58\/100\n|\n|t:|1700581751\n|switch|p1b: Hand$|Iron Hands, L50, shiny|70\/100|[from] U-turn\n|\n|-damage|p1a: Wicked Shades|44\/100 brn|[from] brn\n|upkeep\n|turn|6\n|\n|t:|1700581775\n|switch|p2b: Landorus|Landorus-Therian, L50, M, shiny|100\/100\n|-ability|p2b: Landorus|Intimidate|boost\n|-unboost|p1a: Wicked Shades|atk|1\n|-unboost|p1b: Hand$|atk|1\n|move|p1b: Hand$|Fake Out|p2a: Dusclops\n|-damage|p2a: Dusclops|52\/100\n|cant|p2a: Dusclops|flinch\n|move|p1a: Wicked Shades|Wicked Blow|p2b: Landorus\n|-crit|p2b: Landorus\n|-damage|p2b: Landorus|10\/100\n|\n|-damage|p1a: Wicked Shades|38\/100 brn|[from] brn\n|-fieldend|move: Trick Room\n|upkeep\n|turn|7\n|\n|t:|1700581790\n|move|p1a: Wicked Shades|Sucker Punch|p2b: Landorus\n|-damage|p2b: Landorus|0 fnt\n|faint|p2b: Landorus\n|move|p1b: Hand$|Close Combat|p2a: Dusclops\n|-supereffective|p2a: Dusclops\n|-damage|p2a: Dusclops|0 fnt\n|-unboost|p1b: Hand$|def|1\n|-unboost|p1b: Hand$|spd|1\n|faint|p2a: Dusclops\n|\n|-damage|p1a: Wicked Shades|33\/100 brn|[from] brn\n|upkeep\n|\n|t:|1700581795\n|switch|p2b: Ogerpon|Ogerpon-Wellspring, L50, F|40\/100\n|switch|p2a: Ursaluna|Ursaluna-Bloodmoon, L50, M|100\/100\n|turn|8\n|inactive|Almonds245 has 30 seconds left.\n|\n|t:|1700581825\n|move|p2b: Ogerpon|Follow Me|p2b: Ogerpon\n|-singleturn|p2b: Ogerpon|move: Follow Me\n|move|p1a: Wicked Shades|Wicked Blow|p2b: Ogerpon\n|-crit|p2b: Ogerpon\n|-damage|p2b: Ogerpon|0 fnt\n|faint|p2b: Ogerpon\n|move|p1b: Hand$|Wild Charge|p2a: Ursaluna\n|-immune|p2a: Ursaluna\n|move|p2a: Ursaluna|Hyper Voice|p1a: Wicked Shades|[spread] p1a,p1b\n|-damage|p1a: Wicked Shades|0 fnt\n|-damage|p1b: Hand$|19\/100\n|faint|p1a: Wicked Shades\n|\n|upkeep\n|\n|t:|1700581833\n|switch|p1a: Incinerawr|Landorus-Therian, L50, M|58\/100 brn\n|-ability|p1a: Incinerawr|Intimidate|boost\n|-unboost|p2a: Ursaluna|atk|1\n|turn|9\n|\n|t:|1700581842\n|-terastallize|p1a: Incinerawr|Flying\n|move|p1a: Incinerawr|Tera Blast|p2a: Ursaluna|[anim] Tera Blast Flying\n|-damage|p2a: Ursaluna|81\/100\n|move|p1b: Hand$|Close Combat|p2a: Ursaluna\n|-supereffective|p2a: Ursaluna\n|-damage|p2a: Ursaluna|17\/100\n|-unboost|p1b: Hand$|def|1\n|-unboost|p1b: Hand$|spd|1\n|-enditem|p2a: Ursaluna|Weakness Policy\n|-boost|p2a: Ursaluna|atk|2|[from] item: Weakness Policy\n|-boost|p2a: Ursaluna|spa|2|[from] item: Weakness Policy\n|move|p2a: Ursaluna|Hyper Voice|p1b: Hand$|[spread] p1a,p1b\n|-damage|p1a: Incinerawr|0 fnt\n|-damage|p1b: Hand$|0 fnt\n|faint|p1a: Incinerawr\n|faint|p1b: Hand$\n|-end|p1b: Hand$|Quark Drive|[silent]\n|\n|upkeep\n|\n|t:|1700581847\n|switch|p1b: Houndfish|Basculegion, L50, M|100\/100\n|turn|10\n|\n|t:|1700581851\n|move|p1b: Houndfish|Wave Crash|p2a: Ursaluna\n|-supereffective|p2a: Ursaluna\n|-damage|p2a: Ursaluna|0 fnt\n|faint|p2a: Ursaluna\n|-damage|p1b: Houndfish|94\/100|[from] Recoil\n|\n|win|Almonds245\n|c|&|\/uhtml prompt-dawoblefet,DaWoblefet is ready for game 2!\n|c|\u2606DaWoblefet|gg\n|c|\u2606Almonds245|gg\n|c|&|\/uhtml prompt-almonds245,Almonds245 is ready for game 2!\nBoth players are ready! Starting next match!\n|j| Loudwinner\n|l|\u2606DaWoblefet\n","uploadtime":1700582618,"views":0,"p1id":"almonds245","p2id":"dawoblefet","formatid":"gen9vgc2023regulatione","rating":0,"private":0,"password":""}