{"id":"gen9vgc2023regulatione-1991274599","p1":"JabsGR","p2":"Abused24","format":"[Gen 9] VGC 2023 Regulation E","log":"|j|\u2606JabsGR\n|j|\u2606Abused24\n|n|\u2606JabsGR|jabsgr\n|n|\u2606Abused24|abused24\n|html|View the match progress at <a href=\"\/game-bestof3-gen9vgc2023regulatione-1991270756\">game-bestof3-gen9vgc2023regulatione-1991270756<\/a>\n|t:|1700063380\n|gametype|doubles\n|player|p1|JabsGR|170|\n|player|p2|Abused24|dawn|\n|teamsize|p1|6\n|teamsize|p2|6\n|gen|9\n|tier|[Gen 9] VGC 2023 Regulation E\n|rule|Species Clause: Limit one of each Pok\u00e9mon\n|rule|Item Clause: Limit one of each item\n|clearpoke\n|poke|p1|Bisharp, L50, F|\n|poke|p1|Rillaboom, L50, M|\n|poke|p1|Landorus-Therian, L50, M|\n|poke|p1|Illumise, L50, F|\n|poke|p1|Thundurus-Therian, L50, M|\n|poke|p1|Baxcalibur, L50, M|\n|poke|p2|Kingambit, L50, F|\n|poke|p2|Ogerpon-Wellspring, L50, F|\n|poke|p2|Murkrow, L50, F|\n|poke|p2|Fezandipiti, L50, M|\n|poke|p2|Tauros-Paldea-Blaze, L50, M|\n|poke|p2|Thwackey, L50, M|\n|teampreview|4\n|inactive|Battle timer is ON: inactive players will automatically lose when time's up. (requested by JabsGR)\n|inactive|JabsGR has 60 seconds left.\n|inactive|Abused24 has 60 seconds left.\n|inactive|Abused24 has 30 seconds left.\n|inactive|Abused24 has 20 seconds left.\n|inactive|Abused24 has 15 seconds left.\n|inactive|Abused24 has 10 seconds left.\n|inactive|Abused24 has 5 seconds left.\n|\n|t:|1700063470\n|start\n|switch|p1a: Illumise|Illumise, L50, F|100\/100\n|switch|p1b: Rillaboom|Rillaboom, L50, M|100\/100\n|switch|p2a: Tauros|Tauros-Paldea-Blaze, L50, M|100\/100\n|switch|p2b: Thwackey|Thwackey, L50, M|100\/100\n|-ability|p2a: Tauros|Intimidate|boost\n|-unboost|p1a: Illumise|atk|1\n|-fail|p1b: Rillaboom|unboost|[from] item: Clear Amulet|[of] p1b: Rillaboom\n|-fieldstart|move: Grassy Terrain|[from] ability: Grassy Surge|[of] p1b: Rillaboom\n|turn|1\n|inactive|JabsGR has 30 seconds left.\n|inactive|Abused24 has 30 seconds left.\n|inactive|Abused24 has 20 seconds left.\n|inactive|Abused24 has 15 seconds left.\n|\n|t:|1700063514\n|switch|p2b: Ogerpon|Ogerpon-Wellspring, L50, F|100\/100\n|move|p1b: Rillaboom|Fake Out|p2a: Tauros\n|-damage|p2a: Tauros|85\/100\n|move|p1a: Illumise|Tailwind|p1a: Illumise\n|-sidestart|p1: JabsGR|move: Tailwind\n|cant|p2a: Tauros|flinch\n|\n|-heal|p2a: Tauros|91\/100|[from] Grassy Terrain\n|upkeep\n|turn|2\n|\n|t:|1700063539\n|move|p2b: Ogerpon|Follow Me|p2b: Ogerpon\n|-singleturn|p2b: Ogerpon|move: Follow Me\n|move|p1a: Illumise|Thunder Wave|p2b: Ogerpon\n|-status|p2b: Ogerpon|par\n|move|p1b: Rillaboom|U-turn|p2b: Ogerpon\n|-supereffective|p2b: Ogerpon\n|-damage|p2b: Ogerpon|51\/100 par\n|\n|t:|1700063549\n|switch|p1b: Baxcalibur|Baxcalibur, L50, M|100\/100|[from] U-turn\n|move|p2a: Tauros|Rock Slide|p1b: Baxcalibur|[spread] p1a,p1b\n|-supereffective|p1a: Illumise\n|-supereffective|p1b: Baxcalibur\n|-damage|p1a: Illumise|24\/100\n|-damage|p1b: Baxcalibur|44\/100\n|\n|-heal|p1a: Illumise|30\/100|[from] Grassy Terrain\n|-heal|p1b: Baxcalibur|50\/100|[from] Grassy Terrain\n|-heal|p2a: Tauros|97\/100|[from] Grassy Terrain\n|-heal|p2b: Ogerpon|57\/100 par|[from] Grassy Terrain\n|upkeep\n|turn|3\n|\n|t:|1700063573\n|move|p2b: Ogerpon|Follow Me|p2b: Ogerpon\n|-singleturn|p2b: Ogerpon|move: Follow Me\n|move|p1a: Illumise|Infestation|p2b: Ogerpon\n|-supereffective|p2b: Ogerpon\n|-damage|p2b: Ogerpon|46\/100 par\n|-activate|p2b: Ogerpon|move: Infestation|[of] p1a: Illumise\n|move|p1b: Baxcalibur|High Horsepower|p2b: Ogerpon\n|-resisted|p2b: Ogerpon\n|-damage|p2b: Ogerpon|29\/100 par\n|move|p2a: Tauros|Rock Slide|p1b: Baxcalibur|[spread] p1a,p1b\n|-supereffective|p1a: Illumise\n|-crit|p1a: Illumise\n|-supereffective|p1b: Baxcalibur\n|-damage|p1a: Illumise|0 fnt\n|-damage|p1b: Baxcalibur|0 fnt\n|faint|p1a: Illumise\n|faint|p1b: Baxcalibur\n|\n|-heal|p2a: Tauros|100\/100|[from] Grassy Terrain\n|-heal|p2b: Ogerpon|35\/100 par|[from] Grassy Terrain\n|-end|p2b: Ogerpon|Infestation|[partiallytrapped]|[silent]\n|upkeep\n|\n|t:|1700063588\n|switch|p1a: Thundurus|Thundurus-Therian, L50, M|100\/100\n|switch|p1b: Rillaboom|Rillaboom, L50, M|100\/100\n|turn|4\n|inactive|Abused24 has 30 seconds left.\n|\n|t:|1700063615\n|switch|p2a: Fezandipiti|Fezandipiti, L50, M|100\/100\n|move|p2b: Ogerpon|Spiky Shield|p2b: Ogerpon\n|-singleturn|p2b: Ogerpon|move: Protect\n|move|p1b: Rillaboom|Fake Out|p2a: Fezandipiti\n|-damage|p2a: Fezandipiti|83\/100\n|move|p1a: Thundurus|Wildbolt Storm|p2a: Fezandipiti|[spread] p2a\n|-activate|p2b: Ogerpon|move: Protect\n|-damage|p2a: Fezandipiti|44\/100\n|-status|p2a: Fezandipiti|par\n|-enditem|p2a: Fezandipiti|Sitrus Berry|[eat]\n|-heal|p2a: Fezandipiti|68\/100 par|[from] item: Sitrus Berry\n|\n|-heal|p2a: Fezandipiti|75\/100 par|[from] Grassy Terrain\n|-heal|p2b: Ogerpon|41\/100 par|[from] Grassy Terrain\n|-sideend|p1: JabsGR|move: Tailwind\n|upkeep\n|turn|5\n|inactive|Abused24 has 30 seconds left.\n|inactive|Abused24 has 20 seconds left.\n|inactive|Abused24 has 15 seconds left.\n|inactive|Abused24 has 10 seconds left.\n|inactive|Abused24 has 5 seconds left.\n|\n|t:|1700063669\n|move|p2b: Ogerpon|Follow Me|p2b: Ogerpon\n|-singleturn|p2b: Ogerpon|move: Follow Me\n|move|p1b: Rillaboom|Grassy Glide|p2b: Ogerpon\n|-damage|p2b: Ogerpon|2\/100 par\n|move|p1a: Thundurus|Wildbolt Storm|p2b: Ogerpon|[spread] p2a,p2b\n|-damage|p2a: Fezandipiti|36\/100 par\n|-damage|p2b: Ogerpon|0 fnt\n|faint|p2b: Ogerpon\n|move|p2a: Fezandipiti|Dazzling Gleam|p1b: Rillaboom|[spread] p1a,p1b\n|-damage|p1a: Thundurus|71\/100\n|-damage|p1b: Rillaboom|71\/100\n|\n|-heal|p1b: Rillaboom|77\/100|[from] Grassy Terrain\n|-heal|p2a: Fezandipiti|42\/100 par|[from] Grassy Terrain\n|-fieldend|move: Grassy Terrain\n|upkeep\n|inactive|Abused24 has 30 seconds left.\n|inactive|Abused24 has 20 seconds left.\n|inactive|Abused24 has 15 seconds left.\n|inactive|Abused24 has 10 seconds left.\n|\n|t:|1700063716\n|switch|p2b: Tauros|Tauros-Paldea-Blaze, L50, M|100\/100\n|-ability|p2b: Tauros|Intimidate|boost\n|-unboost|p1a: Thundurus|atk|1\n|-enditem|p1a: Thundurus|Adrenaline Orb\n|-boost|p1a: Thundurus|spe|1|[from] item: Adrenaline Orb\n|-fail|p1b: Rillaboom|unboost|[from] item: Clear Amulet|[of] p1b: Rillaboom\n|turn|6\n|inactive|Abused24 has 30 seconds left.\n|\n|t:|1700063750\n|switch|p2a: Thwackey|Thwackey, L50, M|100\/100\n|-fieldstart|move: Grassy Terrain|[from] ability: Grassy Surge|[of] p2a: Thwackey\n|-terastallize|p2b: Tauros|Fairy\n|-terastallize|p1b: Rillaboom|Dragon\n|move|p1b: Rillaboom|Grassy Glide|p2a: Thwackey\n|-resisted|p2a: Thwackey\n|-damage|p2a: Thwackey|70\/100\n|move|p1a: Thundurus|Wildbolt Storm|p2a: Thwackey|[spread] p2a,p2b\n|-resisted|p2a: Thwackey\n|-damage|p2a: Thwackey|39\/100\n|-damage|p2b: Tauros|35\/100\n|move|p2b: Tauros|Flare Blitz|p1b: Rillaboom\n|-resisted|p1b: Rillaboom\n|-damage|p1b: Rillaboom|24\/100\n|-damage|p2b: Tauros|15\/100|[from] Recoil\n|\n|-heal|p2b: Tauros|22\/100|[from] Grassy Terrain\n|-heal|p1b: Rillaboom|30\/100|[from] Grassy Terrain\n|-heal|p2a: Thwackey|45\/100|[from] Grassy Terrain\n|upkeep\n|turn|7\n|inactive|JabsGR has 30 seconds left.\n|inactive|Abused24 has 30 seconds left.\n|inactive|Abused24 has 20 seconds left.\n|inactive|Abused24 has 15 seconds left.\n|\n|t:|1700063791\n|move|p2a: Thwackey|Fake Out|p1b: Rillaboom\n|-damage|p1b: Rillaboom|16\/100\n|cant|p1b: Rillaboom|flinch\n|move|p1a: Thundurus|Volt Switch|p2b: Tauros\n|-damage|p2b: Tauros|0 fnt\n|faint|p2b: Tauros\n|\n|-heal|p1b: Rillaboom|22\/100|[from] Grassy Terrain\n|-heal|p2a: Thwackey|51\/100|[from] Grassy Terrain\n|upkeep\n|\n|t:|1700063800\n|switch|p2b: Fezandipiti|Fezandipiti, L50, M|42\/100 par\n|turn|8\n|\n|t:|1700063814\n|move|p2b: Fezandipiti|Protect|p2b: Fezandipiti\n|-singleturn|p2b: Fezandipiti|Protect\n|move|p1b: Rillaboom|Grassy Glide|p2b: Fezandipiti\n|-activate|p2b: Fezandipiti|move: Protect\n|move|p2a: Thwackey|Grassy Glide|p1b: Rillaboom\n|-resisted|p1b: Rillaboom\n|-damage|p1b: Rillaboom|0 fnt\n|faint|p1b: Rillaboom\n|move|p1a: Thundurus|Wildbolt Storm|p2b: Fezandipiti|[spread] p2a\n|-activate|p2b: Fezandipiti|move: Protect\n|-resisted|p2a: Thwackey\n|-damage|p2a: Thwackey|17\/100\n|-status|p2a: Thwackey|par\n|\n|-heal|p2b: Fezandipiti|48\/100 par|[from] Grassy Terrain\n|-heal|p2a: Thwackey|22\/100 par|[from] Grassy Terrain\n|upkeep\n|turn|9\n|inactive|Abused24 has 30 seconds left.\n|\n|t:|1700063841\n|move|p2a: Thwackey|Grassy Glide|p1a: Thundurus\n|-resisted|p1a: Thundurus\n|-damage|p1a: Thundurus|43\/100\n|move|p1a: Thundurus|Wildbolt Storm|p2a: Thwackey|[spread] p2a,p2b\n|-resisted|p2a: Thwackey\n|-damage|p2a: Thwackey|0 fnt\n|-damage|p2b: Fezandipiti|9\/100 par\n|faint|p2a: Thwackey\n|cant|p2b: Fezandipiti|par\n|\n|-heal|p2b: Fezandipiti|16\/100 par|[from] Grassy Terrain\n|upkeep\n|turn|10\n|\n|t:|1700063861\n|cant|p2b: Fezandipiti|par\n|move|p1a: Thundurus|Volt Switch|p2b: Fezandipiti\n|-damage|p2b: Fezandipiti|0 fnt\n|faint|p2b: Fezandipiti\n|\n|win|JabsGR\n|c|\u2606Abused24|gg\n","uploadtime":1700063868,"views":31,"p1id":"jabsgr","p2id":"abused24","formatid":"gen9vgc2023regulatione","rating":0,"private":0,"password":""}