{"id":"gen9vgc2023regulatione-1996021977","p1":"phinnjs","p2":"Desiree Selch","format":"[Gen 9] VGC 2023 Regulation E","log":"|j|\u2606phinnjs\n|j|\u2606Desiree Selch\n|t:|1700630698\n|gametype|doubles\n|player|p1|phinnjs|elesa|1371\n|player|p2|Desiree Selch|mom-alola|1405\n|teamsize|p1|6\n|teamsize|p2|6\n|gen|9\n|tier|[Gen 9] VGC 2023 Regulation E\n|rated|\n|rule|Species Clause: Limit one of each Pok\u00e9mon\n|rule|Item Clause: Limit one of each item\n|clearpoke\n|poke|p1|Heatran, L50, M|\n|poke|p1|Moltres-Galar, L50|\n|poke|p1|Thundurus, L50, M|\n|poke|p1|Wo-Chien, L50|\n|poke|p1|Landorus-Therian, L50, M|\n|poke|p1|Urshifu-*, L50, F|\n|poke|p2|Tinkaton, L50, F|\n|poke|p2|Pelipper, L50, F|\n|poke|p2|Overqwil, L50, M|\n|poke|p2|Ogerpon-Wellspring, L50, F|\n|poke|p2|Chien-Pao, L50|\n|poke|p2|Sandy Shocks, L50|\n|teampreview|4\n|\n|t:|1700630737\n|start\n|switch|p1a: Thundurus|Thundurus, L50, M|100\/100\n|switch|p1b: Landorus|Landorus-Therian, L50, M|100\/100\n|switch|p2a: Nutcracker|Tinkaton, L50, F|100\/100\n|switch|p2b: Angy Bird|Pelipper, L50, F|100\/100\n|-ability|p1b: Landorus|Intimidate|boost\n|-fail|p2a: Nutcracker|unboost|Attack|[from] ability: Own Tempo|[of] p2a: Nutcracker\n|-unboost|p2b: Angy Bird|atk|1\n|-weather|RainDance|[from] ability: Drizzle|[of] p2b: Angy Bird\n|turn|1\n|\n|t:|1700630756\n|move|p2a: Nutcracker|Fake Out|p1a: Thundurus\n|-damage|p1a: Thundurus|88\/100\n|cant|p1a: Thundurus|flinch\n|move|p1b: Landorus|U-turn|p2b: Angy Bird\n|-resisted|p2b: Angy Bird\n|-damage|p2b: Angy Bird|80\/100\n|\n|t:|1700630762\n|switch|p1b: Heatran|Heatran, L50, M|100\/100|[from] U-turn\n|move|p2b: Angy Bird|Hydro Pump|p1b: Heatran\n|-supereffective|p1b: Heatran\n|-damage|p1b: Heatran|0 fnt\n|faint|p1b: Heatran\n|\n|-weather|RainDance|[upkeep]\n|upkeep\n|\n|t:|1700630770\n|switch|p1b: Landorus|Landorus-Therian, L50, M|100\/100\n|-ability|p1b: Landorus|Intimidate|boost\n|-fail|p2a: Nutcracker|unboost|Attack|[from] ability: Own Tempo|[of] p2a: Nutcracker\n|-unboost|p2b: Angy Bird|atk|1\n|turn|2\n|\n|t:|1700630796\n|move|p2b: Angy Bird|Wide Guard|p2b: Angy Bird\n|-singleturn|p2b: Angy Bird|Wide Guard\n|move|p1a: Thundurus|Thunderbolt|p2b: Angy Bird\n|-supereffective|p2b: Angy Bird\n|-damage|p2b: Angy Bird|0 fnt\n|faint|p2b: Angy Bird\n|move|p2a: Nutcracker|Play Rough|p1a: Thundurus\n|-damage|p1a: Thundurus|47\/100\n|move|p1b: Landorus|Stomping Tantrum|p2a: Nutcracker\n|-supereffective|p2a: Nutcracker\n|-damage|p2a: Nutcracker|0 fnt\n|faint|p2a: Nutcracker\n|\n|-weather|RainDance|[upkeep]\n|upkeep\n|\n|t:|1700630809\n|switch|p2a: My Wrist|Chien-Pao, L50|100\/100\n|switch|p2b: Sandy Shocks|Sandy Shocks, L50|100\/100\n|-ability|p2a: My Wrist|Sword of Ruin\n|-enditem|p2b: Sandy Shocks|Booster Energy\n|-activate|p2b: Sandy Shocks|ability: Protosynthesis|[fromitem]\n|-start|p2b: Sandy Shocks|protosynthesisspa\n|turn|3\n|\n|t:|1700630826\n|-terastallize|p2b: Sandy Shocks|Ice\n|-terastallize|p1b: Landorus|Water\n|move|p2a: My Wrist|Protect|p2a: My Wrist\n|-singleturn|p2a: My Wrist|Protect\n|move|p2b: Sandy Shocks|Tera Blast|p1b: Landorus|[anim] Tera Blast Ice\n|-resisted|p1b: Landorus\n|-damage|p1b: Landorus|69\/100\n|move|p1a: Thundurus|Thunderbolt|p2a: My Wrist\n|-activate|p2a: My Wrist|move: Protect\n|move|p1b: Landorus|Stomping Tantrum|p2b: Sandy Shocks\n|-damage|p2b: Sandy Shocks|0 fnt\n|faint|p2b: Sandy Shocks\n|-end|p2b: Sandy Shocks|Protosynthesis|[silent]\n|\n|-weather|RainDance|[upkeep]\n|upkeep\n|turn|4\n|\n|t:|1700630847\n|move|p2a: My Wrist|Ice Spinner|p1a: Thundurus\n|-supereffective|p1a: Thundurus\n|-damage|p1a: Thundurus|0 fnt\n|faint|p1a: Thundurus\n|move|p1b: Landorus|Stomping Tantrum|p2a: My Wrist\n|-damage|p2a: My Wrist|11\/100\n|\n|-weather|RainDance|[upkeep]\n|upkeep\n|\n|t:|1700630853\n|switch|p1a: Moltres|Moltres-Galar, L50|100\/100\n|turn|5\n|\n|t:|1700630860\n|move|p2a: My Wrist|Crunch|p1b: Landorus\n|-damage|p1b: Landorus|7\/100\n|move|p1b: Landorus|Stomping Tantrum|p2a: My Wrist\n|-damage|p2a: My Wrist|0 fnt\n|faint|p2a: My Wrist\n|\n|win|phinnjs\n|raw|phinnjs's rating: 1371 &rarr; <strong>1393<\/strong><br \/>(+22 for winning)\n|raw|Desiree Selch's rating: 1405 &rarr; <strong>1383<\/strong><br \/>(-22 for losing)\n","uploadtime":1700630864,"views":0,"p1id":"phinnjs","p2id":"desireeselch","formatid":"gen9vgc2023regulatione","rating":1383,"private":0,"password":""}