{"id":"gen9vgc2023regulatione-1990319187","p1":"eru_kh","p2":"foxjump","format":"[Gen 9] VGC 2023 Regulation E","log":"|j|\u2606eru_kh\n|j|\u2606foxjump\n|t:|1699956088\n|gametype|doubles\n|player|p1|eru_kh|102|1589\n|player|p2|foxjump|2|1568\n|teamsize|p1|6\n|teamsize|p2|6\n|gen|9\n|tier|[Gen 9] VGC 2023 Regulation E\n|rated|\n|rule|Species Clause: Limit one of each Pok\u00e9mon\n|rule|Item Clause: Limit one of each item\n|clearpoke\n|poke|p1|Fezandipiti, L50, M|\n|poke|p1|Dondozo, L50, M|\n|poke|p1|Ogerpon-Wellspring, L50, F|\n|poke|p1|Heatran, L50, M|\n|poke|p1|Tatsugiri, L50, F|\n|poke|p1|Iron Hands, L50|\n|poke|p2|Wo-Chien, L50|\n|poke|p2|Glimmora, L50, M|\n|poke|p2|Flutter Mane, L50|\n|poke|p2|Landorus-Therian, L50, M|\n|poke|p2|Iron Hands, L50|\n|poke|p2|Garganacl, L50, F|\n|teampreview|4\n|\n|t:|1699956164\n|start\n|switch|p1a: Fezandipiti|Fezandipiti, L50, M|100\/100\n|switch|p1b: Dondozo|Dondozo, L50, M|100\/100\n|switch|p2a: Garganacl|Garganacl, L50, F|100\/100\n|switch|p2b: Iron Hands|Iron Hands, L50|100\/100\n|turn|1\n|j| hdwyzdmszrj\n|\n|t:|1699956204\n|move|p2b: Iron Hands|Fake Out|p1b: Dondozo\n|-damage|p1b: Dondozo|90\/100\n|move|p1a: Fezandipiti|Dazzling Gleam|p2b: Iron Hands|[spread] p2a,p2b\n|-supereffective|p2b: Iron Hands\n|-damage|p2a: Garganacl|86\/100\n|-damage|p2b: Iron Hands|80\/100\n|-status|p2b: Iron Hands|tox|[from] ability: Toxic Chain|[of] p1a: Fezandipiti\n|cant|p1b: Dondozo|flinch\n|move|p2a: Garganacl|Salt Cure|p1b: Dondozo\n|-damage|p1b: Dondozo|82\/100\n|-start|p1b: Dondozo|Salt Cure\n|\n|-heal|p1b: Dondozo|88\/100|[from] item: Leftovers\n|-damage|p2b: Iron Hands|73\/100 tox|[from] psn\n|-damage|p1b: Dondozo|63\/100|[from] Salt Cure\n|upkeep\n|turn|2\n|\n|t:|1699956220\n|switch|p1b: Heatran|Heatran, L50, M|100\/100\n|move|p1a: Fezandipiti|Protect|p1a: Fezandipiti\n|-singleturn|p1a: Fezandipiti|Protect\n|move|p2b: Iron Hands|Heavy Slam|p1a: Fezandipiti\n|-activate|p1a: Fezandipiti|move: Protect\n|move|p2a: Garganacl|Block|p1b: Heatran\n|-activate|p1b: Heatran|trapped\n|\n|-damage|p2b: Iron Hands|61\/100 tox|[from] psn\n|upkeep\n|turn|3\n|\n|t:|1699956247\n|move|p2a: Garganacl|Protect|p2a: Garganacl\n|-singleturn|p2a: Garganacl|Protect\n|move|p1a: Fezandipiti|Dazzling Gleam|p2a: Garganacl|[spread] p2b\n|-activate|p2a: Garganacl|move: Protect\n|-supereffective|p2b: Iron Hands\n|-damage|p2b: Iron Hands|38\/100 tox\n|move|p1b: Heatran|Flash Cannon|p2a: Garganacl\n|-activate|p2a: Garganacl|move: Protect\n|move|p2b: Iron Hands|Drain Punch|p1b: Heatran\n|-supereffective|p1b: Heatran\n|-damage|p1b: Heatran|33\/100\n|-heal|p2b: Iron Hands|65\/100 tox|[from] drain|[of] p1b: Heatran\n|\n|-damage|p2b: Iron Hands|47\/100 tox|[from] psn\n|upkeep\n|turn|4\n|j| 5Sscreen\n|\n|t:|1699956274\n|move|p1b: Heatran|Protect|p1b: Heatran\n|-singleturn|p1b: Heatran|Protect\n|move|p1a: Fezandipiti|Dazzling Gleam|p2a: Garganacl|[spread] p2a,p2b\n|-supereffective|p2b: Iron Hands\n|-damage|p2a: Garganacl|71\/100\n|-damage|p2b: Iron Hands|22\/100 tox\n|move|p2b: Iron Hands|Heavy Slam|p1a: Fezandipiti\n|-supereffective|p1a: Fezandipiti\n|-damage|p1a: Fezandipiti|14\/100\n|-enditem|p1a: Fezandipiti|Sitrus Berry|[eat]\n|-heal|p1a: Fezandipiti|39\/100|[from] item: Sitrus Berry\n|move|p2a: Garganacl|Salt Cure|p1b: Heatran\n|-activate|p1b: Heatran|move: Protect\n|\n|-damage|p2b: Iron Hands|0 fnt|[from] psn\n|faint|p2b: Iron Hands\n|-end|p2b: Iron Hands|Quark Drive|[silent]\n|upkeep\n|\n|t:|1699956282\n|switch|p2b: Flutter Mane|Flutter Mane, L50|100\/100\n|-enditem|p2b: Flutter Mane|Booster Energy\n|-activate|p2b: Flutter Mane|ability: Protosynthesis|[fromitem]\n|-start|p2b: Flutter Mane|protosynthesisspe\n|turn|5\n|\n|t:|1699956302\n|move|p2b: Flutter Mane|Protect|p2b: Flutter Mane\n|-singleturn|p2b: Flutter Mane|Protect\n|move|p1a: Fezandipiti|Icy Wind|p2a: Garganacl|[spread] p2a\n|-activate|p2b: Flutter Mane|move: Protect\n|-damage|p2a: Garganacl|64\/100\n|-unboost|p2a: Garganacl|spe|1\n|move|p1b: Heatran|Flash Cannon|p2b: Flutter Mane\n|-activate|p2b: Flutter Mane|move: Protect\n|move|p2a: Garganacl|Salt Cure|p1b: Heatran\n|-damage|p1b: Heatran|20\/100\n|-start|p1b: Heatran|Salt Cure\n|\n|-damage|p1b: Heatran|0 fnt|[from] Salt Cure\n|faint|p1b: Heatran\n|upkeep\n|\n|t:|1699956313\n|switch|p1b: Dondozo|Dondozo, L50, M|63\/100\n|turn|6\n|\n|t:|1699956326\n|-end|p2b: Flutter Mane|Protosynthesis|[silent]\n|switch|p2b: Wo-Chien|Wo-Chien, L50|100\/100\n|-ability|p2b: Wo-Chien|Tablets of Ruin\n|-terastallize|p2a: Garganacl|Fairy\n|move|p1b: Dondozo|Protect|p1b: Dondozo\n|-singleturn|p1b: Dondozo|Protect\n|move|p1a: Fezandipiti|Dazzling Gleam|p2b: Wo-Chien|[spread] p2a,p2b\n|-supereffective|p2b: Wo-Chien\n|-damage|p2a: Garganacl|48\/100\n|-damage|p2b: Wo-Chien|72\/100\n|-enditem|p2a: Garganacl|Sitrus Berry|[eat]\n|-heal|p2a: Garganacl|72\/100|[from] item: Sitrus Berry\n|move|p2a: Garganacl|Salt Cure|p1b: Dondozo\n|-activate|p1b: Dondozo|move: Protect\n|\n|-heal|p2b: Wo-Chien|79\/100|[from] item: Leftovers\n|-heal|p1b: Dondozo|70\/100|[from] item: Leftovers\n|upkeep\n|turn|7\n|\n|t:|1699956352\n|switch|p1b: Tatsugiri|Tatsugiri, L50, F|100\/100\n|move|p1a: Fezandipiti|Dazzling Gleam|p2a: Garganacl|[spread] p2a,p2b\n|-supereffective|p2b: Wo-Chien\n|-damage|p2a: Garganacl|56\/100\n|-damage|p2b: Wo-Chien|50\/100\n|move|p2b: Wo-Chien|Leech Seed|p1b: Tatsugiri\n|-start|p1b: Tatsugiri|move: Leech Seed\n|move|p2a: Garganacl|Salt Cure|p1a: Fezandipiti\n|-damage|p1a: Fezandipiti|27\/100\n|-start|p1a: Fezandipiti|Salt Cure\n|\n|-heal|p2b: Wo-Chien|57\/100|[from] item: Leftovers\n|-damage|p1b: Tatsugiri|89\/100|[from] Leech Seed|[of] p2b: Wo-Chien\n|-heal|p2b: Wo-Chien|66\/100|[silent]\n|-damage|p1a: Fezandipiti|15\/100|[from] Salt Cure\n|upkeep\n|turn|8\n|\n|t:|1699956377\n|switch|p1a: Dondozo|Dondozo, L50, M|70\/100\n|-activate|p1b: Tatsugiri|ability: Commander|[of] p1a: Dondozo\n|-boost|p1a: Dondozo|atk|2\n|-boost|p1a: Dondozo|spa|2\n|-boost|p1a: Dondozo|spe|2\n|-boost|p1a: Dondozo|def|2\n|-boost|p1a: Dondozo|spd|2\n|move|p2b: Wo-Chien|Protect|p2b: Wo-Chien\n|-singleturn|p2b: Wo-Chien|Protect\n|move|p2a: Garganacl|Protect||[still]\n|-fail|p2a: Garganacl\n|\n|-heal|p1a: Dondozo|76\/100|[from] item: Leftovers\n|-heal|p2b: Wo-Chien|72\/100|[from] item: Leftovers\n|-damage|p1b: Tatsugiri|77\/100|[from] Leech Seed|[of] p2b: Wo-Chien\n|-heal|p2b: Wo-Chien|82\/100|[silent]\n|upkeep\n|turn|9\n|\n|t:|1699956394\n|move|p1a: Dondozo|Wave Crash|p2a: Garganacl\n|-damage|p2a: Garganacl|14\/100\n|-damage|p1a: Dondozo|65\/100|[from] Recoil\n|move|p2b: Wo-Chien|Pollen Puff|p2a: Garganacl\n|-heal|p2a: Garganacl|63\/100\n|move|p2a: Garganacl|Salt Cure|p1a: Dondozo\n|-damage|p1a: Dondozo|61\/100\n|-start|p1a: Dondozo|Salt Cure\n|\n|-heal|p1a: Dondozo|67\/100|[from] item: Leftovers\n|-heal|p2b: Wo-Chien|88\/100|[from] item: Leftovers\n|-damage|p1b: Tatsugiri|65\/100|[from] Leech Seed|[of] p2b: Wo-Chien\n|-heal|p2b: Wo-Chien|97\/100|[silent]\n|-damage|p1a: Dondozo|42\/100|[from] Salt Cure\n|upkeep\n|turn|10\n|-message|eru_kh forfeited.\n|\n|win|foxjump\n|raw|eru_kh's rating: 1589 &rarr; <strong>1568<\/strong><br \/>(-21 for losing)\n|raw|foxjump's rating: 1568 &rarr; <strong>1589<\/strong><br \/>(+21 for winning)\n|l|\u2606eru_kh\n|l|\u2606foxjump\n","uploadtime":1699956488,"views":14,"p1id":"erukh","p2id":"foxjump","formatid":"gen9vgc2023regulatione","rating":1568,"private":0,"password":""}