{"id":"gen9vgc2023regulatione-1990259179","p1":"gobrokeforpokes","p2":"Kentakio","format":"[Gen 9] VGC 2023 Regulation E","log":"|j|\u2606gobrokeforpokes\n|j|\u2606Kentakio\n|t:|1699946225\n|gametype|doubles\n|player|p1|gobrokeforpokes|170|1443\n|player|p2|Kentakio|guitarist|1457\n|teamsize|p1|6\n|teamsize|p2|6\n|gen|9\n|tier|[Gen 9] VGC 2023 Regulation E\n|rated|\n|rule|Species Clause: Limit one of each Pok\u00e9mon\n|rule|Item Clause: Limit one of each item\n|clearpoke\n|poke|p1|Kommo-o, L50, F|\n|poke|p1|Sinistcha-Masterpiece, L50|\n|poke|p1|Perrserker, L50, M|\n|poke|p1|Tornadus, L50, M|\n|poke|p1|Empoleon, L50, M|\n|poke|p1|Ceruledge, L50, M|\n|poke|p2|Baxcalibur, L50, F|\n|poke|p2|Ninetales-Alola, L50, F|\n|poke|p2|Ogerpon-Wellspring, L50, F|\n|poke|p2|Zapdos, L50|\n|poke|p2|Heatran, L50, F|\n|poke|p2|Gothitelle, L50, M|\n|teampreview|4\nKentakio has agreed to open team sheets.\n|inactive|Battle timer is ON: inactive players will automatically lose when time's up. (requested by Kentakio)\n|\n|t:|1699946248\n|start\n|switch|p1a: Kommo-o|Kommo-o, L50, F|100\/100\n|switch|p1b: Tornadus|Tornadus, L50, M|100\/100\n|switch|p2a: Zapdos|Zapdos, L50|100\/100\n|switch|p2b: Gothitelle|Gothitelle, L50, M|100\/100\n|turn|1\n|\n|t:|1699946260\n|-terastallize|p1a: Kommo-o|Steel\n|move|p2b: Gothitelle|Fake Out|p1a: Kommo-o\n|-resisted|p1a: Kommo-o\n|-damage|p1a: Kommo-o|98\/100\n|move|p1b: Tornadus|Taunt|p2a: Zapdos\n|-start|p2a: Zapdos|move: Taunt\n|move|p2a: Zapdos|Thunderbolt|p1b: Tornadus\n|-supereffective|p1b: Tornadus\n|-damage|p1b: Tornadus|6\/100\n|cant|p1a: Kommo-o|flinch\n|\n|upkeep\n|turn|2\n|\n|t:|1699946282\n|switch|p2b: Ninetales|Ninetales-Alola, L50, F|100\/100\n|-weather|Snow|[from] ability: Snow Warning|[of] p2b: Ninetales\n|move|p1b: Tornadus|Taunt|p2b: Ninetales\n|-start|p2b: Ninetales|move: Taunt\n|move|p2a: Zapdos|Thunderbolt|p1b: Tornadus\n|-supereffective|p1b: Tornadus\n|-damage|p1b: Tornadus|0 fnt\n|faint|p1b: Tornadus\n|move|p1a: Kommo-o|Clangorous Soul|p1a: Kommo-o\n|-boost|p1a: Kommo-o|atk|1\n|-boost|p1a: Kommo-o|def|1\n|-boost|p1a: Kommo-o|spa|1\n|-boost|p1a: Kommo-o|spd|1\n|-boost|p1a: Kommo-o|spe|1\n|-damage|p1a: Kommo-o|65\/100\n|-enditem|p1a: Kommo-o|Throat Spray\n|-boost|p1a: Kommo-o|spa|1|[from] item: Throat Spray\n|\n|-weather|Snow|[upkeep]\n|upkeep\n|\n|t:|1699946294\n|switch|p1b: Perrserker|Perrserker, L50, M|100\/100\n|turn|3\n|\n|t:|1699946308\n|switch|p2b: Gothitelle|Gothitelle, L50, M|100\/100\n|move|p1b: Perrserker|Fake Out|p2a: Zapdos\n|-damage|p2a: Zapdos|86\/100\n|-damage|p1b: Perrserker|84\/100|[from] item: Rocky Helmet|[of] p2a: Zapdos\n|move|p1a: Kommo-o|Flash Cannon|p2b: Gothitelle\n|-damage|p2b: Gothitelle|0 fnt\n|faint|p2b: Gothitelle\n|cant|p2a: Zapdos|flinch\n|\n|-weather|Snow|[upkeep]\n|-end|p2a: Zapdos|move: Taunt\n|upkeep\n|\n|t:|1699946325\n|switch|p2b: Ninetales|Ninetales-Alola, L50, F|100\/100\n|turn|4\n|\n|t:|1699946344\n|switch|p2b: Heatran|Heatran, L50, F|100\/100\n|move|p1b: Perrserker|Protect|p1b: Perrserker\n|-singleturn|p1b: Perrserker|Protect\n|move|p1a: Kommo-o|Flash Cannon|p2b: Heatran\n|-resisted|p2b: Heatran\n|-damage|p2b: Heatran|75\/100\n|move|p2a: Zapdos|Tailwind|p2a: Zapdos\n|-sidestart|p2: Kentakio|move: Tailwind\n|\n|-weather|Snow|[upkeep]\n|upkeep\n|turn|5\n|\n|t:|1699946360\n|move|p1b: Perrserker|Helping Hand|p1a: Kommo-o\n|-singleturn|p1a: Kommo-o|Helping Hand|[of] p1b: Perrserker\n|move|p2a: Zapdos|Thunderbolt|p1a: Kommo-o\n|-damage|p1a: Kommo-o|40\/100\n|move|p2b: Heatran|Heat Wave|p1a: Kommo-o|[spread] p1a,p1b\n|-supereffective|p1a: Kommo-o\n|-supereffective|p1b: Perrserker\n|-damage|p1a: Kommo-o|0 fnt\n|-damage|p1b: Perrserker|0 fnt\n|faint|p1a: Kommo-o\n|faint|p1b: Perrserker\n|\n|-weather|Snow|[upkeep]\n|upkeep\n|\n|t:|1699946368\n|switch|p1b: Ceruledge|Ceruledge, L50, M|100\/100\n|turn|6\n|\n|t:|1699946384\n|-terastallize|p2b: Heatran|Fairy\n|move|p2a: Zapdos|Thunderbolt|p1b: Ceruledge\n|-damage|p1b: Ceruledge|61\/100\n|-status|p1b: Ceruledge|par\n|move|p2b: Heatran|Earth Power|p1b: Ceruledge\n|-supereffective|p1b: Ceruledge\n|-damage|p1b: Ceruledge|0 fnt\n|faint|p1b: Ceruledge\n|\n|win|Kentakio\n|raw|gobrokeforpokes's rating: 1443 &rarr; <strong>1424<\/strong><br \/>(-19 for losing)\n|raw|Kentakio's rating: 1457 &rarr; <strong>1476<\/strong><br \/>(+19 for winning)\n|l|\u2606gobrokeforpokes\n","uploadtime":1699946396,"views":21,"p1id":"gobrokeforpokes","p2id":"kentakio","formatid":"gen9vgc2023regulatione","rating":1424,"private":0,"password":""}