{"id":"gen9vgc2023regulatione-1994540512","p1":"kaynine2213","p2":"Shneakster","format":"[Gen 9] VGC 2023 Regulation E","log":"|j|\u2606kaynine2213\n|j|\u2606Shneakster\n|t:|1700456756\n|gametype|doubles\n|player|p1|kaynine2213|266|1101\n|player|p2|Shneakster|bianca|1018\n|teamsize|p1|6\n|teamsize|p2|6\n|gen|9\n|tier|[Gen 9] VGC 2023 Regulation E\n|rated|\n|rule|Species Clause: Limit one of each Pok\u00e9mon\n|rule|Item Clause: Limit one of each item\n|clearpoke\n|poke|p1|Kommo-o, L50, M|\n|poke|p1|Clefairy, L50, M|\n|poke|p1|Iron Hands, L50|\n|poke|p1|Sinistcha-Masterpiece, L50|\n|poke|p1|Landorus-Therian, L50, M|\n|poke|p1|Snorlax, L50, F|\n|poke|p2|Tyranitar, L50, F|\n|poke|p2|Landorus-Therian, L50, M|\n|poke|p2|Heatran, L50, F|\n|poke|p2|Garganacl, L50, F|\n|poke|p2|Sableye, L50, M|\n|poke|p2|Ogerpon-Wellspring, L50, F|\n|teampreview|4\n|inactive|Battle timer is ON: inactive players will automatically lose when time's up. (requested by Shneakster)\n|\n|t:|1700456781\n|start\n|switch|p1a: Iron Hands|Iron Hands, L50|100\/100\n|switch|p1b: Snorlax|Snorlax, L50, F|100\/100\n|switch|p2a: Tyranitar|Tyranitar, L50, F|100\/100\n|switch|p2b: Sableye|Sableye, L50, M|100\/100\n|-weather|Sandstorm|[from] ability: Sand Stream|[of] p2a: Tyranitar\n|turn|1\n|inactive|kaynine2213 has 30 seconds left.\n|\n|t:|1700456808\n|switch|p2a: Garganacl|Garganacl, L50, F|100\/100\n|move|p1a: Iron Hands|Fake Out|p2a: Garganacl\n|-resisted|p2a: Garganacl\n|-crit|p2a: Garganacl\n|-damage|p2a: Garganacl|94\/100\n|move|p2b: Sableye|Will-O-Wisp|p1b: Snorlax\n|-status|p1b: Snorlax|brn\n|move|p1b: Snorlax|Belly Drum|p1b: Snorlax\n|-damage|p1b: Snorlax|50\/100 brn\n|-setboost|p1b: Snorlax|atk|6|[from] move: Belly Drum\n|-enditem|p1b: Snorlax|Sitrus Berry|[eat]\n|-heal|p1b: Snorlax|75\/100 brn|[from] item: Sitrus Berry\n|\n|-weather|Sandstorm|[upkeep]\n|-damage|p1a: Iron Hands|94\/100|[from] Sandstorm\n|-damage|p2b: Sableye|95\/100|[from] Sandstorm\n|-damage|p1b: Snorlax|70\/100 brn|[from] Sandstorm\n|-heal|p2a: Garganacl|100\/100|[from] item: Leftovers\n|-damage|p1b: Snorlax|64\/100 brn|[from] brn\n|upkeep\n|turn|2\n|inactive|kaynine2213 has 30 seconds left.\n|inactive|Shneakster has 30 seconds left.\n|\n|t:|1700456838\n|-end|p1a: Iron Hands|Quark Drive|[silent]\n|switch|p1a: Sinistcha|Sinistcha-Masterpiece, L50|100\/100\n|-heal|p1b: Snorlax|89\/100 brn|[from] ability: Hospitality|[of] p1a: Sinistcha\n|-terastallize|p1b: Snorlax|Grass\n|-terastallize|p2a: Garganacl|Ghost\n|move|p2b: Sableye|Will-O-Wisp|p1a: Sinistcha\n|-status|p1a: Sinistcha|brn\n|move|p1b: Snorlax|Facade|p2a: Garganacl\n|-immune|p2a: Garganacl\n|move|p2a: Garganacl|Salt Cure|p1b: Snorlax\n|-damage|p1b: Snorlax|76\/100 brn\n|-start|p1b: Snorlax|Salt Cure\n|\n|-weather|Sandstorm|[upkeep]\n|-damage|p1a: Sinistcha|94\/100 brn|[from] Sandstorm\n|-damage|p2b: Sableye|89\/100|[from] Sandstorm\n|-damage|p1b: Snorlax|70\/100 brn|[from] Sandstorm\n|-damage|p2a: Garganacl|94\/100|[from] Sandstorm\n|-heal|p2a: Garganacl|100\/100|[from] item: Leftovers\n|-damage|p1a: Sinistcha|88\/100 brn|[from] brn\n|-damage|p1b: Snorlax|64\/100 brn|[from] brn\n|-damage|p1b: Snorlax|52\/100 brn|[from] Salt Cure\n|upkeep\n|turn|3\n|inactive|kaynine2213 has 30 seconds left.\n|inactive|Shneakster has 30 seconds left.\n|inactive|kaynine2213 has 20 seconds left.\n|inactive|Shneakster has 20 seconds left.\n|\n|t:|1700456876\n|move|p2b: Sableye|Gravity|p2b: Sableye\n|-fieldstart|move: Gravity\n|move|p1a: Sinistcha|Matcha Gotcha|p2a: Garganacl|[spread] p2a,p2b\n|-damage|p2a: Garganacl|78\/100\n|-heal|p1a: Sinistcha|100\/100 brn|[from] drain|[of] p2a: Garganacl\n|-damage|p2b: Sableye|60\/100\n|move|p1b: Snorlax|High Horsepower|p2b: Sableye\n|-crit|p2b: Sableye\n|-damage|p2b: Sableye|0 fnt\n|faint|p2b: Sableye\n|move|p2a: Garganacl|Salt Cure|p1a: Sinistcha\n|-damage|p1a: Sinistcha|88\/100 brn\n|-start|p1a: Sinistcha|Salt Cure\n|\n|-weather|Sandstorm|[upkeep]\n|-damage|p1a: Sinistcha|82\/100 brn|[from] Sandstorm\n|-damage|p1b: Snorlax|46\/100 brn|[from] Sandstorm\n|-damage|p2a: Garganacl|72\/100|[from] Sandstorm\n|-heal|p2a: Garganacl|78\/100|[from] item: Leftovers\n|-damage|p1a: Sinistcha|76\/100 brn|[from] brn\n|-damage|p1b: Snorlax|40\/100 brn|[from] brn\n|-damage|p1a: Sinistcha|63\/100 brn|[from] Salt Cure\n|-damage|p1b: Snorlax|28\/100 brn|[from] Salt Cure\n|upkeep\n|inactive|Shneakster has 30 seconds left.\n|\n|t:|1700456905\n|switch|p2b: Ogerpon|Ogerpon-Wellspring, L50, F|100\/100\n|turn|4\n|\n|t:|1700456919\n|move|p1b: Snorlax|Protect|p1b: Snorlax\n|-singleturn|p1b: Snorlax|Protect\n|move|p2b: Ogerpon|Knock Off|p1a: Sinistcha\n|-supereffective|p1a: Sinistcha\n|-damage|p1a: Sinistcha|0 fnt\n|-enditem|p1a: Sinistcha|Mental Herb|[from] move: Knock Off|[of] p2b: Ogerpon\n|faint|p1a: Sinistcha\n|move|p2a: Garganacl|Recover|p2a: Garganacl\n|-heal|p2a: Garganacl|100\/100\n|\n|-weather|Sandstorm|[upkeep]\n|-damage|p2b: Ogerpon|95\/100|[from] Sandstorm\n|-damage|p1b: Snorlax|22\/100 brn|[from] Sandstorm\n|-damage|p2a: Garganacl|94\/100|[from] Sandstorm\n|-heal|p2a: Garganacl|100\/100|[from] item: Leftovers\n|-damage|p1b: Snorlax|16\/100 brn|[from] brn\n|-damage|p1b: Snorlax|3\/100 brn|[from] Salt Cure\n|upkeep\n|\n|t:|1700456934\n|switch|p1a: Landorus|Landorus-Therian, L50, M|100\/100\n|-ability|p1a: Landorus|Intimidate|boost\n|-unboost|p2a: Garganacl|atk|1\n|-unboost|p2b: Ogerpon|atk|1\n|turn|5\n|\n|t:|1700456956\n|move|p2b: Ogerpon|Horn Leech|p1a: Landorus\n|-damage|p1a: Landorus|62\/100\n|-heal|p2b: Ogerpon|100\/100|[from] drain|[of] p1a: Landorus\n|move|p1a: Landorus|Rock Slide|p2b: Ogerpon|[spread] p2a,p2b\n|-damage|p2a: Garganacl|88\/100\n|-damage|p2b: Ogerpon|71\/100\n|move|p1b: Snorlax|Facade|p2b: Ogerpon\n|-damage|p2b: Ogerpon|0 fnt\n|faint|p2b: Ogerpon\n|move|p2a: Garganacl|Salt Cure|p1a: Landorus\n|-damage|p1a: Landorus|53\/100\n|-start|p1a: Landorus|Salt Cure\n|\n|-weather|Sandstorm|[upkeep]\n|-damage|p1b: Snorlax|0 fnt|[from] Sandstorm\n|-damage|p2a: Garganacl|82\/100|[from] Sandstorm\n|faint|p1b: Snorlax\n|-heal|p2a: Garganacl|88\/100|[from] item: Leftovers\n|-damage|p1a: Landorus|40\/100|[from] Salt Cure\n|upkeep\n|\n|t:|1700456976\n|switch|p2b: Tyranitar|Tyranitar, L50, F|100\/100\n|switch|p1b: Iron Hands|Iron Hands, L50|94\/100\n|turn|6\n|inactive|kaynine2213 has 30 seconds left.\n|\n|t:|1700457007\n|move|p1b: Iron Hands|Fake Out|p2a: Garganacl\n|-immune|p2a: Garganacl\n|move|p1a: Landorus|Stomping Tantrum|p2b: Tyranitar\n|-supereffective|p2b: Tyranitar\n|-crit|p2b: Tyranitar\n|-damage|p2b: Tyranitar|0 fnt\n|faint|p2b: Tyranitar\n|move|p2a: Garganacl|Salt Cure|p1b: Iron Hands\n|-resisted|p1b: Iron Hands\n|-damage|p1b: Iron Hands|90\/100\n|-start|p1b: Iron Hands|Salt Cure\n|\n|-weather|Sandstorm|[upkeep]\n|-damage|p1b: Iron Hands|84\/100|[from] Sandstorm\n|-damage|p2a: Garganacl|82\/100|[from] Sandstorm\n|-heal|p2a: Garganacl|88\/100|[from] item: Leftovers\n|-damage|p1a: Landorus|28\/100|[from] Salt Cure\n|-damage|p1b: Iron Hands|72\/100|[from] Salt Cure\n|upkeep\n|turn|7\n|inactive|kaynine2213 has 30 seconds left.\n|inactive|kaynine2213 has 20 seconds left.\n|inactive|kaynine2213 has 15 seconds left.\n|inactive|kaynine2213 has 10 seconds left.\n|\n|t:|1700457053\n|move|p1a: Landorus|Stomping Tantrum|p2a: Garganacl\n|-damage|p2a: Garganacl|63\/100\n|move|p1b: Iron Hands|Wild Charge|p2a: Garganacl\n|-damage|p2a: Garganacl|34\/100\n|-damage|p1b: Iron Hands|66\/100|[from] Recoil\n|move|p2a: Garganacl|Recover|p2a: Garganacl\n|-heal|p2a: Garganacl|84\/100\n|\n|-weather|Sandstorm|[upkeep]\n|-damage|p1b: Iron Hands|60\/100|[from] Sandstorm\n|-damage|p2a: Garganacl|78\/100|[from] Sandstorm\n|-heal|p2a: Garganacl|84\/100|[from] item: Leftovers\n|-damage|p1a: Landorus|16\/100|[from] Salt Cure\n|-damage|p1b: Iron Hands|48\/100|[from] Salt Cure\n|-fieldend|move: Gravity\n|upkeep\n|turn|8\n|\n|t:|1700457074\n|move|p1a: Landorus|Stomping Tantrum|p2a: Garganacl\n|-damage|p2a: Garganacl|58\/100\n|move|p1b: Iron Hands|Wild Charge|p2a: Garganacl\n|-crit|p2a: Garganacl\n|-damage|p2a: Garganacl|19\/100\n|-damage|p1b: Iron Hands|39\/100|[from] Recoil\n|move|p2a: Garganacl|Recover|p2a: Garganacl\n|-heal|p2a: Garganacl|69\/100\n|\n|-weather|none\n|-heal|p2a: Garganacl|75\/100|[from] item: Leftovers\n|-damage|p1a: Landorus|4\/100|[from] Salt Cure\n|-damage|p1b: Iron Hands|27\/100|[from] Salt Cure\n|upkeep\n|turn|9\n|\n|t:|1700457088\n|move|p1a: Landorus|Stomping Tantrum|p2a: Garganacl\n|-damage|p2a: Garganacl|52\/100\n|move|p1b: Iron Hands|Wild Charge|p2a: Garganacl\n|-damage|p2a: Garganacl|24\/100\n|-damage|p1b: Iron Hands|21\/100|[from] Recoil\n|move|p2a: Garganacl|Recover|p2a: Garganacl\n|-heal|p2a: Garganacl|74\/100\n|\n|-heal|p2a: Garganacl|80\/100|[from] item: Leftovers\n|-damage|p1a: Landorus|0 fnt|[from] Salt Cure\n|faint|p1a: Landorus\n|-damage|p1b: Iron Hands|9\/100|[from] Salt Cure\n|upkeep\n|turn|10\n|-message|kaynine2213 forfeited.\n|\n|win|Shneakster\n|raw|kaynine2213's rating: 1101 &rarr; <strong>1070<\/strong><br \/>(-31 for losing)\n|raw|Shneakster's rating: 1018 &rarr; <strong>1064<\/strong><br \/>(+46 for winning)\n|l|\u2606kaynine2213\n","uploadtime":1700457106,"views":7,"p1id":"kaynine2213","p2id":"shneakster","formatid":"gen9vgc2023regulatione","rating":1064,"private":0,"password":""}