{"id":"gen9vgc2023regulatione-1993221223","p1":"TheCornPop","p2":"Abro hilo","format":"[Gen 9] VGC 2023 Regulation E","log":"|j|\u2606TheCornPop\n|j|\u2606Abro hilo\n|t:|1700279955\n|gametype|doubles\n|player|p1|TheCornPop|boarder|1396\n|player|p2|Abro hilo|pilot|1446\n|teamsize|p1|6\n|teamsize|p2|6\n|gen|9\n|tier|[Gen 9] VGC 2023 Regulation E\n|rated|\n|rule|Species Clause: Limit one of each Pok\u00e9mon\n|rule|Item Clause: Limit one of each item\n|clearpoke\n|poke|p1|Rillaboom, L50, M|\n|poke|p1|Munkidori, L50, M|\n|poke|p1|Volcarona, L50, F|\n|poke|p1|Urshifu-*, L50, M|\n|poke|p1|Dragonite, L50, F|\n|poke|p1|Kingambit, L50, M|\n|poke|p2|Empoleon, L50, M|\n|poke|p2|Landorus-Therian, L50, M|\n|poke|p2|Ogerpon-Hearthflame, L50, F|\n|poke|p2|Iron Hands, L50|\n|poke|p2|Flutter Mane, L50|\n|poke|p2|Sinistcha, L50|\n|teampreview|4\n|\n|t:|1700279992\n|start\n|switch|p1a: Munkidori|Munkidori, L50, M|100\/100\n|switch|p1b: Kingambit|Kingambit, L50, M|100\/100\n|switch|p2a: Iron Hands|Iron Hands, L50|100\/100\n|switch|p2b: Ogerpon|Ogerpon-Hearthflame, L50, F|100\/100\n|-ability|p2b: Ogerpon|Mold Breaker\n|-item|p2a: Iron Hands|Assault Vest|[from] ability: Frisk|[of] p1a: Munkidori|[identify]\n|-item|p2b: Ogerpon|Hearthflame Mask|[from] ability: Frisk|[of] p1a: Munkidori|[identify]\n|turn|1\n|\n|t:|1700280005\n|move|p2b: Ogerpon|Spiky Shield|p2b: Ogerpon\n|-singleturn|p2b: Ogerpon|move: Protect\n|move|p1b: Kingambit|Protect|p1b: Kingambit\n|-singleturn|p1b: Kingambit|Protect\n|move|p1a: Munkidori|Sludge Bomb|p2b: Ogerpon\n|-activate|p2b: Ogerpon|move: Protect\n|move|p2a: Iron Hands|Drain Punch|p1b: Kingambit\n|-activate|p1b: Kingambit|move: Protect\n|\n|upkeep\n|turn|2\n|\n|t:|1700280016\n|switch|p2b: Empoleon|Empoleon, L50, M|100\/100\n|switch|p1b: Dragonite|Dragonite, L50, F|100\/100\n|move|p1a: Munkidori|Sludge Bomb|p2b: Empoleon\n|-immune|p2b: Empoleon\n|move|p2a: Iron Hands|Drain Punch|p1b: Dragonite\n|-resisted|p1b: Dragonite\n|-damage|p1b: Dragonite|82\/100\n|\n|upkeep\n|turn|3\n|\n|t:|1700280030\n|switch|p1b: Urshifu|Urshifu-Rapid-Strike, L50, M|100\/100\n|move|p1a: Munkidori|Psyshock|p2a: Iron Hands\n|-supereffective|p2a: Iron Hands\n|-damage|p2a: Iron Hands|45\/100\n|move|p2b: Empoleon|Icy Wind|p1b: Urshifu|[spread] p1a\n|-miss|p2b: Empoleon|p1b: Urshifu\n|-damage|p1a: Munkidori|86\/100\n|-unboost|p1a: Munkidori|spe|1\n|move|p2a: Iron Hands|Heavy Slam|p1a: Munkidori\n|-damage|p1a: Munkidori|8\/100\n|\n|upkeep\n|turn|4\n|\n|t:|1700280061\n|switch|p2b: Sinistcha|Sinistcha, L50|100\/100\n|-heal|p2a: Iron Hands|70\/100|[from] ability: Hospitality|[of] p2b: Sinistcha\n|move|p1b: Urshifu|Close Combat|p2b: Sinistcha\n|-immune|p2b: Sinistcha\n|move|p1a: Munkidori|Psyshock|p2a: Iron Hands\n|-supereffective|p2a: Iron Hands\n|-damage|p2a: Iron Hands|18\/100\n|move|p2a: Iron Hands|Drain Punch|p1b: Urshifu\n|-damage|p1b: Urshifu|60\/100\n|-heal|p2a: Iron Hands|32\/100|[from] drain|[of] p1b: Urshifu\n|\n|upkeep\n|turn|5\n|\n|t:|1700280083\n|move|p2b: Sinistcha|Rage Powder|p2b: Sinistcha\n|-singleturn|p2b: Sinistcha|move: Rage Powder\n|move|p1b: Urshifu|Surging Strikes|p2b: Sinistcha\n|-resisted|p2b: Sinistcha\n|-crit|p2b: Sinistcha\n|-damage|p2b: Sinistcha|92\/100\n|-damage|p1b: Urshifu|44\/100|[from] item: Rocky Helmet|[of] p2b: Sinistcha\n|-resisted|p2b: Sinistcha\n|-crit|p2b: Sinistcha\n|-damage|p2b: Sinistcha|84\/100\n|-damage|p1b: Urshifu|27\/100|[from] item: Rocky Helmet|[of] p2b: Sinistcha\n|-resisted|p2b: Sinistcha\n|-crit|p2b: Sinistcha\n|-damage|p2b: Sinistcha|75\/100\n|-damage|p1b: Urshifu|11\/100|[from] item: Rocky Helmet|[of] p2b: Sinistcha\n|-hitcount|p2b: Sinistcha|3\n|move|p1a: Munkidori|Sludge Bomb|p2b: Sinistcha\n|-damage|p2b: Sinistcha|21\/100\n|-status|p2b: Sinistcha|psn\n|move|p2a: Iron Hands|Wild Charge|p1a: Munkidori\n|-damage|p1a: Munkidori|0 fnt\n|faint|p1a: Munkidori\n|-damage|p2a: Iron Hands|31\/100|[from] Recoil\n|\n|-damage|p2b: Sinistcha|8\/100 psn|[from] psn\n|upkeep\n|\n|t:|1700280093\n|switch|p1a: Dragonite|Dragonite, L50, F|82\/100\n|turn|6\n|\n|t:|1700280115\n|move|p1b: Urshifu|Detect|p1b: Urshifu\n|-singleturn|p1b: Urshifu|Protect\n|move|p2b: Sinistcha|Rage Powder|p2b: Sinistcha\n|-singleturn|p2b: Sinistcha|move: Rage Powder\n|move|p1a: Dragonite|Stomping Tantrum|p2b: Sinistcha\n|-resisted|p2b: Sinistcha\n|-damage|p2b: Sinistcha|0 fnt\n|-damage|p1a: Dragonite|66\/100|[from] item: Rocky Helmet|[of] p2b: Sinistcha\n|faint|p2b: Sinistcha\n|move|p2a: Iron Hands|Wild Charge|p1a: Dragonite\n|-damage|p1a: Dragonite|19\/100\n|-damage|p2a: Iron Hands|21\/100|[from] Recoil\n|\n|upkeep\n|\n|t:|1700280124\n|switch|p2b: Ogerpon|Ogerpon-Hearthflame, L50, F|100\/100\n|-ability|p2b: Ogerpon|Mold Breaker\n|turn|7\n|\n|t:|1700280142\n|move|p1a: Dragonite|Extreme Speed|p2a: Iron Hands\n|-damage|p2a: Iron Hands|3\/100\n|move|p1b: Urshifu|Aqua Jet|p2b: Ogerpon\n|-damage|p2b: Ogerpon|67\/100\n|move|p2b: Ogerpon|Horn Leech|p1b: Urshifu\n|-supereffective|p1b: Urshifu\n|-damage|p1b: Urshifu|0 fnt\n|-heal|p2b: Ogerpon|73\/100|[from] drain|[of] p1b: Urshifu\n|faint|p1b: Urshifu\n|move|p2a: Iron Hands|Wild Charge|p1a: Dragonite\n|-damage|p1a: Dragonite|0 fnt\n|faint|p1a: Dragonite\n|-damage|p2a: Iron Hands|0 fnt|[from] Recoil\n|faint|p2a: Iron Hands\n|-end|p2a: Iron Hands|Quark Drive|[silent]\n|\n|upkeep\n|\n|t:|1700280154\n|switch|p1b: Kingambit|Kingambit, L50, M|100\/100\n|switch|p2a: Empoleon|Empoleon, L50, M|100\/100\n|turn|8\n|\n|t:|1700280161\n|-terastallize|p1b: Kingambit|Dark\n|move|p2b: Ogerpon|Spiky Shield|p2b: Ogerpon\n|-singleturn|p2b: Ogerpon|move: Protect\n|move|p1b: Kingambit|Sucker Punch||[still]\n|-fail|p1b: Kingambit\n|move|p2a: Empoleon|Yawn|p1b: Kingambit\n|-start|p1b: Kingambit|move: Yawn|[of] p2a: Empoleon\n|\n|upkeep\n|turn|9\n|-message|TheCornPop forfeited.\n|\n|win|Abro hilo\n|raw|TheCornPop's rating: 1410 &rarr; <strong>1392<\/strong><br \/>(-18 for losing)\n|raw|Abro hilo's rating: 1446 &rarr; <strong>1464<\/strong><br \/>(+18 for winning)\n|l|\u2606TheCornPop\n","uploadtime":1700280251,"views":11,"p1id":"thecornpop","p2id":"abrohilo","formatid":"gen9vgc2023regulatione","rating":1392,"private":0,"password":""}