{"id":"gen9vgc2023regulatione-1989196510","p1":"Plopy14","p2":"Coffi724","format":"[Gen 9] VGC 2023 Regulation E","log":"|j|\u2606Plopy14\n|j|\u2606Coffi724\n|t:|1699822328\n|gametype|doubles\n|player|p1|Plopy14|tuber-gen3|1594\n|player|p2|Coffi724|101|1523\n|teamsize|p1|6\n|teamsize|p2|6\n|gen|9\n|tier|[Gen 9] VGC 2023 Regulation E\n|rated|\n|rule|Species Clause: Limit one of each Pok\u00e9mon\n|rule|Item Clause: Limit one of each item\n|clearpoke\n|poke|p1|Tornadus, L50, M|\n|poke|p1|Flutter Mane, L50|\n|poke|p1|Glimmora, L50, M|\n|poke|p1|Urshifu-*, L50, F|\n|poke|p1|Tatsugiri, L50, M|\n|poke|p1|Dondozo, L50, F|\n|poke|p2|Flutter Mane, L50|\n|poke|p2|Baxcalibur, L50, M|\n|poke|p2|Heatran, L50, M|\n|poke|p2|Amoonguss, L50, F|\n|poke|p2|Urshifu-*, L50, M|\n|poke|p2|Landorus-Therian, L50, M|\n|teampreview|4\nPlopy14 has agreed to open team sheets.\n|\n|t:|1699822374\n|start\n|switch|p1a: Big Bird|Tornadus, L50, M, shiny|100\/100\n|switch|p1b: Count Von Count|Urshifu, L50, F|100\/100\n|switch|p2a: Urshifu|Urshifu-Rapid-Strike, L50, M|100\/100\n|switch|p2b: Baxcalibur|Baxcalibur, L50, M|100\/100\n|turn|1\n|\n|t:|1699822397\n|-terastallize|p1b: Count Von Count|Poison\n|-terastallize|p2b: Baxcalibur|Poison\n|move|p1a: Big Bird|Bleakwind Storm|p2a: Urshifu|[spread] p2a,p2b\n|-supereffective|p2a: Urshifu\n|-damage|p2a: Urshifu|19\/100\n|-damage|p2b: Baxcalibur|68\/100\n|move|p2a: Urshifu|Close Combat|p1b: Count Von Count\n|-resisted|p1b: Count Von Count\n|-damage|p1b: Count Von Count|68\/100\n|-unboost|p2a: Urshifu|def|1\n|-unboost|p2a: Urshifu|spd|1\n|move|p1b: Count Von Count|Wicked Blow|p2b: Baxcalibur\n|-crit|p2b: Baxcalibur\n|-damage|p2b: Baxcalibur|1\/100\n|-damage|p1b: Count Von Count|58\/100|[from] item: Life Orb\n|move|p2b: Baxcalibur|Icicle Spear|p1a: Big Bird\n|-supereffective|p1a: Big Bird\n|-crit|p1a: Big Bird\n|-damage|p1a: Big Bird|39\/100\n|-supereffective|p1a: Big Bird\n|-damage|p1a: Big Bird|0 fnt\n|faint|p1a: Big Bird\n|-hitcount|p1: Big Bird|2\n|\n|upkeep\n|\n|t:|1699822410\n|switch|p1a: Cookie Monster|Dondozo, L50, F|100\/100\n|turn|2\n|\n|t:|1699822432\n|switch|p2a: Amoonguss|Amoonguss, L50, F|100\/100\n|switch|p1b: Elmo|Tatsugiri, L50, M|100\/100\n|-activate|p1b: Elmo|ability: Commander|[of] p1a: Cookie Monster\n|-boost|p1a: Cookie Monster|atk|2\n|-boost|p1a: Cookie Monster|spa|2\n|-boost|p1a: Cookie Monster|spe|2\n|-boost|p1a: Cookie Monster|def|2\n|-boost|p1a: Cookie Monster|spd|2\n|move|p1a: Cookie Monster|Order Up|p2b: Baxcalibur\n|-damage|p2b: Baxcalibur|0 fnt\n|faint|p2b: Baxcalibur\n|-boost|p1a: Cookie Monster|atk|1\n|\n|upkeep\n|\n|t:|1699822444\n|switch|p2b: Flutter Mane|Flutter Mane, L50|100\/100\n|turn|3\n|\n|t:|1699822451\n|move|p1a: Cookie Monster|Protect|p1a: Cookie Monster\n|-singleturn|p1a: Cookie Monster|Protect\n|move|p2b: Flutter Mane|Moonblast|p1a: Cookie Monster\n|-activate|p1a: Cookie Monster|move: Protect\n|move|p2a: Amoonguss|Spore|p1a: Cookie Monster\n|-activate|p1a: Cookie Monster|move: Protect\n|\n|upkeep\n|turn|4\n|\n|t:|1699822459\n|move|p2a: Amoonguss|Rage Powder|p2a: Amoonguss\n|-singleturn|p2a: Amoonguss|move: Rage Powder\n|move|p2b: Flutter Mane|Moonblast|p1a: Cookie Monster\n|-damage|p1a: Cookie Monster|63\/100\n|-unboost|p1a: Cookie Monster|spa|1\n|move|p1a: Cookie Monster|Substitute|p1a: Cookie Monster\n|-start|p1a: Cookie Monster|Substitute\n|-damage|p1a: Cookie Monster|38\/100\n|\n|-heal|p1a: Cookie Monster|44\/100|[from] item: Leftovers\n|upkeep\n|turn|5\n|\n|t:|1699822469\n|move|p1a: Cookie Monster|Protect|p1a: Cookie Monster\n|-singleturn|p1a: Cookie Monster|Protect\n|move|p2a: Amoonguss|Rage Powder|p2a: Amoonguss\n|-singleturn|p2a: Amoonguss|move: Rage Powder\n|move|p2b: Flutter Mane|Moonblast|p1a: Cookie Monster\n|-activate|p1a: Cookie Monster|move: Protect\n|\n|-heal|p1a: Cookie Monster|50\/100|[from] item: Leftovers\n|upkeep\n|turn|6\n|\n|t:|1699822474\n|move|p2b: Flutter Mane|Moonblast|p1a: Cookie Monster\n|-end|p1a: Cookie Monster|Substitute\n|move|p1a: Cookie Monster|Earthquake|p2b: Flutter Mane|[spread] p2a,p2b\n|-miss|p1a: Cookie Monster|p1b: Elmo\n|-damage|p2a: Amoonguss|55\/100\n|-damage|p2b: Flutter Mane|0 fnt\n|faint|p2b: Flutter Mane\n|-end|p2b: Flutter Mane|Protosynthesis|[silent]\n|move|p2a: Amoonguss|Spore|p1a: Cookie Monster\n|-status|p1a: Cookie Monster|slp|[from] move: Spore\n|\n|-heal|p1a: Cookie Monster|57\/100 slp|[from] item: Leftovers\n|upkeep\n|\n|t:|1699822481\n|switch|p2b: Urshifu|Urshifu-Rapid-Strike, L50, M|19\/100\n|turn|7\n|\n|t:|1699822487\n|cant|p1a: Cookie Monster|slp\n|move|p2b: Urshifu|Surging Strikes|p1a: Cookie Monster\n|-resisted|p1a: Cookie Monster\n|-crit|p1a: Cookie Monster\n|-damage|p1a: Cookie Monster|48\/100 slp\n|-resisted|p1a: Cookie Monster\n|-crit|p1a: Cookie Monster\n|-damage|p1a: Cookie Monster|39\/100 slp\n|-resisted|p1a: Cookie Monster\n|-crit|p1a: Cookie Monster\n|-damage|p1a: Cookie Monster|30\/100 slp\n|-hitcount|p1a: Cookie Monster|3\n|move|p2a: Amoonguss|Pollen Puff|p2b: Urshifu\n|-heal|p2b: Urshifu|68\/100\n|\n|-heal|p1a: Cookie Monster|36\/100 slp|[from] item: Leftovers\n|upkeep\n|turn|8\n|j| Mr.Fuji - no name\n|\n|t:|1699822504\n|cant|p1a: Cookie Monster|slp\n|move|p2b: Urshifu|Surging Strikes|p1a: Cookie Monster\n|-resisted|p1a: Cookie Monster\n|-crit|p1a: Cookie Monster\n|-damage|p1a: Cookie Monster|27\/100 slp\n|-resisted|p1a: Cookie Monster\n|-crit|p1a: Cookie Monster\n|-damage|p1a: Cookie Monster|18\/100 slp\n|-resisted|p1a: Cookie Monster\n|-crit|p1a: Cookie Monster\n|-damage|p1a: Cookie Monster|9\/100 slp\n|-hitcount|p1a: Cookie Monster|3\n|move|p2a: Amoonguss|Pollen Puff|p2b: Urshifu\n|-heal|p2b: Urshifu|100\/100\n|\n|-heal|p1a: Cookie Monster|15\/100 slp|[from] item: Leftovers\n|upkeep\n|turn|9\n|\n|t:|1699822529\n|cant|p1a: Cookie Monster|slp\n|move|p2b: Urshifu|Surging Strikes|p1a: Cookie Monster\n|-resisted|p1a: Cookie Monster\n|-crit|p1a: Cookie Monster\n|-damage|p1a: Cookie Monster|6\/100 slp\n|-resisted|p1a: Cookie Monster\n|-crit|p1a: Cookie Monster\n|-damage|p1a: Cookie Monster|0 fnt\n|faint|p1a: Cookie Monster\n|-hitcount|p1: Cookie Monster|2\n|move|p2a: Amoonguss|Spore|p1b: Elmo\n|-status|p1b: Elmo|slp|[from] move: Spore\n|\n|upkeep\n|\n|t:|1699822532\n|switch|p1a: Count Von Count|Urshifu, L50, F, tera:Poison|58\/100\n|turn|10\n|c|\u2606Plopy14|Everytime I fight Amoonguss it sleeps me for 3 turns\n|c|\u2606Plopy14|like its so fucking stupid\n|c|\u2606Plopy14|Bad players getting bailed by sleep\n|-message|Plopy14 forfeited.\n|\n|win|Coffi724\n|raw|Plopy14's rating: 1594 &rarr; <strong>1570<\/strong><br \/>(-24 for losing)\n|raw|Coffi724's rating: 1523 &rarr; <strong>1547<\/strong><br \/>(+24 for winning)\n","uploadtime":1699822553,"views":11,"p1id":"plopy14","p2id":"coffi724","formatid":"gen9vgc2023regulatione","rating":1547,"private":0,"password":""}