{"id":"gen9vgc2023regulatione-2000053562","p1":"rojasgabriel","p2":"Ttectonicc","format":"[Gen 9] VGC 2023 Regulation E","log":"|j|\u2606rojasgabriel\n|j|\u2606Ttectonicc\n|t:|1701146692\n|gametype|doubles\n|player|p1|rojasgabriel|wallace|\n|player|p2|Ttectonicc|1|\n|teamsize|p1|6\n|teamsize|p2|6\n|gen|9\n|tier|[Gen 9] VGC 2023 Regulation E\n|rule|Species Clause: Limit one of each Pok\u00e9mon\n|rule|Item Clause: Limit one of each item\n|clearpoke\n|poke|p1|Ninetales-Alola, L50, F|\n|poke|p1|Cetitan, L50, M|\n|poke|p1|Baxcalibur, L50, M|\n|poke|p1|Landorus-Therian, L50, M|\n|poke|p1|Heatran, L50, F|\n|poke|p1|Rillaboom, L50, M|\n|poke|p2|Toxtricity, L50, M|\n|poke|p2|Kingambit, L50, M|\n|poke|p2|Tornadus, L50, M|\n|poke|p2|Indeedee-F, L50, F|\n|poke|p2|Armarouge, L50, M|\n|poke|p2|Roaring Moon, L50|\n|teampreview|4\n|inactive|Battle timer is ON: inactive players will automatically lose when time's up. (requested by rojasgabriel)\nrojasgabriel has agreed to open team sheets.\nTtectonicc has agreed to open team sheets.\n|showteam|p1|Ninetales-Alola||SitrusBerry|SnowWarning|Blizzard,IcyWind,AuroraVeil,Protect|||F|||50|,,,,,Water]Cetitan||AssaultVest|SlushRush|IcicleCrash,Liquidation,HeavySlam,Superpower|||M|||50|,,,,,Water]Baxcalibur||LoadedDice|IceBody|IcicleSpear,ScaleShot,SwordsDance,Protect|||M|||50|,,,,,Poison]Landorus-Therian||ChoiceScarf|Intimidate|RockSlide,StompingTantrum,TeraBlast,Uturn|||M|||50|,,,,,Flying]Heatran||LifeOrb|FlashFire|HeatWave,TeraBlast,EarthPower,Protect|||F|||50|,,,,,Fairy]Rillaboom||MeadowPlate|GrassySurge|DrumBeating,FakeOut,KnockOff,Uturn|||M|||50|,,,,,Fire\n|showteam|p2|Toxtricity||ThroatSpray|PunkRock|Overdrive,Boomburst,ShiftGear,GunkShot|||M|||50|,,,,,Normal]Kingambit||AssaultVest|Defiant|SuckerPunch,KowtowCleave,BrickBreak,ZenHeadbutt|||M|||50|,,,,,Ghost]Tornadus||BlunderPolicy|Prankster|IcyWind,Tailwind,BleakwindStorm,Taunt|||M|||50|,,,,,Flying]Indeedee-F||PsychicSeed|PsychicSurge|FollowMe,TrickRoom,FakeOut,HelpingHand|||F|||50|,,,,,Psychic]Armarouge||CovertCloak|WeakArmor|ArmorCannon,ExpandingForce,FlashCannon,DragonPulse|||M|||50|,,,,,Dragon]Roaring Moon||BoosterEnergy|Protosynthesis|RockSlide,Earthquake,Crunch,Acrobatics||||||50|,,,,,Dragon\n|inactive|Ttectonicc has 30 seconds left.\n|inactive|Ttectonicc has 20 seconds left.\n|inactive|Ttectonicc has 15 seconds left.\n|inactive|Ttectonicc has 10 seconds left.\n|inactive|Ttectonicc has 5 seconds left.\n|\n|t:|1701146752\n|start\n|switch|p1a: Ninetales|Ninetales-Alola, L50, F|100\/100\n|switch|p1b: Heatran|Heatran, L50, F|100\/100\n|switch|p2a: Tornadus|Tornadus, L50, M|100\/100\n|switch|p2b: Toxtricity|Toxtricity, L50, M|100\/100\n|-weather|Snow|[from] ability: Snow Warning|[of] p1a: Ninetales\n|turn|1\n|\n|t:|1701146768\n|move|p2a: Tornadus|Taunt|p1a: Ninetales\n|-start|p1a: Ninetales|move: Taunt\n|move|p1a: Ninetales|Icy Wind|p2b: Toxtricity|[spread] p2a,p2b\n|-supereffective|p2a: Tornadus\n|-damage|p2a: Tornadus|64\/100\n|-damage|p2b: Toxtricity|84\/100\n|-unboost|p2a: Tornadus|spe|1\n|-unboost|p2b: Toxtricity|spe|1\n|move|p1b: Heatran|Earth Power|p2b: Toxtricity\n|-supereffective|p2b: Toxtricity\n|-damage|p2b: Toxtricity|0 fnt\n|faint|p2b: Toxtricity\n|-damage|p1b: Heatran|91\/100|[from] item: Life Orb\n|\n|-weather|Snow|[upkeep]\n|upkeep\n|\n|t:|1701146776\n|switch|p2b: Roaring Moon|Roaring Moon, L50|100\/100\n|-enditem|p2b: Roaring Moon|Booster Energy\n|-activate|p2b: Roaring Moon|ability: Protosynthesis|[fromitem]\n|-start|p2b: Roaring Moon|protosynthesisatk\n|turn|2\n|\n|t:|1701146792\n|move|p1b: Heatran|Protect|p1b: Heatran\n|-singleturn|p1b: Heatran|Protect\n|move|p2a: Tornadus|Tailwind|p2a: Tornadus\n|-sidestart|p2: Ttectonicc|move: Tailwind\n|move|p2b: Roaring Moon|Earthquake|p1a: Ninetales|[spread] p1a\n|-activate|p1b: Heatran|move: Protect\n|-immune|p2a: Tornadus\n|-damage|p1a: Ninetales|75\/100\n|move|p1a: Ninetales|Blizzard|p2b: Roaring Moon|[spread] p2a,p2b\n|-supereffective|p2a: Tornadus\n|-supereffective|p2b: Roaring Moon\n|-damage|p2a: Tornadus|0 fnt\n|-damage|p2b: Roaring Moon|50\/100\n|faint|p2a: Tornadus\n|\n|-weather|Snow|[upkeep]\n|upkeep\n|\n|t:|1701146802\n|switch|p2a: Indeedee|Indeedee-F, L50, F|100\/100\n|-fieldstart|move: Psychic Terrain|[from] ability: Psychic Surge|[of] p2a: Indeedee\n|-enditem|p2a: Indeedee|Psychic Seed\n|-boost|p2a: Indeedee|spd|1|[from] item: Psychic Seed\n|turn|3\n|\n|t:|1701146812\n|switch|p1b: Landorus|Landorus-Therian, L50, M|100\/100\n|-ability|p1b: Landorus|Intimidate|boost\n|-unboost|p2a: Indeedee|atk|1\n|-unboost|p2b: Roaring Moon|atk|1\n|move|p2a: Indeedee|Fake Out|p1a: Ninetales\n|-activate|p1a: Ninetales|move: Psychic Terrain\n|move|p2b: Roaring Moon|Earthquake|p1b: Landorus|[spread] p2a,p1a\n|-immune|p1b: Landorus\n|-damage|p2a: Indeedee|75\/100\n|-damage|p1a: Ninetales|57\/100\n|move|p1a: Ninetales|Icy Wind|p2a: Indeedee|[spread] p2a,p2b\n|-supereffective|p2b: Roaring Moon\n|-damage|p2a: Indeedee|68\/100\n|-damage|p2b: Roaring Moon|26\/100\n|-unboost|p2a: Indeedee|spe|1\n|-unboost|p2b: Roaring Moon|spe|1\n|\n|-weather|Snow|[upkeep]\n|-end|p1a: Ninetales|move: Taunt\n|upkeep\n|turn|4\n|inactive|rojasgabriel has 30 seconds left.\n|inactive|Ttectonicc has 30 seconds left.\n|\n|t:|1701146846\n|move|p2a: Indeedee|Helping Hand|p2b: Roaring Moon\n|-singleturn|p2b: Roaring Moon|Helping Hand|[of] p2a: Indeedee\n|move|p2b: Roaring Moon|Rock Slide|p1b: Landorus|[spread] p1a,p1b\n|-supereffective|p1a: Ninetales\n|-damage|p1a: Ninetales|17\/100\n|-damage|p1b: Landorus|67\/100\n|-enditem|p1a: Ninetales|Sitrus Berry|[eat]\n|-heal|p1a: Ninetales|42\/100|[from] item: Sitrus Berry\n|move|p1b: Landorus|Rock Slide|p2a: Indeedee|[spread] p2a,p2b\n|-damage|p2a: Indeedee|45\/100\n|-damage|p2b: Roaring Moon|0 fnt\n|faint|p2b: Roaring Moon\n|-end|p2b: Roaring Moon|Protosynthesis|[silent]\n|move|p1a: Ninetales|Aurora Veil|p1a: Ninetales\n|-sidestart|p1: rojasgabriel|move: Aurora Veil\n|\n|-weather|Snow|[upkeep]\n|upkeep\n|turn|5\n|c|\u2606rojasgabriel|gg\n|c|\u2606Ttectonicc|gg\n|-message|Ttectonicc forfeited.\n|\n|win|rojasgabriel\n|l|\u2606Ttectonicc\n|l|\u2606rojasgabriel\n|j|\u2606rojasgabriel\n|player|p1|rojasgabriel|wallace\n","uploadtime":1701146884,"views":16,"p1id":"rojasgabriel","p2id":"ttectonicc","formatid":"gen9vgc2023regulatione","rating":0,"private":0,"password":""}