{"id":"gen9vgc2023regulatione-1991069134","p1":"hjgklm3k","p2":"lebabimator9002","format":"[Gen 9] VGC 2023 Regulation E","log":"|j|\u2606hjgklm3k\n|j|\u2606lebabimator9002\n|t:|1700037893\n|gametype|doubles\n|player|p1|hjgklm3k|101|1264\n|player|p2|lebabimator9002|101|1171\n|teamsize|p1|6\n|teamsize|p2|6\n|gen|9\n|tier|[Gen 9] VGC 2023 Regulation E\n|rated|\n|rule|Species Clause: Limit one of each Pok\u00e9mon\n|rule|Item Clause: Limit one of each item\n|clearpoke\n|poke|p1|Tornadus, L50, M|\n|poke|p1|Ogerpon-Hearthflame, L50, F|\n|poke|p1|Flutter Mane, L50|\n|poke|p1|Dragonite, L50, F|\n|poke|p1|Chi-Yu, L50|\n|poke|p1|Iron Bundle, L50|\n|poke|p2|Sinistcha, L50|\n|poke|p2|Illumise, L50, F|\n|poke|p2|Glimmora, L50, M|\n|poke|p2|Garchomp, L50, F|\n|poke|p2|Gyarados, L50, F|\n|poke|p2|Kingambit, L50, F|\n|teampreview|4\n|\n|t:|1700037923\n|start\n|switch|p1a: Chi-Yu|Chi-Yu, L50|100\/100\n|switch|p1b: Tornadus|Tornadus, L50, M|100\/100\n|switch|p2a: Glimmora|Glimmora, L50, M|100\/100\n|switch|p2b: Kingambit|Kingambit, L50, F|100\/100\n|-ability|p1a: Chi-Yu|Beads of Ruin\n|turn|1\n|inactive|Battle timer is ON: inactive players will automatically lose when time's up. (requested by lebabimator9002)\n|\n|t:|1700037937\n|switch|p2b: Gyarados|Gyarados, L50, F|100\/100\n|-ability|p2b: Gyarados|Intimidate|boost\n|-unboost|p1a: Chi-Yu|atk|1\n|-unboost|p1b: Tornadus|atk|1\n|move|p1b: Tornadus|Tailwind|p1b: Tornadus\n|-sidestart|p1: hjgklm3k|move: Tailwind\n|move|p1a: Chi-Yu|Psychic|p2a: Glimmora\n|-supereffective|p2a: Glimmora\n|-damage|p2a: Glimmora|0 fnt\n|faint|p2a: Glimmora\n|-damage|p1a: Chi-Yu|90\/100|[from] item: Life Orb\n|\n|upkeep\n|\n|t:|1700037953\n|switch|p2a: Sinistcha|Sinistcha, L50|100\/100\n|turn|2\n|\n|t:|1700037970\n|-terastallize|p2a: Sinistcha|Fire\n|move|p1b: Tornadus|Sunny Day|p1b: Tornadus\n|-weather|SunnyDay\n|move|p1a: Chi-Yu|Heat Wave|p2b: Gyarados|[spread] p2a,p2b\n|-resisted|p2a: Sinistcha\n|-resisted|p2b: Gyarados\n|-damage|p2a: Sinistcha|69\/100\n|-damage|p2b: Gyarados|54\/100\n|-damage|p1a: Chi-Yu|80\/100|[from] item: Life Orb\n|move|p2b: Gyarados|Waterfall|p1a: Chi-Yu\n|-supereffective|p1a: Chi-Yu\n|-damage|p1a: Chi-Yu|10\/100\n|move|p2a: Sinistcha|Nasty Plot|p2a: Sinistcha\n|-boost|p2a: Sinistcha|spa|2\n|\n|-weather|SunnyDay|[upkeep]\n|upkeep\n|turn|3\n|\n|t:|1700037985\n|move|p1b: Tornadus|Icy Wind|p2b: Gyarados|[spread] p2a,p2b\n|-resisted|p2a: Sinistcha\n|-damage|p2a: Sinistcha|59\/100\n|-damage|p2b: Gyarados|39\/100\n|-unboost|p2a: Sinistcha|spe|1\n|move|p1a: Chi-Yu|Dark Pulse|p2a: Sinistcha\n|-damage|p2a: Sinistcha|0 fnt\n|faint|p2a: Sinistcha\n|-damage|p1a: Chi-Yu|0 fnt|[from] item: Life Orb\n|faint|p1a: Chi-Yu\n|move|p2b: Gyarados|Dragon Dance|p2b: Gyarados\n|-boost|p2b: Gyarados|atk|1\n|-boost|p2b: Gyarados|spe|1\n|\n|-weather|SunnyDay|[upkeep]\n|upkeep\n|\n|t:|1700037999\n|switch|p1a: Flutter Mane|Flutter Mane, L50|100\/100\n|switch|p2a: Kingambit|Kingambit, L50, F|100\/100\n|-activate|p1a: Flutter Mane|ability: Protosynthesis\n|-start|p1a: Flutter Mane|protosynthesisspe\n|turn|4\n|\n|t:|1700038008\n|-terastallize|p1a: Flutter Mane|Fairy\n|move|p2b: Gyarados|Protect|p2b: Gyarados\n|-singleturn|p2b: Gyarados|Protect\n|move|p1b: Tornadus|Taunt|p2a: Kingambit\n|-hint|Since gen 7, Dark is immune to Prankster moves.\n|-immune|p2a: Kingambit\n|move|p2a: Kingambit|Sucker Punch|p1a: Flutter Mane\n|-resisted|p1a: Flutter Mane\n|-damage|p1a: Flutter Mane|65\/100\n|move|p1a: Flutter Mane|Dazzling Gleam|p2a: Kingambit|[spread] p2a\n|-activate|p2b: Gyarados|move: Protect\n|-damage|p2a: Kingambit|59\/100\n|\n|-weather|SunnyDay|[upkeep]\n|-sideend|p1: hjgklm3k|move: Tailwind\n|upkeep\n|turn|5\n|inactive|lebabimator9002 has 30 seconds left.\n|-message|lebabimator9002 forfeited.\n|\n|win|hjgklm3k\n|raw|hjgklm3k's rating: 1264 &rarr; <strong>1282<\/strong><br \/>(+18 for winning)\n|raw|lebabimator9002's rating: 1171 &rarr; <strong>1153<\/strong><br \/>(-18 for losing)\n|l|\u2606lebabimator9002\n","uploadtime":1700038038,"views":13,"p1id":"hjgklm3k","p2id":"lebabimator9002","formatid":"gen9vgc2023regulatione","rating":1153,"private":0,"password":""}