{"id":"gen9vgc2023regulatione-1996967560","p1":"sataxisama","p2":"UrshiTornisntSkill","format":"[Gen 9] VGC 2023 Regulation E","log":"|j|\u2606sataxisama\n|j|\u2606UrshiTornisntSkill\n|t:|1700750697\n|gametype|doubles\n|player|p1|sataxisama|2|1220\n|player|p2|UrshiTornisntSkill|caitlin|1291\n|teamsize|p1|6\n|teamsize|p2|6\n|gen|9\n|tier|[Gen 9] VGC 2023 Regulation E\n|rated|\n|rule|Species Clause: Limit one of each Pok\u00e9mon\n|rule|Item Clause: Limit one of each item\n|clearpoke\n|poke|p1|Dragonite, L50, F|\n|poke|p1|Chien-Pao, L50|\n|poke|p1|Sneasler, L50, M|\n|poke|p1|Rillaboom, L50, M|\n|poke|p1|Mimikyu, L50, F|\n|poke|p1|Urshifu-*, L50, F|\n|poke|p2|Rillaboom, L50, F|\n|poke|p2|Regieleki, L50|\n|poke|p2|Urshifu-*, L50, M|\n|poke|p2|Torkoal, L50, M|\n|poke|p2|Chi-Yu, L50|\n|poke|p2|Flutter Mane, L50|\n|teampreview|4\n|\n|t:|1700750744\n|start\n|switch|p1a: Rillaboom|Rillaboom, L50, M|100\/100\n|switch|p1b: Dragonite|Dragonite, L50, F|100\/100\n|switch|p2a: Flutter Mane|Flutter Mane, L50, shiny|100\/100\n|switch|p2b: Torkoal|Torkoal, L50, M, shiny|100\/100\n|-fieldstart|move: Grassy Terrain|[from] ability: Grassy Surge|[of] p1a: Rillaboom\n|-weather|SunnyDay|[from] ability: Drought|[of] p2b: Torkoal\n|-activate|p2a: Flutter Mane|ability: Protosynthesis\n|-start|p2a: Flutter Mane|protosynthesisspe\n|turn|1\n|inactive|Battle timer is ON: inactive players will automatically lose when time's up. (requested by sataxisama)\n|inactive|UrshiTornisntSkill has 60 seconds left.\n|inactive|sataxisama has 60 seconds left.\n|\n|t:|1700750803\n|-terastallize|p2a: Flutter Mane|Fairy\n|-terastallize|p1b: Dragonite|Normal\n|move|p1b: Dragonite|Extreme Speed|p2b: Torkoal\n|-damage|p2b: Torkoal|56\/100\n|move|p2a: Flutter Mane|Dazzling Gleam|p1a: Rillaboom|[spread] p1a,p1b\n|-damage|p1a: Rillaboom|62\/100\n|-damage|p1b: Dragonite|55\/100\n|move|p1a: Rillaboom|Wood Hammer|p2a: Flutter Mane\n|-damage|p2a: Flutter Mane|0 fnt\n|faint|p2a: Flutter Mane\n|-end|p2a: Flutter Mane|Protosynthesis|[silent]\n|-damage|p1a: Rillaboom|41\/100|[from] Recoil\n|move|p2b: Torkoal|Eruption|p1b: Dragonite|[spread] p1a,p1b\n|-supereffective|p1a: Rillaboom\n|-damage|p1a: Rillaboom|0 fnt\n|-damage|p1b: Dragonite|27\/100\n|faint|p1a: Rillaboom\n|\n|-weather|SunnyDay|[upkeep]\n|-heal|p1b: Dragonite|32\/100|[from] Grassy Terrain\n|-heal|p2b: Torkoal|62\/100|[from] Grassy Terrain\n|upkeep\n|\n|t:|1700750828\n|switch|p2a: Rillaboom|Rillaboom, L50, F|100\/100\n|switch|p1a: Urshifu|Urshifu-Rapid-Strike, L50, F|100\/100\n|turn|2\n|\n|t:|1700750842\n|move|p1a: Urshifu|Detect|p1a: Urshifu\n|-singleturn|p1a: Urshifu|Protect\n|move|p2a: Rillaboom|Fake Out|p1b: Dragonite\n|-damage|p1b: Dragonite|17\/100\n|move|p1b: Dragonite|Extreme Speed|p2a: Rillaboom\n|-damage|p2a: Rillaboom|31\/100\n|move|p2b: Torkoal|Will-O-Wisp|p1a: Urshifu\n|-activate|p1a: Urshifu|move: Protect\n|\n|-weather|SunnyDay|[upkeep]\n|-heal|p1b: Dragonite|23\/100|[from] Grassy Terrain\n|-heal|p2a: Rillaboom|37\/100|[from] Grassy Terrain\n|-heal|p2b: Torkoal|68\/100|[from] Grassy Terrain\n|upkeep\n|turn|3\n|inactive|UrshiTornisntSkill has 30 seconds left.\n|\n|t:|1700750867\n|move|p1b: Dragonite|Extreme Speed|p2a: Rillaboom\n|-damage|p2a: Rillaboom|0 fnt\n|faint|p2a: Rillaboom\n|move|p1a: Urshifu|Surging Strikes|p2b: Torkoal\n|-supereffective|p2b: Torkoal\n|-crit|p2b: Torkoal\n|-damage|p2b: Torkoal|51\/100\n|-supereffective|p2b: Torkoal\n|-crit|p2b: Torkoal\n|-damage|p2b: Torkoal|33\/100\n|-enditem|p2b: Torkoal|Sitrus Berry|[eat]\n|-heal|p2b: Torkoal|58\/100|[from] item: Sitrus Berry\n|-supereffective|p2b: Torkoal\n|-crit|p2b: Torkoal\n|-damage|p2b: Torkoal|41\/100\n|-hitcount|p2b: Torkoal|3\n|move|p2b: Torkoal|Will-O-Wisp|p1a: Urshifu|[miss]\n|-miss|p2b: Torkoal|p1a: Urshifu\n|\n|-weather|SunnyDay|[upkeep]\n|-heal|p1b: Dragonite|29\/100|[from] Grassy Terrain\n|-heal|p2b: Torkoal|47\/100|[from] Grassy Terrain\n|upkeep\n|\n|t:|1700750874\n|switch|p2a: Regieleki|Regieleki, L50, shiny|100\/100\n|turn|4\n|\n|t:|1700750888\n|move|p2b: Torkoal|Helping Hand|p2a: Regieleki\n|-singleturn|p2a: Regieleki|Helping Hand|[of] p2b: Torkoal\n|move|p1a: Urshifu|Detect|p1a: Urshifu\n|-singleturn|p1a: Urshifu|Protect\n|move|p1b: Dragonite|Extreme Speed|p2a: Regieleki\n|-damage|p2a: Regieleki|0 fnt\n|faint|p2a: Regieleki\n|\n|-weather|SunnyDay|[upkeep]\n|-heal|p1b: Dragonite|35\/100|[from] Grassy Terrain\n|-heal|p2b: Torkoal|54\/100|[from] Grassy Terrain\n|upkeep\n|turn|5\n|c|\u2606UrshiTornisntSkill|tera noramal espeed is some cringe as shit dude\n|inactive|UrshiTornisntSkill has 30 seconds left.\n|inactive|UrshiTornisntSkill has 20 seconds left.\n|c|\u2606sataxisama|gg\n|inactive|UrshiTornisntSkill has 15 seconds left.\n|inactive|UrshiTornisntSkill has 10 seconds left.\n|c|\u2606UrshiTornisntSkill|learn to play a real team\n|inactive|UrshiTornisntSkill has 5 seconds left.\n|c|\u2606UrshiTornisntSkill|instead of winning for free\n|c|\u2606UrshiTornisntSkill|0 skill\n|\n|t:|1700750943\n|move|p1b: Dragonite|Extreme Speed|p2b: Torkoal\n|-damage|p2b: Torkoal|9\/100\n|move|p1a: Urshifu|Surging Strikes|p2b: Torkoal\n|-supereffective|p2b: Torkoal\n|-crit|p2b: Torkoal\n|-damage|p2b: Torkoal|0 fnt\n|faint|p2b: Torkoal\n|-hitcount|p2: Torkoal|1\n|\n|win|sataxisama\n|raw|sataxisama's rating: 1220 &rarr; <strong>1250<\/strong><br \/>(+30 for winning)\n|raw|UrshiTornisntSkill's rating: 1291 &rarr; <strong>1261<\/strong><br \/>(-30 for losing)\n","uploadtime":1700750910,"views":0,"p1id":"sataxisama","p2id":"urshitornisntskill","formatid":"gen9vgc2023regulatione","rating":1250,"private":0,"password":""}