{"id":"gen9vgc2023regulatione-1999908523","p1":"Peligrosplgs","p2":"NukeDeer","format":"[Gen 9] VGC 2023 Regulation E","log":"|j|\u2606Peligrosplgs\n|j|\u2606NukeDeer\n|t:|1701128824\n|gametype|doubles\n|player|p1|Peligrosplgs|265|1202\n|player|p2|NukeDeer|alder|1235\n|teamsize|p1|6\n|teamsize|p2|6\n|gen|9\n|tier|[Gen 9] VGC 2023 Regulation E\n|rated|\n|rule|Species Clause: Limit one of each Pok\u00e9mon\n|rule|Item Clause: Limit one of each item\n|clearpoke\n|poke|p1|Clefable, L50, M|\n|poke|p1|Iron Hands, L50|\n|poke|p1|Maushold-Four, L50|\n|poke|p1|Sinistcha-Masterpiece, L50|\n|poke|p1|Ogerpon-Hearthflame, L50, F|\n|poke|p1|Arcanine, L50, M|\n|poke|p2|Chandelure, L50, M|\n|poke|p2|Kingambit, L50, F|\n|poke|p2|Iron Hands, L50|\n|poke|p2|Flutter Mane, L50|\n|poke|p2|Tornadus, L50, M|\n|poke|p2|Ogerpon-Wellspring, L50, F|\n|teampreview|4\n|\n|t:|1701128867\n|start\n|switch|p1a: Cliff|Clefable, L50, M, shiny|100\/100\n|switch|p1b: Ogerpon|Ogerpon-Hearthflame, L50, F|100\/100\n|switch|p2a: Tornadus|Tornadus, L50, M|100\/100\n|switch|p2b: Iron Hands|Iron Hands, L50|100\/100\n|-ability|p1b: Ogerpon|Mold Breaker\n|turn|1\n|\n|t:|1701128886\n|move|p1b: Ogerpon|Spiky Shield|p1b: Ogerpon\n|-singleturn|p1b: Ogerpon|move: Protect\n|move|p1a: Cliff|Protect|p1a: Cliff\n|-singleturn|p1a: Cliff|Protect\n|move|p2b: Iron Hands|Fake Out|p1b: Ogerpon\n|-activate|p1b: Ogerpon|move: Protect\n|-damage|p2b: Iron Hands|88\/100|[from] Spiky Shield|[of] p1b: Ogerpon\n|move|p2a: Tornadus|Taunt|p1a: Cliff\n|-activate|p1a: Cliff|move: Protect\n|\n|upkeep\n|turn|2\n|\n|t:|1701128914\n|-terastallize|p1b: Ogerpon|Fire\n|detailschange|p1b: Ogerpon|Ogerpon-Hearthflame-Tera, L50, F, tera:Fire\n|-ability|p1b: Ogerpon|Embody Aspect (Hearthflame)|boost\n|-boost|p1b: Ogerpon|atk|1\n|move|p2a: Tornadus|Tailwind|p2a: Tornadus\n|-sidestart|p2: NukeDeer|move: Tailwind\n|move|p1b: Ogerpon|Leech Seed|p2a: Tornadus|[miss]\n|-miss|p1b: Ogerpon|p2a: Tornadus\n|move|p2b: Iron Hands|Heavy Slam|p1a: Cliff\n|-supereffective|p1a: Cliff\n|-damage|p1a: Cliff|8\/100\n|-enditem|p1a: Cliff|Sitrus Berry|[eat]\n|-heal|p1a: Cliff|33\/100|[from] item: Sitrus Berry\n|move|p1a: Cliff|Moonblast|p2b: Iron Hands\n|-supereffective|p2b: Iron Hands\n|-damage|p2b: Iron Hands|45\/100\n|\n|upkeep\n|turn|3\n|\n|t:|1701128949\n|move|p1a: Cliff|Protect|p1a: Cliff\n|-singleturn|p1a: Cliff|Protect\n|move|p2a: Tornadus|Bleakwind Storm|p1a: Cliff|[spread] \n|-activate|p1a: Cliff|move: Protect\n|-miss|p2a: Tornadus|p1b: Ogerpon\n|move|p1b: Ogerpon|Ivy Cudgel|p2b: Iron Hands|[anim] Ivy Cudgel Fire\n|-damage|p2b: Iron Hands|0 fnt\n|faint|p2b: Iron Hands\n|-end|p2b: Iron Hands|Quark Drive|[silent]\n|\n|upkeep\n|\n|t:|1701128974\n|switch|p2b: Flutter Mane|Flutter Mane, L50|100\/100\n|turn|4\n|\n|t:|1701128997\n|move|p2b: Flutter Mane|Dazzling Gleam|p1a: Cliff|[spread] p1a,p1b\n|-resisted|p1b: Ogerpon\n|-damage|p1a: Cliff|1\/100\n|-damage|p1b: Ogerpon|82\/100\n|-damage|p2b: Flutter Mane|91\/100|[from] item: Life Orb\n|move|p2a: Tornadus|Bleakwind Storm|p1b: Ogerpon|[spread] p1a,p1b\n|-damage|p1a: Cliff|0 fnt\n|-damage|p1b: Ogerpon|48\/100\n|-unboost|p1b: Ogerpon|spe|1\n|faint|p1a: Cliff\n|move|p1b: Ogerpon|Ivy Cudgel|p2b: Flutter Mane|[anim] Ivy Cudgel Fire\n|-damage|p2b: Flutter Mane|0 fnt\n|faint|p2b: Flutter Mane\n|-end|p2b: Flutter Mane|Protosynthesis|[silent]\n|\n|upkeep\n|\n|t:|1701129012\n|switch|p2b: Chandelure|Chandelure, L50, M|100\/100\n|switch|p1a: Iron Hands|Iron Hands, L50|100\/100\n|turn|5\n|\n|t:|1701129036\n|switch|p1b: Sinistcha|Sinistcha-Masterpiece, L50|100\/100\n|move|p2b: Chandelure|Heat Wave|p1a: Iron Hands|[spread] p1a,p1b\n|-supereffective|p1b: Sinistcha\n|-damage|p1a: Iron Hands|71\/100\n|-damage|p1b: Sinistcha|12\/100\n|move|p2a: Tornadus|Bleakwind Storm|p1a: Iron Hands|[spread] p1b\n|-miss|p2a: Tornadus|p1a: Iron Hands\n|-supereffective|p1b: Sinistcha\n|-damage|p1b: Sinistcha|0 fnt\n|faint|p1b: Sinistcha\n|move|p1a: Iron Hands|Thunder Punch|p2b: Chandelure\n|-damage|p2b: Chandelure|43\/100\n|\n|-sideend|p2: NukeDeer|move: Tailwind\n|upkeep\n|\n|t:|1701129049\n|switch|p1b: Ogerpon|Ogerpon-Hearthflame-Tera, L50, F, tera:Fire|48\/100\n|-ability|p1b: Ogerpon|Embody Aspect (Hearthflame)|boost\n|-boost|p1b: Ogerpon|atk|1\n|turn|6\n|\n|t:|1701129059\n|move|p1b: Ogerpon|Spiky Shield|p1b: Ogerpon\n|-singleturn|p1b: Ogerpon|move: Protect\n|move|p2b: Chandelure|Heat Wave|p1a: Iron Hands|[spread] p1a\n|-activate|p1b: Ogerpon|move: Protect\n|-damage|p1a: Iron Hands|40\/100\n|move|p2a: Tornadus|Bleakwind Storm|p1b: Ogerpon|[spread] \n|-activate|p1b: Ogerpon|move: Protect\n|-miss|p2a: Tornadus|p1a: Iron Hands\n|move|p1a: Iron Hands|Thunder Punch|p2b: Chandelure\n|-damage|p2b: Chandelure|0 fnt\n|faint|p2b: Chandelure\n|\n|upkeep\n|turn|7\n|\n|t:|1701129074\n|-terastallize|p2a: Tornadus|Ghost\n|move|p2a: Tornadus|Bleakwind Storm|p1a: Iron Hands|[spread] p1a,p1b\n|-damage|p1a: Iron Hands|11\/100\n|-damage|p1b: Ogerpon|11\/100\n|move|p1b: Ogerpon|Ivy Cudgel|p2a: Tornadus|[anim] Ivy Cudgel Fire\n|-damage|p2a: Tornadus|0 fnt\n|faint|p2a: Tornadus\n|\n|win|Peligrosplgs\n|raw|Peligrosplgs's rating: 1202 &rarr; <strong>1229<\/strong><br \/>(+27 for winning)\n|raw|NukeDeer's rating: 1235 &rarr; <strong>1208<\/strong><br \/>(-27 for losing)\n","uploadtime":1701129086,"views":2,"p1id":"peligrosplgs","p2id":"nukedeer","formatid":"gen9vgc2023regulatione","rating":1208,"private":0,"password":""}