{"id":"gen9vgc2023regulatione-1999855912","p1":"GabMill","p2":"LucaSnivy","format":"[Gen 9] VGC 2023 Regulation E","log":"|j|\u2606GabMill\n|j|\u2606LucaSnivy\n|t:|1701123210\n|gametype|doubles\n|player|p1|GabMill|steven|1112\n|player|p2|LucaSnivy|guitarist|1075\n|teamsize|p1|6\n|teamsize|p2|6\n|gen|9\n|tier|[Gen 9] VGC 2023 Regulation E\n|rated|\n|rule|Species Clause: Limit one of each Pok\u00e9mon\n|rule|Item Clause: Limit one of each item\n|clearpoke\n|poke|p1|Enamorus, L50, F|\n|poke|p1|Thundurus, L50, M|\n|poke|p1|Chi-Yu, L50|\n|poke|p1|Sinistcha-Masterpiece, L50|\n|poke|p1|Iron Hands, L50|\n|poke|p1|Gastrodon, L50, M|\n|poke|p2|Armarouge, L50, M|\n|poke|p2|Indeedee-F, L50, F|\n|poke|p2|Farigiraf, L50, M|\n|poke|p2|Gallade, L50, M|\n|poke|p2|Espathra, L50, F|\n|poke|p2|Munkidori, L50, M|\n|teampreview|4\n|inactive|Battle timer is ON: inactive players will automatically lose when time's up. (requested by GabMill)\nLucaSnivy rejected open team sheets.\n|\n|t:|1701123236\n|start\n|switch|p1a: Enamorus|Enamorus, L50, F|100\/100\n|switch|p1b: Thundurus|Thundurus, L50, M|100\/100\n|switch|p2a: Sia|Espathra, L50, F, shiny|100\/100\n|switch|p2b: Mojo Dojo|Munkidori, L50, M|100\/100\n|turn|1\n|\n|t:|1701123255\n|move|p1a: Enamorus|Protect|p1a: Enamorus\n|-singleturn|p1a: Enamorus|Protect\n|move|p2b: Mojo Dojo|Fake Out|p1b: Thundurus\n|-damage|p1b: Thundurus|92\/100\n|move|p1b: Thundurus|Scary Face|p2b: Mojo Dojo\n|-unboost|p2b: Mojo Dojo|spe|2\n|move|p2a: Sia|Calm Mind|p2a: Sia\n|-boost|p2a: Sia|spa|1\n|-boost|p2a: Sia|spd|1\n|\n|-ability|p2a: Sia|Speed Boost|boost\n|-boost|p2a: Sia|spe|1\n|upkeep\n|turn|2\n|\n|t:|1701123279\n|switch|p2b: Solineuza|Indeedee-F, L50, F|100\/100\n|-fieldstart|move: Psychic Terrain|[from] ability: Psychic Surge|[of] p2b: Solineuza\n|-enditem|p2b: Solineuza|Psychic Seed\n|-boost|p2b: Solineuza|spd|1|[from] item: Psychic Seed\n|-terastallize|p1a: Enamorus|Fairy\n|move|p2a: Sia|Protect|p2a: Sia\n|-singleturn|p2a: Sia|Protect\n|move|p1b: Thundurus|Eerie Impulse|p1a: Enamorus\n|-boost|p1a: Enamorus|spa|2\n|move|p1a: Enamorus|Springtide Storm|p2b: Solineuza|[spread] p2b\n|-activate|p2a: Sia|move: Protect\n|-damage|p2b: Solineuza|21\/100\n|\n|-ability|p2a: Sia|Speed Boost|boost\n|-boost|p2a: Sia|spe|1\n|upkeep\n|turn|3\n|inactive|LucaSnivy has 30 seconds left.\n|inactive|LucaSnivy has 20 seconds left.\n|\n|t:|1701123317\n|move|p2b: Solineuza|Follow Me|p2b: Solineuza\n|-singleturn|p2b: Solineuza|move: Follow Me\n|move|p1b: Thundurus|Eerie Impulse|p2b: Solineuza\n|-activate|p2b: Solineuza|move: Psychic Terrain\n|move|p2a: Sia|Stored Power|p1b: Thundurus\n|-damage|p1b: Thundurus|3\/100\n|move|p1a: Enamorus|Springtide Storm|p2b: Solineuza|[spread] p2a,p2b\n|-damage|p2a: Sia|8\/100\n|-damage|p2b: Solineuza|0 fnt\n|-unboost|p2a: Sia|atk|1\n|-enditem|p2a: Sia|Sitrus Berry|[eat]\n|-heal|p2a: Sia|32\/100|[from] item: Sitrus Berry\n|faint|p2b: Solineuza\n|\n|-ability|p2a: Sia|Speed Boost|boost\n|-boost|p2a: Sia|spe|1\n|upkeep\n|\n|t:|1701123333\n|switch|p2b: Mojo Dojo|Munkidori, L50, M|100\/100\n|turn|4\n|\n|t:|1701123345\n|move|p1b: Thundurus|Protect|p1b: Thundurus\n|-singleturn|p1b: Thundurus|Protect\n|move|p1a: Enamorus|Protect|p1a: Enamorus\n|-singleturn|p1a: Enamorus|Protect\n|move|p2a: Sia|Stored Power|p1a: Enamorus\n|-activate|p1a: Enamorus|move: Protect\n|move|p2b: Mojo Dojo|Psychic|p1b: Thundurus\n|-activate|p1b: Thundurus|move: Protect\n|\n|-ability|p2a: Sia|Speed Boost|boost\n|-boost|p2a: Sia|spe|1\n|upkeep\n|turn|5\n|\n|t:|1701123369\n|move|p1b: Thundurus|Scary Face|p1a: Enamorus\n|-boost|p1a: Enamorus|spe|2\n|move|p2a: Sia|Stored Power|p1a: Enamorus\n|-enditem|p1a: Enamorus|Focus Sash\n|-damage|p1a: Enamorus|1\/100\n|move|p1a: Enamorus|Springtide Storm|p2a: Sia|[spread] p2b\n|-miss|p1a: Enamorus|p2a: Sia\n|-resisted|p2b: Mojo Dojo\n|-damage|p2b: Mojo Dojo|35\/100\n|move|p2b: Mojo Dojo|Psychic|p1b: Thundurus\n|-damage|p1b: Thundurus|0 fnt\n|faint|p1b: Thundurus\n|\n|-ability|p2a: Sia|Speed Boost|boost\n|-boost|p2a: Sia|spe|1\n|upkeep\n|\n|t:|1701123383\n|switch|p1b: Iron Hands|Iron Hands, L50|100\/100\n|turn|6\n|\n|t:|1701123396\n|move|p1a: Enamorus|Protect|p1a: Enamorus\n|-singleturn|p1a: Enamorus|Protect\n|move|p2a: Sia|Stored Power|p1b: Iron Hands\n|-supereffective|p1b: Iron Hands\n|-damage|p1b: Iron Hands|0 fnt\n|faint|p1b: Iron Hands\n|-end|p1b: Iron Hands|Quark Drive|[silent]\n|move|p2b: Mojo Dojo|Sludge Bomb|p1a: Enamorus\n|-activate|p1a: Enamorus|move: Protect\n|\n|-fieldend|move: Psychic Terrain\n|-ability|p2a: Sia|Speed Boost|boost\n|-boost|p2a: Sia|spe|1\n|upkeep\n|\n|t:|1701123406\n|switch|p1b: Chi-Yu|Chi-Yu, L50|100\/100\n|-ability|p1b: Chi-Yu|Beads of Ruin\n|turn|7\n|inactive|LucaSnivy has 30 seconds left.\n|\n|t:|1701123436\n|move|p2a: Sia|Dazzling Gleam|p1a: Enamorus|[spread] p1a,p1b\n|-damage|p1a: Enamorus|0 fnt\n|-damage|p1b: Chi-Yu|73\/100\n|faint|p1a: Enamorus\n|move|p2b: Mojo Dojo|Parting Shot|p1b: Chi-Yu\n|-unboost|p1b: Chi-Yu|atk|1\n|-unboost|p1b: Chi-Yu|spa|1\n|\n|t:|1701123442\n|switch|p2b: Gojo Satoru|Armarouge, L50, M, shiny|100\/100|[from] Parting Shot\n|move|p1b: Chi-Yu|Snarl|p2a: Sia|[spread] p2a,p2b\n|-supereffective|p2a: Sia\n|-crit|p2a: Sia\n|-supereffective|p2b: Gojo Satoru\n|-damage|p2a: Sia|0 fnt\n|-damage|p2b: Gojo Satoru|56\/100\n|-unboost|p2b: Gojo Satoru|spa|1\n|faint|p2a: Sia\n|\n|upkeep\n|\n|t:|1701123449\n|switch|p2a: Mojo Dojo|Munkidori, L50, M|35\/100\n|turn|8\n|\n|t:|1701123455\n|move|p2a: Mojo Dojo|Fake Out|p1b: Chi-Yu\n|-damage|p1b: Chi-Yu|62\/100\n|cant|p1b: Chi-Yu|flinch\n|move|p2b: Gojo Satoru|Aura Sphere|p1b: Chi-Yu\n|-supereffective|p1b: Chi-Yu\n|-damage|p1b: Chi-Yu|0 fnt\n|faint|p1b: Chi-Yu\n|-damage|p2b: Gojo Satoru|46\/100|[from] item: Life Orb\n|\n|win|LucaSnivy\n|raw|GabMill's rating: 1112 &rarr; <strong>1084<\/strong><br \/>(-28 for losing)\n|raw|LucaSnivy's rating: 1075 &rarr; <strong>1107<\/strong><br \/>(+32 for winning)\n|l|\u2606GabMill\n","uploadtime":1701123466,"views":14,"p1id":"gabmill","p2id":"lucasnivy","formatid":"gen9vgc2023regulatione","rating":1084,"private":0,"password":""}