{"id":"gen9vgc2023regulatione-1993281809","p1":"Teekin","p2":"PrismaAce","format":"[Gen 9] VGC 2023 Regulation E","log":"|j|\u2606Teekin\n|j|\u2606PrismaAce\n|n|\u2606Teekin|teekin\n|n|\u2606PrismaAce|prismaace\n|html|View the match progress at <a href=\"\/game-bestof3-gen9vgc2023regulatione-1993281808\">game-bestof3-gen9vgc2023regulatione-1993281808<\/a>\n|t:|1700289677\n|gametype|doubles\n|player|p1|Teekin|ingo|\n|player|p2|PrismaAce|clair|\n|teamsize|p1|6\n|teamsize|p2|6\n|gen|9\n|tier|[Gen 9] VGC 2023 Regulation E\n|rule|Species Clause: Limit one of each Pok\u00e9mon\n|rule|Item Clause: Limit one of each item\n|clearpoke\n|poke|p1|Uxie, L50|\n|poke|p1|Wo-Chien, L50|\n|poke|p1|Tauros-Paldea-Aqua, L50, M|\n|poke|p1|Hydreigon, L50, M|\n|poke|p1|Skeledirge, L50, M|\n|poke|p1|Clefable, L50, F|\n|poke|p2|Orthworm, L50, F|\n|poke|p2|Mienshao, L50, F|\n|poke|p2|Garchomp, L50, M|\n|poke|p2|Tauros-Paldea-Aqua, L50, M|\n|poke|p2|Wo-Chien, L50|\n|poke|p2|Ceruledge, L50, M|\n|teampreview|4\n|inactive|Battle timer is ON: inactive players will automatically lose when time's up. (requested by Teekin)\nPrismaAce has agreed to open team sheets.\n|inactiveoff|Battle timer is now OFF.\nTeekin has agreed to open team sheets.\n|showteam|p1|Uxie||Leftovers|Levitate|CalmMind,MysticalPower,Protect,DazzlingGleam||||||50|,,,,,Fairy]Wo-Chien||BigRoot|TabletsofRuin|LeechSeed,PollenPuff,KnockOff,Protect||||||50|,,,,,Fire]Tauros-Paldea-Aqua||SafetyGoggles|Intimidate|AquaJet,RagingBull,CloseCombat,Protect|||M|||50|,,,,,Water]Hydreigon||ChoiceSpecs|Levitate|DarkPulse,DracoMeteor,EarthPower,FlashCannon|||M|||50|,,,,,Steel]Skeledirge||ThroatSpray|Unaware|TorchSong,ShadowBall,Protect,SlackOff|||M|||50|,,,,,Fairy]Clefable||SitrusBerry|Unaware|HealPulse,FollowMe,Protect,Moonblast|||F|||50|,,,,,Grass\n|showteam|p2|Orthworm||SitrusBerry|EarthEater|Protect,ShedTail,IronDefense,BodyPress|||F|||50|,,,,,Fire]Mienshao||FocusSash|Regenerator|FakeOut,CloseCombat,Uturn,WideGuard|||F|||50|,,,,,Grass]Garchomp||LoadedDice|RoughSkin|Earthquake,ScaleShot,Protect,SwordsDance|||M|||50|,,,,,Water]Tauros-Paldea-Aqua||SafetyGoggles|Intimidate|RagingBull,CloseCombat,AquaJet,Protect|||M|||50|,,,,,Poison]Wo-Chien||MiracleSeed|TabletsofRuin|GigaDrain,LeechSeed,FoulPlay,Protect||||||50|,,,,,Fairy]Ceruledge||Leftovers|FlashFire|BitterBlade,Poltergeist,Protect,BulkUp|||M|||50|,,,,,Grass\n|j| angelicism\n|\n|t:|1700289737\n|start\n|switch|p1a: Steve|Skeledirge, L50, M|100\/100\n|switch|p1b: Aquafina|Tauros-Paldea-Aqua, L50, M|100\/100\n|switch|p2a: :eatDirt:|Orthworm, L50, F|100\/100\n|switch|p2b: Floppy Hands|Mienshao, L50, F|100\/100\n|-ability|p1b: Aquafina|Intimidate|boost\n|-unboost|p2a: :eatDirt:|atk|1\n|-unboost|p2b: Floppy Hands|atk|1\n|turn|1\n|\n|t:|1700289764\n|switch|p2a: Cerulean|Ceruledge, L50, M|100\/100\n|move|p2b: Floppy Hands|U-turn|p1b: Aquafina\n|-resisted|p1b: Aquafina\n|-damage|p1b: Aquafina|91\/100\n|\n|t:|1700289769\n|switch|p2b: :eatDirt:|Orthworm, L50, F|100\/100|[from] U-turn\n|move|p1b: Aquafina|Raging Bull|p2a: Cerulean\n|-supereffective|p2a: Cerulean\n|-crit|p2a: Cerulean\n|-damage|p2a: Cerulean|0 fnt\n|faint|p2a: Cerulean\n|move|p1a: Steve|Torch Song|p2b: :eatDirt:\n|-supereffective|p2b: :eatDirt:\n|-damage|p2b: :eatDirt:|24\/100\n|-boost|p1a: Steve|spa|1\n|-enditem|p2b: :eatDirt:|Sitrus Berry|[eat]\n|-heal|p2b: :eatDirt:|49\/100|[from] item: Sitrus Berry\n|-enditem|p1a: Steve|Throat Spray\n|-boost|p1a: Steve|spa|1|[from] item: Throat Spray\n|\n|upkeep\n|\n|t:|1700289782\n|switch|p2a: Live Reaction|Wo-Chien, L50|100\/100\n|-ability|p2a: Live Reaction|Tablets of Ruin\n|turn|2\n|\n|t:|1700289796\n|-terastallize|p2a: Live Reaction|Fairy\n|-terastallize|p1a: Steve|Fairy\n|move|p1b: Aquafina|Close Combat|p2b: :eatDirt:\n|-supereffective|p2b: :eatDirt:\n|-damage|p2b: :eatDirt:|0 fnt\n|-unboost|p1b: Aquafina|def|1\n|-unboost|p1b: Aquafina|spd|1\n|faint|p2b: :eatDirt:\n|move|p2a: Live Reaction|Leech Seed|p1a: Steve\n|-start|p1a: Steve|move: Leech Seed\n|move|p1a: Steve|Torch Song|p2a: Live Reaction\n|-damage|p2a: Live Reaction|63\/100\n|-boost|p1a: Steve|spa|1\n|\n|-damage|p1a: Steve|88\/100|[from] Leech Seed|[of] p2a: Live Reaction\n|-heal|p2a: Live Reaction|76\/100|[silent]\n|upkeep\n|\n|t:|1700289807\n|switch|p2b: Floppy Hands|Mienshao, L50, F|100\/100\n|turn|3\n|\n|t:|1700289822\n|switch|p1a: The Wo|Wo-Chien, L50|100\/100\n|-ability|p1a: The Wo|Tablets of Ruin\n|move|p2b: Floppy Hands|Fake Out|p1a: The Wo\n|-damage|p1a: The Wo|93\/100\n|move|p1b: Aquafina|Close Combat|p2a: Live Reaction\n|-resisted|p2a: Live Reaction\n|-damage|p2a: Live Reaction|57\/100\n|-unboost|p1b: Aquafina|def|1\n|-unboost|p1b: Aquafina|spd|1\n|move|p2a: Live Reaction|Giga Drain|p1b: Aquafina\n|-supereffective|p1b: Aquafina\n|-damage|p1b: Aquafina|0 fnt\n|-heal|p2a: Live Reaction|92\/100|[from] drain|[of] p1b: Aquafina\n|faint|p1b: Aquafina\n|\n|upkeep\n|\n|t:|1700289832\n|switch|p1b: Noodle-Arms|Hydreigon, L50, M|100\/100\n|turn|4\n|\n|t:|1700289850\n|switch|p1b: Steve|Skeledirge, L50, M, tera:Fairy|88\/100\n|move|p2a: Live Reaction|Protect|p2a: Live Reaction\n|-singleturn|p2a: Live Reaction|Protect\n|move|p2b: Floppy Hands|Close Combat|p1b: Steve\n|-resisted|p1b: Steve\n|-damage|p1b: Steve|68\/100\n|-unboost|p2b: Floppy Hands|def|1\n|-unboost|p2b: Floppy Hands|spd|1\n|move|p1a: The Wo|Leech Seed|p2a: Live Reaction\n|-activate|p2a: Live Reaction|move: Protect\n|\n|upkeep\n|turn|5\n|\n|t:|1700289858\n|move|p2b: Floppy Hands|U-turn|p1a: The Wo\n|-supereffective|p1a: The Wo\n|-damage|p1a: The Wo|39\/100\n|move|p2a: Live Reaction|Leech Seed|p1b: Steve\n|-start|p1b: Steve|move: Leech Seed\n|move|p1b: Steve|Torch Song|p2b: Floppy Hands\n|-damage|p2b: Floppy Hands|43\/100\n|-boost|p1b: Steve|spa|1\n|move|p1a: The Wo|Leech Seed|p2a: Live Reaction\n|-start|p2a: Live Reaction|move: Leech Seed\n|\n|-damage|p2a: Live Reaction|80\/100|[from] Leech Seed|[of] p1a: The Wo\n|-heal|p1a: The Wo|54\/100|[silent]\n|-damage|p1b: Steve|55\/100|[from] Leech Seed|[of] p2a: Live Reaction\n|-heal|p2a: Live Reaction|94\/100|[silent]\n|upkeep\n|turn|6\n|\n|t:|1700289873\n|move|p2b: Floppy Hands|Close Combat|p1a: The Wo\n|-supereffective|p1a: The Wo\n|-damage|p1a: The Wo|0 fnt\n|-unboost|p2b: Floppy Hands|def|1\n|-unboost|p2b: Floppy Hands|spd|1\n|faint|p1a: The Wo\n|move|p2a: Live Reaction|Giga Drain|p1b: Steve\n|-damage|p1b: Steve|30\/100\n|-heal|p2a: Live Reaction|100\/100|[from] drain|[of] p1b: Steve\n|move|p1b: Steve|Torch Song|p2b: Floppy Hands\n|-damage|p2b: Floppy Hands|0 fnt\n|-boost|p1b: Steve|spa|1\n|faint|p2b: Floppy Hands\n|\n|-damage|p1b: Steve|18\/100|[from] Leech Seed|[of] p2a: Live Reaction\n|upkeep\n|\n|t:|1700289877\n|switch|p1a: Noodle-Arms|Hydreigon, L50, M|100\/100\n|turn|7\n|\n|t:|1700289889\n|move|p1a: Noodle-Arms|Flash Cannon|p2a: Live Reaction\n|-supereffective|p2a: Live Reaction\n|-damage|p2a: Live Reaction|55\/100\n|move|p2a: Live Reaction|Giga Drain|p1b: Steve\n|-damage|p1b: Steve|0 fnt\n|-heal|p2a: Live Reaction|65\/100|[from] drain|[of] p1b: Steve\n|faint|p1b: Steve\n|\n|-damage|p2a: Live Reaction|53\/100|[from] Leech Seed|[of] p1a: Noodle-Arms\n|upkeep\n|turn|8\n|\n|t:|1700289895\n|move|p1a: Noodle-Arms|Flash Cannon|p2a: Live Reaction\n|-supereffective|p2a: Live Reaction\n|-damage|p2a: Live Reaction|5\/100\n|-unboost|p2a: Live Reaction|spd|1\n|move|p2a: Live Reaction|Leech Seed|p1a: Noodle-Arms\n|-start|p1a: Noodle-Arms|move: Leech Seed\n|\n|-damage|p1a: Noodle-Arms|89\/100|[from] Leech Seed|[of] p2a: Live Reaction\n|-heal|p2a: Live Reaction|15\/100|[silent]\n|-damage|p2a: Live Reaction|3\/100|[from] Leech Seed|[of] p1a: Noodle-Arms\n|-heal|p1a: Noodle-Arms|100\/100|[silent]\n|upkeep\n|turn|9\n|\n|t:|1700289905\n|move|p2a: Live Reaction|Protect|p2a: Live Reaction\n|-singleturn|p2a: Live Reaction|Protect\n|move|p1a: Noodle-Arms|Flash Cannon|p2a: Live Reaction\n|-activate|p2a: Live Reaction|move: Protect\n|\n|-damage|p1a: Noodle-Arms|89\/100|[from] Leech Seed|[of] p2a: Live Reaction\n|-heal|p2a: Live Reaction|14\/100|[silent]\n|-damage|p2a: Live Reaction|2\/100|[from] Leech Seed|[of] p1a: Noodle-Arms\n|-heal|p1a: Noodle-Arms|100\/100|[silent]\n|upkeep\n|turn|10\n|\n|t:|1700289908\n|move|p1a: Noodle-Arms|Flash Cannon|p2a: Live Reaction\n|-supereffective|p2a: Live Reaction\n|-damage|p2a: Live Reaction|0 fnt\n|faint|p2a: Live Reaction\n|\n|win|Teekin\n|c|&|\/uhtml prompt-prismaace,PrismaAce is ready for game 2!\n|c|&|\/uhtml prompt-teekin,Teekin is ready for game 2!\nBoth players are ready! Starting next match!\n|l| angelicism\n","uploadtime":1700289915,"views":8,"p1id":"teekin","p2id":"prismaace","formatid":"gen9vgc2023regulatione","rating":0,"private":0,"password":""}