{"id":"gen9vgc2023regulatione-1999672076","p1":"taco_bowl_mx","p2":"VeganCannibal","format":"[Gen 9] VGC 2023 Regulation E","log":"|j|\u2606taco_bowl_mx\n|j|\u2606VeganCannibal\n|t:|1701106517\n|gametype|doubles\n|player|p1|taco_bowl_mx|dawn-gen4pt|1352\n|player|p2|VeganCannibal|101|1486\n|teamsize|p1|6\n|teamsize|p2|6\n|gen|9\n|tier|[Gen 9] VGC 2023 Regulation E\n|rated|\n|rule|Species Clause: Limit one of each Pok\u00e9mon\n|rule|Item Clause: Limit one of each item\n|clearpoke\n|poke|p1|Flutter Mane, L50|\n|poke|p1|Chien-Pao, L50|\n|poke|p1|Iron Hands, L50|\n|poke|p1|Heatran, L50, F|\n|poke|p1|Ogerpon-Wellspring, L50, F|\n|poke|p1|Landorus-Therian, L50, M|\n|poke|p2|Dondozo, L50, M|\n|poke|p2|Tatsugiri, L50, F|\n|poke|p2|Urshifu-*, L50, M|\n|poke|p2|Grumpig, L50, F|\n|poke|p2|Golduck, L50, F|\n|poke|p2|Luxray, L50, M|\n|teampreview|4\ntaco_bowl_mx has agreed to open team sheets.\n|inactive|Battle timer is ON: inactive players will automatically lose when time's up. (requested by VeganCannibal)\nVeganCannibal rejected open team sheets.\n|inactive|VeganCannibal has 60 seconds left.\n|\n|t:|1701106559\n|start\n|switch|p1a: Chien-Pao|Chien-Pao, L50|100\/100\n|switch|p1b: Flutter Mane|Flutter Mane, L50|100\/100\n|switch|p2a: Golduck|Golduck, L50, F|100\/100\n|switch|p2b: Luxray|Luxray, L50, M|100\/100\n|-ability|p1a: Chien-Pao|Sword of Ruin\n|-ability|p2b: Luxray|Intimidate|boost\n|-unboost|p1a: Chien-Pao|atk|1\n|-unboost|p1b: Flutter Mane|atk|1\n|-ability|p2a: Golduck|Cloud Nine\n|turn|1\n|inactive|taco_bowl_mx has 30 seconds left.\n|inactive|taco_bowl_mx has 20 seconds left.\n|\n|t:|1701106597\n|switch|p1a: Iron Hands|Iron Hands, L50, shiny|100\/100\n|move|p2a: Golduck|Protect|p2a: Golduck\n|-singleturn|p2a: Golduck|Protect\n|move|p1b: Flutter Mane|Moonblast|p2b: Luxray\n|-damage|p2b: Luxray|60\/100\n|move|p2b: Luxray|Snarl|p1a: Iron Hands|[spread] p1a,p1b\n|-resisted|p1a: Iron Hands\n|-damage|p1a: Iron Hands|98\/100\n|-damage|p1b: Flutter Mane|93\/100\n|-unboost|p1a: Iron Hands|spa|1\n|-unboost|p1b: Flutter Mane|spa|1\n|\n|upkeep\n|turn|2\n|inactive|taco_bowl_mx has 30 seconds left.\n|\n|t:|1701106622\n|-end|p1b: Flutter Mane|Protosynthesis|[silent]\n|switch|p1b: Chien-Pao|Chien-Pao, L50|100\/100\n|-ability|p1b: Chien-Pao|Sword of Ruin\n|move|p2b: Luxray|Wild Charge|p1b: Chien-Pao\n|-damage|p1b: Chien-Pao|48\/100\n|-damage|p2b: Luxray|49\/100|[from] Recoil\n|move|p2a: Golduck|Hydro Pump|p1b: Chien-Pao|[miss]\n|-miss|p2a: Golduck|p1b: Chien-Pao\n|move|p1a: Iron Hands|Drain Punch|p2b: Luxray\n|-damage|p2b: Luxray|0 fnt\n|-heal|p1a: Iron Hands|100\/100|[from] drain|[of] p2b: Luxray\n|faint|p2b: Luxray\n|\n|upkeep\n|inactive|VeganCannibal has 30 seconds left.\n|inactive|VeganCannibal has 20 seconds left.\n|\n|t:|1701106658\n|switch|p2b: Tatsugiri|Tatsugiri, L50, F|100\/100\n|turn|3\n|\n|t:|1701106669\n|switch|p2b: Dondozo|Dondozo, L50, M|100\/100\n|move|p1b: Chien-Pao|Protect|p1b: Chien-Pao\n|-singleturn|p1b: Chien-Pao|Protect\n|move|p2a: Golduck|Simple Beam|p2b: Dondozo\n|-endability|p2b: Dondozo|Oblivious|[from] move: Simple Beam\n|-ability|p2b: Dondozo|Simple|[from] move: Simple Beam\n|move|p1a: Iron Hands|Wild Charge|p2a: Golduck\n|-supereffective|p2a: Golduck\n|-damage|p2a: Golduck|0 fnt\n|faint|p2a: Golduck\n|-damage|p1a: Iron Hands|81\/100|[from] Recoil\n|\n|upkeep\n|\n|t:|1701106680\n|switch|p2a: Tatsugiri|Tatsugiri, L50, F|100\/100\n|-activate|p2a: Tatsugiri|ability: Commander|[of] p2b: Dondozo\n|-boost|p2b: Dondozo|atk|4\n|-boost|p2b: Dondozo|spa|4\n|-boost|p2b: Dondozo|spe|4\n|-boost|p2b: Dondozo|def|4\n|-boost|p2b: Dondozo|spd|4\n|turn|4\n|inactive|taco_bowl_mx has 30 seconds left.\n|\n|t:|1701106714\n|switch|p1b: Ogerpon|Ogerpon-Wellspring, L50, F|100\/100\n|-terastallize|p1a: Iron Hands|Water\n|move|p2b: Dondozo|Earthquake|p1b: Ogerpon|[spread] p1a,p1b\n|-miss|p2b: Dondozo|p2a: Tatsugiri\n|-resisted|p1b: Ogerpon\n|-damage|p1a: Iron Hands|44\/100\n|-damage|p1b: Ogerpon|75\/100\n|move|p1a: Iron Hands|Drain Punch|p2b: Dondozo\n|-damage|p2b: Dondozo|91\/100\n|-heal|p1a: Iron Hands|49\/100|[from] drain|[of] p2b: Dondozo\n|\n|-heal|p2b: Dondozo|97\/100|[from] item: Leftovers\n|upkeep\n|turn|5\n|inactive|taco_bowl_mx has 30 seconds left.\n|\n|t:|1701106740\n|-end|p1a: Iron Hands|Quark Drive|[silent]\n|switch|p1a: Flutter Mane|Flutter Mane, L50|93\/100\n|move|p1b: Ogerpon|Spiky Shield|p1b: Ogerpon\n|-singleturn|p1b: Ogerpon|move: Protect\n|move|p2b: Dondozo|Order Up|p1a: Flutter Mane\n|-immune|p1a: Flutter Mane\n|\n|-heal|p2b: Dondozo|100\/100|[from] item: Leftovers\n|upkeep\n|turn|6\n|\n|t:|1701106754\n|move|p2b: Dondozo|Liquidation|p1a: Flutter Mane\n|-damage|p1a: Flutter Mane|0 fnt\n|faint|p1a: Flutter Mane\n|-end|p1a: Flutter Mane|Protosynthesis|[silent]\n|move|p1b: Ogerpon|Horn Leech|p2b: Dondozo\n|-supereffective|p2b: Dondozo\n|-damage|p2b: Dondozo|84\/100\n|-heal|p1b: Ogerpon|86\/100|[from] drain|[of] p2b: Dondozo\n|\n|-heal|p2b: Dondozo|90\/100|[from] item: Leftovers\n|upkeep\n|\n|t:|1701106763\n|switch|p1a: Chien-Pao|Chien-Pao, L50|48\/100\n|-ability|p1a: Chien-Pao|Sword of Ruin\n|turn|7\n|\n|t:|1701106777\n|move|p2b: Dondozo|Protect|p2b: Dondozo\n|-singleturn|p2b: Dondozo|Protect\n|move|p1b: Ogerpon|Follow Me|p1b: Ogerpon\n|-singleturn|p1b: Ogerpon|move: Follow Me\n|move|p1a: Chien-Pao|Haze|p1a: Chien-Pao\n|-clearallboost\n|\n|-heal|p2b: Dondozo|96\/100|[from] item: Leftovers\n|upkeep\n|turn|8\n|\n|t:|1701106796\n|move|p1a: Chien-Pao|Sucker Punch|p2b: Dondozo\n|-damage|p2b: Dondozo|70\/100\n|move|p1b: Ogerpon|Horn Leech|p2b: Dondozo\n|-supereffective|p2b: Dondozo\n|-damage|p2b: Dondozo|3\/100\n|-heal|p1b: Ogerpon|100\/100|[from] drain|[of] p2b: Dondozo\n|move|p2b: Dondozo|Order Up|p1a: Chien-Pao\n|-damage|p1a: Chien-Pao|21\/100\n|-boost|p2b: Dondozo|atk|2\n|\n|-heal|p2b: Dondozo|9\/100|[from] item: Leftovers\n|upkeep\n|turn|9\n|\n|t:|1701106814\n|move|p2b: Dondozo|Protect|p2b: Dondozo\n|-singleturn|p2b: Dondozo|Protect\n|move|p1a: Chien-Pao|Sucker Punch||[still]\n|-fail|p1a: Chien-Pao\n|move|p1b: Ogerpon|Horn Leech|p2b: Dondozo\n|-activate|p2b: Dondozo|move: Protect\n|\n|-heal|p2b: Dondozo|16\/100|[from] item: Leftovers\n|upkeep\n|turn|10\n|\n|t:|1701106828\n|-terastallize|p2b: Dondozo|Dragon\n|move|p1a: Chien-Pao|Sucker Punch|p2b: Dondozo\n|-damage|p2b: Dondozo|0 fnt\n|faint|p2b: Dondozo\n|move|p1b: Ogerpon|Horn Leech|p2a: Tatsugiri\n|-damage|p2a: Tatsugiri|51\/100\n|\n|upkeep\n|turn|11\n|-message|VeganCannibal forfeited.\n|\n|win|taco_bowl_mx\n|raw|taco_bowl_mx's rating: 1352 &rarr; <strong>1379<\/strong><br \/>(+27 for winning)\n|raw|VeganCannibal's rating: 1486 &rarr; <strong>1459<\/strong><br \/>(-27 for losing)\n|l|\u2606VeganCannibal\n","uploadtime":1701106838,"views":25,"p1id":"tacobowlmx","p2id":"vegancannibal","formatid":"gen9vgc2023regulatione","rating":1379,"private":0,"password":""}