{"id":"gen9vgc2023regulatione-1993579742","p1":"lagartija suprema","p2":"Faygo_n8","format":"[Gen 9] VGC 2023 Regulation E","log":"|j|\u2606lagartija suprema\n|j|\u2606Faygo_n8\n|t:|1700333922\n|gametype|doubles\n|player|p1|lagartija suprema|swimmer|1127\n|player|p2|Faygo_n8|266|1142\n|teamsize|p1|6\n|teamsize|p2|6\n|gen|9\n|tier|[Gen 9] VGC 2023 Regulation E\n|rated|\n|rule|Species Clause: Limit one of each Pok\u00e9mon\n|rule|Item Clause: Limit one of each item\n|clearpoke\n|poke|p1|Samurott-Hisui, L50, F|\n|poke|p1|Chien-Pao, L50|\n|poke|p1|Ogerpon-Wellspring, L50, F|\n|poke|p1|Landorus-Therian, L50, M|\n|poke|p1|Zapdos-Galar, L50|\n|poke|p1|Tornadus, L50, M|\n|poke|p2|Dusclops, L50, F|\n|poke|p2|Torkoal, L50, F|\n|poke|p2|Annihilape, L50, F|\n|poke|p2|Rillaboom, L50, F|\n|poke|p2|Urshifu-*, L50, F|\n|poke|p2|Flutter Mane, L50|\n|teampreview|4\n|inactive|Battle timer is ON: inactive players will automatically lose when time's up. (requested by lagartija suprema)\n|inactive|Faygo_n8 has 60 seconds left.\n|\n|t:|1700333980\n|start\n|switch|p1a: Samurott|Samurott-Hisui, L50, F|100\/100\n|switch|p1b: Chien-Pao|Chien-Pao, L50|100\/100\n|switch|p2a: Annihilape|Annihilape, L50, F, shiny|100\/100\n|switch|p2b: Rillaboom|Rillaboom, L50, F, shiny|100\/100\n|-ability|p1b: Chien-Pao|Sword of Ruin\n|-fieldstart|move: Grassy Terrain|[from] ability: Grassy Surge|[of] p2b: Rillaboom\n|turn|1\n|inactive|Faygo_n8 has 30 seconds left.\n|inactive|Faygo_n8 has 20 seconds left.\n|\n|t:|1700334016\n|-terastallize|p1a: Samurott|Poison\n|move|p1b: Chien-Pao|Protect|p1b: Chien-Pao\n|-singleturn|p1b: Chien-Pao|Protect\n|move|p2a: Annihilape|Bulk Up|p2a: Annihilape\n|-boost|p2a: Annihilape|atk|1\n|-boost|p2a: Annihilape|def|1\n|move|p1a: Samurott|Ceaseless Edge|p2a: Annihilape\n|-crit|p2a: Annihilape\n|-damage|p2a: Annihilape|16\/100\n|-sidestart|p2: Faygo_n8|Spikes\n|move|p2b: Rillaboom|Wood Hammer|p1a: Samurott\n|-resisted|p1a: Samurott\n|-damage|p1a: Samurott|46\/100\n|-damage|p2b: Rillaboom|84\/100|[from] Recoil\n|\n|-heal|p2a: Annihilape|23\/100|[from] Grassy Terrain\n|-heal|p2a: Annihilape|29\/100|[from] item: Leftovers\n|-heal|p1a: Samurott|51\/100|[from] Grassy Terrain\n|-heal|p2b: Rillaboom|89\/100|[from] Grassy Terrain\n|upkeep\n|turn|2\n|inactive|lagartija suprema has 30 seconds left.\n|inactive|Faygo_n8 has 30 seconds left.\n|inactive|lagartija suprema has 20 seconds left.\n|\n|t:|1700334056\n|move|p2a: Annihilape|Protect|p2a: Annihilape\n|-singleturn|p2a: Annihilape|Protect\n|move|p1b: Chien-Pao|Ice Spinner|p2b: Rillaboom\n|-supereffective|p2b: Rillaboom\n|-damage|p2b: Rillaboom|0 fnt\n|-fieldend|move: Grassy Terrain\n|faint|p2b: Rillaboom\n|move|p1a: Samurott|Aqua Cutter|p2a: Annihilape\n|-activate|p2a: Annihilape|move: Protect\n|\n|-heal|p2a: Annihilape|35\/100|[from] item: Leftovers\n|upkeep\n|\n|t:|1700334070\n|switch|p2b: Dusclops|Dusclops, L50, F, shiny|100\/100\n|-damage|p2b: Dusclops|88\/100|[from] Spikes\n|-ability|p2b: Dusclops|Pressure\n|turn|3\n|\n|t:|1700334094\n|-terastallize|p2a: Annihilape|Fire\n|move|p1b: Chien-Pao|Ice Spinner|p2a: Annihilape\n|-resisted|p2a: Annihilape\n|-damage|p2a: Annihilape|18\/100\n|move|p2a: Annihilape|Drain Punch|p1b: Chien-Pao\n|-supereffective|p1b: Chien-Pao\n|-enditem|p1b: Chien-Pao|Focus Sash\n|-damage|p1b: Chien-Pao|1\/100\n|-heal|p2a: Annihilape|55\/100|[from] drain|[of] p1b: Chien-Pao\n|move|p1a: Samurott|Ceaseless Edge|p2b: Dusclops\n|-supereffective|p2b: Dusclops\n|-damage|p2b: Dusclops|5\/100\n|-sidestart|p2: Faygo_n8|Spikes\n|move|p2b: Dusclops|Trick Room|p2b: Dusclops\n|-fieldstart|move: Trick Room|[of] p2b: Dusclops\n|\n|-heal|p2a: Annihilape|61\/100|[from] item: Leftovers\n|upkeep\n|turn|4\n|inactive|lagartija suprema has 30 seconds left.\n|inactive|Faygo_n8 has 30 seconds left.\n|\n|t:|1700334124\n|move|p2a: Annihilape|Protect|p2a: Annihilape\n|-singleturn|p2a: Annihilape|Protect\n|move|p1b: Chien-Pao|Protect|p1b: Chien-Pao\n|-singleturn|p1b: Chien-Pao|Protect\n|move|p1a: Samurott|Aqua Jet|p2a: Annihilape\n|-activate|p2a: Annihilape|move: Protect\n|move|p2b: Dusclops|Night Shade|p1b: Chien-Pao\n|-activate|p1b: Chien-Pao|move: Protect\n|\n|-heal|p2a: Annihilape|67\/100|[from] item: Leftovers\n|upkeep\n|turn|5\n|\n|t:|1700334145\n|move|p1a: Samurott|Aqua Jet|p2a: Annihilape\n|-supereffective|p2a: Annihilape\n|-damage|p2a: Annihilape|36\/100\n|move|p1b: Chien-Pao|Sucker Punch|p2b: Dusclops\n|-supereffective|p2b: Dusclops\n|-damage|p2b: Dusclops|0 fnt\n|faint|p2b: Dusclops\n|move|p2a: Annihilape|Rage Fist|p1a: Samurott\n|-damage|p1a: Samurott|0 fnt\n|faint|p1a: Samurott\n|\n|-heal|p2a: Annihilape|42\/100|[from] item: Leftovers\n|upkeep\n|\n|t:|1700334159\n|switch|p2b: Torkoal|Torkoal, L50, F, shiny|100\/100\n|switch|p1a: Ogerpon|Ogerpon-Wellspring, L50, F|100\/100\n|-damage|p2b: Torkoal|84\/100|[from] Spikes\n|-weather|SunnyDay|[from] ability: Drought|[of] p2b: Torkoal\n|turn|6\n|inactive|Faygo_n8 has 30 seconds left.\n|\n|t:|1700334187\n|move|p2a: Annihilape|Protect|p2a: Annihilape\n|-singleturn|p2a: Annihilape|Protect\n|move|p1a: Ogerpon|Protect|p1a: Ogerpon\n|-singleturn|p1a: Ogerpon|Protect\n|move|p1b: Chien-Pao|Protect|p1b: Chien-Pao\n|-singleturn|p1b: Chien-Pao|Protect\n|move|p2b: Torkoal|Eruption|p1a: Ogerpon|[spread] \n|-activate|p1a: Ogerpon|move: Protect\n|-activate|p1b: Chien-Pao|move: Protect\n|\n|-weather|SunnyDay|[upkeep]\n|-heal|p2a: Annihilape|48\/100|[from] item: Leftovers\n|upkeep\n|turn|7\n|inactive|Faygo_n8 has 30 seconds left.\n|inactive|lagartija suprema has 30 seconds left.\n|\n|t:|1700334221\n|move|p1b: Chien-Pao|Sucker Punch|p2b: Torkoal\n|-damage|p2b: Torkoal|50\/100\n|move|p2b: Torkoal|Eruption|p1b: Chien-Pao|[spread] p1a,p1b\n|-supereffective|p1b: Chien-Pao\n|-damage|p1a: Ogerpon|58\/100\n|-damage|p1b: Chien-Pao|0 fnt\n|faint|p1b: Chien-Pao\n|move|p2a: Annihilape|Rage Fist|p1a: Ogerpon\n|-damage|p1a: Ogerpon|0 fnt\n|faint|p1a: Ogerpon\n|\n|-weather|SunnyDay|[upkeep]\n|-heal|p2a: Annihilape|54\/100|[from] item: Leftovers\n|-fieldend|move: Trick Room\n|upkeep\n|\n|t:|1700334227\n|switch|p1b: Zapdos|Zapdos-Galar, L50|100\/100\n|turn|8\n|\n|t:|1700334254\n|move|p1b: Zapdos|Brave Bird|p2b: Torkoal\n|-damage|p2b: Torkoal|0 fnt\n|faint|p2b: Torkoal\n|-damage|p1b: Zapdos|83\/100|[from] Recoil\n|move|p2a: Annihilape|Rage Fist|p1b: Zapdos\n|-damage|p1b: Zapdos|0 fnt\n|faint|p1b: Zapdos\n|\n|win|Faygo_n8\n|raw|lagartija suprema's rating: 1127 &rarr; <strong>1103<\/strong><br \/>(-24 for losing)\n|raw|Faygo_n8's rating: 1142 &rarr; <strong>1166<\/strong><br \/>(+24 for winning)\n","uploadtime":1700334262,"views":7,"p1id":"lagartijasuprema","p2id":"faygon8","formatid":"gen9vgc2023regulatione","rating":1103,"private":0,"password":""}