{"id":"gen9vgc2023regulatione-1989924380","p1":"LegacyShowden","p2":"Sprinklez619","format":"[Gen 9] VGC 2023 Regulation E","log":"|j|\u2606LegacyShowden\n|j|\u2606Sprinklez619\n|t:|1699907173\n|gametype|doubles\n|player|p1|LegacyShowden|rosa|1164\n|player|p2|Sprinklez619|101|1084\n|teamsize|p1|6\n|teamsize|p2|6\n|gen|9\n|tier|[Gen 9] VGC 2023 Regulation E\n|rated|\n|rule|Species Clause: Limit one of each Pok\u00e9mon\n|rule|Item Clause: Limit one of each item\n|clearpoke\n|poke|p1|Landorus-Therian, L50, M|\n|poke|p1|Samurott-Hisui, L50, M|\n|poke|p1|Kommo-o, L50, M|\n|poke|p1|Heatran, L50, M|\n|poke|p1|Rillaboom, L50, M|\n|poke|p1|Flutter Mane, L50|\n|poke|p2|Sinistcha, L50|\n|poke|p2|Iron Hands, L50|\n|poke|p2|Flutter Mane, L50|\n|poke|p2|Gothitelle, L50, M|\n|poke|p2|Torkoal, L50, F|\n|poke|p2|Kingambit, L50, M|\n|teampreview|4\n|inactive|Battle timer is ON: inactive players will automatically lose when time's up. (requested by LegacyShowden)\n|inactive|LegacyShowden has 60 seconds left.\n|\n|t:|1699907213\n|start\n|switch|p1a: Landorus|Landorus-Therian, L50, M|100\/100\n|switch|p1b: Rillaboom|Rillaboom, L50, M|100\/100\n|switch|p2a: Gothitelle|Gothitelle, L50, M|100\/100\n|switch|p2b: Iron Hands|Iron Hands, L50|100\/100\n|-ability|p1a: Landorus|Intimidate|boost\n|-unboost|p2a: Gothitelle|atk|1\n|-unboost|p2b: Iron Hands|atk|1\n|-fieldstart|move: Grassy Terrain|[from] ability: Grassy Surge|[of] p1b: Rillaboom\n|turn|1\n|inactive|LegacyShowden has 30 seconds left.\n|inactive|Sprinklez619 has 30 seconds left.\n|\n|t:|1699907241\n|move|p1b: Rillaboom|Fake Out|p2a: Gothitelle\n|-damage|p2a: Gothitelle|86\/100\n|cant|p2a: Gothitelle|flinch\n|move|p2b: Iron Hands|Fake Out|p1a: Landorus\n|-damage|p1a: Landorus|87\/100\n|cant|p1a: Landorus|flinch\n|\n|-heal|p2a: Gothitelle|92\/100|[from] Grassy Terrain\n|upkeep\n|turn|2\n|inactive|Sprinklez619 has 30 seconds left.\n|\n|t:|1699907276\n|-end|p2b: Iron Hands|Quark Drive|[silent]\n|switch|p2b: Kingambit|Kingambit, L50, M|100\/100\n|move|p1a: Landorus|U-turn|p2a: Gothitelle\n|-supereffective|p2a: Gothitelle\n|-damage|p2a: Gothitelle|32\/100\n|-enditem|p2a: Gothitelle|Sitrus Berry|[eat]\n|-heal|p2a: Gothitelle|57\/100|[from] item: Sitrus Berry\n|\n|t:|1699907285\n|switch|p1a: Kommo-o|Kommo-o, L50, M|100\/100|[from] U-turn\n|move|p1b: Rillaboom|U-turn|p2a: Gothitelle\n|-supereffective|p2a: Gothitelle\n|-damage|p2a: Gothitelle|2\/100\n|\n|t:|1699907289\n|switch|p1b: Samurott|Samurott-Hisui, L50, M|100\/100|[from] U-turn\n|move|p2a: Gothitelle|Trick Room|p2a: Gothitelle\n|-fieldstart|move: Trick Room|[of] p2a: Gothitelle\n|\n|-heal|p2a: Gothitelle|8\/100|[from] Grassy Terrain\n|upkeep\n|turn|3\n|inactive|Sprinklez619 has 30 seconds left.\n|\n|t:|1699907317\n|move|p2b: Kingambit|Protect|p2b: Kingambit\n|-singleturn|p2b: Kingambit|Protect\n|move|p2a: Gothitelle|Protect|p2a: Gothitelle\n|-singleturn|p2a: Gothitelle|Protect\n|move|p1a: Kommo-o|Iron Defense|p1a: Kommo-o\n|-boost|p1a: Kommo-o|def|2\n|move|p1b: Samurott|Ceaseless Edge|p2a: Gothitelle\n|-activate|p2a: Gothitelle|move: Protect\n|\n|-heal|p2a: Gothitelle|14\/100|[from] Grassy Terrain\n|upkeep\n|turn|4\n|inactive|Sprinklez619 has 30 seconds left.\n|\n|t:|1699907346\n|switch|p2b: Flutter Mane|Flutter Mane, L50|100\/100\n|move|p2a: Gothitelle|Psychic|p1a: Kommo-o\n|-supereffective|p1a: Kommo-o\n|-damage|p1a: Kommo-o|46\/100\n|-enditem|p1a: Kommo-o|Sitrus Berry|[eat]\n|-heal|p1a: Kommo-o|71\/100|[from] item: Sitrus Berry\n|move|p1a: Kommo-o|Iron Defense|p1a: Kommo-o\n|-boost|p1a: Kommo-o|def|2\n|move|p1b: Samurott|Ceaseless Edge|p2a: Gothitelle\n|-supereffective|p2a: Gothitelle\n|-damage|p2a: Gothitelle|0 fnt\n|-sidestart|p2: Sprinklez619|Spikes\n|faint|p2a: Gothitelle\n|\n|-heal|p1a: Kommo-o|77\/100|[from] Grassy Terrain\n|upkeep\n|\n|t:|1699907366\n|switch|p2a: Iron Hands|Iron Hands, L50|100\/100\n|-damage|p2a: Iron Hands|88\/100|[from] Spikes\n|turn|5\n|\n|t:|1699907379\n|switch|p1b: Landorus|Landorus-Therian, L50, M|87\/100\n|-ability|p1b: Landorus|Intimidate|boost\n|-unboost|p2a: Iron Hands|atk|1\n|-unboost|p2b: Flutter Mane|atk|1\n|-terastallize|p2b: Flutter Mane|Fairy\n|move|p1a: Kommo-o|Protect|p1a: Kommo-o\n|-singleturn|p1a: Kommo-o|Protect\n|move|p2a: Iron Hands|Fake Out|p1a: Kommo-o\n|-activate|p1a: Kommo-o|move: Protect\n|move|p2b: Flutter Mane|Dazzling Gleam|p1b: Landorus|[spread] p1b\n|-activate|p1a: Kommo-o|move: Protect\n|-crit|p1b: Landorus\n|-damage|p1b: Landorus|0 fnt\n|faint|p1b: Landorus\n|\n|-heal|p2a: Iron Hands|94\/100|[from] Grassy Terrain\n|-heal|p1a: Kommo-o|83\/100|[from] Grassy Terrain\n|-fieldend|move: Grassy Terrain\n|upkeep\n|\n|t:|1699907393\n|switch|p1b: Rillaboom|Rillaboom, L50, M|100\/100\n|-fieldstart|move: Grassy Terrain|[from] ability: Grassy Surge|[of] p1b: Rillaboom\n|turn|6\n|\n|t:|1699907406\n|-terastallize|p1a: Kommo-o|Steel\n|move|p1b: Rillaboom|Fake Out|p2a: Iron Hands\n|-damage|p2a: Iron Hands|86\/100\n|cant|p2a: Iron Hands|flinch\n|move|p1a: Kommo-o|Iron Head|p2b: Flutter Mane\n|-supereffective|p2b: Flutter Mane\n|-damage|p2b: Flutter Mane|0 fnt\n|faint|p2b: Flutter Mane\n|-end|p2b: Flutter Mane|Protosynthesis|[silent]\n|\n|-heal|p2a: Iron Hands|92\/100|[from] Grassy Terrain\n|-heal|p1a: Kommo-o|89\/100|[from] Grassy Terrain\n|-fieldend|move: Trick Room\n|upkeep\n|-message|Sprinklez619 forfeited.\n|\n|win|LegacyShowden\n|raw|LegacyShowden's rating: 1164 &rarr; <strong>1183<\/strong><br \/>(+19 for winning)\n|raw|Sprinklez619's rating: 1084 &rarr; <strong>1067<\/strong><br \/>(-17 for losing)\n|l|\u2606Sprinklez619\n","uploadtime":1699907431,"views":8,"p1id":"legacyshowden","p2id":"sprinklez619","formatid":"gen9vgc2023regulatione","rating":1067,"private":0,"password":""}