{"id":"gen9vgc2023regulatione-1999602959","p1":"MasterofMetapods5","p2":"kidturtle","format":"[Gen 9] VGC 2023 Regulation E","log":"|j|\u2606MasterofMetapods5\n|j|\u2606kidturtle\n|n|\u2606MasterofMetapods5|masterofmetapods5\n|n|\u2606kidturtle|kidturtle\n|html|View the match progress at <a href=\"\/game-bestof3-gen9vgc2023regulatione-1999602958\">game-bestof3-gen9vgc2023regulatione-1999602958<\/a>\n|t:|1701100268\n|gametype|doubles\n|player|p1|MasterofMetapods5|lance|\n|player|p2|kidturtle|hoopster|\n|teamsize|p1|6\n|teamsize|p2|6\n|gen|9\n|tier|[Gen 9] VGC 2023 Regulation E\n|rated|Tournament battle\n|rule|Species Clause: Limit one of each Pok\u00e9mon\n|rule|Item Clause: Limit one of each item\n|clearpoke\n|poke|p1|Flutter Mane, L50|\n|poke|p1|Tyranitar, L50, M|\n|poke|p1|Landorus-Therian, L50, M|\n|poke|p1|Baxcalibur, L50, F|\n|poke|p1|Urshifu-*, L50, F|\n|poke|p1|Heatran, L50, F|\n|poke|p2|Ursaluna, L50, M|\n|poke|p2|Cresselia, L50, F|\n|poke|p2|Flutter Mane, L50|\n|poke|p2|Chi-Yu, L50|\n|poke|p2|Iron Hands, L50|\n|poke|p2|Urshifu-*, L50, M|\n|teampreview|4\n|showteam|p1|Flutter Mane||BoosterEnergy|Protosynthesis|Protect,Moonblast,ShadowBall,IcyWind||||||50|,,,,,Fairy]Tyranitar||WeaknessPolicy|SandStream|RockSlide,Taunt,Protect,KnockOff|||M|||50|,,,,,Rock]Landorus-Therian||AssaultVest|Intimidate|SandsearStorm,TeraBlast,Uturn,RockSlide|||M|||50|,,,,,Flying]Baxcalibur||LoadedDice|ThermalExchange|ScaleShot,IcicleSpear,SwordsDance,Protect|||F|||50|,,,,,Fairy]Urshifu-Rapid-Strike||SafetyGoggles|UnseenFist|SurgingStrikes,CloseCombat,AquaJet,Detect|||F|||50|,,,,,Water]Heatran||Leftovers|FlashFire|HeatWave,EarthPower,Protect,TeraBlast|||F|||50|,,,,,Grass\n|showteam|p2|Ursaluna||FlameOrb|Guts|Facade,Earthquake,SwordsDance,Protect|||M|||50|,,,,,Ghost]Cresselia||MentalHerb|Levitate|IceBeam,AllySwitch,LunarBlessing,TrickRoom|||F|||50|,,,,,Fairy]Flutter Mane||BoosterEnergy|Protosynthesis|IcyWind,ShadowBall,Moonblast,Protect||||||50|,,,,,Fairy]Chi-Yu||ChoiceSpecs|BeadsofRuin|BurningJealousy,DarkPulse,Overheat,Snarl||||||50|,,,,,Ghost]Iron Hands||SitrusBerry|QuarkDrive|DrainPunch,WildCharge,FakeOut,SwordsDance||||||50|,,,,,Fire]Urshifu||FocusSash|UnseenFist|Detect,WickedBlow,CloseCombat,SuckerPunch|||M|||50|,,,,,Dark\n|c|\u2606MasterofMetapods5|glhf\n|c|\u2606kidturtle|thx u 2\n|inactive|Battle timer is ON: inactive players will automatically lose when time's up. (requested by kidturtle)\n|inactive|kidturtle has 60 seconds left.\n|inactive|kidturtle has 30 seconds left.\n|\n|t:|1701100341\n|start\n|switch|p1a: Landorus|Landorus-Therian, L50, M|100\/100\n|switch|p1b: Tyranitar|Tyranitar, L50, M|100\/100\n|switch|p2a: Iron Hands|Iron Hands, L50|100\/100\n|switch|p2b: Cresselia|Cresselia, L50, F|100\/100\n|-ability|p1a: Landorus|Intimidate|boost\n|-unboost|p2a: Iron Hands|atk|1\n|-unboost|p2b: Cresselia|atk|1\n|-weather|Sandstorm|[from] ability: Sand Stream|[of] p1b: Tyranitar\n|turn|1\n|\n|t:|1701100352\n|-terastallize|p2b: Cresselia|Fairy\n|move|p1a: Landorus|Rock Slide|p2b: Cresselia|[spread] p2a,p2b\n|-resisted|p2a: Iron Hands\n|-damage|p2a: Iron Hands|95\/100\n|-damage|p2b: Cresselia|91\/100\n|move|p1b: Tyranitar|Rock Slide|p2b: Cresselia|[spread] p2a,p2b\n|-resisted|p2a: Iron Hands\n|-damage|p2a: Iron Hands|85\/100\n|-damage|p2b: Cresselia|74\/100\n|move|p2a: Iron Hands|Drain Punch|p1b: Tyranitar\n|-supereffective|p1b: Tyranitar\n|-damage|p1b: Tyranitar|0 fnt\n|-heal|p2a: Iron Hands|100\/100|[from] drain|[of] p1b: Tyranitar\n|faint|p1b: Tyranitar\n|move|p2b: Cresselia|Trick Room|p2b: Cresselia\n|-fieldstart|move: Trick Room|[of] p2b: Cresselia\n|\n|-weather|Sandstorm|[upkeep]\n|-damage|p2a: Iron Hands|95\/100|[from] Sandstorm\n|-damage|p2b: Cresselia|67\/100|[from] Sandstorm\n|upkeep\n|\n|t:|1701100361\n|switch|p1b: Flutter Mane|Flutter Mane, L50|100\/100\n|-enditem|p1b: Flutter Mane|Booster Energy\n|-activate|p1b: Flutter Mane|ability: Protosynthesis|[fromitem]\n|-start|p1b: Flutter Mane|protosynthesisspe\n|turn|2\n|inactive|MasterofMetapods5 has 30 seconds left.\n|\n|t:|1701100387\n|switch|p2b: Ursaluna|Ursaluna, L50, M|100\/100\n|move|p2a: Iron Hands|Wild Charge|p1b: Flutter Mane\n|-damage|p1b: Flutter Mane|48\/100\n|-damage|p2a: Iron Hands|86\/100|[from] Recoil\n|move|p1a: Landorus|U-turn|p2a: Iron Hands\n|-resisted|p2a: Iron Hands\n|-damage|p2a: Iron Hands|79\/100\n|\n|t:|1701100390\n|switch|p1a: Urshifu|Urshifu-Rapid-Strike, L50, F|100\/100|[from] U-turn\n|move|p1b: Flutter Mane|Moonblast|p2b: Ursaluna\n|-damage|p2b: Ursaluna|59\/100\n|\n|-weather|Sandstorm|[upkeep]\n|-damage|p2a: Iron Hands|73\/100|[from] Sandstorm\n|-damage|p1b: Flutter Mane|43\/100|[from] Sandstorm\n|-status|p2b: Ursaluna|brn|[from] item: Flame Orb\n|upkeep\n|turn|3\n|inactive|kidturtle has 30 seconds left.\n|\n|t:|1701100423\n|-end|p1b: Flutter Mane|Protosynthesis|[silent]\n|switch|p1b: Landorus|Landorus-Therian, L50, M|100\/100\n|-ability|p1b: Landorus|Intimidate|boost\n|-unboost|p2a: Iron Hands|atk|1\n|-unboost|p2b: Ursaluna|atk|1\n|move|p1a: Urshifu|Detect|p1a: Urshifu\n|-singleturn|p1a: Urshifu|Protect\n|move|p2b: Ursaluna|Facade|p1a: Urshifu\n|-activate|p1a: Urshifu|move: Protect\n|move|p2a: Iron Hands|Wild Charge|p1a: Urshifu\n|-activate|p1a: Urshifu|move: Protect\n|\n|-weather|Sandstorm|[upkeep]\n|-damage|p2a: Iron Hands|67\/100|[from] Sandstorm\n|-damage|p2b: Ursaluna|53\/100 brn|[from] brn\n|upkeep\n|turn|4\n|inactive|MasterofMetapods5 has 30 seconds left.\n|\n|t:|1701100458\n|-end|p2a: Iron Hands|Quark Drive|[silent]\n|switch|p2a: Cresselia|Cresselia, L50, F, tera:Fairy|67\/100\n|switch|p1b: Flutter Mane|Flutter Mane, L50|43\/100\n|move|p2b: Ursaluna|Earthquake|p1b: Flutter Mane|[spread] p1a,p1b\n|-immune|p2a: Cresselia|[from] ability: Levitate\n|-damage|p1a: Urshifu|53\/100\n|-damage|p1b: Flutter Mane|0 fnt\n|faint|p1b: Flutter Mane\n|-end|p1b: Flutter Mane|Protosynthesis|[silent]\n|move|p1a: Urshifu|Surging Strikes|p2a: Cresselia\n|-crit|p2a: Cresselia\n|-damage|p2a: Cresselia|54\/100\n|-crit|p2a: Cresselia\n|-damage|p2a: Cresselia|42\/100\n|-crit|p2a: Cresselia\n|-damage|p2a: Cresselia|29\/100\n|-hitcount|p2a: Cresselia|3\n|\n|-weather|Sandstorm|[upkeep]\n|-damage|p2a: Cresselia|23\/100|[from] Sandstorm\n|-damage|p2b: Ursaluna|47\/100 brn|[from] brn\n|upkeep\n|\n|t:|1701100460\n|switch|p1b: Landorus|Landorus-Therian, L50, M|100\/100\n|-ability|p1b: Landorus|Intimidate|boost\n|-unboost|p2a: Cresselia|atk|1\n|-unboost|p2b: Ursaluna|atk|1\n|turn|5\n|\n|t:|1701100474\n|switch|p2b: Iron Hands|Iron Hands, L50|67\/100\n|-terastallize|p1a: Urshifu|Water\n|move|p1a: Urshifu|Aqua Jet|p2a: Cresselia\n|-damage|p2a: Cresselia|4\/100\n|move|p2a: Cresselia|Lunar Blessing|p2a: Cresselia|[spread] p2a,p2b\n|-heal|p2a: Cresselia|29\/100\n|-heal|p2b: Iron Hands|92\/100\n|move|p1b: Landorus|Sandsear Storm|p2b: Iron Hands|[spread] p2b\n|-immune|p2a: Cresselia|[from] ability: Levitate\n|-supereffective|p2b: Iron Hands\n|-damage|p2b: Iron Hands|26\/100\n|-enditem|p2b: Iron Hands|Sitrus Berry|[eat]\n|-heal|p2b: Iron Hands|51\/100|[from] item: Sitrus Berry\n|\n|-weather|none\n|-fieldend|move: Trick Room\n|upkeep\n|turn|6\n|\n|t:|1701100490\n|move|p2b: Iron Hands|Fake Out|p1a: Urshifu\n|-damage|p1a: Urshifu|36\/100\n|cant|p1a: Urshifu|flinch\n|move|p1b: Landorus|Sandsear Storm|p2b: Iron Hands|[spread] p2b\n|-immune|p2a: Cresselia|[from] ability: Levitate\n|-supereffective|p2b: Iron Hands\n|-damage|p2b: Iron Hands|0 fnt\n|faint|p2b: Iron Hands\n|-end|p2b: Iron Hands|Quark Drive|[silent]\n|move|p2a: Cresselia|Trick Room|p2a: Cresselia\n|-fieldstart|move: Trick Room|[of] p2a: Cresselia\n|\n|upkeep\n|\n|t:|1701100496\n|switch|p2b: Ursaluna|Ursaluna, L50, M|47\/100 brn\n|turn|7\n|\n|t:|1701100506\n|move|p1a: Urshifu|Aqua Jet|p2b: Ursaluna\n|-supereffective|p2b: Ursaluna\n|-damage|p2b: Ursaluna|0 fnt\n|faint|p2b: Ursaluna\n|move|p2a: Cresselia|Lunar Blessing|p2a: Cresselia\n|-heal|p2a: Cresselia|54\/100\n|move|p1b: Landorus|Rock Slide|p2a: Cresselia\n|-damage|p2a: Cresselia|40\/100\n|\n|upkeep\n|\n|t:|1701100508\n|switch|p2b: Urshifu|Urshifu, L50, M|100\/100\n|turn|8\n|\n|t:|1701100517\n|move|p1a: Urshifu|Aqua Jet|p2b: Urshifu\n|-damage|p2b: Urshifu|68\/100\n|move|p2a: Cresselia|Ice Beam|p1b: Landorus\n|-supereffective|p1b: Landorus\n|-damage|p1b: Landorus|47\/100\n|-status|p1b: Landorus|frz\n|cant|p1b: Landorus|frz\n|move|p2b: Urshifu|Wicked Blow|p1a: Urshifu\n|-crit|p1a: Urshifu\n|-damage|p1a: Urshifu|0 fnt\n|faint|p1a: Urshifu\n|\n|upkeep\n|turn|9\n|c|\u2606MasterofMetapods5|gg\n|\n|t:|1701100530\n|move|p2b: Urshifu|Sucker Punch|p1b: Landorus\n|-damage|p1b: Landorus|7\/100 frz\n|move|p2a: Cresselia|Ice Beam|p1b: Landorus\n|-supereffective|p1b: Landorus\n|-damage|p1b: Landorus|0 fnt\n|faint|p1b: Landorus\n|\n|win|kidturtle\n|c|&|\/uhtml prompt-kidturtle,kidturtle is ready for game 2!\n|c|&|\/uhtml prompt-masterofmetapods5,MasterofMetapods5 is ready for game 2!\nBoth players are ready! Starting next match!\n","uploadtime":1701100860,"views":3,"p1id":"masterofmetapods5","p2id":"kidturtle","formatid":"gen9vgc2023regulatione","rating":0,"private":0,"password":""}