{"id":"gen9vgc2023regulatione-1988562192","p1":"TheBoiWhoTested","p2":"Hydra1239","format":"[Gen 9] VGC 2023 Regulation E","log":"|j|\u2606TheBoiWhoTested\n|j|\u2606Hydra1239\n|t:|1699736385\n|gametype|doubles\n|player|p1|TheBoiWhoTested|101|1045\n|player|p2|Hydra1239|265|1054\n|teamsize|p1|6\n|teamsize|p2|6\n|gen|9\n|tier|[Gen 9] VGC 2023 Regulation E\n|rated|\n|rule|Species Clause: Limit one of each Pok\u00e9mon\n|rule|Item Clause: Limit one of each item\n|clearpoke\n|poke|p1|Dondozo, L50, M|\n|poke|p1|Tatsugiri, L50, M|\n|poke|p1|Sinistcha, L50|\n|poke|p1|Maushold, L50|\n|poke|p1|Flutter Mane, L50|\n|poke|p1|Iron Hands, L50|\n|poke|p2|Ogerpon, L50, F|\n|poke|p2|Pelipper, L50, F|\n|poke|p2|Arcanine-Hisui, L50, F|\n|poke|p2|Kommo-o, L50, F|\n|poke|p2|Goodra-Hisui, L50, M|\n|poke|p2|Typhlosion-Hisui, L50, M|\n|teampreview|4\n|\n|t:|1699736404\n|start\n|switch|p1a: Tatsugiri|Tatsugiri, L50, M|100\/100\n|switch|p1b: Flutter Mane|Flutter Mane, L50|100\/100\n|switch|p2a: Ogerpon|Ogerpon, L50, F|100\/100\n|switch|p2b: Pelipper|Pelipper, L50, F|100\/100\n|-weather|RainDance|[from] ability: Drizzle|[of] p2b: Pelipper\n|-enditem|p1b: Flutter Mane|Booster Energy\n|-activate|p1b: Flutter Mane|ability: Protosynthesis|[fromitem]\n|-start|p1b: Flutter Mane|protosynthesisspe\n|turn|1\n|\n|t:|1699736425\n|-terastallize|p2a: Ogerpon|Grass\n|detailschange|p2a: Ogerpon|Ogerpon-Teal-Tera, L50, F, tera:Grass\n|-ability|p2a: Ogerpon|Embody Aspect (Teal)|boost\n|-boost|p2a: Ogerpon|spe|1\n|move|p1a: Tatsugiri|Protect|p1a: Tatsugiri\n|-singleturn|p1a: Tatsugiri|Protect\n|move|p1b: Flutter Mane|Moonblast|p2b: Pelipper\n|-damage|p2b: Pelipper|33\/100\n|move|p2a: Ogerpon|Swords Dance|p2a: Ogerpon\n|-boost|p2a: Ogerpon|atk|2\n|move|p2b: Pelipper|Hydro Pump|p1b: Flutter Mane|[miss]\n|-miss|p2b: Pelipper|p1b: Flutter Mane\n|\n|-weather|RainDance|[upkeep]\n|-status|p1a: Tatsugiri|tox|[from] item: Toxic Orb\n|upkeep\n|turn|2\n|\n|t:|1699736446\n|move|p1b: Flutter Mane|Moonblast|p2a: Ogerpon\n|-damage|p2a: Ogerpon|40\/100\n|move|p2a: Ogerpon|Ivy Cudgel|p1b: Flutter Mane\n|-crit|p1b: Flutter Mane\n|-damage|p1b: Flutter Mane|0 fnt\n|faint|p1b: Flutter Mane\n|-end|p1b: Flutter Mane|Protosynthesis|[silent]\n|move|p1a: Tatsugiri|Icy Wind|p2a: Ogerpon|[spread] p2a,p2b\n|-supereffective|p2a: Ogerpon\n|-damage|p2a: Ogerpon|6\/100\n|-damage|p2b: Pelipper|11\/100\n|-unboost|p2a: Ogerpon|spe|1\n|-unboost|p2b: Pelipper|spe|1\n|move|p2b: Pelipper|Hurricane|p1a: Tatsugiri\n|-damage|p1a: Tatsugiri|40\/100 tox\n|-start|p1a: Tatsugiri|confusion\n|\n|-weather|RainDance|[upkeep]\n|-damage|p1a: Tatsugiri|34\/100 tox|[from] psn\n|upkeep\n|\n|t:|1699736465\n|switch|p1b: Dondozo|Dondozo, L50, M|100\/100\n|-activate|p1a: Tatsugiri|ability: Commander|[of] p1b: Dondozo\n|-boost|p1b: Dondozo|atk|2\n|-boost|p1b: Dondozo|spa|2\n|-boost|p1b: Dondozo|spe|2\n|-boost|p1b: Dondozo|def|2\n|-boost|p1b: Dondozo|spd|2\n|turn|3\n|\n|t:|1699736475\n|move|p2a: Ogerpon|Ivy Cudgel|p1b: Dondozo\n|-supereffective|p1b: Dondozo\n|-damage|p1b: Dondozo|62\/100\n|move|p1b: Dondozo|Order Up|p2a: Ogerpon\n|-damage|p2a: Ogerpon|0 fnt\n|faint|p2a: Ogerpon\n|-boost|p1b: Dondozo|atk|1\n|move|p2b: Pelipper|Roost|p2b: Pelipper\n|-heal|p2b: Pelipper|61\/100\n|-singleturn|p2b: Pelipper|move: Roost\n|\n|-weather|RainDance|[upkeep]\n|-heal|p1b: Dondozo|68\/100|[from] item: Leftovers\n|-damage|p1a: Tatsugiri|23\/100 tox|[from] psn\n|upkeep\n|c|\u2606Hydra1239|unlucky\n|c|\u2606Hydra1239|think thats gg\n|\n|t:|1699736488\n|switch|p2a: Kommo-o|Kommo-o, L50, F|100\/100\n|turn|4\n|\n|t:|1699736495\n|move|p2a: Kommo-o|Clangorous Soul|p2a: Kommo-o\n|-boost|p2a: Kommo-o|atk|1\n|-boost|p2a: Kommo-o|def|1\n|-boost|p2a: Kommo-o|spa|1\n|-boost|p2a: Kommo-o|spd|1\n|-boost|p2a: Kommo-o|spe|1\n|-damage|p2a: Kommo-o|68\/100\n|-enditem|p2a: Kommo-o|Throat Spray\n|-boost|p2a: Kommo-o|spa|1|[from] item: Throat Spray\n|move|p1b: Dondozo|Order Up|p2a: Kommo-o\n|-supereffective|p2a: Kommo-o\n|-damage|p2a: Kommo-o|0 fnt\n|faint|p2a: Kommo-o\n|-boost|p1b: Dondozo|atk|1\n|move|p2b: Pelipper|Hurricane|p1b: Dondozo\n|-damage|p1b: Dondozo|48\/100\n|\n|-weather|RainDance|[upkeep]\n|-heal|p1b: Dondozo|54\/100|[from] item: Leftovers\n|-damage|p1a: Tatsugiri|6\/100 tox|[from] psn\n|upkeep\n|\n|t:|1699736498\n|switch|p2a: Goodra|Goodra-Hisui, L50, M|100\/100\n|turn|5\n|\n|t:|1699736521\n|move|p1b: Dondozo|Order Up|p2b: Pelipper\n|-damage|p2b: Pelipper|0 fnt\n|faint|p2b: Pelipper\n|-boost|p1b: Dondozo|atk|1\n|move|p2a: Goodra|Acid Armor|p2a: Goodra\n|-boost|p2a: Goodra|def|2\n|\n|-weather|RainDance|[upkeep]\n|-heal|p1b: Dondozo|60\/100|[from] item: Leftovers\n|-damage|p1a: Tatsugiri|0 fnt|[from] psn\n|faint|p1a: Tatsugiri\n|upkeep\n|\n|t:|1699736532\n|switch|p1a: Sinistcha|Sinistcha, L50|100\/100\n|-heal|p1b: Dondozo|85\/100|[from] ability: Hospitality|[of] p1a: Sinistcha\n|turn|6\n|\n|t:|1699736539\n|move|p1b: Dondozo|Wave Crash|p2a: Goodra\n|-resisted|p2a: Goodra\n|-damage|p2a: Goodra|0 fnt\n|faint|p2a: Goodra\n|-damage|p1b: Dondozo|61\/100|[from] Recoil\n|\n|win|TheBoiWhoTested\n|raw|TheBoiWhoTested's rating: 1045 &rarr; <strong>1079<\/strong><br \/>(+34 for winning)\n|raw|Hydra1239's rating: 1054 &rarr; <strong>1035<\/strong><br \/>(-19 for losing)\n|l|\u2606Hydra1239\n","uploadtime":1699736577,"views":17,"p1id":"theboiwhotested","p2id":"hydra1239","formatid":"gen9vgc2023regulatione","rating":1035,"private":0,"password":""}