{"id":"gen9vgc2023regulatione-1989427600","p1":"JeanRyuPR","p2":"Lbbones","format":"[Gen 9] VGC 2023 Regulation E","log":"|j|\u2606JeanRyuPR\n|j|\u2606Lbbones\n|n|\u2606JeanRyuPR|jeanryupr\n|n|\u2606Lbbones|lbbones\n|html|View the match progress at <a href=\"\/game-bestof3-gen9vgc2023regulatione-1989423678\">game-bestof3-gen9vgc2023regulatione-1989423678<\/a>\n|t:|1699848958\n|gametype|doubles\n|player|p1|JeanRyuPR|lance|\n|player|p2|Lbbones|169|\n|teamsize|p1|6\n|teamsize|p2|6\n|gen|9\n|tier|[Gen 9] VGC 2023 Regulation E\n|rule|Species Clause: Limit one of each Pok\u00e9mon\n|rule|Item Clause: Limit one of each item\n|clearpoke\n|poke|p1|Ogerpon-Wellspring, L50, F|\n|poke|p1|Farigiraf, L50, M|\n|poke|p1|Roaring Moon, L50|\n|poke|p1|Landorus-Therian, L50, M|\n|poke|p1|Rillaboom, L50, F|\n|poke|p1|Heatran, L50, M|\n|poke|p2|Tornadus, L50, M|\n|poke|p2|Mamoswine, L50, M|\n|poke|p2|Flutter Mane, L50|\n|poke|p2|Chi-Yu, L50|\n|poke|p2|Ogerpon-Wellspring, L50, F|\n|poke|p2|Iron Hands, L50|\n|teampreview|4\nJeanRyuPR has agreed to open team sheets.\n|\n|t:|1699848997\n|start\n|switch|p1a: Rillaboom|Rillaboom, L50, F|100\/100\n|switch|p1b: Ogerpon|Ogerpon-Wellspring, L50, F|100\/100\n|switch|p2a: Mamoswine|Mamoswine, L50, M|100\/100\n|switch|p2b: Ogerpon|Ogerpon-Wellspring, L50, F|100\/100\n|-fieldstart|move: Grassy Terrain|[from] ability: Grassy Surge|[of] p1a: Rillaboom\n|turn|1\n|\n|t:|1699849050\n|move|p2b: Ogerpon|Spiky Shield|p2b: Ogerpon\n|-singleturn|p2b: Ogerpon|move: Protect\n|move|p1a: Rillaboom|Fake Out|p2a: Mamoswine\n|-damage|p2a: Mamoswine|85\/100\n|cant|p2a: Mamoswine|flinch\n|move|p1b: Ogerpon|Swords Dance|p1b: Ogerpon\n|-boost|p1b: Ogerpon|atk|2\n|\n|-heal|p2a: Mamoswine|91\/100|[from] Grassy Terrain\n|upkeep\n|turn|2\n|\n|t:|1699849068\n|switch|p1a: Farigiraf|Farigiraf, L50, M|100\/100\n|move|p2b: Ogerpon|Follow Me|p2b: Ogerpon\n|-singleturn|p2b: Ogerpon|move: Follow Me\n|move|p2a: Mamoswine|Ice Shard||[still]\n|cant|p1a: Farigiraf|ability: Armor Tail|Ice Shard|[of] p2a: Mamoswine\n|move|p1b: Ogerpon|Ivy Cudgel|p2b: Ogerpon\n|-immune|p2b: Ogerpon|[from] ability: Water Absorb\n|\n|-heal|p2a: Mamoswine|97\/100|[from] Grassy Terrain\n|upkeep\n|turn|3\n|\n|t:|1699849100\n|move|p1b: Ogerpon|Spiky Shield|p1b: Ogerpon\n|-singleturn|p1b: Ogerpon|move: Protect\n|move|p2b: Ogerpon|Wood Hammer|p1b: Ogerpon\n|-activate|p1b: Ogerpon|move: Protect\n|-damage|p2b: Ogerpon|88\/100|[from] Spiky Shield|[of] p1b: Ogerpon\n|move|p2a: Mamoswine|Icicle Crash|p1a: Farigiraf\n|-damage|p1a: Farigiraf|56\/100\n|move|p1a: Farigiraf|Nasty Plot|p1a: Farigiraf\n|-boost|p1a: Farigiraf|spa|2\n|\n|-heal|p2b: Ogerpon|94\/100|[from] Grassy Terrain\n|-heal|p2a: Mamoswine|100\/100|[from] Grassy Terrain\n|-heal|p1a: Farigiraf|62\/100|[from] Grassy Terrain\n|upkeep\n|turn|4\n|\n|t:|1699849122\n|move|p2b: Ogerpon|Ivy Cudgel|p1a: Farigiraf\n|-damage|p1a: Farigiraf|0 fnt\n|faint|p1a: Farigiraf\n|move|p1b: Ogerpon|Horn Leech|p2b: Ogerpon\n|-damage|p2b: Ogerpon|0 fnt\n|faint|p2b: Ogerpon\n|move|p2a: Mamoswine|Icicle Crash|p1b: Ogerpon\n|-damage|p1b: Ogerpon|46\/100\n|\n|-heal|p1b: Ogerpon|52\/100|[from] Grassy Terrain\n|upkeep\n|\n|t:|1699849135\n|switch|p2b: Flutter Mane|Flutter Mane, L50|100\/100\n|switch|p1a: Rillaboom|Rillaboom, L50, F|100\/100\n|turn|5\n|\n|t:|1699849157\n|-terastallize|p2b: Flutter Mane|Fairy\n|-terastallize|p1a: Rillaboom|Fire\n|move|p1a: Rillaboom|Fake Out|p2a: Mamoswine\n|-damage|p2a: Mamoswine|84\/100\n|cant|p2a: Mamoswine|flinch\n|move|p2b: Flutter Mane|Dazzling Gleam|p1a: Rillaboom|[spread] p1a,p1b\n|-resisted|p1a: Rillaboom\n|-damage|p1a: Rillaboom|84\/100\n|-damage|p1b: Ogerpon|10\/100\n|move|p1b: Ogerpon|Ivy Cudgel|p2b: Flutter Mane\n|-damage|p2b: Flutter Mane|0 fnt\n|faint|p2b: Flutter Mane\n|-end|p2b: Flutter Mane|Protosynthesis|[silent]\n|\n|-heal|p1b: Ogerpon|16\/100|[from] Grassy Terrain\n|-heal|p2a: Mamoswine|90\/100|[from] Grassy Terrain\n|-heal|p1a: Rillaboom|90\/100|[from] Grassy Terrain\n|-fieldend|move: Grassy Terrain\n|upkeep\n|\n|t:|1699849177\n|switch|p2b: Iron Hands|Iron Hands, L50|100\/100\n|turn|6\n|\n|t:|1699849188\n|move|p1b: Ogerpon|Spiky Shield|p1b: Ogerpon\n|-singleturn|p1b: Ogerpon|move: Protect\n|move|p2b: Iron Hands|Fake Out|p1b: Ogerpon\n|-activate|p1b: Ogerpon|move: Protect\n|-damage|p2b: Iron Hands|88\/100|[from] Spiky Shield|[of] p1b: Ogerpon\n|move|p2a: Mamoswine|High Horsepower|p1a: Rillaboom\n|-supereffective|p1a: Rillaboom\n|-damage|p1a: Rillaboom|0 fnt\n|faint|p1a: Rillaboom\n|\n|upkeep\n|\n|t:|1699849198\n|switch|p1a: Landorus|Landorus-Therian, L50, M|100\/100\n|-ability|p1a: Landorus|Intimidate|boost\n|-fail|p2a: Mamoswine|unboost|Attack|[from] ability: Oblivious|[of] p2a: Mamoswine\n|-unboost|p2b: Iron Hands|atk|1\n|turn|7\n|\n|t:|1699849227\n|move|p2a: Mamoswine|Ice Shard|p1a: Landorus\n|-supereffective|p1a: Landorus\n|-damage|p1a: Landorus|0 fnt\n|faint|p1a: Landorus\n|move|p1b: Ogerpon|Horn Leech|p2a: Mamoswine\n|-supereffective|p2a: Mamoswine\n|-damage|p2a: Mamoswine|0 fnt\n|-heal|p1b: Ogerpon|63\/100|[from] drain|[of] p2a: Mamoswine\n|faint|p2a: Mamoswine\n|move|p2b: Iron Hands|Wild Charge|p1b: Ogerpon\n|-damage|p1b: Ogerpon|25\/100\n|-damage|p2b: Iron Hands|81\/100|[from] Recoil\n|\n|upkeep\n|turn|8\n|\n|t:|1699849247\n|move|p1b: Ogerpon|Ivy Cudgel|p2b: Iron Hands\n|-damage|p2b: Iron Hands|0 fnt\n|faint|p2b: Iron Hands\n|-end|p2b: Iron Hands|Quark Drive|[silent]\n|\n|win|JeanRyuPR\n","uploadtime":1699849270,"views":8,"p1id":"jeanryupr","p2id":"lbbones","formatid":"gen9vgc2023regulatione","rating":0,"private":0,"password":""}