{"id":"gen9vgc2023regulatione-1995648851","p1":"secretstudent","p2":"king dededededumb","format":"[Gen 9] VGC 2023 Regulation E","log":"|j|\u2606secretstudent\n|j|\u2606king dededededumb\n|t:|1700590661\n|gametype|doubles\n|player|p1|secretstudent|beauty|1096\n|player|p2|king dededededumb|morty|1091\n|teamsize|p1|6\n|teamsize|p2|6\n|gen|9\n|tier|[Gen 9] VGC 2023 Regulation E\n|rated|\n|rule|Species Clause: Limit one of each Pok\u00e9mon\n|rule|Item Clause: Limit one of each item\n|clearpoke\n|poke|p1|Chien-Pao, L50|\n|poke|p1|Amoonguss, L50, F|\n|poke|p1|Hatterene, L50, F|\n|poke|p1|Gyarados, L50, M|\n|poke|p1|Volcarona, L50, F|\n|poke|p1|Ogerpon, L50, F|\n|poke|p2|Palafin, L50, F|\n|poke|p2|Gliscor, L50, F|\n|poke|p2|Tornadus, L50, M|\n|poke|p2|Thundurus-Therian, L50, M|\n|poke|p2|Basculegion, L50, M|\n|poke|p2|Urshifu-*, L50, M|\n|teampreview|4\n|inactive|Battle timer is ON: inactive players will automatically lose when time's up. (requested by king dededededumb)\n|\n|t:|1700590731\n|start\n|switch|p1a: Chien-Pao|Chien-Pao, L50|100\/100\n|switch|p1b: Ogerpon|Ogerpon, L50, F|100\/100\n|switch|p2a: Tornadus|Tornadus, L50, M|100\/100\n|switch|p2b: Palafin|Palafin, L50, F|100\/100\n|-ability|p1a: Chien-Pao|Sword of Ruin\n|turn|1\n|inactive|secretstudent has 30 seconds left.\n|\n|t:|1700590763\n|move|p1a: Chien-Pao|Protect|p1a: Chien-Pao\n|-singleturn|p1a: Chien-Pao|Protect\n|move|p2a: Tornadus|Tailwind|p2a: Tornadus\n|-sidestart|p2: king dededededumb|move: Tailwind\n|move|p2b: Palafin|Flip Turn|p1a: Chien-Pao\n|-activate|p1a: Chien-Pao|move: Protect\n|move|p1b: Ogerpon|Ivy Cudgel|p2b: Palafin\n|-supereffective|p2b: Palafin\n|-damage|p2b: Palafin|0 fnt\n|faint|p2b: Palafin\n|-damage|p1b: Ogerpon|91\/100|[from] item: Life Orb\n|\n|upkeep\n|\n|t:|1700590779\n|switch|p2b: Thundurus|Thundurus-Therian, L50, M|100\/100\n|turn|2\n|\n|t:|1700590799\n|move|p1b: Ogerpon|Spiky Shield|p1b: Ogerpon\n|-singleturn|p1b: Ogerpon|move: Protect\n|move|p2a: Tornadus|Rain Dance|p2a: Tornadus\n|-weather|RainDance\n|move|p2b: Thundurus|Wildbolt Storm|p1a: Chien-Pao|[spread] p1a\n|-activate|p1b: Ogerpon|move: Protect\n|-enditem|p1a: Chien-Pao|Focus Sash\n|-damage|p1a: Chien-Pao|1\/100\n|move|p1a: Chien-Pao|Icicle Crash|p2a: Tornadus\n|-supereffective|p2a: Tornadus\n|-enditem|p2a: Tornadus|Focus Sash\n|-damage|p2a: Tornadus|1\/100\n|\n|-weather|RainDance|[upkeep]\n|upkeep\n|turn|3\n|\n|t:|1700590823\n|-terastallize|p2b: Thundurus|Electric\n|move|p1b: Ogerpon|Follow Me|p1b: Ogerpon\n|-singleturn|p1b: Ogerpon|move: Follow Me\n|move|p1a: Chien-Pao|Sucker Punch|p2a: Tornadus\n|-damage|p2a: Tornadus|0 fnt\n|faint|p2a: Tornadus\n|move|p2b: Thundurus|Wildbolt Storm|p1b: Ogerpon|[spread] p1a,p1b\n|-resisted|p1b: Ogerpon\n|-damage|p1a: Chien-Pao|0 fnt\n|-damage|p1b: Ogerpon|40\/100\n|faint|p1a: Chien-Pao\n|\n|-weather|RainDance|[upkeep]\n|upkeep\n|\n|t:|1700590846\n|switch|p1a: Gyarados|Gyarados, L50, M|100\/100\n|switch|p2a: Gliscor|Gliscor, L50, F|100\/100\n|-ability|p1a: Gyarados|Intimidate|boost\n|-unboost|p2a: Gliscor|atk|1\n|-unboost|p2b: Thundurus|atk|1\n|turn|4\n|l|\u2606secretstudent\n|inactive|secretstudent disconnected and has a minute to reconnect!\n|player|p1|\n|inactive|secretstudent has 30 seconds left.\n|inactive|king dededededumb has 30 seconds left.\n|j|\u2606secretstudent\n|inactive|secretstudent reconnected and has 25 seconds left.\n|player|p1|secretstudent|beauty\n|inactive|secretstudent has 20 seconds left.\n|inactive|king dededededumb has 20 seconds left.\n|inactive|secretstudent has 15 seconds left.\n|inactive|king dededededumb has 15 seconds left.\n|inactive|secretstudent has 10 seconds left.\n|inactive|king dededededumb has 10 seconds left.\n|inactive|secretstudent has 5 seconds left.\n|\n|t:|1700590901\n|-terastallize|p1a: Gyarados|Ground\n|move|p2a: Gliscor|Protect|p2a: Gliscor\n|-singleturn|p2a: Gliscor|Protect\n|move|p2b: Thundurus|Wildbolt Storm|p1b: Ogerpon|[spread] p1b\n|-immune|p1a: Gyarados\n|-resisted|p1b: Ogerpon\n|-damage|p1b: Ogerpon|0 fnt\n|faint|p1b: Ogerpon\n|move|p1a: Gyarados|Waterfall|p2a: Gliscor\n|-activate|p2a: Gliscor|move: Protect\n|\n|-weather|RainDance|[upkeep]\n|-sideend|p2: king dededededumb|move: Tailwind\n|-status|p2a: Gliscor|tox|[from] item: Toxic Orb\n|upkeep\n|\n|t:|1700590907\n|switch|p1b: Amoonguss|Amoonguss, L50, F|100\/100\n|turn|5\n|\n|t:|1700590924\n|move|p2b: Thundurus|Wildbolt Storm|p1b: Amoonguss|[spread] p1b\n|-immune|p1a: Gyarados\n|-resisted|p1b: Amoonguss\n|-damage|p1b: Amoonguss|61\/100\n|move|p1a: Gyarados|Waterfall|p2a: Gliscor\n|-supereffective|p2a: Gliscor\n|-damage|p2a: Gliscor|11\/100 tox\n|move|p2a: Gliscor|Fling|p1a: Gyarados\n|-damage|p1a: Gyarados|93\/100\n|-status|p1a: Gyarados|tox\n|-enditem|p2a: Gliscor|Toxic Orb|[from] move: Fling\n|move|p1b: Amoonguss|Spore|p2b: Thundurus\n|-status|p2b: Thundurus|slp|[from] move: Spore\n|\n|-weather|RainDance|[upkeep]\n|-damage|p1a: Gyarados|87\/100 tox|[from] psn\n|-heal|p2a: Gliscor|24\/100 tox|[from] ability: Poison Heal\n|upkeep\n|turn|6\n|inactive|secretstudent has 30 seconds left.\n|\n|t:|1700590953\n|move|p2a: Gliscor|Protect|p2a: Gliscor\n|-singleturn|p2a: Gliscor|Protect\n|cant|p2b: Thundurus|slp\n|move|p1a: Gyarados|Waterfall|p2b: Thundurus\n|-damage|p2b: Thundurus|4\/100 slp\n|move|p1b: Amoonguss|Pollen Puff|p2a: Gliscor\n|-activate|p2a: Gliscor|move: Protect\n|\n|-weather|none\n|-damage|p1a: Gyarados|75\/100 tox|[from] psn\n|-heal|p2a: Gliscor|36\/100 tox|[from] ability: Poison Heal\n|upkeep\n|turn|7\n|\n|t:|1700590972\n|-curestatus|p2b: Thundurus|slp|[msg]\n|move|p2b: Thundurus|Wildbolt Storm|p1a: Gyarados|[spread] p1b\n|-immune|p1a: Gyarados\n|-resisted|p1b: Amoonguss\n|-damage|p1b: Amoonguss|23\/100\n|-status|p1b: Amoonguss|par\n|-enditem|p1b: Amoonguss|Iapapa Berry|[eat]\n|-heal|p1b: Amoonguss|56\/100 par|[from] item: Iapapa Berry\n|move|p1a: Gyarados|Waterfall|p2a: Gliscor\n|-supereffective|p2a: Gliscor\n|-damage|p2a: Gliscor|0 fnt\n|faint|p2a: Gliscor\n|move|p1b: Amoonguss|Pollen Puff|p2b: Thundurus\n|-damage|p2b: Thundurus|0 fnt\n|faint|p2b: Thundurus\n|\n|win|secretstudent\n|raw|secretstudent's rating: 1096 &rarr; <strong>1121<\/strong><br \/>(+25 for winning)\n|raw|king dededededumb's rating: 1091 &rarr; <strong>1068<\/strong><br \/>(-23 for losing)\n","uploadtime":1700590984,"views":1,"p1id":"secretstudent","p2id":"kingdededededumb","formatid":"gen9vgc2023regulatione","rating":1068,"private":0,"password":""}