{"id":"gen9vgc2023regulatione-1991013163","p1":"moonybunny","p2":"Animeredneck","format":"[Gen 9] VGC 2023 Regulation E","log":"|j|\u2606moonybunny\n|j|\u2606Animeredneck\n|t:|1700027945\n|gametype|doubles\n|player|p1|moonybunny|parasollady-gen4|\n|player|p2|Animeredneck|sage|\n|teamsize|p1|6\n|teamsize|p2|6\n|gen|9\n|tier|[Gen 9] VGC 2023 Regulation E\n|rated|Tournament battle\n|rule|Species Clause: Limit one of each Pok\u00e9mon\n|rule|Item Clause: Limit one of each item\n|clearpoke\n|poke|p1|Ninetales-Alola, L50, F|\n|poke|p1|Baxcalibur, L50, M|\n|poke|p1|Iron Hands, L50|\n|poke|p1|Heatran, L50, M|\n|poke|p1|Landorus-Therian, L50, M|\n|poke|p1|Ogerpon-Wellspring, L50, F|\n|poke|p2|Arcanine-Hisui, L50, M|\n|poke|p2|Chien-Pao, L50|\n|poke|p2|Urshifu-*, L50, M|\n|poke|p2|Rillaboom, L50, F|\n|poke|p2|Flutter Mane, L50|\n|poke|p2|Tornadus, L50, M|\n|teampreview|4\n|showteam|p1|Ninetales-Alola||LightClay|SnowWarning|AuroraVeil,Moonblast,IcyWind,Encore|||F|||50|,,,,,Dark]Baxcalibur||LoadedDice|IceBody|Protect,IcicleSpear,HighHorsepower,DragonDance|||M|||50|,,,,,Fire]Iron Hands||AssaultVest|QuarkDrive|FakeOut,DrainPunch,WildCharge,HeavySlam||||||50|,,,,,Fire]Heatran||Leftovers|FlashFire|Protect,EarthPower,MagmaStorm,Substitute|||M|||50|,,,,,Fairy]Landorus-Therian||ChoiceScarf|Intimidate|RockSlide,StompingTantrum,Uturn,TeraBlast|||M|||50|,,,,,Flying]Ogerpon-Wellspring||WellspringMask|WaterAbsorb|FollowMe,IvyCudgel,HornLeech,SpikyShield|||F|||50|,,,,,Water\n|showteam|p2|Arcanine-Hisui||ChoiceBand|Intimidate|FlareBlitz,HeadSmash,RockSlide,ExtremeSpeed|||M|||50|,,,,,Normal]Chien-Pao||FocusSash|SwordofRuin|SuckerPunch,IcicleCrash,SacredSword,Protect||||||50|,,,,,Ghost]Urshifu-Rapid-Strike||MysticWater|UnseenFist|SurgingStrikes,AquaJet,CloseCombat,Detect|||M|||50|,,,,,Water]Rillaboom||AssaultVest|GrassySurge|WoodHammer,GrassyGlide,Uturn,FakeOut|||F|||50|,,,,,Fire]Flutter Mane||BoosterEnergy|Protosynthesis|ShadowBall,Moonblast,DazzlingGleam,Protect||||||50|,,,,,Fairy]Tornadus||RockyHelmet|Prankster|BleakwindStorm,Taunt,Tailwind,RainDance|||M|||50|,,,,,Ghost\n|c|\u2606moonybunny|glhf\n|c|\u2606Animeredneck|glhf\n|j|%Radio Free C-Side\n|\n|t:|1700027990\n|start\n|switch|p1a: Iron Hands|Iron Hands, L50, shiny|100\/100\n|switch|p1b: Ogerpon|Ogerpon-Wellspring, L50, F|100\/100\n|switch|p2a: Tornadus|Tornadus, L50, M|100\/100\n|switch|p2b: Arcanine|Arcanine-Hisui, L50, M|100\/100\n|-ability|p2b: Arcanine|Intimidate|boost\n|-unboost|p1a: Iron Hands|atk|1\n|-unboost|p1b: Ogerpon|atk|1\n|turn|1\n|j| MasterofMetapods5\n|l| MasterofMetapods5\n|l|%Radio Free C-Side\n|\n|t:|1700028053\n|switch|p2b: Urshifu|Urshifu-Rapid-Strike, L50, M|100\/100\n|-end|p1a: Iron Hands|Quark Drive|[silent]\n|switch|p1a: Landorus|Landorus-Therian, L50, M|100\/100\n|-ability|p1a: Landorus|Intimidate|boost\n|-unboost|p2a: Tornadus|atk|1\n|-unboost|p2b: Urshifu|atk|1\n|-terastallize|p1b: Ogerpon|Water\n|detailschange|p1b: Ogerpon|Ogerpon-Wellspring-Tera, L50, F, tera:Water\n|-ability|p1b: Ogerpon|Embody Aspect (Wellspring)|boost\n|-boost|p1b: Ogerpon|spd|1\n|move|p1b: Ogerpon|Ivy Cudgel|p2b: Urshifu|[anim] Ivy Cudgel Water\n|-resisted|p2b: Urshifu\n|-damage|p2b: Urshifu|81\/100\n|move|p2a: Tornadus|Bleakwind Storm|p1a: Landorus|[spread] p1b\n|-miss|p2a: Tornadus|p1a: Landorus\n|-damage|p1b: Ogerpon|80\/100\n|\n|upkeep\n|turn|2\n|\n|t:|1700028090\n|switch|p1a: Iron Hands|Iron Hands, L50, shiny|100\/100\n|move|p2b: Urshifu|Detect|p2b: Urshifu\n|-singleturn|p2b: Urshifu|Protect\n|move|p2a: Tornadus|Tailwind|p2a: Tornadus\n|-sidestart|p2: Animeredneck|move: Tailwind\n|move|p1b: Ogerpon|Horn Leech|p2b: Urshifu\n|-activate|p2b: Urshifu|move: Protect\n|\n|upkeep\n|turn|3\n|j| HellfireMissile\n|\n|t:|1700028118\n|switch|p2b: Arcanine|Arcanine-Hisui, L50, M|100\/100\n|-ability|p2b: Arcanine|Intimidate|boost\n|-unboost|p1a: Iron Hands|atk|1\n|-unboost|p1b: Ogerpon|atk|1\n|move|p1b: Ogerpon|Follow Me|p1b: Ogerpon\n|-singleturn|p1b: Ogerpon|move: Follow Me\n|move|p2a: Tornadus|Rain Dance|p2a: Tornadus\n|-weather|RainDance\n|move|p1a: Iron Hands|Wild Charge|p2b: Arcanine\n|-damage|p2b: Arcanine|56\/100\n|-damage|p1a: Iron Hands|92\/100|[from] Recoil\n|\n|-weather|RainDance|[upkeep]\n|upkeep\n|turn|4\n|j| Romsfun 2\n|\n|t:|1700028150\n|switch|p2b: Urshifu|Urshifu-Rapid-Strike, L50, M|81\/100\n|move|p2a: Tornadus|Bleakwind Storm|p1b: Ogerpon|[spread] p1a,p1b\n|-crit|p1b: Ogerpon\n|-damage|p1a: Iron Hands|77\/100\n|-damage|p1b: Ogerpon|34\/100\n|move|p1b: Ogerpon|Ivy Cudgel|p2b: Urshifu|[anim] Ivy Cudgel Water\n|-resisted|p2b: Urshifu\n|-damage|p2b: Urshifu|57\/100\n|move|p1a: Iron Hands|Drain Punch|p2b: Urshifu\n|-damage|p2b: Urshifu|29\/100\n|-heal|p1a: Iron Hands|89\/100|[from] drain|[of] p2b: Urshifu\n|\n|-weather|RainDance|[upkeep]\n|upkeep\n|turn|5\n|j| RSPA2001\n|\n|t:|1700028189\n|move|p2b: Urshifu|Detect|p2b: Urshifu\n|-singleturn|p2b: Urshifu|Protect\n|move|p2a: Tornadus|Bleakwind Storm|p1a: Iron Hands|[spread] p1a,p1b\n|-damage|p1a: Iron Hands|72\/100\n|-damage|p1b: Ogerpon|14\/100\n|-unboost|p1b: Ogerpon|spe|1\n|move|p1b: Ogerpon|Ivy Cudgel|p2a: Tornadus|[anim] Ivy Cudgel Water\n|-crit|p2a: Tornadus\n|-damage|p2a: Tornadus|0 fnt\n|faint|p2a: Tornadus\n|move|p1a: Iron Hands|Wild Charge|p2b: Urshifu\n|-activate|p2b: Urshifu|move: Protect\n|\n|-weather|RainDance|[upkeep]\n|-sideend|p2: Animeredneck|move: Tailwind\n|upkeep\n|c|\u2606moonybunny|bonked\n|\n|t:|1700028203\n|switch|p2a: Arcanine|Arcanine-Hisui, L50, M|56\/100\n|-ability|p2a: Arcanine|Intimidate|boost\n|-unboost|p1a: Iron Hands|atk|1\n|-unboost|p1b: Ogerpon|atk|1\n|turn|6\n|\n|t:|1700028228\n|-terastallize|p2b: Urshifu|Water\n|move|p1b: Ogerpon|Spiky Shield|p1b: Ogerpon\n|-singleturn|p1b: Ogerpon|move: Protect\n|move|p2a: Arcanine|Extreme Speed|p1b: Ogerpon\n|-activate|p1b: Ogerpon|move: Protect\n|-damage|p2a: Arcanine|43\/100|[from] Spiky Shield|[of] p1b: Ogerpon\n|move|p2b: Urshifu|Surging Strikes|p1a: Iron Hands\n|-crit|p1a: Iron Hands\n|-damage|p1a: Iron Hands|36\/100\n|-crit|p1a: Iron Hands\n|-damage|p1a: Iron Hands|0 fnt\n|faint|p1a: Iron Hands\n|-end|p1a: Iron Hands|Quark Drive|[silent]\n|-hitcount|p1: Iron Hands|2\n|\n|-weather|RainDance|[upkeep]\n|upkeep\n|\n|t:|1700028240\n|switch|p1a: Landorus|Landorus-Therian, L50, M|100\/100\n|-ability|p1a: Landorus|Intimidate|boost\n|-unboost|p2a: Arcanine|atk|1\n|-unboost|p2b: Urshifu|atk|1\n|turn|7\n|\n|t:|1700028253\n|switch|p1b: Heatran|Heatran, L50, M|100\/100\n|move|p2a: Arcanine|Extreme Speed|p1b: Heatran\n|-resisted|p1b: Heatran\n|-damage|p1b: Heatran|90\/100\n|move|p2b: Urshifu|Aqua Jet|p1a: Landorus\n|-supereffective|p1a: Landorus\n|-damage|p1a: Landorus|9\/100\n|move|p1a: Landorus|Stomping Tantrum|p2b: Urshifu\n|-damage|p2b: Urshifu|0 fnt\n|faint|p2b: Urshifu\n|\n|-weather|none\n|-heal|p1b: Heatran|96\/100|[from] item: Leftovers\n|upkeep\n|\n|t:|1700028263\n|switch|p2b: Chien-Pao|Chien-Pao, L50|100\/100\n|-ability|p2b: Chien-Pao|Sword of Ruin\n|turn|8\n|\n|t:|1700028275\n|move|p2a: Arcanine|Extreme Speed|p1a: Landorus\n|-damage|p1a: Landorus|0 fnt\n|faint|p1a: Landorus\n|move|p2b: Chien-Pao|Sacred Sword|p1b: Heatran\n|-supereffective|p1b: Heatran\n|-crit|p1b: Heatran\n|-damage|p1b: Heatran|3\/100\n|move|p1b: Heatran|Magma Storm|p2b: Chien-Pao\n|-supereffective|p2b: Chien-Pao\n|-enditem|p2b: Chien-Pao|Focus Sash\n|-damage|p2b: Chien-Pao|1\/100\n|-activate|p2b: Chien-Pao|move: Magma Storm|[of] p1b: Heatran\n|\n|-heal|p1b: Heatran|9\/100|[from] item: Leftovers\n|-damage|p2b: Chien-Pao|0 fnt|[from] move: Magma Storm|[partiallytrapped]\n|faint|p2b: Chien-Pao\n|upkeep\n|\n|t:|1700028277\n|switch|p1a: Ogerpon|Ogerpon-Wellspring-Tera, L50, F, tera:Water|14\/100\n|-ability|p1a: Ogerpon|Embody Aspect (Wellspring)|boost\n|-boost|p1a: Ogerpon|spd|1\n|turn|9\n|c|\u2606moonybunny|gg\n|\n|t:|1700028287\n|move|p2a: Arcanine|Extreme Speed|p1a: Ogerpon\n|-damage|p1a: Ogerpon|0 fnt\n|faint|p1a: Ogerpon\n|move|p1b: Heatran|Earth Power|p2a: Arcanine\n|-supereffective|p2a: Arcanine\n|-damage|p2a: Arcanine|0 fnt\n|faint|p2a: Arcanine\n|\n|win|moonybunny\n|n|\u2606moonybunny|moonybunny\n|n|\u2606Animeredneck|animeredneck\n|n| HellfireMissile|hellfiremissile\n|n| Romsfun 2|romsfun2\n|n| RSPA2001|rspa2001\n|l|\u2606moonybunny\n|c|\u2606Animeredneck|gg\n","uploadtime":1700028303,"views":19,"p1id":"moonybunny","p2id":"animeredneck","formatid":"gen9vgc2023regulatione","rating":0,"private":0,"password":""}