{"id":"gen9vgc2023regulatione-1990694791","p1":"Yahar","p2":"mistah mistah 11","format":"[Gen 9] VGC 2023 Regulation E","log":"|j|\u2606Yahar\n|j|\u2606mistah mistah 11\n|t:|1699992439\n|gametype|doubles\n|player|p1|Yahar|shauntal|1335\n|player|p2|mistah mistah 11|170|1256\n|teamsize|p1|6\n|teamsize|p2|6\n|gen|9\n|tier|[Gen 9] VGC 2023 Regulation E\n|rated|\n|rule|Species Clause: Limit one of each Pok\u00e9mon\n|rule|Item Clause: Limit one of each item\n|clearpoke\n|poke|p1|Zapdos, L50|\n|poke|p1|Iron Bundle, L50|\n|poke|p1|Heatran, L50, F|\n|poke|p1|Ogerpon-Wellspring, L50, F|\n|poke|p1|Rillaboom, L50, M|\n|poke|p1|Urshifu-*, L50, M|\n|poke|p2|Palafin, L50, F|\n|poke|p2|Flutter Mane, L50|\n|poke|p2|Tornadus, L50, M|\n|poke|p2|Rillaboom, L50, M|\n|poke|p2|Ogerpon-Hearthflame, L50, F|\n|poke|p2|Baxcalibur, L50, F|\n|teampreview|4\n|inactive|Battle timer is ON: inactive players will automatically lose when time's up. (requested by Yahar)\nYahar has agreed to open team sheets.\nmistah mistah 11 has agreed to open team sheets.\n|inactive|Yahar has 30 seconds left.\n|inactive|mistah mistah 11 has 30 seconds left.\n|inactive|Yahar has 20 seconds left.\n|inactive|mistah mistah 11 has 20 seconds left.\n|inactive|mistah mistah 11 has 15 seconds left.\n|\n|t:|1699992486\n|start\n|switch|p1a: Zapdos|Zapdos, L50|100\/100\n|switch|p1b: Iron Bundle|Iron Bundle, L50|100\/100\n|switch|p2a: Palafin|Palafin, L50, F|100\/100\n|switch|p2b: Tornadus|Tornadus, L50, M|100\/100\n|-enditem|p1b: Iron Bundle|Booster Energy\n|-activate|p1b: Iron Bundle|ability: Quark Drive|[fromitem]\n|-start|p1b: Iron Bundle|quarkdrivespe\n|turn|1\n|\n|t:|1699992508\n|detailschange|p2a: Palafin|Palafin-Hero, L50, F\n|switch|p2a: Rillaboom|Rillaboom, L50, M|100\/100\n|-fieldstart|move: Grassy Terrain|[from] ability: Grassy Surge|[of] p2a: Rillaboom\n|move|p2b: Tornadus|Taunt|p1a: Zapdos\n|-start|p1a: Zapdos|move: Taunt\n|move|p1b: Iron Bundle|Icy Wind|p2b: Tornadus|[spread] p2a,p2b\n|-supereffective|p2a: Rillaboom\n|-supereffective|p2b: Tornadus\n|-damage|p2a: Rillaboom|75\/100\n|-damage|p2b: Tornadus|46\/100\n|-unboost|p2a: Rillaboom|spe|1\n|cant|p1a: Zapdos|move: Taunt|Tailwind\n|\n|-heal|p2a: Rillaboom|81\/100|[from] Grassy Terrain\n|upkeep\n|turn|2\n|inactive|mistah mistah 11 has 30 seconds left.\n|\n|t:|1699992538\n|move|p1b: Iron Bundle|Protect|p1b: Iron Bundle\n|-singleturn|p1b: Iron Bundle|Protect\n|move|p2a: Rillaboom|Fake Out|p1b: Iron Bundle\n|-activate|p1b: Iron Bundle|move: Protect\n|move|p2b: Tornadus|Tailwind|p2b: Tornadus\n|-sidestart|p2: mistah mistah 11|move: Tailwind\n|move|p1a: Zapdos|Hurricane|p2a: Rillaboom\n|-supereffective|p2a: Rillaboom\n|-damage|p2a: Rillaboom|21\/100\n|\n|-heal|p2a: Rillaboom|27\/100|[from] Grassy Terrain\n|upkeep\n|turn|3\n|\n|t:|1699992560\n|-end|p1b: Iron Bundle|Quark Drive|[silent]\n|switch|p1b: Rillaboom|Rillaboom, L50, M|100\/100\n|move|p2b: Tornadus|Bleakwind Storm|p1a: Zapdos|[spread] p1b\n|-miss|p2b: Tornadus|p1a: Zapdos\n|-supereffective|p1b: Rillaboom\n|-damage|p1b: Rillaboom|15\/100\n|move|p2a: Rillaboom|U-turn|p1b: Rillaboom\n|-supereffective|p1b: Rillaboom\n|-damage|p1b: Rillaboom|0 fnt\n|faint|p1b: Rillaboom\n|\n|t:|1699992571\n|switch|p2a: Palafin|Palafin-Hero, L50, F|100\/100|[from] U-turn\n|-activate|p2a: Palafin|ability: Zero to Hero\n|move|p1a: Zapdos|Thunderbolt|p2b: Tornadus\n|-supereffective|p2b: Tornadus\n|-damage|p2b: Tornadus|0 fnt\n|faint|p2b: Tornadus\n|\n|-end|p1a: Zapdos|move: Taunt\n|upkeep\n|\n|t:|1699992582\n|switch|p2b: Rillaboom|Rillaboom, L50, M|27\/100\n|switch|p1b: Ogerpon|Ogerpon-Wellspring, L50, F|100\/100\n|turn|4\n|\n|t:|1699992598\n|-terastallize|p2a: Palafin|Fairy\n|move|p2b: Rillaboom|Fake Out|p1a: Zapdos\n|-damage|p1a: Zapdos|89\/100\n|-damage|p2b: Rillaboom|10\/100|[from] item: Rocky Helmet|[of] p1a: Zapdos\n|move|p1b: Ogerpon|Grassy Glide|p2a: Palafin\n|-damage|p2a: Palafin|59\/100\n|move|p2a: Palafin|Bulk Up|p2a: Palafin\n|-boost|p2a: Palafin|atk|1\n|-boost|p2a: Palafin|def|1\n|cant|p1a: Zapdos|flinch\n|\n|-heal|p2a: Palafin|65\/100|[from] Grassy Terrain\n|-heal|p2b: Rillaboom|16\/100|[from] Grassy Terrain\n|upkeep\n|turn|5\n|inactive|Yahar has 30 seconds left.\n|inactive|Yahar has 20 seconds left.\n|inactive|Yahar has 15 seconds left.\n|inactive|mistah mistah 11 has 30 seconds left.\n|inactive|mistah mistah 11 has 20 seconds left.\n|\n|t:|1699992648\n|move|p1b: Ogerpon|Protect|p1b: Ogerpon\n|-singleturn|p1b: Ogerpon|Protect\n|move|p2a: Palafin|Tera Blast|p1a: Zapdos|[anim] Tera Blast Fairy\n|-damage|p1a: Zapdos|26\/100\n|move|p2b: Rillaboom|U-turn|p1b: Ogerpon\n|-activate|p1b: Ogerpon|move: Protect\n|move|p1a: Zapdos|Tailwind|p1a: Zapdos\n|-sidestart|p1: Yahar|move: Tailwind\n|\n|-heal|p2a: Palafin|71\/100|[from] Grassy Terrain\n|-heal|p2b: Rillaboom|22\/100|[from] Grassy Terrain\n|-sideend|p2: mistah mistah 11|move: Tailwind\n|-fieldend|move: Grassy Terrain\n|upkeep\n|turn|6\n|\n|t:|1699992671\n|-terastallize|p1b: Ogerpon|Water\n|detailschange|p1b: Ogerpon|Ogerpon-Wellspring-Tera, L50, F, tera:Water\n|-ability|p1b: Ogerpon|Embody Aspect (Wellspring)|boost\n|-boost|p1b: Ogerpon|spd|1\n|move|p2a: Palafin|Jet Punch|p1a: Zapdos\n|-damage|p1a: Zapdos|0 fnt\n|-damage|p2a: Palafin|55\/100|[from] item: Rocky Helmet|[of] p1a: Zapdos\n|faint|p1a: Zapdos\n|move|p1b: Ogerpon|Ivy Cudgel|p2a: Palafin|[anim] Ivy Cudgel Water\n|-damage|p2a: Palafin|5\/100\n|move|p2b: Rillaboom|U-turn|p1b: Ogerpon\n|-damage|p1b: Ogerpon|67\/100\n|\n|t:|1699992682\n|switch|p2b: Ogerpon|Ogerpon-Hearthflame, L50, F|100\/100|[from] U-turn\n|-ability|p2b: Ogerpon|Mold Breaker\n|\n|upkeep\n|\n|t:|1699992685\n|switch|p1a: Iron Bundle|Iron Bundle, L50|100\/100\n|turn|7\n|\n|t:|1699992700\n|switch|p2b: Rillaboom|Rillaboom, L50, M|22\/100\n|-fieldstart|move: Grassy Terrain|[from] ability: Grassy Surge|[of] p2b: Rillaboom\n|move|p2a: Palafin|Protect|p2a: Palafin\n|-singleturn|p2a: Palafin|Protect\n|move|p1a: Iron Bundle|Icy Wind|p2b: Rillaboom|[spread] p2b\n|-activate|p2a: Palafin|move: Protect\n|-supereffective|p2b: Rillaboom\n|-damage|p2b: Rillaboom|0 fnt\n|faint|p2b: Rillaboom\n|move|p1b: Ogerpon|Ivy Cudgel|p2a: Palafin|[anim] Ivy Cudgel Water\n|-activate|p2a: Palafin|move: Protect\n|\n|-heal|p1b: Ogerpon|73\/100|[from] Grassy Terrain\n|-heal|p2a: Palafin|11\/100|[from] Grassy Terrain\n|upkeep\n|\n|t:|1699992714\n|switch|p2b: Ogerpon|Ogerpon-Hearthflame, L50, F|100\/100\n|-ability|p2b: Ogerpon|Mold Breaker\n|turn|8\n|\n|t:|1699992731\n|move|p2b: Ogerpon|Grassy Glide|p1a: Iron Bundle\n|-supereffective|p1a: Iron Bundle\n|-damage|p1a: Iron Bundle|6\/100\n|move|p2a: Palafin|Jet Punch|p1a: Iron Bundle\n|-resisted|p1a: Iron Bundle\n|-damage|p1a: Iron Bundle|0 fnt\n|faint|p1a: Iron Bundle\n|-end|p1a: Iron Bundle|Quark Drive|[silent]\n|move|p1b: Ogerpon|Ivy Cudgel|p2b: Ogerpon|[anim] Ivy Cudgel Water\n|-damage|p2b: Ogerpon|0 fnt\n|faint|p2b: Ogerpon\n|\n|-heal|p1b: Ogerpon|79\/100|[from] Grassy Terrain\n|-heal|p2a: Palafin|17\/100|[from] Grassy Terrain\n|-sideend|p1: Yahar|move: Tailwind\n|upkeep\n|turn|9\n|\n|t:|1699992747\n|move|p1b: Ogerpon|Horn Leech|p2a: Palafin\n|-damage|p2a: Palafin|0 fnt\n|-heal|p1b: Ogerpon|90\/100|[from] drain|[of] p2a: Palafin\n|faint|p2a: Palafin\n|\n|win|Yahar\n|raw|Yahar's rating: 1335 &rarr; <strong>1351<\/strong><br \/>(+16 for winning)\n|raw|mistah mistah 11's rating: 1256 &rarr; <strong>1237<\/strong><br \/>(-19 for losing)\n|c|\u2606mistah mistah 11|gg\n","uploadtime":1699992760,"views":15,"p1id":"yahar","p2id":"mistahmistah11","formatid":"gen9vgc2023regulatione","rating":1237,"private":0,"password":""}