{"id":"gen9vgc2023regulatione-1994384801","p1":"mtschmucker","p2":"Autin Mago","format":"[Gen 9] VGC 2023 Regulation E","log":"|j|\u2606mtschmucker\n|j|\u2606Autin Mago\n|n|\u2606mtschmucker|mtschmucker\n|n|\u2606Autin Mago|autinmago\n|html|View the match progress at <a href=\"\/game-bestof3-gen9vgc2023regulatione-1994381012\">game-bestof3-gen9vgc2023regulatione-1994381012<\/a>\n|t:|1700437818\n|gametype|doubles\n|player|p1|mtschmucker|wallace|\n|player|p2|Autin Mago|ballguy|\n|teamsize|p1|6\n|teamsize|p2|6\n|gen|9\n|tier|[Gen 9] VGC 2023 Regulation E\n|rule|Species Clause: Limit one of each Pok\u00e9mon\n|rule|Item Clause: Limit one of each item\n|clearpoke\n|poke|p1|Volbeat, L50, M|\n|poke|p1|Iron Bundle, L50|\n|poke|p1|Flutter Mane, L50|\n|poke|p1|Gothitelle, L50, F|\n|poke|p1|Moltres-Galar, L50|\n|poke|p1|Ogerpon, L50, F|\n|poke|p2|Klefki, L50, M|\n|poke|p2|Roaring Moon, L50|\n|poke|p2|Ogerpon-Wellspring, L50, F|\n|poke|p2|Weezing, L50, F|\n|poke|p2|Okidogi, L50, M|\n|poke|p2|Magnezone, L50|\n|teampreview|4\nmtschmucker has agreed to open team sheets.\nAutin Mago has agreed to open team sheets.\n|showteam|p1|Volbeat||FocusSash|Prankster|Tailwind,Encore,Taunt,BugBuzz|||M|||50|,,,,,Ghost]Iron Bundle||BoosterEnergy|QuarkDrive|IcyWind,FreezeDry,HydroPump,Protect||||||50|,,,,,Ghost]Flutter Mane||ChoiceSpecs|Protosynthesis|DazzlingGleam,Moonblast,ShadowBall,Psyshock||||||50|,,,,,Fairy]Gothitelle||SitrusBerry|ShadowTag|FakeOut,Psychic,TrickRoom,Protect|||F|||50|,,,,,Water]Moltres-Galar||LifeOrb|Berserk|FieryWrath,AirSlash,NastyPlot,Protect||||||50|,,,,,Fairy]Ogerpon||RazorClaw|Defiant|SpikyShield,IvyCudgel,StompingTantrum,FollowMe|||F|||50|,,,,,Grass\n|showteam|p2|Klefki||CovertCloak|Prankster|TrickRoom,ThunderWave,LightScreen,DazzlingGleam|||M|||50|,,,,,Dark]Roaring Moon||BoosterEnergy|Protosynthesis|DragonDance,Acrobatics,KnockOff,Protect||||||50|,,,,,Flying]Ogerpon-Wellspring||WellspringMask|WaterAbsorb|FollowMe,IvyCudgel,SpikyShield,HornLeech|||F|||50|,,,,,Water]Weezing||SitrusBerry|NeutralizingGas|Taunt,Haze,WillOWisp,SludgeBomb|||F|||50|,,,,,Dark]Okidogi||Leftovers|ToxicChain|Protect,PoisonJab,DrainPunch,BulkUp|||M|||50|,,,,,Dragon]Magnezone||LifeOrb|Analytic|Thunderbolt,FlashCannon,Protect,VoltSwitch||||||50|,,,,,Electric\n|j| Priest_of_Talos\n|\n|t:|1700437855\n|start\n|switch|p1a: Volbeat|Volbeat, L50, M|100\/100\n|switch|p1b: Iron Bundle|Iron Bundle, L50|100\/100\n|switch|p2a: Klefki|Klefki, L50, M|100\/100\n|switch|p2b: Magnezone|Magnezone, L50|100\/100\n|-enditem|p1b: Iron Bundle|Booster Energy\n|-activate|p1b: Iron Bundle|ability: Quark Drive|[fromitem]\n|-start|p1b: Iron Bundle|quarkdrivespe\n|turn|1\n|\n|t:|1700437928\n|-terastallize|p2a: Klefki|Dark\n|move|p1b: Iron Bundle|Protect|p1b: Iron Bundle\n|-singleturn|p1b: Iron Bundle|Protect\n|move|p1a: Volbeat|Taunt|p2a: Klefki\n|-hint|Since gen 7, Dark is immune to Prankster moves.\n|-immune|p2a: Klefki\n|move|p2a: Klefki|Thunder Wave|p1b: Iron Bundle\n|-activate|p1b: Iron Bundle|move: Protect\n|move|p2b: Magnezone|Thunderbolt|p1b: Iron Bundle\n|-activate|p1b: Iron Bundle|move: Protect\n|\n|upkeep\n|turn|2\n|\n|t:|1700437977\n|-end|p1b: Iron Bundle|Quark Drive|[silent]\n|switch|p1b: Ogerpon|Ogerpon, L50, F|100\/100\n|move|p2a: Klefki|Light Screen|p2a: Klefki\n|-sidestart|p2: Autin Mago|move: Light Screen\n|move|p1a: Volbeat|Bug Buzz|p2a: Klefki\n|-supereffective|p2a: Klefki\n|-damage|p2a: Klefki|76\/100\n|move|p2b: Magnezone|Thunderbolt|p1b: Ogerpon\n|-resisted|p1b: Ogerpon\n|-damage|p1b: Ogerpon|58\/100\n|-damage|p2b: Magnezone|91\/100|[from] item: Life Orb\n|\n|upkeep\n|turn|3\n|\n|t:|1700438040\n|move|p2b: Magnezone|Protect|p2b: Magnezone\n|-singleturn|p2b: Magnezone|Protect\n|move|p2a: Klefki|Thunder Wave|p1b: Ogerpon|[miss]\n|-miss|p2a: Klefki|p1b: Ogerpon\n|move|p1b: Ogerpon|Stomping Tantrum|p2b: Magnezone\n|-activate|p2b: Magnezone|move: Protect\n|move|p1a: Volbeat|Bug Buzz|p2a: Klefki\n|-supereffective|p2a: Klefki\n|-damage|p2a: Klefki|51\/100\n|\n|upkeep\n|turn|4\n|\n|t:|1700438087\n|move|p1a: Volbeat|Tailwind|p1a: Volbeat\n|-sidestart|p1: mtschmucker|move: Tailwind\n|move|p1b: Ogerpon|Stomping Tantrum|p2b: Magnezone\n|-supereffective|p2b: Magnezone\n|-damage|p2b: Magnezone|0 fnt\n|faint|p2b: Magnezone\n|move|p2a: Klefki|Trick Room|p2a: Klefki\n|-fieldstart|move: Trick Room|[of] p2a: Klefki\n|\n|upkeep\n|\n|t:|1700438100\n|switch|p2b: Roaring Moon|Roaring Moon, L50|100\/100\n|-enditem|p2b: Roaring Moon|Booster Energy\n|-activate|p2b: Roaring Moon|ability: Protosynthesis|[fromitem]\n|-start|p2b: Roaring Moon|protosynthesisatk\n|turn|5\n|\n|t:|1700438123\n|move|p1b: Ogerpon|Spiky Shield|p1b: Ogerpon\n|-singleturn|p1b: Ogerpon|move: Protect\n|move|p2a: Klefki|Dazzling Gleam|p1b: Ogerpon|[spread] p1a\n|-activate|p1b: Ogerpon|move: Protect\n|-damage|p1a: Volbeat|84\/100\n|move|p2b: Roaring Moon|Acrobatics|p1a: Volbeat\n|-supereffective|p1a: Volbeat\n|-damage|p1a: Volbeat|0 fnt\n|faint|p1a: Volbeat\n|\n|upkeep\n|\n|t:|1700438147\n|switch|p1a: Flutter Mane|Flutter Mane, L50|100\/100\n|turn|6\n|\n|t:|1700438200\n|-terastallize|p1a: Flutter Mane|Fairy\n|move|p1b: Ogerpon|Follow Me|p1b: Ogerpon\n|-singleturn|p1b: Ogerpon|move: Follow Me\n|move|p2a: Klefki|Dazzling Gleam|p1b: Ogerpon|[spread] p1a,p1b\n|-damage|p1a: Flutter Mane|83\/100\n|-damage|p1b: Ogerpon|37\/100\n|move|p2b: Roaring Moon|Acrobatics|p1b: Ogerpon\n|-supereffective|p1b: Ogerpon\n|-damage|p1b: Ogerpon|0 fnt\n|faint|p1b: Ogerpon\n|move|p1a: Flutter Mane|Dazzling Gleam|p2a: Klefki|[spread] p2a,p2b\n|-supereffective|p2a: Klefki\n|-crit|p2a: Klefki\n|-supereffective|p2b: Roaring Moon\n|-damage|p2a: Klefki|0 fnt\n|-damage|p2b: Roaring Moon|0 fnt\n|faint|p2a: Klefki\n|faint|p2b: Roaring Moon\n|-end|p2b: Roaring Moon|Protosynthesis|[silent]\n|\n|-sideend|p2: Autin Mago|move: Light Screen\n|upkeep\n|\n|t:|1700438216\n|switch|p1b: Iron Bundle|Iron Bundle, L50|100\/100\n|switch|p2b: Okidogi|Okidogi, L50, M|100\/100\n|turn|7\n|\n|t:|1700438243\n|move|p2b: Okidogi|Poison Jab|p1a: Flutter Mane\n|-supereffective|p1a: Flutter Mane\n|-damage|p1a: Flutter Mane|0 fnt\n|faint|p1a: Flutter Mane\n|-end|p1a: Flutter Mane|Protosynthesis|[silent]\n|move|p1b: Iron Bundle|Hydro Pump|p2b: Okidogi|[miss]\n|-miss|p1b: Iron Bundle|p2b: Okidogi\n|\n|-sideend|p1: mtschmucker|move: Tailwind\n|upkeep\n|turn|8\n|\n|t:|1700438254\n|move|p1b: Iron Bundle|Protect|p1b: Iron Bundle\n|-singleturn|p1b: Iron Bundle|Protect\n|move|p2b: Okidogi|Drain Punch|p1b: Iron Bundle\n|-activate|p1b: Iron Bundle|move: Protect\n|\n|-fieldend|move: Trick Room\n|upkeep\n|turn|9\n|\n|t:|1700438263\n|move|p1b: Iron Bundle|Freeze-Dry|p2b: Okidogi\n|-damage|p2b: Okidogi|71\/100\n|move|p2b: Okidogi|Drain Punch|p1b: Iron Bundle\n|-supereffective|p1b: Iron Bundle\n|-damage|p1b: Iron Bundle|9\/100\n|-heal|p2b: Okidogi|100\/100|[from] drain|[of] p1b: Iron Bundle\n|\n|upkeep\n|turn|10\n|\n|t:|1700438272\n|move|p1b: Iron Bundle|Freeze-Dry|p2b: Okidogi\n|-damage|p2b: Okidogi|70\/100\n|move|p2b: Okidogi|Drain Punch|p1b: Iron Bundle\n|-supereffective|p1b: Iron Bundle\n|-damage|p1b: Iron Bundle|0 fnt\n|-heal|p2b: Okidogi|73\/100|[from] drain|[of] p1b: Iron Bundle\n|faint|p1b: Iron Bundle\n|-end|p1b: Iron Bundle|Quark Drive|[silent]\n|\n|win|Autin Mago\n|c|\u2606Autin Mago|Ggs man\n|l|\u2606Autin Mago\n","uploadtime":1700438303,"views":27,"p1id":"mtschmucker","p2id":"autinmago","formatid":"gen9vgc2023regulatione","rating":0,"private":0,"password":""}