{"id":"gen9vgc2023regulatione-1996926427","p1":"Kornd1gger","p2":"CygnusY2","format":"[Gen 9] VGC 2023 Regulation E","log":"|j|\u2606Kornd1gger\n|j|\u2606CygnusY2\n|t:|1700745743\n|gametype|doubles\n|player|p1|Kornd1gger|lucas|1274\n|player|p2|CygnusY2|169|1370\n|teamsize|p1|6\n|teamsize|p2|6\n|gen|9\n|tier|[Gen 9] VGC 2023 Regulation E\n|rated|\n|rule|Species Clause: Limit one of each Pok\u00e9mon\n|rule|Item Clause: Limit one of each item\n|clearpoke\n|poke|p1|Urshifu-*, L50, M|\n|poke|p1|Chien-Pao, L50|\n|poke|p1|Tornadus, L50, M|\n|poke|p1|Heatran, L50, F|\n|poke|p1|Gholdengo, L50|\n|poke|p1|Landorus-Therian, L50, M|\n|poke|p2|Urshifu-*, L50, F|\n|poke|p2|Pelipper, L50, M|\n|poke|p2|Gholdengo, L50|\n|poke|p2|Weezing-Galar, L50, F|\n|poke|p2|Rillaboom, L50, M|\n|poke|p2|Roaring Moon, L50|\n|teampreview|4\nKornd1gger has agreed to open team sheets.\n|inactive|Battle timer is ON: inactive players will automatically lose when time's up. (requested by CygnusY2)\nCygnusY2 rejected open team sheets.\n|inactive|CygnusY2 has 60 seconds left.\n|\n|t:|1700745797\n|start\n|switch|p1a: Heatran|Heatran, L50, F|100\/100\n|switch|p1b: Gholdengo|Gholdengo, L50|100\/100\n|switch|p2a: Pelipper|Pelipper, L50, M|100\/100\n|switch|p2b: Urshifu|Urshifu-Rapid-Strike, L50, F|100\/100\n|-weather|RainDance|[from] ability: Drizzle|[of] p2a: Pelipper\n|turn|1\n|inactive|CygnusY2 has 30 seconds left.\n|\n|t:|1700745823\n|-terastallize|p1a: Heatran|Grass\n|move|p2b: Urshifu|Surging Strikes|p1a: Heatran\n|-resisted|p1a: Heatran\n|-crit|p1a: Heatran\n|-damage|p1a: Heatran|84\/100\n|-resisted|p1a: Heatran\n|-crit|p1a: Heatran\n|-damage|p1a: Heatran|69\/100\n|-resisted|p1a: Heatran\n|-crit|p1a: Heatran\n|-damage|p1a: Heatran|54\/100\n|-hitcount|p1a: Heatran|3\n|move|p1b: Gholdengo|Thunderbolt|p2a: Pelipper\n|-supereffective|p2a: Pelipper\n|-enditem|p2a: Pelipper|Focus Sash\n|-damage|p2a: Pelipper|1\/100\n|move|p2a: Pelipper|Hurricane|p1a: Heatran\n|-supereffective|p1a: Heatran\n|-damage|p1a: Heatran|13\/100\n|move|p1a: Heatran|Tera Blast|p2b: Urshifu|[anim] Tera Blast Grass\n|-supereffective|p2b: Urshifu\n|-damage|p2b: Urshifu|0 fnt\n|faint|p2b: Urshifu\n|\n|-weather|RainDance|[upkeep]\n|upkeep\n|inactive|CygnusY2 has 30 seconds left.\n|\n|t:|1700745850\n|switch|p2b: Gholdengo|Gholdengo, L50|100\/100\n|turn|2\n|inactive|CygnusY2 has 30 seconds left.\n|\n|t:|1700745875\n|switch|p1b: Tornadus|Tornadus, L50, M|100\/100\n|move|p2a: Pelipper|Protect|p2a: Pelipper\n|-singleturn|p2a: Pelipper|Protect\n|move|p2b: Gholdengo|Make It Rain|p1b: Tornadus|[spread] p1a,p1b\n|-damage|p1a: Heatran|0 fnt\n|-damage|p1b: Tornadus|48\/100\n|-unboost|p2b: Gholdengo|spa|1\n|faint|p1a: Heatran\n|\n|-weather|RainDance|[upkeep]\n|upkeep\n|\n|t:|1700745881\n|switch|p1a: Gholdengo|Gholdengo, L50|100\/100\n|turn|3\n|inactive|CygnusY2 has 30 seconds left.\n|\n|t:|1700745911\n|move|p2a: Pelipper|Wide Guard|p2a: Pelipper\n|-singleturn|p2a: Pelipper|Wide Guard\n|move|p1b: Tornadus|Substitute|p1b: Tornadus\n|-start|p1b: Tornadus|Substitute\n|-damage|p1b: Tornadus|23\/100\n|move|p1a: Gholdengo|Shadow Ball|p2a: Pelipper\n|-damage|p2a: Pelipper|0 fnt\n|faint|p2a: Pelipper\n|move|p2b: Gholdengo|Nasty Plot|p2b: Gholdengo\n|-boost|p2b: Gholdengo|spa|2\n|\n|-weather|RainDance|[upkeep]\n|upkeep\n|\n|t:|1700745920\n|switch|p2a: Rillaboom|Rillaboom, L50, M|100\/100\n|-fieldstart|move: Grassy Terrain|[from] ability: Grassy Surge|[of] p2a: Rillaboom\n|turn|4\n|\n|t:|1700745934\n|-terastallize|p2a: Rillaboom|Water\n|move|p1b: Tornadus|Tailwind|p1b: Tornadus\n|-sidestart|p1: Kornd1gger|move: Tailwind\n|move|p1a: Gholdengo|Shadow Ball|p2b: Gholdengo\n|-supereffective|p2b: Gholdengo\n|-damage|p2b: Gholdengo|0 fnt\n|faint|p2b: Gholdengo\n|move|p2a: Rillaboom|Knock Off|p1b: Tornadus\n|-end|p1b: Tornadus|Substitute\n|\n|-weather|RainDance|[upkeep]\n|upkeep\n|turn|5\n|-message|CygnusY2 forfeited.\n|\n|win|Kornd1gger\n|raw|Kornd1gger's rating: 1274 &rarr; <strong>1306<\/strong><br \/>(+32 for winning)\n|raw|CygnusY2's rating: 1370 &rarr; <strong>1345<\/strong><br \/>(-25 for losing)\n|l|\u2606CygnusY2\n","uploadtime":1700745945,"views":3,"p1id":"kornd1gger","p2id":"cygnusy2","formatid":"gen9vgc2023regulatione","rating":1306,"private":0,"password":""}