{"id":"gen9vgc2023regulatione-1993163801","p1":"CanuckChum","p2":"TheblackGotenks","format":"[Gen 9] VGC 2023 Regulation E","log":"|j|\u2606CanuckChum\n|j|\u2606TheblackGotenks\n|n|\u2606CanuckChum|canuckchum\n|n|\u2606TheblackGotenks|theblackgotenks\n|html|View the match progress at <a href=\"\/game-bestof3-gen9vgc2023regulatione-1993161319\">game-bestof3-gen9vgc2023regulatione-1993161319<\/a>\n|t:|1700272532\n|gametype|doubles\n|player|p1|CanuckChum|colress|\n|player|p2|TheblackGotenks|ghetsis-gen5bw|\n|teamsize|p1|6\n|teamsize|p2|6\n|gen|9\n|tier|[Gen 9] VGC 2023 Regulation E\n|rule|Species Clause: Limit one of each Pok\u00e9mon\n|rule|Item Clause: Limit one of each item\n|clearpoke\n|poke|p1|Ogerpon-Wellspring, L50, F|\n|poke|p1|Landorus-Therian, L50, M|\n|poke|p1|Fezandipiti, L50, M|\n|poke|p1|Weezing, L50, M|\n|poke|p1|Empoleon, L50, M|\n|poke|p1|Heatran, L50, M|\n|poke|p2|Volcarona, L50, F|\n|poke|p2|Clefairy, L50, M|\n|poke|p2|Ting-Lu, L50|\n|poke|p2|Mienshao, L50, F|\n|poke|p2|Thundurus, L50, M|\n|poke|p2|Wyrdeer, L50, F|\n|teampreview|4\n|\n|t:|1700272576\n|start\n|switch|p1a: Djinn Buster|Landorus-Therian, L50, M|100\/100\n|switch|p1b: Magmatic|Heatran, L50, M|100\/100\n|switch|p2a: Ting-Lu|Ting-Lu, L50|100\/100\n|switch|p2b: Mienshao|Mienshao, L50, F|100\/100\n|-ability|p1a: Djinn Buster|Intimidate|boost\n|-unboost|p2a: Ting-Lu|atk|1\n|-unboost|p2b: Mienshao|atk|1\n|-enditem|p2b: Mienshao|Eject Pack\n|\n|t:|1700272594\n|switch|p2b: Volcarona|Volcarona, L50, F|100\/100\n|-ability|p2a: Ting-Lu|Vessel of Ruin\n|turn|1\n|\n|t:|1700272633\n|switch|p2b: Mienshao|Mienshao, L50, F|100\/100\n|switch|p1b: Sadge|Ogerpon-Wellspring, L50, F|100\/100\n|move|p1a: Djinn Buster|Rock Slide|p2b: Mienshao|[spread] p2a,p2b\n|-resisted|p2a: Ting-Lu\n|-resisted|p2b: Mienshao\n|-damage|p2a: Ting-Lu|94\/100\n|-damage|p2b: Mienshao|79\/100\n|cant|p2a: Ting-Lu|flinch\n|\n|upkeep\n|turn|2\n|j| Adrian3210\n|\n|t:|1700272664\n|switch|p1a: Pollution B|Weezing, L50, M|100\/100\n|-ability|p1a: Pollution B|Neutralizing Gas\n|move|p2b: Mienshao|Fake Out|p1b: Sadge\n|-damage|p1b: Sadge|81\/100\n|cant|p1b: Sadge|flinch\n|move|p2a: Ting-Lu|Fissure|p1b: Sadge|[miss]\n|-miss|p2a: Ting-Lu|p1b: Sadge\n|\n|upkeep\n|turn|3\n|\n|t:|1700272685\n|move|p1b: Sadge|Ivy Cudgel|p2b: Mienshao|[anim] Ivy Cudgel Water\n|-damage|p2b: Mienshao|0 fnt\n|faint|p2b: Mienshao\n|move|p1a: Pollution B|Will-O-Wisp|p2a: Ting-Lu\n|-status|p2a: Ting-Lu|brn\n|move|p2a: Ting-Lu|Stomping Tantrum|p1a: Pollution B\n|-supereffective|p1a: Pollution B\n|-damage|p1a: Pollution B|64\/100\n|\n|-heal|p1a: Pollution B|70\/100|[from] item: Black Sludge\n|-damage|p2a: Ting-Lu|88\/100 brn|[from] brn\n|upkeep\n|\n|t:|1700272712\n|switch|p2b: Volcarona|Volcarona, L50, F|100\/100\n|turn|4\n|\n|t:|1700272740\n|move|p1b: Sadge|Ivy Cudgel|p2a: Ting-Lu|[anim] Ivy Cudgel Water\n|-supereffective|p2a: Ting-Lu\n|-damage|p2a: Ting-Lu|19\/100 brn\n|move|p2b: Volcarona|Quiver Dance|p2b: Volcarona\n|-boost|p2b: Volcarona|spa|1\n|-boost|p2b: Volcarona|spd|1\n|-boost|p2b: Volcarona|spe|1\n|move|p1a: Pollution B|Clear Smog|p2b: Volcarona\n|-damage|p2b: Volcarona|92\/100\n|-clearboost|p2b: Volcarona\n|move|p2a: Ting-Lu|Fissure|p1b: Sadge|[miss]\n|-miss|p2a: Ting-Lu|p1b: Sadge\n|\n|-heal|p2b: Volcarona|98\/100|[from] item: Leftovers\n|-heal|p1a: Pollution B|75\/100|[from] item: Black Sludge\n|-damage|p2a: Ting-Lu|13\/100 brn|[from] brn\n|upkeep\n|turn|5\n|\n|t:|1700272771\n|switch|p2a: Clefairy|Clefairy, L50, M|100\/100\n|move|p1b: Sadge|Ivy Cudgel|p2b: Volcarona|[anim] Ivy Cudgel Water\n|-supereffective|p2b: Volcarona\n|-damage|p2b: Volcarona|0 fnt\n|faint|p2b: Volcarona\n|move|p1a: Pollution B|Gunk Shot|p2a: Clefairy|[miss]\n|-miss|p1a: Pollution B|p2a: Clefairy\n|\n|-heal|p1a: Pollution B|81\/100|[from] item: Black Sludge\n|upkeep\n|\n|t:|1700272778\n|switch|p2b: Ting-Lu|Ting-Lu, L50|13\/100 brn\n|turn|6\n|\n|t:|1700272791\n|move|p1b: Sadge|Horn Leech|p2b: Ting-Lu\n|-supereffective|p2b: Ting-Lu\n|-damage|p2b: Ting-Lu|0 fnt\n|-heal|p1b: Sadge|91\/100|[from] drain|[of] p2b: Ting-Lu\n|faint|p2b: Ting-Lu\n|move|p1a: Pollution B|Gunk Shot|p2a: Clefairy\n|-supereffective|p2a: Clefairy\n|-damage|p2a: Clefairy|49\/100\n|move|p2a: Clefairy|Heal Pulse|p2: Ting-Lu|[notarget]\n|-fail|p2a: Clefairy\n|\n|-heal|p1a: Pollution B|87\/100|[from] item: Black Sludge\n|upkeep\n|turn|7\n|\n|t:|1700272802\n|move|p2a: Clefairy|Follow Me|p2a: Clefairy\n|-singleturn|p2a: Clefairy|move: Follow Me\n|move|p1b: Sadge|Ivy Cudgel|p2a: Clefairy|[anim] Ivy Cudgel Water\n|-damage|p2a: Clefairy|4\/100\n|move|p1a: Pollution B|Gunk Shot|p2a: Clefairy\n|-supereffective|p2a: Clefairy\n|-damage|p2a: Clefairy|0 fnt\n|faint|p2a: Clefairy\n|\n|win|CanuckChum\n|c|\u2606TheblackGotenks|Gg\n|c|\u2606CanuckChum|gg\n|j| Beauty Devon\n|l| Adrian3210\n","uploadtime":1700272826,"views":9,"p1id":"canuckchum","p2id":"theblackgotenks","formatid":"gen9vgc2023regulatione","rating":0,"private":0,"password":""}