{"id":"gen9vgc2023regulatione-1991878008","p1":"Just Kamiru","p2":"Bobobib1","format":"[Gen 9] VGC 2023 Regulation E","log":"|j|\u2606Just Kamiru\n|j|\u2606Bobobib1\n|t:|1700132488\n|gametype|doubles\n|player|p1|Just Kamiru|marnie-masters|1066\n|player|p2|Bobobib1|2|1007\n|teamsize|p1|6\n|teamsize|p2|6\n|gen|9\n|tier|[Gen 9] VGC 2023 Regulation E\n|rated|\n|rule|Species Clause: Limit one of each Pok\u00e9mon\n|rule|Item Clause: Limit one of each item\n|clearpoke\n|poke|p1|Golem-Alola, L50, F|\n|poke|p1|Rabsca, L50, F|\n|poke|p1|Flutter Mane, L50|\n|poke|p1|Chi-Yu, L50|\n|poke|p1|Torkoal, L50, M|\n|poke|p1|Brute Bonnet, L50|\n|poke|p2|Drifblim, L50, F|\n|poke|p2|Quaquaval, L50, F|\n|poke|p2|Kingambit, L50, F|\n|poke|p2|Scream Tail, L50|\n|poke|p2|Mudsdale, L50, M|\n|poke|p2|Chi-Yu, L50|\n|teampreview|4\n|inactive|Battle timer is ON: inactive players will automatically lose when time's up. (requested by Just Kamiru)\nJust Kamiru rejected open team sheets.\n|inactive|Bobobib1 has 60 seconds left.\n|\n|t:|1700132530\n|start\n|switch|p1a: Golem|Golem-Alola, L50, F, shiny|100\/100\n|switch|p1b: Rabsca|Rabsca, L50, F, shiny|100\/100\n|switch|p2a: Drifblim|Drifblim, L50, F|100\/100\n|switch|p2b: Mudsdale|Mudsdale, L50, M|100\/100\n|turn|1\n|inactive|Just Kamiru has 30 seconds left.\n|inactive|Just Kamiru has 20 seconds left.\n|inactive|Just Kamiru has 15 seconds left.\n|inactive|Just Kamiru has 10 seconds left.\n|\n|t:|1700132576\n|move|p1a: Golem|Protect|p1a: Golem\n|-singleturn|p1a: Golem|Protect\n|move|p2b: Mudsdale|Earthquake|p1b: Rabsca|[spread] p1b\n|-activate|p1a: Golem|move: Protect\n|-immune|p2a: Drifblim\n|-resisted|p1b: Rabsca\n|-damage|p1b: Rabsca|78\/100\n|move|p2a: Drifblim|Trick Room|p2a: Drifblim\n|-fieldstart|move: Trick Room|[of] p2a: Drifblim\n|move|p1b: Rabsca|Trick Room|p1b: Rabsca\n|-fieldend|move: Trick Room\n|\n|upkeep\n|turn|2\n|inactive|Bobobib1 has 30 seconds left.\n|\n|t:|1700132608\n|switch|p1a: Torkoal|Torkoal, L50, M, shiny|100\/100\n|-weather|SunnyDay|[from] ability: Drought|[of] p1a: Torkoal\n|move|p1b: Rabsca|Iron Defense|p1b: Rabsca\n|-boost|p1b: Rabsca|def|2\n|move|p2b: Mudsdale|Earthquake|p1a: Torkoal|[spread] p1a,p1b\n|-immune|p2a: Drifblim\n|-supereffective|p1a: Torkoal\n|-resisted|p1b: Rabsca\n|-damage|p1a: Torkoal|43\/100\n|-damage|p1b: Rabsca|67\/100\n|move|p2a: Drifblim|Trick Room|p2a: Drifblim\n|-fieldstart|move: Trick Room|[of] p2a: Drifblim\n|\n|-weather|SunnyDay|[upkeep]\n|upkeep\n|turn|3\n|inactive|Bobobib1 has 30 seconds left.\n|\n|t:|1700132635\n|switch|p1b: Chi-Yu|Chi-Yu, L50|100\/100\n|-ability|p1b: Chi-Yu|Beads of Ruin\n|switch|p2a: Scream Tail|Scream Tail, L50|100\/100\n|-activate|p2a: Scream Tail|ability: Protosynthesis\n|-start|p2a: Scream Tail|protosynthesisdef\n|move|p2b: Mudsdale|Earthquake|p1b: Chi-Yu|[spread] p2a,p1a,p1b\n|-supereffective|p1a: Torkoal\n|-supereffective|p1b: Chi-Yu\n|-crit|p1b: Chi-Yu\n|-damage|p2a: Scream Tail|82\/100\n|-damage|p1a: Torkoal|0 fnt\n|-damage|p1b: Chi-Yu|0 fnt\n|faint|p1a: Torkoal\n|faint|p1b: Chi-Yu\n|\n|-weather|SunnyDay|[upkeep]\n|upkeep\n|\n|t:|1700132644\n|switch|p1a: Golem|Golem-Alola, L50, F, shiny|100\/100\n|switch|p1b: Rabsca|Rabsca, L50, F, shiny|67\/100\n|turn|4\n|c|\u2606Just Kamiru|god fucking dammit stupid horse\n|n|\u203dJust Kamiru|justkamiru\n|c|&|\/log Just Kamiru was locked from talking by Artemis. (\u2606Just Kamiru: god fucking dammit stupid horse)\n|c|&|\/raw <small>This action was done automatically. Want to learn more about the AI? <a href=\"https:\/\/www.smogon.com\/forums\/threads\/3570628\/#post-9056769\">Visit the information thread<\/a>.<\/small>\n|\n|t:|1700132657\n|-terastallize|p1a: Golem|Electric\n|move|p2b: Mudsdale|Earthquake|p1b: Rabsca|[spread] p2a,p1a,p1b\n|-supereffective|p1a: Golem\n|-resisted|p1b: Rabsca\n|-damage|p2a: Scream Tail|61\/100\n|-damage|p1a: Golem|38\/100\n|-damage|p1b: Rabsca|44\/100\n|move|p1a: Golem|Explosion|p2b: Mudsdale|[spread] p2a\n|-activate|p1b: Rabsca|ability: Telepathy\n|-immune|p2b: Mudsdale\n|-damage|p2a: Scream Tail|0 fnt\n|faint|p1a: Golem\n|faint|p2a: Scream Tail\n|-end|p2a: Scream Tail|Protosynthesis|[silent]\n|move|p1b: Rabsca|Revival Blessing|p1b: Rabsca\n|-enditem|p1b: Rabsca|Leppa Berry|[eat]\n|-activate|p1b: Rabsca|item: Leppa Berry|Revival Blessing|[consumed]\n|\n|t:|1700132677\n|-heal|p1: Chi-Yu|50\/100|[from] move: Revival Blessing\n|\n|-weather|SunnyDay|[upkeep]\n|upkeep\n|\n|t:|1700132689\n|switch|p1a: Chi-Yu|Chi-Yu, L50|50\/100\n|switch|p2a: Kingambit|Kingambit, L50, F|100\/100\n|-ability|p1a: Chi-Yu|Beads of Ruin\n|turn|5\n|\n|t:|1700132703\n|move|p2b: Mudsdale|Earthquake|p1b: Rabsca|[spread] p2a,p1a,p1b\n|-supereffective|p2a: Kingambit\n|-crit|p2a: Kingambit\n|-supereffective|p1a: Chi-Yu\n|-resisted|p1b: Rabsca\n|-damage|p2a: Kingambit|21\/100\n|-damage|p1a: Chi-Yu|0 fnt\n|-damage|p1b: Rabsca|22\/100\n|faint|p1a: Chi-Yu\n|move|p2a: Kingambit|Kowtow Cleave|p1b: Rabsca\n|-supereffective|p1b: Rabsca\n|-damage|p1b: Rabsca|0 fnt\n|faint|p1b: Rabsca\n|\n|win|Bobobib1\n|raw|Just Kamiru's rating: 1066 &rarr; <strong>1043<\/strong><br \/>(-23 for losing)\n|raw|Bobobib1's rating: 1007 &rarr; <strong>1053<\/strong><br \/>(+46 for winning)\n","uploadtime":1700132657,"views":20,"p1id":"justkamiru","p2id":"bobobib1","formatid":"gen9vgc2023regulatione","rating":1043,"private":0,"password":""}