{"id":"gen9vgc2023regulatione-1989054534","p1":"Covus96","p2":"FreeSpirit089","format":"[Gen 9] VGC 2023 Regulation E","log":"|j|\u2606Covus96\n|j|\u2606FreeSpirit089\n|n|\u2606Covus96|covus96\n|n|\u2606FreeSpirit089|freespirit089\n|html|View the match progress at <a href=\"\/game-bestof3-gen9vgc2023regulatione-1989050652\">game-bestof3-gen9vgc2023regulatione-1989050652<\/a>\n|t:|1699807122\n|gametype|doubles\n|player|p1|Covus96|cynthia|\n|player|p2|FreeSpirit089|ninjaboy|\n|teamsize|p1|6\n|teamsize|p2|6\n|gen|9\n|tier|[Gen 9] VGC 2023 Regulation E\n|rule|Species Clause: Limit one of each Pok\u00e9mon\n|rule|Item Clause: Limit one of each item\n|clearpoke\n|poke|p1|Torkoal, L50, F|\n|poke|p1|Cresselia, L50, F|\n|poke|p1|Annihilape, L50, F|\n|poke|p1|Armarouge, L50, F|\n|poke|p1|Ogerpon-Cornerstone, L50, F|\n|poke|p1|Indeedee-F, L50, F|\n|poke|p2|Chi-Yu, L50|\n|poke|p2|Tornadus, L50, M|\n|poke|p2|Flutter Mane, L50|\n|poke|p2|Rillaboom, L50, M|\n|poke|p2|Iron Bundle, L50|\n|poke|p2|Urshifu-*, L50, F|\n|teampreview|4\nCovus96 has agreed to open team sheets.\nFreeSpirit089 has agreed to open team sheets.\n|showteam|p1|Torkoal||Charcoal|Drought|EarthPower,Eruption,Flamethrower,Protect|||F|||50|,,,,,Fire]Cresselia||MentalHerb|Levitate|TrickRoom,LunarBlessing,Moonblast,IceBeam|||F|||50|,,,,,Fairy]Annihilape||ChoiceScarf|Defiant|ShadowClaw,FinalGambit,CloseCombat,Uturn|||F|||50|,,,,,Grass]Armarouge||LifeOrb|FlashFire|ExpandingForce,TrickRoom,Protect,ArmorCannon|||F|||50|,,,,,Psychic]Ogerpon-Cornerstone||CornerstoneMask|Sturdy|FollowMe,IvyCudgel,WoodHammer,SpikyShield|||F|||50|,,,,,Rock]Indeedee-F||PsychicSeed|PsychicSurge|FollowMe,HelpingHand,Psychic,TrickRoom|||F|||50|,,,,,Fire\n|showteam|p2|Chi-Yu||ChoiceSpecs|BeadsofRuin|HeatWave,DarkPulse,Snarl,Overheat||||||50|,,,,,Ghost]Tornadus||SitrusBerry|Prankster|BleakwindStorm,Tailwind,SunnyDay,Taunt|||M|||50|,,,,,Ghost]Flutter Mane||FocusSash|Protosynthesis|Protect,DazzlingGleam,ShadowBall,Moonblast||||||50|,,,,,Fairy]Rillaboom||AssaultVest|GrassySurge|GrassyGlide,WoodHammer,HighHorsepower,FakeOut|||M|||50|,,,,,Fire]Iron Bundle||BoosterEnergy|QuarkDrive|Protect,FreezeDry,HydroPump,Encore||||||50|,,,,,Poison]Urshifu||ChoiceBand|UnseenFist|WickedBlow,SuckerPunch,PoisonJab,CloseCombat|||F|||50|,,,,,Dark\n|\n|t:|1699807152\n|start\n|switch|p1a: Annihilape|Annihilape, L50, F|100\/100\n|switch|p1b: Cresselia|Cresselia, L50, F|100\/100\n|switch|p2a: Rillaboom|Rillaboom, L50, M|100\/100\n|switch|p2b: Chi-Yu|Chi-Yu, L50|100\/100\n|-ability|p2b: Chi-Yu|Beads of Ruin\n|-fieldstart|move: Grassy Terrain|[from] ability: Grassy Surge|[of] p2a: Rillaboom\n|turn|1\n|j| AfuroVictini\n|c| AfuroVictini|por fin llego a uno\n|\n|t:|1699807207\n|-terastallize|p1b: Cresselia|Fairy\n|move|p2a: Rillaboom|Fake Out|p1b: Cresselia\n|-damage|p1b: Cresselia|89\/100\n|move|p1a: Annihilape|Final Gambit|p2a: Rillaboom\n|-damage|p2a: Rillaboom|0 fnt\n|faint|p1a: Annihilape\n|faint|p2a: Rillaboom\n|move|p2b: Chi-Yu|Snarl|p1b: Cresselia\n|-resisted|p1b: Cresselia\n|-damage|p1b: Cresselia|73\/100\n|-unboost|p1b: Cresselia|spa|1\n|cant|p1b: Cresselia|flinch\n|\n|upkeep\n|c|\u2606FreeSpirit089|S\u00f3lo queda esta partida\n|\n|t:|1699807223\n|switch|p1a: Torkoal|Torkoal, L50, F|100\/100\n|switch|p2a: Iron Bundle|Iron Bundle, L50, shiny|100\/100\n|-weather|SunnyDay|[from] ability: Drought|[of] p1a: Torkoal\n|-enditem|p2a: Iron Bundle|Booster Energy\n|-activate|p2a: Iron Bundle|ability: Quark Drive|[fromitem]\n|-start|p2a: Iron Bundle|quarkdrivespe\n|turn|2\n|\n|t:|1699807235\n|-terastallize|p2a: Iron Bundle|Poison\n|move|p1a: Torkoal|Protect|p1a: Torkoal\n|-singleturn|p1a: Torkoal|Protect\n|move|p2a: Iron Bundle|Hydro Pump|p1a: Torkoal\n|-activate|p1a: Torkoal|move: Protect\n|move|p2b: Chi-Yu|Snarl|p1b: Cresselia|[spread] p1b\n|-activate|p1a: Torkoal|move: Protect\n|-resisted|p1b: Cresselia\n|-damage|p1b: Cresselia|58\/100\n|-unboost|p1b: Cresselia|spa|1\n|move|p1b: Cresselia|Trick Room|p1b: Cresselia\n|-fieldstart|move: Trick Room|[of] p1b: Cresselia\n|\n|-weather|SunnyDay|[upkeep]\n|upkeep\n|turn|3\n|\n|t:|1699807252\n|move|p1a: Torkoal|Eruption|p2b: Chi-Yu|[spread] p2a,p2b\n|-resisted|p2b: Chi-Yu\n|-damage|p2a: Iron Bundle|0 fnt\n|-damage|p2b: Chi-Yu|52\/100\n|faint|p2a: Iron Bundle\n|-end|p2a: Iron Bundle|Quark Drive|[silent]\n|move|p1b: Cresselia|Moonblast|p2b: Chi-Yu\n|-damage|p2b: Chi-Yu|30\/100\n|move|p2b: Chi-Yu|Snarl|p1a: Torkoal|[spread] p1a,p1b\n|-resisted|p1b: Cresselia\n|-damage|p1a: Torkoal|44\/100\n|-damage|p1b: Cresselia|45\/100\n|-unboost|p1a: Torkoal|spa|1\n|-unboost|p1b: Cresselia|spa|1\n|\n|-weather|SunnyDay|[upkeep]\n|-heal|p1a: Torkoal|50\/100|[from] Grassy Terrain\n|-heal|p2b: Chi-Yu|35\/100|[from] Grassy Terrain\n|upkeep\n|\n|t:|1699807258\n|switch|p2a: Flutter Mane|Flutter Mane, L50|100\/100\n|-activate|p2a: Flutter Mane|ability: Protosynthesis\n|-start|p2a: Flutter Mane|protosynthesisspa\n|turn|4\n|\n|t:|1699807283\n|move|p1a: Torkoal|Earth Power|p2b: Chi-Yu\n|-supereffective|p2b: Chi-Yu\n|-damage|p2b: Chi-Yu|0 fnt\n|faint|p2b: Chi-Yu\n|move|p1b: Cresselia|Lunar Blessing|p1b: Cresselia|[spread] p1a,p1b\n|-heal|p1a: Torkoal|75\/100\n|-heal|p1b: Cresselia|70\/100\n|move|p2a: Flutter Mane|Shadow Ball|p1b: Cresselia\n|-damage|p1b: Cresselia|27\/100\n|\n|-weather|SunnyDay|[upkeep]\n|-heal|p1a: Torkoal|81\/100|[from] Grassy Terrain\n|upkeep\n|turn|5\n|\n|t:|1699807296\n|move|p2a: Flutter Mane|Protect|p2a: Flutter Mane\n|-singleturn|p2a: Flutter Mane|Protect\n|move|p1a: Torkoal|Flamethrower|p2a: Flutter Mane\n|-activate|p2a: Flutter Mane|move: Protect\n|move|p1b: Cresselia|Moonblast|p2a: Flutter Mane\n|-activate|p2a: Flutter Mane|move: Protect\n|\n|-weather|SunnyDay|[upkeep]\n|-heal|p1a: Torkoal|88\/100|[from] Grassy Terrain\n|-fieldend|move: Grassy Terrain\n|upkeep\n|turn|6\n|\n|t:|1699807304\n|move|p1a: Torkoal|Flamethrower|p2a: Flutter Mane\n|-crit|p2a: Flutter Mane\n|-enditem|p2a: Flutter Mane|Focus Sash\n|-damage|p2a: Flutter Mane|1\/100\n|move|p1b: Cresselia|Moonblast|p2a: Flutter Mane\n|-damage|p2a: Flutter Mane|0 fnt\n|faint|p2a: Flutter Mane\n|-end|p2a: Flutter Mane|Protosynthesis|[silent]\n|\n|win|Covus96\n|c|\u2606Covus96|gg\n|c| AfuroVictini|gg\n|c|\u2606FreeSpirit089|Bruh\n|c|\u2606Covus96|apunta otra victoria\n|c|\u2606Covus96|afurin\n|c|\u2606FreeSpirit089|GG\n|c| AfuroVictini|voy\n","uploadtime":1699807323,"views":15,"p1id":"covus96","p2id":"freespirit089","formatid":"gen9vgc2023regulatione","rating":0,"private":0,"password":""}