{"id":"gen9vgc2023regulatione-1993654697","p1":"TheRealBlueninja","p2":"bunnelby to NU","format":"[Gen 9] VGC 2023 Regulation E","log":"|j|\u2606TheRealBlueninja\n|j|\u2606bunnelby to NU\n|n|\u2606TheRealBlueninja|therealblueninja\n|n|\u2606bunnelby to NU|bunnelbytonu\n|html|View the match progress at <a href=\"\/game-bestof3-gen9vgc2023regulatione-1993652088\">game-bestof3-gen9vgc2023regulatione-1993652088<\/a>\n|t:|1700342046\n|gametype|doubles\n|player|p1|TheRealBlueninja|lusamine-masters|\n|player|p2|bunnelby to NU|170|\n|teamsize|p1|6\n|teamsize|p2|6\n|gen|9\n|tier|[Gen 9] VGC 2023 Regulation E\n|rule|Species Clause: Limit one of each Pok\u00e9mon\n|rule|Item Clause: Limit one of each item\n|clearpoke\n|poke|p1|Baxcalibur, L50, F|\n|poke|p1|Ninetales-Alola, L50, F|\n|poke|p1|Heatran, L50, M|\n|poke|p1|Ogerpon-Wellspring, L50, F|\n|poke|p1|Landorus-Therian, L50, M|\n|poke|p1|Iron Hands, L50|\n|poke|p2|Urshifu-*, L50, F|\n|poke|p2|Farigiraf, L50, M|\n|poke|p2|Clefairy, L50, M|\n|poke|p2|Ogerpon-Hearthflame, L50, F|\n|poke|p2|Ursaluna-Bloodmoon, L50, M|\n|poke|p2|Okidogi, L50, M|\n|teampreview|4\n|j| N-Zoroark stan\nTheRealBlueninja has agreed to open team sheets.\nbunnelby to NU has agreed to open team sheets.\n|showteam|p1|Baxcalibur||LoadedDice|ThermalExchange|IcicleSpear,ScaleShot,SwordsDance,Protect|||F|||50|,,,,,Poison]Ninetales-Alola||LightClay|SnowWarning|Moonblast,IcyWind,AuroraVeil,Protect|||F|||50|,,,,,Water]Heatran||Leftovers|FlashFire|HeatWave,EarthPower,Substitute,Protect|||M|||50|,,,,,Grass]Ogerpon-Wellspring||WellspringMask|WaterAbsorb|IvyCudgel,HornLeech,FollowMe,SpikyShield|||F|||50|,,,,,Water]Landorus-Therian||ChoiceScarf|Intimidate|StompingTantrum,RockSlide,Uturn,TeraBlast|||M|||50|,,,,,Flying]Iron Hands||AssaultVest|QuarkDrive|FakeOut,DrainPunch,WildCharge,HeavySlam||||||50|,,,,,Water\n|showteam|p2|Urshifu-Rapid-Strike||ChoiceScarf|UnseenFist|SurgingStrikes,CloseCombat,Uturn,IceSpinner|||F|||50|,,,,,Water]Farigiraf||SitrusBerry|ArmorTail|Psychic,DazzlingGleam,NastyPlot,TrickRoom|||M|||50|,,,,,Fire]Clefairy||Eviolite|FriendGuard|Protect,HelpingHand,FollowMe,HealPulse|||M|||50|,,,,,Grass]Ogerpon-Hearthflame||HearthflameMask|MoldBreaker|IvyCudgel,HornLeech,SpikyShield,SwordsDance|||F|||50|,,,,,Fire]Ursaluna-Bloodmoon||LifeOrb|MindsEye|HyperVoice,BloodMoon,EarthPower,Protect|||M|||50|,,,,,Grass]Okidogi||AssaultVest|GuardDog|PoisonJab,BrickBreak,Snarl,IcePunch|||M|||50|,,,,,Water\n|\n|t:|1700342073\n|start\n|switch|p1a: Ogerpon|Ogerpon-Wellspring, L50, F|100\/100\n|switch|p1b: Heatran|Heatran, L50, M|100\/100\n|switch|p2a: Urshifu|Urshifu-Rapid-Strike, L50, F|100\/100\n|switch|p2b: Farigiraf|Farigiraf, L50, M|100\/100\n|turn|1\n|j| Jimothy uncool\n|\n|t:|1700342137\n|-terastallize|p1b: Heatran|Grass\n|move|p2a: Urshifu|U-turn|p1a: Ogerpon\n|-supereffective|p1a: Ogerpon\n|-damage|p1a: Ogerpon|40\/100\n|\n|t:|1700342156\n|switch|p2a: Ogerpon|Ogerpon-Hearthflame, L50, F|100\/100|[from] U-turn\n|-ability|p2a: Ogerpon|Mold Breaker\n|move|p1a: Ogerpon|Horn Leech|p2a: Ogerpon\n|-resisted|p2a: Ogerpon\n|-damage|p2a: Ogerpon|88\/100\n|-heal|p1a: Ogerpon|47\/100|[from] drain|[of] p2a: Ogerpon\n|move|p1b: Heatran|Earth Power|p2b: Farigiraf\n|-damage|p2b: Farigiraf|73\/100\n|move|p2b: Farigiraf|Trick Room|p2b: Farigiraf\n|-fieldstart|move: Trick Room|[of] p2b: Farigiraf\n|\n|upkeep\n|turn|2\n|\n|t:|1700342219\n|move|p2a: Ogerpon|Spiky Shield|p2a: Ogerpon\n|-singleturn|p2a: Ogerpon|move: Protect\n|move|p2b: Farigiraf|Psychic|p1a: Ogerpon\n|-damage|p1a: Ogerpon|8\/100\n|move|p1b: Heatran|Heat Wave|p2b: Farigiraf|[spread] p2b\n|-activate|p2a: Ogerpon|move: Protect\n|-damage|p2b: Farigiraf|39\/100\n|-enditem|p2b: Farigiraf|Sitrus Berry|[eat]\n|-heal|p2b: Farigiraf|64\/100|[from] item: Sitrus Berry\n|move|p1a: Ogerpon|Ivy Cudgel|p2a: Ogerpon|[anim] Ivy Cudgel Water\n|-activate|p2a: Ogerpon|move: Protect\n|\n|upkeep\n|turn|3\n|\n|t:|1700342245\n|switch|p2a: Urshifu|Urshifu-Rapid-Strike, L50, F|100\/100\n|move|p2b: Farigiraf|Dazzling Gleam|p1a: Ogerpon|[spread] p1a,p1b\n|-damage|p1a: Ogerpon|0 fnt\n|-damage|p1b: Heatran|84\/100\n|faint|p1a: Ogerpon\n|move|p1b: Heatran|Earth Power|p2b: Farigiraf\n|-damage|p2b: Farigiraf|34\/100\n|\n|-heal|p1b: Heatran|90\/100|[from] item: Leftovers\n|upkeep\n|\n|t:|1700342256\n|switch|p1a: Iron Hands|Iron Hands, L50|100\/100\n|turn|4\n|\n|t:|1700342280\n|move|p1a: Iron Hands|Fake Out||[still]\n|cant|p2b: Farigiraf|ability: Armor Tail|Fake Out|[of] p1a: Iron Hands\n|move|p2b: Farigiraf|Psychic|p1a: Iron Hands\n|-supereffective|p1a: Iron Hands\n|-damage|p1a: Iron Hands|59\/100\n|-unboost|p1a: Iron Hands|spd|1\n|move|p1b: Heatran|Earth Power|p2b: Farigiraf\n|-damage|p2b: Farigiraf|4\/100\n|move|p2a: Urshifu|U-turn|p1b: Heatran\n|-supereffective|p1b: Heatran\n|-damage|p1b: Heatran|53\/100\n|\n|t:|1700342293\n|switch|p2a: Ursaluna|Ursaluna-Bloodmoon, L50, M|100\/100|[from] U-turn\n|\n|-heal|p1b: Heatran|59\/100|[from] item: Leftovers\n|upkeep\n|turn|5\n|\n|t:|1700342349\n|move|p2a: Ursaluna|Blood Moon|p1a: Iron Hands\n|-damage|p1a: Iron Hands|0 fnt\n|faint|p1a: Iron Hands\n|-end|p1a: Iron Hands|Quark Drive|[silent]\n|-damage|p2a: Ursaluna|91\/100|[from] item: Life Orb\n|move|p2b: Farigiraf|Psychic|p1b: Heatran\n|-crit|p1b: Heatran\n|-damage|p1b: Heatran|1\/100\n|move|p1b: Heatran|Heat Wave|p2b: Farigiraf|[spread] p2a,p2b\n|-damage|p2a: Ursaluna|53\/100\n|-damage|p2b: Farigiraf|0 fnt\n|faint|p2b: Farigiraf\n|\n|-heal|p1b: Heatran|7\/100|[from] item: Leftovers\n|-fieldend|move: Trick Room\n|upkeep\n|\n|t:|1700342368\n|switch|p2b: Urshifu|Urshifu-Rapid-Strike, L50, F|100\/100\n|switch|p1a: Ninetales|Ninetales-Alola, L50, F|100\/100\n|-weather|Snow|[from] ability: Snow Warning|[of] p1a: Ninetales\n|turn|6\n|\n|t:|1700342395\n|-terastallize|p2b: Urshifu|Water\n|move|p2b: Urshifu|Surging Strikes|p1a: Ninetales\n|-crit|p1a: Ninetales\n|-damage|p1a: Ninetales|76\/100\n|-crit|p1a: Ninetales\n|-damage|p1a: Ninetales|53\/100\n|-crit|p1a: Ninetales\n|-damage|p1a: Ninetales|32\/100\n|-hitcount|p1a: Ninetales|3\n|move|p1a: Ninetales|Moonblast|p2b: Urshifu\n|-damage|p2b: Urshifu|57\/100\n|move|p1b: Heatran|Earth Power|p2a: Ursaluna\n|-damage|p2a: Ursaluna|18\/100\n|move|p2a: Ursaluna|Hyper Voice|p1b: Heatran|[spread] p1a,p1b\n|-damage|p1a: Ninetales|0 fnt\n|-damage|p1b: Heatran|0 fnt\n|faint|p1a: Ninetales\n|faint|p1b: Heatran\n|-damage|p2a: Ursaluna|9\/100|[from] item: Life Orb\n|\n|win|bunnelby to NU\n","uploadtime":1700342404,"views":9,"p1id":"therealblueninja","p2id":"bunnelbytonu","formatid":"gen9vgc2023regulatione","rating":0,"private":0,"password":""}