{"id":"gen9vgc2023regulatione-1995783185","p1":"Spler","p2":"elfowls","format":"[Gen 9] VGC 2023 Regulation E","log":"|j|\u2606Spler\n|j|\u2606elfowls\n|t:|1700602737\n|gametype|doubles\n|player|p1|Spler|102|1343\n|player|p2|elfowls|morty|1330\n|teamsize|p1|6\n|teamsize|p2|6\n|gen|9\n|tier|[Gen 9] VGC 2023 Regulation E\n|rated|\n|rule|Species Clause: Limit one of each Pok\u00e9mon\n|rule|Item Clause: Limit one of each item\n|clearpoke\n|poke|p1|Goodra-Hisui, L50, F|\n|poke|p1|Tornadus, L50, M|\n|poke|p1|Ogerpon-Hearthflame, L50, F|\n|poke|p1|Rillaboom, L50, M|\n|poke|p1|Urshifu-*, L50, M|\n|poke|p1|Grimmsnarl, L50, M|\n|poke|p2|Landorus-Therian, L50, M|\n|poke|p2|Ogerpon-Wellspring, L50, F|\n|poke|p2|Farigiraf, L50, F|\n|poke|p2|Grimmsnarl, L50, M|\n|poke|p2|Heatran, L50, F|\n|poke|p2|Spectrier, L50|\n|teampreview|4\n|inactive|Battle timer is ON: inactive players will automatically lose when time's up. (requested by elfowls)\nSpler rejected open team sheets.\n|\n|t:|1700602763\n|start\n|switch|p1a: Goodra|Goodra-Hisui, L50, F|100\/100\n|switch|p1b: Grimmsnarl|Grimmsnarl, L50, M|100\/100\n|switch|p2a: Grimmsnarl|Grimmsnarl, L50, M|100\/100\n|switch|p2b: Ogerpon|Ogerpon-Wellspring, L50, F|100\/100\n|turn|1\n|\n|t:|1700602781\n|move|p2a: Grimmsnarl|Reflect|p2a: Grimmsnarl\n|-sidestart|p2: elfowls|Reflect\n|move|p1b: Grimmsnarl|Reflect|p1b: Grimmsnarl\n|-sidestart|p1: Spler|Reflect\n|move|p2b: Ogerpon|Ivy Cudgel|p1b: Grimmsnarl|[anim] Ivy Cudgel Water\n|-damage|p1b: Grimmsnarl|63\/100\n|move|p1a: Goodra|Shelter|p1a: Goodra\n|-boost|p1a: Goodra|def|2\n|\n|upkeep\n|turn|2\n|\n|t:|1700602798\n|move|p1b: Grimmsnarl|Light Screen|p1b: Grimmsnarl\n|-sidestart|p1: Spler|move: Light Screen\n|move|p2b: Ogerpon|Ivy Cudgel|p1b: Grimmsnarl|[anim] Ivy Cudgel Water\n|-damage|p1b: Grimmsnarl|25\/100\n|move|p1a: Goodra|Shelter|p1a: Goodra\n|-boost|p1a: Goodra|def|2\n|move|p2a: Grimmsnarl|Spirit Break|p1b: Grimmsnarl\n|-supereffective|p1b: Grimmsnarl\n|-damage|p1b: Grimmsnarl|0 fnt\n|faint|p1b: Grimmsnarl\n|\n|upkeep\n|\n|t:|1700602813\n|switch|p1b: Rillaboom|Rillaboom, L50, M|100\/100\n|-fieldstart|move: Grassy Terrain|[from] ability: Grassy Surge|[of] p1b: Rillaboom\n|turn|3\n|\n|t:|1700602834\n|move|p1b: Rillaboom|Fake Out|p2a: Grimmsnarl\n|-damage|p2a: Grimmsnarl|90\/100\n|cant|p2a: Grimmsnarl|flinch\n|move|p2b: Ogerpon|Ivy Cudgel|p1b: Rillaboom|[anim] Ivy Cudgel Water\n|-resisted|p1b: Rillaboom\n|-damage|p1b: Rillaboom|83\/100\n|move|p1a: Goodra|Shelter|p1a: Goodra\n|-boost|p1a: Goodra|def|2\n|\n|-heal|p1b: Rillaboom|89\/100|[from] Grassy Terrain\n|-heal|p2a: Grimmsnarl|96\/100|[from] Grassy Terrain\n|upkeep\n|turn|4\n|\n|t:|1700602856\n|move|p2b: Ogerpon|Spiky Shield|p2b: Ogerpon\n|-singleturn|p2b: Ogerpon|move: Protect\n|move|p2a: Grimmsnarl|Parting Shot|p1b: Rillaboom\n|-unboost|p1b: Rillaboom|atk|1\n|-unboost|p1b: Rillaboom|spa|1\n|\n|t:|1700602866\n|switch|p2a: Spectrier|Spectrier, L50|100\/100|[from] Parting Shot\n|move|p1b: Rillaboom|Wood Hammer|p2b: Ogerpon\n|-activate|p2b: Ogerpon|move: Protect\n|-damage|p1b: Rillaboom|77\/100|[from] Spiky Shield|[of] p2b: Ogerpon\n|move|p1a: Goodra|Body Press|p2a: Spectrier\n|-immune|p2a: Spectrier\n|\n|-heal|p1b: Rillaboom|83\/100|[from] Grassy Terrain\n|upkeep\n|turn|5\n|\n|t:|1700602887\n|move|p2b: Ogerpon|Follow Me|p2b: Ogerpon\n|-singleturn|p2b: Ogerpon|move: Follow Me\n|move|p2a: Spectrier|Nasty Plot|p2a: Spectrier\n|-boost|p2a: Spectrier|spa|2\n|move|p1b: Rillaboom|Wood Hammer|p2b: Ogerpon\n|-damage|p2b: Ogerpon|60\/100\n|-damage|p1b: Rillaboom|71\/100|[from] Recoil\n|move|p1a: Goodra|Body Press|p2b: Ogerpon\n|-damage|p2b: Ogerpon|0 fnt\n|faint|p2b: Ogerpon\n|\n|-heal|p1b: Rillaboom|77\/100|[from] Grassy Terrain\n|upkeep\n|\n|t:|1700602897\n|switch|p2b: Heatran|Heatran, L50, F|100\/100\n|turn|6\n|\n|t:|1700602912\n|move|p2a: Spectrier|Shadow Ball|p1b: Rillaboom\n|-damage|p1b: Rillaboom|31\/100\n|move|p1b: Rillaboom|Wood Hammer|p2a: Spectrier\n|-damage|p2a: Spectrier|59\/100\n|-damage|p1b: Rillaboom|17\/100|[from] Recoil\n|move|p2b: Heatran|Will-O-Wisp|p1a: Goodra\n|-status|p1a: Goodra|brn\n|move|p1a: Goodra|Body Press|p2b: Heatran\n|-supereffective|p2b: Heatran\n|-damage|p2b: Heatran|45\/100\n|\n|-heal|p2a: Spectrier|66\/100|[from] Grassy Terrain\n|-heal|p2a: Spectrier|72\/100|[from] item: Leftovers\n|-heal|p1b: Rillaboom|23\/100|[from] Grassy Terrain\n|-heal|p2b: Heatran|51\/100|[from] Grassy Terrain\n|-damage|p1a: Goodra|94\/100 brn|[from] brn\n|upkeep\n|turn|7\n|inactive|Spler has 30 seconds left.\n|inactive|elfowls has 30 seconds left.\n|\n|t:|1700602940\n|move|p2a: Spectrier|Protect|p2a: Spectrier\n|-singleturn|p2a: Spectrier|Protect\n|move|p1b: Rillaboom|Grassy Glide|p2a: Spectrier\n|-activate|p2a: Spectrier|move: Protect\n|move|p2b: Heatran|Heat Wave|p1a: Goodra|[spread] p1a,p1b\n|-supereffective|p1b: Rillaboom\n|-damage|p1a: Goodra|76\/100 brn\n|-damage|p1b: Rillaboom|0 fnt\n|faint|p1b: Rillaboom\n|move|p1a: Goodra|Body Press|p2b: Heatran\n|-supereffective|p2b: Heatran\n|-damage|p2b: Heatran|0 fnt\n|faint|p2b: Heatran\n|\n|-heal|p2a: Spectrier|78\/100|[from] Grassy Terrain\n|-heal|p2a: Spectrier|84\/100|[from] item: Leftovers\n|-heal|p1a: Goodra|82\/100 brn|[from] Grassy Terrain\n|-heal|p1a: Goodra|88\/100 brn|[from] item: Leftovers\n|-damage|p1a: Goodra|82\/100 brn|[from] brn\n|-fieldend|move: Grassy Terrain\n|upkeep\n|\n|t:|1700602964\n|switch|p1b: Ogerpon|Ogerpon-Hearthflame, L50, F|100\/100\n|switch|p2b: Grimmsnarl|Grimmsnarl, L50, M|96\/100\n|-ability|p1b: Ogerpon|Mold Breaker\n|turn|8\n|inactive|elfowls has 30 seconds left.\n|\n|t:|1700602995\n|-terastallize|p1b: Ogerpon|Fire\n|detailschange|p1b: Ogerpon|Ogerpon-Hearthflame-Tera, L50, F, tera:Fire\n|-ability|p1b: Ogerpon|Embody Aspect (Hearthflame)|boost\n|-boost|p1b: Ogerpon|atk|1\n|move|p2a: Spectrier|Nasty Plot|p2a: Spectrier\n|-boost|p2a: Spectrier|spa|2\n|move|p1b: Ogerpon|Ivy Cudgel|p2a: Spectrier|[anim] Ivy Cudgel Fire\n|-damage|p2a: Spectrier|0 fnt\n|faint|p2a: Spectrier\n|move|p1a: Goodra|Body Press|p2b: Grimmsnarl\n|-damage|p2b: Grimmsnarl|60\/100\n|move|p2b: Grimmsnarl|Spirit Break|p1a: Goodra\n|-damage|p1a: Goodra|78\/100 brn\n|-unboost|p1a: Goodra|spa|1\n|\n|-heal|p1a: Goodra|84\/100 brn|[from] item: Leftovers\n|-damage|p1a: Goodra|78\/100 brn|[from] brn\n|-sideend|p1: Spler|Reflect\n|-sideend|p2: elfowls|Reflect\n|upkeep\n|turn|9\n|-message|elfowls forfeited.\n|\n|win|Spler\n|raw|Spler's rating: 1343 &rarr; <strong>1362<\/strong><br \/>(+19 for winning)\n|raw|elfowls's rating: 1330 &rarr; <strong>1311<\/strong><br \/>(-19 for losing)\n|l|\u2606elfowls\n","uploadtime":1700603022,"views":0,"p1id":"spler","p2id":"elfowls","formatid":"gen9vgc2023regulatione","rating":1311,"private":0,"password":""}