{"id":"gen9vgc2023regulatione-1991577683","p1":"edboiVGC","p2":"CavaleiroTeutao","format":"[Gen 9] VGC 2023 Regulation E","log":"|j|\u2606edboiVGC\n|j|\u2606CavaleiroTeutao\n|t:|1700090290\n|gametype|doubles\n|player|p1|edboiVGC|guitarist|1284\n|player|p2|CavaleiroTeutao|bruno|1349\n|teamsize|p1|6\n|teamsize|p2|6\n|gen|9\n|tier|[Gen 9] VGC 2023 Regulation E\n|rated|\n|rule|Species Clause: Limit one of each Pok\u00e9mon\n|rule|Item Clause: Limit one of each item\n|clearpoke\n|poke|p1|Tornadus, L50, M|\n|poke|p1|Urshifu-*, L50, F|\n|poke|p1|Landorus-Therian, L50, M|\n|poke|p1|Flutter Mane, L50|\n|poke|p1|Clefairy, L50, F|\n|poke|p1|Gothitelle, L50, F|\n|poke|p2|Annihilape, L50, M|\n|poke|p2|Iron Hands, L50|\n|poke|p2|Rillaboom, L50, M|\n|poke|p2|Grimmsnarl, L50, M|\n|poke|p2|Clefairy, L50, M|\n|poke|p2|Flutter Mane, L50|\n|teampreview|4\n|inactive|Battle timer is ON: inactive players will automatically lose when time's up. (requested by CavaleiroTeutao)\nedboiVGC has agreed to open team sheets.\n|inactive|edboiVGC has 60 seconds left.\n|\n|t:|1700090353\n|start\n|switch|p1a: Flutter Mane|Flutter Mane, L50|100\/100\n|switch|p1b: Gothitelle|Gothitelle, L50, F|100\/100\n|switch|p2a: Annihilape|Annihilape, L50, M|100\/100\n|switch|p2b: Iron Hands|Iron Hands, L50|100\/100\n|-enditem|p1a: Flutter Mane|Booster Energy\n|-activate|p1a: Flutter Mane|ability: Protosynthesis|[fromitem]\n|-start|p1a: Flutter Mane|protosynthesisspe\n|turn|1\n|inactive|edboiVGC has 30 seconds left.\n|inactive|edboiVGC has 20 seconds left.\n|inactive|edboiVGC has 15 seconds left.\n|inactive|edboiVGC has 10 seconds left.\n|\n|t:|1700090398\n|-terastallize|p1a: Flutter Mane|Fairy\n|-terastallize|p2a: Annihilape|Fire\n|move|p1b: Gothitelle|Fake Out|p2a: Annihilape\n|-damage|p2a: Annihilape|95\/100\n|move|p1a: Flutter Mane|Moonblast|p2a: Annihilape\n|-resisted|p2a: Annihilape\n|-damage|p2a: Annihilape|65\/100\n|-unboost|p2a: Annihilape|spa|1\n|-ability|p2a: Annihilape|Defiant|boost\n|-boost|p2a: Annihilape|atk|2\n|cant|p2a: Annihilape|flinch\n|move|p2b: Iron Hands|Heavy Slam|p1a: Flutter Mane\n|-supereffective|p1a: Flutter Mane\n|-damage|p1a: Flutter Mane|0 fnt\n|faint|p1a: Flutter Mane\n|-end|p1a: Flutter Mane|Protosynthesis|[silent]\n|\n|-heal|p2a: Annihilape|71\/100|[from] item: Leftovers\n|upkeep\n|\n|t:|1700090418\n|switch|p1a: Landorus|Landorus-Therian, L50, M|100\/100\n|-ability|p1a: Landorus|Intimidate|boost\n|-unboost|p2a: Annihilape|atk|1\n|-ability|p2a: Annihilape|Defiant|boost\n|-boost|p2a: Annihilape|atk|2\n|-unboost|p2b: Iron Hands|atk|1\n|turn|2\n|\n|t:|1700090434\n|move|p1a: Landorus|Stomping Tantrum|p2a: Annihilape\n|-supereffective|p2a: Annihilape\n|-damage|p2a: Annihilape|0 fnt\n|faint|p2a: Annihilape\n|move|p1b: Gothitelle|Psychic|p2b: Iron Hands\n|-supereffective|p2b: Iron Hands\n|-damage|p2b: Iron Hands|59\/100\n|move|p2b: Iron Hands|Heavy Slam|p1b: Gothitelle\n|-damage|p1b: Gothitelle|72\/100\n|\n|upkeep\n|\n|t:|1700090445\n|switch|p2a: Flutter Mane|Flutter Mane, L50|100\/100\n|-enditem|p2a: Flutter Mane|Booster Energy\n|-activate|p2a: Flutter Mane|ability: Protosynthesis|[fromitem]\n|-start|p2a: Flutter Mane|protosynthesisspe\n|turn|3\n|\n|t:|1700090458\n|switch|p1b: Pok\u00e9 Doll|Clefairy, L50, F, shiny|100\/100\n|move|p2a: Flutter Mane|Moonblast|p1a: Landorus\n|-crit|p1a: Landorus\n|-damage|p1a: Landorus|29\/100\n|-unboost|p1a: Landorus|spa|1\n|move|p1a: Landorus|Stomping Tantrum|p2a: Flutter Mane\n|-damage|p2a: Flutter Mane|0 fnt\n|faint|p2a: Flutter Mane\n|-end|p2a: Flutter Mane|Protosynthesis|[silent]\n|move|p2b: Iron Hands|Wild Charge|p1b: Pok\u00e9 Doll\n|-damage|p1b: Pok\u00e9 Doll|69\/100\n|-damage|p2b: Iron Hands|54\/100|[from] Recoil\n|\n|upkeep\n|\n|t:|1700090467\n|switch|p2a: Rillaboom|Rillaboom, L50, M|100\/100\n|-fieldstart|move: Grassy Terrain|[from] ability: Grassy Surge|[of] p2a: Rillaboom\n|-enditem|p2a: Rillaboom|Grassy Seed\n|-boost|p2a: Rillaboom|def|1|[from] item: Grassy Seed\n|turn|4\n|\n|t:|1700090481\n|switch|p1a: Gothitelle|Gothitelle, L50, F|72\/100\n|move|p1b: Pok\u00e9 Doll|Protect|p1b: Pok\u00e9 Doll\n|-singleturn|p1b: Pok\u00e9 Doll|Protect\n|move|p2a: Rillaboom|Fake Out|p1b: Pok\u00e9 Doll\n|-activate|p1b: Pok\u00e9 Doll|move: Protect\n|move|p2b: Iron Hands|Heavy Slam|p1a: Gothitelle\n|-damage|p1a: Gothitelle|50\/100\n|-enditem|p1a: Gothitelle|Sitrus Berry|[eat]\n|-heal|p1a: Gothitelle|75\/100|[from] item: Sitrus Berry\n|\n|-heal|p1a: Gothitelle|81\/100|[from] Grassy Terrain\n|-heal|p2b: Iron Hands|60\/100|[from] Grassy Terrain\n|-heal|p1b: Pok\u00e9 Doll|75\/100|[from] Grassy Terrain\n|upkeep\n|turn|5\n|\n|t:|1700090505\n|switch|p1b: Landorus|Landorus-Therian, L50, M|29\/100\n|-ability|p1b: Landorus|Intimidate|boost\n|-unboost|p2a: Rillaboom|atk|1\n|-unboost|p2b: Iron Hands|atk|1\n|move|p1a: Gothitelle|Fake Out|p2a: Rillaboom\n|-damage|p2a: Rillaboom|96\/100\n|cant|p2a: Rillaboom|flinch\n|move|p2b: Iron Hands|Heavy Slam|p1a: Gothitelle\n|-damage|p1a: Gothitelle|60\/100\n|\n|-heal|p2a: Rillaboom|100\/100|[from] Grassy Terrain\n|-heal|p1a: Gothitelle|66\/100|[from] Grassy Terrain\n|-heal|p2b: Iron Hands|66\/100|[from] Grassy Terrain\n|upkeep\n|turn|6\n|\n|t:|1700090524\n|switch|p1b: Pok\u00e9 Doll|Clefairy, L50, F, shiny|75\/100\n|move|p2a: Rillaboom|Grassy Glide|p1b: Pok\u00e9 Doll\n|-damage|p1b: Pok\u00e9 Doll|54\/100\n|move|p1a: Gothitelle|Psychic|p2b: Iron Hands\n|-supereffective|p2b: Iron Hands\n|-damage|p2b: Iron Hands|22\/100\n|move|p2b: Iron Hands|Heavy Slam|p1b: Pok\u00e9 Doll\n|-supereffective|p1b: Pok\u00e9 Doll\n|-damage|p1b: Pok\u00e9 Doll|16\/100\n|\n|-heal|p1a: Gothitelle|72\/100|[from] Grassy Terrain\n|-heal|p2b: Iron Hands|28\/100|[from] Grassy Terrain\n|-heal|p1b: Pok\u00e9 Doll|21\/100|[from] Grassy Terrain\n|upkeep\n|turn|7\n|\n|t:|1700090546\n|move|p1b: Pok\u00e9 Doll|Protect|p1b: Pok\u00e9 Doll\n|-singleturn|p1b: Pok\u00e9 Doll|Protect\n|move|p2a: Rillaboom|Grassy Glide|p1a: Gothitelle\n|-damage|p1a: Gothitelle|56\/100\n|move|p1a: Gothitelle|Psychic|p2b: Iron Hands\n|-supereffective|p2b: Iron Hands\n|-damage|p2b: Iron Hands|0 fnt\n|faint|p2b: Iron Hands\n|-end|p2b: Iron Hands|Quark Drive|[silent]\n|\n|-heal|p1a: Gothitelle|62\/100|[from] Grassy Terrain\n|-heal|p1b: Pok\u00e9 Doll|27\/100|[from] Grassy Terrain\n|upkeep\n|turn|8\n|\n|t:|1700090568\n|switch|p1b: Landorus|Landorus-Therian, L50, M|29\/100\n|-ability|p1b: Landorus|Intimidate|boost\n|-unboost|p2a: Rillaboom|atk|1\n|move|p2a: Rillaboom|Grassy Glide|p1b: Landorus\n|-damage|p1b: Landorus|9\/100\n|move|p1a: Gothitelle|Psychic|p2a: Rillaboom\n|-damage|p2a: Rillaboom|54\/100\n|-unboost|p2a: Rillaboom|spd|1\n|\n|-heal|p2a: Rillaboom|60\/100|[from] Grassy Terrain\n|-heal|p1a: Gothitelle|68\/100|[from] Grassy Terrain\n|-fieldend|move: Grassy Terrain\n|upkeep\n|turn|9\n|inactive|edboiVGC has 30 seconds left.\n|\n|t:|1700090594\n|switch|p1a: Pok\u00e9 Doll|Clefairy, L50, F, shiny|27\/100\n|move|p2a: Rillaboom|Acrobatics|p1b: Landorus\n|-damage|p1b: Landorus|0 fnt\n|faint|p1b: Landorus\n|\n|upkeep\n|\n|t:|1700090602\n|switch|p1b: Gothitelle|Gothitelle, L50, F|68\/100\n|turn|10\n|\n|t:|1700090607\n|move|p1b: Gothitelle|Fake Out|p2a: Rillaboom\n|-damage|p2a: Rillaboom|56\/100\n|cant|p2a: Rillaboom|flinch\n|move|p1a: Pok\u00e9 Doll|Life Dew|p1a: Pok\u00e9 Doll|[spread] p1a,p1b\n|-heal|p1a: Pok\u00e9 Doll|52\/100\n|-heal|p1b: Gothitelle|93\/100\n|\n|upkeep\n|turn|11\n|\n|t:|1700090622\n|move|p1a: Pok\u00e9 Doll|Helping Hand|p1b: Gothitelle\n|-singleturn|p1b: Gothitelle|Helping Hand|[of] p1a: Pok\u00e9 Doll\n|move|p2a: Rillaboom|U-turn|p1b: Gothitelle\n|-supereffective|p1b: Gothitelle\n|-damage|p1b: Gothitelle|78\/100\n|move|p1b: Gothitelle|Psychic|p2a: Rillaboom\n|-crit|p2a: Rillaboom\n|-damage|p2a: Rillaboom|0 fnt\n|faint|p2a: Rillaboom\n|\n|win|edboiVGC\n|raw|edboiVGC's rating: 1284 &rarr; <strong>1314<\/strong><br \/>(+30 for winning)\n|raw|CavaleiroTeutao's rating: 1349 &rarr; <strong>1325<\/strong><br \/>(-24 for losing)\n|l|\u2606CavaleiroTeutao\n","uploadtime":1700090637,"views":12,"p1id":"edboivgc","p2id":"cavaleiroteutao","formatid":"gen9vgc2023regulatione","rating":1314,"private":0,"password":""}