{"id":"gen9vgc2023regulatione-1998724744","p1":"hi55gg","p2":"jazz hansd","format":"[Gen 9] VGC 2023 Regulation E","log":"|j|\u2606hi55gg\n|j|\u2606jazz hansd\n|t:|1700978329\n|gametype|doubles\n|player|p1|hi55gg|1|1000\n|player|p2|jazz hansd|265|1039\n|teamsize|p1|6\n|teamsize|p2|6\n|gen|9\n|tier|[Gen 9] VGC 2023 Regulation E\n|rated|\n|rule|Species Clause: Limit one of each Pok\u00e9mon\n|rule|Item Clause: Limit one of each item\n|clearpoke\n|poke|p1|Torkoal, L50, F|\n|poke|p1|Wo-Chien, L50|\n|poke|p1|Basculegion, L50, M|\n|poke|p1|Barraskewda, L50, M|\n|poke|p1|Roaring Moon, L50|\n|poke|p1|Slaking, L50, F|\n|poke|p2|Ninetales-Alola, L50, M|\n|poke|p2|Baxcalibur, L50, M|\n|poke|p2|Cetitan, L50, F|\n|poke|p2|Iron Bundle, L50|\n|poke|p2|Goodra-Hisui, L50, F|\n|poke|p2|Sinistcha, L50|\n|teampreview|4\nhi55gg has agreed to open team sheets.\n|\n|t:|1700978379\n|start\n|switch|p1a: Torkoal|Torkoal, L50, F|100\/100\n|switch|p1b: Wo-Chien|Wo-Chien, L50|100\/100\n|switch|p2a: Ninetales|Ninetales-Alola, L50, M|100\/100\n|switch|p2b: Iron Bundle|Iron Bundle, L50|100\/100\n|-weather|Snow|[from] ability: Snow Warning|[of] p2a: Ninetales\n|-ability|p1b: Wo-Chien|Tablets of Ruin\n|-weather|SunnyDay|[from] ability: Drought|[of] p1a: Torkoal\n|-enditem|p2b: Iron Bundle|Booster Energy\n|-activate|p2b: Iron Bundle|ability: Quark Drive|[fromitem]\n|-start|p2b: Iron Bundle|quarkdrivespe\n|turn|1\n|\n|t:|1700978432\n|-terastallize|p1a: Torkoal|Fire\n|move|p2b: Iron Bundle|Flip Turn|p1a: Torkoal\n|-supereffective|p1a: Torkoal\n|-damage|p1a: Torkoal|87\/100\n|\n|t:|1700978438\n|-end|p2b: Iron Bundle|Quark Drive|[silent]\n|switch|p2b: Baxcalibur|Baxcalibur, L50, M|100\/100|[from] Flip Turn\n|move|p2a: Ninetales|Chilling Water|p1a: Torkoal\n|-supereffective|p1a: Torkoal\n|-crit|p1a: Torkoal\n|-damage|p1a: Torkoal|65\/100\n|-unboost|p1a: Torkoal|atk|1\n|move|p1b: Wo-Chien|Ruination|p2a: Ninetales\n|-damage|p2a: Ninetales|51\/100\n|-damage|p1b: Wo-Chien|91\/100|[from] item: Life Orb\n|move|p1a: Torkoal|Eruption|p2b: Baxcalibur|[spread] p2a,p2b\n|-supereffective|p2a: Ninetales\n|-damage|p2a: Ninetales|0 fnt\n|-damage|p2b: Baxcalibur|25\/100\n|-ability|p2b: Baxcalibur|Thermal Exchange|boost\n|-boost|p2b: Baxcalibur|atk|1\n|faint|p2a: Ninetales\n|\n|-weather|SunnyDay|[upkeep]\n|-heal|p1a: Torkoal|72\/100|[from] item: Leftovers\n|upkeep\n|\n|t:|1700978458\n|switch|p2a: Sinistcha|Sinistcha, L50|100\/100\n|-heal|p2b: Baxcalibur|50\/100|[from] ability: Hospitality|[of] p2a: Sinistcha\n|turn|2\n|\n|t:|1700978474\n|-terastallize|p2b: Baxcalibur|Dragon\n|move|p2b: Baxcalibur|Glaive Rush|p1a: Torkoal\n|-damage|p1a: Torkoal|2\/100\n|-singlemove|p2b: Baxcalibur|Glaive Rush|[silent]\n|move|p2a: Sinistcha|Life Dew||[still]|[spread] p2a,p2b\n|-fail|p2a: Sinistcha|heal\n|-heal|p2b: Baxcalibur|75\/100\n|move|p1b: Wo-Chien|Pollen Puff|p1a: Torkoal\n|-heal|p1a: Torkoal|51\/100\n|-damage|p1b: Wo-Chien|81\/100|[from] item: Life Orb\n|move|p1a: Torkoal|Eruption|p2a: Sinistcha|[spread] p2a,p2b\n|-supereffective|p2a: Sinistcha\n|-resisted|p2b: Baxcalibur\n|-damage|p2a: Sinistcha|11\/100\n|-damage|p2b: Baxcalibur|22\/100\n|-ability|p2b: Baxcalibur|Thermal Exchange|boost\n|-boost|p2b: Baxcalibur|atk|1\n|\n|-weather|SunnyDay|[upkeep]\n|-heal|p1a: Torkoal|58\/100|[from] item: Leftovers\n|upkeep\n|turn|3\n|\n|t:|1700978511\n|move|p2b: Baxcalibur|Glaive Rush|p1a: Torkoal\n|-damage|p1a: Torkoal|0 fnt\n|-singlemove|p2b: Baxcalibur|Glaive Rush|[silent]\n|faint|p1a: Torkoal\n|move|p2a: Sinistcha|Life Dew|p2a: Sinistcha|[spread] p2a,p2b\n|-heal|p2a: Sinistcha|36\/100\n|-heal|p2b: Baxcalibur|47\/100\n|move|p1b: Wo-Chien|Leaf Storm|p2b: Baxcalibur\n|-resisted|p2b: Baxcalibur\n|-damage|p2b: Baxcalibur|0 fnt\n|-unboost|p1b: Wo-Chien|spa|2\n|faint|p2b: Baxcalibur\n|-damage|p1b: Wo-Chien|71\/100|[from] item: Life Orb\n|\n|-weather|SunnyDay|[upkeep]\n|upkeep\n|\n|t:|1700978528\n|switch|p2b: Iron Bundle|Iron Bundle, L50|100\/100\n|switch|p1a: Slaking|Slaking, L50, F|100\/100\n|turn|4\n|\n|t:|1700978560\n|move|p2b: Iron Bundle|Ice Spinner|p1b: Wo-Chien\n|-supereffective|p1b: Wo-Chien\n|-damage|p1b: Wo-Chien|29\/100\n|move|p1a: Slaking|Outrage|p2a: Sinistcha\n|-damage|p2a: Sinistcha|2\/100\n|-damage|p1a: Slaking|84\/100|[from] item: Rocky Helmet|[of] p2a: Sinistcha\n|move|p2a: Sinistcha|Calm Mind|p2a: Sinistcha\n|-boost|p2a: Sinistcha|spa|1\n|-boost|p2a: Sinistcha|spd|1\n|move|p1b: Wo-Chien|Leaf Storm|p2b: Iron Bundle|[miss]\n|-miss|p1b: Wo-Chien|p2b: Iron Bundle\n|\n|-weather|SunnyDay|[upkeep]\n|upkeep\n|turn|5\n|\n|t:|1700978602\n|move|p2a: Sinistcha|Protect|p2a: Sinistcha\n|-singleturn|p2a: Sinistcha|Protect\n|move|p2b: Iron Bundle|Ice Spinner|p1b: Wo-Chien\n|-supereffective|p1b: Wo-Chien\n|-damage|p1b: Wo-Chien|0 fnt\n|faint|p1b: Wo-Chien\n|cant|p1a: Slaking|ability: Truant\n|\n|-weather|none\n|-start|p1a: Slaking|confusion|[fatigue]\n|upkeep\n|\n|t:|1700978613\n|switch|p1b: Roaring Moon|Roaring Moon, L50|100\/100\n|turn|6\n|\n|t:|1700978632\n|-singleturn|p1a: Slaking|move: Focus Punch\n|move|p2b: Iron Bundle|Chilling Water|p1b: Roaring Moon\n|-resisted|p1b: Roaring Moon\n|-damage|p1b: Roaring Moon|92\/100\n|-unboost|p1b: Roaring Moon|atk|1\n|move|p1b: Roaring Moon|Double-Edge|p2b: Iron Bundle\n|-damage|p2b: Iron Bundle|61\/100\n|-damage|p1b: Roaring Moon|84\/100|[from] Recoil\n|move|p2a: Sinistcha|Matcha Gotcha|p1b: Roaring Moon|[spread] p1a,p1b\n|-resisted|p1b: Roaring Moon\n|-damage|p1a: Slaking|56\/100\n|-heal|p2a: Sinistcha|23\/100|[from] drain|[of] p1a: Slaking\n|-damage|p1b: Roaring Moon|69\/100\n|-heal|p2a: Sinistcha|32\/100|[from] drain|[of] p1b: Roaring Moon\n|-status|p1b: Roaring Moon|brn\n|-activate|p1a: Slaking|confusion\n|cant|p1a: Slaking|Focus Punch|Focus Punch\n|\n|-damage|p1b: Roaring Moon|63\/100 brn|[from] brn\n|upkeep\n|turn|7\n|\n|t:|1700978670\n|-singleturn|p1a: Slaking|move: Focus Punch\n|move|p2a: Sinistcha|Protect|p2a: Sinistcha\n|-singleturn|p2a: Sinistcha|Protect\n|move|p2b: Iron Bundle|Ice Spinner|p1b: Roaring Moon\n|-supereffective|p1b: Roaring Moon\n|-damage|p1b: Roaring Moon|0 fnt\n|faint|p1b: Roaring Moon\n|-end|p1b: Roaring Moon|Protosynthesis|[silent]\n|cant|p1a: Slaking|ability: Truant\n|\n|upkeep\n|turn|8\n|\n|t:|1700978690\n|-singleturn|p1a: Slaking|move: Focus Punch\n|move|p2b: Iron Bundle|Chilling Water|p1a: Slaking\n|-damage|p1a: Slaking|41\/100\n|-unboost|p1a: Slaking|atk|1\n|move|p2a: Sinistcha|Life Dew|p2a: Sinistcha|[spread] p2a,p2b\n|-heal|p2a: Sinistcha|57\/100\n|-heal|p2b: Iron Bundle|86\/100\n|-activate|p1a: Slaking|confusion\n|cant|p1a: Slaking|Focus Punch|Focus Punch\n|\n|upkeep\n|turn|9\n|-message|hi55gg forfeited.\n|\n|win|jazz hansd\n|raw|hi55gg's rating: 1000 &rarr; <strong>1000<\/strong><br \/>(+0 for losing)\n|raw|jazz hansd's rating: 1039 &rarr; <strong>1069<\/strong><br \/>(+30 for winning)\n|l|\u2606hi55gg\n","uploadtime":1700978728,"views":5,"p1id":"hi55gg","p2id":"jazzhansd","formatid":"gen9vgc2023regulatione","rating":1000,"private":0,"password":""}