{"id":"gen9vgc2023regulatione-1989384471","p1":"Brewersfan656","p2":"WhereisFr","format":"[Gen 9] VGC 2023 Regulation E","log":"|j|\u2606Brewersfan656\n|j|\u2606WhereisFr\n|t:|1699843471\n|gametype|doubles\n|player|p1|Brewersfan656|riley|1097\n|player|p2|WhereisFr|scientist-gen4|1000\n|teamsize|p1|6\n|teamsize|p2|6\n|gen|9\n|tier|[Gen 9] VGC 2023 Regulation E\n|rated|\n|rule|Species Clause: Limit one of each Pok\u00e9mon\n|rule|Item Clause: Limit one of each item\n|clearpoke\n|poke|p1|Grimmsnarl, L50, M|\n|poke|p1|Landorus-Therian, L50, M|\n|poke|p1|Roaring Moon, L50|\n|poke|p1|Chi-Yu, L50|\n|poke|p1|Iron Hands, L50|\n|poke|p1|Scream Tail, L50|\n|poke|p2|Medicham, L50, M|\n|poke|p2|Slaking, L50, M|\n|poke|p2|Cresselia, L50, F|\n|poke|p2|Ursaluna-Bloodmoon, L50, M|\n|poke|p2|Iron Hands, L50|\n|poke|p2|Flutter Mane, L50|\n|teampreview|4\n|inactive|Battle timer is ON: inactive players will automatically lose when time's up. (requested by Brewersfan656)\nBrewersfan656 rejected open team sheets.\n|\n|t:|1699843497\n|start\n|switch|p1a: Landorus|Landorus-Therian, L50, M|100\/100\n|switch|p1b: Scream Tail|Scream Tail, L50|100\/100\n|switch|p2a: Medicham|Medicham, L50, M|100\/100\n|switch|p2b: Slaking|Slaking, L50, M|100\/100\n|-ability|p1a: Landorus|Intimidate|boost\n|-unboost|p2a: Medicham|atk|1\n|-unboost|p2b: Slaking|atk|1\n|turn|1\n|\n|t:|1699843514\n|-terastallize|p1a: Landorus|Flying\n|move|p2b: Slaking|Protect|p2b: Slaking\n|-singleturn|p2b: Slaking|Protect\n|move|p1a: Landorus|Tera Blast|p2a: Medicham|[anim] Tera Blast Flying\n|-supereffective|p2a: Medicham\n|-enditem|p2a: Medicham|Focus Sash\n|-damage|p2a: Medicham|1\/100\n|move|p1b: Scream Tail|Thunder Wave|p2b: Slaking\n|-activate|p2b: Slaking|move: Protect\n|move|p2a: Medicham|Trick Room|p2a: Medicham\n|-fieldstart|move: Trick Room|[of] p2a: Medicham\n|\n|upkeep\n|turn|2\n|\n|t:|1699843535\n|move|p1b: Scream Tail|Protect|p1b: Scream Tail\n|-singleturn|p1b: Scream Tail|Protect\n|move|p2a: Medicham|Skill Swap|p2b: Slaking\n|-activate|p2a: Medicham|move: Skill Swap|||[of] p2b: Slaking\n|move|p2b: Slaking|Body Slam|p1a: Landorus\n|-damage|p1a: Landorus|0 fnt\n|faint|p1a: Landorus\n|-damage|p2b: Slaking|91\/100|[from] item: Life Orb\n|\n|upkeep\n|\n|t:|1699843547\n|switch|p1a: Iron Hands|Iron Hands, L50|100\/100\n|turn|3\n|\n|t:|1699843559\n|-terastallize|p2b: Slaking|Ground\n|move|p1a: Iron Hands|Drain Punch|p2b: Slaking\n|-damage|p2b: Slaking|61\/100\n|cant|p2a: Medicham|ability: Truant\n|move|p2b: Slaking|Earthquake|p1a: Iron Hands|[spread] p2a,p1a,p1b\n|-supereffective|p1a: Iron Hands\n|-damage|p2a: Medicham|0 fnt\n|-damage|p1a: Iron Hands|0 fnt\n|-damage|p1b: Scream Tail|30\/100\n|faint|p2a: Medicham\n|faint|p1a: Iron Hands\n|-end|p1a: Iron Hands|Quark Drive|[silent]\n|-damage|p2b: Slaking|51\/100|[from] item: Life Orb\n|move|p1b: Scream Tail|Play Rough|p2b: Slaking\n|-damage|p2b: Slaking|33\/100\n|\n|-heal|p1b: Scream Tail|37\/100|[from] item: Leftovers\n|upkeep\n|\n|t:|1699843569\n|switch|p1a: Roaring Moon|Roaring Moon, L50|100\/100\n|switch|p2a: Ursaluna|Ursaluna-Bloodmoon, L50, M|100\/100\n|-enditem|p1a: Roaring Moon|Booster Energy\n|-activate|p1a: Roaring Moon|ability: Protosynthesis|[fromitem]\n|-start|p1a: Roaring Moon|protosynthesisatk\n|turn|4\n|\n|t:|1699843577\n|move|p1b: Scream Tail|Protect|p1b: Scream Tail\n|-singleturn|p1b: Scream Tail|Protect\n|move|p1a: Roaring Moon|Protect|p1a: Roaring Moon\n|-singleturn|p1a: Roaring Moon|Protect\n|move|p2a: Ursaluna|Hyper Voice|p1b: Scream Tail|[spread] \n|-activate|p1a: Roaring Moon|move: Protect\n|-activate|p1b: Scream Tail|move: Protect\n|move|p2b: Slaking|Body Slam|p1a: Roaring Moon\n|-activate|p1a: Roaring Moon|move: Protect\n|\n|-heal|p1b: Scream Tail|43\/100|[from] item: Leftovers\n|upkeep\n|turn|5\n|\n|t:|1699843588\n|move|p1b: Scream Tail|Protect||[still]\n|-fail|p1b: Scream Tail\n|move|p1a: Roaring Moon|Protect|p1a: Roaring Moon\n|-singleturn|p1a: Roaring Moon|Protect\n|move|p2a: Ursaluna|Hyper Voice|p1a: Roaring Moon|[spread] p1b\n|-activate|p1a: Roaring Moon|move: Protect\n|-damage|p1b: Scream Tail|10\/100\n|move|p2b: Slaking|Body Slam|p1a: Roaring Moon\n|-activate|p1a: Roaring Moon|move: Protect\n|\n|-heal|p1b: Scream Tail|16\/100|[from] item: Leftovers\n|-fieldend|move: Trick Room\n|upkeep\n|turn|6\n|inactive|Brewersfan656 has 30 seconds left.\n|\n|t:|1699843615\n|move|p1a: Roaring Moon|Acrobatics|p2b: Slaking\n|-damage|p2b: Slaking|0 fnt\n|faint|p2b: Slaking\n|move|p1b: Scream Tail|Play Rough|p2a: Ursaluna|[miss]\n|-miss|p1b: Scream Tail|p2a: Ursaluna\n|move|p2a: Ursaluna|Hyper Voice|p1a: Roaring Moon|[spread] p1a,p1b\n|-damage|p1a: Roaring Moon|52\/100\n|-damage|p1b: Scream Tail|0 fnt\n|faint|p1b: Scream Tail\n|-end|p1b: Scream Tail|Protosynthesis|[silent]\n|\n|upkeep\n|\n|t:|1699843624\n|switch|p2b: Cresselia|Cresselia, L50, F|100\/100\n|turn|7\n|\n|t:|1699843630\n|move|p2b: Cresselia|Helping Hand|p2a: Ursaluna\n|-singleturn|p2a: Ursaluna|Helping Hand|[of] p2b: Cresselia\n|move|p1a: Roaring Moon|Knock Off|p2b: Cresselia\n|-supereffective|p2b: Cresselia\n|-damage|p2b: Cresselia|29\/100\n|-enditem|p2b: Cresselia|Covert Cloak|[from] move: Knock Off|[of] p1a: Roaring Moon\n|move|p2a: Ursaluna|Blood Moon|p1a: Roaring Moon\n|-damage|p1a: Roaring Moon|0 fnt\n|faint|p1a: Roaring Moon\n|-end|p1a: Roaring Moon|Protosynthesis|[silent]\n|\n|win|WhereisFr\n|raw|Brewersfan656's rating: 1097 &rarr; <strong>1066<\/strong><br \/>(-31 for losing)\n|raw|WhereisFr's rating: 1000 &rarr; <strong>1051<\/strong><br \/>(+51 for winning)\n|l|\u2606Brewersfan656\n","uploadtime":1699843641,"views":21,"p1id":"brewersfan656","p2id":"whereisfr","formatid":"gen9vgc2023regulatione","rating":1051,"private":0,"password":""}