{"id":"gen9vgc2023regulatione-1989432892","p1":"JeanRyuPR","p2":"mofonguero","format":"[Gen 9] VGC 2023 Regulation E","log":"|j|\u2606JeanRyuPR\n|j|\u2606mofonguero\n|n|\u2606JeanRyuPR|jeanryupr\n|n|\u2606mofonguero|mofonguero\n|html|View the match progress at <a href=\"\/game-bestof3-gen9vgc2023regulatione-1989432891\">game-bestof3-gen9vgc2023regulatione-1989432891<\/a>\n|t:|1699849705\n|gametype|doubles\n|player|p1|JeanRyuPR|lance|\n|player|p2|mofonguero|waiter|\n|teamsize|p1|6\n|teamsize|p2|6\n|gen|9\n|tier|[Gen 9] VGC 2023 Regulation E\n|rule|Species Clause: Limit one of each Pok\u00e9mon\n|rule|Item Clause: Limit one of each item\n|clearpoke\n|poke|p1|Ogerpon-Wellspring, L50, F|\n|poke|p1|Farigiraf, L50, M|\n|poke|p1|Roaring Moon, L50|\n|poke|p1|Landorus-Therian, L50, M|\n|poke|p1|Rillaboom, L50, F|\n|poke|p1|Heatran, L50, F|\n|poke|p2|Ninetales-Alola, L50, F|\n|poke|p2|Baxcalibur, L50, F|\n|poke|p2|Rillaboom, L50, M|\n|poke|p2|Ogerpon-Wellspring, L50, F|\n|poke|p2|Heatran, L50, M|\n|poke|p2|Flutter Mane, L50|\n|teampreview|4\n|inactive|Battle timer is ON: inactive players will automatically lose when time's up. (requested by mofonguero)\nmofonguero has agreed to open team sheets.\nJeanRyuPR has agreed to open team sheets.\n|showteam|p1|Ogerpon-Wellspring||WellspringMask|WaterAbsorb|IvyCudgel,SpikyShield,HornLeech,SwordsDance|||F|||50|,,,,,Water]Farigiraf||SitrusBerry|ArmorTail|NastyPlot,HyperVoice,Imprison,TrickRoom|||M|||50|,,,,,Normal]Roaring Moon||BoosterEnergy|Protosynthesis|KnockOff,Tailwind,Protect,BreakingSwipe||||||50|,,,,,Poison]Landorus-Therian||ChoiceScarf|Intimidate|Uturn,RockSlide,TeraBlast,StompingTantrum|||M|||50|,,,,,Flying]Rillaboom||AssaultVest|GrassySurge|WoodHammer,FakeOut,Uturn,KnockOff|||F|||50|,,,,,Fire]Heatran||LifeOrb|FlashFire|HeatWave,FlashCannon,WillOWisp,Protect|||F|||50|,,,,,Fairy\n|showteam|p2|Ninetales-Alola||LightClay|SnowWarning|Protect,IcyWind,AuroraVeil,Moonblast|||F|||50|,,,,,Water]Baxcalibur||LoadedDice|IceBody|IcicleSpear,ScaleShot,SwordsDance,Protect|||F|||50|,,,,,Poison]Rillaboom||AssaultVest|GrassySurge|WoodHammer,FakeOut,GrassyGlide,Uturn|||M|||50|,,,,,Fire]Ogerpon-Wellspring||WellspringMask|WaterAbsorb|IvyCudgel,HornLeech,FollowMe,SpikyShield|||F|||50|,,,,,Water]Heatran||Leftovers|FlashFire|Protect,HeatWave,Substitute,EarthPower|||M|||50|,,,,,Fairy]Flutter Mane||BoosterEnergy|Protosynthesis|IcyWind,Moonblast,ShadowBall,Protect||||||50|,,,,,Fairy\n|inactive|JeanRyuPR has 30 seconds left.\n|\n|t:|1699849747\n|start\n|switch|p1a: Heatran|Heatran, L50, F|100\/100\n|switch|p1b: Ogerpon|Ogerpon-Wellspring, L50, F|100\/100\n|switch|p2a: Ninetales|Ninetales-Alola, L50, F|100\/100\n|switch|p2b: Baxcalibur|Baxcalibur, L50, F|100\/100\n|-weather|Snow|[from] ability: Snow Warning|[of] p2a: Ninetales\n|turn|1\n|inactive|JeanRyuPR has 30 seconds left.\n|inactive|mofonguero has 30 seconds left.\n|inactive|mofonguero has 20 seconds left.\n|inactive|mofonguero has 15 seconds left.\n|inactive|mofonguero has 10 seconds left.\n|\n|t:|1699849797\n|switch|p2a: Ogerpon|Ogerpon-Wellspring, L50, F|100\/100\n|-terastallize|p1b: Ogerpon|Water\n|detailschange|p1b: Ogerpon|Ogerpon-Wellspring-Tera, L50, F, tera:Water\n|-ability|p1b: Ogerpon|Embody Aspect (Wellspring)|boost\n|-boost|p1b: Ogerpon|spd|1\n|move|p1b: Ogerpon|Swords Dance|p1b: Ogerpon\n|-boost|p1b: Ogerpon|atk|2\n|move|p2b: Baxcalibur|Icicle Spear|p1b: Ogerpon\n|-resisted|p1b: Ogerpon\n|-damage|p1b: Ogerpon|92\/100\n|-resisted|p1b: Ogerpon\n|-damage|p1b: Ogerpon|85\/100\n|-resisted|p1b: Ogerpon\n|-damage|p1b: Ogerpon|77\/100\n|-resisted|p1b: Ogerpon\n|-damage|p1b: Ogerpon|69\/100\n|-resisted|p1b: Ogerpon\n|-damage|p1b: Ogerpon|62\/100\n|-hitcount|p1b: Ogerpon|5\n|move|p1a: Heatran|Heat Wave|p2b: Baxcalibur|[spread] p2a,p2b\n|-damage|p2a: Ogerpon|56\/100\n|-damage|p2b: Baxcalibur|61\/100\n|-damage|p1a: Heatran|91\/100|[from] item: Life Orb\n|\n|-weather|Snow|[upkeep]\n|-heal|p2b: Baxcalibur|67\/100|[from] ability: Ice Body\n|upkeep\n|turn|2\n|inactive|JeanRyuPR has 30 seconds left.\n|inactive|JeanRyuPR has 20 seconds left.\n|inactive|mofonguero has 30 seconds left.\n|inactive|JeanRyuPR has 15 seconds left.\n|inactive|JeanRyuPR has 10 seconds left.\n|inactive|JeanRyuPR has 5 seconds left.\n|\n|t:|1699849847\n|switch|p2b: Flutter Mane|Flutter Mane, L50|100\/100\n|-enditem|p2b: Flutter Mane|Booster Energy\n|-activate|p2b: Flutter Mane|ability: Protosynthesis|[fromitem]\n|-start|p2b: Flutter Mane|protosynthesisspe\n|move|p1a: Heatran|Protect|p1a: Heatran\n|-singleturn|p1a: Heatran|Protect\n|move|p2a: Ogerpon|Horn Leech|p1b: Ogerpon\n|-supereffective|p1b: Ogerpon\n|-damage|p1b: Ogerpon|0 fnt\n|-heal|p2a: Ogerpon|86\/100|[from] drain|[of] p1b: Ogerpon\n|faint|p1b: Ogerpon\n|\n|-weather|Snow|[upkeep]\n|upkeep\n|\n|t:|1699849861\n|switch|p1b: Landorus|Landorus-Therian, L50, M|100\/100\n|-ability|p1b: Landorus|Intimidate|boost\n|-unboost|p2a: Ogerpon|atk|1\n|-unboost|p2b: Flutter Mane|atk|1\n|turn|3\n|\n|t:|1699849877\n|move|p2b: Flutter Mane|Icy Wind|p1a: Heatran|[spread] p1a\n|-miss|p2b: Flutter Mane|p1b: Landorus\n|-resisted|p1a: Heatran\n|-damage|p1a: Heatran|89\/100\n|-unboost|p1a: Heatran|spe|1\n|move|p1b: Landorus|Rock Slide|p2b: Flutter Mane|[spread] p2a,p2b\n|-damage|p2a: Ogerpon|64\/100\n|-damage|p2b: Flutter Mane|66\/100\n|cant|p2a: Ogerpon|flinch\n|move|p1a: Heatran|Flash Cannon|p2b: Flutter Mane\n|-supereffective|p2b: Flutter Mane\n|-damage|p2b: Flutter Mane|0 fnt\n|faint|p2b: Flutter Mane\n|-end|p2b: Flutter Mane|Protosynthesis|[silent]\n|-damage|p1a: Heatran|79\/100|[from] item: Life Orb\n|\n|-weather|Snow|[upkeep]\n|upkeep\n|c|\u2606mofonguero|oof\n|\n|t:|1699849896\n|switch|p2b: Baxcalibur|Baxcalibur, L50, F|67\/100\n|turn|4\n|\n|t:|1699849908\n|-terastallize|p2b: Baxcalibur|Poison\n|move|p1a: Heatran|Protect|p1a: Heatran\n|-singleturn|p1a: Heatran|Protect\n|move|p1b: Landorus|Rock Slide|p2b: Baxcalibur|[spread] p2b\n|-miss|p1b: Landorus|p2a: Ogerpon\n|-damage|p2b: Baxcalibur|48\/100\n|move|p2a: Ogerpon|Ivy Cudgel|p1a: Heatran\n|-activate|p1a: Heatran|move: Protect\n|cant|p2b: Baxcalibur|flinch\n|\n|-weather|Snow|[upkeep]\n|-heal|p2b: Baxcalibur|54\/100|[from] ability: Ice Body\n|upkeep\n|turn|5\n|inactive|JeanRyuPR has 30 seconds left.\n|\n|t:|1699849935\n|switch|p1a: Farigiraf|Farigiraf, L50, M|100\/100\n|move|p1b: Landorus|Rock Slide|p2a: Ogerpon|[spread] p2a,p2b\n|-damage|p2a: Ogerpon|39\/100\n|-damage|p2b: Baxcalibur|34\/100\n|move|p2a: Ogerpon|Ivy Cudgel|p1a: Farigiraf\n|-damage|p1a: Farigiraf|61\/100\n|cant|p2b: Baxcalibur|flinch\n|\n|-weather|none\n|upkeep\n|turn|6\n|c|\u2606mofonguero|lol\n|inactive|JeanRyuPR has 30 seconds left.\n|\n|t:|1699849963\n|switch|p1b: Heatran|Heatran, L50, F|79\/100\n|move|p2a: Ogerpon|Horn Leech|p1a: Farigiraf\n|-damage|p1a: Farigiraf|32\/100\n|-heal|p2a: Ogerpon|58\/100|[from] drain|[of] p1a: Farigiraf\n|-enditem|p1a: Farigiraf|Sitrus Berry|[eat]\n|-heal|p1a: Farigiraf|56\/100|[from] item: Sitrus Berry\n|move|p2b: Baxcalibur|Icicle Spear|p1b: Heatran\n|-resisted|p1b: Heatran\n|-damage|p1b: Heatran|76\/100\n|-resisted|p1b: Heatran\n|-damage|p1b: Heatran|74\/100\n|-resisted|p1b: Heatran\n|-damage|p1b: Heatran|71\/100\n|-resisted|p1b: Heatran\n|-damage|p1b: Heatran|68\/100\n|-hitcount|p1b: Heatran|4\n|move|p1a: Farigiraf|Hyper Voice|p2b: Baxcalibur|[spread] p2a,p2b\n|-damage|p2a: Ogerpon|19\/100\n|-damage|p2b: Baxcalibur|6\/100\n|\n|upkeep\n|turn|7\n|inactive|JeanRyuPR has 30 seconds left.\n|\n|t:|1699849992\n|move|p1b: Heatran|Protect|p1b: Heatran\n|-singleturn|p1b: Heatran|Protect\n|move|p2a: Ogerpon|Horn Leech|p1a: Farigiraf\n|-damage|p1a: Farigiraf|31\/100\n|-heal|p2a: Ogerpon|36\/100|[from] drain|[of] p1a: Farigiraf\n|move|p2b: Baxcalibur|Icicle Spear|p1a: Farigiraf\n|-damage|p1a: Farigiraf|16\/100\n|-damage|p1a: Farigiraf|1\/100\n|-damage|p1a: Farigiraf|0 fnt\n|faint|p1a: Farigiraf\n|-hitcount|p1: Farigiraf|3\n|\n|upkeep\n|\n|t:|1699850007\n|switch|p1a: Landorus|Landorus-Therian, L50, M|100\/100\n|-ability|p1a: Landorus|Intimidate|boost\n|-unboost|p2a: Ogerpon|atk|1\n|-unboost|p2b: Baxcalibur|atk|1\n|turn|8\n|\n|t:|1699850022\n|switch|p2b: Ninetales|Ninetales-Alola, L50, F|100\/100\n|-weather|Snow|[from] ability: Snow Warning|[of] p2b: Ninetales\n|move|p2a: Ogerpon|Spiky Shield|p2a: Ogerpon\n|-singleturn|p2a: Ogerpon|move: Protect\n|move|p1a: Landorus|Rock Slide|p2a: Ogerpon|[spread] p2b\n|-activate|p2a: Ogerpon|move: Protect\n|-supereffective|p2b: Ninetales\n|-damage|p2b: Ninetales|62\/100\n|move|p1b: Heatran|Flash Cannon|p2a: Ogerpon\n|-activate|p2a: Ogerpon|move: Protect\n|\n|-weather|Snow|[upkeep]\n|upkeep\n|turn|9\n|inactive|JeanRyuPR has 30 seconds left.\n|\n|t:|1699850055\n|switch|p2a: Baxcalibur|Baxcalibur, L50, F, tera:Poison|6\/100\n|move|p1a: Landorus|Rock Slide|p2a: Baxcalibur|[spread] p2a,p2b\n|-supereffective|p2b: Ninetales\n|-damage|p2a: Baxcalibur|0 fnt\n|-damage|p2b: Ninetales|25\/100\n|faint|p2a: Baxcalibur\n|move|p2b: Ninetales|Icy Wind|p1b: Heatran|[spread] p1a,p1b\n|-supereffective|p1a: Landorus\n|-resisted|p1b: Heatran\n|-damage|p1a: Landorus|35\/100\n|-damage|p1b: Heatran|66\/100\n|-unboost|p1a: Landorus|spe|1\n|-unboost|p1b: Heatran|spe|1\n|move|p1b: Heatran|Flash Cannon|p2b: Ninetales\n|-supereffective|p2b: Ninetales\n|-damage|p2b: Ninetales|0 fnt\n|faint|p2b: Ninetales\n|-damage|p1b: Heatran|56\/100|[from] item: Life Orb\n|\n|-weather|Snow|[upkeep]\n|upkeep\n|\n|t:|1699850064\n|switch|p2b: Ogerpon|Ogerpon-Wellspring, L50, F|36\/100\n|turn|10\n|\n|t:|1699850084\n|move|p2b: Ogerpon|Spiky Shield|p2b: Ogerpon\n|-singleturn|p2b: Ogerpon|move: Protect\n|move|p1a: Landorus|Rock Slide|p2b: Ogerpon\n|-activate|p2b: Ogerpon|move: Protect\n|move|p1b: Heatran|Flash Cannon|p2b: Ogerpon\n|-activate|p2b: Ogerpon|move: Protect\n|\n|-weather|Snow|[upkeep]\n|upkeep\n|turn|11\n|\n|t:|1699850099\n|move|p2b: Ogerpon|Ivy Cudgel|p1a: Landorus\n|-supereffective|p1a: Landorus\n|-damage|p1a: Landorus|0 fnt\n|faint|p1a: Landorus\n|move|p1b: Heatran|Flash Cannon|p2b: Ogerpon\n|-resisted|p2b: Ogerpon\n|-damage|p2b: Ogerpon|12\/100\n|-damage|p1b: Heatran|47\/100|[from] item: Life Orb\n|\n|-weather|Snow|[upkeep]\n|upkeep\n|turn|12\n|\n|t:|1699850113\n|move|p2b: Ogerpon|Ivy Cudgel|p1b: Heatran\n|-supereffective|p1b: Heatran\n|-damage|p1b: Heatran|0 fnt\n|faint|p1b: Heatran\n|\n|win|mofonguero\n|c|&|\/uhtml prompt-mofonguero,mofonguero is ready for game 2!\n|c|&|\/uhtml prompt-jeanryupr,JeanRyuPR is ready for game 2!\nBoth players are ready! Starting next match!\n","uploadtime":1699850289,"views":29,"p1id":"jeanryupr","p2id":"mofonguero","formatid":"gen9vgc2023regulatione","rating":0,"private":0,"password":""}