{"id":"gen9vgc2023regulatione-1994469050","p1":"5Sscreen","p2":"Mentalsyndrome","format":"[Gen 9] VGC 2023 Regulation E","log":"|j|\u26065Sscreen\n|j|\u2606Mentalsyndrome\n|t:|1700447498\n|gametype|doubles\n|player|p1|5Sscreen|pokekid|1239\n|player|p2|Mentalsyndrome|byron|1194\n|teamsize|p1|6\n|teamsize|p2|6\n|gen|9\n|tier|[Gen 9] VGC 2023 Regulation E\n|rated|\n|rule|Species Clause: Limit one of each Pok\u00e9mon\n|rule|Item Clause: Limit one of each item\n|clearpoke\n|poke|p1|Annihilape, L50, F|\n|poke|p1|Sinistcha, L50|\n|poke|p1|Grimmsnarl, L50, M|\n|poke|p1|Landorus-Therian, L50, M|\n|poke|p1|Bellibolt, L50, M|\n|poke|p1|Corviknight, L50, M|\n|poke|p2|Tornadus, L50, M|\n|poke|p2|Zapdos, L50|\n|poke|p2|Tinkaton, L50, F|\n|poke|p2|Arbok, L50, F|\n|poke|p2|Breloom, L50, F|\n|poke|p2|Ninetales-Alola, L50, F|\n|teampreview|4\n|c|\u2606Mentalsyndrome|Glhf :)\n|c|\u26065Sscreen|u too\n|\n|t:|1700447546\n|start\n|switch|p1a: Grimmsnarl|Grimmsnarl, L50, M, shiny|100\/100\n|switch|p1b: Landorus|Landorus-Therian, L50, M|100\/100\n|switch|p2a: Arbok|Arbok, L50, F|100\/100\n|switch|p2b: Tornadus|Tornadus, L50, M|100\/100\n|-ability|p1b: Landorus|Intimidate|boost\n|-unboost|p2a: Arbok|atk|1\n|-unboost|p2b: Tornadus|atk|1\n|-ability|p2a: Arbok|Intimidate|boost\n|-unboost|p1a: Grimmsnarl|atk|1\n|-unboost|p1b: Landorus|atk|1\n|turn|1\n|\n|t:|1700447566\n|move|p2b: Tornadus|Tailwind|p2b: Tornadus\n|-sidestart|p2: Mentalsyndrome|move: Tailwind\n|move|p1a: Grimmsnarl|Reflect|p1a: Grimmsnarl\n|-sidestart|p1: 5Sscreen|Reflect\n|move|p1b: Landorus|Stomping Tantrum|p2a: Arbok\n|-supereffective|p2a: Arbok\n|-damage|p2a: Arbok|18\/100\n|move|p2a: Arbok|Gunk Shot|p1a: Grimmsnarl\n|-supereffective|p1a: Grimmsnarl\n|-damage|p1a: Grimmsnarl|64\/100\n|-status|p1a: Grimmsnarl|psn\n|\n|-heal|p2a: Arbok|24\/100|[from] item: Leftovers\n|-damage|p1a: Grimmsnarl|52\/100 psn|[from] psn\n|upkeep\n|turn|2\n|\n|t:|1700447585\n|switch|p2a: Zapdos|Zapdos, L50|100\/100\n|move|p2b: Tornadus|Rain Dance|p2b: Tornadus\n|-weather|RainDance\n|move|p1a: Grimmsnarl|Parting Shot|p2b: Tornadus\n|-unboost|p2b: Tornadus|atk|1\n|-unboost|p2b: Tornadus|spa|1\n|\n|t:|1700447592\n|switch|p1a: Annihilape|Annihilape, L50, F|100\/100|[from] Parting Shot\n|move|p1b: Landorus|Stomping Tantrum|p2a: Zapdos\n|-immune|p2a: Zapdos\n|\n|-weather|RainDance|[upkeep]\n|upkeep\n|turn|3\n|\n|t:|1700447607\n|switch|p1b: Grimmsnarl|Grimmsnarl, L50, M, shiny|52\/100 psn\n|move|p2b: Tornadus|Protect|p2b: Tornadus\n|-singleturn|p2b: Tornadus|Protect\n|move|p1a: Annihilape|Protect|p1a: Annihilape\n|-singleturn|p1a: Annihilape|Protect\n|move|p2a: Zapdos|Hurricane|p1a: Annihilape\n|-activate|p1a: Annihilape|move: Protect\n|\n|-weather|RainDance|[upkeep]\n|-damage|p1b: Grimmsnarl|40\/100 psn|[from] psn\n|upkeep\n|turn|4\n|\n|t:|1700447631\n|-terastallize|p1a: Annihilape|Fire\n|move|p1b: Grimmsnarl|Reflect||[still]\n|-fail|p1b: Grimmsnarl\n|move|p2b: Tornadus|Bleakwind Storm|p1a: Annihilape|[spread] p1a,p1b\n|-damage|p1a: Annihilape|83\/100\n|-damage|p1b: Grimmsnarl|22\/100 psn\n|-unboost|p1b: Grimmsnarl|spe|1\n|move|p2a: Zapdos|Hurricane|p1a: Annihilape\n|-damage|p1a: Annihilape|35\/100\n|-start|p1a: Annihilape|confusion\n|-activate|p1a: Annihilape|confusion\n|move|p1a: Annihilape|Drain Punch|p2b: Tornadus\n|-resisted|p2b: Tornadus\n|-crit|p2b: Tornadus\n|-damage|p2b: Tornadus|63\/100\n|-heal|p1a: Annihilape|52\/100|[from] drain|[of] p2b: Tornadus\n|\n|-weather|RainDance|[upkeep]\n|-heal|p1a: Annihilape|58\/100|[from] item: Leftovers\n|-damage|p1b: Grimmsnarl|9\/100 psn|[from] psn\n|-sideend|p2: Mentalsyndrome|move: Tailwind\n|upkeep\n|turn|5\n|\n|t:|1700447663\n|move|p2b: Tornadus|Tailwind|p2b: Tornadus\n|-sidestart|p2: Mentalsyndrome|move: Tailwind\n|move|p1b: Grimmsnarl|Light Screen|p1b: Grimmsnarl\n|-sidestart|p1: 5Sscreen|move: Light Screen\n|move|p2a: Zapdos|Weather Ball|p1a: Annihilape\n|-supereffective|p1a: Annihilape\n|-damage|p1a: Annihilape|2\/100\n|-activate|p1a: Annihilape|confusion\n|move|p1a: Annihilape|Drain Punch|p2b: Tornadus\n|-resisted|p2b: Tornadus\n|-damage|p2b: Tornadus|42\/100\n|-heal|p1a: Annihilape|12\/100|[from] drain|[of] p2b: Tornadus\n|\n|-weather|RainDance|[upkeep]\n|-heal|p1a: Annihilape|18\/100|[from] item: Leftovers\n|-damage|p1b: Grimmsnarl|0 fnt|[from] psn\n|faint|p1b: Grimmsnarl\n|upkeep\n|\n|t:|1700447678\n|switch|p1b: Sinistcha|Sinistcha, L50|100\/100\n|-heal|p1a: Annihilape|43\/100|[from] ability: Hospitality|[of] p1b: Sinistcha\n|turn|6\n|\n|t:|1700447694\n|switch|p1b: Landorus|Landorus-Therian, L50, M|100\/100\n|-ability|p1b: Landorus|Intimidate|boost\n|-unboost|p2a: Zapdos|atk|1\n|-unboost|p2b: Tornadus|atk|1\n|-activate|p1a: Annihilape|confusion\n|move|p1a: Annihilape|Protect|p1a: Annihilape\n|-singleturn|p1a: Annihilape|Protect\n|move|p2b: Tornadus|Bleakwind Storm|p1a: Annihilape|[spread] p1b\n|-activate|p1a: Annihilape|move: Protect\n|-damage|p1b: Landorus|83\/100\n|move|p2a: Zapdos|Hurricane|p1b: Landorus\n|-damage|p1b: Landorus|36\/100\n|\n|-weather|none\n|-heal|p1a: Annihilape|49\/100|[from] item: Leftovers\n|upkeep\n|turn|7\n|\n|t:|1700447717\n|switch|p1b: Sinistcha|Sinistcha, L50|100\/100\n|-heal|p1a: Annihilape|74\/100|[from] ability: Hospitality|[of] p1b: Sinistcha\n|move|p2b: Tornadus|Rain Dance|p2b: Tornadus\n|-weather|RainDance\n|move|p2a: Zapdos|Hurricane|p1a: Annihilape\n|-crit|p1a: Annihilape\n|-damage|p1a: Annihilape|0 fnt\n|faint|p1a: Annihilape\n|\n|-weather|RainDance|[upkeep]\n|upkeep\n|\n|t:|1700447727\n|switch|p1a: Landorus|Landorus-Therian, L50, M|36\/100\n|-ability|p1a: Landorus|Intimidate|boost\n|-unboost|p2a: Zapdos|atk|1\n|-unboost|p2b: Tornadus|atk|1\n|turn|8\n|\n|t:|1700447749\n|-terastallize|p2a: Zapdos|Steel\n|move|p2b: Tornadus|Protect|p2b: Tornadus\n|-singleturn|p2b: Tornadus|Protect\n|move|p2a: Zapdos|Hurricane|p1b: Sinistcha\n|-supereffective|p1b: Sinistcha\n|-damage|p1b: Sinistcha|17\/100\n|-start|p1b: Sinistcha|confusion\n|-enditem|p1b: Sinistcha|Sitrus Berry|[eat]\n|-heal|p1b: Sinistcha|42\/100|[from] item: Sitrus Berry\n|move|p1a: Landorus|Rock Slide|p2b: Tornadus|[spread] p2a\n|-activate|p2b: Tornadus|move: Protect\n|-resisted|p2a: Zapdos\n|-damage|p2a: Zapdos|89\/100\n|-activate|p1b: Sinistcha|confusion\n|move|p1b: Sinistcha|Hex|p2b: Tornadus\n|-activate|p2b: Tornadus|move: Protect\n|\n|-weather|RainDance|[upkeep]\n|-sideend|p1: 5Sscreen|Reflect\n|-sideend|p2: Mentalsyndrome|move: Tailwind\n|upkeep\n|turn|9\n|\n|t:|1700447772\n|-end|p1b: Sinistcha|confusion\n|move|p1b: Sinistcha|Rage Powder|p1b: Sinistcha\n|-singleturn|p1b: Sinistcha|move: Rage Powder\n|move|p2b: Tornadus|Tailwind|p2b: Tornadus\n|-sidestart|p2: Mentalsyndrome|move: Tailwind\n|move|p2a: Zapdos|Weather Ball|p1b: Sinistcha\n|-resisted|p1b: Sinistcha\n|-damage|p1b: Sinistcha|24\/100\n|move|p1a: Landorus|Rock Slide|p2a: Zapdos|[spread] p2a,p2b\n|-resisted|p2a: Zapdos\n|-supereffective|p2b: Tornadus\n|-damage|p2a: Zapdos|77\/100\n|-damage|p2b: Tornadus|0 fnt\n|faint|p2b: Tornadus\n|\n|-weather|RainDance|[upkeep]\n|upkeep\n|\n|t:|1700447776\n|switch|p2b: Arbok|Arbok, L50, F|24\/100\n|-ability|p2b: Arbok|Intimidate|boost\n|-unboost|p1a: Landorus|atk|1\n|-unboost|p1b: Sinistcha|atk|1\n|turn|10\n|\n|t:|1700447797\n|switch|p2b: Breloom|Breloom, L50, F|100\/100\n|move|p2a: Zapdos|Hurricane|p1b: Sinistcha\n|-supereffective|p1b: Sinistcha\n|-damage|p1b: Sinistcha|0 fnt\n|faint|p1b: Sinistcha\n|move|p1a: Landorus|Rock Slide|p2b: Breloom|[spread] p2a,p2b\n|-resisted|p2a: Zapdos\n|-resisted|p2b: Breloom\n|-damage|p2a: Zapdos|68\/100\n|-damage|p2b: Breloom|88\/100\n|\n|-weather|RainDance|[upkeep]\n|upkeep\n|turn|11\n|c|\u26065Sscreen|gg\n|-message|5Sscreen forfeited.\n|\n|win|Mentalsyndrome\n|raw|5Sscreen's rating: 1239 &rarr; <strong>1211<\/strong><br \/>(-28 for losing)\n|raw|Mentalsyndrome's rating: 1194 &rarr; <strong>1222<\/strong><br \/>(+28 for winning)\n|c|\u2606Mentalsyndrome|Gg\n|l|\u26065Sscreen\n","uploadtime":1700447823,"views":16,"p1id":"5sscreen","p2id":"mentalsyndrome","formatid":"gen9vgc2023regulatione","rating":1211,"private":0,"password":""}