{"id":"gen9vgc2023regulatione-1999838645","p1":"bigpika95","p2":"xdeacion","format":"[Gen 9] VGC 2023 Regulation E","log":"|j|\u2606bigpika95\n|j|\u2606xdeacion\n|t:|1701121508\n|gametype|doubles\n|player|p1|bigpika95|bellepa|1224\n|player|p2|xdeacion|swimmer|1309\n|teamsize|p1|6\n|teamsize|p2|6\n|gen|9\n|tier|[Gen 9] VGC 2023 Regulation E\n|rated|\n|rule|Species Clause: Limit one of each Pok\u00e9mon\n|rule|Item Clause: Limit one of each item\n|clearpoke\n|poke|p1|Salamence, L50, F|\n|poke|p1|Volcarona, L50, F|\n|poke|p1|Rillaboom, L50, M|\n|poke|p1|Scizor, L50, F|\n|poke|p1|Iron Bundle, L50|\n|poke|p1|Politoed, L50, M|\n|poke|p2|Salamence, L50, M|\n|poke|p2|Urshifu-*, L50, F|\n|poke|p2|Rillaboom, L50, F|\n|poke|p2|Kingambit, L50, F|\n|poke|p2|Heatran, L50, M|\n|poke|p2|Flutter Mane, L50|\n|teampreview|4\n|\n|t:|1701121524\n|start\n|switch|p1a: Scizor|Scizor, L50, F|100\/100\n|switch|p1b: Politoed|Politoed, L50, M|100\/100\n|switch|p2a: Rillaboom|Rillaboom, L50, F|100\/100\n|switch|p2b: Urshifu|Urshifu-Rapid-Strike, L50, F|100\/100\n|-fieldstart|move: Grassy Terrain|[from] ability: Grassy Surge|[of] p2a: Rillaboom\n|-weather|RainDance|[from] ability: Drizzle|[of] p1b: Politoed\n|turn|1\n|inactive|Battle timer is ON: inactive players will automatically lose when time's up. (requested by xdeacion)\n|inactive|xdeacion has 60 seconds left.\n|\n|t:|1701121559\n|switch|p1a: Salamence|Salamence, L50, F|100\/100\n|-ability|p1a: Salamence|Intimidate|boost\n|-unboost|p2a: Rillaboom|atk|1\n|-unboost|p2b: Urshifu|atk|1\n|-terastallize|p2a: Rillaboom|Fire\n|move|p1b: Politoed|Protect|p1b: Politoed\n|-singleturn|p1b: Politoed|Protect\n|move|p2b: Urshifu|U-turn|p1a: Salamence\n|-resisted|p1a: Salamence\n|-damage|p1a: Salamence|90\/100\n|\n|t:|1701121571\n|switch|p2b: Salamence|Salamence, L50, M|100\/100|[from] U-turn\n|-ability|p2b: Salamence|Intimidate|boost\n|-unboost|p1a: Salamence|atk|1\n|-unboost|p1b: Politoed|atk|1\n|move|p2a: Rillaboom|Wood Hammer|p1b: Politoed\n|-activate|p1b: Politoed|move: Protect\n|\n|-weather|RainDance|[upkeep]\n|upkeep\n|turn|2\n|\n|t:|1701121588\n|switch|p1b: Scizor|Scizor, L50, F|100\/100\n|move|p1a: Salamence|Draco Meteor|p2b: Salamence\n|-supereffective|p2b: Salamence\n|-damage|p2b: Salamence|0 fnt\n|-unboost|p1a: Salamence|spa|2\n|faint|p2b: Salamence\n|move|p2a: Rillaboom|Wood Hammer|p1b: Scizor\n|-resisted|p1b: Scizor\n|-damage|p1b: Scizor|87\/100\n|-damage|p2a: Rillaboom|96\/100|[from] Recoil\n|\n|-weather|RainDance|[upkeep]\n|-heal|p2a: Rillaboom|100\/100|[from] Grassy Terrain\n|-heal|p1b: Scizor|93\/100|[from] Grassy Terrain\n|upkeep\n|\n|t:|1701121602\n|switch|p2b: Heatran|Heatran, L50, M|100\/100\n|turn|3\n|\n|t:|1701121616\n|switch|p1a: Politoed|Politoed, L50, M|100\/100\n|-terastallize|p1b: Scizor|Fire\n|move|p2a: Rillaboom|Wood Hammer|p1a: Politoed\n|-supereffective|p1a: Politoed\n|-damage|p1a: Politoed|2\/100\n|-damage|p2a: Rillaboom|84\/100|[from] item: Rocky Helmet|[of] p1a: Politoed\n|-damage|p2a: Rillaboom|47\/100|[from] Recoil\n|move|p2b: Heatran|Heat Wave|p1b: Scizor|[spread] p1a\n|-miss|p2b: Heatran|p1b: Scizor\n|-resisted|p1a: Politoed\n|-damage|p1a: Politoed|0 fnt\n|faint|p1a: Politoed\n|move|p1b: Scizor|Close Combat|p2b: Heatran\n|-supereffective|p2b: Heatran\n|-damage|p2b: Heatran|27\/100\n|-unboost|p1b: Scizor|def|1\n|-unboost|p1b: Scizor|spd|1\n|\n|-weather|RainDance|[upkeep]\n|-heal|p2a: Rillaboom|53\/100|[from] Grassy Terrain\n|-heal|p2b: Heatran|33\/100|[from] Grassy Terrain\n|-heal|p2b: Heatran|39\/100|[from] item: Leftovers\n|-heal|p1b: Scizor|99\/100|[from] Grassy Terrain\n|upkeep\n|\n|t:|1701121634\n|switch|p1a: Salamence|Salamence, L50, F|90\/100\n|-ability|p1a: Salamence|Intimidate|boost\n|-unboost|p2a: Rillaboom|atk|1\n|-unboost|p2b: Heatran|atk|1\n|turn|4\n|inactive|xdeacion has 30 seconds left.\n|inactive|xdeacion has 20 seconds left.\n|\n|t:|1701121670\n|move|p1a: Salamence|Hurricane|p2a: Rillaboom\n|-damage|p2a: Rillaboom|3\/100\n|-start|p2a: Rillaboom|confusion\n|-activate|p2a: Rillaboom|confusion\n|-damage|p2a: Rillaboom|0 fnt|[from] confusion\n|faint|p2a: Rillaboom\n|move|p2b: Heatran|Earth Power|p1b: Scizor\n|-supereffective|p1b: Scizor\n|-damage|p1b: Scizor|0 fnt\n|faint|p1b: Scizor\n|\n|-weather|RainDance|[upkeep]\n|-heal|p2b: Heatran|45\/100|[from] Grassy Terrain\n|-heal|p2b: Heatran|51\/100|[from] item: Leftovers\n|upkeep\n|\n|t:|1701121684\n|switch|p2a: Urshifu|Urshifu-Rapid-Strike, L50, F|100\/100\n|switch|p1b: Iron Bundle|Iron Bundle, L50|100\/100\n|-enditem|p1b: Iron Bundle|Booster Energy\n|-activate|p1b: Iron Bundle|ability: Quark Drive|[fromitem]\n|-start|p1b: Iron Bundle|quarkdrivespe\n|turn|5\n|inactive|xdeacion has 30 seconds left.\n|inactive|xdeacion has 20 seconds left.\n|\n|t:|1701121720\n|move|p1b: Iron Bundle|Encore|p2b: Heatran\n|-start|p2b: Heatran|Encore\n|move|p2a: Urshifu|Surging Strikes|p1a: Salamence\n|-resisted|p1a: Salamence\n|-crit|p1a: Salamence\n|-damage|p1a: Salamence|70\/100\n|-resisted|p1a: Salamence\n|-crit|p1a: Salamence\n|-damage|p1a: Salamence|50\/100\n|-resisted|p1a: Salamence\n|-crit|p1a: Salamence\n|-damage|p1a: Salamence|31\/100\n|-hitcount|p1a: Salamence|3\n|move|p1a: Salamence|Hurricane|p2a: Urshifu\n|-supereffective|p2a: Urshifu\n|-damage|p2a: Urshifu|0 fnt\n|faint|p2a: Urshifu\n|move|p2b: Heatran|Earth Power|p1b: Iron Bundle\n|-damage|p1b: Iron Bundle|36\/100\n|\n|-weather|none\n|-heal|p1b: Iron Bundle|42\/100|[from] Grassy Terrain\n|-heal|p2b: Heatran|57\/100|[from] Grassy Terrain\n|-heal|p2b: Heatran|63\/100|[from] item: Leftovers\n|-fieldend|move: Grassy Terrain\n|upkeep\n|turn|6\n|\n|t:|1701121739\n|move|p1b: Iron Bundle|Hydro Pump|p2b: Heatran\n|-supereffective|p2b: Heatran\n|-damage|p2b: Heatran|0 fnt\n|faint|p2b: Heatran\n|\n|win|bigpika95\n|raw|bigpika95's rating: 1224 &rarr; <strong>1255<\/strong><br \/>(+31 for winning)\n|raw|xdeacion's rating: 1309 &rarr; <strong>1284<\/strong><br \/>(-25 for losing)\n|c|\u2606bigpika95|This is where its all up to rng\n|l|\u2606xdeacion\n|c|\u2606bigpika95|Ggwp\n","uploadtime":1701121780,"views":2,"p1id":"bigpika95","p2id":"xdeacion","formatid":"gen9vgc2023regulatione","rating":1255,"private":0,"password":""}