{"id":"gen9vgc2023regulatione-2000269924","p1":"NightwalkerYt","p2":"TiltadoBR","format":"[Gen 9] VGC 2023 Regulation E","log":"|j|\u2606NightwalkerYt\n|j|\u2606TiltadoBR\n|t:|1701179740\n|gametype|doubles\n|player|p1|NightwalkerYt|ethan|1088\n|player|p2|TiltadoBR|265|1028\n|teamsize|p1|6\n|teamsize|p2|6\n|gen|9\n|tier|[Gen 9] VGC 2023 Regulation E\n|rated|\n|rule|Species Clause: Limit one of each Pok\u00e9mon\n|rule|Item Clause: Limit one of each item\n|clearpoke\n|poke|p1|Urshifu-*, L50, M|\n|poke|p1|Scizor, L50, F|\n|poke|p1|Tornadus, L50, M|\n|poke|p1|Arcanine-Hisui, L50, F|\n|poke|p1|Chien-Pao, L50|\n|poke|p1|Flutter Mane, L50|\n|poke|p2|Ogerpon-Wellspring, L50, F|\n|poke|p2|Tornadus, L50, M|\n|poke|p2|Cresselia, L50, F|\n|poke|p2|Iron Bundle, L50|\n|poke|p2|Iron Hands, L50|\n|poke|p2|Farigiraf, L50, F|\n|teampreview|4\n|\n|t:|1701179780\n|start\n|switch|p1a: Tornadus|Tornadus, L50, M|100\/100\n|switch|p1b: Chien-Pao|Chien-Pao, L50|100\/100\n|switch|p2a: Iron Bundle|Iron Bundle, L50|100\/100\n|switch|p2b: Farigiraf|Farigiraf, L50, F|100\/100\n|-ability|p1b: Chien-Pao|Sword of Ruin\n|-enditem|p2a: Iron Bundle|Booster Energy\n|-activate|p2a: Iron Bundle|ability: Quark Drive|[fromitem]\n|-start|p2a: Iron Bundle|quarkdrivespa\n|turn|1\n|\n|t:|1701179815\n|switch|p1a: Scizor|Scizor, L50, F|100\/100\n|move|p1b: Chien-Pao|Sacred Sword|p2a: Iron Bundle\n|-supereffective|p2a: Iron Bundle\n|-damage|p2a: Iron Bundle|0 fnt\n|faint|p2a: Iron Bundle\n|-end|p2a: Iron Bundle|Quark Drive|[silent]\n|-damage|p1b: Chien-Pao|91\/100|[from] item: Life Orb\n|move|p2b: Farigiraf|Reflect|p2b: Farigiraf\n|-sidestart|p2: TiltadoBR|Reflect\n|\n|upkeep\n|\n|t:|1701179820\n|switch|p2a: Cresselia|Cresselia, L50, F|100\/100\n|turn|2\n|\n|t:|1701179866\n|move|p1b: Chien-Pao|Crunch|p2b: Farigiraf\n|-supereffective|p2b: Farigiraf\n|-damage|p2b: Farigiraf|0 fnt\n|faint|p2b: Farigiraf\n|-damage|p1b: Chien-Pao|81\/100|[from] item: Life Orb\n|move|p1a: Scizor|Agility|p1a: Scizor\n|-boost|p1a: Scizor|spe|2\n|move|p2a: Cresselia|Trick Room|p2a: Cresselia\n|-fieldstart|move: Trick Room|[of] p2a: Cresselia\n|\n|upkeep\n|\n|t:|1701179879\n|switch|p2b: Ogerpon|Ogerpon-Wellspring, L50, F|100\/100\n|turn|3\n|\n|t:|1701179892\n|move|p2b: Ogerpon|Spiky Shield|p2b: Ogerpon\n|-singleturn|p2b: Ogerpon|move: Protect\n|move|p2a: Cresselia|Dazzling Gleam|p1b: Chien-Pao|[spread] p1a,p1b\n|-resisted|p1a: Scizor\n|-supereffective|p1b: Chien-Pao\n|-damage|p1a: Scizor|93\/100\n|-damage|p1b: Chien-Pao|42\/100\n|move|p1b: Chien-Pao|Crunch|p2a: Cresselia\n|-supereffective|p2a: Cresselia\n|-damage|p2a: Cresselia|42\/100\n|-damage|p1b: Chien-Pao|33\/100|[from] item: Life Orb\n|move|p1a: Scizor|Swords Dance|p1a: Scizor\n|-boost|p1a: Scizor|atk|2\n|\n|-heal|p1a: Scizor|99\/100|[from] item: Leftovers\n|upkeep\n|turn|4\n|\n|t:|1701179933\n|move|p1a: Scizor|Bullet Punch|p2a: Cresselia\n|-damage|p2a: Cresselia|13\/100\n|move|p2a: Cresselia|Lunar Blessing|p2a: Cresselia|[spread] p2a,p2b\n|-heal|p2a: Cresselia|37\/100\n|move|p2b: Ogerpon|Ivy Cudgel|p1a: Scizor|[anim] Ivy Cudgel Water\n|-damage|p1a: Scizor|26\/100\n|move|p1b: Chien-Pao|Sacred Sword|p2b: Ogerpon\n|-damage|p2b: Ogerpon|63\/100\n|-damage|p1b: Chien-Pao|23\/100|[from] item: Life Orb\n|\n|-heal|p1a: Scizor|32\/100|[from] item: Leftovers\n|upkeep\n|turn|5\n|\n|t:|1701179954\n|-terastallize|p2b: Ogerpon|Water\n|detailschange|p2b: Ogerpon|Ogerpon-Wellspring-Tera, L50, F, tera:Water\n|-ability|p2b: Ogerpon|Embody Aspect (Wellspring)|boost\n|-boost|p2b: Ogerpon|spd|1\n|move|p1a: Scizor|Bullet Punch|p2a: Cresselia\n|-damage|p2a: Cresselia|10\/100\n|move|p2a: Cresselia|Lunar Blessing|p2a: Cresselia|[spread] p2a,p2b\n|-heal|p2a: Cresselia|34\/100\n|-heal|p2b: Ogerpon|88\/100\n|move|p2b: Ogerpon|Ivy Cudgel|p1a: Scizor|[anim] Ivy Cudgel Water\n|-damage|p1a: Scizor|0 fnt\n|faint|p1a: Scizor\n|move|p1b: Chien-Pao|Crunch|p2a: Cresselia\n|-supereffective|p2a: Cresselia\n|-damage|p2a: Cresselia|0 fnt\n|faint|p2a: Cresselia\n|-damage|p1b: Chien-Pao|13\/100|[from] item: Life Orb\n|\n|-sideend|p2: TiltadoBR|Reflect\n|upkeep\n|\n|t:|1701179981\n|switch|p1a: Tornadus|Tornadus, L50, M|100\/100\n|turn|6\n|inactive|Battle timer is ON: inactive players will automatically lose when time's up. (requested by NightwalkerYt)\n|inactive|TiltadoBR has 60 seconds left.\n|inactive|TiltadoBR has 30 seconds left.\n|inactive|TiltadoBR has 20 seconds left.\n|inactive|TiltadoBR has 15 seconds left.\n|inactive|TiltadoBR has 10 seconds left.\n|inactive|TiltadoBR has 5 seconds left.\n|inactiveoff|Battle timer is now OFF.\n|\n|t:|1701180128\n|move|p1a: Tornadus|Tailwind|p1a: Tornadus\n|-sidestart|p1: NightwalkerYt|move: Tailwind\n|move|p2b: Ogerpon|Play Rough|p1a: Tornadus\n|-damage|p1a: Tornadus|36\/100\n|move|p1b: Chien-Pao|Icicle Crash|p2b: Ogerpon\n|-resisted|p2b: Ogerpon\n|-damage|p2b: Ogerpon|47\/100\n|-damage|p1b: Chien-Pao|4\/100|[from] item: Life Orb\n|\n|-fieldend|move: Trick Room\n|upkeep\n|turn|7\n|\n|t:|1701180147\n|switch|p1a: Urshifu|Urshifu-Rapid-Strike, L50, M|100\/100\n|move|p2b: Ogerpon|Spiky Shield|p2b: Ogerpon\n|-singleturn|p2b: Ogerpon|move: Protect\n|move|p1b: Chien-Pao|Icicle Crash|p2b: Ogerpon\n|-activate|p2b: Ogerpon|move: Protect\n|\n|upkeep\n|turn|8\n|c|\u2606NightwalkerYt|gg\n|\n|t:|1701180186\n|move|p1b: Chien-Pao|Crunch|p2b: Ogerpon\n|-damage|p2b: Ogerpon|0 fnt\n|faint|p2b: Ogerpon\n|-damage|p1b: Chien-Pao|0 fnt|[from] item: Life Orb\n|faint|p1b: Chien-Pao\n|\n|win|NightwalkerYt\n|raw|NightwalkerYt's rating: 1088 &rarr; <strong>1110<\/strong><br \/>(+22 for winning)\n|raw|TiltadoBR's rating: 1028 &rarr; <strong>1016<\/strong><br \/>(-12 for losing)\n","uploadtime":1701180202,"views":1,"p1id":"nightwalkeryt","p2id":"tiltadobr","formatid":"gen9vgc2023regulatione","rating":1016,"private":0,"password":""}