{"id":"gen9vgc2023regulatione-1994921586","p1":"Bleudwave","p2":"MisaRain","format":"[Gen 9] VGC 2023 Regulation E","log":"|j|\u2606Bleudwave\n|j|\u2606MisaRain\n|t:|1700504886\n|gametype|doubles\n|player|p1|Bleudwave|2|1094\n|player|p2|MisaRain|dawn|1000\n|teamsize|p1|6\n|teamsize|p2|6\n|gen|9\n|tier|[Gen 9] VGC 2023 Regulation E\n|rated|\n|rule|Species Clause: Limit one of each Pok\u00e9mon\n|rule|Item Clause: Limit one of each item\n|clearpoke\n|poke|p1|Sandslash, L50, M|\n|poke|p1|Rillaboom, L50, F|\n|poke|p1|Flutter Mane, L50|\n|poke|p1|Heatran, L50, M|\n|poke|p1|Hippowdon, L50, F|\n|poke|p1|Kilowattrel, L50, M|\n|poke|p2|Heatran, L50, M|\n|poke|p2|Ursaluna, L50, M|\n|poke|p2|Urshifu-*, L50, F|\n|poke|p2|Cresselia, L50, F|\n|poke|p2|Flutter Mane, L50|\n|poke|p2|Iron Hands, L50|\n|teampreview|4\n|\n|t:|1700504938\n|start\n|switch|p1a: Sandslash|Sandslash, L50, M|100\/100\n|switch|p1b: Hippowdon|Hippowdon, L50, F|100\/100\n|switch|p2a: The Blob|Heatran, L50, M|100\/100\n|switch|p2b: Puppet|Flutter Mane, L50|100\/100\n|-weather|Sandstorm|[from] ability: Sand Stream|[of] p1b: Hippowdon\n|turn|1\n|\n|t:|1700504972\n|switch|p2a: Chica|Cresselia, L50, F|100\/100\n|-terastallize|p1b: Hippowdon|Steel\n|move|p1a: Sandslash|Drill Run|p2a: Chica\n|-immune|p2a: Chica|[from] ability: Levitate\n|move|p2b: Puppet|Dazzling Gleam|p1b: Hippowdon|[spread] p1a,p1b\n|-resisted|p1b: Hippowdon\n|-damage|p1a: Sandslash|12\/100\n|-damage|p1b: Hippowdon|77\/100\n|move|p1b: Hippowdon|Heavy Slam|p2b: Puppet\n|-supereffective|p2b: Puppet\n|-damage|p2b: Puppet|0 fnt\n|faint|p2b: Puppet\n|-end|p2b: Puppet|Protosynthesis|[silent]\n|\n|-weather|Sandstorm|[upkeep]\n|-heal|p1b: Hippowdon|83\/100|[from] item: Leftovers\n|upkeep\n|\n|t:|1700504992\n|switch|p2b: Fredbear|Urshifu-Rapid-Strike, L50, F|100\/100\n|turn|2\n|\n|t:|1700505025\n|switch|p1a: Rillaboom|Rillaboom, L50, F|100\/100\n|-fieldstart|move: Grassy Terrain|[from] ability: Grassy Surge|[of] p1a: Rillaboom\n|move|p2b: Fredbear|Aqua Jet|p1a: Rillaboom\n|-resisted|p1a: Rillaboom\n|-damage|p1a: Rillaboom|90\/100\n|move|p2a: Chica|Ice Beam|p1b: Hippowdon\n|-resisted|p1b: Hippowdon\n|-damage|p1b: Hippowdon|74\/100\n|-status|p1b: Hippowdon|frz\n|cant|p1b: Hippowdon|frz\n|\n|-weather|Sandstorm|[upkeep]\n|-damage|p2b: Fredbear|95\/100|[from] Sandstorm\n|-damage|p1a: Rillaboom|84\/100|[from] Sandstorm\n|-heal|p2b: Fredbear|100\/100|[from] Grassy Terrain\n|-heal|p1a: Rillaboom|90\/100|[from] Grassy Terrain\n|-heal|p1b: Hippowdon|80\/100 frz|[from] Grassy Terrain\n|-heal|p1b: Hippowdon|86\/100 frz|[from] item: Leftovers\n|upkeep\n|turn|3\n|\n|t:|1700505076\n|switch|p2b: The Blob|Heatran, L50, M|100\/100\n|switch|p1a: Heatran|Heatran, L50, M|100\/100\n|move|p2a: Chica|Moonblast|p1a: Heatran\n|-resisted|p1a: Heatran\n|-damage|p1a: Heatran|98\/100\n|cant|p1b: Hippowdon|frz\n|\n|-weather|Sandstorm|[upkeep]\n|-heal|p1a: Heatran|100\/100|[from] Grassy Terrain\n|-heal|p1b: Hippowdon|92\/100 frz|[from] Grassy Terrain\n|-heal|p1b: Hippowdon|98\/100 frz|[from] item: Leftovers\n|upkeep\n|turn|4\n|\n|t:|1700505114\n|-terastallize|p2b: The Blob|Grass\n|move|p2a: Chica|Moonblast|p1b: Hippowdon\n|-resisted|p1b: Hippowdon\n|-damage|p1b: Hippowdon|88\/100 frz\n|-unboost|p1b: Hippowdon|spa|1\n|move|p2b: The Blob|Tera Blast|p1b: Hippowdon|[anim] Tera Blast Grass\n|-resisted|p1b: Hippowdon\n|-damage|p1b: Hippowdon|56\/100 frz\n|move|p1a: Heatran|Magma Storm|p1b: Hippowdon|[miss]\n|-miss|p1a: Heatran|p1b: Hippowdon\n|cant|p1b: Hippowdon|frz\n|\n|-weather|Sandstorm|[upkeep]\n|-damage|p2b: The Blob|94\/100|[from] Sandstorm\n|-heal|p2b: The Blob|100\/100|[from] Grassy Terrain\n|-heal|p1b: Hippowdon|62\/100 frz|[from] Grassy Terrain\n|-heal|p1b: Hippowdon|68\/100 frz|[from] item: Leftovers\n|upkeep\n|turn|5\n|\n|t:|1700505151\n|switch|p2a: Fredbear|Urshifu-Rapid-Strike, L50, F|100\/100\n|move|p2b: The Blob|Tera Blast|p1b: Hippowdon|[anim] Tera Blast Grass\n|-resisted|p1b: Hippowdon\n|-damage|p1b: Hippowdon|39\/100 frz\n|move|p1a: Heatran|Magma Storm|p2a: Fredbear\n|-resisted|p2a: Fredbear\n|-damage|p2a: Fredbear|58\/100\n|-activate|p2a: Fredbear|move: Magma Storm|[of] p1a: Heatran\n|cant|p1b: Hippowdon|frz\n|\n|-weather|none\n|-heal|p2a: Fredbear|63\/100|[from] Grassy Terrain\n|-heal|p1b: Hippowdon|45\/100 frz|[from] Grassy Terrain\n|-heal|p1b: Hippowdon|51\/100 frz|[from] item: Leftovers\n|-damage|p2a: Fredbear|51\/100|[from] move: Magma Storm|[partiallytrapped]\n|upkeep\n|turn|6\n|\n|t:|1700505183\n|switch|p1a: Rillaboom|Rillaboom, L50, F|90\/100\n|move|p2a: Fredbear|Close Combat|p1a: Rillaboom\n|-damage|p1a: Rillaboom|15\/100\n|-unboost|p2a: Fredbear|def|1\n|-unboost|p2a: Fredbear|spd|1\n|move|p2b: The Blob|Substitute|p2b: The Blob\n|-start|p2b: The Blob|Substitute\n|-damage|p2b: The Blob|76\/100\n|cant|p1b: Hippowdon|frz\n|\n|-heal|p2a: Fredbear|57\/100|[from] Grassy Terrain\n|-heal|p1a: Rillaboom|21\/100|[from] Grassy Terrain\n|-heal|p2b: The Blob|82\/100|[from] Grassy Terrain\n|-heal|p2b: The Blob|88\/100|[from] item: Leftovers\n|-heal|p1b: Hippowdon|57\/100 frz|[from] Grassy Terrain\n|-heal|p1b: Hippowdon|63\/100 frz|[from] item: Leftovers\n|-end|p2a: Fredbear|Magma Storm|[partiallytrapped]|[silent]\n|-fieldend|move: Grassy Terrain\n|upkeep\n|turn|7\n|\n|t:|1700505213\n|move|p2a: Fredbear|Protect|p2a: Fredbear\n|-singleturn|p2a: Fredbear|Protect\n|move|p1a: Rillaboom|Grassy Glide|p2a: Fredbear\n|-activate|p2a: Fredbear|move: Protect\n|move|p2b: The Blob|Heat Wave|p1b: Hippowdon|[spread] p1b\n|-miss|p2b: The Blob|p1a: Rillaboom\n|-supereffective|p1b: Hippowdon\n|-damage|p1b: Hippowdon|0 fnt\n|faint|p1b: Hippowdon\n|\n|-heal|p2b: The Blob|94\/100|[from] item: Leftovers\n|upkeep\n|\n|t:|1700505232\n|switch|p1b: Heatran|Heatran, L50, M|100\/100\n|turn|8\n|\n|t:|1700505245\n|switch|p2a: Chica|Cresselia, L50, F|100\/100\n|move|p1a: Rillaboom|Grassy Glide|p2a: Chica\n|-damage|p2a: Chica|78\/100\n|-damage|p1a: Rillaboom|11\/100|[from] item: Life Orb\n|move|p2b: The Blob|Heat Wave|p1b: Heatran|[spread] p1a\n|-start|p1b: Heatran|ability: Flash Fire\n|-supereffective|p1a: Rillaboom\n|-damage|p1a: Rillaboom|0 fnt\n|faint|p1a: Rillaboom\n|move|p1b: Heatran|Magma Storm|p2b: The Blob\n|-start|p2b: The Blob|ability: Flash Fire\n|\n|-heal|p2b: The Blob|99\/100|[from] item: Leftovers\n|upkeep\n|\n|t:|1700505262\n|switch|p1a: Sandslash|Sandslash, L50, M|12\/100\n|turn|9\n|-message|Bleudwave forfeited.\n|\n|win|MisaRain\n|raw|Bleudwave's rating: 1094 &rarr; <strong>1064<\/strong><br \/>(-30 for losing)\n|raw|MisaRain's rating: 1000 &rarr; <strong>1051<\/strong><br \/>(+51 for winning)\n|l|\u2606Bleudwave\n","uploadtime":1700505326,"views":3,"p1id":"bleudwave","p2id":"misarain","formatid":"gen9vgc2023regulatione","rating":1051,"private":0,"password":""}