{"id":"gen9vgc2023regulatione-1994852827","p1":"Zonnoz","p2":"Llort365","format":"[Gen 9] VGC 2023 Regulation E","log":"|j|\u2606Zonnoz\n|j|\u2606Llort365\n|t:|1700498729\n|gametype|doubles\n|player|p1|Zonnoz|266|1085\n|player|p2|Llort365|hilbert-wonderlauncher|1060\n|teamsize|p1|6\n|teamsize|p2|6\n|gen|9\n|tier|[Gen 9] VGC 2023 Regulation E\n|rated|\n|rule|Species Clause: Limit one of each Pok\u00e9mon\n|rule|Item Clause: Limit one of each item\n|clearpoke\n|poke|p1|Grimmsnarl, L50, M|\n|poke|p1|Landorus-Therian, L50, M|\n|poke|p1|Arcanine-Hisui, L50, M|\n|poke|p1|Hydreigon, L50, M|\n|poke|p1|Ogerpon-Wellspring, L50, F|\n|poke|p1|Flutter Mane, L50|\n|poke|p2|Tinkaton, L50, F|\n|poke|p2|Amoonguss, L50, M|\n|poke|p2|Iron Bundle, L50|\n|poke|p2|Flutter Mane, L50|\n|poke|p2|Kingambit, L50, F|\n|poke|p2|Chi-Yu, L50|\n|teampreview|4\n|inactive|Battle timer is ON: inactive players will automatically lose when time's up. (requested by Zonnoz)\nLlort365 has agreed to open team sheets.\n|inactive|Llort365 has 60 seconds left.\nZonnoz has agreed to open team sheets.\n|inactive|Llort365 has 30 seconds left.\n|inactive|Llort365 has 20 seconds left.\n|inactive|Llort365 has 15 seconds left.\n|\n|t:|1700498811\n|start\n|switch|p1a: Grimmsnarl|Grimmsnarl, L50, M|100\/100\n|switch|p1b: Hydreigon|Hydreigon, L50, M, shiny|100\/100\n|switch|p2a: Tinkaton|Tinkaton, L50, F|100\/100\n|switch|p2b: Iron Bundle|Iron Bundle, L50|100\/100\n|-ability|p2a: Tinkaton|Mold Breaker\n|-enditem|p2b: Iron Bundle|Booster Energy\n|-activate|p2b: Iron Bundle|ability: Quark Drive|[fromitem]\n|-start|p2b: Iron Bundle|quarkdrivespe\n|turn|1\n|inactive|Zonnoz has 30 seconds left.\n|inactive|Llort365 has 30 seconds left.\n|\n|t:|1700498837\n|-terastallize|p1b: Hydreigon|Steel\n|move|p2a: Tinkaton|Fake Out|p1b: Hydreigon\n|-resisted|p1b: Hydreigon\n|-damage|p1b: Hydreigon|97\/100\n|move|p1a: Grimmsnarl|Reflect|p1a: Grimmsnarl\n|-sidestart|p1: Zonnoz|Reflect\n|move|p2b: Iron Bundle|Icy Wind|p1a: Grimmsnarl|[spread] p1a,p1b\n|-resisted|p1b: Hydreigon\n|-damage|p1a: Grimmsnarl|80\/100\n|-damage|p1b: Hydreigon|88\/100\n|-unboost|p1a: Grimmsnarl|spe|1\n|-unboost|p1b: Hydreigon|spe|1\n|cant|p1b: Hydreigon|flinch\n|\n|upkeep\n|turn|2\n|inactive|Llort365 has 30 seconds left.\n|\n|t:|1700498866\n|-end|p2b: Iron Bundle|Quark Drive|[silent]\n|switch|p2b: Kingambit|Kingambit, L50, F|100\/100\n|move|p1a: Grimmsnarl|Light Screen|p1a: Grimmsnarl\n|-sidestart|p1: Zonnoz|move: Light Screen\n|move|p2a: Tinkaton|Thunder Wave|p1b: Hydreigon\n|-status|p1b: Hydreigon|par\n|move|p1b: Hydreigon|Tailwind|p1b: Hydreigon\n|-sidestart|p1: Zonnoz|move: Tailwind\n|\n|upkeep\n|turn|3\n|\n|t:|1700498889\n|switch|p1b: Landorus|Landorus-Therian, L50, M|100\/100\n|-ability|p1b: Landorus|Intimidate|boost\n|-unboost|p2a: Tinkaton|atk|1\n|-unboost|p2b: Kingambit|atk|1\n|-ability|p2b: Kingambit|Defiant|boost\n|-boost|p2b: Kingambit|atk|2\n|move|p1a: Grimmsnarl|Parting Shot|p2a: Tinkaton\n|-unboost|p2a: Tinkaton|atk|1\n|-unboost|p2a: Tinkaton|spa|1\n|\n|t:|1700498900\n|switch|p1a: Ogerpon|Ogerpon-Wellspring, L50, F|100\/100|[from] Parting Shot\n|move|p2a: Tinkaton|Gigaton Hammer|p1a: Ogerpon\n|-resisted|p1a: Ogerpon\n|-damage|p1a: Ogerpon|90\/100\n|move|p2b: Kingambit|Swords Dance|p2b: Kingambit\n|-boost|p2b: Kingambit|atk|2\n|\n|upkeep\n|turn|4\n|inactive|Llort365 has 30 seconds left.\n|\n|t:|1700498930\n|switch|p2a: Iron Bundle|Iron Bundle, L50|100\/100\n|move|p1a: Ogerpon|Follow Me|p1a: Ogerpon\n|-singleturn|p1a: Ogerpon|move: Follow Me\n|move|p2b: Kingambit|Sucker Punch||[still]\n|-fail|p2b: Kingambit\n|move|p1b: Landorus|Stomping Tantrum|p2b: Kingambit\n|-supereffective|p2b: Kingambit\n|-damage|p2b: Kingambit|36\/100\n|\n|upkeep\n|turn|5\n|inactive|Zonnoz has 30 seconds left.\n|\n|t:|1700498959\n|-terastallize|p2a: Iron Bundle|Ghost\n|move|p1a: Ogerpon|Spiky Shield|p1a: Ogerpon\n|-singleturn|p1a: Ogerpon|move: Protect\n|move|p2b: Kingambit|Protect|p2b: Kingambit\n|-singleturn|p2b: Kingambit|Protect\n|move|p1b: Landorus|Stomping Tantrum|p2b: Kingambit\n|-activate|p2b: Kingambit|move: Protect\n|move|p2a: Iron Bundle|Freeze-Dry|p1a: Ogerpon\n|-activate|p1a: Ogerpon|move: Protect\n|\n|-sideend|p1: Zonnoz|move: Tailwind\n|upkeep\n|turn|6\n|\n|t:|1700498981\n|switch|p2b: Flutter Mane|Flutter Mane, L50|100\/100\n|move|p1a: Ogerpon|Follow Me|p1a: Ogerpon\n|-singleturn|p1a: Ogerpon|move: Follow Me\n|move|p2a: Iron Bundle|Freeze-Dry|p1a: Ogerpon\n|-supereffective|p1a: Ogerpon\n|-damage|p1a: Ogerpon|0 fnt\n|faint|p1a: Ogerpon\n|move|p1b: Landorus|Stomping Tantrum|p2b: Flutter Mane\n|-damage|p2b: Flutter Mane|30\/100\n|\n|upkeep\n|\n|t:|1700498993\n|switch|p1a: Hydreigon|Hydreigon, L50, M, shiny, tera:Steel|88\/100 par\n|turn|7\n|\n|t:|1700499010\n|switch|p1b: Grimmsnarl|Grimmsnarl, L50, M|80\/100\n|move|p2b: Flutter Mane|Protect|p2b: Flutter Mane\n|-singleturn|p2b: Flutter Mane|Protect\n|move|p2a: Iron Bundle|Freeze-Dry|p1b: Grimmsnarl\n|-damage|p1b: Grimmsnarl|58\/100\n|move|p1a: Hydreigon|Snarl|p2a: Iron Bundle|[spread] p2a\n|-activate|p2b: Flutter Mane|move: Protect\n|-supereffective|p2a: Iron Bundle\n|-damage|p2a: Iron Bundle|42\/100\n|-unboost|p2a: Iron Bundle|spa|1\n|-enditem|p1a: Hydreigon|Throat Spray\n|-boost|p1a: Hydreigon|spa|1|[from] item: Throat Spray\n|\n|upkeep\n|turn|8\n|inactive|Zonnoz has 30 seconds left.\n|\n|t:|1700499035\n|move|p2a: Iron Bundle|Protect|p2a: Iron Bundle\n|-singleturn|p2a: Iron Bundle|Protect\n|move|p1b: Grimmsnarl|Parting Shot|p2b: Flutter Mane\n|-unboost|p2b: Flutter Mane|atk|1\n|-unboost|p2b: Flutter Mane|spa|1\n|\n|t:|1700499042\n|switch|p1b: Landorus|Landorus-Therian, L50, M|100\/100|[from] Parting Shot\n|-ability|p1b: Landorus|Intimidate|boost\n|-unboost|p2a: Iron Bundle|atk|1\n|-unboost|p2b: Flutter Mane|atk|1\n|move|p2b: Flutter Mane|Moonblast|p1b: Landorus\n|-damage|p1b: Landorus|75\/100\n|move|p1a: Hydreigon|Snarl|p2b: Flutter Mane|[spread] p2b\n|-activate|p2a: Iron Bundle|move: Protect\n|-damage|p2b: Flutter Mane|3\/100\n|-unboost|p2b: Flutter Mane|spa|1\n|\n|-sideend|p1: Zonnoz|Reflect\n|upkeep\n|turn|9\n|inactive|Llort365 has 30 seconds left.\n|\n|t:|1700499074\n|switch|p1b: Grimmsnarl|Grimmsnarl, L50, M|58\/100\n|move|p2b: Flutter Mane|Moonblast|p1b: Grimmsnarl\n|-supereffective|p1b: Grimmsnarl\n|-damage|p1b: Grimmsnarl|20\/100\n|move|p2a: Iron Bundle|Icy Wind|p1b: Grimmsnarl|[spread] p1a,p1b\n|-resisted|p1a: Hydreigon\n|-damage|p1a: Hydreigon|83\/100 par\n|-damage|p1b: Grimmsnarl|12\/100\n|-unboost|p1a: Hydreigon|spe|1\n|-unboost|p1b: Grimmsnarl|spe|1\n|move|p1a: Hydreigon|Snarl|p2a: Iron Bundle|[spread] p2a,p2b\n|-supereffective|p2a: Iron Bundle\n|-damage|p2a: Iron Bundle|0 fnt\n|-damage|p2b: Flutter Mane|0 fnt\n|faint|p2a: Iron Bundle\n|-end|p2a: Iron Bundle|Quark Drive|[silent]\n|faint|p2b: Flutter Mane\n|-end|p2b: Flutter Mane|Protosynthesis|[silent]\n|\n|-sideend|p1: Zonnoz|move: Light Screen\n|upkeep\n|\n|t:|1700499090\n|switch|p2b: Tinkaton|Tinkaton, L50, F|100\/100\n|switch|p2a: Kingambit|Kingambit, L50, F|36\/100\n|-ability|p2b: Tinkaton|Mold Breaker\n|turn|10\n|\n|t:|1700499104\n|move|p2b: Tinkaton|Fake Out|p1a: Hydreigon\n|-resisted|p1a: Hydreigon\n|-damage|p1a: Hydreigon|80\/100 par\n|move|p1b: Grimmsnarl|Reflect|p1b: Grimmsnarl\n|-sidestart|p1: Zonnoz|Reflect\n|move|p2a: Kingambit|Swords Dance|p2a: Kingambit\n|-boost|p2a: Kingambit|atk|2\n|cant|p1a: Hydreigon|flinch\n|\n|upkeep\n|turn|11\n|\n|t:|1700499124\n|move|p1b: Grimmsnarl|Parting Shot|p2b: Tinkaton\n|-unboost|p2b: Tinkaton|atk|1\n|-unboost|p2b: Tinkaton|spa|1\n|\n|t:|1700499131\n|switch|p1b: Landorus|Landorus-Therian, L50, M|75\/100|[from] Parting Shot\n|-ability|p1b: Landorus|Intimidate|boost\n|-unboost|p2a: Kingambit|atk|1\n|-ability|p2a: Kingambit|Defiant|boost\n|-boost|p2a: Kingambit|atk|2\n|-unboost|p2b: Tinkaton|atk|1\n|move|p2b: Tinkaton|Gigaton Hammer|p1b: Landorus\n|-damage|p1b: Landorus|62\/100\n|move|p2a: Kingambit|Kowtow Cleave|p1a: Hydreigon\n|-damage|p1a: Hydreigon|0 fnt\n|faint|p1a: Hydreigon\n|\n|upkeep\n|\n|t:|1700499145\n|switch|p1a: Grimmsnarl|Grimmsnarl, L50, M|12\/100\n|turn|12\n|inactive|Zonnoz has 30 seconds left.\n|\n|t:|1700499174\n|move|p2b: Tinkaton|Helping Hand|p2a: Kingambit\n|-singleturn|p2a: Kingambit|Helping Hand|[of] p2b: Tinkaton\n|move|p2a: Kingambit|Sucker Punch|p1b: Landorus\n|-damage|p1b: Landorus|0 fnt\n|faint|p1b: Landorus\n|move|p1a: Grimmsnarl|Spirit Break|p2a: Kingambit\n|-damage|p2a: Kingambit|13\/100\n|-unboost|p2a: Kingambit|spa|1\n|-ability|p2a: Kingambit|Defiant|boost\n|-boost|p2a: Kingambit|atk|2\n|\n|upkeep\n|turn|13\n|\n|t:|1700499188\n|move|p1a: Grimmsnarl|Light Screen|p1a: Grimmsnarl\n|-sidestart|p1: Zonnoz|move: Light Screen\n|move|p2b: Tinkaton|Gigaton Hammer|p1a: Grimmsnarl\n|-supereffective|p1a: Grimmsnarl\n|-damage|p1a: Grimmsnarl|0 fnt\n|faint|p1a: Grimmsnarl\n|\n|win|Llort365\n|raw|Zonnoz's rating: 1085 &rarr; <strong>1061<\/strong><br \/>(-24 for losing)\n|raw|Llort365's rating: 1060 &rarr; <strong>1093<\/strong><br \/>(+33 for winning)\n|c|\u2606Llort365|gg\n","uploadtime":1700499195,"views":1,"p1id":"zonnoz","p2id":"llort365","formatid":"gen9vgc2023regulatione","rating":1061,"private":0,"password":""}