{"id":"gen9vgc2023regulatione-1989138423","p1":"Tuxmux","p2":"lux2821","format":"[Gen 9] VGC 2023 Regulation E","log":"|j|\u2606Tuxmux\n|j|\u2606lux2821\n|n|\u2606Tuxmux|tuxmux\n|n|\u2606lux2821|lux2821\n|html|View the match progress at <a href=\"\/game-bestof3-gen9vgc2023regulatione-1989136519\">game-bestof3-gen9vgc2023regulatione-1989136519<\/a>\n|t:|1699816337\n|gametype|doubles\n|player|p1|Tuxmux|266|\n|player|p2|lux2821|lusamine-nihilego|\n|teamsize|p1|6\n|teamsize|p2|6\n|gen|9\n|tier|[Gen 9] VGC 2023 Regulation E\n|rule|Species Clause: Limit one of each Pok\u00e9mon\n|rule|Item Clause: Limit one of each item\n|clearpoke\n|poke|p1|Breloom, L50, F|\n|poke|p1|Furret, L50, F|\n|poke|p1|Maushold, L50|\n|poke|p1|Pawmot, L50, F|\n|poke|p1|Talonflame, L50, M|\n|poke|p1|Jolteon, L50, F|\n|poke|p2|Lucario, L50, M|\n|poke|p2|Electrode-Hisui, L50|\n|poke|p2|Azumarill, L50, M|\n|poke|p2|Eiscue, L50, F|\n|poke|p2|Probopass, L50, M|\n|poke|p2|Cyndaquil, L50, M|\n|teampreview|4\n|inactive|Battle timer is ON: inactive players will automatically lose when time's up. (requested by lux2821)\n|inactiveoff|Battle timer is now OFF.\n|c|\u2606lux2821|Glhf!\n|c|\u2606Tuxmux|glhf\n|\n|t:|1699816360\n|start\n|switch|p1a: Breloom|Breloom, L50, F|100\/100\n|switch|p1b: Talonflame|Talonflame, L50, M|100\/100\n|switch|p2a: Eiscue|Eiscue, L50, F|100\/100\n|switch|p2b: Azumarill|Azumarill, L50, M|100\/100\n|turn|1\n|\n|t:|1699816372\n|-terastallize|p1b: Talonflame|Fire\n|move|p1a: Breloom|Spore|p2a: Eiscue\n|-status|p2a: Eiscue|slp|[from] move: Spore\n|move|p1b: Talonflame|Flare Blitz|p1a: Breloom\n|-supereffective|p1a: Breloom\n|-damage|p1a: Breloom|0 fnt\n|faint|p1a: Breloom\n|-damage|p1b: Talonflame|68\/100|[from] Recoil\n|-damage|p1b: Talonflame|58\/100|[from] item: Life Orb\n|cant|p2a: Eiscue|slp\n|move|p2b: Azumarill|Belly Drum|p2b: Azumarill\n|-damage|p2b: Azumarill|50\/100\n|-setboost|p2b: Azumarill|atk|6|[from] move: Belly Drum\n|\n|-status|p2b: Azumarill|tox|[from] item: Toxic Orb\n|upkeep\n|\n|t:|1699816377\n|switch|p1a: Maushold|Maushold, L50|100\/100\n|turn|2\n|\n|t:|1699816391\n|switch|p1b: Furret|Furret, L50, F|100\/100\n|switch|p2a: Lucario|Lucario, L50, M|100\/100\n|move|p1a: Maushold|Follow Me|p1a: Maushold\n|-singleturn|p1a: Maushold|move: Follow Me\n|move|p2b: Azumarill|Belly Drum||[still]\n|-fail|p2b: Azumarill\n|\n|-damage|p2a: Lucario|88\/100|[from] item: Black Sludge\n|-damage|p2b: Azumarill|44\/100 tox|[from] psn\n|upkeep\n|turn|3\n|\n|t:|1699816408\n|switch|p1b: Talonflame|Talonflame, L50, M, tera:Fire|58\/100\n|-terastallize|p2b: Azumarill|Ghost\n|move|p1a: Maushold|Follow Me|p1a: Maushold\n|-singleturn|p1a: Maushold|move: Follow Me\n|move|p2a: Lucario|High Jump Kick|p1a: Maushold\n|-supereffective|p1a: Maushold\n|-damage|p1a: Maushold|0 fnt\n|faint|p1a: Maushold\n|move|p2b: Azumarill|Belly Drum||[still]\n|-fail|p2b: Azumarill\n|\n|-damage|p2a: Lucario|76\/100|[from] item: Black Sludge\n|-damage|p2b: Azumarill|32\/100 tox|[from] psn\n|upkeep\n|\n|t:|1699816418\n|switch|p1a: Furret|Furret, L50, F|100\/100\n|turn|4\n|\n|t:|1699816430\n|move|p1a: Furret|Follow Me|p1a: Furret\n|-singleturn|p1a: Furret|move: Follow Me\n|move|p1b: Talonflame|Flare Blitz|p2a: Lucario\n|-supereffective|p2a: Lucario\n|-damage|p2a: Lucario|0 fnt\n|faint|p2a: Lucario\n|-damage|p1b: Talonflame|35\/100|[from] Recoil\n|-damage|p1b: Talonflame|26\/100|[from] item: Life Orb\n|move|p2b: Azumarill|Belly Drum||[still]\n|-fail|p2b: Azumarill\n|\n|-damage|p2b: Azumarill|13\/100 tox|[from] psn\n|upkeep\n|\n|t:|1699816436\n|switch|p2a: Probopass|Probopass, L50, M|100\/100\n|turn|5\n|\n|t:|1699816447\n|move|p1a: Furret|Follow Me|p1a: Furret\n|-singleturn|p1a: Furret|move: Follow Me\n|move|p1b: Talonflame|Flare Blitz|p2a: Probopass\n|-damage|p2a: Probopass|0 fnt\n|faint|p2a: Probopass\n|-damage|p1b: Talonflame|0 fnt|[from] Recoil\n|faint|p1b: Talonflame\n|move|p2b: Azumarill|Belly Drum||[still]\n|-fail|p2b: Azumarill\n|\n|-damage|p2b: Azumarill|0 fnt|[from] psn\n|faint|p2b: Azumarill\n|upkeep\n|\n|t:|1699816452\n|switch|p2b: Eiscue|Eiscue, L50, F|100\/100 slp\n|turn|6\n|\n|t:|1699816455\n|move|p1a: Furret|Follow Me|p1a: Furret\n|-singleturn|p1a: Furret|move: Follow Me\n|cant|p2b: Eiscue|slp\n|\n|upkeep\n|turn|7\n|\n|t:|1699816457\n|move|p1a: Furret|Follow Me|p1a: Furret\n|-singleturn|p1a: Furret|move: Follow Me\n|cant|p2b: Eiscue|slp\n|\n|upkeep\n|turn|8\n|\n|t:|1699816460\n|move|p1a: Furret|Follow Me|p1a: Furret\n|-singleturn|p1a: Furret|move: Follow Me\n|-curestatus|p2b: Eiscue|slp|[msg]\n|move|p2b: Eiscue|Belly Drum|p2b: Eiscue\n|-damage|p2b: Eiscue|51\/100\n|-setboost|p2b: Eiscue|atk|6|[from] move: Belly Drum\n|\n|upkeep\n|turn|9\n|\n|t:|1699816466\n|move|p1a: Furret|Tidy Up|p1a: Furret\n|-boost|p1a: Furret|atk|1\n|-boost|p1a: Furret|spe|1\n|move|p2b: Eiscue|Belly Drum||[still]\n|-fail|p2b: Eiscue\n|\n|upkeep\n|turn|10\n|\n|t:|1699816469\n|move|p1a: Furret|Tidy Up|p1a: Furret\n|-boost|p1a: Furret|atk|1\n|-boost|p1a: Furret|spe|1\n|move|p2b: Eiscue|Belly Drum||[still]\n|-fail|p2b: Eiscue\n|\n|upkeep\n|turn|11\n|\n|t:|1699816472\n|move|p1a: Furret|Tidy Up|p1a: Furret\n|-boost|p1a: Furret|atk|1\n|-boost|p1a: Furret|spe|1\n|move|p2b: Eiscue|Belly Drum||[still]\n|-fail|p2b: Eiscue\n|\n|upkeep\n|turn|12\n|\n|t:|1699816476\n|move|p1a: Furret|Tidy Up|p1a: Furret\n|-boost|p1a: Furret|atk|1\n|-boost|p1a: Furret|spe|1\n|move|p2b: Eiscue|Belly Drum||[still]\n|-fail|p2b: Eiscue\n|\n|upkeep\n|turn|13\n|c|\u2606Tuxmux|this is scuffed\n|\n|t:|1699816479\n|move|p1a: Furret|Tidy Up|p1a: Furret\n|-boost|p1a: Furret|atk|1\n|-boost|p1a: Furret|spe|1\n|move|p2b: Eiscue|Belly Drum||[still]\n|-fail|p2b: Eiscue\n|\n|upkeep\n|turn|14\n|\n|t:|1699816482\n|move|p1a: Furret|Tidy Up|p1a: Furret\n|-boost|p1a: Furret|atk|1\n|-boost|p1a: Furret|spe|1\n|move|p2b: Eiscue|Belly Drum||[still]\n|-fail|p2b: Eiscue\n|\n|upkeep\n|turn|15\n|c|\u2606lux2821|what will happen\n|\n|t:|1699816489\n|move|p1a: Furret|Double-Edge|p2b: Eiscue\n|-activate|p2b: Eiscue|ability: Ice Face\n|-damage|p2b: Eiscue|51\/100\n|detailschange|p2b: Eiscue|Eiscue-Noice, L50, F\n|move|p2b: Eiscue|Belly Drum||[still]\n|-fail|p2b: Eiscue\n|\n|upkeep\n|turn|16\n|c|\u2606Tuxmux|i dont take recoil from the ice face hm\n|\n|t:|1699816499\n|move|p1a: Furret|Follow Me|p1a: Furret\n|-singleturn|p1a: Furret|move: Follow Me\n|move|p2b: Eiscue|Belly Drum||[still]\n|-fail|p2b: Eiscue\n|\n|upkeep\n|turn|17\n|\n|t:|1699816502\n|move|p1a: Furret|Follow Me|p1a: Furret\n|-singleturn|p1a: Furret|move: Follow Me\n|move|p2b: Eiscue|Belly Drum||[still]\n|-fail|p2b: Eiscue\n|\n|upkeep\n|turn|18\n|\n|t:|1699816506\n|move|p1a: Furret|Tidy Up||[still]\n|-fail|p1a: Furret\n|move|p2b: Eiscue|Belly Drum||[still]\n|-fail|p2b: Eiscue\n|\n|upkeep\n|turn|19\n|\n|t:|1699816509\n|move|p1a: Furret|Tidy Up||[still]\n|-fail|p1a: Furret\n|move|p2b: Eiscue|Belly Drum||[still]\n|-fail|p2b: Eiscue\n|\n|upkeep\n|turn|20\n|\n|t:|1699816514\n|move|p1a: Furret|Tidy Up||[still]\n|-fail|p1a: Furret\n|move|p2b: Eiscue|Belly Drum||[still]\n|-fail|p2b: Eiscue\n|\n|upkeep\n|turn|21\n|\n|t:|1699816521\n|move|p1a: Furret|Follow Me|p1a: Furret\n|-singleturn|p1a: Furret|move: Follow Me\n|move|p2b: Eiscue|Belly Drum||[still]\n|-fail|p2b: Eiscue\n|\n|upkeep\n|turn|22\n|\n|t:|1699816525\n|move|p1a: Furret|Follow Me|p1a: Furret\n|-singleturn|p1a: Furret|move: Follow Me\n|move|p2b: Eiscue|Belly Drum||[still]\n|-fail|p2b: Eiscue\n|\n|upkeep\n|turn|23\n|\n|t:|1699816531\n|move|p1a: Furret|Follow Me|p1a: Furret\n|-singleturn|p1a: Furret|move: Follow Me\n|move|p2b: Eiscue|Head Smash|p1a: Furret\n|-damage|p1a: Furret|0 fnt\n|faint|p1a: Furret\n|-damage|p2b: Eiscue|0 fnt|[from] Recoil\n|faint|p2b: Eiscue\n|\n|win|lux2821\n|c|\u2606Tuxmux|i got buttons to click for days\n|c|\u2606lux2821|no point\n|c|\u2606Tuxmux|haha\n|c|\u2606lux2821|I was not going to pp stall\n|c|\u2606Tuxmux|ggs\n|c|\u2606lux2821|gg\n|l|\u2606lux2821\n","uploadtime":1699816570,"views":14,"p1id":"tuxmux","p2id":"lux2821","formatid":"gen9vgc2023regulatione","rating":0,"private":0,"password":""}