{"id":"gen9vgc2023regulatione-1994283239","p1":"SilvioPkTrainer","p2":"NekrosM0S","format":"[Gen 9] VGC 2023 Regulation E","log":"|j|\u2606SilvioPkTrainer\n|j|\u2606NekrosM0S\n|t:|1700426847\n|gametype|doubles\n|player|p1|SilvioPkTrainer|n|1214\n|player|p2|NekrosM0S|colress|1196\n|teamsize|p1|6\n|teamsize|p2|6\n|gen|9\n|tier|[Gen 9] VGC 2023 Regulation E\n|rated|\n|rule|Species Clause: Limit one of each Pok\u00e9mon\n|rule|Item Clause: Limit one of each item\n|clearpoke\n|poke|p1|Arcanine-Hisui, L50, M|\n|poke|p1|Grimmsnarl, L50, M|\n|poke|p1|Sinistcha, L50|\n|poke|p1|Urshifu-*, L50, M|\n|poke|p1|Ursaluna-Bloodmoon, L50, M|\n|poke|p1|Iron Hands, L50|\n|poke|p2|Iron Moth, L50|\n|poke|p2|Flutter Mane, L50|\n|poke|p2|Iron Hands, L50|\n|poke|p2|Landorus-Therian, L50, M|\n|poke|p2|Ogerpon-Wellspring, L50, F|\n|poke|p2|Gholdengo, L50|\n|teampreview|4\nSilvioPkTrainer rejected open team sheets.\n|\n|t:|1700426872\n|start\n|switch|p1a: Grimmsnarl|Grimmsnarl, L50, M|100\/100\n|switch|p1b: Iron Hands|Iron Hands, L50|100\/100\n|switch|p2a: Iron Moth|Iron Moth, L50, shiny|100\/100\n|switch|p2b: Flutter Mane|Flutter Mane, L50, shiny|100\/100\n|-enditem|p2a: Iron Moth|Booster Energy\n|-activate|p2a: Iron Moth|ability: Quark Drive|[fromitem]\n|-start|p2a: Iron Moth|quarkdrivespe\n|turn|1\n|\n|t:|1700426888\n|move|p1b: Iron Hands|Fake Out|p2a: Iron Moth\n|-damage|p2a: Iron Moth|78\/100\n|move|p1a: Grimmsnarl|Light Screen|p1a: Grimmsnarl\n|-sidestart|p1: SilvioPkTrainer|move: Light Screen\n|cant|p2a: Iron Moth|flinch\n|move|p2b: Flutter Mane|Dazzling Gleam|p1a: Grimmsnarl|[spread] p1a,p1b\n|-supereffective|p1a: Grimmsnarl\n|-supereffective|p1b: Iron Hands\n|-damage|p1a: Grimmsnarl|37\/100\n|-damage|p1b: Iron Hands|68\/100\n|\n|upkeep\n|turn|2\n|\n|t:|1700426912\n|-terastallize|p2b: Flutter Mane|Fairy\n|move|p1a: Grimmsnarl|Parting Shot|p2b: Flutter Mane\n|-unboost|p2b: Flutter Mane|atk|1\n|-unboost|p2b: Flutter Mane|spa|1\n|\n|t:|1700426919\n|switch|p1a: Ursaluna|Ursaluna-Bloodmoon, L50, M|100\/100|[from] Parting Shot\n|move|p2a: Iron Moth|Acid Spray|p1b: Iron Hands\n|-damage|p1b: Iron Hands|61\/100\n|-unboost|p1b: Iron Hands|spd|2\n|move|p2b: Flutter Mane|Dazzling Gleam|p1a: Ursaluna|[spread] p1a,p1b\n|-supereffective|p1b: Iron Hands\n|-damage|p1a: Ursaluna|68\/100\n|-damage|p1b: Iron Hands|1\/100\n|move|p1b: Iron Hands|Heavy Slam|p2b: Flutter Mane\n|-supereffective|p2b: Flutter Mane\n|-damage|p2b: Flutter Mane|0 fnt\n|faint|p2b: Flutter Mane\n|-end|p2b: Flutter Mane|Protosynthesis|[silent]\n|\n|upkeep\n|\n|t:|1700426940\n|switch|p2b: Iron Hands|Iron Hands, L50, shiny|100\/100\n|turn|3\n|\n|t:|1700426951\n|move|p2b: Iron Hands|Fake Out|p1a: Ursaluna\n|-damage|p1a: Ursaluna|58\/100\n|move|p2a: Iron Moth|Energy Ball|p1a: Ursaluna\n|-supereffective|p1a: Ursaluna\n|-damage|p1a: Ursaluna|11\/100\n|move|p1b: Iron Hands|Drain Punch|p2b: Iron Hands\n|-damage|p2b: Iron Hands|69\/100\n|-heal|p1b: Iron Hands|17\/100|[from] drain|[of] p2b: Iron Hands\n|cant|p1a: Ursaluna|flinch\n|\n|upkeep\n|turn|4\n|\n|t:|1700426968\n|move|p2a: Iron Moth|Heat Wave|p1a: Ursaluna|[spread] p1a,p1b\n|-damage|p1a: Ursaluna|0 fnt\n|-damage|p1b: Iron Hands|0 fnt\n|faint|p1a: Ursaluna\n|faint|p1b: Iron Hands\n|-end|p1b: Iron Hands|Quark Drive|[silent]\n|move|p2b: Iron Hands|Drain Punch|p1: Ursaluna|[notarget]\n|-fail|p2b: Iron Hands\n|\n|upkeep\n|\n|t:|1700426974\n|switch|p1b: Grimmsnarl|Grimmsnarl, L50, M|37\/100\n|switch|p1a: Urshifu|Urshifu-Rapid-Strike, L50, M|100\/100\n|turn|5\n|\n|t:|1700426991\n|-end|p2a: Iron Moth|Quark Drive|[silent]\n|switch|p2a: Landorus|Landorus-Therian, L50, M|100\/100\n|-ability|p2a: Landorus|Intimidate|boost\n|-unboost|p1a: Urshifu|atk|1\n|-unboost|p1b: Grimmsnarl|atk|1\n|-terastallize|p1a: Urshifu|Water\n|move|p1a: Urshifu|Aqua Jet|p2a: Landorus\n|-supereffective|p2a: Landorus\n|-damage|p2a: Landorus|50\/100\n|move|p1b: Grimmsnarl|Parting Shot|p2a: Landorus\n|-unboost|p2a: Landorus|atk|1\n|-unboost|p2a: Landorus|spa|1\n|move|p2b: Iron Hands|Wild Charge|p1a: Urshifu\n|-supereffective|p1a: Urshifu\n|-damage|p1a: Urshifu|1\/100\n|-damage|p2b: Iron Hands|50\/100|[from] Recoil\n|\n|upkeep\n|turn|6\n|\n|t:|1700427009\n|move|p2a: Landorus|Rock Slide|p1a: Urshifu|[spread] p1b\n|-miss|p2a: Landorus|p1a: Urshifu\n|-damage|p1b: Grimmsnarl|24\/100\n|move|p1a: Urshifu|Surging Strikes|p2a: Landorus\n|-supereffective|p2a: Landorus\n|-crit|p2a: Landorus\n|-damage|p2a: Landorus|0 fnt\n|faint|p2a: Landorus\n|-hitcount|p2: Landorus|1\n|cant|p1b: Grimmsnarl|flinch\n|move|p2b: Iron Hands|Drain Punch|p1a: Urshifu\n|-damage|p1a: Urshifu|0 fnt\n|-heal|p2b: Iron Hands|50\/100|[from] drain|[of] p1a: Urshifu\n|faint|p1a: Urshifu\n|\n|upkeep\n|\n|t:|1700427024\n|switch|p2a: Iron Moth|Iron Moth, L50, shiny|78\/100\n|turn|7\n|-message|SilvioPkTrainer forfeited.\n|\n|win|NekrosM0S\n|raw|SilvioPkTrainer's rating: 1214 &rarr; <strong>1188<\/strong><br \/>(-26 for losing)\n|raw|NekrosM0S's rating: 1196 &rarr; <strong>1222<\/strong><br \/>(+26 for winning)\n|l|\u2606SilvioPkTrainer\n","uploadtime":1700427032,"views":10,"p1id":"silviopktrainer","p2id":"nekrosm0s","formatid":"gen9vgc2023regulatione","rating":1188,"private":0,"password":""}