{"id":"gen9vgc2023regulatione-1990120292","p1":"brainfulig","p2":"Chowdah","format":"[Gen 9] VGC 2023 Regulation E","log":"|j|\u2606brainfulig\n|j|\u2606Chowdah\n|t:|1699926712\n|gametype|doubles\n|player|p1|brainfulig|cynthia|1307\n|player|p2|Chowdah|hiker-gen1rb|1327\n|teamsize|p1|6\n|teamsize|p2|6\n|gen|9\n|tier|[Gen 9] VGC 2023 Regulation E\n|rated|\n|rule|Species Clause: Limit one of each Pok\u00e9mon\n|rule|Item Clause: Limit one of each item\n|clearpoke\n|poke|p1|Roaring Moon, L50|\n|poke|p1|Baxcalibur, L50, M|\n|poke|p1|Ninetales-Alola, L50, F|\n|poke|p1|Sinistcha, L50|\n|poke|p1|Heatran, L50, F|\n|poke|p1|Dondozo, L50, F|\n|poke|p2|Rillaboom, L50, F|\n|poke|p2|Arcanine-Hisui, L50, F|\n|poke|p2|Milotic, L50, M|\n|poke|p2|Urshifu-*, L50, F|\n|poke|p2|Grimmsnarl, L50, M|\n|poke|p2|Gholdengo, L50|\n|teampreview|4\n|inactive|Battle timer is ON: inactive players will automatically lose when time's up. (requested by brainfulig)\n|c|\u2606Chowdah|gl hf :)\nChowdah has agreed to open team sheets.\n|inactive|Chowdah has 60 seconds left.\n|\n|t:|1699926765\n|start\n|switch|p1a: Ninetales|Ninetales-Alola, L50, F|100\/100\n|switch|p1b: Baxcalibur|Baxcalibur, L50, M|100\/100\n|switch|p2a: Growlcho Barx \ud83e\udd78|Arcanine-Hisui, L50, F|100\/100\n|switch|p2b: Bonkaboom \ud83e\udd23\ud83e\udd23\ud83e\udd23|Rillaboom, L50, F|100\/100\n|-weather|Snow|[from] ability: Snow Warning|[of] p1a: Ninetales\n|-ability|p2a: Growlcho Barx \ud83e\udd78|Intimidate|boost\n|-unboost|p1a: Ninetales|atk|1\n|-unboost|p1b: Baxcalibur|atk|1\n|-fieldstart|move: Grassy Terrain|[from] ability: Grassy Surge|[of] p2b: Bonkaboom \ud83e\udd23\ud83e\udd23\ud83e\udd23\n|turn|1\n|inactive|brainfulig has 30 seconds left.\n|inactive|brainfulig has 20 seconds left.\n|\n|t:|1699926804\n|move|p1a: Ninetales|Protect|p1a: Ninetales\n|-singleturn|p1a: Ninetales|Protect\n|move|p2b: Bonkaboom \ud83e\udd23\ud83e\udd23\ud83e\udd23|Fake Out|p1a: Ninetales\n|-activate|p1a: Ninetales|move: Protect\n|move|p2a: Growlcho Barx \ud83e\udd78|Rock Slide|p1b: Baxcalibur|[spread] p1b\n|-activate|p1a: Ninetales|move: Protect\n|-supereffective|p1b: Baxcalibur\n|-damage|p1b: Baxcalibur|50\/100\n|move|p1b: Baxcalibur|High Horsepower|p2a: Growlcho Barx \ud83e\udd78\n|-supereffective|p2a: Growlcho Barx \ud83e\udd78\n|-damage|p2a: Growlcho Barx \ud83e\udd78|0 fnt\n|faint|p2a: Growlcho Barx \ud83e\udd78\n|\n|-weather|Snow|[upkeep]\n|-heal|p1b: Baxcalibur|57\/100|[from] Grassy Terrain\n|upkeep\n|\n|t:|1699926829\n|switch|p2a: Protect Please \ud83e\udd24|Urshifu, L50, F|100\/100\n|turn|2\n|inactive|brainfulig has 30 seconds left.\n|inactive|Chowdah has 30 seconds left.\n|\n|t:|1699926859\n|move|p2a: Protect Please \ud83e\udd24|Close Combat|p1b: Baxcalibur\n|-supereffective|p1b: Baxcalibur\n|-damage|p1b: Baxcalibur|0 fnt\n|-unboost|p2a: Protect Please \ud83e\udd24|def|1\n|-unboost|p2a: Protect Please \ud83e\udd24|spd|1\n|faint|p1b: Baxcalibur\n|move|p1a: Ninetales|Aurora Veil|p1a: Ninetales\n|-sidestart|p1: brainfulig|move: Aurora Veil\n|move|p2b: Bonkaboom \ud83e\udd23\ud83e\udd23\ud83e\udd23|Wood Hammer|p1a: Ninetales\n|-crit|p1a: Ninetales\n|-damage|p1a: Ninetales|1\/100\n|-damage|p2b: Bonkaboom \ud83e\udd23\ud83e\udd23\ud83e\udd23|72\/100|[from] Recoil\n|\n|-weather|Snow|[upkeep]\n|-heal|p1a: Ninetales|7\/100|[from] Grassy Terrain\n|-heal|p2b: Bonkaboom \ud83e\udd23\ud83e\udd23\ud83e\udd23|78\/100|[from] Grassy Terrain\n|upkeep\n|\n|t:|1699926869\n|switch|p1b: Sinistcha|Sinistcha, L50|100\/100\n|-heal|p1a: Ninetales|32\/100|[from] ability: Hospitality|[of] p1b: Sinistcha\n|turn|3\n|\n|t:|1699926887\n|switch|p2a: Gholdengo|Gholdengo, L50|100\/100\n|move|p1a: Ninetales|Protect|p1a: Ninetales\n|-singleturn|p1a: Ninetales|Protect\n|move|p2b: Bonkaboom \ud83e\udd23\ud83e\udd23\ud83e\udd23|Wood Hammer|p1a: Ninetales\n|-activate|p1a: Ninetales|move: Protect\n|move|p1b: Sinistcha|Strength Sap|p2b: Bonkaboom \ud83e\udd23\ud83e\udd23\ud83e\udd23\n|-unboost|p2b: Bonkaboom \ud83e\udd23\ud83e\udd23\ud83e\udd23|atk|1\n|\n|-weather|Snow|[upkeep]\n|-heal|p1a: Ninetales|38\/100|[from] Grassy Terrain\n|-heal|p2b: Bonkaboom \ud83e\udd23\ud83e\udd23\ud83e\udd23|84\/100|[from] Grassy Terrain\n|upkeep\n|turn|4\n|inactive|brainfulig has 30 seconds left.\n|inactive|Chowdah has 30 seconds left.\n|\n|t:|1699926915\n|switch|p2b: Protect Please \ud83e\udd24|Urshifu, L50, F|100\/100\n|-terastallize|p1b: Sinistcha|Water\n|move|p1a: Ninetales|Icy Wind|p2a: Gholdengo|[spread] p2a,p2b\n|-resisted|p2a: Gholdengo\n|-damage|p2a: Gholdengo|95\/100\n|-damage|p2b: Protect Please \ud83e\udd24|83\/100\n|-unboost|p2a: Gholdengo|spe|1\n|-unboost|p2b: Protect Please \ud83e\udd24|spe|1\n|move|p1b: Sinistcha|Calm Mind|p1b: Sinistcha\n|-boost|p1b: Sinistcha|spa|1\n|-boost|p1b: Sinistcha|spd|1\n|move|p2a: Gholdengo|Nasty Plot|p2a: Gholdengo\n|-boost|p2a: Gholdengo|spa|2\n|\n|-weather|Snow|[upkeep]\n|-heal|p1a: Ninetales|44\/100|[from] Grassy Terrain\n|-heal|p2b: Protect Please \ud83e\udd24|89\/100|[from] Grassy Terrain\n|-heal|p2a: Gholdengo|100\/100|[from] Grassy Terrain\n|upkeep\n|turn|5\n|inactive|Chowdah has 30 seconds left.\n|\n|t:|1699926947\n|move|p1a: Ninetales|Encore|p2a: Gholdengo\n|-immune|p2a: Gholdengo|[from] ability: Good as Gold\n|move|p2b: Protect Please \ud83e\udd24|Wicked Blow|p1b: Sinistcha\n|-crit|p1b: Sinistcha\n|-damage|p1b: Sinistcha|38\/100\n|-damage|p2b: Protect Please \ud83e\udd24|73\/100|[from] item: Rocky Helmet|[of] p1b: Sinistcha\n|move|p1b: Sinistcha|Strength Sap|p2b: Protect Please \ud83e\udd24\n|-unboost|p2b: Protect Please \ud83e\udd24|atk|1\n|-heal|p1b: Sinistcha|100\/100\n|move|p2a: Gholdengo|Make It Rain|p1b: Sinistcha|[spread] p1a,p1b\n|-supereffective|p1a: Ninetales\n|-resisted|p1b: Sinistcha\n|-damage|p1a: Ninetales|0 fnt\n|-damage|p1b: Sinistcha|76\/100\n|-unboost|p2a: Gholdengo|spa|1\n|faint|p1a: Ninetales\n|\n|-weather|none\n|-heal|p2b: Protect Please \ud83e\udd24|79\/100|[from] Grassy Terrain\n|-heal|p1b: Sinistcha|83\/100|[from] Grassy Terrain\n|-fieldend|move: Grassy Terrain\n|upkeep\n|\n|t:|1699926962\n|switch|p1a: Heatran|Heatran, L50, F|100\/100\n|turn|6\n|inactive|brainfulig has 30 seconds left.\n|inactive|brainfulig has 20 seconds left.\n|inactive|brainfulig has 15 seconds left.\n|\n|t:|1699927002\n|-terastallize|p2a: Gholdengo|Dragon\n|move|p2b: Protect Please \ud83e\udd24|Wicked Blow|p1b: Sinistcha\n|-crit|p1b: Sinistcha\n|-damage|p1b: Sinistcha|21\/100\n|-damage|p2b: Protect Please \ud83e\udd24|63\/100|[from] item: Rocky Helmet|[of] p1b: Sinistcha\n|move|p1a: Heatran|Heat Wave|p2a: Gholdengo|[spread] p2a,p2b\n|-resisted|p2a: Gholdengo\n|-damage|p2a: Gholdengo|83\/100\n|-damage|p2b: Protect Please \ud83e\udd24|0 fnt\n|faint|p2b: Protect Please \ud83e\udd24\n|move|p1b: Sinistcha|Strength Sap|p2a: Gholdengo\n|-immune|p2a: Gholdengo|[from] ability: Good as Gold\n|move|p2a: Gholdengo|Shadow Ball|p1b: Sinistcha\n|-damage|p1b: Sinistcha|0 fnt\n|faint|p1b: Sinistcha\n|\n|-heal|p2a: Gholdengo|90\/100|[from] item: Leftovers\n|upkeep\n|\n|t:|1699927019\n|switch|p2b: Bonkaboom \ud83e\udd23\ud83e\udd23\ud83e\udd23|Rillaboom, L50, F|84\/100\n|-fieldstart|move: Grassy Terrain|[from] ability: Grassy Surge|[of] p2b: Bonkaboom \ud83e\udd23\ud83e\udd23\ud83e\udd23\n|turn|7\n|\n|t:|1699927028\n|move|p1a: Heatran|Protect|p1a: Heatran\n|-singleturn|p1a: Heatran|Protect\n|move|p2b: Bonkaboom \ud83e\udd23\ud83e\udd23\ud83e\udd23|Fake Out|p1a: Heatran\n|-activate|p1a: Heatran|move: Protect\n|move|p2a: Gholdengo|Shadow Ball|p1a: Heatran\n|-activate|p1a: Heatran|move: Protect\n|\n|-heal|p2b: Bonkaboom \ud83e\udd23\ud83e\udd23\ud83e\udd23|90\/100|[from] Grassy Terrain\n|-heal|p2a: Gholdengo|96\/100|[from] Grassy Terrain\n|-heal|p2a: Gholdengo|100\/100|[from] item: Leftovers\n|upkeep\n|turn|8\n|\n|t:|1699927035\n|move|p1a: Heatran|Heat Wave|p2a: Gholdengo|[spread] p2a,p2b\n|-resisted|p2a: Gholdengo\n|-supereffective|p2b: Bonkaboom \ud83e\udd23\ud83e\udd23\ud83e\udd23\n|-damage|p2a: Gholdengo|82\/100\n|-damage|p2b: Bonkaboom \ud83e\udd23\ud83e\udd23\ud83e\udd23|37\/100\n|move|p2b: Bonkaboom \ud83e\udd23\ud83e\udd23\ud83e\udd23|High Horsepower|p1a: Heatran\n|-supereffective|p1a: Heatran\n|-damage|p1a: Heatran|8\/100\n|move|p2a: Gholdengo|Shadow Ball|p1a: Heatran\n|-damage|p1a: Heatran|0 fnt\n|faint|p1a: Heatran\n|\n|win|Chowdah\n|raw|brainfulig's rating: 1307 &rarr; <strong>1288<\/strong><br \/>(-19 for losing)\n|raw|Chowdah's rating: 1327 &rarr; <strong>1346<\/strong><br \/>(+19 for winning)\n|l|\u2606brainfulig\n|c|\u2606Chowdah|gg\n","uploadtime":1699927053,"views":9,"p1id":"brainfulig","p2id":"chowdah","formatid":"gen9vgc2023regulatione","rating":1288,"private":0,"password":""}