{"id":"gen9vgc2023regulatione-1998624923","p1":"Capn Neo","p2":"Sssniperking","format":"[Gen 9] VGC 2023 Regulation E","log":"|j|\u2606Capn Neo\n|j|\u2606Sssniperking\n|n|\u2606Capn Neo|capnneo\n|n|\u2606Sssniperking|sssniperking\n|html|View the match progress at <a href=\"\/game-bestof3-gen9vgc2023regulatione-1998624922\">game-bestof3-gen9vgc2023regulatione-1998624922<\/a>\n|t:|1700964441\n|gametype|doubles\n|player|p1|Capn Neo|red|\n|player|p2|Sssniperking|265|\n|teamsize|p1|6\n|teamsize|p2|6\n|gen|9\n|tier|[Gen 9] VGC 2023 Regulation E\n|rule|Species Clause: Limit one of each Pok\u00e9mon\n|rule|Item Clause: Limit one of each item\n|clearpoke\n|poke|p1|Cinderace, L50, M|\n|poke|p1|Iron Bundle, L50|\n|poke|p1|Urshifu-*, L50, M|\n|poke|p1|Illumise, L50, F|\n|poke|p1|Slowking-Galar, L50, F|\n|poke|p1|Dipplin, L50, M|\n|poke|p2|Jumpluff, L50, M|\n|poke|p2|Flutter Mane, L50|\n|poke|p2|Arcanine-Hisui, L50, M|\n|poke|p2|Brute Bonnet, L50|\n|poke|p2|Ninetales, L50, F|\n|poke|p2|Weavile, L50, M|\n|teampreview|4\n|c|\u2606Capn Neo|glhf\n|c|\u2606Sssniperking|U2\n|j| 4Azzy\n|j| downfall18\n|c| downfall18|Glhf gamers\n|j| pokemon_and_beer\n|c| pokemon_and_beer|glhf!\n|c|\u2606Capn Neo|im gonna try something today\n|\n|t:|1700964567\n|start\n|switch|p1a: Grandma|Iron Bundle, L50|100\/100\n|switch|p1b: Mr Oshiro|Slowking-Galar, L50, F|100\/100\n|switch|p2a: YIP|Ninetales, L50, F, shiny|100\/100\n|switch|p2b: Grrrr|Arcanine-Hisui, L50, M, shiny|100\/100\n|-weather|SunnyDay|[from] ability: Drought|[of] p2a: YIP\n|-ability|p2b: Grrrr|Intimidate|boost\n|-unboost|p1a: Grandma|atk|1\n|-unboost|p1b: Mr Oshiro|atk|1\n|-enditem|p1a: Grandma|Booster Energy\n|-activate|p1a: Grandma|ability: Quark Drive|[fromitem]\n|-start|p1a: Grandma|quarkdrivespe\n|turn|1\n|c| downfall18|I have no music but my phone just made all the Pok\u00e9mon noises and it jump scared me\n|c|\u2606Capn Neo|i only play with no sound\n|c|\u2606Capn Neo|watching superstore\n|\n|t:|1700964627\n|switch|p2b: honkshoomimimi|Brute Bonnet, L50, shiny|100\/100\n|-activate|p2b: honkshoomimimi|ability: Protosynthesis\n|-start|p2b: honkshoomimimi|protosynthesisatk\n|move|p1a: Grandma|Hydro Pump|p2b: honkshoomimimi|[miss]\n|-miss|p1a: Grandma|p2b: honkshoomimimi\n|move|p2a: YIP|Overheat|p1b: Mr Oshiro\n|-damage|p1b: Mr Oshiro|54\/100\n|-unboost|p2a: YIP|spa|2\n|move|p1b: Mr Oshiro|Chilly Reception|p1b: Mr Oshiro\n|-weather|Snow\n|-end|p2b: honkshoomimimi|Protosynthesis\n|\n|t:|1700964643\n|switch|p1b: Strawberry|Dipplin, L50, M|100\/100|[from] Chilly Reception\n|-ability|p1b: Strawberry|Supersweet Syrup\n|-ability|p1b: Strawberry|Supersweet Syrup|boost\n|-unboost|p2a: YIP|evasion|1\n|-unboost|p2b: honkshoomimimi|evasion|1\n|\n|-weather|Snow|[upkeep]\n|upkeep\n|turn|2\n|\n|t:|1700964670\n|switch|p2a: BAAAAA|Flutter Mane, L50, shiny|100\/100\n|move|p1a: Grandma|Aurora Veil|p1a: Grandma\n|-sidestart|p1: Capn Neo|move: Aurora Veil\n|move|p2b: honkshoomimimi|Spore|p1a: Grandma\n|-status|p1a: Grandma|slp|[from] move: Spore\n|move|p1b: Strawberry|Pollen Puff|p2b: honkshoomimimi\n|-supereffective|p2b: honkshoomimimi\n|-damage|p2b: honkshoomimimi|0 fnt\n|faint|p2b: honkshoomimimi\n|-end|p2b: honkshoomimimi|Protosynthesis|[silent]\n|\n|-weather|Snow|[upkeep]\n|upkeep\n|\n|t:|1700964687\n|switch|p2b: YIP|Ninetales, L50, F, shiny|100\/100\n|-weather|SunnyDay|[from] ability: Drought|[of] p2b: YIP\n|-activate|p2a: BAAAAA|ability: Protosynthesis\n|-start|p2a: BAAAAA|protosynthesisspa\n|turn|3\n|c| pokemon_and_beer|new Flutter sprite update\n|c| 4Azzy|it looks so evil\n|\n|t:|1700964724\n|-terastallize|p2a: BAAAAA|Fairy\n|cant|p1a: Grandma|slp\n|move|p2b: YIP|Fake Tears|p1b: Strawberry\n|-unboost|p1b: Strawberry|spd|2\n|move|p2a: BAAAAA|Dazzling Gleam|p1b: Strawberry|[spread] p1a,p1b\n|-supereffective|p1b: Strawberry\n|-damage|p1a: Grandma|0 fnt\n|-damage|p1b: Strawberry|0 fnt\n|faint|p1a: Grandma\n|-end|p1a: Grandma|Quark Drive|[silent]\n|faint|p1b: Strawberry\n|\n|-weather|SunnyDay|[upkeep]\n|upkeep\n|\n|t:|1700964736\n|switch|p1a: Madeline|Cinderace, L50, M, shiny|100\/100\n|switch|p1b: Mr Oshiro|Slowking-Galar, L50, F|87\/100\n|turn|4\n|\n|t:|1700964752\n|move|p2b: YIP|Fake Tears|p1a: Madeline\n|-unboost|p1a: Madeline|spd|2\n|move|p1a: Madeline|Acrobatics|p2b: YIP\n|-damage|p2b: YIP|60\/100\n|move|p2a: BAAAAA|Dazzling Gleam|p1a: Madeline|[spread] p1a,p1b\n|-resisted|p1a: Madeline\n|-resisted|p1b: Mr Oshiro\n|-damage|p1a: Madeline|17\/100\n|-damage|p1b: Mr Oshiro|64\/100\n|move|p1b: Mr Oshiro|Sludge Bomb|p2a: BAAAAA\n|-supereffective|p2a: BAAAAA\n|-damage|p2a: BAAAAA|12\/100\n|\n|-weather|SunnyDay|[upkeep]\n|-heal|p1b: Mr Oshiro|70\/100|[from] item: Black Sludge\n|upkeep\n|turn|5\n|\n|t:|1700964771\n|-end|p2a: BAAAAA|Protosynthesis|[silent]\n|switch|p2a: Grrrr|Arcanine-Hisui, L50, M, shiny|100\/100\n|-ability|p2a: Grrrr|Intimidate|boost\n|-unboost|p1a: Madeline|atk|1\n|-unboost|p1b: Mr Oshiro|atk|1\n|move|p1a: Madeline|Protect|p1a: Madeline\n|-singleturn|p1a: Madeline|Protect\n|move|p2b: YIP|Fake Tears|p1b: Mr Oshiro\n|-unboost|p1b: Mr Oshiro|spd|2\n|move|p1b: Mr Oshiro|Blizzard|p2b: YIP|[spread] \n|-miss|p1b: Mr Oshiro|p2a: Grrrr\n|-miss|p1b: Mr Oshiro|p2b: YIP\n|\n|-weather|SunnyDay|[upkeep]\n|-heal|p1b: Mr Oshiro|76\/100|[from] item: Black Sludge\n|upkeep\n|turn|6\n|\n|t:|1700964802\n|move|p2b: YIP|Fake Tears|p1b: Mr Oshiro\n|-unboost|p1b: Mr Oshiro|spd|2\n|move|p1a: Madeline|Acrobatics|p2b: YIP\n|-damage|p2b: YIP|34\/100\n|move|p2a: Grrrr|Rock Slide|p1b: Mr Oshiro|[spread] p1a,p1b\n|-supereffective|p1a: Madeline\n|-damage|p1a: Madeline|0 fnt\n|-damage|p1b: Mr Oshiro|43\/100\n|faint|p1a: Madeline\n|move|p1b: Mr Oshiro|Eerie Spell|p2b: YIP\n|-damage|p2b: YIP|0 fnt\n|faint|p2b: YIP\n|\n|-weather|SunnyDay|[upkeep]\n|-heal|p1b: Mr Oshiro|49\/100|[from] item: Black Sludge\n|-sideend|p1: Capn Neo|move: Aurora Veil\n|upkeep\n|\n|t:|1700964813\n|switch|p2b: BAAAAA|Flutter Mane, L50, shiny, tera:Fairy|12\/100\n|-activate|p2b: BAAAAA|ability: Protosynthesis\n|-start|p2b: BAAAAA|protosynthesisspa\n|turn|7\n|\n|t:|1700964826\n|move|p2b: BAAAAA|Shadow Ball|p1b: Mr Oshiro\n|-supereffective|p1b: Mr Oshiro\n|-damage|p1b: Mr Oshiro|0 fnt\n|faint|p1b: Mr Oshiro\n|\n|win|Sssniperking\n|c|&|\/uhtml prompt-sssniperking,Sssniperking is ready for game 2!\n|c| downfall18|Gg !\n|inactive|Capn Neo has 50 seconds to confirm battle start!\n","uploadtime":1700964838,"views":2,"p1id":"capnneo","p2id":"sssniperking","formatid":"gen9vgc2023regulatione","rating":0,"private":0,"password":""}