{"id":"gen9vgc2023regulatione-1992535182","p1":"Vgenmanuel","p2":"TyL8","format":"[Gen 9] VGC 2023 Regulation E","log":"|j|\u2606Vgenmanuel\n|j|\u2606TyL8\n|t:|1700201280\n|gametype|doubles\n|player|p1|Vgenmanuel|2|1443\n|player|p2|TyL8|dawn|1464\n|teamsize|p1|6\n|teamsize|p2|6\n|gen|9\n|tier|[Gen 9] VGC 2023 Regulation E\n|rated|\n|rule|Species Clause: Limit one of each Pok\u00e9mon\n|rule|Item Clause: Limit one of each item\n|clearpoke\n|poke|p1|Grimmsnarl, L50, M|\n|poke|p1|Landorus-Therian, L50, M|\n|poke|p1|Rillaboom, L50, F|\n|poke|p1|Gholdengo, L50|\n|poke|p1|Ogerpon-Hearthflame, L50, F|\n|poke|p1|Cresselia, L50, F|\n|poke|p2|Goodra-Hisui, L50, F|\n|poke|p2|Arcanine-Hisui, L50, M|\n|poke|p2|Amoonguss, L50, M|\n|poke|p2|Tyranitar, L50, M|\n|poke|p2|Dusclops, L50, F|\n|poke|p2|Dragonite, L50, M|\n|teampreview|4\n|inactive|Battle timer is ON: inactive players will automatically lose when time's up. (requested by TyL8)\n|\n|t:|1700201310\n|start\n|switch|p1a: Landorus|Landorus-Therian, L50, M|100\/100\n|switch|p1b: Ogerpon|Ogerpon-Hearthflame, L50, F|100\/100\n|switch|p2a: Big Slug|Goodra-Hisui, L50, F, shiny|100\/100\n|switch|p2b: Big Dog|Arcanine-Hisui, L50, M|100\/100\n|-ability|p1a: Landorus|Intimidate|boost\n|-unboost|p2a: Big Slug|atk|1\n|-unboost|p2b: Big Dog|atk|1\n|-ability|p1b: Ogerpon|Mold Breaker\n|-ability|p2b: Big Dog|Intimidate|boost\n|-unboost|p1a: Landorus|atk|1\n|-unboost|p1b: Ogerpon|atk|1\n|turn|1\n|\n|t:|1700201331\n|switch|p1b: Rillaboom|Rillaboom, L50, F|100\/100\n|-fieldstart|move: Grassy Terrain|[from] ability: Grassy Surge|[of] p1b: Rillaboom\n|switch|p2b: Dusclops|Dusclops, L50, F, shiny|100\/100\n|-item|p1a: Landorus|Choice Scarf|[from] ability: Frisk|[of] p2b: Dusclops|[identify]\n|-item|p1b: Rillaboom|Assault Vest|[from] ability: Frisk|[of] p2b: Dusclops|[identify]\n|move|p1a: Landorus|Stomping Tantrum|p2b: Dusclops\n|-damage|p2b: Dusclops|84\/100\n|move|p2a: Big Slug|Acid Armor|p2a: Big Slug\n|-boost|p2a: Big Slug|def|2\n|\n|-heal|p2b: Dusclops|89\/100|[from] Grassy Terrain\n|upkeep\n|turn|2\n|\n|t:|1700201346\n|switch|p1a: Cresselia|Cresselia, L50, F|100\/100\n|move|p1b: Rillaboom|Fake Out|p2a: Big Slug\n|-resisted|p2a: Big Slug\n|-damage|p2a: Big Slug|98\/100\n|cant|p2a: Big Slug|flinch\n|move|p2b: Dusclops|Trick Room|p2b: Dusclops\n|-fieldstart|move: Trick Room|[of] p2b: Dusclops\n|\n|-heal|p2b: Dusclops|95\/100|[from] Grassy Terrain\n|-heal|p2a: Big Slug|100\/100|[from] Grassy Terrain\n|upkeep\n|turn|3\n|\n|t:|1700201361\n|move|p1a: Cresselia|Helping Hand|p1b: Rillaboom\n|-singleturn|p1b: Rillaboom|Helping Hand|[of] p1a: Cresselia\n|move|p2b: Dusclops|Will-O-Wisp|p1b: Rillaboom\n|-status|p1b: Rillaboom|brn\n|move|p2a: Big Slug|Acid Armor|p2a: Big Slug\n|-boost|p2a: Big Slug|def|2\n|move|p1b: Rillaboom|High Horsepower|p2a: Big Slug\n|-supereffective|p2a: Big Slug\n|-damage|p2a: Big Slug|88\/100\n|\n|-heal|p2b: Dusclops|100\/100|[from] Grassy Terrain\n|-heal|p2a: Big Slug|94\/100|[from] Grassy Terrain\n|-heal|p2a: Big Slug|99\/100|[from] item: Leftovers\n|-damage|p1b: Rillaboom|95\/100 brn|[from] brn\n|upkeep\n|turn|4\n|\n|t:|1700201382\n|move|p2b: Dusclops|Will-O-Wisp|p1a: Cresselia\n|-status|p1a: Cresselia|brn\n|move|p2a: Big Slug|Acid Armor|p2a: Big Slug\n|-boost|p2a: Big Slug|def|2\n|move|p1b: Rillaboom|High Horsepower|p2a: Big Slug\n|-supereffective|p2a: Big Slug\n|-damage|p2a: Big Slug|92\/100\n|move|p1a: Cresselia|Lunar Blessing|p1a: Cresselia|[spread] p1a,p1b\n|-curestatus|p1a: Cresselia|brn|[msg]\n|-heal|p1b: Rillaboom|100\/100 brn\n|-curestatus|p1b: Rillaboom|brn|[msg]\n|\n|-heal|p2a: Big Slug|98\/100|[from] Grassy Terrain\n|-heal|p2a: Big Slug|100\/100|[from] item: Leftovers\n|upkeep\n|turn|5\n|\n|t:|1700201403\n|move|p1a: Cresselia|Helping Hand|p1b: Rillaboom\n|-singleturn|p1b: Rillaboom|Helping Hand|[of] p1a: Cresselia\n|move|p2b: Dusclops|Will-O-Wisp|p1b: Rillaboom\n|-status|p1b: Rillaboom|brn\n|move|p2a: Big Slug|Body Press|p1b: Rillaboom\n|-damage|p1b: Rillaboom|22\/100 brn\n|move|p1b: Rillaboom|High Horsepower|p2a: Big Slug\n|-supereffective|p2a: Big Slug\n|-damage|p2a: Big Slug|90\/100\n|\n|-heal|p2a: Big Slug|96\/100|[from] Grassy Terrain\n|-heal|p2a: Big Slug|100\/100|[from] item: Leftovers\n|-heal|p1b: Rillaboom|28\/100 brn|[from] Grassy Terrain\n|-damage|p1b: Rillaboom|22\/100 brn|[from] brn\n|-fieldend|move: Grassy Terrain\n|upkeep\n|turn|6\n|inactive|Vgenmanuel has 30 seconds left.\n|\n|t:|1700201429\n|move|p2b: Dusclops|Night Shade|p1a: Cresselia\n|-damage|p1a: Cresselia|78\/100\n|move|p2a: Big Slug|Body Press|p1b: Rillaboom\n|-damage|p1b: Rillaboom|0 fnt\n|faint|p1b: Rillaboom\n|move|p1a: Cresselia|Lunar Blessing|p1a: Cresselia\n|-heal|p1a: Cresselia|100\/100\n|\n|-fieldend|move: Trick Room\n|upkeep\n|\n|t:|1700201437\n|switch|p1b: Ogerpon|Ogerpon-Hearthflame, L50, F|100\/100\n|-ability|p1b: Ogerpon|Mold Breaker\n|turn|7\n|\n|t:|1700201449\n|-terastallize|p1b: Ogerpon|Fire\n|detailschange|p1b: Ogerpon|Ogerpon-Hearthflame-Tera, L50, F, tera:Fire\n|-ability|p1b: Ogerpon|Embody Aspect (Hearthflame)|boost\n|-boost|p1b: Ogerpon|atk|1\n|move|p1a: Cresselia|Helping Hand|p1b: Ogerpon\n|-singleturn|p1b: Ogerpon|Helping Hand|[of] p1a: Cresselia\n|move|p1b: Ogerpon|Ivy Cudgel|p2a: Big Slug|[anim] Ivy Cudgel Fire\n|-damage|p2a: Big Slug|60\/100\n|move|p2a: Big Slug|Body Press|p1b: Ogerpon\n|-crit|p1b: Ogerpon\n|-damage|p1b: Ogerpon|0 fnt\n|faint|p1b: Ogerpon\n|move|p2b: Dusclops|Trick Room|p2b: Dusclops\n|-fieldstart|move: Trick Room|[of] p2b: Dusclops\n|\n|-heal|p2a: Big Slug|66\/100|[from] item: Leftovers\n|upkeep\n|l|\u2606Vgenmanuel\n|inactive|Vgenmanuel disconnected and has a minute to reconnect!\n|player|p1|\n|inactive|Vgenmanuel has 30 seconds left.\n|c|\u2606TyL8|it always ohkos withot crit btw\n|inactive|Vgenmanuel has 20 seconds left.\n|inactive|Vgenmanuel has 15 seconds left.\n|c|\u2606TyL8|I'm trained for that\n|inactive|Vgenmanuel has 10 seconds left.\n|inactive|Vgenmanuel has 5 seconds left.\n|-message|Vgenmanuel lost due to inactivity.\n|\n|win|TyL8\n|raw|Vgenmanuel's rating: 1443 &rarr; <strong>1424<\/strong><br \/>(-19 for losing)\n|raw|TyL8's rating: 1464 &rarr; <strong>1483<\/strong><br \/>(+19 for winning)\n|c|\u2606TyL8|gg\n","uploadtime":1700201510,"views":10,"p1id":"vgenmanuel","p2id":"tyl8","formatid":"gen9vgc2023regulatione","rating":1424,"private":0,"password":""}