{"id":"gen9vgc2023regulatione-1989688614","p1":"JayoticNL","p2":"Mellowthepokemoon","format":"[Gen 9] VGC 2023 Regulation E","log":"|j|\u2606JayoticNL\n|j|\u2606Mellowthepokemoon\n|t:|1699887025\n|gametype|doubles\n|player|p1|JayoticNL|emmet|\n|player|p2|Mellowthepokemoon|pokemonbreederf-gen4|\n|teamsize|p1|6\n|teamsize|p2|6\n|gen|9\n|tier|[Gen 9] VGC 2023 Regulation E\n|rule|Species Clause: Limit one of each Pok\u00e9mon\n|rule|Item Clause: Limit one of each item\n|clearpoke\n|poke|p1|Cresselia, L50, F|\n|poke|p1|Iron Hands, L50|\n|poke|p1|Flutter Mane, L50|\n|poke|p1|Chi-Yu, L50|\n|poke|p1|Amoonguss, L50, F|\n|poke|p1|Ursaluna-Bloodmoon, L50, M|\n|poke|p2|Ogerpon, L50, F|\n|poke|p2|Thundurus, L50, M|\n|poke|p2|Chi-Yu, L50|\n|poke|p2|Flutter Mane, L50|\n|poke|p2|Dondozo, L50, F|\n|poke|p2|Tatsugiri, L50, F|\n|teampreview|4\n|\n|t:|1699887131\n|start\n|switch|p1a: Cresselia|Cresselia, L50, F|100\/100\n|switch|p1b: Iron Hands|Iron Hands, L50|100\/100\n|switch|p2a: Flutter Mane|Flutter Mane, L50|100\/100\n|switch|p2b: Chi-Yu|Chi-Yu, L50|100\/100\n|-ability|p2b: Chi-Yu|Beads of Ruin\n|-enditem|p2a: Flutter Mane|Booster Energy\n|-activate|p2a: Flutter Mane|ability: Protosynthesis|[fromitem]\n|-start|p2a: Flutter Mane|protosynthesisspe\n|turn|1\n|inactive|Battle timer is ON: inactive players will automatically lose when time's up. (requested by JayoticNL)\n|\n|t:|1699887231\n|-terastallize|p1a: Cresselia|Fairy\n|move|p1b: Iron Hands|Fake Out|p2b: Chi-Yu\n|-damage|p2b: Chi-Yu|76\/100\n|move|p2a: Flutter Mane|Shadow Ball|p1a: Cresselia\n|-damage|p1a: Cresselia|64\/100\n|cant|p2b: Chi-Yu|flinch\n|move|p1a: Cresselia|Trick Room|p1a: Cresselia\n|-fieldstart|move: Trick Room|[of] p1a: Cresselia\n|\n|upkeep\n|turn|2\n|inactive|Mellowthepokemoon has 30 seconds left.\n|\n|t:|1699887265\n|move|p1b: Iron Hands|Drain Punch|p2b: Chi-Yu\n|-supereffective|p2b: Chi-Yu\n|-damage|p2b: Chi-Yu|0 fnt\n|faint|p2b: Chi-Yu\n|move|p1a: Cresselia|Lunar Blessing|p1a: Cresselia|[spread] p1a,p1b\n|-heal|p1a: Cresselia|89\/100\n|move|p2a: Flutter Mane|Icy Wind|p1a: Cresselia|[spread] p1a,p1b\n|-damage|p1a: Cresselia|81\/100\n|-damage|p1b: Iron Hands|93\/100\n|-unboost|p1a: Cresselia|spe|1\n|-unboost|p1b: Iron Hands|spe|1\n|\n|upkeep\n|\n|t:|1699887279\n|switch|p2b: Dondozo|Dondozo, L50, F|100\/100\n|turn|3\n|\n|t:|1699887296\n|-end|p2a: Flutter Mane|Protosynthesis|[silent]\n|switch|p2a: Tatsugiri|Tatsugiri, L50, F|100\/100\n|-activate|p2a: Tatsugiri|ability: Commander|[of] p2b: Dondozo\n|-boost|p2b: Dondozo|atk|2\n|-boost|p2b: Dondozo|spa|2\n|-boost|p2b: Dondozo|spe|2\n|-boost|p2b: Dondozo|def|2\n|-boost|p2b: Dondozo|spd|2\n|move|p1b: Iron Hands|Wild Charge|p2b: Dondozo\n|-supereffective|p2b: Dondozo\n|-damage|p2b: Dondozo|72\/100\n|-damage|p1b: Iron Hands|86\/100|[from] Recoil\n|move|p1a: Cresselia|Lunar Blessing|p1a: Cresselia|[spread] p1a,p1b\n|-heal|p1a: Cresselia|100\/100\n|-heal|p1b: Iron Hands|100\/100\n|move|p2b: Dondozo|Earthquake|p1b: Iron Hands|[spread] p1b\n|-miss|p2b: Dondozo|p2a: Tatsugiri\n|-immune|p1a: Cresselia|[from] ability: Levitate\n|-supereffective|p1b: Iron Hands\n|-damage|p1b: Iron Hands|51\/100\n|\n|-heal|p2b: Dondozo|78\/100|[from] item: Leftovers\n|upkeep\n|turn|4\n|\n|t:|1699887321\n|-end|p1b: Iron Hands|Quark Drive|[silent]\n|switch|p1b: Amoonguss|Amoonguss, L50, F|100\/100\n|move|p2b: Dondozo|Protect|p2b: Dondozo\n|-singleturn|p2b: Dondozo|Protect\n|move|p1a: Cresselia|Lunar Blessing||[still]|[spread] \n|-fail|p1a: Cresselia\n|\n|-heal|p2b: Dondozo|85\/100|[from] item: Leftovers\n|upkeep\n|turn|5\n|\n|t:|1699887338\n|switch|p1a: Ursaluna|Ursaluna-Bloodmoon, L50, M|100\/100\n|-terastallize|p2b: Dondozo|Dragon\n|move|p1b: Amoonguss|Spore|p2b: Dondozo\n|-status|p2b: Dondozo|slp|[from] move: Spore\n|cant|p2b: Dondozo|slp\n|\n|-heal|p2b: Dondozo|91\/100 slp|[from] item: Leftovers\n|-fieldend|move: Trick Room\n|upkeep\n|turn|6\n|\n|t:|1699887352\n|switch|p1b: Cresselia|Cresselia, L50, F, tera:Fairy|100\/100\n|-curestatus|p2b: Dondozo|slp|[msg]\n|move|p2b: Dondozo|Earthquake|p1b: Cresselia|[spread] p1a\n|-miss|p2b: Dondozo|p2a: Tatsugiri\n|-immune|p1b: Cresselia|[from] ability: Levitate\n|-damage|p1a: Ursaluna|77\/100\n|move|p1a: Ursaluna|Blood Moon|p2b: Dondozo\n|-damage|p2b: Dondozo|58\/100\n|\n|-heal|p2b: Dondozo|64\/100|[from] item: Leftovers\n|upkeep\n|turn|7\n|\n|t:|1699887364\n|switch|p1a: Amoonguss|Amoonguss, L50, F|100\/100\n|move|p2b: Dondozo|Protect|p2b: Dondozo\n|-singleturn|p2b: Dondozo|Protect\n|move|p1b: Cresselia|Trick Room|p1b: Cresselia\n|-fieldstart|move: Trick Room|[of] p1b: Cresselia\n|\n|-heal|p2b: Dondozo|70\/100|[from] item: Leftovers\n|upkeep\n|turn|8\n|\n|t:|1699887376\n|switch|p1b: Ursaluna|Ursaluna-Bloodmoon, L50, M|77\/100\n|move|p1a: Amoonguss|Spore|p2b: Dondozo\n|-status|p2b: Dondozo|slp|[from] move: Spore\n|cant|p2b: Dondozo|slp\n|\n|-heal|p2b: Dondozo|77\/100 slp|[from] item: Leftovers\n|upkeep\n|turn|9\n|\n|t:|1699887389\n|move|p1a: Amoonguss|Pollen Puff|p1b: Ursaluna\n|-heal|p1b: Ursaluna|100\/100\n|move|p1b: Ursaluna|Blood Moon|p2b: Dondozo\n|-damage|p2b: Dondozo|39\/100 slp\n|cant|p2b: Dondozo|slp\n|\n|-heal|p2b: Dondozo|45\/100 slp|[from] item: Leftovers\n|upkeep\n|turn|10\n|\n|t:|1699887403\n|-curestatus|p2b: Dondozo|slp|[msg]\n|move|p2b: Dondozo|Protect|p2b: Dondozo\n|-singleturn|p2b: Dondozo|Protect\n|move|p1a: Amoonguss|Rage Powder|p1a: Amoonguss\n|-singleturn|p1a: Amoonguss|move: Rage Powder\n|move|p1b: Ursaluna|Earth Power|p2b: Dondozo\n|-activate|p2b: Dondozo|move: Protect\n|\n|-heal|p2b: Dondozo|52\/100|[from] item: Leftovers\n|upkeep\n|turn|11\n|inactive|Mellowthepokemoon has 30 seconds left.\n|\n|t:|1699887430\n|move|p1a: Amoonguss|Spore|p2b: Dondozo\n|-status|p2b: Dondozo|slp|[from] move: Spore\n|move|p1b: Ursaluna|Blood Moon|p2b: Dondozo\n|-damage|p2b: Dondozo|19\/100 slp\n|cant|p2b: Dondozo|slp\n|\n|-heal|p2b: Dondozo|25\/100 slp|[from] item: Leftovers\n|-fieldend|move: Trick Room\n|upkeep\n|turn|12\n|\n|t:|1699887442\n|switch|p1a: Cresselia|Cresselia, L50, F, tera:Fairy|100\/100\n|cant|p2b: Dondozo|slp\n|move|p1b: Ursaluna|Earth Power|p2b: Dondozo\n|-damage|p2b: Dondozo|3\/100 slp\n|-unboost|p2b: Dondozo|spd|1\n|\n|-heal|p2b: Dondozo|9\/100 slp|[from] item: Leftovers\n|upkeep\n|turn|13\n|\n|t:|1699887464\n|-curestatus|p2b: Dondozo|slp|[msg]\n|move|p2b: Dondozo|Protect|p2b: Dondozo\n|-singleturn|p2b: Dondozo|Protect\n|move|p1b: Ursaluna|Hyper Voice|p2a: Tatsugiri|[spread] \n|-miss|p1b: Ursaluna|p2a: Tatsugiri\n|-activate|p2b: Dondozo|move: Protect\n|move|p1a: Cresselia|Trick Room|p1a: Cresselia\n|-fieldstart|move: Trick Room|[of] p1a: Cresselia\n|\n|-heal|p2b: Dondozo|15\/100|[from] item: Leftovers\n|upkeep\n|turn|14\n|\n|t:|1699887478\n|switch|p1a: Amoonguss|Amoonguss, L50, F|100\/100\n|move|p1b: Ursaluna|Blood Moon|p2b: Dondozo\n|-damage|p2b: Dondozo|0 fnt\n|faint|p2b: Dondozo\n|\n|upkeep\n|\n|t:|1699887489\n|switch|p2b: Flutter Mane|Flutter Mane, L50|100\/100\n|turn|15\n|\n|t:|1699887501\n|move|p1a: Amoonguss|Spore|p2b: Flutter Mane\n|-status|p2b: Flutter Mane|slp|[from] move: Spore\n|move|p1b: Ursaluna|Hyper Voice|p2b: Flutter Mane|[spread] p2a,p2b\n|-damage|p2a: Tatsugiri|52\/100\n|-damage|p2b: Flutter Mane|61\/100 slp\n|-enditem|p1b: Ursaluna|Throat Spray\n|-boost|p1b: Ursaluna|spa|1|[from] item: Throat Spray\n|cant|p2b: Flutter Mane|slp\n|move|p2a: Tatsugiri|Icy Wind|p1a: Amoonguss|[spread] p1a,p1b\n|-supereffective|p1a: Amoonguss\n|-supereffective|p1b: Ursaluna\n|-damage|p1a: Amoonguss|79\/100\n|-damage|p1b: Ursaluna|70\/100\n|-unboost|p1a: Amoonguss|spe|1\n|-unboost|p1b: Ursaluna|spe|1\n|\n|upkeep\n|turn|16\n|\n|t:|1699887520\n|move|p1a: Amoonguss|Spore|p2a: Tatsugiri\n|-status|p2a: Tatsugiri|slp|[from] move: Spore\n|move|p1b: Ursaluna|Hyper Voice|p2b: Flutter Mane|[spread] p2a,p2b\n|-damage|p2a: Tatsugiri|0 fnt\n|-damage|p2b: Flutter Mane|4\/100 slp\n|faint|p2a: Tatsugiri\n|cant|p2b: Flutter Mane|slp\n|\n|upkeep\n|turn|17\n|\n|t:|1699887531\n|move|p1a: Amoonguss|Pollen Puff|p2b: Flutter Mane\n|-resisted|p2b: Flutter Mane\n|-damage|p2b: Flutter Mane|0 fnt\n|faint|p2b: Flutter Mane\n|-end|p2b: Flutter Mane|Protosynthesis|[silent]\n|\n|win|JayoticNL\n|l|\u2606Mellowthepokemoon\n","uploadtime":1699888494,"views":27,"p1id":"jayoticnl","p2id":"mellowthepokemoon","formatid":"gen9vgc2023regulatione","rating":0,"private":0,"password":""}