{"id":"gen9vgc2023regulatione-1998587860","p1":"King32bit","p2":"EdwinVGC","format":"[Gen 9] VGC 2023 Regulation E","log":"|j|\u2606King32bit\n|j|\u2606EdwinVGC\n|t:|1700959836\n|gametype|doubles\n|player|p1|King32bit|silver|\n|player|p2|EdwinVGC|2|\n|teamsize|p1|6\n|teamsize|p2|6\n|gen|9\n|tier|[Gen 9] VGC 2023 Regulation E\n|rule|Species Clause: Limit one of each Pok\u00e9mon\n|rule|Item Clause: Limit one of each item\n|clearpoke\n|poke|p1|Baxcalibur, L50, M|\n|poke|p1|Garganacl, L50, M|\n|poke|p1|Gholdengo, L50|\n|poke|p1|Meowscarada, L50, M|\n|poke|p1|Mimikyu, L50, F|\n|poke|p1|Tauros-Paldea-Aqua, L50, M|\n|poke|p2|Pelipper, L50, M|\n|poke|p2|Urshifu-*, L50, M|\n|poke|p2|Amoonguss, L50, F|\n|poke|p2|Iron Hands, L50|\n|poke|p2|Gholdengo, L50|\n|poke|p2|Farigiraf, L50, M|\n|teampreview|4\nEdwinVGC has agreed to open team sheets.\n|c|\u2606EdwinVGC|Game 3\nKing32bit has agreed to open team sheets.\n|showteam|p1|Baxcalibur||LoadedDice|ThermalExchange|GlaiveRush,IcicleSpear,IceShard,Protect|||M|||50|,,,,,Water]Garganacl||Leftovers|PurifyingSalt|SaltCure,Recover,WideGuard,Protect|||M|||50|,,,,,Poison]Gholdengo||ChoiceSpecs|GoodasGold|MakeItRain,ShadowBall,PowerGem,FocusBlast||||||50|,,,,,Steel]Meowscarada||FocusSash|Overgrow|FlowerTrick,KnockOff,SuckerPunch,Protect|||M|||50|,,,,,Grass]Mimikyu||LifeOrb|Disguise|PlayRough,ShadowClaw,ShadowSneak,Protect|||F|||50|,,,,,Ghost]Tauros-Paldea-Aqua||SafetyGoggles|Intimidate|CloseCombat,WaveCrash,AquaJet,Protect|||M|||50|,,,,,Water\n|showteam|p2|Pelipper||FocusSash|Drizzle|Hurricane,Tailwind,WideGuard,WeatherBall|||M|||50|,,,,,Flying]Urshifu-Rapid-Strike||MysticWater|UnseenFist|SurgingStrikes,AquaJet,Detect,CloseCombat|||M|||50|,,,,,Water]Amoonguss||RockyHelmet|Regenerator|Spore,RagePowder,PollenPuff,GigaDrain|||F|||50|,,,,,Fire]Iron Hands||AssaultVest|QuarkDrive|WildCharge,HeavySlam,FakeOut,DrainPunch||||||50|,,,,,Water]Gholdengo||LifeOrb|GoodasGold|MakeItRain,NastyPlot,ShadowBall,Protect||||||50|,,,,,Steel]Farigiraf||SitrusBerry|ArmorTail|Psychic,DazzlingGleam,NastyPlot,TrickRoom|||M|||50|,,,,,Fairy\n|\n|t:|1700959919\n|start\n|switch|p1a: Gholdengo|Gholdengo, L50|100\/100\n|switch|p1b: Mimikyu|Mimikyu, L50, F|100\/100\n|switch|p2a: Gholdengo|Gholdengo, L50|100\/100\n|switch|p2b: Farigiraf|Farigiraf, L50, M|100\/100\n|turn|1\n|\n|t:|1700959950\n|-terastallize|p2b: Farigiraf|Fairy\n|move|p1b: Mimikyu|Shadow Sneak||[still]\n|cant|p2b: Farigiraf|ability: Armor Tail|Shadow Sneak|[of] p1b: Mimikyu\n|move|p1a: Gholdengo|Shadow Ball|p2a: Gholdengo\n|-supereffective|p2a: Gholdengo\n|-damage|p2a: Gholdengo|0 fnt\n|faint|p2a: Gholdengo\n|move|p2b: Farigiraf|Dazzling Gleam|p1b: Mimikyu|[spread] p1a,p1b\n|-resisted|p1a: Gholdengo\n|-damage|p1a: Gholdengo|89\/100\n|-activate|p1b: Mimikyu|ability: Disguise\n|-damage|p1b: Mimikyu|100\/100\n|detailschange|p1b: Mimikyu|Mimikyu-Busted, L50, F\n|-damage|p1b: Mimikyu|88\/100|[from] pokemon: Mimikyu-Busted\n|\n|upkeep\n|\n|t:|1700959964\n|switch|p2a: Pelipper|Pelipper, L50, M|100\/100\n|-weather|RainDance|[from] ability: Drizzle|[of] p2a: Pelipper\n|turn|2\n|\n|t:|1700959980\n|move|p1b: Mimikyu|Shadow Sneak||[still]\n|cant|p2b: Farigiraf|ability: Armor Tail|Shadow Sneak|[of] p1b: Mimikyu\n|move|p1a: Gholdengo|Shadow Ball|p2a: Pelipper\n|-damage|p2a: Pelipper|3\/100\n|move|p2a: Pelipper|Tailwind|p2a: Pelipper\n|-sidestart|p2: EdwinVGC|move: Tailwind\n|move|p2b: Farigiraf|Nasty Plot|p2b: Farigiraf\n|-boost|p2b: Farigiraf|spa|2\n|\n|-weather|RainDance|[upkeep]\n|upkeep\n|turn|3\n|\n|t:|1700959997\n|move|p1b: Mimikyu|Shadow Sneak||[still]\n|cant|p2b: Farigiraf|ability: Armor Tail|Shadow Sneak|[of] p1b: Mimikyu\n|move|p2a: Pelipper|Weather Ball|p1a: Gholdengo\n|-damage|p1a: Gholdengo|28\/100\n|move|p2b: Farigiraf|Nasty Plot|p2b: Farigiraf\n|-boost|p2b: Farigiraf|spa|2\n|move|p1a: Gholdengo|Shadow Ball|p2a: Pelipper\n|-damage|p2a: Pelipper|0 fnt\n|faint|p2a: Pelipper\n|\n|-weather|RainDance|[upkeep]\n|upkeep\n|\n|t:|1700960018\n|switch|p2a: Urshifu|Urshifu-Rapid-Strike, L50, M|100\/100\n|turn|4\n|\n|t:|1700960034\n|move|p1b: Mimikyu|Shadow Sneak||[still]\n|cant|p2b: Farigiraf|ability: Armor Tail|Shadow Sneak|[of] p1b: Mimikyu\n|move|p2a: Urshifu|Surging Strikes|p1b: Mimikyu\n|-crit|p1b: Mimikyu\n|-damage|p1b: Mimikyu|33\/100\n|-crit|p1b: Mimikyu\n|-damage|p1b: Mimikyu|0 fnt\n|faint|p1b: Mimikyu\n|-hitcount|p1: Mimikyu|2\n|move|p2b: Farigiraf|Dazzling Gleam|p1a: Gholdengo\n|-resisted|p1a: Gholdengo\n|-damage|p1a: Gholdengo|0 fnt\n|faint|p1a: Gholdengo\n|\n|-weather|RainDance|[upkeep]\n|upkeep\n|\n|t:|1700960048\n|switch|p1a: Tauros|Tauros-Paldea-Aqua, L50, M|100\/100\n|switch|p1b: Garganacl|Garganacl, L50, M|100\/100\n|-ability|p1a: Tauros|Intimidate|boost\n|-unboost|p2a: Urshifu|atk|1\n|-unboost|p2b: Farigiraf|atk|1\n|turn|5\n|\n|t:|1700960072\n|-terastallize|p1b: Garganacl|Poison\n|move|p2a: Urshifu|Surging Strikes|p1b: Garganacl\n|-crit|p1b: Garganacl\n|-damage|p1b: Garganacl|77\/100\n|-crit|p1b: Garganacl\n|-damage|p1b: Garganacl|53\/100\n|-crit|p1b: Garganacl\n|-damage|p1b: Garganacl|29\/100\n|-hitcount|p1b: Garganacl|3\n|move|p2b: Farigiraf|Dazzling Gleam|p1b: Garganacl|[spread] p1a,p1b\n|-supereffective|p1a: Tauros\n|-resisted|p1b: Garganacl\n|-damage|p1a: Tauros|0 fnt\n|-damage|p1b: Garganacl|7\/100\n|faint|p1a: Tauros\n|move|p1b: Garganacl|Salt Cure|p2a: Urshifu\n|-resisted|p2a: Urshifu\n|-damage|p2a: Urshifu|94\/100\n|-start|p2a: Urshifu|Salt Cure\n|\n|-weather|RainDance|[upkeep]\n|-heal|p1b: Garganacl|13\/100|[from] item: Leftovers\n|-damage|p2a: Urshifu|70\/100|[from] Salt Cure\n|-sideend|p2: EdwinVGC|move: Tailwind\n|upkeep\n|turn|6\n|\n|t:|1700960098\n|move|p2a: Urshifu|Surging Strikes|p1b: Garganacl\n|-crit|p1b: Garganacl\n|-damage|p1b: Garganacl|0 fnt\n|faint|p1b: Garganacl\n|-hitcount|p1: Garganacl|1\n|\n|win|EdwinVGC\n","uploadtime":1700960105,"views":21,"p1id":"king32bit","p2id":"edwinvgc","formatid":"gen9vgc2023regulatione","rating":0,"private":0,"password":""}