{"id":"gen9vgc2023regulatione-1997882164","p1":"Ipeximus","p2":"Peligrosplgs","format":"[Gen 9] VGC 2023 Regulation E","log":"|j|\u2606Ipeximus\n|j|\u2606Peligrosplgs\n|t:|1700863237\n|gametype|doubles\n|player|p1|Ipeximus|1|1184\n|player|p2|Peligrosplgs|1|1152\n|teamsize|p1|6\n|teamsize|p2|6\n|gen|9\n|tier|[Gen 9] VGC 2023 Regulation E\n|rated|\n|rule|Species Clause: Limit one of each Pok\u00e9mon\n|rule|Item Clause: Limit one of each item\n|clearpoke\n|poke|p1|Gholdengo, L50|\n|poke|p1|Arcanine-Hisui, L50, F|\n|poke|p1|Rillaboom, L50, F|\n|poke|p1|Iron Hands, L50|\n|poke|p1|Tornadus, L50, M|\n|poke|p1|Urshifu-*, L50, M|\n|poke|p2|Clefable, L50, M|\n|poke|p2|Iron Hands, L50|\n|poke|p2|Maushold-Four, L50|\n|poke|p2|Sinistcha-Masterpiece, L50|\n|poke|p2|Ogerpon-Hearthflame, L50, F|\n|poke|p2|Arcanine, L50, M|\n|teampreview|4\n|\n|t:|1700863309\n|start\n|switch|p1a: Gholdengo|Gholdengo, L50|100\/100\n|switch|p1b: Tornadus|Tornadus, L50, M|100\/100\n|switch|p2a: Cliff|Clefable, L50, M, shiny|100\/100\n|switch|p2b: Iron Hands|Iron Hands, L50|100\/100\n|turn|1\n|\n|t:|1700863327\n|-terastallize|p1b: Tornadus|Ghost\n|move|p2a: Cliff|Protect|p2a: Cliff\n|-singleturn|p2a: Cliff|Protect\n|move|p1b: Tornadus|Bleakwind Storm|p2a: Cliff|[spread] p2b\n|-activate|p2a: Cliff|move: Protect\n|-damage|p2b: Iron Hands|77\/100\n|move|p1a: Gholdengo|Make It Rain|p2b: Iron Hands|[spread] p2b\n|-activate|p2a: Cliff|move: Protect\n|-resisted|p2b: Iron Hands\n|-damage|p2b: Iron Hands|56\/100\n|-unboost|p1a: Gholdengo|spa|1\n|-damage|p1a: Gholdengo|91\/100|[from] item: Life Orb\n|move|p2b: Iron Hands|Thunder Punch|p1b: Tornadus\n|-damage|p1b: Tornadus|52\/100\n|\n|upkeep\n|turn|2\n|\n|t:|1700863365\n|switch|p2a: Ogerpon|Ogerpon-Hearthflame, L50, F|100\/100\n|-ability|p2a: Ogerpon|Mold Breaker\n|move|p1b: Tornadus|Bleakwind Storm|p2a: Ogerpon|[spread] p2a,p2b\n|-supereffective|p2a: Ogerpon\n|-damage|p2a: Ogerpon|36\/100\n|-damage|p2b: Iron Hands|30\/100\n|move|p1a: Gholdengo|Make It Rain|p2b: Iron Hands|[spread] p2a,p2b\n|-resisted|p2a: Ogerpon\n|-resisted|p2b: Iron Hands\n|-damage|p2a: Ogerpon|18\/100\n|-damage|p2b: Iron Hands|14\/100\n|-unboost|p1a: Gholdengo|spa|1\n|-damage|p1a: Gholdengo|81\/100|[from] item: Life Orb\n|move|p2b: Iron Hands|Thunder Punch|p1a: Gholdengo\n|-damage|p1a: Gholdengo|45\/100\n|\n|upkeep\n|turn|3\n|\n|t:|1700863395\n|switch|p1a: Arcanine|Arcanine-Hisui, L50, F|100\/100\n|-ability|p1a: Arcanine|Intimidate|boost\n|-unboost|p2a: Ogerpon|atk|1\n|-unboost|p2b: Iron Hands|atk|1\n|-end|p2b: Iron Hands|Quark Drive|[silent]\n|switch|p2b: Cliff|Clefable, L50, M, shiny|100\/100\n|-terastallize|p2a: Ogerpon|Fire\n|detailschange|p2a: Ogerpon|Ogerpon-Hearthflame-Tera, L50, F, tera:Fire\n|-ability|p2a: Ogerpon|Embody Aspect (Hearthflame)|boost\n|-boost|p2a: Ogerpon|atk|1\n|move|p2a: Ogerpon|Ivy Cudgel|p1b: Tornadus|[anim] Ivy Cudgel Fire\n|-damage|p1b: Tornadus|0 fnt\n|faint|p1b: Tornadus\n|\n|upkeep\n|\n|t:|1700863422\n|switch|p1b: Urshifu|Urshifu-Rapid-Strike, L50, M|100\/100\n|turn|4\n|\n|t:|1700863443\n|move|p2b: Cliff|Follow Me|p2b: Cliff\n|-singleturn|p2b: Cliff|move: Follow Me\n|move|p1b: Urshifu|U-turn|p2b: Cliff\n|-resisted|p2b: Cliff\n|-damage|p2b: Cliff|88\/100\n|\n|t:|1700863447\n|switch|p1b: Gholdengo|Gholdengo, L50|45\/100|[from] U-turn\n|move|p2a: Ogerpon|Horn Leech|p1b: Gholdengo\n|-resisted|p1b: Gholdengo\n|-damage|p1b: Gholdengo|30\/100\n|-heal|p2a: Ogerpon|26\/100|[from] drain|[of] p1b: Gholdengo\n|move|p1a: Arcanine|Head Smash|p2b: Cliff\n|-damage|p2b: Cliff|0 fnt\n|faint|p2b: Cliff\n|-damage|p1a: Arcanine|55\/100|[from] Recoil\n|\n|upkeep\n|\n|t:|1700863463\n|switch|p2b: Maushold|Maushold-Four, L50, shiny|100\/100\n|turn|5\n|\n|t:|1700863493\n|move|p1b: Gholdengo|Protect|p1b: Gholdengo\n|-singleturn|p1b: Gholdengo|Protect\n|move|p2a: Ogerpon|Ivy Cudgel|p1b: Gholdengo|[anim] Ivy Cudgel Fire\n|-activate|p1b: Gholdengo|move: Protect\n|move|p2b: Maushold|Population Bomb|p1a: Arcanine\n|-resisted|p1a: Arcanine\n|-damage|p1a: Arcanine|49\/100\n|-resisted|p1a: Arcanine\n|-damage|p1a: Arcanine|42\/100\n|-resisted|p1a: Arcanine\n|-damage|p1a: Arcanine|35\/100\n|-resisted|p1a: Arcanine\n|-damage|p1a: Arcanine|28\/100\n|-resisted|p1a: Arcanine\n|-damage|p1a: Arcanine|22\/100\n|-resisted|p1a: Arcanine\n|-damage|p1a: Arcanine|16\/100\n|-resisted|p1a: Arcanine\n|-damage|p1a: Arcanine|8\/100\n|-resisted|p1a: Arcanine\n|-damage|p1a: Arcanine|2\/100\n|-resisted|p1a: Arcanine\n|-crit|p1a: Arcanine\n|-damage|p1a: Arcanine|0 fnt\n|faint|p1a: Arcanine\n|-hitcount|p1: Arcanine|9\n|\n|upkeep\n|\n|t:|1700863514\n|switch|p1a: Urshifu|Urshifu-Rapid-Strike, L50, M|100\/100\n|turn|6\n|\n|t:|1700863532\n|move|p1a: Urshifu|Close Combat|p2b: Maushold\n|-supereffective|p2b: Maushold\n|-crit|p2b: Maushold\n|-damage|p2b: Maushold|0 fnt\n|-unboost|p1a: Urshifu|def|1\n|-unboost|p1a: Urshifu|spd|1\n|faint|p2b: Maushold\n|move|p2a: Ogerpon|Horn Leech|p1a: Urshifu\n|-supereffective|p1a: Urshifu\n|-damage|p1a: Urshifu|0 fnt\n|-heal|p2a: Ogerpon|73\/100|[from] drain|[of] p1a: Urshifu\n|faint|p1a: Urshifu\n|move|p1b: Gholdengo|Nasty Plot|p1b: Gholdengo\n|-boost|p1b: Gholdengo|spa|2\n|\n|upkeep\n|\n|t:|1700863545\n|switch|p2b: Iron Hands|Iron Hands, L50|14\/100\n|turn|7\n|\n|t:|1700863551\n|move|p1b: Gholdengo|Protect|p1b: Gholdengo\n|-singleturn|p1b: Gholdengo|Protect\n|move|p2a: Ogerpon|Ivy Cudgel|p1b: Gholdengo|[anim] Ivy Cudgel Fire\n|-activate|p1b: Gholdengo|move: Protect\n|move|p2b: Iron Hands|Thunder Punch|p1b: Gholdengo\n|-activate|p1b: Gholdengo|move: Protect\n|\n|upkeep\n|turn|8\n|\n|t:|1700863564\n|move|p2a: Ogerpon|Ivy Cudgel|p1b: Gholdengo|[anim] Ivy Cudgel Fire\n|-supereffective|p1b: Gholdengo\n|-crit|p1b: Gholdengo\n|-damage|p1b: Gholdengo|0 fnt\n|faint|p1b: Gholdengo\n|\n|win|Peligrosplgs\n|raw|Ipeximus's rating: 1184 &rarr; <strong>1157<\/strong><br \/>(-27 for losing)\n|raw|Peligrosplgs's rating: 1152 &rarr; <strong>1179<\/strong><br \/>(+27 for winning)\n","uploadtime":1700863571,"views":6,"p1id":"ipeximus","p2id":"peligrosplgs","formatid":"gen9vgc2023regulatione","rating":1157,"private":0,"password":""}