{"id":"gen9vgc2023regulatione-1994430042","p1":"itsneare","p2":"Jadedragon61","format":"[Gen 9] VGC 2023 Regulation E","log":"|j|\u2606itsneare\n|j|\u2606Jadedragon61\n|t:|1700443031\n|gametype|doubles\n|player|p1|itsneare|skyla|1232\n|player|p2|Jadedragon61|colress|1332\n|teamsize|p1|6\n|teamsize|p2|6\n|gen|9\n|tier|[Gen 9] VGC 2023 Regulation E\n|rated|\n|rule|Species Clause: Limit one of each Pok\u00e9mon\n|rule|Item Clause: Limit one of each item\n|clearpoke\n|poke|p1|Rillaboom, L50, F|\n|poke|p1|Chien-Pao, L50|\n|poke|p1|Arcanine-Hisui, L50, F|\n|poke|p1|Urshifu-*, L50, M|\n|poke|p1|Flutter Mane, L50|\n|poke|p1|Tornadus, L50, M|\n|poke|p2|Tyranitar, L50, F|\n|poke|p2|Arcanine-Hisui, L50, F|\n|poke|p2|Rillaboom, L50, M|\n|poke|p2|Kommo-o, L50, F|\n|poke|p2|Iron Bundle, L50|\n|poke|p2|Flutter Mane, L50|\n|teampreview|4\n|\n|t:|1700443080\n|start\n|switch|p1a: Arcanine|Arcanine-Hisui, L50, F|100\/100\n|switch|p1b: Tornadus|Tornadus, L50, M|100\/100\n|switch|p2a: Rock doggo|Arcanine-Hisui, L50, F, shiny|100\/100\n|switch|p2b: Jade dragon|Tyranitar, L50, F|100\/100\n|-ability|p1a: Arcanine|Intimidate|boost\n|-unboost|p2a: Rock doggo|atk|1\n|-unboost|p2b: Jade dragon|atk|1\n|-ability|p2a: Rock doggo|Intimidate|boost\n|-unboost|p1a: Arcanine|atk|1\n|-unboost|p1b: Tornadus|atk|1\n|-weather|Sandstorm|[from] ability: Sand Stream|[of] p2b: Jade dragon\n|turn|1\n|\n|t:|1700443108\n|-terastallize|p1a: Arcanine|Fairy\n|move|p1b: Tornadus|Rain Dance|p1b: Tornadus\n|-weather|RainDance\n|move|p1a: Arcanine|Tera Blast|p2b: Jade dragon|[anim] Tera Blast Fairy\n|-supereffective|p2b: Jade dragon\n|-damage|p2b: Jade dragon|48\/100\n|-damage|p1a: Arcanine|91\/100|[from] item: Life Orb\n|move|p2a: Rock doggo|Rock Slide|p1b: Tornadus|[spread] p1a,p1b\n|-supereffective|p1b: Tornadus\n|-damage|p1a: Arcanine|66\/100\n|-damage|p1b: Tornadus|59\/100\n|move|p2b: Jade dragon|Rock Slide|p1b: Tornadus|[spread] p1b\n|-miss|p2b: Jade dragon|p1a: Arcanine\n|-supereffective|p1b: Tornadus\n|-damage|p1b: Tornadus|13\/100\n|\n|-weather|RainDance|[upkeep]\n|upkeep\n|turn|2\n|inactive|Battle timer is ON: inactive players will automatically lose when time's up. (requested by itsneare)\n|\n|t:|1700443132\n|switch|p1b: Urshifu|Urshifu-Rapid-Strike, L50, M|100\/100\n|move|p1a: Arcanine|Tera Blast|p2b: Jade dragon|[anim] Tera Blast Fairy\n|-supereffective|p2b: Jade dragon\n|-damage|p2b: Jade dragon|0 fnt\n|faint|p2b: Jade dragon\n|-damage|p1a: Arcanine|56\/100|[from] item: Life Orb\n|move|p2a: Rock doggo|Rock Slide|p1b: Urshifu|[spread] p1a,p1b\n|-resisted|p1b: Urshifu\n|-damage|p1a: Arcanine|33\/100\n|-damage|p1b: Urshifu|91\/100\n|\n|-weather|RainDance|[upkeep]\n|upkeep\n|\n|t:|1700443138\n|switch|p2b: Monke|Rillaboom, L50, M|100\/100\n|-fieldstart|move: Grassy Terrain|[from] ability: Grassy Surge|[of] p2b: Monke\n|turn|3\n|\n|t:|1700443165\n|move|p2b: Monke|Fake Out|p1a: Arcanine\n|-damage|p1a: Arcanine|15\/100\n|move|p1b: Urshifu|Surging Strikes|p2a: Rock doggo\n|-supereffective|p2a: Rock doggo\n|-crit|p2a: Rock doggo\n|-damage|p2a: Rock doggo|0 fnt\n|faint|p2a: Rock doggo\n|-hitcount|p2: Rock doggo|1\n|cant|p1a: Arcanine|flinch\n|\n|-weather|RainDance|[upkeep]\n|-heal|p1b: Urshifu|97\/100|[from] Grassy Terrain\n|-heal|p1a: Arcanine|20\/100|[from] Grassy Terrain\n|upkeep\n|\n|t:|1700443170\n|switch|p2a: (Not) jade dragon|Kommo-o, L50, F, shiny|100\/100\n|turn|4\n|inactive|itsneare has 30 seconds left.\n|\n|t:|1700443202\n|switch|p1a: Rillaboom|Rillaboom, L50, F|100\/100\n|move|p1b: Urshifu|Protect|p1b: Urshifu\n|-singleturn|p1b: Urshifu|Protect\n|move|p2b: Monke|Grassy Glide|p1a: Rillaboom\n|-resisted|p1a: Rillaboom\n|-damage|p1a: Rillaboom|81\/100\n|move|p2a: (Not) jade dragon|Iron Defense|p2a: (Not) jade dragon\n|-boost|p2a: (Not) jade dragon|def|2\n|\n|-weather|RainDance|[upkeep]\n|-heal|p1b: Urshifu|100\/100|[from] Grassy Terrain\n|-heal|p1a: Rillaboom|86\/100|[from] Grassy Terrain\n|upkeep\n|turn|5\n|\n|t:|1700443224\n|move|p2a: (Not) jade dragon|Protect|p2a: (Not) jade dragon\n|-singleturn|p2a: (Not) jade dragon|Protect\n|move|p2b: Monke|Protect|p2b: Monke\n|-singleturn|p2b: Monke|Protect\n|move|p1a: Rillaboom|Fake Out|p2b: Monke\n|-activate|p2b: Monke|move: Protect\n|move|p1b: Urshifu|Surging Strikes|p2a: (Not) jade dragon\n|-resisted|p2a: (Not) jade dragon\n|-crit|p2a: (Not) jade dragon\n|-damage|p2a: (Not) jade dragon|87\/100\n|-resisted|p2a: (Not) jade dragon\n|-crit|p2a: (Not) jade dragon\n|-damage|p2a: (Not) jade dragon|75\/100\n|-resisted|p2a: (Not) jade dragon\n|-crit|p2a: (Not) jade dragon\n|-damage|p2a: (Not) jade dragon|62\/100\n|-hitcount|p2a: (Not) jade dragon|3\n|\n|-weather|none\n|-heal|p2a: (Not) jade dragon|68\/100|[from] Grassy Terrain\n|-heal|p2a: (Not) jade dragon|75\/100|[from] item: Leftovers\n|-heal|p1a: Rillaboom|92\/100|[from] Grassy Terrain\n|upkeep\n|turn|6\n|\n|t:|1700443248\n|move|p1b: Urshifu|Close Combat|p2b: Monke\n|-damage|p2b: Monke|39\/100\n|-unboost|p1b: Urshifu|def|1\n|-unboost|p1b: Urshifu|spd|1\n|move|p2a: (Not) jade dragon|Iron Defense|p2a: (Not) jade dragon\n|-boost|p2a: (Not) jade dragon|def|2\n|move|p1a: Rillaboom|Wood Hammer|p2b: Monke\n|-resisted|p2b: Monke\n|-damage|p2b: Monke|0 fnt\n|faint|p2b: Monke\n|-damage|p1a: Rillaboom|80\/100|[from] Recoil\n|\n|-heal|p2a: (Not) jade dragon|81\/100|[from] Grassy Terrain\n|-heal|p2a: (Not) jade dragon|87\/100|[from] item: Leftovers\n|-heal|p1a: Rillaboom|85\/100|[from] Grassy Terrain\n|upkeep\n|turn|7\n|\n|t:|1700443260\n|move|p1b: Urshifu|Surging Strikes|p2a: (Not) jade dragon\n|-resisted|p2a: (Not) jade dragon\n|-crit|p2a: (Not) jade dragon\n|-damage|p2a: (Not) jade dragon|78\/100\n|-resisted|p2a: (Not) jade dragon\n|-crit|p2a: (Not) jade dragon\n|-damage|p2a: (Not) jade dragon|69\/100\n|-resisted|p2a: (Not) jade dragon\n|-crit|p2a: (Not) jade dragon\n|-damage|p2a: (Not) jade dragon|60\/100\n|-hitcount|p2a: (Not) jade dragon|3\n|move|p2a: (Not) jade dragon|Iron Defense|p2a: (Not) jade dragon\n|-boost|p2a: (Not) jade dragon|def|2\n|move|p1a: Rillaboom|Wood Hammer|p2a: (Not) jade dragon\n|-resisted|p2a: (Not) jade dragon\n|-damage|p2a: (Not) jade dragon|54\/100\n|-damage|p1a: Rillaboom|84\/100|[from] Recoil\n|\n|-heal|p2a: (Not) jade dragon|60\/100|[from] Grassy Terrain\n|-heal|p2a: (Not) jade dragon|67\/100|[from] item: Leftovers\n|-heal|p1a: Rillaboom|90\/100|[from] Grassy Terrain\n|-fieldend|move: Grassy Terrain\n|upkeep\n|turn|8\n|\n|t:|1700443281\n|move|p1b: Urshifu|Close Combat|p2a: (Not) jade dragon\n|-damage|p2a: (Not) jade dragon|55\/100\n|-unboost|p1b: Urshifu|def|1\n|-unboost|p1b: Urshifu|spd|1\n|move|p2a: (Not) jade dragon|Body Press|p1b: Urshifu\n|-damage|p1b: Urshifu|0 fnt\n|faint|p1b: Urshifu\n|move|p1a: Rillaboom|Wood Hammer|p2a: (Not) jade dragon\n|-resisted|p2a: (Not) jade dragon\n|-damage|p2a: (Not) jade dragon|49\/100\n|-damage|p1a: Rillaboom|88\/100|[from] Recoil\n|\n|-heal|p2a: (Not) jade dragon|55\/100|[from] item: Leftovers\n|upkeep\n|\n|t:|1700443286\n|switch|p1b: Arcanine|Arcanine-Hisui, L50, F, tera:Fairy|20\/100\n|-ability|p1b: Arcanine|Intimidate|boost\n|-unboost|p2a: (Not) jade dragon|atk|1\n|turn|9\n|\n|t:|1700443297\n|-terastallize|p2a: (Not) jade dragon|Steel\n|move|p1b: Arcanine|Tera Blast|p2a: (Not) jade dragon|[anim] Tera Blast Fairy\n|-resisted|p2a: (Not) jade dragon\n|-damage|p2a: (Not) jade dragon|50\/100\n|-damage|p1b: Arcanine|10\/100|[from] item: Life Orb\n|move|p2a: (Not) jade dragon|Body Press|p1b: Arcanine\n|-resisted|p1b: Arcanine\n|-damage|p1b: Arcanine|0 fnt\n|faint|p1b: Arcanine\n|move|p1a: Rillaboom|Wood Hammer|p2a: (Not) jade dragon\n|-resisted|p2a: (Not) jade dragon\n|-damage|p2a: (Not) jade dragon|45\/100\n|-damage|p1a: Rillaboom|87\/100|[from] Recoil\n|\n|-heal|p2a: (Not) jade dragon|51\/100|[from] item: Leftovers\n|upkeep\n|-message|itsneare forfeited.\n|\n|win|Jadedragon61\n|raw|itsneare's rating: 1232 &rarr; <strong>1214<\/strong><br \/>(-18 for losing)\n|raw|Jadedragon61's rating: 1332 &rarr; <strong>1346<\/strong><br \/>(+14 for winning)\n|l|\u2606itsneare\n","uploadtime":1700443313,"views":4,"p1id":"itsneare","p2id":"jadedragon61","formatid":"gen9vgc2023regulatione","rating":1214,"private":0,"password":""}