{"id":"gen9vgc2023regulatione-1989187979","p1":"Cabobs","p2":"Mr. Memer McMemes","format":"[Gen 9] VGC 2023 Regulation E","log":"|j|\u2606Cabobs\n|j|\u2606Mr. Memer McMemes\n|t:|1699821458\n|gametype|doubles\n|player|p1|Cabobs|ingo|1266\n|player|p2|Mr. Memer McMemes|169|1385\n|teamsize|p1|6\n|teamsize|p2|6\n|gen|9\n|tier|[Gen 9] VGC 2023 Regulation E\n|rated|\n|rule|Species Clause: Limit one of each Pok\u00e9mon\n|rule|Item Clause: Limit one of each item\n|clearpoke\n|poke|p1|Iron Hands, L50|\n|poke|p1|Sinistcha, L50|\n|poke|p1|Landorus-Therian, L50, M|\n|poke|p1|Ogerpon-Wellspring, L50, F|\n|poke|p1|Heatran, L50, M|\n|poke|p1|Chien-Pao, L50|\n|poke|p2|Chi-Yu, L50|\n|poke|p2|Iron Hands, L50|\n|poke|p2|Flutter Mane, L50|\n|poke|p2|Ogerpon-Hearthflame, L50, F|\n|poke|p2|Tornadus, L50, M|\n|poke|p2|Urshifu-*, L50, F|\n|teampreview|4\n|\n|t:|1699821479\n|start\n|switch|p1a: Iron Hands|Iron Hands, L50|100\/100\n|switch|p1b: Landorus|Landorus-Therian, L50, M|100\/100\n|switch|p2a: Flutter Mane|Flutter Mane, L50|100\/100\n|switch|p2b: Chi-Yu|Chi-Yu, L50|100\/100\n|-ability|p1b: Landorus|Intimidate|boost\n|-unboost|p2a: Flutter Mane|atk|1\n|-unboost|p2b: Chi-Yu|atk|1\n|-ability|p2b: Chi-Yu|Beads of Ruin\n|-enditem|p2a: Flutter Mane|Booster Energy\n|-activate|p2a: Flutter Mane|ability: Protosynthesis|[fromitem]\n|-start|p2a: Flutter Mane|protosynthesisspe\n|turn|1\n|\n|t:|1699821501\n|-terastallize|p2b: Chi-Yu|Ghost\n|-terastallize|p1a: Iron Hands|Fire\n|move|p2a: Flutter Mane|Icy Wind|p1b: Landorus|[spread] p1b\n|-miss|p2a: Flutter Mane|p1a: Iron Hands\n|-supereffective|p1b: Landorus\n|-damage|p1b: Landorus|14\/100\n|-unboost|p1b: Landorus|spe|1\n|move|p2b: Chi-Yu|Heat Wave|p1b: Landorus|[spread] p1a,p1b\n|-resisted|p1a: Iron Hands\n|-damage|p1a: Iron Hands|86\/100\n|-damage|p1b: Landorus|0 fnt\n|faint|p1b: Landorus\n|-damage|p2b: Chi-Yu|91\/100|[from] item: Life Orb\n|move|p1a: Iron Hands|Heavy Slam|p2a: Flutter Mane\n|-supereffective|p2a: Flutter Mane\n|-damage|p2a: Flutter Mane|0 fnt\n|faint|p2a: Flutter Mane\n|-end|p2a: Flutter Mane|Protosynthesis|[silent]\n|\n|upkeep\n|\n|t:|1699821517\n|switch|p2a: Iron Hands|Iron Hands, L50|100\/100\n|switch|p1b: Heatran|Heatran, L50, M|100\/100\n|turn|2\n|\n|t:|1699821535\n|move|p2a: Iron Hands|Fake Out|p1a: Iron Hands\n|-damage|p1a: Iron Hands|76\/100\n|move|p2b: Chi-Yu|Dark Pulse|p1a: Iron Hands\n|-damage|p1a: Iron Hands|43\/100\n|-damage|p2b: Chi-Yu|82\/100|[from] item: Life Orb\n|move|p1b: Heatran|Heat Wave|p2b: Chi-Yu|[spread] p2b\n|-miss|p1b: Heatran|p2a: Iron Hands\n|-damage|p2b: Chi-Yu|41\/100\n|cant|p1a: Iron Hands|flinch\n|\n|upkeep\n|turn|3\n|\n|t:|1699821556\n|-end|p1a: Iron Hands|Quark Drive|[silent]\n|switch|p1a: Ogerpon|Ogerpon-Wellspring, L50, F|100\/100\n|move|p2b: Chi-Yu|Dark Pulse|p1a: Ogerpon\n|-damage|p1a: Ogerpon|36\/100\n|-damage|p2b: Chi-Yu|31\/100|[from] item: Life Orb\n|move|p1b: Heatran|Heat Wave|p2a: Iron Hands|[spread] p2a,p2b\n|-damage|p2a: Iron Hands|68\/100\n|-damage|p2b: Chi-Yu|0 fnt\n|faint|p2b: Chi-Yu\n|move|p2a: Iron Hands|Drain Punch|p1a: Ogerpon\n|-damage|p1a: Ogerpon|0 fnt\n|-heal|p2a: Iron Hands|82\/100|[from] drain|[of] p1a: Ogerpon\n|faint|p1a: Ogerpon\n|\n|upkeep\n|\n|t:|1699821569\n|switch|p2b: Ogerpon|Ogerpon-Hearthflame, L50, F|100\/100\n|switch|p1a: Iron Hands|Iron Hands, L50, tera:Fire|43\/100\n|-ability|p2b: Ogerpon|Mold Breaker\n|turn|4\n|\n|t:|1699821592\n|move|p2b: Ogerpon|Spiky Shield|p2b: Ogerpon\n|-singleturn|p2b: Ogerpon|move: Protect\n|move|p1b: Heatran|Earth Power|p2b: Ogerpon\n|-activate|p2b: Ogerpon|move: Protect\n|move|p2a: Iron Hands|Drain Punch|p1b: Heatran\n|-supereffective|p1b: Heatran\n|-damage|p1b: Heatran|30\/100\n|-heal|p2a: Iron Hands|100\/100|[from] drain|[of] p1b: Heatran\n|move|p1a: Iron Hands|Drain Punch|p2a: Iron Hands\n|-damage|p2a: Iron Hands|69\/100\n|-heal|p1a: Iron Hands|59\/100|[from] drain|[of] p2a: Iron Hands\n|\n|-heal|p1b: Heatran|36\/100|[from] item: Leftovers\n|upkeep\n|turn|5\n|\n|t:|1699821619\n|move|p2b: Ogerpon|Ivy Cudgel|p1b: Heatran\n|-damage|p1b: Heatran|0 fnt\n|faint|p1b: Heatran\n|move|p2a: Iron Hands|Drain Punch|p1a: Iron Hands\n|-damage|p1a: Iron Hands|28\/100\n|-heal|p2a: Iron Hands|85\/100|[from] drain|[of] p1a: Iron Hands\n|move|p1a: Iron Hands|Drain Punch|p2a: Iron Hands\n|-damage|p2a: Iron Hands|57\/100\n|-heal|p1a: Iron Hands|42\/100|[from] drain|[of] p2a: Iron Hands\n|\n|upkeep\n|turn|6\n|-message|Cabobs forfeited.\n|\n|win|Mr. Memer McMemes\n|raw|Cabobs's rating: 1266 &rarr; <strong>1249<\/strong><br \/>(-17 for losing)\n|raw|Mr. Memer McMemes's rating: 1385 &rarr; <strong>1398<\/strong><br \/>(+13 for winning)\n|l|\u2606Cabobs\n","uploadtime":1699821637,"views":84,"p1id":"cabobs","p2id":"mrmemermcmemes","formatid":"gen9vgc2023regulatione","rating":1249,"private":0,"password":""}