{"id":"gen9vgc2023regulatione-1993438022","p1":"PeekayW","p2":"bigpoppalololol","format":"[Gen 9] VGC 2023 Regulation E","log":"|j|\u2606PeekayW\n|j|\u2606bigpoppalololol\n|t:|1700317897\n|gametype|doubles\n|player|p1|PeekayW|101|1347\n|player|p2|bigpoppalololol|1|1299\n|teamsize|p1|6\n|teamsize|p2|6\n|gen|9\n|tier|[Gen 9] VGC 2023 Regulation E\n|rated|\n|rule|Species Clause: Limit one of each Pok\u00e9mon\n|rule|Item Clause: Limit one of each item\n|clearpoke\n|poke|p1|Gholdengo, L50|\n|poke|p1|Iron Hands, L50|\n|poke|p1|Amoonguss, L50, F|\n|poke|p1|Roaring Moon, L50|\n|poke|p1|Urshifu-*, L50, F|\n|poke|p1|Landorus-Therian, L50, M|\n|poke|p2|Flutter Mane, L50|\n|poke|p2|Chien-Pao, L50|\n|poke|p2|Tornadus, L50, M|\n|poke|p2|Rillaboom, L50, M|\n|poke|p2|Urshifu-*, L50, M|\n|poke|p2|Arcanine-Hisui, L50, M|\n|teampreview|4\n|inactive|Battle timer is ON: inactive players will automatically lose when time's up. (requested by PeekayW)\n|\n|t:|1700317958\n|start\n|switch|p1a: Roaring Moon|Roaring Moon, L50|100\/100\n|switch|p1b: Iron Hands|Iron Hands, L50|100\/100\n|switch|p2a: Arcanine-XVI|Arcanine-Hisui, L50, M|100\/100\n|switch|p2b: Valeripsilon|Flutter Mane, L50|100\/100\n|-ability|p2a: Arcanine-XVI|Intimidate|boost\n|-unboost|p1a: Roaring Moon|atk|1\n|-unboost|p1b: Iron Hands|atk|1\n|-enditem|p2b: Valeripsilon|Booster Energy\n|-activate|p2b: Valeripsilon|ability: Protosynthesis|[fromitem]\n|-start|p2b: Valeripsilon|protosynthesisspa\n|-enditem|p1a: Roaring Moon|Booster Energy\n|-activate|p1a: Roaring Moon|ability: Protosynthesis|[fromitem]\n|-start|p1a: Roaring Moon|protosynthesisspe\n|turn|1\n|\n|t:|1700317981\n|move|p1a: Roaring Moon|Protect|p1a: Roaring Moon\n|-singleturn|p1a: Roaring Moon|Protect\n|move|p2b: Valeripsilon|Protect|p2b: Valeripsilon\n|-singleturn|p2b: Valeripsilon|Protect\n|move|p2a: Arcanine-XVI|Wild Charge|p1a: Roaring Moon\n|-activate|p1a: Roaring Moon|move: Protect\n|move|p1b: Iron Hands|Heavy Slam|p2b: Valeripsilon\n|-activate|p2b: Valeripsilon|move: Protect\n|\n|upkeep\n|turn|2\n|inactive|PeekayW has 30 seconds left.\n|\n|t:|1700318015\n|switch|p2a: CEO|Tornadus, L50, M|100\/100\n|-terastallize|p1a: Roaring Moon|Poison\n|-terastallize|p2b: Valeripsilon|Fairy\n|move|p1a: Roaring Moon|Tailwind|p1a: Roaring Moon\n|-sidestart|p1: PeekayW|move: Tailwind\n|move|p2b: Valeripsilon|Moonblast|p1b: Iron Hands\n|-supereffective|p1b: Iron Hands\n|-damage|p1b: Iron Hands|7\/100\n|move|p1b: Iron Hands|Drain Punch|p2a: CEO\n|-resisted|p2a: CEO\n|-damage|p2a: CEO|83\/100\n|-heal|p1b: Iron Hands|14\/100|[from] drain|[of] p2a: CEO\n|-damage|p1b: Iron Hands|0 fnt|[from] item: Rocky Helmet|[of] p2a: CEO\n|faint|p1b: Iron Hands\n|-end|p1b: Iron Hands|Quark Drive|[silent]\n|\n|upkeep\n|\n|t:|1700318036\n|switch|p1b: Urshifu|Urshifu-Rapid-Strike, L50, F|100\/100\n|turn|3\n|\n|t:|1700318052\n|move|p2a: CEO|Tailwind|p2a: CEO\n|-sidestart|p2: bigpoppalololol|move: Tailwind\n|move|p1a: Roaring Moon|Knock Off|p2b: Valeripsilon\n|-resisted|p2b: Valeripsilon\n|-damage|p2b: Valeripsilon|84\/100\n|move|p2b: Valeripsilon|Moonblast|p1b: Urshifu\n|-supereffective|p1b: Urshifu\n|-enditem|p1b: Urshifu|Focus Sash\n|-damage|p1b: Urshifu|1\/100\n|move|p1b: Urshifu|Surging Strikes|p2b: Valeripsilon\n|-crit|p2b: Valeripsilon\n|-damage|p2b: Valeripsilon|46\/100\n|-crit|p2b: Valeripsilon\n|-damage|p2b: Valeripsilon|8\/100\n|-crit|p2b: Valeripsilon\n|-damage|p2b: Valeripsilon|0 fnt\n|faint|p2b: Valeripsilon\n|-end|p2b: Valeripsilon|Protosynthesis|[silent]\n|-hitcount|p2: Valeripsilon|3\n|\n|upkeep\n|\n|t:|1700318067\n|switch|p2b: Arcanine-XVI|Arcanine-Hisui, L50, M|100\/100\n|-ability|p2b: Arcanine-XVI|Intimidate|boost\n|-unboost|p1a: Roaring Moon|atk|1\n|-unboost|p1b: Urshifu|atk|1\n|turn|4\n|\n|t:|1700318085\n|switch|p1b: Landorus|Landorus-Therian, L50, M|100\/100\n|-ability|p1b: Landorus|Intimidate|boost\n|-unboost|p2a: CEO|atk|1\n|-unboost|p2b: Arcanine-XVI|atk|1\n|move|p1a: Roaring Moon|Breaking Swipe|p2b: Arcanine-XVI|[spread] p2a,p2b\n|-damage|p2a: CEO|69\/100\n|-damage|p2b: Arcanine-XVI|90\/100\n|-unboost|p2a: CEO|atk|1\n|-unboost|p2b: Arcanine-XVI|atk|1\n|-damage|p1a: Roaring Moon|84\/100|[from] item: Rocky Helmet|[of] p2a: CEO\n|move|p2a: CEO|Bleakwind Storm|p1b: Landorus|[spread] p1a,p1b\n|-damage|p1a: Roaring Moon|56\/100\n|-damage|p1b: Landorus|60\/100\n|-unboost|p1a: Roaring Moon|spe|1\n|move|p2b: Arcanine-XVI|Flare Blitz|p1a: Roaring Moon\n|-damage|p1a: Roaring Moon|10\/100\n|-damage|p2b: Arcanine-XVI|74\/100|[from] Recoil\n|\n|upkeep\n|turn|5\n|inactive|bigpoppalololol has 30 seconds left.\n|\n|t:|1700318111\n|move|p1a: Roaring Moon|Protect|p1a: Roaring Moon\n|-singleturn|p1a: Roaring Moon|Protect\n|move|p1b: Landorus|Rock Slide|p2b: Arcanine-XVI|[spread] p2a,p2b\n|-supereffective|p2a: CEO\n|-supereffective|p2b: Arcanine-XVI\n|-damage|p2a: CEO|18\/100\n|-damage|p2b: Arcanine-XVI|31\/100\n|move|p2a: CEO|Bleakwind Storm|p1a: Roaring Moon|[spread] p1b\n|-activate|p1a: Roaring Moon|move: Protect\n|-damage|p1b: Landorus|24\/100\n|move|p2b: Arcanine-XVI|Flare Blitz|p1b: Landorus\n|-damage|p1b: Landorus|0 fnt\n|faint|p1b: Landorus\n|-damage|p2b: Arcanine-XVI|24\/100|[from] Recoil\n|\n|-sideend|p1: PeekayW|move: Tailwind\n|upkeep\n|\n|t:|1700318129\n|switch|p1b: Urshifu|Urshifu-Rapid-Strike, L50, F|1\/100\n|turn|6\n|\n|t:|1700318138\n|move|p1a: Roaring Moon|Protect|p1a: Roaring Moon\n|-singleturn|p1a: Roaring Moon|Protect\n|move|p1b: Urshifu|Protect|p1b: Urshifu\n|-singleturn|p1b: Urshifu|Protect\n|move|p2a: CEO|Taunt|p1a: Roaring Moon\n|-activate|p1a: Roaring Moon|move: Protect\n|move|p2b: Arcanine-XVI|Flare Blitz|p1a: Roaring Moon\n|-activate|p1a: Roaring Moon|move: Protect\n|\n|-sideend|p2: bigpoppalololol|move: Tailwind\n|upkeep\n|turn|7\n|inactive|PeekayW has 30 seconds left.\n|\n|t:|1700318167\n|switch|p2b: Agent-Pao|Chien-Pao, L50|100\/100\n|-ability|p2b: Agent-Pao|Sword of Ruin\n|move|p2a: CEO|Tailwind|p2a: CEO\n|-sidestart|p2: bigpoppalololol|move: Tailwind\n|move|p1b: Urshifu|Aqua Jet|p2b: Agent-Pao\n|-damage|p2b: Agent-Pao|69\/100\n|move|p1a: Roaring Moon|Knock Off|p2a: CEO\n|-damage|p2a: CEO|0 fnt\n|-damage|p1a: Roaring Moon|0 fnt|[from] item: Rocky Helmet|[of] p2a: CEO\n|faint|p2a: CEO\n|faint|p1a: Roaring Moon\n|-end|p1a: Roaring Moon|Protosynthesis|[silent]\n|\n|upkeep\n|\n|t:|1700318178\n|switch|p2a: Arcanine-XVI|Arcanine-Hisui, L50, M|24\/100\n|-ability|p2a: Arcanine-XVI|Intimidate|boost\n|-unboost|p1b: Urshifu|atk|1\n|turn|8\n|-message|PeekayW forfeited.\n|\n|win|bigpoppalololol\n|raw|PeekayW's rating: 1347 &rarr; <strong>1324<\/strong><br \/>(-23 for losing)\n|raw|bigpoppalololol's rating: 1299 &rarr; <strong>1327<\/strong><br \/>(+28 for winning)\n|l|\u2606PeekayW\n","uploadtime":1700318187,"views":7,"p1id":"peekayw","p2id":"bigpoppalololol","formatid":"gen9vgc2023regulatione","rating":1324,"private":0,"password":""}