{"id":"gen9vgc2023regulatione-1994639782","p1":"Competitive.01","p2":"bigrig420","format":"[Gen 9] VGC 2023 Regulation E","log":"|j|\u2606Competitive.01\n|j|\u2606bigrig420\n|t:|1700473832\n|gametype|doubles\n|player|p1|Competitive.01|dawn-gen4pt|1082\n|player|p2|bigrig420|102|1042\n|teamsize|p1|6\n|teamsize|p2|6\n|gen|9\n|tier|[Gen 9] VGC 2023 Regulation E\n|rated|\n|rule|Species Clause: Limit one of each Pok\u00e9mon\n|rule|Item Clause: Limit one of each item\n|clearpoke\n|poke|p1|Tornadus, L50, M|\n|poke|p1|Arcanine-Hisui, L50, M|\n|poke|p1|Iron Hands, L50|\n|poke|p1|Gholdengo, L50|\n|poke|p1|Urshifu-*, L50, M|\n|poke|p1|Ogerpon-Wellspring, L50, F|\n|poke|p2|Flutter Mane, L50|\n|poke|p2|Sinistcha, L50|\n|poke|p2|Ting-Lu, L50|\n|poke|p2|Ninetales, L50, F|\n|poke|p2|Grimmsnarl, L50, M|\n|poke|p2|Empoleon, L50, F|\n|teampreview|4\n|\n|t:|1700473874\n|start\n|switch|p1a: Tornadus|Tornadus, L50, M|100\/100\n|switch|p1b: Gholdengo|Gholdengo, L50|100\/100\n|switch|p2a: Sinistcha|Sinistcha, L50|100\/100\n|switch|p2b: Grimmsnarl|Grimmsnarl, L50, M|100\/100\n|turn|1\n|\n|t:|1700473891\n|move|p1b: Gholdengo|Protect|p1b: Gholdengo\n|-singleturn|p1b: Gholdengo|Protect\n|move|p2b: Grimmsnarl|Fake Out|p1a: Tornadus\n|-damage|p1a: Tornadus|85\/100\n|move|p1a: Tornadus|Taunt|p2b: Grimmsnarl\n|-hint|Since gen 7, Dark is immune to Prankster moves.\n|-immune|p2b: Grimmsnarl\n|move|p2a: Sinistcha|Trick Room|p2a: Sinistcha\n|-fieldstart|move: Trick Room|[of] p2a: Sinistcha\n|\n|upkeep\n|turn|2\n|\n|t:|1700473920\n|move|p2b: Grimmsnarl|Taunt|p1a: Tornadus\n|-start|p1a: Tornadus|move: Taunt\n|move|p2a: Sinistcha|Shadow Ball|p1b: Gholdengo\n|-supereffective|p1b: Gholdengo\n|-damage|p1b: Gholdengo|0 fnt\n|faint|p1b: Gholdengo\n|-damage|p2a: Sinistcha|91\/100|[from] item: Life Orb\n|move|p1a: Tornadus|Bleakwind Storm|p2a: Sinistcha|[spread] \n|-miss|p1a: Tornadus|p2a: Sinistcha\n|-miss|p1a: Tornadus|p2b: Grimmsnarl\n|\n|upkeep\n|\n|t:|1700473929\n|switch|p1b: Iron Hands|Iron Hands, L50|100\/100\n|turn|3\n|\n|t:|1700473960\n|switch|p2a: Ting-Lu|Ting-Lu, L50|100\/100\n|-ability|p2a: Ting-Lu|Vessel of Ruin\n|move|p2b: Grimmsnarl|Thunder Wave|p1a: Tornadus\n|-status|p1a: Tornadus|par\n|move|p1a: Tornadus|Bleakwind Storm|p2a: Ting-Lu|[spread] p2a\n|-miss|p1a: Tornadus|p2b: Grimmsnarl\n|-damage|p2a: Ting-Lu|84\/100\n|move|p1b: Iron Hands|Heavy Slam|p2b: Grimmsnarl\n|-supereffective|p2b: Grimmsnarl\n|-damage|p2b: Grimmsnarl|2\/100\n|\n|-heal|p2a: Ting-Lu|91\/100|[from] item: Leftovers\n|upkeep\n|turn|4\n|\n|t:|1700473985\n|move|p2a: Ting-Lu|Stomping Tantrum|p1b: Iron Hands\n|-supereffective|p1b: Iron Hands\n|-damage|p1b: Iron Hands|52\/100\n|move|p1a: Tornadus|Bleakwind Storm|p2b: Grimmsnarl|[spread] p2a\n|-miss|p1a: Tornadus|p2b: Grimmsnarl\n|-damage|p2a: Ting-Lu|75\/100\n|move|p1b: Iron Hands|Drain Punch|p2a: Ting-Lu\n|-supereffective|p2a: Ting-Lu\n|-damage|p2a: Ting-Lu|23\/100\n|-heal|p1b: Iron Hands|77\/100|[from] drain|[of] p2a: Ting-Lu\n|move|p2b: Grimmsnarl|Crunch|p1a: Tornadus\n|-damage|p1a: Tornadus|44\/100 par\n|\n|-heal|p2a: Ting-Lu|29\/100|[from] item: Leftovers\n|-end|p1a: Tornadus|move: Taunt\n|upkeep\n|turn|5\n|\n|t:|1700474007\n|move|p2b: Grimmsnarl|Taunt|p1a: Tornadus\n|-start|p1a: Tornadus|move: Taunt\n|move|p2a: Ting-Lu|Stomping Tantrum|p1b: Iron Hands\n|-supereffective|p1b: Iron Hands\n|-damage|p1b: Iron Hands|32\/100\n|move|p1a: Tornadus|Bleakwind Storm|p2a: Ting-Lu|[spread] p2a,p2b\n|-damage|p2a: Ting-Lu|13\/100\n|-damage|p2b: Grimmsnarl|0 fnt\n|-unboost|p2a: Ting-Lu|spe|1\n|faint|p2b: Grimmsnarl\n|move|p1b: Iron Hands|Drain Punch|p2a: Ting-Lu\n|-supereffective|p2a: Ting-Lu\n|-damage|p2a: Ting-Lu|0 fnt\n|-heal|p1b: Iron Hands|38\/100|[from] drain|[of] p2a: Ting-Lu\n|faint|p2a: Ting-Lu\n|\n|-fieldend|move: Trick Room\n|upkeep\n|\n|t:|1700474030\n|switch|p2b: Sinistcha|Sinistcha, L50|91\/100\n|switch|p2a: Empoleon|Empoleon, L50, F|100\/100\n|turn|6\n|\n|t:|1700474069\n|switch|p1a: Ogerpon|Ogerpon-Wellspring, L50, F|100\/100\n|-terastallize|p2a: Empoleon|Flying\n|-terastallize|p1b: Iron Hands|Grass\n|move|p2a: Empoleon|Air Slash|p1b: Iron Hands\n|-supereffective|p1b: Iron Hands\n|-damage|p1b: Iron Hands|5\/100\n|move|p1b: Iron Hands|Drain Punch|p2a: Empoleon\n|-resisted|p2a: Empoleon\n|-damage|p2a: Empoleon|75\/100\n|-heal|p1b: Iron Hands|13\/100|[from] drain|[of] p2a: Empoleon\n|move|p2b: Sinistcha|Trick Room|p2b: Sinistcha\n|-fieldstart|move: Trick Room|[of] p2b: Sinistcha\n|\n|upkeep\n|turn|7\n|\n|t:|1700474108\n|move|p1a: Ogerpon|Follow Me|p1a: Ogerpon\n|-singleturn|p1a: Ogerpon|move: Follow Me\n|move|p1b: Iron Hands|Wild Charge|p2a: Empoleon\n|-supereffective|p2a: Empoleon\n|-damage|p2a: Empoleon|0 fnt\n|faint|p2a: Empoleon\n|-damage|p1b: Iron Hands|1\/100|[from] Recoil\n|move|p2b: Sinistcha|Life Dew|p2b: Sinistcha\n|-heal|p2b: Sinistcha|100\/100\n|\n|upkeep\n|turn|8\n|\n|t:|1700474122\n|move|p1a: Ogerpon|Follow Me|p1a: Ogerpon\n|-singleturn|p1a: Ogerpon|move: Follow Me\n|move|p1b: Iron Hands|Heavy Slam|p2b: Sinistcha\n|-damage|p2b: Sinistcha|59\/100\n|move|p2b: Sinistcha|Matcha Gotcha|p1a: Ogerpon|[spread] p1b\n|-miss|p2b: Sinistcha|p1a: Ogerpon\n|-resisted|p1b: Iron Hands\n|-damage|p1b: Iron Hands|0 fnt\n|-heal|p2b: Sinistcha|59\/100|[from] drain|[of] p1b: Iron Hands\n|faint|p1b: Iron Hands\n|-end|p1b: Iron Hands|Quark Drive|[silent]\n|-damage|p2b: Sinistcha|50\/100|[from] item: Life Orb\n|\n|upkeep\n|\n|t:|1700474138\n|switch|p1b: Tornadus|Tornadus, L50, M|44\/100 par\n|turn|9\n|\n|t:|1700474154\n|cant|p1b: Tornadus|par\n|move|p2b: Sinistcha|Matcha Gotcha|p1a: Ogerpon|[spread] p1a,p1b\n|-resisted|p1b: Tornadus\n|-damage|p1a: Ogerpon|67\/100\n|-heal|p2b: Sinistcha|71\/100|[from] drain|[of] p1a: Ogerpon\n|-damage|p1b: Tornadus|27\/100 par\n|-heal|p2b: Sinistcha|82\/100|[from] drain|[of] p1b: Tornadus\n|-damage|p2b: Sinistcha|72\/100|[from] item: Life Orb\n|move|p1a: Ogerpon|Ivy Cudgel|p2b: Sinistcha|[anim] Ivy Cudgel Water\n|-resisted|p2b: Sinistcha\n|-damage|p2b: Sinistcha|44\/100\n|\n|upkeep\n|turn|10\n|\n|t:|1700474167\n|move|p1b: Tornadus|Rain Dance|p1b: Tornadus\n|-weather|RainDance\n|move|p2b: Sinistcha|Matcha Gotcha|p1b: Tornadus|[spread] p1a,p1b\n|-resisted|p1b: Tornadus\n|-damage|p1a: Ogerpon|31\/100\n|-heal|p2b: Sinistcha|68\/100|[from] drain|[of] p1a: Ogerpon\n|-damage|p1b: Tornadus|8\/100 par\n|-heal|p2b: Sinistcha|80\/100|[from] drain|[of] p1b: Tornadus\n|-status|p1a: Ogerpon|brn\n|-damage|p2b: Sinistcha|70\/100|[from] item: Life Orb\n|move|p1a: Ogerpon|Ivy Cudgel|p2b: Sinistcha|[anim] Ivy Cudgel Water\n|-resisted|p2b: Sinistcha\n|-damage|p2b: Sinistcha|48\/100\n|\n|-weather|RainDance|[upkeep]\n|-damage|p1a: Ogerpon|25\/100 brn|[from] brn\n|-fieldend|move: Trick Room\n|upkeep\n|turn|11\n|\n|t:|1700474197\n|move|p1a: Ogerpon|Ivy Cudgel|p2b: Sinistcha|[anim] Ivy Cudgel Water\n|-resisted|p2b: Sinistcha\n|-damage|p2b: Sinistcha|27\/100\n|move|p2b: Sinistcha|Matcha Gotcha|p1a: Ogerpon|[spread] p1a,p1b\n|-crit|p1a: Ogerpon\n|-resisted|p1b: Tornadus\n|-damage|p1a: Ogerpon|0 fnt\n|-heal|p2b: Sinistcha|42\/100|[from] drain|[of] p1a: Ogerpon\n|-damage|p1b: Tornadus|0 fnt\n|-heal|p2b: Sinistcha|47\/100|[from] drain|[of] p1b: Tornadus\n|faint|p1a: Ogerpon\n|faint|p1b: Tornadus\n|-damage|p2b: Sinistcha|37\/100|[from] item: Life Orb\n|\n|win|bigrig420\n|raw|Competitive.01's rating: 1082 &rarr; <strong>1057<\/strong><br \/>(-25 for losing)\n|raw|bigrig420's rating: 1042 &rarr; <strong>1080<\/strong><br \/>(+38 for winning)\n|c|\u2606bigrig420|gg\n","uploadtime":1700474211,"views":14,"p1id":"competitive01","p2id":"bigrig420","formatid":"gen9vgc2023regulatione","rating":1057,"private":0,"password":""}