{"id":"gen9vgc2023regulatione-1993146497","p1":"LMagician","p2":"Tenken11","format":"[Gen 9] VGC 2023 Regulation E","log":"|j|\u2606LMagician\n|j|\u2606Tenken11\n|n|\u2606LMagician|lmagician\n|n|\u2606Tenken11|tenken11\n|html|View the match progress at <a href=\"\/game-bestof3-gen9vgc2023regulatione-1993143896\">game-bestof3-gen9vgc2023regulatione-1993143896<\/a>\n|t:|1700270358\n|gametype|doubles\n|player|p1|LMagician|steven|\n|player|p2|Tenken11|1|\n|teamsize|p1|6\n|teamsize|p2|6\n|gen|9\n|tier|[Gen 9] VGC 2023 Regulation E\n|rule|Species Clause: Limit one of each Pok\u00e9mon\n|rule|Item Clause: Limit one of each item\n|clearpoke\n|poke|p1|Tornadus, L50, M|\n|poke|p1|Flutter Mane, L50|\n|poke|p1|Landorus-Therian, L50, M|\n|poke|p1|Heatran, L50, M|\n|poke|p1|Roaring Moon, L50|\n|poke|p1|Ogerpon-Wellspring, L50, F|\n|poke|p2|Sinistcha, L50|\n|poke|p2|Moltres-Galar, L50|\n|poke|p2|Grimmsnarl, L50, M|\n|poke|p2|Arcanine-Hisui, L50, M|\n|poke|p2|Milotic, L50, F|\n|poke|p2|Iron Hands, L50|\n|teampreview|4\nLMagician has agreed to open team sheets.\nTenken11 has agreed to open team sheets.\n|showteam|p1|Tornadus||CovertCloak|Prankster|Tailwind,BleakwindStorm,SunnyDay,RainDance|||M|||50|,,,,,Dragon]Flutter Mane||ChoiceSpecs|Protosynthesis|Moonblast,ShadowBall,DazzlingGleam,TrickRoom||||||50|,,,,,Fairy]Landorus-Therian||ChoiceScarf|Intimidate|StompingTantrum,TeraBlast,RockSlide,Uturn|||M|||50|,,,,,Flying]Heatran||LifeOrb|FlashFire|HeatWave,FlashCannon,Protect,EarthPower|||M|||50|,,,,,Grass]Roaring Moon||BoosterEnergy|Protosynthesis|Acrobatics,KnockOff,Protect,DragonDance||||||50|,,,,,Flying]Ogerpon-Wellspring||WellspringMask|WaterAbsorb|IvyCudgel,WoodHammer,SpikyShield,FollowMe|||F|||50|,,,,,Water\n|showteam|p2|Sinistcha||RockyHelmet|Hospitality|MatchaGotcha,RagePowder,LifeDew,TrickRoom||||||50|,,,,,Dragon]Moltres-Galar||SitrusBerry|Berserk|FieryWrath,AirSlash,NastyPlot,Protect||||||50|,,,,,Poison]Grimmsnarl||LightClay|Prankster|LowKick,LightScreen,Reflect,PartingShot|||M|||50|,,,,,Fire]Arcanine-Hisui||ChoiceBand|Intimidate|ExtremeSpeed,RockSlide,FlareBlitz,TeraBlast|||M|||50|,,,,,Fairy]Milotic||WideLens|Competitive|HydroPump,IcyWind,Hypnosis,LifeDew|||F|||50|,,,,,Grass]Iron Hands||AssaultVest|QuarkDrive|DrainPunch,WildCharge,HeavySlam,FakeOut||||||50|,,,,,Water\n|inactive|Battle timer is ON: inactive players will automatically lose when time's up. (requested by Tenken11)\n|j| Tampico11\n|inactive|Tenken11 has 60 seconds left.\n|\n|t:|1700270414\n|start\n|switch|p1a: Flutter Mane|Flutter Mane, L50|100\/100\n|switch|p1b: Landorus|Landorus-Therian, L50, M|100\/100\n|switch|p2a: Iron Hands|Iron Hands, L50|100\/100\n|switch|p2b: Grimmsnarl|Grimmsnarl, L50, M, shiny|100\/100\n|-ability|p1b: Landorus|Intimidate|boost\n|-unboost|p2a: Iron Hands|atk|1\n|-unboost|p2b: Grimmsnarl|atk|1\n|turn|1\n|inactive|LMagician has 30 seconds left.\n|\n|t:|1700270441\n|move|p2b: Grimmsnarl|Light Screen|p2b: Grimmsnarl\n|-sidestart|p2: Tenken11|move: Light Screen\n|move|p1b: Landorus|Stomping Tantrum|p2b: Grimmsnarl\n|-damage|p2b: Grimmsnarl|66\/100\n|move|p1a: Flutter Mane|Dazzling Gleam|p2b: Grimmsnarl|[spread] p2a,p2b\n|-supereffective|p2a: Iron Hands\n|-supereffective|p2b: Grimmsnarl\n|-damage|p2a: Iron Hands|69\/100\n|-damage|p2b: Grimmsnarl|11\/100\n|move|p2a: Iron Hands|Heavy Slam|p1a: Flutter Mane\n|-supereffective|p1a: Flutter Mane\n|-damage|p1a: Flutter Mane|4\/100\n|\n|upkeep\n|turn|2\n|inactive|Tenken11 has 30 seconds left.\n|inactive|Tenken11 has 20 seconds left.\n|inactive|Tenken11 has 15 seconds left.\n|inactive|Tenken11 has 10 seconds left.\n|\n|t:|1700270489\n|-end|p1a: Flutter Mane|Protosynthesis|[silent]\n|switch|p1a: Ogerpon|Ogerpon-Wellspring, L50, F|100\/100\n|-end|p2a: Iron Hands|Quark Drive|[silent]\n|switch|p2a: Milotic|Milotic, L50, F|100\/100\n|move|p2b: Grimmsnarl|Reflect|p2b: Grimmsnarl\n|-sidestart|p2: Tenken11|Reflect\n|move|p1b: Landorus|Stomping Tantrum|p2a: Milotic\n|-damage|p2a: Milotic|68\/100\n|\n|upkeep\n|turn|3\n|inactive|LMagician has 30 seconds left.\n|\n|t:|1700270515\n|switch|p1b: Roaring Moon|Roaring Moon, L50|100\/100\n|-enditem|p1b: Roaring Moon|Booster Energy\n|-activate|p1b: Roaring Moon|ability: Protosynthesis|[fromitem]\n|-start|p1b: Roaring Moon|protosynthesisatk\n|-terastallize|p2a: Milotic|Grass\n|move|p2b: Grimmsnarl|Parting Shot|p1a: Ogerpon\n|-unboost|p1a: Ogerpon|atk|1\n|-unboost|p1a: Ogerpon|spa|1\n|\n|t:|1700270525\n|switch|p2b: Iron Hands|Iron Hands, L50|69\/100|[from] Parting Shot\n|move|p1a: Ogerpon|Ivy Cudgel|p2b: Iron Hands|[anim] Ivy Cudgel Water\n|-damage|p2b: Iron Hands|50\/100\n|move|p2a: Milotic|Icy Wind|p1a: Ogerpon|[spread] p1a,p1b\n|-supereffective|p1b: Roaring Moon\n|-damage|p1a: Ogerpon|89\/100\n|-damage|p1b: Roaring Moon|81\/100\n|-unboost|p1a: Ogerpon|spe|1\n|-unboost|p1b: Roaring Moon|spe|1\n|\n|upkeep\n|turn|4\n|j| FenrirZzz\n|inactive|LMagician has 30 seconds left.\n|inactive|LMagician has 20 seconds left.\n|inactive|LMagician has 15 seconds left.\n|inactive|LMagician has 10 seconds left.\n|\n|t:|1700270573\n|move|p1b: Roaring Moon|Protect|p1b: Roaring Moon\n|-singleturn|p1b: Roaring Moon|Protect\n|move|p2b: Iron Hands|Fake Out|p1a: Ogerpon\n|-damage|p1a: Ogerpon|73\/100\n|move|p2a: Milotic|Life Dew|p2a: Milotic|[spread] p2a,p2b\n|-heal|p2a: Milotic|93\/100\n|-heal|p2b: Iron Hands|75\/100\n|cant|p1a: Ogerpon|flinch\n|\n|upkeep\n|turn|5\n|\n|t:|1700270595\n|-terastallize|p1b: Roaring Moon|Flying\n|move|p2a: Milotic|Icy Wind|p1b: Roaring Moon|[spread] p1a,p1b\n|-supereffective|p1b: Roaring Moon\n|-damage|p1a: Ogerpon|61\/100\n|-damage|p1b: Roaring Moon|62\/100\n|-unboost|p1a: Ogerpon|spe|1\n|-unboost|p1b: Roaring Moon|spe|1\n|move|p1b: Roaring Moon|Acrobatics|p2a: Milotic\n|-supereffective|p2a: Milotic\n|-damage|p2a: Milotic|0 fnt\n|faint|p2a: Milotic\n|move|p2b: Iron Hands|Drain Punch|p1b: Roaring Moon\n|-resisted|p1b: Roaring Moon\n|-damage|p1b: Roaring Moon|36\/100\n|-heal|p2b: Iron Hands|86\/100|[from] drain|[of] p1b: Roaring Moon\n|move|p1a: Ogerpon|Ivy Cudgel|p2b: Iron Hands|[anim] Ivy Cudgel Water\n|-damage|p2b: Iron Hands|69\/100\n|\n|upkeep\n|\n|t:|1700270611\n|switch|p2a: Moltres|Moltres-Galar, L50|100\/100\n|turn|6\n|\n|t:|1700270632\n|switch|p1a: Landorus|Landorus-Therian, L50, M|100\/100\n|-ability|p1a: Landorus|Intimidate|boost\n|-unboost|p2a: Moltres|atk|1\n|-unboost|p2b: Iron Hands|atk|1\n|move|p2a: Moltres|Fiery Wrath|p1b: Roaring Moon|[spread] p1a,p1b\n|-damage|p1a: Landorus|66\/100\n|-damage|p1b: Roaring Moon|4\/100\n|move|p1b: Roaring Moon|Acrobatics|p2b: Iron Hands\n|-damage|p2b: Iron Hands|34\/100\n|move|p2b: Iron Hands|Wild Charge|p1b: Roaring Moon\n|-supereffective|p1b: Roaring Moon\n|-damage|p1b: Roaring Moon|0 fnt\n|faint|p1b: Roaring Moon\n|-end|p1b: Roaring Moon|Protosynthesis|[silent]\n|-damage|p2b: Iron Hands|34\/100|[from] Recoil\n|\n|upkeep\n|\n|t:|1700270654\n|switch|p1b: Flutter Mane|Flutter Mane, L50|4\/100\n|turn|7\n|\n|t:|1700270676\n|-end|p2b: Iron Hands|Quark Drive|[silent]\n|switch|p2b: Grimmsnarl|Grimmsnarl, L50, M, shiny|11\/100\n|move|p2a: Moltres|Protect|p2a: Moltres\n|-singleturn|p2a: Moltres|Protect\n|move|p1a: Landorus|Stomping Tantrum|p2b: Grimmsnarl\n|-damage|p2b: Grimmsnarl|0 fnt\n|faint|p2b: Grimmsnarl\n|move|p1b: Flutter Mane|Dazzling Gleam|p2a: Moltres\n|-activate|p2a: Moltres|move: Protect\n|\n|upkeep\n|\n|t:|1700270685\n|switch|p2b: Iron Hands|Iron Hands, L50|34\/100\n|turn|8\n|inactive|LMagician has 30 seconds left.\n|\n|t:|1700270715\n|-end|p1b: Flutter Mane|Protosynthesis|[silent]\n|switch|p1b: Ogerpon|Ogerpon-Wellspring, L50, F|61\/100\n|move|p2b: Iron Hands|Fake Out|p1a: Landorus\n|-crit|p1a: Landorus\n|-damage|p1a: Landorus|39\/100\n|cant|p1a: Landorus|flinch\n|move|p2a: Moltres|Fiery Wrath|p1a: Landorus|[spread] p1a,p1b\n|-damage|p1a: Landorus|3\/100\n|-damage|p1b: Ogerpon|27\/100\n|\n|-sideend|p2: Tenken11|move: Light Screen\n|upkeep\n|turn|9\n|\n|t:|1700270740\n|move|p1b: Ogerpon|Spiky Shield|p1b: Ogerpon\n|-singleturn|p1b: Ogerpon|move: Protect\n|move|p1a: Landorus|Stomping Tantrum|p2b: Iron Hands\n|-supereffective|p2b: Iron Hands\n|-damage|p2b: Iron Hands|0 fnt\n|faint|p2b: Iron Hands\n|-end|p2b: Iron Hands|Quark Drive|[silent]\n|move|p2a: Moltres|Fiery Wrath|p1a: Landorus|[spread] p1a\n|-activate|p1b: Ogerpon|move: Protect\n|-damage|p1a: Landorus|0 fnt\n|faint|p1a: Landorus\n|\n|-sideend|p2: Tenken11|Reflect\n|upkeep\n|\n|t:|1700270751\n|switch|p1a: Flutter Mane|Flutter Mane, L50|4\/100\n|turn|10\n|\n|t:|1700270759\n|move|p1a: Flutter Mane|Moonblast|p2a: Moltres\n|-supereffective|p2a: Moltres\n|-damage|p2a: Moltres|0 fnt\n|faint|p2a: Moltres\n|\n|win|LMagician\n|c|&|\/uhtml prompt-tenken11,Tenken11 is ready for game 3!\n|c|&|\/uhtml prompt-lmagician,LMagician is ready for game 3!\nBoth players are ready! Starting next match!\n|l|\u2606Tenken11\n","uploadtime":1700271341,"views":18,"p1id":"lmagician","p2id":"tenken11","formatid":"gen9vgc2023regulatione","rating":0,"private":0,"password":""}