{"id":"gen9vgc2023regulatione-1992998652","p1":"Pard Mafia","p2":"PensiDiFarRidere?","format":"[Gen 9] VGC 2023 Regulation E","log":"|j|\u2606Pard Mafia\n|j|\u2606PensiDiFarRidere?\n|n|\u2606Pard Mafia|pardmafia\n|n|\u2606PensiDiFarRidere?|pensidifarridere\n|html|View the match progress at <a href=\"\/game-bestof3-gen9vgc2023regulatione-1992994517\">game-bestof3-gen9vgc2023regulatione-1992994517<\/a>\n|t:|1700254063\n|gametype|doubles\n|player|p1|Pard Mafia|petrel|\n|player|p2|PensiDiFarRidere?|gardenia|\n|teamsize|p1|6\n|teamsize|p2|6\n|gen|9\n|tier|[Gen 9] VGC 2023 Regulation E\n|rule|Species Clause: Limit one of each Pok\u00e9mon\n|rule|Item Clause: Limit one of each item\n|clearpoke\n|poke|p1|Heatran, L50, M|\n|poke|p1|Tornadus, L50, M|\n|poke|p1|Urshifu-*, L50, F|\n|poke|p1|Iron Hands, L50|\n|poke|p1|Flutter Mane, L50|\n|poke|p1|Landorus-Therian, L50, M|\n|poke|p2|Landorus-Therian, L50, M|\n|poke|p2|Ogerpon-Wellspring, L50, F|\n|poke|p2|Chien-Pao, L50|\n|poke|p2|Flutter Mane, L50|\n|poke|p2|Dragonite, L50, M|\n|poke|p2|Heatran, L50, F|\n|teampreview|4\nPard Mafia has agreed to open team sheets.\nPensiDiFarRidere? has agreed to open team sheets.\n|showteam|p1|Heatran||LifeOrb|FlashFire|HeatWave,EarthPower,FlashCannon,Protect|||M|||50|,,,,,Grass]Tornadus||MentalHerb|Prankster|BleakwindStorm,Tailwind,SunnyDay,Protect|||M|||50|,,,,,Ghost]Urshifu||BlackGlasses|UnseenFist|WickedBlow,CloseCombat,SuckerPunch,Protect|||F|||50|,,,,,Poison]Iron Hands||AssaultVest|QuarkDrive|FakeOut,DrainPunch,WildCharge,HeavySlam||||||50|,,,,,Electric]Flutter Mane||ChoiceSpecs|Protosynthesis|Moonblast,DazzlingGleam,ShadowBall,Taunt||||||50|,,,,,Fairy]Landorus-Therian||ChoiceBand|Intimidate|Earthquake,Uturn,RockSlide,StompingTantrum|||M|||50|,,,,,Water\n|showteam|p2|Landorus-Therian||ChoiceScarf|Intimidate|TeraBlast,Uturn,RockSlide,StompingTantrum|||M|||50|,,,,,Flying]Ogerpon-Wellspring||WellspringMask|WaterAbsorb|FollowMe,IvyCudgel,HornLeech,SpikyShield|||F|||50|,,,,,Water]Chien-Pao||FocusSash|SwordofRuin|IceSpinner,SuckerPunch,SacredSword,Protect||||||50|,,,,,Ghost]Flutter Mane||BoosterEnergy|Protosynthesis|DazzlingGleam,Moonblast,Taunt,Protect||||||50|,,,,,Fairy]Dragonite||ChoiceBand|InnerFocus|ExtremeSpeed,StompingTantrum,AerialAce,Outrage|||M|||50|,,,,,Normal]Heatran||AssaultVest|FlashFire|HeatWave,FlashCannon,EarthPower,TeraBlast|||F|||50|,,,,,Fairy\n|j| crudo de fava\n|c|\u2606Pard Mafia|Glhf\n|j| higashi no gab\n|c|\u2606PensiDiFarRidere?|gl hf\n|l| crudo de fava\n|j| crudo de fava\n|\n|t:|1700254146\n|start\n|switch|p1a: Cosa Mia|Tornadus, L50, M|100\/100\n|switch|p1b: Tony|Urshifu, L50, F|100\/100\n|switch|p2a: Landorus|Landorus-Therian, L50, M|100\/100\n|switch|p2b: Heatran|Heatran, L50, F|100\/100\n|-ability|p2a: Landorus|Intimidate|boost\n|-unboost|p1a: Cosa Mia|atk|1\n|-unboost|p1b: Tony|atk|1\n|turn|1\n|l| crudo de fava\n|j| crudo de fava\n|\n|t:|1700254185\n|switch|p2a: Chien-Pao|Chien-Pao, L50|100\/100\n|-ability|p2a: Chien-Pao|Sword of Ruin\n|-terastallize|p2b: Heatran|Fairy\n|move|p1b: Tony|Protect|p1b: Tony\n|-singleturn|p1b: Tony|Protect\n|move|p1a: Cosa Mia|Bleakwind Storm|p2b: Heatran|[spread] p2a,p2b\n|-damage|p2a: Chien-Pao|46\/100\n|-damage|p2b: Heatran|84\/100\n|move|p2b: Heatran|Tera Blast|p1b: Tony|[anim] Tera Blast Fairy\n|-activate|p1b: Tony|move: Protect\n|\n|upkeep\n|turn|2\n|\n|t:|1700254215\n|switch|p2a: Landorus|Landorus-Therian, L50, M|100\/100\n|-ability|p2a: Landorus|Intimidate|boost\n|-unboost|p1a: Cosa Mia|atk|1\n|-unboost|p1b: Tony|atk|1\n|move|p1a: Cosa Mia|Protect|p1a: Cosa Mia\n|-singleturn|p1a: Cosa Mia|Protect\n|move|p1b: Tony|Wicked Blow|p2b: Heatran\n|-resisted|p2b: Heatran\n|-crit|p2b: Heatran\n|-damage|p2b: Heatran|52\/100\n|move|p2b: Heatran|Tera Blast|p1b: Tony|[anim] Tera Blast Fairy\n|-supereffective|p1b: Tony\n|-damage|p1b: Tony|0 fnt\n|faint|p1b: Tony\n|\n|upkeep\n|\n|t:|1700254229\n|switch|p1b: Quasi Amici|Iron Hands, L50|100\/100\n|turn|3\n|j| ryukeivgc\n|\n|t:|1700254246\n|move|p1b: Quasi Amici|Fake Out|p2b: Heatran\n|-damage|p2b: Heatran|39\/100\n|move|p2a: Landorus|Stomping Tantrum|p1b: Quasi Amici\n|-supereffective|p1b: Quasi Amici\n|-damage|p1b: Quasi Amici|42\/100\n|move|p1a: Cosa Mia|Bleakwind Storm|p2a: Landorus|[spread] p2a,p2b\n|-damage|p2a: Landorus|59\/100\n|-damage|p2b: Heatran|22\/100\n|-unboost|p2a: Landorus|spe|1\n|cant|p2b: Heatran|flinch\n|\n|upkeep\n|turn|4\n|\n|t:|1700254273\n|move|p2a: Landorus|Stomping Tantrum|p1b: Quasi Amici\n|-supereffective|p1b: Quasi Amici\n|-crit|p1b: Quasi Amici\n|-damage|p1b: Quasi Amici|0 fnt\n|faint|p1b: Quasi Amici\n|-end|p1b: Quasi Amici|Quark Drive|[silent]\n|move|p1a: Cosa Mia|Bleakwind Storm|p2b: Heatran|[spread] p2b\n|-miss|p1a: Cosa Mia|p2a: Landorus\n|-damage|p2b: Heatran|5\/100\n|move|p2b: Heatran|Heat Wave|p1a: Cosa Mia\n|-damage|p1a: Cosa Mia|50\/100\n|\n|upkeep\n|\n|t:|1700254276\n|switch|p1b: Insta Lova|Flutter Mane, L50, shiny|100\/100\n|turn|5\n|j| stecca\n|\n|t:|1700254329\n|move|p1a: Cosa Mia|Sunny Day|p1a: Cosa Mia\n|-weather|SunnyDay\n|-activate|p1b: Insta Lova|ability: Protosynthesis\n|-start|p1b: Insta Lova|protosynthesisspa\n|move|p1b: Insta Lova|Dazzling Gleam|p2a: Landorus|[spread] p2a,p2b\n|-damage|p2a: Landorus|0 fnt\n|-damage|p2b: Heatran|0 fnt\n|faint|p2a: Landorus\n|faint|p2b: Heatran\n|\n|-weather|SunnyDay|[upkeep]\n|upkeep\n|\n|t:|1700254340\n|switch|p2a: Chien-Pao|Chien-Pao, L50|46\/100\n|switch|p2b: Ogerpon|Ogerpon-Wellspring, L50, F|100\/100\n|-ability|p2a: Chien-Pao|Sword of Ruin\n|turn|6\n|\n|t:|1700254362\n|-terastallize|p1b: Insta Lova|Fairy\n|move|p2a: Chien-Pao|Protect|p2a: Chien-Pao\n|-singleturn|p2a: Chien-Pao|Protect\n|move|p1a: Cosa Mia|Tailwind|p1a: Cosa Mia\n|-sidestart|p1: Pard Mafia|move: Tailwind\n|move|p1b: Insta Lova|Dazzling Gleam|p2b: Ogerpon|[spread] p2b\n|-activate|p2a: Chien-Pao|move: Protect\n|-damage|p2b: Ogerpon|23\/100\n|move|p2b: Ogerpon|Horn Leech|p1b: Insta Lova\n|-damage|p1b: Insta Lova|19\/100\n|-heal|p2b: Ogerpon|59\/100|[from] drain|[of] p1b: Insta Lova\n|\n|-weather|SunnyDay|[upkeep]\n|upkeep\n|turn|7\n|\n|t:|1700254392\n|move|p2b: Ogerpon|Spiky Shield|p2b: Ogerpon\n|-singleturn|p2b: Ogerpon|move: Protect\n|move|p2a: Chien-Pao|Sucker Punch|p1b: Insta Lova\n|-resisted|p1b: Insta Lova\n|-damage|p1b: Insta Lova|0 fnt\n|faint|p1b: Insta Lova\n|-end|p1b: Insta Lova|Protosynthesis|[silent]\n|move|p1a: Cosa Mia|Bleakwind Storm|p2a: Chien-Pao|[spread] \n|-activate|p2b: Ogerpon|move: Protect\n|-miss|p1a: Cosa Mia|p2a: Chien-Pao\n|\n|-weather|SunnyDay|[upkeep]\n|upkeep\n|turn|8\n|c|\u2606Pard Mafia|Ecc\n|\n|t:|1700254408\n|move|p2a: Chien-Pao|Sucker Punch|p1a: Cosa Mia\n|-damage|p1a: Cosa Mia|5\/100\n|move|p1a: Cosa Mia|Bleakwind Storm|p2a: Chien-Pao|[spread] p2a,p2b\n|-supereffective|p2b: Ogerpon\n|-damage|p2a: Chien-Pao|0 fnt\n|-damage|p2b: Ogerpon|0 fnt\n|faint|p2a: Chien-Pao\n|faint|p2b: Ogerpon\n|\n|win|Pard Mafia\n|c|\u2606Pard Mafia|Gg\n|l| stecca\n|c|\u2606PensiDiFarRidere?|gg\n|l|\u2606Pard Mafia\n|j|\u2606Pard Mafia\n|player|p1|Pard Mafia|petrel\n|l|\u2606Pard Mafia\n|player|p1|\n|l| higashi no gab\n|l| ryukeivgc\n|j|\u2606Pard Mafia\n|player|p1|Pard Mafia|petrel\n|l| crudo de fava\n","uploadtime":1700254415,"views":10,"p1id":"pardmafia","p2id":"pensidifarridere","formatid":"gen9vgc2023regulatione","rating":0,"private":0,"password":""}