{"id":"gen9vgc2023regulatione-1993465414","p1":"Kzrjzkz","p2":"Pete8738","format":"[Gen 9] VGC 2023 Regulation E","log":"|j|\u2606Kzrjzkz\n|j|\u2606Pete8738\n|t:|1700321238\n|gametype|doubles\n|player|p1|Kzrjzkz|lance|1158\n|player|p2|Pete8738|101|1217\n|teamsize|p1|6\n|teamsize|p2|6\n|gen|9\n|tier|[Gen 9] VGC 2023 Regulation E\n|rated|\n|rule|Species Clause: Limit one of each Pok\u00e9mon\n|rule|Item Clause: Limit one of each item\n|clearpoke\n|poke|p1|Flutter Mane, L50|\n|poke|p1|Tornadus, L50, M|\n|poke|p1|Rillaboom, L50, M|\n|poke|p1|Garganacl, L50, F|\n|poke|p1|Arcanine-Hisui, L50, M|\n|poke|p1|Chien-Pao, L50|\n|poke|p2|Gholdengo, L50|\n|poke|p2|Amoonguss, L50, M|\n|poke|p2|Roaring Moon, L50|\n|poke|p2|Sinistcha-Masterpiece, L50|\n|poke|p2|Tornadus, L50, M|\n|poke|p2|Iron Bundle, L50|\n|teampreview|4\n|inactive|Battle timer is ON: inactive players will automatically lose when time's up. (requested by Pete8738)\n|inactive|Pete8738 has 60 seconds left.\n|\n|t:|1700321269\n|start\n|switch|p1a: Tornadus|Tornadus, L50, M|100\/100\n|switch|p1b: Garganacl|Garganacl, L50, F|100\/100\n|switch|p2a: Sinistcha|Sinistcha-Masterpiece, L50|100\/100\n|switch|p2b: Iron Bundle|Iron Bundle, L50|100\/100\n|turn|1\n|\n|t:|1700321286\n|-terastallize|p1b: Garganacl|Ghost\n|move|p1a: Tornadus|Taunt|p2a: Sinistcha\n|-start|p2a: Sinistcha|move: Taunt\n|move|p2b: Iron Bundle|Hydro Pump|p1b: Garganacl\n|-damage|p1b: Garganacl|65\/100\n|cant|p2a: Sinistcha|move: Taunt|Nasty Plot\n|move|p1b: Garganacl|Salt Cure|p2b: Iron Bundle\n|-supereffective|p2b: Iron Bundle\n|-damage|p2b: Iron Bundle|64\/100\n|-start|p2b: Iron Bundle|Salt Cure\n|\n|-damage|p2b: Iron Bundle|39\/100|[from] Salt Cure\n|upkeep\n|turn|2\n|\n|t:|1700321303\n|move|p1a: Tornadus|Tailwind|p1a: Tornadus\n|-sidestart|p1: Kzrjzkz|move: Tailwind\n|move|p2b: Iron Bundle|Icy Wind|p1a: Tornadus|[spread] p1a,p1b\n|-supereffective|p1a: Tornadus\n|-damage|p1a: Tornadus|65\/100\n|-damage|p1b: Garganacl|51\/100\n|-unboost|p1a: Tornadus|spe|1\n|-unboost|p1b: Garganacl|spe|1\n|move|p2a: Sinistcha|Shadow Ball|p1b: Garganacl\n|-supereffective|p1b: Garganacl\n|-damage|p1b: Garganacl|30\/100\n|-unboost|p1b: Garganacl|spd|1\n|-enditem|p1b: Garganacl|Sitrus Berry|[eat]\n|-heal|p1b: Garganacl|55\/100|[from] item: Sitrus Berry\n|move|p1b: Garganacl|Iron Defense|p1b: Garganacl\n|-boost|p1b: Garganacl|def|2\n|\n|-damage|p2b: Iron Bundle|15\/100|[from] Salt Cure\n|upkeep\n|turn|3\n|\n|t:|1700321325\n|switch|p1b: Arcanine|Arcanine-Hisui, L50, M|100\/100\n|-ability|p1b: Arcanine|Intimidate|boost\n|-unboost|p2a: Sinistcha|atk|1\n|-unboost|p2b: Iron Bundle|atk|1\n|move|p2b: Iron Bundle|Icy Wind|p1a: Tornadus|[spread] p1a,p1b\n|-supereffective|p1a: Tornadus\n|-resisted|p1b: Arcanine\n|-damage|p1a: Tornadus|33\/100\n|-damage|p1b: Arcanine|88\/100\n|-unboost|p1a: Tornadus|spe|1\n|-unboost|p1b: Arcanine|spe|1\n|move|p1a: Tornadus|Bleakwind Storm|p2a: Sinistcha|[spread] p2a,p2b\n|-supereffective|p2a: Sinistcha\n|-damage|p2a: Sinistcha|34\/100\n|-damage|p2b: Iron Bundle|0 fnt\n|-unboost|p2a: Sinistcha|spe|1\n|-enditem|p2a: Sinistcha|Sitrus Berry|[eat]\n|-heal|p2a: Sinistcha|58\/100|[from] item: Sitrus Berry\n|faint|p2b: Iron Bundle\n|-end|p2b: Iron Bundle|Quark Drive|[silent]\n|move|p2a: Sinistcha|Shadow Ball|p1b: Arcanine\n|-damage|p1b: Arcanine|44\/100\n|\n|-end|p2a: Sinistcha|move: Taunt\n|upkeep\n|\n|t:|1700321331\n|switch|p2b: Gholdengo|Gholdengo, L50|100\/100\n|turn|4\n|\n|t:|1700321343\n|switch|p2a: Amoonguss|Amoonguss, L50, M|100\/100\n|move|p1a: Tornadus|Taunt|p2a: Amoonguss\n|-start|p2a: Amoonguss|move: Taunt\n|move|p1b: Arcanine|Flare Blitz|p2b: Gholdengo\n|-supereffective|p2b: Gholdengo\n|-damage|p2b: Gholdengo|0 fnt\n|faint|p2b: Gholdengo\n|-damage|p1b: Arcanine|12\/100|[from] Recoil\n|\n|upkeep\n|\n|t:|1700321353\n|switch|p2b: Sinistcha|Sinistcha-Masterpiece, L50|58\/100\n|turn|5\n|\n|t:|1700321360\n|move|p1a: Tornadus|Taunt|p2b: Sinistcha\n|-start|p2b: Sinistcha|move: Taunt\n|move|p1b: Arcanine|Flare Blitz|p2b: Sinistcha\n|-supereffective|p2b: Sinistcha\n|-damage|p2b: Sinistcha|0 fnt\n|faint|p2b: Sinistcha\n|-damage|p1b: Arcanine|0 fnt|[from] Recoil\n|faint|p1b: Arcanine\n|move|p2a: Amoonguss|Pollen Puff|p2: Sinistcha|[notarget]\n|-fail|p2a: Amoonguss\n|\n|-sideend|p1: Kzrjzkz|move: Tailwind\n|upkeep\n|\n|t:|1700321365\n|switch|p1b: Garganacl|Garganacl, L50, F, tera:Ghost|55\/100\n|turn|6\n|-message|Pete8738 forfeited.\n|\n|win|Kzrjzkz\n|raw|Kzrjzkz's rating: 1178 &rarr; <strong>1206<\/strong><br \/>(+28 for winning)\n|raw|Pete8738's rating: 1217 &rarr; <strong>1189<\/strong><br \/>(-28 for losing)\n|l|\u2606Pete8738\n","uploadtime":1700321369,"views":8,"p1id":"kzrjzkz","p2id":"pete8738","formatid":"gen9vgc2023regulatione","rating":1189,"private":0,"password":""}