{"id":"gen9vgc2023regulatione-1988148142","p1":"LasermanZ11","p2":"Monkima","format":"[Gen 9] VGC 2023 Regulation E","log":"|j|\u2606LasermanZ11\n|j|\u2606Monkima\n|n|\u2606LasermanZ11|lasermanz11\n|n|\u2606Monkima|monkima\n|html|View the match progress at <a href=\"\/game-bestof3-gen9vgc2023regulatione-1988142907\">game-bestof3-gen9vgc2023regulatione-1988142907<\/a>\n|t:|1699675701\n|gametype|doubles\n|player|p1|LasermanZ11|ash|\n|player|p2|Monkima|170|\n|teamsize|p1|6\n|teamsize|p2|6\n|gen|9\n|tier|[Gen 9] VGC 2023 Regulation E\n|rated|Tournament battle\n|rule|Species Clause: Limit one of each Pok\u00e9mon\n|rule|Item Clause: Limit one of each item\n|clearpoke\n|poke|p1|Mamoswine, L50, M|\n|poke|p1|Roaring Moon, L50|\n|poke|p1|Heatran, L50, M|\n|poke|p1|Flutter Mane, L50|\n|poke|p1|Rillaboom, L50, M|\n|poke|p1|Gyarados, L50, M|\n|poke|p2|Cresselia, L50, F|\n|poke|p2|Ursaluna-Bloodmoon, L50, M|\n|poke|p2|Iron Hands, L50|\n|poke|p2|Ogerpon-Wellspring, L50, F|\n|poke|p2|Arcanine-Hisui, L50, M|\n|poke|p2|Flutter Mane, L50|\n|teampreview|4\n|showteam|p1|Mamoswine||ExpertBelt|Oblivious|IceShard,HighHorsepower,IcicleCrash,Protect|||M|||50|,,,,,Dragon]Roaring Moon||BoosterEnergy|Protosynthesis|Acrobatics,KnockOff,Protect,Tailwind||||||50|,,,,,Flying]Heatran||LifeOrb|FlashFire|HeatWave,FlashCannon,EarthPower,Protect|||M|||50|,,,,,Fairy]Flutter Mane||ChoiceSpecs|Protosynthesis|ShadowBall,Moonblast,DazzlingGleam,Thunderbolt||||||50|,,,,,Fairy]Rillaboom||AssaultVest|GrassySurge|FakeOut,GrassyGlide,Uturn,DrumBeating|||M|||50|,,,,,Water]Gyarados||SafetyGoggles|Intimidate|Waterfall,Taunt,Protect,ThunderWave|||M|||50|,,,,,Steel\n|showteam|p2|Cresselia||MentalHerb|Levitate|Psychic,HelpingHand,LunarBlessing,TrickRoom|||F|||50|,,,,,Fire]Ursaluna-Bloodmoon||ThroatSpray|MindsEye|BloodMoon,EarthPower,HyperVoice,Protect|||M|||50|,,,,,Grass]Iron Hands||AssaultVest|QuarkDrive|FakeOut,DrainPunch,WildCharge,HeavySlam||||||50|,,,,,Fire]Ogerpon-Wellspring||WellspringMask|WaterAbsorb|IvyCudgel,FollowMe,HornLeech,SpikyShield|||F|||50|,,,,,Water]Arcanine-Hisui||SitrusBerry|Intimidate|RockSlide,FlareBlitz,ExtremeSpeed,Protect|||M|||50|,,,,,Grass]Flutter Mane||BoosterEnergy|Protosynthesis|Moonblast,ShadowBall,DazzlingGleam,Protect||||||50|,,,,,Fairy\n|j| MasterofMetapods5\n|j| Luke111192\n|\n|t:|1699675778\n|start\n|switch|p1a: Rillaboom|Rillaboom, L50, M|100\/100\n|switch|p1b: Mamoswine|Mamoswine, L50, M|100\/100\n|switch|p2a: Cresselia|Cresselia, L50, F|100\/100\n|switch|p2b: Ursaluna|Ursaluna-Bloodmoon, L50, M|100\/100\n|-fieldstart|move: Grassy Terrain|[from] ability: Grassy Surge|[of] p1a: Rillaboom\n|turn|1\n|j|#DaWoblefet\n|\n|t:|1699675801\n|move|p2b: Ursaluna|Protect|p2b: Ursaluna\n|-singleturn|p2b: Ursaluna|Protect\n|move|p1a: Rillaboom|Fake Out|p2a: Cresselia\n|-damage|p2a: Cresselia|91\/100\n|move|p1b: Mamoswine|Icicle Crash|p2b: Ursaluna\n|-activate|p2b: Ursaluna|move: Protect\n|cant|p2a: Cresselia|flinch\n|\n|upkeep\n|turn|2\n|\n|t:|1699675844\n|switch|p2b: Ogerpon|Ogerpon-Wellspring, L50, F|100\/100\n|move|p1a: Rillaboom|Grassy Glide|p2b: Ogerpon\n|-damage|p2b: Ogerpon|61\/100\n|move|p1b: Mamoswine|Icicle Crash|p2b: Ogerpon\n|-damage|p2b: Ogerpon|8\/100\n|move|p2a: Cresselia|Trick Room|p2a: Cresselia\n|-fieldstart|move: Trick Room|[of] p2a: Cresselia\n|\n|-heal|p2b: Ogerpon|14\/100|[from] Grassy Terrain\n|upkeep\n|turn|3\n|\n|t:|1699675888\n|switch|p2b: Ursaluna|Ursaluna-Bloodmoon, L50, M|100\/100\n|move|p1a: Rillaboom|Grassy Glide|p2a: Cresselia\n|-damage|p2a: Cresselia|68\/100\n|move|p1b: Mamoswine|Ice Shard|p2b: Ursaluna\n|-supereffective|p2b: Ursaluna\n|-damage|p2b: Ursaluna|63\/100\n|move|p2a: Cresselia|Lunar Blessing|p2a: Cresselia|[spread] p2a,p2b\n|-heal|p2a: Cresselia|93\/100\n|-heal|p2b: Ursaluna|88\/100\n|\n|-heal|p2b: Ursaluna|94\/100|[from] Grassy Terrain\n|upkeep\n|turn|4\n|\n|t:|1699675921\n|-terastallize|p2b: Ursaluna|Grass\n|move|p1b: Mamoswine|Protect|p1b: Mamoswine\n|-singleturn|p1b: Mamoswine|Protect\n|move|p2b: Ursaluna|Blood Moon|p1b: Mamoswine\n|-activate|p1b: Mamoswine|move: Protect\n|move|p2a: Cresselia|Lunar Blessing|p2a: Cresselia|[spread] p2a,p2b\n|-heal|p2a: Cresselia|100\/100\n|-heal|p2b: Ursaluna|100\/100\n|move|p1a: Rillaboom|Drum Beating|p2b: Ursaluna\n|-resisted|p2b: Ursaluna\n|-damage|p2b: Ursaluna|82\/100\n|-unboost|p2b: Ursaluna|spe|1\n|\n|-heal|p2b: Ursaluna|88\/100|[from] Grassy Terrain\n|upkeep\n|turn|5\n|\n|t:|1699675954\n|switch|p1b: Flutter Mane|Flutter Mane, L50|100\/100\n|move|p2a: Cresselia|Helping Hand|p2b: Ursaluna\n|-singleturn|p2b: Ursaluna|Helping Hand|[of] p2a: Cresselia\n|move|p2b: Ursaluna|Hyper Voice|p1b: Flutter Mane|[spread] p1a,p1b\n|-damage|p1a: Rillaboom|58\/100\n|-damage|p1b: Flutter Mane|47\/100\n|-enditem|p2b: Ursaluna|Throat Spray\n|-boost|p2b: Ursaluna|spa|1|[from] item: Throat Spray\n|move|p1a: Rillaboom|U-turn|p2a: Cresselia\n|-supereffective|p2a: Cresselia\n|-damage|p2a: Cresselia|71\/100\n|j| WickedCheeseTouch\n|j| ScaryQwQ\n|\n|t:|1699675969\n|switch|p1a: Roaring Moon|Roaring Moon, L50|100\/100|[from] U-turn\n|-enditem|p1a: Roaring Moon|Booster Energy\n|-activate|p1a: Roaring Moon|ability: Protosynthesis|[fromitem]\n|-start|p1a: Roaring Moon|protosynthesisspe\n|\n|-heal|p2b: Ursaluna|94\/100|[from] Grassy Terrain\n|-heal|p1b: Flutter Mane|52\/100|[from] Grassy Terrain\n|-fieldend|move: Grassy Terrain\n|upkeep\n|turn|6\n|\n|t:|1699675984\n|move|p2a: Cresselia|Helping Hand|p2b: Ursaluna\n|-singleturn|p2b: Ursaluna|Helping Hand|[of] p2a: Cresselia\n|move|p1a: Roaring Moon|Protect|p1a: Roaring Moon\n|-singleturn|p1a: Roaring Moon|Protect\n|move|p2b: Ursaluna|Hyper Voice|p1b: Flutter Mane|[spread] p1b\n|-activate|p1a: Roaring Moon|move: Protect\n|-damage|p1b: Flutter Mane|0 fnt\n|faint|p1b: Flutter Mane\n|-end|p1b: Flutter Mane|Protosynthesis|[silent]\n|\n|-fieldend|move: Trick Room\n|upkeep\n|\n|t:|1699675995\n|switch|p1b: Mamoswine|Mamoswine, L50, M|100\/100\n|turn|7\n|\n|t:|1699676011\n|move|p2b: Ursaluna|Protect|p2b: Ursaluna\n|-singleturn|p2b: Ursaluna|Protect\n|move|p1a: Roaring Moon|Knock Off|p2a: Cresselia\n|-supereffective|p2a: Cresselia\n|-damage|p2a: Cresselia|10\/100\n|-enditem|p2a: Cresselia|Mental Herb|[from] move: Knock Off|[of] p1a: Roaring Moon\n|move|p1b: Mamoswine|Icicle Crash|p2b: Ursaluna\n|-activate|p2b: Ursaluna|move: Protect\n|move|p2a: Cresselia|Trick Room|p2a: Cresselia\n|-fieldstart|move: Trick Room|[of] p2a: Cresselia\n|\n|upkeep\n|turn|8\n|\n|t:|1699676027\n|move|p2a: Cresselia|Helping Hand|p2b: Ursaluna\n|-singleturn|p2b: Ursaluna|Helping Hand|[of] p2a: Cresselia\n|move|p1b: Mamoswine|Ice Shard|p2a: Cresselia\n|-damage|p2a: Cresselia|0 fnt\n|faint|p2a: Cresselia\n|move|p2b: Ursaluna|Hyper Voice|p1b: Mamoswine|[spread] p1a,p1b\n|-damage|p1a: Roaring Moon|21\/100\n|-damage|p1b: Mamoswine|0 fnt\n|faint|p1b: Mamoswine\n|move|p1a: Roaring Moon|Acrobatics|p2b: Ursaluna\n|-supereffective|p2b: Ursaluna\n|-damage|p2b: Ursaluna|32\/100\n|\n|upkeep\n|\n|t:|1699676038\n|switch|p2a: Arcanine|Arcanine-Hisui, L50, M|100\/100\n|switch|p1b: Rillaboom|Rillaboom, L50, M|58\/100\n|-fieldstart|move: Grassy Terrain|[from] ability: Grassy Surge|[of] p1b: Rillaboom\n|-ability|p2a: Arcanine|Intimidate|boost\n|-unboost|p1a: Roaring Moon|atk|1\n|-unboost|p1b: Rillaboom|atk|1\n|turn|9\n|l| WickedCheeseTouch\n|\n|t:|1699676056\n|-terastallize|p1a: Roaring Moon|Flying\n|move|p2b: Ursaluna|Protect|p2b: Ursaluna\n|-singleturn|p2b: Ursaluna|Protect\n|move|p1b: Rillaboom|Drum Beating|p2a: Arcanine\n|-damage|p2a: Arcanine|63\/100\n|-unboost|p2a: Arcanine|spe|1\n|move|p2a: Arcanine|Flare Blitz|p1b: Rillaboom\n|-supereffective|p1b: Rillaboom\n|-damage|p1b: Rillaboom|0 fnt\n|faint|p1b: Rillaboom\n|-damage|p2a: Arcanine|43\/100|[from] Recoil\n|-enditem|p2a: Arcanine|Sitrus Berry|[eat]\n|-heal|p2a: Arcanine|68\/100|[from] item: Sitrus Berry\n|move|p1a: Roaring Moon|Acrobatics|p2b: Ursaluna\n|-activate|p2b: Ursaluna|move: Protect\n|\n|-heal|p2b: Ursaluna|38\/100|[from] Grassy Terrain\n|-heal|p2a: Arcanine|74\/100|[from] Grassy Terrain\n|upkeep\n|turn|10\n|c|\u2606Monkima|ggs\n|\n|t:|1699676076\n|move|p2a: Arcanine|Extreme Speed|p1a: Roaring Moon\n|-damage|p1a: Roaring Moon|0 fnt\n|faint|p1a: Roaring Moon\n|-end|p1a: Roaring Moon|Protosynthesis|[silent]\n|\n|win|Monkima\n|l| ScaryQwQ\n|l|&DaWoblefet\n|l|\u2606Monkima\n|l| Luke111192\n","uploadtime":1699676084,"views":23,"p1id":"lasermanz11","p2id":"monkima","formatid":"gen9vgc2023regulatione","rating":0,"private":0,"password":""}