{"id":"gen9vgc2023regulatione-1992948464","p1":"TeamInferno Ted","p2":"Dunnakhiin","format":"[Gen 9] VGC 2023 Regulation E","log":"|j|\u2606TeamInferno Ted\n|j|\u2606Dunnakhiin\n|n|\u2606TeamInferno Ted|teaminfernoted\n|n|\u2606Dunnakhiin|dunnakhiin\n|html|View the match progress at <a href=\"\/game-bestof3-gen9vgc2023regulatione-1992948463\">game-bestof3-gen9vgc2023regulatione-1992948463<\/a>\n|t:|1700249421\n|gametype|doubles\n|player|p1|TeamInferno Ted|pokemaniac|\n|player|p2|Dunnakhiin|266|\n|teamsize|p1|6\n|teamsize|p2|6\n|gen|9\n|tier|[Gen 9] VGC 2023 Regulation E\n|rule|Species Clause: Limit one of each Pok\u00e9mon\n|rule|Item Clause: Limit one of each item\n|clearpoke\n|poke|p1|Dusknoir, L50, M|\n|poke|p1|Glastrier, L50|\n|poke|p1|Weavile, L50, F|\n|poke|p1|Ursaluna-Bloodmoon, L50, M|\n|poke|p1|Masquerain, L50, F|\n|poke|p1|Okidogi, L50, M|\n|poke|p2|Talonflame, L50, M|\n|poke|p2|Urshifu-*, L50, F|\n|poke|p2|Zoroark-Hisui, L50, F|\n|poke|p2|Gholdengo, L50|\n|poke|p2|Persian-Alola, L50, F|\n|poke|p2|Qwilfish-Hisui, L50, F|\n|teampreview|4\n|c|\u2606TeamInferno Ted|glhf\n|c|\u2606Dunnakhiin|You too!\n|\n|t:|1700249496\n|start\n|switch|p1a: Weavile|Weavile, L50, F, shiny|100\/100\n|switch|p1b: Masquerain|Masquerain, L50, F, shiny|100\/100\n|switch|p2a: Talonflame|Talonflame, L50, M|100\/100\n|switch|p2b: Qwilfish|Qwilfish-Hisui, L50, F|100\/100\n|-ability|p1a: Weavile|Pressure\n|-ability|p1b: Masquerain|Intimidate|boost\n|-unboost|p2a: Talonflame|atk|1\n|-unboost|p2b: Qwilfish|atk|1\n|turn|1\n|\n|t:|1700249522\n|move|p2a: Talonflame|Quick Guard|p2a: Talonflame\n|-singleturn|p2a: Talonflame|Quick Guard\n|move|p1a: Weavile|Fake Out|p2a: Talonflame\n|-activate|p2a: Talonflame|move: Quick Guard\n|move|p2b: Qwilfish|Shadow Ball|p1b: Masquerain\n|-damage|p1b: Masquerain|14\/100\n|move|p1b: Masquerain|Air Slash|p2b: Qwilfish\n|-damage|p2b: Qwilfish|28\/100\n|replace|p2b: Zoroark|Zoroark-Hisui, L50, F\n|-end|p2b: Zoroark|Illusion\n|\n|-heal|p1b: Masquerain|20\/100|[from] item: Leftovers\n|upkeep\n|turn|2\n|\n|t:|1700249550\n|move|p1b: Masquerain|Protect|p1b: Masquerain\n|-singleturn|p1b: Masquerain|Protect\n|move|p2a: Talonflame|Tailwind|p2a: Talonflame\n|-sidestart|p2: Dunnakhiin|move: Tailwind\n|move|p2b: Zoroark|Shadow Ball|p1b: Masquerain\n|-activate|p1b: Masquerain|move: Protect\n|move|p1a: Weavile|Knock Off|p2b: Zoroark\n|-supereffective|p2b: Zoroark\n|-crit|p2b: Zoroark\n|-damage|p2b: Zoroark|0 fnt\n|-enditem|p2b: Zoroark|Choice Specs|[from] move: Knock Off|[of] p1a: Weavile\n|faint|p2b: Zoroark\n|\n|-heal|p1b: Masquerain|26\/100|[from] item: Leftovers\n|upkeep\n|c|\u2606Dunnakhiin|I forgot how Zoroark worked, LMAO\n|\n|t:|1700249562\n|switch|p2b: Urshifu|Urshifu, L50, F|100\/100\n|turn|3\n|c|\u2606TeamInferno Ted|lol when I saw shadow ball I knew\n|c|\u2606Dunnakhiin|It was meant to be disguised as Ursh\n|c|\u2606TeamInferno Ted|oh\n|c|\u2606TeamInferno Ted|Urshi needs to be the last mon\n|\n|t:|1700249622\n|move|p2a: Talonflame|Air Slash|p1b: Masquerain\n|-supereffective|p1b: Masquerain\n|-damage|p1b: Masquerain|0 fnt\n|faint|p1b: Masquerain\n|move|p2b: Urshifu|Drain Punch|p1a: Weavile\n|-supereffective|p1a: Weavile\n|-enditem|p1a: Weavile|Focus Sash\n|-damage|p1a: Weavile|1\/100\n|move|p1a: Weavile|Ice Spinner|p2b: Urshifu\n|-damage|p2b: Urshifu|63\/100\n|\n|upkeep\n|c|\u2606Dunnakhiin|Yeaaaah i remembered as soon as i saw qwil\n|\n|t:|1700249633\n|switch|p1b: Ursaluna|Ursaluna-Bloodmoon, L50, M|100\/100\n|turn|4\n|\n|t:|1700249664\n|move|p2b: Urshifu|Detect|p2b: Urshifu\n|-singleturn|p2b: Urshifu|Protect\n|move|p2a: Talonflame|Air Slash|p1a: Weavile\n|-damage|p1a: Weavile|0 fnt\n|faint|p1a: Weavile\n|move|p1b: Ursaluna|Vacuum Wave|p2b: Urshifu\n|-activate|p2b: Urshifu|move: Protect\n|\n|upkeep\n|\n|t:|1700249671\n|switch|p1a: Okidogi|Okidogi, L50, M|100\/100\n|turn|5\n|\n|t:|1700249696\n|-terastallize|p2b: Urshifu|Dark\n|move|p1a: Okidogi|Protect|p1a: Okidogi\n|-singleturn|p1a: Okidogi|Protect\n|move|p2a: Talonflame|Air Slash|p1a: Okidogi\n|-activate|p1a: Okidogi|move: Protect\n|move|p2b: Urshifu|Drain Punch|p1b: Ursaluna\n|-supereffective|p1b: Ursaluna\n|-damage|p1b: Ursaluna|50\/100\n|-heal|p2b: Urshifu|94\/100|[from] drain|[of] p1b: Ursaluna\n|move|p1b: Ursaluna|Hyper Voice|p2a: Talonflame|[spread] p2a,p2b\n|-damage|p2a: Talonflame|33\/100\n|-damage|p2b: Urshifu|30\/100\n|-enditem|p1b: Ursaluna|Throat Spray\n|-boost|p1b: Ursaluna|spa|1|[from] item: Throat Spray\n|\n|-sideend|p2: Dunnakhiin|move: Tailwind\n|upkeep\n|turn|6\n|\n|t:|1700249735\n|move|p2b: Urshifu|Sucker Punch|p1b: Ursaluna\n|-damage|p1b: Ursaluna|18\/100\n|move|p1b: Ursaluna|Vacuum Wave|p2b: Urshifu\n|-supereffective|p2b: Urshifu\n|-damage|p2b: Urshifu|0 fnt\n|faint|p2b: Urshifu\n|move|p2a: Talonflame|Tailwind|p2a: Talonflame\n|-sidestart|p2: Dunnakhiin|move: Tailwind\n|move|p1a: Okidogi|Knock Off|p2a: Talonflame\n|-damage|p2a: Talonflame|0 fnt\n|-enditem|p2a: Talonflame|Focus Sash|[from] move: Knock Off|[of] p1a: Okidogi\n|faint|p2a: Talonflame\n|\n|upkeep\n|\n|t:|1700249738\n|switch|p2a: Qwilfish|Qwilfish-Hisui, L50, F|100\/100\n|turn|7\n|\n|t:|1700249751\n|move|p1b: Ursaluna|Protect|p1b: Ursaluna\n|-singleturn|p1b: Ursaluna|Protect\n|move|p2a: Qwilfish|Self-Destruct|p1b: Ursaluna|[spread] p1a\n|-activate|p1b: Ursaluna|move: Protect\n|-damage|p1a: Okidogi|73\/100\n|faint|p2a: Qwilfish\n|\n|win|TeamInferno Ted\n|c|\u2606Dunnakhiin|GG for game 1\n|c|\u2606Dunnakhiin|NO\n|c|\u2606TeamInferno Ted|oh lol\n|c|\u2606Dunnakhiin|Lmao\n|inactive|TeamInferno Ted has 50 seconds to confirm battle start!\n|inactive|Dunnakhiin has 50 seconds to confirm battle start!\n|c|&|\/uhtml prompt-dunnakhiin,Dunnakhiin is ready for game 2!\n|c|\u2606TeamInferno Ted|that was something\n|c|&|\/uhtml prompt-teaminfernoted,TeamInferno Ted is ready for game 2!\nBoth players are ready! Starting next match!\n","uploadtime":1700250153,"views":10,"p1id":"teaminfernoted","p2id":"dunnakhiin","formatid":"gen9vgc2023regulatione","rating":0,"private":0,"password":""}