{"id":"gen9vgc2023regulatione-1996465869","p1":"slimejrlegit","p2":"JumpingJoe27","format":"[Gen 9] VGC 2023 Regulation E","log":"|j|\u2606slimejrlegit\n|j|\u2606JumpingJoe27\n|t:|1700684699\n|gametype|doubles\n|player|p1|slimejrlegit|170|1134\n|player|p2|JumpingJoe27|2|1089\n|teamsize|p1|6\n|teamsize|p2|6\n|gen|9\n|tier|[Gen 9] VGC 2023 Regulation E\n|rated|\n|rule|Species Clause: Limit one of each Pok\u00e9mon\n|rule|Item Clause: Limit one of each item\n|clearpoke\n|poke|p1|Ceruledge, L50, F|\n|poke|p1|Brute Bonnet, L50|\n|poke|p1|Dondozo, L50, F|\n|poke|p1|Enamorus, L50, F|\n|poke|p1|Tatsugiri, L50, F|\n|poke|p1|Regieleki, L50|\n|poke|p2|Clefairy, L50, F|\n|poke|p2|Arcanine-Hisui, L50, F|\n|poke|p2|Iron Hands, L50|\n|poke|p2|Flutter Mane, L50|\n|poke|p2|Gholdengo, L50|\n|poke|p2|Chien-Pao, L50|\n|teampreview|4\n|inactive|Battle timer is ON: inactive players will automatically lose when time's up. (requested by JumpingJoe27)\n|inactive|JumpingJoe27 has 60 seconds left.\n|\n|t:|1700684736\n|start\n|switch|p1a: Regieleki|Regieleki, L50|100\/100\n|switch|p1b: BOZO|Dondozo, L50, F, shiny|100\/100\n|switch|p2a: Gholdengo|Gholdengo, L50|100\/100\n|switch|p2b: Clefairy|Clefairy, L50, F|100\/100\n|turn|1\n|\n|t:|1700684753\n|move|p1a: Regieleki|Protect|p1a: Regieleki\n|-singleturn|p1a: Regieleki|Protect\n|move|p2b: Clefairy|Follow Me|p2b: Clefairy\n|-singleturn|p2b: Clefairy|move: Follow Me\n|move|p2a: Gholdengo|Nasty Plot|p2a: Gholdengo\n|-boost|p2a: Gholdengo|spa|2\n|move|p1b: BOZO|Earthquake|p2a: Gholdengo|[spread] p2a,p2b\n|-activate|p1a: Regieleki|move: Protect\n|-supereffective|p2a: Gholdengo\n|-damage|p2a: Gholdengo|73\/100\n|-damage|p2b: Clefairy|80\/100\n|\n|-heal|p2a: Gholdengo|79\/100|[from] item: Leftovers\n|upkeep\n|turn|2\n|\n|t:|1700684782\n|switch|p1a: Tatsugiri|Tatsugiri, L50, F|100\/100\n|-activate|p1a: Tatsugiri|ability: Commander|[of] p1b: BOZO\n|-boost|p1b: BOZO|atk|2\n|-boost|p1b: BOZO|spa|2\n|-boost|p1b: BOZO|spe|2\n|-boost|p1b: BOZO|def|2\n|-boost|p1b: BOZO|spd|2\n|-terastallize|p2a: Gholdengo|Dragon\n|move|p1b: BOZO|Liquidation|p2b: Clefairy\n|-damage|p2b: Clefairy|10\/100\n|move|p2a: Gholdengo|Make It Rain|p1b: BOZO|[spread] p1b\n|-miss|p2a: Gholdengo|p1a: Tatsugiri\n|-resisted|p1b: BOZO\n|-damage|p1b: BOZO|88\/100\n|-unboost|p2a: Gholdengo|spa|1\n|move|p2b: Clefairy|Life Dew|p2b: Clefairy|[spread] p2b\n|-immune|p2a: Gholdengo|[from] ability: Good as Gold\n|-heal|p2b: Clefairy|35\/100\n|\n|-heal|p1b: BOZO|95\/100|[from] item: Leftovers\n|-heal|p2a: Gholdengo|85\/100|[from] item: Leftovers\n|upkeep\n|turn|3\n|\n|t:|1700684806\n|move|p2b: Clefairy|Protect|p2b: Clefairy\n|-singleturn|p2b: Clefairy|Protect\n|move|p1b: BOZO|Earthquake|p2b: Clefairy|[spread] p2a\n|-miss|p1b: BOZO|p1a: Tatsugiri\n|-activate|p2b: Clefairy|move: Protect\n|-damage|p2a: Gholdengo|53\/100\n|move|p2a: Gholdengo|Shadow Ball|p1b: BOZO\n|-damage|p1b: BOZO|72\/100\n|-unboost|p1b: BOZO|spd|1\n|\n|-heal|p1b: BOZO|78\/100|[from] item: Leftovers\n|-heal|p2a: Gholdengo|59\/100|[from] item: Leftovers\n|upkeep\n|turn|4\n|\n|t:|1700684820\n|switch|p2b: Iron Hands|Iron Hands, L50|100\/100\n|move|p2a: Gholdengo|Protect|p2a: Gholdengo\n|-singleturn|p2a: Gholdengo|Protect\n|move|p1b: BOZO|Earthquake|p2b: Iron Hands|[spread] p2b\n|-miss|p1b: BOZO|p1a: Tatsugiri\n|-activate|p2a: Gholdengo|move: Protect\n|-supereffective|p2b: Iron Hands\n|-damage|p2b: Iron Hands|41\/100\n|\n|-heal|p1b: BOZO|85\/100|[from] item: Leftovers\n|-heal|p2a: Gholdengo|65\/100|[from] item: Leftovers\n|upkeep\n|turn|5\n|\n|t:|1700684831\n|move|p1b: BOZO|Protect|p1b: BOZO\n|-singleturn|p1b: BOZO|Protect\n|move|p2b: Iron Hands|Fake Out|p1b: BOZO\n|-activate|p1b: BOZO|move: Protect\n|move|p2a: Gholdengo|Nasty Plot|p2a: Gholdengo\n|-boost|p2a: Gholdengo|spa|2\n|\n|-heal|p1b: BOZO|91\/100|[from] item: Leftovers\n|-heal|p2a: Gholdengo|71\/100|[from] item: Leftovers\n|upkeep\n|turn|6\n|\n|t:|1700684842\n|move|p2a: Gholdengo|Protect|p2a: Gholdengo\n|-singleturn|p2a: Gholdengo|Protect\n|move|p1b: BOZO|Order Up|p2a: Gholdengo\n|-activate|p2a: Gholdengo|move: Protect\n|move|p2b: Iron Hands|Wild Charge|p1b: BOZO\n|-supereffective|p1b: BOZO\n|-damage|p1b: BOZO|60\/100\n|-damage|p2b: Iron Hands|33\/100|[from] Recoil\n|\n|-heal|p1b: BOZO|67\/100|[from] item: Leftovers\n|-heal|p2a: Gholdengo|77\/100|[from] item: Leftovers\n|upkeep\n|turn|7\n|\n|t:|1700684865\n|-end|p2b: Iron Hands|Quark Drive|[silent]\n|switch|p2b: Clefairy|Clefairy, L50, F|35\/100\n|move|p1b: BOZO|Earthquake|p2a: Gholdengo|[spread] p2a,p2b\n|-miss|p1b: BOZO|p1a: Tatsugiri\n|-damage|p2a: Gholdengo|48\/100\n|-damage|p2b: Clefairy|0 fnt\n|faint|p2b: Clefairy\n|move|p2a: Gholdengo|Shadow Ball|p1b: BOZO\n|-damage|p1b: BOZO|41\/100\n|\n|-heal|p1b: BOZO|47\/100|[from] item: Leftovers\n|-heal|p2a: Gholdengo|54\/100|[from] item: Leftovers\n|upkeep\n|\n|t:|1700684877\n|switch|p2b: Iron Hands|Iron Hands, L50|33\/100\n|turn|8\n|\n|t:|1700684882\n|move|p1b: BOZO|Protect|p1b: BOZO\n|-singleturn|p1b: BOZO|Protect\n|move|p2b: Iron Hands|Fake Out|p1b: BOZO\n|-activate|p1b: BOZO|move: Protect\n|move|p2a: Gholdengo|Nasty Plot|p2a: Gholdengo\n|-boost|p2a: Gholdengo|spa|2\n|\n|-heal|p1b: BOZO|53\/100|[from] item: Leftovers\n|-heal|p2a: Gholdengo|60\/100|[from] item: Leftovers\n|upkeep\n|turn|9\n|c|\u2606slimejrlegit|You must think he\u2019s not like that\n|\n|t:|1700684904\n|move|p1b: BOZO|Order Up|p2a: Gholdengo\n|-supereffective|p2a: Gholdengo\n|-damage|p2a: Gholdengo|0 fnt\n|faint|p2a: Gholdengo\n|-boost|p1b: BOZO|atk|1\n|move|p2b: Iron Hands|Wild Charge|p1b: BOZO\n|-supereffective|p1b: BOZO\n|-damage|p1b: BOZO|25\/100\n|-damage|p2b: Iron Hands|25\/100|[from] Recoil\n|\n|-heal|p1b: BOZO|31\/100|[from] item: Leftovers\n|upkeep\n|\n|t:|1700684912\n|switch|p2a: Flutter Mane|Flutter Mane, L50|100\/100\n|turn|10\n|\n|t:|1700684925\n|move|p2a: Flutter Mane|Protect|p2a: Flutter Mane\n|-singleturn|p2a: Flutter Mane|Protect\n|move|p1b: BOZO|Protect|p1b: BOZO\n|-singleturn|p1b: BOZO|Protect\n|move|p2b: Iron Hands|Wild Charge|p1b: BOZO\n|-activate|p1b: BOZO|move: Protect\n|\n|-heal|p1b: BOZO|37\/100|[from] item: Leftovers\n|upkeep\n|turn|11\n|\n|t:|1700684935\n|move|p2a: Flutter Mane|Moonblast|p1b: BOZO\n|-damage|p1b: BOZO|1\/100\n|move|p1b: BOZO|Earthquake|p2b: Iron Hands|[spread] p2a,p2b\n|-miss|p1b: BOZO|p1a: Tatsugiri\n|-supereffective|p2b: Iron Hands\n|-damage|p2a: Flutter Mane|15\/100\n|-damage|p2b: Iron Hands|0 fnt\n|faint|p2b: Iron Hands\n|-end|p2b: Iron Hands|Quark Drive|[silent]\n|\n|-heal|p1b: BOZO|8\/100|[from] item: Leftovers\n|upkeep\n|turn|12\n|c|\u2606slimejrlegit|Gg\n|\n|t:|1700684950\n|move|p1b: BOZO|Protect|p1b: BOZO\n|-singleturn|p1b: BOZO|Protect\n|move|p2a: Flutter Mane|Dazzling Gleam|p1b: BOZO|[spread] \n|-miss|p2a: Flutter Mane|p1a: Tatsugiri\n|-activate|p1b: BOZO|move: Protect\n|\n|-heal|p1b: BOZO|14\/100|[from] item: Leftovers\n|upkeep\n|turn|13\n|\n|t:|1700684958\n|move|p2a: Flutter Mane|Moonblast|p1b: BOZO\n|-damage|p1b: BOZO|0 fnt\n|faint|p1b: BOZO\n|\n|upkeep\n|\n|t:|1700684961\n|switch|p1b: Regieleki|Regieleki, L50|100\/100\n|turn|14\n|\n|t:|1700684969\n|move|p1b: Regieleki|Protect|p1b: Regieleki\n|-singleturn|p1b: Regieleki|Protect\n|move|p1a: Tatsugiri|Icy Wind|p2a: Flutter Mane\n|-damage|p2a: Flutter Mane|0 fnt\n|faint|p2a: Flutter Mane\n|-end|p2a: Flutter Mane|Protosynthesis|[silent]\n|\n|win|slimejrlegit\n|raw|slimejrlegit's rating: 1134 &rarr; <strong>1156<\/strong><br \/>(+22 for winning)\n|raw|JumpingJoe27's rating: 1089 &rarr; <strong>1069<\/strong><br \/>(-20 for losing)\n|l|\u2606JumpingJoe27\n","uploadtime":1700684977,"views":0,"p1id":"slimejrlegit","p2id":"jumpingjoe27","formatid":"gen9vgc2023regulatione","rating":1069,"private":0,"password":""}