{"id":"gen9vgc2023regulatione-1990905675","p1":"beeda","p2":"MrinalFace","format":"[Gen 9] VGC 2023 Regulation E","log":"|j|\u2606beeda\n|j|\u2606MrinalFace\n|t:|1700013586\n|gametype|doubles\n|player|p1|beeda|doubleteam|1032\n|player|p2|MrinalFace|102|1000\n|teamsize|p1|6\n|teamsize|p2|6\n|gen|9\n|tier|[Gen 9] VGC 2023 Regulation E\n|rated|\n|rule|Species Clause: Limit one of each Pok\u00e9mon\n|rule|Item Clause: Limit one of each item\n|clearpoke\n|poke|p1|Ninetales-Alola, L50, F|\n|poke|p1|Baxcalibur, L50, M|\n|poke|p1|Ogerpon-Wellspring, L50, F|\n|poke|p1|Gliscor, L50, F|\n|poke|p1|Arcanine-Hisui, L50, M|\n|poke|p1|Illumise, L50, F|\n|poke|p2|Hatterene, L50, F|\n|poke|p2|Lurantis, L50, M|\n|poke|p2|Kommo-o, L50, M|\n|poke|p2|Carbink, L50|\n|poke|p2|Salamence, L50, M|\n|poke|p2|Enamorus, L50, F|\n|teampreview|4\n|inactive|Battle timer is ON: inactive players will automatically lose when time's up. (requested by beeda)\n|inactive|MrinalFace has 60 seconds left.\n|inactive|beeda has 60 seconds left.\n|\n|t:|1700013631\n|start\n|switch|p1a: Ninetales|Ninetales-Alola, L50, F, shiny|100\/100\n|switch|p1b: Illumise|Illumise, L50, F|100\/100\n|switch|p2a: Carbink|Carbink, L50|100\/100\n|switch|p2b: Salamence|Salamence, L50, M|100\/100\n|-weather|Snow|[from] ability: Snow Warning|[of] p1a: Ninetales\n|-ability|p2b: Salamence|Intimidate|boost\n|-unboost|p1a: Ninetales|atk|1\n|-unboost|p1b: Illumise|atk|1\n|turn|1\n|\n|t:|1700013652\n|move|p2b: Salamence|Protect|p2b: Salamence\n|-singleturn|p2b: Salamence|Protect\n|move|p1b: Illumise|Tailwind|p1b: Illumise\n|-sidestart|p1: beeda|move: Tailwind\n|move|p1a: Ninetales|Aurora Veil|p1a: Ninetales\n|-sidestart|p1: beeda|move: Aurora Veil\n|move|p2a: Carbink|Trick Room|p2a: Carbink\n|-fieldstart|move: Trick Room|[of] p2a: Carbink\n|\n|-weather|Snow|[upkeep]\n|upkeep\n|turn|2\n|\n|t:|1700013666\n|switch|p2b: Lurantis|Lurantis, L50, M|100\/100\n|move|p1a: Ninetales|Protect|p1a: Ninetales\n|-singleturn|p1a: Ninetales|Protect\n|move|p1b: Illumise|Encore|p2a: Carbink\n|-start|p2a: Carbink|Encore\n|move|p2a: Carbink|Trick Room|p2a: Carbink\n|-fieldend|move: Trick Room\n|\n|-weather|Snow|[upkeep]\n|upkeep\n|turn|3\n|\n|t:|1700013684\n|move|p2b: Lurantis|Protect|p2b: Lurantis\n|-singleturn|p2b: Lurantis|Protect\n|move|p1b: Illumise|Thunder Wave|p2a: Carbink|[miss]\n|-miss|p1b: Illumise|p2a: Carbink\n|move|p1a: Ninetales|Icy Wind|p2b: Lurantis|[spread] p2a\n|-activate|p2b: Lurantis|move: Protect\n|-damage|p2a: Carbink|90\/100\n|move|p2a: Carbink|Trick Room|p2a: Carbink\n|-fieldstart|move: Trick Room|[of] p2a: Carbink\n|\n|-weather|Snow|[upkeep]\n|upkeep\n|turn|4\n|\n|t:|1700013705\n|switch|p2a: Kommo-o|Kommo-o, L50, M|100\/100\n|switch|p1b: Arcanine|Arcanine-Hisui, L50, M|100\/100\n|-ability|p1b: Arcanine|Intimidate|boost\n|-unboost|p2a: Kommo-o|atk|1\n|-boost|p2b: Lurantis|atk|1\n|move|p2b: Lurantis|Leaf Storm|p1b: Arcanine\n|-damage|p1b: Arcanine|70\/100\n|-boost|p2b: Lurantis|spa|2\n|move|p1a: Ninetales|Icy Wind|p2b: Lurantis|[spread] p2a,p2b\n|-supereffective|p2a: Kommo-o\n|-supereffective|p2b: Lurantis\n|-damage|p2a: Kommo-o|71\/100\n|-damage|p2b: Lurantis|79\/100\n|-unboost|p2a: Kommo-o|spe|1\n|-boost|p2b: Lurantis|spe|1\n|\n|-weather|Snow|[upkeep]\n|-sideend|p1: beeda|move: Tailwind\n|upkeep\n|turn|5\n|inactive|beeda has 30 seconds left.\n|inactive|MrinalFace has 30 seconds left.\n|inactive|beeda has 20 seconds left.\n|inactive|MrinalFace has 20 seconds left.\n|\n|t:|1700013742\n|-terastallize|p2a: Kommo-o|Steel\n|-terastallize|p1b: Arcanine|Grass\n|move|p2a: Kommo-o|Clanging Scales|p1b: Arcanine|[spread] p1b\n|-immune|p1a: Ninetales\n|-damage|p1b: Arcanine|43\/100\n|-unboost|p2a: Kommo-o|def|1\n|-heal|p2a: Kommo-o|74\/100|[from] item: Shell Bell|[of] p1b: Arcanine\n|move|p2b: Lurantis|Leaf Storm|p1a: Ninetales|[miss]\n|-miss|p2b: Lurantis|p1a: Ninetales\n|move|p1b: Arcanine|Rock Slide|p2b: Lurantis|[spread] p2a,p2b\n|-resisted|p2a: Kommo-o\n|-damage|p2a: Kommo-o|49\/100\n|-damage|p2b: Lurantis|41\/100\n|-damage|p1b: Arcanine|33\/100|[from] item: Life Orb\n|move|p1a: Ninetales|Icy Wind|p2b: Lurantis|[spread] p2a,p2b\n|-resisted|p2a: Kommo-o\n|-supereffective|p2b: Lurantis\n|-damage|p2a: Kommo-o|42\/100\n|-damage|p2b: Lurantis|20\/100\n|-unboost|p2a: Kommo-o|spe|1\n|-boost|p2b: Lurantis|spe|1\n|-enditem|p2b: Lurantis|Figy Berry|[eat]\n|-heal|p2b: Lurantis|54\/100|[from] item: Figy Berry\n|\n|-weather|none\n|upkeep\n|turn|6\n|inactive|beeda has 30 seconds left.\n|inactive|MrinalFace has 30 seconds left.\n|\n|t:|1700013777\n|move|p2a: Kommo-o|Protect|p2a: Kommo-o\n|-singleturn|p2a: Kommo-o|Protect\n|move|p2b: Lurantis|Pollen Puff|p1b: Arcanine\n|-supereffective|p1b: Arcanine\n|-damage|p1b: Arcanine|0 fnt\n|faint|p1b: Arcanine\n|move|p1a: Ninetales|Icy Wind|p2a: Kommo-o|[spread] p2b\n|-activate|p2a: Kommo-o|move: Protect\n|-supereffective|p2b: Lurantis\n|-damage|p2b: Lurantis|36\/100\n|-boost|p2b: Lurantis|spe|1\n|\n|upkeep\n|\n|t:|1700013789\n|switch|p1b: Gliscor|Gliscor, L50, F|100\/100\n|turn|7\n|\n|t:|1700013807\n|switch|p2a: Carbink|Carbink, L50|90\/100\n|move|p1b: Gliscor|Acrobatics|p2b: Lurantis\n|-supereffective|p2b: Lurantis\n|-damage|p2b: Lurantis|0 fnt\n|faint|p2b: Lurantis\n|move|p1a: Ninetales|Icy Wind|p2a: Carbink\n|-damage|p2a: Carbink|76\/100\n|\n|-fieldend|move: Trick Room\n|-status|p1b: Gliscor|tox|[from] item: Toxic Orb\n|upkeep\n|\n|t:|1700013825\n|switch|p2b: Kommo-o|Kommo-o, L50, M, tera:Steel|42\/100\n|turn|8\n|inactive|MrinalFace has 30 seconds left.\n|\n|t:|1700013852\n|move|p1a: Ninetales|Protect|p1a: Ninetales\n|-singleturn|p1a: Ninetales|Protect\n|move|p2b: Kommo-o|Protect|p2b: Kommo-o\n|-singleturn|p2b: Kommo-o|Protect\n|move|p1b: Gliscor|Earthquake|p2a: Carbink|[spread] p2a\n|-activate|p1a: Ninetales|move: Protect\n|-activate|p2b: Kommo-o|move: Protect\n|-supereffective|p2a: Carbink\n|-damage|p2a: Carbink|17\/100\n|-enditem|p2a: Carbink|Aguav Berry|[eat]\n|-heal|p2a: Carbink|50\/100|[from] item: Aguav Berry\n|move|p2a: Carbink|Trick Room|p2a: Carbink\n|-fieldstart|move: Trick Room|[of] p2a: Carbink\n|\n|-sideend|p1: beeda|move: Aurora Veil\n|upkeep\n|turn|9\n|inactive|beeda has 30 seconds left.\n|\n|t:|1700013878\n|switch|p1a: Illumise|Illumise, L50, F|100\/100\n|move|p1b: Gliscor|Protect|p1b: Gliscor\n|-singleturn|p1b: Gliscor|Protect\n|move|p2a: Carbink|Skill Swap|p1b: Gliscor\n|-activate|p1b: Gliscor|move: Protect\n|move|p2b: Kommo-o|Close Combat|p1a: Illumise\n|-resisted|p1a: Illumise\n|-damage|p1a: Illumise|66\/100\n|-unboost|p2b: Kommo-o|def|1\n|-unboost|p2b: Kommo-o|spd|1\n|-heal|p2b: Kommo-o|46\/100|[from] item: Shell Bell|[of] p1a: Illumise\n|\n|upkeep\n|turn|10\n|\n|t:|1700013902\n|switch|p1b: Ninetales|Ninetales-Alola, L50, F, shiny|100\/100\n|-weather|Snow|[from] ability: Snow Warning|[of] p1b: Ninetales\n|move|p2b: Kommo-o|Protect|p2b: Kommo-o\n|-singleturn|p2b: Kommo-o|Protect\n|move|p1a: Illumise|Thunder Wave|p2a: Carbink\n|-status|p2a: Carbink|par\n|move|p2a: Carbink|Skill Swap|p1b: Ninetales\n|-activate|p2a: Carbink|move: Skill Swap|Snow Warning|Clear Body|[of] p1b: Ninetales\n|\n|-weather|Snow|[upkeep]\n|upkeep\n|turn|11\n|inactive|beeda has 30 seconds left.\n|inactive|MrinalFace has 30 seconds left.\n|\n|t:|1700013932\n|move|p1b: Ninetales|Protect|p1b: Ninetales\n|-singleturn|p1b: Ninetales|Protect\n|move|p1a: Illumise|Encore|p2b: Kommo-o\n|-start|p2b: Kommo-o|Encore\n|move|p2a: Carbink|Skill Swap|p1a: Illumise\n|-activate|p2a: Carbink|move: Skill Swap|Prankster|Snow Warning|[of] p1a: Illumise\n|move|p2b: Kommo-o|Protect||[still]\n|-fail|p2b: Kommo-o\n|\n|-weather|Snow|[upkeep]\n|upkeep\n|turn|12\n|inactive|MrinalFace has 30 seconds left.\n|\n|t:|1700013962\n|switch|p1b: Gliscor|Gliscor, L50, F|100\/100 tox\n|move|p2a: Carbink|Protect|p2a: Carbink\n|-singleturn|p2a: Carbink|Protect\n|move|p2b: Kommo-o|Protect|p2b: Kommo-o\n|-singleturn|p2b: Kommo-o|Protect\n|move|p1a: Illumise|Encore|p2a: Carbink\n|-activate|p2a: Carbink|move: Protect\n|\n|-weather|Snow|[upkeep]\n|-fieldend|move: Trick Room\n|upkeep\n|turn|13\n|\n|t:|1700013979\n|switch|p2b: Salamence|Salamence, L50, M|100\/100\n|-ability|p2b: Salamence|Intimidate|boost\n|-unboost|p1a: Illumise|atk|1\n|-unboost|p1b: Gliscor|atk|1\n|move|p1a: Illumise|Helping Hand|p1b: Gliscor\n|-singleturn|p1b: Gliscor|Helping Hand|[of] p1a: Illumise\n|cant|p2a: Carbink|par\n|move|p1b: Gliscor|Earthquake|p2b: Salamence|[spread] p1a,p2a\n|-immune|p2b: Salamence\n|-resisted|p1a: Illumise\n|-supereffective|p2a: Carbink\n|-damage|p1a: Illumise|47\/100\n|-damage|p2a: Carbink|0 fnt\n|faint|p2a: Carbink\n|\n|-weather|Snow|[upkeep]\n|upkeep\n|\n|t:|1700013993\n|switch|p2a: Kommo-o|Kommo-o, L50, M, tera:Steel|46\/100\n|turn|14\n|\n|t:|1700014006\n|switch|p1b: Ninetales|Ninetales-Alola, L50, F, shiny|100\/100\n|move|p2b: Salamence|Dragon Dance|p2b: Salamence\n|-boost|p2b: Salamence|atk|1\n|-boost|p2b: Salamence|spe|1\n|move|p1a: Illumise|Tailwind|p1a: Illumise\n|-sidestart|p1: beeda|move: Tailwind\n|move|p2a: Kommo-o|Clanging Scales|p1b: Ninetales|[spread] p1a\n|-immune|p1b: Ninetales\n|-damage|p1a: Illumise|10\/100\n|-unboost|p2a: Kommo-o|def|1\n|-heal|p2a: Kommo-o|50\/100|[from] item: Shell Bell|[of] p1b: Ninetales\n|\n|-weather|none\n|upkeep\n|turn|15\n|inactive|beeda has 30 seconds left.\n|\n|t:|1700014040\n|move|p2b: Salamence|Protect|p2b: Salamence\n|-singleturn|p2b: Salamence|Protect\n|move|p1b: Ninetales|Icy Wind|p2b: Salamence|[spread] p2a\n|-activate|p2b: Salamence|move: Protect\n|-resisted|p2a: Kommo-o\n|-damage|p2a: Kommo-o|44\/100\n|-unboost|p2a: Kommo-o|spe|1\n|move|p1a: Illumise|Encore|p2a: Kommo-o\n|-start|p2a: Kommo-o|Encore\n|move|p2a: Kommo-o|Clanging Scales|p1a: Illumise|[spread] p1a\n|-immune|p1b: Ninetales\n|-damage|p1a: Illumise|0 fnt\n|faint|p1a: Illumise\n|-unboost|p2a: Kommo-o|def|1\n|-heal|p2a: Kommo-o|45\/100|[from] item: Shell Bell|[of] p1b: Ninetales\n|\n|upkeep\n|\n|t:|1700014056\n|switch|p1a: Gliscor|Gliscor, L50, F|100\/100 tox\n|turn|16\n|inactive|beeda has 30 seconds left.\n|\n|t:|1700014084\n|move|p1a: Gliscor|Protect|p1a: Gliscor\n|-singleturn|p1a: Gliscor|Protect\n|move|p1b: Ninetales|Dazzling Gleam|p2a: Kommo-o|[spread] p2a,p2b\n|-resisted|p2a: Kommo-o\n|-supereffective|p2b: Salamence\n|-damage|p2a: Kommo-o|35\/100\n|-damage|p2b: Salamence|60\/100\n|move|p2b: Salamence|Draco Meteor|p1a: Gliscor\n|-activate|p1a: Gliscor|move: Protect\n|move|p2a: Kommo-o|Clanging Scales|p1b: Ninetales|[spread] \n|-activate|p1a: Gliscor|move: Protect\n|-immune|p1b: Ninetales\n|\n|upkeep\n|turn|17\n|\n|t:|1700014109\n|move|p2b: Salamence|Protect|p2b: Salamence\n|-singleturn|p2b: Salamence|Protect\n|move|p1b: Ninetales|Dazzling Gleam|p2b: Salamence|[spread] p2a\n|-activate|p2b: Salamence|move: Protect\n|-resisted|p2a: Kommo-o\n|-damage|p2a: Kommo-o|26\/100\n|move|p1a: Gliscor|Earthquake|p2a: Kommo-o|[spread] p1b,p2a\n|-activate|p2b: Salamence|move: Protect\n|-supereffective|p2a: Kommo-o\n|-damage|p1b: Ninetales|57\/100\n|-damage|p2a: Kommo-o|0 fnt\n|faint|p2a: Kommo-o\n|\n|-sideend|p1: beeda|move: Tailwind\n|upkeep\n|turn|18\n|\n|t:|1700014132\n|move|p1a: Gliscor|Protect|p1a: Gliscor\n|-singleturn|p1a: Gliscor|Protect\n|move|p2b: Salamence|Earthquake|p1a: Gliscor|[spread] p1b\n|-activate|p1a: Gliscor|move: Protect\n|-damage|p1b: Ninetales|0 fnt\n|faint|p1b: Ninetales\n|-damage|p2b: Salamence|50\/100|[from] item: Life Orb\n|\n|upkeep\n|turn|19\n|inactive|beeda has 30 seconds left.\n|\n|t:|1700014148\n|move|p2b: Salamence|Draco Meteor|p1a: Gliscor\n|-damage|p1a: Gliscor|20\/100 tox\n|-unboost|p2b: Salamence|spa|2\n|-damage|p2b: Salamence|40\/100|[from] item: Life Orb\n|move|p1a: Gliscor|Fling|p2b: Salamence\n|-damage|p2b: Salamence|28\/100\n|-status|p2b: Salamence|tox\n|-enditem|p1a: Gliscor|Toxic Orb|[from] move: Fling\n|\n|-damage|p2b: Salamence|22\/100 tox|[from] psn\n|-heal|p1a: Gliscor|32\/100 tox|[from] ability: Poison Heal\n|upkeep\n|turn|20\n|inactive|beeda has 30 seconds left this turn.\n|inactive|beeda has 20 seconds left.\n|\n|t:|1700014161\n|move|p1a: Gliscor|Protect|p1a: Gliscor\n|-singleturn|p1a: Gliscor|Protect\n|move|p2b: Salamence|Draco Meteor|p1a: Gliscor\n|-activate|p1a: Gliscor|move: Protect\n|\n|-damage|p2b: Salamence|10\/100 tox|[from] psn\n|-heal|p1a: Gliscor|44\/100 tox|[from] ability: Poison Heal\n|upkeep\n|turn|21\n|inactive|beeda has 20 seconds left this turn.\n|inactive|beeda has 15 seconds left.\n|\n|t:|1700014171\n|move|p1a: Gliscor|Protect||[still]\n|-fail|p1a: Gliscor\n|move|p2b: Salamence|Draco Meteor|p1a: Gliscor\n|-crit|p1a: Gliscor\n|-damage|p1a: Gliscor|0 fnt\n|-unboost|p2b: Salamence|spa|2\n|faint|p1a: Gliscor\n|-damage|p2b: Salamence|0 fnt|[from] item: Life Orb\n|faint|p2b: Salamence\n|\n|win|MrinalFace\n|inactive|beeda has 15 seconds left this turn.\n|raw|beeda's rating: 1032 &rarr; <strong>1016<\/strong><br \/>(-16 for losing)\n|raw|MrinalFace's rating: 1000 &rarr; <strong>1044<\/strong><br \/>(+44 for winning)\n|c|\u2606beeda|gg\n","uploadtime":1700014182,"views":6,"p1id":"beeda","p2id":"mrinalface","formatid":"gen9vgc2023regulatione","rating":1016,"private":0,"password":""}