{"id":"gen9vgc2023regulatione-1999216719","p1":"foiledfeline","p2":"LanternComic","format":"[Gen 9] VGC 2023 Regulation E","log":"|j|\u2606foiledfeline\n|j|\u2606LanternComic\n|t:|1701046620\n|gametype|doubles\n|player|p1|foiledfeline|170|1607\n|player|p2|LanternComic|silver-masters|1494\n|teamsize|p1|6\n|teamsize|p2|6\n|gen|9\n|tier|[Gen 9] VGC 2023 Regulation E\n|rated|\n|rule|Species Clause: Limit one of each Pok\u00e9mon\n|rule|Item Clause: Limit one of each item\n|clearpoke\n|poke|p1|Farigiraf, L50, M|\n|poke|p1|Hatterene, L50, F|\n|poke|p1|Torkoal, L50, F|\n|poke|p1|Urshifu-*, L50, F|\n|poke|p1|Iron Hands, L50|\n|poke|p1|Clefairy, L50, M|\n|poke|p2|Grimmsnarl, L50, M|\n|poke|p2|Rillaboom, L50, F|\n|poke|p2|Chi-Yu, L50|\n|poke|p2|Gholdengo, L50|\n|poke|p2|Urshifu-*, L50, M|\n|poke|p2|Flutter Mane, L50|\n|teampreview|4\nLanternComic has agreed to open team sheets.\n|\n|t:|1701046647\n|start\n|switch|p1a: Farigiraf|Farigiraf, L50, M|100\/100\n|switch|p1b: Iron Hands|Iron Hands, L50|100\/100\n|switch|p2a: Chi-Yu|Chi-Yu, L50|100\/100\n|switch|p2b: Gholdengo|Gholdengo, L50|100\/100\n|-ability|p2a: Chi-Yu|Beads of Ruin\n|turn|1\n|inactive|Battle timer is ON: inactive players will automatically lose when time's up. (requested by LanternComic)\n|\n|t:|1701046668\n|-terastallize|p2a: Chi-Yu|Ghost\n|move|p1b: Iron Hands|Fake Out|p2a: Chi-Yu\n|-immune|p2a: Chi-Yu\n|move|p2b: Gholdengo|Make It Rain|p1a: Farigiraf|[spread] p1a,p1b\n|-resisted|p1b: Iron Hands\n|-damage|p1a: Farigiraf|44\/100\n|-damage|p1b: Iron Hands|88\/100\n|-unboost|p2b: Gholdengo|spa|1\n|move|p2a: Chi-Yu|Dark Pulse|p1a: Farigiraf\n|-supereffective|p1a: Farigiraf\n|-damage|p1a: Farigiraf|0 fnt\n|faint|p1a: Farigiraf\n|\n|upkeep\n|\n|t:|1701046683\n|switch|p1a: Hatterene|Hatterene, L50, F|100\/100\n|turn|2\n|\n|t:|1701046695\n|-terastallize|p1a: Hatterene|Fire\n|move|p2b: Gholdengo|Make It Rain|p1a: Hatterene|[spread] p1a,p1b\n|-resisted|p1a: Hatterene\n|-resisted|p1b: Iron Hands\n|-damage|p1a: Hatterene|82\/100\n|-damage|p1b: Iron Hands|79\/100\n|-unboost|p2b: Gholdengo|spa|1\n|move|p2a: Chi-Yu|Dark Pulse|p1a: Hatterene\n|-damage|p1a: Hatterene|19\/100\n|move|p1b: Iron Hands|Volt Switch|p2a: Chi-Yu\n|-damage|p2a: Chi-Yu|87\/100\n|\n|t:|1701046708\n|-end|p1b: Iron Hands|Quark Drive|[silent]\n|switch|p1b: Torkoal|Torkoal, L50, F|100\/100|[from] Volt Switch\n|-weather|SunnyDay|[from] ability: Drought|[of] p1b: Torkoal\n|move|p1a: Hatterene|Trick Room|p1a: Hatterene\n|-fieldstart|move: Trick Room|[of] p1a: Hatterene\n|\n|-weather|SunnyDay|[upkeep]\n|upkeep\n|turn|3\n|\n|t:|1701046723\n|move|p2a: Chi-Yu|Protect|p2a: Chi-Yu\n|-singleturn|p2a: Chi-Yu|Protect\n|move|p2b: Gholdengo|Protect|p2b: Gholdengo\n|-singleturn|p2b: Gholdengo|Protect\n|move|p1b: Torkoal|Eruption|p2b: Gholdengo|[spread] \n|-activate|p2a: Chi-Yu|move: Protect\n|-activate|p2b: Gholdengo|move: Protect\n|move|p1a: Hatterene|Dazzling Gleam|p2a: Chi-Yu|[spread] \n|-activate|p2a: Chi-Yu|move: Protect\n|-activate|p2b: Gholdengo|move: Protect\n|\n|-weather|SunnyDay|[upkeep]\n|upkeep\n|turn|4\n|\n|t:|1701046740\n|switch|p1a: Iron Hands|Iron Hands, L50|79\/100\n|move|p1b: Torkoal|Eruption|p2a: Chi-Yu|[spread] p2a,p2b\n|-supereffective|p2b: Gholdengo\n|-damage|p2a: Chi-Yu|0 fnt\n|-damage|p2b: Gholdengo|0 fnt\n|faint|p2a: Chi-Yu\n|faint|p2b: Gholdengo\n|\n|-weather|SunnyDay|[upkeep]\n|upkeep\n|\n|t:|1701046744\n|switch|p2a: Urshifu|Urshifu-Rapid-Strike, L50, M|100\/100\n|switch|p2b: Flutter Mane|Flutter Mane, L50|100\/100\n|-activate|p2b: Flutter Mane|ability: Protosynthesis\n|-start|p2b: Flutter Mane|protosynthesisspe\n|turn|5\n|\n|t:|1701046762\n|move|p1a: Iron Hands|Fake Out|p2a: Urshifu\n|-damage|p2a: Urshifu|84\/100\n|move|p1b: Torkoal|Eruption|p2b: Flutter Mane|[spread] p2a,p2b\n|-resisted|p2a: Urshifu\n|-damage|p2a: Urshifu|8\/100\n|-damage|p2b: Flutter Mane|0 fnt\n|faint|p2b: Flutter Mane\n|-end|p2b: Flutter Mane|Protosynthesis|[silent]\n|cant|p2a: Urshifu|flinch\n|\n|-weather|SunnyDay|[upkeep]\n|upkeep\n|turn|6\n|-message|LanternComic forfeited.\n|\n|win|foiledfeline\n|raw|foiledfeline's rating: 1607 &rarr; <strong>1621<\/strong><br \/>(+14 for winning)\n|raw|LanternComic's rating: 1494 &rarr; <strong>1480<\/strong><br \/>(-14 for losing)\n","uploadtime":1701046788,"views":21,"p1id":"foiledfeline","p2id":"lanterncomic","formatid":"gen9vgc2023regulatione","rating":1480,"private":0,"password":""}