{"id":"gen9vgc2023regulatione-1999828222","p1":"Pallante4","p2":"Buildozzo","format":"[Gen 9] VGC 2023 Regulation E","log":"|j|\u2606Pallante4\n|j|\u2606Buildozzo\n|n|\u2606Pallante4|pallante4\n|n|\u2606Buildozzo|buildozzo\n|html|View the match progress at <a href=\"\/game-bestof3-gen9vgc2023regulatione-1999828221\">game-bestof3-gen9vgc2023regulatione-1999828221<\/a>\n|t:|1701120500\n|gametype|doubles\n|player|p1|Pallante4|102|\n|player|p2|Buildozzo|cynthia|\n|teamsize|p1|6\n|teamsize|p2|6\n|gen|9\n|tier|[Gen 9] VGC 2023 Regulation E\n|rule|Species Clause: Limit one of each Pok\u00e9mon\n|rule|Item Clause: Limit one of each item\n|clearpoke\n|poke|p1|Tornadus, L50, M|\n|poke|p1|Gholdengo, L50|\n|poke|p1|Regidrago, L50|\n|poke|p1|Urshifu-*, L50, F|\n|poke|p1|Ogerpon-Hearthflame, L50, F|\n|poke|p1|Indeedee-F, L50, F|\n|poke|p2|Braviary-Hisui, L50, M|\n|poke|p2|Politoed, L50, F|\n|poke|p2|Basculegion, L50, M|\n|poke|p2|Thundurus, L50, M|\n|poke|p2|Gholdengo, L50|\n|poke|p2|Rillaboom, L50, F|\n|teampreview|4\nPallante4 has agreed to open team sheets.\nBuildozzo has agreed to open team sheets.\n|showteam|p1|Tornadus||FocusSash|Prankster|Tailwind,BleakwindStorm,IcyWind,Protect|||M|||50|,,,,,Dragon]Gholdengo||ChoiceSpecs|GoodasGold|MakeItRain,ShadowBall,Thunderbolt,Trick||||||50|,,,,,Steel]Regidrago||DracoPlate|DragonsMaw|DragonEnergy,DracoMeteor,EarthPower,Protect||||||50|,,,,,Ghost]Urshifu-Rapid-Strike||ChoiceScarf|UnseenFist|Uturn,CloseCombat,SurgingStrikes,IcePunch|||F|||50|,,,,,Water]Ogerpon-Hearthflame||HearthflameMask|MoldBreaker|IvyCudgel,HornLeech,SpikyShield,SwordsDance|||F|||50|,,,,,Fire]Indeedee-F||PsychicSeed|PsychicSurge|Psychic,FollowMe,Protect,HealPulse|||F|||50|,,,,,Dragon\n|showteam|p2|Braviary-Hisui||FocusSash|TintedLens|EsperWing,Hurricane,HyperVoice,Protect|||M|||50|,,,,,Normal]Politoed||SitrusBerry|Drizzle|MuddyWater,IcyWind,Encore,Protect|||F|||50|,,,,,Grass]Basculegion||MysticWater|SwiftSwim|WaveCrash,AquaJet,LastRespects,Protect|||M|||50|,,,,,Water]Thundurus||MentalHerb|Prankster|WildboltStorm,Taunt,ThunderWave,RainDance|||M|||50|,,,,,Ghost]Gholdengo||Leftovers|GoodasGold|MakeItRain,ShadowBall,NastyPlot,Protect||||||50|,,,,,Dragon]Rillaboom||AssaultVest|GrassySurge|GrassyGlide,WoodHammer,HighHorsepower,FakeOut|||F|||50|,,,,,Poison\n|\n|t:|1701120609\n|start\n|switch|p1a: Tornadus|Tornadus, L50, M|100\/100\n|switch|p1b: Ogerpon|Ogerpon-Hearthflame, L50, F|100\/100\n|switch|p2a: Rillaboom|Rillaboom, L50, F|100\/100\n|switch|p2b: Gholdengo|Gholdengo, L50|100\/100\n|-ability|p1b: Ogerpon|Mold Breaker\n|-fieldstart|move: Grassy Terrain|[from] ability: Grassy Surge|[of] p2a: Rillaboom\n|turn|1\n|\n|t:|1701120652\n|switch|p1a: Indeedee|Indeedee-F, L50, F|100\/100\n|-fieldstart|move: Psychic Terrain|[from] ability: Psychic Surge|[of] p1a: Indeedee\n|-enditem|p1a: Indeedee|Psychic Seed\n|-boost|p1a: Indeedee|spd|1|[from] item: Psychic Seed\n|move|p2a: Rillaboom|Fake Out|p1a: Indeedee\n|-activate|p1a: Indeedee|move: Psychic Terrain\n|move|p1b: Ogerpon|Swords Dance|p1b: Ogerpon\n|-boost|p1b: Ogerpon|atk|2\n|move|p2b: Gholdengo|Make It Rain|p1a: Indeedee|[spread] p1a,p1b\n|-resisted|p1b: Ogerpon\n|-damage|p1a: Indeedee|73\/100\n|-damage|p1b: Ogerpon|77\/100\n|-unboost|p2b: Gholdengo|spa|1\n|\n|upkeep\n|turn|2\n|\n|t:|1701120679\n|switch|p2a: Politoed|Politoed, L50, F|100\/100\n|-weather|RainDance|[from] ability: Drizzle|[of] p2a: Politoed\n|-terastallize|p1b: Ogerpon|Fire\n|detailschange|p1b: Ogerpon|Ogerpon-Hearthflame-Tera, L50, F, tera:Fire\n|-ability|p1b: Ogerpon|Embody Aspect (Hearthflame)|boost\n|-boost|p1b: Ogerpon|atk|1\n|-terastallize|p2b: Gholdengo|Dragon\n|move|p1b: Ogerpon|Ivy Cudgel|p2b: Gholdengo|[anim] Ivy Cudgel Fire\n|-resisted|p2b: Gholdengo\n|-damage|p2b: Gholdengo|56\/100\n|move|p2b: Gholdengo|Nasty Plot|p2b: Gholdengo\n|-boost|p2b: Gholdengo|spa|2\n|move|p1a: Indeedee|Heal Pulse|p1b: Ogerpon\n|-heal|p1b: Ogerpon|100\/100\n|\n|-weather|RainDance|[upkeep]\n|-heal|p2b: Gholdengo|62\/100|[from] item: Leftovers\n|upkeep\n|turn|3\n|\n|t:|1701120735\n|move|p1b: Ogerpon|Horn Leech|p2b: Gholdengo\n|-resisted|p2b: Gholdengo\n|-damage|p2b: Gholdengo|10\/100\n|move|p2b: Gholdengo|Make It Rain|p1b: Ogerpon|[spread] p1a,p1b\n|-resisted|p1b: Ogerpon\n|-damage|p1a: Indeedee|30\/100\n|-damage|p1b: Ogerpon|65\/100\n|-unboost|p2b: Gholdengo|spa|1\n|move|p1a: Indeedee|Psychic|p2b: Gholdengo\n|-damage|p2b: Gholdengo|0 fnt\n|faint|p2b: Gholdengo\n|move|p2a: Politoed|Muddy Water|p1b: Ogerpon|[spread] p1a,p1b\n|-supereffective|p1b: Ogerpon\n|-damage|p1a: Indeedee|8\/100\n|-damage|p1b: Ogerpon|0 fnt\n|faint|p1b: Ogerpon\n|\n|-weather|RainDance|[upkeep]\n|upkeep\n|\n|t:|1701120758\n|switch|p1b: Regidrago|Regidrago, L50|100\/100\n|switch|p2b: Braviary|Braviary-Hisui, L50, M|100\/100\n|turn|4\n|\n|t:|1701120787\n|move|p2a: Politoed|Protect|p2a: Politoed\n|-singleturn|p2a: Politoed|Protect\n|move|p1a: Indeedee|Follow Me|p1a: Indeedee\n|-singleturn|p1a: Indeedee|move: Follow Me\n|move|p1b: Regidrago|Dragon Energy|p2a: Politoed|[spread] p2b\n|-activate|p2a: Politoed|move: Protect\n|-enditem|p2b: Braviary|Focus Sash\n|-damage|p2b: Braviary|1\/100\n|move|p2b: Braviary|Hyper Voice|p1b: Regidrago|[spread] p1a,p1b\n|-damage|p1a: Indeedee|0 fnt\n|-damage|p1b: Regidrago|77\/100\n|faint|p1a: Indeedee\n|\n|-weather|RainDance|[upkeep]\n|upkeep\n|\n|t:|1701120800\n|switch|p1a: Tornadus|Tornadus, L50, M|100\/100\n|turn|5\n|\n|t:|1701120810\n|move|p2b: Braviary|Protect|p2b: Braviary\n|-singleturn|p2b: Braviary|Protect\n|move|p1a: Tornadus|Bleakwind Storm|p2b: Braviary|[spread] p2a\n|-activate|p2b: Braviary|move: Protect\n|-damage|p2a: Politoed|66\/100\n|move|p1b: Regidrago|Dragon Energy|p2b: Braviary|[spread] p2a\n|-activate|p2b: Braviary|move: Protect\n|-damage|p2a: Politoed|4\/100\n|-enditem|p2a: Politoed|Sitrus Berry|[eat]\n|-heal|p2a: Politoed|29\/100|[from] item: Sitrus Berry\n|move|p2a: Politoed|Icy Wind|p1b: Regidrago|[spread] p1a,p1b\n|-supereffective|p1a: Tornadus\n|-supereffective|p1b: Regidrago\n|-damage|p1a: Tornadus|76\/100\n|-damage|p1b: Regidrago|57\/100\n|-unboost|p1a: Tornadus|spe|1\n|-unboost|p1b: Regidrago|spe|1\n|\n|-weather|RainDance|[upkeep]\n|-fieldend|move: Psychic Terrain\n|upkeep\n|turn|6\n|\n|t:|1701120853\n|move|p2a: Politoed|Protect|p2a: Politoed\n|-singleturn|p2a: Politoed|Protect\n|move|p1b: Regidrago|Protect|p1b: Regidrago\n|-singleturn|p1b: Regidrago|Protect\n|move|p1a: Tornadus|Bleakwind Storm|p2b: Braviary|[spread] p2b\n|-activate|p2a: Politoed|move: Protect\n|-damage|p2b: Braviary|0 fnt\n|faint|p2b: Braviary\n|\n|-weather|none\n|upkeep\n|\n|t:|1701120860\n|switch|p2b: Rillaboom|Rillaboom, L50, F|100\/100\n|-fieldstart|move: Grassy Terrain|[from] ability: Grassy Surge|[of] p2b: Rillaboom\n|turn|7\n|\n|t:|1701120878\n|move|p2b: Rillaboom|Fake Out|p1b: Regidrago\n|-damage|p1b: Regidrago|41\/100\n|move|p1a: Tornadus|Bleakwind Storm|p2b: Rillaboom|[spread] p2a\n|-miss|p1a: Tornadus|p2b: Rillaboom\n|-damage|p2a: Politoed|0 fnt\n|faint|p2a: Politoed\n|cant|p1b: Regidrago|flinch\n|\n|-heal|p1b: Regidrago|48\/100|[from] Grassy Terrain\n|upkeep\n|turn|8\n|\n|t:|1701120892\n|move|p1b: Regidrago|Protect|p1b: Regidrago\n|-singleturn|p1b: Regidrago|Protect\n|move|p1a: Tornadus|Tailwind|p1a: Tornadus\n|-sidestart|p1: Pallante4|move: Tailwind\n|move|p2b: Rillaboom|Grassy Glide|p1a: Tornadus\n|-resisted|p1a: Tornadus\n|-damage|p1a: Tornadus|49\/100\n|\n|-heal|p1b: Regidrago|54\/100|[from] Grassy Terrain\n|upkeep\n|turn|9\n|\n|t:|1701120910\n|move|p1a: Tornadus|Bleakwind Storm|p2b: Rillaboom\n|-supereffective|p2b: Rillaboom\n|-damage|p2b: Rillaboom|37\/100\n|move|p1b: Regidrago|Draco Meteor|p2b: Rillaboom\n|-damage|p2b: Rillaboom|0 fnt\n|-unboost|p1b: Regidrago|spa|2\n|faint|p2b: Rillaboom\n|\n|win|Pallante4\n|c|&|\/uhtml prompt-pallante4,Pallante4 is ready for game 2!\n|inactive|Buildozzo has 50 seconds to confirm battle start!\n|c|&|\/uhtml prompt-buildozzo,Buildozzo is ready for game 2!\nBoth players are ready! Starting next match!\n|l|\u2606Buildozzo\n","uploadtime":1701121246,"views":14,"p1id":"pallante4","p2id":"buildozzo","formatid":"gen9vgc2023regulatione","rating":0,"private":0,"password":""}