{"id":"gen9vgc2023regulatione-1988625934","p1":"Rebornsan93","p2":"bb_hachi8","format":"[Gen 9] VGC 2023 Regulation E","log":"|j|\u2606Rebornsan93\n|j|\u2606bb_hachi8\n|n|\u2606Rebornsan93|rebornsan93\n|n|\u2606bb_hachi8|bbhachi8\n|html|View the match progress at <a href=\"\/game-bestof3-gen9vgc2023regulatione-1988625933\">game-bestof3-gen9vgc2023regulatione-1988625933<\/a>\n|t:|1699743437\n|gametype|doubles\n|player|p1|Rebornsan93|koga|\n|player|p2|bb_hachi8|veteranf|\n|teamsize|p1|6\n|teamsize|p2|6\n|gen|9\n|tier|[Gen 9] VGC 2023 Regulation E\n|rule|Species Clause: Limit one of each Pok\u00e9mon\n|rule|Item Clause: Limit one of each item\n|clearpoke\n|poke|p1|Iron Bundle, L50|\n|poke|p1|Arcanine-Hisui, L50, M|\n|poke|p1|Tyranitar, L50, M|\n|poke|p1|Kommo-o, L50, M|\n|poke|p1|Rillaboom, L50, F|\n|poke|p1|Flutter Mane, L50|\n|poke|p2|Tornadus, L50, M|\n|poke|p2|Arcanine-Hisui, L50, M|\n|poke|p2|Iron Hands, L50|\n|poke|p2|Urshifu-*, L50, M|\n|poke|p2|Sinistcha, L50|\n|poke|p2|Chien-Pao, L50|\n|teampreview|4\nbb_hachi8 has agreed to open team sheets.\n|j| lucasarreguy\nRebornsan93 has agreed to open team sheets.\n|showteam|p1|Iron Bundle||BoosterEnergy|QuarkDrive|HydroPump,Protect,IcyWind,FreezeDry||||||50|,,,,,Ghost]Arcanine-Hisui||SitrusBerry|Intimidate|FlareBlitz,RockSlide,WillOWisp,Howl|||M|||50|,,,,,Water]Tyranitar||AssaultVest|SandStream|KnockOff,LowKick,RockSlide,TeraBlast|||M|||50|,,,,,Psychic]Kommo-o||Leftovers|Bulletproof|IronHead,IronDefense,Protect,BodyPress|||M|||50|,,,,,Steel]Rillaboom||MiracleSeed|GrassySurge|WoodHammer,FakeOut,Taunt,GrassyGlide|||F|||50|,,,,,Grass]Flutter Mane||ChoiceSpecs|Protosynthesis|DazzlingGleam,Psyshock,ShadowBall,Moonblast||||||50|,,,,,Fairy\n|showteam|p2|Tornadus||SharpBeak|Prankster|BleakwindStorm,Tailwind,Taunt,Leer|||M|||50|,,,,,Ghost]Arcanine-Hisui||ChoiceBand|Intimidate|ExtremeSpeed,RockSlide,FlareBlitz,TeraBlast|||M|||50|,,,,,Fairy]Iron Hands||ClearAmulet|QuarkDrive|FakeOut,WildCharge,CloseCombat,IcePunch||||||50|,,,,,Grass]Urshifu-Rapid-Strike||ChoiceScarf|UnseenFist|SurgingStrikes,AquaJet,CloseCombat,Uturn|||M|||50|,,,,,Water]Sinistcha||SitrusBerry|Heatproof|NastyPlot,RagePowder,ShadowBall,MatchaGotcha||||||50|,,,,,Steel]Chien-Pao||FocusSash|SwordofRuin|IceSpinner,SuckerPunch,LashOut,Protect||||||50|,,,,,Ghost\n|j| ShimeNaruka\n|c| lucasarreguy|podem come\u00e7ar\n|\n|t:|1699743521\n|start\n|switch|p1a: Kommo-o|Kommo-o, L50, M|100\/100\n|switch|p1b: Arcanine|Arcanine-Hisui, L50, M|100\/100\n|switch|p2a: Thatcher|Iron Hands, L50|100\/100\n|switch|p2b: Frente fria|Tornadus, L50, M, shiny|100\/100\n|-ability|p1b: Arcanine|Intimidate|boost\n|-fail|p2a: Thatcher|unboost|[from] item: Clear Amulet|[of] p2a: Thatcher\n|-unboost|p2b: Frente fria|atk|1\n|turn|1\n|\n|t:|1699743578\n|move|p1a: Kommo-o|Protect|p1a: Kommo-o\n|-singleturn|p1a: Kommo-o|Protect\n|move|p2a: Thatcher|Fake Out|p1a: Kommo-o\n|-activate|p1a: Kommo-o|move: Protect\n|move|p2b: Frente fria|Taunt|p1b: Arcanine\n|-start|p1b: Arcanine|move: Taunt\n|cant|p1b: Arcanine|move: Taunt|Will-O-Wisp\n|\n|upkeep\n|turn|2\n|c|\u2606Rebornsan93|aaaaaa\n|c|\u2606bb_hachi8|kek\n|\n|t:|1699743623\n|move|p2b: Frente fria|Tailwind|p2b: Frente fria\n|-sidestart|p2: bb_hachi8|move: Tailwind\n|move|p2a: Thatcher|Ice Punch|p1a: Kommo-o\n|-supereffective|p1a: Kommo-o\n|-damage|p1a: Kommo-o|52\/100\n|move|p1b: Arcanine|Flare Blitz|p2b: Frente fria\n|-damage|p2b: Frente fria|29\/100\n|-damage|p1b: Arcanine|77\/100|[from] Recoil\n|move|p1a: Kommo-o|Iron Defense|p1a: Kommo-o\n|-boost|p1a: Kommo-o|def|2\n|\n|-heal|p1a: Kommo-o|58\/100|[from] item: Leftovers\n|upkeep\n|turn|3\n|\n|t:|1699743662\n|-terastallize|p1b: Arcanine|Water\n|move|p1a: Kommo-o|Protect|p1a: Kommo-o\n|-singleturn|p1a: Kommo-o|Protect\n|move|p2b: Frente fria|Bleakwind Storm|p1b: Arcanine|[spread] p1b\n|-activate|p1a: Kommo-o|move: Protect\n|-damage|p1b: Arcanine|25\/100\n|-enditem|p1b: Arcanine|Sitrus Berry|[eat]\n|-heal|p1b: Arcanine|50\/100|[from] item: Sitrus Berry\n|move|p2a: Thatcher|Close Combat|p1b: Arcanine\n|-crit|p1b: Arcanine\n|-damage|p1b: Arcanine|0 fnt\n|-unboost|p2a: Thatcher|def|1\n|-unboost|p2a: Thatcher|spd|1\n|faint|p1b: Arcanine\n|\n|-heal|p1a: Kommo-o|64\/100|[from] item: Leftovers\n|upkeep\n|j| DorititosKiller\n|\n|t:|1699743683\n|switch|p1b: Rillaboom|Rillaboom, L50, F|100\/100\n|-fieldstart|move: Grassy Terrain|[from] ability: Grassy Surge|[of] p1b: Rillaboom\n|turn|4\n|j| Yuri\n|\n|t:|1699743745\n|-end|p2a: Thatcher|Quark Drive|[silent]\n|switch|p2a: Balu|Urshifu-Rapid-Strike, L50, M|100\/100\n|move|p1b: Rillaboom|Fake Out|p2b: Frente fria\n|-damage|p2b: Frente fria|8\/100\n|cant|p2b: Frente fria|flinch\n|move|p1a: Kommo-o|Body Press|p2a: Balu\n|-damage|p2a: Balu|15\/100\n|\n|-heal|p2a: Balu|22\/100|[from] Grassy Terrain\n|-heal|p1a: Kommo-o|70\/100|[from] Grassy Terrain\n|-heal|p1a: Kommo-o|76\/100|[from] item: Leftovers\n|upkeep\n|turn|5\n|j| PSmonteiro\n|\n|t:|1699743864\n|move|p1b: Rillaboom|Grassy Glide|p2a: Balu\n|-supereffective|p2a: Balu\n|-damage|p2a: Balu|0 fnt\n|faint|p2a: Balu\n|move|p2b: Frente fria|Bleakwind Storm|p1a: Kommo-o|[spread] p1b\n|-miss|p2b: Frente fria|p1a: Kommo-o\n|-supereffective|p1b: Rillaboom\n|-damage|p1b: Rillaboom|1\/100\n|move|p1a: Kommo-o|Iron Head|p2b: Frente fria\n|-damage|p2b: Frente fria|0 fnt\n|faint|p2b: Frente fria\n|\n|-heal|p1b: Rillaboom|7\/100|[from] Grassy Terrain\n|-heal|p1a: Kommo-o|82\/100|[from] Grassy Terrain\n|-heal|p1a: Kommo-o|88\/100|[from] item: Leftovers\n|-sideend|p2: bb_hachi8|move: Tailwind\n|upkeep\n|c| lucasarreguy|sash natural :O\n|\n|t:|1699743881\n|switch|p2b: Thatcher|Iron Hands, L50|100\/100\n|switch|p2a: Sherekan|Chien-Pao, L50|100\/100\n|-ability|p2a: Sherekan|Sword of Ruin\n|turn|6\n|\n|t:|1699743919\n|-terastallize|p2a: Sherekan|Ghost\n|move|p2b: Thatcher|Fake Out|p1b: Rillaboom\n|-damage|p1b: Rillaboom|0 fnt\n|faint|p1b: Rillaboom\n|move|p2a: Sherekan|Ice Spinner|p1a: Kommo-o\n|-supereffective|p1a: Kommo-o\n|-damage|p1a: Kommo-o|44\/100\n|-fieldend|move: Grassy Terrain\n|move|p1a: Kommo-o|Body Press|p2a: Sherekan\n|-immune|p2a: Sherekan\n|\n|-heal|p1a: Kommo-o|50\/100|[from] item: Leftovers\n|upkeep\n|\n|t:|1699743928\n|switch|p1b: Flutter Mane|Flutter Mane, L50|100\/100\n|turn|7\n|\n|t:|1699743971\n|move|p2a: Sherekan|Ice Spinner|p1b: Flutter Mane\n|-crit|p1b: Flutter Mane\n|-damage|p1b: Flutter Mane|0 fnt\n|faint|p1b: Flutter Mane\n|-end|p1b: Flutter Mane|Protosynthesis|[silent]\n|move|p1a: Kommo-o|Iron Head|p2a: Sherekan\n|-damage|p2a: Sherekan|68\/100\n|move|p2b: Thatcher|Ice Punch|p1a: Kommo-o\n|-supereffective|p1a: Kommo-o\n|-damage|p1a: Kommo-o|20\/100\n|\n|-heal|p1a: Kommo-o|26\/100|[from] item: Leftovers\n|upkeep\n|turn|8\n|\n|t:|1699744016\n|move|p1a: Kommo-o|Protect|p1a: Kommo-o\n|-singleturn|p1a: Kommo-o|Protect\n|move|p2a: Sherekan|Ice Spinner|p1a: Kommo-o\n|-activate|p1a: Kommo-o|move: Protect\n|move|p2b: Thatcher|Ice Punch|p1a: Kommo-o\n|-activate|p1a: Kommo-o|move: Protect\n|\n|-heal|p1a: Kommo-o|32\/100|[from] item: Leftovers\n|upkeep\n|turn|9\n|\n|t:|1699744030\n|move|p2a: Sherekan|Ice Spinner|p1a: Kommo-o\n|-supereffective|p1a: Kommo-o\n|-damage|p1a: Kommo-o|0 fnt\n|faint|p1a: Kommo-o\n|\n|win|bb_hachi8\n|c|&|\/uhtml prompt-rebornsan93,Rebornsan93 is ready for game 2!\n|c|\u2606bb_hachi8|qq\n|c|&|\/uhtml prompt-bbhachi8,bb_hachi8 is ready for game 2!\nBoth players are ready! Starting next match!\n","uploadtime":1699744058,"views":9,"p1id":"rebornsan93","p2id":"bbhachi8","formatid":"gen9vgc2023regulatione","rating":0,"private":0,"password":""}