{"id":"gen9vgc2023regulatione-1989417087","p1":"DeEternal","p2":"bobdahbuilder","format":"[Gen 9] VGC 2023 Regulation E","log":"|j|\u2606DeEternal\n|j|\u2606bobdahbuilder\n|t:|1699847538\n|gametype|doubles\n|player|p1|DeEternal|blue|1426\n|player|p2|bobdahbuilder|rocketgrunt|1426\n|teamsize|p1|6\n|teamsize|p2|6\n|gen|9\n|tier|[Gen 9] VGC 2023 Regulation E\n|rated|\n|rule|Species Clause: Limit one of each Pok\u00e9mon\n|rule|Item Clause: Limit one of each item\n|clearpoke\n|poke|p1|Heatran, L50, F|\n|poke|p1|Ogerpon-Wellspring, L50, F|\n|poke|p1|Iron Hands, L50|\n|poke|p1|Sinistcha-Masterpiece, L50|\n|poke|p1|Roaring Moon, L50|\n|poke|p1|Articuno-Galar, L50|\n|poke|p2|Urshifu-*, L50, M|\n|poke|p2|Rillaboom, L50, M|\n|poke|p2|Landorus-Therian, L50, M|\n|poke|p2|Ogerpon-Wellspring, L50, F|\n|poke|p2|Heatran, L50, F|\n|poke|p2|Spectrier, L50|\n|teampreview|4\n|\n|t:|1699847584\n|start\n|switch|p1a: Articuno|Articuno-Galar, L50, shiny|100\/100\n|switch|p1b: Roaring Moon|Roaring Moon, L50, shiny|100\/100\n|switch|p2a: Spectrier|Spectrier, L50|100\/100\n|switch|p2b: Urshifu|Urshifu, L50, M|100\/100\n|-enditem|p1b: Roaring Moon|Booster Energy\n|-activate|p1b: Roaring Moon|ability: Protosynthesis|[fromitem]\n|-start|p1b: Roaring Moon|protosynthesisatk\n|turn|1\n|\n|t:|1699847612\n|switch|p1a: Iron Hands|Iron Hands, L50, shiny|100\/100\n|-terastallize|p2a: Spectrier|Fairy\n|-terastallize|p1b: Roaring Moon|Flying\n|move|p2a: Spectrier|Substitute|p2a: Spectrier\n|-start|p2a: Spectrier|Substitute\n|-damage|p2a: Spectrier|76\/100\n|move|p1b: Roaring Moon|Knock Off|p2a: Spectrier\n|-resisted|p2a: Spectrier\n|-end|p2a: Spectrier|Substitute\n|move|p2b: Urshifu|Wicked Blow|p1a: Iron Hands\n|-resisted|p1a: Iron Hands\n|-crit|p1a: Iron Hands\n|-damage|p1a: Iron Hands|82\/100\n|\n|-heal|p2a: Spectrier|82\/100|[from] item: Leftovers\n|upkeep\n|turn|2\n|\n|t:|1699847639\n|move|p1a: Iron Hands|Fake Out|p2a: Spectrier\n|-damage|p2a: Spectrier|60\/100\n|cant|p2a: Spectrier|flinch\n|move|p1b: Roaring Moon|Acrobatics|p2a: Spectrier\n|-damage|p2a: Spectrier|0 fnt\n|faint|p2a: Spectrier\n|move|p2b: Urshifu|Swords Dance|p2b: Urshifu\n|-boost|p2b: Urshifu|atk|2\n|\n|upkeep\n|\n|t:|1699847653\n|switch|p2a: Rillaboom|Rillaboom, L50, M|100\/100\n|-fieldstart|move: Grassy Terrain|[from] ability: Grassy Surge|[of] p2a: Rillaboom\n|turn|3\n|\n|t:|1699847672\n|move|p2b: Urshifu|Sucker Punch|p1b: Roaring Moon\n|-crit|p1b: Roaring Moon\n|-damage|p1b: Roaring Moon|0 fnt\n|faint|p1b: Roaring Moon\n|-end|p1b: Roaring Moon|Protosynthesis|[silent]\n|move|p2a: Rillaboom|High Horsepower|p1a: Iron Hands\n|-supereffective|p1a: Iron Hands\n|-damage|p1a: Iron Hands|17\/100\n|move|p1a: Iron Hands|Drain Punch|p2b: Urshifu\n|-supereffective|p2b: Urshifu\n|-damage|p2b: Urshifu|22\/100\n|-heal|p1a: Iron Hands|46\/100|[from] drain|[of] p2b: Urshifu\n|\n|-heal|p2b: Urshifu|27\/100|[from] Grassy Terrain\n|-heal|p1a: Iron Hands|52\/100|[from] Grassy Terrain\n|upkeep\n|\n|t:|1699847686\n|switch|p1b: Sinistcha|Sinistcha-Masterpiece, L50, shiny|100\/100\n|-heal|p1a: Iron Hands|77\/100|[from] ability: Hospitality|[of] p1b: Sinistcha\n|turn|4\n|\n|t:|1699847703\n|move|p1b: Sinistcha|Rage Powder|p1b: Sinistcha\n|-singleturn|p1b: Sinistcha|move: Rage Powder\n|move|p2b: Urshifu|Wicked Blow|p1b: Sinistcha\n|-supereffective|p1b: Sinistcha\n|-crit|p1b: Sinistcha\n|-damage|p1b: Sinistcha|0 fnt\n|-damage|p2b: Urshifu|11\/100|[from] item: Rocky Helmet|[of] p1b: Sinistcha\n|faint|p1b: Sinistcha\n|move|p2a: Rillaboom|High Horsepower|p1a: Iron Hands\n|-supereffective|p1a: Iron Hands\n|-damage|p1a: Iron Hands|10\/100\n|move|p1a: Iron Hands|Drain Punch|p2b: Urshifu\n|-supereffective|p2b: Urshifu\n|-damage|p2b: Urshifu|0 fnt\n|-heal|p1a: Iron Hands|14\/100|[from] drain|[of] p2b: Urshifu\n|faint|p2b: Urshifu\n|\n|-heal|p1a: Iron Hands|20\/100|[from] Grassy Terrain\n|upkeep\n|j| PcistaMasterRace\n|\n|t:|1699847721\n|switch|p2b: Heatran|Heatran, L50, F|100\/100\n|switch|p1b: Articuno|Articuno-Galar, L50, shiny|100\/100\n|turn|5\n|\n|t:|1699847742\n|move|p1b: Articuno|Freezing Glare|p2a: Rillaboom\n|-damage|p2a: Rillaboom|44\/100\n|move|p2a: Rillaboom|High Horsepower|p1a: Iron Hands\n|-supereffective|p1a: Iron Hands\n|-damage|p1a: Iron Hands|0 fnt\n|faint|p1a: Iron Hands\n|-end|p1a: Iron Hands|Quark Drive|[silent]\n|move|p2b: Heatran|Flash Cannon|p1b: Articuno\n|-damage|p1b: Articuno|52\/100\n|-damage|p2b: Heatran|91\/100|[from] item: Life Orb\n|\n|-heal|p2a: Rillaboom|50\/100|[from] Grassy Terrain\n|-heal|p2b: Heatran|97\/100|[from] Grassy Terrain\n|upkeep\n|turn|6\n|\n|t:|1699847759\n|move|p1b: Articuno|Freezing Glare|p2a: Rillaboom\n|-damage|p2a: Rillaboom|0 fnt\n|faint|p2a: Rillaboom\n|move|p2b: Heatran|Heat Wave|p1b: Articuno\n|-damage|p1b: Articuno|0 fnt\n|faint|p1b: Articuno\n|-damage|p2b: Heatran|88\/100|[from] item: Life Orb\n|\n|win|bobdahbuilder\n|raw|DeEternal's rating: 1426 &rarr; <strong>1406<\/strong><br \/>(-20 for losing)\n|raw|bobdahbuilder's rating: 1426 &rarr; <strong>1446<\/strong><br \/>(+20 for winning)\n|l|\u2606DeEternal\n|l|\u2606bobdahbuilder\n|j|\u2606bobdahbuilder\n|player|p2|bobdahbuilder|rocketgrunt\n|l|\u2606bobdahbuilder\n|player|p2|\n|j|\u2606bobdahbuilder\n|player|p2|bobdahbuilder|rocketgrunt\n|l|\u2606bobdahbuilder\n|player|p2|\n","uploadtime":1699848106,"views":13,"p1id":"deeternal","p2id":"bobdahbuilder","formatid":"gen9vgc2023regulatione","rating":1406,"private":0,"password":""}