{"id":"gen9vgc2023regulatione-1994794040","p1":"BenGetsWeird","p2":"MrMcNukington","format":"[Gen 9] VGC 2023 Regulation E","log":"|j|\u2606BenGetsWeird\n|j|\u2606MrMcNukington\n|t:|1700493388\n|gametype|doubles\n|player|p1|BenGetsWeird|candice|1391\n|player|p2|MrMcNukington|will|1309\n|teamsize|p1|6\n|teamsize|p2|6\n|gen|9\n|tier|[Gen 9] VGC 2023 Regulation E\n|rated|\n|rule|Species Clause: Limit one of each Pok\u00e9mon\n|rule|Item Clause: Limit one of each item\n|clearpoke\n|poke|p1|Tornadus, L50, M|\n|poke|p1|Regidrago, L50|\n|poke|p1|Heatran, L50, F|\n|poke|p1|Flutter Mane, L50|\n|poke|p1|Urshifu-*, L50, F|\n|poke|p1|Kingambit, L50, F|\n|poke|p2|Chien-Pao, L50|\n|poke|p2|Dragonite, L50, M|\n|poke|p2|Heatran, L50, M|\n|poke|p2|Rillaboom, L50, F|\n|poke|p2|Urshifu-*, L50, F|\n|poke|p2|Farigiraf, L50, M|\n|teampreview|4\n|inactive|Battle timer is ON: inactive players will automatically lose when time's up. (requested by BenGetsWeird)\n|inactive|BenGetsWeird has 60 seconds left.\n|inactive|MrMcNukington has 60 seconds left.\n|inactive|BenGetsWeird has 30 seconds left.\n|\n|t:|1700493457\n|start\n|switch|p1a: Cere-Bro|Tornadus, L50, M|100\/100\n|switch|p1b: Pain Killer|Regidrago, L50, shiny|100\/100\n|switch|p2a: Farigiraf|Farigiraf, L50, M|100\/100\n|switch|p2b: Urshifu|Urshifu-Rapid-Strike, L50, F|100\/100\n|turn|1\n|\n|t:|1700493471\n|move|p1a: Cere-Bro|Tailwind|p1a: Cere-Bro\n|-sidestart|p1: BenGetsWeird|move: Tailwind\n|move|p1b: Pain Killer|Dragon Energy|p2a: Farigiraf|[spread] p2a,p2b\n|-damage|p2a: Farigiraf|0 fnt\n|-damage|p2b: Urshifu|0 fnt\n|faint|p2a: Farigiraf\n|faint|p2b: Urshifu\n|\n|upkeep\n|\n|t:|1700493477\n|switch|p2b: Chien-Pao|Chien-Pao, L50|100\/100\n|switch|p2a: Dragonite|Dragonite, L50, M|100\/100\n|-ability|p2b: Chien-Pao|Sword of Ruin\n|turn|2\n|\n|t:|1700493494\n|-terastallize|p1b: Pain Killer|Steel\n|-terastallize|p2a: Dragonite|Normal\n|move|p2b: Chien-Pao|Protect|p2b: Chien-Pao\n|-singleturn|p2b: Chien-Pao|Protect\n|move|p2a: Dragonite|Extreme Speed|p1b: Pain Killer\n|-resisted|p1b: Pain Killer\n|-damage|p1b: Pain Killer|47\/100\n|move|p1a: Cere-Bro|Icy Wind|p2b: Chien-Pao|[spread] p2a\n|-activate|p2b: Chien-Pao|move: Protect\n|-damage|p2a: Dragonite|90\/100\n|-unboost|p2a: Dragonite|spe|1\n|move|p1b: Pain Killer|Dragon Energy|p2b: Chien-Pao|[spread] p2a\n|-activate|p2b: Chien-Pao|move: Protect\n|-damage|p2a: Dragonite|45\/100\n|\n|upkeep\n|turn|3\n|inactive|BenGetsWeird has 30 seconds left.\n|\n|t:|1700493526\n|switch|p1b: Phantasma|Flutter Mane, L50, shiny|100\/100\n|move|p2a: Dragonite|Extreme Speed|p1b: Phantasma\n|-immune|p1b: Phantasma\n|move|p1a: Cere-Bro|Icy Wind|p2b: Chien-Pao|[spread] p2a,p2b\n|-resisted|p2b: Chien-Pao\n|-damage|p2a: Dragonite|33\/100\n|-damage|p2b: Chien-Pao|91\/100\n|-unboost|p2a: Dragonite|spe|1\n|-unboost|p2b: Chien-Pao|spe|1\n|move|p2b: Chien-Pao|Icicle Crash|p1a: Cere-Bro\n|-supereffective|p1a: Cere-Bro\n|-damage|p1a: Cere-Bro|0 fnt\n|faint|p1a: Cere-Bro\n|\n|upkeep\n|\n|t:|1700493547\n|switch|p1a: Pain Killer|Regidrago, L50, shiny, tera:Steel|47\/100\n|turn|4\n|\n|t:|1700493557\n|move|p1a: Pain Killer|Protect|p1a: Pain Killer\n|-singleturn|p1a: Pain Killer|Protect\n|move|p2b: Chien-Pao|Protect|p2b: Chien-Pao\n|-singleturn|p2b: Chien-Pao|Protect\n|move|p2a: Dragonite|Extreme Speed|p1a: Pain Killer\n|-activate|p1a: Pain Killer|move: Protect\n|move|p1b: Phantasma|Dazzling Gleam|p2a: Dragonite|[spread] p2a\n|-activate|p2b: Chien-Pao|move: Protect\n|-damage|p2a: Dragonite|0 fnt\n|faint|p2a: Dragonite\n|\n|-sideend|p1: BenGetsWeird|move: Tailwind\n|upkeep\n|turn|5\n|\n|t:|1700493567\n|move|p1b: Phantasma|Moonblast|p2b: Chien-Pao\n|-supereffective|p2b: Chien-Pao\n|-damage|p2b: Chien-Pao|0 fnt\n|faint|p2b: Chien-Pao\n|\n|win|BenGetsWeird\n|raw|BenGetsWeird's rating: 1391 &rarr; <strong>1406<\/strong><br \/>(+15 for winning)\n|raw|MrMcNukington's rating: 1309 &rarr; <strong>1294<\/strong><br \/>(-15 for losing)\n|l|\u2606MrMcNukington\n","uploadtime":1700493582,"views":20,"p1id":"bengetsweird","p2id":"mrmcnukington","formatid":"gen9vgc2023regulatione","rating":1294,"private":0,"password":""}