{"id":"gen9vgc2023regulatione-1997948458","p1":"RymoSC","p2":"AbsRam","format":"[Gen 9] VGC 2023 Regulation E","log":"|j|\u2606RymoSC\n|j|\u2606AbsRam\n|t:|1700870957\n|gametype|doubles\n|player|p1|RymoSC|1|1334\n|player|p2|AbsRam|1|1433\n|teamsize|p1|6\n|teamsize|p2|6\n|gen|9\n|tier|[Gen 9] VGC 2023 Regulation E\n|rated|\n|rule|Species Clause: Limit one of each Pok\u00e9mon\n|rule|Item Clause: Limit one of each item\n|clearpoke\n|poke|p1|Ninetales-Alola, L50, F|\n|poke|p1|Empoleon, L50, F|\n|poke|p1|Baxcalibur, L50, M|\n|poke|p1|Landorus-Therian, L50, M|\n|poke|p1|Sinistcha, L50|\n|poke|p1|Talonflame, L50, M|\n|poke|p2|Grimmsnarl, L50, M|\n|poke|p2|Iron Bundle, L50|\n|poke|p2|Abomasnow, L50, F|\n|poke|p2|Ursaluna, L50, M|\n|poke|p2|Cresselia, L50, F|\n|poke|p2|Arcanine-Hisui, L50, F|\n|teampreview|4\n|inactive|Battle timer is ON: inactive players will automatically lose when time's up. (requested by RymoSC)\n|\n|t:|1700870997\n|start\n|switch|p1a: Empoleon|Empoleon, L50, F|100\/100\n|switch|p1b: Talonflame|Talonflame, L50, M|100\/100\n|switch|p2a: Iron Bundle|Iron Bundle, L50|100\/100\n|switch|p2b: Abomasnow|Abomasnow, L50, F, shiny|100\/100\n|-weather|Snow|[from] ability: Snow Warning|[of] p2b: Abomasnow\n|-enditem|p2a: Iron Bundle|Booster Energy\n|-activate|p2a: Iron Bundle|ability: Quark Drive|[fromitem]\n|-start|p2a: Iron Bundle|quarkdrivespe\n|turn|1\n|inactive|RymoSC has 30 seconds left.\n|inactive|AbsRam has 30 seconds left.\n|inactive|RymoSC has 20 seconds left.\n|inactive|RymoSC has 15 seconds left.\n|inactive|RymoSC has 10 seconds left.\n|\n|t:|1700871045\n|switch|p1b: Baxcalibur|Baxcalibur, L50, M|100\/100\n|move|p2a: Iron Bundle|Aurora Veil|p2a: Iron Bundle\n|-sidestart|p2: AbsRam|move: Aurora Veil\n|move|p2b: Abomasnow|Earth Power|p1a: Empoleon\n|-supereffective|p1a: Empoleon\n|-damage|p1a: Empoleon|65\/100\n|move|p1a: Empoleon|Flash Cannon|p2b: Abomasnow\n|-supereffective|p2b: Abomasnow\n|-damage|p2b: Abomasnow|63\/100\n|\n|-weather|Snow|[upkeep]\n|upkeep\n|turn|2\n|inactive|AbsRam has 30 seconds left.\n|\n|t:|1700871071\n|move|p2a: Iron Bundle|Freeze-Dry|p1a: Empoleon\n|-damage|p1a: Empoleon|40\/100\n|move|p1b: Baxcalibur|Scale Shot|p2a: Iron Bundle\n|-damage|p2a: Iron Bundle|93\/100\n|-damage|p2a: Iron Bundle|85\/100\n|-damage|p2a: Iron Bundle|77\/100\n|-damage|p2a: Iron Bundle|69\/100\n|-hitcount|p2a: Iron Bundle|4\n|-unboost|p1b: Baxcalibur|def|1\n|-boost|p1b: Baxcalibur|spe|1\n|move|p2b: Abomasnow|Blizzard|p1a: Empoleon|[spread] p1a,p1b\n|-resisted|p1a: Empoleon\n|-damage|p1a: Empoleon|34\/100\n|-damage|p1b: Baxcalibur|64\/100\n|move|p1a: Empoleon|Flash Cannon|p2a: Iron Bundle\n|-damage|p2a: Iron Bundle|22\/100\n|\n|-weather|Snow|[upkeep]\n|upkeep\n|turn|3\n|inactive|RymoSC has 30 seconds left.\n|inactive|AbsRam has 30 seconds left.\n|inactive|RymoSC has 20 seconds left.\n|inactive|RymoSC has 15 seconds left.\n|inactive|RymoSC has 10 seconds left.\n|\n|t:|1700871118\n|move|p1a: Empoleon|Vacuum Wave|p2a: Iron Bundle\n|-supereffective|p2a: Iron Bundle\n|-damage|p2a: Iron Bundle|0 fnt\n|faint|p2a: Iron Bundle\n|-end|p2a: Iron Bundle|Quark Drive|[silent]\n|move|p1b: Baxcalibur|Scale Shot|p2b: Abomasnow\n|-damage|p2b: Abomasnow|55\/100\n|-damage|p2b: Abomasnow|47\/100\n|-damage|p2b: Abomasnow|40\/100\n|-damage|p2b: Abomasnow|33\/100\n|-hitcount|p2b: Abomasnow|4\n|-unboost|p1b: Baxcalibur|def|1\n|-boost|p1b: Baxcalibur|spe|1\n|move|p2b: Abomasnow|Giga Drain|p1a: Empoleon\n|-crit|p1a: Empoleon\n|-damage|p1a: Empoleon|0 fnt\n|-heal|p2b: Abomasnow|50\/100|[from] drain|[of] p1a: Empoleon\n|faint|p1a: Empoleon\n|\n|-weather|Snow|[upkeep]\n|upkeep\n|inactive|RymoSC has 30 seconds left.\n|\n|t:|1700871144\n|switch|p2a: Cresselia|Cresselia, L50, F, shiny|100\/100\n|switch|p1a: Talonflame|Talonflame, L50, M|100\/100\n|turn|4\n|\n|t:|1700871159\n|move|p1a: Talonflame|Acrobatics|p2b: Abomasnow\n|-supereffective|p2b: Abomasnow\n|-damage|p2b: Abomasnow|2\/100\n|move|p1b: Baxcalibur|Icicle Spear|p2a: Cresselia\n|-damage|p2a: Cresselia|94\/100\n|-damage|p2a: Cresselia|88\/100\n|-damage|p2a: Cresselia|82\/100\n|-damage|p2a: Cresselia|75\/100\n|-damage|p2a: Cresselia|68\/100\n|-hitcount|p2a: Cresselia|5\n|move|p2b: Abomasnow|Blizzard|p1b: Baxcalibur|[spread] p1a,p1b\n|-damage|p1a: Talonflame|42\/100\n|-damage|p1b: Baxcalibur|24\/100\n|move|p2a: Cresselia|Trick Room|p2a: Cresselia\n|-fieldstart|move: Trick Room|[of] p2a: Cresselia\n|\n|-weather|Snow|[upkeep]\n|upkeep\n|turn|5\n|inactive|RymoSC has 30 seconds left.\n|\n|t:|1700871190\n|move|p1b: Baxcalibur|Protect|p1b: Baxcalibur\n|-singleturn|p1b: Baxcalibur|Protect\n|move|p2a: Cresselia|Ally Switch|p2a: Cresselia\n|swap|p2a: Cresselia|1|[from] move: Ally Switch\n|move|p2a: Abomasnow|Blizzard|p1b: Baxcalibur|[spread] p1a\n|-activate|p1b: Baxcalibur|move: Protect\n|-damage|p1a: Talonflame|0 fnt\n|faint|p1a: Talonflame\n|\n|-weather|none\n|-sideend|p2: AbsRam|move: Aurora Veil\n|upkeep\n|\n|t:|1700871196\n|switch|p1a: Landorus|Landorus-Therian, L50, M|100\/100\n|-ability|p1a: Landorus|Intimidate|boost\n|-unboost|p2a: Abomasnow|atk|1\n|-unboost|p2b: Cresselia|atk|1\n|turn|6\n|\n|t:|1700871210\n|-terastallize|p1a: Landorus|Flying\n|move|p2b: Cresselia|Ice Beam|p1a: Landorus\n|-supereffective|p1a: Landorus\n|-damage|p1a: Landorus|57\/100\n|move|p2a: Abomasnow|Giga Drain|p1a: Landorus\n|-resisted|p1a: Landorus\n|-damage|p1a: Landorus|36\/100\n|-heal|p2a: Abomasnow|10\/100|[from] drain|[of] p1a: Landorus\n|move|p1a: Landorus|Rock Slide|p2b: Cresselia|[spread] p2a,p2b\n|-supereffective|p2a: Abomasnow\n|-damage|p2a: Abomasnow|0 fnt\n|-damage|p2b: Cresselia|53\/100\n|faint|p2a: Abomasnow\n|move|p1b: Baxcalibur|Swords Dance|p1b: Baxcalibur\n|-boost|p1b: Baxcalibur|atk|2\n|\n|upkeep\n|\n|t:|1700871226\n|switch|p2a: Ursaluna|Ursaluna, L50, M|100\/100\n|turn|7\n|\n|t:|1700871239\n|-terastallize|p2a: Ursaluna|Fairy\n|move|p2a: Ursaluna|Play Rough|p1b: Baxcalibur\n|-supereffective|p1b: Baxcalibur\n|-damage|p1b: Baxcalibur|0 fnt\n|faint|p1b: Baxcalibur\n|move|p2b: Cresselia|Ice Beam|p1a: Landorus\n|-supereffective|p1a: Landorus\n|-damage|p1a: Landorus|0 fnt\n|faint|p1a: Landorus\n|\n|win|AbsRam\n|raw|RymoSC's rating: 1334 &rarr; <strong>1320<\/strong><br \/>(-14 for losing)\n|raw|AbsRam's rating: 1433 &rarr; <strong>1447<\/strong><br \/>(+14 for winning)\n|l|\u2606RymoSC\n","uploadtime":1700871259,"views":7,"p1id":"rymosc","p2id":"absram","formatid":"gen9vgc2023regulatione","rating":1320,"private":0,"password":""}