{"id":"gen9vgc2023regulatione-1995588387","p1":"Feverqweem","p2":"bwahacough","format":"[Gen 9] VGC 2023 Regulation E","log":"|j|\u203dFeverqweem\n|j|\u2606bwahacough\n|t:|1700585351\n|gametype|doubles\n|player|p1|Feverqweem|265|1512\n|player|p2|bwahacough|medium|1672\n|teamsize|p1|6\n|teamsize|p2|6\n|gen|9\n|tier|[Gen 9] VGC 2023 Regulation E\n|rated|\n|rule|Species Clause: Limit one of each Pok\u00e9mon\n|rule|Item Clause: Limit one of each item\n|clearpoke\n|poke|p1|Roaring Moon, L50|\n|poke|p1|Gholdengo, L50|\n|poke|p1|Chien-Pao, L50|\n|poke|p1|Arcanine-Hisui, L50, F|\n|poke|p1|Urshifu-*, L50, F|\n|poke|p1|Rillaboom, L50, M|\n|poke|p2|Lycanroc-Dusk, L50, M|\n|poke|p2|Tornadus, L50, M|\n|poke|p2|Urshifu-*, L50, M|\n|poke|p2|Farigiraf, L50, M|\n|poke|p2|Sinistcha, L50|\n|poke|p2|Iron Bundle, L50|\n|teampreview|4\n|\n|t:|1700585378\n|start\n|switch|p1a: Arcanine|Arcanine-Hisui, L50, F|100\/100\n|switch|p1b: Roaring Moon|Roaring Moon, L50|100\/100\n|switch|p2a: Tornadus|Tornadus, L50, M, shiny|100\/100\n|switch|p2b: Urshifu|Urshifu-Rapid-Strike, L50, M|100\/100\n|-ability|p1a: Arcanine|Intimidate|boost\n|-unboost|p2a: Tornadus|atk|1\n|-unboost|p2b: Urshifu|atk|1\n|-enditem|p1b: Roaring Moon|Booster Energy\n|-activate|p1b: Roaring Moon|ability: Protosynthesis|[fromitem]\n|-start|p1b: Roaring Moon|protosynthesisspe\n|turn|1\n|\n|t:|1700585406\n|-terastallize|p1a: Arcanine|Fairy\n|move|p2a: Tornadus|Tailwind|p2a: Tornadus\n|-sidestart|p2: bwahacough|move: Tailwind\n|move|p1b: Roaring Moon|Tailwind|p1b: Roaring Moon\n|-sidestart|p1: Feverqweem|move: Tailwind\n|move|p1a: Arcanine|Tera Blast|p2b: Urshifu|[anim] Tera Blast Fairy\n|-supereffective|p2b: Urshifu\n|-damage|p2b: Urshifu|0 fnt\n|faint|p2b: Urshifu\n|\n|upkeep\n|\n|t:|1700585409\n|switch|p2b: Farigiraf|Farigiraf, L50, M, shiny|100\/100\n|turn|2\n|\n|t:|1700585425\n|switch|p1a: Gholdengo|Gholdengo, L50|100\/100\n|-terastallize|p2b: Farigiraf|Fairy\n|move|p1b: Roaring Moon|Knock Off|p2b: Farigiraf\n|-resisted|p2b: Farigiraf\n|-damage|p2b: Farigiraf|83\/100\n|-enditem|p2b: Farigiraf|Sitrus Berry|[from] move: Knock Off|[of] p1b: Roaring Moon\n|move|p2a: Tornadus|Bleakwind Storm|p1b: Roaring Moon|[spread] p1a,p1b\n|-resisted|p1a: Gholdengo\n|-crit|p1a: Gholdengo\n|-damage|p1a: Gholdengo|77\/100\n|-damage|p1b: Roaring Moon|69\/100\n|-unboost|p1a: Gholdengo|spe|1\n|move|p2b: Farigiraf|Dazzling Gleam|p1b: Roaring Moon|[spread] p1a,p1b\n|-resisted|p1a: Gholdengo\n|-supereffective|p1b: Roaring Moon\n|-damage|p1a: Gholdengo|65\/100\n|-damage|p1b: Roaring Moon|0 fnt\n|faint|p1b: Roaring Moon\n|-end|p1b: Roaring Moon|Protosynthesis|[silent]\n|\n|-heal|p1a: Gholdengo|71\/100|[from] item: Leftovers\n|upkeep\n|\n|t:|1700585441\n|switch|p1b: Arcanine|Arcanine-Hisui, L50, F, tera:Fairy|100\/100\n|-ability|p1b: Arcanine|Intimidate|boost\n|-unboost|p2a: Tornadus|atk|1\n|-unboost|p2b: Farigiraf|atk|1\n|turn|3\n|\n|t:|1700585447\n|move|p2a: Tornadus|Bleakwind Storm|p1a: Gholdengo|[spread] p1a,p1b\n|-resisted|p1a: Gholdengo\n|-crit|p1b: Arcanine\n|-damage|p1a: Gholdengo|55\/100\n|-damage|p1b: Arcanine|41\/100\n|move|p1b: Arcanine|Rock Slide|p2b: Farigiraf|[spread] p2b\n|-miss|p1b: Arcanine|p2a: Tornadus\n|-damage|p2b: Farigiraf|53\/100\n|move|p1a: Gholdengo|Nasty Plot|p1a: Gholdengo\n|-boost|p1a: Gholdengo|spa|2\n|cant|p2b: Farigiraf|flinch\n|\n|-heal|p1a: Gholdengo|61\/100|[from] item: Leftovers\n|upkeep\n|turn|4\n|\n|t:|1700585473\n|move|p2a: Tornadus|Bleakwind Storm|p1a: Gholdengo|[spread] p1a\n|-miss|p2a: Tornadus|p1b: Arcanine\n|-resisted|p1a: Gholdengo\n|-damage|p1a: Gholdengo|43\/100\n|move|p1b: Arcanine|Rock Slide|p2b: Farigiraf|[spread] p2a,p2b\n|-supereffective|p2a: Tornadus\n|-damage|p2a: Tornadus|0 fnt\n|-damage|p2b: Farigiraf|21\/100\n|faint|p2a: Tornadus\n|move|p1a: Gholdengo|Make It Rain|p2b: Farigiraf\n|-supereffective|p2b: Farigiraf\n|-damage|p2b: Farigiraf|0 fnt\n|-unboost|p1a: Gholdengo|spa|1\n|faint|p2b: Farigiraf\n|\n|-heal|p1a: Gholdengo|49\/100|[from] item: Leftovers\n|-sideend|p1: Feverqweem|move: Tailwind\n|-sideend|p2: bwahacough|move: Tailwind\n|upkeep\n|\n|t:|1700585476\n|switch|p2b: Lycanroc|Lycanroc-Dusk, L50, M|100\/100\n|turn|5\n|\n|t:|1700585498\n|move|p1a: Gholdengo|Protect|p1a: Gholdengo\n|-singleturn|p1a: Gholdengo|Protect\n|move|p2b: Lycanroc|Rock Slide|p1a: Gholdengo|[spread] p1b\n|-activate|p1a: Gholdengo|move: Protect\n|-damage|p1b: Arcanine|9\/100\n|move|p1b: Arcanine|Rock Slide|p2b: Lycanroc\n|-damage|p2b: Lycanroc|8\/100\n|\n|-heal|p1a: Gholdengo|56\/100|[from] item: Leftovers\n|upkeep\n|turn|6\n|-message|bwahacough forfeited.\n|\n|win|Feverqweem\n|raw|Feverqweem's rating: 1512 &rarr; <strong>1541<\/strong><br \/>(+29 for winning)\n|raw|bwahacough's rating: 1672 &rarr; <strong>1643<\/strong><br \/>(-29 for losing)\n|l|\u2606bwahacough\n|l|\u203dFeverqweem\n|j|\u203dFeverqweem\n|player|p1|Feverqweem|265\n|n|\u203dFeverqweem|feverqweem\n","uploadtime":1700585870,"views":0,"p1id":"feverqweem","p2id":"bwahacough","formatid":"gen9vgc2023regulatione","rating":1541,"private":0,"password":""}