{"id":"gen9vgc2023regulatione-1999159264","p1":"fayetssf","p2":"Everybo-D","format":"[Gen 9] VGC 2023 Regulation E","log":"|j|\u2606fayetssf\n|j|\u2606Everybo-D\n|n|\u2606fayetssf|fayetssf\n|n|\u2606Everybo-D|everybod\n|html|View the match progress at <a href=\"\/game-bestof3-gen9vgc2023regulatione-1999153671\">game-bestof3-gen9vgc2023regulatione-1999153671<\/a>\n|t:|1701039679\n|gametype|doubles\n|player|p1|fayetssf|iono|\n|player|p2|Everybo-D|266|\n|teamsize|p1|6\n|teamsize|p2|6\n|gen|9\n|tier|[Gen 9] VGC 2023 Regulation E\n|rule|Species Clause: Limit one of each Pok\u00e9mon\n|rule|Item Clause: Limit one of each item\n|clearpoke\n|poke|p1|Weezing-Galar, L50, M|\n|poke|p1|Kingambit, L50, M|\n|poke|p1|Gyarados, L50, M|\n|poke|p1|Clefable, L50, M|\n|poke|p1|Pawmot, L50, F|\n|poke|p1|Dusclops, L50, F|\n|poke|p2|Glastrier, L50|\n|poke|p2|Tyranitar, L50, F|\n|poke|p2|Landorus, L50, M|\n|poke|p2|Houndstone, L50, M|\n|poke|p2|Hariyama, L50, F|\n|poke|p2|Azelf, L50|\n|teampreview|4\n|inactive|Battle timer is ON: inactive players will automatically lose when time's up. (requested by fayetssf)\n|j| Toxic Chain\n|j| DozenSBU\n|inactive|fayetssf has 60 seconds left.\n|inactive|Everybo-D has 60 seconds left.\n|inactive|fayetssf has 30 seconds left.\n|inactive|fayetssf has 20 seconds left.\n|inactive|fayetssf has 15 seconds left.\n|inactive|fayetssf has 10 seconds left.\n|inactive|fayetssf has 5 seconds left.\n|inactiveoff|Battle timer is now OFF.\n|\n|t:|1701039783\n|start\n|switch|p1a: Gyarados|Gyarados, L50, M|100\/100\n|switch|p1b: Dusclops|Dusclops, L50, F|100\/100\n|switch|p2a: Ebenholz|Azelf, L50|100\/100\n|switch|p2b: FlyingFortress|Landorus, L50, M|100\/100\n|-ability|p1a: Gyarados|Intimidate|boost\n|-unboost|p2a: Ebenholz|atk|1\n|-unboost|p2b: FlyingFortress|atk|1\n|-item|p2a: Ebenholz|Focus Sash|[from] ability: Frisk|[of] p1b: Dusclops|[identify]\n|-item|p2b: FlyingFortress|Assault Vest|[from] ability: Frisk|[of] p1b: Dusclops|[identify]\n|turn|1\n|\n|t:|1701039813\n|switch|p1b: Weezing|Weezing-Galar, L50, M|100\/100\n|-ability|p1b: Weezing|Neutralizing Gas\n|move|p2a: Ebenholz|Thunderbolt|p1a: Gyarados\n|-supereffective|p1a: Gyarados\n|-damage|p1a: Gyarados|10\/100\n|move|p2b: FlyingFortress|Earth Power|p1b: Weezing\n|-supereffective|p1b: Weezing\n|-damage|p1b: Weezing|0 fnt\n|faint|p1b: Weezing\n|-end|p1b: Weezing|ability: Neutralizing Gas\n|-ability|p1a: Gyarados|Intimidate|boost\n|-unboost|p2a: Ebenholz|atk|1\n|-unboost|p2b: FlyingFortress|atk|1\n|move|p1a: Gyarados|Whirlpool|p2a: Ebenholz\n|-damage|p2a: Ebenholz|88\/100\n|-activate|p2a: Ebenholz|move: Whirlpool|[of] p1a: Gyarados\n|\n|-heal|p1a: Gyarados|16\/100|[from] item: Leftovers\n|-damage|p2a: Ebenholz|76\/100|[from] move: Whirlpool|[partiallytrapped]\n|upkeep\n|\n|t:|1701039829\n|switch|p1b: Dusclops|Dusclops, L50, F|100\/100\n|-item|p2a: Ebenholz|Focus Sash|[from] ability: Frisk|[of] p1b: Dusclops|[identify]\n|-item|p2b: FlyingFortress|Assault Vest|[from] ability: Frisk|[of] p1b: Dusclops|[identify]\n|turn|2\n|\n|t:|1701039857\n|move|p1a: Gyarados|Protect|p1a: Gyarados\n|-singleturn|p1a: Gyarados|Protect\n|move|p2a: Ebenholz|Taunt|p1b: Dusclops\n|-start|p1b: Dusclops|move: Taunt\n|move|p2b: FlyingFortress|Sludge Bomb|p1a: Gyarados\n|-activate|p1a: Gyarados|move: Protect\n|cant|p1b: Dusclops|move: Taunt|Trick Room\n|\n|-heal|p1a: Gyarados|22\/100|[from] item: Leftovers\n|-damage|p2a: Ebenholz|64\/100|[from] move: Whirlpool|[partiallytrapped]\n|upkeep\n|turn|3\n|\n|t:|1701039878\n|move|p2a: Ebenholz|Flamethrower|p1a: Gyarados\n|-resisted|p1a: Gyarados\n|-damage|p1a: Gyarados|10\/100\n|move|p2b: FlyingFortress|Sludge Bomb|p1a: Gyarados\n|-crit|p1a: Gyarados\n|-damage|p1a: Gyarados|0 fnt\n|faint|p1a: Gyarados\n|move|p1b: Dusclops|Night Shade|p2b: FlyingFortress\n|-damage|p2b: FlyingFortress|75\/100\n|\n|-end|p2a: Ebenholz|Whirlpool|[partiallytrapped]|[silent]\n|upkeep\n|\n|t:|1701039884\n|switch|p1a: Kingambit|Kingambit, L50, M, shiny|100\/100\n|turn|4\n|\n|t:|1701039900\n|move|p2a: Ebenholz|Taunt|p1a: Kingambit\n|-start|p1a: Kingambit|move: Taunt\n|move|p2b: FlyingFortress|Earth Power|p1a: Kingambit\n|-supereffective|p1a: Kingambit\n|-damage|p1a: Kingambit|27\/100\n|move|p1a: Kingambit|Kowtow Cleave|p2b: FlyingFortress\n|-damage|p2b: FlyingFortress|20\/100\n|move|p1b: Dusclops|Night Shade|p2b: FlyingFortress\n|-damage|p2b: FlyingFortress|0 fnt\n|faint|p2b: FlyingFortress\n|\n|-end|p1b: Dusclops|move: Taunt\n|upkeep\n|\n|t:|1701039915\n|switch|p2b: Jackie|Houndstone, L50, M|100\/100\n|turn|5\n|\n|t:|1701039939\n|-terastallize|p2b: Jackie|Fighting\n|-terastallize|p1a: Kingambit|Fairy\n|move|p2a: Ebenholz|Taunt|p1b: Dusclops\n|-start|p1b: Dusclops|move: Taunt\n|move|p2b: Jackie|Will-O-Wisp|p1a: Kingambit\n|-status|p1a: Kingambit|brn\n|move|p1a: Kingambit|Kowtow Cleave|p2b: Jackie\n|-resisted|p2b: Jackie\n|-damage|p2b: Jackie|95\/100\n|move|p1b: Dusclops|Night Shade|p2b: Jackie\n|-damage|p2b: Jackie|67\/100\n|\n|-damage|p1a: Kingambit|21\/100 brn|[from] brn\n|upkeep\n|turn|6\n|\n|t:|1701039959\n|switch|p2a: Bloon Impact|Tyranitar, L50, F|100\/100\n|-weather|Sandstorm|[from] ability: Sand Stream|[of] p2a: Bloon Impact\n|move|p1a: Kingambit|Sucker Punch||[still]\n|-fail|p1a: Kingambit\n|move|p2b: Jackie|Last Respects|p1a: Kingambit\n|-damage|p1a: Kingambit|0 fnt\n|faint|p1a: Kingambit\n|move|p1b: Dusclops|Night Shade|p2b: Jackie\n|-damage|p2b: Jackie|39\/100\n|-enditem|p2b: Jackie|Sitrus Berry|[eat]\n|-heal|p2b: Jackie|64\/100|[from] item: Sitrus Berry\n|\n|-weather|Sandstorm|[upkeep]\n|-damage|p2b: Jackie|57\/100|[from] Sandstorm\n|-damage|p1b: Dusclops|94\/100|[from] Sandstorm\n|upkeep\n|turn|7\n|-message|fayetssf forfeited.\n|\n|win|Everybo-D\n|c|\u2606Everybo-D|Ggs\n|player|p1|fayetssf|iono\n|c|\u2606fayetssf|ggs\n|l| Toxic Chain\n","uploadtime":1701040046,"views":25,"p1id":"fayetssf","p2id":"everybod","formatid":"gen9vgc2023regulatione","rating":0,"private":0,"password":""}