{"id":"gen9vgc2023regulatione-1992846640","p1":"Lromy","p2":"Guakamou","format":"[Gen 9] VGC 2023 Regulation E","log":"|j|\u2606Lromy\n|j|\u2606Guakamou\n|n|\u2606Lromy|lromy\n|n|\u2606Guakamou|guakamou\n|html|View the match progress at <a href=\"\/game-bestof3-gen9vgc2023regulatione-1992839889\">game-bestof3-gen9vgc2023regulatione-1992839889<\/a>\n|t:|1700240533\n|gametype|doubles\n|player|p1|Lromy|artist-gen4|\n|player|p2|Guakamou|palmer|\n|teamsize|p1|6\n|teamsize|p2|6\n|gen|9\n|tier|[Gen 9] VGC 2023 Regulation E\n|rule|Species Clause: Limit one of each Pok\u00e9mon\n|rule|Item Clause: Limit one of each item\n|clearpoke\n|poke|p1|Pelipper, L50, F|\n|poke|p1|Urshifu-*, L50, M|\n|poke|p1|Salamence, L50, F|\n|poke|p1|Gholdengo, L50|\n|poke|p1|Iron Hands, L50|\n|poke|p1|Amoonguss, L50, F|\n|poke|p2|Heatran, L50, M|\n|poke|p2|Landorus-Therian, L50, M|\n|poke|p2|Iron Hands, L50|\n|poke|p2|Iron Bundle, L50|\n|poke|p2|Rillaboom, L50, M|\n|poke|p2|Ogerpon-Hearthflame, L50, F|\n|teampreview|4\nGuakamou has agreed to open team sheets.\n|c|\u2606Guakamou|gg\nLromy has agreed to open team sheets.\n|showteam|p1|Pelipper||FocusSash|Drizzle|Hurricane,WeatherBall,WideGuard,Protect|||F|||50|,,,,,Ghost]Urshifu-Rapid-Strike||ChoiceScarf|UnseenFist|SurgingStrikes,CloseCombat,AquaJet,Uturn|||M|||50|,,,,,Poison]Salamence||LifeOrb|Intimidate|Hurricane,DracoMeteor,Tailwind,Protect|||F|||50|,,,,,Steel]Gholdengo||SitrusBerry|GoodasGold|MakeItRain,ShadowBall,NastyPlot,Protect||||||50|,,,,,Dragon]Iron Hands||AssaultVest|QuarkDrive|DrainPunch,WildCharge,HeavySlam,FakeOut||||||50|,,,,,Grass]Amoonguss||MentalHerb|Regenerator|PollenPuff,RagePowder,Spore,Protect|||F|||50|,,,,,Water\n|showteam|p2|Heatran||LifeOrb|FlashFire|HeatWave,EarthPower,FlashCannon,Protect|||M|||50|,,,,,Fairy]Landorus-Therian||ChoiceScarf|Intimidate|TeraBlast,Uturn,RockSlide,StompingTantrum|||M|||50|,,,,,Flying]Iron Hands||AssaultVest|QuarkDrive|FakeOut,WildCharge,DrainPunch,HeavySlam||||||50|,,,,,Water]Iron Bundle||BoosterEnergy|QuarkDrive|IcyWind,Encore,FreezeDry,Protect||||||50|,,,,,Ghost]Rillaboom||MiracleSeed|GrassySurge|FakeOut,WoodHammer,Uturn,GrassyGlide|||M|||50|,,,,,Grass]Ogerpon-Hearthflame||HearthflameMask|MoldBreaker|IvyCudgel,GrassyGlide,SwordsDance,SpikyShield|||F|||50|,,,,,Fire\n|c|\u2606Lromy|Pas simple a se positionner contre bundle\n|c|\u2606Lromy|C'est plut\u00f4t pas mal comme mon\n|\n|t:|1700240604\n|start\n|switch|p1a: Pelipper|Pelipper, L50, F|100\/100\n|switch|p1b: Gholdengo|Gholdengo, L50|100\/100\n|switch|p2a: Iron Hands|Iron Hands, L50|100\/100\n|switch|p2b: Heatran|Heatran, L50, M|100\/100\n|-weather|RainDance|[from] ability: Drizzle|[of] p1a: Pelipper\n|turn|1\n|\n|t:|1700240637\n|switch|p2b: Iron Bundle|Iron Bundle, L50|100\/100\n|-enditem|p2b: Iron Bundle|Booster Energy\n|-activate|p2b: Iron Bundle|ability: Quark Drive|[fromitem]\n|-start|p2b: Iron Bundle|quarkdrivespe\n|-terastallize|p1b: Gholdengo|Dragon\n|move|p1a: Pelipper|Protect|p1a: Pelipper\n|-singleturn|p1a: Pelipper|Protect\n|move|p1b: Gholdengo|Nasty Plot|p1b: Gholdengo\n|-boost|p1b: Gholdengo|spa|2\n|move|p2a: Iron Hands|Wild Charge|p1a: Pelipper\n|-activate|p1a: Pelipper|move: Protect\n|\n|-weather|RainDance|[upkeep]\n|upkeep\n|turn|2\n|\n|t:|1700240660\n|switch|p1a: Salamence|Salamence, L50, F|100\/100\n|-ability|p1a: Salamence|Intimidate|boost\n|-unboost|p2a: Iron Hands|atk|1\n|-unboost|p2b: Iron Bundle|atk|1\n|move|p2b: Iron Bundle|Protect|p2b: Iron Bundle\n|-singleturn|p2b: Iron Bundle|Protect\n|move|p1b: Gholdengo|Protect|p1b: Gholdengo\n|-singleturn|p1b: Gholdengo|Protect\n|move|p2a: Iron Hands|Drain Punch|p1b: Gholdengo\n|-activate|p1b: Gholdengo|move: Protect\n|\n|-weather|RainDance|[upkeep]\n|upkeep\n|turn|3\n|\n|t:|1700240683\n|move|p2b: Iron Bundle|Icy Wind|p1a: Salamence|[spread] p1a,p1b\n|-supereffective|p1a: Salamence\n|-supereffective|p1b: Gholdengo\n|-damage|p1a: Salamence|18\/100\n|-damage|p1b: Gholdengo|65\/100\n|-unboost|p1a: Salamence|spe|1\n|-unboost|p1b: Gholdengo|spe|1\n|move|p1a: Salamence|Draco Meteor|p2b: Iron Bundle\n|-damage|p2b: Iron Bundle|0 fnt\n|-unboost|p1a: Salamence|spa|2\n|faint|p2b: Iron Bundle\n|-end|p2b: Iron Bundle|Quark Drive|[silent]\n|-damage|p1a: Salamence|8\/100|[from] item: Life Orb\n|move|p1b: Gholdengo|Make It Rain|p2a: Iron Hands\n|-resisted|p2a: Iron Hands\n|-damage|p2a: Iron Hands|65\/100\n|-unboost|p1b: Gholdengo|spa|1\n|move|p2a: Iron Hands|Drain Punch|p1b: Gholdengo\n|-damage|p1b: Gholdengo|38\/100\n|-heal|p2a: Iron Hands|76\/100|[from] drain|[of] p1b: Gholdengo\n|-enditem|p1b: Gholdengo|Sitrus Berry|[eat]\n|-heal|p1b: Gholdengo|63\/100|[from] item: Sitrus Berry\n|\n|-weather|RainDance|[upkeep]\n|upkeep\n|\n|t:|1700240712\n|switch|p2b: Rillaboom|Rillaboom, L50, M|100\/100\n|-fieldstart|move: Grassy Terrain|[from] ability: Grassy Surge|[of] p2b: Rillaboom\n|turn|4\n|\n|t:|1700240730\n|-end|p2a: Iron Hands|Quark Drive|[silent]\n|switch|p2a: Heatran|Heatran, L50, M|100\/100\n|move|p1a: Salamence|Protect|p1a: Salamence\n|-singleturn|p1a: Salamence|Protect\n|move|p1b: Gholdengo|Protect|p1b: Gholdengo\n|-singleturn|p1b: Gholdengo|Protect\n|move|p2b: Rillaboom|U-turn|p1a: Salamence\n|-activate|p1a: Salamence|move: Protect\n|\n|-weather|RainDance|[upkeep]\n|-heal|p1b: Gholdengo|69\/100|[from] Grassy Terrain\n|upkeep\n|turn|5\n|\n|t:|1700240774\n|switch|p1a: Iron Hands|Iron Hands, L50|100\/100\n|move|p2b: Rillaboom|U-turn|p1a: Iron Hands\n|-resisted|p1a: Iron Hands\n|-damage|p1a: Iron Hands|91\/100\n|\n|t:|1700240779\n|switch|p2b: Iron Hands|Iron Hands, L50|76\/100|[from] U-turn\n|move|p2a: Heatran|Flash Cannon|p1b: Gholdengo\n|-damage|p1b: Gholdengo|8\/100\n|-damage|p2a: Heatran|91\/100|[from] item: Life Orb\n|move|p1b: Gholdengo|Shadow Ball|p2b: Iron Hands\n|-damage|p2b: Iron Hands|44\/100\n|\n|-weather|none\n|-heal|p2a: Heatran|97\/100|[from] Grassy Terrain\n|-heal|p1b: Gholdengo|14\/100|[from] Grassy Terrain\n|-heal|p1a: Iron Hands|98\/100|[from] Grassy Terrain\n|-heal|p2b: Iron Hands|50\/100|[from] Grassy Terrain\n|upkeep\n|turn|6\n|\n|t:|1700240802\n|move|p1b: Gholdengo|Protect|p1b: Gholdengo\n|-singleturn|p1b: Gholdengo|Protect\n|move|p2b: Iron Hands|Fake Out|p1a: Iron Hands\n|-damage|p1a: Iron Hands|88\/100\n|move|p2a: Heatran|Earth Power|p1a: Iron Hands\n|-supereffective|p1a: Iron Hands\n|-damage|p1a: Iron Hands|44\/100\n|-damage|p2a: Heatran|87\/100|[from] item: Life Orb\n|cant|p1a: Iron Hands|flinch\n|\n|-heal|p2a: Heatran|93\/100|[from] Grassy Terrain\n|-heal|p1b: Gholdengo|20\/100|[from] Grassy Terrain\n|-heal|p1a: Iron Hands|50\/100|[from] Grassy Terrain\n|-heal|p2b: Iron Hands|56\/100|[from] Grassy Terrain\n|upkeep\n|turn|7\n|\n|t:|1700240816\n|move|p2a: Heatran|Heat Wave|p1b: Gholdengo|[spread] p1a,p1b\n|-resisted|p1b: Gholdengo\n|-damage|p1a: Iron Hands|21\/100\n|-damage|p1b: Gholdengo|0 fnt\n|faint|p1b: Gholdengo\n|-damage|p2a: Heatran|83\/100|[from] item: Life Orb\n|move|p1a: Iron Hands|Drain Punch|p2b: Iron Hands\n|-damage|p2b: Iron Hands|28\/100\n|-heal|p1a: Iron Hands|35\/100|[from] drain|[of] p2b: Iron Hands\n|move|p2b: Iron Hands|Drain Punch|p1a: Iron Hands\n|-damage|p1a: Iron Hands|4\/100\n|-heal|p2b: Iron Hands|44\/100|[from] drain|[of] p1a: Iron Hands\n|\n|-heal|p2a: Heatran|89\/100|[from] Grassy Terrain\n|-heal|p1a: Iron Hands|10\/100|[from] Grassy Terrain\n|-heal|p2b: Iron Hands|50\/100|[from] Grassy Terrain\n|upkeep\n|\n|t:|1700240828\n|switch|p1b: Pelipper|Pelipper, L50, F|100\/100\n|-weather|RainDance|[from] ability: Drizzle|[of] p1b: Pelipper\n|turn|8\n|\n|t:|1700240845\n|move|p1b: Pelipper|Hurricane|p2b: Iron Hands\n|-damage|p2b: Iron Hands|24\/100\n|move|p2a: Heatran|Flash Cannon|p1a: Iron Hands\n|-resisted|p1a: Iron Hands\n|-damage|p1a: Iron Hands|0 fnt\n|faint|p1a: Iron Hands\n|-end|p1a: Iron Hands|Quark Drive|[silent]\n|-damage|p2a: Heatran|80\/100|[from] item: Life Orb\n|move|p2b: Iron Hands|Wild Charge|p1b: Pelipper\n|-supereffective|p1b: Pelipper\n|-enditem|p1b: Pelipper|Focus Sash\n|-damage|p1b: Pelipper|1\/100\n|-damage|p2b: Iron Hands|10\/100|[from] Recoil\n|\n|-weather|RainDance|[upkeep]\n|-heal|p2a: Heatran|86\/100|[from] Grassy Terrain\n|-heal|p2b: Iron Hands|16\/100|[from] Grassy Terrain\n|-fieldend|move: Grassy Terrain\n|upkeep\n|\n|t:|1700240851\n|switch|p1a: Salamence|Salamence, L50, F|8\/100\n|-ability|p1a: Salamence|Intimidate|boost\n|-unboost|p2a: Heatran|atk|1\n|-unboost|p2b: Iron Hands|atk|1\n|turn|9\n|\n|t:|1700240874\n|move|p1b: Pelipper|Protect|p1b: Pelipper\n|-singleturn|p1b: Pelipper|Protect\n|move|p2a: Heatran|Protect|p2a: Heatran\n|-singleturn|p2a: Heatran|Protect\n|move|p1a: Salamence|Tailwind|p1a: Salamence\n|-sidestart|p1: Lromy|move: Tailwind\n|move|p2b: Iron Hands|Wild Charge|p1b: Pelipper\n|-activate|p1b: Pelipper|move: Protect\n|\n|-weather|RainDance|[upkeep]\n|upkeep\n|turn|10\n|\n|t:|1700240895\n|move|p1a: Salamence|Hurricane|p2b: Iron Hands\n|-damage|p2b: Iron Hands|0 fnt\n|faint|p2b: Iron Hands\n|-end|p2b: Iron Hands|Quark Drive|[silent]\n|-damage|p1a: Salamence|0 fnt|[from] item: Life Orb\n|faint|p1a: Salamence\n|move|p1b: Pelipper|Weather Ball|p2a: Heatran\n|-supereffective|p2a: Heatran\n|-damage|p2a: Heatran|0 fnt\n|faint|p2a: Heatran\n|\n|-weather|RainDance|[upkeep]\n|upkeep\n|\n|t:|1700240907\n|switch|p2b: Rillaboom|Rillaboom, L50, M|100\/100\n|-fieldstart|move: Grassy Terrain|[from] ability: Grassy Surge|[of] p2b: Rillaboom\n|turn|11\n|c|\u2606Lromy|GRASSY GLIDE\n|c|\u2606Lromy|POURQUOI\n|\n|t:|1700240921\n|move|p1b: Pelipper|Protect|p1b: Pelipper\n|-singleturn|p1b: Pelipper|Protect\n|move|p2b: Rillaboom|Grassy Glide|p1b: Pelipper\n|-activate|p1b: Pelipper|move: Protect\n|\n|-weather|RainDance|[upkeep]\n|upkeep\n|turn|12\n|c|\u2606Guakamou|wth je pensais pas que weather ball faisait aussi mal\n|c|\u2606Guakamou|je connais pas bien mes calcs\n|\n|t:|1700240937\n|move|p1b: Pelipper|Protect||[still]\n|-fail|p1b: Pelipper\n|move|p2b: Rillaboom|Grassy Glide|p1b: Pelipper\n|-damage|p1b: Pelipper|0 fnt\n|faint|p1b: Pelipper\n|\n|win|Guakamou\n|c|\u2606Lromy|Nan \u00e7a tabasse heatran\n|c|\u2606Lromy|Sous la rain en plus\n|c|\u2606Lromy|C'est quasi un Hpumo\n|c|\u2606Lromy|Hpumo\n|c|\u2606Lromy|NTM T9\n|c|\u2606Guakamou|Je pensais que c'\u00e9tait 80 BP et pas 100\n|c|\u2606Guakamou|jsp\n|c|\u2606Guakamou|pourquoi\n|c|\u2606Lromy|Jcrois \u00e7a a \u00e9tait 80 a une \u00e9poque\n|c|\u2606Lromy|Mais jsuis m\u00eame pas sur\n|c|\u2606Guakamou|Pk on jouait hydropump sur Pelipper en regulation B\/C ???\n|c|\u2606Lromy|Il avais pas weather ball encore\n|c|\u2606Lromy|C'est arriv\u00e9 avec le DLC\n|c|\u2606Guakamou|Ah c'est avec les moves tutor ?\n|c|\u2606Guakamou|ok ok\n|c|\u2606Lromy|CT du DLC jcrois bien\n|c|\u2606Lromy|Jte montre ma p'tite Sulfura ?\n|c|\u2606Lromy|Jla joue mieux d\u00e9j\u00e0 mdr\n","uploadtime":1700241094,"views":26,"p1id":"lromy","p2id":"guakamou","formatid":"gen9vgc2023regulatione","rating":0,"private":0,"password":""}