{"id":"gen9vgc2023regulatione-2000386368","p1":"TrendanBrendan","p2":"sirttas","format":"[Gen 9] VGC 2023 Regulation E","log":"|j|\u2606TrendanBrendan\n|j|\u2606sirttas\n|t:|1701190455\n|gametype|doubles\n|player|p1|TrendanBrendan|bugcatcher-gen4dp|1194\n|player|p2|sirttas|102|1103\n|teamsize|p1|6\n|teamsize|p2|6\n|gen|9\n|tier|[Gen 9] VGC 2023 Regulation E\n|rated|\n|rule|Species Clause: Limit one of each Pok\u00e9mon\n|rule|Item Clause: Limit one of each item\n|clearpoke\n|poke|p1|Amoonguss, L50, F|\n|poke|p1|Heatran, L50, F|\n|poke|p1|Roaring Moon, L50|\n|poke|p1|Iron Hands, L50|\n|poke|p1|Flutter Mane, L50|\n|poke|p1|Landorus-Therian, L50, M|\n|poke|p2|Ninetales-Alola, L50, M|\n|poke|p2|Chien-Pao, L50|\n|poke|p2|Iron Bundle, L50|\n|poke|p2|Landorus-Therian, L50, M|\n|poke|p2|Ogerpon-Hearthflame, L50, F|\n|poke|p2|Ursaluna, L50, F|\n|teampreview|4\nTrendanBrendan has agreed to open team sheets.\n|c|\u2606TrendanBrendan|glhf\n|\n|t:|1701190507\n|start\n|switch|p1a: Iron Hands|Iron Hands, L50|100\/100\n|switch|p1b: Amoonguss|Amoonguss, L50, F, shiny|100\/100\n|switch|p2a: Ninetales|Ninetales-Alola, L50, M|100\/100\n|switch|p2b: Landorus|Landorus-Therian, L50, M|100\/100\n|-weather|Snow|[from] ability: Snow Warning|[of] p2a: Ninetales\n|-ability|p2b: Landorus|Intimidate|boost\n|-unboost|p1a: Iron Hands|atk|1\n|-unboost|p1b: Amoonguss|atk|1\n|turn|1\n|\n|t:|1701190540\n|move|p2a: Ninetales|Protect|p2a: Ninetales\n|-singleturn|p2a: Ninetales|Protect\n|move|p1a: Iron Hands|Fake Out|p2a: Ninetales\n|-activate|p2a: Ninetales|move: Protect\n|move|p2b: Landorus|Earthquake|p1a: Iron Hands|[spread] p1a,p1b\n|-activate|p2a: Ninetales|move: Protect\n|-supereffective|p1a: Iron Hands\n|-damage|p1a: Iron Hands|29\/100\n|-damage|p1b: Amoonguss|62\/100\n|move|p1b: Amoonguss|Spore|p2a: Ninetales\n|-activate|p2a: Ninetales|move: Protect\n|\n|-weather|Snow|[upkeep]\n|upkeep\n|turn|2\n|\n|t:|1701190557\n|-end|p1a: Iron Hands|Quark Drive|[silent]\n|switch|p1a: Heatran|Heatran, L50, F|100\/100\n|move|p2a: Ninetales|Aurora Veil|p2a: Ninetales\n|-sidestart|p2: sirttas|move: Aurora Veil\n|move|p2b: Landorus|Rock Slide|p1b: Amoonguss|[spread] p1a,p1b\n|-damage|p1a: Heatran|81\/100\n|-damage|p1b: Amoonguss|43\/100\n|move|p1b: Amoonguss|Spore|p2b: Landorus\n|-status|p2b: Landorus|slp|[from] move: Spore\n|\n|-weather|Snow|[upkeep]\n|upkeep\n|turn|3\n|\n|t:|1701190587\n|switch|p1b: Iron Hands|Iron Hands, L50|29\/100\n|move|p2a: Ninetales|Protect|p2a: Ninetales\n|-singleturn|p2a: Ninetales|Protect\n|cant|p2b: Landorus|slp\n|move|p1a: Heatran|Heat Wave|p2a: Ninetales|[spread] p2b\n|-activate|p2a: Ninetales|move: Protect\n|-damage|p2b: Landorus|83\/100 slp\n|\n|-weather|Snow|[upkeep]\n|upkeep\n|turn|4\n|\n|t:|1701190626\n|move|p2a: Ninetales|Encore||[still]\n|-fail|p2a: Ninetales\n|cant|p2b: Landorus|slp\n|move|p1a: Heatran|Heat Wave|p2a: Ninetales|[spread] p2a,p2b\n|-supereffective|p2a: Ninetales\n|-damage|p2a: Ninetales|49\/100\n|-damage|p2b: Landorus|66\/100 slp\n|move|p1b: Iron Hands|Heavy Slam|p2a: Ninetales\n|-supereffective|p2a: Ninetales\n|-damage|p2a: Ninetales|0 fnt\n|faint|p2a: Ninetales\n|\n|-weather|Snow|[upkeep]\n|upkeep\n|\n|t:|1701190638\n|switch|p2a: Iron Bundle|Iron Bundle, L50|100\/100\n|-enditem|p2a: Iron Bundle|Booster Energy\n|-activate|p2a: Iron Bundle|ability: Quark Drive|[fromitem]\n|-start|p2a: Iron Bundle|quarkdrivespe\n|turn|5\n|\n|t:|1701190664\n|-end|p1b: Iron Hands|Quark Drive|[silent]\n|switch|p1b: Amoonguss|Amoonguss, L50, F, shiny|77\/100\n|-terastallize|p1a: Heatran|Fairy\n|move|p2a: Iron Bundle|Protect|p2a: Iron Bundle\n|-singleturn|p2a: Iron Bundle|Protect\n|cant|p2b: Landorus|slp\n|move|p1a: Heatran|Flash Cannon|p2a: Iron Bundle\n|-activate|p2a: Iron Bundle|move: Protect\n|\n|-weather|Snow|[upkeep]\n|upkeep\n|turn|6\n|\n|t:|1701190687\n|move|p2a: Iron Bundle|Icy Wind|p1a: Heatran|[spread] p1a,p1b\n|-supereffective|p1b: Amoonguss\n|-damage|p1a: Heatran|65\/100\n|-damage|p1b: Amoonguss|43\/100\n|-unboost|p1a: Heatran|spe|1\n|-unboost|p1b: Amoonguss|spe|1\n|-curestatus|p2b: Landorus|slp|[msg]\n|move|p2b: Landorus|Rock Slide|p1a: Heatran|[spread] p1a,p1b\n|-damage|p1a: Heatran|45\/100\n|-damage|p1b: Amoonguss|25\/100\n|move|p1a: Heatran|Heat Wave|p2a: Iron Bundle|[spread] p2a,p2b\n|-damage|p2a: Iron Bundle|52\/100\n|-damage|p2b: Landorus|48\/100\n|cant|p1b: Amoonguss|flinch\n|\n|-weather|Snow|[upkeep]\n|-sideend|p2: sirttas|move: Aurora Veil\n|upkeep\n|turn|7\n|\n|t:|1701190718\n|switch|p1b: Iron Hands|Iron Hands, L50|29\/100\n|move|p2a: Iron Bundle|Protect|p2a: Iron Bundle\n|-singleturn|p2a: Iron Bundle|Protect\n|move|p2b: Landorus|Earthquake|p1b: Iron Hands|[spread] p1a,p1b\n|-activate|p2a: Iron Bundle|move: Protect\n|-supereffective|p1b: Iron Hands\n|-damage|p1a: Heatran|3\/100\n|-damage|p1b: Iron Hands|0 fnt\n|faint|p1b: Iron Hands\n|-end|p1b: Iron Hands|Quark Drive|[silent]\n|move|p1a: Heatran|Heat Wave|p2b: Landorus|[spread] p2b\n|-activate|p2a: Iron Bundle|move: Protect\n|-damage|p2b: Landorus|22\/100\n|\n|-weather|Snow|[upkeep]\n|upkeep\n|\n|t:|1701190737\n|switch|p1b: Amoonguss|Amoonguss, L50, F, shiny|58\/100\n|turn|8\n|\n|t:|1701190746\n|move|p1a: Heatran|Protect|p1a: Heatran\n|-singleturn|p1a: Heatran|Protect\n|move|p2a: Iron Bundle|Icy Wind|p1b: Amoonguss|[spread] p1b\n|-activate|p1a: Heatran|move: Protect\n|-supereffective|p1b: Amoonguss\n|-crit|p1b: Amoonguss\n|-damage|p1b: Amoonguss|3\/100\n|-unboost|p1b: Amoonguss|spe|1\n|move|p2b: Landorus|U-turn|p1b: Amoonguss\n|-damage|p1b: Amoonguss|0 fnt\n|-damage|p2b: Landorus|5\/100|[from] item: Rocky Helmet|[of] p1b: Amoonguss\n|faint|p1b: Amoonguss\n|\n|t:|1701190757\n|switch|p2b: Ogerpon|Ogerpon-Hearthflame, L50, F|100\/100|[from] U-turn\n|-ability|p2b: Ogerpon|Mold Breaker\n|\n|-weather|none\n|upkeep\n|\n|t:|1701190761\n|switch|p1b: Flutter Mane|Flutter Mane, L50|100\/100\n|turn|9\n|\n|t:|1701190782\n|-terastallize|p2a: Iron Bundle|Water\n|move|p2b: Ogerpon|Follow Me|p2b: Ogerpon\n|-singleturn|p2b: Ogerpon|move: Follow Me\n|move|p2a: Iron Bundle|Icy Wind|p1a: Heatran|[spread] p1a,p1b\n|-damage|p1a: Heatran|0 fnt\n|-damage|p1b: Flutter Mane|81\/100\n|-unboost|p1b: Flutter Mane|spe|1\n|faint|p1a: Heatran\n|move|p1b: Flutter Mane|Shadow Ball|p2b: Ogerpon\n|-damage|p2b: Ogerpon|17\/100\n|-unboost|p2b: Ogerpon|spd|1\n|\n|upkeep\n|turn|10\n|\n|t:|1701190810\n|move|p2a: Iron Bundle|Freeze-Dry|p1b: Flutter Mane\n|-damage|p1b: Flutter Mane|45\/100\n|move|p2b: Ogerpon|Ivy Cudgel|p1b: Flutter Mane|[anim] Ivy Cudgel Fire\n|-damage|p1b: Flutter Mane|0 fnt\n|faint|p1b: Flutter Mane\n|-end|p1b: Flutter Mane|Protosynthesis|[silent]\n|\n|win|sirttas\n|raw|TrendanBrendan's rating: 1194 &rarr; <strong>1163<\/strong><br \/>(-31 for losing)\n|raw|sirttas's rating: 1103 &rarr; <strong>1134<\/strong><br \/>(+31 for winning)\n","uploadtime":1701190815,"views":6,"p1id":"trendanbrendan","p2id":"sirttas","formatid":"gen9vgc2023regulatione","rating":1134,"private":0,"password":""}