{"id":"gen9vgc2023regulatione-1996393928","p1":"Aizen94","p2":"cheesedip1616","format":"[Gen 9] VGC 2023 Regulation E","log":"|j|\u2606Aizen94\n|j|\u2606cheesedip1616\n|t:|1700677826\n|gametype|doubles\n|player|p1|Aizen94|lucas|1288\n|player|p2|cheesedip1616|hilbert|1246\n|teamsize|p1|6\n|teamsize|p2|6\n|gen|9\n|tier|[Gen 9] VGC 2023 Regulation E\n|rated|\n|rule|Species Clause: Limit one of each Pok\u00e9mon\n|rule|Item Clause: Limit one of each item\n|clearpoke\n|poke|p1|Flutter Mane, L50|\n|poke|p1|Tornadus, L50, M|\n|poke|p1|Arcanine-Hisui, L50, M|\n|poke|p1|Iron Hands, L50|\n|poke|p1|Urshifu-*, L50, F|\n|poke|p1|Amoonguss, L50, M|\n|poke|p2|Gholdengo, L50|\n|poke|p2|Roaring Moon, L50|\n|poke|p2|Cresselia, L50, F|\n|poke|p2|Iron Hands, L50|\n|poke|p2|Landorus-Therian, L50, M|\n|poke|p2|Ogerpon-Wellspring, L50, F|\n|teampreview|4\ncheesedip1616 has agreed to open team sheets.\n|inactive|Battle timer is ON: inactive players will automatically lose when time's up. (requested by Aizen94)\n|inactive|cheesedip1616 has 60 seconds left.\n|\n|t:|1700677877\n|start\n|switch|p1a: Tornadus|Tornadus, L50, M|100\/100\n|switch|p1b: Arcanine|Arcanine-Hisui, L50, M|100\/100\n|switch|p2a: Ogerpon|Ogerpon-Wellspring, L50, F|100\/100\n|switch|p2b: Cresselia|Cresselia, L50, F|100\/100\n|-ability|p1b: Arcanine|Intimidate|boost\n|-unboost|p2a: Ogerpon|atk|1\n|-unboost|p2b: Cresselia|atk|1\n|turn|1\n|inactive|Aizen94 has 30 seconds left.\n|inactive|cheesedip1616 has 30 seconds left.\n|\n|t:|1700677908\n|switch|p1b: Amoonguss|Amoonguss, L50, M|100\/100\n|switch|p2a: Landorus|Landorus-Therian, L50, M|100\/100\n|-ability|p2a: Landorus|Intimidate|boost\n|-unboost|p1a: Tornadus|atk|1\n|-unboost|p1b: Amoonguss|atk|1\n|move|p1a: Tornadus|Bleakwind Storm|p2a: Landorus|[spread] p2a,p2b\n|-damage|p2a: Landorus|53\/100\n|-damage|p2b: Cresselia|80\/100\n|move|p2b: Cresselia|Ice Beam|p1a: Tornadus\n|-supereffective|p1a: Tornadus\n|-damage|p1a: Tornadus|61\/100\n|\n|upkeep\n|turn|2\n|inactive|Aizen94 has 30 seconds left.\n|inactive|cheesedip1616 has 30 seconds left.\n|inactive|cheesedip1616 has 20 seconds left.\n|\n|t:|1700677945\n|-terastallize|p1b: Amoonguss|Water\n|move|p2a: Landorus|Rock Slide|p1a: Tornadus|[spread] \n|-miss|p2a: Landorus|p1a: Tornadus\n|-miss|p2a: Landorus|p1b: Amoonguss\n|move|p1a: Tornadus|Icy Wind|p2b: Cresselia|[spread] p2a,p2b\n|-supereffective|p2a: Landorus\n|-damage|p2a: Landorus|0 fnt\n|-damage|p2b: Cresselia|72\/100\n|-unboost|p2b: Cresselia|spe|1\n|faint|p2a: Landorus\n|move|p2b: Cresselia|Lunar Blessing|p2b: Cresselia\n|-heal|p2b: Cresselia|97\/100\n|move|p1b: Amoonguss|Spore|p2b: Cresselia\n|-status|p2b: Cresselia|slp|[from] move: Spore\n|\n|upkeep\n|\n|t:|1700677962\n|switch|p2a: Iron Hands|Iron Hands, L50|100\/100\n|turn|3\n|\n|t:|1700677974\n|switch|p1a: Arcanine|Arcanine-Hisui, L50, M|100\/100\n|-ability|p1a: Arcanine|Intimidate|boost\n|-unboost|p2a: Iron Hands|atk|1\n|-unboost|p2b: Cresselia|atk|1\n|move|p1b: Amoonguss|Protect|p1b: Amoonguss\n|-singleturn|p1b: Amoonguss|Protect\n|move|p2a: Iron Hands|Fake Out|p1b: Amoonguss\n|-activate|p1b: Amoonguss|move: Protect\n|cant|p2b: Cresselia|slp\n|\n|upkeep\n|turn|4\n|\n|t:|1700677994\n|-end|p2a: Iron Hands|Quark Drive|[silent]\n|switch|p2a: Ogerpon|Ogerpon-Wellspring, L50, F|100\/100\n|move|p1b: Amoonguss|Rage Powder|p1b: Amoonguss\n|-singleturn|p1b: Amoonguss|move: Rage Powder\n|move|p1a: Arcanine|Flare Blitz|p2a: Ogerpon\n|-damage|p2a: Ogerpon|0 fnt\n|faint|p2a: Ogerpon\n|-damage|p1a: Arcanine|66\/100|[from] Recoil\n|cant|p2b: Cresselia|slp\n|\n|upkeep\n|\n|t:|1700678004\n|switch|p2a: Iron Hands|Iron Hands, L50|100\/100\n|turn|5\n|\n|t:|1700678024\n|switch|p1a: Iron Hands|Iron Hands, L50|100\/100\n|move|p1b: Amoonguss|Protect|p1b: Amoonguss\n|-singleturn|p1b: Amoonguss|Protect\n|move|p2a: Iron Hands|Wild Charge|p1a: Iron Hands\n|-resisted|p1a: Iron Hands\n|-damage|p1a: Iron Hands|84\/100\n|-damage|p2a: Iron Hands|96\/100|[from] Recoil\n|cant|p2b: Cresselia|slp\n|\n|upkeep\n|turn|6\n|\n|t:|1700678041\n|move|p1a: Iron Hands|Fake Out|p2a: Iron Hands\n|-damage|p2a: Iron Hands|85\/100\n|cant|p2a: Iron Hands|flinch\n|-curestatus|p2b: Cresselia|slp|[msg]\n|move|p2b: Cresselia|Lunar Blessing|p2b: Cresselia|[spread] p2a,p2b\n|-heal|p2a: Iron Hands|100\/100\n|-heal|p2b: Cresselia|100\/100\n|move|p1b: Amoonguss|Spore|p2a: Iron Hands\n|-status|p2a: Iron Hands|slp|[from] move: Spore\n|\n|upkeep\n|turn|7\n|\n|t:|1700678055\n|cant|p2a: Iron Hands|slp\n|move|p1a: Iron Hands|Drain Punch|p2a: Iron Hands\n|-damage|p2a: Iron Hands|67\/100 slp\n|-heal|p1a: Iron Hands|100\/100|[from] drain|[of] p2a: Iron Hands\n|move|p2b: Cresselia|Lunar Blessing|p2b: Cresselia|[spread] p2a,p2b\n|-heal|p2a: Iron Hands|92\/100 slp\n|-curestatus|p2a: Iron Hands|slp|[msg]\n|move|p1b: Amoonguss|Spore|p2b: Cresselia\n|-status|p2b: Cresselia|slp|[from] move: Spore\n|\n|upkeep\n|turn|8\n|inactive|cheesedip1616 has 30 seconds left.\n|\n|t:|1700678082\n|switch|p1b: Arcanine|Arcanine-Hisui, L50, M|66\/100\n|-ability|p1b: Arcanine|Intimidate|boost\n|-unboost|p2a: Iron Hands|atk|1\n|-unboost|p2b: Cresselia|atk|1\n|move|p2a: Iron Hands|Wild Charge|p1b: Arcanine\n|-damage|p1b: Arcanine|27\/100\n|-damage|p2a: Iron Hands|84\/100|[from] Recoil\n|move|p1a: Iron Hands|Drain Punch|p2a: Iron Hands\n|-damage|p2a: Iron Hands|51\/100\n|cant|p2b: Cresselia|slp\n|\n|upkeep\n|turn|9\n|\n|t:|1700678098\n|move|p1b: Arcanine|Flare Blitz|p2a: Iron Hands\n|-damage|p2a: Iron Hands|0 fnt\n|faint|p2a: Iron Hands\n|-end|p2a: Iron Hands|Quark Drive|[silent]\n|-damage|p1b: Arcanine|4\/100|[from] Recoil\n|move|p1a: Iron Hands|Drain Punch|p2b: Cresselia\n|-resisted|p2b: Cresselia\n|-damage|p2b: Cresselia|87\/100 slp\n|-damage|p1a: Iron Hands|84\/100|[from] item: Rocky Helmet|[of] p2b: Cresselia\n|cant|p2b: Cresselia|slp\n|\n|upkeep\n|turn|10\n|\n|t:|1700678114\n|-end|p1a: Iron Hands|Quark Drive|[silent]\n|switch|p1a: Tornadus|Tornadus, L50, M|61\/100\n|move|p1b: Arcanine|Flare Blitz|p2b: Cresselia\n|-damage|p2b: Cresselia|26\/100 slp\n|-damage|p1b: Arcanine|0 fnt|[from] item: Rocky Helmet|[of] p2b: Cresselia\n|faint|p1b: Arcanine\n|-curestatus|p2b: Cresselia|slp|[msg]\n|move|p2b: Cresselia|Psychic|p1a: Tornadus\n|-damage|p1a: Tornadus|29\/100\n|\n|upkeep\n|\n|t:|1700678126\n|switch|p1b: Iron Hands|Iron Hands, L50|84\/100\n|turn|11\n|\n|t:|1700678131\n|move|p1b: Iron Hands|Fake Out|p2b: Cresselia\n|-damage|p2b: Cresselia|16\/100\n|-damage|p1b: Iron Hands|68\/100|[from] item: Rocky Helmet|[of] p2b: Cresselia\n|move|p1a: Tornadus|Rain Dance|p1a: Tornadus\n|-weather|RainDance\n|cant|p2b: Cresselia|flinch\n|\n|-weather|RainDance|[upkeep]\n|upkeep\n|turn|12\n|\n|t:|1700678142\n|-terastallize|p2b: Cresselia|Fairy\n|move|p1a: Tornadus|Bleakwind Storm|p2b: Cresselia\n|-damage|p2b: Cresselia|0 fnt\n|faint|p2b: Cresselia\n|\n|win|Aizen94\n|raw|Aizen94's rating: 1288 &rarr; <strong>1310<\/strong><br \/>(+22 for winning)\n|raw|cheesedip1616's rating: 1246 &rarr; <strong>1224<\/strong><br \/>(-22 for losing)\n|l|\u2606cheesedip1616\n","uploadtime":1700678156,"views":17,"p1id":"aizen94","p2id":"cheesedip1616","formatid":"gen9vgc2023regulatione","rating":1224,"private":0,"password":""}