{"id":"gen9vgc2023regulatione-1993791126","p1":"xXElementalordXx","p2":"tkinthemiddle","format":"[Gen 9] VGC 2023 Regulation E","log":"|j|\u2606xXElementalordXx\n|j|\u2606tkinthemiddle\n|t:|1700357688\n|gametype|doubles\n|player|p1|xXElementalordXx|heroine-conquest|1409\n|player|p2|tkinthemiddle|pokemonbreederf-gen4|1339\n|teamsize|p1|6\n|teamsize|p2|6\n|gen|9\n|tier|[Gen 9] VGC 2023 Regulation E\n|rated|\n|rule|Species Clause: Limit one of each Pok\u00e9mon\n|rule|Item Clause: Limit one of each item\n|clearpoke\n|poke|p1|Oranguru, L50, M|\n|poke|p1|Maushold-Four, L50|\n|poke|p1|Enamorus-Therian, L50, F|\n|poke|p1|Urshifu-*, L50, M|\n|poke|p1|Bruxish, L50, F|\n|poke|p1|Ursaluna, L50, M|\n|poke|p2|Kilowattrel, L50, F|\n|poke|p2|Tauros-Paldea-Aqua, L50, M|\n|poke|p2|Gholdengo, L50|\n|poke|p2|Iron Hands, L50|\n|poke|p2|Hydreigon, L50, F|\n|poke|p2|Amoonguss, L50, F|\n|teampreview|4\n|inactive|Battle timer is ON: inactive players will automatically lose when time's up. (requested by xXElementalordXx)\nxXElementalordXx has agreed to open team sheets.\n|inactive|tkinthemiddle has 60 seconds left.\n|j| BlindMagneton\n|\n|t:|1700357724\n|start\n|switch|p1a: Oranguru|Oranguru, L50, M, shiny|100\/100\n|switch|p1b: Maushold|Maushold-Four, L50, shiny|100\/100\n|switch|p2a: Hydreigon|Hydreigon, L50, F|100\/100\n|switch|p2b: Amoonguss|Amoonguss, L50, F|100\/100\n|turn|1\n|inactive|xXElementalordXx has 30 seconds left.\n|inactive|xXElementalordXx has 20 seconds left.\n|inactive|xXElementalordXx has 15 seconds left.\n|\n|t:|1700357768\n|move|p2a: Hydreigon|Snarl|p1b: Maushold|[spread] p1a,p1b\n|-supereffective|p1a: Oranguru\n|-damage|p1a: Oranguru|67\/100\n|-damage|p1b: Maushold|65\/100\n|-unboost|p1a: Oranguru|spa|1\n|-unboost|p1b: Maushold|spa|1\n|-damage|p2a: Hydreigon|91\/100|[from] item: Life Orb\n|move|p1b: Maushold|U-turn|p2a: Hydreigon\n|-supereffective|p2a: Hydreigon\n|-crit|p2a: Hydreigon\n|-damage|p2a: Hydreigon|52\/100\n|\n|t:|1700357777\n|switch|p1b: Enamorus|Enamorus-Therian, L50, F|100\/100|[from] U-turn\n|move|p2b: Amoonguss|Spore|p1b: Enamorus\n|-immune|p1b: Enamorus|[from] ability: Overcoat\n|move|p1a: Oranguru|Trick Room|p1a: Oranguru\n|-fieldstart|move: Trick Room|[of] p1a: Oranguru\n|\n|upkeep\n|turn|2\n|\n|t:|1700357798\n|-terastallize|p1b: Enamorus|Fairy\n|move|p2a: Hydreigon|Protect|p2a: Hydreigon\n|-singleturn|p2a: Hydreigon|Protect\n|move|p2b: Amoonguss|Spore|p1a: Oranguru\n|-activate|p1a: Oranguru|item: Safety Goggles|Spore\n|move|p1b: Enamorus|Dazzling Gleam|p2b: Amoonguss|[spread] p2b\n|-activate|p2a: Hydreigon|move: Protect\n|-resisted|p2b: Amoonguss\n|-damage|p2b: Amoonguss|67\/100\n|move|p1a: Oranguru|Instruct|p1b: Enamorus\n|-singleturn|p1b: Enamorus|move: Instruct|[of] p1a: Oranguru\n|move|p1b: Enamorus|Dazzling Gleam|p2b: Amoonguss|[spread] p2b\n|-activate|p2a: Hydreigon|move: Protect\n|-resisted|p2b: Amoonguss\n|-damage|p2b: Amoonguss|33\/100\n|-enditem|p2b: Amoonguss|Sitrus Berry|[eat]\n|-heal|p2b: Amoonguss|58\/100|[from] item: Sitrus Berry\n|\n|upkeep\n|turn|3\n|inactive|tkinthemiddle has 30 seconds left.\n|\n|t:|1700357831\n|-terastallize|p2a: Hydreigon|Fire\n|move|p2b: Amoonguss|Pollen Puff|p2a: Hydreigon\n|-heal|p2a: Hydreigon|100\/100\n|move|p1b: Enamorus|Dazzling Gleam|p2b: Amoonguss|[spread] p2a,p2b\n|-resisted|p2a: Hydreigon\n|-resisted|p2b: Amoonguss\n|-damage|p2a: Hydreigon|62\/100\n|-damage|p2b: Amoonguss|24\/100\n|move|p1a: Oranguru|Instruct|p1b: Enamorus\n|-singleturn|p1b: Enamorus|move: Instruct|[of] p1a: Oranguru\n|move|p1b: Enamorus|Dazzling Gleam|p2b: Amoonguss|[spread] p2a,p2b\n|-resisted|p2a: Hydreigon\n|-resisted|p2b: Amoonguss\n|-damage|p2a: Hydreigon|23\/100\n|-damage|p2b: Amoonguss|0 fnt\n|faint|p2b: Amoonguss\n|move|p2a: Hydreigon|Snarl|p1b: Enamorus|[spread] p1a,p1b\n|-supereffective|p1a: Oranguru\n|-resisted|p1b: Enamorus\n|-damage|p1a: Oranguru|23\/100\n|-damage|p1b: Enamorus|86\/100\n|-unboost|p1a: Oranguru|spa|1\n|-unboost|p1b: Enamorus|spa|1\n|-damage|p2a: Hydreigon|14\/100|[from] item: Life Orb\n|\n|upkeep\n|\n|t:|1700357842\n|switch|p2b: Gholdengo|Gholdengo, L50|100\/100\n|turn|4\n|\n|t:|1700357859\n|switch|p1b: Urshifu|Urshifu, L50, M|100\/100\n|switch|p1a: Maushold|Maushold-Four, L50, shiny|65\/100\n|move|p2a: Hydreigon|Protect|p2a: Hydreigon\n|-singleturn|p2a: Hydreigon|Protect\n|move|p2b: Gholdengo|Nasty Plot|p2b: Gholdengo\n|-boost|p2b: Gholdengo|spa|2\n|\n|upkeep\n|turn|5\n|inactive|tkinthemiddle has 30 seconds left.\n|\n|t:|1700357887\n|move|p2b: Gholdengo|Protect|p2b: Gholdengo\n|-singleturn|p2b: Gholdengo|Protect\n|move|p1b: Urshifu|Wicked Blow|p2b: Gholdengo\n|-supereffective|p2b: Gholdengo\n|-crit|p2b: Gholdengo\n|-damage|p2b: Gholdengo|0 fnt\n|faint|p2b: Gholdengo\n|move|p1a: Maushold|Population Bomb|p2a: Hydreigon\n|-damage|p2a: Hydreigon|7\/100\n|-damage|p2a: Hydreigon|2\/100\n|-damage|p2a: Hydreigon|0 fnt\n|faint|p2a: Hydreigon\n|-hitcount|p2: Hydreigon|3\n|\n|-fieldend|move: Trick Room\n|upkeep\n|-message|tkinthemiddle forfeited.\n|\n|win|xXElementalordXx\n|raw|xXElementalordXx's rating: 1409 &rarr; <strong>1425<\/strong><br \/>(+16 for winning)\n|raw|tkinthemiddle's rating: 1339 &rarr; <strong>1323<\/strong><br \/>(-16 for losing)\n|l|\u2606tkinthemiddle\n","uploadtime":1700357910,"views":15,"p1id":"xxelementalordxx","p2id":"tkinthemiddle","formatid":"gen9vgc2023regulatione","rating":1323,"private":0,"password":""}