{"id":"gen9vgc2023regulatione-1991993502","p1":"foxyman52","p2":"gohan92","format":"[Gen 9] VGC 2023 Regulation E","log":"|j|\u2606foxyman52\n|j|\u2606gohan92\n|t:|1700145947\n|gametype|doubles\n|player|p1|foxyman52|266|1570\n|player|p2|gohan92|101|1558\n|teamsize|p1|6\n|teamsize|p2|6\n|gen|9\n|tier|[Gen 9] VGC 2023 Regulation E\n|rated|\n|rule|Species Clause: Limit one of each Pok\u00e9mon\n|rule|Item Clause: Limit one of each item\n|clearpoke\n|poke|p1|Dondozo, L50, F|\n|poke|p1|Tatsugiri-Droopy, L50, M|\n|poke|p1|Glimmora, L50, M|\n|poke|p1|Rillaboom, L50, M|\n|poke|p1|Flutter Mane, L50|\n|poke|p1|Arcanine-Hisui, L50, M|\n|poke|p2|Urshifu-*, L50, M|\n|poke|p2|Gholdengo, L50|\n|poke|p2|Chien-Pao, L50|\n|poke|p2|Rillaboom, L50, F|\n|poke|p2|Pelipper, L50, F|\n|poke|p2|Iron Hands, L50|\n|teampreview|4\n|inactive|Battle timer is ON: inactive players will automatically lose when time's up. (requested by foxyman52)\n|j| Barxxn\n|inactive|gohan92 has 60 seconds left.\n|inactive|gohan92 has 30 seconds left.\n|inactive|gohan92 has 20 seconds left.\n|inactive|gohan92 has 15 seconds left.\n|inactive|gohan92 has 10 seconds left.\n|inactive|gohan92 has 5 seconds left.\n|\n|t:|1700146034\n|start\n|switch|p1a: Glimmora|Glimmora, L50, M|100\/100\n|switch|p1b: Flutter Mane|Flutter Mane, L50|100\/100\n|switch|p2a: Rillaboom|Rillaboom, L50, F|100\/100\n|switch|p2b: Chien-Pao|Chien-Pao, L50|100\/100\n|-ability|p2b: Chien-Pao|Sword of Ruin\n|-fieldstart|move: Grassy Terrain|[from] ability: Grassy Surge|[of] p2a: Rillaboom\n|turn|1\n|j| neusrel\n|\n|t:|1700146058\n|-terastallize|p2a: Rillaboom|Grass\n|move|p1b: Flutter Mane|Protect|p1b: Flutter Mane\n|-singleturn|p1b: Flutter Mane|Protect\n|move|p2b: Chien-Pao|Protect|p2b: Chien-Pao\n|-singleturn|p2b: Chien-Pao|Protect\n|move|p1a: Glimmora|Spiky Shield|p1a: Glimmora\n|-singleturn|p1a: Glimmora|move: Protect\n|move|p2a: Rillaboom|Grassy Glide|p1b: Flutter Mane\n|-activate|p1b: Flutter Mane|move: Protect\n|\n|upkeep\n|turn|2\n|inactive|foxyman52 has 30 seconds left.\n|\n|t:|1700146084\n|move|p2a: Rillaboom|Grassy Glide|p1b: Flutter Mane\n|-enditem|p1b: Flutter Mane|Focus Sash\n|-damage|p1b: Flutter Mane|1\/100\n|move|p1b: Flutter Mane|Dazzling Gleam|p2a: Rillaboom|[spread] p2a,p2b\n|-supereffective|p2b: Chien-Pao\n|-damage|p2a: Rillaboom|57\/100\n|-enditem|p2b: Chien-Pao|Focus Sash\n|-damage|p2b: Chien-Pao|1\/100\n|move|p2b: Chien-Pao|Icicle Crash|p1b: Flutter Mane\n|-damage|p1b: Flutter Mane|0 fnt\n|faint|p1b: Flutter Mane\n|-end|p1b: Flutter Mane|Protosynthesis|[silent]\n|move|p1a: Glimmora|Mortal Spin|p2b: Chien-Pao|[spread] p2a,p2b\n|-supereffective|p2a: Rillaboom\n|-damage|p2a: Rillaboom|49\/100\n|-damage|p2b: Chien-Pao|0 fnt\n|-status|p2a: Rillaboom|psn\n|faint|p2b: Chien-Pao\n|\n|-heal|p2a: Rillaboom|54\/100 psn|[from] Grassy Terrain\n|-damage|p2a: Rillaboom|42\/100 psn|[from] psn\n|upkeep\n|\n|t:|1700146105\n|switch|p2b: Urshifu|Urshifu-Rapid-Strike, L50, M|100\/100\n|switch|p1b: Dondozo|Dondozo, L50, F|100\/100\n|turn|3\n|inactive|foxyman52 has 30 seconds left.\n|inactive|foxyman52 has 20 seconds left.\n|\n|t:|1700146140\n|switch|p1a: Tatsugiri|Tatsugiri-Droopy, L50, M|100\/100\n|-activate|p1a: Tatsugiri|ability: Commander|[of] p1b: Dondozo\n|-boost|p1b: Dondozo|atk|2\n|-boost|p1b: Dondozo|spa|2\n|-boost|p1b: Dondozo|spe|2\n|-boost|p1b: Dondozo|def|2\n|-boost|p1b: Dondozo|spd|2\n|-terastallize|p1b: Dondozo|Steel\n|move|p2a: Rillaboom|Grassy Glide|p1b: Dondozo\n|-resisted|p1b: Dondozo\n|-damage|p1b: Dondozo|91\/100\n|move|p2b: Urshifu|Surging Strikes|p1a: Tatsugiri|[miss]\n|-miss|p2b: Urshifu|p1a: Tatsugiri\n|move|p1b: Dondozo|Order Up|p2b: Urshifu\n|-damage|p2b: Urshifu|67\/100\n|-boost|p1b: Dondozo|def|1\n|\n|-heal|p2b: Urshifu|73\/100|[from] Grassy Terrain\n|-heal|p1b: Dondozo|97\/100|[from] Grassy Terrain\n|-heal|p2a: Rillaboom|48\/100 psn|[from] Grassy Terrain\n|-heal|p1b: Dondozo|100\/100|[from] item: Leftovers\n|-damage|p2a: Rillaboom|36\/100 psn|[from] psn\n|upkeep\n|turn|4\n|inactive|foxyman52 has 30 seconds left.\n|\n|t:|1700146167\n|switch|p2a: Iron Hands|Iron Hands, L50, shiny|100\/100\n|move|p2b: Urshifu|Surging Strikes|p1b: Dondozo\n|-crit|p1b: Dondozo\n|-damage|p1b: Dondozo|90\/100\n|-crit|p1b: Dondozo\n|-damage|p1b: Dondozo|78\/100\n|-crit|p1b: Dondozo\n|-damage|p1b: Dondozo|67\/100\n|-hitcount|p1b: Dondozo|3\n|move|p1b: Dondozo|Order Up|p2b: Urshifu\n|-damage|p2b: Urshifu|41\/100\n|-boost|p1b: Dondozo|def|1\n|\n|-heal|p2b: Urshifu|47\/100|[from] Grassy Terrain\n|-heal|p1b: Dondozo|74\/100|[from] Grassy Terrain\n|-heal|p1b: Dondozo|80\/100|[from] item: Leftovers\n|upkeep\n|turn|5\n|\n|t:|1700146186\n|move|p2a: Iron Hands|Fake Out|p1b: Dondozo\n|-resisted|p1b: Dondozo\n|-damage|p1b: Dondozo|78\/100\n|move|p2b: Urshifu|Surging Strikes|p1b: Dondozo\n|-crit|p1b: Dondozo\n|-damage|p1b: Dondozo|67\/100\n|-crit|p1b: Dondozo\n|-damage|p1b: Dondozo|55\/100\n|-crit|p1b: Dondozo\n|-damage|p1b: Dondozo|44\/100\n|-hitcount|p1b: Dondozo|3\n|cant|p1b: Dondozo|flinch\n|\n|-heal|p2b: Urshifu|54\/100|[from] Grassy Terrain\n|-heal|p1b: Dondozo|50\/100|[from] Grassy Terrain\n|-heal|p1b: Dondozo|56\/100|[from] item: Leftovers\n|-fieldend|move: Grassy Terrain\n|upkeep\n|turn|6\n|\n|t:|1700146203\n|move|p2b: Urshifu|Surging Strikes|p1b: Dondozo\n|-crit|p1b: Dondozo\n|-damage|p1b: Dondozo|46\/100\n|-crit|p1b: Dondozo\n|-damage|p1b: Dondozo|34\/100\n|-crit|p1b: Dondozo\n|-damage|p1b: Dondozo|22\/100\n|-hitcount|p1b: Dondozo|3\n|move|p1b: Dondozo|Order Up|p2b: Urshifu\n|-damage|p2b: Urshifu|21\/100\n|-boost|p1b: Dondozo|def|1\n|move|p2a: Iron Hands|Drain Punch|p1b: Dondozo\n|-supereffective|p1b: Dondozo\n|-damage|p1b: Dondozo|4\/100\n|\n|-heal|p1b: Dondozo|11\/100|[from] item: Leftovers\n|upkeep\n|turn|7\n|j| hdwyzdmszrj\n|l| hdwyzdmszrj\n|j| Judang\n|\n|t:|1700146225\n|move|p2b: Urshifu|Surging Strikes|p1b: Dondozo\n|-crit|p1b: Dondozo\n|-damage|p1b: Dondozo|0 fnt\n|faint|p1b: Dondozo\n|-hitcount|p1: Dondozo|1\n|move|p2a: Iron Hands|Wild Charge|p1a: Tatsugiri\n|-damage|p1a: Tatsugiri|2\/100\n|-damage|p2a: Iron Hands|86\/100|[from] Recoil\n|\n|upkeep\n|\n|t:|1700146229\n|switch|p1b: Glimmora|Glimmora, L50, M|100\/100\n|turn|8\n|\n|t:|1700146252\n|move|p1a: Tatsugiri|Icy Wind|p2a: Iron Hands|[spread] p2a,p2b\n|-resisted|p2b: Urshifu\n|-damage|p2a: Iron Hands|77\/100\n|-damage|p2b: Urshifu|13\/100\n|-unboost|p2a: Iron Hands|spe|1\n|-unboost|p2b: Urshifu|spe|1\n|move|p1b: Glimmora|Dazzling Gleam|p2a: Iron Hands|[spread] p2a,p2b\n|-supereffective|p2a: Iron Hands\n|-supereffective|p2b: Urshifu\n|-damage|p2a: Iron Hands|55\/100\n|-damage|p2b: Urshifu|0 fnt\n|faint|p2b: Urshifu\n|move|p2a: Iron Hands|Drain Punch|p1b: Glimmora\n|-damage|p1b: Glimmora|54\/100\n|-heal|p2a: Iron Hands|73\/100|[from] drain|[of] p1b: Glimmora\n|-activate|p1b: Glimmora|ability: Toxic Debris\n|-sidestart|p2: gohan92|move: Toxic Spikes\n|\n|upkeep\n|j| previouslyunnamed\n|\n|t:|1700146266\n|switch|p2b: Rillaboom|Rillaboom, L50, F, tera:Grass|36\/100 psn\n|-fieldstart|move: Grassy Terrain|[from] ability: Grassy Surge|[of] p2b: Rillaboom\n|turn|9\n|\n|t:|1700146275\n|move|p1b: Glimmora|Spiky Shield|p1b: Glimmora\n|-singleturn|p1b: Glimmora|move: Protect\n|move|p2b: Rillaboom|Grassy Glide|p1a: Tatsugiri\n|-damage|p1a: Tatsugiri|0 fnt\n|faint|p1a: Tatsugiri\n|move|p2a: Iron Hands|Heavy Slam|p1b: Glimmora\n|-activate|p1b: Glimmora|move: Protect\n|-damage|p2a: Iron Hands|61\/100|[from] Spiky Shield|[of] p1b: Glimmora\n|\n|-heal|p1b: Glimmora|60\/100|[from] Grassy Terrain\n|-heal|p2b: Rillaboom|42\/100 psn|[from] Grassy Terrain\n|-heal|p2a: Iron Hands|67\/100|[from] Grassy Terrain\n|-damage|p2b: Rillaboom|29\/100 psn|[from] psn\n|upkeep\n|turn|10\n|\n|t:|1700146295\n|move|p2b: Rillaboom|Grassy Glide|p1b: Glimmora\n|-damage|p1b: Glimmora|0 fnt\n|-activate|p1b: Glimmora|ability: Toxic Debris\n|-sidestart|p2: gohan92|move: Toxic Spikes\n|faint|p1b: Glimmora\n|\n|win|gohan92\n|raw|foxyman52's rating: 1570 &rarr; <strong>1549<\/strong><br \/>(-21 for losing)\n|raw|gohan92's rating: 1558 &rarr; <strong>1579<\/strong><br \/>(+21 for winning)\n|l|\u2606foxyman52\n|l| Barxxn\n","uploadtime":1700146308,"views":31,"p1id":"foxyman52","p2id":"gohan92","formatid":"gen9vgc2023regulatione","rating":1549,"private":0,"password":""}