{"id":"gen9vgc2023regulatione-1998932248","p1":"Astano","p2":"ezekial37","format":"[Gen 9] VGC 2023 Regulation E","log":"|j|\u2606Astano\n|j|\u2606ezekial37\n|t:|1701014655\n|gametype|doubles\n|player|p1|Astano|cynthia-masters3|1101\n|player|p2|ezekial37|1|1133\n|teamsize|p1|6\n|teamsize|p2|6\n|gen|9\n|tier|[Gen 9] VGC 2023 Regulation E\n|rated|\n|rule|Species Clause: Limit one of each Pok\u00e9mon\n|rule|Item Clause: Limit one of each item\n|clearpoke\n|poke|p1|Ogerpon-Wellspring, L50, F|\n|poke|p1|Chi-Yu, L50|\n|poke|p1|Iron Hands, L50|\n|poke|p1|Landorus-Therian, L50, M|\n|poke|p1|Chien-Pao, L50|\n|poke|p1|Flutter Mane, L50|\n|poke|p2|Rillaboom, L50, M|\n|poke|p2|Sneasler, L50, M|\n|poke|p2|Poliwrath, L50, M|\n|poke|p2|Tornadus, L50, M|\n|poke|p2|Pelipper, L50, F|\n|poke|p2|Iron Bundle, L50|\n|teampreview|4\nAstano has agreed to open team sheets.\n|\n|t:|1701014678\n|start\n|switch|p1a: Iron Hands|Iron Hands, L50|100\/100\n|switch|p1b: Ogerpon|Ogerpon-Wellspring, L50, F|100\/100\n|switch|p2a: Sneasler|Sneasler, L50, M|100\/100\n|switch|p2b: Iron Bundle|Iron Bundle, L50, shiny|100\/100\n|turn|1\n|inactive|Battle timer is ON: inactive players will automatically lose when time's up. (requested by Astano)\n|\n|t:|1701014706\n|-terastallize|p2a: Sneasler|Ghost\n|-terastallize|p1b: Ogerpon|Water\n|detailschange|p1b: Ogerpon|Ogerpon-Wellspring-Tera, L50, F, tera:Water\n|-ability|p1b: Ogerpon|Embody Aspect (Wellspring)|boost\n|-boost|p1b: Ogerpon|spd|1\n|move|p1a: Iron Hands|Fake Out|p2a: Sneasler\n|-immune|p2a: Sneasler\n|move|p2b: Iron Bundle|Fling|p2a: Sneasler\n|-supereffective|p2a: Sneasler\n|-crit|p2a: Sneasler\n|-damage|p2a: Sneasler|93\/100\n|-boost|p2a: Sneasler|def|1|[from] item: Ganlon Berry\n|-enditem|p2a: Sneasler|Weakness Policy\n|-boost|p2a: Sneasler|atk|2|[from] item: Weakness Policy\n|-boost|p2a: Sneasler|spa|2|[from] item: Weakness Policy\n|-enditem|p2b: Iron Bundle|Ganlon Berry|[from] move: Fling\n|move|p2a: Sneasler|Dire Claw|p1b: Ogerpon\n|-damage|p1b: Ogerpon|12\/100\n|move|p1b: Ogerpon|Ivy Cudgel|p2a: Sneasler|[anim] Ivy Cudgel Water\n|-damage|p2a: Sneasler|31\/100\n|\n|upkeep\n|turn|2\n|inactive|Astano has 30 seconds left.\n|inactive|ezekial37 has 30 seconds left.\n|\n|t:|1701014738\n|move|p1b: Ogerpon|Follow Me|p1b: Ogerpon\n|-singleturn|p1b: Ogerpon|move: Follow Me\n|move|p2a: Sneasler|Close Combat|p1b: Ogerpon\n|-damage|p1b: Ogerpon|0 fnt\n|-unboost|p2a: Sneasler|def|1\n|-unboost|p2a: Sneasler|spd|1\n|faint|p1b: Ogerpon\n|move|p2b: Iron Bundle|Freeze-Dry|p1a: Iron Hands\n|-crit|p1a: Iron Hands\n|-damage|p1a: Iron Hands|74\/100\n|move|p1a: Iron Hands|Heavy Slam|p2a: Sneasler\n|-damage|p2a: Sneasler|0 fnt\n|faint|p2a: Sneasler\n|\n|upkeep\n|\n|t:|1701014752\n|switch|p2a: Pelipper|Pelipper, L50, F|100\/100\n|switch|p1b: Chien-Pao|Chien-Pao, L50|100\/100\n|-ability|p1b: Chien-Pao|Sword of Ruin\n|-weather|RainDance|[from] ability: Drizzle|[of] p2a: Pelipper\n|turn|3\n|\n|t:|1701014765\n|move|p2b: Iron Bundle|Icy Wind|p1a: Iron Hands|[spread] p1b\n|-miss|p2b: Iron Bundle|p1a: Iron Hands\n|-resisted|p1b: Chien-Pao\n|-damage|p1b: Chien-Pao|87\/100\n|-unboost|p1b: Chien-Pao|spe|1\n|move|p2a: Pelipper|Surf|p1a: Iron Hands|[spread] p2b,p1a,p1b\n|-resisted|p2b: Iron Bundle\n|-damage|p2b: Iron Bundle|75\/100\n|-damage|p1a: Iron Hands|55\/100\n|-damage|p1b: Chien-Pao|33\/100\n|move|p1b: Chien-Pao|Icicle Crash|p2b: Iron Bundle\n|-resisted|p2b: Iron Bundle\n|-damage|p2b: Iron Bundle|59\/100\n|move|p1a: Iron Hands|Wild Charge|p2a: Pelipper\n|-supereffective|p2a: Pelipper\n|-damage|p2a: Pelipper|0 fnt\n|faint|p2a: Pelipper\n|-damage|p1a: Iron Hands|40\/100|[from] Recoil\n|\n|-weather|RainDance|[upkeep]\n|upkeep\n|\n|t:|1701014782\n|switch|p2a: Poliwrath|Poliwrath, L50, M, shiny|100\/100\n|turn|4\n|\n|t:|1701014797\n|move|p1b: Chien-Pao|Protect|p1b: Chien-Pao\n|-singleturn|p1b: Chien-Pao|Protect\n|move|p2a: Poliwrath|Drain Punch|p1a: Iron Hands\n|-damage|p1a: Iron Hands|18\/100\n|move|p2b: Iron Bundle|Freeze-Dry|p1a: Iron Hands\n|-damage|p1a: Iron Hands|2\/100\n|move|p1a: Iron Hands|Drain Punch|p2b: Iron Bundle\n|-supereffective|p2b: Iron Bundle\n|-damage|p2b: Iron Bundle|0 fnt\n|-heal|p1a: Iron Hands|19\/100|[from] drain|[of] p2b: Iron Bundle\n|faint|p2b: Iron Bundle\n|-end|p2b: Iron Bundle|Quark Drive|[silent]\n|\n|-weather|RainDance|[upkeep]\n|upkeep\n|turn|5\n|\n|t:|1701014820\n|move|p2a: Poliwrath|Drain Punch|p1a: Iron Hands\n|-crit|p1a: Iron Hands\n|-damage|p1a: Iron Hands|0 fnt\n|faint|p1a: Iron Hands\n|-end|p1a: Iron Hands|Quark Drive|[silent]\n|move|p1b: Chien-Pao|Icicle Crash|p2a: Poliwrath\n|-resisted|p2a: Poliwrath\n|-damage|p2a: Poliwrath|73\/100\n|\n|-weather|RainDance|[upkeep]\n|upkeep\n|\n|t:|1701014828\n|switch|p1a: Flutter Mane|Flutter Mane, L50|100\/100\n|-enditem|p1a: Flutter Mane|Booster Energy\n|-activate|p1a: Flutter Mane|ability: Protosynthesis|[fromitem]\n|-start|p1a: Flutter Mane|protosynthesisspa\n|turn|6\n|\n|t:|1701014836\n|move|p1a: Flutter Mane|Protect|p1a: Flutter Mane\n|-singleturn|p1a: Flutter Mane|Protect\n|move|p1b: Chien-Pao|Protect|p1b: Chien-Pao\n|-singleturn|p1b: Chien-Pao|Protect\n|move|p2a: Poliwrath|Waterfall|p1a: Flutter Mane\n|-activate|p1a: Flutter Mane|move: Protect\n|\n|-weather|RainDance|[upkeep]\n|upkeep\n|turn|7\n|\n|t:|1701014850\n|move|p2a: Poliwrath|Waterfall|p1a: Flutter Mane\n|-damage|p1a: Flutter Mane|17\/100\n|move|p1a: Flutter Mane|Moonblast|p2a: Poliwrath\n|-supereffective|p2a: Poliwrath\n|-damage|p2a: Poliwrath|0 fnt\n|faint|p2a: Poliwrath\n|\n|win|Astano\n|raw|Astano's rating: 1101 &rarr; <strong>1128<\/strong><br \/>(+27 for winning)\n|raw|ezekial37's rating: 1133 &rarr; <strong>1106<\/strong><br \/>(-27 for losing)\n","uploadtime":1701014855,"views":5,"p1id":"astano","p2id":"ezekial37","formatid":"gen9vgc2023regulatione","rating":1106,"private":0,"password":""}