{"id":"gen9vgc2023regulatione-1996475838","p1":"FuriouzGold","p2":"Neb5","format":"[Gen 9] VGC 2023 Regulation E","log":"|j|\u2606FuriouzGold\n|j|\u2606Neb5\n|n|\u2606FuriouzGold|furiouzgold\n|n|\u2606Neb5|neb5\n|html|View the match progress at <a href=\"\/game-bestof3-gen9vgc2023regulatione-1996468140\">game-bestof3-gen9vgc2023regulatione-1996468140<\/a>\n|t:|1700685676\n|gametype|doubles\n|player|p1|FuriouzGold|nemona-s|\n|player|p2|Neb5|170|\n|teamsize|p1|6\n|teamsize|p2|6\n|gen|9\n|tier|[Gen 9] VGC 2023 Regulation E\n|rule|Species Clause: Limit one of each Pok\u00e9mon\n|rule|Item Clause: Limit one of each item\n|clearpoke\n|poke|p1|Kommo-o, L50, F|\n|poke|p1|Clefairy, L50, M|\n|poke|p1|Sinistcha, L50|\n|poke|p1|Tauros-Paldea-Aqua, L50, M|\n|poke|p1|Lucario, L50, M|\n|poke|p1|Charizard, L50, F|\n|poke|p2|Thundurus-Therian, L50, M|\n|poke|p2|Illumise, L50, F|\n|poke|p2|Greninja-*, L50, M|\n|poke|p2|Mismagius, L50, M|\n|poke|p2|Urshifu-*, L50, M|\n|poke|p2|Gardevoir, L50, M|\n|teampreview|4\n|inactive|Battle timer is ON: inactive players will automatically lose when time's up. (requested by FuriouzGold)\n|\n|t:|1700685692\n|start\n|switch|p1a: Kommo-o|Kommo-o, L50, F|100\/100\n|switch|p1b: Clefairy|Clefairy, L50, M|100\/100\n|switch|p2a: Greninja|Greninja, L50, M, shiny|100\/100\n|switch|p2b: Illumise|Illumise, L50, F, shiny|100\/100\n|turn|1\n|\n|t:|1700685715\n|move|p1b: Clefairy|Follow Me|p1b: Clefairy\n|-singleturn|p1b: Clefairy|move: Follow Me\n|move|p2b: Illumise|Rain Dance|p2b: Illumise\n|-weather|RainDance\n|move|p2a: Greninja|Surf|p1a: Kommo-o|[spread] p2b,p1a,p1b\n|-start|p2a: Greninja|typechange|Water|[from] ability: Protean\n|-resisted|p1a: Kommo-o\n|-damage|p2b: Illumise|48\/100\n|-damage|p1a: Kommo-o|76\/100\n|-damage|p1b: Clefairy|56\/100\n|-damage|p2a: Greninja|91\/100|[from] item: Life Orb\n|move|p1a: Kommo-o|Clangorous Soul|p1a: Kommo-o\n|-boost|p1a: Kommo-o|atk|1\n|-boost|p1a: Kommo-o|def|1\n|-boost|p1a: Kommo-o|spa|1\n|-boost|p1a: Kommo-o|spd|1\n|-boost|p1a: Kommo-o|spe|1\n|-damage|p1a: Kommo-o|43\/100\n|-enditem|p1a: Kommo-o|Throat Spray\n|-boost|p1a: Kommo-o|spa|1|[from] item: Throat Spray\n|\n|-weather|RainDance|[upkeep]\n|upkeep\n|turn|2\n|inactive|FuriouzGold has 30 seconds left.\n|inactive|FuriouzGold has 20 seconds left.\n|inactive|FuriouzGold has 15 seconds left.\n|\n|t:|1700685756\n|move|p1b: Clefairy|Follow Me|p1b: Clefairy\n|-singleturn|p1b: Clefairy|move: Follow Me\n|move|p2b: Illumise|Encore|p1b: Clefairy\n|-start|p1b: Clefairy|Encore\n|move|p2a: Greninja|Surf|p1a: Kommo-o|[spread] p2b,p1a,p1b\n|-resisted|p1a: Kommo-o\n|-damage|p2b: Illumise|0 fnt\n|-damage|p1a: Kommo-o|27\/100\n|-damage|p1b: Clefairy|13\/100\n|faint|p2b: Illumise\n|-damage|p2a: Greninja|81\/100|[from] item: Life Orb\n|move|p1a: Kommo-o|Clanging Scales|p2a: Greninja\n|-damage|p2a: Greninja|0 fnt\n|faint|p2a: Greninja\n|-unboost|p1a: Kommo-o|def|1\n|\n|-weather|RainDance|[upkeep]\n|upkeep\n|\n|t:|1700685764\n|switch|p2a: Thundurus|Thundurus-Therian, L50, M|100\/100\n|switch|p2b: Gardevoir|Gardevoir, L50, M, shiny|100\/100\n|turn|3\n|\n|t:|1700685783\n|-terastallize|p2a: Thundurus|Steel\n|move|p1b: Clefairy|Follow Me|p1b: Clefairy\n|-singleturn|p1b: Clefairy|move: Follow Me\n|move|p1a: Kommo-o|Clanging Scales|p2b: Gardevoir|[spread] p2a\n|-immune|p2b: Gardevoir\n|-resisted|p2a: Thundurus\n|-damage|p2a: Thundurus|49\/100\n|-unboost|p1a: Kommo-o|def|1\n|move|p2a: Thundurus|Wildbolt Storm|p1b: Clefairy|[spread] p1a,p1b\n|-resisted|p1a: Kommo-o\n|-damage|p1a: Kommo-o|11\/100\n|-damage|p1b: Clefairy|0 fnt\n|faint|p1b: Clefairy\n|move|p2b: Gardevoir|Shadow Ball|p1a: Kommo-o\n|-immune|p1a: Kommo-o|[from] ability: Bulletproof\n|\n|-weather|RainDance|[upkeep]\n|upkeep\n|\n|t:|1700685799\n|switch|p1b: Sinistcha|Sinistcha, L50|100\/100\n|-heal|p1a: Kommo-o|36\/100|[from] ability: Hospitality|[of] p1b: Sinistcha\n|turn|4\n|\n|t:|1700685810\n|move|p1b: Sinistcha|Rage Powder|p1b: Sinistcha\n|-singleturn|p1b: Sinistcha|move: Rage Powder\n|move|p1a: Kommo-o|Clanging Scales|p2a: Thundurus|[spread] p2a\n|-immune|p2b: Gardevoir\n|-resisted|p2a: Thundurus\n|-damage|p2a: Thundurus|0 fnt\n|faint|p2a: Thundurus\n|-unboost|p1a: Kommo-o|def|1\n|move|p2b: Gardevoir|Icy Wind|p1b: Sinistcha|[spread] p1a,p1b\n|-supereffective|p1a: Kommo-o\n|-supereffective|p1b: Sinistcha\n|-damage|p1a: Kommo-o|17\/100\n|-damage|p1b: Sinistcha|77\/100\n|-unboost|p1a: Kommo-o|spe|1\n|-unboost|p1b: Sinistcha|spe|1\n|\n|-weather|RainDance|[upkeep]\n|upkeep\n|turn|5\n|c|\u2606Neb5|gg\n|\n|t:|1700685835\n|-terastallize|p1a: Kommo-o|Fairy\n|move|p1b: Sinistcha|Rage Powder|p1b: Sinistcha\n|-singleturn|p1b: Sinistcha|move: Rage Powder\n|move|p1a: Kommo-o|Tera Blast|p2b: Gardevoir|[anim] Tera Blast Fairy\n|-crit|p2b: Gardevoir\n|-damage|p2b: Gardevoir|0 fnt\n|faint|p2b: Gardevoir\n|\n|win|FuriouzGold\n|c|\u2606FuriouzGold|gg\n|c|\u2606FuriouzGold|well played\n","uploadtime":1700685952,"views":4,"p1id":"furiouzgold","p2id":"neb5","formatid":"gen9vgc2023regulatione","rating":0,"private":0,"password":""}