{"id":"gen9vgc2023regulatione-1989471677","p1":"SoulKingPR","p2":"Josue_29","format":"[Gen 9] VGC 2023 Regulation E","log":"|j|\u2606SoulKingPR\n|j|\u2606Josue_29\n|t:|1699855888\n|gametype|doubles\n|player|p1|SoulKingPR|266|\n|player|p2|Josue_29|red|\n|teamsize|p1|6\n|teamsize|p2|6\n|gen|9\n|tier|[Gen 9] VGC 2023 Regulation E\n|rule|Species Clause: Limit one of each Pok\u00e9mon\n|rule|Item Clause: Limit one of each item\n|clearpoke\n|poke|p1|Tornadus, L50, M|\n|poke|p1|Iron Hands, L50|\n|poke|p1|Rillaboom, L50, F|\n|poke|p1|Flutter Mane, L50|\n|poke|p1|Ogerpon-Hearthflame, L50, F|\n|poke|p1|Heatran, L50, M|\n|poke|p2|Tornadus, L50, M|\n|poke|p2|Iron Hands, L50|\n|poke|p2|Rillaboom, L50, M|\n|poke|p2|Flutter Mane, L50|\n|poke|p2|Ogerpon-Hearthflame, L50, F|\n|poke|p2|Heatran, L50, F|\n|teampreview|4\n|\n|t:|1699855934\n|start\n|switch|p1a: Heatran|Heatran, L50, M, shiny|100\/100\n|switch|p1b: Tornadus|Tornadus, L50, M, shiny|100\/100\n|switch|p2a: Tornadus|Tornadus, L50, M, shiny|100\/100\n|switch|p2b: Heatran|Heatran, L50, F|100\/100\n|turn|1\n|\n|t:|1699855956\n|move|p1b: Tornadus|Tailwind|p1b: Tornadus\n|-sidestart|p1: SoulKingPR|move: Tailwind\n|move|p2a: Tornadus|Taunt|p1b: Tornadus\n|-start|p1b: Tornadus|move: Taunt\n|move|p1a: Heatran|Earth Power|p2a: Tornadus\n|-immune|p2a: Tornadus\n|move|p2b: Heatran|Earth Power|p1a: Heatran\n|-supereffective|p1a: Heatran\n|-damage|p1a: Heatran|15\/100\n|\n|upkeep\n|turn|2\n|\n|t:|1699855989\n|move|p2a: Tornadus|Tailwind|p2a: Tornadus\n|-sidestart|p2: Josue_29|move: Tailwind\n|move|p1b: Tornadus|Bleakwind Storm|p2a: Tornadus|[spread] p2b\n|-miss|p1b: Tornadus|p2a: Tornadus\n|-resisted|p2b: Heatran\n|-damage|p2b: Heatran|91\/100\n|move|p1a: Heatran|Heat Wave|p2a: Tornadus|[spread] p2a\n|-start|p2b: Heatran|ability: Flash Fire\n|-damage|p2a: Tornadus|55\/100\n|move|p2b: Heatran|Earth Power|p1a: Heatran\n|-supereffective|p1a: Heatran\n|-damage|p1a: Heatran|0 fnt\n|faint|p1a: Heatran\n|\n|upkeep\n|\n|t:|1699856008\n|switch|p1a: Rillaboom|Rillaboom, L50, F, shiny|100\/100\n|-fieldstart|move: Grassy Terrain|[from] ability: Grassy Surge|[of] p1a: Rillaboom\n|turn|3\n|\n|t:|1699856036\n|switch|p1b: Iron Hands|Iron Hands, L50, shiny|100\/100\n|move|p1a: Rillaboom|Grassy Glide|p2a: Tornadus\n|-resisted|p2a: Tornadus\n|-damage|p2a: Tornadus|28\/100\n|move|p2a: Tornadus|Bleakwind Storm|p1a: Rillaboom|[spread] p1a,p1b\n|-supereffective|p1a: Rillaboom\n|-damage|p1a: Rillaboom|21\/100\n|-damage|p1b: Iron Hands|72\/100\n|move|p2b: Heatran|Heat Wave|p1b: Iron Hands|[spread] p1a,p1b\n|-supereffective|p1a: Rillaboom\n|-damage|p1a: Rillaboom|0 fnt\n|-damage|p1b: Iron Hands|23\/100\n|faint|p1a: Rillaboom\n|\n|-heal|p2b: Heatran|97\/100|[from] Grassy Terrain\n|-heal|p1b: Iron Hands|29\/100|[from] Grassy Terrain\n|-heal|p1b: Iron Hands|35\/100|[from] item: Leftovers\n|upkeep\n|\n|t:|1699856055\n|switch|p1a: Tornadus|Tornadus, L50, M, shiny|100\/100\n|turn|4\n|\n|t:|1699856095\n|move|p1a: Tornadus|Taunt|p2a: Tornadus\n|-start|p2a: Tornadus|move: Taunt\n|cant|p2a: Tornadus|move: Taunt|Taunt\n|move|p2b: Heatran|Earth Power|p1b: Iron Hands\n|-supereffective|p1b: Iron Hands\n|-damage|p1b: Iron Hands|0 fnt\n|faint|p1b: Iron Hands\n|-end|p1b: Iron Hands|Quark Drive|[silent]\n|\n|-heal|p2b: Heatran|100\/100|[from] Grassy Terrain\n|-sideend|p1: SoulKingPR|move: Tailwind\n|upkeep\n|turn|5\n|\n|t:|1699856120\n|switch|p2a: Iron Hands|Iron Hands, L50|100\/100\n|move|p1a: Tornadus|Sunny Day|p1a: Tornadus\n|-weather|SunnyDay\n|move|p2b: Heatran|Heat Wave|p1a: Tornadus\n|-damage|p1a: Tornadus|0 fnt\n|faint|p1a: Tornadus\n|\n|win|Josue_29\n","uploadtime":1699856133,"views":10,"p1id":"soulkingpr","p2id":"josue29","formatid":"gen9vgc2023regulatione","rating":0,"private":0,"password":""}