{"id":"gen9vgc2023regulatione-1998664676","p1":"Snog2273","p2":"pankeki5","format":"[Gen 9] VGC 2023 Regulation E","log":"|j|\u2606Snog2273\n|j|\u2606pankeki5\n|t:|1700969505\n|gametype|doubles\n|player|p1|Snog2273|supernerd|1200\n|player|p2|pankeki5|cyrus|1153\n|teamsize|p1|6\n|teamsize|p2|6\n|gen|9\n|tier|[Gen 9] VGC 2023 Regulation E\n|rated|\n|rule|Species Clause: Limit one of each Pok\u00e9mon\n|rule|Item Clause: Limit one of each item\n|clearpoke\n|poke|p1|Perrserker, L50, F|\n|poke|p1|Gholdengo, L50|\n|poke|p1|Landorus-Therian, L50, M|\n|poke|p1|Iron Hands, L50|\n|poke|p1|Roaring Moon, L50|\n|poke|p1|Ogerpon-Wellspring, L50, F|\n|poke|p2|Dragapult, L50, M|\n|poke|p2|Chien-Pao, L50|\n|poke|p2|Infernape, L50, F|\n|poke|p2|Kingambit, L50, M|\n|poke|p2|Landorus-Therian, L50, M|\n|poke|p2|Electrode-Hisui, L50|\n|teampreview|4\n|inactive|Battle timer is ON: inactive players will automatically lose when time's up. (requested by Snog2273)\nSnog2273 has agreed to open team sheets.\n|inactive|Snog2273 has 60 seconds left.\n|inactive|pankeki5 has 60 seconds left.\n|\n|t:|1700969537\n|start\n|switch|p1a: o|Roaring Moon, L50|100\/100\n|switch|p1b: re|Landorus-Therian, L50, M|100\/100\n|switch|p2a: Chien-Pao|Chien-Pao, L50|100\/100\n|switch|p2b: Dragapult|Dragapult, L50, M|100\/100\n|-ability|p1b: re|Intimidate|boost\n|-unboost|p2a: Chien-Pao|atk|1\n|-fail|p2b: Dragapult|unboost|[from] ability: Clear Body|[of] p2b: Dragapult\n|-ability|p2a: Chien-Pao|Sword of Ruin\n|-enditem|p1a: o|Booster Energy\n|-activate|p1a: o|ability: Protosynthesis|[fromitem]\n|-start|p1a: o|protosynthesisspe\n|turn|1\n|inactive|Snog2273 has 30 seconds left.\n|inactive|pankeki5 has 30 seconds left.\n|inactive|Snog2273 has 20 seconds left.\n|inactive|pankeki5 has 20 seconds left.\n|\n|t:|1700969574\n|switch|p1b: ou|Iron Hands, L50|100\/100\n|-terastallize|p2b: Dragapult|Ghost\n|move|p1a: o|Knock Off|p2b: Dragapult\n|-supereffective|p2b: Dragapult\n|-damage|p2b: Dragapult|0 fnt\n|-enditem|p2b: Dragapult|Choice Band|[from] move: Knock Off|[of] p1a: o\n|faint|p2b: Dragapult\n|move|p2a: Chien-Pao|Ice Spinner|p1b: ou\n|-damage|p1b: ou|74\/100\n|\n|upkeep\n|\n|t:|1700969591\n|switch|p2b: Kingambit|Kingambit, L50, M|100\/100\n|turn|2\n|\n|t:|1700969609\n|move|p2a: Chien-Pao|Protect|p2a: Chien-Pao\n|-singleturn|p2a: Chien-Pao|Protect\n|move|p1b: ou|Fake Out|p2a: Chien-Pao\n|-activate|p2a: Chien-Pao|move: Protect\n|move|p1a: o|Acrobatics|p2a: Chien-Pao\n|-activate|p2a: Chien-Pao|move: Protect\n|move|p2b: Kingambit|Swords Dance|p2b: Kingambit\n|-boost|p2b: Kingambit|atk|2\n|\n|upkeep\n|turn|3\n|inactive|pankeki5 has 30 seconds left.\n|inactive|pankeki5 has 20 seconds left.\n|\n|t:|1700969646\n|move|p2b: Kingambit|Sucker Punch||[still]\n|-fail|p2b: Kingambit\n|move|p1a: o|Tailwind|p1a: o\n|-sidestart|p1: Snog2273|move: Tailwind\n|move|p2a: Chien-Pao|Ice Spinner|p1a: o\n|-supereffective|p1a: o\n|-damage|p1a: o|17\/100\n|move|p1b: ou|Drain Punch|p2b: Kingambit\n|-supereffective|p2b: Kingambit\n|-damage|p2b: Kingambit|0 fnt\n|-heal|p1b: ou|100\/100|[from] drain|[of] p2b: Kingambit\n|faint|p2b: Kingambit\n|\n|upkeep\n|\n|t:|1700969657\n|switch|p2b: Electrode|Electrode-Hisui, L50|100\/100\n|turn|4\n|inactive|pankeki5 has 30 seconds left.\n|inactive|pankeki5 has 20 seconds left.\n|inactive|pankeki5 has 15 seconds left.\n|inactive|pankeki5 has 10 seconds left.\n|\n|t:|1700969703\n|move|p2a: Chien-Pao|Sucker Punch|p1a: o\n|-resisted|p1a: o\n|-damage|p1a: o|0 fnt\n|faint|p1a: o\n|-end|p1a: o|Protosynthesis|[silent]\n|move|p2b: Electrode|Thunderbolt|p1b: ou\n|-resisted|p1b: ou\n|-damage|p1b: ou|88\/100\n|move|p1b: ou|Drain Punch|p2a: Chien-Pao\n|-supereffective|p2a: Chien-Pao\n|-enditem|p2a: Chien-Pao|Focus Sash\n|-damage|p2a: Chien-Pao|1\/100\n|-heal|p1b: ou|100\/100|[from] drain|[of] p2a: Chien-Pao\n|\n|upkeep\n|\n|t:|1700969718\n|switch|p1a: re|Landorus-Therian, L50, M|100\/100\n|-ability|p1a: re|Intimidate|boost\n|-unboost|p2a: Chien-Pao|atk|1\n|-unboost|p2b: Electrode|atk|1\n|turn|5\n|inactive|Snog2273 has 30 seconds left.\n|\n|t:|1700969744\n|move|p1a: re|U-turn|p2b: Electrode\n|-supereffective|p2b: Electrode\n|-damage|p2b: Electrode|0 fnt\n|faint|p2b: Electrode\n|\n|t:|1700969748\n|switch|p1a: hohus|Ogerpon-Wellspring, L50, F|100\/100|[from] U-turn\n|move|p2a: Chien-Pao|Ice Spinner|p1a: hohus\n|-damage|p1a: hohus|65\/100\n|move|p1b: ou|Drain Punch|p2a: Chien-Pao\n|-supereffective|p2a: Chien-Pao\n|-damage|p2a: Chien-Pao|0 fnt\n|faint|p2a: Chien-Pao\n|\n|win|Snog2273\n|raw|Snog2273's rating: 1200 &rarr; <strong>1222<\/strong><br \/>(+22 for winning)\n|raw|pankeki5's rating: 1153 &rarr; <strong>1131<\/strong><br \/>(-22 for losing)\n|l|\u2606pankeki5\n","uploadtime":1700969763,"views":16,"p1id":"snog2273","p2id":"pankeki5","formatid":"gen9vgc2023regulatione","rating":1131,"private":0,"password":""}