{"id":"gen9vgc2023regulatione-1995677629","p1":"Snow15","p2":"Darkjuninn","format":"[Gen 9] VGC 2023 Regulation E","log":"|j|\u2606Snow15\n|j|\u2606Darkjuninn\n|t:|1700593146\n|gametype|doubles\n|player|p1|Snow15|red|1510\n|player|p2|Darkjuninn|cynthia|1433\n|teamsize|p1|6\n|teamsize|p2|6\n|gen|9\n|tier|[Gen 9] VGC 2023 Regulation E\n|rated|\n|rule|Species Clause: Limit one of each Pok\u00e9mon\n|rule|Item Clause: Limit one of each item\n|clearpoke\n|poke|p1|Indeedee-F, L50, F|\n|poke|p1|Armarouge, L50, M|\n|poke|p1|Ursaluna-Bloodmoon, L50, M|\n|poke|p1|Torkoal, L50, F|\n|poke|p1|Lilligant-Hisui, L50, F|\n|poke|p1|Urshifu-*, L50, M|\n|poke|p2|Tornadus, L50, M|\n|poke|p2|Landorus-Therian, L50, M|\n|poke|p2|Rillaboom, L50, M|\n|poke|p2|Urshifu-*, L50, M|\n|poke|p2|Flutter Mane, L50|\n|poke|p2|Ogerpon-Hearthflame, L50, F|\n|teampreview|4\n|inactive|Battle timer is ON: inactive players will automatically lose when time's up. (requested by Snow15)\n|j| El!te 00f\n|l| El!te 00f\n|c|\u2606Darkjuninn|coach?\nDarkjuninn has agreed to open team sheets.\n|inactive|Darkjuninn has 60 seconds left.\n|\n|t:|1700593198\n|start\n|switch|p1a: Mme. Irma|Indeedee-F, L50, F|100\/100\n|switch|p1b: Kai|Armarouge, L50, M|100\/100\n|switch|p2a: katrina|Tornadus, L50, M|100\/100\n|switch|p2b: treme terra|Landorus-Therian, L50, M|100\/100\n|-ability|p2b: treme terra|Intimidate|boost\n|-unboost|p1a: Mme. Irma|atk|1\n|-unboost|p1b: Kai|atk|1\n|-fieldstart|move: Psychic Terrain|[from] ability: Psychic Surge|[of] p1a: Mme. Irma\n|-enditem|p1a: Mme. Irma|Psychic Seed\n|-boost|p1a: Mme. Irma|spd|1|[from] item: Psychic Seed\n|turn|1\n|inactive|Darkjuninn has 30 seconds left.\n|\n|t:|1700593228\n|move|p1b: Kai|Wide Guard|p1b: Kai\n|-singleturn|p1b: Kai|Wide Guard\n|move|p2a: katrina|Bleakwind Storm|p1a: Mme. Irma|[spread] \n|-activate|p1a: Mme. Irma|move: Wide Guard\n|-activate|p1b: Kai|move: Wide Guard\n|move|p2b: treme terra|Rock Slide|p1a: Mme. Irma|[spread] \n|-activate|p1a: Mme. Irma|move: Wide Guard\n|-activate|p1b: Kai|move: Wide Guard\n|move|p1a: Mme. Irma|Trick Room|p1a: Mme. Irma\n|-fieldstart|move: Trick Room|[of] p1a: Mme. Irma\n|\n|upkeep\n|turn|2\n|inactive|Darkjuninn has 30 seconds left.\n|\n|t:|1700593255\n|switch|p1a: Franklin|Torkoal, L50, F|100\/100\n|-weather|SunnyDay|[from] ability: Drought|[of] p1a: Franklin\n|switch|p2a: hue hue br|Rillaboom, L50, M|100\/100\n|-fieldstart|move: Grassy Terrain|[from] ability: Grassy Surge|[of] p2a: hue hue br\n|move|p1b: Kai|Expanding Force|p2a: hue hue br\n|-damage|p2a: hue hue br|38\/100\n|-damage|p1b: Kai|91\/100|[from] item: Life Orb\n|move|p2b: treme terra|Rock Slide|p1b: Kai|[spread] p1a,p1b\n|-supereffective|p1a: Franklin\n|-supereffective|p1b: Kai\n|-damage|p1a: Franklin|60\/100\n|-damage|p1b: Kai|41\/100\n|\n|-weather|SunnyDay|[upkeep]\n|-heal|p1a: Franklin|66\/100|[from] Grassy Terrain\n|-heal|p1b: Kai|47\/100|[from] Grassy Terrain\n|-heal|p2a: hue hue br|44\/100|[from] Grassy Terrain\n|upkeep\n|turn|3\n|\n|t:|1700593277\n|switch|p1a: Mme. Irma|Indeedee-F, L50, F|100\/100\n|-fieldstart|move: Psychic Terrain|[from] ability: Psychic Surge|[of] p1a: Mme. Irma\n|move|p2a: hue hue br|Fake Out|p1a: Mme. Irma\n|-activate|p1a: Mme. Irma|move: Psychic Terrain\n|move|p1b: Kai|Expanding Force|p2a: hue hue br|[spread] p2a,p2b\n|-damage|p2a: hue hue br|0 fnt\n|-damage|p2b: treme terra|14\/100\n|faint|p2a: hue hue br\n|-damage|p1b: Kai|38\/100|[from] item: Life Orb\n|move|p2b: treme terra|Rock Slide|p1a: Mme. Irma|[spread] p1a,p1b\n|-supereffective|p1b: Kai\n|-damage|p1a: Mme. Irma|73\/100\n|-damage|p1b: Kai|0 fnt\n|faint|p1b: Kai\n|\n|-weather|SunnyDay|[upkeep]\n|upkeep\n|\n|t:|1700593298\n|switch|p1b: Winnie|Ursaluna-Bloodmoon, L50, M|100\/100\n|switch|p2a: Wanda|Flutter Mane, L50|100\/100\n|-activate|p2a: Wanda|ability: Protosynthesis\n|-start|p2a: Wanda|protosynthesisspa\n|turn|4\n|\n|t:|1700593308\n|-terastallize|p1b: Winnie|Normal\n|-terastallize|p2a: Wanda|Fairy\n|move|p1a: Mme. Irma|Helping Hand|p1b: Winnie\n|-singleturn|p1b: Winnie|Helping Hand|[of] p1a: Mme. Irma\n|move|p1b: Winnie|Hyper Voice|p2a: Wanda|[spread] p2a,p2b\n|-damage|p2a: Wanda|21\/100\n|-damage|p2b: treme terra|0 fnt\n|faint|p2b: treme terra\n|-enditem|p1b: Winnie|Throat Spray\n|-boost|p1b: Winnie|spa|1|[from] item: Throat Spray\n|move|p2a: Wanda|Dazzling Gleam|p1a: Mme. Irma|[spread] p1a,p1b\n|-damage|p1a: Mme. Irma|23\/100\n|-damage|p1b: Winnie|42\/100\n|\n|-weather|SunnyDay|[upkeep]\n|upkeep\n|\n|t:|1700593322\n|switch|p2b: katrina|Tornadus, L50, M|100\/100\n|turn|5\n|\n|t:|1700593337\n|move|p2a: Wanda|Protect|p2a: Wanda\n|-singleturn|p2a: Wanda|Protect\n|move|p1b: Winnie|Hyper Voice|p2a: Wanda|[spread] p2b\n|-activate|p2a: Wanda|move: Protect\n|-crit|p2b: katrina\n|-damage|p2b: katrina|0 fnt\n|faint|p2b: katrina\n|move|p1a: Mme. Irma|Dazzling Gleam|p2a: Wanda\n|-activate|p2a: Wanda|move: Protect\n|\n|-weather|SunnyDay|[upkeep]\n|-fieldend|move: Trick Room\n|upkeep\n|turn|6\n|inactive|Snow15 has 30 seconds left.\n|inactive|Snow15 has 20 seconds left.\n|\n|t:|1700593373\n|move|p2a: Wanda|Dazzling Gleam|p1b: Winnie|[spread] p1a,p1b\n|-damage|p1a: Mme. Irma|0 fnt\n|-damage|p1b: Winnie|0 fnt\n|faint|p1a: Mme. Irma\n|faint|p1b: Winnie\n|\n|-weather|none\n|-end|p2a: Wanda|Protosynthesis\n|upkeep\n|-enditem|p2a: Wanda|Booster Energy\n|-activate|p2a: Wanda|ability: Protosynthesis|[fromitem]\n|-start|p2a: Wanda|protosynthesisspa\n|\n|t:|1700593377\n|switch|p1a: Franklin|Torkoal, L50, F|66\/100\n|-weather|SunnyDay|[from] ability: Drought|[of] p1a: Franklin\n|turn|7\n|\n|t:|1700593394\n|move|p2a: Wanda|Shadow Ball|p1a: Franklin\n|-damage|p1a: Franklin|0 fnt\n|faint|p1a: Franklin\n|\n|win|Darkjuninn\n|raw|Snow15's rating: 1510 &rarr; <strong>1486<\/strong><br \/>(-24 for losing)\n|raw|Darkjuninn's rating: 1433 &rarr; <strong>1457<\/strong><br \/>(+24 for winning)\n|l|\u2606Snow15\n","uploadtime":1700593408,"views":1,"p1id":"snow15","p2id":"darkjuninn","formatid":"gen9vgc2023regulatione","rating":1457,"private":0,"password":""}