{"id":"gen9vgc2023regulatione-1990873806","p1":"LittlePotato13","p2":"bobforte22","format":"[Gen 9] VGC 2023 Regulation E","log":"|j|\u2606LittlePotato13\n|j|\u2606bobforte22\n|t:|1700010035\n|gametype|doubles\n|player|p1|LittlePotato13|youngster-gen4dp|1237\n|player|p2|bobforte22|pilot|1285\n|teamsize|p1|6\n|teamsize|p2|6\n|gen|9\n|tier|[Gen 9] VGC 2023 Regulation E\n|rated|\n|rule|Species Clause: Limit one of each Pok\u00e9mon\n|rule|Item Clause: Limit one of each item\n|clearpoke\n|poke|p1|Gholdengo, L50|\n|poke|p1|Iron Hands, L50|\n|poke|p1|Amoonguss, L50, F|\n|poke|p1|Iron Bundle, L50|\n|poke|p1|Pelipper, L50, M|\n|poke|p1|Salamence, L50, M|\n|poke|p2|Chi-Yu, L50|\n|poke|p2|Jolteon, L50, F|\n|poke|p2|Iron Hands, L50|\n|poke|p2|Iron Bundle, L50|\n|poke|p2|Arcanine, L50, M|\n|poke|p2|Garchomp, L50, M|\n|teampreview|4\nLittlePotato13 has agreed to open team sheets.\n|inactive|Battle timer is ON: inactive players will automatically lose when time's up. (requested by LittlePotato13)\n|\n|t:|1700010099\n|start\n|switch|p1a: Gholdengo|Gholdengo, L50|100\/100\n|switch|p1b: Pelipper|Pelipper, L50, M|100\/100\n|switch|p2a: Chi-Yu|Chi-Yu, L50|100\/100\n|switch|p2b: Jolteon|Jolteon, L50, F|100\/100\n|-ability|p2a: Chi-Yu|Beads of Ruin\n|-weather|RainDance|[from] ability: Drizzle|[of] p1b: Pelipper\n|turn|1\n|inactive|LittlePotato13 has 30 seconds left.\n|inactive|LittlePotato13 has 20 seconds left.\n|\n|t:|1700010134\n|move|p2b: Jolteon|Thunderbolt|p1b: Pelipper\n|-supereffective|p1b: Pelipper\n|-enditem|p1b: Pelipper|Focus Sash\n|-damage|p1b: Pelipper|1\/100\n|-damage|p2b: Jolteon|91\/100|[from] item: Life Orb\n|move|p2a: Chi-Yu|Dark Pulse|p1a: Gholdengo\n|-supereffective|p1a: Gholdengo\n|-damage|p1a: Gholdengo|0 fnt\n|faint|p1a: Gholdengo\n|move|p1b: Pelipper|Hurricane|p2b: Jolteon\n|-resisted|p2b: Jolteon\n|-damage|p2b: Jolteon|61\/100\n|\n|-weather|RainDance|[upkeep]\n|upkeep\n|\n|t:|1700010155\n|switch|p1a: Iron Hands|Iron Hands, L50|100\/100\n|turn|2\n|\n|t:|1700010179\n|switch|p2a: Arcanine|Arcanine, L50, M, shiny|100\/100\n|-ability|p2a: Arcanine|Intimidate|boost\n|-unboost|p1a: Iron Hands|atk|1\n|-unboost|p1b: Pelipper|atk|1\n|move|p1a: Iron Hands|Fake Out|p2b: Jolteon\n|-damage|p2b: Jolteon|47\/100\n|cant|p2b: Jolteon|flinch\n|move|p1b: Pelipper|Weather Ball|p2a: Arcanine\n|-supereffective|p2a: Arcanine\n|-crit|p2a: Arcanine\n|-damage|p2a: Arcanine|0 fnt\n|faint|p2a: Arcanine\n|\n|-weather|RainDance|[upkeep]\n|upkeep\n|\n|t:|1700010196\n|switch|p2a: Iron Bundle|Iron Bundle, L50|100\/100\n|turn|3\n|\n|t:|1700010211\n|-terastallize|p2a: Iron Bundle|Fairy\n|move|p1b: Pelipper|Protect|p1b: Pelipper\n|-singleturn|p1b: Pelipper|Protect\n|move|p2a: Iron Bundle|Freeze-Dry|p1b: Pelipper\n|-activate|p1b: Pelipper|move: Protect\n|move|p2b: Jolteon|Fake Tears|p1a: Iron Hands\n|-unboost|p1a: Iron Hands|spd|2\n|move|p1a: Iron Hands|Drain Punch|p2b: Jolteon\n|-damage|p2b: Jolteon|3\/100\n|\n|-weather|RainDance|[upkeep]\n|upkeep\n|turn|4\n|inactive|LittlePotato13 has 30 seconds left.\n|inactive|LittlePotato13 has 20 seconds left.\n|inactive|LittlePotato13 has 15 seconds left.\n|\n|t:|1700010254\n|move|p2a: Iron Bundle|Hydro Pump|p1a: Iron Hands\n|-damage|p1a: Iron Hands|30\/100\n|move|p2b: Jolteon|Thunderbolt|p1b: Pelipper\n|-supereffective|p1b: Pelipper\n|-damage|p1b: Pelipper|0 fnt\n|faint|p1b: Pelipper\n|-damage|p2b: Jolteon|0 fnt|[from] item: Life Orb\n|faint|p2b: Jolteon\n|move|p1a: Iron Hands|Drain Punch|p2a: Iron Bundle\n|-resisted|p2a: Iron Bundle\n|-damage|p2a: Iron Bundle|88\/100\n|-heal|p1a: Iron Hands|35\/100|[from] drain|[of] p2a: Iron Bundle\n|\n|-weather|RainDance|[upkeep]\n|upkeep\n|\n|t:|1700010270\n|switch|p2b: Chi-Yu|Chi-Yu, L50|100\/100\n|switch|p1b: Iron Bundle|Iron Bundle, L50|100\/100\n|-ability|p2b: Chi-Yu|Beads of Ruin\n|-enditem|p1b: Iron Bundle|Booster Energy\n|-activate|p1b: Iron Bundle|ability: Quark Drive|[fromitem]\n|-start|p1b: Iron Bundle|quarkdrivespe\n|turn|5\n|inactive|LittlePotato13 has 30 seconds left.\n|inactive|LittlePotato13 has 20 seconds left.\n|\n|t:|1700010306\n|-terastallize|p1a: Iron Hands|Water\n|move|p1b: Iron Bundle|Hydro Pump|p2a: Iron Bundle\n|-damage|p2a: Iron Bundle|0 fnt\n|faint|p2a: Iron Bundle\n|-end|p2a: Iron Bundle|Quark Drive|[silent]\n|move|p2b: Chi-Yu|Dark Pulse|p1a: Iron Hands\n|-damage|p1a: Iron Hands|0 fnt\n|faint|p1a: Iron Hands\n|-end|p1a: Iron Hands|Quark Drive|[silent]\n|\n|-weather|none\n|upkeep\n|turn|6\n|\n|t:|1700010325\n|move|p1b: Iron Bundle|Hydro Pump|p2b: Chi-Yu\n|-supereffective|p2b: Chi-Yu\n|-damage|p2b: Chi-Yu|1\/100\n|move|p2b: Chi-Yu|Dark Pulse|p1b: Iron Bundle\n|-damage|p1b: Iron Bundle|0 fnt\n|faint|p1b: Iron Bundle\n|-end|p1b: Iron Bundle|Quark Drive|[silent]\n|\n|win|bobforte22\n|raw|LittlePotato13's rating: 1237 &rarr; <strong>1215<\/strong><br \/>(-22 for losing)\n|raw|bobforte22's rating: 1285 &rarr; <strong>1307<\/strong><br \/>(+22 for winning)\n","uploadtime":1700010335,"views":16,"p1id":"littlepotato13","p2id":"bobforte22","formatid":"gen9vgc2023regulatione","rating":1215,"private":0,"password":""}