{"id":"gen9vgc2023regulatione-2000485651","p1":"johnkharkiv","p2":"Suessasd","format":"[Gen 9] VGC 2023 Regulation E","log":"|j|\u2606johnkharkiv\n|j|\u2606Suessasd\n|t:|1701198793\n|gametype|doubles\n|player|p1|johnkharkiv|1|1074\n|player|p2|Suessasd|koga|1058\n|teamsize|p1|6\n|teamsize|p2|6\n|gen|9\n|tier|[Gen 9] VGC 2023 Regulation E\n|rated|\n|rule|Species Clause: Limit one of each Pok\u00e9mon\n|rule|Item Clause: Limit one of each item\n|clearpoke\n|poke|p1|Tornadus, L50, M|\n|poke|p1|Tinkaton, L50, F|\n|poke|p1|Slowbro-Galar, L50, F|\n|poke|p1|Arcanine-Hisui, L50, M|\n|poke|p1|Flamigo, L50, M|\n|poke|p1|Iron Jugulis, L50|\n|poke|p2|Scizor, L50, F|\n|poke|p2|Chien-Pao, L50|\n|poke|p2|Dragonite, L50, M|\n|poke|p2|Talonflame, L50, F|\n|poke|p2|Toxicroak, L50, M|\n|poke|p2|Pelipper, L50, F|\n|teampreview|4\n|inactive|Battle timer is ON: inactive players will automatically lose when time's up. (requested by Suessasd)\n|inactive|johnkharkiv has 60 seconds left.\n|\n|t:|1701198827\n|start\n|switch|p1a: Disappointed|Tornadus, L50, M, shiny|100\/100\n|switch|p1b: MC Hammer|Tinkaton, L50, F|100\/100\n|switch|p2a: Toxicroak|Toxicroak, L50, M|100\/100\n|switch|p2b: Pelipper|Pelipper, L50, F|100\/100\n|-weather|RainDance|[from] ability: Drizzle|[of] p2b: Pelipper\n|turn|1\n|inactive|Suessasd has 30 seconds left.\n|\n|t:|1701198860\n|move|p1b: MC Hammer|Fake Out|p2a: Toxicroak\n|-damage|p2a: Toxicroak|82\/100\n|-damage|p1b: MC Hammer|91\/100|[from] item: Life Orb\n|cant|p2a: Toxicroak|flinch\n|move|p1a: Disappointed|Bleakwind Storm|p2b: Pelipper|[spread] p2a,p2b\n|-supereffective|p2a: Toxicroak\n|-damage|p2a: Toxicroak|0 fnt\n|-damage|p2b: Pelipper|53\/100\n|faint|p2a: Toxicroak\n|move|p2b: Pelipper|Tailwind|p2b: Pelipper\n|-sidestart|p2: Suessasd|move: Tailwind\n|\n|-weather|RainDance|[upkeep]\n|-heal|p2b: Pelipper|59\/100|[from] item: Leftovers\n|upkeep\n|\n|t:|1701198873\n|switch|p2a: Scizor|Scizor, L50, F|100\/100\n|turn|2\n|c|\u2606johnkharkiv|Bruh\n|\n|t:|1701198892\n|switch|p2b: Chien-Pao|Chien-Pao, L50|100\/100\n|-ability|p2b: Chien-Pao|Sword of Ruin\n|-terastallize|p2a: Scizor|Steel\n|move|p2a: Scizor|Bullet Punch|p1b: MC Hammer\n|-damage|p1b: MC Hammer|0 fnt\n|faint|p1b: MC Hammer\n|-damage|p2a: Scizor|91\/100|[from] item: Life Orb\n|move|p1a: Disappointed|Tailwind|p1a: Disappointed\n|-sidestart|p1: johnkharkiv|move: Tailwind\n|\n|-weather|RainDance|[upkeep]\n|upkeep\n|\n|t:|1701198904\n|switch|p1b: Champ|Arcanine-Hisui, L50, M, shiny|100\/100\n|turn|3\n|\n|t:|1701198920\n|move|p2b: Chien-Pao|Sucker Punch|p1a: Disappointed\n|-damage|p1a: Disappointed|45\/100\n|move|p1b: Champ|Flare Blitz|p2b: Chien-Pao\n|-supereffective|p2b: Chien-Pao\n|-damage|p2b: Chien-Pao|18\/100\n|-enditem|p2b: Chien-Pao|Aguav Berry|[eat]\n|-heal|p2b: Chien-Pao|52\/100|[from] item: Aguav Berry\n|move|p1a: Disappointed|Heat Wave|p2b: Chien-Pao|[spread] p2a,p2b\n|-supereffective|p2a: Scizor\n|-supereffective|p2b: Chien-Pao\n|-damage|p2a: Scizor|65\/100\n|-damage|p2b: Chien-Pao|15\/100\n|-status|p2a: Scizor|brn\n|move|p2a: Scizor|Close Combat|p1b: Champ\n|-supereffective|p1b: Champ\n|-damage|p1b: Champ|0 fnt\n|-unboost|p2a: Scizor|def|1\n|-unboost|p2a: Scizor|spd|1\n|faint|p1b: Champ\n|-damage|p2a: Scizor|56\/100 brn|[from] item: Life Orb\n|\n|-weather|RainDance|[upkeep]\n|-damage|p2a: Scizor|50\/100 brn|[from] brn\n|upkeep\n|\n|t:|1701198935\n|switch|p1b: Lazy Design|Flamigo, L50, M|100\/100\n|-copyboost|p1b: Lazy Design|p1a: Disappointed|[from] ability: Costar\n|turn|4\n|inactive|johnkharkiv has 30 seconds left.\n|\n|t:|1701198970\n|move|p2b: Chien-Pao|Protect|p2b: Chien-Pao\n|-singleturn|p2b: Chien-Pao|Protect\n|move|p1a: Disappointed|Swagger|p2b: Chien-Pao\n|-activate|p2b: Chien-Pao|move: Protect\n|move|p2a: Scizor|Bullet Punch|p1a: Disappointed\n|-damage|p1a: Disappointed|3\/100\n|-damage|p2a: Scizor|40\/100 brn|[from] item: Life Orb\n|move|p1b: Lazy Design|Lunge|p2b: Chien-Pao\n|-activate|p2b: Chien-Pao|move: Protect\n|\n|-weather|RainDance|[upkeep]\n|-damage|p2a: Scizor|34\/100 brn|[from] brn\n|-sideend|p2: Suessasd|move: Tailwind\n|upkeep\n|turn|5\n|\n|t:|1701198989\n|move|p1a: Disappointed|Swagger|p2b: Chien-Pao\n|-hint|Since gen 7, Dark is immune to Prankster moves.\n|-immune|p2b: Chien-Pao\n|move|p2b: Chien-Pao|Sucker Punch||[still]\n|-fail|p2b: Chien-Pao\n|move|p2a: Scizor|Bullet Punch|p1b: Lazy Design\n|-damage|p1b: Lazy Design|43\/100\n|-damage|p2a: Scizor|25\/100 brn|[from] item: Life Orb\n|move|p1b: Lazy Design|Lunge|p2a: Scizor\n|-resisted|p2a: Scizor\n|-damage|p2a: Scizor|0 fnt\n|faint|p2a: Scizor\n|\n|-weather|none\n|-sideend|p1: johnkharkiv|move: Tailwind\n|upkeep\n|\n|t:|1701199001\n|switch|p2a: Pelipper|Pelipper, L50, F|59\/100\n|-weather|RainDance|[from] ability: Drizzle|[of] p2a: Pelipper\n|turn|6\n|\n|t:|1701199018\n|move|p2b: Chien-Pao|Sucker Punch|p1b: Lazy Design\n|-resisted|p1b: Lazy Design\n|-damage|p1b: Lazy Design|6\/100\n|move|p1a: Disappointed|Swagger|p2a: Pelipper\n|-boost|p2a: Pelipper|atk|2\n|-start|p2a: Pelipper|confusion\n|move|p1b: Lazy Design|Acrobatics|p2b: Chien-Pao\n|-damage|p2b: Chien-Pao|0 fnt\n|faint|p2b: Chien-Pao\n|-activate|p2a: Pelipper|confusion\n|-damage|p2a: Pelipper|50\/100|[from] confusion\n|\n|-weather|RainDance|[upkeep]\n|-heal|p2a: Pelipper|56\/100|[from] item: Leftovers\n|upkeep\n|turn|7\n|\n|t:|1701199035\n|move|p1b: Lazy Design|Acrobatics|p2a: Pelipper\n|-damage|p2a: Pelipper|26\/100\n|move|p1a: Disappointed|Bleakwind Storm|p2a: Pelipper\n|-damage|p2a: Pelipper|0 fnt\n|faint|p2a: Pelipper\n|\n|win|johnkharkiv\n|raw|johnkharkiv's rating: 1074 &rarr; <strong>1102<\/strong><br \/>(+28 for winning)\n|raw|Suessasd's rating: 1058 &rarr; <strong>1040<\/strong><br \/>(-18 for losing)\n|l|\u2606Suessasd\n","uploadtime":1701199173,"views":2,"p1id":"johnkharkiv","p2id":"suessasd","formatid":"gen9vgc2023regulatione","rating":1040,"private":0,"password":""}