{"id":"gen9vgc2023regulatione-1997959757","p1":"slimejrlegit","p2":"IamTheRitz","format":"[Gen 9] VGC 2023 Regulation E","log":"|j|\u2606slimejrlegit\n|j|\u2606IamTheRitz\n|t:|1700872350\n|gametype|doubles\n|player|p1|slimejrlegit|265|1153\n|player|p2|IamTheRitz|101|1171\n|teamsize|p1|6\n|teamsize|p2|6\n|gen|9\n|tier|[Gen 9] VGC 2023 Regulation E\n|rated|\n|rule|Species Clause: Limit one of each Pok\u00e9mon\n|rule|Item Clause: Limit one of each item\n|clearpoke\n|poke|p1|Goodra-Hisui, L50, M|\n|poke|p1|Enamorus, L50, F|\n|poke|p1|Regieleki, L50|\n|poke|p1|Mamoswine, L50, M|\n|poke|p1|Brute Bonnet, L50|\n|poke|p1|Farigiraf, L50, M|\n|poke|p2|Goodra-Hisui, L50, M|\n|poke|p2|Amoonguss, L50, M|\n|poke|p2|Flutter Mane, L50|\n|poke|p2|Torkoal, L50, F|\n|poke|p2|Chien-Pao, L50|\n|poke|p2|Rillaboom, L50, F|\n|teampreview|4\n|l|\u2606slimejrlegit\n|player|p1|\n|j|\u2606slimejrlegit\n|player|p1|slimejrlegit|265\n|\n|t:|1700872414\n|start\n|switch|p1a: Mamoswine|Mamoswine, L50, M, shiny|100\/100\n|switch|p1b: Reginald|Regieleki, L50|100\/100\n|switch|p2a: Goodra|Goodra-Hisui, L50, M|100\/100\n|switch|p2b: Rillaboom|Rillaboom, L50, F|100\/100\n|-fieldstart|move: Grassy Terrain|[from] ability: Grassy Surge|[of] p2b: Rillaboom\n|turn|1\n|inactive|Battle timer is ON: inactive players will automatically lose when time's up. (requested by slimejrlegit)\n|\n|t:|1700872435\n|switch|p1a: Doja cat|Enamorus, L50, F|100\/100\n|move|p2b: Rillaboom|Fake Out|p1b: Reginald\n|-damage|p1b: Reginald|80\/100\n|move|p1b: Reginald|Eerie Impulse|p1a: Doja cat\n|-boost|p1a: Doja cat|spa|2\n|move|p2a: Goodra|Ice Spinner|p1a: Doja cat\n|-supereffective|p1a: Doja cat\n|-damage|p1a: Doja cat|12\/100\n|-fieldend|move: Grassy Terrain\n|\n|upkeep\n|turn|2\n|inactive|slimejrlegit has 30 seconds left.\n|\n|t:|1700872467\n|move|p1b: Reginald|Eerie Impulse|p1a: Doja cat\n|-boost|p1a: Doja cat|spa|2\n|move|p1a: Doja cat|Earth Power|p2a: Goodra\n|-supereffective|p2a: Goodra\n|-damage|p2a: Goodra|0 fnt\n|faint|p2a: Goodra\n|-damage|p1a: Doja cat|2\/100|[from] item: Life Orb\n|move|p2b: Rillaboom|Grassy Glide|p2: Goodra|[notarget]\n|-fail|p2b: Rillaboom\n|\n|upkeep\n|\n|t:|1700872479\n|switch|p2a: Flutter Mane|Flutter Mane, L50|100\/100\n|turn|3\n|c|\u2606slimejrlegit|Got rid of your own terrain\n|\n|t:|1700872503\n|move|p1a: Doja cat|Protect|p1a: Doja cat\n|-singleturn|p1a: Doja cat|Protect\n|move|p1b: Reginald|Electroweb|p2b: Rillaboom|[spread] p2a,p2b\n|-resisted|p2b: Rillaboom\n|-crit|p2b: Rillaboom\n|-damage|p2a: Flutter Mane|82\/100\n|-damage|p2b: Rillaboom|87\/100\n|-unboost|p2a: Flutter Mane|spe|1\n|-unboost|p2b: Rillaboom|spe|1\n|move|p2a: Flutter Mane|Dazzling Gleam|p1b: Reginald|[spread] p1b\n|-activate|p1a: Doja cat|move: Protect\n|-damage|p1b: Reginald|6\/100\n|-damage|p2a: Flutter Mane|72\/100|[from] item: Life Orb\n|move|p2b: Rillaboom|Grassy Glide|p1b: Reginald\n|-damage|p1b: Reginald|0 fnt\n|faint|p1b: Reginald\n|\n|upkeep\n|\n|t:|1700872514\n|switch|p1b: Mamoswine|Mamoswine, L50, M, shiny|100\/100\n|turn|4\n|\n|t:|1700872530\n|-terastallize|p1b: Mamoswine|Fire\n|move|p1b: Mamoswine|Ice Shard|p2b: Rillaboom\n|-supereffective|p2b: Rillaboom\n|-damage|p2b: Rillaboom|36\/100\n|move|p1a: Doja cat|Dazzling Gleam|p2b: Rillaboom|[spread] p2a,p2b\n|-damage|p2a: Flutter Mane|0 fnt\n|-damage|p2b: Rillaboom|0 fnt\n|faint|p2a: Flutter Mane\n|-end|p2a: Flutter Mane|Protosynthesis|[silent]\n|faint|p2b: Rillaboom\n|-damage|p1a: Doja cat|0 fnt|[from] item: Life Orb\n|faint|p1a: Doja cat\n|\n|upkeep\n|c|\u2606slimejrlegit|Gg\n|inactive|IamTheRitz has 30 seconds left.\n|\n|t:|1700872558\n|switch|p1a: Slimey Dragoon|Goodra-Hisui, L50, M|100\/100\n|switch|p2b: Chien-Pao|Chien-Pao, L50|100\/100\n|-ability|p2b: Chien-Pao|Sword of Ruin\n|turn|5\n|\n|t:|1700872575\n|-terastallize|p2b: Chien-Pao|Flying\n|move|p1b: Mamoswine|Ice Shard|p2b: Chien-Pao\n|-supereffective|p2b: Chien-Pao\n|-damage|p2b: Chien-Pao|42\/100\n|move|p2b: Chien-Pao|Ice Spinner|p1a: Slimey Dragoon\n|-damage|p1a: Slimey Dragoon|62\/100\n|move|p1a: Slimey Dragoon|Acid Armor|p1a: Slimey Dragoon\n|-boost|p1a: Slimey Dragoon|def|2\n|\n|-heal|p1a: Slimey Dragoon|68\/100|[from] item: Leftovers\n|upkeep\n|turn|6\n|c|\u2606slimejrlegit|Gg\n|c|\u2606slimejrlegit|Gg\n|\n|t:|1700872591\n|move|p1b: Mamoswine|Ice Shard|p2b: Chien-Pao\n|-supereffective|p2b: Chien-Pao\n|-damage|p2b: Chien-Pao|0 fnt\n|faint|p2b: Chien-Pao\n|\n|win|slimejrlegit\n|raw|slimejrlegit's rating: 1153 &rarr; <strong>1179<\/strong><br \/>(+26 for winning)\n|raw|IamTheRitz's rating: 1171 &rarr; <strong>1145<\/strong><br \/>(-26 for losing)\n|c|\u2606slimejrlegit|gg\n|l|\u2606IamTheRitz\n|l|\u2606slimejrlegit\n|j|\u2606slimejrlegit\n|player|p1|slimejrlegit|265\n","uploadtime":1700872794,"views":2,"p1id":"slimejrlegit","p2id":"iamtheritz","formatid":"gen9vgc2023regulatione","rating":1145,"private":0,"password":""}