{"id":"gen9vgc2023regulatione-1997028098","p1":"mochipupusa","p2":"TengoMuchaSed","format":"[Gen 9] VGC 2023 Regulation E","log":"|j|\u2606mochipupusa\n|j|\u2606TengoMuchaSed\n|t:|1700757228\n|gametype|doubles\n|player|p1|mochipupusa|collector|1237\n|player|p2|TengoMuchaSed|tate|1147\n|teamsize|p1|6\n|teamsize|p2|6\n|gen|9\n|tier|[Gen 9] VGC 2023 Regulation E\n|rated|\n|rule|Species Clause: Limit one of each Pok\u00e9mon\n|rule|Item Clause: Limit one of each item\n|clearpoke\n|poke|p1|Roaring Moon, L50|\n|poke|p1|Milotic, L50, F|\n|poke|p1|Landorus-Therian, L50, M|\n|poke|p1|Flutter Mane, L50|\n|poke|p1|Iron Hands, L50|\n|poke|p1|Ogerpon-Hearthflame, L50, F|\n|poke|p2|Iron Moth, L50|\n|poke|p2|Brute Bonnet, L50|\n|poke|p2|Sylveon, L50, F|\n|poke|p2|Landorus-Therian, L50, M|\n|poke|p2|Regieleki, L50|\n|poke|p2|Goodra-Hisui, L50, F|\n|teampreview|4\n|inactive|Battle timer is ON: inactive players will automatically lose when time's up. (requested by TengoMuchaSed)\nmochipupusa has agreed to open team sheets.\nTengoMuchaSed has agreed to open team sheets.\n|inactive|mochipupusa has 30 seconds left.\n|inactive|TengoMuchaSed has 30 seconds left.\n|inactive|mochipupusa has 20 seconds left.\n|inactive|TengoMuchaSed has 20 seconds left.\n|inactive|mochipupusa has 15 seconds left.\n|inactive|TengoMuchaSed has 15 seconds left.\n|inactive|TengoMuchaSed has 10 seconds left.\n|\n|t:|1700757281\n|start\n|switch|p1a: Iron Hands|Iron Hands, L50|100\/100\n|switch|p1b: Roaring Moon|Roaring Moon, L50|100\/100\n|switch|p2a: Destroyer|Iron Moth, L50|100\/100\n|switch|p2b: Eye|Brute Bonnet, L50|100\/100\n|-enditem|p2a: Destroyer|Booster Energy\n|-activate|p2a: Destroyer|ability: Quark Drive|[fromitem]\n|-start|p2a: Destroyer|quarkdrivespe\n|-enditem|p1b: Roaring Moon|Booster Energy\n|-activate|p1b: Roaring Moon|ability: Protosynthesis|[fromitem]\n|-start|p1b: Roaring Moon|protosynthesisatk\n|turn|1\n|inactive|mochipupusa has 30 seconds left.\n|inactive|mochipupusa has 20 seconds left.\n|inactive|mochipupusa has 15 seconds left.\n|\n|t:|1700757323\n|-terastallize|p2a: Destroyer|Ghost\n|-terastallize|p1b: Roaring Moon|Flying\n|move|p2a: Destroyer|Fiery Dance|p1a: Iron Hands\n|-damage|p1a: Iron Hands|82\/100\n|move|p1b: Roaring Moon|Acrobatics|p2b: Eye\n|-supereffective|p2b: Eye\n|-damage|p2b: Eye|0 fnt\n|faint|p2b: Eye\n|-end|p2b: Eye|Protosynthesis|[silent]\n|move|p1a: Iron Hands|Drain Punch|p2a: Destroyer\n|-immune|p2a: Destroyer\n|\n|upkeep\n|\n|t:|1700757332\n|switch|p2b: Regieleki|Regieleki, L50|100\/100\n|turn|2\n|inactive|mochipupusa has 30 seconds left.\n|\n|t:|1700757361\n|move|p1b: Roaring Moon|Protect|p1b: Roaring Moon\n|-singleturn|p1b: Roaring Moon|Protect\n|move|p2b: Regieleki|Thunder Cage|p1b: Roaring Moon\n|-activate|p1b: Roaring Moon|move: Protect\n|move|p2a: Destroyer|Fiery Dance|p1a: Iron Hands\n|-damage|p1a: Iron Hands|63\/100\n|move|p1a: Iron Hands|Drain Punch|p2b: Regieleki\n|-damage|p2b: Regieleki|19\/100\n|-heal|p1a: Iron Hands|89\/100|[from] drain|[of] p2b: Regieleki\n|\n|upkeep\n|turn|3\n|inactive|mochipupusa has 30 seconds left.\n|\n|t:|1700757391\n|-end|p1b: Roaring Moon|Protosynthesis|[silent]\n|switch|p1b: Flutter Mane|Flutter Mane, L50|100\/100\n|move|p2b: Regieleki|Thunder Cage|p1b: Flutter Mane\n|-damage|p1b: Flutter Mane|47\/100\n|-activate|p1b: Flutter Mane|move: Thunder Cage|[of] p2b: Regieleki\n|move|p2a: Destroyer|Fiery Dance|p1b: Flutter Mane\n|-damage|p1b: Flutter Mane|7\/100\n|-boost|p2a: Destroyer|spa|1\n|move|p1a: Iron Hands|Heavy Slam|p2b: Regieleki\n|-resisted|p2b: Regieleki\n|-damage|p2b: Regieleki|0 fnt\n|faint|p2b: Regieleki\n|\n|-end|p1b: Flutter Mane|Thunder Cage|[partiallytrapped]|[silent]\n|upkeep\n|\n|t:|1700757403\n|switch|p2b: Skelly|Landorus-Therian, L50, M|100\/100\n|-ability|p2b: Skelly|Intimidate|boost\n|-unboost|p1a: Iron Hands|atk|1\n|-unboost|p1b: Flutter Mane|atk|1\n|turn|4\n|\n|t:|1700757419\n|move|p1b: Flutter Mane|Protect|p1b: Flutter Mane\n|-singleturn|p1b: Flutter Mane|Protect\n|move|p2a: Destroyer|Fiery Dance|p1b: Flutter Mane\n|-activate|p1b: Flutter Mane|move: Protect\n|move|p2b: Skelly|Stomping Tantrum|p1a: Iron Hands\n|-supereffective|p1a: Iron Hands\n|-damage|p1a: Iron Hands|31\/100\n|move|p1a: Iron Hands|Wild Charge|p2a: Destroyer\n|-crit|p2a: Destroyer\n|-damage|p2a: Destroyer|0 fnt\n|faint|p2a: Destroyer\n|-end|p2a: Destroyer|Quark Drive|[silent]\n|-damage|p1a: Iron Hands|13\/100|[from] Recoil\n|\n|upkeep\n|turn|5\n|-message|TengoMuchaSed forfeited.\n|\n|win|mochipupusa\n|raw|mochipupusa's rating: 1237 &rarr; <strong>1256<\/strong><br \/>(+19 for winning)\n|raw|TengoMuchaSed's rating: 1147 &rarr; <strong>1128<\/strong><br \/>(-19 for losing)\n|l|\u2606TengoMuchaSed\n","uploadtime":1700757436,"views":1,"p1id":"mochipupusa","p2id":"tengomuchased","formatid":"gen9vgc2023regulatione","rating":1128,"private":0,"password":""}