{"id":"gen9vgc2023regulatione-1988940803","p1":"Arthy.T","p2":"Tutkan","format":"[Gen 9] VGC 2023 Regulation E","log":"|j|\u2606Arthy.T\n|j|\u2606Tutkan\n|t:|1699791683\n|gametype|doubles\n|player|p1|Arthy.T|plasmagruntf-gen5bw|1346\n|player|p2|Tutkan|2|1346\n|teamsize|p1|6\n|teamsize|p2|6\n|gen|9\n|tier|[Gen 9] VGC 2023 Regulation E\n|rated|\n|rule|Species Clause: Limit one of each Pok\u00e9mon\n|rule|Item Clause: Limit one of each item\n|clearpoke\n|poke|p1|Torkoal, L50, F|\n|poke|p1|Lilligant-Hisui, L50, F|\n|poke|p1|Sandy Shocks, L50|\n|poke|p1|Thundurus-Therian, L50, M|\n|poke|p1|Oranguru, L50, M|\n|poke|p1|Ursaluna, L50, M|\n|poke|p2|Heatran, L50, M|\n|poke|p2|Chien-Pao, L50|\n|poke|p2|Dragonite, L50, F|\n|poke|p2|Urshifu-*, L50, M|\n|poke|p2|Flutter Mane, L50|\n|poke|p2|Tornadus, L50, M|\n|teampreview|4\n|\n|t:|1699791752\n|start\n|switch|p1a: Torkoal|Torkoal, L50, F|100\/100\n|switch|p1b: Lilligant|Lilligant-Hisui, L50, F|100\/100\n|switch|p2a: Tornadus|Tornadus, L50, M|100\/100\n|switch|p2b: Heatran|Heatran, L50, M|100\/100\n|-weather|SunnyDay|[from] ability: Drought|[of] p1a: Torkoal\n|turn|1\n|\n|t:|1699791816\n|-terastallize|p2b: Heatran|Fairy\n|move|p2a: Tornadus|Rain Dance|p2a: Tornadus\n|-weather|RainDance\n|move|p1b: Lilligant|Sleep Powder|p2b: Heatran|[miss]\n|-miss|p1b: Lilligant|p2b: Heatran\n|move|p2b: Heatran|Earth Power|p1a: Torkoal\n|-supereffective|p1a: Torkoal\n|-damage|p1a: Torkoal|18\/100\n|move|p1a: Torkoal|Eruption|p2a: Tornadus|[spread] p2a\n|-start|p2b: Heatran|ability: Flash Fire\n|-damage|p2a: Tornadus|92\/100\n|\n|-weather|RainDance|[upkeep]\n|upkeep\n|turn|2\n|\n|t:|1699791861\n|switch|p1a: Thundurus|Thundurus-Therian, L50, M|100\/100\n|-terastallize|p1b: Lilligant|Rock\n|move|p2a: Tornadus|Bleakwind Storm|p1b: Lilligant|[spread] p1a,p1b\n|-resisted|p1a: Thundurus\n|-resisted|p1b: Lilligant\n|-damage|p1a: Thundurus|84\/100\n|-damage|p1b: Lilligant|74\/100\n|move|p1b: Lilligant|Encore|p2b: Heatran\n|-start|p2b: Heatran|Encore\n|move|p2b: Heatran|Earth Power|p1a: Thundurus\n|-immune|p1a: Thundurus\n|\n|-weather|RainDance|[upkeep]\n|upkeep\n|turn|3\n|\n|t:|1699791914\n|switch|p2a: Dragonite|Dragonite, L50, F|100\/100\n|move|p1b: Lilligant|Sleep Powder|p2b: Heatran\n|-status|p2b: Heatran|slp|[from] move: Sleep Powder\n|move|p1a: Thundurus|Thunder|p2a: Dragonite\n|-damage|p2a: Dragonite|39\/100\n|cant|p2b: Heatran|slp\n|\n|-weather|RainDance|[upkeep]\n|upkeep\n|turn|4\n|\n|t:|1699791938\n|move|p2a: Dragonite|Extreme Speed|p1a: Thundurus\n|-damage|p1a: Thundurus|13\/100\n|move|p1b: Lilligant|Sleep Powder|p2a: Dragonite\n|-status|p2a: Dragonite|slp|[from] move: Sleep Powder\n|move|p1a: Thundurus|Weather Ball|p2b: Heatran\n|-damage|p2b: Heatran|67\/100 slp\n|cant|p2b: Heatran|slp\n|\n|-weather|RainDance|[upkeep]\n|-end|p2b: Heatran|Encore\n|upkeep\n|turn|5\n|\n|t:|1699791994\n|switch|p1b: Sandy Shocks|Sandy Shocks, L50|100\/100\n|cant|p2a: Dragonite|slp\n|move|p1a: Thundurus|Thunder|p2b: Heatran\n|-damage|p2b: Heatran|26\/100 slp\n|cant|p2b: Heatran|slp\n|\n|-weather|none\n|upkeep\n|turn|6\n|\n|t:|1699792024\n|cant|p2a: Dragonite|slp\n|move|p1b: Sandy Shocks|Discharge|p2a: Dragonite|[spread] p2a,p2b\n|-heal|p1a: Thundurus|38\/100|[from] ability: Volt Absorb|[of] p1b: Sandy Shocks\n|-damage|p2a: Dragonite|2\/100 slp\n|-damage|p2b: Heatran|3\/100 slp\n|-damage|p1b: Sandy Shocks|91\/100|[from] item: Life Orb\n|move|p1a: Thundurus|Discharge|p2a: Dragonite|[spread] p2a,p2b\n|-immune|p1b: Sandy Shocks\n|-damage|p2a: Dragonite|0 fnt\n|-damage|p2b: Heatran|0 fnt\n|faint|p2a: Dragonite\n|faint|p2b: Heatran\n|\n|upkeep\n|\n|t:|1699792039\n|switch|p2b: Tornadus|Tornadus, L50, M|92\/100\n|switch|p2a: Urshifu|Urshifu-Rapid-Strike, L50, M|100\/100\n|turn|7\n|\n|t:|1699792092\n|switch|p1a: Torkoal|Torkoal, L50, F|18\/100\n|-weather|SunnyDay|[from] ability: Drought|[of] p1a: Torkoal\n|-activate|p1b: Sandy Shocks|ability: Protosynthesis\n|-start|p1b: Sandy Shocks|protosynthesisspe\n|move|p1b: Sandy Shocks|Discharge|p2b: Tornadus|[spread] p1a,p2a,p2b\n|-supereffective|p2a: Urshifu\n|-supereffective|p2b: Tornadus\n|-damage|p1a: Torkoal|0 fnt\n|-damage|p2a: Urshifu|0 fnt\n|-damage|p2b: Tornadus|0 fnt\n|faint|p1a: Torkoal\n|faint|p2a: Urshifu\n|faint|p2b: Tornadus\n|-damage|p1b: Sandy Shocks|81\/100|[from] item: Life Orb\n|\n|win|Arthy.T\n|raw|Arthy.T's rating: 1346 &rarr; <strong>1366<\/strong><br \/>(+20 for winning)\n|raw|Tutkan's rating: 1346 &rarr; <strong>1326<\/strong><br \/>(-20 for losing)\n|l|\u2606Tutkan\n|j|\u2606Tutkan\n|player|p2|Tutkan|2\n","uploadtime":1699792241,"views":38,"p1id":"arthyt","p2id":"tutkan","formatid":"gen9vgc2023regulatione","rating":1326,"private":0,"password":""}