{"id":"gen9vgc2023regulatione-1993301336","p1":"DoggoGGO","p2":"WaveVerano","format":"[Gen 9] VGC 2023 Regulation E","log":"|j|\u2606DoggoGGO\n|j|\u2606WaveVerano\n|t:|1700293625\n|gametype|doubles\n|player|p1|DoggoGGO|pokemonrangerf|1042\n|player|p2|WaveVerano|policeman-gen4|1000\n|teamsize|p1|6\n|teamsize|p2|6\n|gen|9\n|tier|[Gen 9] VGC 2023 Regulation E\n|rated|\n|rule|Species Clause: Limit one of each Pok\u00e9mon\n|rule|Item Clause: Limit one of each item\n|clearpoke\n|poke|p1|Articuno-Galar, L50|\n|poke|p1|Wyrdeer, L50, F|\n|poke|p1|Thundurus, L50, M|\n|poke|p1|Chi-Yu, L50|\n|poke|p1|Sinistcha, L50|\n|poke|p1|Great Tusk, L50|\n|poke|p2|Morpeko, L50, M|\n|poke|p2|Ribombee, L50, F|\n|poke|p2|Baxcalibur, L50, M|\n|poke|p2|Iron Jugulis, L50|\n|poke|p2|Armarouge, L50, F|\n|poke|p2|Dondozo, L50, M|\n|teampreview|4\n|\n|t:|1700293670\n|start\n|switch|p1a: Lil Fruity|Articuno-Galar, L50|100\/100\n|switch|p1b: Weird Deer|Wyrdeer, L50, F|100\/100\n|switch|p2a: Ribombee|Ribombee, L50, F|100\/100\n|switch|p2b: Baxcalibur|Baxcalibur, L50, M|100\/100\n|-ability|p1b: Weird Deer|Intimidate|boost\n|-unboost|p2a: Ribombee|atk|1\n|-unboost|p2b: Baxcalibur|atk|1\n|turn|1\n|\n|t:|1700293695\n|-terastallize|p1a: Lil Fruity|Fairy\n|move|p2a: Ribombee|Tailwind|p2a: Ribombee\n|-sidestart|p2: WaveVerano|move: Tailwind\n|move|p2b: Baxcalibur|Glaive Rush|p1b: Weird Deer\n|-damage|p1b: Weird Deer|27\/100\n|-singlemove|p2b: Baxcalibur|Glaive Rush|[silent]\n|move|p1b: Weird Deer|Skill Swap|p2a: Ribombee\n|-activate|p1b: Weird Deer|move: Skill Swap|Sweet Veil|Intimidate|[of] p2a: Ribombee\n|-ability|p2a: Ribombee|Intimidate|boost\n|-unboost|p1a: Lil Fruity|atk|1\n|-ability|p1a: Lil Fruity|Competitive|boost\n|-boost|p1a: Lil Fruity|spa|2\n|-unboost|p1b: Weird Deer|atk|1\n|move|p1a: Lil Fruity|Tera Blast|p2b: Baxcalibur|[anim] Tera Blast Fairy\n|-supereffective|p2b: Baxcalibur\n|-damage|p2b: Baxcalibur|0 fnt\n|faint|p2b: Baxcalibur\n|\n|upkeep\n|\n|t:|1700293717\n|switch|p2b: Iron Jugulis|Iron Jugulis, L50|100\/100\n|turn|2\n|\n|t:|1700293750\n|switch|p1b: Large Lad|Great Tusk, L50|100\/100\n|-enditem|p1b: Large Lad|Booster Energy\n|-activate|p1b: Large Lad|ability: Protosynthesis|[fromitem]\n|-start|p1b: Large Lad|protosynthesisatk\n|move|p2a: Ribombee|U-turn|p1b: Large Lad\n|-resisted|p1b: Large Lad\n|-damage|p1b: Large Lad|97\/100\n|\n|t:|1700293758\n|switch|p2a: Morpeko|Morpeko, L50, M|100\/100|[from] U-turn\n|move|p2b: Iron Jugulis|Heat Wave|p1a: Lil Fruity|[spread] p1a,p1b\n|-damage|p1a: Lil Fruity|71\/100\n|-damage|p1b: Large Lad|48\/100\n|move|p1a: Lil Fruity|Tera Blast|p2b: Iron Jugulis|[anim] Tera Blast Fairy\n|-supereffective|p2b: Iron Jugulis\n|-damage|p2b: Iron Jugulis|0 fnt\n|faint|p2b: Iron Jugulis\n|-end|p2b: Iron Jugulis|Quark Drive|[silent]\n|\n|-formechange|p2a: Morpeko|Morpeko-Hangry||[from] ability: Hunger Switch\n|upkeep\n|\n|t:|1700293772\n|switch|p2b: Ribombee|Ribombee, L50, F|100\/100\n|turn|3\n|\n|t:|1700293787\n|move|p2a: Morpeko|Fake Out|p1a: Lil Fruity\n|-damage|p1a: Lil Fruity|61\/100\n|move|p2b: Ribombee|Dazzling Gleam|p1a: Lil Fruity|[spread] p1a,p1b\n|-supereffective|p1b: Large Lad\n|-damage|p1a: Lil Fruity|38\/100\n|-damage|p1b: Large Lad|0 fnt\n|faint|p1b: Large Lad\n|-end|p1b: Large Lad|Protosynthesis|[silent]\n|cant|p1a: Lil Fruity|flinch\n|\n|-formechange|p2a: Morpeko|Morpeko||[from] ability: Hunger Switch\n|upkeep\n|\n|t:|1700293799\n|switch|p1b: Tea Sis|Sinistcha, L50|100\/100\n|-heal|p1a: Lil Fruity|63\/100|[from] ability: Hospitality|[of] p1b: Tea Sis\n|turn|4\n|\n|t:|1700293812\n|move|p1b: Tea Sis|Protect|p1b: Tea Sis\n|-singleturn|p1b: Tea Sis|Protect\n|move|p2b: Ribombee|Dazzling Gleam|p1b: Tea Sis|[spread] p1a\n|-activate|p1b: Tea Sis|move: Protect\n|-damage|p1a: Lil Fruity|40\/100\n|move|p2a: Morpeko|Aura Wheel|p1b: Tea Sis\n|-activate|p1b: Tea Sis|move: Protect\n|move|p1a: Lil Fruity|Tera Blast|p2b: Ribombee|[anim] Tera Blast Fairy\n|-damage|p2b: Ribombee|0 fnt\n|faint|p2b: Ribombee\n|\n|-sideend|p2: WaveVerano|move: Tailwind\n|-formechange|p2a: Morpeko|Morpeko-Hangry||[from] ability: Hunger Switch\n|upkeep\n|turn|5\n|\n|t:|1700293831\n|-terastallize|p2a: Morpeko|Steel\n|move|p1b: Tea Sis|Rage Powder|p1b: Tea Sis\n|-singleturn|p1b: Tea Sis|move: Rage Powder\n|move|p2a: Morpeko|Aura Wheel|p1b: Tea Sis\n|-supereffective|p1b: Tea Sis\n|-damage|p1b: Tea Sis|49\/100\n|-boost|p2a: Morpeko|spe|1\n|move|p1a: Lil Fruity|Tera Blast|p2a: Morpeko|[anim] Tera Blast Fairy\n|-resisted|p2a: Morpeko\n|-damage|p2a: Morpeko|0 fnt\n|faint|p2a: Morpeko\n|\n|win|DoggoGGO\n|raw|DoggoGGO's rating: 1042 &rarr; <strong>1072<\/strong><br \/>(+30 for winning)\n|raw|WaveVerano's rating: 1000 &rarr; <strong>1000<\/strong><br \/>(+0 for losing)\n|l|\u2606WaveVerano\n","uploadtime":1700293848,"views":17,"p1id":"doggoggo","p2id":"waveverano","formatid":"gen9vgc2023regulatione","rating":1000,"private":0,"password":""}