{"id":"gen9vgc2023regulatione-1995776949","p1":"NoahDaGr81","p2":"Derpy Drew","format":"[Gen 9] VGC 2023 Regulation E","log":"|j|\u2606NoahDaGr81\n|j|\u2606Derpy Drew\n|t:|1700602145\n|gametype|doubles\n|player|p1|NoahDaGr81|pokemonbreeder|1107\n|player|p2|Derpy Drew|backpacker|1011\n|teamsize|p1|6\n|teamsize|p2|6\n|gen|9\n|tier|[Gen 9] VGC 2023 Regulation E\n|rated|\n|rule|Species Clause: Limit one of each Pok\u00e9mon\n|rule|Item Clause: Limit one of each item\n|clearpoke\n|poke|p1|Roaring Moon, L50|\n|poke|p1|Mienshao, L50, F|\n|poke|p1|Chi-Yu, L50|\n|poke|p1|Espeon, L50, F|\n|poke|p1|Ninetales, L50, F|\n|poke|p1|Flutter Mane, L50|\n|poke|p2|Snorlax, L50, M|\n|poke|p2|Sinistcha-Masterpiece, L50|\n|poke|p2|Clefairy, L50, M|\n|poke|p2|Kommo-o, L50, F|\n|poke|p2|Iron Hands, L50|\n|poke|p2|Landorus-Therian, L50, M|\n|teampreview|4\n|inactive|Battle timer is ON: inactive players will automatically lose when time's up. (requested by Derpy Drew)\n|\n|t:|1700602172\n|start\n|switch|p1a: Mienshao|Mienshao, L50, F, shiny|100\/100\n|switch|p1b: Roaring Moon|Roaring Moon, L50, shiny|100\/100\n|switch|p2a: Snorlax|Snorlax, L50, M|100\/100\n|switch|p2b: Iron Hands|Iron Hands, L50|100\/100\n|turn|1\n|\n|t:|1700602190\n|move|p2a: Snorlax|Protect|p2a: Snorlax\n|-singleturn|p2a: Snorlax|Protect\n|move|p1a: Mienshao|Fake Out|p2a: Snorlax\n|-activate|p2a: Snorlax|move: Protect\n|move|p2b: Iron Hands|Fake Out|p1b: Roaring Moon\n|-damage|p1b: Roaring Moon|84\/100\n|move|p1b: Roaring Moon|Tailwind|p1b: Roaring Moon\n|-sidestart|p1: NoahDaGr81|move: Tailwind\n|\n|upkeep\n|turn|2\n|inactive|Derpy Drew has 30 seconds left.\n|inactive|Derpy Drew has 20 seconds left.\n|inactive|Derpy Drew has 15 seconds left.\n|\n|t:|1700602232\n|-end|p2b: Iron Hands|Quark Drive|[silent]\n|switch|p2b: Clefairy|Clefairy, L50, M|100\/100\n|move|p1b: Roaring Moon|Knock Off|p2b: Clefairy\n|-resisted|p2b: Clefairy\n|-damage|p2b: Clefairy|77\/100\n|-enditem|p2b: Clefairy|Eviolite|[from] move: Knock Off|[of] p1b: Roaring Moon\n|move|p1a: Mienshao|High Jump Kick|p2a: Snorlax\n|-supereffective|p2a: Snorlax\n|-damage|p2a: Snorlax|10\/100\n|-enditem|p2a: Snorlax|Sitrus Berry|[eat]\n|-heal|p2a: Snorlax|35\/100|[from] item: Sitrus Berry\n|move|p2a: Snorlax|Belly Drum||[still]\n|-fail|p2a: Snorlax\n|\n|upkeep\n|turn|3\n|inactive|Derpy Drew has 30 seconds left.\n|inactive|Derpy Drew has 20 seconds left.\n|inactive|Derpy Drew has 15 seconds left.\n|inactive|Derpy Drew has 10 seconds left.\n|\n|t:|1700602281\n|move|p1b: Roaring Moon|Stomping Tantrum|p2a: Snorlax\n|-damage|p2a: Snorlax|21\/100\n|move|p1a: Mienshao|U-turn|p2b: Clefairy\n|-resisted|p2b: Clefairy\n|-damage|p2b: Clefairy|60\/100\n|\n|t:|1700602286\n|switch|p1a: Tsakurai|Ninetales, L50, F, shiny|100\/100|[from] U-turn\n|-weather|SunnyDay|[from] ability: Drought|[of] p1a: Tsakurai\n|-activate|p1b: Roaring Moon|ability: Protosynthesis\n|-start|p1b: Roaring Moon|protosynthesisspe\n|move|p2b: Clefairy|Heal Pulse|p2a: Snorlax\n|-heal|p2a: Snorlax|71\/100\n|move|p2a: Snorlax|Belly Drum|p2a: Snorlax\n|-damage|p2a: Snorlax|21\/100\n|-setboost|p2a: Snorlax|atk|6|[from] move: Belly Drum\n|\n|-weather|SunnyDay|[upkeep]\n|upkeep\n|turn|4\n|inactive|NoahDaGr81 has 30 seconds left.\n|\n|t:|1700602313\n|move|p2b: Clefairy|Follow Me|p2b: Clefairy\n|-singleturn|p2b: Clefairy|move: Follow Me\n|move|p1b: Roaring Moon|Stomping Tantrum|p2b: Clefairy\n|-damage|p2b: Clefairy|22\/100\n|move|p1a: Tsakurai|Burning Jealousy|p2b: Clefairy|[spread] p2a,p2b\n|-damage|p2a: Snorlax|13\/100\n|-damage|p2b: Clefairy|0 fnt\n|faint|p2b: Clefairy\n|move|p2a: Snorlax|Facade|p1b: Roaring Moon\n|-crit|p1b: Roaring Moon\n|-damage|p1b: Roaring Moon|0 fnt\n|faint|p1b: Roaring Moon\n|-end|p1b: Roaring Moon|Protosynthesis|[silent]\n|\n|-weather|SunnyDay|[upkeep]\n|-sideend|p1: NoahDaGr81|move: Tailwind\n|upkeep\n|\n|t:|1700602327\n|switch|p1b: Mienshao|Mienshao, L50, F, shiny|100\/100\n|switch|p2b: Sinistcha|Sinistcha-Masterpiece, L50|100\/100\n|-heal|p2a: Snorlax|38\/100|[from] ability: Hospitality|[of] p2b: Sinistcha\n|turn|5\n|\n|t:|1700602352\n|-terastallize|p2b: Sinistcha|Fire\n|move|p2a: Snorlax|Protect|p2a: Snorlax\n|-singleturn|p2a: Snorlax|Protect\n|move|p1b: Mienshao|Ice Spinner|p2b: Sinistcha\n|-resisted|p2b: Sinistcha\n|-damage|p2b: Sinistcha|91\/100\n|move|p1a: Tsakurai|Burning Jealousy|p2a: Snorlax|[spread] p2b\n|-activate|p2a: Snorlax|move: Protect\n|-resisted|p2b: Sinistcha\n|-damage|p2b: Sinistcha|73\/100\n|move|p2b: Sinistcha|Trick Room|p2b: Sinistcha\n|-fieldstart|move: Trick Room|[of] p2b: Sinistcha\n|\n|-weather|SunnyDay|[upkeep]\n|upkeep\n|turn|6\n|inactive|Derpy Drew has 30 seconds left.\n|inactive|NoahDaGr81 has 30 seconds left.\n|inactive|NoahDaGr81 has 20 seconds left.\n|\n|t:|1700602395\n|move|p2b: Sinistcha|Rage Powder|p2b: Sinistcha\n|-singleturn|p2b: Sinistcha|move: Rage Powder\n|move|p2a: Snorlax|Facade|p1b: Mienshao\n|-damage|p1b: Mienshao|0 fnt\n|faint|p1b: Mienshao\n|move|p1a: Tsakurai|Encore|p2b: Sinistcha\n|-start|p2b: Sinistcha|Encore\n|-enditem|p2b: Sinistcha|Mental Herb\n|-end|p2b: Sinistcha|Encore\n|\n|-weather|SunnyDay|[upkeep]\n|upkeep\n|\n|t:|1700602406\n|switch|p1b: Mercurius|Chi-Yu, L50|100\/100\n|-ability|p1b: Mercurius|Beads of Ruin\n|turn|7\n|\n|t:|1700602426\n|-terastallize|p1b: Mercurius|Fire\n|move|p2b: Sinistcha|Rage Powder|p2b: Sinistcha\n|-singleturn|p2b: Sinistcha|move: Rage Powder\n|move|p2a: Snorlax|High Horsepower|p1b: Mercurius|[miss]\n|-miss|p2a: Snorlax|p1b: Mercurius\n|move|p1a: Tsakurai|Energy Ball|p2b: Sinistcha\n|-resisted|p2b: Sinistcha\n|-damage|p2b: Sinistcha|53\/100\n|move|p1b: Mercurius|Lava Plume|p2a: Snorlax|[spread] p1a,p2a,p2b\n|-resisted|p1a: Tsakurai\n|-resisted|p2b: Sinistcha\n|-damage|p1a: Tsakurai|36\/100\n|-damage|p2a: Snorlax|0 fnt\n|-damage|p2b: Sinistcha|0 fnt\n|faint|p2a: Snorlax\n|faint|p2b: Sinistcha\n|\n|-weather|SunnyDay|[upkeep]\n|upkeep\n|\n|t:|1700602444\n|switch|p2a: Iron Hands|Iron Hands, L50|100\/100\n|turn|8\n|\n|t:|1700602455\n|move|p2a: Iron Hands|Fake Out|p1b: Mercurius\n|-damage|p1b: Mercurius|77\/100\n|move|p1a: Tsakurai|Burning Jealousy|p2a: Iron Hands\n|-damage|p2a: Iron Hands|70\/100\n|cant|p1b: Mercurius|flinch\n|\n|-weather|SunnyDay|[upkeep]\n|upkeep\n|turn|9\n|\n|t:|1700602470\n|move|p2a: Iron Hands|Drain Punch|p1b: Mercurius\n|-damage|p1b: Mercurius|8\/100\n|-heal|p2a: Iron Hands|90\/100|[from] drain|[of] p1b: Mercurius\n|move|p1a: Tsakurai|Energy Ball|p2a: Iron Hands\n|-damage|p2a: Iron Hands|73\/100\n|move|p1b: Mercurius|Lava Plume|p2a: Iron Hands|[spread] p1a,p2a\n|-resisted|p1a: Tsakurai\n|-damage|p1a: Tsakurai|0 fnt\n|-damage|p2a: Iron Hands|4\/100\n|faint|p1a: Tsakurai\n|\n|-weather|SunnyDay|[upkeep]\n|-fieldend|move: Trick Room\n|upkeep\n|turn|10\n|c|\u2606Derpy Drew|gg\n|\n|t:|1700602489\n|move|p1b: Mercurius|Lava Plume|p2a: Iron Hands\n|-damage|p2a: Iron Hands|0 fnt\n|faint|p2a: Iron Hands\n|-end|p2a: Iron Hands|Quark Drive|[silent]\n|\n|win|NoahDaGr81\n|raw|NoahDaGr81's rating: 1107 &rarr; <strong>1125<\/strong><br \/>(+18 for winning)\n|raw|Derpy Drew's rating: 1011 &rarr; <strong>1002<\/strong><br \/>(-9 for losing)\n|l|\u2606Derpy Drew\n","uploadtime":1700602495,"views":11,"p1id":"noahdagr81","p2id":"derpydrew","formatid":"gen9vgc2023regulatione","rating":1002,"private":0,"password":""}