{"id":"gen9vgc2023regulatione-1999098686","p1":"Baba Banjo","p2":"zisar","format":"[Gen 9] VGC 2023 Regulation E","log":"|j|\u2606Baba Banjo\n|j|\u2606zisar\n|t:|1701032982\n|gametype|doubles\n|player|p1|Baba Banjo|unknown|1567\n|player|p2|zisar|2|1452\n|teamsize|p1|6\n|teamsize|p2|6\n|gen|9\n|tier|[Gen 9] VGC 2023 Regulation E\n|rated|\n|rule|Species Clause: Limit one of each Pok\u00e9mon\n|rule|Item Clause: Limit one of each item\n|clearpoke\n|poke|p1|Flutter Mane, L50|\n|poke|p1|Landorus-Therian, L50, M|\n|poke|p1|Gothitelle, L50, F|\n|poke|p1|Ogerpon-Wellspring, L50, F|\n|poke|p1|Chien-Pao, L50|\n|poke|p1|Dragonite, L50, M|\n|poke|p2|Ogerpon-Wellspring, L50, F|\n|poke|p2|Iron Hands, L50|\n|poke|p2|Grimmsnarl, L50, M|\n|poke|p2|Chi-Yu, L50|\n|poke|p2|Cresselia, L50, F|\n|poke|p2|Landorus-Therian, L50, M|\n|teampreview|4\nzisar has agreed to open team sheets.\n|\n|t:|1701033052\n|start\n|switch|p1a: Landorus|Landorus-Therian, L50, M|100\/100\n|switch|p1b: Ogerpon|Ogerpon-Wellspring, L50, F|100\/100\n|switch|p2a: Grimmsnarl|Grimmsnarl, L50, M|100\/100\n|switch|p2b: Landorus|Landorus-Therian, L50, M|100\/100\n|-ability|p2b: Landorus|Intimidate|boost\n|-unboost|p1a: Landorus|atk|1\n|-unboost|p1b: Ogerpon|atk|1\n|-ability|p1a: Landorus|Intimidate|boost\n|-unboost|p2a: Grimmsnarl|atk|1\n|-unboost|p2b: Landorus|atk|1\n|turn|1\n|\n|t:|1701033072\n|move|p2a: Grimmsnarl|Reflect|p2a: Grimmsnarl\n|-sidestart|p2: zisar|Reflect\n|move|p2b: Landorus|U-turn|p1b: Ogerpon\n|-supereffective|p1b: Ogerpon\n|-damage|p1b: Ogerpon|60\/100\n|\n|t:|1701033077\n|switch|p2b: Ogerpon|Ogerpon-Wellspring, L50, F|100\/100|[from] U-turn\n|move|p1a: Landorus|U-turn|p2a: Grimmsnarl\n|-damage|p2a: Grimmsnarl|86\/100\n|\n|t:|1701033083\n|switch|p1a: Dragonite|Dragonite, L50, M|100\/100|[from] U-turn\n|move|p1b: Ogerpon|Swords Dance|p1b: Ogerpon\n|-boost|p1b: Ogerpon|atk|2\n|\n|upkeep\n|turn|2\n|\n|t:|1701033104\n|switch|p1a: Landorus|Landorus-Therian, L50, M|100\/100\n|-ability|p1a: Landorus|Intimidate|boost\n|-unboost|p2a: Grimmsnarl|atk|1\n|-unboost|p2b: Ogerpon|atk|1\n|move|p2a: Grimmsnarl|Parting Shot|p1b: Ogerpon\n|-unboost|p1b: Ogerpon|atk|1\n|-unboost|p1b: Ogerpon|spa|1\n|\n|t:|1701033111\n|switch|p2a: Landorus|Landorus-Therian, L50, M|100\/100|[from] Parting Shot\n|-ability|p2a: Landorus|Intimidate|boost\n|-unboost|p1a: Landorus|atk|1\n|-unboost|p1b: Ogerpon|atk|1\n|move|p1b: Ogerpon|Horn Leech|p2b: Ogerpon\n|-damage|p2b: Ogerpon|82\/100\n|-heal|p1b: Ogerpon|70\/100|[from] drain|[of] p2b: Ogerpon\n|move|p2b: Ogerpon|Horn Leech|p1b: Ogerpon\n|-damage|p1b: Ogerpon|39\/100\n|-heal|p2b: Ogerpon|97\/100|[from] drain|[of] p1b: Ogerpon\n|\n|upkeep\n|turn|3\n|\n|t:|1701033146\n|switch|p1b: Dragonite|Dragonite, L50, M|100\/100\n|move|p2a: Landorus|U-turn|p1b: Dragonite\n|-resisted|p1b: Dragonite\n|-damage|p1b: Dragonite|88\/100\n|j| PoggibonsiCity\n|\n|t:|1701033174\n|switch|p2a: Grimmsnarl|Grimmsnarl, L50, M|86\/100|[from] U-turn\n|move|p1a: Landorus|U-turn|p2b: Ogerpon\n|-supereffective|p2b: Ogerpon\n|-damage|p2b: Ogerpon|74\/100\n|\n|t:|1701033179\n|switch|p1a: Ogerpon|Ogerpon-Wellspring, L50, F|39\/100|[from] U-turn\n|move|p2b: Ogerpon|Ivy Cudgel|p1a: Ogerpon|[anim] Ivy Cudgel Water\n|-heal|p1a: Ogerpon|64\/100|[from] ability: Water Absorb|[of] p2b: Ogerpon\n|\n|upkeep\n|turn|4\n|\n|t:|1701033196\n|switch|p1b: Landorus|Landorus-Therian, L50, M|100\/100\n|-ability|p1b: Landorus|Intimidate|boost\n|-unboost|p2a: Grimmsnarl|atk|1\n|-unboost|p2b: Ogerpon|atk|1\n|move|p2b: Ogerpon|Spiky Shield|p2b: Ogerpon\n|-singleturn|p2b: Ogerpon|move: Protect\n|move|p1a: Ogerpon|Swords Dance|p1a: Ogerpon\n|-boost|p1a: Ogerpon|atk|2\n|move|p2a: Grimmsnarl|Spirit Break|p1b: Landorus\n|-damage|p1b: Landorus|79\/100\n|-unboost|p1b: Landorus|spa|1\n|\n|upkeep\n|turn|5\n|\n|t:|1701033212\n|move|p2a: Grimmsnarl|Parting Shot|p1a: Ogerpon\n|-unboost|p1a: Ogerpon|atk|1\n|-unboost|p1a: Ogerpon|spa|1\n|\n|t:|1701033215\n|switch|p2a: Landorus|Landorus-Therian, L50, M|100\/100|[from] Parting Shot\n|-ability|p2a: Landorus|Intimidate|boost\n|-unboost|p1a: Ogerpon|atk|1\n|-unboost|p1b: Landorus|atk|1\n|move|p1b: Landorus|U-turn|p2b: Ogerpon\n|-supereffective|p2b: Ogerpon\n|-damage|p2b: Ogerpon|48\/100\n|\n|t:|1701033217\n|switch|p1b: Dragonite|Dragonite, L50, M|88\/100|[from] U-turn\n|move|p1a: Ogerpon|Horn Leech|p2b: Ogerpon\n|-damage|p2b: Ogerpon|18\/100\n|-heal|p1a: Ogerpon|79\/100|[from] drain|[of] p2b: Ogerpon\n|move|p2b: Ogerpon|Horn Leech|p1a: Ogerpon\n|-damage|p1a: Ogerpon|54\/100\n|-heal|p2b: Ogerpon|30\/100|[from] drain|[of] p1a: Ogerpon\n|\n|upkeep\n|turn|6\n|\n|t:|1701033236\n|-terastallize|p1b: Dragonite|Normal\n|move|p2b: Ogerpon|Follow Me|p2b: Ogerpon\n|-singleturn|p2b: Ogerpon|move: Follow Me\n|move|p1b: Dragonite|Extreme Speed|p2b: Ogerpon\n|-damage|p2b: Ogerpon|0 fnt\n|faint|p2b: Ogerpon\n|move|p2a: Landorus|Rock Slide|p1a: Ogerpon|[spread] p1a,p1b\n|-damage|p1a: Ogerpon|32\/100\n|-damage|p1b: Dragonite|66\/100\n|move|p1a: Ogerpon|Ivy Cudgel|p2a: Landorus|[anim] Ivy Cudgel Water\n|-supereffective|p2a: Landorus\n|-damage|p2a: Landorus|18\/100\n|\n|upkeep\n|\n|t:|1701033246\n|switch|p2b: Chi-Yu|Chi-Yu, L50|100\/100\n|-ability|p2b: Chi-Yu|Beads of Ruin\n|turn|7\n|\n|t:|1701033263\n|-terastallize|p2b: Chi-Yu|Fire\n|move|p1a: Ogerpon|Spiky Shield|p1a: Ogerpon\n|-singleturn|p1a: Ogerpon|move: Protect\n|move|p1b: Dragonite|Extreme Speed|p2a: Landorus\n|-damage|p2a: Landorus|0 fnt\n|faint|p2a: Landorus\n|move|p2b: Chi-Yu|Heat Wave|p1a: Ogerpon|[spread] p1b\n|-activate|p1a: Ogerpon|move: Protect\n|-damage|p1b: Dragonite|0 fnt\n|faint|p1b: Dragonite\n|\n|upkeep\n|\n|t:|1701033277\n|switch|p2a: Grimmsnarl|Grimmsnarl, L50, M|86\/100\n|switch|p1b: Landorus|Landorus-Therian, L50, M|79\/100\n|-ability|p1b: Landorus|Intimidate|boost\n|-unboost|p2a: Grimmsnarl|atk|1\n|-unboost|p2b: Chi-Yu|atk|1\n|turn|8\n|\n|t:|1701033289\n|switch|p1a: Chien-Pao|Chien-Pao, L50|100\/100\n|-ability|p1a: Chien-Pao|Sword of Ruin\n|move|p2a: Grimmsnarl|Parting Shot|p1b: Landorus\n|-unboost|p1b: Landorus|atk|1\n|-unboost|p1b: Landorus|spa|1\n|move|p1b: Landorus|Stomping Tantrum|p2b: Chi-Yu\n|-supereffective|p2b: Chi-Yu\n|-damage|p2b: Chi-Yu|22\/100\n|move|p2b: Chi-Yu|Heat Wave|p1b: Landorus|[spread] p1a,p1b\n|-supereffective|p1a: Chien-Pao\n|-enditem|p1a: Chien-Pao|Focus Sash\n|-damage|p1a: Chien-Pao|1\/100\n|-damage|p1b: Landorus|0 fnt\n|faint|p1b: Landorus\n|\n|-sideend|p2: zisar|Reflect\n|upkeep\n|\n|t:|1701033295\n|switch|p1b: Ogerpon|Ogerpon-Wellspring, L50, F|32\/100\n|turn|9\n|\n|t:|1701033316\n|move|p1a: Chien-Pao|Ice Shard|p2b: Chi-Yu\n|-resisted|p2b: Chi-Yu\n|-damage|p2b: Chi-Yu|3\/100\n|move|p1b: Ogerpon|Horn Leech|p2a: Grimmsnarl\n|-damage|p2a: Grimmsnarl|27\/100\n|-heal|p1b: Ogerpon|67\/100|[from] drain|[of] p2a: Grimmsnarl\n|move|p2b: Chi-Yu|Heat Wave|p1a: Chien-Pao|[spread] p1a\n|-miss|p2b: Chi-Yu|p1b: Ogerpon\n|-supereffective|p1a: Chien-Pao\n|-damage|p1a: Chien-Pao|0 fnt\n|faint|p1a: Chien-Pao\n|move|p2a: Grimmsnarl|Spirit Break|p1b: Ogerpon\n|-damage|p1b: Ogerpon|46\/100\n|-unboost|p1b: Ogerpon|spa|1\n|\n|upkeep\n|turn|10\n|\n|t:|1701033366\n|move|p1b: Ogerpon|Spiky Shield|p1b: Ogerpon\n|-singleturn|p1b: Ogerpon|move: Protect\n|move|p2b: Chi-Yu|Heat Wave|p1b: Ogerpon\n|-activate|p1b: Ogerpon|move: Protect\n|move|p2a: Grimmsnarl|Spirit Break|p1b: Ogerpon\n|-activate|p1b: Ogerpon|move: Protect\n|-damage|p2a: Grimmsnarl|14\/100|[from] Spiky Shield|[of] p1b: Ogerpon\n|\n|upkeep\n|turn|11\n|\n|t:|1701033374\n|move|p2a: Grimmsnarl|Reflect|p2a: Grimmsnarl\n|-sidestart|p2: zisar|Reflect\n|move|p1b: Ogerpon|Horn Leech|p2b: Chi-Yu\n|-resisted|p2b: Chi-Yu\n|-damage|p2b: Chi-Yu|0 fnt\n|-heal|p1b: Ogerpon|47\/100|[from] drain|[of] p2b: Chi-Yu\n|faint|p2b: Chi-Yu\n|\n|upkeep\n|turn|12\n|\n|t:|1701033380\n|move|p1b: Ogerpon|Spiky Shield|p1b: Ogerpon\n|-singleturn|p1b: Ogerpon|move: Protect\n|move|p2a: Grimmsnarl|Spirit Break|p1b: Ogerpon\n|-activate|p1b: Ogerpon|move: Protect\n|-damage|p2a: Grimmsnarl|2\/100|[from] Spiky Shield|[of] p1b: Ogerpon\n|\n|upkeep\n|turn|13\n|\n|t:|1701033384\n|move|p1b: Ogerpon|Ivy Cudgel|p2a: Grimmsnarl|[anim] Ivy Cudgel Water\n|-damage|p2a: Grimmsnarl|0 fnt\n|faint|p2a: Grimmsnarl\n|\n|win|Baba Banjo\n|raw|Baba Banjo's rating: 1567 &rarr; <strong>1581<\/strong><br \/>(+14 for winning)\n|raw|zisar's rating: 1452 &rarr; <strong>1438<\/strong><br \/>(-14 for losing)\n|c|\u2606Baba Banjo|gg\n","uploadtime":1701033417,"views":2,"p1id":"bababanjo","p2id":"zisar","formatid":"gen9vgc2023regulatione","rating":1438,"private":0,"password":""}