{"id":"gen9vgc2023regulatione-1989889493","p1":"Park2","p2":"Soicyyy","format":"[Gen 9] VGC 2023 Regulation E","log":"|j|\u2606Park2\n|j|\u2606Soicyyy\n|t:|1699904195\n|gametype|doubles\n|player|p1|Park2|170|1222\n|player|p2|Soicyyy|101|1191\n|teamsize|p1|6\n|teamsize|p2|6\n|gen|9\n|tier|[Gen 9] VGC 2023 Regulation E\n|rated|\n|rule|Species Clause: Limit one of each Pok\u00e9mon\n|rule|Item Clause: Limit one of each item\n|clearpoke\n|poke|p1|Urshifu-*, L50, F|\n|poke|p1|Grimmsnarl, L50, M|\n|poke|p1|Ogerpon-Hearthflame, L50, F|\n|poke|p1|Dragonite, L50, F|\n|poke|p1|Arcanine, L50, F|\n|poke|p1|Flutter Mane, L50|\n|poke|p2|Iron Hands, L50|\n|poke|p2|Slowbro, L50, M|\n|poke|p2|Sinistcha, L50|\n|poke|p2|Ursaluna, L50, F|\n|poke|p2|Skeledirge, L50, F|\n|poke|p2|Indeedee-F, L50, F|\n|teampreview|4\nPark2 has agreed to open team sheets.\n|inactive|Battle timer is ON: inactive players will automatically lose when time's up. (requested by Soicyyy)\n|\n|t:|1699904247\n|start\n|switch|p1a: Grimmsnarl|Grimmsnarl, L50, M|100\/100\n|switch|p1b: Flutter Mane|Flutter Mane, L50|100\/100\n|switch|p2a: Slowbro|Slowbro, L50, M, shiny|100\/100\n|switch|p2b: Iron Hands|Iron Hands, L50, shiny|100\/100\n|-enditem|p1b: Flutter Mane|Booster Energy\n|-activate|p1b: Flutter Mane|ability: Protosynthesis|[fromitem]\n|-start|p1b: Flutter Mane|protosynthesisspa\n|turn|1\n|inactive|Park2 has 30 seconds left.\n|\n|t:|1699904276\n|move|p2b: Iron Hands|Fake Out|p1a: Grimmsnarl\n|-damage|p1a: Grimmsnarl|84\/100\n|cant|p1a: Grimmsnarl|flinch\n|move|p1b: Flutter Mane|Dazzling Gleam|p2a: Slowbro|[spread] p2a,p2b\n|-supereffective|p2b: Iron Hands\n|-damage|p2a: Slowbro|67\/100\n|-damage|p2b: Iron Hands|62\/100\n|move|p2a: Slowbro|Trick Room|p2a: Slowbro\n|-fieldstart|move: Trick Room|[of] p2a: Slowbro\n|\n|-heal|p2a: Slowbro|73\/100|[from] item: Leftovers\n|upkeep\n|turn|2\n|inactive|Park2 has 30 seconds left.\n|\n|t:|1699904311\n|switch|p2a: Sinistcha|Sinistcha, L50|100\/100\n|-heal|p2b: Iron Hands|87\/100|[from] ability: Hospitality|[of] p2a: Sinistcha\n|-end|p1b: Flutter Mane|Protosynthesis|[silent]\n|switch|p1b: Urshifu|Urshifu-Rapid-Strike, L50, F|100\/100\n|move|p1a: Grimmsnarl|Reflect|p1a: Grimmsnarl\n|-sidestart|p1: Park2|Reflect\n|move|p2b: Iron Hands|Heavy Slam|p1b: Urshifu\n|-resisted|p1b: Urshifu\n|-damage|p1b: Urshifu|90\/100\n|\n|upkeep\n|turn|3\n|\n|t:|1699904333\n|move|p1a: Grimmsnarl|Parting Shot|p2b: Iron Hands\n|-unboost|p2b: Iron Hands|atk|1\n|-unboost|p2b: Iron Hands|spa|1\n|\n|t:|1699904339\n|switch|p1a: Flutter Mane|Flutter Mane, L50|100\/100|[from] Parting Shot\n|move|p2b: Iron Hands|Thunder Punch|p1b: Urshifu\n|-supereffective|p1b: Urshifu\n|-damage|p1b: Urshifu|52\/100\n|move|p2a: Sinistcha|Matcha Gotcha|p1a: Flutter Mane|[spread] p1a,p1b\n|-supereffective|p1b: Urshifu\n|-damage|p1a: Flutter Mane|80\/100\n|-damage|p1b: Urshifu|0 fnt\n|faint|p1b: Urshifu\n|\n|upkeep\n|\n|t:|1699904357\n|switch|p1b: Grimmsnarl|Grimmsnarl, L50, M|84\/100\n|turn|4\n|\n|t:|1699904366\n|-terastallize|p1a: Flutter Mane|Fairy\n|move|p1b: Grimmsnarl|Parting Shot|p2b: Iron Hands\n|-unboost|p2b: Iron Hands|atk|1\n|-unboost|p2b: Iron Hands|spa|1\n|\n|t:|1699904372\n|switch|p1b: Dragonite|Dragonite, L50, F|100\/100|[from] Parting Shot\n|move|p2b: Iron Hands|Heavy Slam|p1a: Flutter Mane\n|-supereffective|p1a: Flutter Mane\n|-damage|p1a: Flutter Mane|34\/100\n|move|p2a: Sinistcha|Matcha Gotcha|p1a: Flutter Mane|[spread] p1a,p1b\n|-resisted|p1b: Dragonite\n|-damage|p1a: Flutter Mane|13\/100\n|-damage|p1b: Dragonite|99\/100\n|move|p1a: Flutter Mane|Moonblast|p2b: Iron Hands\n|-supereffective|p2b: Iron Hands\n|-damage|p2b: Iron Hands|20\/100\n|-unboost|p2b: Iron Hands|spa|1\n|\n|upkeep\n|turn|5\n|inactive|Park2 has 30 seconds left.\n|\n|t:|1699904400\n|-end|p2b: Iron Hands|Quark Drive|[silent]\n|switch|p2b: Ursaluna|Ursaluna, L50, F, shiny|100\/100\n|move|p1a: Flutter Mane|Protect|p1a: Flutter Mane\n|-singleturn|p1a: Flutter Mane|Protect\n|move|p1b: Dragonite|Extreme Speed|p2b: Ursaluna\n|-damage|p2b: Ursaluna|79\/100\n|move|p2a: Sinistcha|Matcha Gotcha|p1a: Flutter Mane|[spread] p1b\n|-activate|p1a: Flutter Mane|move: Protect\n|-resisted|p1b: Dragonite\n|-damage|p1b: Dragonite|95\/100\n|-status|p1b: Dragonite|brn\n|\n|-damage|p1b: Dragonite|89\/100 brn|[from] brn\n|-fieldend|move: Trick Room\n|-status|p2b: Ursaluna|brn|[from] item: Flame Orb\n|upkeep\n|turn|6\n|inactive|Park2 has 30 seconds left.\n|\n|t:|1699904430\n|move|p2b: Ursaluna|Protect|p2b: Ursaluna\n|-singleturn|p2b: Ursaluna|Protect\n|move|p1a: Flutter Mane|Shadow Ball|p2a: Sinistcha\n|-supereffective|p2a: Sinistcha\n|-damage|p2a: Sinistcha|32\/100\n|move|p1b: Dragonite|Outrage|p2a: Sinistcha\n|-damage|p2a: Sinistcha|4\/100\n|-damage|p1b: Dragonite|73\/100 brn|[from] item: Rocky Helmet|[of] p2a: Sinistcha\n|move|p2a: Sinistcha|Trick Room|p2a: Sinistcha\n|-fieldstart|move: Trick Room|[of] p2a: Sinistcha\n|\n|-damage|p2b: Ursaluna|73\/100 brn|[from] brn\n|-damage|p1b: Dragonite|67\/100 brn|[from] brn\n|upkeep\n|turn|7\n|inactive|Soicyyy has 30 seconds left.\n|\n|t:|1699904456\n|move|p2b: Ursaluna|Facade|p1b: Dragonite\n|-damage|p1b: Dragonite|0 fnt\n|faint|p1b: Dragonite\n|move|p2a: Sinistcha|Strength Sap|p1a: Flutter Mane\n|-unboost|p1a: Flutter Mane|atk|1\n|-heal|p2a: Sinistcha|34\/100\n|move|p1a: Flutter Mane|Dazzling Gleam|p2b: Ursaluna|[spread] p2a,p2b\n|-damage|p2a: Sinistcha|0 fnt\n|-damage|p2b: Ursaluna|37\/100 brn\n|faint|p2a: Sinistcha\n|\n|-damage|p2b: Ursaluna|31\/100 brn|[from] brn\n|upkeep\n|\n|t:|1699904468\n|switch|p2a: Iron Hands|Iron Hands, L50, shiny|20\/100\n|switch|p1b: Grimmsnarl|Grimmsnarl, L50, M|84\/100\n|turn|8\n|\n|t:|1699904486\n|move|p1a: Flutter Mane|Protect|p1a: Flutter Mane\n|-singleturn|p1a: Flutter Mane|Protect\n|move|p2a: Iron Hands|Fake Out|p1b: Grimmsnarl\n|-crit|p1b: Grimmsnarl\n|-damage|p1b: Grimmsnarl|56\/100\n|move|p2b: Ursaluna|Facade|p1b: Grimmsnarl\n|-damage|p1b: Grimmsnarl|0 fnt\n|faint|p1b: Grimmsnarl\n|\n|-damage|p2b: Ursaluna|25\/100 brn|[from] brn\n|upkeep\n|turn|9\n|\n|t:|1699904500\n|move|p2b: Ursaluna|Facade|p1a: Flutter Mane\n|-damage|p1a: Flutter Mane|0 fnt\n|faint|p1a: Flutter Mane\n|-end|p1a: Flutter Mane|Protosynthesis|[silent]\n|\n|win|Soicyyy\n|raw|Park2's rating: 1222 &rarr; <strong>1195<\/strong><br \/>(-27 for losing)\n|raw|Soicyyy's rating: 1191 &rarr; <strong>1218<\/strong><br \/>(+27 for winning)\n|l|\u2606Park2\n","uploadtime":1699904520,"views":24,"p1id":"park2","p2id":"soicyyy","formatid":"gen9vgc2023regulatione","rating":1195,"private":0,"password":""}