{"id":"gen9vgc2023regulatione-1992017870","p1":"FunKMeistR","p2":"Glitzky","format":"[Gen 9] VGC 2023 Regulation E","log":"|j|\u2606FunKMeistR\n|j|\u2606Glitzky\n|t:|1700148120\n|gametype|doubles\n|player|p1|FunKMeistR|hilda|1356\n|player|p2|Glitzky|fisherman-gen4|1399\n|teamsize|p1|6\n|teamsize|p2|6\n|gen|9\n|tier|[Gen 9] VGC 2023 Regulation E\n|rated|\n|rule|Species Clause: Limit one of each Pok\u00e9mon\n|rule|Item Clause: Limit one of each item\n|clearpoke\n|poke|p1|Urshifu-*, L50, M|\n|poke|p1|Rillaboom, L50, M|\n|poke|p1|Arcanine-Hisui, L50, F|\n|poke|p1|Tornadus, L50, M|\n|poke|p1|Flutter Mane, L50|\n|poke|p1|Landorus-Therian, L50, M|\n|poke|p2|Arcanine-Hisui, L50, F|\n|poke|p2|Tornadus, L50, M|\n|poke|p2|Urshifu-*, L50, M|\n|poke|p2|Iron Hands, L50|\n|poke|p2|Flutter Mane, L50|\n|poke|p2|Chien-Pao, L50|\n|teampreview|4\n|inactive|Battle timer is ON: inactive players will automatically lose when time's up. (requested by Glitzky)\n|inactive|FunKMeistR also wants the timer to be on.\n|inactive|Glitzky has 60 seconds left.\n|\n|t:|1700148169\n|start\n|switch|p1a: Tornadus|Tornadus, L50, M|100\/100\n|switch|p1b: Rillaboom|Rillaboom, L50, M|100\/100\n|switch|p2a: Iron Hands|Iron Hands, L50|100\/100\n|switch|p2b: Tornadus|Tornadus, L50, M|100\/100\n|-fieldstart|move: Grassy Terrain|[from] ability: Grassy Surge|[of] p1b: Rillaboom\n|turn|1\n|\n|t:|1700148184\n|move|p1b: Rillaboom|Fake Out|p2b: Tornadus\n|-damage|p2b: Tornadus|87\/100\n|move|p1a: Tornadus|Taunt|p2b: Tornadus\n|-start|p2b: Tornadus|move: Taunt\n|-enditem|p2b: Tornadus|Mental Herb\n|-end|p2b: Tornadus|move: Taunt\n|cant|p2b: Tornadus|flinch\n|move|p2a: Iron Hands|Wild Charge|p1a: Tornadus\n|-supereffective|p1a: Tornadus\n|-damage|p1a: Tornadus|0 fnt\n|faint|p1a: Tornadus\n|-damage|p2a: Iron Hands|81\/100|[from] Recoil\n|\n|-heal|p2a: Iron Hands|87\/100|[from] Grassy Terrain\n|upkeep\n|\n|t:|1700148201\n|switch|p1a: Flutter Mane|Flutter Mane, L50|100\/100\n|-enditem|p1a: Flutter Mane|Booster Energy\n|-activate|p1a: Flutter Mane|ability: Protosynthesis|[fromitem]\n|-start|p1a: Flutter Mane|protosynthesisspa\n|turn|2\n|\n|t:|1700148223\n|switch|p1b: Landorus|Landorus-Therian, L50, M|100\/100\n|-ability|p1b: Landorus|Intimidate|boost\n|-unboost|p2a: Iron Hands|atk|1\n|-unboost|p2b: Tornadus|atk|1\n|move|p1a: Flutter Mane|Protect|p1a: Flutter Mane\n|-singleturn|p1a: Flutter Mane|Protect\n|move|p2b: Tornadus|Tailwind|p2b: Tornadus\n|-sidestart|p2: Glitzky|move: Tailwind\n|move|p2a: Iron Hands|Drain Punch|p1b: Landorus\n|-resisted|p1b: Landorus\n|-damage|p1b: Landorus|85\/100\n|-heal|p2a: Iron Hands|92\/100|[from] drain|[of] p1b: Landorus\n|\n|-heal|p2a: Iron Hands|98\/100|[from] Grassy Terrain\n|upkeep\n|turn|3\n|\n|t:|1700148246\n|-terastallize|p1a: Flutter Mane|Fairy\n|-terastallize|p2a: Iron Hands|Fire\n|move|p2b: Tornadus|Rain Dance|p2b: Tornadus\n|-weather|RainDance\n|move|p1b: Landorus|Stomping Tantrum|p2a: Iron Hands\n|-supereffective|p2a: Iron Hands\n|-damage|p2a: Iron Hands|40\/100\n|move|p1a: Flutter Mane|Icy Wind|p2a: Iron Hands|[spread] p2b\n|-miss|p1a: Flutter Mane|p2a: Iron Hands\n|-supereffective|p2b: Tornadus\n|-damage|p2b: Tornadus|49\/100\n|-unboost|p2b: Tornadus|spe|1\n|move|p2a: Iron Hands|Heavy Slam|p1a: Flutter Mane\n|-supereffective|p1a: Flutter Mane\n|-damage|p1a: Flutter Mane|0 fnt\n|faint|p1a: Flutter Mane\n|-end|p1a: Flutter Mane|Protosynthesis|[silent]\n|\n|-weather|RainDance|[upkeep]\n|-heal|p2a: Iron Hands|46\/100|[from] Grassy Terrain\n|upkeep\n|\n|t:|1700148266\n|switch|p1a: Rillaboom|Rillaboom, L50, M|100\/100\n|turn|4\n|inactive|Glitzky has 30 seconds left.\n|\n|t:|1700148293\n|move|p1a: Rillaboom|Fake Out|p2b: Tornadus\n|-damage|p2b: Tornadus|35\/100\n|move|p1b: Landorus|Stomping Tantrum|p2a: Iron Hands\n|-supereffective|p2a: Iron Hands\n|-damage|p2a: Iron Hands|0 fnt\n|faint|p2a: Iron Hands\n|-end|p2a: Iron Hands|Quark Drive|[silent]\n|cant|p2b: Tornadus|flinch\n|\n|-weather|RainDance|[upkeep]\n|upkeep\n|\n|t:|1700148302\n|switch|p2a: Chien-Pao|Chien-Pao, L50|100\/100\n|-ability|p2a: Chien-Pao|Sword of Ruin\n|turn|5\n|\n|t:|1700148326\n|move|p2a: Chien-Pao|Protect|p2a: Chien-Pao\n|-singleturn|p2a: Chien-Pao|Protect\n|move|p1a: Rillaboom|Grassy Glide|p2b: Tornadus\n|-resisted|p2b: Tornadus\n|-damage|p2b: Tornadus|9\/100\n|move|p1b: Landorus|Stomping Tantrum|p2a: Chien-Pao\n|-activate|p2a: Chien-Pao|move: Protect\n|move|p2b: Tornadus|Bleakwind Storm|p1a: Rillaboom|[spread] p1a,p1b\n|-supereffective|p1a: Rillaboom\n|-damage|p1a: Rillaboom|64\/100\n|-damage|p1b: Landorus|44\/100\n|-unboost|p1b: Landorus|spe|1\n|\n|-weather|RainDance|[upkeep]\n|-heal|p1a: Rillaboom|70\/100|[from] Grassy Terrain\n|-sideend|p2: Glitzky|move: Tailwind\n|-fieldend|move: Grassy Terrain\n|upkeep\n|turn|6\n|\n|t:|1700148347\n|move|p2b: Tornadus|Tailwind|p2b: Tornadus\n|-sidestart|p2: Glitzky|move: Tailwind\n|move|p2a: Chien-Pao|Ice Spinner|p1a: Rillaboom\n|-supereffective|p1a: Rillaboom\n|-damage|p1a: Rillaboom|0 fnt\n|faint|p1a: Rillaboom\n|move|p1b: Landorus|Stomping Tantrum|p2a: Chien-Pao\n|-damage|p2a: Chien-Pao|39\/100\n|\n|-weather|RainDance|[upkeep]\n|upkeep\n|turn|7\n|\n|t:|1700148359\n|move|p2a: Chien-Pao|Ice Spinner|p1b: Landorus\n|-supereffective|p1b: Landorus\n|-damage|p1b: Landorus|0 fnt\n|faint|p1b: Landorus\n|\n|win|Glitzky\n|raw|FunKMeistR's rating: 1356 &rarr; <strong>1338<\/strong><br \/>(-18 for losing)\n|raw|Glitzky's rating: 1399 &rarr; <strong>1417<\/strong><br \/>(+18 for winning)\n|l|\u2606FunKMeistR\n","uploadtime":1700148369,"views":31,"p1id":"funkmeistr","p2id":"glitzky","formatid":"gen9vgc2023regulatione","rating":1338,"private":0,"password":""}