{"id":"gen9vgc2023regulatione-1994464695","p1":"jlamb","p2":"5Sscreen","format":"[Gen 9] VGC 2023 Regulation E","log":"|j|\u2606jlamb\n|j|\u26065Sscreen\n|t:|1700446979\n|gametype|doubles\n|player|p1|jlamb|2|1292\n|player|p2|5Sscreen|pokekid|1208\n|teamsize|p1|6\n|teamsize|p2|6\n|gen|9\n|tier|[Gen 9] VGC 2023 Regulation E\n|rated|\n|rule|Species Clause: Limit one of each Pok\u00e9mon\n|rule|Item Clause: Limit one of each item\n|clearpoke\n|poke|p1|Ninetales-Alola, L50, F|\n|poke|p1|Articuno, L50|\n|poke|p1|Iron Hands, L50|\n|poke|p1|Baxcalibur, L50, F|\n|poke|p1|Ogerpon-Wellspring, L50, F|\n|poke|p1|Heatran, L50, M|\n|poke|p2|Annihilape, L50, F|\n|poke|p2|Sinistcha, L50|\n|poke|p2|Grimmsnarl, L50, M|\n|poke|p2|Landorus-Therian, L50, M|\n|poke|p2|Bellibolt, L50, M|\n|poke|p2|Corviknight, L50, M|\n|teampreview|4\n|inactive|Battle timer is ON: inactive players will automatically lose when time's up. (requested by 5Sscreen)\n|inactive|jlamb has 60 seconds left.\n|\n|t:|1700447042\n|start\n|switch|p1a: Ninetales|Ninetales-Alola, L50, F|100\/100\n|switch|p1b: Articuno|Articuno, L50|100\/100\n|switch|p2a: Grimmsnarl|Grimmsnarl, L50, M, shiny|100\/100\n|switch|p2b: Bellibolt|Bellibolt, L50, M, shiny|100\/100\n|-weather|Snow|[from] ability: Snow Warning|[of] p1a: Ninetales\n|turn|1\n|\n|t:|1700447058\n|move|p2a: Grimmsnarl|Light Screen|p2a: Grimmsnarl\n|-sidestart|p2: 5Sscreen|move: Light Screen\n|move|p1a: Ninetales|Aurora Veil|p1a: Ninetales\n|-sidestart|p1: jlamb|move: Aurora Veil\n|move|p1b: Articuno|Blizzard|p2b: Bellibolt|[spread] p2a,p2b\n|-damage|p2a: Grimmsnarl|83\/100\n|-damage|p2b: Bellibolt|86\/100\n|-start|p2b: Bellibolt|Charge|Blizzard|[from] ability: Electromorphosis\n|move|p2b: Bellibolt|Thunderbolt|p1b: Articuno|[miss]\n|-miss|p2b: Bellibolt|p1b: Articuno\n|-end|p2b: Bellibolt|Charge|[silent]\n|\n|-weather|Snow|[upkeep]\n|upkeep\n|turn|2\n|inactive|5Sscreen has 30 seconds left.\n|\n|t:|1700447089\n|move|p2a: Grimmsnarl|Parting Shot|p1b: Articuno\n|-unboost|p1b: Articuno|atk|1\n|-unboost|p1b: Articuno|spa|1\n|\n|t:|1700447093\n|switch|p2a: Annihilape|Annihilape, L50, F|100\/100|[from] Parting Shot\n|move|p1a: Ninetales|Moonblast|p2a: Annihilape\n|-supereffective|p2a: Annihilape\n|-damage|p2a: Annihilape|71\/100\n|move|p1b: Articuno|Tailwind|p1b: Articuno\n|-sidestart|p1: jlamb|move: Tailwind\n|move|p2b: Bellibolt|Thunderbolt|p1b: Articuno\n|-supereffective|p1b: Articuno\n|-damage|p1b: Articuno|61\/100\n|\n|-weather|Snow|[upkeep]\n|-heal|p2a: Annihilape|77\/100|[from] item: Leftovers\n|upkeep\n|turn|3\n|inactive|5Sscreen has 30 seconds left.\n|\n|t:|1700447123\n|-terastallize|p2a: Annihilape|Fire\n|move|p1a: Ninetales|Moonblast|p2a: Annihilape\n|-resisted|p2a: Annihilape\n|-damage|p2a: Annihilape|69\/100\n|move|p1b: Articuno|Blizzard|p2b: Bellibolt|[spread] p2a,p2b\n|-resisted|p2a: Annihilape\n|-damage|p2a: Annihilape|63\/100\n|-damage|p2b: Bellibolt|78\/100\n|-start|p2b: Bellibolt|Charge|Blizzard|[from] ability: Electromorphosis\n|move|p2a: Annihilape|Drain Punch|p1b: Articuno\n|-damage|p1b: Articuno|46\/100\n|-heal|p2a: Annihilape|69\/100|[from] drain|[of] p1b: Articuno\n|move|p2b: Bellibolt|Thunderbolt|p1b: Articuno|[miss]\n|-miss|p2b: Bellibolt|p1b: Articuno\n|-end|p2b: Bellibolt|Charge|[silent]\n|\n|-weather|Snow|[upkeep]\n|-heal|p2a: Annihilape|75\/100|[from] item: Leftovers\n|upkeep\n|turn|4\n|\n|t:|1700447141\n|move|p2a: Annihilape|Protect|p2a: Annihilape\n|-singleturn|p2a: Annihilape|Protect\n|move|p1a: Ninetales|Moonblast|p2b: Bellibolt\n|-crit|p2b: Bellibolt\n|-damage|p2b: Bellibolt|51\/100\n|-start|p2b: Bellibolt|Charge|Moonblast|[from] ability: Electromorphosis\n|move|p1b: Articuno|Blizzard|p2b: Bellibolt|[spread] p2b\n|-activate|p2a: Annihilape|move: Protect\n|-damage|p2b: Bellibolt|42\/100\n|-start|p2b: Bellibolt|Charge|Blizzard|[from] ability: Electromorphosis\n|move|p2b: Bellibolt|Parabolic Charge|p1b: Articuno|[spread] p1a,p1b\n|-activate|p2a: Annihilape|move: Protect\n|-supereffective|p1b: Articuno\n|-damage|p1a: Ninetales|75\/100\n|-heal|p2b: Bellibolt|53\/100|[from] drain|[of] p1a: Ninetales\n|-damage|p1b: Articuno|10\/100\n|-heal|p2b: Bellibolt|69\/100|[from] drain|[of] p1b: Articuno\n|-end|p2b: Bellibolt|Charge|[silent]\n|\n|-weather|Snow|[upkeep]\n|-heal|p2a: Annihilape|82\/100|[from] item: Leftovers\n|upkeep\n|turn|5\n|inactive|5Sscreen has 30 seconds left.\n|\n|t:|1700447167\n|move|p1a: Ninetales|Moonblast|p2b: Bellibolt\n|-damage|p2b: Bellibolt|57\/100\n|-start|p2b: Bellibolt|Charge|Moonblast|[from] ability: Electromorphosis\n|move|p1b: Articuno|Blizzard|p2a: Annihilape|[spread] p2a,p2b\n|-resisted|p2a: Annihilape\n|-damage|p2a: Annihilape|76\/100\n|-damage|p2b: Bellibolt|47\/100\n|-start|p2b: Bellibolt|Charge|Blizzard|[from] ability: Electromorphosis\n|move|p2a: Annihilape|Drain Punch|p1a: Ninetales\n|-damage|p1a: Ninetales|58\/100\n|-heal|p2a: Annihilape|84\/100|[from] drain|[of] p1a: Ninetales\n|move|p2b: Bellibolt|Thunderbolt|p1b: Articuno|[miss]\n|-miss|p2b: Bellibolt|p1b: Articuno\n|-end|p2b: Bellibolt|Charge|[silent]\n|\n|-weather|none\n|-heal|p2a: Annihilape|90\/100|[from] item: Leftovers\n|-sideend|p1: jlamb|move: Tailwind\n|upkeep\n|turn|6\n|\n|t:|1700447184\n|switch|p1a: Iron Hands|Iron Hands, L50|100\/100\n|move|p2a: Annihilape|Protect|p2a: Annihilape\n|-singleturn|p2a: Annihilape|Protect\n|move|p1b: Articuno|Tailwind|p1b: Articuno\n|-sidestart|p1: jlamb|move: Tailwind\n|move|p2b: Bellibolt|Parabolic Charge|p1b: Articuno|[spread] p1a\n|-activate|p2a: Annihilape|move: Protect\n|-miss|p2b: Bellibolt|p1b: Articuno\n|-resisted|p1a: Iron Hands\n|-damage|p1a: Iron Hands|97\/100\n|-heal|p2b: Bellibolt|49\/100|[from] drain|[of] p1a: Iron Hands\n|\n|-heal|p2a: Annihilape|96\/100|[from] item: Leftovers\n|upkeep\n|turn|7\n|inactive|5Sscreen has 30 seconds left.\n|\n|t:|1700447217\n|switch|p2b: Grimmsnarl|Grimmsnarl, L50, M, shiny|83\/100\n|move|p1b: Articuno|Hurricane|p2b: Grimmsnarl|[miss]\n|-miss|p1b: Articuno|p2b: Grimmsnarl\n|move|p2a: Annihilape|Bulk Up|p2a: Annihilape\n|-boost|p2a: Annihilape|atk|1\n|-boost|p2a: Annihilape|def|1\n|move|p1a: Iron Hands|Drain Punch|p2b: Grimmsnarl\n|-damage|p2b: Grimmsnarl|35\/100\n|-heal|p1a: Iron Hands|100\/100|[from] drain|[of] p2b: Grimmsnarl\n|\n|-heal|p2a: Annihilape|100\/100|[from] item: Leftovers\n|upkeep\n|turn|8\n|\n|t:|1700447242\n|move|p2b: Grimmsnarl|Parting Shot|p1a: Iron Hands\n|-unboost|p1a: Iron Hands|atk|1\n|-unboost|p1a: Iron Hands|spa|1\n|\n|t:|1700447246\n|switch|p2b: Bellibolt|Bellibolt, L50, M, shiny|49\/100|[from] Parting Shot\n|move|p1b: Articuno|Hurricane|p2b: Bellibolt|[miss]\n|-miss|p1b: Articuno|p2b: Bellibolt\n|move|p2a: Annihilape|Rage Fist|p1a: Iron Hands\n|-damage|p1a: Iron Hands|17\/100\n|move|p1a: Iron Hands|Drain Punch|p2b: Bellibolt\n|-damage|p2b: Bellibolt|30\/100\n|-heal|p1a: Iron Hands|25\/100|[from] drain|[of] p2b: Bellibolt\n|-start|p2b: Bellibolt|Charge|Drain Punch|[from] ability: Electromorphosis\n|\n|-sideend|p2: 5Sscreen|move: Light Screen\n|-sideend|p1: jlamb|move: Aurora Veil\n|upkeep\n|turn|9\n|inactive|5Sscreen has 30 seconds left.\n|\n|t:|1700447271\n|switch|p1b: Ninetales|Ninetales-Alola, L50, F|58\/100\n|-weather|Snow|[from] ability: Snow Warning|[of] p1b: Ninetales\n|move|p2a: Annihilape|Drain Punch|p1b: Ninetales\n|-damage|p1b: Ninetales|13\/100\n|move|p1a: Iron Hands|Drain Punch|p2b: Bellibolt\n|-damage|p2b: Bellibolt|10\/100\n|-heal|p1a: Iron Hands|34\/100|[from] drain|[of] p2b: Bellibolt\n|-start|p2b: Bellibolt|Charge|Drain Punch|[from] ability: Electromorphosis\n|move|p2b: Bellibolt|Parabolic Charge|p1a: Iron Hands|[spread] p2a,p1a,p1b\n|-resisted|p1a: Iron Hands\n|-damage|p2a: Annihilape|70\/100\n|-heal|p2b: Bellibolt|25\/100|[from] drain|[of] p2a: Annihilape\n|-damage|p1a: Iron Hands|24\/100\n|-heal|p2b: Bellibolt|30\/100|[from] drain|[of] p1a: Iron Hands\n|-damage|p1b: Ninetales|0 fnt\n|-heal|p2b: Bellibolt|35\/100|[from] drain|[of] p1b: Ninetales\n|faint|p1b: Ninetales\n|-end|p2b: Bellibolt|Charge|[silent]\n|\n|-weather|Snow|[upkeep]\n|-heal|p2a: Annihilape|76\/100|[from] item: Leftovers\n|-sideend|p1: jlamb|move: Tailwind\n|upkeep\n|\n|t:|1700447275\n|switch|p1b: Baxcalibur|Baxcalibur, L50, F|100\/100\n|turn|10\n|inactive|5Sscreen has 30 seconds left.\n|\n|t:|1700447308\n|switch|p2b: Sinistcha|Sinistcha, L50|100\/100\n|-heal|p2a: Annihilape|100\/100|[from] ability: Hospitality|[of] p2b: Sinistcha\n|-terastallize|p1b: Baxcalibur|Ground\n|move|p1b: Baxcalibur|Scale Shot|p2b: Sinistcha\n|-damage|p2b: Sinistcha|88\/100\n|-damage|p2b: Sinistcha|76\/100\n|-damage|p2b: Sinistcha|64\/100\n|-damage|p2b: Sinistcha|52\/100\n|-hitcount|p2b: Sinistcha|4\n|-unboost|p1b: Baxcalibur|def|1\n|-boost|p1b: Baxcalibur|spe|1\n|move|p2a: Annihilape|Rage Fist|p1b: Baxcalibur\n|-damage|p1b: Baxcalibur|0 fnt\n|faint|p1b: Baxcalibur\n|move|p1a: Iron Hands|Drain Punch|p2b: Sinistcha\n|-immune|p2b: Sinistcha\n|\n|-weather|Snow|[upkeep]\n|upkeep\n|-message|jlamb forfeited.\n|\n|win|5Sscreen\n|raw|jlamb's rating: 1292 &rarr; <strong>1261<\/strong><br \/>(-31 for losing)\n|raw|5Sscreen's rating: 1208 &rarr; <strong>1239<\/strong><br \/>(+31 for winning)\n|l|\u2606jlamb\n","uploadtime":1700447330,"views":12,"p1id":"jlamb","p2id":"5sscreen","formatid":"gen9vgc2023regulatione","rating":1239,"private":0,"password":""}