{"id":"gen9vgc2023regulatione-1995140654","p1":"Felip_Obi","p2":"bluefox567","format":"[Gen 9] VGC 2023 Regulation E","log":"|j|\u2606Felip_Obi\n|j|\u2606bluefox567\n|t:|1700527098\n|gametype|doubles\n|player|p1|Felip_Obi|hilbert|1366\n|player|p2|bluefox567|ingo|1268\n|teamsize|p1|6\n|teamsize|p2|6\n|gen|9\n|tier|[Gen 9] VGC 2023 Regulation E\n|rated|\n|rule|Species Clause: Limit one of each Pok\u00e9mon\n|rule|Item Clause: Limit one of each item\n|clearpoke\n|poke|p1|Clefable, L50, M|\n|poke|p1|Murkrow, L50, F|\n|poke|p1|Quaquaval, L50, M|\n|poke|p1|Gholdengo, L50|\n|poke|p1|Dragonite, L50, M|\n|poke|p1|Regidrago, L50|\n|poke|p2|Urshifu-*, L50, M|\n|poke|p2|Rillaboom, L50, M|\n|poke|p2|Heatran, L50, M|\n|poke|p2|Ninetales-Alola, L50, F|\n|poke|p2|Tornadus, L50, M|\n|poke|p2|Flutter Mane, L50|\n|teampreview|4\n|\n|t:|1700527135\n|start\n|switch|p1a: Gholdengo|Gholdengo, L50|100\/100\n|switch|p1b: Clefable|Clefable, L50, M|100\/100\n|switch|p2a: Rillaboom|Rillaboom, L50, M|100\/100\n|switch|p2b: Ninetales|Ninetales-Alola, L50, F|100\/100\n|-weather|Snow|[from] ability: Snow Warning|[of] p2b: Ninetales\n|-fieldstart|move: Grassy Terrain|[from] ability: Grassy Surge|[of] p2a: Rillaboom\n|turn|1\n|\n|t:|1700527152\n|move|p1b: Clefable|Follow Me|p1b: Clefable\n|-singleturn|p1b: Clefable|move: Follow Me\n|move|p2b: Ninetales|Aurora Veil|p2b: Ninetales\n|-sidestart|p2: bluefox567|move: Aurora Veil\n|move|p1a: Gholdengo|Make It Rain|p2a: Rillaboom|[spread] p2a,p2b\n|-supereffective|p2b: Ninetales\n|-damage|p2a: Rillaboom|77\/100\n|-damage|p2b: Ninetales|0 fnt\n|-unboost|p1a: Gholdengo|spa|1\n|faint|p2b: Ninetales\n|move|p2a: Rillaboom|High Horsepower|p1b: Clefable\n|-damage|p1b: Clefable|73\/100\n|\n|-weather|Snow|[upkeep]\n|-heal|p2a: Rillaboom|83\/100|[from] Grassy Terrain\n|-heal|p1b: Clefable|79\/100|[from] Grassy Terrain\n|upkeep\n|\n|t:|1700527160\n|switch|p2b: Heatran|Heatran, L50, M|100\/100\n|turn|2\n|\n|t:|1700527181\n|switch|p1a: Regidrago|Regidrago, L50|100\/100\n|move|p1b: Clefable|Protect|p1b: Clefable\n|-singleturn|p1b: Clefable|Protect\n|move|p2a: Rillaboom|Grassy Glide|p1b: Clefable\n|-activate|p1b: Clefable|move: Protect\n|move|p2b: Heatran|Heat Wave|p1a: Regidrago|[spread] p1a\n|-activate|p1b: Clefable|move: Protect\n|-resisted|p1a: Regidrago\n|-damage|p1a: Regidrago|84\/100\n|\n|-weather|Snow|[upkeep]\n|-heal|p2a: Rillaboom|89\/100|[from] Grassy Terrain\n|-heal|p1a: Regidrago|90\/100|[from] Grassy Terrain\n|-heal|p1b: Clefable|85\/100|[from] Grassy Terrain\n|upkeep\n|turn|3\n|\n|t:|1700527201\n|move|p2b: Heatran|Protect|p2b: Heatran\n|-singleturn|p2b: Heatran|Protect\n|move|p1b: Clefable|Follow Me|p1b: Clefable\n|-singleturn|p1b: Clefable|move: Follow Me\n|move|p2a: Rillaboom|U-turn|p1b: Clefable\n|-resisted|p1b: Clefable\n|-damage|p1b: Clefable|75\/100\n|\n|t:|1700527207\n|switch|p2a: Flutter Mane|Flutter Mane, L50|100\/100|[from] U-turn\n|-enditem|p2a: Flutter Mane|Booster Energy\n|-activate|p2a: Flutter Mane|ability: Protosynthesis|[fromitem]\n|-start|p2a: Flutter Mane|protosynthesisspe\n|move|p1a: Regidrago|Earth Power|p2b: Heatran\n|-activate|p2b: Heatran|move: Protect\n|\n|-weather|Snow|[upkeep]\n|-heal|p1a: Regidrago|96\/100|[from] Grassy Terrain\n|-heal|p1b: Clefable|81\/100|[from] Grassy Terrain\n|upkeep\n|turn|4\n|\n|t:|1700527247\n|switch|p2b: Rillaboom|Rillaboom, L50, M|89\/100\n|move|p1b: Clefable|Follow Me|p1b: Clefable\n|-singleturn|p1b: Clefable|move: Follow Me\n|move|p2a: Flutter Mane|Dazzling Gleam|p1b: Clefable|[spread] p1a,p1b\n|-supereffective|p1a: Regidrago\n|-crit|p1a: Regidrago\n|-damage|p1a: Regidrago|0 fnt\n|-damage|p1b: Clefable|54\/100\n|faint|p1a: Regidrago\n|\n|-weather|Snow|[upkeep]\n|-heal|p2b: Rillaboom|95\/100|[from] Grassy Terrain\n|-heal|p1b: Clefable|60\/100|[from] Grassy Terrain\n|upkeep\n|\n|t:|1700527261\n|switch|p1a: Gholdengo|Gholdengo, L50|100\/100\n|turn|5\n|\n|t:|1700527273\n|move|p2b: Rillaboom|Fake Out|p1b: Clefable\n|-damage|p1b: Clefable|49\/100\n|cant|p1b: Clefable|flinch\n|move|p2a: Flutter Mane|Shadow Ball|p1a: Gholdengo\n|-supereffective|p1a: Gholdengo\n|-damage|p1a: Gholdengo|17\/100\n|move|p1a: Gholdengo|Make It Rain|p2b: Rillaboom|[spread] p2a,p2b\n|-supereffective|p2a: Flutter Mane\n|-damage|p2a: Flutter Mane|29\/100\n|-damage|p2b: Rillaboom|70\/100\n|-unboost|p1a: Gholdengo|spa|1\n|\n|-weather|none\n|-heal|p2a: Flutter Mane|35\/100|[from] Grassy Terrain\n|-heal|p1a: Gholdengo|23\/100|[from] Grassy Terrain\n|-heal|p1a: Gholdengo|29\/100|[from] item: Leftovers\n|-heal|p2b: Rillaboom|76\/100|[from] Grassy Terrain\n|-heal|p1b: Clefable|55\/100|[from] Grassy Terrain\n|-fieldend|move: Grassy Terrain\n|upkeep\n|turn|6\n|\n|t:|1700527307\n|-end|p2a: Flutter Mane|Protosynthesis|[silent]\n|switch|p2a: Heatran|Heatran, L50, M|100\/100\n|move|p1b: Clefable|Follow Me|p1b: Clefable\n|-singleturn|p1b: Clefable|move: Follow Me\n|move|p1a: Gholdengo|Shadow Ball|p2a: Heatran\n|-damage|p2a: Heatran|85\/100\n|move|p2b: Rillaboom|U-turn|p1b: Clefable\n|-resisted|p1b: Clefable\n|-damage|p1b: Clefable|45\/100\n|\n|t:|1700527315\n|switch|p2b: Flutter Mane|Flutter Mane, L50|35\/100|[from] U-turn\n|\n|-heal|p1a: Gholdengo|34\/100|[from] item: Leftovers\n|-heal|p2a: Heatran|91\/100|[from] item: Leftovers\n|upkeep\n|turn|7\n|\n|t:|1700527328\n|switch|p2a: Rillaboom|Rillaboom, L50, M|76\/100\n|-fieldstart|move: Grassy Terrain|[from] ability: Grassy Surge|[of] p2a: Rillaboom\n|move|p2b: Flutter Mane|Protect|p2b: Flutter Mane\n|-singleturn|p2b: Flutter Mane|Protect\n|move|p1b: Clefable|Follow Me|p1b: Clefable\n|-singleturn|p1b: Clefable|move: Follow Me\n|move|p1a: Gholdengo|Make It Rain|p2b: Flutter Mane|[spread] p2a\n|-activate|p2b: Flutter Mane|move: Protect\n|-damage|p2a: Rillaboom|61\/100\n|-unboost|p1a: Gholdengo|spa|1\n|\n|-heal|p2b: Flutter Mane|41\/100|[from] Grassy Terrain\n|-heal|p1a: Gholdengo|40\/100|[from] Grassy Terrain\n|-heal|p1a: Gholdengo|46\/100|[from] item: Leftovers\n|-heal|p2a: Rillaboom|67\/100|[from] Grassy Terrain\n|-heal|p1b: Clefable|51\/100|[from] Grassy Terrain\n|upkeep\n|turn|8\n|\n|t:|1700527350\n|move|p1a: Gholdengo|Protect|p1a: Gholdengo\n|-singleturn|p1a: Gholdengo|Protect\n|move|p1b: Clefable|Protect|p1b: Clefable\n|-singleturn|p1b: Clefable|Protect\n|move|p2a: Rillaboom|Fake Out|p1b: Clefable\n|-activate|p1b: Clefable|move: Protect\n|move|p2b: Flutter Mane|Shadow Ball|p1a: Gholdengo\n|-activate|p1a: Gholdengo|move: Protect\n|\n|-heal|p2b: Flutter Mane|47\/100|[from] Grassy Terrain\n|-heal|p1a: Gholdengo|52\/100|[from] Grassy Terrain\n|-heal|p1a: Gholdengo|58\/100|[from] item: Leftovers\n|-heal|p2a: Rillaboom|72\/100|[from] Grassy Terrain\n|-heal|p1b: Clefable|57\/100|[from] Grassy Terrain\n|-sideend|p2: bluefox567|move: Aurora Veil\n|upkeep\n|turn|9\n|\n|t:|1700527374\n|move|p2b: Flutter Mane|Protect|p2b: Flutter Mane\n|-singleturn|p2b: Flutter Mane|Protect\n|move|p1b: Clefable|Follow Me|p1b: Clefable\n|-singleturn|p1b: Clefable|move: Follow Me\n|move|p2a: Rillaboom|Grassy Glide|p1b: Clefable\n|-damage|p1b: Clefable|24\/100\n|move|p1a: Gholdengo|Nasty Plot|p1a: Gholdengo\n|-boost|p1a: Gholdengo|spa|2\n|\n|-heal|p2b: Flutter Mane|54\/100|[from] Grassy Terrain\n|-heal|p1a: Gholdengo|63\/100|[from] Grassy Terrain\n|-heal|p1a: Gholdengo|69\/100|[from] item: Leftovers\n|-heal|p2a: Rillaboom|78\/100|[from] Grassy Terrain\n|-heal|p1b: Clefable|30\/100|[from] Grassy Terrain\n|upkeep\n|turn|10\n|\n|t:|1700527394\n|-end|p2b: Flutter Mane|Protosynthesis|[silent]\n|switch|p2b: Heatran|Heatran, L50, M|91\/100\n|move|p1b: Clefable|Follow Me|p1b: Clefable\n|-singleturn|p1b: Clefable|move: Follow Me\n|move|p2a: Rillaboom|Grassy Glide|p1b: Clefable\n|-damage|p1b: Clefable|0 fnt\n|faint|p1b: Clefable\n|move|p1a: Gholdengo|Shadow Ball|p2b: Heatran\n|-damage|p2b: Heatran|56\/100\n|\n|-heal|p1a: Gholdengo|75\/100|[from] Grassy Terrain\n|-heal|p1a: Gholdengo|81\/100|[from] item: Leftovers\n|-heal|p2a: Rillaboom|84\/100|[from] Grassy Terrain\n|-heal|p2b: Heatran|62\/100|[from] Grassy Terrain\n|-heal|p2b: Heatran|68\/100|[from] item: Leftovers\n|upkeep\n|\n|t:|1700527412\n|switch|p1b: Dragonite|Dragonite, L50, M|100\/100\n|turn|11\n|\n|t:|1700527430\n|move|p1a: Gholdengo|Protect|p1a: Gholdengo\n|-singleturn|p1a: Gholdengo|Protect\n|move|p2a: Rillaboom|Grassy Glide|p1b: Dragonite\n|-resisted|p1b: Dragonite\n|-damage|p1b: Dragonite|92\/100\n|move|p1b: Dragonite|Aerial Ace|p2a: Rillaboom\n|-supereffective|p2a: Rillaboom\n|-damage|p2a: Rillaboom|0 fnt\n|faint|p2a: Rillaboom\n|move|p2b: Heatran|Heat Wave|p1b: Dragonite|[spread] p1b\n|-activate|p1a: Gholdengo|move: Protect\n|-resisted|p1b: Dragonite\n|-damage|p1b: Dragonite|78\/100\n|\n|-heal|p1a: Gholdengo|87\/100|[from] Grassy Terrain\n|-heal|p1a: Gholdengo|93\/100|[from] item: Leftovers\n|-heal|p2b: Heatran|74\/100|[from] Grassy Terrain\n|-heal|p2b: Heatran|80\/100|[from] item: Leftovers\n|-fieldend|move: Grassy Terrain\n|upkeep\n|\n|t:|1700527435\n|switch|p2a: Flutter Mane|Flutter Mane, L50|54\/100\n|turn|12\n|\n|t:|1700527471\n|-terastallize|p1b: Dragonite|Normal\n|-terastallize|p2b: Heatran|Grass\n|move|p1a: Gholdengo|Protect||[still]\n|-fail|p1a: Gholdengo\n|move|p2a: Flutter Mane|Shadow Ball|p1a: Gholdengo\n|-supereffective|p1a: Gholdengo\n|-damage|p1a: Gholdengo|0 fnt\n|faint|p1a: Gholdengo\n|move|p1b: Dragonite|Aerial Ace|p2a: Flutter Mane\n|-damage|p2a: Flutter Mane|0 fnt\n|faint|p2a: Flutter Mane\n|-end|p2a: Flutter Mane|Protosynthesis|[silent]\n|move|p2b: Heatran|Heat Wave|p1b: Dragonite|[miss]\n|-miss|p2b: Heatran|p1b: Dragonite\n|\n|-heal|p2b: Heatran|86\/100|[from] item: Leftovers\n|upkeep\n|turn|13\n|\n|t:|1700527495\n|move|p1b: Dragonite|Aerial Ace|p2b: Heatran\n|-supereffective|p2b: Heatran\n|-damage|p2b: Heatran|0 fnt\n|faint|p2b: Heatran\n|\n|win|Felip_Obi\n|raw|Felip_Obi's rating: 1366 &rarr; <strong>1381<\/strong><br \/>(+15 for winning)\n|raw|bluefox567's rating: 1268 &rarr; <strong>1250<\/strong><br \/>(-18 for losing)\n|l|\u2606bluefox567\n","uploadtime":1700527502,"views":2,"p1id":"felipobi","p2id":"bluefox567","formatid":"gen9vgc2023regulatione","rating":1250,"private":0,"password":""}