{"id":"gen9vgc2023regulatione-1989968603","p1":"Spler","p2":"Feyitomi","format":"[Gen 9] VGC 2023 Regulation E","log":"|j|\u2606Spler\n|j|\u2606Feyitomi\n|t:|1699911115\n|gametype|doubles\n|player|p1|Spler|170|1384\n|player|p2|Feyitomi|266|1488\n|teamsize|p1|6\n|teamsize|p2|6\n|gen|9\n|tier|[Gen 9] VGC 2023 Regulation E\n|rated|\n|rule|Species Clause: Limit one of each Pok\u00e9mon\n|rule|Item Clause: Limit one of each item\n|clearpoke\n|poke|p1|Falinks, L50|\n|poke|p1|Grimmsnarl, L50, M|\n|poke|p1|Landorus-Therian, L50, M|\n|poke|p1|Sinistcha, L50|\n|poke|p1|Gholdengo, L50|\n|poke|p1|Arcanine-Hisui, L50, F|\n|poke|p2|Ninetales-Alola, L50, M|\n|poke|p2|Flutter Mane, L50|\n|poke|p2|Weezing, L50, M|\n|poke|p2|Urshifu-*, L50, F|\n|poke|p2|Ogerpon-Hearthflame, L50, F|\n|poke|p2|Iron Hands, L50|\n|teampreview|4\n|\n|t:|1699911164\n|start\n|switch|p1a: Falinks|Falinks, L50|100\/100\n|switch|p1b: Arcanine|Arcanine-Hisui, L50, F|100\/100\n|switch|p2a: Ogerpon|Ogerpon-Hearthflame, L50, F|100\/100\n|switch|p2b: Urshifu|Urshifu-Rapid-Strike, L50, F|100\/100\n|-ability|p2a: Ogerpon|Mold Breaker\n|-ability|p1b: Arcanine|Intimidate|boost\n|-unboost|p2a: Ogerpon|atk|1\n|-unboost|p2b: Urshifu|atk|1\n|turn|1\n|inactive|Battle timer is ON: inactive players will automatically lose when time's up. (requested by Feyitomi)\n|\n|t:|1699911188\n|-terastallize|p1b: Arcanine|Fairy\n|move|p2a: Ogerpon|Spiky Shield|p2a: Ogerpon\n|-singleturn|p2a: Ogerpon|move: Protect\n|move|p2b: Urshifu|Surging Strikes|p1b: Arcanine\n|-crit|p1b: Arcanine\n|-damage|p1b: Arcanine|76\/100\n|-crit|p1b: Arcanine\n|-damage|p1b: Arcanine|50\/100\n|-crit|p1b: Arcanine\n|-damage|p1b: Arcanine|27\/100\n|-hitcount|p1b: Arcanine|3\n|move|p1a: Falinks|No Retreat|p1a: Falinks\n|-boost|p1a: Falinks|atk|1\n|-boost|p1a: Falinks|def|1\n|-boost|p1a: Falinks|spa|1\n|-boost|p1a: Falinks|spd|1\n|-boost|p1a: Falinks|spe|1\n|-start|p1a: Falinks|move: No Retreat\n|move|p1b: Arcanine|Tera Blast|p2b: Urshifu|[anim] Tera Blast Fairy\n|-supereffective|p2b: Urshifu\n|-damage|p2b: Urshifu|0 fnt\n|faint|p2b: Urshifu\n|\n|upkeep\n|\n|t:|1699911208\n|switch|p2b: Flutter Mane|Flutter Mane, L50|100\/100\n|-enditem|p2b: Flutter Mane|Booster Energy\n|-activate|p2b: Flutter Mane|ability: Protosynthesis|[fromitem]\n|-start|p2b: Flutter Mane|protosynthesisspe\n|turn|2\n|\n|t:|1699911227\n|switch|p1b: Landorus|Landorus-Therian, L50, M|100\/100\n|-ability|p1b: Landorus|Intimidate|boost\n|-unboost|p2a: Ogerpon|atk|1\n|-unboost|p2b: Flutter Mane|atk|1\n|move|p2b: Flutter Mane|Dazzling Gleam|p1a: Falinks|[spread] p1a,p1b\n|-supereffective|p1a: Falinks\n|-damage|p1a: Falinks|27\/100\n|-damage|p1b: Landorus|65\/100\n|move|p1a: Falinks|Iron Head|p2b: Flutter Mane\n|-supereffective|p2b: Flutter Mane\n|-damage|p2b: Flutter Mane|0 fnt\n|faint|p2b: Flutter Mane\n|-end|p2b: Flutter Mane|Protosynthesis|[silent]\n|move|p2a: Ogerpon|Substitute|p2a: Ogerpon\n|-start|p2a: Ogerpon|Substitute\n|-damage|p2a: Ogerpon|75\/100\n|\n|upkeep\n|\n|t:|1699911242\n|switch|p2b: Ninetales|Ninetales-Alola, L50, M|100\/100\n|-weather|Snow|[from] ability: Snow Warning|[of] p2b: Ninetales\n|turn|3\n|\n|t:|1699911255\n|-terastallize|p2b: Ninetales|Ghost\n|move|p1b: Landorus|U-turn|p2a: Ogerpon\n|-end|p2a: Ogerpon|Substitute\n|\n|t:|1699911260\n|switch|p1b: Arcanine|Arcanine-Hisui, L50, F, tera:Fairy|27\/100|[from] U-turn\n|-ability|p1b: Arcanine|Intimidate|boost\n|-unboost|p2a: Ogerpon|atk|1\n|-unboost|p2b: Ninetales|atk|1\n|move|p1a: Falinks|Iron Head|p2b: Ninetales\n|-damage|p2b: Ninetales|54\/100\n|move|p2b: Ninetales|Aurora Veil|p2b: Ninetales\n|-sidestart|p2: Feyitomi|move: Aurora Veil\n|move|p2a: Ogerpon|Ivy Cudgel|p1a: Falinks\n|-damage|p1a: Falinks|8\/100\n|\n|-weather|Snow|[upkeep]\n|upkeep\n|turn|4\n|\n|t:|1699911282\n|move|p1a: Falinks|Rock Slide|p2a: Ogerpon|[spread] p2a,p2b\n|-supereffective|p2a: Ogerpon\n|-damage|p2a: Ogerpon|39\/100\n|-damage|p2b: Ninetales|33\/100\n|move|p2b: Ninetales|Icy Wind|p1b: Arcanine|[spread] p1a,p1b\n|-damage|p1a: Falinks|0 fnt\n|-damage|p1b: Arcanine|14\/100\n|-unboost|p1b: Arcanine|spe|1\n|faint|p1a: Falinks\n|move|p2a: Ogerpon|Horn Leech|p1b: Arcanine\n|-damage|p1b: Arcanine|0 fnt\n|-heal|p2a: Ogerpon|47\/100|[from] drain|[of] p1b: Arcanine\n|faint|p1b: Arcanine\n|\n|-weather|Snow|[upkeep]\n|upkeep\n|\n|t:|1699911299\n|switch|p1a: Landorus|Landorus-Therian, L50, M|65\/100\n|switch|p1b: Gholdengo|Gholdengo, L50|100\/100\n|-ability|p1a: Landorus|Intimidate|boost\n|-unboost|p2a: Ogerpon|atk|1\n|-unboost|p2b: Ninetales|atk|1\n|turn|5\n|\n|t:|1699911313\n|move|p2a: Ogerpon|Spiky Shield|p2a: Ogerpon\n|-singleturn|p2a: Ogerpon|move: Protect\n|move|p1a: Landorus|Stomping Tantrum|p2a: Ogerpon\n|-activate|p2a: Ogerpon|move: Protect\n|-damage|p1a: Landorus|53\/100|[from] Spiky Shield|[of] p2a: Ogerpon\n|move|p2b: Ninetales|Icy Wind|p1b: Gholdengo|[spread] p1a,p1b\n|-supereffective|p1a: Landorus\n|-resisted|p1b: Gholdengo\n|-damage|p1a: Landorus|0 fnt\n|-damage|p1b: Gholdengo|95\/100\n|-unboost|p1b: Gholdengo|spe|1\n|faint|p1a: Landorus\n|move|p1b: Gholdengo|Shadow Ball|p2b: Ninetales\n|-supereffective|p2b: Ninetales\n|-damage|p2b: Ninetales|0 fnt\n|faint|p2b: Ninetales\n|\n|-weather|Snow|[upkeep]\n|-heal|p1b: Gholdengo|100\/100|[from] item: Leftovers\n|upkeep\n|turn|6\n|\n|t:|1699911334\n|move|p2a: Ogerpon|Ivy Cudgel|p1b: Gholdengo\n|-supereffective|p1b: Gholdengo\n|-damage|p1b: Gholdengo|65\/100\n|move|p1b: Gholdengo|Shadow Ball|p2a: Ogerpon\n|-damage|p2a: Ogerpon|17\/100\n|\n|-weather|Snow|[upkeep]\n|-heal|p1b: Gholdengo|72\/100|[from] item: Leftovers\n|upkeep\n|turn|7\n|\n|t:|1699911344\n|move|p2a: Ogerpon|Ivy Cudgel|p1b: Gholdengo\n|-supereffective|p1b: Gholdengo\n|-damage|p1b: Gholdengo|40\/100\n|move|p1b: Gholdengo|Shadow Ball|p2a: Ogerpon\n|-damage|p2a: Ogerpon|0 fnt\n|faint|p2a: Ogerpon\n|\n|win|Spler\n|raw|Spler's rating: 1384 &rarr; <strong>1410<\/strong><br \/>(+26 for winning)\n|raw|Feyitomi's rating: 1488 &rarr; <strong>1462<\/strong><br \/>(-26 for losing)\n|l|\u2606Feyitomi\n","uploadtime":1699911357,"views":17,"p1id":"spler","p2id":"feyitomi","formatid":"gen9vgc2023regulatione","rating":1410,"private":0,"password":""}