{"id":"gen9vgc2023regulatione-1998752829","p1":"HarshEuroBarge","p2":"tealpens4","format":"[Gen 9] VGC 2023 Regulation E","log":"|j|\u2606HarshEuroBarge\n|j|\u2606tealpens4\n|t:|1700983596\n|gametype|doubles\n|player|p1|HarshEuroBarge|266|1237\n|player|p2|tealpens4|169|1166\n|teamsize|p1|6\n|teamsize|p2|6\n|gen|9\n|tier|[Gen 9] VGC 2023 Regulation E\n|rated|\n|rule|Species Clause: Limit one of each Pok\u00e9mon\n|rule|Item Clause: Limit one of each item\n|clearpoke\n|poke|p1|Arcanine-Hisui, L50, F|\n|poke|p1|Tornadus, L50, M|\n|poke|p1|Heatran, L50, M|\n|poke|p1|Flutter Mane, L50|\n|poke|p1|Urshifu-*, L50, F|\n|poke|p1|Roaring Moon, L50|\n|poke|p2|Tornadus, L50, M|\n|poke|p2|Politoed, L50, F|\n|poke|p2|Gholdengo, L50|\n|poke|p2|Urshifu-*, L50, F|\n|poke|p2|Arcanine-Hisui, L50, F|\n|poke|p2|Rillaboom, L50, F|\n|teampreview|4\n|\n|t:|1700983647\n|start\n|switch|p1a: Tornadus|Tornadus, L50, M|100\/100\n|switch|p1b: Heatran|Heatran, L50, M|100\/100\n|switch|p2a: Tornadus|Tornadus, L50, M|100\/100\n|switch|p2b: Urshifu|Urshifu-Rapid-Strike, L50, F|100\/100\n|turn|1\n|\n|t:|1700983667\n|move|p2a: Tornadus|Taunt|p1a: Tornadus\n|-start|p1a: Tornadus|move: Taunt\n|cant|p1a: Tornadus|move: Taunt|Sunny Day\n|move|p2b: Urshifu|Surging Strikes|p1b: Heatran\n|-supereffective|p1b: Heatran\n|-crit|p1b: Heatran\n|-damage|p1b: Heatran|61\/100\n|-supereffective|p1b: Heatran\n|-crit|p1b: Heatran\n|-damage|p1b: Heatran|19\/100\n|-enditem|p1b: Heatran|Wiki Berry|[eat]\n|-heal|p1b: Heatran|52\/100|[from] item: Wiki Berry\n|-supereffective|p1b: Heatran\n|-crit|p1b: Heatran\n|-damage|p1b: Heatran|15\/100\n|-hitcount|p1b: Heatran|3\n|move|p1b: Heatran|Heat Wave|p2b: Urshifu|[spread] p2a\n|-miss|p1b: Heatran|p2b: Urshifu\n|-damage|p2a: Tornadus|61\/100\n|\n|upkeep\n|turn|2\n|\n|t:|1700983713\n|move|p1b: Heatran|Protect|p1b: Heatran\n|-singleturn|p1b: Heatran|Protect\n|move|p2a: Tornadus|Tailwind|p2a: Tornadus\n|-sidestart|p2: tealpens4|move: Tailwind\n|move|p2b: Urshifu|Surging Strikes|p1a: Tornadus\n|-crit|p1a: Tornadus\n|-damage|p1a: Tornadus|71\/100\n|-crit|p1a: Tornadus\n|-damage|p1a: Tornadus|40\/100\n|-crit|p1a: Tornadus\n|-damage|p1a: Tornadus|9\/100\n|-enditem|p1a: Tornadus|Aguav Berry|[eat]\n|-heal|p1a: Tornadus|42\/100|[from] item: Aguav Berry\n|-hitcount|p1a: Tornadus|3\n|move|p1a: Tornadus|Bleakwind Storm|p2b: Urshifu|[spread] p2a\n|-miss|p1a: Tornadus|p2b: Urshifu\n|-damage|p2a: Tornadus|24\/100\n|\n|upkeep\n|turn|3\n|\n|t:|1700983743\n|switch|p2b: Politoed|Politoed, L50, F|100\/100\n|-weather|RainDance|[from] ability: Drizzle|[of] p2b: Politoed\n|move|p2a: Tornadus|Tailwind||[still]\n|-fail|p2a: Tornadus\n|move|p1a: Tornadus|Bleakwind Storm|p2a: Tornadus|[spread] p2a,p2b\n|-damage|p2a: Tornadus|0 fnt\n|-damage|p2b: Politoed|71\/100\n|-unboost|p2b: Politoed|spe|1\n|faint|p2a: Tornadus\n|move|p1b: Heatran|Heat Wave|p2b: Politoed\n|-resisted|p2b: Politoed\n|-damage|p2b: Politoed|61\/100\n|\n|-weather|RainDance|[upkeep]\n|-end|p1a: Tornadus|move: Taunt\n|upkeep\n|\n|t:|1700983758\n|switch|p2a: Urshifu|Urshifu-Rapid-Strike, L50, F|100\/100\n|turn|4\n|\n|t:|1700983769\n|move|p1b: Heatran|Protect|p1b: Heatran\n|-singleturn|p1b: Heatran|Protect\n|move|p2a: Urshifu|Aqua Jet|p1a: Tornadus\n|-damage|p1a: Tornadus|0 fnt\n|faint|p1a: Tornadus\n|move|p2b: Politoed|Muddy Water|p1b: Heatran\n|-activate|p1b: Heatran|move: Protect\n|\n|-weather|RainDance|[upkeep]\n|upkeep\n|\n|t:|1700983782\n|switch|p1a: Roaring Moon|Roaring Moon, L50|100\/100\n|turn|5\n|\n|t:|1700983812\n|move|p2a: Urshifu|Close Combat|p1a: Roaring Moon\n|-supereffective|p1a: Roaring Moon\n|-damage|p1a: Roaring Moon|0 fnt\n|-unboost|p2a: Urshifu|def|1\n|-unboost|p2a: Urshifu|spd|1\n|faint|p1a: Roaring Moon\n|-end|p1a: Roaring Moon|Protosynthesis|[silent]\n|move|p2b: Politoed|Muddy Water|p1b: Heatran\n|-supereffective|p1b: Heatran\n|-damage|p1b: Heatran|0 fnt\n|faint|p1b: Heatran\n|\n|-weather|RainDance|[upkeep]\n|-sideend|p2: tealpens4|move: Tailwind\n|upkeep\n|\n|t:|1700983818\n|switch|p1b: Arcanine|Arcanine-Hisui, L50, F|100\/100\n|-ability|p1b: Arcanine|Intimidate|boost\n|-unboost|p2a: Urshifu|atk|1\n|-unboost|p2b: Politoed|atk|1\n|turn|6\n|c|\u2606tealpens4|too many berries!\n|c|\u2606tealpens4|gg\n|\n|t:|1700983829\n|switch|p2a: Arcanine|Arcanine-Hisui, L50, F|100\/100\n|-ability|p2a: Arcanine|Intimidate|boost\n|-unboost|p1b: Arcanine|atk|1\n|move|p1b: Arcanine|Wild Charge|p2a: Arcanine\n|-damage|p2a: Arcanine|74\/100\n|-damage|p1b: Arcanine|93\/100|[from] Recoil\n|move|p2b: Politoed|Muddy Water|p1b: Arcanine\n|-supereffective|p1b: Arcanine\n|-damage|p1b: Arcanine|0 fnt\n|faint|p1b: Arcanine\n|\n|win|tealpens4\n|raw|HarshEuroBarge's rating: 1237 &rarr; <strong>1207<\/strong><br \/>(-30 for losing)\n|raw|tealpens4's rating: 1166 &rarr; <strong>1196<\/strong><br \/>(+30 for winning)\n|l|\u2606HarshEuroBarge\n|c|\u2606tealpens4|the tech!\n","uploadtime":1700983843,"views":21,"p1id":"harsheurobarge","p2id":"tealpens4","formatid":"gen9vgc2023regulatione","rating":1196,"private":0,"password":""}