{"id":"gen9vgc2023regulatione-1993356476","p1":"SpidopsBiggestFan","p2":"lawrence123","format":"[Gen 9] VGC 2023 Regulation E","log":"|j|\u2606SpidopsBiggestFan\n|j|\u2606lawrence123\n|t:|1700305039\n|gametype|doubles\n|player|p1|SpidopsBiggestFan|265|\n|player|p2|lawrence123|cynthia-masters|\n|teamsize|p1|6\n|teamsize|p2|6\n|gen|9\n|tier|[Gen 9] VGC 2023 Regulation E\n|rated|Tournament battle\n|rule|Species Clause: Limit one of each Pok\u00e9mon\n|rule|Item Clause: Limit one of each item\n|clearpoke\n|poke|p1|Flutter Mane, L50|\n|poke|p1|Arcanine-Hisui, L50, F|\n|poke|p1|Iron Hands, L50|\n|poke|p1|Scream Tail, L50|\n|poke|p1|Amoonguss, L50, M|\n|poke|p1|Gothitelle, L50, F|\n|poke|p2|Grimmsnarl, L50, M|\n|poke|p2|Gyarados, L50, M|\n|poke|p2|Volcarona, L50, M|\n|poke|p2|Cresselia, L50, F|\n|poke|p2|Dragonite, L50, M|\n|poke|p2|Iron Hands, L50|\n|teampreview|4\n|showteam|p1|Flutter Mane||ChoiceSpecs|Protosynthesis|DazzlingGleam,Moonblast,ShadowBall,PerishSong||||||50|,,,,,Grass]Arcanine-Hisui||SafetyGoggles|Intimidate|Protect,FlareBlitz,RockSlide,WillOWisp|||F|||50|,,,,,Dragon]Iron Hands||AssaultVest|QuarkDrive|CloseCombat,VoltSwitch,HeavySlam,FakeOut||||||50|,,,,,Water]Scream Tail||BoosterEnergy|Protosynthesis|Protect,Encore,PerishSong,Disable||||||50|,,,,,Dark]Amoonguss||RockyHelmet|Regenerator|Protect,Spore,RagePowder,PollenPuff|||M|||50|,,,,,Water]Gothitelle||AbilityShield|ShadowTag|Protect,FakeOut,TrickRoom,Psychic|||F|||50|,,,,,Dragon\n|showteam|p2|Grimmsnarl||LightClay|Prankster|SpiritBreak,PartingShot,Reflect,LightScreen|||M|||50|,,,,,Ghost]Gyarados||SitrusBerry|Intimidate|Waterfall,Taunt,ThunderWave,Protect|||M|||50|,,,,,Dragon]Volcarona||Leftovers|FlameBody|HeatWave,GigaDrain,QuiverDance,Protect|||M|||50|,,,,,Dragon]Cresselia||RockyHelmet|Levitate|Moonblast,TrickRoom,LunarBlessing,AllySwitch|||F|||50|,,,,,Fairy]Dragonite||ChoiceBand|Multiscale|ExtremeSpeed,AerialAce,Outrage,ThunderPunch|||M|||50|,,,,,Normal]Iron Hands||AssaultVest|QuarkDrive|WildCharge,DrainPunch,HeavySlam,FakeOut||||||50|,,,,,Fire\n|j| Airend~\n|j| tofuplum\n|l| tofuplum\n|\n|t:|1700305089\n|start\n|switch|p1a: Iron Hands|Iron Hands, L50|100\/100\n|switch|p1b: Scream Tail|Scream Tail, L50|100\/100\n|switch|p2a: Grimmsnarl|Grimmsnarl, L50, M|100\/100\n|switch|p2b: Gyarados|Gyarados, L50, M|100\/100\n|-ability|p2b: Gyarados|Intimidate|boost\n|-unboost|p1a: Iron Hands|atk|1\n|-unboost|p1b: Scream Tail|atk|1\n|-enditem|p1b: Scream Tail|Booster Energy\n|-activate|p1b: Scream Tail|ability: Protosynthesis|[fromitem]\n|-start|p1b: Scream Tail|protosynthesisspe\n|turn|1\n|\n|t:|1700305137\n|move|p2a: Grimmsnarl|Reflect|p2a: Grimmsnarl\n|-sidestart|p2: lawrence123|Reflect\n|move|p1b: Scream Tail|Encore|p2a: Grimmsnarl\n|-start|p2a: Grimmsnarl|Encore\n|move|p2b: Gyarados|Taunt|p1b: Scream Tail\n|-start|p1b: Scream Tail|move: Taunt\n|move|p1a: Iron Hands|Volt Switch|p2b: Gyarados\n|-supereffective|p2b: Gyarados\n|-damage|p2b: Gyarados|53\/100\n|\n|t:|1700305142\n|-end|p1a: Iron Hands|Quark Drive|[silent]\n|switch|p1a: Gothitelle|Gothitelle, L50, F|100\/100|[from] Volt Switch\n|\n|upkeep\n|turn|2\n|\n|t:|1700305156\n|-end|p1b: Scream Tail|Protosynthesis|[silent]\n|switch|p1b: Iron Hands|Iron Hands, L50|100\/100\n|move|p1a: Gothitelle|Fake Out|p2b: Gyarados\n|-damage|p2b: Gyarados|50\/100\n|-enditem|p2b: Gyarados|Sitrus Berry|[eat]\n|-heal|p2b: Gyarados|75\/100|[from] item: Sitrus Berry\n|move|p2a: Grimmsnarl|Reflect||[still]\n|-fail|p2a: Grimmsnarl\n|cant|p2b: Gyarados|flinch\n|\n|upkeep\n|turn|3\n|\n|t:|1700305169\n|move|p2a: Grimmsnarl|Reflect||[still]\n|-fail|p2a: Grimmsnarl\n|move|p2b: Gyarados|Taunt|p1a: Gothitelle\n|-start|p1a: Gothitelle|move: Taunt\n|move|p1a: Gothitelle|Psychic|p2b: Gyarados\n|-damage|p2b: Gyarados|51\/100\n|-unboost|p2b: Gyarados|spd|1\n|move|p1b: Iron Hands|Volt Switch|p2b: Gyarados\n|-supereffective|p2b: Gyarados\n|-damage|p2b: Gyarados|0 fnt\n|faint|p2b: Gyarados\n|\n|t:|1700305174\n|-end|p1b: Iron Hands|Quark Drive|[silent]\n|switch|p1b: Scream Tail|Scream Tail, L50|100\/100|[from] Volt Switch\n|\n|upkeep\n|\n|t:|1700305181\n|switch|p2b: Volcarona|Volcarona, L50, M|100\/100\n|turn|4\n|\n|t:|1700305215\n|switch|p1a: Arcanine|Arcanine-Hisui, L50, F|100\/100\n|-ability|p1a: Arcanine|Intimidate|boost\n|-unboost|p2a: Grimmsnarl|atk|1\n|-unboost|p2b: Volcarona|atk|1\n|move|p2a: Grimmsnarl|Reflect||[still]\n|-fail|p2a: Grimmsnarl\n|move|p1b: Scream Tail|Perish Song|p1b: Scream Tail\n|-start|p1a: Arcanine|perish3|[silent]\n|-start|p1b: Scream Tail|perish3|[silent]\n|-start|p2a: Grimmsnarl|perish3|[silent]\n|-start|p2b: Volcarona|perish3|[silent]\n|-fieldactivate|move: Perish Song\n|move|p2b: Volcarona|Quiver Dance|p2b: Volcarona\n|-boost|p2b: Volcarona|spa|1\n|-boost|p2b: Volcarona|spd|1\n|-boost|p2b: Volcarona|spe|1\n|\n|-end|p2a: Grimmsnarl|Encore\n|-start|p2b: Volcarona|perish3\n|-start|p1b: Scream Tail|perish3\n|-start|p1a: Arcanine|perish3\n|-start|p2a: Grimmsnarl|perish3\n|upkeep\n|turn|5\n|\n|t:|1700305249\n|switch|p1a: Gothitelle|Gothitelle, L50, F|100\/100\n|-terastallize|p2b: Volcarona|Dragon\n|-terastallize|p1b: Scream Tail|Dark\n|move|p2b: Volcarona|Giga Drain|p1a: Gothitelle\n|-damage|p1a: Gothitelle|74\/100\n|move|p1b: Scream Tail|Encore|p2b: Volcarona\n|-start|p2b: Volcarona|Encore\n|move|p2a: Grimmsnarl|Spirit Break|p1b: Scream Tail\n|-supereffective|p1b: Scream Tail\n|-damage|p1b: Scream Tail|73\/100\n|-unboost|p1b: Scream Tail|spa|1\n|\n|-start|p2b: Volcarona|perish2\n|-start|p1b: Scream Tail|perish2\n|-start|p2a: Grimmsnarl|perish2\n|upkeep\n|turn|6\n|\n|t:|1700305276\n|move|p1a: Gothitelle|Fake Out|p2b: Volcarona\n|-crit|p2b: Volcarona\n|-damage|p2b: Volcarona|93\/100\n|cant|p2b: Volcarona|flinch\n|move|p1b: Scream Tail|Encore|p2a: Grimmsnarl\n|-start|p2a: Grimmsnarl|Encore\n|move|p2a: Grimmsnarl|Spirit Break|p1b: Scream Tail\n|-supereffective|p1b: Scream Tail\n|-damage|p1b: Scream Tail|43\/100\n|-unboost|p1b: Scream Tail|spa|1\n|\n|-heal|p2b: Volcarona|99\/100|[from] item: Leftovers\n|-start|p2b: Volcarona|perish1\n|-start|p1b: Scream Tail|perish1\n|-start|p2a: Grimmsnarl|perish1\n|upkeep\n|turn|7\n|\n|t:|1700305287\n|-end|p1b: Scream Tail|Protosynthesis|[silent]\n|switch|p1b: Arcanine|Arcanine-Hisui, L50, F|100\/100\n|-ability|p1b: Arcanine|Intimidate|boost\n|-unboost|p2a: Grimmsnarl|atk|1\n|-unboost|p2b: Volcarona|atk|1\n|move|p1a: Gothitelle|Protect|p1a: Gothitelle\n|-singleturn|p1a: Gothitelle|Protect\n|move|p2b: Volcarona|Giga Drain|p1a: Gothitelle\n|-activate|p1a: Gothitelle|move: Protect\n|move|p2a: Grimmsnarl|Spirit Break|p1b: Arcanine\n|-resisted|p1b: Arcanine\n|-damage|p1b: Arcanine|92\/100\n|-unboost|p1b: Arcanine|spa|1\n|\n|-heal|p2b: Volcarona|100\/100|[from] item: Leftovers\n|-start|p2b: Volcarona|perish0\n|-start|p2a: Grimmsnarl|perish0\n|faint|p2b: Volcarona\n|faint|p2a: Grimmsnarl\n|upkeep\n|-message|lawrence123 forfeited.\n|\n|win|SpidopsBiggestFan\n|n|\u2606SpidopsBiggestFan|spidopsbiggestfan\n|n|\u2606lawrence123|lawrence123\n|n| Airend~|airend\n|l|\u2606lawrence123\n","uploadtime":1700305621,"views":20,"p1id":"spidopsbiggestfan","p2id":"lawrence123","formatid":"gen9vgc2023regulatione","rating":0,"private":0,"password":""}