{"id":"gen9vgc2023regulatione-1991913306","p1":"1owercase","p2":"previouslyunnamed","format":"[Gen 9] VGC 2023 Regulation E","log":"|j|\u26061owercase\n|j|\u2606previouslyunnamed\n|t:|1700137405\n|gametype|doubles\n|player|p1|1owercase|flannery|1748\n|player|p2|previouslyunnamed|265|1709\n|teamsize|p1|6\n|teamsize|p2|6\n|gen|9\n|tier|[Gen 9] VGC 2023 Regulation E\n|rated|\n|rule|Species Clause: Limit one of each Pok\u00e9mon\n|rule|Item Clause: Limit one of each item\n|clearpoke\n|poke|p1|Dondozo, L50, F|\n|poke|p1|Tatsugiri, L50, M|\n|poke|p1|Glimmora, L50, F|\n|poke|p1|Iron Hands, L50|\n|poke|p1|Ogerpon-Hearthflame, L50, F|\n|poke|p1|Ninetales-Alola, L50, F|\n|poke|p2|Dondozo, L50, F|\n|poke|p2|Tatsugiri, L50, M|\n|poke|p2|Glimmora, L50, F|\n|poke|p2|Iron Hands, L50|\n|poke|p2|Ogerpon-Hearthflame, L50, F|\n|poke|p2|Ninetales-Alola, L50, M|\n|teampreview|4\n|inactive|Battle timer is ON: inactive players will automatically lose when time's up. (requested by previouslyunnamed)\n1owercase has agreed to open team sheets.\n|c|\u2606previouslyunnamed|lolol\n|c|\u2606previouslyunnamed|gl\n|inactive|1owercase has 60 seconds left.\n|inactive|previouslyunnamed has 60 seconds left.\n|\n|t:|1700137462\n|start\n|switch|p1a: Of|Glimmora, L50, F|100\/100\n|switch|p1b: Dream|Ogerpon-Hearthflame, L50, F|100\/100\n|switch|p2a: Glimmora|Glimmora, L50, F|100\/100\n|switch|p2b: Ninetales|Ninetales-Alola, L50, M, shiny|100\/100\n|-weather|Snow|[from] ability: Snow Warning|[of] p2b: Ninetales\n|-ability|p1b: Dream|Mold Breaker\n|turn|1\n|j| oMigerlonz\n|\n|t:|1700137485\n|move|p1b: Dream|Spiky Shield|p1b: Dream\n|-singleturn|p1b: Dream|move: Protect\n|move|p2b: Ninetales|Aurora Veil|p2b: Ninetales\n|-sidestart|p2: previouslyunnamed|move: Aurora Veil\n|move|p2a: Glimmora|Sludge Bomb|p1b: Dream\n|-activate|p1b: Dream|move: Protect\n|move|p1a: Of|Sludge Bomb|p2b: Ninetales\n|-supereffective|p2b: Ninetales\n|-damage|p2b: Ninetales|34\/100\n|\n|-weather|Snow|[upkeep]\n|upkeep\n|turn|2\n|inactive|1owercase has 30 seconds left.\n|\n|t:|1700137510\n|move|p2b: Ninetales|Protect|p2b: Ninetales\n|-singleturn|p2b: Ninetales|Protect\n|move|p1b: Dream|Ivy Cudgel|p2b: Ninetales|[anim] Ivy Cudgel Fire\n|-activate|p2b: Ninetales|move: Protect\n|move|p1a: Of|Power Gem|p2a: Glimmora\n|-damage|p2a: Glimmora|62\/100\n|move|p2a: Glimmora|Power Gem|p1b: Dream\n|-supereffective|p1b: Dream\n|-damage|p1b: Dream|7\/100\n|\n|-weather|Snow|[upkeep]\n|upkeep\n|turn|3\n|\n|t:|1700137531\n|move|p1b: Dream|Spiky Shield|p1b: Dream\n|-singleturn|p1b: Dream|move: Protect\n|move|p2b: Ninetales|Blizzard|p1b: Dream|[spread] p1a\n|-activate|p1b: Dream|move: Protect\n|-damage|p1a: Of|72\/100\n|move|p1a: Of|Power Gem|p2a: Glimmora\n|-damage|p2a: Glimmora|22\/100\n|move|p2a: Glimmora|Power Gem|p1a: Of\n|-damage|p1a: Of|15\/100\n|\n|-weather|Snow|[upkeep]\n|upkeep\n|turn|4\n|j| OTSTO\n|\n|t:|1700137548\n|switch|p1b: Ghost|Ninetales-Alola, L50, F|100\/100\n|move|p2a: Glimmora|Spiky Shield|p2a: Glimmora\n|-singleturn|p2a: Glimmora|move: Protect\n|move|p1a: Of|Spiky Shield|p1a: Of\n|-singleturn|p1a: Of|move: Protect\n|move|p2b: Ninetales|Blizzard|p1b: Ghost|[spread] p1b\n|-activate|p1a: Of|move: Protect\n|-resisted|p1b: Ghost\n|-damage|p1b: Ghost|90\/100\n|\n|-weather|Snow|[upkeep]\n|upkeep\n|turn|5\n|\n|t:|1700137573\n|move|p1b: Ghost|Blizzard|p2a: Glimmora|[spread] p2a,p2b\n|-resisted|p2b: Ninetales\n|-damage|p2a: Glimmora|4\/100\n|-damage|p2b: Ninetales|27\/100\n|move|p2b: Ninetales|Blizzard|p1b: Ghost|[spread] p1a,p1b\n|-resisted|p1b: Ghost\n|-damage|p1a: Of|0 fnt\n|-damage|p1b: Ghost|79\/100\n|faint|p1a: Of\n|move|p2a: Glimmora|Sludge Bomb|p1b: Ghost\n|-supereffective|p1b: Ghost\n|-damage|p1b: Ghost|0 fnt\n|faint|p1b: Ghost\n|\n|-weather|none\n|upkeep\n|\n|t:|1700137580\n|switch|p1b: Chuppa|Dondozo, L50, F|100\/100\n|switch|p1a: Dream|Ogerpon-Hearthflame, L50, F|7\/100\n|-ability|p1a: Dream|Mold Breaker\n|turn|6\n|-message|1owercase forfeited.\n|\n|win|previouslyunnamed\n|raw|1owercase's rating: 1748 &rarr; <strong>1726<\/strong><br \/>(-22 for losing)\n|raw|previouslyunnamed's rating: 1709 &rarr; <strong>1731<\/strong><br \/>(+22 for winning)\n|l|\u26061owercase\n","uploadtime":1700137588,"views":33,"p1id":"1owercase","p2id":"previouslyunnamed","formatid":"gen9vgc2023regulatione","rating":1726,"private":0,"password":""}