{"id":"gen9vgc2023regulatione-1996504142","p1":"precisely that","p2":"secretstudent","format":"[Gen 9] VGC 2023 Regulation E","log":"|j|\u2606precisely that\n|j|\u2606secretstudent\n|t:|1700688453\n|gametype|doubles\n|player|p1|precisely that|fisherman-gen4|1113\n|player|p2|secretstudent|beauty|1165\n|teamsize|p1|6\n|teamsize|p2|6\n|gen|9\n|tier|[Gen 9] VGC 2023 Regulation E\n|rated|\n|rule|Species Clause: Limit one of each Pok\u00e9mon\n|rule|Item Clause: Limit one of each item\n|clearpoke\n|poke|p1|Coalossal, L50, F|\n|poke|p1|Iron Bundle, L50|\n|poke|p1|Dragalge, L50, M|\n|poke|p1|Farigiraf, L50, F|\n|poke|p1|Salamence, L50, F|\n|poke|p1|Clefairy, L50, F|\n|poke|p2|Chien-Pao, L50|\n|poke|p2|Amoonguss, L50, M|\n|poke|p2|Hatterene, L50, F|\n|poke|p2|Gyarados, L50, F|\n|poke|p2|Volcarona, L50, M|\n|poke|p2|Ogerpon, L50, F|\n|teampreview|4\n|\n|t:|1700688509\n|start\n|switch|p1a: Iron Bundle|Iron Bundle, L50|100\/100\n|switch|p1b: Salamence|Salamence, L50, F|100\/100\n|switch|p2a: Volcarona|Volcarona, L50, M|100\/100\n|switch|p2b: Amoonguss|Amoonguss, L50, M|100\/100\n|-ability|p1b: Salamence|Intimidate|boost\n|-unboost|p2a: Volcarona|atk|1\n|-unboost|p2b: Amoonguss|atk|1\n|-enditem|p1a: Iron Bundle|Booster Energy\n|-activate|p1a: Iron Bundle|ability: Quark Drive|[fromitem]\n|-start|p1a: Iron Bundle|quarkdrivespe\n|turn|1\n|\n|t:|1700688531\n|move|p1a: Iron Bundle|Icy Wind|p2b: Amoonguss|[spread] p2a,p2b\n|-resisted|p2a: Volcarona\n|-supereffective|p2b: Amoonguss\n|-damage|p2a: Volcarona|92\/100\n|-damage|p2b: Amoonguss|64\/100\n|-unboost|p2a: Volcarona|spe|1\n|-unboost|p2b: Amoonguss|spe|1\n|move|p1b: Salamence|Tailwind|p1b: Salamence\n|-sidestart|p1: precisely that|move: Tailwind\n|move|p2a: Volcarona|Quiver Dance|p2a: Volcarona\n|-boost|p2a: Volcarona|spa|1\n|-boost|p2a: Volcarona|spd|1\n|-boost|p2a: Volcarona|spe|1\n|move|p2b: Amoonguss|Spore|p1b: Salamence\n|-status|p1b: Salamence|slp|[from] move: Spore\n|\n|-heal|p2a: Volcarona|98\/100|[from] item: Leftovers\n|upkeep\n|turn|2\n|\n|t:|1700688555\n|switch|p1b: Coalossal|Coalossal, L50, F|100\/100\n|switch|p2b: Hatterene|Hatterene, L50, F|100\/100\n|move|p1a: Iron Bundle|Flip Turn|p1b: Coalossal\n|-supereffective|p1b: Coalossal\n|-damage|p1b: Coalossal|46\/100\n|-ability|p1b: Coalossal|Steam Engine|boost\n|-boost|p1b: Coalossal|spe|6\n|-enditem|p1b: Coalossal|Weakness Policy\n|-boost|p1b: Coalossal|atk|2|[from] item: Weakness Policy\n|-boost|p1b: Coalossal|spa|2|[from] item: Weakness Policy\n|\n|t:|1700688587\n|-end|p1a: Iron Bundle|Quark Drive|[silent]\n|switch|p1a: Clefairy|Clefairy, L50, F|100\/100|[from] Flip Turn\n|move|p2a: Volcarona|Giga Drain|p1a: Clefairy\n|-damage|p1a: Clefairy|64\/100\n|-heal|p2a: Volcarona|100\/100|[from] drain|[of] p1a: Clefairy\n|\n|upkeep\n|turn|3\n|\n|t:|1700688604\n|-terastallize|p1b: Coalossal|Rock\n|move|p2a: Volcarona|Protect|p2a: Volcarona\n|-singleturn|p2a: Volcarona|Protect\n|move|p1b: Coalossal|Rock Slide|p2b: Hatterene|[spread] p2b\n|-activate|p2a: Volcarona|move: Protect\n|-damage|p2b: Hatterene|42\/100\n|move|p1a: Clefairy|Heal Pulse|p1b: Coalossal\n|-heal|p1b: Coalossal|97\/100\n|move|p2b: Hatterene|Trick Room|p2b: Hatterene\n|-fieldstart|move: Trick Room|[of] p2b: Hatterene\n|\n|upkeep\n|turn|4\n|\n|t:|1700688625\n|move|p1a: Clefairy|Follow Me|p1a: Clefairy\n|-singleturn|p1a: Clefairy|move: Follow Me\n|move|p2b: Hatterene|Psychic|p1a: Clefairy\n|-damage|p1a: Clefairy|19\/100\n|move|p2a: Volcarona|Giga Drain|p1a: Clefairy\n|-damage|p1a: Clefairy|0 fnt\n|faint|p1a: Clefairy\n|move|p1b: Coalossal|Rock Slide|p2a: Volcarona|[spread] p2a,p2b\n|-supereffective|p2a: Volcarona\n|-damage|p2a: Volcarona|0 fnt\n|-damage|p2b: Hatterene|0 fnt\n|faint|p2a: Volcarona\n|faint|p2b: Hatterene\n|\n|-sideend|p1: precisely that|move: Tailwind\n|upkeep\n|\n|t:|1700688638\n|switch|p2b: Amoonguss|Amoonguss, L50, M|97\/100\n|switch|p1a: Salamence|Salamence, L50, F|100\/100 slp\n|switch|p2a: Chien-Pao|Chien-Pao, L50|100\/100\n|-ability|p1a: Salamence|Intimidate|boost\n|-unboost|p2a: Chien-Pao|atk|1\n|-unboost|p2b: Amoonguss|atk|1\n|-ability|p2a: Chien-Pao|Sword of Ruin\n|turn|5\n|\n|t:|1700688673\n|move|p2b: Amoonguss|Spore|p1b: Coalossal\n|-status|p1b: Coalossal|slp|[from] move: Spore\n|cant|p1a: Salamence|slp\n|move|p2a: Chien-Pao|Sacred Sword|p1b: Coalossal\n|-supereffective|p1b: Coalossal\n|-damage|p1b: Coalossal|46\/100 slp\n|cant|p1b: Coalossal|slp\n|\n|upkeep\n|turn|6\n|\n|t:|1700688700\n|-terastallize|p2b: Amoonguss|Water\n|-curestatus|p1b: Coalossal|slp|[msg]\n|move|p1b: Coalossal|Endure|p1b: Coalossal\n|-singleturn|p1b: Coalossal|move: Endure\n|move|p2b: Amoonguss|Rage Powder|p2b: Amoonguss\n|-singleturn|p2b: Amoonguss|move: Rage Powder\n|cant|p1a: Salamence|slp\n|move|p2a: Chien-Pao|Sacred Sword|p1b: Coalossal\n|-supereffective|p1b: Coalossal\n|-activate|p1b: Coalossal|move: Endure\n|-damage|p1b: Coalossal|1\/100\n|\n|upkeep\n|turn|7\n|\n|t:|1700688730\n|-curestatus|p1a: Salamence|slp|[msg]\n|move|p1a: Salamence|Protect|p1a: Salamence\n|-singleturn|p1a: Salamence|Protect\n|move|p2b: Amoonguss|Spore|p1b: Coalossal\n|-status|p1b: Coalossal|slp|[from] move: Spore\n|move|p2a: Chien-Pao|Icicle Crash|p1a: Salamence\n|-activate|p1a: Salamence|move: Protect\n|cant|p1b: Coalossal|slp\n|\n|-fieldend|move: Trick Room\n|upkeep\n|turn|8\n|\n|t:|1700688763\n|cant|p1b: Coalossal|slp\n|move|p2a: Chien-Pao|Sucker Punch||[still]\n|-fail|p2a: Chien-Pao\n|move|p1a: Salamence|Air Slash|p2a: Chien-Pao\n|-damage|p2a: Chien-Pao|58\/100\n|move|p2b: Amoonguss|Spore|p1a: Salamence\n|-status|p1a: Salamence|slp|[from] move: Spore\n|\n|upkeep\n|turn|9\n|\n|t:|1700688804\n|move|p2a: Chien-Pao|Sucker Punch||[still]\n|-fail|p2a: Chien-Pao\n|cant|p1b: Coalossal|slp\n|cant|p1a: Salamence|slp\n|move|p2b: Amoonguss|Pollen Puff|p2a: Chien-Pao\n|-heal|p2a: Chien-Pao|100\/100\n|\n|upkeep\n|turn|10\n|\n|t:|1700688830\n|-curestatus|p1b: Coalossal|slp|[msg]\n|move|p1b: Coalossal|Endure|p1b: Coalossal\n|-singleturn|p1b: Coalossal|move: Endure\n|move|p2b: Amoonguss|Rage Powder|p2b: Amoonguss\n|-singleturn|p2b: Amoonguss|move: Rage Powder\n|move|p2a: Chien-Pao|Icicle Crash|p1a: Salamence\n|-supereffective|p1a: Salamence\n|-damage|p1a: Salamence|0 fnt\n|faint|p1a: Salamence\n|\n|upkeep\n|\n|t:|1700688839\n|switch|p1a: Iron Bundle|Iron Bundle, L50|100\/100\n|turn|11\n|\n|t:|1700688884\n|move|p2a: Chien-Pao|Sucker Punch||[still]\n|-fail|p2a: Chien-Pao\n|move|p1b: Coalossal|Tar Shot|p2b: Amoonguss\n|-unboost|p2b: Amoonguss|spe|1\n|move|p1a: Iron Bundle|Hydro Pump|p2a: Chien-Pao\n|-damage|p2a: Chien-Pao|5\/100\n|move|p2b: Amoonguss|Spore|p1a: Iron Bundle\n|-status|p1a: Iron Bundle|slp|[from] move: Spore\n|\n|upkeep\n|turn|12\n|\n|t:|1700688920\n|move|p1b: Coalossal|Endure|p1b: Coalossal\n|-singleturn|p1b: Coalossal|move: Endure\n|move|p2a: Chien-Pao|Sucker Punch||[still]\n|-fail|p2a: Chien-Pao\n|cant|p1a: Iron Bundle|slp\n|move|p2b: Amoonguss|Pollen Puff|p1b: Coalossal\n|-activate|p1b: Coalossal|move: Endure\n|-damage|p1b: Coalossal|1\/100\n|\n|upkeep\n|turn|13\n|\n|t:|1700688939\n|move|p2b: Amoonguss|Rage Powder|p2b: Amoonguss\n|-singleturn|p2b: Amoonguss|move: Rage Powder\n|move|p1b: Coalossal|Rock Slide|p2b: Amoonguss|[spread] p2b\n|-miss|p1b: Coalossal|p2a: Chien-Pao\n|-damage|p2b: Amoonguss|45\/100\n|cant|p1a: Iron Bundle|slp\n|move|p2a: Chien-Pao|Sacred Sword|p1a: Iron Bundle\n|-supereffective|p1a: Iron Bundle\n|-damage|p1a: Iron Bundle|32\/100 slp\n|\n|upkeep\n|turn|14\n|\n|t:|1700688967\n|move|p2a: Chien-Pao|Sucker Punch|p1a: Iron Bundle\n|-damage|p1a: Iron Bundle|0 fnt\n|faint|p1a: Iron Bundle\n|-end|p1a: Iron Bundle|Quark Drive|[silent]\n|move|p1b: Coalossal|Tar Shot|p2b: Amoonguss\n|-unboost|p2b: Amoonguss|spe|1\n|move|p2b: Amoonguss|Spore|p1b: Coalossal\n|-status|p1b: Coalossal|slp|[from] move: Spore\n|\n|upkeep\n|turn|15\n|\n|t:|1700688981\n|cant|p1b: Coalossal|slp\n|move|p2a: Chien-Pao|Icicle Crash|p1b: Coalossal|[miss]\n|-miss|p2a: Chien-Pao|p1b: Coalossal\n|move|p2b: Amoonguss|Pollen Puff|p1b: Coalossal\n|-damage|p1b: Coalossal|0 fnt\n|faint|p1b: Coalossal\n|\n|win|secretstudent\n|raw|precisely that's rating: 1113 &rarr; <strong>1092<\/strong><br \/>(-21 for losing)\n|raw|secretstudent's rating: 1165 &rarr; <strong>1186<\/strong><br \/>(+21 for winning)\n|l|\u2606precisely that\n","uploadtime":1700688999,"views":1,"p1id":"preciselythat","p2id":"secretstudent","formatid":"gen9vgc2023regulatione","rating":1092,"private":0,"password":""}