{"id":"gen9vgc2023regulatione-1994176702","p1":"PenguGuy","p2":"yukiriii","format":"[Gen 9] VGC 2023 Regulation E","log":"|j|\u2606PenguGuy\n|j|\u2606yukiriii\n|t:|1700415645\n|gametype|doubles\n|player|p1|PenguGuy|yellow|1310\n|player|p2|yukiriii|marley|1302\n|teamsize|p1|6\n|teamsize|p2|6\n|gen|9\n|tier|[Gen 9] VGC 2023 Regulation E\n|rated|\n|rule|Species Clause: Limit one of each Pok\u00e9mon\n|rule|Item Clause: Limit one of each item\n|clearpoke\n|poke|p1|Thundurus, L50, M|\n|poke|p1|Annihilape, L50, F|\n|poke|p1|Landorus-Therian, L50, M|\n|poke|p1|Iron Hands, L50|\n|poke|p1|Goodra-Hisui, L50, F|\n|poke|p1|Ogerpon-Wellspring, L50, F|\n|poke|p2|Chi-Yu, L50|\n|poke|p2|Ogerpon-Wellspring, L50, F|\n|poke|p2|Regieleki, L50|\n|poke|p2|Indeedee-F, L50, F|\n|poke|p2|Flutter Mane, L50|\n|poke|p2|Tornadus, L50, M|\n|teampreview|4\nyukiriii has agreed to open team sheets.\n|c|\u2606PenguGuy|glhf\nPenguGuy has agreed to open team sheets.\n|c|\u2606yukiriii|u2\n|\n|t:|1700415696\n|start\n|switch|p1a: Landorus|Landorus-Therian, L50, M|100\/100\n|switch|p1b: Iron Hands|Iron Hands, L50|100\/100\n|switch|p2a: Tornadus|Tornadus, L50, M|100\/100\n|switch|p2b: Ogerpon|Ogerpon-Wellspring, L50, F|100\/100\n|-ability|p1a: Landorus|Intimidate|boost\n|-unboost|p2a: Tornadus|atk|1\n|-unboost|p2b: Ogerpon|atk|1\n|turn|1\n|inactive|Battle timer is ON: inactive players will automatically lose when time's up. (requested by PenguGuy)\n|\n|t:|1700415729\n|move|p2a: Tornadus|Protect|p2a: Tornadus\n|-singleturn|p2a: Tornadus|Protect\n|move|p2b: Ogerpon|Spiky Shield|p2b: Ogerpon\n|-singleturn|p2b: Ogerpon|move: Protect\n|move|p1b: Iron Hands|Fake Out|p2a: Tornadus\n|-activate|p2a: Tornadus|move: Protect\n|move|p1a: Landorus|U-turn|p2b: Ogerpon\n|-activate|p2b: Ogerpon|move: Protect\n|-damage|p1a: Landorus|88\/100|[from] Spiky Shield|[of] p2b: Ogerpon\n|\n|upkeep\n|turn|2\n|inactive|yukiriii has 30 seconds left.\n|\n|t:|1700415755\n|switch|p1a: Ogerpon|Ogerpon-Wellspring, L50, F|100\/100\n|switch|p2b: Chi-Yu|Chi-Yu, L50|100\/100\n|-ability|p2b: Chi-Yu|Beads of Ruin\n|move|p2a: Tornadus|Bleakwind Storm|p1b: Iron Hands|[spread] p1a,p1b\n|-supereffective|p1a: Ogerpon\n|-damage|p1a: Ogerpon|14\/100\n|-damage|p1b: Iron Hands|77\/100\n|-unboost|p1b: Iron Hands|spe|1\n|move|p1b: Iron Hands|Wild Charge|p2a: Tornadus\n|-supereffective|p2a: Tornadus\n|-damage|p2a: Tornadus|0 fnt\n|faint|p2a: Tornadus\n|-damage|p1b: Iron Hands|58\/100|[from] Recoil\n|\n|upkeep\n|inactive|yukiriii has 30 seconds left.\n|\n|t:|1700415783\n|switch|p2a: Indeedee|Indeedee-F, L50, F|100\/100\n|-fieldstart|move: Psychic Terrain|[from] ability: Psychic Surge|[of] p2a: Indeedee\n|-enditem|p2a: Indeedee|Psychic Seed\n|-boost|p2a: Indeedee|spd|1|[from] item: Psychic Seed\n|turn|3\n|j| Volcano0\n|\n|t:|1700415804\n|-terastallize|p1b: Iron Hands|Fire\n|move|p2a: Indeedee|Follow Me|p2a: Indeedee\n|-singleturn|p2a: Indeedee|move: Follow Me\n|move|p2b: Chi-Yu|Heat Wave|p1b: Iron Hands|[spread] p1a,p1b\n|-resisted|p1b: Iron Hands\n|-damage|p1a: Ogerpon|0 fnt\n|-damage|p1b: Iron Hands|41\/100\n|faint|p1a: Ogerpon\n|-damage|p2b: Chi-Yu|91\/100|[from] item: Life Orb\n|move|p1b: Iron Hands|Drain Punch|p2a: Indeedee\n|-damage|p2a: Indeedee|59\/100\n|-heal|p1b: Iron Hands|57\/100|[from] drain|[of] p2a: Indeedee\n|\n|upkeep\n|l| Volcano0\n|\n|t:|1700415818\n|switch|p1a: Landorus|Landorus-Therian, L50, M|88\/100\n|-ability|p1a: Landorus|Intimidate|boost\n|-unboost|p2a: Indeedee|atk|1\n|-unboost|p2b: Chi-Yu|atk|1\n|turn|4\n|\n|t:|1700415841\n|-terastallize|p2b: Chi-Yu|Fire\n|move|p2a: Indeedee|Follow Me|p2a: Indeedee\n|-singleturn|p2a: Indeedee|move: Follow Me\n|move|p1a: Landorus|Rock Slide|p2b: Chi-Yu|[spread] p2a,p2b\n|-supereffective|p2b: Chi-Yu\n|-damage|p2a: Indeedee|39\/100\n|-damage|p2b: Chi-Yu|26\/100\n|move|p2b: Chi-Yu|Heat Wave|p1a: Landorus|[spread] p1a,p1b\n|-resisted|p1b: Iron Hands\n|-damage|p1a: Landorus|0 fnt\n|-damage|p1b: Iron Hands|37\/100\n|faint|p1a: Landorus\n|-damage|p2b: Chi-Yu|17\/100|[from] item: Life Orb\n|move|p1b: Iron Hands|Drain Punch|p2a: Indeedee\n|-damage|p2a: Indeedee|0 fnt\n|-heal|p1b: Iron Hands|51\/100|[from] drain|[of] p2a: Indeedee\n|faint|p2a: Indeedee\n|\n|upkeep\n|\n|t:|1700415854\n|switch|p1a: Goodra|Goodra-Hisui, L50, F|100\/100\n|switch|p2a: Ogerpon|Ogerpon-Wellspring, L50, F|100\/100\n|turn|5\n|\n|t:|1700415870\n|move|p2b: Chi-Yu|Protect|p2b: Chi-Yu\n|-singleturn|p2b: Chi-Yu|Protect\n|move|p2a: Ogerpon|Ivy Cudgel|p1b: Iron Hands|[anim] Ivy Cudgel Water\n|-supereffective|p1b: Iron Hands\n|-damage|p1b: Iron Hands|0 fnt\n|faint|p1b: Iron Hands\n|-end|p1b: Iron Hands|Quark Drive|[silent]\n|move|p1a: Goodra|Body Press|p2b: Chi-Yu\n|-activate|p2b: Chi-Yu|move: Protect\n|\n|upkeep\n|turn|6\n|\n|t:|1700415880\n|move|p2b: Chi-Yu|Overheat|p1a: Goodra\n|-damage|p1a: Goodra|17\/100\n|-unboost|p2b: Chi-Yu|spa|2\n|-damage|p2b: Chi-Yu|8\/100|[from] item: Life Orb\n|move|p2a: Ogerpon|Swords Dance|p2a: Ogerpon\n|-boost|p2a: Ogerpon|atk|2\n|move|p1a: Goodra|Shelter|p1a: Goodra\n|-boost|p1a: Goodra|def|2\n|\n|-heal|p1a: Goodra|23\/100|[from] item: Leftovers\n|upkeep\n|turn|7\n|-message|PenguGuy forfeited.\n|\n|win|yukiriii\n|raw|PenguGuy's rating: 1310 &rarr; <strong>1290<\/strong><br \/>(-20 for losing)\n|raw|yukiriii's rating: 1302 &rarr; <strong>1322<\/strong><br \/>(+20 for winning)\n|l|\u2606PenguGuy\n|c|\u2606yukiriii|ggwp\n","uploadtime":1700415894,"views":7,"p1id":"penguguy","p2id":"yukiriii","formatid":"gen9vgc2023regulatione","rating":1290,"private":0,"password":""}