{"id":"gen9vgc2023regulatione-1997927476","p1":"perk1","p2":"CrypticLeonVGC","format":"[Gen 9] VGC 2023 Regulation E","log":"|j|\u2606perk1\n|j|\u2606CrypticLeonVGC\n|t:|1700868418\n|gametype|doubles\n|player|p1|perk1|101|1315\n|player|p2|CrypticLeonVGC|riley|1275\n|teamsize|p1|6\n|teamsize|p2|6\n|gen|9\n|tier|[Gen 9] VGC 2023 Regulation E\n|rated|\n|rule|Species Clause: Limit one of each Pok\u00e9mon\n|rule|Item Clause: Limit one of each item\n|clearpoke\n|poke|p1|Gallade, L50, M|\n|poke|p1|Tornadus, L50, M|\n|poke|p1|Flutter Mane, L50|\n|poke|p1|Arcanine-Hisui, L50, F|\n|poke|p1|Amoonguss, L50, F|\n|poke|p1|Zapdos-Galar, L50|\n|poke|p2|Tornadus, L50, M|\n|poke|p2|Landorus-Therian, L50, M|\n|poke|p2|Rillaboom, L50, M|\n|poke|p2|Urshifu-*, L50, F|\n|poke|p2|Flutter Mane, L50|\n|poke|p2|Gholdengo, L50|\n|teampreview|4\n|inactive|Battle timer is ON: inactive players will automatically lose when time's up. (requested by perk1)\n|\n|t:|1700868443\n|start\n|switch|p1a: Tornadus|Tornadus, L50, M|100\/100\n|switch|p1b: Flutter Mane|Flutter Mane, L50|100\/100\n|switch|p2a: Tornadus|Tornadus, L50, M|100\/100\n|switch|p2b: Landorus|Landorus-Therian, L50, M|100\/100\n|-ability|p2b: Landorus|Intimidate|boost\n|-unboost|p1a: Tornadus|atk|1\n|-unboost|p1b: Flutter Mane|atk|1\n|-enditem|p1b: Flutter Mane|Booster Energy\n|-activate|p1b: Flutter Mane|ability: Protosynthesis|[fromitem]\n|-start|p1b: Flutter Mane|protosynthesisspa\n|turn|1\n|inactive|CrypticLeonVGC has 30 seconds left.\n|inactive|CrypticLeonVGC has 20 seconds left.\n|\n|t:|1700868479\n|move|p1a: Tornadus|Taunt|p2a: Tornadus\n|-start|p2a: Tornadus|move: Taunt\n|cant|p2a: Tornadus|move: Taunt|Tailwind\n|move|p1b: Flutter Mane|Shadow Ball|p2b: Landorus\n|-damage|p2b: Landorus|36\/100\n|-unboost|p2b: Landorus|spd|1\n|move|p2b: Landorus|Rock Slide|p1b: Flutter Mane|[spread] p1a,p1b\n|-supereffective|p1a: Tornadus\n|-damage|p1a: Tornadus|11\/100\n|-damage|p1b: Flutter Mane|33\/100\n|\n|upkeep\n|turn|2\n|inactive|CrypticLeonVGC has 30 seconds left.\n|inactive|CrypticLeonVGC has 20 seconds left.\n|\n|t:|1700868515\n|move|p1a: Tornadus|Tailwind|p1a: Tornadus\n|-sidestart|p1: perk1|move: Tailwind\n|move|p1b: Flutter Mane|Dazzling Gleam|p2a: Tornadus|[spread] p2a,p2b\n|-damage|p2a: Tornadus|49\/100\n|-damage|p2b: Landorus|0 fnt\n|faint|p2b: Landorus\n|move|p2a: Tornadus|Bleakwind Storm|p1a: Tornadus|[spread] p1a,p1b\n|-damage|p1a: Tornadus|0 fnt\n|-damage|p1b: Flutter Mane|0 fnt\n|faint|p1a: Tornadus\n|faint|p1b: Flutter Mane\n|-end|p1b: Flutter Mane|Protosynthesis|[silent]\n|\n|upkeep\n|\n|t:|1700868527\n|switch|p1b: Arcanine|Arcanine-Hisui, L50, F|100\/100\n|switch|p1a: Zapdos|Zapdos-Galar, L50|100\/100\n|switch|p2b: Rillaboom|Rillaboom, L50, M, shiny|100\/100\n|-ability|p1b: Arcanine|Intimidate|boost\n|-unboost|p2a: Tornadus|atk|1\n|-unboost|p2b: Rillaboom|atk|1\n|-fieldstart|move: Grassy Terrain|[from] ability: Grassy Surge|[of] p2b: Rillaboom\n|turn|3\n|inactive|perk1 has 30 seconds left.\n|\n|t:|1700868556\n|move|p2b: Rillaboom|Fake Out|p1a: Zapdos\n|-damage|p1a: Zapdos|90\/100\n|cant|p1a: Zapdos|flinch\n|move|p1b: Arcanine|Rock Slide|p2a: Tornadus|[spread] p2a,p2b\n|-supereffective|p2a: Tornadus\n|-damage|p2a: Tornadus|9\/100\n|-damage|p2b: Rillaboom|78\/100\n|move|p2a: Tornadus|Bleakwind Storm|p1b: Arcanine|[spread] p1a,p1b\n|-supereffective|p1a: Zapdos\n|-resisted|p1b: Arcanine\n|-damage|p1a: Zapdos|22\/100\n|-damage|p1b: Arcanine|89\/100\n|\n|-heal|p1b: Arcanine|95\/100|[from] Grassy Terrain\n|-heal|p2b: Rillaboom|84\/100|[from] Grassy Terrain\n|-end|p2a: Tornadus|move: Taunt\n|upkeep\n|turn|4\n|\n|t:|1700868578\n|move|p1b: Arcanine|Extreme Speed|p2a: Tornadus\n|-damage|p2a: Tornadus|0 fnt\n|-damage|p1b: Arcanine|79\/100|[from] item: Rocky Helmet|[of] p2a: Tornadus\n|faint|p2a: Tornadus\n|move|p2b: Rillaboom|Grassy Glide|p1a: Zapdos\n|-resisted|p1a: Zapdos\n|-damage|p1a: Zapdos|8\/100\n|move|p1a: Zapdos|Brave Bird|p2b: Rillaboom\n|-supereffective|p2b: Rillaboom\n|-damage|p2b: Rillaboom|0 fnt\n|faint|p2b: Rillaboom\n|-damage|p1a: Zapdos|0 fnt|[from] Recoil\n|faint|p1a: Zapdos\n|\n|-heal|p1b: Arcanine|85\/100|[from] Grassy Terrain\n|upkeep\n|\n|t:|1700868591\n|switch|p2a: Urshifu|Urshifu-Rapid-Strike, L50, F|100\/100\n|turn|5\n|\n|t:|1700868608\n|-terastallize|p1b: Arcanine|Grass\n|-terastallize|p2a: Urshifu|Water\n|move|p1b: Arcanine|Extreme Speed|p2a: Urshifu\n|-damage|p2a: Urshifu|80\/100\n|move|p2a: Urshifu|Surging Strikes|p1b: Arcanine\n|-resisted|p1b: Arcanine\n|-crit|p1b: Arcanine\n|-damage|p1b: Arcanine|71\/100\n|-resisted|p1b: Arcanine\n|-crit|p1b: Arcanine\n|-damage|p1b: Arcanine|57\/100\n|-resisted|p1b: Arcanine\n|-crit|p1b: Arcanine\n|-damage|p1b: Arcanine|43\/100\n|-hitcount|p1b: Arcanine|3\n|\n|-heal|p1b: Arcanine|49\/100|[from] Grassy Terrain\n|-heal|p2a: Urshifu|86\/100|[from] Grassy Terrain\n|-sideend|p1: perk1|move: Tailwind\n|upkeep\n|turn|6\n|inactive|perk1 has 30 seconds left.\n|\n|t:|1700868634\n|move|p1b: Arcanine|Extreme Speed|p2a: Urshifu\n|-damage|p2a: Urshifu|63\/100\n|move|p2a: Urshifu|Surging Strikes|p1b: Arcanine\n|-resisted|p1b: Arcanine\n|-crit|p1b: Arcanine\n|-damage|p1b: Arcanine|34\/100\n|-resisted|p1b: Arcanine\n|-crit|p1b: Arcanine\n|-damage|p1b: Arcanine|21\/100\n|-resisted|p1b: Arcanine\n|-crit|p1b: Arcanine\n|-damage|p1b: Arcanine|7\/100\n|-hitcount|p1b: Arcanine|3\n|\n|-heal|p2a: Urshifu|69\/100|[from] Grassy Terrain\n|-heal|p1b: Arcanine|13\/100|[from] Grassy Terrain\n|upkeep\n|turn|7\n|\n|t:|1700868651\n|move|p1b: Arcanine|Extreme Speed|p2a: Urshifu\n|-damage|p2a: Urshifu|48\/100\n|move|p2a: Urshifu|Surging Strikes|p1b: Arcanine\n|-resisted|p1b: Arcanine\n|-crit|p1b: Arcanine\n|-damage|p1b: Arcanine|0 fnt\n|faint|p1b: Arcanine\n|-hitcount|p1: Arcanine|1\n|\n|win|CrypticLeonVGC\n|raw|perk1's rating: 1315 &rarr; <strong>1293<\/strong><br \/>(-22 for losing)\n|raw|CrypticLeonVGC's rating: 1275 &rarr; <strong>1303<\/strong><br \/>(+28 for winning)\n|l|\u2606CrypticLeonVGC\n|l|\u2606perk1\n|j|\u2606perk1\n|player|p1|perk1|101\n|l|\u2606perk1\n|player|p1|\n|j|\u2606CrypticLeonVGC\n|player|p2|CrypticLeonVGC|riley\n","uploadtime":1700869970,"views":3,"p1id":"perk1","p2id":"crypticleonvgc","formatid":"gen9vgc2023regulatione","rating":1293,"private":0,"password":""}