{"id":"gen9vgc2023regulatione-1992594320","p1":"KALEIDOSCORE","p2":"That_Leek","format":"[Gen 9] VGC 2023 Regulation E","log":"|j|\u2606KALEIDOSCORE\n|j|\u2606That_Leek\n|t:|1700211698\n|gametype|doubles\n|player|p1|KALEIDOSCORE|acetrainerf-gen6|1640\n|player|p2|That_Leek|blue|1612\n|teamsize|p1|6\n|teamsize|p2|6\n|gen|9\n|tier|[Gen 9] VGC 2023 Regulation E\n|rated|\n|rule|Species Clause: Limit one of each Pok\u00e9mon\n|rule|Item Clause: Limit one of each item\n|clearpoke\n|poke|p1|Roaring Moon, L50|\n|poke|p1|Milotic, L50, M|\n|poke|p1|Landorus-Therian, L50, M|\n|poke|p1|Iron Hands, L50|\n|poke|p1|Gholdengo, L50|\n|poke|p1|Rillaboom, L50, F|\n|poke|p2|Gholdengo, L50|\n|poke|p2|Ogerpon-Wellspring, L50, F|\n|poke|p2|Arcanine-Hisui, L50, M|\n|poke|p2|Chien-Pao, L50|\n|poke|p2|Scream Tail, L50|\n|poke|p2|Dragonite, L50, M|\n|teampreview|4\nThat_Leek has agreed to open team sheets.\n|\n|t:|1700211740\n|start\n|switch|p1a: Milotic|Milotic, L50, M|100\/100\n|switch|p1b: Landorus|Landorus-Therian, L50, M|100\/100\n|switch|p2a: Scream Tail|Scream Tail, L50|100\/100\n|switch|p2b: Ogerpon|Ogerpon-Wellspring, L50, F|100\/100\n|-ability|p1b: Landorus|Intimidate|boost\n|-unboost|p2a: Scream Tail|atk|1\n|-unboost|p2b: Ogerpon|atk|1\n|-enditem|p2a: Scream Tail|Booster Energy\n|-activate|p2a: Scream Tail|ability: Protosynthesis|[fromitem]\n|-start|p2a: Scream Tail|protosynthesisspe\n|turn|1\n|inactive|Battle timer is ON: inactive players will automatically lose when time's up. (requested by That_Leek)\n|\n|t:|1700211778\n|move|p2a: Scream Tail|Howl|p2a: Scream Tail|[spread] p2a,p2b\n|-boost|p2a: Scream Tail|atk|1\n|-boost|p2b: Ogerpon|atk|1\n|move|p2b: Ogerpon|Horn Leech|p1a: Milotic\n|-supereffective|p1a: Milotic\n|-damage|p1a: Milotic|27\/100\n|move|p1b: Landorus|Gravity|p1b: Landorus\n|-fieldstart|move: Gravity\n|move|p1a: Milotic|Hypnosis|p2b: Ogerpon\n|-status|p2b: Ogerpon|slp|[from] move: Hypnosis\n|\n|upkeep\n|turn|2\n|c|\u2606That_Leek|the what...\n|inactive|KALEIDOSCORE has 30 seconds left.\n|\n|t:|1700211804\n|switch|p1a: Iron Hands|Iron Hands, L50|100\/100\n|move|p2a: Scream Tail|Disable||[still]\n|-fail|p2a: Scream Tail\n|cant|p2b: Ogerpon|slp\n|move|p1b: Landorus|Taunt|p2a: Scream Tail\n|-start|p2a: Scream Tail|move: Taunt\n|\n|upkeep\n|turn|3\n|inactive|KALEIDOSCORE has 30 seconds left.\n|inactive|KALEIDOSCORE has 20 seconds left.\n|inactive|KALEIDOSCORE has 15 seconds left.\n|\n|t:|1700211846\n|switch|p1b: Roaring Moon|Roaring Moon, L50|100\/100\n|-enditem|p1b: Roaring Moon|Booster Energy\n|-activate|p1b: Roaring Moon|ability: Protosynthesis|[fromitem]\n|-start|p1b: Roaring Moon|protosynthesisspe\n|move|p2a: Scream Tail|Play Rough|p1a: Iron Hands\n|-supereffective|p1a: Iron Hands\n|-damage|p1a: Iron Hands|70\/100\n|cant|p2b: Ogerpon|slp\n|move|p1a: Iron Hands|Drain Punch|p2b: Ogerpon\n|-damage|p2b: Ogerpon|60\/100 slp\n|-heal|p1a: Iron Hands|86\/100|[from] drain|[of] p2b: Ogerpon\n|\n|upkeep\n|turn|4\n|\n|t:|1700211863\n|-terastallize|p1b: Roaring Moon|Flying\n|move|p1b: Roaring Moon|Acrobatics|p2b: Ogerpon\n|-supereffective|p2b: Ogerpon\n|-damage|p2b: Ogerpon|0 fnt\n|faint|p2b: Ogerpon\n|move|p2a: Scream Tail|Play Rough|p1b: Roaring Moon\n|-damage|p1b: Roaring Moon|74\/100\n|move|p1a: Iron Hands|Heavy Slam|p2a: Scream Tail\n|-supereffective|p2a: Scream Tail\n|-damage|p2a: Scream Tail|41\/100\n|\n|upkeep\n|inactive|That_Leek has 30 seconds left.\n|\n|t:|1700211889\n|switch|p2b: Arcanine|Arcanine-Hisui, L50, M|100\/100\n|-ability|p2b: Arcanine|Intimidate|boost\n|-unboost|p1a: Iron Hands|atk|1\n|-unboost|p1b: Roaring Moon|atk|1\n|turn|5\n|\n|t:|1700211903\n|-end|p1b: Roaring Moon|Protosynthesis|[silent]\n|switch|p1b: Landorus|Landorus-Therian, L50, M|100\/100\n|-ability|p1b: Landorus|Intimidate|boost\n|-unboost|p2a: Scream Tail|atk|1\n|-unboost|p2b: Arcanine|atk|1\n|-terastallize|p2b: Arcanine|Fairy\n|move|p2a: Scream Tail|Play Rough|p1b: Landorus\n|-damage|p1b: Landorus|86\/100\n|move|p2b: Arcanine|Tera Blast|p1a: Iron Hands|[anim] Tera Blast Fairy\n|-supereffective|p1a: Iron Hands\n|-damage|p1a: Iron Hands|25\/100\n|move|p1a: Iron Hands|Heavy Slam|p2a: Scream Tail\n|-supereffective|p2a: Scream Tail\n|-damage|p2a: Scream Tail|0 fnt\n|faint|p2a: Scream Tail\n|-end|p2a: Scream Tail|Protosynthesis|[silent]\n|\n|-fieldend|move: Gravity\n|upkeep\n|\n|t:|1700211905\n|switch|p2a: Chien-Pao|Chien-Pao, L50|100\/100\n|-ability|p2a: Chien-Pao|Sword of Ruin\n|turn|6\n|inactive|KALEIDOSCORE has 30 seconds left.\n|\n|t:|1700211940\n|-end|p1a: Iron Hands|Quark Drive|[silent]\n|switch|p1a: Milotic|Milotic, L50, M|27\/100\n|move|p2a: Chien-Pao|Ice Spinner|p1b: Landorus\n|-supereffective|p1b: Landorus\n|-damage|p1b: Landorus|0 fnt\n|faint|p1b: Landorus\n|move|p2b: Arcanine|Tera Blast|p1a: Milotic|[anim] Tera Blast Fairy\n|-damage|p1a: Milotic|0 fnt\n|faint|p1a: Milotic\n|\n|upkeep\n|\n|t:|1700211948\n|switch|p1b: Iron Hands|Iron Hands, L50|25\/100\n|switch|p1a: Roaring Moon|Roaring Moon, L50, tera:Flying|74\/100\n|turn|7\n|\n|t:|1700211966\n|move|p2a: Chien-Pao|Protect|p2a: Chien-Pao\n|-singleturn|p2a: Chien-Pao|Protect\n|move|p1b: Iron Hands|Fake Out|p2b: Arcanine\n|-damage|p2b: Arcanine|74\/100\n|move|p1a: Roaring Moon|Acrobatics|p2b: Arcanine\n|-damage|p2b: Arcanine|0 fnt\n|faint|p2b: Arcanine\n|\n|upkeep\n|turn|8\n|\n|t:|1700211989\n|move|p2a: Chien-Pao|Sacred Sword|p1b: Iron Hands\n|-damage|p1b: Iron Hands|0 fnt\n|faint|p1b: Iron Hands\n|-end|p1b: Iron Hands|Quark Drive|[silent]\n|move|p1a: Roaring Moon|Acrobatics|p2a: Chien-Pao\n|-damage|p2a: Chien-Pao|26\/100\n|\n|upkeep\n|turn|9\n|\n|t:|1700212002\n|move|p2a: Chien-Pao|Ice Spinner|p1a: Roaring Moon\n|-supereffective|p1a: Roaring Moon\n|-damage|p1a: Roaring Moon|0 fnt\n|faint|p1a: Roaring Moon\n|-end|p1a: Roaring Moon|Protosynthesis|[silent]\n|\n|win|That_Leek\n|raw|KALEIDOSCORE's rating: 1640 &rarr; <strong>1618<\/strong><br \/>(-22 for losing)\n|raw|That_Leek's rating: 1600 &rarr; <strong>1622<\/strong><br \/>(+22 for winning)\n","uploadtime":1700212008,"views":15,"p1id":"kaleidoscore","p2id":"thatleek","formatid":"gen9vgc2023regulatione","rating":1618,"private":0,"password":""}