{"id":"gen9vgc2023regulatione-1995173732","p1":"Jakepaulyt","p2":"Maquinamark","format":"[Gen 9] VGC 2023 Regulation E","log":"|j|\u2606Jakepaulyt\n|j|\u2606Maquinamark\n|t:|1700530842\n|gametype|doubles\n|player|p1|Jakepaulyt|teamrocket|1073\n|player|p2|Maquinamark|roark|1079\n|teamsize|p1|4\n|teamsize|p2|6\n|gen|9\n|tier|[Gen 9] VGC 2023 Regulation E\n|rated|\n|rule|Species Clause: Limit one of each Pok\u00e9mon\n|rule|Item Clause: Limit one of each item\n|clearpoke\n|poke|p1|Sableye, L50, F|\n|poke|p1|Sylveon, L50, F|\n|poke|p1|Lilligant, L50, F|\n|poke|p1|Ninetales, L50, F|\n|poke|p2|Urshifu-*, L50, F|\n|poke|p2|Heatran, L50, M|\n|poke|p2|Flutter Mane, L50|\n|poke|p2|Iron Bundle, L50|\n|poke|p2|Iron Hands, L50|\n|poke|p2|Rillaboom, L50, M|\n|teampreview|4\n|inactive|Battle timer is ON: inactive players will automatically lose when time's up. (requested by Jakepaulyt)\nJakepaulyt rejected open team sheets.\n|\n|t:|1700530874\n|start\n|switch|p1a: Sableye|Sableye, L50, F|100\/100\n|switch|p1b: Sylveon|Sylveon, L50, F|100\/100\n|switch|p2a: Urshifu|Urshifu, L50, F|100\/100\n|switch|p2b: Rillaboom|Rillaboom, L50, M|100\/100\n|-fieldstart|move: Grassy Terrain|[from] ability: Grassy Surge|[of] p2b: Rillaboom\n|turn|1\n|\n|t:|1700530893\n|-terastallize|p2a: Urshifu|Dark\n|move|p2b: Rillaboom|Fake Out|p1b: Sylveon\n|-damage|p1b: Sylveon|85\/100\n|move|p1a: Sableye|Fake Out|p2a: Urshifu\n|-damage|p2a: Urshifu|95\/100\n|cant|p2a: Urshifu|flinch\n|cant|p1b: Sylveon|flinch\n|\n|-heal|p2a: Urshifu|100\/100|[from] Grassy Terrain\n|-heal|p1b: Sylveon|91\/100|[from] Grassy Terrain\n|upkeep\n|turn|2\n|inactive|Maquinamark has 30 seconds left.\n|\n|t:|1700530921\n|-terastallize|p1b: Sylveon|Fairy\n|move|p1a: Sableye|Encore|p2b: Rillaboom\n|-start|p2b: Rillaboom|Encore\n|move|p2a: Urshifu|Wicked Blow|p1a: Sableye\n|-crit|p1a: Sableye\n|-damage|p1a: Sableye|0 fnt\n|faint|p1a: Sableye\n|move|p2b: Rillaboom|Fake Out||[still]\n|-hint|Fake Out only works on your first turn out.\n|-fail|p2b: Rillaboom\n|move|p1b: Sylveon|Hyper Voice|p2b: Rillaboom|[spread] p2a,p2b\n|-supereffective|p2a: Urshifu\n|-enditem|p2a: Urshifu|Focus Sash\n|-damage|p2a: Urshifu|1\/100\n|-damage|p2b: Rillaboom|10\/100\n|\n|-heal|p2a: Urshifu|7\/100|[from] Grassy Terrain\n|-heal|p2b: Rillaboom|16\/100|[from] Grassy Terrain\n|-heal|p1b: Sylveon|97\/100|[from] Grassy Terrain\n|upkeep\n|inactive|Jakepaulyt has 30 seconds left.\n|\n|t:|1700530947\n|switch|p1a: Lilligant|Lilligant, L50, F|100\/100\n|turn|3\n|\n|t:|1700530966\n|switch|p2b: Heatran|Heatran, L50, M|100\/100\n|move|p1b: Sylveon|Quick Attack|p2a: Urshifu\n|-supereffective|p2a: Urshifu\n|-damage|p2a: Urshifu|0 fnt\n|faint|p2a: Urshifu\n|move|p1a: Lilligant|Solar Beam||[still]\n|-prepare|p1a: Lilligant|Solar Beam\n|\n|-heal|p1b: Sylveon|100\/100|[from] Grassy Terrain\n|upkeep\n|\n|t:|1700530982\n|switch|p2a: Rillaboom|Rillaboom, L50, M|16\/100\n|turn|4\n|\n|t:|1700531004\n|switch|p1b: Ninetales|Ninetales, L50, F|100\/100\n|-weather|SunnyDay|[from] ability: Drought|[of] p1b: Ninetales\n|move|p2a: Rillaboom|Grassy Glide|p1b: Ninetales\n|-resisted|p1b: Ninetales\n|-damage|p1b: Ninetales|70\/100\n|move|p1a: Lilligant|Solar Beam|p2a: Rillaboom|[from]lockedmove\n|-resisted|p2a: Rillaboom\n|-damage|p2a: Rillaboom|0 fnt\n|faint|p2a: Rillaboom\n|-damage|p1a: Lilligant|91\/100|[from] item: Life Orb\n|move|p2b: Heatran|Heat Crash|p1a: Lilligant\n|-supereffective|p1a: Lilligant\n|-damage|p1a: Lilligant|0 fnt\n|faint|p1a: Lilligant\n|-damage|p2b: Heatran|91\/100|[from] item: Life Orb\n|\n|-weather|SunnyDay|[upkeep]\n|-heal|p1b: Ninetales|76\/100|[from] Grassy Terrain\n|-heal|p2b: Heatran|97\/100|[from] Grassy Terrain\n|upkeep\n|inactive|Maquinamark has 30 seconds left.\n|\n|t:|1700531034\n|switch|p2a: Iron Bundle|Iron Bundle, L50|100\/100\n|switch|p1a: Sylveon|Sylveon, L50, F, tera:Fairy|100\/100\n|-enditem|p2a: Iron Bundle|Booster Energy\n|-activate|p2a: Iron Bundle|ability: Quark Drive|[fromitem]\n|-start|p2a: Iron Bundle|quarkdrivespe\n|turn|5\n|\n|t:|1700531051\n|move|p2a: Iron Bundle|Protect|p2a: Iron Bundle\n|-singleturn|p2a: Iron Bundle|Protect\n|move|p1b: Ninetales|Protect|p1b: Ninetales\n|-singleturn|p1b: Ninetales|Protect\n|move|p2b: Heatran|Flash Cannon|p1a: Sylveon\n|-supereffective|p1a: Sylveon\n|-damage|p1a: Sylveon|23\/100\n|-damage|p2b: Heatran|87\/100|[from] item: Life Orb\n|move|p1a: Sylveon|Hyper Voice|p2b: Heatran|[spread] p2b\n|-activate|p2a: Iron Bundle|move: Protect\n|-resisted|p2b: Heatran\n|-damage|p2b: Heatran|70\/100\n|\n|-weather|SunnyDay|[upkeep]\n|-heal|p1b: Ninetales|82\/100|[from] Grassy Terrain\n|-heal|p2b: Heatran|76\/100|[from] Grassy Terrain\n|-heal|p1a: Sylveon|29\/100|[from] Grassy Terrain\n|-fieldend|move: Grassy Terrain\n|upkeep\n|turn|6\n|-message|Jakepaulyt forfeited.\n|\n|win|Maquinamark\n|raw|Jakepaulyt's rating: 1073 &rarr; <strong>1052<\/strong><br \/>(-21 for losing)\n|raw|Maquinamark's rating: 1079 &rarr; <strong>1107<\/strong><br \/>(+28 for winning)\n|l|\u2606Jakepaulyt\n","uploadtime":1700531074,"views":2,"p1id":"jakepaulyt","p2id":"maquinamark","formatid":"gen9vgc2023regulatione","rating":1052,"private":0,"password":""}