{"id":"gen9vgc2023regulatione-1993901735","p1":"n10siT","p2":"GaurdianA","format":"[Gen 9] VGC 2023 Regulation E","log":"|j|\u2606n10siT\n|j|\u2606GaurdianA\n|t:|1700372534\n|gametype|doubles\n|player|p1|n10siT|#n10sit|1161\n|player|p2|GaurdianA|bellelba|1152\n|teamsize|p1|6\n|teamsize|p2|6\n|gen|9\n|tier|[Gen 9] VGC 2023 Regulation E\n|rated|\n|rule|Species Clause: Limit one of each Pok\u00e9mon\n|rule|Item Clause: Limit one of each item\n|clearpoke\n|poke|p1|Cresselia, L50, F|\n|poke|p1|Ursaluna, L50, M|\n|poke|p1|Iron Hands, L50|\n|poke|p1|Amoonguss, L50, F|\n|poke|p1|Enamorus-Therian, L50, F|\n|poke|p1|Chi-Yu, L50|\n|poke|p2|Crawdaunt, L50, F|\n|poke|p2|Sneasler, L50, M|\n|poke|p2|Tornadus, L50, M|\n|poke|p2|Iron Hands, L50|\n|poke|p2|Sinistcha, L50|\n|poke|p2|Glimmora, L50, M|\n|teampreview|4\nn10siT has agreed to open team sheets.\n|\n|t:|1700372556\n|start\n|switch|p1a: Iron Hands|Iron Hands, L50|100\/100\n|switch|p1b: Cresselia|Cresselia, L50, F, shiny|100\/100\n|switch|p2a: Sneasler|Sneasler, L50, M|100\/100\n|switch|p2b: Tornadus|Tornadus, L50, M|100\/100\n|turn|1\n|inactive|Battle timer is ON: inactive players will automatically lose when time's up. (requested by n10siT)\n|\n|t:|1700372596\n|-terastallize|p1b: Cresselia|Dark\n|move|p2a: Sneasler|Fake Out|p1b: Cresselia\n|-crit|p1b: Cresselia\n|-damage|p1b: Cresselia|87\/100\n|move|p2b: Tornadus|Swagger|p1b: Cresselia\n|-hint|Since gen 7, Dark is immune to Prankster moves.\n|-immune|p1b: Cresselia\n|move|p1a: Iron Hands|Wild Charge|p2b: Tornadus\n|-supereffective|p2b: Tornadus\n|-damage|p2b: Tornadus|0 fnt\n|faint|p2b: Tornadus\n|-damage|p1a: Iron Hands|80\/100|[from] Recoil\n|cant|p1b: Cresselia|flinch\n|\n|upkeep\n|\n|t:|1700372608\n|switch|p2b: Sinistcha|Sinistcha, L50|100\/100\n|turn|2\n|\n|t:|1700372629\n|move|p2a: Sneasler|Close Combat|p1b: Cresselia\n|-supereffective|p1b: Cresselia\n|-damage|p1b: Cresselia|18\/100\n|-unboost|p2a: Sneasler|def|1\n|-unboost|p2a: Sneasler|spd|1\n|move|p2b: Sinistcha|Matcha Gotcha|p1a: Iron Hands|[spread] p1a,p1b\n|-damage|p1a: Iron Hands|65\/100\n|-damage|p1b: Cresselia|0 fnt\n|faint|p1b: Cresselia\n|move|p1a: Iron Hands|Heavy Slam|p2a: Sneasler\n|-damage|p2a: Sneasler|0 fnt\n|faint|p2a: Sneasler\n|\n|upkeep\n|\n|t:|1700372642\n|switch|p2a: Iron Hands|Iron Hands, L50|100\/100\n|switch|p1b: Enamorus|Enamorus-Therian, L50, F|100\/100\n|turn|3\n|\n|t:|1700372667\n|move|p2b: Sinistcha|Rage Powder|p2b: Sinistcha\n|-singleturn|p2b: Sinistcha|move: Rage Powder\n|move|p2a: Iron Hands|Wild Charge|p1b: Enamorus\n|-supereffective|p1b: Enamorus\n|-damage|p1b: Enamorus|0 fnt\n|faint|p1b: Enamorus\n|-damage|p2a: Iron Hands|83\/100|[from] Recoil\n|move|p1a: Iron Hands|Drain Punch|p2b: Sinistcha\n|-immune|p2b: Sinistcha\n|\n|upkeep\n|\n|t:|1700372673\n|switch|p1b: Ursaluna|Ursaluna, L50, M|100\/100\n|turn|4\n|\n|t:|1700372696\n|-terastallize|p2a: Iron Hands|Water\n|move|p1b: Ursaluna|Protect|p1b: Ursaluna\n|-singleturn|p1b: Ursaluna|Protect\n|move|p2a: Iron Hands|Drain Punch|p1b: Ursaluna\n|-activate|p1b: Ursaluna|move: Protect\n|move|p2b: Sinistcha|Matcha Gotcha|p1b: Ursaluna|[spread] p1a\n|-activate|p1b: Ursaluna|move: Protect\n|-damage|p1a: Iron Hands|51\/100\n|move|p1a: Iron Hands|Heavy Slam|p2b: Sinistcha\n|-damage|p2b: Sinistcha|61\/100\n|\n|-heal|p2b: Sinistcha|67\/100|[from] item: Leftovers\n|-status|p1b: Ursaluna|brn|[from] item: Flame Orb\n|upkeep\n|turn|5\n|inactive|n10siT has 30 seconds left.\n|\n|t:|1700372728\n|move|p2b: Sinistcha|Rage Powder|p2b: Sinistcha\n|-singleturn|p2b: Sinistcha|move: Rage Powder\n|move|p2a: Iron Hands|Drain Punch|p1b: Ursaluna\n|-supereffective|p1b: Ursaluna\n|-damage|p1b: Ursaluna|32\/100 brn\n|-heal|p2a: Iron Hands|100\/100|[from] drain|[of] p1b: Ursaluna\n|move|p1a: Iron Hands|Heavy Slam|p2b: Sinistcha\n|-damage|p2b: Sinistcha|24\/100\n|move|p1b: Ursaluna|Earthquake|p2a: Iron Hands|[spread] p1a,p2a,p2b\n|-supereffective|p1a: Iron Hands\n|-resisted|p2b: Sinistcha\n|-damage|p1a: Iron Hands|0 fnt\n|-damage|p2a: Iron Hands|59\/100\n|-damage|p2b: Sinistcha|0 fnt\n|faint|p1a: Iron Hands\n|-end|p1a: Iron Hands|Quark Drive|[silent]\n|faint|p2b: Sinistcha\n|\n|-damage|p1b: Ursaluna|26\/100 brn|[from] brn\n|upkeep\n|turn|6\n|\n|t:|1700372741\n|move|p2a: Iron Hands|Drain Punch|p1b: Ursaluna\n|-supereffective|p1b: Ursaluna\n|-crit|p1b: Ursaluna\n|-damage|p1b: Ursaluna|0 fnt\n|-heal|p2a: Iron Hands|71\/100|[from] drain|[of] p1b: Ursaluna\n|faint|p1b: Ursaluna\n|\n|win|GaurdianA\n|raw|n10siT's rating: 1161 &rarr; <strong>1135<\/strong><br \/>(-26 for losing)\n|raw|GaurdianA's rating: 1152 &rarr; <strong>1178<\/strong><br \/>(+26 for winning)\n|l|\u2606n10siT\n|c|\u2606GaurdianA|gg\n","uploadtime":1700372749,"views":9,"p1id":"n10sit","p2id":"gaurdiana","formatid":"gen9vgc2023regulatione","rating":1135,"private":0,"password":""}