{"id":"gen9vgc2023regulatione-1997821003","p1":"ITZMAUITIME","p2":"CarefreeCrayon","format":"[Gen 9] VGC 2023 Regulation E","log":"|j|\u2606ITZMAUITIME\n|j|\u2606CarefreeCrayon\n|t:|1700856302\n|gametype|doubles\n|player|p1|ITZMAUITIME|1|1061\n|player|p2|CarefreeCrayon|winona|1081\n|teamsize|p1|6\n|teamsize|p2|6\n|gen|9\n|tier|[Gen 9] VGC 2023 Regulation E\n|rated|\n|rule|Species Clause: Limit one of each Pok\u00e9mon\n|rule|Item Clause: Limit one of each item\n|clearpoke\n|poke|p1|Hatterene, L50, F|\n|poke|p1|Heatran, L50, F|\n|poke|p1|Ursaluna-Bloodmoon, L50, M|\n|poke|p1|Rillaboom, L50, F|\n|poke|p1|Tyranitar, L50, M|\n|poke|p1|Overqwil, L50, M|\n|poke|p2|Ogerpon-Wellspring, L50, F|\n|poke|p2|Heatran, L50, F|\n|poke|p2|Iron Hands, L50|\n|poke|p2|Sylveon, L50, F|\n|poke|p2|Amoonguss, L50, F|\n|poke|p2|Iron Bundle, L50|\n|teampreview|4\n|inactive|Battle timer is ON: inactive players will automatically lose when time's up. (requested by CarefreeCrayon)\n|inactive|CarefreeCrayon has 60 seconds left.\n|\n|t:|1700856348\n|start\n|switch|p1a: Hatterene|Hatterene, L50, F|100\/100\n|switch|p1b: Rillaboom|Rillaboom, L50, F|100\/100\n|switch|p2a: Iron Bundle|Iron Bundle, L50|100\/100\n|switch|p2b: Ogerpon|Ogerpon-Wellspring, L50, F|100\/100\n|-fieldstart|move: Grassy Terrain|[from] ability: Grassy Surge|[of] p1b: Rillaboom\n|turn|1\n|inactive|ITZMAUITIME has 30 seconds left.\n|inactive|CarefreeCrayon has 30 seconds left.\n|\n|t:|1700856376\n|switch|p2b: Amoonguss|Amoonguss, L50, F|100\/100\n|move|p1b: Rillaboom|Fake Out|p2a: Iron Bundle\n|-damage|p2a: Iron Bundle|81\/100\n|cant|p2a: Iron Bundle|flinch\n|move|p1a: Hatterene|Trick Room|p1a: Hatterene\n|-fieldstart|move: Trick Room|[of] p1a: Hatterene\n|\n|-heal|p2a: Iron Bundle|87\/100|[from] Grassy Terrain\n|upkeep\n|turn|2\n|\n|t:|1700856396\n|-end|p2a: Iron Bundle|Quark Drive|[silent]\n|switch|p2a: Iron Hands|Iron Hands, L50|100\/100\n|move|p1b: Rillaboom|Grassy Glide|p2a: Iron Hands\n|-damage|p2a: Iron Hands|73\/100\n|move|p1a: Hatterene|Psychic|p2b: Amoonguss\n|-supereffective|p2b: Amoonguss\n|-damage|p2b: Amoonguss|18\/100\n|move|p2b: Amoonguss|Spore|p1a: Hatterene\n|move|p1a: Hatterene|Spore|p2b: Amoonguss|[from]ability: Magic Bounce\n|-immune|p2b: Amoonguss\n|\n|-heal|p2b: Amoonguss|24\/100|[from] Grassy Terrain\n|-heal|p2a: Iron Hands|79\/100|[from] Grassy Terrain\n|-heal|p2a: Iron Hands|85\/100|[from] item: Leftovers\n|upkeep\n|turn|3\n|inactive|CarefreeCrayon has 30 seconds left.\n|inactive|CarefreeCrayon has 20 seconds left.\n|\n|t:|1700856434\n|switch|p2b: Iron Bundle|Iron Bundle, L50|87\/100\n|move|p1b: Rillaboom|Grassy Glide|p2a: Iron Hands\n|-damage|p2a: Iron Hands|60\/100\n|move|p1a: Hatterene|Psychic|p2a: Iron Hands\n|-supereffective|p2a: Iron Hands\n|-damage|p2a: Iron Hands|0 fnt\n|faint|p2a: Iron Hands\n|-end|p2a: Iron Hands|Quark Drive|[silent]\n|\n|-heal|p2b: Iron Bundle|93\/100|[from] Grassy Terrain\n|upkeep\n|\n|t:|1700856449\n|switch|p2a: Amoonguss|Amoonguss, L50, F|57\/100\n|turn|4\n|inactive|ITZMAUITIME has 30 seconds left.\n|inactive|CarefreeCrayon has 30 seconds left.\n|inactive|CarefreeCrayon has 20 seconds left.\n|inactive|CarefreeCrayon has 15 seconds left.\n|\n|t:|1700856490\n|-terastallize|p2a: Amoonguss|Dark\n|move|p2a: Amoonguss|Rage Powder|p2a: Amoonguss\n|-singleturn|p2a: Amoonguss|move: Rage Powder\n|move|p1b: Rillaboom|Grassy Glide|p2b: Iron Bundle\n|-supereffective|p2b: Iron Bundle\n|-crit|p2b: Iron Bundle\n|-damage|p2b: Iron Bundle|0 fnt\n|faint|p2b: Iron Bundle\n|-end|p2b: Iron Bundle|Quark Drive|[silent]\n|move|p1a: Hatterene|Psychic|p2a: Amoonguss\n|-immune|p2a: Amoonguss\n|\n|-heal|p2a: Amoonguss|63\/100|[from] Grassy Terrain\n|upkeep\n|\n|t:|1700856501\n|switch|p2b: Ogerpon|Ogerpon-Wellspring, L50, F|100\/100\n|turn|5\n|\n|t:|1700856514\n|move|p2a: Amoonguss|Rage Powder|p2a: Amoonguss\n|-singleturn|p2a: Amoonguss|move: Rage Powder\n|move|p1a: Hatterene|Dazzling Gleam|p2a: Amoonguss|[spread] p2a,p2b\n|-supereffective|p2a: Amoonguss\n|-damage|p2a: Amoonguss|3\/100\n|-damage|p2b: Ogerpon|63\/100\n|move|p1b: Rillaboom|Drain Punch|p2a: Amoonguss\n|-supereffective|p2a: Amoonguss\n|-damage|p2a: Amoonguss|0 fnt\n|-damage|p1b: Rillaboom|84\/100|[from] item: Rocky Helmet|[of] p2a: Amoonguss\n|faint|p2a: Amoonguss\n|move|p2b: Ogerpon|Ivy Cudgel|p1a: Hatterene|[anim] Ivy Cudgel Water\n|-damage|p1a: Hatterene|47\/100\n|\n|-heal|p1a: Hatterene|54\/100|[from] Grassy Terrain\n|-heal|p1a: Hatterene|60\/100|[from] item: Leftovers\n|-heal|p1b: Rillaboom|90\/100|[from] Grassy Terrain\n|-heal|p2b: Ogerpon|69\/100|[from] Grassy Terrain\n|-fieldend|move: Trick Room\n|-fieldend|move: Grassy Terrain\n|upkeep\n|turn|6\n|\n|t:|1700856538\n|switch|p1b: Overqwil|Overqwil, L50, M|100\/100\n|-ability|p1b: Overqwil|Intimidate|boost\n|-unboost|p2b: Ogerpon|atk|1\n|move|p2b: Ogerpon|Ivy Cudgel|p1a: Hatterene|[anim] Ivy Cudgel Water\n|-damage|p1a: Hatterene|23\/100\n|move|p1a: Hatterene|Psychic|p2b: Ogerpon\n|-damage|p2b: Ogerpon|16\/100\n|\n|-heal|p1a: Hatterene|29\/100|[from] item: Leftovers\n|upkeep\n|turn|7\n|\n|t:|1700856551\n|move|p2b: Ogerpon|Ivy Cudgel|p1a: Hatterene|[anim] Ivy Cudgel Water\n|-damage|p1a: Hatterene|0 fnt\n|faint|p1a: Hatterene\n|move|p1b: Overqwil|Poison Jab|p2b: Ogerpon\n|-supereffective|p2b: Ogerpon\n|-damage|p2b: Ogerpon|0 fnt\n|faint|p2b: Ogerpon\n|\n|win|ITZMAUITIME\n|raw|ITZMAUITIME's rating: 1061 &rarr; <strong>1094<\/strong><br \/>(+33 for winning)\n|raw|CarefreeCrayon's rating: 1081 &rarr; <strong>1058<\/strong><br \/>(-23 for losing)\n|l|\u2606ITZMAUITIME\n","uploadtime":1700856560,"views":4,"p1id":"itzmauitime","p2id":"carefreecrayon","formatid":"gen9vgc2023regulatione","rating":1058,"private":0,"password":""}