{"id":"gen9vgc2023regulatione-2000353207","p1":"PilgrimVGC","p2":"Prismatic Phantom","format":"[Gen 9] VGC 2023 Regulation E","log":"|j|\u2606PilgrimVGC\n|j|\u2606Prismatic Phantom\n|t:|1701187596\n|gametype|doubles\n|player|p1|PilgrimVGC|harlequin|1297\n|player|p2|Prismatic Phantom|gentleman-gen4|1274\n|teamsize|p1|6\n|teamsize|p2|6\n|gen|9\n|tier|[Gen 9] VGC 2023 Regulation E\n|rated|\n|rule|Species Clause: Limit one of each Pok\u00e9mon\n|rule|Item Clause: Limit one of each item\n|clearpoke\n|poke|p1|Roaring Moon, L50|\n|poke|p1|Ninetales-Alola, L50, M|\n|poke|p1|Volcarona, L50, M|\n|poke|p1|Arcanine-Hisui, L50, F|\n|poke|p1|Urshifu-*, L50, M|\n|poke|p1|Iron Hands, L50|\n|poke|p2|Landorus-Therian, L50, M|\n|poke|p2|Urshifu-*, L50, M|\n|poke|p2|Flutter Mane, L50|\n|poke|p2|Chien-Pao, L50|\n|poke|p2|Amoonguss, L50, M|\n|poke|p2|Iron Hands, L50|\n|teampreview|4\n|inactive|Battle timer is ON: inactive players will automatically lose when time's up. (requested by Prismatic Phantom)\nPilgrimVGC has agreed to open team sheets.\n|inactive|PilgrimVGC has 60 seconds left.\n|inactive|Prismatic Phantom has 60 seconds left.\n|\n|t:|1701187651\n|start\n|switch|p1a: Ninetales|Ninetales-Alola, L50, M|100\/100\n|switch|p1b: Volcarona|Volcarona, L50, M|100\/100\n|switch|p2a: Iron Hands|Iron Hands, L50|100\/100\n|switch|p2b: Urshifu|Urshifu-Rapid-Strike, L50, M|100\/100\n|-weather|Snow|[from] ability: Snow Warning|[of] p1a: Ninetales\n|turn|1\n|inactive|PilgrimVGC has 30 seconds left.\n|inactive|PilgrimVGC has 20 seconds left.\n|inactive|PilgrimVGC has 15 seconds left.\n|\n|t:|1701187696\n|switch|p1a: Roaring Moon|Roaring Moon, L50|100\/100\n|-enditem|p1a: Roaring Moon|Booster Energy\n|-activate|p1a: Roaring Moon|ability: Protosynthesis|[fromitem]\n|-start|p1a: Roaring Moon|protosynthesisspe\n|-terastallize|p2b: Urshifu|Water\n|-terastallize|p1b: Volcarona|Fairy\n|move|p2b: Urshifu|Surging Strikes|p1a: Roaring Moon\n|-resisted|p1a: Roaring Moon\n|-crit|p1a: Roaring Moon\n|-damage|p1a: Roaring Moon|79\/100\n|-resisted|p1a: Roaring Moon\n|-crit|p1a: Roaring Moon\n|-damage|p1a: Roaring Moon|57\/100\n|-resisted|p1a: Roaring Moon\n|-crit|p1a: Roaring Moon\n|-damage|p1a: Roaring Moon|35\/100\n|-hitcount|p1a: Roaring Moon|3\n|move|p1b: Volcarona|Quiver Dance|p1b: Volcarona\n|-boost|p1b: Volcarona|spa|1\n|-boost|p1b: Volcarona|spd|1\n|-boost|p1b: Volcarona|spe|1\n|move|p2a: Iron Hands|Wild Charge|p1b: Volcarona\n|-damage|p1b: Volcarona|44\/100\n|-damage|p2a: Iron Hands|89\/100|[from] Recoil\n|\n|-weather|Snow|[upkeep]\n|-heal|p1b: Volcarona|50\/100|[from] item: Leftovers\n|upkeep\n|turn|2\n|inactive|PilgrimVGC has 30 seconds left.\n|inactive|Prismatic Phantom has 30 seconds left.\n|inactive|PilgrimVGC has 20 seconds left.\n|inactive|Prismatic Phantom has 20 seconds left.\n|\n|t:|1701187736\n|switch|p2b: Landorus|Landorus-Therian, L50, M|100\/100\n|-ability|p2b: Landorus|Intimidate|boost\n|-unboost|p1a: Roaring Moon|atk|1\n|-unboost|p1b: Volcarona|atk|1\n|move|p1a: Roaring Moon|Tailwind|p1a: Roaring Moon\n|-sidestart|p1: PilgrimVGC|move: Tailwind\n|move|p1b: Volcarona|Bug Buzz|p2b: Landorus\n|-resisted|p2b: Landorus\n|-damage|p2b: Landorus|62\/100\n|move|p2a: Iron Hands|Wild Charge|p1b: Volcarona\n|-damage|p1b: Volcarona|0 fnt\n|faint|p1b: Volcarona\n|-damage|p2a: Iron Hands|80\/100|[from] Recoil\n|\n|-weather|Snow|[upkeep]\n|upkeep\n|\n|t:|1701187750\n|switch|p1b: Ninetales|Ninetales-Alola, L50, M|100\/100\n|turn|3\n|inactive|PilgrimVGC has 30 seconds left.\n|\n|t:|1701187776\n|move|p1a: Roaring Moon|Acrobatics|p2a: Iron Hands\n|-damage|p2a: Iron Hands|63\/100\n|move|p1b: Ninetales|Aurora Veil|p1b: Ninetales\n|-sidestart|p1: PilgrimVGC|move: Aurora Veil\n|move|p2b: Landorus|U-turn|p1a: Roaring Moon\n|-supereffective|p1a: Roaring Moon\n|-damage|p1a: Roaring Moon|0 fnt\n|faint|p1a: Roaring Moon\n|-end|p1a: Roaring Moon|Protosynthesis|[silent]\n|\n|t:|1701187790\n|switch|p2b: Chien-Pao|Chien-Pao, L50|100\/100|[from] U-turn\n|-ability|p2b: Chien-Pao|Sword of Ruin\n|move|p2a: Iron Hands|Wild Charge|p1b: Ninetales\n|-damage|p1b: Ninetales|63\/100\n|-damage|p2a: Iron Hands|56\/100|[from] Recoil\n|\n|-weather|Snow|[upkeep]\n|upkeep\n|\n|t:|1701187799\n|switch|p1a: Arcanine|Arcanine-Hisui, L50, F|100\/100\n|-ability|p1a: Arcanine|Intimidate|boost\n|-unboost|p2a: Iron Hands|atk|1\n|-unboost|p2b: Chien-Pao|atk|1\n|turn|4\n|\n|t:|1701187813\n|move|p1b: Ninetales|Icy Wind|p2a: Iron Hands|[spread] p2a,p2b\n|-resisted|p2b: Chien-Pao\n|-damage|p2a: Iron Hands|48\/100\n|-damage|p2b: Chien-Pao|90\/100\n|-unboost|p2a: Iron Hands|spe|1\n|-unboost|p2b: Chien-Pao|spe|1\n|move|p1a: Arcanine|Flare Blitz|p2a: Iron Hands\n|-damage|p2a: Iron Hands|0 fnt\n|faint|p2a: Iron Hands\n|-end|p2a: Iron Hands|Quark Drive|[silent]\n|-damage|p1a: Arcanine|80\/100|[from] Recoil\n|move|p2b: Chien-Pao|Sacred Sword|p1a: Arcanine\n|-supereffective|p1a: Arcanine\n|-damage|p1a: Arcanine|33\/100\n|\n|-weather|Snow|[upkeep]\n|upkeep\n|\n|t:|1701187822\n|switch|p2a: Landorus|Landorus-Therian, L50, M|62\/100\n|-ability|p2a: Landorus|Intimidate|boost\n|-unboost|p1a: Arcanine|atk|1\n|-unboost|p1b: Ninetales|atk|1\n|turn|5\n|\n|t:|1701187846\n|move|p2a: Landorus|Protect|p2a: Landorus\n|-singleturn|p2a: Landorus|Protect\n|move|p1b: Ninetales|Freeze-Dry|p2a: Landorus\n|-activate|p2a: Landorus|move: Protect\n|move|p1a: Arcanine|Rock Slide|p2a: Landorus|[spread] \n|-activate|p2a: Landorus|move: Protect\n|-miss|p1a: Arcanine|p2b: Chien-Pao\n|move|p2b: Chien-Pao|Sacred Sword|p1a: Arcanine\n|-supereffective|p1a: Arcanine\n|-damage|p1a: Arcanine|0 fnt\n|faint|p1a: Arcanine\n|\n|-weather|none\n|-sideend|p1: PilgrimVGC|move: Tailwind\n|upkeep\n|turn|6\n|-message|PilgrimVGC forfeited.\n|\n|win|Prismatic Phantom\n|raw|PilgrimVGC's rating: 1297 &rarr; <strong>1270<\/strong><br \/>(-27 for losing)\n|raw|Prismatic Phantom's rating: 1274 &rarr; <strong>1301<\/strong><br \/>(+27 for winning)\n|l|\u2606PilgrimVGC\n","uploadtime":1701187869,"views":2,"p1id":"pilgrimvgc","p2id":"prismaticphantom","formatid":"gen9vgc2023regulatione","rating":1270,"private":0,"password":""}