{"id":"gen9vgc2023regulatione-1999273531","p1":"Storm149","p2":"Kagy123","format":"[Gen 9] VGC 2023 Regulation E","log":"|j|\u2606Storm149\n|j|\u2606Kagy123\n|t:|1701053599\n|gametype|doubles\n|player|p1|Storm149|1|\n|player|p2|Kagy123|1|\n|teamsize|p1|6\n|teamsize|p2|6\n|gen|9\n|tier|[Gen 9] VGC 2023 Regulation E\n|rule|Species Clause: Limit one of each Pok\u00e9mon\n|rule|Item Clause: Limit one of each item\n|clearpoke\n|poke|p1|Hatterene, L50, F|\n|poke|p1|Glastrier, L50|\n|poke|p1|Ursaluna-Bloodmoon, L50, M|\n|poke|p1|Foongus, L50, F|\n|poke|p1|Slowbro-Galar, L50, M|\n|poke|p1|Fezandipiti, L50, M|\n|poke|p2|Dondozo, L50, M|\n|poke|p2|Tatsugiri, L50, M|\n|poke|p2|Oricorio-Pom-Pom, L50, M|\n|poke|p2|Roaring Moon, L50|\n|poke|p2|Infernape, L50, F|\n|poke|p2|Gengar, L50, M|\n|teampreview|4\n|c|\u2606Storm149|glhf\n|c|\u2606Storm149|g2\nStorm149 rejected open team sheets.\n|j| Katefromhighschool\n|j| espurridan\n|c|\u2606Kagy123|glhf\n|\n|t:|1701053735\n|start\n|switch|p1a: Dark Magician Girl|Hatterene, L50, F|100\/100\n|switch|p1b: Ursaluna|Ursaluna-Bloodmoon, L50, M|100\/100\n|switch|p2a: Moaring Roon|Roaring Moon, L50|100\/100\n|switch|p2b: Dancing Queen|Oricorio-Pom-Pom, L50, M, shiny|100\/100\n|-enditem|p2a: Moaring Roon|Booster Energy\n|-activate|p2a: Moaring Roon|ability: Protosynthesis|[fromitem]\n|-start|p2a: Moaring Roon|protosynthesisatk\n|turn|1\n|\n|t:|1701053781\n|-terastallize|p2a: Moaring Roon|Flying\n|move|p1a: Dark Magician Girl|Protect|p1a: Dark Magician Girl\n|-singleturn|p1a: Dark Magician Girl|Protect\n|move|p2a: Moaring Roon|Acrobatics|p1a: Dark Magician Girl\n|-activate|p1a: Dark Magician Girl|move: Protect\n|move|p2b: Dancing Queen|Swords Dance|p2b: Dancing Queen\n|-boost|p2b: Dancing Queen|atk|2\n|move|p1b: Ursaluna|Hyper Voice|p2a: Moaring Roon|[spread] p2a,p2b\n|-damage|p2a: Moaring Roon|60\/100\n|-damage|p2b: Dancing Queen|44\/100\n|-enditem|p2b: Dancing Queen|Sitrus Berry|[eat]\n|-heal|p2b: Dancing Queen|69\/100|[from] item: Sitrus Berry\n|-enditem|p1b: Ursaluna|Throat Spray\n|-boost|p1b: Ursaluna|spa|1|[from] item: Throat Spray\n|\n|upkeep\n|turn|2\n|\n|t:|1701053908\n|switch|p1a: Han solo|Slowbro-Galar, L50, M|100\/100\n|move|p2a: Moaring Roon|Acrobatics|p1a: Han solo\n|-damage|p1a: Han solo|25\/100\n|move|p2b: Dancing Queen|Baton Pass|p2b: Dancing Queen\n|\n|t:|1701053914\n|switch|p2b: Don Cheadle|Dondozo, L50, M|100\/100|[from] Baton Pass\n|move|p1b: Ursaluna|Hyper Voice|p2b: Don Cheadle|[spread] p2a,p2b\n|-damage|p2a: Moaring Roon|0 fnt\n|-damage|p2b: Don Cheadle|59\/100\n|faint|p2a: Moaring Roon\n|-end|p2a: Moaring Roon|Protosynthesis|[silent]\n|\n|-heal|p2b: Don Cheadle|65\/100|[from] item: Leftovers\n|-heal|p1a: Han solo|31\/100|[from] item: Black Sludge\n|upkeep\n|\n|t:|1701053921\n|switch|p2a: Cheeto|Tatsugiri, L50, M|100\/100\n|-activate|p2a: Cheeto|ability: Commander|[of] p2b: Don Cheadle\n|-boost|p2b: Don Cheadle|atk|2\n|-boost|p2b: Don Cheadle|spa|2\n|-boost|p2b: Don Cheadle|spe|2\n|-boost|p2b: Don Cheadle|def|2\n|-boost|p2b: Don Cheadle|spd|2\n|turn|3\n|\n|t:|1701053939\n|move|p1b: Ursaluna|Protect|p1b: Ursaluna\n|-singleturn|p1b: Ursaluna|Protect\n|move|p2b: Don Cheadle|Earthquake|p1a: Han solo|[spread] p1a\n|-miss|p2b: Don Cheadle|p2a: Cheeto\n|-activate|p1b: Ursaluna|move: Protect\n|-supereffective|p1a: Han solo\n|-damage|p1a: Han solo|0 fnt\n|faint|p1a: Han solo\n|\n|-heal|p2b: Don Cheadle|72\/100|[from] item: Leftovers\n|upkeep\n|\n|t:|1701053952\n|switch|p1a: Dark Magician Girl|Hatterene, L50, F|100\/100\n|turn|4\n|\n|t:|1701053965\n|-terastallize|p1b: Ursaluna|Flying\n|move|p2b: Don Cheadle|Earthquake|p1a: Dark Magician Girl|[spread] p1a\n|-miss|p2b: Don Cheadle|p2a: Cheeto\n|-immune|p1b: Ursaluna\n|-damage|p1a: Dark Magician Girl|44\/100\n|move|p1b: Ursaluna|Blood Moon|p2b: Don Cheadle\n|-damage|p2b: Don Cheadle|33\/100\n|move|p1a: Dark Magician Girl|Trick Room|p1a: Dark Magician Girl\n|-fieldstart|move: Trick Room|[of] p1a: Dark Magician Girl\n|\n|-heal|p2b: Don Cheadle|39\/100|[from] item: Leftovers\n|upkeep\n|turn|5\n|\n|t:|1701053982\n|move|p2b: Don Cheadle|Protect|p2b: Don Cheadle\n|-singleturn|p2b: Don Cheadle|Protect\n|move|p1a: Dark Magician Girl|Psychic|p2b: Don Cheadle\n|-activate|p2b: Don Cheadle|move: Protect\n|move|p1b: Ursaluna|Earth Power|p2b: Don Cheadle\n|-activate|p2b: Don Cheadle|move: Protect\n|\n|-heal|p2b: Don Cheadle|46\/100|[from] item: Leftovers\n|upkeep\n|turn|6\n|\n|t:|1701054005\n|move|p1a: Dark Magician Girl|Psychic|p2b: Don Cheadle\n|-crit|p2b: Don Cheadle\n|-damage|p2b: Don Cheadle|0 fnt\n|faint|p2b: Don Cheadle\n|move|p1b: Ursaluna|Blood Moon|p2a: Cheeto\n|-damage|p2a: Cheeto|0 fnt\n|faint|p2a: Cheeto\n|\n|upkeep\n|\n|t:|1701054013\n|switch|p2b: Dancing Queen|Oricorio-Pom-Pom, L50, M, shiny|69\/100\n|turn|7\n|\n|t:|1701054021\n|move|p1a: Dark Magician Girl|Psychic|p2b: Dancing Queen\n|-damage|p2b: Dancing Queen|13\/100\n|move|p1b: Ursaluna|Hyper Voice|p2b: Dancing Queen\n|-damage|p2b: Dancing Queen|0 fnt\n|faint|p2b: Dancing Queen\n|\n|win|Storm149\n|l| espurridan\n|c|\u2606Storm149|gg\n","uploadtime":1701054031,"views":20,"p1id":"storm149","p2id":"kagy123","formatid":"gen9vgc2023regulatione","rating":0,"private":0,"password":""}