{"id":"gen9vgc2023regulatione-1996537147","p1":"mtschmucker","p2":"DRJC190","format":"[Gen 9] VGC 2023 Regulation E","log":"|j|\u2606mtschmucker\n|j|\u2606DRJC190\n|n|\u2606mtschmucker|mtschmucker\n|n|\u2606DRJC190|drjc190\n|html|View the match progress at <a href=\"\/game-bestof3-gen9vgc2023regulatione-1996534392\">game-bestof3-gen9vgc2023regulatione-1996534392<\/a>\n|t:|1700691841\n|gametype|doubles\n|player|p1|mtschmucker|psychic-gen4|\n|player|p2|DRJC190|1|\n|teamsize|p1|6\n|teamsize|p2|6\n|gen|9\n|tier|[Gen 9] VGC 2023 Regulation E\n|rule|Species Clause: Limit one of each Pok\u00e9mon\n|rule|Item Clause: Limit one of each item\n|clearpoke\n|poke|p1|Iron Bundle, L50|\n|poke|p1|Flutter Mane, L50|\n|poke|p1|Moltres-Galar, L50|\n|poke|p1|Ogerpon, L50, F|\n|poke|p1|Tatsugiri, L50, M|\n|poke|p1|Dondozo, L50, F|\n|poke|p2|Politoed, L50, F|\n|poke|p2|Indeedee-F, L50, F|\n|poke|p2|Goodra-Hisui, L50, F|\n|poke|p2|Breloom, L50, F|\n|poke|p2|Gyarados, L50, F|\n|poke|p2|Kingambit, L50, M|\n|teampreview|4\nDRJC190 has agreed to open team sheets.\nmtschmucker has agreed to open team sheets.\n|showteam|p1|Iron Bundle||BoosterEnergy|QuarkDrive|IcyWind,FreezeDry,HydroPump,Protect||||||50|,,,,,Ghost]Flutter Mane||ChoiceSpecs|Protosynthesis|DazzlingGleam,Moonblast,ShadowBall,DarkPulse||||||50|,,,,,Fairy]Moltres-Galar||AssaultVest|Berserk|FieryWrath,AirSlash,Snarl,TeraBlast||||||50|,,,,,Fire]Ogerpon||RazorClaw|Defiant|SpikyShield,IvyCudgel,StompingTantrum,FollowMe|||F|||50|,,,,,Grass]Tatsugiri||ChoiceScarf|Commander|MuddyWater,IcyWind,DracoMeteor,Soak|||M|||50|,,,,,Steel]Dondozo||Leftovers|Oblivious|OrderUp,Earthquake,WaveCrash,Protect|||F|||50|,,,,,Dragon\n|showteam|p2|Politoed||SitrusBerry|Drizzle|IceBeam,ChillingWater,HelpingHand,Protect|||F|||50|,,,,,Grass]Indeedee-F||SafetyGoggles|PsychicSurge|HealPulse,Psychic,FollowMe,TrickRoom|||F|||50|,,,,,Dragon]Goodra-Hisui||Leftovers|ShellArmor|Shelter,IronHead,BodyPress,LifeDew|||F|||50|,,,,,Flying]Breloom||BlackBelt|Technician|Spore,SeedBomb,MachPunch,Protect|||F|||50|,,,,,Fighting]Gyarados||MysticWater|Intimidate|Waterfall,TeraBlast,DragonDance,Protect|||F|||50|,,,,,Flying]Kingambit||AssaultVest|Defiant|KowtowCleave,IronHead,TeraBlast,StoneEdge|||M|||50|,,,,,Fairy\n|\n|t:|1700691887\n|start\n|switch|p1a: Moltres|Moltres-Galar, L50|100\/100\n|switch|p1b: Ogerpon|Ogerpon, L50, F|100\/100\n|switch|p2a: Indeedee|Indeedee-F, L50, F|100\/100\n|switch|p2b: Goodra|Goodra-Hisui, L50, F|100\/100\n|-fieldstart|move: Psychic Terrain|[from] ability: Psychic Surge|[of] p2a: Indeedee\n|turn|1\n|\n|t:|1700691920\n|move|p1b: Ogerpon|Ivy Cudgel|p2a: Indeedee\n|-damage|p2a: Indeedee|21\/100\n|move|p1a: Moltres|Fiery Wrath|p2a: Indeedee|[spread] p2a,p2b\n|-supereffective|p2a: Indeedee\n|-damage|p2a: Indeedee|0 fnt\n|-damage|p2b: Goodra|84\/100\n|faint|p2a: Indeedee\n|move|p2b: Goodra|Shelter|p2b: Goodra\n|-boost|p2b: Goodra|def|2\n|\n|-heal|p2b: Goodra|90\/100|[from] item: Leftovers\n|upkeep\n|\n|t:|1700691934\n|switch|p2a: Kingambit|Kingambit, L50, M|100\/100\n|turn|2\n|\n|t:|1700691954\n|-terastallize|p1a: Moltres|Fire\n|move|p1b: Ogerpon|Stomping Tantrum|p2a: Kingambit\n|-supereffective|p2a: Kingambit\n|-damage|p2a: Kingambit|58\/100\n|move|p1a: Moltres|Tera Blast|p2a: Kingambit|[anim] Tera Blast Fire\n|-supereffective|p2a: Kingambit\n|-damage|p2a: Kingambit|8\/100\n|move|p2b: Goodra|Body Press|p1a: Moltres\n|-damage|p1a: Moltres|56\/100\n|move|p2a: Kingambit|Stone Edge|p1a: Moltres\n|-supereffective|p1a: Moltres\n|-crit|p1a: Moltres\n|-damage|p1a: Moltres|0 fnt\n|faint|p1a: Moltres\n|\n|-heal|p2b: Goodra|96\/100|[from] item: Leftovers\n|upkeep\n|\n|t:|1700691990\n|switch|p1a: Dondozo|Dondozo, L50, F|100\/100\n|turn|3\n|\n|t:|1700692009\n|switch|p1b: Tatsugiri|Tatsugiri, L50, M|100\/100\n|-activate|p1b: Tatsugiri|ability: Commander|[of] p1a: Dondozo\n|-boost|p1a: Dondozo|atk|2\n|-boost|p1a: Dondozo|spa|2\n|-boost|p1a: Dondozo|spe|2\n|-boost|p1a: Dondozo|def|2\n|-boost|p1a: Dondozo|spd|2\n|move|p1a: Dondozo|Order Up|p2a: Kingambit\n|-resisted|p2a: Kingambit\n|-damage|p2a: Kingambit|0 fnt\n|faint|p2a: Kingambit\n|-boost|p1a: Dondozo|atk|1\n|move|p2b: Goodra|Body Press|p1a: Dondozo\n|-damage|p1a: Dondozo|89\/100\n|\n|-heal|p1a: Dondozo|95\/100|[from] item: Leftovers\n|-heal|p2b: Goodra|100\/100|[from] item: Leftovers\n|upkeep\n|\n|t:|1700692024\n|switch|p2a: Breloom|Breloom, L50, F|100\/100\n|turn|4\n|\n|t:|1700692031\n|move|p2a: Breloom|Spore|p1a: Dondozo\n|-status|p1a: Dondozo|slp|[from] move: Spore\n|cant|p1a: Dondozo|slp\n|move|p2b: Goodra|Shelter|p2b: Goodra\n|-boost|p2b: Goodra|def|2\n|\n|-heal|p1a: Dondozo|100\/100 slp|[from] item: Leftovers\n|upkeep\n|turn|5\n|\n|t:|1700692052\n|move|p2a: Breloom|Seed Bomb|p1a: Dondozo\n|-supereffective|p1a: Dondozo\n|-damage|p1a: Dondozo|75\/100 slp\n|-curestatus|p1a: Dondozo|slp|[msg]\n|move|p1a: Dondozo|Order Up|p2a: Breloom\n|-crit|p2a: Breloom\n|-damage|p2a: Breloom|0 fnt\n|faint|p2a: Breloom\n|-boost|p1a: Dondozo|atk|1\n|move|p2b: Goodra|Body Press|p1a: Dondozo\n|-damage|p1a: Dondozo|57\/100\n|\n|-heal|p1a: Dondozo|63\/100|[from] item: Leftovers\n|-fieldend|move: Psychic Terrain\n|upkeep\n|turn|6\n|\n|t:|1700692069\n|move|p1a: Dondozo|Order Up|p2b: Goodra\n|-damage|p2b: Goodra|75\/100\n|-boost|p1a: Dondozo|atk|1\n|move|p2b: Goodra|Body Press|p1a: Dondozo\n|-damage|p1a: Dondozo|47\/100\n|\n|-heal|p1a: Dondozo|53\/100|[from] item: Leftovers\n|-heal|p2b: Goodra|81\/100|[from] item: Leftovers\n|upkeep\n|turn|7\n|\n|t:|1700692080\n|-terastallize|p2b: Goodra|Flying\n|move|p1a: Dondozo|Earthquake|p2b: Goodra|[spread] \n|-miss|p1a: Dondozo|p1b: Tatsugiri\n|-immune|p2b: Goodra\n|move|p2b: Goodra|Body Press|p1a: Dondozo\n|-damage|p1a: Dondozo|36\/100\n|\n|-heal|p1a: Dondozo|42\/100|[from] item: Leftovers\n|-heal|p2b: Goodra|87\/100|[from] item: Leftovers\n|upkeep\n|turn|8\n|\n|t:|1700692093\n|move|p1a: Dondozo|Order Up|p2b: Goodra\n|-damage|p2b: Goodra|60\/100\n|-boost|p1a: Dondozo|atk|1\n|move|p2b: Goodra|Body Press|p1a: Dondozo\n|-damage|p1a: Dondozo|23\/100\n|\n|-heal|p1a: Dondozo|30\/100|[from] item: Leftovers\n|-heal|p2b: Goodra|66\/100|[from] item: Leftovers\n|upkeep\n|turn|9\n|\n|t:|1700692103\n|move|p1a: Dondozo|Order Up|p2b: Goodra\n|-damage|p2b: Goodra|32\/100\n|-boost|p1a: Dondozo|atk|0\n|move|p2b: Goodra|Body Press|p1a: Dondozo\n|-damage|p1a: Dondozo|14\/100\n|\n|-heal|p1a: Dondozo|20\/100|[from] item: Leftovers\n|-heal|p2b: Goodra|38\/100|[from] item: Leftovers\n|upkeep\n|turn|10\n|\n|t:|1700692113\n|move|p1a: Dondozo|Wave Crash|p2b: Goodra\n|-damage|p2b: Goodra|0 fnt\n|faint|p2b: Goodra\n|-damage|p1a: Dondozo|11\/100|[from] Recoil\n|\n|win|mtschmucker\n","uploadtime":1700692124,"views":22,"p1id":"mtschmucker","p2id":"drjc190","formatid":"gen9vgc2023regulatione","rating":0,"private":0,"password":""}