{"id":"gen9vgc2023regulatione-1998900643","p1":"Snog2273","p2":"Trreize","format":"[Gen 9] VGC 2023 Regulation E","log":"|j|\u2606Snog2273\n|j|\u2606Trreize\n|t:|1701010648\n|gametype|doubles\n|player|p1|Snog2273|supernerd|1227\n|player|p2|Trreize|swimmerf|1157\n|teamsize|p1|6\n|teamsize|p2|6\n|gen|9\n|tier|[Gen 9] VGC 2023 Regulation E\n|rated|\n|rule|Species Clause: Limit one of each Pok\u00e9mon\n|rule|Item Clause: Limit one of each item\n|clearpoke\n|poke|p1|Perrserker, L50, M|\n|poke|p1|Gholdengo, L50|\n|poke|p1|Landorus-Therian, L50, M|\n|poke|p1|Iron Hands, L50|\n|poke|p1|Roaring Moon, L50|\n|poke|p1|Ogerpon-Wellspring, L50, F|\n|poke|p2|Articuno, L50|\n|poke|p2|Ninetales-Alola, L50, M|\n|poke|p2|Milotic, L50, M|\n|poke|p2|Urshifu-*, L50, F|\n|poke|p2|Great Tusk, L50|\n|poke|p2|Flutter Mane, L50|\n|teampreview|4\n|inactive|Battle timer is ON: inactive players will automatically lose when time's up. (requested by Snog2273)\n|c|\u2606Trreize|glhf\nSnog2273 has agreed to open team sheets.\nTrreize has agreed to open team sheets.\n|inactive|Snog2273 has 30 seconds left.\n|\n|t:|1701010686\n|start\n|switch|p1a: an|Perrserker, L50, M|100\/100\n|switch|p1b: gn|Gholdengo, L50|100\/100\n|switch|p2a: Urshifu|Urshifu, L50, F|100\/100\n|switch|p2b: Milotic|Milotic, L50, M|100\/100\n|turn|1\n|\n|t:|1701010710\n|move|p2a: Urshifu|Protect|p2a: Urshifu\n|-singleturn|p2a: Urshifu|Protect\n|move|p1a: an|Fake Out|p2a: Urshifu\n|-activate|p2a: Urshifu|move: Protect\n|move|p1b: gn|Shadow Ball|p2b: Milotic\n|-damage|p2b: Milotic|59\/100\n|-damage|p1b: gn|91\/100|[from] item: Life Orb\n|move|p2b: Milotic|Light Screen|p2b: Milotic\n|-sidestart|p2: Trreize|move: Light Screen\n|\n|-heal|p2b: Milotic|65\/100|[from] item: Leftovers\n|upkeep\n|turn|2\n|inactive|Trreize has 30 seconds left.\n|\n|t:|1701010735\n|switch|p1b: o|Roaring Moon, L50|100\/100\n|-enditem|p1b: o|Booster Energy\n|-activate|p1b: o|ability: Protosynthesis|[fromitem]\n|-start|p1b: o|protosynthesisspe\n|move|p2a: Urshifu|Wicked Blow|p1b: o\n|-resisted|p1b: o\n|-crit|p1b: o\n|-damage|p1b: o|55\/100\n|-damage|p2a: Urshifu|91\/100|[from] item: Life Orb\n|move|p2b: Milotic|Life Dew|p2b: Milotic|[spread] p2a,p2b\n|-heal|p2a: Urshifu|100\/100\n|-heal|p2b: Milotic|91\/100\n|move|p1a: an|Iron Head|p2a: Urshifu\n|-damage|p2a: Urshifu|54\/100\n|\n|-heal|p2b: Milotic|97\/100|[from] item: Leftovers\n|upkeep\n|turn|3\n|inactive|Snog2273 has 30 seconds left.\n|inactive|Trreize has 30 seconds left.\n|inactive|Snog2273 has 20 seconds left.\n|inactive|Snog2273 has 15 seconds left.\n|inactive|Snog2273 has 10 seconds left.\n|\n|t:|1701010784\n|-terastallize|p2a: Urshifu|Fire\n|move|p1b: o|Knock Off|p2b: Milotic\n|-damage|p2b: Milotic|61\/100\n|-enditem|p2b: Milotic|Leftovers|[from] move: Knock Off|[of] p1b: o\n|move|p2a: Urshifu|Close Combat|p1b: o\n|-supereffective|p1b: o\n|-damage|p1b: o|0 fnt\n|-unboost|p2a: Urshifu|def|1\n|-unboost|p2a: Urshifu|spd|1\n|faint|p1b: o\n|-end|p1b: o|Protosynthesis|[silent]\n|-damage|p2a: Urshifu|44\/100|[from] item: Life Orb\n|move|p2b: Milotic|Life Dew|p2b: Milotic|[spread] p2a,p2b\n|-heal|p2a: Urshifu|69\/100\n|-heal|p2b: Milotic|86\/100\n|move|p1a: an|U-turn|p2b: Milotic\n|-damage|p2b: Milotic|73\/100\n|inactive|Snog2273 has 30 seconds left.\n|\n|t:|1701010810\n|switch|p1a: ou|Iron Hands, L50|100\/100|[from] U-turn\n|\n|upkeep\n|\n|t:|1701010820\n|switch|p1b: an|Perrserker, L50, M|100\/100\n|turn|4\n|\n|t:|1701010845\n|switch|p2a: Ninetales|Ninetales-Alola, L50, M|100\/100\n|-weather|Snow|[from] ability: Snow Warning|[of] p2a: Ninetales\n|move|p1b: an|Fake Out|p2a: Ninetales\n|-damage|p2a: Ninetales|92\/100\n|move|p2b: Milotic|Scald|p1a: ou\n|-damage|p1a: ou|87\/100\n|move|p1a: ou|Wild Charge|p2b: Milotic\n|-supereffective|p2b: Milotic\n|-damage|p2b: Milotic|0 fnt\n|faint|p2b: Milotic\n|-damage|p1a: ou|71\/100|[from] Recoil\n|\n|-weather|Snow|[upkeep]\n|upkeep\n|\n|t:|1701010865\n|switch|p2b: Urshifu|Urshifu, L50, F, tera:Fire|69\/100\n|turn|5\n|inactive|Snog2273 has 30 seconds left.\n|inactive|Trreize has 30 seconds left.\n|inactive|Snog2273 has 20 seconds left.\n|\n|t:|1701010900\n|move|p2a: Ninetales|Aurora Veil|p2a: Ninetales\n|-sidestart|p2: Trreize|move: Aurora Veil\n|move|p2b: Urshifu|Wicked Blow|p1b: an\n|-crit|p1b: an\n|-damage|p1b: an|40\/100\n|-enditem|p1b: an|Sitrus Berry|[eat]\n|-heal|p1b: an|65\/100|[from] item: Sitrus Berry\n|-damage|p2b: Urshifu|59\/100|[from] item: Life Orb\n|move|p1b: an|U-turn|p2b: Urshifu\n|-resisted|p2b: Urshifu\n|-damage|p2b: Urshifu|54\/100\n|\n|t:|1701010909\n|switch|p1b: gn|Gholdengo, L50|91\/100|[from] U-turn\n|move|p1a: ou|Heavy Slam|p2a: Ninetales\n|-supereffective|p2a: Ninetales\n|-damage|p2a: Ninetales|0 fnt\n|faint|p2a: Ninetales\n|\n|-weather|Snow|[upkeep]\n|-sideend|p2: Trreize|move: Light Screen\n|upkeep\n|\n|t:|1701010915\n|switch|p2a: Articuno|Articuno, L50|100\/100\n|turn|6\n|inactive|Trreize has 30 seconds left.\n|inactive|Snog2273 has 30 seconds left.\n|\n|t:|1701010956\n|switch|p1b: an|Perrserker, L50, M|65\/100\n|move|p2b: Urshifu|Protect|p2b: Urshifu\n|-singleturn|p2b: Urshifu|Protect\n|move|p2a: Articuno|Blizzard|p1b: an|[spread] p1a,p1b\n|-resisted|p1b: an\n|-damage|p1a: ou|54\/100\n|-damage|p1b: an|35\/100\n|-status|p1a: ou|frz\n|cant|p1a: ou|frz\n|\n|-weather|Snow|[upkeep]\n|upkeep\n|turn|7\n|inactive|Trreize has 30 seconds left.\n|inactive|Trreize has 20 seconds left.\n|\n|t:|1701010994\n|move|p1b: an|Fake Out|p2b: Urshifu\n|-damage|p2b: Urshifu|47\/100\n|cant|p2b: Urshifu|flinch\n|move|p2a: Articuno|Blizzard|p1b: an|[spread] p1a,p1b\n|-resisted|p1b: an\n|-damage|p1a: ou|35\/100 frz\n|-damage|p1b: an|7\/100\n|cant|p1a: ou|frz\n|\n|-weather|Snow|[upkeep]\n|upkeep\n|turn|8\n|\n|t:|1701011013\n|switch|p1b: gn|Gholdengo, L50|91\/100\n|move|p2b: Urshifu|Wicked Blow|p1a: ou\n|-resisted|p1a: ou\n|-crit|p1a: ou\n|-damage|p1a: ou|7\/100 frz\n|-damage|p2b: Urshifu|38\/100|[from] item: Life Orb\n|move|p2a: Articuno|Blizzard|p1a: ou|[spread] p1a,p1b\n|-resisted|p1b: gn\n|-damage|p1a: ou|0 fnt\n|-damage|p1b: gn|71\/100\n|faint|p1a: ou\n|-end|p1a: ou|Quark Drive|[silent]\n|\n|-weather|none\n|upkeep\n|\n|t:|1701011024\n|switch|p1a: an|Perrserker, L50, M|7\/100\n|turn|9\n|\n|t:|1701011039\n|-terastallize|p1b: gn|Dragon\n|move|p1a: an|Fake Out|p2a: Articuno\n|-crit|p2a: Articuno\n|-damage|p2a: Articuno|87\/100\n|move|p2b: Urshifu|Wicked Blow|p1b: gn\n|-crit|p1b: gn\n|-damage|p1b: gn|7\/100\n|-damage|p2b: Urshifu|28\/100|[from] item: Life Orb\n|move|p1b: gn|Make It Rain|p2a: Articuno|[spread] p2a,p2b\n|-supereffective|p2a: Articuno\n|-resisted|p2b: Urshifu\n|-crit|p2b: Urshifu\n|-damage|p2a: Articuno|0 fnt\n|-damage|p2b: Urshifu|0 fnt\n|-unboost|p1b: gn|spa|1\n|faint|p2a: Articuno\n|faint|p2b: Urshifu\n|-damage|p1b: gn|0 fnt|[from] item: Life Orb\n|faint|p1b: gn\n|\n|win|Snog2273\n|raw|Snog2273's rating: 1227 &rarr; <strong>1247<\/strong><br \/>(+20 for winning)\n|raw|Trreize's rating: 1157 &rarr; <strong>1137<\/strong><br \/>(-20 for losing)\n|l|\u2606Trreize\n","uploadtime":1701011059,"views":5,"p1id":"snog2273","p2id":"trreize","formatid":"gen9vgc2023regulatione","rating":1137,"private":0,"password":""}