{"id":"gen9vgc2023regulatione-1988195799","p1":"Tepig_nNz_498","p2":"Sun mack2828","format":"[Gen 9] VGC 2023 Regulation E","log":"|j|\u2606Tepig_nNz_498\n|j|\u2606Sun mack2828\n|t:|1699683172\n|gametype|doubles\n|player|p1|Tepig_nNz_498|dawn|1385\n|player|p2|Sun mack2828|102|1261\n|teamsize|p1|6\n|teamsize|p2|6\n|gen|9\n|tier|[Gen 9] VGC 2023 Regulation E\n|rated|\n|rule|Species Clause: Limit one of each Pok\u00e9mon\n|rule|Item Clause: Limit one of each item\n|clearpoke\n|poke|p1|Tornadus, L50, M|\n|poke|p1|Thundurus-Therian, L50, M|\n|poke|p1|Landorus-Therian, L50, M|\n|poke|p1|Enamorus-Therian, L50, F|\n|poke|p1|Goodra-Hisui, L50, F|\n|poke|p1|Tatsugiri, L50, M|\n|poke|p2|Chien-Pao, L50|\n|poke|p2|Farigiraf, L50, M|\n|poke|p2|Urshifu-*, L50, F|\n|poke|p2|Rillaboom, L50, M|\n|poke|p2|Arcanine-Hisui, L50, F|\n|poke|p2|Tornadus, L50, M|\n|teampreview|4\n|inactive|Battle timer is ON: inactive players will automatically lose when time's up. (requested by Tepig_nNz_498)\n|\n|t:|1699683203\n|start\n|switch|p1a: Tornadus|Tornadus, L50, M|100\/100\n|switch|p1b: Landorus|Landorus-Therian, L50, M|100\/100\n|switch|p2a: Farigiraf|Farigiraf, L50, M|100\/100\n|switch|p2b: Tornadus|Tornadus, L50, M|100\/100\n|-ability|p1b: Landorus|Intimidate|boost\n|-unboost|p2a: Farigiraf|atk|1\n|-unboost|p2b: Tornadus|atk|1\n|turn|1\n|inactive|Tepig_nNz_498 has 30 seconds left.\n|inactive|Tepig_nNz_498 has 20 seconds left.\n|\n|t:|1699683239\n|-terastallize|p1b: Landorus|Flying\n|-terastallize|p2b: Tornadus|Dark\n|move|p2b: Tornadus|Tailwind|p2b: Tornadus\n|-sidestart|p2: Sun mack2828|move: Tailwind\n|move|p1a: Tornadus|Bleakwind Storm|p2a: Farigiraf|[spread] p2a,p2b\n|-damage|p2a: Farigiraf|57\/100\n|-damage|p2b: Tornadus|64\/100\n|move|p2a: Farigiraf|Psychic|p1b: Landorus\n|-damage|p1b: Landorus|67\/100\n|move|p1b: Landorus|Tera Blast|p2a: Farigiraf|[anim] Tera Blast Flying\n|-damage|p2a: Farigiraf|5\/100\n|\n|upkeep\n|turn|2\n|inactive|Tepig_nNz_498 has 30 seconds left.\n|inactive|Sun mack2828 has 30 seconds left.\n|inactive|Sun mack2828 has 20 seconds left.\n|\n|t:|1699683274\n|move|p2a: Farigiraf|Helping Hand|p2b: Tornadus\n|-singleturn|p2b: Tornadus|Helping Hand|[of] p2a: Farigiraf\n|move|p1a: Tornadus|Tailwind|p1a: Tornadus\n|-sidestart|p1: Tepig_nNz_498|move: Tailwind\n|move|p1b: Landorus|U-turn|p2a: Farigiraf\n|-supereffective|p2a: Farigiraf\n|-damage|p2a: Farigiraf|0 fnt\n|-damage|p1b: Landorus|51\/100|[from] item: Rocky Helmet|[of] p2a: Farigiraf\n|faint|p2a: Farigiraf\n|\n|t:|1699683289\n|switch|p1b: Thundurus|Thundurus-Therian, L50, M|100\/100|[from] U-turn\n|move|p2b: Tornadus|Bleakwind Storm|p1b: Thundurus|[spread] p1a,p1b\n|-crit|p1a: Tornadus\n|-resisted|p1b: Thundurus\n|-enditem|p1a: Tornadus|Focus Sash\n|-damage|p1a: Tornadus|1\/100\n|-damage|p1b: Thundurus|62\/100\n|-unboost|p1a: Tornadus|spe|1\n|-unboost|p1b: Thundurus|spe|1\n|\n|upkeep\n|\n|t:|1699683300\n|switch|p2a: Chien-Pao|Chien-Pao, L50|100\/100\n|-ability|p2a: Chien-Pao|Sword of Ruin\n|turn|3\n|\n|t:|1699683315\n|move|p1b: Thundurus|Protect|p1b: Thundurus\n|-singleturn|p1b: Thundurus|Protect\n|move|p1a: Tornadus|Rain Dance|p1a: Tornadus\n|-weather|RainDance\n|move|p2a: Chien-Pao|Icicle Crash|p1b: Thundurus\n|-activate|p1b: Thundurus|move: Protect\n|move|p2b: Tornadus|Bleakwind Storm|p1b: Thundurus|[spread] p1a\n|-activate|p1b: Thundurus|move: Protect\n|-damage|p1a: Tornadus|0 fnt\n|faint|p1a: Tornadus\n|\n|-weather|RainDance|[upkeep]\n|upkeep\n|\n|t:|1699683325\n|switch|p1a: Tatsugiri|Tatsugiri, L50, M|100\/100\n|turn|4\n|\n|t:|1699683340\n|switch|p1b: Landorus|Landorus-Therian, L50, M, tera:Flying|51\/100\n|-ability|p1b: Landorus|Intimidate|boost\n|-unboost|p2a: Chien-Pao|atk|1\n|-unboost|p2b: Tornadus|atk|1\n|move|p1a: Tatsugiri|Muddy Water|p2a: Chien-Pao|[spread] p2a,p2b\n|-damage|p2a: Chien-Pao|24\/100\n|-damage|p2b: Tornadus|14\/100\n|-unboost|p2a: Chien-Pao|accuracy|1\n|move|p2a: Chien-Pao|Icicle Crash|p1b: Landorus\n|-supereffective|p1b: Landorus\n|-damage|p1b: Landorus|0 fnt\n|faint|p1b: Landorus\n|move|p2b: Tornadus|Bleakwind Storm|p1a: Tatsugiri\n|-damage|p1a: Tatsugiri|45\/100\n|\n|-weather|RainDance|[upkeep]\n|-sideend|p2: Sun mack2828|move: Tailwind\n|upkeep\n|\n|t:|1699683347\n|switch|p1b: Thundurus|Thundurus-Therian, L50, M|62\/100\n|turn|5\n|\n|t:|1699683367\n|move|p2a: Chien-Pao|Sucker Punch|p1a: Tatsugiri|[miss]\n|-miss|p2a: Chien-Pao|p1a: Tatsugiri\n|move|p1a: Tatsugiri|Muddy Water|p2b: Tornadus|[spread] p2b\n|-miss|p1a: Tatsugiri|p2a: Chien-Pao\n|-damage|p2b: Tornadus|0 fnt\n|faint|p2b: Tornadus\n|move|p1b: Thundurus|Charge Beam|p2a: Chien-Pao\n|-damage|p2a: Chien-Pao|0 fnt\n|faint|p2a: Chien-Pao\n|\n|-weather|RainDance|[upkeep]\n|-sideend|p1: Tepig_nNz_498|move: Tailwind\n|upkeep\n|\n|t:|1699683384\n|switch|p2a: Arcanine|Arcanine-Hisui, L50, F|100\/100\n|-ability|p2a: Arcanine|Intimidate|boost\n|-unboost|p1a: Tatsugiri|atk|1\n|-unboost|p1b: Thundurus|atk|1\n|turn|6\n|\n|t:|1699683393\n|move|p2a: Arcanine|Extreme Speed|p1a: Tatsugiri\n|-damage|p1a: Tatsugiri|0 fnt\n|faint|p1a: Tatsugiri\n|move|p1b: Thundurus|Wildbolt Storm|p2a: Arcanine\n|-damage|p2a: Arcanine|17\/100\n|\n|-weather|RainDance|[upkeep]\n|upkeep\n|turn|7\n|\n|t:|1699683409\n|move|p2a: Arcanine|Extreme Speed|p1b: Thundurus\n|-damage|p1b: Thundurus|0 fnt\n|faint|p1b: Thundurus\n|\n|win|Sun mack2828\n|raw|Tepig_nNz_498's rating: 1385 &rarr; <strong>1358<\/strong><br \/>(-27 for losing)\n|raw|Sun mack2828's rating: 1261 &rarr; <strong>1295<\/strong><br \/>(+34 for winning)\n|l|\u2606Tepig_nNz_498\n","uploadtime":1699683418,"views":24,"p1id":"tepignnz498","p2id":"sunmack2828","formatid":"gen9vgc2023regulatione","rating":1295,"private":0,"password":""}