{"id":"gen9vgc2023regulatione-1995070343","p1":"Bradgga","p2":"KitchenIsInFlames","format":"[Gen 9] VGC 2023 Regulation E","log":"|j|\u2606Bradgga\n|j|\u2606KitchenIsInFlames\n|n|\u2606Bradgga|bradgga\n|n|\u2606KitchenIsInFlames|kitchenisinflames\n|html|View the match progress at <a href=\"\/game-bestof3-gen9vgc2023regulatione-1995068024\">game-bestof3-gen9vgc2023regulatione-1995068024<\/a>\n|t:|1700519310\n|gametype|doubles\n|player|p1|Bradgga|marlon|\n|player|p2|KitchenIsInFlames|blue|\n|teamsize|p1|6\n|teamsize|p2|6\n|gen|9\n|tier|[Gen 9] VGC 2023 Regulation E\n|rated|Tournament battle\n|rule|Species Clause: Limit one of each Pok\u00e9mon\n|rule|Item Clause: Limit one of each item\n|clearpoke\n|poke|p1|Persian, L50, F|\n|poke|p1|Ogerpon, L50, F|\n|poke|p1|Empoleon, L50, M|\n|poke|p1|Ditto, L50|\n|poke|p1|Garganacl, L50, F|\n|poke|p1|Tinkaton, L50, F|\n|poke|p2|Landorus-Therian, L50, M|\n|poke|p2|Flutter Mane, L50|\n|poke|p2|Heatran, L50, F|\n|poke|p2|Iron Hands, L50|\n|poke|p2|Amoonguss, L50, F|\n|poke|p2|Tornadus, L50, M|\n|teampreview|4\n|showteam|p1|Persian||NormalGem|Technician|FakeOut,Protect,Covet,HelpingHand|||F|||50|,,,,,Ghost]Ogerpon||FocusSash|Defiant|SpikyShield,FollowMe,HornLeech,KnockOff|||F|||50|,,,,,Grass]Empoleon||AssaultVest|Competitive|FlashCannon,WaterPledge,AirSlash,GrassKnot|||M|||50|,,,,,Ground]Ditto||ChoiceScarf|Limber|Transform||||||50|,,,,,Steel]Garganacl||Leftovers|PurifyingSalt|RockSlide,WideGuard,Recover,SaltCure|||F|||50|,,,,,Steel]Tinkaton||SitrusBerry|MoldBreaker|GigatonHammer,Protect,ThunderWave,HelpingHand|||F|||50|,,,,,Fire\n|showteam|p2|Landorus-Therian||ChoiceScarf|Intimidate|StompingTantrum,TeraBlast,Uturn,RockSlide|||M|||50|,,,,,Flying]Flutter Mane||ChoiceSpecs|Protosynthesis|Moonblast,DazzlingGleam,ShadowBall,PerishSong||||||50|,,,,,Fairy]Heatran||LifeOrb|FlashFire|HeatWave,EarthPower,FlashCannon,Protect|||F|||50|,,,,,Fairy]Iron Hands||AssaultVest|QuarkDrive|FakeOut,DrainPunch,WildCharge,HeavySlam||||||50|,,,,,Grass]Amoonguss||RockyHelmet|Regenerator|Spore,RagePowder,PollenPuff,Protect|||F|||50|,,,,,Water]Tornadus||CovertCloak|Prankster|IcyWind,Tailwind,SunnyDay,BleakwindStorm|||M|||50|,,,,,Ghost\n|\n|t:|1700519324\n|start\n|switch|p1a: Persian|Persian, L50, F|100\/100\n|switch|p1b: Empoleon|Empoleon, L50, M|100\/100\n|switch|p2a: Landorus|Landorus-Therian, L50, M|100\/100\n|switch|p2b: Iron Hands|Iron Hands, L50|100\/100\n|-ability|p2a: Landorus|Intimidate|boost\n|-unboost|p1a: Persian|atk|1\n|-unboost|p1b: Empoleon|atk|1\n|-ability|p1b: Empoleon|Competitive|boost\n|-boost|p1b: Empoleon|spa|2\n|turn|1\n|\n|t:|1700519352\n|move|p1a: Persian|Fake Out|p2a: Landorus\n|-enditem|p1a: Persian|Normal Gem|[from] gem\n|-crit|p2a: Landorus\n|-damage|p2a: Landorus|56\/100\n|cant|p2a: Landorus|flinch\n|move|p2b: Iron Hands|Drain Punch|p1b: Empoleon\n|-supereffective|p1b: Empoleon\n|-damage|p1b: Empoleon|6\/100\n|move|p1b: Empoleon|Water Pledge|p2a: Landorus\n|-supereffective|p2a: Landorus\n|-damage|p2a: Landorus|0 fnt\n|faint|p2a: Landorus\n|\n|upkeep\n|\n|t:|1700519366\n|switch|p2a: Amoonguss|Amoonguss, L50, F|100\/100\n|turn|2\n|\n|t:|1700519408\n|move|p1a: Persian|Covet|p2a: Amoonguss\n|-damage|p2a: Amoonguss|84\/100\n|-damage|p1a: Persian|84\/100|[from] item: Rocky Helmet|[of] p2a: Amoonguss\n|-item|p1a: Persian|Rocky Helmet|[from] move: Covet|[of] p2a: Amoonguss\n|move|p2b: Iron Hands|Drain Punch|p1b: Empoleon\n|-supereffective|p1b: Empoleon\n|-damage|p1b: Empoleon|0 fnt\n|faint|p1b: Empoleon\n|move|p2a: Amoonguss|Spore|p1a: Persian\n|-status|p1a: Persian|slp|[from] move: Spore\n|\n|upkeep\n|\n|t:|1700519427\n|switch|p1b: Ogerpon|Ogerpon, L50, F|100\/100\n|turn|3\n|j| vHollowZangetsu\n|\n|t:|1700519472\n|switch|p2a: Heatran|Heatran, L50, F|100\/100\n|cant|p1a: Persian|slp\n|move|p1b: Ogerpon|Horn Leech|p2b: Iron Hands\n|-damage|p2b: Iron Hands|75\/100\n|move|p2b: Iron Hands|Drain Punch|p1a: Persian\n|-supereffective|p1a: Persian\n|-damage|p1a: Persian|0 fnt\n|-heal|p2b: Iron Hands|99\/100|[from] drain|[of] p1a: Persian\n|-damage|p2b: Iron Hands|84\/100|[from] item: Rocky Helmet|[of] p1a: Persian\n|faint|p1a: Persian\n|\n|upkeep\n|inactive|Battle timer is ON: inactive players will automatically lose when time's up. (requested by KitchenIsInFlames)\n|\n|t:|1700519504\n|switch|p1a: Tinkaton|Tinkaton, L50, F|100\/100\n|-ability|p1a: Tinkaton|Mold Breaker\n|turn|4\n|inactive|Bradgga has 30 seconds left.\n|inactive|KitchenIsInFlames has 30 seconds left.\n|\n|t:|1700519532\n|move|p1a: Tinkaton|Helping Hand|p1b: Ogerpon\n|-singleturn|p1b: Ogerpon|Helping Hand|[of] p1a: Tinkaton\n|move|p1b: Ogerpon|Knock Off|p2a: Heatran\n|-damage|p2a: Heatran|57\/100\n|-enditem|p2a: Heatran|Life Orb|[from] move: Knock Off|[of] p1b: Ogerpon\n|move|p2a: Heatran|Heat Wave|p1b: Ogerpon|[spread] p1a,p1b\n|-supereffective|p1a: Tinkaton\n|-supereffective|p1b: Ogerpon\n|-damage|p1a: Tinkaton|47\/100\n|-damage|p1b: Ogerpon|15\/100\n|-enditem|p1a: Tinkaton|Sitrus Berry|[eat]\n|-heal|p1a: Tinkaton|72\/100|[from] item: Sitrus Berry\n|move|p2b: Iron Hands|Drain Punch|p1a: Tinkaton\n|-damage|p1a: Tinkaton|21\/100\n|-heal|p2b: Iron Hands|100\/100|[from] drain|[of] p1a: Tinkaton\n|\n|upkeep\n|turn|5\n|\n|t:|1700519551\n|move|p1b: Ogerpon|Spiky Shield|p1b: Ogerpon\n|-singleturn|p1b: Ogerpon|move: Protect\n|move|p1a: Tinkaton|Gigaton Hammer|p2b: Iron Hands\n|-resisted|p2b: Iron Hands\n|-damage|p2b: Iron Hands|85\/100\n|move|p2a: Heatran|Heat Wave|p1a: Tinkaton|[spread] p1a\n|-activate|p1b: Ogerpon|move: Protect\n|-supereffective|p1a: Tinkaton\n|-damage|p1a: Tinkaton|0 fnt\n|faint|p1a: Tinkaton\n|move|p2b: Iron Hands|Drain Punch|p1b: Ogerpon\n|-activate|p1b: Ogerpon|move: Protect\n|-damage|p2b: Iron Hands|73\/100|[from] Spiky Shield|[of] p1b: Ogerpon\n|\n|upkeep\n|turn|6\n|\n|t:|1700519569\n|-terastallize|p1b: Ogerpon|Grass\n|detailschange|p1b: Ogerpon|Ogerpon-Teal-Tera, L50, F, tera:Grass\n|-ability|p1b: Ogerpon|Embody Aspect (Teal)|boost\n|-boost|p1b: Ogerpon|spe|1\n|move|p1b: Ogerpon|Horn Leech|p2b: Iron Hands\n|-damage|p2b: Iron Hands|39\/100\n|-heal|p1b: Ogerpon|40\/100|[from] drain|[of] p2b: Iron Hands\n|move|p2a: Heatran|Flash Cannon|p1b: Ogerpon\n|-damage|p1b: Ogerpon|0 fnt\n|faint|p1b: Ogerpon\n|\n|win|KitchenIsInFlames\n","uploadtime":1700519586,"views":1,"p1id":"bradgga","p2id":"kitchenisinflames","formatid":"gen9vgc2023regulatione","rating":0,"private":0,"password":""}