{"id":"gen9vgc2023regulatione-1996850422","p1":"xingshen","p2":"Sirwoodie","format":"[Gen 9] VGC 2023 Regulation E","log":"|j|\u2606xingshen\n|j|\u2606Sirwoodie\n|t:|1700735255\n|gametype|doubles\n|player|p1|xingshen|265|1108\n|player|p2|Sirwoodie|169|1000\n|teamsize|p1|6\n|teamsize|p2|6\n|gen|9\n|tier|[Gen 9] VGC 2023 Regulation E\n|rated|\n|rule|Species Clause: Limit one of each Pok\u00e9mon\n|rule|Item Clause: Limit one of each item\n|clearpoke\n|poke|p1|Landorus-Therian, L50, M|\n|poke|p1|Chi-Yu, L50|\n|poke|p1|Ogerpon-Hearthflame, L50, F|\n|poke|p1|Ninetales, L50, F|\n|poke|p1|Flutter Mane, L50|\n|poke|p1|Dragonite, L50, M|\n|poke|p2|Flutter Mane, L50|\n|poke|p2|Heatran, L50, F|\n|poke|p2|Slowking-Galar, L50, M|\n|poke|p2|Dragonite, L50, M|\n|poke|p2|Kingambit, L50, M|\n|poke|p2|Florges, L50, F|\n|teampreview|4\n|\n|t:|1700735305\n|start\n|switch|p1a: Ninetales|Ninetales, L50, F|100\/100\n|switch|p1b: Landorus|Landorus-Therian, L50, M|100\/100\n|switch|p2a: Heatran|Heatran, L50, F|100\/100\n|switch|p2b: Florges|Florges, L50, F|100\/100\n|-ability|p1b: Landorus|Intimidate|boost\n|-unboost|p2a: Heatran|atk|1\n|-unboost|p2b: Florges|atk|1\n|-weather|SunnyDay|[from] ability: Drought|[of] p1a: Ninetales\n|turn|1\n|\n|t:|1700735324\n|move|p2a: Heatran|Protect|p2a: Heatran\n|-singleturn|p2a: Heatran|Protect\n|move|p1b: Landorus|Stomping Tantrum|p2a: Heatran\n|-activate|p2a: Heatran|move: Protect\n|move|p1a: Ninetales|Calm Mind|p1a: Ninetales\n|-boost|p1a: Ninetales|spa|1\n|-boost|p1a: Ninetales|spd|1\n|move|p2b: Florges|Calm Mind|p2b: Florges\n|-boost|p2b: Florges|spa|1\n|-boost|p2b: Florges|spd|1\n|\n|-weather|SunnyDay|[upkeep]\n|upkeep\n|turn|2\n|\n|t:|1700735347\n|-terastallize|p2a: Heatran|Grass\n|move|p1b: Landorus|Stomping Tantrum|p2b: Florges\n|-damage|p2b: Florges|20\/100\n|move|p1a: Ninetales|Calm Mind|p1a: Ninetales\n|-boost|p1a: Ninetales|spa|1\n|-boost|p1a: Ninetales|spd|1\n|move|p2b: Florges|Baton Pass|p2b: Florges\n|\n|t:|1700735359\n|switch|p2b: Flutter Mane|Flutter Mane, L50|100\/100|[from] Baton Pass\n|-activate|p2b: Flutter Mane|ability: Protosynthesis\n|-start|p2b: Flutter Mane|protosynthesisspa\n|move|p2a: Heatran|Tera Blast|p1b: Landorus|[anim] Tera Blast Grass\n|-damage|p1b: Landorus|54\/100\n|\n|-weather|SunnyDay|[upkeep]\n|upkeep\n|turn|3\n|\n|t:|1700735383\n|switch|p1b: Dragonite|Dragonite, L50, M|100\/100\n|move|p2b: Flutter Mane|Dazzling Gleam|p1a: Ninetales|[spread] p1a,p1b\n|-resisted|p1a: Ninetales\n|-supereffective|p1b: Dragonite\n|-damage|p1a: Ninetales|85\/100\n|-damage|p1b: Dragonite|30\/100\n|move|p1a: Ninetales|Fire Blast|p2b: Flutter Mane|[miss]\n|-miss|p1a: Ninetales|p2b: Flutter Mane\n|move|p2a: Heatran|Tera Blast|p1b: Dragonite|[anim] Tera Blast Grass\n|-resisted|p1b: Dragonite\n|-damage|p1b: Dragonite|21\/100\n|\n|-weather|SunnyDay|[upkeep]\n|upkeep\n|turn|4\n|\n|t:|1700735409\n|switch|p2a: Slowking|Slowking-Galar, L50, M|100\/100\n|-clearboost|p2b: Flutter Mane|[from] ability: Curious Medicine|[of] p2a: Slowking\n|move|p2b: Flutter Mane|Dazzling Gleam|p1b: Dragonite|[spread] p1a,p1b\n|-resisted|p1a: Ninetales\n|-supereffective|p1b: Dragonite\n|-damage|p1a: Ninetales|74\/100\n|-damage|p1b: Dragonite|0 fnt\n|faint|p1b: Dragonite\n|move|p1a: Ninetales|Fire Blast|p2b: Flutter Mane\n|-damage|p2b: Flutter Mane|3\/100\n|-status|p2b: Flutter Mane|brn\n|\n|-weather|SunnyDay|[upkeep]\n|-damage|p2b: Flutter Mane|0 fnt|[from] brn\n|faint|p2b: Flutter Mane\n|-end|p2b: Flutter Mane|Protosynthesis|[silent]\n|upkeep\n|\n|t:|1700735429\n|switch|p2b: Florges|Florges, L50, F|20\/100\n|switch|p1b: Ogerpon|Ogerpon-Hearthflame, L50, F|100\/100\n|-ability|p1b: Ogerpon|Mold Breaker\n|turn|5\n|\n|t:|1700735443\n|move|p1b: Ogerpon|Ivy Cudgel|p2a: Slowking|[anim] Ivy Cudgel Fire\n|-damage|p2a: Slowking|5\/100\n|move|p1a: Ninetales|Fire Blast|p2b: Florges|[miss]\n|-miss|p1a: Ninetales|p2b: Florges\n|move|p2b: Florges|Calm Mind|p2b: Florges\n|-boost|p2b: Florges|spa|1\n|-boost|p2b: Florges|spd|1\n|move|p2a: Slowking|Psych Up|p1a: Ninetales\n|-copyboost|p2a: Slowking|p1a: Ninetales|[from] move: Psych Up\n|\n|-weather|none\n|-heal|p2a: Slowking|11\/100|[from] item: Black Sludge\n|upkeep\n|turn|6\n|inactive|Battle timer is ON: inactive players will automatically lose when time's up. (requested by Sirwoodie)\n|\n|t:|1700735468\n|move|p1b: Ogerpon|U-turn|p2a: Slowking\n|-damage|p2a: Slowking|0 fnt\n|faint|p2a: Slowking\n|\n|t:|1700735477\n|switch|p1b: Landorus|Landorus-Therian, L50, M|54\/100|[from] U-turn\n|-ability|p1b: Landorus|Intimidate|boost\n|-unboost|p2b: Florges|atk|1\n|move|p1a: Ninetales|Fire Blast|p2b: Florges|[miss]\n|-miss|p1a: Ninetales|p2b: Florges\n|move|p2b: Florges|Pollen Puff|p2: Slowking|[notarget]\n|-fail|p2b: Florges\n|\n|upkeep\n|\n|t:|1700735494\n|switch|p2a: Heatran|Heatran, L50, F, tera:Grass|100\/100\n|turn|7\n|\n|t:|1700735510\n|-terastallize|p1b: Landorus|Flying\n|move|p1b: Landorus|Tera Blast|p2a: Heatran|[anim] Tera Blast Flying\n|-supereffective|p2a: Heatran\n|-damage|p2a: Heatran|5\/100\n|move|p1a: Ninetales|Fire Blast|p2b: Florges\n|-damage|p2b: Florges|0 fnt\n|faint|p2b: Florges\n|move|p2a: Heatran|Heavy Slam|p1b: Landorus\n|-damage|p1b: Landorus|18\/100\n|\n|upkeep\n|turn|8\n|-message|Sirwoodie forfeited.\n|\n|win|xingshen\n|raw|xingshen's rating: 1108 &rarr; <strong>1125<\/strong><br \/>(+17 for winning)\n|raw|Sirwoodie's rating: 1000 &rarr; <strong>1000<\/strong><br \/>(+0 for losing)\n|l|\u2606Sirwoodie\n","uploadtime":1700735532,"views":5,"p1id":"xingshen","p2id":"sirwoodie","formatid":"gen9vgc2023regulatione","rating":1000,"private":0,"password":""}