{"id":"gen9vgc2023regulatione-1998593771","p1":"huxley187","p2":"KicksGG","format":"[Gen 9] VGC 2023 Regulation E","log":"|j|\u2606huxley187\n|j|\u2606KicksGG\n|n|\u2606huxley187|huxley187\n|n|\u2606KicksGG|kicksgg\n|html|View the match progress at <a href=\"\/game-bestof3-gen9vgc2023regulatione-1998593770\">game-bestof3-gen9vgc2023regulatione-1998593770<\/a>\n|t:|1700960575\n|gametype|doubles\n|player|p1|huxley187|2|\n|player|p2|KicksGG|2|\n|teamsize|p1|6\n|teamsize|p2|6\n|gen|9\n|tier|[Gen 9] VGC 2023 Regulation E\n|rule|Species Clause: Limit one of each Pok\u00e9mon\n|rule|Item Clause: Limit one of each item\n|clearpoke\n|poke|p1|Armarouge, L50, M|\n|poke|p1|Indeedee-F, L50, F|\n|poke|p1|Urshifu-*, L50, F|\n|poke|p1|Volcarona, L50, M|\n|poke|p1|Gallade, L50, M|\n|poke|p1|Hawlucha, L50, F|\n|poke|p2|Amoonguss, L50, F|\n|poke|p2|Roaring Moon, L50|\n|poke|p2|Farigiraf, L50, F|\n|poke|p2|Glimmora, L50, F|\n|poke|p2|Crawdaunt, L50, F|\n|poke|p2|Heracross, L50, F|\n|teampreview|4\nhuxley187 rejected open team sheets.\n|c|\u2606huxley187|sorry about that\n|c|\u2606huxley187|g1\n|c|\u2606KicksGG|all good dude\n|\n|t:|1700960635\n|start\n|switch|p1a: Psyspam supporter|Indeedee-F, L50, F|100\/100\n|switch|p1b: Psyspam booster|Hawlucha, L50, F|100\/100\n|switch|p2a: Amoonguss|Amoonguss, L50, F|100\/100\n|switch|p2b: Crawdaunt|Crawdaunt, L50, F|100\/100\n|-fieldstart|move: Psychic Terrain|[from] ability: Psychic Surge|[of] p1a: Psyspam supporter\n|-enditem|p1b: Psyspam booster|Psychic Seed\n|-boost|p1b: Psyspam booster|spd|1|[from] item: Psychic Seed\n|turn|1\n|\n|t:|1700960674\n|move|p1a: Psyspam supporter|Follow Me|p1a: Psyspam supporter\n|-singleturn|p1a: Psyspam supporter|move: Follow Me\n|move|p2a: Amoonguss|Rage Powder|p2a: Amoonguss\n|-singleturn|p2a: Amoonguss|move: Rage Powder\n|move|p1b: Psyspam booster|Close Combat|p2a: Amoonguss\n|-resisted|p2a: Amoonguss\n|-damage|p2a: Amoonguss|80\/100\n|-unboost|p1b: Psyspam booster|def|1\n|-unboost|p1b: Psyspam booster|spd|1\n|move|p2b: Crawdaunt|Swords Dance|p2b: Crawdaunt\n|-boost|p2b: Crawdaunt|atk|2\n|\n|upkeep\n|turn|2\n|\n|t:|1700960735\n|move|p1a: Psyspam supporter|Follow Me|p1a: Psyspam supporter\n|-singleturn|p1a: Psyspam supporter|move: Follow Me\n|move|p1b: Psyspam booster|Acrobatics|p2a: Amoonguss\n|-supereffective|p2a: Amoonguss\n|-damage|p2a: Amoonguss|4\/100\n|-enditem|p2a: Amoonguss|Sitrus Berry|[eat]\n|-heal|p2a: Amoonguss|29\/100|[from] item: Sitrus Berry\n|move|p2b: Crawdaunt|Knock Off|p1a: Psyspam supporter\n|-supereffective|p1a: Psyspam supporter\n|-damage|p1a: Psyspam supporter|0 fnt\n|-enditem|p1a: Psyspam supporter|Safety Goggles|[from] move: Knock Off|[of] p2b: Crawdaunt\n|faint|p1a: Psyspam supporter\n|-damage|p2b: Crawdaunt|90\/100|[from] item: Life Orb\n|move|p2a: Amoonguss|Spore|p1b: Psyspam booster\n|-status|p1b: Psyspam booster|slp|[from] move: Spore\n|\n|upkeep\n|\n|t:|1700960753\n|switch|p1a: Psyspam cutter|Gallade, L50, M|100\/100\n|turn|3\n|\n|t:|1700960779\n|move|p2a: Amoonguss|Rage Powder|p2a: Amoonguss\n|-singleturn|p2a: Amoonguss|move: Rage Powder\n|cant|p1b: Psyspam booster|slp\n|move|p1a: Psyspam cutter|Sacred Sword|p2a: Amoonguss\n|-resisted|p2a: Amoonguss\n|-damage|p2a: Amoonguss|0 fnt\n|faint|p2a: Amoonguss\n|-damage|p1a: Psyspam cutter|91\/100|[from] item: Life Orb\n|move|p2b: Crawdaunt|Knock Off|p1a: Psyspam cutter\n|-damage|p1a: Psyspam cutter|0 fnt\n|-enditem|p1a: Psyspam cutter|Life Orb|[from] move: Knock Off|[of] p2b: Crawdaunt\n|faint|p1a: Psyspam cutter\n|-damage|p2b: Crawdaunt|80\/100|[from] item: Life Orb\n|\n|upkeep\n|j| Lkynmbr24\n|\n|t:|1700960801\n|switch|p1a: AveragePsyspamFan|Armarouge, L50, M|100\/100\n|switch|p2a: Roaring Moon|Roaring Moon, L50|100\/100\n|-enditem|p2a: Roaring Moon|Booster Energy\n|-activate|p2a: Roaring Moon|ability: Protosynthesis|[fromitem]\n|-start|p2a: Roaring Moon|protosynthesisspe\n|turn|4\n|\n|t:|1700960831\n|move|p1a: AveragePsyspamFan|Protect|p1a: AveragePsyspamFan\n|-singleturn|p1a: AveragePsyspamFan|Protect\n|cant|p1b: Psyspam booster|slp\n|move|p2a: Roaring Moon|Acrobatics|p1b: Psyspam booster\n|-supereffective|p1b: Psyspam booster\n|-damage|p1b: Psyspam booster|0 fnt\n|faint|p1b: Psyspam booster\n|move|p2b: Crawdaunt|Knock Off|p1a: AveragePsyspamFan\n|-activate|p1a: AveragePsyspamFan|move: Protect\n|\n|upkeep\n|turn|5\n|\n|t:|1700960847\n|move|p2a: Roaring Moon|Acrobatics|p1a: AveragePsyspamFan\n|-damage|p1a: AveragePsyspamFan|67\/100\n|move|p1a: AveragePsyspamFan|Aura Sphere|p2b: Crawdaunt\n|-supereffective|p2b: Crawdaunt\n|-damage|p2b: Crawdaunt|0 fnt\n|faint|p2b: Crawdaunt\n|\n|-fieldend|move: Psychic Terrain\n|upkeep\n|\n|t:|1700960856\n|switch|p2b: Glimmora|Glimmora, L50, F|100\/100\n|turn|6\n|c|\u2606huxley187|this game did not go according to plan\n|\n|t:|1700960892\n|-terastallize|p2b: Glimmora|Water\n|-terastallize|p1a: AveragePsyspamFan|Psychic\n|move|p2a: Roaring Moon|Knock Off|p1a: AveragePsyspamFan\n|-supereffective|p1a: AveragePsyspamFan\n|-damage|p1a: AveragePsyspamFan|0 fnt\n|-enditem|p1a: AveragePsyspamFan|Covert Cloak|[from] move: Knock Off|[of] p2a: Roaring Moon\n|faint|p1a: AveragePsyspamFan\n|\n|win|KicksGG\n|c|&|\/uhtml prompt-huxley187,huxley187 is ready for game 2!\n|inactive|KicksGG has 50 seconds to confirm battle start!\n|c|&|\/uhtml prompt-kicksgg,KicksGG is ready for game 2!\nBoth players are ready! Starting next match!\n|l| Lkynmbr24\n","uploadtime":1700961551,"views":14,"p1id":"huxley187","p2id":"kicksgg","formatid":"gen9vgc2023regulatione","rating":0,"private":0,"password":""}