{"id":"gen9vgc2023regulatione-1998056316","p1":"Spler","p2":"cammmmy","format":"[Gen 9] VGC 2023 Regulation E","log":"|j|\u2606Spler\n|j|\u2606cammmmy\n|t:|1700884652\n|gametype|doubles\n|player|p1|Spler|101|1403\n|player|p2|cammmmy|169|1379\n|teamsize|p1|6\n|teamsize|p2|6\n|gen|9\n|tier|[Gen 9] VGC 2023 Regulation E\n|rated|\n|rule|Species Clause: Limit one of each Pok\u00e9mon\n|rule|Item Clause: Limit one of each item\n|clearpoke\n|poke|p1|Iron Hands, L50|\n|poke|p1|Landorus-Therian, L50, M|\n|poke|p1|Sinistcha, L50|\n|poke|p1|Grimmsnarl, L50, M|\n|poke|p1|Goodra-Hisui, L50, M|\n|poke|p1|Toxapex, L50, M|\n|poke|p2|Spiritomb, L50, F|\n|poke|p2|Indeedee-F, L50, F|\n|poke|p2|Ursaluna-Bloodmoon, L50, M|\n|poke|p2|Urshifu-*, L50, M|\n|poke|p2|Ogerpon-Cornerstone, L50, F|\n|poke|p2|Regidrago, L50|\n|teampreview|4\n|\n|t:|1700884689\n|start\n|switch|p1a: Grimmsnarl|Grimmsnarl, L50, M|100\/100\n|switch|p1b: Goodra|Goodra-Hisui, L50, M|100\/100\n|switch|p2a: Spiritomb|Spiritomb, L50, F|100\/100\n|switch|p2b: Urshifu|Urshifu-Rapid-Strike, L50, M|100\/100\n|-ability|p2a: Spiritomb|Pressure\n|turn|1\n|inactive|Battle timer is ON: inactive players will automatically lose when time's up. (requested by Spler)\n|\n|t:|1700884725\n|-terastallize|p1b: Goodra|Water\n|move|p2b: Urshifu|U-turn|p1a: Grimmsnarl\n|-damage|p1a: Grimmsnarl|75\/100\n|\n|t:|1700884732\n|switch|p2b: Regidrago|Regidrago, L50|100\/100|[from] U-turn\n|move|p1b: Goodra|Shelter|p1b: Goodra\n|-boost|p1b: Goodra|def|2\n|move|p1a: Grimmsnarl|Spirit Break|p2b: Regidrago\n|-supereffective|p2b: Regidrago\n|-crit|p2b: Regidrago\n|-damage|p2b: Regidrago|3\/100\n|-unboost|p2b: Regidrago|spa|1\n|move|p2a: Spiritomb|Trick Room|p2a: Spiritomb\n|-fieldstart|move: Trick Room|[of] p2a: Spiritomb\n|-enditem|p2b: Regidrago|Room Service\n|-unboost|p2b: Regidrago|spe|1|[from] item: Room Service\n|\n|upkeep\n|turn|2\n|inactive|Spler has 30 seconds left.\n|\n|t:|1700884760\n|-terastallize|p2b: Regidrago|Dragon\n|move|p1a: Grimmsnarl|Taunt|p2a: Spiritomb\n|-hint|Since gen 7, Dark is immune to Prankster moves.\n|-immune|p2a: Spiritomb\n|move|p2a: Spiritomb|Pain Split|p2b: Regidrago\n|-sethp|p2b: Regidrago|25\/100|[from] move: Pain Split|[silent]\n|-sethp|p2a: Spiritomb|53\/100|[from] move: Pain Split\n|move|p2b: Regidrago|Dragon Pulse|p1b: Goodra\n|-damage|p1b: Goodra|60\/100\n|move|p1b: Goodra|Shelter|p1b: Goodra\n|-boost|p1b: Goodra|def|2\n|\n|-heal|p2a: Spiritomb|59\/100|[from] item: Leftovers\n|-heal|p1b: Goodra|66\/100|[from] item: Leftovers\n|upkeep\n|turn|3\n|\n|t:|1700884783\n|move|p2a: Spiritomb|Calm Mind|p2a: Spiritomb\n|-boost|p2a: Spiritomb|spa|1\n|-boost|p2a: Spiritomb|spd|1\n|move|p2b: Regidrago|Dragon Pulse|p1b: Goodra\n|-damage|p1b: Goodra|26\/100\n|move|p1a: Grimmsnarl|Spirit Break|p2b: Regidrago\n|-supereffective|p2b: Regidrago\n|-damage|p2b: Regidrago|0 fnt\n|faint|p2b: Regidrago\n|move|p1b: Goodra|Life Dew|p1b: Goodra|[spread] p1a,p1b\n|-heal|p1a: Grimmsnarl|99\/100\n|-heal|p1b: Goodra|51\/100\n|\n|-heal|p2a: Spiritomb|65\/100|[from] item: Leftovers\n|-heal|p1b: Goodra|57\/100|[from] item: Leftovers\n|upkeep\n|\n|t:|1700884794\n|switch|p2b: Indeedee|Indeedee-F, L50, F|100\/100\n|turn|4\n|\n|t:|1700884807\n|move|p2b: Indeedee|Follow Me|p2b: Indeedee\n|-singleturn|p2b: Indeedee|move: Follow Me\n|move|p2a: Spiritomb|Calm Mind|p2a: Spiritomb\n|-boost|p2a: Spiritomb|spa|1\n|-boost|p2a: Spiritomb|spd|1\n|move|p1a: Grimmsnarl|Spirit Break|p2b: Indeedee\n|-damage|p2b: Indeedee|68\/100\n|-unboost|p2b: Indeedee|spa|1\n|move|p1b: Goodra|Life Dew|p1b: Goodra|[spread] p1a,p1b\n|-heal|p1a: Grimmsnarl|100\/100\n|-heal|p1b: Goodra|82\/100\n|\n|-heal|p2a: Spiritomb|71\/100|[from] item: Leftovers\n|-heal|p1b: Goodra|88\/100|[from] item: Leftovers\n|upkeep\n|turn|5\n|\n|t:|1700884828\n|move|p2b: Indeedee|Protect|p2b: Indeedee\n|-singleturn|p2b: Indeedee|Protect\n|move|p2a: Spiritomb|Calm Mind|p2a: Spiritomb\n|-boost|p2a: Spiritomb|spa|1\n|-boost|p2a: Spiritomb|spd|1\n|move|p1a: Grimmsnarl|Spirit Break|p2a: Spiritomb\n|-supereffective|p2a: Spiritomb\n|-damage|p2a: Spiritomb|17\/100\n|-unboost|p2a: Spiritomb|spa|1\n|move|p1b: Goodra|Body Press|p2b: Indeedee\n|-activate|p2b: Indeedee|move: Protect\n|\n|-heal|p2a: Spiritomb|23\/100|[from] item: Leftovers\n|-heal|p1b: Goodra|94\/100|[from] item: Leftovers\n|-fieldend|move: Trick Room\n|upkeep\n|turn|6\n|inactive|cammmmy has 30 seconds left.\n|\n|t:|1700884854\n|move|p2b: Indeedee|Follow Me|p2b: Indeedee\n|-singleturn|p2b: Indeedee|move: Follow Me\n|move|p1b: Goodra|Body Press|p2b: Indeedee\n|-damage|p2b: Indeedee|0 fnt\n|faint|p2b: Indeedee\n|move|p1a: Grimmsnarl|Spirit Break|p2a: Spiritomb\n|-supereffective|p2a: Spiritomb\n|-damage|p2a: Spiritomb|0 fnt\n|faint|p2a: Spiritomb\n|\n|-heal|p1b: Goodra|99\/100|[from] item: Leftovers\n|upkeep\n|-message|cammmmy forfeited.\n|\n|win|Spler\n|raw|Spler's rating: 1403 &rarr; <strong>1422<\/strong><br \/>(+19 for winning)\n|raw|cammmmy's rating: 1379 &rarr; <strong>1360<\/strong><br \/>(-19 for losing)\n|l|\u2606cammmmy\n","uploadtime":1700884869,"views":9,"p1id":"spler","p2id":"cammmmy","formatid":"gen9vgc2023regulatione","rating":1360,"private":0,"password":""}