{"id":"gen9vgc2023regulatione-1990727988","p1":"RipTide1388","p2":"Vitalis24","format":"[Gen 9] VGC 2023 Regulation E","log":"|j|\u2606RipTide1388\n|j|\u2606Vitalis24\n|t:|1699995317\n|gametype|doubles\n|player|p1|RipTide1388|nate|1333\n|player|p2|Vitalis24|ethan|1367\n|teamsize|p1|6\n|teamsize|p2|6\n|gen|9\n|tier|[Gen 9] VGC 2023 Regulation E\n|rated|\n|rule|Species Clause: Limit one of each Pok\u00e9mon\n|rule|Item Clause: Limit one of each item\n|clearpoke\n|poke|p1|Samurott-Hisui, L50, M|\n|poke|p1|Milotic, L50, M|\n|poke|p1|Iron Hands, L50|\n|poke|p1|Dragonite, L50, M|\n|poke|p1|Scream Tail, L50|\n|poke|p1|Ogerpon-Hearthflame, L50, F|\n|poke|p2|Heatran, L50, M|\n|poke|p2|Ogerpon-Wellspring, L50, F|\n|poke|p2|Indeedee-F, L50, F|\n|poke|p2|Flutter Mane, L50|\n|poke|p2|Landorus-Therian, L50, M|\n|poke|p2|Urshifu-*, L50, F|\n|teampreview|4\n|\n|t:|1699995355\n|start\n|switch|p1a: Dragonite|Dragonite, L50, M|100\/100\n|switch|p1b: Iron Hands|Iron Hands, L50|100\/100\n|switch|p2a: Flutter Mane|Flutter Mane, L50|100\/100\n|switch|p2b: Indeedee|Indeedee-F, L50, F|100\/100\n|-fieldstart|move: Psychic Terrain|[from] ability: Psychic Surge|[of] p2b: Indeedee\n|-enditem|p2a: Flutter Mane|Booster Energy\n|-activate|p2a: Flutter Mane|ability: Protosynthesis|[fromitem]\n|-start|p2a: Flutter Mane|protosynthesisspa\n|turn|1\n|\n|t:|1699995381\n|-terastallize|p1a: Dragonite|Flying\n|move|p2b: Indeedee|Follow Me|p2b: Indeedee\n|-singleturn|p2b: Indeedee|move: Follow Me\n|move|p2a: Flutter Mane|Dazzling Gleam|p1a: Dragonite|[spread] p1a,p1b\n|-supereffective|p1b: Iron Hands\n|-damage|p1a: Dragonite|52\/100\n|-damage|p1b: Iron Hands|48\/100\n|move|p1a: Dragonite|Ice Spinner|p2b: Indeedee\n|-damage|p2b: Indeedee|70\/100\n|-damage|p1a: Dragonite|36\/100|[from] item: Rocky Helmet|[of] p2b: Indeedee\n|-fieldend|move: Psychic Terrain\n|-enditem|p1a: Dragonite|Sitrus Berry|[eat]\n|-heal|p1a: Dragonite|60\/100|[from] item: Sitrus Berry\n|move|p1b: Iron Hands|Heavy Slam|p2b: Indeedee\n|-damage|p2b: Indeedee|25\/100\n|-damage|p1b: Iron Hands|31\/100|[from] item: Rocky Helmet|[of] p2b: Indeedee\n|\n|upkeep\n|turn|2\n|\n|t:|1699995418\n|move|p2b: Indeedee|Follow Me|p2b: Indeedee\n|-singleturn|p2b: Indeedee|move: Follow Me\n|move|p2a: Flutter Mane|Dazzling Gleam|p1a: Dragonite|[spread] p1a,p1b\n|-supereffective|p1b: Iron Hands\n|-damage|p1a: Dragonite|8\/100\n|-damage|p1b: Iron Hands|0 fnt\n|faint|p1b: Iron Hands\n|-end|p1b: Iron Hands|Quark Drive|[silent]\n|move|p1a: Dragonite|Tera Blast|p2b: Indeedee|[anim] Tera Blast Flying\n|-damage|p2b: Indeedee|0 fnt\n|faint|p2b: Indeedee\n|\n|upkeep\n|\n|t:|1699995433\n|switch|p2b: Ogerpon|Ogerpon-Wellspring, L50, F|100\/100\n|switch|p1b: Scream Tail|Scream Tail, L50|100\/100\n|-enditem|p1b: Scream Tail|Booster Energy\n|-activate|p1b: Scream Tail|ability: Protosynthesis|[fromitem]\n|-start|p1b: Scream Tail|protosynthesisspe\n|turn|3\n|\n|t:|1699995454\n|move|p1b: Scream Tail|Howl|p1b: Scream Tail|[spread] p1a,p1b\n|-boost|p1a: Dragonite|atk|1\n|-boost|p1b: Scream Tail|atk|1\n|move|p2b: Ogerpon|Ivy Cudgel|p1a: Dragonite|[anim] Ivy Cudgel Water\n|-damage|p1a: Dragonite|0 fnt\n|faint|p1a: Dragonite\n|move|p2a: Flutter Mane|Shadow Ball|p1b: Scream Tail\n|-supereffective|p1b: Scream Tail\n|-damage|p1b: Scream Tail|11\/100\n|\n|upkeep\n|\n|t:|1699995463\n|switch|p1a: Samurott|Samurott-Hisui, L50, M|100\/100\n|turn|4\n|\n|t:|1699995475\n|move|p1a: Samurott|Protect|p1a: Samurott\n|-singleturn|p1a: Samurott|Protect\n|move|p1b: Scream Tail|Encore|p2b: Ogerpon\n|-start|p2b: Ogerpon|Encore\n|move|p2b: Ogerpon|Ivy Cudgel|p1b: Scream Tail|[anim] Ivy Cudgel Water\n|-crit|p1b: Scream Tail\n|-damage|p1b: Scream Tail|0 fnt\n|faint|p1b: Scream Tail\n|-end|p1b: Scream Tail|Protosynthesis|[silent]\n|move|p2a: Flutter Mane|Dazzling Gleam|p1a: Samurott\n|-activate|p1a: Samurott|move: Protect\n|\n|upkeep\n|turn|5\n|\n|t:|1699995495\n|move|p1a: Samurott|Aqua Jet|p2a: Flutter Mane\n|-damage|p2a: Flutter Mane|63\/100\n|move|p2b: Ogerpon|Ivy Cudgel|p1a: Samurott|[anim] Ivy Cudgel Water\n|-resisted|p1a: Samurott\n|-damage|p1a: Samurott|60\/100\n|move|p2a: Flutter Mane|Dazzling Gleam|p1a: Samurott\n|-supereffective|p1a: Samurott\n|-damage|p1a: Samurott|0 fnt\n|faint|p1a: Samurott\n|\n|win|Vitalis24\n|raw|RipTide1388's rating: 1333 &rarr; <strong>1315<\/strong><br \/>(-18 for losing)\n|raw|Vitalis24's rating: 1367 &rarr; <strong>1385<\/strong><br \/>(+18 for winning)\n|l|\u2606RipTide1388\n","uploadtime":1699995513,"views":10,"p1id":"riptide1388","p2id":"vitalis24","formatid":"gen9vgc2023regulatione","rating":1315,"private":0,"password":""}