{"id":"gen9vgc2023regulatione-1991353763","p1":"taytayla","p2":"whycatscantfly","format":"[Gen 9] VGC 2023 Regulation E","log":"|j|\u2606taytayla\n|j|\u2606whycatscantfly\n|t:|1700070102\n|gametype|doubles\n|player|p1|taytayla|lady|1148\n|player|p2|whycatscantfly|colress|1236\n|teamsize|p1|6\n|teamsize|p2|6\n|gen|9\n|tier|[Gen 9] VGC 2023 Regulation E\n|rated|\n|rule|Species Clause: Limit one of each Pok\u00e9mon\n|rule|Item Clause: Limit one of each item\n|clearpoke\n|poke|p1|Ambipom, L50, M|\n|poke|p1|Ninetales, L50, F|\n|poke|p1|Ogerpon-Hearthflame, L50, F|\n|poke|p1|Landorus-Therian, L50, M|\n|poke|p1|Mandibuzz, L50, F|\n|poke|p1|Muk, L50, F|\n|poke|p2|Empoleon, L50, F|\n|poke|p2|Urshifu-*, L50, F|\n|poke|p2|Ogerpon-Wellspring, L50, F|\n|poke|p2|Tornadus, L50, M|\n|poke|p2|Landorus-Therian, L50, M|\n|poke|p2|Flutter Mane, L50|\n|teampreview|4\nwhycatscantfly has agreed to open team sheets.\ntaytayla has agreed to open team sheets.\n|\n|t:|1700070194\n|start\n|switch|p1a: Ambipom|Ambipom, L50, M|100\/100\n|switch|p1b: Ninetales|Ninetales, L50, F|100\/100\n|switch|p2a: Tornadus|Tornadus, L50, M|100\/100\n|switch|p2b: Empoleon|Empoleon, L50, F, shiny|100\/100\n|-weather|SunnyDay|[from] ability: Drought|[of] p1b: Ninetales\n|turn|1\n|\n|t:|1700070212\n|-terastallize|p2a: Tornadus|Ghost\n|move|p1a: Ambipom|Fake Out|p2a: Tornadus\n|-immune|p2a: Tornadus\n|move|p2a: Tornadus|Rain Dance|p2a: Tornadus\n|-weather|RainDance\n|move|p1b: Ninetales|Heat Wave|p2a: Tornadus|[spread] p2a,p2b\n|-crit|p2a: Tornadus\n|-damage|p2a: Tornadus|83\/100\n|-damage|p2b: Empoleon|91\/100\n|move|p2b: Empoleon|Hydro Pump|p1b: Ninetales|[miss]\n|-miss|p2b: Empoleon|p1b: Ninetales\n|\n|-weather|RainDance|[upkeep]\n|upkeep\n|turn|2\n|\n|t:|1700070230\n|switch|p1b: Muk|Muk, L50, F|100\/100\n|move|p2a: Tornadus|Tailwind|p2a: Tornadus\n|-sidestart|p2: whycatscantfly|move: Tailwind\n|move|p1a: Ambipom|Double Hit|p2a: Tornadus\n|-immune|p2a: Tornadus\n|move|p2b: Empoleon|Hydro Pump|p1b: Muk\n|-damage|p1b: Muk|1\/100\n|-enditem|p1b: Muk|Red Card|[of] p2b: Empoleon\n|drag|p2b: Ogerpon|Ogerpon-Wellspring, L50, F|100\/100\n|\n|-weather|RainDance|[upkeep]\n|upkeep\n|turn|3\n|\n|t:|1700070249\n|move|p1a: Ambipom|Protect|p1a: Ambipom\n|-singleturn|p1a: Ambipom|Protect\n|move|p1b: Muk|Shadow Sneak|p2a: Tornadus\n|-supereffective|p2a: Tornadus\n|-damage|p2a: Tornadus|52\/100\n|move|p2a: Tornadus|Bleakwind Storm|p1b: Muk|[spread] p1b\n|-activate|p1a: Ambipom|move: Protect\n|-damage|p1b: Muk|0 fnt\n|faint|p1b: Muk\n|move|p2b: Ogerpon|Ivy Cudgel|p1a: Ambipom|[anim] Ivy Cudgel Water\n|-activate|p1a: Ambipom|move: Protect\n|\n|-weather|RainDance|[upkeep]\n|upkeep\n|\n|t:|1700070260\n|switch|p1b: Landorus|Landorus-Therian, L50, M|100\/100\n|-ability|p1b: Landorus|Intimidate|boost\n|-unboost|p2a: Tornadus|atk|1\n|-unboost|p2b: Ogerpon|atk|1\n|turn|4\n|\n|t:|1700070288\n|switch|p1a: Ninetales|Ninetales, L50, F|100\/100\n|-weather|SunnyDay|[from] ability: Drought|[of] p1a: Ninetales\n|move|p2b: Ogerpon|Spiky Shield|p2b: Ogerpon\n|-singleturn|p2b: Ogerpon|move: Protect\n|move|p2a: Tornadus|Bleakwind Storm|p1a: Ninetales|[spread] p1a,p1b\n|-damage|p1a: Ninetales|67\/100\n|-damage|p1b: Landorus|44\/100\n|-unboost|p1b: Landorus|spe|1\n|move|p1b: Landorus|U-turn|p2b: Ogerpon\n|-activate|p2b: Ogerpon|move: Protect\n|-damage|p1b: Landorus|32\/100|[from] Spiky Shield|[of] p2b: Ogerpon\n|\n|-weather|SunnyDay|[upkeep]\n|upkeep\n|turn|5\n|\n|t:|1700070319\n|-terastallize|p1a: Ninetales|Grass\n|move|p2a: Tornadus|Rain Dance|p2a: Tornadus\n|-weather|RainDance\n|move|p2b: Ogerpon|Ivy Cudgel|p1b: Landorus|[anim] Ivy Cudgel Water\n|-supereffective|p1b: Landorus\n|-damage|p1b: Landorus|0 fnt\n|faint|p1b: Landorus\n|move|p1a: Ninetales|Heat Wave|p2b: Ogerpon|[spread] p2a,p2b\n|-damage|p2a: Tornadus|40\/100\n|-damage|p2b: Ogerpon|91\/100\n|\n|-weather|RainDance|[upkeep]\n|-sideend|p2: whycatscantfly|move: Tailwind\n|upkeep\n|\n|t:|1700070327\n|switch|p1b: Ambipom|Ambipom, L50, M|100\/100\n|turn|6\n|-message|taytayla forfeited.\n|\n|win|whycatscantfly\n|raw|taytayla's rating: 1148 &rarr; <strong>1129<\/strong><br \/>(-19 for losing)\n|raw|whycatscantfly's rating: 1236 &rarr; <strong>1255<\/strong><br \/>(+19 for winning)\n|l|\u2606taytayla\n","uploadtime":1700070344,"views":11,"p1id":"taytayla","p2id":"whycatscantfly","formatid":"gen9vgc2023regulatione","rating":1129,"private":0,"password":""}