{"id":"gen9vgc2023regulatione-1996708100","p1":"Jourvicious","p2":"arumakan1","format":"[Gen 9] VGC 2023 Regulation E","log":"|j|\u2606Jourvicious\n|j|\u2606arumakan1\n|t:|1700712535\n|gametype|doubles\n|player|p1|Jourvicious|lisia-masters|1477\n|player|p2|arumakan1|266|1560\n|teamsize|p1|6\n|teamsize|p2|6\n|gen|9\n|tier|[Gen 9] VGC 2023 Regulation E\n|rated|\n|rule|Species Clause: Limit one of each Pok\u00e9mon\n|rule|Item Clause: Limit one of each item\n|clearpoke\n|poke|p1|Milotic, L50, F|\n|poke|p1|Sinistcha, L50|\n|poke|p1|Arcanine-Hisui, L50, F|\n|poke|p1|Roaring Moon, L50|\n|poke|p1|Ninetales-Alola, L50, F|\n|poke|p1|Iron Hands, L50|\n|poke|p2|Gholdengo, L50|\n|poke|p2|Roaring Moon, L50|\n|poke|p2|Iron Hands, L50|\n|poke|p2|Amoonguss, L50, F|\n|poke|p2|Arcanine-Hisui, L50, M|\n|poke|p2|Urshifu-*, L50, M|\n|teampreview|4\n|inactive|Battle timer is ON: inactive players will automatically lose when time's up. (requested by arumakan1)\n|inactive|Jourvicious also wants the timer to be on.\n|inactive|Jourvicious has 60 seconds left.\n|\n|t:|1700712577\n|start\n|switch|p1a: Bryan Hands|Iron Hands, L50|100\/100\n|switch|p1b: Roaring Mid|Roaring Moon, L50|100\/100\n|switch|p2a: Iron Hands|Iron Hands, L50|100\/100\n|switch|p2b: Gholdengo|Gholdengo, L50|100\/100\n|-enditem|p1b: Roaring Mid|Booster Energy\n|-activate|p1b: Roaring Mid|ability: Protosynthesis|[fromitem]\n|-start|p1b: Roaring Mid|protosynthesisspe\n|turn|1\n|inactive|arumakan1 has 30 seconds left.\n|inactive|arumakan1 has 20 seconds left.\n|\n|t:|1700712617\n|-end|p2a: Iron Hands|Quark Drive|[silent]\n|switch|p2a: Arcanine|Arcanine-Hisui, L50, M|100\/100\n|-ability|p2a: Arcanine|Intimidate|boost\n|-unboost|p1a: Bryan Hands|atk|1\n|-unboost|p1b: Roaring Mid|atk|1\n|move|p1a: Bryan Hands|Fake Out|p2a: Arcanine\n|-resisted|p2a: Arcanine\n|-damage|p2a: Arcanine|93\/100\n|move|p1b: Roaring Mid|Knock Off|p2b: Gholdengo\n|-supereffective|p2b: Gholdengo\n|-damage|p2b: Gholdengo|45\/100\n|-enditem|p2b: Gholdengo|Leftovers|[from] move: Knock Off|[of] p1b: Roaring Mid\n|move|p2b: Gholdengo|Nasty Plot|p2b: Gholdengo\n|-boost|p2b: Gholdengo|spa|2\n|\n|upkeep\n|turn|2\n|\n|t:|1700712637\n|switch|p2a: Amoonguss|Amoonguss, L50, F|100\/100\n|move|p2b: Gholdengo|Protect|p2b: Gholdengo\n|-singleturn|p2b: Gholdengo|Protect\n|move|p1b: Roaring Mid|Knock Off|p2b: Gholdengo\n|-activate|p2b: Gholdengo|move: Protect\n|move|p1a: Bryan Hands|Heavy Slam|p2b: Gholdengo\n|-activate|p2b: Gholdengo|move: Protect\n|\n|upkeep\n|turn|3\n|\n|t:|1700712658\n|move|p2a: Amoonguss|Rage Powder|p2a: Amoonguss\n|-singleturn|p2a: Amoonguss|move: Rage Powder\n|move|p1b: Roaring Mid|Knock Off|p2a: Amoonguss\n|-damage|p2a: Amoonguss|73\/100\n|-enditem|p2a: Amoonguss|Sitrus Berry|[from] move: Knock Off|[of] p1b: Roaring Mid\n|move|p2b: Gholdengo|Nasty Plot|p2b: Gholdengo\n|-boost|p2b: Gholdengo|spa|2\n|move|p1a: Bryan Hands|Volt Switch|p2a: Amoonguss\n|-resisted|p2a: Amoonguss\n|-damage|p2a: Amoonguss|68\/100\n|\n|t:|1700712669\n|-end|p1a: Bryan Hands|Quark Drive|[silent]\n|switch|p1a: Milotic|Milotic, L50, F|100\/100|[from] Volt Switch\n|\n|upkeep\n|turn|4\n|\n|t:|1700712692\n|move|p2a: Amoonguss|Rage Powder|p2a: Amoonguss\n|-singleturn|p2a: Amoonguss|move: Rage Powder\n|move|p1b: Roaring Mid|Tailwind|p1b: Roaring Mid\n|-sidestart|p1: Jourvicious|move: Tailwind\n|move|p1a: Milotic|Hypnosis|p2a: Amoonguss\n|-status|p2a: Amoonguss|slp|[from] move: Hypnosis\n|move|p2b: Gholdengo|Make It Rain|p1b: Roaring Mid|[spread] p1a,p1b\n|-resisted|p1a: Milotic\n|-damage|p1a: Milotic|55\/100\n|-damage|p1b: Roaring Mid|0 fnt\n|-unboost|p2b: Gholdengo|spa|1\n|faint|p1b: Roaring Mid\n|-end|p1b: Roaring Mid|Protosynthesis|[silent]\n|\n|-heal|p1a: Milotic|61\/100|[from] item: Leftovers\n|upkeep\n|\n|t:|1700712707\n|switch|p1b: Sinistcha|Sinistcha, L50|100\/100\n|-heal|p1a: Milotic|85\/100|[from] ability: Hospitality|[of] p1b: Sinistcha\n|turn|5\n|\n|t:|1700712723\n|move|p2b: Gholdengo|Protect|p2b: Gholdengo\n|-singleturn|p2b: Gholdengo|Protect\n|move|p1a: Milotic|Scald|p2b: Gholdengo\n|-activate|p2b: Gholdengo|move: Protect\n|move|p1b: Sinistcha|Calm Mind|p1b: Sinistcha\n|-boost|p1b: Sinistcha|spa|1\n|-boost|p1b: Sinistcha|spd|1\n|cant|p2a: Amoonguss|slp\n|\n|-heal|p1a: Milotic|91\/100|[from] item: Leftovers\n|upkeep\n|turn|6\n|inactive|arumakan1 has 30 seconds left.\n|inactive|arumakan1 has 20 seconds left.\n|\n|t:|1700712760\n|switch|p2b: Iron Hands|Iron Hands, L50|100\/100\n|move|p1a: Milotic|Scald|p2b: Iron Hands\n|-damage|p2b: Iron Hands|85\/100\n|move|p1b: Sinistcha|Matcha Gotcha|p2b: Iron Hands|[spread] p2a,p2b\n|-resisted|p2a: Amoonguss\n|-damage|p2a: Amoonguss|60\/100 slp\n|-damage|p2b: Iron Hands|67\/100\n|cant|p2a: Amoonguss|slp\n|\n|-heal|p1a: Milotic|97\/100|[from] item: Leftovers\n|upkeep\n|turn|7\n|\n|t:|1700712780\n|-terastallize|p1a: Milotic|Dragon\n|move|p2b: Iron Hands|Fake Out|p1a: Milotic\n|-damage|p1a: Milotic|85\/100\n|cant|p1a: Milotic|flinch\n|move|p1b: Sinistcha|Calm Mind|p1b: Sinistcha\n|-boost|p1b: Sinistcha|spa|1\n|-boost|p1b: Sinistcha|spd|1\n|cant|p2a: Amoonguss|slp\n|\n|-heal|p1a: Milotic|91\/100|[from] item: Leftovers\n|-sideend|p1: Jourvicious|move: Tailwind\n|upkeep\n|turn|8\n|\n|t:|1700712797\n|move|p1a: Milotic|Icy Wind|p2b: Iron Hands|[spread] p2a,p2b\n|-supereffective|p2a: Amoonguss\n|-damage|p2a: Amoonguss|43\/100 slp\n|-damage|p2b: Iron Hands|61\/100\n|-unboost|p2a: Amoonguss|spe|1\n|-unboost|p2b: Iron Hands|spe|1\n|move|p1b: Sinistcha|Matcha Gotcha|p2b: Iron Hands|[spread] p2a,p2b\n|-resisted|p2a: Amoonguss\n|-damage|p2a: Amoonguss|33\/100 slp\n|-damage|p2b: Iron Hands|36\/100\n|move|p2b: Iron Hands|Wild Charge|p1b: Sinistcha\n|-resisted|p1b: Sinistcha\n|-damage|p1b: Sinistcha|79\/100\n|-damage|p2b: Iron Hands|20\/100|[from] item: Rocky Helmet|[of] p1b: Sinistcha\n|-damage|p2b: Iron Hands|15\/100|[from] Recoil\n|-curestatus|p2a: Amoonguss|slp|[msg]\n|move|p2a: Amoonguss|Spore|p1a: Milotic\n|-status|p1a: Milotic|slp|[from] move: Spore\n|\n|-heal|p1a: Milotic|97\/100 slp|[from] item: Leftovers\n|upkeep\n|turn|9\n|\n|t:|1700712822\n|switch|p2a: Arcanine|Arcanine-Hisui, L50, M|93\/100\n|-ability|p2a: Arcanine|Intimidate|boost\n|-unboost|p1a: Milotic|atk|1\n|-ability|p1a: Milotic|Competitive|boost\n|-boost|p1a: Milotic|spa|2\n|-unboost|p1b: Sinistcha|atk|1\n|cant|p1a: Milotic|slp\n|move|p1b: Sinistcha|Calm Mind|p1b: Sinistcha\n|-boost|p1b: Sinistcha|spa|1\n|-boost|p1b: Sinistcha|spd|1\n|move|p2b: Iron Hands|Drain Punch|p1a: Milotic\n|-damage|p1a: Milotic|66\/100 slp\n|-heal|p2b: Iron Hands|29\/100|[from] drain|[of] p1a: Milotic\n|\n|-heal|p1a: Milotic|72\/100 slp|[from] item: Leftovers\n|upkeep\n|turn|10\n|inactive|arumakan1 has 30 seconds left.\n|\n|t:|1700712847\n|-terastallize|p2a: Arcanine|Fairy\n|move|p2a: Arcanine|Tera Blast|p1a: Milotic|[anim] Tera Blast Fairy\n|-supereffective|p1a: Milotic\n|-damage|p1a: Milotic|0 fnt\n|faint|p1a: Milotic\n|move|p1b: Sinistcha|Matcha Gotcha|p2b: Iron Hands|[spread] p2a,p2b\n|-damage|p2a: Arcanine|21\/100\n|-heal|p1b: Sinistcha|100\/100|[from] drain|[of] p2a: Arcanine\n|-damage|p2b: Iron Hands|0 fnt\n|-status|p2a: Arcanine|brn\n|faint|p2b: Iron Hands\n|-end|p2b: Iron Hands|Quark Drive|[silent]\n|\n|-damage|p2a: Arcanine|15\/100 brn|[from] brn\n|upkeep\n|\n|t:|1700712858\n|switch|p1a: Bryan Hands|Iron Hands, L50|100\/100\n|switch|p2b: Gholdengo|Gholdengo, L50|45\/100\n|turn|11\n|\n|t:|1700712866\n|switch|p2a: Amoonguss|Amoonguss, L50, F|66\/100\n|move|p1a: Bryan Hands|Fake Out|p2a: Amoonguss\n|-damage|p2a: Amoonguss|53\/100\n|move|p2b: Gholdengo|Shadow Ball|p1b: Sinistcha\n|-supereffective|p1b: Sinistcha\n|-damage|p1b: Sinistcha|72\/100\n|-unboost|p1b: Sinistcha|spd|1\n|move|p1b: Sinistcha|Matcha Gotcha|p2b: Gholdengo|[spread] p2a,p2b\n|-resisted|p2a: Amoonguss\n|-resisted|p2b: Gholdengo\n|-damage|p2a: Amoonguss|42\/100\n|-heal|p1b: Sinistcha|79\/100|[from] drain|[of] p2a: Amoonguss\n|-damage|p2b: Gholdengo|18\/100\n|-heal|p1b: Sinistcha|94\/100|[from] drain|[of] p2b: Gholdengo\n|-status|p2b: Gholdengo|brn\n|\n|-damage|p2b: Gholdengo|12\/100 brn|[from] brn\n|upkeep\n|turn|12\n|inactive|arumakan1 has 30 seconds left.\n|\n|t:|1700712899\n|move|p2b: Gholdengo|Shadow Ball|p1b: Sinistcha\n|-supereffective|p1b: Sinistcha\n|-damage|p1b: Sinistcha|55\/100\n|move|p1b: Sinistcha|Matcha Gotcha|p2a: Amoonguss|[spread] p2a\n|-miss|p1b: Sinistcha|p2b: Gholdengo\n|-resisted|p2a: Amoonguss\n|-damage|p2a: Amoonguss|29\/100\n|-heal|p1b: Sinistcha|64\/100|[from] drain|[of] p2a: Amoonguss\n|move|p1a: Bryan Hands|Heavy Slam|p2a: Amoonguss\n|-damage|p2a: Amoonguss|0 fnt\n|faint|p2a: Amoonguss\n|\n|-damage|p2b: Gholdengo|6\/100 brn|[from] brn\n|upkeep\n|\n|t:|1700712904\n|switch|p2a: Arcanine|Arcanine-Hisui, L50, M, tera:Fairy|15\/100 brn\n|-ability|p2a: Arcanine|Intimidate|boost\n|-unboost|p1a: Bryan Hands|atk|1\n|-unboost|p1b: Sinistcha|atk|1\n|turn|13\n|\n|t:|1700712925\n|move|p2a: Arcanine|Rock Slide|p1b: Sinistcha|[spread] p1a,p1b\n|-resisted|p1a: Bryan Hands\n|-damage|p1a: Bryan Hands|93\/100\n|-damage|p1b: Sinistcha|47\/100\n|move|p2b: Gholdengo|Shadow Ball|p1b: Sinistcha\n|-supereffective|p1b: Sinistcha\n|-damage|p1b: Sinistcha|11\/100\n|move|p1b: Sinistcha|Matcha Gotcha|p2b: Gholdengo|[spread] p2a,p2b\n|-resisted|p2b: Gholdengo\n|-damage|p2a: Arcanine|0 fnt\n|-heal|p1b: Sinistcha|19\/100|[from] drain|[of] p2a: Arcanine\n|-damage|p2b: Gholdengo|0 fnt\n|-heal|p1b: Sinistcha|22\/100|[from] drain|[of] p2b: Gholdengo\n|faint|p2a: Arcanine\n|faint|p2b: Gholdengo\n|\n|win|Jourvicious\n|raw|Jourvicious's rating: 1477 &rarr; <strong>1502<\/strong><br \/>(+25 for winning)\n|raw|arumakan1's rating: 1560 &rarr; <strong>1535<\/strong><br \/>(-25 for losing)\n|l|\u2606arumakan1\n","uploadtime":1700712941,"views":17,"p1id":"jourvicious","p2id":"arumakan1","formatid":"gen9vgc2023regulatione","rating":1502,"private":0,"password":""}