{"id":"gen9vgc2023regulatione-1988859283","p1":"IvoryPlat","p2":"LXE4BOI","format":"[Gen 9] VGC 2023 Regulation E","log":"|j|\u2606IvoryPlat\n|j|\u2606LXE4BOI\n|t:|1699775446\n|gametype|doubles\n|player|p1|IvoryPlat|169|1134\n|player|p2|LXE4BOI|swimmerf-gen4|1069\n|teamsize|p1|6\n|teamsize|p2|6\n|gen|9\n|tier|[Gen 9] VGC 2023 Regulation E\n|rated|\n|rule|Species Clause: Limit one of each Pok\u00e9mon\n|rule|Item Clause: Limit one of each item\n|clearpoke\n|poke|p1|Ogerpon-Wellspring, L50, F|\n|poke|p1|Tinkaton, L50, F|\n|poke|p1|Dusclops, L50, M|\n|poke|p1|Ursaluna-Bloodmoon, L50, M|\n|poke|p1|Zapdos-Galar, L50|\n|poke|p1|Arcanine-Hisui, L50, F|\n|poke|p2|Sneasler, L50, F|\n|poke|p2|Rillaboom, L50, F|\n|poke|p2|Regieleki, L50|\n|poke|p2|Farigiraf, L50, F|\n|poke|p2|Arcanine-Hisui, L50, M|\n|poke|p2|Gholdengo, L50|\n|teampreview|4\n|inactive|Battle timer is ON: inactive players will automatically lose when time's up. (requested by LXE4BOI)\n|inactive|IvoryPlat has 60 seconds left.\n|\n|t:|1699775483\n|start\n|switch|p1a: Zapdos|Zapdos-Galar, L50|100\/100\n|switch|p1b: Tinkaton|Tinkaton, L50, F, shiny|100\/100\n|switch|p2a: Rillaboom|Rillaboom, L50, F|100\/100\n|switch|p2b: Regieleki|Regieleki, L50|100\/100\n|-fieldstart|move: Grassy Terrain|[from] ability: Grassy Surge|[of] p2a: Rillaboom\n|turn|1\n|\n|t:|1699775499\n|switch|p1a: Dusclops|Dusclops, L50, M|100\/100\n|-ability|p1a: Dusclops|Pressure\n|move|p2a: Rillaboom|Fake Out|p1b: Tinkaton\n|-resisted|p1b: Tinkaton\n|-damage|p1b: Tinkaton|93\/100\n|cant|p1b: Tinkaton|flinch\n|move|p2b: Regieleki|Volt Switch|p1a: Dusclops\n|-crit|p1a: Dusclops\n|-damage|p1a: Dusclops|56\/100\n|-damage|p2b: Regieleki|91\/100|[from] item: Life Orb\n|\n|t:|1699775515\n|switch|p2b: Arcanine|Arcanine-Hisui, L50, M|100\/100|[from] Volt Switch\n|-ability|p2b: Arcanine|Intimidate|boost\n|-unboost|p1a: Dusclops|atk|1\n|-fail|p1b: Tinkaton|unboost|Attack|[from] ability: Own Tempo|[of] p1b: Tinkaton\n|\n|-heal|p1b: Tinkaton|99\/100|[from] Grassy Terrain\n|-heal|p1a: Dusclops|62\/100|[from] Grassy Terrain\n|upkeep\n|turn|2\n|\n|t:|1699775535\n|move|p2b: Arcanine|Rock Slide|p1b: Tinkaton|[spread] p1a,p1b\n|-resisted|p1b: Tinkaton\n|-damage|p1a: Dusclops|45\/100\n|-damage|p1b: Tinkaton|83\/100\n|move|p2a: Rillaboom|Knock Off|p1a: Dusclops\n|-supereffective|p1a: Dusclops\n|-damage|p1a: Dusclops|0 fnt\n|-enditem|p1a: Dusclops|Eviolite|[from] move: Knock Off|[of] p2a: Rillaboom\n|faint|p1a: Dusclops\n|move|p1b: Tinkaton|Gigaton Hammer|p2b: Arcanine\n|-damage|p2b: Arcanine|24\/100\n|\n|-heal|p2b: Arcanine|30\/100|[from] Grassy Terrain\n|-heal|p1b: Tinkaton|89\/100|[from] Grassy Terrain\n|upkeep\n|\n|t:|1699775547\n|switch|p1a: Zapdos|Zapdos-Galar, L50|100\/100\n|turn|3\n|\n|t:|1699775570\n|move|p1a: Zapdos|Thunderous Kick|p2b: Arcanine\n|-supereffective|p2b: Arcanine\n|-damage|p2b: Arcanine|0 fnt\n|faint|p2b: Arcanine\n|move|p2a: Rillaboom|Knock Off|p1b: Tinkaton\n|-resisted|p1b: Tinkaton\n|-damage|p1b: Tinkaton|70\/100\n|-enditem|p1b: Tinkaton|Assault Vest|[from] move: Knock Off|[of] p2a: Rillaboom\n|move|p1b: Tinkaton|Ice Hammer|p2a: Rillaboom\n|-supereffective|p2a: Rillaboom\n|-damage|p2a: Rillaboom|39\/100\n|-unboost|p1b: Tinkaton|spe|1\n|\n|-heal|p2a: Rillaboom|44\/100|[from] Grassy Terrain\n|-heal|p2a: Rillaboom|50\/100|[from] item: Leftovers\n|-heal|p1b: Tinkaton|76\/100|[from] Grassy Terrain\n|upkeep\n|\n|t:|1699775575\n|switch|p2b: Regieleki|Regieleki, L50|91\/100\n|turn|4\n|\n|t:|1699775592\n|switch|p1a: Ursaluna|Ursaluna-Bloodmoon, L50, M|100\/100\n|switch|p2a: Sneasler|Sneasler, L50, F|100\/100\n|-enditem|p2a: Sneasler|Grassy Seed\n|-boost|p2a: Sneasler|def|1|[from] item: Grassy Seed\n|move|p2b: Regieleki|Volt Switch|p1a: Ursaluna\n|-immune|p1a: Ursaluna\n|move|p1b: Tinkaton|Gigaton Hammer|p2b: Regieleki\n|-resisted|p2b: Regieleki\n|-damage|p2b: Regieleki|31\/100\n|\n|-heal|p2b: Regieleki|37\/100|[from] Grassy Terrain\n|-heal|p1b: Tinkaton|82\/100|[from] Grassy Terrain\n|upkeep\n|turn|5\n|\n|t:|1699775610\n|move|p1a: Ursaluna|Protect|p1a: Ursaluna\n|-singleturn|p1a: Ursaluna|Protect\n|move|p2a: Sneasler|Close Combat|p1a: Ursaluna\n|-activate|p1a: Ursaluna|move: Protect\n|move|p2b: Regieleki|Volt Switch|p1b: Tinkaton\n|-damage|p1b: Tinkaton|31\/100\n|-damage|p2b: Regieleki|27\/100|[from] item: Life Orb\n|\n|t:|1699775613\n|switch|p2b: Rillaboom|Rillaboom, L50, F|50\/100|[from] Volt Switch\n|move|p1b: Tinkaton|Play Rough|p2a: Sneasler\n|-damage|p2a: Sneasler|63\/100\n|\n|-heal|p2a: Sneasler|69\/100|[from] Grassy Terrain\n|-heal|p2b: Rillaboom|56\/100|[from] Grassy Terrain\n|-heal|p2b: Rillaboom|62\/100|[from] item: Leftovers\n|-heal|p1b: Tinkaton|37\/100|[from] Grassy Terrain\n|-fieldend|move: Grassy Terrain\n|upkeep\n|turn|6\n|inactive|LXE4BOI has 30 seconds left.\n|\n|t:|1699775638\n|move|p2a: Sneasler|U-turn|p1b: Tinkaton\n|-resisted|p1b: Tinkaton\n|-damage|p1b: Tinkaton|29\/100\n|\n|t:|1699775641\n|switch|p2a: Regieleki|Regieleki, L50|27\/100|[from] U-turn\n|move|p2b: Rillaboom|Wood Hammer|p1a: Ursaluna\n|-supereffective|p1a: Ursaluna\n|-damage|p1a: Ursaluna|13\/100\n|-damage|p2b: Rillaboom|26\/100|[from] Recoil\n|move|p1b: Tinkaton|Ice Hammer|p2b: Rillaboom\n|-supereffective|p2b: Rillaboom\n|-damage|p2b: Rillaboom|0 fnt\n|-unboost|p1b: Tinkaton|spe|1\n|faint|p2b: Rillaboom\n|move|p1a: Ursaluna|Hyper Voice|p2a: Regieleki\n|-damage|p2a: Regieleki|0 fnt\n|faint|p2a: Regieleki\n|-enditem|p1a: Ursaluna|Throat Spray\n|-boost|p1a: Ursaluna|spa|1|[from] item: Throat Spray\n|\n|upkeep\n|\n|t:|1699775644\n|switch|p2b: Sneasler|Sneasler, L50, F|69\/100\n|turn|7\n|-message|LXE4BOI forfeited.\n|\n|win|IvoryPlat\n|raw|IvoryPlat's rating: 1134 &rarr; <strong>1154<\/strong><br \/>(+20 for winning)\n|raw|LXE4BOI's rating: 1069 &rarr; <strong>1052<\/strong><br \/>(-17 for losing)\n|l|\u2606LXE4BOI\n","uploadtime":1699775657,"views":34,"p1id":"ivoryplat","p2id":"lxe4boi","formatid":"gen9vgc2023regulatione","rating":1052,"private":0,"password":""}