{"id":"gen9vgc2023regulatione-1988534389","p1":"wwwnnniii","p2":"Beauty Nova","format":"[Gen 9] VGC 2023 Regulation E","log":"|j|\u2606wwwnnniii\n|j|\u2606Beauty Nova\n|t:|1699733279\n|gametype|doubles\n|player|p1|wwwnnniii|169|1102\n|player|p2|Beauty Nova|beauty-gen6xy|1083\n|teamsize|p1|6\n|teamsize|p2|6\n|gen|9\n|tier|[Gen 9] VGC 2023 Regulation E\n|rated|\n|rule|Species Clause: Limit one of each Pok\u00e9mon\n|rule|Item Clause: Limit one of each item\n|clearpoke\n|poke|p1|Skeledirge, L50, M|\n|poke|p1|Meowscarada, L50, M|\n|poke|p1|Urshifu-*, L50, M|\n|poke|p1|Scream Tail, L50|\n|poke|p1|Iron Hands, L50|\n|poke|p1|Amoonguss, L50, M|\n|poke|p2|Oricorio-Sensu, L50, M|\n|poke|p2|Flamigo, L50, M|\n|poke|p2|Volcarona, L50, M|\n|poke|p2|Vivillon-Fancy, L50, F|\n|poke|p2|Lilligant, L50, F|\n|poke|p2|Torkoal, L50, F|\n|teampreview|4\n|\n|t:|1699733352\n|start\n|switch|p1a: Scream Tail|Scream Tail, L50|100\/100\n|switch|p1b: Skeledirge|Skeledirge, L50, M|100\/100\n|switch|p2a: Lilligant|Lilligant, L50, F|100\/100\n|switch|p2b: Oricorio|Oricorio-Sensu, L50, M|100\/100\n|-enditem|p1a: Scream Tail|Booster Energy\n|-activate|p1a: Scream Tail|ability: Protosynthesis|[fromitem]\n|-start|p1a: Scream Tail|protosynthesisspe\n|turn|1\n|\n|t:|1699733376\n|move|p1a: Scream Tail|Protect|p1a: Scream Tail\n|-singleturn|p1a: Scream Tail|Protect\n|move|p2b: Oricorio|Protect|p2b: Oricorio\n|-singleturn|p2b: Oricorio|Protect\n|move|p2a: Lilligant|Quiver Dance|p2a: Lilligant\n|-boost|p2a: Lilligant|spa|1\n|-boost|p2a: Lilligant|spd|1\n|-boost|p2a: Lilligant|spe|1\n|-activate|p2b: Oricorio|ability: Dancer\n|move|p2b: Oricorio|Quiver Dance|p2b: Oricorio|[from]ability: Dancer\n|-boost|p2b: Oricorio|spa|1\n|-boost|p2b: Oricorio|spd|1\n|-boost|p2b: Oricorio|spe|1\n|move|p1b: Skeledirge|Fire Pledge|p2a: Lilligant\n|-supereffective|p2a: Lilligant\n|-damage|p2a: Lilligant|1\/100\n|\n|upkeep\n|turn|2\n|\n|t:|1699733401\n|move|p1a: Scream Tail|Encore|p2b: Oricorio\n|-start|p2b: Oricorio|Encore\n|move|p2a: Lilligant|Petal Dance|p1b: Skeledirge\n|-resisted|p1b: Skeledirge\n|-damage|p1b: Skeledirge|82\/100\n|-activate|p2b: Oricorio|ability: Dancer\n|move|p2b: Oricorio|Petal Dance|p1a: Scream Tail|[from]ability: Dancer\n|-damage|p1a: Scream Tail|60\/100\n|move|p2b: Oricorio|Protect|p2b: Oricorio\n|-singleturn|p2b: Oricorio|Protect\n|move|p1b: Skeledirge|Fire Pledge|p2a: Lilligant\n|-supereffective|p2a: Lilligant\n|-damage|p2a: Lilligant|0 fnt\n|faint|p2a: Lilligant\n|\n|-heal|p1b: Skeledirge|88\/100|[from] item: Leftovers\n|upkeep\n|\n|t:|1699733424\n|switch|p2a: Vivillon|Vivillon-Fancy, L50, F|100\/100\n|turn|3\n|\n|t:|1699733439\n|move|p1a: Scream Tail|Protect|p1a: Scream Tail\n|-singleturn|p1a: Scream Tail|Protect\n|move|p2b: Oricorio|Protect||[still]\n|-fail|p2b: Oricorio\n|move|p2a: Vivillon|Quiver Dance|p2a: Vivillon\n|-boost|p2a: Vivillon|spa|1\n|-boost|p2a: Vivillon|spd|1\n|-boost|p2a: Vivillon|spe|1\n|-activate|p2b: Oricorio|ability: Dancer\n|move|p2b: Oricorio|Quiver Dance|p2b: Oricorio|[from]ability: Dancer\n|-boost|p2b: Oricorio|spa|1\n|-boost|p2b: Oricorio|spd|1\n|-boost|p2b: Oricorio|spe|1\n|move|p1b: Skeledirge|Fire Pledge|p2a: Vivillon\n|-supereffective|p2a: Vivillon\n|-enditem|p2a: Vivillon|Focus Sash\n|-damage|p2a: Vivillon|1\/100\n|\n|-heal|p1b: Skeledirge|94\/100|[from] item: Leftovers\n|upkeep\n|turn|4\n|\n|t:|1699733470\n|move|p2b: Oricorio|Protect|p2b: Oricorio\n|-singleturn|p2b: Oricorio|Protect\n|move|p1a: Scream Tail|Encore|p2a: Vivillon\n|-start|p2a: Vivillon|Encore\n|move|p2a: Vivillon|Quiver Dance|p2a: Vivillon\n|-boost|p2a: Vivillon|spa|1\n|-boost|p2a: Vivillon|spd|1\n|-boost|p2a: Vivillon|spe|1\n|-activate|p2b: Oricorio|ability: Dancer\n|move|p2b: Oricorio|Quiver Dance|p2b: Oricorio|[from]ability: Dancer\n|-boost|p2b: Oricorio|spa|1\n|-boost|p2b: Oricorio|spd|1\n|-boost|p2b: Oricorio|spe|1\n|move|p1b: Skeledirge|Fire Pledge|p2b: Oricorio\n|-activate|p2b: Oricorio|move: Protect\n|\n|-heal|p1b: Skeledirge|100\/100|[from] item: Leftovers\n|-end|p2b: Oricorio|Encore\n|upkeep\n|turn|5\n|\n|t:|1699733501\n|move|p2b: Oricorio|Revelation Dance|p1b: Skeledirge\n|-supereffective|p1b: Skeledirge\n|-damage|p1b: Skeledirge|43\/100\n|move|p2a: Vivillon|Quiver Dance|p2a: Vivillon\n|-boost|p2a: Vivillon|spa|1\n|-boost|p2a: Vivillon|spd|1\n|-boost|p2a: Vivillon|spe|1\n|-activate|p2b: Oricorio|ability: Dancer\n|move|p2b: Oricorio|Quiver Dance|p2b: Oricorio|[from]ability: Dancer\n|-boost|p2b: Oricorio|spa|1\n|-boost|p2b: Oricorio|spd|1\n|-boost|p2b: Oricorio|spe|1\n|move|p1a: Scream Tail|Disable|p2a: Vivillon\n|-start|p2a: Vivillon|Disable|Quiver Dance\n|move|p1b: Skeledirge|Fire Pledge|p2b: Oricorio\n|-damage|p2b: Oricorio|49\/100\n|\n|-heal|p2b: Oricorio|55\/100|[from] item: Leftovers\n|-heal|p1b: Skeledirge|49\/100|[from] item: Leftovers\n|upkeep\n|turn|6\n|\n|t:|1699733535\n|switch|p1b: Meowscarada|Meowscarada, L50, M|100\/100\n|move|p2b: Oricorio|Protect|p2b: Oricorio\n|-singleturn|p2b: Oricorio|Protect\n|-activate|p2a: Vivillon|move: Struggle\n|move|p2a: Vivillon|Struggle|p1b: Meowscarada\n|-damage|p1b: Meowscarada|92\/100\n|-damage|p2a: Vivillon|0 fnt|[from] recoil\n|faint|p2a: Vivillon\n|move|p1a: Scream Tail|Disable|p2b: Oricorio\n|-activate|p2b: Oricorio|move: Protect\n|\n|-heal|p2b: Oricorio|61\/100|[from] item: Leftovers\n|upkeep\n|\n|t:|1699733545\n|switch|p2a: Flamigo|Flamigo, L50, M|100\/100\n|-copyboost|p2a: Flamigo|p2b: Oricorio|[from] ability: Costar\n|turn|7\n|\n|t:|1699733589\n|-terastallize|p2b: Oricorio|Fire\n|move|p2b: Oricorio|Revelation Dance|p1a: Scream Tail\n|-damage|p1a: Scream Tail|0 fnt\n|faint|p1a: Scream Tail\n|-end|p1a: Scream Tail|Protosynthesis|[silent]\n|move|p2a: Flamigo|Copycat|p2a: Flamigo\n|move|p2a: Flamigo|Revelation Dance|p1b: Meowscarada|[from]move: Copycat\n|-supereffective|p1b: Meowscarada\n|-damage|p1b: Meowscarada|0 fnt\n|faint|p1b: Meowscarada\n|-activate|p2b: Oricorio|ability: Dancer\n|move|p2b: Oricorio|Revelation Dance|p1: Scream Tail|[from]ability: Dancer|[notarget]\n|-fail|p2b: Oricorio\n|\n|-heal|p2b: Oricorio|67\/100|[from] item: Leftovers\n|upkeep\n|\n|t:|1699733601\n|switch|p1b: Iron Hands|Iron Hands, L50|100\/100\n|switch|p1a: Skeledirge|Skeledirge, L50, M|49\/100\n|turn|8\n|\n|t:|1699733630\n|-terastallize|p1a: Skeledirge|Fire\n|move|p2a: Flamigo|Quick Guard|p2a: Flamigo\n|-singleturn|p2a: Flamigo|Quick Guard\n|move|p1b: Iron Hands|Fake Out|p2b: Oricorio\n|-activate|p2b: Oricorio|move: Quick Guard\n|move|p2b: Oricorio|Revelation Dance|p1b: Iron Hands\n|-damage|p1b: Iron Hands|48\/100\n|move|p1a: Skeledirge|Fire Pledge|p2a: Flamigo\n|-damage|p2a: Flamigo|41\/100\n|\n|-heal|p2b: Oricorio|73\/100|[from] item: Leftovers\n|-heal|p1a: Skeledirge|55\/100|[from] item: Leftovers\n|upkeep\n|turn|9\n|\n|t:|1699733656\n|move|p2b: Oricorio|Revelation Dance|p1b: Iron Hands\n|-damage|p1b: Iron Hands|0 fnt\n|faint|p1b: Iron Hands\n|-end|p1b: Iron Hands|Quark Drive|[silent]\n|move|p2a: Flamigo|Copycat|p2a: Flamigo\n|move|p2a: Flamigo|Revelation Dance|p1a: Skeledirge|[from]move: Copycat\n|-damage|p1a: Skeledirge|22\/100\n|-activate|p2b: Oricorio|ability: Dancer\n|move|p2b: Oricorio|Revelation Dance|p1a: Skeledirge|[from]ability: Dancer\n|-resisted|p1a: Skeledirge\n|-damage|p1a: Skeledirge|5\/100\n|move|p1a: Skeledirge|Fire Pledge|p2a: Flamigo\n|-damage|p2a: Flamigo|0 fnt\n|faint|p2a: Flamigo\n|\n|-heal|p2b: Oricorio|79\/100|[from] item: Leftovers\n|-heal|p1a: Skeledirge|11\/100|[from] item: Leftovers\n|upkeep\n|turn|10\n|\n|t:|1699733672\n|move|p2b: Oricorio|Revelation Dance|p1a: Skeledirge\n|-resisted|p1a: Skeledirge\n|-damage|p1a: Skeledirge|0 fnt\n|faint|p1a: Skeledirge\n|\n|win|Beauty Nova\n|raw|wwwnnniii's rating: 1102 &rarr; <strong>1076<\/strong><br \/>(-26 for losing)\n|raw|Beauty Nova's rating: 1083 &rarr; <strong>1112<\/strong><br \/>(+29 for winning)\n","uploadtime":1699733680,"views":12,"p1id":"wwwnnniii","p2id":"beautynova","formatid":"gen9vgc2023regulatione","rating":1076,"private":0,"password":""}