{"id":"gen9vgc2023regulatione-1987995267","p1":"Ubsurdnotion","p2":"yungsmitty","format":"[Gen 9] VGC 2023 Regulation E","log":"|j|\u2606Ubsurdnotion\n|j|\u2606yungsmitty\n|t:|1699657118\n|gametype|doubles\n|player|p1|Ubsurdnotion|roughneck-gen4|1096\n|player|p2|yungsmitty|medium|1163\n|teamsize|p1|6\n|teamsize|p2|6\n|gen|9\n|tier|[Gen 9] VGC 2023 Regulation E\n|rated|\n|rule|Species Clause: Limit one of each Pok\u00e9mon\n|rule|Item Clause: Limit one of each item\n|clearpoke\n|poke|p1|Tyranitar, L50, F|\n|poke|p1|Murkrow, L50, F|\n|poke|p1|Meowscarada, L50, F|\n|poke|p1|Garchomp, L50, M|\n|poke|p1|Rotom-Wash, L50|\n|poke|p1|Arcanine-Hisui, L50, F|\n|poke|p2|Politoed, L50, M|\n|poke|p2|Ogerpon-Wellspring, L50, F|\n|poke|p2|Talonflame, L50, M|\n|poke|p2|Toxicroak, L50, F|\n|poke|p2|Kingambit, L50, M|\n|poke|p2|Landorus, L50, M|\n|teampreview|4\n|\n|t:|1699657152\n|start\n|switch|p1a: Tyranitar|Tyranitar, L50, F|100\/100\n|switch|p1b: Murkrow|Murkrow, L50, F|100\/100\n|switch|p2a: Talonflame|Talonflame, L50, M|100\/100\n|switch|p2b: Toxicroak|Toxicroak, L50, F|100\/100\n|-weather|Sandstorm|[from] ability: Sand Stream|[of] p1a: Tyranitar\n|turn|1\n|\n|t:|1699657172\n|-terastallize|p1a: Tyranitar|Psychic\n|move|p2a: Talonflame|Tailwind|p2a: Talonflame\n|-sidestart|p2: yungsmitty|move: Tailwind\n|move|p1b: Murkrow|Tailwind|p1b: Murkrow\n|-sidestart|p1: Ubsurdnotion|move: Tailwind\n|move|p2b: Toxicroak|Close Combat|p1a: Tyranitar\n|-resisted|p1a: Tyranitar\n|-damage|p1a: Tyranitar|76\/100\n|-unboost|p2b: Toxicroak|def|1\n|-unboost|p2b: Toxicroak|spd|1\n|move|p1a: Tyranitar|Tera Blast|p2b: Toxicroak|[anim] Tera Blast Psychic\n|-supereffective|p2b: Toxicroak\n|-damage|p2b: Toxicroak|0 fnt\n|faint|p2b: Toxicroak\n|\n|-weather|Sandstorm|[upkeep]\n|-damage|p2a: Talonflame|94\/100|[from] Sandstorm\n|-damage|p1b: Murkrow|95\/100|[from] Sandstorm\n|-damage|p1a: Tyranitar|71\/100|[from] Sandstorm\n|upkeep\n|\n|t:|1699657191\n|switch|p2b: Ogerpon|Ogerpon-Wellspring, L50, F|100\/100\n|turn|2\n|\n|t:|1699657206\n|switch|p2a: Politoed|Politoed, L50, M|100\/100\n|-weather|RainDance|[from] ability: Drizzle|[of] p2a: Politoed\n|move|p1b: Murkrow|Taunt|p2b: Ogerpon\n|-start|p2b: Ogerpon|move: Taunt\n|cant|p2b: Ogerpon|move: Taunt|Swords Dance\n|move|p1a: Tyranitar|Rock Slide|p2b: Ogerpon|[spread] p2a,p2b\n|-damage|p2a: Politoed|76\/100\n|-damage|p2b: Ogerpon|62\/100\n|\n|-weather|RainDance|[upkeep]\n|upkeep\n|turn|3\n|\n|t:|1699657226\n|move|p2a: Politoed|Helping Hand|p2b: Ogerpon\n|-singleturn|p2b: Ogerpon|Helping Hand|[of] p2a: Politoed\n|move|p2b: Ogerpon|Ivy Cudgel|p1a: Tyranitar\n|-damage|p1a: Tyranitar|0 fnt\n|faint|p1a: Tyranitar\n|move|p1b: Murkrow|Foul Play|p2b: Ogerpon\n|-damage|p2b: Ogerpon|6\/100\n|\n|-weather|RainDance|[upkeep]\n|upkeep\n|\n|t:|1699657234\n|switch|p1a: Meowscarada|Meowscarada, L50, F|100\/100\n|turn|4\n|\n|t:|1699657259\n|switch|p2b: Talonflame|Talonflame, L50, M|94\/100\n|move|p2a: Politoed|Protect|p2a: Politoed\n|-singleturn|p2a: Politoed|Protect\n|move|p1a: Meowscarada|U-turn|p2b: Talonflame\n|-resisted|p2b: Talonflame\n|-damage|p2b: Talonflame|87\/100\n|\n|t:|1699657268\n|switch|p1a: Garchomp|Garchomp, L50, M, shiny|100\/100|[from] U-turn\n|move|p1b: Murkrow|Foul Play|p2b: Talonflame\n|-damage|p2b: Talonflame|56\/100\n|\n|-weather|RainDance|[upkeep]\n|-sideend|p1: Ubsurdnotion|move: Tailwind\n|-sideend|p2: yungsmitty|move: Tailwind\n|upkeep\n|turn|5\n|\n|t:|1699657303\n|move|p1b: Murkrow|Tailwind|p1b: Murkrow\n|-sidestart|p1: Ubsurdnotion|move: Tailwind\n|move|p1a: Garchomp|Scale Shot|p2b: Talonflame\n|-damage|p2b: Talonflame|36\/100\n|-damage|p2b: Talonflame|16\/100\n|-damage|p2b: Talonflame|0 fnt\n|faint|p2b: Talonflame\n|-hitcount|p2: Talonflame|3\n|-unboost|p1a: Garchomp|def|1\n|-boost|p1a: Garchomp|spe|1\n|move|p2a: Politoed|Muddy Water|p1b: Murkrow|[spread] p1a,p1b\n|-damage|p1a: Garchomp|63\/100\n|-damage|p1b: Murkrow|53\/100\n|\n|-weather|RainDance|[upkeep]\n|upkeep\n|\n|t:|1699657316\n|switch|p2b: Ogerpon|Ogerpon-Wellspring, L50, F|6\/100\n|turn|6\n|\n|t:|1699657337\n|move|p2b: Ogerpon|Spiky Shield|p2b: Ogerpon\n|-singleturn|p2b: Ogerpon|move: Protect\n|move|p1a: Garchomp|Earthquake|p2b: Ogerpon|[spread] p2a\n|-activate|p2b: Ogerpon|move: Protect\n|-immune|p1b: Murkrow\n|-damage|p2a: Politoed|45\/100\n|move|p1b: Murkrow|Foul Play|p2a: Politoed\n|-damage|p2a: Politoed|29\/100\n|move|p2a: Politoed|Muddy Water|p1a: Garchomp|[spread] p1a,p1b\n|-damage|p1a: Garchomp|23\/100\n|-damage|p1b: Murkrow|10\/100\n|\n|-weather|none\n|upkeep\n|turn|7\n|-message|yungsmitty forfeited.\n|\n|win|Ubsurdnotion\n|raw|Ubsurdnotion's rating: 1096 &rarr; <strong>1126<\/strong><br \/>(+30 for winning)\n|raw|yungsmitty's rating: 1163 &rarr; <strong>1133<\/strong><br \/>(-30 for losing)\n|l|\u2606yungsmitty\n","uploadtime":1699657373,"views":31,"p1id":"ubsurdnotion","p2id":"yungsmitty","formatid":"gen9vgc2023regulatione","rating":1126,"private":0,"password":""}