{"id":"gen9vgc2023regulatione-2000649544","p1":"bernell00","p2":"D018","format":"[Gen 9] VGC 2023 Regulation E","log":"|j|\u2606bernell00\n|j|\u2606D018\n|t:|1701214487\n|gametype|doubles\n|player|p1|bernell00|veteran|\n|player|p2|D018|alder|\n|teamsize|p1|6\n|teamsize|p2|6\n|gen|9\n|tier|[Gen 9] VGC 2023 Regulation E\n|rule|Species Clause: Limit one of each Pok\u00e9mon\n|rule|Item Clause: Limit one of each item\n|clearpoke\n|poke|p1|Torkoal, L50, M|\n|poke|p1|Lilligant, L50, F|\n|poke|p1|Landorus-Therian, L50, M|\n|poke|p1|Heatran, L50, M|\n|poke|p1|Tornadus, L50, M|\n|poke|p1|Indeedee, L50, M|\n|poke|p2|Chien-Pao, L50|\n|poke|p2|Rillaboom, L50, F|\n|poke|p2|Urshifu-*, L50, M|\n|poke|p2|Landorus-Therian, L50, M|\n|poke|p2|Flutter Mane, L50|\n|poke|p2|Heatran, L50, M|\n|teampreview|4\nD018 has agreed to open team sheets.\nbernell00 has agreed to open team sheets.\n|showteam|p1|Torkoal||ChoiceSpecs|Drought|Eruption,HeatWave,Overheat,EarthPower|||M|||50|,,,,,Fire]Lilligant||FocusSash|Chlorophyll|Protect,GigaDrain,AfterYou,SleepPowder|||F|||50|,,,,,Ghost]Landorus-Therian||AssaultVest|Intimidate|TeraBlast,StompingTantrum,RockSlide,Uturn|||M|||50|,,,,,Flying]Heatran||LifeOrb|FlashFire|Protect,HeatWave,FlashCannon,TeraBlast|||M|||50|,,,,,Grass]Tornadus||EjectButton|Prankster|Tailwind,BleakwindStorm,Taunt,SunnyDay|||M|||50|,,,,,Flying]Indeedee||ThroatSpray|PsychicSurge|Protect,HyperVoice,Psychic,Encore|||M|||50|,,,,,Psychic\n|showteam|p2|Chien-Pao||FocusSash|SwordofRuin|SacredSword,IcicleCrash,Crunch,Protect||||||50|,,,,,Ghost]Rillaboom||AssaultVest|GrassySurge|FakeOut,GrassyGlide,KnockOff,Uturn|||F|||50|,,,,,Fire]Urshifu-Rapid-Strike||MysticWater|UnseenFist|SurgingStrikes,CloseCombat,AquaJet,Protect|||M|||50|,,,,,Water]Landorus-Therian||ChoiceScarf|Intimidate|Uturn,TeraBlast,StompingTantrum,RockSlide|||M|||50|,,,,,Flying]Flutter Mane||BoosterEnergy|Protosynthesis|Moonblast,DazzlingGleam,Protect,ShadowBall||||||50|,,,,,Fairy]Heatran||Leftovers|FlashFire|EarthPower,HeatWave,FlashCannon,Protect|||M|||50|,,,,,Grass\n|inactive|Battle timer is ON: inactive players will automatically lose when time's up. (requested by D018)\n|\n|t:|1701214522\n|start\n|switch|p1a: Torkoal|Torkoal, L50, M|100\/100\n|switch|p1b: Lilligant|Lilligant, L50, F|100\/100\n|switch|p2a: Heatran|Heatran, L50, M|100\/100\n|switch|p2b: Landorus|Landorus-Therian, L50, M|100\/100\n|-ability|p2b: Landorus|Intimidate|boost\n|-unboost|p1a: Torkoal|atk|1\n|-unboost|p1b: Lilligant|atk|1\n|-weather|SunnyDay|[from] ability: Drought|[of] p1a: Torkoal\n|turn|1\n|inactive|bernell00 has 30 seconds left.\n|inactive|D018 has 30 seconds left.\n|\n|t:|1701214557\n|switch|p1a: Heatran|Heatran, L50, M|100\/100\n|-terastallize|p2a: Heatran|Grass\n|move|p1b: Lilligant|Sleep Powder|p2b: Landorus\n|-status|p2b: Landorus|slp|[from] move: Sleep Powder\n|cant|p2b: Landorus|slp\n|move|p2a: Heatran|Heat Wave|p1a: Heatran|[spread] p1b\n|-start|p1a: Heatran|ability: Flash Fire\n|-supereffective|p1b: Lilligant\n|-enditem|p1b: Lilligant|Focus Sash\n|-damage|p1b: Lilligant|1\/100\n|\n|-weather|SunnyDay|[upkeep]\n|upkeep\n|turn|2\n|inactive|bernell00 has 30 seconds left.\n|inactive|bernell00 has 20 seconds left.\n|inactive|bernell00 has 15 seconds left.\n|inactive|bernell00 has 10 seconds left.\n|inactive|bernell00 has 5 seconds left.\n|\n|t:|1701214608\n|-terastallize|p1a: Heatran|Grass\n|move|p1b: Lilligant|Protect|p1b: Lilligant\n|-singleturn|p1b: Lilligant|Protect\n|cant|p2b: Landorus|slp\n|move|p1a: Heatran|Heat Wave|p2b: Landorus|[spread] p2b\n|-start|p2a: Heatran|ability: Flash Fire\n|-crit|p2b: Landorus\n|-damage|p2b: Landorus|0 fnt\n|faint|p2b: Landorus\n|-damage|p1a: Heatran|91\/100|[from] item: Life Orb\n|move|p2a: Heatran|Earth Power|p1a: Heatran\n|-resisted|p1a: Heatran\n|-damage|p1a: Heatran|73\/100\n|\n|-weather|SunnyDay|[upkeep]\n|upkeep\n|\n|t:|1701214620\n|switch|p2b: Chien-Pao|Chien-Pao, L50|100\/100\n|-ability|p2b: Chien-Pao|Sword of Ruin\n|turn|3\n|inactive|bernell00 has 30 seconds left.\n|\n|t:|1701214647\n|move|p2b: Chien-Pao|Protect|p2b: Chien-Pao\n|-singleturn|p2b: Chien-Pao|Protect\n|move|p1b: Lilligant|Sleep Powder|p2b: Chien-Pao\n|-activate|p2b: Chien-Pao|move: Protect\n|move|p1a: Heatran|Flash Cannon|p2a: Heatran\n|-damage|p2a: Heatran|50\/100\n|-damage|p1a: Heatran|63\/100|[from] item: Life Orb\n|move|p2a: Heatran|Heat Wave|p1a: Heatran|[spread] p1b\n|-immune|p1a: Heatran|[from] ability: Flash Fire\n|-supereffective|p1b: Lilligant\n|-damage|p1b: Lilligant|0 fnt\n|faint|p1b: Lilligant\n|\n|-weather|SunnyDay|[upkeep]\n|-heal|p2a: Heatran|57\/100|[from] item: Leftovers\n|upkeep\n|\n|t:|1701214665\n|switch|p1b: Indeedee|Indeedee, L50, M|100\/100\n|-fieldstart|move: Psychic Terrain|[from] ability: Psychic Surge|[of] p1b: Indeedee\n|turn|4\n|\n|t:|1701214688\n|move|p1a: Heatran|Protect|p1a: Heatran\n|-singleturn|p1a: Heatran|Protect\n|move|p2b: Chien-Pao|Icicle Crash|p1a: Heatran\n|-activate|p1a: Heatran|move: Protect\n|move|p1b: Indeedee|Psychic|p2a: Heatran\n|-damage|p2a: Heatran|14\/100\n|move|p2a: Heatran|Heat Wave|p1a: Heatran|[spread] p1b\n|-activate|p1a: Heatran|move: Protect\n|-damage|p1b: Indeedee|0 fnt\n|faint|p1b: Indeedee\n|\n|-weather|SunnyDay|[upkeep]\n|-heal|p2a: Heatran|20\/100|[from] item: Leftovers\n|upkeep\n|\n|t:|1701214702\n|switch|p1b: Torkoal|Torkoal, L50, M|100\/100\n|turn|5\n|\n|t:|1701214720\n|move|p2b: Chien-Pao|Icicle Crash|p1a: Heatran\n|-supereffective|p1a: Heatran\n|-damage|p1a: Heatran|0 fnt\n|faint|p1a: Heatran\n|move|p2a: Heatran|Earth Power|p1b: Torkoal\n|-supereffective|p1b: Torkoal\n|-damage|p1b: Torkoal|9\/100\n|move|p1b: Torkoal|Earth Power|p2a: Heatran\n|-resisted|p2a: Heatran\n|-damage|p2a: Heatran|3\/100\n|\n|-weather|none\n|-heal|p2a: Heatran|9\/100|[from] item: Leftovers\n|upkeep\n|turn|6\n|inactive|D018 has 30 seconds left.\n|\n|t:|1701214746\n|move|p2b: Chien-Pao|Sacred Sword|p1b: Torkoal\n|-damage|p1b: Torkoal|0 fnt\n|faint|p1b: Torkoal\n|\n|win|D018\n|l|\u2606bernell00\n","uploadtime":1701214755,"views":1,"p1id":"bernell00","p2id":"d018","formatid":"gen9vgc2023regulatione","rating":0,"private":0,"password":""}