{"id":"gen9vgc2023regulatione-1999349876","p1":"F3EF0O","p2":"gabtesting","format":"[Gen 9] VGC 2023 Regulation E","log":"|j|\u2606F3EF0O\n|j|\u2606gabtesting\n|t:|1701064685\n|gametype|doubles\n|player|p1|F3EF0O|2|\n|player|p2|gabtesting|169|\n|teamsize|p1|6\n|teamsize|p2|6\n|gen|9\n|tier|[Gen 9] VGC 2023 Regulation E\n|rule|Species Clause: Limit one of each Pok\u00e9mon\n|rule|Item Clause: Limit one of each item\n|clearpoke\n|poke|p1|Jolteon, L50, F|\n|poke|p1|Dudunsparce-*, L50, F|\n|poke|p1|Flamigo, L50, F|\n|poke|p1|Medicham, L50, M|\n|poke|p1|Amoonguss, L50, F|\n|poke|p1|Talonflame, L50, M|\n|poke|p2|Ninetales-Alola, L50, M|\n|poke|p2|Cetitan, L50, F|\n|poke|p2|Baxcalibur, L50, F|\n|poke|p2|Landorus-Therian, L50, M|\n|poke|p2|Heatran, L50, M|\n|poke|p2|Zapdos, L50|\n|teampreview|4\n|inactive|Battle timer is ON: inactive players will automatically lose when time's up. (requested by F3EF0O)\n|inactive|gabtesting also wants the timer to be on.\ngabtesting has agreed to open team sheets.\n|c|\u2606F3EF0O|:)\nF3EF0O rejected open team sheets.\n|c|\u2606gabtesting|let's do this\n|c|\u2606gabtesting|this is good practice for this test team\n|inactive|gabtesting no longer wants the timer on, but the timer is staying on because f3ef0o still does.\n|c|\u2606F3EF0O|my team is very gimmicy\n|inactive|gabtesting has 60 seconds left.\n|c|\u2606F3EF0O|i have never once seen this before\n|c|\u2606F3EF0O|i asked about it in pokemon showdown comments things\n|\n|t:|1701064737\n|start\n|switch|p1a: Jolteon|Jolteon, L50, F|100\/100\n|switch|p1b: Dudunsparce|Dudunsparce-Three-Segment, L50, F, shiny|100\/100\n|switch|p2a: Ninetales|Ninetales-Alola, L50, M|100\/100\n|switch|p2b: Landorus|Landorus-Therian, L50, M|100\/100\n|-ability|p2b: Landorus|Intimidate|boost\n|-unboost|p1a: Jolteon|atk|1\n|-unboost|p1b: Dudunsparce|atk|1\n|-ability|p1b: Dudunsparce|Rattled|boost\n|-boost|p1b: Dudunsparce|spe|1\n|-weather|Snow|[from] ability: Snow Warning|[of] p2a: Ninetales\n|turn|1\n|c|\u2606F3EF0O|but ah well\n|c|\u2606gabtesting|i'm interested\n|c|\u2606F3EF0O|you will be very entertained\n|\n|t:|1701064761\n|-terastallize|p1b: Dudunsparce|Psychic\n|move|p1a: Jolteon|Pin Missile|p1b: Dudunsparce\n|-supereffective|p1b: Dudunsparce\n|-damage|p1b: Dudunsparce|95\/100\n|-ability|p1b: Dudunsparce|Rattled|boost\n|-boost|p1b: Dudunsparce|spe|1\n|-enditem|p1b: Dudunsparce|Weakness Policy\n|-boost|p1b: Dudunsparce|atk|2|[from] item: Weakness Policy\n|-boost|p1b: Dudunsparce|spa|2|[from] item: Weakness Policy\n|-supereffective|p1b: Dudunsparce\n|-damage|p1b: Dudunsparce|90\/100\n|-ability|p1b: Dudunsparce|Rattled|boost\n|-boost|p1b: Dudunsparce|spe|1\n|-supereffective|p1b: Dudunsparce\n|-damage|p1b: Dudunsparce|85\/100\n|-ability|p1b: Dudunsparce|Rattled|boost\n|-boost|p1b: Dudunsparce|spe|1\n|-supereffective|p1b: Dudunsparce\n|-crit|p1b: Dudunsparce\n|-damage|p1b: Dudunsparce|74\/100\n|-ability|p1b: Dudunsparce|Rattled|boost\n|-boost|p1b: Dudunsparce|spe|1\n|-hitcount|p1b: Dudunsparce|4\n|move|p1b: Dudunsparce|Coil|p1b: Dudunsparce\n|-boost|p1b: Dudunsparce|atk|1\n|-boost|p1b: Dudunsparce|def|1\n|-boost|p1b: Dudunsparce|accuracy|1\n|move|p2b: Landorus|Rock Slide|p1b: Dudunsparce|[spread] p1a,p1b\n|-crit|p1b: Dudunsparce\n|-damage|p1a: Jolteon|69\/100\n|-damage|p1b: Dudunsparce|45\/100\n|move|p2a: Ninetales|Aurora Veil|p2a: Ninetales\n|-sidestart|p2: gabtesting|move: Aurora Veil\n|\n|-weather|Snow|[upkeep]\n|upkeep\n|turn|2\n|c|\u2606gabtesting|LMAO\n|c|\u2606F3EF0O|that crit D:\n|inactive|F3EF0O has 30 seconds left.\n|inactive|gabtesting has 30 seconds left.\n|\n|t:|1701064795\n|switch|p1a: Medicham|Medicham, L50, M|100\/100\n|move|p1b: Dudunsparce|Poison Jab|p2a: Ninetales\n|-supereffective|p2a: Ninetales\n|-damage|p2a: Ninetales|61\/100\n|-status|p2a: Ninetales|psn\n|move|p2b: Landorus|Rock Slide|p1a: Medicham|[spread] p1a,p1b\n|-resisted|p1a: Medicham\n|-damage|p1a: Medicham|81\/100\n|-damage|p1b: Dudunsparce|32\/100\n|move|p2a: Ninetales|Blizzard|p1b: Dudunsparce|[spread] p1a,p1b\n|-damage|p1a: Medicham|37\/100\n|-damage|p1b: Dudunsparce|13\/100\n|-status|p1a: Medicham|frz\n|\n|-weather|Snow|[upkeep]\n|-damage|p2a: Ninetales|49\/100 psn|[from] psn\n|upkeep\n|-enditem|p2a: Ninetales|Sitrus Berry|[eat]\n|-heal|p2a: Ninetales|73\/100 psn|[from] item: Sitrus Berry\n|turn|3\n|c|\u2606F3EF0O|bro\n|c|\u2606F3EF0O|stop\n|c|\u2606F3EF0O|freezing\n|c|\u2606F3EF0O|me\n|c|\u2606F3EF0O|:c\n|\n|t:|1701064815\n|move|p1b: Dudunsparce|Protect|p1b: Dudunsparce\n|-singleturn|p1b: Dudunsparce|Protect\n|move|p2b: Landorus|Rock Slide|p1b: Dudunsparce|[spread] p1a\n|-activate|p1b: Dudunsparce|move: Protect\n|-resisted|p1a: Medicham\n|-damage|p1a: Medicham|20\/100 frz\n|move|p2a: Ninetales|Blizzard|p1b: Dudunsparce|[spread] p1a\n|-activate|p1b: Dudunsparce|move: Protect\n|-damage|p1a: Medicham|0 fnt\n|faint|p1a: Medicham\n|\n|-weather|Snow|[upkeep]\n|-damage|p2a: Ninetales|61\/100 psn|[from] psn\n|upkeep\n|c|\u2606F3EF0O|i was gonna psych up\n|c|\u2606F3EF0O|with medicham\n|c|\u2606F3EF0O|but u froze it\n|\n|t:|1701064829\n|switch|p1a: Talonflame|Talonflame, L50, M|100\/100\n|turn|4\n|c|\u2606gabtesting|what i'm learning is that team is somewhat resistant to gimmicks then lol\n|c|\u2606F3EF0O|im seeing so many aurora veil teams nowadays\n|inactive|F3EF0O has 30 seconds left.\n|c|\u2606gabtesting|i didn't design it around RNG, but the RNG is helping a lot\n|\n|t:|1701064862\n|move|p2a: Ninetales|Protect|p2a: Ninetales\n|-singleturn|p2a: Ninetales|Protect\n|move|p1b: Dudunsparce|Tera Blast|p2b: Landorus|[anim] Tera Blast Psychic\n|-damage|p2b: Landorus|56\/100\n|move|p2b: Landorus|Rock Slide|p1b: Dudunsparce|[spread] p1a,p1b\n|-supereffective|p1a: Talonflame\n|-damage|p1a: Talonflame|0 fnt\n|-damage|p1b: Dudunsparce|1\/100\n|faint|p1a: Talonflame\n|\n|-weather|Snow|[upkeep]\n|-damage|p2a: Ninetales|49\/100 psn|[from] psn\n|upkeep\n|c|\u2606gabtesting|it's just very broken\n|c|\u2606gabtesting|brick break is becoming very viable i feel\n|\n|t:|1701064873\n|switch|p1a: Jolteon|Jolteon, L50, F|69\/100\n|turn|5\n|c|\u2606F3EF0O|i forgot i got that on my chestnaught\n|c|\u2606F3EF0O|on my starter squad\n|c|\u2606gabtesting|i went against a belly drum brick break poliwrath that absolutely wrecked me\n|inactive|F3EF0O has 30 seconds left.\n|\n|t:|1701064902\n|move|p1a: Jolteon|Hyper Voice|p2a: Ninetales|[spread] p2a,p2b\n|-damage|p2a: Ninetales|38\/100 psn\n|-damage|p2b: Landorus|41\/100\n|move|p1b: Dudunsparce|Tera Blast|p2b: Landorus|[anim] Tera Blast Psychic\n|-damage|p2b: Landorus|0 fnt\n|faint|p2b: Landorus\n|move|p2a: Ninetales|Blizzard|p1b: Dudunsparce|[spread] p1a,p1b\n|-damage|p1a: Jolteon|34\/100\n|-damage|p1b: Dudunsparce|0 fnt\n|faint|p1b: Dudunsparce\n|\n|-weather|none\n|-damage|p2a: Ninetales|26\/100 psn|[from] psn\n|-sideend|p2: gabtesting|move: Aurora Veil\n|upkeep\n|\n|t:|1701064912\n|switch|p2b: Zapdos|Zapdos, L50|100\/100\n|turn|6\n|c|\u2606F3EF0O|i swear\n|c|\u2606F3EF0O|if freeze\n|\n|t:|1701064917\n|switch|p2a: Baxcalibur|Baxcalibur, L50, F|100\/100\n|move|p1a: Jolteon|Hyper Voice|p2b: Zapdos|[spread] p2a,p2b\n|-damage|p2a: Baxcalibur|86\/100\n|-damage|p2b: Zapdos|84\/100\n|move|p2b: Zapdos|Tailwind|p2b: Zapdos\n|-sidestart|p2: gabtesting|move: Tailwind\n|\n|upkeep\n|turn|7\n|\n|t:|1701064927\n|switch|p2b: Ninetales|Ninetales-Alola, L50, M|26\/100 psn\n|-weather|Snow|[from] ability: Snow Warning|[of] p2b: Ninetales\n|move|p1a: Jolteon|Hyper Voice|p2b: Ninetales|[spread] p2a,p2b\n|-damage|p2a: Baxcalibur|70\/100\n|-damage|p2b: Ninetales|10\/100 psn\n|move|p2a: Baxcalibur|Swords Dance|p2a: Baxcalibur\n|-boost|p2a: Baxcalibur|atk|2\n|\n|-weather|Snow|[upkeep]\n|-heal|p2a: Baxcalibur|76\/100|[from] ability: Ice Body\n|-damage|p2b: Ninetales|0 fnt|[from] psn\n|faint|p2b: Ninetales\n|upkeep\n|c|\u2606F3EF0O|your team is busted\n|\n|t:|1701064934\n|switch|p2b: Zapdos|Zapdos, L50|84\/100\n|turn|8\n|c|\u2606F3EF0O|i wonder if it can beat trick room\n|c|\u2606F3EF0O|actually\n|\n|t:|1701064951\n|move|p1a: Jolteon|Hyper Voice|p2b: Zapdos|[spread] p2a,p2b\n|-damage|p2a: Baxcalibur|61\/100\n|-damage|p2b: Zapdos|68\/100\n|move|p2a: Baxcalibur|Icicle Spear|p1a: Jolteon\n|-damage|p1a: Jolteon|0 fnt\n|faint|p1a: Jolteon\n|-hitcount|p1: Jolteon|1\n|\n|win|gabtesting\n|c|\u2606gabtesting|it's done it a few times\n|c|\u2606F3EF0O|i should have used flamigo instead of medicham\n|c|\u2606F3EF0O|i was just scared of the ice and zapdos\n|c|\u2606gabtesting|ninetales is my fastest\n|c|\u2606F3EF0O|i outspeed it\n|l|\u2606F3EF0O\n|c|\u2606gabtesting|actually, lando with scarf\n","uploadtime":1701064996,"views":9,"p1id":"f3ef0o","p2id":"gabtesting","formatid":"gen9vgc2023regulatione","rating":0,"private":0,"password":""}