{"id":"gen9vgc2023regulatione-1988616157","p1":"Lernest","p2":"diegodm2694","format":"[Gen 9] VGC 2023 Regulation E","log":"|j|\u2606Lernest\n|j|\u2606diegodm2694\n|t:|1699742334\n|gametype|doubles\n|player|p1|Lernest|tuber|1403\n|player|p2|diegodm2694|102|1443\n|teamsize|p1|6\n|teamsize|p2|6\n|gen|9\n|tier|[Gen 9] VGC 2023 Regulation E\n|rated|\n|rule|Species Clause: Limit one of each Pok\u00e9mon\n|rule|Item Clause: Limit one of each item\n|clearpoke\n|poke|p1|Tornadus, L50, M|\n|poke|p1|Arcanine-Hisui, L50, M|\n|poke|p1|Iron Hands, L50|\n|poke|p1|Urshifu-*, L50, F|\n|poke|p1|Sinistcha, L50|\n|poke|p1|Chien-Pao, L50|\n|poke|p2|Clefairy, L50, M|\n|poke|p2|Roaring Moon, L50|\n|poke|p2|Flutter Mane, L50|\n|poke|p2|Heatran, L50, M|\n|poke|p2|Ogerpon-Hearthflame, L50, F|\n|poke|p2|Urshifu-*, L50, M|\n|teampreview|4\n|inactive|Battle timer is ON: inactive players will automatically lose when time's up. (requested by diegodm2694)\n|\n|t:|1699742365\n|start\n|switch|p1a: Tornadus|Tornadus, L50, M|100\/100\n|switch|p1b: Bill|Urshifu-Rapid-Strike, L50, F|100\/100\n|switch|p2a: Roaring Moon|Roaring Moon, L50|100\/100\n|switch|p2b: Urshifu|Urshifu-Rapid-Strike, L50, M|100\/100\n|-enditem|p2a: Roaring Moon|Booster Energy\n|-activate|p2a: Roaring Moon|ability: Protosynthesis|[fromitem]\n|-start|p2a: Roaring Moon|protosynthesisspe\n|turn|1\n|\n|t:|1699742382\n|move|p1a: Tornadus|Tailwind|p1a: Tornadus\n|-sidestart|p1: Lernest|move: Tailwind\n|move|p1b: Bill|U-turn|p2a: Roaring Moon\n|-supereffective|p2a: Roaring Moon\n|-damage|p2a: Roaring Moon|34\/100\n|\n|t:|1699742387\n|switch|p1b: Andre|Iron Hands, L50|100\/100|[from] U-turn\n|move|p2a: Roaring Moon|Tailwind|p2a: Roaring Moon\n|-sidestart|p2: diegodm2694|move: Tailwind\n|move|p2b: Urshifu|Surging Strikes|p1a: Tornadus\n|-crit|p1a: Tornadus\n|-damage|p1a: Tornadus|72\/100\n|-crit|p1a: Tornadus\n|-damage|p1a: Tornadus|47\/100\n|-crit|p1a: Tornadus\n|-damage|p1a: Tornadus|22\/100\n|-hitcount|p1a: Tornadus|3\n|\n|upkeep\n|turn|2\n|\n|t:|1699742405\n|move|p2a: Roaring Moon|Protect|p2a: Roaring Moon\n|-singleturn|p2a: Roaring Moon|Protect\n|move|p2b: Urshifu|Protect|p2b: Urshifu\n|-singleturn|p2b: Urshifu|Protect\n|move|p1a: Tornadus|Leer|p2a: Roaring Moon|[spread] \n|-activate|p2a: Roaring Moon|move: Protect\n|-activate|p2b: Urshifu|move: Protect\n|move|p1b: Andre|Wild Charge|p2b: Urshifu\n|-activate|p2b: Urshifu|move: Protect\n|\n|upkeep\n|turn|3\n|\n|t:|1699742426\n|switch|p1a: Geiger|Arcanine-Hisui, L50, M|100\/100\n|-ability|p1a: Geiger|Intimidate|boost\n|-unboost|p2a: Roaring Moon|atk|1\n|-unboost|p2b: Urshifu|atk|1\n|move|p2a: Roaring Moon|Knock Off|p1b: Andre\n|-resisted|p1b: Andre\n|-damage|p1b: Andre|87\/100\n|-enditem|p1b: Andre|Clear Amulet|[from] move: Knock Off|[of] p2a: Roaring Moon\n|move|p2b: Urshifu|Surging Strikes|p1a: Geiger\n|-supereffective|p1a: Geiger\n|-crit|p1a: Geiger\n|-damage|p1a: Geiger|7\/100\n|-supereffective|p1a: Geiger\n|-crit|p1a: Geiger\n|-damage|p1a: Geiger|0 fnt\n|faint|p1a: Geiger\n|-hitcount|p1: Geiger|2\n|move|p1b: Andre|Wild Charge|p2b: Urshifu\n|-supereffective|p2b: Urshifu\n|-enditem|p2b: Urshifu|Focus Sash\n|-damage|p2b: Urshifu|1\/100\n|-damage|p1b: Andre|68\/100|[from] Recoil\n|\n|upkeep\n|\n|t:|1699742437\n|switch|p1a: Tornadus|Tornadus, L50, M|22\/100\n|turn|4\n|inactive|diegodm2694 has 30 seconds left.\n|inactive|diegodm2694 has 20 seconds left.\n|inactive|diegodm2694 has 15 seconds left.\n|\n|t:|1699742479\n|move|p2a: Roaring Moon|Protect|p2a: Roaring Moon\n|-singleturn|p2a: Roaring Moon|Protect\n|move|p1a: Tornadus|Bleakwind Storm|p2a: Roaring Moon|[spread] p2b\n|-activate|p2a: Roaring Moon|move: Protect\n|-supereffective|p2b: Urshifu\n|-damage|p2b: Urshifu|0 fnt\n|faint|p2b: Urshifu\n|move|p1b: Andre|Ice Punch|p2a: Roaring Moon\n|-activate|p2a: Roaring Moon|move: Protect\n|\n|-sideend|p1: Lernest|move: Tailwind\n|-sideend|p2: diegodm2694|move: Tailwind\n|upkeep\n|\n|t:|1699742488\n|switch|p2b: Flutter Mane|Flutter Mane, L50|100\/100\n|turn|5\n|\n|t:|1699742505\n|move|p1a: Tornadus|Tailwind|p1a: Tornadus\n|-sidestart|p1: Lernest|move: Tailwind\n|move|p2a: Roaring Moon|Tailwind|p2a: Roaring Moon\n|-sidestart|p2: diegodm2694|move: Tailwind\n|move|p2b: Flutter Mane|Moonblast|p1b: Andre\n|-supereffective|p1b: Andre\n|-damage|p1b: Andre|0 fnt\n|faint|p1b: Andre\n|-end|p1b: Andre|Quark Drive|[silent]\n|\n|upkeep\n|\n|t:|1699742512\n|switch|p1b: Bill|Urshifu-Rapid-Strike, L50, F|100\/100\n|turn|6\n|\n|t:|1699742518\n|-terastallize|p1b: Bill|Water\n|move|p2a: Roaring Moon|Knock Off|p1b: Bill\n|-damage|p1b: Bill|68\/100\n|-enditem|p1b: Bill|Choice Scarf|[from] move: Knock Off|[of] p2a: Roaring Moon\n|move|p2b: Flutter Mane|Moonblast|p1a: Tornadus\n|-damage|p1a: Tornadus|0 fnt\n|faint|p1a: Tornadus\n|move|p1b: Bill|Surging Strikes|p2b: Flutter Mane\n|-crit|p2b: Flutter Mane\n|-damage|p2b: Flutter Mane|35\/100\n|-crit|p2b: Flutter Mane\n|-damage|p2b: Flutter Mane|0 fnt\n|faint|p2b: Flutter Mane\n|-end|p2b: Flutter Mane|Protosynthesis|[silent]\n|-hitcount|p2: Flutter Mane|2\n|\n|upkeep\n|\n|t:|1699742531\n|switch|p2b: Ogerpon|Ogerpon-Hearthflame, L50, F|100\/100\n|-ability|p2b: Ogerpon|Mold Breaker\n|turn|7\n|\n|t:|1699742544\n|-terastallize|p2a: Roaring Moon|Flying\n|move|p2a: Roaring Moon|Acrobatics|p1b: Bill\n|-damage|p1b: Bill|30\/100\n|move|p2b: Ogerpon|Grassy Glide|p1b: Bill\n|-supereffective|p1b: Bill\n|-damage|p1b: Bill|0 fnt\n|faint|p1b: Bill\n|\n|win|diegodm2694\n|raw|Lernest's rating: 1403 &rarr; <strong>1385<\/strong><br \/>(-18 for losing)\n|raw|diegodm2694's rating: 1443 &rarr; <strong>1461<\/strong><br \/>(+18 for winning)\n|l|\u2606Lernest\n","uploadtime":1699742558,"views":20,"p1id":"lernest","p2id":"diegodm2694","formatid":"gen9vgc2023regulatione","rating":1385,"private":0,"password":""}