{"id":"gen9vgc2023regulatione-1990657516","p1":"TrendanBrendan","p2":"SHAWXVGC","format":"[Gen 9] VGC 2023 Regulation E","log":"|j|\u2606TrendanBrendan\n|j|\u2606SHAWXVGC\n|t:|1699989346\n|gametype|doubles\n|player|p1|TrendanBrendan|elio|1083\n|player|p2|SHAWXVGC|170|1157\n|teamsize|p1|6\n|teamsize|p2|6\n|gen|9\n|tier|[Gen 9] VGC 2023 Regulation E\n|rated|\n|rule|Species Clause: Limit one of each Pok\u00e9mon\n|rule|Item Clause: Limit one of each item\n|clearpoke\n|poke|p1|Urshifu-*, L50, M|\n|poke|p1|Ogerpon-Hearthflame, L50, F|\n|poke|p1|Okidogi, L50, M|\n|poke|p1|Flutter Mane, L50|\n|poke|p1|Chien-Pao, L50|\n|poke|p1|Landorus-Therian, L50, M|\n|poke|p2|Chi-Yu, L50|\n|poke|p2|Iron Hands, L50|\n|poke|p2|Flutter Mane, L50|\n|poke|p2|Amoonguss, L50, M|\n|poke|p2|Landorus-Therian, L50, M|\n|poke|p2|Ogerpon-Cornerstone, L50, F|\n|teampreview|4\nTrendanBrendan has agreed to open team sheets.\nSHAWXVGC rejected open team sheets.\n|inactive|Battle timer is ON: inactive players will automatically lose when time's up. (requested by TrendanBrendan)\n|\n|t:|1699989463\n|start\n|switch|p1a: Shifours|Urshifu-Rapid-Strike, L50, M|100\/100\n|switch|p1b: Pao|Chien-Pao, L50|100\/100\n|switch|p2a: Landorus|Landorus-Therian, L50, M|100\/100\n|switch|p2b: Amoonguss|Amoonguss, L50, M|100\/100\n|-ability|p2a: Landorus|Intimidate|boost\n|-unboost|p1a: Shifours|atk|1\n|-unboost|p1b: Pao|atk|1\n|-ability|p1b: Pao|Sword of Ruin\n|turn|1\n|inactive|SHAWXVGC has 30 seconds left.\n|inactive|SHAWXVGC has 20 seconds left.\n|inactive|SHAWXVGC has 15 seconds left.\n|inactive|SHAWXVGC has 10 seconds left.\n|\n|t:|1699989508\n|switch|p1a: Low Tide|Landorus-Therian, L50, M|100\/100\n|-ability|p1a: Low Tide|Intimidate|boost\n|-unboost|p2a: Landorus|atk|1\n|-unboost|p2b: Amoonguss|atk|1\n|-terastallize|p2a: Landorus|Flying\n|move|p1b: Pao|Protect|p1b: Pao\n|-singleturn|p1b: Pao|Protect\n|move|p2b: Amoonguss|Rage Powder|p2b: Amoonguss\n|-singleturn|p2b: Amoonguss|move: Rage Powder\n|move|p2a: Landorus|Tera Blast|p1a: Low Tide|[anim] Tera Blast Flying\n|-damage|p1a: Low Tide|45\/100\n|\n|upkeep\n|turn|2\n|inactive|SHAWXVGC has 30 seconds left.\n|inactive|TrendanBrendan has 30 seconds left.\n|\n|t:|1699989543\n|switch|p2a: Iron Hands|Iron Hands, L50|100\/100\n|move|p2b: Amoonguss|Protect|p2b: Amoonguss\n|-singleturn|p2b: Amoonguss|Protect\n|move|p1b: Pao|Ice Spinner|p2a: Iron Hands\n|-damage|p2a: Iron Hands|79\/100\n|move|p1a: Low Tide|Rock Slide|p2a: Iron Hands|[spread] p2a\n|-activate|p2b: Amoonguss|move: Protect\n|-resisted|p2a: Iron Hands\n|-crit|p2a: Iron Hands\n|-damage|p2a: Iron Hands|67\/100\n|\n|upkeep\n|turn|3\n|inactive|TrendanBrendan has 30 seconds left.\n|\n|t:|1699989569\n|switch|p1b: Ogerpon|Ogerpon-Hearthflame, L50, F|100\/100\n|-ability|p1b: Ogerpon|Mold Breaker\n|move|p2a: Iron Hands|Fake Out|p1a: Low Tide\n|-damage|p1a: Low Tide|28\/100\n|cant|p1a: Low Tide|flinch\n|move|p2b: Amoonguss|Spore|p1b: Ogerpon\n|-immune|p1b: Ogerpon\n|\n|upkeep\n|turn|4\n|inactive|SHAWXVGC has 30 seconds left.\n|inactive|SHAWXVGC has 20 seconds left.\n|inactive|SHAWXVGC has 15 seconds left.\n|\n|t:|1699989612\n|switch|p1a: Pao|Chien-Pao, L50|100\/100\n|-ability|p1a: Pao|Sword of Ruin\n|switch|p2b: Landorus|Landorus-Therian, L50, M, tera:Flying|100\/100\n|-ability|p2b: Landorus|Intimidate|boost\n|-unboost|p1a: Pao|atk|1\n|-unboost|p1b: Ogerpon|atk|1\n|move|p1b: Ogerpon|Ivy Cudgel|p2a: Iron Hands|[anim] Ivy Cudgel Fire\n|-damage|p2a: Iron Hands|35\/100\n|move|p2a: Iron Hands|Drain Punch|p1b: Ogerpon\n|-damage|p1b: Ogerpon|45\/100\n|-heal|p2a: Iron Hands|56\/100|[from] drain|[of] p1b: Ogerpon\n|\n|upkeep\n|turn|5\n|inactive|TrendanBrendan has 30 seconds left.\n|inactive|SHAWXVGC has 30 seconds left.\n|\n|t:|1699989641\n|switch|p2b: Ogerpon|Ogerpon-Cornerstone, L50, F|100\/100\n|move|p1b: Ogerpon|Spiky Shield|p1b: Ogerpon\n|-singleturn|p1b: Ogerpon|move: Protect\n|move|p1a: Pao|Sucker Punch||[still]\n|-fail|p1a: Pao\n|move|p2a: Iron Hands|Drain Punch|p1b: Ogerpon\n|-activate|p1b: Ogerpon|move: Protect\n|-damage|p2a: Iron Hands|44\/100|[from] Spiky Shield|[of] p1b: Ogerpon\n|\n|upkeep\n|turn|6\n|inactive|SHAWXVGC has 30 seconds left.\n|\n|t:|1699989672\n|-end|p2a: Iron Hands|Quark Drive|[silent]\n|switch|p2a: Landorus|Landorus-Therian, L50, M, tera:Flying|100\/100\n|-ability|p2a: Landorus|Intimidate|boost\n|-unboost|p1a: Pao|atk|1\n|-unboost|p1b: Ogerpon|atk|1\n|move|p1a: Pao|Haze|p1a: Pao\n|-clearallboost\n|move|p1b: Ogerpon|Horn Leech|p2b: Ogerpon\n|-damage|p2b: Ogerpon|41\/100\n|-heal|p1b: Ogerpon|74\/100|[from] drain|[of] p2b: Ogerpon\n|move|p2b: Ogerpon|Swords Dance|p2b: Ogerpon\n|-boost|p2b: Ogerpon|atk|2\n|\n|upkeep\n|turn|7\n|inactive|TrendanBrendan has 30 seconds left.\n|inactive|TrendanBrendan has 20 seconds left.\n|inactive|TrendanBrendan has 15 seconds left.\n|\n|t:|1699989719\n|move|p1b: Ogerpon|Spiky Shield|p1b: Ogerpon\n|-singleturn|p1b: Ogerpon|move: Protect\n|move|p2a: Landorus|Tera Blast|p1b: Ogerpon|[anim] Tera Blast Flying\n|-activate|p1b: Ogerpon|move: Protect\n|move|p1a: Pao|Haze|p1a: Pao\n|-clearallboost\n|move|p2b: Ogerpon|Ivy Cudgel|p1a: Pao|[anim] Ivy Cudgel Rock\n|-supereffective|p1a: Pao\n|-enditem|p1a: Pao|Focus Sash\n|-damage|p1a: Pao|1\/100\n|\n|upkeep\n|turn|8\n|inactive|TrendanBrendan has 30 seconds left.\n|\n|t:|1699989750\n|switch|p1a: Low Tide|Landorus-Therian, L50, M|28\/100\n|-ability|p1a: Low Tide|Intimidate|boost\n|-unboost|p2a: Landorus|atk|1\n|-unboost|p2b: Ogerpon|atk|1\n|switch|p2b: Iron Hands|Iron Hands, L50|44\/100\n|-terastallize|p1b: Ogerpon|Fire\n|detailschange|p1b: Ogerpon|Ogerpon-Hearthflame-Tera, L50, F, tera:Fire\n|-ability|p1b: Ogerpon|Embody Aspect (Hearthflame)|boost\n|-boost|p1b: Ogerpon|atk|1\n|move|p2a: Landorus|Tera Blast|p1b: Ogerpon|[anim] Tera Blast Flying\n|-damage|p1b: Ogerpon|32\/100\n|move|p1b: Ogerpon|Ivy Cudgel|p2a: Landorus|[anim] Ivy Cudgel Fire\n|-damage|p2a: Landorus|0 fnt\n|faint|p2a: Landorus\n|\n|upkeep\n|\n|t:|1699989772\n|switch|p2a: Ogerpon|Ogerpon-Cornerstone, L50, F|41\/100\n|turn|9\n|\n|t:|1699989788\n|switch|p1a: Pao|Chien-Pao, L50|1\/100\n|-ability|p1a: Pao|Sword of Ruin\n|move|p1b: Ogerpon|Spiky Shield|p1b: Ogerpon\n|-singleturn|p1b: Ogerpon|move: Protect\n|move|p2b: Iron Hands|Fake Out|p1b: Ogerpon\n|-activate|p1b: Ogerpon|move: Protect\n|-damage|p2b: Iron Hands|32\/100|[from] Spiky Shield|[of] p1b: Ogerpon\n|move|p2a: Ogerpon|Ivy Cudgel|p1b: Ogerpon|[anim] Ivy Cudgel Rock\n|-activate|p1b: Ogerpon|move: Protect\n|\n|upkeep\n|turn|10\n|inactive|SHAWXVGC has 30 seconds left.\n|inactive|SHAWXVGC has 20 seconds left.\n|inactive|SHAWXVGC has 15 seconds left.\n|inactive|SHAWXVGC has 10 seconds left.\n|inactive|SHAWXVGC has 5 seconds left.\n|\n|t:|1699989839\n|move|p2a: Ogerpon|Spiky Shield|p2a: Ogerpon\n|-singleturn|p2a: Ogerpon|move: Protect\n|move|p1a: Pao|Sucker Punch||[still]\n|-fail|p1a: Pao\n|move|p1b: Ogerpon|Ivy Cudgel|p2b: Iron Hands|[anim] Ivy Cudgel Fire\n|-damage|p2b: Iron Hands|0 fnt\n|faint|p2b: Iron Hands\n|-end|p2b: Iron Hands|Quark Drive|[silent]\n|\n|upkeep\n|\n|t:|1699989848\n|switch|p2b: Amoonguss|Amoonguss, L50, M|100\/100\n|turn|11\n|\n|t:|1699989874\n|move|p1b: Ogerpon|Spiky Shield|p1b: Ogerpon\n|-singleturn|p1b: Ogerpon|move: Protect\n|move|p2a: Ogerpon|Spiky Shield|p2a: Ogerpon\n|-singleturn|p2a: Ogerpon|move: Protect\n|move|p1a: Pao|Ice Spinner|p2b: Amoonguss\n|-supereffective|p2b: Amoonguss\n|-damage|p2b: Amoonguss|3\/100\n|-enditem|p2b: Amoonguss|Sitrus Berry|[eat]\n|-heal|p2b: Amoonguss|28\/100|[from] item: Sitrus Berry\n|move|p2b: Amoonguss|Pollen Puff|p1a: Pao\n|-supereffective|p1a: Pao\n|-damage|p1a: Pao|0 fnt\n|faint|p1a: Pao\n|\n|upkeep\n|\n|t:|1699989886\n|switch|p1a: Low Tide|Landorus-Therian, L50, M|28\/100\n|-ability|p1a: Low Tide|Intimidate|boost\n|-unboost|p2a: Ogerpon|atk|1\n|-unboost|p2b: Amoonguss|atk|1\n|turn|12\n|\n|t:|1699989900\n|move|p2b: Amoonguss|Rage Powder|p2b: Amoonguss\n|-singleturn|p2b: Amoonguss|move: Rage Powder\n|move|p1a: Low Tide|U-turn|p2b: Amoonguss\n|-damage|p2b: Amoonguss|6\/100\n|\n|t:|1699989904\n|switch|p1a: Shifours|Urshifu-Rapid-Strike, L50, M|100\/100|[from] U-turn\n|move|p1b: Ogerpon|Horn Leech|p2b: Amoonguss\n|-resisted|p2b: Amoonguss\n|-damage|p2b: Amoonguss|0 fnt\n|-heal|p1b: Ogerpon|35\/100|[from] drain|[of] p2b: Amoonguss\n|faint|p2b: Amoonguss\n|move|p2a: Ogerpon|Ivy Cudgel|p1b: Ogerpon|[anim] Ivy Cudgel Rock\n|-supereffective|p1b: Ogerpon\n|-damage|p1b: Ogerpon|0 fnt\n|faint|p1b: Ogerpon\n|\n|upkeep\n|\n|t:|1699989909\n|switch|p1b: Low Tide|Landorus-Therian, L50, M|28\/100\n|-ability|p1b: Low Tide|Intimidate|boost\n|-unboost|p2a: Ogerpon|atk|1\n|turn|13\n|-message|SHAWXVGC forfeited.\n|\n|win|TrendanBrendan\n|raw|TrendanBrendan's rating: 1083 &rarr; <strong>1116<\/strong><br \/>(+33 for winning)\n|raw|SHAWXVGC's rating: 1157 &rarr; <strong>1127<\/strong><br \/>(-30 for losing)\n|l|\u2606SHAWXVGC\n","uploadtime":1699989923,"views":19,"p1id":"trendanbrendan","p2id":"shawxvgc","formatid":"gen9vgc2023regulatione","rating":1116,"private":0,"password":""}