{"id":"gen9vgc2023regulatione-2000124174","p1":"Mr.Greentexts","p2":"FvckApple","format":"[Gen 9] VGC 2023 Regulation E","log":"|j|\u2606Mr.Greentexts\n|j|\u2606FvckApple\n|t:|1701159182\n|gametype|doubles\n|player|p1|Mr.Greentexts|169|1189\n|player|p2|FvckApple|scientist-gen4dp|1281\n|teamsize|p1|6\n|teamsize|p2|6\n|gen|9\n|tier|[Gen 9] VGC 2023 Regulation E\n|rated|\n|rule|Species Clause: Limit one of each Pok\u00e9mon\n|rule|Item Clause: Limit one of each item\n|clearpoke\n|poke|p1|Heatran, L50, F|\n|poke|p1|Rillaboom, L50, M|\n|poke|p1|Scream Tail, L50|\n|poke|p1|Urshifu-*, L50, F|\n|poke|p1|Tornadus, L50, M|\n|poke|p1|Flutter Mane, L50|\n|poke|p2|Roaring Moon, L50|\n|poke|p2|Gholdengo, L50|\n|poke|p2|Arcanine-Hisui, L50, M|\n|poke|p2|Iron Hands, L50|\n|poke|p2|Ogerpon-Wellspring, L50, F|\n|poke|p2|Rillaboom, L50, M|\n|teampreview|4\n|inactive|Battle timer is ON: inactive players will automatically lose when time's up. (requested by FvckApple)\n|inactive|Mr.Greentexts has 60 seconds left.\n|inactive|FvckApple has 60 seconds left.\n|inactive|Mr.Greentexts has 30 seconds left.\n|inactive|FvckApple has 30 seconds left.\n|inactive|Mr.Greentexts has 20 seconds left.\n|inactive|Mr.Greentexts has 15 seconds left.\n|inactive|FvckApple has 20 seconds left.\n|inactive|Mr.Greentexts has 10 seconds left.\n|inactive|FvckApple has 15 seconds left.\n|inactive|Mr.Greentexts has 5 seconds left.\n|\n|t:|1701159272\n|start\n|switch|p1a: Heatran|Heatran, L50, F|100\/100\n|switch|p1b: Rillaboom|Rillaboom, L50, M|100\/100\n|switch|p2a: Iron Hands|Iron Hands, L50, shiny|100\/100\n|switch|p2b: Arcanine|Arcanine-Hisui, L50, M, shiny|100\/100\n|-ability|p2b: Arcanine|Intimidate|boost\n|-unboost|p1a: Heatran|atk|1\n|-unboost|p1b: Rillaboom|atk|1\n|-fieldstart|move: Grassy Terrain|[from] ability: Grassy Surge|[of] p1b: Rillaboom\n|turn|1\n|inactive|Mr.Greentexts has 30 seconds left.\n|inactive|FvckApple has 30 seconds left.\n|inactive|Mr.Greentexts has 20 seconds left.\n|inactive|FvckApple has 20 seconds left.\n|inactive|Mr.Greentexts has 15 seconds left.\n|inactive|FvckApple has 15 seconds left.\n|inactive|Mr.Greentexts has 10 seconds left.\n|inactive|FvckApple has 10 seconds left.\n|inactive|Mr.Greentexts has 5 seconds left.\n|\n|t:|1701159322\n|switch|p2b: Roaring Moon|Roaring Moon, L50, shiny|100\/100\n|-enditem|p2b: Roaring Moon|Booster Energy\n|-activate|p2b: Roaring Moon|ability: Protosynthesis|[fromitem]\n|-start|p2b: Roaring Moon|protosynthesisspe\n|switch|p1b: Scream Tail|Scream Tail, L50|100\/100\n|-enditem|p1b: Scream Tail|Booster Energy\n|-activate|p1b: Scream Tail|ability: Protosynthesis|[fromitem]\n|-start|p1b: Scream Tail|protosynthesisspe\n|-end|p2a: Iron Hands|Quark Drive|[silent]\n|switch|p2a: Rillaboom|Rillaboom, L50, M, shiny|100\/100\n|move|p1a: Heatran|Earth Power|p2b: Roaring Moon\n|-damage|p2b: Roaring Moon|56\/100\n|-damage|p1a: Heatran|91\/100|[from] item: Life Orb\n|\n|-heal|p2b: Roaring Moon|62\/100|[from] Grassy Terrain\n|-heal|p1a: Heatran|97\/100|[from] Grassy Terrain\n|upkeep\n|turn|2\n|inactive|Mr.Greentexts has 30 seconds left.\n|inactive|FvckApple has 30 seconds left.\n|inactive|Mr.Greentexts has 20 seconds left.\n|inactive|FvckApple has 20 seconds left.\n|inactive|Mr.Greentexts has 15 seconds left.\n|inactive|Mr.Greentexts has 10 seconds left.\n|inactive|FvckApple has 15 seconds left.\n|inactive|Mr.Greentexts has 5 seconds left.\n|inactive|FvckApple has 10 seconds left.\n|\n|t:|1701159373\n|move|p2a: Rillaboom|Fake Out|p1a: Heatran\n|-resisted|p1a: Heatran\n|-damage|p1a: Heatran|91\/100\n|move|p2b: Roaring Moon|Tailwind|p2b: Roaring Moon\n|-sidestart|p2: FvckApple|move: Tailwind\n|move|p1b: Scream Tail|Encore|p2a: Rillaboom\n|-start|p2a: Rillaboom|Encore\n|cant|p1a: Heatran|flinch\n|\n|-heal|p2b: Roaring Moon|68\/100|[from] Grassy Terrain\n|-heal|p1a: Heatran|97\/100|[from] Grassy Terrain\n|upkeep\n|turn|3\n|inactive|Mr.Greentexts has 30 seconds left.\n|inactive|FvckApple has 30 seconds left.\n|inactive|Mr.Greentexts has 20 seconds left.\n|inactive|FvckApple has 20 seconds left.\n|inactive|FvckApple has 15 seconds left.\n|\n|t:|1701159413\n|switch|p2a: Iron Hands|Iron Hands, L50, shiny|100\/100\n|move|p2b: Roaring Moon|Knock Off|p1b: Scream Tail\n|-damage|p1b: Scream Tail|72\/100\n|move|p1b: Scream Tail|Play Rough|p2b: Roaring Moon\n|-supereffective|p2b: Roaring Moon\n|-damage|p2b: Roaring Moon|0 fnt\n|faint|p2b: Roaring Moon\n|-end|p2b: Roaring Moon|Protosynthesis|[silent]\n|move|p1a: Heatran|Earth Power|p2a: Iron Hands\n|-supereffective|p2a: Iron Hands\n|-damage|p2a: Iron Hands|50\/100\n|-damage|p1a: Heatran|87\/100|[from] item: Life Orb\n|\n|-heal|p1b: Scream Tail|78\/100|[from] Grassy Terrain\n|-heal|p2a: Iron Hands|57\/100|[from] Grassy Terrain\n|-heal|p1a: Heatran|93\/100|[from] Grassy Terrain\n|upkeep\n|\n|t:|1701159428\n|switch|p2b: Arcanine|Arcanine-Hisui, L50, M, shiny|100\/100\n|-ability|p2b: Arcanine|Intimidate|boost\n|-unboost|p1a: Heatran|atk|1\n|-unboost|p1b: Scream Tail|atk|1\n|turn|4\n|inactive|Mr.Greentexts has 30 seconds left.\n|\n|t:|1701159457\n|switch|p1a: Rillaboom|Rillaboom, L50, M|100\/100\n|-terastallize|p2a: Iron Hands|Water\n|move|p2b: Arcanine|Flare Blitz|p1b: Scream Tail\n|-damage|p1b: Scream Tail|13\/100\n|-damage|p2b: Arcanine|78\/100|[from] Recoil\n|move|p1b: Scream Tail|Howl|p1b: Scream Tail|[spread] p1a,p1b\n|-boost|p1a: Rillaboom|atk|1\n|-boost|p1b: Scream Tail|atk|1\n|move|p2a: Iron Hands|Drain Punch|p1a: Rillaboom\n|-damage|p1a: Rillaboom|60\/100\n|-heal|p2a: Iron Hands|74\/100|[from] drain|[of] p1a: Rillaboom\n|\n|-heal|p2b: Arcanine|84\/100|[from] Grassy Terrain\n|-heal|p1b: Scream Tail|18\/100|[from] Grassy Terrain\n|-heal|p2a: Iron Hands|80\/100|[from] Grassy Terrain\n|-heal|p1a: Rillaboom|66\/100|[from] Grassy Terrain\n|upkeep\n|turn|5\n|inactive|Mr.Greentexts has 30 seconds left.\n|inactive|FvckApple has 30 seconds left.\n|inactive|FvckApple has 20 seconds left.\n|inactive|Mr.Greentexts has 20 seconds left.\n|inactive|FvckApple has 15 seconds left.\n|inactive|FvckApple has 10 seconds left.\n|\n|t:|1701159504\n|-end|p2a: Iron Hands|Quark Drive|[silent]\n|switch|p2a: Rillaboom|Rillaboom, L50, M, shiny|100\/100\n|move|p1a: Rillaboom|Fake Out|p2b: Arcanine\n|-resisted|p2b: Arcanine\n|-damage|p2b: Arcanine|72\/100\n|cant|p2b: Arcanine|flinch\n|move|p1b: Scream Tail|Howl|p1b: Scream Tail|[spread] p1a,p1b\n|-boost|p1a: Rillaboom|atk|1\n|-boost|p1b: Scream Tail|atk|1\n|\n|-heal|p2b: Arcanine|78\/100|[from] Grassy Terrain\n|-heal|p1b: Scream Tail|24\/100|[from] Grassy Terrain\n|-heal|p1a: Rillaboom|72\/100|[from] Grassy Terrain\n|-sideend|p2: FvckApple|move: Tailwind\n|-fieldend|move: Grassy Terrain\n|upkeep\n|turn|6\n|inactive|Mr.Greentexts has 30 seconds left.\n|inactive|Mr.Greentexts has 20 seconds left.\n|inactive|Mr.Greentexts has 15 seconds left.\n|inactive|Mr.Greentexts has 10 seconds left.\n|inactive|Mr.Greentexts has 5 seconds left.\n|\n|t:|1701159555\n|move|p1b: Scream Tail|Protect|p1b: Scream Tail\n|-singleturn|p1b: Scream Tail|Protect\n|move|p2a: Rillaboom|Fake Out|p1a: Rillaboom\n|-damage|p1a: Rillaboom|57\/100\n|move|p2b: Arcanine|Flare Blitz|p1a: Rillaboom\n|-supereffective|p1a: Rillaboom\n|-damage|p1a: Rillaboom|0 fnt\n|faint|p1a: Rillaboom\n|-damage|p2b: Arcanine|57\/100|[from] Recoil\n|\n|upkeep\n|\n|t:|1701159568\n|switch|p1a: Urshifu|Urshifu-Rapid-Strike, L50, F|100\/100\n|turn|7\n|inactive|Mr.Greentexts has 30 seconds left.\n|inactive|Mr.Greentexts has 20 seconds left.\n|\n|t:|1701159607\n|move|p1b: Scream Tail|Encore|p2a: Rillaboom\n|-start|p2a: Rillaboom|Encore\n|move|p1a: Urshifu|Close Combat|p2b: Arcanine\n|-supereffective|p2b: Arcanine\n|-damage|p2b: Arcanine|0 fnt\n|-unboost|p1a: Urshifu|def|1\n|-unboost|p1a: Urshifu|spd|1\n|faint|p2b: Arcanine\n|move|p2a: Rillaboom|Fake Out||[still]\n|-hint|Fake Out only works on your first turn out.\n|-fail|p2a: Rillaboom\n|\n|upkeep\n|\n|t:|1701159616\n|switch|p2b: Iron Hands|Iron Hands, L50, shiny, tera:Water|80\/100\n|turn|8\n|\n|t:|1701159638\n|move|p2a: Rillaboom|Fake Out||[still]\n|-hint|Fake Out only works on your first turn out.\n|-fail|p2a: Rillaboom\n|move|p1b: Scream Tail|Howl|p1b: Scream Tail|[spread] p1a,p1b\n|-boost|p1a: Urshifu|atk|1\n|-boost|p1b: Scream Tail|atk|1\n|move|p1a: Urshifu|Close Combat|p2b: Iron Hands\n|-damage|p2b: Iron Hands|13\/100\n|-unboost|p1a: Urshifu|def|1\n|-unboost|p1a: Urshifu|spd|1\n|move|p2b: Iron Hands|Wild Charge|p1a: Urshifu\n|-supereffective|p1a: Urshifu\n|-damage|p1a: Urshifu|0 fnt\n|faint|p1a: Urshifu\n|-damage|p2b: Iron Hands|0 fnt|[from] Recoil\n|faint|p2b: Iron Hands\n|-end|p2b: Iron Hands|Quark Drive|[silent]\n|\n|upkeep\n|\n|t:|1701159649\n|switch|p1a: Heatran|Heatran, L50, F|93\/100\n|turn|9\n|c|\u2606FvckApple|PusC\\\n|-message|FvckApple forfeited.\n|\n|win|Mr.Greentexts\n|raw|Mr.Greentexts's rating: 1189 &rarr; <strong>1220<\/strong><br \/>(+31 for winning)\n|raw|FvckApple's rating: 1281 &rarr; <strong>1250<\/strong><br \/>(-31 for losing)\n|l|\u2606FvckApple\n","uploadtime":1701159692,"views":24,"p1id":"mrgreentexts","p2id":"fvckapple","formatid":"gen9vgc2023regulatione","rating":1220,"private":0,"password":""}