{"id":"gen9vgc2023regulatione-1989344223","p1":"Ice.cream.man1997","p2":"BreadyTorus","format":"[Gen 9] VGC 2023 Regulation E","log":"|j|\u2606Ice.cream.man1997\n|j|\u2606BreadyTorus\n|t:|1699838746\n|gametype|doubles\n|player|p1|Ice.cream.man1997|169|1200\n|player|p2|BreadyTorus|unknown|1101\n|teamsize|p1|6\n|teamsize|p2|6\n|gen|9\n|tier|[Gen 9] VGC 2023 Regulation E\n|rated|\n|rule|Species Clause: Limit one of each Pok\u00e9mon\n|rule|Item Clause: Limit one of each item\n|clearpoke\n|poke|p1|Kommo-o, L50, M|\n|poke|p1|Iron Hands, L50|\n|poke|p1|Grimmsnarl, L50, M|\n|poke|p1|Sinistcha, L50|\n|poke|p1|Gyarados, L50, M|\n|poke|p1|Kingambit, L50, F|\n|poke|p2|Gallade, L50, M|\n|poke|p2|Drifblim, L50, M|\n|poke|p2|Ogerpon-Cornerstone, L50, F|\n|poke|p2|Scream Tail, L50|\n|poke|p2|Chi-Yu, L50|\n|poke|p2|Tornadus, L50, M|\n|teampreview|4\n|\n|t:|1699838784\n|start\n|switch|p1a: Iron Hands|Iron Hands, L50|100\/100\n|switch|p1b: Kingambit|Kingambit, L50, F|100\/100\n|switch|p2a: Curl|Scream Tail, L50|100\/100\n|switch|p2b: Blimpie|Drifblim, L50, M|100\/100\n|turn|1\n|\n|t:|1699838815\n|move|p2a: Curl|Protect|p2a: Curl\n|-singleturn|p2a: Curl|Protect\n|move|p1a: Iron Hands|Fake Out|p2a: Curl\n|-activate|p2a: Curl|move: Protect\n|move|p2b: Blimpie|Shadow Ball|p1a: Iron Hands\n|-damage|p1a: Iron Hands|84\/100\n|move|p1b: Kingambit|Kowtow Cleave|p2a: Curl\n|-activate|p2a: Curl|move: Protect\n|\n|upkeep\n|turn|2\n|\n|t:|1699838853\n|-end|p2a: Curl|Protosynthesis|[silent]\n|switch|p2a: My Fish|Chi-Yu, L50|100\/100\n|-ability|p2a: My Fish|Beads of Ruin\n|move|p2b: Blimpie|Thunderbolt|p1b: Kingambit\n|-damage|p1b: Kingambit|74\/100\n|move|p1a: Iron Hands|Wild Charge|p2b: Blimpie\n|-supereffective|p2b: Blimpie\n|-damage|p2b: Blimpie|0 fnt\n|faint|p2b: Blimpie\n|-damage|p1a: Iron Hands|62\/100|[from] Recoil\n|move|p1b: Kingambit|Kowtow Cleave|p2a: My Fish\n|-resisted|p2a: My Fish\n|-damage|p2a: My Fish|55\/100\n|\n|upkeep\n|\n|t:|1699838878\n|switch|p2b: Curl|Scream Tail, L50|100\/100\n|turn|3\n|\n|t:|1699838888\n|-terastallize|p1b: Kingambit|Dark\n|move|p1b: Kingambit|Sucker Punch|p2a: My Fish\n|-resisted|p2a: My Fish\n|-damage|p2a: My Fish|0 fnt\n|faint|p2a: My Fish\n|move|p2b: Curl|Dazzling Gleam|p1b: Kingambit|[spread] p1a,p1b\n|-supereffective|p1a: Iron Hands\n|-crit|p1a: Iron Hands\n|-supereffective|p1b: Kingambit\n|-damage|p1a: Iron Hands|20\/100\n|-damage|p1b: Kingambit|31\/100\n|move|p1a: Iron Hands|Drain Punch|p2b: Curl\n|-resisted|p2b: Curl\n|-damage|p2b: Curl|90\/100\n|-heal|p1a: Iron Hands|24\/100|[from] drain|[of] p2b: Curl\n|\n|-heal|p2b: Curl|96\/100|[from] item: Leftovers\n|upkeep\n|\n|t:|1699838903\n|switch|p2a: Helium|Gallade, L50, M|100\/100\n|turn|4\n|\n|t:|1699838915\n|-end|p1a: Iron Hands|Quark Drive|[silent]\n|switch|p1a: Gyarados|Gyarados, L50, M, shiny|100\/100\n|-ability|p1a: Gyarados|Intimidate|boost\n|-unboost|p2a: Helium|atk|1\n|-unboost|p2b: Curl|atk|1\n|move|p1b: Kingambit|Protect|p1b: Kingambit\n|-singleturn|p1b: Kingambit|Protect\n|move|p2b: Curl|Imprison|p2b: Curl\n|-start|p2b: Curl|move: Imprison\n|move|p2a: Helium|Sacred Sword|p1b: Kingambit\n|-activate|p1b: Kingambit|move: Protect\n|\n|-heal|p2b: Curl|100\/100|[from] item: Leftovers\n|upkeep\n|turn|5\n|\n|t:|1699838964\n|switch|p1b: Kommo-o|Kommo-o, L50, M|100\/100\n|move|p2b: Curl|Dazzling Gleam|p1a: Gyarados|[spread] p1a,p1b\n|-supereffective|p1b: Kommo-o\n|-crit|p1b: Kommo-o\n|-damage|p1a: Gyarados|80\/100\n|-damage|p1b: Kommo-o|0 fnt\n|faint|p1b: Kommo-o\n|move|p1a: Gyarados|Taunt|p2b: Curl\n|-start|p2b: Curl|move: Taunt\n|move|p2a: Helium|Sacred Sword|p1a: Gyarados\n|-resisted|p1a: Gyarados\n|-damage|p1a: Gyarados|54\/100\n|-damage|p2a: Helium|84\/100|[from] item: Rocky Helmet|[of] p1a: Gyarados\n|\n|upkeep\n|\n|t:|1699838970\n|switch|p1b: Iron Hands|Iron Hands, L50|24\/100\n|turn|6\n|\n|t:|1699838984\n|move|p1b: Iron Hands|Fake Out|p2b: Curl\n|-damage|p2b: Curl|86\/100\n|cant|p2b: Curl|flinch\n|move|p1a: Gyarados|Waterfall|p2a: Helium\n|-damage|p2a: Helium|22\/100\n|move|p2a: Helium|Psycho Cut|p1a: Gyarados\n|-damage|p1a: Gyarados|14\/100\n|\n|-heal|p2b: Curl|92\/100|[from] item: Leftovers\n|upkeep\n|turn|7\n|\n|t:|1699839003\n|move|p2b: Curl|Dazzling Gleam|p1a: Gyarados|[spread] p1a,p1b\n|-supereffective|p1b: Iron Hands\n|-damage|p1a: Gyarados|0 fnt\n|-damage|p1b: Iron Hands|0 fnt\n|faint|p1a: Gyarados\n|faint|p1b: Iron Hands\n|-end|p1b: Iron Hands|Quark Drive|[silent]\n|move|p2a: Helium|Sacred Sword|p1: Gyarados|[notarget]\n|-fail|p2a: Helium\n|\n|-heal|p2b: Curl|97\/100|[from] item: Leftovers\n|upkeep\n|\n|t:|1699839007\n|switch|p1b: Kingambit|Kingambit, L50, F, tera:Dark|31\/100\n|turn|8\n|\n|t:|1699839015\n|move|p1b: Kingambit|Sucker Punch|p2a: Helium\n|-damage|p2a: Helium|0 fnt\n|faint|p2a: Helium\n|move|p2b: Curl|Dazzling Gleam|p1b: Kingambit\n|-supereffective|p1b: Kingambit\n|-damage|p1b: Kingambit|0 fnt\n|faint|p1b: Kingambit\n|\n|win|BreadyTorus\n|raw|Ice.cream.man1997's rating: 1200 &rarr; <strong>1168<\/strong><br \/>(-32 for losing)\n|raw|BreadyTorus's rating: 1101 &rarr; <strong>1133<\/strong><br \/>(+32 for winning)\n|l|\u2606Ice.cream.man1997\n","uploadtime":1699839027,"views":24,"p1id":"icecreamman1997","p2id":"breadytorus","formatid":"gen9vgc2023regulatione","rating":1133,"private":0,"password":""}