{"id":"gen9vgc2023regulatione-1989761303","p1":"The_Jolly_Dwarf","p2":"wiranVGC","format":"[Gen 9] VGC 2023 Regulation E","log":"|j|\u2606The_Jolly_Dwarf\n|j|\u2606wiranVGC\n|t:|1699893504\n|gametype|doubles\n|player|p1|The_Jolly_Dwarf|fisherman-gen4|1117\n|player|p2|wiranVGC|266|1128\n|teamsize|p1|6\n|teamsize|p2|6\n|gen|9\n|tier|[Gen 9] VGC 2023 Regulation E\n|rated|\n|rule|Species Clause: Limit one of each Pok\u00e9mon\n|rule|Item Clause: Limit one of each item\n|clearpoke\n|poke|p1|Urshifu-*, L50, F|\n|poke|p1|Arcanine-Hisui, L50, M|\n|poke|p1|Tornadus, L50, M|\n|poke|p1|Rillaboom, L50, M|\n|poke|p1|Flutter Mane, L50|\n|poke|p1|Iron Hands, L50|\n|poke|p2|Slaking, L50, M|\n|poke|p2|Haxorus, L50, M|\n|poke|p2|Baxcalibur, L50, M|\n|poke|p2|Glastrier, L50|\n|poke|p2|Landorus-Therian, L50, M|\n|poke|p2|Conkeldurr, L50, M|\n|teampreview|4\n|inactive|Battle timer is ON: inactive players will automatically lose when time's up. (requested by The_Jolly_Dwarf)\n|\n|t:|1699893556\n|start\n|switch|p1a: Tornadus|Tornadus, L50, M|100\/100\n|switch|p1b: Urshifu|Urshifu-Rapid-Strike, L50, F|100\/100\n|switch|p2a: Glastrier|Glastrier, L50|100\/100\n|switch|p2b: Conkeldurr|Conkeldurr, L50, M|100\/100\n|turn|1\n|inactive|The_Jolly_Dwarf has 30 seconds left.\n|inactive|wiranVGC has 30 seconds left.\n|\n|t:|1699893588\n|switch|p2b: Landorus|Landorus-Therian, L50, M|100\/100\n|-ability|p2b: Landorus|Intimidate|boost\n|-unboost|p1a: Tornadus|atk|1\n|-unboost|p1b: Urshifu|atk|1\n|move|p1a: Tornadus|Tailwind|p1a: Tornadus\n|-sidestart|p1: The_Jolly_Dwarf|move: Tailwind\n|move|p1b: Urshifu|Close Combat|p2a: Glastrier\n|-supereffective|p2a: Glastrier\n|-damage|p2a: Glastrier|42\/100\n|-unboost|p1b: Urshifu|def|1\n|-unboost|p1b: Urshifu|spd|1\n|move|p2a: Glastrier|Avalanche|p1a: Tornadus\n|-supereffective|p1a: Tornadus\n|-damage|p1a: Tornadus|0 fnt\n|faint|p1a: Tornadus\n|-ability|p2a: Glastrier|Chilling Neigh|boost\n|-boost|p2a: Glastrier|atk|1\n|\n|-heal|p2a: Glastrier|47\/100|[from] item: Leftovers\n|upkeep\n|\n|t:|1699893609\n|switch|p1a: Flutter Mane|Flutter Mane, L50|100\/100\n|-enditem|p1a: Flutter Mane|Booster Energy\n|-activate|p1a: Flutter Mane|ability: Protosynthesis|[fromitem]\n|-start|p1a: Flutter Mane|protosynthesisspe\n|turn|2\n|\n|t:|1699893623\n|switch|p1b: Iron Hands|Iron Hands, L50|100\/100\n|-terastallize|p1a: Flutter Mane|Fairy\n|-terastallize|p2b: Landorus|Flying\n|move|p1a: Flutter Mane|Dazzling Gleam|p2a: Glastrier|[spread] p2a,p2b\n|-damage|p2a: Glastrier|16\/100\n|-damage|p2b: Landorus|60\/100\n|move|p2b: Landorus|Tera Blast|p1b: Iron Hands|[anim] Tera Blast Flying\n|-crit|p1b: Iron Hands\n|-damage|p1b: Iron Hands|40\/100\n|move|p2a: Glastrier|Heavy Slam|p1a: Flutter Mane\n|-supereffective|p1a: Flutter Mane\n|-damage|p1a: Flutter Mane|0 fnt\n|faint|p1a: Flutter Mane\n|-end|p1a: Flutter Mane|Protosynthesis|[silent]\n|-ability|p2a: Glastrier|Chilling Neigh|boost\n|-boost|p2a: Glastrier|atk|1\n|\n|-heal|p2a: Glastrier|22\/100|[from] item: Leftovers\n|upkeep\n|\n|t:|1699893644\n|switch|p1a: Urshifu|Urshifu-Rapid-Strike, L50, F|100\/100\n|turn|3\n|\n|t:|1699893662\n|switch|p2b: Baxcalibur|Baxcalibur, L50, M|100\/100\n|move|p2a: Glastrier|Protect|p2a: Glastrier\n|-singleturn|p2a: Glastrier|Protect\n|move|p1b: Iron Hands|Fake Out|p2a: Glastrier\n|-activate|p2a: Glastrier|move: Protect\n|move|p1a: Urshifu|Surging Strikes|p2b: Baxcalibur\n|-resisted|p2b: Baxcalibur\n|-crit|p2b: Baxcalibur\n|-damage|p2b: Baxcalibur|87\/100\n|-resisted|p2b: Baxcalibur\n|-crit|p2b: Baxcalibur\n|-damage|p2b: Baxcalibur|73\/100\n|-resisted|p2b: Baxcalibur\n|-crit|p2b: Baxcalibur\n|-damage|p2b: Baxcalibur|59\/100\n|-hitcount|p2b: Baxcalibur|3\n|\n|-heal|p2a: Glastrier|28\/100|[from] item: Leftovers\n|upkeep\n|turn|4\n|inactive|wiranVGC has 30 seconds left.\n|\n|t:|1699893694\n|move|p1a: Urshifu|Detect|p1a: Urshifu\n|-singleturn|p1a: Urshifu|Protect\n|move|p2b: Baxcalibur|Glaive Rush|p1a: Urshifu\n|-activate|p1a: Urshifu|move: Protect\n|move|p1b: Iron Hands|Drain Punch|p2a: Glastrier\n|-supereffective|p2a: Glastrier\n|-damage|p2a: Glastrier|0 fnt\n|-heal|p1b: Iron Hands|52\/100|[from] drain|[of] p2a: Glastrier\n|faint|p2a: Glastrier\n|\n|-sideend|p1: The_Jolly_Dwarf|move: Tailwind\n|upkeep\n|\n|t:|1699893704\n|switch|p2a: Conkeldurr|Conkeldurr, L50, M|100\/100\n|turn|5\n|\n|t:|1699893723\n|switch|p2b: Landorus|Landorus-Therian, L50, M, tera:Flying|60\/100\n|-ability|p2b: Landorus|Intimidate|boost\n|-unboost|p1a: Urshifu|atk|1\n|-unboost|p1b: Iron Hands|atk|1\n|move|p1a: Urshifu|Surging Strikes|p2a: Conkeldurr\n|-crit|p2a: Conkeldurr\n|-damage|p2a: Conkeldurr|76\/100\n|-crit|p2a: Conkeldurr\n|-damage|p2a: Conkeldurr|53\/100\n|-crit|p2a: Conkeldurr\n|-damage|p2a: Conkeldurr|29\/100\n|-hitcount|p2a: Conkeldurr|3\n|move|p1b: Iron Hands|Drain Punch|p2b: Landorus\n|-resisted|p2b: Landorus\n|-damage|p2b: Landorus|45\/100\n|-heal|p1b: Iron Hands|58\/100|[from] drain|[of] p2b: Landorus\n|move|p2a: Conkeldurr|Drain Punch|p1a: Urshifu\n|-damage|p1a: Urshifu|49\/100\n|-heal|p2a: Conkeldurr|50\/100|[from] drain|[of] p1a: Urshifu\n|\n|-status|p2a: Conkeldurr|brn|[from] item: Flame Orb\n|upkeep\n|turn|6\n|inactive|wiranVGC has 30 seconds left.\n|\n|t:|1699893756\n|switch|p2b: Baxcalibur|Baxcalibur, L50, M|59\/100\n|move|p1a: Urshifu|Detect|p1a: Urshifu\n|-singleturn|p1a: Urshifu|Protect\n|move|p1b: Iron Hands|Wild Charge|p2b: Baxcalibur\n|-resisted|p2b: Baxcalibur\n|-damage|p2b: Baxcalibur|42\/100\n|-damage|p1b: Iron Hands|54\/100|[from] Recoil\n|move|p2a: Conkeldurr|Drain Punch|p1a: Urshifu\n|-activate|p1a: Urshifu|move: Protect\n|\n|-damage|p2a: Conkeldurr|44\/100 brn|[from] brn\n|upkeep\n|turn|7\n|\n|t:|1699893781\n|switch|p2a: Landorus|Landorus-Therian, L50, M, tera:Flying|45\/100\n|-ability|p2a: Landorus|Intimidate|boost\n|-unboost|p1a: Urshifu|atk|1\n|-unboost|p1b: Iron Hands|atk|1\n|move|p2b: Baxcalibur|Ice Shard|p1a: Urshifu\n|-resisted|p1a: Urshifu\n|-damage|p1a: Urshifu|37\/100\n|move|p1a: Urshifu|Surging Strikes|p2b: Baxcalibur\n|-resisted|p2b: Baxcalibur\n|-crit|p2b: Baxcalibur\n|-damage|p2b: Baxcalibur|30\/100\n|-resisted|p2b: Baxcalibur\n|-crit|p2b: Baxcalibur\n|-damage|p2b: Baxcalibur|16\/100\n|-resisted|p2b: Baxcalibur\n|-crit|p2b: Baxcalibur\n|-damage|p2b: Baxcalibur|2\/100\n|-hitcount|p2b: Baxcalibur|3\n|move|p1b: Iron Hands|Wild Charge|p2b: Baxcalibur\n|-resisted|p2b: Baxcalibur\n|-damage|p2b: Baxcalibur|0 fnt\n|faint|p2b: Baxcalibur\n|-damage|p1b: Iron Hands|54\/100|[from] Recoil\n|\n|upkeep\n|\n|t:|1699893797\n|switch|p2b: Conkeldurr|Conkeldurr, L50, M|44\/100 brn\n|turn|8\n|\n|t:|1699893821\n|move|p1a: Urshifu|Aqua Jet|p2a: Landorus\n|-damage|p2a: Landorus|28\/100\n|move|p2b: Conkeldurr|Mach Punch|p1b: Iron Hands\n|-damage|p1b: Iron Hands|30\/100\n|move|p2a: Landorus|Earthquake|p1a: Urshifu|[spread] p2b,p1a,p1b\n|-supereffective|p1b: Iron Hands\n|-damage|p2b: Conkeldurr|8\/100 brn\n|-damage|p1a: Urshifu|0 fnt\n|-damage|p1b: Iron Hands|0 fnt\n|faint|p1a: Urshifu\n|faint|p1b: Iron Hands\n|-end|p1b: Iron Hands|Quark Drive|[silent]\n|\n|win|wiranVGC\n|raw|The_Jolly_Dwarf's rating: 1117 &rarr; <strong>1093<\/strong><br \/>(-24 for losing)\n|raw|wiranVGC's rating: 1128 &rarr; <strong>1152<\/strong><br \/>(+24 for winning)\n|l|\u2606The_Jolly_Dwarf\n","uploadtime":1699893834,"views":17,"p1id":"thejollydwarf","p2id":"wiranvgc","formatid":"gen9vgc2023regulatione","rating":1093,"private":0,"password":""}