{"id":"gen9vgc2023regulatione-1998010241","p1":"uiif5","p2":"Younghasmalldingy","format":"[Gen 9] VGC 2023 Regulation E","log":"|j|\u2606uiif5\n|j|\u2606Younghasmalldingy\n|t:|1700878581\n|gametype|doubles\n|player|p1|uiif5|265|1084\n|player|p2|Younghasmalldingy|169|1048\n|teamsize|p1|6\n|teamsize|p2|4\n|gen|9\n|tier|[Gen 9] VGC 2023 Regulation E\n|rated|\n|rule|Species Clause: Limit one of each Pok\u00e9mon\n|rule|Item Clause: Limit one of each item\n|clearpoke\n|poke|p1|Arcanine, L50, M|\n|poke|p1|Ogerpon-Hearthflame, L50, F|\n|poke|p1|Tornadus, L50, M|\n|poke|p1|Slowbro, L50, M|\n|poke|p1|Rillaboom, L50, M|\n|poke|p1|Chien-Pao, L50|\n|poke|p2|Sylveon, L50, M|\n|poke|p2|Oranguru, L50, F|\n|poke|p2|Ursaluna-Bloodmoon, L50, M|\n|poke|p2|Sableye, L50, M|\n|teampreview|4\n|inactive|Battle timer is ON: inactive players will automatically lose when time's up. (requested by uiif5)\n|\n|t:|1700878607\n|start\n|switch|p1a: Tornadus|Tornadus, L50, M|100\/100\n|switch|p1b: Chien-Pao|Chien-Pao, L50|100\/100\n|switch|p2a: Oranguru|Oranguru, L50, F|100\/100\n|switch|p2b: Sableye|Sableye, L50, M|100\/100\n|-ability|p1b: Chien-Pao|Sword of Ruin\n|turn|1\n|\n|t:|1700878631\n|-terastallize|p1b: Chien-Pao|Ghost\n|-terastallize|p2a: Oranguru|Water\n|move|p2b: Sableye|Reflect|p2b: Sableye\n|-sidestart|p2: Younghasmalldingy|Reflect\n|move|p1b: Chien-Pao|Ice Spinner|p2a: Oranguru\n|-resisted|p2a: Oranguru\n|-damage|p2a: Oranguru|84\/100\n|move|p1a: Tornadus|Bleakwind Storm|p2a: Oranguru|[spread] p2a,p2b\n|-damage|p2a: Oranguru|61\/100\n|-damage|p2b: Sableye|66\/100\n|-unboost|p2b: Sableye|spe|1\n|-enditem|p2b: Sableye|Eject Button\n|\n|t:|1700878641\n|switch|p2b: Ursaluna|Ursaluna-Bloodmoon, L50, M|100\/100\n|move|p2a: Oranguru|Trick Room|p2a: Oranguru\n|-fieldstart|move: Trick Room|[of] p2a: Oranguru\n|\n|upkeep\n|turn|2\n|inactive|uiif5 has 30 seconds left.\n|\n|t:|1700878667\n|move|p1a: Tornadus|Protect|p1a: Tornadus\n|-singleturn|p1a: Tornadus|Protect\n|move|p1b: Chien-Pao|Protect|p1b: Chien-Pao\n|-singleturn|p1b: Chien-Pao|Protect\n|move|p2b: Ursaluna|Hyper Voice|p1b: Chien-Pao|[spread] \n|-activate|p1a: Tornadus|move: Protect\n|-activate|p1b: Chien-Pao|move: Protect\n|move|p2a: Oranguru|Instruct|p2b: Ursaluna\n|-singleturn|p2b: Ursaluna|move: Instruct|[of] p2a: Oranguru\n|move|p2b: Ursaluna|Hyper Voice|p1a: Tornadus|[spread] \n|-activate|p1a: Tornadus|move: Protect\n|-activate|p1b: Chien-Pao|move: Protect\n|\n|upkeep\n|turn|3\n|\n|t:|1700878690\n|move|p1b: Chien-Pao|Sucker Punch|p2b: Ursaluna\n|-damage|p2b: Ursaluna|73\/100\n|move|p2b: Ursaluna|Hyper Voice|p1a: Tornadus|[spread] p1a,p1b\n|-damage|p1a: Tornadus|56\/100\n|-damage|p1b: Chien-Pao|33\/100\n|-enditem|p2b: Ursaluna|Throat Spray\n|-boost|p2b: Ursaluna|spa|1|[from] item: Throat Spray\n|move|p2a: Oranguru|Instruct|p2b: Ursaluna\n|-singleturn|p2b: Ursaluna|move: Instruct|[of] p2a: Oranguru\n|move|p2b: Ursaluna|Hyper Voice|p1b: Chien-Pao|[spread] p1a,p1b\n|-damage|p1a: Tornadus|0 fnt\n|-damage|p1b: Chien-Pao|0 fnt\n|faint|p1a: Tornadus\n|faint|p1b: Chien-Pao\n|\n|upkeep\n|\n|t:|1700878705\n|switch|p1a: Slowbro|Slowbro, L50, M|100\/100\n|switch|p1b: Ogerpon|Ogerpon-Hearthflame, L50, F|100\/100\n|-ability|p1b: Ogerpon|Mold Breaker\n|turn|4\n|\n|t:|1700878717\n|move|p1b: Ogerpon|Spiky Shield|p1b: Ogerpon\n|-singleturn|p1b: Ogerpon|move: Protect\n|move|p1a: Slowbro|Yawn|p2b: Ursaluna\n|-start|p2b: Ursaluna|move: Yawn|[of] p1a: Slowbro\n|move|p2b: Ursaluna|Hyper Voice|p1a: Slowbro|[spread] p1a\n|-activate|p1b: Ogerpon|move: Protect\n|-damage|p1a: Slowbro|36\/100\n|move|p2a: Oranguru|Instruct|p2b: Ursaluna\n|-singleturn|p2b: Ursaluna|move: Instruct|[of] p2a: Oranguru\n|move|p2b: Ursaluna|Hyper Voice|p1b: Ogerpon|[spread] p1a\n|-activate|p1b: Ogerpon|move: Protect\n|-damage|p1a: Slowbro|0 fnt\n|faint|p1a: Slowbro\n|\n|upkeep\n|turn|5\n|\n|t:|1700878735\n|move|p1b: Ogerpon|Spiky Shield||[still]\n|-fail|p1b: Ogerpon\n|move|p2b: Ursaluna|Blood Moon|p1b: Ogerpon\n|-damage|p1b: Ogerpon|0 fnt\n|faint|p1b: Ogerpon\n|\n|win|Younghasmalldingy\n|raw|uiif5's rating: 1084 &rarr; <strong>1059<\/strong><br \/>(-25 for losing)\n|raw|Younghasmalldingy's rating: 1048 &rarr; <strong>1084<\/strong><br \/>(+36 for winning)\n|l|\u2606uiif5\n","uploadtime":1700878747,"views":22,"p1id":"uiif5","p2id":"younghasmalldingy","formatid":"gen9vgc2023regulatione","rating":1059,"private":0,"password":""}