{"id":"gen9vgc2023regulatione-1999043828","p1":"JaySayYay","p2":"ogrepog","format":"[Gen 9] VGC 2023 Regulation E","log":"|j|\u2606JaySayYay\n|j|\u2606ogrepog\n|t:|1701027133\n|gametype|doubles\n|player|p1|JaySayYay|riley|1237\n|player|p2|ogrepog|cheren-gen5bw2|1306\n|teamsize|p1|6\n|teamsize|p2|6\n|gen|9\n|tier|[Gen 9] VGC 2023 Regulation E\n|rated|\n|rule|Species Clause: Limit one of each Pok\u00e9mon\n|rule|Item Clause: Limit one of each item\n|clearpoke\n|poke|p1|Chien-Pao, L50|\n|poke|p1|Rillaboom, L50, M|\n|poke|p1|Tornadus, L50, M|\n|poke|p1|Flutter Mane, L50|\n|poke|p1|Urshifu-*, L50, M|\n|poke|p1|Arcanine-Hisui, L50, M|\n|poke|p2|Staraptor, L50, F|\n|poke|p2|Oranguru, L50, F|\n|poke|p2|Ursaluna-Bloodmoon, L50, M|\n|poke|p2|Maushold-Four, L50|\n|poke|p2|Dragonite, L50, M|\n|poke|p2|Tauros, L50, M|\n|teampreview|4\n|inactive|Battle timer is ON: inactive players will automatically lose when time's up. (requested by JaySayYay)\nogrepog has agreed to open team sheets.\n|inactive|JaySayYay has 60 seconds left.\n|inactive|ogrepog has 60 seconds left.\nJaySayYay has agreed to open team sheets.\n|inactive|JaySayYay has 30 seconds left.\n|inactive|JaySayYay has 20 seconds left.\n|\n|t:|1701027204\n|start\n|switch|p1a: Tornadus|Tornadus, L50, M|100\/100\n|switch|p1b: Urshifu|Urshifu-Rapid-Strike, L50, M|100\/100\n|switch|p2a: Tauros|Tauros, L50, M|100\/100\n|switch|p2b: BeegBoi|Dragonite, L50, M|100\/100\n|-ability|p2a: Tauros|Intimidate|boost\n|-unboost|p1a: Tornadus|atk|1\n|-unboost|p1b: Urshifu|atk|1\n|turn|1\n|\n|t:|1701027223\n|-terastallize|p2b: BeegBoi|Normal\n|move|p2a: Tauros|Helping Hand|p2b: BeegBoi\n|-singleturn|p2b: BeegBoi|Helping Hand|[of] p2a: Tauros\n|move|p2b: BeegBoi|Extreme Speed|p1b: Urshifu\n|-damage|p1b: Urshifu|0 fnt\n|faint|p1b: Urshifu\n|move|p1a: Tornadus|Rain Dance|p1a: Tornadus\n|-weather|RainDance\n|\n|-weather|RainDance|[upkeep]\n|upkeep\n|\n|t:|1701027236\n|switch|p1b: Flutter Mane|Flutter Mane, L50|100\/100\n|-enditem|p1b: Flutter Mane|Booster Energy\n|-activate|p1b: Flutter Mane|ability: Protosynthesis|[fromitem]\n|-start|p1b: Flutter Mane|protosynthesisspa\n|turn|2\n|\n|t:|1701027248\n|-terastallize|p1b: Flutter Mane|Fairy\n|move|p2b: BeegBoi|Extreme Speed|p1a: Tornadus\n|-damage|p1a: Tornadus|15\/100\n|-damage|p2b: BeegBoi|84\/100|[from] item: Rocky Helmet|[of] p1a: Tornadus\n|move|p1a: Tornadus|Tailwind|p1a: Tornadus\n|-sidestart|p1: JaySayYay|move: Tailwind\n|move|p1b: Flutter Mane|Dazzling Gleam|p2b: BeegBoi|[spread] p2a,p2b\n|-crit|p2a: Tauros\n|-damage|p2a: Tauros|0 fnt\n|-damage|p2b: BeegBoi|21\/100\n|faint|p2a: Tauros\n|\n|-weather|RainDance|[upkeep]\n|upkeep\n|\n|t:|1701027259\n|switch|p2a: Staraptor|Staraptor, L50, F, shiny|100\/100\n|-ability|p2a: Staraptor|Intimidate|boost\n|-unboost|p1a: Tornadus|atk|1\n|-unboost|p1b: Flutter Mane|atk|1\n|turn|3\n|\n|t:|1701027272\n|switch|p1a: Arcanine|Arcanine-Hisui, L50, M|100\/100\n|-ability|p1a: Arcanine|Intimidate|boost\n|-unboost|p2a: Staraptor|atk|1\n|-fail|p2b: BeegBoi|unboost|Attack|[from] ability: Inner Focus|[of] p2b: BeegBoi\n|move|p2b: BeegBoi|Extreme Speed|p1b: Flutter Mane\n|-crit|p1b: Flutter Mane\n|-damage|p1b: Flutter Mane|0 fnt\n|faint|p1b: Flutter Mane\n|-end|p1b: Flutter Mane|Protosynthesis|[silent]\n|move|p2a: Staraptor|Brave Bird|p1a: Arcanine\n|-resisted|p1a: Arcanine\n|-damage|p1a: Arcanine|79\/100\n|-damage|p2a: Staraptor|94\/100|[from] Recoil\n|\n|-weather|RainDance|[upkeep]\n|upkeep\n|\n|t:|1701027284\n|switch|p1b: Tornadus|Tornadus, L50, M|15\/100\n|turn|4\n|\n|t:|1701027293\n|switch|p2a: Titan|Ursaluna-Bloodmoon, L50, M|100\/100\n|move|p2b: BeegBoi|Extreme Speed|p1b: Tornadus\n|-damage|p1b: Tornadus|0 fnt\n|-damage|p2b: BeegBoi|4\/100|[from] item: Rocky Helmet|[of] p1b: Tornadus\n|faint|p1b: Tornadus\n|move|p1a: Arcanine|Rock Slide|p2b: BeegBoi|[spread] p2a,p2b\n|-resisted|p2a: Titan\n|-damage|p2a: Titan|83\/100\n|-damage|p2b: BeegBoi|0 fnt\n|faint|p2b: BeegBoi\n|\n|-weather|RainDance|[upkeep]\n|upkeep\n|\n|t:|1701027296\n|switch|p2b: Staraptor|Staraptor, L50, F, shiny|94\/100\n|-ability|p2b: Staraptor|Intimidate|boost\n|-unboost|p1a: Arcanine|atk|1\n|turn|5\n|\n|t:|1701027303\n|move|p1a: Arcanine|Rock Slide|p2a: Titan|[spread] p2a,p2b\n|-resisted|p2a: Titan\n|-supereffective|p2b: Staraptor\n|-damage|p2a: Titan|73\/100\n|-damage|p2b: Staraptor|19\/100\n|cant|p2b: Staraptor|flinch\n|move|p2a: Titan|Earth Power|p1a: Arcanine\n|-supereffective|p1a: Arcanine\n|-damage|p1a: Arcanine|0 fnt\n|faint|p1a: Arcanine\n|\n|win|ogrepog\n|raw|JaySayYay's rating: 1237 &rarr; <strong>1217<\/strong><br \/>(-20 for losing)\n|raw|ogrepog's rating: 1306 &rarr; <strong>1322<\/strong><br \/>(+16 for winning)\n|l|\u2606JaySayYay\n","uploadtime":1701027317,"views":4,"p1id":"jaysayyay","p2id":"ogrepog","formatid":"gen9vgc2023regulatione","rating":1217,"private":0,"password":""}