{"id":"gen9vgc2023regulatione-1996250122","p1":"huubble","p2":"erikbound","format":"[Gen 9] VGC 2023 Regulation E","log":"|j|\u2606huubble\n|j|\u2606erikbound\n|t:|1700663962\n|gametype|doubles\n|player|p1|huubble|camper|1691\n|player|p2|erikbound|barry|1582\n|teamsize|p1|6\n|teamsize|p2|6\n|gen|9\n|tier|[Gen 9] VGC 2023 Regulation E\n|rated|\n|rule|Species Clause: Limit one of each Pok\u00e9mon\n|rule|Item Clause: Limit one of each item\n|clearpoke\n|poke|p1|Tyranitar, L50, M|\n|poke|p1|Lycanroc, L50, F|\n|poke|p1|Gholdengo, L50|\n|poke|p1|Zapdos, L50|\n|poke|p1|Ogerpon-Wellspring, L50, F|\n|poke|p1|Landorus-Therian, L50, M|\n|poke|p2|Tyranitar, L50, F|\n|poke|p2|Zapdos-Galar, L50|\n|poke|p2|Farigiraf, L50, M|\n|poke|p2|Houndstone, L50, M|\n|poke|p2|Ogerpon-Wellspring, L50, F|\n|poke|p2|Arcanine-Hisui, L50, F|\n|teampreview|4\n|inactive|Battle timer is ON: inactive players will automatically lose when time's up. (requested by huubble)\n|j| thomas shelby 1\n|inactive|huubble has 60 seconds left.\n|inactive|erikbound has 60 seconds left.\n|j| 1 Time cp\n|inactive|huubble has 30 seconds left.\n|inactive|erikbound has 30 seconds left.\n|inactive|huubble has 20 seconds left.\n|inactive|huubble has 15 seconds left.\n|inactive|erikbound has 20 seconds left.\n|inactive|huubble has 10 seconds left.\n|inactive|huubble has 5 seconds left.\n|\n|t:|1700664050\n|start\n|switch|p1a: Gholdengo|Gholdengo, L50|100\/100\n|switch|p1b: Zapdos|Zapdos, L50|100\/100\n|switch|p2a: Tyranitar|Tyranitar, L50, F|100\/100\n|switch|p2b: Houndstone|Houndstone, L50, M|100\/100\n|-weather|Sandstorm|[from] ability: Sand Stream|[of] p2a: Tyranitar\n|turn|1\n|inactive|erikbound has 30 seconds left.\n|\n|t:|1700664076\n|-terastallize|p2a: Tyranitar|Ghost\n|move|p1a: Gholdengo|Protect|p1a: Gholdengo\n|-singleturn|p1a: Gholdengo|Protect\n|move|p2b: Houndstone|Howl|p2b: Houndstone|[spread] p2a,p2b\n|-boost|p2a: Tyranitar|atk|1\n|-boost|p2b: Houndstone|atk|1\n|move|p1b: Zapdos|Tailwind|p1b: Zapdos\n|-sidestart|p1: huubble|move: Tailwind\n|move|p2a: Tyranitar|Rock Slide|p1b: Zapdos|[spread] \n|-activate|p1a: Gholdengo|move: Protect\n|-miss|p2a: Tyranitar|p1b: Zapdos\n|\n|-weather|Sandstorm|[upkeep]\n|-damage|p1b: Zapdos|94\/100|[from] Sandstorm\n|-damage|p2a: Tyranitar|95\/100|[from] Sandstorm\n|upkeep\n|turn|2\n|j| TesterBooY\n|l| TesterBooY\n|inactive|huubble has 30 seconds left.\n|inactive|huubble has 20 seconds left.\n|\n|t:|1700664111\n|-terastallize|p1a: Gholdengo|Steel\n|move|p1b: Zapdos|Detect|p1b: Zapdos\n|-singleturn|p1b: Zapdos|Protect\n|move|p1a: Gholdengo|Make It Rain|p2a: Tyranitar|[spread] p2a,p2b\n|-crit|p2b: Houndstone\n|-damage|p2a: Tyranitar|26\/100\n|-enditem|p2b: Houndstone|Focus Sash\n|-damage|p2b: Houndstone|1\/100\n|-unboost|p1a: Gholdengo|spa|1\n|-damage|p1a: Gholdengo|91\/100|[from] item: Life Orb\n|move|p2b: Houndstone|Last Respects|p1a: Gholdengo\n|-damage|p1a: Gholdengo|58\/100\n|move|p2a: Tyranitar|Assurance|p1a: Gholdengo\n|-damage|p1a: Gholdengo|0 fnt\n|faint|p1a: Gholdengo\n|\n|-weather|Sandstorm|[upkeep]\n|-damage|p1b: Zapdos|88\/100|[from] Sandstorm\n|-damage|p2a: Tyranitar|20\/100|[from] Sandstorm\n|upkeep\n|inactive|huubble has 30 seconds left.\n|\n|t:|1700664139\n|switch|p1a: Ogerpon|Ogerpon-Wellspring, L50, F|100\/100\n|turn|3\n|\n|t:|1700664158\n|switch|p2a: Ogerpon|Ogerpon-Wellspring, L50, F|100\/100\n|move|p2b: Houndstone|Protect|p2b: Houndstone\n|-singleturn|p2b: Houndstone|Protect\n|move|p1a: Ogerpon|Ivy Cudgel|p2a: Ogerpon|[anim] Ivy Cudgel Water\n|-immune|p2a: Ogerpon|[from] ability: Water Absorb\n|move|p1b: Zapdos|Thunderbolt|p2b: Houndstone\n|-activate|p2b: Houndstone|move: Protect\n|\n|-weather|Sandstorm|[upkeep]\n|-damage|p1a: Ogerpon|95\/100|[from] Sandstorm\n|-damage|p1b: Zapdos|82\/100|[from] Sandstorm\n|-damage|p2a: Ogerpon|95\/100|[from] Sandstorm\n|upkeep\n|turn|4\n|\n|t:|1700664178\n|switch|p2b: Zapdos|Zapdos-Galar, L50|100\/100\n|move|p2a: Ogerpon|Follow Me|p2a: Ogerpon\n|-singleturn|p2a: Ogerpon|move: Follow Me\n|move|p1a: Ogerpon|Horn Leech|p2a: Ogerpon\n|-damage|p2a: Ogerpon|58\/100\n|-heal|p1a: Ogerpon|100\/100|[from] drain|[of] p2a: Ogerpon\n|move|p1b: Zapdos|Hurricane|p2a: Ogerpon|[miss]\n|-miss|p1b: Zapdos|p2a: Ogerpon\n|\n|-weather|Sandstorm|[upkeep]\n|-damage|p1a: Ogerpon|95\/100|[from] Sandstorm\n|-damage|p1b: Zapdos|76\/100|[from] Sandstorm\n|-damage|p2b: Zapdos|95\/100|[from] Sandstorm\n|-damage|p2a: Ogerpon|52\/100|[from] Sandstorm\n|-sideend|p1: huubble|move: Tailwind\n|upkeep\n|turn|5\n|inactive|erikbound has 30 seconds left.\n|\n|t:|1700664212\n|move|p1a: Ogerpon|Spiky Shield|p1a: Ogerpon\n|-singleturn|p1a: Ogerpon|move: Protect\n|move|p2b: Zapdos|Brave Bird|p1b: Zapdos\n|-resisted|p1b: Zapdos\n|-damage|p1b: Zapdos|53\/100\n|-status|p2b: Zapdos|par|[from] ability: Static|[of] p1b: Zapdos\n|-damage|p2b: Zapdos|86\/100 par|[from] Recoil\n|move|p1b: Zapdos|Tailwind|p1b: Zapdos\n|-sidestart|p1: huubble|move: Tailwind\n|move|p2a: Ogerpon|Ivy Cudgel|p1b: Zapdos|[anim] Ivy Cudgel Water\n|-damage|p1b: Zapdos|3\/100\n|-enditem|p1b: Zapdos|Sitrus Berry|[eat]\n|-heal|p1b: Zapdos|28\/100|[from] item: Sitrus Berry\n|\n|-weather|none\n|upkeep\n|turn|6\n|j| stridesvgc\n|inactive|huubble has 30 seconds left.\n|inactive|huubble has 20 seconds left.\n|inactive|huubble has 15 seconds left.\n|inactive|huubble has 10 seconds left.\n|inactive|huubble has 5 seconds left.\n|\n|t:|1700664263\n|switch|p1a: Lycanroc|Lycanroc, L50, F|100\/100\n|move|p2a: Ogerpon|Follow Me|p2a: Ogerpon\n|-singleturn|p2a: Ogerpon|move: Follow Me\n|move|p1b: Zapdos|Thunderbolt|p2a: Ogerpon\n|-damage|p2a: Ogerpon|18\/100\n|move|p2b: Zapdos|Brave Bird|p1a: Lycanroc\n|-resisted|p1a: Lycanroc\n|-damage|p1a: Lycanroc|51\/100\n|-damage|p2b: Zapdos|71\/100 par|[from] Recoil\n|\n|upkeep\n|turn|7\n|\n|t:|1700664277\n|move|p2a: Ogerpon|Spiky Shield|p2a: Ogerpon\n|-singleturn|p2a: Ogerpon|move: Protect\n|move|p1a: Lycanroc|Rock Slide|p2a: Ogerpon|[spread] p2b\n|-activate|p2a: Ogerpon|move: Protect\n|-damage|p2b: Zapdos|36\/100 par\n|move|p1b: Zapdos|Thunderbolt|p2b: Zapdos\n|-supereffective|p2b: Zapdos\n|-damage|p2b: Zapdos|0 fnt\n|faint|p2b: Zapdos\n|\n|upkeep\n|\n|t:|1700664288\n|switch|p2b: Tyranitar|Tyranitar, L50, F, tera:Ghost|20\/100\n|-weather|Sandstorm|[from] ability: Sand Stream|[of] p2b: Tyranitar\n|turn|8\n|\n|t:|1700664297\n|move|p1a: Lycanroc|Rock Slide|p2b: Tyranitar|[spread] p2a,p2b\n|-damage|p2a: Ogerpon|0 fnt\n|-damage|p2b: Tyranitar|0 fnt\n|faint|p2a: Ogerpon\n|faint|p2b: Tyranitar\n|move|p1b: Zapdos|Thunderbolt|p2: Ogerpon|[notarget]\n|-fail|p1b: Zapdos\n|\n|-weather|Sandstorm|[upkeep]\n|-damage|p1b: Zapdos|21\/100|[from] Sandstorm\n|-sideend|p1: huubble|move: Tailwind\n|upkeep\n|\n|t:|1700664300\n|switch|p2b: Houndstone|Houndstone, L50, M|1\/100\n|turn|9\n|\n|t:|1700664311\n|move|p1a: Lycanroc|Rock Slide|p2b: Houndstone\n|-damage|p2b: Houndstone|0 fnt\n|faint|p2b: Houndstone\n|\n|win|huubble\n|raw|huubble's rating: 1691 &rarr; <strong>1705<\/strong><br \/>(+14 for winning)\n|raw|erikbound's rating: 1582 &rarr; <strong>1568<\/strong><br \/>(-14 for losing)\n|l|\u2606erikbound\n|l| 1 Time cp\n","uploadtime":1700664335,"views":9,"p1id":"huubble","p2id":"erikbound","formatid":"gen9vgc2023regulatione","rating":1568,"private":0,"password":""}