{"id":"gen9vgc2023regulatione-1988748551","p1":"Luxsage","p2":"m0nstera","format":"[Gen 9] VGC 2023 Regulation E","log":"|j|\u2606Luxsage\n|j|\u2606m0nstera\n|t:|1699758132\n|gametype|doubles\n|player|p1|Luxsage|volkner|1064\n|player|p2|m0nstera|2|1163\n|teamsize|p1|6\n|teamsize|p2|6\n|gen|9\n|tier|[Gen 9] VGC 2023 Regulation E\n|rated|\n|rule|Species Clause: Limit one of each Pok\u00e9mon\n|rule|Item Clause: Limit one of each item\n|clearpoke\n|poke|p1|Pyroar, L50, F|\n|poke|p1|Tornadus, L50, M|\n|poke|p1|Ogerpon-Wellspring, L50, F|\n|poke|p1|Chi-Yu, L50|\n|poke|p1|Sandy Shocks, L50|\n|poke|p1|Tauros-Paldea-Aqua, L50, M|\n|poke|p2|Flutter Mane, L50|\n|poke|p2|Heatran, L50, M|\n|poke|p2|Ogerpon-Wellspring, L50, F|\n|poke|p2|Rillaboom, L50, M|\n|poke|p2|Fezandipiti, L50, M|\n|poke|p2|Landorus-Therian, L50, M|\n|teampreview|4\n|inactive|Battle timer is ON: inactive players will automatically lose when time's up. (requested by Luxsage)\n|inactive|Luxsage has 60 seconds left.\n|inactive|m0nstera has 60 seconds left.\n|inactive|m0nstera has 30 seconds left.\n|\n|t:|1699758194\n|start\n|switch|p1a: Tornadus|Tornadus, L50, M|100\/100\n|switch|p1b: Pyroar|Pyroar, L50, F, shiny|100\/100\n|switch|p2a: Ogerpon|Ogerpon-Wellspring, L50, F|100\/100\n|switch|p2b: Fezandipiti|Fezandipiti, L50, M|100\/100\n|-ability|p1b: Pyroar|Unnerve\n|turn|1\n|inactive|Luxsage has 30 seconds left.\n|inactive|Luxsage has 20 seconds left.\n|inactive|Luxsage has 15 seconds left.\n|inactive|Luxsage has 10 seconds left.\n|\n|t:|1699758240\n|move|p1a: Tornadus|Sunny Day|p1a: Tornadus\n|-weather|SunnyDay\n|move|p1b: Pyroar|Hyper Voice|p2a: Ogerpon|[spread] p2a,p2b\n|-damage|p2a: Ogerpon|74\/100\n|-damage|p2b: Fezandipiti|79\/100\n|-enditem|p1b: Pyroar|Throat Spray\n|-boost|p1b: Pyroar|spa|1|[from] item: Throat Spray\n|move|p2a: Ogerpon|Ivy Cudgel|p1b: Pyroar\n|-supereffective|p1b: Pyroar\n|-damage|p1b: Pyroar|29\/100\n|move|p2b: Fezandipiti|Icy Wind|p1a: Tornadus|[spread] p1a,p1b\n|-supereffective|p1a: Tornadus\n|-resisted|p1b: Pyroar\n|-damage|p1a: Tornadus|80\/100\n|-damage|p1b: Pyroar|22\/100\n|-unboost|p1b: Pyroar|spe|1\n|-status|p1b: Pyroar|tox|[from] ability: Toxic Chain|[of] p2b: Fezandipiti\n|\n|-weather|SunnyDay|[upkeep]\n|-damage|p1b: Pyroar|16\/100 tox|[from] psn\n|upkeep\n|turn|2\n|inactive|Luxsage has 30 seconds left.\n|\n|t:|1699758271\n|move|p2a: Ogerpon|Spiky Shield|p2a: Ogerpon\n|-singleturn|p2a: Ogerpon|move: Protect\n|move|p1a: Tornadus|Tailwind|p1a: Tornadus\n|-sidestart|p1: Luxsage|move: Tailwind\n|move|p1b: Pyroar|Heat Wave|p2a: Ogerpon|[spread] p2b\n|-activate|p2a: Ogerpon|move: Protect\n|-damage|p2b: Fezandipiti|28\/100\n|-status|p2b: Fezandipiti|brn\n|move|p2b: Fezandipiti|Icy Wind|p1b: Pyroar|[spread] p1a,p1b\n|-supereffective|p1a: Tornadus\n|-resisted|p1b: Pyroar\n|-damage|p1a: Tornadus|62\/100\n|-damage|p1b: Pyroar|9\/100 tox\n|-unboost|p1b: Pyroar|spe|1\n|\n|-weather|SunnyDay|[upkeep]\n|-damage|p1b: Pyroar|0 fnt|[from] psn\n|faint|p1b: Pyroar\n|-damage|p2b: Fezandipiti|22\/100 brn|[from] brn\n|upkeep\n|-enditem|p2b: Fezandipiti|Sitrus Berry|[eat]\n|-heal|p2b: Fezandipiti|46\/100 brn|[from] item: Sitrus Berry\n|\n|t:|1699758295\n|switch|p1b: Chi-Yu|Chi-Yu, L50|100\/100\n|-ability|p1b: Chi-Yu|Beads of Ruin\n|turn|3\n|\n|t:|1699758311\n|-terastallize|p2a: Ogerpon|Water\n|detailschange|p2a: Ogerpon|Ogerpon-Wellspring-Tera, L50, F, tera:Water\n|-ability|p2a: Ogerpon|Embody Aspect (Wellspring)|boost\n|-boost|p2a: Ogerpon|spd|1\n|move|p1b: Chi-Yu|Dark Pulse|p2b: Fezandipiti\n|-resisted|p2b: Fezandipiti\n|-damage|p2b: Fezandipiti|26\/100 brn\n|move|p1a: Tornadus|Bleakwind Storm|p2a: Ogerpon|[spread] p2a,p2b\n|-crit|p2a: Ogerpon\n|-damage|p2a: Ogerpon|2\/100\n|-damage|p2b: Fezandipiti|0 fnt\n|faint|p2b: Fezandipiti\n|move|p2a: Ogerpon|Ivy Cudgel|p1b: Chi-Yu\n|-supereffective|p1b: Chi-Yu\n|-enditem|p1b: Chi-Yu|Focus Sash\n|-damage|p1b: Chi-Yu|1\/100\n|\n|-weather|SunnyDay|[upkeep]\n|upkeep\n|\n|t:|1699758327\n|switch|p2b: Heatran|Heatran, L50, M|100\/100\n|turn|4\n|\n|t:|1699758345\n|move|p1a: Tornadus|Taunt|p2b: Heatran\n|-start|p2b: Heatran|move: Taunt\n|move|p1b: Chi-Yu|Dark Pulse|p2a: Ogerpon\n|-damage|p2a: Ogerpon|0 fnt\n|faint|p2a: Ogerpon\n|move|p2b: Heatran|Flash Cannon|p1a: Tornadus\n|-damage|p1a: Tornadus|0 fnt\n|faint|p1a: Tornadus\n|\n|-weather|SunnyDay|[upkeep]\n|upkeep\n|\n|t:|1699758365\n|switch|p2a: Flutter Mane|Flutter Mane, L50|100\/100\n|switch|p1a: Tauros|Tauros-Paldea-Aqua, L50, M|100\/100\n|-ability|p1a: Tauros|Intimidate|boost\n|-unboost|p2a: Flutter Mane|atk|1\n|-unboost|p2b: Heatran|atk|1\n|-activate|p2a: Flutter Mane|ability: Protosynthesis\n|-start|p2a: Flutter Mane|protosynthesisspe\n|turn|5\n|inactive|Luxsage has 30 seconds left.\n|inactive|Luxsage has 20 seconds left.\n|\n|t:|1699758404\n|move|p1b: Chi-Yu|Overheat|p2a: Flutter Mane\n|-damage|p2a: Flutter Mane|0 fnt\n|-unboost|p1b: Chi-Yu|spa|2\n|faint|p2a: Flutter Mane\n|-end|p2a: Flutter Mane|Protosynthesis|[silent]\n|move|p1a: Tauros|Close Combat|p2b: Heatran\n|-supereffective|p2b: Heatran\n|-damage|p2b: Heatran|11\/100\n|-unboost|p1a: Tauros|def|1\n|-unboost|p1a: Tauros|spd|1\n|move|p2b: Heatran|Heat Wave|p1b: Chi-Yu|[spread] p1a,p1b\n|-resisted|p1a: Tauros\n|-resisted|p1b: Chi-Yu\n|-damage|p1a: Tauros|51\/100\n|-damage|p1b: Chi-Yu|0 fnt\n|faint|p1b: Chi-Yu\n|\n|-weather|none\n|-heal|p2b: Heatran|17\/100|[from] item: Leftovers\n|-sideend|p1: Luxsage|move: Tailwind\n|upkeep\n|turn|6\n|\n|t:|1699758428\n|move|p1a: Tauros|Raging Bull|p2b: Heatran\n|-supereffective|p2b: Heatran\n|-damage|p2b: Heatran|0 fnt\n|faint|p2b: Heatran\n|\n|win|Luxsage\n|raw|Luxsage's rating: 1064 &rarr; <strong>1103<\/strong><br \/>(+39 for winning)\n|raw|m0nstera's rating: 1163 &rarr; <strong>1131<\/strong><br \/>(-32 for losing)\n","uploadtime":1699758437,"views":36,"p1id":"luxsage","p2id":"m0nstera","formatid":"gen9vgc2023regulatione","rating":1103,"private":0,"password":""}