{"id":"gen9vgc2023regulatione-1997017111","p1":"drubird","p2":"woodlandpkmn","format":"[Gen 9] VGC 2023 Regulation E","log":"|j|\u2606drubird\n|j|\u2606woodlandpkmn\n|t:|1700756073\n|gametype|doubles\n|player|p1|drubird|2|1228\n|player|p2|woodlandpkmn|ruinmaniac|1173\n|teamsize|p1|6\n|teamsize|p2|6\n|gen|9\n|tier|[Gen 9] VGC 2023 Regulation E\n|rated|\n|rule|Species Clause: Limit one of each Pok\u00e9mon\n|rule|Item Clause: Limit one of each item\n|clearpoke\n|poke|p1|Kommo-o, L50, F|\n|poke|p1|Tyranitar, L50, F|\n|poke|p1|Rillaboom, L50, F|\n|poke|p1|Flutter Mane, L50|\n|poke|p1|Arcanine-Hisui, L50, M|\n|poke|p1|Iron Bundle, L50|\n|poke|p2|Grimmsnarl, L50, M|\n|poke|p2|Sinistcha, L50|\n|poke|p2|Moltres-Galar, L50|\n|poke|p2|Goodra-Hisui, L50, M|\n|poke|p2|Landorus-Therian, L50, M|\n|poke|p2|Cresselia, L50, F|\n|teampreview|4\n|inactive|Battle timer is ON: inactive players will automatically lose when time's up. (requested by woodlandpkmn)\n|inactive|drubird has 60 seconds left.\n|inactive|woodlandpkmn has 60 seconds left.\n|\n|t:|1700756127\n|start\n|switch|p1a: Iron Bundle|Iron Bundle, L50|100\/100\n|switch|p1b: Rillaboom|Rillaboom, L50, F|100\/100\n|switch|p2a: Grimmsnarl|Grimmsnarl, L50, M, shiny|100\/100\n|switch|p2b: Landorus|Landorus-Therian, L50, M|100\/100\n|-ability|p2b: Landorus|Intimidate|boost\n|-unboost|p1a: Iron Bundle|atk|1\n|-unboost|p1b: Rillaboom|atk|1\n|-fieldstart|move: Grassy Terrain|[from] ability: Grassy Surge|[of] p1b: Rillaboom\n|-enditem|p1a: Iron Bundle|Booster Energy\n|-activate|p1a: Iron Bundle|ability: Quark Drive|[fromitem]\n|-start|p1a: Iron Bundle|quarkdrivespe\n|turn|1\n|\n|t:|1700756149\n|switch|p2b: Goodra|Goodra-Hisui, L50, M|100\/100\n|move|p1b: Rillaboom|Fake Out|p2a: Grimmsnarl\n|-damage|p2a: Grimmsnarl|88\/100\n|cant|p2a: Grimmsnarl|flinch\n|move|p1a: Iron Bundle|Icy Wind|p2a: Grimmsnarl|[spread] p2a,p2b\n|-damage|p2a: Grimmsnarl|73\/100\n|-damage|p2b: Goodra|87\/100\n|-unboost|p2a: Grimmsnarl|spe|1\n|-unboost|p2b: Goodra|spe|1\n|\n|-heal|p2b: Goodra|93\/100|[from] Grassy Terrain\n|-heal|p2a: Grimmsnarl|79\/100|[from] Grassy Terrain\n|upkeep\n|turn|2\n|inactive|drubird has 30 seconds left.\n|inactive|drubird has 20 seconds left.\n|inactive|drubird has 15 seconds left.\n|inactive|drubird has 10 seconds left.\n|inactive|drubird has 5 seconds left.\n|\n|t:|1700756200\n|move|p2a: Grimmsnarl|Light Screen|p2a: Grimmsnarl\n|-sidestart|p2: woodlandpkmn|move: Light Screen\n|move|p1a: Iron Bundle|Icy Wind|p2a: Grimmsnarl|[spread] p2a,p2b\n|-damage|p2a: Grimmsnarl|67\/100\n|-damage|p2b: Goodra|83\/100\n|-unboost|p2a: Grimmsnarl|spe|1\n|-unboost|p2b: Goodra|spe|1\n|move|p1b: Rillaboom|Taunt|p2a: Grimmsnarl\n|-start|p2a: Grimmsnarl|move: Taunt\n|move|p2b: Goodra|Acid Armor|p2b: Goodra\n|-boost|p2b: Goodra|def|2\n|\n|-heal|p2b: Goodra|89\/100|[from] Grassy Terrain\n|-heal|p2a: Grimmsnarl|73\/100|[from] Grassy Terrain\n|upkeep\n|turn|3\n|inactive|drubird has 30 seconds left.\n|\n|t:|1700756234\n|move|p1a: Iron Bundle|Freeze-Dry|p2b: Goodra\n|-damage|p2b: Goodra|73\/100\n|move|p1b: Rillaboom|Taunt|p2b: Goodra\n|-start|p2b: Goodra|move: Taunt\n|move|p2b: Goodra|Body Press|p1a: Iron Bundle\n|-supereffective|p1a: Iron Bundle\n|-damage|p1a: Iron Bundle|0 fnt\n|faint|p1a: Iron Bundle\n|-end|p1a: Iron Bundle|Quark Drive|[silent]\n|move|p2a: Grimmsnarl|Spirit Break|p1b: Rillaboom\n|-crit|p1b: Rillaboom\n|-damage|p1b: Rillaboom|56\/100\n|-unboost|p1b: Rillaboom|spa|1\n|\n|-heal|p1b: Rillaboom|62\/100|[from] Grassy Terrain\n|-heal|p2b: Goodra|79\/100|[from] Grassy Terrain\n|-heal|p2a: Grimmsnarl|79\/100|[from] Grassy Terrain\n|upkeep\n|\n|t:|1700756246\n|switch|p1a: Arcanine|Arcanine-Hisui, L50, M|100\/100\n|-ability|p1a: Arcanine|Intimidate|boost\n|-unboost|p2a: Grimmsnarl|atk|1\n|-unboost|p2b: Goodra|atk|1\n|turn|4\n|\n|t:|1700756257\n|switch|p2a: Landorus|Landorus-Therian, L50, M|100\/100\n|-ability|p2a: Landorus|Intimidate|boost\n|-unboost|p1a: Arcanine|atk|1\n|-unboost|p1b: Rillaboom|atk|1\n|move|p1a: Arcanine|Flare Blitz|p2b: Goodra\n|-damage|p2b: Goodra|67\/100\n|-damage|p1a: Arcanine|84\/100|[from] item: Rocky Helmet|[of] p2b: Goodra\n|-damage|p1a: Arcanine|80\/100|[from] Recoil\n|move|p1b: Rillaboom|Wood Hammer|p2b: Goodra\n|-resisted|p2b: Goodra\n|-damage|p2b: Goodra|63\/100\n|-damage|p1b: Rillaboom|46\/100|[from] item: Rocky Helmet|[of] p2b: Goodra\n|-damage|p1b: Rillaboom|44\/100|[from] Recoil\n|move|p2b: Goodra|Body Press|p1a: Arcanine\n|-supereffective|p1a: Arcanine\n|-damage|p1a: Arcanine|0 fnt\n|faint|p1a: Arcanine\n|\n|-heal|p1b: Rillaboom|50\/100|[from] Grassy Terrain\n|-heal|p2b: Goodra|69\/100|[from] Grassy Terrain\n|upkeep\n|\n|t:|1700756269\n|switch|p1a: Flutter Mane|Flutter Mane, L50|100\/100\n|turn|5\n|\n|t:|1700756292\n|-terastallize|p2a: Landorus|Flying\n|-terastallize|p1a: Flutter Mane|Fairy\n|move|p2a: Landorus|Tera Blast|p1a: Flutter Mane|[anim] Tera Blast Flying\n|-damage|p1a: Flutter Mane|0 fnt\n|faint|p1a: Flutter Mane\n|-end|p1a: Flutter Mane|Protosynthesis|[silent]\n|move|p1b: Rillaboom|Wood Hammer|p2a: Landorus\n|-resisted|p2a: Landorus\n|-damage|p2a: Landorus|68\/100\n|-damage|p1b: Rillaboom|42\/100|[from] Recoil\n|move|p2b: Goodra|Body Press|p1b: Rillaboom\n|-damage|p1b: Rillaboom|0 fnt\n|faint|p1b: Rillaboom\n|\n|win|woodlandpkmn\n|raw|drubird's rating: 1228 &rarr; <strong>1199<\/strong><br \/>(-29 for losing)\n|raw|woodlandpkmn's rating: 1173 &rarr; <strong>1202<\/strong><br \/>(+29 for winning)\n|l|\u2606drubird\n","uploadtime":1700756321,"views":1,"p1id":"drubird","p2id":"woodlandpkmn","formatid":"gen9vgc2023regulatione","rating":1199,"private":0,"password":""}