{"id":"gen9vgc2023regulatione-1993546140","p1":"sammy324","p2":"josepoggg","format":"[Gen 9] VGC 2023 Regulation E","log":"|j|\u2606sammy324\n|j|\u2606josepoggg\n|t:|1700330267\n|gametype|doubles\n|player|p1|sammy324|170|1179\n|player|p2|josepoggg|nate|1282\n|teamsize|p1|6\n|teamsize|p2|6\n|gen|9\n|tier|[Gen 9] VGC 2023 Regulation E\n|rated|\n|rule|Species Clause: Limit one of each Pok\u00e9mon\n|rule|Item Clause: Limit one of each item\n|clearpoke\n|poke|p1|Kingambit, L50, F|\n|poke|p1|Clefairy, L50, M|\n|poke|p1|Heatran, L50, M|\n|poke|p1|Rillaboom, L50, M|\n|poke|p1|Landorus-Therian, L50, M|\n|poke|p1|Pelipper, L50, F|\n|poke|p2|Flutter Mane, L50|\n|poke|p2|Iron Hands, L50|\n|poke|p2|Ogerpon-Hearthflame, L50, F|\n|poke|p2|Tornadus, L50, M|\n|poke|p2|Urshifu-*, L50, M|\n|poke|p2|Landorus-Therian, L50, M|\n|teampreview|4\n|inactive|Battle timer is ON: inactive players will automatically lose when time's up. (requested by josepoggg)\n|inactive|josepoggg has 60 seconds left.\n|\n|t:|1700330314\n|start\n|switch|p1a: Pelipper|Pelipper, L50, F|100\/100\n|switch|p1b: Rillaboom|Rillaboom, L50, M|100\/100\n|switch|p2a: Iron Hands|Iron Hands, L50|100\/100\n|switch|p2b: Ogerpon|Ogerpon-Hearthflame, L50, F|100\/100\n|-ability|p2b: Ogerpon|Mold Breaker\n|-fieldstart|move: Grassy Terrain|[from] ability: Grassy Surge|[of] p1b: Rillaboom\n|-weather|RainDance|[from] ability: Drizzle|[of] p1a: Pelipper\n|turn|1\n|inactive|josepoggg has 30 seconds left.\n|\n|t:|1700330347\n|move|p2b: Ogerpon|Spiky Shield|p2b: Ogerpon\n|-singleturn|p2b: Ogerpon|move: Protect\n|move|p1b: Rillaboom|Fake Out|p2a: Iron Hands\n|-damage|p2a: Iron Hands|92\/100\n|move|p1a: Pelipper|Tailwind|p1a: Pelipper\n|-sidestart|p1: sammy324|move: Tailwind\n|cant|p2a: Iron Hands|flinch\n|\n|-weather|RainDance|[upkeep]\n|-heal|p2a: Iron Hands|98\/100|[from] Grassy Terrain\n|upkeep\n|turn|2\n|inactive|sammy324 has 30 seconds left.\n|inactive|sammy324 has 20 seconds left.\n|\n|t:|1700330382\n|switch|p2b: Landorus|Landorus-Therian, L50, M|100\/100\n|-ability|p2b: Landorus|Intimidate|boost\n|-unboost|p1a: Pelipper|atk|1\n|-unboost|p1b: Rillaboom|atk|1\n|move|p1b: Rillaboom|U-turn|p2a: Iron Hands\n|-resisted|p2a: Iron Hands\n|-damage|p2a: Iron Hands|93\/100\n|\n|t:|1700330388\n|switch|p1b: Landorus|Landorus-Therian, L50, M|100\/100|[from] U-turn\n|-ability|p1b: Landorus|Intimidate|boost\n|-unboost|p2a: Iron Hands|atk|1\n|-unboost|p2b: Landorus|atk|1\n|move|p1a: Pelipper|Hurricane|p2a: Iron Hands\n|-damage|p2a: Iron Hands|70\/100\n|-start|p2a: Iron Hands|confusion\n|-activate|p2a: Iron Hands|confusion\n|move|p2a: Iron Hands|Volt Switch|p1a: Pelipper\n|-supereffective|p1a: Pelipper\n|-damage|p1a: Pelipper|36\/100\n|-enditem|p1a: Pelipper|Sitrus Berry|[eat]\n|-heal|p1a: Pelipper|60\/100|[from] item: Sitrus Berry\n|\n|t:|1700330405\n|-end|p2a: Iron Hands|Quark Drive|[silent]\n|switch|p2a: Flutter Mane|Flutter Mane, L50|100\/100|[from] Volt Switch\n|\n|-weather|RainDance|[upkeep]\n|upkeep\n|turn|3\n|inactive|josepoggg has 30 seconds left.\n|\n|t:|1700330438\n|switch|p2b: Iron Hands|Iron Hands, L50|70\/100\n|move|p1b: Landorus|Sandsear Storm|p2a: Flutter Mane|[spread] p2a,p2b\n|-supereffective|p2b: Iron Hands\n|-damage|p2a: Flutter Mane|41\/100\n|-damage|p2b: Iron Hands|10\/100\n|-status|p2b: Iron Hands|brn\n|move|p2a: Flutter Mane|Moonblast|p1b: Landorus\n|-damage|p1b: Landorus|0 fnt\n|faint|p1b: Landorus\n|move|p1a: Pelipper|Hydro Pump|p2b: Iron Hands\n|-damage|p2b: Iron Hands|0 fnt\n|faint|p2b: Iron Hands\n|-end|p2b: Iron Hands|Quark Drive|[silent]\n|\n|-weather|RainDance|[upkeep]\n|-heal|p2a: Flutter Mane|47\/100|[from] Grassy Terrain\n|upkeep\n|inactive|sammy324 has 30 seconds left.\n|\n|t:|1700330465\n|switch|p1b: Kingambit|Kingambit, L50, F|100\/100\n|switch|p2b: Ogerpon|Ogerpon-Hearthflame, L50, F|100\/100\n|-ability|p2b: Ogerpon|Mold Breaker\n|turn|4\n|\n|t:|1700330483\n|move|p2b: Ogerpon|Spiky Shield|p2b: Ogerpon\n|-singleturn|p2b: Ogerpon|move: Protect\n|move|p1b: Kingambit|Sucker Punch|p2a: Flutter Mane\n|-damage|p2a: Flutter Mane|0 fnt\n|faint|p2a: Flutter Mane\n|-end|p2a: Flutter Mane|Protosynthesis|[silent]\n|move|p1a: Pelipper|Hurricane|p2b: Ogerpon\n|-activate|p2b: Ogerpon|move: Protect\n|\n|-weather|RainDance|[upkeep]\n|-sideend|p1: sammy324|move: Tailwind\n|upkeep\n|\n|t:|1700330496\n|switch|p2a: Landorus|Landorus-Therian, L50, M|100\/100\n|-ability|p2a: Landorus|Intimidate|boost\n|-unboost|p1a: Pelipper|atk|1\n|-unboost|p1b: Kingambit|atk|1\n|-ability|p1b: Kingambit|Defiant|boost\n|-boost|p1b: Kingambit|atk|2\n|turn|5\n|inactive|josepoggg has 30 seconds left.\n|\n|t:|1700330526\n|-terastallize|p2b: Ogerpon|Fire\n|detailschange|p2b: Ogerpon|Ogerpon-Hearthflame-Tera, L50, F, tera:Fire\n|-ability|p2b: Ogerpon|Embody Aspect (Hearthflame)|boost\n|-boost|p2b: Ogerpon|atk|1\n|move|p1b: Kingambit|Protect|p1b: Kingambit\n|-singleturn|p1b: Kingambit|Protect\n|move|p1a: Pelipper|Protect|p1a: Pelipper\n|-singleturn|p1a: Pelipper|Protect\n|move|p2a: Landorus|Rock Slide|p1a: Pelipper|[spread] \n|-activate|p1a: Pelipper|move: Protect\n|-activate|p1b: Kingambit|move: Protect\n|move|p2b: Ogerpon|Ivy Cudgel|p1b: Kingambit|[anim] Ivy Cudgel Fire\n|-activate|p1b: Kingambit|move: Protect\n|\n|-weather|none\n|-fieldend|move: Grassy Terrain\n|upkeep\n|turn|6\n|\n|t:|1700330551\n|switch|p1a: Rillaboom|Rillaboom, L50, M|100\/100\n|-fieldstart|move: Grassy Terrain|[from] ability: Grassy Surge|[of] p1a: Rillaboom\n|-terastallize|p1b: Kingambit|Water\n|move|p2a: Landorus|Rock Slide|p1b: Kingambit|[spread] p1a,p1b\n|-damage|p1a: Rillaboom|81\/100\n|-damage|p1b: Kingambit|86\/100\n|move|p2b: Ogerpon|Ivy Cudgel|p1b: Kingambit|[anim] Ivy Cudgel Fire\n|-resisted|p1b: Kingambit\n|-damage|p1b: Kingambit|39\/100\n|cant|p1b: Kingambit|flinch\n|\n|-heal|p1a: Rillaboom|87\/100|[from] Grassy Terrain\n|-heal|p1b: Kingambit|45\/100|[from] Grassy Terrain\n|upkeep\n|turn|7\n|inactive|sammy324 has 30 seconds left.\n|inactive|josepoggg has 30 seconds left.\n|\n|t:|1700330581\n|move|p2b: Ogerpon|Spiky Shield|p2b: Ogerpon\n|-singleturn|p2b: Ogerpon|move: Protect\n|move|p1a: Rillaboom|Fake Out|p2b: Ogerpon\n|-activate|p2b: Ogerpon|move: Protect\n|-damage|p1a: Rillaboom|74\/100|[from] Spiky Shield|[of] p2b: Ogerpon\n|move|p1b: Kingambit|Sucker Punch|p2a: Landorus\n|-damage|p2a: Landorus|32\/100\n|move|p2a: Landorus|Rock Slide|p1b: Kingambit|[spread] p1a\n|-miss|p2a: Landorus|p1b: Kingambit\n|-damage|p1a: Rillaboom|54\/100\n|\n|-heal|p1a: Rillaboom|60\/100|[from] Grassy Terrain\n|-heal|p1b: Kingambit|52\/100|[from] Grassy Terrain\n|upkeep\n|turn|8\n|\n|t:|1700330600\n|move|p1a: Rillaboom|Grassy Glide|p2a: Landorus\n|-damage|p2a: Landorus|0 fnt\n|faint|p2a: Landorus\n|move|p1b: Kingambit|Sucker Punch|p2b: Ogerpon\n|-damage|p2b: Ogerpon|7\/100\n|move|p2b: Ogerpon|Horn Leech|p1b: Kingambit\n|-supereffective|p1b: Kingambit\n|-damage|p1b: Kingambit|0 fnt\n|-heal|p2b: Ogerpon|39\/100|[from] drain|[of] p1b: Kingambit\n|faint|p1b: Kingambit\n|\n|-heal|p2b: Ogerpon|45\/100|[from] Grassy Terrain\n|-heal|p1a: Rillaboom|66\/100|[from] Grassy Terrain\n|upkeep\n|\n|t:|1700330607\n|switch|p1b: Pelipper|Pelipper, L50, F|60\/100\n|-weather|RainDance|[from] ability: Drizzle|[of] p1b: Pelipper\n|turn|9\n|c|\u2606sammy324|gg\n|\n|t:|1700330628\n|move|p1a: Rillaboom|Grassy Glide|p2b: Ogerpon\n|-resisted|p2b: Ogerpon\n|-damage|p2b: Ogerpon|17\/100\n|move|p2b: Ogerpon|Horn Leech|p1b: Pelipper\n|-damage|p1b: Pelipper|0 fnt\n|-heal|p2b: Ogerpon|50\/100|[from] drain|[of] p1b: Pelipper\n|faint|p1b: Pelipper\n|\n|-weather|RainDance|[upkeep]\n|-heal|p2b: Ogerpon|55\/100|[from] Grassy Terrain\n|-heal|p1a: Rillaboom|73\/100|[from] Grassy Terrain\n|upkeep\n|turn|10\n|\n|t:|1700330646\n|move|p2b: Ogerpon|Ivy Cudgel|p1a: Rillaboom|[anim] Ivy Cudgel Fire\n|-supereffective|p1a: Rillaboom\n|-damage|p1a: Rillaboom|0 fnt\n|faint|p1a: Rillaboom\n|\n|win|josepoggg\n|raw|sammy324's rating: 1179 &rarr; <strong>1161<\/strong><br \/>(-18 for losing)\n|raw|josepoggg's rating: 1282 &rarr; <strong>1300<\/strong><br \/>(+18 for winning)\n|l|\u2606sammy324\n","uploadtime":1700330672,"views":20,"p1id":"sammy324","p2id":"josepoggg","formatid":"gen9vgc2023regulatione","rating":1161,"private":0,"password":""}