{"id":"gen9vgc2023regulatione-1995610111","p1":"Bidoof slays","p2":"secretstudent","format":"[Gen 9] VGC 2023 Regulation E","log":"|j|\u2606Bidoof slays\n|j|\u2606secretstudent\n|t:|1700587263\n|gametype|doubles\n|player|p1|Bidoof slays|unknown|1065\n|player|p2|secretstudent|beauty|1065\n|teamsize|p1|6\n|teamsize|p2|6\n|gen|9\n|tier|[Gen 9] VGC 2023 Regulation E\n|rated|\n|rule|Species Clause: Limit one of each Pok\u00e9mon\n|rule|Item Clause: Limit one of each item\n|clearpoke\n|poke|p1|Basculegion, L50, M|\n|poke|p1|Rillaboom, L50, M|\n|poke|p1|Heatran, L50, M|\n|poke|p1|Landorus-Therian, L50, M|\n|poke|p1|Farigiraf, L50, F|\n|poke|p1|Tornadus, L50, M|\n|poke|p2|Chien-Pao, L50|\n|poke|p2|Amoonguss, L50, F|\n|poke|p2|Hatterene, L50, F|\n|poke|p2|Gyarados, L50, M|\n|poke|p2|Volcarona, L50, M|\n|poke|p2|Ogerpon, L50, F|\n|teampreview|4\nBidoof slays has agreed to open team sheets.\n|inactive|Battle timer is ON: inactive players will automatically lose when time's up. (requested by Bidoof slays)\n|inactive|secretstudent has 60 seconds left.\n|\n|t:|1700587330\n|start\n|switch|p1a: Basculegion|Basculegion, L50, M, shiny|100\/100\n|switch|p1b: Tornadus|Tornadus, L50, M|100\/100\n|switch|p2a: Gyarados|Gyarados, L50, M|100\/100\n|switch|p2b: Chien-Pao|Chien-Pao, L50|100\/100\n|-ability|p2b: Chien-Pao|Sword of Ruin\n|-ability|p2a: Gyarados|Intimidate|boost\n|-unboost|p1a: Basculegion|atk|1\n|-unboost|p1b: Tornadus|atk|1\n|turn|1\n|\n|t:|1700587353\n|-terastallize|p1a: Basculegion|Ghost\n|move|p1b: Tornadus|Tailwind|p1b: Tornadus\n|-sidestart|p1: Bidoof slays|move: Tailwind\n|move|p1a: Basculegion|Phantom Force||[still]\n|-prepare|p1a: Basculegion|Phantom Force\n|move|p2b: Chien-Pao|Icicle Crash|p1b: Tornadus\n|-supereffective|p1b: Tornadus\n|-damage|p1b: Tornadus|0 fnt\n|faint|p1b: Tornadus\n|move|p2a: Gyarados|Thunder Wave|p1a: Basculegion|[miss]\n|-miss|p2a: Gyarados|p1a: Basculegion\n|\n|upkeep\n|\n|t:|1700587366\n|switch|p1b: Heatran|Heatran, L50, M|100\/100\n|turn|2\n|\n|t:|1700587382\n|move|p1a: Basculegion|Phantom Force|p2a: Gyarados|[from]lockedmove\n|-damage|p2a: Gyarados|0 fnt\n|faint|p2a: Gyarados\n|move|p1b: Heatran|Flash Cannon|p2b: Chien-Pao\n|-supereffective|p2b: Chien-Pao\n|-enditem|p2b: Chien-Pao|Focus Sash\n|-damage|p2b: Chien-Pao|1\/100\n|move|p2b: Chien-Pao|Sacred Sword|p1b: Heatran\n|-supereffective|p1b: Heatran\n|-damage|p1b: Heatran|21\/100\n|\n|-heal|p1b: Heatran|27\/100|[from] item: Leftovers\n|upkeep\n|\n|t:|1700587394\n|switch|p2a: Ogerpon|Ogerpon, L50, F|100\/100\n|turn|3\n|inactive|secretstudent has 30 seconds left.\n|inactive|secretstudent has 20 seconds left.\n|\n|t:|1700587432\n|move|p2a: Ogerpon|Follow Me|p2a: Ogerpon\n|-singleturn|p2a: Ogerpon|move: Follow Me\n|move|p2b: Chien-Pao|Sucker Punch|p1a: Basculegion\n|-supereffective|p1a: Basculegion\n|-damage|p1a: Basculegion|0 fnt\n|faint|p1a: Basculegion\n|move|p1b: Heatran|Heat Wave|p2a: Ogerpon|[spread] p2a,p2b\n|-supereffective|p2a: Ogerpon\n|-supereffective|p2b: Chien-Pao\n|-damage|p2a: Ogerpon|15\/100\n|-damage|p2b: Chien-Pao|0 fnt\n|faint|p2b: Chien-Pao\n|\n|-heal|p1b: Heatran|33\/100|[from] item: Leftovers\n|upkeep\n|\n|t:|1700587442\n|switch|p2b: Volcarona|Volcarona, L50, M|100\/100\n|switch|p1a: Rillaboom|Rillaboom, L50, M|100\/100\n|-fieldstart|move: Grassy Terrain|[from] ability: Grassy Surge|[of] p1a: Rillaboom\n|turn|4\n|inactive|Bidoof slays has 30 seconds left.\n|\n|t:|1700587474\n|move|p2a: Ogerpon|Spiky Shield|p2a: Ogerpon\n|-singleturn|p2a: Ogerpon|move: Protect\n|move|p2b: Volcarona|Protect|p2b: Volcarona\n|-singleturn|p2b: Volcarona|Protect\n|move|p1a: Rillaboom|Grassy Glide|p2a: Ogerpon\n|-activate|p2a: Ogerpon|move: Protect\n|-damage|p1a: Rillaboom|88\/100|[from] Spiky Shield|[of] p2a: Ogerpon\n|move|p1b: Heatran|Earth Power|p2b: Volcarona\n|-activate|p2b: Volcarona|move: Protect\n|\n|-heal|p1a: Rillaboom|94\/100|[from] Grassy Terrain\n|-heal|p1b: Heatran|39\/100|[from] Grassy Terrain\n|-heal|p1b: Heatran|45\/100|[from] item: Leftovers\n|-heal|p2a: Ogerpon|21\/100|[from] Grassy Terrain\n|-sideend|p1: Bidoof slays|move: Tailwind\n|upkeep\n|turn|5\n|inactive|secretstudent has 30 seconds left.\n|\n|t:|1700587503\n|-terastallize|p2b: Volcarona|Dragon\n|move|p1a: Rillaboom|Grassy Glide|p2a: Ogerpon\n|-resisted|p2a: Ogerpon\n|-damage|p2a: Ogerpon|0 fnt\n|faint|p2a: Ogerpon\n|move|p2b: Volcarona|Quiver Dance|p2b: Volcarona\n|-boost|p2b: Volcarona|spa|1\n|-boost|p2b: Volcarona|spd|1\n|-boost|p2b: Volcarona|spe|1\n|move|p1b: Heatran|Earth Power|p2b: Volcarona\n|-damage|p2b: Volcarona|81\/100\n|\n|-heal|p2b: Volcarona|87\/100|[from] Grassy Terrain\n|-heal|p2b: Volcarona|94\/100|[from] item: Leftovers\n|-heal|p1a: Rillaboom|100\/100|[from] Grassy Terrain\n|-heal|p1b: Heatran|51\/100|[from] Grassy Terrain\n|-heal|p1b: Heatran|57\/100|[from] item: Leftovers\n|upkeep\n|turn|6\n|inactive|Bidoof slays has 30 seconds left.\n|\n|t:|1700587534\n|move|p2b: Volcarona|Heat Wave|p1a: Rillaboom|[spread] p1a\n|-start|p1b: Heatran|ability: Flash Fire\n|-supereffective|p1a: Rillaboom\n|-damage|p1a: Rillaboom|0 fnt\n|faint|p1a: Rillaboom\n|move|p1b: Heatran|Flash Cannon|p2b: Volcarona\n|-damage|p2b: Volcarona|67\/100\n|\n|-heal|p2b: Volcarona|73\/100|[from] Grassy Terrain\n|-heal|p2b: Volcarona|80\/100|[from] item: Leftovers\n|-heal|p1b: Heatran|63\/100|[from] Grassy Terrain\n|-heal|p1b: Heatran|69\/100|[from] item: Leftovers\n|upkeep\n|turn|7\n|\n|t:|1700587548\n|move|p2b: Volcarona|Quiver Dance|p2b: Volcarona\n|-boost|p2b: Volcarona|spa|1\n|-boost|p2b: Volcarona|spd|1\n|-boost|p2b: Volcarona|spe|1\n|move|p1b: Heatran|Heat Wave|p2b: Volcarona|[miss]\n|-miss|p1b: Heatran|p2b: Volcarona\n|\n|-heal|p2b: Volcarona|86\/100|[from] Grassy Terrain\n|-heal|p2b: Volcarona|92\/100|[from] item: Leftovers\n|-heal|p1b: Heatran|75\/100|[from] Grassy Terrain\n|-heal|p1b: Heatran|81\/100|[from] item: Leftovers\n|upkeep\n|turn|8\n|\n|t:|1700587558\n|move|p2b: Volcarona|Quiver Dance|p2b: Volcarona\n|-boost|p2b: Volcarona|spa|1\n|-boost|p2b: Volcarona|spd|1\n|-boost|p2b: Volcarona|spe|1\n|move|p1b: Heatran|Heat Wave|p2b: Volcarona\n|-resisted|p2b: Volcarona\n|-damage|p2b: Volcarona|77\/100\n|\n|-heal|p2b: Volcarona|83\/100|[from] Grassy Terrain\n|-heal|p2b: Volcarona|89\/100|[from] item: Leftovers\n|-heal|p1b: Heatran|87\/100|[from] Grassy Terrain\n|-heal|p1b: Heatran|93\/100|[from] item: Leftovers\n|-fieldend|move: Grassy Terrain\n|upkeep\n|turn|9\n|\n|t:|1700587574\n|move|p2b: Volcarona|Quiver Dance|p2b: Volcarona\n|-boost|p2b: Volcarona|spa|1\n|-boost|p2b: Volcarona|spd|1\n|-boost|p2b: Volcarona|spe|1\n|move|p1b: Heatran|Flash Cannon|p2b: Volcarona\n|-damage|p2b: Volcarona|75\/100\n|\n|-heal|p2b: Volcarona|81\/100|[from] item: Leftovers\n|-heal|p1b: Heatran|99\/100|[from] item: Leftovers\n|upkeep\n|turn|10\n|\n|t:|1700587588\n|move|p2b: Volcarona|Quiver Dance|p2b: Volcarona\n|-boost|p2b: Volcarona|spa|1\n|-boost|p2b: Volcarona|spd|1\n|-boost|p2b: Volcarona|spe|1\n|move|p1b: Heatran|Flash Cannon|p2b: Volcarona\n|-damage|p2b: Volcarona|70\/100\n|\n|-heal|p2b: Volcarona|77\/100|[from] item: Leftovers\n|-heal|p1b: Heatran|100\/100|[from] item: Leftovers\n|upkeep\n|turn|11\n|\n|t:|1700587598\n|move|p2b: Volcarona|Quiver Dance|p2b: Volcarona\n|-boost|p2b: Volcarona|spa|1\n|-boost|p2b: Volcarona|spd|1\n|-boost|p2b: Volcarona|spe|1\n|move|p1b: Heatran|Flash Cannon|p2b: Volcarona\n|-damage|p2b: Volcarona|66\/100\n|\n|-heal|p2b: Volcarona|72\/100|[from] item: Leftovers\n|upkeep\n|turn|12\n|\n|t:|1700587608\n|move|p2b: Volcarona|Giga Drain|p1b: Heatran\n|-resisted|p1b: Heatran\n|-damage|p1b: Heatran|78\/100\n|-heal|p2b: Volcarona|83\/100|[from] drain|[of] p1b: Heatran\n|move|p1b: Heatran|Flash Cannon|p2b: Volcarona\n|-damage|p2b: Volcarona|74\/100\n|\n|-heal|p2b: Volcarona|80\/100|[from] item: Leftovers\n|-heal|p1b: Heatran|84\/100|[from] item: Leftovers\n|upkeep\n|turn|13\n|\n|t:|1700587619\n|move|p2b: Volcarona|Giga Drain|p1b: Heatran\n|-resisted|p1b: Heatran\n|-damage|p1b: Heatran|64\/100\n|-heal|p2b: Volcarona|91\/100|[from] drain|[of] p1b: Heatran\n|move|p1b: Heatran|Flash Cannon|p2b: Volcarona\n|-damage|p2b: Volcarona|80\/100\n|\n|-heal|p2b: Volcarona|86\/100|[from] item: Leftovers\n|-heal|p1b: Heatran|70\/100|[from] item: Leftovers\n|upkeep\n|turn|14\n|-message|Bidoof slays forfeited.\n|\n|win|secretstudent\n|raw|Bidoof slays's rating: 1065 &rarr; <strong>1045<\/strong><br \/>(-20 for losing)\n|raw|secretstudent's rating: 1065 &rarr; <strong>1095<\/strong><br \/>(+30 for winning)\n|l|\u2606Bidoof slays\n","uploadtime":1700587638,"views":0,"p1id":"bidoofslays","p2id":"secretstudent","formatid":"gen9vgc2023regulatione","rating":1045,"private":0,"password":""}