{"id":"gen9vgc2023regulatione-1990778902","p1":"Lando200547","p2":"daniiivgc","format":"[Gen 9] VGC 2023 Regulation E","log":"|j|\u2606Lando200547\n|j|\u2606daniiivgc\n|t:|1699999996\n|gametype|doubles\n|player|p1|Lando200547|ingo|1327\n|player|p2|daniiivgc|1|1313\n|teamsize|p1|6\n|teamsize|p2|6\n|gen|9\n|tier|[Gen 9] VGC 2023 Regulation E\n|rated|\n|rule|Species Clause: Limit one of each Pok\u00e9mon\n|rule|Item Clause: Limit one of each item\n|clearpoke\n|poke|p1|Ursaluna-Bloodmoon, L50, M|\n|poke|p1|Cresselia, L50, F|\n|poke|p1|Iron Hands, L50|\n|poke|p1|Sinistcha, L50|\n|poke|p1|Flutter Mane, L50|\n|poke|p1|Chi-Yu, L50|\n|poke|p2|Indeedee-F, L50, F|\n|poke|p2|Armarouge, L50, F|\n|poke|p2|Torkoal, L50, M|\n|poke|p2|Iron Hands, L50|\n|poke|p2|Gallade, L50, M|\n|poke|p2|Ogerpon-Cornerstone, L50, F|\n|teampreview|4\n|inactive|Battle timer is ON: inactive players will automatically lose when time's up. (requested by Lando200547)\n|\n|t:|1700000026\n|start\n|switch|p1a: Flutter Mane|Flutter Mane, L50|100\/100\n|switch|p1b: Chi-Yu|Chi-Yu, L50|100\/100\n|switch|p2a: Celuredge|Gallade, L50, M|100\/100\n|switch|p2b: Ogerpon|Ogerpon-Cornerstone, L50, F|100\/100\n|-ability|p1b: Chi-Yu|Beads of Ruin\n|-enditem|p1a: Flutter Mane|Booster Energy\n|-activate|p1a: Flutter Mane|ability: Protosynthesis|[fromitem]\n|-start|p1a: Flutter Mane|protosynthesisspa\n|turn|1\n|inactive|daniiivgc has 30 seconds left.\n|\n|t:|1700000057\n|-terastallize|p1b: Chi-Yu|Ghost\n|-terastallize|p2a: Celuredge|Fire\n|move|p2b: Ogerpon|Follow Me|p2b: Ogerpon\n|-singleturn|p2b: Ogerpon|move: Follow Me\n|move|p1a: Flutter Mane|Dazzling Gleam|p2a: Celuredge|[spread] p2a,p2b\n|-resisted|p2a: Celuredge\n|-damage|p2a: Celuredge|71\/100\n|-damage|p2b: Ogerpon|27\/100\n|move|p1b: Chi-Yu|Heat Wave|p2b: Ogerpon|[spread] p2a,p2b\n|-resisted|p2a: Celuredge\n|-damage|p2a: Celuredge|37\/100\n|-damage|p2b: Ogerpon|0 fnt\n|faint|p2b: Ogerpon\n|move|p2a: Celuredge|Trick Room|p2a: Celuredge\n|-fieldstart|move: Trick Room|[of] p2a: Celuredge\n|\n|upkeep\n|\n|t:|1700000073\n|switch|p2b: Torkoal|Torkoal, L50, M|100\/100\n|-weather|SunnyDay|[from] ability: Drought|[of] p2b: Torkoal\n|turn|2\n|\n|t:|1700000086\n|move|p1a: Flutter Mane|Protect|p1a: Flutter Mane\n|-singleturn|p1a: Flutter Mane|Protect\n|move|p2b: Torkoal|Eruption|p1a: Flutter Mane|[spread] p1b\n|-activate|p1a: Flutter Mane|move: Protect\n|-damage|p1b: Chi-Yu|0 fnt\n|faint|p1b: Chi-Yu\n|move|p2a: Celuredge|Psycho Cut|p1a: Flutter Mane\n|-activate|p1a: Flutter Mane|move: Protect\n|\n|-weather|SunnyDay|[upkeep]\n|upkeep\n|\n|t:|1700000096\n|switch|p1b: Iron Hands|Iron Hands, L50|100\/100\n|turn|3\n|\n|t:|1700000113\n|move|p2b: Torkoal|Protect|p2b: Torkoal\n|-singleturn|p2b: Torkoal|Protect\n|move|p1b: Iron Hands|Fake Out|p2b: Torkoal\n|-activate|p2b: Torkoal|move: Protect\n|move|p2a: Celuredge|Psycho Cut|p1a: Flutter Mane\n|-damage|p1a: Flutter Mane|0 fnt\n|faint|p1a: Flutter Mane\n|-end|p1a: Flutter Mane|Protosynthesis|[silent]\n|\n|-weather|SunnyDay|[upkeep]\n|upkeep\n|\n|t:|1700000120\n|switch|p1a: Ursaluna|Ursaluna-Bloodmoon, L50, M|100\/100\n|turn|4\n|\n|t:|1700000133\n|move|p2b: Torkoal|Eruption|p1a: Ursaluna|[spread] p1a,p1b\n|-damage|p1a: Ursaluna|5\/100\n|-damage|p1b: Iron Hands|51\/100\n|move|p1b: Iron Hands|Drain Punch|p2a: Celuredge\n|-damage|p2a: Celuredge|0 fnt\n|-heal|p1b: Iron Hands|63\/100|[from] drain|[of] p2a: Celuredge\n|faint|p2a: Celuredge\n|move|p1a: Ursaluna|Hyper Voice|p2b: Torkoal\n|-damage|p2b: Torkoal|24\/100\n|-enditem|p1a: Ursaluna|Throat Spray\n|-boost|p1a: Ursaluna|spa|1|[from] item: Throat Spray\n|\n|-weather|SunnyDay|[upkeep]\n|upkeep\n|\n|t:|1700000146\n|switch|p2a: Iron Hands|Iron Hands, L50|100\/100\n|-enditem|p2a: Iron Hands|Booster Energy\n|-activate|p2a: Iron Hands|ability: Quark Drive|[fromitem]\n|-start|p2a: Iron Hands|quarkdriveatk\n|turn|5\n|inactive|daniiivgc has 30 seconds left.\n|inactive|daniiivgc has 20 seconds left.\n|\n|t:|1700000182\n|move|p1a: Ursaluna|Protect|p1a: Ursaluna\n|-singleturn|p1a: Ursaluna|Protect\n|move|p2a: Iron Hands|Fake Out|p1a: Ursaluna\n|-activate|p1a: Ursaluna|move: Protect\n|move|p2b: Torkoal|Earth Power|p1b: Iron Hands\n|-supereffective|p1b: Iron Hands\n|-damage|p1b: Iron Hands|31\/100\n|move|p1b: Iron Hands|Drain Punch|p2a: Iron Hands\n|-damage|p2a: Iron Hands|65\/100\n|-heal|p1b: Iron Hands|46\/100|[from] drain|[of] p2a: Iron Hands\n|\n|-weather|SunnyDay|[upkeep]\n|-fieldend|move: Trick Room\n|upkeep\n|turn|6\n|\n|t:|1700000206\n|move|p2b: Torkoal|Protect|p2b: Torkoal\n|-singleturn|p2b: Torkoal|Protect\n|move|p1a: Ursaluna|Blood Moon|p2a: Iron Hands\n|-damage|p2a: Iron Hands|0 fnt\n|faint|p2a: Iron Hands\n|-end|p2a: Iron Hands|Quark Drive|[silent]\n|move|p1b: Iron Hands|Wild Charge|p2b: Torkoal\n|-activate|p2b: Torkoal|move: Protect\n|\n|-weather|none\n|upkeep\n|turn|7\n|c|\u2606daniiivgc|Xd\n|\n|t:|1700000224\n|move|p1a: Ursaluna|Earth Power|p2b: Torkoal\n|-supereffective|p2b: Torkoal\n|-damage|p2b: Torkoal|0 fnt\n|faint|p2b: Torkoal\n|\n|win|Lando200547\n|raw|Lando200547's rating: 1327 &rarr; <strong>1346<\/strong><br \/>(+19 for winning)\n|raw|daniiivgc's rating: 1313 &rarr; <strong>1294<\/strong><br \/>(-19 for losing)\n|c|\u2606Lando200547|gg\n","uploadtime":1700000235,"views":8,"p1id":"lando200547","p2id":"daniiivgc","formatid":"gen9vgc2023regulatione","rating":1294,"private":0,"password":""}