{"id":"gen9vgc2023regulatione-1998697596","p1":"DragsIThink","p2":"STPC_VGC","format":"[Gen 9] VGC 2023 Regulation E","log":"|j|\u2606DragsIThink\n|j|\u2606STPC_VGC\n|t:|1700974064\n|gametype|doubles\n|player|p1|DragsIThink|roxie|\n|player|p2|STPC_VGC|riley|\n|teamsize|p1|6\n|teamsize|p2|6\n|gen|9\n|tier|[Gen 9] VGC 2023 Regulation E\n|rule|Species Clause: Limit one of each Pok\u00e9mon\n|rule|Item Clause: Limit one of each item\n|clearpoke\n|poke|p1|Grimmsnarl, L50, M|\n|poke|p1|Ambipom, L50, F|\n|poke|p1|Morpeko, L50, F|\n|poke|p1|Persian-Alola, L50, M|\n|poke|p1|Mienshao, L50, F|\n|poke|p1|Tinkaton, L50, F|\n|poke|p2|Ninetales-Alola, L50, M|\n|poke|p2|Kommo-o, L50, F|\n|poke|p2|Arcanine-Hisui, L50, M|\n|poke|p2|Rillaboom, L50, M|\n|poke|p2|Roaring Moon, L50|\n|poke|p2|Ursaluna, L50, F|\n|teampreview|4\n|\n|t:|1700974101\n|start\n|switch|p1a: Grimmsnarl|Grimmsnarl, L50, M|100\/100\n|switch|p1b: Persian|Persian-Alola, L50, M|100\/100\n|switch|p2a: Ninetales|Ninetales-Alola, L50, M|100\/100\n|switch|p2b: Roaring Moon|Roaring Moon, L50|100\/100\n|-weather|Snow|[from] ability: Snow Warning|[of] p2a: Ninetales\n|-enditem|p2b: Roaring Moon|Booster Energy\n|-activate|p2b: Roaring Moon|ability: Protosynthesis|[fromitem]\n|-start|p2b: Roaring Moon|protosynthesisspe\n|turn|1\n|\n|t:|1700974118\n|move|p1b: Persian|Fake Out|p2a: Ninetales\n|-damage|p2a: Ninetales|83\/100\n|-damage|p1b: Persian|90\/100|[from] item: Life Orb\n|move|p1a: Grimmsnarl|Fake Out|p2b: Roaring Moon\n|-damage|p2b: Roaring Moon|82\/100\n|cant|p2b: Roaring Moon|flinch\n|cant|p2a: Ninetales|flinch\n|\n|-weather|Snow|[upkeep]\n|upkeep\n|turn|2\n|\n|t:|1700974128\n|move|p1a: Grimmsnarl|Parting Shot|p2b: Roaring Moon\n|-hint|Since gen 7, Dark is immune to Prankster moves.\n|-immune|p2b: Roaring Moon\n|move|p2b: Roaring Moon|Tailwind|p2b: Roaring Moon\n|-sidestart|p2: STPC_VGC|move: Tailwind\n|move|p2a: Ninetales|Aurora Veil|p2a: Ninetales\n|-sidestart|p2: STPC_VGC|move: Aurora Veil\n|move|p1b: Persian|Parting Shot|p2b: Roaring Moon\n|-unboost|p2b: Roaring Moon|atk|1\n|-unboost|p2b: Roaring Moon|spa|1\n|\n|t:|1700974141\n|switch|p1b: Ambipom|Ambipom, L50, F|100\/100|[from] Parting Shot\n|\n|-weather|Snow|[upkeep]\n|upkeep\n|turn|3\n|\n|t:|1700974157\n|move|p1b: Ambipom|Fake Out|p2b: Roaring Moon\n|-damage|p2b: Roaring Moon|58\/100\n|move|p1a: Grimmsnarl|Parting Shot|p2a: Ninetales\n|-unboost|p2a: Ninetales|atk|1\n|-unboost|p2a: Ninetales|spa|1\n|\n|t:|1700974162\n|switch|p1a: Mienshao|Mienshao, L50, F|100\/100|[from] Parting Shot\n|cant|p2b: Roaring Moon|flinch\n|move|p2a: Ninetales|Moonblast|p1a: Mienshao\n|-supereffective|p1a: Mienshao\n|-damage|p1a: Mienshao|6\/100\n|\n|-weather|Snow|[upkeep]\n|-heal|p1a: Mienshao|12\/100|[from] item: Leftovers\n|upkeep\n|turn|4\n|\n|t:|1700974184\n|move|p2b: Roaring Moon|Protect|p2b: Roaring Moon\n|-singleturn|p2b: Roaring Moon|Protect\n|move|p2a: Ninetales|Protect|p2a: Ninetales\n|-singleturn|p2a: Ninetales|Protect\n|move|p1a: Mienshao|Fake Out|p2a: Ninetales\n|-activate|p2a: Ninetales|move: Protect\n|move|p1b: Ambipom|U-turn|p2b: Roaring Moon\n|-activate|p2b: Roaring Moon|move: Protect\n|\n|-weather|Snow|[upkeep]\n|-heal|p1a: Mienshao|18\/100|[from] item: Leftovers\n|upkeep\n|turn|5\n|\n|t:|1700974205\n|move|p2b: Roaring Moon|Acrobatics|p1b: Ambipom\n|-damage|p1b: Ambipom|57\/100\n|move|p2a: Ninetales|Blizzard|p1a: Mienshao|[spread] p1a,p1b\n|-damage|p1a: Mienshao|0 fnt\n|-damage|p1b: Ambipom|22\/100\n|faint|p1a: Mienshao\n|move|p1b: Ambipom|U-turn|p2b: Roaring Moon\n|-supereffective|p2b: Roaring Moon\n|-damage|p2b: Roaring Moon|23\/100\n|\n|t:|1700974216\n|switch|p1b: Persian|Persian-Alola, L50, M|90\/100|[from] U-turn\n|\n|-weather|none\n|-sideend|p2: STPC_VGC|move: Tailwind\n|upkeep\n|\n|t:|1700974218\n|switch|p1a: Grimmsnarl|Grimmsnarl, L50, M|100\/100\n|turn|6\n|\n|t:|1700974230\n|move|p2b: Roaring Moon|Protect|p2b: Roaring Moon\n|-singleturn|p2b: Roaring Moon|Protect\n|move|p2a: Ninetales|Protect|p2a: Ninetales\n|-singleturn|p2a: Ninetales|Protect\n|move|p1b: Persian|Fake Out|p2a: Ninetales\n|-activate|p2a: Ninetales|move: Protect\n|move|p1a: Grimmsnarl|Fake Out|p2b: Roaring Moon\n|-activate|p2b: Roaring Moon|move: Protect\n|\n|upkeep\n|turn|7\n|\n|t:|1700974254\n|move|p1a: Grimmsnarl|Parting Shot|p2a: Ninetales\n|-unboost|p2a: Ninetales|atk|1\n|-unboost|p2a: Ninetales|spa|1\n|\n|t:|1700974258\n|switch|p1a: Ambipom|Ambipom, L50, F|22\/100|[from] Parting Shot\n|move|p2b: Roaring Moon|Tailwind|p2b: Roaring Moon\n|-sidestart|p2: STPC_VGC|move: Tailwind\n|move|p2a: Ninetales|Moonblast|p1b: Persian\n|-supereffective|p1b: Persian\n|-damage|p1b: Persian|26\/100\n|-unboost|p1b: Persian|spa|1\n|move|p1b: Persian|U-turn|p2b: Roaring Moon\n|-supereffective|p2b: Roaring Moon\n|-damage|p2b: Roaring Moon|0 fnt\n|faint|p2b: Roaring Moon\n|-end|p2b: Roaring Moon|Protosynthesis|[silent]\n|-damage|p1b: Persian|16\/100|[from] item: Life Orb\n|\n|t:|1700974261\n|switch|p1b: Grimmsnarl|Grimmsnarl, L50, M|100\/100|[from] U-turn\n|\n|upkeep\n|\n|t:|1700974270\n|switch|p2b: Ursaluna|Ursaluna, L50, F|100\/100\n|turn|8\n|\n|t:|1700974288\n|move|p2b: Ursaluna|Protect|p2b: Ursaluna\n|-singleturn|p2b: Ursaluna|Protect\n|move|p1a: Ambipom|Fake Out|p2a: Ninetales\n|-damage|p2a: Ninetales|52\/100\n|move|p1b: Grimmsnarl|Fake Out|p2a: Ninetales\n|-damage|p2a: Ninetales|37\/100\n|cant|p2a: Ninetales|flinch\n|\n|-status|p2b: Ursaluna|brn|[from] item: Flame Orb\n|upkeep\n|turn|9\n|\n|t:|1700974323\n|move|p1b: Grimmsnarl|Parting Shot|p2b: Ursaluna\n|-unboost|p2b: Ursaluna|atk|1\n|-unboost|p2b: Ursaluna|spa|1\n|\n|t:|1700974328\n|switch|p1b: Persian|Persian-Alola, L50, M|16\/100|[from] Parting Shot\n|move|p2a: Ninetales|Moonblast|p1b: Persian\n|-supereffective|p1b: Persian\n|-damage|p1b: Persian|0 fnt\n|faint|p1b: Persian\n|move|p1a: Ambipom|Knock Off|p2a: Ninetales\n|-resisted|p2a: Ninetales\n|-damage|p2a: Ninetales|22\/100\n|-enditem|p2a: Ninetales|Light Clay|[from] move: Knock Off|[of] p1a: Ambipom\n|move|p2b: Ursaluna|Facade|p1a: Ambipom\n|-damage|p1a: Ambipom|0 fnt\n|faint|p1a: Ambipom\n|\n|-damage|p2b: Ursaluna|95\/100 brn|[from] brn\n|-sideend|p2: STPC_VGC|move: Aurora Veil\n|upkeep\n|\n|t:|1700974332\n|switch|p1b: Grimmsnarl|Grimmsnarl, L50, M|100\/100\n|turn|10\n|\n|t:|1700974360\n|-terastallize|p2b: Ursaluna|Ghost\n|move|p1b: Grimmsnarl|Fake Out|p2b: Ursaluna\n|-immune|p2b: Ursaluna\n|move|p2a: Ninetales|Moonblast|p1b: Grimmsnarl\n|-supereffective|p1b: Grimmsnarl\n|-damage|p1b: Grimmsnarl|62\/100\n|-unboost|p1b: Grimmsnarl|spa|1\n|move|p2b: Ursaluna|Facade|p1b: Grimmsnarl\n|-crit|p1b: Grimmsnarl\n|-damage|p1b: Grimmsnarl|0 fnt\n|-damage|p2b: Ursaluna|78\/100 brn|[from] item: Rocky Helmet|[of] p1b: Grimmsnarl\n|faint|p1b: Grimmsnarl\n|\n|win|STPC_VGC\n","uploadtime":1700974376,"views":4,"p1id":"dragsithink","p2id":"stpcvgc","formatid":"gen9vgc2023regulatione","rating":0,"private":0,"password":""}