{"id":"gen9vgc2023regulatione-2000568173","p1":"diegomcr7","p2":"bus","format":"[Gen 9] VGC 2023 Regulation E","log":"|j|\u2606diegomcr7\n|j|\u2606bus\n|t:|1701206111\n|gametype|doubles\n|player|p1|diegomcr7|169|1060\n|player|p2|bus|sabrina|1081\n|teamsize|p1|6\n|teamsize|p2|6\n|gen|9\n|tier|[Gen 9] VGC 2023 Regulation E\n|rated|\n|rule|Species Clause: Limit one of each Pok\u00e9mon\n|rule|Item Clause: Limit one of each item\n|clearpoke\n|poke|p1|Ogerpon-Hearthflame, L50, F|\n|poke|p1|Rillaboom, L50, M|\n|poke|p1|Kommo-o, L50, F|\n|poke|p1|Clefairy, L50, M|\n|poke|p1|Arcanine-Hisui, L50, M|\n|poke|p1|Chien-Pao, L50|\n|poke|p2|Armarouge, L50, F|\n|poke|p2|Maushold, L50|\n|poke|p2|Torkoal, L50, M|\n|poke|p2|Lilligant-Hisui, L50, F|\n|poke|p2|Charizard, L50, M|\n|poke|p2|Landorus-Therian, L50, M|\n|teampreview|4\n|\n|t:|1701206119\n|start\n|switch|p1a: Ogerpon|Ogerpon-Hearthflame, L50, F|100\/100\n|switch|p1b: Rillaboom|Rillaboom, L50, M|100\/100\n|switch|p2a: Armarouge|Armarouge, L50, F|100\/100\n|switch|p2b: Maushold|Maushold, L50|100\/100\n|-ability|p1a: Ogerpon|Mold Breaker\n|-fieldstart|move: Grassy Terrain|[from] ability: Grassy Surge|[of] p1b: Rillaboom\n|turn|1\n|\n|t:|1701206144\n|move|p1a: Ogerpon|Spiky Shield|p1a: Ogerpon\n|-singleturn|p1a: Ogerpon|move: Protect\n|move|p1b: Rillaboom|Fake Out|p2b: Maushold\n|-damage|p2b: Maushold|82\/100\n|cant|p2b: Maushold|flinch\n|move|p2a: Armarouge|Psychic Terrain|p2a: Armarouge\n|-fieldstart|move: Psychic Terrain\n|\n|upkeep\n|turn|2\n|\n|t:|1701206166\n|move|p2a: Armarouge|Protect|p2a: Armarouge\n|-singleturn|p2a: Armarouge|Protect\n|move|p1b: Rillaboom|Protect|p1b: Rillaboom\n|-singleturn|p1b: Rillaboom|Protect\n|move|p2b: Maushold|Feint|p2a: Armarouge\n|-activate|p2a: Armarouge|move: Feint\n|-damage|p2a: Armarouge|93\/100\n|-ability|p2a: Armarouge|Weak Armor|boost\n|-unboost|p2a: Armarouge|def|1\n|-boost|p2a: Armarouge|spe|2\n|move|p1a: Ogerpon|Ivy Cudgel|p2b: Maushold|[anim] Ivy Cudgel Fire\n|-damage|p2b: Maushold|0 fnt\n|faint|p2b: Maushold\n|\n|upkeep\n|\n|t:|1701206193\n|switch|p2b: Lilligant|Lilligant-Hisui, L50, F|100\/100\n|turn|3\n|\n|t:|1701206227\n|switch|p1b: Arcanine|Arcanine-Hisui, L50, M|100\/100\n|-ability|p1b: Arcanine|Intimidate|boost\n|-unboost|p2a: Armarouge|atk|1\n|-unboost|p2b: Lilligant|atk|1\n|-terastallize|p2a: Armarouge|Psychic\n|move|p2a: Armarouge|Expanding Force|p1b: Arcanine|[spread] p1a,p1b\n|-damage|p1a: Ogerpon|0 fnt\n|-damage|p1b: Arcanine|0 fnt\n|faint|p1a: Ogerpon\n|faint|p1b: Arcanine\n|-damage|p2a: Armarouge|83\/100|[from] item: Life Orb\n|move|p2b: Lilligant|Pollen Puff|p2a: Armarouge\n|-heal|p2a: Armarouge|100\/100\n|\n|upkeep\n|\n|t:|1701206244\n|switch|p1a: Rillaboom|Rillaboom, L50, M|100\/100\n|switch|p1b: Chien-Pao|Chien-Pao, L50|100\/100\n|-ability|p1b: Chien-Pao|Sword of Ruin\n|-fieldstart|move: Grassy Terrain|[from] ability: Grassy Surge|[of] p1a: Rillaboom\n|turn|4\n|\n|t:|1701206262\n|switch|p2b: Torkoal|Torkoal, L50, M|100\/100\n|-weather|SunnyDay|[from] ability: Drought|[of] p2b: Torkoal\n|move|p2a: Armarouge|Protect|p2a: Armarouge\n|-singleturn|p2a: Armarouge|Protect\n|move|p1a: Rillaboom|Fake Out|p2a: Armarouge\n|-activate|p2a: Armarouge|move: Protect\n|move|p1b: Chien-Pao|Icicle Crash|p2b: Torkoal\n|-resisted|p2b: Torkoal\n|-damage|p2b: Torkoal|84\/100\n|\n|-weather|SunnyDay|[upkeep]\n|-heal|p2b: Torkoal|90\/100|[from] Grassy Terrain\n|upkeep\n|turn|5\n|\n|t:|1701206287\n|-terastallize|p1b: Chien-Pao|Electric\n|move|p1a: Rillaboom|Protect|p1a: Rillaboom\n|-singleturn|p1a: Rillaboom|Protect\n|move|p1b: Chien-Pao|Sucker Punch|p2a: Armarouge\n|-supereffective|p2a: Armarouge\n|-damage|p2a: Armarouge|0 fnt\n|faint|p2a: Armarouge\n|move|p2b: Torkoal|Eruption|p1a: Rillaboom|[spread] p1b\n|-activate|p1a: Rillaboom|move: Protect\n|-damage|p1b: Chien-Pao|26\/100\n|\n|-weather|SunnyDay|[upkeep]\n|-heal|p1b: Chien-Pao|32\/100|[from] Grassy Terrain\n|-heal|p2b: Torkoal|97\/100|[from] Grassy Terrain\n|upkeep\n|\n|t:|1701206300\n|switch|p2a: Lilligant|Lilligant-Hisui, L50, F|100\/100\n|turn|6\n|\n|t:|1701206328\n|move|p1a: Rillaboom|Grassy Glide|p2b: Torkoal\n|-resisted|p2b: Torkoal\n|-damage|p2b: Torkoal|82\/100\n|move|p2a: Lilligant|Sleep Powder|p1b: Chien-Pao\n|-status|p1b: Chien-Pao|slp|[from] move: Sleep Powder\n|cant|p1b: Chien-Pao|slp\n|move|p2b: Torkoal|Eruption|p1a: Rillaboom|[spread] p1a,p1b\n|-supereffective|p1a: Rillaboom\n|-damage|p1a: Rillaboom|0 fnt\n|-damage|p1b: Chien-Pao|0 fnt\n|faint|p1a: Rillaboom\n|faint|p1b: Chien-Pao\n|\n|win|bus\n|raw|diegomcr7's rating: 1060 &rarr; <strong>1042<\/strong><br \/>(-18 for losing)\n|raw|bus's rating: 1081 &rarr; <strong>1107<\/strong><br \/>(+26 for winning)\n|l|\u2606diegomcr7\n","uploadtime":1701206346,"views":0,"p1id":"diegomcr7","p2id":"bus","formatid":"gen9vgc2023regulatione","rating":1042,"private":0,"password":""}