{"id":"gen9vgc2023regulatione-1993699384","p1":"breezedrw","p2":"MYTH1CALY33T","format":"[Gen 9] VGC 2023 Regulation E","log":"|j|\u2606breezedrw\n|j|\u2606MYTH1CALY33T\n|t:|1700346940\n|gametype|doubles\n|player|p1|breezedrw|flannery|1089\n|player|p2|MYTH1CALY33T|fisherman-gen4|1121\n|teamsize|p1|6\n|teamsize|p2|6\n|gen|9\n|tier|[Gen 9] VGC 2023 Regulation E\n|rated|\n|rule|Species Clause: Limit one of each Pok\u00e9mon\n|rule|Item Clause: Limit one of each item\n|clearpoke\n|poke|p1|Espathra, L50, F|\n|poke|p1|Toxapex, L50, F|\n|poke|p1|Delphox, L50, F|\n|poke|p1|Sableye, L50, F|\n|poke|p1|Regieleki, L50|\n|poke|p1|Arbok, L50, F|\n|poke|p2|Iron Hands, L50|\n|poke|p2|Urshifu-*, L50, M|\n|poke|p2|Tornadus, L50, M|\n|poke|p2|Flutter Mane, L50|\n|poke|p2|Kingambit, L50, F|\n|poke|p2|Sinistcha, L50|\n|teampreview|4\n|inactive|Battle timer is ON: inactive players will automatically lose when time's up. (requested by MYTH1CALY33T)\n|inactive|MYTH1CALY33T has 60 seconds left.\n|inactive|MYTH1CALY33T has 30 seconds left.\n|\n|t:|1700347009\n|start\n|switch|p1a: Mynor|Sableye, L50, F|100\/100\n|switch|p1b: Maude|Espathra, L50, F, shiny|100\/100\n|switch|p2a: Iron Hands|Iron Hands, L50|100\/100\n|switch|p2b: Tornadus|Tornadus, L50, M|100\/100\n|turn|1\n|\n|t:|1700347023\n|move|p1b: Maude|Protect|p1b: Maude\n|-singleturn|p1b: Maude|Protect\n|move|p2a: Iron Hands|Fake Out|p1b: Maude\n|-activate|p1b: Maude|move: Protect\n|move|p2b: Tornadus|Tailwind|p2b: Tornadus\n|-sidestart|p2: MYTH1CALY33T|move: Tailwind\n|move|p1a: Mynor|Gravity|p1a: Mynor\n|-fieldstart|move: Gravity\n|\n|-ability|p1b: Maude|Speed Boost|boost\n|-boost|p1b: Maude|spe|1\n|upkeep\n|turn|2\n|inactive|MYTH1CALY33T has 30 seconds left.\n|\n|t:|1700347055\n|move|p1a: Mynor|Encore|p2b: Tornadus\n|-start|p2b: Tornadus|Encore\n|move|p2b: Tornadus|Tailwind||[still]\n|-fail|p2b: Tornadus\n|move|p1b: Maude|Hypnosis|p2a: Iron Hands\n|-status|p2a: Iron Hands|slp|[from] move: Hypnosis\n|cant|p2a: Iron Hands|slp\n|\n|-ability|p1b: Maude|Speed Boost|boost\n|-boost|p1b: Maude|spe|1\n|upkeep\n|turn|3\n|inactive|MYTH1CALY33T has 30 seconds left.\n|\n|t:|1700347080\n|switch|p2b: Kingambit|Kingambit, L50, F|100\/100\n|switch|p1a: Cobra Commander|Arbok, L50, F, shiny|100\/100\n|-ability|p1a: Cobra Commander|Intimidate|boost\n|-unboost|p2a: Iron Hands|atk|1\n|-unboost|p2b: Kingambit|atk|1\n|-ability|p2b: Kingambit|Defiant|boost\n|-boost|p2b: Kingambit|atk|2\n|move|p1b: Maude|Lumina Crash|p2a: Iron Hands\n|-supereffective|p2a: Iron Hands\n|-damage|p2a: Iron Hands|67\/100 slp\n|-unboost|p2a: Iron Hands|spd|2\n|cant|p2a: Iron Hands|slp\n|\n|-ability|p1b: Maude|Speed Boost|boost\n|-boost|p1b: Maude|spe|1\n|upkeep\n|turn|4\n|inactive|MYTH1CALY33T has 30 seconds left.\n|\n|t:|1700347110\n|move|p1b: Maude|Hypnosis|p2b: Kingambit\n|-status|p2b: Kingambit|slp|[from] move: Hypnosis\n|cant|p2b: Kingambit|slp\n|cant|p2a: Iron Hands|slp\n|move|p1a: Cobra Commander|Coil|p1a: Cobra Commander\n|-boost|p1a: Cobra Commander|atk|1\n|-boost|p1a: Cobra Commander|def|1\n|-boost|p1a: Cobra Commander|accuracy|1\n|\n|-sideend|p2: MYTH1CALY33T|move: Tailwind\n|-ability|p1b: Maude|Speed Boost|boost\n|-boost|p1b: Maude|spe|1\n|upkeep\n|turn|5\n|inactive|breezedrw has 30 seconds left.\n|inactive|breezedrw has 20 seconds left.\n|\n|t:|1700347148\n|move|p1b: Maude|Lumina Crash|p2a: Iron Hands\n|-supereffective|p2a: Iron Hands\n|-damage|p2a: Iron Hands|0 fnt\n|faint|p2a: Iron Hands\n|-end|p2a: Iron Hands|Quark Drive|[silent]\n|move|p1a: Cobra Commander|Coil|p1a: Cobra Commander\n|-boost|p1a: Cobra Commander|atk|1\n|-boost|p1a: Cobra Commander|def|1\n|-boost|p1a: Cobra Commander|accuracy|1\n|-curestatus|p2b: Kingambit|slp|[msg]\n|move|p2b: Kingambit|Iron Head|p1a: Cobra Commander\n|-damage|p1a: Cobra Commander|54\/100\n|\n|-fieldend|move: Gravity\n|-ability|p1b: Maude|Speed Boost|boost\n|-boost|p1b: Maude|spe|1\n|upkeep\n|\n|t:|1700347164\n|switch|p2a: Tornadus|Tornadus, L50, M|100\/100\n|turn|6\n|\n|t:|1700347174\n|move|p1b: Maude|Lumina Crash|p2a: Tornadus\n|-damage|p2a: Tornadus|78\/100\n|-unboost|p2a: Tornadus|spd|2\n|move|p2a: Tornadus|Bleakwind Storm|p1a: Cobra Commander|[spread] p1a,p1b\n|-damage|p1a: Cobra Commander|3\/100\n|-damage|p1b: Maude|53\/100\n|-unboost|p1a: Cobra Commander|spe|1\n|-unboost|p1b: Maude|spe|1\n|move|p1a: Cobra Commander|Glare|p2a: Tornadus\n|-status|p2a: Tornadus|par\n|move|p2b: Kingambit|Iron Head|p1a: Cobra Commander\n|-damage|p1a: Cobra Commander|0 fnt\n|faint|p1a: Cobra Commander\n|\n|-heal|p2a: Tornadus|84\/100 par|[from] item: Leftovers\n|-ability|p1b: Maude|Speed Boost|boost\n|-boost|p1b: Maude|spe|1\n|upkeep\n|\n|t:|1700347194\n|switch|p1a: Mynor|Sableye, L50, F|100\/100\n|turn|7\n|\n|t:|1700347217\n|move|p1a: Mynor|Gravity|p1a: Mynor\n|-fieldstart|move: Gravity\n|move|p2b: Kingambit|Sucker Punch||[still]\n|-fail|p2b: Kingambit\n|move|p2a: Tornadus|Tailwind|p2a: Tornadus\n|-sidestart|p2: MYTH1CALY33T|move: Tailwind\n|move|p1b: Maude|Hypnosis|p2b: Kingambit\n|-status|p2b: Kingambit|slp|[from] move: Hypnosis\n|\n|-heal|p2a: Tornadus|90\/100 par|[from] item: Leftovers\n|-ability|p1b: Maude|Speed Boost|boost\n|-boost|p1b: Maude|spe|1\n|upkeep\n|turn|8\n|\n|t:|1700347234\n|-terastallize|p1b: Maude|Bug\n|move|p1a: Mynor|Encore|p2a: Tornadus\n|-start|p2a: Tornadus|Encore\n|move|p1b: Maude|Tera Blast|p2b: Kingambit|[anim] Tera Blast Bug\n|-damage|p2b: Kingambit|74\/100 slp\n|cant|p2b: Kingambit|slp\n|move|p2a: Tornadus|Tailwind||[still]\n|-fail|p2a: Tornadus\n|\n|-heal|p2a: Tornadus|96\/100 par|[from] item: Leftovers\n|upkeep\n|turn|9\n|\n|t:|1700347251\n|switch|p2a: Sinistcha|Sinistcha, L50, shiny|100\/100\n|-heal|p2b: Kingambit|99\/100 slp|[from] ability: Hospitality|[of] p2a: Sinistcha\n|switch|p1a: I-no|Delphox, L50, F|100\/100\n|move|p1b: Maude|Lumina Crash|p2a: Sinistcha\n|-damage|p2a: Sinistcha|65\/100\n|-unboost|p2a: Sinistcha|spd|2\n|cant|p2b: Kingambit|slp\n|\n|upkeep\n|turn|10\n|inactive|MYTH1CALY33T has 30 seconds left.\n|\n|t:|1700347279\n|-terastallize|p2b: Kingambit|Ghost\n|cant|p2b: Kingambit|slp\n|move|p1b: Maude|Hypnosis|p2a: Sinistcha\n|-status|p2a: Sinistcha|slp|[from] move: Hypnosis\n|cant|p2a: Sinistcha|slp\n|move|p1a: I-no|Flamethrower|p2b: Kingambit\n|-damage|p2b: Kingambit|57\/100 slp\n|\n|-sideend|p2: MYTH1CALY33T|move: Tailwind\n|upkeep\n|turn|11\n|\n|t:|1700347296\n|-curestatus|p2b: Kingambit|slp|[msg]\n|move|p2b: Kingambit|Sucker Punch|p1a: I-no\n|-supereffective|p1a: I-no\n|-damage|p1a: I-no|0 fnt\n|faint|p1a: I-no\n|move|p1b: Maude|Lumina Crash|p2b: Kingambit\n|-damage|p2b: Kingambit|29\/100\n|-unboost|p2b: Kingambit|spd|2\n|-ability|p2b: Kingambit|Defiant|boost\n|-boost|p2b: Kingambit|atk|2\n|-curestatus|p2a: Sinistcha|slp|[msg]\n|move|p2a: Sinistcha|Matcha Gotcha|p1b: Maude\n|-resisted|p1b: Maude\n|-damage|p1b: Maude|23\/100\n|-heal|p2a: Sinistcha|80\/100|[from] drain|[of] p1b: Maude\n|-status|p1b: Maude|brn\n|\n|-damage|p1b: Maude|17\/100 brn|[from] brn\n|-fieldend|move: Gravity\n|upkeep\n|\n|t:|1700347317\n|switch|p1a: Mynor|Sableye, L50, F|100\/100\n|turn|12\n|\n|t:|1700347328\n|switch|p2a: Tornadus|Tornadus, L50, M|96\/100 par\n|move|p2b: Kingambit|Protect|p2b: Kingambit\n|-singleturn|p2b: Kingambit|Protect\n|move|p1a: Mynor|Disable|p2b: Kingambit\n|-activate|p2b: Kingambit|move: Protect\n|move|p1b: Maude|Lumina Crash|p2b: Kingambit\n|-activate|p2b: Kingambit|move: Protect\n|\n|-heal|p2a: Tornadus|100\/100 par|[from] item: Leftovers\n|-damage|p1b: Maude|11\/100 brn|[from] brn\n|upkeep\n|turn|13\n|inactive|MYTH1CALY33T has 30 seconds left.\n|\n|t:|1700347357\n|switch|p2a: Sinistcha|Sinistcha, L50, shiny|80\/100\n|-heal|p2b: Kingambit|54\/100|[from] ability: Hospitality|[of] p2a: Sinistcha\n|move|p1a: Mynor|Gravity|p1a: Mynor\n|-fieldstart|move: Gravity\n|move|p1b: Maude|Hypnosis|p2b: Kingambit\n|-status|p2b: Kingambit|slp|[from] move: Hypnosis\n|cant|p2b: Kingambit|slp\n|\n|-damage|p1b: Maude|5\/100 brn|[from] brn\n|upkeep\n|turn|14\n|\n|t:|1700347376\n|-curestatus|p2b: Kingambit|slp|[msg]\n|move|p2b: Kingambit|Protect|p2b: Kingambit\n|-singleturn|p2b: Kingambit|Protect\n|move|p1b: Maude|Hypnosis|p2a: Sinistcha\n|-status|p2a: Sinistcha|slp|[from] move: Hypnosis\n|cant|p2a: Sinistcha|slp\n|move|p1a: Mynor|Knock Off|p2a: Sinistcha\n|-supereffective|p2a: Sinistcha\n|-damage|p2a: Sinistcha|30\/100 slp\n|-enditem|p2a: Sinistcha|Iapapa Berry|[from] move: Knock Off|[of] p1a: Mynor\n|\n|-damage|p1b: Maude|0 fnt|[from] brn\n|faint|p1b: Maude\n|upkeep\n|turn|15\n|-message|breezedrw forfeited.\n|\n|win|MYTH1CALY33T\n|raw|breezedrw's rating: 1089 &rarr; <strong>1068<\/strong><br \/>(-21 for losing)\n|raw|MYTH1CALY33T's rating: 1121 &rarr; <strong>1144<\/strong><br \/>(+23 for winning)\n|l|\u2606breezedrw\n","uploadtime":1700347405,"views":9,"p1id":"breezedrw","p2id":"myth1caly33t","formatid":"gen9vgc2023regulatione","rating":1068,"private":0,"password":""}