{"id":"gen9vgc2023regulatione-1992725808","p1":"stecca","p2":"ryukeivgc","format":"[Gen 9] VGC 2023 Regulation E","log":"|j|\u2606stecca\n|j|\u2606ryukeivgc\n|n|\u2606stecca|stecca\n|n|\u2606ryukeivgc|ryukeivgc\n|html|View the match progress at <a href=\"\/game-bestof3-gen9vgc2023regulatione-1992725807\">game-bestof3-gen9vgc2023regulatione-1992725807<\/a>\n|t:|1700229535\n|gametype|doubles\n|player|p1|stecca|unknown|\n|player|p2|ryukeivgc|ruinmaniac|\n|teamsize|p1|6\n|teamsize|p2|6\n|gen|9\n|tier|[Gen 9] VGC 2023 Regulation E\n|rule|Species Clause: Limit one of each Pok\u00e9mon\n|rule|Item Clause: Limit one of each item\n|clearpoke\n|poke|p1|Landorus-Therian, L50, M|\n|poke|p1|Rillaboom, L50, M|\n|poke|p1|Tornadus, L50, M|\n|poke|p1|Urshifu-*, L50, F|\n|poke|p1|Flutter Mane, L50|\n|poke|p1|Heatran, L50, M|\n|poke|p2|Farigiraf, L50, F|\n|poke|p2|Dragonite, L50, M|\n|poke|p2|Chien-Pao, L50|\n|poke|p2|Urshifu-*, L50, M|\n|poke|p2|Ogerpon-Cornerstone, L50, F|\n|poke|p2|Ursaluna-Bloodmoon, L50, M|\n|teampreview|4\nryukeivgc has agreed to open team sheets.\nstecca has agreed to open team sheets.\n|showteam|p1|Landorus-Therian||ChoiceScarf|Intimidate|StompingTantrum,TeraBlast,RockSlide,Uturn|||M|||50|,,,,,Flying]Rillaboom||AssaultVest|GrassySurge|FakeOut,WoodHammer,Uturn,GrassyGlide|||M|||50|,,,,,Fire]Tornadus||SitrusBerry|Prankster|Tailwind,Taunt,BleakwindStorm,ScaryFace|||M|||50|,,,,,Ghost]Urshifu-Rapid-Strike||MysticWater|UnseenFist|SurgingStrikes,CloseCombat,AquaJet,Protect|||F|||50|,,,,,Water]Flutter Mane||BoosterEnergy|Protosynthesis|Moonblast,DazzlingGleam,ShadowBall,Protect||||||50|,,,,,Fairy]Heatran||Leftovers|FlashFire|MagmaStorm,EarthPower,Substitute,Protect|||M|||50|,,,,,Grass\n|showteam|p2|Farigiraf||SafetyGoggles|ArmorTail|Psyshock,Uproar,HelpingHand,TrickRoom|||F|||50|,,,,,Fire]Dragonite||ChoiceBand|InnerFocus|ExtremeSpeed,Outrage,StompingTantrum,AerialAce|||M|||50|,,,,,Normal]Chien-Pao||FocusSash|SwordofRuin|SacredSword,IcicleCrash,SuckerPunch,Protect||||||50|,,,,,Ghost]Urshifu-Rapid-Strike||ChoiceScarf|UnseenFist|SurgingStrikes,CloseCombat,AquaJet,Uturn|||M|||50|,,,,,Water]Ogerpon-Cornerstone||CornerstoneMask|Sturdy|IvyCudgel,PowerWhip,FollowMe,SpikyShield|||F|||50|,,,,,Rock]Ursaluna-Bloodmoon||LifeOrb|MindsEye|HyperVoice,EarthPower,BloodMoon,Protect|||M|||50|,,,,,Normal\n|c|\u2606ryukeivgc|Grazie mille, non so perche mi ha dato questo errore\n|c|\u2606stecca|tra\n|c|\u2606stecca|glhf\n|c|\u2606ryukeivgc|u2\n|\n|t:|1700229642\n|start\n|switch|p1a: PaquitoSway|Rillaboom, L50, M|100\/100\n|switch|p1b: Palermo|Urshifu-Rapid-Strike, L50, F|100\/100\n|switch|p2a: Farigiraf|Farigiraf, L50, F|100\/100\n|switch|p2b: Ogerpon|Ogerpon-Cornerstone, L50, F|100\/100\n|-fieldstart|move: Grassy Terrain|[from] ability: Grassy Surge|[of] p1a: PaquitoSway\n|turn|1\n|\n|t:|1700229696\n|switch|p1b: Heatran|Heatran, L50, M|100\/100\n|move|p2b: Ogerpon|Follow Me|p2b: Ogerpon\n|-singleturn|p2b: Ogerpon|move: Follow Me\n|move|p1a: PaquitoSway|U-turn|p2b: Ogerpon\n|-supereffective|p2b: Ogerpon\n|-crit|p2b: Ogerpon\n|-damage|p2b: Ogerpon|16\/100\n|\n|t:|1700229703\n|switch|p1a: Palermo|Urshifu-Rapid-Strike, L50, F|100\/100|[from] U-turn\n|move|p2a: Farigiraf|Trick Room|p2a: Farigiraf\n|-fieldstart|move: Trick Room|[of] p2a: Farigiraf\n|\n|-heal|p2b: Ogerpon|22\/100|[from] Grassy Terrain\n|upkeep\n|turn|2\n|j| Mastrota89\n|\n|t:|1700229754\n|move|p1a: Palermo|Protect|p1a: Palermo\n|-singleturn|p1a: Palermo|Protect\n|move|p2b: Ogerpon|Follow Me|p2b: Ogerpon\n|-singleturn|p2b: Ogerpon|move: Follow Me\n|move|p2a: Farigiraf|Psyshock|p1a: Palermo\n|-activate|p1a: Palermo|move: Protect\n|move|p1b: Heatran|Substitute|p1b: Heatran\n|-start|p1b: Heatran|Substitute\n|-damage|p1b: Heatran|76\/100\n|\n|-heal|p1b: Heatran|82\/100|[from] Grassy Terrain\n|-heal|p1b: Heatran|88\/100|[from] item: Leftovers\n|-heal|p2b: Ogerpon|28\/100|[from] Grassy Terrain\n|upkeep\n|turn|3\n|\n|t:|1700229789\n|switch|p1a: PaquitoSway|Rillaboom, L50, M|100\/100\n|switch|p2b: Dragonite|Dragonite, L50, M|100\/100\n|move|p2a: Farigiraf|Psyshock|p1a: PaquitoSway\n|-damage|p1a: PaquitoSway|73\/100\n|move|p1b: Heatran|Earth Power|p2b: Dragonite\n|-immune|p2b: Dragonite\n|\n|-heal|p1b: Heatran|94\/100|[from] Grassy Terrain\n|-heal|p1b: Heatran|100\/100|[from] item: Leftovers\n|-heal|p1a: PaquitoSway|78\/100|[from] Grassy Terrain\n|upkeep\n|turn|4\n|\n|t:|1700229851\n|move|p2a: Farigiraf|Psyshock|p1a: PaquitoSway\n|-damage|p1a: PaquitoSway|51\/100\n|move|p1b: Heatran|Magma Storm|p2b: Dragonite\n|-resisted|p2b: Dragonite\n|-damage|p2b: Dragonite|76\/100\n|-activate|p2b: Dragonite|move: Magma Storm|[of] p1b: Heatran\n|move|p2b: Dragonite|Aerial Ace|p1a: PaquitoSway\n|-supereffective|p1a: PaquitoSway\n|-damage|p1a: PaquitoSway|0 fnt\n|faint|p1a: PaquitoSway\n|\n|-damage|p2b: Dragonite|64\/100|[from] move: Magma Storm|[partiallytrapped]\n|upkeep\n|\n|t:|1700229864\n|switch|p1a: MaiEnemiVGC|Flutter Mane, L50|100\/100\n|-enditem|p1a: MaiEnemiVGC|Booster Energy\n|-activate|p1a: MaiEnemiVGC|ability: Protosynthesis|[fromitem]\n|-start|p1a: MaiEnemiVGC|protosynthesisspa\n|turn|5\n|\n|t:|1700229922\n|move|p1a: MaiEnemiVGC|Protect|p1a: MaiEnemiVGC\n|-singleturn|p1a: MaiEnemiVGC|Protect\n|move|p2a: Farigiraf|Psyshock|p1b: Heatran\n|-resisted|p1b: Heatran\n|-activate|p1b: Heatran|move: Substitute|[damage]\n|move|p1b: Heatran|Magma Storm|p2a: Farigiraf\n|-damage|p2a: Farigiraf|50\/100\n|-activate|p2a: Farigiraf|move: Magma Storm|[of] p1b: Heatran\n|move|p2b: Dragonite|Aerial Ace|p1b: Heatran\n|-resisted|p1b: Heatran\n|-crit|p1b: Heatran\n|-end|p1b: Heatran|Substitute\n|\n|-heal|p2a: Farigiraf|56\/100|[from] Grassy Terrain\n|-damage|p2a: Farigiraf|44\/100|[from] move: Magma Storm|[partiallytrapped]\n|-damage|p2b: Dragonite|51\/100|[from] move: Magma Storm|[partiallytrapped]\n|-fieldend|move: Trick Room\n|-fieldend|move: Grassy Terrain\n|upkeep\n|turn|6\n|j| Crudo de fava\n|\n|t:|1700230067\n|-terastallize|p2b: Dragonite|Normal\n|move|p2a: Farigiraf|Helping Hand|p2b: Dragonite\n|-singleturn|p2b: Dragonite|Helping Hand|[of] p2a: Farigiraf\n|move|p1a: MaiEnemiVGC|Dazzling Gleam|p2a: Farigiraf|[spread] p2a,p2b\n|-damage|p2a: Farigiraf|9\/100\n|-damage|p2b: Dragonite|15\/100\n|move|p2b: Dragonite|Aerial Ace|p1a: MaiEnemiVGC\n|-damage|p1a: MaiEnemiVGC|0 fnt\n|faint|p1a: MaiEnemiVGC\n|-end|p1a: MaiEnemiVGC|Protosynthesis|[silent]\n|move|p1b: Heatran|Earth Power|p2a: Farigiraf\n|-damage|p2a: Farigiraf|0 fnt\n|faint|p2a: Farigiraf\n|\n|-damage|p2b: Dragonite|2\/100|[from] move: Magma Storm|[partiallytrapped]\n|upkeep\n|\n|t:|1700230081\n|switch|p1a: Palermo|Urshifu-Rapid-Strike, L50, F|100\/100\n|switch|p2a: Ogerpon|Ogerpon-Cornerstone, L50, F|28\/100\n|turn|7\n|\n|t:|1700230176\n|-terastallize|p1a: Palermo|Water\n|move|p1a: Palermo|Aqua Jet|p2a: Ogerpon\n|-damage|p2a: Ogerpon|0 fnt\n|faint|p2a: Ogerpon\n|move|p2b: Dragonite|Aerial Ace|p1a: Palermo\n|-damage|p1a: Palermo|43\/100\n|move|p1b: Heatran|Substitute|p1b: Heatran\n|-start|p1b: Heatran|Substitute\n|-damage|p1b: Heatran|76\/100\n|\n|-heal|p1b: Heatran|82\/100|[from] item: Leftovers\n|-damage|p2b: Dragonite|0 fnt|[from] move: Magma Storm|[partiallytrapped]\n|faint|p2b: Dragonite\n|upkeep\n|\n|t:|1700230181\n|switch|p2b: Ursaluna|Ursaluna-Bloodmoon, L50, M|100\/100\n|turn|8\n|\n|t:|1700230186\n|move|p1a: Palermo|Surging Strikes|p2b: Ursaluna\n|-supereffective|p2b: Ursaluna\n|-crit|p2b: Ursaluna\n|-damage|p2b: Ursaluna|55\/100\n|-supereffective|p2b: Ursaluna\n|-crit|p2b: Ursaluna\n|-damage|p2b: Ursaluna|0 fnt\n|faint|p2b: Ursaluna\n|-hitcount|p2: Ursaluna|2\n|\n|win|stecca\n|c|&|\/uhtml prompt-ryukeivgc,ryukeivgc is ready for game 2!\n|c|&|\/uhtml prompt-stecca,stecca is ready for game 2!\nBoth players are ready! Starting next match!\n|l| Crudo de fava\n|j| 2016 Hypebeast\n|l| 2016 Hypebeast\n","uploadtime":1700230192,"views":28,"p1id":"stecca","p2id":"ryukeivgc","formatid":"gen9vgc2023regulatione","rating":0,"private":0,"password":""}