{"id":"gen9vgc2023regulatione-1988416784","p1":"AvianRoseline","p2":"bulolo","format":"[Gen 9] VGC 2023 Regulation E","log":"|j|\u2606AvianRoseline\n|j|\u2606bulolo\n|t:|1699720624\n|gametype|doubles\n|player|p1|AvianRoseline|cynthia-gen4|1098\n|player|p2|bulolo|dawn-gen4pt|1191\n|teamsize|p1|6\n|teamsize|p2|6\n|gen|9\n|tier|[Gen 9] VGC 2023 Regulation E\n|rated|\n|rule|Species Clause: Limit one of each Pok\u00e9mon\n|rule|Item Clause: Limit one of each item\n|clearpoke\n|poke|p1|Landorus-Therian, L50, M|\n|poke|p1|Snorlax, L50, F|\n|poke|p1|Ogerpon-Hearthflame, L50, F|\n|poke|p1|Cresselia, L50, F|\n|poke|p1|Baxcalibur, L50, F|\n|poke|p1|Rillaboom, L50, F|\n|poke|p2|Landorus, L50, M|\n|poke|p2|Heatran, L50, M|\n|poke|p2|Espathra, L50, F|\n|poke|p2|Sableye, L50, F|\n|poke|p2|Iron Hands, L50|\n|poke|p2|Flutter Mane, L50|\n|teampreview|4\n|inactive|Battle timer is ON: inactive players will automatically lose when time's up. (requested by bulolo)\n|\n|t:|1699720656\n|start\n|switch|p1a: Support Madness|Cresselia, L50, F, shiny|100\/100\n|switch|p1b: Snoozelax|Snorlax, L50, F, shiny|100\/100\n|switch|p2a: Heatran|Heatran, L50, M|100\/100\n|switch|p2b: Sableye|Sableye, L50, F|100\/100\n|turn|1\n|\n|t:|1699720673\n|-terastallize|p2a: Heatran|Steel\n|-terastallize|p1b: Snoozelax|Fairy\n|move|p2b: Sableye|Gravity|p2b: Sableye\n|-fieldstart|move: Gravity\n|move|p2a: Heatran|Flash Cannon|p1a: Support Madness\n|-damage|p1a: Support Madness|65\/100\n|-unboost|p1a: Support Madness|spd|1\n|move|p1b: Snoozelax|Belly Drum|p1b: Snoozelax\n|-damage|p1b: Snoozelax|50\/100\n|-setboost|p1b: Snoozelax|atk|6|[from] move: Belly Drum\n|-enditem|p1b: Snoozelax|Iapapa Berry|[eat]\n|-heal|p1b: Snoozelax|84\/100|[from] item: Iapapa Berry\n|move|p1a: Support Madness|Trick Room|p1a: Support Madness\n|-fieldstart|move: Trick Room|[of] p1a: Support Madness\n|\n|upkeep\n|turn|2\n|inactive|AvianRoseline has 30 seconds left.\n|inactive|bulolo has 30 seconds left.\n|\n|t:|1699720706\n|move|p2a: Heatran|Protect|p2a: Heatran\n|-singleturn|p2a: Heatran|Protect\n|move|p2b: Sableye|Encore|p1b: Snoozelax\n|-start|p1b: Snoozelax|Encore\n|move|p1b: Snoozelax|Belly Drum||[still]\n|-fail|p1b: Snoozelax\n|move|p1a: Support Madness|Lunar Blessing|p1a: Support Madness|[spread] p1a,p1b\n|-heal|p1a: Support Madness|90\/100\n|-heal|p1b: Snoozelax|100\/100\n|\n|upkeep\n|turn|3\n|\n|t:|1699720723\n|move|p2b: Sableye|Encore|p1a: Support Madness\n|-start|p1a: Support Madness|Encore\n|-enditem|p1a: Support Madness|Mental Herb\n|-end|p1a: Support Madness|Encore\n|move|p1b: Snoozelax|Belly Drum||[still]\n|-fail|p1b: Snoozelax\n|move|p2a: Heatran|Heat Wave|p1b: Snoozelax|[spread] p1a,p1b\n|-damage|p1a: Support Madness|45\/100\n|-damage|p1b: Snoozelax|72\/100\n|move|p1a: Support Madness|Dazzling Gleam|p2b: Sableye|[spread] p2a,p2b\n|-resisted|p2a: Heatran\n|-supereffective|p2b: Sableye\n|-damage|p2a: Heatran|93\/100\n|-damage|p2b: Sableye|62\/100\n|-enditem|p2b: Sableye|Eject Button\n|\n|t:|1699720738\n|switch|p2b: Iron Hands|Iron Hands, L50|100\/100\n|\n|upkeep\n|turn|4\n|\n|t:|1699720744\n|move|p1b: Snoozelax|Belly Drum||[still]\n|-fail|p1b: Snoozelax\n|move|p2b: Iron Hands|Belly Drum|p2b: Iron Hands\n|-damage|p2b: Iron Hands|50\/100\n|-setboost|p2b: Iron Hands|atk|6|[from] move: Belly Drum\n|-enditem|p2b: Iron Hands|Sitrus Berry|[eat]\n|-heal|p2b: Iron Hands|75\/100|[from] item: Sitrus Berry\n|move|p2a: Heatran|Magma Storm|p1b: Snoozelax\n|-damage|p1b: Snoozelax|32\/100\n|-activate|p1b: Snoozelax|move: Magma Storm|[of] p2a: Heatran\n|move|p1a: Support Madness|Lunar Blessing|p1a: Support Madness|[spread] p1a,p1b\n|-heal|p1a: Support Madness|70\/100\n|-heal|p1b: Snoozelax|57\/100\n|\n|-damage|p1b: Snoozelax|45\/100|[from] move: Magma Storm|[partiallytrapped]\n|-end|p1b: Snoozelax|Encore\n|upkeep\n|turn|5\n|inactive|AvianRoseline has 30 seconds left.\n|\n|t:|1699720773\n|move|p1b: Snoozelax|Rest|p1b: Snoozelax\n|-status|p1b: Snoozelax|slp|[from] move: Rest\n|-heal|p1b: Snoozelax|100\/100 slp|[silent]\n|move|p2b: Iron Hands|Drain Punch|p1b: Snoozelax\n|-resisted|p1b: Snoozelax\n|-damage|p1b: Snoozelax|34\/100 slp\n|-heal|p2b: Iron Hands|100\/100|[from] drain|[of] p1b: Snoozelax\n|move|p2a: Heatran|Flash Cannon|p1b: Snoozelax\n|-supereffective|p1b: Snoozelax\n|-damage|p1b: Snoozelax|0 fnt\n|faint|p1b: Snoozelax\n|move|p1a: Support Madness|Lunar Blessing|p1a: Support Madness\n|-heal|p1a: Support Madness|95\/100\n|\n|-fieldend|move: Trick Room\n|-fieldend|move: Gravity\n|upkeep\n|\n|t:|1699720790\n|switch|p1b: Rockorous-Therain|Landorus-Therian, L50, M, shiny|100\/100\n|-ability|p1b: Rockorous-Therain|Intimidate|boost\n|-unboost|p2a: Heatran|atk|1\n|-unboost|p2b: Iron Hands|atk|1\n|turn|6\n|\n|t:|1699720815\n|move|p1b: Rockorous-Therain|Rock Slide|p2b: Iron Hands|[spread] p2a,p2b\n|-resisted|p2a: Heatran\n|-resisted|p2b: Iron Hands\n|-damage|p2a: Heatran|84\/100\n|-damage|p2b: Iron Hands|95\/100\n|move|p1a: Support Madness|Lunar Blessing|p1a: Support Madness|[spread] p1a,p1b\n|-heal|p1a: Support Madness|100\/100\n|move|p2a: Heatran|Flash Cannon|p1b: Rockorous-Therain\n|-damage|p1b: Rockorous-Therain|40\/100\n|-unboost|p1b: Rockorous-Therain|spd|1\n|move|p2b: Iron Hands|Drain Punch|p1a: Support Madness\n|-resisted|p1a: Support Madness\n|-damage|p1a: Support Madness|53\/100\n|-heal|p2b: Iron Hands|100\/100|[from] drain|[of] p1a: Support Madness\n|\n|upkeep\n|turn|7\n|\n|t:|1699720836\n|switch|p1b: Covid burner|Ogerpon-Hearthflame, L50, F|100\/100\n|-ability|p1b: Covid burner|Mold Breaker\n|move|p1a: Support Madness|Lunar Blessing|p1a: Support Madness|[spread] p1a,p1b\n|-heal|p1a: Support Madness|78\/100\n|move|p2a: Heatran|Flash Cannon|p1b: Covid burner\n|-resisted|p1b: Covid burner\n|-damage|p1b: Covid burner|69\/100\n|move|p2b: Iron Hands|Thunder Punch|p1a: Support Madness\n|-damage|p1a: Support Madness|0 fnt\n|faint|p1a: Support Madness\n|\n|upkeep\n|\n|t:|1699720852\n|switch|p1a: Rockorous-Therain|Landorus-Therian, L50, M, shiny|40\/100\n|-ability|p1a: Rockorous-Therain|Intimidate|boost\n|-unboost|p2a: Heatran|atk|1\n|-unboost|p2b: Iron Hands|atk|1\n|turn|8\n|\n|t:|1699720872\n|move|p1a: Rockorous-Therain|Rock Slide|p2b: Iron Hands|[spread] p2a,p2b\n|-resisted|p2a: Heatran\n|-resisted|p2b: Iron Hands\n|-damage|p2a: Heatran|76\/100\n|-damage|p2b: Iron Hands|95\/100\n|move|p1b: Covid burner|Play Rough|p2b: Iron Hands\n|-supereffective|p2b: Iron Hands\n|-damage|p2b: Iron Hands|44\/100\n|cant|p2a: Heatran|flinch\n|cant|p2b: Iron Hands|flinch\n|\n|upkeep\n|turn|9\n|\n|t:|1699720888\n|move|p2b: Iron Hands|Detect|p2b: Iron Hands\n|-singleturn|p2b: Iron Hands|Protect\n|move|p1a: Rockorous-Therain|Rock Slide|p2a: Heatran|[spread] p2a\n|-activate|p2b: Iron Hands|move: Protect\n|-resisted|p2a: Heatran\n|-damage|p2a: Heatran|68\/100\n|move|p1b: Covid burner|Play Rough|p2b: Iron Hands\n|-activate|p2b: Iron Hands|move: Protect\n|move|p2a: Heatran|Magma Storm|p1b: Covid burner|[miss]\n|-miss|p2a: Heatran|p1b: Covid burner\n|\n|upkeep\n|turn|10\n|\n|t:|1699720911\n|move|p1a: Rockorous-Therain|Rock Slide|p2a: Heatran|[spread] p2a\n|-miss|p1a: Rockorous-Therain|p2b: Iron Hands\n|-resisted|p2a: Heatran\n|-damage|p2a: Heatran|59\/100\n|move|p1b: Covid burner|Play Rough|p2b: Iron Hands\n|-supereffective|p2b: Iron Hands\n|-damage|p2b: Iron Hands|0 fnt\n|faint|p2b: Iron Hands\n|-end|p2b: Iron Hands|Quark Drive|[silent]\n|move|p2a: Heatran|Magma Storm|p1b: Covid burner\n|-damage|p1b: Covid burner|11\/100\n|-activate|p1b: Covid burner|move: Magma Storm|[of] p2a: Heatran\n|\n|-damage|p1b: Covid burner|0 fnt|[from] move: Magma Storm|[partiallytrapped]\n|faint|p1b: Covid burner\n|upkeep\n|\n|t:|1699720925\n|switch|p2b: Flutter Mane|Flutter Mane, L50|100\/100\n|-enditem|p2b: Flutter Mane|Booster Energy\n|-activate|p2b: Flutter Mane|ability: Protosynthesis|[fromitem]\n|-start|p2b: Flutter Mane|protosynthesisspa\n|turn|11\n|\n|t:|1699720932\n|move|p1a: Rockorous-Therain|Rock Slide|p2a: Heatran|[spread] p2a,p2b\n|-resisted|p2a: Heatran\n|-damage|p2a: Heatran|50\/100\n|-damage|p2b: Flutter Mane|72\/100\n|move|p2b: Flutter Mane|Moonblast|p1a: Rockorous-Therain\n|-damage|p1a: Rockorous-Therain|0 fnt\n|faint|p1a: Rockorous-Therain\n|\n|win|bulolo\n|raw|AvianRoseline's rating: 1098 &rarr; <strong>1080<\/strong><br \/>(-18 for losing)\n|raw|bulolo's rating: 1191 &rarr; <strong>1209<\/strong><br \/>(+18 for winning)\n|l|\u2606bulolo\n|l|\u2606AvianRoseline\n|j|\u2606AvianRoseline\n|player|p1|AvianRoseline|cynthia-gen4\n","uploadtime":1699721010,"views":17,"p1id":"avianroseline","p2id":"bulolo","formatid":"gen9vgc2023regulatione","rating":1080,"private":0,"password":""}