{"id":"gen9vgc2023regulatione-1995966601","p1":"Senpai_1987","p2":"pancho.totem","format":"[Gen 9] VGC 2023 Regulation E","log":"|j|\u2606Senpai_1987\n|j|\u2606pancho.totem\n|t:|1700623067\n|gametype|doubles\n|player|p1|Senpai_1987|hexmaniac-gen6|1295\n|player|p2|pancho.totem|1|1395\n|teamsize|p1|6\n|teamsize|p2|6\n|gen|9\n|tier|[Gen 9] VGC 2023 Regulation E\n|rated|\n|rule|Species Clause: Limit one of each Pok\u00e9mon\n|rule|Item Clause: Limit one of each item\n|clearpoke\n|poke|p1|Iron Hands, L50|\n|poke|p1|Flutter Mane, L50|\n|poke|p1|Sinistcha-Masterpiece, L50|\n|poke|p1|Arcanine-Hisui, L50, F|\n|poke|p1|Urshifu-*, L50, F|\n|poke|p1|Ting-Lu, L50|\n|poke|p2|Tornadus, L50, M|\n|poke|p2|Baxcalibur, L50, M|\n|poke|p2|Sinistcha, L50|\n|poke|p2|Empoleon, L50, M|\n|poke|p2|Ogerpon-Hearthflame, L50, F|\n|poke|p2|Sandy Shocks, L50|\n|teampreview|4\n|\n|t:|1700623093\n|start\n|switch|p1a: Moose|Ting-Lu, L50|100\/100\n|switch|p1b: Man|Iron Hands, L50|100\/100\n|switch|p2a: Tornadus|Tornadus, L50, M|100\/100\n|switch|p2b: Baxcalibur|Baxcalibur, L50, M|100\/100\n|-ability|p1a: Moose|Vessel of Ruin\n|turn|1\n|\n|t:|1700623117\n|move|p2b: Baxcalibur|Protect|p2b: Baxcalibur\n|-singleturn|p2b: Baxcalibur|Protect\n|move|p1a: Moose|Protect|p1a: Moose\n|-singleturn|p1a: Moose|Protect\n|move|p2a: Tornadus|Bleakwind Storm|p1b: Man|[spread] p1b\n|-activate|p1a: Moose|move: Protect\n|-damage|p1b: Man|88\/100\n|-unboost|p1b: Man|spe|1\n|move|p1b: Man|Drain Punch|p2b: Baxcalibur\n|-activate|p2b: Baxcalibur|move: Protect\n|\n|upkeep\n|turn|2\n|\n|t:|1700623155\n|switch|p2a: Empoleon|Empoleon, L50, M|100\/100\n|-terastallize|p2b: Baxcalibur|Poison\n|move|p2b: Baxcalibur|Icicle Spear|p1a: Moose\n|-supereffective|p1a: Moose\n|-damage|p1a: Moose|84\/100\n|-supereffective|p1a: Moose\n|-damage|p1a: Moose|65\/100\n|-supereffective|p1a: Moose\n|-damage|p1a: Moose|47\/100\n|-supereffective|p1a: Moose\n|-damage|p1a: Moose|29\/100\n|-hitcount|p1a: Moose|4\n|move|p1a: Moose|Fissure|p2b: Baxcalibur\n|-damage|p2b: Baxcalibur|0 fnt\n|faint|p2b: Baxcalibur\n|-ohko\n|move|p1b: Man|Wild Charge|p2a: Empoleon\n|-supereffective|p2a: Empoleon\n|-damage|p2a: Empoleon|13\/100\n|-damage|p1b: Man|70\/100|[from] Recoil\n|\n|-heal|p1a: Moose|35\/100|[from] item: Leftovers\n|upkeep\n|\n|t:|1700623176\n|switch|p2b: Sinistcha|Sinistcha, L50|100\/100\n|-heal|p2a: Empoleon|37\/100|[from] ability: Hospitality|[of] p2b: Sinistcha\n|turn|3\n|inactive|Battle timer is ON: inactive players will automatically lose when time's up. (requested by Senpai_1987)\n|\n|t:|1700623222\n|-end|p1b: Man|Quark Drive|[silent]\n|switch|p1b: Tea|Sinistcha-Masterpiece, L50|100\/100\n|-heal|p1a: Moose|60\/100|[from] ability: Hospitality|[of] p1b: Tea\n|move|p1a: Moose|Protect|p1a: Moose\n|-singleturn|p1a: Moose|Protect\n|move|p2b: Sinistcha|Matcha Gotcha|p1a: Moose|[spread] p1b\n|-activate|p1a: Moose|move: Protect\n|-resisted|p1b: Tea\n|-damage|p1b: Tea|89\/100\n|move|p2a: Empoleon|Chilling Water|p1a: Moose\n|-activate|p1a: Moose|move: Protect\n|\n|-heal|p1a: Moose|66\/100|[from] item: Leftovers\n|upkeep\n|turn|4\n|inactive|pancho.totem has 30 seconds left.\n|\n|t:|1700623247\n|switch|p2a: Tornadus|Tornadus, L50, M|100\/100\n|move|p2b: Sinistcha|Matcha Gotcha|p1b: Tea|[spread] p1a\n|-miss|p2b: Sinistcha|p1b: Tea\n|-supereffective|p1a: Moose\n|-damage|p1a: Moose|47\/100\n|move|p1b: Tea|Life Dew|p1b: Tea|[spread] p1a,p1b\n|-heal|p1a: Moose|72\/100\n|-heal|p1b: Tea|100\/100\n|move|p1a: Moose|Throat Chop|p2b: Sinistcha\n|-supereffective|p2b: Sinistcha\n|-damage|p2b: Sinistcha|45\/100\n|-start|p2b: Sinistcha|Throat Chop|[silent]\n|-enditem|p2b: Sinistcha|Sitrus Berry|[eat]\n|-heal|p2b: Sinistcha|70\/100|[from] item: Sitrus Berry\n|\n|-heal|p1a: Moose|78\/100|[from] item: Leftovers\n|upkeep\n|turn|5\n|\n|t:|1700623272\n|switch|p2b: Empoleon|Empoleon, L50, M|37\/100\n|switch|p1b: Man|Iron Hands, L50|70\/100\n|move|p1a: Moose|Protect|p1a: Moose\n|-singleturn|p1a: Moose|Protect\n|move|p2a: Tornadus|Bleakwind Storm|p1a: Moose|[spread] p1b\n|-activate|p1a: Moose|move: Protect\n|-damage|p1b: Man|56\/100\n|\n|-heal|p1a: Moose|84\/100|[from] item: Leftovers\n|upkeep\n|turn|6\n|\n|t:|1700623294\n|switch|p2b: Sinistcha|Sinistcha, L50|70\/100\n|move|p2a: Tornadus|Bleakwind Storm|p1a: Moose|[spread] p1a,p1b\n|-damage|p1a: Moose|71\/100\n|-damage|p1b: Man|42\/100\n|-unboost|p1a: Moose|spe|1\n|move|p1b: Man|Wild Charge|p2a: Tornadus\n|-supereffective|p2a: Tornadus\n|-damage|p2a: Tornadus|0 fnt\n|faint|p2a: Tornadus\n|-damage|p1b: Man|24\/100|[from] Recoil\n|move|p1a: Moose|Stomping Tantrum|p2b: Sinistcha\n|-resisted|p2b: Sinistcha\n|-damage|p2b: Sinistcha|58\/100\n|\n|-heal|p1a: Moose|78\/100|[from] item: Leftovers\n|upkeep\n|\n|t:|1700623309\n|switch|p2a: Empoleon|Empoleon, L50, M|37\/100\n|turn|7\n|\n|t:|1700623320\n|-end|p1b: Man|Quark Drive|[silent]\n|switch|p1b: Tea|Sinistcha-Masterpiece, L50|100\/100\n|-heal|p1a: Moose|100\/100|[from] ability: Hospitality|[of] p1b: Tea\n|move|p2a: Empoleon|Vacuum Wave|p1a: Moose\n|-supereffective|p1a: Moose\n|-damage|p1a: Moose|91\/100\n|move|p2b: Sinistcha|Matcha Gotcha|p1a: Moose|[spread] p1a,p1b\n|-supereffective|p1a: Moose\n|-resisted|p1b: Tea\n|-damage|p1a: Moose|71\/100\n|-heal|p2b: Sinistcha|72\/100|[from] drain|[of] p1a: Moose\n|-damage|p1b: Tea|90\/100\n|-heal|p2b: Sinistcha|78\/100|[from] drain|[of] p1b: Tea\n|move|p1a: Moose|Stomping Tantrum|p2a: Empoleon\n|-supereffective|p2a: Empoleon\n|-damage|p2a: Empoleon|0 fnt\n|faint|p2a: Empoleon\n|\n|-heal|p1a: Moose|78\/100|[from] item: Leftovers\n|upkeep\n|turn|8\n|-message|pancho.totem forfeited.\n|\n|win|Senpai_1987\n|raw|Senpai_1987's rating: 1295 &rarr; <strong>1327<\/strong><br \/>(+32 for winning)\n|raw|pancho.totem's rating: 1395 &rarr; <strong>1369<\/strong><br \/>(-26 for losing)\n|l|\u2606pancho.totem\n","uploadtime":1700623345,"views":6,"p1id":"senpai1987","p2id":"panchototem","formatid":"gen9vgc2023regulatione","rating":1327,"private":0,"password":""}