{"id":"gen9vgc2023regulatione-1991614751","p1":"kogetsukun","p2":"Nehehkhara666","format":"[Gen 9] VGC 2023 Regulation E","log":"|j|\u2606kogetsukun\n|j|\u2606Nehehkhara666\n|t:|1700094433\n|gametype|doubles\n|player|p1|kogetsukun|acetrainer-gen4dp|\n|player|p2|Nehehkhara666|koga|\n|teamsize|p1|6\n|teamsize|p2|6\n|gen|9\n|tier|[Gen 9] VGC 2023 Regulation E\n|rated|Tournament battle\n|rule|Species Clause: Limit one of each Pok\u00e9mon\n|rule|Item Clause: Limit one of each item\n|clearpoke\n|poke|p1|Meowscarada, L50, M|\n|poke|p1|Garchomp, L50, F|\n|poke|p1|Talonflame, L50, F|\n|poke|p1|Rillaboom, L50, M|\n|poke|p1|Iron Bundle, L50|\n|poke|p1|Pawmot, L50, F|\n|poke|p2|Crabominable, L50, F|\n|poke|p2|Ninetales-Alola, L50, M|\n|poke|p2|Indeedee-F, L50, F|\n|poke|p2|Cetitan, L50, M|\n|poke|p2|Sinistcha-Masterpiece, L50|\n|poke|p2|Beartic, L50, F|\n|teampreview|4\n|showteam|p1|Meowscarada||ChoiceBand|Protean|FlowerTrick,SuckerPunch,KnockOff,BrickBreak|||M|||50|,,,,,Ghost]Garchomp||AssaultVest|RoughSkin|RockSlide,DragonClaw,Earthquake,IronHead|||F|||50|,,,,,Steel]Talonflame||CovertCloak|GaleWings|Tailwind,Taunt,HeatWave,Hurricane|||F|||50|,,,,,Fire]Rillaboom||GrassySeed|GrassySurge|FakeOut,Acrobatics,WoodHammer,Protect|||M|||50|,,,,,Flying]Iron Bundle||BoosterEnergy|QuarkDrive|FreezeDry,HydroPump,IcyWind,Protect||||||50|,,,,,Ice]Pawmot||FocusSash|VoltAbsorb|DoubleShock,CloseCombat,FakeOut,Protect|||F|||50|,,,,,Electric\n|showteam|p2|Crabominable||CovertCloak|AngerPoint|IceHammer,DrainPunch,Protect,Crabhammer|||F|||50|,,,,,Water]Ninetales-Alola||LightClay|SnowWarning|AuroraVeil,DazzlingGleam,Protect,Blizzard|||M|||50|,,,,,Fairy]Indeedee-F||EjectButton|PsychicSurge|FollowMe,HelpingHand,Psychic,Protect|||F|||50|,,,,,Steel]Cetitan||SitrusBerry|ThickFat|IceSpinner,BellyDrum,IceShard,HighHorsepower|||M|||50|,,,,,Fighting]Sinistcha-Masterpiece||Leftovers|Hospitality|TrickRoom,MatchaGotcha,RagePowder,StrengthSap||||||50|,,,,,Fire]Beartic||FocusSash|SlushRush|CloseCombat,FrostBreath,Protect,IcicleCrash|||F|||50|,,,,,Dragon\n|j| EmperorIcy\n|c|\u2606Nehehkhara666|gl hf\n|c|\u2606kogetsukun|U2\n|j| It'sJustKen VGC\n|j|%Radio Free C-Side\n|\n|t:|1700094504\n|start\n|switch|p1a: Tsiporah|Talonflame, L50, F, shiny|100\/100\n|switch|p1b: Sarah|Garchomp, L50, F|100\/100\n|switch|p2a: Indeedee|Indeedee-F, L50, F|100\/100\n|switch|p2b: Ninetales|Ninetales-Alola, L50, M|100\/100\n|-weather|Snow|[from] ability: Snow Warning|[of] p2b: Ninetales\n|-fieldstart|move: Psychic Terrain|[from] ability: Psychic Surge|[of] p2a: Indeedee\n|turn|1\n|j| fishnator\n|l| fishnator\n|j| Xie Demon\n|\n|t:|1700094536\n|-terastallize|p1b: Sarah|Steel\n|move|p2a: Indeedee|Follow Me|p2a: Indeedee\n|-singleturn|p2a: Indeedee|move: Follow Me\n|move|p1a: Tsiporah|Taunt|p2a: Indeedee\n|-start|p2a: Indeedee|move: Taunt\n|move|p2b: Ninetales|Aurora Veil|p2b: Ninetales\n|-sidestart|p2: Nehehkhara666|move: Aurora Veil\n|move|p1b: Sarah|Iron Head|p2a: Indeedee\n|-damage|p2a: Indeedee|64\/100\n|-enditem|p2a: Indeedee|Eject Button\n|\n|t:|1700094550\n|switch|p2a: Cetitan|Cetitan, L50, M|100\/100\n|\n|-weather|Snow|[upkeep]\n|upkeep\n|turn|2\n|l| Xie Demon\n|l| It'sJustKen VGC\n|\n|t:|1700094583\n|switch|p2b: Beartic|Beartic, L50, F|100\/100\n|move|p1a: Tsiporah|Heat Wave|p2b: Beartic|[spread] p2a,p2b\n|-supereffective|p2a: Cetitan\n|-supereffective|p2b: Beartic\n|-damage|p2a: Cetitan|86\/100\n|-damage|p2b: Beartic|56\/100\n|move|p1b: Sarah|Iron Head|p2a: Cetitan\n|-supereffective|p2a: Cetitan\n|-damage|p2a: Cetitan|54\/100\n|move|p2a: Cetitan|High Horsepower|p1b: Sarah\n|-supereffective|p1b: Sarah\n|-damage|p1b: Sarah|55\/100\n|-damage|p2a: Cetitan|42\/100|[from] ability: Rough Skin|[of] p1b: Sarah\n|-enditem|p2a: Cetitan|Sitrus Berry|[eat]\n|-heal|p2a: Cetitan|67\/100|[from] item: Sitrus Berry\n|\n|-weather|Snow|[upkeep]\n|upkeep\n|turn|3\n|j| Cdogp\n|l| Cdogp\n|j| ale cog\n|j| Flarefox_7\n|j| moonybunny\n|\n|t:|1700094659\n|move|p2b: Beartic|Close Combat|p1b: Sarah\n|-supereffective|p1b: Sarah\n|-damage|p1b: Sarah|0 fnt\n|-unboost|p2b: Beartic|def|1\n|-unboost|p2b: Beartic|spd|1\n|-damage|p2b: Beartic|43\/100|[from] ability: Rough Skin|[of] p1b: Sarah\n|faint|p1b: Sarah\n|move|p1a: Tsiporah|Heat Wave|p2a: Cetitan|[spread] p2a,p2b\n|-supereffective|p2a: Cetitan\n|-supereffective|p2b: Beartic\n|-damage|p2a: Cetitan|51\/100\n|-damage|p2b: Beartic|0 fnt\n|faint|p2b: Beartic\n|move|p2a: Cetitan|Ice Spinner|p1a: Tsiporah\n|-damage|p1a: Tsiporah|47\/100\n|-fieldend|move: Psychic Terrain\n|\n|-weather|Snow|[upkeep]\n|upkeep\n|\n|t:|1700094679\n|switch|p1b: Akwei|Pawmot, L50, F|100\/100\n|switch|p2b: Indeedee|Indeedee-F, L50, F|64\/100\n|-fieldstart|move: Psychic Terrain|[from] ability: Psychic Surge|[of] p2b: Indeedee\n|turn|4\n|\n|t:|1700094706\n|move|p1b: Akwei|Protect|p1b: Akwei\n|-singleturn|p1b: Akwei|Protect\n|move|p2b: Indeedee|Follow Me|p2b: Indeedee\n|-singleturn|p2b: Indeedee|move: Follow Me\n|move|p1a: Tsiporah|Taunt|p2b: Indeedee\n|-start|p2b: Indeedee|move: Taunt\n|move|p2a: Cetitan|Ice Spinner|p1b: Akwei\n|-activate|p1b: Akwei|move: Protect\n|\n|-weather|Snow|[upkeep]\n|upkeep\n|turn|5\n|\n|t:|1700094726\n|move|p1a: Tsiporah|Heat Wave|p2b: Indeedee|[spread] p2a,p2b\n|-supereffective|p2a: Cetitan\n|-damage|p2a: Cetitan|33\/100\n|-damage|p2b: Indeedee|47\/100\n|move|p1b: Akwei|Close Combat|p2a: Cetitan\n|-supereffective|p2a: Cetitan\n|-damage|p2a: Cetitan|0 fnt\n|-unboost|p1b: Akwei|def|1\n|-unboost|p1b: Akwei|spd|1\n|faint|p2a: Cetitan\n|move|p2b: Indeedee|Psychic|p1b: Akwei\n|-supereffective|p1b: Akwei\n|-enditem|p1b: Akwei|Focus Sash\n|-damage|p1b: Akwei|1\/100\n|\n|-weather|none\n|upkeep\n|\n|t:|1700094738\n|switch|p2a: Ninetales|Ninetales-Alola, L50, M|100\/100\n|-weather|Snow|[from] ability: Snow Warning|[of] p2a: Ninetales\n|turn|6\n|j| It'sJustKen VGC\n|j| Potatoman29\n|j| fishnator\n|l| fishnator\n|\n|t:|1700094821\n|move|p1a: Tsiporah|Heat Wave|p2b: Indeedee|[spread] p2a,p2b\n|-supereffective|p2a: Ninetales\n|-damage|p2a: Ninetales|61\/100\n|-damage|p2b: Indeedee|32\/100\n|move|p2a: Ninetales|Blizzard|p1b: Akwei|[spread] p1a,p1b\n|-damage|p1a: Tsiporah|4\/100\n|-damage|p1b: Akwei|0 fnt\n|faint|p1b: Akwei\n|move|p2b: Indeedee|Psychic|p1a: Tsiporah\n|-damage|p1a: Tsiporah|0 fnt\n|faint|p1a: Tsiporah\n|\n|-weather|Snow|[upkeep]\n|upkeep\n|j| Xie Demon\n|\n|t:|1700094855\n|switch|p1b: HaHatuli|Meowscarada, L50, M|100\/100\n|turn|7\n|l| Flarefox_7\n|\n|t:|1700094878\n|move|p2a: Ninetales|Protect|p2a: Ninetales\n|-singleturn|p2a: Ninetales|Protect\n|move|p1b: HaHatuli|Flower Trick|p2a: Ninetales\n|-start|p1b: HaHatuli|typechange|Grass|[from] ability: Protean\n|-activate|p2a: Ninetales|move: Protect\n|move|p2b: Indeedee|Psychic|p1b: HaHatuli\n|-damage|p1b: HaHatuli|27\/100\n|\n|-weather|Snow|[upkeep]\n|-end|p2b: Indeedee|move: Taunt\n|upkeep\n|turn|8\n|l| moonybunny\n|c|\u2606kogetsukun|GG\n|\n|t:|1700094896\n|move|p1b: HaHatuli|Flower Trick|p2a: Ninetales\n|-crit|p2a: Ninetales\n|-damage|p2a: Ninetales|0 fnt\n|faint|p2a: Ninetales\n|move|p2b: Indeedee|Psychic|p1b: HaHatuli\n|-damage|p1b: HaHatuli|0 fnt\n|faint|p1b: HaHatuli\n|\n|win|Nehehkhara666\n|n|\u2606kogetsukun|kogetsukun\n|n|\u2606Nehehkhara666|nehehkhara666\n|n| EmperorIcy|emperoricy\n|n| Radio Free C-Side|radiofreecside\n|n| ale cog|alecog\n|n| It'sJustKen VGC|itsjustkenvgc\n|n| Potatoman29|potatoman29\n|n| Xie Demon|xiedemon\n","uploadtime":1700094897,"views":7,"p1id":"kogetsukun","p2id":"nehehkhara666","formatid":"gen9vgc2023regulatione","rating":0,"private":0,"password":""}