{"id":"gen9vgc2023regulatione-1992296391","p1":"jchh23","p2":"Joull","format":"[Gen 9] VGC 2023 Regulation E","log":"|j|\u2606jchh23\n|j|\u2606Joull\n|t:|1700171993\n|gametype|doubles\n|player|p1|jchh23|102|1087\n|player|p2|Joull|psychic-gen2|1003\n|teamsize|p1|6\n|teamsize|p2|6\n|gen|9\n|tier|[Gen 9] VGC 2023 Regulation E\n|rated|\n|rule|Species Clause: Limit one of each Pok\u00e9mon\n|rule|Item Clause: Limit one of each item\n|clearpoke\n|poke|p1|Landorus-Therian, L50, M|\n|poke|p1|Sinistcha, L50|\n|poke|p1|Ribombee, L50, M|\n|poke|p1|Ogerpon-Hearthflame, L50, F|\n|poke|p1|Polteageist, L50|\n|poke|p1|Farigiraf, L50, F|\n|poke|p2|Arcanine-Hisui, L50, M|\n|poke|p2|Rillaboom, L50, M|\n|poke|p2|Flutter Mane, L50|\n|poke|p2|Urshifu-*, L50, M|\n|poke|p2|Pachirisu, L50, F|\n|poke|p2|Hydreigon, L50, F|\n|teampreview|4\n|inactive|Battle timer is ON: inactive players will automatically lose when time's up. (requested by jchh23)\n|inactive|jchh23 has 60 seconds left.\n|\n|t:|1700172040\n|start\n|switch|p1a: Ribombee|Ribombee, L50, M|100\/100\n|switch|p1b: Farigiraf|Farigiraf, L50, F|100\/100\n|switch|p2a: Pachirisu|Pachirisu, L50, F, shiny|100\/100\n|switch|p2b: Hydreigon|Hydreigon, L50, F, shiny|100\/100\n|turn|1\n|\n|t:|1700172052\n|move|p2b: Hydreigon|Dark Pulse|p1b: Farigiraf\n|-supereffective|p1b: Farigiraf\n|-damage|p1b: Farigiraf|24\/100\n|move|p2a: Pachirisu|Nuzzle|p1a: Ribombee\n|-damage|p1a: Ribombee|92\/100\n|move|p1a: Ribombee|Sticky Web|p2b: Hydreigon\n|-sidestart|p2: Joull|move: Sticky Web\n|move|p1b: Farigiraf|Dazzling Gleam|p2b: Hydreigon|[spread] p2a,p2b\n|-supereffective|p2b: Hydreigon\n|-damage|p2a: Pachirisu|82\/100\n|-damage|p2b: Hydreigon|24\/100\n|\n|-heal|p1a: Ribombee|98\/100|[from] item: Leftovers\n|upkeep\n|turn|2\n|inactive|jchh23 has 30 seconds left.\n|\n|t:|1700172087\n|move|p2a: Pachirisu|Follow Me|p2a: Pachirisu\n|-singleturn|p2a: Pachirisu|move: Follow Me\n|move|p2b: Hydreigon|Dark Pulse|p1b: Farigiraf\n|-supereffective|p1b: Farigiraf\n|-damage|p1b: Farigiraf|0 fnt\n|faint|p1b: Farigiraf\n|move|p1a: Ribombee|Bug Buzz|p2a: Pachirisu\n|-damage|p2a: Pachirisu|38\/100\n|\n|-heal|p1a: Ribombee|100\/100|[from] item: Leftovers\n|upkeep\n|\n|t:|1700172097\n|switch|p1b: Ogerpon|Ogerpon-Hearthflame, L50, F|100\/100\n|-ability|p1b: Ogerpon|Mold Breaker\n|turn|3\n|\n|t:|1700172110\n|switch|p2b: Arcanine|Arcanine-Hisui, L50, M|100\/100\n|-activate|p2b: Arcanine|move: Sticky Web\n|-unboost|p2b: Arcanine|spe|1\n|-ability|p2b: Arcanine|Intimidate|boost\n|-unboost|p1a: Ribombee|atk|1\n|-unboost|p1b: Ogerpon|atk|1\n|move|p1b: Ogerpon|Spiky Shield|p1b: Ogerpon\n|-singleturn|p1b: Ogerpon|move: Protect\n|move|p2a: Pachirisu|Nuzzle|p1b: Ogerpon\n|-activate|p1b: Ogerpon|move: Protect\n|-damage|p2a: Pachirisu|26\/100|[from] Spiky Shield|[of] p1b: Ogerpon\n|move|p1a: Ribombee|Moonblast|p2b: Arcanine\n|-resisted|p2b: Arcanine\n|-damage|p2b: Arcanine|80\/100\n|\n|upkeep\n|turn|4\n|inactive|jchh23 has 30 seconds left.\n|\n|t:|1700172135\n|switch|p1b: Landorus|Landorus-Therian, L50, M, shiny|100\/100\n|-ability|p1b: Landorus|Intimidate|boost\n|-unboost|p2a: Pachirisu|atk|1\n|-unboost|p2b: Arcanine|atk|1\n|move|p2a: Pachirisu|Follow Me|p2a: Pachirisu\n|-singleturn|p2a: Pachirisu|move: Follow Me\n|move|p1a: Ribombee|Moonblast|p2a: Pachirisu\n|-damage|p2a: Pachirisu|0 fnt\n|faint|p2a: Pachirisu\n|move|p2b: Arcanine|Rock Slide|p1b: Landorus|[spread] p1a,p1b\n|-supereffective|p1a: Ribombee\n|-damage|p1a: Ribombee|37\/100\n|-damage|p1b: Landorus|77\/100\n|\n|-heal|p1a: Ribombee|43\/100|[from] item: Leftovers\n|upkeep\n|\n|t:|1700172151\n|switch|p2a: Hydreigon|Hydreigon, L50, F, shiny|24\/100\n|turn|5\n|inactive|jchh23 has 30 seconds left.\n|\n|t:|1700172177\n|move|p2a: Hydreigon|Tailwind|p2a: Hydreigon\n|-sidestart|p2: Joull|move: Tailwind\n|move|p1b: Landorus|Rock Slide|p2a: Hydreigon|[spread] p2a,p2b\n|-supereffective|p2b: Arcanine\n|-damage|p2a: Hydreigon|4\/100\n|-damage|p2b: Arcanine|37\/100\n|-enditem|p2b: Arcanine|Sitrus Berry|[eat]\n|-heal|p2b: Arcanine|62\/100|[from] item: Sitrus Berry\n|move|p2b: Arcanine|Rock Slide|p1b: Landorus|[spread] p1a,p1b\n|-supereffective|p1a: Ribombee\n|-damage|p1a: Ribombee|0 fnt\n|-damage|p1b: Landorus|53\/100\n|faint|p1a: Ribombee\n|\n|upkeep\n|\n|t:|1700172187\n|switch|p1a: Ogerpon|Ogerpon-Hearthflame, L50, F|100\/100\n|-ability|p1a: Ogerpon|Mold Breaker\n|turn|6\n|\n|t:|1700172199\n|switch|p2a: Urshifu|Urshifu-Rapid-Strike, L50, M|100\/100\n|-activate|p2a: Urshifu|move: Sticky Web\n|-unboost|p2a: Urshifu|spe|1\n|move|p1a: Ogerpon|Spiky Shield|p1a: Ogerpon\n|-singleturn|p1a: Ogerpon|move: Protect\n|move|p1b: Landorus|Rock Slide|p2a: Urshifu|[spread] p2a,p2b\n|-resisted|p2a: Urshifu\n|-supereffective|p2b: Arcanine\n|-damage|p2a: Urshifu|92\/100\n|-damage|p2b: Arcanine|23\/100\n|move|p2b: Arcanine|Will-O-Wisp|p1b: Landorus\n|-status|p1b: Landorus|brn\n|\n|-damage|p1b: Landorus|47\/100 brn|[from] brn\n|upkeep\n|turn|7\n|inactive|jchh23 has 30 seconds left.\n|inactive|jchh23 has 20 seconds left.\n|inactive|jchh23 has 15 seconds left.\n|\n|t:|1700172240\n|switch|p2b: Hydreigon|Hydreigon, L50, F, shiny|4\/100\n|-terastallize|p2a: Urshifu|Water\n|-terastallize|p1b: Landorus|Rock\n|move|p2a: Urshifu|Surging Strikes|p1a: Ogerpon\n|-crit|p1a: Ogerpon\n|-damage|p1a: Ogerpon|59\/100\n|-crit|p1a: Ogerpon\n|-damage|p1a: Ogerpon|20\/100\n|-crit|p1a: Ogerpon\n|-damage|p1a: Ogerpon|0 fnt\n|faint|p1a: Ogerpon\n|-hitcount|p1: Ogerpon|3\n|move|p1b: Landorus|Rock Slide|p2a: Urshifu|[spread] p2a,p2b\n|-damage|p2a: Urshifu|78\/100\n|-damage|p2b: Hydreigon|0 fnt\n|faint|p2b: Hydreigon\n|\n|-damage|p1b: Landorus|41\/100 brn|[from] brn\n|upkeep\n|\n|t:|1700172260\n|switch|p2b: Arcanine|Arcanine-Hisui, L50, M|23\/100\n|-activate|p2b: Arcanine|move: Sticky Web\n|-unboost|p2b: Arcanine|spe|1\n|-ability|p2b: Arcanine|Intimidate|boost\n|-unboost|p1b: Landorus|atk|1\n|turn|8\n|\n|t:|1700172270\n|move|p2a: Urshifu|Aqua Jet|p1b: Landorus\n|-supereffective|p1b: Landorus\n|-damage|p1b: Landorus|0 fnt\n|faint|p1b: Landorus\n|\n|win|Joull\n|raw|jchh23's rating: 1087 &rarr; <strong>1058<\/strong><br \/>(-29 for losing)\n|raw|Joull's rating: 1003 &rarr; <strong>1052<\/strong><br \/>(+49 for winning)\n|l|\u2606jchh23\n|l|\u2606Joull\n|j|\u2606Joull\n|player|p2|Joull|psychic-gen2\n","uploadtime":1700172343,"views":14,"p1id":"jchh23","p2id":"joull","formatid":"gen9vgc2023regulatione","rating":1052,"private":0,"password":""}