{"id":"gen9vgc2023regulatione-1993546322","p1":"Renerick","p2":"Spler","format":"[Gen 9] VGC 2023 Regulation E","log":"|j|\u2606Renerick\n|j|\u2606Spler\n|t:|1700330288\n|gametype|doubles\n|player|p1|Renerick|celio|1339\n|player|p2|Spler|101|1365\n|teamsize|p1|6\n|teamsize|p2|6\n|gen|9\n|tier|[Gen 9] VGC 2023 Regulation E\n|rated|\n|rule|Species Clause: Limit one of each Pok\u00e9mon\n|rule|Item Clause: Limit one of each item\n|clearpoke\n|poke|p1|Regidrago, L50|\n|poke|p1|Gholdengo, L50|\n|poke|p1|Tornadus, L50, M|\n|poke|p1|Urshifu-*, L50, F|\n|poke|p1|Arcanine-Hisui, L50, M|\n|poke|p1|Rillaboom, L50, M|\n|poke|p2|Heatran, L50, M|\n|poke|p2|Farigiraf, L50, M|\n|poke|p2|Dragonite, L50, F|\n|poke|p2|Chien-Pao, L50|\n|poke|p2|Rillaboom, L50, F|\n|poke|p2|Urshifu-*, L50, F|\n|teampreview|4\n|inactive|Battle timer is ON: inactive players will automatically lose when time's up. (requested by Spler)\nSpler rejected open team sheets.\n|inactive|Renerick has 60 seconds left.\n|\n|t:|1700330357\n|start\n|switch|p1a: Urshifu|Urshifu-Rapid-Strike, L50, F|100\/100\n|switch|p1b: third wheel|Tornadus, L50, M|100\/100\n|switch|p2a: Dragonite|Dragonite, L50, F|100\/100\n|switch|p2b: Chien-Pao|Chien-Pao, L50|100\/100\n|-ability|p2b: Chien-Pao|Sword of Ruin\n|turn|1\n|inactive|Renerick has 30 seconds left.\n|\n|t:|1700330386\n|-terastallize|p1a: Urshifu|Poison\n|-terastallize|p2a: Dragonite|Normal\n|move|p2a: Dragonite|Extreme Speed|p1a: Urshifu\n|-damage|p1a: Urshifu|2\/100\n|move|p1b: third wheel|Rain Dance|p1b: third wheel\n|-weather|RainDance\n|move|p1a: Urshifu|Surging Strikes|p2b: Chien-Pao\n|-crit|p2b: Chien-Pao\n|-damage|p2b: Chien-Pao|55\/100\n|-crit|p2b: Chien-Pao\n|-damage|p2b: Chien-Pao|7\/100\n|-crit|p2b: Chien-Pao\n|-damage|p2b: Chien-Pao|0 fnt\n|faint|p2b: Chien-Pao\n|-hitcount|p2: Chien-Pao|3\n|\n|-weather|RainDance|[upkeep]\n|upkeep\n|\n|t:|1700330407\n|switch|p2b: Heatran|Heatran, L50, M|100\/100\n|turn|2\n|\n|t:|1700330425\n|switch|p1a: im with bro|Regidrago, L50|100\/100\n|move|p2a: Dragonite|Extreme Speed|p1a: im with bro\n|-damage|p1a: im with bro|36\/100\n|move|p1b: third wheel|Bleakwind Storm|p2a: Dragonite|[spread] p2a,p2b\n|-resisted|p2b: Heatran\n|-damage|p2a: Dragonite|73\/100\n|-damage|p2b: Heatran|91\/100\n|-unboost|p2a: Dragonite|spe|1\n|-unboost|p2b: Heatran|spe|1\n|move|p2b: Heatran|Flash Cannon|p1b: third wheel\n|-damage|p1b: third wheel|44\/100\n|\n|-weather|RainDance|[upkeep]\n|upkeep\n|turn|3\n|\n|t:|1700330444\n|move|p1a: im with bro|Protect|p1a: im with bro\n|-singleturn|p1a: im with bro|Protect\n|move|p2a: Dragonite|Extreme Speed|p1a: im with bro\n|-activate|p1a: im with bro|move: Protect\n|move|p1b: third wheel|Bleakwind Storm|p2a: Dragonite|[spread] p2a,p2b\n|-resisted|p2b: Heatran\n|-damage|p2a: Dragonite|46\/100\n|-damage|p2b: Heatran|82\/100\n|move|p2b: Heatran|Flash Cannon|p1b: third wheel\n|-damage|p1b: third wheel|0 fnt\n|faint|p1b: third wheel\n|\n|-weather|RainDance|[upkeep]\n|upkeep\n|\n|t:|1700330453\n|switch|p1b: Rillaboom|Rillaboom, L50, M|100\/100\n|-fieldstart|move: Grassy Terrain|[from] ability: Grassy Surge|[of] p1b: Rillaboom\n|turn|4\n|\n|t:|1700330471\n|switch|p2a: Farigiraf|Farigiraf, L50, M|100\/100\n|move|p1a: im with bro|Protect|p1a: im with bro\n|-singleturn|p1a: im with bro|Protect\n|move|p1b: Rillaboom|Wood Hammer|p2a: Farigiraf\n|-damage|p2a: Farigiraf|32\/100\n|-damage|p1b: Rillaboom|84\/100|[from] item: Rocky Helmet|[of] p2a: Farigiraf\n|-damage|p1b: Rillaboom|59\/100|[from] Recoil\n|move|p2b: Heatran|Flash Cannon|p1a: im with bro\n|-activate|p1a: im with bro|move: Protect\n|\n|-weather|RainDance|[upkeep]\n|-heal|p1a: im with bro|42\/100|[from] Grassy Terrain\n|-heal|p1b: Rillaboom|65\/100|[from] Grassy Terrain\n|-heal|p2a: Farigiraf|38\/100|[from] Grassy Terrain\n|-heal|p2b: Heatran|88\/100|[from] Grassy Terrain\n|upkeep\n|turn|5\n|inactive|Renerick has 30 seconds left.\n|inactive|Spler has 30 seconds left.\n|inactive|Renerick has 20 seconds left.\n|\n|t:|1700330508\n|move|p1a: im with bro|Earth Power|p2b: Heatran\n|-supereffective|p2b: Heatran\n|-damage|p2b: Heatran|23\/100\n|move|p1b: Rillaboom|U-turn|p2a: Farigiraf\n|-supereffective|p2a: Farigiraf\n|-damage|p2a: Farigiraf|0 fnt\n|-damage|p1b: Rillaboom|49\/100|[from] item: Rocky Helmet|[of] p2a: Farigiraf\n|faint|p2a: Farigiraf\n|\n|t:|1700330514\n|switch|p1b: Urshifu|Urshifu-Rapid-Strike, L50, F, tera:Poison|2\/100|[from] U-turn\n|move|p2b: Heatran|Flash Cannon|p1a: im with bro\n|-damage|p1a: im with bro|0 fnt\n|faint|p1a: im with bro\n|\n|-weather|none\n|-heal|p1b: Urshifu|8\/100|[from] Grassy Terrain\n|-heal|p2b: Heatran|29\/100|[from] Grassy Terrain\n|upkeep\n|\n|t:|1700330527\n|switch|p1a: Rillaboom|Rillaboom, L50, M|49\/100\n|switch|p2a: Dragonite|Dragonite, L50, F, tera:Normal|46\/100\n|turn|6\n|\n|t:|1700330551\n|move|p1a: Rillaboom|Fake Out|p2a: Dragonite\n|-damage|p2a: Dragonite|30\/100\n|move|p2a: Dragonite|Extreme Speed|p1b: Urshifu\n|-damage|p1b: Urshifu|0 fnt\n|faint|p1b: Urshifu\n|move|p2b: Heatran|Heat Wave|p1a: Rillaboom\n|-supereffective|p1a: Rillaboom\n|-crit|p1a: Rillaboom\n|-damage|p1a: Rillaboom|0 fnt\n|faint|p1a: Rillaboom\n|\n|win|Spler\n|raw|Renerick's rating: 1339 &rarr; <strong>1320<\/strong><br \/>(-19 for losing)\n|raw|Spler's rating: 1365 &rarr; <strong>1384<\/strong><br \/>(+19 for winning)\n|l|\u2606Renerick\n","uploadtime":1700330571,"views":7,"p1id":"renerick","p2id":"spler","formatid":"gen9vgc2023regulatione","rating":1320,"private":0,"password":""}