{"id":"gen9vgc2023regulatione-1988217354","p1":"Weylin3001","p2":"JayoticNL","format":"[Gen 9] VGC 2023 Regulation E","log":"|j|\u2606Weylin3001\n|j|\u2606JayoticNL\n|t:|1699687344\n|gametype|doubles\n|player|p1|Weylin3001|gambler|1541\n|player|p2|JayoticNL|169|1663\n|teamsize|p1|6\n|teamsize|p2|6\n|gen|9\n|tier|[Gen 9] VGC 2023 Regulation E\n|rated|\n|rule|Species Clause: Limit one of each Pok\u00e9mon\n|rule|Item Clause: Limit one of each item\n|clearpoke\n|poke|p1|Tornadus, L50, M|\n|poke|p1|Arcanine-Hisui, L50, M|\n|poke|p1|Iron Hands, L50|\n|poke|p1|Gholdengo, L50|\n|poke|p1|Urshifu-*, L50, M|\n|poke|p1|Ogerpon-Wellspring, L50, F|\n|poke|p2|Glimmora, L50, F|\n|poke|p2|Tinkaton, L50, F|\n|poke|p2|Bronzong, L50|\n|poke|p2|Ursaluna, L50, M|\n|poke|p2|Milotic, L50, F|\n|poke|p2|Dragonite, L50, M|\n|teampreview|4\n|inactive|Battle timer is ON: inactive players will automatically lose when time's up. (requested by Weylin3001)\n|inactive|Weylin3001 has 60 seconds left.\n|inactive|Weylin3001 has 30 seconds left.\n|\n|t:|1699687411\n|start\n|switch|p1a: Tornadus|Tornadus, L50, M|100\/100\n|switch|p1b: Iron Hands|Iron Hands, L50|100\/100\n|switch|p2a: Bronzong|Bronzong, L50|100\/100\n|switch|p2b: Tinkaton|Tinkaton, L50, F|100\/100\n|-ability|p2b: Tinkaton|Mold Breaker\n|turn|1\n|\n|t:|1699687436\n|move|p2b: Tinkaton|Fake Out|p1b: Iron Hands\n|-damage|p1b: Iron Hands|96\/100\n|cant|p1b: Iron Hands|flinch\n|move|p1a: Tornadus|Taunt|p2a: Bronzong\n|-start|p2a: Bronzong|move: Taunt\n|cant|p2a: Bronzong|move: Taunt|Trick Room\n|\n|upkeep\n|turn|2\n|\n|t:|1699687457\n|move|p1a: Tornadus|Bleakwind Storm|p2a: Bronzong|[spread] p2a,p2b\n|-resisted|p2a: Bronzong\n|-resisted|p2b: Tinkaton\n|-damage|p2a: Bronzong|87\/100\n|-damage|p2b: Tinkaton|93\/100\n|-unboost|p2a: Bronzong|spe|1\n|move|p2b: Tinkaton|Brutal Swing|p1b: Iron Hands|[spread] p2a,p1a,p1b\n|-supereffective|p2a: Bronzong\n|-resisted|p1b: Iron Hands\n|-damage|p2a: Bronzong|74\/100\n|-damage|p1a: Tornadus|90\/100\n|-damage|p1b: Iron Hands|93\/100\n|-enditem|p2a: Bronzong|Weakness Policy\n|-boost|p2a: Bronzong|atk|2|[from] item: Weakness Policy\n|-boost|p2a: Bronzong|spa|2|[from] item: Weakness Policy\n|move|p1b: Iron Hands|Drain Punch|p2a: Bronzong\n|-damage|p2a: Bronzong|42\/100\n|-heal|p1b: Iron Hands|100\/100|[from] drain|[of] p2a: Bronzong\n|move|p2a: Bronzong|Rock Slide|p1b: Iron Hands|[spread] p1a,p1b\n|-supereffective|p1a: Tornadus\n|-resisted|p1b: Iron Hands\n|-damage|p1a: Tornadus|28\/100\n|-damage|p1b: Iron Hands|93\/100\n|\n|upkeep\n|turn|3\n|inactive|JayoticNL has 30 seconds left.\n|\n|t:|1699687487\n|switch|p1a: Arcanine|Arcanine-Hisui, L50, M|100\/100\n|-ability|p1a: Arcanine|Intimidate|boost\n|-unboost|p2a: Bronzong|atk|1\n|-unboost|p2b: Tinkaton|atk|1\n|move|p2b: Tinkaton|Play Rough|p1b: Iron Hands\n|-supereffective|p1b: Iron Hands\n|-damage|p1b: Iron Hands|73\/100\n|move|p1b: Iron Hands|Drain Punch|p2a: Bronzong\n|-damage|p2a: Bronzong|11\/100\n|-heal|p1b: Iron Hands|84\/100|[from] drain|[of] p2a: Bronzong\n|move|p2a: Bronzong|Rock Slide|p1b: Iron Hands|[spread] p1a,p1b\n|-supereffective|p1a: Arcanine\n|-resisted|p1b: Iron Hands\n|-damage|p1a: Arcanine|56\/100\n|-damage|p1b: Iron Hands|78\/100\n|\n|-end|p2a: Bronzong|move: Taunt\n|upkeep\n|turn|4\n|\n|t:|1699687503\n|-terastallize|p2b: Tinkaton|Water\n|move|p2a: Bronzong|Protect|p2a: Bronzong\n|-singleturn|p2a: Bronzong|Protect\n|move|p1a: Arcanine|Flare Blitz|p2b: Tinkaton\n|-resisted|p2b: Tinkaton\n|-damage|p2b: Tinkaton|48\/100\n|-damage|p1a: Arcanine|41\/100|[from] Recoil\n|move|p2b: Tinkaton|Gigaton Hammer|p1a: Arcanine\n|-damage|p1a: Arcanine|4\/100\n|move|p1b: Iron Hands|Drain Punch|p2a: Bronzong\n|-activate|p2a: Bronzong|move: Protect\n|\n|upkeep\n|turn|5\n|j| kegidorocts\n|inactive|JayoticNL has 30 seconds left.\n|\n|t:|1699687529\n|switch|p2b: Ursaluna|Ursaluna, L50, M|100\/100\n|move|p1a: Arcanine|Flare Blitz|p2a: Bronzong\n|-supereffective|p2a: Bronzong\n|-damage|p2a: Bronzong|0 fnt\n|faint|p2a: Bronzong\n|-damage|p1a: Arcanine|0 fnt|[from] Recoil\n|faint|p1a: Arcanine\n|move|p1b: Iron Hands|Wild Charge|p2b: Ursaluna\n|-immune|p2b: Ursaluna\n|\n|-status|p2b: Ursaluna|brn|[from] item: Flame Orb\n|upkeep\n|\n|t:|1699687548\n|switch|p1a: Urshifu|Urshifu-Rapid-Strike, L50, M|100\/100\n|switch|p2a: Tinkaton|Tinkaton, L50, F, tera:Water|48\/100\n|-ability|p2a: Tinkaton|Mold Breaker\n|turn|6\n|\n|t:|1699687572\n|switch|p1a: Tornadus|Tornadus, L50, M|28\/100\n|switch|p2b: Milotic|Milotic, L50, F|100\/100\n|-terastallize|p1b: Iron Hands|Grass\n|move|p2a: Tinkaton|Play Rough|p1a: Tornadus\n|-crit|p1a: Tornadus\n|-damage|p1a: Tornadus|0 fnt\n|faint|p1a: Tornadus\n|move|p1b: Iron Hands|Drain Punch|p2b: Milotic\n|-damage|p2b: Milotic|65\/100\n|-heal|p1b: Iron Hands|93\/100|[from] drain|[of] p2b: Milotic\n|\n|-heal|p2b: Milotic|71\/100|[from] item: Leftovers\n|upkeep\n|\n|t:|1699687578\n|switch|p1a: Urshifu|Urshifu-Rapid-Strike, L50, M|100\/100\n|turn|7\n|\n|t:|1699687595\n|move|p2b: Milotic|Helping Hand|p2a: Tinkaton\n|-singleturn|p2a: Tinkaton|Helping Hand|[of] p2b: Milotic\n|move|p1a: Urshifu|Close Combat|p2b: Milotic\n|-damage|p2b: Milotic|11\/100\n|-unboost|p1a: Urshifu|def|1\n|-unboost|p1a: Urshifu|spd|1\n|move|p2a: Tinkaton|Play Rough|p1a: Urshifu\n|-supereffective|p1a: Urshifu\n|-damage|p1a: Urshifu|0 fnt\n|faint|p1a: Urshifu\n|move|p1b: Iron Hands|Wild Charge|p2a: Tinkaton\n|-supereffective|p2a: Tinkaton\n|-damage|p2a: Tinkaton|0 fnt\n|faint|p2a: Tinkaton\n|-damage|p1b: Iron Hands|83\/100|[from] Recoil\n|\n|-heal|p2b: Milotic|17\/100|[from] item: Leftovers\n|upkeep\n|\n|t:|1699687613\n|switch|p2a: Ursaluna|Ursaluna, L50, M|100\/100 brn\n|turn|8\n|\n|t:|1699687618\n|move|p2b: Milotic|Ice Beam|p1b: Iron Hands\n|-supereffective|p1b: Iron Hands\n|-damage|p1b: Iron Hands|59\/100\n|move|p1b: Iron Hands|Drain Punch|p2a: Ursaluna\n|-supereffective|p2a: Ursaluna\n|-damage|p2a: Ursaluna|42\/100 brn\n|-heal|p1b: Iron Hands|88\/100|[from] drain|[of] p2a: Ursaluna\n|move|p2a: Ursaluna|Facade|p1b: Iron Hands\n|-damage|p1b: Iron Hands|13\/100\n|\n|-heal|p2b: Milotic|23\/100|[from] item: Leftovers\n|-damage|p2a: Ursaluna|36\/100 brn|[from] brn\n|upkeep\n|turn|9\n|\n|t:|1699687632\n|move|p2b: Milotic|Ice Beam|p1b: Iron Hands\n|-supereffective|p1b: Iron Hands\n|-damage|p1b: Iron Hands|0 fnt\n|faint|p1b: Iron Hands\n|-end|p1b: Iron Hands|Quark Drive|[silent]\n|\n|win|JayoticNL\n|raw|Weylin3001's rating: 1541 &rarr; <strong>1528<\/strong><br \/>(-13 for losing)\n|raw|JayoticNL's rating: 1663 &rarr; <strong>1676<\/strong><br \/>(+13 for winning)\n|l|\u2606Weylin3001\n|l| kegidorocts\n","uploadtime":1699687802,"views":27,"p1id":"weylin3001","p2id":"jayoticnl","formatid":"gen9vgc2023regulatione","rating":1528,"private":0,"password":""}