{"id":"gen9vgc2023regulatione-1996497168","p1":"hero of zero","p2":"JLFalcon","format":"[Gen 9] VGC 2023 Regulation E","log":"|j|\u2606hero of zero\n|j|\u2606JLFalcon\n|n|\u2606hero of zero|heroofzero\n|n|\u2606JLFalcon|jlfalcon\n|html|View the match progress at <a href=\"\/game-bestof3-gen9vgc2023regulatione-1996492207\">game-bestof3-gen9vgc2023regulatione-1996492207<\/a>\n|t:|1700687758\n|gametype|doubles\n|player|p1|hero of zero|burglar|\n|player|p2|JLFalcon|brycen|\n|teamsize|p1|6\n|teamsize|p2|6\n|gen|9\n|tier|[Gen 9] VGC 2023 Regulation E\n|rule|Species Clause: Limit one of each Pok\u00e9mon\n|rule|Item Clause: Limit one of each item\n|clearpoke\n|poke|p1|Fennekin, L50, F|\n|poke|p1|Cleffa, L50, M|\n|poke|p1|Nymble, L50, M|\n|poke|p1|Qwilfish-Hisui, L50, M|\n|poke|p1|Makuhita, L50, M|\n|poke|p1|Poltchageist-Artisan, L50|\n|poke|p2|Misdreavus, L50, M|\n|poke|p2|Impidimp, L50, M|\n|poke|p2|Numel, L50, M|\n|poke|p2|Ekans, L50, M|\n|poke|p2|Eevee, L50, M|\n|poke|p2|Meowth-Alola, L50, M|\n|teampreview|4\nhero of zero rejected open team sheets.\n|\n|t:|1700687825\n|start\n|switch|p1a: Qwilfish|Qwilfish-Hisui, L50, M|100\/100\n|switch|p1b: Fennekin|Fennekin, L50, F|100\/100\n|switch|p2a: Eevee|Eevee, L50, M|100\/100\n|switch|p2b: Ekans|Ekans, L50, M|100\/100\n|-ability|p1a: Qwilfish|Intimidate|boost\n|-unboost|p2a: Eevee|atk|1\n|-unboost|p2b: Ekans|atk|1\n|-item|p1a: Qwilfish|Air Balloon\n|-ability|p2b: Ekans|Intimidate|boost\n|-unboost|p1a: Qwilfish|atk|1\n|-unboost|p1b: Fennekin|atk|1\n|turn|1\n|\n|t:|1700687846\n|switch|p1a: Cleffa|Cleffa, L50, M|100\/100\n|move|p2a: Eevee|Hyper Voice|p1b: Fennekin|[spread] p1a,p1b\n|-damage|p1a: Cleffa|48\/100\n|-damage|p1b: Fennekin|42\/100\n|move|p2b: Ekans|Rock Slide|p1a: Cleffa|[spread] p1a,p1b\n|-supereffective|p1b: Fennekin\n|-damage|p1a: Cleffa|34\/100\n|-damage|p1b: Fennekin|11\/100\n|move|p1b: Fennekin|Trick Room|p1b: Fennekin\n|-fieldstart|move: Trick Room|[of] p1b: Fennekin\n|\n|upkeep\n|turn|2\n|\n|t:|1700687875\n|switch|p2b: Numel|Numel, L50, M|100\/100\n|move|p1a: Cleffa|Psychic|p2b: Numel\n|-damage|p2b: Numel|76\/100\n|move|p1b: Fennekin|Flamethrower|p2a: Eevee\n|-damage|p2a: Eevee|34\/100\n|move|p2a: Eevee|Hyper Voice|p1b: Fennekin|[spread] p1a,p1b\n|-damage|p1a: Cleffa|0 fnt\n|-damage|p1b: Fennekin|0 fnt\n|faint|p1a: Cleffa\n|faint|p1b: Fennekin\n|\n|-heal|p2b: Numel|82\/100|[from] item: Leftovers\n|upkeep\n|\n|t:|1700687885\n|switch|p1a: Makuhita|Makuhita, L50, M|100\/100\n|switch|p1b: Qwilfish|Qwilfish-Hisui, L50, M|100\/100\n|-ability|p1b: Qwilfish|Intimidate|boost\n|-unboost|p2a: Eevee|atk|1\n|-unboost|p2b: Numel|atk|2\n|-item|p1b: Qwilfish|Air Balloon\n|turn|3\n|\n|t:|1700687911\n|switch|p2a: Ekans|Ekans, L50, M|100\/100\n|-ability|p2a: Ekans|Intimidate|boost\n|-unboost|p1a: Makuhita|atk|1\n|-unboost|p1b: Qwilfish|atk|1\n|-terastallize|p1b: Qwilfish|Water\n|move|p1b: Qwilfish|Aqua Jet|p2b: Numel\n|-supereffective|p2b: Numel\n|-damage|p2b: Numel|5\/100\n|move|p1a: Makuhita|Belly Drum|p1a: Makuhita\n|-damage|p1a: Makuhita|51\/100\n|-setboost|p1a: Makuhita|atk|6|[from] move: Belly Drum\n|move|p2b: Numel|Stockpile|p2b: Numel\n|-start|p2b: Numel|stockpile1\n|-boost|p2b: Numel|def|2\n|-boost|p2b: Numel|spd|2\n|\n|-heal|p2b: Numel|11\/100|[from] item: Leftovers\n|upkeep\n|turn|4\n|\n|t:|1700687967\n|switch|p2a: Eevee|Eevee, L50, M|34\/100\n|move|p2b: Numel|Protect|p2b: Numel\n|-singleturn|p2b: Numel|Protect\n|move|p1a: Makuhita|Bullet Punch|p2a: Eevee\n|-damage|p2a: Eevee|0 fnt\n|faint|p2a: Eevee\n|move|p1b: Qwilfish|Aqua Jet|p2b: Numel\n|-activate|p2b: Numel|move: Protect\n|\n|-heal|p2b: Numel|17\/100|[from] item: Leftovers\n|upkeep\n|\n|t:|1700687977\n|switch|p2a: Ekans|Ekans, L50, M|100\/100\n|-ability|p2a: Ekans|Intimidate|boost\n|-unboost|p1a: Makuhita|atk|1\n|-unboost|p1b: Qwilfish|atk|1\n|turn|5\n|\n|t:|1700687987\n|-terastallize|p2b: Numel|Dragon\n|move|p1a: Makuhita|Bullet Punch|p2a: Ekans\n|-damage|p2a: Ekans|27\/100\n|move|p1b: Qwilfish|Aqua Jet|p2b: Numel\n|-resisted|p2b: Numel\n|-damage|p2b: Numel|14\/100\n|move|p2b: Numel|Body Press|p1a: Makuhita\n|-damage|p1a: Makuhita|0 fnt\n|faint|p1a: Makuhita\n|move|p2a: Ekans|Seed Bomb|p1b: Qwilfish\n|-supereffective|p1b: Qwilfish\n|-damage|p1b: Qwilfish|52\/100\n|-enditem|p1b: Qwilfish|Air Balloon\n|\n|-heal|p2b: Numel|20\/100|[from] item: Leftovers\n|-fieldend|move: Trick Room\n|upkeep\n|turn|6\n|\n|t:|1700688006\n|switch|p2a: Misdreavus|Misdreavus, L50, M|100\/100\n|move|p2b: Numel|Protect|p2b: Numel\n|-singleturn|p2b: Numel|Protect\n|move|p1b: Qwilfish|Crunch|p2b: Numel\n|-activate|p2b: Numel|move: Protect\n|\n|-heal|p2b: Numel|26\/100|[from] item: Leftovers\n|upkeep\n|turn|7\n|c|\u2606hero of zero|gg\n|c|\u2606JLFalcon|gg, wp\n|\n|t:|1700688018\n|switch|p2a: Ekans|Ekans, L50, M|27\/100\n|-ability|p2a: Ekans|Intimidate|boost\n|-unboost|p1b: Qwilfish|atk|1\n|move|p1b: Qwilfish|Destiny Bond|p1b: Qwilfish\n|-singlemove|p1b: Qwilfish|Destiny Bond\n|move|p2b: Numel|Body Press|p1b: Qwilfish\n|-damage|p1b: Qwilfish|21\/100\n|\n|-heal|p2b: Numel|32\/100|[from] item: Leftovers\n|upkeep\n|turn|8\n|\n|t:|1700688029\n|move|p1b: Qwilfish|Crunch|p2a: Ekans\n|-damage|p2a: Ekans|0 fnt\n|faint|p2a: Ekans\n|move|p2b: Numel|Body Press|p1b: Qwilfish\n|-damage|p1b: Qwilfish|0 fnt\n|faint|p1b: Qwilfish\n|\n|win|JLFalcon\n|l|\u2606hero of zero\n","uploadtime":1700688077,"views":10,"p1id":"heroofzero","p2id":"jlfalcon","formatid":"gen9vgc2023regulatione","rating":0,"private":0,"password":""}