{"id":"gen9vgc2023regulatione-1988535728","p1":"ChoccyMilkMafia","p2":"darkcloud9","format":"[Gen 9] VGC 2023 Regulation E","log":"|j|\u2606ChoccyMilkMafia\n|j|\u2606darkcloud9\n|t:|1699733423\n|gametype|doubles\n|player|p1|ChoccyMilkMafia|kieran|1128\n|player|p2|darkcloud9|266|1097\n|teamsize|p1|6\n|teamsize|p2|6\n|gen|9\n|tier|[Gen 9] VGC 2023 Regulation E\n|rated|\n|rule|Species Clause: Limit one of each Pok\u00e9mon\n|rule|Item Clause: Limit one of each item\n|clearpoke\n|poke|p1|Kommo-o, L50, F|\n|poke|p1|Kingambit, L50, M|\n|poke|p1|Sinistcha, L50|\n|poke|p1|Farigiraf, L50, F|\n|poke|p1|Fezandipiti, L50, M|\n|poke|p1|Ninetales-Alola, L50, F|\n|poke|p2|Clefairy, L50, M|\n|poke|p2|Sinistcha, L50|\n|poke|p2|Dondozo, L50, M|\n|poke|p2|Tatsugiri, L50, M|\n|poke|p2|Landorus-Therian, L50, M|\n|poke|p2|Thundurus-Therian, L50, M|\n|teampreview|4\nChoccyMilkMafia has agreed to open team sheets.\ndarkcloud9 has agreed to open team sheets.\n|\n|t:|1699733496\n|start\n|switch|p1a: Ninetales|Ninetales-Alola, L50, F|100\/100\n|switch|p1b: Kingambit|Kingambit, L50, M|100\/100\n|switch|p2a: Tatsugiri|Tatsugiri, L50, M|100\/100\n|switch|p2b: Thundurus|Thundurus-Therian, L50, M|100\/100\n|-weather|Snow|[from] ability: Snow Warning|[of] p1a: Ninetales\n|turn|1\n|\n|t:|1699733537\n|move|p2a: Tatsugiri|Endure|p2a: Tatsugiri\n|-singleturn|p2a: Tatsugiri|move: Endure\n|move|p1a: Ninetales|Icy Wind|p2a: Tatsugiri|[spread] p2a,p2b\n|-supereffective|p2b: Thundurus\n|-damage|p2a: Tatsugiri|84\/100\n|-damage|p2b: Thundurus|65\/100\n|-unboost|p2a: Tatsugiri|spe|1\n|-unboost|p2b: Thundurus|spe|1\n|move|p2b: Thundurus|Volt Switch|p2a: Tatsugiri\n|-damage|p2a: Tatsugiri|23\/100\n|\n|t:|1699733551\n|switch|p2b: Dondozo|Dondozo, L50, M|100\/100|[from] Volt Switch\n|-activate|p2a: Tatsugiri|ability: Commander|[of] p2b: Dondozo\n|-boost|p2b: Dondozo|atk|2\n|-boost|p2b: Dondozo|spa|2\n|-boost|p2b: Dondozo|spe|2\n|-boost|p2b: Dondozo|def|2\n|-boost|p2b: Dondozo|spd|2\n|move|p1b: Kingambit|Kowtow Cleave|p2a: Tatsugiri|[miss]\n|-miss|p1b: Kingambit|p2a: Tatsugiri\n|\n|-weather|Snow|[upkeep]\n|-status|p2a: Tatsugiri|tox|[from] item: Toxic Orb\n|upkeep\n|turn|2\n|\n|t:|1699733569\n|move|p1a: Ninetales|Aurora Veil|p1a: Ninetales\n|-sidestart|p1: ChoccyMilkMafia|move: Aurora Veil\n|move|p2b: Dondozo|Earthquake|p1b: Kingambit|[spread] p1a,p1b\n|-miss|p2b: Dondozo|p2a: Tatsugiri\n|-supereffective|p1b: Kingambit\n|-damage|p1a: Ninetales|75\/100\n|-damage|p1b: Kingambit|58\/100\n|move|p1b: Kingambit|Kowtow Cleave|p2b: Dondozo\n|-damage|p2b: Dondozo|82\/100\n|\n|-weather|Snow|[upkeep]\n|-heal|p2b: Dondozo|88\/100|[from] item: Leftovers\n|-damage|p2a: Tatsugiri|17\/100 tox|[from] psn\n|upkeep\n|turn|3\n|\n|t:|1699733582\n|move|p1a: Ninetales|Icy Wind|p2a: Tatsugiri|[spread] p2b\n|-miss|p1a: Ninetales|p2a: Tatsugiri\n|-resisted|p2b: Dondozo\n|-damage|p2b: Dondozo|85\/100\n|-unboost|p2b: Dondozo|spe|1\n|move|p2b: Dondozo|Earthquake|p1b: Kingambit|[spread] p1a,p1b\n|-miss|p2b: Dondozo|p2a: Tatsugiri\n|-supereffective|p1b: Kingambit\n|-damage|p1a: Ninetales|51\/100\n|-damage|p1b: Kingambit|18\/100\n|move|p1b: Kingambit|Kowtow Cleave|p2b: Dondozo\n|-crit|p2b: Dondozo\n|-damage|p2b: Dondozo|34\/100\n|\n|-weather|Snow|[upkeep]\n|-heal|p2b: Dondozo|40\/100|[from] item: Leftovers\n|-damage|p2a: Tatsugiri|4\/100 tox|[from] psn\n|upkeep\n|turn|4\n|\n|t:|1699733603\n|switch|p1a: Sinistcha|Sinistcha, L50|100\/100\n|-heal|p1b: Kingambit|43\/100|[from] ability: Hospitality|[of] p1a: Sinistcha\n|-terastallize|p1b: Kingambit|Water\n|move|p2b: Dondozo|Protect|p2b: Dondozo\n|-singleturn|p2b: Dondozo|Protect\n|move|p1b: Kingambit|Kowtow Cleave|p2b: Dondozo\n|-activate|p2b: Dondozo|move: Protect\n|\n|-weather|Snow|[upkeep]\n|-heal|p2b: Dondozo|47\/100|[from] item: Leftovers\n|-damage|p2a: Tatsugiri|0 fnt|[from] psn\n|faint|p2a: Tatsugiri\n|upkeep\n|\n|t:|1699733622\n|switch|p2a: Thundurus|Thundurus-Therian, L50, M|65\/100\n|turn|5\n|\n|t:|1699733639\n|move|p1b: Kingambit|Sucker Punch|p2a: Thundurus\n|-damage|p2a: Thundurus|2\/100\n|move|p2a: Thundurus|Focus Blast|p1b: Kingambit\n|-damage|p1b: Kingambit|22\/100\n|move|p2b: Dondozo|Order Up|p1a: Sinistcha\n|-damage|p1a: Sinistcha|76\/100\n|-boost|p2b: Dondozo|atk|1\n|move|p1a: Sinistcha|Matcha Gotcha|p2a: Thundurus|[spread] p2a,p2b\n|-resisted|p2a: Thundurus\n|-supereffective|p2b: Dondozo\n|-damage|p2a: Thundurus|0 fnt\n|-heal|p1a: Sinistcha|77\/100|[from] drain|[of] p2a: Thundurus\n|-damage|p2b: Dondozo|23\/100\n|-heal|p1a: Sinistcha|93\/100|[from] drain|[of] p2b: Dondozo\n|faint|p2a: Thundurus\n|\n|-weather|none\n|-heal|p2b: Dondozo|29\/100|[from] item: Leftovers\n|upkeep\n|\n|t:|1699733656\n|switch|p2a: Sinistcha|Sinistcha, L50|100\/100\n|-heal|p2b: Dondozo|54\/100|[from] ability: Hospitality|[of] p2a: Sinistcha\n|turn|6\n|\n|t:|1699733668\n|move|p2b: Dondozo|Order Up|p1b: Kingambit\n|-damage|p1b: Kingambit|0 fnt\n|faint|p1b: Kingambit\n|-boost|p2b: Dondozo|atk|1\n|move|p1a: Sinistcha|Matcha Gotcha|p2b: Dondozo|[spread] p2a,p2b\n|-resisted|p2a: Sinistcha\n|-supereffective|p2b: Dondozo\n|-damage|p2a: Sinistcha|87\/100\n|-heal|p1a: Sinistcha|99\/100|[from] drain|[of] p2a: Sinistcha\n|-damage|p2b: Dondozo|30\/100\n|-heal|p1a: Sinistcha|100\/100|[from] drain|[of] p2b: Dondozo\n|-status|p2a: Sinistcha|brn\n|move|p2a: Sinistcha|Shadow Ball|p1a: Sinistcha\n|-supereffective|p1a: Sinistcha\n|-damage|p1a: Sinistcha|48\/100\n|\n|-heal|p2b: Dondozo|36\/100|[from] item: Leftovers\n|-damage|p2a: Sinistcha|81\/100 brn|[from] brn\n|upkeep\n|\n|t:|1699733694\n|switch|p1b: Fezandipiti|Fezandipiti, L50, M|100\/100\n|turn|7\n|\n|t:|1699733707\n|move|p2b: Dondozo|Wave Crash|p1a: Sinistcha\n|-resisted|p1a: Sinistcha\n|-damage|p1a: Sinistcha|8\/100\n|-damage|p2b: Dondozo|26\/100|[from] Recoil\n|move|p1b: Fezandipiti|Icy Wind|p2b: Dondozo|[spread] p2a,p2b\n|-supereffective|p2a: Sinistcha\n|-resisted|p2b: Dondozo\n|-damage|p2a: Sinistcha|66\/100 brn\n|-damage|p2b: Dondozo|24\/100\n|-unboost|p2a: Sinistcha|spe|1\n|-unboost|p2b: Dondozo|spe|1\n|move|p1a: Sinistcha|Matcha Gotcha|p2a: Sinistcha|[spread] p2a,p2b\n|-resisted|p2a: Sinistcha\n|-supereffective|p2b: Dondozo\n|-damage|p2a: Sinistcha|52\/100 brn\n|-heal|p1a: Sinistcha|16\/100|[from] drain|[of] p2a: Sinistcha\n|-damage|p2b: Dondozo|0 fnt\n|-heal|p1a: Sinistcha|31\/100|[from] drain|[of] p2b: Dondozo\n|faint|p2b: Dondozo\n|move|p2a: Sinistcha|Shadow Ball|p1a: Sinistcha\n|-supereffective|p1a: Sinistcha\n|-damage|p1a: Sinistcha|0 fnt\n|faint|p1a: Sinistcha\n|\n|-damage|p2a: Sinistcha|46\/100 brn|[from] brn\n|upkeep\n|-enditem|p2a: Sinistcha|Sitrus Berry|[eat]\n|-heal|p2a: Sinistcha|71\/100 brn|[from] item: Sitrus Berry\n|\n|t:|1699733732\n|switch|p1a: Ninetales|Ninetales-Alola, L50, F|51\/100\n|-weather|Snow|[from] ability: Snow Warning|[of] p1a: Ninetales\n|turn|8\n|\n|t:|1699733741\n|-terastallize|p2a: Sinistcha|Water\n|move|p1a: Ninetales|Icy Wind|p2a: Sinistcha\n|-resisted|p2a: Sinistcha\n|-damage|p2a: Sinistcha|62\/100 brn\n|-unboost|p2a: Sinistcha|spe|1\n|move|p1b: Fezandipiti|Sludge Bomb|p2a: Sinistcha\n|-damage|p2a: Sinistcha|36\/100 brn\n|move|p2a: Sinistcha|Matcha Gotcha|p1a: Ninetales|[spread] p1a,p1b\n|-resisted|p1b: Fezandipiti\n|-damage|p1a: Ninetales|33\/100\n|-heal|p2a: Sinistcha|46\/100 brn|[from] drain|[of] p1a: Ninetales\n|-damage|p1b: Fezandipiti|94\/100\n|-heal|p2a: Sinistcha|49\/100 brn|[from] drain|[of] p1b: Fezandipiti\n|-status|p1a: Ninetales|brn\n|\n|-weather|Snow|[upkeep]\n|-damage|p1a: Ninetales|26\/100 brn|[from] brn\n|-damage|p2a: Sinistcha|43\/100 brn|[from] brn\n|upkeep\n|turn|9\n|\n|t:|1699733767\n|move|p2a: Sinistcha|Protect|p2a: Sinistcha\n|-singleturn|p2a: Sinistcha|Protect\n|move|p1a: Ninetales|Moonblast|p2a: Sinistcha\n|-activate|p2a: Sinistcha|move: Protect\n|move|p1b: Fezandipiti|Sludge Bomb|p2a: Sinistcha\n|-activate|p2a: Sinistcha|move: Protect\n|\n|-weather|Snow|[upkeep]\n|-damage|p1a: Ninetales|20\/100 brn|[from] brn\n|-damage|p2a: Sinistcha|37\/100 brn|[from] brn\n|-sideend|p1: ChoccyMilkMafia|move: Aurora Veil\n|upkeep\n|turn|10\n|\n|t:|1699733789\n|move|p1a: Ninetales|Moonblast|p2a: Sinistcha\n|-damage|p2a: Sinistcha|6\/100 brn\n|move|p1b: Fezandipiti|Sludge Bomb|p2a: Sinistcha\n|-damage|p2a: Sinistcha|0 fnt\n|faint|p2a: Sinistcha\n|\n|win|ChoccyMilkMafia\n|raw|ChoccyMilkMafia's rating: 1128 &rarr; <strong>1151<\/strong><br \/>(+23 for winning)\n|raw|darkcloud9's rating: 1097 &rarr; <strong>1075<\/strong><br \/>(-22 for losing)\n|l|\u2606darkcloud9\n","uploadtime":1699733845,"views":12,"p1id":"choccymilkmafia","p2id":"darkcloud9","formatid":"gen9vgc2023regulatione","rating":1075,"private":0,"password":""}