{"id":"gen9vgc2023regulatione-1997841515","p1":"doiexistfr","p2":"Ipeximus","format":"[Gen 9] VGC 2023 Regulation E","log":"|j|\u2606doiexistfr\n|j|\u2606Ipeximus\n|t:|1700858575\n|gametype|doubles\n|player|p1|doiexistfr|cheren-gen5bw2|1157\n|player|p2|Ipeximus|1|1194\n|teamsize|p1|6\n|teamsize|p2|6\n|gen|9\n|tier|[Gen 9] VGC 2023 Regulation E\n|rated|\n|rule|Species Clause: Limit one of each Pok\u00e9mon\n|rule|Item Clause: Limit one of each item\n|clearpoke\n|poke|p1|Ceruledge, L50, F|\n|poke|p1|Rillaboom, L50, F|\n|poke|p1|Kilowattrel, L50, M|\n|poke|p1|Clefairy, L50, M|\n|poke|p1|Landorus-Therian, L50, M|\n|poke|p1|Sneasler, L50, F|\n|poke|p2|Gholdengo, L50|\n|poke|p2|Arcanine-Hisui, L50, M|\n|poke|p2|Rillaboom, L50, F|\n|poke|p2|Iron Hands, L50|\n|poke|p2|Tornadus, L50, M|\n|poke|p2|Urshifu-*, L50, M|\n|teampreview|4\n|\n|t:|1700858619\n|start\n|switch|p1a: Kilowattrel|Kilowattrel, L50, M|100\/100\n|switch|p1b: Sneasler|Sneasler, L50, F|100\/100\n|switch|p2a: Iron Hands|Iron Hands, L50|100\/100\n|switch|p2b: Rillaboom|Rillaboom, L50, F|100\/100\n|-fieldstart|move: Grassy Terrain|[from] ability: Grassy Surge|[of] p2b: Rillaboom\n|turn|1\n|\n|t:|1700858675\n|move|p1a: Kilowattrel|Protect|p1a: Kilowattrel\n|-singleturn|p1a: Kilowattrel|Protect\n|move|p1b: Sneasler|Fake Out|p2a: Iron Hands\n|-damage|p2a: Iron Hands|86\/100\n|-damage|p1b: Sneasler|91\/100|[from] item: Life Orb\n|cant|p2a: Iron Hands|flinch\n|move|p2b: Rillaboom|U-turn|p1a: Kilowattrel\n|-activate|p1a: Kilowattrel|move: Protect\n|\n|-heal|p1b: Sneasler|97\/100|[from] Grassy Terrain\n|-heal|p2a: Iron Hands|92\/100|[from] Grassy Terrain\n|upkeep\n|turn|2\n|\n|t:|1700858703\n|move|p1a: Kilowattrel|Tailwind|p1a: Kilowattrel\n|-sidestart|p1: doiexistfr|move: Tailwind\n|move|p1b: Sneasler|Dire Claw|p2b: Rillaboom\n|-supereffective|p2b: Rillaboom\n|-damage|p2b: Rillaboom|6\/100\n|-status|p2b: Rillaboom|psn|[from] ability: Poison Touch|[of] p1b: Sneasler\n|-damage|p1b: Sneasler|87\/100|[from] item: Life Orb\n|move|p2b: Rillaboom|Wood Hammer|p1b: Sneasler\n|-resisted|p1b: Sneasler\n|-damage|p1b: Sneasler|6\/100\n|-damage|p2b: Rillaboom|0 fnt|[from] Recoil\n|faint|p2b: Rillaboom\n|move|p2a: Iron Hands|Wild Charge|p1b: Sneasler\n|-crit|p1b: Sneasler\n|-damage|p1b: Sneasler|0 fnt\n|faint|p1b: Sneasler\n|-damage|p2a: Iron Hands|91\/100|[from] Recoil\n|\n|-heal|p2a: Iron Hands|97\/100|[from] Grassy Terrain\n|upkeep\n|\n|t:|1700858732\n|switch|p1b: Ceruledge|Ceruledge, L50, F|100\/100\n|switch|p2b: Gholdengo|Gholdengo, L50|100\/100\n|turn|3\n|\n|t:|1700858752\n|-terastallize|p2b: Gholdengo|Dragon\n|move|p1a: Kilowattrel|Thunderbolt|p2b: Gholdengo\n|-resisted|p2b: Gholdengo\n|-damage|p2b: Gholdengo|81\/100\n|move|p1b: Ceruledge|Bulk Up|p1b: Ceruledge\n|-boost|p1b: Ceruledge|atk|1\n|-boost|p1b: Ceruledge|def|1\n|move|p2b: Gholdengo|Shadow Ball|p1b: Ceruledge\n|-supereffective|p1b: Ceruledge\n|-damage|p1b: Ceruledge|9\/100\n|-damage|p2b: Gholdengo|71\/100|[from] item: Life Orb\n|move|p2a: Iron Hands|Wild Charge|p1b: Ceruledge\n|-damage|p1b: Ceruledge|0 fnt\n|faint|p1b: Ceruledge\n|-damage|p2a: Iron Hands|95\/100|[from] Recoil\n|\n|-heal|p2b: Gholdengo|78\/100|[from] Grassy Terrain\n|-heal|p2a: Iron Hands|100\/100|[from] Grassy Terrain\n|upkeep\n|\n|t:|1700858772\n|switch|p1b: Landorus|Landorus-Therian, L50, M|100\/100\n|-ability|p1b: Landorus|Intimidate|boost\n|-unboost|p2a: Iron Hands|atk|1\n|-unboost|p2b: Gholdengo|atk|1\n|turn|4\n|\n|t:|1700858803\n|move|p1b: Landorus|Stomping Tantrum|p2a: Iron Hands\n|-supereffective|p2a: Iron Hands\n|-damage|p2a: Iron Hands|45\/100\n|move|p1a: Kilowattrel|Air Slash|p2b: Gholdengo\n|-damage|p2b: Gholdengo|47\/100\n|move|p2b: Gholdengo|Make It Rain|p1a: Kilowattrel|[spread] p1a,p1b\n|-resisted|p1a: Kilowattrel\n|-damage|p1a: Kilowattrel|46\/100\n|-damage|p1b: Landorus|14\/100\n|-unboost|p2b: Gholdengo|spa|1\n|-damage|p2b: Gholdengo|37\/100|[from] item: Life Orb\n|move|p2a: Iron Hands|Heavy Slam|p1a: Kilowattrel\n|-resisted|p1a: Kilowattrel\n|-damage|p1a: Kilowattrel|18\/100\n|\n|-heal|p2b: Gholdengo|43\/100|[from] Grassy Terrain\n|-heal|p2a: Iron Hands|51\/100|[from] Grassy Terrain\n|upkeep\n|turn|5\n|\n|t:|1700858836\n|move|p1a: Kilowattrel|Protect|p1a: Kilowattrel\n|-singleturn|p1a: Kilowattrel|Protect\n|move|p1b: Landorus|Stomping Tantrum|p2b: Gholdengo\n|-damage|p2b: Gholdengo|7\/100\n|move|p2b: Gholdengo|Make It Rain|p1b: Landorus|[spread] p1b\n|-activate|p1a: Kilowattrel|move: Protect\n|-damage|p1b: Landorus|0 fnt\n|-unboost|p2b: Gholdengo|spa|1\n|faint|p1b: Landorus\n|-damage|p2b: Gholdengo|0 fnt|[from] item: Life Orb\n|faint|p2b: Gholdengo\n|move|p2a: Iron Hands|Drain Punch|p1a: Kilowattrel\n|-activate|p1a: Kilowattrel|move: Protect\n|\n|-heal|p2a: Iron Hands|57\/100|[from] Grassy Terrain\n|-sideend|p1: doiexistfr|move: Tailwind\n|-fieldend|move: Grassy Terrain\n|upkeep\n|\n|t:|1700858853\n|switch|p2b: Urshifu|Urshifu-Rapid-Strike, L50, M|100\/100\n|turn|6\n|\n|t:|1700858860\n|move|p2b: Urshifu|Aqua Jet|p1a: Kilowattrel\n|-damage|p1a: Kilowattrel|0 fnt\n|faint|p1a: Kilowattrel\n|\n|win|Ipeximus\n|raw|doiexistfr's rating: 1157 &rarr; <strong>1135<\/strong><br \/>(-22 for losing)\n|raw|Ipeximus's rating: 1194 &rarr; <strong>1216<\/strong><br \/>(+22 for winning)\n","uploadtime":1700858866,"views":5,"p1id":"doiexistfr","p2id":"ipeximus","formatid":"gen9vgc2023regulatione","rating":1135,"private":0,"password":""}