{"id":"gen9vgc2023regulatione-1988537872","p1":"justin tang fan","p2":"tastethekoalabear","format":"[Gen 9] VGC 2023 Regulation E","log":"|j|\u2606justin tang fan\n|j|\u2606tastethekoalabear\n|n|\u2606justin tang fan|justintangfan\n|n|\u2606tastethekoalabear|tastethekoalabear\n|html|View the match progress at <a href=\"\/game-bestof3-gen9vgc2023regulatione-1988537871\">game-bestof3-gen9vgc2023regulatione-1988537871<\/a>\n|t:|1699733652\n|gametype|doubles\n|player|p1|justin tang fan|lucas|\n|player|p2|tastethekoalabear|170|\n|teamsize|p1|6\n|teamsize|p2|6\n|gen|9\n|tier|[Gen 9] VGC 2023 Regulation E\n|rule|Species Clause: Limit one of each Pok\u00e9mon\n|rule|Item Clause: Limit one of each item\n|clearpoke\n|poke|p1|Urshifu-*, L50, F|\n|poke|p1|Rillaboom, L50, M|\n|poke|p1|Sylveon, L50, F|\n|poke|p1|Typhlosion-Hisui, L50, F|\n|poke|p1|Kleavor, L50, F|\n|poke|p1|Drifblim, L50, M|\n|poke|p2|Volbeat, L50, M|\n|poke|p2|Magnezone, L50|\n|poke|p2|Ogerpon-Hearthflame, L50, F|\n|poke|p2|Brambleghast, L50, F|\n|poke|p2|Tauros-Paldea-Aqua, L50, M|\n|poke|p2|Chi-Yu, L50|\n|teampreview|4\n|c|\u2606justin tang fan|I can do links\n|c|\u2606tastethekoalabear|aigjt\n|c|\u2606tastethekoalabear|glhf\n|l|\u2606justin tang fan\n|player|p1|\n|j|\u2606justin tang fan\n|player|p1|justin tang fan|lucas\n|c|\u2606justin tang fan|glhf\n|j| Pokemon_and_beer\n|c| Pokemon_and_beer|Glhf!\n|\n|t:|1699733723\n|start\n|switch|p1a: Urshifu|Urshifu-Rapid-Strike, L50, F|100\/100\n|switch|p1b: Sylveon|Sylveon, L50, F|100\/100\n|switch|p2a: The Beat|Volbeat, L50, M|100\/100\n|switch|p2b: The Fish|Chi-Yu, L50|100\/100\n|-ability|p2b: The Fish|Beads of Ruin\n|turn|1\n|\n|t:|1699733752\n|-terastallize|p2b: The Fish|Ghost\n|-terastallize|p1b: Sylveon|Fire\n|move|p2a: The Beat|Tailwind|p2a: The Beat\n|-sidestart|p2: tastethekoalabear|move: Tailwind\n|move|p2b: The Fish|Heat Wave|p1b: Sylveon|[spread] p1a\n|-miss|p2b: The Fish|p1b: Sylveon\n|-resisted|p1a: Urshifu\n|-damage|p1a: Urshifu|46\/100\n|move|p1a: Urshifu|Surging Strikes|p2a: The Beat\n|-crit|p2a: The Beat\n|-damage|p2a: The Beat|74\/100\n|-crit|p2a: The Beat\n|-damage|p2a: The Beat|45\/100\n|-crit|p2a: The Beat\n|-damage|p2a: The Beat|16\/100\n|-hitcount|p2a: The Beat|3\n|move|p1b: Sylveon|Hyper Voice|p2b: The Fish|[spread] p2a\n|-immune|p2b: The Fish\n|-damage|p2a: The Beat|0 fnt\n|faint|p2a: The Beat\n|\n|upkeep\n|c|\u2606justin tang fan|whoops\n|c| Pokemon_and_beer|Oh no\n|c|\u2606tastethekoalabear|oh\n|c|\u2606tastethekoalabear|you aren\u2019t pixilate\n|\n|t:|1699733796\n|switch|p2a: The Bull|Tauros-Paldea-Aqua, L50, M|100\/100\n|turn|2\n|\n|t:|1699733807\n|switch|p1a: Kleavor|Kleavor, L50, F|100\/100\n|move|p2a: The Bull|Raging Bull|p1b: Sylveon\n|-supereffective|p1b: Sylveon\n|-damage|p1b: Sylveon|0 fnt\n|-start|p2a: The Bull|Attract|[from] ability: Cute Charm|[of] p1b: Sylveon\n|faint|p1b: Sylveon\n|-end|p2a: The Bull|Attract|[silent]\n|move|p2b: The Fish|Heat Wave|p1a: Kleavor\n|-damage|p1a: Kleavor|0 fnt\n|faint|p1a: Kleavor\n|\n|upkeep\n|\n|t:|1699733819\n|switch|p1a: Rillaboom|Rillaboom, L50, M|100\/100\n|switch|p1b: Urshifu|Urshifu-Rapid-Strike, L50, F|46\/100\n|-fieldstart|move: Grassy Terrain|[from] ability: Grassy Surge|[of] p1a: Rillaboom\n|turn|3\n|\n|t:|1699733827\n|switch|p2a: The Pon|Ogerpon-Hearthflame, L50, F|100\/100\n|-ability|p2a: The Pon|Mold Breaker\n|move|p1b: Urshifu|Aqua Jet|p2b: The Fish\n|-damage|p2b: The Fish|61\/100\n|move|p1a: Rillaboom|Grassy Glide|p2b: The Fish\n|-damage|p2b: The Fish|0 fnt\n|faint|p2b: The Fish\n|\n|-heal|p1b: Urshifu|52\/100|[from] Grassy Terrain\n|upkeep\n|\n|t:|1699733837\n|switch|p2b: The Bull|Tauros-Paldea-Aqua, L50, M|100\/100\n|turn|4\n|\n|t:|1699733850\n|move|p1b: Urshifu|Aqua Jet|p2a: The Pon\n|-damage|p2a: The Pon|73\/100\n|move|p1a: Rillaboom|Grassy Glide|p2b: The Bull\n|-supereffective|p2b: The Bull\n|-damage|p2b: The Bull|0 fnt\n|faint|p2b: The Bull\n|move|p2a: The Pon|Ivy Cudgel|p1a: Rillaboom\n|-supereffective|p1a: Rillaboom\n|-crit|p1a: Rillaboom\n|-damage|p1a: Rillaboom|0 fnt\n|faint|p1a: Rillaboom\n|\n|-heal|p2a: The Pon|79\/100|[from] Grassy Terrain\n|-heal|p1b: Urshifu|58\/100|[from] Grassy Terrain\n|-sideend|p2: tastethekoalabear|move: Tailwind\n|upkeep\n|turn|5\n|\n|t:|1699733861\n|move|p1b: Urshifu|Aqua Jet|p2a: The Pon\n|-damage|p2a: The Pon|49\/100\n|move|p2a: The Pon|Horn Leech|p1b: Urshifu\n|-supereffective|p1b: Urshifu\n|-damage|p1b: Urshifu|0 fnt\n|-heal|p2a: The Pon|81\/100|[from] drain|[of] p1b: Urshifu\n|faint|p1b: Urshifu\n|\n|win|tastethekoalabear\n|c|&|\/uhtml prompt-tastethekoalabear,tastethekoalabear is ready for game 2!\n|c|&|\/uhtml prompt-justintangfan,justin tang fan is ready for game 2!\nBoth players are ready! Starting next match!\n|l| Pokemon_and_beer\n|l|\u2606tastethekoalabear\n","uploadtime":1699734313,"views":29,"p1id":"justintangfan","p2id":"tastethekoalabear","formatid":"gen9vgc2023regulatione","rating":0,"private":0,"password":""}