{"id":"gen9vgc2023regulatione-1993902338","p1":"Krjzhzk","p2":"cut*redacted*vgc","format":"[Gen 9] VGC 2023 Regulation E","log":"|j|\u2606Krjzhzk\n|j|\u2606cut*redacted*vgc\n|t:|1700372629\n|gametype|doubles\n|player|p1|Krjzhzk|lance|1182\n|player|p2|cut*redacted*vgc|102|1274\n|teamsize|p1|6\n|teamsize|p2|6\n|gen|9\n|tier|[Gen 9] VGC 2023 Regulation E\n|rated|\n|rule|Species Clause: Limit one of each Pok\u00e9mon\n|rule|Item Clause: Limit one of each item\n|clearpoke\n|poke|p1|Flutter Mane, L50|\n|poke|p1|Tornadus, L50, M|\n|poke|p1|Rillaboom, L50, M|\n|poke|p1|Garganacl, L50, F|\n|poke|p1|Arcanine-Hisui, L50, F|\n|poke|p1|Chien-Pao, L50|\n|poke|p2|Dragonite, L50, M|\n|poke|p2|Chien-Pao, L50|\n|poke|p2|Scizor, L50, M|\n|poke|p2|Talonflame, L50, F|\n|poke|p2|Thundurus, L50, M|\n|poke|p2|Urshifu-*, L50, M|\n|teampreview|4\n|inactive|Battle timer is ON: inactive players will automatically lose when time's up. (requested by cut*redacted*vgc)\n|c|\u2606cut*redacted*vgc|Chiefs or eagles\n|\n|t:|1700372662\n|start\n|switch|p1a: Tornadus|Tornadus, L50, M|100\/100\n|switch|p1b: Garganacl|Garganacl, L50, F|100\/100\n|switch|p2a: Talonflame|Talonflame, L50, F|100\/100\n|switch|p2b: Scizor|Scizor, L50, M|100\/100\n|turn|1\n|n|\u2606Krjzhzk|krjzhzk\n|c|\u2606Krjzhzk|no idea whats this abt\n|inactive|Krjzhzk has 30 seconds left.\n|c|\u2606cut*redacted*vgc|Footballs\n|inactive|Krjzhzk has 20 seconds left.\n|inactive|Krjzhzk has 15 seconds left.\n|inactive|Krjzhzk has 10 seconds left.\n|\n|t:|1700372708\n|switch|p2b: Chien-Pao|Chien-Pao, L50|100\/100\n|-ability|p2b: Chien-Pao|Sword of Ruin\n|-terastallize|p1b: Garganacl|Ghost\n|move|p2a: Talonflame|Brave Bird|p1a: Tornadus\n|-damage|p1a: Tornadus|8\/100\n|-damage|p2a: Talonflame|84\/100|[from] item: Rocky Helmet|[of] p1a: Tornadus\n|-damage|p2a: Talonflame|47\/100|[from] Recoil\n|move|p1a: Tornadus|Tailwind|p1a: Tornadus\n|-sidestart|p1: Krjzhzk|move: Tailwind\n|move|p1b: Garganacl|Salt Cure|p2b: Chien-Pao\n|-supereffective|p2b: Chien-Pao\n|-damage|p2b: Chien-Pao|62\/100\n|-start|p2b: Chien-Pao|Salt Cure\n|\n|-damage|p2b: Chien-Pao|50\/100|[from] Salt Cure\n|upkeep\n|turn|2\n|c|\u2606Krjzhzk|i just watch the one that uses feet\n|\n|t:|1700372730\n|move|p1b: Garganacl|Protect|p1b: Garganacl\n|-singleturn|p1b: Garganacl|Protect\n|move|p2b: Chien-Pao|Sucker Punch||[still]\n|-fail|p2b: Chien-Pao\n|move|p1a: Tornadus|Bleakwind Storm|p2a: Talonflame|[spread] p2a,p2b\n|-damage|p2a: Talonflame|0 fnt\n|-damage|p2b: Chien-Pao|0 fnt\n|faint|p2a: Talonflame\n|faint|p2b: Chien-Pao\n|\n|upkeep\n|\n|t:|1700372740\n|switch|p2a: Urshifu|Urshifu-Rapid-Strike, L50, M|100\/100\n|switch|p2b: Scizor|Scizor, L50, M|100\/100\n|turn|3\n|\n|t:|1700372747\n|-terastallize|p2a: Urshifu|Water\n|move|p1a: Tornadus|Sunny Day|p1a: Tornadus\n|-weather|SunnyDay\n|move|p2b: Scizor|Bullet Punch|p1a: Tornadus\n|-damage|p1a: Tornadus|0 fnt\n|-damage|p2b: Scizor|84\/100|[from] item: Rocky Helmet|[of] p1a: Tornadus\n|faint|p1a: Tornadus\n|-damage|p2b: Scizor|74\/100|[from] item: Life Orb\n|move|p2a: Urshifu|Surging Strikes|p1b: Garganacl\n|-crit|p1b: Garganacl\n|-damage|p1b: Garganacl|88\/100\n|-crit|p1b: Garganacl\n|-damage|p1b: Garganacl|76\/100\n|-crit|p1b: Garganacl\n|-damage|p1b: Garganacl|65\/100\n|-hitcount|p1b: Garganacl|3\n|move|p1b: Garganacl|Salt Cure|p2a: Urshifu\n|-damage|p2a: Urshifu|86\/100\n|-start|p2a: Urshifu|Salt Cure\n|\n|-weather|SunnyDay|[upkeep]\n|-damage|p2a: Urshifu|61\/100|[from] Salt Cure\n|upkeep\n|\n|t:|1700372752\n|switch|p1a: Rillaboom|Rillaboom, L50, M|100\/100\n|-fieldstart|move: Grassy Terrain|[from] ability: Grassy Surge|[of] p1a: Rillaboom\n|turn|4\n|c|\u2606cut*redacted*vgc|Oh the ted lasso kind i get it nice\n|\n|t:|1700372774\n|move|p1a: Rillaboom|Grassy Glide|p2a: Urshifu\n|-supereffective|p2a: Urshifu\n|-damage|p2a: Urshifu|0 fnt\n|faint|p2a: Urshifu\n|move|p1b: Garganacl|Salt Cure|p2b: Scizor\n|-damage|p2b: Scizor|61\/100\n|-start|p2b: Scizor|Salt Cure\n|move|p2b: Scizor|X-Scissor|p1a: Rillaboom\n|-supereffective|p1a: Rillaboom\n|-damage|p1a: Rillaboom|0 fnt\n|faint|p1a: Rillaboom\n|-damage|p2b: Scizor|51\/100|[from] item: Life Orb\n|\n|-weather|SunnyDay|[upkeep]\n|-heal|p1b: Garganacl|71\/100|[from] Grassy Terrain\n|-heal|p2b: Scizor|57\/100|[from] Grassy Terrain\n|-damage|p2b: Scizor|33\/100|[from] Salt Cure\n|-sideend|p1: Krjzhzk|move: Tailwind\n|upkeep\n|inactive|Krjzhzk has 30 seconds left.\n|\n|t:|1700372803\n|switch|p1a: Arcanine|Arcanine-Hisui, L50, F|100\/100\n|-ability|p1a: Arcanine|Intimidate|boost\n|-unboost|p2b: Scizor|atk|1\n|turn|5\n|c|\u2606Krjzhzk|more the latin american kind\n|\n|t:|1700372811\n|move|p1a: Arcanine|Flare Blitz|p2b: Scizor\n|-supereffective|p2b: Scizor\n|-damage|p2b: Scizor|0 fnt\n|faint|p2b: Scizor\n|-damage|p1a: Arcanine|90\/100|[from] Recoil\n|\n|win|Krjzhzk\n|raw|Krjzhzk's rating: 1182 &rarr; <strong>1213<\/strong><br \/>(+31 for winning)\n|raw|cut*redacted*vgc's rating: 1274 &rarr; <strong>1243<\/strong><br \/>(-31 for losing)\n","uploadtime":1700372816,"views":9,"p1id":"krjzhzk","p2id":"cutredactedvgc","formatid":"gen9vgc2023regulatione","rating":1213,"private":0,"password":""}