{"id":"gen9vgc2023regulatione-1995856073","p1":"as-fly-as-sly","p2":"Thudgore","format":"[Gen 9] VGC 2023 Regulation E","log":"|j|\u2606as-fly-as-sly\n|j|\u2606Thudgore\n|n|\u2606as-fly-as-sly|asflyassly\n|n|\u2606Thudgore|thudgore\n|html|View the match progress at <a href=\"\/game-bestof3-gen9vgc2023regulatione-1995852742\">game-bestof3-gen9vgc2023regulatione-1995852742<\/a>\n|t:|1700610162\n|gametype|doubles\n|player|p1|as-fly-as-sly|volkner|\n|player|p2|Thudgore|teamrocket|\n|teamsize|p1|6\n|teamsize|p2|6\n|gen|9\n|tier|[Gen 9] VGC 2023 Regulation E\n|rule|Species Clause: Limit one of each Pok\u00e9mon\n|rule|Item Clause: Limit one of each item\n|clearpoke\n|poke|p1|Ogerpon-Hearthflame, L50, F|\n|poke|p1|Haxorus, L50, M|\n|poke|p1|Morgrem, L50, M|\n|poke|p1|Articuno-Galar, L50|\n|poke|p1|Regieleki, L50|\n|poke|p1|Mudbray, L50, M|\n|poke|p2|Iron Hands, L50|\n|poke|p2|Ursaluna-Bloodmoon, L50, M|\n|poke|p2|Jumpluff, L50, M|\n|poke|p2|Mimikyu, L50, F|\n|poke|p2|Inteleon, L50, F|\n|poke|p2|Bombirdier, L50, M|\n|teampreview|4\n|c|\u2606as-fly-as-sly|hf\n|c|\u2606Thudgore|you too\n|\n|t:|1700610331\n|start\n|switch|p1a: Goro|Regieleki, L50, shiny|100\/100\n|switch|p1b: Bari|Morgrem, L50, M|100\/100\n|switch|p2a: Ursaluna|Ursaluna-Bloodmoon, L50, M|100\/100\n|switch|p2b: Jumpluff|Jumpluff, L50, M|100\/100\n|turn|1\n|\n|t:|1700610396\n|-terastallize|p2a: Ursaluna|Normal\n|move|p1b: Bari|Fake Out|p2a: Ursaluna\n|-damage|p2a: Ursaluna|95\/100\n|move|p2b: Jumpluff|Rage Powder|p2b: Jumpluff\n|-singleturn|p2b: Jumpluff|move: Rage Powder\n|move|p1a: Goro|Volt Switch|p2b: Jumpluff\n|-damage|p2b: Jumpluff|59\/100\n|\n|t:|1700610404\n|switch|p1a: Mera|Ogerpon-Hearthflame, L50, F|100\/100|[from] Volt Switch\n|-ability|p1a: Mera|Mold Breaker\n|cant|p2a: Ursaluna|flinch\n|\n|upkeep\n|turn|2\n|\n|t:|1700610436\n|switch|p1b: Goro|Regieleki, L50, shiny|100\/100\n|move|p1a: Mera|Spiky Shield|p1a: Mera\n|-singleturn|p1a: Mera|move: Protect\n|move|p2b: Jumpluff|Rage Powder|p2b: Jumpluff\n|-singleturn|p2b: Jumpluff|move: Rage Powder\n|move|p2a: Ursaluna|Blood Moon|p1a: Mera\n|-activate|p1a: Mera|move: Protect\n|\n|upkeep\n|turn|3\n|\n|t:|1700610470\n|switch|p1a: Bari|Morgrem, L50, M|100\/100\n|move|p2b: Jumpluff|Rage Powder|p2b: Jumpluff\n|-singleturn|p2b: Jumpluff|move: Rage Powder\n|move|p1b: Goro|Volt Switch|p2b: Jumpluff\n|-damage|p2b: Jumpluff|17\/100\n|\n|t:|1700610477\n|switch|p1b: Mera|Ogerpon-Hearthflame, L50, F|100\/100|[from] Volt Switch\n|-ability|p1b: Mera|Mold Breaker\n|move|p2a: Ursaluna|Hyper Voice|p1a: Bari|[spread] p1a,p1b\n|-damage|p1a: Bari|33\/100\n|-damage|p1b: Mera|33\/100\n|\n|upkeep\n|turn|4\n|\n|t:|1700610588\n|move|p1b: Mera|Spiky Shield|p1b: Mera\n|-singleturn|p1b: Mera|move: Protect\n|move|p2a: Ursaluna|Protect|p2a: Ursaluna\n|-singleturn|p2a: Ursaluna|Protect\n|move|p2b: Jumpluff|Pollen Puff|p1b: Mera\n|-activate|p1b: Mera|move: Protect\n|move|p1a: Bari|Dazzling Gleam|p2b: Jumpluff|[spread] p2b\n|-activate|p2a: Ursaluna|move: Protect\n|-damage|p2b: Jumpluff|0 fnt\n|faint|p2b: Jumpluff\n|\n|upkeep\n|\n|t:|1700610597\n|switch|p2b: Iron Hands|Iron Hands, L50|100\/100\n|-enditem|p2b: Iron Hands|Booster Energy\n|-activate|p2b: Iron Hands|ability: Quark Drive|[fromitem]\n|-start|p2b: Iron Hands|quarkdriveatk\n|turn|5\n|\n|t:|1700610609\n|switch|p1b: Uma|Mudbray, L50, M|100\/100\n|move|p2b: Iron Hands|Fake Out|p1b: Uma\n|-damage|p1b: Uma|82\/100\n|move|p1a: Bari|Swagger|p2a: Ursaluna\n|-boost|p2a: Ursaluna|atk|2\n|-start|p2a: Ursaluna|confusion\n|-activate|p2a: Ursaluna|confusion\n|move|p2a: Ursaluna|Hyper Voice|p1b: Uma|[spread] p1a,p1b\n|-damage|p1a: Bari|0 fnt\n|-damage|p1b: Uma|3\/100\n|faint|p1a: Bari\n|\n|upkeep\n|\n|t:|1700610622\n|switch|p1a: Mera|Ogerpon-Hearthflame, L50, F|33\/100\n|-ability|p1a: Mera|Mold Breaker\n|turn|6\n|c|\u2606as-fly-as-sly|gg\n|\n|t:|1700610648\n|switch|p2a: Mimikyu|Mimikyu, L50, F|100\/100\n|-terastallize|p1a: Mera|Fire\n|detailschange|p1a: Mera|Ogerpon-Hearthflame-Tera, L50, F, tera:Fire\n|-ability|p1a: Mera|Embody Aspect (Hearthflame)|boost\n|-boost|p1a: Mera|atk|1\n|move|p2b: Iron Hands|Protect|p2b: Iron Hands\n|-singleturn|p2b: Iron Hands|Protect\n|move|p1a: Mera|Ivy Cudgel|p2b: Iron Hands|[anim] Ivy Cudgel Fire\n|-activate|p2b: Iron Hands|move: Protect\n|move|p1b: Uma|High Horsepower|p2b: Iron Hands\n|-activate|p2b: Iron Hands|move: Protect\n|\n|upkeep\n|turn|7\n|\n|t:|1700610698\n|move|p1a: Mera|Ivy Cudgel|p2b: Iron Hands|[anim] Ivy Cudgel Fire\n|-damage|p2b: Iron Hands|15\/100\n|move|p2b: Iron Hands|Drain Punch|p1a: Mera\n|-damage|p1a: Mera|0 fnt\n|-heal|p2b: Iron Hands|26\/100|[from] drain|[of] p1a: Mera\n|faint|p1a: Mera\n|move|p1b: Uma|Rock Slide|p2b: Iron Hands|[spread] p2b\n|-miss|p1b: Uma|p2a: Mimikyu\n|-resisted|p2b: Iron Hands\n|-damage|p2b: Iron Hands|20\/100\n|move|p2a: Mimikyu|Trick Room|p2a: Mimikyu\n|-fieldstart|move: Trick Room|[of] p2a: Mimikyu\n|\n|upkeep\n|\n|t:|1700610703\n|switch|p1a: Goro|Regieleki, L50, shiny|100\/100\n|turn|8\n|\n|t:|1700610710\n|move|p2a: Mimikyu|Shadow Sneak|p1b: Uma\n|-damage|p1b: Uma|0 fnt\n|faint|p1b: Uma\n|move|p2b: Iron Hands|Drain Punch|p1a: Goro\n|-damage|p1a: Goro|9\/100\n|-heal|p2b: Iron Hands|52\/100|[from] drain|[of] p1a: Goro\n|move|p1a: Goro|Thunderbolt|p2a: Mimikyu\n|-activate|p2a: Mimikyu|ability: Disguise\n|-damage|p2a: Mimikyu|100\/100\n|detailschange|p2a: Mimikyu|Mimikyu-Busted, L50, F\n|-damage|p2a: Mimikyu|89\/100|[from] pokemon: Mimikyu-Busted\n|\n|upkeep\n|turn|9\n|\n|t:|1700610720\n|move|p2a: Mimikyu|Shadow Sneak|p1a: Goro\n|-damage|p1a: Goro|0 fnt\n|faint|p1a: Goro\n|\n|win|Thudgore\n|c|\u2606Thudgore|good game\n|c|\u2606as-fly-as-sly|can you get replays\n|c|\u2606Thudgore|yeah sure\n|l|\u2606as-fly-as-sly\n","uploadtime":1700611003,"views":47,"p1id":"asflyassly","p2id":"thudgore","formatid":"gen9vgc2023regulatione","rating":0,"private":0,"password":""}