{"id":"gen9vgc2023regulatione-1994471971","p1":"Howell_HM01","p2":"hopoffitt","format":"[Gen 9] VGC 2023 Regulation E","log":"|j|\u2606Howell_HM01\n|j|\u2606hopoffitt\n|n|\u2606Howell_HM01|howellhm01\n|n|\u2606hopoffitt|hopoffitt\n|html|View the match progress at <a href=\"\/game-bestof3-gen9vgc2023regulatione-1994465174\">game-bestof3-gen9vgc2023regulatione-1994465174<\/a>\n|t:|1700447841\n|gametype|doubles\n|player|p1|Howell_HM01|brycen|\n|player|p2|hopoffitt|pokemaniac|\n|teamsize|p1|6\n|teamsize|p2|6\n|gen|9\n|tier|[Gen 9] VGC 2023 Regulation E\n|rule|Species Clause: Limit one of each Pok\u00e9mon\n|rule|Item Clause: Limit one of each item\n|clearpoke\n|poke|p1|Landorus-Therian, L50, M|\n|poke|p1|Ninetales-Alola, L50, M|\n|poke|p1|Baxcalibur, L50, F|\n|poke|p1|Rotom-Wash, L50|\n|poke|p1|Hariyama, L50, M|\n|poke|p1|Dusknoir, L50, M|\n|poke|p2|Palafin, L50, M|\n|poke|p2|Indeedee-F, L50, F|\n|poke|p2|Iron Hands, L50|\n|poke|p2|Ursaluna, L50, M|\n|poke|p2|Sinistcha, L50|\n|poke|p2|Tornadus-Therian, L50, M|\n|teampreview|4\nhopoffitt rejected open team sheets.\n|j| Oddball_Otter\n|j| thedukeoftacos\n|c| thedukeoftacos|when did they add the bo3 system in showdown?\n|c| Oddball_Otter|How am I just now seeing tornadus, it\u2019s so big and green how did I miss it last game\n|c| Oddball_Otter|Recently\n|c| Oddball_Otter|within the past monthish\n|\n|t:|1700447923\n|start\n|switch|p1a: Ninetales|Ninetales-Alola, L50, M|100\/100\n|switch|p1b: Dusknoir|Dusknoir, L50, M|100\/100\n|switch|p2a: Urn Han|Iron Hands, L50|100\/100\n|switch|p2b: Blue Hulk|Palafin, L50, M|100\/100\n|-weather|Snow|[from] ability: Snow Warning|[of] p1a: Ninetales\n|-item|p2a: Urn Han|Assault Vest|[from] ability: Frisk|[of] p1b: Dusknoir|[identify]\n|-item|p2b: Blue Hulk|Mystic Water|[from] ability: Frisk|[of] p1b: Dusknoir|[identify]\n|turn|1\n|j| Si13nt\n|j| LetsGetFluffy\n|\n|t:|1700447965\n|move|p2a: Urn Han|Fake Out|p1a: Ninetales\n|-damage|p1a: Ninetales|88\/100\n|move|p1a: Ninetales|Aurora Veil|p1a: Ninetales\n|-sidestart|p1: Howell_HM01|move: Aurora Veil\n|move|p2b: Blue Hulk|Flip Turn|p1b: Dusknoir\n|-damage|p1b: Dusknoir|87\/100\n|\n|t:|1700447977\n|detailschange|p2b: Blue Hulk|Palafin-Hero, L50, M\n|switch|p2b: BIG BIRD|Tornadus-Therian, L50, M|100\/100|[from] Flip Turn\n|move|p1b: Dusknoir|Will-O-Wisp|p2a: Urn Han\n|-status|p2a: Urn Han|brn\n|\n|-weather|Snow|[upkeep]\n|-damage|p2a: Urn Han|94\/100 brn|[from] brn\n|upkeep\n|turn|2\n|c| Oddball_Otter|Oh shoot real\n|c| thedukeoftacos|thats a spicy meatball right there\n|\n|t:|1700447994\n|move|p2b: BIG BIRD|Tailwind|p2b: BIG BIRD\n|-sidestart|p2: hopoffitt|move: Tailwind\n|move|p1a: Ninetales|Blizzard|p2a: Urn Han|[spread] p2a,p2b\n|-supereffective|p2b: BIG BIRD\n|-damage|p2a: Urn Han|81\/100 brn\n|-damage|p2b: BIG BIRD|46\/100\n|-status|p2b: BIG BIRD|frz\n|move|p2a: Urn Han|Drain Punch|p1a: Ninetales\n|-damage|p1a: Ninetales|77\/100\n|-heal|p2a: Urn Han|85\/100 brn|[from] drain|[of] p1a: Ninetales\n|move|p1b: Dusknoir|Night Shade|p2a: Urn Han\n|-damage|p2a: Urn Han|66\/100 brn\n|\n|-weather|Snow|[upkeep]\n|-damage|p2a: Urn Han|60\/100 brn|[from] brn\n|upkeep\n|turn|3\n|\n|t:|1700448017\n|cant|p2b: BIG BIRD|frz\n|move|p1a: Ninetales|Blizzard|p2a: Urn Han|[spread] p2a,p2b\n|-supereffective|p2b: BIG BIRD\n|-damage|p2a: Urn Han|45\/100 brn\n|-damage|p2b: BIG BIRD|0 fnt\n|faint|p2b: BIG BIRD\n|move|p2a: Urn Han|Drain Punch|p1a: Ninetales\n|-damage|p1a: Ninetales|67\/100\n|-heal|p2a: Urn Han|48\/100 brn|[from] drain|[of] p1a: Ninetales\n|move|p1b: Dusknoir|Night Shade|p2a: Urn Han\n|-damage|p2a: Urn Han|29\/100 brn\n|\n|-weather|Snow|[upkeep]\n|-damage|p2a: Urn Han|23\/100 brn|[from] brn\n|upkeep\n|\n|t:|1700448030\n|switch|p2b: Tea'd Up|Sinistcha, L50|100\/100\n|-heal|p2a: Urn Han|48\/100 brn|[from] ability: Hospitality|[of] p2b: Tea'd Up\n|turn|4\n|\n|t:|1700448051\n|-end|p2a: Urn Han|Quark Drive|[silent]\n|switch|p2a: Blue Hulk|Palafin-Hero, L50, M|100\/100\n|-activate|p2a: Blue Hulk|ability: Zero to Hero\n|-terastallize|p2b: Tea'd Up|Water\n|move|p2b: Tea'd Up|Matcha Gotcha|p1a: Ninetales|[spread] p1a,p1b\n|-damage|p1a: Ninetales|50\/100\n|-damage|p1b: Dusknoir|73\/100\n|move|p1a: Ninetales|Blizzard|p2b: Tea'd Up|[spread] p2a,p2b\n|-resisted|p2a: Blue Hulk\n|-crit|p2a: Blue Hulk\n|-resisted|p2b: Tea'd Up\n|-damage|p2a: Blue Hulk|82\/100\n|-damage|p2b: Tea'd Up|90\/100\n|move|p1b: Dusknoir|Night Shade|p2a: Blue Hulk\n|-damage|p2a: Blue Hulk|53\/100\n|\n|-weather|Snow|[upkeep]\n|upkeep\n|turn|5\n|c| Si13nt|I love the smell of bruned hands deep in the night XD\n|\n|t:|1700448086\n|move|p2a: Blue Hulk|Wave Crash|p1a: Ninetales\n|-damage|p1a: Ninetales|0 fnt\n|faint|p1a: Ninetales\n|-damage|p2a: Blue Hulk|37\/100|[from] Recoil\n|move|p2b: Tea'd Up|Matcha Gotcha|p1b: Dusknoir\n|-damage|p1b: Dusknoir|52\/100\n|-heal|p2b: Tea'd Up|99\/100|[from] drain|[of] p1b: Dusknoir\n|move|p1b: Dusknoir|Will-O-Wisp|p2a: Blue Hulk\n|-status|p2a: Blue Hulk|brn\n|\n|-weather|none\n|-damage|p2a: Blue Hulk|31\/100 brn|[from] brn\n|-sideend|p2: hopoffitt|move: Tailwind\n|-sideend|p1: Howell_HM01|move: Aurora Veil\n|upkeep\n|c| Oddball_Otter|Urn hans\n|\n|t:|1700448105\n|switch|p1a: Landorus|Landorus-Therian, L50, M|100\/100\n|-ability|p1a: Landorus|Intimidate|boost\n|-unboost|p2a: Blue Hulk|atk|1\n|-unboost|p2b: Tea'd Up|atk|1\n|turn|6\n|\n|t:|1700448118\n|switch|p2b: Urn Han|Iron Hands, L50|48\/100 brn\n|-terastallize|p1a: Landorus|Grass\n|move|p2a: Blue Hulk|Protect|p2a: Blue Hulk\n|-singleturn|p2a: Blue Hulk|Protect\n|move|p1a: Landorus|Tera Blast|p2b: Urn Han|[anim] Tera Blast Grass\n|-damage|p2b: Urn Han|20\/100 brn\n|move|p1b: Dusknoir|Night Shade|p2a: Blue Hulk\n|-activate|p2a: Blue Hulk|move: Protect\n|\n|-damage|p2a: Blue Hulk|25\/100 brn|[from] brn\n|-damage|p2b: Urn Han|14\/100 brn|[from] brn\n|upkeep\n|turn|7\n|c| Oddball_Otter|The nickname game is on point btw\n|\n|t:|1700448141\n|move|p2b: Urn Han|Fake Out|p1a: Landorus\n|-damage|p1a: Landorus|93\/100\n|cant|p1a: Landorus|flinch\n|move|p2a: Blue Hulk|Ice Punch|p1a: Landorus\n|-supereffective|p1a: Landorus\n|-damage|p1a: Landorus|71\/100\n|move|p1b: Dusknoir|Night Shade|p2a: Blue Hulk\n|-damage|p2a: Blue Hulk|0 fnt\n|faint|p2a: Blue Hulk\n|\n|-damage|p2b: Urn Han|8\/100 brn|[from] brn\n|upkeep\n|c| thedukeoftacos|dusknoir putting in honest work\n|\n|t:|1700448151\n|switch|p2a: Tea'd Up|Sinistcha, L50, tera:Water|99\/100\n|-heal|p2b: Urn Han|33\/100 brn|[from] ability: Hospitality|[of] p2a: Tea'd Up\n|turn|8\n|c| Si13nt|In willow I trust\n|c| Oddball_Otter|Dusknoir w right there, love that guy\n|\n|t:|1700448172\n|move|p1a: Landorus|Tera Blast|p2a: Tea'd Up|[anim] Tera Blast Grass\n|-supereffective|p2a: Tea'd Up\n|-damage|p2a: Tea'd Up|22\/100\n|-enditem|p2a: Tea'd Up|Sitrus Berry|[eat]\n|-heal|p2a: Tea'd Up|47\/100|[from] item: Sitrus Berry\n|move|p2a: Tea'd Up|Matcha Gotcha|p1b: Dusknoir|[spread] p1a,p1b\n|-resisted|p1a: Landorus\n|-crit|p1a: Landorus\n|-damage|p1a: Landorus|48\/100\n|-heal|p2a: Tea'd Up|59\/100|[from] drain|[of] p1a: Landorus\n|-damage|p1b: Dusknoir|32\/100\n|-heal|p2a: Tea'd Up|68\/100|[from] drain|[of] p1b: Dusknoir\n|move|p2b: Urn Han|Drain Punch|p1a: Landorus\n|-damage|p1a: Landorus|25\/100\n|-heal|p2b: Urn Han|41\/100 brn|[from] drain|[of] p1a: Landorus\n|move|p1b: Dusknoir|Night Shade|p2b: Urn Han\n|-damage|p2b: Urn Han|22\/100 brn\n|\n|-damage|p2b: Urn Han|16\/100 brn|[from] brn\n|upkeep\n|turn|9\n|\n|t:|1700448203\n|move|p1a: Landorus|Tera Blast|p2a: Tea'd Up|[anim] Tera Blast Grass\n|-supereffective|p2a: Tea'd Up\n|-damage|p2a: Tea'd Up|0 fnt\n|faint|p2a: Tea'd Up\n|move|p2b: Urn Han|Drain Punch|p1a: Landorus\n|-damage|p1a: Landorus|3\/100\n|-heal|p2b: Urn Han|23\/100 brn|[from] drain|[of] p1a: Landorus\n|move|p1b: Dusknoir|Night Shade|p2b: Urn Han\n|-damage|p2b: Urn Han|4\/100 brn\n|\n|-damage|p2b: Urn Han|0 fnt|[from] brn\n|faint|p2b: Urn Han\n|-end|p2b: Urn Han|Quark Drive|[silent]\n|\n|win|Howell_HM01\n|upkeep\n|inactive|Howell_HM01 has 50 seconds to confirm battle start!\n|inactive|hopoffitt has 50 seconds to confirm battle start!\n|c|&|\/uhtml prompt-howellhm01,Howell_HM01 is ready for game 3!\n|inactive|hopoffitt has 40 seconds to confirm battle start!\n|c|&|\/uhtml prompt-hopoffitt,hopoffitt is ready for game 3!\nBoth players are ready! Starting next match!\n|l| Oddball_Otter\n|j| ruwisc\n|l| ruwisc\n","uploadtime":1700448218,"views":49,"p1id":"howellhm01","p2id":"hopoffitt","formatid":"gen9vgc2023regulatione","rating":0,"private":0,"password":""}