{"id":"gen9vgc2023regulatione-1992006135","p1":"Mishima14","p2":"SacredArmadillo","format":"[Gen 9] VGC 2023 Regulation E","log":"|j|\u2606Mishima14\n|j|\u2606SacredArmadillo\n|t:|1700147098\n|gametype|doubles\n|player|p1|Mishima14|n|1418\n|player|p2|SacredArmadillo|ash|1447\n|teamsize|p1|6\n|teamsize|p2|6\n|gen|9\n|tier|[Gen 9] VGC 2023 Regulation E\n|rated|\n|rule|Species Clause: Limit one of each Pok\u00e9mon\n|rule|Item Clause: Limit one of each item\n|clearpoke\n|poke|p1|Gholdengo, L50|\n|poke|p1|Roaring Moon, L50|\n|poke|p1|Landorus-Therian, L50, M|\n|poke|p1|Ogerpon-Wellspring, L50, F|\n|poke|p1|Iron Hands, L50|\n|poke|p1|Chi-Yu, L50|\n|poke|p2|Torkoal, L50, M|\n|poke|p2|Indeedee-F, L50, F|\n|poke|p2|Armarouge, L50, M|\n|poke|p2|Urshifu-*, L50, M|\n|poke|p2|Ursaluna, L50, F|\n|poke|p2|Roaring Moon, L50|\n|teampreview|4\n|inactive|Battle timer is ON: inactive players will automatically lose when time's up. (requested by Mishima14)\n|inactive|SacredArmadillo has 60 seconds left.\n|\n|t:|1700147155\n|start\n|switch|p1a: Roaring Moon|Roaring Moon, L50|100\/100\n|switch|p1b: Chi-Yu|Chi-Yu, L50|100\/100\n|switch|p2a: Urshifu|Urshifu-Rapid-Strike, L50, M|100\/100\n|switch|p2b: Armarouge|Armarouge, L50, M|100\/100\n|-ability|p1b: Chi-Yu|Beads of Ruin\n|-enditem|p1a: Roaring Moon|Booster Energy\n|-activate|p1a: Roaring Moon|ability: Protosynthesis|[fromitem]\n|-start|p1a: Roaring Moon|protosynthesisspe\n|turn|1\n|inactive|SacredArmadillo has 30 seconds left.\n|inactive|Mishima14 has 30 seconds left.\n|inactive|SacredArmadillo has 20 seconds left.\n|\n|t:|1700147192\n|switch|p1b: Ogerpon|Ogerpon-Wellspring, L50, F|100\/100\n|switch|p2b: Roaring Moon|Roaring Moon, L50|100\/100\n|-enditem|p2b: Roaring Moon|Booster Energy\n|-activate|p2b: Roaring Moon|ability: Protosynthesis|[fromitem]\n|-start|p2b: Roaring Moon|protosynthesisspe\n|move|p1a: Roaring Moon|Knock Off|p2b: Roaring Moon\n|-resisted|p2b: Roaring Moon\n|-damage|p2b: Roaring Moon|78\/100\n|move|p2a: Urshifu|Close Combat|p1a: Roaring Moon\n|-supereffective|p1a: Roaring Moon\n|-damage|p1a: Roaring Moon|0 fnt\n|-unboost|p2a: Urshifu|def|1\n|-unboost|p2a: Urshifu|spd|1\n|faint|p1a: Roaring Moon\n|-end|p1a: Roaring Moon|Protosynthesis|[silent]\n|\n|upkeep\n|\n|t:|1700147211\n|switch|p1a: Chi-Yu|Chi-Yu, L50|100\/100\n|-ability|p1a: Chi-Yu|Beads of Ruin\n|turn|2\n|\n|t:|1700147223\n|move|p1b: Ogerpon|Follow Me|p1b: Ogerpon\n|-singleturn|p1b: Ogerpon|move: Follow Me\n|move|p2b: Roaring Moon|Tailwind|p2b: Roaring Moon\n|-sidestart|p2: SacredArmadillo|move: Tailwind\n|move|p2a: Urshifu|Close Combat|p1b: Ogerpon\n|-damage|p1b: Ogerpon|33\/100\n|-unboost|p2a: Urshifu|def|1\n|-unboost|p2a: Urshifu|spd|1\n|move|p1a: Chi-Yu|Heat Wave|p2b: Roaring Moon|[spread] p2a,p2b\n|-resisted|p2a: Urshifu\n|-resisted|p2b: Roaring Moon\n|-damage|p2a: Urshifu|14\/100\n|-damage|p2b: Roaring Moon|52\/100\n|-status|p2a: Urshifu|brn\n|\n|-damage|p2a: Urshifu|7\/100 brn|[from] brn\n|upkeep\n|turn|3\n|inactive|SacredArmadillo has 30 seconds left.\n|\n|t:|1700147248\n|switch|p2a: Indeedee|Indeedee-F, L50, F|100\/100\n|-fieldstart|move: Psychic Terrain|[from] ability: Psychic Surge|[of] p2a: Indeedee\n|move|p1b: Ogerpon|Follow Me|p1b: Ogerpon\n|-singleturn|p1b: Ogerpon|move: Follow Me\n|move|p2b: Roaring Moon|Acrobatics|p1b: Ogerpon\n|-supereffective|p1b: Ogerpon\n|-damage|p1b: Ogerpon|0 fnt\n|faint|p1b: Ogerpon\n|move|p1a: Chi-Yu|Heat Wave|p2b: Roaring Moon|[spread] p2a,p2b\n|-resisted|p2b: Roaring Moon\n|-damage|p2a: Indeedee|51\/100\n|-damage|p2b: Roaring Moon|24\/100\n|-status|p2a: Indeedee|brn\n|\n|-damage|p2a: Indeedee|45\/100 brn|[from] brn\n|upkeep\n|\n|t:|1700147262\n|switch|p1b: Landorus|Landorus-Therian, L50, M, shiny|100\/100\n|-ability|p1b: Landorus|Intimidate|boost\n|-unboost|p2a: Indeedee|atk|1\n|-unboost|p2b: Roaring Moon|atk|1\n|turn|4\n|\n|t:|1700147285\n|-terastallize|p1b: Landorus|Flying\n|move|p2a: Indeedee|Helping Hand|p2b: Roaring Moon\n|-singleturn|p2b: Roaring Moon|Helping Hand|[of] p2a: Indeedee\n|move|p2b: Roaring Moon|Earthquake|p1b: Landorus|[spread] p2a,p1a\n|-immune|p1b: Landorus\n|-supereffective|p1a: Chi-Yu\n|-damage|p2a: Indeedee|20\/100 brn\n|-damage|p1a: Chi-Yu|18\/100\n|move|p1b: Landorus|Tera Blast|p2b: Roaring Moon|[anim] Tera Blast Flying\n|-damage|p2b: Roaring Moon|0 fnt\n|faint|p2b: Roaring Moon\n|-end|p2b: Roaring Moon|Protosynthesis|[silent]\n|move|p1a: Chi-Yu|Heat Wave|p2a: Indeedee\n|-crit|p2a: Indeedee\n|-damage|p2a: Indeedee|0 fnt\n|faint|p2a: Indeedee\n|\n|upkeep\n|\n|t:|1700147301\n|switch|p2b: Armarouge|Armarouge, L50, M|100\/100\n|switch|p2a: Urshifu|Urshifu-Rapid-Strike, L50, M|7\/100 brn\n|turn|5\n|\n|t:|1700147324\n|move|p2a: Urshifu|Surging Strikes|p1a: Chi-Yu\n|-supereffective|p1a: Chi-Yu\n|-crit|p1a: Chi-Yu\n|-damage|p1a: Chi-Yu|0 fnt\n|faint|p1a: Chi-Yu\n|-hitcount|p1: Chi-Yu|1\n|move|p1b: Landorus|Tera Blast|p2a: Urshifu|[anim] Tera Blast Flying\n|-supereffective|p2a: Urshifu\n|-damage|p2a: Urshifu|0 fnt\n|faint|p2a: Urshifu\n|move|p2b: Armarouge|Expanding Force|p1b: Landorus\n|-damage|p1b: Landorus|0 fnt\n|faint|p1b: Landorus\n|\n|win|SacredArmadillo\n|raw|Mishima14's rating: 1418 &rarr; <strong>1400<\/strong><br \/>(-18 for losing)\n|raw|SacredArmadillo's rating: 1447 &rarr; <strong>1465<\/strong><br \/>(+18 for winning)\n|l|\u2606Mishima14\n","uploadtime":1700147343,"views":21,"p1id":"mishima14","p2id":"sacredarmadillo","formatid":"gen9vgc2023regulatione","rating":1400,"private":0,"password":""}