{"id":"gen9vgc2023regulatione-1998084179","p1":"leafyarrow","p2":"Mrcaffeine","format":"[Gen 9] VGC 2023 Regulation E","log":"|j|\u2606leafyarrow\n|j|\u2606Mrcaffeine\n|t:|1700888678\n|gametype|doubles\n|player|p1|leafyarrow|selene|\n|player|p2|Mrcaffeine|n|\n|teamsize|p1|6\n|teamsize|p2|6\n|gen|9\n|tier|[Gen 9] VGC 2023 Regulation E\n|rule|Species Clause: Limit one of each Pok\u00e9mon\n|rule|Item Clause: Limit one of each item\n|clearpoke\n|poke|p1|Farigiraf, L50, F|\n|poke|p1|Arcanine-Hisui, L50, F|\n|poke|p1|Landorus, L50, M|\n|poke|p1|Rillaboom, L50, M|\n|poke|p1|Urshifu-*, L50, F|\n|poke|p1|Regieleki, L50|\n|poke|p2|Tornadus, L50, M|\n|poke|p2|Urshifu-*, L50, M|\n|poke|p2|Flutter Mane, L50|\n|poke|p2|Iron Hands, L50|\n|poke|p2|Amoonguss, L50, F|\n|poke|p2|Arcanine-Hisui, L50, F|\n|teampreview|4\nleafyarrow has agreed to open team sheets.\nMrcaffeine has agreed to open team sheets.\n|showteam|p1|Farigiraf||RockyHelmet|ArmorTail|HelpingHand,DazzlingGleam,TrickRoom,Psychic|||F|||50|,,,,,Fairy]Arcanine-Hisui||ChoiceBand|Intimidate|TeraBlast,ExtremeSpeed,FlareBlitz,RockSlide|||F|||50|,,,,,Fairy]Landorus||LifeOrb|SheerForce|EarthPower,SludgeBomb,SandsearStorm,Protect|||M|||50|,,,,,Poison]Rillaboom||MiracleSeed|GrassySurge|GrassyGlide,Uturn,WoodHammer,FakeOut|||M|||50|,,,,,Grass]Urshifu-Rapid-Strike||MysticWater|UnseenFist|CloseCombat,SurgingStrikes,AquaJet,Protect|||F|||50|,,,,,Water]Regieleki||Magnet|Transistor|Electroweb,Thunderbolt,TeraBlast,Protect||||||50|,,,,,Ice\n|showteam|p2|Tornadus||CovertCloak|Prankster|BleakwindStorm,Tailwind,Taunt,Protect|||M|||50|,,,,,Flying]Urshifu-Rapid-Strike||MysticWater|UnseenFist|SurgingStrikes,CloseCombat,AquaJet,Protect|||M|||50|,,,,,Water]Flutter Mane||ChoiceSpecs|Protosynthesis|DazzlingGleam,Moonblast,ShadowBall,Thunderbolt||||||50|,,,,,Fairy]Iron Hands||AssaultVest|QuarkDrive|FakeOut,WildCharge,HeavySlam,DrainPunch||||||50|,,,,,Grass]Amoonguss||RockyHelmet|Regenerator|Spore,RagePowder,PollenPuff,Protect|||F|||50|,,,,,Water]Arcanine-Hisui||SitrusBerry|Intimidate|RockSlide,ExtremeSpeed,FlareBlitz,WillOWisp|||F|||50|,,,,,Water\n|\n|t:|1700888705\n|start\n|switch|p1a: Rillaboom|Rillaboom, L50, M|100\/100\n|switch|p1b: Farigiraf|Farigiraf, L50, F|100\/100\n|switch|p2a: Tornadus|Tornadus, L50, M|100\/100\n|switch|p2b: Flutter Mane|Flutter Mane, L50|100\/100\n|-fieldstart|move: Grassy Terrain|[from] ability: Grassy Surge|[of] p1a: Rillaboom\n|turn|1\n|\n|t:|1700888729\n|-terastallize|p1a: Rillaboom|Grass\n|move|p2a: Tornadus|Taunt||[still]\n|cant|p1b: Farigiraf|ability: Armor Tail|Taunt|[of] p2a: Tornadus\n|move|p1a: Rillaboom|Grassy Glide|p2b: Flutter Mane\n|-damage|p2b: Flutter Mane|0 fnt\n|faint|p2b: Flutter Mane\n|-end|p2b: Flutter Mane|Protosynthesis|[silent]\n|move|p1b: Farigiraf|Trick Room|p1b: Farigiraf\n|-fieldstart|move: Trick Room|[of] p1b: Farigiraf\n|\n|upkeep\n|\n|t:|1700888739\n|switch|p2b: Arcanine|Arcanine-Hisui, L50, F|100\/100\n|-ability|p2b: Arcanine|Intimidate|boost\n|-unboost|p1a: Rillaboom|atk|1\n|-unboost|p1b: Farigiraf|atk|1\n|turn|2\n|\n|t:|1700888748\n|move|p1b: Farigiraf|Psychic|p2b: Arcanine\n|-damage|p2b: Arcanine|56\/100\n|move|p1a: Rillaboom|Wood Hammer|p2b: Arcanine\n|-damage|p2b: Arcanine|0 fnt\n|faint|p2b: Arcanine\n|-damage|p1a: Rillaboom|83\/100|[from] Recoil\n|move|p2a: Tornadus|Bleakwind Storm|p1a: Rillaboom|[spread] p1a\n|-miss|p2a: Tornadus|p1b: Farigiraf\n|-supereffective|p1a: Rillaboom\n|-damage|p1a: Rillaboom|7\/100\n|\n|-heal|p1a: Rillaboom|13\/100|[from] Grassy Terrain\n|upkeep\n|\n|t:|1700888758\n|switch|p2b: Urshifu|Urshifu-Rapid-Strike, L50, M|100\/100\n|turn|3\n|\n|t:|1700888776\n|switch|p1a: Arcanine|Arcanine-Hisui, L50, F|100\/100\n|-ability|p1a: Arcanine|Intimidate|boost\n|-unboost|p2a: Tornadus|atk|1\n|-unboost|p2b: Urshifu|atk|1\n|-terastallize|p2b: Urshifu|Water\n|move|p2b: Urshifu|Protect|p2b: Urshifu\n|-singleturn|p2b: Urshifu|Protect\n|move|p1b: Farigiraf|Psychic|p2b: Urshifu\n|-activate|p2b: Urshifu|move: Protect\n|move|p2a: Tornadus|Bleakwind Storm|p1a: Arcanine|[spread] p1a,p1b\n|-resisted|p1a: Arcanine\n|-damage|p1a: Arcanine|83\/100\n|-damage|p1b: Farigiraf|66\/100\n|-unboost|p1a: Arcanine|spe|1\n|\n|-heal|p1a: Arcanine|89\/100|[from] Grassy Terrain\n|-heal|p1b: Farigiraf|72\/100|[from] Grassy Terrain\n|upkeep\n|turn|4\n|\n|t:|1700888799\n|move|p1a: Arcanine|Extreme Speed|p2b: Urshifu\n|-damage|p2b: Urshifu|62\/100\n|move|p1b: Farigiraf|Psychic|p2b: Urshifu\n|-damage|p2b: Urshifu|6\/100\n|move|p2b: Urshifu|Surging Strikes|p1a: Arcanine\n|-supereffective|p1a: Arcanine\n|-crit|p1a: Arcanine\n|-damage|p1a: Arcanine|0 fnt\n|faint|p1a: Arcanine\n|-hitcount|p1: Arcanine|1\n|move|p2a: Tornadus|Bleakwind Storm|p1b: Farigiraf\n|-damage|p1b: Farigiraf|30\/100\n|\n|-heal|p1b: Farigiraf|36\/100|[from] Grassy Terrain\n|-heal|p2b: Urshifu|12\/100|[from] Grassy Terrain\n|upkeep\n|\n|t:|1700888816\n|switch|p1a: Landorus|Landorus, L50, M|100\/100\n|turn|5\n|\n|t:|1700888822\n|move|p2a: Tornadus|Protect|p2a: Tornadus\n|-singleturn|p2a: Tornadus|Protect\n|move|p2b: Urshifu|Protect|p2b: Urshifu\n|-singleturn|p2b: Urshifu|Protect\n|move|p1b: Farigiraf|Psychic|p2a: Tornadus\n|-activate|p2a: Tornadus|move: Protect\n|move|p1a: Landorus|Sludge Bomb|p2a: Tornadus\n|-activate|p2a: Tornadus|move: Protect\n|\n|-heal|p1b: Farigiraf|42\/100|[from] Grassy Terrain\n|-heal|p2b: Urshifu|18\/100|[from] Grassy Terrain\n|-fieldend|move: Trick Room\n|-fieldend|move: Grassy Terrain\n|upkeep\n|turn|6\n|\n|t:|1700888862\n|move|p2a: Tornadus|Bleakwind Storm|p1b: Farigiraf|[spread] p1a,p1b\n|-damage|p1a: Landorus|55\/100\n|-damage|p1b: Farigiraf|12\/100\n|move|p1a: Landorus|Sludge Bomb|p2b: Urshifu\n|-damage|p2b: Urshifu|0 fnt\n|faint|p2b: Urshifu\n|move|p1b: Farigiraf|Dazzling Gleam|p2a: Tornadus\n|-damage|p2a: Tornadus|69\/100\n|\n|upkeep\n|turn|7\n|\n|t:|1700888884\n|move|p2a: Tornadus|Bleakwind Storm|p1a: Landorus|[spread] p1b\n|-miss|p2a: Tornadus|p1a: Landorus\n|-damage|p1b: Farigiraf|0 fnt\n|faint|p1b: Farigiraf\n|move|p1a: Landorus|Sludge Bomb|p2a: Tornadus\n|-damage|p2a: Tornadus|12\/100\n|\n|upkeep\n|\n|t:|1700888891\n|switch|p1b: Rillaboom|Rillaboom, L50, M, tera:Grass|13\/100\n|-fieldstart|move: Grassy Terrain|[from] ability: Grassy Surge|[of] p1b: Rillaboom\n|turn|8\n|\n|t:|1700888897\n|move|p2a: Tornadus|Protect|p2a: Tornadus\n|-singleturn|p2a: Tornadus|Protect\n|move|p1b: Rillaboom|Grassy Glide|p2a: Tornadus\n|-activate|p2a: Tornadus|move: Protect\n|move|p1a: Landorus|Sludge Bomb|p2a: Tornadus\n|-activate|p2a: Tornadus|move: Protect\n|\n|-heal|p1b: Rillaboom|19\/100|[from] Grassy Terrain\n|upkeep\n|turn|9\n|\n|t:|1700888903\n|move|p1b: Rillaboom|Grassy Glide|p2a: Tornadus\n|-resisted|p2a: Tornadus\n|-damage|p2a: Tornadus|0 fnt\n|faint|p2a: Tornadus\n|\n|win|leafyarrow\n|c|\u2606Mrcaffeine|ggs thanks for the game\n|c|\u2606leafyarrow|ggs\n","uploadtime":1700888953,"views":13,"p1id":"leafyarrow","p2id":"mrcaffeine","formatid":"gen9vgc2023regulatione","rating":0,"private":0,"password":""}