{"id":"gen9vgc2023regulatione-1989414410","p1":"mil0battles","p2":"Slowlat","format":"[Gen 9] VGC 2023 Regulation E","log":"|j|\u2606mil0battles\n|j|\u2606Slowlat\n|t:|1699847185\n|gametype|doubles\n|player|p1|mil0battles|1|1648\n|player|p2|Slowlat|medium|1563\n|teamsize|p1|6\n|teamsize|p2|6\n|gen|9\n|tier|[Gen 9] VGC 2023 Regulation E\n|rated|\n|rule|Species Clause: Limit one of each Pok\u00e9mon\n|rule|Item Clause: Limit one of each item\n|clearpoke\n|poke|p1|Dondozo, L50, F|\n|poke|p1|Tatsugiri, L50, M|\n|poke|p1|Glimmora, L50, M|\n|poke|p1|Flutter Mane, L50|\n|poke|p1|Ninetales-Alola, L50, M|\n|poke|p1|Iron Hands, L50|\n|poke|p2|Grimmsnarl, L50, M|\n|poke|p2|Ursaluna-Bloodmoon, L50, M|\n|poke|p2|Arcanine-Hisui, L50, F|\n|poke|p2|Iron Hands, L50|\n|poke|p2|Sinistcha, L50|\n|poke|p2|Regieleki, L50|\n|teampreview|4\n|inactive|Battle timer is ON: inactive players will automatically lose when time's up. (requested by mil0battles)\n|\n|t:|1699847197\n|start\n|switch|p1a: Flutter Mane|Flutter Mane, L50|100\/100\n|switch|p1b: Ninetales|Ninetales-Alola, L50, M|100\/100\n|switch|p2a: Regieleki|Regieleki, L50|100\/100\n|switch|p2b: Sinistcha|Sinistcha, L50|100\/100\n|-weather|Snow|[from] ability: Snow Warning|[of] p1b: Ninetales\n|turn|1\n|\n|t:|1699847216\n|move|p2a: Regieleki|Wild Charge|p1a: Flutter Mane\n|-damage|p1a: Flutter Mane|0 fnt\n|faint|p1a: Flutter Mane\n|-end|p1a: Flutter Mane|Protosynthesis|[silent]\n|-damage|p2a: Regieleki|78\/100|[from] Recoil\n|move|p1b: Ninetales|Aurora Veil|p1b: Ninetales\n|-sidestart|p1: mil0battles|move: Aurora Veil\n|move|p2b: Sinistcha|Trick Room|p2b: Sinistcha\n|-fieldstart|move: Trick Room|[of] p2b: Sinistcha\n|\n|-weather|Snow|[upkeep]\n|upkeep\n|\n|t:|1699847220\n|switch|p1a: Dondozo|Dondozo, L50, F|100\/100\n|turn|2\n|\n|t:|1699847229\n|switch|p2a: Iron Hands|Iron Hands, L50|100\/100\n|move|p1a: Dondozo|Protect|p1a: Dondozo\n|-singleturn|p1a: Dondozo|Protect\n|move|p2b: Sinistcha|Matcha Gotcha|p1b: Ninetales|[spread] p1b\n|-activate|p1a: Dondozo|move: Protect\n|-damage|p1b: Ninetales|80\/100\n|move|p1b: Ninetales|Blizzard|p2a: Iron Hands|[spread] p2a,p2b\n|-supereffective|p2b: Sinistcha\n|-damage|p2a: Iron Hands|81\/100\n|-damage|p2b: Sinistcha|25\/100\n|\n|-weather|Snow|[upkeep]\n|upkeep\n|turn|3\n|\n|t:|1699847247\n|switch|p1b: Tatsugiri|Tatsugiri, L50, M|100\/100\n|-activate|p1b: Tatsugiri|ability: Commander|[of] p1a: Dondozo\n|-boost|p1a: Dondozo|atk|2\n|-boost|p1a: Dondozo|spa|2\n|-boost|p1a: Dondozo|spe|2\n|-boost|p1a: Dondozo|def|2\n|-boost|p1a: Dondozo|spd|2\n|-terastallize|p1a: Dondozo|Dragon\n|move|p2a: Iron Hands|Wild Charge|p1a: Dondozo\n|-resisted|p1a: Dondozo\n|-damage|p1a: Dondozo|94\/100\n|-damage|p2a: Iron Hands|79\/100|[from] Recoil\n|move|p2b: Sinistcha|Strength Sap|p1a: Dondozo\n|-unboost|p1a: Dondozo|atk|1\n|-heal|p2b: Sinistcha|100\/100\n|move|p1a: Dondozo|Earthquake|p2a: Iron Hands|[spread] p2a,p2b\n|-miss|p1a: Dondozo|p1b: Tatsugiri\n|-supereffective|p2a: Iron Hands\n|-resisted|p2b: Sinistcha\n|-damage|p2a: Iron Hands|33\/100\n|-damage|p2b: Sinistcha|89\/100\n|\n|-weather|Snow|[upkeep]\n|-heal|p1a: Dondozo|100\/100|[from] item: Leftovers\n|upkeep\n|turn|4\n|\n|t:|1699847261\n|move|p2a: Iron Hands|Drain Punch|p1a: Dondozo\n|-damage|p1a: Dondozo|90\/100\n|-heal|p2a: Iron Hands|38\/100|[from] drain|[of] p1a: Dondozo\n|move|p2b: Sinistcha|Strength Sap|p1a: Dondozo\n|-unboost|p1a: Dondozo|atk|1\n|-heal|p2b: Sinistcha|100\/100\n|move|p1a: Dondozo|Earthquake|p2b: Sinistcha|[spread] p2a,p2b\n|-miss|p1a: Dondozo|p1b: Tatsugiri\n|-supereffective|p2a: Iron Hands\n|-resisted|p2b: Sinistcha\n|-damage|p2a: Iron Hands|10\/100\n|-damage|p2b: Sinistcha|92\/100\n|\n|-weather|Snow|[upkeep]\n|-heal|p1a: Dondozo|96\/100|[from] item: Leftovers\n|upkeep\n|turn|5\n|\n|t:|1699847271\n|move|p2a: Iron Hands|Drain Punch|p1a: Dondozo\n|-damage|p1a: Dondozo|84\/100\n|-heal|p2a: Iron Hands|15\/100|[from] drain|[of] p1a: Dondozo\n|move|p2b: Sinistcha|Strength Sap|p1a: Dondozo\n|-unboost|p1a: Dondozo|atk|1\n|-heal|p2b: Sinistcha|100\/100\n|move|p1a: Dondozo|Order Up|p2a: Iron Hands\n|-damage|p2a: Iron Hands|0 fnt\n|faint|p2a: Iron Hands\n|-end|p2a: Iron Hands|Quark Drive|[silent]\n|-boost|p1a: Dondozo|atk|1\n|\n|-weather|none\n|-heal|p1a: Dondozo|90\/100|[from] item: Leftovers\n|-fieldend|move: Trick Room\n|upkeep\n|\n|t:|1699847280\n|switch|p2a: Regieleki|Regieleki, L50|78\/100\n|turn|6\n|\n|t:|1699847294\n|switch|p2a: Ursaluna|Ursaluna-Bloodmoon, L50, M|100\/100\n|move|p1a: Dondozo|Order Up|p2a: Ursaluna\n|-crit|p2a: Ursaluna\n|-damage|p2a: Ursaluna|57\/100\n|-boost|p1a: Dondozo|atk|1\n|move|p2b: Sinistcha|Trick Room|p2b: Sinistcha\n|-fieldstart|move: Trick Room|[of] p2b: Sinistcha\n|\n|-heal|p1a: Dondozo|96\/100|[from] item: Leftovers\n|upkeep\n|turn|7\n|\n|t:|1699847309\n|-terastallize|p2a: Ursaluna|Normal\n|move|p1a: Dondozo|Protect|p1a: Dondozo\n|-singleturn|p1a: Dondozo|Protect\n|move|p2a: Ursaluna|Blood Moon|p1a: Dondozo\n|-activate|p1a: Dondozo|move: Protect\n|move|p2b: Sinistcha|Matcha Gotcha|p1a: Dondozo|[spread] \n|-miss|p2b: Sinistcha|p1b: Tatsugiri\n|-activate|p1a: Dondozo|move: Protect\n|\n|-heal|p1a: Dondozo|100\/100|[from] item: Leftovers\n|upkeep\n|turn|8\n|\n|t:|1699847319\n|move|p2a: Ursaluna|Protect|p2a: Ursaluna\n|-singleturn|p2a: Ursaluna|Protect\n|move|p2b: Sinistcha|Strength Sap|p1a: Dondozo\n|-unboost|p1a: Dondozo|atk|1\n|move|p1a: Dondozo|Order Up|p2a: Ursaluna\n|-activate|p2a: Ursaluna|move: Protect\n|\n|-sideend|p1: mil0battles|move: Aurora Veil\n|upkeep\n|turn|9\n|\n|t:|1699847332\n|move|p1a: Dondozo|Protect|p1a: Dondozo\n|-singleturn|p1a: Dondozo|Protect\n|move|p2a: Ursaluna|Earth Power|p1a: Dondozo\n|-activate|p1a: Dondozo|move: Protect\n|move|p2b: Sinistcha|Strength Sap|p1a: Dondozo\n|-activate|p1a: Dondozo|move: Protect\n|\n|upkeep\n|turn|10\n|j| PcistaMasterRace\n|\n|t:|1699847339\n|move|p2a: Ursaluna|Blood Moon|p1a: Dondozo\n|-damage|p1a: Dondozo|37\/100\n|move|p2b: Sinistcha|Strength Sap|p1a: Dondozo\n|-unboost|p1a: Dondozo|atk|1\n|move|p1a: Dondozo|Order Up|p2a: Ursaluna\n|-damage|p2a: Ursaluna|38\/100\n|-boost|p1a: Dondozo|atk|1\n|\n|-heal|p1a: Dondozo|44\/100|[from] item: Leftovers\n|-fieldend|move: Trick Room\n|upkeep\n|turn|11\n|\n|t:|1699847347\n|move|p2a: Ursaluna|Protect|p2a: Ursaluna\n|-singleturn|p2a: Ursaluna|Protect\n|move|p1a: Dondozo|Order Up|p2a: Ursaluna\n|-activate|p2a: Ursaluna|move: Protect\n|move|p2b: Sinistcha|Trick Room|p2b: Sinistcha\n|-fieldstart|move: Trick Room|[of] p2b: Sinistcha\n|\n|-heal|p1a: Dondozo|50\/100|[from] item: Leftovers\n|upkeep\n|turn|12\n|\n|t:|1699847356\n|move|p2a: Ursaluna|Earth Power|p1a: Dondozo\n|-damage|p1a: Dondozo|20\/100\n|move|p2b: Sinistcha|Shadow Ball|p1a: Dondozo\n|-damage|p1a: Dondozo|1\/100\n|move|p1a: Dondozo|Order Up|p2a: Ursaluna\n|-damage|p2a: Ursaluna|9\/100\n|-boost|p1a: Dondozo|atk|1\n|\n|-heal|p1a: Dondozo|8\/100|[from] item: Leftovers\n|upkeep\n|turn|13\n|j| thomas shelby 1\n|\n|t:|1699847368\n|move|p1a: Dondozo|Protect|p1a: Dondozo\n|-singleturn|p1a: Dondozo|Protect\n|move|p2a: Ursaluna|Earth Power|p1a: Dondozo\n|-activate|p1a: Dondozo|move: Protect\n|move|p2b: Sinistcha|Shadow Ball|p1a: Dondozo\n|-activate|p1a: Dondozo|move: Protect\n|\n|-heal|p1a: Dondozo|14\/100|[from] item: Leftovers\n|upkeep\n|turn|14\n|\n|t:|1699847375\n|move|p1a: Dondozo|Protect||[still]\n|-fail|p1a: Dondozo\n|move|p2a: Ursaluna|Blood Moon|p1a: Dondozo\n|-damage|p1a: Dondozo|0 fnt\n|faint|p1a: Dondozo\n|move|p2b: Sinistcha|Matcha Gotcha|p1b: Tatsugiri\n|-damage|p1b: Tatsugiri|60\/100\n|\n|upkeep\n|\n|t:|1699847377\n|switch|p1a: Ninetales|Ninetales-Alola, L50, M|80\/100\n|-weather|Snow|[from] ability: Snow Warning|[of] p1a: Ninetales\n|turn|15\n|\n|t:|1699847384\n|move|p2a: Ursaluna|Hyper Voice|p1a: Ninetales|[spread] p1a,p1b\n|-damage|p1a: Ninetales|19\/100\n|-damage|p1b: Tatsugiri|0 fnt\n|faint|p1b: Tatsugiri\n|move|p2b: Sinistcha|Matcha Gotcha|p1a: Ninetales\n|-damage|p1a: Ninetales|0 fnt\n|faint|p1a: Ninetales\n|\n|win|Slowlat\n|raw|mil0battles's rating: 1648 &rarr; <strong>1623<\/strong><br \/>(-25 for losing)\n|raw|Slowlat's rating: 1563 &rarr; <strong>1588<\/strong><br \/>(+25 for winning)\n|l|\u2606mil0battles\n|l|\u2606Slowlat\n|l| thomas shelby 1\n","uploadtime":1699847516,"views":20,"p1id":"mil0battles","p2id":"slowlat","formatid":"gen9vgc2023regulatione","rating":1588,"private":0,"password":""}