{"id":"gen9vgc2023regulatione-1994475282","p1":"Howell_HM01","p2":"hopoffitt","format":"[Gen 9] VGC 2023 Regulation E","log":"|j|\u2606Howell_HM01\n|j|\u2606hopoffitt\n|n|\u2606Howell_HM01|howellhm01\n|n|\u2606hopoffitt|hopoffitt\n|html|View the match progress at <a href=\"\/game-bestof3-gen9vgc2023regulatione-1994465174\">game-bestof3-gen9vgc2023regulatione-1994465174<\/a>\n|t:|1700448224\n|gametype|doubles\n|player|p1|Howell_HM01|brycen|\n|player|p2|hopoffitt|pokemaniac|\n|teamsize|p1|6\n|teamsize|p2|6\n|gen|9\n|tier|[Gen 9] VGC 2023 Regulation E\n|rule|Species Clause: Limit one of each Pok\u00e9mon\n|rule|Item Clause: Limit one of each item\n|clearpoke\n|poke|p1|Landorus-Therian, L50, M|\n|poke|p1|Ninetales-Alola, L50, M|\n|poke|p1|Baxcalibur, L50, F|\n|poke|p1|Rotom-Wash, L50|\n|poke|p1|Hariyama, L50, M|\n|poke|p1|Dusknoir, L50, M|\n|poke|p2|Palafin, L50, M|\n|poke|p2|Indeedee-F, L50, F|\n|poke|p2|Iron Hands, L50|\n|poke|p2|Ursaluna, L50, M|\n|poke|p2|Sinistcha, L50|\n|poke|p2|Tornadus-Therian, L50, M|\n|teampreview|4\n|j| Oddball_Otter\n|j| thedukeoftacos\n|j| Si13nt\n|c| thedukeoftacos|hype r3~ gl you 2!\n|c| Oddball_Otter|Game 3, a battle for the decades\n|c| Oddball_Otter|peepee did not make an appearance last game and the ghost hands got to show off\n|c| Si13nt|Man,Howell bringig hop to a g3, impressive for firt time in doubles\n|c| Oddball_Otter|glhf to you both btw\n|j| LetsGetFluffy\n|\n|t:|1700448306\n|start\n|switch|p1a: Ninetales|Ninetales-Alola, L50, M|100\/100\n|switch|p1b: Dusknoir|Dusknoir, L50, M|100\/100\n|switch|p2a: Tea'd Up|Sinistcha, L50|100\/100\n|switch|p2b: Peepee|Indeedee-F, L50, F|100\/100\n|-weather|Snow|[from] ability: Snow Warning|[of] p1a: Ninetales\n|-fieldstart|move: Psychic Terrain|[from] ability: Psychic Surge|[of] p2b: Peepee\n|-item|p2a: Tea'd Up|Sitrus Berry|[from] ability: Frisk|[of] p1b: Dusknoir|[identify]\n|-item|p2b: Peepee|Mental Herb|[from] ability: Frisk|[of] p1b: Dusknoir|[identify]\n|turn|1\n|c| thedukeoftacos|mental herb?\n|\n|t:|1700448334\n|-terastallize|p2a: Tea'd Up|Water\n|move|p1a: Ninetales|Aurora Veil|p1a: Ninetales\n|-sidestart|p1: Howell_HM01|move: Aurora Veil\n|move|p2b: Peepee|Psychic|p1b: Dusknoir\n|-damage|p1b: Dusknoir|77\/100\n|move|p2a: Tea'd Up|Matcha Gotcha|p1a: Ninetales|[spread] p1a,p1b\n|-crit|p1a: Ninetales\n|-damage|p1a: Ninetales|64\/100\n|-damage|p1b: Dusknoir|63\/100\n|move|p1b: Dusknoir|Imprison|p1b: Dusknoir\n|-start|p1b: Dusknoir|move: Imprison\n|\n|-weather|Snow|[upkeep]\n|upkeep\n|turn|2\n|c| Oddball_Otter|Not a single burn from matcha gotcha yet\n|c| thedukeoftacos|whats the chance? 10?\n|c|\u2606hopoffitt|9tails is covert\n|\n|t:|1700448370\n|move|p1a: Ninetales|Freeze-Dry|p2a: Tea'd Up\n|-supereffective|p2a: Tea'd Up\n|-damage|p2a: Tea'd Up|59\/100\n|move|p2b: Peepee|Psychic|p1b: Dusknoir\n|-damage|p1b: Dusknoir|39\/100\n|move|p2a: Tea'd Up|Matcha Gotcha|p1a: Ninetales|[spread] p1a,p1b\n|-damage|p1a: Ninetales|48\/100\n|-heal|p2a: Tea'd Up|67\/100|[from] drain|[of] p1a: Ninetales\n|-damage|p1b: Dusknoir|24\/100\n|-heal|p2a: Tea'd Up|74\/100|[from] drain|[of] p1b: Dusknoir\n|move|p1b: Dusknoir|Will-O-Wisp|p2b: Peepee\n|-status|p2b: Peepee|brn\n|\n|-weather|Snow|[upkeep]\n|-damage|p2b: Peepee|94\/100 brn|[from] brn\n|upkeep\n|turn|3\n|c| Si13nt|but atleast 2 crits\n|c| Oddball_Otter|Thought it was 30% chance though, like hitting dusknoir with a scald over and over again\n|c| thedukeoftacos|i deff underestimated how bulky sinastcha is\n|c| LetsGetFluffy|Its 20\n|c| LetsGetFluffy|I thinl\n|c| LetsGetFluffy|Think\n|c| Oddball_Otter|it is 20 you right\n|c|\u2606hopoffitt|hes icing me\n|c|\u2606hopoffitt|irl and in game\n|c| thedukeoftacos|its suspense, it builds the drama of the final match~\n|\n|t:|1700448513\n|switch|p1b: Baxcalibur|Baxcalibur, L50, F|100\/100\n|move|p1a: Ninetales|Moonblast|p2b: Peepee\n|-damage|p2b: Peepee|67\/100 brn\n|move|p2b: Peepee|Psychic|p1a: Ninetales\n|-damage|p1a: Ninetales|23\/100\n|move|p2a: Tea'd Up|Matcha Gotcha|p1a: Ninetales|[spread] p1a,p1b\n|-resisted|p1b: Baxcalibur\n|-damage|p1a: Ninetales|5\/100\n|-heal|p2a: Tea'd Up|83\/100|[from] drain|[of] p1a: Ninetales\n|-damage|p1b: Baxcalibur|93\/100\n|-heal|p2a: Tea'd Up|88\/100|[from] drain|[of] p1b: Baxcalibur\n|\n|-weather|Snow|[upkeep]\n|-damage|p2b: Peepee|61\/100 brn|[from] brn\n|upkeep\n|turn|4\n|c| Oddball_Otter|Bax makes an appearance \ud83e\udd76\n|\n|t:|1700448558\n|move|p1a: Ninetales|Moonblast|p2b: Peepee\n|-damage|p2b: Peepee|34\/100 brn\n|move|p1b: Baxcalibur|Scale Shot|p2b: Peepee|[miss]\n|-miss|p1b: Baxcalibur|p2b: Peepee\n|move|p2b: Peepee|Psychic|p1a: Ninetales\n|-damage|p1a: Ninetales|0 fnt\n|faint|p1a: Ninetales\n|move|p2a: Tea'd Up|Strength Sap|p1b: Baxcalibur\n|-unboost|p1b: Baxcalibur|atk|1\n|-heal|p2a: Tea'd Up|100\/100\n|\n|-weather|Snow|[upkeep]\n|-damage|p2b: Peepee|28\/100 brn|[from] brn\n|upkeep\n|c| thedukeoftacos|bax needs glasses damn\n|c| LetsGetFluffy|This bax lmao\n|c| Oddball_Otter|Rip\n|\n|t:|1700448582\n|switch|p1a: Landorus|Landorus-Therian, L50, M|100\/100\n|-ability|p1a: Landorus|Intimidate|boost\n|-unboost|p2a: Tea'd Up|atk|1\n|-unboost|p2b: Peepee|atk|1\n|turn|5\n|c| Si13nt|uff, 3 misses that hurts\n|c| Oddball_Otter|Give this man some wide lenses\n|\n|t:|1700448607\n|switch|p2b: Urn Han|Iron Hands, L50|100\/100\n|-terastallize|p1a: Landorus|Grass\n|move|p1a: Landorus|U-turn|p2b: Urn Han\n|-resisted|p2b: Urn Han\n|-damage|p2b: Urn Han|93\/100\n|\n|t:|1700448615\n|switch|p1a: Dusknoir|Dusknoir, L50, M|24\/100|[from] U-turn\n|-item|p2a: Tea'd Up|Sitrus Berry|[from] ability: Frisk|[of] p1a: Dusknoir|[identify]\n|-item|p2b: Urn Han|Assault Vest|[from] ability: Frisk|[of] p1a: Dusknoir|[identify]\n|move|p1b: Baxcalibur|Scale Shot|p2b: Urn Han\n|-damage|p2b: Urn Han|86\/100\n|-damage|p2b: Urn Han|79\/100\n|-damage|p2b: Urn Han|71\/100\n|-damage|p2b: Urn Han|64\/100\n|-damage|p2b: Urn Han|58\/100\n|-hitcount|p2b: Urn Han|5\n|-unboost|p1b: Baxcalibur|def|1\n|-boost|p1b: Baxcalibur|spe|1\n|move|p2a: Tea'd Up|Trick Room|p2a: Tea'd Up\n|-fieldstart|move: Trick Room|[of] p2a: Tea'd Up\n|\n|-weather|none\n|-sideend|p1: Howell_HM01|move: Aurora Veil\n|-fieldend|move: Psychic Terrain\n|upkeep\n|turn|6\n|c| Oddball_Otter|Every willowisp hits but never the bax\n|\n|t:|1700448665\n|move|p1b: Baxcalibur|Protect|p1b: Baxcalibur\n|-singleturn|p1b: Baxcalibur|Protect\n|move|p2b: Urn Han|Fake Out|p1b: Baxcalibur\n|-activate|p1b: Baxcalibur|move: Protect\n|move|p2a: Tea'd Up|Rage Powder|p2a: Tea'd Up\n|-singleturn|p2a: Tea'd Up|move: Rage Powder\n|move|p1a: Dusknoir|Trick Room|p1a: Dusknoir\n|-fieldend|move: Trick Room\n|\n|upkeep\n|turn|7\n|c| Oddball_Otter|Huge read\n|\n|t:|1700448701\n|-end|p2b: Urn Han|Quark Drive|[silent]\n|switch|p2b: Yogi Berra|Ursaluna, L50, M|100\/100\n|move|p1b: Baxcalibur|High Horsepower|p2b: Yogi Berra|[miss]\n|-miss|p1b: Baxcalibur|p2b: Yogi Berra\n|move|p2a: Tea'd Up|Matcha Gotcha|p1b: Baxcalibur|[spread] p1a,p1b\n|-resisted|p1b: Baxcalibur\n|-damage|p1a: Dusknoir|1\/100\n|-damage|p1b: Baxcalibur|81\/100\n|move|p1a: Dusknoir|Imprison|p1a: Dusknoir\n|-start|p1a: Dusknoir|move: Imprison\n|\n|-status|p2b: Yogi Berra|brn|[from] item: Flame Orb\n|upkeep\n|turn|8\n|c|\u2606hopoffitt|lmao\n|c| Oddball_Otter|I actually cannot believe it\n|c| thedukeoftacos|wtf\n|c| LetsGetFluffy|Hop so bailed smh\n|c| Oddball_Otter|Real\n|\n|t:|1700448733\n|move|p2b: Yogi Berra|Protect|p2b: Yogi Berra\n|-singleturn|p2b: Yogi Berra|Protect\n|move|p1b: Baxcalibur|Icicle Spear|p2b: Yogi Berra\n|-activate|p2b: Yogi Berra|move: Protect\n|move|p2a: Tea'd Up|Matcha Gotcha|p1a: Dusknoir|[spread] p1a,p1b\n|-resisted|p1b: Baxcalibur\n|-damage|p1a: Dusknoir|0 fnt\n|-damage|p1b: Baxcalibur|69\/100\n|faint|p1a: Dusknoir\n|\n|-damage|p2b: Yogi Berra|95\/100 brn|[from] brn\n|upkeep\n|c| Si13nt|ok, sometimes fate just hates you\n|c|\u2606hopoffitt|oh cause -1 high horse wouldve done so much\n|\n|t:|1700448746\n|switch|p1a: Landorus|Landorus-Therian, L50, M, tera:Grass|100\/100\n|-ability|p1a: Landorus|Intimidate|boost\n|-unboost|p2a: Tea'd Up|atk|1\n|-unboost|p2b: Yogi Berra|atk|1\n|turn|9\n|c|\u2606hopoffitt|shudup fluffy\n|c| thedukeoftacos|it would have been more than 0 tho\n|c| Oddball_Otter|Lmao\n|c| Si13nt|well the 3 other times though XD\n|c| LetsGetFluffy|It crits and ohkos!\n|c| Oddball_Otter|It\u2019s true Fluffo did the calcs !!\n|\n|t:|1700448789\n|switch|p2b: Urn Han|Iron Hands, L50|58\/100\n|move|p1b: Baxcalibur|Icicle Spear|p2b: Urn Han\n|-damage|p2b: Urn Han|51\/100\n|-damage|p2b: Urn Han|44\/100\n|-damage|p2b: Urn Han|37\/100\n|-damage|p2b: Urn Han|30\/100\n|-damage|p2b: Urn Han|22\/100\n|-hitcount|p2b: Urn Han|5\n|move|p1a: Landorus|Tera Blast|p2a: Tea'd Up|[anim] Tera Blast Grass\n|-supereffective|p2a: Tea'd Up\n|-damage|p2a: Tea'd Up|18\/100\n|-enditem|p2a: Tea'd Up|Sitrus Berry|[eat]\n|-heal|p2a: Tea'd Up|43\/100|[from] item: Sitrus Berry\n|move|p2a: Tea'd Up|Trick Room|p2a: Tea'd Up\n|-fieldstart|move: Trick Room|[of] p2a: Tea'd Up\n|\n|upkeep\n|turn|10\n|j| ruwisc\n|\n|t:|1700448818\n|move|p1b: Baxcalibur|Protect|p1b: Baxcalibur\n|-singleturn|p1b: Baxcalibur|Protect\n|move|p2b: Urn Han|Fake Out|p1a: Landorus\n|-damage|p1a: Landorus|86\/100\n|move|p2a: Tea'd Up|Strength Sap|p1a: Landorus\n|-unboost|p1a: Landorus|atk|1\n|-heal|p2a: Tea'd Up|100\/100\n|cant|p1a: Landorus|flinch\n|\n|upkeep\n|turn|11\n|c| LetsGetFluffy|That teacup is really sturdy\n|c| thedukeoftacos|for real\n|c| Oddball_Otter|It\u2019s joever, it\u2019s tea time\n|\n|t:|1700448844\n|move|p2b: Urn Han|Drain Punch|p1b: Baxcalibur\n|-supereffective|p1b: Baxcalibur\n|-damage|p1b: Baxcalibur|0 fnt\n|-heal|p2b: Urn Han|48\/100|[from] drain|[of] p1b: Baxcalibur\n|faint|p1b: Baxcalibur\n|move|p2a: Tea'd Up|Matcha Gotcha|p1a: Landorus\n|-resisted|p1a: Landorus\n|-damage|p1a: Landorus|65\/100\n|move|p1a: Landorus|Tera Blast|p2a: Tea'd Up|[anim] Tera Blast Grass\n|-supereffective|p2a: Tea'd Up\n|-damage|p2a: Tea'd Up|48\/100\n|\n|upkeep\n|turn|12\n|\n|t:|1700448859\n|move|p2b: Urn Han|Drain Punch|p1a: Landorus\n|-damage|p1a: Landorus|16\/100\n|-heal|p2b: Urn Han|65\/100|[from] drain|[of] p1a: Landorus\n|move|p2a: Tea'd Up|Strength Sap|p1a: Landorus\n|-unboost|p1a: Landorus|atk|1\n|-heal|p2a: Tea'd Up|100\/100\n|move|p1a: Landorus|Tera Blast|p2a: Tea'd Up|[anim] Tera Blast Grass\n|-supereffective|p2a: Tea'd Up\n|-damage|p2a: Tea'd Up|49\/100\n|\n|upkeep\n|turn|13\n|c|\u2606hopoffitt|i didnt even get to show off my only cool prep\n|c| Oddball_Otter|\ud83d\ude2d\n|c|\u2606hopoffitt|i was positioning for tthe skill swap take intim reversal\n|\n|t:|1700448889\n|move|p2b: Urn Han|Drain Punch|p1a: Landorus\n|-crit|p1a: Landorus\n|-damage|p1a: Landorus|0 fnt\n|-heal|p2b: Urn Han|70\/100|[from] drain|[of] p1a: Landorus\n|faint|p1a: Landorus\n|\n|win|hopoffitt\n|c|\u2606Howell_HM01|gg\n|c|\u2606hopoffitt|gg howell\n|c| Oddball_Otter|ggs\n|l| Oddball_Otter\n|c| LetsGetFluffy|Damn crit mattered\n|c|\u2606hopoffitt|now we must go to your realm\n|c|\u2606hopoffitt|singles time\n|l| ruwisc\n|c| LetsGetFluffy|Where can I watch, i have a bad cold and cant sleep, so wanna watch more\n","uploadtime":1700448900,"views":42,"p1id":"howellhm01","p2id":"hopoffitt","formatid":"gen9vgc2023regulatione","rating":0,"private":0,"password":""}