{"id":"gen9vgc2023regulatione-1990844895","p1":"xXElementalordXx","p2":"dlll woop","format":"[Gen 9] VGC 2023 Regulation E","log":"|j|\u2606xXElementalordXx\n|j|\u2606dlll woop\n|t:|1700006840\n|gametype|doubles\n|player|p1|xXElementalordXx|heroine-conquest|1548\n|player|p2|dlll woop|lucas-gen4pt|1514\n|teamsize|p1|6\n|teamsize|p2|6\n|gen|9\n|tier|[Gen 9] VGC 2023 Regulation E\n|rated|\n|rule|Species Clause: Limit one of each Pok\u00e9mon\n|rule|Item Clause: Limit one of each item\n|clearpoke\n|poke|p1|Oranguru, L50, M|\n|poke|p1|Maushold-Four, L50|\n|poke|p1|Enamorus-Therian, L50, F|\n|poke|p1|Urshifu-*, L50, M|\n|poke|p1|Bruxish, L50, F|\n|poke|p1|Ursaluna, L50, M|\n|poke|p2|Farigiraf, L50, F|\n|poke|p2|Maushold-Four, L50|\n|poke|p2|Torkoal, L50, F|\n|poke|p2|Staraptor, L50, M|\n|poke|p2|Urshifu-*, L50, F|\n|poke|p2|Hariyama, L50, F|\n|teampreview|4\n|inactive|Battle timer is ON: inactive players will automatically lose when time's up. (requested by xXElementalordXx)\n|j| previouslyunnamed\n|c| previouslyunnamed|cystom avatar\n|c| previouslyunnamed|ok\n|inactive|xXElementalordXx has 60 seconds left.\n|inactive|dlll woop has 60 seconds left.\n|\n|t:|1700006902\n|start\n|switch|p1a: Oranguru|Oranguru, L50, M, shiny|100\/100\n|switch|p1b: Maushold|Maushold-Four, L50, shiny|100\/100\n|switch|p2a: Farigiraf|Farigiraf, L50, F|100\/100\n|switch|p2b: Staraptor|Staraptor, L50, M|100\/100\n|-ability|p2b: Staraptor|Intimidate|boost\n|-fail|p1a: Oranguru|unboost|Attack|[from] ability: Inner Focus|[of] p1a: Oranguru\n|-unboost|p1b: Maushold|atk|1\n|turn|1\n|j| bomberROAR\n|inactive|xXElementalordXx has 30 seconds left.\n|inactive|xXElementalordXx has 20 seconds left.\n|inactive|xXElementalordXx has 15 seconds left.\n|\n|t:|1700006944\n|move|p1b: Maushold|Follow Me|p1b: Maushold\n|-singleturn|p1b: Maushold|move: Follow Me\n|move|p2b: Staraptor|U-turn|p1b: Maushold\n|-damage|p1b: Maushold|81\/100\n|\n|t:|1700006952\n|switch|p2b: Torkoal|Torkoal, L50, F|100\/100|[from] U-turn\n|-weather|SunnyDay|[from] ability: Drought|[of] p2b: Torkoal\n|move|p2a: Farigiraf|Psychic|p1b: Maushold\n|-damage|p1b: Maushold|41\/100\n|move|p1a: Oranguru|Encore|p2a: Farigiraf\n|-start|p2a: Farigiraf|Encore\n|\n|-weather|SunnyDay|[upkeep]\n|upkeep\n|turn|2\n|\n|t:|1700006974\n|switch|p2b: Staraptor|Staraptor, L50, M|100\/100\n|-ability|p2b: Staraptor|Intimidate|boost\n|-fail|p1a: Oranguru|unboost|Attack|[from] ability: Inner Focus|[of] p1a: Oranguru\n|-unboost|p1b: Maushold|atk|1\n|move|p1b: Maushold|Population Bomb|p2b: Staraptor\n|-damage|p2b: Staraptor|97\/100\n|-damage|p2b: Staraptor|93\/100\n|-damage|p2b: Staraptor|90\/100\n|-damage|p2b: Staraptor|86\/100\n|-damage|p2b: Staraptor|82\/100\n|-damage|p2b: Staraptor|79\/100\n|-damage|p2b: Staraptor|75\/100\n|-damage|p2b: Staraptor|71\/100\n|-damage|p2b: Staraptor|68\/100\n|-damage|p2b: Staraptor|64\/100\n|-hitcount|p2b: Staraptor|10\n|move|p2a: Farigiraf|Psychic|p1b: Maushold\n|-damage|p1b: Maushold|0 fnt\n|faint|p1b: Maushold\n|move|p1a: Oranguru|Psychic|p2b: Staraptor\n|-damage|p2b: Staraptor|23\/100\n|\n|-weather|SunnyDay|[upkeep]\n|upkeep\n|\n|t:|1700006998\n|switch|p1b: Enamorus|Enamorus-Therian, L50, F|100\/100\n|turn|3\n|\n|t:|1700007012\n|-terastallize|p1b: Enamorus|Fairy\n|move|p2b: Staraptor|Brave Bird|p1b: Enamorus\n|-damage|p1b: Enamorus|46\/100\n|-damage|p2b: Staraptor|6\/100|[from] Recoil\n|move|p2a: Farigiraf|Psychic|p1b: Enamorus\n|-crit|p1b: Enamorus\n|-damage|p1b: Enamorus|0 fnt\n|faint|p1b: Enamorus\n|move|p1a: Oranguru|Psychic|p2b: Staraptor\n|-damage|p2b: Staraptor|0 fnt\n|faint|p2b: Staraptor\n|\n|-weather|SunnyDay|[upkeep]\n|upkeep\n|\n|t:|1700007032\n|switch|p2b: Hariyama|Hariyama, L50, F|100\/100\n|switch|p1b: Urshifu|Urshifu, L50, M|100\/100\n|turn|4\n|\n|t:|1700007052\n|move|p1b: Urshifu|Detect|p1b: Urshifu\n|-singleturn|p1b: Urshifu|Protect\n|move|p2b: Hariyama|Fake Out|p1b: Urshifu\n|-activate|p1b: Urshifu|move: Protect\n|move|p2a: Farigiraf|Psychic|p1a: Oranguru\n|-resisted|p1a: Oranguru\n|-damage|p1a: Oranguru|90\/100\n|-unboost|p1a: Oranguru|spd|1\n|move|p1a: Oranguru|Trick Room|p1a: Oranguru\n|-fieldstart|move: Trick Room|[of] p1a: Oranguru\n|\n|-weather|SunnyDay|[upkeep]\n|-end|p2a: Farigiraf|Encore\n|-status|p2b: Hariyama|brn|[from] item: Flame Orb\n|upkeep\n|turn|5\n|\n|t:|1700007071\n|move|p2a: Farigiraf|Helping Hand|p2b: Hariyama\n|-singleturn|p2b: Hariyama|Helping Hand|[of] p2a: Farigiraf\n|move|p1b: Urshifu|Wicked Blow|p2b: Hariyama\n|-resisted|p2b: Hariyama\n|-crit|p2b: Hariyama\n|-damage|p2b: Hariyama|69\/100 brn\n|move|p2b: Hariyama|Facade|p1b: Urshifu\n|-damage|p1b: Urshifu|0 fnt\n|faint|p1b: Urshifu\n|move|p1a: Oranguru|Instruct|p1: Urshifu|[notarget]\n|-fail|p1a: Oranguru\n|\n|-weather|none\n|-damage|p2b: Hariyama|63\/100 brn|[from] brn\n|upkeep\n|turn|6\n|-message|xXElementalordXx forfeited.\n|\n|win|dlll woop\n|raw|xXElementalordXx's rating: 1548 &rarr; <strong>1526<\/strong><br \/>(-22 for losing)\n|raw|dlll woop's rating: 1514 &rarr; <strong>1536<\/strong><br \/>(+22 for winning)\n|l|\u2606xXElementalordXx\n|c|\u2606dlll woop|wp gg\n|l| previouslyunnamed\n","uploadtime":1700007286,"views":16,"p1id":"xxelementalordxx","p2id":"dlllwoop","formatid":"gen9vgc2023regulatione","rating":1526,"private":0,"password":""}