{"id":"gen9vgc2023regulatione-1988302660","p1":"groundylol","p2":"P1xelReFluX","format":"[Gen 9] VGC 2023 Regulation E","log":"|j|\u2606groundylol\n|j|\u2606P1xelReFluX\n|t:|1699704965\n|gametype|doubles\n|player|p1|groundylol|raihan|1055\n|player|p2|P1xelReFluX|morty|1134\n|teamsize|p1|6\n|teamsize|p2|6\n|gen|9\n|tier|[Gen 9] VGC 2023 Regulation E\n|rated|\n|rule|Species Clause: Limit one of each Pok\u00e9mon\n|rule|Item Clause: Limit one of each item\n|clearpoke\n|poke|p1|Gengar, L50, M|\n|poke|p1|Amoonguss, L50, M|\n|poke|p1|Landorus-Therian, L50, M|\n|poke|p1|Hydreigon, L50, M|\n|poke|p1|Cresselia, L50, F|\n|poke|p1|Inteleon, L50, M|\n|poke|p2|Zapdos-Galar, L50|\n|poke|p2|Rillaboom, L50, M|\n|poke|p2|Tornadus, L50, M|\n|poke|p2|Milotic, L50, F|\n|poke|p2|Gholdengo, L50|\n|poke|p2|Arcanine-Hisui, L50, M|\n|teampreview|4\n|\n|t:|1699705039\n|start\n|switch|p1a: Gengar|Gengar, L50, M|100\/100\n|switch|p1b: Landorus|Landorus-Therian, L50, M|100\/100\n|switch|p2a: Tornadus|Tornadus, L50, M|100\/100\n|switch|p2b: Rillaboom|Rillaboom, L50, M|100\/100\n|-ability|p1b: Landorus|Intimidate|boost\n|-unboost|p2a: Tornadus|atk|1\n|-unboost|p2b: Rillaboom|atk|1\n|-fieldstart|move: Grassy Terrain|[from] ability: Grassy Surge|[of] p2b: Rillaboom\n|turn|1\n|inactive|Battle timer is ON: inactive players will automatically lose when time's up. (requested by P1xelReFluX)\n|\n|t:|1699705060\n|move|p2b: Rillaboom|Fake Out|p1b: Landorus\n|-damage|p1b: Landorus|89\/100\n|move|p2a: Tornadus|Taunt|p1a: Gengar\n|-start|p1a: Gengar|move: Taunt\n|cant|p1b: Landorus|flinch\n|cant|p1a: Gengar|move: Taunt|Will-O-Wisp\n|\n|upkeep\n|turn|2\n|inactive|groundylol has 30 seconds left.\n|\n|t:|1699705086\n|move|p2a: Tornadus|Tailwind|p2a: Tornadus\n|-sidestart|p2: P1xelReFluX|move: Tailwind\n|move|p1b: Landorus|U-turn|p2b: Rillaboom\n|-supereffective|p2b: Rillaboom\n|-damage|p2b: Rillaboom|50\/100\n|\n|t:|1699705092\n|switch|p1b: Cresselia|Cresselia, L50, F|100\/100|[from] U-turn\n|move|p2b: Rillaboom|High Horsepower|p1a: Gengar\n|-supereffective|p1a: Gengar\n|-damage|p1a: Gengar|25\/100\n|move|p1a: Gengar|Sludge Bomb|p2b: Rillaboom\n|-supereffective|p2b: Rillaboom\n|-damage|p2b: Rillaboom|0 fnt\n|faint|p2b: Rillaboom\n|\n|-heal|p1a: Gengar|31\/100|[from] Grassy Terrain\n|upkeep\n|\n|t:|1699705104\n|switch|p2b: Gholdengo|Gholdengo, L50|100\/100\n|turn|3\n|\n|t:|1699705122\n|switch|p1a: Landorus|Landorus-Therian, L50, M|89\/100\n|-ability|p1a: Landorus|Intimidate|boost\n|-unboost|p2a: Tornadus|atk|1\n|-unboost|p2b: Gholdengo|atk|1\n|move|p2a: Tornadus|Taunt|p1b: Cresselia\n|-start|p1b: Cresselia|move: Taunt\n|move|p2b: Gholdengo|Make It Rain|p1b: Cresselia|[spread] p1a,p1b\n|-damage|p1a: Landorus|0 fnt\n|-damage|p1b: Cresselia|66\/100\n|-unboost|p2b: Gholdengo|spa|1\n|faint|p1a: Landorus\n|-damage|p2b: Gholdengo|91\/100|[from] item: Life Orb\n|move|p1b: Cresselia|Icy Wind|p2b: Gholdengo|[spread] p2a,p2b\n|-supereffective|p2a: Tornadus\n|-resisted|p2b: Gholdengo\n|-damage|p2a: Tornadus|81\/100\n|-damage|p2b: Gholdengo|87\/100\n|-unboost|p2a: Tornadus|spe|1\n|-unboost|p2b: Gholdengo|spe|1\n|\n|-heal|p2b: Gholdengo|93\/100|[from] Grassy Terrain\n|-heal|p1b: Cresselia|72\/100|[from] item: Leftovers\n|upkeep\n|\n|t:|1699705144\n|switch|p1a: Inteleon|Inteleon, L50, M|100\/100\n|turn|4\n|inactive|groundylol has 30 seconds left.\n|\n|t:|1699705179\n|switch|p2b: Zapdos|Zapdos-Galar, L50|100\/100\n|-enditem|p2b: Zapdos|Grassy Seed\n|-boost|p2b: Zapdos|def|1|[from] item: Grassy Seed\n|move|p2a: Tornadus|Bleakwind Storm|p1b: Cresselia|[spread] p1a\n|-miss|p2a: Tornadus|p1b: Cresselia\n|-damage|p1a: Inteleon|48\/100\n|-unboost|p1a: Inteleon|spe|1\n|move|p1a: Inteleon|Ice Beam|p2a: Tornadus\n|-supereffective|p2a: Tornadus\n|-damage|p2a: Tornadus|0 fnt\n|faint|p2a: Tornadus\n|move|p1b: Cresselia|Icy Wind|p2b: Zapdos\n|-supereffective|p2b: Zapdos\n|-damage|p2b: Zapdos|74\/100\n|-unboost|p2b: Zapdos|spe|1\n|-ability|p2b: Zapdos|Defiant|boost\n|-boost|p2b: Zapdos|atk|2\n|\n|-heal|p1a: Inteleon|54\/100|[from] Grassy Terrain\n|-heal|p1b: Cresselia|78\/100|[from] item: Leftovers\n|upkeep\n|\n|t:|1699705198\n|switch|p2a: Gholdengo|Gholdengo, L50|93\/100\n|turn|5\n|inactive|groundylol has 30 seconds left.\n|\n|t:|1699705232\n|-terastallize|p2b: Zapdos|Flying\n|move|p2a: Gholdengo|Shadow Ball|p1b: Cresselia\n|-supereffective|p1b: Cresselia\n|-damage|p1b: Cresselia|8\/100\n|-damage|p2a: Gholdengo|83\/100|[from] item: Life Orb\n|move|p2b: Zapdos|Acrobatics|p1a: Inteleon\n|-damage|p1a: Inteleon|0 fnt\n|faint|p1a: Inteleon\n|move|p1b: Cresselia|Icy Wind|p2b: Zapdos|[spread] p2a,p2b\n|-resisted|p2a: Gholdengo\n|-supereffective|p2b: Zapdos\n|-damage|p2a: Gholdengo|79\/100\n|-damage|p2b: Zapdos|56\/100\n|-unboost|p2a: Gholdengo|spe|1\n|-unboost|p2b: Zapdos|spe|1\n|-ability|p2b: Zapdos|Defiant|boost\n|-boost|p2b: Zapdos|atk|2\n|\n|-heal|p2a: Gholdengo|85\/100|[from] Grassy Terrain\n|-heal|p1b: Cresselia|15\/100|[from] item: Leftovers\n|-end|p1b: Cresselia|move: Taunt\n|-sideend|p2: P1xelReFluX|move: Tailwind\n|-fieldend|move: Grassy Terrain\n|upkeep\n|\n|t:|1699705241\n|switch|p1a: Gengar|Gengar, L50, M|31\/100\n|turn|6\n|inactive|groundylol has 30 seconds left.\n|inactive|P1xelReFluX has 30 seconds left.\n|\n|t:|1699705276\n|move|p1a: Gengar|Shadow Ball|p2a: Gholdengo\n|-supereffective|p2a: Gholdengo\n|-damage|p2a: Gholdengo|0 fnt\n|faint|p2a: Gholdengo\n|move|p1b: Cresselia|Lunar Blessing|p1b: Cresselia|[spread] p1a,p1b\n|-heal|p1a: Gengar|56\/100\n|-heal|p1b: Cresselia|40\/100\n|move|p2b: Zapdos|Knock Off|p1b: Cresselia\n|-supereffective|p1b: Cresselia\n|-damage|p1b: Cresselia|0 fnt\n|-enditem|p1b: Cresselia|Leftovers|[from] move: Knock Off|[of] p2b: Zapdos\n|faint|p1b: Cresselia\n|\n|upkeep\n|turn|7\n|inactive|groundylol has 30 seconds left.\n|\n|t:|1699705306\n|-terastallize|p1a: Gengar|Ghost\n|move|p1a: Gengar|Shadow Ball|p2b: Zapdos\n|-damage|p2b: Zapdos|0 fnt\n|faint|p2b: Zapdos\n|\n|win|groundylol\n|raw|groundylol's rating: 1055 &rarr; <strong>1094<\/strong><br \/>(+39 for winning)\n|raw|P1xelReFluX's rating: 1134 &rarr; <strong>1103<\/strong><br \/>(-31 for losing)\n|c|\u2606groundylol|GG\n|l|\u2606P1xelReFluX\n","uploadtime":1699705320,"views":24,"p1id":"groundylol","p2id":"p1xelreflux","formatid":"gen9vgc2023regulatione","rating":1094,"private":0,"password":""}