{"id":"gen9vgc2023regulatione-1994348154","p1":"corefallenkei","p2":"luk29powavgcwp","format":"[Gen 9] VGC 2023 Regulation E","log":"|j|\u2606corefallenkei\n|j|\u2606luk29powavgcwp\n|t:|1700433735\n|gametype|doubles\n|player|p1|corefallenkei|2|1105\n|player|p2|luk29powavgcwp|266|1194\n|teamsize|p1|5\n|teamsize|p2|6\n|gen|9\n|tier|[Gen 9] VGC 2023 Regulation E\n|rated|\n|rule|Species Clause: Limit one of each Pok\u00e9mon\n|rule|Item Clause: Limit one of each item\n|clearpoke\n|poke|p1|Copperajah, L50, M|\n|poke|p1|Garganacl, L50, F|\n|poke|p1|Farigiraf, L50, F|\n|poke|p1|Decidueye-Hisui, L50, F|\n|poke|p1|Gyarados, L50, F|\n|poke|p2|Sableye, L50, F|\n|poke|p2|Volcarona, L50, F|\n|poke|p2|Okidogi, L50, M|\n|poke|p2|Flutter Mane, L50|\n|poke|p2|Rillaboom, L50, F|\n|poke|p2|Ting-Lu, L50|\n|teampreview|4\n|inactive|Battle timer is ON: inactive players will automatically lose when time's up. (requested by corefallenkei)\n|inactive|luk29powavgcwp has 60 seconds left.\n|\n|t:|1700433780\n|start\n|switch|p1a: Decidueye|Decidueye-Hisui, L50, F|100\/100\n|switch|p1b: Farigiraf|Farigiraf, L50, F, shiny|100\/100\n|switch|p2a: Volcarona|Volcarona, L50, F|100\/100\n|switch|p2b: Sableye|Sableye, L50, F|100\/100\n|turn|1\n|inactive|luk29powavgcwp has 30 seconds left.\n|\n|t:|1700433812\n|-terastallize|p2a: Volcarona|Grass\n|-terastallize|p1a: Decidueye|Fire\n|move|p2b: Sableye|Reflect|p2b: Sableye\n|-sidestart|p2: luk29powavgcwp|Reflect\n|move|p2a: Volcarona|Quiver Dance|p2a: Volcarona\n|-boost|p2a: Volcarona|spa|1\n|-boost|p2a: Volcarona|spd|1\n|-boost|p2a: Volcarona|spe|1\n|move|p1a: Decidueye|Triple Arrows|p2b: Sableye\n|-supereffective|p2b: Sableye\n|-damage|p2b: Sableye|0 fnt\n|faint|p2b: Sableye\n|move|p1b: Farigiraf|Trick Room|p1b: Farigiraf\n|-fieldstart|move: Trick Room|[of] p1b: Farigiraf\n|\n|upkeep\n|\n|t:|1700433832\n|switch|p2b: Ting-Lu|Ting-Lu, L50|100\/100\n|-ability|p2b: Ting-Lu|Vessel of Ruin\n|turn|2\n|\n|t:|1700433848\n|move|p1b: Farigiraf|Helping Hand|p1a: Decidueye\n|-singleturn|p1a: Decidueye|Helping Hand|[of] p1b: Farigiraf\n|move|p2b: Ting-Lu|Sand Tomb|p1a: Decidueye\n|-supereffective|p1a: Decidueye\n|-damage|p1a: Decidueye|67\/100\n|-activate|p1a: Decidueye|move: Sand Tomb|[of] p2b: Ting-Lu\n|move|p1a: Decidueye|Triple Arrows|p2b: Ting-Lu\n|-supereffective|p2b: Ting-Lu\n|-damage|p2b: Ting-Lu|38\/100\n|-unboost|p2b: Ting-Lu|def|1\n|move|p2a: Volcarona|Heat Wave|p1b: Farigiraf|[spread] p1a,p1b\n|-resisted|p1a: Decidueye\n|-damage|p1a: Decidueye|50\/100\n|-damage|p1b: Farigiraf|69\/100\n|\n|-damage|p1a: Decidueye|38\/100|[from] move: Sand Tomb|[partiallytrapped]\n|upkeep\n|turn|3\n|inactive|luk29powavgcwp has 30 seconds left.\n|inactive|luk29powavgcwp has 20 seconds left.\n|\n|t:|1700433884\n|move|p2b: Ting-Lu|Sand Tomb|p1b: Farigiraf\n|-damage|p1b: Farigiraf|54\/100\n|-activate|p1b: Farigiraf|move: Sand Tomb|[of] p2b: Ting-Lu\n|move|p1a: Decidueye|Knock Off|p2a: Volcarona\n|-damage|p2a: Volcarona|78\/100\n|-enditem|p2a: Volcarona|Sitrus Berry|[from] move: Knock Off|[of] p1a: Decidueye\n|move|p1b: Farigiraf|Dazzling Gleam|p2a: Volcarona|[spread] p2a,p2b\n|-supereffective|p2b: Ting-Lu\n|-damage|p2a: Volcarona|70\/100\n|-damage|p2b: Ting-Lu|25\/100\n|-enditem|p2b: Ting-Lu|Wiki Berry|[eat]\n|-heal|p2b: Ting-Lu|58\/100|[from] item: Wiki Berry\n|-start|p2b: Ting-Lu|confusion\n|move|p2a: Volcarona|Quiver Dance|p2a: Volcarona\n|-boost|p2a: Volcarona|spa|1\n|-boost|p2a: Volcarona|spd|1\n|-boost|p2a: Volcarona|spe|1\n|\n|-damage|p1a: Decidueye|25\/100|[from] move: Sand Tomb|[partiallytrapped]\n|-damage|p1b: Farigiraf|42\/100|[from] move: Sand Tomb|[partiallytrapped]\n|upkeep\n|turn|4\n|inactive|luk29powavgcwp has 30 seconds left.\n|inactive|luk29powavgcwp has 20 seconds left.\n|inactive|luk29powavgcwp has 15 seconds left.\n|\n|t:|1700433924\n|-activate|p2b: Ting-Lu|confusion\n|-damage|p2b: Ting-Lu|47\/100|[from] confusion\n|move|p1a: Decidueye|Leaf Blade|p2b: Ting-Lu\n|-supereffective|p2b: Ting-Lu\n|-damage|p2b: Ting-Lu|0 fnt\n|faint|p2b: Ting-Lu\n|move|p1b: Farigiraf|Dazzling Gleam|p2a: Volcarona\n|-crit|p2a: Volcarona\n|-damage|p2a: Volcarona|41\/100\n|move|p2a: Volcarona|Giga Drain|p1b: Farigiraf\n|-damage|p1b: Farigiraf|0 fnt\n|-heal|p2a: Volcarona|64\/100|[from] drain|[of] p1b: Farigiraf\n|faint|p1b: Farigiraf\n|\n|-end|p1a: Decidueye|Sand Tomb|[partiallytrapped]|[silent]\n|upkeep\n|\n|t:|1700433944\n|switch|p2b: Rillaboom|Rillaboom, L50, F, shiny|100\/100\n|switch|p1b: Copperajah|Copperajah, L50, M, shiny|100\/100\n|-fieldstart|move: Grassy Terrain|[from] ability: Grassy Surge|[of] p2b: Rillaboom\n|turn|5\n|\n|t:|1700433963\n|move|p1a: Decidueye|Protect|p1a: Decidueye\n|-singleturn|p1a: Decidueye|Protect\n|move|p2a: Volcarona|Protect|p2a: Volcarona\n|-singleturn|p2a: Volcarona|Protect\n|move|p2b: Rillaboom|Fake Out|p1a: Decidueye\n|-activate|p1a: Decidueye|move: Protect\n|move|p1b: Copperajah|Iron Head|p2a: Volcarona\n|-activate|p2a: Volcarona|move: Protect\n|\n|-heal|p1a: Decidueye|31\/100|[from] Grassy Terrain\n|-heal|p2a: Volcarona|70\/100|[from] Grassy Terrain\n|-fieldend|move: Trick Room\n|upkeep\n|turn|6\n|inactive|luk29powavgcwp has 30 seconds left.\n|\n|t:|1700433998\n|move|p2a: Volcarona|Heat Wave|p1a: Decidueye|[spread] p1a,p1b\n|-resisted|p1a: Decidueye\n|-crit|p1a: Decidueye\n|-supereffective|p1b: Copperajah\n|-damage|p1a: Decidueye|0 fnt\n|-damage|p1b: Copperajah|0 fnt\n|faint|p1a: Decidueye\n|faint|p1b: Copperajah\n|move|p2b: Rillaboom|U-turn|p1: Decidueye|[notarget]\n|-fail|p2b: Rillaboom\n|\n|-heal|p2a: Volcarona|76\/100|[from] Grassy Terrain\n|upkeep\n|-message|corefallenkei forfeited.\n|\n|win|luk29powavgcwp\n|raw|corefallenkei's rating: 1105 &rarr; <strong>1086<\/strong><br \/>(-19 for losing)\n|raw|luk29powavgcwp's rating: 1194 &rarr; <strong>1213<\/strong><br \/>(+19 for winning)\n|l|\u2606corefallenkei\n","uploadtime":1700434011,"views":5,"p1id":"corefallenkei","p2id":"luk29powavgcwp","formatid":"gen9vgc2023regulatione","rating":1086,"private":0,"password":""}