{"id":"gen9vgc2023regulatione-1995121182","p1":"Wederted","p2":"Yahar","format":"[Gen 9] VGC 2023 Regulation E","log":"|j|\u2606Wederted\n|j|\u2606Yahar\n|t:|1700524896\n|gametype|doubles\n|player|p1|Wederted|ingo|1205\n|player|p2|Yahar|shauntal|1257\n|teamsize|p1|6\n|teamsize|p2|6\n|gen|9\n|tier|[Gen 9] VGC 2023 Regulation E\n|rated|\n|rule|Species Clause: Limit one of each Pok\u00e9mon\n|rule|Item Clause: Limit one of each item\n|clearpoke\n|poke|p1|Talonflame, L50, F|\n|poke|p1|Ninetales-Alola, L50, F|\n|poke|p1|Rillaboom, L50, M|\n|poke|p1|Umbreon, L50, F|\n|poke|p1|Iron Hands, L50|\n|poke|p1|Ogerpon-Hearthflame, L50, F|\n|poke|p2|Zapdos, L50|\n|poke|p2|Iron Bundle, L50|\n|poke|p2|Heatran, L50, F|\n|poke|p2|Ogerpon-Wellspring, L50, F|\n|poke|p2|Rillaboom, L50, F|\n|poke|p2|Urshifu-*, L50, M|\n|teampreview|4\n|inactive|Battle timer is ON: inactive players will automatically lose when time's up. (requested by Yahar)\nYahar has agreed to open team sheets.\n|inactive|Yahar has 60 seconds left.\n|\n|t:|1700524944\n|start\n|switch|p1a: Talonflame|Talonflame, L50, F|100\/100\n|switch|p1b: Ninetales|Ninetales-Alola, L50, F|100\/100\n|switch|p2a: Zapdos|Zapdos, L50|100\/100\n|switch|p2b: Urshifu|Urshifu, L50, M|100\/100\n|-weather|Snow|[from] ability: Snow Warning|[of] p1b: Ninetales\n|turn|1\n|\n|t:|1700524964\n|switch|p2b: Heatran|Heatran, L50, F, shiny|100\/100\n|-terastallize|p2a: Zapdos|Steel\n|move|p1a: Talonflame|Brave Bird|p2b: Heatran\n|-resisted|p2b: Heatran\n|-damage|p2b: Heatran|83\/100\n|-damage|p1a: Talonflame|94\/100|[from] Recoil\n|move|p1b: Ninetales|Aurora Veil|p1b: Ninetales\n|-sidestart|p1: Wederted|move: Aurora Veil\n|move|p2a: Zapdos|Tailwind|p2a: Zapdos\n|-sidestart|p2: Yahar|move: Tailwind\n|\n|-weather|Snow|[upkeep]\n|upkeep\n|turn|2\n|inactive|Wederted has 30 seconds left.\n|inactive|Wederted has 20 seconds left.\n|inactive|Wederted has 15 seconds left.\n|inactive|Wederted has 10 seconds left.\n|inactive|Wederted has 5 seconds left.\n|\n|t:|1700525019\n|move|p2a: Zapdos|Thunderbolt|p1a: Talonflame\n|-supereffective|p1a: Talonflame\n|-damage|p1a: Talonflame|25\/100\n|move|p2b: Heatran|Flash Cannon|p1b: Ninetales\n|-supereffective|p1b: Ninetales\n|-damage|p1b: Ninetales|0 fnt\n|faint|p1b: Ninetales\n|move|p1a: Talonflame|Brave Bird|p2b: Heatran\n|-resisted|p2b: Heatran\n|-crit|p2b: Heatran\n|-damage|p2b: Heatran|54\/100\n|-damage|p1a: Talonflame|14\/100|[from] Recoil\n|\n|-weather|Snow|[upkeep]\n|upkeep\n|inactive|Wederted has 30 seconds left.\n|inactive|Wederted has 20 seconds left.\n|\n|t:|1700525058\n|switch|p1b: Rillaboom|Rillaboom, L50, M|100\/100\n|-fieldstart|move: Grassy Terrain|[from] ability: Grassy Surge|[of] p1b: Rillaboom\n|turn|3\n|inactive|Wederted has 30 seconds left.\n|\n|t:|1700525089\n|switch|p1a: Ogerpon|Ogerpon-Hearthflame, L50, F|100\/100\n|-ability|p1a: Ogerpon|Mold Breaker\n|move|p1b: Rillaboom|Fake Out|p2b: Heatran\n|-resisted|p2b: Heatran\n|-damage|p2b: Heatran|46\/100\n|-damage|p1b: Rillaboom|91\/100|[from] item: Life Orb\n|move|p2a: Zapdos|Hurricane|p1b: Rillaboom\n|-supereffective|p1b: Rillaboom\n|-damage|p1b: Rillaboom|20\/100\n|cant|p2b: Heatran|flinch\n|\n|-weather|Snow|[upkeep]\n|-heal|p2b: Heatran|52\/100|[from] Grassy Terrain\n|-heal|p1b: Rillaboom|26\/100|[from] Grassy Terrain\n|upkeep\n|turn|4\n|inactive|Yahar has 30 seconds left.\n|\n|t:|1700525122\n|switch|p2b: Ogerpon|Ogerpon-Wellspring, L50, F|100\/100\n|-terastallize|p1a: Ogerpon|Fire\n|detailschange|p1a: Ogerpon|Ogerpon-Hearthflame-Tera, L50, F, tera:Fire\n|-ability|p1a: Ogerpon|Embody Aspect (Hearthflame)|boost\n|-boost|p1a: Ogerpon|atk|1\n|move|p2a: Zapdos|Hurricane|p1b: Rillaboom|[miss]\n|-miss|p2a: Zapdos|p1b: Rillaboom\n|move|p1a: Ogerpon|Ivy Cudgel|p2a: Zapdos|[anim] Ivy Cudgel Fire\n|-supereffective|p2a: Zapdos\n|-damage|p2a: Zapdos|0 fnt\n|faint|p2a: Zapdos\n|move|p1b: Rillaboom|High Horsepower|p2b: Ogerpon\n|-resisted|p2b: Ogerpon\n|-damage|p2b: Ogerpon|70\/100\n|-damage|p1b: Rillaboom|16\/100|[from] item: Life Orb\n|\n|-weather|Snow|[upkeep]\n|-heal|p2b: Ogerpon|76\/100|[from] Grassy Terrain\n|-heal|p1b: Rillaboom|23\/100|[from] Grassy Terrain\n|-sideend|p2: Yahar|move: Tailwind\n|upkeep\n|\n|t:|1700525136\n|switch|p2a: Urshifu|Urshifu, L50, M|100\/100\n|turn|5\n|\n|t:|1700525155\n|move|p2a: Urshifu|Sucker Punch|p1b: Rillaboom\n|-damage|p1b: Rillaboom|0 fnt\n|faint|p1b: Rillaboom\n|move|p1a: Ogerpon|Horn Leech|p2b: Ogerpon\n|-damage|p2b: Ogerpon|0 fnt\n|faint|p2b: Ogerpon\n|\n|-weather|none\n|upkeep\n|\n|t:|1700525161\n|switch|p2b: Heatran|Heatran, L50, F, shiny|52\/100\n|switch|p1b: Talonflame|Talonflame, L50, F|14\/100\n|turn|6\n|\n|t:|1700525173\n|move|p1a: Ogerpon|Protect|p1a: Ogerpon\n|-singleturn|p1a: Ogerpon|Protect\n|move|p2a: Urshifu|Sucker Punch||[still]\n|-fail|p2a: Urshifu\n|move|p1b: Talonflame|Tailwind|p1b: Talonflame\n|-sidestart|p1: Wederted|move: Tailwind\n|move|p2b: Heatran|Earth Power|p1a: Ogerpon\n|-activate|p1a: Ogerpon|move: Protect\n|\n|-heal|p2b: Heatran|58\/100|[from] Grassy Terrain\n|upkeep\n|turn|7\n|\n|t:|1700525185\n|move|p2a: Urshifu|Protect|p2a: Urshifu\n|-singleturn|p2a: Urshifu|Protect\n|move|p1b: Talonflame|Will-O-Wisp|p2a: Urshifu\n|-activate|p2a: Urshifu|move: Protect\n|move|p1a: Ogerpon|Ivy Cudgel|p2a: Urshifu|[anim] Ivy Cudgel Fire\n|-activate|p2a: Urshifu|move: Protect\n|move|p2b: Heatran|Earth Power|p1a: Ogerpon\n|-supereffective|p1a: Ogerpon\n|-damage|p1a: Ogerpon|52\/100\n|\n|-heal|p1a: Ogerpon|58\/100|[from] Grassy Terrain\n|-heal|p2b: Heatran|64\/100|[from] Grassy Terrain\n|-fieldend|move: Grassy Terrain\n|upkeep\n|turn|8\n|\n|t:|1700525200\n|move|p2a: Urshifu|Sucker Punch||[still]\n|-fail|p2a: Urshifu\n|move|p1b: Talonflame|Will-O-Wisp|p2a: Urshifu\n|-status|p2a: Urshifu|brn\n|move|p1a: Ogerpon|Horn Leech|p2a: Urshifu\n|-damage|p2a: Urshifu|31\/100 brn\n|-heal|p1a: Ogerpon|97\/100|[from] drain|[of] p2a: Urshifu\n|move|p2b: Heatran|Earth Power|p1a: Ogerpon\n|-supereffective|p1a: Ogerpon\n|-damage|p1a: Ogerpon|44\/100\n|\n|-damage|p2a: Urshifu|26\/100 brn|[from] brn\n|-sideend|p1: Wederted|move: Aurora Veil\n|upkeep\n|turn|9\n|\n|t:|1700525224\n|move|p1a: Ogerpon|Protect|p1a: Ogerpon\n|-singleturn|p1a: Ogerpon|Protect\n|move|p2a: Urshifu|Protect|p2a: Urshifu\n|-singleturn|p2a: Urshifu|Protect\n|move|p1b: Talonflame|Brave Bird|p2a: Urshifu\n|-activate|p2a: Urshifu|move: Protect\n|move|p2b: Heatran|Earth Power|p1a: Ogerpon\n|-activate|p1a: Ogerpon|move: Protect\n|\n|-damage|p2a: Urshifu|20\/100 brn|[from] brn\n|-sideend|p1: Wederted|move: Tailwind\n|upkeep\n|turn|10\n|\n|t:|1700525248\n|move|p2a: Urshifu|Sucker Punch|p1a: Ogerpon\n|-damage|p1a: Ogerpon|19\/100\n|move|p1b: Talonflame|Tailwind|p1b: Talonflame\n|-sidestart|p1: Wederted|move: Tailwind\n|move|p1a: Ogerpon|Horn Leech|p2a: Urshifu\n|-damage|p2a: Urshifu|0 fnt\n|-heal|p1a: Ogerpon|30\/100|[from] drain|[of] p2a: Urshifu\n|faint|p2a: Urshifu\n|move|p2b: Heatran|Heat Wave|p1b: Talonflame|[spread] p1a,p1b\n|-resisted|p1a: Ogerpon\n|-resisted|p1b: Talonflame\n|-damage|p1a: Ogerpon|9\/100\n|-damage|p1b: Talonflame|0 fnt\n|faint|p1b: Talonflame\n|\n|upkeep\n|turn|11\n|inactive|Wederted has 30 seconds left.\n|\n|t:|1700525273\n|move|p1a: Ogerpon|Throat Chop|p2b: Heatran\n|-damage|p2b: Heatran|26\/100\n|-start|p2b: Heatran|Throat Chop|[silent]\n|move|p2b: Heatran|Earth Power|p1a: Ogerpon\n|-supereffective|p1a: Ogerpon\n|-damage|p1a: Ogerpon|0 fnt\n|faint|p1a: Ogerpon\n|\n|win|Yahar\n|raw|Wederted's rating: 1205 &rarr; <strong>1184<\/strong><br \/>(-21 for losing)\n|raw|Yahar's rating: 1257 &rarr; <strong>1278<\/strong><br \/>(+21 for winning)\n|l|\u2606Wederted\n","uploadtime":1700525283,"views":4,"p1id":"wederted","p2id":"yahar","formatid":"gen9vgc2023regulatione","rating":1184,"private":0,"password":""}