{"id":"gen9vgc2023regulatione-1998940887","p1":"fsd879fsdfsd","p2":"rokabibee","format":"[Gen 9] VGC 2023 Regulation E","log":"|j|\u2606fsd879fsdfsd\n|j|\u2606rokabibee\n|t:|1701015707\n|gametype|doubles\n|player|p1|fsd879fsdfsd|pokemaniac|1118\n|player|p2|rokabibee|dawn|1119\n|teamsize|p1|6\n|teamsize|p2|6\n|gen|9\n|tier|[Gen 9] VGC 2023 Regulation E\n|rated|\n|rule|Species Clause: Limit one of each Pok\u00e9mon\n|rule|Item Clause: Limit one of each item\n|clearpoke\n|poke|p1|Tornadus, L50, M|\n|poke|p1|Urshifu-*, L50, F|\n|poke|p1|Gholdengo, L50|\n|poke|p1|Arcanine-Hisui, L50, M|\n|poke|p1|Rillaboom, L50, M|\n|poke|p1|Amoonguss, L50, M|\n|poke|p2|Weezing, L50, F|\n|poke|p2|Roaring Moon, L50|\n|poke|p2|Flutter Mane, L50|\n|poke|p2|Ogerpon-Hearthflame, L50, F|\n|poke|p2|Rillaboom, L50, M|\n|poke|p2|Urshifu-*, L50, F|\n|teampreview|4\nfsd879fsdfsd rejected open team sheets.\n|inactive|Battle timer is ON: inactive players will automatically lose when time's up. (requested by fsd879fsdfsd)\n|inactive|fsd879fsdfsd has 60 seconds left.\n|inactive|rokabibee has 60 seconds left.\n|inactive|rokabibee has 30 seconds left.\n|inactive|rokabibee has 20 seconds left.\n|inactive|rokabibee has 15 seconds left.\n|inactive|rokabibee has 10 seconds left.\n|inactive|rokabibee has 5 seconds left.\n|\n|t:|1701015816\n|start\n|switch|p1a: Gholdengo|Gholdengo, L50|100\/100\n|switch|p1b: Amoonguss|Amoonguss, L50, M|100\/100\n|switch|p2a: Weezing|Weezing, L50, F|100\/100\n|switch|p2b: Roaring Moon|Roaring Moon, L50|100\/100\n|-ability|p2a: Weezing|Neutralizing Gas\n|-enditem|p2b: Roaring Moon|Booster Energy\n|-activate|p2b: Roaring Moon|ability: Protosynthesis|[fromitem]\n|-start|p2b: Roaring Moon|protosynthesisatk\n|turn|1\n|inactive|fsd879fsdfsd has 30 seconds left.\n|inactive|rokabibee has 30 seconds left.\n|inactive|rokabibee has 20 seconds left.\n|inactive|rokabibee has 15 seconds left.\n|inactive|rokabibee has 10 seconds left.\n|inactive|rokabibee has 5 seconds left.\n|\n|t:|1701015871\n|move|p1b: Amoonguss|Rage Powder|p1b: Amoonguss\n|-singleturn|p1b: Amoonguss|move: Rage Powder\n|move|p2b: Roaring Moon|Knock Off|p1b: Amoonguss\n|-damage|p1b: Amoonguss|45\/100\n|-enditem|p1b: Amoonguss|Sitrus Berry|[from] move: Knock Off|[of] p2b: Roaring Moon\n|move|p1a: Gholdengo|Nasty Plot|p1a: Gholdengo\n|-boost|p1a: Gholdengo|spa|2\n|move|p2a: Weezing|Sludge Bomb|p1b: Amoonguss\n|-damage|p1b: Amoonguss|21\/100\n|\n|upkeep\n|turn|2\n|inactive|fsd879fsdfsd has 30 seconds left.\n|\n|t:|1701015904\n|move|p2b: Roaring Moon|Protect|p2b: Roaring Moon\n|-singleturn|p2b: Roaring Moon|Protect\n|move|p1b: Amoonguss|Rage Powder|p1b: Amoonguss\n|-singleturn|p1b: Amoonguss|move: Rage Powder\n|move|p1a: Gholdengo|Make It Rain|p2a: Weezing|[spread] p2a\n|-activate|p2b: Roaring Moon|move: Protect\n|-damage|p2a: Weezing|3\/100\n|-unboost|p1a: Gholdengo|spa|1\n|-enditem|p2a: Weezing|Sitrus Berry|[eat]\n|-heal|p2a: Weezing|28\/100|[from] item: Sitrus Berry\n|move|p2a: Weezing|Sludge Bomb|p1b: Amoonguss\n|-damage|p1b: Amoonguss|0 fnt\n|faint|p1b: Amoonguss\n|\n|upkeep\n|\n|t:|1701015919\n|switch|p1b: Urshifu|Urshifu-Rapid-Strike, L50, F|100\/100\n|turn|3\n|\n|t:|1701015938\n|-terastallize|p1b: Urshifu|Water\n|move|p1b: Urshifu|Surging Strikes|p2b: Roaring Moon\n|-resisted|p2b: Roaring Moon\n|-crit|p2b: Roaring Moon\n|-damage|p2b: Roaring Moon|89\/100\n|-resisted|p2b: Roaring Moon\n|-crit|p2b: Roaring Moon\n|-damage|p2b: Roaring Moon|75\/100\n|-resisted|p2b: Roaring Moon\n|-crit|p2b: Roaring Moon\n|-damage|p2b: Roaring Moon|63\/100\n|-hitcount|p2b: Roaring Moon|3\n|move|p2b: Roaring Moon|Knock Off|p1a: Gholdengo\n|-supereffective|p1a: Gholdengo\n|-damage|p1a: Gholdengo|0 fnt\n|-enditem|p1a: Gholdengo|Leftovers|[from] move: Knock Off|[of] p2b: Roaring Moon\n|faint|p1a: Gholdengo\n|move|p2a: Weezing|Will-O-Wisp|p1b: Urshifu\n|-status|p1b: Urshifu|brn\n|\n|-damage|p1b: Urshifu|95\/100 brn|[from] brn\n|upkeep\n|\n|t:|1701015955\n|switch|p1a: Arcanine|Arcanine-Hisui, L50, M|100\/100\n|turn|4\n|\n|t:|1701015969\n|move|p1a: Arcanine|Extreme Speed|p2b: Roaring Moon\n|-damage|p2b: Roaring Moon|17\/100\n|move|p1b: Urshifu|Surging Strikes|p2a: Weezing\n|-crit|p2a: Weezing\n|-damage|p2a: Weezing|17\/100\n|-crit|p2a: Weezing\n|-damage|p2a: Weezing|5\/100\n|-crit|p2a: Weezing\n|-damage|p2a: Weezing|0 fnt\n|faint|p2a: Weezing\n|-end|p2a: Weezing|ability: Neutralizing Gas\n|-ability|p1a: Arcanine|Intimidate|boost\n|-unboost|p2b: Roaring Moon|atk|1\n|-hitcount|p2: Weezing|3\n|move|p2b: Roaring Moon|Breaking Swipe|p1b: Urshifu|[spread] p1a,p1b\n|-damage|p1a: Arcanine|75\/100\n|-damage|p1b: Urshifu|73\/100 brn\n|-unboost|p1a: Arcanine|atk|1\n|-unboost|p1b: Urshifu|atk|1\n|\n|-damage|p1b: Urshifu|67\/100 brn|[from] brn\n|upkeep\n|inactive|rokabibee has 30 seconds left.\n|\n|t:|1701015999\n|switch|p2a: Flutter Mane|Flutter Mane, L50|100\/100\n|turn|5\n|\n|t:|1701016006\n|move|p1a: Arcanine|Extreme Speed|p2b: Roaring Moon\n|-damage|p2b: Roaring Moon|0 fnt\n|faint|p2b: Roaring Moon\n|-end|p2b: Roaring Moon|Protosynthesis|[silent]\n|move|p1b: Urshifu|Surging Strikes|p2a: Flutter Mane\n|-crit|p2a: Flutter Mane\n|-damage|p2a: Flutter Mane|74\/100\n|-crit|p2a: Flutter Mane\n|-damage|p2a: Flutter Mane|48\/100\n|-crit|p2a: Flutter Mane\n|-damage|p2a: Flutter Mane|23\/100\n|-hitcount|p2a: Flutter Mane|3\n|move|p2a: Flutter Mane|Shadow Ball|p1b: Urshifu\n|-damage|p1b: Urshifu|0 fnt\n|faint|p1b: Urshifu\n|\n|upkeep\n|\n|t:|1701016013\n|switch|p2b: Ogerpon|Ogerpon-Hearthflame, L50, F|100\/100\n|-ability|p2b: Ogerpon|Mold Breaker\n|turn|6\n|\n|t:|1701016024\n|move|p1a: Arcanine|Extreme Speed|p2b: Ogerpon\n|-damage|p2b: Ogerpon|60\/100\n|move|p2a: Flutter Mane|Shadow Ball|p1a: Arcanine\n|-damage|p1a: Arcanine|0 fnt\n|faint|p1a: Arcanine\n|\n|win|rokabibee\n|raw|fsd879fsdfsd's rating: 1118 &rarr; <strong>1093<\/strong><br \/>(-25 for losing)\n|raw|rokabibee's rating: 1119 &rarr; <strong>1144<\/strong><br \/>(+25 for winning)\n","uploadtime":1701016032,"views":2,"p1id":"fsd879fsdfsd","p2id":"rokabibee","formatid":"gen9vgc2023regulatione","rating":1093,"private":0,"password":""}