{"id":"gen9vgc2023regulatione-1991483149","p1":"KumpelYD","p2":"GiBy0520","format":"[Gen 9] VGC 2023 Regulation E","log":"|j|\u2606KumpelYD\n|j|\u2606GiBy0520\n|t:|1700081064\n|gametype|doubles\n|player|p1|KumpelYD|volkner|1503\n|player|p2|GiBy0520|steven|1447\n|teamsize|p1|6\n|teamsize|p2|6\n|gen|9\n|tier|[Gen 9] VGC 2023 Regulation E\n|rated|\n|rule|Species Clause: Limit one of each Pok\u00e9mon\n|rule|Item Clause: Limit one of each item\n|clearpoke\n|poke|p1|Ting-Lu, L50|\n|poke|p1|Ogerpon-Wellspring, L50, F|\n|poke|p1|Arcanine, L50, M|\n|poke|p1|Cresselia, L50, F|\n|poke|p1|Iron Bundle, L50|\n|poke|p1|Rillaboom, L50, M|\n|poke|p2|Tornadus, L50, M|\n|poke|p2|Arcanine-Hisui, L50, M|\n|poke|p2|Iron Hands, L50|\n|poke|p2|Gholdengo, L50|\n|poke|p2|Urshifu-*, L50, M|\n|poke|p2|Ogerpon-Wellspring, L50, F|\n|teampreview|4\n|inactive|Battle timer is ON: inactive players will automatically lose when time's up. (requested by KumpelYD)\n|inactive|KumpelYD has 60 seconds left.\n|inactive|GiBy0520 has 60 seconds left.\nKumpelYD rejected open team sheets.\n|\n|t:|1700081120\n|start\n|switch|p1a: Iron Bundle|Iron Bundle, L50|100\/100\n|switch|p1b: Ogerpon|Ogerpon-Wellspring, L50, F|100\/100\n|switch|p2a: Vayu|Tornadus, L50, M|100\/100\n|switch|p2b: Wave|Urshifu-Rapid-Strike, L50, M|100\/100\n|-enditem|p1a: Iron Bundle|Booster Energy\n|-activate|p1a: Iron Bundle|ability: Quark Drive|[fromitem]\n|-start|p1a: Iron Bundle|quarkdrivespe\n|turn|1\n|l|\u2606GiBy0520\n|inactive|GiBy0520 disconnected and has a minute to reconnect!\n|player|p2|\n|j|\u2606GiBy0520\n|inactive|GiBy0520 reconnected and has 45 seconds left.\n|player|p2|GiBy0520|steven\n|inactive|KumpelYD has 30 seconds left.\n|inactive|KumpelYD has 20 seconds left.\n|inactive|KumpelYD has 15 seconds left.\n|\n|t:|1700081161\n|move|p2a: Vayu|Tailwind|p2a: Vayu\n|-sidestart|p2: GiBy0520|move: Tailwind\n|move|p2b: Wave|Close Combat|p1a: Iron Bundle\n|-supereffective|p1a: Iron Bundle\n|-damage|p1a: Iron Bundle|0 fnt\n|-unboost|p2b: Wave|def|1\n|-unboost|p2b: Wave|spd|1\n|faint|p1a: Iron Bundle\n|-end|p1a: Iron Bundle|Quark Drive|[silent]\n|move|p1b: Ogerpon|Horn Leech|p2b: Wave\n|-supereffective|p2b: Wave\n|-damage|p2b: Wave|0 fnt\n|faint|p2b: Wave\n|\n|upkeep\n|\n|t:|1700081174\n|switch|p1a: Ting-Lu|Ting-Lu, L50|100\/100\n|switch|p2b: Yamato|Ogerpon-Wellspring, L50, F|100\/100\n|-ability|p1a: Ting-Lu|Vessel of Ruin\n|turn|2\n|\n|t:|1700081190\n|-terastallize|p1a: Ting-Lu|Poison\n|move|p2a: Vayu|Rain Dance|p2a: Vayu\n|-weather|RainDance\n|move|p2b: Yamato|Ivy Cudgel|p1a: Ting-Lu|[anim] Ivy Cudgel Water\n|-damage|p1a: Ting-Lu|62\/100\n|move|p1b: Ogerpon|Horn Leech|p2b: Yamato\n|-damage|p2b: Yamato|49\/100\n|move|p1a: Ting-Lu|Fissure|p2b: Yamato|[miss]\n|-miss|p1a: Ting-Lu|p2b: Yamato\n|\n|-weather|RainDance|[upkeep]\n|-heal|p1a: Ting-Lu|68\/100|[from] item: Leftovers\n|upkeep\n|turn|3\n|\n|t:|1700081208\n|move|p2b: Yamato|Ivy Cudgel|p1a: Ting-Lu|[anim] Ivy Cudgel Water\n|-damage|p1a: Ting-Lu|29\/100\n|move|p2a: Vayu|Bleakwind Storm|p1a: Ting-Lu|[spread] p1a,p1b\n|-supereffective|p1b: Ogerpon\n|-damage|p1a: Ting-Lu|12\/100\n|-damage|p1b: Ogerpon|53\/100\n|-unboost|p1a: Ting-Lu|spe|1\n|move|p1b: Ogerpon|Ivy Cudgel|p2a: Vayu|[anim] Ivy Cudgel Water\n|-damage|p2a: Vayu|0 fnt\n|faint|p2a: Vayu\n|move|p1a: Ting-Lu|Heavy Slam|p2b: Yamato\n|-resisted|p2b: Yamato\n|-damage|p2b: Yamato|33\/100\n|\n|-weather|RainDance|[upkeep]\n|-heal|p1a: Ting-Lu|18\/100|[from] item: Leftovers\n|upkeep\n|\n|t:|1700081220\n|switch|p2a: Good Boy|Arcanine-Hisui, L50, M|100\/100\n|-ability|p2a: Good Boy|Intimidate|boost\n|-unboost|p1a: Ting-Lu|atk|1\n|-unboost|p1b: Ogerpon|atk|1\n|turn|4\n|\n|t:|1700081237\n|switch|p1b: Arcanine|Arcanine, L50, M|100\/100\n|-ability|p1b: Arcanine|Intimidate|boost\n|-unboost|p2a: Good Boy|atk|1\n|-unboost|p2b: Yamato|atk|1\n|move|p1a: Ting-Lu|Protect|p1a: Ting-Lu\n|-singleturn|p1a: Ting-Lu|Protect\n|move|p2b: Yamato|Power Whip|p1b: Arcanine|[miss]\n|-miss|p2b: Yamato|p1b: Arcanine\n|move|p2a: Good Boy|Rock Slide|p1a: Ting-Lu|[spread] \n|-activate|p1a: Ting-Lu|move: Protect\n|-miss|p2a: Good Boy|p1b: Arcanine\n|\n|-weather|RainDance|[upkeep]\n|-heal|p1a: Ting-Lu|24\/100|[from] item: Leftovers\n|-sideend|p2: GiBy0520|move: Tailwind\n|upkeep\n|turn|5\n|\n|t:|1700081257\n|switch|p1a: Ogerpon|Ogerpon-Wellspring, L50, F|53\/100\n|move|p2b: Yamato|Ivy Cudgel|p1a: Ogerpon|[anim] Ivy Cudgel Water\n|-heal|p1a: Ogerpon|78\/100|[from] ability: Water Absorb|[of] p2b: Yamato\n|move|p2a: Good Boy|Rock Slide|p1a: Ogerpon|[spread] p1a,p1b\n|-supereffective|p1b: Arcanine\n|-damage|p1a: Ogerpon|48\/100\n|-damage|p1b: Arcanine|61\/100\n|move|p1b: Arcanine|Will-O-Wisp|p2b: Yamato\n|-status|p2b: Yamato|brn\n|\n|-weather|RainDance|[upkeep]\n|-damage|p2b: Yamato|27\/100 brn|[from] brn\n|upkeep\n|turn|6\n|\n|t:|1700081276\n|switch|p1b: Ting-Lu|Ting-Lu, L50, tera:Poison|24\/100\n|-ability|p1b: Ting-Lu|Vessel of Ruin\n|move|p2b: Yamato|Follow Me|p2b: Yamato\n|-singleturn|p2b: Yamato|move: Follow Me\n|move|p2a: Good Boy|Rock Slide|p1b: Ting-Lu|[spread] p1a,p1b\n|-damage|p1a: Ogerpon|19\/100\n|-damage|p1b: Ting-Lu|11\/100\n|move|p1a: Ogerpon|Ivy Cudgel|p2b: Yamato|[anim] Ivy Cudgel Water\n|-heal|p2b: Yamato|51\/100 brn|[from] ability: Water Absorb|[of] p1a: Ogerpon\n|\n|-weather|none\n|-heal|p1b: Ting-Lu|17\/100|[from] item: Leftovers\n|-damage|p2b: Yamato|45\/100 brn|[from] brn\n|upkeep\n|turn|7\n|\n|t:|1700081295\n|move|p1a: Ogerpon|Spiky Shield|p1a: Ogerpon\n|-singleturn|p1a: Ogerpon|move: Protect\n|move|p2b: Yamato|Follow Me|p2b: Yamato\n|-singleturn|p2b: Yamato|move: Follow Me\n|move|p2a: Good Boy|Rock Slide|p1b: Ting-Lu|[spread] p1b\n|-activate|p1a: Ogerpon|move: Protect\n|-damage|p1b: Ting-Lu|5\/100\n|move|p1b: Ting-Lu|Stomping Tantrum|p2b: Yamato\n|-resisted|p2b: Yamato\n|-damage|p2b: Yamato|32\/100 brn\n|\n|-heal|p1b: Ting-Lu|11\/100|[from] item: Leftovers\n|-damage|p2b: Yamato|26\/100 brn|[from] brn\n|upkeep\n|turn|8\n|\n|t:|1700081310\n|switch|p1b: Arcanine|Arcanine, L50, M|61\/100\n|-ability|p1b: Arcanine|Intimidate|boost\n|-unboost|p2a: Good Boy|atk|1\n|-unboost|p2b: Yamato|atk|1\n|move|p2b: Yamato|Follow Me|p2b: Yamato\n|-singleturn|p2b: Yamato|move: Follow Me\n|move|p2a: Good Boy|Rock Slide|p1a: Ogerpon|[spread] p1a\n|-miss|p2a: Good Boy|p1b: Arcanine\n|-damage|p1a: Ogerpon|0 fnt\n|faint|p1a: Ogerpon\n|\n|-damage|p2b: Yamato|20\/100 brn|[from] brn\n|upkeep\n|\n|t:|1700081321\n|switch|p1a: Ting-Lu|Ting-Lu, L50, tera:Poison|11\/100\n|-ability|p1a: Ting-Lu|Vessel of Ruin\n|turn|9\n|\n|t:|1700081329\n|move|p1a: Ting-Lu|Protect|p1a: Ting-Lu\n|-singleturn|p1a: Ting-Lu|Protect\n|move|p2b: Yamato|Ivy Cudgel|p1a: Ting-Lu|[anim] Ivy Cudgel Water\n|-activate|p1a: Ting-Lu|move: Protect\n|move|p2a: Good Boy|Rock Slide|p1a: Ting-Lu|[spread] p1b\n|-activate|p1a: Ting-Lu|move: Protect\n|-supereffective|p1b: Arcanine\n|-damage|p1b: Arcanine|30\/100\n|-enditem|p1b: Arcanine|Sitrus Berry|[eat]\n|-heal|p1b: Arcanine|55\/100|[from] item: Sitrus Berry\n|move|p1b: Arcanine|Flare Blitz|p2b: Yamato\n|-damage|p2b: Yamato|0 fnt\n|faint|p2b: Yamato\n|-damage|p1b: Arcanine|49\/100|[from] Recoil\n|\n|-heal|p1a: Ting-Lu|18\/100|[from] item: Leftovers\n|upkeep\n|turn|10\n|\n|t:|1700081347\n|-terastallize|p2a: Good Boy|Fairy\n|move|p2a: Good Boy|Rock Slide|p1a: Ting-Lu|[spread] p1a,p1b\n|-supereffective|p1b: Arcanine\n|-damage|p1a: Ting-Lu|8\/100\n|-damage|p1b: Arcanine|18\/100\n|cant|p1b: Arcanine|flinch\n|move|p1a: Ting-Lu|Stomping Tantrum|p2a: Good Boy\n|-damage|p2a: Good Boy|68\/100\n|\n|-heal|p1a: Ting-Lu|15\/100|[from] item: Leftovers\n|upkeep\n|turn|11\n|\n|t:|1700081361\n|move|p1b: Arcanine|Protect|p1b: Arcanine\n|-singleturn|p1b: Arcanine|Protect\n|move|p1a: Ting-Lu|Protect|p1a: Ting-Lu\n|-singleturn|p1a: Ting-Lu|Protect\n|move|p2a: Good Boy|Rock Slide|p1a: Ting-Lu|[spread] \n|-activate|p1a: Ting-Lu|move: Protect\n|-activate|p1b: Arcanine|move: Protect\n|\n|-heal|p1a: Ting-Lu|21\/100|[from] item: Leftovers\n|upkeep\n|turn|12\n|\n|t:|1700081373\n|move|p2a: Good Boy|Rock Slide|p1b: Arcanine|[spread] p1a,p1b\n|-supereffective|p1b: Arcanine\n|-damage|p1a: Ting-Lu|10\/100\n|-damage|p1b: Arcanine|0 fnt\n|faint|p1b: Arcanine\n|cant|p1a: Ting-Lu|flinch\n|\n|-heal|p1a: Ting-Lu|17\/100|[from] item: Leftovers\n|upkeep\n|turn|13\n|\n|t:|1700081380\n|move|p1a: Ting-Lu|Protect|p1a: Ting-Lu\n|-singleturn|p1a: Ting-Lu|Protect\n|move|p2a: Good Boy|Rock Slide|p1a: Ting-Lu\n|-activate|p1a: Ting-Lu|move: Protect\n|\n|-heal|p1a: Ting-Lu|23\/100|[from] item: Leftovers\n|upkeep\n|turn|14\n|\n|t:|1700081382\n|move|p2a: Good Boy|Rock Slide|p1a: Ting-Lu\n|-damage|p1a: Ting-Lu|10\/100\n|move|p1a: Ting-Lu|Heavy Slam|p2a: Good Boy\n|-supereffective|p2a: Good Boy\n|-damage|p2a: Good Boy|9\/100\n|\n|-heal|p1a: Ting-Lu|16\/100|[from] item: Leftovers\n|upkeep\n|turn|15\n|\n|t:|1700081388\n|move|p1a: Ting-Lu|Protect|p1a: Ting-Lu\n|-singleturn|p1a: Ting-Lu|Protect\n|move|p2a: Good Boy|Rock Slide|p1a: Ting-Lu\n|-activate|p1a: Ting-Lu|move: Protect\n|\n|-heal|p1a: Ting-Lu|22\/100|[from] item: Leftovers\n|upkeep\n|turn|16\n|\n|t:|1700081390\n|move|p2a: Good Boy|Rock Slide|p1a: Ting-Lu\n|-damage|p1a: Ting-Lu|8\/100\n|cant|p1a: Ting-Lu|flinch\n|\n|-heal|p1a: Ting-Lu|15\/100|[from] item: Leftovers\n|upkeep\n|turn|17\n|\n|t:|1700081394\n|move|p1a: Ting-Lu|Protect|p1a: Ting-Lu\n|-singleturn|p1a: Ting-Lu|Protect\n|move|p2a: Good Boy|Rock Slide|p1a: Ting-Lu\n|-activate|p1a: Ting-Lu|move: Protect\n|\n|-heal|p1a: Ting-Lu|21\/100|[from] item: Leftovers\n|upkeep\n|turn|18\n|\n|t:|1700081399\n|move|p2a: Good Boy|Rock Slide|p1a: Ting-Lu\n|-damage|p1a: Ting-Lu|8\/100\n|move|p1a: Ting-Lu|Heavy Slam|p2a: Good Boy\n|-supereffective|p2a: Good Boy\n|-damage|p2a: Good Boy|0 fnt\n|faint|p2a: Good Boy\n|\n|win|KumpelYD\n|raw|KumpelYD's rating: 1503 &rarr; <strong>1520<\/strong><br \/>(+17 for winning)\n|raw|GiBy0520's rating: 1447 &rarr; <strong>1430<\/strong><br \/>(-17 for losing)\n|l|\u2606GiBy0520\n","uploadtime":1700081411,"views":17,"p1id":"kumpelyd","p2id":"giby0520","formatid":"gen9vgc2023regulatione","rating":1430,"private":0,"password":""}