{"id":"gen9vgc2023regulatione-1987966340","p1":"jonita0805","p2":"carpe_panem","format":"[Gen 9] VGC 2023 Regulation E","log":"|j|\u2606jonita0805\n|j|\u2606carpe_panem\n|t:|1699654009\n|gametype|doubles\n|player|p1|jonita0805|lucas|1032\n|player|p2|carpe_panem|266|1060\n|teamsize|p1|6\n|teamsize|p2|6\n|gen|9\n|tier|[Gen 9] VGC 2023 Regulation E\n|rated|\n|rule|Species Clause: Limit one of each Pok\u00e9mon\n|rule|Item Clause: Limit one of each item\n|clearpoke\n|poke|p1|Empoleon, L50, F|\n|poke|p1|Landorus-Therian, L50, M|\n|poke|p1|Rillaboom, L50, M|\n|poke|p1|Urshifu-*, L50, F|\n|poke|p1|Flutter Mane, L50|\n|poke|p1|Tornadus, L50, M|\n|poke|p2|Torterra, L50, F|\n|poke|p2|Grimmsnarl, L50, M|\n|poke|p2|Urshifu-*, L50, M|\n|poke|p2|Cresselia, L50, F|\n|poke|p2|Ursaluna-Bloodmoon, L50, M|\n|poke|p2|Dusclops, L50, M|\n|teampreview|4\njonita0805 has agreed to open team sheets.\n|\n|t:|1699654068\n|start\n|switch|p1a: Urshifu|Urshifu-Rapid-Strike, L50, F|100\/100\n|switch|p1b: Flutter Mane|Flutter Mane, L50|100\/100\n|switch|p2a: Torterra|Torterra, L50, F|100\/100\n|switch|p2b: Grimmsnarl|Grimmsnarl, L50, M|100\/100\n|-enditem|p1b: Flutter Mane|Booster Energy\n|-activate|p1b: Flutter Mane|ability: Protosynthesis|[fromitem]\n|-start|p1b: Flutter Mane|protosynthesisspe\n|turn|1\n|\n|t:|1699654086\n|move|p2b: Grimmsnarl|Light Screen|p2b: Grimmsnarl\n|-sidestart|p2: carpe_panem|move: Light Screen\n|move|p1b: Flutter Mane|Dazzling Gleam|p2b: Grimmsnarl|[spread] p2a,p2b\n|-supereffective|p2b: Grimmsnarl\n|-damage|p2a: Torterra|81\/100\n|-damage|p2b: Grimmsnarl|61\/100\n|move|p1a: Urshifu|Surging Strikes|p2a: Torterra\n|-damage|p2a: Torterra|70\/100\n|-damage|p2a: Torterra|59\/100\n|-damage|p2a: Torterra|50\/100\n|-enditem|p2a: Torterra|Sitrus Berry|[eat]\n|-heal|p2a: Torterra|75\/100|[from] item: Sitrus Berry\n|-hitcount|p2a: Torterra|3\n|move|p2a: Torterra|Iron Defense|p2a: Torterra\n|-boost|p2a: Torterra|def|2\n|\n|upkeep\n|turn|2\n|\n|t:|1699654124\n|switch|p1a: Landorus|Landorus-Therian, L50, M|100\/100\n|-ability|p1a: Landorus|Intimidate|boost\n|-unboost|p2a: Torterra|atk|1\n|-unboost|p2b: Grimmsnarl|atk|1\n|move|p2b: Grimmsnarl|Reflect|p2b: Grimmsnarl\n|-sidestart|p2: carpe_panem|Reflect\n|move|p1b: Flutter Mane|Shadow Ball|p2b: Grimmsnarl\n|-resisted|p2b: Grimmsnarl\n|-damage|p2b: Grimmsnarl|47\/100\n|move|p2a: Torterra|Iron Defense|p2a: Torterra\n|-boost|p2a: Torterra|def|2\n|\n|upkeep\n|turn|3\n|\n|t:|1699654147\n|move|p2b: Grimmsnarl|Parting Shot|p1b: Flutter Mane\n|-unboost|p1b: Flutter Mane|atk|1\n|-unboost|p1b: Flutter Mane|spa|1\n|\n|t:|1699654153\n|switch|p2b: Cresselia|Cresselia, L50, F|100\/100|[from] Parting Shot\n|move|p1b: Flutter Mane|Shadow Ball|p2a: Torterra\n|-damage|p2a: Torterra|58\/100\n|move|p1a: Landorus|Bulk Up|p1a: Landorus\n|-boost|p1a: Landorus|atk|1\n|-boost|p1a: Landorus|def|1\n|move|p2a: Torterra|Iron Defense|p2a: Torterra\n|-boost|p2a: Torterra|def|2\n|\n|upkeep\n|turn|4\n|\n|t:|1699654176\n|move|p1b: Flutter Mane|Shadow Ball|p2b: Cresselia\n|-supereffective|p2b: Cresselia\n|-damage|p2b: Cresselia|74\/100\n|-unboost|p2b: Cresselia|spd|1\n|move|p1a: Landorus|Rock Slide|p2a: Torterra|[spread] p2a,p2b\n|-resisted|p2a: Torterra\n|-damage|p2a: Torterra|57\/100\n|-damage|p2b: Cresselia|63\/100\n|move|p2a: Torterra|Synthesis|p2a: Torterra\n|-heal|p2a: Torterra|100\/100\n|move|p2b: Cresselia|Trick Room|p2b: Cresselia\n|-fieldstart|move: Trick Room|[of] p2b: Cresselia\n|\n|upkeep\n|turn|5\n|\n|t:|1699654211\n|switch|p2b: Ursaluna|Ursaluna-Bloodmoon, L50, M|100\/100\n|move|p2a: Torterra|Body Press|p1a: Landorus\n|-resisted|p1a: Landorus\n|-damage|p1a: Landorus|67\/100\n|move|p1a: Landorus|Rock Slide|p2b: Ursaluna|[spread] p2a\n|-miss|p1a: Landorus|p2b: Ursaluna\n|-resisted|p2a: Torterra\n|-damage|p2a: Torterra|99\/100\n|move|p1b: Flutter Mane|Dazzling Gleam|p2a: Torterra|[spread] p2a,p2b\n|-damage|p2a: Torterra|85\/100\n|-damage|p2b: Ursaluna|85\/100\n|\n|upkeep\n|turn|6\n|\n|t:|1699654231\n|move|p1a: Landorus|Protect|p1a: Landorus\n|-singleturn|p1a: Landorus|Protect\n|move|p1b: Flutter Mane|Protect|p1b: Flutter Mane\n|-singleturn|p1b: Flutter Mane|Protect\n|move|p2b: Ursaluna|Blood Moon|p1b: Flutter Mane\n|-activate|p1b: Flutter Mane|move: Protect\n|move|p2a: Torterra|Body Press|p1a: Landorus\n|-activate|p1a: Landorus|move: Protect\n|\n|upkeep\n|turn|7\n|\n|t:|1699654278\n|move|p2b: Ursaluna|Hyper Voice|p1a: Landorus|[spread] p1a,p1b\n|-damage|p1a: Landorus|11\/100\n|-damage|p1b: Flutter Mane|50\/100\n|-enditem|p1a: Landorus|Sitrus Berry|[eat]\n|-heal|p1a: Landorus|36\/100|[from] item: Sitrus Berry\n|-damage|p2b: Ursaluna|76\/100|[from] item: Life Orb\n|move|p2a: Torterra|Body Press|p1a: Landorus\n|-resisted|p1a: Landorus\n|-damage|p1a: Landorus|5\/100\n|move|p1a: Landorus|Rock Slide|p2b: Ursaluna|[spread] p2a,p2b\n|-resisted|p2a: Torterra\n|-resisted|p2b: Ursaluna\n|-damage|p2a: Torterra|84\/100\n|-damage|p2b: Ursaluna|70\/100\n|move|p1b: Flutter Mane|Dazzling Gleam|p2b: Ursaluna|[spread] p2a,p2b\n|-damage|p2a: Torterra|70\/100\n|-damage|p2b: Ursaluna|53\/100\n|\n|upkeep\n|turn|8\n|\n|t:|1699654305\n|switch|p2b: Cresselia|Cresselia, L50, F|63\/100\n|move|p1a: Landorus|Protect|p1a: Landorus\n|-singleturn|p1a: Landorus|Protect\n|move|p1b: Flutter Mane|Protect|p1b: Flutter Mane\n|-singleturn|p1b: Flutter Mane|Protect\n|move|p2a: Torterra|Body Press|p1a: Landorus\n|-activate|p1a: Landorus|move: Protect\n|\n|-sideend|p2: carpe_panem|move: Light Screen\n|-fieldend|move: Trick Room\n|upkeep\n|turn|9\n|\n|t:|1699654322\n|move|p1b: Flutter Mane|Shadow Ball|p2b: Cresselia\n|-supereffective|p2b: Cresselia\n|-damage|p2b: Cresselia|23\/100\n|move|p1a: Landorus|Rock Slide|p2b: Cresselia|[spread] p2a,p2b\n|-resisted|p2a: Torterra\n|-damage|p2a: Torterra|69\/100\n|-damage|p2b: Cresselia|13\/100\n|cant|p2a: Torterra|flinch\n|move|p2b: Cresselia|Trick Room|p2b: Cresselia\n|-fieldstart|move: Trick Room|[of] p2b: Cresselia\n|\n|-sideend|p2: carpe_panem|Reflect\n|upkeep\n|turn|10\n|\n|t:|1699654346\n|switch|p2b: Grimmsnarl|Grimmsnarl, L50, M|47\/100\n|move|p1a: Landorus|Protect|p1a: Landorus\n|-singleturn|p1a: Landorus|Protect\n|move|p1b: Flutter Mane|Protect|p1b: Flutter Mane\n|-singleturn|p1b: Flutter Mane|Protect\n|move|p2a: Torterra|Body Press|p1a: Landorus\n|-activate|p1a: Landorus|move: Protect\n|\n|upkeep\n|turn|11\n|\n|t:|1699654375\n|switch|p1a: Rillaboom|Rillaboom, L50, M|100\/100\n|-fieldstart|move: Grassy Terrain|[from] ability: Grassy Surge|[of] p1a: Rillaboom\n|move|p2b: Grimmsnarl|Light Screen|p2b: Grimmsnarl\n|-sidestart|p2: carpe_panem|move: Light Screen\n|move|p2a: Torterra|Body Press|p1a: Rillaboom\n|-damage|p1a: Rillaboom|9\/100\n|move|p1b: Flutter Mane|Shadow Ball|p2a: Torterra\n|-damage|p2a: Torterra|53\/100\n|\n|-heal|p2a: Torterra|59\/100|[from] Grassy Terrain\n|-heal|p2b: Grimmsnarl|53\/100|[from] Grassy Terrain\n|-heal|p1a: Rillaboom|15\/100|[from] Grassy Terrain\n|-heal|p1b: Flutter Mane|56\/100|[from] Grassy Terrain\n|upkeep\n|turn|12\n|\n|t:|1699654401\n|move|p1a: Rillaboom|Fake Out|p2a: Torterra\n|-damage|p2a: Torterra|57\/100\n|move|p2b: Grimmsnarl|Parting Shot|p1b: Flutter Mane\n|-unboost|p1b: Flutter Mane|atk|1\n|-unboost|p1b: Flutter Mane|spa|1\n|\n|t:|1699654415\n|switch|p2b: Cresselia|Cresselia, L50, F|13\/100|[from] Parting Shot\n|cant|p2a: Torterra|flinch\n|move|p1b: Flutter Mane|Dazzling Gleam|p2a: Torterra|[spread] p2a,p2b\n|-damage|p2a: Torterra|47\/100\n|-damage|p2b: Cresselia|6\/100\n|\n|-heal|p2a: Torterra|53\/100|[from] Grassy Terrain\n|-heal|p1a: Rillaboom|21\/100|[from] Grassy Terrain\n|-heal|p1b: Flutter Mane|62\/100|[from] Grassy Terrain\n|upkeep\n|turn|13\n|\n|t:|1699654434\n|-end|p1b: Flutter Mane|Protosynthesis|[silent]\n|switch|p1b: Landorus|Landorus-Therian, L50, M|5\/100\n|-ability|p1b: Landorus|Intimidate|boost\n|-unboost|p2a: Torterra|atk|1\n|-unboost|p2b: Cresselia|atk|1\n|move|p1a: Rillaboom|Grassy Glide|p2b: Cresselia\n|-damage|p2b: Cresselia|0 fnt\n|faint|p2b: Cresselia\n|move|p2a: Torterra|Body Press|p1a: Rillaboom\n|-damage|p1a: Rillaboom|0 fnt\n|faint|p1a: Rillaboom\n|\n|-heal|p2a: Torterra|59\/100|[from] Grassy Terrain\n|-fieldend|move: Trick Room\n|upkeep\n|\n|t:|1699654451\n|switch|p1a: Flutter Mane|Flutter Mane, L50|62\/100\n|switch|p2b: Ursaluna|Ursaluna-Bloodmoon, L50, M|53\/100\n|turn|14\n|\n|t:|1699654469\n|move|p1a: Flutter Mane|Dazzling Gleam|p2a: Torterra|[spread] p2a,p2b\n|-damage|p2a: Torterra|41\/100\n|-damage|p2b: Ursaluna|30\/100\n|move|p1b: Landorus|Rock Slide|p2a: Torterra|[spread] p2a,p2b\n|-resisted|p2a: Torterra\n|-resisted|p2b: Ursaluna\n|-damage|p2a: Torterra|40\/100\n|-damage|p2b: Ursaluna|23\/100\n|move|p2a: Torterra|Synthesis|p2a: Torterra\n|-heal|p2a: Torterra|90\/100\n|move|p2b: Ursaluna|Hyper Voice|p1a: Flutter Mane|[spread] p1a,p1b\n|-damage|p1a: Flutter Mane|12\/100\n|-damage|p1b: Landorus|0 fnt\n|faint|p1b: Landorus\n|-damage|p2b: Ursaluna|14\/100|[from] item: Life Orb\n|\n|-heal|p1a: Flutter Mane|18\/100|[from] Grassy Terrain\n|-heal|p2a: Torterra|96\/100|[from] Grassy Terrain\n|-heal|p2b: Ursaluna|20\/100|[from] Grassy Terrain\n|upkeep\n|\n|t:|1699654489\n|switch|p1b: Urshifu|Urshifu-Rapid-Strike, L50, F|100\/100\n|turn|15\n|\n|t:|1699654499\n|move|p2b: Ursaluna|Protect|p2b: Ursaluna\n|-singleturn|p2b: Ursaluna|Protect\n|move|p1a: Flutter Mane|Dazzling Gleam|p2a: Torterra|[spread] p2a\n|-activate|p2b: Ursaluna|move: Protect\n|-damage|p2a: Torterra|77\/100\n|move|p1b: Urshifu|Surging Strikes|p2a: Torterra\n|-damage|p2a: Torterra|74\/100\n|-damage|p2a: Torterra|71\/100\n|-damage|p2a: Torterra|68\/100\n|-hitcount|p2a: Torterra|3\n|move|p2a: Torterra|Body Press|p1b: Urshifu\n|-damage|p1b: Urshifu|21\/100\n|\n|-heal|p1a: Flutter Mane|24\/100|[from] Grassy Terrain\n|-heal|p1b: Urshifu|27\/100|[from] Grassy Terrain\n|-heal|p2a: Torterra|74\/100|[from] Grassy Terrain\n|-heal|p2b: Ursaluna|26\/100|[from] Grassy Terrain\n|-fieldend|move: Grassy Terrain\n|upkeep\n|turn|16\n|\n|t:|1699654531\n|-terastallize|p1a: Flutter Mane|Ghost\n|move|p1a: Flutter Mane|Shadow Ball|p2a: Torterra\n|-damage|p2a: Torterra|43\/100\n|-unboost|p2a: Torterra|spd|1\n|move|p1b: Urshifu|Surging Strikes|p2b: Ursaluna\n|-supereffective|p2b: Ursaluna\n|-crit|p2b: Ursaluna\n|-damage|p2b: Ursaluna|0 fnt\n|faint|p2b: Ursaluna\n|-hitcount|p2: Ursaluna|1\n|move|p2a: Torterra|Body Press|p1b: Urshifu\n|-damage|p1b: Urshifu|0 fnt\n|faint|p1b: Urshifu\n|\n|upkeep\n|\n|t:|1699654544\n|switch|p2b: Grimmsnarl|Grimmsnarl, L50, M|53\/100\n|turn|17\n|\n|t:|1699654558\n|-terastallize|p2b: Grimmsnarl|Steel\n|move|p1a: Flutter Mane|Dazzling Gleam|p2a: Torterra|[spread] p2a,p2b\n|-resisted|p2b: Grimmsnarl\n|-damage|p2a: Torterra|14\/100\n|-damage|p2b: Grimmsnarl|43\/100\n|move|p2b: Grimmsnarl|Foul Play|p1a: Flutter Mane\n|-supereffective|p1a: Flutter Mane\n|-damage|p1a: Flutter Mane|0 fnt\n|faint|p1a: Flutter Mane\n|-end|p1a: Flutter Mane|Protosynthesis|[silent]\n|\n|win|carpe_panem\n|raw|jonita0805's rating: 1032 &rarr; <strong>1018<\/strong><br \/>(-14 for losing)\n|raw|carpe_panem's rating: 1060 &rarr; <strong>1089<\/strong><br \/>(+29 for winning)\n|l|\u2606jonita0805\n","uploadtime":1699654571,"views":28,"p1id":"jonita0805","p2id":"carpepanem","formatid":"gen9vgc2023regulatione","rating":1018,"private":0,"password":""}