{"id":"gen9vgc2023regulatione-1990579889","p1":"pelipperislandxoo","p2":"MythicalDarkrai","format":"[Gen 9] VGC 2023 Regulation E","log":"|j|\u2606pelipperislandxoo\n|j|\u2606MythicalDarkrai\n|t:|1699983069\n|gametype|doubles\n|player|p1|pelipperislandxoo|102|1103\n|player|p2|MythicalDarkrai|265|1144\n|teamsize|p1|6\n|teamsize|p2|6\n|gen|9\n|tier|[Gen 9] VGC 2023 Regulation E\n|rated|\n|rule|Species Clause: Limit one of each Pok\u00e9mon\n|rule|Item Clause: Limit one of each item\n|clearpoke\n|poke|p1|Urshifu-*, L50, M|\n|poke|p1|Thundurus, L50, M|\n|poke|p1|Rillaboom, L50, M|\n|poke|p1|Wyrdeer, L50, M|\n|poke|p1|Maushold-Four, L50|\n|poke|p1|Dragonite, L50, F|\n|poke|p2|Ambipom, L50, M|\n|poke|p2|Flutter Mane, L50|\n|poke|p2|Kingambit, L50, M|\n|poke|p2|Ogerpon-Hearthflame, L50, F|\n|poke|p2|Noivern, L50, F|\n|poke|p2|Gyarados, L50, M|\n|teampreview|4\n|inactive|Battle timer is ON: inactive players will automatically lose when time's up. (requested by pelipperislandxoo)\n|inactive|pelipperislandxoo has 60 seconds left.\n|inactive|MythicalDarkrai has 60 seconds left.\n|\n|t:|1699983104\n|start\n|switch|p1a: Thundurus|Thundurus, L50, M, shiny|100\/100\n|switch|p1b: Wyrdeer|Wyrdeer, L50, M|100\/100\n|switch|p2a: GloveWorld|Ambipom, L50, M, shiny|100\/100\n|switch|p2b: FlucciMane|Flutter Mane, L50|100\/100\n|-ability|p1b: Wyrdeer|Intimidate|boost\n|-unboost|p2a: GloveWorld|atk|1\n|-unboost|p2b: FlucciMane|atk|1\n|-enditem|p2b: FlucciMane|Booster Energy\n|-activate|p2b: FlucciMane|ability: Protosynthesis|[fromitem]\n|-start|p2b: FlucciMane|protosynthesisspa\n|turn|1\n|inactive|MythicalDarkrai has 30 seconds left.\n|inactive|MythicalDarkrai has 20 seconds left.\n|inactive|MythicalDarkrai has 15 seconds left.\n|inactive|MythicalDarkrai has 10 seconds left.\n|\n|t:|1699983153\n|-terastallize|p2b: FlucciMane|Fairy\n|move|p1a: Thundurus|Protect|p1a: Thundurus\n|-singleturn|p1a: Thundurus|Protect\n|move|p2a: GloveWorld|Fake Out|p1b: Wyrdeer\n|-enditem|p2a: GloveWorld|Normal Gem|[from] gem\n|-damage|p1b: Wyrdeer|75\/100\n|move|p2b: FlucciMane|Moonblast|p1a: Thundurus\n|-activate|p1a: Thundurus|move: Protect\n|move|p1b: Wyrdeer|Trick Room|p1b: Wyrdeer\n|-fieldstart|move: Trick Room|[of] p1b: Wyrdeer\n|\n|upkeep\n|turn|2\n|inactive|pelipperislandxoo has 30 seconds left.\n|inactive|MythicalDarkrai has 30 seconds left.\n|inactive|pelipperislandxoo has 20 seconds left.\n|inactive|MythicalDarkrai has 20 seconds left.\n|inactive|MythicalDarkrai has 15 seconds left.\n|inactive|MythicalDarkrai has 10 seconds left.\n|inactive|MythicalDarkrai has 5 seconds left.\n|\n|t:|1699983205\n|-terastallize|p1a: Thundurus|Steel\n|move|p1b: Wyrdeer|Skill Swap|p2a: GloveWorld\n|-activate|p1b: Wyrdeer|move: Skill Swap|Technician|Intimidate|[of] p2a: GloveWorld\n|-ability|p2a: GloveWorld|Intimidate|boost\n|-unboost|p1a: Thundurus|atk|1\n|-ability|p1a: Thundurus|Defiant|boost\n|-boost|p1a: Thundurus|atk|2\n|-unboost|p1b: Wyrdeer|atk|1\n|move|p1a: Thundurus|Wild Charge|p2b: FlucciMane\n|-damage|p2b: FlucciMane|0 fnt\n|faint|p2b: FlucciMane\n|-end|p2b: FlucciMane|Protosynthesis|[silent]\n|-damage|p1a: Thundurus|78\/100|[from] Recoil\n|-damage|p1a: Thundurus|68\/100|[from] item: Life Orb\n|move|p2a: GloveWorld|Covet|p1a: Thundurus\n|-resisted|p1a: Thundurus\n|-damage|p1a: Thundurus|57\/100\n|-item|p2a: GloveWorld|Life Orb|[from] move: Covet|[of] p1a: Thundurus\n|-damage|p2a: GloveWorld|90\/100|[from] item: Life Orb\n|\n|upkeep\n|inactive|MythicalDarkrai has 30 seconds left.\n|\n|t:|1699983240\n|switch|p2b: Long Boy|Gyarados, L50, M, shiny|100\/100\n|-ability|p2b: Long Boy|Intimidate|boost\n|-unboost|p1a: Thundurus|atk|1\n|-ability|p1a: Thundurus|Defiant|boost\n|-boost|p1a: Thundurus|atk|2\n|-unboost|p1b: Wyrdeer|atk|1\n|turn|3\n|\n|t:|1699983259\n|move|p1b: Wyrdeer|Skill Swap|p2a: GloveWorld\n|-activate|p1b: Wyrdeer|move: Skill Swap|Intimidate|Technician|[of] p2a: GloveWorld\n|-ability|p1b: Wyrdeer|Intimidate|boost\n|-unboost|p2a: GloveWorld|atk|1\n|-unboost|p2b: Long Boy|atk|1\n|move|p2b: Long Boy|Waterfall|p1a: Thundurus\n|-damage|p1a: Thundurus|26\/100\n|move|p1a: Thundurus|Wild Charge|p2b: Long Boy\n|-supereffective|p2b: Long Boy\n|-damage|p2b: Long Boy|0 fnt\n|faint|p2b: Long Boy\n|-damage|p1a: Thundurus|0 fnt|[from] Recoil\n|faint|p1a: Thundurus\n|move|p2a: GloveWorld|Low Kick|p1b: Wyrdeer\n|-damage|p1b: Wyrdeer|58\/100\n|-damage|p2a: GloveWorld|80\/100|[from] item: Life Orb\n|\n|upkeep\n|\n|t:|1699983284\n|switch|p2b: Kingambit|Kingambit, L50, M|100\/100\n|switch|p1a: Urshifu|Urshifu, L50, M|100\/100\n|turn|4\n|inactive|MythicalDarkrai has 30 seconds left.\n|inactive|MythicalDarkrai has 20 seconds left.\n|inactive|MythicalDarkrai has 15 seconds left.\n|inactive|MythicalDarkrai has 10 seconds left.\n|inactive|MythicalDarkrai has 5 seconds left.\n|\n|t:|1699983339\n|move|p2b: Kingambit|Sucker Punch|p1b: Wyrdeer\n|-supereffective|p1b: Wyrdeer\n|-damage|p1b: Wyrdeer|0 fnt\n|faint|p1b: Wyrdeer\n|move|p1a: Urshifu|Close Combat|p2b: Kingambit\n|-supereffective|p2b: Kingambit\n|-damage|p2b: Kingambit|0 fnt\n|-unboost|p1a: Urshifu|def|1\n|-unboost|p1a: Urshifu|spd|1\n|faint|p2b: Kingambit\n|move|p2a: GloveWorld|Covet|p1a: Urshifu\n|-damage|p1a: Urshifu|67\/100\n|-damage|p2a: GloveWorld|70\/100|[from] item: Life Orb\n|\n|upkeep\n|\n|t:|1699983351\n|switch|p1b: Dragonite|Dragonite, L50, F|100\/100\n|turn|5\n|\n|t:|1699983359\n|move|p1a: Urshifu|Close Combat|p2a: GloveWorld\n|-supereffective|p2a: GloveWorld\n|-damage|p2a: GloveWorld|0 fnt\n|-unboost|p1a: Urshifu|def|1\n|-unboost|p1a: Urshifu|spd|1\n|faint|p2a: GloveWorld\n|\n|win|pelipperislandxoo\n|raw|pelipperislandxoo's rating: 1103 &rarr; <strong>1131<\/strong><br \/>(+28 for winning)\n|raw|MythicalDarkrai's rating: 1144 &rarr; <strong>1116<\/strong><br \/>(-28 for losing)\n","uploadtime":1699983367,"views":9,"p1id":"pelipperislandxoo","p2id":"mythicaldarkrai","formatid":"gen9vgc2023regulatione","rating":1116,"private":0,"password":""}