{"id":"gen9vgc2023regulatione-1997513439","p1":"Aranciano","p2":"donmidahmi","format":"[Gen 9] VGC 2023 Regulation E","log":"|j|\u2606Aranciano\n|j|\u2606donmidahmi\n|t:|1700818252\n|gametype|doubles\n|player|p1|Aranciano|266|1108\n|player|p2|donmidahmi|pokekid|1000\n|teamsize|p1|6\n|teamsize|p2|6\n|gen|9\n|tier|[Gen 9] VGC 2023 Regulation E\n|rated|\n|rule|Species Clause: Limit one of each Pok\u00e9mon\n|rule|Item Clause: Limit one of each item\n|clearpoke\n|poke|p1|Camerupt, L50, M|\n|poke|p1|Carbink, L50|\n|poke|p1|Inteleon, L50, M|\n|poke|p1|Volcarona, L50, M|\n|poke|p1|Baxcalibur, L50, F|\n|poke|p1|Meowscarada, L50, F|\n|poke|p2|Urshifu-*, L50, M|\n|poke|p2|Farigiraf, L50, F|\n|poke|p2|Clefairy, L50, M|\n|poke|p2|Ogerpon-Hearthflame, L50, F|\n|poke|p2|Ursaluna-Bloodmoon, L50, M|\n|poke|p2|Okidogi, L50, M|\n|teampreview|4\ndonmidahmi has agreed to open team sheets.\n|\n|t:|1700818283\n|start\n|switch|p1a: Inteleon|Inteleon, L50, M|100\/100\n|switch|p1b: Meowscarada|Meowscarada, L50, F|100\/100\n|switch|p2a: Urshifu|Urshifu-Rapid-Strike, L50, M|100\/100\n|switch|p2b: Farigiraf|Farigiraf, L50, F|100\/100\n|turn|1\n|\n|t:|1700818313\n|move|p2a: Urshifu|Ice Spinner|p1b: Meowscarada\n|-supereffective|p1b: Meowscarada\n|-damage|p1b: Meowscarada|8\/100\n|move|p1b: Meowscarada|Flower Trick|p2b: Farigiraf\n|-start|p1b: Meowscarada|typechange|Grass|[from] ability: Protean\n|-crit|p2b: Farigiraf\n|-damage|p2b: Farigiraf|58\/100\n|move|p1a: Inteleon|Water Pledge|p2b: Farigiraf\n|-damage|p2b: Farigiraf|0 fnt\n|faint|p2b: Farigiraf\n|\n|upkeep\n|\n|t:|1700818330\n|switch|p2b: Clefairy|Clefairy, L50, M|100\/100\n|turn|2\n|\n|t:|1700818348\n|switch|p2a: Ogerpon|Ogerpon-Hearthflame, L50, F|100\/100\n|-ability|p2a: Ogerpon|Mold Breaker\n|switch|p1a: \u80d6\u6708\u4eae\u4f0a\u5e03|Camerupt, L50, M, shiny|100\/100\n|move|p1b: Meowscarada|Protect|p1b: Meowscarada\n|-singleturn|p1b: Meowscarada|Protect\n|move|p2b: Clefairy|Protect||[still]\n|-fail|p2b: Clefairy\n|\n|upkeep\n|turn|3\n|\n|t:|1700818394\n|move|p2b: Clefairy|Follow Me|p2b: Clefairy\n|-singleturn|p2b: Clefairy|move: Follow Me\n|move|p1b: Meowscarada|Flower Trick|p2b: Clefairy\n|-crit|p2b: Clefairy\n|-damage|p2b: Clefairy|63\/100\n|move|p2a: Ogerpon|Swords Dance|p2a: Ogerpon\n|-boost|p2a: Ogerpon|atk|2\n|move|p1a: \u80d6\u6708\u4eae\u4f0a\u5e03|Earthquake|p2b: Clefairy|[spread] p1b,p2a,p2b\n|-resisted|p1b: Meowscarada\n|-damage|p1b: Meowscarada|0 fnt\n|-damage|p2a: Ogerpon|75\/100\n|-damage|p2b: Clefairy|44\/100\n|faint|p1b: Meowscarada\n|\n|upkeep\n|\n|t:|1700818416\n|switch|p1b: Inteleon|Inteleon, L50, M|100\/100\n|turn|4\n|\n|t:|1700818436\n|move|p2b: Clefairy|Follow Me|p2b: Clefairy\n|-singleturn|p2b: Clefairy|move: Follow Me\n|move|p2a: Ogerpon|Horn Leech|p1b: Inteleon\n|-supereffective|p1b: Inteleon\n|-damage|p1b: Inteleon|0 fnt\n|-heal|p2a: Ogerpon|100\/100|[from] drain|[of] p1b: Inteleon\n|faint|p1b: Inteleon\n|move|p1a: \u80d6\u6708\u4eae\u4f0a\u5e03|Flare Blitz|p2b: Clefairy\n|-damage|p2b: Clefairy|13\/100\n|-damage|p1a: \u80d6\u6708\u4eae\u4f0a\u5e03|90\/100|[from] Recoil\n|\n|upkeep\n|\n|t:|1700818449\n|switch|p1b: Volcarona|Volcarona, L50, M|100\/100\n|turn|5\n|-message|Aranciano forfeited.\n|\n|win|donmidahmi\n|raw|Aranciano's rating: 1108 &rarr; <strong>1075<\/strong><br \/>(-33 for losing)\n|raw|donmidahmi's rating: 1000 &rarr; <strong>1052<\/strong><br \/>(+52 for winning)\n|l|\u2606Aranciano\n|n|\u2606donmidahmi|donmidahmi\n","uploadtime":1700818713,"views":20,"p1id":"aranciano","p2id":"donmidahmi","formatid":"gen9vgc2023regulatione","rating":1052,"private":0,"password":""}