{"id":"gen9vgc2023regulatione-1991627281","p1":"ArchangelVI","p2":"MegaMachado","format":"[Gen 9] VGC 2023 Regulation E","log":"|j|\u2606ArchangelVI\n|j|\u2606MegaMachado\n|t:|1700095838\n|gametype|doubles\n|player|p1|ArchangelVI|gambler|1307\n|player|p2|MegaMachado|blackbelt-gen4dp|1274\n|teamsize|p1|6\n|teamsize|p2|6\n|gen|9\n|tier|[Gen 9] VGC 2023 Regulation E\n|rated|\n|rule|Species Clause: Limit one of each Pok\u00e9mon\n|rule|Item Clause: Limit one of each item\n|clearpoke\n|poke|p1|Shiftry, L50, F|\n|poke|p1|Annihilape, L50, F|\n|poke|p1|Urshifu-*, L50, M|\n|poke|p1|Garchomp, L50, F|\n|poke|p1|Heatran, L50, F|\n|poke|p1|Tornadus, L50, M|\n|poke|p2|Regieleki, L50|\n|poke|p2|Snorlax, L50, M|\n|poke|p2|Dragonite, L50, M|\n|poke|p2|Tauros-Paldea-Aqua, L50, M|\n|poke|p2|Munkidori, L50, M|\n|poke|p2|Flutter Mane, L50|\n|teampreview|4\nMegaMachado has agreed to open team sheets.\nArchangelVI has agreed to open team sheets.\n|inactive|Battle timer is ON: inactive players will automatically lose when time's up. (requested by ArchangelVI)\n|inactive|MegaMachado has 60 seconds left.\n|inactive|MegaMachado has 30 seconds left.\n|inactive|MegaMachado has 20 seconds left.\n|\n|t:|1700095942\n|start\n|switch|p1a: Shiftry|Shiftry, L50, F|100\/100\n|switch|p1b: Garchomp|Garchomp, L50, F, shiny|100\/100\n|switch|p2a: Munkidori|Munkidori, L50, M|100\/100\n|switch|p2b: Regieleki|Regieleki, L50|100\/100\n|turn|1\n|\n|t:|1700095957\n|move|p2a: Munkidori|Fake Out|p1a: Shiftry\n|-damage|p1a: Shiftry|90\/100\n|cant|p1a: Shiftry|flinch\n|move|p2b: Regieleki|Volt Switch|p1a: Shiftry\n|-resisted|p1a: Shiftry\n|-damage|p1a: Shiftry|53\/100\n|\n|t:|1700095964\n|switch|p2b: Snorlax|Snorlax, L50, M|100\/100|[from] Volt Switch\n|move|p1b: Garchomp|Earthquake|p2b: Snorlax|[spread] p1a,p2a,p2b\n|-resisted|p1a: Shiftry\n|-supereffective|p2a: Munkidori\n|-damage|p1a: Shiftry|24\/100\n|-enditem|p2a: Munkidori|Focus Sash\n|-damage|p2a: Munkidori|1\/100\n|-damage|p2b: Snorlax|67\/100\n|\n|upkeep\n|turn|2\n|\n|t:|1700095987\n|switch|p2a: Dragonite|Dragonite, L50, M|100\/100\n|switch|p1a: Urshifu|Urshifu-Rapid-Strike, L50, M|100\/100\n|move|p1b: Garchomp|Protect|p1b: Garchomp\n|-singleturn|p1b: Garchomp|Protect\n|move|p2b: Snorlax|Ice Punch|p1b: Garchomp\n|-activate|p1b: Garchomp|move: Protect\n|\n|upkeep\n|turn|3\n|\n|t:|1700096011\n|switch|p2a: Munkidori|Munkidori, L50, M|1\/100\n|move|p1b: Garchomp|Scale Shot|p2a: Munkidori\n|-damage|p2a: Munkidori|0 fnt\n|faint|p2a: Munkidori\n|-hitcount|p2: Munkidori|1\n|-unboost|p1b: Garchomp|def|1\n|-boost|p1b: Garchomp|spe|1\n|move|p1a: Urshifu|Close Combat|p2b: Snorlax\n|-supereffective|p2b: Snorlax\n|-damage|p2b: Snorlax|0 fnt\n|-unboost|p1a: Urshifu|def|1\n|-unboost|p1a: Urshifu|spd|1\n|faint|p2b: Snorlax\n|\n|upkeep\n|\n|t:|1700096025\n|switch|p2a: Regieleki|Regieleki, L50|100\/100\n|switch|p2b: Dragonite|Dragonite, L50, M|100\/100\n|turn|4\n|inactive|ArchangelVI has 30 seconds left.\n|inactive|MegaMachado has 30 seconds left.\n|inactive|ArchangelVI has 20 seconds left.\n|\n|t:|1700096061\n|-terastallize|p2b: Dragonite|Normal\n|move|p2b: Dragonite|Extreme Speed|p1b: Garchomp\n|-crit|p1b: Garchomp\n|-damage|p1b: Garchomp|0 fnt\n|-damage|p2b: Dragonite|88\/100|[from] ability: Rough Skin|[of] p1b: Garchomp\n|faint|p1b: Garchomp\n|move|p1a: Urshifu|Aqua Jet|p2b: Dragonite\n|-damage|p2b: Dragonite|62\/100\n|move|p2a: Regieleki|Thunderbolt|p1a: Urshifu\n|-supereffective|p1a: Urshifu\n|-damage|p1a: Urshifu|0 fnt\n|faint|p1a: Urshifu\n|\n|upkeep\n|\n|t:|1700096067\n|switch|p1b: Shiftry|Shiftry, L50, F|24\/100\n|switch|p1a: Heatran|Heatran, L50, F|100\/100\n|turn|5\n|\n|t:|1700096081\n|move|p1b: Shiftry|Fake Out|p2a: Regieleki\n|-damage|p2a: Regieleki|78\/100\n|move|p2b: Dragonite|Extreme Speed|p1b: Shiftry\n|-crit|p1b: Shiftry\n|-damage|p1b: Shiftry|0 fnt\n|faint|p1b: Shiftry\n|cant|p2a: Regieleki|flinch\n|move|p1a: Heatran|Heat Wave|p2a: Regieleki|[spread] p2a\n|-miss|p1a: Heatran|p2b: Dragonite\n|-damage|p2a: Regieleki|11\/100\n|-damage|p1a: Heatran|91\/100|[from] item: Life Orb\n|\n|upkeep\n|turn|6\n|\n|t:|1700096096\n|move|p2b: Dragonite|Extreme Speed|p1a: Heatran\n|-resisted|p1a: Heatran\n|-damage|p1a: Heatran|61\/100\n|move|p2a: Regieleki|Thunderbolt|p1a: Heatran\n|-damage|p1a: Heatran|13\/100\n|move|p1a: Heatran|Heat Wave|p2a: Regieleki|[spread] p2a,p2b\n|-damage|p2a: Regieleki|0 fnt\n|-damage|p2b: Dragonite|20\/100\n|faint|p2a: Regieleki\n|-damage|p1a: Heatran|4\/100|[from] item: Life Orb\n|\n|upkeep\n|turn|7\n|\n|t:|1700096108\n|move|p2b: Dragonite|Extreme Speed|p1a: Heatran\n|-resisted|p1a: Heatran\n|-damage|p1a: Heatran|0 fnt\n|faint|p1a: Heatran\n|\n|win|MegaMachado\n|raw|ArchangelVI's rating: 1307 &rarr; <strong>1285<\/strong><br \/>(-22 for losing)\n|raw|MegaMachado's rating: 1274 &rarr; <strong>1301<\/strong><br \/>(+27 for winning)\n|l|\u2606ArchangelVI\n","uploadtime":1700096136,"views":9,"p1id":"archangelvi","p2id":"megamachado","formatid":"gen9vgc2023regulatione","rating":1285,"private":0,"password":""}