{"id":"gen9vgc2023regulatione-1988074580","p1":"Mr. Memer McMemes","p2":"1owercase","format":"[Gen 9] VGC 2023 Regulation E","log":"|j|\u2606Mr. Memer McMemes\n|j|\u26061owercase\n|t:|1699666401\n|gametype|doubles\n|player|p1|Mr. Memer McMemes|266|1361\n|player|p2|1owercase|flannery|1384\n|teamsize|p1|6\n|teamsize|p2|6\n|gen|9\n|tier|[Gen 9] VGC 2023 Regulation E\n|rated|\n|rule|Species Clause: Limit one of each Pok\u00e9mon\n|rule|Item Clause: Limit one of each item\n|clearpoke\n|poke|p1|Chi-Yu, L50|\n|poke|p1|Iron Hands, L50|\n|poke|p1|Flutter Mane, L50|\n|poke|p1|Ogerpon-Hearthflame, L50, F|\n|poke|p1|Tornadus, L50, M|\n|poke|p1|Gastrodon, L50, F|\n|poke|p2|Moltres-Galar, L50|\n|poke|p2|Arcanine-Hisui, L50, F|\n|poke|p2|Munkidori, L50, M|\n|poke|p2|Sinistcha, L50|\n|poke|p2|Grimmsnarl, L50, M|\n|poke|p2|Milotic, L50, M|\n|teampreview|4\n|inactive|Battle timer is ON: inactive players will automatically lose when time's up. (requested by 1owercase)\n1owercase has agreed to open team sheets.\nMr. Memer McMemes has agreed to open team sheets.\n|j| makkermaatneef\n|l| makkermaatneef\n|\n|t:|1699666448\n|start\n|switch|p1a: Iron Hands|Iron Hands, L50|100\/100\n|switch|p1b: Gastrodon|Gastrodon, L50, F|100\/100\n|switch|p2a: Moltres|Moltres-Galar, L50|100\/100\n|switch|p2b: Grimmsnarl|Grimmsnarl, L50, M|100\/100\n|turn|1\n|\n|t:|1699666470\n|switch|p2a: Arcanine|Arcanine-Hisui, L50, F|100\/100\n|-ability|p2a: Arcanine|Intimidate|boost\n|-unboost|p1a: Iron Hands|atk|1\n|-unboost|p1b: Gastrodon|atk|1\n|move|p1a: Iron Hands|Fake Out|p2b: Grimmsnarl\n|-damage|p2b: Grimmsnarl|92\/100\n|cant|p2b: Grimmsnarl|flinch\n|move|p1b: Gastrodon|Muddy Water|p2b: Grimmsnarl|[spread] p2a\n|-miss|p1b: Gastrodon|p2b: Grimmsnarl\n|-supereffective|p2a: Arcanine\n|-damage|p2a: Arcanine|20\/100\n|-unboost|p2a: Arcanine|accuracy|1\n|\n|upkeep\n|turn|2\n|\n|t:|1699666488\n|switch|p2a: Moltres|Moltres-Galar, L50|100\/100\n|move|p2b: Grimmsnarl|Light Screen|p2b: Grimmsnarl\n|-sidestart|p2: 1owercase|move: Light Screen\n|move|p1b: Gastrodon|Muddy Water|p2b: Grimmsnarl|[spread] p2a,p2b\n|-damage|p2a: Moltres|88\/100\n|-damage|p2b: Grimmsnarl|76\/100\n|move|p1a: Iron Hands|Heavy Slam|p2b: Grimmsnarl\n|-supereffective|p2b: Grimmsnarl\n|-damage|p2b: Grimmsnarl|22\/100\n|\n|upkeep\n|turn|3\n|\n|t:|1699666502\n|move|p2b: Grimmsnarl|Parting Shot|p1a: Iron Hands\n|-unboost|p1a: Iron Hands|atk|1\n|-unboost|p1a: Iron Hands|spa|1\n|\n|t:|1699666506\n|switch|p2b: Munkidori|Munkidori, L50, M|100\/100|[from] Parting Shot\n|-item|p1a: Iron Hands|Assault Vest|[from] ability: Frisk|[of] p2b: Munkidori|[identify]\n|-item|p1b: Gastrodon|Sitrus Berry|[from] ability: Frisk|[of] p2b: Munkidori|[identify]\n|move|p2a: Moltres|Nasty Plot|p2a: Moltres\n|-boost|p2a: Moltres|spa|2\n|move|p1b: Gastrodon|Muddy Water|p2b: Munkidori|[spread] p2a,p2b\n|-damage|p2a: Moltres|75\/100\n|-damage|p2b: Munkidori|80\/100\n|move|p1a: Iron Hands|Wild Charge|p2a: Moltres\n|-supereffective|p2a: Moltres\n|-damage|p2a: Moltres|23\/100\n|-damage|p1a: Iron Hands|89\/100|[from] Recoil\n|-ability|p2a: Moltres|Berserk|boost\n|-boost|p2a: Moltres|spa|1\n|-enditem|p2a: Moltres|Sitrus Berry|[eat]\n|-heal|p2a: Moltres|48\/100|[from] item: Sitrus Berry\n|\n|upkeep\n|turn|4\n|inactive|Mr. Memer McMemes has 30 seconds left.\n|\n|t:|1699666532\n|-end|p1a: Iron Hands|Quark Drive|[silent]\n|switch|p1a: Flutter Mane|Flutter Mane, L50|100\/100\n|-enditem|p1a: Flutter Mane|Booster Energy\n|-activate|p1a: Flutter Mane|ability: Protosynthesis|[fromitem]\n|-start|p1a: Flutter Mane|protosynthesisspe\n|move|p1b: Gastrodon|Protect|p1b: Gastrodon\n|-singleturn|p1b: Gastrodon|Protect\n|move|p2b: Munkidori|Psychic|p1a: Flutter Mane\n|-damage|p1a: Flutter Mane|51\/100\n|move|p2a: Moltres|Fiery Wrath|p1b: Gastrodon|[spread] p1a\n|-activate|p1b: Gastrodon|move: Protect\n|-damage|p1a: Flutter Mane|0 fnt\n|faint|p1a: Flutter Mane\n|-end|p1a: Flutter Mane|Protosynthesis|[silent]\n|\n|upkeep\n|\n|t:|1699666553\n|switch|p1a: Iron Hands|Iron Hands, L50|89\/100\n|turn|5\n|\n|t:|1699666563\n|switch|p2b: Arcanine|Arcanine-Hisui, L50, F|20\/100\n|-ability|p2b: Arcanine|Intimidate|boost\n|-unboost|p1a: Iron Hands|atk|1\n|-unboost|p1b: Gastrodon|atk|1\n|move|p2a: Moltres|Protect|p2a: Moltres\n|-singleturn|p2a: Moltres|Protect\n|move|p1b: Gastrodon|Ice Beam|p2a: Moltres\n|-activate|p2a: Moltres|move: Protect\n|move|p1a: Iron Hands|Wild Charge|p2a: Moltres\n|-activate|p2a: Moltres|move: Protect\n|\n|upkeep\n|turn|6\n|\n|t:|1699666585\n|-terastallize|p2b: Arcanine|Fairy\n|move|p2b: Arcanine|Tera Blast|p1a: Iron Hands|[anim] Tera Blast Fairy\n|-supereffective|p1a: Iron Hands\n|-damage|p1a: Iron Hands|30\/100\n|move|p2a: Moltres|Fiery Wrath|p1a: Iron Hands|[spread] p1a,p1b\n|-resisted|p1a: Iron Hands\n|-damage|p1a: Iron Hands|7\/100\n|-damage|p1b: Gastrodon|27\/100\n|-enditem|p1b: Gastrodon|Sitrus Berry|[eat]\n|-heal|p1b: Gastrodon|51\/100|[from] item: Sitrus Berry\n|move|p1b: Gastrodon|Muddy Water|p2a: Moltres|[spread] p2b\n|-miss|p1b: Gastrodon|p2a: Moltres\n|-damage|p2b: Arcanine|8\/100\n|move|p1a: Iron Hands|Wild Charge|p2a: Moltres\n|-supereffective|p2a: Moltres\n|-damage|p2a: Moltres|0 fnt\n|faint|p2a: Moltres\n|-damage|p1a: Iron Hands|0 fnt|[from] Recoil\n|faint|p1a: Iron Hands\n|-end|p1a: Iron Hands|Quark Drive|[silent]\n|\n|upkeep\n|\n|t:|1699666606\n|switch|p2a: Grimmsnarl|Grimmsnarl, L50, M|22\/100\n|switch|p1a: Ogerpon|Ogerpon-Hearthflame, L50, F|100\/100\n|-ability|p1a: Ogerpon|Mold Breaker\n|turn|7\n|\n|t:|1699666628\n|switch|p2b: Munkidori|Munkidori, L50, M|80\/100\n|-item|p1a: Ogerpon|Hearthflame Mask|[from] ability: Frisk|[of] p2b: Munkidori|[identify]\n|move|p1a: Ogerpon|Spiky Shield|p1a: Ogerpon\n|-singleturn|p1a: Ogerpon|move: Protect\n|move|p2a: Grimmsnarl|Parting Shot|p1a: Ogerpon\n|-activate|p1a: Ogerpon|move: Protect\n|move|p1b: Gastrodon|Muddy Water|p2b: Munkidori|[spread] p2a,p2b\n|-damage|p2a: Grimmsnarl|5\/100\n|-damage|p2b: Munkidori|60\/100\n|-unboost|p2a: Grimmsnarl|accuracy|1\n|\n|upkeep\n|turn|8\n|\n|t:|1699666652\n|move|p2a: Grimmsnarl|Parting Shot|p1a: Ogerpon\n|-unboost|p1a: Ogerpon|atk|1\n|-unboost|p1a: Ogerpon|spa|1\n|\n|t:|1699666655\n|switch|p2a: Arcanine|Arcanine-Hisui, L50, F, tera:Fairy|8\/100|[from] Parting Shot\n|-ability|p2a: Arcanine|Intimidate|boost\n|-unboost|p1a: Ogerpon|atk|1\n|-unboost|p1b: Gastrodon|atk|1\n|move|p2b: Munkidori|Psychic|p1b: Gastrodon\n|-damage|p1b: Gastrodon|6\/100\n|-unboost|p1b: Gastrodon|spd|1\n|move|p1a: Ogerpon|Horn Leech|p2b: Munkidori\n|-resisted|p2b: Munkidori\n|-damage|p2b: Munkidori|43\/100\n|move|p1b: Gastrodon|Muddy Water|p2a: Arcanine|[spread] p2a\n|-miss|p1b: Gastrodon|p2b: Munkidori\n|-damage|p2a: Arcanine|0 fnt\n|faint|p2a: Arcanine\n|\n|upkeep\n|\n|t:|1699666667\n|switch|p2a: Grimmsnarl|Grimmsnarl, L50, M|5\/100\n|turn|9\n|\n|t:|1699666684\n|move|p1a: Ogerpon|Spiky Shield|p1a: Ogerpon\n|-singleturn|p1a: Ogerpon|move: Protect\n|move|p2b: Munkidori|Sludge Bomb|p1a: Ogerpon\n|-activate|p1a: Ogerpon|move: Protect\n|move|p1b: Gastrodon|Earth Power|p2b: Munkidori\n|-supereffective|p2b: Munkidori\n|-damage|p2b: Munkidori|0 fnt\n|faint|p2b: Munkidori\n|move|p2a: Grimmsnarl|Low Kick|p1b: Gastrodon\n|-damage|p1b: Gastrodon|0 fnt\n|faint|p1b: Gastrodon\n|\n|-sideend|p2: 1owercase|move: Light Screen\n|upkeep\n|turn|10\n|-message|1owercase forfeited.\n|\n|win|Mr. Memer McMemes\n|raw|Mr. Memer McMemes's rating: 1361 &rarr; <strong>1382<\/strong><br \/>(+21 for winning)\n|raw|1owercase's rating: 1384 &rarr; <strong>1363<\/strong><br \/>(-21 for losing)\n|l|\u26061owercase\n","uploadtime":1699666708,"views":45,"p1id":"mrmemermcmemes","p2id":"1owercase","formatid":"gen9vgc2023regulatione","rating":1363,"private":0,"password":""}