{"id":"gen9vgc2023regulatione-1989297046","p1":"bway","p2":"BiMo17","format":"[Gen 9] VGC 2023 Regulation E","log":"|j|\u2606bway\n|j|\u2606BiMo17\n|t:|1699833264\n|gametype|doubles\n|player|p1|bway|265|1126\n|player|p2|BiMo17|musician|1191\n|teamsize|p1|6\n|teamsize|p2|6\n|gen|9\n|tier|[Gen 9] VGC 2023 Regulation E\n|rated|\n|rule|Species Clause: Limit one of each Pok\u00e9mon\n|rule|Item Clause: Limit one of each item\n|clearpoke\n|poke|p1|Piplup, L50, F|\n|poke|p1|Farigiraf, L50, M|\n|poke|p1|Sinistcha, L50|\n|poke|p1|Iron Hands, L50|\n|poke|p1|Kingambit, L50, F|\n|poke|p1|Ogerpon-Hearthflame, L50, F|\n|poke|p2|Weezing, L50, M|\n|poke|p2|Roaring Moon, L50|\n|poke|p2|Ogerpon-Wellspring, L50, F|\n|poke|p2|Flutter Mane, L50|\n|poke|p2|Iron Hands, L50|\n|poke|p2|Landorus-Therian, L50, M|\n|teampreview|4\n|inactive|Battle timer is ON: inactive players will automatically lose when time's up. (requested by BiMo17)\nbway rejected open team sheets.\n|\n|t:|1699833286\n|start\n|switch|p1a: Farigiraf|Farigiraf, L50, M|100\/100\n|switch|p1b: Piplup|Piplup, L50, F|100\/100\n|switch|p2a: Weezing|Weezing, L50, M|100\/100\n|switch|p2b: Roaring Moon|Roaring Moon, L50|100\/100\n|-ability|p2a: Weezing|Neutralizing Gas\n|-enditem|p2b: Roaring Moon|Booster Energy\n|-activate|p2b: Roaring Moon|ability: Protosynthesis|[fromitem]\n|-start|p2b: Roaring Moon|protosynthesisatk\n|turn|1\n|inactive|BiMo17 has 30 seconds left.\n|\n|t:|1699833314\n|-terastallize|p1a: Farigiraf|Fairy\n|move|p1b: Piplup|Protect|p1b: Piplup\n|-singleturn|p1b: Piplup|Protect\n|move|p2b: Roaring Moon|Tailwind|p2b: Roaring Moon\n|-sidestart|p2: BiMo17|move: Tailwind\n|move|p2a: Weezing|Will-O-Wisp|p1b: Piplup\n|-activate|p1b: Piplup|move: Protect\n|move|p1a: Farigiraf|Trick Room|p1a: Farigiraf\n|-fieldstart|move: Trick Room|[of] p1a: Farigiraf\n|\n|upkeep\n|turn|2\n|inactive|BiMo17 has 30 seconds left.\n|\n|t:|1699833341\n|-terastallize|p2b: Roaring Moon|Flying\n|move|p1b: Piplup|Fling|p1a: Farigiraf\n|-resisted|p1a: Farigiraf\n|-damage|p1a: Farigiraf|99\/100\n|-boost|p1a: Farigiraf|spa|1|[from] item: Petaya Berry\n|-enditem|p1b: Piplup|Petaya Berry|[from] move: Fling\n|move|p1a: Farigiraf|Dazzling Gleam|p2b: Roaring Moon|[spread] p2a,p2b\n|-resisted|p2a: Weezing\n|-crit|p2a: Weezing\n|-damage|p2a: Weezing|64\/100\n|-damage|p2b: Roaring Moon|53\/100\n|move|p2a: Weezing|Sludge Bomb|p1a: Farigiraf\n|-supereffective|p1a: Farigiraf\n|-damage|p1a: Farigiraf|39\/100\n|-enditem|p1a: Farigiraf|Weakness Policy\n|-boost|p1a: Farigiraf|atk|2|[from] item: Weakness Policy\n|-boost|p1a: Farigiraf|spa|2|[from] item: Weakness Policy\n|move|p2b: Roaring Moon|Acrobatics|p1b: Piplup\n|-damage|p1b: Piplup|0 fnt\n|faint|p1b: Piplup\n|\n|upkeep\n|\n|t:|1699833359\n|switch|p1b: Iron Hands|Iron Hands, L50|100\/100\n|turn|3\n|\n|t:|1699833373\n|move|p2b: Roaring Moon|Protect|p2b: Roaring Moon\n|-singleturn|p2b: Roaring Moon|Protect\n|move|p1b: Iron Hands|Fake Out|p2a: Weezing\n|-damage|p2a: Weezing|50\/100\n|-enditem|p2a: Weezing|Sitrus Berry|[eat]\n|-heal|p2a: Weezing|75\/100|[from] item: Sitrus Berry\n|move|p1a: Farigiraf|Dazzling Gleam|p2b: Roaring Moon|[spread] p2a\n|-activate|p2b: Roaring Moon|move: Protect\n|-resisted|p2a: Weezing\n|-damage|p2a: Weezing|30\/100\n|cant|p2a: Weezing|flinch\n|\n|upkeep\n|turn|4\n|\n|t:|1699833391\n|move|p2a: Weezing|Protect|p2a: Weezing\n|-singleturn|p2a: Weezing|Protect\n|move|p2b: Roaring Moon|Protect||[still]\n|-fail|p2b: Roaring Moon\n|move|p1b: Iron Hands|Wild Charge|p2b: Roaring Moon\n|-supereffective|p2b: Roaring Moon\n|-damage|p2b: Roaring Moon|0 fnt\n|faint|p2b: Roaring Moon\n|-end|p2b: Roaring Moon|Protosynthesis|[silent]\n|-damage|p1b: Iron Hands|90\/100|[from] Recoil\n|move|p1a: Farigiraf|Psychic|p2a: Weezing\n|-activate|p2a: Weezing|move: Protect\n|\n|-sideend|p2: BiMo17|move: Tailwind\n|upkeep\n|\n|t:|1699833405\n|switch|p2b: Ogerpon|Ogerpon-Wellspring, L50, F|100\/100\n|turn|5\n|inactive|bway has 30 seconds left.\n|\n|t:|1699833431\n|move|p2b: Ogerpon|Spiky Shield|p2b: Ogerpon\n|-singleturn|p2b: Ogerpon|move: Protect\n|move|p1b: Iron Hands|Drain Punch|p2a: Weezing\n|-resisted|p2a: Weezing\n|-damage|p2a: Weezing|12\/100\n|-heal|p1b: Iron Hands|97\/100|[from] drain|[of] p2a: Weezing\n|move|p1a: Farigiraf|Dazzling Gleam|p2b: Ogerpon|[spread] p2a\n|-activate|p2b: Ogerpon|move: Protect\n|-resisted|p2a: Weezing\n|-damage|p2a: Weezing|0 fnt\n|faint|p2a: Weezing\n|-end|p2a: Weezing|ability: Neutralizing Gas\n|\n|-fieldend|move: Trick Room\n|upkeep\n|\n|t:|1699833444\n|switch|p2a: Flutter Mane|Flutter Mane, L50|100\/100\n|turn|6\n|\n|t:|1699833456\n|move|p2a: Flutter Mane|Dazzling Gleam|p1b: Iron Hands|[spread] p1a,p1b\n|-supereffective|p1b: Iron Hands\n|-damage|p1a: Farigiraf|0 fnt\n|-damage|p1b: Iron Hands|47\/100\n|faint|p1a: Farigiraf\n|move|p2b: Ogerpon|Ivy Cudgel|p1b: Iron Hands\n|-damage|p1b: Iron Hands|7\/100\n|move|p1b: Iron Hands|Wild Charge|p2a: Flutter Mane\n|-crit|p2a: Flutter Mane\n|-damage|p2a: Flutter Mane|0 fnt\n|faint|p2a: Flutter Mane\n|-end|p2a: Flutter Mane|Protosynthesis|[silent]\n|-damage|p1b: Iron Hands|0 fnt|[from] Recoil\n|faint|p1b: Iron Hands\n|-end|p1b: Iron Hands|Quark Drive|[silent]\n|\n|upkeep\n|\n|t:|1699833464\n|switch|p1b: Sinistcha|Sinistcha, L50|100\/100\n|turn|7\n|\n|t:|1699833482\n|move|p2b: Ogerpon|Spiky Shield|p2b: Ogerpon\n|-singleturn|p2b: Ogerpon|move: Protect\n|move|p1b: Sinistcha|Trick Room|p1b: Sinistcha\n|-fieldstart|move: Trick Room|[of] p1b: Sinistcha\n|\n|upkeep\n|turn|8\n|\n|t:|1699833492\n|move|p1b: Sinistcha|Matcha Gotcha|p2b: Ogerpon\n|-damage|p2b: Ogerpon|61\/100\n|-status|p2b: Ogerpon|brn\n|move|p2b: Ogerpon|Swords Dance|p2b: Ogerpon\n|-boost|p2b: Ogerpon|atk|2\n|\n|-damage|p2b: Ogerpon|55\/100 brn|[from] brn\n|upkeep\n|turn|9\n|-message|BiMo17 forfeited.\n|\n|win|bway\n|raw|bway's rating: 1126 &rarr; <strong>1156<\/strong><br \/>(+30 for winning)\n|raw|BiMo17's rating: 1191 &rarr; <strong>1161<\/strong><br \/>(-30 for losing)\n|l|\u2606BiMo17\n","uploadtime":1699833510,"views":17,"p1id":"bway","p2id":"bimo17","formatid":"gen9vgc2023regulatione","rating":1156,"private":0,"password":""}