{"id":"gen9vgc2023regulatione-1988655365","p1":"Momentai24","p2":"TrainerDylan24","format":"[Gen 9] VGC 2023 Regulation E","log":"|j|\u2606Momentai24\n|j|\u2606TrainerDylan24\n|t:|1699746831\n|gametype|doubles\n|player|p1|Momentai24|iono|1187\n|player|p2|TrainerDylan24|swimmerf|1088\n|teamsize|p1|6\n|teamsize|p2|6\n|gen|9\n|tier|[Gen 9] VGC 2023 Regulation E\n|rated|\n|rule|Species Clause: Limit one of each Pok\u00e9mon\n|rule|Item Clause: Limit one of each item\n|clearpoke\n|poke|p1|Weezing, L50, F|\n|poke|p1|Roaring Moon, L50|\n|poke|p1|Landorus-Therian, L50, M|\n|poke|p1|Flutter Mane, L50|\n|poke|p1|Ogerpon-Wellspring, L50, F|\n|poke|p1|Volcarona, L50, F|\n|poke|p2|Maushold-Four, L50|\n|poke|p2|Politoed, L50, F|\n|poke|p2|Kilowattrel, L50, M|\n|poke|p2|Scizor, L50, M|\n|poke|p2|Cetitan, L50, F|\n|poke|p2|Rillaboom, L50, F|\n|teampreview|4\n|\n|t:|1699746856\n|start\n|switch|p1a: Weezing|Weezing, L50, F|100\/100\n|switch|p1b: Roaring Moon|Roaring Moon, L50|100\/100\n|switch|p2a: Maushold|Maushold-Four, L50|100\/100\n|switch|p2b: Politoed|Politoed, L50, F|100\/100\n|-ability|p1a: Weezing|Neutralizing Gas\n|-enditem|p1b: Roaring Moon|Booster Energy\n|-activate|p1b: Roaring Moon|ability: Protosynthesis|[fromitem]\n|-start|p1b: Roaring Moon|protosynthesisatk\n|turn|1\n|\n|t:|1699746877\n|move|p1a: Weezing|Protect|p1a: Weezing\n|-singleturn|p1a: Weezing|Protect\n|move|p2a: Maushold|Population Bomb|p1b: Roaring Moon\n|-damage|p1b: Roaring Moon|90\/100\n|-damage|p1b: Roaring Moon|80\/100\n|-damage|p1b: Roaring Moon|68\/100\n|-crit|p1b: Roaring Moon\n|-damage|p1b: Roaring Moon|53\/100\n|-damage|p1b: Roaring Moon|43\/100\n|-damage|p1b: Roaring Moon|33\/100\n|-damage|p1b: Roaring Moon|22\/100\n|-damage|p1b: Roaring Moon|10\/100\n|-crit|p1b: Roaring Moon\n|-damage|p1b: Roaring Moon|0 fnt\n|faint|p1b: Roaring Moon\n|-end|p1b: Roaring Moon|Protosynthesis|[silent]\n|-hitcount|p1: Roaring Moon|9\n|move|p2b: Politoed|Focus Blast|p1a: Weezing\n|-activate|p1a: Weezing|move: Protect\n|\n|upkeep\n|\n|t:|1699746895\n|switch|p1b: Landorus|Landorus-Therian, L50, M|100\/100\n|turn|2\n|\n|t:|1699746909\n|-terastallize|p1b: Landorus|Flying\n|move|p1b: Landorus|Tera Blast|p2a: Maushold|[anim] Tera Blast Flying\n|-damage|p2a: Maushold|4\/100\n|move|p2a: Maushold|Population Bomb|p1a: Weezing\n|-damage|p1a: Weezing|95\/100\n|-damage|p1a: Weezing|90\/100\n|-damage|p1a: Weezing|85\/100\n|-damage|p1a: Weezing|80\/100\n|-damage|p1a: Weezing|74\/100\n|-crit|p1a: Weezing\n|-damage|p1a: Weezing|67\/100\n|-damage|p1a: Weezing|62\/100\n|-damage|p1a: Weezing|56\/100\n|-damage|p1a: Weezing|51\/100\n|-damage|p1a: Weezing|46\/100\n|-enditem|p1a: Weezing|Sitrus Berry|[eat]\n|-heal|p1a: Weezing|71\/100|[from] item: Sitrus Berry\n|-hitcount|p1a: Weezing|10\n|move|p2b: Politoed|Muddy Water|p1b: Landorus|[spread] p1a\n|-miss|p2b: Politoed|p1b: Landorus\n|-damage|p1a: Weezing|20\/100\n|move|p1a: Weezing|Sludge Bomb|p2b: Politoed\n|-damage|p2b: Politoed|70\/100\n|\n|upkeep\n|turn|3\n|\n|t:|1699746940\n|move|p1a: Weezing|Protect|p1a: Weezing\n|-singleturn|p1a: Weezing|Protect\n|move|p2a: Maushold|Follow Me|p2a: Maushold\n|-singleturn|p2a: Maushold|move: Follow Me\n|move|p1b: Landorus|Tera Blast|p2a: Maushold|[anim] Tera Blast Flying\n|-damage|p2a: Maushold|0 fnt\n|faint|p2a: Maushold\n|move|p2b: Politoed|Muddy Water|p1a: Weezing|[spread] p1b\n|-activate|p1a: Weezing|move: Protect\n|-damage|p1b: Landorus|49\/100\n|\n|upkeep\n|\n|t:|1699746950\n|switch|p2a: Kilowattrel|Kilowattrel, L50, M|100\/100\n|turn|4\n|\n|t:|1699746961\n|switch|p1b: Volcarona|Volcarona, L50, F|100\/100\n|-terastallize|p2a: Kilowattrel|Electric\n|move|p2a: Kilowattrel|Volt Switch|p1b: Volcarona\n|-damage|p1b: Volcarona|54\/100\n|\n|t:|1699746967\n|switch|p2a: Cetitan|Cetitan, L50, F|100\/100|[from] Volt Switch\n|move|p2b: Politoed|Muddy Water|p1b: Volcarona|[spread] p1a\n|-miss|p2b: Politoed|p1b: Volcarona\n|-damage|p1a: Weezing|0 fnt\n|faint|p1a: Weezing\n|-end|p1a: Weezing|ability: Neutralizing Gas\n|-weather|RainDance|[from] ability: Drizzle|[of] p2b: Politoed\n|\n|-weather|RainDance|[upkeep]\n|-heal|p1b: Volcarona|60\/100|[from] item: Leftovers\n|upkeep\n|\n|t:|1699746969\n|switch|p1a: Landorus|Landorus-Therian, L50, M, tera:Flying|49\/100\n|-ability|p1a: Landorus|Intimidate|boost\n|-unboost|p2a: Cetitan|atk|1\n|-unboost|p2b: Politoed|atk|1\n|turn|5\n|\n|t:|1699746984\n|move|p1a: Landorus|Rock Slide|p2a: Cetitan|[spread] p2a,p2b\n|-supereffective|p2a: Cetitan\n|-damage|p2a: Cetitan|54\/100\n|-damage|p2b: Politoed|48\/100\n|move|p1b: Volcarona|Bug Buzz|p2b: Politoed\n|-damage|p2b: Politoed|5\/100\n|cant|p2a: Cetitan|flinch\n|move|p2b: Politoed|Muddy Water|p1a: Landorus|[spread] p1a\n|-miss|p2b: Politoed|p1b: Volcarona\n|-damage|p1a: Landorus|0 fnt\n|faint|p1a: Landorus\n|\n|-weather|RainDance|[upkeep]\n|-heal|p1b: Volcarona|66\/100|[from] item: Leftovers\n|upkeep\n|turn|6\n|\n|t:|1699747001\n|move|p1b: Volcarona|Heat Wave|p2a: Cetitan|[spread] p2a,p2b\n|-supereffective|p2a: Cetitan\n|-resisted|p2b: Politoed\n|-damage|p2a: Cetitan|37\/100\n|-damage|p2b: Politoed|0 fnt\n|faint|p2b: Politoed\n|move|p2a: Cetitan|Liquidation|p1b: Volcarona\n|-supereffective|p1b: Volcarona\n|-damage|p1b: Volcarona|0 fnt\n|-status|p2a: Cetitan|brn|[from] ability: Flame Body|[of] p1b: Volcarona\n|faint|p1b: Volcarona\n|\n|win|TrainerDylan24\n|raw|Momentai24's rating: 1187 &rarr; <strong>1155<\/strong><br \/>(-32 for losing)\n|raw|TrainerDylan24's rating: 1088 &rarr; <strong>1122<\/strong><br \/>(+34 for winning)\n|l|\u2606Momentai24\n","uploadtime":1699747013,"views":14,"p1id":"momentai24","p2id":"trainerdylan24","formatid":"gen9vgc2023regulatione","rating":1122,"private":0,"password":""}