{"id":"gen9vgc2023regulatione-1988603379","p1":"Steve9999","p2":"NekrosM0S","format":"[Gen 9] VGC 2023 Regulation E","log":"|j|\u2606Steve9999\n|j|\u2606NekrosM0S\n|t:|1699740905\n|gametype|doubles\n|player|p1|Steve9999|170|1189\n|player|p2|NekrosM0S|colress|1118\n|teamsize|p1|6\n|teamsize|p2|6\n|gen|9\n|tier|[Gen 9] VGC 2023 Regulation E\n|rated|\n|rule|Species Clause: Limit one of each Pok\u00e9mon\n|rule|Item Clause: Limit one of each item\n|clearpoke\n|poke|p1|Chi-Yu, L50|\n|poke|p1|Flutter Mane, L50|\n|poke|p1|Iron Hands, L50|\n|poke|p1|Tornadus, L50, M|\n|poke|p1|Landorus-Therian, L50, M|\n|poke|p1|Ogerpon-Wellspring, L50, F|\n|poke|p2|Iron Moth, L50|\n|poke|p2|Flutter Mane, L50|\n|poke|p2|Iron Hands, L50|\n|poke|p2|Landorus-Therian, L50, M|\n|poke|p2|Ogerpon-Cornerstone, L50, F|\n|poke|p2|Gholdengo, L50|\n|teampreview|4\nNekrosM0S has agreed to open team sheets.\n|\n|t:|1699740952\n|start\n|switch|p1a: Chi-Yu|Chi-Yu, L50|100\/100\n|switch|p1b: Flutter Mane|Flutter Mane, L50, shiny|100\/100\n|switch|p2a: Ogerpon|Ogerpon-Cornerstone, L50, F|100\/100\n|switch|p2b: Iron Hands|Iron Hands, L50, shiny|100\/100\n|-ability|p1a: Chi-Yu|Beads of Ruin\n|turn|1\n|\n|t:|1699740979\n|-terastallize|p1a: Chi-Yu|Ghost\n|-terastallize|p2b: Iron Hands|Fire\n|move|p2a: Ogerpon|Spiky Shield|p2a: Ogerpon\n|-singleturn|p2a: Ogerpon|move: Protect\n|move|p1b: Flutter Mane|Dazzling Gleam|p2a: Ogerpon|[spread] p2b\n|-activate|p2a: Ogerpon|move: Protect\n|-resisted|p2b: Iron Hands\n|-damage|p2b: Iron Hands|84\/100\n|move|p1a: Chi-Yu|Heat Wave|p2b: Iron Hands|[spread] p2b\n|-activate|p2a: Ogerpon|move: Protect\n|-resisted|p2b: Iron Hands\n|-damage|p2b: Iron Hands|73\/100\n|move|p2b: Iron Hands|Drain Punch|p1a: Chi-Yu\n|-immune|p1a: Chi-Yu\n|\n|upkeep\n|turn|2\n|\n|t:|1699741004\n|-end|p1b: Flutter Mane|Protosynthesis|[silent]\n|switch|p1b: Landorus|Landorus-Therian, L50, M|100\/100\n|-ability|p1b: Landorus|Intimidate|boost\n|-unboost|p2a: Ogerpon|atk|1\n|-unboost|p2b: Iron Hands|atk|1\n|switch|p2a: Landorus|Landorus-Therian, L50, M|100\/100\n|-ability|p2a: Landorus|Intimidate|boost\n|-unboost|p1a: Chi-Yu|atk|1\n|-unboost|p1b: Landorus|atk|1\n|move|p1a: Chi-Yu|Dark Pulse|p2b: Iron Hands\n|-damage|p2b: Iron Hands|44\/100\n|move|p2b: Iron Hands|Heavy Slam|p1b: Landorus\n|-crit|p1b: Landorus\n|-damage|p1b: Landorus|18\/100\n|\n|upkeep\n|turn|3\n|\n|t:|1699741029\n|move|p2a: Landorus|Rock Slide|p1a: Chi-Yu|[spread] p1a,p1b\n|-damage|p1a: Chi-Yu|65\/100\n|-damage|p1b: Landorus|0 fnt\n|faint|p1b: Landorus\n|move|p1a: Chi-Yu|Dark Pulse|p2b: Iron Hands\n|-damage|p2b: Iron Hands|16\/100\n|move|p2b: Iron Hands|Heavy Slam|p1a: Chi-Yu\n|-damage|p1a: Chi-Yu|20\/100\n|\n|upkeep\n|\n|t:|1699741040\n|switch|p1b: Flutter Mane|Flutter Mane, L50, shiny|100\/100\n|turn|4\n|\n|t:|1699741063\n|move|p2a: Landorus|Rock Slide|p1b: Flutter Mane|[spread] p1a,p1b\n|-damage|p1a: Chi-Yu|0 fnt\n|-damage|p1b: Flutter Mane|51\/100\n|faint|p1a: Chi-Yu\n|cant|p1b: Flutter Mane|flinch\n|move|p2b: Iron Hands|Heavy Slam|p1b: Flutter Mane\n|-supereffective|p1b: Flutter Mane\n|-damage|p1b: Flutter Mane|0 fnt\n|faint|p1b: Flutter Mane\n|-end|p1b: Flutter Mane|Protosynthesis|[silent]\n|\n|upkeep\n|\n|t:|1699741074\n|switch|p1b: Iron Hands|Iron Hands, L50, shiny|100\/100\n|turn|5\n|\n|t:|1699741083\n|switch|p2a: Gholdengo|Gholdengo, L50|100\/100\n|move|p1b: Iron Hands|Fake Out|p2a: Gholdengo\n|-immune|p2a: Gholdengo\n|move|p2b: Iron Hands|Drain Punch|p1b: Iron Hands\n|-damage|p1b: Iron Hands|85\/100\n|-heal|p2b: Iron Hands|24\/100|[from] drain|[of] p1b: Iron Hands\n|\n|upkeep\n|turn|6\n|\n|t:|1699741094\n|-end|p2b: Iron Hands|Quark Drive|[silent]\n|switch|p2b: Landorus|Landorus-Therian, L50, M|100\/100\n|-ability|p2b: Landorus|Intimidate|boost\n|-unboost|p1b: Iron Hands|atk|1\n|move|p2a: Gholdengo|Nasty Plot|p2a: Gholdengo\n|-boost|p2a: Gholdengo|spa|2\n|move|p1b: Iron Hands|Drain Punch|p2b: Landorus\n|-resisted|p2b: Landorus\n|-damage|p2b: Landorus|86\/100\n|-heal|p1b: Iron Hands|90\/100|[from] drain|[of] p2b: Landorus\n|\n|upkeep\n|turn|7\n|-message|Steve9999 forfeited.\n|\n|win|NekrosM0S\n|raw|Steve9999's rating: 1189 &rarr; <strong>1159<\/strong><br \/>(-30 for losing)\n|raw|NekrosM0S's rating: 1118 &rarr; <strong>1148<\/strong><br \/>(+30 for winning)\n|l|\u2606Steve9999\n","uploadtime":1699741108,"views":12,"p1id":"steve9999","p2id":"nekrosm0s","formatid":"gen9vgc2023regulatione","rating":1148,"private":0,"password":""}