{"id":"gen9vgc2023regulatione-1989431199","p1":"StaticPikaVGC","p2":"WhereisFr","format":"[Gen 9] VGC 2023 Regulation E","log":"|j|\u2606StaticPikaVGC\n|j|\u2606WhereisFr\n|t:|1699849461\n|gametype|doubles\n|player|p1|StaticPikaVGC|lady|1080\n|player|p2|WhereisFr|scientist-gen4|1153\n|teamsize|p1|6\n|teamsize|p2|6\n|gen|9\n|tier|[Gen 9] VGC 2023 Regulation E\n|rated|\n|rule|Species Clause: Limit one of each Pok\u00e9mon\n|rule|Item Clause: Limit one of each item\n|clearpoke\n|poke|p1|Samurott-Hisui, L50, F|\n|poke|p1|Articuno-Galar, L50|\n|poke|p1|Great Tusk, L50|\n|poke|p1|Ninetales, L50, F|\n|poke|p1|Ogerpon, L50, F|\n|poke|p1|Flutter Mane, L50|\n|poke|p2|Tyranitar, L50, F|\n|poke|p2|Medicham, L50, F|\n|poke|p2|Cresselia, L50, F|\n|poke|p2|Ursaluna-Bloodmoon, L50, M|\n|poke|p2|Iron Hands, L50|\n|poke|p2|Flutter Mane, L50|\n|teampreview|4\n|inactive|Battle timer is ON: inactive players will automatically lose when time's up. (requested by WhereisFr)\n|j| gloriousplays\n|inactive|StaticPikaVGC has 60 seconds left.\n|inactive|StaticPikaVGC has 30 seconds left.\n|inactive|StaticPikaVGC has 20 seconds left.\nWhereisFr rejected open team sheets.\n|\n|t:|1699849536\n|start\n|switch|p1a: Ninetales|Ninetales, L50, F|100\/100\n|switch|p1b: Flutter Mane|Flutter Mane, L50|100\/100\n|switch|p2a: Tyranitar|Tyranitar, L50, F|100\/100\n|switch|p2b: Medicham|Medicham, L50, F|100\/100\n|-ability|p2a: Tyranitar|Unnerve\n|-weather|SunnyDay|[from] ability: Drought|[of] p1a: Ninetales\n|-activate|p1b: Flutter Mane|ability: Protosynthesis\n|-start|p1b: Flutter Mane|protosynthesisspa\n|turn|1\n|inactive|StaticPikaVGC has 30 seconds left.\n|inactive|StaticPikaVGC has 20 seconds left.\n|inactive|StaticPikaVGC has 15 seconds left.\n|\n|t:|1699849580\n|move|p2a: Tyranitar|Protect|p2a: Tyranitar\n|-singleturn|p2a: Tyranitar|Protect\n|move|p1b: Flutter Mane|Moonblast|p2a: Tyranitar\n|-activate|p2a: Tyranitar|move: Protect\n|move|p1a: Ninetales|Solar Beam||[still]\n|-prepare|p1a: Ninetales|Solar Beam\n|-anim|p1a: Ninetales|Solar Beam|p2a: Tyranitar\n|-activate|p2a: Tyranitar|move: Protect\n|move|p2b: Medicham|Trick Room|p2b: Medicham\n|-fieldstart|move: Trick Room|[of] p2b: Medicham\n|\n|-weather|SunnyDay|[upkeep]\n|upkeep\n|turn|2\n|inactive|StaticPikaVGC has 30 seconds left.\n|\n|t:|1699849611\n|-end|p1b: Flutter Mane|Protosynthesis|[silent]\n|switch|p1b: Great Tusk|Great Tusk, L50|100\/100\n|-activate|p1b: Great Tusk|ability: Protosynthesis\n|-start|p1b: Great Tusk|protosynthesisatk\n|-terastallize|p2a: Tyranitar|Rock\n|move|p2b: Medicham|Skill Swap|p2a: Tyranitar\n|-activate|p2b: Medicham|move: Skill Swap|||[of] p2a: Tyranitar\n|-ability|p2b: Medicham|Unnerve\n|move|p2a: Tyranitar|Rock Slide|p1a: Ninetales|[spread] p1a,p1b\n|-supereffective|p1a: Ninetales\n|-resisted|p1b: Great Tusk\n|-damage|p1a: Ninetales|0 fnt\n|-damage|p1b: Great Tusk|85\/100\n|faint|p1a: Ninetales\n|\n|-weather|SunnyDay|[upkeep]\n|upkeep\n|\n|t:|1699849627\n|switch|p1a: Ogerpon|Ogerpon, L50, F|100\/100\n|turn|3\n|inactive|StaticPikaVGC has 30 seconds left.\n|\n|t:|1699849653\n|switch|p2b: Cresselia|Cresselia, L50, F|100\/100\n|move|p2a: Tyranitar|Protect|p2a: Tyranitar\n|-singleturn|p2a: Tyranitar|Protect\n|move|p1a: Ogerpon|Spiky Shield|p1a: Ogerpon\n|-singleturn|p1a: Ogerpon|move: Protect\n|move|p1b: Great Tusk|Earthquake|p2b: Cresselia|[spread] \n|-activate|p1a: Ogerpon|move: Protect\n|-activate|p2a: Tyranitar|move: Protect\n|-immune|p2b: Cresselia|[from] ability: Levitate\n|\n|-weather|SunnyDay|[upkeep]\n|upkeep\n|turn|4\n|\n|t:|1699849677\n|-terastallize|p1a: Ogerpon|Grass\n|detailschange|p1a: Ogerpon|Ogerpon-Teal-Tera, L50, F, tera:Grass\n|-ability|p1a: Ogerpon|Embody Aspect (Teal)|boost\n|-boost|p1a: Ogerpon|spe|1\n|move|p2b: Cresselia|Helping Hand|p2a: Tyranitar\n|-singleturn|p2a: Tyranitar|Helping Hand|[of] p2b: Cresselia\n|move|p1b: Great Tusk|Protect|p1b: Great Tusk\n|-singleturn|p1b: Great Tusk|Protect\n|move|p2a: Tyranitar|Rock Slide|p1b: Great Tusk|[spread] p1a\n|-activate|p1b: Great Tusk|move: Protect\n|-damage|p1a: Ogerpon|0 fnt\n|faint|p1a: Ogerpon\n|\n|-weather|SunnyDay|[upkeep]\n|upkeep\n|\n|t:|1699849692\n|switch|p1a: Flutter Mane|Flutter Mane, L50|100\/100\n|-activate|p1a: Flutter Mane|ability: Protosynthesis\n|-start|p1a: Flutter Mane|protosynthesisspa\n|turn|5\n|inactive|StaticPikaVGC has 30 seconds left.\n|\n|t:|1699849720\n|move|p2b: Cresselia|Helping Hand|p2a: Tyranitar\n|-singleturn|p2a: Tyranitar|Helping Hand|[of] p2b: Cresselia\n|move|p2a: Tyranitar|Earthquake|p1a: Flutter Mane|[spread] p1a,p1b\n|-immune|p2b: Cresselia|[from] ability: Levitate\n|-damage|p1a: Flutter Mane|0 fnt\n|-damage|p1b: Great Tusk|28\/100\n|faint|p1a: Flutter Mane\n|-end|p1a: Flutter Mane|Protosynthesis|[silent]\n|move|p1b: Great Tusk|Brick Break|p2a: Tyranitar\n|-supereffective|p2a: Tyranitar\n|-damage|p2a: Tyranitar|16\/100\n|\n|-weather|SunnyDay|[upkeep]\n|-fieldend|move: Trick Room\n|upkeep\n|turn|6\n|\n|t:|1699849737\n|move|p2a: Tyranitar|Protect|p2a: Tyranitar\n|-singleturn|p2a: Tyranitar|Protect\n|move|p1b: Great Tusk|Brick Break|p2a: Tyranitar\n|-activate|p2a: Tyranitar|move: Protect\n|move|p2b: Cresselia|Trick Room|p2b: Cresselia\n|-fieldstart|move: Trick Room|[of] p2b: Cresselia\n|\n|-weather|SunnyDay|[upkeep]\n|upkeep\n|turn|7\n|inactive|StaticPikaVGC has 30 seconds left.\n|\n|t:|1699849762\n|move|p2b: Cresselia|Helping Hand|p2a: Tyranitar\n|-singleturn|p2a: Tyranitar|Helping Hand|[of] p2b: Cresselia\n|move|p2a: Tyranitar|Rock Slide|p1b: Great Tusk\n|-resisted|p1b: Great Tusk\n|-damage|p1b: Great Tusk|0 fnt\n|faint|p1b: Great Tusk\n|-end|p1b: Great Tusk|Protosynthesis|[silent]\n|\n|win|WhereisFr\n|raw|StaticPikaVGC's rating: 1080 &rarr; <strong>1063<\/strong><br \/>(-17 for losing)\n|raw|WhereisFr's rating: 1153 &rarr; <strong>1173<\/strong><br \/>(+20 for winning)\n|l| gloriousplays\n","uploadtime":1699849769,"views":14,"p1id":"staticpikavgc","p2id":"whereisfr","formatid":"gen9vgc2023regulatione","rating":1063,"private":0,"password":""}