{"id":"gen9vgc2023regulatione-1992809157","p1":"lumptious","p2":"Tawn","format":"[Gen 9] VGC 2023 Regulation E","log":"|j|\u2606lumptious\n|j|\u2606Tawn\n|t:|1700237327\n|gametype|doubles\n|player|p1|lumptious|worker-gen4|1294\n|player|p2|Tawn|red|1220\n|teamsize|p1|6\n|teamsize|p2|6\n|gen|9\n|tier|[Gen 9] VGC 2023 Regulation E\n|rated|\n|rule|Species Clause: Limit one of each Pok\u00e9mon\n|rule|Item Clause: Limit one of each item\n|clearpoke\n|poke|p1|Tyranitar, L50, F|\n|poke|p1|Lycanroc, L50, F|\n|poke|p1|Gastrodon-East, L50, M|\n|poke|p1|Corviknight, L50, M|\n|poke|p1|Kommo-o, L50, F|\n|poke|p1|Arcanine-Hisui, L50, F|\n|poke|p2|Kingambit, L50, F|\n|poke|p2|Grimmsnarl, L50, M|\n|poke|p2|Goodra, L50, F|\n|poke|p2|Chi-Yu, L50|\n|poke|p2|Ogerpon-Wellspring, L50, F|\n|poke|p2|Tornadus, L50, M|\n|teampreview|4\n|\n|t:|1700237349\n|start\n|switch|p1a: Tyranitar|Tyranitar, L50, F|100\/100\n|switch|p1b: Lycanroc|Lycanroc, L50, F|100\/100\n|switch|p2a: Grimmsnarl|Grimmsnarl, L50, M|100\/100\n|switch|p2b: Kingambit|Kingambit, L50, F|100\/100\n|-weather|Sandstorm|[from] ability: Sand Stream|[of] p1a: Tyranitar\n|turn|1\n|inactive|Battle timer is ON: inactive players will automatically lose when time's up. (requested by Tawn)\n|\n|t:|1700237405\n|switch|p1a: Corviknight|Corviknight, L50, M|100\/100\n|move|p2a: Grimmsnarl|Fake Out|p1b: Lycanroc\n|-resisted|p1b: Lycanroc\n|-damage|p1b: Lycanroc|91\/100\n|cant|p1b: Lycanroc|flinch\n|move|p2b: Kingambit|Iron Head|p1a: Corviknight\n|-resisted|p1a: Corviknight\n|-damage|p1a: Corviknight|87\/100\n|\n|-weather|Sandstorm|[upkeep]\n|-damage|p2a: Grimmsnarl|95\/100|[from] Sandstorm\n|-heal|p1a: Corviknight|93\/100|[from] item: Leftovers\n|upkeep\n|turn|2\n|inactive|lumptious has 30 seconds left.\n|inactive|lumptious has 20 seconds left.\n|\n|t:|1700237445\n|move|p2a: Grimmsnarl|Reflect|p2a: Grimmsnarl\n|-sidestart|p2: Tawn|Reflect\n|move|p1b: Lycanroc|Rock Slide|p2b: Kingambit|[spread] p2a,p2b\n|-resisted|p2b: Kingambit\n|-damage|p2a: Grimmsnarl|69\/100\n|-damage|p2b: Kingambit|94\/100\n|move|p1a: Corviknight|Bulk Up|p1a: Corviknight\n|-boost|p1a: Corviknight|atk|1\n|-boost|p1a: Corviknight|def|1\n|move|p2b: Kingambit|Iron Head|p1b: Lycanroc\n|-supereffective|p1b: Lycanroc\n|-damage|p1b: Lycanroc|0 fnt\n|faint|p1b: Lycanroc\n|\n|-weather|Sandstorm|[upkeep]\n|-damage|p2a: Grimmsnarl|63\/100|[from] Sandstorm\n|-heal|p1a: Corviknight|99\/100|[from] item: Leftovers\n|upkeep\n|\n|t:|1700237456\n|switch|p1b: Gastrodon|Gastrodon-East, L50, M|100\/100\n|turn|3\n|\n|t:|1700237480\n|move|p2a: Grimmsnarl|Parting Shot|p1b: Gastrodon\n|-unboost|p1b: Gastrodon|atk|1\n|-unboost|p1b: Gastrodon|spa|1\n|\n|t:|1700237484\n|switch|p2a: Chi-Yu|Chi-Yu, L50|100\/100|[from] Parting Shot\n|-ability|p2a: Chi-Yu|Beads of Ruin\n|move|p1a: Corviknight|Body Press|p2b: Kingambit\n|-supereffective|p2b: Kingambit\n|-damage|p2b: Kingambit|9\/100\n|move|p2b: Kingambit|Lash Out|p1b: Gastrodon\n|-damage|p1b: Gastrodon|68\/100\n|move|p1b: Gastrodon|Yawn|p2a: Chi-Yu\n|-start|p2a: Chi-Yu|move: Yawn|[of] p1b: Gastrodon\n|\n|-weather|Sandstorm|[upkeep]\n|-damage|p2a: Chi-Yu|94\/100|[from] Sandstorm\n|-heal|p1a: Corviknight|100\/100|[from] item: Leftovers\n|upkeep\n|turn|4\n|\n|t:|1700237509\n|switch|p1a: Tyranitar|Tyranitar, L50, F|100\/100\n|switch|p2b: Ogerpon|Ogerpon-Wellspring, L50, F|100\/100\n|move|p2a: Chi-Yu|Heat Wave|p1b: Gastrodon|[spread] p1a,p1b\n|-resisted|p1a: Tyranitar\n|-resisted|p1b: Gastrodon\n|-damage|p1a: Tyranitar|88\/100\n|-damage|p1b: Gastrodon|36\/100\n|-enditem|p1b: Gastrodon|Sitrus Berry|[eat]\n|-heal|p1b: Gastrodon|61\/100|[from] item: Sitrus Berry\n|-damage|p2a: Chi-Yu|84\/100|[from] item: Life Orb\n|move|p1b: Gastrodon|Recover|p1b: Gastrodon\n|-heal|p1b: Gastrodon|100\/100\n|\n|-weather|Sandstorm|[upkeep]\n|-damage|p2b: Ogerpon|95\/100|[from] Sandstorm\n|-damage|p2a: Chi-Yu|78\/100|[from] Sandstorm\n|-end|p2a: Chi-Yu|move: Yawn|[silent]\n|-status|p2a: Chi-Yu|slp\n|upkeep\n|turn|5\n|inactive|lumptious has 30 seconds left.\n|inactive|Tawn has 30 seconds left.\n|\n|t:|1700237543\n|switch|p2a: Grimmsnarl|Grimmsnarl, L50, M|63\/100\n|-terastallize|p1a: Tyranitar|Flying\n|move|p2b: Ogerpon|Knock Off|p1b: Gastrodon\n|-damage|p1b: Gastrodon|82\/100\n|move|p1a: Tyranitar|Rock Slide|p2a: Grimmsnarl|[spread] p2b\n|-miss|p1a: Tyranitar|p2a: Grimmsnarl\n|-damage|p2b: Ogerpon|67\/100\n|move|p1b: Gastrodon|Earth Power|p2a: Grimmsnarl\n|-damage|p2a: Grimmsnarl|48\/100\n|\n|-weather|none\n|upkeep\n|turn|6\n|inactive|lumptious has 30 seconds left.\n|inactive|Tawn has 30 seconds left.\n|\n|t:|1700237572\n|move|p2a: Grimmsnarl|Fake Out|p1a: Tyranitar\n|-crit|p1a: Tyranitar\n|-damage|p1a: Tyranitar|75\/100\n|move|p2b: Ogerpon|Wood Hammer|p1b: Gastrodon\n|-supereffective|p1b: Gastrodon\n|-damage|p1b: Gastrodon|0 fnt\n|faint|p1b: Gastrodon\n|-damage|p2b: Ogerpon|29\/100|[from] Recoil\n|cant|p1a: Tyranitar|flinch\n|\n|upkeep\n|\n|t:|1700237583\n|switch|p1b: Corviknight|Corviknight, L50, M|100\/100\n|turn|7\n|inactive|lumptious has 30 seconds left.\n|\n|t:|1700237611\n|move|p2a: Grimmsnarl|Parting Shot|p1a: Tyranitar\n|-unboost|p1a: Tyranitar|atk|1\n|-unboost|p1a: Tyranitar|spa|1\n|\n|t:|1700237615\n|switch|p2a: Kingambit|Kingambit, L50, F|9\/100|[from] Parting Shot\n|move|p2b: Ogerpon|Knock Off|p1b: Corviknight\n|-damage|p1b: Corviknight|79\/100\n|-enditem|p1b: Corviknight|Leftovers|[from] move: Knock Off|[of] p2b: Ogerpon\n|move|p1b: Corviknight|Body Press|p2a: Kingambit\n|-supereffective|p2a: Kingambit\n|-damage|p2a: Kingambit|0 fnt\n|faint|p2a: Kingambit\n|move|p1a: Tyranitar|Rock Slide|p2b: Ogerpon\n|-damage|p2b: Ogerpon|2\/100\n|\n|upkeep\n|\n|t:|1700237623\n|switch|p2a: Chi-Yu|Chi-Yu, L50|78\/100 slp\n|-ability|p2a: Chi-Yu|Beads of Ruin\n|turn|8\n|\n|t:|1700237639\n|-terastallize|p2a: Chi-Yu|Ground\n|cant|p2a: Chi-Yu|slp\n|move|p2b: Ogerpon|Ivy Cudgel|p1a: Tyranitar|[anim] Ivy Cudgel Water\n|-damage|p1a: Tyranitar|30\/100\n|move|p1b: Corviknight|Body Press|p2a: Chi-Yu\n|-damage|p2a: Chi-Yu|51\/100 slp\n|move|p1a: Tyranitar|Rock Slide|p2b: Ogerpon|[spread] p2a,p2b\n|-resisted|p2a: Chi-Yu\n|-damage|p2a: Chi-Yu|39\/100 slp\n|-damage|p2b: Ogerpon|0 fnt\n|faint|p2b: Ogerpon\n|\n|upkeep\n|\n|t:|1700237649\n|switch|p2b: Grimmsnarl|Grimmsnarl, L50, M|48\/100\n|turn|9\n|\n|t:|1700237666\n|move|p2b: Grimmsnarl|Fake Out|p1b: Corviknight\n|-resisted|p1b: Corviknight\n|-damage|p1b: Corviknight|75\/100\n|-curestatus|p2a: Chi-Yu|slp|[msg]\n|move|p2a: Chi-Yu|Heat Wave|p1b: Corviknight|[spread] p1a,p1b\n|-crit|p1a: Tyranitar\n|-supereffective|p1b: Corviknight\n|-damage|p1a: Tyranitar|0 fnt\n|-damage|p1b: Corviknight|0 fnt\n|faint|p1a: Tyranitar\n|faint|p1b: Corviknight\n|-damage|p2a: Chi-Yu|29\/100|[from] item: Life Orb\n|\n|win|Tawn\n|raw|lumptious's rating: 1294 &rarr; <strong>1264<\/strong><br \/>(-30 for losing)\n|raw|Tawn's rating: 1220 &rarr; <strong>1250<\/strong><br \/>(+30 for winning)\n","uploadtime":1700237676,"views":11,"p1id":"lumptious","p2id":"tawn","formatid":"gen9vgc2023regulatione","rating":1250,"private":0,"password":""}