{"id":"gen9vgc2023regulatione-1999630016","p1":"LowEloGrind","p2":"Gungelix","format":"[Gen 9] VGC 2023 Regulation E","log":"|j|\u2606LowEloGrind\n|j|\u2606Gungelix\n|t:|1701102757\n|gametype|doubles\n|player|p1|LowEloGrind|1|1272\n|player|p2|Gungelix|veteran|1245\n|teamsize|p1|6\n|teamsize|p2|6\n|gen|9\n|tier|[Gen 9] VGC 2023 Regulation E\n|rated|\n|rule|Species Clause: Limit one of each Pok\u00e9mon\n|rule|Item Clause: Limit one of each item\n|clearpoke\n|poke|p1|Iron Hands, L50|\n|poke|p1|Sinistcha, L50|\n|poke|p1|Arcanine-Hisui, L50, F|\n|poke|p1|Moltres-Galar, L50|\n|poke|p1|Iron Bundle, L50|\n|poke|p1|Ninetales-Alola, L50, M|\n|poke|p2|Tornadus, L50, M|\n|poke|p2|Arcanine-Hisui, L50, M|\n|poke|p2|Urshifu-*, L50, F|\n|poke|p2|Flutter Mane, L50|\n|poke|p2|Chien-Pao, L50|\n|poke|p2|Iron Hands, L50|\n|teampreview|4\n|inactive|Battle timer is ON: inactive players will automatically lose when time's up. (requested by Gungelix)\nGungelix has agreed to open team sheets.\nLowEloGrind has agreed to open team sheets.\n|\n|t:|1701102807\n|start\n|switch|p1a: Sanitized|Iron Hands, L50|100\/100\n|switch|p1b: Mint Hot Chocolate|Sinistcha, L50|100\/100\n|switch|p2a: Tornadus|Tornadus, L50, M|100\/100\n|switch|p2b: Arcanine|Arcanine-Hisui, L50, M|100\/100\n|-ability|p2b: Arcanine|Intimidate|boost\n|-fail|p1a: Sanitized|unboost|[from] item: Clear Amulet|[of] p1a: Sanitized\n|-unboost|p1b: Mint Hot Chocolate|atk|1\n|turn|1\n|c|\u2606Gungelix|we meet again\n|\n|t:|1701102831\n|switch|p2b: mr. thicc|Iron Hands, L50, shiny|100\/100\n|-terastallize|p1b: Mint Hot Chocolate|Fire\n|move|p1b: Mint Hot Chocolate|Rage Powder|p1b: Mint Hot Chocolate\n|-singleturn|p1b: Mint Hot Chocolate|move: Rage Powder\n|move|p2a: Tornadus|Tailwind|p2a: Tornadus\n|-sidestart|p2: Gungelix|move: Tailwind\n|move|p1a: Sanitized|Swords Dance|p1a: Sanitized\n|-boost|p1a: Sanitized|atk|2\n|\n|upkeep\n|turn|2\n|\n|t:|1701102846\n|move|p1a: Sanitized|Detect|p1a: Sanitized\n|-singleturn|p1a: Sanitized|Protect\n|move|p2a: Tornadus|Bleakwind Storm|p1a: Sanitized|[spread] p1b\n|-activate|p1a: Sanitized|move: Protect\n|-damage|p1b: Mint Hot Chocolate|66\/100\n|move|p2b: mr. thicc|Drain Punch|p1a: Sanitized\n|-activate|p1a: Sanitized|move: Protect\n|move|p1b: Mint Hot Chocolate|Strength Sap|p2b: mr. thicc\n|-unboost|p2b: mr. thicc|atk|1\n|-heal|p1b: Mint Hot Chocolate|100\/100\n|\n|upkeep\n|turn|3\n|\n|t:|1701102861\n|-end|p2b: mr. thicc|Quark Drive|[silent]\n|switch|p2b: Flutter Mane|Flutter Mane, L50, shiny|100\/100\n|-enditem|p2b: Flutter Mane|Booster Energy\n|-activate|p2b: Flutter Mane|ability: Protosynthesis|[fromitem]\n|-start|p2b: Flutter Mane|protosynthesisspa\n|switch|p1b: Snowing!!!!!|Ninetales-Alola, L50, M|100\/100\n|-weather|Snow|[from] ability: Snow Warning|[of] p1b: Snowing!!!!!\n|move|p2a: Tornadus|Bleakwind Storm|p1a: Sanitized|[spread] p1a,p1b\n|-damage|p1a: Sanitized|73\/100\n|-damage|p1b: Snowing!!!!!|62\/100\n|move|p1a: Sanitized|Thunder Punch|p2a: Tornadus\n|-supereffective|p2a: Tornadus\n|-damage|p2a: Tornadus|0 fnt\n|faint|p2a: Tornadus\n|\n|-weather|Snow|[upkeep]\n|upkeep\n|\n|t:|1701102875\n|switch|p2a: Arcanine|Arcanine-Hisui, L50, M|100\/100\n|-ability|p2a: Arcanine|Intimidate|boost\n|-fail|p1a: Sanitized|unboost|[from] item: Clear Amulet|[of] p1a: Sanitized\n|-unboost|p1b: Snowing!!!!!|atk|1\n|turn|4\n|\n|t:|1701102886\n|-terastallize|p2a: Arcanine|Fairy\n|move|p1a: Sanitized|Detect|p1a: Sanitized\n|-singleturn|p1a: Sanitized|Protect\n|move|p2b: Flutter Mane|Dazzling Gleam|p1a: Sanitized|[spread] p1b\n|-activate|p1a: Sanitized|move: Protect\n|-damage|p1b: Snowing!!!!!|24\/100\n|move|p2a: Arcanine|Tera Blast|p1a: Sanitized|[anim] Tera Blast Fairy\n|-activate|p1a: Sanitized|move: Protect\n|move|p1b: Snowing!!!!!|Aurora Veil|p1b: Snowing!!!!!\n|-sidestart|p1: LowEloGrind|move: Aurora Veil\n|\n|-weather|Snow|[upkeep]\n|-sideend|p2: Gungelix|move: Tailwind\n|upkeep\n|turn|5\n|\n|t:|1701102900\n|switch|p1b: Mint Hot Chocolate|Sinistcha, L50, tera:Fire|100\/100\n|-heal|p1a: Sanitized|98\/100|[from] ability: Hospitality|[of] p1b: Mint Hot Chocolate\n|move|p2b: Flutter Mane|Dazzling Gleam|p1b: Mint Hot Chocolate|[spread] p1a,p1b\n|-supereffective|p1a: Sanitized\n|-resisted|p1b: Mint Hot Chocolate\n|-damage|p1a: Sanitized|56\/100\n|-damage|p1b: Mint Hot Chocolate|89\/100\n|move|p2a: Arcanine|Tera Blast|p1a: Sanitized|[anim] Tera Blast Fairy\n|-supereffective|p1a: Sanitized\n|-damage|p1a: Sanitized|8\/100\n|move|p1a: Sanitized|Thunder Punch|p2b: Flutter Mane\n|-damage|p2b: Flutter Mane|0 fnt\n|faint|p2b: Flutter Mane\n|-end|p2b: Flutter Mane|Protosynthesis|[silent]\n|\n|-weather|Snow|[upkeep]\n|upkeep\n|\n|t:|1701102914\n|switch|p2b: mr. thicc|Iron Hands, L50, shiny|100\/100\n|turn|6\n|\n|t:|1701102930\n|move|p1b: Mint Hot Chocolate|Protect|p1b: Mint Hot Chocolate\n|-singleturn|p1b: Mint Hot Chocolate|Protect\n|move|p1a: Sanitized|Detect|p1a: Sanitized\n|-singleturn|p1a: Sanitized|Protect\n|move|p2a: Arcanine|Tera Blast|p1b: Mint Hot Chocolate|[anim] Tera Blast Fairy\n|-activate|p1b: Mint Hot Chocolate|move: Protect\n|move|p2b: mr. thicc|Drain Punch|p1b: Mint Hot Chocolate\n|-activate|p1b: Mint Hot Chocolate|move: Protect\n|\n|-weather|Snow|[upkeep]\n|upkeep\n|turn|7\n|\n|t:|1701102945\n|move|p1b: Mint Hot Chocolate|Rage Powder|p1b: Mint Hot Chocolate\n|-singleturn|p1b: Mint Hot Chocolate|move: Rage Powder\n|move|p2a: Arcanine|Tera Blast|p1b: Mint Hot Chocolate|[anim] Tera Blast Fairy\n|-resisted|p1b: Mint Hot Chocolate\n|-damage|p1b: Mint Hot Chocolate|73\/100\n|move|p1a: Sanitized|Drain Punch|p2a: Arcanine\n|-resisted|p2a: Arcanine\n|-damage|p2a: Arcanine|39\/100\n|-heal|p1a: Sanitized|30\/100|[from] drain|[of] p2a: Arcanine\n|move|p2b: mr. thicc|Drain Punch|p1b: Mint Hot Chocolate\n|-damage|p1b: Mint Hot Chocolate|47\/100\n|\n|-weather|none\n|upkeep\n|turn|8\n|-message|Gungelix forfeited.\n|\n|win|LowEloGrind\n|raw|LowEloGrind's rating: 1272 &rarr; <strong>1295<\/strong><br \/>(+23 for winning)\n|raw|Gungelix's rating: 1245 &rarr; <strong>1222<\/strong><br \/>(-23 for losing)\n|l|\u2606Gungelix\n","uploadtime":1701102962,"views":7,"p1id":"lowelogrind","p2id":"gungelix","formatid":"gen9vgc2023regulatione","rating":1222,"private":0,"password":""}