{"id":"gen9vgc2023regulatione-1991219268","p1":"QrdeJegoMac","p2":"mil0battles","format":"[Gen 9] VGC 2023 Regulation E","log":"|j|\u2606QrdeJegoMac\n|j|\u2606mil0battles\n|t:|1700058371\n|gametype|doubles\n|player|p1|QrdeJegoMac|1|1550\n|player|p2|mil0battles|265|1587\n|teamsize|p1|6\n|teamsize|p2|6\n|gen|9\n|tier|[Gen 9] VGC 2023 Regulation E\n|rated|\n|rule|Species Clause: Limit one of each Pok\u00e9mon\n|rule|Item Clause: Limit one of each item\n|clearpoke\n|poke|p1|Ogerpon-Hearthflame, L50, F|\n|poke|p1|Urshifu-*, L50, M|\n|poke|p1|Tornadus, L50, M|\n|poke|p1|Landorus-Therian, L50, M|\n|poke|p1|Flutter Mane, L50|\n|poke|p1|Kingambit, L50, M|\n|poke|p2|Dondozo, L50, F|\n|poke|p2|Tatsugiri, L50, F|\n|poke|p2|Glimmora, L50, M|\n|poke|p2|Flutter Mane, L50|\n|poke|p2|Ninetales-Alola, L50, M|\n|poke|p2|Iron Hands, L50|\n|teampreview|4\n|inactive|Battle timer is ON: inactive players will automatically lose when time's up. (requested by QrdeJegoMac)\n|\n|t:|1700058389\n|start\n|switch|p1a: Tornadus|Tornadus, L50, M|100\/100\n|switch|p1b: Urshifu|Urshifu-Rapid-Strike, L50, M|100\/100\n|switch|p2a: Ninetales|Ninetales-Alola, L50, M|100\/100\n|switch|p2b: Iron Hands|Iron Hands, L50|100\/100\n|-weather|Snow|[from] ability: Snow Warning|[of] p2a: Ninetales\n|turn|1\n|\n|t:|1700058413\n|move|p1b: Urshifu|Protect|p1b: Urshifu\n|-singleturn|p1b: Urshifu|Protect\n|move|p2b: Iron Hands|Fake Out|p1b: Urshifu\n|-activate|p1b: Urshifu|move: Protect\n|move|p1a: Tornadus|Rain Dance|p1a: Tornadus\n|-weather|RainDance\n|move|p2a: Ninetales|Blizzard|p1b: Urshifu|[spread] \n|-activate|p1b: Urshifu|move: Protect\n|-miss|p2a: Ninetales|p1a: Tornadus\n|\n|-weather|RainDance|[upkeep]\n|upkeep\n|turn|2\n|inactive|mil0battles has 30 seconds left.\n|\n|t:|1700058441\n|-terastallize|p1b: Urshifu|Water\n|move|p2a: Ninetales|Blizzard|p1a: Tornadus|[spread] p1b\n|-miss|p2a: Ninetales|p1a: Tornadus\n|-resisted|p1b: Urshifu\n|-damage|p1b: Urshifu|76\/100\n|move|p1b: Urshifu|Surging Strikes|p2b: Iron Hands\n|-crit|p2b: Iron Hands\n|-damage|p2b: Iron Hands|71\/100\n|-crit|p2b: Iron Hands\n|-damage|p2b: Iron Hands|40\/100\n|-crit|p2b: Iron Hands\n|-damage|p2b: Iron Hands|11\/100\n|-hitcount|p2b: Iron Hands|3\n|move|p1a: Tornadus|Bleakwind Storm|p2a: Ninetales|[spread] p2a,p2b\n|-damage|p2a: Ninetales|62\/100\n|-damage|p2b: Iron Hands|0 fnt\n|faint|p2b: Iron Hands\n|-end|p2b: Iron Hands|Quark Drive|[silent]\n|\n|-weather|RainDance|[upkeep]\n|upkeep\n|j| stridesvgc\n|l| stridesvgc\n|\n|t:|1700058451\n|switch|p2b: Dondozo|Dondozo, L50, F|100\/100\n|turn|3\n|\n|t:|1700058459\n|switch|p2a: Tatsugiri|Tatsugiri, L50, F|100\/100\n|-activate|p2a: Tatsugiri|ability: Commander|[of] p2b: Dondozo\n|-boost|p2b: Dondozo|atk|2\n|-boost|p2b: Dondozo|spa|2\n|-boost|p2b: Dondozo|spe|2\n|-boost|p2b: Dondozo|def|2\n|-boost|p2b: Dondozo|spd|2\n|move|p1b: Urshifu|Protect|p1b: Urshifu\n|-singleturn|p1b: Urshifu|Protect\n|move|p1a: Tornadus|Taunt|p2b: Dondozo\n|-start|p2b: Dondozo|move: Taunt\n|move|p2b: Dondozo|Order Up|p1b: Urshifu\n|-activate|p1b: Urshifu|move: Protect\n|\n|-weather|RainDance|[upkeep]\n|upkeep\n|turn|4\n|j| neusrel\n|\n|t:|1700058469\n|move|p2b: Dondozo|Order Up|p1b: Urshifu\n|-damage|p1b: Urshifu|20\/100\n|-boost|p2b: Dondozo|atk|1\n|move|p1b: Urshifu|Close Combat|p2b: Dondozo\n|-damage|p2b: Dondozo|75\/100\n|-unboost|p1b: Urshifu|def|1\n|-unboost|p1b: Urshifu|spd|1\n|move|p1a: Tornadus|Bleakwind Storm|p2b: Dondozo|[spread] p2b\n|-miss|p1a: Tornadus|p2a: Tatsugiri\n|-damage|p2b: Dondozo|59\/100\n|\n|-weather|RainDance|[upkeep]\n|-heal|p2b: Dondozo|65\/100|[from] item: Leftovers\n|upkeep\n|turn|5\n|l| neusrel\n|\n|t:|1700058478\n|move|p1a: Tornadus|Tailwind|p1a: Tornadus\n|-sidestart|p1: QrdeJegoMac|move: Tailwind\n|move|p1b: Urshifu|Close Combat|p2b: Dondozo\n|-damage|p2b: Dondozo|38\/100\n|-unboost|p1b: Urshifu|def|1\n|-unboost|p1b: Urshifu|spd|1\n|move|p2b: Dondozo|Order Up|p1b: Urshifu\n|-damage|p1b: Urshifu|0 fnt\n|faint|p1b: Urshifu\n|-boost|p2b: Dondozo|atk|1\n|\n|-weather|none\n|-heal|p2b: Dondozo|44\/100|[from] item: Leftovers\n|-end|p2b: Dondozo|move: Taunt\n|upkeep\n|\n|t:|1700058497\n|switch|p1b: Flutter Mane|Flutter Mane, L50|100\/100\n|turn|6\n|\n|t:|1700058512\n|move|p2b: Dondozo|Protect|p2b: Dondozo\n|-singleturn|p2b: Dondozo|Protect\n|move|p1b: Flutter Mane|Moonblast|p2b: Dondozo\n|-activate|p2b: Dondozo|move: Protect\n|move|p1a: Tornadus|Bleakwind Storm|p2b: Dondozo|[spread] \n|-miss|p1a: Tornadus|p2a: Tatsugiri\n|-activate|p2b: Dondozo|move: Protect\n|\n|-heal|p2b: Dondozo|50\/100|[from] item: Leftovers\n|upkeep\n|turn|7\n|\n|t:|1700058536\n|move|p1b: Flutter Mane|Moonblast|p2b: Dondozo\n|-damage|p2b: Dondozo|12\/100\n|move|p1a: Tornadus|Bleakwind Storm|p2a: Tatsugiri|[spread] p2b\n|-miss|p1a: Tornadus|p2a: Tatsugiri\n|-damage|p2b: Dondozo|0 fnt\n|faint|p2b: Dondozo\n|\n|upkeep\n|\n|t:|1700058543\n|switch|p2b: Ninetales|Ninetales-Alola, L50, M|62\/100\n|-weather|Snow|[from] ability: Snow Warning|[of] p2b: Ninetales\n|turn|8\n|\n|t:|1700058550\n|-terastallize|p2a: Tatsugiri|Steel\n|move|p1a: Tornadus|Rain Dance|p1a: Tornadus\n|-weather|RainDance\n|move|p1b: Flutter Mane|Moonblast|p2b: Ninetales\n|-damage|p2b: Ninetales|0 fnt\n|faint|p2b: Ninetales\n|move|p2a: Tatsugiri|Muddy Water|p1a: Tornadus|[spread] p1a,p1b\n|-damage|p1a: Tornadus|64\/100\n|-damage|p1b: Flutter Mane|60\/100\n|\n|-weather|RainDance|[upkeep]\n|-sideend|p1: QrdeJegoMac|move: Tailwind\n|upkeep\n|turn|9\n|\n|t:|1700058557\n|move|p1b: Flutter Mane|Moonblast|p2a: Tatsugiri\n|-resisted|p2a: Tatsugiri\n|-damage|p2a: Tatsugiri|54\/100\n|move|p2a: Tatsugiri|Muddy Water|p1a: Tornadus|[spread] p1a,p1b\n|-damage|p1a: Tornadus|27\/100\n|-damage|p1b: Flutter Mane|19\/100\n|-unboost|p1b: Flutter Mane|accuracy|1\n|move|p1a: Tornadus|Bleakwind Storm|p2a: Tatsugiri\n|-resisted|p2a: Tatsugiri\n|-damage|p2a: Tatsugiri|30\/100\n|-unboost|p2a: Tatsugiri|spe|1\n|-enditem|p2a: Tatsugiri|Sitrus Berry|[eat]\n|-heal|p2a: Tatsugiri|55\/100|[from] item: Sitrus Berry\n|\n|-weather|RainDance|[upkeep]\n|upkeep\n|turn|10\n|\n|t:|1700058562\n|move|p1a: Tornadus|Tailwind|p1a: Tornadus\n|-sidestart|p1: QrdeJegoMac|move: Tailwind\n|move|p1b: Flutter Mane|Moonblast|p2a: Tatsugiri\n|-resisted|p2a: Tatsugiri\n|-damage|p2a: Tatsugiri|11\/100\n|move|p2a: Tatsugiri|Muddy Water|p1b: Flutter Mane|[spread] p1a,p1b\n|-damage|p1a: Tornadus|0 fnt\n|-damage|p1b: Flutter Mane|0 fnt\n|faint|p1a: Tornadus\n|faint|p1b: Flutter Mane\n|-end|p1b: Flutter Mane|Protosynthesis|[silent]\n|\n|-weather|RainDance|[upkeep]\n|upkeep\n|\n|t:|1700058568\n|switch|p1a: Ogerpon|Ogerpon-Hearthflame, L50, F|100\/100\n|-ability|p1a: Ogerpon|Mold Breaker\n|turn|11\n|\n|t:|1700058571\n|move|p1a: Ogerpon|Ivy Cudgel|p2a: Tatsugiri|[anim] Ivy Cudgel Fire\n|-supereffective|p2a: Tatsugiri\n|-damage|p2a: Tatsugiri|0 fnt\n|faint|p2a: Tatsugiri\n|\n|win|QrdeJegoMac\n|raw|QrdeJegoMac's rating: 1550 &rarr; <strong>1572<\/strong><br \/>(+22 for winning)\n|raw|mil0battles's rating: 1587 &rarr; <strong>1565<\/strong><br \/>(-22 for losing)\n|l|\u2606mil0battles\n","uploadtime":1700058585,"views":13,"p1id":"qrdejegomac","p2id":"mil0battles","formatid":"gen9vgc2023regulatione","rating":1565,"private":0,"password":""}