{"id":"gen9vgc2023regulatione-1998820296","p1":"Chef204","p2":"ghvghghg","format":"[Gen 9] VGC 2023 Regulation E","log":"|j|\u2606Chef204\n|j|\u2606ghvghghg\n|t:|1700997490\n|gametype|doubles\n|player|p1|Chef204|1|1104\n|player|p2|ghvghghg|169|1115\n|teamsize|p1|6\n|teamsize|p2|6\n|gen|9\n|tier|[Gen 9] VGC 2023 Regulation E\n|rated|\n|rule|Species Clause: Limit one of each Pok\u00e9mon\n|rule|Item Clause: Limit one of each item\n|clearpoke\n|poke|p1|Baxcalibur, L50, M|\n|poke|p1|Goodra-Hisui, L50, F|\n|poke|p1|Scream Tail, L50|\n|poke|p1|Landorus-Therian, L50, M|\n|poke|p1|Moltres-Galar, L50|\n|poke|p1|Ninetales-Alola, L50, F|\n|poke|p2|Murkrow, L50, M|\n|poke|p2|Armarouge, L50, M|\n|poke|p2|Indeedee-F, L50, F|\n|poke|p2|Meowscarada, L50, F|\n|poke|p2|Maushold-Four, L50|\n|poke|p2|Annihilape, L50, M|\n|teampreview|4\nghvghghg has agreed to open team sheets.\n|\n|t:|1700997506\n|start\n|switch|p1a: Antarctica|Ninetales-Alola, L50, F|100\/100\n|switch|p1b: GOJIRA|Baxcalibur, L50, M|100\/100\n|switch|p2a: Indeedee|Indeedee-F, L50, F|100\/100\n|switch|p2b: Maushold|Maushold-Four, L50|100\/100\n|-weather|Snow|[from] ability: Snow Warning|[of] p1a: Antarctica\n|-fieldstart|move: Psychic Terrain|[from] ability: Psychic Surge|[of] p2a: Indeedee\n|turn|1\n|inactive|Battle timer is ON: inactive players will automatically lose when time's up. (requested by Chef204)\n|\n|t:|1700997527\n|switch|p2a: Annihilape|Annihilape, L50, M|100\/100\n|move|p2b: Maushold|Beat Up|p2a: Annihilape\n|-damage|p2a: Annihilape|99\/100\n|-damage|p2a: Annihilape|97\/100\n|-damage|p2a: Annihilape|96\/100\n|-damage|p2a: Annihilape|95\/100\n|-hitcount|p2a: Annihilape|4\n|move|p1a: Antarctica|Aurora Veil|p1a: Antarctica\n|-sidestart|p1: Chef204|move: Aurora Veil\n|move|p1b: GOJIRA|Swords Dance|p1b: GOJIRA\n|-boost|p1b: GOJIRA|atk|2\n|\n|-weather|Snow|[upkeep]\n|-heal|p2a: Annihilape|100\/100|[from] item: Leftovers\n|upkeep\n|turn|2\n|\n|t:|1700997550\n|switch|p2b: Armarouge|Armarouge, L50, M|100\/100\n|move|p2a: Annihilape|Protect|p2a: Annihilape\n|-singleturn|p2a: Annihilape|Protect\n|move|p1a: Antarctica|Icy Wind|p2b: Armarouge|[spread] p2b\n|-activate|p2a: Annihilape|move: Protect\n|-resisted|p2b: Armarouge\n|-damage|p2b: Armarouge|95\/100\n|-unboost|p2b: Armarouge|spe|1\n|move|p1b: GOJIRA|Glaive Rush|p2a: Annihilape\n|-activate|p2a: Annihilape|move: Protect\n|\n|-weather|Snow|[upkeep]\n|upkeep\n|turn|3\n|inactive|ghvghghg has 30 seconds left.\n|inactive|ghvghghg has 20 seconds left.\n|\n|t:|1700997585\n|switch|p2a: Indeedee|Indeedee-F, L50, F|100\/100\n|move|p1a: Antarctica|Icy Wind|p2a: Indeedee|[spread] p2a,p2b\n|-resisted|p2b: Armarouge\n|-damage|p2a: Indeedee|90\/100\n|-damage|p2b: Armarouge|90\/100\n|-unboost|p2a: Indeedee|spe|1\n|-unboost|p2b: Armarouge|spe|1\n|move|p1b: GOJIRA|Glaive Rush|p2a: Indeedee\n|-damage|p2a: Indeedee|0 fnt\n|-singlemove|p1b: GOJIRA|Glaive Rush|[silent]\n|faint|p2a: Indeedee\n|move|p2b: Armarouge|Trick Room|p2b: Armarouge\n|-fieldstart|move: Trick Room|[of] p2b: Armarouge\n|\n|-weather|Snow|[upkeep]\n|upkeep\n|\n|t:|1700997605\n|switch|p2a: Annihilape|Annihilape, L50, M|100\/100\n|turn|4\n|\n|t:|1700997626\n|switch|p1a: Rosa Tubsman|Goodra-Hisui, L50, F|100\/100\n|move|p1b: GOJIRA|Protect|p1b: GOJIRA\n|-singleturn|p1b: GOJIRA|Protect\n|move|p2b: Armarouge|Expanding Force|p1a: Rosa Tubsman|[spread] p1a\n|-activate|p1b: GOJIRA|move: Protect\n|-resisted|p1a: Rosa Tubsman\n|-damage|p1a: Rosa Tubsman|89\/100\n|move|p2a: Annihilape|Drain Punch|p1b: GOJIRA\n|-activate|p1b: GOJIRA|move: Protect\n|\n|-weather|Snow|[upkeep]\n|upkeep\n|turn|5\n|\n|t:|1700997644\n|move|p2b: Armarouge|Armor Cannon|p1a: Rosa Tubsman\n|-damage|p1a: Rosa Tubsman|66\/100\n|-unboost|p2b: Armarouge|def|1\n|-unboost|p2b: Armarouge|spd|1\n|move|p1a: Rosa Tubsman|Life Dew||[still]|[spread] p1a,p1b\n|-heal|p1a: Rosa Tubsman|91\/100\n|-fail|p1b: GOJIRA|heal\n|move|p1b: GOJIRA|Glaive Rush|p2b: Armarouge\n|-damage|p2b: Armarouge|0 fnt\n|-singlemove|p1b: GOJIRA|Glaive Rush|[silent]\n|faint|p2b: Armarouge\n|move|p2a: Annihilape|Rage Fist|p1b: GOJIRA\n|-damage|p1b: GOJIRA|17\/100\n|\n|-weather|none\n|-sideend|p1: Chef204|move: Aurora Veil\n|-fieldend|move: Psychic Terrain\n|upkeep\n|\n|t:|1700997659\n|switch|p2b: Maushold|Maushold-Four, L50|100\/100\n|turn|6\n|\n|t:|1700997668\n|move|p1b: GOJIRA|Protect|p1b: GOJIRA\n|-singleturn|p1b: GOJIRA|Protect\n|move|p2b: Maushold|Follow Me|p2b: Maushold\n|-singleturn|p2b: Maushold|move: Follow Me\n|move|p1a: Rosa Tubsman|Life Dew|p1a: Rosa Tubsman|[spread] p1a,p1b\n|-heal|p1a: Rosa Tubsman|100\/100\n|-heal|p1b: GOJIRA|42\/100\n|move|p2a: Annihilape|Drain Punch|p1b: GOJIRA\n|-activate|p1b: GOJIRA|move: Protect\n|\n|upkeep\n|turn|7\n|\n|t:|1700997680\n|move|p2b: Maushold|Follow Me|p2b: Maushold\n|-singleturn|p2b: Maushold|move: Follow Me\n|move|p1a: Rosa Tubsman|Shelter|p1a: Rosa Tubsman\n|-boost|p1a: Rosa Tubsman|def|2\n|move|p1b: GOJIRA|Glaive Rush|p2b: Maushold\n|-enditem|p2b: Maushold|Focus Sash\n|-damage|p2b: Maushold|1\/100\n|-singlemove|p1b: GOJIRA|Glaive Rush|[silent]\n|move|p2a: Annihilape|Rage Fist|p1b: GOJIRA\n|-damage|p1b: GOJIRA|0 fnt\n|faint|p1b: GOJIRA\n|\n|-fieldend|move: Trick Room\n|upkeep\n|\n|t:|1700997683\n|switch|p1b: Antarctica|Ninetales-Alola, L50, F|100\/100\n|-weather|Snow|[from] ability: Snow Warning|[of] p1b: Antarctica\n|turn|8\n|\n|t:|1700997701\n|move|p2b: Maushold|Protect|p2b: Maushold\n|-singleturn|p2b: Maushold|Protect\n|move|p1b: Antarctica|Aurora Veil|p1b: Antarctica\n|-sidestart|p1: Chef204|move: Aurora Veil\n|move|p2a: Annihilape|Drain Punch|p1b: Antarctica\n|-damage|p1b: Antarctica|84\/100\n|move|p1a: Rosa Tubsman|Heavy Slam|p2a: Annihilape\n|-damage|p2a: Annihilape|74\/100\n|\n|-weather|Snow|[upkeep]\n|-heal|p2a: Annihilape|80\/100|[from] item: Leftovers\n|upkeep\n|turn|9\n|inactive|Chef204 has 30 seconds left.\n|\n|t:|1700997726\n|move|p1b: Antarctica|Helping Hand|p1a: Rosa Tubsman\n|-singleturn|p1a: Rosa Tubsman|Helping Hand|[of] p1b: Antarctica\n|move|p2b: Maushold|Beat Up|p2a: Annihilape\n|-damage|p2a: Annihilape|78\/100\n|-damage|p2a: Annihilape|77\/100\n|-hitcount|p2a: Annihilape|2\n|move|p2a: Annihilape|Rage Fist|p1a: Rosa Tubsman\n|-damage|p1a: Rosa Tubsman|66\/100\n|-damage|p2a: Annihilape|60\/100|[from] item: Rocky Helmet|[of] p1a: Rosa Tubsman\n|move|p1a: Rosa Tubsman|Heavy Slam|p2a: Annihilape\n|-crit|p2a: Annihilape\n|-damage|p2a: Annihilape|6\/100\n|\n|-weather|Snow|[upkeep]\n|-heal|p2a: Annihilape|12\/100|[from] item: Leftovers\n|upkeep\n|turn|10\n|\n|t:|1700997747\n|move|p2b: Maushold|Follow Me|p2b: Maushold\n|-singleturn|p2b: Maushold|move: Follow Me\n|move|p1b: Antarctica|Icy Wind|p2a: Annihilape|[spread] p2a,p2b\n|-damage|p2a: Annihilape|4\/100\n|-damage|p2b: Maushold|0 fnt\n|-unboost|p2a: Annihilape|spe|1\n|faint|p2b: Maushold\n|move|p2a: Annihilape|Drain Punch|p1b: Antarctica\n|-damage|p1b: Antarctica|68\/100\n|-heal|p2a: Annihilape|11\/100|[from] drain|[of] p1b: Antarctica\n|move|p1a: Rosa Tubsman|Heavy Slam|p2a: Annihilape\n|-damage|p2a: Annihilape|0 fnt\n|faint|p2a: Annihilape\n|\n|win|Chef204\n|raw|Chef204's rating: 1104 &rarr; <strong>1130<\/strong><br \/>(+26 for winning)\n|raw|ghvghghg's rating: 1115 &rarr; <strong>1089<\/strong><br \/>(-26 for losing)\n|l|\u2606ghvghghg\n","uploadtime":1700997766,"views":19,"p1id":"chef204","p2id":"ghvghghg","formatid":"gen9vgc2023regulatione","rating":1089,"private":0,"password":""}