{"id":"gen9vgc2023regulatione-1994096296","p1":"lorisaur","p2":"SicGatto","format":"[Gen 9] VGC 2023 Regulation E","log":"|j|\u2606lorisaur\n|j|\u2606SicGatto\n|n|\u2606lorisaur|lorisaur\n|n|\u2606SicGatto|sicgatto\n|html|View the match progress at <a href=\"\/game-bestof3-gen9vgc2023regulatione-1994094817\">game-bestof3-gen9vgc2023regulatione-1994094817<\/a>\n|t:|1700406336\n|gametype|doubles\n|player|p1|lorisaur|tate|\n|player|p2|SicGatto|169|\n|teamsize|p1|6\n|teamsize|p2|6\n|gen|9\n|tier|[Gen 9] VGC 2023 Regulation E\n|rule|Species Clause: Limit one of each Pok\u00e9mon\n|rule|Item Clause: Limit one of each item\n|clearpoke\n|poke|p1|Arcanine-Hisui, L50, F|\n|poke|p1|Ogerpon-Wellspring, L50, F|\n|poke|p1|Ursaluna-Bloodmoon, L50, M|\n|poke|p1|Cresselia, L50, F|\n|poke|p1|Rillaboom, L50, F|\n|poke|p1|Ninetales-Alola, L50, M|\n|poke|p2|Urshifu-*, L50, F|\n|poke|p2|Flutter Mane, L50|\n|poke|p2|Brambleghast, L50, M|\n|poke|p2|Chi-Yu, L50|\n|poke|p2|Tornadus, L50, M|\n|poke|p2|Gholdengo, L50|\n|teampreview|4\nSicGatto has agreed to open team sheets.\n|j| Drednaw N?\nlorisaur has agreed to open team sheets.\n|showteam|p1|Arcanine-Hisui||ChoiceBand|Intimidate|RockSlide,FlareBlitz,ExtremeSpeed,HeadSmash|||F|||50|,,,,,Normal]Ogerpon-Wellspring||WellspringMask|WaterAbsorb|IvyCudgel,WoodHammer,FollowMe,SpikyShield|||F|||50|,,,,,Water]Ursaluna-Bloodmoon||Leftovers|MindsEye|BloodMoon,EarthPower,CalmMind,Protect|||M|||50|,,,,,Ghost]Cresselia||RockyHelmet|Levitate|Moonblast,LunarBlessing,TrickRoom,SkillSwap|||F|||50|,,,,,Fairy]Rillaboom||AssaultVest|GrassySurge|FakeOut,WoodHammer,GrassyGlide,Uturn|||F|||50|,,,,,Fire]Ninetales-Alola||LightClay|SnowWarning|Blizzard,Moonblast,Encore,AuroraVeil|||M|||50|,,,,,Ghost\n|showteam|p2|Urshifu-Rapid-Strike||MysticWater|UnseenFist|SurgingStrikes,CloseCombat,AquaJet,Detect|||F|||50|,,,,,Water]Flutter Mane||BoosterEnergy|Protosynthesis|Moonblast,ShadowBall,DazzlingGleam,Protect||||||50|,,,,,Fairy]Brambleghast||FocusSash|WindRider|PowerWhip,Poltergeist,ShadowSneak,StrengthSap|||M|||50|,,,,,Ghost]Chi-Yu||LifeOrb|BeadsofRuin|DarkPulse,HeatWave,Overheat,Protect||||||50|,,,,,Ghost]Tornadus||CovertCloak|Prankster|BleakwindStorm,SunnyDay,Tailwind,Taunt|||M|||50|,,,,,Steel]Gholdengo||ChoiceSpecs|GoodasGold|MakeItRain,ShadowBall,Thunderbolt,SteelBeam||||||50|,,,,,Steel\n|\n|t:|1700406381\n|start\n|switch|p1a: Aylanda|Cresselia, L50, F|100\/100\n|switch|p1b: Berit|Ogerpon-Wellspring, L50, F|100\/100\n|switch|p2a: Tornadus|Tornadus, L50, M|100\/100\n|switch|p2b: Gholdengo|Gholdengo, L50|100\/100\n|turn|1\n|c|\u2606lorisaur|Ci sei?\n|\n|t:|1700406479\n|switch|p2b: Chi-Yu|Chi-Yu, L50|100\/100\n|-ability|p2b: Chi-Yu|Beads of Ruin\n|move|p2a: Tornadus|Taunt|p1a: Aylanda\n|-start|p1a: Aylanda|move: Taunt\n|move|p1b: Berit|Ivy Cudgel|p2b: Chi-Yu|[anim] Ivy Cudgel Water\n|-supereffective|p2b: Chi-Yu\n|-damage|p2b: Chi-Yu|0 fnt\n|faint|p2b: Chi-Yu\n|cant|p1a: Aylanda|move: Taunt|Trick Room\n|\n|upkeep\n|\n|t:|1700406496\n|switch|p2b: Bramble vest|Brambleghast, L50, M|100\/100\n|turn|2\n|\n|t:|1700406507\n|switch|p1b: Baudimon|Arcanine-Hisui, L50, F|100\/100\n|-ability|p1b: Baudimon|Intimidate|boost\n|-unboost|p2a: Tornadus|atk|1\n|-unboost|p2b: Bramble vest|atk|1\n|move|p2a: Tornadus|Tailwind|p2a: Tornadus\n|-sidestart|p2: SicGatto|move: Tailwind\n|-ability|p2b: Bramble vest|Wind Rider|boost\n|-boost|p2b: Bramble vest|atk|1\n|move|p2b: Bramble vest|Power Whip|p1b: Baudimon\n|-damage|p1b: Baudimon|37\/100\n|move|p1a: Aylanda|Moonblast|p2b: Bramble vest\n|-damage|p2b: Bramble vest|68\/100\n|\n|upkeep\n|turn|3\n|\n|t:|1700406544\n|move|p1b: Baudimon|Extreme Speed|p2a: Tornadus\n|-damage|p2a: Tornadus|63\/100\n|move|p2b: Bramble vest|Power Whip|p1b: Baudimon\n|-damage|p1b: Baudimon|0 fnt\n|faint|p1b: Baudimon\n|move|p2a: Tornadus|Bleakwind Storm|p1a: Aylanda\n|-crit|p1a: Aylanda\n|-damage|p1a: Aylanda|58\/100\n|move|p1a: Aylanda|Moonblast|p2b: Bramble vest\n|-damage|p2b: Bramble vest|37\/100\n|\n|-end|p1a: Aylanda|move: Taunt\n|upkeep\n|\n|t:|1700406552\n|switch|p1b: Berit|Ogerpon-Wellspring, L50, F|100\/100\n|turn|4\n|j| dracozoltommemerd\n|\n|t:|1700406573\n|move|p1b: Berit|Follow Me|p1b: Berit\n|-singleturn|p1b: Berit|move: Follow Me\n|move|p2a: Tornadus|Taunt|p1b: Berit\n|-start|p1b: Berit|move: Taunt\n|move|p2b: Bramble vest|Strength Sap|p1b: Berit\n|-unboost|p1b: Berit|atk|1\n|-heal|p2b: Bramble vest|100\/100\n|move|p1a: Aylanda|Trick Room|p1a: Aylanda\n|-fieldstart|move: Trick Room|[of] p1a: Aylanda\n|\n|upkeep\n|turn|5\n|j| DubiousVGC\n|\n|t:|1700406605\n|move|p1a: Aylanda|Moonblast|p2a: Tornadus\n|-damage|p2a: Tornadus|43\/100\n|move|p1b: Berit|Ivy Cudgel|p2a: Tornadus|[anim] Ivy Cudgel Water\n|-crit|p2a: Tornadus\n|-damage|p2a: Tornadus|0 fnt\n|faint|p2a: Tornadus\n|move|p2b: Bramble vest|Power Whip|p1a: Aylanda\n|-damage|p1a: Aylanda|22\/100\n|-damage|p2b: Bramble vest|84\/100|[from] item: Rocky Helmet|[of] p1a: Aylanda\n|\n|-sideend|p2: SicGatto|move: Tailwind\n|upkeep\n|\n|t:|1700406614\n|switch|p2a: Gholdengo|Gholdengo, L50|100\/100\n|turn|6\n|\n|t:|1700406681\n|move|p1a: Aylanda|Moonblast|p2b: Bramble vest\n|-damage|p2b: Bramble vest|54\/100\n|-unboost|p2b: Bramble vest|spa|1\n|move|p1b: Berit|Ivy Cudgel|p2a: Gholdengo|[anim] Ivy Cudgel Water\n|-damage|p2a: Gholdengo|65\/100\n|move|p2a: Gholdengo|Steel Beam|p1a: Aylanda\n|-damage|p1a: Aylanda|0 fnt\n|-damage|p2a: Gholdengo|15\/100|[from] steelbeam\n|faint|p1a: Aylanda\n|move|p2b: Bramble vest|Power Whip|p1b: Berit\n|-damage|p1b: Berit|45\/100\n|\n|upkeep\n|\n|t:|1700406686\n|switch|p1a: Albert|Ursaluna-Bloodmoon, L50, M|100\/100\n|turn|7\n|j| Matrix bug\n|\n|t:|1700406745\n|-terastallize|p2b: Bramble vest|Ghost\n|move|p2b: Bramble vest|Shadow Sneak|p1b: Berit\n|-damage|p1b: Berit|20\/100\n|move|p1a: Albert|Blood Moon|p2b: Bramble vest\n|-damage|p2b: Bramble vest|0 fnt\n|faint|p2b: Bramble vest\n|move|p1b: Berit|Ivy Cudgel|p2a: Gholdengo|[anim] Ivy Cudgel Water\n|-crit|p2a: Gholdengo\n|-damage|p2a: Gholdengo|0 fnt\n|faint|p2a: Gholdengo\n|\n|win|lorisaur\n|c|&|\/uhtml prompt-sicgatto,SicGatto is ready for game 3!\n|inactive|lorisaur has 50 seconds to confirm battle start!\n|c|&|\/uhtml prompt-lorisaur,lorisaur is ready for game 3!\nBoth players are ready! Starting next match!\n|l| dracozoltommemerd\n|l| Drednaw N?\n|l| DubiousVGC\n|l|\u2606lorisaur\n|l|\u2606SicGatto\n","uploadtime":1700406752,"views":27,"p1id":"lorisaur","p2id":"sicgatto","formatid":"gen9vgc2023regulatione","rating":0,"private":0,"password":""}