{"id":"gen9vgc2023regulatione-2000156210","p1":"dave44566","p2":"Lavey710","format":"[Gen 9] VGC 2023 Regulation E","log":"|j|\u2606dave44566\n|j|\u2606Lavey710\n|t:|1701164513\n|gametype|doubles\n|player|p1|dave44566|kukui|1213\n|player|p2|Lavey710|170|1315\n|teamsize|p1|6\n|teamsize|p2|6\n|gen|9\n|tier|[Gen 9] VGC 2023 Regulation E\n|rated|\n|rule|Species Clause: Limit one of each Pok\u00e9mon\n|rule|Item Clause: Limit one of each item\n|clearpoke\n|poke|p1|Ninetales-Alola, L50, F|\n|poke|p1|Baxcalibur, L50, F|\n|poke|p1|Iron Bundle, L50|\n|poke|p1|Dondozo, L50, M|\n|poke|p1|Tatsugiri, L50, F|\n|poke|p1|Raichu, L50, M|\n|poke|p2|Landorus-Therian, L50, M|\n|poke|p2|Tornadus, L50, M|\n|poke|p2|Rillaboom, L50, F|\n|poke|p2|Chien-Pao, L50|\n|poke|p2|Urshifu-*, L50, F|\n|poke|p2|Ogerpon-Hearthflame, L50, F|\n|teampreview|4\nLavey710 has agreed to open team sheets.\n|inactive|Battle timer is ON: inactive players will automatically lose when time's up. (requested by Lavey710)\n|inactive|Lavey710 has 60 seconds left.\n|\n|t:|1701164562\n|start\n|switch|p1a: Baxcalibur|Baxcalibur, L50, F|100\/100\n|switch|p1b: Raichu|Raichu, L50, M|100\/100\n|switch|p2a: Tornadus|Tornadus, L50, M|100\/100\n|switch|p2b: Urshifu|Urshifu-Rapid-Strike, L50, F|100\/100\n|turn|1\n|inactive|dave44566 has 30 seconds left.\n|inactive|Lavey710 has 30 seconds left.\n|inactive|Lavey710 has 20 seconds left.\n|inactive|Lavey710 has 15 seconds left.\n|inactive|Lavey710 has 10 seconds left.\n|inactive|Lavey710 has 5 seconds left.\n|\n|t:|1701164614\n|move|p1b: Raichu|Fake Out|p2b: Urshifu\n|-damage|p2b: Urshifu|91\/100\n|cant|p2b: Urshifu|flinch\n|move|p2a: Tornadus|Bleakwind Storm|p1a: Baxcalibur|[spread] p1b\n|-miss|p2a: Tornadus|p1a: Baxcalibur\n|-resisted|p1b: Raichu\n|-damage|p1b: Raichu|81\/100\n|move|p1a: Baxcalibur|Glaive Rush|p2b: Urshifu\n|-damage|p2b: Urshifu|14\/100\n|-singlemove|p1a: Baxcalibur|Glaive Rush|[silent]\n|\n|upkeep\n|turn|2\n|inactive|dave44566 has 30 seconds left.\n|inactive|Lavey710 has 30 seconds left.\n|inactive|dave44566 has 20 seconds left.\n|inactive|Lavey710 has 20 seconds left.\n|inactive|dave44566 has 15 seconds left.\n|inactive|Lavey710 has 15 seconds left.\n|\n|t:|1701164658\n|move|p1b: Raichu|Feint|p2b: Urshifu\n|-damage|p2b: Urshifu|7\/100\n|move|p2a: Tornadus|Tailwind|p2a: Tornadus\n|-sidestart|p2: Lavey710|move: Tailwind\n|move|p1a: Baxcalibur|Ice Shard|p2b: Urshifu\n|-resisted|p2b: Urshifu\n|-damage|p2b: Urshifu|0 fnt\n|faint|p2b: Urshifu\n|\n|upkeep\n|\n|t:|1701164667\n|switch|p2b: Chien-Pao|Chien-Pao, L50|100\/100\n|-ability|p2b: Chien-Pao|Sword of Ruin\n|turn|3\n|\n|t:|1701164692\n|-terastallize|p2b: Chien-Pao|Dark\n|move|p2b: Chien-Pao|Crunch|p1b: Raichu\n|-damage|p1b: Raichu|0 fnt\n|faint|p1b: Raichu\n|move|p2a: Tornadus|Bleakwind Storm|p1a: Baxcalibur\n|-damage|p1a: Baxcalibur|77\/100\n|move|p1a: Baxcalibur|Glaive Rush|p2b: Chien-Pao\n|-damage|p2b: Chien-Pao|6\/100\n|-singlemove|p1a: Baxcalibur|Glaive Rush|[silent]\n|\n|upkeep\n|\n|t:|1701164703\n|switch|p1b: Iron Bundle|Iron Bundle, L50|100\/100\n|-enditem|p1b: Iron Bundle|Booster Energy\n|-activate|p1b: Iron Bundle|ability: Quark Drive|[fromitem]\n|-start|p1b: Iron Bundle|quarkdrivespe\n|turn|4\n|inactive|Lavey710 has 30 seconds left.\n|\n|t:|1701164728\n|move|p2b: Chien-Pao|Sucker Punch|p1a: Baxcalibur\n|-damage|p1a: Baxcalibur|0 fnt\n|faint|p1a: Baxcalibur\n|move|p1b: Iron Bundle|Freeze-Dry|p2a: Tornadus\n|-supereffective|p2a: Tornadus\n|-damage|p2a: Tornadus|10\/100\n|-status|p2a: Tornadus|frz\n|-enditem|p2a: Tornadus|Sitrus Berry|[eat]\n|-heal|p2a: Tornadus|35\/100 frz|[from] item: Sitrus Berry\n|cant|p2a: Tornadus|frz\n|\n|upkeep\n|\n|t:|1701164741\n|switch|p1a: Ninetales|Ninetales-Alola, L50, F|100\/100\n|-weather|Snow|[from] ability: Snow Warning|[of] p1a: Ninetales\n|turn|5\n|\n|t:|1701164759\n|move|p1b: Iron Bundle|Protect|p1b: Iron Bundle\n|-singleturn|p1b: Iron Bundle|Protect\n|move|p2b: Chien-Pao|Crunch|p1b: Iron Bundle\n|-activate|p1b: Iron Bundle|move: Protect\n|cant|p2a: Tornadus|frz\n|move|p1a: Ninetales|Blizzard|p2b: Chien-Pao|[spread] p2a,p2b\n|-supereffective|p2a: Tornadus\n|-damage|p2a: Tornadus|0 fnt\n|-damage|p2b: Chien-Pao|0 fnt\n|faint|p2a: Tornadus\n|faint|p2b: Chien-Pao\n|\n|-weather|Snow|[upkeep]\n|-sideend|p2: Lavey710|move: Tailwind\n|upkeep\n|\n|t:|1701164761\n|switch|p2b: Ogerpon|Ogerpon-Hearthflame, L50, F|100\/100\n|-ability|p2b: Ogerpon|Mold Breaker\n|turn|6\n|\n|t:|1701164783\n|-terastallize|p1b: Iron Bundle|Ghost\n|move|p1b: Iron Bundle|Freeze-Dry|p2b: Ogerpon\n|-damage|p2b: Ogerpon|58\/100\n|move|p2b: Ogerpon|Horn Leech|p1b: Iron Bundle\n|-damage|p1b: Iron Bundle|36\/100\n|-heal|p2b: Ogerpon|86\/100|[from] drain|[of] p1b: Iron Bundle\n|move|p1a: Ninetales|Aurora Veil|p1a: Ninetales\n|-sidestart|p1: dave44566|move: Aurora Veil\n|\n|-weather|Snow|[upkeep]\n|upkeep\n|turn|7\n|\n|t:|1701164798\n|move|p1b: Iron Bundle|Hydro Pump|p2b: Ogerpon|[miss]\n|-miss|p1b: Iron Bundle|p2b: Ogerpon\n|move|p2b: Ogerpon|Horn Leech|p1b: Iron Bundle\n|-damage|p1b: Iron Bundle|0 fnt\n|-heal|p2b: Ogerpon|100\/100|[from] drain|[of] p1b: Iron Bundle\n|faint|p1b: Iron Bundle\n|-end|p1b: Iron Bundle|Quark Drive|[silent]\n|move|p1a: Ninetales|Blizzard|p2b: Ogerpon\n|-damage|p2b: Ogerpon|62\/100\n|-status|p2b: Ogerpon|frz\n|\n|-weather|Snow|[upkeep]\n|upkeep\n|turn|8\n|\n|t:|1701164811\n|cant|p2b: Ogerpon|frz\n|move|p1a: Ninetales|Blizzard|p2b: Ogerpon\n|-damage|p2b: Ogerpon|21\/100 frz\n|\n|-weather|Snow|[upkeep]\n|upkeep\n|turn|9\n|\n|t:|1701164816\n|cant|p2b: Ogerpon|frz\n|move|p1a: Ninetales|Blizzard|p2b: Ogerpon\n|-damage|p2b: Ogerpon|0 fnt\n|faint|p2b: Ogerpon\n|\n|win|dave44566\n|raw|dave44566's rating: 1213 &rarr; <strong>1245<\/strong><br \/>(+32 for winning)\n|raw|Lavey710's rating: 1315 &rarr; <strong>1289<\/strong><br \/>(-26 for losing)\n","uploadtime":1701164824,"views":4,"p1id":"dave44566","p2id":"lavey710","formatid":"gen9vgc2023regulatione","rating":1245,"private":0,"password":""}