{"id":"gen9vgc2023regulatione-1998972221","p1":"Teh Umby","p2":"deathbane98","format":"[Gen 9] VGC 2023 Regulation E","log":"|j|\u2606Teh Umby\n|j|\u2606deathbane98\n|n|\u2606Teh Umby|tehumby\n|n|\u2606deathbane98|deathbane98\n|html|View the match progress at <a href=\"\/game-bestof3-gen9vgc2023regulatione-1998967777\">game-bestof3-gen9vgc2023regulatione-1998967777<\/a>\n|t:|1701019372\n|gametype|doubles\n|player|p1|Teh Umby|clair|\n|player|p2|deathbane98|alder|\n|teamsize|p1|6\n|teamsize|p2|6\n|gen|9\n|tier|[Gen 9] VGC 2023 Regulation E\n|rule|Species Clause: Limit one of each Pok\u00e9mon\n|rule|Item Clause: Limit one of each item\n|clearpoke\n|poke|p1|Roaring Moon, L50|\n|poke|p1|Tinkaton, L50, F|\n|poke|p1|Thundurus-Therian, L50, M|\n|poke|p1|Inteleon, L50, M|\n|poke|p1|Stonjourner, L50, M|\n|poke|p1|Sinistcha, L50|\n|poke|p2|Bruxish, L50, F|\n|poke|p2|Urshifu-*, L50, F|\n|poke|p2|Kingambit, L50, F|\n|poke|p2|Volcarona, L50, M|\n|poke|p2|Maushold, L50|\n|poke|p2|Vikavolt, L50, M|\n|teampreview|4\nTeh Umby rejected open team sheets.\n|c|\u2606deathbane98|glhf\n|c|\u2606Teh Umby|You too\n|\n|t:|1701019501\n|start\n|switch|p1a: Tinkaton|Tinkaton, L50, F|100\/100\n|switch|p1b: Roaring Moon|Roaring Moon, L50|100\/100\n|switch|p2a: Family man|Maushold, L50, shiny|100\/100\n|switch|p2b: Looksmaxxer|Bruxish, L50, F, shiny|100\/100\n|-ability|p1a: Tinkaton|Mold Breaker\n|-enditem|p1b: Roaring Moon|Booster Energy\n|-activate|p1b: Roaring Moon|ability: Protosynthesis|[fromitem]\n|-start|p1b: Roaring Moon|protosynthesisspe\n|turn|1\n|\n|t:|1701019543\n|move|p2a: Family man|Protect|p2a: Family man\n|-singleturn|p2a: Family man|Protect\n|move|p2b: Looksmaxxer|Protect|p2b: Looksmaxxer\n|-singleturn|p2b: Looksmaxxer|Protect\n|move|p1a: Tinkaton|Fake Out|p2b: Looksmaxxer\n|-activate|p2b: Looksmaxxer|move: Protect\n|move|p1b: Roaring Moon|Knock Off|p2b: Looksmaxxer\n|-activate|p2b: Looksmaxxer|move: Protect\n|\n|upkeep\n|turn|2\n|\n|t:|1701019579\n|switch|p1a: Thundurus|Thundurus-Therian, L50, M|100\/100\n|-terastallize|p1b: Roaring Moon|Ground\n|move|p2a: Family man|Follow Me|p2a: Family man\n|-singleturn|p2a: Family man|move: Follow Me\n|move|p1b: Roaring Moon|Earthquake|p2a: Family man|[spread] p2a,p2b\n|-immune|p1a: Thundurus\n|-damage|p2a: Family man|49\/100\n|-damage|p2b: Looksmaxxer|47\/100\n|move|p2b: Looksmaxxer|Trick Room|p2b: Looksmaxxer\n|-fieldstart|move: Trick Room|[of] p2b: Looksmaxxer\n|\n|upkeep\n|turn|3\n|\n|t:|1701019611\n|-end|p1b: Roaring Moon|Protosynthesis|[silent]\n|switch|p1b: Tinkaton|Tinkaton, L50, F|100\/100\n|-ability|p1b: Tinkaton|Mold Breaker\n|move|p1a: Thundurus|Protect|p1a: Thundurus\n|-singleturn|p1a: Thundurus|Protect\n|move|p2b: Looksmaxxer|Wave Crash|p1b: Tinkaton\n|-damage|p1b: Tinkaton|42\/100\n|-damage|p2b: Looksmaxxer|29\/100|[from] Recoil\n|move|p2a: Family man|Population Bomb|p1a: Thundurus\n|-activate|p1a: Thundurus|move: Protect\n|\n|upkeep\n|turn|4\n|\n|t:|1701019635\n|switch|p1a: Stonjourner|Stonjourner, L50, M|100\/100\n|-item|p1a: Stonjourner|Air Balloon\n|move|p2b: Looksmaxxer|Protect|p2b: Looksmaxxer\n|-singleturn|p2b: Looksmaxxer|Protect\n|move|p1b: Tinkaton|Fake Out|p2b: Looksmaxxer\n|-activate|p2b: Looksmaxxer|move: Protect\n|move|p2a: Family man|Population Bomb|p1a: Stonjourner\n|-resisted|p1a: Stonjourner\n|-damage|p1a: Stonjourner|97\/100\n|-enditem|p1a: Stonjourner|Air Balloon\n|-resisted|p1a: Stonjourner\n|-damage|p1a: Stonjourner|94\/100\n|-resisted|p1a: Stonjourner\n|-damage|p1a: Stonjourner|91\/100\n|-resisted|p1a: Stonjourner\n|-damage|p1a: Stonjourner|88\/100\n|-resisted|p1a: Stonjourner\n|-damage|p1a: Stonjourner|85\/100\n|-resisted|p1a: Stonjourner\n|-crit|p1a: Stonjourner\n|-damage|p1a: Stonjourner|79\/100\n|-resisted|p1a: Stonjourner\n|-damage|p1a: Stonjourner|76\/100\n|-resisted|p1a: Stonjourner\n|-damage|p1a: Stonjourner|73\/100\n|-resisted|p1a: Stonjourner\n|-damage|p1a: Stonjourner|71\/100\n|-resisted|p1a: Stonjourner\n|-crit|p1a: Stonjourner\n|-damage|p1a: Stonjourner|66\/100\n|-hitcount|p1a: Stonjourner|10\n|\n|upkeep\n|turn|5\n|\n|t:|1701019711\n|move|p2b: Looksmaxxer|Wave Crash|p1a: Stonjourner\n|-supereffective|p1a: Stonjourner\n|-damage|p1a: Stonjourner|4\/100\n|-damage|p2b: Looksmaxxer|4\/100|[from] Recoil\n|move|p1a: Stonjourner|Rock Slide|p2a: Family man|[spread] p2b\n|-miss|p1a: Stonjourner|p2a: Family man\n|-crit|p2b: Looksmaxxer\n|-damage|p2b: Looksmaxxer|0 fnt\n|faint|p2b: Looksmaxxer\n|move|p1b: Tinkaton|Gigaton Hammer|p2a: Family man\n|-damage|p2a: Family man|0 fnt\n|faint|p2a: Family man\n|\n|upkeep\n|\n|t:|1701019717\n|switch|p2b: Skyfall|Urshifu, L50, F|100\/100\n|switch|p2a: Here comes the sun|Volcarona, L50, M, shiny|100\/100\n|turn|6\n|\n|t:|1701019742\n|switch|p1b: Thundurus|Thundurus-Therian, L50, M|100\/100\n|move|p2b: Skyfall|Wicked Blow|p1a: Stonjourner\n|-crit|p1a: Stonjourner\n|-damage|p1a: Stonjourner|0 fnt\n|faint|p1a: Stonjourner\n|move|p2a: Here comes the sun|Heat Wave|p1b: Thundurus\n|-damage|p1b: Thundurus|23\/100\n|\n|-fieldend|move: Trick Room\n|upkeep\n|\n|t:|1701019756\n|switch|p1a: Roaring Moon|Roaring Moon, L50, tera:Ground|100\/100\n|turn|7\n|\n|t:|1701019799\n|switch|p1b: Tinkaton|Tinkaton, L50, F|42\/100\n|-ability|p1b: Tinkaton|Mold Breaker\n|-terastallize|p2b: Skyfall|Dark\n|move|p2b: Skyfall|Sucker Punch|p1a: Roaring Moon\n|-damage|p1a: Roaring Moon|30\/100\n|move|p1a: Roaring Moon|Acrobatics|p2b: Skyfall\n|-damage|p2b: Skyfall|66\/100\n|move|p2a: Here comes the sun|Heat Wave|p1b: Tinkaton|[spread] p1a,p1b\n|-supereffective|p1b: Tinkaton\n|-damage|p1a: Roaring Moon|0 fnt\n|-damage|p1b: Tinkaton|0 fnt\n|faint|p1a: Roaring Moon\n|-end|p1a: Roaring Moon|Protosynthesis|[silent]\n|faint|p1b: Tinkaton\n|\n|upkeep\n|c|\u2606deathbane98|gg\n|c|\u2606Teh Umby|gg\n|\n|t:|1701019814\n|switch|p1b: Thundurus|Thundurus-Therian, L50, M|23\/100\n|turn|8\n|\n|t:|1701019822\n|move|p2a: Here comes the sun|Rage Powder|p2a: Here comes the sun\n|-singleturn|p2a: Here comes the sun|move: Rage Powder\n|move|p2b: Skyfall|Sucker Punch|p1b: Thundurus\n|-damage|p1b: Thundurus|0 fnt\n|faint|p1b: Thundurus\n|\n|win|deathbane98\n|c|\u2606deathbane98|so I just get the replays same as le=ast season?\n|c|\u2606deathbane98|*last season\n|c|\u2606Teh Umby|Yup yup. And if you don't, I've got the links I can send you\n|c|\u2606deathbane98|ahh ok ty, ill get on it now and then send you the paste\n|l|\u2606Teh Umby\n","uploadtime":1701019829,"views":13,"p1id":"tehumby","p2id":"deathbane98","formatid":"gen9vgc2023regulatione","rating":0,"private":0,"password":""}