{"id":"gen9vgc2023regulatione-1999557755","p1":"EnterTheMoanZone","p2":"sessoconnani","format":"[Gen 9] VGC 2023 Regulation E","log":"|j|\u2606EnterTheMoanZone\n|j|\u2606sessoconnani\n|t:|1701095943\n|gametype|doubles\n|player|p1|EnterTheMoanZone|caitlin|1261\n|player|p2|sessoconnani|266|1224\n|teamsize|p1|6\n|teamsize|p2|6\n|gen|9\n|tier|[Gen 9] VGC 2023 Regulation E\n|rated|\n|rule|Species Clause: Limit one of each Pok\u00e9mon\n|rule|Item Clause: Limit one of each item\n|clearpoke\n|poke|p1|Roaring Moon, L50|\n|poke|p1|Arcanine-Hisui, L50, F|\n|poke|p1|Rillaboom, L50, F|\n|poke|p1|Weezing, L50, M|\n|poke|p1|Clefairy, L50, M|\n|poke|p1|Iron Valiant, L50|\n|poke|p2|Flutter Mane, L50|\n|poke|p2|Chi-Yu, L50|\n|poke|p2|Iron Hands, L50|\n|poke|p2|Ogerpon-Wellspring, L50, F|\n|poke|p2|Tornadus, L50, M|\n|poke|p2|Landorus-Therian, L50, M|\n|teampreview|4\n|inactive|Battle timer is ON: inactive players will automatically lose when time's up. (requested by EnterTheMoanZone)\n|inactive|EnterTheMoanZone has 60 seconds left.\n|inactive|EnterTheMoanZone has 30 seconds left.\n|inactive|EnterTheMoanZone has 20 seconds left.\n|inactive|EnterTheMoanZone has 15 seconds left.\n|inactive|EnterTheMoanZone has 10 seconds left.\n|inactive|EnterTheMoanZone has 5 seconds left.\n|\n|t:|1701096064\n|start\n|switch|p1a: Arcanine|Arcanine-Hisui, L50, F|100\/100\n|switch|p1b: Roaring Moon|Roaring Moon, L50|100\/100\n|switch|p2a: Landorus|Landorus-Therian, L50, M|100\/100\n|switch|p2b: Iron Hands|Iron Hands, L50|100\/100\n|-ability|p1a: Arcanine|Intimidate|boost\n|-unboost|p2a: Landorus|atk|1\n|-unboost|p2b: Iron Hands|atk|1\n|-ability|p2a: Landorus|Intimidate|boost\n|-unboost|p1a: Arcanine|atk|1\n|-unboost|p1b: Roaring Moon|atk|1\n|-enditem|p1b: Roaring Moon|Booster Energy\n|-activate|p1b: Roaring Moon|ability: Protosynthesis|[fromitem]\n|-start|p1b: Roaring Moon|protosynthesisspe\n|turn|1\n|inactive|EnterTheMoanZone has 30 seconds left.\n|inactive|sessoconnani has 30 seconds left.\n|\n|t:|1701096094\n|switch|p1a: Weezing|Weezing, L50, M|100\/100\n|-ability|p1a: Weezing|Neutralizing Gas\n|move|p1b: Roaring Moon|Protect|p1b: Roaring Moon\n|-singleturn|p1b: Roaring Moon|Protect\n|move|p2b: Iron Hands|Fake Out|p1b: Roaring Moon\n|-activate|p1b: Roaring Moon|move: Protect\n|move|p2a: Landorus|U-turn|p1a: Weezing\n|-resisted|p1a: Weezing\n|-damage|p1a: Weezing|92\/100\n|-damage|p2a: Landorus|91\/100|[from] item: Life Orb\n|\n|t:|1701096103\n|switch|p2a: Tornadus|Tornadus, L50, M|100\/100|[from] U-turn\n|\n|upkeep\n|turn|2\n|\n|t:|1701096113\n|move|p1b: Roaring Moon|Tailwind|p1b: Roaring Moon\n|-sidestart|p1: EnterTheMoanZone|move: Tailwind\n|move|p1a: Weezing|Taunt|p2a: Tornadus\n|-start|p2a: Tornadus|move: Taunt\n|cant|p2a: Tornadus|move: Taunt|Taunt\n|move|p2b: Iron Hands|Drain Punch|p1b: Roaring Moon\n|-supereffective|p1b: Roaring Moon\n|-damage|p1b: Roaring Moon|34\/100\n|\n|upkeep\n|turn|3\n|inactive|EnterTheMoanZone has 30 seconds left.\n|inactive|EnterTheMoanZone has 20 seconds left.\n|inactive|EnterTheMoanZone has 15 seconds left.\n|\n|t:|1701096158\n|-terastallize|p1b: Roaring Moon|Flying\n|move|p1b: Roaring Moon|Acrobatics|p2a: Tornadus\n|-damage|p2a: Tornadus|46\/100\n|move|p1a: Weezing|Will-O-Wisp|p2b: Iron Hands\n|-status|p2b: Iron Hands|brn\n|move|p2a: Tornadus|Icy Wind|p1b: Roaring Moon|[spread] p1a,p1b\n|-supereffective|p1b: Roaring Moon\n|-damage|p1a: Weezing|79\/100\n|-damage|p1b: Roaring Moon|9\/100\n|-unboost|p1a: Weezing|spe|1\n|-unboost|p1b: Roaring Moon|spe|1\n|move|p2b: Iron Hands|Volt Switch|p1a: Weezing\n|-damage|p1a: Weezing|64\/100\n|\n|t:|1701096174\n|-end|p2b: Iron Hands|Quark Drive|[silent]\n|switch|p2b: Landorus|Landorus-Therian, L50, M|91\/100|[from] Volt Switch\n|\n|upkeep\n|turn|4\n|inactive|EnterTheMoanZone has 30 seconds left.\n|\n|t:|1701096208\n|switch|p2b: Iron Hands|Iron Hands, L50|100\/100 brn\n|move|p1b: Roaring Moon|Acrobatics|p2a: Tornadus\n|-damage|p2a: Tornadus|0 fnt\n|faint|p2a: Tornadus\n|move|p1a: Weezing|Will-O-Wisp|p2b: Iron Hands\n|-fail|p2b: Iron Hands|brn\n|\n|-damage|p2b: Iron Hands|94\/100 brn|[from] brn\n|upkeep\n|\n|t:|1701096229\n|switch|p2a: Landorus|Landorus-Therian, L50, M|91\/100\n|turn|5\n|inactive|EnterTheMoanZone has 30 seconds left.\n|\n|t:|1701096257\n|-end|p1b: Roaring Moon|Protosynthesis|[silent]\n|switch|p1b: Arcanine|Arcanine-Hisui, L50, F|100\/100\n|move|p2a: Landorus|Protect|p2a: Landorus\n|-singleturn|p2a: Landorus|Protect\n|move|p1a: Weezing|Protect|p1a: Weezing\n|-singleturn|p1a: Weezing|Protect\n|move|p2b: Iron Hands|Wild Charge|p1b: Arcanine\n|-damage|p1b: Arcanine|70\/100\n|-damage|p2b: Iron Hands|89\/100 brn|[from] Recoil\n|\n|-damage|p2b: Iron Hands|83\/100 brn|[from] brn\n|-sideend|p1: EnterTheMoanZone|move: Tailwind\n|upkeep\n|turn|6\n|inactive|EnterTheMoanZone has 30 seconds left.\n|inactive|sessoconnani has 30 seconds left.\n|inactive|EnterTheMoanZone has 20 seconds left.\n|inactive|EnterTheMoanZone has 15 seconds left.\n|\n|t:|1701096299\n|switch|p1b: Rillaboom|Rillaboom, L50, F|100\/100\n|-end|p1a: Weezing|ability: Neutralizing Gas\n|-ability|p2a: Landorus|Intimidate|boost\n|-unboost|p1a: Weezing|atk|1\n|-unboost|p1b: Rillaboom|atk|1\n|-fieldstart|move: Grassy Terrain|[from] ability: Grassy Surge|[of] p1b: Rillaboom\n|switch|p1a: Roaring Moon|Roaring Moon, L50, tera:Flying|9\/100\n|move|p2a: Landorus|Stomping Tantrum|p1a: Roaring Moon\n|-immune|p1a: Roaring Moon\n|move|p2b: Iron Hands|Volt Switch|p1b: Rillaboom\n|-resisted|p1b: Rillaboom\n|-damage|p1b: Rillaboom|95\/100\n|\n|t:|1701096307\n|-end|p2b: Iron Hands|Quark Drive|[silent]\n|switch|p2b: Flutter Mane|Flutter Mane, L50|100\/100|[from] Volt Switch\n|\n|-heal|p1b: Rillaboom|100\/100|[from] Grassy Terrain\n|upkeep\n|turn|7\n|inactive|EnterTheMoanZone has 30 seconds left.\n|inactive|sessoconnani has 30 seconds left.\n|inactive|EnterTheMoanZone has 20 seconds left.\n|inactive|EnterTheMoanZone has 15 seconds left.\n|\n|t:|1701096348\n|-terastallize|p2b: Flutter Mane|Fairy\n|move|p1a: Roaring Moon|Protect|p1a: Roaring Moon\n|-singleturn|p1a: Roaring Moon|Protect\n|move|p2b: Flutter Mane|Dazzling Gleam|p1b: Rillaboom|[spread] p1b\n|-activate|p1a: Roaring Moon|move: Protect\n|-damage|p1b: Rillaboom|53\/100\n|move|p2a: Landorus|U-turn|p1b: Rillaboom\n|-supereffective|p1b: Rillaboom\n|-damage|p1b: Rillaboom|0 fnt\n|faint|p1b: Rillaboom\n|-damage|p2a: Landorus|81\/100|[from] item: Life Orb\n|\n|t:|1701096360\n|switch|p2a: Iron Hands|Iron Hands, L50|83\/100 brn|[from] U-turn\n|\n|-heal|p2a: Iron Hands|89\/100 brn|[from] Grassy Terrain\n|-damage|p2a: Iron Hands|83\/100 brn|[from] brn\n|upkeep\n|\n|t:|1701096369\n|switch|p1b: Arcanine|Arcanine-Hisui, L50, F|70\/100\n|-ability|p1b: Arcanine|Intimidate|boost\n|-unboost|p2a: Iron Hands|atk|1\n|-unboost|p2b: Flutter Mane|atk|1\n|turn|8\n|inactive|EnterTheMoanZone has 30 seconds left.\n|\n|t:|1701096403\n|-end|p1a: Roaring Moon|Protosynthesis|[silent]\n|switch|p1a: Weezing|Weezing, L50, M|64\/100\n|-ability|p1a: Weezing|Neutralizing Gas\n|move|p2a: Iron Hands|Fake Out|p1b: Arcanine\n|-resisted|p1b: Arcanine\n|-damage|p1b: Arcanine|68\/100\n|cant|p1b: Arcanine|flinch\n|move|p2b: Flutter Mane|Dazzling Gleam|p1a: Weezing|[spread] p1a,p1b\n|-resisted|p1a: Weezing\n|-resisted|p1b: Arcanine\n|-damage|p1a: Weezing|30\/100\n|-damage|p1b: Arcanine|29\/100\n|-enditem|p1a: Weezing|Sitrus Berry|[eat]\n|-heal|p1a: Weezing|56\/100|[from] item: Sitrus Berry\n|\n|-heal|p1b: Arcanine|36\/100|[from] Grassy Terrain\n|-heal|p1a: Weezing|62\/100|[from] Grassy Terrain\n|-heal|p2a: Iron Hands|89\/100 brn|[from] Grassy Terrain\n|-damage|p2a: Iron Hands|83\/100 brn|[from] brn\n|upkeep\n|turn|9\n|inactive|EnterTheMoanZone has 30 seconds left.\n|inactive|sessoconnani has 30 seconds left.\n|inactive|EnterTheMoanZone has 20 seconds left.\n|inactive|EnterTheMoanZone has 15 seconds left.\n|inactive|EnterTheMoanZone has 10 seconds left.\n|inactive|sessoconnani has 20 seconds left.\n|inactive|sessoconnani has 15 seconds left.\n|inactive|sessoconnani has 10 seconds left.\n|\n|t:|1701096459\n|-end|p2b: Flutter Mane|Protosynthesis|[silent]\n|switch|p2b: Landorus|Landorus-Therian, L50, M|81\/100\n|move|p1b: Arcanine|Flare Blitz|p2b: Landorus\n|-damage|p2b: Landorus|1\/100\n|-damage|p1b: Arcanine|11\/100|[from] Recoil\n|move|p1a: Weezing|Gunk Shot|p2b: Landorus\n|-resisted|p2b: Landorus\n|-damage|p2b: Landorus|0 fnt\n|faint|p2b: Landorus\n|move|p2a: Iron Hands|Volt Switch|p1a: Weezing\n|-crit|p1a: Weezing\n|-damage|p1a: Weezing|41\/100\n|\n|t:|1701096474\n|-end|p2a: Iron Hands|Quark Drive|[silent]\n|switch|p2a: Flutter Mane|Flutter Mane, L50, tera:Fairy|100\/100|[from] Volt Switch\n|\n|-heal|p1b: Arcanine|17\/100|[from] Grassy Terrain\n|-heal|p1a: Weezing|47\/100|[from] Grassy Terrain\n|upkeep\n|\n|t:|1701096476\n|switch|p2b: Iron Hands|Iron Hands, L50|83\/100 brn\n|turn|10\n|inactive|EnterTheMoanZone has 30 seconds left.\n|inactive|EnterTheMoanZone has 20 seconds left.\n|inactive|EnterTheMoanZone has 15 seconds left.\n|inactive|EnterTheMoanZone has 10 seconds left.\n|inactive|EnterTheMoanZone has 5 seconds left.\n|\n|t:|1701096529\n|move|p2b: Iron Hands|Fake Out|p1a: Weezing\n|-damage|p1a: Weezing|41\/100\n|move|p1b: Arcanine|Flare Blitz|p2a: Flutter Mane\n|-damage|p2a: Flutter Mane|0 fnt\n|faint|p2a: Flutter Mane\n|-end|p2a: Flutter Mane|Protosynthesis|[silent]\n|-damage|p1b: Arcanine|0 fnt|[from] Recoil\n|faint|p1b: Arcanine\n|cant|p1a: Weezing|flinch\n|\n|-heal|p1a: Weezing|47\/100|[from] Grassy Terrain\n|-heal|p2b: Iron Hands|89\/100 brn|[from] Grassy Terrain\n|-damage|p2b: Iron Hands|83\/100 brn|[from] brn\n|-fieldend|move: Grassy Terrain\n|upkeep\n|\n|t:|1701096544\n|switch|p1b: Roaring Moon|Roaring Moon, L50, tera:Flying|9\/100\n|turn|11\n|\n|t:|1701096551\n|move|p1b: Roaring Moon|Protect|p1b: Roaring Moon\n|-singleturn|p1b: Roaring Moon|Protect\n|move|p1a: Weezing|Gunk Shot|p2b: Iron Hands\n|-damage|p2b: Iron Hands|59\/100 brn\n|move|p2b: Iron Hands|Wild Charge|p1b: Roaring Moon\n|-activate|p1b: Roaring Moon|move: Protect\n|\n|-damage|p2b: Iron Hands|53\/100 brn|[from] brn\n|upkeep\n|turn|12\n|\n|t:|1701096567\n|move|p1b: Roaring Moon|Acrobatics|p2b: Iron Hands\n|-damage|p2b: Iron Hands|18\/100 brn\n|move|p1a: Weezing|Gunk Shot|p2b: Iron Hands\n|-damage|p2b: Iron Hands|0 fnt\n|faint|p2b: Iron Hands\n|-end|p2b: Iron Hands|Quark Drive|[silent]\n|\n|win|EnterTheMoanZone\n|raw|EnterTheMoanZone's rating: 1261 &rarr; <strong>1283<\/strong><br \/>(+22 for winning)\n|raw|sessoconnani's rating: 1224 &rarr; <strong>1202<\/strong><br \/>(-22 for losing)\n","uploadtime":1701096578,"views":5,"p1id":"enterthemoanzone","p2id":"sessoconnani","formatid":"gen9vgc2023regulatione","rating":1202,"private":0,"password":""}