{"id":"gen9vgc2023regulatione-1993131308","p1":"exigency","p2":"charlie55555","format":"[Gen 9] VGC 2023 Regulation E","log":"|j|\u2606exigency\n|j|\u2606charlie55555\n|t:|1700268455\n|gametype|doubles\n|player|p1|exigency|scientist-gen4|1079\n|player|p2|charlie55555|101|1086\n|teamsize|p1|6\n|teamsize|p2|6\n|gen|9\n|tier|[Gen 9] VGC 2023 Regulation E\n|rated|\n|rule|Species Clause: Limit one of each Pok\u00e9mon\n|rule|Item Clause: Limit one of each item\n|clearpoke\n|poke|p1|Arcanine-Hisui, L50, M|\n|poke|p1|Gastrodon, L50, F|\n|poke|p1|Rillaboom, L50, M|\n|poke|p1|Gholdengo, L50|\n|poke|p1|Roaring Moon, L50|\n|poke|p1|Okidogi, L50, M|\n|poke|p2|Zapdos, L50|\n|poke|p2|Mamoswine, L50, F|\n|poke|p2|Ludicolo, L50, F|\n|poke|p2|Politoed, L50, F|\n|poke|p2|Salamence, L50, M|\n|poke|p2|Heatran, L50, F|\n|teampreview|4\n|inactive|Battle timer is ON: inactive players will automatically lose when time's up. (requested by charlie55555)\nexigency has agreed to open team sheets.\n|inactive|exigency has 60 seconds left.\n|inactive|exigency has 30 seconds left.\n|\n|t:|1700268518\n|start\n|switch|p1a: Roaring Moon|Roaring Moon, L50|100\/100\n|switch|p1b: Okidogi|Okidogi, L50, M|100\/100\n|switch|p2a: Salamence|Salamence, L50, M|100\/100\n|switch|p2b: Heatran|Heatran, L50, F|100\/100\n|-ability|p2a: Salamence|Intimidate|boost\n|-unboost|p1a: Roaring Moon|atk|1\n|-ability|p1b: Okidogi|Guard Dog|boost\n|-boost|p1b: Okidogi|atk|1\n|-enditem|p1a: Roaring Moon|Booster Energy\n|-activate|p1a: Roaring Moon|ability: Protosynthesis|[fromitem]\n|-start|p1a: Roaring Moon|protosynthesisspe\n|turn|1\n|\n|t:|1700268542\n|-terastallize|p1b: Okidogi|Fairy\n|-terastallize|p2b: Heatran|Fairy\n|move|p1a: Roaring Moon|Tailwind|p1a: Roaring Moon\n|-sidestart|p1: exigency|move: Tailwind\n|move|p1b: Okidogi|Bulk Up|p1b: Okidogi\n|-boost|p1b: Okidogi|atk|1\n|-boost|p1b: Okidogi|def|1\n|move|p2a: Salamence|Hurricane|p1b: Okidogi\n|-damage|p1b: Okidogi|61\/100\n|-start|p1b: Okidogi|confusion\n|move|p2b: Heatran|Earth Power|p1b: Okidogi\n|-damage|p1b: Okidogi|38\/100\n|-enditem|p1b: Okidogi|Sitrus Berry|[eat]\n|-heal|p1b: Okidogi|63\/100|[from] item: Sitrus Berry\n|\n|upkeep\n|turn|2\n|\n|t:|1700268564\n|move|p1a: Roaring Moon|Breaking Swipe|p2b: Heatran|[spread] p2a\n|-immune|p2b: Heatran\n|-supereffective|p2a: Salamence\n|-damage|p2a: Salamence|70\/100\n|-unboost|p2a: Salamence|atk|1\n|-activate|p1b: Okidogi|confusion\n|move|p1b: Okidogi|Gunk Shot|p2b: Heatran|[miss]\n|-miss|p1b: Okidogi|p2b: Heatran\n|move|p2a: Salamence|Tailwind|p2a: Salamence\n|-sidestart|p2: charlie55555|move: Tailwind\n|move|p2b: Heatran|Heat Wave|p1b: Okidogi|[spread] p1a,p1b\n|-resisted|p1a: Roaring Moon\n|-damage|p1a: Roaring Moon|84\/100\n|-damage|p1b: Okidogi|33\/100\n|\n|upkeep\n|turn|3\n|inactive|charlie55555 has 30 seconds left.\n|\n|t:|1700268590\n|move|p2b: Heatran|Protect|p2b: Heatran\n|-singleturn|p2b: Heatran|Protect\n|move|p1a: Roaring Moon|Knock Off|p2a: Salamence\n|-damage|p2a: Salamence|37\/100\n|-enditem|p2a: Salamence|Sitrus Berry|[from] move: Knock Off|[of] p1a: Roaring Moon\n|move|p2a: Salamence|Flamethrower|p1b: Okidogi\n|-damage|p1b: Okidogi|12\/100\n|-activate|p1b: Okidogi|confusion\n|move|p1b: Okidogi|Gunk Shot|p2a: Salamence|[miss]\n|-miss|p1b: Okidogi|p2a: Salamence\n|\n|upkeep\n|turn|4\n|inactive|exigency has 30 seconds left.\n|inactive|exigency has 20 seconds left.\n|\n|t:|1700268626\n|switch|p2b: Zapdos|Zapdos, L50|100\/100\n|-activate|p1b: Okidogi|confusion\n|move|p1b: Okidogi|Protect|p1b: Okidogi\n|-singleturn|p1b: Okidogi|Protect\n|move|p1a: Roaring Moon|Knock Off|p2b: Zapdos\n|-damage|p2b: Zapdos|72\/100\n|-damage|p1a: Roaring Moon|68\/100|[from] item: Rocky Helmet|[of] p2b: Zapdos\n|-status|p1a: Roaring Moon|par|[from] ability: Static|[of] p2b: Zapdos\n|-enditem|p2b: Zapdos|Rocky Helmet|[from] move: Knock Off|[of] p1a: Roaring Moon\n|move|p2a: Salamence|Flamethrower|p1b: Okidogi\n|-activate|p1b: Okidogi|move: Protect\n|\n|-sideend|p1: exigency|move: Tailwind\n|upkeep\n|turn|5\n|inactive|exigency has 30 seconds left.\n|\n|t:|1700268654\n|move|p2a: Salamence|Flamethrower|p1b: Okidogi\n|-damage|p1b: Okidogi|0 fnt\n|faint|p1b: Okidogi\n|move|p2b: Zapdos|Volt Switch|p1a: Roaring Moon\n|-resisted|p1a: Roaring Moon\n|-damage|p1a: Roaring Moon|53\/100 par\n|\n|t:|1700268660\n|switch|p2b: Heatran|Heatran, L50, F, tera:Fairy|100\/100|[from] Volt Switch\n|cant|p1a: Roaring Moon|par\n|\n|-sideend|p2: charlie55555|move: Tailwind\n|upkeep\n|\n|t:|1700268667\n|switch|p1b: Rillaboom|Rillaboom, L50, M|100\/100\n|-fieldstart|move: Grassy Terrain|[from] ability: Grassy Surge|[of] p1b: Rillaboom\n|turn|6\n|\n|t:|1700268675\n|move|p1b: Rillaboom|Fake Out|p2b: Heatran\n|-damage|p2b: Heatran|90\/100\n|move|p2a: Salamence|Tailwind|p2a: Salamence\n|-sidestart|p2: charlie55555|move: Tailwind\n|cant|p2b: Heatran|flinch\n|move|p1a: Roaring Moon|Tailwind|p1a: Roaring Moon\n|-sidestart|p1: exigency|move: Tailwind\n|\n|-heal|p1a: Roaring Moon|59\/100 par|[from] Grassy Terrain\n|-heal|p2b: Heatran|96\/100|[from] Grassy Terrain\n|-heal|p2b: Heatran|100\/100|[from] item: Leftovers\n|upkeep\n|turn|7\n|inactive|exigency has 30 seconds left.\n|\n|t:|1700268703\n|switch|p2a: Zapdos|Zapdos, L50|72\/100\n|move|p1b: Rillaboom|Grassy Glide|p2a: Zapdos\n|-resisted|p2a: Zapdos\n|-damage|p2a: Zapdos|56\/100\n|-status|p1b: Rillaboom|par|[from] ability: Static|[of] p2a: Zapdos\n|move|p1a: Roaring Moon|Breaking Swipe|p2a: Zapdos|[spread] p2a\n|-immune|p2b: Heatran\n|-damage|p2a: Zapdos|42\/100\n|-unboost|p2a: Zapdos|atk|1\n|move|p2b: Heatran|Substitute|p2b: Heatran\n|-start|p2b: Heatran|Substitute\n|-damage|p2b: Heatran|76\/100\n|\n|-heal|p1a: Roaring Moon|65\/100 par|[from] Grassy Terrain\n|-heal|p2b: Heatran|81\/100|[from] Grassy Terrain\n|-heal|p2b: Heatran|87\/100|[from] item: Leftovers\n|upkeep\n|turn|8\n|inactive|exigency has 30 seconds left.\n|\n|t:|1700268731\n|move|p1b: Rillaboom|Grassy Glide|p2b: Heatran\n|-end|p2b: Heatran|Substitute\n|move|p2a: Zapdos|Hurricane|p1b: Rillaboom|[miss]\n|-miss|p2a: Zapdos|p1b: Rillaboom\n|move|p1a: Roaring Moon|Knock Off|p2b: Heatran\n|-resisted|p2b: Heatran\n|-damage|p2b: Heatran|73\/100\n|-enditem|p2b: Heatran|Leftovers|[from] move: Knock Off|[of] p1a: Roaring Moon\n|move|p2b: Heatran|Heat Wave|p1a: Roaring Moon|[spread] p1b\n|-miss|p2b: Heatran|p1a: Roaring Moon\n|-supereffective|p1b: Rillaboom\n|-damage|p1b: Rillaboom|53\/100 par\n|\n|-heal|p1a: Roaring Moon|71\/100 par|[from] Grassy Terrain\n|-heal|p2b: Heatran|79\/100|[from] Grassy Terrain\n|-heal|p1b: Rillaboom|59\/100 par|[from] Grassy Terrain\n|upkeep\n|turn|9\n|inactive|exigency has 30 seconds left.\n|inactive|exigency has 20 seconds left.\n|inactive|exigency has 15 seconds left.\n|inactive|exigency has 10 seconds left.\n|\n|t:|1700268778\n|switch|p2a: Salamence|Salamence, L50, M|37\/100\n|-ability|p2a: Salamence|Intimidate|boost\n|-unboost|p1a: Roaring Moon|atk|1\n|-unboost|p1b: Rillaboom|atk|1\n|move|p1b: Rillaboom|Grassy Glide|p2b: Heatran\n|-damage|p2b: Heatran|60\/100\n|move|p1a: Roaring Moon|Knock Off|p2b: Heatran\n|-resisted|p2b: Heatran\n|-crit|p2b: Heatran\n|-damage|p2b: Heatran|41\/100\n|move|p2b: Heatran|Heat Wave|p1b: Rillaboom|[spread] p1a,p1b\n|-resisted|p1a: Roaring Moon\n|-supereffective|p1b: Rillaboom\n|-damage|p1a: Roaring Moon|53\/100 par\n|-damage|p1b: Rillaboom|6\/100 par\n|\n|-heal|p1a: Roaring Moon|59\/100 par|[from] Grassy Terrain\n|-heal|p2b: Heatran|47\/100|[from] Grassy Terrain\n|-heal|p1b: Rillaboom|12\/100 par|[from] Grassy Terrain\n|-sideend|p2: charlie55555|move: Tailwind\n|-sideend|p1: exigency|move: Tailwind\n|upkeep\n|turn|10\n|inactive|exigency has 30 seconds left.\n|inactive|exigency has 20 seconds left.\n|inactive|exigency has 15 seconds left.\n|inactive|exigency has 10 seconds left.\n|inactive|exigency has 5 seconds left.\n|\n|t:|1700268830\n|cant|p1b: Rillaboom|par\n|move|p2a: Salamence|Flamethrower|p1b: Rillaboom\n|-supereffective|p1b: Rillaboom\n|-damage|p1b: Rillaboom|0 fnt\n|faint|p1b: Rillaboom\n|move|p1a: Roaring Moon|Breaking Swipe|p2b: Heatran|[spread] p2a\n|-immune|p2b: Heatran\n|-supereffective|p2a: Salamence\n|-damage|p2a: Salamence|13\/100\n|-unboost|p2a: Salamence|atk|1\n|move|p2b: Heatran|Substitute|p2b: Heatran\n|-start|p2b: Heatran|Substitute\n|-damage|p2b: Heatran|22\/100\n|\n|-heal|p1a: Roaring Moon|65\/100 par|[from] Grassy Terrain\n|-heal|p2b: Heatran|27\/100|[from] Grassy Terrain\n|-fieldend|move: Grassy Terrain\n|upkeep\n|\n|t:|1700268838\n|switch|p1b: Gastrodon|Gastrodon, L50, F, shiny|100\/100\n|turn|11\n|\n|t:|1700268859\n|move|p2b: Heatran|Protect|p2b: Heatran\n|-singleturn|p2b: Heatran|Protect\n|move|p2a: Salamence|Tailwind|p2a: Salamence\n|-sidestart|p2: charlie55555|move: Tailwind\n|cant|p1a: Roaring Moon|par\n|move|p1b: Gastrodon|Ice Beam|p2a: Salamence\n|-supereffective|p2a: Salamence\n|-damage|p2a: Salamence|0 fnt\n|faint|p2a: Salamence\n|\n|upkeep\n|\n|t:|1700268868\n|switch|p2a: Zapdos|Zapdos, L50|42\/100\n|turn|12\n|\n|t:|1700268890\n|move|p2a: Zapdos|Hurricane|p1a: Roaring Moon\n|-damage|p1a: Roaring Moon|15\/100 par\n|move|p2b: Heatran|Heat Wave|p1a: Roaring Moon|[spread] p1a,p1b\n|-resisted|p1a: Roaring Moon\n|-resisted|p1b: Gastrodon\n|-damage|p1a: Roaring Moon|0 fnt\n|-damage|p1b: Gastrodon|83\/100\n|faint|p1a: Roaring Moon\n|-end|p1a: Roaring Moon|Protosynthesis|[silent]\n|move|p1b: Gastrodon|Ice Beam|p2a: Zapdos\n|-supereffective|p2a: Zapdos\n|-damage|p2a: Zapdos|0 fnt\n|faint|p2a: Zapdos\n|\n|-heal|p1b: Gastrodon|89\/100|[from] item: Leftovers\n|upkeep\n|\n|t:|1700268900\n|switch|p2a: Mamoswine|Mamoswine, L50, F|100\/100\n|turn|13\n|\n|t:|1700268909\n|move|p2a: Mamoswine|Icicle Crash|p1b: Gastrodon\n|-damage|p1b: Gastrodon|37\/100\n|-damage|p2a: Mamoswine|91\/100|[from] item: Life Orb\n|move|p2b: Heatran|Earth Power|p1b: Gastrodon\n|-damage|p1b: Gastrodon|5\/100\n|cant|p1b: Gastrodon|flinch\n|\n|-heal|p1b: Gastrodon|11\/100|[from] item: Leftovers\n|upkeep\n|turn|14\n|\n|t:|1700268922\n|move|p1b: Gastrodon|Protect|p1b: Gastrodon\n|-singleturn|p1b: Gastrodon|Protect\n|move|p2a: Mamoswine|Ice Shard|p1b: Gastrodon\n|-activate|p1b: Gastrodon|move: Protect\n|move|p2b: Heatran|Earth Power|p1b: Gastrodon\n|-activate|p1b: Gastrodon|move: Protect\n|\n|-heal|p1b: Gastrodon|17\/100|[from] item: Leftovers\n|-sideend|p2: charlie55555|move: Tailwind\n|upkeep\n|turn|15\n|c|\u2606charlie55555|gg wp\n|\n|t:|1700268929\n|move|p1b: Gastrodon|Protect|p1b: Gastrodon\n|-singleturn|p1b: Gastrodon|Protect\n|move|p2a: Mamoswine|Ice Shard|p1b: Gastrodon\n|-activate|p1b: Gastrodon|move: Protect\n|move|p2b: Heatran|Earth Power|p1b: Gastrodon\n|-activate|p1b: Gastrodon|move: Protect\n|\n|-heal|p1b: Gastrodon|24\/100|[from] item: Leftovers\n|upkeep\n|turn|16\n|c|\u2606exigency|yeah very wp\n|c|\u2606exigency|:)\n|\n|t:|1700268934\n|move|p1b: Gastrodon|Protect||[still]\n|-fail|p1b: Gastrodon\n|move|p2a: Mamoswine|Ice Shard|p1b: Gastrodon\n|-damage|p1b: Gastrodon|0 fnt\n|faint|p1b: Gastrodon\n|-damage|p2a: Mamoswine|81\/100|[from] item: Life Orb\n|\n|win|charlie55555\n|raw|exigency's rating: 1079 &rarr; <strong>1058<\/strong><br \/>(-21 for losing)\n|raw|charlie55555's rating: 1086 &rarr; <strong>1113<\/strong><br \/>(+27 for winning)\n","uploadtime":1700268939,"views":15,"p1id":"exigency","p2id":"charlie55555","formatid":"gen9vgc2023regulatione","rating":1058,"private":0,"password":""}