{"id":"gen9vgc2023regulatione-1991833649","p1":"BravadoVGC","p2":"KasperOfHoenn","format":"[Gen 9] VGC 2023 Regulation E","log":"|j|\u2606BravadoVGC\n|j|\u2606KasperOfHoenn\n|t:|1700125455\n|gametype|doubles\n|player|p1|BravadoVGC|guzma|\n|player|p2|KasperOfHoenn|red|\n|teamsize|p1|6\n|teamsize|p2|6\n|gen|9\n|tier|[Gen 9] VGC 2023 Regulation E\n|rated|Tournament battle\n|rule|Species Clause: Limit one of each Pok\u00e9mon\n|rule|Item Clause: Limit one of each item\n|clearpoke\n|poke|p1|Regidrago, L50|\n|poke|p1|Indeedee-F, L50, F|\n|poke|p1|Armarouge, L50, M|\n|poke|p1|Ursaluna, L50, F|\n|poke|p1|Torkoal, L50, F|\n|poke|p1|Lilligant-Hisui, L50, F|\n|poke|p2|Roaring Moon, L50|\n|poke|p2|Annihilape, L50, M|\n|poke|p2|Tornadus, L50, M|\n|poke|p2|Fezandipiti, L50, M|\n|poke|p2|Sableye, L50, M|\n|poke|p2|Heatran, L50, M|\n|teampreview|4\n|showteam|p1|Regidrago||ChoiceScarf|DragonsMaw|DragonEnergy,DracoMeteor,DragonPulse,EarthPower||||||50|,,,,,Dragon]Indeedee-F||RockyHelmet|PsychicSurge|FollowMe,HelpingHand,TrickRoom,DazzlingGleam|||F|||50|,,,,,Fire]Armarouge||LifeOrb|FlashFire|ExpandingForce,HeatWave,TrickRoom,Protect|||M|||50|,,,,,Psychic]Ursaluna||FlameOrb|Guts|Facade,HeadlongRush,Earthquake,Protect|||F|||50|,,,,,Ghost]Torkoal||Charcoal|Drought|Eruption,HeatWave,EarthPower,Protect|||F|||50|,,,,,Fire]Lilligant-Hisui||FocusSash|Chlorophyll|CloseCombat,SolarBlade,AfterYou,SleepPowder|||F|||50|,,,,,Ghost\n|showteam|p2|Roaring Moon||LifeOrb|Protosynthesis|Protect,KnockOff,IronHead,Outrage||||||50|,,,,,Dragon]Annihilape||ChoiceScarf|Defiant|FinalGambit,CloseCombat,Uturn,ShadowClaw|||M|||50|,,,,,Ghost]Tornadus||AbilityShield|Prankster|BleakwindStorm,Tailwind,Taunt,SunnyDay|||M|||50|,,,,,Ghost]Fezandipiti||CovertCloak|ToxicChain|DazzlingGleam,Roost,Tailwind,IcyWind|||M|||50|,,,,,Ghost]Sableye||EjectButton|Prankster|Encore,Disable,FoulPlay,SunnyDay|||M|||50|,,,,,Water]Heatran||Leftovers|FlashFire|MagmaStorm,EarthPower,Substitute,Protect|||M|||50|,,,,,Dragon\n|inactive|Battle timer is ON: inactive players will automatically lose when time's up. (requested by BravadoVGC)\n|j| fyfyyalt1\n|j|+Nosnort\u2714\ufe0f\n|inactive|KasperOfHoenn has 60 seconds left.\n|j| O1OOO11O\n|c|\u2606BravadoVGC|ahh kasper\n|\n|t:|1700125500\n|start\n|switch|p1a: Torkoal|Torkoal, L50, F|100\/100\n|switch|p1b: Lilligant|Lilligant-Hisui, L50, F|100\/100\n|switch|p2a: Heatran|Heatran, L50, M|100\/100\n|switch|p2b: Tornadus|Tornadus, L50, M|100\/100\n|-weather|SunnyDay|[from] ability: Drought|[of] p1a: Torkoal\n|turn|1\n|\n|t:|1700125513\n|switch|p1a: Indeedee|Indeedee-F, L50, F|100\/100\n|-fieldstart|move: Psychic Terrain|[from] ability: Psychic Surge|[of] p1a: Indeedee\n|-terastallize|p2a: Heatran|Dragon\n|move|p2b: Tornadus|Taunt|p1b: Lilligant\n|-activate|p1b: Lilligant|move: Psychic Terrain\n|move|p1b: Lilligant|Close Combat|p2a: Heatran\n|-damage|p2a: Heatran|56\/100\n|-unboost|p1b: Lilligant|def|1\n|-unboost|p1b: Lilligant|spd|1\n|move|p2a: Heatran|Magma Storm|p1a: Indeedee|[miss]\n|-miss|p2a: Heatran|p1a: Indeedee\n|\n|-weather|SunnyDay|[upkeep]\n|-heal|p2a: Heatran|62\/100|[from] item: Leftovers\n|upkeep\n|turn|2\n|\n|t:|1700125530\n|move|p2a: Heatran|Protect|p2a: Heatran\n|-singleturn|p2a: Heatran|Protect\n|move|p1b: Lilligant|Sleep Powder|p2a: Heatran\n|-activate|p2a: Heatran|move: Protect\n|move|p2b: Tornadus|Bleakwind Storm|p1b: Lilligant|[spread] p1a,p1b\n|-supereffective|p1b: Lilligant\n|-damage|p1a: Indeedee|64\/100\n|-enditem|p1b: Lilligant|Focus Sash\n|-damage|p1b: Lilligant|1\/100\n|move|p1a: Indeedee|Trick Room|p1a: Indeedee\n|-fieldstart|move: Trick Room|[of] p1a: Indeedee\n|\n|-weather|SunnyDay|[upkeep]\n|-heal|p2a: Heatran|68\/100|[from] item: Leftovers\n|upkeep\n|turn|3\n|c| fyfyyalt1|ooo\n|inactive|KasperOfHoenn has 30 seconds left.\n|\n|t:|1700125565\n|switch|p1b: Ursaluna|Ursaluna, L50, F|100\/100\n|move|p1a: Indeedee|Follow Me|p1a: Indeedee\n|-singleturn|p1a: Indeedee|move: Follow Me\n|move|p2a: Heatran|Substitute|p2a: Heatran\n|-start|p2a: Heatran|Substitute\n|-damage|p2a: Heatran|43\/100\n|move|p2b: Tornadus|Bleakwind Storm|p1a: Indeedee|[spread] p1a,p1b\n|-damage|p1a: Indeedee|28\/100\n|-damage|p1b: Ursaluna|66\/100\n|-unboost|p1b: Ursaluna|spe|1\n|\n|-weather|SunnyDay|[upkeep]\n|-heal|p2a: Heatran|49\/100|[from] item: Leftovers\n|-status|p1b: Ursaluna|brn|[from] item: Flame Orb\n|upkeep\n|turn|4\n|\n|t:|1700125581\n|move|p1a: Indeedee|Follow Me|p1a: Indeedee\n|-singleturn|p1a: Indeedee|move: Follow Me\n|move|p1b: Ursaluna|Facade|p2b: Tornadus\n|-damage|p2b: Tornadus|0 fnt\n|faint|p2b: Tornadus\n|move|p2a: Heatran|Magma Storm|p1a: Indeedee|[miss]\n|-miss|p2a: Heatran|p1a: Indeedee\n|\n|-weather|SunnyDay|[upkeep]\n|-heal|p2a: Heatran|56\/100|[from] item: Leftovers\n|-damage|p1b: Ursaluna|60\/100 brn|[from] brn\n|upkeep\n|\n|t:|1700125592\n|switch|p2b: Roaring Moon|Roaring Moon, L50, shiny|100\/100\n|-activate|p2b: Roaring Moon|ability: Protosynthesis\n|-start|p2b: Roaring Moon|protosynthesisatk\n|turn|5\n|c| fyfyyalt1|magma storm moment :0\n|inactive|KasperOfHoenn has 30 seconds left.\n|\n|t:|1700125626\n|move|p2a: Heatran|Protect|p2a: Heatran\n|-singleturn|p2a: Heatran|Protect\n|move|p2b: Roaring Moon|Protect|p2b: Roaring Moon\n|-singleturn|p2b: Roaring Moon|Protect\n|move|p1a: Indeedee|Follow Me|p1a: Indeedee\n|-singleturn|p1a: Indeedee|move: Follow Me\n|move|p1b: Ursaluna|Facade|p2a: Heatran\n|-activate|p2a: Heatran|move: Protect\n|\n|-weather|none\n|-end|p2b: Roaring Moon|Protosynthesis\n|-heal|p2a: Heatran|62\/100|[from] item: Leftovers\n|-damage|p1b: Ursaluna|54\/100 brn|[from] brn\n|-fieldend|move: Psychic Terrain\n|upkeep\n|turn|6\n|\n|t:|1700125649\n|switch|p1a: Torkoal|Torkoal, L50, F|100\/100\n|-weather|SunnyDay|[from] ability: Drought|[of] p1a: Torkoal\n|-activate|p2b: Roaring Moon|ability: Protosynthesis\n|-start|p2b: Roaring Moon|protosynthesisatk\n|-end|p2b: Roaring Moon|Protosynthesis|[silent]\n|switch|p2b: Annihilape|Annihilape, L50, M|100\/100\n|move|p1b: Ursaluna|Facade|p2b: Annihilape\n|-immune|p2b: Annihilape\n|move|p2a: Heatran|Magma Storm|p1b: Ursaluna\n|-damage|p1b: Ursaluna|0 fnt\n|faint|p1b: Ursaluna\n|\n|-weather|SunnyDay|[upkeep]\n|-heal|p2a: Heatran|68\/100|[from] item: Leftovers\n|-fieldend|move: Trick Room\n|upkeep\n|c|\u2606KasperOfHoenn|YEEEHAW\n|\n|t:|1700125662\n|switch|p1b: Lilligant|Lilligant-Hisui, L50, F|1\/100\n|turn|7\n|j| ashthedog\n|inactive|BravadoVGC has 30 seconds left.\n|c|\u2606KasperOfHoenn|YEE DIPITI HAAW\n|\n|t:|1700125690\n|move|p1a: Torkoal|Protect|p1a: Torkoal\n|-singleturn|p1a: Torkoal|Protect\n|move|p1b: Lilligant|Sleep Powder|p2b: Annihilape\n|-status|p2b: Annihilape|slp|[from] move: Sleep Powder\n|cant|p2b: Annihilape|slp\n|move|p2a: Heatran|Earth Power|p1b: Lilligant\n|-resisted|p1b: Lilligant\n|-damage|p1b: Lilligant|0 fnt\n|faint|p1b: Lilligant\n|\n|-weather|SunnyDay|[upkeep]\n|-heal|p2a: Heatran|74\/100|[from] item: Leftovers\n|upkeep\n|\n|t:|1700125696\n|switch|p1b: Indeedee|Indeedee-F, L50, F|28\/100\n|-fieldstart|move: Psychic Terrain|[from] ability: Psychic Surge|[of] p1b: Indeedee\n|turn|8\n|inactive|KasperOfHoenn has 30 seconds left.\n|-message|BravadoVGC forfeited.\n|\n|win|KasperOfHoenn\n|n|\u2606BravadoVGC|bravadovgc\n|n|\u2606KasperOfHoenn|kasperofhoenn\n|n| fyfyyalt1|fyfyyalt1\n|n| Nosnort\u2714\ufe0f|nosnort\n|n| O1OOO11O|o1ooo11o\n|n| ashthedog|ashthedog\n","uploadtime":1700125723,"views":27,"p1id":"bravadovgc","p2id":"kasperofhoenn","formatid":"gen9vgc2023regulatione","rating":0,"private":0,"password":""}