{"id":"gen9vgc2023regulatione-1992456884","p1":"Quill86","p2":"WickedCheeseTouch","format":"[Gen 9] VGC 2023 Regulation E","log":"|j|\u2606Quill86\n|j|\u2606WickedCheeseTouch\n|n|\u2606Quill86|quill86\n|n|\u2606WickedCheeseTouch|wickedcheesetouch\n|html|View the match progress at <a href=\"\/game-bestof3-gen9vgc2023regulatione-1992454964\">game-bestof3-gen9vgc2023regulatione-1992454964<\/a>\n|t:|1700189851\n|gametype|doubles\n|player|p1|Quill86|266|\n|player|p2|WickedCheeseTouch|lucas|\n|teamsize|p1|6\n|teamsize|p2|6\n|gen|9\n|tier|[Gen 9] VGC 2023 Regulation E\n|rated|Tournament battle\n|rule|Species Clause: Limit one of each Pok\u00e9mon\n|rule|Item Clause: Limit one of each item\n|clearpoke\n|poke|p1|Ogerpon-Hearthflame, L50, F|\n|poke|p1|Flutter Mane, L50|\n|poke|p1|Gastrodon-East, L50, M|\n|poke|p1|Tornadus, L50, M|\n|poke|p1|Landorus-Therian, L50, M|\n|poke|p1|Chi-Yu, L50|\n|poke|p2|Cresselia, L50, F|\n|poke|p2|Arcanine-Hisui, L50, M|\n|poke|p2|Milotic, L50, F|\n|poke|p2|Roaring Moon, L50|\n|poke|p2|Amoonguss, L50, F|\n|poke|p2|Iron Hands, L50|\n|teampreview|4\n|showteam|p1|Ogerpon-Hearthflame||HearthflameMask|MoldBreaker|IvyCudgel,HornLeech,SwordsDance,SpikyShield|||F|||50|,,,,,Fire]Flutter Mane||LifeOrb|Protosynthesis|DazzlingGleam,ShadowBall,Thunderbolt,Protect||||||50|,,,,,Fairy]Gastrodon-East||Leftovers|StormDrain|EarthPower,IcyWind,Yawn,Protect|||M|||50|,,,,,Poison]Tornadus||CovertCloak|Prankster|Tailwind,Taunt,BleakwindStorm,SunnyDay|||M|||50|,,,,,Dark]Landorus-Therian||ChoiceScarf|Intimidate|StompingTantrum,TeraBlast,Uturn,RockSlide|||M|||50|,,,,,Flying]Chi-Yu||ChoiceSpecs|BeadsofRuin|HeatWave,Snarl,Overheat,DarkPulse||||||50|,,,,,Ghost\n|showteam|p2|Cresselia||SafetyGoggles|Levitate|IceBeam,TrickRoom,Psychic,LunarBlessing|||F|||50|,,,,,Electric]Arcanine-Hisui||ChoiceBand|Intimidate|RockSlide,FlareBlitz,ExtremeSpeed,TeraBlast|||M|||50|,,,,,Fairy]Milotic||Leftovers|Competitive|Scald,IcyWind,Haze,Protect|||F|||50|,,,,,Dragon]Roaring Moon||BoosterEnergy|Protosynthesis|Protect,Acrobatics,DragonDance,KnockOff||||||50|,,,,,Flying]Amoonguss||RockyHelmet|Regenerator|Protect,RagePowder,Spore,PollenPuff|||F|||50|,,,,,Water]Iron Hands||AssaultVest|QuarkDrive|VoltSwitch,WildCharge,FakeOut,DrainPunch||||||50|,,,,,Water\n|\n|t:|1700189890\n|start\n|switch|p1a: Tornadus|Tornadus, L50, M|100\/100\n|switch|p1b: Flutter Mane|Flutter Mane, L50|100\/100\n|switch|p2a: Cresselia|Cresselia, L50, F, shiny|100\/100\n|switch|p2b: Iron Hands|Iron Hands, L50|100\/100\n|turn|1\n|\n|t:|1700189922\n|move|p1a: Tornadus|Taunt|p2a: Cresselia\n|-start|p2a: Cresselia|move: Taunt\n|move|p1b: Flutter Mane|Dazzling Gleam|p2a: Cresselia|[spread] p2a,p2b\n|-supereffective|p2b: Iron Hands\n|-damage|p2a: Cresselia|71\/100\n|-damage|p2b: Iron Hands|62\/100\n|-damage|p1b: Flutter Mane|90\/100|[from] item: Life Orb\n|move|p2a: Cresselia|Ice Beam|p1b: Flutter Mane\n|-damage|p1b: Flutter Mane|67\/100\n|move|p2b: Iron Hands|Wild Charge|p1b: Flutter Mane\n|-damage|p1b: Flutter Mane|0 fnt\n|faint|p1b: Flutter Mane\n|-end|p1b: Flutter Mane|Protosynthesis|[silent]\n|-damage|p2b: Iron Hands|53\/100|[from] Recoil\n|\n|upkeep\n|\n|t:|1700189937\n|switch|p1b: Gastrodon|Gastrodon-East, L50, M|100\/100\n|turn|2\n|\n|t:|1700189945\n|move|p1a: Tornadus|Bleakwind Storm|p2a: Cresselia|[spread] p2a\n|-miss|p1a: Tornadus|p2b: Iron Hands\n|-damage|p2a: Cresselia|51\/100\n|-unboost|p2a: Cresselia|spe|1\n|move|p2b: Iron Hands|Volt Switch|p1a: Tornadus\n|-supereffective|p1a: Tornadus\n|-damage|p1a: Tornadus|70\/100\n|\n|t:|1700189951\n|-end|p2b: Iron Hands|Quark Drive|[silent]\n|switch|p2b: Roaring Moon|Roaring Moon, L50|100\/100|[from] Volt Switch\n|-enditem|p2b: Roaring Moon|Booster Energy\n|-activate|p2b: Roaring Moon|ability: Protosynthesis|[fromitem]\n|-start|p2b: Roaring Moon|protosynthesisatk\n|move|p2a: Cresselia|Ice Beam|p1a: Tornadus\n|-supereffective|p1a: Tornadus\n|-damage|p1a: Tornadus|18\/100\n|move|p1b: Gastrodon|Earth Power|p2b: Roaring Moon\n|-damage|p2b: Roaring Moon|67\/100\n|\n|upkeep\n|turn|3\n|\n|t:|1700189967\n|switch|p2a: Iron Hands|Iron Hands, L50|53\/100\n|move|p2b: Roaring Moon|Protect|p2b: Roaring Moon\n|-singleturn|p2b: Roaring Moon|Protect\n|move|p1a: Tornadus|Tailwind|p1a: Tornadus\n|-sidestart|p1: Quill86|move: Tailwind\n|move|p1b: Gastrodon|Icy Wind|p2b: Roaring Moon|[spread] p2a\n|-activate|p2b: Roaring Moon|move: Protect\n|-damage|p2a: Iron Hands|48\/100\n|-unboost|p2a: Iron Hands|spe|1\n|\n|upkeep\n|turn|4\n|\n|t:|1700189986\n|-end|p2b: Roaring Moon|Protosynthesis|[silent]\n|switch|p2b: Cresselia|Cresselia, L50, F, shiny|51\/100\n|move|p1a: Tornadus|Bleakwind Storm|p2b: Cresselia|[spread] p2a,p2b\n|-damage|p2a: Iron Hands|31\/100\n|-damage|p2b: Cresselia|33\/100\n|move|p1b: Gastrodon|Earth Power|p2a: Iron Hands\n|-supereffective|p2a: Iron Hands\n|-damage|p2a: Iron Hands|0 fnt\n|faint|p2a: Iron Hands\n|-end|p2a: Iron Hands|Quark Drive|[silent]\n|\n|upkeep\n|\n|t:|1700189993\n|switch|p2a: Arcanine|Arcanine-Hisui, L50, M, shiny|100\/100\n|-ability|p2a: Arcanine|Intimidate|boost\n|-unboost|p1a: Tornadus|atk|1\n|-unboost|p1b: Gastrodon|atk|1\n|turn|5\n|\n|t:|1700190001\n|-terastallize|p2a: Arcanine|Fairy\n|move|p1a: Tornadus|Bleakwind Storm|p2a: Arcanine|[spread] p2b\n|-miss|p1a: Tornadus|p2a: Arcanine\n|-crit|p2b: Cresselia\n|-damage|p2b: Cresselia|2\/100\n|-unboost|p2b: Cresselia|spe|1\n|move|p2a: Arcanine|Rock Slide|p1b: Gastrodon|[spread] p1a\n|-miss|p2a: Arcanine|p1b: Gastrodon\n|-supereffective|p1a: Tornadus\n|-damage|p1a: Tornadus|0 fnt\n|faint|p1a: Tornadus\n|move|p1b: Gastrodon|Earth Power|p2a: Arcanine\n|-damage|p2a: Arcanine|58\/100\n|move|p2b: Cresselia|Lunar Blessing|p2b: Cresselia|[spread] p2a,p2b\n|-heal|p2a: Arcanine|83\/100\n|-heal|p2b: Cresselia|27\/100\n|\n|upkeep\n|\n|t:|1700190018\n|switch|p1a: Landorus|Landorus-Therian, L50, M|100\/100\n|-ability|p1a: Landorus|Intimidate|boost\n|-unboost|p2a: Arcanine|atk|1\n|-unboost|p2b: Cresselia|atk|1\n|turn|6\n|\n|t:|1700190031\n|switch|p2b: Roaring Moon|Roaring Moon, L50|67\/100\n|move|p1a: Landorus|Rock Slide|p2b: Roaring Moon|[spread] p2a,p2b\n|-damage|p2a: Arcanine|59\/100\n|-damage|p2b: Roaring Moon|43\/100\n|move|p2a: Arcanine|Rock Slide|p1b: Gastrodon|[spread] p1a,p1b\n|-resisted|p1b: Gastrodon\n|-damage|p1a: Landorus|69\/100\n|-damage|p1b: Gastrodon|89\/100\n|move|p1b: Gastrodon|Icy Wind|p2a: Arcanine|[spread] p2a,p2b\n|-supereffective|p2b: Roaring Moon\n|-damage|p2a: Arcanine|48\/100\n|-damage|p2b: Roaring Moon|23\/100\n|-unboost|p2a: Arcanine|spe|1\n|-unboost|p2b: Roaring Moon|spe|1\n|\n|-heal|p1b: Gastrodon|95\/100|[from] item: Leftovers\n|-sideend|p1: Quill86|move: Tailwind\n|upkeep\n|turn|7\n|\n|t:|1700190055\n|move|p1a: Landorus|Rock Slide|p2a: Arcanine|[spread] p2a,p2b\n|-crit|p2a: Arcanine\n|-damage|p2a: Arcanine|11\/100\n|-damage|p2b: Roaring Moon|0 fnt\n|faint|p2b: Roaring Moon\n|-end|p2b: Roaring Moon|Protosynthesis|[silent]\n|move|p2a: Arcanine|Rock Slide|p1a: Landorus|[spread] p1a,p1b\n|-resisted|p1b: Gastrodon\n|-damage|p1a: Landorus|40\/100\n|-damage|p1b: Gastrodon|82\/100\n|cant|p1b: Gastrodon|flinch\n|\n|-heal|p1b: Gastrodon|88\/100|[from] item: Leftovers\n|upkeep\n|\n|t:|1700190062\n|switch|p2b: Cresselia|Cresselia, L50, F, shiny|27\/100\n|turn|8\n|\n|t:|1700190075\n|move|p1a: Landorus|Rock Slide|p2b: Cresselia|[spread] p2a\n|-miss|p1a: Landorus|p2b: Cresselia\n|-crit|p2a: Arcanine\n|-damage|p2a: Arcanine|0 fnt\n|faint|p2a: Arcanine\n|move|p2b: Cresselia|Lunar Blessing|p2b: Cresselia\n|-heal|p2b: Cresselia|52\/100\n|move|p1b: Gastrodon|Yawn|p2b: Cresselia\n|-start|p2b: Cresselia|move: Yawn|[of] p1b: Gastrodon\n|\n|-heal|p1b: Gastrodon|94\/100|[from] item: Leftovers\n|upkeep\n|turn|9\n|\n|t:|1700190101\n|-terastallize|p1a: Landorus|Flying\n|move|p1a: Landorus|Rock Slide|p2b: Cresselia\n|-damage|p2b: Cresselia|34\/100\n|move|p2b: Cresselia|Ice Beam|p1a: Landorus\n|-supereffective|p1a: Landorus\n|-damage|p1a: Landorus|0 fnt\n|faint|p1a: Landorus\n|move|p1b: Gastrodon|Icy Wind|p2b: Cresselia\n|-damage|p2b: Cresselia|25\/100\n|-unboost|p2b: Cresselia|spe|1\n|\n|-heal|p1b: Gastrodon|100\/100|[from] item: Leftovers\n|-end|p2b: Cresselia|move: Yawn|[silent]\n|-status|p2b: Cresselia|slp\n|upkeep\n|turn|10\n|inactive|Battle timer is ON: inactive players will automatically lose when time's up. (requested by WickedCheeseTouch)\n|\n|t:|1700190114\n|cant|p2b: Cresselia|slp\n|move|p1b: Gastrodon|Icy Wind|p2b: Cresselia\n|-damage|p2b: Cresselia|15\/100 slp\n|-unboost|p2b: Cresselia|spe|1\n|\n|upkeep\n|turn|11\n|\n|t:|1700190121\n|cant|p2b: Cresselia|slp\n|move|p1b: Gastrodon|Icy Wind|p2b: Cresselia\n|-damage|p2b: Cresselia|6\/100 slp\n|-unboost|p2b: Cresselia|spe|1\n|\n|upkeep\n|turn|12\n|\n|t:|1700190126\n|-curestatus|p2b: Cresselia|slp|[msg]\n|move|p2b: Cresselia|Lunar Blessing|p2b: Cresselia\n|-heal|p2b: Cresselia|31\/100\n|move|p1b: Gastrodon|Icy Wind|p2b: Cresselia\n|-damage|p2b: Cresselia|22\/100\n|-unboost|p2b: Cresselia|spe|1\n|\n|upkeep\n|turn|13\n|\n|t:|1700190136\n|move|p1b: Gastrodon|Yawn|p2b: Cresselia\n|-start|p2b: Cresselia|move: Yawn|[of] p1b: Gastrodon\n|move|p2b: Cresselia|Lunar Blessing|p2b: Cresselia\n|-heal|p2b: Cresselia|47\/100\n|\n|upkeep\n|turn|14\n|\n|t:|1700190143\n|move|p1b: Gastrodon|Icy Wind|p2b: Cresselia\n|-damage|p2b: Cresselia|37\/100\n|-unboost|p2b: Cresselia|spe|1\n|move|p2b: Cresselia|Lunar Blessing|p2b: Cresselia\n|-heal|p2b: Cresselia|62\/100\n|\n|-end|p2b: Cresselia|move: Yawn|[silent]\n|-status|p2b: Cresselia|slp\n|upkeep\n|turn|15\n|\n|t:|1700190151\n|move|p1b: Gastrodon|Icy Wind|p2b: Cresselia\n|-damage|p2b: Cresselia|52\/100 slp\n|-unboost|p2b: Cresselia|spe|1\n|cant|p2b: Cresselia|slp\n|\n|upkeep\n|turn|16\n|\n|t:|1700190157\n|move|p1b: Gastrodon|Icy Wind|p2b: Cresselia\n|-damage|p2b: Cresselia|43\/100 slp\n|cant|p2b: Cresselia|slp\n|\n|upkeep\n|turn|17\n|\n|t:|1700190161\n|move|p1b: Gastrodon|Icy Wind|p2b: Cresselia\n|-damage|p2b: Cresselia|34\/100 slp\n|-curestatus|p2b: Cresselia|slp|[msg]\n|move|p2b: Cresselia|Psychic|p1b: Gastrodon\n|-damage|p1b: Gastrodon|73\/100\n|\n|-heal|p1b: Gastrodon|79\/100|[from] item: Leftovers\n|upkeep\n|turn|18\n|\n|t:|1700190172\n|move|p1b: Gastrodon|Yawn|p2b: Cresselia\n|-start|p2b: Cresselia|move: Yawn|[of] p1b: Gastrodon\n|move|p2b: Cresselia|Psychic|p1b: Gastrodon\n|-damage|p1b: Gastrodon|52\/100\n|\n|-heal|p1b: Gastrodon|58\/100|[from] item: Leftovers\n|upkeep\n|turn|19\n|\n|t:|1700190178\n|move|p1b: Gastrodon|Icy Wind|p2b: Cresselia\n|-damage|p2b: Cresselia|24\/100\n|move|p2b: Cresselia|Lunar Blessing|p2b: Cresselia\n|-heal|p2b: Cresselia|49\/100\n|\n|-heal|p1b: Gastrodon|64\/100|[from] item: Leftovers\n|-end|p2b: Cresselia|move: Yawn|[silent]\n|-status|p2b: Cresselia|slp\n|upkeep\n|turn|20\n|\n|t:|1700190187\n|move|p1b: Gastrodon|Icy Wind|p2b: Cresselia\n|-damage|p2b: Cresselia|40\/100 slp\n|cant|p2b: Cresselia|slp\n|\n|-heal|p1b: Gastrodon|70\/100|[from] item: Leftovers\n|upkeep\n|turn|21\n|\n|t:|1700190193\n|move|p1b: Gastrodon|Icy Wind|p2b: Cresselia\n|-crit|p2b: Cresselia\n|-damage|p2b: Cresselia|24\/100 slp\n|-curestatus|p2b: Cresselia|slp|[msg]\n|move|p2b: Cresselia|Psychic|p1b: Gastrodon\n|-damage|p1b: Gastrodon|42\/100\n|\n|-heal|p1b: Gastrodon|48\/100|[from] item: Leftovers\n|upkeep\n|turn|22\n|\n|t:|1700190202\n|move|p1b: Gastrodon|Yawn|p2b: Cresselia\n|-start|p2b: Cresselia|move: Yawn|[of] p1b: Gastrodon\n|move|p2b: Cresselia|Lunar Blessing|p2b: Cresselia\n|-heal|p2b: Cresselia|49\/100\n|\n|-heal|p1b: Gastrodon|54\/100|[from] item: Leftovers\n|upkeep\n|turn|23\n|\n|t:|1700190209\n|move|p1b: Gastrodon|Protect|p1b: Gastrodon\n|-singleturn|p1b: Gastrodon|Protect\n|move|p2b: Cresselia|Psychic|p1b: Gastrodon\n|-activate|p1b: Gastrodon|move: Protect\n|\n|-heal|p1b: Gastrodon|60\/100|[from] item: Leftovers\n|-end|p2b: Cresselia|move: Yawn|[silent]\n|-status|p2b: Cresselia|slp\n|upkeep\n|turn|24\n|\n|t:|1700190224\n|move|p1b: Gastrodon|Icy Wind|p2b: Cresselia\n|-damage|p2b: Cresselia|40\/100 slp\n|cant|p2b: Cresselia|slp\n|\n|-heal|p1b: Gastrodon|66\/100|[from] item: Leftovers\n|upkeep\n|turn|25\n|\n|t:|1700190230\n|move|p1b: Gastrodon|Icy Wind|p2b: Cresselia\n|-crit|p2b: Cresselia\n|-damage|p2b: Cresselia|25\/100 slp\n|cant|p2b: Cresselia|slp\n|\n|-heal|p1b: Gastrodon|73\/100|[from] item: Leftovers\n|upkeep\n|turn|26\n|\n|t:|1700190237\n|move|p1b: Gastrodon|Icy Wind|p2b: Cresselia\n|-damage|p2b: Cresselia|16\/100 slp\n|-curestatus|p2b: Cresselia|slp|[msg]\n|move|p2b: Cresselia|Lunar Blessing|p2b: Cresselia\n|-heal|p2b: Cresselia|41\/100\n|\n|-heal|p1b: Gastrodon|79\/100|[from] item: Leftovers\n|upkeep\n|turn|27\n|\n|t:|1700190247\n|move|p1b: Gastrodon|Yawn|p2b: Cresselia\n|-start|p2b: Cresselia|move: Yawn|[of] p1b: Gastrodon\n|move|p2b: Cresselia|Psychic|p1b: Gastrodon\n|-damage|p1b: Gastrodon|50\/100\n|\n|-heal|p1b: Gastrodon|56\/100|[from] item: Leftovers\n|upkeep\n|turn|28\n|\n|t:|1700190254\n|move|p1b: Gastrodon|Icy Wind|p2b: Cresselia\n|-damage|p2b: Cresselia|31\/100\n|move|p2b: Cresselia|Psychic|p1b: Gastrodon\n|-damage|p1b: Gastrodon|25\/100\n|\n|-heal|p1b: Gastrodon|31\/100|[from] item: Leftovers\n|-end|p2b: Cresselia|move: Yawn|[silent]\n|-status|p2b: Cresselia|slp\n|upkeep\n|turn|29\n|\n|t:|1700190262\n|move|p1b: Gastrodon|Icy Wind|p2b: Cresselia\n|-damage|p2b: Cresselia|22\/100 slp\n|cant|p2b: Cresselia|slp\n|\n|-heal|p1b: Gastrodon|37\/100|[from] item: Leftovers\n|upkeep\n|turn|30\n|\n|t:|1700190267\n|move|p1b: Gastrodon|Icy Wind|p2b: Cresselia\n|-damage|p2b: Cresselia|13\/100 slp\n|-curestatus|p2b: Cresselia|slp|[msg]\n|move|p2b: Cresselia|Psychic|p1b: Gastrodon\n|-damage|p1b: Gastrodon|8\/100\n|\n|-heal|p1b: Gastrodon|14\/100|[from] item: Leftovers\n|upkeep\n|turn|31\n|\n|t:|1700190275\n|move|p1b: Gastrodon|Icy Wind|p2b: Cresselia\n|-damage|p2b: Cresselia|4\/100\n|move|p2b: Cresselia|Psychic|p1b: Gastrodon\n|-damage|p1b: Gastrodon|0 fnt\n|faint|p1b: Gastrodon\n|\n|win|WickedCheeseTouch\n|c|\u2606WickedCheeseTouch|gg\n|c|\u2606Quill86|gg\n|l|\u2606WickedCheeseTouch\n|j|\u2606WickedCheeseTouch\n|player|p2|WickedCheeseTouch|lucas\n","uploadtime":1700190293,"views":17,"p1id":"quill86","p2id":"wickedcheesetouch","formatid":"gen9vgc2023regulatione","rating":0,"private":0,"password":""}