{"id":"gen9vgc2023regulatione-1998491489","p1":"Atlat","p2":"ICYoyo","format":"[Gen 9] VGC 2023 Regulation E","log":"|j|\u2606Atlat\n|j|\u2606ICYoyo\n|t:|1700948350\n|gametype|doubles\n|player|p1|Atlat|169|\n|player|p2|ICYoyo|102|\n|teamsize|p1|6\n|teamsize|p2|6\n|gen|9\n|tier|[Gen 9] VGC 2023 Regulation E\n|rule|Species Clause: Limit one of each Pok\u00e9mon\n|rule|Item Clause: Limit one of each item\n|clearpoke\n|poke|p1|Cryogonal, L50|\n|poke|p1|Sableye, L50, M|\n|poke|p1|Heatran, L50, M|\n|poke|p1|Weezing, L50, M|\n|poke|p1|Stantler, L50, F|\n|poke|p1|Toedscruel, L50, M|\n|poke|p2|Gholdengo, L50|\n|poke|p2|Pelipper, L50, F|\n|poke|p2|Zapdos, L50|\n|poke|p2|Scizor, L50, F|\n|poke|p2|Ludicolo, L50, F|\n|poke|p2|Chien-Pao, L50|\n|teampreview|4\nICYoyo rejected open team sheets.\n|\n|t:|1700948430\n|start\n|switch|p1a: Stantler|Stantler, L50, F|100\/100\n|switch|p1b: Toedscruel|Toedscruel, L50, M|100\/100\n|switch|p2a: Chien-Pao|Chien-Pao, L50|100\/100\n|switch|p2b: Pelipper|Pelipper, L50, F|100\/100\n|-ability|p2a: Chien-Pao|Sword of Ruin\n|-ability|p1a: Stantler|Intimidate|boost\n|-unboost|p2a: Chien-Pao|atk|1\n|-unboost|p2b: Pelipper|atk|1\n|-weather|RainDance|[from] ability: Drizzle|[of] p2b: Pelipper\n|turn|1\n|\n|t:|1700948469\n|-terastallize|p1b: Toedscruel|Water\n|move|p1b: Toedscruel|Rage Powder|p1b: Toedscruel\n|-singleturn|p1b: Toedscruel|move: Rage Powder\n|move|p2a: Chien-Pao|Icicle Crash|p1b: Toedscruel|[miss]\n|-miss|p2a: Chien-Pao|p1b: Toedscruel\n|move|p2b: Pelipper|Hurricane|p1b: Toedscruel\n|-damage|p1b: Toedscruel|68\/100\n|move|p1a: Stantler|Trick Room|p1a: Stantler\n|-fieldstart|move: Trick Room|[of] p1a: Stantler\n|\n|-weather|RainDance|[upkeep]\n|upkeep\n|turn|2\n|\n|t:|1700948493\n|switch|p2a: Zapdos|Zapdos, L50|100\/100\n|move|p2b: Pelipper|Hydro Pump|p1a: Stantler\n|-damage|p1a: Stantler|37\/100\n|move|p1a: Stantler|Sunny Day|p1a: Stantler\n|-weather|SunnyDay\n|move|p1b: Toedscruel|Solar Beam||[still]\n|-prepare|p1b: Toedscruel|Solar Beam\n|-anim|p1b: Toedscruel|Solar Beam|p2b: Pelipper\n|-damage|p2b: Pelipper|62\/100\n|\n|-weather|SunnyDay|[upkeep]\n|upkeep\n|turn|3\n|\n|t:|1700948533\n|switch|p2b: Gholdengo|Gholdengo, L50|100\/100\n|move|p1a: Stantler|Lunge|p2b: Gholdengo\n|-resisted|p2b: Gholdengo\n|-damage|p2b: Gholdengo|97\/100\n|-unboost|p2b: Gholdengo|atk|1\n|move|p1b: Toedscruel|Solar Beam||[still]\n|-prepare|p1b: Toedscruel|Solar Beam\n|-anim|p1b: Toedscruel|Solar Beam|p2b: Gholdengo\n|-resisted|p2b: Gholdengo\n|-damage|p2b: Gholdengo|84\/100\n|move|p2a: Zapdos|Thunder|p1b: Toedscruel|[miss]\n|-miss|p2a: Zapdos|p1b: Toedscruel\n|\n|-weather|SunnyDay|[upkeep]\n|-heal|p2b: Gholdengo|90\/100|[from] item: Leftovers\n|upkeep\n|turn|4\n|\n|t:|1700948558\n|switch|p2b: Pelipper|Pelipper, L50, F|62\/100\n|-weather|RainDance|[from] ability: Drizzle|[of] p2b: Pelipper\n|move|p1a: Stantler|Lunge|p2a: Zapdos\n|-resisted|p2a: Zapdos\n|-damage|p2a: Zapdos|90\/100\n|-unboost|p2a: Zapdos|atk|1\n|move|p1b: Toedscruel|Earth Power|p2b: Pelipper\n|-immune|p2b: Pelipper\n|move|p2a: Zapdos|Thunder|p1b: Toedscruel\n|-supereffective|p1b: Toedscruel\n|-damage|p1b: Toedscruel|0 fnt\n|faint|p1b: Toedscruel\n|\n|-weather|RainDance|[upkeep]\n|upkeep\n|\n|t:|1700948581\n|switch|p1b: Sableye|Sableye, L50, M|100\/100\n|turn|5\n|\n|t:|1700948623\n|move|p1b: Sableye|Sunny Day|p1b: Sableye\n|-weather|SunnyDay\n|move|p2b: Pelipper|Hydro Pump|p1a: Stantler\n|-damage|p1a: Stantler|16\/100\n|move|p1a: Stantler|Lunge|p2b: Pelipper\n|-resisted|p2b: Pelipper\n|-damage|p2b: Pelipper|53\/100\n|-unboost|p2b: Pelipper|atk|1\n|move|p2a: Zapdos|Weather Ball|p1b: Sableye\n|-damage|p1b: Sableye|45\/100\n|-enditem|p1b: Sableye|Eject Button\n|\n|t:|1700948633\n|switch|p1b: Heatran|Heatran, L50, M|100\/100\n|\n|-weather|SunnyDay|[upkeep]\n|-fieldend|move: Trick Room\n|upkeep\n|turn|6\n|\n|t:|1700948661\n|switch|p2b: Gholdengo|Gholdengo, L50|90\/100\n|-terastallize|p2a: Zapdos|Ground\n|move|p2a: Zapdos|Tera Blast|p1b: Heatran|[anim] Tera Blast Ground\n|-supereffective|p1b: Heatran\n|-damage|p1b: Heatran|0 fnt\n|faint|p1b: Heatran\n|move|p1a: Stantler|Lunge|p2b: Gholdengo\n|-resisted|p2b: Gholdengo\n|-damage|p2b: Gholdengo|86\/100\n|-unboost|p2b: Gholdengo|atk|1\n|\n|-weather|SunnyDay|[upkeep]\n|-heal|p2b: Gholdengo|92\/100|[from] item: Leftovers\n|upkeep\n|c|\u2606Atlat|gg\n|\n|t:|1700948675\n|switch|p1b: Sableye|Sableye, L50, M|45\/100\n|turn|7\n|\n|t:|1700948684\n|move|p2a: Zapdos|Weather Ball|p1b: Sableye\n|-damage|p1b: Sableye|0 fnt\n|faint|p1b: Sableye\n|move|p2b: Gholdengo|Make It Rain|p1a: Stantler\n|-damage|p1a: Stantler|0 fnt\n|-unboost|p2b: Gholdengo|spa|1\n|faint|p1a: Stantler\n|\n|win|ICYoyo\n|c|\u2606ICYoyo|gg\n","uploadtime":1700948699,"views":38,"p1id":"atlat","p2id":"icyoyo","formatid":"gen9vgc2023regulatione","rating":0,"private":0,"password":""}