{"id":"gen9vgc2023regulatione-1989760700","p1":"skeletal man","p2":"extrafabulous","format":"[Gen 9] VGC 2023 Regulation E","log":"|j|\u2606skeletal man\n|j|\u2606extrafabulous\n|t:|1699893451\n|gametype|doubles\n|player|p1|skeletal man|170|1259\n|player|p2|extrafabulous|266|1163\n|teamsize|p1|6\n|teamsize|p2|6\n|gen|9\n|tier|[Gen 9] VGC 2023 Regulation E\n|rated|\n|rule|Species Clause: Limit one of each Pok\u00e9mon\n|rule|Item Clause: Limit one of each item\n|clearpoke\n|poke|p1|Chien-Pao, L50|\n|poke|p1|Flutter Mane, L50|\n|poke|p1|Iron Bundle, L50|\n|poke|p1|Urshifu-*, L50, M|\n|poke|p1|Arcanine-Hisui, L50, M|\n|poke|p1|Dragonite, L50, M|\n|poke|p2|Amoonguss, L50, M|\n|poke|p2|Pelipper, L50, M|\n|poke|p2|Gholdengo, L50|\n|poke|p2|Urshifu-*, L50, M|\n|poke|p2|Ogerpon-Wellspring, L50, F|\n|poke|p2|Tornadus, L50, M|\n|teampreview|4\n|inactive|Battle timer is ON: inactive players will automatically lose when time's up. (requested by extrafabulous)\nskeletal man rejected open team sheets.\n|inactive|extrafabulous has 60 seconds left.\n|\n|t:|1699893485\n|start\n|switch|p1a: Flutter Mane|Flutter Mane, L50|100\/100\n|switch|p1b: Iron Bundle|Iron Bundle, L50|100\/100\n|switch|p2a: Tornadus|Tornadus, L50, M|100\/100\n|switch|p2b: Urshifu|Urshifu-Rapid-Strike, L50, M|100\/100\n|-enditem|p1b: Iron Bundle|Booster Energy\n|-activate|p1b: Iron Bundle|ability: Quark Drive|[fromitem]\n|-start|p1b: Iron Bundle|quarkdrivespe\n|turn|1\n|\n|t:|1699893508\n|-terastallize|p2b: Urshifu|Water\n|move|p2a: Tornadus|Tailwind|p2a: Tornadus\n|-sidestart|p2: extrafabulous|move: Tailwind\n|move|p2b: Urshifu|Surging Strikes|p1b: Iron Bundle\n|-resisted|p1b: Iron Bundle\n|-crit|p1b: Iron Bundle\n|-damage|p1b: Iron Bundle|83\/100\n|-resisted|p1b: Iron Bundle\n|-crit|p1b: Iron Bundle\n|-damage|p1b: Iron Bundle|63\/100\n|-resisted|p1b: Iron Bundle\n|-crit|p1b: Iron Bundle\n|-damage|p1b: Iron Bundle|43\/100\n|-hitcount|p1b: Iron Bundle|3\n|move|p1b: Iron Bundle|Icy Wind|p2b: Urshifu|[spread] p2a,p2b\n|-supereffective|p2a: Tornadus\n|-resisted|p2b: Urshifu\n|-damage|p2a: Tornadus|53\/100\n|-damage|p2b: Urshifu|86\/100\n|-unboost|p2a: Tornadus|spe|1\n|-unboost|p2b: Urshifu|spe|1\n|move|p1a: Flutter Mane|Icy Wind|p2a: Tornadus|[spread] p2b\n|-miss|p1a: Flutter Mane|p2a: Tornadus\n|-resisted|p2b: Urshifu\n|-damage|p2b: Urshifu|70\/100\n|-unboost|p2b: Urshifu|spe|1\n|\n|upkeep\n|turn|2\n|inactive|skeletal man has 30 seconds left.\n|\n|t:|1699893533\n|switch|p2b: Pelipper|Pelipper, L50, M|100\/100\n|-weather|RainDance|[from] ability: Drizzle|[of] p2b: Pelipper\n|move|p1b: Iron Bundle|Freeze-Dry|p2b: Pelipper\n|-supereffective|p2b: Pelipper\n|-enditem|p2b: Pelipper|Focus Sash\n|-damage|p2b: Pelipper|1\/100\n|move|p2a: Tornadus|Bleakwind Storm|p1a: Flutter Mane|[spread] p1a,p1b\n|-damage|p1a: Flutter Mane|71\/100\n|-damage|p1b: Iron Bundle|0 fnt\n|-unboost|p1a: Flutter Mane|spe|1\n|faint|p1b: Iron Bundle\n|-end|p1b: Iron Bundle|Quark Drive|[silent]\n|move|p1a: Flutter Mane|Icy Wind|p2b: Pelipper|[spread] p2a,p2b\n|-supereffective|p2a: Tornadus\n|-damage|p2a: Tornadus|0 fnt\n|-damage|p2b: Pelipper|0 fnt\n|faint|p2a: Tornadus\n|faint|p2b: Pelipper\n|\n|-weather|RainDance|[upkeep]\n|upkeep\n|\n|t:|1699893551\n|switch|p1b: Dragonite|Dragonite, L50, M|100\/100\n|switch|p2a: Urshifu|Urshifu-Rapid-Strike, L50, M, tera:Water|70\/100\n|switch|p2b: Ogerpon|Ogerpon-Wellspring, L50, F|100\/100\n|turn|3\n|\n|t:|1699893566\n|move|p2b: Ogerpon|Spiky Shield|p2b: Ogerpon\n|-singleturn|p2b: Ogerpon|move: Protect\n|move|p2a: Urshifu|Aqua Jet|p1a: Flutter Mane\n|-damage|p1a: Flutter Mane|0 fnt\n|faint|p1a: Flutter Mane\n|-end|p1a: Flutter Mane|Protosynthesis|[silent]\n|move|p1b: Dragonite|Outrage|p2b: Ogerpon\n|-activate|p2b: Ogerpon|move: Protect\n|-damage|p1b: Dragonite|89\/100|[from] Spiky Shield|[of] p2b: Ogerpon\n|\n|-weather|RainDance|[upkeep]\n|upkeep\n|\n|t:|1699893575\n|switch|p1a: Chien-Pao|Chien-Pao, L50|100\/100\n|-ability|p1a: Chien-Pao|Sword of Ruin\n|turn|4\n|\n|t:|1699893583\n|move|p1a: Chien-Pao|Sucker Punch|p2a: Urshifu\n|-damage|p2a: Urshifu|14\/100\n|move|p2b: Ogerpon|Ivy Cudgel|p1b: Dragonite\n|-resisted|p1b: Dragonite\n|-damage|p1b: Dragonite|27\/100\n|move|p2a: Urshifu|Surging Strikes|p1b: Dragonite\n|-resisted|p1b: Dragonite\n|-crit|p1b: Dragonite\n|-damage|p1b: Dragonite|0 fnt\n|faint|p1b: Dragonite\n|-hitcount|p1: Dragonite|1\n|\n|-weather|RainDance|[upkeep]\n|-sideend|p2: extrafabulous|move: Tailwind\n|upkeep\n|turn|5\n|\n|t:|1699893605\n|move|p2b: Ogerpon|Spiky Shield|p2b: Ogerpon\n|-singleturn|p2b: Ogerpon|move: Protect\n|move|p1a: Chien-Pao|Sucker Punch|p2a: Urshifu\n|-damage|p2a: Urshifu|0 fnt\n|faint|p2a: Urshifu\n|\n|-weather|RainDance|[upkeep]\n|upkeep\n|turn|6\n|\n|t:|1699893616\n|-terastallize|p1a: Chien-Pao|Ice\n|move|p1a: Chien-Pao|Ice Spinner|p2b: Ogerpon\n|-damage|p2b: Ogerpon|0 fnt\n|faint|p2b: Ogerpon\n|\n|win|skeletal man\n|raw|skeletal man's rating: 1259 &rarr; <strong>1277<\/strong><br \/>(+18 for winning)\n|raw|extrafabulous's rating: 1163 &rarr; <strong>1145<\/strong><br \/>(-18 for losing)\n|l|\u2606extrafabulous\n","uploadtime":1699893625,"views":27,"p1id":"skeletalman","p2id":"extrafabulous","formatid":"gen9vgc2023regulatione","rating":1145,"private":0,"password":""}