{"id":"gen9vgc2023regulatione-1995907723","p1":"cjl78","p2":"AGSilver935","format":"[Gen 9] VGC 2023 Regulation E","log":"|j|\u2606cjl78\n|j|\u2606AGSilver935\n|n|\u2606cjl78|cjl78\n|n|\u2606AGSilver935|agsilver935\n|html|View the match progress at <a href=\"\/game-bestof3-gen9vgc2023regulatione-1995904856\">game-bestof3-gen9vgc2023regulatione-1995904856<\/a>\n|t:|1700616102\n|gametype|doubles\n|player|p1|cjl78|170|\n|player|p2|AGSilver935|ghetsis|\n|teamsize|p1|6\n|teamsize|p2|6\n|gen|9\n|tier|[Gen 9] VGC 2023 Regulation E\n|rule|Species Clause: Limit one of each Pok\u00e9mon\n|rule|Item Clause: Limit one of each item\n|clearpoke\n|poke|p1|Amoonguss, L50, F|\n|poke|p1|Iron Hands, L50|\n|poke|p1|Arcanine-Hisui, L50, F|\n|poke|p1|Roaring Moon, L50|\n|poke|p1|Urshifu-*, L50, F|\n|poke|p1|Gholdengo, L50|\n|poke|p2|Tornadus, L50, M|\n|poke|p2|Urshifu-*, L50, M|\n|poke|p2|Regidrago, L50|\n|poke|p2|Gholdengo, L50|\n|poke|p2|Rillaboom, L50, M|\n|poke|p2|Arcanine-Hisui, L50, M|\n|teampreview|4\n|j| muzikal\nAGSilver935 has agreed to open team sheets.\n|c|\u2606AGSilver935|Good luck!\n|c|\u2606cjl78|you too!\n|j| Bauerdad\ncjl78 has agreed to open team sheets.\n|showteam|p1|Amoonguss||SitrusBerry|Regenerator|Spore,RagePowder,PollenPuff,Protect|||F|||50|,,,,,Water]Iron Hands||AssaultVest|QuarkDrive|FakeOut,WildCharge,DrainPunch,HeavySlam||||||50|,,,,,Water]Arcanine-Hisui||ChoiceBand|Intimidate|FlareBlitz,RockSlide,ExtremeSpeed,TeraBlast|||F|||50|,,,,,Fairy]Roaring Moon||BoosterEnergy|Protosynthesis|Acrobatics,KnockOff,Tailwind,Protect||||||50|,,,,,Flying]Urshifu-Rapid-Strike||MysticWater|UnseenFist|SurgingStrikes,AquaJet,Protect,CloseCombat|||F|||50|,,,,,Water]Gholdengo||Leftovers|GoodasGold|MakeItRain,ShadowBall,NastyPlot,Protect||||||50|,,,,,Dragon\n|showteam|p2|Tornadus||RockyHelmet|Prankster|BleakwindStorm,RainDance,Protect,Tailwind|||M|||50|,,,,,Steel]Urshifu-Rapid-Strike||ChoiceScarf|UnseenFist|SurgingStrikes,AquaJet,Uturn,CloseCombat|||M|||50|,,,,,Water]Regidrago||DragonFang|DragonsMaw|DragonEnergy,DracoMeteor,Protect,EarthPower||||||50|,,,,,Steel]Gholdengo||MetalCoat|GoodasGold|MakeItRain,ShadowBall,Protect,NastyPlot||||||50|,,,,,Dragon]Rillaboom||AssaultVest|GrassySurge|WoodHammer,Uturn,GrassyGlide,FakeOut|||M|||50|,,,,,Grass]Arcanine-Hisui||SitrusBerry|Intimidate|RockSlide,ExtremeSpeed,WillOWisp,FlareBlitz|||M|||50|,,,,,Water\n|\n|t:|1700616150\n|start\n|switch|p1a: Gholdengo|Gholdengo, L50|100\/100\n|switch|p1b: Iron Hands|Iron Hands, L50|100\/100\n|switch|p2a: Rillaboom|Rillaboom, L50, M|100\/100\n|switch|p2b: Urshifu|Urshifu-Rapid-Strike, L50, M|100\/100\n|-fieldstart|move: Grassy Terrain|[from] ability: Grassy Surge|[of] p2a: Rillaboom\n|turn|1\n|\n|t:|1700616193\n|move|p2a: Rillaboom|Fake Out|p1b: Iron Hands\n|-damage|p1b: Iron Hands|90\/100\n|cant|p1b: Iron Hands|flinch\n|move|p2b: Urshifu|U-turn|p1a: Gholdengo\n|-resisted|p1a: Gholdengo\n|-damage|p1a: Gholdengo|94\/100\n|\n|t:|1700616199\n|switch|p2b: Arcanine|Arcanine-Hisui, L50, M|100\/100|[from] U-turn\n|-ability|p2b: Arcanine|Intimidate|boost\n|-unboost|p1a: Gholdengo|atk|1\n|-unboost|p1b: Iron Hands|atk|1\n|move|p1a: Gholdengo|Shadow Ball|p2b: Arcanine\n|-damage|p2b: Arcanine|55\/100\n|\n|-heal|p2b: Arcanine|62\/100|[from] Grassy Terrain\n|-heal|p1a: Gholdengo|99\/100|[from] Grassy Terrain\n|-heal|p1a: Gholdengo|100\/100|[from] item: Leftovers\n|-heal|p1b: Iron Hands|97\/100|[from] Grassy Terrain\n|upkeep\n|turn|2\n|\n|t:|1700616237\n|-end|p1b: Iron Hands|Quark Drive|[silent]\n|switch|p1b: Arcanine|Arcanine-Hisui, L50, F|100\/100\n|-ability|p1b: Arcanine|Intimidate|boost\n|-unboost|p2a: Rillaboom|atk|1\n|-unboost|p2b: Arcanine|atk|1\n|-terastallize|p1a: Gholdengo|Dragon\n|move|p2b: Arcanine|Will-O-Wisp|p1b: Arcanine\n|-immune|p1b: Arcanine\n|move|p1a: Gholdengo|Make It Rain|p2b: Arcanine|[spread] p2a,p2b\n|-damage|p2a: Rillaboom|64\/100\n|-damage|p2b: Arcanine|10\/100\n|-unboost|p1a: Gholdengo|spa|1\n|-enditem|p2b: Arcanine|Sitrus Berry|[eat]\n|-heal|p2b: Arcanine|35\/100|[from] item: Sitrus Berry\n|move|p2a: Rillaboom|U-turn|p1a: Gholdengo\n|-damage|p1a: Gholdengo|83\/100\n|\n|t:|1700616263\n|switch|p2a: Urshifu|Urshifu-Rapid-Strike, L50, M|100\/100|[from] U-turn\n|\n|-heal|p2b: Arcanine|41\/100|[from] Grassy Terrain\n|-heal|p1a: Gholdengo|90\/100|[from] Grassy Terrain\n|-heal|p1a: Gholdengo|96\/100|[from] item: Leftovers\n|upkeep\n|turn|3\n|\n|t:|1700616279\n|move|p1b: Arcanine|Extreme Speed|p2a: Urshifu\n|-damage|p2a: Urshifu|56\/100\n|move|p2a: Urshifu|Surging Strikes|p1b: Arcanine\n|-supereffective|p1b: Arcanine\n|-crit|p1b: Arcanine\n|-damage|p1b: Arcanine|0 fnt\n|faint|p1b: Arcanine\n|-hitcount|p1: Arcanine|1\n|move|p2b: Arcanine|Rock Slide|p1a: Gholdengo|[miss]\n|-miss|p2b: Arcanine|p1a: Gholdengo\n|move|p1a: Gholdengo|Nasty Plot|p1a: Gholdengo\n|-boost|p1a: Gholdengo|spa|2\n|\n|-heal|p2a: Urshifu|62\/100|[from] Grassy Terrain\n|-heal|p2b: Arcanine|47\/100|[from] Grassy Terrain\n|-heal|p1a: Gholdengo|100\/100|[from] Grassy Terrain\n|upkeep\n|\n|t:|1700616285\n|switch|p1b: Roaring Moon|Roaring Moon, L50|100\/100\n|-enditem|p1b: Roaring Moon|Booster Energy\n|-activate|p1b: Roaring Moon|ability: Protosynthesis|[fromitem]\n|-start|p1b: Roaring Moon|protosynthesisspe\n|turn|4\n|\n|t:|1700616306\n|switch|p2a: Rillaboom|Rillaboom, L50, M|64\/100\n|move|p1b: Roaring Moon|Tailwind|p1b: Roaring Moon\n|-sidestart|p1: cjl78|move: Tailwind\n|move|p1a: Gholdengo|Shadow Ball|p2a: Rillaboom\n|-damage|p2a: Rillaboom|19\/100\n|-unboost|p2a: Rillaboom|spd|1\n|move|p2b: Arcanine|Will-O-Wisp|p1b: Roaring Moon\n|-status|p1b: Roaring Moon|brn\n|\n|-heal|p2b: Arcanine|53\/100|[from] Grassy Terrain\n|-heal|p2a: Rillaboom|25\/100|[from] Grassy Terrain\n|-damage|p1b: Roaring Moon|94\/100 brn|[from] brn\n|upkeep\n|turn|5\n|\n|t:|1700616326\n|move|p1a: Gholdengo|Protect|p1a: Gholdengo\n|-singleturn|p1a: Gholdengo|Protect\n|move|p1b: Roaring Moon|Acrobatics|p2a: Rillaboom\n|-supereffective|p2a: Rillaboom\n|-damage|p2a: Rillaboom|0 fnt\n|faint|p2a: Rillaboom\n|move|p2b: Arcanine|Rock Slide|p1b: Roaring Moon|[spread] p1b\n|-activate|p1a: Gholdengo|move: Protect\n|-damage|p1b: Roaring Moon|70\/100 brn\n|\n|-heal|p1b: Roaring Moon|76\/100 brn|[from] Grassy Terrain\n|-heal|p2b: Arcanine|59\/100|[from] Grassy Terrain\n|-damage|p1b: Roaring Moon|70\/100 brn|[from] brn\n|-fieldend|move: Grassy Terrain\n|upkeep\n|\n|t:|1700616343\n|switch|p2a: Urshifu|Urshifu-Rapid-Strike, L50, M|62\/100\n|turn|6\n|\n|t:|1700616380\n|-end|p1b: Roaring Moon|Protosynthesis|[silent]\n|switch|p1b: Iron Hands|Iron Hands, L50|97\/100\n|-terastallize|p2a: Urshifu|Water\n|move|p1a: Gholdengo|Shadow Ball|p2a: Urshifu\n|-damage|p2a: Urshifu|0 fnt\n|faint|p2a: Urshifu\n|move|p2b: Arcanine|Rock Slide|p1a: Gholdengo|[spread] p1a,p1b\n|-resisted|p1b: Iron Hands\n|-damage|p1a: Gholdengo|83\/100\n|-damage|p1b: Iron Hands|90\/100\n|\n|-heal|p1a: Gholdengo|89\/100|[from] item: Leftovers\n|upkeep\n|\n|t:|1700616391\n|switch|p2a: Regidrago|Regidrago, L50|100\/100\n|turn|7\n|\n|t:|1700616405\n|move|p2a: Regidrago|Protect|p2a: Regidrago\n|-singleturn|p2a: Regidrago|Protect\n|move|p1b: Iron Hands|Fake Out|p2a: Regidrago\n|-activate|p2a: Regidrago|move: Protect\n|move|p1a: Gholdengo|Shadow Ball|p2b: Arcanine\n|-damage|p2b: Arcanine|0 fnt\n|faint|p2b: Arcanine\n|\n|-heal|p1a: Gholdengo|95\/100|[from] item: Leftovers\n|-sideend|p1: cjl78|move: Tailwind\n|upkeep\n|turn|8\n|\n|t:|1700616428\n|move|p1a: Gholdengo|Protect|p1a: Gholdengo\n|-singleturn|p1a: Gholdengo|Protect\n|move|p2a: Regidrago|Dragon Energy|p1b: Iron Hands|[spread] p1b\n|-activate|p1a: Gholdengo|move: Protect\n|-damage|p1b: Iron Hands|38\/100\n|move|p1b: Iron Hands|Drain Punch|p2a: Regidrago\n|-damage|p2a: Regidrago|51\/100\n|-heal|p1b: Iron Hands|66\/100|[from] drain|[of] p2a: Regidrago\n|\n|-heal|p1a: Gholdengo|100\/100|[from] item: Leftovers\n|upkeep\n|turn|9\n|\n|t:|1700616449\n|move|p2a: Regidrago|Dragon Energy|p1a: Gholdengo|[spread] p1a,p1b\n|-supereffective|p1a: Gholdengo\n|-damage|p1a: Gholdengo|12\/100\n|-damage|p1b: Iron Hands|38\/100\n|move|p1a: Gholdengo|Make It Rain|p2a: Regidrago\n|-damage|p2a: Regidrago|0 fnt\n|-unboost|p1a: Gholdengo|spa|1\n|faint|p2a: Regidrago\n|\n|win|cjl78\n|c|\u2606AGSilver935|gg\n","uploadtime":1700616462,"views":7,"p1id":"cjl78","p2id":"agsilver935","formatid":"gen9vgc2023regulatione","rating":0,"private":0,"password":""}