{"id":"gen9vgc2023regulatione-1999064328","p1":"ogrepog","p2":"Omack20","format":"[Gen 9] VGC 2023 Regulation E","log":"|j|\u2606ogrepog\n|j|\u2606Omack20\n|t:|1701029331\n|gametype|doubles\n|player|p1|ogrepog|cheren-gen5bw2|1258\n|player|p2|Omack20|hilbert|1341\n|teamsize|p1|6\n|teamsize|p2|6\n|gen|9\n|tier|[Gen 9] VGC 2023 Regulation E\n|rated|\n|rule|Species Clause: Limit one of each Pok\u00e9mon\n|rule|Item Clause: Limit one of each item\n|clearpoke\n|poke|p1|Staraptor, L50, M|\n|poke|p1|Oranguru, L50, M|\n|poke|p1|Ursaluna-Bloodmoon, L50, M|\n|poke|p1|Maushold-Four, L50|\n|poke|p1|Dragonite, L50, M|\n|poke|p1|Tauros, L50, M|\n|poke|p2|Basculegion, L50, M|\n|poke|p2|Tornadus, L50, M|\n|poke|p2|Braviary-Hisui, L50, M|\n|poke|p2|Rillaboom, L50, M|\n|poke|p2|Landorus-Therian, L50, M|\n|poke|p2|Brambleghast, L50, M|\n|teampreview|4\n|inactive|Battle timer is ON: inactive players will automatically lose when time's up. (requested by Omack20)\nogrepog has agreed to open team sheets.\nOmack20 has agreed to open team sheets.\n|inactive|ogrepog has 30 seconds left.\n|\n|t:|1701029382\n|start\n|switch|p1a: Staraptor|Staraptor, L50, M, shiny|100\/100\n|switch|p1b: Oranguru|Oranguru, L50, M|100\/100\n|switch|p2a: Tornadus|Tornadus, L50, M, shiny|100\/100\n|switch|p2b: Braviary|Braviary-Hisui, L50, M, shiny|100\/100\n|-ability|p1a: Staraptor|Intimidate|boost\n|-unboost|p2a: Tornadus|atk|1\n|-unboost|p2b: Braviary|atk|1\n|turn|1\n|inactive|ogrepog has 30 seconds left.\n|\n|t:|1701029416\n|-terastallize|p2b: Braviary|Steel\n|move|p2a: Tornadus|Rain Dance|p2a: Tornadus\n|-weather|RainDance\n|move|p1a: Staraptor|U-turn|p2b: Braviary\n|-resisted|p2b: Braviary\n|-damage|p2b: Braviary|87\/100\n|\n|t:|1701029428\n|switch|p1a: Titan|Ursaluna-Bloodmoon, L50, M|100\/100|[from] U-turn\n|move|p2b: Braviary|Hurricane|p1b: Oranguru\n|-damage|p1b: Oranguru|52\/100\n|-start|p1b: Oranguru|confusion\n|-damage|p2b: Braviary|77\/100|[from] item: Life Orb\n|-activate|p1b: Oranguru|confusion\n|-damage|p1b: Oranguru|48\/100|[from] confusion\n|\n|-weather|RainDance|[upkeep]\n|upkeep\n|turn|2\n|inactive|ogrepog has 30 seconds left.\n|\n|t:|1701029453\n|-terastallize|p1a: Titan|Normal\n|move|p2a: Tornadus|Bleakwind Storm|p1b: Oranguru|[spread] p1a,p1b\n|-damage|p1a: Titan|68\/100\n|-damage|p1b: Oranguru|19\/100\n|-unboost|p1a: Titan|spe|1\n|-unboost|p1b: Oranguru|spe|1\n|move|p2b: Braviary|Esper Wing|p1b: Oranguru\n|-resisted|p1b: Oranguru\n|-damage|p1b: Oranguru|0 fnt\n|-boost|p2b: Braviary|spe|1\n|faint|p1b: Oranguru\n|-damage|p2b: Braviary|68\/100|[from] item: Life Orb\n|move|p1a: Titan|Earth Power|p2b: Braviary\n|-supereffective|p2b: Braviary\n|-damage|p2b: Braviary|0 fnt\n|faint|p2b: Braviary\n|\n|-weather|RainDance|[upkeep]\n|upkeep\n|\n|t:|1701029470\n|switch|p2b: Basculegion|Basculegion, L50, M, shiny|100\/100\n|switch|p1b: Staraptor|Staraptor, L50, M, shiny|100\/100\n|-ability|p1b: Staraptor|Intimidate|boost\n|-unboost|p2a: Tornadus|atk|1\n|-unboost|p2b: Basculegion|atk|1\n|turn|3\n|\n|t:|1701029490\n|move|p2a: Tornadus|Tailwind|p2a: Tornadus\n|-sidestart|p2: Omack20|move: Tailwind\n|move|p2b: Basculegion|Wave Crash|p1a: Titan\n|-damage|p1a: Titan|13\/100\n|-damage|p2b: Basculegion|82\/100|[from] Recoil\n|move|p1b: Staraptor|Brave Bird|p2b: Basculegion\n|-damage|p2b: Basculegion|20\/100\n|-damage|p1b: Staraptor|80\/100|[from] Recoil\n|move|p1a: Titan|Blood Moon|p2b: Basculegion\n|-damage|p2b: Basculegion|0 fnt\n|faint|p2b: Basculegion\n|\n|-weather|RainDance|[upkeep]\n|upkeep\n|\n|t:|1701029503\n|switch|p2b: Landorus|Landorus-Therian, L50, M, shiny|100\/100\n|-ability|p2b: Landorus|Intimidate|boost\n|-unboost|p1a: Titan|atk|1\n|-unboost|p1b: Staraptor|atk|1\n|turn|4\n|\n|t:|1701029511\n|switch|p1b: Tauros|Tauros, L50, M|100\/100\n|-ability|p1b: Tauros|Intimidate|boost\n|-unboost|p2a: Tornadus|atk|1\n|-unboost|p2b: Landorus|atk|1\n|move|p1a: Titan|Protect|p1a: Titan\n|-singleturn|p1a: Titan|Protect\n|move|p2b: Landorus|Rock Slide|p1a: Titan|[spread] p1b\n|-activate|p1a: Titan|move: Protect\n|-damage|p1b: Tauros|85\/100\n|move|p2a: Tornadus|Bleakwind Storm|p1a: Titan|[spread] p1b\n|-activate|p1a: Titan|move: Protect\n|-damage|p1b: Tauros|36\/100\n|-unboost|p1b: Tauros|spe|1\n|\n|-weather|RainDance|[upkeep]\n|upkeep\n|turn|5\n|\n|t:|1701029527\n|switch|p1b: Staraptor|Staraptor, L50, M, shiny|80\/100\n|-ability|p1b: Staraptor|Intimidate|boost\n|-unboost|p2a: Tornadus|atk|1\n|-unboost|p2b: Landorus|atk|1\n|move|p2b: Landorus|Rock Slide|p1b: Staraptor|[spread] p1a,p1b\n|-supereffective|p1b: Staraptor\n|-damage|p1a: Titan|5\/100\n|-damage|p1b: Staraptor|56\/100\n|move|p2a: Tornadus|Bleakwind Storm|p1b: Staraptor|[spread] p1a,p1b\n|-damage|p1a: Titan|0 fnt\n|-damage|p1b: Staraptor|10\/100\n|faint|p1a: Titan\n|\n|-weather|none\n|upkeep\n|\n|t:|1701029536\n|switch|p1a: Tauros|Tauros, L50, M|36\/100\n|-ability|p1a: Tauros|Intimidate|boost\n|-unboost|p2a: Tornadus|atk|1\n|-unboost|p2b: Landorus|atk|1\n|turn|6\n|\n|t:|1701029547\n|move|p2a: Tornadus|Rain Dance|p2a: Tornadus\n|-weather|RainDance\n|move|p2b: Landorus|Rock Slide|p1b: Staraptor|[spread] p1a,p1b\n|-supereffective|p1b: Staraptor\n|-damage|p1a: Tauros|27\/100\n|-damage|p1b: Staraptor|0 fnt\n|faint|p1b: Staraptor\n|move|p1a: Tauros|Raging Bull|p2a: Tornadus\n|-damage|p2a: Tornadus|53\/100\n|\n|-weather|RainDance|[upkeep]\n|-sideend|p2: Omack20|move: Tailwind\n|upkeep\n|turn|7\n|\n|t:|1701029567\n|move|p2b: Landorus|Rock Slide|p1a: Tauros\n|-damage|p1a: Tauros|13\/100\n|cant|p1a: Tauros|flinch\n|move|p2a: Tornadus|Bleakwind Storm|p1a: Tauros\n|-crit|p1a: Tauros\n|-damage|p1a: Tauros|0 fnt\n|faint|p1a: Tauros\n|\n|win|Omack20\n|raw|ogrepog's rating: 1258 &rarr; <strong>1239<\/strong><br \/>(-19 for losing)\n|raw|Omack20's rating: 1341 &rarr; <strong>1356<\/strong><br \/>(+15 for winning)\n|l|\u2606Omack20\n","uploadtime":1701029573,"views":15,"p1id":"ogrepog","p2id":"omack20","formatid":"gen9vgc2023regulatione","rating":1239,"private":0,"password":""}