{"id":"gen9vgc2023regulatione-1998073622","p1":"russianbluecatOvO","p2":"realxqt","format":"[Gen 9] VGC 2023 Regulation E","log":"|j|\u2606russianbluecatOvO\n|j|\u2606realxqt\n|t:|1700887112\n|gametype|doubles\n|player|p1|russianbluecatOvO|dawn-gen4pt|1173\n|player|p2|realxqt|dragontamer|1112\n|teamsize|p1|6\n|teamsize|p2|6\n|gen|9\n|tier|[Gen 9] VGC 2023 Regulation E\n|rated|\n|rule|Species Clause: Limit one of each Pok\u00e9mon\n|rule|Item Clause: Limit one of each item\n|clearpoke\n|poke|p1|Sneasler, L50, M|\n|poke|p1|Indeedee-F, L50, F|\n|poke|p1|Armarouge, L50, M|\n|poke|p1|Urshifu-*, L50, F|\n|poke|p1|Chien-Pao, L50|\n|poke|p1|Tornadus, L50, M|\n|poke|p2|Kingambit, L50, F|\n|poke|p2|Iron Hands, L50|\n|poke|p2|Ogerpon-Hearthflame, L50, F|\n|poke|p2|Urshifu-*, L50, M|\n|poke|p2|Tornadus, L50, M|\n|poke|p2|Brambleghast, L50, F|\n|teampreview|4\n|inactive|Battle timer is ON: inactive players will automatically lose when time's up. (requested by realxqt)\n|inactive|realxqt has 60 seconds left.\n|\n|t:|1700887163\n|start\n|switch|p1a: Urshifu|Urshifu-Rapid-Strike, L50, F|100\/100\n|switch|p1b: Tornadus|Tornadus, L50, M|100\/100\n|switch|p2a: Tornadus|Tornadus, L50, M|100\/100\n|switch|p2b: Kingambit|Kingambit, L50, F|100\/100\n|turn|1\n|inactive|realxqt has 30 seconds left.\n|\n|t:|1700887195\n|switch|p2b: Brambleghast|Brambleghast, L50, F|100\/100\n|-terastallize|p1a: Urshifu|Water\n|move|p2a: Tornadus|Taunt|p1b: Tornadus\n|-start|p1b: Tornadus|move: Taunt\n|move|p1a: Urshifu|Surging Strikes|p2a: Tornadus\n|-crit|p2a: Tornadus\n|-damage|p2a: Tornadus|54\/100\n|-crit|p2a: Tornadus\n|-damage|p2a: Tornadus|6\/100\n|-crit|p2a: Tornadus\n|-damage|p2a: Tornadus|0 fnt\n|faint|p2a: Tornadus\n|-hitcount|p2: Tornadus|3\n|move|p1b: Tornadus|Bleakwind Storm|p2b: Brambleghast\n|-ability|p2b: Brambleghast|Wind Rider|boost\n|-boost|p2b: Brambleghast|atk|1\n|\n|upkeep\n|\n|t:|1700887217\n|switch|p2a: Iron Hands|Iron Hands, L50|100\/100\n|turn|2\n|inactive|realxqt has 30 seconds left.\n|\n|t:|1700887251\n|switch|p1b: Indeedee|Indeedee-F, L50, F|100\/100\n|-fieldstart|move: Psychic Terrain|[from] ability: Psychic Surge|[of] p1b: Indeedee\n|-terastallize|p2a: Iron Hands|Water\n|move|p1a: Urshifu|Surging Strikes|p2a: Iron Hands\n|-resisted|p2a: Iron Hands\n|-crit|p2a: Iron Hands\n|-damage|p2a: Iron Hands|91\/100\n|-resisted|p2a: Iron Hands\n|-crit|p2a: Iron Hands\n|-damage|p2a: Iron Hands|82\/100\n|-resisted|p2a: Iron Hands\n|-crit|p2a: Iron Hands\n|-damage|p2a: Iron Hands|73\/100\n|-hitcount|p2a: Iron Hands|3\n|move|p2b: Brambleghast|Phantom Force||[still]\n|-prepare|p2b: Brambleghast|Phantom Force\n|move|p2a: Iron Hands|Swords Dance|p2a: Iron Hands\n|-boost|p2a: Iron Hands|atk|2\n|\n|upkeep\n|turn|3\n|inactive|realxqt has 30 seconds left.\n|inactive|realxqt has 20 seconds left.\n|\n|t:|1700887290\n|switch|p1a: Tornadus|Tornadus, L50, M|100\/100\n|move|p2b: Brambleghast|Phantom Force|p1a: Tornadus|[from]lockedmove\n|-damage|p1a: Tornadus|7\/100\n|move|p1b: Indeedee|Psyshock|p2a: Iron Hands\n|-damage|p2a: Iron Hands|45\/100\n|move|p2a: Iron Hands|Drain Punch|p1a: Tornadus\n|-resisted|p1a: Tornadus\n|-damage|p1a: Tornadus|0 fnt\n|-heal|p2a: Iron Hands|47\/100|[from] drain|[of] p1a: Tornadus\n|faint|p1a: Tornadus\n|\n|upkeep\n|\n|t:|1700887309\n|switch|p1a: Sneasler|Sneasler, L50, M|100\/100\n|-enditem|p1a: Sneasler|Psychic Seed\n|-boost|p1a: Sneasler|spd|1|[from] item: Psychic Seed\n|turn|4\n|inactive|realxqt has 30 seconds left.\n|\n|t:|1700887343\n|switch|p2b: Kingambit|Kingambit, L50, F|100\/100\n|move|p1a: Sneasler|Rock Slide|p2a: Iron Hands|[spread] p2a,p2b\n|-resisted|p2b: Kingambit\n|-crit|p2b: Kingambit\n|-damage|p2a: Iron Hands|35\/100\n|-damage|p2b: Kingambit|89\/100\n|move|p1b: Indeedee|Psyshock|p2a: Iron Hands\n|-damage|p2a: Iron Hands|9\/100\n|-enditem|p2a: Iron Hands|Aguav Berry|[eat]\n|-heal|p2a: Iron Hands|42\/100|[from] item: Aguav Berry\n|cant|p2a: Iron Hands|flinch\n|\n|upkeep\n|turn|5\n|inactive|russianbluecatOvO has 30 seconds left.\n|inactive|realxqt has 30 seconds left.\n|inactive|realxqt has 20 seconds left.\n|inactive|realxqt has 15 seconds left.\n|\n|t:|1700887387\n|switch|p1b: Urshifu|Urshifu-Rapid-Strike, L50, F, tera:Water|100\/100\n|move|p1a: Sneasler|Close Combat|p2a: Iron Hands\n|-damage|p2a: Iron Hands|4\/100\n|-unboost|p1a: Sneasler|def|1\n|-unboost|p1a: Sneasler|spd|1\n|move|p2b: Kingambit|Swords Dance|p2b: Kingambit\n|-boost|p2b: Kingambit|atk|2\n|move|p2a: Iron Hands|Drain Punch|p1b: Urshifu\n|-crit|p1b: Urshifu\n|-damage|p1b: Urshifu|0 fnt\n|-heal|p2a: Iron Hands|39\/100|[from] drain|[of] p1b: Urshifu\n|faint|p1b: Urshifu\n|\n|upkeep\n|\n|t:|1700887400\n|switch|p1b: Indeedee|Indeedee-F, L50, F|100\/100\n|turn|6\n|inactive|realxqt has 30 seconds left.\n|\n|t:|1700887433\n|move|p2b: Kingambit|Protect|p2b: Kingambit\n|-singleturn|p2b: Kingambit|Protect\n|move|p1a: Sneasler|Rock Slide|p2a: Iron Hands|[spread] p2a\n|-activate|p2b: Kingambit|move: Protect\n|-damage|p2a: Iron Hands|27\/100\n|move|p1b: Indeedee|Psyshock|p2a: Iron Hands\n|-damage|p2a: Iron Hands|0 fnt\n|faint|p2a: Iron Hands\n|-end|p2a: Iron Hands|Quark Drive|[silent]\n|\n|-fieldend|move: Psychic Terrain\n|upkeep\n|\n|t:|1700887445\n|switch|p2a: Brambleghast|Brambleghast, L50, F|100\/100\n|turn|7\n|\n|t:|1700887464\n|move|p1b: Indeedee|Follow Me|p1b: Indeedee\n|-singleturn|p1b: Indeedee|move: Follow Me\n|move|p2b: Kingambit|Sucker Punch||[still]\n|-fail|p2b: Kingambit\n|move|p1a: Sneasler|Close Combat|p2b: Kingambit\n|-supereffective|p2b: Kingambit\n|-damage|p2b: Kingambit|0 fnt\n|-unboost|p1a: Sneasler|def|1\n|-unboost|p1a: Sneasler|spd|1\n|faint|p2b: Kingambit\n|move|p2a: Brambleghast|Phantom Force||[still]\n|-prepare|p2a: Brambleghast|Phantom Force\n|\n|upkeep\n|turn|8\n|\n|t:|1700887482\n|move|p1b: Indeedee|Follow Me|p1b: Indeedee\n|-singleturn|p1b: Indeedee|move: Follow Me\n|move|p1a: Sneasler|Dire Claw|p2a: Brambleghast|[miss]\n|-miss|p1a: Sneasler|p2a: Brambleghast\n|move|p2a: Brambleghast|Phantom Force|p1b: Indeedee|[from]lockedmove\n|-immune|p1b: Indeedee\n|\n|upkeep\n|turn|9\n|\n|t:|1700887496\n|move|p1b: Indeedee|Follow Me|p1b: Indeedee\n|-singleturn|p1b: Indeedee|move: Follow Me\n|move|p1a: Sneasler|Dire Claw|p2a: Brambleghast\n|-damage|p2a: Brambleghast|38\/100\n|-damage|p1a: Sneasler|84\/100|[from] item: Rocky Helmet|[of] p2a: Brambleghast\n|move|p2a: Brambleghast|Power Whip|p1b: Indeedee\n|-damage|p1b: Indeedee|39\/100\n|-damage|p2a: Brambleghast|21\/100|[from] item: Rocky Helmet|[of] p1b: Indeedee\n|\n|upkeep\n|turn|10\n|\n|t:|1700887509\n|move|p1b: Indeedee|Follow Me|p1b: Indeedee\n|-singleturn|p1b: Indeedee|move: Follow Me\n|move|p1a: Sneasler|Dire Claw|p2a: Brambleghast\n|-damage|p2a: Brambleghast|0 fnt\n|-damage|p1a: Sneasler|67\/100|[from] item: Rocky Helmet|[of] p2a: Brambleghast\n|faint|p2a: Brambleghast\n|\n|win|russianbluecatOvO\n|raw|russianbluecatOvO's rating: 1173 &rarr; <strong>1194<\/strong><br \/>(+21 for winning)\n|raw|realxqt's rating: 1112 &rarr; <strong>1091<\/strong><br \/>(-21 for losing)\n","uploadtime":1700887521,"views":5,"p1id":"russianbluecatovo","p2id":"realxqt","formatid":"gen9vgc2023regulatione","rating":1091,"private":0,"password":""}