{"id":"gen9vgc2023regulatione-1994362851","p1":"Pink_SSB","p2":"AC Wesley","format":"[Gen 9] VGC 2023 Regulation E","log":"|j|\u2606Pink_SSB\n|j|\u2606AC Wesley\n|n|\u2606Pink_SSB|pinkssb\n|n|\u2606AC Wesley|acwesley\n|html|View the match progress at <a href=\"\/game-bestof3-gen9vgc2023regulatione-1994356045\">game-bestof3-gen9vgc2023regulatione-1994356045<\/a>\n|t:|1700435341\n|gametype|doubles\n|player|p1|Pink_SSB|1|\n|player|p2|AC Wesley|thorton|\n|teamsize|p1|6\n|teamsize|p2|6\n|gen|9\n|tier|[Gen 9] VGC 2023 Regulation E\n|rule|Species Clause: Limit one of each Pok\u00e9mon\n|rule|Item Clause: Limit one of each item\n|clearpoke\n|poke|p1|Eiscue, L50, M|\n|poke|p1|Iron Hands, L50|\n|poke|p1|Sinistcha, L50|\n|poke|p1|Landorus-Therian, L50, M|\n|poke|p1|Heatran, L50, F|\n|poke|p1|Flutter Mane, L50|\n|poke|p2|Iron Hands, L50|\n|poke|p2|Farigiraf, L50, F|\n|poke|p2|Ursaluna-Bloodmoon, L50, M|\n|poke|p2|Flutter Mane, L50|\n|poke|p2|Heatran, L50, F|\n|poke|p2|Ogerpon-Wellspring, L50, F|\n|teampreview|4\n|inactive|Battle timer is ON: inactive players will automatically lose when time's up. (requested by AC Wesley)\nAC Wesley has agreed to open team sheets.\n|inactive|AC Wesley has 60 seconds left.\nPink_SSB has agreed to open team sheets.\n|showteam|p1|Eiscue||SitrusBerry|IceFace|IcicleCrash,Liquidation,BellyDrum,Protect|||M|||50|,,,,,Ghost]Iron Hands||AssaultVest|QuarkDrive|WildCharge,DrainPunch,FakeOut,HeavySlam||||||50|,,,,,Water]Sinistcha||RockyHelmet|Hospitality|MatchaGotcha,RagePowder,StrengthSap,TrickRoom||||||50|,,,,,Fire]Landorus-Therian||ChoiceScarf|Intimidate|StompingTantrum,TeraBlast,RockSlide,Uturn|||M|||50|,,,,,Flying]Heatran||Leftovers|FlashFire|FlashCannon,HeatWave,EarthPower,Protect|||F|||50|,,,,,Grass]Flutter Mane||BoosterEnergy|Protosynthesis|Moonblast,DazzlingGleam,ShadowBall,Protect||||||50|,,,,,Fairy\n|showteam|p2|Iron Hands||AssaultVest|QuarkDrive|WildCharge,DrainPunch,HeavySlam,FakeOut||||||50|,,,,,Water]Farigiraf||MentalHerb|ArmorTail|TrickRoom,Imprison,DazzlingGleam,Protect|||F|||50|,,,,,Fairy]Ursaluna-Bloodmoon||LifeOrb|MindsEye|VacuumWave,BloodMoon,EarthPower,Protect|||M|||50|,,,,,Poison]Flutter Mane||BoosterEnergy|Protosynthesis|ShadowBall,DazzlingGleam,IcyWind,Taunt||||||50|,,,,,Fairy]Heatran||Leftovers|FlashFire|MagmaStorm,FlashCannon,EarthPower,Protect|||F|||50|,,,,,Grass]Ogerpon-Wellspring||WellspringMask|WaterAbsorb|IvyCudgel,HornLeech,SpikyShield,FollowMe|||F|||50|,,,,,Water\n|inactive|AC Wesley has 30 seconds left.\n|inactive|AC Wesley has 20 seconds left.\n|inactive|AC Wesley has 15 seconds left.\n|\n|t:|1700435431\n|start\n|switch|p1a: Brian Hands|Iron Hands, L50|100\/100\n|switch|p1b: Uncle Lando|Landorus-Therian, L50, M|100\/100\n|switch|p2a: Heatran|Heatran, L50, F|100\/100\n|switch|p2b: Iron Hands|Iron Hands, L50|100\/100\n|-ability|p1b: Uncle Lando|Intimidate|boost\n|-unboost|p2a: Heatran|atk|1\n|-unboost|p2b: Iron Hands|atk|1\n|turn|1\n|inactive|AC Wesley has 30 seconds left.\n|inactive|AC Wesley has 20 seconds left.\n|inactive|AC Wesley has 15 seconds left.\n|inactive|AC Wesley has 10 seconds left.\n|\n|t:|1700435479\n|-terastallize|p2b: Iron Hands|Water\n|move|p2b: Iron Hands|Fake Out|p1b: Uncle Lando\n|-damage|p1b: Uncle Lando|88\/100\n|cant|p1b: Uncle Lando|flinch\n|move|p2a: Heatran|Magma Storm|p1b: Uncle Lando\n|-damage|p1b: Uncle Lando|22\/100\n|-activate|p1b: Uncle Lando|move: Magma Storm|[of] p2a: Heatran\n|move|p1a: Brian Hands|Drain Punch|p2a: Heatran\n|-supereffective|p2a: Heatran\n|-damage|p2a: Heatran|26\/100\n|\n|-heal|p2a: Heatran|32\/100|[from] item: Leftovers\n|-damage|p1b: Uncle Lando|9\/100|[from] move: Magma Storm|[partiallytrapped]\n|upkeep\n|turn|2\n|inactive|AC Wesley has 30 seconds left.\n|\n|t:|1700435507\n|-end|p2b: Iron Hands|Quark Drive|[silent]\n|switch|p2b: Ogerpon|Ogerpon-Wellspring, L50, F|100\/100\n|move|p2a: Heatran|Protect|p2a: Heatran\n|-singleturn|p2a: Heatran|Protect\n|move|p1b: Uncle Lando|Stomping Tantrum|p2b: Ogerpon\n|-resisted|p2b: Ogerpon\n|-damage|p2b: Ogerpon|43\/100\n|move|p1a: Brian Hands|Drain Punch|p2a: Heatran\n|-activate|p2a: Heatran|move: Protect\n|\n|-heal|p2a: Heatran|39\/100|[from] item: Leftovers\n|-damage|p1b: Uncle Lando|0 fnt|[from] move: Magma Storm|[partiallytrapped]\n|faint|p1b: Uncle Lando\n|upkeep\n|\n|t:|1700435519\n|switch|p1b: Tera-Ass|Heatran, L50, F|100\/100\n|turn|3\n|inactive|AC Wesley has 30 seconds left.\n|inactive|AC Wesley has 20 seconds left.\n|inactive|AC Wesley has 15 seconds left.\n|inactive|AC Wesley has 10 seconds left.\n|\n|t:|1700435566\n|move|p1b: Tera-Ass|Protect|p1b: Tera-Ass\n|-singleturn|p1b: Tera-Ass|Protect\n|move|p2b: Ogerpon|Ivy Cudgel|p1a: Brian Hands|[anim] Ivy Cudgel Water\n|-damage|p1a: Brian Hands|62\/100\n|move|p2a: Heatran|Earth Power|p1a: Brian Hands\n|-supereffective|p1a: Brian Hands\n|-damage|p1a: Brian Hands|29\/100\n|move|p1a: Brian Hands|Drain Punch|p2b: Ogerpon\n|-damage|p2b: Ogerpon|0 fnt\n|-heal|p1a: Brian Hands|42\/100|[from] drain|[of] p2b: Ogerpon\n|faint|p2b: Ogerpon\n|\n|-heal|p2a: Heatran|45\/100|[from] item: Leftovers\n|upkeep\n|inactive|AC Wesley has 30 seconds left.\n|\n|t:|1700435595\n|switch|p2b: Flutter Mane|Flutter Mane, L50|100\/100\n|-enditem|p2b: Flutter Mane|Booster Energy\n|-activate|p2b: Flutter Mane|ability: Protosynthesis|[fromitem]\n|-start|p2b: Flutter Mane|protosynthesisspe\n|turn|4\n|\n|t:|1700435618\n|switch|p1b: Brian's Sippy Cup|Sinistcha, L50|100\/100\n|-heal|p1a: Brian Hands|67\/100|[from] ability: Hospitality|[of] p1b: Brian's Sippy Cup\n|switch|p2a: Iron Hands|Iron Hands, L50, tera:Water|100\/100\n|-terastallize|p1a: Brian Hands|Water\n|move|p2b: Flutter Mane|Dazzling Gleam|p1a: Brian Hands|[spread] p1a,p1b\n|-crit|p1a: Brian Hands\n|-damage|p1a: Brian Hands|41\/100\n|-damage|p1b: Brian's Sippy Cup|63\/100\n|move|p1a: Brian Hands|Heavy Slam|p2b: Flutter Mane\n|-supereffective|p2b: Flutter Mane\n|-damage|p2b: Flutter Mane|0 fnt\n|faint|p2b: Flutter Mane\n|-end|p2b: Flutter Mane|Protosynthesis|[silent]\n|\n|upkeep\n|\n|t:|1700435630\n|switch|p2b: Heatran|Heatran, L50, F|45\/100\n|turn|5\n|inactive|Pink_SSB has 30 seconds left.\n|inactive|AC Wesley has 30 seconds left.\n|\n|t:|1700435657\n|move|p1b: Brian's Sippy Cup|Rage Powder|p1b: Brian's Sippy Cup\n|-singleturn|p1b: Brian's Sippy Cup|move: Rage Powder\n|move|p2b: Heatran|Magma Storm|p1b: Brian's Sippy Cup|[miss]\n|-miss|p2b: Heatran|p1b: Brian's Sippy Cup\n|move|p1a: Brian Hands|Wild Charge|p2a: Iron Hands\n|-supereffective|p2a: Iron Hands\n|-damage|p2a: Iron Hands|33\/100\n|-damage|p1a: Brian Hands|23\/100|[from] Recoil\n|move|p2a: Iron Hands|Wild Charge|p1b: Brian's Sippy Cup\n|-resisted|p1b: Brian's Sippy Cup\n|-damage|p1b: Brian's Sippy Cup|40\/100\n|-damage|p2a: Iron Hands|17\/100|[from] item: Rocky Helmet|[of] p1b: Brian's Sippy Cup\n|-damage|p2a: Iron Hands|12\/100|[from] Recoil\n|\n|-heal|p2b: Heatran|51\/100|[from] item: Leftovers\n|upkeep\n|turn|6\n|c|\u2606AC Wesley|man\n|inactive|Pink_SSB has 30 seconds left.\n|inactive|AC Wesley has 30 seconds left.\n|c|\u2606Pink_SSB|90% of magma storm users quit before they hit it big\n|inactive|Pink_SSB has 20 seconds left.\n|inactive|AC Wesley has 20 seconds left.\n|inactive|Pink_SSB has 15 seconds left.\n|\n|t:|1700435699\n|move|p1b: Brian's Sippy Cup|Rage Powder|p1b: Brian's Sippy Cup\n|-singleturn|p1b: Brian's Sippy Cup|move: Rage Powder\n|move|p2b: Heatran|Magma Storm|p1b: Brian's Sippy Cup\n|-supereffective|p1b: Brian's Sippy Cup\n|-crit|p1b: Brian's Sippy Cup\n|-damage|p1b: Brian's Sippy Cup|0 fnt\n|faint|p1b: Brian's Sippy Cup\n|move|p1a: Brian Hands|Drain Punch|p2a: Iron Hands\n|-damage|p2a: Iron Hands|0 fnt\n|-heal|p1a: Brian Hands|29\/100|[from] drain|[of] p2a: Iron Hands\n|faint|p2a: Iron Hands\n|-end|p2a: Iron Hands|Quark Drive|[silent]\n|\n|-heal|p2b: Heatran|57\/100|[from] item: Leftovers\n|upkeep\n|\n|t:|1700435707\n|switch|p1b: Tera-Ass|Heatran, L50, F|100\/100\n|turn|7\n|\n|t:|1700435723\n|move|p1b: Tera-Ass|Earth Power|p2b: Heatran\n|-supereffective|p2b: Heatran\n|-damage|p2b: Heatran|0 fnt\n|faint|p2b: Heatran\n|\n|win|Pink_SSB\n|c|\u2606AC Wesley|was that it lol\n|c|\u2606Pink_SSB|ye\n|c|\u2606Pink_SSB|ggs bro\n|c|\u2606AC Wesley|10% i win those\n|c|\u2606AC Wesley|ggs\n|l|\u2606Pink_SSB\n","uploadtime":1700435816,"views":5,"p1id":"pinkssb","p2id":"acwesley","formatid":"gen9vgc2023regulatione","rating":0,"private":0,"password":""}