{"id":"gen9vgc2023regulatione-1996004966","p1":"zenekboys","p2":"Tuan TNG00","format":"[Gen 9] VGC 2023 Regulation E","log":"|j|\u2606zenekboys\n|j|\u2606Tuan TNG00\n|t:|1700628157\n|gametype|doubles\n|player|p1|zenekboys|gambler|1133\n|player|p2|Tuan TNG00|cynthia|1059\n|teamsize|p1|6\n|teamsize|p2|6\n|gen|9\n|tier|[Gen 9] VGC 2023 Regulation E\n|rated|\n|rule|Species Clause: Limit one of each Pok\u00e9mon\n|rule|Item Clause: Limit one of each item\n|clearpoke\n|poke|p1|Flutter Mane, L50|\n|poke|p1|Ogerpon-Wellspring, L50, F|\n|poke|p1|Dragapult, L50, F|\n|poke|p1|Iron Bundle, L50|\n|poke|p1|Kingambit, L50, F|\n|poke|p1|Pawmot, L50, M|\n|poke|p2|Noivern, L50, M|\n|poke|p2|Regieleki, L50|\n|poke|p2|Gardevoir, L50, M|\n|poke|p2|Regidrago, L50|\n|poke|p2|Golem-Alola, L50, M|\n|poke|p2|Garganacl, L50, F|\n|teampreview|4\n|\n|t:|1700628194\n|start\n|switch|p1a: Iron Bundle|Iron Bundle, L50, shiny|100\/100\n|switch|p1b: Pawmot|Pawmot, L50, M, shiny|100\/100\n|switch|p2a: Golem|Golem-Alola, L50, M|100\/100\n|switch|p2b: Gardevoir|Gardevoir, L50, M|100\/100\n|-enditem|p1a: Iron Bundle|Booster Energy\n|-activate|p1a: Iron Bundle|ability: Quark Drive|[fromitem]\n|-start|p1a: Iron Bundle|quarkdrivespe\n|turn|1\n|\n|t:|1700628247\n|switch|p1b: Flutter Mane|Flutter Mane, L50|100\/100\n|-terastallize|p2b: Gardevoir|Fairy\n|move|p1a: Iron Bundle|Protect|p1a: Iron Bundle\n|-singleturn|p1a: Iron Bundle|Protect\n|move|p2b: Gardevoir|Dazzling Gleam|p1b: Flutter Mane|[spread] p1b\n|-activate|p1a: Iron Bundle|move: Protect\n|-damage|p1b: Flutter Mane|26\/100\n|move|p2a: Golem|Earthquake|p1b: Flutter Mane|[spread] p1b\n|-activate|p1a: Iron Bundle|move: Protect\n|-activate|p2b: Gardevoir|ability: Telepathy\n|-damage|p1b: Flutter Mane|0 fnt\n|faint|p1b: Flutter Mane\n|-end|p1b: Flutter Mane|Protosynthesis|[silent]\n|\n|upkeep\n|\n|t:|1700628270\n|switch|p1b: Ogerpon|Ogerpon-Wellspring, L50, F|100\/100\n|turn|2\n|\n|t:|1700628293\n|move|p1a: Iron Bundle|Icy Wind|p2a: Golem|[spread] p2a,p2b\n|-crit|p2a: Golem\n|-damage|p2a: Golem|49\/100\n|-damage|p2b: Gardevoir|75\/100\n|-unboost|p2a: Golem|spe|1\n|-unboost|p2b: Gardevoir|spe|1\n|move|p1b: Ogerpon|Ivy Cudgel|p2b: Gardevoir|[anim] Ivy Cudgel Water\n|-damage|p2b: Gardevoir|0 fnt\n|faint|p2b: Gardevoir\n|move|p2a: Golem|Explosion|p1a: Iron Bundle|[spread] p1a,p1b\n|-supereffective|p1a: Iron Bundle\n|-damage|p1a: Iron Bundle|0 fnt\n|-damage|p1b: Ogerpon|0 fnt\n|faint|p2a: Golem\n|faint|p1a: Iron Bundle\n|-end|p1a: Iron Bundle|Quark Drive|[silent]\n|faint|p1b: Ogerpon\n|\n|upkeep\n|\n|t:|1700628311\n|switch|p1b: Pawmot|Pawmot, L50, M, shiny|100\/100\n|switch|p2b: Regidrago|Regidrago, L50|100\/100\n|switch|p2a: Regieleki|Regieleki, L50|100\/100\n|turn|3\n|\n|t:|1700628324\n|-terastallize|p1b: Pawmot|Ground\n|move|p2a: Regieleki|Thunderbolt|p1b: Pawmot\n|-immune|p1b: Pawmot|[from] ability: Volt Absorb\n|move|p1b: Pawmot|Tera Blast|p2a: Regieleki|[anim] Tera Blast Ground\n|-supereffective|p2a: Regieleki\n|-enditem|p2a: Regieleki|Focus Sash\n|-damage|p2a: Regieleki|1\/100\n|move|p2b: Regidrago|Draco Meteor|p1b: Pawmot|[miss]\n|-miss|p2b: Regidrago|p1b: Pawmot\n|\n|upkeep\n|turn|4\n|\n|t:|1700628340\n|move|p2b: Regidrago|Protect|p2b: Regidrago\n|-singleturn|p2b: Regidrago|Protect\n|move|p2a: Regieleki|Explosion|p1b: Pawmot|[spread] p1b\n|-activate|p2b: Regidrago|move: Protect\n|-damage|p1b: Pawmot|28\/100\n|faint|p2a: Regieleki\n|move|p1b: Pawmot|Revival Blessing|p1b: Pawmot\n|\n|t:|1700628360\n|-heal|p1: Iron Bundle|50\/100|[from] move: Revival Blessing\n|\n|upkeep\n|-end|p1: Iron Bundle|Quark Drive|[silent]\n|switch|p1a: Iron Bundle|Iron Bundle, L50, shiny|50\/100\n|turn|5\n|\n|t:|1700628373\n|move|p1a: Iron Bundle|Freeze-Dry|p2b: Regidrago\n|-supereffective|p2b: Regidrago\n|-damage|p2b: Regidrago|26\/100\n|move|p1b: Pawmot|Tera Blast|p2b: Regidrago|[anim] Tera Blast Ground\n|-damage|p2b: Regidrago|0 fnt\n|faint|p2b: Regidrago\n|\n|win|zenekboys\n|raw|zenekboys's rating: 1133 &rarr; <strong>1153<\/strong><br \/>(+20 for winning)\n|raw|Tuan TNG00's rating: 1059 &rarr; <strong>1044<\/strong><br \/>(-15 for losing)\n|l|\u2606Tuan TNG00\n|l|\u2606zenekboys\n","uploadtime":1700628405,"views":6,"p1id":"zenekboys","p2id":"tuantng00","formatid":"gen9vgc2023regulatione","rating":1044,"private":0,"password":""}