{"id":"gen9vgc2023regulatione-1988548010","p1":"Vengeful potato","p2":"Aylona","format":"[Gen 9] VGC 2023 Regulation E","log":"|j|\u2606Vengeful potato\n|j|\u2606Aylona\n|t:|1699734794\n|gametype|doubles\n|player|p1|Vengeful potato|swimmer|\n|player|p2|Aylona|morty|\n|teamsize|p1|5\n|teamsize|p2|6\n|gen|9\n|tier|[Gen 9] VGC 2023 Regulation E\n|rated|Tournament battle\n|rule|Species Clause: Limit one of each Pok\u00e9mon\n|rule|Item Clause: Limit one of each item\n|clearpoke\n|poke|p1|Articuno-Galar, L50|\n|poke|p1|Maushold, L50|\n|poke|p1|Decidueye-Hisui, L50, M|\n|poke|p1|Stonjourner, L50, F|\n|poke|p1|Regidrago, L50|\n|poke|p2|Annihilape, L50, F|\n|poke|p2|Iron Hands, L50|\n|poke|p2|Arcanine-Hisui, L50, F|\n|poke|p2|Sinistcha, L50|\n|poke|p2|Indeedee-F, L50, F|\n|poke|p2|Hatterene, L50, F|\n|teampreview|4\n|showteam|p1|Articuno-Galar||CovertCloak|Competitive|FreezingGlare,AirSlash,Tailwind,TrickRoom||||||50|,,,,,Steel]Maushold||RockyHelmet|FriendGuard|SuperFang,Taunt,FollowMe,Protect||||||50|,,,,,Ghost]Decidueye-Hisui||LoadedDice|Scrappy|BulletSeed,TripleArrows,SwordsDance,Protect|||M|||50|,,,,,Fire]Stonjourner||ClearAmulet|PowerSpot|RockSlide,HighHorsepower,HeatCrash,WideGuard|||F|||50|,,,,,Grass]Regidrago||DragonFang|DragonsMaw|DracoMeteor,DragonEnergy,EarthPower,Protect||||||50|,,,,,Dragon\n|showteam|p2|Annihilape||Leftovers|Defiant|RageFist,DrainPunch,BulkUp,Protect|||F|||50|,,,,,Fire]Iron Hands||AssaultVest|QuarkDrive|WildCharge,DrainPunch,HeavySlam,FakeOut||||||50|,,,,,Grass]Arcanine-Hisui||ChoiceBand|Intimidate|FlareBlitz,RockSlide,ExtremeSpeed,TeraBlast|||F|||50|,,,,,Fairy]Sinistcha||SitrusBerry|Hospitality|MatchaGotcha,StrengthSap,TrickRoom,RagePowder||||||50|,,,,,Water]Indeedee-F||RockyHelmet|PsychicSurge|DazzlingGleam,HelpingHand,TrickRoom,FollowMe|||F|||50|,,,,,Dragon]Hatterene||LifeOrb|MagicBounce|Psychic,DazzlingGleam,TrickRoom,Protect|||F|||50|,,,,,Water\n|\n|t:|1699734844\n|start\n|switch|p1a: The Rizzler\ud83d\ude31\ud83d\udcaf\ud83d\udde3\ufe0f|Articuno-Galar, L50, shiny|100\/100\n|switch|p1b: Best Rock|Stonjourner, L50, F, shiny|100\/100\n|switch|p2a: Iron Hands|Iron Hands, L50|100\/100\n|switch|p2b: Arcanine|Arcanine-Hisui, L50, F|100\/100\n|-ability|p2b: Arcanine|Intimidate|boost\n|-unboost|p1a: The Rizzler\ud83d\ude31\ud83d\udcaf\ud83d\udde3\ufe0f|atk|1\n|-ability|p1a: The Rizzler\ud83d\ude31\ud83d\udcaf\ud83d\udde3\ufe0f|Competitive|boost\n|-boost|p1a: The Rizzler\ud83d\ude31\ud83d\udcaf\ud83d\udde3\ufe0f|spa|2\n|-fail|p1b: Best Rock|unboost|[from] item: Clear Amulet|[of] p1b: Best Rock\n|turn|1\n|\n|t:|1699734873\n|switch|p1b: Despereaux|Maushold, L50, shiny|100\/100\n|move|p2a: Iron Hands|Fake Out|p1b: Despereaux\n|-damage|p1b: Despereaux|85\/100\n|-damage|p2a: Iron Hands|84\/100|[from] item: Rocky Helmet|[of] p1b: Despereaux\n|move|p2b: Arcanine|Rock Slide|p1a: The Rizzler\ud83d\ude31\ud83d\udcaf\ud83d\udde3\ufe0f|[spread] p1a,p1b\n|-supereffective|p1a: The Rizzler\ud83d\ude31\ud83d\udcaf\ud83d\udde3\ufe0f\n|-damage|p1a: The Rizzler\ud83d\ude31\ud83d\udcaf\ud83d\udde3\ufe0f|43\/100\n|-damage|p1b: Despereaux|48\/100\n|move|p1a: The Rizzler\ud83d\ude31\ud83d\udcaf\ud83d\udde3\ufe0f|Tailwind|p1a: The Rizzler\ud83d\ude31\ud83d\udcaf\ud83d\udde3\ufe0f\n|-sidestart|p1: Vengeful potato|move: Tailwind\n|\n|upkeep\n|turn|2\n|\n|t:|1699734899\n|-terastallize|p2a: Iron Hands|Grass\n|move|p1b: Despereaux|Super Fang|p2a: Iron Hands\n|-damage|p2a: Iron Hands|42\/100\n|move|p1a: The Rizzler\ud83d\ude31\ud83d\udcaf\ud83d\udde3\ufe0f|Freezing Glare|p2b: Arcanine\n|-damage|p2b: Arcanine|2\/100\n|move|p2b: Arcanine|Rock Slide|p1a: The Rizzler\ud83d\ude31\ud83d\udcaf\ud83d\udde3\ufe0f|[spread] p1a,p1b\n|-supereffective|p1a: The Rizzler\ud83d\ude31\ud83d\udcaf\ud83d\udde3\ufe0f\n|-damage|p1a: The Rizzler\ud83d\ude31\ud83d\udcaf\ud83d\udde3\ufe0f|0 fnt\n|-damage|p1b: Despereaux|11\/100\n|faint|p1a: The Rizzler\ud83d\ude31\ud83d\udcaf\ud83d\udde3\ufe0f\n|move|p2a: Iron Hands|Wild Charge|p1b: Despereaux\n|-damage|p1b: Despereaux|0 fnt\n|-damage|p2a: Iron Hands|26\/100|[from] item: Rocky Helmet|[of] p1b: Despereaux\n|faint|p1b: Despereaux\n|-damage|p2a: Iron Hands|24\/100|[from] Recoil\n|\n|upkeep\n|\n|t:|1699734906\n|switch|p1b: Best Rock|Stonjourner, L50, F, shiny|100\/100\n|switch|p1a: Robin DaBank|Decidueye-Hisui, L50, M, shiny|100\/100\n|turn|3\n|\n|t:|1699734922\n|switch|p2b: Sinistcha|Sinistcha, L50|100\/100\n|-heal|p2a: Iron Hands|49\/100|[from] ability: Hospitality|[of] p2b: Sinistcha\n|move|p1b: Best Rock|Rock Slide|p2b: Sinistcha|[spread] p2a,p2b\n|-crit|p2a: Iron Hands\n|-damage|p2a: Iron Hands|16\/100\n|-damage|p2b: Sinistcha|75\/100\n|move|p1a: Robin DaBank|Triple Arrows|p2a: Iron Hands\n|-damage|p2a: Iron Hands|0 fnt\n|faint|p2a: Iron Hands\n|-end|p2a: Iron Hands|Quark Drive|[silent]\n|\n|upkeep\n|\n|t:|1699734932\n|switch|p2a: Arcanine|Arcanine-Hisui, L50, F|2\/100\n|-ability|p2a: Arcanine|Intimidate|boost\n|-fail|p1a: Robin DaBank|unboost|Attack|[from] ability: Scrappy|[of] p1a: Robin DaBank\n|-fail|p1b: Best Rock|unboost|[from] item: Clear Amulet|[of] p1b: Best Rock\n|turn|4\n|\n|t:|1699734952\n|switch|p2a: Annihilape|Annihilape, L50, F|100\/100\n|move|p1a: Robin DaBank|Triple Arrows|p2b: Sinistcha\n|-damage|p2b: Sinistcha|27\/100\n|-unboost|p2b: Sinistcha|def|1\n|-enditem|p2b: Sinistcha|Sitrus Berry|[eat]\n|-heal|p2b: Sinistcha|52\/100|[from] item: Sitrus Berry\n|move|p1b: Best Rock|Rock Slide|p2a: Annihilape|[spread] p2a,p2b\n|-resisted|p2a: Annihilape\n|-damage|p2a: Annihilape|87\/100\n|-damage|p2b: Sinistcha|9\/100\n|cant|p2b: Sinistcha|flinch\n|\n|-heal|p2a: Annihilape|93\/100|[from] item: Leftovers\n|-sideend|p1: Vengeful potato|move: Tailwind\n|upkeep\n|turn|5\n|\n|t:|1699734978\n|move|p1b: Best Rock|Wide Guard|p1b: Best Rock\n|-singleturn|p1b: Best Rock|Wide Guard\n|move|p2a: Annihilape|Rage Fist|p1a: Robin DaBank\n|-damage|p1a: Robin DaBank|60\/100\n|move|p1a: Robin DaBank|Swords Dance|p1a: Robin DaBank\n|-boost|p1a: Robin DaBank|atk|2\n|move|p2b: Sinistcha|Matcha Gotcha|p1b: Best Rock|[spread] \n|-activate|p1a: Robin DaBank|move: Wide Guard\n|-activate|p1b: Best Rock|move: Wide Guard\n|\n|-heal|p2a: Annihilape|99\/100|[from] item: Leftovers\n|upkeep\n|turn|6\n|\n|t:|1699735001\n|move|p2a: Annihilape|Protect|p2a: Annihilape\n|-singleturn|p2a: Annihilape|Protect\n|move|p1a: Robin DaBank|Bullet Seed|p2a: Annihilape\n|-activate|p2a: Annihilape|move: Protect\n|move|p1b: Best Rock|Rock Slide|p2b: Sinistcha|[spread] p2b\n|-activate|p2a: Annihilape|move: Protect\n|-damage|p2b: Sinistcha|0 fnt\n|faint|p2b: Sinistcha\n|\n|-heal|p2a: Annihilape|100\/100|[from] item: Leftovers\n|upkeep\n|\n|t:|1699735011\n|switch|p2b: Arcanine|Arcanine-Hisui, L50, F|2\/100\n|-ability|p2b: Arcanine|Intimidate|boost\n|-fail|p1a: Robin DaBank|unboost|Attack|[from] ability: Scrappy|[of] p1a: Robin DaBank\n|-fail|p1b: Best Rock|unboost|[from] item: Clear Amulet|[of] p1b: Best Rock\n|turn|7\n|\n|t:|1699735056\n|move|p1a: Robin DaBank|Protect|p1a: Robin DaBank\n|-singleturn|p1a: Robin DaBank|Protect\n|move|p2b: Arcanine|Flare Blitz|p1a: Robin DaBank\n|-activate|p1a: Robin DaBank|move: Protect\n|move|p2a: Annihilape|Rage Fist|p1b: Best Rock\n|-damage|p1b: Best Rock|70\/100\n|move|p1b: Best Rock|Heat Crash|p2b: Arcanine\n|-resisted|p2b: Arcanine\n|-damage|p2b: Arcanine|0 fnt\n|faint|p2b: Arcanine\n|\n|upkeep\n|turn|8\n|\n|t:|1699735075\n|move|p2a: Annihilape|Rage Fist|p1a: Robin DaBank\n|-damage|p1a: Robin DaBank|13\/100\n|move|p1a: Robin DaBank|Bullet Seed|p2a: Annihilape\n|-damage|p2a: Annihilape|71\/100\n|-damage|p2a: Annihilape|43\/100\n|-damage|p2a: Annihilape|13\/100\n|-damage|p2a: Annihilape|0 fnt\n|faint|p2a: Annihilape\n|-hitcount|p2: Annihilape|4\n|\n|win|Vengeful potato\n|n|\u2606Vengeful potato|vengefulpotato\n|n|\u2606Aylona|aylona\n|c|\u2606Vengeful potato|Gg\n","uploadtime":1699735082,"views":10,"p1id":"vengefulpotato","p2id":"aylona","formatid":"gen9vgc2023regulatione","rating":0,"private":0,"password":""}