{"id":"gen9vgc2023regulatione-1988776417","p1":"Darxss","p2":"olivermaul","format":"[Gen 9] VGC 2023 Regulation E","log":"|j|\u2606Darxss\n|j|\u2606olivermaul\n|t:|1699761674\n|gametype|doubles\n|player|p1|Darxss|1|1069\n|player|p2|olivermaul|brawly|1125\n|teamsize|p1|6\n|teamsize|p2|6\n|gen|9\n|tier|[Gen 9] VGC 2023 Regulation E\n|rated|\n|rule|Species Clause: Limit one of each Pok\u00e9mon\n|rule|Item Clause: Limit one of each item\n|clearpoke\n|poke|p1|Illumise, L50, F|\n|poke|p1|Landorus-Therian, L50, M|\n|poke|p1|Glimmora, L50, M|\n|poke|p1|Iron Bundle, L50|\n|poke|p1|Kingambit, L50, M|\n|poke|p1|Iron Hands, L50|\n|poke|p2|Ogerpon-Wellspring, L50, F|\n|poke|p2|Scream Tail, L50|\n|poke|p2|Arcanine-Hisui, L50, M|\n|poke|p2|Rillaboom, L50, F|\n|poke|p2|Flutter Mane, L50|\n|poke|p2|Thundurus, L50, M|\n|teampreview|4\n|inactive|Battle timer is ON: inactive players will automatically lose when time's up. (requested by Darxss)\n|\n|t:|1699761703\n|start\n|switch|p1a: Illumise|Illumise, L50, F|100\/100\n|switch|p1b: Glimmora|Glimmora, L50, M|100\/100\n|switch|p2a: Ogerpon|Ogerpon-Wellspring, L50, F|100\/100\n|switch|p2b: Scream Tail|Scream Tail, L50|100\/100\n|turn|1\n|\n|t:|1699761726\n|move|p1b: Glimmora|Spiky Shield|p1b: Glimmora\n|-singleturn|p1b: Glimmora|move: Protect\n|move|p2a: Ogerpon|Spiky Shield|p2a: Ogerpon\n|-singleturn|p2a: Ogerpon|move: Protect\n|move|p1a: Illumise|Tailwind|p1a: Illumise\n|-sidestart|p1: Darxss|move: Tailwind\n|move|p2b: Scream Tail|Trick Room|p2b: Scream Tail\n|-fieldstart|move: Trick Room|[of] p2b: Scream Tail\n|-enditem|p2b: Scream Tail|Room Service\n|-unboost|p2b: Scream Tail|spe|1|[from] item: Room Service\n|\n|upkeep\n|turn|2\n|inactive|Darxss has 30 seconds left.\n|\n|t:|1699761751\n|-terastallize|p2a: Ogerpon|Water\n|detailschange|p2a: Ogerpon|Ogerpon-Wellspring-Tera, L50, F, tera:Water\n|-ability|p2a: Ogerpon|Embody Aspect (Wellspring)|boost\n|-boost|p2a: Ogerpon|spd|1\n|move|p1a: Illumise|Encore|p2b: Scream Tail\n|-start|p2b: Scream Tail|Encore\n|move|p2b: Scream Tail|Trick Room|p2b: Scream Tail\n|-fieldend|move: Trick Room\n|move|p1b: Glimmora|Sludge Wave|p2a: Ogerpon|[spread] p1a,p2a,p2b\n|-supereffective|p2b: Scream Tail\n|-damage|p1a: Illumise|67\/100\n|-damage|p2a: Ogerpon|78\/100\n|-damage|p2b: Scream Tail|40\/100\n|move|p2a: Ogerpon|Ivy Cudgel|p1b: Glimmora\n|-supereffective|p1b: Glimmora\n|-damage|p1b: Glimmora|0 fnt\n|-activate|p1b: Glimmora|ability: Toxic Debris\n|-sidestart|p2: olivermaul|move: Toxic Spikes\n|faint|p1b: Glimmora\n|\n|upkeep\n|\n|t:|1699761769\n|switch|p1b: Iron Bundle|Iron Bundle, L50|100\/100\n|-enditem|p1b: Iron Bundle|Booster Energy\n|-activate|p1b: Iron Bundle|ability: Quark Drive|[fromitem]\n|-start|p1b: Iron Bundle|quarkdrivespe\n|turn|3\n|\n|t:|1699761777\n|move|p2a: Ogerpon|Spiky Shield|p2a: Ogerpon\n|-singleturn|p2a: Ogerpon|move: Protect\n|move|p1a: Illumise|Thunder Wave|p2a: Ogerpon\n|-activate|p2a: Ogerpon|move: Protect\n|move|p1b: Iron Bundle|Freeze-Dry|p2a: Ogerpon\n|-activate|p2a: Ogerpon|move: Protect\n|move|p2b: Scream Tail|Trick Room|p2b: Scream Tail\n|-fieldstart|move: Trick Room|[of] p2b: Scream Tail\n|\n|upkeep\n|turn|4\n|\n|t:|1699761793\n|-end|p2b: Scream Tail|Protosynthesis|[silent]\n|switch|p2b: Rillaboom|Rillaboom, L50, F|100\/100\n|-status|p2b: Rillaboom|psn\n|-fieldstart|move: Grassy Terrain|[from] ability: Grassy Surge|[of] p2b: Rillaboom\n|move|p1a: Illumise|Thunder Wave|p2a: Ogerpon\n|-status|p2a: Ogerpon|par\n|cant|p2a: Ogerpon|par\n|move|p1b: Iron Bundle|Freeze-Dry|p2a: Ogerpon\n|-supereffective|p2a: Ogerpon\n|-damage|p2a: Ogerpon|32\/100 par\n|\n|-heal|p2a: Ogerpon|38\/100 par|[from] Grassy Terrain\n|-heal|p1a: Illumise|72\/100|[from] Grassy Terrain\n|-damage|p2b: Rillaboom|88\/100 psn|[from] psn\n|-sideend|p1: Darxss|move: Tailwind\n|upkeep\n|turn|5\n|inactive|olivermaul has 30 seconds left.\n|\n|t:|1699761824\n|move|p1a: Illumise|Protect|p1a: Illumise\n|-singleturn|p1a: Illumise|Protect\n|move|p1b: Iron Bundle|Protect|p1b: Iron Bundle\n|-singleturn|p1b: Iron Bundle|Protect\n|move|p2b: Rillaboom|Grassy Glide|p1b: Iron Bundle\n|-activate|p1b: Iron Bundle|move: Protect\n|move|p2a: Ogerpon|Wood Hammer|p1b: Iron Bundle\n|-activate|p1b: Iron Bundle|move: Protect\n|\n|-heal|p2a: Ogerpon|44\/100 par|[from] Grassy Terrain\n|-heal|p1a: Illumise|78\/100|[from] Grassy Terrain\n|-heal|p2b: Rillaboom|94\/100 psn|[from] Grassy Terrain\n|-damage|p2b: Rillaboom|82\/100 psn|[from] psn\n|upkeep\n|turn|6\n|\n|t:|1699761846\n|-end|p1b: Iron Bundle|Quark Drive|[silent]\n|switch|p1b: Iron Hands|Iron Hands, L50|100\/100\n|move|p1a: Illumise|Encore|p2b: Rillaboom\n|-start|p2b: Rillaboom|Encore\n|move|p2b: Rillaboom|Grassy Glide|p1b: Iron Hands\n|-damage|p1b: Iron Hands|78\/100\n|move|p2a: Ogerpon|Wood Hammer|p1b: Iron Hands\n|-damage|p1b: Iron Hands|23\/100\n|-damage|p2a: Ogerpon|18\/100 par|[from] Recoil\n|\n|-heal|p1b: Iron Hands|29\/100|[from] Grassy Terrain\n|-heal|p2a: Ogerpon|24\/100 par|[from] Grassy Terrain\n|-heal|p1a: Illumise|84\/100|[from] Grassy Terrain\n|-heal|p2b: Rillaboom|88\/100 psn|[from] Grassy Terrain\n|-damage|p2b: Rillaboom|76\/100 psn|[from] psn\n|upkeep\n|turn|7\n|\n|t:|1699761866\n|move|p1a: Illumise|Protect|p1a: Illumise\n|-singleturn|p1a: Illumise|Protect\n|move|p2a: Ogerpon|Spiky Shield|p2a: Ogerpon\n|-singleturn|p2a: Ogerpon|move: Protect\n|move|p1b: Iron Hands|Fake Out|p2a: Ogerpon\n|-activate|p2a: Ogerpon|move: Protect\n|-damage|p1b: Iron Hands|17\/100|[from] Spiky Shield|[of] p2a: Ogerpon\n|move|p2b: Rillaboom|Grassy Glide|p1b: Iron Hands\n|-damage|p1b: Iron Hands|0 fnt\n|faint|p1b: Iron Hands\n|-end|p1b: Iron Hands|Quark Drive|[silent]\n|\n|-heal|p2a: Ogerpon|30\/100 par|[from] Grassy Terrain\n|-heal|p1a: Illumise|90\/100|[from] Grassy Terrain\n|-heal|p2b: Rillaboom|82\/100 psn|[from] Grassy Terrain\n|-damage|p2b: Rillaboom|70\/100 psn|[from] psn\n|-fieldend|move: Trick Room\n|upkeep\n|\n|t:|1699761872\n|switch|p1b: Iron Bundle|Iron Bundle, L50|100\/100\n|turn|8\n|\n|t:|1699761890\n|switch|p2b: Thundurus|Thundurus, L50, M|100\/100\n|-terastallize|p1b: Iron Bundle|Ghost\n|move|p2a: Ogerpon|Spiky Shield||[still]\n|-fail|p2a: Ogerpon\n|move|p1a: Illumise|Tailwind|p1a: Illumise\n|-sidestart|p1: Darxss|move: Tailwind\n|move|p1b: Iron Bundle|Freeze-Dry|p2b: Thundurus\n|-supereffective|p2b: Thundurus\n|-damage|p2b: Thundurus|22\/100\n|-enditem|p2b: Thundurus|Sitrus Berry|[eat]\n|-heal|p2b: Thundurus|47\/100|[from] item: Sitrus Berry\n|\n|-heal|p1a: Illumise|96\/100|[from] Grassy Terrain\n|-heal|p2a: Ogerpon|36\/100 par|[from] Grassy Terrain\n|-fieldend|move: Grassy Terrain\n|upkeep\n|turn|9\n|\n|t:|1699761914\n|switch|p2a: Scream Tail|Scream Tail, L50|40\/100\n|-status|p2a: Scream Tail|psn\n|move|p1a: Illumise|Encore||[still]\n|-fail|p1a: Illumise\n|move|p2b: Thundurus|Thunder Wave|p1b: Iron Bundle|[miss]\n|-miss|p2b: Thundurus|p1b: Iron Bundle\n|move|p1b: Iron Bundle|Freeze-Dry|p2b: Thundurus\n|-supereffective|p2b: Thundurus\n|-damage|p2b: Thundurus|0 fnt\n|faint|p2b: Thundurus\n|\n|-damage|p2a: Scream Tail|28\/100 psn|[from] psn\n|upkeep\n|\n|t:|1699761927\n|switch|p2b: Rillaboom|Rillaboom, L50, F|70\/100 psn\n|-fieldstart|move: Grassy Terrain|[from] ability: Grassy Surge|[of] p2b: Rillaboom\n|turn|10\n|\n|t:|1699761947\n|move|p1a: Illumise|Protect|p1a: Illumise\n|-singleturn|p1a: Illumise|Protect\n|move|p1b: Iron Bundle|Freeze-Dry|p2b: Rillaboom\n|-supereffective|p2b: Rillaboom\n|-damage|p2b: Rillaboom|10\/100 psn\n|move|p2a: Scream Tail|Howl|p2a: Scream Tail|[spread] p2a,p2b\n|-boost|p2a: Scream Tail|atk|1\n|-boost|p2b: Rillaboom|atk|1\n|move|p2b: Rillaboom|Knock Off|p1b: Iron Bundle\n|-supereffective|p1b: Iron Bundle\n|-damage|p1b: Iron Bundle|23\/100\n|\n|-heal|p1b: Iron Bundle|29\/100|[from] Grassy Terrain\n|-heal|p1a: Illumise|100\/100|[from] Grassy Terrain\n|-heal|p2a: Scream Tail|34\/100 psn|[from] Grassy Terrain\n|-heal|p2b: Rillaboom|17\/100 psn|[from] Grassy Terrain\n|-damage|p2a: Scream Tail|21\/100 psn|[from] psn\n|-damage|p2b: Rillaboom|4\/100 psn|[from] psn\n|upkeep\n|turn|11\n|inactive|olivermaul has 30 seconds left.\n|\n|t:|1699761973\n|move|p1b: Iron Bundle|Protect|p1b: Iron Bundle\n|-singleturn|p1b: Iron Bundle|Protect\n|move|p1a: Illumise|Encore|p2b: Rillaboom\n|-start|p2b: Rillaboom|Encore\n|move|p2b: Rillaboom|Knock Off|p1a: Illumise\n|-damage|p1a: Illumise|37\/100\n|-enditem|p1a: Illumise|Focus Sash|[from] move: Knock Off|[of] p2b: Rillaboom\n|move|p2a: Scream Tail|Psychic Fangs|p1b: Iron Bundle\n|-activate|p1b: Iron Bundle|move: Protect\n|\n|-heal|p1b: Iron Bundle|35\/100|[from] Grassy Terrain\n|-heal|p1a: Illumise|43\/100|[from] Grassy Terrain\n|-heal|p2a: Scream Tail|27\/100 psn|[from] Grassy Terrain\n|-heal|p2b: Rillaboom|10\/100 psn|[from] Grassy Terrain\n|-damage|p2a: Scream Tail|15\/100 psn|[from] psn\n|-damage|p2b: Rillaboom|0 fnt|[from] psn\n|faint|p2b: Rillaboom\n|-sideend|p1: Darxss|move: Tailwind\n|upkeep\n|\n|t:|1699761989\n|switch|p2b: Ogerpon|Ogerpon-Wellspring-Tera, L50, F, tera:Water|36\/100 par\n|-ability|p2b: Ogerpon|Embody Aspect (Wellspring)|boost\n|-boost|p2b: Ogerpon|spd|1\n|turn|12\n|\n|t:|1699762002\n|move|p2b: Ogerpon|Spiky Shield|p2b: Ogerpon\n|-singleturn|p2b: Ogerpon|move: Protect\n|move|p1a: Illumise|Tailwind|p1a: Illumise\n|-sidestart|p1: Darxss|move: Tailwind\n|move|p1b: Iron Bundle|Freeze-Dry|p2b: Ogerpon\n|-activate|p2b: Ogerpon|move: Protect\n|move|p2a: Scream Tail|Psychic Fangs|p1b: Iron Bundle\n|-damage|p1b: Iron Bundle|0 fnt\n|faint|p1b: Iron Bundle\n|-end|p1b: Iron Bundle|Quark Drive|[silent]\n|\n|-heal|p1a: Illumise|48\/100|[from] Grassy Terrain\n|-heal|p2a: Scream Tail|21\/100 psn|[from] Grassy Terrain\n|-heal|p2b: Ogerpon|42\/100 par|[from] Grassy Terrain\n|-damage|p2a: Scream Tail|8\/100 psn|[from] psn\n|upkeep\n|turn|13\n|-message|Darxss forfeited.\n|\n|win|olivermaul\n|raw|Darxss's rating: 1069 &rarr; <strong>1052<\/strong><br \/>(-17 for losing)\n|raw|olivermaul's rating: 1125 &rarr; <strong>1146<\/strong><br \/>(+21 for winning)\n|l|\u2606Darxss\n","uploadtime":1699762016,"views":23,"p1id":"darxss","p2id":"olivermaul","formatid":"gen9vgc2023regulatione","rating":1052,"private":0,"password":""}