{"id":"gen9vgc2023regulatione-1994602175","p1":"KhaotikLOLx","p2":"tyl8","format":"[Gen 9] VGC 2023 Regulation E","log":"|j|\u2606KhaotikLOLx\n|j|\u2606tyl8\n|t:|1700467569\n|gametype|doubles\n|player|p1|KhaotikLOLx|101|1230\n|player|p2|tyl8|dawn|1311\n|teamsize|p1|6\n|teamsize|p2|6\n|gen|9\n|tier|[Gen 9] VGC 2023 Regulation E\n|rated|\n|rule|Species Clause: Limit one of each Pok\u00e9mon\n|rule|Item Clause: Limit one of each item\n|clearpoke\n|poke|p1|Dragonite, L50, M|\n|poke|p1|Chien-Pao, L50|\n|poke|p1|Urshifu-*, L50, M|\n|poke|p1|Iron Hands, L50|\n|poke|p1|Arcanine-Hisui, L50, F|\n|poke|p1|Weezing, L50, M|\n|poke|p2|Gholdengo, L50|\n|poke|p2|Ogerpon-Wellspring, L50, F|\n|poke|p2|Roaring Moon, L50|\n|poke|p2|Iron Hands, L50|\n|poke|p2|Tornadus, L50, M|\n|poke|p2|Arcanine-Hisui, L50, F|\n|teampreview|4\n|inactive|Battle timer is ON: inactive players will automatically lose when time's up. (requested by tyl8)\n|inactive|KhaotikLOLx also wants the timer to be on.\nKhaotikLOLx has agreed to open team sheets.\n|inactive|KhaotikLOLx has 60 seconds left.\n|\n|t:|1700467620\n|start\n|switch|p1a: Weezing|Weezing, L50, M|100\/100\n|switch|p1b: Urshifu|Urshifu-Rapid-Strike, L50, M|100\/100\n|switch|p2a: Gholdengo|Gholdengo, L50|100\/100\n|switch|p2b: Ogerpon|Ogerpon-Wellspring, L50, F|100\/100\n|-ability|p1a: Weezing|Neutralizing Gas\n|turn|1\n|inactive|KhaotikLOLx has 30 seconds left.\n|\n|t:|1700467654\n|switch|p2a: Iron Hands|Iron Hands, L50|100\/100\n|-terastallize|p1b: Urshifu|Water\n|move|p1b: Urshifu|Surging Strikes|p2a: Iron Hands\n|-crit|p2a: Iron Hands\n|-damage|p2a: Iron Hands|80\/100\n|-crit|p2a: Iron Hands\n|-damage|p2a: Iron Hands|60\/100\n|-crit|p2a: Iron Hands\n|-damage|p2a: Iron Hands|41\/100\n|-hitcount|p2a: Iron Hands|3\n|move|p2b: Ogerpon|Wood Hammer|p1b: Urshifu\n|-supereffective|p1b: Urshifu\n|-damage|p1b: Urshifu|0 fnt\n|faint|p1b: Urshifu\n|-damage|p2b: Ogerpon|67\/100|[from] Recoil\n|move|p1a: Weezing|Will-O-Wisp|p2b: Ogerpon\n|-status|p2b: Ogerpon|brn\n|\n|-damage|p2b: Ogerpon|62\/100 brn|[from] brn\n|upkeep\n|\n|t:|1700467668\n|switch|p1b: Iron Hands|Iron Hands, L50|100\/100\n|turn|2\n|\n|t:|1700467681\n|move|p2b: Ogerpon|Spiky Shield|p2b: Ogerpon\n|-singleturn|p2b: Ogerpon|move: Protect\n|move|p1b: Iron Hands|Fake Out|p2b: Ogerpon\n|-activate|p2b: Ogerpon|move: Protect\n|-damage|p1b: Iron Hands|88\/100|[from] Spiky Shield|[of] p2b: Ogerpon\n|move|p2a: Iron Hands|Fake Out|p1a: Weezing\n|-damage|p1a: Weezing|91\/100\n|cant|p1a: Weezing|flinch\n|\n|-heal|p1a: Weezing|96\/100|[from] item: Leftovers\n|-damage|p2b: Ogerpon|56\/100 brn|[from] brn\n|upkeep\n|turn|3\n|\n|t:|1700467701\n|move|p2b: Ogerpon|Ivy Cudgel|p1a: Weezing|[anim] Ivy Cudgel Water\n|-damage|p1a: Weezing|75\/100\n|move|p1a: Weezing|Will-O-Wisp|p2a: Iron Hands\n|-status|p2a: Iron Hands|brn\n|move|p1b: Iron Hands|Wild Charge|p2b: Ogerpon\n|-damage|p2b: Ogerpon|3\/100 brn\n|-damage|p1b: Iron Hands|79\/100|[from] Recoil\n|move|p2a: Iron Hands|Volt Switch|p1a: Weezing\n|-damage|p1a: Weezing|56\/100\n|\n|t:|1700467714\n|-end|p2a: Iron Hands|Quark Drive|[silent]\n|switch|p2a: Gholdengo|Gholdengo, L50|100\/100|[from] Volt Switch\n|\n|-heal|p1a: Weezing|62\/100|[from] item: Leftovers\n|-damage|p2b: Ogerpon|0 fnt|[from] brn\n|faint|p2b: Ogerpon\n|upkeep\n|\n|t:|1700467717\n|switch|p2b: Iron Hands|Iron Hands, L50|41\/100 brn\n|turn|4\n|\n|t:|1700467740\n|move|p2b: Iron Hands|Fake Out|p1b: Iron Hands\n|-damage|p1b: Iron Hands|74\/100\n|move|p2a: Gholdengo|Nasty Plot|p2a: Gholdengo\n|-boost|p2a: Gholdengo|spa|2\n|move|p1a: Weezing|Will-O-Wisp|p2a: Gholdengo|[miss]\n|-miss|p1a: Weezing|p2a: Gholdengo\n|cant|p1b: Iron Hands|flinch\n|\n|-heal|p1a: Weezing|68\/100|[from] item: Leftovers\n|-damage|p2b: Iron Hands|35\/100 brn|[from] brn\n|upkeep\n|turn|5\n|\n|t:|1700467758\n|move|p2a: Gholdengo|Nasty Plot|p2a: Gholdengo\n|-boost|p2a: Gholdengo|spa|2\n|move|p1a: Weezing|Will-O-Wisp|p2a: Gholdengo|[miss]\n|-miss|p1a: Weezing|p2a: Gholdengo\n|move|p1b: Iron Hands|Wild Charge|p2a: Gholdengo\n|-damage|p2a: Gholdengo|55\/100\n|-damage|p1b: Iron Hands|65\/100|[from] Recoil\n|move|p2b: Iron Hands|Wild Charge|p1a: Weezing\n|-damage|p1a: Weezing|52\/100\n|-damage|p2b: Iron Hands|32\/100 brn|[from] Recoil\n|\n|-heal|p2a: Gholdengo|61\/100|[from] item: Leftovers\n|-heal|p1a: Weezing|58\/100|[from] item: Leftovers\n|-damage|p2b: Iron Hands|26\/100 brn|[from] brn\n|upkeep\n|turn|6\n|\n|t:|1700467771\n|-terastallize|p2a: Gholdengo|Dragon\n|move|p1a: Weezing|Protect|p1a: Weezing\n|-singleturn|p1a: Weezing|Protect\n|move|p2a: Gholdengo|Make It Rain|p1b: Iron Hands|[spread] p1b\n|-activate|p1a: Weezing|move: Protect\n|-resisted|p1b: Iron Hands\n|-damage|p1b: Iron Hands|28\/100\n|-unboost|p2a: Gholdengo|spa|1\n|move|p1b: Iron Hands|Wild Charge|p2a: Gholdengo\n|-resisted|p2a: Gholdengo\n|-damage|p2a: Gholdengo|36\/100\n|-damage|p1b: Iron Hands|24\/100|[from] Recoil\n|move|p2b: Iron Hands|Drain Punch|p1b: Iron Hands\n|-damage|p1b: Iron Hands|8\/100\n|-heal|p2b: Iron Hands|35\/100 brn|[from] drain|[of] p1b: Iron Hands\n|\n|-heal|p2a: Gholdengo|42\/100|[from] item: Leftovers\n|-heal|p1a: Weezing|64\/100|[from] item: Leftovers\n|-damage|p2b: Iron Hands|29\/100 brn|[from] brn\n|upkeep\n|turn|7\n|inactive|KhaotikLOLx has 30 seconds left.\n|\n|t:|1700467797\n|move|p2a: Gholdengo|Protect|p2a: Gholdengo\n|-singleturn|p2a: Gholdengo|Protect\n|move|p1a: Weezing|Toxic|p2a: Gholdengo\n|-activate|p2a: Gholdengo|move: Protect\n|move|p1b: Iron Hands|Drain Punch|p2a: Gholdengo\n|-activate|p2a: Gholdengo|move: Protect\n|move|p2b: Iron Hands|Volt Switch|p1b: Iron Hands\n|-resisted|p1b: Iron Hands\n|-damage|p1b: Iron Hands|4\/100\n|\n|t:|1700467808\n|-end|p2b: Iron Hands|Quark Drive|[silent]\n|switch|p2b: Roaring Moon|Roaring Moon, L50, shiny|100\/100|[from] Volt Switch\n|-enditem|p2b: Roaring Moon|Booster Energy\n|-activate|p2b: Roaring Moon|ability: Protosynthesis|[fromitem]\n|-start|p2b: Roaring Moon|protosynthesisatk\n|\n|-heal|p2a: Gholdengo|48\/100|[from] item: Leftovers\n|-heal|p1a: Weezing|70\/100|[from] item: Leftovers\n|upkeep\n|turn|8\n|inactive|KhaotikLOLx has 30 seconds left.\n|\n|t:|1700467838\n|move|p1a: Weezing|Protect|p1a: Weezing\n|-singleturn|p1a: Weezing|Protect\n|move|p2b: Roaring Moon|Dragon Dance|p2b: Roaring Moon\n|-boost|p2b: Roaring Moon|atk|1\n|-boost|p2b: Roaring Moon|spe|1\n|move|p2a: Gholdengo|Make It Rain|p1a: Weezing|[spread] p1b\n|-activate|p1a: Weezing|move: Protect\n|-resisted|p1b: Iron Hands\n|-damage|p1b: Iron Hands|0 fnt\n|-unboost|p2a: Gholdengo|spa|1\n|faint|p1b: Iron Hands\n|-end|p1b: Iron Hands|Quark Drive|[silent]\n|\n|-heal|p2a: Gholdengo|55\/100|[from] item: Leftovers\n|-heal|p1a: Weezing|75\/100|[from] item: Leftovers\n|upkeep\n|\n|t:|1700467846\n|switch|p1b: Dragonite|Dragonite, L50, M|100\/100\n|turn|9\n|\n|t:|1700467863\n|-end|p2b: Roaring Moon|Protosynthesis|[silent]\n|switch|p2b: Iron Hands|Iron Hands, L50|29\/100 brn\n|move|p2a: Gholdengo|Protect|p2a: Gholdengo\n|-singleturn|p2a: Gholdengo|Protect\n|move|p1b: Dragonite|Outrage|p2a: Gholdengo\n|-activate|p2a: Gholdengo|move: Protect\n|move|p1a: Weezing|Toxic|p2a: Gholdengo\n|-activate|p2a: Gholdengo|move: Protect\n|\n|-heal|p2a: Gholdengo|61\/100|[from] item: Leftovers\n|-heal|p1a: Weezing|81\/100|[from] item: Leftovers\n|-damage|p2b: Iron Hands|23\/100 brn|[from] brn\n|upkeep\n|turn|10\n|\n|t:|1700467880\n|move|p2b: Iron Hands|Fake Out|p1b: Dragonite\n|-damage|p1b: Dragonite|91\/100\n|cant|p1b: Dragonite|flinch\n|move|p2a: Gholdengo|Make It Rain|p1a: Weezing|[spread] p1a,p1b\n|-damage|p1a: Weezing|0 fnt\n|-damage|p1b: Dragonite|1\/100\n|-unboost|p2a: Gholdengo|spa|1\n|faint|p1a: Weezing\n|-end|p1a: Weezing|ability: Neutralizing Gas\n|\n|-heal|p2a: Gholdengo|67\/100|[from] item: Leftovers\n|-damage|p2b: Iron Hands|17\/100 brn|[from] brn\n|upkeep\n|turn|11\n|-message|KhaotikLOLx forfeited.\n|\n|win|tyl8\n|raw|KhaotikLOLx's rating: 1230 &rarr; <strong>1211<\/strong><br \/>(-19 for losing)\n|raw|tyl8's rating: 1311 &rarr; <strong>1326<\/strong><br \/>(+15 for winning)\n|c|\u2606tyl8|Gg\n","uploadtime":1700467901,"views":3,"p1id":"khaotiklolx","p2id":"tyl8","formatid":"gen9vgc2023regulatione","rating":1211,"private":0,"password":""}