{"id":"gen9vgc2023regulatione-1989292952","p1":"gloriagloria","p2":"bway","format":"[Gen 9] VGC 2023 Regulation E","log":"|j|\u2606gloriagloria\n|j|\u2606bway\n|t:|1699832788\n|gametype|doubles\n|player|p1|gloriagloria|fisherman|1050\n|player|p2|bway|265|1129\n|teamsize|p1|6\n|teamsize|p2|6\n|gen|9\n|tier|[Gen 9] VGC 2023 Regulation E\n|rated|\n|rule|Species Clause: Limit one of each Pok\u00e9mon\n|rule|Item Clause: Limit one of each item\n|clearpoke\n|poke|p1|Baxcalibur, L50, F|\n|poke|p1|Talonflame, L50, F|\n|poke|p1|Scizor, L50, F|\n|poke|p1|Landorus-Therian, L50, M|\n|poke|p1|Flutter Mane, L50|\n|poke|p1|Rotom-Wash, L50|\n|poke|p2|Piplup, L50, M|\n|poke|p2|Farigiraf, L50, M|\n|poke|p2|Sinistcha, L50|\n|poke|p2|Iron Hands, L50|\n|poke|p2|Kingambit, L50, F|\n|poke|p2|Ogerpon-Hearthflame, L50, F|\n|teampreview|4\nbway rejected open team sheets.\n|\n|t:|1699832825\n|start\n|switch|p1a: Talonflame|Talonflame, L50, F|100\/100\n|switch|p1b: Landorus|Landorus-Therian, L50, M|100\/100\n|switch|p2a: Farigiraf|Farigiraf, L50, M|100\/100\n|switch|p2b: Piplup|Piplup, L50, M|100\/100\n|-ability|p1b: Landorus|Intimidate|boost\n|-unboost|p2a: Farigiraf|atk|1\n|-unboost|p2b: Piplup|atk|1\n|-ability|p2b: Piplup|Competitive|boost\n|-boost|p2b: Piplup|spa|2\n|turn|1\n|inactive|Battle timer is ON: inactive players will automatically lose when time's up. (requested by bway)\n|\n|t:|1699832854\n|move|p1a: Talonflame|Tailwind|p1a: Talonflame\n|-sidestart|p1: gloriagloria|move: Tailwind\n|move|p1b: Landorus|Taunt|p2a: Farigiraf\n|-start|p2a: Farigiraf|move: Taunt\n|move|p2b: Piplup|Fling|p2a: Farigiraf\n|-supereffective|p2a: Farigiraf\n|-damage|p2a: Farigiraf|98\/100\n|-boost|p2a: Farigiraf|spa|1|[from] item: Petaya Berry\n|-enditem|p2a: Farigiraf|Weakness Policy\n|-boost|p2a: Farigiraf|atk|2|[from] item: Weakness Policy\n|-boost|p2a: Farigiraf|spa|2|[from] item: Weakness Policy\n|-enditem|p2b: Piplup|Petaya Berry|[from] move: Fling\n|cant|p2a: Farigiraf|move: Taunt|Trick Room\n|\n|upkeep\n|turn|2\n|\n|t:|1699832876\n|move|p1a: Talonflame|Will-O-Wisp|p2a: Farigiraf|[miss]\n|-miss|p1a: Talonflame|p2a: Farigiraf\n|move|p1b: Landorus|Rock Slide|p2b: Piplup|[spread] p2a,p2b\n|-damage|p2a: Farigiraf|78\/100\n|-damage|p2b: Piplup|76\/100\n|move|p2a: Farigiraf|Psychic|p1a: Talonflame\n|-damage|p1a: Talonflame|0 fnt\n|faint|p1a: Talonflame\n|move|p2b: Piplup|Yawn|p1b: Landorus\n|-start|p1b: Landorus|move: Yawn|[of] p2b: Piplup\n|\n|upkeep\n|\n|t:|1699832890\n|switch|p1a: Scizor|Scizor, L50, F|100\/100\n|turn|3\n|\n|t:|1699832898\n|switch|p1b: Baxcalibur|Baxcalibur, L50, F|100\/100\n|move|p1a: Scizor|Knock Off|p2a: Farigiraf\n|-supereffective|p2a: Farigiraf\n|-damage|p2a: Farigiraf|28\/100\n|move|p2a: Farigiraf|Psychic|p1b: Baxcalibur\n|-damage|p1b: Baxcalibur|15\/100\n|move|p2b: Piplup|Chilling Water|p1a: Scizor\n|-damage|p1a: Scizor|78\/100\n|-unboost|p1a: Scizor|atk|1\n|\n|-end|p2a: Farigiraf|move: Taunt\n|upkeep\n|turn|4\n|\n|t:|1699832920\n|move|p1b: Baxcalibur|Scale Shot|p2b: Piplup\n|-damage|p2b: Piplup|58\/100\n|-damage|p2b: Piplup|39\/100\n|-damage|p2b: Piplup|22\/100\n|-damage|p2b: Piplup|5\/100\n|-hitcount|p2b: Piplup|4\n|-unboost|p1b: Baxcalibur|def|1\n|-boost|p1b: Baxcalibur|spe|1\n|move|p1a: Scizor|Knock Off|p2a: Farigiraf\n|-supereffective|p2a: Farigiraf\n|-damage|p2a: Farigiraf|0 fnt\n|faint|p2a: Farigiraf\n|move|p2b: Piplup|Yawn|p1a: Scizor\n|-start|p1a: Scizor|move: Yawn|[of] p2b: Piplup\n|\n|-sideend|p1: gloriagloria|move: Tailwind\n|upkeep\n|\n|t:|1699832936\n|switch|p2a: Ogerpon|Ogerpon-Hearthflame, L50, F|100\/100\n|-ability|p2a: Ogerpon|Mold Breaker\n|turn|5\n|\n|t:|1699832954\n|switch|p1a: Landorus|Landorus-Therian, L50, M|100\/100\n|-ability|p1a: Landorus|Intimidate|boost\n|-unboost|p2a: Ogerpon|atk|1\n|-unboost|p2b: Piplup|atk|1\n|-ability|p2b: Piplup|Competitive|boost\n|-boost|p2b: Piplup|spa|2\n|move|p2b: Piplup|Protect|p2b: Piplup\n|-singleturn|p2b: Piplup|Protect\n|move|p2a: Ogerpon|Ivy Cudgel|p1b: Baxcalibur\n|-damage|p1b: Baxcalibur|0 fnt\n|faint|p1b: Baxcalibur\n|\n|upkeep\n|\n|t:|1699832966\n|switch|p1b: Scizor|Scizor, L50, F|78\/100\n|turn|6\n|\n|t:|1699832976\n|switch|p2a: Iron Hands|Iron Hands, L50|100\/100\n|-terastallize|p1b: Scizor|Ground\n|move|p1b: Scizor|Bullet Punch|p2b: Piplup\n|-resisted|p2b: Piplup\n|-damage|p2b: Piplup|0 fnt\n|faint|p2b: Piplup\n|move|p1a: Landorus|Rock Slide|p2a: Iron Hands\n|-resisted|p2a: Iron Hands\n|-damage|p2a: Iron Hands|92\/100\n|\n|upkeep\n|\n|t:|1699832985\n|switch|p2b: Ogerpon|Ogerpon-Hearthflame, L50, F|100\/100\n|-ability|p2b: Ogerpon|Mold Breaker\n|turn|7\n|\n|t:|1699833001\n|-terastallize|p2b: Ogerpon|Fire\n|detailschange|p2b: Ogerpon|Ogerpon-Hearthflame-Tera, L50, F, tera:Fire\n|-ability|p2b: Ogerpon|Embody Aspect (Hearthflame)|boost\n|-boost|p2b: Ogerpon|atk|1\n|move|p2a: Iron Hands|Fake Out|p1a: Landorus\n|-damage|p1a: Landorus|81\/100\n|move|p2b: Ogerpon|Horn Leech|p1b: Scizor\n|-supereffective|p1b: Scizor\n|-damage|p1b: Scizor|0 fnt\n|faint|p1b: Scizor\n|cant|p1a: Landorus|flinch\n|\n|-heal|p1a: Landorus|87\/100|[from] item: Leftovers\n|upkeep\n|turn|8\n|-message|gloriagloria forfeited.\n|\n|win|bway\n|raw|gloriagloria's rating: 1050 &rarr; <strong>1036<\/strong><br \/>(-14 for losing)\n|raw|bway's rating: 1129 &rarr; <strong>1148<\/strong><br \/>(+19 for winning)\n","uploadtime":1699833017,"views":12,"p1id":"gloriagloria","p2id":"bway","formatid":"gen9vgc2023regulatione","rating":1036,"private":0,"password":""}