{"id":"gen9vgc2023regulatione-1998994267","p1":"The Greech","p2":"Krazyk7","format":"[Gen 9] VGC 2023 Regulation E","log":"|j|\u2606The Greech\n|j|\u2606Krazyk7\n|t:|1701021832\n|gametype|doubles\n|player|p1|The Greech|infielder|1426\n|player|p2|Krazyk7|dancer|1335\n|teamsize|p1|6\n|teamsize|p2|6\n|gen|9\n|tier|[Gen 9] VGC 2023 Regulation E\n|rated|\n|rule|Species Clause: Limit one of each Pok\u00e9mon\n|rule|Item Clause: Limit one of each item\n|clearpoke\n|poke|p1|Salamence, L50, F|\n|poke|p1|Kingambit, L50, F|\n|poke|p1|Urshifu-*, L50, M|\n|poke|p1|Tornadus, L50, M|\n|poke|p1|Ogerpon-Wellspring, L50, F|\n|poke|p1|Farigiraf, L50, M|\n|poke|p2|Politoed, L50, M|\n|poke|p2|Ogerpon-Hearthflame, L50, F|\n|poke|p2|Urshifu-*, L50, F|\n|poke|p2|Landorus-Therian, L50, M|\n|poke|p2|Tornadus, L50, M|\n|poke|p2|Iron Bundle, L50|\n|teampreview|4\nThe Greech has agreed to open team sheets.\nKrazyk7 has agreed to open team sheets.\n|c|\u2606Krazyk7|Glhf\n|c|\u2606Krazyk7|I like your team btw\n|c|\u2606The Greech|thanks, glhf\n|\n|t:|1701021962\n|start\n|switch|p1a: Kingambit|Kingambit, L50, F|100\/100\n|switch|p1b: Tornadus|Tornadus, L50, M|100\/100\n|switch|p2a: Tornadus|Tornadus, L50, M|100\/100\n|switch|p2b: Politoed|Politoed, L50, M|100\/100\n|-weather|RainDance|[from] ability: Drizzle|[of] p2b: Politoed\n|turn|1\n|\n|t:|1701021995\n|move|p2b: Politoed|Protect|p2b: Politoed\n|-singleturn|p2b: Politoed|Protect\n|move|p2a: Tornadus|Tailwind|p2a: Tornadus\n|-sidestart|p2: Krazyk7|move: Tailwind\n|move|p1b: Tornadus|Tailwind|p1b: Tornadus\n|-sidestart|p1: The Greech|move: Tailwind\n|move|p1a: Kingambit|Kowtow Cleave|p2a: Tornadus\n|-damage|p2a: Tornadus|30\/100\n|\n|-weather|RainDance|[upkeep]\n|upkeep\n|turn|2\n|\n|t:|1701022021\n|move|p1a: Kingambit|Sucker Punch|p2b: Politoed\n|-crit|p2b: Politoed\n|-damage|p2b: Politoed|35\/100\n|-enditem|p2b: Politoed|Sitrus Berry|[eat]\n|-heal|p2b: Politoed|60\/100|[from] item: Sitrus Berry\n|move|p2a: Tornadus|Knock Off|p1a: Kingambit\n|-resisted|p1a: Kingambit\n|-crit|p1a: Kingambit\n|-damage|p1a: Kingambit|87\/100\n|-enditem|p1a: Kingambit|Assault Vest|[from] move: Knock Off|[of] p2a: Tornadus\n|move|p1b: Tornadus|Bleakwind Storm|p2b: Politoed|[spread] p2a,p2b\n|-damage|p2a: Tornadus|0 fnt\n|-damage|p2b: Politoed|39\/100\n|faint|p2a: Tornadus\n|move|p2b: Politoed|Muddy Water|p1a: Kingambit|[spread] p1a\n|-miss|p2b: Politoed|p1b: Tornadus\n|-damage|p1a: Kingambit|57\/100\n|\n|-weather|RainDance|[upkeep]\n|upkeep\n|\n|t:|1701022043\n|switch|p2a: Iron Bundle|Iron Bundle, L50|100\/100\n|-enditem|p2a: Iron Bundle|Booster Energy\n|-activate|p2a: Iron Bundle|ability: Quark Drive|[fromitem]\n|-start|p2a: Iron Bundle|quarkdrivespe\n|turn|3\n|\n|t:|1701022060\n|switch|p2b: Ogerpon|Ogerpon-Hearthflame, L50, F|100\/100\n|-ability|p2b: Ogerpon|Mold Breaker\n|move|p1a: Kingambit|Sucker Punch|p2a: Iron Bundle\n|-damage|p2a: Iron Bundle|50\/100\n|move|p2a: Iron Bundle|Hydro Pump|p1a: Kingambit|[miss]\n|-miss|p2a: Iron Bundle|p1a: Kingambit\n|move|p1b: Tornadus|Bleakwind Storm|p2b: Ogerpon|[spread] p2a,p2b\n|-supereffective|p2b: Ogerpon\n|-damage|p2a: Iron Bundle|0 fnt\n|-damage|p2b: Ogerpon|22\/100\n|faint|p2a: Iron Bundle\n|-end|p2a: Iron Bundle|Quark Drive|[silent]\n|\n|-weather|RainDance|[upkeep]\n|upkeep\n|c|\u2606Krazyk7|Ima be real I\u2019m pretty sure I hard loose loo\n|\n|t:|1701022076\n|switch|p2a: Politoed|Politoed, L50, M|39\/100\n|turn|4\n|\n|t:|1701022091\n|move|p2a: Politoed|Helping Hand|p2b: Ogerpon\n|-singleturn|p2b: Ogerpon|Helping Hand|[of] p2a: Politoed\n|move|p1a: Kingambit|Sucker Punch||[still]\n|-fail|p1a: Kingambit\n|move|p2b: Ogerpon|Ivy Cudgel|p1a: Kingambit|[anim] Ivy Cudgel Fire\n|-supereffective|p1a: Kingambit\n|-damage|p1a: Kingambit|0 fnt\n|faint|p1a: Kingambit\n|move|p1b: Tornadus|Bleakwind Storm|p2b: Ogerpon|[spread] p2a,p2b\n|-supereffective|p2b: Ogerpon\n|-damage|p2a: Politoed|17\/100\n|-damage|p2b: Ogerpon|0 fnt\n|faint|p2b: Ogerpon\n|\n|-weather|RainDance|[upkeep]\n|-sideend|p2: Krazyk7|move: Tailwind\n|-sideend|p1: The Greech|move: Tailwind\n|upkeep\n|\n|t:|1701022104\n|switch|p1a: Urshifu|Urshifu-Rapid-Strike, L50, M|100\/100\n|turn|5\n|c|\u2606Krazyk7|Gg\n|\n|t:|1701022111\n|switch|p1b: Salamence|Salamence, L50, F|100\/100\n|-ability|p1b: Salamence|Intimidate|boost\n|-unboost|p2a: Politoed|atk|1\n|move|p1a: Urshifu|Close Combat|p2a: Politoed\n|-crit|p2a: Politoed\n|-damage|p2a: Politoed|0 fnt\n|-unboost|p1a: Urshifu|def|1\n|-unboost|p1a: Urshifu|spd|1\n|faint|p2a: Politoed\n|\n|win|The Greech\n|raw|The Greech's rating: 1426 &rarr; <strong>1441<\/strong><br \/>(+15 for winning)\n|raw|Krazyk7's rating: 1335 &rarr; <strong>1320<\/strong><br \/>(-15 for losing)\n|c|\u2606The Greech|gg\n|l|\u2606Krazyk7\n","uploadtime":1701022132,"views":9,"p1id":"thegreech","p2id":"krazyk7","formatid":"gen9vgc2023regulatione","rating":1320,"private":0,"password":""}