{"id":"gen9vgc2023regulatione-1988485379","p1":"bronzeado","p2":"Joshawott302","format":"[Gen 9] VGC 2023 Regulation E","log":"|j|\u2606bronzeado\n|j|\u2606Joshawott302\n|t:|1699728007\n|gametype|doubles\n|player|p1|bronzeado|2|1022\n|player|p2|Joshawott302|101|1106\n|teamsize|p1|6\n|teamsize|p2|6\n|gen|9\n|tier|[Gen 9] VGC 2023 Regulation E\n|rated|\n|rule|Species Clause: Limit one of each Pok\u00e9mon\n|rule|Item Clause: Limit one of each item\n|clearpoke\n|poke|p1|Ampharos, L50, F|\n|poke|p1|Persian, L50, M|\n|poke|p1|Espeon, L50, M|\n|poke|p1|Crabominable, L50, M|\n|poke|p1|Skeledirge, L50, F|\n|poke|p1|Tinkaton, L50, F|\n|poke|p2|Sinistcha, L50|\n|poke|p2|Ursaluna-Bloodmoon, L50, M|\n|poke|p2|Armarouge, L50, F|\n|poke|p2|Indeedee-F, L50, F|\n|poke|p2|Basculegion, L50, M|\n|poke|p2|Ribombee, L50, M|\n|teampreview|4\n|inactive|Battle timer is ON: inactive players will automatically lose when time's up. (requested by Joshawott302)\n|\n|t:|1699728038\n|start\n|switch|p1a: Ampharos|Ampharos, L50, F|100\/100\n|switch|p1b: Persian|Persian, L50, M|100\/100\n|switch|p2a: Indeedee|Indeedee-F, L50, F|100\/100\n|switch|p2b: Armarouge|Armarouge, L50, F|100\/100\n|-fieldstart|move: Psychic Terrain|[from] ability: Psychic Surge|[of] p2a: Indeedee\n|-enditem|p2a: Indeedee|Psychic Seed\n|-boost|p2a: Indeedee|spd|1|[from] item: Psychic Seed\n|turn|1\n|\n|t:|1699728055\n|move|p2b: Armarouge|Protect|p2b: Armarouge\n|-singleturn|p2b: Armarouge|Protect\n|move|p1b: Persian|Fake Out|p2b: Armarouge\n|-activate|p2b: Armarouge|move: Psychic Terrain\n|move|p1a: Ampharos|Cotton Guard|p1a: Ampharos\n|-boost|p1a: Ampharos|def|3\n|move|p2a: Indeedee|Trick Room|p2a: Indeedee\n|-fieldstart|move: Trick Room|[of] p2a: Indeedee\n|\n|upkeep\n|turn|2\n|\n|t:|1699728073\n|-terastallize|p1b: Persian|Ground\n|move|p2a: Indeedee|Helping Hand|p2b: Armarouge\n|-singleturn|p2b: Armarouge|Helping Hand|[of] p2a: Indeedee\n|move|p1a: Ampharos|Discharge|p2b: Armarouge|[spread] p2a,p2b\n|-immune|p1b: Persian\n|-damage|p2a: Indeedee|86\/100\n|-damage|p2b: Armarouge|64\/100\n|-status|p2b: Armarouge|par\n|cant|p2b: Armarouge|par\n|move|p1b: Persian|Snarl|p2a: Indeedee|[spread] p2b\n|-miss|p1b: Persian|p2a: Indeedee\n|-supereffective|p2b: Armarouge\n|-damage|p2b: Armarouge|34\/100 par\n|-unboost|p2b: Armarouge|spa|1\n|\n|upkeep\n|turn|3\n|\n|t:|1699728091\n|move|p2a: Indeedee|Helping Hand|p2b: Armarouge\n|-singleturn|p2b: Armarouge|Helping Hand|[of] p2a: Indeedee\n|cant|p2b: Armarouge|par\n|move|p1a: Ampharos|Discharge|p2b: Armarouge|[spread] p2a,p2b\n|-immune|p1b: Persian\n|-damage|p2a: Indeedee|72\/100\n|-damage|p2b: Armarouge|0 fnt\n|faint|p2b: Armarouge\n|move|p1b: Persian|Snarl|p2a: Indeedee\n|-supereffective|p2a: Indeedee\n|-damage|p2a: Indeedee|54\/100\n|-unboost|p2a: Indeedee|spa|1\n|\n|upkeep\n|c|\u2606Joshawott302|bro\n|\n|t:|1699728105\n|switch|p2b: Sinistcha|Sinistcha, L50|100\/100\n|-heal|p2a: Indeedee|79\/100|[from] ability: Hospitality|[of] p2b: Sinistcha\n|turn|4\n|\n|t:|1699728124\n|switch|p1b: Crabominable|Crabominable, L50, M|100\/100\n|move|p1a: Ampharos|Discharge|p2a: Indeedee|[spread] p1b,p2a,p2b\n|-resisted|p2b: Sinistcha\n|-damage|p1b: Crabominable|67\/100\n|-damage|p2a: Indeedee|65\/100\n|-damage|p2b: Sinistcha|80\/100\n|-status|p2b: Sinistcha|par\n|cant|p2b: Sinistcha|par\n|move|p2a: Indeedee|Psyshock|p1b: Crabominable\n|-supereffective|p1b: Crabominable\n|-damage|p1b: Crabominable|13\/100\n|\n|upkeep\n|turn|5\n|c|\u2606Joshawott302|BRO\n|\n|t:|1699728142\n|move|p1b: Crabominable|Protect|p1b: Crabominable\n|-singleturn|p1b: Crabominable|Protect\n|move|p2b: Sinistcha|Matcha Gotcha|p1a: Ampharos|[spread] p1a\n|-activate|p1b: Crabominable|move: Protect\n|-damage|p1a: Ampharos|77\/100\n|-heal|p2b: Sinistcha|92\/100 par|[from] drain|[of] p1a: Ampharos\n|move|p1a: Ampharos|Discharge|p2b: Sinistcha|[spread] p2a,p2b\n|-activate|p1b: Crabominable|move: Protect\n|-resisted|p2b: Sinistcha\n|-damage|p2a: Indeedee|51\/100\n|-damage|p2b: Sinistcha|73\/100 par\n|-status|p2a: Indeedee|par\n|move|p2a: Indeedee|Psyshock|p1b: Crabominable\n|-activate|p1b: Crabominable|move: Protect\n|\n|-fieldend|move: Trick Room\n|-fieldend|move: Psychic Terrain\n|upkeep\n|turn|6\n|inactive|bronzeado has 30 seconds left.\n|inactive|Joshawott302 has 30 seconds left.\n|\n|t:|1699728170\n|switch|p1b: Persian|Persian, L50, M, tera:Ground|100\/100\n|move|p2a: Indeedee|Follow Me|p2a: Indeedee\n|-singleturn|p2a: Indeedee|move: Follow Me\n|move|p1a: Ampharos|Discharge|p2b: Sinistcha|[spread] p2a,p2b\n|-immune|p1b: Persian\n|-resisted|p2b: Sinistcha\n|-damage|p2a: Indeedee|37\/100 par\n|-damage|p2b: Sinistcha|55\/100 par\n|move|p2b: Sinistcha|Trick Room|p2b: Sinistcha\n|-fieldstart|move: Trick Room|[of] p2b: Sinistcha\n|\n|upkeep\n|turn|7\n|\n|t:|1699728189\n|move|p1b: Persian|Fake Out|p2b: Sinistcha\n|-immune|p2b: Sinistcha\n|cant|p2b: Sinistcha|par\n|move|p2a: Indeedee|Psyshock|p1b: Persian\n|-damage|p1b: Persian|66\/100\n|move|p1a: Ampharos|Discharge|p2a: Indeedee|[spread] p2a,p2b\n|-immune|p1b: Persian\n|-resisted|p2b: Sinistcha\n|-damage|p2a: Indeedee|22\/100 par\n|-damage|p2b: Sinistcha|38\/100 par\n|\n|upkeep\n|turn|8\n|\n|t:|1699728203\n|move|p2a: Indeedee|Helping Hand|p2b: Sinistcha\n|-singleturn|p2b: Sinistcha|Helping Hand|[of] p2a: Indeedee\n|move|p2b: Sinistcha|Matcha Gotcha|p1a: Ampharos|[spread] p1a,p1b\n|-supereffective|p1b: Persian\n|-damage|p1a: Ampharos|38\/100\n|-heal|p2b: Sinistcha|56\/100 par|[from] drain|[of] p1a: Ampharos\n|-damage|p1b: Persian|0 fnt\n|-heal|p2b: Sinistcha|82\/100 par|[from] drain|[of] p1b: Persian\n|faint|p1b: Persian\n|move|p1a: Ampharos|Discharge|p2a: Indeedee|[spread] p2a,p2b\n|-resisted|p2b: Sinistcha\n|-damage|p2a: Indeedee|8\/100 par\n|-damage|p2b: Sinistcha|62\/100 par\n|\n|upkeep\n|\n|t:|1699728214\n|switch|p1b: Skeledirge|Skeledirge, L50, F|100\/100\n|turn|9\n|\n|t:|1699728225\n|cant|p2b: Sinistcha|par\n|cant|p2a: Indeedee|par\n|move|p1a: Ampharos|Discharge|p2a: Indeedee|[spread] p1b,p2a,p2b\n|-resisted|p2b: Sinistcha\n|-damage|p1b: Skeledirge|60\/100\n|-damage|p2a: Indeedee|0 fnt\n|-damage|p2b: Sinistcha|43\/100 par\n|faint|p2a: Indeedee\n|move|p1b: Skeledirge|Heat Wave|p2b: Sinistcha\n|-supereffective|p2b: Sinistcha\n|-damage|p2b: Sinistcha|0 fnt\n|faint|p2b: Sinistcha\n|\n|upkeep\n|c|\u2606Joshawott302|...\n|\n|t:|1699728239\n|switch|p2a: Basculegion|Basculegion, L50, M|100\/100\n|turn|10\n|\n|t:|1699728261\n|switch|p1b: Crabominable|Crabominable, L50, M|13\/100\n|-terastallize|p2a: Basculegion|Ghost\n|move|p1a: Ampharos|Discharge|p2a: Basculegion|[spread] p1b,p2a\n|-damage|p1b: Crabominable|0 fnt\n|-damage|p2a: Basculegion|70\/100\n|faint|p1b: Crabominable\n|move|p2a: Basculegion|Last Respects|p1a: Ampharos\n|-damage|p1a: Ampharos|0 fnt\n|faint|p1a: Ampharos\n|\n|-fieldend|move: Trick Room\n|upkeep\n|\n|t:|1699728279\n|switch|p1b: Skeledirge|Skeledirge, L50, F|60\/100\n|turn|11\n|\n|t:|1699728283\n|move|p1b: Skeledirge|Shadow Ball|p2a: Basculegion\n|-supereffective|p2a: Basculegion\n|-damage|p2a: Basculegion|0 fnt\n|faint|p2a: Basculegion\n|\n|win|bronzeado\n|raw|bronzeado's rating: 1022 &rarr; <strong>1067<\/strong><br \/>(+45 for winning)\n|raw|Joshawott302's rating: 1106 &rarr; <strong>1075<\/strong><br \/>(-31 for losing)\n|c|\u2606Joshawott302|ggs\n|l|\u2606bronzeado\n","uploadtime":1699728417,"views":28,"p1id":"bronzeado","p2id":"joshawott302","formatid":"gen9vgc2023regulatione","rating":1067,"private":0,"password":""}