{"id":"gen9vgc2023regulatione-1992483427","p1":"TyL8","p2":"Bigsoccerman24","format":"[Gen 9] VGC 2023 Regulation E","log":"|j|\u203dTyL8\n|j|\u2606Bigsoccerman24\n|t:|1700193241\n|gametype|doubles\n|player|p1|TyL8|mallow-masters|1446\n|player|p2|Bigsoccerman24|169|1404\n|teamsize|p1|6\n|teamsize|p2|6\n|gen|9\n|tier|[Gen 9] VGC 2023 Regulation E\n|rated|\n|rule|Species Clause: Limit one of each Pok\u00e9mon\n|rule|Item Clause: Limit one of each item\n|clearpoke\n|poke|p1|Goodra-Hisui, L50, M|\n|poke|p1|Arcanine-Hisui, L50, F|\n|poke|p1|Amoonguss, L50, M|\n|poke|p1|Tyranitar, L50, F|\n|poke|p1|Dusclops, L50, F|\n|poke|p1|Dragonite, L50, M|\n|poke|p2|Iron Hands, L50|\n|poke|p2|Amoonguss, L50, M|\n|poke|p2|Flutter Mane, L50|\n|poke|p2|Landorus-Therian, L50, M|\n|poke|p2|Ogerpon-Wellspring, L50, F|\n|poke|p2|Heatran, L50, F|\n|teampreview|4\n|inactive|Battle timer is ON: inactive players will automatically lose when time's up. (requested by TyL8)\n|inactive|TyL8 has 60 seconds left.\n|inactive|Bigsoccerman24 has 60 seconds left.\n|inactive|Bigsoccerman24 has 30 seconds left.\n|\n|t:|1700193306\n|start\n|switch|p1a: Amoonguss|Amoonguss, L50, M, shiny|100\/100\n|switch|p1b: Goodra|Goodra-Hisui, L50, M, shiny|100\/100\n|switch|p2a: Landorus|Landorus-Therian, L50, M|100\/100\n|switch|p2b: Flutter Mane|Flutter Mane, L50|100\/100\n|-ability|p2a: Landorus|Intimidate|boost\n|-unboost|p1a: Amoonguss|atk|1\n|-unboost|p1b: Goodra|atk|1\n|-enditem|p2b: Flutter Mane|Booster Energy\n|-activate|p2b: Flutter Mane|ability: Protosynthesis|[fromitem]\n|-start|p2b: Flutter Mane|protosynthesisspe\n|turn|1\n|\n|t:|1700193326\n|-terastallize|p2a: Landorus|Flying\n|move|p2b: Flutter Mane|Icy Wind|p1a: Amoonguss|[spread] p1a,p1b\n|-supereffective|p1a: Amoonguss\n|-damage|p1a: Amoonguss|77\/100\n|-damage|p1b: Goodra|93\/100\n|-unboost|p1a: Amoonguss|spe|1\n|-unboost|p1b: Goodra|spe|1\n|move|p2a: Landorus|Tera Blast|p1a: Amoonguss|[anim] Tera Blast Flying\n|-supereffective|p1a: Amoonguss\n|-damage|p1a: Amoonguss|0 fnt\n|faint|p1a: Amoonguss\n|move|p1b: Goodra|Acid Armor|p1b: Goodra\n|-boost|p1b: Goodra|def|2\n|\n|-heal|p1b: Goodra|99\/100|[from] item: Leftovers\n|upkeep\n|\n|t:|1700193337\n|switch|p1a: Dusclops|Dusclops, L50, F, shiny|100\/100\n|-item|p2a: Landorus|Choice Scarf|[from] ability: Frisk|[of] p1a: Dusclops|[identify]\n|turn|2\n|\n|t:|1700193349\n|move|p2b: Flutter Mane|Shadow Ball|p1a: Dusclops\n|-supereffective|p1a: Dusclops\n|-damage|p1a: Dusclops|57\/100\n|move|p2a: Landorus|Tera Blast|p1a: Dusclops|[anim] Tera Blast Flying\n|-damage|p1a: Dusclops|19\/100\n|move|p1b: Goodra|Acid Armor|p1b: Goodra\n|-boost|p1b: Goodra|def|2\n|move|p1a: Dusclops|Trick Room|p1a: Dusclops\n|-fieldstart|move: Trick Room|[of] p1a: Dusclops\n|\n|-heal|p1b: Goodra|100\/100|[from] item: Leftovers\n|upkeep\n|turn|3\n|inactive|TyL8 has 30 seconds left.\n|inactive|Bigsoccerman24 has 30 seconds left.\n|\n|t:|1700193379\n|-end|p2b: Flutter Mane|Protosynthesis|[silent]\n|switch|p2b: Iron Hands|Iron Hands, L50|100\/100\n|move|p1a: Dusclops|Pain Split|p2a: Landorus\n|-sethp|p2a: Landorus|59\/100|[from] move: Pain Split|[silent]\n|-sethp|p1a: Dusclops|68\/100|[from] move: Pain Split\n|move|p1b: Goodra|Body Press|p2a: Landorus\n|-resisted|p2a: Landorus\n|-damage|p2a: Landorus|19\/100\n|move|p2a: Landorus|Tera Blast|p1a: Dusclops|[anim] Tera Blast Flying\n|-damage|p1a: Dusclops|30\/100\n|\n|upkeep\n|turn|4\n|\n|t:|1700193400\n|move|p2b: Iron Hands|Fake Out|p1b: Goodra\n|-resisted|p1b: Goodra\n|-damage|p1b: Goodra|98\/100\n|move|p1a: Dusclops|Pain Split|p2b: Iron Hands\n|-sethp|p2b: Iron Hands|59\/100|[from] move: Pain Split|[silent]\n|-sethp|p1a: Dusclops|98\/100|[from] move: Pain Split\n|cant|p1b: Goodra|flinch\n|move|p2a: Landorus|Tera Blast|p1a: Dusclops|[anim] Tera Blast Flying\n|-damage|p1a: Dusclops|65\/100\n|\n|-heal|p1b: Goodra|100\/100|[from] item: Leftovers\n|upkeep\n|turn|5\n|\n|t:|1700193414\n|move|p1a: Dusclops|Will-O-Wisp|p2b: Iron Hands\n|-status|p2b: Iron Hands|brn\n|move|p1b: Goodra|Body Press|p2a: Landorus\n|-resisted|p2a: Landorus\n|-damage|p2a: Landorus|0 fnt\n|faint|p2a: Landorus\n|move|p2b: Iron Hands|Wild Charge|p1a: Dusclops\n|-damage|p1a: Dusclops|50\/100\n|-damage|p2b: Iron Hands|57\/100 brn|[from] Recoil\n|\n|-damage|p2b: Iron Hands|51\/100 brn|[from] brn\n|upkeep\n|\n|t:|1700193419\n|switch|p2a: Flutter Mane|Flutter Mane, L50|100\/100\n|turn|6\n|\n|t:|1700193434\n|-end|p2b: Iron Hands|Quark Drive|[silent]\n|switch|p2b: Ogerpon|Ogerpon-Wellspring, L50, F|100\/100\n|move|p1a: Dusclops|Night Shade|p2a: Flutter Mane\n|-damage|p2a: Flutter Mane|67\/100\n|move|p1b: Goodra|Heavy Slam|p2a: Flutter Mane\n|-supereffective|p2a: Flutter Mane\n|-damage|p2a: Flutter Mane|0 fnt\n|faint|p2a: Flutter Mane\n|-end|p2a: Flutter Mane|Protosynthesis|[silent]\n|\n|-fieldend|move: Trick Room\n|upkeep\n|-message|Bigsoccerman24 forfeited.\n|\n|win|TyL8\n|raw|TyL8's rating: 1446 &rarr; <strong>1464<\/strong><br \/>(+18 for winning)\n|raw|Bigsoccerman24's rating: 1404 &rarr; <strong>1386<\/strong><br \/>(-18 for losing)\n|l|\u2606Bigsoccerman24\n","uploadtime":1700193448,"views":17,"p1id":"tyl8","p2id":"bigsoccerman24","formatid":"gen9vgc2023regulatione","rating":1386,"private":0,"password":""}