{"id":"gen9vgc2023regulatione-1993157285","p1":"PanamaGeisha","p2":"Fancy Cucudrula","format":"[Gen 9] VGC 2023 Regulation E","log":"|j|\u2606PanamaGeisha\n|j|\u2606Fancy Cucudrula\n|n|\u2606PanamaGeisha|panamageisha\n|n|\u2606Fancy Cucudrula|fancycucudrula\n|html|View the match progress at <a href=\"\/game-bestof3-gen9vgc2023regulatione-1993157284\">game-bestof3-gen9vgc2023regulatione-1993157284<\/a>\n|t:|1700271711\n|gametype|doubles\n|player|p1|PanamaGeisha|bugcatcher-gen4dp|\n|player|p2|Fancy Cucudrula|valerie|\n|teamsize|p1|6\n|teamsize|p2|6\n|gen|9\n|tier|[Gen 9] VGC 2023 Regulation E\n|rule|Species Clause: Limit one of each Pok\u00e9mon\n|rule|Item Clause: Limit one of each item\n|clearpoke\n|poke|p1|Tornadus, L50, M|\n|poke|p1|Flutter Mane, L50|\n|poke|p1|Ogerpon-Hearthflame, L50, F|\n|poke|p1|Urshifu-*, L50, F|\n|poke|p1|Farigiraf, L50, M|\n|poke|p1|Amoonguss, L50, F|\n|poke|p2|Flutter Mane, L50|\n|poke|p2|Amoonguss, L50, F|\n|poke|p2|Heatran, L50, F|\n|poke|p2|Iron Hands, L50|\n|poke|p2|Landorus-Therian, L50, M|\n|poke|p2|Chien-Pao, L50|\n|teampreview|4\n|inactive|Battle timer is ON: inactive players will automatically lose when time's up. (requested by PanamaGeisha)\n|inactive|Fancy Cucudrula also wants the timer to be on.\nFancy Cucudrula has agreed to open team sheets.\nPanamaGeisha has agreed to open team sheets.\n|showteam|p1|Tornadus||MentalHerb|Prankster|BleakwindStorm,Tailwind,SunnyDay,ScaryFace|||M|||50|,,,,,Steel]Flutter Mane||ChoiceSpecs|Protosynthesis|DazzlingGleam,Moonblast,ShadowBall,PowerGem||||||50|,,,,,Fairy]Ogerpon-Hearthflame||HearthflameMask|MoldBreaker|IvyCudgel,WoodHammer,StompingTantrum,SpikyShield|||F|||50|,,,,,Fire]Urshifu||FocusSash|UnseenFist|WickedBlow,CloseCombat,SuckerPunch,Detect|||F|||50|,,,,,Dark]Farigiraf||RockyHelmet|ArmorTail|Psychic,DazzlingGleam,TrickRoom,HelpingHand|||M|||50|,,,,,Fairy]Amoonguss||SitrusBerry|EffectSpore|PollenPuff,GrassKnot,Spore,RagePowder|||F|||50|,,,,,Water\n|showteam|p2|Flutter Mane||ChoiceSpecs|Protosynthesis|DazzlingGleam,Moonblast,ShadowBall,PerishSong||||||50|,,,,,Fairy]Amoonguss||RockyHelmet|Regenerator|RagePowder,PollenPuff,Spore,Protect|||F|||50|,,,,,Water]Heatran||SafetyGoggles|FlashFire|HeatWave,EarthPower,FlashCannon,Protect|||F|||50|,,,,,Fairy]Iron Hands||AssaultVest|QuarkDrive|DrainPunch,WildCharge,HeavySlam,FakeOut||||||50|,,,,,Water]Landorus-Therian||ChoiceScarf|Intimidate|StompingTantrum,TeraBlast,RockSlide,Uturn|||M|||50|,,,,,Flying]Chien-Pao||FocusSash|SwordofRuin|IceSpinner,SuckerPunch,Haze,Protect||||||50|,,,,,Ghost\n|c|\u2606PanamaGeisha|Suerte bellezaaaaa!!\n|inactive|Fancy Cucudrula has 30 seconds left.\n|inactive|Fancy Cucudrula has 20 seconds left.\n|inactive|Fancy Cucudrula has 15 seconds left.\n|inactive|Fancy Cucudrula has 10 seconds left.\n|inactive|Fancy Cucudrula has 5 seconds left.\n|\n|t:|1700271772\n|start\n|switch|p1a: Urshifu|Urshifu, L50, F|100\/100\n|switch|p1b: Amoonguss|Amoonguss, L50, F|100\/100\n|switch|p2a: Luquisha|Landorus-Therian, L50, M|100\/100\n|switch|p2b: Lawrence|Heatran, L50, F, shiny|100\/100\n|-ability|p2a: Luquisha|Intimidate|boost\n|-unboost|p1a: Urshifu|atk|1\n|-unboost|p1b: Amoonguss|atk|1\n|turn|1\n|c|\u2606Fancy Cucudrula|gracias manaaaaaa\n|\n|t:|1700271797\n|-terastallize|p2b: Lawrence|Fairy\n|-terastallize|p1b: Amoonguss|Water\n|move|p2a: Luquisha|U-turn|p1a: Urshifu\n|-damage|p1a: Urshifu|72\/100\n|\n|t:|1700271802\n|switch|p2a: Brita Filter|Amoonguss, L50, F, shiny|100\/100|[from] U-turn\n|move|p1a: Urshifu|Wicked Blow|p2a: Brita Filter\n|-crit|p2a: Brita Filter\n|-damage|p2a: Brita Filter|52\/100\n|-damage|p1a: Urshifu|55\/100|[from] item: Rocky Helmet|[of] p2a: Brita Filter\n|move|p2b: Lawrence|Heat Wave|p1b: Amoonguss|[spread] p1a,p1b\n|-resisted|p1b: Amoonguss\n|-damage|p1a: Urshifu|3\/100\n|-damage|p1b: Amoonguss|87\/100\n|move|p1b: Amoonguss|Spore|p2b: Lawrence\n|-activate|p2b: Lawrence|item: Safety Goggles|Spore\n|\n|upkeep\n|turn|2\n|inactive|PanamaGeisha has 30 seconds left.\n|inactive|PanamaGeisha has 20 seconds left.\n|inactive|PanamaGeisha has 15 seconds left.\n|inactive|PanamaGeisha has 10 seconds left.\n|\n|t:|1700271851\n|move|p1a: Urshifu|Wicked Blow|p2a: Brita Filter\n|-crit|p2a: Brita Filter\n|-damage|p2a: Brita Filter|3\/100\n|-damage|p1a: Urshifu|0 fnt|[from] item: Rocky Helmet|[of] p2a: Brita Filter\n|faint|p1a: Urshifu\n|move|p2b: Lawrence|Flash Cannon|p1b: Amoonguss\n|-resisted|p1b: Amoonguss\n|-damage|p1b: Amoonguss|69\/100\n|move|p2a: Brita Filter|Spore|p1b: Amoonguss\n|-status|p1b: Amoonguss|slp|[from] move: Spore\n|cant|p1b: Amoonguss|slp\n|\n|upkeep\n|\n|t:|1700271864\n|switch|p1a: Ogerpon|Ogerpon-Hearthflame, L50, F|100\/100\n|-ability|p1a: Ogerpon|Mold Breaker\n|turn|3\n|\n|t:|1700271873\n|switch|p2a: Luquisha|Landorus-Therian, L50, M|100\/100\n|-ability|p2a: Luquisha|Intimidate|boost\n|-unboost|p1a: Ogerpon|atk|1\n|-unboost|p1b: Amoonguss|atk|1\n|move|p1a: Ogerpon|Ivy Cudgel|p2b: Lawrence|[anim] Ivy Cudgel Fire\n|-damage|p2b: Lawrence|66\/100\n|move|p2b: Lawrence|Earth Power|p1a: Ogerpon\n|-damage|p1a: Ogerpon|62\/100\n|cant|p1b: Amoonguss|slp\n|\n|upkeep\n|turn|4\n|inactive|Fancy Cucudrula has 30 seconds left.\n|\n|t:|1700271903\n|move|p1a: Ogerpon|Spiky Shield|p1a: Ogerpon\n|-singleturn|p1a: Ogerpon|move: Protect\n|move|p2a: Luquisha|U-turn|p1b: Amoonguss\n|-damage|p1b: Amoonguss|46\/100 slp\n|-enditem|p1b: Amoonguss|Sitrus Berry|[eat]\n|-heal|p1b: Amoonguss|71\/100 slp|[from] item: Sitrus Berry\n|\n|t:|1700271908\n|switch|p2a: Brita Filter|Amoonguss, L50, F, shiny|36\/100|[from] U-turn\n|move|p2b: Lawrence|Flash Cannon|p1b: Amoonguss\n|-resisted|p1b: Amoonguss\n|-damage|p1b: Amoonguss|55\/100 slp\n|cant|p1b: Amoonguss|slp\n|\n|upkeep\n|turn|5\n|inactive|Fancy Cucudrula has 30 seconds left.\n|inactive|Fancy Cucudrula has 20 seconds left.\n|\n|t:|1700271946\n|move|p2a: Brita Filter|Protect|p2a: Brita Filter\n|-singleturn|p2a: Brita Filter|Protect\n|move|p1a: Ogerpon|Ivy Cudgel|p2a: Brita Filter|[anim] Ivy Cudgel Fire\n|-activate|p2a: Brita Filter|move: Protect\n|move|p2b: Lawrence|Heat Wave|p1a: Ogerpon|[spread] p1a,p1b\n|-resisted|p1b: Amoonguss\n|-damage|p1a: Ogerpon|19\/100\n|-damage|p1b: Amoonguss|41\/100 slp\n|-curestatus|p1b: Amoonguss|slp|[msg]\n|move|p1b: Amoonguss|Pollen Puff|p1a: Ogerpon\n|-heal|p1a: Ogerpon|69\/100\n|\n|upkeep\n|turn|6\n|\n|t:|1700271963\n|switch|p2a: Luquisha|Landorus-Therian, L50, M|100\/100\n|-ability|p2a: Luquisha|Intimidate|boost\n|-unboost|p1a: Ogerpon|atk|1\n|-unboost|p1b: Amoonguss|atk|1\n|move|p1a: Ogerpon|Ivy Cudgel|p2a: Luquisha|[anim] Ivy Cudgel Fire\n|-damage|p2a: Luquisha|68\/100\n|move|p2b: Lawrence|Heat Wave|p1b: Amoonguss|[spread] p1a,p1b\n|-resisted|p1b: Amoonguss\n|-damage|p1a: Ogerpon|28\/100\n|-damage|p1b: Amoonguss|26\/100\n|move|p1b: Amoonguss|Pollen Puff|p1a: Ogerpon\n|-heal|p1a: Ogerpon|78\/100\n|\n|upkeep\n|turn|7\n|\n|t:|1700271981\n|move|p1a: Ogerpon|Spiky Shield|p1a: Ogerpon\n|-singleturn|p1a: Ogerpon|move: Protect\n|move|p2a: Luquisha|U-turn|p1b: Amoonguss\n|-damage|p1b: Amoonguss|1\/100\n|-status|p2a: Luquisha|psn|[from] ability: Effect Spore|[of] p1b: Amoonguss\n|\n|t:|1700271987\n|switch|p2a: Brita Filter|Amoonguss, L50, F, shiny|69\/100|[from] U-turn\n|move|p2b: Lawrence|Earth Power|p1b: Amoonguss\n|-damage|p1b: Amoonguss|0 fnt\n|faint|p1b: Amoonguss\n|\n|upkeep\n|\n|t:|1700271989\n|switch|p1b: Flutter Mane|Flutter Mane, L50|100\/100\n|turn|8\n|\n|t:|1700272003\n|switch|p2a: Luquisha|Landorus-Therian, L50, M|68\/100 psn\n|-ability|p2a: Luquisha|Intimidate|boost\n|-unboost|p1a: Ogerpon|atk|1\n|-unboost|p1b: Flutter Mane|atk|1\n|move|p1b: Flutter Mane|Moonblast|p2b: Lawrence\n|-damage|p2b: Lawrence|8\/100\n|-unboost|p2b: Lawrence|spa|1\n|move|p1a: Ogerpon|Ivy Cudgel|p2a: Luquisha|[anim] Ivy Cudgel Fire\n|-damage|p2a: Luquisha|42\/100 psn\n|move|p2b: Lawrence|Flash Cannon|p1b: Flutter Mane\n|-supereffective|p1b: Flutter Mane\n|-damage|p1b: Flutter Mane|44\/100\n|\n|-damage|p2a: Luquisha|29\/100 psn|[from] psn\n|upkeep\n|turn|9\n|\n|t:|1700272026\n|move|p2a: Luquisha|Stomping Tantrum|p1b: Flutter Mane\n|-damage|p1b: Flutter Mane|0 fnt\n|faint|p1b: Flutter Mane\n|-end|p1b: Flutter Mane|Protosynthesis|[silent]\n|move|p1a: Ogerpon|Ivy Cudgel|p2a: Luquisha|[anim] Ivy Cudgel Fire\n|-crit|p2a: Luquisha\n|-damage|p2a: Luquisha|0 fnt\n|faint|p2a: Luquisha\n|move|p2b: Lawrence|Earth Power|p1a: Ogerpon\n|-damage|p1a: Ogerpon|55\/100\n|\n|upkeep\n|\n|t:|1700272040\n|switch|p2a: Brita Filter|Amoonguss, L50, F, shiny|100\/100\n|turn|10\n|\n|t:|1700272045\n|move|p2a: Brita Filter|Protect|p2a: Brita Filter\n|-singleturn|p2a: Brita Filter|Protect\n|move|p1a: Ogerpon|Ivy Cudgel|p2b: Lawrence|[anim] Ivy Cudgel Fire\n|-damage|p2b: Lawrence|0 fnt\n|faint|p2b: Lawrence\n|\n|upkeep\n|\n|t:|1700272049\n|switch|p2b: Sasha Colby|Flutter Mane, L50|100\/100\n|turn|11\n|\n|t:|1700272053\n|move|p2a: Brita Filter|Rage Powder|p2a: Brita Filter\n|-singleturn|p2a: Brita Filter|move: Rage Powder\n|move|p2b: Sasha Colby|Shadow Ball|p1a: Ogerpon\n|-damage|p1a: Ogerpon|0 fnt\n|faint|p1a: Ogerpon\n|\n|win|Fancy Cucudrula\n|l|\u2606PanamaGeisha\n|c|&|\/uhtml prompt-fancycucudrula,Fancy Cucudrula is ready for game 2!\n|c|&|\/uhtml prompt-panamageisha,PanamaGeisha is ready for game 2!\nBoth players are ready! Starting next match!\n","uploadtime":1700272394,"views":11,"p1id":"panamageisha","p2id":"fancycucudrula","formatid":"gen9vgc2023regulatione","rating":0,"private":0,"password":""}