{"id":"gen9vgc2023regulatione-1990793543","p1":"Lucmazz","p2":"TrainerDylan24","format":"[Gen 9] VGC 2023 Regulation E","log":"|j|\u2606Lucmazz\n|j|\u2606TrainerDylan24\n|t:|1700001428\n|gametype|doubles\n|player|p1|Lucmazz|265|1162\n|player|p2|TrainerDylan24|swimmerf|1164\n|teamsize|p1|6\n|teamsize|p2|6\n|gen|9\n|tier|[Gen 9] VGC 2023 Regulation E\n|rated|\n|rule|Species Clause: Limit one of each Pok\u00e9mon\n|rule|Item Clause: Limit one of each item\n|clearpoke\n|poke|p1|Ogerpon-Wellspring, L50, F|\n|poke|p1|Iron Hands, L50|\n|poke|p1|Landorus-Therian, L50, M|\n|poke|p1|Weezing, L50, M|\n|poke|p1|Roaring Moon, L50|\n|poke|p1|Flutter Mane, L50|\n|poke|p2|Maushold-Four, L50|\n|poke|p2|Politoed, L50, M|\n|poke|p2|Kilowattrel, L50, M|\n|poke|p2|Rillaboom, L50, M|\n|poke|p2|Forretress, L50, F|\n|poke|p2|Iron Bundle, L50|\n|teampreview|4\nLucmazz rejected open team sheets.\n|\n|t:|1700001485\n|start\n|switch|p1a: Weezing|Weezing, L50, M, shiny|100\/100\n|switch|p1b: Roaring Moon|Roaring Moon, L50|100\/100\n|switch|p2a: Forretress|Forretress, L50, F|100\/100\n|switch|p2b: Iron Bundle|Iron Bundle, L50|100\/100\n|-ability|p1a: Weezing|Neutralizing Gas\n|-enditem|p2b: Iron Bundle|Booster Energy\n|-activate|p2b: Iron Bundle|ability: Quark Drive|[fromitem]\n|-start|p2b: Iron Bundle|quarkdrivespe\n|-enditem|p1b: Roaring Moon|Booster Energy\n|-activate|p1b: Roaring Moon|ability: Protosynthesis|[fromitem]\n|-start|p1b: Roaring Moon|protosynthesisatk\n|turn|1\n|\n|t:|1700001524\n|move|p2b: Iron Bundle|Ice Beam|p1b: Roaring Moon\n|-supereffective|p1b: Roaring Moon\n|-damage|p1b: Roaring Moon|15\/100\n|move|p1b: Roaring Moon|Tailwind|p1b: Roaring Moon\n|-sidestart|p1: Lucmazz|move: Tailwind\n|move|p1a: Weezing|Taunt|p2a: Forretress\n|-start|p2a: Forretress|move: Taunt\n|cant|p2a: Forretress|move: Taunt|Iron Defense\n|\n|upkeep\n|turn|2\n|\n|t:|1700001554\n|move|p1a: Weezing|Protect|p1a: Weezing\n|-singleturn|p1a: Weezing|Protect\n|move|p2b: Iron Bundle|Icy Wind|p1a: Weezing|[spread] p1b\n|-activate|p1a: Weezing|move: Protect\n|-supereffective|p1b: Roaring Moon\n|-damage|p1b: Roaring Moon|0 fnt\n|faint|p1b: Roaring Moon\n|-end|p1b: Roaring Moon|Protosynthesis|[silent]\n|move|p2a: Forretress|Drill Run|p1a: Weezing\n|-activate|p1a: Weezing|move: Protect\n|\n|upkeep\n|\n|t:|1700001565\n|switch|p1b: Flutter Mane|Flutter Mane, L50|100\/100\n|turn|3\n|\n|t:|1700001580\n|-terastallize|p1b: Flutter Mane|Fairy\n|move|p1b: Flutter Mane|Dazzling Gleam|p2b: Iron Bundle|[spread] p2a,p2b\n|-resisted|p2a: Forretress\n|-crit|p2a: Forretress\n|-damage|p2a: Forretress|13\/100\n|-damage|p2b: Iron Bundle|0 fnt\n|faint|p2b: Iron Bundle\n|-end|p2b: Iron Bundle|Quark Drive|[silent]\n|move|p1a: Weezing|Sludge Bomb|p2a: Forretress\n|-immune|p2a: Forretress\n|move|p2a: Forretress|Iron Head|p1b: Flutter Mane\n|-supereffective|p1b: Flutter Mane\n|-damage|p1b: Flutter Mane|0 fnt\n|faint|p1b: Flutter Mane\n|-end|p1b: Flutter Mane|Protosynthesis|[silent]\n|\n|-heal|p2a: Forretress|19\/100|[from] item: Leftovers\n|-end|p2a: Forretress|move: Taunt\n|upkeep\n|\n|t:|1700001595\n|switch|p2b: Kilowattrel|Kilowattrel, L50, M|100\/100\n|switch|p1b: Iron Hands|Iron Hands, L50, shiny|100\/100\n|turn|4\n|\n|t:|1700001627\n|move|p2b: Kilowattrel|Protect|p2b: Kilowattrel\n|-singleturn|p2b: Kilowattrel|Protect\n|move|p1b: Iron Hands|Drain Punch|p2a: Forretress\n|-damage|p2a: Forretress|0 fnt\n|faint|p2a: Forretress\n|move|p1a: Weezing|Sludge Bomb|p2b: Kilowattrel\n|-activate|p2b: Kilowattrel|move: Protect\n|\n|-sideend|p1: Lucmazz|move: Tailwind\n|upkeep\n|\n|t:|1700001635\n|switch|p2a: Politoed|Politoed, L50, M|100\/100\n|turn|5\n|\n|t:|1700001652\n|move|p1a: Weezing|Protect|p1a: Weezing\n|-singleturn|p1a: Weezing|Protect\n|move|p2b: Kilowattrel|Hurricane|p1b: Iron Hands\n|-damage|p1b: Iron Hands|77\/100\n|move|p2a: Politoed|Earth Power|p1b: Iron Hands\n|-supereffective|p1b: Iron Hands\n|-damage|p1b: Iron Hands|38\/100\n|-damage|p2a: Politoed|91\/100|[from] item: Life Orb\n|move|p1b: Iron Hands|Heavy Slam|p2b: Kilowattrel\n|-resisted|p2b: Kilowattrel\n|-damage|p2b: Kilowattrel|61\/100\n|\n|upkeep\n|turn|6\n|\n|t:|1700001679\n|-terastallize|p2a: Politoed|Water\n|move|p2b: Kilowattrel|Thunder|p1a: Weezing\n|-damage|p1a: Weezing|14\/100\n|-enditem|p1a: Weezing|Sitrus Berry|[eat]\n|-heal|p1a: Weezing|39\/100|[from] item: Sitrus Berry\n|move|p2a: Politoed|Muddy Water|p1a: Weezing|[spread] p1a,p1b\n|-damage|p1a: Weezing|0 fnt\n|-damage|p1b: Iron Hands|10\/100\n|faint|p1a: Weezing\n|-end|p1a: Weezing|ability: Neutralizing Gas\n|-weather|RainDance|[from] ability: Drizzle|[of] p2a: Politoed\n|-damage|p2a: Politoed|81\/100|[from] item: Life Orb\n|move|p1b: Iron Hands|Wild Charge|p2a: Politoed\n|-supereffective|p2a: Politoed\n|-damage|p2a: Politoed|0 fnt\n|faint|p2a: Politoed\n|-damage|p1b: Iron Hands|0 fnt|[from] Recoil\n|faint|p1b: Iron Hands\n|-end|p1b: Iron Hands|Quark Drive|[silent]\n|\n|win|TrainerDylan24\n|raw|Lucmazz's rating: 1162 &rarr; <strong>1137<\/strong><br \/>(-25 for losing)\n|raw|TrainerDylan24's rating: 1164 &rarr; <strong>1189<\/strong><br \/>(+25 for winning)\n|l|\u2606Lucmazz\n","uploadtime":1700001700,"views":14,"p1id":"lucmazz","p2id":"trainerdylan24","formatid":"gen9vgc2023regulatione","rating":1137,"private":0,"password":""}