{"id":"gen9vgc2023regulatione-1992332490","p1":"Omega_Jirachi","p2":"KicksGG","format":"[Gen 9] VGC 2023 Regulation E","log":"|j|\u2606Omega_Jirachi\n|j|\u2606KicksGG\n|n|\u2606Omega_Jirachi|omegajirachi\n|n|\u2606KicksGG|kicksgg\n|html|View the match progress at <a href=\"\/game-bestof3-gen9vgc2023regulatione-1992332489\">game-bestof3-gen9vgc2023regulatione-1992332489<\/a>\n|t:|1700175611\n|gametype|doubles\n|player|p1|Omega_Jirachi|cynthia-gen4|\n|player|p2|KicksGG|plasmagrunt-gen5bw|\n|teamsize|p1|6\n|teamsize|p2|6\n|gen|9\n|tier|[Gen 9] VGC 2023 Regulation E\n|rule|Species Clause: Limit one of each Pok\u00e9mon\n|rule|Item Clause: Limit one of each item\n|clearpoke\n|poke|p1|Ogerpon-Wellspring, L50, F|\n|poke|p1|Iron Hands, L50|\n|poke|p1|Noivern, L50, M|\n|poke|p1|Scyther, L50, F|\n|poke|p1|Magnezone, L50|\n|poke|p1|Arcanine, L50, M|\n|poke|p2|Amoonguss, L50, M|\n|poke|p2|Glimmora, L50, M|\n|poke|p2|Crawdaunt, L50, M|\n|poke|p2|Roaring Moon, L50|\n|poke|p2|Heracross, L50, M|\n|poke|p2|Clefable, L50, F|\n|teampreview|4\n|c|\u2606Omega_Jirachi|https:\/\/pokepast.es\/cf4305ed3b5917a2 Terra sheet\n|c|\u2606Omega_Jirachi|Mind if I ping live battles?\n|c|\u2606Omega_Jirachi|?\n|c|\u2606KicksGG|thats fine\n|c|\u2606Omega_Jirachi|oh welcome\n|c|\u2606Omega_Jirachi|I was like you there XD\n|c|\u2606Omega_Jirachi|terra sheet?\n|j| Raikia\n|j| 42beets\n|j| JabsGR\n|j| Lkynmbr24\n|c|\u2606Omega_Jirachi|give me a second to write down terras if u dont mind\n|c|\u2606KicksGG|youre good\n|\n|t:|1700175870\n|start\n|switch|p1a: Iron Hands|Iron Hands, L50, shiny|100\/100\n|switch|p1b: Noivern|Noivern, L50, M|100\/100\n|switch|p2a: Roaring Moon|Roaring Moon, L50, shiny|100\/100\n|switch|p2b: Amoonguss|Amoonguss, L50, M|100\/100\n|-item|p2a: Roaring Moon|Booster Energy|[from] ability: Frisk|[of] p1b: Noivern|[identify]\n|-item|p2b: Amoonguss|Sitrus Berry|[from] ability: Frisk|[of] p1b: Noivern|[identify]\n|-enditem|p2a: Roaring Moon|Booster Energy\n|-activate|p2a: Roaring Moon|ability: Protosynthesis|[fromitem]\n|-start|p2a: Roaring Moon|protosynthesisspe\n|turn|1\n|j| Owebbb\n|c|\u2606Omega_Jirachi|good luck have fun\n|c|\u2606KicksGG|glhf!\n|\n|t:|1700175939\n|move|p1a: Iron Hands|Fake Out|p2b: Amoonguss\n|-damage|p2b: Amoonguss|88\/100\n|move|p2a: Roaring Moon|Knock Off|p1a: Iron Hands\n|-resisted|p1a: Iron Hands\n|-damage|p1a: Iron Hands|80\/100\n|-enditem|p1a: Iron Hands|Assault Vest|[from] move: Knock Off|[of] p2a: Roaring Moon\n|move|p1b: Noivern|Draco Meteor|p2a: Roaring Moon\n|-supereffective|p2a: Roaring Moon\n|-damage|p2a: Roaring Moon|0 fnt\n|-unboost|p1b: Noivern|spa|2\n|faint|p2a: Roaring Moon\n|-end|p2a: Roaring Moon|Protosynthesis|[silent]\n|-damage|p1b: Noivern|91\/100|[from] item: Life Orb\n|cant|p2b: Amoonguss|flinch\n|\n|upkeep\n|j| monowhiteteam\n|j| Huxley187\n|l| Huxley187\n|\n|t:|1700175953\n|switch|p2a: Glimmora|Glimmora, L50, M|100\/100\n|turn|2\n|j| eltlxee\n|\n|t:|1700176014\n|-end|p1a: Iron Hands|Quark Drive|[silent]\n|switch|p1a: Ogerpon|Ogerpon-Wellspring, L50, F|100\/100\n|move|p1b: Noivern|Tailwind|p1b: Noivern\n|-sidestart|p1: Omega_Jirachi|move: Tailwind\n|move|p2a: Glimmora|Power Gem|p1b: Noivern\n|-supereffective|p1b: Noivern\n|-damage|p1b: Noivern|0 fnt\n|faint|p1b: Noivern\n|move|p2b: Amoonguss|Spore|p1a: Ogerpon\n|-immune|p1a: Ogerpon\n|\n|upkeep\n|\n|t:|1700176024\n|switch|p1b: Iron Hands|Iron Hands, L50, shiny|80\/100\n|turn|3\n|l| Owebbb\n|\n|t:|1700176069\n|-terastallize|p2b: Amoonguss|Water\n|move|p1a: Ogerpon|Follow Me|p1a: Ogerpon\n|-singleturn|p1a: Ogerpon|move: Follow Me\n|move|p2b: Amoonguss|Rage Powder|p2b: Amoonguss\n|-singleturn|p2b: Amoonguss|move: Rage Powder\n|move|p1b: Iron Hands|Ice Punch|p2b: Amoonguss\n|-resisted|p2b: Amoonguss\n|-damage|p2b: Amoonguss|77\/100\n|move|p2a: Glimmora|Sludge Bomb|p1a: Ogerpon\n|-supereffective|p1a: Ogerpon\n|-damage|p1a: Ogerpon|0 fnt\n|faint|p1a: Ogerpon\n|\n|upkeep\n|\n|t:|1700176078\n|switch|p1a: Arcanine|Arcanine, L50, M, shiny|100\/100\n|-ability|p1a: Arcanine|Intimidate|boost\n|-unboost|p2a: Glimmora|atk|1\n|-unboost|p2b: Amoonguss|atk|1\n|turn|4\n|\n|t:|1700176148\n|-terastallize|p1b: Iron Hands|Grass\n|move|p1a: Arcanine|Wild Charge|p2b: Amoonguss\n|-supereffective|p2b: Amoonguss\n|-damage|p2b: Amoonguss|35\/100\n|-enditem|p2b: Amoonguss|Sitrus Berry|[eat]\n|-heal|p2b: Amoonguss|60\/100|[from] item: Sitrus Berry\n|-damage|p1a: Arcanine|87\/100|[from] Recoil\n|move|p1b: Iron Hands|Ice Punch|p2a: Glimmora\n|-damage|p2a: Glimmora|71\/100\n|-status|p2a: Glimmora|frz\n|-activate|p2a: Glimmora|ability: Toxic Debris\n|-sidestart|p1: Omega_Jirachi|move: Toxic Spikes\n|cant|p2a: Glimmora|frz\n|move|p2b: Amoonguss|Spore|p1b: Iron Hands\n|-immune|p1b: Iron Hands\n|\n|upkeep\n|turn|5\n|j| Huxley187\n|\n|t:|1700176217\n|move|p1a: Arcanine|Wild Charge|p2b: Amoonguss\n|-supereffective|p2b: Amoonguss\n|-damage|p2b: Amoonguss|15\/100\n|-damage|p1a: Arcanine|73\/100|[from] Recoil\n|move|p1b: Iron Hands|Wild Charge|p2b: Amoonguss\n|-supereffective|p2b: Amoonguss\n|-damage|p2b: Amoonguss|0 fnt\n|faint|p2b: Amoonguss\n|-damage|p1b: Iron Hands|77\/100|[from] Recoil\n|cant|p2a: Glimmora|frz\n|\n|-sideend|p1: Omega_Jirachi|move: Tailwind\n|upkeep\n|\n|t:|1700176228\n|switch|p2b: Crawdaunt|Crawdaunt, L50, M, shiny|100\/100\n|turn|6\n|c|\u2606Omega_Jirachi|im so sorry about the freezes\n|c|\u2606KicksGG|lmao its all good\n|\n|t:|1700176249\n|move|p2b: Crawdaunt|Aqua Jet|p1a: Arcanine\n|-supereffective|p1a: Arcanine\n|-damage|p1a: Arcanine|0 fnt\n|faint|p1a: Arcanine\n|-damage|p2b: Crawdaunt|91\/100|[from] item: Life Orb\n|-curestatus|p2a: Glimmora|frz|[msg]\n|move|p2a: Glimmora|Sludge Bomb|p1b: Iron Hands\n|-supereffective|p1b: Iron Hands\n|-damage|p1b: Iron Hands|4\/100\n|-status|p1b: Iron Hands|psn\n|move|p1b: Iron Hands|Drain Punch|p2b: Crawdaunt\n|-supereffective|p2b: Crawdaunt\n|-damage|p2b: Crawdaunt|0 fnt\n|-heal|p1b: Iron Hands|31\/100 psn|[from] drain|[of] p2b: Crawdaunt\n|faint|p2b: Crawdaunt\n|\n|-damage|p1b: Iron Hands|19\/100 psn|[from] psn\n|upkeep\n|turn|7\n|c| JabsGR|We need frostbite to replace freeze yesterday\n|c| Lkynmbr24|Agreed\n|\n|t:|1700176281\n|move|p2a: Glimmora|Sludge Bomb|p1b: Iron Hands\n|-supereffective|p1b: Iron Hands\n|-damage|p1b: Iron Hands|0 fnt\n|faint|p1b: Iron Hands\n|-end|p1b: Iron Hands|Quark Drive|[silent]\n|\n|win|KicksGG\n|c| Lkynmbr24|And Drowsy\n|c|\u2606Omega_Jirachi|gg\n|c|\u2606KicksGG|gg\n|l| monowhiteteam\n|inactive|Omega_Jirachi has 50 seconds to confirm battle start!\n|inactive|KicksGG has 50 seconds to confirm battle start!\n","uploadtime":1700176294,"views":18,"p1id":"omegajirachi","p2id":"kicksgg","formatid":"gen9vgc2023regulatione","rating":0,"private":0,"password":""}