{"id":"gen9vgc2023regulatione-1989102319","p1":"ToastedArt","p2":"Granny Pie","format":"[Gen 9] VGC 2023 Regulation E","log":"|j|\u2606ToastedArt\n|j|\u2606Granny Pie\n|n|\u2606ToastedArt|toastedart\n|n|\u2606Granny Pie|grannypie\n|html|View the match progress at <a href=\"\/game-bestof3-gen9vgc2023regulatione-1989097262\">game-bestof3-gen9vgc2023regulatione-1989097262<\/a>\n|t:|1699812413\n|gametype|doubles\n|player|p1|ToastedArt|iris|\n|player|p2|Granny Pie|zinnia|\n|teamsize|p1|6\n|teamsize|p2|6\n|gen|9\n|tier|[Gen 9] VGC 2023 Regulation E\n|rule|Species Clause: Limit one of each Pok\u00e9mon\n|rule|Item Clause: Limit one of each item\n|clearpoke\n|poke|p1|Weezing, L50, M|\n|poke|p1|Landorus-Therian, L50, M|\n|poke|p1|Ogerpon, L50, F|\n|poke|p1|Roaring Moon, L50|\n|poke|p1|Gholdengo, L50|\n|poke|p1|Iron Hands, L50|\n|poke|p2|Tornadus, L50, M|\n|poke|p2|Flutter Mane, L50|\n|poke|p2|Urshifu-*, L50, M|\n|poke|p2|Chien-Pao, L50|\n|poke|p2|Okidogi, L50, M|\n|poke|p2|Ogerpon-Hearthflame, L50, F|\n|teampreview|4\nToastedArt has agreed to open team sheets.\nGranny Pie has agreed to open team sheets.\n|showteam|p1|Weezing||SitrusBerry|NeutralizingGas|GunkShot,WillOWisp,Taunt,Protect|||M|||50|,,,,,Grass]Landorus-Therian||AbilityShield|Intimidate|StompingTantrum,TeraBlast,Uturn,RockSlide|||M|||50|,,,,,Flying]Ogerpon||RazorClaw|Defiant|IvyCudgel,SpikyShield,StompingTantrum,SwordsDance|||F|||50|,,,,,Grass]Roaring Moon||BoosterEnergy|Protosynthesis|KnockOff,BreakingSwipe,Tailwind,Protect||||||50|,,,,,Poison]Gholdengo||LifeOrb|GoodasGold|MakeItRain,ShadowBall,NastyPlot,Protect||||||50|,,,,,Water]Iron Hands||AssaultVest|QuarkDrive|WildCharge,DrainPunch,HeavySlam,FakeOut||||||50|,,,,,Fire\n|showteam|p2|Tornadus||MentalHerb|Prankster|BleakwindStorm,Tailwind,Taunt,RainDance|||M|||50|,,,,,Ghost]Flutter Mane||ChoiceSpecs|Protosynthesis|Moonblast,DazzlingGleam,ShadowBall,EnergyBall||||||50|,,,,,Fairy]Urshifu-Rapid-Strike||MysticWater|UnseenFist|SurgingStrikes,CloseCombat,AquaJet,Detect|||M|||50|,,,,,Water]Chien-Pao||FocusSash|SwordofRuin|IceSpinner,SuckerPunch,SacredSword,Protect||||||50|,,,,,Ghost]Okidogi||AssaultVest|GuardDog|GunkShot,DrainPunch,HighHorsepower,KnockOff|||M|||50|,,,,,Grass]Ogerpon-Hearthflame||HearthflameMask|MoldBreaker|SwordsDance,IvyCudgel,WoodHammer,SpikyShield|||F|||50|,,,,,Fire\n|\n|t:|1699812471\n|start\n|switch|p1a: Roaring Moon|Roaring Moon, L50|100\/100\n|switch|p1b: Iron Hands|Iron Hands, L50|100\/100\n|switch|p2a: Genie of Health|Tornadus, L50, M|100\/100\n|switch|p2b: Heropon|Ogerpon-Hearthflame, L50, F|100\/100\n|-ability|p2b: Heropon|Mold Breaker\n|-enditem|p1a: Roaring Moon|Booster Energy\n|-activate|p1a: Roaring Moon|ability: Protosynthesis|[fromitem]\n|-start|p1a: Roaring Moon|protosynthesisspe\n|turn|1\n|\n|t:|1699812505\n|move|p1b: Iron Hands|Fake Out|p2a: Genie of Health\n|-damage|p2a: Genie of Health|83\/100\n|cant|p2a: Genie of Health|flinch\n|move|p1a: Roaring Moon|Tailwind|p1a: Roaring Moon\n|-sidestart|p1: ToastedArt|move: Tailwind\n|move|p2b: Heropon|Swords Dance|p2b: Heropon\n|-boost|p2b: Heropon|atk|2\n|\n|upkeep\n|turn|2\n|\n|t:|1699812556\n|-end|p1a: Roaring Moon|Protosynthesis|[silent]\n|switch|p1a: Weezing|Weezing, L50, M|100\/100\n|-ability|p1a: Weezing|Neutralizing Gas\n|-terastallize|p2b: Heropon|Fire\n|detailschange|p2b: Heropon|Ogerpon-Hearthflame-Tera, L50, F, tera:Fire\n|-terastallize|p1b: Iron Hands|Fire\n|move|p2b: Heropon|Ivy Cudgel|p1b: Iron Hands\n|-resisted|p1b: Iron Hands\n|-damage|p1b: Iron Hands|46\/100\n|move|p1b: Iron Hands|Wild Charge|p2b: Heropon\n|-damage|p2b: Heropon|32\/100\n|-damage|p1b: Iron Hands|34\/100|[from] Recoil\n|move|p2a: Genie of Health|Tailwind|p2a: Genie of Health\n|-sidestart|p2: Granny Pie|move: Tailwind\n|\n|upkeep\n|turn|3\n|\n|t:|1699812594\n|move|p1a: Weezing|Protect|p1a: Weezing\n|-singleturn|p1a: Weezing|Protect\n|move|p2b: Heropon|Ivy Cudgel|p1b: Iron Hands\n|-resisted|p1b: Iron Hands\n|-damage|p1b: Iron Hands|0 fnt\n|faint|p1b: Iron Hands\n|-end|p1b: Iron Hands|Quark Drive|[silent]\n|move|p2a: Genie of Health|Taunt|p1a: Weezing\n|-activate|p1a: Weezing|move: Protect\n|\n|upkeep\n|\n|t:|1699812605\n|switch|p1b: Roaring Moon|Roaring Moon, L50|100\/100\n|turn|4\n|\n|t:|1699812625\n|move|p2b: Heropon|Ivy Cudgel|p1a: Weezing\n|-damage|p1a: Weezing|0 fnt\n|faint|p1a: Weezing\n|-end|p1a: Weezing|ability: Neutralizing Gas\n|-ability|p2b: Heropon|Embody Aspect (Hearthflame)|boost\n|-boost|p2b: Heropon|atk|1\n|move|p1b: Roaring Moon|Breaking Swipe|p2a: Genie of Health|[spread] p2a,p2b\n|-damage|p2a: Genie of Health|55\/100\n|-damage|p2b: Heropon|4\/100\n|-unboost|p2a: Genie of Health|atk|1\n|-unboost|p2b: Heropon|atk|1\n|move|p2a: Genie of Health|Bleakwind Storm|p1b: Roaring Moon\n|-damage|p1b: Roaring Moon|57\/100\n|\n|-sideend|p1: ToastedArt|move: Tailwind\n|upkeep\n|\n|t:|1699812637\n|switch|p1a: Ogerpon|Ogerpon, L50, F|100\/100\n|turn|5\n|\n|t:|1699812650\n|move|p1a: Ogerpon|Spiky Shield|p1a: Ogerpon\n|-singleturn|p1a: Ogerpon|move: Protect\n|move|p2b: Heropon|Ivy Cudgel|p1a: Ogerpon\n|-activate|p1a: Ogerpon|move: Protect\n|move|p2a: Genie of Health|Bleakwind Storm|p1a: Ogerpon|[spread] p1b\n|-activate|p1a: Ogerpon|move: Protect\n|-damage|p1b: Roaring Moon|23\/100\n|move|p1b: Roaring Moon|Tailwind|p1b: Roaring Moon\n|-sidestart|p1: ToastedArt|move: Tailwind\n|\n|-sideend|p2: Granny Pie|move: Tailwind\n|upkeep\n|turn|6\n|\n|t:|1699812670\n|move|p2b: Heropon|Spiky Shield|p2b: Heropon\n|-singleturn|p2b: Heropon|move: Protect\n|move|p2a: Genie of Health|Tailwind|p2a: Genie of Health\n|-sidestart|p2: Granny Pie|move: Tailwind\n|move|p1b: Roaring Moon|Breaking Swipe|p2b: Heropon|[spread] p2a\n|-activate|p2b: Heropon|move: Protect\n|-damage|p1b: Roaring Moon|11\/100|[from] Spiky Shield|[of] p2b: Heropon\n|-damage|p2a: Genie of Health|27\/100\n|-unboost|p2a: Genie of Health|atk|1\n|move|p1a: Ogerpon|Ivy Cudgel|p2a: Genie of Health\n|-resisted|p2a: Genie of Health\n|-damage|p2a: Genie of Health|0 fnt\n|faint|p2a: Genie of Health\n|\n|upkeep\n|c|\u2606Granny Pie|Real\n|\n|t:|1699812688\n|switch|p2a: Flutter Mane BF|Urshifu-Rapid-Strike, L50, M|100\/100\n|turn|7\n|\n|t:|1699812703\n|move|p2a: Flutter Mane BF|Aqua Jet|p1b: Roaring Moon\n|-resisted|p1b: Roaring Moon\n|-damage|p1b: Roaring Moon|0 fnt\n|faint|p1b: Roaring Moon\n|-end|p1b: Roaring Moon|Protosynthesis|[silent]\n|move|p2b: Heropon|Ivy Cudgel|p1a: Ogerpon\n|-supereffective|p1a: Ogerpon\n|-damage|p1a: Ogerpon|0 fnt\n|faint|p1a: Ogerpon\n|\n|win|Granny Pie\n","uploadtime":1699812711,"views":8,"p1id":"toastedart","p2id":"grannypie","formatid":"gen9vgc2023regulatione","rating":0,"private":0,"password":""}