{"id":"gen9vgc2023regulatione-1995856245","p1":"OctoDogo","p2":"pancho.totem","format":"[Gen 9] VGC 2023 Regulation E","log":"|j|\u2606OctoDogo\n|j|\u2606pancho.totem\n|t:|1700610179\n|gametype|doubles\n|player|p1|OctoDogo|benga|1189\n|player|p2|pancho.totem|1|1252\n|teamsize|p1|6\n|teamsize|p2|6\n|gen|9\n|tier|[Gen 9] VGC 2023 Regulation E\n|rated|\n|rule|Species Clause: Limit one of each Pok\u00e9mon\n|rule|Item Clause: Limit one of each item\n|clearpoke\n|poke|p1|Amoonguss, L50, F|\n|poke|p1|Tornadus, L50, M|\n|poke|p1|Iron Hands, L50|\n|poke|p1|Arcanine-Hisui, L50, F|\n|poke|p1|Gholdengo, L50|\n|poke|p1|Urshifu-*, L50, M|\n|poke|p2|Tornadus, L50, M|\n|poke|p2|Baxcalibur, L50, M|\n|poke|p2|Sinistcha, L50|\n|poke|p2|Empoleon, L50, F|\n|poke|p2|Ogerpon-Hearthflame, L50, F|\n|poke|p2|Sandy Shocks, L50|\n|teampreview|4\n|inactive|Battle timer is ON: inactive players will automatically lose when time's up. (requested by OctoDogo)\n|inactive|pancho.totem has 60 seconds left.\n|\n|t:|1700610212\n|start\n|switch|p1a: Genius|Tornadus, L50, M|100\/100\n|switch|p1b: Zamorano|Amoonguss, L50, F, shiny|100\/100\n|switch|p2a: Baxcalibur|Baxcalibur, L50, M|100\/100\n|switch|p2b: Tornadus|Tornadus, L50, M|100\/100\n|turn|1\n|\n|t:|1700610228\n|-terastallize|p1b: Zamorano|Water\n|move|p1b: Zamorano|Rage Powder|p1b: Zamorano\n|-singleturn|p1b: Zamorano|move: Rage Powder\n|move|p2b: Tornadus|Taunt|p1b: Zamorano\n|-start|p1b: Zamorano|move: Taunt\n|move|p1a: Genius|Tailwind|p1a: Genius\n|-sidestart|p1: OctoDogo|move: Tailwind\n|move|p2a: Baxcalibur|Icicle Spear|p1b: Zamorano\n|-resisted|p1b: Zamorano\n|-damage|p1b: Zamorano|95\/100\n|-resisted|p1b: Zamorano\n|-damage|p1b: Zamorano|89\/100\n|-resisted|p1b: Zamorano\n|-damage|p1b: Zamorano|82\/100\n|-resisted|p1b: Zamorano\n|-damage|p1b: Zamorano|75\/100\n|-resisted|p1b: Zamorano\n|-damage|p1b: Zamorano|69\/100\n|-hitcount|p1b: Zamorano|5\n|\n|upkeep\n|turn|2\n|inactive|pancho.totem has 30 seconds left.\n|\n|t:|1700610261\n|switch|p2a: Empoleon|Empoleon, L50, F|100\/100\n|switch|p1b: IkeCanine|Arcanine-Hisui, L50, F|100\/100\n|-ability|p1b: IkeCanine|Intimidate|boost\n|-unboost|p2a: Empoleon|atk|1\n|-ability|p2a: Empoleon|Competitive|boost\n|-boost|p2a: Empoleon|spa|2\n|-unboost|p2b: Tornadus|atk|1\n|move|p1a: Genius|Tailwind||[still]\n|-fail|p1a: Genius\n|move|p2b: Tornadus|Taunt|p1a: Genius\n|-start|p1a: Genius|move: Taunt\n|\n|upkeep\n|turn|3\n|\n|t:|1700610285\n|switch|p1a: Zamorano|Amoonguss, L50, F, shiny, tera:Water|100\/100\n|move|p2b: Tornadus|Tailwind|p2b: Tornadus\n|-sidestart|p2: pancho.totem|move: Tailwind\n|move|p1b: IkeCanine|Head Smash|p2b: Tornadus\n|-supereffective|p2b: Tornadus\n|-damage|p2b: Tornadus|0 fnt\n|faint|p2b: Tornadus\n|-damage|p1b: IkeCanine|51\/100|[from] Recoil\n|move|p2a: Empoleon|Chilling Water|p1b: IkeCanine\n|-supereffective|p1b: IkeCanine\n|-damage|p1b: IkeCanine|0 fnt\n|faint|p1b: IkeCanine\n|\n|upkeep\n|\n|t:|1700610304\n|switch|p2b: Ogerpon|Ogerpon-Hearthflame, L50, F|100\/100\n|switch|p1b: Genius|Tornadus, L50, M|100\/100\n|-ability|p2b: Ogerpon|Mold Breaker\n|turn|4\n|inactive|pancho.totem has 30 seconds left.\n|\n|t:|1700610334\n|move|p1b: Genius|Protect|p1b: Genius\n|-singleturn|p1b: Genius|Protect\n|move|p1a: Zamorano|Protect|p1a: Zamorano\n|-singleturn|p1a: Zamorano|Protect\n|move|p2b: Ogerpon|Horn Leech|p1a: Zamorano\n|-activate|p1a: Zamorano|move: Protect\n|move|p2a: Empoleon|Icy Wind|p1b: Genius|[spread] \n|-activate|p1a: Zamorano|move: Protect\n|-activate|p1b: Genius|move: Protect\n|\n|-sideend|p1: OctoDogo|move: Tailwind\n|upkeep\n|turn|5\n|inactive|pancho.totem has 30 seconds left.\n|\n|t:|1700610363\n|move|p1b: Genius|Tailwind|p1b: Genius\n|-sidestart|p1: OctoDogo|move: Tailwind\n|move|p2b: Ogerpon|Horn Leech|p1a: Zamorano\n|-supereffective|p1a: Zamorano\n|-damage|p1a: Zamorano|17\/100\n|-enditem|p1a: Zamorano|Sitrus Berry|[eat]\n|-heal|p1a: Zamorano|42\/100|[from] item: Sitrus Berry\n|move|p2a: Empoleon|Icy Wind|p1b: Genius|[spread] p1a,p1b\n|-resisted|p1a: Zamorano\n|-supereffective|p1b: Genius\n|-damage|p1a: Zamorano|32\/100\n|-damage|p1b: Genius|61\/100\n|-unboost|p1a: Zamorano|spe|1\n|-unboost|p1b: Genius|spe|1\n|move|p1a: Zamorano|Spore|p2a: Empoleon\n|-status|p2a: Empoleon|slp|[from] move: Spore\n|\n|upkeep\n|turn|6\n|inactive|pancho.totem has 30 seconds left.\n|\n|t:|1700610395\n|switch|p1a: Gholdengo|Gholdengo, L50|100\/100\n|move|p2b: Ogerpon|Spiky Shield|p2b: Ogerpon\n|-singleturn|p2b: Ogerpon|move: Protect\n|move|p1b: Genius|Bleakwind Storm|p2b: Ogerpon|[spread] p2a\n|-activate|p2b: Ogerpon|move: Protect\n|-resisted|p2a: Empoleon\n|-damage|p2a: Empoleon|90\/100 slp\n|cant|p2a: Empoleon|slp\n|\n|-sideend|p2: pancho.totem|move: Tailwind\n|upkeep\n|turn|7\n|inactive|pancho.totem has 30 seconds left.\n|\n|t:|1700610426\n|move|p1b: Genius|Rain Dance|p1b: Genius\n|-weather|RainDance\n|move|p1a: Gholdengo|Nasty Plot|p1a: Gholdengo\n|-boost|p1a: Gholdengo|spa|2\n|move|p2b: Ogerpon|Ivy Cudgel|p1a: Gholdengo|[anim] Ivy Cudgel Fire\n|-supereffective|p1a: Gholdengo\n|-damage|p1a: Gholdengo|47\/100\n|cant|p2a: Empoleon|slp\n|\n|-weather|RainDance|[upkeep]\n|-heal|p1a: Gholdengo|53\/100|[from] item: Leftovers\n|upkeep\n|turn|8\n|\n|t:|1700610443\n|switch|p1b: Zamorano|Amoonguss, L50, F, shiny, tera:Water|65\/100\n|move|p2b: Ogerpon|Spiky Shield|p2b: Ogerpon\n|-singleturn|p2b: Ogerpon|move: Protect\n|move|p1a: Gholdengo|Shadow Ball|p2b: Ogerpon\n|-activate|p2b: Ogerpon|move: Protect\n|-curestatus|p2a: Empoleon|slp|[msg]\n|move|p2a: Empoleon|Flash Cannon|p1b: Zamorano\n|-resisted|p1b: Zamorano\n|-damage|p1b: Zamorano|37\/100\n|\n|-weather|RainDance|[upkeep]\n|-heal|p1a: Gholdengo|59\/100|[from] item: Leftovers\n|-sideend|p1: OctoDogo|move: Tailwind\n|upkeep\n|turn|9\n|inactive|pancho.totem has 30 seconds left.\n|inactive|pancho.totem has 20 seconds left.\n|inactive|pancho.totem has 15 seconds left.\n|inactive|pancho.totem has 10 seconds left.\n|\n|t:|1700610492\n|-terastallize|p2b: Ogerpon|Fire\n|detailschange|p2b: Ogerpon|Ogerpon-Hearthflame-Tera, L50, F, tera:Fire\n|-ability|p2b: Ogerpon|Embody Aspect (Hearthflame)|boost\n|-boost|p2b: Ogerpon|atk|1\n|move|p1b: Zamorano|Protect|p1b: Zamorano\n|-singleturn|p1b: Zamorano|Protect\n|move|p2b: Ogerpon|Horn Leech|p1b: Zamorano\n|-activate|p1b: Zamorano|move: Protect\n|move|p1a: Gholdengo|Shadow Ball|p2b: Ogerpon\n|-damage|p2b: Ogerpon|5\/100\n|move|p2a: Empoleon|Flash Cannon|p1a: Gholdengo\n|-resisted|p1a: Gholdengo\n|-damage|p1a: Gholdengo|27\/100\n|-unboost|p1a: Gholdengo|spd|1\n|\n|-weather|RainDance|[upkeep]\n|-heal|p1a: Gholdengo|33\/100|[from] item: Leftovers\n|upkeep\n|turn|10\n|inactive|OctoDogo has 30 seconds left.\n|inactive|pancho.totem has 30 seconds left.\n|inactive|pancho.totem has 20 seconds left.\n|\n|t:|1700610529\n|move|p2b: Ogerpon|Ivy Cudgel|p1a: Gholdengo|[anim] Ivy Cudgel Fire\n|-supereffective|p1a: Gholdengo\n|-damage|p1a: Gholdengo|0 fnt\n|faint|p1a: Gholdengo\n|move|p2a: Empoleon|Flash Cannon|p1b: Zamorano\n|-resisted|p1b: Zamorano\n|-damage|p1b: Zamorano|11\/100\n|move|p1b: Zamorano|Pollen Puff|p1: Gholdengo|[notarget]\n|-fail|p1b: Zamorano\n|\n|-weather|RainDance|[upkeep]\n|upkeep\n|\n|t:|1700610538\n|switch|p1a: Genius|Tornadus, L50, M|61\/100\n|turn|11\n|\n|t:|1700610554\n|move|p2b: Ogerpon|Spiky Shield|p2b: Ogerpon\n|-singleturn|p2b: Ogerpon|move: Protect\n|move|p1a: Genius|Bleakwind Storm|p2a: Empoleon|[spread] p2a\n|-activate|p2b: Ogerpon|move: Protect\n|-resisted|p2a: Empoleon\n|-damage|p2a: Empoleon|79\/100\n|-unboost|p2a: Empoleon|spe|1\n|-ability|p2a: Empoleon|Competitive|boost\n|-boost|p2a: Empoleon|spa|2\n|move|p2a: Empoleon|Flash Cannon|p1b: Zamorano\n|-resisted|p1b: Zamorano\n|-damage|p1b: Zamorano|0 fnt\n|faint|p1b: Zamorano\n|\n|-weather|none\n|upkeep\n|turn|12\n|\n|t:|1700610570\n|switch|p2b: Baxcalibur|Baxcalibur, L50, M|100\/100\n|move|p1a: Genius|Bleakwind Storm|p2b: Baxcalibur|[spread] p2a\n|-miss|p1a: Genius|p2b: Baxcalibur\n|-resisted|p2a: Empoleon\n|-damage|p2a: Empoleon|66\/100\n|move|p2a: Empoleon|Icy Wind|p1a: Genius\n|-supereffective|p1a: Genius\n|-damage|p1a: Genius|0 fnt\n|faint|p1a: Genius\n|\n|win|pancho.totem\n|raw|OctoDogo's rating: 1189 &rarr; <strong>1168<\/strong><br \/>(-21 for losing)\n|raw|pancho.totem's rating: 1252 &rarr; <strong>1273<\/strong><br \/>(+21 for winning)\n|l|\u2606OctoDogo\n","uploadtime":1700610582,"views":18,"p1id":"octodogo","p2id":"panchototem","formatid":"gen9vgc2023regulatione","rating":1168,"private":0,"password":""}