{"id":"gen9vgc2023regulatione-1988048747","p1":"Azulmendes","p2":"Loswiththeemost","format":"[Gen 9] VGC 2023 Regulation E","log":"|j|\u2606Azulmendes\n|j|\u2606Loswiththeemost\n|t:|1699663260\n|gametype|doubles\n|player|p1|Azulmendes|101|1189\n|player|p2|Loswiththeemost|265|1186\n|teamsize|p1|6\n|teamsize|p2|6\n|gen|9\n|tier|[Gen 9] VGC 2023 Regulation E\n|rated|\n|rule|Species Clause: Limit one of each Pok\u00e9mon\n|rule|Item Clause: Limit one of each item\n|clearpoke\n|poke|p1|Chien-Pao, L50|\n|poke|p1|Shiftry, L50, F|\n|poke|p1|Dragonite, L50, F|\n|poke|p1|Heatran, L50, F|\n|poke|p1|Bisharp, L50, F|\n|poke|p1|Flutter Mane, L50|\n|poke|p2|Chien-Pao, L50|\n|poke|p2|Amoonguss, L50, M|\n|poke|p2|Dragonite, L50, F|\n|poke|p2|Kingambit, L50, M|\n|poke|p2|Urshifu-*, L50, M|\n|poke|p2|Farigiraf, L50, M|\n|teampreview|4\n|\n|t:|1699663299\n|start\n|switch|p1a: Dragonite|Dragonite, L50, F|100\/100\n|switch|p1b: Flutter Mane|Flutter Mane, L50|100\/100\n|switch|p2a: Urshifu|Urshifu-Rapid-Strike, L50, M|100\/100\n|switch|p2b: Farigiraf|Farigiraf, L50, M|100\/100\n|-enditem|p1b: Flutter Mane|Booster Energy\n|-activate|p1b: Flutter Mane|ability: Protosynthesis|[fromitem]\n|-start|p1b: Flutter Mane|protosynthesisspe\n|turn|1\n|\n|t:|1699663317\n|move|p1b: Flutter Mane|Dazzling Gleam|p2b: Farigiraf|[spread] p2a,p2b\n|-supereffective|p2a: Urshifu\n|-crit|p2a: Urshifu\n|-damage|p2a: Urshifu|0 fnt\n|-damage|p2b: Farigiraf|69\/100\n|faint|p2a: Urshifu\n|move|p1a: Dragonite|Tailwind|p1a: Dragonite\n|-sidestart|p1: Azulmendes|move: Tailwind\n|move|p2b: Farigiraf|Dazzling Gleam|p1a: Dragonite|[spread] p1a,p1b\n|-supereffective|p1a: Dragonite\n|-damage|p1a: Dragonite|82\/100\n|-damage|p1b: Flutter Mane|84\/100\n|-enditem|p1a: Dragonite|Weakness Policy\n|-boost|p1a: Dragonite|atk|2|[from] item: Weakness Policy\n|-boost|p1a: Dragonite|spa|2|[from] item: Weakness Policy\n|\n|upkeep\n|\n|t:|1699663328\n|switch|p2a: Kingambit|Kingambit, L50, M|100\/100\n|turn|2\n|\n|t:|1699663352\n|-terastallize|p1b: Flutter Mane|Ghost\n|move|p2a: Kingambit|Sucker Punch|p1b: Flutter Mane\n|-supereffective|p1b: Flutter Mane\n|-damage|p1b: Flutter Mane|0 fnt\n|faint|p1b: Flutter Mane\n|-end|p1b: Flutter Mane|Protosynthesis|[silent]\n|move|p1a: Dragonite|Dragon Dance|p1a: Dragonite\n|-boost|p1a: Dragonite|atk|1\n|-boost|p1a: Dragonite|spe|1\n|move|p2b: Farigiraf|Trick Room|p2b: Farigiraf\n|-fieldstart|move: Trick Room|[of] p2b: Farigiraf\n|\n|upkeep\n|\n|t:|1699663359\n|switch|p1b: Heatran|Heatran, L50, F|100\/100\n|turn|3\n|\n|t:|1699663375\n|-terastallize|p2a: Kingambit|Fairy\n|move|p2a: Kingambit|Kowtow Cleave|p1a: Dragonite\n|-damage|p1a: Dragonite|17\/100\n|move|p2b: Farigiraf|Psychic|p1a: Dragonite\n|-damage|p1a: Dragonite|0 fnt\n|faint|p1a: Dragonite\n|move|p1b: Heatran|Heat Wave|p2a: Kingambit|[spread] p2a,p2b\n|-damage|p2a: Kingambit|60\/100\n|-damage|p2b: Farigiraf|31\/100\n|-status|p2b: Farigiraf|brn\n|\n|-damage|p2b: Farigiraf|25\/100 brn|[from] brn\n|upkeep\n|\n|t:|1699663386\n|switch|p1a: Shiftry|Shiftry, L50, F|100\/100\n|-ability|p1a: Shiftry|Wind Rider|boost\n|-boost|p1a: Shiftry|atk|1\n|turn|4\n|\n|t:|1699663421\n|move|p2a: Kingambit|Kowtow Cleave|p1a: Shiftry\n|-resisted|p1a: Shiftry\n|-damage|p1a: Shiftry|56\/100\n|move|p2b: Farigiraf|Dazzling Gleam|p1a: Shiftry|[spread] p1a,p1b\n|-supereffective|p1a: Shiftry\n|-crit|p1a: Shiftry\n|-resisted|p1b: Heatran\n|-damage|p1a: Shiftry|0 fnt\n|-damage|p1b: Heatran|98\/100\n|faint|p1a: Shiftry\n|move|p1b: Heatran|Flash Cannon|p2a: Kingambit\n|-supereffective|p2a: Kingambit\n|-damage|p2a: Kingambit|0 fnt\n|faint|p2a: Kingambit\n|\n|-damage|p2b: Farigiraf|19\/100 brn|[from] brn\n|-sideend|p1: Azulmendes|move: Tailwind\n|upkeep\n|\n|t:|1699663432\n|switch|p2a: Chien-Pao|Chien-Pao, L50|100\/100\n|-ability|p2a: Chien-Pao|Sword of Ruin\n|turn|5\n|\n|t:|1699663443\n|move|p2b: Farigiraf|Psychic|p1b: Heatran\n|-resisted|p1b: Heatran\n|-damage|p1b: Heatran|88\/100\n|move|p1b: Heatran|Heat Wave|p2b: Farigiraf|[spread] p2a,p2b\n|-supereffective|p2a: Chien-Pao\n|-crit|p2a: Chien-Pao\n|-enditem|p2a: Chien-Pao|Focus Sash\n|-damage|p2a: Chien-Pao|1\/100\n|-damage|p2b: Farigiraf|0 fnt\n|faint|p2b: Farigiraf\n|move|p2a: Chien-Pao|Sacred Sword|p1b: Heatran\n|-supereffective|p1b: Heatran\n|-damage|p1b: Heatran|21\/100\n|\n|upkeep\n|turn|6\n|\n|t:|1699663456\n|move|p2a: Chien-Pao|Protect|p2a: Chien-Pao\n|-singleturn|p2a: Chien-Pao|Protect\n|move|p1b: Heatran|Earth Power|p2a: Chien-Pao\n|-activate|p2a: Chien-Pao|move: Protect\n|\n|-fieldend|move: Trick Room\n|upkeep\n|turn|7\n|\n|t:|1699663461\n|move|p2a: Chien-Pao|Sacred Sword|p1b: Heatran\n|-supereffective|p1b: Heatran\n|-damage|p1b: Heatran|0 fnt\n|faint|p1b: Heatran\n|\n|win|Loswiththeemost\n|raw|Azulmendes's rating: 1189 &rarr; <strong>1164<\/strong><br \/>(-25 for losing)\n|raw|Loswiththeemost's rating: 1186 &rarr; <strong>1211<\/strong><br \/>(+25 for winning)\n","uploadtime":1699663465,"views":66,"p1id":"azulmendes","p2id":"loswiththeemost","formatid":"gen9vgc2023regulatione","rating":1164,"private":0,"password":""}