{"id":"gen9vgc2023regulatione-1990910941","p1":"eggbertimus","p2":"RNG can't stop me","format":"[Gen 9] VGC 2023 Regulation E","log":"|j|\u2606eggbertimus\n|j|\u2606RNG can't stop me\n|t:|1700014188\n|gametype|doubles\n|player|p1|eggbertimus|zinzolin|1404\n|player|p2|RNG can't stop me|n|1394\n|teamsize|p1|6\n|teamsize|p2|6\n|gen|9\n|tier|[Gen 9] VGC 2023 Regulation E\n|rated|\n|rule|Species Clause: Limit one of each Pok\u00e9mon\n|rule|Item Clause: Limit one of each item\n|clearpoke\n|poke|p1|Arcanine-Hisui, L50, M|\n|poke|p1|Annihilape, L50, M|\n|poke|p1|Muk-Alola, L50, F|\n|poke|p1|Sinistcha-Masterpiece, L50|\n|poke|p1|Chesnaught, L50, F|\n|poke|p1|Cresselia, L50, F|\n|poke|p2|Tornadus, L50, M|\n|poke|p2|Urshifu-*, L50, M|\n|poke|p2|Ogerpon-Wellspring, L50, F|\n|poke|p2|Farigiraf, L50, F|\n|poke|p2|Heatran, L50, M|\n|poke|p2|Landorus, L50, M|\n|teampreview|4\n|inactive|Battle timer is ON: inactive players will automatically lose when time's up. (requested by eggbertimus)\n|j| Onassi2\nRNG can't stop me has agreed to open team sheets.\n|inactive|eggbertimus has 60 seconds left.\n|inactive|RNG can't stop me has 60 seconds left.\n|c|\u2606RNG can't stop me|gl hg\n|c|\u2606eggbertimus|glhf\n|\n|t:|1700014230\n|start\n|switch|p1a: Sinistcha|Sinistcha-Masterpiece, L50|100\/100\n|switch|p1b: Cresselia|Cresselia, L50, F|100\/100\n|switch|p2a: palindrome|Farigiraf, L50, F|100\/100\n|switch|p2b: Piolin|Landorus, L50, M|100\/100\n|turn|1\n|\n|t:|1700014243\n|move|p2b: Piolin|Sludge Bomb|p1a: Sinistcha\n|-damage|p1a: Sinistcha|57\/100\n|move|p1b: Cresselia|Ice Beam|p2b: Piolin\n|-supereffective|p2b: Piolin\n|-damage|p2b: Piolin|0 fnt\n|faint|p2b: Piolin\n|move|p1a: Sinistcha|Matcha Gotcha|p2a: palindrome|[miss]\n|-miss|p1a: Sinistcha|p2a: palindrome\n|move|p2a: palindrome|Imprison|p2a: palindrome\n|-start|p2a: palindrome|move: Imprison\n|\n|upkeep\n|\n|t:|1700014255\n|switch|p2b: MMMMM 4(Beep)|Heatran, L50, M|100\/100\n|turn|2\n|\n|t:|1700014272\n|move|p2a: palindrome|Helping Hand|p2b: MMMMM 4(Beep)\n|-singleturn|p2b: MMMMM 4(Beep)|Helping Hand|[of] p2a: palindrome\n|move|p1b: Cresselia|Ice Beam|p2a: palindrome\n|-damage|p2a: palindrome|79\/100\n|move|p2b: MMMMM 4(Beep)|Heat Wave|p1a: Sinistcha|[spread] p1b\n|-miss|p2b: MMMMM 4(Beep)|p1a: Sinistcha\n|-damage|p1b: Cresselia|62\/100\n|move|p1a: Sinistcha|Matcha Gotcha|p2a: palindrome|[spread] p2a,p2b\n|-resisted|p2b: MMMMM 4(Beep)\n|-damage|p2a: palindrome|55\/100\n|-heal|p1a: Sinistcha|72\/100|[from] drain|[of] p2a: palindrome\n|-damage|p2b: MMMMM 4(Beep)|97\/100\n|-heal|p1a: Sinistcha|75\/100|[from] drain|[of] p2b: MMMMM 4(Beep)\n|-status|p2a: palindrome|brn\n|\n|-damage|p2a: palindrome|49\/100 brn|[from] brn\n|upkeep\n|turn|3\n|\n|t:|1700014287\n|-terastallize|p1a: Sinistcha|Fire\n|move|p2a: palindrome|Helping Hand|p2b: MMMMM 4(Beep)\n|-singleturn|p2b: MMMMM 4(Beep)|Helping Hand|[of] p2a: palindrome\n|move|p1b: Cresselia|Ice Beam|p2b: MMMMM 4(Beep)\n|-resisted|p2b: MMMMM 4(Beep)\n|-damage|p2b: MMMMM 4(Beep)|94\/100\n|move|p2b: MMMMM 4(Beep)|Heat Wave|p1a: Sinistcha|[spread] p1a,p1b\n|-resisted|p1a: Sinistcha\n|-damage|p1a: Sinistcha|47\/100\n|-damage|p1b: Cresselia|26\/100\n|-enditem|p1a: Sinistcha|Sitrus Berry|[eat]\n|-heal|p1a: Sinistcha|72\/100|[from] item: Sitrus Berry\n|move|p1a: Sinistcha|Matcha Gotcha|p2a: palindrome|[spread] p2a,p2b\n|-resisted|p2b: MMMMM 4(Beep)\n|-damage|p2a: palindrome|26\/100 brn\n|-heal|p1a: Sinistcha|86\/100|[from] drain|[of] p2a: palindrome\n|-damage|p2b: MMMMM 4(Beep)|91\/100\n|-heal|p1a: Sinistcha|88\/100|[from] drain|[of] p2b: MMMMM 4(Beep)\n|\n|-damage|p2a: palindrome|20\/100 brn|[from] brn\n|upkeep\n|turn|4\n|\n|t:|1700014302\n|move|p2a: palindrome|Helping Hand|p2b: MMMMM 4(Beep)\n|-singleturn|p2b: MMMMM 4(Beep)|Helping Hand|[of] p2a: palindrome\n|move|p1b: Cresselia|Ice Beam|p2b: MMMMM 4(Beep)\n|-resisted|p2b: MMMMM 4(Beep)\n|-damage|p2b: MMMMM 4(Beep)|87\/100\n|move|p2b: MMMMM 4(Beep)|Earth Power|p1a: Sinistcha\n|-supereffective|p1a: Sinistcha\n|-damage|p1a: Sinistcha|0 fnt\n|faint|p1a: Sinistcha\n|\n|-damage|p2a: palindrome|14\/100 brn|[from] brn\n|upkeep\n|\n|t:|1700014311\n|switch|p1a: Annihilape|Annihilape, L50, M|100\/100\n|turn|5\n|\n|t:|1700014321\n|-terastallize|p2b: MMMMM 4(Beep)|Fairy\n|move|p2a: palindrome|Helping Hand|p2b: MMMMM 4(Beep)\n|-singleturn|p2b: MMMMM 4(Beep)|Helping Hand|[of] p2a: palindrome\n|move|p1a: Annihilape|Drain Punch|p2b: MMMMM 4(Beep)\n|-resisted|p2b: MMMMM 4(Beep)\n|-damage|p2b: MMMMM 4(Beep)|68\/100\n|-damage|p1a: Annihilape|91\/100|[from] item: Life Orb\n|move|p1b: Cresselia|Ice Beam|p2a: palindrome\n|-damage|p2a: palindrome|0 fnt\n|faint|p2a: palindrome\n|move|p2b: MMMMM 4(Beep)|Tera Blast|p1a: Annihilape|[anim] Tera Blast Fairy\n|-supereffective|p1a: Annihilape\n|-damage|p1a: Annihilape|0 fnt\n|faint|p1a: Annihilape\n|\n|upkeep\n|\n|t:|1700014337\n|switch|p1a: Muk|Muk-Alola, L50, F|100\/100\n|switch|p2a: Jackie chan|Urshifu-Rapid-Strike, L50, M|100\/100\n|turn|6\n|c|\u2606eggbertimus|oh i need a crit\n|c|\u2606eggbertimus|i got dis\n|\n|t:|1700014361\n|move|p2a: Jackie chan|Surging Strikes|p1b: Cresselia\n|-crit|p1b: Cresselia\n|-damage|p1b: Cresselia|12\/100\n|-damage|p2a: Jackie chan|84\/100|[from] item: Rocky Helmet|[of] p1b: Cresselia\n|-crit|p1b: Cresselia\n|-damage|p1b: Cresselia|0 fnt\n|-damage|p2a: Jackie chan|67\/100|[from] item: Rocky Helmet|[of] p1b: Cresselia\n|faint|p1b: Cresselia\n|-ability|p1a: Muk|Levitate|[from] ability: Power of Alchemy|[of] p1b: Cresselia\n|-hitcount|p1: Cresselia|2\n|move|p2b: MMMMM 4(Beep)|Earth Power|p1a: Muk\n|-immune|p1a: Muk|[from] ability: Levitate\n|move|p1a: Muk|Gunk Shot|p2a: Jackie chan\n|-damage|p2a: Jackie chan|11\/100\n|-status|p2a: Jackie chan|psn\n|\n|-damage|p2a: Jackie chan|0 fnt|[from] psn\n|faint|p2a: Jackie chan\n|upkeep\n|turn|7\n|c|\u2606RNG can't stop me|omg\n|\n|t:|1700014379\n|move|p2b: MMMMM 4(Beep)|Flash Cannon|p1a: Muk\n|-damage|p1a: Muk|61\/100\n|move|p1a: Muk|Gunk Shot|p2b: MMMMM 4(Beep)\n|-supereffective|p2b: MMMMM 4(Beep)\n|-damage|p2b: MMMMM 4(Beep)|0 fnt\n|faint|p2b: MMMMM 4(Beep)\n|\n|win|eggbertimus\n|raw|eggbertimus's rating: 1404 &rarr; <strong>1423<\/strong><br \/>(+19 for winning)\n|raw|RNG can&apos;t stop me's rating: 1394 &rarr; <strong>1375<\/strong><br \/>(-19 for losing)\n|c|\u2606eggbertimus|muk moment\n|c|\u2606eggbertimus|im so sorry\n|c|\u2606RNG can't stop me|gg\n|c|\u2606RNG can't stop me|nice\n|c|\u2606eggbertimus|i forgot about that too\n|c|\u2606eggbertimus|gg\n|l|\u2606RNG can't stop me\n|l| Onassi2\n","uploadtime":1700014509,"views":19,"p1id":"eggbertimus","p2id":"rngcantstopme","formatid":"gen9vgc2023regulatione","rating":1375,"private":0,"password":""}