{"id":"gen9vgc2023regulatione-1992180742","p1":"TrainerDylan24","p2":"Capi974","format":"[Gen 9] VGC 2023 Regulation E","log":"|j|\u2606TrainerDylan24\n|j|\u2606Capi974\n|t:|1700161688\n|gametype|doubles\n|player|p1|TrainerDylan24|swimmerf|1156\n|player|p2|Capi974|skier|1146\n|teamsize|p1|6\n|teamsize|p2|6\n|gen|9\n|tier|[Gen 9] VGC 2023 Regulation E\n|rated|\n|rule|Species Clause: Limit one of each Pok\u00e9mon\n|rule|Item Clause: Limit one of each item\n|clearpoke\n|poke|p1|Politoed, L50, M|\n|poke|p1|Kilowattrel, L50, F|\n|poke|p1|Iron Bundle, L50|\n|poke|p1|Maushold-Four, L50|\n|poke|p1|Rillaboom, L50, M|\n|poke|p1|Forretress, L50, F|\n|poke|p2|Froslass, L50, F|\n|poke|p2|Roaring Moon, L50|\n|poke|p2|Flamigo, L50, M|\n|poke|p2|Iron Treads, L50|\n|poke|p2|Gyarados, L50, F|\n|poke|p2|Ninetales-Alola, L50, F|\n|teampreview|4\n|\n|t:|1700161720\n|start\n|switch|p1a: Kilowattrel|Kilowattrel, L50, F|100\/100\n|switch|p1b: Maushold|Maushold-Four, L50|100\/100\n|switch|p2a: Iron Treads|Iron Treads, L50|100\/100\n|switch|p2b: Fros|Froslass, L50, F|100\/100\n|turn|1\n|inactive|Battle timer is ON: inactive players will automatically lose when time's up. (requested by Capi974)\n|\n|t:|1700161743\n|-end|p2a: Iron Treads|Quark Drive|[silent]\n|switch|p2a: Ninetales|Ninetales-Alola, L50, F|100\/100\n|-weather|Snow|[from] ability: Snow Warning|[of] p2a: Ninetales\n|move|p1b: Maushold|Protect|p1b: Maushold\n|-singleturn|p1b: Maushold|Protect\n|move|p1a: Kilowattrel|Volt Switch|p2b: Fros|[miss]\n|-miss|p1a: Kilowattrel|p2b: Fros\n|move|p2b: Fros|Icy Wind|p1b: Maushold|[spread] p1a\n|-activate|p1b: Maushold|move: Protect\n|-supereffective|p1a: Kilowattrel\n|-damage|p1a: Kilowattrel|37\/100\n|-unboost|p1a: Kilowattrel|spe|1\n|\n|-weather|Snow|[upkeep]\n|upkeep\n|turn|2\n|\n|t:|1700161761\n|move|p1b: Maushold|Population Bomb|p2a: Ninetales\n|-damage|p2a: Ninetales|90\/100\n|-damage|p2a: Ninetales|80\/100\n|-damage|p2a: Ninetales|70\/100\n|-damage|p2a: Ninetales|59\/100\n|-damage|p2a: Ninetales|49\/100\n|-damage|p2a: Ninetales|39\/100\n|-damage|p2a: Ninetales|28\/100\n|-damage|p2a: Ninetales|18\/100\n|-damage|p2a: Ninetales|6\/100\n|-damage|p2a: Ninetales|0 fnt\n|faint|p2a: Ninetales\n|-hitcount|p2: Ninetales|10\n|move|p2b: Fros|Icy Wind|p1b: Maushold|[spread] p1a,p1b\n|-supereffective|p1a: Kilowattrel\n|-damage|p1a: Kilowattrel|0 fnt\n|-damage|p1b: Maushold|76\/100\n|-unboost|p1b: Maushold|spe|1\n|faint|p1a: Kilowattrel\n|\n|-weather|Snow|[upkeep]\n|upkeep\n|\n|t:|1700161785\n|switch|p1a: Politoed|Politoed, L50, M|100\/100\n|switch|p2a: Roaring Moon|Roaring Moon, L50|100\/100\n|-weather|RainDance|[from] ability: Drizzle|[of] p1a: Politoed\n|-enditem|p2a: Roaring Moon|Booster Energy\n|-activate|p2a: Roaring Moon|ability: Protosynthesis|[fromitem]\n|-start|p2a: Roaring Moon|protosynthesisspe\n|turn|3\n|\n|t:|1700161798\n|move|p1b: Maushold|Protect|p1b: Maushold\n|-singleturn|p1b: Maushold|Protect\n|move|p2a: Roaring Moon|Breaking Swipe|p1b: Maushold|[spread] p1a\n|-activate|p1b: Maushold|move: Protect\n|-damage|p1a: Politoed|78\/100\n|-unboost|p1a: Politoed|atk|1\n|move|p2b: Fros|Will-O-Wisp|p1b: Maushold\n|-activate|p1b: Maushold|move: Protect\n|move|p1a: Politoed|Icy Wind|p2b: Fros|[spread] p2a,p2b\n|-supereffective|p2a: Roaring Moon\n|-resisted|p2b: Fros\n|-damage|p2a: Roaring Moon|70\/100\n|-damage|p2b: Fros|88\/100\n|-unboost|p2a: Roaring Moon|spe|1\n|-unboost|p2b: Fros|spe|1\n|-damage|p1a: Politoed|68\/100|[from] item: Life Orb\n|\n|-weather|RainDance|[upkeep]\n|upkeep\n|turn|4\n|\n|t:|1700161817\n|move|p2a: Roaring Moon|Breaking Swipe|p1a: Politoed|[spread] p1a,p1b\n|-damage|p1a: Politoed|45\/100\n|-damage|p1b: Maushold|38\/100\n|-unboost|p1a: Politoed|atk|1\n|-unboost|p1b: Maushold|atk|1\n|move|p1b: Maushold|Population Bomb|p2a: Roaring Moon\n|-damage|p2a: Roaring Moon|62\/100\n|-damage|p2a: Roaring Moon|54\/100\n|-damage|p2a: Roaring Moon|46\/100\n|-damage|p2a: Roaring Moon|38\/100\n|-damage|p2a: Roaring Moon|30\/100\n|-damage|p2a: Roaring Moon|21\/100\n|-damage|p2a: Roaring Moon|13\/100\n|-damage|p2a: Roaring Moon|4\/100\n|-damage|p2a: Roaring Moon|0 fnt\n|faint|p2a: Roaring Moon\n|-end|p2a: Roaring Moon|Protosynthesis|[silent]\n|-hitcount|p2: Roaring Moon|9\n|move|p2b: Fros|Will-O-Wisp|p1b: Maushold\n|-status|p1b: Maushold|brn\n|move|p1a: Politoed|Muddy Water|p2b: Fros|[miss]\n|-miss|p1a: Politoed|p2b: Fros\n|\n|-weather|RainDance|[upkeep]\n|-damage|p1b: Maushold|32\/100 brn|[from] brn\n|upkeep\n|inactive|Capi974 has 30 seconds left.\n|inactive|Capi974 has 20 seconds left.\n|inactive|Capi974 has 15 seconds left.\n|inactive|Capi974 has 10 seconds left.\n|inactive|Capi974 has 5 seconds left.\n|\n|t:|1700161872\n|switch|p2a: Iron Treads|Iron Treads, L50|100\/100\n|turn|5\n|\n|t:|1700161895\n|move|p1b: Maushold|Follow Me|p1b: Maushold\n|-singleturn|p1b: Maushold|move: Follow Me\n|move|p2a: Iron Treads|Iron Head|p1b: Maushold\n|-damage|p1b: Maushold|0 fnt\n|faint|p1b: Maushold\n|move|p2b: Fros|Blizzard|p1a: Politoed\n|-resisted|p1a: Politoed\n|-damage|p1a: Politoed|25\/100\n|move|p1a: Politoed|Muddy Water|p2b: Fros|[spread] p2a\n|-miss|p1a: Politoed|p2b: Fros\n|-supereffective|p2a: Iron Treads\n|-damage|p2a: Iron Treads|0 fnt\n|faint|p2a: Iron Treads\n|-end|p2a: Iron Treads|Quark Drive|[silent]\n|-damage|p1a: Politoed|16\/100|[from] item: Life Orb\n|\n|-weather|RainDance|[upkeep]\n|upkeep\n|\n|t:|1700161909\n|switch|p1b: Iron Bundle|Iron Bundle, L50|100\/100\n|-enditem|p1b: Iron Bundle|Booster Energy\n|-activate|p1b: Iron Bundle|ability: Quark Drive|[fromitem]\n|-start|p1b: Iron Bundle|quarkdrivespe\n|turn|6\n|\n|t:|1700161916\n|-terastallize|p1b: Iron Bundle|Water\n|move|p1b: Iron Bundle|Tera Blast|p2b: Fros|[anim] Tera Blast Water\n|-damage|p2b: Fros|0 fnt\n|faint|p2b: Fros\n|\n|win|TrainerDylan24\n|raw|TrainerDylan24's rating: 1156 &rarr; <strong>1180<\/strong><br \/>(+24 for winning)\n|raw|Capi974's rating: 1146 &rarr; <strong>1122<\/strong><br \/>(-24 for losing)\n|l|\u2606Capi974\n","uploadtime":1700161924,"views":12,"p1id":"trainerdylan24","p2id":"capi974","formatid":"gen9vgc2023regulatione","rating":1122,"private":0,"password":""}