{"id":"gen9vgc2023regulatione-1995433253","p1":"MrIKurtz","p2":"Darkjuninn","format":"[Gen 9] VGC 2023 Regulation E","log":"|j|\u2606MrIKurtz\n|j|\u2606Darkjuninn\n|t:|1700570176\n|gametype|doubles\n|player|p1|MrIKurtz|266|1402\n|player|p2|Darkjuninn|cynthia|1397\n|teamsize|p1|6\n|teamsize|p2|6\n|gen|9\n|tier|[Gen 9] VGC 2023 Regulation E\n|rated|\n|rule|Species Clause: Limit one of each Pok\u00e9mon\n|rule|Item Clause: Limit one of each item\n|clearpoke\n|poke|p1|Chi-Yu, L50|\n|poke|p1|Tornadus, L50, M|\n|poke|p1|Indeedee-F, L50, F|\n|poke|p1|Regieleki, L50|\n|poke|p1|Ogerpon-Wellspring, L50, F|\n|poke|p1|Gholdengo, L50|\n|poke|p2|Tornadus, L50, M|\n|poke|p2|Landorus-Therian, L50, M|\n|poke|p2|Rillaboom, L50, F|\n|poke|p2|Urshifu-*, L50, F|\n|poke|p2|Flutter Mane, L50|\n|poke|p2|Ogerpon-Hearthflame, L50, F|\n|teampreview|4\n|inactive|Battle timer is ON: inactive players will automatically lose when time's up. (requested by MrIKurtz)\n|inactive|Darkjuninn has 60 seconds left.\nDarkjuninn has agreed to open team sheets.\nMrIKurtz rejected open team sheets.\n|inactive|Darkjuninn has 30 seconds left.\n|inactive|Darkjuninn has 20 seconds left.\n|\n|t:|1700570251\n|start\n|switch|p1a: Regieleki|Regieleki, L50|100\/100\n|switch|p1b: Chi-Yu|Chi-Yu, L50|100\/100\n|switch|p2a: katrina|Tornadus, L50, M|100\/100\n|switch|p2b: treme terra|Landorus-Therian, L50, M|100\/100\n|-ability|p1b: Chi-Yu|Beads of Ruin\n|-ability|p2b: treme terra|Intimidate|boost\n|-unboost|p1a: Regieleki|atk|1\n|-unboost|p1b: Chi-Yu|atk|1\n|turn|1\n|\n|t:|1700570270\n|-terastallize|p1a: Regieleki|Ice\n|move|p2a: katrina|Tailwind|p2a: katrina\n|-sidestart|p2: Darkjuninn|move: Tailwind\n|move|p2b: treme terra|Rock Slide|p1a: Regieleki|[spread] p1a,p1b\n|-supereffective|p1a: Regieleki\n|-supereffective|p1b: Chi-Yu\n|-damage|p1a: Regieleki|0 fnt\n|-damage|p1b: Chi-Yu|7\/100\n|faint|p1a: Regieleki\n|move|p1b: Chi-Yu|Heat Wave|p2a: katrina|[spread] p2a,p2b\n|-damage|p2a: katrina|26\/100\n|-damage|p2b: treme terra|33\/100\n|-damage|p1b: Chi-Yu|0 fnt|[from] item: Life Orb\n|faint|p1b: Chi-Yu\n|\n|upkeep\n|\n|t:|1700570279\n|switch|p1a: Gholdengo|Gholdengo, L50|100\/100\n|switch|p1b: Indeedee|Indeedee-F, L50, F|100\/100\n|-fieldstart|move: Psychic Terrain|[from] ability: Psychic Surge|[of] p1b: Indeedee\n|-enditem|p1b: Indeedee|Psychic Seed\n|-boost|p1b: Indeedee|spd|1|[from] item: Psychic Seed\n|turn|2\n|\n|t:|1700570296\n|switch|p2b: hue hue br|Rillaboom, L50, F|100\/100\n|-fieldstart|move: Grassy Terrain|[from] ability: Grassy Surge|[of] p2b: hue hue br\n|move|p1b: Indeedee|Follow Me|p1b: Indeedee\n|-singleturn|p1b: Indeedee|move: Follow Me\n|move|p2a: katrina|Leer|p1a: Gholdengo|[spread] p1b\n|-immune|p1a: Gholdengo|[from] ability: Good as Gold\n|-unboost|p1b: Indeedee|def|1\n|move|p1a: Gholdengo|Trick|p2b: hue hue br\n|-activate|p1a: Gholdengo|move: Trick|[of] p2b: hue hue br\n|-item|p2b: hue hue br|Choice Specs|[from] move: Trick\n|-item|p1a: Gholdengo|Assault Vest|[from] move: Trick\n|\n|upkeep\n|turn|3\n|\n|t:|1700570317\n|move|p1b: Indeedee|Follow Me|p1b: Indeedee\n|-singleturn|p1b: Indeedee|move: Follow Me\n|move|p2a: katrina|Leer|p1b: Indeedee|[spread] p1b\n|-immune|p1a: Gholdengo|[from] ability: Good as Gold\n|-unboost|p1b: Indeedee|def|1\n|move|p2b: hue hue br|Wood Hammer|p1b: Indeedee\n|-damage|p1b: Indeedee|0 fnt\n|faint|p1b: Indeedee\n|-damage|p2b: hue hue br|71\/100|[from] Recoil\n|move|p1a: Gholdengo|Shadow Ball|p2b: hue hue br\n|-damage|p2b: hue hue br|30\/100\n|\n|-heal|p2b: hue hue br|36\/100|[from] Grassy Terrain\n|upkeep\n|turn|4\n|inactive|Darkjuninn has 30 seconds left.\n|\n|t:|1700570343\n|move|p2a: katrina|Bleakwind Storm|p1a: Gholdengo\n|-resisted|p1a: Gholdengo\n|-damage|p1a: Gholdengo|85\/100\n|-unboost|p1a: Gholdengo|spe|1\n|move|p2b: hue hue br|Wood Hammer|p1a: Gholdengo\n|-resisted|p1a: Gholdengo\n|-damage|p1a: Gholdengo|41\/100\n|-damage|p2b: hue hue br|24\/100|[from] Recoil\n|move|p1a: Gholdengo|Make It Rain|p2b: hue hue br|[spread] p2a,p2b\n|-damage|p2a: katrina|0 fnt\n|-damage|p2b: hue hue br|0 fnt\n|-unboost|p1a: Gholdengo|spa|1\n|faint|p2a: katrina\n|faint|p2b: hue hue br\n|\n|-heal|p1a: Gholdengo|47\/100|[from] Grassy Terrain\n|-sideend|p2: Darkjuninn|move: Tailwind\n|upkeep\n|\n|t:|1700570360\n|switch|p2a: treme terra|Landorus-Therian, L50, M|33\/100\n|switch|p2b: Akito|Urshifu-Rapid-Strike, L50, F|100\/100\n|-ability|p2a: treme terra|Intimidate|boost\n|-unboost|p1a: Gholdengo|atk|1\n|turn|5\n|\n|t:|1700570370\n|-terastallize|p2b: Akito|Water\n|move|p2b: Akito|Surging Strikes|p1a: Gholdengo\n|-crit|p1a: Gholdengo\n|-damage|p1a: Gholdengo|13\/100\n|-crit|p1a: Gholdengo\n|-damage|p1a: Gholdengo|0 fnt\n|faint|p1a: Gholdengo\n|-hitcount|p1: Gholdengo|2\n|\n|win|Darkjuninn\n|raw|MrIKurtz's rating: 1402 &rarr; <strong>1382<\/strong><br \/>(-20 for losing)\n|raw|Darkjuninn's rating: 1397 &rarr; <strong>1417<\/strong><br \/>(+20 for winning)\n|l|\u2606MrIKurtz\n","uploadtime":1700570382,"views":26,"p1id":"mrikurtz","p2id":"darkjuninn","formatid":"gen9vgc2023regulatione","rating":1382,"private":0,"password":""}