{"id":"gen9vgc2023regulatione-1993308290","p1":"TheTealSpheal","p2":"It_crek","format":"[Gen 9] VGC 2023 Regulation E","log":"|j|\u2606TheTealSpheal\n|j|\u2606It_crek\n|t:|1700295068\n|gametype|doubles\n|player|p1|TheTealSpheal|fisherman|1119\n|player|p2|It_crek|skyla|1030\n|teamsize|p1|6\n|teamsize|p2|6\n|gen|9\n|tier|[Gen 9] VGC 2023 Regulation E\n|rated|\n|rule|Species Clause: Limit one of each Pok\u00e9mon\n|rule|Item Clause: Limit one of each item\n|clearpoke\n|poke|p1|Moltres-Galar, L50|\n|poke|p1|Arcanine-Hisui, L50, M|\n|poke|p1|Munkidori, L50, M|\n|poke|p1|Sinistcha, L50|\n|poke|p1|Grimmsnarl, L50, M|\n|poke|p1|Milotic, L50, M|\n|poke|p2|Gastrodon-East, L50, M|\n|poke|p2|Urshifu-*, L50, F|\n|poke|p2|Arcanine-Hisui, L50, M|\n|poke|p2|Tornadus, L50, M|\n|poke|p2|Ninetales-Alola, L50, F|\n|poke|p2|Okidogi, L50, M|\n|teampreview|4\n|inactive|Battle timer is ON: inactive players will automatically lose when time's up. (requested by TheTealSpheal)\n|\n|t:|1700295102\n|start\n|switch|p1a: Grimmsnarl|Grimmsnarl, L50, M|100\/100\n|switch|p1b: Moltres|Moltres-Galar, L50|100\/100\n|switch|p2a: Arcanine|Arcanine-Hisui, L50, M, shiny|100\/100\n|switch|p2b: Ninetales|Ninetales-Alola, L50, F|100\/100\n|-weather|Snow|[from] ability: Snow Warning|[of] p2b: Ninetales\n|-ability|p2a: Arcanine|Intimidate|boost\n|-unboost|p1a: Grimmsnarl|atk|1\n|-unboost|p1b: Moltres|atk|1\n|-item|p2a: Arcanine|Air Balloon\n|turn|1\n|inactive|TheTealSpheal has 30 seconds left.\n|\n|t:|1700295133\n|switch|p1b: Munkidori|Munkidori, L50, M|100\/100\n|-item|p2a: Arcanine|Air Balloon|[from] ability: Frisk|[of] p1b: Munkidori|[identify]\n|-item|p2b: Ninetales|Light Clay|[from] ability: Frisk|[of] p1b: Munkidori|[identify]\n|move|p1a: Grimmsnarl|Light Screen|p1a: Grimmsnarl\n|-sidestart|p1: TheTealSpheal|move: Light Screen\n|move|p2b: Ninetales|Aurora Veil|p2b: Ninetales\n|-sidestart|p2: It_crek|move: Aurora Veil\n|move|p2a: Arcanine|Rock Slide|p1b: Munkidori|[spread] p1a\n|-miss|p2a: Arcanine|p1b: Munkidori\n|-damage|p1a: Grimmsnarl|75\/100\n|\n|-weather|Snow|[upkeep]\n|upkeep\n|turn|2\n|inactive|TheTealSpheal has 30 seconds left.\n|inactive|It_crek has 30 seconds left.\n|inactive|It_crek has 20 seconds left.\n|\n|t:|1700295172\n|-terastallize|p2b: Ninetales|Steel\n|move|p1a: Grimmsnarl|Reflect|p1a: Grimmsnarl\n|-sidestart|p1: TheTealSpheal|Reflect\n|move|p2b: Ninetales|Encore|p1a: Grimmsnarl\n|-start|p1a: Grimmsnarl|Encore\n|move|p1b: Munkidori|Sludge Bomb|p2b: Ninetales\n|-immune|p2b: Ninetales\n|move|p2a: Arcanine|Rock Slide|p1a: Grimmsnarl|[spread] p1a,p1b\n|-damage|p1a: Grimmsnarl|59\/100\n|-damage|p1b: Munkidori|71\/100\n|\n|-weather|Snow|[upkeep]\n|upkeep\n|turn|3\n|inactive|TheTealSpheal has 30 seconds left.\n|inactive|It_crek has 30 seconds left.\n|\n|t:|1700295202\n|switch|p1a: Milotic|Milotic, L50, M|100\/100\n|move|p2a: Arcanine|Extreme Speed|p1b: Munkidori\n|-damage|p1b: Munkidori|43\/100\n|move|p2b: Ninetales|Blizzard|p1b: Munkidori|[spread] p1a,p1b\n|-resisted|p1a: Milotic\n|-damage|p1a: Milotic|93\/100\n|-damage|p1b: Munkidori|18\/100\n|move|p1b: Munkidori|Parting Shot|p2b: Ninetales\n|-unboost|p2b: Ninetales|atk|1\n|-unboost|p2b: Ninetales|spa|1\n|\n|t:|1700295219\n|switch|p1b: Grimmsnarl|Grimmsnarl, L50, M|59\/100|[from] Parting Shot\n|\n|-weather|Snow|[upkeep]\n|upkeep\n|turn|4\n|\n|t:|1700295237\n|switch|p2a: Gastrodon|Gastrodon-East, L50, M, shiny|100\/100\n|move|p2b: Ninetales|Dazzling Gleam|p1a: Milotic|[spread] p1a,p1b\n|-supereffective|p1b: Grimmsnarl\n|-damage|p1a: Milotic|85\/100\n|-damage|p1b: Grimmsnarl|37\/100\n|move|p1a: Milotic|Hydro Pump|p2a: Gastrodon\n|-ability|p2a: Gastrodon|Storm Drain|boost\n|-boost|p2a: Gastrodon|spa|1\n|move|p1b: Grimmsnarl|Low Kick|p2b: Ninetales\n|-supereffective|p2b: Ninetales\n|-damage|p2b: Ninetales|77\/100\n|\n|-weather|Snow|[upkeep]\n|upkeep\n|turn|5\n|inactive|It_crek has 30 seconds left.\n|\n|t:|1700295264\n|switch|p2b: Okidogi|Okidogi, L50, M|100\/100\n|move|p1a: Milotic|Hypnosis|p2a: Gastrodon\n|-status|p2a: Gastrodon|slp|[from] move: Hypnosis\n|move|p1b: Grimmsnarl|Low Kick|p2b: Okidogi\n|-resisted|p2b: Okidogi\n|-damage|p2b: Okidogi|95\/100\n|cant|p2a: Gastrodon|slp\n|\n|-weather|none\n|upkeep\n|turn|6\n|inactive|It_crek has 30 seconds left.\n|\n|t:|1700295291\n|move|p1b: Grimmsnarl|Parting Shot|p2b: Okidogi\n|-unboost|p2b: Okidogi|atk|1\n|-unboost|p2b: Okidogi|spa|1\n|\n|t:|1700295294\n|switch|p1b: Munkidori|Munkidori, L50, M|18\/100|[from] Parting Shot\n|-item|p2a: Gastrodon|Rindo Berry|[from] ability: Frisk|[of] p1b: Munkidori|[identify]\n|-item|p2b: Okidogi|Expert Belt|[from] ability: Frisk|[of] p1b: Munkidori|[identify]\n|move|p1a: Milotic|Life Dew|p1a: Milotic|[spread] p1a,p1b\n|-heal|p1a: Milotic|100\/100\n|-heal|p1b: Munkidori|43\/100\n|move|p2b: Okidogi|Knock Off|p1a: Milotic\n|-damage|p1a: Milotic|83\/100\n|-enditem|p1a: Milotic|Wide Lens|[from] move: Knock Off|[of] p2b: Okidogi\n|-curestatus|p2a: Gastrodon|slp|[msg]\n|move|p2a: Gastrodon|Earth Power|p1a: Milotic\n|-damage|p1a: Milotic|52\/100\n|\n|upkeep\n|turn|7\n|inactive|TheTealSpheal has 30 seconds left.\n|inactive|It_crek has 30 seconds left.\n|\n|t:|1700295333\n|move|p1b: Munkidori|Psychic|p2b: Okidogi\n|-supereffective|p2b: Okidogi\n|-damage|p2b: Okidogi|0 fnt\n|faint|p2b: Okidogi\n|move|p1a: Milotic|Life Dew|p1a: Milotic|[spread] p1a,p1b\n|-heal|p1a: Milotic|77\/100\n|-heal|p1b: Munkidori|68\/100\n|move|p2a: Gastrodon|Earth Power|p1b: Munkidori\n|-supereffective|p1b: Munkidori\n|-damage|p1b: Munkidori|0 fnt\n|faint|p1b: Munkidori\n|\n|upkeep\n|\n|t:|1700295357\n|switch|p1b: Grimmsnarl|Grimmsnarl, L50, M|37\/100\n|switch|p2b: Arcanine|Arcanine-Hisui, L50, M, shiny|100\/100\n|-ability|p2b: Arcanine|Intimidate|boost\n|-unboost|p1a: Milotic|atk|1\n|-ability|p1a: Milotic|Competitive|boost\n|-boost|p1a: Milotic|spa|2\n|-unboost|p1b: Grimmsnarl|atk|1\n|-item|p2b: Arcanine|Air Balloon\n|turn|8\n|inactive|It_crek has 30 seconds left.\n|\n|t:|1700295390\n|move|p2b: Arcanine|Rock Slide|p1a: Milotic|[spread] p1a,p1b\n|-damage|p1a: Milotic|58\/100\n|-damage|p1b: Grimmsnarl|21\/100\n|cant|p1a: Milotic|flinch\n|move|p1b: Grimmsnarl|Low Kick|p2b: Arcanine\n|-supereffective|p2b: Arcanine\n|-damage|p2b: Arcanine|70\/100\n|-enditem|p2b: Arcanine|Air Balloon\n|move|p2a: Gastrodon|Hydro Pump|p1b: Grimmsnarl\n|-damage|p1b: Grimmsnarl|0 fnt\n|faint|p1b: Grimmsnarl\n|\n|-sideend|p1: TheTealSpheal|move: Light Screen\n|-sideend|p2: It_crek|move: Aurora Veil\n|upkeep\n|\n|t:|1700295406\n|switch|p1b: Moltres|Moltres-Galar, L50|100\/100\n|turn|9\n|\n|t:|1700295420\n|move|p2b: Arcanine|Rock Slide|p1b: Moltres|[spread] p1a\n|-miss|p2b: Arcanine|p1b: Moltres\n|-damage|p1a: Milotic|36\/100\n|move|p1a: Milotic|Hypnosis|p2b: Arcanine|[miss]\n|-miss|p1a: Milotic|p2b: Arcanine\n|move|p1b: Moltres|Fiery Wrath|p2b: Arcanine|[spread] p2a,p2b\n|-damage|p2a: Gastrodon|70\/100\n|-damage|p2b: Arcanine|27\/100\n|move|p2a: Gastrodon|Icy Wind|p1b: Moltres|[spread] p1a,p1b\n|-resisted|p1a: Milotic\n|-supereffective|p1b: Moltres\n|-damage|p1a: Milotic|29\/100\n|-damage|p1b: Moltres|72\/100\n|-unboost|p1a: Milotic|spe|1\n|-ability|p1a: Milotic|Competitive|boost\n|-boost|p1a: Milotic|spa|2\n|-unboost|p1b: Moltres|spe|1\n|\n|-sideend|p1: TheTealSpheal|Reflect\n|upkeep\n|turn|10\n|inactive|TheTealSpheal has 30 seconds left.\n|inactive|It_crek has 30 seconds left.\n|inactive|It_crek has 20 seconds left.\n|inactive|It_crek has 15 seconds left.\n|inactive|It_crek has 10 seconds left.\n|\n|t:|1700295467\n|-terastallize|p1b: Moltres|Poison\n|move|p2b: Arcanine|Rock Slide|p1a: Milotic|[spread] p1b\n|-miss|p2b: Arcanine|p1a: Milotic\n|-damage|p1b: Moltres|47\/100\n|-ability|p1b: Moltres|Berserk|boost\n|-boost|p1b: Moltres|spa|1\n|-enditem|p1b: Moltres|Sitrus Berry|[eat]\n|-heal|p1b: Moltres|72\/100|[from] item: Sitrus Berry\n|move|p1a: Milotic|Life Dew|p1a: Milotic|[spread] p1a,p1b\n|-heal|p1a: Milotic|54\/100\n|-heal|p1b: Moltres|97\/100\n|move|p1b: Moltres|Fiery Wrath|p2a: Gastrodon|[spread] p2a,p2b\n|-damage|p2a: Gastrodon|28\/100\n|-damage|p2b: Arcanine|0 fnt\n|faint|p2b: Arcanine\n|cant|p2a: Gastrodon|flinch\n|\n|upkeep\n|\n|t:|1700295486\n|switch|p2b: Ninetales|Ninetales-Alola, L50, F, tera:Steel|77\/100\n|-weather|Snow|[from] ability: Snow Warning|[of] p2b: Ninetales\n|turn|11\n|\n|t:|1700295503\n|move|p2b: Ninetales|Dazzling Gleam|p1a: Milotic|[spread] p1a,p1b\n|-resisted|p1b: Moltres\n|-damage|p1a: Milotic|35\/100\n|-damage|p1b: Moltres|88\/100\n|move|p1a: Milotic|Hypnosis|p2a: Gastrodon\n|-status|p2a: Gastrodon|slp|[from] move: Hypnosis\n|move|p1b: Moltres|Fiery Wrath|p2a: Gastrodon|[spread] p2a,p2b\n|-damage|p2a: Gastrodon|0 fnt\n|-damage|p2b: Ninetales|24\/100\n|faint|p2a: Gastrodon\n|\n|-weather|Snow|[upkeep]\n|upkeep\n|turn|12\n|\n|t:|1700295519\n|move|p2b: Ninetales|Blizzard|p1b: Moltres|[spread] p1a,p1b\n|-resisted|p1a: Milotic\n|-damage|p1a: Milotic|24\/100\n|-damage|p1b: Moltres|63\/100\n|move|p1a: Milotic|Icy Wind|p2b: Ninetales\n|-resisted|p2b: Ninetales\n|-damage|p2b: Ninetales|0 fnt\n|faint|p2b: Ninetales\n|\n|win|TheTealSpheal\n|raw|TheTealSpheal's rating: 1119 &rarr; <strong>1138<\/strong><br \/>(+19 for winning)\n|raw|It_crek's rating: 1030 &rarr; <strong>1019<\/strong><br \/>(-11 for losing)\n|c|\u2606TheTealSpheal|Slugma nutz\n","uploadtime":1700295528,"views":7,"p1id":"thetealspheal","p2id":"itcrek","formatid":"gen9vgc2023regulatione","rating":1019,"private":0,"password":""}