{"id":"gen9vgc2023regulatione-1992025148","p1":"mh2giso","p2":"Conchoboar","format":"[Gen 9] VGC 2023 Regulation E","log":"|j|\u2606mh2giso\n|j|\u2606Conchoboar\n|t:|1700148750\n|gametype|doubles\n|player|p1|mh2giso|169|1327\n|player|p2|Conchoboar|169|1411\n|teamsize|p1|6\n|teamsize|p2|6\n|gen|9\n|tier|[Gen 9] VGC 2023 Regulation E\n|rated|\n|rule|Species Clause: Limit one of each Pok\u00e9mon\n|rule|Item Clause: Limit one of each item\n|clearpoke\n|poke|p1|Tyranitar, L50, F|\n|poke|p1|Arcanine-Hisui, L50, F|\n|poke|p1|Lycanroc, L50, M|\n|poke|p1|Ursaluna-Bloodmoon, L50, M|\n|poke|p1|Sinistcha, L50|\n|poke|p1|Landorus-Therian, L50, M|\n|poke|p2|Mamoswine, L50, M|\n|poke|p2|Iron Hands, L50|\n|poke|p2|Tornadus, L50, M|\n|poke|p2|Grimmsnarl, L50, M|\n|poke|p2|Flutter Mane, L50|\n|poke|p2|Heatran, L50, F|\n|teampreview|4\n|\n|t:|1700148787\n|start\n|switch|p1a: Tyranitar|Tyranitar, L50, F|100\/100\n|switch|p1b: Lycanroc|Lycanroc, L50, M, shiny|100\/100\n|switch|p2a: Grimmsnarl|Grimmsnarl, L50, M|100\/100\n|switch|p2b: Mamoswine|Mamoswine, L50, M|100\/100\n|-weather|Sandstorm|[from] ability: Sand Stream|[of] p1a: Tyranitar\n|turn|1\n|\n|t:|1700148804\n|move|p1a: Tyranitar|Protect|p1a: Tyranitar\n|-singleturn|p1a: Tyranitar|Protect\n|move|p2a: Grimmsnarl|Reflect|p2a: Grimmsnarl\n|-sidestart|p2: Conchoboar|Reflect\n|move|p1b: Lycanroc|Rock Slide|p2a: Grimmsnarl|[spread] p2a,p2b\n|-damage|p2a: Grimmsnarl|85\/100\n|-damage|p2b: Mamoswine|81\/100\n|cant|p2b: Mamoswine|flinch\n|\n|-weather|Sandstorm|[upkeep]\n|-damage|p2a: Grimmsnarl|79\/100|[from] Sandstorm\n|upkeep\n|turn|2\n|\n|t:|1700148841\n|switch|p1a: Sinistcha|Sinistcha, L50|100\/100\n|move|p2a: Grimmsnarl|Parting Shot|p1b: Lycanroc\n|-unboost|p1b: Lycanroc|atk|1\n|-unboost|p1b: Lycanroc|spa|1\n|\n|t:|1700148845\n|switch|p2a: Iron Hands|Iron Hands, L50|100\/100|[from] Parting Shot\n|move|p1b: Lycanroc|Rock Slide|p2b: Mamoswine|[spread] p2a,p2b\n|-resisted|p2a: Iron Hands\n|-damage|p2a: Iron Hands|96\/100\n|-damage|p2b: Mamoswine|65\/100\n|move|p2b: Mamoswine|Icicle Crash|p1a: Sinistcha\n|-supereffective|p1a: Sinistcha\n|-damage|p1a: Sinistcha|9\/100\n|\n|-weather|Sandstorm|[upkeep]\n|-damage|p1a: Sinistcha|3\/100|[from] Sandstorm\n|-damage|p2a: Iron Hands|90\/100|[from] Sandstorm\n|upkeep\n|turn|3\n|\n|t:|1700148871\n|move|p2b: Mamoswine|Ice Shard|p1a: Sinistcha\n|-supereffective|p1a: Sinistcha\n|-damage|p1a: Sinistcha|0 fnt\n|faint|p1a: Sinistcha\n|move|p1b: Lycanroc|Close Combat|p2b: Mamoswine\n|-supereffective|p2b: Mamoswine\n|-damage|p2b: Mamoswine|24\/100\n|-unboost|p1b: Lycanroc|def|1\n|-unboost|p1b: Lycanroc|spd|1\n|move|p2a: Iron Hands|Volt Switch|p1b: Lycanroc\n|-damage|p1b: Lycanroc|78\/100\n|\n|t:|1700148879\n|-end|p2a: Iron Hands|Quark Drive|[silent]\n|switch|p2a: Grimmsnarl|Grimmsnarl, L50, M|79\/100|[from] Volt Switch\n|\n|-weather|Sandstorm|[upkeep]\n|-damage|p2a: Grimmsnarl|73\/100|[from] Sandstorm\n|upkeep\n|\n|t:|1700148891\n|switch|p1a: Ursaluna|Ursaluna-Bloodmoon, L50, M|100\/100\n|turn|4\n|\n|t:|1700148901\n|move|p2b: Mamoswine|Protect|p2b: Mamoswine\n|-singleturn|p2b: Mamoswine|Protect\n|move|p1a: Ursaluna|Protect|p1a: Ursaluna\n|-singleturn|p1a: Ursaluna|Protect\n|move|p1b: Lycanroc|Close Combat|p2b: Mamoswine\n|-activate|p2b: Mamoswine|move: Protect\n|move|p2a: Grimmsnarl|Spirit Break|p1b: Lycanroc\n|-damage|p1b: Lycanroc|0 fnt\n|faint|p1b: Lycanroc\n|\n|-weather|Sandstorm|[upkeep]\n|-damage|p2a: Grimmsnarl|67\/100|[from] Sandstorm\n|upkeep\n|\n|t:|1700148917\n|switch|p1b: Tyranitar|Tyranitar, L50, F|100\/100\n|turn|5\n|\n|t:|1700148935\n|-terastallize|p1a: Ursaluna|Normal\n|move|p2a: Grimmsnarl|Light Screen|p2a: Grimmsnarl\n|-sidestart|p2: Conchoboar|move: Light Screen\n|move|p2b: Mamoswine|Icicle Crash|p1a: Ursaluna\n|-damage|p1a: Ursaluna|62\/100\n|move|p1b: Tyranitar|Rock Slide|p2a: Grimmsnarl|[spread] p2b\n|-miss|p1b: Tyranitar|p2a: Grimmsnarl\n|-damage|p2b: Mamoswine|0 fnt\n|faint|p2b: Mamoswine\n|move|p1a: Ursaluna|Hyper Voice|p2a: Grimmsnarl\n|-damage|p2a: Grimmsnarl|0 fnt\n|faint|p2a: Grimmsnarl\n|\n|-weather|none\n|upkeep\n|\n|t:|1700148937\n|switch|p2b: Iron Hands|Iron Hands, L50|90\/100\n|switch|p2a: Flutter Mane|Flutter Mane, L50, shiny|100\/100\n|-enditem|p2a: Flutter Mane|Booster Energy\n|-activate|p2a: Flutter Mane|ability: Protosynthesis|[fromitem]\n|-start|p2a: Flutter Mane|protosynthesisspa\n|turn|6\n|\n|t:|1700148964\n|-terastallize|p2a: Flutter Mane|Fairy\n|move|p2a: Flutter Mane|Moonblast|p1a: Ursaluna\n|-damage|p1a: Ursaluna|0 fnt\n|faint|p1a: Ursaluna\n|move|p2b: Iron Hands|Drain Punch|p1b: Tyranitar\n|-supereffective|p1b: Tyranitar\n|-damage|p1b: Tyranitar|0 fnt\n|-heal|p2b: Iron Hands|100\/100|[from] drain|[of] p1b: Tyranitar\n|faint|p1b: Tyranitar\n|\n|win|Conchoboar\n|raw|mh2giso's rating: 1327 &rarr; <strong>1312<\/strong><br \/>(-15 for losing)\n|raw|Conchoboar's rating: 1411 &rarr; <strong>1426<\/strong><br \/>(+15 for winning)\n|l|\u2606mh2giso\n","uploadtime":1700148970,"views":17,"p1id":"mh2giso","p2id":"conchoboar","formatid":"gen9vgc2023regulatione","rating":1312,"private":0,"password":""}