{"id":"gen9vgc2023regulatione-1993533151","p1":"lazerDono","p2":"DeAndreRicketts","format":"[Gen 9] VGC 2023 Regulation E","log":"|j|\u2606lazerDono\n|j|\u2606DeAndreRicketts\n|t:|1700328862\n|gametype|doubles\n|player|p1|lazerDono|burglar|1270\n|player|p2|DeAndreRicketts|buck|1289\n|teamsize|p1|6\n|teamsize|p2|6\n|gen|9\n|tier|[Gen 9] VGC 2023 Regulation E\n|rated|\n|rule|Species Clause: Limit one of each Pok\u00e9mon\n|rule|Item Clause: Limit one of each item\n|clearpoke\n|poke|p1|Glimmora, L50, F|\n|poke|p1|Hippowdon, L50, M|\n|poke|p1|Gyarados, L50, M|\n|poke|p1|Grimmsnarl, L50, M|\n|poke|p1|Spectrier, L50|\n|poke|p1|Ogerpon-Hearthflame, L50, F|\n|poke|p2|Flutter Mane, L50|\n|poke|p2|Gothitelle, L50, M|\n|poke|p2|Dondozo, L50, F|\n|poke|p2|Tatsugiri-Droopy, L50, F|\n|poke|p2|Tornadus, L50, M|\n|poke|p2|Gholdengo, L50|\n|teampreview|4\nDeAndreRicketts has agreed to open team sheets.\n|inactive|Battle timer is ON: inactive players will automatically lose when time's up. (requested by DeAndreRicketts)\n|\n|t:|1700328905\n|start\n|switch|p1a: Grimmsnarl|Grimmsnarl, L50, M|100\/100\n|switch|p1b: Gyarados|Gyarados, L50, M|100\/100\n|switch|p2a: Tornadus|Tornadus, L50, M|100\/100\n|switch|p2b: Gholdengo|Gholdengo, L50|100\/100\n|-ability|p1b: Gyarados|Intimidate|boost\n|-unboost|p2a: Tornadus|atk|1\n|-unboost|p2b: Gholdengo|atk|1\n|turn|1\n|\n|t:|1700328926\n|-terastallize|p2b: Gholdengo|Steel\n|move|p2a: Tornadus|Tailwind|p2a: Tornadus\n|-sidestart|p2: DeAndreRicketts|move: Tailwind\n|move|p1a: Grimmsnarl|Light Screen|p1a: Grimmsnarl\n|-sidestart|p1: lazerDono|move: Light Screen\n|move|p2b: Gholdengo|Make It Rain|p1b: Gyarados|[spread] p1a,p1b\n|-supereffective|p1a: Grimmsnarl\n|-resisted|p1b: Gyarados\n|-damage|p1a: Grimmsnarl|0 fnt\n|-damage|p1b: Gyarados|79\/100\n|-unboost|p2b: Gholdengo|spa|1\n|faint|p1a: Grimmsnarl\n|move|p1b: Gyarados|Whirlpool|p2a: Tornadus|[miss]\n|-miss|p1b: Gyarados|p2a: Tornadus\n|\n|upkeep\n|\n|t:|1700328941\n|switch|p1a: Ogerpon|Ogerpon-Hearthflame, L50, F|100\/100\n|-ability|p1a: Ogerpon|Mold Breaker\n|turn|2\n|\n|t:|1700328954\n|move|p1a: Ogerpon|Spiky Shield|p1a: Ogerpon\n|-singleturn|p1a: Ogerpon|move: Protect\n|move|p2b: Gholdengo|Make It Rain|p1b: Gyarados|[spread] p1b\n|-activate|p1a: Ogerpon|move: Protect\n|-resisted|p1b: Gyarados\n|-damage|p1b: Gyarados|64\/100\n|-unboost|p2b: Gholdengo|spa|1\n|move|p2a: Tornadus|Bleakwind Storm|p1b: Gyarados|[spread] p1b\n|-activate|p1a: Ogerpon|move: Protect\n|-damage|p1b: Gyarados|50\/100\n|move|p1b: Gyarados|Thunder Wave|p2a: Tornadus\n|-status|p2a: Tornadus|par\n|\n|upkeep\n|turn|3\n|inactive|DeAndreRicketts has 30 seconds left.\n|inactive|DeAndreRicketts has 20 seconds left.\n|inactive|DeAndreRicketts has 15 seconds left.\n|\n|t:|1700328995\n|switch|p2b: Perc|Tatsugiri-Droopy, L50, F, shiny|100\/100\n|switch|p2a: Juice Wrld|Dondozo, L50, F, shiny|100\/100\n|-activate|p2b: Perc|ability: Commander|[of] p2a: Juice Wrld\n|-boost|p2a: Juice Wrld|atk|2\n|-boost|p2a: Juice Wrld|spa|2\n|-boost|p2a: Juice Wrld|spe|2\n|-boost|p2a: Juice Wrld|def|2\n|-boost|p2a: Juice Wrld|spd|2\n|-terastallize|p1a: Ogerpon|Fire\n|detailschange|p1a: Ogerpon|Ogerpon-Hearthflame-Tera, L50, F, tera:Fire\n|-ability|p1a: Ogerpon|Embody Aspect (Hearthflame)|boost\n|-boost|p1a: Ogerpon|atk|1\n|move|p1a: Ogerpon|Swords Dance|p1a: Ogerpon\n|-boost|p1a: Ogerpon|atk|2\n|move|p1b: Gyarados|Whirlpool|p2b: Perc|[miss]\n|-miss|p1b: Gyarados|p2b: Perc\n|\n|upkeep\n|turn|4\n|inactive|lazerDono has 30 seconds left.\n|\n|t:|1700329020\n|move|p1a: Ogerpon|Spiky Shield|p1a: Ogerpon\n|-singleturn|p1a: Ogerpon|move: Protect\n|move|p2a: Juice Wrld|Rock Slide|p1b: Gyarados|[spread] p1b\n|-activate|p1a: Ogerpon|move: Protect\n|-supereffective|p1b: Gyarados\n|-damage|p1b: Gyarados|0 fnt\n|faint|p1b: Gyarados\n|\n|-sideend|p2: DeAndreRicketts|move: Tailwind\n|upkeep\n|\n|t:|1700329030\n|switch|p1b: Glimmora|Glimmora, L50, F|100\/100\n|turn|5\n|\n|t:|1700329043\n|move|p2a: Juice Wrld|Earthquake|p1b: Glimmora|[spread] p1a,p1b\n|-miss|p2a: Juice Wrld|p2b: Perc\n|-supereffective|p1a: Ogerpon\n|-supereffective|p1b: Glimmora\n|-damage|p1a: Ogerpon|0 fnt\n|-damage|p1b: Glimmora|0 fnt\n|-activate|p1b: Glimmora|ability: Toxic Debris\n|-sidestart|p2: DeAndreRicketts|move: Toxic Spikes\n|faint|p1a: Ogerpon\n|faint|p1b: Glimmora\n|\n|win|DeAndreRicketts\n|raw|lazerDono's rating: 1270 &rarr; <strong>1246<\/strong><br \/>(-24 for losing)\n|raw|DeAndreRicketts's rating: 1289 &rarr; <strong>1313<\/strong><br \/>(+24 for winning)\n|l|\u2606lazerDono\n","uploadtime":1700329054,"views":8,"p1id":"lazerdono","p2id":"deandrericketts","formatid":"gen9vgc2023regulatione","rating":1246,"private":0,"password":""}