{"id":"gen9vgc2023regulatione-1992403928","p1":"LuckyLeaves","p2":"Conchoboar2","format":"[Gen 9] VGC 2023 Regulation E","log":"|j|\u2606LuckyLeaves\n|j|\u2606Conchoboar2\n|t:|1700183588\n|gametype|doubles\n|player|p1|LuckyLeaves|1|1432\n|player|p2|Conchoboar2|101|1375\n|teamsize|p1|6\n|teamsize|p2|6\n|gen|9\n|tier|[Gen 9] VGC 2023 Regulation E\n|rated|\n|rule|Species Clause: Limit one of each Pok\u00e9mon\n|rule|Item Clause: Limit one of each item\n|clearpoke\n|poke|p1|Rillaboom, L50, M|\n|poke|p1|Iron Bundle, L50|\n|poke|p1|Arcanine-Hisui, L50, F|\n|poke|p1|Tornadus, L50, M|\n|poke|p1|Gholdengo, L50|\n|poke|p1|Iron Hands, L50|\n|poke|p2|Mamoswine, L50, M|\n|poke|p2|Iron Hands, L50|\n|poke|p2|Grimmsnarl, L50, M|\n|poke|p2|Flutter Mane, L50|\n|poke|p2|Heatran, L50, F|\n|poke|p2|Sinistcha, L50|\n|teampreview|4\n|j| SCRAAH\n|l| SCRAAH\n|l|\u2606LuckyLeaves\n|player|p1|\n|j|\u2606LuckyLeaves\n|player|p1|LuckyLeaves|1\n|j| KennethCombination\n|inactive|Battle timer is ON: inactive players will automatically lose when time's up. (requested by Conchoboar2)\n|\n|t:|1700183665\n|start\n|switch|p1a: SPICY DOGG|Arcanine-Hisui, L50, F|100\/100\n|switch|p1b: Iron Hands|Iron Hands, L50, shiny|100\/100\n|switch|p2a: Iron Hands|Iron Hands, L50|100\/100\n|switch|p2b: Sinistcha|Sinistcha, L50|100\/100\n|-ability|p1a: SPICY DOGG|Intimidate|boost\n|-unboost|p2a: Iron Hands|atk|1\n|-unboost|p2b: Sinistcha|atk|1\n|turn|1\n|inactive|LuckyLeaves has 30 seconds left.\n|inactive|LuckyLeaves has 20 seconds left.\n|inactive|LuckyLeaves has 15 seconds left.\n|inactive|LuckyLeaves has 10 seconds left.\n|\n|t:|1700183712\n|-terastallize|p2b: Sinistcha|Water\n|move|p1b: Iron Hands|Fake Out|p2a: Iron Hands\n|-damage|p2a: Iron Hands|89\/100\n|move|p1a: SPICY DOGG|Flare Blitz|p2b: Sinistcha\n|-resisted|p2b: Sinistcha\n|-damage|p2b: Sinistcha|62\/100\n|-damage|p1a: SPICY DOGG|89\/100|[from] Recoil\n|move|p2b: Sinistcha|Matcha Gotcha|p1a: SPICY DOGG|[spread] p1a,p1b\n|-damage|p1a: SPICY DOGG|59\/100\n|-heal|p2b: Sinistcha|78\/100|[from] drain|[of] p1a: SPICY DOGG\n|-damage|p1b: Iron Hands|86\/100\n|-heal|p2b: Sinistcha|88\/100|[from] drain|[of] p1b: Iron Hands\n|cant|p2a: Iron Hands|flinch\n|\n|upkeep\n|turn|2\n|inactive|LuckyLeaves has 30 seconds left.\n|\n|t:|1700183740\n|move|p2b: Sinistcha|Protect|p2b: Sinistcha\n|-singleturn|p2b: Sinistcha|Protect\n|move|p1a: SPICY DOGG|Flare Blitz|p2a: Iron Hands\n|-damage|p2a: Iron Hands|26\/100\n|-status|p2a: Iron Hands|brn\n|-damage|p1a: SPICY DOGG|35\/100|[from] Recoil\n|move|p2a: Iron Hands|Volt Switch|p1b: Iron Hands\n|-resisted|p1b: Iron Hands\n|-damage|p1b: Iron Hands|83\/100\n|\n|t:|1700183751\n|-end|p2a: Iron Hands|Quark Drive|[silent]\n|switch|p2a: Mamoswine|Mamoswine, L50, M|100\/100|[from] Volt Switch\n|move|p1b: Iron Hands|Wild Charge|p2b: Sinistcha\n|-activate|p2b: Sinistcha|move: Protect\n|\n|upkeep\n|turn|3\n|\n|t:|1700183772\n|move|p2a: Mamoswine|High Horsepower|p1b: Iron Hands\n|-supereffective|p1b: Iron Hands\n|-damage|p1b: Iron Hands|2\/100\n|move|p1a: SPICY DOGG|Flare Blitz|p2a: Mamoswine\n|-supereffective|p2a: Mamoswine\n|-damage|p2a: Mamoswine|0 fnt\n|faint|p2a: Mamoswine\n|-damage|p1a: SPICY DOGG|3\/100|[from] Recoil\n|move|p1b: Iron Hands|Wild Charge|p2b: Sinistcha\n|-supereffective|p2b: Sinistcha\n|-damage|p2b: Sinistcha|6\/100\n|-enditem|p2b: Sinistcha|Sitrus Berry|[eat]\n|-heal|p2b: Sinistcha|31\/100|[from] item: Sitrus Berry\n|-damage|p1b: Iron Hands|0 fnt|[from] Recoil\n|faint|p1b: Iron Hands\n|-end|p1b: Iron Hands|Quark Drive|[silent]\n|move|p2b: Sinistcha|Trick Room|p2b: Sinistcha\n|-fieldstart|move: Trick Room|[of] p2b: Sinistcha\n|\n|upkeep\n|\n|t:|1700183793\n|switch|p1b: THE BIG CHEESE|Gholdengo, L50|100\/100\n|switch|p2a: Heatran|Heatran, L50, F|100\/100\n|turn|4\n|\n|t:|1700183812\n|-terastallize|p1b: THE BIG CHEESE|Dragon\n|move|p2b: Sinistcha|Shadow Ball|p1b: THE BIG CHEESE\n|-damage|p1b: THE BIG CHEESE|62\/100\n|move|p2a: Heatran|Heat Wave|p1a: SPICY DOGG|[spread] p1a,p1b\n|-resisted|p1a: SPICY DOGG\n|-resisted|p1b: THE BIG CHEESE\n|-damage|p1a: SPICY DOGG|0 fnt\n|-damage|p1b: THE BIG CHEESE|41\/100\n|faint|p1a: SPICY DOGG\n|move|p1b: THE BIG CHEESE|Shadow Ball|p2b: Sinistcha\n|-damage|p2b: Sinistcha|0 fnt\n|faint|p2b: Sinistcha\n|\n|-heal|p1b: THE BIG CHEESE|47\/100|[from] item: Leftovers\n|upkeep\n|\n|t:|1700183829\n|switch|p2b: Iron Hands|Iron Hands, L50|26\/100 brn\n|switch|p1a: SILVER SANTA|Iron Bundle, L50, shiny|100\/100\n|-enditem|p1a: SILVER SANTA|Booster Energy\n|-activate|p1a: SILVER SANTA|ability: Quark Drive|[fromitem]\n|-start|p1a: SILVER SANTA|quarkdrivespe\n|turn|5\n|\n|t:|1700183851\n|move|p1b: THE BIG CHEESE|Protect|p1b: THE BIG CHEESE\n|-singleturn|p1b: THE BIG CHEESE|Protect\n|move|p1a: SILVER SANTA|Protect|p1a: SILVER SANTA\n|-singleturn|p1a: SILVER SANTA|Protect\n|move|p2b: Iron Hands|Drain Punch|p1b: THE BIG CHEESE\n|-activate|p1b: THE BIG CHEESE|move: Protect\n|move|p2a: Heatran|Heat Wave|p1b: THE BIG CHEESE|[spread] \n|-activate|p1a: SILVER SANTA|move: Protect\n|-activate|p1b: THE BIG CHEESE|move: Protect\n|\n|-heal|p1b: THE BIG CHEESE|53\/100|[from] item: Leftovers\n|-damage|p2b: Iron Hands|20\/100 brn|[from] brn\n|upkeep\n|turn|6\n|inactive|LuckyLeaves has 30 seconds left.\n|\n|t:|1700183880\n|move|p2b: Iron Hands|Drain Punch|p1a: SILVER SANTA\n|-supereffective|p1a: SILVER SANTA\n|-damage|p1a: SILVER SANTA|42\/100\n|-heal|p2b: Iron Hands|36\/100 brn|[from] drain|[of] p1a: SILVER SANTA\n|move|p2a: Heatran|Heat Wave|p1b: THE BIG CHEESE|[spread] p1a,p1b\n|-resisted|p1b: THE BIG CHEESE\n|-damage|p1a: SILVER SANTA|0 fnt\n|-damage|p1b: THE BIG CHEESE|31\/100\n|faint|p1a: SILVER SANTA\n|-end|p1a: SILVER SANTA|Quark Drive|[silent]\n|move|p1b: THE BIG CHEESE|Shadow Ball|p2b: Iron Hands\n|-damage|p2b: Iron Hands|12\/100 brn\n|\n|-heal|p1b: THE BIG CHEESE|37\/100|[from] item: Leftovers\n|-damage|p2b: Iron Hands|6\/100 brn|[from] brn\n|upkeep\n|turn|7\n|\n|t:|1700183896\n|move|p1b: THE BIG CHEESE|Protect|p1b: THE BIG CHEESE\n|-singleturn|p1b: THE BIG CHEESE|Protect\n|move|p2b: Iron Hands|Drain Punch|p1b: THE BIG CHEESE\n|-activate|p1b: THE BIG CHEESE|move: Protect\n|move|p2a: Heatran|Flash Cannon|p1b: THE BIG CHEESE\n|-activate|p1b: THE BIG CHEESE|move: Protect\n|\n|-heal|p1b: THE BIG CHEESE|43\/100|[from] item: Leftovers\n|-damage|p2b: Iron Hands|0 fnt|[from] brn\n|faint|p2b: Iron Hands\n|-end|p2b: Iron Hands|Quark Drive|[silent]\n|-fieldend|move: Trick Room\n|upkeep\n|turn|8\n|\n|t:|1700183915\n|move|p1b: THE BIG CHEESE|Shadow Ball|p2a: Heatran\n|-damage|p2a: Heatran|61\/100\n|move|p2a: Heatran|Flash Cannon|p1b: THE BIG CHEESE\n|-damage|p1b: THE BIG CHEESE|0 fnt\n|faint|p1b: THE BIG CHEESE\n|\n|win|Conchoboar2\n|raw|LuckyLeaves's rating: 1432 &rarr; <strong>1409<\/strong><br \/>(-23 for losing)\n|raw|Conchoboar2's rating: 1375 &rarr; <strong>1398<\/strong><br \/>(+23 for winning)\n|l|\u2606LuckyLeaves\n","uploadtime":1700183927,"views":9,"p1id":"luckyleaves","p2id":"conchoboar2","formatid":"gen9vgc2023regulatione","rating":1398,"private":0,"password":""}