{"id":"gen9vgc2023regulatione-1999128993","p1":"TheLastAbyss","p2":"brunikolas","format":"[Gen 9] VGC 2023 Regulation E","log":"|j|\u2606TheLastAbyss\n|j|\u2606brunikolas\n|t:|1701036261\n|gametype|doubles\n|player|p1|TheLastAbyss|170|1062\n|player|p2|brunikolas|2|1090\n|teamsize|p1|6\n|teamsize|p2|6\n|gen|9\n|tier|[Gen 9] VGC 2023 Regulation E\n|rated|\n|rule|Species Clause: Limit one of each Pok\u00e9mon\n|rule|Item Clause: Limit one of each item\n|clearpoke\n|poke|p1|Glimmora, L50, F|\n|poke|p1|Sinistcha, L50|\n|poke|p1|Ceruledge, L50, F|\n|poke|p1|Landorus-Therian, L50, M|\n|poke|p1|Ogerpon-Wellspring, L50, F|\n|poke|p1|Roaring Moon, L50|\n|poke|p2|Dragonite, L50, M|\n|poke|p2|Weezing-Galar, L50, F|\n|poke|p2|Zoroark-Hisui, L50, F|\n|poke|p2|Iron Hands, L50|\n|poke|p2|Flutter Mane, L50|\n|poke|p2|Roaring Moon, L50|\n|teampreview|4\n|inactive|Battle timer is ON: inactive players will automatically lose when time's up. (requested by TheLastAbyss)\nbrunikolas rejected open team sheets.\n|\n|t:|1701036290\n|start\n|switch|p1a: Roaring Moon|Roaring Moon, L50|100\/100\n|switch|p1b: Ogerpon|Ogerpon-Wellspring, L50, F|100\/100\n|switch|p2a: Roaring Moon|Roaring Moon, L50|100\/100\n|switch|p2b: Dragonite|Dragonite, L50, M|100\/100\n|-enditem|p2a: Roaring Moon|Booster Energy\n|-activate|p2a: Roaring Moon|ability: Protosynthesis|[fromitem]\n|-start|p2a: Roaring Moon|protosynthesisspe\n|-enditem|p1a: Roaring Moon|Booster Energy\n|-activate|p1a: Roaring Moon|ability: Protosynthesis|[fromitem]\n|-start|p1a: Roaring Moon|protosynthesisatk\n|turn|1\n|inactive|TheLastAbyss has 30 seconds left.\n|inactive|brunikolas has 30 seconds left.\n|inactive|brunikolas has 20 seconds left.\n|inactive|brunikolas has 15 seconds left.\n|inactive|brunikolas has 10 seconds left.\n|\n|t:|1701036336\n|switch|p2b: Weezing|Weezing-Galar, L50, F|100\/100\n|-ability|p2b: Weezing|Neutralizing Gas\n|move|p1b: Ogerpon|Follow Me|p1b: Ogerpon\n|-singleturn|p1b: Ogerpon|move: Follow Me\n|move|p2a: Roaring Moon|Tailwind|p2a: Roaring Moon\n|-sidestart|p2: brunikolas|move: Tailwind\n|move|p1a: Roaring Moon|Breaking Swipe|p2a: Roaring Moon|[spread] p2a\n|-immune|p2b: Weezing\n|-supereffective|p2a: Roaring Moon\n|-damage|p2a: Roaring Moon|30\/100\n|-unboost|p2a: Roaring Moon|atk|1\n|\n|upkeep\n|turn|2\n|inactive|TheLastAbyss has 30 seconds left.\n|inactive|brunikolas has 30 seconds left.\n|inactive|TheLastAbyss has 20 seconds left.\n|\n|t:|1701036374\n|move|p2a: Roaring Moon|Acrobatics|p1b: Ogerpon\n|-supereffective|p1b: Ogerpon\n|-damage|p1b: Ogerpon|48\/100\n|move|p1b: Ogerpon|Ivy Cudgel|p2b: Weezing|[anim] Ivy Cudgel Water\n|-damage|p2b: Weezing|62\/100\n|move|p2b: Weezing|Dazzling Gleam|p1b: Ogerpon|[spread] p1a,p1b\n|-supereffective|p1a: Roaring Moon\n|-damage|p1a: Roaring Moon|44\/100\n|-damage|p1b: Ogerpon|30\/100\n|move|p1a: Roaring Moon|Tailwind|p1a: Roaring Moon\n|-sidestart|p1: TheLastAbyss|move: Tailwind\n|\n|-heal|p2b: Weezing|68\/100|[from] item: Leftovers\n|upkeep\n|turn|3\n|\n|t:|1701036396\n|move|p1b: Ogerpon|Spiky Shield|p1b: Ogerpon\n|-singleturn|p1b: Ogerpon|move: Protect\n|move|p2a: Roaring Moon|Acrobatics|p1b: Ogerpon\n|-activate|p1b: Ogerpon|move: Protect\n|-damage|p2a: Roaring Moon|18\/100|[from] Spiky Shield|[of] p1b: Ogerpon\n|move|p1a: Roaring Moon|Acrobatics|p2b: Weezing\n|-damage|p2b: Weezing|22\/100\n|move|p2b: Weezing|Dazzling Gleam|p1b: Ogerpon|[spread] p1a\n|-activate|p1b: Ogerpon|move: Protect\n|-supereffective|p1a: Roaring Moon\n|-damage|p1a: Roaring Moon|0 fnt\n|faint|p1a: Roaring Moon\n|-end|p1a: Roaring Moon|Protosynthesis|[silent]\n|\n|-heal|p2b: Weezing|28\/100|[from] item: Leftovers\n|upkeep\n|\n|t:|1701036411\n|switch|p1a: Sinistcha|Sinistcha, L50|100\/100\n|turn|4\n|\n|t:|1701036434\n|-end|p2a: Roaring Moon|Protosynthesis|[silent]\n|switch|p2a: Iron Hands|Iron Hands, L50|100\/100\n|-end|p2b: Weezing|ability: Neutralizing Gas\n|-heal|p1b: Ogerpon|55\/100|[from] ability: Hospitality|[of] p1a: Sinistcha\n|switch|p2b: Dragonite|Dragonite, L50, M|100\/100\n|move|p1b: Ogerpon|Ivy Cudgel|p2b: Dragonite|[anim] Ivy Cudgel Water\n|-resisted|p2b: Dragonite\n|-damage|p2b: Dragonite|79\/100\n|move|p1a: Sinistcha|Calm Mind|p1a: Sinistcha\n|-boost|p1a: Sinistcha|spa|1\n|-boost|p1a: Sinistcha|spd|1\n|\n|-sideend|p2: brunikolas|move: Tailwind\n|upkeep\n|turn|5\n|inactive|TheLastAbyss has 30 seconds left.\n|inactive|brunikolas has 30 seconds left.\n|inactive|TheLastAbyss has 20 seconds left.\n|\n|t:|1701036469\n|-end|p2a: Iron Hands|Quark Drive|[silent]\n|switch|p2a: Weezing|Weezing-Galar, L50, F|28\/100\n|-ability|p2a: Weezing|Neutralizing Gas\n|move|p1b: Ogerpon|Spiky Shield|p1b: Ogerpon\n|-singleturn|p1b: Ogerpon|move: Protect\n|move|p2b: Dragonite|Extreme Speed|p1b: Ogerpon\n|-activate|p1b: Ogerpon|move: Protect\n|-damage|p2b: Dragonite|66\/100|[from] Spiky Shield|[of] p1b: Ogerpon\n|move|p1a: Sinistcha|Calm Mind|p1a: Sinistcha\n|-boost|p1a: Sinistcha|spa|1\n|-boost|p1a: Sinistcha|spd|1\n|\n|-heal|p2a: Weezing|34\/100|[from] item: Leftovers\n|-sideend|p1: TheLastAbyss|move: Tailwind\n|upkeep\n|turn|6\n|inactive|TheLastAbyss has 30 seconds left.\n|\n|t:|1701036498\n|move|p2b: Dragonite|Extreme Speed|p1b: Ogerpon\n|-damage|p1b: Ogerpon|0 fnt\n|faint|p1b: Ogerpon\n|move|p1a: Sinistcha|Matcha Gotcha|p2a: Weezing|[spread] p2a,p2b\n|-resisted|p2a: Weezing\n|-resisted|p2b: Dragonite\n|-damage|p2a: Weezing|0 fnt\n|-damage|p2b: Dragonite|51\/100\n|faint|p2a: Weezing\n|-end|p2a: Weezing|ability: Neutralizing Gas\n|\n|upkeep\n|\n|t:|1701036510\n|switch|p1b: Ceruledge|Ceruledge, L50, F|100\/100\n|switch|p2a: Roaring Moon|Roaring Moon, L50|18\/100\n|turn|7\n|\n|t:|1701036525\n|switch|p2b: Iron Hands|Iron Hands, L50|100\/100\n|move|p2a: Roaring Moon|Knock Off|p1a: Sinistcha\n|-supereffective|p1a: Sinistcha\n|-damage|p1a: Sinistcha|4\/100\n|-damage|p2a: Roaring Moon|1\/100|[from] item: Rocky Helmet|[of] p1a: Sinistcha\n|-enditem|p1a: Sinistcha|Rocky Helmet|[from] move: Knock Off|[of] p2a: Roaring Moon\n|move|p1b: Ceruledge|Bitter Blade|p2a: Roaring Moon\n|-resisted|p2a: Roaring Moon\n|-damage|p2a: Roaring Moon|0 fnt\n|faint|p2a: Roaring Moon\n|-end|p2a: Roaring Moon|Protosynthesis|[silent]\n|move|p1a: Sinistcha|Matcha Gotcha|p2b: Iron Hands\n|-damage|p2b: Iron Hands|49\/100\n|-heal|p1a: Sinistcha|43\/100|[from] drain|[of] p2b: Iron Hands\n|\n|upkeep\n|\n|t:|1701036541\n|switch|p2a: Dragonite|Dragonite, L50, M|51\/100\n|turn|8\n|\n|t:|1701036558\n|move|p1b: Ceruledge|Bitter Blade|p2b: Iron Hands\n|-damage|p2b: Iron Hands|20\/100\n|move|p2a: Dragonite|Outrage|p1b: Ceruledge\n|-damage|p1b: Ceruledge|0 fnt\n|faint|p1b: Ceruledge\n|move|p1a: Sinistcha|Strength Sap|p2b: Iron Hands\n|-unboost|p2b: Iron Hands|atk|1\n|-heal|p1a: Sinistcha|100\/100\n|move|p2b: Iron Hands|Wild Charge|p1a: Sinistcha\n|-resisted|p1a: Sinistcha\n|-damage|p1a: Sinistcha|82\/100\n|-damage|p2b: Iron Hands|17\/100|[from] Recoil\n|\n|upkeep\n|turn|9\n|\n|t:|1701036576\n|move|p2a: Dragonite|Outrage|p1a: Sinistcha|[from]lockedmove\n|-damage|p1a: Sinistcha|0 fnt\n|faint|p1a: Sinistcha\n|\n|win|brunikolas\n|raw|TheLastAbyss's rating: 1062 &rarr; <strong>1044<\/strong><br \/>(-18 for losing)\n|raw|brunikolas's rating: 1090 &rarr; <strong>1114<\/strong><br \/>(+24 for winning)\n|l|\u2606TheLastAbyss\n","uploadtime":1701036584,"views":8,"p1id":"thelastabyss","p2id":"brunikolas","formatid":"gen9vgc2023regulatione","rating":1044,"private":0,"password":""}