{"id":"gen9vgc2023regulatione-1995322794","p1":"TheRicoSuave","p2":"Satansinlaw","format":"[Gen 9] VGC 2023 Regulation E","log":"|j|\u2606TheRicoSuave\n|j|\u2606Satansinlaw\n|t:|1700553559\n|gametype|doubles\n|player|p1|TheRicoSuave|101|1108\n|player|p2|Satansinlaw|acetrainerf|1106\n|teamsize|p1|6\n|teamsize|p2|6\n|gen|9\n|tier|[Gen 9] VGC 2023 Regulation E\n|rated|\n|rule|Species Clause: Limit one of each Pok\u00e9mon\n|rule|Item Clause: Limit one of each item\n|clearpoke\n|poke|p1|Kingambit, L50, M|\n|poke|p1|Sinistcha, L50|\n|poke|p1|Arcanine-Hisui, L50, F|\n|poke|p1|Urshifu-*, L50, F|\n|poke|p1|Gholdengo, L50|\n|poke|p1|Tornadus, L50, M|\n|poke|p2|Flutter Mane, L50|\n|poke|p2|Slither Wing, L50|\n|poke|p2|Gliscor, L50, F|\n|poke|p2|Ogerpon-Hearthflame, L50, F|\n|poke|p2|Basculegion, L50, M|\n|poke|p2|Toedscruel, L50, F|\n|teampreview|4\n|inactive|Battle timer is ON: inactive players will automatically lose when time's up. (requested by TheRicoSuave)\n|\n|t:|1700553586\n|start\n|switch|p1a: Gholdengo|Gholdengo, L50|100\/100\n|switch|p1b: Arcanine|Arcanine-Hisui, L50, F|100\/100\n|switch|p2a: Gliscor|Gliscor, L50, F|100\/100\n|switch|p2b: Ogerpon|Ogerpon-Hearthflame, L50, F|100\/100\n|-ability|p2b: Ogerpon|Mold Breaker\n|-ability|p1b: Arcanine|Intimidate|boost\n|-unboost|p2a: Gliscor|atk|1\n|-unboost|p2b: Ogerpon|atk|1\n|turn|1\n|\n|t:|1700553607\n|switch|p1b: Tornadus|Tornadus, L50, M|100\/100\n|-terastallize|p1a: Gholdengo|Dragon\n|move|p2b: Ogerpon|Spiky Shield|p2b: Ogerpon\n|-singleturn|p2b: Ogerpon|move: Protect\n|move|p1a: Gholdengo|Nasty Plot|p1a: Gholdengo\n|-boost|p1a: Gholdengo|spa|2\n|move|p2a: Gliscor|Tailwind|p2a: Gliscor\n|-sidestart|p2: Satansinlaw|move: Tailwind\n|\n|-status|p2a: Gliscor|tox|[from] item: Toxic Orb\n|upkeep\n|turn|2\n|\n|t:|1700553631\n|move|p1a: Gholdengo|Protect|p1a: Gholdengo\n|-singleturn|p1a: Gholdengo|Protect\n|move|p1b: Tornadus|Tailwind|p1b: Tornadus\n|-sidestart|p1: TheRicoSuave|move: Tailwind\n|move|p2b: Ogerpon|Ivy Cudgel|p1a: Gholdengo|[anim] Ivy Cudgel Fire\n|-activate|p1a: Gholdengo|move: Protect\n|move|p2a: Gliscor|High Horsepower|p1a: Gholdengo\n|-activate|p1a: Gholdengo|move: Protect\n|\n|upkeep\n|turn|3\n|\n|t:|1700553654\n|move|p1b: Tornadus|Rain Dance|p1b: Tornadus\n|-weather|RainDance\n|move|p2b: Ogerpon|Ivy Cudgel|p1a: Gholdengo|[anim] Ivy Cudgel Fire\n|-resisted|p1a: Gholdengo\n|-damage|p1a: Gholdengo|92\/100\n|move|p1a: Gholdengo|Nasty Plot|p1a: Gholdengo\n|-boost|p1a: Gholdengo|spa|2\n|move|p2a: Gliscor|High Horsepower|p1a: Gholdengo\n|-damage|p1a: Gholdengo|70\/100\n|\n|-weather|RainDance|[upkeep]\n|-heal|p1a: Gholdengo|76\/100|[from] item: Leftovers\n|upkeep\n|turn|4\n|\n|t:|1700553679\n|switch|p1b: Arcanine|Arcanine-Hisui, L50, F|100\/100\n|-ability|p1b: Arcanine|Intimidate|boost\n|-unboost|p2a: Gliscor|atk|1\n|-unboost|p2b: Ogerpon|atk|1\n|switch|p2a: Flutter Mane|Flutter Mane, L50|100\/100\n|move|p2b: Ogerpon|Follow Me|p2b: Ogerpon\n|-singleturn|p2b: Ogerpon|move: Follow Me\n|move|p1a: Gholdengo|Nasty Plot|p1a: Gholdengo\n|-boost|p1a: Gholdengo|spa|2\n|\n|-weather|RainDance|[upkeep]\n|-heal|p1a: Gholdengo|82\/100|[from] item: Leftovers\n|-sideend|p2: Satansinlaw|move: Tailwind\n|upkeep\n|turn|5\n|\n|t:|1700553702\n|move|p2a: Flutter Mane|Protect|p2a: Flutter Mane\n|-singleturn|p2a: Flutter Mane|Protect\n|move|p2b: Ogerpon|Spiky Shield|p2b: Ogerpon\n|-singleturn|p2b: Ogerpon|move: Protect\n|move|p1a: Gholdengo|Make It Rain|p2a: Flutter Mane|[spread] \n|-activate|p2a: Flutter Mane|move: Protect\n|-activate|p2b: Ogerpon|move: Protect\n|move|p1b: Arcanine|Rock Slide|p2a: Flutter Mane|[spread] \n|-activate|p2a: Flutter Mane|move: Protect\n|-activate|p2b: Ogerpon|move: Protect\n|\n|-weather|RainDance|[upkeep]\n|-heal|p1a: Gholdengo|88\/100|[from] item: Leftovers\n|-sideend|p1: TheRicoSuave|move: Tailwind\n|upkeep\n|turn|6\n|inactive|Satansinlaw has 30 seconds left.\n|\n|t:|1700553735\n|switch|p2b: Gliscor|Gliscor, L50, F|100\/100 tox\n|switch|p1b: Tornadus|Tornadus, L50, M|100\/100\n|-terastallize|p2a: Flutter Mane|Steel\n|move|p1a: Gholdengo|Protect|p1a: Gholdengo\n|-singleturn|p1a: Gholdengo|Protect\n|move|p2a: Flutter Mane|Moonblast|p1a: Gholdengo\n|-activate|p1a: Gholdengo|move: Protect\n|\n|-weather|RainDance|[upkeep]\n|-heal|p1a: Gholdengo|94\/100|[from] item: Leftovers\n|upkeep\n|turn|7\n|\n|t:|1700553757\n|move|p1b: Tornadus|Tailwind|p1b: Tornadus\n|-sidestart|p1: TheRicoSuave|move: Tailwind\n|move|p1a: Gholdengo|Shadow Ball|p2a: Flutter Mane\n|-damage|p2a: Flutter Mane|0 fnt\n|faint|p2a: Flutter Mane\n|-end|p2a: Flutter Mane|Protosynthesis|[silent]\n|move|p2b: Gliscor|High Horsepower|p1a: Gholdengo\n|-damage|p1a: Gholdengo|59\/100\n|\n|-weather|none\n|-heal|p1a: Gholdengo|65\/100|[from] item: Leftovers\n|upkeep\n|\n|t:|1700553771\n|switch|p2a: Slither Wing|Slither Wing, L50|100\/100\n|-enditem|p2a: Slither Wing|Booster Energy\n|-activate|p2a: Slither Wing|ability: Protosynthesis|[fromitem]\n|-start|p2a: Slither Wing|protosynthesisatk\n|turn|8\n|\n|t:|1700553785\n|switch|p1b: Arcanine|Arcanine-Hisui, L50, F|100\/100\n|-ability|p1b: Arcanine|Intimidate|boost\n|-unboost|p2a: Slither Wing|atk|1\n|-unboost|p2b: Gliscor|atk|1\n|move|p1a: Gholdengo|Protect|p1a: Gholdengo\n|-singleturn|p1a: Gholdengo|Protect\n|move|p2a: Slither Wing|Protect|p2a: Slither Wing\n|-singleturn|p2a: Slither Wing|Protect\n|move|p2b: Gliscor|Tailwind|p2b: Gliscor\n|-sidestart|p2: Satansinlaw|move: Tailwind\n|\n|-heal|p1a: Gholdengo|71\/100|[from] item: Leftovers\n|upkeep\n|turn|9\n|\n|t:|1700553803\n|switch|p1b: Sinistcha|Sinistcha, L50|100\/100\n|-heal|p1a: Gholdengo|96\/100|[from] ability: Hospitality|[of] p1b: Sinistcha\n|move|p1a: Gholdengo|Make It Rain|p2b: Gliscor|[spread] p2a,p2b\n|-damage|p2a: Slither Wing|0 fnt\n|-damage|p2b: Gliscor|0 fnt\n|-unboost|p1a: Gholdengo|spa|1\n|faint|p2a: Slither Wing\n|-end|p2a: Slither Wing|Protosynthesis|[silent]\n|faint|p2b: Gliscor\n|\n|-heal|p1a: Gholdengo|100\/100|[from] item: Leftovers\n|upkeep\n|-message|Satansinlaw forfeited.\n|\n|win|TheRicoSuave\n|raw|TheRicoSuave's rating: 1108 &rarr; <strong>1133<\/strong><br \/>(+25 for winning)\n|raw|Satansinlaw's rating: 1106 &rarr; <strong>1081<\/strong><br \/>(-25 for losing)\n|l|\u2606Satansinlaw\n","uploadtime":1700553817,"views":20,"p1id":"thericosuave","p2id":"satansinlaw","formatid":"gen9vgc2023regulatione","rating":1081,"private":0,"password":""}