{"id":"gen9vgc2023regulatione-1990801450","p1":"Sword of ?","p2":"AndrwApple","format":"[Gen 9] VGC 2023 Regulation E","log":"|j|\u2606Sword of ?\n|j|\u2606AndrwApple\n|n|\u2606Sword of ?|swordof\n|n|\u2606AndrwApple|andrwapple\n|html|View the match progress at <a href=\"\/game-bestof3-gen9vgc2023regulatione-1990801449\">game-bestof3-gen9vgc2023regulatione-1990801449<\/a>\n|t:|1700002225\n|gametype|doubles\n|player|p1|Sword of ?|acetrainer-gen6xy|\n|player|p2|AndrwApple|dawn|\n|teamsize|p1|6\n|teamsize|p2|6\n|gen|9\n|tier|[Gen 9] VGC 2023 Regulation E\n|rule|Species Clause: Limit one of each Pok\u00e9mon\n|rule|Item Clause: Limit one of each item\n|clearpoke\n|poke|p1|Kingambit, L50, F|\n|poke|p1|Ogerpon-Wellspring, L50, F|\n|poke|p1|Landorus-Therian, L50, M|\n|poke|p1|Flutter Mane, L50|\n|poke|p1|Rillaboom, L50, F|\n|poke|p1|Heatran, L50, M|\n|poke|p2|Ting-Lu, L50|\n|poke|p2|Arcanine-Hisui, L50, M|\n|poke|p2|Iron Hands, L50|\n|poke|p2|Ogerpon-Wellspring, L50, F|\n|poke|p2|Amoonguss, L50, F|\n|poke|p2|Flutter Mane, L50|\n|teampreview|4\n|inactive|Battle timer is ON: inactive players will automatically lose when time's up. (requested by Sword of ?)\nAndrwApple has agreed to open team sheets.\nSword of ? has agreed to open team sheets.\n|showteam|p1|Kingambit||BlackGlasses|Defiant|KowtowCleave,SuckerPunch,SwordsDance,Protect|||F|||50|,,,,,Dark]Ogerpon-Wellspring||WellspringMask|WaterAbsorb|IvyCudgel,WoodHammer,FollowMe,SpikyShield|||F|||50|,,,,,Water]Landorus-Therian||ChoiceScarf|Intimidate|StompingTantrum,TeraBlast,RockTomb,Uturn|||M|||50|,,,,,Flying]Flutter Mane||ChoiceSpecs|Protosynthesis|Moonblast,ShadowBall,DazzlingGleam,TrickRoom||||||50|,,,,,Fairy]Rillaboom||MiracleSeed|GrassySurge|GrassyGlide,WoodHammer,FakeOut,Protect|||F|||50|,,,,,Grass]Heatran||AssaultVest|FlashFire|HeatWave,HeavySlam,EarthPower,Overheat|||M|||50|,,,,,Fairy\n|showteam|p2|Ting-Lu||Leftovers|VesselofRuin|Ruination,LashOut,StompingTantrum,Protect||||||50|,,,,,Water]Arcanine-Hisui||ChoiceBand|Intimidate|FlareBlitz,RockSlide,ExtremeSpeed,HeadSmash|||M|||50|,,,,,Fairy]Iron Hands||AssaultVest|QuarkDrive|FakeOut,WildCharge,HeavySlam,DrainPunch||||||50|,,,,,Water]Ogerpon-Wellspring||WellspringMask|WaterAbsorb|IvyCudgel,HornLeech,SwordsDance,SpikyShield|||F|||50|,,,,,Water]Amoonguss||SitrusBerry|Regenerator|PollenPuff,Spore,RagePowder,Protect|||F|||50|,,,,,Water]Flutter Mane||ChoiceSpecs|Protosynthesis|Moonblast,ShadowBall,DazzlingGleam,Thunderbolt||||||50|,,,,,Fairy\n|inactive|Sword of ? has 30 seconds left.\n|inactive|Sword of ? has 20 seconds left.\n|inactive|AndrwApple has 30 seconds left.\n|inactive|Sword of ? has 15 seconds left.\n|inactive|Sword of ? has 10 seconds left.\n|inactive|Sword of ? has 5 seconds left.\n|\n|t:|1700002281\n|start\n|switch|p1a: Kingambit|Kingambit, L50, F|100\/100\n|switch|p1b: Ogerpon|Ogerpon-Wellspring, L50, F|100\/100\n|switch|p2a: Iron Hands|Iron Hands, L50|100\/100\n|switch|p2b: Ting-Lu|Ting-Lu, L50|100\/100\n|-ability|p2b: Ting-Lu|Vessel of Ruin\n|turn|1\n|inactive|Sword of ? has 30 seconds left.\n|inactive|Sword of ? has 20 seconds left.\n|inactive|AndrwApple has 30 seconds left.\n|\n|t:|1700002322\n|move|p1b: Ogerpon|Follow Me|p1b: Ogerpon\n|-singleturn|p1b: Ogerpon|move: Follow Me\n|move|p2a: Iron Hands|Drain Punch|p1b: Ogerpon\n|-damage|p1b: Ogerpon|60\/100\n|move|p1a: Kingambit|Swords Dance|p1a: Kingambit\n|-boost|p1a: Kingambit|atk|2\n|move|p2b: Ting-Lu|Stomping Tantrum|p1b: Ogerpon\n|-resisted|p1b: Ogerpon\n|-damage|p1b: Ogerpon|45\/100\n|\n|upkeep\n|turn|2\n|inactive|Sword of ? has 30 seconds left.\n|\n|t:|1700002356\n|move|p1a: Kingambit|Protect|p1a: Kingambit\n|-singleturn|p1a: Kingambit|Protect\n|move|p1b: Ogerpon|Ivy Cudgel|p2b: Ting-Lu|[anim] Ivy Cudgel Water\n|-supereffective|p2b: Ting-Lu\n|-damage|p2b: Ting-Lu|42\/100\n|move|p2a: Iron Hands|Wild Charge|p1b: Ogerpon\n|-damage|p1b: Ogerpon|0 fnt\n|faint|p1b: Ogerpon\n|-damage|p2a: Iron Hands|91\/100|[from] Recoil\n|move|p2b: Ting-Lu|Lash Out|p1a: Kingambit\n|-activate|p1a: Kingambit|move: Protect\n|\n|-heal|p2b: Ting-Lu|48\/100|[from] item: Leftovers\n|upkeep\n|\n|t:|1700002370\n|switch|p1b: Landorus|Landorus-Therian, L50, M|100\/100\n|-ability|p1b: Landorus|Intimidate|boost\n|-unboost|p2a: Iron Hands|atk|1\n|-unboost|p2b: Ting-Lu|atk|1\n|turn|3\n|\n|t:|1700002393\n|-terastallize|p1a: Kingambit|Dark\n|move|p1a: Kingambit|Sucker Punch|p2a: Iron Hands\n|-resisted|p2a: Iron Hands\n|-damage|p2a: Iron Hands|47\/100\n|move|p1b: Landorus|Stomping Tantrum|p2a: Iron Hands\n|-supereffective|p2a: Iron Hands\n|-damage|p2a: Iron Hands|0 fnt\n|faint|p2a: Iron Hands\n|-end|p2a: Iron Hands|Quark Drive|[silent]\n|move|p2b: Ting-Lu|Lash Out|p1b: Landorus\n|-damage|p1b: Landorus|77\/100\n|\n|-heal|p2b: Ting-Lu|54\/100|[from] item: Leftovers\n|upkeep\n|\n|t:|1700002405\n|switch|p2a: Ogerpon|Ogerpon-Wellspring, L50, F|100\/100\n|turn|4\n|inactive|Sword of ? has 30 seconds left.\n|inactive|AndrwApple has 30 seconds left.\n|\n|t:|1700002438\n|switch|p1b: Rillaboom|Rillaboom, L50, F|100\/100\n|-fieldstart|move: Grassy Terrain|[from] ability: Grassy Surge|[of] p1b: Rillaboom\n|move|p2a: Ogerpon|Spiky Shield|p2a: Ogerpon\n|-singleturn|p2a: Ogerpon|move: Protect\n|move|p1a: Kingambit|Kowtow Cleave|p2a: Ogerpon\n|-activate|p2a: Ogerpon|move: Protect\n|-damage|p1a: Kingambit|88\/100|[from] Spiky Shield|[of] p2a: Ogerpon\n|move|p2b: Ting-Lu|Ruination|p1a: Kingambit\n|-damage|p1a: Kingambit|44\/100\n|\n|-heal|p1a: Kingambit|50\/100|[from] Grassy Terrain\n|-heal|p2b: Ting-Lu|60\/100|[from] Grassy Terrain\n|-heal|p2b: Ting-Lu|67\/100|[from] item: Leftovers\n|upkeep\n|turn|5\n|\n|t:|1700002457\n|switch|p2b: Arcanine|Arcanine-Hisui, L50, M|100\/100\n|-ability|p2b: Arcanine|Intimidate|boost\n|-unboost|p1a: Kingambit|atk|1\n|-ability|p1a: Kingambit|Defiant|boost\n|-boost|p1a: Kingambit|atk|2\n|-unboost|p1b: Rillaboom|atk|1\n|move|p1b: Rillaboom|Fake Out|p2a: Ogerpon\n|-damage|p2a: Ogerpon|90\/100\n|cant|p2a: Ogerpon|flinch\n|move|p1a: Kingambit|Kowtow Cleave|p2a: Ogerpon\n|-damage|p2a: Ogerpon|0 fnt\n|faint|p2a: Ogerpon\n|\n|-heal|p1a: Kingambit|56\/100|[from] Grassy Terrain\n|upkeep\n|\n|t:|1700002459\n|switch|p2a: Ting-Lu|Ting-Lu, L50|67\/100\n|-ability|p2a: Ting-Lu|Vessel of Ruin\n|turn|6\n|\n|t:|1700002482\n|switch|p1b: Landorus|Landorus-Therian, L50, M|77\/100\n|-ability|p1b: Landorus|Intimidate|boost\n|-unboost|p2a: Ting-Lu|atk|1\n|-unboost|p2b: Arcanine|atk|1\n|-terastallize|p2b: Arcanine|Fairy\n|move|p1a: Kingambit|Protect|p1a: Kingambit\n|-singleturn|p1a: Kingambit|Protect\n|move|p2b: Arcanine|Rock Slide|p1b: Landorus|[spread] p1b\n|-activate|p1a: Kingambit|move: Protect\n|-damage|p1b: Landorus|44\/100\n|move|p2a: Ting-Lu|Lash Out|p1b: Landorus\n|-damage|p1b: Landorus|0 fnt\n|faint|p1b: Landorus\n|\n|-heal|p1a: Kingambit|62\/100|[from] Grassy Terrain\n|-heal|p2a: Ting-Lu|73\/100|[from] Grassy Terrain\n|-heal|p2a: Ting-Lu|79\/100|[from] item: Leftovers\n|upkeep\n|\n|t:|1700002497\n|switch|p1b: Rillaboom|Rillaboom, L50, F|100\/100\n|turn|7\n|\n|t:|1700002503\n|move|p1b: Rillaboom|Fake Out|p2b: Arcanine\n|-damage|p2b: Arcanine|83\/100\n|cant|p2b: Arcanine|flinch\n|move|p1a: Kingambit|Kowtow Cleave|p2b: Arcanine\n|-resisted|p2b: Arcanine\n|-damage|p2b: Arcanine|0 fnt\n|faint|p2b: Arcanine\n|move|p2a: Ting-Lu|Ruination|p1b: Rillaboom\n|-damage|p1b: Rillaboom|51\/100\n|\n|-heal|p1b: Rillaboom|57\/100|[from] Grassy Terrain\n|-heal|p1a: Kingambit|68\/100|[from] Grassy Terrain\n|-heal|p2a: Ting-Lu|85\/100|[from] Grassy Terrain\n|-heal|p2a: Ting-Lu|91\/100|[from] item: Leftovers\n|upkeep\n|turn|8\n|c|\u2606AndrwApple|Gg\n|\n|t:|1700002515\n|move|p1b: Rillaboom|Wood Hammer|p2a: Ting-Lu\n|-supereffective|p2a: Ting-Lu\n|-damage|p2a: Ting-Lu|0 fnt\n|faint|p2a: Ting-Lu\n|-damage|p1b: Rillaboom|18\/100|[from] Recoil\n|\n|win|Sword of ?\n|c|&|\/uhtml prompt-andrwapple,AndrwApple is ready for game 2!\n|c|&|\/uhtml prompt-swordof,Sword of ? is ready for game 2!\nBoth players are ready! Starting next match!\n","uploadtime":1700002821,"views":28,"p1id":"swordof","p2id":"andrwapple","formatid":"gen9vgc2023regulatione","rating":0,"private":0,"password":""}