{"id":"gen9vgc2023regulatione-1992951869","p1":"gtg-nimbus","p2":"Leetextreme","format":"[Gen 9] VGC 2023 Regulation E","log":"|j|\u2606gtg-nimbus\n|j|\u2606Leetextreme\n|t:|1700249724\n|gametype|doubles\n|player|p1|gtg-nimbus|170|1396\n|player|p2|Leetextreme|scientist|1354\n|teamsize|p1|6\n|teamsize|p2|6\n|gen|9\n|tier|[Gen 9] VGC 2023 Regulation E\n|rated|\n|rule|Species Clause: Limit one of each Pok\u00e9mon\n|rule|Item Clause: Limit one of each item\n|clearpoke\n|poke|p1|Ogerpon-Hearthflame, L50, F|\n|poke|p1|Chien-Pao, L50|\n|poke|p1|Tornadus, L50, M|\n|poke|p1|Landorus-Therian, L50, M|\n|poke|p1|Chi-Yu, L50|\n|poke|p1|Flutter Mane, L50|\n|poke|p2|Sableye, L50, F|\n|poke|p2|Ursaluna-Bloodmoon, L50, M|\n|poke|p2|Flutter Mane, L50|\n|poke|p2|Chi-Yu, L50|\n|poke|p2|Urshifu-*, L50, M|\n|poke|p2|Tornadus, L50, M|\n|teampreview|4\n|\n|t:|1700249766\n|start\n|switch|p1a: Tornadus|Tornadus, L50, M|100\/100\n|switch|p1b: Landorus|Landorus-Therian, L50, M|100\/100\n|switch|p2a: Urshifu|Urshifu-Rapid-Strike, L50, M|100\/100\n|switch|p2b: Sableye|Sableye, L50, F|100\/100\n|-ability|p1b: Landorus|Intimidate|boost\n|-unboost|p2a: Urshifu|atk|1\n|-unboost|p2b: Sableye|atk|1\n|turn|1\n|\n|t:|1700249794\n|-terastallize|p1b: Landorus|Flying\n|move|p2b: Sableye|Fake Out|p1b: Landorus\n|-damage|p1b: Landorus|94\/100\n|move|p1a: Tornadus|Tailwind|p1a: Tornadus\n|-sidestart|p1: gtg-nimbus|move: Tailwind\n|cant|p1b: Landorus|flinch\n|move|p2a: Urshifu|Surging Strikes|p1b: Landorus\n|-crit|p1b: Landorus\n|-damage|p1b: Landorus|66\/100\n|-crit|p1b: Landorus\n|-damage|p1b: Landorus|37\/100\n|-crit|p1b: Landorus\n|-damage|p1b: Landorus|8\/100\n|-hitcount|p1b: Landorus|3\n|\n|upkeep\n|turn|2\n|\n|t:|1700249813\n|move|p2b: Sableye|Encore|p1a: Tornadus\n|-start|p1a: Tornadus|Encore\n|move|p2a: Urshifu|Aqua Jet|p1b: Landorus\n|-damage|p1b: Landorus|0 fnt\n|faint|p1b: Landorus\n|move|p1a: Tornadus|Tailwind||[still]\n|-fail|p1a: Tornadus\n|\n|upkeep\n|\n|t:|1700249819\n|switch|p1b: Ogerpon|Ogerpon-Hearthflame, L50, F|100\/100\n|-ability|p1b: Ogerpon|Mold Breaker\n|turn|3\n|\n|t:|1700249839\n|switch|p1a: Chien-Pao|Chien-Pao, L50|100\/100\n|-ability|p1a: Chien-Pao|Sword of Ruin\n|move|p2b: Sableye|Quash|p1b: Ogerpon\n|-activate|p1b: Ogerpon|move: Quash\n|move|p2a: Urshifu|Surging Strikes|p1b: Ogerpon\n|-crit|p1b: Ogerpon\n|-damage|p1b: Ogerpon|58\/100\n|-crit|p1b: Ogerpon\n|-damage|p1b: Ogerpon|15\/100\n|-crit|p1b: Ogerpon\n|-damage|p1b: Ogerpon|0 fnt\n|faint|p1b: Ogerpon\n|-hitcount|p1: Ogerpon|3\n|\n|upkeep\n|\n|t:|1700249852\n|switch|p1b: Tornadus|Tornadus, L50, M|100\/100\n|turn|4\n|\n|t:|1700249872\n|move|p1a: Chien-Pao|Sucker Punch|p2a: Urshifu\n|-resisted|p2a: Urshifu\n|-damage|p2a: Urshifu|80\/100\n|move|p2b: Sableye|Encore|p2a: Urshifu\n|-start|p2a: Urshifu|Encore\n|move|p2a: Urshifu|Surging Strikes|p1b: Tornadus\n|-crit|p1b: Tornadus\n|-damage|p1b: Tornadus|64\/100\n|-crit|p1b: Tornadus\n|-damage|p1b: Tornadus|25\/100\n|-crit|p1b: Tornadus\n|-damage|p1b: Tornadus|0 fnt\n|faint|p1b: Tornadus\n|-hitcount|p1: Tornadus|3\n|\n|-sideend|p1: gtg-nimbus|move: Tailwind\n|upkeep\n|turn|5\n|l|\u2606gtg-nimbus\n|player|p1|\n|inactive|Battle timer is ON: inactive players will automatically lose when time's up. (requested by Leetextreme)\n|inactive|gtg-nimbus has 30 seconds to reconnect!\n|inactive|gtg-nimbus has 20 seconds to reconnect!\n|inactive|gtg-nimbus has 15 seconds to reconnect!\n|inactive|gtg-nimbus has 10 seconds to reconnect!\n|inactive|gtg-nimbus has 5 seconds to reconnect!\n|-message|gtg-nimbus lost due to inactivity.\n|\n|win|Leetextreme\n|raw|gtg-nimbus's rating: 1396 &rarr; <strong>1374<\/strong><br \/>(-22 for losing)\n|raw|Leetextreme's rating: 1354 &rarr; <strong>1376<\/strong><br \/>(+22 for winning)\n","uploadtime":1700250000,"views":22,"p1id":"gtgnimbus","p2id":"leetextreme","formatid":"gen9vgc2023regulatione","rating":1374,"private":0,"password":""}