{"id":"gen9vgc2023regulatione-1993677708","p1":"05Snicker","p2":"Blackout6868","format":"[Gen 9] VGC 2023 Regulation E","log":"|j|\u260605Snicker\n|j|\u2606Blackout6868\n|t:|1700344554\n|gametype|doubles\n|player|p1|05Snicker|ghetsis-gen5bw|1177\n|player|p2|Blackout6868|dawn|1179\n|teamsize|p1|6\n|teamsize|p2|6\n|gen|9\n|tier|[Gen 9] VGC 2023 Regulation E\n|rated|\n|rule|Species Clause: Limit one of each Pok\u00e9mon\n|rule|Item Clause: Limit one of each item\n|clearpoke\n|poke|p1|Tornadus, L50, M|\n|poke|p1|Urshifu-*, L50, M|\n|poke|p1|Arcanine-Hisui, L50, F|\n|poke|p1|Kingambit, L50, M|\n|poke|p1|Amoonguss, L50, F|\n|poke|p1|Gholdengo, L50|\n|poke|p2|Urshifu-*, L50, M|\n|poke|p2|Scream Tail, L50|\n|poke|p2|Iron Hands, L50|\n|poke|p2|Gothitelle, L50, M|\n|poke|p2|Amoonguss, L50, F|\n|poke|p2|Rillaboom, L50, M|\n|teampreview|4\n|inactive|Battle timer is ON: inactive players will automatically lose when time's up. (requested by Blackout6868)\n|inactive|05Snicker also wants the timer to be on.\n|c|\u260605Snicker|Yo\n|c|\u260605Snicker|Aint no way\n|c|\u2606Blackout6868|bruh\n|c|\u2606Blackout6868|no shot\n|c|\u260605Snicker|Bruh\n|c|\u260605Snicker|This is wild\n|inactive|05Snicker has 60 seconds left.\n|\n|t:|1700344594\n|start\n|switch|p1a: Tornadus|Tornadus, L50, M|100\/100\n|switch|p1b: Arcanine|Arcanine-Hisui, L50, F, shiny|100\/100\n|switch|p2a: Iron Hands|Iron Hands, L50|100\/100\n|switch|p2b: Scream Tail|Scream Tail, L50|100\/100\n|-ability|p1b: Arcanine|Intimidate|boost\n|-unboost|p2a: Iron Hands|atk|1\n|-unboost|p2b: Scream Tail|atk|1\n|-enditem|p2b: Scream Tail|Booster Energy\n|-activate|p2b: Scream Tail|ability: Protosynthesis|[fromitem]\n|-start|p2b: Scream Tail|protosynthesisspe\n|turn|1\n|c|\u2606Blackout6868|the odds of this\n|c|\u260605Snicker|Your elo that low too?\n|inactive|05Snicker has 30 seconds left.\n|\n|t:|1700344625\n|-end|p2a: Iron Hands|Quark Drive|[silent]\n|switch|p2a: Gothitelle|Gothitelle, L50, M|100\/100\n|move|p2b: Scream Tail|Perish Song|p2b: Scream Tail\n|-start|p1a: Tornadus|perish3|[silent]\n|-start|p1b: Arcanine|perish3|[silent]\n|-start|p2a: Gothitelle|perish3|[silent]\n|-start|p2b: Scream Tail|perish3|[silent]\n|-fieldactivate|move: Perish Song\n|move|p1a: Tornadus|Bleakwind Storm|p2a: Gothitelle|[spread] p2a,p2b\n|-damage|p2a: Gothitelle|66\/100\n|-damage|p2b: Scream Tail|76\/100\n|move|p1b: Arcanine|Rock Slide|p2b: Scream Tail|[spread] p2a,p2b\n|-damage|p2a: Gothitelle|28\/100\n|-damage|p2b: Scream Tail|49\/100\n|-enditem|p2a: Gothitelle|Sitrus Berry|[eat]\n|-heal|p2a: Gothitelle|53\/100|[from] item: Sitrus Berry\n|\n|-start|p2b: Scream Tail|perish3\n|-start|p1a: Tornadus|perish3\n|-start|p1b: Arcanine|perish3\n|-start|p2a: Gothitelle|perish3\n|upkeep\n|turn|2\n|c|\u2606Blackout6868|hey man I threw a lot of games learning this team\n|inactive|05Snicker has 30 seconds left.\n|inactive|Blackout6868 has 30 seconds left.\n|\n|t:|1700344653\n|move|p2b: Scream Tail|Protect|p2b: Scream Tail\n|-singleturn|p2b: Scream Tail|Protect\n|move|p2a: Gothitelle|Fake Out|p1b: Arcanine\n|-resisted|p1b: Arcanine\n|-damage|p1b: Arcanine|96\/100\n|move|p1a: Tornadus|Rain Dance|p1a: Tornadus\n|-weather|RainDance\n|cant|p1b: Arcanine|flinch\n|\n|-weather|RainDance|[upkeep]\n|-start|p2b: Scream Tail|perish2\n|-start|p1a: Tornadus|perish2\n|-start|p1b: Arcanine|perish2\n|-start|p2a: Gothitelle|perish2\n|upkeep\n|turn|3\n|\n|t:|1700344676\n|-end|p2b: Scream Tail|Protosynthesis|[silent]\n|switch|p2b: Iron Hands|Iron Hands, L50|100\/100\n|move|p2a: Gothitelle|Protect|p2a: Gothitelle\n|-singleturn|p2a: Gothitelle|Protect\n|move|p1a: Tornadus|Bleakwind Storm|p2b: Iron Hands|[spread] p2b\n|-activate|p2a: Gothitelle|move: Protect\n|-damage|p2b: Iron Hands|80\/100\n|move|p1b: Arcanine|Rock Slide|p2b: Iron Hands|[spread] p2b\n|-activate|p2a: Gothitelle|move: Protect\n|-resisted|p2b: Iron Hands\n|-damage|p2b: Iron Hands|66\/100\n|\n|-weather|RainDance|[upkeep]\n|-start|p1a: Tornadus|perish1\n|-start|p1b: Arcanine|perish1\n|-start|p2a: Gothitelle|perish1\n|upkeep\n|turn|4\n|inactive|05Snicker has 30 seconds left.\n|inactive|Blackout6868 has 30 seconds left.\n|\n|t:|1700344707\n|move|p2b: Iron Hands|Fake Out|p1b: Arcanine\n|-resisted|p1b: Arcanine\n|-damage|p1b: Arcanine|86\/100\n|move|p1a: Tornadus|Bleakwind Storm|p2b: Iron Hands|[spread] p2a,p2b\n|-damage|p2a: Gothitelle|23\/100\n|-damage|p2b: Iron Hands|48\/100\n|cant|p1b: Arcanine|flinch\n|move|p2a: Gothitelle|Psychic|p1a: Tornadus\n|-damage|p1a: Tornadus|60\/100\n|\n|-weather|RainDance|[upkeep]\n|-start|p1a: Tornadus|perish0\n|-start|p1b: Arcanine|perish0\n|-start|p2a: Gothitelle|perish0\n|upkeep\n|faint|p1a: Tornadus\n|faint|p1b: Arcanine\n|faint|p2a: Gothitelle\n|\n|t:|1700344721\n|switch|p1a: Gholdengo|Gholdengo, L50|100\/100\n|switch|p1b: Urshifu|Urshifu-Rapid-Strike, L50, M|100\/100\n|switch|p2a: Amoonguss|Amoonguss, L50, F|100\/100\n|turn|5\n|\n|t:|1700344742\n|-terastallize|p1a: Gholdengo|Steel\n|move|p2a: Amoonguss|Rage Powder|p2a: Amoonguss\n|-singleturn|p2a: Amoonguss|move: Rage Powder\n|move|p1b: Urshifu|Close Combat|p2a: Amoonguss\n|-resisted|p2a: Amoonguss\n|-damage|p2a: Amoonguss|72\/100\n|-unboost|p1b: Urshifu|def|1\n|-unboost|p1b: Urshifu|spd|1\n|-damage|p1b: Urshifu|84\/100|[from] item: Rocky Helmet|[of] p2a: Amoonguss\n|move|p1a: Gholdengo|Make It Rain|p2b: Iron Hands|[spread] p2a,p2b\n|-resisted|p2b: Iron Hands\n|-damage|p2a: Amoonguss|0 fnt\n|-damage|p2b: Iron Hands|24\/100\n|-unboost|p1a: Gholdengo|spa|1\n|faint|p2a: Amoonguss\n|move|p2b: Iron Hands|Wild Charge|p1b: Urshifu\n|-supereffective|p1b: Urshifu\n|-damage|p1b: Urshifu|0 fnt\n|faint|p1b: Urshifu\n|-damage|p2b: Iron Hands|8\/100|[from] Recoil\n|\n|-weather|RainDance|[upkeep]\n|upkeep\n|\n|t:|1700344761\n|switch|p2a: Scream Tail|Scream Tail, L50|49\/100\n|turn|6\n|\n|t:|1700344770\n|move|p2a: Scream Tail|Disable|p1a: Gholdengo\n|-immune|p1a: Gholdengo|[from] ability: Good as Gold\n|move|p1a: Gholdengo|Make It Rain|p2b: Iron Hands|[spread] p2a,p2b\n|-supereffective|p2a: Scream Tail\n|-resisted|p2b: Iron Hands\n|-damage|p2a: Scream Tail|0 fnt\n|-damage|p2b: Iron Hands|0 fnt\n|-unboost|p1a: Gholdengo|spa|1\n|faint|p2a: Scream Tail\n|-end|p2a: Scream Tail|Protosynthesis|[silent]\n|faint|p2b: Iron Hands\n|-end|p2b: Iron Hands|Quark Drive|[silent]\n|\n|win|05Snicker\n|raw|05Snicker's rating: 1177 &rarr; <strong>1202<\/strong><br \/>(+25 for winning)\n|raw|Blackout6868's rating: 1179 &rarr; <strong>1154<\/strong><br \/>(-25 for losing)\n|c|\u2606Blackout6868|fuck\n|c|\u2606Blackout6868|I frongot\n|c|\u260605Snicker|Why no  protect scream?\n|c|\u2606Blackout6868|I frongot ability\n|c|\u260605Snicker|Wait\n|c|\u260605Snicker|No atk moves still?\n|c|\u260605Snicker|On sream\n|c|\u2606Blackout6868|yeah\n|c|\u260605Snicker|Ah\n|c|\u260605Snicker|Yeah\n","uploadtime":1700344829,"views":28,"p1id":"05snicker","p2id":"blackout6868","formatid":"gen9vgc2023regulatione","rating":1154,"private":0,"password":""}