{"id":"gen9vgc2023regulatione-1994587180","p1":"That_Leek","p2":"Toedscool4school","format":"[Gen 9] VGC 2023 Regulation E","log":"|j|\u2606That_Leek\n|j|\u2606Toedscool4school\n|t:|1700464827\n|gametype|doubles\n|player|p1|That_Leek|blue|1624\n|player|p2|Toedscool4school|170|1638\n|teamsize|p1|6\n|teamsize|p2|6\n|gen|9\n|tier|[Gen 9] VGC 2023 Regulation E\n|rated|\n|rule|Species Clause: Limit one of each Pok\u00e9mon\n|rule|Item Clause: Limit one of each item\n|clearpoke\n|poke|p1|Gholdengo, L50|\n|poke|p1|Ogerpon-Wellspring, L50, F|\n|poke|p1|Arcanine-Hisui, L50, M|\n|poke|p1|Chien-Pao, L50|\n|poke|p1|Scream Tail, L50|\n|poke|p1|Dragonite, L50, M|\n|poke|p2|Dragapult, L50, M|\n|poke|p2|Iron Moth, L50|\n|poke|p2|Vivillon, L50, F|\n|poke|p2|Gyarados, L50, M|\n|poke|p2|Ting-Lu, L50|\n|poke|p2|Ogerpon, L50, F|\n|teampreview|4\n|inactive|Battle timer is ON: inactive players will automatically lose when time's up. (requested by Toedscool4school)\nThat_Leek has agreed to open team sheets.\n|inactive|Toedscool4school has 60 seconds left.\n|inactive|Toedscool4school has 30 seconds left.\n|inactive|Toedscool4school has 20 seconds left.\n|\n|t:|1700464899\n|start\n|switch|p1a: Arcanine|Arcanine-Hisui, L50, M|100\/100\n|switch|p1b: Scream Tail|Scream Tail, L50|100\/100\n|switch|p2a: Dragapult|Dragapult, L50, M|100\/100\n|switch|p2b: Ting-Lu|Ting-Lu, L50|100\/100\n|-ability|p1a: Arcanine|Intimidate|boost\n|-fail|p2a: Dragapult|unboost|[from] ability: Clear Body|[of] p2a: Dragapult\n|-unboost|p2b: Ting-Lu|atk|1\n|-ability|p2b: Ting-Lu|Vessel of Ruin\n|-enditem|p1b: Scream Tail|Booster Energy\n|-activate|p1b: Scream Tail|ability: Protosynthesis|[fromitem]\n|-start|p1b: Scream Tail|protosynthesisspe\n|turn|1\n|\n|t:|1700464923\n|-terastallize|p1a: Arcanine|Fairy\n|move|p1b: Scream Tail|Thunder Wave|p2a: Dragapult\n|-status|p2a: Dragapult|par\n|move|p1a: Arcanine|Tera Blast|p2b: Ting-Lu|[anim] Tera Blast Fairy\n|-supereffective|p2b: Ting-Lu\n|-damage|p2b: Ting-Lu|33\/100\n|move|p2a: Dragapult|Phantom Force||[still]\n|-prepare|p2a: Dragapult|Phantom Force\n|move|p2b: Ting-Lu|Heavy Slam|p1b: Scream Tail\n|-supereffective|p1b: Scream Tail\n|-damage|p1b: Scream Tail|61\/100\n|\n|upkeep\n|turn|2\n|\n|t:|1700464939\n|-terastallize|p2b: Ting-Lu|Poison\n|move|p1b: Scream Tail|Howl|p1b: Scream Tail|[spread] p1a,p1b\n|-boost|p1a: Arcanine|atk|1\n|-boost|p1b: Scream Tail|atk|1\n|move|p1a: Arcanine|Tera Blast|p2b: Ting-Lu|[anim] Tera Blast Fairy\n|-resisted|p2b: Ting-Lu\n|-damage|p2b: Ting-Lu|9\/100\n|cant|p2a: Dragapult|par\n|move|p2b: Ting-Lu|Heavy Slam|p1a: Arcanine\n|-supereffective|p1a: Arcanine\n|-damage|p1a: Arcanine|46\/100\n|\n|upkeep\n|turn|3\n|\n|t:|1700464962\n|switch|p2b: Gyarados|Gyarados, L50, M|100\/100\n|-ability|p2b: Gyarados|Intimidate|boost\n|-unboost|p1a: Arcanine|atk|1\n|-unboost|p1b: Scream Tail|atk|1\n|move|p2a: Dragapult|Protect|p2a: Dragapult\n|-singleturn|p2a: Dragapult|Protect\n|move|p1b: Scream Tail|Disable|p2a: Dragapult\n|-activate|p2a: Dragapult|move: Protect\n|move|p1a: Arcanine|Tera Blast|p2b: Gyarados|[anim] Tera Blast Fairy\n|-damage|p2b: Gyarados|7\/100\n|\n|upkeep\n|turn|4\n|\n|t:|1700464977\n|move|p1b: Scream Tail|Play Rough|p2b: Gyarados|[miss]\n|-miss|p1b: Scream Tail|p2b: Gyarados\n|move|p1a: Arcanine|Tera Blast|p2a: Dragapult|[anim] Tera Blast Fairy\n|-supereffective|p2a: Dragapult\n|-damage|p2a: Dragapult|0 fnt\n|faint|p2a: Dragapult\n|move|p2b: Gyarados|Dragon Dance|p2b: Gyarados\n|-boost|p2b: Gyarados|atk|1\n|-boost|p2b: Gyarados|spe|1\n|\n|upkeep\n|\n|t:|1700464982\n|switch|p2a: Ogerpon|Ogerpon, L50, F|100\/100\n|turn|5\n|\n|t:|1700464990\n|move|p1b: Scream Tail|Play Rough|p2b: Gyarados\n|-damage|p2b: Gyarados|0 fnt\n|faint|p2b: Gyarados\n|move|p2a: Ogerpon|Ivy Cudgel|p1a: Arcanine\n|-damage|p1a: Arcanine|0 fnt\n|faint|p1a: Arcanine\n|\n|upkeep\n|-message|Toedscool4school forfeited.\n|\n|win|That_Leek\n|raw|That_Leek's rating: 1624 &rarr; <strong>1645<\/strong><br \/>(+21 for winning)\n|raw|Toedscool4school's rating: 1638 &rarr; <strong>1617<\/strong><br \/>(-21 for losing)\n|l|\u2606Toedscool4school\n","uploadtime":1700465000,"views":4,"p1id":"thatleek","p2id":"toedscool4school","formatid":"gen9vgc2023regulatione","rating":1617,"private":0,"password":""}