{"id":"gen9vgc2023regulatione-1993067041","p1":"Greed_escarlata","p2":"Its TunaF1sh0","format":"[Gen 9] VGC 2023 Regulation E","log":"|j|\u2606Greed_escarlata\n|j|\u2606Its TunaF1sh0\n|t:|1700261022\n|gametype|doubles\n|player|p1|Greed_escarlata|shadowtriad|1092\n|player|p2|Its TunaF1sh0|102|1058\n|teamsize|p1|6\n|teamsize|p2|6\n|gen|9\n|tier|[Gen 9] VGC 2023 Regulation E\n|rated|\n|rule|Species Clause: Limit one of each Pok\u00e9mon\n|rule|Item Clause: Limit one of each item\n|clearpoke\n|poke|p1|Dudunsparce-*, L50, M|\n|poke|p1|Zoroark-Hisui, L50, F|\n|poke|p1|Rillaboom, L50, M|\n|poke|p1|Milotic, L50, F|\n|poke|p1|Flutter Mane, L50|\n|poke|p1|Urshifu-*, L50, F|\n|poke|p2|Cryogonal, L50|\n|poke|p2|Heatran, L50, M|\n|poke|p2|Flutter Mane, L50|\n|poke|p2|Iron Hands, L50|\n|poke|p2|Krookodile, L50, F|\n|poke|p2|Urshifu-*, L50, F|\n|teampreview|4\n|inactive|Battle timer is ON: inactive players will automatically lose when time's up. (requested by Its TunaF1sh0)\n|inactive|Greed_escarlata has 60 seconds left.\n|\n|t:|1700261063\n|start\n|switch|p1a: Rillaboom|Rillaboom, L50, M|100\/100\n|switch|p1b: Urshifu|Urshifu, L50, F|100\/100\n|switch|p2a: Krookodile|Krookodile, L50, F|100\/100\n|switch|p2b: Cryogonal|Cryogonal, L50|100\/100\n|-fieldstart|move: Grassy Terrain|[from] ability: Grassy Surge|[of] p1a: Rillaboom\n|turn|1\n|\n|t:|1700261084\n|move|p2a: Krookodile|Protect|p2a: Krookodile\n|-singleturn|p2a: Krookodile|Protect\n|move|p1a: Rillaboom|Fake Out|p2a: Krookodile\n|-activate|p2a: Krookodile|move: Protect\n|move|p1b: Urshifu|Close Combat|p2b: Cryogonal\n|-supereffective|p2b: Cryogonal\n|-damage|p2b: Cryogonal|0 fnt\n|-unboost|p1b: Urshifu|def|1\n|-unboost|p1b: Urshifu|spd|1\n|faint|p2b: Cryogonal\n|\n|upkeep\n|\n|t:|1700261095\n|switch|p2b: Urshifu|Urshifu-Rapid-Strike, L50, F|100\/100\n|turn|2\n|\n|t:|1700261103\n|move|p1a: Rillaboom|Grassy Glide|p2b: Urshifu\n|-supereffective|p2b: Urshifu\n|-damage|p2b: Urshifu|31\/100\n|move|p2b: Urshifu|Close Combat|p1b: Urshifu\n|-supereffective|p1b: Urshifu\n|-damage|p1b: Urshifu|0 fnt\n|-unboost|p2b: Urshifu|def|1\n|-unboost|p2b: Urshifu|spd|1\n|faint|p1b: Urshifu\n|move|p2a: Krookodile|Crunch|p1a: Rillaboom\n|-damage|p1a: Rillaboom|63\/100\n|-unboost|p1a: Rillaboom|def|1\n|\n|-heal|p2b: Urshifu|36\/100|[from] Grassy Terrain\n|-heal|p1a: Rillaboom|69\/100|[from] Grassy Terrain\n|upkeep\n|\n|t:|1700261118\n|switch|p1b: Milotic|Milotic, L50, F|100\/100\n|turn|3\n|inactive|Its TunaF1sh0 has 30 seconds left.\n|\n|t:|1700261144\n|switch|p2b: Flutter Mane|Flutter Mane, L50|100\/100\n|move|p1a: Rillaboom|Grassy Glide|p2b: Flutter Mane\n|-crit|p2b: Flutter Mane\n|-damage|p2b: Flutter Mane|0 fnt\n|faint|p2b: Flutter Mane\n|-end|p2b: Flutter Mane|Protosynthesis|[silent]\n|move|p2a: Krookodile|Crunch|p1a: Rillaboom\n|-damage|p1a: Rillaboom|16\/100\n|move|p1b: Milotic|Scald|p2a: Krookodile\n|-supereffective|p2a: Krookodile\n|-damage|p2a: Krookodile|18\/100\n|\n|-heal|p2a: Krookodile|24\/100|[from] Grassy Terrain\n|-heal|p2a: Krookodile|30\/100|[from] item: Leftovers\n|-heal|p1a: Rillaboom|22\/100|[from] Grassy Terrain\n|upkeep\n|\n|t:|1700261156\n|switch|p2b: Urshifu|Urshifu-Rapid-Strike, L50, F|36\/100\n|turn|4\n|inactive|Its TunaF1sh0 has 30 seconds left.\n|\n|t:|1700261187\n|switch|p1a: Dudunsparce|Dudunsparce-Three-Segment, L50, M|100\/100\n|-terastallize|p2a: Krookodile|Water\n|move|p2b: Urshifu|Close Combat|p1b: Milotic\n|-damage|p1b: Milotic|34\/100\n|-unboost|p2b: Urshifu|def|1\n|-unboost|p2b: Urshifu|spd|1\n|-damage|p2b: Urshifu|20\/100|[from] item: Rocky Helmet|[of] p1b: Milotic\n|move|p2a: Krookodile|Crunch|p1a: Dudunsparce\n|-damage|p1a: Dudunsparce|65\/100\n|-unboost|p1a: Dudunsparce|def|1\n|move|p1b: Milotic|Icy Wind|p2a: Krookodile|[spread] p2a,p2b\n|-resisted|p2a: Krookodile\n|-resisted|p2b: Urshifu\n|-damage|p2a: Krookodile|23\/100\n|-damage|p2b: Urshifu|9\/100\n|-unboost|p2a: Krookodile|spe|1\n|-unboost|p2b: Urshifu|spe|1\n|\n|-heal|p2b: Urshifu|15\/100|[from] Grassy Terrain\n|-heal|p1b: Milotic|40\/100|[from] Grassy Terrain\n|-heal|p2a: Krookodile|29\/100|[from] Grassy Terrain\n|-heal|p2a: Krookodile|35\/100|[from] item: Leftovers\n|-heal|p1a: Dudunsparce|72\/100|[from] Grassy Terrain\n|upkeep\n|turn|5\n|inactive|Greed_escarlata has 30 seconds left.\n|inactive|Its TunaF1sh0 has 30 seconds left.\n|inactive|Greed_escarlata has 20 seconds left.\n|inactive|Greed_escarlata has 15 seconds left.\n|inactive|Greed_escarlata has 10 seconds left.\n|\n|t:|1700261235\n|-terastallize|p1a: Dudunsparce|Electric\n|move|p2b: Urshifu|Close Combat|p1a: Dudunsparce\n|-damage|p1a: Dudunsparce|0 fnt\n|-unboost|p2b: Urshifu|def|1\n|-unboost|p2b: Urshifu|spd|1\n|faint|p1a: Dudunsparce\n|move|p1b: Milotic|Rest|p1b: Milotic\n|-status|p1b: Milotic|slp|[from] move: Rest\n|-heal|p1b: Milotic|100\/100 slp|[silent]\n|move|p2a: Krookodile|Crunch|p1b: Milotic\n|-damage|p1b: Milotic|75\/100 slp\n|-damage|p2a: Krookodile|18\/100|[from] item: Rocky Helmet|[of] p1b: Milotic\n|\n|-heal|p2b: Urshifu|20\/100|[from] Grassy Terrain\n|-heal|p1b: Milotic|81\/100 slp|[from] Grassy Terrain\n|-heal|p2a: Krookodile|24\/100|[from] Grassy Terrain\n|-heal|p2a: Krookodile|30\/100|[from] item: Leftovers\n|-fieldend|move: Grassy Terrain\n|upkeep\n|\n|t:|1700261252\n|switch|p1a: Rillaboom|Rillaboom, L50, M|22\/100\n|-fieldstart|move: Grassy Terrain|[from] ability: Grassy Surge|[of] p1a: Rillaboom\n|turn|6\n|\n|t:|1700261264\n|move|p1a: Rillaboom|Grassy Glide|p2b: Urshifu\n|-supereffective|p2b: Urshifu\n|-damage|p2b: Urshifu|0 fnt\n|faint|p2b: Urshifu\n|cant|p1b: Milotic|slp\n|move|p1b: Milotic|Sleep Talk|p1b: Milotic\n|move|p1b: Milotic|Icy Wind|p2a: Krookodile|[from]move: Sleep Talk\n|-resisted|p2a: Krookodile\n|-damage|p2a: Krookodile|22\/100\n|-unboost|p2a: Krookodile|spe|1\n|move|p2a: Krookodile|Crunch|p1a: Rillaboom\n|-damage|p1a: Rillaboom|0 fnt\n|faint|p1a: Rillaboom\n|\n|-heal|p1b: Milotic|88\/100 slp|[from] Grassy Terrain\n|-heal|p2a: Krookodile|28\/100|[from] Grassy Terrain\n|-heal|p2a: Krookodile|33\/100|[from] item: Leftovers\n|upkeep\n|turn|7\n|\n|t:|1700261280\n|cant|p1b: Milotic|slp\n|move|p1b: Milotic|Sleep Talk|p1b: Milotic\n|move|p1b: Milotic|Rest||[from]move: Sleep Talk|[still]\n|-fail|p1b: Milotic\n|move|p2a: Krookodile|Crunch|p1b: Milotic\n|-damage|p1b: Milotic|60\/100 slp\n|-damage|p2a: Krookodile|17\/100|[from] item: Rocky Helmet|[of] p1b: Milotic\n|\n|-heal|p1b: Milotic|66\/100 slp|[from] Grassy Terrain\n|-heal|p2a: Krookodile|23\/100|[from] Grassy Terrain\n|-heal|p2a: Krookodile|29\/100|[from] item: Leftovers\n|upkeep\n|turn|8\n|\n|t:|1700261292\n|-curestatus|p1b: Milotic|slp|[msg]\n|move|p1b: Milotic|Sleep Talk||[still]\n|-fail|p1b: Milotic\n|move|p2a: Krookodile|Crunch|p1b: Milotic\n|-damage|p1b: Milotic|23\/100\n|-damage|p2a: Krookodile|12\/100|[from] item: Rocky Helmet|[of] p1b: Milotic\n|\n|-heal|p1b: Milotic|30\/100|[from] Grassy Terrain\n|-heal|p2a: Krookodile|18\/100|[from] Grassy Terrain\n|-heal|p2a: Krookodile|24\/100|[from] item: Leftovers\n|upkeep\n|turn|9\n|\n|t:|1700261302\n|move|p1b: Milotic|Rest|p1b: Milotic\n|-status|p1b: Milotic|slp|[from] move: Rest\n|-heal|p1b: Milotic|100\/100 slp|[silent]\n|move|p2a: Krookodile|Crunch|p1b: Milotic\n|-damage|p1b: Milotic|75\/100 slp\n|-damage|p2a: Krookodile|8\/100|[from] item: Rocky Helmet|[of] p1b: Milotic\n|\n|-heal|p1b: Milotic|81\/100 slp|[from] Grassy Terrain\n|-heal|p2a: Krookodile|13\/100|[from] Grassy Terrain\n|-heal|p2a: Krookodile|19\/100|[from] item: Leftovers\n|upkeep\n|turn|10\n|\n|t:|1700261315\n|move|p2a: Krookodile|Protect|p2a: Krookodile\n|-singleturn|p2a: Krookodile|Protect\n|cant|p1b: Milotic|slp\n|move|p1b: Milotic|Sleep Talk|p1b: Milotic\n|move|p1b: Milotic|Rest||[from]move: Sleep Talk|[still]\n|-fail|p1b: Milotic\n|\n|-heal|p1b: Milotic|88\/100 slp|[from] Grassy Terrain\n|-heal|p2a: Krookodile|25\/100|[from] Grassy Terrain\n|-heal|p2a: Krookodile|31\/100|[from] item: Leftovers\n|-fieldend|move: Grassy Terrain\n|upkeep\n|turn|11\n|\n|t:|1700261326\n|cant|p1b: Milotic|slp\n|move|p1b: Milotic|Sleep Talk|p1b: Milotic\n|move|p1b: Milotic|Rest||[from]move: Sleep Talk|[still]\n|-fail|p1b: Milotic\n|move|p2a: Krookodile|Earthquake|p1b: Milotic\n|-damage|p1b: Milotic|57\/100 slp\n|\n|-heal|p2a: Krookodile|37\/100|[from] item: Leftovers\n|upkeep\n|turn|12\n|\n|t:|1700261336\n|-curestatus|p1b: Milotic|slp|[msg]\n|move|p1b: Milotic|Scald|p2a: Krookodile\n|-resisted|p2a: Krookodile\n|-damage|p2a: Krookodile|18\/100\n|-status|p2a: Krookodile|brn\n|move|p2a: Krookodile|Earthquake|p1b: Milotic\n|-damage|p1b: Milotic|34\/100\n|\n|-heal|p2a: Krookodile|24\/100 brn|[from] item: Leftovers\n|-damage|p2a: Krookodile|18\/100 brn|[from] brn\n|upkeep\n|turn|13\n|\n|t:|1700261346\n|move|p1b: Milotic|Rest|p1b: Milotic\n|-status|p1b: Milotic|slp|[from] move: Rest\n|-heal|p1b: Milotic|100\/100 slp|[silent]\n|move|p2a: Krookodile|Facade|p1b: Milotic\n|-damage|p1b: Milotic|69\/100 slp\n|-damage|p2a: Krookodile|2\/100 brn|[from] item: Rocky Helmet|[of] p1b: Milotic\n|\n|-heal|p2a: Krookodile|8\/100 brn|[from] item: Leftovers\n|-damage|p2a: Krookodile|2\/100 brn|[from] brn\n|upkeep\n|turn|14\n|\n|t:|1700261356\n|cant|p1b: Milotic|slp\n|move|p1b: Milotic|Sleep Talk|p1b: Milotic\n|move|p1b: Milotic|Rest||[from]move: Sleep Talk|[still]\n|-fail|p1b: Milotic\n|move|p2a: Krookodile|Facade|p1b: Milotic\n|-damage|p1b: Milotic|37\/100 slp\n|-damage|p2a: Krookodile|0 fnt|[from] item: Rocky Helmet|[of] p1b: Milotic\n|faint|p2a: Krookodile\n|\n|win|Greed_escarlata\n|raw|Greed_escarlata's rating: 1092 &rarr; <strong>1116<\/strong><br \/>(+24 for winning)\n|raw|Its TunaF1sh0's rating: 1058 &rarr; <strong>1041<\/strong><br \/>(-17 for losing)\n","uploadtime":1700261367,"views":32,"p1id":"greedescarlata","p2id":"itstunaf1sh0","formatid":"gen9vgc2023regulatione","rating":1041,"private":0,"password":""}