{"id":"gen9vgc2023regulatione-1990394269","p1":"balzzzzz","p2":"Yoshi Mafia","format":"[Gen 9] VGC 2023 Regulation E","log":"|j|\u2606balzzzzz\n|j|\u2606Yoshi Mafia\n|t:|1699966330\n|gametype|doubles\n|player|p1|balzzzzz|2|1314\n|player|p2|Yoshi Mafia|266|1400\n|teamsize|p1|6\n|teamsize|p2|6\n|gen|9\n|tier|[Gen 9] VGC 2023 Regulation E\n|rated|\n|rule|Species Clause: Limit one of each Pok\u00e9mon\n|rule|Item Clause: Limit one of each item\n|clearpoke\n|poke|p1|Dragonite, L50, M|\n|poke|p1|Kingambit, L50, M|\n|poke|p1|Chien-Pao, L50|\n|poke|p1|Basculegion, L50, M|\n|poke|p1|Ogerpon-Hearthflame, L50, F|\n|poke|p1|Weezing, L50, M|\n|poke|p2|Dipplin, L50, M|\n|poke|p2|Goodra-Hisui, L50, F|\n|poke|p2|Farigiraf, L50, F|\n|poke|p2|Heatran, L50, M|\n|poke|p2|Iron Hands, L50|\n|poke|p2|Urshifu-*, L50, F|\n|teampreview|4\n|\n|t:|1699966364\n|start\n|switch|p1a: Dragonite|Dragonite, L50, M, shiny|100\/100\n|switch|p1b: Chien-Pao|Chien-Pao, L50|100\/100\n|switch|p2a: Farigiraf|Farigiraf, L50, F|100\/100\n|switch|p2b: Goodra|Goodra-Hisui, L50, F|100\/100\n|-ability|p1b: Chien-Pao|Sword of Ruin\n|turn|1\n|inactive|Battle timer is ON: inactive players will automatically lose when time's up. (requested by Yoshi Mafia)\n|\n|t:|1699966376\n|move|p1b: Chien-Pao|Sacred Sword|p2b: Goodra\n|-supereffective|p2b: Goodra\n|-damage|p2b: Goodra|29\/100\n|move|p1a: Dragonite|Stomping Tantrum|p2b: Goodra\n|-supereffective|p2b: Goodra\n|-damage|p2b: Goodra|0 fnt\n|faint|p2b: Goodra\n|move|p2a: Farigiraf|Dazzling Gleam|p1b: Chien-Pao|[spread] p1a,p1b\n|-supereffective|p1a: Dragonite\n|-supereffective|p1b: Chien-Pao\n|-damage|p1a: Dragonite|82\/100\n|-damage|p1b: Chien-Pao|47\/100\n|\n|upkeep\n|\n|t:|1699966384\n|switch|p2b: Urshifu|Urshifu-Rapid-Strike, L50, F|100\/100\n|turn|2\n|inactive|balzzzzz has 30 seconds left.\n|\n|t:|1699966415\n|move|p2b: Urshifu|Surging Strikes|p1a: Dragonite\n|-resisted|p1a: Dragonite\n|-crit|p1a: Dragonite\n|-damage|p1a: Dragonite|71\/100\n|-resisted|p1a: Dragonite\n|-crit|p1a: Dragonite\n|-damage|p1a: Dragonite|58\/100\n|-resisted|p1a: Dragonite\n|-crit|p1a: Dragonite\n|-damage|p1a: Dragonite|44\/100\n|-hitcount|p1a: Dragonite|3\n|move|p1b: Chien-Pao|Sacred Sword|p2b: Urshifu\n|-damage|p2b: Urshifu|55\/100\n|move|p1a: Dragonite|Thunder Punch|p2b: Urshifu\n|-supereffective|p2b: Urshifu\n|-damage|p2b: Urshifu|0 fnt\n|faint|p2b: Urshifu\n|move|p2a: Farigiraf|Dazzling Gleam|p1a: Dragonite|[spread] p1a,p1b\n|-supereffective|p1a: Dragonite\n|-supereffective|p1b: Chien-Pao\n|-damage|p1a: Dragonite|25\/100\n|-damage|p1b: Chien-Pao|0 fnt\n|faint|p1b: Chien-Pao\n|\n|upkeep\n|\n|t:|1699966433\n|switch|p1b: Kingambit|Kingambit, L50, M, shiny|100\/100\n|switch|p2b: Iron Hands|Iron Hands, L50|100\/100\n|turn|3\n|\n|t:|1699966454\n|-terastallize|p2a: Farigiraf|Fairy\n|-terastallize|p1b: Kingambit|Fairy\n|move|p1a: Dragonite|Stomping Tantrum|p2b: Iron Hands\n|-supereffective|p2b: Iron Hands\n|-crit|p2b: Iron Hands\n|-damage|p2b: Iron Hands|46\/100\n|move|p2b: Iron Hands|Wild Charge|p1a: Dragonite\n|-damage|p1a: Dragonite|0 fnt\n|faint|p1a: Dragonite\n|-damage|p2b: Iron Hands|41\/100|[from] Recoil\n|move|p1b: Kingambit|Kowtow Cleave|p2a: Farigiraf\n|-resisted|p2a: Farigiraf\n|-damage|p2a: Farigiraf|72\/100\n|-damage|p1b: Kingambit|84\/100|[from] item: Rocky Helmet|[of] p2a: Farigiraf\n|move|p2a: Farigiraf|Trick Room|p2a: Farigiraf\n|-fieldstart|move: Trick Room|[of] p2a: Farigiraf\n|\n|upkeep\n|\n|t:|1699966467\n|switch|p1a: Basculegion|Basculegion, L50, M, shiny|100\/100\n|turn|4\n|\n|t:|1699966481\n|move|p2b: Iron Hands|Wild Charge|p1a: Basculegion\n|-supereffective|p1a: Basculegion\n|-damage|p1a: Basculegion|0 fnt\n|faint|p1a: Basculegion\n|-damage|p2b: Iron Hands|20\/100|[from] Recoil\n|move|p1b: Kingambit|Iron Head|p2a: Farigiraf\n|-supereffective|p2a: Farigiraf\n|-damage|p2a: Farigiraf|0 fnt\n|-damage|p1b: Kingambit|68\/100|[from] item: Rocky Helmet|[of] p2a: Farigiraf\n|faint|p2a: Farigiraf\n|\n|upkeep\n|turn|5\n|\n|t:|1699966488\n|move|p1b: Kingambit|Sucker Punch|p2b: Iron Hands\n|-resisted|p2b: Iron Hands\n|-damage|p2b: Iron Hands|3\/100\n|move|p2b: Iron Hands|Heavy Slam|p1b: Kingambit\n|-supereffective|p1b: Kingambit\n|-damage|p1b: Kingambit|21\/100\n|\n|upkeep\n|turn|6\n|-message|Yoshi Mafia forfeited.\n|\n|win|balzzzzz\n|raw|balzzzzz's rating: 1314 &rarr; <strong>1339<\/strong><br \/>(+25 for winning)\n|raw|Yoshi Mafia's rating: 1400 &rarr; <strong>1375<\/strong><br \/>(-25 for losing)\n|l|\u2606Yoshi Mafia\n","uploadtime":1699966500,"views":12,"p1id":"balzzzzz","p2id":"yoshimafia","formatid":"gen9vgc2023regulatione","rating":1339,"private":0,"password":""}