{"id":"gen9vgc2023regulatione-1991462789","p1":"ThatPikaMain_","p2":"Ampao","format":"[Gen 9] VGC 2023 Regulation E","log":"|j|\u203dThatPikaMain_\n|j|\u2606Ampao\n|t:|1700079245\n|gametype|doubles\n|player|p1|ThatPikaMain_|102|1062\n|player|p2|Ampao|cynthia-gen4|1045\n|teamsize|p1|6\n|teamsize|p2|6\n|gen|9\n|tier|[Gen 9] VGC 2023 Regulation E\n|rated|\n|rule|Species Clause: Limit one of each Pok\u00e9mon\n|rule|Item Clause: Limit one of each item\n|clearpoke\n|poke|p1|Politoed, L50, F|\n|poke|p1|Ogerpon-Wellspring, L50, F|\n|poke|p1|Gothitelle, L50, M|\n|poke|p1|Iron Hands, L50|\n|poke|p1|Coalossal, L50, M|\n|poke|p1|Ting-Lu, L50|\n|poke|p2|Oricorio, L50, M|\n|poke|p2|Volcarona, L50, M|\n|poke|p2|Meowscarada, L50, F|\n|poke|p2|Rillaboom, L50, M|\n|poke|p2|Landorus-Therian, L50, M|\n|poke|p2|Cresselia, L50, F|\n|teampreview|4\n|inactive|Battle timer is ON: inactive players will automatically lose when time's up. (requested by ThatPikaMain_)\n|\n|t:|1700079257\n|start\n|switch|p1a: Politoed|Politoed, L50, F|100\/100\n|switch|p1b: Gothitelle|Gothitelle, L50, M|100\/100\n|switch|p2a: Oricorio|Oricorio, L50, M|100\/100\n|switch|p2b: Volcarona|Volcarona, L50, M|100\/100\n|-weather|RainDance|[from] ability: Drizzle|[of] p1a: Politoed\n|turn|1\n|\n|t:|1700079275\n|move|p1b: Gothitelle|Fake Out|p2b: Volcarona\n|-damage|p2b: Volcarona|95\/100\n|-status|p1b: Gothitelle|brn|[from] ability: Flame Body|[of] p2b: Volcarona\n|move|p2b: Volcarona|Quiver Dance|p2b: Volcarona\n|-boost|p2b: Volcarona|spa|1\n|-boost|p2b: Volcarona|spd|1\n|-boost|p2b: Volcarona|spe|1\n|-activate|p2a: Oricorio|ability: Dancer\n|move|p2a: Oricorio|Quiver Dance|p2a: Oricorio|[from]ability: Dancer\n|-boost|p2a: Oricorio|spa|1\n|-boost|p2a: Oricorio|spd|1\n|-boost|p2a: Oricorio|spe|1\n|move|p2a: Oricorio|Quiver Dance|p2a: Oricorio\n|-boost|p2a: Oricorio|spa|1\n|-boost|p2a: Oricorio|spd|1\n|-boost|p2a: Oricorio|spe|1\n|move|p1a: Politoed|Perish Song|p1a: Politoed\n|-start|p1a: Politoed|perish3|[silent]\n|-start|p1b: Gothitelle|perish3|[silent]\n|-start|p2a: Oricorio|perish3|[silent]\n|-start|p2b: Volcarona|perish3|[silent]\n|-fieldactivate|move: Perish Song\n|\n|-weather|RainDance|[upkeep]\n|-damage|p1b: Gothitelle|94\/100 brn|[from] brn\n|-start|p2a: Oricorio|perish3\n|-start|p2b: Volcarona|perish3\n|-start|p1a: Politoed|perish3\n|-start|p1b: Gothitelle|perish3\n|upkeep\n|turn|2\n|inactive|ThatPikaMain_ has 30 seconds left.\n|inactive|Ampao has 30 seconds left.\n|\n|t:|1700079306\n|switch|p1a: Ogerpon|Ogerpon-Wellspring, L50, F|100\/100\n|move|p1b: Gothitelle|Protect|p1b: Gothitelle\n|-singleturn|p1b: Gothitelle|Protect\n|move|p2a: Oricorio|Hurricane|p1b: Gothitelle\n|-activate|p1b: Gothitelle|move: Protect\n|move|p2b: Volcarona|Giga Drain|p1a: Ogerpon\n|-damage|p1a: Ogerpon|70\/100\n|-heal|p2b: Volcarona|100\/100|[from] drain|[of] p1a: Ogerpon\n|\n|-weather|RainDance|[upkeep]\n|-damage|p1b: Gothitelle|88\/100 brn|[from] brn\n|-start|p2a: Oricorio|perish2\n|-start|p2b: Volcarona|perish2\n|-start|p1b: Gothitelle|perish2\n|upkeep\n|turn|3\n|\n|t:|1700079328\n|-terastallize|p2b: Volcarona|Grass\n|move|p1a: Ogerpon|Follow Me|p1a: Ogerpon\n|-singleturn|p1a: Ogerpon|move: Follow Me\n|move|p2a: Oricorio|Hurricane|p1a: Ogerpon\n|-supereffective|p1a: Ogerpon\n|-damage|p1a: Ogerpon|0 fnt\n|faint|p1a: Ogerpon\n|move|p2b: Volcarona|Fiery Dance|p1b: Gothitelle\n|-crit|p1b: Gothitelle\n|-damage|p1b: Gothitelle|59\/100 brn\n|-boost|p2b: Volcarona|spa|1\n|-activate|p2a: Oricorio|ability: Dancer\n|move|p2a: Oricorio|Fiery Dance|p1b: Gothitelle|[from]ability: Dancer\n|-damage|p1b: Gothitelle|40\/100 brn\n|-boost|p2a: Oricorio|spa|1\n|move|p1b: Gothitelle|Taunt|p2a: Oricorio\n|-start|p2a: Oricorio|move: Taunt\n|\n|-weather|RainDance|[upkeep]\n|-damage|p1b: Gothitelle|34\/100 brn|[from] brn\n|-start|p2a: Oricorio|perish1\n|-start|p2b: Volcarona|perish1\n|-start|p1b: Gothitelle|perish1\n|upkeep\n|inactive|ThatPikaMain_ has 30 seconds left.\n|\n|t:|1700079356\n|switch|p1a: Politoed|Politoed, L50, F|100\/100\n|turn|4\n|\n|t:|1700079366\n|switch|p1b: Iron Hands|Iron Hands, L50|100\/100\n|-enditem|p1b: Iron Hands|Booster Energy\n|-activate|p1b: Iron Hands|ability: Quark Drive|[fromitem]\n|-start|p1b: Iron Hands|quarkdriveatk\n|move|p1a: Politoed|Protect|p1a: Politoed\n|-singleturn|p1a: Politoed|Protect\n|move|p2a: Oricorio|Hurricane|p1b: Iron Hands\n|-damage|p1b: Iron Hands|12\/100\n|move|p2b: Volcarona|Giga Drain|p1a: Politoed\n|-activate|p1a: Politoed|move: Protect\n|\n|-weather|RainDance|[upkeep]\n|-start|p2a: Oricorio|perish0\n|-start|p2b: Volcarona|perish0\n|faint|p2a: Oricorio\n|faint|p2b: Volcarona\n|upkeep\n|\n|t:|1700079382\n|switch|p2b: Rillaboom|Rillaboom, L50, M|100\/100\n|switch|p2a: Meowscarada|Meowscarada, L50, F|100\/100\n|-fieldstart|move: Grassy Terrain|[from] ability: Grassy Surge|[of] p2b: Rillaboom\n|turn|5\n|\n|t:|1700079397\n|move|p2b: Rillaboom|Fake Out|p1b: Iron Hands\n|-damage|p1b: Iron Hands|5\/100\n|move|p2a: Meowscarada|Petal Blizzard|p1a: Politoed|[spread] p2b,p1a,p1b\n|-start|p2a: Meowscarada|typechange|Grass|[from] ability: Protean\n|-resisted|p2b: Rillaboom\n|-supereffective|p1a: Politoed\n|-damage|p2b: Rillaboom|73\/100\n|-damage|p1a: Politoed|0 fnt\n|-damage|p1b: Iron Hands|0 fnt\n|faint|p1a: Politoed\n|faint|p1b: Iron Hands\n|-end|p1b: Iron Hands|Quark Drive|[silent]\n|\n|-weather|none\n|-heal|p2b: Rillaboom|79\/100|[from] Grassy Terrain\n|upkeep\n|-message|ThatPikaMain_ forfeited.\n|\n|win|Ampao\n|raw|ThatPikaMain_'s rating: 1062 &rarr; <strong>1042<\/strong><br \/>(-20 for losing)\n|raw|Ampao's rating: 1045 &rarr; <strong>1080<\/strong><br \/>(+35 for winning)\n|l|\u203dThatPikaMain_\n","uploadtime":1700079416,"views":17,"p1id":"thatpikamain","p2id":"ampao","formatid":"gen9vgc2023regulatione","rating":1042,"private":0,"password":""}