{"id":"gen9vgc2023regulatione-2000677847","p1":"kn17","p2":"Fancy Cucudrula","format":"[Gen 9] VGC 2023 Regulation E","log":"|j|\u2606kn17\n|j|\u2606Fancy Cucudrula\n|n|\u2606kn17|kn17\n|n|\u2606Fancy Cucudrula|fancycucudrula\n|html|View the match progress at <a href=\"\/game-bestof3-gen9vgc2023regulatione-2000677846\">game-bestof3-gen9vgc2023regulatione-2000677846<\/a>\n|t:|1701217750\n|gametype|doubles\n|player|p1|kn17|worker|\n|player|p2|Fancy Cucudrula|valerie|\n|teamsize|p1|6\n|teamsize|p2|6\n|gen|9\n|tier|[Gen 9] VGC 2023 Regulation E\n|rule|Species Clause: Limit one of each Pok\u00e9mon\n|rule|Item Clause: Limit one of each item\n|clearpoke\n|poke|p1|Roaring Moon, L50|\n|poke|p1|Ursaluna, L50, F|\n|poke|p1|Indeedee-F, L50, F|\n|poke|p1|Armarouge, L50, M|\n|poke|p1|Bronzong, L50|\n|poke|p1|Iron Hands, L50|\n|poke|p2|Flutter Mane, L50|\n|poke|p2|Arcanine-Hisui, L50, F|\n|poke|p2|Rillaboom, L50, M|\n|poke|p2|Urshifu-*, L50, F|\n|poke|p2|Tornadus, L50, M|\n|poke|p2|Chien-Pao, L50|\n|teampreview|4\n|inactive|Battle timer is ON: inactive players will automatically lose when time's up. (requested by Fancy Cucudrula)\nFancy Cucudrula has agreed to open team sheets.\nkn17 has agreed to open team sheets.\n|showteam|p1|Roaring Moon||BoosterEnergy|Protosynthesis|Acrobatics,KnockOff,DragonDance,Protect||||||50|,,,,,Flying]Ursaluna||FlameOrb|Guts|Facade,Earthquake,ShadowClaw,Protect|||F|||50|,,,,,Ghost]Indeedee-F||SafetyGoggles|PsychicSurge|DazzlingGleam,TrickRoom,FollowMe,HelpingHand|||F|||50|,,,,,Fairy]Armarouge||LifeOrb|FlashFire|ExpandingForce,HeatWave,TrickRoom,Protect|||M|||50|,,,,,Grass]Bronzong||MentalHerb|Levitate|BodyPress,IronDefense,GyroBall,TrickRoom||||||50|,,,,,Water]Iron Hands||AssaultVest|QuarkDrive|FakeOut,DrainPunch,WildCharge,VoltSwitch||||||50|,,,,,Water\n|showteam|p2|Flutter Mane||BoosterEnergy|Protosynthesis|DazzlingGleam,Moonblast,ShadowBall,Protect||||||50|,,,,,Fairy]Arcanine-Hisui||ChoiceBand|Intimidate|FlareBlitz,RockSlide,ExtremeSpeed,TeraBlast|||F|||50|,,,,,Fairy]Rillaboom||AssaultVest|GrassySurge|GrassyGlide,FakeOut,Uturn,WoodHammer|||M|||50|,,,,,Poison]Urshifu-Rapid-Strike||MysticWater|UnseenFist|SurgingStrikes,AquaJet,CloseCombat,Detect|||F|||50|,,,,,Water]Tornadus||RockyHelmet|Prankster|BleakwindStorm,Tailwind,RainDance,Protect|||M|||50|,,,,,Dragon]Chien-Pao||FocusSash|SwordofRuin|IcicleCrash,SuckerPunch,Haze,Protect||||||50|,,,,,Ghost\n|inactive|kn17 has 30 seconds left.\n|inactive|Fancy Cucudrula has 30 seconds left.\n|inactive|kn17 has 20 seconds left.\n|inactive|Fancy Cucudrula has 20 seconds left.\n|inactive|kn17 has 15 seconds left.\n|inactive|Fancy Cucudrula has 15 seconds left.\n|inactive|kn17 has 10 seconds left.\n|inactive|Fancy Cucudrula has 10 seconds left.\n|\n|t:|1701217805\n|start\n|switch|p1a: Indeedee|Indeedee-F, L50, F|100\/100\n|switch|p1b: Bronzong|Bronzong, L50|100\/100\n|switch|p2a: Raja|Arcanine-Hisui, L50, F|100\/100\n|switch|p2b: Jessica Wild|Chien-Pao, L50|100\/100\n|-ability|p2b: Jessica Wild|Sword of Ruin\n|-ability|p2a: Raja|Intimidate|boost\n|-unboost|p1a: Indeedee|atk|1\n|-unboost|p1b: Bronzong|atk|1\n|-fieldstart|move: Psychic Terrain|[from] ability: Psychic Surge|[of] p1a: Indeedee\n|turn|1\n|inactive|kn17 has 30 seconds left.\n|\n|t:|1701217836\n|switch|p2b: MonetXChange|Rillaboom, L50, M, shiny|100\/100\n|-fieldstart|move: Grassy Terrain|[from] ability: Grassy Surge|[of] p2b: MonetXChange\n|move|p1a: Indeedee|Follow Me|p1a: Indeedee\n|-singleturn|p1a: Indeedee|move: Follow Me\n|move|p2a: Raja|Flare Blitz|p1a: Indeedee\n|-damage|p1a: Indeedee|21\/100\n|-damage|p2a: Raja|75\/100|[from] Recoil\n|move|p1b: Bronzong|Trick Room|p1b: Bronzong\n|-fieldstart|move: Trick Room|[of] p1b: Bronzong\n|\n|-heal|p1a: Indeedee|27\/100|[from] Grassy Terrain\n|-heal|p2a: Raja|81\/100|[from] Grassy Terrain\n|upkeep\n|turn|2\n|inactive|kn17 has 30 seconds left.\n|inactive|Fancy Cucudrula has 30 seconds left.\n|inactive|kn17 has 20 seconds left.\n|inactive|kn17 has 15 seconds left.\n|inactive|kn17 has 10 seconds left.\n|\n|t:|1701217884\n|switch|p1b: Ursaluna|Ursaluna, L50, F, shiny|100\/100\n|switch|p1a: Armarouge|Armarouge, L50, M|100\/100\n|move|p2b: MonetXChange|Fake Out|p1a: Armarouge\n|-damage|p1a: Armarouge|88\/100\n|move|p2a: Raja|Flare Blitz|p1b: Ursaluna\n|-damage|p1b: Ursaluna|30\/100\n|-damage|p2a: Raja|51\/100|[from] Recoil\n|\n|-heal|p1b: Ursaluna|36\/100|[from] Grassy Terrain\n|-heal|p1a: Armarouge|94\/100|[from] Grassy Terrain\n|-heal|p2a: Raja|57\/100|[from] Grassy Terrain\n|-status|p1b: Ursaluna|brn|[from] item: Flame Orb\n|upkeep\n|turn|3\n|\n|t:|1701217909\n|switch|p1a: Indeedee|Indeedee-F, L50, F|27\/100\n|-fieldstart|move: Psychic Terrain|[from] ability: Psychic Surge|[of] p1a: Indeedee\n|switch|p2b: Jessica Wild|Chien-Pao, L50|100\/100\n|-ability|p2b: Jessica Wild|Sword of Ruin\n|move|p1b: Ursaluna|Facade|p2b: Jessica Wild\n|-enditem|p2b: Jessica Wild|Focus Sash\n|-damage|p2b: Jessica Wild|1\/100\n|move|p2a: Raja|Flare Blitz|p1b: Ursaluna\n|-damage|p1b: Ursaluna|0 fnt\n|faint|p1b: Ursaluna\n|-damage|p2a: Raja|42\/100|[from] Recoil\n|\n|upkeep\n|\n|t:|1701217916\n|switch|p1b: Armarouge|Armarouge, L50, M|94\/100\n|turn|4\n|\n|t:|1701217932\n|switch|p2a: MonetXChange|Rillaboom, L50, M, shiny|100\/100\n|-fieldstart|move: Grassy Terrain|[from] ability: Grassy Surge|[of] p2a: MonetXChange\n|move|p2b: Jessica Wild|Sucker Punch|p1b: Armarouge\n|-supereffective|p1b: Armarouge\n|-damage|p1b: Armarouge|11\/100\n|move|p1b: Armarouge|Expanding Force|p2a: MonetXChange\n|-damage|p2a: MonetXChange|61\/100\n|-damage|p1b: Armarouge|1\/100|[from] item: Life Orb\n|move|p1a: Indeedee|Dazzling Gleam|p2a: MonetXChange|[spread] p2a,p2b\n|-supereffective|p2b: Jessica Wild\n|-damage|p2a: MonetXChange|52\/100\n|-damage|p2b: Jessica Wild|0 fnt\n|faint|p2b: Jessica Wild\n|\n|-heal|p1b: Armarouge|7\/100|[from] Grassy Terrain\n|-heal|p1a: Indeedee|33\/100|[from] Grassy Terrain\n|-heal|p2a: MonetXChange|58\/100|[from] Grassy Terrain\n|upkeep\n|\n|t:|1701217947\n|switch|p2b: Astina|Urshifu-Rapid-Strike, L50, F|100\/100\n|turn|5\n|\n|t:|1701217968\n|switch|p1a: Bronzong|Bronzong, L50|100\/100\n|move|p2a: MonetXChange|Grassy Glide|p1a: Bronzong\n|-resisted|p1a: Bronzong\n|-damage|p1a: Bronzong|87\/100\n|move|p2b: Astina|Aqua Jet|p1b: Armarouge\n|-supereffective|p1b: Armarouge\n|-damage|p1b: Armarouge|0 fnt\n|faint|p1b: Armarouge\n|\n|-heal|p2a: MonetXChange|64\/100|[from] Grassy Terrain\n|-fieldend|move: Trick Room\n|upkeep\n|\n|t:|1701217973\n|switch|p1b: Indeedee|Indeedee-F, L50, F|33\/100\n|-fieldstart|move: Psychic Terrain|[from] ability: Psychic Surge|[of] p1b: Indeedee\n|turn|6\n|\n|t:|1701217985\n|move|p2b: Astina|Surging Strikes|p1b: Indeedee\n|-crit|p1b: Indeedee\n|-damage|p1b: Indeedee|10\/100\n|-crit|p1b: Indeedee\n|-damage|p1b: Indeedee|0 fnt\n|faint|p1b: Indeedee\n|-hitcount|p1: Indeedee|2\n|move|p2a: MonetXChange|U-turn|p1a: Bronzong\n|-damage|p1a: Bronzong|69\/100\n|\n|t:|1701217992\n|switch|p2a: Raja|Arcanine-Hisui, L50, F|42\/100|[from] U-turn\n|-ability|p2a: Raja|Intimidate|boost\n|-unboost|p1a: Bronzong|atk|1\n|move|p1a: Bronzong|Iron Defense|p1a: Bronzong\n|-boost|p1a: Bronzong|def|2\n|\n|upkeep\n|turn|7\n|\n|t:|1701218005\n|-terastallize|p1a: Bronzong|Water\n|move|p2b: Astina|Surging Strikes|p1a: Bronzong\n|-resisted|p1a: Bronzong\n|-crit|p1a: Bronzong\n|-damage|p1a: Bronzong|60\/100\n|-resisted|p1a: Bronzong\n|-crit|p1a: Bronzong\n|-damage|p1a: Bronzong|52\/100\n|-resisted|p1a: Bronzong\n|-crit|p1a: Bronzong\n|-damage|p1a: Bronzong|42\/100\n|-hitcount|p1a: Bronzong|3\n|move|p2a: Raja|Flare Blitz|p1a: Bronzong\n|-resisted|p1a: Bronzong\n|-crit|p1a: Bronzong\n|-damage|p1a: Bronzong|0 fnt\n|faint|p1a: Bronzong\n|-damage|p2a: Raja|29\/100|[from] Recoil\n|\n|win|Fancy Cucudrula\n|inactive|kn17 has 50 seconds to confirm battle start!\n|inactive|Fancy Cucudrula has 50 seconds to confirm battle start!\n|c|&|\/uhtml prompt-kn17,kn17 is ready for game 2!\n|c|&|\/uhtml prompt-fancycucudrula,Fancy Cucudrula is ready for game 2!\nBoth players are ready! Starting next match!\n|l|\u2606kn17\n","uploadtime":1701218350,"views":1,"p1id":"kn17","p2id":"fancycucudrula","formatid":"gen9vgc2023regulatione","rating":0,"private":0,"password":""}