{"id":"gen9vgc2023regulatione-1988055351","p1":"0l0f3rn3","p2":"greenlightdmp","format":"[Gen 9] VGC 2023 Regulation E","log":"|j|\u26060l0f3rn3\n|j|\u2606greenlightdmp\n|t:|1699664067\n|gametype|doubles\n|player|p1|0l0f3rn3|266|1411\n|player|p2|greenlightdmp|265|1519\n|teamsize|p1|6\n|teamsize|p2|6\n|gen|9\n|tier|[Gen 9] VGC 2023 Regulation E\n|rated|\n|rule|Species Clause: Limit one of each Pok\u00e9mon\n|rule|Item Clause: Limit one of each item\n|clearpoke\n|poke|p1|Torkoal, L50, M|\n|poke|p1|Flutter Mane, L50|\n|poke|p1|Ursaluna, L50, M|\n|poke|p1|Iron Hands, L50|\n|poke|p1|Brute Bonnet, L50|\n|poke|p1|Farigiraf, L50, M|\n|poke|p2|Landorus-Therian, L50, M|\n|poke|p2|Iron Bundle, L50|\n|poke|p2|Heatran, L50, M|\n|poke|p2|Amoonguss, L50, M|\n|poke|p2|Urshifu-*, L50, F|\n|poke|p2|Iron Hands, L50|\n|teampreview|4\n|inactive|Battle timer is ON: inactive players will automatically lose when time's up. (requested by greenlightdmp)\n|inactive|greenlightdmp has 60 seconds left.\n|\n|t:|1699664122\n|start\n|switch|p1a: Brute Bonnet|Brute Bonnet, L50|100\/100\n|switch|p1b: Farigiraf|Farigiraf, L50, M|100\/100\n|switch|p2a: Amoonguss|Amoonguss, L50, M|100\/100\n|switch|p2b: Landorus|Landorus-Therian, L50, M|100\/100\n|-ability|p2b: Landorus|Intimidate|boost\n|-unboost|p1a: Brute Bonnet|atk|1\n|-unboost|p1b: Farigiraf|atk|1\n|turn|1\n|inactive|0l0f3rn3 has 30 seconds left.\n|inactive|greenlightdmp has 30 seconds left.\n|inactive|0l0f3rn3 has 20 seconds left.\n|inactive|greenlightdmp has 20 seconds left.\n|inactive|0l0f3rn3 has 15 seconds left.\n|inactive|0l0f3rn3 has 10 seconds left.\n|\n|t:|1699664168\n|-end|p1a: Brute Bonnet|Protosynthesis|[silent]\n|switch|p1a: Ursaluna|Ursaluna, L50, M|100\/100\n|-terastallize|p2b: Landorus|Flying\n|-terastallize|p1b: Farigiraf|Grass\n|move|p2b: Landorus|Tera Blast|p1a: Ursaluna|[anim] Tera Blast Flying\n|-crit|p1a: Ursaluna\n|-damage|p1a: Ursaluna|22\/100\n|move|p2a: Amoonguss|Spore|p1b: Farigiraf\n|-immune|p1b: Farigiraf\n|move|p1b: Farigiraf|Trick Room|p1b: Farigiraf\n|-fieldstart|move: Trick Room|[of] p1b: Farigiraf\n|\n|-status|p1a: Ursaluna|brn|[from] item: Flame Orb\n|upkeep\n|turn|2\n|inactive|0l0f3rn3 has 30 seconds left.\n|inactive|greenlightdmp has 30 seconds left.\n|\n|t:|1699664197\n|move|p1a: Ursaluna|Facade|p2b: Landorus\n|-damage|p2b: Landorus|0 fnt\n|faint|p2b: Landorus\n|move|p2a: Amoonguss|Clear Smog|p1a: Ursaluna\n|-resisted|p1a: Ursaluna\n|-damage|p1a: Ursaluna|16\/100 brn\n|-clearboost|p1a: Ursaluna\n|move|p1b: Farigiraf|Psychic|p2a: Amoonguss\n|-supereffective|p2a: Amoonguss\n|-damage|p2a: Amoonguss|43\/100\n|\n|-damage|p1a: Ursaluna|10\/100 brn|[from] brn\n|upkeep\n|\n|t:|1699664214\n|switch|p2b: Heatran|Heatran, L50, M, shiny|100\/100\n|turn|3\n|\n|t:|1699664231\n|move|p2a: Amoonguss|Rage Powder|p2a: Amoonguss\n|-singleturn|p2a: Amoonguss|move: Rage Powder\n|move|p1a: Ursaluna|Headlong Rush|p2a: Amoonguss\n|-damage|p2a: Amoonguss|0 fnt\n|-unboost|p1a: Ursaluna|def|1\n|-unboost|p1a: Ursaluna|spd|1\n|-damage|p1a: Ursaluna|0 fnt|[from] item: Rocky Helmet|[of] p2a: Amoonguss\n|faint|p2a: Amoonguss\n|faint|p1a: Ursaluna\n|move|p1b: Farigiraf|Psychic|p2b: Heatran\n|-resisted|p2b: Heatran\n|-damage|p2b: Heatran|85\/100\n|-unboost|p2b: Heatran|spd|1\n|move|p2b: Heatran|Heat Wave|p1b: Farigiraf\n|-supereffective|p1b: Farigiraf\n|-damage|p1b: Farigiraf|7\/100\n|\n|upkeep\n|\n|t:|1699664247\n|switch|p1a: Brute Bonnet|Brute Bonnet, L50|100\/100\n|switch|p2a: Urshifu|Urshifu, L50, F|100\/100\n|turn|4\n|inactive|greenlightdmp has 30 seconds left.\n|inactive|greenlightdmp has 20 seconds left.\n|\n|t:|1699664286\n|move|p2b: Heatran|Protect|p2b: Heatran\n|-singleturn|p2b: Heatran|Protect\n|move|p1a: Brute Bonnet|Spore|p2b: Heatran\n|-activate|p2b: Heatran|move: Protect\n|move|p1b: Farigiraf|Dazzling Gleam|p2b: Heatran|[spread] p2a\n|-activate|p2b: Heatran|move: Protect\n|-supereffective|p2a: Urshifu\n|-damage|p2a: Urshifu|24\/100\n|move|p2a: Urshifu|Close Combat|p1a: Brute Bonnet\n|-supereffective|p1a: Brute Bonnet\n|-damage|p1a: Brute Bonnet|0 fnt\n|-unboost|p2a: Urshifu|def|1\n|-unboost|p2a: Urshifu|spd|1\n|faint|p1a: Brute Bonnet\n|-end|p1a: Brute Bonnet|Protosynthesis|[silent]\n|\n|upkeep\n|\n|t:|1699664300\n|switch|p1a: Torkoal|Torkoal, L50, M|100\/100\n|-weather|SunnyDay|[from] ability: Drought|[of] p1a: Torkoal\n|turn|5\n|\n|t:|1699664322\n|move|p2a: Urshifu|Detect|p2a: Urshifu\n|-singleturn|p2a: Urshifu|Protect\n|move|p1a: Torkoal|Body Press|p2b: Heatran\n|-supereffective|p2b: Heatran\n|-damage|p2b: Heatran|30\/100\n|move|p1b: Farigiraf|Dazzling Gleam|p2a: Urshifu|[spread] p2b\n|-activate|p2a: Urshifu|move: Protect\n|-resisted|p2b: Heatran\n|-damage|p2b: Heatran|25\/100\n|move|p2b: Heatran|Earth Power|p1a: Torkoal\n|-supereffective|p1a: Torkoal\n|-damage|p1a: Torkoal|33\/100\n|\n|-weather|SunnyDay|[upkeep]\n|-fieldend|move: Trick Room\n|upkeep\n|turn|6\n|\n|t:|1699664345\n|move|p2a: Urshifu|Wicked Blow|p1b: Farigiraf\n|-crit|p1b: Farigiraf\n|-damage|p1b: Farigiraf|0 fnt\n|faint|p1b: Farigiraf\n|move|p2b: Heatran|Earth Power|p1a: Torkoal\n|-supereffective|p1a: Torkoal\n|-damage|p1a: Torkoal|0 fnt\n|faint|p1a: Torkoal\n|\n|win|greenlightdmp\n|raw|0l0f3rn3's rating: 1411 &rarr; <strong>1397<\/strong><br \/>(-14 for losing)\n|raw|greenlightdmp's rating: 1519 &rarr; <strong>1533<\/strong><br \/>(+14 for winning)\n|l|\u26060l0f3rn3\n","uploadtime":1699664369,"views":21,"p1id":"0l0f3rn3","p2id":"greenlightdmp","formatid":"gen9vgc2023regulatione","rating":1397,"private":0,"password":""}