{"id":"gen9vgc2023regulatione-1994116271","p1":"mrmissouri25","p2":"Zulle51","format":"[Gen 9] VGC 2023 Regulation E","log":"|j|\u2606mrmissouri25\n|j|\u2606Zulle51\n|t:|1700408790\n|gametype|doubles\n|player|p1|mrmissouri25|2|1126\n|player|p2|Zulle51|1|1130\n|teamsize|p1|6\n|teamsize|p2|6\n|gen|9\n|tier|[Gen 9] VGC 2023 Regulation E\n|rated|\n|rule|Species Clause: Limit one of each Pok\u00e9mon\n|rule|Item Clause: Limit one of each item\n|clearpoke\n|poke|p1|Slowking, L50, F|\n|poke|p1|Mudsdale, L50, M|\n|poke|p1|Roaring Moon, L50|\n|poke|p1|Iron Hands, L50|\n|poke|p1|Ninetales-Alola, L50, F|\n|poke|p1|Ogerpon-Hearthflame, L50, F|\n|poke|p2|Stantler, L50, M|\n|poke|p2|Gastrodon, L50, F|\n|poke|p2|Dragapult, L50, M|\n|poke|p2|Enamorus-Therian, L50, F|\n|poke|p2|Heatran, L50, M|\n|poke|p2|Chien-Pao, L50|\n|teampreview|4\n|inactive|Battle timer is ON: inactive players will automatically lose when time's up. (requested by mrmissouri25)\n|inactive|mrmissouri25 has 60 seconds left.\n|\n|t:|1700408838\n|start\n|switch|p1a: Slowking|Slowking, L50, F|100\/100\n|switch|p1b: Ninetales|Ninetales-Alola, L50, F|100\/100\n|switch|p2a: Stantler|Stantler, L50, M, shiny|100\/100\n|switch|p2b: Gastrodon|Gastrodon, L50, F|100\/100\n|-weather|Snow|[from] ability: Snow Warning|[of] p1b: Ninetales\n|turn|1\n|inactive|Zulle51 has 30 seconds left.\n|\n|t:|1700408867\n|switch|p1a: Ogerpon|Ogerpon-Hearthflame, L50, F|100\/100\n|-ability|p1a: Ogerpon|Mold Breaker\n|move|p1b: Ninetales|Aurora Veil|p1b: Ninetales\n|-sidestart|p1: mrmissouri25|move: Aurora Veil\n|move|p2b: Gastrodon|Muddy Water|p1a: Ogerpon|[spread] p1b\n|-miss|p2b: Gastrodon|p1a: Ogerpon\n|-damage|p1b: Ninetales|79\/100\n|move|p2a: Stantler|Trick Room|p2a: Stantler\n|-fieldstart|move: Trick Room|[of] p2a: Stantler\n|\n|-weather|Snow|[upkeep]\n|upkeep\n|turn|2\n|inactive|mrmissouri25 has 30 seconds left.\n|\n|t:|1700408901\n|switch|p1a: Mudsdale|Mudsdale, L50, M|100\/100\n|move|p2b: Gastrodon|Muddy Water|p1a: Mudsdale|[spread] p1a,p1b\n|-supereffective|p1a: Mudsdale\n|-damage|p1a: Mudsdale|66\/100\n|-damage|p1b: Ninetales|59\/100\n|-unboost|p1a: Mudsdale|accuracy|1\n|move|p2a: Stantler|Skill Swap|p2b: Gastrodon\n|-activate|p2a: Stantler|move: Skill Swap|||[of] p2b: Gastrodon\n|move|p1b: Ninetales|Freeze-Dry|p2b: Gastrodon\n|-supereffective|p2b: Gastrodon\n|-damage|p2b: Gastrodon|11\/100\n|\n|-weather|Snow|[upkeep]\n|-heal|p2b: Gastrodon|17\/100|[from] item: Leftovers\n|upkeep\n|turn|3\n|inactive|mrmissouri25 has 30 seconds left.\n|inactive|Zulle51 has 30 seconds left.\n|inactive|mrmissouri25 has 20 seconds left.\n|\n|t:|1700408937\n|switch|p1a: Slowking|Slowking, L50, F|100\/100\n|move|p2b: Gastrodon|Muddy Water|p1a: Slowking|[spread] p1a,p1b\n|-resisted|p1a: Slowking\n|-damage|p1a: Slowking|93\/100\n|-damage|p1b: Ninetales|37\/100\n|-unboost|p1b: Ninetales|accuracy|1\n|move|p2a: Stantler|Skill Swap|p1a: Slowking\n|-activate|p2a: Stantler|move: Skill Swap|Regenerator|Storm Drain|[of] p1a: Slowking\n|move|p1b: Ninetales|Freeze-Dry|p2b: Gastrodon\n|-supereffective|p2b: Gastrodon\n|-damage|p2b: Gastrodon|0 fnt\n|faint|p2b: Gastrodon\n|\n|-weather|Snow|[upkeep]\n|upkeep\n|\n|t:|1700408957\n|switch|p2b: Enamorus|Enamorus-Therian, L50, F|100\/100\n|turn|4\n|\n|t:|1700408980\n|-terastallize|p2b: Enamorus|Fairy\n|move|p1a: Slowking|Scald|p2b: Enamorus\n|-damage|p2b: Enamorus|72\/100\n|-status|p2b: Enamorus|brn\n|move|p2b: Enamorus|Dazzling Gleam|p1a: Slowking|[spread] p1a,p1b\n|-damage|p1a: Slowking|56\/100\n|-damage|p1b: Ninetales|0 fnt\n|faint|p1b: Ninetales\n|move|p2a: Stantler|Body Slam|p1a: Slowking\n|-damage|p1a: Slowking|38\/100\n|\n|-weather|Snow|[upkeep]\n|-damage|p2b: Enamorus|66\/100 brn|[from] brn\n|upkeep\n|\n|t:|1700408995\n|switch|p1b: Mudsdale|Mudsdale, L50, M|66\/100\n|turn|5\n|\n|t:|1700409006\n|move|p1a: Slowking|Swagger|p1b: Mudsdale|[miss]\n|-miss|p1a: Slowking|p1b: Mudsdale\n|move|p1b: Mudsdale|Heavy Slam|p2b: Enamorus\n|-supereffective|p2b: Enamorus\n|-damage|p2b: Enamorus|0 fnt\n|faint|p2b: Enamorus\n|move|p2a: Stantler|Skill Swap|p1b: Mudsdale\n|-activate|p2a: Stantler|move: Skill Swap|Own Tempo|Regenerator|[of] p1b: Mudsdale\n|\n|-weather|none\n|-fieldend|move: Trick Room\n|upkeep\n|\n|t:|1700409018\n|switch|p2b: Chien-Pao|Chien-Pao, L50|100\/100\n|-ability|p2b: Chien-Pao|Sword of Ruin\n|turn|6\n|\n|t:|1700409033\n|switch|p1b: Ogerpon|Ogerpon-Hearthflame, L50, F|100\/100\n|-ability|p1b: Ogerpon|Mold Breaker\n|move|p2b: Chien-Pao|Ice Spinner|p1b: Ogerpon\n|-damage|p1b: Ogerpon|46\/100\n|move|p2a: Stantler|Body Slam|p1a: Slowking\n|-damage|p1a: Slowking|15\/100\n|move|p1a: Slowking|Scald|p2b: Chien-Pao\n|-damage|p2b: Chien-Pao|56\/100\n|\n|upkeep\n|turn|7\n|inactive|mrmissouri25 has 30 seconds left.\n|\n|t:|1700409059\n|switch|p1a: Mudsdale|Mudsdale, L50, M|99\/100\n|-terastallize|p1b: Ogerpon|Fire\n|detailschange|p1b: Ogerpon|Ogerpon-Hearthflame-Tera, L50, F, tera:Fire\n|-ability|p1b: Ogerpon|Embody Aspect (Hearthflame)|boost\n|-boost|p1b: Ogerpon|atk|1\n|move|p2b: Chien-Pao|Ice Spinner|p1b: Ogerpon\n|-resisted|p1b: Ogerpon\n|-damage|p1b: Ogerpon|22\/100\n|move|p1b: Ogerpon|Ivy Cudgel|p2b: Chien-Pao|[anim] Ivy Cudgel Fire\n|-supereffective|p2b: Chien-Pao\n|-damage|p2b: Chien-Pao|0 fnt\n|faint|p2b: Chien-Pao\n|move|p2a: Stantler|Body Slam|p1a: Mudsdale\n|-damage|p1a: Mudsdale|81\/100\n|\n|upkeep\n|turn|8\n|-message|Zulle51 forfeited.\n|\n|win|mrmissouri25\n|raw|mrmissouri25's rating: 1126 &rarr; <strong>1151<\/strong><br \/>(+25 for winning)\n|raw|Zulle51's rating: 1130 &rarr; <strong>1105<\/strong><br \/>(-25 for losing)\n","uploadtime":1700409099,"views":7,"p1id":"mrmissouri25","p2id":"zulle51","formatid":"gen9vgc2023regulatione","rating":1105,"private":0,"password":""}