{"id":"gen9vgc2023regulatione-1989411296","p1":"shikico2","p2":"J0hn St0ne","format":"[Gen 9] VGC 2023 Regulation E","log":"|j|\u2606shikico2\n|j|\u2606J0hn St0ne\n|t:|1699846790\n|gametype|doubles\n|player|p1|shikico2|scientistf|1369\n|player|p2|J0hn St0ne|steven|1364\n|teamsize|p1|6\n|teamsize|p2|6\n|gen|9\n|tier|[Gen 9] VGC 2023 Regulation E\n|rated|\n|rule|Species Clause: Limit one of each Pok\u00e9mon\n|rule|Item Clause: Limit one of each item\n|clearpoke\n|poke|p1|Drifblim, L50, F|\n|poke|p1|Rillaboom, L50, F|\n|poke|p1|Chien-Pao, L50|\n|poke|p1|Chandelure, L50, F|\n|poke|p1|Empoleon, L50, M|\n|poke|p1|Urshifu-*, L50, F|\n|poke|p2|Iron Hands, L50|\n|poke|p2|Grimmsnarl, L50, M|\n|poke|p2|Annihilape, L50, M|\n|poke|p2|Tornadus, L50, M|\n|poke|p2|Chien-Pao, L50|\n|poke|p2|Arcanine-Hisui, L50, F|\n|teampreview|4\n|inactive|Battle timer is ON: inactive players will automatically lose when time's up. (requested by shikico2)\n|inactive|shikico2 has 60 seconds left.\n|inactive|shikico2 has 30 seconds left.\n|inactive|shikico2 has 20 seconds left.\n|inactive|shikico2 has 15 seconds left.\n|inactive|shikico2 has 10 seconds left.\n|\n|t:|1699846873\n|start\n|switch|p1a: Chien-Pao|Chien-Pao, L50|100\/100\n|switch|p1b: Rillaboom|Rillaboom, L50, F|100\/100\n|switch|p2a: Iron Hands|Iron Hands, L50|100\/100\n|switch|p2b: Chien-Pao|Chien-Pao, L50|100\/100\n|-ability|p1a: Chien-Pao|Sword of Ruin\n|-ability|p2b: Chien-Pao|Sword of Ruin\n|-fieldstart|move: Grassy Terrain|[from] ability: Grassy Surge|[of] p1b: Rillaboom\n|turn|1\n|\n|t:|1699846889\n|switch|p2b: Annihilape|Annihilape, L50, M|100\/100\n|move|p1a: Chien-Pao|Protect|p1a: Chien-Pao\n|-singleturn|p1a: Chien-Pao|Protect\n|move|p2a: Iron Hands|Fake Out|p1b: Rillaboom\n|-damage|p1b: Rillaboom|78\/100\n|cant|p1b: Rillaboom|flinch\n|\n|-heal|p1b: Rillaboom|84\/100|[from] Grassy Terrain\n|upkeep\n|turn|2\n|\n|t:|1699846913\n|move|p1a: Chien-Pao|Icicle Crash|p2b: Annihilape\n|-damage|p2b: Annihilape|44\/100\n|move|p1b: Rillaboom|Wood Hammer|p2b: Annihilape\n|-crit|p2b: Annihilape\n|-damage|p2b: Annihilape|0 fnt\n|faint|p2b: Annihilape\n|-damage|p1b: Rillaboom|68\/100|[from] Recoil\n|move|p2a: Iron Hands|Ice Punch|p1b: Rillaboom\n|-supereffective|p1b: Rillaboom\n|-damage|p1b: Rillaboom|0 fnt\n|faint|p1b: Rillaboom\n|\n|upkeep\n|j| PcistaMasterRace\n|\n|t:|1699846925\n|switch|p1b: Empoleon|Empoleon, L50, M|100\/100\n|switch|p2b: Grimmsnarl|Grimmsnarl, L50, M|100\/100\n|turn|3\n|\n|t:|1699846937\n|move|p2b: Grimmsnarl|Light Screen|p2b: Grimmsnarl\n|-sidestart|p2: J0hn St0ne|move: Light Screen\n|move|p1a: Chien-Pao|Icicle Crash|p2a: Iron Hands\n|-damage|p2a: Iron Hands|64\/100\n|move|p1b: Empoleon|Flash Cannon|p2b: Grimmsnarl\n|-supereffective|p2b: Grimmsnarl\n|-damage|p2b: Grimmsnarl|47\/100\n|move|p2a: Iron Hands|Drain Punch|p1a: Chien-Pao\n|-supereffective|p1a: Chien-Pao\n|-enditem|p1a: Chien-Pao|Focus Sash\n|-damage|p1a: Chien-Pao|1\/100\n|-heal|p2a: Iron Hands|94\/100|[from] drain|[of] p1a: Chien-Pao\n|\n|-heal|p1a: Chien-Pao|7\/100|[from] Grassy Terrain\n|-heal|p2b: Grimmsnarl|53\/100|[from] Grassy Terrain\n|-heal|p2a: Iron Hands|99\/100|[from] Grassy Terrain\n|upkeep\n|turn|4\n|\n|t:|1699846959\n|switch|p1b: Chandelure|Chandelure, L50, F|100\/100\n|move|p1a: Chien-Pao|Icicle Crash|p2b: Grimmsnarl\n|-damage|p2b: Grimmsnarl|8\/100\n|cant|p2b: Grimmsnarl|flinch\n|move|p2a: Iron Hands|Drain Punch|p1b: Chandelure\n|-immune|p1b: Chandelure\n|\n|-heal|p1a: Chien-Pao|13\/100|[from] Grassy Terrain\n|-heal|p2b: Grimmsnarl|14\/100|[from] Grassy Terrain\n|-heal|p2a: Iron Hands|100\/100|[from] Grassy Terrain\n|upkeep\n|turn|5\n|\n|t:|1699846982\n|-terastallize|p1a: Chien-Pao|Ghost\n|move|p2b: Grimmsnarl|Reflect|p2b: Grimmsnarl\n|-sidestart|p2: J0hn St0ne|Reflect\n|move|p1a: Chien-Pao|Icicle Crash|p2a: Iron Hands\n|-damage|p2a: Iron Hands|76\/100\n|move|p1b: Chandelure|Heat Wave|p2a: Iron Hands|[spread] p2b\n|-miss|p1b: Chandelure|p2a: Iron Hands\n|-damage|p2b: Grimmsnarl|0 fnt\n|faint|p2b: Grimmsnarl\n|-damage|p1b: Chandelure|91\/100|[from] item: Life Orb\n|move|p2a: Iron Hands|Drain Punch|p1a: Chien-Pao\n|-immune|p1a: Chien-Pao\n|\n|-heal|p1a: Chien-Pao|19\/100|[from] Grassy Terrain\n|-heal|p1b: Chandelure|97\/100|[from] Grassy Terrain\n|-heal|p2a: Iron Hands|82\/100|[from] Grassy Terrain\n|-fieldend|move: Grassy Terrain\n|upkeep\n|\n|t:|1699846984\n|switch|p2b: Chien-Pao|Chien-Pao, L50|100\/100\n|-ability|p2b: Chien-Pao|Sword of Ruin\n|turn|6\n|inactive|shikico2 has 30 seconds left.\n|\n|t:|1699847012\n|move|p1a: Chien-Pao|Protect|p1a: Chien-Pao\n|-singleturn|p1a: Chien-Pao|Protect\n|move|p2b: Chien-Pao|Lash Out|p1b: Chandelure\n|-supereffective|p1b: Chandelure\n|-damage|p1b: Chandelure|0 fnt\n|faint|p1b: Chandelure\n|-damage|p2b: Chien-Pao|91\/100|[from] item: Life Orb\n|move|p2a: Iron Hands|Wild Charge|p1a: Chien-Pao\n|-activate|p1a: Chien-Pao|move: Protect\n|\n|upkeep\n|-message|shikico2 forfeited.\n|\n|win|J0hn St0ne\n|raw|shikico2's rating: 1369 &rarr; <strong>1349<\/strong><br \/>(-20 for losing)\n|raw|J0hn St0ne's rating: 1364 &rarr; <strong>1384<\/strong><br \/>(+20 for winning)\n|l|\u2606shikico2\n|l|\u2606J0hn St0ne\n","uploadtime":1699847145,"views":15,"p1id":"shikico2","p2id":"j0hnst0ne","formatid":"gen9vgc2023regulatione","rating":1349,"private":0,"password":""}