{"id":"gen9vgc2023regulatione-1995545186","p1":"PensiDiFarRidere?","p2":"Husky12_d","format":"[Gen 9] VGC 2023 Regulation E","log":"|j|\u2606PensiDiFarRidere?\n|j|\u2606Husky12_d\n|n|\u2606PensiDiFarRidere?|pensidifarridere\n|n|\u2606Husky12_d|husky12d\n|html|View the match progress at <a href=\"\/game-bestof3-gen9vgc2023regulatione-1995541919\">game-bestof3-gen9vgc2023regulatione-1995541919<\/a>\n|t:|1700581590\n|gametype|doubles\n|player|p1|PensiDiFarRidere?|steven|\n|player|p2|Husky12_d|blue|\n|teamsize|p1|6\n|teamsize|p2|6\n|gen|9\n|tier|[Gen 9] VGC 2023 Regulation E\n|rule|Species Clause: Limit one of each Pok\u00e9mon\n|rule|Item Clause: Limit one of each item\n|clearpoke\n|poke|p1|Urshifu-*, L50, M|\n|poke|p1|Iron Hands, L50|\n|poke|p1|Rillaboom, L50, M|\n|poke|p1|Heatran, L50, F|\n|poke|p1|Iron Bundle, L50|\n|poke|p1|Flutter Mane, L50|\n|poke|p2|Iron Bundle, L50|\n|poke|p2|Urshifu-*, L50, F|\n|poke|p2|Sneasler, L50, F|\n|poke|p2|Ogerpon-Hearthflame, L50, F|\n|poke|p2|Tornadus, L50, M|\n|poke|p2|Rillaboom, L50, F|\n|teampreview|4\nPensiDiFarRidere? has agreed to open team sheets.\nHusky12_d has agreed to open team sheets.\n|showteam|p1|Urshifu||FocusSash|UnseenFist|Detect,WickedBlow,CloseCombat,SuckerPunch|||M|||50|,,,,,Dark]Iron Hands||AssaultVest|QuarkDrive|FakeOut,WildCharge,DrainPunch,HeavySlam||||||50|,,,,,Poison]Rillaboom||MiracleSeed|GrassySurge|FakeOut,GrassyGlide,WoodHammer,HighHorsepower|||M|||50|,,,,,Fire]Heatran||SafetyGoggles|FlashFire|HeatWave,EarthPower,FlashCannon,Protect|||F|||50|,,,,,Bug]Iron Bundle||BoosterEnergy|QuarkDrive|FreezeDry,IcyWind,HydroPump,Protect||||||50|,,,,,Ghost]Flutter Mane||ChoiceSpecs|Protosynthesis|DazzlingGleam,IcyWind,ShadowBall,Moonblast||||||50|,,,,,Fairy\n|showteam|p2|Iron Bundle||BoosterEnergy|QuarkDrive|IcyWind,HydroPump,FreezeDry,Protect||||||50|,,,,,Ghost]Urshifu||ChoiceBand|UnseenFist|SuckerPunch,WickedBlow,CloseCombat,PoisonJab|||F|||50|,,,,,Dark]Sneasler||GrassySeed|Unburden|CloseCombat,Protect,Acrobatics,SwordsDance|||F|||50|,,,,,Flying]Ogerpon-Hearthflame||HearthflameMask|MoldBreaker|StompingTantrum,IvyCudgel,SpikyShield,GrassyGlide|||F|||50|,,,,,Fire]Tornadus||RockyHelmet|Prankster|Protect,BleakwindStorm,Tailwind,SunnyDay|||M|||50|,,,,,Steel]Rillaboom||MiracleSeed|GrassySurge|FakeOut,WoodHammer,GrassyGlide,Taunt|||F|||50|,,,,,Grass\n|inactive|Battle timer is ON: inactive players will automatically lose when time's up. (requested by PensiDiFarRidere?)\n|inactive|Husky12_d has 60 seconds left.\n|inactive|Husky12_d has 30 seconds left.\n|inactive|Husky12_d has 20 seconds left.\n|inactive|Husky12_d has 15 seconds left.\n|\n|t:|1700581678\n|start\n|switch|p1a: Rillaboom|Rillaboom, L50, M|100\/100\n|switch|p1b: Heatran|Heatran, L50, F|100\/100\n|switch|p2a: Signora Silvani|Sneasler, L50, F|100\/100\n|switch|p2b: Mariangela|Rillaboom, L50, F|100\/100\n|-fieldstart|move: Grassy Terrain|[from] ability: Grassy Surge|[of] p2b: Mariangela\n|-enditem|p2a: Signora Silvani|Grassy Seed\n|-boost|p2a: Signora Silvani|def|1|[from] item: Grassy Seed\n|turn|1\n|inactive|Husky12_d has 30 seconds left.\n|inactive|Husky12_d has 20 seconds left.\n|inactive|Husky12_d has 15 seconds left.\n|inactive|Husky12_d has 10 seconds left.\n|\n|t:|1700581726\n|switch|p2b: Mega Direttore|Tornadus, L50, M|100\/100\n|switch|p1a: Iron Hands|Iron Hands, L50|100\/100\n|move|p2a: Signora Silvani|Protect|p2a: Signora Silvani\n|-singleturn|p2a: Signora Silvani|Protect\n|move|p1b: Heatran|Protect||[still]\n|-fail|p1b: Heatran\n|\n|upkeep\n|turn|2\n|inactive|Husky12_d has 30 seconds left.\n|inactive|Husky12_d has 20 seconds left.\n|\n|t:|1700581761\n|move|p1a: Iron Hands|Fake Out|p2a: Signora Silvani\n|-damage|p2a: Signora Silvani|84\/100\n|cant|p2a: Signora Silvani|flinch\n|move|p2b: Mega Direttore|Bleakwind Storm|p1a: Iron Hands|[spread] p1a,p1b\n|-resisted|p1b: Heatran\n|-damage|p1a: Iron Hands|83\/100\n|-damage|p1b: Heatran|88\/100\n|move|p1b: Heatran|Heat Wave|p2a: Signora Silvani|[spread] p2a,p2b\n|-damage|p2a: Signora Silvani|43\/100\n|-damage|p2b: Mega Direttore|59\/100\n|-status|p2a: Signora Silvani|brn\n|\n|-heal|p2a: Signora Silvani|49\/100 brn|[from] Grassy Terrain\n|-heal|p1b: Heatran|94\/100|[from] Grassy Terrain\n|-heal|p1a: Iron Hands|89\/100|[from] Grassy Terrain\n|-damage|p2a: Signora Silvani|43\/100 brn|[from] brn\n|upkeep\n|turn|3\n|c|\u2606Husky12_d|noooo\n|inactive|Husky12_d has 30 seconds left.\n|inactive|Husky12_d has 20 seconds left.\n|inactive|Husky12_d has 15 seconds left.\n|\n|t:|1700581804\n|move|p2b: Mega Direttore|Tailwind|p2b: Mega Direttore\n|-sidestart|p2: Husky12_d|move: Tailwind\n|move|p2a: Signora Silvani|Close Combat|p1b: Heatran\n|-supereffective|p1b: Heatran\n|-damage|p1b: Heatran|41\/100\n|-unboost|p2a: Signora Silvani|def|1\n|-unboost|p2a: Signora Silvani|spd|1\n|move|p1b: Heatran|Heat Wave|p2b: Mega Direttore|[spread] p2a,p2b\n|-damage|p2a: Signora Silvani|0 fnt\n|-damage|p2b: Mega Direttore|14\/100\n|faint|p2a: Signora Silvani\n|move|p1a: Iron Hands|Wild Charge|p2b: Mega Direttore\n|-supereffective|p2b: Mega Direttore\n|-damage|p2b: Mega Direttore|0 fnt\n|-damage|p1a: Iron Hands|73\/100|[from] item: Rocky Helmet|[of] p2b: Mega Direttore\n|faint|p2b: Mega Direttore\n|-damage|p1a: Iron Hands|70\/100|[from] Recoil\n|\n|-heal|p1b: Heatran|47\/100|[from] Grassy Terrain\n|-heal|p1a: Iron Hands|76\/100|[from] Grassy Terrain\n|upkeep\n|\n|t:|1700581819\n|switch|p2a: Filini|Ogerpon-Hearthflame, L50, F|100\/100\n|switch|p2b: Mariangela|Rillaboom, L50, F|100\/100\n|-ability|p2a: Filini|Mold Breaker\n|turn|4\n|inactive|Husky12_d has 30 seconds left.\n|inactive|Husky12_d has 20 seconds left.\n|inactive|Husky12_d has 15 seconds left.\n|inactive|Husky12_d has 10 seconds left.\n|\n|t:|1700581867\n|-end|p1a: Iron Hands|Quark Drive|[silent]\n|switch|p1a: Rillaboom|Rillaboom, L50, M|100\/100\n|-terastallize|p2a: Filini|Fire\n|detailschange|p2a: Filini|Ogerpon-Hearthflame-Tera, L50, F, tera:Fire\n|-ability|p2a: Filini|Embody Aspect (Hearthflame)|boost\n|-boost|p2a: Filini|atk|1\n|move|p1b: Heatran|Protect|p1b: Heatran\n|-singleturn|p1b: Heatran|Protect\n|move|p2a: Filini|Ivy Cudgel|p1a: Rillaboom|[anim] Ivy Cudgel Fire\n|-supereffective|p1a: Rillaboom\n|-damage|p1a: Rillaboom|0 fnt\n|faint|p1a: Rillaboom\n|move|p2b: Mariangela|Wood Hammer|p1b: Heatran\n|-activate|p1b: Heatran|move: Protect\n|\n|-heal|p1b: Heatran|52\/100|[from] Grassy Terrain\n|upkeep\n|\n|t:|1700581882\n|switch|p1a: Iron Hands|Iron Hands, L50|76\/100\n|turn|5\n|\n|t:|1700581895\n|move|p2a: Filini|Spiky Shield|p2a: Filini\n|-singleturn|p2a: Filini|move: Protect\n|move|p1a: Iron Hands|Fake Out|p2a: Filini\n|-activate|p2a: Filini|move: Protect\n|-damage|p1a: Iron Hands|63\/100|[from] Spiky Shield|[of] p2a: Filini\n|move|p2b: Mariangela|Wood Hammer|p1a: Iron Hands\n|-damage|p1a: Iron Hands|0 fnt\n|faint|p1a: Iron Hands\n|-end|p1a: Iron Hands|Quark Drive|[silent]\n|-damage|p2b: Mariangela|76\/100|[from] Recoil\n|move|p1b: Heatran|Heat Wave|p2b: Mariangela|[spread] p2b\n|-activate|p2a: Filini|move: Protect\n|-supereffective|p2b: Mariangela\n|-damage|p2b: Mariangela|0 fnt\n|faint|p2b: Mariangela\n|\n|-heal|p1b: Heatran|58\/100|[from] Grassy Terrain\n|-fieldend|move: Grassy Terrain\n|upkeep\n|\n|t:|1700581911\n|switch|p1a: Urshifu|Urshifu, L50, M|100\/100\n|turn|6\n|\n|t:|1700581923\n|-terastallize|p1b: Heatran|Bug\n|move|p2a: Filini|Ivy Cudgel|p1a: Urshifu|[anim] Ivy Cudgel Fire\n|-enditem|p1a: Urshifu|Focus Sash\n|-damage|p1a: Urshifu|1\/100\n|move|p1a: Urshifu|Wicked Blow|p2a: Filini\n|-crit|p2a: Filini\n|-damage|p2a: Filini|28\/100\n|move|p1b: Heatran|Earth Power|p2a: Filini\n|-supereffective|p2a: Filini\n|-damage|p2a: Filini|0 fnt\n|faint|p2a: Filini\n|\n|win|PensiDiFarRidere?\n|c|&|\/uhtml prompt-husky12d,Husky12_d is ready for game 3!\n|inactive|PensiDiFarRidere? has 50 seconds to confirm battle start!\n|c|&|\/uhtml prompt-husky12d,Husky12_d is ready for game 3!\n|c|&|\/uhtml prompt-pensidifarridere,PensiDiFarRidere? is ready for game 3!\nBoth players are ready! Starting next match!\n","uploadtime":1700582322,"views":0,"p1id":"pensidifarridere","p2id":"husky12d","formatid":"gen9vgc2023regulatione","rating":0,"private":0,"password":""}