{"id":"gen9vgc2023regulatione-1990165024","p1":"averagerandbats","p2":"MiniBerg10","format":"[Gen 9] VGC 2023 Regulation E","log":"|j|\u2606averagerandbats\n|j|\u2606MiniBerg10\n|t:|1699931767\n|gametype|doubles\n|player|p1|averagerandbats|janitor|1163\n|player|p2|MiniBerg10|101|1108\n|teamsize|p1|6\n|teamsize|p2|6\n|gen|9\n|tier|[Gen 9] VGC 2023 Regulation E\n|rated|\n|rule|Species Clause: Limit one of each Pok\u00e9mon\n|rule|Item Clause: Limit one of each item\n|clearpoke\n|poke|p1|Zapdos, L50|\n|poke|p1|Arcanine-Hisui, L50, F|\n|poke|p1|Urshifu-*, L50, M|\n|poke|p1|Rillaboom, L50, M|\n|poke|p1|Gholdengo, L50|\n|poke|p1|Ogerpon-Wellspring, L50, F|\n|poke|p2|Chi-Yu, L50|\n|poke|p2|Spectrier, L50|\n|poke|p2|Tornadus, L50, M|\n|poke|p2|Iron Hands, L50|\n|poke|p2|Amoonguss, L50, M|\n|poke|p2|Urshifu-*, L50, M|\n|teampreview|4\nMiniBerg10 has agreed to open team sheets.\n|inactive|Battle timer is ON: inactive players will automatically lose when time's up. (requested by MiniBerg10)\n|\n|t:|1699931796\n|start\n|switch|p1a: Zapdos|Zapdos, L50|100\/100\n|switch|p1b: Ogerpon|Ogerpon-Wellspring, L50, F|100\/100\n|switch|p2a: Tornadus|Tornadus, L50, M|100\/100\n|switch|p2b: Spectrier|Spectrier, L50|100\/100\n|turn|1\n|\n|t:|1699931815\n|switch|p2b: Iron Hands|Iron Hands, L50|100\/100\n|move|p2a: Tornadus|Taunt|p1a: Zapdos\n|-start|p1a: Zapdos|move: Taunt\n|move|p1b: Ogerpon|Ivy Cudgel|p2b: Iron Hands\n|-damage|p2b: Iron Hands|62\/100\n|cant|p1a: Zapdos|move: Taunt|Rain Dance\n|\n|upkeep\n|turn|2\n|\n|t:|1699931839\n|move|p2a: Tornadus|Tailwind|p2a: Tornadus\n|-sidestart|p2: MiniBerg10|move: Tailwind\n|move|p2b: Iron Hands|Drain Punch|p1a: Zapdos\n|-resisted|p1a: Zapdos\n|-damage|p1a: Zapdos|82\/100\n|-heal|p2b: Iron Hands|69\/100|[from] drain|[of] p1a: Zapdos\n|-damage|p2b: Iron Hands|53\/100|[from] item: Rocky Helmet|[of] p1a: Zapdos\n|move|p1b: Ogerpon|Ivy Cudgel|p2b: Iron Hands\n|-damage|p2b: Iron Hands|15\/100\n|move|p1a: Zapdos|Thunderbolt|p2a: Tornadus\n|-supereffective|p2a: Tornadus\n|-damage|p2a: Tornadus|0 fnt\n|faint|p2a: Tornadus\n|\n|upkeep\n|\n|t:|1699931854\n|switch|p2a: Spectrier|Spectrier, L50|100\/100\n|turn|3\n|inactive|averagerandbats has 30 seconds left.\n|\n|t:|1699931880\n|move|p2a: Spectrier|Protect|p2a: Spectrier\n|-singleturn|p2a: Spectrier|Protect\n|move|p2b: Iron Hands|Wild Charge|p1a: Zapdos\n|-damage|p1a: Zapdos|45\/100\n|-damage|p2b: Iron Hands|0 fnt|[from] item: Rocky Helmet|[of] p1a: Zapdos\n|faint|p2b: Iron Hands\n|-end|p2b: Iron Hands|Quark Drive|[silent]\n|move|p1b: Ogerpon|Ivy Cudgel|p2a: Spectrier\n|-activate|p2a: Spectrier|move: Protect\n|move|p1a: Zapdos|Hurricane|p2a: Spectrier\n|-activate|p2a: Spectrier|move: Protect\n|\n|-end|p1a: Zapdos|move: Taunt\n|upkeep\n|\n|t:|1699931892\n|switch|p2b: Chi-Yu|Chi-Yu, L50|100\/100\n|-ability|p2b: Chi-Yu|Beads of Ruin\n|turn|4\n|\n|t:|1699931919\n|move|p2b: Chi-Yu|Heat Wave|p1b: Ogerpon|[spread] p1b\n|-miss|p2b: Chi-Yu|p1a: Zapdos\n|-crit|p1b: Ogerpon\n|-damage|p1b: Ogerpon|31\/100\n|move|p2a: Spectrier|Shadow Ball|p1b: Ogerpon\n|-damage|p1b: Ogerpon|0 fnt\n|faint|p1b: Ogerpon\n|-ability|p2a: Spectrier|Grim Neigh|boost\n|-boost|p2a: Spectrier|spa|1\n|move|p1a: Zapdos|Rain Dance|p1a: Zapdos\n|-weather|RainDance\n|\n|-weather|RainDance|[upkeep]\n|upkeep\n|\n|t:|1699931930\n|switch|p1b: Gholdengo|Gholdengo, L50|100\/100\n|turn|5\n|\n|t:|1699931942\n|move|p1b: Gholdengo|Protect|p1b: Gholdengo\n|-singleturn|p1b: Gholdengo|Protect\n|move|p2b: Chi-Yu|Heat Wave|p1b: Gholdengo|[spread] p1a\n|-activate|p1b: Gholdengo|move: Protect\n|-damage|p1a: Zapdos|18\/100\n|-status|p1a: Zapdos|brn\n|move|p2a: Spectrier|Shadow Ball|p1b: Gholdengo\n|-activate|p1b: Gholdengo|move: Protect\n|move|p1a: Zapdos|Tailwind|p1a: Zapdos\n|-sidestart|p1: averagerandbats|move: Tailwind\n|\n|-weather|RainDance|[upkeep]\n|-damage|p1a: Zapdos|12\/100 brn|[from] brn\n|-sideend|p2: MiniBerg10|move: Tailwind\n|upkeep\n|turn|6\n|\n|t:|1699931963\n|-terastallize|p1b: Gholdengo|Dragon\n|move|p2b: Chi-Yu|Heat Wave|p1b: Gholdengo|[spread] p1a\n|-miss|p2b: Chi-Yu|p1b: Gholdengo\n|-damage|p1a: Zapdos|0 fnt\n|faint|p1a: Zapdos\n|move|p1b: Gholdengo|Shadow Ball|p2a: Spectrier\n|-supereffective|p2a: Spectrier\n|-enditem|p2a: Spectrier|Focus Sash\n|-damage|p2a: Spectrier|1\/100\n|move|p2a: Spectrier|Shadow Ball|p1b: Gholdengo\n|-damage|p1b: Gholdengo|13\/100\n|\n|-weather|RainDance|[upkeep]\n|-heal|p1b: Gholdengo|20\/100|[from] item: Leftovers\n|upkeep\n|\n|t:|1699931977\n|switch|p1a: Rillaboom|Rillaboom, L50, M|100\/100\n|-fieldstart|move: Grassy Terrain|[from] ability: Grassy Surge|[of] p1a: Rillaboom\n|turn|7\n|\n|t:|1699931998\n|-terastallize|p2b: Chi-Yu|Ghost\n|move|p2a: Spectrier|Protect|p2a: Spectrier\n|-singleturn|p2a: Spectrier|Protect\n|move|p1a: Rillaboom|Fake Out|p2b: Chi-Yu\n|-immune|p2b: Chi-Yu\n|move|p2b: Chi-Yu|Heat Wave|p1a: Rillaboom|[spread] p1a,p1b\n|-supereffective|p1a: Rillaboom\n|-resisted|p1b: Gholdengo\n|-damage|p1a: Rillaboom|65\/100\n|-damage|p1b: Gholdengo|8\/100\n|-status|p1a: Rillaboom|brn\n|move|p1b: Gholdengo|Shadow Ball|p2a: Spectrier\n|-activate|p2a: Spectrier|move: Protect\n|\n|-weather|RainDance|[upkeep]\n|-heal|p1b: Gholdengo|14\/100|[from] Grassy Terrain\n|-heal|p1b: Gholdengo|20\/100|[from] item: Leftovers\n|-heal|p1a: Rillaboom|71\/100 brn|[from] Grassy Terrain\n|-heal|p2a: Spectrier|7\/100|[from] Grassy Terrain\n|-damage|p1a: Rillaboom|65\/100 brn|[from] brn\n|upkeep\n|turn|8\n|\n|t:|1699932021\n|move|p1a: Rillaboom|Grassy Glide|p2a: Spectrier\n|-damage|p2a: Spectrier|0 fnt\n|faint|p2a: Spectrier\n|move|p2b: Chi-Yu|Heat Wave|p1a: Rillaboom|[spread] p1a,p1b\n|-supereffective|p1a: Rillaboom\n|-resisted|p1b: Gholdengo\n|-damage|p1a: Rillaboom|24\/100 brn\n|-damage|p1b: Gholdengo|8\/100\n|-status|p1b: Gholdengo|brn\n|move|p1b: Gholdengo|Shadow Ball|p2b: Chi-Yu\n|-supereffective|p2b: Chi-Yu\n|-damage|p2b: Chi-Yu|4\/100\n|\n|-weather|none\n|-heal|p2b: Chi-Yu|10\/100|[from] Grassy Terrain\n|-heal|p1b: Gholdengo|14\/100 brn|[from] Grassy Terrain\n|-heal|p1b: Gholdengo|21\/100 brn|[from] item: Leftovers\n|-heal|p1a: Rillaboom|31\/100 brn|[from] Grassy Terrain\n|-damage|p1b: Gholdengo|14\/100 brn|[from] brn\n|-damage|p1a: Rillaboom|24\/100 brn|[from] brn\n|-sideend|p1: averagerandbats|move: Tailwind\n|upkeep\n|turn|9\n|-message|MiniBerg10 forfeited.\n|\n|win|averagerandbats\n|raw|averagerandbats's rating: 1163 &rarr; <strong>1184<\/strong><br \/>(+21 for winning)\n|raw|MiniBerg10's rating: 1108 &rarr; <strong>1087<\/strong><br \/>(-21 for losing)\n|l|\u2606MiniBerg10\n","uploadtime":1699932204,"views":9,"p1id":"averagerandbats","p2id":"miniberg10","formatid":"gen9vgc2023regulatione","rating":1087,"private":0,"password":""}