{"id":"gen9vgc2023regulatione-1987970285","p1":"cristian_032","p2":"Josuee_29","format":"[Gen 9] VGC 2023 Regulation E","log":"|j|\u2606cristian_032\n|j|\u2606Josuee_29\n|t:|1699654431\n|gametype|doubles\n|player|p1|cristian_032|265|1118\n|player|p2|Josuee_29|lucas|1068\n|teamsize|p1|6\n|teamsize|p2|6\n|gen|9\n|tier|[Gen 9] VGC 2023 Regulation E\n|rated|\n|rule|Species Clause: Limit one of each Pok\u00e9mon\n|rule|Item Clause: Limit one of each item\n|clearpoke\n|poke|p1|Ursaluna-Bloodmoon, L50, M|\n|poke|p1|Charjabug, L50, F|\n|poke|p1|Iron Bundle, L50|\n|poke|p1|Arcanine-Hisui, L50, F|\n|poke|p1|Hippowdon, L50, M|\n|poke|p1|Kommo-o, L50, F|\n|poke|p2|Tornadus, L50, M|\n|poke|p2|Iron Hands, L50|\n|poke|p2|Rillaboom, L50, F|\n|poke|p2|Flutter Mane, L50|\n|poke|p2|Ogerpon-Hearthflame, L50, F|\n|poke|p2|Heatran, L50, F|\n|teampreview|4\n|inactive|Battle timer is ON: inactive players will automatically lose when time's up. (requested by cristian_032)\n|inactive|Josuee_29 has 60 seconds left.\ncristian_032 has agreed to open team sheets.\n|inactive|Josuee_29 has 30 seconds left.\n|\n|t:|1699654498\n|start\n|switch|p1a: Iron Bundle|Iron Bundle, L50|100\/100\n|switch|p1b: Arcanine|Arcanine-Hisui, L50, F|100\/100\n|switch|p2a: Tornadus|Tornadus, L50, M, shiny|100\/100\n|switch|p2b: Heatran|Heatran, L50, F, shiny|100\/100\n|-ability|p1b: Arcanine|Intimidate|boost\n|-unboost|p2a: Tornadus|atk|1\n|-unboost|p2b: Heatran|atk|1\n|turn|1\n|inactive|Josuee_29 has 30 seconds left.\n|\n|t:|1699654530\n|switch|p1b: Charjabug|Charjabug, L50, F|100\/100\n|move|p2a: Tornadus|Tailwind|p2a: Tornadus\n|-sidestart|p2: Josuee_29|move: Tailwind\n|move|p2b: Heatran|Earth Power|p1b: Charjabug\n|-damage|p1b: Charjabug|75\/100\n|-unboost|p1b: Charjabug|spd|1\n|move|p1a: Iron Bundle|Water Pulse|p2b: Heatran\n|-supereffective|p2b: Heatran\n|-damage|p2b: Heatran|34\/100\n|\n|upkeep\n|turn|2\n|\n|t:|1699654550\n|-end|p1a: Iron Bundle|Quark Drive|[silent]\n|switch|p1a: Hippowdon|Hippowdon, L50, M|100\/100\n|-weather|Sandstorm|[from] ability: Sand Stream|[of] p1a: Hippowdon\n|move|p2a: Tornadus|Bleakwind Storm|p1a: Hippowdon|[spread] p1a,p1b\n|-damage|p1a: Hippowdon|67\/100\n|-damage|p1b: Charjabug|37\/100\n|-unboost|p1b: Charjabug|spe|1\n|move|p2b: Heatran|Heat Wave|p1a: Hippowdon|[spread] p1a,p1b\n|-supereffective|p1b: Charjabug\n|-damage|p1a: Hippowdon|35\/100\n|-damage|p1b: Charjabug|0 fnt\n|faint|p1b: Charjabug\n|\n|-weather|Sandstorm|[upkeep]\n|-damage|p2a: Tornadus|95\/100|[from] Sandstorm\n|upkeep\n|\n|t:|1699654563\n|switch|p1b: Arcanine|Arcanine-Hisui, L50, F|100\/100\n|-ability|p1b: Arcanine|Intimidate|boost\n|-unboost|p2a: Tornadus|atk|1\n|-unboost|p2b: Heatran|atk|1\n|turn|3\n|\n|t:|1699654584\n|move|p1b: Arcanine|Protect|p1b: Arcanine\n|-singleturn|p1b: Arcanine|Protect\n|move|p2a: Tornadus|Bleakwind Storm|p1a: Hippowdon|[spread] p1a\n|-activate|p1b: Arcanine|move: Protect\n|-damage|p1a: Hippowdon|5\/100\n|move|p2b: Heatran|Flash Cannon|p1a: Hippowdon\n|-damage|p1a: Hippowdon|0 fnt\n|faint|p1a: Hippowdon\n|\n|-weather|Sandstorm|[upkeep]\n|-damage|p2a: Tornadus|89\/100|[from] Sandstorm\n|upkeep\n|\n|t:|1699654596\n|switch|p1a: Iron Bundle|Iron Bundle, L50|100\/100\n|turn|4\n|\n|t:|1699654617\n|-terastallize|p1b: Arcanine|Water\n|move|p2a: Tornadus|Tailwind||[still]\n|-fail|p2a: Tornadus\n|move|p2b: Heatran|Heat Wave|p1b: Arcanine|[spread] p1a\n|-miss|p2b: Heatran|p1b: Arcanine\n|-damage|p1a: Iron Bundle|13\/100\n|move|p1a: Iron Bundle|Icy Wind|p2b: Heatran|[spread] p2a,p2b\n|-supereffective|p2a: Tornadus\n|-resisted|p2b: Heatran\n|-damage|p2a: Tornadus|12\/100\n|-damage|p2b: Heatran|29\/100\n|-unboost|p2b: Heatran|spe|1\n|move|p1b: Arcanine|Rock Slide|p2b: Heatran|[spread] p2a,p2b\n|-supereffective|p2a: Tornadus\n|-damage|p2a: Tornadus|0 fnt\n|-damage|p2b: Heatran|7\/100\n|faint|p2a: Tornadus\n|\n|-weather|Sandstorm|[upkeep]\n|-damage|p1a: Iron Bundle|7\/100|[from] Sandstorm\n|-damage|p1b: Arcanine|94\/100|[from] Sandstorm\n|-heal|p1b: Arcanine|100\/100|[from] item: Leftovers\n|-sideend|p2: Josuee_29|move: Tailwind\n|upkeep\n|\n|t:|1699654641\n|switch|p2a: Flutter Mane|Flutter Mane, L50, shiny|100\/100\n|turn|5\n|inactive|Josuee_29 has 30 seconds left.\n|\n|t:|1699654668\n|-terastallize|p2a: Flutter Mane|Fairy\n|move|p1a: Iron Bundle|Icy Wind|p2a: Flutter Mane|[spread] p2a,p2b\n|-resisted|p2b: Heatran\n|-damage|p2a: Flutter Mane|72\/100\n|-damage|p2b: Heatran|3\/100\n|-unboost|p2a: Flutter Mane|spe|1\n|-unboost|p2b: Heatran|spe|1\n|move|p1b: Arcanine|Rock Slide|p2a: Flutter Mane|[spread] p2a,p2b\n|-crit|p2b: Heatran\n|-damage|p2a: Flutter Mane|36\/100\n|-damage|p2b: Heatran|0 fnt\n|faint|p2b: Heatran\n|move|p2a: Flutter Mane|Dazzling Gleam|p1a: Iron Bundle|[spread] p1a,p1b\n|-damage|p1a: Iron Bundle|0 fnt\n|-damage|p1b: Arcanine|37\/100\n|faint|p1a: Iron Bundle\n|-end|p1a: Iron Bundle|Quark Drive|[silent]\n|-damage|p2a: Flutter Mane|26\/100|[from] item: Life Orb\n|\n|-weather|Sandstorm|[upkeep]\n|-damage|p1b: Arcanine|31\/100|[from] Sandstorm\n|-damage|p2a: Flutter Mane|20\/100|[from] Sandstorm\n|-heal|p1b: Arcanine|37\/100|[from] item: Leftovers\n|upkeep\n|\n|t:|1699654689\n|switch|p2b: Ogerpon|Ogerpon-Hearthflame, L50, F|100\/100\n|-ability|p2b: Ogerpon|Mold Breaker\n|turn|6\n|\n|t:|1699654703\n|move|p2a: Flutter Mane|Protect|p2a: Flutter Mane\n|-singleturn|p2a: Flutter Mane|Protect\n|move|p2b: Ogerpon|Horn Leech|p1b: Arcanine\n|-supereffective|p1b: Arcanine\n|-damage|p1b: Arcanine|0 fnt\n|faint|p1b: Arcanine\n|\n|win|Josuee_29\n|raw|cristian_032's rating: 1118 &rarr; <strong>1089<\/strong><br \/>(-29 for losing)\n|raw|Josuee_29's rating: 1068 &rarr; <strong>1102<\/strong><br \/>(+34 for winning)\n|l|\u2606cristian_032\n","uploadtime":1699654716,"views":21,"p1id":"cristian032","p2id":"josuee29","formatid":"gen9vgc2023regulatione","rating":1089,"private":0,"password":""}