{"id":"gen9vgc2023regulatione-1995977826","p1":"pizzataco8197","p2":"TeraDedenee","format":"[Gen 9] VGC 2023 Regulation E","log":"|j|\u2606pizzataco8197\n|j|\u2606TeraDedenee\n|t:|1700624481\n|gametype|doubles\n|player|p1|pizzataco8197|169|1178\n|player|p2|TeraDedenee|170|1105\n|teamsize|p1|6\n|teamsize|p2|6\n|gen|9\n|tier|[Gen 9] VGC 2023 Regulation E\n|rated|\n|rule|Species Clause: Limit one of each Pok\u00e9mon\n|rule|Item Clause: Limit one of each item\n|clearpoke\n|poke|p1|Kommo-o, L50, M|\n|poke|p1|Sinistcha, L50|\n|poke|p1|Iron Hands, L50|\n|poke|p1|Ursaluna, L50, F|\n|poke|p1|Bronzong, L50|\n|poke|p1|Arcanine-Hisui, L50, F|\n|poke|p2|Arcanine-Hisui, L50, F|\n|poke|p2|Torterra, L50, F|\n|poke|p2|Milotic, L50, F|\n|poke|p2|Clefairy, L50, M|\n|poke|p2|Farigiraf, L50, M|\n|poke|p2|Urshifu-*, L50, M|\n|teampreview|4\n|inactive|Battle timer is ON: inactive players will automatically lose when time's up. (requested by pizzataco8197)\n|inactive|pizzataco8197 has 60 seconds left.\n|inactive|TeraDedenee has 60 seconds left.\n|inactive|pizzataco8197 has 30 seconds left.\n|inactive|TeraDedenee has 30 seconds left.\n|inactive|TeraDedenee has 20 seconds left.\n|inactive|TeraDedenee has 15 seconds left.\n|inactive|TeraDedenee has 10 seconds left.\n|inactive|TeraDedenee has 5 seconds left.\n|\n|t:|1700624571\n|start\n|switch|p1a: Kommo-o|Kommo-o, L50, M|100\/100\n|switch|p1b: Iron Hands|Iron Hands, L50|100\/100\n|switch|p2a: Urshifu|Urshifu, L50, M|100\/100\n|switch|p2b: Farigiraf|Farigiraf, L50, M|100\/100\n|turn|1\n|inactive|pizzataco8197 has 30 seconds left.\n|inactive|pizzataco8197 has 20 seconds left.\n|inactive|pizzataco8197 has 15 seconds left.\n|inactive|pizzataco8197 has 10 seconds left.\n|inactive|pizzataco8197 has 5 seconds left.\n|\n|t:|1700624622\n|move|p2a: Urshifu|Wicked Blow|p1a: Kommo-o\n|-resisted|p1a: Kommo-o\n|-crit|p1a: Kommo-o\n|-damage|p1a: Kommo-o|70\/100\n|move|p1a: Kommo-o|Flash Cannon|p2b: Farigiraf\n|-damage|p2b: Farigiraf|73\/100\n|move|p2b: Farigiraf|Nasty Plot|p2b: Farigiraf\n|-boost|p2b: Farigiraf|spa|2\n|move|p1b: Iron Hands|Drain Punch|p2a: Urshifu\n|-supereffective|p2a: Urshifu\n|-damage|p2a: Urshifu|18\/100\n|\n|upkeep\n|turn|2\n|inactive|pizzataco8197 has 30 seconds left.\n|inactive|TeraDedenee has 30 seconds left.\n|\n|t:|1700624658\n|switch|p2a: Torterra|Torterra, L50, F|100\/100\n|move|p1a: Kommo-o|Clanging Scales|p2a: Torterra|[spread] p2a,p2b\n|-damage|p2a: Torterra|60\/100\n|-damage|p2b: Farigiraf|36\/100\n|-unboost|p1a: Kommo-o|def|1\n|move|p2b: Farigiraf|Psyshock|p1a: Kommo-o\n|-supereffective|p1a: Kommo-o\n|-damage|p1a: Kommo-o|0 fnt\n|faint|p1a: Kommo-o\n|move|p1b: Iron Hands|Volt Switch|p2b: Farigiraf\n|-damage|p2b: Farigiraf|23\/100\n|\n|t:|1700624673\n|-end|p1b: Iron Hands|Quark Drive|[silent]\n|switch|p1b: Ursaluna|Ursaluna, L50, F|100\/100|[from] Volt Switch\n|\n|-status|p1b: Ursaluna|brn|[from] item: Flame Orb\n|upkeep\n|inactive|pizzataco8197 has 30 seconds left.\n|\n|t:|1700624701\n|switch|p1a: Iron Hands|Iron Hands, L50|100\/100\n|turn|3\n|\n|t:|1700624722\n|-terastallize|p1b: Ursaluna|Normal\n|move|p2b: Farigiraf|Psyshock|p1a: Iron Hands\n|-supereffective|p1a: Iron Hands\n|-damage|p1a: Iron Hands|25\/100\n|move|p2a: Torterra|Bullet Seed|p1b: Ursaluna\n|-damage|p1b: Ursaluna|90\/100 brn\n|-damage|p1b: Ursaluna|79\/100 brn\n|-damage|p1b: Ursaluna|69\/100 brn\n|-damage|p1b: Ursaluna|60\/100 brn\n|-hitcount|p1b: Ursaluna|4\n|move|p1a: Iron Hands|Volt Switch|p2b: Farigiraf\n|-damage|p2b: Farigiraf|9\/100\n|\n|t:|1700624735\n|-end|p1a: Iron Hands|Quark Drive|[silent]\n|switch|p1a: Sinistcha|Sinistcha, L50|100\/100|[from] Volt Switch\n|-heal|p1b: Ursaluna|85\/100 brn|[from] ability: Hospitality|[of] p1a: Sinistcha\n|move|p1b: Ursaluna|Facade|p2b: Farigiraf\n|-damage|p2b: Farigiraf|0 fnt\n|faint|p2b: Farigiraf\n|\n|-damage|p1b: Ursaluna|79\/100 brn|[from] brn\n|upkeep\n|\n|t:|1700624741\n|switch|p2b: Urshifu|Urshifu, L50, M|18\/100\n|turn|4\n|inactive|pizzataco8197 has 30 seconds left.\n|inactive|TeraDedenee has 30 seconds left.\n|inactive|pizzataco8197 has 20 seconds left.\n|\n|t:|1700624778\n|move|p1a: Sinistcha|Rage Powder|p1a: Sinistcha\n|-singleturn|p1a: Sinistcha|move: Rage Powder\n|move|p2b: Urshifu|Wicked Blow|p1a: Sinistcha\n|-supereffective|p1a: Sinistcha\n|-crit|p1a: Sinistcha\n|-damage|p1a: Sinistcha|0 fnt\n|faint|p1a: Sinistcha\n|move|p2a: Torterra|Swords Dance|p2a: Torterra\n|-boost|p2a: Torterra|atk|2\n|move|p1b: Ursaluna|Facade|p2b: Urshifu\n|-damage|p2b: Urshifu|0 fnt\n|faint|p2b: Urshifu\n|\n|-damage|p1b: Ursaluna|73\/100 brn|[from] brn\n|upkeep\n|\n|t:|1700624791\n|switch|p2b: Arcanine|Arcanine-Hisui, L50, F|100\/100\n|switch|p1a: Iron Hands|Iron Hands, L50|25\/100\n|-ability|p2b: Arcanine|Intimidate|boost\n|-unboost|p1a: Iron Hands|atk|1\n|-unboost|p1b: Ursaluna|atk|1\n|turn|5\n|inactive|pizzataco8197 has 30 seconds left.\n|inactive|TeraDedenee has 30 seconds left.\n|\n|t:|1700624825\n|-terastallize|p2b: Arcanine|Fairy\n|move|p2a: Torterra|Protect|p2a: Torterra\n|-singleturn|p2a: Torterra|Protect\n|move|p1a: Iron Hands|Fake Out|p2a: Torterra\n|-activate|p2a: Torterra|move: Protect\n|move|p2b: Arcanine|Tera Blast|p1a: Iron Hands|[anim] Tera Blast Fairy\n|-supereffective|p1a: Iron Hands\n|-damage|p1a: Iron Hands|0 fnt\n|faint|p1a: Iron Hands\n|-end|p1a: Iron Hands|Quark Drive|[silent]\n|move|p1b: Ursaluna|Facade|p2b: Arcanine\n|-damage|p2b: Arcanine|0 fnt\n|faint|p2b: Arcanine\n|\n|-damage|p1b: Ursaluna|68\/100 brn|[from] brn\n|upkeep\n|turn|6\n|\n|t:|1700624845\n|move|p2a: Torterra|Bullet Seed|p1b: Ursaluna\n|-damage|p1b: Ursaluna|49\/100 brn\n|-damage|p1b: Ursaluna|28\/100 brn\n|-damage|p1b: Ursaluna|11\/100 brn\n|-damage|p1b: Ursaluna|0 fnt\n|faint|p1b: Ursaluna\n|-hitcount|p1: Ursaluna|4\n|\n|win|TeraDedenee\n|raw|pizzataco8197's rating: 1178 &rarr; <strong>1148<\/strong><br \/>(-30 for losing)\n|raw|TeraDedenee's rating: 1105 &rarr; <strong>1135<\/strong><br \/>(+30 for winning)\n|l|\u2606pizzataco8197\n","uploadtime":1700624859,"views":5,"p1id":"pizzataco8197","p2id":"teradedenee","formatid":"gen9vgc2023regulatione","rating":1135,"private":0,"password":""}