{"id":"gen9vgc2023regulatione-1995065088","p1":"GirlGamerNL","p2":"BowDog!","format":"[Gen 9] VGC 2023 Regulation E","log":"|j|\u2606GirlGamerNL\n|j|\u2606BowDog!\n|t:|1700518749\n|gametype|doubles\n|player|p1|GirlGamerNL|lady|1124\n|player|p2|BowDog!|winona|1158\n|teamsize|p1|6\n|teamsize|p2|6\n|gen|9\n|tier|[Gen 9] VGC 2023 Regulation E\n|rated|\n|rule|Species Clause: Limit one of each Pok\u00e9mon\n|rule|Item Clause: Limit one of each item\n|clearpoke\n|poke|p1|Cresselia, L50, F|\n|poke|p1|Ursaluna-Bloodmoon, L50, M|\n|poke|p1|Iron Hands, L50|\n|poke|p1|Ogerpon-Wellspring, L50, F|\n|poke|p1|Arcanine-Hisui, L50, F|\n|poke|p1|Flutter Mane, L50|\n|poke|p2|Landorus-Therian, L50, M|\n|poke|p2|Tornadus, L50, M|\n|poke|p2|Iron Bundle, L50|\n|poke|p2|Sylveon, L50, F|\n|poke|p2|Ogerpon-Hearthflame, L50, F|\n|poke|p2|Urshifu-*, L50, M|\n|teampreview|4\n|inactive|Battle timer is ON: inactive players will automatically lose when time's up. (requested by GirlGamerNL)\nGirlGamerNL has agreed to open team sheets.\nBowDog! has agreed to open team sheets.\n|inactive|BowDog! has 30 seconds left.\n|inactive|BowDog! has 20 seconds left.\n|inactive|BowDog! has 15 seconds left.\n|inactive|BowDog! has 10 seconds left.\n|inactive|BowDog! has 5 seconds left.\n|\n|t:|1700518808\n|start\n|switch|p1a: Iron Hands|Iron Hands, L50|100\/100\n|switch|p1b: Cresselia|Cresselia, L50, F|100\/100\n|switch|p2a: Urshifu|Urshifu, L50, M|100\/100\n|switch|p2b: Iron Bundle|Iron Bundle, L50|100\/100\n|-enditem|p2b: Iron Bundle|Booster Energy\n|-activate|p2b: Iron Bundle|ability: Quark Drive|[fromitem]\n|-start|p2b: Iron Bundle|quarkdrivespe\n|turn|1\n|inactive|BowDog! has 30 seconds left.\n|inactive|BowDog! has 20 seconds left.\n|inactive|BowDog! has 15 seconds left.\n|inactive|BowDog! has 10 seconds left.\n|inactive|BowDog! has 5 seconds left.\n|\n|t:|1700518864\n|move|p1a: Iron Hands|Fake Out|p2a: Urshifu\n|-crit|p2a: Urshifu\n|-damage|p2a: Urshifu|77\/100\n|move|p2b: Iron Bundle|Freeze-Dry|p1b: Cresselia\n|-damage|p1b: Cresselia|79\/100\n|cant|p2a: Urshifu|flinch\n|move|p1b: Cresselia|Trick Room|p1b: Cresselia\n|-fieldstart|move: Trick Room|[of] p1b: Cresselia\n|\n|upkeep\n|turn|2\n|\n|t:|1700518882\n|move|p1b: Cresselia|Helping Hand|p1a: Iron Hands\n|-singleturn|p1a: Iron Hands|Helping Hand|[of] p1b: Cresselia\n|move|p2a: Urshifu|Protect|p2a: Urshifu\n|-singleturn|p2a: Urshifu|Protect\n|move|p2b: Iron Bundle|Protect|p2b: Iron Bundle\n|-singleturn|p2b: Iron Bundle|Protect\n|move|p1a: Iron Hands|Drain Punch|p2a: Urshifu\n|-activate|p2a: Urshifu|move: Protect\n|\n|upkeep\n|turn|3\n|inactive|BowDog! has 30 seconds left.\n|\n|t:|1700518909\n|-end|p2b: Iron Bundle|Quark Drive|[silent]\n|switch|p2b: Ogerpon|Ogerpon-Hearthflame, L50, F|100\/100\n|-ability|p2b: Ogerpon|Mold Breaker\n|move|p1b: Cresselia|Helping Hand|p1a: Iron Hands\n|-singleturn|p1a: Iron Hands|Helping Hand|[of] p1b: Cresselia\n|move|p1a: Iron Hands|Drain Punch|p2a: Urshifu\n|-supereffective|p2a: Urshifu\n|-damage|p2a: Urshifu|0 fnt\n|faint|p2a: Urshifu\n|\n|upkeep\n|\n|t:|1700518922\n|switch|p2a: BowDog!|Sylveon, L50, F|100\/100\n|turn|4\n|inactive|BowDog! has 30 seconds left.\n|\n|t:|1700518950\n|-terastallize|p2a: BowDog!|Steel\n|move|p1a: Iron Hands|Heavy Slam|p2a: BowDog!\n|-resisted|p2a: BowDog!\n|-damage|p2a: BowDog!|75\/100\n|move|p2a: BowDog!|Hyper Voice|p1b: Cresselia|[spread] p1a,p1b\n|-supereffective|p1a: Iron Hands\n|-damage|p1a: Iron Hands|62\/100\n|-damage|p1b: Cresselia|55\/100\n|-enditem|p2a: BowDog!|Throat Spray\n|-boost|p2a: BowDog!|spa|1|[from] item: Throat Spray\n|move|p1b: Cresselia|Lunar Blessing|p1b: Cresselia|[spread] p1a,p1b\n|-heal|p1a: Iron Hands|87\/100\n|-heal|p1b: Cresselia|80\/100\n|move|p2b: Ogerpon|Horn Leech|p1a: Iron Hands\n|-damage|p1a: Iron Hands|58\/100\n|\n|upkeep\n|turn|5\n|inactive|BowDog! has 30 seconds left.\n|\n|t:|1700518984\n|move|p2b: Ogerpon|Spiky Shield|p2b: Ogerpon\n|-singleturn|p2b: Ogerpon|move: Protect\n|move|p1a: Iron Hands|Drain Punch|p2a: BowDog!\n|-supereffective|p2a: BowDog!\n|-damage|p2a: BowDog!|0 fnt\n|-heal|p1a: Iron Hands|85\/100|[from] drain|[of] p2a: BowDog!\n|faint|p2a: BowDog!\n|move|p1b: Cresselia|Lunar Blessing|p1b: Cresselia|[spread] p1a,p1b\n|-heal|p1a: Iron Hands|100\/100\n|-heal|p1b: Cresselia|100\/100\n|\n|-fieldend|move: Trick Room\n|upkeep\n|\n|t:|1700518996\n|switch|p2a: Iron Bundle|Iron Bundle, L50|100\/100\n|turn|6\n|\n|t:|1700519005\n|move|p2a: Iron Bundle|Hydro Pump|p1a: Iron Hands\n|-damage|p1a: Iron Hands|71\/100\n|move|p2b: Ogerpon|Ivy Cudgel|p1a: Iron Hands|[anim] Ivy Cudgel Fire\n|-damage|p1a: Iron Hands|32\/100\n|move|p1a: Iron Hands|Drain Punch|p2a: Iron Bundle\n|-supereffective|p2a: Iron Bundle\n|-damage|p2a: Iron Bundle|0 fnt\n|-heal|p1a: Iron Hands|60\/100|[from] drain|[of] p2a: Iron Bundle\n|faint|p2a: Iron Bundle\n|-end|p2a: Iron Bundle|Quark Drive|[silent]\n|move|p1b: Cresselia|Trick Room|p1b: Cresselia\n|-fieldstart|move: Trick Room|[of] p1b: Cresselia\n|\n|upkeep\n|turn|7\n|\n|t:|1700519022\n|move|p1a: Iron Hands|Drain Punch|p2b: Ogerpon\n|-damage|p2b: Ogerpon|47\/100\n|-heal|p1a: Iron Hands|78\/100|[from] drain|[of] p2b: Ogerpon\n|move|p1b: Cresselia|Lunar Blessing|p1b: Cresselia|[spread] p1a,p1b\n|-heal|p1a: Iron Hands|100\/100\n|move|p2b: Ogerpon|Ivy Cudgel|p1a: Iron Hands|[anim] Ivy Cudgel Fire\n|-damage|p1a: Iron Hands|62\/100\n|\n|upkeep\n|turn|8\n|\n|t:|1700519033\n|move|p1b: Cresselia|Helping Hand|p1a: Iron Hands\n|-singleturn|p1a: Iron Hands|Helping Hand|[of] p1b: Cresselia\n|move|p1a: Iron Hands|Drain Punch|p2b: Ogerpon\n|-damage|p2b: Ogerpon|0 fnt\n|-heal|p1a: Iron Hands|78\/100|[from] drain|[of] p2b: Ogerpon\n|faint|p2b: Ogerpon\n|\n|win|GirlGamerNL\n|raw|GirlGamerNL's rating: 1124 &rarr; <strong>1151<\/strong><br \/>(+27 for winning)\n|raw|BowDog!'s rating: 1158 &rarr; <strong>1131<\/strong><br \/>(-27 for losing)\n|c|\u2606GirlGamerNL|gg\n|c|\u2606BowDog!|gg\n|l|\u2606GirlGamerNL\n","uploadtime":1700519049,"views":1,"p1id":"girlgamernl","p2id":"bowdog","formatid":"gen9vgc2023regulatione","rating":1131,"private":0,"password":""}