{"id":"gen9vgc2023regulatione-1999597758","p1":"dr.gamer12","p2":"whyismynamejeff","format":"[Gen 9] VGC 2023 Regulation E","log":"|j|\u203ddr.gamer12\n|j|\u2606whyismynamejeff\n|t:|1701099784\n|gametype|doubles\n|player|p1|dr.gamer12|lady|1035\n|player|p2|whyismynamejeff|colress|1085\n|teamsize|p1|6\n|teamsize|p2|6\n|gen|9\n|tier|[Gen 9] VGC 2023 Regulation E\n|rated|\n|rule|Species Clause: Limit one of each Pok\u00e9mon\n|rule|Item Clause: Limit one of each item\n|clearpoke\n|poke|p1|Talonflame, L50, F|\n|poke|p1|Coalossal, L50, M|\n|poke|p1|Sinistcha-Masterpiece, L50|\n|poke|p1|Baxcalibur, L50, M|\n|poke|p1|Ursaluna-Bloodmoon, L50, M|\n|poke|p1|Barraskewda, L50, F|\n|poke|p2|Iron Hands, L50|\n|poke|p2|Landorus-Therian, L50, M|\n|poke|p2|Sinistcha, L50|\n|poke|p2|Grimmsnarl, L50, M|\n|poke|p2|Goodra-Hisui, L50, M|\n|poke|p2|Toxapex, L50, F|\n|teampreview|4\ndr.gamer12 rejected open team sheets.\n|inactive|Battle timer is ON: inactive players will automatically lose when time's up. (requested by dr.gamer12)\n|\n|t:|1701099828\n|start\n|switch|p1a: Talonflame|Talonflame, L50, F|100\/100\n|switch|p1b: Coalossal|Coalossal, L50, M|100\/100\n|switch|p2a: Toxapex|Toxapex, L50, F|100\/100\n|switch|p2b: Grimmsnarl|Grimmsnarl, L50, M|100\/100\n|turn|1\n|inactive|whyismynamejeff has 30 seconds left.\n|\n|t:|1701099854\n|-terastallize|p1b: Coalossal|Grass\n|move|p2b: Grimmsnarl|Light Screen|p2b: Grimmsnarl\n|-sidestart|p2: whyismynamejeff|move: Light Screen\n|move|p1a: Talonflame|Ember|p1b: Coalossal\n|-supereffective|p1b: Coalossal\n|-damage|p1b: Coalossal|84\/100\n|-ability|p1b: Coalossal|Steam Engine|boost\n|-boost|p1b: Coalossal|spe|6\n|-enditem|p1b: Coalossal|Weakness Policy\n|-boost|p1b: Coalossal|atk|2|[from] item: Weakness Policy\n|-boost|p1b: Coalossal|spa|2|[from] item: Weakness Policy\n|move|p1b: Coalossal|Earth Power|p2a: Toxapex\n|-supereffective|p2a: Toxapex\n|-damage|p2a: Toxapex|48\/100\n|move|p2a: Toxapex|Infestation|p1a: Talonflame\n|-resisted|p1a: Talonflame\n|-damage|p1a: Talonflame|99\/100\n|-activate|p1a: Talonflame|move: Infestation|[of] p2a: Toxapex\n|-enditem|p1a: Talonflame|Eject Button\n|c|\u2606whyismynamejeff|wha\n|inactive|dr.gamer12 has 30 seconds left.\n|\n|t:|1701099880\n|switch|p1a: Ursaluna|Ursaluna-Bloodmoon, L50, M|100\/100\n|\n|upkeep\n|turn|2\n|\n|t:|1701099894\n|move|p2a: Toxapex|Baneful Bunker|p2a: Toxapex\n|-singleturn|p2a: Toxapex|move: Protect\n|move|p2b: Grimmsnarl|Parting Shot|p1b: Coalossal\n|-unboost|p1b: Coalossal|atk|1\n|-unboost|p1b: Coalossal|spa|1\n|\n|t:|1701099907\n|switch|p2b: Iron Hands|Iron Hands, L50|100\/100|[from] Parting Shot\n|move|p1b: Coalossal|Earth Power|p2a: Toxapex\n|-activate|p2a: Toxapex|move: Protect\n|move|p1a: Ursaluna|Blood Moon|p2b: Iron Hands\n|-damage|p2b: Iron Hands|71\/100\n|\n|upkeep\n|turn|3\n|\n|t:|1701099929\n|move|p2b: Iron Hands|Fake Out|p1b: Coalossal\n|-damage|p1b: Coalossal|72\/100\n|cant|p1b: Coalossal|flinch\n|move|p2a: Toxapex|Recover|p2a: Toxapex\n|-heal|p2a: Toxapex|98\/100\n|move|p1a: Ursaluna|Moonblast|p2b: Iron Hands\n|-supereffective|p2b: Iron Hands\n|-damage|p2b: Iron Hands|47\/100\n|\n|upkeep\n|turn|4\n|\n|t:|1701099951\n|move|p1b: Coalossal|Earth Power|p2b: Iron Hands\n|-supereffective|p2b: Iron Hands\n|-damage|p2b: Iron Hands|20\/100\n|move|p2b: Iron Hands|Volt Switch|p1b: Coalossal\n|-resisted|p1b: Coalossal\n|-damage|p1b: Coalossal|65\/100\n|\n|t:|1701099959\n|-end|p2b: Iron Hands|Quark Drive|[silent]\n|switch|p2b: Landorus|Landorus-Therian, L50, M|100\/100|[from] Volt Switch\n|-ability|p2b: Landorus|Intimidate|boost\n|-unboost|p1a: Ursaluna|atk|1\n|-unboost|p1b: Coalossal|atk|1\n|move|p2a: Toxapex|Infestation|p1a: Ursaluna\n|-damage|p1a: Ursaluna|97\/100\n|-activate|p1a: Ursaluna|move: Infestation|[of] p2a: Toxapex\n|move|p1a: Ursaluna|Moonblast|p2b: Landorus\n|-damage|p2b: Landorus|70\/100\n|\n|-damage|p1a: Ursaluna|80\/100|[from] move: Infestation|[partiallytrapped]\n|upkeep\n|turn|5\n|inactive|dr.gamer12 has 30 seconds left.\n|inactive|whyismynamejeff has 30 seconds left.\n|\n|t:|1701099990\n|move|p1b: Coalossal|Tera Blast|p2b: Landorus|[anim] Tera Blast Grass\n|-damage|p2b: Landorus|31\/100\n|move|p2b: Landorus|U-turn|p1b: Coalossal\n|-supereffective|p1b: Coalossal\n|-damage|p1b: Coalossal|21\/100\n|\n|t:|1701099998\n|switch|p2b: Grimmsnarl|Grimmsnarl, L50, M|100\/100|[from] U-turn\n|move|p2a: Toxapex|Infestation|p1b: Coalossal\n|-supereffective|p1b: Coalossal\n|-damage|p1b: Coalossal|15\/100\n|-activate|p1b: Coalossal|move: Infestation|[of] p2a: Toxapex\n|move|p1a: Ursaluna|Blood Moon|p2b: Grimmsnarl\n|-damage|p2b: Grimmsnarl|45\/100\n|\n|-damage|p1b: Coalossal|0 fnt|[from] move: Infestation|[partiallytrapped]\n|faint|p1b: Coalossal\n|-damage|p1a: Ursaluna|64\/100|[from] move: Infestation|[partiallytrapped]\n|-sideend|p2: whyismynamejeff|move: Light Screen\n|upkeep\n|\n|t:|1701100022\n|switch|p1b: Sinistcha|Sinistcha-Masterpiece, L50|100\/100\n|-heal|p1a: Ursaluna|89\/100|[from] ability: Hospitality|[of] p1b: Sinistcha\n|turn|6\n|\n|t:|1701100039\n|move|p2b: Grimmsnarl|Parting Shot|p1a: Ursaluna\n|-unboost|p1a: Ursaluna|atk|1\n|-unboost|p1a: Ursaluna|spa|1\n|\n|t:|1701100048\n|switch|p2b: Iron Hands|Iron Hands, L50|20\/100|[from] Parting Shot\n|move|p1b: Sinistcha|Matcha Gotcha|p2b: Iron Hands|[spread] p2a,p2b\n|-damage|p2a: Toxapex|80\/100\n|-damage|p2b: Iron Hands|7\/100\n|-status|p2a: Toxapex|brn\n|move|p2a: Toxapex|Substitute|p2a: Toxapex\n|-start|p2a: Toxapex|Substitute\n|-damage|p2a: Toxapex|55\/100 brn\n|move|p1a: Ursaluna|Moonblast|p2b: Iron Hands\n|-supereffective|p2b: Iron Hands\n|-damage|p2b: Iron Hands|0 fnt\n|faint|p2b: Iron Hands\n|-end|p2b: Iron Hands|Quark Drive|[silent]\n|\n|-damage|p2a: Toxapex|50\/100 brn|[from] brn\n|-damage|p1a: Ursaluna|73\/100|[from] move: Infestation|[partiallytrapped]\n|upkeep\n|\n|t:|1701100062\n|switch|p2b: Landorus|Landorus-Therian, L50, M|31\/100\n|-ability|p2b: Landorus|Intimidate|boost\n|-unboost|p1a: Ursaluna|atk|1\n|-unboost|p1b: Sinistcha|atk|1\n|turn|7\n|\n|t:|1701100074\n|-terastallize|p2b: Landorus|Flying\n|move|p1b: Sinistcha|Rage Powder|p1b: Sinistcha\n|-singleturn|p1b: Sinistcha|move: Rage Powder\n|move|p2b: Landorus|Tera Blast|p1b: Sinistcha|[anim] Tera Blast Flying\n|-supereffective|p1b: Sinistcha\n|-damage|p1b: Sinistcha|20\/100\n|-enditem|p1b: Sinistcha|Sitrus Berry|[eat]\n|-heal|p1b: Sinistcha|44\/100|[from] item: Sitrus Berry\n|move|p2a: Toxapex|Recover|p2a: Toxapex\n|-heal|p2a: Toxapex|99\/100 brn\n|move|p1a: Ursaluna|Blood Moon|p2b: Landorus\n|-damage|p2b: Landorus|0 fnt\n|faint|p2b: Landorus\n|\n|-damage|p2a: Toxapex|94\/100 brn|[from] brn\n|-damage|p1a: Ursaluna|56\/100|[from] move: Infestation|[partiallytrapped]\n|upkeep\n|\n|t:|1701100091\n|switch|p2b: Grimmsnarl|Grimmsnarl, L50, M|45\/100\n|turn|8\n|\n|t:|1701100106\n|move|p2b: Grimmsnarl|Light Screen|p2b: Grimmsnarl\n|-sidestart|p2: whyismynamejeff|move: Light Screen\n|move|p1b: Sinistcha|Matcha Gotcha|p2a: Toxapex|[spread] p2a,p2b\n|-activate|p2a: Toxapex|move: Substitute|[damage]\n|-heal|p1b: Sinistcha|50\/100|[from] drain|[of] p2a: Toxapex\n|-damage|p2b: Grimmsnarl|29\/100\n|-heal|p1b: Sinistcha|59\/100|[from] drain|[of] p2b: Grimmsnarl\n|move|p2a: Toxapex|Infestation|p1b: Sinistcha\n|-damage|p1b: Sinistcha|56\/100\n|-activate|p1b: Sinistcha|move: Infestation|[of] p2a: Toxapex\n|move|p1a: Ursaluna|Moonblast|p2b: Grimmsnarl\n|-supereffective|p2b: Grimmsnarl\n|-damage|p2b: Grimmsnarl|0 fnt\n|faint|p2b: Grimmsnarl\n|\n|-damage|p2a: Toxapex|88\/100 brn|[from] brn\n|-damage|p1b: Sinistcha|40\/100|[from] move: Infestation|[partiallytrapped]\n|-damage|p1a: Ursaluna|40\/100|[from] move: Infestation|[partiallytrapped]\n|upkeep\n|turn|9\n|\n|t:|1701100129\n|move|p2a: Toxapex|Baneful Bunker|p2a: Toxapex\n|-singleturn|p2a: Toxapex|move: Protect\n|move|p1b: Sinistcha|Shadow Ball|p2a: Toxapex\n|-activate|p2a: Toxapex|move: Protect\n|move|p1a: Ursaluna|Tera Blast|p2a: Toxapex\n|-activate|p2a: Toxapex|move: Protect\n|\n|-damage|p2a: Toxapex|83\/100 brn|[from] brn\n|-damage|p1b: Sinistcha|24\/100|[from] move: Infestation|[partiallytrapped]\n|-end|p1a: Ursaluna|Infestation|[partiallytrapped]\n|upkeep\n|turn|10\n|\n|t:|1701100144\n|move|p1b: Sinistcha|Shadow Ball|p2a: Toxapex\n|-end|p2a: Toxapex|Substitute\n|move|p2a: Toxapex|Infestation|p1a: Ursaluna\n|-damage|p1a: Ursaluna|36\/100\n|-activate|p1a: Ursaluna|move: Infestation|[of] p2a: Toxapex\n|move|p1a: Ursaluna|Tera Blast|p2a: Toxapex\n|-damage|p2a: Toxapex|66\/100 brn\n|\n|-damage|p2a: Toxapex|60\/100 brn|[from] brn\n|-damage|p1b: Sinistcha|7\/100|[from] move: Infestation|[partiallytrapped]\n|-damage|p1a: Ursaluna|20\/100|[from] move: Infestation|[partiallytrapped]\n|upkeep\n|turn|11\n|\n|t:|1701100159\n|move|p2a: Toxapex|Baneful Bunker|p2a: Toxapex\n|-singleturn|p2a: Toxapex|move: Protect\n|move|p1b: Sinistcha|Matcha Gotcha|p2a: Toxapex\n|-activate|p2a: Toxapex|move: Protect\n|move|p1a: Ursaluna|Blood Moon|p2a: Toxapex\n|-activate|p2a: Toxapex|move: Protect\n|\n|-damage|p2a: Toxapex|55\/100 brn|[from] brn\n|-damage|p1b: Sinistcha|0 fnt|[from] move: Infestation|[partiallytrapped]\n|faint|p1b: Sinistcha\n|-damage|p1a: Ursaluna|4\/100|[from] move: Infestation|[partiallytrapped]\n|upkeep\n|\n|t:|1701100161\n|switch|p1b: Talonflame|Talonflame, L50, F|99\/100\n|turn|12\n|\n|t:|1701100180\n|move|p1b: Talonflame|Brave Bird|p2a: Toxapex\n|-damage|p2a: Toxapex|25\/100 brn\n|-damage|p1b: Talonflame|90\/100|[from] Recoil\n|move|p2a: Toxapex|Recover|p2a: Toxapex\n|-heal|p2a: Toxapex|76\/100 brn\n|move|p1a: Ursaluna|Tera Blast|p2a: Toxapex\n|-damage|p2a: Toxapex|58\/100 brn\n|\n|-damage|p2a: Toxapex|52\/100 brn|[from] brn\n|-damage|p1a: Ursaluna|0 fnt|[from] move: Infestation|[partiallytrapped]\n|faint|p1a: Ursaluna\n|-sideend|p2: whyismynamejeff|move: Light Screen\n|upkeep\n|turn|13\n|\n|t:|1701100199\n|move|p1b: Talonflame|Tailwind|p1b: Talonflame\n|-sidestart|p1: dr.gamer12|move: Tailwind\n|move|p2a: Toxapex|Substitute|p2a: Toxapex\n|-start|p2a: Toxapex|Substitute\n|-damage|p2a: Toxapex|27\/100 brn\n|\n|-damage|p2a: Toxapex|22\/100 brn|[from] brn\n|upkeep\n|turn|14\n|\n|t:|1701100205\n|move|p1b: Talonflame|Brave Bird|p2a: Toxapex\n|-end|p2a: Toxapex|Substitute\n|-damage|p1b: Talonflame|82\/100|[from] Recoil|[of] p2a: Toxapex\n|move|p2a: Toxapex|Recover|p2a: Toxapex\n|-heal|p2a: Toxapex|72\/100 brn\n|\n|-damage|p2a: Toxapex|66\/100 brn|[from] brn\n|upkeep\n|turn|15\n|\n|t:|1701100223\n|move|p1b: Talonflame|Ember|p2a: Toxapex\n|-resisted|p2a: Toxapex\n|-damage|p2a: Toxapex|62\/100 brn\n|move|p2a: Toxapex|Infestation|p1b: Talonflame\n|-resisted|p1b: Talonflame\n|-damage|p1b: Talonflame|81\/100\n|-activate|p1b: Talonflame|move: Infestation|[of] p2a: Toxapex\n|\n|-damage|p2a: Toxapex|57\/100 brn|[from] brn\n|-damage|p1b: Talonflame|64\/100|[from] move: Infestation|[partiallytrapped]\n|upkeep\n|turn|16\n|\n|t:|1701100232\n|move|p2a: Toxapex|Baneful Bunker|p2a: Toxapex\n|-singleturn|p2a: Toxapex|move: Protect\n|move|p1b: Talonflame|Brave Bird|p2a: Toxapex\n|-activate|p2a: Toxapex|move: Protect\n|-status|p1b: Talonflame|psn\n|\n|-damage|p1b: Talonflame|52\/100 psn|[from] psn\n|-damage|p2a: Toxapex|51\/100 brn|[from] brn\n|-damage|p1b: Talonflame|35\/100 psn|[from] move: Infestation|[partiallytrapped]\n|-sideend|p1: dr.gamer12|move: Tailwind\n|upkeep\n|turn|17\n|\n|t:|1701100245\n|move|p1b: Talonflame|Brave Bird|p2a: Toxapex\n|-damage|p2a: Toxapex|22\/100 brn\n|-damage|p1b: Talonflame|26\/100 psn|[from] Recoil\n|move|p2a: Toxapex|Recover|p2a: Toxapex\n|-heal|p2a: Toxapex|72\/100 brn\n|\n|-damage|p1b: Talonflame|13\/100 psn|[from] psn\n|-damage|p2a: Toxapex|66\/100 brn|[from] brn\n|-damage|p1b: Talonflame|0 fnt|[from] move: Infestation|[partiallytrapped]\n|faint|p1b: Talonflame\n|\n|win|whyismynamejeff\n|upkeep\n|raw|dr.gamer12's rating: 1035 &rarr; <strong>1022<\/strong><br \/>(-13 for losing)\n|raw|whyismynamejeff's rating: 1085 &rarr; <strong>1108<\/strong><br \/>(+23 for winning)\n|l|\u203ddr.gamer12\n","uploadtime":1701100260,"views":6,"p1id":"drgamer12","p2id":"whyismynamejeff","formatid":"gen9vgc2023regulatione","rating":1022,"private":0,"password":""}