{"id":"gen9vgc2023regulatione-1999666200","p1":"Horuskoria","p2":"Tehiyok09","format":"[Gen 9] VGC 2023 Regulation E","log":"|j|\u2606Horuskoria\n|j|\u2606Tehiyok09\n|n|\u2606Horuskoria|horuskoria\n|n|\u2606Tehiyok09|tehiyok09\n|html|View the match progress at <a href=\"\/game-bestof3-gen9vgc2023regulatione-1999666199\">game-bestof3-gen9vgc2023regulatione-1999666199<\/a>\n|t:|1701105994\n|gametype|doubles\n|player|p1|Horuskoria|102|\n|player|p2|Tehiyok09|benga|\n|teamsize|p1|6\n|teamsize|p2|6\n|gen|9\n|tier|[Gen 9] VGC 2023 Regulation E\n|rule|Species Clause: Limit one of each Pok\u00e9mon\n|rule|Item Clause: Limit one of each item\n|clearpoke\n|poke|p1|Hariyama, L50, M|\n|poke|p1|Gastrodon-East, L50, F|\n|poke|p1|Talonflame, L50, F|\n|poke|p1|Brambleghast, L50, F|\n|poke|p1|Flutter Mane, L50|\n|poke|p1|Salamence, L50, M|\n|poke|p2|Iron Bundle, L50|\n|poke|p2|Fezandipiti, L50, M|\n|poke|p2|Lucario, L50, M|\n|poke|p2|Stonjourner, L50, M|\n|poke|p2|Brute Bonnet, L50|\n|poke|p2|Dragapult, L50, M|\n|teampreview|4\nHoruskoria rejected open team sheets.\n|c|\u2606Tehiyok09|gl hf\n|\n|t:|1701106045\n|start\n|switch|p1a: Talonflame|Talonflame, L50, F|100\/100\n|switch|p1b: Brambleghast|Brambleghast, L50, F|100\/100\n|switch|p2a: Karu|Fezandipiti, L50, M|100\/100\n|switch|p2b: Goku|Lucario, L50, M|100\/100\n|turn|1\n|c|\u2606Horuskoria|gl hf\n|\n|t:|1701106133\n|-terastallize|p1b: Brambleghast|Ghost\n|move|p2b: Goku|Protect|p2b: Goku\n|-singleturn|p2b: Goku|Protect\n|move|p1a: Talonflame|Tailwind|p1a: Talonflame\n|-sidestart|p1: Horuskoria|move: Tailwind\n|-ability|p1b: Brambleghast|Wind Rider|boost\n|-boost|p1b: Brambleghast|atk|1\n|move|p1b: Brambleghast|Poltergeist|p2b: Goku\n|-activate|p2b: Goku|move: Protect\n|move|p2a: Karu|Poison Jab|p1b: Brambleghast\n|-resisted|p1b: Brambleghast\n|-damage|p1b: Brambleghast|70\/100\n|\n|upkeep\n|turn|2\n|\n|t:|1701106181\n|switch|p2a: Toad|Brute Bonnet, L50|100\/100\n|-enditem|p2a: Toad|Booster Energy\n|-activate|p2a: Toad|ability: Protosynthesis|[fromitem]\n|-start|p2a: Toad|protosynthesisspd\n|move|p2b: Goku|Extreme Speed|p1a: Talonflame\n|-damage|p1a: Talonflame|65\/100\n|move|p1a: Talonflame|Brave Bird|p2b: Goku\n|-damage|p2b: Goku|20\/100\n|-damage|p1a: Talonflame|42\/100|[from] Recoil\n|move|p1b: Brambleghast|Poltergeist|p2b: Goku\n|-activate|p2b: Goku|move: Poltergeist|Weakness Policy\n|-crit|p2b: Goku\n|-damage|p2b: Goku|0 fnt\n|faint|p2b: Goku\n|\n|upkeep\n|\n|t:|1701106198\n|switch|p2b: Kaido|Dragapult, L50, M, shiny|100\/100\n|turn|3\n|\n|t:|1701106214\n|-terastallize|p2b: Kaido|Fire\n|move|p1b: Brambleghast|Protect|p1b: Brambleghast\n|-singleturn|p1b: Brambleghast|Protect\n|move|p2a: Toad|Sucker Punch||[still]\n|-fail|p2a: Toad\n|move|p1a: Talonflame|Taunt|p2a: Toad\n|-start|p2a: Toad|move: Taunt\n|move|p2b: Kaido|Dragon Darts|p1a: Talonflame\n|-crit|p1a: Talonflame\n|-damage|p1a: Talonflame|0 fnt\n|faint|p1a: Talonflame\n|-damage|p2b: Kaido|91\/100|[from] item: Life Orb\n|\n|upkeep\n|\n|t:|1701106232\n|switch|p1a: Hariyama|Hariyama, L50, M|100\/100\n|turn|4\n|\n|t:|1701106244\n|move|p1a: Hariyama|Fake Out|p2a: Toad\n|-damage|p2a: Toad|89\/100\n|cant|p2a: Toad|flinch\n|move|p1b: Brambleghast|Poltergeist|p2b: Kaido\n|-activate|p2b: Kaido|move: Poltergeist|Life Orb\n|-damage|p2b: Kaido|0 fnt\n|faint|p2b: Kaido\n|\n|-sideend|p1: Horuskoria|move: Tailwind\n|upkeep\n|\n|t:|1701106262\n|switch|p2b: Karu|Fezandipiti, L50, M|100\/100\n|turn|5\n|\n|t:|1701106281\n|move|p1b: Brambleghast|Protect|p1b: Brambleghast\n|-singleturn|p1b: Brambleghast|Protect\n|move|p2a: Toad|Sucker Punch||[still]\n|-fail|p2a: Toad\n|move|p2b: Karu|Brave Bird|p1a: Hariyama\n|-supereffective|p1a: Hariyama\n|-damage|p1a: Hariyama|29\/100\n|-damage|p2b: Karu|71\/100|[from] Recoil\n|move|p1a: Hariyama|Heavy Slam|p2b: Karu\n|-supereffective|p2b: Karu\n|-damage|p2b: Karu|0 fnt\n|faint|p2b: Karu\n|\n|upkeep\n|turn|6\n|\n|t:|1701106299\n|move|p2a: Toad|Sucker Punch|p1b: Brambleghast\n|-supereffective|p1b: Brambleghast\n|-damage|p1b: Brambleghast|0 fnt\n|faint|p1b: Brambleghast\n|move|p1a: Hariyama|Close Combat|p2a: Toad\n|-supereffective|p2a: Toad\n|-damage|p2a: Toad|1\/100\n|-unboost|p1a: Hariyama|def|1\n|-unboost|p1a: Hariyama|spd|1\n|\n|-end|p2a: Toad|move: Taunt\n|upkeep\n|\n|t:|1701106309\n|switch|p1b: Flutter Mane|Flutter Mane, L50|100\/100\n|turn|7\n|\n|t:|1701106315\n|move|p1b: Flutter Mane|Dazzling Gleam|p2a: Toad\n|-supereffective|p2a: Toad\n|-damage|p2a: Toad|0 fnt\n|faint|p2a: Toad\n|-end|p2a: Toad|Protosynthesis|[silent]\n|\n|win|Horuskoria\n|c|&|\/uhtml prompt-tehiyok09,Tehiyok09 is ready for game 2!\n","uploadtime":1701106324,"views":5,"p1id":"horuskoria","p2id":"tehiyok09","formatid":"gen9vgc2023regulatione","rating":0,"private":0,"password":""}