{"id":"gen9vgc2023regulatione-1997505953","p1":"Yhdessa","p2":"BunnyWarrior","format":"[Gen 9] VGC 2023 Regulation E","log":"|j|\u2606Yhdessa\n|j|\u2606BunnyWarrior\n|n|\u2606Yhdessa|yhdessa\n|n|\u2606BunnyWarrior|bunnywarrior\n|html|View the match progress at <a href=\"\/game-bestof3-gen9vgc2023regulatione-1997502557\">game-bestof3-gen9vgc2023regulatione-1997502557<\/a>\n|t:|1700817021\n|gametype|doubles\n|player|p1|Yhdessa|lance|\n|player|p2|BunnyWarrior|skyla|\n|teamsize|p1|6\n|teamsize|p2|6\n|gen|9\n|tier|[Gen 9] VGC 2023 Regulation E\n|rule|Species Clause: Limit one of each Pok\u00e9mon\n|rule|Item Clause: Limit one of each item\n|clearpoke\n|poke|p1|Politoed, L50, F|\n|poke|p1|Hariyama, L50, M|\n|poke|p1|Dusclops, L50, M|\n|poke|p1|Vikavolt, L50, M|\n|poke|p1|Amoonguss, L50, F|\n|poke|p1|Cresselia, L50, F|\n|poke|p2|Tyranitar, L50, F|\n|poke|p2|Kommo-o, L50, F|\n|poke|p2|Clefable, L50, M|\n|poke|p2|Rotom-Wash, L50|\n|poke|p2|Tauros-Paldea-Blaze, L50, M|\n|poke|p2|Volbeat, L50, M|\n|teampreview|4\nBunnyWarrior rejected open team sheets.\n|c|\u2606BunnyWarrior|g2\n|c|\u2606Yhdessa|gl\n|c|\u2606BunnyWarrior|glhf\n|\n|t:|1700817106\n|start\n|switch|p1a: Master Ball?!?!|Amoonguss, L50, F, shiny|100\/100\n|switch|p1b: Cresselia|Cresselia, L50, F, shiny|100\/100\n|switch|p2a: bad|Tyranitar, L50, F|100\/100\n|switch|p2b: bad5|Volbeat, L50, M|100\/100\n|-weather|Sandstorm|[from] ability: Sand Stream|[of] p2a: bad\n|turn|1\n|\n|t:|1700817147\n|move|p2b: bad5|Taunt|p1b: Cresselia\n|-start|p1b: Cresselia|move: Taunt\n|move|p2a: bad|Rock Slide|p1b: Cresselia|[spread] p1a,p1b\n|-damage|p1a: Master Ball?!?!|74\/100\n|-damage|p1b: Cresselia|83\/100\n|move|p1b: Cresselia|Dazzling Gleam|p2a: bad|[spread] p2a,p2b\n|-supereffective|p2a: bad\n|-damage|p2a: bad|90\/100\n|-damage|p2b: bad5|92\/100\n|move|p1a: Master Ball?!?!|Spore|p2b: bad5\n|-status|p2b: bad5|slp|[from] move: Spore\n|\n|-weather|Sandstorm|[upkeep]\n|-damage|p2b: bad5|86\/100 slp|[from] Sandstorm\n|-damage|p1b: Cresselia|76\/100|[from] Sandstorm\n|-damage|p1a: Master Ball?!?!|69\/100|[from] Sandstorm\n|-heal|p1a: Master Ball?!?!|74\/100|[from] item: Leftovers\n|upkeep\n|turn|2\n|\n|t:|1700817171\n|switch|p1b: Politoed|Politoed, L50, F|100\/100\n|-weather|RainDance|[from] ability: Drizzle|[of] p1b: Politoed\n|-terastallize|p2a: bad|Flying\n|cant|p2b: bad5|slp\n|move|p2a: bad|Tera Blast|p1a: Master Ball?!?!|[anim] Tera Blast Flying\n|-supereffective|p1a: Master Ball?!?!\n|-damage|p1a: Master Ball?!?!|2\/100\n|move|p1a: Master Ball?!?!|Spore|p2a: bad\n|-status|p2a: bad|slp|[from] move: Spore\n|\n|-weather|RainDance|[upkeep]\n|-heal|p1a: Master Ball?!?!|8\/100|[from] item: Leftovers\n|upkeep\n|turn|3\n|\n|t:|1700817194\n|switch|p1a: Cresselia|Cresselia, L50, F, shiny|76\/100\n|cant|p2b: bad5|slp\n|cant|p2a: bad|slp\n|move|p1b: Politoed|Weather Ball|p2a: bad\n|-damage|p2a: bad|57\/100 slp\n|\n|-weather|RainDance|[upkeep]\n|upkeep\n|turn|4\n|\n|t:|1700817209\n|cant|p2b: bad5|slp\n|-curestatus|p2a: bad|slp|[msg]\n|move|p2a: bad|Knock Off|p1a: Cresselia\n|-supereffective|p1a: Cresselia\n|-damage|p1a: Cresselia|12\/100\n|-damage|p2a: bad|41\/100|[from] item: Rocky Helmet|[of] p1a: Cresselia\n|-enditem|p1a: Cresselia|Rocky Helmet|[from] move: Knock Off|[of] p2a: bad\n|move|p1b: Politoed|Perish Song|p1b: Politoed\n|-start|p1a: Cresselia|perish3|[silent]\n|-start|p1b: Politoed|perish3|[silent]\n|-start|p2a: bad|perish3|[silent]\n|-start|p2b: bad5|perish3|[silent]\n|-fieldactivate|move: Perish Song\n|move|p1a: Cresselia|Trick Room|p1a: Cresselia\n|-fieldstart|move: Trick Room|[of] p1a: Cresselia\n|\n|-weather|RainDance|[upkeep]\n|-start|p1b: Politoed|perish3\n|-start|p1a: Cresselia|perish3\n|-start|p2b: bad5|perish3\n|-start|p2a: bad|perish3\n|upkeep\n|turn|5\n|\n|t:|1700817242\n|move|p1b: Politoed|Protect|p1b: Politoed\n|-singleturn|p1b: Politoed|Protect\n|move|p1a: Cresselia|Ally Switch|p1a: Cresselia\n|swap|p1a: Cresselia|1|[from] move: Ally Switch\n|-curestatus|p2b: bad5|slp|[msg]\n|move|p2b: bad5|Taunt|p1a: Politoed\n|-activate|p1a: Politoed|move: Protect\n|move|p2a: bad|Knock Off|p1a: Politoed\n|-activate|p1a: Politoed|move: Protect\n|\n|-weather|RainDance|[upkeep]\n|-start|p1a: Politoed|perish2\n|-start|p1b: Cresselia|perish2\n|-start|p2b: bad5|perish2\n|-start|p2a: bad|perish2\n|upkeep\n|turn|6\n|\n|t:|1700817265\n|switch|p1a: Vikavolt|Vikavolt, L50, M|100\/100\n|switch|p2a: bad2|Clefable, L50, M|100\/100\n|move|p2b: bad5|Taunt|p1b: Cresselia\n|-start|p1b: Cresselia|move: Taunt\n|cant|p1b: Cresselia|move: Taunt|Lunar Blessing\n|\n|-weather|RainDance|[upkeep]\n|-start|p1b: Cresselia|perish1\n|-start|p2b: bad5|perish1\n|upkeep\n|turn|7\n|\n|t:|1700817285\n|switch|p2b: bad4|Tauros-Paldea-Blaze, L50, M|100\/100\n|-ability|p2b: bad4|Intimidate|boost\n|-unboost|p1a: Vikavolt|atk|1\n|-unboost|p1b: Cresselia|atk|1\n|move|p1a: Vikavolt|Bug Buzz|p2a: bad2\n|-resisted|p2a: bad2\n|-damage|p2a: bad2|71\/100\n|-enditem|p1a: Vikavolt|Throat Spray\n|-boost|p1a: Vikavolt|spa|1|[from] item: Throat Spray\n|move|p1b: Cresselia|Dazzling Gleam|p2b: bad4|[spread] p2a,p2b\n|-damage|p2a: bad2|62\/100\n|-damage|p2b: bad4|87\/100\n|move|p2a: bad2|Fire Blast|p1a: Vikavolt\n|-supereffective|p1a: Vikavolt\n|-crit|p1a: Vikavolt\n|-damage|p1a: Vikavolt|44\/100\n|-status|p1a: Vikavolt|brn\n|\n|-weather|RainDance|[upkeep]\n|-damage|p1a: Vikavolt|39\/100 brn|[from] brn\n|-start|p1b: Cresselia|perish0\n|faint|p1b: Cresselia\n|upkeep\n|\n|t:|1700817307\n|switch|p1b: Master Ball?!?!|Amoonguss, L50, F, shiny|42\/100\n|turn|8\n|\n|t:|1700817322\n|move|p1b: Master Ball?!?!|Rage Powder|p1b: Master Ball?!?!\n|-singleturn|p1b: Master Ball?!?!|move: Rage Powder\n|move|p2a: bad2|Follow Me|p2a: bad2\n|-singleturn|p2a: bad2|move: Follow Me\n|move|p1a: Vikavolt|Thunder|p2a: bad2\n|-damage|p2a: bad2|0 fnt\n|faint|p2a: bad2\n|move|p2b: bad4|Raging Bull|p1b: Master Ball?!?!\n|-supereffective|p1b: Master Ball?!?!\n|-damage|p1b: Master Ball?!?!|13\/100\n|\n|-weather|RainDance|[upkeep]\n|-heal|p1b: Master Ball?!?!|19\/100|[from] item: Leftovers\n|-damage|p1a: Vikavolt|33\/100 brn|[from] brn\n|-fieldend|move: Trick Room\n|upkeep\n|\n|t:|1700817339\n|switch|p2a: bad|Tyranitar, L50, F, tera:Flying|41\/100\n|-weather|Sandstorm|[from] ability: Sand Stream|[of] p2a: bad\n|turn|9\n|\n|t:|1700817363\n|switch|p1b: Politoed|Politoed, L50, F|100\/100\n|-weather|RainDance|[from] ability: Drizzle|[of] p1b: Politoed\n|move|p1a: Vikavolt|Protect|p1a: Vikavolt\n|-singleturn|p1a: Vikavolt|Protect\n|move|p2b: bad4|Raging Bull|p1b: Politoed\n|-resisted|p1b: Politoed\n|-damage|p1b: Politoed|94\/100\n|move|p2a: bad|Tera Blast|p1a: Vikavolt|[anim] Tera Blast Flying\n|-activate|p1a: Vikavolt|move: Protect\n|\n|-weather|RainDance|[upkeep]\n|-damage|p1a: Vikavolt|27\/100 brn|[from] brn\n|upkeep\n|turn|10\n|\n|t:|1700817405\n|move|p2b: bad4|Close Combat|p1b: Politoed\n|-damage|p1b: Politoed|52\/100\n|-unboost|p2b: bad4|def|1\n|-unboost|p2b: bad4|spd|1\n|move|p2a: bad|Rock Slide|p1b: Politoed|[spread] p1a,p1b\n|-supereffective|p1a: Vikavolt\n|-damage|p1a: Vikavolt|0 fnt\n|-damage|p1b: Politoed|25\/100\n|faint|p1a: Vikavolt\n|move|p1b: Politoed|Perish Song|p1b: Politoed\n|-start|p1b: Politoed|perish3|[silent]\n|-start|p2a: bad|perish3|[silent]\n|-start|p2b: bad4|perish3|[silent]\n|-fieldactivate|move: Perish Song\n|\n|-weather|RainDance|[upkeep]\n|-start|p2b: bad4|perish3\n|-start|p2a: bad|perish3\n|-start|p1b: Politoed|perish3\n|upkeep\n|\n|t:|1700817419\n|switch|p1a: Master Ball?!?!|Amoonguss, L50, F, shiny|53\/100\n|turn|11\n|\n|t:|1700817440\n|switch|p2b: bad5|Volbeat, L50, M|86\/100\n|move|p1b: Politoed|Protect|p1b: Politoed\n|-singleturn|p1b: Politoed|Protect\n|move|p2a: bad|Tera Blast|p1a: Master Ball?!?!|[anim] Tera Blast Flying\n|-supereffective|p1a: Master Ball?!?!\n|-damage|p1a: Master Ball?!?!|0 fnt\n|faint|p1a: Master Ball?!?!\n|\n|-weather|RainDance|[upkeep]\n|-start|p2a: bad|perish2\n|-start|p1b: Politoed|perish2\n|upkeep\n|turn|12\n|\n|t:|1700817469\n|switch|p2a: bad4|Tauros-Paldea-Blaze, L50, M|87\/100\n|-ability|p2a: bad4|Intimidate|boost\n|-unboost|p1b: Politoed|atk|1\n|-terastallize|p1b: Politoed|Fire\n|move|p2b: bad5|Thunder Wave|p1b: Politoed\n|-status|p1b: Politoed|par\n|cant|p1b: Politoed|par\n|\n|-weather|RainDance|[upkeep]\n|-start|p1b: Politoed|perish1\n|upkeep\n|turn|13\n|c|\u2606BunnyWarrior|ggs\n|c|\u2606Yhdessa|gg\n|\n|t:|1700817488\n|move|p1b: Politoed|Protect|p1b: Politoed\n|-singleturn|p1b: Politoed|Protect\n|move|p2b: bad5|Taunt|p1b: Politoed\n|-activate|p1b: Politoed|move: Protect\n|move|p2a: bad4|Close Combat|p1b: Politoed\n|-activate|p1b: Politoed|move: Protect\n|\n|-weather|RainDance|[upkeep]\n|-start|p1b: Politoed|perish0\n|faint|p1b: Politoed\n|\n|win|BunnyWarrior\n|upkeep\n|l|\u2606Yhdessa\n","uploadtime":1700817576,"views":7,"p1id":"yhdessa","p2id":"bunnywarrior","formatid":"gen9vgc2023regulatione","rating":0,"private":0,"password":""}