{"id":"gen9vgc2023regulatione-1995163306","p1":"FlygonNVLD","p2":"carpe_panem","format":"[Gen 9] VGC 2023 Regulation E","log":"|j|\u2606FlygonNVLD\n|j|\u2606carpe_panem\n|t:|1700529656\n|gametype|doubles\n|player|p1|FlygonNVLD|266|1114\n|player|p2|carpe_panem|2|1135\n|teamsize|p1|6\n|teamsize|p2|6\n|gen|9\n|tier|[Gen 9] VGC 2023 Regulation E\n|rated|\n|rule|Species Clause: Limit one of each Pok\u00e9mon\n|rule|Item Clause: Limit one of each item\n|clearpoke\n|poke|p1|Urshifu-*, L50, F|\n|poke|p1|Farigiraf, L50, M|\n|poke|p1|Clefairy, L50, F|\n|poke|p1|Ogerpon-Hearthflame, L50, F|\n|poke|p1|Ursaluna-Bloodmoon, L50, M|\n|poke|p1|Okidogi, L50, M|\n|poke|p2|Oranguru, L50, M|\n|poke|p2|Ursaluna-Bloodmoon, L50, M|\n|poke|p2|Slaking, L50, M|\n|poke|p2|Sableye, L50, F|\n|poke|p2|Pawmot, L50, F|\n|poke|p2|Thundurus-Therian, L50, M|\n|teampreview|4\n|inactive|Battle timer is ON: inactive players will automatically lose when time's up. (requested by carpe_panem)\ncarpe_panem rejected open team sheets.\n|inactive|FlygonNVLD has 60 seconds left.\n|\n|t:|1700529734\n|start\n|switch|p1a: Farigiraf|Farigiraf, L50, M|100\/100\n|switch|p1b: Ogerpon|Ogerpon-Hearthflame, L50, F|100\/100\n|switch|p2a: Oranguru|Oranguru, L50, M|100\/100\n|switch|p2b: Ursaluna|Ursaluna-Bloodmoon, L50, M|100\/100\n|-ability|p1b: Ogerpon|Mold Breaker\n|turn|1\n|\n|t:|1700529756\n|-terastallize|p1b: Ogerpon|Fire\n|detailschange|p1b: Ogerpon|Ogerpon-Hearthflame-Tera, L50, F, tera:Fire\n|-ability|p1b: Ogerpon|Embody Aspect (Hearthflame)|boost\n|-boost|p1b: Ogerpon|atk|1\n|move|p2b: Ursaluna|Protect|p2b: Ursaluna\n|-singleturn|p2b: Ursaluna|Protect\n|move|p1b: Ogerpon|Horn Leech|p2b: Ursaluna\n|-activate|p2b: Ursaluna|move: Protect\n|move|p1a: Farigiraf|Psychic|p2b: Ursaluna\n|-activate|p2b: Ursaluna|move: Protect\n|move|p2a: Oranguru|Trick Room|p2a: Oranguru\n|-fieldstart|move: Trick Room|[of] p2a: Oranguru\n|\n|upkeep\n|turn|2\n|\n|t:|1700529774\n|move|p1b: Ogerpon|Spiky Shield|p1b: Ogerpon\n|-singleturn|p1b: Ogerpon|move: Protect\n|move|p2b: Ursaluna|Blood Moon|p1b: Ogerpon\n|-activate|p1b: Ogerpon|move: Protect\n|move|p2a: Oranguru|Instruct|p2b: Ursaluna\n|-singleturn|p2b: Ursaluna|move: Instruct|[of] p2a: Oranguru\n|move|p2b: Ursaluna|Blood Moon|p1b: Ogerpon\n|-activate|p1b: Ogerpon|move: Protect\n|-hint|Some effects can force a Pokemon to use Blood Moon again in a row.\n|move|p1a: Farigiraf|Trick Room|p1a: Farigiraf\n|-fieldend|move: Trick Room\n|\n|upkeep\n|turn|3\n|inactive|FlygonNVLD has 30 seconds left.\n|\n|t:|1700529802\n|move|p2b: Ursaluna|Protect|p2b: Ursaluna\n|-singleturn|p2b: Ursaluna|Protect\n|move|p1b: Ogerpon|Horn Leech|p2b: Ursaluna\n|-activate|p2b: Ursaluna|move: Protect\n|move|p1a: Farigiraf|Dazzling Gleam|p2a: Oranguru|[spread] p2a\n|-activate|p2b: Ursaluna|move: Protect\n|-damage|p2a: Oranguru|86\/100\n|move|p2a: Oranguru|Trick Room|p2a: Oranguru\n|-fieldstart|move: Trick Room|[of] p2a: Oranguru\n|\n|upkeep\n|turn|4\n|inactive|FlygonNVLD has 30 seconds left.\n|\n|t:|1700529834\n|move|p2b: Ursaluna|Hyper Voice|p1a: Farigiraf|[spread] p1a,p1b\n|-damage|p1a: Farigiraf|66\/100\n|-damage|p1b: Ogerpon|57\/100\n|-enditem|p2b: Ursaluna|Throat Spray\n|-boost|p2b: Ursaluna|spa|1|[from] item: Throat Spray\n|-activate|p2a: Oranguru|ability: Symbiosis|Life Orb|[of] p2b: Ursaluna\n|move|p2a: Oranguru|Instruct|p2b: Ursaluna\n|-singleturn|p2b: Ursaluna|move: Instruct|[of] p2a: Oranguru\n|move|p2b: Ursaluna|Hyper Voice|p1a: Farigiraf|[spread] p1a,p1b\n|-damage|p1a: Farigiraf|0 fnt\n|-damage|p1b: Ogerpon|0 fnt\n|faint|p1a: Farigiraf\n|faint|p1b: Ogerpon\n|-damage|p2b: Ursaluna|91\/100|[from] item: Life Orb\n|\n|upkeep\n|\n|t:|1700529847\n|switch|p1a: Urshifu|Urshifu-Rapid-Strike, L50, F|100\/100\n|switch|p1b: Okidogi|Okidogi, L50, M|100\/100\n|turn|5\n|\n|t:|1700529864\n|move|p2b: Ursaluna|Blood Moon|p1a: Urshifu\n|-damage|p1a: Urshifu|0 fnt\n|faint|p1a: Urshifu\n|-damage|p2b: Ursaluna|81\/100|[from] item: Life Orb\n|move|p2a: Oranguru|Instruct|p2b: Ursaluna\n|-singleturn|p2b: Ursaluna|move: Instruct|[of] p2a: Oranguru\n|move|p2b: Ursaluna|Blood Moon|p1b: Okidogi\n|-damage|p1b: Okidogi|0 fnt\n|faint|p1b: Okidogi\n|-damage|p2b: Ursaluna|72\/100|[from] item: Life Orb\n|-hint|Some effects can force a Pokemon to use Blood Moon again in a row.\n|\n|win|carpe_panem\n|raw|FlygonNVLD's rating: 1114 &rarr; <strong>1091<\/strong><br \/>(-23 for losing)\n|raw|carpe_panem's rating: 1135 &rarr; <strong>1158<\/strong><br \/>(+23 for winning)\n","uploadtime":1700529881,"views":15,"p1id":"flygonnvld","p2id":"carpepanem","formatid":"gen9vgc2023regulatione","rating":1091,"private":0,"password":""}