{"id":"gen9vgc2023regulatione-1988808569","p1":"LandorusPrime","p2":"Ozwald McFly","format":"[Gen 9] VGC 2023 Regulation E","log":"|j|\u2606LandorusPrime\n|j|\u2606Ozwald McFly\n|t:|1699766200\n|gametype|doubles\n|player|p1|LandorusPrime|steven|1225\n|player|p2|Ozwald McFly|birdkeeper-gen4dp|1328\n|teamsize|p1|6\n|teamsize|p2|6\n|gen|9\n|tier|[Gen 9] VGC 2023 Regulation E\n|rated|\n|rule|Species Clause: Limit one of each Pok\u00e9mon\n|rule|Item Clause: Limit one of each item\n|clearpoke\n|poke|p1|Flutter Mane, L50|\n|poke|p1|Chien-Pao, L50|\n|poke|p1|Tornadus, L50, M|\n|poke|p1|Rillaboom, L50, F|\n|poke|p1|Urshifu-*, L50, F|\n|poke|p1|Arcanine-Hisui, L50, F|\n|poke|p2|Noctowl, L50, F|\n|poke|p2|Sandy Shocks, L50|\n|poke|p2|Espeon, L50, F|\n|poke|p2|Indeedee-F, L50, F|\n|poke|p2|Iron Hands, L50|\n|poke|p2|Decidueye-Hisui, L50, M|\n|teampreview|4\n|\n|t:|1699766229\n|start\n|switch|p1a: Chien-Pao|Chien-Pao, L50|100\/100\n|switch|p1b: Urshifu|Urshifu-Rapid-Strike, L50, F|100\/100\n|switch|p2a: Decidueye|Decidueye-Hisui, L50, M, shiny|100\/100\n|switch|p2b: Indeedee|Indeedee-F, L50, F|100\/100\n|-ability|p1a: Chien-Pao|Sword of Ruin\n|-fieldstart|move: Psychic Terrain|[from] ability: Psychic Surge|[of] p2b: Indeedee\n|turn|1\n|\n|t:|1699766276\n|-terastallize|p1a: Chien-Pao|Ghost\n|move|p1b: Urshifu|Detect|p1b: Urshifu\n|-singleturn|p1b: Urshifu|Protect\n|move|p2a: Decidueye|Protect|p2a: Decidueye\n|-singleturn|p2a: Decidueye|Protect\n|move|p1a: Chien-Pao|Icicle Crash|p2a: Decidueye\n|-activate|p2a: Decidueye|move: Protect\n|move|p2b: Indeedee|Trick Room|p2b: Indeedee\n|-fieldstart|move: Trick Room|[of] p2b: Indeedee\n|\n|upkeep\n|turn|2\n|\n|t:|1699766300\n|switch|p1b: Arcanine-XVI|Arcanine-Hisui, L50, F|100\/100\n|-ability|p1b: Arcanine-XVI|Intimidate|boost\n|-fail|p2a: Decidueye|unboost|Attack|[from] ability: Scrappy|[of] p2a: Decidueye\n|-unboost|p2b: Indeedee|atk|1\n|-terastallize|p2a: Decidueye|Fighting\n|move|p2a: Decidueye|Triple Arrows|p1a: Chien-Pao\n|-crit|p1a: Chien-Pao\n|-enditem|p1a: Chien-Pao|Focus Sash\n|-damage|p1a: Chien-Pao|1\/100\n|move|p2b: Indeedee|Psyshock|p1a: Chien-Pao\n|-damage|p1a: Chien-Pao|0 fnt\n|faint|p1a: Chien-Pao\n|\n|upkeep\n|\n|t:|1699766313\n|switch|p1a: Rillaboom|Rillaboom, L50, F|100\/100\n|-fieldstart|move: Grassy Terrain|[from] ability: Grassy Surge|[of] p1a: Rillaboom\n|turn|3\n|\n|t:|1699766326\n|switch|p2b: Iron Hands|Iron Hands, L50|100\/100\n|move|p2a: Decidueye|Protect|p2a: Decidueye\n|-singleturn|p2a: Decidueye|Protect\n|move|p1b: Arcanine-XVI|Extreme Speed|p2a: Decidueye\n|-activate|p2a: Decidueye|move: Protect\n|move|p1a: Rillaboom|Grassy Glide|p2b: Iron Hands\n|-damage|p2b: Iron Hands|74\/100\n|\n|-heal|p2b: Iron Hands|80\/100|[from] Grassy Terrain\n|upkeep\n|turn|4\n|\n|t:|1699766343\n|-end|p2b: Iron Hands|Quark Drive|[silent]\n|switch|p2b: Indeedee|Indeedee-F, L50, F|100\/100\n|-fieldstart|move: Psychic Terrain|[from] ability: Psychic Surge|[of] p2b: Indeedee\n|switch|p1b: Urshifu|Urshifu-Rapid-Strike, L50, F|100\/100\n|move|p2a: Decidueye|Triple Arrows|p1b: Urshifu\n|-crit|p1b: Urshifu\n|-damage|p1b: Urshifu|3\/100\n|move|p1a: Rillaboom|Wood Hammer|p2a: Decidueye\n|-crit|p2a: Decidueye\n|-damage|p2a: Decidueye|0 fnt\n|faint|p2a: Decidueye\n|-damage|p1a: Rillaboom|68\/100|[from] Recoil\n|\n|upkeep\n|\n|t:|1699766357\n|switch|p2a: Iron Hands|Iron Hands, L50|80\/100\n|turn|5\n|\n|t:|1699766374\n|switch|p1a: Arcanine-XVI|Arcanine-Hisui, L50, F|100\/100\n|-ability|p1a: Arcanine-XVI|Intimidate|boost\n|-unboost|p2a: Iron Hands|atk|1\n|-unboost|p2b: Indeedee|atk|1\n|move|p1b: Urshifu|Detect|p1b: Urshifu\n|-singleturn|p1b: Urshifu|Protect\n|move|p2a: Iron Hands|Drain Punch|p1a: Arcanine-XVI\n|-supereffective|p1a: Arcanine-XVI\n|-damage|p1a: Arcanine-XVI|29\/100\n|-heal|p2a: Iron Hands|100\/100|[from] drain|[of] p1a: Arcanine-XVI\n|move|p2b: Indeedee|Psyshock|p1b: Urshifu\n|-activate|p1b: Urshifu|move: Protect\n|\n|-fieldend|move: Trick Room\n|upkeep\n|turn|6\n|\n|t:|1699766403\n|move|p1b: Urshifu|Surging Strikes|p2a: Iron Hands\n|-crit|p2a: Iron Hands\n|-damage|p2a: Iron Hands|84\/100\n|-crit|p2a: Iron Hands\n|-damage|p2a: Iron Hands|66\/100\n|-crit|p2a: Iron Hands\n|-damage|p2a: Iron Hands|49\/100\n|-hitcount|p2a: Iron Hands|3\n|move|p1a: Arcanine-XVI|Head Smash|p2b: Indeedee\n|-damage|p2b: Indeedee|0 fnt\n|faint|p2b: Indeedee\n|-damage|p1a: Arcanine-XVI|0 fnt|[from] Recoil\n|faint|p1a: Arcanine-XVI\n|move|p2a: Iron Hands|Drain Punch|p1b: Urshifu\n|-damage|p1b: Urshifu|0 fnt\n|-heal|p2a: Iron Hands|50\/100|[from] drain|[of] p1b: Urshifu\n|faint|p1b: Urshifu\n|\n|upkeep\n|\n|t:|1699766419\n|switch|p1a: Rillaboom|Rillaboom, L50, F|68\/100\n|switch|p2b: Espeon|Espeon, L50, F|100\/100\n|-fieldstart|move: Grassy Terrain|[from] ability: Grassy Surge|[of] p1a: Rillaboom\n|turn|7\n|\n|t:|1699766426\n|move|p2b: Espeon|Psychic|p1a: Rillaboom\n|-damage|p1a: Rillaboom|30\/100\n|move|p1a: Rillaboom|Wood Hammer|p2a: Iron Hands\n|-damage|p2a: Iron Hands|0 fnt\n|faint|p2a: Iron Hands\n|-end|p2a: Iron Hands|Quark Drive|[silent]\n|-damage|p1a: Rillaboom|11\/100|[from] Recoil\n|\n|-heal|p1a: Rillaboom|17\/100|[from] Grassy Terrain\n|upkeep\n|turn|8\n|\n|t:|1699766435\n|move|p1a: Rillaboom|Grassy Glide|p2b: Espeon\n|-damage|p2b: Espeon|20\/100\n|move|p2b: Espeon|Psychic|p1a: Rillaboom\n|-damage|p1a: Rillaboom|0 fnt\n|faint|p1a: Rillaboom\n|\n|win|Ozwald McFly\n|raw|LandorusPrime's rating: 1225 &rarr; <strong>1207<\/strong><br \/>(-18 for losing)\n|raw|Ozwald McFly's rating: 1328 &rarr; <strong>1342<\/strong><br \/>(+14 for winning)\n|l|\u2606LandorusPrime\n","uploadtime":1699766446,"views":13,"p1id":"landorusprime","p2id":"ozwaldmcfly","formatid":"gen9vgc2023regulatione","rating":1207,"private":0,"password":""}