{"id":"gen9vgc2023regulatione-1993534692","p1":"Jay215","p2":"tt11823","format":"[Gen 9] VGC 2023 Regulation E","log":"|j|\u2606Jay215\n|j|\u2606tt11823\n|t:|1700329028\n|gametype|doubles\n|player|p1|Jay215|102|1222\n|player|p2|tt11823|waiter-gen9|1322\n|teamsize|p1|6\n|teamsize|p2|6\n|gen|9\n|tier|[Gen 9] VGC 2023 Regulation E\n|rated|\n|rule|Species Clause: Limit one of each Pok\u00e9mon\n|rule|Item Clause: Limit one of each item\n|clearpoke\n|poke|p1|Grimmsnarl, L50, M|\n|poke|p1|Iron Hands, L50|\n|poke|p1|Sinistcha, L50|\n|poke|p1|Gastrodon, L50, M|\n|poke|p1|Arcanine-Hisui, L50, F|\n|poke|p1|Mamoswine, L50, F|\n|poke|p2|Heatran, L50, M|\n|poke|p2|Iron Hands, L50|\n|poke|p2|Sinistcha, L50|\n|poke|p2|Goodra-Hisui, L50, F|\n|poke|p2|Urshifu-*, L50, M|\n|poke|p2|Tornadus, L50, M|\n|teampreview|4\n|\n|t:|1700329046\n|start\n|switch|p1a: Grimmsnarl|Grimmsnarl, L50, M|100\/100\n|switch|p1b: Iron Hands|Iron Hands, L50|100\/100\n|switch|p2a: Tornadus|Tornadus, L50, M|100\/100\n|switch|p2b: Goodra|Goodra-Hisui, L50, F|100\/100\n|turn|1\n|\n|t:|1700329060\n|move|p1a: Grimmsnarl|Reflect|p1a: Grimmsnarl\n|-sidestart|p1: Jay215|Reflect\n|move|p2a: Tornadus|Bleakwind Storm|p1b: Iron Hands|[spread] p1a,p1b\n|-damage|p1a: Grimmsnarl|67\/100\n|-damage|p1b: Iron Hands|73\/100\n|move|p2b: Goodra|Heavy Slam|p1a: Grimmsnarl\n|-supereffective|p1a: Grimmsnarl\n|-damage|p1a: Grimmsnarl|8\/100\n|move|p1b: Iron Hands|Swords Dance|p1b: Iron Hands\n|-boost|p1b: Iron Hands|atk|2\n|\n|upkeep\n|turn|2\n|\n|t:|1700329074\n|move|p1a: Grimmsnarl|Light Screen|p1a: Grimmsnarl\n|-sidestart|p1: Jay215|move: Light Screen\n|move|p2a: Tornadus|Icy Wind|p1a: Grimmsnarl|[spread] p1a,p1b\n|-damage|p1a: Grimmsnarl|0 fnt\n|-damage|p1b: Iron Hands|66\/100\n|-unboost|p1b: Iron Hands|spe|1\n|faint|p1a: Grimmsnarl\n|move|p2b: Goodra|Shelter|p2b: Goodra\n|-boost|p2b: Goodra|def|2\n|move|p1b: Iron Hands|Drain Punch|p2b: Goodra\n|-supereffective|p2b: Goodra\n|-damage|p2b: Goodra|43\/100\n|-heal|p1b: Iron Hands|89\/100|[from] drain|[of] p2b: Goodra\n|-damage|p1b: Iron Hands|72\/100|[from] item: Rocky Helmet|[of] p2b: Goodra\n|\n|upkeep\n|\n|t:|1700329085\n|switch|p1a: Gastrodon|Gastrodon, L50, M|100\/100\n|turn|3\n|\n|t:|1700329093\n|move|p2a: Tornadus|Taunt|p1a: Gastrodon\n|-start|p1a: Gastrodon|move: Taunt\n|move|p2b: Goodra|Life Dew||[still]|[spread] p2a,p2b\n|-fail|p2a: Tornadus|heal\n|-heal|p2b: Goodra|68\/100\n|cant|p1a: Gastrodon|move: Taunt|Yawn\n|move|p1b: Iron Hands|Drain Punch|p2b: Goodra\n|-supereffective|p2b: Goodra\n|-damage|p2b: Goodra|13\/100\n|-heal|p1b: Iron Hands|93\/100|[from] drain|[of] p2b: Goodra\n|-damage|p1b: Iron Hands|77\/100|[from] item: Rocky Helmet|[of] p2b: Goodra\n|\n|upkeep\n|turn|4\n|\n|t:|1700329107\n|move|p2a: Tornadus|Protect|p2a: Tornadus\n|-singleturn|p2a: Tornadus|Protect\n|move|p2b: Goodra|Body Press|p1b: Iron Hands\n|-damage|p1b: Iron Hands|54\/100\n|move|p1a: Gastrodon|Earth Power|p2b: Goodra\n|-supereffective|p2b: Goodra\n|-damage|p2b: Goodra|0 fnt\n|faint|p2b: Goodra\n|move|p1b: Iron Hands|Drain Punch|p2a: Tornadus\n|-activate|p2a: Tornadus|move: Protect\n|\n|upkeep\n|\n|t:|1700329118\n|switch|p2b: Sinistcha|Sinistcha, L50|100\/100\n|turn|5\n|\n|t:|1700329129\n|switch|p1a: Sinistcha|Sinistcha, L50|100\/100\n|-heal|p1b: Iron Hands|79\/100|[from] ability: Hospitality|[of] p1a: Sinistcha\n|move|p2b: Sinistcha|Protect|p2b: Sinistcha\n|-singleturn|p2b: Sinistcha|Protect\n|move|p2a: Tornadus|Bleakwind Storm|p1a: Sinistcha|[spread] p1a,p1b\n|-supereffective|p1a: Sinistcha\n|-damage|p1a: Sinistcha|49\/100\n|-damage|p1b: Iron Hands|63\/100\n|move|p1b: Iron Hands|Drain Punch|p2a: Tornadus\n|-resisted|p2a: Tornadus\n|-damage|p2a: Tornadus|59\/100\n|-heal|p1b: Iron Hands|77\/100|[from] drain|[of] p2a: Tornadus\n|\n|upkeep\n|turn|6\n|\n|t:|1700329160\n|move|p2a: Tornadus|Taunt|p1a: Sinistcha\n|-start|p1a: Sinistcha|move: Taunt\n|move|p1a: Sinistcha|Matcha Gotcha|p2a: Tornadus|[spread] p2a,p2b\n|-resisted|p2a: Tornadus\n|-resisted|p2b: Sinistcha\n|-damage|p2a: Tornadus|40\/100\n|-heal|p1a: Sinistcha|57\/100|[from] drain|[of] p2a: Tornadus\n|-damage|p2b: Sinistcha|84\/100\n|-heal|p1a: Sinistcha|66\/100|[from] drain|[of] p2b: Sinistcha\n|move|p2b: Sinistcha|Calm Mind|p2b: Sinistcha\n|-boost|p2b: Sinistcha|spa|1\n|-boost|p2b: Sinistcha|spd|1\n|move|p1b: Iron Hands|Thunder Punch|p2a: Tornadus\n|-supereffective|p2a: Tornadus\n|-damage|p2a: Tornadus|0 fnt\n|faint|p2a: Tornadus\n|\n|upkeep\n|\n|t:|1700329174\n|switch|p2a: Heatran|Heatran, L50, M|100\/100\n|turn|7\n|\n|t:|1700329187\n|move|p2a: Heatran|Protect|p2a: Heatran\n|-singleturn|p2a: Heatran|Protect\n|move|p2b: Sinistcha|Protect|p2b: Sinistcha\n|-singleturn|p2b: Sinistcha|Protect\n|move|p1a: Sinistcha|Scald|p2a: Heatran\n|-activate|p2a: Heatran|move: Protect\n|move|p1b: Iron Hands|Drain Punch|p2a: Heatran\n|-activate|p2a: Heatran|move: Protect\n|\n|upkeep\n|turn|8\n|\n|t:|1700329199\n|-terastallize|p2a: Heatran|Grass\n|move|p2a: Heatran|Will-O-Wisp|p1b: Iron Hands\n|-status|p1b: Iron Hands|brn\n|move|p1a: Sinistcha|Scald|p2a: Heatran\n|-resisted|p2a: Heatran\n|-damage|p2a: Heatran|89\/100\n|move|p2b: Sinistcha|Shadow Ball|p1a: Sinistcha\n|-supereffective|p1a: Sinistcha\n|-damage|p1a: Sinistcha|0 fnt\n|faint|p1a: Sinistcha\n|move|p1b: Iron Hands|Drain Punch|p2a: Heatran\n|-damage|p2a: Heatran|54\/100\n|-heal|p1b: Iron Hands|92\/100 brn|[from] drain|[of] p2a: Heatran\n|\n|-heal|p2a: Heatran|60\/100|[from] item: Leftovers\n|-damage|p1b: Iron Hands|85\/100 brn|[from] brn\n|-sideend|p1: Jay215|Reflect\n|upkeep\n|\n|t:|1700329216\n|switch|p1a: Gastrodon|Gastrodon, L50, M|100\/100\n|turn|9\n|\n|t:|1700329224\n|-terastallize|p1a: Gastrodon|Fire\n|move|p2b: Sinistcha|Protect|p2b: Sinistcha\n|-singleturn|p2b: Sinistcha|Protect\n|move|p2a: Heatran|Earth Power|p1b: Iron Hands\n|-supereffective|p1b: Iron Hands\n|-damage|p1b: Iron Hands|54\/100 brn\n|move|p1a: Gastrodon|Yawn|p2b: Sinistcha\n|-activate|p2b: Sinistcha|move: Protect\n|move|p1b: Iron Hands|Swords Dance|p1b: Iron Hands\n|-boost|p1b: Iron Hands|atk|2\n|\n|-heal|p2a: Heatran|66\/100|[from] item: Leftovers\n|-damage|p1b: Iron Hands|48\/100 brn|[from] brn\n|-sideend|p1: Jay215|move: Light Screen\n|upkeep\n|-enditem|p1b: Iron Hands|Sitrus Berry|[eat]\n|-heal|p1b: Iron Hands|73\/100 brn|[from] item: Sitrus Berry\n|turn|10\n|\n|t:|1700329249\n|move|p2a: Heatran|Earth Power|p1a: Gastrodon\n|-supereffective|p1a: Gastrodon\n|-damage|p1a: Gastrodon|34\/100\n|move|p2b: Sinistcha|Shadow Ball|p1a: Gastrodon\n|-damage|p1a: Gastrodon|0 fnt\n|faint|p1a: Gastrodon\n|move|p1b: Iron Hands|Drain Punch|p2a: Heatran\n|-damage|p2a: Heatran|18\/100\n|-heal|p1b: Iron Hands|93\/100 brn|[from] drain|[of] p2a: Heatran\n|\n|-heal|p2a: Heatran|24\/100|[from] item: Leftovers\n|-damage|p1b: Iron Hands|86\/100 brn|[from] brn\n|upkeep\n|turn|11\n|\n|t:|1700329263\n|move|p2a: Heatran|Protect|p2a: Heatran\n|-singleturn|p2a: Heatran|Protect\n|move|p2b: Sinistcha|Calm Mind|p2b: Sinistcha\n|-boost|p2b: Sinistcha|spa|1\n|-boost|p2b: Sinistcha|spd|1\n|move|p1b: Iron Hands|Drain Punch|p2a: Heatran\n|-activate|p2a: Heatran|move: Protect\n|\n|-heal|p2a: Heatran|30\/100|[from] item: Leftovers\n|-damage|p1b: Iron Hands|80\/100 brn|[from] brn\n|upkeep\n|turn|12\n|-message|Jay215 forfeited.\n|\n|win|tt11823\n|raw|Jay215's rating: 1222 &rarr; <strong>1204<\/strong><br \/>(-18 for losing)\n|raw|tt11823's rating: 1322 &rarr; <strong>1336<\/strong><br \/>(+14 for winning)\n|l|\u2606Jay215\n","uploadtime":1700329275,"views":7,"p1id":"jay215","p2id":"tt11823","formatid":"gen9vgc2023regulatione","rating":1204,"private":0,"password":""}