{"id":"gen9vgc2023regulatione-1999341400","p1":"F3EF0O","p2":"TheFrostyKnight","format":"[Gen 9] VGC 2023 Regulation E","log":"|j|\u2606F3EF0O\n|j|\u2606TheFrostyKnight\n|t:|1701063211\n|gametype|doubles\n|player|p1|F3EF0O|2|1032\n|player|p2|TheFrostyKnight|265|1020\n|teamsize|p1|6\n|teamsize|p2|6\n|gen|9\n|tier|[Gen 9] VGC 2023 Regulation E\n|rated|\n|rule|Species Clause: Limit one of each Pok\u00e9mon\n|rule|Item Clause: Limit one of each item\n|clearpoke\n|poke|p1|Regieleki, L50|\n|poke|p1|Rabsca, L50, M|\n|poke|p1|Iron Hands, L50|\n|poke|p1|Dondozo, L50, F|\n|poke|p1|Maushold, L50|\n|poke|p1|Sinistcha, L50|\n|poke|p2|Landorus, L50, M|\n|poke|p2|Sableye, L50, F|\n|poke|p2|Chi-Yu, L50|\n|poke|p2|Ogerpon-Wellspring, L50, F|\n|poke|p2|Goodra-Hisui, L50, F|\n|poke|p2|Iron Valiant, L50|\n|teampreview|4\n|inactive|Battle timer is ON: inactive players will automatically lose when time's up. (requested by F3EF0O)\n|\n|t:|1701063234\n|start\n|switch|p1a: Regieleki|Regieleki, L50|100\/100\n|switch|p1b: Rabsca|Rabsca, L50, M|100\/100\n|switch|p2a: Landorus|Landorus, L50, M|100\/100\n|switch|p2b: Sableye|Sableye, L50, F|100\/100\n|turn|1\n|\n|t:|1701063245\n|move|p1b: Rabsca|Protect|p1b: Rabsca\n|-singleturn|p1b: Rabsca|Protect\n|move|p2b: Sableye|Gravity|p2b: Sableye\n|-fieldstart|move: Gravity\n|move|p1a: Regieleki|Electroweb|p2a: Landorus|[spread] p2b\n|-immune|p2a: Landorus\n|-damage|p2b: Sableye|63\/100\n|-unboost|p2b: Sableye|spe|1\n|move|p2a: Landorus|Sandsear Storm|p1a: Regieleki|[spread] p1a\n|-activate|p1b: Rabsca|move: Protect\n|-supereffective|p1a: Regieleki\n|-damage|p1a: Regieleki|0 fnt\n|faint|p1a: Regieleki\n|\n|upkeep\n|\n|t:|1701063257\n|switch|p1a: Dondozo|Dondozo, L50, F|100\/100\n|turn|2\n|\n|t:|1701063265\n|move|p2a: Landorus|Sandsear Storm|p1b: Rabsca|[spread] p1a,p1b\n|-resisted|p1b: Rabsca\n|-damage|p1a: Dondozo|38\/100\n|-damage|p1b: Rabsca|80\/100\n|move|p1b: Rabsca|Revival Blessing|p1b: Rabsca\n|-enditem|p1b: Rabsca|Leppa Berry|[eat]\n|-activate|p1b: Rabsca|item: Leppa Berry|Revival Blessing|[consumed]\n|\n|t:|1701063280\n|-heal|p1: Regieleki|50\/100|[from] move: Revival Blessing\n|move|p2b: Sableye|Knock Off|p1a: Dondozo\n|-damage|p1a: Dondozo|24\/100\n|-enditem|p1a: Dondozo|Leftovers|[from] move: Knock Off|[of] p2b: Sableye\n|move|p1a: Dondozo|Soak|p2a: Landorus\n|-start|p2a: Landorus|typechange|Water\n|\n|upkeep\n|turn|3\n|\n|t:|1701063302\n|move|p2b: Sableye|Light Screen|p2b: Sableye\n|-sidestart|p2: TheFrostyKnight|move: Light Screen\n|move|p2a: Landorus|Sandsear Storm|p1b: Rabsca|[spread] p1a,p1b\n|-resisted|p1b: Rabsca\n|-damage|p1a: Dondozo|0 fnt\n|-damage|p1b: Rabsca|65\/100\n|faint|p1a: Dondozo\n|move|p1b: Rabsca|Psychic|p2b: Sableye\n|-immune|p2b: Sableye\n|\n|upkeep\n|\n|t:|1701063307\n|switch|p1a: Regieleki|Regieleki, L50|50\/100\n|turn|4\n|\n|t:|1701063322\n|move|p1b: Rabsca|Protect|p1b: Rabsca\n|-singleturn|p1b: Rabsca|Protect\n|move|p2b: Sableye|Thunder Wave|p1b: Rabsca\n|-activate|p1b: Rabsca|move: Protect\n|move|p1a: Regieleki|Electroweb|p2a: Landorus|[spread] p2a,p2b\n|-supereffective|p2a: Landorus\n|-damage|p2a: Landorus|61\/100\n|-damage|p2b: Sableye|38\/100\n|-unboost|p2a: Landorus|spe|1\n|-unboost|p2b: Sableye|spe|1\n|move|p2a: Landorus|Sandsear Storm|p1b: Rabsca|[spread] p1a\n|-activate|p1b: Rabsca|move: Protect\n|-supereffective|p1a: Regieleki\n|-damage|p1a: Regieleki|0 fnt\n|faint|p1a: Regieleki\n|\n|upkeep\n|c|\u2606F3EF0O|:>\n|\n|t:|1701063335\n|switch|p1a: Iron Hands|Iron Hands, L50|100\/100\n|turn|5\n|\n|t:|1701063346\n|switch|p2a: Iron Valiant|Iron Valiant, L50|100\/100\n|-enditem|p2a: Iron Valiant|Booster Energy\n|-activate|p2a: Iron Valiant|ability: Quark Drive|[fromitem]\n|-start|p2a: Iron Valiant|quarkdrivespe\n|move|p1a: Iron Hands|Fake Out|p2a: Iron Valiant\n|-damage|p2a: Iron Valiant|81\/100\n|move|p2b: Sableye|Thunder Wave|p1b: Rabsca\n|-status|p1b: Rabsca|par\n|move|p1b: Rabsca|Revival Blessing|p1b: Rabsca\n|\n|t:|1701063356\n|-heal|p1: Regieleki|50\/100|[from] move: Revival Blessing\n|\n|-fieldend|move: Gravity\n|upkeep\n|turn|6\n|\n|t:|1701063365\n|move|p1b: Rabsca|Protect|p1b: Rabsca\n|-singleturn|p1b: Rabsca|Protect\n|move|p2b: Sableye|Gravity|p2b: Sableye\n|-fieldstart|move: Gravity\n|move|p2a: Iron Valiant|Moonblast|p1a: Iron Hands\n|-supereffective|p1a: Iron Hands\n|-damage|p1a: Iron Hands|20\/100\n|-unboost|p1a: Iron Hands|spa|1\n|-enditem|p1a: Iron Hands|Sitrus Berry|[eat]\n|-heal|p1a: Iron Hands|45\/100|[from] item: Sitrus Berry\n|move|p1a: Iron Hands|Wild Charge|p2b: Sableye\n|-damage|p2b: Sableye|0 fnt\n|faint|p2b: Sableye\n|-damage|p1a: Iron Hands|39\/100|[from] Recoil\n|\n|upkeep\n|\n|t:|1701063379\n|switch|p2b: Landorus|Landorus, L50, M|61\/100\n|turn|7\n|\n|t:|1701063392\n|move|p2a: Iron Valiant|Moonblast|p1a: Iron Hands\n|-supereffective|p1a: Iron Hands\n|-damage|p1a: Iron Hands|0 fnt\n|faint|p1a: Iron Hands\n|-end|p1a: Iron Hands|Quark Drive|[silent]\n|move|p2b: Landorus|Sandsear Storm|p1b: Rabsca\n|-resisted|p1b: Rabsca\n|-damage|p1b: Rabsca|34\/100 par\n|move|p1b: Rabsca|Psychic|p2b: Landorus\n|-damage|p2b: Landorus|28\/100\n|\n|-sideend|p2: TheFrostyKnight|move: Light Screen\n|upkeep\n|\n|t:|1701063402\n|switch|p1a: Regieleki|Regieleki, L50|50\/100\n|turn|8\n|\n|t:|1701063411\n|move|p1b: Rabsca|Protect|p1b: Rabsca\n|-singleturn|p1b: Rabsca|Protect\n|move|p2a: Iron Valiant|Wide Guard|p2a: Iron Valiant\n|-singleturn|p2a: Iron Valiant|Wide Guard\n|move|p1a: Regieleki|Explosion|p2a: Iron Valiant|[spread] \n|-activate|p2a: Iron Valiant|move: Wide Guard\n|-activate|p2b: Landorus|move: Wide Guard\n|-activate|p1b: Rabsca|move: Protect\n|faint|p1a: Regieleki\n|move|p2b: Landorus|Sandsear Storm|p1b: Rabsca\n|-activate|p1b: Rabsca|move: Protect\n|\n|upkeep\n|turn|9\n|c|\u2606F3EF0O|man\n|c|\u2606TheFrostyKnight|lmao\n|c|\u2606F3EF0O|wtf was dat lol\n|\n|t:|1701063429\n|move|p2a: Iron Valiant|Moonblast|p1b: Rabsca\n|-damage|p1b: Rabsca|0 fnt\n|faint|p1b: Rabsca\n|\n|win|TheFrostyKnight\n|raw|F3EF0O's rating: 1032 &rarr; <strong>1017<\/strong><br \/>(-15 for losing)\n|raw|TheFrostyKnight's rating: 1020 &rarr; <strong>1058<\/strong><br \/>(+38 for winning)\n|c|\u2606TheFrostyKnight|gg\n|c|\u2606F3EF0O|ggs\n","uploadtime":1701063437,"views":3,"p1id":"f3ef0o","p2id":"thefrostyknight","formatid":"gen9vgc2023regulatione","rating":1017,"private":0,"password":""}