{"id":"gen9vgc2023regulatione-1991464007","p1":"Lego superman","p2":"cardojtv","format":"[Gen 9] VGC 2023 Regulation E","log":"|j|\u2606Lego superman\n|j|\u2606cardojtv\n|t:|1700079356\n|gametype|doubles\n|player|p1|Lego superman|gentleman-gen4|1223\n|player|p2|cardojtv|acetrainersnow|1162\n|teamsize|p1|6\n|teamsize|p2|6\n|gen|9\n|tier|[Gen 9] VGC 2023 Regulation E\n|rated|\n|rule|Species Clause: Limit one of each Pok\u00e9mon\n|rule|Item Clause: Limit one of each item\n|clearpoke\n|poke|p1|Iron Thorns, L50|\n|poke|p1|Sinistcha-Masterpiece, L50|\n|poke|p1|Thundurus, L50, M|\n|poke|p1|Raichu-Alola, L50, F|\n|poke|p1|Iron Bundle, L50|\n|poke|p1|Sableye, L50, F|\n|poke|p2|Ursaluna, L50, M|\n|poke|p2|Dondozo, L50, M|\n|poke|p2|Tatsugiri-Stretchy, L50, F|\n|poke|p2|Tornadus, L50, M|\n|poke|p2|Arcanine-Hisui, L50, F|\n|poke|p2|Farigiraf, L50, F|\n|teampreview|4\n|inactive|Battle timer is ON: inactive players will automatically lose when time's up. (requested by cardojtv)\n|\n|t:|1700079424\n|start\n|switch|p1a: Thundurus|Thundurus, L50, M|100\/100\n|switch|p1b: Iron Bundle|Iron Bundle, L50|100\/100\n|switch|p2a: Arcanine|Arcanine-Hisui, L50, F|100\/100\n|switch|p2b: Farigiraf|Farigiraf, L50, F|100\/100\n|-ability|p2a: Arcanine|Intimidate|boost\n|-unboost|p1a: Thundurus|atk|1\n|-unboost|p1b: Iron Bundle|atk|1\n|turn|1\n|inactive|Lego superman has 30 seconds left.\n|inactive|Lego superman has 20 seconds left.\n|inactive|Lego superman has 15 seconds left.\n|\n|t:|1700079469\n|-terastallize|p1b: Iron Bundle|Electric\n|-terastallize|p2a: Arcanine|Fairy\n|move|p1b: Iron Bundle|Freeze-Dry|p2b: Farigiraf\n|-damage|p2b: Farigiraf|58\/100\n|-damage|p1b: Iron Bundle|91\/100|[from] item: Life Orb\n|move|p1a: Thundurus|Knock Off|p2b: Farigiraf\n|-supereffective|p2b: Farigiraf\n|-damage|p2b: Farigiraf|24\/100\n|-enditem|p2b: Farigiraf|Sitrus Berry|[from] move: Knock Off|[of] p1a: Thundurus\n|move|p2a: Arcanine|Rock Slide|p1a: Thundurus|[spread] p1a,p1b\n|-supereffective|p1a: Thundurus\n|-damage|p1a: Thundurus|35\/100\n|-damage|p1b: Iron Bundle|60\/100\n|move|p2b: Farigiraf|Calm Mind|p2b: Farigiraf\n|-boost|p2b: Farigiraf|spa|1\n|-boost|p2b: Farigiraf|spd|1\n|\n|upkeep\n|turn|2\n|inactive|Lego superman has 30 seconds left.\n|\n|t:|1700079502\n|move|p2b: Farigiraf|Protect|p2b: Farigiraf\n|-singleturn|p2b: Farigiraf|Protect\n|move|p2a: Arcanine|Extreme Speed|p1a: Thundurus\n|-damage|p1a: Thundurus|3\/100\n|move|p1b: Iron Bundle|Freeze-Dry|p2a: Arcanine\n|-damage|p2a: Arcanine|65\/100\n|-damage|p1b: Iron Bundle|51\/100|[from] item: Life Orb\n|move|p1a: Thundurus|Flash Cannon|p2a: Arcanine\n|-supereffective|p2a: Arcanine\n|-damage|p2a: Arcanine|31\/100\n|\n|upkeep\n|turn|3\n|inactive|Lego superman has 30 seconds left.\n|inactive|cardojtv has 30 seconds left.\n|inactive|Lego superman has 20 seconds left.\n|\n|t:|1700079538\n|switch|p1a: Sinistcha|Sinistcha-Masterpiece, L50|100\/100\n|-heal|p1b: Iron Bundle|75\/100|[from] ability: Hospitality|[of] p1a: Sinistcha\n|move|p2a: Arcanine|Extreme Speed|p1b: Iron Bundle\n|-damage|p1b: Iron Bundle|45\/100\n|move|p1b: Iron Bundle|Tera Blast|p2b: Farigiraf|[anim] Tera Blast Electric\n|-damage|p2b: Farigiraf|0 fnt\n|faint|p2b: Farigiraf\n|-damage|p1b: Iron Bundle|36\/100|[from] item: Life Orb\n|\n|upkeep\n|\n|t:|1700079551\n|switch|p2b: Tatsugiri|Tatsugiri-Stretchy, L50, F|100\/100\n|turn|4\n|\n|t:|1700079568\n|move|p1b: Iron Bundle|Protect|p1b: Iron Bundle\n|-singleturn|p1b: Iron Bundle|Protect\n|move|p2a: Arcanine|Extreme Speed|p1b: Iron Bundle\n|-activate|p1b: Iron Bundle|move: Protect\n|move|p2b: Tatsugiri|Icy Wind|p1b: Iron Bundle|[spread] p1a\n|-activate|p1b: Iron Bundle|move: Protect\n|-supereffective|p1a: Sinistcha\n|-damage|p1a: Sinistcha|75\/100\n|-unboost|p1a: Sinistcha|spe|1\n|move|p1a: Sinistcha|Strength Sap|p2a: Arcanine\n|-unboost|p2a: Arcanine|atk|1\n|-heal|p1a: Sinistcha|100\/100\n|\n|upkeep\n|turn|5\n|\n|t:|1700079592\n|move|p2b: Tatsugiri|Icy Wind|p1a: Sinistcha|[spread] p1a,p1b\n|-supereffective|p1a: Sinistcha\n|-damage|p1a: Sinistcha|76\/100\n|-damage|p1b: Iron Bundle|14\/100\n|-unboost|p1a: Sinistcha|spe|1\n|-unboost|p1b: Iron Bundle|spe|1\n|move|p2a: Arcanine|Flare Blitz|p1b: Iron Bundle\n|-damage|p1b: Iron Bundle|0 fnt\n|faint|p1b: Iron Bundle\n|-end|p1b: Iron Bundle|Quark Drive|[silent]\n|-damage|p2a: Arcanine|27\/100|[from] Recoil\n|move|p1a: Sinistcha|Strength Sap|p2a: Arcanine\n|-unboost|p2a: Arcanine|atk|1\n|-heal|p1a: Sinistcha|100\/100\n|\n|upkeep\n|inactive|Lego superman has 30 seconds left.\n|\n|t:|1700079623\n|switch|p1b: Iron Thorns|Iron Thorns, L50|100\/100\n|turn|6\n|inactive|Lego superman has 30 seconds left.\n|\n|t:|1700079654\n|move|p1b: Iron Thorns|Protect|p1b: Iron Thorns\n|-singleturn|p1b: Iron Thorns|Protect\n|move|p2b: Tatsugiri|Icy Wind|p1a: Sinistcha|[spread] p1a\n|-activate|p1b: Iron Thorns|move: Protect\n|-supereffective|p1a: Sinistcha\n|-damage|p1a: Sinistcha|74\/100\n|-unboost|p1a: Sinistcha|spe|1\n|move|p2a: Arcanine|Flare Blitz|p1a: Sinistcha\n|-supereffective|p1a: Sinistcha\n|-damage|p1a: Sinistcha|16\/100\n|-damage|p2a: Arcanine|10\/100|[from] Recoil\n|move|p1a: Sinistcha|Matcha Gotcha|p2b: Tatsugiri|[spread] p2a,p2b\n|-damage|p2a: Arcanine|0 fnt\n|-heal|p1a: Sinistcha|21\/100|[from] drain|[of] p2a: Arcanine\n|-damage|p2b: Tatsugiri|70\/100\n|-heal|p1a: Sinistcha|34\/100|[from] drain|[of] p2b: Tatsugiri\n|faint|p2a: Arcanine\n|\n|-heal|p1a: Sinistcha|40\/100|[from] item: Leftovers\n|upkeep\n|\n|t:|1700079673\n|switch|p2a: Ursaluna|Ursaluna, L50, M|100\/100\n|turn|7\n|inactive|Lego superman has 30 seconds left.\n|inactive|Lego superman has 20 seconds left.\n|\n|t:|1700079709\n|move|p2a: Ursaluna|Protect|p2a: Ursaluna\n|-singleturn|p2a: Ursaluna|Protect\n|move|p2b: Tatsugiri|Icy Wind|p1b: Iron Thorns|[spread] p1a,p1b\n|-supereffective|p1a: Sinistcha\n|-damage|p1a: Sinistcha|13\/100\n|-damage|p1b: Iron Thorns|86\/100\n|-unboost|p1a: Sinistcha|spe|1\n|move|p1b: Iron Thorns|Dragon Claw|p2b: Tatsugiri\n|-supereffective|p2b: Tatsugiri\n|-damage|p2b: Tatsugiri|0 fnt\n|faint|p2b: Tatsugiri\n|move|p1a: Sinistcha|Matcha Gotcha|p2a: Ursaluna\n|-activate|p2a: Ursaluna|move: Protect\n|\n|-heal|p1a: Sinistcha|20\/100|[from] item: Leftovers\n|-status|p2a: Ursaluna|brn|[from] item: Flame Orb\n|upkeep\n|turn|8\n|inactive|Lego superman has 30 seconds left.\n|\n|t:|1700079735\n|switch|p1a: Thundurus|Thundurus, L50, M|3\/100\n|move|p1b: Iron Thorns|Protect|p1b: Iron Thorns\n|-singleturn|p1b: Iron Thorns|Protect\n|move|p2a: Ursaluna|Earthquake|p1b: Iron Thorns|[spread] \n|-activate|p1b: Iron Thorns|move: Protect\n|-immune|p1a: Thundurus\n|\n|-damage|p2a: Ursaluna|95\/100 brn|[from] brn\n|upkeep\n|turn|9\n|inactive|Lego superman has 30 seconds left.\n|\n|t:|1700079769\n|-end|p1b: Iron Thorns|Quark Drive|[silent]\n|switch|p1b: Sinistcha|Sinistcha-Masterpiece, L50|20\/100\n|-heal|p1a: Thundurus|27\/100|[from] ability: Hospitality|[of] p1b: Sinistcha\n|move|p1a: Thundurus|Electric Terrain|p1a: Thundurus\n|-fieldstart|move: Electric Terrain\n|move|p2a: Ursaluna|Earthquake|p1b: Sinistcha|[spread] p1b\n|-immune|p1a: Thundurus\n|-resisted|p1b: Sinistcha\n|-damage|p1b: Sinistcha|0 fnt\n|faint|p1b: Sinistcha\n|\n|-damage|p2a: Ursaluna|89\/100 brn|[from] brn\n|upkeep\n|\n|t:|1700079782\n|switch|p1b: Iron Thorns|Iron Thorns, L50|86\/100\n|-activate|p1b: Iron Thorns|ability: Quark Drive\n|-start|p1b: Iron Thorns|quarkdriveatk\n|turn|10\n|\n|t:|1700079801\n|move|p1a: Thundurus|Knock Off|p2a: Ursaluna\n|-damage|p2a: Ursaluna|70\/100 brn\n|-enditem|p2a: Ursaluna|Flame Orb|[from] move: Knock Off|[of] p1a: Thundurus\n|move|p1b: Iron Thorns|Rock Slide|p2a: Ursaluna\n|-resisted|p2a: Ursaluna\n|-damage|p2a: Ursaluna|49\/100 brn\n|move|p2a: Ursaluna|Earthquake|p1b: Iron Thorns|[spread] p1b\n|-immune|p1a: Thundurus\n|-supereffective|p1b: Iron Thorns\n|-damage|p1b: Iron Thorns|0 fnt\n|faint|p1b: Iron Thorns\n|-end|p1b: Iron Thorns|Quark Drive|[silent]\n|\n|-damage|p2a: Ursaluna|44\/100 brn|[from] brn\n|upkeep\n|turn|11\n|\n|t:|1700079818\n|move|p1a: Thundurus|Knock Off|p2a: Ursaluna\n|-damage|p2a: Ursaluna|31\/100 brn\n|move|p2a: Ursaluna|Facade|p1a: Thundurus\n|-damage|p1a: Thundurus|0 fnt\n|faint|p1a: Thundurus\n|\n|win|cardojtv\n|raw|Lego superman's rating: 1223 &rarr; <strong>1194<\/strong><br \/>(-29 for losing)\n|raw|cardojtv's rating: 1162 &rarr; <strong>1191<\/strong><br \/>(+29 for winning)\n","uploadtime":1700079826,"views":12,"p1id":"legosuperman","p2id":"cardojtv","formatid":"gen9vgc2023regulatione","rating":1191,"private":0,"password":""}