{"id":"gen9vgc2023regulatione-1993679158","p1":"ttrqre","p2":"DoooofyRoooofy","format":"[Gen 9] VGC 2023 Regulation E","log":"|j|\u2606ttrqre\n|j|\u2606DoooofyRoooofy\n|t:|1700344710\n|gametype|doubles\n|player|p1|ttrqre|ingo|1102\n|player|p2|DoooofyRoooofy|clown|1173\n|teamsize|p1|6\n|teamsize|p2|6\n|gen|9\n|tier|[Gen 9] VGC 2023 Regulation E\n|rated|\n|rule|Species Clause: Limit one of each Pok\u00e9mon\n|rule|Item Clause: Limit one of each item\n|clearpoke\n|poke|p1|Tyranitar, L50, F|\n|poke|p1|Houndstone, L50, F|\n|poke|p1|Landorus-Therian, L50, M|\n|poke|p1|Heatran, L50, M|\n|poke|p1|Rillaboom, L50, F|\n|poke|p1|Urshifu-*, L50, F|\n|poke|p2|Chien-Pao, L50|\n|poke|p2|Dragapult, L50, F|\n|poke|p2|Chi-Yu, L50|\n|poke|p2|Iron Bundle, L50|\n|poke|p2|Dudunsparce-*, L50, M|\n|poke|p2|Tsareena, L50, F|\n|teampreview|4\n|inactive|Battle timer is ON: inactive players will automatically lose when time's up. (requested by ttrqre)\n|inactive|DoooofyRoooofy has 60 seconds left.\n|\n|t:|1700344747\n|start\n|switch|p1a: Tyranitar|Tyranitar, L50, F|100\/100\n|switch|p1b: Houndstone|Houndstone, L50, F|100\/100\n|switch|p2a: Iron Bundle|Iron Bundle, L50|100\/100\n|switch|p2b: Tsareena|Tsareena, L50, F|100\/100\n|-weather|Sandstorm|[from] ability: Sand Stream|[of] p1a: Tyranitar\n|-enditem|p2a: Iron Bundle|Booster Energy\n|-activate|p2a: Iron Bundle|ability: Quark Drive|[fromitem]\n|-start|p2a: Iron Bundle|quarkdrivespe\n|turn|1\n|\n|t:|1700344764\n|switch|p1a: Rillaboom|Rillaboom, L50, F|100\/100\n|-fieldstart|move: Grassy Terrain|[from] ability: Grassy Surge|[of] p1a: Rillaboom\n|move|p2a: Iron Bundle|Water Pulse|p1a: Rillaboom\n|-resisted|p1a: Rillaboom\n|-damage|p1a: Rillaboom|90\/100\n|move|p1b: Houndstone|Will-O-Wisp|p2b: Tsareena\n|-status|p2b: Tsareena|brn\n|move|p2b: Tsareena|Knock Off|p1b: Houndstone\n|-supereffective|p1b: Houndstone\n|-damage|p1b: Houndstone|77\/100\n|-enditem|p1b: Houndstone|Iapapa Berry|[from] move: Knock Off|[of] p2b: Tsareena\n|\n|-weather|Sandstorm|[upkeep]\n|-damage|p2a: Iron Bundle|94\/100|[from] Sandstorm\n|-damage|p2b: Tsareena|94\/100 brn|[from] Sandstorm\n|-damage|p1a: Rillaboom|84\/100|[from] Sandstorm\n|-heal|p2a: Iron Bundle|100\/100|[from] Grassy Terrain\n|-heal|p1b: Houndstone|84\/100|[from] Grassy Terrain\n|-heal|p2b: Tsareena|100\/100 brn|[from] Grassy Terrain\n|-heal|p1a: Rillaboom|90\/100|[from] Grassy Terrain\n|-damage|p2b: Tsareena|94\/100 brn|[from] brn\n|upkeep\n|turn|2\n|inactive|ttrqre has 30 seconds left.\n|\n|t:|1700344790\n|switch|p1a: Heatran|Heatran, L50, M|100\/100\n|move|p2a: Iron Bundle|Freeze-Dry|p1a: Heatran\n|-resisted|p1a: Heatran\n|-damage|p1a: Heatran|93\/100\n|-status|p1a: Heatran|frz\n|move|p1b: Houndstone|Snarl|p2a: Iron Bundle|[spread] p2a,p2b\n|-damage|p2a: Iron Bundle|91\/100\n|-damage|p2b: Tsareena|89\/100 brn\n|-unboost|p2a: Iron Bundle|spa|1\n|-unboost|p2b: Tsareena|spa|1\n|move|p2b: Tsareena|Acupressure|p2a: Iron Bundle\n|-boost|p2a: Iron Bundle|spd|2\n|\n|-weather|Sandstorm|[upkeep]\n|-damage|p2a: Iron Bundle|84\/100|[from] Sandstorm\n|-damage|p2b: Tsareena|83\/100 brn|[from] Sandstorm\n|-heal|p2a: Iron Bundle|91\/100|[from] Grassy Terrain\n|-heal|p1b: Houndstone|90\/100|[from] Grassy Terrain\n|-heal|p2b: Tsareena|89\/100 brn|[from] Grassy Terrain\n|-heal|p1a: Heatran|98\/100 frz|[from] Grassy Terrain\n|-damage|p2b: Tsareena|83\/100 brn|[from] brn\n|upkeep\n|turn|3\n|\n|t:|1700344812\n|move|p2a: Iron Bundle|Water Pulse|p1b: Houndstone\n|-damage|p1b: Houndstone|70\/100\n|-start|p1b: Houndstone|confusion\n|-activate|p1b: Houndstone|confusion\n|move|p1b: Houndstone|Will-O-Wisp|p2a: Iron Bundle|[miss]\n|-miss|p1b: Houndstone|p2a: Iron Bundle\n|move|p2b: Tsareena|Acupressure|p2a: Iron Bundle\n|-boost|p2a: Iron Bundle|evasion|2\n|cant|p1a: Heatran|frz\n|\n|-weather|Sandstorm|[upkeep]\n|-damage|p2a: Iron Bundle|84\/100|[from] Sandstorm\n|-damage|p2b: Tsareena|77\/100 brn|[from] Sandstorm\n|-heal|p2a: Iron Bundle|91\/100|[from] Grassy Terrain\n|-heal|p1b: Houndstone|77\/100|[from] Grassy Terrain\n|-heal|p2b: Tsareena|83\/100 brn|[from] Grassy Terrain\n|-heal|p1a: Heatran|100\/100 frz|[from] Grassy Terrain\n|-damage|p2b: Tsareena|77\/100 brn|[from] brn\n|upkeep\n|turn|4\n|\n|t:|1700344827\n|move|p2a: Iron Bundle|Water Pulse|p1a: Heatran\n|-supereffective|p1a: Heatran\n|-damage|p1a: Heatran|62\/100 frz\n|-activate|p1b: Houndstone|confusion\n|move|p1b: Houndstone|Will-O-Wisp|p2a: Iron Bundle\n|-status|p2a: Iron Bundle|brn\n|move|p2b: Tsareena|Acupressure|p2a: Iron Bundle\n|-boost|p2a: Iron Bundle|spa|2\n|cant|p1a: Heatran|frz\n|\n|-weather|Sandstorm|[upkeep]\n|-damage|p2a: Iron Bundle|84\/100 brn|[from] Sandstorm\n|-damage|p2b: Tsareena|71\/100 brn|[from] Sandstorm\n|-heal|p2a: Iron Bundle|91\/100 brn|[from] Grassy Terrain\n|-heal|p1b: Houndstone|83\/100|[from] Grassy Terrain\n|-heal|p2b: Tsareena|77\/100 brn|[from] Grassy Terrain\n|-heal|p1a: Heatran|68\/100 frz|[from] Grassy Terrain\n|-damage|p2a: Iron Bundle|84\/100 brn|[from] brn\n|-damage|p2b: Tsareena|71\/100 brn|[from] brn\n|upkeep\n|turn|5\n|\n|t:|1700344843\n|switch|p1b: Rillaboom|Rillaboom, L50, F|90\/100\n|-terastallize|p1a: Heatran|Fairy\n|move|p2a: Iron Bundle|Water Pulse|p1a: Heatran\n|-damage|p1a: Heatran|27\/100 frz\n|move|p2b: Tsareena|Acupressure|p2a: Iron Bundle\n|-boost|p2a: Iron Bundle|atk|2\n|cant|p1a: Heatran|frz\n|\n|-weather|none\n|-heal|p2a: Iron Bundle|91\/100 brn|[from] Grassy Terrain\n|-heal|p2b: Tsareena|77\/100 brn|[from] Grassy Terrain\n|-heal|p1b: Rillaboom|96\/100|[from] Grassy Terrain\n|-heal|p1a: Heatran|32\/100 frz|[from] Grassy Terrain\n|-damage|p2a: Iron Bundle|84\/100 brn|[from] brn\n|-damage|p2b: Tsareena|71\/100 brn|[from] brn\n|-fieldend|move: Grassy Terrain\n|upkeep\n|turn|6\n|\n|t:|1700344860\n|move|p2a: Iron Bundle|Water Pulse|p1a: Heatran\n|-damage|p1a: Heatran|0 fnt\n|faint|p1a: Heatran\n|move|p2b: Tsareena|Knock Off|p1b: Rillaboom\n|-damage|p1b: Rillaboom|84\/100\n|-enditem|p1b: Rillaboom|Assault Vest|[from] move: Knock Off|[of] p2b: Tsareena\n|move|p1b: Rillaboom|Wood Hammer|p2a: Iron Bundle|[miss]\n|-miss|p1b: Rillaboom|p2a: Iron Bundle\n|\n|-damage|p2a: Iron Bundle|78\/100 brn|[from] brn\n|-damage|p2b: Tsareena|65\/100 brn|[from] brn\n|upkeep\n|\n|t:|1700344867\n|switch|p1a: Tyranitar|Tyranitar, L50, F|100\/100\n|-weather|Sandstorm|[from] ability: Sand Stream|[of] p1a: Tyranitar\n|turn|7\n|\n|t:|1700344874\n|move|p2a: Iron Bundle|Freeze-Dry|p1b: Rillaboom\n|-supereffective|p1b: Rillaboom\n|-damage|p1b: Rillaboom|0 fnt\n|faint|p1b: Rillaboom\n|move|p2b: Tsareena|Knock Off|p1a: Tyranitar\n|-resisted|p1a: Tyranitar\n|-damage|p1a: Tyranitar|95\/100\n|-enditem|p1a: Tyranitar|Clear Amulet|[from] move: Knock Off|[of] p2b: Tsareena\n|move|p1a: Tyranitar|Rock Slide|p2a: Iron Bundle|[spread] p2b\n|-miss|p1a: Tyranitar|p2a: Iron Bundle\n|-damage|p2b: Tsareena|33\/100 brn\n|\n|-weather|Sandstorm|[upkeep]\n|-damage|p2a: Iron Bundle|72\/100 brn|[from] Sandstorm\n|-damage|p2b: Tsareena|27\/100 brn|[from] Sandstorm\n|-damage|p2a: Iron Bundle|66\/100 brn|[from] brn\n|-damage|p2b: Tsareena|21\/100 brn|[from] brn\n|upkeep\n|\n|t:|1700344881\n|switch|p1b: Houndstone|Houndstone, L50, F|83\/100\n|turn|8\n|\n|t:|1700344899\n|move|p2a: Iron Bundle|Water Pulse|p1a: Tyranitar\n|-supereffective|p1a: Tyranitar\n|-crit|p1a: Tyranitar\n|-damage|p1a: Tyranitar|9\/100\n|move|p1b: Houndstone|Last Respects|p2a: Iron Bundle|[miss]\n|-miss|p1b: Houndstone|p2a: Iron Bundle\n|move|p2b: Tsareena|Acupressure|p2a: Iron Bundle\n|-boost|p2a: Iron Bundle|accuracy|2\n|move|p1a: Tyranitar|Rock Slide|p2b: Tsareena|[spread] p2b\n|-miss|p1a: Tyranitar|p2a: Iron Bundle\n|-damage|p2b: Tsareena|0 fnt\n|faint|p2b: Tsareena\n|\n|-weather|Sandstorm|[upkeep]\n|-damage|p2a: Iron Bundle|60\/100 brn|[from] Sandstorm\n|-damage|p2a: Iron Bundle|54\/100 brn|[from] brn\n|upkeep\n|\n|t:|1700344910\n|switch|p2b: Chien-Pao|Chien-Pao, L50|100\/100\n|-ability|p2b: Chien-Pao|Sword of Ruin\n|turn|9\n|\n|t:|1700344914\n|move|p1a: Tyranitar|Protect|p1a: Tyranitar\n|-singleturn|p1a: Tyranitar|Protect\n|move|p2a: Iron Bundle|Icy Wind|p1b: Houndstone|[spread] p1b\n|-activate|p1a: Tyranitar|move: Protect\n|-damage|p1b: Houndstone|49\/100\n|-unboost|p1b: Houndstone|spe|1\n|move|p2b: Chien-Pao|Crunch|p1b: Houndstone\n|-supereffective|p1b: Houndstone\n|-crit|p1b: Houndstone\n|-damage|p1b: Houndstone|0 fnt\n|faint|p1b: Houndstone\n|\n|-weather|Sandstorm|[upkeep]\n|-damage|p2a: Iron Bundle|48\/100 brn|[from] Sandstorm\n|-damage|p2b: Chien-Pao|95\/100|[from] Sandstorm\n|-damage|p2a: Iron Bundle|42\/100 brn|[from] brn\n|upkeep\n|turn|10\n|\n|t:|1700344926\n|move|p2a: Iron Bundle|Water Pulse|p1a: Tyranitar\n|-supereffective|p1a: Tyranitar\n|-damage|p1a: Tyranitar|0 fnt\n|faint|p1a: Tyranitar\n|\n|win|DoooofyRoooofy\n|raw|ttrqre's rating: 1102 &rarr; <strong>1082<\/strong><br \/>(-20 for losing)\n|raw|DoooofyRoooofy's rating: 1173 &rarr; <strong>1193<\/strong><br \/>(+20 for winning)\n","uploadtime":1700344929,"views":7,"p1id":"ttrqre","p2id":"doooofyroooofy","formatid":"gen9vgc2023regulatione","rating":1082,"private":0,"password":""}