{"id":"gen9vgc2023regulatione-1998854257","p1":"MythicalDarkrai","p2":"Among Us Andy","format":"[Gen 9] VGC 2023 Regulation E","log":"|j|\u2606MythicalDarkrai\n|j|\u2606Among Us Andy\n|t:|1701003621\n|gametype|doubles\n|player|p1|MythicalDarkrai|giovanni|1050\n|player|p2|Among Us Andy|red|1051\n|teamsize|p1|6\n|teamsize|p2|6\n|gen|9\n|tier|[Gen 9] VGC 2023 Regulation E\n|rated|\n|rule|Species Clause: Limit one of each Pok\u00e9mon\n|rule|Item Clause: Limit one of each item\n|clearpoke\n|poke|p1|Spectrier, L50|\n|poke|p1|Rillaboom, L50, M|\n|poke|p1|Urshifu-*, L50, F|\n|poke|p1|Heatran, L50, F|\n|poke|p1|Rotom-Wash, L50|\n|poke|p1|Cresselia, L50, F|\n|poke|p2|Rillaboom, L50, F|\n|poke|p2|Tornadus, L50, M|\n|poke|p2|Urshifu-*, L50, F|\n|poke|p2|Farigiraf, L50, F|\n|poke|p2|Iron Hands, L50|\n|poke|p2|Heatran, L50, M|\n|teampreview|4\n|inactive|Battle timer is ON: inactive players will automatically lose when time's up. (requested by Among Us Andy)\n|inactive|MythicalDarkrai has 60 seconds left.\nMythicalDarkrai rejected open team sheets.\n|inactive|MythicalDarkrai has 30 seconds left.\n|\n|t:|1701003703\n|start\n|switch|p1a: Rillaboom|Rillaboom, L50, M|100\/100\n|switch|p1b: Cresselia|Cresselia, L50, F|100\/100\n|switch|p2a: Farigiraf|Farigiraf, L50, F, shiny|100\/100\n|switch|p2b: Iron Hands|Iron Hands, L50|100\/100\n|-fieldstart|move: Grassy Terrain|[from] ability: Grassy Surge|[of] p1a: Rillaboom\n|-enditem|p2b: Iron Hands|Booster Energy\n|-activate|p2b: Iron Hands|ability: Quark Drive|[fromitem]\n|-start|p2b: Iron Hands|quarkdriveatk\n|turn|1\n|inactive|MythicalDarkrai has 30 seconds left.\n|inactive|Among Us Andy has 30 seconds left.\n|\n|t:|1701003738\n|move|p1b: Cresselia|Ally Switch|p1b: Cresselia\n|swap|p1b: Cresselia|0|[from] move: Ally Switch\n|move|p1b: Rillaboom|U-turn|p2a: Farigiraf\n|-supereffective|p2a: Farigiraf\n|-damage|p2a: Farigiraf|53\/100\n|-damage|p1b: Rillaboom|84\/100|[from] item: Rocky Helmet|[of] p2a: Farigiraf\n|\n|t:|1701003744\n|switch|p1b: Heatran|Heatran, L50, F|100\/100|[from] U-turn\n|move|p2a: Farigiraf|Imprison|p2a: Farigiraf\n|-start|p2a: Farigiraf|move: Imprison\n|move|p2b: Iron Hands|Ice Punch|p1a: Cresselia\n|-damage|p1a: Cresselia|74\/100\n|\n|-heal|p2a: Farigiraf|59\/100|[from] Grassy Terrain\n|upkeep\n|turn|2\n|\n|t:|1701003764\n|move|p1b: Heatran|Heat Wave|p2b: Iron Hands|[spread] p2a,p2b\n|-crit|p2b: Iron Hands\n|-damage|p2a: Farigiraf|17\/100\n|-damage|p2b: Iron Hands|45\/100\n|move|p1a: Cresselia|Ice Beam|p2a: Farigiraf\n|-damage|p2a: Farigiraf|0 fnt\n|faint|p2a: Farigiraf\n|move|p2b: Iron Hands|Drain Punch|p1b: Heatran\n|-supereffective|p1b: Heatran\n|-damage|p1b: Heatran|0 fnt\n|-heal|p2b: Iron Hands|83\/100|[from] drain|[of] p1b: Heatran\n|faint|p1b: Heatran\n|\n|-heal|p2b: Iron Hands|89\/100|[from] Grassy Terrain\n|upkeep\n|\n|t:|1701003774\n|switch|p1b: Rillaboom|Rillaboom, L50, M|84\/100\n|switch|p2a: Heatran|Heatran, L50, M|100\/100\n|turn|3\n|\n|t:|1701003796\n|move|p1b: Rillaboom|Fake Out|p2a: Heatran\n|-resisted|p2a: Heatran\n|-damage|p2a: Heatran|94\/100\n|cant|p2a: Heatran|flinch\n|move|p1a: Cresselia|Ice Beam|p2b: Iron Hands\n|-damage|p2b: Iron Hands|74\/100\n|move|p2b: Iron Hands|Ice Punch|p1b: Rillaboom\n|-supereffective|p1b: Rillaboom\n|-damage|p1b: Rillaboom|0 fnt\n|faint|p1b: Rillaboom\n|\n|-heal|p2a: Heatran|99\/100|[from] Grassy Terrain\n|-heal|p2b: Iron Hands|81\/100|[from] Grassy Terrain\n|upkeep\n|\n|t:|1701003809\n|switch|p1b: Urshifu|Urshifu-Rapid-Strike, L50, F|100\/100\n|turn|4\n|\n|t:|1701003833\n|-terastallize|p1a: Cresselia|Psychic\n|move|p1b: Urshifu|Close Combat|p2a: Heatran\n|-supereffective|p2a: Heatran\n|-damage|p2a: Heatran|0 fnt\n|-unboost|p1b: Urshifu|def|1\n|-unboost|p1b: Urshifu|spd|1\n|faint|p2a: Heatran\n|move|p1a: Cresselia|Psychic|p2b: Iron Hands\n|-supereffective|p2b: Iron Hands\n|-damage|p2b: Iron Hands|15\/100\n|move|p2b: Iron Hands|Thunder Punch|p1a: Cresselia\n|-damage|p1a: Cresselia|37\/100\n|-status|p1a: Cresselia|par\n|\n|-heal|p2b: Iron Hands|21\/100|[from] Grassy Terrain\n|upkeep\n|\n|t:|1701003844\n|switch|p2a: Rillaboom|Rillaboom, L50, F|100\/100\n|turn|5\n|inactive|MythicalDarkrai has 30 seconds left.\n|inactive|MythicalDarkrai has 20 seconds left.\n|inactive|MythicalDarkrai has 15 seconds left.\n|\n|t:|1701003885\n|cant|p1a: Cresselia|par\n|move|p2a: Rillaboom|Grassy Glide|p1b: Urshifu\n|-supereffective|p1b: Urshifu\n|-damage|p1b: Urshifu|0 fnt\n|faint|p1b: Urshifu\n|move|p2b: Iron Hands|Thunder Punch|p1a: Cresselia\n|-damage|p1a: Cresselia|0 fnt\n|faint|p1a: Cresselia\n|\n|win|Among Us Andy\n|raw|MythicalDarkrai's rating: 1050 &rarr; <strong>1033<\/strong><br \/>(-17 for losing)\n|raw|Among Us Andy's rating: 1051 &rarr; <strong>1083<\/strong><br \/>(+32 for winning)\n|l|\u2606MythicalDarkrai\n","uploadtime":1701003896,"views":5,"p1id":"mythicaldarkrai","p2id":"amongusandy","formatid":"gen9vgc2023regulatione","rating":1033,"private":0,"password":""}