{"id":"gen9vgc2023regulatione-1996726267","p1":"manolynx","p2":"sprinklez619","format":"[Gen 9] VGC 2023 Regulation E","log":"|j|\u2606manolynx\n|j|\u2606sprinklez619\n|t:|1700715119\n|gametype|doubles\n|player|p1|manolynx|jogger|1082\n|player|p2|sprinklez619|266|1122\n|teamsize|p1|6\n|teamsize|p2|6\n|gen|9\n|tier|[Gen 9] VGC 2023 Regulation E\n|rated|\n|rule|Species Clause: Limit one of each Pok\u00e9mon\n|rule|Item Clause: Limit one of each item\n|clearpoke\n|poke|p1|Rillaboom, L50, M|\n|poke|p1|Chandelure, L50, F|\n|poke|p1|Ninetales-Alola, L50, M|\n|poke|p1|Ursaluna, L50, M|\n|poke|p1|Farigiraf, L50, M|\n|poke|p1|Glimmora, L50, M|\n|poke|p2|Regieleki, L50|\n|poke|p2|Scizor, L50, F|\n|poke|p2|Tornadus, L50, M|\n|poke|p2|Farigiraf, L50, F|\n|poke|p2|Chien-Pao, L50|\n|poke|p2|Dragonite, L50, M|\n|teampreview|4\n|\n|t:|1700715140\n|start\n|switch|p1a: Ninetales|Ninetales-Alola, L50, M|100\/100\n|switch|p1b: Rillaboom|Rillaboom, L50, M|100\/100\n|switch|p2a: Farigiraf|Farigiraf, L50, F|100\/100\n|switch|p2b: Scizor|Scizor, L50, F|100\/100\n|-weather|Snow|[from] ability: Snow Warning|[of] p1a: Ninetales\n|-fieldstart|move: Grassy Terrain|[from] ability: Grassy Surge|[of] p1b: Rillaboom\n|turn|1\n|\n|t:|1700715180\n|-terastallize|p1a: Ninetales|Dragon\n|move|p2b: Scizor|Bullet Punch|p1a: Ninetales\n|-damage|p1a: Ninetales|60\/100\n|move|p1a: Ninetales|Aurora Veil|p1a: Ninetales\n|-sidestart|p1: manolynx|move: Aurora Veil\n|move|p1b: Rillaboom|U-turn|p2a: Farigiraf\n|-supereffective|p2a: Farigiraf\n|-damage|p2a: Farigiraf|56\/100\n|\n|t:|1700715189\n|switch|p1b: Chandelure|Chandelure, L50, F, shiny|100\/100|[from] U-turn\n|move|p2a: Farigiraf|Hyper Voice|p1b: Chandelure|[spread] p1a\n|-immune|p1b: Chandelure\n|-damage|p1a: Ninetales|40\/100\n|-enditem|p2a: Farigiraf|Throat Spray\n|-boost|p2a: Farigiraf|spa|1|[from] item: Throat Spray\n|\n|-weather|Snow|[upkeep]\n|-heal|p1a: Ninetales|46\/100|[from] Grassy Terrain\n|-heal|p2a: Farigiraf|62\/100|[from] Grassy Terrain\n|upkeep\n|turn|2\n|\n|t:|1700715234\n|switch|p2b: Dragonite|Dragonite, L50, M|100\/100\n|move|p1a: Ninetales|Encore|p2a: Farigiraf\n|-start|p2a: Farigiraf|Encore\n|move|p1b: Chandelure|Heat Wave|p2a: Farigiraf|[spread] p2a,p2b\n|-resisted|p2b: Dragonite\n|-damage|p2a: Farigiraf|19\/100\n|-damage|p2b: Dragonite|81\/100\n|move|p2a: Farigiraf|Hyper Voice|p1b: Chandelure|[spread] p1a\n|-immune|p1b: Chandelure\n|-damage|p1a: Ninetales|12\/100\n|\n|-weather|Snow|[upkeep]\n|-heal|p1a: Ninetales|18\/100|[from] Grassy Terrain\n|-heal|p2a: Farigiraf|25\/100|[from] Grassy Terrain\n|upkeep\n|turn|3\n|\n|t:|1700715269\n|move|p1a: Ninetales|Icy Wind|p2b: Dragonite|[spread] p2a,p2b\n|-supereffective|p2b: Dragonite\n|-damage|p2a: Farigiraf|11\/100\n|-damage|p2b: Dragonite|36\/100\n|-unboost|p2a: Farigiraf|spe|1\n|-unboost|p2b: Dragonite|spe|1\n|move|p1b: Chandelure|Heat Wave|p2a: Farigiraf|[spread] p2a,p2b\n|-resisted|p2b: Dragonite\n|-damage|p2a: Farigiraf|0 fnt\n|-damage|p2b: Dragonite|17\/100\n|faint|p2a: Farigiraf\n|move|p2b: Dragonite|Stomping Tantrum|p1b: Chandelure\n|-supereffective|p1b: Chandelure\n|-damage|p1b: Chandelure|15\/100\n|\n|-weather|Snow|[upkeep]\n|-heal|p1a: Ninetales|24\/100|[from] Grassy Terrain\n|-heal|p1b: Chandelure|21\/100|[from] Grassy Terrain\n|upkeep\n|\n|t:|1700715285\n|switch|p2a: Chien-Pao|Chien-Pao, L50|100\/100\n|-ability|p2a: Chien-Pao|Sword of Ruin\n|turn|4\n|\n|t:|1700715320\n|move|p1b: Chandelure|Protect|p1b: Chandelure\n|-singleturn|p1b: Chandelure|Protect\n|move|p2a: Chien-Pao|Sucker Punch||[still]\n|-fail|p2a: Chien-Pao\n|move|p1a: Ninetales|Icy Wind|p2a: Chien-Pao|[spread] p2a,p2b\n|-resisted|p2a: Chien-Pao\n|-supereffective|p2b: Dragonite\n|-damage|p2a: Chien-Pao|91\/100\n|-damage|p2b: Dragonite|0 fnt\n|-unboost|p2a: Chien-Pao|spe|1\n|faint|p2b: Dragonite\n|\n|-weather|Snow|[upkeep]\n|-heal|p1a: Ninetales|30\/100|[from] Grassy Terrain\n|-heal|p1b: Chandelure|27\/100|[from] Grassy Terrain\n|-heal|p2a: Chien-Pao|97\/100|[from] Grassy Terrain\n|upkeep\n|\n|t:|1700715336\n|switch|p2b: Scizor|Scizor, L50, F|100\/100\n|turn|5\n|\n|t:|1700715352\n|switch|p1b: Rillaboom|Rillaboom, L50, M|100\/100\n|move|p2a: Chien-Pao|Sucker Punch||[still]\n|-fail|p2a: Chien-Pao\n|move|p2b: Scizor|Bullet Punch|p1a: Ninetales\n|-damage|p1a: Ninetales|0 fnt\n|faint|p1a: Ninetales\n|\n|-weather|none\n|-heal|p2a: Chien-Pao|100\/100|[from] Grassy Terrain\n|-sideend|p1: manolynx|move: Aurora Veil\n|-fieldend|move: Grassy Terrain\n|upkeep\n|l|\u2606sprinklez619\n|player|p2|\n|\n|t:|1700715381\n|switch|p1a: Chandelure|Chandelure, L50, F, shiny|27\/100\n|turn|6\n|j|\u2606sprinklez619\n|player|p2|sprinklez619|266\n|\n|t:|1700715394\n|-terastallize|p2b: Scizor|Fire\n|move|p2a: Chien-Pao|Protect|p2a: Chien-Pao\n|-singleturn|p2a: Chien-Pao|Protect\n|move|p1b: Rillaboom|Fake Out|p2a: Chien-Pao\n|-activate|p2a: Chien-Pao|move: Protect\n|move|p1a: Chandelure|Heat Wave|p2a: Chien-Pao|[spread] p2b\n|-activate|p2a: Chien-Pao|move: Protect\n|-resisted|p2b: Scizor\n|-damage|p2b: Scizor|72\/100\n|move|p2b: Scizor|Bug Bite|p1b: Rillaboom\n|-supereffective|p1b: Rillaboom\n|-crit|p1b: Rillaboom\n|-damage|p1b: Rillaboom|0 fnt\n|faint|p1b: Rillaboom\n|\n|upkeep\n|\n|t:|1700715410\n|switch|p1b: Glimmora|Glimmora, L50, M|100\/100\n|turn|7\n|\n|t:|1700715446\n|move|p1a: Chandelure|Protect|p1a: Chandelure\n|-singleturn|p1a: Chandelure|Protect\n|move|p2a: Chien-Pao|Sucker Punch||[still]\n|-fail|p2a: Chien-Pao\n|move|p2b: Scizor|Bullet Punch|p1a: Chandelure\n|-activate|p1a: Chandelure|move: Protect\n|move|p1b: Glimmora|Power Gem|p2a: Chien-Pao\n|-supereffective|p2a: Chien-Pao\n|-enditem|p2a: Chien-Pao|Focus Sash\n|-damage|p2a: Chien-Pao|1\/100\n|\n|upkeep\n|turn|8\n|\n|t:|1700715469\n|move|p2a: Chien-Pao|Sucker Punch|p1a: Chandelure\n|-supereffective|p1a: Chandelure\n|-damage|p1a: Chandelure|0 fnt\n|faint|p1a: Chandelure\n|move|p1b: Glimmora|Power Gem|p2b: Scizor\n|-supereffective|p2b: Scizor\n|-damage|p2b: Scizor|0 fnt\n|faint|p2b: Scizor\n|\n|upkeep\n|turn|9\n|\n|t:|1700715480\n|move|p1b: Glimmora|Power Gem|p2a: Chien-Pao\n|-supereffective|p2a: Chien-Pao\n|-damage|p2a: Chien-Pao|0 fnt\n|faint|p2a: Chien-Pao\n|\n|win|manolynx\n|raw|manolynx's rating: 1082 &rarr; <strong>1113<\/strong><br \/>(+31 for winning)\n|raw|sprinklez619's rating: 1122 &rarr; <strong>1094<\/strong><br \/>(-28 for losing)\n|l|\u2606sprinklez619\n","uploadtime":1700715491,"views":3,"p1id":"manolynx","p2id":"sprinklez619","formatid":"gen9vgc2023regulatione","rating":1094,"private":0,"password":""}