{"id":"gen9vgc2023regulatione-1989409845","p1":"lagodude","p2":"Mo mo 15","format":"[Gen 9] VGC 2023 Regulation E","log":"|j|\u2606lagodude\n|j|\u2606Mo mo 15\n|t:|1699846608\n|gametype|doubles\n|player|p1|lagodude|1|1242\n|player|p2|Mo mo 15|hoopster|1178\n|teamsize|p1|6\n|teamsize|p2|6\n|gen|9\n|tier|[Gen 9] VGC 2023 Regulation E\n|rated|\n|rule|Species Clause: Limit one of each Pok\u00e9mon\n|rule|Item Clause: Limit one of each item\n|clearpoke\n|poke|p1|Sableye, L50, M|\n|poke|p1|Slaking, L50, F|\n|poke|p1|Arcanine-Hisui, L50, F|\n|poke|p1|Amoonguss, L50, M|\n|poke|p1|Conkeldurr, L50, M|\n|poke|p1|Iron Hands, L50|\n|poke|p2|Iron Bundle, L50|\n|poke|p2|Talonflame, L50, F|\n|poke|p2|Flutter Mane, L50|\n|poke|p2|Sinistcha-Masterpiece, L50|\n|poke|p2|Tyranitar, L50, F|\n|poke|p2|Iron Hands, L50|\n|teampreview|4\n|inactive|Battle timer is ON: inactive players will automatically lose when time's up. (requested by lagodude)\n|inactive|lagodude has 60 seconds left.\n|inactive|Mo mo 15 has 60 seconds left.\n|\n|t:|1699846649\n|start\n|switch|p1a: Arcanine|Arcanine-Hisui, L50, F|100\/100\n|switch|p1b: Amoonguss|Amoonguss, L50, M|100\/100\n|switch|p2a: Talonflame|Talonflame, L50, F|100\/100\n|switch|p2b: Flutter Mane|Flutter Mane, L50|100\/100\n|-ability|p1a: Arcanine|Intimidate|boost\n|-unboost|p2a: Talonflame|atk|1\n|-unboost|p2b: Flutter Mane|atk|1\n|turn|1\n|\n|t:|1699846667\n|move|p1b: Amoonguss|Protect|p1b: Amoonguss\n|-singleturn|p1b: Amoonguss|Protect\n|move|p2b: Flutter Mane|Dazzling Gleam|p1b: Amoonguss|[spread] p1a\n|-activate|p1b: Amoonguss|move: Protect\n|-resisted|p1a: Arcanine\n|-damage|p1a: Arcanine|72\/100\n|move|p2a: Talonflame|Tailwind|p2a: Talonflame\n|-sidestart|p2: Mo mo 15|move: Tailwind\n|move|p1a: Arcanine|Rock Slide|p2a: Talonflame|[spread] p2b\n|-miss|p1a: Arcanine|p2a: Talonflame\n|-damage|p2b: Flutter Mane|42\/100\n|\n|upkeep\n|turn|2\n|inactive|lagodude has 30 seconds left.\n|\n|t:|1699846699\n|switch|p1b: Sableye|Sableye, L50, M|100\/100\n|move|p2b: Flutter Mane|Dazzling Gleam|p1a: Arcanine|[spread] p1a,p1b\n|-resisted|p1a: Arcanine\n|-supereffective|p1b: Sableye\n|-enditem|p1b: Sableye|Roseli Berry|[eat]\n|-enditem|p1b: Sableye|Roseli Berry|[weaken]\n|-damage|p1a: Arcanine|40\/100\n|-damage|p1b: Sableye|48\/100\n|move|p2a: Talonflame|Acrobatics|p1b: Sableye\n|-damage|p1b: Sableye|11\/100\n|move|p1a: Arcanine|Rock Slide|p2b: Flutter Mane|[spread] p2a,p2b\n|-supereffective|p2a: Talonflame\n|-damage|p2a: Talonflame|0 fnt\n|-damage|p2b: Flutter Mane|0 fnt\n|faint|p2a: Talonflame\n|faint|p2b: Flutter Mane\n|-end|p2b: Flutter Mane|Protosynthesis|[silent]\n|\n|upkeep\n|\n|t:|1699846713\n|switch|p2b: Iron Hands|Iron Hands, L50|100\/100\n|switch|p2a: Sinistcha|Sinistcha-Masterpiece, L50|100\/100\n|turn|3\n|\n|t:|1699846723\n|switch|p1a: Amoonguss|Amoonguss, L50, M|100\/100\n|move|p2a: Sinistcha|Matcha Gotcha|p1b: Sableye|[spread] p1b\n|-miss|p2a: Sinistcha|p1a: Amoonguss\n|-damage|p1b: Sableye|0 fnt\n|faint|p1b: Sableye\n|move|p2b: Iron Hands|Drain Punch|p1a: Amoonguss\n|-resisted|p1a: Amoonguss\n|-damage|p1a: Amoonguss|80\/100\n|\n|upkeep\n|\n|t:|1699846737\n|switch|p1b: Arcanine|Arcanine-Hisui, L50, F|40\/100\n|-ability|p1b: Arcanine|Intimidate|boost\n|-unboost|p2a: Sinistcha|atk|1\n|-unboost|p2b: Iron Hands|atk|1\n|turn|4\n|inactive|lagodude has 30 seconds left.\n|\n|t:|1699846770\n|switch|p1b: Slaking|Slaking, L50, F|100\/100\n|move|p2a: Sinistcha|Matcha Gotcha|p1b: Slaking|[spread] p1a,p1b\n|-resisted|p1a: Amoonguss\n|-damage|p1a: Amoonguss|75\/100\n|-damage|p1b: Slaking|77\/100\n|move|p2b: Iron Hands|Drain Punch|p1b: Slaking\n|-supereffective|p1b: Slaking\n|-damage|p1b: Slaking|35\/100\n|move|p1a: Amoonguss|Spore|p2b: Iron Hands\n|-status|p2b: Iron Hands|slp|[from] move: Spore\n|\n|-sideend|p2: Mo mo 15|move: Tailwind\n|upkeep\n|turn|5\n|\n|t:|1699846786\n|switch|p1b: Arcanine|Arcanine-Hisui, L50, F|40\/100\n|-ability|p1b: Arcanine|Intimidate|boost\n|-unboost|p2a: Sinistcha|atk|1\n|-unboost|p2b: Iron Hands|atk|1\n|cant|p2b: Iron Hands|slp\n|move|p1a: Amoonguss|Pollen Puff|p1b: Arcanine\n|-heal|p1b: Arcanine|90\/100\n|move|p2a: Sinistcha|Trick Room|p2a: Sinistcha\n|-fieldstart|move: Trick Room|[of] p2a: Sinistcha\n|\n|upkeep\n|turn|6\n|\n|t:|1699846800\n|move|p1a: Amoonguss|Rage Powder|p1a: Amoonguss\n|-singleturn|p1a: Amoonguss|move: Rage Powder\n|cant|p2b: Iron Hands|slp\n|move|p2a: Sinistcha|Matcha Gotcha|p1b: Arcanine|[spread] p1a,p1b\n|-resisted|p1a: Amoonguss\n|-damage|p1a: Amoonguss|70\/100\n|-damage|p1b: Arcanine|56\/100\n|move|p1b: Arcanine|Flare Blitz|p2a: Sinistcha\n|-supereffective|p2a: Sinistcha\n|-damage|p2a: Sinistcha|25\/100\n|-damage|p1b: Arcanine|40\/100|[from] item: Rocky Helmet|[of] p2a: Sinistcha\n|-damage|p1b: Arcanine|14\/100|[from] Recoil\n|\n|upkeep\n|turn|7\n|\n|t:|1699846813\n|switch|p1b: Slaking|Slaking, L50, F|35\/100\n|move|p1a: Amoonguss|Pollen Puff|p1b: Slaking\n|-heal|p1b: Slaking|85\/100\n|cant|p2b: Iron Hands|slp\n|move|p2a: Sinistcha|Matcha Gotcha|p1a: Amoonguss|[spread] p1a,p1b\n|-resisted|p1a: Amoonguss\n|-damage|p1a: Amoonguss|65\/100\n|-heal|p2a: Sinistcha|28\/100|[from] drain|[of] p1a: Amoonguss\n|-damage|p1b: Slaking|63\/100\n|-heal|p2a: Sinistcha|44\/100|[from] drain|[of] p1b: Slaking\n|\n|upkeep\n|turn|8\n|\n|t:|1699846832\n|-terastallize|p1b: Slaking|Ghost\n|move|p1a: Amoonguss|Pollen Puff|p1b: Slaking\n|-heal|p1b: Slaking|100\/100\n|-curestatus|p2b: Iron Hands|slp|[msg]\n|move|p2b: Iron Hands|Ice Punch|p1a: Amoonguss\n|-supereffective|p1a: Amoonguss\n|-damage|p1a: Amoonguss|38\/100\n|-enditem|p1a: Amoonguss|Sitrus Berry|[eat]\n|-heal|p1a: Amoonguss|63\/100|[from] item: Sitrus Berry\n|move|p2a: Sinistcha|Matcha Gotcha|p1b: Slaking|[spread] p1a\n|-miss|p2a: Sinistcha|p1b: Slaking\n|-resisted|p1a: Amoonguss\n|-damage|p1a: Amoonguss|57\/100\n|-heal|p2a: Sinistcha|48\/100|[from] drain|[of] p1a: Amoonguss\n|-status|p1a: Amoonguss|brn\n|move|p1b: Slaking|Drain Punch|p2b: Iron Hands\n|-damage|p2b: Iron Hands|78\/100\n|\n|-damage|p1a: Amoonguss|51\/100 brn|[from] brn\n|upkeep\n|turn|9\n|inactive|Mo mo 15 has 30 seconds left.\n|\n|t:|1699846860\n|move|p1a: Amoonguss|Spore|p2b: Iron Hands\n|-status|p2b: Iron Hands|slp|[from] move: Spore\n|cant|p2b: Iron Hands|slp\n|move|p2a: Sinistcha|Strength Sap|p1b: Slaking\n|-fail|p1b: Slaking|unboost|[from] item: Clear Amulet|[of] p1b: Slaking\n|-heal|p2a: Sinistcha|100\/100\n|cant|p1b: Slaking|ability: Truant\n|\n|-damage|p1a: Amoonguss|45\/100 brn|[from] brn\n|-fieldend|move: Trick Room\n|upkeep\n|turn|10\n|\n|t:|1699846880\n|move|p1a: Amoonguss|Protect|p1a: Amoonguss\n|-singleturn|p1a: Amoonguss|Protect\n|move|p1b: Slaking|Ice Punch|p2a: Sinistcha\n|-supereffective|p2a: Sinistcha\n|-damage|p2a: Sinistcha|57\/100\n|-damage|p1b: Slaking|84\/100|[from] item: Rocky Helmet|[of] p2a: Sinistcha\n|cant|p2b: Iron Hands|slp\n|move|p2a: Sinistcha|Trick Room|p2a: Sinistcha\n|-fieldstart|move: Trick Room|[of] p2a: Sinistcha\n|\n|-damage|p1a: Amoonguss|39\/100 brn|[from] brn\n|upkeep\n|turn|11\n|\n|t:|1699846897\n|switch|p1a: Arcanine|Arcanine-Hisui, L50, F|14\/100\n|-ability|p1a: Arcanine|Intimidate|boost\n|-unboost|p2a: Sinistcha|atk|1\n|-unboost|p2b: Iron Hands|atk|1\n|cant|p2b: Iron Hands|slp\n|move|p2a: Sinistcha|Matcha Gotcha|p1b: Slaking|[spread] p1b\n|-miss|p2a: Sinistcha|p1a: Arcanine\n|-damage|p1b: Slaking|61\/100\n|-heal|p2a: Sinistcha|74\/100|[from] drain|[of] p1b: Slaking\n|cant|p1b: Slaking|ability: Truant\n|\n|upkeep\n|turn|12\n|\n|t:|1699846915\n|-curestatus|p2b: Iron Hands|slp|[msg]\n|move|p2b: Iron Hands|Ice Punch|p1a: Arcanine\n|-resisted|p1a: Arcanine\n|-damage|p1a: Arcanine|6\/100\n|move|p2a: Sinistcha|Matcha Gotcha|p1a: Arcanine|[spread] p1a,p1b\n|-damage|p1a: Arcanine|0 fnt\n|-heal|p2a: Sinistcha|76\/100|[from] drain|[of] p1a: Arcanine\n|-damage|p1b: Slaking|37\/100\n|-heal|p2a: Sinistcha|94\/100|[from] drain|[of] p1b: Slaking\n|faint|p1a: Arcanine\n|move|p1b: Slaking|Slack Off|p1b: Slaking\n|-heal|p1b: Slaking|87\/100\n|\n|upkeep\n|\n|t:|1699846918\n|switch|p1a: Amoonguss|Amoonguss, L50, M|73\/100 brn\n|turn|13\n|\n|t:|1699846935\n|move|p1a: Amoonguss|Spore|p2b: Iron Hands\n|-status|p2b: Iron Hands|slp|[from] move: Spore\n|cant|p2b: Iron Hands|slp\n|move|p2a: Sinistcha|Matcha Gotcha|p1a: Amoonguss|[spread] p1a,p1b\n|-resisted|p1a: Amoonguss\n|-damage|p1a: Amoonguss|67\/100 brn\n|-heal|p2a: Sinistcha|97\/100|[from] drain|[of] p1a: Amoonguss\n|-damage|p1b: Slaking|65\/100\n|-heal|p2a: Sinistcha|100\/100|[from] drain|[of] p1b: Slaking\n|-status|p1b: Slaking|brn\n|cant|p1b: Slaking|ability: Truant\n|\n|-damage|p1a: Amoonguss|61\/100 brn|[from] brn\n|-damage|p1b: Slaking|58\/100 brn|[from] brn\n|upkeep\n|turn|14\n|\n|t:|1699846957\n|move|p1a: Amoonguss|Pollen Puff|p1b: Slaking\n|-heal|p1b: Slaking|100\/100 brn\n|-curestatus|p2b: Iron Hands|slp|[msg]\n|move|p2b: Iron Hands|Ice Punch|p1a: Amoonguss\n|-supereffective|p1a: Amoonguss\n|-crit|p1a: Amoonguss\n|-damage|p1a: Amoonguss|0 fnt\n|faint|p1a: Amoonguss\n|move|p2a: Sinistcha|Matcha Gotcha|p1b: Slaking\n|-damage|p1b: Slaking|66\/100 brn\n|move|p1b: Slaking|Facade|p2b: Iron Hands\n|-damage|p2b: Iron Hands|20\/100\n|\n|-damage|p1b: Slaking|60\/100 brn|[from] brn\n|-fieldend|move: Trick Room\n|upkeep\n|turn|15\n|inactive|Mo mo 15 has 30 seconds left.\n|\n|t:|1699846985\n|cant|p1b: Slaking|ability: Truant\n|move|p2a: Sinistcha|Matcha Gotcha|p1b: Slaking\n|-damage|p1b: Slaking|26\/100 brn\n|move|p2b: Iron Hands|Wild Charge|p1b: Slaking\n|-damage|p1b: Slaking|11\/100 brn\n|-damage|p2b: Iron Hands|16\/100|[from] Recoil\n|\n|-damage|p1b: Slaking|5\/100 brn|[from] brn\n|upkeep\n|turn|16\n|-message|lagodude forfeited.\n|\n|win|Mo mo 15\n|raw|lagodude's rating: 1242 &rarr; <strong>1212<\/strong><br \/>(-30 for losing)\n|raw|Mo mo 15's rating: 1178 &rarr; <strong>1208<\/strong><br \/>(+30 for winning)\n|l|\u2606lagodude\n","uploadtime":1699847008,"views":17,"p1id":"lagodude","p2id":"momo15","formatid":"gen9vgc2023regulatione","rating":1208,"private":0,"password":""}