{"id":"gen9vgc2023regulatione-1999233940","p1":"Lone Thief","p2":"alpha can elephant","format":"[Gen 9] VGC 2023 Regulation E","log":"|j|\u2606Lone Thief\n|j|\u2606alpha can elephant\n|t:|1701048754\n|gametype|doubles\n|player|p1|Lone Thief|gambler|1560\n|player|p2|alpha can elephant|marley|1776\n|teamsize|p1|6\n|teamsize|p2|6\n|gen|9\n|tier|[Gen 9] VGC 2023 Regulation E\n|rated|\n|rule|Species Clause: Limit one of each Pok\u00e9mon\n|rule|Item Clause: Limit one of each item\n|clearpoke\n|poke|p1|Roaring Moon, L50|\n|poke|p1|Urshifu-*, L50, M|\n|poke|p1|Flutter Mane, L50|\n|poke|p1|Ogerpon-Hearthflame, L50, F|\n|poke|p1|Gholdengo, L50|\n|poke|p1|Regieleki, L50|\n|poke|p2|Urshifu-*, L50, F|\n|poke|p2|Iron Bundle, L50|\n|poke|p2|Tornadus, L50, M|\n|poke|p2|Flutter Mane, L50|\n|poke|p2|Chien-Pao, L50|\n|poke|p2|Dragonite, L50, M|\n|teampreview|4\n|inactive|Battle timer is ON: inactive players will automatically lose when time's up. (requested by Lone Thief)\n|j| darkrinorex\n|\n|t:|1701048783\n|start\n|switch|p1a: Urshifu|Urshifu-Rapid-Strike, L50, M|100\/100\n|switch|p1b: Regieleki|Regieleki, L50|100\/100\n|switch|p2a: Tornadus|Tornadus, L50, M|100\/100\n|switch|p2b: Flutter Mane|Flutter Mane, L50|100\/100\n|turn|1\n|\n|t:|1701048798\n|-terastallize|p1a: Urshifu|Water\n|move|p2a: Tornadus|Tailwind|p2a: Tornadus\n|-sidestart|p2: alpha can elephant|move: Tailwind\n|move|p2b: Flutter Mane|Dazzling Gleam|p1a: Urshifu|[spread] p1a,p1b\n|-damage|p1a: Urshifu|27\/100\n|-damage|p1b: Regieleki|6\/100\n|move|p1b: Regieleki|Thunder Wave|p2a: Tornadus\n|-status|p2a: Tornadus|par\n|move|p1a: Urshifu|Surging Strikes|p2b: Flutter Mane\n|-crit|p2b: Flutter Mane\n|-damage|p2b: Flutter Mane|51\/100\n|-crit|p2b: Flutter Mane\n|-damage|p2b: Flutter Mane|0 fnt\n|faint|p2b: Flutter Mane\n|-end|p2b: Flutter Mane|Protosynthesis|[silent]\n|-hitcount|p2: Flutter Mane|2\n|\n|upkeep\n|\n|t:|1701048814\n|switch|p2b: Iron Bundle|Iron Bundle, L50|100\/100\n|-enditem|p2b: Iron Bundle|Booster Energy\n|-activate|p2b: Iron Bundle|ability: Quark Drive|[fromitem]\n|-start|p2b: Iron Bundle|quarkdrivespe\n|turn|2\n|\n|t:|1701048826\n|move|p2b: Iron Bundle|Icy Wind|p1a: Urshifu|[spread] p1a,p1b\n|-resisted|p1a: Urshifu\n|-damage|p1a: Urshifu|12\/100\n|-damage|p1b: Regieleki|0 fnt\n|-unboost|p1a: Urshifu|spe|1\n|faint|p1b: Regieleki\n|move|p2a: Tornadus|Bleakwind Storm|p1a: Urshifu|[miss]\n|-miss|p2a: Tornadus|p1a: Urshifu\n|move|p1a: Urshifu|Close Combat|p2b: Iron Bundle\n|-supereffective|p2b: Iron Bundle\n|-damage|p2b: Iron Bundle|0 fnt\n|-unboost|p1a: Urshifu|def|1\n|-unboost|p1a: Urshifu|spd|1\n|faint|p2b: Iron Bundle\n|-end|p2b: Iron Bundle|Quark Drive|[silent]\n|\n|upkeep\n|\n|t:|1701048838\n|switch|p1b: Roaring Moon|Roaring Moon, L50|100\/100\n|switch|p2b: Urshifu|Urshifu, L50, F|100\/100\n|-enditem|p1b: Roaring Moon|Booster Energy\n|-activate|p1b: Roaring Moon|ability: Protosynthesis|[fromitem]\n|-start|p1b: Roaring Moon|protosynthesisspe\n|turn|3\n|inactive|alpha can elephant has 30 seconds left.\n|\n|t:|1701048863\n|-end|p1b: Roaring Moon|Protosynthesis|[silent]\n|switch|p1b: Flutter Mane|Flutter Mane, L50|100\/100\n|-terastallize|p2b: Urshifu|Dark\n|move|p2b: Urshifu|Close Combat|p1b: Flutter Mane\n|-immune|p1b: Flutter Mane\n|cant|p2a: Tornadus|par\n|move|p1a: Urshifu|Surging Strikes|p2a: Tornadus\n|-crit|p2a: Tornadus\n|-damage|p2a: Tornadus|73\/100 par\n|-crit|p2a: Tornadus\n|-damage|p2a: Tornadus|40\/100 par\n|-crit|p2a: Tornadus\n|-damage|p2a: Tornadus|11\/100 par\n|-hitcount|p2a: Tornadus|3\n|\n|upkeep\n|turn|4\n|inactive|Lone Thief has 30 seconds left.\n|\n|t:|1701048893\n|move|p1a: Urshifu|Aqua Jet|p2a: Tornadus\n|-damage|p2a: Tornadus|0 fnt\n|faint|p2a: Tornadus\n|move|p2b: Urshifu|Wicked Blow|p1b: Flutter Mane\n|-crit|p1b: Flutter Mane\n|-damage|p1b: Flutter Mane|0 fnt\n|faint|p1b: Flutter Mane\n|-end|p1b: Flutter Mane|Protosynthesis|[silent]\n|-damage|p2b: Urshifu|91\/100|[from] item: Life Orb\n|\n|-sideend|p2: alpha can elephant|move: Tailwind\n|upkeep\n|\n|t:|1701048899\n|switch|p1b: Roaring Moon|Roaring Moon, L50|100\/100\n|turn|5\n|\n|t:|1701048911\n|move|p2b: Urshifu|Sucker Punch|p1a: Urshifu\n|-damage|p1a: Urshifu|0 fnt\n|faint|p1a: Urshifu\n|-damage|p2b: Urshifu|81\/100|[from] item: Life Orb\n|move|p1b: Roaring Moon|Acrobatics|p2b: Urshifu\n|-damage|p2b: Urshifu|42\/100\n|\n|upkeep\n|turn|6\n|\n|t:|1701048926\n|move|p1b: Roaring Moon|Breaking Swipe|p2b: Urshifu\n|-damage|p2b: Urshifu|11\/100\n|-unboost|p2b: Urshifu|atk|1\n|move|p2b: Urshifu|Close Combat|p1b: Roaring Moon\n|-supereffective|p1b: Roaring Moon\n|-damage|p1b: Roaring Moon|0 fnt\n|-unboost|p2b: Urshifu|def|1\n|-unboost|p2b: Urshifu|spd|1\n|faint|p1b: Roaring Moon\n|-end|p1b: Roaring Moon|Protosynthesis|[silent]\n|-damage|p2b: Urshifu|2\/100|[from] item: Life Orb\n|\n|win|alpha can elephant\n|raw|Lone Thief's rating: 1560 &rarr; <strong>1551<\/strong><br \/>(-9 for losing)\n|raw|alpha can elephant's rating: 1776 &rarr; <strong>1785<\/strong><br \/>(+9 for winning)\n|l|\u2606Lone Thief\n","uploadtime":1701048948,"views":26,"p1id":"lonethief","p2id":"alphacanelephant","formatid":"gen9vgc2023regulatione","rating":1551,"private":0,"password":""}