{"id":"gen9vgc2023regulatione-1991005366","p1":"TuroVGC","p2":"HellfireMissile","format":"[Gen 9] VGC 2023 Regulation E","log":"|j|\u2606TuroVGC\n|j|\u2606HellfireMissile\n|t:|1700026610\n|gametype|doubles\n|player|p1|TuroVGC|steven|\n|player|p2|HellfireMissile|supernerd|\n|teamsize|p1|6\n|teamsize|p2|6\n|gen|9\n|tier|[Gen 9] VGC 2023 Regulation E\n|rated|Tournament battle\n|rule|Species Clause: Limit one of each Pok\u00e9mon\n|rule|Item Clause: Limit one of each item\n|clearpoke\n|poke|p1|Roaring Moon, L50|\n|poke|p1|Arcanine-Hisui, L50, F|\n|poke|p1|Gholdengo, L50|\n|poke|p1|Iron Hands, L50|\n|poke|p1|Landorus, L50, M|\n|poke|p1|Ogerpon-Wellspring, L50, F|\n|poke|p2|Zapdos, L50|\n|poke|p2|Pelipper, L50, F|\n|poke|p2|Rillaboom, L50, M|\n|poke|p2|Basculegion, L50, M|\n|poke|p2|Goodra-Hisui, L50, F|\n|poke|p2|Landorus-Therian, L50, M|\n|teampreview|4\n|showteam|p1|Roaring Moon||BoosterEnergy|Protosynthesis|BreakingSwipe,KnockOff,Tailwind,Protect||||||50|,,,,,Poison]Arcanine-Hisui||ChoiceBand|Intimidate|FlareBlitz,RockSlide,ExtremeSpeed,TeraBlast|||F|||50|,,,,,Fairy]Gholdengo||Leftovers|GoodasGold|MakeItRain,ShadowBall,NastyPlot,Protect||||||50|,,,,,Dragon]Iron Hands||AssaultVest|QuarkDrive|FakeOut,DrainPunch,WildCharge,HeavySlam||||||50|,,,,,Fire]Landorus||LifeOrb|SheerForce|EarthPower,SludgeBomb,Substitute,Protect|||M|||50|,,,,,Poison]Ogerpon-Wellspring||WellspringMask|WaterAbsorb|IvyCudgel,HornLeech,FollowMe,SpikyShield|||F|||50|,,,,,Water\n|showteam|p2|Zapdos||LifeOrb|Static|Thunder,Hurricane,WeatherBall,Protect||||||50|,,,,,Water]Pelipper||DampRock|Drizzle|Hurricane,WeatherBall,HelpingHand,Protect|||F|||50|,,,,,Ground]Rillaboom||AssaultVest|GrassySurge|WoodHammer,GrassyGlide,FakeOut,KnockOff|||M|||50|,,,,,Grass]Basculegion||ChoiceBand|SwiftSwim|WaveCrash,AquaJet,LastRespects,Outrage|||M|||50|,,,,,Dragon]Goodra-Hisui||Leftovers|ShellArmor|BodyPress,HeavySlam,AcidArmor,Protect|||F|||50|,,,,,Water]Landorus-Therian||ChoiceScarf|Intimidate|TeraBlast,StompingTantrum,RockSlide,Uturn|||M|||50|,,,,,Flying\n|inactive|Battle timer is ON: inactive players will automatically lose when time's up. (requested by TuroVGC)\n|j|%Radio Free C-Side\n|c|\u2606HellfireMissile|I can't believe I won that last game\n|c|\u2606TuroVGC|gg\n|j| TREY_NJVGC\n|inactive|TuroVGC has 60 seconds left.\n|inactive|HellfireMissile has 60 seconds left.\n|c|\u2606HellfireMissile|glhf\n|c|\u2606TuroVGC|you played well\n|inactive|HellfireMissile has 30 seconds left.\n|c|\u2606TuroVGC|the pressure didn't beat you\n|inactive|HellfireMissile has 20 seconds left.\n|inactive|HellfireMissile has 15 seconds left.\n|\n|t:|1700026690\n|start\n|switch|p1a: Roaring Moon|Roaring Moon, L50|100\/100\n|switch|p1b: Arcanine|Arcanine-Hisui, L50, F|100\/100\n|switch|p2a: Mr. Jowls|Pelipper, L50, F|100\/100\n|switch|p2b: Hair Dye|Rillaboom, L50, M|100\/100\n|-ability|p1b: Arcanine|Intimidate|boost\n|-unboost|p2a: Mr. Jowls|atk|1\n|-unboost|p2b: Hair Dye|atk|1\n|-fieldstart|move: Grassy Terrain|[from] ability: Grassy Surge|[of] p2b: Hair Dye\n|-weather|RainDance|[from] ability: Drizzle|[of] p2a: Mr. Jowls\n|-enditem|p1a: Roaring Moon|Booster Energy\n|-activate|p1a: Roaring Moon|ability: Protosynthesis|[fromitem]\n|-start|p1a: Roaring Moon|protosynthesisatk\n|turn|1\n|c| TREY_NJVGC|Lando-I o_o\n|\n|t:|1700026709\n|-terastallize|p1b: Arcanine|Fairy\n|move|p2b: Hair Dye|Fake Out|p1a: Roaring Moon\n|-crit|p1a: Roaring Moon\n|-damage|p1a: Roaring Moon|75\/100\n|cant|p1a: Roaring Moon|flinch\n|move|p1b: Arcanine|Rock Slide|p2a: Mr. Jowls|[spread] p2a\n|-miss|p1b: Arcanine|p2b: Hair Dye\n|-supereffective|p2a: Mr. Jowls\n|-damage|p2a: Mr. Jowls|5\/100\n|move|p2a: Mr. Jowls|Weather Ball|p1b: Arcanine\n|-damage|p1b: Arcanine|39\/100\n|\n|-weather|RainDance|[upkeep]\n|-heal|p1a: Roaring Moon|81\/100|[from] Grassy Terrain\n|-heal|p1b: Arcanine|45\/100|[from] Grassy Terrain\n|upkeep\n|turn|2\n|inactive|HellfireMissile has 30 seconds left.\n|\n|t:|1700026737\n|switch|p1b: Iron Hands|Iron Hands, L50|100\/100\n|-terastallize|p2b: Hair Dye|Grass\n|move|p2b: Hair Dye|Grassy Glide|p1b: Iron Hands\n|-damage|p1b: Iron Hands|74\/100\n|move|p1a: Roaring Moon|Breaking Swipe|p2a: Mr. Jowls|[spread] p2a,p2b\n|-damage|p2a: Mr. Jowls|0 fnt\n|-damage|p2b: Hair Dye|71\/100\n|-unboost|p2b: Hair Dye|atk|1\n|faint|p2a: Mr. Jowls\n|\n|-weather|RainDance|[upkeep]\n|-heal|p1a: Roaring Moon|86\/100|[from] Grassy Terrain\n|-heal|p2b: Hair Dye|77\/100|[from] Grassy Terrain\n|-heal|p1b: Iron Hands|80\/100|[from] Grassy Terrain\n|upkeep\n|inactive|HellfireMissile has 30 seconds left.\n|\n|t:|1700026763\n|switch|p2a: Liger|Landorus-Therian, L50, M|100\/100\n|-ability|p2a: Liger|Intimidate|boost\n|-unboost|p1a: Roaring Moon|atk|1\n|-unboost|p1b: Iron Hands|atk|1\n|turn|3\n|\n|t:|1700026779\n|move|p1b: Iron Hands|Fake Out|p2a: Liger\n|-damage|p2a: Liger|88\/100\n|cant|p2a: Liger|flinch\n|move|p1a: Roaring Moon|Tailwind|p1a: Roaring Moon\n|-sidestart|p1: TuroVGC|move: Tailwind\n|move|p2b: Hair Dye|Wood Hammer|p1a: Roaring Moon\n|-resisted|p1a: Roaring Moon\n|-damage|p1a: Roaring Moon|55\/100\n|-damage|p2b: Hair Dye|66\/100|[from] Recoil\n|\n|-weather|RainDance|[upkeep]\n|-heal|p1a: Roaring Moon|61\/100|[from] Grassy Terrain\n|-heal|p1b: Iron Hands|86\/100|[from] Grassy Terrain\n|-heal|p2b: Hair Dye|72\/100|[from] Grassy Terrain\n|upkeep\n|turn|4\n|inactive|HellfireMissile has 30 seconds left.\n|\n|t:|1700026807\n|move|p1a: Roaring Moon|Knock Off|p2a: Liger\n|-damage|p2a: Liger|30\/100\n|-enditem|p2a: Liger|Choice Scarf|[from] move: Knock Off|[of] p1a: Roaring Moon\n|move|p1b: Iron Hands|Drain Punch|p2b: Hair Dye\n|-damage|p2b: Hair Dye|42\/100\n|-heal|p1b: Iron Hands|97\/100|[from] drain|[of] p2b: Hair Dye\n|move|p2a: Liger|Stomping Tantrum|p1b: Iron Hands\n|-supereffective|p1b: Iron Hands\n|-damage|p1b: Iron Hands|0 fnt\n|faint|p1b: Iron Hands\n|-end|p1b: Iron Hands|Quark Drive|[silent]\n|move|p2b: Hair Dye|Wood Hammer|p1a: Roaring Moon\n|-resisted|p1a: Roaring Moon\n|-damage|p1a: Roaring Moon|27\/100\n|-damage|p2b: Hair Dye|29\/100|[from] Recoil\n|\n|-weather|RainDance|[upkeep]\n|-heal|p1a: Roaring Moon|32\/100|[from] Grassy Terrain\n|-heal|p2b: Hair Dye|35\/100|[from] Grassy Terrain\n|upkeep\n|\n|t:|1700026817\n|switch|p1b: Arcanine|Arcanine-Hisui, L50, F, tera:Fairy|45\/100\n|-ability|p1b: Arcanine|Intimidate|boost\n|-unboost|p2a: Liger|atk|1\n|-unboost|p2b: Hair Dye|atk|1\n|turn|5\n|\n|t:|1700026833\n|move|p1b: Arcanine|Extreme Speed|p2b: Hair Dye\n|-damage|p2b: Hair Dye|0 fnt\n|faint|p2b: Hair Dye\n|move|p1a: Roaring Moon|Breaking Swipe|p2a: Liger\n|-damage|p2a: Liger|0 fnt\n|faint|p2a: Liger\n|\n|-weather|RainDance|[upkeep]\n|-heal|p1a: Roaring Moon|38\/100|[from] Grassy Terrain\n|-heal|p1b: Arcanine|51\/100|[from] Grassy Terrain\n|-fieldend|move: Grassy Terrain\n|upkeep\n|c|\u2606HellfireMissile|hmm\n|\n|t:|1700026845\n|switch|p2a: Fang Fish|Basculegion, L50, M|100\/100\n|turn|6\n|c| TREY_NJVGC|Missile mode engaged\n|j| StoopyLoopy\n|inactive|HellfireMissile has 30 seconds left.\n|c|\u2606TuroVGC|gg\n|inactive|HellfireMissile has 20 seconds left.\n|inactive|HellfireMissile has 15 seconds left.\n|\n|t:|1700026885\n|switch|p1b: Ogerpon|Ogerpon-Wellspring, L50, F|100\/100\n|move|p1a: Roaring Moon|Knock Off|p2a: Fang Fish\n|-supereffective|p2a: Fang Fish\n|-damage|p2a: Fang Fish|0 fnt\n|-enditem|p2a: Fang Fish|Choice Band|[from] move: Knock Off|[of] p1a: Roaring Moon\n|faint|p2a: Fang Fish\n|\n|win|TuroVGC\n|n|\u2606TuroVGC|turovgc\n|n|\u2606HellfireMissile|hellfiremissile\n|n| Radio Free C-Side|radiofreecside\n|n| TREY_NJVGC|treynjvgc\n|n| StoopyLoopy|stoopyloopy\n","uploadtime":1700026886,"views":14,"p1id":"turovgc","p2id":"hellfiremissile","formatid":"gen9vgc2023regulatione","rating":0,"private":0,"password":""}