{"id":"gen9vgc2023regulatione-1988598129","p1":"Darth_Nater59","p2":"OceanRayClark","format":"[Gen 9] VGC 2023 Regulation E","log":"|j|\u2606Darth_Nater59\n|j|\u2606OceanRayClark\n|t:|1699740331\n|gametype|doubles\n|player|p1|Darth_Nater59|alder|\n|player|p2|OceanRayClark|marshal|\n|teamsize|p1|6\n|teamsize|p2|6\n|gen|9\n|tier|[Gen 9] VGC 2023 Regulation E\n|rule|Species Clause: Limit one of each Pok\u00e9mon\n|rule|Item Clause: Limit one of each item\n|clearpoke\n|poke|p1|Iron Bundle, L50|\n|poke|p1|Iron Hands, L50|\n|poke|p1|Ogerpon, L50, F|\n|poke|p1|Ninetales-Alola, L50, F|\n|poke|p1|Arcanine-Hisui, L50, F|\n|poke|p1|Dragonite, L50, F|\n|poke|p2|Annihilape, L50, M|\n|poke|p2|Gallade, L50, M|\n|poke|p2|Iron Hands, L50|\n|poke|p2|Glimmora, L50, F|\n|poke|p2|Ninetales-Alola, L50, F|\n|poke|p2|Quaquaval, L50, M|\n|teampreview|4\nOceanRayClark rejected open team sheets.\n|\n|t:|1699740361\n|start\n|switch|p1a: Iron Hands|Iron Hands, L50|100\/100\n|switch|p1b: Ninetales|Ninetales-Alola, L50, F|100\/100\n|switch|p2a: Princess|Ninetales-Alola, L50, F|100\/100\n|switch|p2b: Milky Rose\ud83c\udf39|Glimmora, L50, F|100\/100\n|-weather|Snow|[from] ability: Snow Warning|[of] p1b: Ninetales\n|turn|1\n|\n|t:|1699740399\n|move|p1a: Iron Hands|Fake Out|p2a: Princess\n|-damage|p2a: Princess|86\/100\n|move|p1b: Ninetales|Aurora Veil|p1b: Ninetales\n|-sidestart|p1: Darth_Nater59|move: Aurora Veil\n|cant|p2a: Princess|flinch\n|move|p2b: Milky Rose\ud83c\udf39|Sludge Bomb|p1b: Ninetales\n|-supereffective|p1b: Ninetales\n|-damage|p1b: Ninetales|36\/100\n|\n|-weather|Snow|[upkeep]\n|upkeep\n|turn|2\n|\n|t:|1699740442\n|switch|p1b: Arcanine|Arcanine-Hisui, L50, F|100\/100\n|-ability|p1b: Arcanine|Intimidate|boost\n|-unboost|p2a: Princess|atk|1\n|-unboost|p2b: Milky Rose\ud83c\udf39|atk|1\n|move|p2a: Princess|Dazzling Gleam|p1a: Iron Hands|[spread] p1a,p1b\n|-supereffective|p1a: Iron Hands\n|-resisted|p1b: Arcanine\n|-damage|p1a: Iron Hands|84\/100\n|-damage|p1b: Arcanine|91\/100\n|move|p2b: Milky Rose\ud83c\udf39|Power Gem|p1b: Arcanine\n|-supereffective|p1b: Arcanine\n|-damage|p1b: Arcanine|18\/100\n|move|p1a: Iron Hands|Drain Punch|p2a: Princess\n|-damage|p2a: Princess|45\/100\n|-heal|p1a: Iron Hands|97\/100|[from] drain|[of] p2a: Princess\n|\n|-weather|Snow|[upkeep]\n|upkeep\n|turn|3\n|\n|t:|1699740470\n|move|p1b: Arcanine|Rock Slide|p2b: Milky Rose\ud83c\udf39|[spread] p2a,p2b\n|-supereffective|p2a: Princess\n|-damage|p2a: Princess|0 fnt\n|-damage|p2b: Milky Rose\ud83c\udf39|59\/100\n|-activate|p2b: Milky Rose\ud83c\udf39|ability: Toxic Debris\n|-sidestart|p1: Darth_Nater59|move: Toxic Spikes\n|faint|p2a: Princess\n|move|p2b: Milky Rose\ud83c\udf39|Sludge Bomb|p1b: Arcanine\n|-resisted|p1b: Arcanine\n|-damage|p1b: Arcanine|0 fnt\n|faint|p1b: Arcanine\n|move|p1a: Iron Hands|Drain Punch|p2b: Milky Rose\ud83c\udf39\n|-damage|p2b: Milky Rose\ud83c\udf39|5\/100\n|-heal|p1a: Iron Hands|100\/100|[from] drain|[of] p2b: Milky Rose\ud83c\udf39\n|-activate|p2b: Milky Rose\ud83c\udf39|ability: Toxic Debris\n|-sidestart|p1: Darth_Nater59|move: Toxic Spikes\n|\n|-weather|Snow|[upkeep]\n|-heal|p2b: Milky Rose\ud83c\udf39|11\/100|[from] item: Black Sludge\n|upkeep\n|\n|t:|1699740491\n|switch|p1b: Ninetales|Ninetales-Alola, L50, F|36\/100\n|switch|p2a: Soul Slicer|Gallade, L50, M|100\/100\n|-status|p1b: Ninetales|tox\n|turn|4\n|\n|t:|1699740549\n|-terastallize|p1a: Iron Hands|Grass\n|move|p2b: Milky Rose\ud83c\udf39|Spiky Shield|p2b: Milky Rose\ud83c\udf39\n|-singleturn|p2b: Milky Rose\ud83c\udf39|move: Protect\n|move|p1b: Ninetales|Moonblast|p2b: Milky Rose\ud83c\udf39\n|-activate|p2b: Milky Rose\ud83c\udf39|move: Protect\n|move|p2a: Soul Slicer|Psycho Cut|p1a: Iron Hands\n|-damage|p1a: Iron Hands|76\/100\n|move|p1a: Iron Hands|Wild Charge|p2a: Soul Slicer\n|-damage|p2a: Soul Slicer|26\/100\n|-damage|p1a: Iron Hands|64\/100|[from] Recoil\n|\n|-weather|Snow|[upkeep]\n|-heal|p2b: Milky Rose\ud83c\udf39|17\/100|[from] item: Black Sludge\n|-damage|p1b: Ninetales|30\/100 tox|[from] psn\n|upkeep\n|turn|5\n|\n|t:|1699740586\n|-end|p1a: Iron Hands|Quark Drive|[silent]\n|switch|p1a: Dragonite|Dragonite, L50, F|100\/100\n|move|p1b: Ninetales|Moonblast|p2b: Milky Rose\ud83c\udf39\n|-resisted|p2b: Milky Rose\ud83c\udf39\n|-crit|p2b: Milky Rose\ud83c\udf39\n|-damage|p2b: Milky Rose\ud83c\udf39|0 fnt\n|faint|p2b: Milky Rose\ud83c\udf39\n|move|p2a: Soul Slicer|Sacred Sword|p1b: Ninetales\n|-damage|p1b: Ninetales|0 fnt\n|faint|p1b: Ninetales\n|\n|-weather|none\n|-sideend|p1: Darth_Nater59|move: Aurora Veil\n|upkeep\n|\n|t:|1699740612\n|switch|p1b: Iron Hands|Iron Hands, L50, tera:Grass|64\/100\n|switch|p2b: Neptune|Quaquaval, L50, M|100\/100\n|-status|p1b: Iron Hands|tox\n|turn|6\n|l|\u2606OceanRayClark\n|player|p2|\n|j|\u2606OceanRayClark\n|player|p2|OceanRayClark|marshal\n|\n|t:|1699740666\n|-terastallize|p2a: Soul Slicer|Fairy\n|move|p1b: Iron Hands|Fake Out|p2b: Neptune\n|-damage|p2b: Neptune|81\/100\n|move|p1a: Dragonite|Extreme Speed|p2a: Soul Slicer\n|-damage|p2a: Soul Slicer|0 fnt\n|faint|p2a: Soul Slicer\n|cant|p2b: Neptune|flinch\n|\n|-damage|p1b: Iron Hands|58\/100 tox|[from] psn\n|upkeep\n|turn|7\n|\n|t:|1699740685\n|move|p2b: Neptune|Protect|p2b: Neptune\n|-singleturn|p2b: Neptune|Protect\n|move|p1a: Dragonite|Outrage|p2b: Neptune\n|-activate|p2b: Neptune|move: Protect\n|move|p1b: Iron Hands|Wild Charge|p2b: Neptune\n|-activate|p2b: Neptune|move: Protect\n|\n|-damage|p1b: Iron Hands|46\/100 tox|[from] psn\n|upkeep\n|turn|8\n|\n|t:|1699740701\n|move|p2b: Neptune|Ice Spinner|p1b: Iron Hands\n|-supereffective|p1b: Iron Hands\n|-damage|p1b: Iron Hands|10\/100 tox\n|move|p1a: Dragonite|Outrage|p2b: Neptune\n|-damage|p2b: Neptune|0 fnt\n|faint|p2b: Neptune\n|\n|win|Darth_Nater59\n|l|\u2606OceanRayClark\n","uploadtime":1699741320,"views":14,"p1id":"darthnater59","p2id":"oceanrayclark","formatid":"gen9vgc2023regulatione","rating":0,"private":0,"password":""}