{"id":"gen9vgc2023regulatione-1992561131","p1":"hugoplays85","p2":"WhatIsThatDogDoing","format":"[Gen 9] VGC 2023 Regulation E","log":"|j|\u2606hugoplays85\n|j|\u2606WhatIsThatDogDoing\n|t:|1700206027\n|gametype|doubles\n|player|p1|hugoplays85|colress|1036\n|player|p2|WhatIsThatDogDoing|interviewers|1046\n|teamsize|p1|6\n|teamsize|p2|6\n|gen|9\n|tier|[Gen 9] VGC 2023 Regulation E\n|rated|\n|rule|Species Clause: Limit one of each Pok\u00e9mon\n|rule|Item Clause: Limit one of each item\n|clearpoke\n|poke|p1|Mimikyu, L50, F|\n|poke|p1|Iron Hands, L50|\n|poke|p1|Cresselia, L50, F|\n|poke|p1|Ursaluna, L50, M|\n|poke|p1|Kingambit, L50, M|\n|poke|p1|Qwilfish-Hisui, L50, F|\n|poke|p2|Chien-Pao, L50|\n|poke|p2|Urshifu-*, L50, F|\n|poke|p2|Rillaboom, L50, M|\n|poke|p2|Arcanine-Hisui, L50, F|\n|poke|p2|Iron Hands, L50|\n|poke|p2|Tornadus, L50, M|\n|teampreview|4\n|inactive|Battle timer is ON: inactive players will automatically lose when time's up. (requested by hugoplays85)\n|\n|t:|1700206056\n|start\n|switch|p1a: Yohane|Mimikyu, L50, F|100\/100\n|switch|p1b: Hanamaru|Iron Hands, L50|100\/100\n|switch|p2a: Tornadus|Tornadus, L50, M|100\/100\n|switch|p2b: Urshifu|Urshifu-Rapid-Strike, L50, F|100\/100\n|turn|1\n|\n|t:|1700206068\n|move|p1b: Hanamaru|Fake Out|p2b: Urshifu\n|-damage|p2b: Urshifu|87\/100\n|move|p2a: Tornadus|Taunt|p1a: Yohane\n|-start|p1a: Yohane|move: Taunt\n|-enditem|p1a: Yohane|Mental Herb\n|-end|p1a: Yohane|move: Taunt\n|cant|p2b: Urshifu|flinch\n|move|p1a: Yohane|Trick Room|p1a: Yohane\n|-fieldstart|move: Trick Room|[of] p1a: Yohane\n|\n|upkeep\n|turn|2\n|inactive|hugoplays85 has 30 seconds left.\n|inactive|hugoplays85 has 20 seconds left.\n|\n|t:|1700206106\n|switch|p2b: Rillaboom|Rillaboom, L50, M|100\/100\n|-fieldstart|move: Grassy Terrain|[from] ability: Grassy Surge|[of] p2b: Rillaboom\n|-enditem|p2b: Rillaboom|Grassy Seed\n|-boost|p2b: Rillaboom|def|1|[from] item: Grassy Seed\n|move|p1a: Yohane|Play Rough|p2b: Rillaboom\n|-damage|p2b: Rillaboom|78\/100\n|move|p1b: Hanamaru|Volt Switch|p2b: Rillaboom\n|-resisted|p2b: Rillaboom\n|-damage|p2b: Rillaboom|67\/100\n|\n|t:|1700206121\n|-end|p1b: Hanamaru|Quark Drive|[silent]\n|switch|p1b: Nozomi|Ursaluna, L50, M|100\/100|[from] Volt Switch\n|move|p2a: Tornadus|Bleakwind Storm|p1b: Nozomi|[spread] \n|-miss|p2a: Tornadus|p1a: Yohane\n|-miss|p2a: Tornadus|p1b: Nozomi\n|\n|-heal|p2b: Rillaboom|73\/100|[from] Grassy Terrain\n|-status|p1b: Nozomi|brn|[from] item: Flame Orb\n|upkeep\n|turn|3\n|\n|t:|1700206140\n|switch|p1a: Kanata|Cresselia, L50, F|100\/100\n|move|p2b: Rillaboom|Grassy Glide|p1b: Nozomi\n|-supereffective|p1b: Nozomi\n|-damage|p1b: Nozomi|45\/100 brn\n|move|p1b: Nozomi|Facade|p2b: Rillaboom\n|-damage|p2b: Rillaboom|0 fnt\n|faint|p2b: Rillaboom\n|move|p2a: Tornadus|Bleakwind Storm|p1b: Nozomi|[spread] p1a,p1b\n|-damage|p1a: Kanata|79\/100\n|-damage|p1b: Nozomi|13\/100 brn\n|\n|-heal|p1b: Nozomi|19\/100 brn|[from] Grassy Terrain\n|-heal|p1a: Kanata|86\/100|[from] item: Leftovers\n|-damage|p1b: Nozomi|13\/100 brn|[from] brn\n|upkeep\n|\n|t:|1700206151\n|switch|p2b: Chien-Pao|Chien-Pao, L50|100\/100\n|-ability|p2b: Chien-Pao|Sword of Ruin\n|turn|4\n|\n|t:|1700206173\n|move|p1b: Nozomi|Protect|p1b: Nozomi\n|-singleturn|p1b: Nozomi|Protect\n|move|p2b: Chien-Pao|Sucker Punch||[still]\n|-fail|p2b: Chien-Pao\n|move|p1a: Kanata|Lunar Blessing|p1a: Kanata|[spread] p1a,p1b\n|-heal|p1a: Kanata|100\/100\n|-heal|p1b: Nozomi|38\/100 brn\n|-curestatus|p1b: Nozomi|brn|[msg]\n|move|p2a: Tornadus|Bleakwind Storm|p1b: Nozomi|[spread] p1a\n|-activate|p1b: Nozomi|move: Protect\n|-damage|p1a: Kanata|77\/100\n|\n|-heal|p1b: Nozomi|44\/100|[from] Grassy Terrain\n|-heal|p1a: Kanata|83\/100|[from] item: Leftovers\n|-status|p1b: Nozomi|brn|[from] item: Flame Orb\n|upkeep\n|turn|5\n|inactive|hugoplays85 has 30 seconds left.\n|\n|t:|1700206201\n|move|p1a: Kanata|Ally Switch|p1a: Kanata\n|swap|p1a: Kanata|1|[from] move: Ally Switch\n|move|p2b: Chien-Pao|Sucker Punch||[still]\n|-fail|p2b: Chien-Pao\n|move|p1a: Nozomi|Rock Slide|p2a: Tornadus|[spread] p2a,p2b\n|-supereffective|p2a: Tornadus\n|-supereffective|p2b: Chien-Pao\n|-damage|p2a: Tornadus|0 fnt\n|-damage|p2b: Chien-Pao|13\/100\n|faint|p2a: Tornadus\n|\n|-heal|p1a: Nozomi|49\/100 brn|[from] Grassy Terrain\n|-heal|p1b: Kanata|89\/100|[from] item: Leftovers\n|-heal|p2b: Chien-Pao|19\/100|[from] Grassy Terrain\n|-damage|p1a: Nozomi|44\/100 brn|[from] brn\n|-fieldend|move: Trick Room\n|upkeep\n|\n|t:|1700206205\n|switch|p2a: Urshifu|Urshifu-Rapid-Strike, L50, F|87\/100\n|turn|6\n|\n|t:|1700206217\n|move|p1a: Nozomi|Protect|p1a: Nozomi\n|-singleturn|p1a: Nozomi|Protect\n|move|p2a: Urshifu|Surging Strikes|p1b: Kanata\n|-crit|p1b: Kanata\n|-damage|p1b: Kanata|71\/100\n|-crit|p1b: Kanata\n|-damage|p1b: Kanata|56\/100\n|-crit|p1b: Kanata\n|-damage|p1b: Kanata|38\/100\n|-hitcount|p1b: Kanata|3\n|move|p2b: Chien-Pao|Icicle Crash|p1a: Nozomi\n|-activate|p1a: Nozomi|move: Protect\n|move|p1b: Kanata|Trick Room|p1b: Kanata\n|-fieldstart|move: Trick Room|[of] p1b: Kanata\n|\n|-heal|p1a: Nozomi|49\/100 brn|[from] Grassy Terrain\n|-heal|p1b: Kanata|45\/100|[from] item: Leftovers\n|-heal|p2b: Chien-Pao|24\/100|[from] Grassy Terrain\n|-heal|p2a: Urshifu|92\/100|[from] Grassy Terrain\n|-damage|p1a: Nozomi|44\/100 brn|[from] brn\n|-fieldend|move: Grassy Terrain\n|upkeep\n|turn|7\n|\n|t:|1700206241\n|-terastallize|p1a: Nozomi|Ghost\n|move|p1a: Nozomi|Earthquake|p2b: Chien-Pao|[spread] p2a,p2b\n|-immune|p1b: Kanata|[from] ability: Levitate\n|-damage|p2a: Urshifu|0 fnt\n|-damage|p2b: Chien-Pao|0 fnt\n|faint|p2a: Urshifu\n|faint|p2b: Chien-Pao\n|\n|win|hugoplays85\n|raw|hugoplays85's rating: 1036 &rarr; <strong>1072<\/strong><br \/>(+36 for winning)\n|raw|WhatIsThatDogDoing's rating: 1046 &rarr; <strong>1029<\/strong><br \/>(-17 for losing)\n|l|\u2606WhatIsThatDogDoing\n","uploadtime":1700206251,"views":21,"p1id":"hugoplays85","p2id":"whatisthatdogdoing","formatid":"gen9vgc2023regulatione","rating":1029,"private":0,"password":""}