{"id":"gen9vgc2023regulatione-1988159507","p1":"DCTChampion","p2":"whale1668","format":"[Gen 9] VGC 2023 Regulation E","log":"|j|\u2606DCTChampion\n|j|\u2606whale1668\n|n|\u2606DCTChampion|dctchampion\n|n|\u2606whale1668|whale1668\n|html|View the match progress at <a href=\"\/game-bestof3-gen9vgc2023regulatione-1988159506\">game-bestof3-gen9vgc2023regulatione-1988159506<\/a>\n|t:|1699677315\n|gametype|doubles\n|player|p1|DCTChampion|170|\n|player|p2|whale1668|265|\n|teamsize|p1|6\n|teamsize|p2|6\n|gen|9\n|tier|[Gen 9] VGC 2023 Regulation E\n|rule|Species Clause: Limit one of each Pok\u00e9mon\n|rule|Item Clause: Limit one of each item\n|clearpoke\n|poke|p1|Zapdos, L50|\n|poke|p1|Landorus-Therian, L50, M|\n|poke|p1|Cresselia, L50, F|\n|poke|p1|Weezing-Galar, L50, M|\n|poke|p1|Ogerpon-Wellspring, L50, F|\n|poke|p1|Kingambit, L50, F|\n|poke|p2|Basculegion, L50, M|\n|poke|p2|Thundurus, L50, M|\n|poke|p2|Azumarill, L50, F|\n|poke|p2|Iron Bundle, L50|\n|poke|p2|Clefable, L50, M|\n|poke|p2|Urshifu-*, L50, F|\n|teampreview|4\nDCTChampion has agreed to open team sheets.\nwhale1668 has agreed to open team sheets.\n|showteam|p1|Zapdos||SitrusBerry|Static|Discharge,HeatWave,Tailwind,Roost||||||50|,,,,,Electric]Landorus-Therian||ChoiceScarf|Intimidate|TeraBlast,RockSlide,Earthquake,Uturn|||M|||50|,,,,,Flying]Cresselia||SafetyGoggles|Levitate|Psychic,Moonblast,Moonlight,AllySwitch|||F|||50|,,,,,Fairy]Weezing-Galar||RockyHelmet|NeutralizingGas|DazzlingGleam,HeatWave,PainSplit,Taunt|||M|||50|,,,,,Fairy]Ogerpon-Wellspring||WellspringMask|WaterAbsorb|IvyCudgel,HornLeech,FollowMe,SpikyShield|||F|||50|,,,,,Water]Kingambit||BlackGlasses|Defiant|KowtowCleave,SuckerPunch,LowKick,Protect|||F|||50|,,,,,Flying\n|showteam|p2|Basculegion||ChoiceBand|Adaptability|AquaJet,LastRespects,WaveCrash,PhantomForce|||M|||50|,,,,,Grass]Thundurus||DampRock|Defiant|RainDance,Protect,WildboltStorm,NastyPlot|||M|||50|,,,,,Electric]Azumarill||IapapaBerry|SapSipper|RainDance,Protect,PlayRough,Liquidation|||F|||50|,,,,,Fairy]Iron Bundle||BoosterEnergy|QuarkDrive|Snowscape,FreezeDry,IcyWind,HydroPump||||||50|,,,,,Ghost]Clefable||HeavyDutyBoots|MagicGuard|DrainingKiss,Encore,Protect,FollowMe|||M|||50|,,,,,Normal]Urshifu||ExpertBelt|UnseenFist|Detect,SwordsDance,BrickBreak,SuckerPunch|||F|||50|,,,,,Fighting\n|j| TomGang\n|c| TomGang|hi\n|j| Sharkrai SJSU\n|\n|t:|1699677527\n|start\n|switch|p1a: Zapdos|Zapdos, L50|100\/100\n|switch|p1b: Landorus|Landorus-Therian, L50, M|100\/100\n|switch|p2a: Clefable|Clefable, L50, M|100\/100\n|switch|p2b: Iron Bundle|Iron Bundle, L50|100\/100\n|-ability|p1b: Landorus|Intimidate|boost\n|-unboost|p2a: Clefable|atk|1\n|-unboost|p2b: Iron Bundle|atk|1\n|-enditem|p2b: Iron Bundle|Booster Energy\n|-activate|p2b: Iron Bundle|ability: Quark Drive|[fromitem]\n|-start|p2b: Iron Bundle|quarkdrivespa\n|turn|1\n|\n|t:|1699677706\n|switch|p1a: Cresselia|Cresselia, L50, F|100\/100\n|-terastallize|p2b: Iron Bundle|Ghost\n|move|p2a: Clefable|Follow Me|p2a: Clefable\n|-singleturn|p2a: Clefable|move: Follow Me\n|move|p1b: Landorus|U-turn|p2a: Clefable\n|-resisted|p2a: Clefable\n|-damage|p2a: Clefable|83\/100\n|\n|t:|1699677717\n|switch|p1b: Ogerpon|Ogerpon-Wellspring, L50, F|100\/100|[from] U-turn\n|move|p2b: Iron Bundle|Icy Wind|p1a: Cresselia|[spread] p1a,p1b\n|-damage|p1a: Cresselia|82\/100\n|-damage|p1b: Ogerpon|66\/100\n|-unboost|p1a: Cresselia|spe|1\n|-unboost|p1b: Ogerpon|spe|1\n|\n|upkeep\n|turn|2\n|\n|t:|1699677804\n|move|p2a: Clefable|Protect|p2a: Clefable\n|-singleturn|p2a: Clefable|Protect\n|move|p2b: Iron Bundle|Freeze-Dry|p1b: Ogerpon\n|-supereffective|p1b: Ogerpon\n|-damage|p1b: Ogerpon|0 fnt\n|faint|p1b: Ogerpon\n|move|p1a: Cresselia|Psychic|p2b: Iron Bundle\n|-damage|p2b: Iron Bundle|47\/100\n|\n|upkeep\n|\n|t:|1699677829\n|switch|p1b: Landorus|Landorus-Therian, L50, M|100\/100\n|-ability|p1b: Landorus|Intimidate|boost\n|-unboost|p2a: Clefable|atk|1\n|-unboost|p2b: Iron Bundle|atk|1\n|turn|3\n|\n|t:|1699677869\n|move|p2a: Clefable|Follow Me|p2a: Clefable\n|-singleturn|p2a: Clefable|move: Follow Me\n|move|p1b: Landorus|Earthquake|p2a: Clefable|[spread] p2a,p2b\n|-immune|p1a: Cresselia|[from] ability: Levitate\n|-damage|p2a: Clefable|31\/100\n|-damage|p2b: Iron Bundle|0 fnt\n|faint|p2b: Iron Bundle\n|-end|p2b: Iron Bundle|Quark Drive|[silent]\n|move|p1a: Cresselia|Psychic|p2a: Clefable\n|-damage|p2a: Clefable|14\/100\n|\n|upkeep\n|\n|t:|1699677894\n|switch|p2b: Thundurus|Thundurus, L50, M|100\/100\n|turn|4\n|\n|t:|1699677973\n|switch|p1b: Zapdos|Zapdos, L50|100\/100\n|move|p2a: Clefable|Protect|p2a: Clefable\n|-singleturn|p2a: Clefable|Protect\n|move|p2b: Thundurus|Rain Dance|p2b: Thundurus\n|-weather|RainDance\n|move|p1a: Cresselia|Psychic|p2a: Clefable\n|-activate|p2a: Clefable|move: Protect\n|\n|-weather|RainDance|[upkeep]\n|upkeep\n|turn|5\n|\n|t:|1699678029\n|move|p2a: Clefable|Follow Me|p2a: Clefable\n|-singleturn|p2a: Clefable|move: Follow Me\n|move|p1b: Zapdos|Tailwind|p1b: Zapdos\n|-sidestart|p1: DCTChampion|move: Tailwind\n|move|p1a: Cresselia|Psychic|p2a: Clefable\n|-damage|p2a: Clefable|0 fnt\n|faint|p2a: Clefable\n|move|p2b: Thundurus|Wildbolt Storm|p1b: Zapdos|[spread] p1a,p1b\n|-crit|p1a: Cresselia\n|-damage|p1a: Cresselia|44\/100\n|-damage|p1b: Zapdos|54\/100\n|\n|-weather|RainDance|[upkeep]\n|upkeep\n|\n|t:|1699678046\n|switch|p2a: Basculegion|Basculegion, L50, M|100\/100\n|turn|6\n|\n|t:|1699678127\n|-terastallize|p1a: Cresselia|Fairy\n|move|p2a: Basculegion|Aqua Jet|p1b: Zapdos\n|-damage|p1b: Zapdos|0 fnt\n|-status|p2a: Basculegion|par|[from] ability: Static|[of] p1b: Zapdos\n|faint|p1b: Zapdos\n|move|p1a: Cresselia|Moonlight|p1a: Cresselia\n|-heal|p1a: Cresselia|69\/100\n|move|p2b: Thundurus|Nasty Plot|p2b: Thundurus\n|-boost|p2b: Thundurus|spa|2\n|\n|-weather|RainDance|[upkeep]\n|upkeep\n|\n|t:|1699678147\n|switch|p1b: Landorus|Landorus-Therian, L50, M|100\/100\n|-ability|p1b: Landorus|Intimidate|boost\n|-unboost|p2a: Basculegion|atk|1\n|-unboost|p2b: Thundurus|atk|1\n|-ability|p2b: Thundurus|Defiant|boost\n|-boost|p2b: Thundurus|atk|2\n|turn|7\n|\n|t:|1699678201\n|move|p2a: Basculegion|Aqua Jet|p1b: Landorus\n|-supereffective|p1b: Landorus\n|-damage|p1b: Landorus|8\/100\n|move|p1b: Landorus|Rock Slide|p2b: Thundurus|[spread] p2a,p2b\n|-supereffective|p2b: Thundurus\n|-damage|p2a: Basculegion|76\/100 par\n|-damage|p2b: Thundurus|33\/100\n|move|p1a: Cresselia|Moonblast|p2a: Basculegion\n|-damage|p2a: Basculegion|50\/100 par\n|-unboost|p2a: Basculegion|spa|1\n|move|p2b: Thundurus|Wildbolt Storm|p1a: Cresselia|[spread] p1a\n|-immune|p1b: Landorus\n|-damage|p1a: Cresselia|22\/100\n|\n|-weather|RainDance|[upkeep]\n|upkeep\n|turn|8\n|\n|t:|1699678260\n|move|p2a: Basculegion|Aqua Jet|p1b: Landorus\n|-supereffective|p1b: Landorus\n|-damage|p1b: Landorus|0 fnt\n|faint|p1b: Landorus\n|move|p1a: Cresselia|Moonblast|p2a: Basculegion\n|-damage|p2a: Basculegion|25\/100 par\n|-unboost|p2a: Basculegion|spa|1\n|move|p2b: Thundurus|Wildbolt Storm|p1a: Cresselia\n|-damage|p1a: Cresselia|0 fnt\n|faint|p1a: Cresselia\n|\n|win|whale1668\n|inactive|DCTChampion has 50 seconds to confirm battle start!\n|inactive|whale1668 has 50 seconds to confirm battle start!\n|c|&|\/uhtml prompt-dctchampion,DCTChampion is ready for game 2!\n|inactive|whale1668 has 40 seconds to confirm battle start!\n|inactive|whale1668 has 30 seconds to confirm battle start!\n|inactive|whale1668 has 20 seconds to confirm battle start!\n|inactive|whale1668 has 10 seconds to confirm battle start!\n|c|&|\/uhtml prompt-whale1668,whale1668 is ready for game 2!\nBoth players are ready! Starting next match!\n","uploadtime":1699678274,"views":36,"p1id":"dctchampion","p2id":"whale1668","formatid":"gen9vgc2023regulatione","rating":0,"private":0,"password":""}