{"id":"gen9vgc2023regulatione-1990956136","p1":"Wild248","p2":"assprinatschool","format":"[Gen 9] VGC 2023 Regulation E","log":"|j|\u2606Wild248\n|j|\u2606assprinatschool\n|t:|1700019524\n|gametype|doubles\n|player|p1|Wild248|ltsurge|1327\n|player|p2|assprinatschool|mira|1258\n|teamsize|p1|6\n|teamsize|p2|6\n|gen|9\n|tier|[Gen 9] VGC 2023 Regulation E\n|rated|\n|rule|Species Clause: Limit one of each Pok\u00e9mon\n|rule|Item Clause: Limit one of each item\n|clearpoke\n|poke|p1|Flutter Mane, L50|\n|poke|p1|Dragonite, L50, M|\n|poke|p1|Chien-Pao, L50|\n|poke|p1|Urshifu-*, L50, M|\n|poke|p1|Rillaboom, L50, M|\n|poke|p1|Arcanine-Hisui, L50, M|\n|poke|p2|Sinistcha, L50|\n|poke|p2|Gholdengo, L50|\n|poke|p2|Tornadus, L50, M|\n|poke|p2|Urshifu-*, L50, M|\n|poke|p2|Arcanine-Hisui, L50, F|\n|poke|p2|Landorus, L50, M|\n|teampreview|4\nassprinatschool has agreed to open team sheets.\n|inactive|Battle timer is ON: inactive players will automatically lose when time's up. (requested by Wild248)\n|\n|t:|1700019574\n|start\n|switch|p1a: Dragonite|Dragonite, L50, M, shiny|100\/100\n|switch|p1b: Arcanine|Arcanine-Hisui, L50, M|100\/100\n|switch|p2a: Sinistcha|Sinistcha, L50|100\/100\n|switch|p2b: SHINE|Gholdengo, L50|100\/100\n|-ability|p1b: Arcanine|Intimidate|boost\n|-unboost|p2a: Sinistcha|atk|1\n|-unboost|p2b: SHINE|atk|1\n|turn|1\n|\n|t:|1700019591\n|switch|p2b: Arcanine|Arcanine-Hisui, L50, F|100\/100\n|-ability|p2b: Arcanine|Intimidate|boost\n|-fail|p1a: Dragonite|unboost|Attack|[from] ability: Inner Focus|[of] p1a: Dragonite\n|-unboost|p1b: Arcanine|atk|1\n|-terastallize|p2a: Sinistcha|Dragon\n|move|p1b: Arcanine|Howl|p1b: Arcanine|[spread] p1a,p1b\n|-boost|p1a: Dragonite|atk|1\n|-boost|p1b: Arcanine|atk|1\n|move|p1a: Dragonite|Aerial Ace|p2a: Sinistcha\n|-damage|p2a: Sinistcha|45\/100\n|-damage|p1a: Dragonite|84\/100|[from] item: Rocky Helmet|[of] p2a: Sinistcha\n|move|p2a: Sinistcha|Trick Room|p2a: Sinistcha\n|-fieldstart|move: Trick Room|[of] p2a: Sinistcha\n|\n|upkeep\n|turn|2\n|inactive|Wild248 has 30 seconds left.\n|\n|t:|1700019625\n|switch|p1a: Rillaboom|Rillaboom, L50, M|100\/100\n|-fieldstart|move: Grassy Terrain|[from] ability: Grassy Surge|[of] p1a: Rillaboom\n|-terastallize|p1b: Arcanine|Water\n|move|p2a: Sinistcha|Strength Sap|p1a: Rillaboom\n|-unboost|p1a: Rillaboom|atk|1\n|-heal|p2a: Sinistcha|100\/100\n|move|p2b: Arcanine|Rock Slide|p1a: Rillaboom|[spread] p1a,p1b\n|-damage|p1a: Rillaboom|58\/100\n|-damage|p1b: Arcanine|56\/100\n|move|p1b: Arcanine|Howl|p1b: Arcanine|[spread] p1a,p1b\n|-boost|p1a: Rillaboom|atk|1\n|-boost|p1b: Arcanine|atk|1\n|\n|-heal|p1a: Rillaboom|65\/100|[from] Grassy Terrain\n|-heal|p1b: Arcanine|61\/100|[from] Grassy Terrain\n|upkeep\n|turn|3\n|inactive|Wild248 has 30 seconds left.\n|\n|t:|1700019653\n|switch|p2b: SHINE|Gholdengo, L50|100\/100\n|move|p1a: Rillaboom|Fake Out|p2a: Sinistcha\n|-damage|p2a: Sinistcha|90\/100\n|-damage|p1a: Rillaboom|48\/100|[from] item: Rocky Helmet|[of] p2a: Sinistcha\n|cant|p2a: Sinistcha|flinch\n|move|p1b: Arcanine|Rock Slide|p2a: Sinistcha|[spread] p2a,p2b\n|-resisted|p2b: SHINE\n|-damage|p2a: Sinistcha|65\/100\n|-damage|p2b: SHINE|86\/100\n|\n|-heal|p2a: Sinistcha|71\/100|[from] Grassy Terrain\n|-heal|p2b: SHINE|92\/100|[from] Grassy Terrain\n|-heal|p2b: SHINE|98\/100|[from] item: Leftovers\n|-heal|p1a: Rillaboom|54\/100|[from] Grassy Terrain\n|-heal|p1b: Arcanine|67\/100|[from] Grassy Terrain\n|upkeep\n|turn|4\n|inactive|Wild248 has 30 seconds left.\n|\n|t:|1700019684\n|switch|p1a: Chien-Pao|Chien-Pao, L50|100\/100\n|-ability|p1a: Chien-Pao|Sword of Ruin\n|move|p2a: Sinistcha|Matcha Gotcha|p1a: Chien-Pao|[spread] p1a,p1b\n|-supereffective|p1b: Arcanine\n|-crit|p1b: Arcanine\n|-damage|p1a: Chien-Pao|52\/100\n|-heal|p2a: Sinistcha|92\/100|[from] drain|[of] p1a: Chien-Pao\n|-damage|p1b: Arcanine|0 fnt\n|-heal|p2a: Sinistcha|100\/100|[from] drain|[of] p1b: Arcanine\n|-status|p1a: Chien-Pao|brn\n|faint|p1b: Arcanine\n|move|p2b: SHINE|Shadow Ball|p1a: Chien-Pao\n|-resisted|p1a: Chien-Pao\n|-damage|p1a: Chien-Pao|21\/100 brn\n|-unboost|p1a: Chien-Pao|spd|1\n|\n|-heal|p2b: SHINE|100\/100|[from] Grassy Terrain\n|-heal|p1a: Chien-Pao|27\/100 brn|[from] Grassy Terrain\n|-damage|p1a: Chien-Pao|21\/100 brn|[from] brn\n|upkeep\n|\n|t:|1700019696\n|switch|p1b: Dragonite|Dragonite, L50, M, shiny|84\/100\n|turn|5\n|inactive|Wild248 has 30 seconds left.\n|\n|t:|1700019730\n|switch|p2a: Arcanine|Arcanine-Hisui, L50, F|100\/100\n|-ability|p2a: Arcanine|Intimidate|boost\n|-unboost|p1a: Chien-Pao|atk|1\n|-fail|p1b: Dragonite|unboost|Attack|[from] ability: Inner Focus|[of] p1b: Dragonite\n|move|p1a: Chien-Pao|Sucker Punch||[still]\n|-fail|p1a: Chien-Pao\n|move|p2b: SHINE|Make It Rain|p1b: Dragonite|[spread] p1a,p1b\n|-supereffective|p1a: Chien-Pao\n|-damage|p1a: Chien-Pao|0 fnt\n|-damage|p1b: Dragonite|44\/100\n|-unboost|p2b: SHINE|spa|1\n|faint|p1a: Chien-Pao\n|move|p1b: Dragonite|Stomping Tantrum|p2b: SHINE\n|-supereffective|p2b: SHINE\n|-damage|p2b: SHINE|28\/100\n|\n|-heal|p2b: SHINE|35\/100|[from] Grassy Terrain\n|-heal|p2b: SHINE|41\/100|[from] item: Leftovers\n|-fieldend|move: Trick Room\n|upkeep\n|\n|t:|1700019742\n|switch|p1a: Rillaboom|Rillaboom, L50, M|54\/100\n|turn|6\n|\n|t:|1700019754\n|switch|p2a: Sinistcha|Sinistcha, L50, tera:Dragon|100\/100\n|-heal|p2b: SHINE|65\/100|[from] ability: Hospitality|[of] p2a: Sinistcha\n|move|p2b: SHINE|Protect|p2b: SHINE\n|-singleturn|p2b: SHINE|Protect\n|move|p1a: Rillaboom|Fake Out|p2a: Sinistcha\n|-damage|p2a: Sinistcha|89\/100\n|-damage|p1a: Rillaboom|37\/100|[from] item: Rocky Helmet|[of] p2a: Sinistcha\n|move|p1b: Dragonite|Stomping Tantrum|p2b: SHINE\n|-activate|p2b: SHINE|move: Protect\n|\n|-heal|p1a: Rillaboom|44\/100|[from] Grassy Terrain\n|-heal|p2b: SHINE|72\/100|[from] Grassy Terrain\n|-heal|p2b: SHINE|78\/100|[from] item: Leftovers\n|-heal|p2a: Sinistcha|95\/100|[from] Grassy Terrain\n|-fieldend|move: Grassy Terrain\n|upkeep\n|turn|7\n|-message|Wild248 forfeited.\n|\n|win|assprinatschool\n|raw|Wild248's rating: 1327 &rarr; <strong>1303<\/strong><br \/>(-24 for losing)\n|raw|assprinatschool's rating: 1258 &rarr; <strong>1288<\/strong><br \/>(+30 for winning)\n|l|\u2606Wild248\n","uploadtime":1700019794,"views":10,"p1id":"wild248","p2id":"assprinatschool","formatid":"gen9vgc2023regulatione","rating":1288,"private":0,"password":""}