{"id":"gen9vgc2023regulatione-1998222789","p1":"Tukitiko","p2":"CalmRosie","format":"[Gen 9] VGC 2023 Regulation E","log":"|j|\u2606Tukitiko\n|j|\u2606CalmRosie\n|t:|1700915410\n|gametype|doubles\n|player|p1|Tukitiko|lusamine-nihilego|1302\n|player|p2|CalmRosie|aromalady|1329\n|teamsize|p1|6\n|teamsize|p2|6\n|gen|9\n|tier|[Gen 9] VGC 2023 Regulation E\n|rated|\n|rule|Species Clause: Limit one of each Pok\u00e9mon\n|rule|Item Clause: Limit one of each item\n|clearpoke\n|poke|p1|Kingambit, L50, M|\n|poke|p1|Heatran, L50, M|\n|poke|p1|Rillaboom, L50, M|\n|poke|p1|Ogerpon-Wellspring, L50, F|\n|poke|p1|Sneasler, L50, M|\n|poke|p1|Sinistcha-Masterpiece, L50|\n|poke|p2|Tornadus, L50, M|\n|poke|p2|Mamoswine, L50, F|\n|poke|p2|Flutter Mane, L50|\n|poke|p2|Ogerpon-Hearthflame, L50, F|\n|poke|p2|Chi-Yu, L50|\n|poke|p2|Iron Hands, L50|\n|teampreview|4\n|inactive|Battle timer is ON: inactive players will automatically lose when time's up. (requested by Tukitiko)\n|inactive|CalmRosie has 60 seconds left.\n|\n|t:|1700915464\n|start\n|switch|p1a: Estefano|Rillaboom, L50, M|100\/100\n|switch|p1b: Adelito|Sneasler, L50, M|100\/100\n|switch|p2a: Mamo|Mamoswine, L50, F, shiny|100\/100\n|switch|p2b: Missy|Flutter Mane, L50, shiny|100\/100\n|-fieldstart|move: Grassy Terrain|[from] ability: Grassy Surge|[of] p1a: Estefano\n|-enditem|p1b: Adelito|Grassy Seed\n|-boost|p1b: Adelito|def|1|[from] item: Grassy Seed\n|turn|1\n|inactive|Tukitiko has 30 seconds left.\n|\n|t:|1700915492\n|switch|p2a: Hands|Iron Hands, L50, shiny|100\/100\n|move|p1a: Estefano|Fake Out|p2a: Hands\n|-damage|p2a: Hands|91\/100\n|move|p1b: Adelito|Dire Claw|p2b: Missy\n|-damage|p2b: Missy|29\/100\n|-status|p2b: Missy|slp\n|cant|p2b: Missy|slp\n|\n|-heal|p2b: Missy|35\/100 slp|[from] Grassy Terrain\n|-heal|p2a: Hands|97\/100|[from] Grassy Terrain\n|upkeep\n|turn|2\n|\n|t:|1700915512\n|cant|p2b: Missy|slp\n|move|p2a: Hands|Fake Out|p1b: Adelito\n|-damage|p1b: Adelito|82\/100\n|move|p1a: Estefano|Grassy Glide|p2b: Missy\n|-damage|p2b: Missy|0 fnt\n|faint|p2b: Missy\n|-end|p2b: Missy|Protosynthesis|[silent]\n|cant|p1b: Adelito|flinch\n|\n|-heal|p1b: Adelito|88\/100|[from] Grassy Terrain\n|-heal|p2a: Hands|100\/100|[from] Grassy Terrain\n|upkeep\n|\n|t:|1700915523\n|switch|p2b: Mamo|Mamoswine, L50, F, shiny|100\/100\n|turn|3\n|\n|t:|1700915533\n|-terastallize|p2b: Mamo|Dragon\n|move|p1b: Adelito|Close Combat|p2b: Mamo\n|-damage|p2b: Mamo|39\/100\n|-unboost|p1b: Adelito|def|1\n|-unboost|p1b: Adelito|spd|1\n|move|p1a: Estefano|Wood Hammer|p2a: Hands\n|-damage|p2a: Hands|46\/100\n|-damage|p1a: Estefano|80\/100|[from] Recoil\n|move|p2b: Mamo|High Horsepower|p1b: Adelito\n|-supereffective|p1b: Adelito\n|-damage|p1b: Adelito|0 fnt\n|faint|p1b: Adelito\n|move|p2a: Hands|Drain Punch|p1a: Estefano\n|-damage|p1a: Estefano|38\/100\n|-heal|p2a: Hands|65\/100|[from] drain|[of] p1a: Estefano\n|\n|-heal|p1a: Estefano|44\/100|[from] Grassy Terrain\n|-heal|p2b: Mamo|45\/100|[from] Grassy Terrain\n|-heal|p2a: Hands|71\/100|[from] Grassy Terrain\n|upkeep\n|\n|t:|1700915550\n|switch|p1b: Sinistcha|Sinistcha-Masterpiece, L50|100\/100\n|-heal|p1a: Estefano|68\/100|[from] ability: Hospitality|[of] p1b: Sinistcha\n|turn|4\n|inactive|Tukitiko has 30 seconds left.\n|\n|t:|1700915579\n|move|p2b: Mamo|Protect|p2b: Mamo\n|-singleturn|p2b: Mamo|Protect\n|move|p1a: Estefano|U-turn|p2b: Mamo\n|-activate|p2b: Mamo|move: Protect\n|move|p1b: Sinistcha|Matcha Gotcha|p2a: Hands|[spread] p2a\n|-activate|p2b: Mamo|move: Protect\n|-damage|p2a: Hands|54\/100\n|move|p2a: Hands|Drain Punch|p1a: Estefano\n|-damage|p1a: Estefano|32\/100\n|-heal|p2a: Hands|70\/100|[from] drain|[of] p1a: Estefano\n|\n|-heal|p1a: Estefano|37\/100|[from] Grassy Terrain\n|-heal|p2b: Mamo|51\/100|[from] Grassy Terrain\n|-heal|p2a: Hands|77\/100|[from] Grassy Terrain\n|upkeep\n|turn|5\n|\n|t:|1700915598\n|move|p1a: Estefano|U-turn|p2b: Mamo\n|-damage|p2b: Mamo|26\/100\n|\n|t:|1700915601\n|switch|p1a: Mandy|Ogerpon-Wellspring, L50, F|100\/100|[from] U-turn\n|move|p2b: Mamo|Icicle Spear|p1b: Sinistcha\n|-supereffective|p1b: Sinistcha\n|-damage|p1b: Sinistcha|75\/100\n|-supereffective|p1b: Sinistcha\n|-damage|p1b: Sinistcha|51\/100\n|-supereffective|p1b: Sinistcha\n|-damage|p1b: Sinistcha|30\/100\n|-supereffective|p1b: Sinistcha\n|-damage|p1b: Sinistcha|8\/100\n|-supereffective|p1b: Sinistcha\n|-damage|p1b: Sinistcha|0 fnt\n|faint|p1b: Sinistcha\n|-hitcount|p1: Sinistcha|5\n|move|p2a: Hands|Drain Punch|p1a: Mandy\n|-damage|p1a: Mandy|44\/100\n|-heal|p2a: Hands|96\/100|[from] drain|[of] p1a: Mandy\n|\n|-heal|p1a: Mandy|50\/100|[from] Grassy Terrain\n|-heal|p2b: Mamo|32\/100|[from] Grassy Terrain\n|-heal|p2a: Hands|100\/100|[from] Grassy Terrain\n|-fieldend|move: Grassy Terrain\n|upkeep\n|\n|t:|1700915612\n|switch|p1b: Estefano|Rillaboom, L50, M|37\/100\n|-fieldstart|move: Grassy Terrain|[from] ability: Grassy Surge|[of] p1b: Estefano\n|turn|6\n|\n|t:|1700915633\n|move|p2b: Mamo|Protect|p2b: Mamo\n|-singleturn|p2b: Mamo|Protect\n|move|p1b: Estefano|Fake Out|p2b: Mamo\n|-activate|p2b: Mamo|move: Protect\n|move|p1a: Mandy|Horn Leech|p2a: Hands\n|-damage|p2a: Hands|64\/100\n|-heal|p1a: Mandy|78\/100|[from] drain|[of] p2a: Hands\n|move|p2a: Hands|Drain Punch|p1b: Estefano\n|-damage|p1b: Estefano|0 fnt\n|-heal|p2a: Hands|80\/100|[from] drain|[of] p1b: Estefano\n|faint|p1b: Estefano\n|\n|-heal|p1a: Mandy|84\/100|[from] Grassy Terrain\n|-heal|p2b: Mamo|39\/100|[from] Grassy Terrain\n|-heal|p2a: Hands|86\/100|[from] Grassy Terrain\n|upkeep\n|turn|7\n|\n|t:|1700915651\n|-terastallize|p1a: Mandy|Water\n|detailschange|p1a: Mandy|Ogerpon-Wellspring-Tera, L50, F, tera:Water\n|-ability|p1a: Mandy|Embody Aspect (Wellspring)|boost\n|-boost|p1a: Mandy|spd|1\n|move|p1a: Mandy|Ivy Cudgel|p2a: Hands|[anim] Ivy Cudgel Water\n|-crit|p2a: Hands\n|-damage|p2a: Hands|5\/100\n|move|p2b: Mamo|Icicle Spear|p1a: Mandy\n|-resisted|p1a: Mandy\n|-damage|p1a: Mandy|74\/100\n|-resisted|p1a: Mandy\n|-damage|p1a: Mandy|65\/100\n|-resisted|p1a: Mandy\n|-damage|p1a: Mandy|55\/100\n|-resisted|p1a: Mandy\n|-damage|p1a: Mandy|46\/100\n|-resisted|p1a: Mandy\n|-damage|p1a: Mandy|36\/100\n|-hitcount|p1a: Mandy|5\n|move|p2a: Hands|Drain Punch|p1a: Mandy\n|-damage|p1a: Mandy|0 fnt\n|-heal|p2a: Hands|17\/100|[from] drain|[of] p1a: Mandy\n|faint|p1a: Mandy\n|\n|win|CalmRosie\n|raw|Tukitiko's rating: 1302 &rarr; <strong>1284<\/strong><br \/>(-18 for losing)\n|raw|CalmRosie's rating: 1329 &rarr; <strong>1347<\/strong><br \/>(+18 for winning)\n|l|\u2606Tukitiko\n","uploadtime":1700915673,"views":20,"p1id":"tukitiko","p2id":"calmrosie","formatid":"gen9vgc2023regulatione","rating":1284,"private":0,"password":""}