{"id":"gen9vgc2023regulatione-1999605627","p1":"lover777","p2":"Kzkjzkrak","format":"[Gen 9] VGC 2023 Regulation E","log":"|j|\u2606lover777\n|j|\u2606Kzkjzkrak\n|t:|1701100516\n|gametype|doubles\n|player|p1|lover777|266|1000\n|player|p2|Kzkjzkrak|lance|1027\n|teamsize|p1|6\n|teamsize|p2|6\n|gen|9\n|tier|[Gen 9] VGC 2023 Regulation E\n|rated|\n|rule|Species Clause: Limit one of each Pok\u00e9mon\n|rule|Item Clause: Limit one of each item\n|clearpoke\n|poke|p1|Tornadus, L50, M|\n|poke|p1|Chien-Pao, L50|\n|poke|p1|Cresselia, L50, F|\n|poke|p1|Ursaluna, L50, M|\n|poke|p1|Heatran, L50, M|\n|poke|p1|Urshifu-*, L50, M|\n|poke|p2|Flutter Mane, L50|\n|poke|p2|Tornadus, L50, M|\n|poke|p2|Rillaboom, L50, F|\n|poke|p2|Garganacl, L50, F|\n|poke|p2|Arcanine-Hisui, L50, F|\n|poke|p2|Chien-Pao, L50|\n|teampreview|4\nlover777 has agreed to open team sheets.\n|inactive|Battle timer is ON: inactive players will automatically lose when time's up. (requested by Kzkjzkrak)\nKzkjzkrak has agreed to open team sheets.\n|\n|t:|1701100534\n|start\n|switch|p1a: Tornadus|Tornadus, L50, M, shiny|100\/100\n|switch|p1b: Heatran|Heatran, L50, M, shiny|100\/100\n|switch|p2a: Tornadus|Tornadus, L50, M|100\/100\n|switch|p2b: Garganacl|Garganacl, L50, F|100\/100\n|turn|1\n|inactive|lover777 has 30 seconds left.\n|inactive|lover777 has 20 seconds left.\n|inactive|lover777 has 15 seconds left.\n|inactive|lover777 has 10 seconds left.\n|inactive|lover777 has 5 seconds left.\n|\n|t:|1701100589\n|-terastallize|p1a: Tornadus|Flying\n|-terastallize|p2b: Garganacl|Ghost\n|move|p1a: Tornadus|Taunt|p2a: Tornadus\n|-start|p2a: Tornadus|move: Taunt\n|move|p2a: Tornadus|Bleakwind Storm|p1b: Heatran|[spread] p1a,p1b\n|-resisted|p1b: Heatran\n|-damage|p1a: Tornadus|61\/100\n|-damage|p1b: Heatran|85\/100\n|-unboost|p1b: Heatran|spe|1\n|move|p1b: Heatran|Heat Wave|p2b: Garganacl|[spread] p2a,p2b\n|-damage|p2a: Tornadus|63\/100\n|-damage|p2b: Garganacl|69\/100\n|-damage|p1b: Heatran|76\/100|[from] item: Life Orb\n|move|p2b: Garganacl|Salt Cure|p1b: Heatran\n|-damage|p1b: Heatran|62\/100\n|-start|p1b: Heatran|Salt Cure\n|\n|-damage|p1b: Heatran|38\/100|[from] Salt Cure\n|upkeep\n|turn|2\n|inactive|lover777 has 30 seconds left.\n|inactive|lover777 has 20 seconds left.\n|\n|t:|1701100627\n|move|p2b: Garganacl|Protect|p2b: Garganacl\n|-singleturn|p2b: Garganacl|Protect\n|move|p1a: Tornadus|Tailwind|p1a: Tornadus\n|-sidestart|p1: lover777|move: Tailwind\n|move|p1b: Heatran|Flash Cannon|p2b: Garganacl\n|-activate|p2b: Garganacl|move: Protect\n|move|p2a: Tornadus|Bleakwind Storm|p1b: Heatran|[spread] p1a,p1b\n|-resisted|p1b: Heatran\n|-damage|p1a: Tornadus|24\/100\n|-damage|p1b: Heatran|24\/100\n|\n|-damage|p1b: Heatran|0 fnt|[from] Salt Cure\n|faint|p1b: Heatran\n|upkeep\n|\n|t:|1701100640\n|switch|p1b: Urshifu|Urshifu-Rapid-Strike, L50, M|100\/100\n|turn|3\n|\n|t:|1701100659\n|move|p1a: Tornadus|Bleakwind Storm|p2b: Garganacl|[spread] p2a\n|-miss|p1a: Tornadus|p2b: Garganacl\n|-damage|p2a: Tornadus|26\/100\n|-unboost|p2a: Tornadus|spe|1\n|move|p1b: Urshifu|Surging Strikes|p2b: Garganacl\n|-crit|p2b: Garganacl\n|-damage|p2b: Garganacl|51\/100\n|-crit|p2b: Garganacl\n|-damage|p2b: Garganacl|35\/100\n|-enditem|p2b: Garganacl|Sitrus Berry|[eat]\n|-heal|p2b: Garganacl|59\/100|[from] item: Sitrus Berry\n|-crit|p2b: Garganacl\n|-damage|p2b: Garganacl|43\/100\n|-hitcount|p2b: Garganacl|3\n|move|p2a: Tornadus|Bleakwind Storm|p1b: Urshifu|[spread] p1a,p1b\n|-supereffective|p1b: Urshifu\n|-crit|p1b: Urshifu\n|-damage|p1a: Tornadus|0 fnt\n|-damage|p1b: Urshifu|0 fnt\n|faint|p1a: Tornadus\n|faint|p1b: Urshifu\n|move|p2b: Garganacl|Salt Cure|p1: Tornadus|[notarget]\n|-fail|p2b: Garganacl\n|\n|-end|p2a: Tornadus|move: Taunt\n|upkeep\n|\n|t:|1701100681\n|switch|p1a: Ursaluna|Ursaluna, L50, M, shiny|100\/100\n|turn|4\n|\n|t:|1701100687\n|move|p2a: Tornadus|Taunt|p1a: Ursaluna\n|-start|p1a: Ursaluna|move: Taunt\n|move|p1a: Ursaluna|Earthquake|p2a: Tornadus|[spread] p2b\n|-immune|p2a: Tornadus\n|-damage|p2b: Garganacl|17\/100\n|move|p2b: Garganacl|Recover|p2b: Garganacl\n|-heal|p2b: Garganacl|67\/100\n|\n|-status|p1a: Ursaluna|brn|[from] item: Flame Orb\n|upkeep\n|turn|5\n|\n|t:|1701100707\n|move|p1a: Ursaluna|Earthquake|p2a: Tornadus|[spread] p2b\n|-immune|p2a: Tornadus\n|-damage|p2b: Garganacl|24\/100\n|move|p2a: Tornadus|Bleakwind Storm|p1a: Ursaluna\n|-damage|p1a: Ursaluna|59\/100 brn\n|move|p2b: Garganacl|Iron Defense|p2b: Garganacl\n|-boost|p2b: Garganacl|def|2\n|\n|-damage|p1a: Ursaluna|53\/100 brn|[from] brn\n|-sideend|p1: lover777|move: Tailwind\n|upkeep\n|turn|6\n|\n|t:|1701100716\n|move|p2b: Garganacl|Protect|p2b: Garganacl\n|-singleturn|p2b: Garganacl|Protect\n|move|p2a: Tornadus|Tailwind|p2a: Tornadus\n|-sidestart|p2: Kzkjzkrak|move: Tailwind\n|move|p1a: Ursaluna|Earthquake|p2b: Garganacl|[spread] \n|-activate|p2b: Garganacl|move: Protect\n|-immune|p2a: Tornadus\n|\n|-damage|p1a: Ursaluna|47\/100 brn|[from] brn\n|-end|p1a: Ursaluna|move: Taunt\n|upkeep\n|turn|7\n|\n|t:|1701100726\n|move|p2a: Tornadus|Bleakwind Storm|p1a: Ursaluna|[miss]\n|-miss|p2a: Tornadus|p1a: Ursaluna\n|move|p2b: Garganacl|Salt Cure|p1a: Ursaluna\n|-resisted|p1a: Ursaluna\n|-damage|p1a: Ursaluna|42\/100 brn\n|-start|p1a: Ursaluna|Salt Cure\n|move|p1a: Ursaluna|Earthquake|p2a: Tornadus|[spread] p2b\n|-immune|p2a: Tornadus\n|-damage|p2b: Garganacl|3\/100\n|\n|-damage|p1a: Ursaluna|36\/100 brn|[from] brn\n|-damage|p1a: Ursaluna|24\/100 brn|[from] Salt Cure\n|upkeep\n|turn|8\n|\n|t:|1701100739\n|move|p2b: Garganacl|Protect|p2b: Garganacl\n|-singleturn|p2b: Garganacl|Protect\n|move|p2a: Tornadus|Bleakwind Storm|p1a: Ursaluna|[miss]\n|-miss|p2a: Tornadus|p1a: Ursaluna\n|move|p1a: Ursaluna|Earthquake|p2b: Garganacl|[spread] \n|-activate|p2b: Garganacl|move: Protect\n|-immune|p2a: Tornadus\n|\n|-damage|p1a: Ursaluna|18\/100 brn|[from] brn\n|-damage|p1a: Ursaluna|6\/100 brn|[from] Salt Cure\n|upkeep\n|turn|9\n|\n|t:|1701100750\n|move|p2a: Tornadus|Bleakwind Storm|p1a: Ursaluna|[miss]\n|-miss|p2a: Tornadus|p1a: Ursaluna\n|move|p2b: Garganacl|Recover|p2b: Garganacl\n|-heal|p2b: Garganacl|53\/100\n|move|p1a: Ursaluna|Earthquake|p2a: Tornadus|[spread] p2b\n|-immune|p2a: Tornadus\n|-damage|p2b: Garganacl|33\/100\n|\n|-damage|p1a: Ursaluna|0 fnt|[from] brn\n|faint|p1a: Ursaluna\n|\n|win|Kzkjzkrak\n|upkeep\n|raw|lover777's rating: 1000 &rarr; <strong>1000<\/strong><br \/>(+0 for losing)\n|raw|Kzkjzkrak's rating: 1027 &rarr; <strong>1060<\/strong><br \/>(+33 for winning)\n","uploadtime":1701100762,"views":3,"p1id":"lover777","p2id":"kzkjzkrak","formatid":"gen9vgc2023regulatione","rating":1000,"private":0,"password":""}