{"id":"gen9vgc2023regulatione-1989997371","p1":"It'sJustKen VGC","p2":"fudii","format":"[Gen 9] VGC 2023 Regulation E","log":"|j|\u2606It'sJustKen VGC\n|j|\u2606fudii\n|t:|1699913812\n|gametype|doubles\n|player|p1|It'sJustKen VGC|turo|\n|player|p2|fudii|elesa|\n|teamsize|p1|6\n|teamsize|p2|6\n|gen|9\n|tier|[Gen 9] VGC 2023 Regulation E\n|rated|Tournament battle\n|rule|Species Clause: Limit one of each Pok\u00e9mon\n|rule|Item Clause: Limit one of each item\n|clearpoke\n|poke|p1|Arcanine, L50, M|\n|poke|p1|Kingambit, L50, F|\n|poke|p1|Iron Bundle, L50|\n|poke|p1|Cresselia, L50, F|\n|poke|p1|Iron Hands, L50|\n|poke|p1|Flutter Mane, L50|\n|poke|p2|Empoleon, L50, F|\n|poke|p2|Baxcalibur, L50, M|\n|poke|p2|Rillaboom, L50, M|\n|poke|p2|Ninetales-Alola, L50, F|\n|poke|p2|Landorus-Therian, L50, M|\n|poke|p2|Armarouge, L50, F|\n|teampreview|4\n|showteam|p1|Arcanine||SitrusBerry|Intimidate|Protect,WillOWisp,FlareBlitz,Snarl|||M|||50|,,,,,Dark]Kingambit||AssaultVest|Defiant|IronHead,KowtowCleave,SuckerPunch,LowKick|||F|||50|,,,,,Fire]Iron Bundle||BoosterEnergy|QuarkDrive|Protect,HydroPump,FreezeDry,IcyWind||||||50|,,,,,Ghost]Cresselia||SafetyGoggles|Levitate|TrickRoom,LunarBlessing,Psychic,IceBeam|||F|||50|,,,,,Poison]Iron Hands||Leftovers|QuarkDrive|Detect,SwordsDance,ThunderPunch,DrainPunch||||||50|,,,,,Grass]Flutter Mane||FairyFeather|Protosynthesis|Imprison,TrickRoom,ShadowBall,Moonblast||||||50|,,,,,Fairy\n|showteam|p2|Empoleon||SitrusBerry|Competitive|WaterPledge,FlashCannon,Haze,Roost|||F|||50|,,,,,Ghost]Baxcalibur||LoadedDice|ThermalExchange|IcicleSpear,ScaleShot,SwordsDance,Protect|||M|||50|,,,,,Poison]Rillaboom||AssaultVest|GrassySurge|WoodHammer,HighHorsepower,BrickBreak,FakeOut|||M|||50|,,,,,Fire]Ninetales-Alola||LightClay|SnowWarning|FreezeDry,DazzlingGleam,AuroraVeil,Protect|||F|||50|,,,,,Water]Landorus-Therian||ChoiceScarf|Intimidate|StompingTantrum,RockSlide,Uturn,TeraBlast|||M|||50|,,,,,Flying]Armarouge||WeaknessPolicy|WeakArmor|HeatWave,DarkPulse,Psyshock,TrickRoom|||F|||50|,,,,,Dark\n|inactive|Battle timer is ON: inactive players will automatically lose when time's up. (requested by It'sJustKen VGC)\n|c|\u2606It'sJustKen VGC|glhf\n|j| ChampionNBloom\n|inactive|It'sJustKen VGC has 60 seconds left.\n|inactive|fudii has 60 seconds left.\n|j| BoShmoover\n|inactive|fudii has 30 seconds left.\n|\n|t:|1699913881\n|start\n|switch|p1a: Iron Bundle|Iron Bundle, L50|100\/100\n|switch|p1b: Kingambit|Kingambit, L50, F|100\/100\n|switch|p2a: Armarouge|Armarouge, L50, F|100\/100\n|switch|p2b: Ninetales|Ninetales-Alola, L50, F|100\/100\n|-weather|Snow|[from] ability: Snow Warning|[of] p2b: Ninetales\n|-enditem|p1a: Iron Bundle|Booster Energy\n|-activate|p1a: Iron Bundle|ability: Quark Drive|[fromitem]\n|-start|p1a: Iron Bundle|quarkdrivespe\n|turn|1\n|l| BoShmoover\n|inactive|fudii has 30 seconds left.\n|\n|t:|1699913915\n|-terastallize|p2a: Armarouge|Dark\n|move|p1a: Iron Bundle|Hydro Pump|p2a: Armarouge\n|-damage|p2a: Armarouge|39\/100\n|move|p2b: Ninetales|Aurora Veil|p2b: Ninetales\n|-sidestart|p2: fudii|move: Aurora Veil\n|move|p2a: Armarouge|Heat Wave|p1b: Kingambit|[spread] p1a,p1b\n|-supereffective|p1b: Kingambit\n|-damage|p1a: Iron Bundle|21\/100\n|-damage|p1b: Kingambit|45\/100\n|move|p1b: Kingambit|Iron Head|p2a: Armarouge\n|-damage|p2a: Armarouge|9\/100\n|-ability|p2a: Armarouge|Weak Armor|boost\n|-unboost|p2a: Armarouge|def|1\n|-boost|p2a: Armarouge|spe|2\n|\n|-weather|Snow|[upkeep]\n|upkeep\n|turn|2\n|inactive|fudii has 30 seconds left.\n|inactive|fudii has 20 seconds left.\n|inactive|fudii has 15 seconds left.\n|\n|t:|1699913957\n|move|p1a: Iron Bundle|Icy Wind|p2a: Armarouge|[spread] p2a,p2b\n|-resisted|p2b: Ninetales\n|-damage|p2a: Armarouge|0 fnt\n|-damage|p2b: Ninetales|93\/100\n|-unboost|p2b: Ninetales|spe|1\n|faint|p2a: Armarouge\n|move|p2b: Ninetales|Dazzling Gleam|p1b: Kingambit|[spread] p1a,p1b\n|-damage|p1a: Iron Bundle|0 fnt\n|-damage|p1b: Kingambit|30\/100\n|faint|p1a: Iron Bundle\n|-end|p1a: Iron Bundle|Quark Drive|[silent]\n|move|p1b: Kingambit|Iron Head|p2b: Ninetales\n|-supereffective|p2b: Ninetales\n|-damage|p2b: Ninetales|0 fnt\n|faint|p2b: Ninetales\n|\n|-weather|Snow|[upkeep]\n|upkeep\n|\n|t:|1699913971\n|switch|p1a: Arcanine|Arcanine, L50, M|100\/100\n|switch|p2b: Empoleon|Empoleon, L50, F|100\/100\n|switch|p2a: Rillaboom|Rillaboom, L50, M|100\/100\n|-ability|p1a: Arcanine|Intimidate|boost\n|-unboost|p2a: Rillaboom|atk|1\n|-unboost|p2b: Empoleon|atk|1\n|-ability|p2b: Empoleon|Competitive|boost\n|-boost|p2b: Empoleon|spa|2\n|-fieldstart|move: Grassy Terrain|[from] ability: Grassy Surge|[of] p2a: Rillaboom\n|turn|3\n|\n|t:|1699913994\n|move|p2a: Rillaboom|Fake Out|p1a: Arcanine\n|-damage|p1a: Arcanine|91\/100\n|move|p1b: Kingambit|Sucker Punch||[still]\n|-fail|p1b: Kingambit\n|cant|p1a: Arcanine|flinch\n|move|p2b: Empoleon|Water Pledge|p1b: Kingambit\n|-damage|p1b: Kingambit|0 fnt\n|faint|p1b: Kingambit\n|\n|-weather|Snow|[upkeep]\n|-heal|p1a: Arcanine|97\/100|[from] Grassy Terrain\n|upkeep\n|\n|t:|1699914003\n|switch|p1b: Iron Hands|Iron Hands, L50|100\/100\n|turn|4\n|\n|t:|1699914014\n|-terastallize|p1b: Iron Hands|Grass\n|move|p1a: Arcanine|Flare Blitz|p2a: Rillaboom\n|-supereffective|p2a: Rillaboom\n|-damage|p2a: Rillaboom|33\/100\n|-damage|p1a: Arcanine|73\/100|[from] Recoil\n|move|p2a: Rillaboom|High Horsepower|p1b: Iron Hands\n|-resisted|p1b: Iron Hands\n|-damage|p1b: Iron Hands|93\/100\n|move|p2b: Empoleon|Water Pledge|p1a: Arcanine\n|-supereffective|p1a: Arcanine\n|-damage|p1a: Arcanine|0 fnt\n|faint|p1a: Arcanine\n|move|p1b: Iron Hands|Swords Dance|p1b: Iron Hands\n|-boost|p1b: Iron Hands|atk|2\n|\n|-weather|Snow|[upkeep]\n|-heal|p2a: Rillaboom|39\/100|[from] Grassy Terrain\n|-heal|p1b: Iron Hands|99\/100|[from] Grassy Terrain\n|-heal|p1b: Iron Hands|100\/100|[from] item: Leftovers\n|upkeep\n|turn|5\n|inactive|fudii has 30 seconds left.\n|inactive|fudii has 20 seconds left.\n|inactive|fudii has 15 seconds left.\n|inactive|fudii has 10 seconds left.\n|\n|t:|1699914063\n|move|p2a: Rillaboom|High Horsepower|p1b: Iron Hands\n|-resisted|p1b: Iron Hands\n|-damage|p1b: Iron Hands|93\/100\n|move|p2b: Empoleon|Flash Cannon|p1b: Iron Hands\n|-damage|p1b: Iron Hands|38\/100\n|move|p1b: Iron Hands|Drain Punch|p2b: Empoleon\n|-supereffective|p2b: Empoleon\n|-damage|p2b: Empoleon|0 fnt\n|-heal|p1b: Iron Hands|78\/100|[from] drain|[of] p2b: Empoleon\n|faint|p2b: Empoleon\n|\n|-weather|none\n|-heal|p2a: Rillaboom|44\/100|[from] Grassy Terrain\n|-heal|p1b: Iron Hands|84\/100|[from] Grassy Terrain\n|-heal|p1b: Iron Hands|90\/100|[from] item: Leftovers\n|upkeep\n|turn|6\n|c|\u2606It'sJustKen VGC|gg wp\n|c|\u2606fudii|oof\n|c|\u2606fudii|gg\n|\n|t:|1699914085\n|move|p1b: Iron Hands|Detect|p1b: Iron Hands\n|-singleturn|p1b: Iron Hands|Protect\n|move|p2a: Rillaboom|Wood Hammer|p1b: Iron Hands\n|-activate|p1b: Iron Hands|move: Protect\n|\n|-heal|p2a: Rillaboom|50\/100|[from] Grassy Terrain\n|-heal|p1b: Iron Hands|97\/100|[from] Grassy Terrain\n|-heal|p1b: Iron Hands|100\/100|[from] item: Leftovers\n|upkeep\n|turn|7\n|-message|fudii forfeited.\n|\n|win|It'sJustKen VGC\n|n|\u2606It'sJustKen VGC|itsjustkenvgc\n|n|\u2606fudii|fudii\n|n| ChampionNBloom|championnbloom\n|l|\u2606fudii\n","uploadtime":1699914093,"views":12,"p1id":"itsjustkenvgc","p2id":"fudii","formatid":"gen9vgc2023regulatione","rating":0,"private":0,"password":""}