{"id":"gen9vgc2023regulatione-1998288623","p1":"Hi I'm Arceil","p2":"allanterry52","format":"[Gen 9] VGC 2023 Regulation E","log":"|j|\u2606Hi I'm Arceil\n|j|\u2606allanterry52\n|t:|1700925133\n|gametype|doubles\n|player|p1|Hi I'm Arceil|cynthia-gen4|1098\n|player|p2|allanterry52|pokekid|1065\n|teamsize|p1|6\n|teamsize|p2|6\n|gen|9\n|tier|[Gen 9] VGC 2023 Regulation E\n|rated|\n|rule|Species Clause: Limit one of each Pok\u00e9mon\n|rule|Item Clause: Limit one of each item\n|clearpoke\n|poke|p1|Skeledirge, L50, M|\n|poke|p1|Meowscarada, L50, M|\n|poke|p1|Tornadus, L50, M|\n|poke|p1|Sneasler, L50, F|\n|poke|p1|Ogerpon-Wellspring, L50, F|\n|poke|p1|Arcanine-Hisui, L50, F|\n|poke|p2|Armarouge, L50, M|\n|poke|p2|Mimikyu, L50, M|\n|poke|p2|Skuntank, L50, F|\n|poke|p2|Milotic, L50, M|\n|poke|p2|Tornadus, L50, M|\n|poke|p2|Farigiraf, L50, F|\n|teampreview|4\n|\n|t:|1700925167\n|start\n|switch|p1a: Dramaturge|Ogerpon-Wellspring, L50, F|100\/100\n|switch|p1b: Tempest|Tornadus, L50, M|100\/100\n|switch|p2a: Milotic|Milotic, L50, M|100\/100\n|switch|p2b: Skuntank|Skuntank, L50, F, shiny|100\/100\n|turn|1\n|\n|t:|1700925179\n|move|p1b: Tempest|Tailwind|p1b: Tempest\n|-sidestart|p1: Hi I'm Arceil|move: Tailwind\n|move|p1a: Dramaturge|Horn Leech|p2a: Milotic\n|-supereffective|p2a: Milotic\n|-damage|p2a: Milotic|34\/100\n|move|p2b: Skuntank|Poison Jab|p1a: Dramaturge\n|-supereffective|p1a: Dramaturge\n|-damage|p1a: Dramaturge|15\/100\n|move|p2a: Milotic|Icy Wind|p1a: Dramaturge|[spread] p1a,p1b\n|-supereffective|p1b: Tempest\n|-damage|p1a: Dramaturge|4\/100\n|-damage|p1b: Tempest|77\/100\n|-unboost|p1a: Dramaturge|spe|1\n|-unboost|p1b: Tempest|spe|1\n|\n|-heal|p2a: Milotic|40\/100|[from] item: Leftovers\n|upkeep\n|turn|2\n|\n|t:|1700925211\n|switch|p1b: Guardian|Arcanine-Hisui, L50, F|100\/100\n|-ability|p1b: Guardian|Intimidate|boost\n|-unboost|p2a: Milotic|atk|1\n|-ability|p2a: Milotic|Competitive|boost\n|-boost|p2a: Milotic|spa|2\n|-fail|p2b: Skuntank|unboost|[from] item: Clear Amulet|[of] p2b: Skuntank\n|move|p2b: Skuntank|Sucker Punch|p1a: Dramaturge\n|-damage|p1a: Dramaturge|0 fnt\n|faint|p1a: Dramaturge\n|move|p2a: Milotic|Icy Wind|p1b: Guardian\n|-resisted|p1b: Guardian\n|-damage|p1b: Guardian|84\/100\n|-unboost|p1b: Guardian|spe|1\n|\n|-heal|p2a: Milotic|46\/100|[from] item: Leftovers\n|upkeep\n|\n|t:|1700925226\n|switch|p1a: Femboy~<3|Meowscarada, L50, M|100\/100\n|turn|3\n|\n|t:|1700925250\n|-terastallize|p1b: Guardian|Normal\n|move|p1b: Guardian|Extreme Speed|p2b: Skuntank\n|-damage|p2b: Skuntank|43\/100\n|-damage|p1b: Guardian|74\/100|[from] item: Life Orb\n|move|p1a: Femboy~<3|Flower Trick|p2a: Milotic\n|-start|p1a: Femboy~<3|typechange|Grass|[from] ability: Protean\n|-supereffective|p2a: Milotic\n|-crit|p2a: Milotic\n|-damage|p2a: Milotic|0 fnt\n|faint|p2a: Milotic\n|move|p2b: Skuntank|Poison Jab|p1a: Femboy~<3\n|-supereffective|p1a: Femboy~<3\n|-damage|p1a: Femboy~<3|0 fnt\n|faint|p1a: Femboy~<3\n|\n|upkeep\n|\n|t:|1700925270\n|switch|p1a: Tempest|Tornadus, L50, M|77\/100\n|switch|p2a: Tornadus|Tornadus, L50, M|100\/100\n|turn|4\n|\n|t:|1700925295\n|move|p1a: Tempest|Taunt|p2a: Tornadus\n|-start|p2a: Tornadus|move: Taunt\n|cant|p2a: Tornadus|move: Taunt|Tailwind\n|move|p1b: Guardian|Rock Slide|p2a: Tornadus|[spread] p2a,p2b\n|-supereffective|p2a: Tornadus\n|-damage|p2a: Tornadus|36\/100\n|-damage|p2b: Skuntank|3\/100\n|-damage|p1b: Guardian|64\/100|[from] item: Life Orb\n|move|p2b: Skuntank|Knock Off|p1a: Tempest\n|-damage|p1a: Tempest|14\/100\n|-enditem|p1a: Tempest|Heavy-Duty Boots|[from] move: Knock Off|[of] p2b: Skuntank\n|\n|-sideend|p1: Hi I'm Arceil|move: Tailwind\n|upkeep\n|turn|5\n|\n|t:|1700925318\n|move|p1a: Tempest|Tailwind|p1a: Tempest\n|-sidestart|p1: Hi I'm Arceil|move: Tailwind\n|move|p1b: Guardian|Rock Slide|p2a: Tornadus|[spread] p2a,p2b\n|-supereffective|p2a: Tornadus\n|-damage|p2a: Tornadus|0 fnt\n|-damage|p2b: Skuntank|0 fnt\n|faint|p2a: Tornadus\n|faint|p2b: Skuntank\n|-damage|p1b: Guardian|54\/100|[from] item: Life Orb\n|\n|upkeep\n|\n|t:|1700925324\n|switch|p2b: Armarouge|Armarouge, L50, M|100\/100\n|turn|6\n|\n|t:|1700925337\n|-terastallize|p2b: Armarouge|Dark\n|move|p1a: Tempest|Bleakwind Storm|p2b: Armarouge|[miss]\n|-miss|p1a: Tempest|p2b: Armarouge\n|move|p1b: Guardian|Rock Slide|p2b: Armarouge\n|-damage|p2b: Armarouge|55\/100\n|-ability|p2b: Armarouge|Weak Armor|boost\n|-unboost|p2b: Armarouge|def|1\n|-boost|p2b: Armarouge|spe|2\n|-damage|p1b: Guardian|44\/100|[from] item: Life Orb\n|move|p2b: Armarouge|Psyshock|p1b: Guardian\n|-damage|p1b: Guardian|0 fnt\n|faint|p1b: Guardian\n|\n|upkeep\n|turn|7\n|\n|t:|1700925356\n|move|p1a: Tempest|Bleakwind Storm|p2b: Armarouge|[miss]\n|-miss|p1a: Tempest|p2b: Armarouge\n|move|p2b: Armarouge|Armor Cannon|p1a: Tempest\n|-damage|p1a: Tempest|0 fnt\n|-unboost|p2b: Armarouge|def|1\n|-unboost|p2b: Armarouge|spd|1\n|faint|p1a: Tempest\n|\n|win|allanterry52\n|raw|Hi I&apos;m Arceil's rating: 1098 &rarr; <strong>1071<\/strong><br \/>(-27 for losing)\n|raw|allanterry52's rating: 1065 &rarr; <strong>1098<\/strong><br \/>(+33 for winning)\n","uploadtime":1700925366,"views":7,"p1id":"hiimarceil","p2id":"allanterry52","formatid":"gen9vgc2023regulatione","rating":1071,"private":0,"password":""}