{"id":"gen9vgc2023regulatione-1988844054","p1":"BurnerCreampuff","p2":"KingKRool213","format":"[Gen 9] VGC 2023 Regulation E","log":"|j|\u2606BurnerCreampuff\n|j|\u2606KingKRool213\n|t:|1699772211\n|gametype|doubles\n|player|p1|BurnerCreampuff|worker-gen4|1099\n|player|p2|KingKRool213|roark|1169\n|teamsize|p1|6\n|teamsize|p2|6\n|gen|9\n|tier|[Gen 9] VGC 2023 Regulation E\n|rated|\n|rule|Species Clause: Limit one of each Pok\u00e9mon\n|rule|Item Clause: Limit one of each item\n|clearpoke\n|poke|p1|Snorlax, L50, M|\n|poke|p1|Pachirisu, L50, F|\n|poke|p1|Sinistcha-Masterpiece, L50|\n|poke|p1|Clefable, L50, M|\n|poke|p1|Clodsire, L50, M|\n|poke|p1|Golem-Alola, L50, F|\n|poke|p2|Gliscor, L50, M|\n|poke|p2|Ting-Lu, L50|\n|poke|p2|Wo-Chien, L50|\n|poke|p2|Cresselia, L50, F|\n|poke|p2|Glimmora, L50, F|\n|poke|p2|Clefable, L50, M|\n|teampreview|4\n|\n|t:|1699772258\n|start\n|switch|p1a: Sinistcha|Sinistcha-Masterpiece, L50|100\/100\n|switch|p1b: Pachirisu|Pachirisu, L50, F|100\/100\n|switch|p2a: Gliscor|Gliscor, L50, M, shiny|100\/100\n|switch|p2b: Glimmora|Glimmora, L50, F|100\/100\n|turn|1\n|l|\u2606KingKRool213\n|player|p2|\n|j|\u2606KingKRool213\n|player|p2|KingKRool213|roark\n|\n|t:|1699772286\n|move|p2b: Glimmora|Mortal Spin|p1b: Pachirisu|[spread] p1a,p1b\n|-damage|p1a: Sinistcha|97\/100\n|-damage|p1b: Pachirisu|95\/100\n|-status|p1a: Sinistcha|psn\n|-status|p1b: Pachirisu|psn\n|move|p1b: Pachirisu|Super Fang|p2b: Glimmora\n|-damage|p2b: Glimmora|51\/100\n|-activate|p2b: Glimmora|ability: Toxic Debris\n|-sidestart|p1: BurnerCreampuff|move: Toxic Spikes\n|move|p2a: Gliscor|Earthquake|p1b: Pachirisu|[spread] p2b,p1a,p1b\n|-supereffective|p2b: Glimmora\n|-crit|p2b: Glimmora\n|-resisted|p1a: Sinistcha\n|-crit|p1a: Sinistcha\n|-supereffective|p1b: Pachirisu\n|-damage|p2b: Glimmora|0 fnt\n|-damage|p1a: Sinistcha|79\/100 psn\n|-damage|p1b: Pachirisu|45\/100 psn\n|-activate|p2b: Glimmora|ability: Toxic Debris\n|-sidestart|p1: BurnerCreampuff|move: Toxic Spikes\n|faint|p2b: Glimmora\n|move|p1a: Sinistcha|Strength Sap|p2a: Gliscor\n|-unboost|p2a: Gliscor|atk|1\n|-heal|p1a: Sinistcha|100\/100 psn\n|\n|-damage|p1b: Pachirisu|33\/100 psn|[from] psn\n|-damage|p1a: Sinistcha|88\/100 psn|[from] psn\n|-status|p2a: Gliscor|tox|[from] item: Toxic Orb\n|upkeep\n|\n|t:|1699772308\n|switch|p2b: Cresselia|Cresselia, L50, F, shiny|100\/100\n|turn|2\n|\n|t:|1699772321\n|switch|p1b: Clodsire|Clodsire, L50, M|100\/100\n|-sideend|p1: BurnerCreampuff|move: Toxic Spikes|[of] p1b: Clodsire\n|move|p2b: Cresselia|Protect|p2b: Cresselia\n|-singleturn|p2b: Cresselia|Protect\n|move|p2a: Gliscor|Earthquake|p1b: Clodsire|[spread] p1a,p1b\n|-activate|p2b: Cresselia|move: Protect\n|-resisted|p1a: Sinistcha\n|-supereffective|p1b: Clodsire\n|-damage|p1a: Sinistcha|81\/100 psn\n|-damage|p1b: Clodsire|70\/100\n|move|p1a: Sinistcha|Trick Room|p1a: Sinistcha\n|-fieldstart|move: Trick Room|[of] p1a: Sinistcha\n|\n|-heal|p1b: Clodsire|76\/100|[from] item: Leftovers\n|-damage|p1a: Sinistcha|69\/100 psn|[from] psn\n|upkeep\n|turn|3\n|\n|t:|1699772348\n|move|p1b: Clodsire|Curse|p1b: Clodsire\n|-unboost|p1b: Clodsire|spe|1\n|-boost|p1b: Clodsire|atk|1\n|-boost|p1b: Clodsire|def|1\n|move|p1a: Sinistcha|Strength Sap|p2a: Gliscor\n|-unboost|p2a: Gliscor|atk|1\n|-heal|p1a: Sinistcha|100\/100 psn\n|move|p2b: Cresselia|Dazzling Gleam|p1b: Clodsire|[spread] p1a,p1b\n|-resisted|p1b: Clodsire\n|-damage|p1a: Sinistcha|90\/100 psn\n|-damage|p1b: Clodsire|73\/100\n|move|p2a: Gliscor|Earthquake|p1a: Sinistcha|[spread] p1a,p1b\n|-immune|p2b: Cresselia|[from] ability: Levitate\n|-resisted|p1a: Sinistcha\n|-supereffective|p1b: Clodsire\n|-damage|p1a: Sinistcha|85\/100 psn\n|-damage|p1b: Clodsire|57\/100\n|\n|-heal|p1b: Clodsire|63\/100|[from] item: Leftovers\n|-damage|p1a: Sinistcha|72\/100 psn|[from] psn\n|upkeep\n|turn|4\n|\n|t:|1699772384\n|switch|p1a: Pachirisu|Pachirisu, L50, F|33\/100 psn\n|switch|p2a: Ting-Lu|Ting-Lu, L50|100\/100\n|-ability|p2a: Ting-Lu|Vessel of Ruin\n|move|p2b: Cresselia|Ally Switch|p2b: Cresselia\n|swap|p2b: Cresselia|0|[from] move: Ally Switch\n|move|p1b: Clodsire|Curse|p1b: Clodsire\n|-unboost|p1b: Clodsire|spe|1\n|-boost|p1b: Clodsire|atk|1\n|-boost|p1b: Clodsire|def|1\n|\n|-heal|p1b: Clodsire|68\/100|[from] item: Leftovers\n|-damage|p1a: Pachirisu|21\/100 psn|[from] psn\n|upkeep\n|-enditem|p1a: Pachirisu|Iapapa Berry|[eat]\n|-heal|p1a: Pachirisu|54\/100 psn|[from] item: Iapapa Berry\n|turn|5\n|\n|t:|1699772420\n|switch|p2a: Gliscor|Gliscor, L50, M, shiny|100\/100 tox\n|move|p1b: Clodsire|Amnesia|p1b: Clodsire\n|-boost|p1b: Clodsire|spd|2\n|move|p2b: Ting-Lu|Ruination|p1b: Clodsire\n|-damage|p1b: Clodsire|35\/100\n|move|p1a: Pachirisu|Super Fang|p2b: Ting-Lu\n|-damage|p2b: Ting-Lu|50\/100\n|\n|-heal|p1b: Clodsire|41\/100|[from] item: Leftovers\n|-heal|p2b: Ting-Lu|57\/100|[from] item: Leftovers\n|-damage|p1a: Pachirisu|42\/100 psn|[from] psn\n|upkeep\n|turn|6\n|\n|t:|1699772450\n|switch|p1a: Sinistcha|Sinistcha-Masterpiece, L50|72\/100 psn\n|-heal|p1b: Clodsire|65\/100|[from] ability: Hospitality|[of] p1a: Sinistcha\n|move|p2b: Ting-Lu|Protect|p2b: Ting-Lu\n|-singleturn|p2b: Ting-Lu|Protect\n|move|p1b: Clodsire|High Horsepower|p2b: Ting-Lu\n|-activate|p2b: Ting-Lu|move: Protect\n|move|p2a: Gliscor|Earthquake|p1b: Clodsire|[spread] p1a,p1b\n|-activate|p2b: Ting-Lu|move: Protect\n|-resisted|p1a: Sinistcha\n|-supereffective|p1b: Clodsire\n|-damage|p1a: Sinistcha|61\/100 psn\n|-damage|p1b: Clodsire|39\/100\n|\n|-heal|p1b: Clodsire|45\/100|[from] item: Leftovers\n|-heal|p2b: Ting-Lu|63\/100|[from] item: Leftovers\n|-damage|p1a: Sinistcha|49\/100 psn|[from] psn\n|-fieldend|move: Trick Room\n|upkeep\n|turn|7\n|\n|t:|1699772476\n|switch|p2b: Cresselia|Cresselia, L50, F, shiny|100\/100\n|move|p2a: Gliscor|Earthquake|p1b: Clodsire|[spread] p1a,p1b\n|-immune|p2b: Cresselia|[from] ability: Levitate\n|-resisted|p1a: Sinistcha\n|-supereffective|p1b: Clodsire\n|-damage|p1a: Sinistcha|39\/100 psn\n|-damage|p1b: Clodsire|19\/100\n|move|p1b: Clodsire|High Horsepower|p2b: Cresselia\n|-immune|p2b: Cresselia|[from] ability: Levitate\n|move|p1a: Sinistcha|Trick Room|p1a: Sinistcha\n|-fieldstart|move: Trick Room|[of] p1a: Sinistcha\n|\n|-heal|p1b: Clodsire|25\/100|[from] item: Leftovers\n|-damage|p1a: Sinistcha|26\/100 psn|[from] psn\n|upkeep\n|turn|8\n|\n|t:|1699772497\n|move|p2b: Cresselia|Ally Switch|p2b: Cresselia\n|swap|p2b: Cresselia|0|[from] move: Ally Switch\n|move|p1b: Clodsire|Gunk Shot|p2b: Gliscor|[miss]\n|-miss|p1b: Clodsire|p2b: Gliscor\n|move|p1a: Sinistcha|Strength Sap|p2a: Cresselia\n|-unboost|p2a: Cresselia|atk|1\n|-heal|p1a: Sinistcha|64\/100 psn\n|move|p2b: Gliscor|Earthquake|p1b: Clodsire|[spread] p1a,p1b\n|-immune|p2a: Cresselia|[from] ability: Levitate\n|-resisted|p1a: Sinistcha\n|-supereffective|p1b: Clodsire\n|-damage|p1a: Sinistcha|53\/100 psn\n|-damage|p1b: Clodsire|0 fnt\n|faint|p1b: Clodsire\n|\n|-damage|p1a: Sinistcha|40\/100 psn|[from] psn\n|upkeep\n|\n|t:|1699772515\n|switch|p1b: Snorlax|Snorlax, L50, M|100\/100\n|turn|9\n|\n|t:|1699772523\n|move|p1a: Sinistcha|Rage Powder|p1a: Sinistcha\n|-singleturn|p1a: Sinistcha|move: Rage Powder\n|move|p1b: Snorlax|Belly Drum|p1b: Snorlax\n|-damage|p1b: Snorlax|50\/100\n|-setboost|p1b: Snorlax|atk|6|[from] move: Belly Drum\n|-enditem|p1b: Snorlax|Sitrus Berry|[eat]\n|-heal|p1b: Snorlax|75\/100|[from] item: Sitrus Berry\n|move|p2a: Cresselia|Dazzling Gleam|p1a: Sinistcha|[spread] p1a,p1b\n|-damage|p1a: Sinistcha|30\/100 psn\n|-damage|p1b: Snorlax|69\/100\n|move|p2b: Gliscor|Earthquake|p1a: Sinistcha|[spread] p1a,p1b\n|-immune|p2a: Cresselia|[from] ability: Levitate\n|-resisted|p1a: Sinistcha\n|-damage|p1a: Sinistcha|18\/100 psn\n|-damage|p1b: Snorlax|49\/100\n|\n|-damage|p1a: Sinistcha|6\/100 psn|[from] psn\n|upkeep\n|turn|10\n|\n|t:|1699772555\n|switch|p1a: Pachirisu|Pachirisu, L50, F|42\/100 psn\n|move|p1b: Snorlax|Facade|p2b: Gliscor\n|-damage|p2b: Gliscor|6\/100 tox\n|move|p2a: Cresselia|Dazzling Gleam|p1b: Snorlax|[spread] p1a,p1b\n|-damage|p1a: Pachirisu|30\/100 psn\n|-damage|p1b: Snorlax|42\/100\n|move|p2b: Gliscor|Counter|p1b: Snorlax\n|-damage|p1b: Snorlax|0 fnt\n|faint|p1b: Snorlax\n|\n|-heal|p2b: Gliscor|18\/100 tox|[from] ability: Poison Heal\n|-damage|p1a: Pachirisu|18\/100 psn|[from] psn\n|upkeep\n|\n|t:|1699772571\n|switch|p1b: Sinistcha|Sinistcha-Masterpiece, L50|6\/100 psn\n|-heal|p1a: Pachirisu|43\/100 psn|[from] ability: Hospitality|[of] p1b: Sinistcha\n|turn|11\n|\n|t:|1699772585\n|move|p2b: Gliscor|Protect|p2b: Gliscor\n|-singleturn|p2b: Gliscor|Protect\n|move|p1b: Sinistcha|Matcha Gotcha|p2b: Gliscor|[spread] p2a\n|-activate|p2b: Gliscor|move: Protect\n|-crit|p2a: Cresselia\n|-damage|p2a: Cresselia|78\/100\n|-heal|p1b: Sinistcha|21\/100 psn|[from] drain|[of] p2a: Cresselia\n|move|p2a: Cresselia|Lunar Blessing|p2a: Cresselia|[spread] p2a,p2b\n|-heal|p2a: Cresselia|100\/100\n|-heal|p2b: Gliscor|43\/100 tox\n|-curestatus|p2b: Gliscor|tox|[msg]\n|move|p1a: Pachirisu|Super Fang|p2a: Cresselia\n|-damage|p2a: Cresselia|50\/100\n|-damage|p1a: Pachirisu|27\/100 psn|[from] item: Rocky Helmet|[of] p2a: Cresselia\n|\n|-damage|p1b: Sinistcha|8\/100 psn|[from] psn\n|-damage|p1a: Pachirisu|15\/100 psn|[from] psn\n|-fieldend|move: Trick Room\n|-status|p2b: Gliscor|tox|[from] item: Toxic Orb\n|upkeep\n|turn|12\n|\n|t:|1699772614\n|move|p2b: Gliscor|Earthquake|p1a: Pachirisu|[spread] p1a,p1b\n|-immune|p2a: Cresselia|[from] ability: Levitate\n|-supereffective|p1a: Pachirisu\n|-crit|p1a: Pachirisu\n|-resisted|p1b: Sinistcha\n|-damage|p1a: Pachirisu|0 fnt\n|-damage|p1b: Sinistcha|0 fnt\n|faint|p1a: Pachirisu\n|faint|p1b: Sinistcha\n|\n|win|KingKRool213\n|raw|BurnerCreampuff's rating: 1099 &rarr; <strong>1079<\/strong><br \/>(-20 for losing)\n|raw|KingKRool213's rating: 1169 &rarr; <strong>1189<\/strong><br \/>(+20 for winning)\n|c|\u2606BurnerCreampuff|Gg\n","uploadtime":1699772629,"views":14,"p1id":"burnercreampuff","p2id":"kingkrool213","formatid":"gen9vgc2023regulatione","rating":1079,"private":0,"password":""}