{"id":"gen9vgc2023regulatione-2000440047","p1":"Lurvas","p2":"testingtothetop69","format":"[Gen 9] VGC 2023 Regulation E","log":"|j|\u2606Lurvas\n|j|\u2606testingtothetop69\n|t:|1701194975\n|gametype|doubles\n|player|p1|Lurvas|alder|1140\n|player|p2|testingtothetop69|baker|1194\n|teamsize|p1|6\n|teamsize|p2|6\n|gen|9\n|tier|[Gen 9] VGC 2023 Regulation E\n|rated|\n|rule|Species Clause: Limit one of each Pok\u00e9mon\n|rule|Item Clause: Limit one of each item\n|clearpoke\n|poke|p1|Urshifu-*, L50, F|\n|poke|p1|Rillaboom, L50, M|\n|poke|p1|Flutter Mane, L50|\n|poke|p1|Arcanine-Hisui, L50, M|\n|poke|p1|Chien-Pao, L50|\n|poke|p1|Tornadus, L50, M|\n|poke|p2|Kingambit, L50, M|\n|poke|p2|Tornadus, L50, M|\n|poke|p2|Slaking, L50, M|\n|poke|p2|Gholdengo, L50|\n|poke|p2|Chi-Yu, L50|\n|poke|p2|Weezing, L50, M|\n|teampreview|4\nLurvas has agreed to open team sheets.\n|inactive|Battle timer is ON: inactive players will automatically lose when time's up. (requested by Lurvas)\n|\n|t:|1701195005\n|start\n|switch|p1a: Rillaboom|Rillaboom, L50, M|100\/100\n|switch|p1b: Arcanine|Arcanine-Hisui, L50, M|100\/100\n|switch|p2a: Weezing|Weezing, L50, M, shiny|100\/100\n|switch|p2b: Slaking|Slaking, L50, M, shiny|100\/100\n|-ability|p2a: Weezing|Neutralizing Gas\n|turn|1\n|inactive|Lurvas has 30 seconds left.\n|\n|t:|1701195031\n|-terastallize|p2b: Slaking|Ghost\n|move|p1a: Rillaboom|Fake Out|p2a: Weezing\n|-damage|p2a: Weezing|91\/100\n|move|p2b: Slaking|High Horsepower|p1b: Arcanine\n|-supereffective|p1b: Arcanine\n|-damage|p1b: Arcanine|0 fnt\n|faint|p1b: Arcanine\n|-damage|p2b: Slaking|91\/100|[from] item: Life Orb\n|cant|p2a: Weezing|flinch\n|\n|upkeep\n|\n|t:|1701195041\n|switch|p1b: Flutter Mane|Flutter Mane, L50|100\/100\n|-enditem|p1b: Flutter Mane|Booster Energy\n|-activate|p1b: Flutter Mane|ability: Protosynthesis|[fromitem]\n|-start|p1b: Flutter Mane|protosynthesisspe\n|turn|2\n|\n|t:|1701195053\n|move|p1b: Flutter Mane|Shadow Ball|p2b: Slaking\n|-supereffective|p2b: Slaking\n|-damage|p2b: Slaking|0 fnt\n|faint|p2b: Slaking\n|move|p1a: Rillaboom|Stomping Tantrum|p2a: Weezing\n|-supereffective|p2a: Weezing\n|-damage|p2a: Weezing|57\/100\n|move|p2a: Weezing|Sludge Bomb|p1a: Rillaboom\n|-supereffective|p1a: Rillaboom\n|-damage|p1a: Rillaboom|58\/100\n|\n|upkeep\n|\n|t:|1701195058\n|switch|p2b: Chi-Yu|Chi-Yu, L50|100\/100\n|turn|3\n|\n|t:|1701195068\n|move|p1b: Flutter Mane|Protect|p1b: Flutter Mane\n|-singleturn|p1b: Flutter Mane|Protect\n|move|p2b: Chi-Yu|Heat Wave|p1a: Rillaboom|[spread] p1a\n|-activate|p1b: Flutter Mane|move: Protect\n|-supereffective|p1a: Rillaboom\n|-damage|p1a: Rillaboom|1\/100\n|move|p1a: Rillaboom|Stomping Tantrum|p2b: Chi-Yu\n|-supereffective|p2b: Chi-Yu\n|-damage|p2b: Chi-Yu|10\/100\n|move|p2a: Weezing|Sludge Bomb|p1a: Rillaboom\n|-supereffective|p1a: Rillaboom\n|-damage|p1a: Rillaboom|0 fnt\n|faint|p1a: Rillaboom\n|\n|upkeep\n|\n|t:|1701195080\n|switch|p1a: Urshifu|Urshifu-Rapid-Strike, L50, F|100\/100\n|turn|4\n|\n|t:|1701195087\n|move|p1a: Urshifu|Aqua Jet|p2b: Chi-Yu\n|-supereffective|p2b: Chi-Yu\n|-damage|p2b: Chi-Yu|0 fnt\n|faint|p2b: Chi-Yu\n|move|p1b: Flutter Mane|Shadow Ball|p2a: Weezing\n|-damage|p2a: Weezing|0 fnt\n|faint|p2a: Weezing\n|-end|p2a: Weezing|ability: Neutralizing Gas\n|\n|upkeep\n|\n|t:|1701195090\n|switch|p2b: Gholdengo|Gholdengo, L50|100\/100\n|-item|p2b: Gholdengo|Air Balloon\n|turn|5\n|\n|t:|1701195101\n|move|p1b: Flutter Mane|Protect|p1b: Flutter Mane\n|-singleturn|p1b: Flutter Mane|Protect\n|move|p1a: Urshifu|Detect|p1a: Urshifu\n|-singleturn|p1a: Urshifu|Protect\n|move|p2b: Gholdengo|Make It Rain|p1b: Flutter Mane|[spread] \n|-activate|p1a: Urshifu|move: Protect\n|-activate|p1b: Flutter Mane|move: Protect\n|\n|upkeep\n|turn|6\n|\n|t:|1701195114\n|move|p1b: Flutter Mane|Shadow Ball|p2b: Gholdengo\n|-supereffective|p2b: Gholdengo\n|-damage|p2b: Gholdengo|7\/100\n|-enditem|p2b: Gholdengo|Air Balloon\n|move|p1a: Urshifu|Surging Strikes|p2b: Gholdengo\n|-crit|p2b: Gholdengo\n|-damage|p2b: Gholdengo|0 fnt\n|faint|p2b: Gholdengo\n|-hitcount|p2: Gholdengo|1\n|\n|win|Lurvas\n|raw|Lurvas's rating: 1140 &rarr; <strong>1169<\/strong><br \/>(+29 for winning)\n|raw|testingtothetop69's rating: 1194 &rarr; <strong>1165<\/strong><br \/>(-29 for losing)\n|c|\u2606Lurvas|gg\n","uploadtime":1701195124,"views":8,"p1id":"lurvas","p2id":"testingtothetop69","formatid":"gen9vgc2023regulatione","rating":1165,"private":0,"password":""}