{"id":"gen9vgc2023regulatione-1998053768","p1":"Dervish91","p2":"PeteWhiz","format":"[Gen 9] VGC 2023 Regulation E","log":"|j|\u203dDervish91\n|j|\u2606PeteWhiz\n|t:|1700884303\n|gametype|doubles\n|player|p1|Dervish91|2|1000\n|player|p2|PeteWhiz|169|1003\n|teamsize|p1|6\n|teamsize|p2|6\n|gen|9\n|tier|[Gen 9] VGC 2023 Regulation E\n|rated|\n|rule|Species Clause: Limit one of each Pok\u00e9mon\n|rule|Item Clause: Limit one of each item\n|clearpoke\n|poke|p1|Ursaluna-Bloodmoon, L50, M|\n|poke|p1|Grimmsnarl, L50, M|\n|poke|p1|Sinistcha, L50|\n|poke|p1|Iron Hands, L50|\n|poke|p1|Landorus-Therian, L50, M|\n|poke|p1|Heatran, L50, M|\n|poke|p2|Sinistcha, L50|\n|poke|p2|Indeedee-F, L50, F|\n|poke|p2|Regieleki, L50|\n|poke|p2|Arcanine-Hisui, L50, F|\n|poke|p2|Tornadus, L50, M|\n|poke|p2|Ogerpon-Wellspring, L50, F|\n|teampreview|4\n|\n|t:|1700884332\n|start\n|switch|p1a: Grimmsnarl|Grimmsnarl, L50, M|100\/100\n|switch|p1b: Sinistcha|Sinistcha, L50|100\/100\n|switch|p2a: Indeedee|Indeedee-F, L50, F|100\/100\n|switch|p2b: Regieleki|Regieleki, L50|100\/100\n|-fieldstart|move: Psychic Terrain|[from] ability: Psychic Surge|[of] p2a: Indeedee\n|-enditem|p2a: Indeedee|Psychic Seed\n|-boost|p2a: Indeedee|spd|1|[from] item: Psychic Seed\n|turn|1\n|\n|t:|1700884387\n|-terastallize|p2b: Regieleki|Ice\n|move|p2a: Indeedee|Helping Hand|p2b: Regieleki\n|-singleturn|p2b: Regieleki|Helping Hand|[of] p2a: Indeedee\n|move|p2b: Regieleki|Tera Blast|p1b: Sinistcha|[anim] Tera Blast Ice\n|-supereffective|p1b: Sinistcha\n|-damage|p1b: Sinistcha|0 fnt\n|faint|p1b: Sinistcha\n|move|p1a: Grimmsnarl|Spirit Break|p2a: Indeedee\n|-damage|p2a: Indeedee|72\/100\n|-unboost|p2a: Indeedee|spa|1\n|\n|upkeep\n|\n|t:|1700884395\n|switch|p1b: Landorus|Landorus-Therian, L50, M|100\/100\n|-ability|p1b: Landorus|Intimidate|boost\n|-unboost|p2a: Indeedee|atk|1\n|-unboost|p2b: Regieleki|atk|1\n|turn|2\n|\n|t:|1700884418\n|move|p2a: Indeedee|Helping Hand|p2b: Regieleki\n|-singleturn|p2b: Regieleki|Helping Hand|[of] p2a: Indeedee\n|move|p2b: Regieleki|Tera Blast|p1b: Landorus|[anim] Tera Blast Ice\n|-supereffective|p1b: Landorus\n|-damage|p1b: Landorus|0 fnt\n|faint|p1b: Landorus\n|move|p1a: Grimmsnarl|Spirit Break|p2b: Regieleki\n|-damage|p2b: Regieleki|52\/100\n|-unboost|p2b: Regieleki|spa|1\n|\n|upkeep\n|\n|t:|1700884424\n|switch|p1b: Iron Hands|Iron Hands, L50|100\/100\n|turn|3\n|\n|t:|1700884436\n|switch|p2b: Arcanine|Arcanine-Hisui, L50, F|100\/100\n|-ability|p2b: Arcanine|Intimidate|boost\n|-unboost|p1a: Grimmsnarl|atk|1\n|-unboost|p1b: Iron Hands|atk|1\n|move|p2a: Indeedee|Protect|p2a: Indeedee\n|-singleturn|p2a: Indeedee|Protect\n|move|p1a: Grimmsnarl|Spirit Break|p2a: Indeedee\n|-activate|p2a: Indeedee|move: Protect\n|move|p1b: Iron Hands|Heavy Slam|p2b: Arcanine\n|-damage|p2b: Arcanine|78\/100\n|\n|upkeep\n|turn|4\n|\n|t:|1700884463\n|move|p2a: Indeedee|Follow Me|p2a: Indeedee\n|-singleturn|p2a: Indeedee|move: Follow Me\n|move|p2b: Arcanine|Flare Blitz|p1a: Grimmsnarl\n|-damage|p1a: Grimmsnarl|16\/100\n|-damage|p2b: Arcanine|45\/100|[from] Recoil\n|move|p1a: Grimmsnarl|Chilling Water|p2a: Indeedee\n|-damage|p2a: Indeedee|65\/100\n|-unboost|p2a: Indeedee|atk|1\n|move|p1b: Iron Hands|Drain Punch|p2a: Indeedee\n|-damage|p2a: Indeedee|36\/100\n|\n|upkeep\n|turn|5\n|inactive|Battle timer is ON: inactive players will automatically lose when time's up. (requested by Dervish91)\n|\n|t:|1700884489\n|move|p2a: Indeedee|Protect|p2a: Indeedee\n|-singleturn|p2a: Indeedee|Protect\n|move|p2b: Arcanine|Flare Blitz|p1b: Iron Hands\n|-damage|p1b: Iron Hands|46\/100\n|-damage|p2b: Arcanine|17\/100|[from] Recoil\n|move|p1a: Grimmsnarl|Spirit Break|p2a: Indeedee\n|-activate|p2a: Indeedee|move: Protect\n|move|p1b: Iron Hands|Drain Punch|p2b: Arcanine\n|-supereffective|p2b: Arcanine\n|-damage|p2b: Arcanine|0 fnt\n|-heal|p1b: Iron Hands|52\/100|[from] drain|[of] p2b: Arcanine\n|faint|p2b: Arcanine\n|\n|-fieldend|move: Psychic Terrain\n|upkeep\n|\n|t:|1700884508\n|switch|p2b: Regieleki|Regieleki, L50, tera:Ice|52\/100\n|turn|6\n|\n|t:|1700884520\n|switch|p2a: Tornadus|Tornadus, L50, M|100\/100\n|move|p1a: Grimmsnarl|Parting Shot|p2b: Regieleki\n|-unboost|p2b: Regieleki|atk|1\n|-unboost|p2b: Regieleki|spa|1\n|move|p2b: Regieleki|Tera Blast|p1b: Iron Hands|[anim] Tera Blast Ice\n|-damage|p1b: Iron Hands|39\/100\n|move|p1b: Iron Hands|Drain Punch|p2b: Regieleki\n|-supereffective|p2b: Regieleki\n|-damage|p2b: Regieleki|0 fnt\n|-heal|p1b: Iron Hands|55\/100|[from] drain|[of] p2b: Regieleki\n|faint|p2b: Regieleki\n|\n|upkeep\n|\n|t:|1700884535\n|switch|p2b: Indeedee|Indeedee-F, L50, F|36\/100\n|-fieldstart|move: Psychic Terrain|[from] ability: Psychic Surge|[of] p2b: Indeedee\n|turn|7\n|\n|t:|1700884554\n|move|p2b: Indeedee|Protect|p2b: Indeedee\n|-singleturn|p2b: Indeedee|Protect\n|move|p2a: Tornadus|Rain Dance|p2a: Tornadus\n|-weather|RainDance\n|move|p1a: Grimmsnarl|Spirit Break|p2b: Indeedee\n|-activate|p2b: Indeedee|move: Protect\n|move|p1b: Iron Hands|Wild Charge|p2a: Tornadus\n|-supereffective|p2a: Tornadus\n|-damage|p2a: Tornadus|19\/100\n|-damage|p1b: Iron Hands|40\/100|[from] Recoil\n|\n|-weather|RainDance|[upkeep]\n|upkeep\n|turn|8\n|inactive|Dervish91 has 30 seconds left.\n|inactive|Dervish91 has 20 seconds left.\n|\n|t:|1700884592\n|move|p2a: Tornadus|Bleakwind Storm|p1a: Grimmsnarl|[spread] p1a,p1b\n|-damage|p1a: Grimmsnarl|0 fnt\n|-damage|p1b: Iron Hands|19\/100\n|faint|p1a: Grimmsnarl\n|move|p2b: Indeedee|Psychic|p1b: Iron Hands\n|-supereffective|p1b: Iron Hands\n|-damage|p1b: Iron Hands|0 fnt\n|faint|p1b: Iron Hands\n|-end|p1b: Iron Hands|Quark Drive|[silent]\n|\n|win|PeteWhiz\n|raw|Dervish91's rating: 1000 &rarr; <strong>1000<\/strong><br \/>(+0 for losing)\n|raw|PeteWhiz's rating: 1003 &rarr; <strong>1042<\/strong><br \/>(+39 for winning)\n|l|\u203dDervish91\n","uploadtime":1700884606,"views":21,"p1id":"dervish91","p2id":"petewhiz","formatid":"gen9vgc2023regulatione","rating":1000,"private":0,"password":""}