{"id":"gen9vgc2023regulatione-1988094464","p1":"notmonica","p2":"AstroGamer158","format":"[Gen 9] VGC 2023 Regulation E","log":"|j|\u2606notmonica\n|j|\u2606AstroGamer158\n|t:|1699668823\n|gametype|doubles\n|player|p1|notmonica|266|1246\n|player|p2|AstroGamer158|schoolkid-gen4dp|1221\n|teamsize|p1|6\n|teamsize|p2|6\n|gen|9\n|tier|[Gen 9] VGC 2023 Regulation E\n|rated|\n|rule|Species Clause: Limit one of each Pok\u00e9mon\n|rule|Item Clause: Limit one of each item\n|clearpoke\n|poke|p1|Spectrier, L50|\n|poke|p1|Grimmsnarl, L50, M|\n|poke|p1|Rillaboom, L50, M|\n|poke|p1|Ogerpon-Hearthflame, L50, F|\n|poke|p1|Poliwrath, L50, F|\n|poke|p1|Landorus-Therian, L50, M|\n|poke|p2|Iron Bundle, L50|\n|poke|p2|Urshifu-*, L50, F|\n|poke|p2|Tornadus, L50, M|\n|poke|p2|Chien-Pao, L50|\n|poke|p2|Sneasler, L50, F|\n|poke|p2|Overqwil, L50, M|\n|teampreview|4\n|inactive|Battle timer is ON: inactive players will automatically lose when time's up. (requested by AstroGamer158)\n|inactive|notmonica has 60 seconds left.\n|inactive|AstroGamer158 has 60 seconds left.\n|\n|t:|1699668875\n|start\n|switch|p1a: Grimmsnarl|Grimmsnarl, L50, M|100\/100\n|switch|p1b: Spectrier|Spectrier, L50|100\/100\n|switch|p2a: Tornadus|Tornadus, L50, M, shiny|100\/100\n|switch|p2b: Iron Bundle|Iron Bundle, L50|100\/100\n|-enditem|p2b: Iron Bundle|Booster Energy\n|-activate|p2b: Iron Bundle|ability: Quark Drive|[fromitem]\n|-start|p2b: Iron Bundle|quarkdrivespe\n|turn|1\n|inactive|AstroGamer158 has 30 seconds left.\n|\n|t:|1699668904\n|move|p2a: Tornadus|Tailwind|p2a: Tornadus\n|-sidestart|p2: AstroGamer158|move: Tailwind\n|move|p1a: Grimmsnarl|Light Screen|p1a: Grimmsnarl\n|-sidestart|p1: notmonica|move: Light Screen\n|move|p2b: Iron Bundle|Hydro Pump|p1b: Spectrier\n|-damage|p1b: Spectrier|65\/100\n|move|p1b: Spectrier|Taunt|p2a: Tornadus\n|-start|p2a: Tornadus|move: Taunt\n|\n|upkeep\n|turn|2\n|inactive|notmonica has 30 seconds left.\n|inactive|AstroGamer158 has 30 seconds left.\n|\n|t:|1699668935\n|switch|p2a: Chien-Pao|Chien-Pao, L50|100\/100\n|-ability|p2a: Chien-Pao|Sword of Ruin\n|move|p1a: Grimmsnarl|Thunder Wave|p2b: Iron Bundle\n|-status|p2b: Iron Bundle|par\n|move|p2b: Iron Bundle|Encore|p1a: Grimmsnarl\n|-start|p1a: Grimmsnarl|Encore\n|move|p1b: Spectrier|Snarl|p2a: Chien-Pao|[spread] p2a,p2b\n|-resisted|p2a: Chien-Pao\n|-damage|p2a: Chien-Pao|90\/100\n|-damage|p2b: Iron Bundle|74\/100 par\n|-unboost|p2a: Chien-Pao|spa|1\n|-unboost|p2b: Iron Bundle|spa|1\n|\n|upkeep\n|turn|3\n|inactive|AstroGamer158 has 30 seconds left.\n|inactive|AstroGamer158 has 20 seconds left.\n|\n|t:|1699668973\n|switch|p1a: Landorus|Landorus-Therian, L50, M|100\/100\n|-ability|p1a: Landorus|Intimidate|boost\n|-unboost|p2a: Chien-Pao|atk|1\n|-unboost|p2b: Iron Bundle|atk|1\n|move|p2a: Chien-Pao|Sucker Punch||[still]\n|-fail|p2a: Chien-Pao\n|move|p2b: Iron Bundle|Hydro Pump|p1a: Landorus|[miss]\n|-miss|p2b: Iron Bundle|p1a: Landorus\n|move|p1b: Spectrier|Will-O-Wisp|p2a: Chien-Pao\n|-status|p2a: Chien-Pao|brn\n|\n|-damage|p2a: Chien-Pao|84\/100 brn|[from] brn\n|upkeep\n|turn|4\n|inactive|notmonica has 30 seconds left.\n|inactive|AstroGamer158 has 30 seconds left.\n|\n|t:|1699668998\n|move|p2a: Chien-Pao|Psychic Fangs|p1b: Spectrier\n|-sideend|p1: notmonica|move: Light Screen\n|-damage|p1b: Spectrier|51\/100\n|move|p2b: Iron Bundle|Freeze-Dry|p1a: Landorus\n|-supereffective|p1a: Landorus\n|-damage|p1a: Landorus|0 fnt\n|faint|p1a: Landorus\n|move|p1b: Spectrier|Snarl|p2b: Iron Bundle|[spread] p2a,p2b\n|-resisted|p2a: Chien-Pao\n|-damage|p2a: Chien-Pao|73\/100 brn\n|-damage|p2b: Iron Bundle|47\/100 par\n|-unboost|p2a: Chien-Pao|spa|1\n|-unboost|p2b: Iron Bundle|spa|1\n|\n|-damage|p2a: Chien-Pao|68\/100 brn|[from] brn\n|-sideend|p2: AstroGamer158|move: Tailwind\n|upkeep\n|\n|t:|1699669016\n|switch|p1a: Poliwrath|Poliwrath, L50, F|100\/100\n|turn|5\n|inactive|AstroGamer158 has 30 seconds left.\n|inactive|AstroGamer158 has 20 seconds left.\n|\n|t:|1699669055\n|switch|p1b: Grimmsnarl|Grimmsnarl, L50, M|100\/100\n|-terastallize|p1a: Poliwrath|Fire\n|move|p2b: Iron Bundle|Protect|p2b: Iron Bundle\n|-singleturn|p2b: Iron Bundle|Protect\n|move|p2a: Chien-Pao|Psychic Fangs|p1a: Poliwrath\n|-damage|p1a: Poliwrath|88\/100\n|move|p1a: Poliwrath|Drain Punch|p2a: Chien-Pao\n|-supereffective|p2a: Chien-Pao\n|-damage|p2a: Chien-Pao|0 fnt\n|-heal|p1a: Poliwrath|100\/100|[from] drain|[of] p2a: Chien-Pao\n|faint|p2a: Chien-Pao\n|\n|upkeep\n|\n|t:|1699669076\n|switch|p2a: Tornadus|Tornadus, L50, M, shiny|100\/100\n|turn|6\n|\n|t:|1699669093\n|move|p2a: Tornadus|Tailwind|p2a: Tornadus\n|-sidestart|p2: AstroGamer158|move: Tailwind\n|move|p1b: Grimmsnarl|Light Screen|p1b: Grimmsnarl\n|-sidestart|p1: notmonica|move: Light Screen\n|cant|p2b: Iron Bundle|par\n|move|p1a: Poliwrath|Bulk Up|p1a: Poliwrath\n|-boost|p1a: Poliwrath|atk|1\n|-boost|p1a: Poliwrath|def|1\n|\n|upkeep\n|turn|7\n|\n|t:|1699669117\n|move|p2a: Tornadus|Rain Dance|p2a: Tornadus\n|-weather|RainDance\n|move|p1b: Grimmsnarl|Thunder Wave|p2a: Tornadus\n|-status|p2a: Tornadus|par\n|move|p2b: Iron Bundle|Hydro Pump|p1a: Poliwrath\n|-immune|p1a: Poliwrath|[from] ability: Water Absorb\n|move|p1a: Poliwrath|Bulk Up|p1a: Poliwrath\n|-boost|p1a: Poliwrath|atk|1\n|-boost|p1a: Poliwrath|def|1\n|\n|-weather|RainDance|[upkeep]\n|upkeep\n|turn|8\n|inactive|notmonica has 30 seconds left.\n|inactive|AstroGamer158 has 30 seconds left.\n|\n|t:|1699669150\n|-end|p2b: Iron Bundle|Quark Drive|[silent]\n|switch|p2b: Urshifu|Urshifu-Rapid-Strike, L50, F|100\/100\n|move|p2a: Tornadus|Bleakwind Storm|p1b: Grimmsnarl|[spread] p1a,p1b\n|-damage|p1a: Poliwrath|77\/100\n|-damage|p1b: Grimmsnarl|80\/100\n|-unboost|p1b: Grimmsnarl|spe|1\n|move|p1a: Poliwrath|Waterfall|p2a: Tornadus\n|-damage|p2a: Tornadus|0 fnt\n|faint|p2a: Tornadus\n|move|p1b: Grimmsnarl|Spirit Break|p2b: Urshifu\n|-supereffective|p2b: Urshifu\n|-damage|p2b: Urshifu|32\/100\n|-unboost|p2b: Urshifu|spa|1\n|\n|-weather|RainDance|[upkeep]\n|-heal|p1a: Poliwrath|83\/100|[from] item: Leftovers\n|upkeep\n|\n|t:|1699669168\n|switch|p2a: Iron Bundle|Iron Bundle, L50|47\/100 par\n|turn|9\n|inactive|AstroGamer158 has 30 seconds left.\n|\n|t:|1699669201\n|-terastallize|p2b: Urshifu|Water\n|move|p1b: Grimmsnarl|Reflect|p1b: Grimmsnarl\n|-sidestart|p1: notmonica|Reflect\n|move|p2b: Urshifu|Surging Strikes|p1b: Grimmsnarl\n|-crit|p1b: Grimmsnarl\n|-damage|p1b: Grimmsnarl|36\/100\n|-crit|p1b: Grimmsnarl\n|-damage|p1b: Grimmsnarl|0 fnt\n|faint|p1b: Grimmsnarl\n|-hitcount|p1: Grimmsnarl|2\n|move|p2a: Iron Bundle|Freeze-Dry|p1a: Poliwrath\n|-resisted|p1a: Poliwrath\n|-damage|p1a: Poliwrath|71\/100\n|move|p1a: Poliwrath|Drain Punch|p2a: Iron Bundle\n|-supereffective|p2a: Iron Bundle\n|-damage|p2a: Iron Bundle|0 fnt\n|-heal|p1a: Poliwrath|89\/100|[from] drain|[of] p2a: Iron Bundle\n|faint|p2a: Iron Bundle\n|-end|p2a: Iron Bundle|Quark Drive|[silent]\n|\n|-weather|RainDance|[upkeep]\n|-heal|p1a: Poliwrath|95\/100|[from] item: Leftovers\n|-sideend|p2: AstroGamer158|move: Tailwind\n|upkeep\n|\n|t:|1699669219\n|switch|p1b: Spectrier|Spectrier, L50|51\/100\n|turn|10\n|\n|t:|1699669232\n|move|p1b: Spectrier|Will-O-Wisp|p2b: Urshifu\n|-status|p2b: Urshifu|brn\n|move|p2b: Urshifu|Close Combat|p1a: Poliwrath\n|-damage|p1a: Poliwrath|84\/100\n|-unboost|p2b: Urshifu|def|1\n|-unboost|p2b: Urshifu|spd|1\n|move|p1a: Poliwrath|Waterfall|p2b: Urshifu\n|-resisted|p2b: Urshifu\n|-damage|p2b: Urshifu|0 fnt\n|faint|p2b: Urshifu\n|\n|win|notmonica\n|raw|notmonica's rating: 1246 &rarr; <strong>1269<\/strong><br \/>(+23 for winning)\n|raw|AstroGamer158's rating: 1221 &rarr; <strong>1198<\/strong><br \/>(-23 for losing)\n|l|\u2606AstroGamer158\n","uploadtime":1699669245,"views":24,"p1id":"notmonica","p2id":"astrogamer158","formatid":"gen9vgc2023regulatione","rating":1198,"private":0,"password":""}