{"id":"gen9vgc2023regulatione-1990741610","p1":"Cyalia12","p2":"unluckyalba","format":"[Gen 9] VGC 2023 Regulation E","log":"|j|\u2606Cyalia12\n|j|\u2606unluckyalba\n|n|\u2606Cyalia12|cyalia12\n|n|\u2606unluckyalba|unluckyalba\n|html|View the match progress at <a href=\"\/game-bestof3-gen9vgc2023regulatione-1990738772\">game-bestof3-gen9vgc2023regulatione-1990738772<\/a>\n|t:|1699996526\n|gametype|doubles\n|player|p1|Cyalia12|shadowtriad|\n|player|p2|unluckyalba|102|\n|teamsize|p1|6\n|teamsize|p2|6\n|gen|9\n|tier|[Gen 9] VGC 2023 Regulation E\n|rule|Species Clause: Limit one of each Pok\u00e9mon\n|rule|Item Clause: Limit one of each item\n|clearpoke\n|poke|p1|Chien-Pao, L50|\n|poke|p1|Flutter Mane, L50|\n|poke|p1|Tornadus, L50, M|\n|poke|p1|Rillaboom, L50, M|\n|poke|p1|Urshifu-*, L50, F|\n|poke|p1|Arcanine-Hisui, L50, F|\n|poke|p2|Grimmsnarl, L50, M|\n|poke|p2|Volcarona, L50, F|\n|poke|p2|Iron Hands, L50|\n|poke|p2|Ogerpon-Wellspring, L50, F|\n|poke|p2|Landorus-Therian, L50, M|\n|poke|p2|Dragapult, L50, F|\n|teampreview|4\n|\n|t:|1699996562\n|start\n|switch|p1a: Tornadus|Tornadus, L50, M|100\/100\n|switch|p1b: Arcanine|Arcanine-Hisui, L50, F, shiny|100\/100\n|switch|p2a: Dragapult|Dragapult, L50, F|100\/100\n|switch|p2b: Iron Hands|Iron Hands, L50|100\/100\n|-ability|p1b: Arcanine|Intimidate|boost\n|-fail|p2a: Dragapult|unboost|[from] ability: Clear Body|[of] p2a: Dragapult\n|-unboost|p2b: Iron Hands|atk|1\n|turn|1\n|\n|t:|1699996615\n|-terastallize|p1b: Arcanine|Fairy\n|move|p2b: Iron Hands|Fake Out|p1b: Arcanine\n|-damage|p1b: Arcanine|88\/100\n|move|p1a: Tornadus|Tailwind|p1a: Tornadus\n|-sidestart|p1: Cyalia12|move: Tailwind\n|cant|p1b: Arcanine|flinch\n|move|p2a: Dragapult|Dragon Darts|p1a: Tornadus\n|-damage|p1a: Tornadus|68\/100\n|-anim|p2a: Dragapult|Dragon Darts|p1a: Tornadus\n|-damage|p1a: Tornadus|34\/100\n|\n|upkeep\n|turn|2\n|\n|t:|1699996644\n|switch|p2a: Landorus|Landorus-Therian, L50, M|100\/100\n|-ability|p2a: Landorus|Intimidate|boost\n|-unboost|p1a: Tornadus|atk|1\n|-unboost|p1b: Arcanine|atk|1\n|move|p1a: Tornadus|Bleakwind Storm|p2a: Landorus|[spread] p2a,p2b\n|-damage|p2a: Landorus|65\/100\n|-damage|p2b: Iron Hands|83\/100\n|-unboost|p2a: Landorus|spe|1\n|move|p1b: Arcanine|Tera Blast|p2b: Iron Hands|[anim] Tera Blast Fairy\n|-supereffective|p2b: Iron Hands\n|-damage|p2b: Iron Hands|28\/100\n|move|p2b: Iron Hands|Heavy Slam|p1b: Arcanine\n|-supereffective|p1b: Arcanine\n|-damage|p1b: Arcanine|50\/100\n|\n|upkeep\n|turn|3\n|\n|t:|1699996670\n|move|p1a: Tornadus|Bleakwind Storm|p2a: Landorus|[spread] \n|-miss|p1a: Tornadus|p2a: Landorus\n|-miss|p1a: Tornadus|p2b: Iron Hands\n|move|p1b: Arcanine|Tera Blast|p2b: Iron Hands|[anim] Tera Blast Fairy\n|-supereffective|p2b: Iron Hands\n|-damage|p2b: Iron Hands|0 fnt\n|faint|p2b: Iron Hands\n|-end|p2b: Iron Hands|Quark Drive|[silent]\n|move|p2a: Landorus|Rock Slide|p1a: Tornadus|[spread] p1a,p1b\n|-supereffective|p1a: Tornadus\n|-damage|p1a: Tornadus|0 fnt\n|-damage|p1b: Arcanine|27\/100\n|faint|p1a: Tornadus\n|\n|upkeep\n|\n|t:|1699996686\n|switch|p1a: Flutter Mane|Flutter Mane, L50|100\/100\n|switch|p2b: Volcarona|Volcarona, L50, F|100\/100\n|-enditem|p1a: Flutter Mane|Booster Energy\n|-activate|p1a: Flutter Mane|ability: Protosynthesis|[fromitem]\n|-start|p1a: Flutter Mane|protosynthesisspa\n|turn|4\n|\n|t:|1699996704\n|switch|p1b: Chien-Pao|Chien-Pao, L50|100\/100\n|-ability|p1b: Chien-Pao|Sword of Ruin\n|move|p1a: Flutter Mane|Moonblast|p2a: Landorus\n|-damage|p2a: Landorus|0 fnt\n|faint|p2a: Landorus\n|move|p2b: Volcarona|Quiver Dance|p2b: Volcarona\n|-boost|p2b: Volcarona|spa|1\n|-boost|p2b: Volcarona|spd|1\n|-boost|p2b: Volcarona|spe|1\n|\n|-sideend|p1: Cyalia12|move: Tailwind\n|upkeep\n|\n|t:|1699996716\n|switch|p2a: Dragapult|Dragapult, L50, F|100\/100\n|turn|5\n|\n|t:|1699996729\n|-terastallize|p2a: Dragapult|Ghost\n|move|p1b: Chien-Pao|Sucker Punch|p2a: Dragapult\n|-supereffective|p2a: Dragapult\n|-damage|p2a: Dragapult|0 fnt\n|faint|p2a: Dragapult\n|move|p2b: Volcarona|Heat Wave|p1b: Chien-Pao|[spread] p1a,p1b\n|-supereffective|p1b: Chien-Pao\n|-damage|p1a: Flutter Mane|52\/100\n|-enditem|p1b: Chien-Pao|Focus Sash\n|-damage|p1b: Chien-Pao|1\/100\n|move|p1a: Flutter Mane|Shadow Ball|p2b: Volcarona\n|-damage|p2b: Volcarona|66\/100\n|\n|-heal|p2b: Volcarona|72\/100|[from] item: Leftovers\n|upkeep\n|turn|6\n|\n|t:|1699996756\n|move|p2b: Volcarona|Protect|p2b: Volcarona\n|-singleturn|p2b: Volcarona|Protect\n|move|p1b: Chien-Pao|Sucker Punch||[still]\n|-fail|p1b: Chien-Pao\n|move|p1a: Flutter Mane|Shadow Ball|p2b: Volcarona\n|-activate|p2b: Volcarona|move: Protect\n|\n|-heal|p2b: Volcarona|79\/100|[from] item: Leftovers\n|upkeep\n|turn|7\n|\n|t:|1699996767\n|move|p1b: Chien-Pao|Sucker Punch|p2b: Volcarona\n|-damage|p2b: Volcarona|38\/100\n|-status|p1b: Chien-Pao|brn|[from] ability: Flame Body|[of] p2b: Volcarona\n|move|p2b: Volcarona|Heat Wave|p1a: Flutter Mane|[spread] p1a,p1b\n|-supereffective|p1b: Chien-Pao\n|-damage|p1a: Flutter Mane|4\/100\n|-damage|p1b: Chien-Pao|0 fnt\n|faint|p1b: Chien-Pao\n|move|p1a: Flutter Mane|Shadow Ball|p2b: Volcarona\n|-damage|p2b: Volcarona|6\/100\n|-unboost|p2b: Volcarona|spd|1\n|\n|-heal|p2b: Volcarona|12\/100|[from] item: Leftovers\n|upkeep\n|\n|t:|1699996777\n|switch|p1b: Arcanine|Arcanine-Hisui, L50, F, shiny, tera:Fairy|27\/100\n|-ability|p1b: Arcanine|Intimidate|boost\n|-unboost|p2b: Volcarona|atk|1\n|turn|8\n|\n|t:|1699996783\n|move|p2b: Volcarona|Protect|p2b: Volcarona\n|-singleturn|p2b: Volcarona|Protect\n|move|p1b: Arcanine|Extreme Speed|p2b: Volcarona\n|-activate|p2b: Volcarona|move: Protect\n|move|p1a: Flutter Mane|Shadow Ball|p2b: Volcarona\n|-activate|p2b: Volcarona|move: Protect\n|\n|-heal|p2b: Volcarona|19\/100|[from] item: Leftovers\n|upkeep\n|turn|9\n|\n|t:|1699996788\n|move|p1b: Arcanine|Extreme Speed|p2b: Volcarona\n|-damage|p2b: Volcarona|0 fnt\n|faint|p2b: Volcarona\n|\n|win|Cyalia12\n|c|\u2606Cyalia12|gg\n|c|\u2606unluckyalba|gg\n|c|&|\/uhtml prompt-cyalia12,Cyalia12 is ready for game 3!\n|c|&|\/uhtml prompt-unluckyalba,unluckyalba is ready for game 3!\nBoth players are ready! Starting next match!\n|l|\u2606Cyalia12\n","uploadtime":1699997244,"views":10,"p1id":"cyalia12","p2id":"unluckyalba","formatid":"gen9vgc2023regulatione","rating":0,"private":0,"password":""}