{"id":"gen9vgc2023regulatione-1995676232","p1":"CEO_OF_RNG","p2":"TobiYume","format":"[Gen 9] VGC 2023 Regulation E","log":"|j|\u2606CEO_OF_RNG\n|j|\u2606TobiYume\n|n|\u2606CEO_OF_RNG|ceoofrng\n|n|\u2606TobiYume|tobiyume\n|html|View the match progress at <a href=\"\/game-bestof3-gen9vgc2023regulatione-1995668167\">game-bestof3-gen9vgc2023regulatione-1995668167<\/a>\n|t:|1700593022\n|gametype|doubles\n|player|p1|CEO_OF_RNG|lady-gen4|\n|player|p2|TobiYume|n|\n|teamsize|p1|6\n|teamsize|p2|6\n|gen|9\n|tier|[Gen 9] VGC 2023 Regulation E\n|rule|Species Clause: Limit one of each Pok\u00e9mon\n|rule|Item Clause: Limit one of each item\n|clearpoke\n|poke|p1|Samurott, L50, F|\n|poke|p1|Armarouge, L50, F|\n|poke|p1|Ogerpon-Wellspring, L50, F|\n|poke|p1|Ceruledge, L50, F|\n|poke|p1|Cresselia, L50, F|\n|poke|p1|Amoonguss, L50, F|\n|poke|p2|Kommo-o, L50, M|\n|poke|p2|Arcanine-Hisui, L50, M|\n|poke|p2|Rillaboom, L50, M|\n|poke|p2|Moltres-Galar, L50|\n|poke|p2|Ninetales-Alola, L50, F|\n|poke|p2|Sinistcha, L50|\n|teampreview|4\nTobiYume has agreed to open team sheets.\n|inactive|Battle timer is ON: inactive players will automatically lose when time's up. (requested by TobiYume)\nCEO_OF_RNG has agreed to open team sheets.\n|showteam|p1|Samurott||MysticWater|ShellArmor|Surf,IceBeam,AirSlash,Protect|||F|||50|,,,,,Water]Armarouge||LifeOrb|FlashFire|ArmorCannon,ExpandingForce,TrickRoom,Protect|||F|||50|,,,,,Grass]Ogerpon-Wellspring||WellspringMask|WaterAbsorb|FollowMe,IvyCudgel,HornLeech,SpikyShield|||F|||50|,,,,,Water]Ceruledge||FocusSash|FlashFire|BitterBlade,SwordsDance,BrickBreak|||F|||50|,,,,,Grass]Cresselia||MentalHerb|Levitate|TrickRoom,LunarBlessing,CalmMind,Moonblast|||F|||50|,,,,,Steel]Amoonguss||RockyHelmet|Regenerator|ClearSmog,PollenPuff,RagePowder,Protect|||F|||50|,,,,,Grass\n|showteam|p2|Kommo-o||Leftovers|Bulletproof|IronDefense,BodyPress,IronHead,Protect|||M|||50|,,,,,Steel]Arcanine-Hisui||SafetyGoggles|Intimidate|FlareBlitz,RockSlide,ExtremeSpeed,WillOWisp|||M|||50|,,,,,Water]Rillaboom||AssaultVest|GrassySurge|FakeOut,GrassyGlide,WoodHammer,Uturn|||M|||50|,,,,,Fire]Moltres-Galar||SitrusBerry|Berserk|FieryWrath,AirSlash,NastyPlot,Protect||||||50|,,,,,Poison]Ninetales-Alola||LightClay|SnowWarning|AuroraVeil,IcyWind,Moonblast,HelpingHand|||F|||50|,,,,,Water]Sinistcha||RockyHelmet|Hospitality|MatchaGotcha,LifeDew,TrickRoom,RagePowder||||||50|,,,,,Fairy\n|\n|t:|1700593074\n|start\n|switch|p1a: Armarouge|Armarouge, L50, F|100\/100\n|switch|p1b: Samurott|Samurott, L50, F|100\/100\n|switch|p2a: Moltres|Moltres-Galar, L50|100\/100\n|switch|p2b: Arcanine|Arcanine-Hisui, L50, M|100\/100\n|-ability|p2b: Arcanine|Intimidate|boost\n|-unboost|p1a: Armarouge|atk|1\n|-unboost|p1b: Samurott|atk|1\n|turn|1\n|\n|t:|1700593092\n|move|p1a: Armarouge|Protect|p1a: Armarouge\n|-singleturn|p1a: Armarouge|Protect\n|move|p2b: Arcanine|Will-O-Wisp|p1b: Samurott\n|-status|p1b: Samurott|brn\n|move|p2a: Moltres|Fiery Wrath|p1a: Armarouge|[spread] p1b\n|-activate|p1a: Armarouge|move: Protect\n|-damage|p1b: Samurott|69\/100 brn\n|cant|p1b: Samurott|flinch\n|\n|-damage|p1b: Samurott|63\/100 brn|[from] brn\n|upkeep\n|turn|2\n|\n|t:|1700593110\n|-terastallize|p1a: Armarouge|Grass\n|move|p2b: Arcanine|Rock Slide|p1a: Armarouge|[spread] p1b\n|-miss|p2b: Arcanine|p1a: Armarouge\n|-damage|p1b: Samurott|39\/100 brn\n|move|p2a: Moltres|Fiery Wrath|p1b: Samurott|[spread] p1a,p1b\n|-damage|p1a: Armarouge|68\/100\n|-damage|p1b: Samurott|6\/100 brn\n|move|p1b: Samurott|Surf|p2b: Arcanine|[spread] p1a,p2a,p2b\n|-resisted|p1a: Armarouge\n|-supereffective|p2b: Arcanine\n|-crit|p2b: Arcanine\n|-damage|p1a: Armarouge|44\/100\n|-damage|p2a: Moltres|72\/100\n|-damage|p2b: Arcanine|0 fnt\n|faint|p2b: Arcanine\n|move|p1a: Armarouge|Trick Room|p1a: Armarouge\n|-fieldstart|move: Trick Room|[of] p1a: Armarouge\n|\n|-damage|p1b: Samurott|0 fnt|[from] brn\n|faint|p1b: Samurott\n|upkeep\n|\n|t:|1700593128\n|switch|p1b: Amoonguss|Amoonguss, L50, F|100\/100\n|switch|p2b: Sinistcha|Sinistcha, L50|100\/100\n|-heal|p2a: Moltres|97\/100|[from] ability: Hospitality|[of] p2b: Sinistcha\n|turn|3\n|\n|t:|1700593146\n|-terastallize|p2b: Sinistcha|Fairy\n|move|p1b: Amoonguss|Pollen Puff|p1a: Armarouge\n|-heal|p1a: Armarouge|94\/100\n|move|p1a: Armarouge|Armor Cannon|p2b: Sinistcha\n|-damage|p2b: Sinistcha|17\/100\n|-unboost|p1a: Armarouge|def|1\n|-unboost|p1a: Armarouge|spd|1\n|-damage|p1a: Armarouge|84\/100|[from] item: Life Orb\n|move|p2a: Moltres|Nasty Plot|p2a: Moltres\n|-boost|p2a: Moltres|spa|2\n|move|p2b: Sinistcha|Trick Room|p2b: Sinistcha\n|-fieldend|move: Trick Room\n|\n|upkeep\n|turn|4\n|\n|t:|1700593166\n|switch|p2b: Rillaboom|Rillaboom, L50, M|100\/100\n|-fieldstart|move: Grassy Terrain|[from] ability: Grassy Surge|[of] p2b: Rillaboom\n|move|p1b: Amoonguss|Protect|p1b: Amoonguss\n|-singleturn|p1b: Amoonguss|Protect\n|move|p2a: Moltres|Fiery Wrath|p1b: Amoonguss|[spread] p1a\n|-activate|p1b: Amoonguss|move: Protect\n|-damage|p1a: Armarouge|0 fnt\n|faint|p1a: Armarouge\n|\n|upkeep\n|\n|t:|1700593176\n|switch|p1a: Ogerpon|Ogerpon-Wellspring, L50, F|100\/100\n|turn|5\n|\n|t:|1700593189\n|move|p1a: Ogerpon|Follow Me|p1a: Ogerpon\n|-singleturn|p1a: Ogerpon|move: Follow Me\n|move|p2a: Moltres|Air Slash|p1a: Ogerpon\n|-supereffective|p1a: Ogerpon\n|-damage|p1a: Ogerpon|0 fnt\n|faint|p1a: Ogerpon\n|move|p2b: Rillaboom|Wood Hammer|p1b: Amoonguss\n|-resisted|p1b: Amoonguss\n|-damage|p1b: Amoonguss|85\/100\n|-damage|p2b: Rillaboom|84\/100|[from] item: Rocky Helmet|[of] p1b: Amoonguss\n|-damage|p2b: Rillaboom|79\/100|[from] Recoil\n|move|p1b: Amoonguss|Clear Smog|p2a: Moltres\n|-damage|p2a: Moltres|86\/100\n|-clearboost|p2a: Moltres\n|\n|-heal|p2b: Rillaboom|85\/100|[from] Grassy Terrain\n|-heal|p1b: Amoonguss|91\/100|[from] Grassy Terrain\n|upkeep\n|turn|6\n|\n|t:|1700593208\n|move|p2a: Moltres|Air Slash|p1b: Amoonguss\n|-supereffective|p1b: Amoonguss\n|-damage|p1b: Amoonguss|37\/100\n|move|p2b: Rillaboom|Wood Hammer|p1b: Amoonguss\n|-resisted|p1b: Amoonguss\n|-damage|p1b: Amoonguss|20\/100\n|-damage|p2b: Rillaboom|68\/100|[from] item: Rocky Helmet|[of] p1b: Amoonguss\n|-damage|p2b: Rillaboom|63\/100|[from] Recoil\n|move|p1b: Amoonguss|Pollen Puff|p2b: Rillaboom\n|-supereffective|p2b: Rillaboom\n|-damage|p2b: Rillaboom|36\/100\n|\n|-heal|p2b: Rillaboom|42\/100|[from] Grassy Terrain\n|-heal|p1b: Amoonguss|26\/100|[from] Grassy Terrain\n|upkeep\n|turn|7\n|\n|t:|1700593223\n|move|p1b: Amoonguss|Protect|p1b: Amoonguss\n|-singleturn|p1b: Amoonguss|Protect\n|move|p2a: Moltres|Air Slash|p1b: Amoonguss\n|-activate|p1b: Amoonguss|move: Protect\n|move|p2b: Rillaboom|Wood Hammer|p1b: Amoonguss\n|-activate|p1b: Amoonguss|move: Protect\n|\n|-heal|p2b: Rillaboom|48\/100|[from] Grassy Terrain\n|-heal|p1b: Amoonguss|32\/100|[from] Grassy Terrain\n|upkeep\n|turn|8\n|\n|t:|1700593234\n|move|p2a: Moltres|Air Slash|p1b: Amoonguss\n|-supereffective|p1b: Amoonguss\n|-damage|p1b: Amoonguss|0 fnt\n|faint|p1b: Amoonguss\n|\n|win|TobiYume\n|l|\u2606CEO_OF_RNG\n","uploadtime":1700593271,"views":0,"p1id":"ceoofrng","p2id":"tobiyume","formatid":"gen9vgc2023regulatione","rating":0,"private":0,"password":""}