{"id":"gen9vgc2023regulatione-1993923341","p1":"Supre333","p2":"BonleyVGC","format":"[Gen 9] VGC 2023 Regulation E","log":"|j|\u2606Supre333\n|j|\u2606BonleyVGC\n|t:|1700376149\n|gametype|doubles\n|player|p1|Supre333|hugh|1094\n|player|p2|BonleyVGC|dancer|1189\n|teamsize|p1|6\n|teamsize|p2|6\n|gen|9\n|tier|[Gen 9] VGC 2023 Regulation E\n|rated|\n|rule|Species Clause: Limit one of each Pok\u00e9mon\n|rule|Item Clause: Limit one of each item\n|clearpoke\n|poke|p1|Annihilape, L50, F|\n|poke|p1|Brambleghast, L50, M|\n|poke|p1|Hydreigon, L50, M|\n|poke|p1|Kommo-o, L50, F|\n|poke|p1|Farigiraf, L50, F|\n|poke|p1|Indeedee-F, L50, F|\n|poke|p2|Volbeat, L50, M|\n|poke|p2|Landorus-Therian, L50, M|\n|poke|p2|Fezandipiti, L50, M|\n|poke|p2|Chi-Yu, L50|\n|poke|p2|Rillaboom, L50, F|\n|poke|p2|Iron Bundle, L50|\n|teampreview|4\n|\n|t:|1700376171\n|start\n|switch|p1a: :)|Brambleghast, L50, M|100\/100\n|switch|p1b: PERDIO EL AMERICAA|Annihilape, L50, F|100\/100\n|switch|p2a: Chi-Yu|Chi-Yu, L50|100\/100\n|switch|p2b: Rillaboom|Rillaboom, L50, F|100\/100\n|-ability|p2a: Chi-Yu|Beads of Ruin\n|-fieldstart|move: Grassy Terrain|[from] ability: Grassy Surge|[of] p2b: Rillaboom\n|turn|1\n|\n|t:|1700376199\n|-terastallize|p2a: Chi-Yu|Grass\n|move|p1a: :)|Protect|p1a: :)\n|-singleturn|p1a: :)|Protect\n|move|p1b: PERDIO EL AMERICAA|Final Gambit|p2a: Chi-Yu\n|-damage|p2a: Chi-Yu|0 fnt\n|faint|p1b: PERDIO EL AMERICAA\n|faint|p2a: Chi-Yu\n|move|p2b: Rillaboom|Taunt|p1a: :)\n|-activate|p1a: :)|move: Protect\n|\n|upkeep\n|\n|t:|1700376213\n|switch|p1b: Jidorah|Hydreigon, L50, M|100\/100\n|switch|p2a: Iron Bundle|Iron Bundle, L50|100\/100\n|-enditem|p2a: Iron Bundle|Booster Energy\n|-activate|p2a: Iron Bundle|ability: Quark Drive|[fromitem]\n|-start|p2a: Iron Bundle|quarkdrivespa\n|turn|2\n|\n|t:|1700376233\n|move|p2a: Iron Bundle|Freeze-Dry|p1a: :)\n|-supereffective|p1a: :)\n|-damage|p1a: :)|0 fnt\n|faint|p1a: :)\n|move|p1b: Jidorah|Tailwind|p1b: Jidorah\n|-sidestart|p1: Supre333|move: Tailwind\n|move|p2b: Rillaboom|Taunt|p1b: Jidorah\n|-start|p1b: Jidorah|move: Taunt\n|\n|upkeep\n|\n|t:|1700376237\n|switch|p1a: Sunset of Meiji|Kommo-o, L50, F|100\/100\n|turn|3\n|\n|t:|1700376250\n|switch|p2b: Landorus|Landorus-Therian, L50, M|100\/100\n|-ability|p2b: Landorus|Intimidate|boost\n|-unboost|p1a: Sunset of Meiji|atk|1\n|-unboost|p1b: Jidorah|atk|1\n|-terastallize|p1a: Sunset of Meiji|Steel\n|move|p1b: Jidorah|Heat Wave|p2a: Iron Bundle|[spread] p2a,p2b\n|-damage|p2a: Iron Bundle|55\/100\n|-damage|p2b: Landorus|72\/100\n|-status|p2a: Iron Bundle|brn\n|-status|p2b: Landorus|brn\n|move|p1a: Sunset of Meiji|Iron Defense|p1a: Sunset of Meiji\n|-boost|p1a: Sunset of Meiji|def|2\n|move|p2a: Iron Bundle|Icy Wind|p1b: Jidorah|[spread] p1a,p1b\n|-resisted|p1a: Sunset of Meiji\n|-supereffective|p1b: Jidorah\n|-damage|p1a: Sunset of Meiji|91\/100\n|-damage|p1b: Jidorah|31\/100\n|-unboost|p1a: Sunset of Meiji|spe|1\n|-unboost|p1b: Jidorah|spe|1\n|\n|-heal|p2a: Iron Bundle|61\/100 brn|[from] Grassy Terrain\n|-heal|p1a: Sunset of Meiji|97\/100|[from] Grassy Terrain\n|-heal|p1a: Sunset of Meiji|100\/100|[from] item: Leftovers\n|-damage|p2b: Landorus|66\/100 brn|[from] brn\n|-damage|p2a: Iron Bundle|55\/100 brn|[from] brn\n|upkeep\n|turn|4\n|\n|t:|1700376280\n|move|p2a: Iron Bundle|Protect|p2a: Iron Bundle\n|-singleturn|p2a: Iron Bundle|Protect\n|move|p1b: Jidorah|Dark Pulse|p2b: Landorus\n|-damage|p2b: Landorus|7\/100 brn\n|move|p2b: Landorus|Stomping Tantrum|p1a: Sunset of Meiji\n|-supereffective|p1a: Sunset of Meiji\n|-damage|p1a: Sunset of Meiji|81\/100\n|move|p1a: Sunset of Meiji|Body Press|p2a: Iron Bundle\n|-activate|p2a: Iron Bundle|move: Protect\n|\n|-heal|p2a: Iron Bundle|61\/100 brn|[from] Grassy Terrain\n|-heal|p1a: Sunset of Meiji|87\/100|[from] Grassy Terrain\n|-heal|p1a: Sunset of Meiji|93\/100|[from] item: Leftovers\n|-damage|p2b: Landorus|1\/100 brn|[from] brn\n|-damage|p2a: Iron Bundle|55\/100 brn|[from] brn\n|upkeep\n|turn|5\n|\n|t:|1700376306\n|switch|p2b: Rillaboom|Rillaboom, L50, F|100\/100\n|move|p1b: Jidorah|Heat Wave|p2a: Iron Bundle|[spread] p2a,p2b\n|-supereffective|p2b: Rillaboom\n|-damage|p2a: Iron Bundle|10\/100 brn\n|-damage|p2b: Rillaboom|39\/100\n|move|p2a: Iron Bundle|Freeze-Dry|p1b: Jidorah\n|-supereffective|p1b: Jidorah\n|-damage|p1b: Jidorah|0 fnt\n|faint|p1b: Jidorah\n|move|p1a: Sunset of Meiji|Iron Defense|p1a: Sunset of Meiji\n|-boost|p1a: Sunset of Meiji|def|2\n|\n|-heal|p2a: Iron Bundle|17\/100 brn|[from] Grassy Terrain\n|-heal|p1a: Sunset of Meiji|99\/100|[from] Grassy Terrain\n|-heal|p1a: Sunset of Meiji|100\/100|[from] item: Leftovers\n|-heal|p2b: Rillaboom|45\/100|[from] Grassy Terrain\n|-damage|p2a: Iron Bundle|10\/100 brn|[from] brn\n|-sideend|p1: Supre333|move: Tailwind\n|-fieldend|move: Grassy Terrain\n|upkeep\n|turn|6\n|\n|t:|1700376330\n|move|p2b: Rillaboom|Fake Out|p1a: Sunset of Meiji\n|-resisted|p1a: Sunset of Meiji\n|-damage|p1a: Sunset of Meiji|98\/100\n|move|p2a: Iron Bundle|Encore|p1a: Sunset of Meiji\n|-start|p1a: Sunset of Meiji|Encore\n|cant|p1a: Sunset of Meiji|flinch\n|\n|-heal|p1a: Sunset of Meiji|100\/100|[from] item: Leftovers\n|-damage|p2a: Iron Bundle|4\/100 brn|[from] brn\n|upkeep\n|turn|7\n|\n|t:|1700376346\n|move|p2a: Iron Bundle|Icy Wind|p1a: Sunset of Meiji\n|-resisted|p1a: Sunset of Meiji\n|-damage|p1a: Sunset of Meiji|87\/100\n|-unboost|p1a: Sunset of Meiji|spe|1\n|move|p2b: Rillaboom|High Horsepower|p1a: Sunset of Meiji\n|-supereffective|p1a: Sunset of Meiji\n|-damage|p1a: Sunset of Meiji|68\/100\n|move|p1a: Sunset of Meiji|Iron Defense|p1a: Sunset of Meiji\n|-boost|p1a: Sunset of Meiji|def|2\n|\n|-heal|p1a: Sunset of Meiji|74\/100|[from] item: Leftovers\n|-damage|p2a: Iron Bundle|0 fnt|[from] brn\n|faint|p2a: Iron Bundle\n|-end|p2a: Iron Bundle|Quark Drive|[silent]\n|upkeep\n|\n|t:|1700376362\n|switch|p2a: Landorus|Landorus-Therian, L50, M|1\/100 brn\n|-ability|p2a: Landorus|Intimidate|boost\n|-unboost|p1a: Sunset of Meiji|atk|1\n|turn|8\n|\n|t:|1700376369\n|move|p2a: Landorus|Stomping Tantrum|p1a: Sunset of Meiji\n|-supereffective|p1a: Sunset of Meiji\n|-damage|p1a: Sunset of Meiji|64\/100\n|move|p2b: Rillaboom|High Horsepower|p1a: Sunset of Meiji\n|-supereffective|p1a: Sunset of Meiji\n|-damage|p1a: Sunset of Meiji|48\/100\n|move|p1a: Sunset of Meiji|Iron Defense|p1a: Sunset of Meiji\n|-boost|p1a: Sunset of Meiji|def|0\n|\n|-heal|p1a: Sunset of Meiji|54\/100|[from] item: Leftovers\n|-damage|p2a: Landorus|0 fnt|[from] brn\n|faint|p2a: Landorus\n|-end|p1a: Sunset of Meiji|Encore\n|upkeep\n|turn|9\n|inactive|Battle timer is ON: inactive players will automatically lose when time's up. (requested by Supre333)\n|\n|t:|1700376386\n|move|p1a: Sunset of Meiji|Protect|p1a: Sunset of Meiji\n|-singleturn|p1a: Sunset of Meiji|Protect\n|move|p2b: Rillaboom|Taunt|p1a: Sunset of Meiji\n|-activate|p1a: Sunset of Meiji|move: Protect\n|\n|-heal|p1a: Sunset of Meiji|60\/100|[from] item: Leftovers\n|upkeep\n|turn|10\n|\n|t:|1700376397\n|move|p1a: Sunset of Meiji|Protect|p1a: Sunset of Meiji\n|-singleturn|p1a: Sunset of Meiji|Protect\n|move|p2b: Rillaboom|Taunt|p1a: Sunset of Meiji\n|-activate|p1a: Sunset of Meiji|move: Protect\n|\n|-heal|p1a: Sunset of Meiji|66\/100|[from] item: Leftovers\n|upkeep\n|turn|11\n|\n|t:|1700376406\n|move|p2b: Rillaboom|High Horsepower|p1a: Sunset of Meiji\n|-supereffective|p1a: Sunset of Meiji\n|-damage|p1a: Sunset of Meiji|52\/100\n|move|p1a: Sunset of Meiji|Body Press|p2b: Rillaboom\n|-damage|p2b: Rillaboom|0 fnt\n|faint|p2b: Rillaboom\n|\n|win|Supre333\n|raw|Supre333's rating: 1094 &rarr; <strong>1127<\/strong><br \/>(+33 for winning)\n|raw|BonleyVGC's rating: 1189 &rarr; <strong>1157<\/strong><br \/>(-32 for losing)\n|c|\u2606Supre333|Ggs\n","uploadtime":1700376424,"views":14,"p1id":"supre333","p2id":"bonleyvgc","formatid":"gen9vgc2023regulatione","rating":1127,"private":0,"password":""}