{"id":"gen9vgc2023regulatione-1988542224","p1":"ScarsonaVGC","p2":"Ryugami0","format":"[Gen 9] VGC 2023 Regulation E","log":"|j|\u2606ScarsonaVGC\n|j|\u2606Ryugami0\n|n|\u2606ScarsonaVGC|scarsonavgc\n|n|\u2606Ryugami0|ryugami0\n|html|View the match progress at <a href=\"\/game-bestof3-gen9vgc2023regulatione-1988534761\">game-bestof3-gen9vgc2023regulatione-1988534761<\/a>\n|t:|1699734140\n|gametype|doubles\n|player|p1|ScarsonaVGC|266|\n|player|p2|Ryugami0|brycenman|\n|teamsize|p1|6\n|teamsize|p2|6\n|gen|9\n|tier|[Gen 9] VGC 2023 Regulation E\n|rule|Species Clause: Limit one of each Pok\u00e9mon\n|rule|Item Clause: Limit one of each item\n|clearpoke\n|poke|p1|Ninetales-Alola, L50, M|\n|poke|p1|Glimmora, L50, M|\n|poke|p1|Dondozo, L50, M|\n|poke|p1|Tatsugiri, L50, F|\n|poke|p1|Chien-Pao, L50|\n|poke|p1|Dragonite, L50, F|\n|poke|p2|Tornadus, L50, M|\n|poke|p2|Flutter Mane, L50|\n|poke|p2|Rillaboom, L50, F|\n|poke|p2|Ogerpon-Hearthflame, L50, F|\n|poke|p2|Chien-Pao, L50|\n|poke|p2|Dragonite, L50, F|\n|teampreview|4\n|inactive|Battle timer is ON: inactive players will automatically lose when time's up. (requested by Ryugami0)\n|inactive|ScarsonaVGC has 60 seconds left.\n|inactive|Ryugami0 has 60 seconds left.\nRyugami0 has agreed to open team sheets.\n|inactive|Ryugami0 has 30 seconds left.\n|\n|t:|1699734206\n|start\n|switch|p1a: Ninetales|Ninetales-Alola, L50, M, shiny|100\/100\n|switch|p1b: Glimmora|Glimmora, L50, M|100\/100\n|switch|p2a: DTP|Tornadus, L50, M|100\/100\n|switch|p2b: FlapFlap|Flutter Mane, L50|100\/100\n|-weather|Snow|[from] ability: Snow Warning|[of] p1a: Ninetales\n|turn|1\n|inactive|ScarsonaVGC has 30 seconds left.\n|inactive|ScarsonaVGC has 20 seconds left.\n|inactive|ScarsonaVGC has 15 seconds left.\n|inactive|ScarsonaVGC has 10 seconds left.\n|\n|t:|1699734253\n|-terastallize|p2b: FlapFlap|Fairy\n|move|p2a: DTP|Sunny Day|p2a: DTP\n|-weather|SunnyDay\n|-activate|p2b: FlapFlap|ability: Protosynthesis\n|-start|p2b: FlapFlap|protosynthesisspa\n|move|p1a: Ninetales|Icy Wind|p2b: FlapFlap|[spread] p2a,p2b\n|-supereffective|p2a: DTP\n|-damage|p2a: DTP|73\/100\n|-damage|p2b: FlapFlap|88\/100\n|-unboost|p2b: FlapFlap|spe|1\n|move|p1b: Glimmora|Power Gem|p2a: DTP\n|-supereffective|p2a: DTP\n|-damage|p2a: DTP|0 fnt\n|faint|p2a: DTP\n|move|p2b: FlapFlap|Dazzling Gleam|p1a: Ninetales|[spread] p1a,p1b\n|-resisted|p1b: Glimmora\n|-damage|p1a: Ninetales|23\/100\n|-damage|p1b: Glimmora|47\/100\n|\n|-weather|SunnyDay|[upkeep]\n|upkeep\n|\n|t:|1699734266\n|switch|p2a: GetPregnant|Rillaboom, L50, F|100\/100\n|-fieldstart|move: Grassy Terrain|[from] ability: Grassy Surge|[of] p2a: GetPregnant\n|turn|2\n|inactive|ScarsonaVGC has 30 seconds left.\n|inactive|Ryugami0 has 30 seconds left.\n|inactive|Ryugami0 has 20 seconds left.\n|inactiveoff|Battle timer is now OFF.\n|\n|t:|1699734305\n|move|p2a: GetPregnant|Fake Out|p1a: Ninetales\n|-damage|p1a: Ninetales|8\/100\n|cant|p1a: Ninetales|flinch\n|move|p1b: Glimmora|Mortal Spin|p2b: FlapFlap|[spread] p2a,p2b\n|-supereffective|p2a: GetPregnant\n|-supereffective|p2b: FlapFlap\n|-damage|p2a: GetPregnant|92\/100\n|-damage|p2b: FlapFlap|78\/100\n|-status|p2a: GetPregnant|psn\n|-status|p2b: FlapFlap|psn\n|move|p2b: FlapFlap|Dazzling Gleam|p1a: Ninetales|[spread] p1a,p1b\n|-resisted|p1b: Glimmora\n|-damage|p1a: Ninetales|0 fnt\n|-damage|p1b: Glimmora|0 fnt\n|faint|p1a: Ninetales\n|faint|p1b: Glimmora\n|\n|-weather|SunnyDay|[upkeep]\n|-heal|p2a: GetPregnant|98\/100 psn|[from] Grassy Terrain\n|-heal|p2b: FlapFlap|85\/100 psn|[from] Grassy Terrain\n|-damage|p2a: GetPregnant|86\/100 psn|[from] psn\n|-damage|p2b: FlapFlap|72\/100 psn|[from] psn\n|upkeep\n|\n|t:|1699734324\n|switch|p1a: Chien-Pao|Chien-Pao, L50|100\/100\n|switch|p1b: Dragonite|Dragonite, L50, F|100\/100\n|-ability|p1a: Chien-Pao|Sword of Ruin\n|turn|3\n|\n|t:|1699734351\n|-end|p2b: FlapFlap|Protosynthesis|[silent]\n|switch|p2b: FYMB|Ogerpon-Hearthflame, L50, F|100\/100\n|-ability|p2b: FYMB|Mold Breaker\n|-terastallize|p1b: Dragonite|Normal\n|move|p1a: Chien-Pao|Icicle Crash|p2a: GetPregnant\n|-supereffective|p2a: GetPregnant\n|-damage|p2a: GetPregnant|0 fnt\n|faint|p2a: GetPregnant\n|-damage|p1a: Chien-Pao|91\/100|[from] item: Life Orb\n|move|p1b: Dragonite|Earthquake|p2b: FYMB|[spread] p1a,p2b\n|-damage|p1a: Chien-Pao|59\/100\n|-damage|p2b: FYMB|60\/100\n|\n|-weather|SunnyDay|[upkeep]\n|-heal|p1a: Chien-Pao|65\/100|[from] Grassy Terrain\n|-heal|p2b: FYMB|66\/100|[from] Grassy Terrain\n|upkeep\n|\n|t:|1699734364\n|switch|p2a: FlapFlap|Flutter Mane, L50, tera:Fairy|72\/100 psn\n|-activate|p2a: FlapFlap|ability: Protosynthesis\n|-start|p2a: FlapFlap|protosynthesisspa\n|turn|4\n|c|\u2606ScarsonaVGC|NOOOOO\n|c|\u2606Ryugami0|missclick?\n|c|\u2606ScarsonaVGC|SI\n|c|\u2606Ryugami0|dovresti vincere lo stesso\n|\n|t:|1699734407\n|move|p1a: Chien-Pao|Protect|p1a: Chien-Pao\n|-singleturn|p1a: Chien-Pao|Protect\n|move|p2a: FlapFlap|Dazzling Gleam|p1b: Dragonite|[spread] p1b\n|-activate|p1a: Chien-Pao|move: Protect\n|-damage|p1b: Dragonite|64\/100\n|move|p2b: FYMB|Ivy Cudgel|p1a: Chien-Pao\n|-activate|p1a: Chien-Pao|move: Protect\n|move|p1b: Dragonite|Earthquake|p2a: FlapFlap|[spread] p2a,p2b\n|-activate|p1a: Chien-Pao|move: Protect\n|-damage|p2a: FlapFlap|30\/100 psn\n|-damage|p2b: FYMB|28\/100\n|\n|-weather|SunnyDay|[upkeep]\n|-heal|p1a: Chien-Pao|71\/100|[from] Grassy Terrain\n|-heal|p2a: FlapFlap|36\/100 psn|[from] Grassy Terrain\n|-heal|p2b: FYMB|34\/100|[from] Grassy Terrain\n|-heal|p1b: Dragonite|70\/100|[from] Grassy Terrain\n|-damage|p2a: FlapFlap|24\/100 psn|[from] psn\n|upkeep\n|turn|5\n|\n|t:|1699734495\n|move|p1a: Chien-Pao|Sucker Punch|p2b: FYMB\n|-damage|p2b: FYMB|0 fnt\n|faint|p2b: FYMB\n|-damage|p1a: Chien-Pao|61\/100|[from] item: Life Orb\n|move|p2a: FlapFlap|Dazzling Gleam|p1b: Dragonite|[spread] p1a,p1b\n|-supereffective|p1a: Chien-Pao\n|-damage|p1a: Chien-Pao|0 fnt\n|-damage|p1b: Dragonite|0 fnt\n|faint|p1a: Chien-Pao\n|faint|p1b: Dragonite\n|\n|win|Ryugami0\n|c|\u2606Ryugami0|gg\n|c|\u2606Ryugami0|hai preso un rischio della madonna qui eh\n|c|\u2606Ryugami0|imho dovevi fare sucker sempre su flutter\n|c|\u2606Ryugami0|che se proteggevo oger la buttavi\n|c|\u2606ScarsonaVGC|forse lo tiravo giu comunque\n|c|\u2606ScarsonaVGC|essendo orb\n|c|\u2606ScarsonaVGC|aaaaaaaa\n|c|\u2606ScarsonaVGC|2 papere in meno di 2 turni\n|c|\u2606ScarsonaVGC|gg\n|c|\u2606ScarsonaVGC|ma na domanda\n|c|\u2606ScarsonaVGC|quel lash out?\n|c|\u2606Ryugami0|lo tiravi gi\u00f9 in che senso?\n|c|\u2606Ryugami0|a flutter?\n|c|\u2606ScarsonaVGC|si\n|c|\u2606Ryugami0|asp\u00e8\n|c|\u2606Ryugami0|MA HO VINTO IO?????\n|c|\u2606Ryugami0|ERO CONVINTO DI AVER PERSO\n|c|\u2606Ryugami0|WTF\n|c|\u2606ScarsonaVGC|vabbe\n|c|\u2606ScarsonaVGC|io sono trenitalia\n|c|\u2606Ryugami0|AHAHAHAHAHAAHAHAHAHH\n|c|\u2606ScarsonaVGC|ma pure te ci stai\n|c|\u2606Ryugami0|BRUH\n|c|\u2606Ryugami0|VABB\u00e8 GG AHAHAHA\n|c|\u2606Ryugami0|sono ancora stunnato\n|c|\u2606Ryugami0|dal mio iq\n|c|\u2606ScarsonaVGC|eh siamo in 2\n","uploadtime":1699734810,"views":24,"p1id":"scarsonavgc","p2id":"ryugami0","formatid":"gen9vgc2023regulatione","rating":0,"private":0,"password":""}