{"id":"gen9vgc2023regulatione-1999798860","p1":"LackieLackey","p2":"JabsGR","format":"[Gen 9] VGC 2023 Regulation E","log":"|j|\u2606LackieLackey\n|j|\u2606JabsGR\n|n|\u2606LackieLackey|lackielackey\n|n|\u2606JabsGR|jabsgr\n|html|View the match progress at <a href=\"\/game-bestof3-gen9vgc2023regulatione-1999796553\">game-bestof3-gen9vgc2023regulatione-1999796553<\/a>\n|t:|1701117726\n|gametype|doubles\n|player|p1|LackieLackey|266|\n|player|p2|JabsGR|veteran-gen4|\n|teamsize|p1|6\n|teamsize|p2|6\n|gen|9\n|tier|[Gen 9] VGC 2023 Regulation E\n|rule|Species Clause: Limit one of each Pok\u00e9mon\n|rule|Item Clause: Limit one of each item\n|clearpoke\n|poke|p1|Heatran, L50, F|\n|poke|p1|Murkrow, L50, M|\n|poke|p1|Ludicolo, L50, M|\n|poke|p1|Thundurus-Therian, L50, M|\n|poke|p1|Victreebel, L50, F|\n|poke|p1|Ninetales, L50, F|\n|poke|p2|Sandy Shocks, L50|\n|poke|p2|Espathra, L50, M|\n|poke|p2|Indeedee, L50, M|\n|poke|p2|Armarouge, L50, M|\n|poke|p2|Annihilape, L50, M|\n|poke|p2|Maushold-Four, L50|\n|teampreview|4\n|inactive|Battle timer is ON: inactive players will automatically lose when time's up. (requested by JabsGR)\n|j| jayballester\n|\n|t:|1701117755\n|start\n|switch|p1a: Murkrow|Murkrow, L50, M|100\/100\n|switch|p1b: Thundurus|Thundurus-Therian, L50, M|100\/100\n|switch|p2a: Maushold|Maushold-Four, L50|100\/100\n|switch|p2b: Indeedee|Indeedee, L50, M|100\/100\n|-fieldstart|move: Psychic Terrain|[from] ability: Psychic Surge|[of] p2b: Indeedee\n|turn|1\n|j| Tuxmux\n|inactive|JabsGR has 30 seconds left.\n|\n|t:|1701117782\n|move|p2a: Maushold|Follow Me|p2a: Maushold\n|-singleturn|p2a: Maushold|move: Follow Me\n|move|p1b: Thundurus|Wildbolt Storm|p2a: Maushold|[spread] p2a,p2b\n|-damage|p2a: Maushold|50\/100\n|-damage|p2b: Indeedee|60\/100\n|move|p1a: Murkrow|Assurance|p2a: Maushold\n|-damage|p2a: Maushold|2\/100\n|move|p2b: Indeedee|Trick Room|p2b: Indeedee\n|-fieldstart|move: Trick Room|[of] p2b: Indeedee\n|\n|upkeep\n|turn|2\n|\n|t:|1701117800\n|move|p2b: Indeedee|Dazzling Gleam|p1b: Thundurus|[spread] p1a,p1b\n|-supereffective|p1a: Murkrow\n|-crit|p1b: Thundurus\n|-damage|p1a: Murkrow|28\/100\n|-damage|p1b: Thundurus|56\/100\n|move|p2a: Maushold|Taunt|p1a: Murkrow\n|-start|p1a: Murkrow|move: Taunt\n|move|p1a: Murkrow|Assurance|p2b: Indeedee\n|-supereffective|p2b: Indeedee\n|-damage|p2b: Indeedee|0 fnt\n|faint|p2b: Indeedee\n|move|p1b: Thundurus|Wildbolt Storm|p2a: Maushold\n|-damage|p2a: Maushold|0 fnt\n|faint|p2a: Maushold\n|\n|upkeep\n|\n|t:|1701117812\n|switch|p2b: Armarouge|Armarouge, L50, M|100\/100\n|switch|p2a: Annihilape|Annihilape, L50, M|100\/100\n|turn|3\n|inactive|LackieLackey has 30 seconds left.\n|inactive|LackieLackey has 20 seconds left.\n|\n|t:|1701117847\n|switch|p1b: Ninetales|Ninetales, L50, F|100\/100\n|-weather|SunnyDay|[from] ability: Drought|[of] p1b: Ninetales\n|move|p2b: Armarouge|Expanding Force|p1b: Ninetales|[spread] p1b\n|-immune|p1a: Murkrow\n|-damage|p1b: Ninetales|22\/100\n|move|p2a: Annihilape|Rage Fist|p1a: Murkrow\n|-resisted|p1a: Murkrow\n|-damage|p1a: Murkrow|7\/100\n|move|p1a: Murkrow|Brave Bird|p2a: Annihilape\n|-supereffective|p2a: Annihilape\n|-damage|p2a: Annihilape|1\/100\n|-damage|p1a: Murkrow|0 fnt|[from] Recoil\n|faint|p1a: Murkrow\n|\n|-weather|SunnyDay|[upkeep]\n|-heal|p2a: Annihilape|7\/100|[from] item: Leftovers\n|upkeep\n|c|\u2606LackieLackey|Brooooooo\n|c|\u2606JabsGR|definitely calced and not a roll\n|c| jayballester|damn\n|inactive|LackieLackey has 30 seconds left.\n|\n|t:|1701117880\n|switch|p1a: Victreebel|Victreebel, L50, F|100\/100\n|turn|4\n|\n|t:|1701117891\n|-terastallize|p2b: Armarouge|Grass\n|move|p1a: Victreebel|Protect|p1a: Victreebel\n|-singleturn|p1a: Victreebel|Protect\n|move|p2b: Armarouge|Expanding Force|p1a: Victreebel|[spread] p1b\n|-activate|p1a: Victreebel|move: Protect\n|-damage|p1b: Ninetales|0 fnt\n|faint|p1b: Ninetales\n|move|p2a: Annihilape|Rage Fist|p1a: Victreebel\n|-activate|p1a: Victreebel|move: Protect\n|\n|-weather|SunnyDay|[upkeep]\n|-heal|p2a: Annihilape|13\/100|[from] item: Leftovers\n|upkeep\n|\n|t:|1701117901\n|switch|p1b: Thundurus|Thundurus-Therian, L50, M|56\/100\n|turn|5\n|\n|t:|1701117922\n|-terastallize|p1b: Thundurus|Dark\n|move|p1a: Victreebel|Protect||[still]\n|-fail|p1a: Victreebel\n|move|p2b: Armarouge|Expanding Force|p1a: Victreebel|[spread] p1a\n|-immune|p1b: Thundurus\n|-supereffective|p1a: Victreebel\n|-damage|p1a: Victreebel|0 fnt\n|faint|p1a: Victreebel\n|move|p2a: Annihilape|Rage Fist|p1b: Thundurus\n|-resisted|p1b: Thundurus\n|-damage|p1b: Thundurus|17\/100\n|move|p1b: Thundurus|Wildbolt Storm|p2b: Armarouge|[spread] p2b\n|-miss|p1b: Thundurus|p2a: Annihilape\n|-resisted|p2b: Armarouge\n|-damage|p2b: Armarouge|85\/100\n|\n|-weather|SunnyDay|[upkeep]\n|-heal|p2a: Annihilape|19\/100|[from] item: Leftovers\n|-fieldend|move: Trick Room\n|-fieldend|move: Psychic Terrain\n|upkeep\n|turn|6\n|c| jayballester|rip\n|\n|t:|1701117942\n|move|p1b: Thundurus|Discharge|p2a: Annihilape|[spread] p2a,p2b\n|-resisted|p2b: Armarouge\n|-damage|p2a: Annihilape|0 fnt\n|-damage|p2b: Armarouge|72\/100\n|-status|p2b: Armarouge|par\n|faint|p2a: Annihilape\n|move|p2b: Armarouge|Weather Ball|p1b: Thundurus\n|-damage|p1b: Thundurus|0 fnt\n|faint|p1b: Thundurus\n|\n|win|JabsGR\n|c|\u2606LackieLackey|Gg\n|c|\u2606JabsGR|gg\n|l| Tuxmux\n|l|\u2606LackieLackey\n","uploadtime":1701117955,"views":28,"p1id":"lackielackey","p2id":"jabsgr","formatid":"gen9vgc2023regulatione","rating":0,"private":0,"password":""}