{"id":"gen9vgc2023regulatione-2000673509","p1":"Tornadoforever17","p2":"meesterkrebs","format":"[Gen 9] VGC 2023 Regulation E","log":"|j|\u2606Tornadoforever17\n|j|\u2606meesterkrebs\n|t:|1701217253\n|gametype|doubles\n|player|p1|Tornadoforever17|hilda|1251\n|player|p2|meesterkrebs|steven|1274\n|teamsize|p1|6\n|teamsize|p2|6\n|gen|9\n|tier|[Gen 9] VGC 2023 Regulation E\n|rated|\n|rule|Species Clause: Limit one of each Pok\u00e9mon\n|rule|Item Clause: Limit one of each item\n|clearpoke\n|poke|p1|Ninetales-Alola, L50, F|\n|poke|p1|Iron Bundle, L50|\n|poke|p1|Baxcalibur, L50, M|\n|poke|p1|Grimmsnarl, L50, M|\n|poke|p1|Heatran, L50, F|\n|poke|p1|Zapdos, L50|\n|poke|p2|Urshifu-*, L50, F|\n|poke|p2|Gholdengo, L50|\n|poke|p2|Arcanine, L50, M|\n|poke|p2|Rillaboom, L50, F|\n|poke|p2|Sableye, L50, F|\n|poke|p2|Iron Bundle, L50|\n|teampreview|4\n|inactive|Battle timer is ON: inactive players will automatically lose when time's up. (requested by Tornadoforever17)\n|inactive|meesterkrebs has 60 seconds left.\n|\n|t:|1701217336\n|start\n|switch|p1a: Heatran|Heatran, L50, F|100\/100\n|switch|p1b: Zapdos|Zapdos, L50|100\/100\n|switch|p2a: Iron Bundle|Iron Bundle, L50|100\/100\n|switch|p2b: Gholdengo|Gholdengo, L50|100\/100\n|-enditem|p2a: Iron Bundle|Booster Energy\n|-activate|p2a: Iron Bundle|ability: Quark Drive|[fromitem]\n|-start|p2a: Iron Bundle|quarkdrivespe\n|turn|1\n|inactive|meesterkrebs has 30 seconds left.\n|\n|t:|1701217369\n|-terastallize|p1a: Heatran|Grass\n|move|p2a: Iron Bundle|Protect|p2a: Iron Bundle\n|-singleturn|p2a: Iron Bundle|Protect\n|move|p2b: Gholdengo|Protect|p2b: Gholdengo\n|-singleturn|p2b: Gholdengo|Protect\n|move|p1b: Zapdos|Thunderbolt|p2a: Iron Bundle\n|-activate|p2a: Iron Bundle|move: Protect\n|move|p1a: Heatran|Heat Wave|p2a: Iron Bundle|[spread] \n|-activate|p2a: Iron Bundle|move: Protect\n|-activate|p2b: Gholdengo|move: Protect\n|\n|upkeep\n|turn|2\n|inactive|meesterkrebs has 30 seconds left.\n|inactive|meesterkrebs has 20 seconds left.\n|inactive|meesterkrebs has 15 seconds left.\n|inactive|meesterkrebs has 10 seconds left.\n|\n|t:|1701217418\n|switch|p2b: Sableye|Sableye, L50, F|100\/100\n|-terastallize|p2a: Iron Bundle|Ghost\n|move|p2a: Iron Bundle|Icy Wind|p1b: Zapdos|[spread] p1a,p1b\n|-supereffective|p1a: Heatran\n|-supereffective|p1b: Zapdos\n|-damage|p1a: Heatran|67\/100\n|-damage|p1b: Zapdos|64\/100\n|-unboost|p1a: Heatran|spe|1\n|-unboost|p1b: Zapdos|spe|1\n|move|p1b: Zapdos|Thunderbolt|p2a: Iron Bundle\n|-damage|p2a: Iron Bundle|31\/100\n|-damage|p1b: Zapdos|54\/100|[from] item: Life Orb\n|move|p1a: Heatran|Heat Wave|p2a: Iron Bundle|[spread] p2a,p2b\n|-damage|p2a: Iron Bundle|0 fnt\n|-damage|p2b: Sableye|41\/100\n|faint|p2a: Iron Bundle\n|-end|p2a: Iron Bundle|Quark Drive|[silent]\n|\n|upkeep\n|inactive|meesterkrebs has 30 seconds left.\n|\n|t:|1701217447\n|switch|p2a: Gholdengo|Gholdengo, L50|100\/100\n|turn|3\n|\n|t:|1701217456\n|move|p2b: Sableye|Disable|p1a: Heatran\n|-start|p1a: Heatran|Disable|Heat Wave\n|move|p2a: Gholdengo|Nasty Plot|p2a: Gholdengo\n|-boost|p2a: Gholdengo|spa|2\n|move|p1b: Zapdos|Tailwind|p1b: Zapdos\n|-sidestart|p1: Tornadoforever17|move: Tailwind\n|cant|p1a: Heatran|Disable|Heat Wave\n|\n|upkeep\n|turn|4\n|inactive|meesterkrebs has 30 seconds left.\n|\n|t:|1701217490\n|switch|p1a: Baxcalibur|Baxcalibur, L50, M|100\/100\n|move|p2b: Sableye|Encore||[still]\n|-fail|p2b: Sableye\n|move|p1b: Zapdos|Thunderbolt|p2a: Gholdengo\n|-damage|p2a: Gholdengo|48\/100\n|-damage|p1b: Zapdos|45\/100|[from] item: Life Orb\n|move|p2a: Gholdengo|Make It Rain|p1b: Zapdos|[spread] p1a,p1b\n|-supereffective|p1a: Baxcalibur\n|-resisted|p1b: Zapdos\n|-damage|p1a: Baxcalibur|0 fnt\n|-damage|p1b: Zapdos|4\/100\n|-unboost|p2a: Gholdengo|spa|1\n|faint|p1a: Baxcalibur\n|\n|-heal|p2a: Gholdengo|54\/100|[from] item: Leftovers\n|upkeep\n|\n|t:|1701217513\n|switch|p1a: Heatran|Heatran, L50, F, tera:Grass|67\/100\n|turn|5\n|\n|t:|1701217530\n|switch|p2b: Urshifu|Urshifu-Rapid-Strike, L50, F|100\/100\n|move|p2a: Gholdengo|Protect|p2a: Gholdengo\n|-singleturn|p2a: Gholdengo|Protect\n|move|p1a: Heatran|Heat Wave|p2b: Urshifu|[spread] p2b\n|-activate|p2a: Gholdengo|move: Protect\n|-resisted|p2b: Urshifu\n|-damage|p2b: Urshifu|70\/100\n|move|p1b: Zapdos|Roost|p1b: Zapdos\n|-heal|p1b: Zapdos|54\/100\n|-singleturn|p1b: Zapdos|move: Roost\n|\n|-heal|p2a: Gholdengo|61\/100|[from] item: Leftovers\n|upkeep\n|turn|6\n|inactive|meesterkrebs has 30 seconds left.\n|inactive|meesterkrebs has 20 seconds left.\n|inactive|meesterkrebs has 15 seconds left.\n|inactive|meesterkrebs has 10 seconds left.\n|inactive|meesterkrebs has 5 seconds left.\n|\n|t:|1701217583\n|switch|p2a: Sableye|Sableye, L50, F|41\/100\n|move|p2b: Urshifu|Aqua Jet|p1b: Zapdos\n|-damage|p1b: Zapdos|29\/100\n|move|p1a: Heatran|Heat Wave|p2a: Sableye|[spread] p2b\n|-miss|p1a: Heatran|p2a: Sableye\n|-resisted|p2b: Urshifu\n|-crit|p2b: Urshifu\n|-damage|p2b: Urshifu|27\/100\n|move|p1b: Zapdos|Roost|p1b: Zapdos\n|-heal|p1b: Zapdos|80\/100\n|-singleturn|p1b: Zapdos|move: Roost\n|\n|-sideend|p1: Tornadoforever17|move: Tailwind\n|upkeep\n|turn|7\n|inactive|meesterkrebs has 30 seconds left.\n|\n|t:|1701217611\n|move|p2b: Urshifu|Detect|p2b: Urshifu\n|-singleturn|p2b: Urshifu|Protect\n|move|p2a: Sableye|Encore|p1b: Zapdos\n|-start|p1b: Zapdos|Encore\n|move|p1a: Heatran|Heat Wave|p2b: Urshifu|[spread] p2a\n|-activate|p2b: Urshifu|move: Protect\n|-damage|p2a: Sableye|0 fnt\n|faint|p2a: Sableye\n|move|p1b: Zapdos|Roost|p1b: Zapdos\n|-heal|p1b: Zapdos|100\/100\n|-singleturn|p1b: Zapdos|move: Roost\n|\n|upkeep\n|\n|t:|1701217622\n|switch|p2a: Gholdengo|Gholdengo, L50|61\/100\n|turn|8\n|\n|t:|1701217637\n|move|p2b: Urshifu|Surging Strikes|p1a: Heatran\n|-resisted|p1a: Heatran\n|-crit|p1a: Heatran\n|-damage|p1a: Heatran|57\/100\n|-resisted|p1a: Heatran\n|-crit|p1a: Heatran\n|-damage|p1a: Heatran|46\/100\n|-resisted|p1a: Heatran\n|-crit|p1a: Heatran\n|-damage|p1a: Heatran|36\/100\n|-hitcount|p1a: Heatran|3\n|move|p2a: Gholdengo|Make It Rain|p1b: Zapdos|[spread] p1a,p1b\n|-resisted|p1b: Zapdos\n|-damage|p1a: Heatran|0 fnt\n|-damage|p1b: Zapdos|79\/100\n|-unboost|p2a: Gholdengo|spa|1\n|faint|p1a: Heatran\n|move|p1b: Zapdos|Roost|p1b: Zapdos\n|-heal|p1b: Zapdos|100\/100\n|-singleturn|p1b: Zapdos|move: Roost\n|\n|-heal|p2a: Gholdengo|67\/100|[from] item: Leftovers\n|upkeep\n|\n|t:|1701217655\n|switch|p1a: Iron Bundle|Iron Bundle, L50|100\/100\n|turn|9\n|\n|t:|1701217680\n|move|p2b: Urshifu|Detect|p2b: Urshifu\n|-singleturn|p2b: Urshifu|Protect\n|move|p1a: Iron Bundle|Hydro Pump|p2a: Gholdengo\n|-damage|p2a: Gholdengo|17\/100\n|move|p2a: Gholdengo|Nasty Plot|p2a: Gholdengo\n|-boost|p2a: Gholdengo|spa|2\n|move|p1b: Zapdos|Roost||[still]\n|-fail|p1b: Zapdos|heal\n|\n|-heal|p2a: Gholdengo|23\/100|[from] item: Leftovers\n|-end|p1b: Zapdos|Encore\n|upkeep\n|turn|10\n|inactive|Tornadoforever17 has 30 seconds left.\n|inactive|meesterkrebs has 30 seconds left.\n|inactive|meesterkrebs has 20 seconds left.\n|inactive|meesterkrebs has 15 seconds left.\n|inactive|meesterkrebs has 10 seconds left.\n|\n|t:|1701217727\n|move|p2b: Urshifu|Detect||[still]\n|-fail|p2b: Urshifu\n|move|p1a: Iron Bundle|Freeze-Dry|p2b: Urshifu\n|-supereffective|p2b: Urshifu\n|-damage|p2b: Urshifu|0 fnt\n|faint|p2b: Urshifu\n|move|p2a: Gholdengo|Make It Rain|p1a: Iron Bundle|[spread] p1a,p1b\n|-resisted|p1b: Zapdos\n|-enditem|p1a: Iron Bundle|Focus Sash\n|-damage|p1a: Iron Bundle|1\/100\n|-damage|p1b: Zapdos|67\/100\n|-unboost|p2a: Gholdengo|spa|1\n|move|p1b: Zapdos|Thunderbolt|p2a: Gholdengo\n|-damage|p2a: Gholdengo|0 fnt\n|faint|p2a: Gholdengo\n|-damage|p1b: Zapdos|57\/100|[from] item: Life Orb\n|\n|win|Tornadoforever17\n|raw|Tornadoforever17's rating: 1251 &rarr; <strong>1278<\/strong><br \/>(+27 for winning)\n|raw|meesterkrebs's rating: 1274 &rarr; <strong>1247<\/strong><br \/>(-27 for losing)\n","uploadtime":1701217741,"views":1,"p1id":"tornadoforever17","p2id":"meesterkrebs","formatid":"gen9vgc2023regulatione","rating":1247,"private":0,"password":""}