{"id":"gen9vgc2023regulatione-1990787144","p1":"fatdaddymac","p2":"hnefl","format":"[Gen 9] VGC 2023 Regulation E","log":"|j|\u2606fatdaddymac\n|j|\u2606hnefl\n|t:|1700000799\n|gametype|doubles\n|player|p1|fatdaddymac|benga|1110\n|player|p2|hnefl|1|1077\n|teamsize|p1|6\n|teamsize|p2|6\n|gen|9\n|tier|[Gen 9] VGC 2023 Regulation E\n|rated|\n|rule|Species Clause: Limit one of each Pok\u00e9mon\n|rule|Item Clause: Limit one of each item\n|clearpoke\n|poke|p1|Tornadus, L50, M|\n|poke|p1|Urshifu-*, L50, F|\n|poke|p1|Palafin, L50, M|\n|poke|p1|Ogerpon-Wellspring, L50, F|\n|poke|p1|Greninja-*, L50, F|\n|poke|p1|Politoed, L50, F|\n|poke|p2|Flutter Mane, L50|\n|poke|p2|Chi-Yu, L50|\n|poke|p2|Tornadus, L50, M|\n|poke|p2|Gholdengo, L50|\n|poke|p2|Landorus-Therian, L50, M|\n|poke|p2|Ogerpon-Hearthflame, L50, F|\n|teampreview|4\n|inactive|Battle timer is ON: inactive players will automatically lose when time's up. (requested by fatdaddymac)\n|inactive|fatdaddymac has 60 seconds left.\n|\n|t:|1700000845\n|start\n|switch|p1a: Tornadus|Tornadus, L50, M, shiny|100\/100\n|switch|p1b: Urshifu|Urshifu-Rapid-Strike, L50, F|100\/100\n|switch|p2a: Tornadus|Tornadus, L50, M|100\/100\n|switch|p2b: Flutter Mane|Flutter Mane, L50|100\/100\n|turn|1\n|\n|t:|1700000860\n|-terastallize|p2b: Flutter Mane|Fairy\n|-terastallize|p1b: Urshifu|Water\n|move|p2a: Tornadus|Sunny Day|p2a: Tornadus\n|-weather|SunnyDay\n|-activate|p2b: Flutter Mane|ability: Protosynthesis\n|-start|p2b: Flutter Mane|protosynthesisspa\n|move|p1a: Tornadus|Rain Dance|p1a: Tornadus\n|-weather|RainDance\n|-end|p2b: Flutter Mane|Protosynthesis\n|move|p2b: Flutter Mane|Dazzling Gleam|p1b: Urshifu|[spread] p1a,p1b\n|-damage|p1a: Tornadus|50\/100\n|-damage|p1b: Urshifu|10\/100\n|move|p1b: Urshifu|Surging Strikes|p2b: Flutter Mane\n|-crit|p2b: Flutter Mane\n|-damage|p2b: Flutter Mane|29\/100\n|-crit|p2b: Flutter Mane\n|-damage|p2b: Flutter Mane|0 fnt\n|faint|p2b: Flutter Mane\n|-end|p2b: Flutter Mane|Protosynthesis|[silent]\n|-hitcount|p2: Flutter Mane|2\n|\n|-weather|RainDance|[upkeep]\n|upkeep\n|\n|t:|1700000871\n|switch|p2b: Gholdengo|Gholdengo, L50|100\/100\n|-item|p2b: Gholdengo|Air Balloon\n|turn|2\n|\n|t:|1700000879\n|move|p2a: Tornadus|Tailwind|p2a: Tornadus\n|-sidestart|p2: hnefl|move: Tailwind\n|move|p1a: Tornadus|Tailwind|p1a: Tornadus\n|-sidestart|p1: fatdaddymac|move: Tailwind\n|move|p1b: Urshifu|Surging Strikes|p2b: Gholdengo\n|-crit|p2b: Gholdengo\n|-damage|p2b: Gholdengo|55\/100\n|-enditem|p2b: Gholdengo|Air Balloon\n|-crit|p2b: Gholdengo\n|-damage|p2b: Gholdengo|11\/100\n|-crit|p2b: Gholdengo\n|-damage|p2b: Gholdengo|0 fnt\n|faint|p2b: Gholdengo\n|-hitcount|p2: Gholdengo|3\n|\n|-weather|RainDance|[upkeep]\n|upkeep\n|\n|t:|1700000884\n|switch|p2b: Ogerpon|Ogerpon-Hearthflame, L50, F|100\/100\n|-ability|p2b: Ogerpon|Mold Breaker\n|turn|3\n|\n|t:|1700000895\n|move|p2a: Tornadus|Sunny Day|p2a: Tornadus\n|-weather|SunnyDay\n|move|p2b: Ogerpon|Ivy Cudgel|p1a: Tornadus|[anim] Ivy Cudgel Fire\n|-damage|p1a: Tornadus|0 fnt\n|faint|p1a: Tornadus\n|move|p1b: Urshifu|Surging Strikes|p2b: Ogerpon\n|-crit|p2b: Ogerpon\n|-damage|p2b: Ogerpon|82\/100\n|-crit|p2b: Ogerpon\n|-damage|p2b: Ogerpon|64\/100\n|-crit|p2b: Ogerpon\n|-damage|p2b: Ogerpon|48\/100\n|-hitcount|p2b: Ogerpon|3\n|\n|-weather|SunnyDay|[upkeep]\n|upkeep\n|\n|t:|1700000908\n|switch|p1a: Greninja|Greninja, L50, F, shiny|100\/100\n|turn|4\n|\n|t:|1700000915\n|move|p1b: Urshifu|Protect|p1b: Urshifu\n|-singleturn|p1b: Urshifu|Protect\n|move|p1a: Greninja|Surf|p2a: Tornadus|[spread] p2a,p2b\n|-activate|p1b: Urshifu|move: Protect\n|-damage|p2a: Tornadus|83\/100\n|-damage|p2b: Ogerpon|28\/100\n|move|p2a: Tornadus|Icy Wind|p1a: Greninja|[spread] \n|-activate|p1b: Urshifu|move: Protect\n|-miss|p2a: Tornadus|p1a: Greninja\n|move|p2b: Ogerpon|Horn Leech|p1a: Greninja\n|-supereffective|p1a: Greninja\n|-damage|p1a: Greninja|0 fnt\n|-heal|p2b: Ogerpon|75\/100|[from] drain|[of] p1a: Greninja\n|faint|p1a: Greninja\n|\n|-weather|SunnyDay|[upkeep]\n|upkeep\n|\n|t:|1700000921\n|switch|p1a: Ogerpon|Ogerpon-Wellspring, L50, F|100\/100\n|turn|5\n|\n|t:|1700000932\n|move|p1a: Ogerpon|Helping Hand|p1b: Urshifu\n|-singleturn|p1b: Urshifu|Helping Hand|[of] p1a: Ogerpon\n|move|p2a: Tornadus|Icy Wind|p1b: Urshifu|[spread] p1a,p1b\n|-resisted|p1b: Urshifu\n|-damage|p1a: Ogerpon|87\/100\n|-damage|p1b: Urshifu|2\/100\n|-unboost|p1a: Ogerpon|spe|1\n|-unboost|p1b: Urshifu|spe|1\n|move|p2b: Ogerpon|Ivy Cudgel|p1a: Ogerpon|[anim] Ivy Cudgel Fire\n|-damage|p1a: Ogerpon|0 fnt\n|faint|p1a: Ogerpon\n|move|p1b: Urshifu|Surging Strikes|p2b: Ogerpon\n|-crit|p2b: Ogerpon\n|-damage|p2b: Ogerpon|51\/100\n|-crit|p2b: Ogerpon\n|-damage|p2b: Ogerpon|24\/100\n|-crit|p2b: Ogerpon\n|-damage|p2b: Ogerpon|0 fnt\n|faint|p2b: Ogerpon\n|-hitcount|p2: Ogerpon|3\n|\n|-weather|SunnyDay|[upkeep]\n|-sideend|p2: hnefl|move: Tailwind\n|-sideend|p1: fatdaddymac|move: Tailwind\n|upkeep\n|turn|6\n|\n|t:|1700000947\n|move|p2a: Tornadus|Icy Wind|p1b: Urshifu\n|-resisted|p1b: Urshifu\n|-damage|p1b: Urshifu|0 fnt\n|faint|p1b: Urshifu\n|\n|win|hnefl\n|raw|fatdaddymac's rating: 1110 &rarr; <strong>1083<\/strong><br \/>(-27 for losing)\n|raw|hnefl's rating: 1077 &rarr; <strong>1108<\/strong><br \/>(+31 for winning)\n","uploadtime":1700000952,"views":9,"p1id":"fatdaddymac","p2id":"hnefl","formatid":"gen9vgc2023regulatione","rating":1083,"private":0,"password":""}