{"id":"gen9vgc2023regulatione-1997829944","p1":"Ipeximus","p2":"sebastiancastillo4","format":"[Gen 9] VGC 2023 Regulation E","log":"|j|\u2606Ipeximus\n|j|\u2606sebastiancastillo4\n|t:|1700857286\n|gametype|doubles\n|player|p1|Ipeximus|1|1182\n|player|p2|sebastiancastillo4|170|1236\n|teamsize|p1|6\n|teamsize|p2|6\n|gen|9\n|tier|[Gen 9] VGC 2023 Regulation E\n|rated|\n|rule|Species Clause: Limit one of each Pok\u00e9mon\n|rule|Item Clause: Limit one of each item\n|clearpoke\n|poke|p1|Gholdengo, L50|\n|poke|p1|Arcanine-Hisui, L50, F|\n|poke|p1|Rillaboom, L50, M|\n|poke|p1|Iron Hands, L50|\n|poke|p1|Tornadus, L50, M|\n|poke|p1|Urshifu-*, L50, M|\n|poke|p2|Flutter Mane, L50|\n|poke|p2|Landorus-Therian, L50, M|\n|poke|p2|Iron Hands, L50|\n|poke|p2|Ogerpon-Hearthflame, L50, F|\n|poke|p2|Tornadus, L50, M|\n|poke|p2|Heatran, L50, M|\n|teampreview|4\n|inactive|Battle timer is ON: inactive players will automatically lose when time's up. (requested by sebastiancastillo4)\n|\n|t:|1700857322\n|start\n|switch|p1a: Tornadus|Tornadus, L50, M|100\/100\n|switch|p1b: Gholdengo|Gholdengo, L50|100\/100\n|switch|p2a: Tornadus|Tornadus, L50, M|100\/100\n|switch|p2b: Heatran|Heatran, L50, M|100\/100\n|turn|1\n|inactive|Ipeximus has 30 seconds left.\n|\n|t:|1700857347\n|-terastallize|p1b: Gholdengo|Dragon\n|move|p2a: Tornadus|Tailwind|p2a: Tornadus\n|-sidestart|p2: sebastiancastillo4|move: Tailwind\n|move|p1a: Tornadus|Rain Dance|p1a: Tornadus\n|-weather|RainDance\n|move|p2b: Heatran|Heat Wave|p1a: Tornadus|[spread] p1a\n|-miss|p2b: Heatran|p1b: Gholdengo\n|-damage|p1a: Tornadus|86\/100\n|move|p1b: Gholdengo|Nasty Plot|p1b: Gholdengo\n|-boost|p1b: Gholdengo|spa|2\n|\n|-weather|RainDance|[upkeep]\n|upkeep\n|turn|2\n|inactive|sebastiancastillo4 has 30 seconds left.\n|\n|t:|1700857379\n|move|p1b: Gholdengo|Protect|p1b: Gholdengo\n|-singleturn|p1b: Gholdengo|Protect\n|move|p2a: Tornadus|Taunt|p1a: Tornadus\n|-start|p1a: Tornadus|move: Taunt\n|cant|p1a: Tornadus|move: Taunt|Tailwind\n|move|p2b: Heatran|Flash Cannon|p1b: Gholdengo\n|-activate|p1b: Gholdengo|move: Protect\n|\n|-weather|RainDance|[upkeep]\n|upkeep\n|turn|3\n|\n|t:|1700857395\n|move|p2a: Tornadus|Bleakwind Storm|p1b: Gholdengo|[spread] p1a,p1b\n|-damage|p1a: Tornadus|49\/100\n|-damage|p1b: Gholdengo|66\/100\n|move|p2b: Heatran|Flash Cannon|p1b: Gholdengo\n|-damage|p1b: Gholdengo|33\/100\n|-unboost|p1b: Gholdengo|spd|1\n|move|p1a: Tornadus|Bleakwind Storm|p2a: Tornadus|[spread] p2a,p2b\n|-resisted|p2b: Heatran\n|-damage|p2a: Tornadus|60\/100\n|-damage|p2b: Heatran|90\/100\n|move|p1b: Gholdengo|Make It Rain|p2a: Tornadus|[spread] p2a,p2b\n|-resisted|p2b: Heatran\n|-damage|p2a: Tornadus|0 fnt\n|-damage|p2b: Heatran|72\/100\n|-unboost|p1b: Gholdengo|spa|1\n|faint|p2a: Tornadus\n|-damage|p1b: Gholdengo|23\/100|[from] item: Life Orb\n|\n|-weather|RainDance|[upkeep]\n|-heal|p2b: Heatran|78\/100|[from] item: Leftovers\n|upkeep\n|\n|t:|1700857416\n|switch|p2a: Flutter Mane|Flutter Mane, L50|100\/100\n|-enditem|p2a: Flutter Mane|Booster Energy\n|-activate|p2a: Flutter Mane|ability: Protosynthesis|[fromitem]\n|-start|p2a: Flutter Mane|protosynthesisspe\n|turn|4\n|\n|t:|1700857431\n|switch|p1a: Urshifu|Urshifu-Rapid-Strike, L50, M|100\/100\n|move|p1b: Gholdengo|Protect|p1b: Gholdengo\n|-singleturn|p1b: Gholdengo|Protect\n|move|p2a: Flutter Mane|Icy Wind|p1a: Urshifu|[spread] p1a\n|-activate|p1b: Gholdengo|move: Protect\n|-resisted|p1a: Urshifu\n|-damage|p1a: Urshifu|90\/100\n|-unboost|p1a: Urshifu|spe|1\n|move|p2b: Heatran|Flash Cannon|p1b: Gholdengo\n|-activate|p1b: Gholdengo|move: Protect\n|\n|-weather|RainDance|[upkeep]\n|-heal|p2b: Heatran|84\/100|[from] item: Leftovers\n|-sideend|p2: sebastiancastillo4|move: Tailwind\n|upkeep\n|turn|5\n|inactive|sebastiancastillo4 has 30 seconds left.\n|inactive|sebastiancastillo4 has 20 seconds left.\n|inactive|sebastiancastillo4 has 15 seconds left.\n|\n|t:|1700857472\n|move|p1a: Urshifu|Aqua Jet|p2a: Flutter Mane\n|-damage|p2a: Flutter Mane|21\/100\n|move|p2a: Flutter Mane|Moonblast|p1a: Urshifu\n|-supereffective|p1a: Urshifu\n|-damage|p1a: Urshifu|0 fnt\n|faint|p1a: Urshifu\n|move|p1b: Gholdengo|Make It Rain|p2a: Flutter Mane|[spread] p2a,p2b\n|-supereffective|p2a: Flutter Mane\n|-resisted|p2b: Heatran\n|-damage|p2a: Flutter Mane|0 fnt\n|-damage|p2b: Heatran|69\/100\n|-unboost|p1b: Gholdengo|spa|1\n|faint|p2a: Flutter Mane\n|-end|p2a: Flutter Mane|Protosynthesis|[silent]\n|-damage|p1b: Gholdengo|13\/100|[from] item: Life Orb\n|move|p2b: Heatran|Flash Cannon|p1b: Gholdengo\n|-damage|p1b: Gholdengo|0 fnt\n|faint|p1b: Gholdengo\n|\n|-weather|none\n|-heal|p2b: Heatran|75\/100|[from] item: Leftovers\n|upkeep\n|\n|t:|1700857491\n|switch|p2a: Iron Hands|Iron Hands, L50|100\/100\n|switch|p1a: Tornadus|Tornadus, L50, M|49\/100\n|switch|p1b: Arcanine|Arcanine-Hisui, L50, F|100\/100\n|-ability|p1b: Arcanine|Intimidate|boost\n|-unboost|p2a: Iron Hands|atk|1\n|-unboost|p2b: Heatran|atk|1\n|turn|6\n|inactive|Ipeximus has 30 seconds left.\n|inactive|sebastiancastillo4 has 30 seconds left.\n|\n|t:|1700857524\n|move|p2a: Iron Hands|Fake Out|p1b: Arcanine\n|-resisted|p1b: Arcanine\n|-damage|p1b: Arcanine|94\/100\n|move|p1a: Tornadus|Bleakwind Storm|p2b: Heatran|[spread] p2a,p2b\n|-resisted|p2b: Heatran\n|-damage|p2a: Iron Hands|83\/100\n|-damage|p2b: Heatran|64\/100\n|cant|p1b: Arcanine|flinch\n|move|p2b: Heatran|Flash Cannon|p1a: Tornadus\n|-damage|p1a: Tornadus|11\/100\n|\n|-heal|p2b: Heatran|70\/100|[from] item: Leftovers\n|upkeep\n|turn|7\n|inactive|sebastiancastillo4 has 30 seconds left.\n|\n|t:|1700857557\n|move|p1a: Tornadus|Bleakwind Storm|p2a: Iron Hands|[spread] p2a,p2b\n|-resisted|p2b: Heatran\n|-damage|p2a: Iron Hands|62\/100\n|-damage|p2b: Heatran|60\/100\n|-unboost|p2a: Iron Hands|spe|1\n|move|p1b: Arcanine|Flare Blitz|p2a: Iron Hands\n|-damage|p2a: Iron Hands|2\/100\n|-damage|p1b: Arcanine|65\/100|[from] Recoil\n|move|p2b: Heatran|Flash Cannon|p1a: Tornadus\n|-damage|p1a: Tornadus|0 fnt\n|faint|p1a: Tornadus\n|move|p2a: Iron Hands|Drain Punch|p1b: Arcanine\n|-supereffective|p1b: Arcanine\n|-damage|p1b: Arcanine|0 fnt\n|-heal|p2a: Iron Hands|24\/100|[from] drain|[of] p1b: Arcanine\n|faint|p1b: Arcanine\n|\n|win|sebastiancastillo4\n|raw|Ipeximus's rating: 1182 &rarr; <strong>1161<\/strong><br \/>(-21 for losing)\n|raw|sebastiancastillo4's rating: 1236 &rarr; <strong>1257<\/strong><br \/>(+21 for winning)\n","uploadtime":1700857574,"views":8,"p1id":"ipeximus","p2id":"sebastiancastillo4","formatid":"gen9vgc2023regulatione","rating":1161,"private":0,"password":""}