{"id":"gen9vgc2023regulatione-1992587612","p1":"Mrslayyy","p2":"That_Leek","format":"[Gen 9] VGC 2023 Regulation E","log":"|j|\u2606Mrslayyy\n|j|\u2606That_Leek\n|t:|1700210600\n|gametype|doubles\n|player|p1|Mrslayyy|169|\n|player|p2|That_Leek|blue|\n|teamsize|p1|4\n|teamsize|p2|6\n|gen|9\n|tier|[Gen 9] VGC 2023 Regulation E\n|rated|Tournament battle\n|rule|Species Clause: Limit one of each Pok\u00e9mon\n|rule|Item Clause: Limit one of each item\n|clearpoke\n|poke|p1|Dragonite, L50, M|\n|poke|p1|Clefable, L50, F|\n|poke|p1|Annihilape, L50, M|\n|poke|p1|Clefairy, L50, F|\n|poke|p2|Gholdengo, L50|\n|poke|p2|Ogerpon-Wellspring, L50, F|\n|poke|p2|Arcanine-Hisui, L50, F|\n|poke|p2|Chien-Pao, L50|\n|poke|p2|Scream Tail, L50|\n|poke|p2|Dragonite, L50, M|\n|teampreview|4\n|showteam|p1|Dragonite||ChoiceBand|InnerFocus|ExtremeSpeed,AquaJet,Outrage,ThunderPunch|||M|||50|,,,,,Normal]Clefable||Leftovers|MagicGuard|HelpingHand,LifeDew,FollowMe,Sing|||F|||50|,,,,,Fairy]Annihilape||RockyHelmet|InnerFocus|FinalGambit,Acrobatics,Swagger,BrickBreak|||M|||50|,,,,,Fighting]Clefairy||Eviolite|MagicGuard|HelpingHand,LifeDew,FollowMe,Sing|||F|||50|,,,,,Fairy\n|showteam|p2|Gholdengo||SitrusBerry|GoodasGold|MakeItRain,ShadowBall,NastyPlot,Protect||||||50|,,,,,Water]Ogerpon-Wellspring||WellspringMask|WaterAbsorb|IvyCudgel,SpikyShield,FollowMe,HornLeech|||F|||50|,,,,,Water]Arcanine-Hisui||ChoiceBand|Intimidate|RockSlide,ExtremeSpeed,FlareBlitz,TeraBlast|||F|||50|,,,,,Fairy]Chien-Pao||FocusSash|SwordofRuin|SuckerPunch,IceSpinner,Protect,SacredSword||||||50|,,,,,Ghost]Scream Tail||BoosterEnergy|Protosynthesis|Howl,ThunderWave,Disable,PlayRough||||||50|,,,,,Steel]Dragonite||AssaultVest|InnerFocus|ExtremeSpeed,AerialAce,DragonClaw,StompingTantrum|||M|||50|,,,,,Poison\n|j| FatalEspresso\n|\n|t:|1700210616\n|start\n|switch|p1a: Dragonite|Dragonite, L50, M, shiny|100\/100\n|switch|p1b: Clefable|Clefable, L50, F, shiny|100\/100\n|switch|p2a: Gholdengo|Gholdengo, L50|100\/100\n|switch|p2b: Ogerpon|Ogerpon-Wellspring, L50, F|100\/100\n|turn|1\n|l| FatalEspresso\n|\n|t:|1700210630\n|-terastallize|p1a: Dragonite|Normal\n|move|p1a: Dragonite|Extreme Speed|p2b: Ogerpon\n|-damage|p2b: Ogerpon|44\/100\n|move|p2b: Ogerpon|Ivy Cudgel|p1b: Clefable|[anim] Ivy Cudgel Water\n|-damage|p1b: Clefable|32\/100\n|move|p2a: Gholdengo|Nasty Plot|p2a: Gholdengo\n|-boost|p2a: Gholdengo|spa|2\n|move|p1b: Clefable|Sing|p2a: Gholdengo\n|-immune|p2a: Gholdengo|[from] ability: Good as Gold\n|\n|-heal|p1b: Clefable|38\/100|[from] item: Leftovers\n|upkeep\n|turn|2\n|\n|t:|1700210647\n|move|p1a: Dragonite|Extreme Speed|p2b: Ogerpon\n|-damage|p2b: Ogerpon|0 fnt\n|faint|p2b: Ogerpon\n|move|p2a: Gholdengo|Nasty Plot|p2a: Gholdengo\n|-boost|p2a: Gholdengo|spa|2\n|move|p1b: Clefable|Life Dew||[still]|[spread] p1a,p1b\n|-fail|p1a: Dragonite|heal\n|-heal|p1b: Clefable|63\/100\n|\n|-heal|p1b: Clefable|69\/100|[from] item: Leftovers\n|upkeep\n|\n|t:|1700210671\n|switch|p2b: Chien-Pao|Chien-Pao, L50|100\/100\n|-ability|p2b: Chien-Pao|Sword of Ruin\n|turn|3\n|\n|t:|1700210691\n|move|p1b: Clefable|Helping Hand|p1a: Dragonite\n|-singleturn|p1a: Dragonite|Helping Hand|[of] p1b: Clefable\n|move|p2b: Chien-Pao|Protect|p2b: Chien-Pao\n|-singleturn|p2b: Chien-Pao|Protect\n|move|p1a: Dragonite|Extreme Speed|p2b: Chien-Pao\n|-activate|p2b: Chien-Pao|move: Protect\n|move|p2a: Gholdengo|Nasty Plot|p2a: Gholdengo\n|-boost|p2a: Gholdengo|spa|2\n|\n|-heal|p1b: Clefable|75\/100|[from] item: Leftovers\n|upkeep\n|turn|4\n|\n|t:|1700210702\n|switch|p2b: Arcanine|Arcanine-Hisui, L50, F|100\/100\n|-ability|p2b: Arcanine|Intimidate|boost\n|-fail|p1a: Dragonite|unboost|Attack|[from] ability: Inner Focus|[of] p1a: Dragonite\n|-unboost|p1b: Clefable|atk|1\n|move|p1a: Dragonite|Extreme Speed|p2b: Arcanine\n|-resisted|p2b: Arcanine\n|-damage|p2b: Arcanine|64\/100\n|move|p2a: Gholdengo|Make It Rain|p1a: Dragonite|[spread] p1a,p1b\n|-supereffective|p1b: Clefable\n|-damage|p1a: Dragonite|0 fnt\n|-damage|p1b: Clefable|0 fnt\n|-unboost|p2a: Gholdengo|spa|1\n|faint|p1a: Dragonite\n|faint|p1b: Clefable\n|\n|upkeep\n|\n|t:|1700210713\n|switch|p1a: Annihilape|Annihilape, L50, M, shiny|100\/100\n|switch|p1b: Clefairy|Clefairy, L50, F, shiny|100\/100\n|turn|5\n|\n|t:|1700210729\n|-terastallize|p2a: Gholdengo|Water\n|move|p1b: Clefairy|Follow Me|p1b: Clefairy\n|-singleturn|p1b: Clefairy|move: Follow Me\n|move|p1a: Annihilape|Swagger|p2a: Gholdengo\n|-immune|p2a: Gholdengo|[from] ability: Good as Gold\n|move|p2b: Arcanine|Flare Blitz|p1b: Clefairy\n|-damage|p1b: Clefairy|0 fnt\n|faint|p1b: Clefairy\n|-damage|p2b: Arcanine|31\/100|[from] Recoil\n|move|p2a: Gholdengo|Make It Rain|p1a: Annihilape\n|-damage|p1a: Annihilape|0 fnt\n|-unboost|p2a: Gholdengo|spa|1\n|faint|p1a: Annihilape\n|\n|win|That_Leek\n|n|\u2606Mrslayyy|mrslayyy\n|n|\u2606That_Leek|thatleek\n|l|\u2606Mrslayyy\n","uploadtime":1700210736,"views":10,"p1id":"mrslayyy","p2id":"thatleek","formatid":"gen9vgc2023regulatione","rating":0,"private":0,"password":""}