{"id":"gen9vgc2023regulatione-1989032638","p1":"Beaminzy","p2":"Ozwald McFly","format":"[Gen 9] VGC 2023 Regulation E","log":"|j|\u2606Beaminzy\n|j|\u2606Ozwald McFly\n|t:|1699804545\n|gametype|doubles\n|player|p1|Beaminzy|maid|1462\n|player|p2|Ozwald McFly|birdkeeper-gen4dp|1374\n|teamsize|p1|6\n|teamsize|p2|6\n|gen|9\n|tier|[Gen 9] VGC 2023 Regulation E\n|rated|\n|rule|Species Clause: Limit one of each Pok\u00e9mon\n|rule|Item Clause: Limit one of each item\n|clearpoke\n|poke|p1|Ludicolo, L50, M|\n|poke|p1|Pelipper, L50, F|\n|poke|p1|Iron Hands, L50|\n|poke|p1|Salamence, L50, M|\n|poke|p1|Gholdengo, L50|\n|poke|p1|Sylveon, L50, F|\n|poke|p2|Noctowl, L50, F|\n|poke|p2|Sandy Shocks, L50|\n|poke|p2|Espeon, L50, F|\n|poke|p2|Indeedee-F, L50, F|\n|poke|p2|Iron Hands, L50|\n|poke|p2|Decidueye-Hisui, L50, M|\n|teampreview|4\n|\n|t:|1699804633\n|start\n|switch|p1a: Sylveon|Sylveon, L50, F|100\/100\n|switch|p1b: Pelipper|Pelipper, L50, F|100\/100\n|switch|p2a: Iron Hands|Iron Hands, L50|100\/100\n|switch|p2b: Indeedee|Indeedee-F, L50, F|100\/100\n|-fieldstart|move: Psychic Terrain|[from] ability: Psychic Surge|[of] p2b: Indeedee\n|-weather|RainDance|[from] ability: Drizzle|[of] p1b: Pelipper\n|turn|1\n|inactive|Battle timer is ON: inactive players will automatically lose when time's up. (requested by Ozwald McFly)\n|\n|t:|1699804699\n|move|p1b: Pelipper|Hurricane|p2b: Indeedee\n|-damage|p2b: Indeedee|63\/100\n|-start|p2b: Indeedee|confusion\n|move|p1a: Sylveon|Hyper Beam|p2a: Iron Hands\n|-supereffective|p2a: Iron Hands\n|-damage|p2a: Iron Hands|0 fnt\n|-mustrecharge|p1a: Sylveon\n|faint|p2a: Iron Hands\n|-end|p2a: Iron Hands|Quark Drive|[silent]\n|-activate|p2b: Indeedee|confusion\n|-damage|p2b: Indeedee|58\/100|[from] confusion\n|\n|-weather|RainDance|[upkeep]\n|upkeep\n|inactive|Ozwald McFly has 30 seconds left.\n|\n|t:|1699804725\n|switch|p2a: Decidueye|Decidueye-Hisui, L50, M, shiny|100\/100\n|turn|2\n|inactive|Beaminzy has 30 seconds left.\n|inactive|Beaminzy has 20 seconds left.\n|\n|t:|1699804765\n|move|p2a: Decidueye|Protect|p2a: Decidueye\n|-singleturn|p2a: Decidueye|Protect\n|move|p1b: Pelipper|Hurricane|p2a: Decidueye\n|-activate|p2a: Decidueye|move: Protect\n|cant|p1a: Sylveon|recharge\n|-activate|p2b: Indeedee|confusion\n|move|p2b: Indeedee|Trick Room|p2b: Indeedee\n|-fieldstart|move: Trick Room|[of] p2b: Indeedee\n|\n|-weather|RainDance|[upkeep]\n|upkeep\n|turn|3\n|\n|t:|1699804786\n|-terastallize|p2a: Decidueye|Fighting\n|-end|p2b: Indeedee|confusion\n|move|p2b: Indeedee|Follow Me|p2b: Indeedee\n|-singleturn|p2b: Indeedee|move: Follow Me\n|move|p2a: Decidueye|Leaf Blade|p1a: Sylveon\n|-damage|p1a: Sylveon|39\/100\n|move|p1a: Sylveon|Hyper Beam|p2b: Indeedee\n|-damage|p2b: Indeedee|0 fnt\n|-mustrecharge|p1a: Sylveon\n|faint|p2b: Indeedee\n|move|p1b: Pelipper|Hurricane|p2a: Decidueye\n|-supereffective|p2a: Decidueye\n|-damage|p2a: Decidueye|24\/100\n|\n|-weather|RainDance|[upkeep]\n|upkeep\n|\n|t:|1699804799\n|switch|p2b: Espeon|Espeon, L50, F|100\/100\n|turn|4\n|\n|t:|1699804812\n|move|p2a: Decidueye|Protect|p2a: Decidueye\n|-singleturn|p2a: Decidueye|Protect\n|move|p1b: Pelipper|Protect|p1b: Pelipper\n|-singleturn|p1b: Pelipper|Protect\n|cant|p1a: Sylveon|recharge\n|move|p2b: Espeon|Psychic|p1b: Pelipper\n|-activate|p1b: Pelipper|move: Protect\n|\n|-weather|RainDance|[upkeep]\n|upkeep\n|turn|5\n|inactive|Beaminzy has 30 seconds left.\n|inactive|Beaminzy has 20 seconds left.\n|inactive|Beaminzy has 15 seconds left.\n|inactive|Beaminzy has 10 seconds left.\n|\n|t:|1699804859\n|move|p2a: Decidueye|Leaf Blade|p1a: Sylveon\n|-damage|p1a: Sylveon|0 fnt\n|faint|p1a: Sylveon\n|move|p1b: Pelipper|Hurricane|p2a: Decidueye\n|-supereffective|p2a: Decidueye\n|-damage|p2a: Decidueye|0 fnt\n|faint|p2a: Decidueye\n|move|p2b: Espeon|Psychic|p1b: Pelipper\n|-damage|p1b: Pelipper|20\/100\n|\n|-weather|none\n|-fieldend|move: Psychic Terrain\n|upkeep\n|\n|t:|1699804866\n|switch|p1a: Mexico|Ludicolo, L50, M|100\/100\n|turn|6\n|\n|t:|1699804885\n|switch|p1b: Gholdengo|Gholdengo, L50|100\/100\n|move|p2b: Espeon|Detect|p2b: Espeon\n|-singleturn|p2b: Espeon|Protect\n|move|p1a: Mexico|Fake Out|p2b: Espeon\n|-activate|p2b: Espeon|move: Protect\n|\n|-fieldend|move: Trick Room\n|upkeep\n|turn|7\n|inactive|Beaminzy has 30 seconds left.\n|\n|t:|1699804910\n|move|p2b: Espeon|Shadow Ball|p1b: Gholdengo\n|-supereffective|p1b: Gholdengo\n|-damage|p1b: Gholdengo|40\/100\n|move|p1b: Gholdengo|Shadow Ball|p2b: Espeon\n|-supereffective|p2b: Espeon\n|-enditem|p2b: Espeon|Focus Sash\n|-damage|p2b: Espeon|1\/100\n|move|p1a: Mexico|Giga Drain|p2b: Espeon\n|-damage|p2b: Espeon|0 fnt\n|faint|p2b: Espeon\n|-damage|p1a: Mexico|91\/100|[from] item: Life Orb\n|\n|win|Beaminzy\n|raw|Beaminzy's rating: 1462 &rarr; <strong>1477<\/strong><br \/>(+15 for winning)\n|raw|Ozwald McFly's rating: 1374 &rarr; <strong>1359<\/strong><br \/>(-15 for losing)\n","uploadtime":1699804924,"views":16,"p1id":"beaminzy","p2id":"ozwaldmcfly","formatid":"gen9vgc2023regulatione","rating":1359,"private":0,"password":""}