{"id":"gen9vgc2023regulatione-1989461311","p1":"DarthGlacies","p2":"Mattytaxes","format":"[Gen 9] VGC 2023 Regulation E","log":"|j|\u2606DarthGlacies\n|j|\u2606Mattytaxes\n|n|\u2606DarthGlacies|darthglacies\n|n|\u2606Mattytaxes|mattytaxes\n|html|View the match progress at <a href=\"\/game-bestof3-gen9vgc2023regulatione-1989459477\">game-bestof3-gen9vgc2023regulatione-1989459477<\/a>\n|t:|1699854084\n|gametype|doubles\n|player|p1|DarthGlacies|red|\n|player|p2|Mattytaxes|unknown|\n|teamsize|p1|6\n|teamsize|p2|6\n|gen|9\n|tier|[Gen 9] VGC 2023 Regulation E\n|rule|Species Clause: Limit one of each Pok\u00e9mon\n|rule|Item Clause: Limit one of each item\n|clearpoke\n|poke|p1|Arcanine-Hisui, L50, F|\n|poke|p1|Roaring Moon, L50|\n|poke|p1|Iron Hands, L50|\n|poke|p1|Iron Bundle, L50|\n|poke|p1|Gholdengo, L50|\n|poke|p1|Annihilape, L50, F|\n|poke|p2|Dusclops, L50, M|\n|poke|p2|Ursaluna-Bloodmoon, L50, M|\n|poke|p2|Ogerpon-Wellspring, L50, F|\n|poke|p2|Chi-Yu, L50|\n|poke|p2|Iron Hands, L50|\n|poke|p2|Landorus-Therian, L50, M|\n|teampreview|4\n|inactive|Battle timer is ON: inactive players will automatically lose when time's up. (requested by DarthGlacies)\nDarthGlacies has agreed to open team sheets.\nMattytaxes has agreed to open team sheets.\n|showteam|p1|Arcanine-Hisui||SitrusBerry|Intimidate|FlareBlitz,Protect,RockSlide,WillOWisp|||F|||50|,,,,,Grass]Roaring Moon||BoosterEnergy|Protosynthesis|BreakingSwipe,KnockOff,Protect,Tailwind||||||50|,,,,,Poison]Iron Hands||AssaultVest|QuarkDrive|WildCharge,FakeOut,DrainPunch,HeavySlam||||||50|,,,,,Fire]Iron Bundle||FocusSash|QuarkDrive|FreezeDry,IcyWind,Protect,HydroPump||||||50|,,,,,Ghost]Gholdengo||Leftovers|GoodasGold|MakeItRain,Protect,NastyPlot,ShadowBall||||||50|,,,,,Dragon]Annihilape||AguavBerry|Defiant|Protect,BulkUp,RageFist,DrainPunch|||F|||50|,,,,,Water\n|showteam|p2|Dusclops||Eviolite|Pressure|BrickBreak,WillOWisp,PainSplit,TrickRoom|||M|||50|,,,,,Dark]Ursaluna-Bloodmoon||LifeOrb|MindsEye|HyperVoice,BloodMoon,EarthPower,Protect|||M|||50|,,,,,Normal]Ogerpon-Wellspring||WellspringMask|WaterAbsorb|IvyCudgel,HornLeech,FollowMe,SpikyShield|||F|||50|,,,,,Water]Chi-Yu||ChoiceSpecs|BeadsofRuin|HeatWave,Overheat,DarkPulse,Snarl||||||50|,,,,,Ghost]Iron Hands||AssaultVest|QuarkDrive|FakeOut,WildCharge,DrainPunch,HeavySlam||||||50|,,,,,Fire]Landorus-Therian||ChoiceScarf|Intimidate|RockSlide,StompingTantrum,Uturn,TeraBlast|||M|||50|,,,,,Flying\n|\n|t:|1699854108\n|start\n|switch|p1a: Iron Hands|Iron Hands, L50|100\/100\n|switch|p1b: Gholdengo|Gholdengo, L50|100\/100\n|switch|p2a: Dusclops|Dusclops, L50, M, shiny|100\/100\n|switch|p2b: Ursaluna|Ursaluna-Bloodmoon, L50, M|100\/100\n|-ability|p2a: Dusclops|Pressure\n|turn|1\n|inactive|Mattytaxes has 30 seconds left.\n|\n|t:|1699854141\n|-end|p1a: Iron Hands|Quark Drive|[silent]\n|switch|p1a: Iron Bundle|Iron Bundle, L50|100\/100\n|-terastallize|p2b: Ursaluna|Normal\n|move|p1b: Gholdengo|Nasty Plot|p1b: Gholdengo\n|-boost|p1b: Gholdengo|spa|2\n|move|p2b: Ursaluna|Blood Moon|p1a: Iron Bundle\n|-enditem|p1a: Iron Bundle|Focus Sash\n|-damage|p1a: Iron Bundle|1\/100\n|-damage|p2b: Ursaluna|90\/100|[from] item: Life Orb\n|move|p2a: Dusclops|Trick Room|p2a: Dusclops\n|-fieldstart|move: Trick Room|[of] p2a: Dusclops\n|\n|upkeep\n|turn|2\n|\n|t:|1699854165\n|switch|p2a: Chi-Yu|Chi-Yu, L50|100\/100\n|-ability|p2a: Chi-Yu|Beads of Ruin\n|move|p1a: Iron Bundle|Protect|p1a: Iron Bundle\n|-singleturn|p1a: Iron Bundle|Protect\n|move|p2b: Ursaluna|Earth Power|p1b: Gholdengo\n|-supereffective|p1b: Gholdengo\n|-damage|p1b: Gholdengo|0 fnt\n|faint|p1b: Gholdengo\n|-damage|p2b: Ursaluna|80\/100|[from] item: Life Orb\n|\n|upkeep\n|\n|t:|1699854175\n|switch|p1b: Iron Hands|Iron Hands, L50|100\/100\n|turn|3\n|\n|t:|1699854188\n|-end|p1a: Iron Bundle|Quark Drive|[silent]\n|switch|p1a: Roaring Moon|Roaring Moon, L50|100\/100\n|-enditem|p1a: Roaring Moon|Booster Energy\n|-activate|p1a: Roaring Moon|ability: Protosynthesis|[fromitem]\n|-start|p1a: Roaring Moon|protosynthesisspe\n|-terastallize|p1b: Iron Hands|Fire\n|move|p2b: Ursaluna|Blood Moon|p1b: Iron Hands\n|-damage|p1b: Iron Hands|16\/100\n|-damage|p2b: Ursaluna|70\/100|[from] item: Life Orb\n|move|p1b: Iron Hands|Drain Punch|p2b: Ursaluna\n|-supereffective|p2b: Ursaluna\n|-damage|p2b: Ursaluna|16\/100\n|-heal|p1b: Iron Hands|40\/100|[from] drain|[of] p2b: Ursaluna\n|move|p2a: Chi-Yu|Dark Pulse|p1a: Roaring Moon\n|-resisted|p1a: Roaring Moon\n|-damage|p1a: Roaring Moon|67\/100\n|\n|upkeep\n|turn|4\n|\n|t:|1699854211\n|switch|p2a: Ogerpon|Ogerpon-Wellspring, L50, F|100\/100\n|move|p2b: Ursaluna|Protect|p2b: Ursaluna\n|-singleturn|p2b: Ursaluna|Protect\n|move|p1b: Iron Hands|Drain Punch|p2a: Ogerpon\n|-damage|p2a: Ogerpon|58\/100\n|-heal|p1b: Iron Hands|57\/100|[from] drain|[of] p2a: Ogerpon\n|move|p1a: Roaring Moon|Breaking Swipe|p2a: Ogerpon|[spread] p2a\n|-activate|p2b: Ursaluna|move: Protect\n|-damage|p2a: Ogerpon|37\/100\n|-unboost|p2a: Ogerpon|atk|1\n|\n|upkeep\n|turn|5\n|inactive|Mattytaxes has 30 seconds left.\n|inactive|Mattytaxes has 20 seconds left.\n|inactive|Mattytaxes has 15 seconds left.\n|inactive|Mattytaxes has 10 seconds left.\n|\n|t:|1699854258\n|-end|p1b: Iron Hands|Quark Drive|[silent]\n|switch|p1b: Iron Bundle|Iron Bundle, L50|1\/100\n|switch|p2a: Dusclops|Dusclops, L50, M, shiny|100\/100\n|-ability|p2a: Dusclops|Pressure\n|move|p2b: Ursaluna|Earth Power|p1b: Iron Bundle\n|-damage|p1b: Iron Bundle|0 fnt\n|faint|p1b: Iron Bundle\n|-end|p1b: Iron Bundle|Quark Drive|[silent]\n|-damage|p2b: Ursaluna|6\/100|[from] item: Life Orb\n|move|p1a: Roaring Moon|Breaking Swipe|p2a: Dusclops|[spread] p2a,p2b\n|-damage|p2a: Dusclops|86\/100\n|-damage|p2b: Ursaluna|0 fnt\n|-unboost|p2a: Dusclops|atk|1\n|faint|p2b: Ursaluna\n|\n|-fieldend|move: Trick Room\n|upkeep\n|\n|t:|1699854276\n|switch|p1b: Iron Hands|Iron Hands, L50, tera:Fire|57\/100\n|switch|p2b: Ogerpon|Ogerpon-Wellspring, L50, F|37\/100\n|turn|6\n|\n|t:|1699854297\n|move|p2b: Ogerpon|Spiky Shield|p2b: Ogerpon\n|-singleturn|p2b: Ogerpon|move: Protect\n|move|p1a: Roaring Moon|Knock Off|p2a: Dusclops\n|-supereffective|p2a: Dusclops\n|-crit|p2a: Dusclops\n|-damage|p2a: Dusclops|3\/100\n|-enditem|p2a: Dusclops|Eviolite|[from] move: Knock Off|[of] p1a: Roaring Moon\n|move|p1b: Iron Hands|Drain Punch|p2b: Ogerpon\n|-activate|p2b: Ogerpon|move: Protect\n|-damage|p1b: Iron Hands|44\/100|[from] Spiky Shield|[of] p2b: Ogerpon\n|move|p2a: Dusclops|Trick Room|p2a: Dusclops\n|-fieldstart|move: Trick Room|[of] p2a: Dusclops\n|\n|upkeep\n|turn|7\n|c|\u2606DarthGlacies|...\n|inactive|Mattytaxes has 30 seconds left.\n|\n|t:|1699854327\n|move|p2a: Dusclops|Pain Split|p1b: Iron Hands\n|-sethp|p1b: Iron Hands|23\/100|[from] move: Pain Split|[silent]\n|-sethp|p2a: Dusclops|38\/100|[from] move: Pain Split\n|move|p1b: Iron Hands|Drain Punch|p2b: Ogerpon\n|-damage|p2b: Ogerpon|0 fnt\n|-heal|p1b: Iron Hands|37\/100|[from] drain|[of] p2b: Ogerpon\n|faint|p2b: Ogerpon\n|move|p1a: Roaring Moon|Breaking Swipe|p2a: Dusclops\n|-damage|p2a: Dusclops|13\/100\n|-unboost|p2a: Dusclops|atk|1\n|\n|upkeep\n|\n|t:|1699854338\n|switch|p2b: Chi-Yu|Chi-Yu, L50|100\/100\n|-ability|p2b: Chi-Yu|Beads of Ruin\n|turn|8\n|inactive|Mattytaxes has 30 seconds left.\n|\n|t:|1699854373\n|move|p2a: Dusclops|Brick Break|p1a: Roaring Moon\n|-supereffective|p1a: Roaring Moon\n|-damage|p1a: Roaring Moon|49\/100\n|move|p1b: Iron Hands|Drain Punch|p2b: Chi-Yu\n|-supereffective|p2b: Chi-Yu\n|-damage|p2b: Chi-Yu|11\/100\n|-heal|p1b: Iron Hands|66\/100|[from] drain|[of] p2b: Chi-Yu\n|move|p2b: Chi-Yu|Dark Pulse|p1b: Iron Hands\n|-damage|p1b: Iron Hands|29\/100\n|move|p1a: Roaring Moon|Breaking Swipe|p2a: Dusclops|[spread] p2a,p2b\n|-damage|p2a: Dusclops|0 fnt\n|-damage|p2b: Chi-Yu|0 fnt\n|faint|p2a: Dusclops\n|faint|p2b: Chi-Yu\n|\n|win|DarthGlacies\n","uploadtime":1699854392,"views":16,"p1id":"darthglacies","p2id":"mattytaxes","formatid":"gen9vgc2023regulatione","rating":0,"private":0,"password":""}