{"id":"gen9vgc2023regulatione-1994010757","p1":"Wowershhh","p2":"shuijun1\u82cd\u708e\u5203\u9b3c\u4fa0","format":"[Gen 9] VGC 2023 Regulation E","log":"|j|\u2606Wowershhh\n|j|\u2606shuijun1\u82cd\u708e\u5203\u9b3c\u4fa0\n|t:|1700393083\n|gametype|doubles\n|player|p1|Wowershhh|2|1461\n|player|p2|shuijun1\u82cd\u708e\u5203\u9b3c\u4fa0|iono|1410\n|teamsize|p1|6\n|teamsize|p2|6\n|gen|9\n|tier|[Gen 9] VGC 2023 Regulation E\n|rated|\n|rule|Species Clause: Limit one of each Pok\u00e9mon\n|rule|Item Clause: Limit one of each item\n|clearpoke\n|poke|p1|Dragonite, L50, F|\n|poke|p1|Ogerpon-Wellspring, L50, F|\n|poke|p1|Rillaboom, L50, M|\n|poke|p1|Urshifu-*, L50, F|\n|poke|p1|Arcanine-Hisui, L50, M|\n|poke|p1|Chien-Pao, L50|\n|poke|p2|Roaring Moon, L50|\n|poke|p2|Armarouge, L50, M|\n|poke|p2|Tsareena, L50, F|\n|poke|p2|Arcanine-Hisui, L50, F|\n|poke|p2|Okidogi, L50, M|\n|poke|p2|Ogerpon-Wellspring, L50, F|\n|teampreview|4\n|inactive|Battle timer is ON: inactive players will automatically lose when time's up. (requested by Wowershhh)\n|\n|t:|1700393111\n|start\n|switch|p1a: Urshifu|Urshifu-Rapid-Strike, L50, F|100\/100\n|switch|p1b: Arcanine|Arcanine-Hisui, L50, M|100\/100\n|switch|p2a: Arcanine|Arcanine-Hisui, L50, F|100\/100\n|switch|p2b: Roaring Moon|Roaring Moon, L50|100\/100\n|-ability|p1b: Arcanine|Intimidate|boost\n|-unboost|p2a: Arcanine|atk|1\n|-unboost|p2b: Roaring Moon|atk|1\n|-ability|p2a: Arcanine|Intimidate|boost\n|-unboost|p1a: Urshifu|atk|1\n|-unboost|p1b: Arcanine|atk|1\n|-enditem|p2b: Roaring Moon|Booster Energy\n|-activate|p2b: Roaring Moon|ability: Protosynthesis|[fromitem]\n|-start|p2b: Roaring Moon|protosynthesisspe\n|turn|1\n|\n|t:|1700393134\n|move|p2b: Roaring Moon|Tailwind|p2b: Roaring Moon\n|-sidestart|p2: shuijun1\u82cd\u708e\u5203\u9b3c\u4fa0|move: Tailwind\n|move|p2a: Arcanine|Rock Slide|p1a: Urshifu|[spread] p1b\n|-miss|p2a: Arcanine|p1a: Urshifu\n|-supereffective|p1b: Arcanine\n|-damage|p1b: Arcanine|34\/100\n|-enditem|p1b: Arcanine|Sitrus Berry|[eat]\n|-heal|p1b: Arcanine|59\/100|[from] item: Sitrus Berry\n|move|p1a: Urshifu|U-turn|p2a: Arcanine\n|-resisted|p2a: Arcanine\n|-damage|p2a: Arcanine|89\/100\n|\n|t:|1700393145\n|switch|p1a: Dragonite|Dragonite, L50, F|100\/100|[from] U-turn\n|move|p1b: Arcanine|Howl|p1b: Arcanine|[spread] p1a,p1b\n|-boost|p1a: Dragonite|atk|1\n|-boost|p1b: Arcanine|atk|1\n|\n|upkeep\n|turn|2\n|\n|t:|1700393158\n|-end|p2b: Roaring Moon|Protosynthesis|[silent]\n|switch|p2b: Tsareena|Tsareena, L50, F, shiny|100\/100\n|switch|p1b: Chien-Pao|Chien-Pao, L50|100\/100\n|-ability|p1b: Chien-Pao|Sword of Ruin\n|-terastallize|p1a: Dragonite|Normal\n|move|p1a: Dragonite|Extreme Speed||[still]\n|cant|p2b: Tsareena|ability: Queenly Majesty|Extreme Speed|[of] p1a: Dragonite\n|move|p2a: Arcanine|Rock Slide|p1b: Chien-Pao|[spread] p1a,p1b\n|-supereffective|p1b: Chien-Pao\n|-damage|p1a: Dragonite|63\/100\n|-damage|p1b: Chien-Pao|23\/100\n|\n|upkeep\n|turn|3\n|inactive|Wowershhh has 30 seconds left.\n|\n|t:|1700393188\n|switch|p1a: Arcanine|Arcanine-Hisui, L50, M|59\/100\n|-ability|p1a: Arcanine|Intimidate|boost\n|-unboost|p2a: Arcanine|atk|1\n|-unboost|p2b: Tsareena|atk|1\n|move|p1b: Chien-Pao|Protect|p1b: Chien-Pao\n|-singleturn|p1b: Chien-Pao|Protect\n|move|p2a: Arcanine|Rock Slide|p1a: Arcanine|[spread] p1a\n|-activate|p1b: Chien-Pao|move: Protect\n|-supereffective|p1a: Arcanine\n|-damage|p1a: Arcanine|0 fnt\n|faint|p1a: Arcanine\n|move|p2b: Tsareena|High Jump Kick|p1b: Chien-Pao\n|-activate|p1b: Chien-Pao|move: Protect\n|-damage|p2b: Tsareena|51\/100|[from] highjumpkick\n|\n|upkeep\n|\n|t:|1700393200\n|switch|p1a: Urshifu|Urshifu-Rapid-Strike, L50, F|100\/100\n|turn|4\n|inactive|Wowershhh has 30 seconds left.\n|\n|t:|1700393226\n|move|p1b: Chien-Pao|Sucker Punch||[still]\n|cant|p2b: Tsareena|ability: Queenly Majesty|Sucker Punch|[of] p1b: Chien-Pao\n|move|p2a: Arcanine|Rock Slide|p1a: Urshifu|[spread] p1a,p1b\n|-resisted|p1a: Urshifu\n|-supereffective|p1b: Chien-Pao\n|-damage|p1a: Urshifu|87\/100\n|-damage|p1b: Chien-Pao|0 fnt\n|faint|p1b: Chien-Pao\n|move|p1a: Urshifu|Surging Strikes|p2a: Arcanine\n|-supereffective|p2a: Arcanine\n|-crit|p2a: Arcanine\n|-damage|p2a: Arcanine|0 fnt\n|faint|p2a: Arcanine\n|-hitcount|p2: Arcanine|1\n|move|p2b: Tsareena|Power Whip|p1a: Urshifu\n|-supereffective|p1a: Urshifu\n|-damage|p1a: Urshifu|4\/100\n|\n|-sideend|p2: shuijun1\u82cd\u708e\u5203\u9b3c\u4fa0|move: Tailwind\n|upkeep\n|\n|t:|1700393233\n|switch|p1b: Dragonite|Dragonite, L50, F, tera:Normal|63\/100\n|switch|p2a: Roaring Moon|Roaring Moon, L50|100\/100\n|turn|5\n|\n|t:|1700393252\n|move|p1a: Urshifu|Surging Strikes|p2a: Roaring Moon\n|-resisted|p2a: Roaring Moon\n|-crit|p2a: Roaring Moon\n|-damage|p2a: Roaring Moon|88\/100\n|-resisted|p2a: Roaring Moon\n|-crit|p2a: Roaring Moon\n|-damage|p2a: Roaring Moon|73\/100\n|-resisted|p2a: Roaring Moon\n|-crit|p2a: Roaring Moon\n|-damage|p2a: Roaring Moon|59\/100\n|-hitcount|p2a: Roaring Moon|3\n|move|p2a: Roaring Moon|Tailwind|p2a: Roaring Moon\n|-sidestart|p2: shuijun1\u82cd\u708e\u5203\u9b3c\u4fa0|move: Tailwind\n|move|p2b: Tsareena|High Jump Kick|p1b: Dragonite\n|-supereffective|p1b: Dragonite\n|-damage|p1b: Dragonite|2\/100\n|move|p1b: Dragonite|Ice Spinner|p2b: Tsareena\n|-supereffective|p2b: Tsareena\n|-damage|p2b: Tsareena|0 fnt\n|faint|p2b: Tsareena\n|\n|upkeep\n|\n|t:|1700393264\n|switch|p2b: Armarouge|Armarouge, L50, M|100\/100\n|turn|6\n|\n|t:|1700393270\n|-terastallize|p2a: Roaring Moon|Steel\n|move|p2a: Roaring Moon|Earthquake|p1a: Urshifu|[spread] p2b,p1a,p1b\n|-supereffective|p2b: Armarouge\n|-damage|p2b: Armarouge|44\/100\n|-damage|p1a: Urshifu|0 fnt\n|-damage|p1b: Dragonite|0 fnt\n|-ability|p2b: Armarouge|Weak Armor|boost\n|-unboost|p2b: Armarouge|def|1\n|-boost|p2b: Armarouge|spe|2\n|-enditem|p2b: Armarouge|Weakness Policy\n|-boost|p2b: Armarouge|atk|2|[from] item: Weakness Policy\n|-boost|p2b: Armarouge|spa|2|[from] item: Weakness Policy\n|faint|p1a: Urshifu\n|faint|p1b: Dragonite\n|\n|win|shuijun1\u82cd\u708e\u5203\u9b3c\u4fa0\n|raw|Wowershhh's rating: 1461 &rarr; <strong>1438<\/strong><br \/>(-23 for losing)\n|raw|shuijun1\u82cd\u708e\u5203\u9b3c\u4fa0's rating: 1410 &rarr; <strong>1433<\/strong><br \/>(+23 for winning)\n","uploadtime":1700393279,"views":8,"p1id":"wowershhh","p2id":"shuijun1","formatid":"gen9vgc2023regulatione","rating":1433,"private":0,"password":""}