{"id":"gen9vgc2023regulatione-1999044577","p1":"jusemato","p2":"Elquepruebatims2","format":"[Gen 9] VGC 2023 Regulation E","log":"|j|\u2606jusemato\n|j|\u2606Elquepruebatims2\n|n|\u2606jusemato|jusemato\n|n|\u2606Elquepruebatims2|elquepruebatims2\n|html|View the match progress at <a href=\"\/game-bestof3-gen9vgc2023regulatione-1999044576\">game-bestof3-gen9vgc2023regulatione-1999044576<\/a>\n|t:|1701027210\n|gametype|doubles\n|player|p1|jusemato|worker|\n|player|p2|Elquepruebatims2|101|\n|teamsize|p1|6\n|teamsize|p2|6\n|gen|9\n|tier|[Gen 9] VGC 2023 Regulation E\n|rule|Species Clause: Limit one of each Pok\u00e9mon\n|rule|Item Clause: Limit one of each item\n|clearpoke\n|poke|p1|Iron Hands, L50|\n|poke|p1|Flutter Mane, L50|\n|poke|p1|Roaring Moon, L50|\n|poke|p1|Ogerpon-Wellspring, L50, F|\n|poke|p1|Weezing, L50, M|\n|poke|p1|Landorus-Therian, L50, M|\n|poke|p2|Amoonguss, L50, M|\n|poke|p2|Iron Hands, L50|\n|poke|p2|Urshifu-*, L50, M|\n|poke|p2|Tornadus, L50, M|\n|poke|p2|Flutter Mane, L50|\n|poke|p2|Heatran, L50, F|\n|teampreview|4\n|c|\u2606jusemato|Mucha suerte\njusemato has agreed to open team sheets.\nElquepruebatims2 has agreed to open team sheets.\n|showteam|p1|Iron Hands||AssaultVest|QuarkDrive|DrainPunch,WildCharge,HeavySlam,FakeOut||||||50|,,,,,Fire]Flutter Mane||ChoiceSpecs|Protosynthesis|DazzlingGleam,Moonblast,ShadowBall,PowerGem||||||50|,,,,,Fairy]Roaring Moon||BoosterEnergy|Protosynthesis|Acrobatics,KnockOff,Tailwind,Protect||||||50|,,,,,Flying]Ogerpon-Wellspring||WellspringMask|WaterAbsorb|IvyCudgel,HornLeech,FollowMe,SpikyShield|||F|||50|,,,,,Water]Weezing||SitrusBerry|NeutralizingGas|GunkShot,Taunt,WillOWisp,Protect|||M|||50|,,,,,Ghost]Landorus-Therian||AbilityShield|Intimidate|StompingTantrum,RockTomb,Protect,Uturn|||M|||50|,,,,,Water\n|showteam|p2|Amoonguss||SitrusBerry|Regenerator|Spore,RagePowder,Protect,PollenPuff|||M|||50|,,,,,Water]Iron Hands||AssaultVest|QuarkDrive|FakeOut,HeavySlam,WildCharge,DrainPunch||||||50|,,,,,Fire]Urshifu-Rapid-Strike||ChoiceScarf|UnseenFist|CloseCombat,SurgingStrikes,Uturn,IceSpinner|||M|||50|,,,,,Water]Tornadus||SharpBeak|Prankster|Protect,BleakwindStorm,Tailwind,RainDance|||M|||50|,,,,,Dragon]Flutter Mane||BoosterEnergy|Protosynthesis|Moonblast,ShadowBall,Protect,DazzlingGleam||||||50|,,,,,Fairy]Heatran||LifeOrb|FlashFire|Protect,FlashCannon,HeatWave,EarthPower|||F|||50|,,,,,Grass\n|inactive|Battle timer is ON: inactive players will automatically lose when time's up. (requested by Elquepruebatims2)\n|c|\u2606Elquepruebatims2|Tu tmb\n|\n|t:|1701027284\n|start\n|switch|p1a: Weezing|Weezing, L50, M, shiny|100\/100\n|switch|p1b: Flutter Mane|Flutter Mane, L50|100\/100\n|switch|p2a: Amoonguss|Amoonguss, L50, M|100\/100\n|switch|p2b: Urshifu|Urshifu-Rapid-Strike, L50, M|100\/100\n|-ability|p1a: Weezing|Neutralizing Gas\n|turn|1\n|inactive|Elquepruebatims2 has 30 seconds left.\n|\n|t:|1701027309\n|-end|p1b: Flutter Mane|Protosynthesis|[silent]\n|switch|p1b: Ogerpon|Ogerpon-Wellspring, L50, F|100\/100\n|-terastallize|p2b: Urshifu|Water\n|move|p2a: Amoonguss|Protect|p2a: Amoonguss\n|-singleturn|p2a: Amoonguss|Protect\n|move|p2b: Urshifu|Surging Strikes|p1a: Weezing\n|-crit|p1a: Weezing\n|-damage|p1a: Weezing|78\/100\n|-crit|p1a: Weezing\n|-damage|p1a: Weezing|53\/100\n|-crit|p1a: Weezing\n|-damage|p1a: Weezing|30\/100\n|-enditem|p1a: Weezing|Sitrus Berry|[eat]\n|-heal|p1a: Weezing|55\/100|[from] item: Sitrus Berry\n|-hitcount|p1a: Weezing|3\n|move|p1a: Weezing|Taunt|p2a: Amoonguss\n|-activate|p2a: Amoonguss|move: Protect\n|\n|upkeep\n|turn|2\n|inactive|jusemato has 30 seconds left.\n|\n|t:|1701027342\n|switch|p2b: Heatran|Heatran, L50, F|100\/100\n|-end|p1a: Weezing|ability: Neutralizing Gas\n|switch|p1a: Roaring Moon|Roaring Moon, L50|100\/100\n|-enditem|p1a: Roaring Moon|Booster Energy\n|-activate|p1a: Roaring Moon|ability: Protosynthesis|[fromitem]\n|-start|p1a: Roaring Moon|protosynthesisspe\n|move|p1b: Ogerpon|Horn Leech|p2b: Heatran\n|-resisted|p2b: Heatran\n|-damage|p2b: Heatran|91\/100\n|move|p2a: Amoonguss|Pollen Puff|p1b: Ogerpon\n|-supereffective|p1b: Ogerpon\n|-damage|p1b: Ogerpon|65\/100\n|\n|upkeep\n|turn|3\n|inactive|Elquepruebatims2 has 30 seconds left.\n|\n|t:|1701027376\n|move|p1b: Ogerpon|Follow Me|p1b: Ogerpon\n|-singleturn|p1b: Ogerpon|move: Follow Me\n|move|p1a: Roaring Moon|Acrobatics|p2a: Amoonguss\n|-supereffective|p2a: Amoonguss\n|-damage|p2a: Amoonguss|41\/100\n|-enditem|p2a: Amoonguss|Sitrus Berry|[eat]\n|-heal|p2a: Amoonguss|66\/100|[from] item: Sitrus Berry\n|move|p2b: Heatran|Heat Wave|p1a: Roaring Moon|[spread] p1a,p1b\n|-resisted|p1a: Roaring Moon\n|-crit|p1b: Ogerpon\n|-damage|p1a: Roaring Moon|77\/100\n|-damage|p1b: Ogerpon|0 fnt\n|faint|p1b: Ogerpon\n|-damage|p2b: Heatran|81\/100|[from] item: Life Orb\n|move|p2a: Amoonguss|Spore|p1a: Roaring Moon\n|-status|p1a: Roaring Moon|slp|[from] move: Spore\n|\n|upkeep\n|\n|t:|1701027394\n|switch|p1b: Flutter Mane|Flutter Mane, L50|100\/100\n|turn|4\n|\n|t:|1701027410\n|cant|p1a: Roaring Moon|slp\n|move|p1b: Flutter Mane|Shadow Ball|p2a: Amoonguss\n|-damage|p2a: Amoonguss|2\/100\n|move|p2b: Heatran|Flash Cannon|p1a: Roaring Moon\n|-damage|p1a: Roaring Moon|19\/100 slp\n|-damage|p2b: Heatran|71\/100|[from] item: Life Orb\n|move|p2a: Amoonguss|Spore|p1b: Flutter Mane\n|-status|p1b: Flutter Mane|slp|[from] move: Spore\n|\n|upkeep\n|turn|5\n|\n|t:|1701027424\n|switch|p2a: Urshifu|Urshifu-Rapid-Strike, L50, M, tera:Water|100\/100\n|cant|p1a: Roaring Moon|slp\n|cant|p1b: Flutter Mane|slp\n|move|p2b: Heatran|Heat Wave|p1a: Roaring Moon|[spread] p1a,p1b\n|-resisted|p1a: Roaring Moon\n|-damage|p1a: Roaring Moon|0 fnt\n|-damage|p1b: Flutter Mane|47\/100 slp\n|faint|p1a: Roaring Moon\n|-end|p1a: Roaring Moon|Protosynthesis|[silent]\n|-damage|p2b: Heatran|62\/100|[from] item: Life Orb\n|\n|upkeep\n|\n|t:|1701027437\n|switch|p1a: Weezing|Weezing, L50, M, shiny|55\/100\n|-ability|p1a: Weezing|Neutralizing Gas\n|turn|6\n|\n|t:|1701027443\n|move|p2a: Urshifu|Surging Strikes|p1b: Flutter Mane\n|-crit|p1b: Flutter Mane\n|-damage|p1b: Flutter Mane|3\/100 slp\n|-crit|p1b: Flutter Mane\n|-damage|p1b: Flutter Mane|0 fnt\n|faint|p1b: Flutter Mane\n|-end|p1b: Flutter Mane|Protosynthesis|[silent]\n|-hitcount|p1: Flutter Mane|2\n|move|p2b: Heatran|Earth Power|p1a: Weezing\n|-supereffective|p1a: Weezing\n|-damage|p1a: Weezing|0 fnt\n|faint|p1a: Weezing\n|-end|p1a: Weezing|ability: Neutralizing Gas\n|-damage|p2b: Heatran|52\/100|[from] item: Life Orb\n|\n|win|Elquepruebatims2\n|c|&|\/uhtml prompt-jusemato,jusemato is ready for game 2!\n|inactive|Elquepruebatims2 has 50 seconds to confirm battle start!\n","uploadtime":1701027455,"views":2,"p1id":"jusemato","p2id":"elquepruebatims2","formatid":"gen9vgc2023regulatione","rating":0,"private":0,"password":""}