{"id":"gen9vgc2023regulatione-1992318270","p1":"Sucre Salih","p2":"dgjjffdfc","format":"[Gen 9] VGC 2023 Regulation E","log":"|j|\u2606Sucre Salih\n|j|\u2606dgjjffdfc\n|t:|1700174153\n|gametype|doubles\n|player|p1|Sucre Salih|wattson|1094\n|player|p2|dgjjffdfc|dawn-gen4pt|1000\n|teamsize|p1|6\n|teamsize|p2|6\n|gen|9\n|tier|[Gen 9] VGC 2023 Regulation E\n|rated|\n|rule|Species Clause: Limit one of each Pok\u00e9mon\n|rule|Item Clause: Limit one of each item\n|clearpoke\n|poke|p1|Sandaconda, L50, M|\n|poke|p1|Decidueye-Hisui, L50, M|\n|poke|p1|Houndstone, L50, M|\n|poke|p1|Sneasler, L50, M|\n|poke|p1|Dudunsparce-*, L50, M|\n|poke|p1|Rillaboom, L50, M|\n|poke|p2|Wo-Chien, L50|\n|poke|p2|Ting-Lu, L50|\n|poke|p2|Grimmsnarl, L50, M|\n|poke|p2|Amoonguss, L50, F|\n|poke|p2|Dusclops, L50, F|\n|poke|p2|Landorus-Therian, L50, M|\n|teampreview|4\n|\n|t:|1700174180\n|start\n|switch|p1a: Sandaconda|Sandaconda, L50, M|100\/100\n|switch|p1b: Dudunsparce|Dudunsparce, L50, M|100\/100\n|switch|p2a: Landorus|Landorus-Therian, L50, M|100\/100\n|switch|p2b: Grimmsnarl|Grimmsnarl, L50, M|100\/100\n|-ability|p2a: Landorus|Intimidate|boost\n|-unboost|p1a: Sandaconda|atk|1\n|-unboost|p1b: Dudunsparce|atk|1\n|turn|1\n|inactive|Battle timer is ON: inactive players will automatically lose when time's up. (requested by Sucre Salih)\n|inactive|dgjjffdfc also wants the timer to be on.\n|\n|t:|1700174193\n|move|p2b: Grimmsnarl|Fake Out|p1b: Dudunsparce\n|-damage|p1b: Dudunsparce|90\/100\n|move|p2a: Landorus|Stealth Rock|p1a: Sandaconda\n|-sidestart|p1: Sucre Salih|move: Stealth Rock\n|cant|p1b: Dudunsparce|flinch\n|move|p1a: Sandaconda|Glare|p2b: Grimmsnarl\n|-status|p2b: Grimmsnarl|par\n|\n|upkeep\n|turn|2\n|\n|t:|1700174214\n|move|p2b: Grimmsnarl|Reflect|p2b: Grimmsnarl\n|-sidestart|p2: dgjjffdfc|Reflect\n|move|p2a: Landorus|Sand Tomb|p1b: Dudunsparce\n|-damage|p1b: Dudunsparce|71\/100\n|-activate|p1b: Dudunsparce|move: Sand Tomb|[of] p2a: Landorus\n|move|p1b: Dudunsparce|Coil|p1b: Dudunsparce\n|-boost|p1b: Dudunsparce|atk|1\n|-boost|p1b: Dudunsparce|def|1\n|-boost|p1b: Dudunsparce|accuracy|1\n|move|p1a: Sandaconda|Glare|p2a: Landorus\n|-status|p2a: Landorus|par\n|\n|-damage|p1b: Dudunsparce|59\/100|[from] move: Sand Tomb|[partiallytrapped]\n|upkeep\n|turn|3\n|\n|t:|1700174232\n|move|p2b: Grimmsnarl|Light Screen|p2b: Grimmsnarl\n|-sidestart|p2: dgjjffdfc|move: Light Screen\n|move|p1b: Dudunsparce|Rock Slide|p2b: Grimmsnarl|[spread] p2a,p2b\n|-damage|p2a: Landorus|89\/100 par\n|-damage|p2b: Grimmsnarl|90\/100 par\n|move|p1a: Sandaconda|Rock Slide|p2a: Landorus|[spread] p2a,p2b\n|-damage|p2a: Landorus|83\/100 par\n|-damage|p2b: Grimmsnarl|84\/100 par\n|cant|p2a: Landorus|flinch\n|\n|-heal|p2a: Landorus|89\/100 par|[from] item: Leftovers\n|-damage|p1b: Dudunsparce|46\/100|[from] move: Sand Tomb|[partiallytrapped]\n|upkeep\n|turn|4\n|\n|t:|1700174253\n|switch|p1a: Houndstone|Houndstone, L50, M|100\/100\n|-damage|p1a: Houndstone|88\/100|[from] Stealth Rock\n|cant|p2b: Grimmsnarl|par\n|move|p1b: Dudunsparce|Chilling Water|p2a: Landorus\n|-supereffective|p2a: Landorus\n|-damage|p2a: Landorus|78\/100 par\n|-unboost|p2a: Landorus|atk|1\n|move|p2a: Landorus|Sand Tomb|p1a: Houndstone\n|-damage|p1a: Houndstone|75\/100\n|-activate|p1a: Houndstone|move: Sand Tomb|[of] p2a: Landorus\n|\n|-heal|p2a: Landorus|84\/100 par|[from] item: Leftovers\n|-damage|p1a: Houndstone|63\/100|[from] move: Sand Tomb|[partiallytrapped]\n|-damage|p1b: Dudunsparce|34\/100|[from] move: Sand Tomb|[partiallytrapped]\n|upkeep\n|turn|5\n|inactive|dgjjffdfc has 30 seconds left.\n|\n|t:|1700174279\n|move|p2a: Landorus|Protect|p2a: Landorus\n|-singleturn|p2a: Landorus|Protect\n|move|p2b: Grimmsnarl|Parting Shot|p1b: Dudunsparce\n|-unboost|p1b: Dudunsparce|atk|1\n|-unboost|p1b: Dudunsparce|spa|1\n|\n|t:|1700174289\n|switch|p2b: Amoonguss|Amoonguss, L50, F|100\/100|[from] Parting Shot\n|move|p1a: Houndstone|Ice Fang|p2a: Landorus\n|-activate|p2a: Landorus|move: Protect\n|move|p1b: Dudunsparce|Rock Slide|p2b: Amoonguss|[spread] p2b\n|-activate|p2a: Landorus|move: Protect\n|-damage|p2b: Amoonguss|91\/100\n|\n|-heal|p2a: Landorus|90\/100 par|[from] item: Leftovers\n|-damage|p1a: Houndstone|50\/100|[from] move: Sand Tomb|[partiallytrapped]\n|-damage|p1b: Dudunsparce|21\/100|[from] move: Sand Tomb|[partiallytrapped]\n|upkeep\n|-enditem|p1a: Houndstone|Sitrus Berry|[eat]\n|-heal|p1a: Houndstone|75\/100|[from] item: Sitrus Berry\n|turn|6\n|inactive|dgjjffdfc has 30 seconds left.\n|\n|t:|1700174319\n|switch|p2a: Dusclops|Dusclops, L50, F|100\/100\n|-ability|p2a: Dusclops|Pressure\n|move|p1a: Houndstone|Ice Fang|p2a: Dusclops\n|-damage|p2a: Dusclops|90\/100\n|move|p1b: Dudunsparce|Glare|p2b: Amoonguss\n|-status|p2b: Amoonguss|par\n|cant|p2b: Amoonguss|par\n|\n|-end|p1a: Houndstone|Sand Tomb|[partiallytrapped]|[silent]\n|-end|p1b: Dudunsparce|Sand Tomb|[partiallytrapped]|[silent]\n|upkeep\n|turn|7\n|\n|t:|1700174344\n|move|p1a: Houndstone|Fire Fang|p2b: Amoonguss\n|-supereffective|p2b: Amoonguss\n|-damage|p2b: Amoonguss|62\/100 par\n|move|p1b: Dudunsparce|Rock Slide|p2a: Dusclops|[spread] p2a,p2b\n|-damage|p2a: Dusclops|86\/100\n|-damage|p2b: Amoonguss|54\/100 par\n|move|p2a: Dusclops|Will-O-Wisp|p1b: Dudunsparce\n|-status|p1b: Dudunsparce|brn\n|cant|p2b: Amoonguss|flinch\n|\n|-damage|p1b: Dudunsparce|15\/100 brn|[from] brn\n|upkeep\n|turn|8\n|\n|t:|1700174365\n|switch|p1a: Sandaconda|Sandaconda, L50, M|100\/100\n|-damage|p1a: Sandaconda|94\/100|[from] Stealth Rock\n|move|p1b: Dudunsparce|Glare|p2a: Dusclops\n|-status|p2a: Dusclops|par\n|move|p2a: Dusclops|Will-O-Wisp|p1a: Sandaconda\n|-status|p1a: Sandaconda|brn\n|cant|p2b: Amoonguss|par\n|\n|-damage|p1b: Dudunsparce|9\/100 brn|[from] brn\n|-damage|p1a: Sandaconda|88\/100 brn|[from] brn\n|upkeep\n|turn|9\n|\n|t:|1700174387\n|switch|p2a: Grimmsnarl|Grimmsnarl, L50, M|84\/100 par\n|move|p1b: Dudunsparce|Rock Slide|p2a: Grimmsnarl|[spread] p2a,p2b\n|-damage|p2a: Grimmsnarl|81\/100 par\n|-damage|p2b: Amoonguss|50\/100 par\n|-enditem|p2b: Amoonguss|Sitrus Berry|[eat]\n|-heal|p2b: Amoonguss|75\/100 par|[from] item: Sitrus Berry\n|move|p1a: Sandaconda|Minimize|p1a: Sandaconda\n|-boost|p1a: Sandaconda|evasion|2\n|cant|p2b: Amoonguss|par\n|\n|-damage|p1b: Dudunsparce|3\/100 brn|[from] brn\n|-damage|p1a: Sandaconda|82\/100 brn|[from] brn\n|-sideend|p2: dgjjffdfc|Reflect\n|upkeep\n|turn|10\n|inactive|dgjjffdfc has 30 seconds left.\n|\n|t:|1700174414\n|switch|p2b: Landorus|Landorus-Therian, L50, M|90\/100 par\n|-ability|p2b: Landorus|Intimidate|boost\n|-unboost|p1a: Sandaconda|atk|1\n|-unboost|p1b: Dudunsparce|atk|1\n|cant|p2a: Grimmsnarl|par\n|move|p1b: Dudunsparce|Rock Slide|p2b: Landorus|[spread] p2a,p2b\n|-damage|p2a: Grimmsnarl|77\/100 par\n|-damage|p2b: Landorus|86\/100 par\n|move|p1a: Sandaconda|Minimize|p1a: Sandaconda\n|-boost|p1a: Sandaconda|evasion|2\n|\n|-heal|p2b: Landorus|92\/100 par|[from] item: Leftovers\n|-damage|p1b: Dudunsparce|0 fnt|[from] brn\n|faint|p1b: Dudunsparce\n|-damage|p1a: Sandaconda|76\/100 brn|[from] brn\n|-sideend|p2: dgjjffdfc|move: Light Screen\n|upkeep\n|\n|t:|1700174433\n|switch|p1b: Decidueye|Decidueye-Hisui, L50, M|100\/100\n|-damage|p1b: Decidueye|94\/100|[from] Stealth Rock\n|turn|11\n|\n|t:|1700174442\n|move|p2a: Grimmsnarl|Reflect|p2a: Grimmsnarl\n|-sidestart|p2: dgjjffdfc|Reflect\n|move|p1a: Sandaconda|Minimize|p1a: Sandaconda\n|-boost|p1a: Sandaconda|evasion|2\n|move|p1b: Decidueye|Triple Arrows|p2b: Landorus\n|-resisted|p2b: Landorus\n|-damage|p2b: Landorus|77\/100 par\n|move|p2b: Landorus|Sand Tomb|p1b: Decidueye\n|-resisted|p1b: Decidueye\n|-damage|p1b: Decidueye|85\/100\n|-activate|p1b: Decidueye|move: Sand Tomb|[of] p2b: Landorus\n|\n|-heal|p2b: Landorus|83\/100 par|[from] item: Leftovers\n|-damage|p1a: Sandaconda|70\/100 brn|[from] brn\n|-damage|p1b: Decidueye|72\/100|[from] move: Sand Tomb|[partiallytrapped]\n|upkeep\n|turn|12\n|\n|t:|1700174466\n|move|p2a: Grimmsnarl|Parting Shot|p1b: Decidueye\n|-unboost|p1b: Decidueye|atk|1\n|-unboost|p1b: Decidueye|spa|1\n|\n|t:|1700174477\n|switch|p2a: Dusclops|Dusclops, L50, F|86\/100 par|[from] Parting Shot\n|-ability|p2a: Dusclops|Pressure\n|move|p1a: Sandaconda|Rock Slide|p2b: Landorus|[spread] p2a,p2b\n|-damage|p2a: Dusclops|83\/100 par\n|-damage|p2b: Landorus|80\/100 par\n|move|p1b: Decidueye|Triple Arrows|p2b: Landorus\n|-resisted|p2b: Landorus\n|-crit|p2b: Landorus\n|-damage|p2b: Landorus|43\/100 par\n|-unboost|p2b: Landorus|def|1\n|cant|p2b: Landorus|flinch\n|\n|-heal|p2b: Landorus|49\/100 par|[from] item: Leftovers\n|-damage|p1a: Sandaconda|64\/100 brn|[from] brn\n|-damage|p1b: Decidueye|60\/100|[from] move: Sand Tomb|[partiallytrapped]\n|upkeep\n|turn|13\n|\n|t:|1700174499\n|move|p2b: Landorus|Protect|p2b: Landorus\n|-singleturn|p2b: Landorus|Protect\n|move|p1a: Sandaconda|Rock Slide|p2b: Landorus|[spread] p2a\n|-activate|p2b: Landorus|move: Protect\n|-damage|p2a: Dusclops|81\/100 par\n|move|p1b: Decidueye|Triple Arrows|p2b: Landorus\n|-activate|p2b: Landorus|move: Protect\n|cant|p2a: Dusclops|flinch\n|\n|-heal|p2b: Landorus|55\/100 par|[from] item: Leftovers\n|-damage|p1a: Sandaconda|57\/100 brn|[from] brn\n|-damage|p1b: Decidueye|48\/100|[from] move: Sand Tomb|[partiallytrapped]\n|upkeep\n|turn|14\n|\n|t:|1700174519\n|switch|p2b: Amoonguss|Amoonguss, L50, F|100\/100 par\n|move|p1a: Sandaconda|Rock Slide|p2a: Dusclops|[spread] p2a\n|-miss|p1a: Sandaconda|p2b: Amoonguss\n|-damage|p2a: Dusclops|79\/100 par\n|move|p1b: Decidueye|Triple Arrows|p2b: Amoonguss\n|-resisted|p2b: Amoonguss\n|-crit|p2b: Amoonguss\n|-damage|p2b: Amoonguss|62\/100 par\n|move|p2a: Dusclops|Will-O-Wisp|p1b: Decidueye\n|-status|p1b: Decidueye|brn\n|\n|-damage|p1a: Sandaconda|51\/100 brn|[from] brn\n|-damage|p1b: Decidueye|42\/100 brn|[from] brn\n|-end|p1b: Decidueye|Sand Tomb|[partiallytrapped]|[silent]\n|upkeep\n|turn|15\n|inactive|dgjjffdfc has 30 seconds left.\n|\n|t:|1700174545\n|move|p1a: Sandaconda|Protect|p1a: Sandaconda\n|-singleturn|p1a: Sandaconda|Protect\n|move|p1b: Decidueye|Triple Arrows|p2a: Dusclops\n|-damage|p2a: Dusclops|73\/100 par\n|-unboost|p2a: Dusclops|def|1\n|move|p2a: Dusclops|Bind|p1b: Decidueye\n|-crit|p1b: Decidueye\n|-damage|p1b: Decidueye|37\/100 brn\n|-activate|p1b: Decidueye|move: Bind|[of] p2a: Dusclops\n|move|p2b: Amoonguss|Pollen Puff|p2a: Dusclops\n|-heal|p2a: Dusclops|100\/100 par\n|\n|-damage|p1a: Sandaconda|45\/100 brn|[from] brn\n|-damage|p1b: Decidueye|31\/100 brn|[from] brn\n|-damage|p1b: Decidueye|18\/100 brn|[from] move: Bind|[partiallytrapped]\n|upkeep\n|turn|16\n|\n|t:|1700174568\n|switch|p2a: Landorus|Landorus-Therian, L50, M|55\/100 par\n|-ability|p2a: Landorus|Intimidate|boost\n|-unboost|p1a: Sandaconda|atk|1\n|-fail|p1b: Decidueye|unboost|Attack|[from] ability: Scrappy|[of] p1b: Decidueye\n|move|p1a: Sandaconda|Rock Slide|p2a: Landorus|[spread] p2a,p2b\n|-damage|p2a: Landorus|53\/100 par\n|-damage|p2b: Amoonguss|60\/100 par\n|move|p1b: Decidueye|Triple Arrows|p2b: Amoonguss\n|-resisted|p2b: Amoonguss\n|-crit|p2b: Amoonguss\n|-damage|p2b: Amoonguss|43\/100 par\n|cant|p2b: Amoonguss|flinch\n|\n|-heal|p2a: Landorus|59\/100 par|[from] item: Leftovers\n|-damage|p1a: Sandaconda|39\/100 brn|[from] brn\n|-damage|p1b: Decidueye|12\/100 brn|[from] brn\n|-end|p1b: Decidueye|Bind|[partiallytrapped]|[silent]\n|upkeep\n|turn|17\n|\n|t:|1700174588\n|switch|p2b: Dusclops|Dusclops, L50, F|100\/100 par\n|-ability|p2b: Dusclops|Pressure\n|move|p2a: Landorus|Protect|p2a: Landorus\n|-singleturn|p2a: Landorus|Protect\n|move|p1a: Sandaconda|Rock Slide|p2b: Dusclops|[spread] p2b\n|-activate|p2a: Landorus|move: Protect\n|-damage|p2b: Dusclops|99\/100 par\n|move|p1b: Decidueye|Triple Arrows|p2b: Dusclops\n|-damage|p2b: Dusclops|92\/100 par\n|-unboost|p2b: Dusclops|def|1\n|\n|-heal|p2a: Landorus|65\/100 par|[from] item: Leftovers\n|-damage|p1a: Sandaconda|33\/100 brn|[from] brn\n|-damage|p1b: Decidueye|6\/100 brn|[from] brn\n|upkeep\n|turn|18\n|inactive|dgjjffdfc has 30 seconds left.\n|\n|t:|1700174616\n|switch|p2a: Amoonguss|Amoonguss, L50, F|76\/100 par\n|move|p1a: Sandaconda|Rock Slide|p2a: Amoonguss|[spread] p2a,p2b\n|-damage|p2a: Amoonguss|73\/100 par\n|-damage|p2b: Dusclops|90\/100 par\n|move|p1b: Decidueye|Triple Arrows|p2b: Dusclops\n|-crit|p2b: Dusclops\n|-damage|p2b: Dusclops|59\/100 par\n|-unboost|p2b: Dusclops|def|1\n|cant|p2b: Dusclops|flinch\n|\n|-damage|p1a: Sandaconda|27\/100 brn|[from] brn\n|-damage|p1b: Decidueye|0 fnt|[from] brn\n|faint|p1b: Decidueye\n|-sideend|p2: dgjjffdfc|Reflect\n|upkeep\n|\n|t:|1700174630\n|switch|p1b: Houndstone|Houndstone, L50, M|75\/100\n|-damage|p1b: Houndstone|63\/100|[from] Stealth Rock\n|turn|19\n|\n|t:|1700174652\n|switch|p2b: Grimmsnarl|Grimmsnarl, L50, M|77\/100 par\n|switch|p2a: Landorus|Landorus-Therian, L50, M|65\/100 par\n|-ability|p2a: Landorus|Intimidate|boost\n|-unboost|p1a: Sandaconda|atk|1\n|-unboost|p1b: Houndstone|atk|1\n|move|p1b: Houndstone|Last Respects|p2b: Grimmsnarl\n|-resisted|p2b: Grimmsnarl\n|-damage|p2b: Grimmsnarl|57\/100 par\n|move|p1a: Sandaconda|Rock Slide|p2b: Grimmsnarl|[spread] p2a,p2b\n|-damage|p2a: Landorus|62\/100 par\n|-damage|p2b: Grimmsnarl|55\/100 par\n|\n|-heal|p2a: Landorus|68\/100 par|[from] item: Leftovers\n|-damage|p1a: Sandaconda|21\/100 brn|[from] brn\n|upkeep\n|turn|20\n|inactive|dgjjffdfc no longer wants the timer on, but the timer is staying on because sucresalih still does.\n|\n|t:|1700174674\n|move|p2b: Grimmsnarl|Parting Shot|p1b: Houndstone\n|-unboost|p1b: Houndstone|atk|1\n|-unboost|p1b: Houndstone|spa|1\n|\n|t:|1700174678\n|switch|p2b: Amoonguss|Amoonguss, L50, F|100\/100 par|[from] Parting Shot\n|move|p1b: Houndstone|Last Respects|p2b: Amoonguss\n|-damage|p2b: Amoonguss|61\/100 par\n|move|p1a: Sandaconda|Rock Slide|p2b: Amoonguss|[spread] p2a,p2b\n|-damage|p2a: Landorus|66\/100 par\n|-damage|p2b: Amoonguss|58\/100 par\n|move|p2a: Landorus|Rest|p2a: Landorus\n|-status|p2a: Landorus|slp|[from] move: Rest\n|-heal|p2a: Landorus|100\/100 slp|[silent]\n|\n|-damage|p1a: Sandaconda|14\/100 brn|[from] brn\n|upkeep\n|turn|21\n|inactive|dgjjffdfc has 30 seconds left.\n|inactive|dgjjffdfc has 20 seconds left.\n|c|\u2606Sucre Salih|ok your stall team is much better haha\n|\n|t:|1700174698\n|switch|p2b: Grimmsnarl|Grimmsnarl, L50, M|55\/100 par\n|cant|p2a: Landorus|slp\n|move|p1b: Houndstone|Last Respects|p2b: Grimmsnarl\n|-resisted|p2b: Grimmsnarl\n|-damage|p2b: Grimmsnarl|41\/100 par\n|move|p1a: Sandaconda|Rock Slide|p2b: Grimmsnarl|[spread] p2b\n|-miss|p1a: Sandaconda|p2a: Landorus\n|-damage|p2b: Grimmsnarl|38\/100 par\n|\n|-damage|p1a: Sandaconda|8\/100 brn|[from] brn\n|upkeep\n|turn|22\n|inactive|dgjjffdfc has 20 seconds left this turn.\n|inactive|dgjjffdfc has 15 seconds left.\n|\n|t:|1700174716\n|move|p2b: Grimmsnarl|Parting Shot|p1b: Houndstone\n|-unboost|p1b: Houndstone|atk|1\n|-unboost|p1b: Houndstone|spa|1\n|inactive|dgjjffdfc has 15 seconds left this turn.\n|\n|t:|1700174719\n|switch|p2b: Amoonguss|Amoonguss, L50, F|91\/100 par|[from] Parting Shot\n|move|p1b: Houndstone|Ice Fang|p2a: Landorus\n|-supereffective|p2a: Landorus\n|-damage|p2a: Landorus|66\/100 slp\n|cant|p2a: Landorus|slp\n|move|p1a: Sandaconda|Rock Slide|p2a: Landorus|[spread] p2a,p2b\n|-damage|p2a: Landorus|63\/100 slp\n|-damage|p2b: Amoonguss|88\/100 par\n|\n|-heal|p2a: Landorus|69\/100 slp|[from] item: Leftovers\n|-damage|p1a: Sandaconda|2\/100 brn|[from] brn\n|upkeep\n|turn|23\n|inactive|dgjjffdfc has 15 seconds left this turn.\n|\n|t:|1700174735\n|switch|p2a: Dusclops|Dusclops, L50, F|59\/100 par\n|-ability|p2a: Dusclops|Pressure\n|switch|p2b: Grimmsnarl|Grimmsnarl, L50, M|38\/100 par\n|move|p1a: Sandaconda|Protect|p1a: Sandaconda\n|-singleturn|p1a: Sandaconda|Protect\n|move|p1b: Houndstone|Ice Fang|p2a: Dusclops\n|-damage|p2a: Dusclops|53\/100 par\n|\n|-damage|p1a: Sandaconda|0 fnt|[from] brn\n|faint|p1a: Sandaconda\n|upkeep\n|turn|24\n|inactive|dgjjffdfc has 15 seconds left this turn.\n|inactive|Sucre Salih has 30 seconds left.\n|\n|t:|1700174749\n|switch|p2b: Landorus|Landorus-Therian, L50, M|69\/100 slp\n|-ability|p2b: Landorus|Intimidate|boost\n|-unboost|p1b: Houndstone|atk|1\n|switch|p2a: Amoonguss|Amoonguss, L50, F|100\/100 par\n|move|p1b: Houndstone|Last Respects|p2a: Amoonguss\n|-damage|p2a: Amoonguss|67\/100 par\n|\n|-heal|p2b: Landorus|75\/100 slp|[from] item: Leftovers\n|upkeep\n|turn|25\n|inactive|Sucre Salih has 30 seconds left this turn.\n|inactive|dgjjffdfc has 15 seconds left this turn.\n|inactive|dgjjffdfc has 10 seconds left.\n|c|\u2606Sucre Salih|ggwp\n|inactive|Sucre Salih has 20 seconds left.\n|-message|Sucre Salih forfeited.\n|\n|win|dgjjffdfc\n|inactive|Sucre Salih has 20 seconds left this turn.\n|inactive|dgjjffdfc has 10 seconds left this turn.\n|raw|Sucre Salih's rating: 1094 &rarr; <strong>1064<\/strong><br \/>(-30 for losing)\n|raw|dgjjffdfc's rating: 1000 &rarr; <strong>1051<\/strong><br \/>(+51 for winning)\n|l|\u2606Sucre Salih\n","uploadtime":1700174766,"views":10,"p1id":"sucresalih","p2id":"dgjjffdfc","formatid":"gen9vgc2023regulatione","rating":1051,"private":0,"password":""}