{"id":"gen9vgc2023regulatione-1998647375","p1":"linmou","p2":"That_Leek","format":"[Gen 9] VGC 2023 Regulation E","log":"|j|\u2606linmou\n|j|\u2606That_Leek\n|t:|1700967245\n|gametype|doubles\n|player|p1|linmou|veteranf|1500\n|player|p2|That_Leek|blue|1553\n|teamsize|p1|6\n|teamsize|p2|6\n|gen|9\n|tier|[Gen 9] VGC 2023 Regulation E\n|rated|\n|rule|Species Clause: Limit one of each Pok\u00e9mon\n|rule|Item Clause: Limit one of each item\n|clearpoke\n|poke|p1|Gholdengo, L50|\n|poke|p1|Arcanine-Hisui, L50, F|\n|poke|p1|Iron Hands, L50|\n|poke|p1|Urshifu-*, L50, M|\n|poke|p1|Tornadus, L50, M|\n|poke|p1|Ogerpon-Wellspring, L50, F|\n|poke|p2|Gholdengo, L50|\n|poke|p2|Ogerpon-Wellspring, L50, F|\n|poke|p2|Arcanine-Hisui, L50, M|\n|poke|p2|Chien-Pao, L50|\n|poke|p2|Scream Tail, L50|\n|poke|p2|Dragonite, L50, M|\n|teampreview|4\n|inactive|Battle timer is ON: inactive players will automatically lose when time's up. (requested by linmou)\nThat_Leek has agreed to open team sheets.\n|\n|t:|1700967267\n|start\n|switch|p1a: Gholdengo|Gholdengo, L50, shiny|100\/100\n|switch|p1b: Arcanine|Arcanine-Hisui, L50, F|100\/100\n|switch|p2a: Ogerpon|Ogerpon-Wellspring, L50, F|100\/100\n|switch|p2b: Dragonite|Dragonite, L50, M|100\/100\n|-ability|p1b: Arcanine|Intimidate|boost\n|-unboost|p2a: Ogerpon|atk|1\n|-fail|p2b: Dragonite|unboost|Attack|[from] ability: Inner Focus|[of] p2b: Dragonite\n|turn|1\n|\n|t:|1700967279\n|switch|p1b: Iron Hands|Iron Hands, L50, shiny|100\/100\n|move|p2a: Ogerpon|Ivy Cudgel|p1a: Gholdengo|[anim] Ivy Cudgel Water\n|-crit|p1a: Gholdengo\n|-damage|p1a: Gholdengo|29\/100\n|move|p1a: Gholdengo|Nasty Plot|p1a: Gholdengo\n|-boost|p1a: Gholdengo|spa|2\n|move|p2b: Dragonite|Stomping Tantrum|p1b: Iron Hands\n|-supereffective|p1b: Iron Hands\n|-damage|p1b: Iron Hands|66\/100\n|\n|-heal|p1a: Gholdengo|35\/100|[from] item: Leftovers\n|upkeep\n|turn|2\n|inactive|linmou has 30 seconds left.\n|inactive|That_Leek has 30 seconds left.\n|inactive|That_Leek has 20 seconds left.\n|\n|t:|1700967319\n|move|p1a: Gholdengo|Protect|p1a: Gholdengo\n|-singleturn|p1a: Gholdengo|Protect\n|move|p2a: Ogerpon|Ivy Cudgel|p1a: Gholdengo|[anim] Ivy Cudgel Water\n|-activate|p1a: Gholdengo|move: Protect\n|move|p2b: Dragonite|Stomping Tantrum|p1a: Gholdengo\n|-activate|p1a: Gholdengo|move: Protect\n|move|p1b: Iron Hands|Drain Punch|p2a: Ogerpon\n|-damage|p2a: Ogerpon|61\/100\n|-heal|p1b: Iron Hands|82\/100|[from] drain|[of] p2a: Ogerpon\n|\n|-heal|p1a: Gholdengo|41\/100|[from] item: Leftovers\n|upkeep\n|turn|3\n|j| NEO004\n|\n|t:|1700967335\n|switch|p1a: Ogerpon|Ogerpon-Wellspring, L50, F|100\/100\n|move|p2a: Ogerpon|Ivy Cudgel|p1a: Ogerpon|[anim] Ivy Cudgel Water\n|-immune|p1a: Ogerpon|[from] ability: Water Absorb\n|move|p2b: Dragonite|Stomping Tantrum|p1a: Ogerpon\n|-resisted|p1a: Ogerpon\n|-damage|p1a: Ogerpon|87\/100\n|move|p1b: Iron Hands|Drain Punch|p2a: Ogerpon\n|-damage|p2a: Ogerpon|24\/100\n|-heal|p1b: Iron Hands|96\/100|[from] drain|[of] p2a: Ogerpon\n|\n|upkeep\n|turn|4\n|inactive|That_Leek has 30 seconds left.\n|inactive|That_Leek has 20 seconds left.\n|inactive|That_Leek has 15 seconds left.\n|\n|t:|1700967375\n|switch|p2b: Arcanine|Arcanine-Hisui, L50, M|100\/100\n|-ability|p2b: Arcanine|Intimidate|boost\n|-unboost|p1a: Ogerpon|atk|1\n|-unboost|p1b: Iron Hands|atk|1\n|move|p1a: Ogerpon|Ivy Cudgel|p2b: Arcanine|[anim] Ivy Cudgel Water\n|-supereffective|p2b: Arcanine\n|-damage|p2b: Arcanine|0 fnt\n|faint|p2b: Arcanine\n|move|p2a: Ogerpon|Horn Leech|p1a: Ogerpon\n|-damage|p1a: Ogerpon|58\/100\n|-heal|p2a: Ogerpon|38\/100|[from] drain|[of] p1a: Ogerpon\n|move|p1b: Iron Hands|Drain Punch|p2a: Ogerpon\n|-damage|p2a: Ogerpon|15\/100\n|-heal|p1b: Iron Hands|100\/100|[from] drain|[of] p2a: Ogerpon\n|\n|upkeep\n|inactive|That_Leek has 30 seconds left.\n|\n|t:|1700967402\n|switch|p2b: Dragonite|Dragonite, L50, M|100\/100\n|turn|5\n|inactive|linmou has 30 seconds left.\n|\n|t:|1700967431\n|move|p1a: Ogerpon|Power Whip|p2a: Ogerpon\n|-damage|p2a: Ogerpon|0 fnt\n|faint|p2a: Ogerpon\n|move|p2b: Dragonite|Stomping Tantrum|p1b: Iron Hands\n|-supereffective|p1b: Iron Hands\n|-damage|p1b: Iron Hands|65\/100\n|move|p1b: Iron Hands|Drain Punch|p2b: Dragonite\n|-resisted|p2b: Dragonite\n|-damage|p2b: Dragonite|90\/100\n|-heal|p1b: Iron Hands|69\/100|[from] drain|[of] p2b: Dragonite\n|\n|upkeep\n|\n|t:|1700967444\n|switch|p2a: Chien-Pao|Chien-Pao, L50|100\/100\n|-ability|p2a: Chien-Pao|Sword of Ruin\n|turn|6\n|\n|t:|1700967450\n|switch|p1a: Arcanine|Arcanine-Hisui, L50, F|100\/100\n|-ability|p1a: Arcanine|Intimidate|boost\n|-unboost|p2a: Chien-Pao|atk|1\n|-fail|p2b: Dragonite|unboost|Attack|[from] ability: Inner Focus|[of] p2b: Dragonite\n|-end|p1b: Iron Hands|Quark Drive|[silent]\n|switch|p1b: Gholdengo|Gholdengo, L50, shiny|41\/100\n|move|p2a: Chien-Pao|Protect|p2a: Chien-Pao\n|-singleturn|p2a: Chien-Pao|Protect\n|move|p2b: Dragonite|Stomping Tantrum|p1b: Gholdengo\n|-supereffective|p1b: Gholdengo\n|-damage|p1b: Gholdengo|0 fnt\n|faint|p1b: Gholdengo\n|\n|upkeep\n|\n|t:|1700967464\n|switch|p1b: Iron Hands|Iron Hands, L50, shiny|69\/100\n|turn|7\n|\n|t:|1700967479\n|-terastallize|p2a: Chien-Pao|Ghost\n|-terastallize|p1a: Arcanine|Fairy\n|move|p1b: Iron Hands|Fake Out|p2a: Chien-Pao\n|-immune|p2a: Chien-Pao\n|move|p2a: Chien-Pao|Sacred Sword|p1b: Iron Hands\n|-damage|p1b: Iron Hands|52\/100\n|move|p1a: Arcanine|Flare Blitz|p2a: Chien-Pao\n|-enditem|p2a: Chien-Pao|Focus Sash\n|-damage|p2a: Chien-Pao|1\/100\n|-damage|p1a: Arcanine|73\/100|[from] Recoil\n|move|p2b: Dragonite|Stomping Tantrum|p1a: Arcanine\n|-damage|p1a: Arcanine|35\/100\n|\n|upkeep\n|turn|8\n|inactive|linmou has 30 seconds left.\n|\n|t:|1700967504\n|move|p2a: Chien-Pao|Protect|p2a: Chien-Pao\n|-singleturn|p2a: Chien-Pao|Protect\n|move|p1a: Arcanine|Flare Blitz|p2b: Dragonite\n|-resisted|p2b: Dragonite\n|-damage|p2b: Dragonite|37\/100\n|-damage|p1a: Arcanine|16\/100|[from] Recoil\n|move|p2b: Dragonite|Stomping Tantrum|p1b: Iron Hands\n|-supereffective|p1b: Iron Hands\n|-damage|p1b: Iron Hands|5\/100\n|move|p1b: Iron Hands|Heavy Slam|p2a: Chien-Pao\n|-activate|p2a: Chien-Pao|move: Protect\n|\n|upkeep\n|turn|9\n|\n|t:|1700967528\n|-end|p1b: Iron Hands|Quark Drive|[silent]\n|switch|p1b: Ogerpon|Ogerpon-Wellspring, L50, F|58\/100\n|move|p2b: Dragonite|Extreme Speed|p1b: Ogerpon\n|-damage|p1b: Ogerpon|22\/100\n|move|p2a: Chien-Pao|Ice Spinner|p1a: Arcanine\n|-damage|p1a: Arcanine|0 fnt\n|faint|p1a: Arcanine\n|\n|upkeep\n|\n|t:|1700967537\n|switch|p1a: Iron Hands|Iron Hands, L50, shiny|5\/100\n|turn|10\n|\n|t:|1700967550\n|move|p1a: Iron Hands|Fake Out|p2b: Dragonite\n|-damage|p2b: Dragonite|22\/100\n|move|p2b: Dragonite|Extreme Speed|p1b: Ogerpon\n|-damage|p1b: Ogerpon|0 fnt\n|faint|p1b: Ogerpon\n|move|p2a: Chien-Pao|Sacred Sword|p1a: Iron Hands\n|-damage|p1a: Iron Hands|0 fnt\n|faint|p1a: Iron Hands\n|-end|p1a: Iron Hands|Quark Drive|[silent]\n|\n|win|That_Leek\n|raw|linmou's rating: 1500 &rarr; <strong>1485<\/strong><br \/>(-15 for losing)\n|raw|That_Leek's rating: 1582 &rarr; <strong>1597<\/strong><br \/>(+15 for winning)\n|l|\u2606linmou\n","uploadtime":1700967557,"views":2,"p1id":"linmou","p2id":"thatleek","formatid":"gen9vgc2023regulatione","rating":1485,"private":0,"password":""}