{"id":"gen9vgc2023regulatione-1998252915","p1":"squigsquag","p2":"Peregrine23","format":"[Gen 9] VGC 2023 Regulation E","log":"|j|\u2606squigsquag\n|j|\u2606Peregrine23\n|t:|1700920235\n|gametype|doubles\n|player|p1|squigsquag|265|1095\n|player|p2|Peregrine23|2|1000\n|teamsize|p1|6\n|teamsize|p2|6\n|gen|9\n|tier|[Gen 9] VGC 2023 Regulation E\n|rated|\n|rule|Species Clause: Limit one of each Pok\u00e9mon\n|rule|Item Clause: Limit one of each item\n|clearpoke\n|poke|p1|Iron Bundle, L50|\n|poke|p1|Hawlucha, L50, F|\n|poke|p1|Garganacl, L50, F|\n|poke|p1|Sinistcha-Masterpiece, L50|\n|poke|p1|Toxapex, L50, F|\n|poke|p1|Goodra-Hisui, L50, M|\n|poke|p2|Breloom, L50, F|\n|poke|p2|Flutter Mane, L50|\n|poke|p2|Ogerpon-Wellspring, L50, F|\n|poke|p2|Landorus-Therian, L50, M|\n|poke|p2|Chi-Yu, L50|\n|poke|p2|Farigiraf, L50, M|\n|teampreview|4\n|\n|t:|1700920267\n|start\n|switch|p1a: Toxapex|Toxapex, L50, F|100\/100\n|switch|p1b: Goodra|Goodra-Hisui, L50, M|100\/100\n|switch|p2a: Breloom|Breloom, L50, F, shiny|100\/100\n|switch|p2b: Flutter Mane|Flutter Mane, L50, shiny|100\/100\n|-enditem|p2b: Flutter Mane|Booster Energy\n|-activate|p2b: Flutter Mane|ability: Protosynthesis|[fromitem]\n|-start|p2b: Flutter Mane|protosynthesisspe\n|turn|1\n|\n|t:|1700920300\n|move|p2b: Flutter Mane|Protect|p2b: Flutter Mane\n|-singleturn|p2b: Flutter Mane|Protect\n|move|p2a: Breloom|Spore|p1b: Goodra\n|-ability|p1b: Goodra|Sap Sipper|boost\n|-boost|p1b: Goodra|atk|1\n|move|p1b: Goodra|Heavy Slam|p2b: Flutter Mane\n|-activate|p2b: Flutter Mane|move: Protect\n|move|p1a: Toxapex|Infestation|p2a: Breloom\n|-damage|p2a: Breloom|94\/100\n|-activate|p2a: Breloom|move: Infestation|[of] p1a: Toxapex\n|\n|-damage|p2a: Breloom|78\/100|[from] move: Infestation|[partiallytrapped]\n|upkeep\n|turn|2\n|\n|t:|1700920320\n|move|p1a: Toxapex|Baneful Bunker|p1a: Toxapex\n|-singleturn|p1a: Toxapex|move: Protect\n|move|p2b: Flutter Mane|Shadow Ball|p1b: Goodra\n|-damage|p1b: Goodra|78\/100\n|move|p2a: Breloom|Bullet Seed|p1a: Toxapex\n|-activate|p1a: Toxapex|move: Protect\n|move|p1b: Goodra|Acid Armor|p1b: Goodra\n|-boost|p1b: Goodra|def|2\n|\n|-heal|p1b: Goodra|84\/100|[from] item: Leftovers\n|-damage|p2a: Breloom|61\/100|[from] move: Infestation|[partiallytrapped]\n|upkeep\n|turn|3\n|\n|t:|1700920346\n|move|p2b: Flutter Mane|Shadow Ball|p1b: Goodra\n|-damage|p1b: Goodra|61\/100\n|move|p2a: Breloom|Bullet Seed|p1a: Toxapex\n|-damage|p1a: Toxapex|88\/100\n|-crit|p1a: Toxapex\n|-damage|p1a: Toxapex|69\/100\n|-damage|p1a: Toxapex|56\/100\n|-damage|p1a: Toxapex|44\/100\n|-hitcount|p1a: Toxapex|4\n|move|p1b: Goodra|Acid Armor|p1b: Goodra\n|-boost|p1b: Goodra|def|2\n|move|p1a: Toxapex|Infestation|p2b: Flutter Mane\n|-resisted|p2b: Flutter Mane\n|-damage|p2b: Flutter Mane|99\/100\n|-activate|p2b: Flutter Mane|move: Infestation|[of] p1a: Toxapex\n|\n|-heal|p1b: Goodra|67\/100|[from] item: Leftovers\n|-damage|p2b: Flutter Mane|84\/100|[from] move: Infestation|[partiallytrapped]\n|-damage|p2a: Breloom|45\/100|[from] move: Infestation|[partiallytrapped]\n|upkeep\n|turn|4\n|\n|t:|1700920382\n|move|p1a: Toxapex|Baneful Bunker|p1a: Toxapex\n|-singleturn|p1a: Toxapex|move: Protect\n|move|p2b: Flutter Mane|Moonblast|p1a: Toxapex\n|-activate|p1a: Toxapex|move: Protect\n|move|p2a: Breloom|Bullet Seed|p1a: Toxapex\n|-activate|p1a: Toxapex|move: Protect\n|move|p1b: Goodra|Life Dew|p1b: Goodra|[spread] p1a,p1b\n|-heal|p1a: Toxapex|69\/100\n|-heal|p1b: Goodra|92\/100\n|\n|-heal|p1b: Goodra|98\/100|[from] item: Leftovers\n|-damage|p2b: Flutter Mane|67\/100|[from] move: Infestation|[partiallytrapped]\n|-damage|p2a: Breloom|29\/100|[from] move: Infestation|[partiallytrapped]\n|upkeep\n|turn|5\n|\n|t:|1700920408\n|move|p2b: Flutter Mane|Moonblast|p1a: Toxapex\n|-resisted|p1a: Toxapex\n|-damage|p1a: Toxapex|46\/100\n|-unboost|p1a: Toxapex|spa|1\n|move|p2a: Breloom|Bullet Seed|p1a: Toxapex\n|-damage|p1a: Toxapex|34\/100\n|-damage|p1a: Toxapex|22\/100\n|-damage|p1a: Toxapex|9\/100\n|-damage|p1a: Toxapex|0 fnt\n|faint|p1a: Toxapex\n|-hitcount|p1: Toxapex|4\n|move|p1b: Goodra|Heavy Slam|p2b: Flutter Mane\n|-supereffective|p2b: Flutter Mane\n|-damage|p2b: Flutter Mane|0 fnt\n|faint|p2b: Flutter Mane\n|-end|p2b: Flutter Mane|Protosynthesis|[silent]\n|\n|-heal|p1b: Goodra|100\/100|[from] item: Leftovers\n|-end|p2a: Breloom|Infestation|[partiallytrapped]\n|upkeep\n|\n|t:|1700920430\n|switch|p2b: Landorus|Landorus-Therian, L50, M|100\/100\n|switch|p1a: Hawlucha|Hawlucha, L50, F|100\/100\n|-ability|p2b: Landorus|Intimidate|boost\n|-unboost|p1a: Hawlucha|atk|1\n|-unboost|p1b: Goodra|atk|1\n|turn|6\n|inactive|Battle timer is ON: inactive players will automatically lose when time's up. (requested by Peregrine23)\n|\n|t:|1700920470\n|-terastallize|p1b: Goodra|Water\n|move|p1a: Hawlucha|Acrobatics|p2a: Breloom\n|-supereffective|p2a: Breloom\n|-damage|p2a: Breloom|0 fnt\n|faint|p2a: Breloom\n|move|p2b: Landorus|Fissure|p1b: Goodra|[miss]\n|-miss|p2b: Landorus|p1b: Goodra\n|move|p1b: Goodra|Acid Armor|p1b: Goodra\n|-boost|p1b: Goodra|def|2\n|\n|upkeep\n|\n|t:|1700920480\n|switch|p2a: Farigiraf|Farigiraf, L50, M, shiny|100\/100\n|turn|7\n|\n|t:|1700920495\n|move|p2a: Farigiraf|Helping Hand|p2b: Landorus\n|-singleturn|p2b: Landorus|Helping Hand|[of] p2a: Farigiraf\n|move|p1a: Hawlucha|Acrobatics|p2b: Landorus\n|-damage|p2b: Landorus|80\/100\n|move|p2b: Landorus|Stomping Tantrum|p1b: Goodra\n|-damage|p1b: Goodra|69\/100\n|move|p1b: Goodra|Body Press|p2b: Landorus\n|-resisted|p2b: Landorus\n|-damage|p2b: Landorus|39\/100\n|\n|-heal|p1b: Goodra|75\/100|[from] item: Leftovers\n|upkeep\n|turn|8\n|\n|t:|1700920519\n|move|p1a: Hawlucha|Swords Dance|p1a: Hawlucha\n|-boost|p1a: Hawlucha|atk|2\n|move|p2b: Landorus|Fissure|p1b: Goodra|[miss]\n|-miss|p2b: Landorus|p1b: Goodra\n|move|p1b: Goodra|Life Dew||[still]|[spread] p1a,p1b\n|-fail|p1a: Hawlucha|heal\n|-heal|p1b: Goodra|100\/100\n|move|p2a: Farigiraf|Skill Swap|p1b: Goodra\n|-activate|p2a: Farigiraf|move: Skill Swap|Sap Sipper|Armor Tail|[of] p1b: Goodra\n|\n|upkeep\n|turn|9\n|inactive|Peregrine23 has 30 seconds left.\n|inactive|Peregrine23 has 20 seconds left.\n|\n|t:|1700920555\n|move|p1a: Hawlucha|Acrobatics|p2b: Landorus\n|-damage|p2b: Landorus|0 fnt\n|faint|p2b: Landorus\n|move|p1b: Goodra|Body Press|p2a: Farigiraf\n|-crit|p2a: Farigiraf\n|-damage|p2a: Farigiraf|0 fnt\n|faint|p2a: Farigiraf\n|\n|win|squigsquag\n|raw|squigsquag's rating: 1095 &rarr; <strong>1114<\/strong><br \/>(+19 for winning)\n|raw|Peregrine23's rating: 1000 &rarr; <strong>1000<\/strong><br \/>(+0 for losing)\n|l|\u2606Peregrine23\n","uploadtime":1700920575,"views":0,"p1id":"squigsquag","p2id":"peregrine23","formatid":"gen9vgc2023regulatione","rating":1000,"private":0,"password":""}