{"id":"gen9vgc2023regulatione-1992737719","p1":"codio409","p2":"5hnyrtbbtr","format":"[Gen 9] VGC 2023 Regulation E","log":"|j|\u2606codio409\n|j|\u26065hnyrtbbtr\n|t:|1700230761\n|gametype|doubles\n|player|p1|codio409|102|1041\n|player|p2|5hnyrtbbtr|265|1000\n|teamsize|p1|6\n|teamsize|p2|6\n|gen|9\n|tier|[Gen 9] VGC 2023 Regulation E\n|rated|\n|rule|Species Clause: Limit one of each Pok\u00e9mon\n|rule|Item Clause: Limit one of each item\n|clearpoke\n|poke|p1|Annihilape, L50, F|\n|poke|p1|Talonflame, L50, F|\n|poke|p1|Landorus-Therian, L50, M|\n|poke|p1|Mimikyu, L50, F|\n|poke|p1|Chien-Pao, L50|\n|poke|p1|Flutter Mane, L50|\n|poke|p2|Regieleki, L50|\n|poke|p2|Chien-Pao, L50|\n|poke|p2|Dusclops, L50, F|\n|poke|p2|Ursaluna-Bloodmoon, L50, M|\n|poke|p2|Sinistcha, L50|\n|poke|p2|Iron Hands, L50|\n|teampreview|4\n|inactive|Battle timer is ON: inactive players will automatically lose when time's up. (requested by codio409)\n|\n|t:|1700230795\n|start\n|switch|p1a: Annihilape|Annihilape, L50, F|100\/100\n|switch|p1b: Chien-Pao|Chien-Pao, L50|100\/100\n|switch|p2a: Regieleki|Regieleki, L50|100\/100\n|switch|p2b: Dusclops|Dusclops, L50, F|100\/100\n|-ability|p1b: Chien-Pao|Sword of Ruin\n|-ability|p2b: Dusclops|Pressure\n|turn|1\n|inactive|codio409 has 30 seconds left.\n|\n|t:|1700230826\n|move|p2a: Regieleki|Wild Charge|p1a: Annihilape\n|-damage|p1a: Annihilape|0 fnt\n|faint|p1a: Annihilape\n|-damage|p2a: Regieleki|67\/100|[from] Recoil\n|move|p1b: Chien-Pao|Sacred Sword|p2a: Regieleki\n|-damage|p2a: Regieleki|0 fnt\n|faint|p2a: Regieleki\n|move|p2b: Dusclops|Trick Room|p2b: Dusclops\n|-fieldstart|move: Trick Room|[of] p2b: Dusclops\n|\n|upkeep\n|\n|t:|1700230839\n|switch|p1a: Landorus|Landorus-Therian, L50, M|100\/100\n|switch|p2a: Ursaluna|Ursaluna-Bloodmoon, L50, M|100\/100\n|-ability|p1a: Landorus|Intimidate|boost\n|-unboost|p2a: Ursaluna|atk|1\n|-unboost|p2b: Dusclops|atk|1\n|turn|2\n|\n|t:|1700230859\n|-terastallize|p1a: Landorus|Flying\n|move|p1b: Chien-Pao|Sucker Punch|p2b: Dusclops\n|-supereffective|p2b: Dusclops\n|-damage|p2b: Dusclops|33\/100\n|move|p2b: Dusclops|Brick Break|p1b: Chien-Pao\n|-supereffective|p1b: Chien-Pao\n|-damage|p1b: Chien-Pao|46\/100\n|move|p2a: Ursaluna|Hyper Voice|p1b: Chien-Pao|[spread] p1a,p1b\n|-damage|p1a: Landorus|62\/100\n|-damage|p1b: Chien-Pao|0 fnt\n|faint|p1b: Chien-Pao\n|move|p1a: Landorus|Tera Blast|p2a: Ursaluna|[anim] Tera Blast Flying\n|-damage|p2a: Ursaluna|31\/100\n|\n|upkeep\n|\n|t:|1700230877\n|switch|p1b: Flutter Mane|Flutter Mane, L50|100\/100\n|turn|3\n|\n|t:|1700230894\n|move|p2b: Dusclops|Brick Break|p2a: Ursaluna\n|-supereffective|p2a: Ursaluna\n|-damage|p2a: Ursaluna|18\/100\n|-enditem|p2a: Ursaluna|Weakness Policy\n|-boost|p2a: Ursaluna|atk|2|[from] item: Weakness Policy\n|-boost|p2a: Ursaluna|spa|2|[from] item: Weakness Policy\n|move|p2a: Ursaluna|Hyper Voice|p1a: Landorus|[spread] p1a,p1b\n|-damage|p1a: Landorus|0 fnt\n|-damage|p1b: Flutter Mane|27\/100\n|faint|p1a: Landorus\n|move|p1b: Flutter Mane|Dazzling Gleam|p2a: Ursaluna|[spread] p2a,p2b\n|-damage|p2a: Ursaluna|0 fnt\n|-damage|p2b: Dusclops|13\/100\n|faint|p2a: Ursaluna\n|\n|upkeep\n|\n|t:|1700230904\n|switch|p2a: Iron Hands|Iron Hands, L50|100\/100\n|turn|4\n|\n|t:|1700230912\n|move|p1b: Flutter Mane|Protect|p1b: Flutter Mane\n|-singleturn|p1b: Flutter Mane|Protect\n|move|p2b: Dusclops|Pain Split|p2a: Iron Hands\n|-sethp|p2a: Iron Hands|53\/100|[from] move: Pain Split|[silent]\n|-sethp|p2b: Dusclops|100\/100|[from] move: Pain Split\n|move|p2a: Iron Hands|Wild Charge|p1b: Flutter Mane\n|-activate|p1b: Flutter Mane|move: Protect\n|\n|upkeep\n|turn|5\n|\n|t:|1700230922\n|move|p1b: Flutter Mane|Protect|p1b: Flutter Mane\n|-singleturn|p1b: Flutter Mane|Protect\n|move|p2b: Dusclops|Will-O-Wisp|p1b: Flutter Mane\n|-activate|p1b: Flutter Mane|move: Protect\n|move|p2a: Iron Hands|Wild Charge|p1b: Flutter Mane\n|-activate|p1b: Flutter Mane|move: Protect\n|\n|-fieldend|move: Trick Room\n|upkeep\n|turn|6\n|\n|t:|1700230936\n|move|p1b: Flutter Mane|Moonblast|p2a: Iron Hands\n|-supereffective|p2a: Iron Hands\n|-damage|p2a: Iron Hands|2\/100\n|move|p2a: Iron Hands|Wild Charge|p1b: Flutter Mane\n|-damage|p1b: Flutter Mane|0 fnt\n|faint|p1b: Flutter Mane\n|-end|p1b: Flutter Mane|Protosynthesis|[silent]\n|-damage|p2a: Iron Hands|0 fnt|[from] Recoil\n|faint|p2a: Iron Hands\n|-end|p2a: Iron Hands|Quark Drive|[silent]\n|\n|win|5hnyrtbbtr\n|raw|codio409's rating: 1041 &rarr; <strong>1023<\/strong><br \/>(-18 for losing)\n|raw|5hnyrtbbtr's rating: 1000 &rarr; <strong>1045<\/strong><br \/>(+45 for winning)\n|l|\u2606codio409\n","uploadtime":1700230948,"views":24,"p1id":"codio409","p2id":"5hnyrtbbtr","formatid":"gen9vgc2023regulatione","rating":1023,"private":0,"password":""}