{"id":"gen9vgc2023regulatione-1990668203","p1":"hallo815","p2":"hysaaron","format":"[Gen 9] VGC 2023 Regulation E","log":"|j|\u2606hallo815\n|j|\u2606hysaaron\n|t:|1699990222\n|gametype|doubles\n|player|p1|hallo815|hexmaniac-gen6|1200\n|player|p2|hysaaron|170|1190\n|teamsize|p1|6\n|teamsize|p2|6\n|gen|9\n|tier|[Gen 9] VGC 2023 Regulation E\n|rated|\n|rule|Species Clause: Limit one of each Pok\u00e9mon\n|rule|Item Clause: Limit one of each item\n|clearpoke\n|poke|p1|Heatran, L50, F|\n|poke|p1|Iron Hands, L50|\n|poke|p1|Gastrodon, L50, F|\n|poke|p1|Tornadus, L50, M|\n|poke|p1|Rillaboom, L50, M|\n|poke|p1|Ogerpon-Hearthflame, L50, F|\n|poke|p2|Pelipper, L50, F|\n|poke|p2|Gholdengo, L50|\n|poke|p2|Rillaboom, L50, M|\n|poke|p2|Iron Hands, L50|\n|poke|p2|Landorus-Therian, L50, M|\n|poke|p2|Sinistcha-Masterpiece, L50|\n|teampreview|4\n|inactive|Battle timer is ON: inactive players will automatically lose when time's up. (requested by hysaaron)\n|inactive|hallo815 has 60 seconds left.\n|inactive|hysaaron has 60 seconds left.\n|\n|t:|1699990268\n|start\n|switch|p1a: Iron Hands|Iron Hands, L50|100\/100\n|switch|p1b: Tornadus|Tornadus, L50, M|100\/100\n|switch|p2a: Iron Hands|Iron Hands, L50, shiny|100\/100\n|switch|p2b: Pelipper|Pelipper, L50, F, shiny|100\/100\n|-weather|RainDance|[from] ability: Drizzle|[of] p2b: Pelipper\n|turn|1\n|inactive|hysaaron has 30 seconds left.\n|\n|t:|1699990294\n|switch|p2b: Gholdengo|Gholdengo, L50|100\/100\n|move|p1a: Iron Hands|Fake Out|p2a: Iron Hands\n|-damage|p2a: Iron Hands|90\/100\n|cant|p2a: Iron Hands|flinch\n|move|p1b: Tornadus|Bleakwind Storm|p2b: Gholdengo|[spread] p2a,p2b\n|-resisted|p2b: Gholdengo\n|-damage|p2a: Iron Hands|70\/100\n|-damage|p2b: Gholdengo|80\/100\n|-unboost|p2b: Gholdengo|spe|1\n|\n|-weather|RainDance|[upkeep]\n|-heal|p2b: Gholdengo|86\/100|[from] item: Leftovers\n|upkeep\n|turn|2\n|inactive|hysaaron has 30 seconds left.\n|inactive|hysaaron has 20 seconds left.\n|inactive|hysaaron has 15 seconds left.\n|\n|t:|1699990336\n|switch|p1b: Ogerpon|Ogerpon-Hearthflame, L50, F|100\/100\n|-ability|p1b: Ogerpon|Mold Breaker\n|-end|p2a: Iron Hands|Quark Drive|[silent]\n|switch|p2a: Landorus|Landorus-Therian, L50, M, shiny|100\/100\n|-ability|p2a: Landorus|Intimidate|boost\n|-unboost|p1a: Iron Hands|atk|1\n|-unboost|p1b: Ogerpon|atk|1\n|move|p1a: Iron Hands|Wild Charge|p2b: Gholdengo\n|-damage|p2b: Gholdengo|50\/100\n|-damage|p1a: Iron Hands|94\/100|[from] Recoil\n|move|p2b: Gholdengo|Nasty Plot|p2b: Gholdengo\n|-boost|p2b: Gholdengo|spa|2\n|\n|-weather|RainDance|[upkeep]\n|-heal|p1a: Iron Hands|99\/100|[from] item: Leftovers\n|-heal|p2b: Gholdengo|56\/100|[from] item: Leftovers\n|upkeep\n|turn|3\n|inactive|hysaaron has 30 seconds left.\n|inactive|hysaaron has 20 seconds left.\n|inactive|hysaaron has 15 seconds left.\n|\n|t:|1699990376\n|-end|p1a: Iron Hands|Quark Drive|[silent]\n|switch|p1a: Tornadus|Tornadus, L50, M|100\/100\n|-terastallize|p2b: Gholdengo|Dragon\n|move|p1b: Ogerpon|Spiky Shield|p1b: Ogerpon\n|-singleturn|p1b: Ogerpon|move: Protect\n|move|p2a: Landorus|Stomping Tantrum|p1b: Ogerpon\n|-activate|p1b: Ogerpon|move: Protect\n|-damage|p2a: Landorus|88\/100|[from] Spiky Shield|[of] p1b: Ogerpon\n|move|p2b: Gholdengo|Make It Rain|p1a: Tornadus|[spread] p1a\n|-activate|p1b: Ogerpon|move: Protect\n|-damage|p1a: Tornadus|3\/100\n|-unboost|p2b: Gholdengo|spa|1\n|\n|-weather|RainDance|[upkeep]\n|-heal|p2b: Gholdengo|62\/100|[from] item: Leftovers\n|upkeep\n|turn|4\n|\n|t:|1699990400\n|move|p2b: Gholdengo|Protect|p2b: Gholdengo\n|-singleturn|p2b: Gholdengo|Protect\n|move|p1a: Tornadus|Sunny Day|p1a: Tornadus\n|-weather|SunnyDay\n|move|p2a: Landorus|Stomping Tantrum|p1b: Ogerpon\n|-damage|p1b: Ogerpon|48\/100\n|move|p1b: Ogerpon|Ivy Cudgel|p2a: Landorus|[anim] Ivy Cudgel Fire\n|-damage|p2a: Landorus|24\/100\n|\n|-weather|SunnyDay|[upkeep]\n|-heal|p2b: Gholdengo|69\/100|[from] item: Leftovers\n|upkeep\n|turn|5\n|inactive|hysaaron has 30 seconds left.\n|\n|t:|1699990432\n|switch|p2a: Pelipper|Pelipper, L50, F, shiny|100\/100\n|-weather|RainDance|[from] ability: Drizzle|[of] p2a: Pelipper\n|move|p1b: Ogerpon|Spiky Shield|p1b: Ogerpon\n|-singleturn|p1b: Ogerpon|move: Protect\n|move|p1a: Tornadus|Bleakwind Storm|p2b: Gholdengo|[spread] p2a,p2b\n|-crit|p2b: Gholdengo\n|-damage|p2a: Pelipper|45\/100\n|-damage|p2b: Gholdengo|4\/100\n|move|p2b: Gholdengo|Make It Rain|p1a: Tornadus|[spread] p1a\n|-activate|p1b: Ogerpon|move: Protect\n|-damage|p1a: Tornadus|0 fnt\n|-unboost|p2b: Gholdengo|spa|1\n|faint|p1a: Tornadus\n|\n|-weather|RainDance|[upkeep]\n|-heal|p2b: Gholdengo|10\/100|[from] item: Leftovers\n|upkeep\n|\n|t:|1699990454\n|switch|p1a: Iron Hands|Iron Hands, L50|99\/100\n|turn|6\n|inactive|hallo815 has 30 seconds left.\n|inactive|hysaaron has 30 seconds left.\n|\n|t:|1699990484\n|switch|p2a: Landorus|Landorus-Therian, L50, M, shiny|24\/100\n|-ability|p2a: Landorus|Intimidate|boost\n|-unboost|p1a: Iron Hands|atk|1\n|-unboost|p1b: Ogerpon|atk|1\n|-terastallize|p1b: Ogerpon|Fire\n|detailschange|p1b: Ogerpon|Ogerpon-Hearthflame-Tera, L50, F, tera:Fire\n|-ability|p1b: Ogerpon|Embody Aspect (Hearthflame)|boost\n|-boost|p1b: Ogerpon|atk|1\n|move|p2b: Gholdengo|Protect|p2b: Gholdengo\n|-singleturn|p2b: Gholdengo|Protect\n|move|p1a: Iron Hands|Fake Out|p2b: Gholdengo\n|-activate|p2b: Gholdengo|move: Protect\n|move|p1b: Ogerpon|Wood Hammer|p2a: Landorus\n|-damage|p2a: Landorus|0 fnt\n|faint|p2a: Landorus\n|-damage|p1b: Ogerpon|40\/100|[from] Recoil\n|\n|-weather|RainDance|[upkeep]\n|-heal|p1a: Iron Hands|100\/100|[from] item: Leftovers\n|-heal|p2b: Gholdengo|16\/100|[from] item: Leftovers\n|upkeep\n|\n|t:|1699990507\n|switch|p2a: Iron Hands|Iron Hands, L50, shiny|70\/100\n|turn|7\n|\n|t:|1699990523\n|move|p1b: Ogerpon|Spiky Shield|p1b: Ogerpon\n|-singleturn|p1b: Ogerpon|move: Protect\n|move|p2a: Iron Hands|Fake Out|p1b: Ogerpon\n|-activate|p1b: Ogerpon|move: Protect\n|-damage|p2a: Iron Hands|57\/100|[from] Spiky Shield|[of] p1b: Ogerpon\n|move|p1a: Iron Hands|Drain Punch|p2b: Gholdengo\n|-damage|p2b: Gholdengo|0 fnt\n|faint|p2b: Gholdengo\n|\n|-weather|RainDance|[upkeep]\n|upkeep\n|\n|t:|1699990535\n|switch|p2b: Pelipper|Pelipper, L50, F, shiny|45\/100\n|turn|8\n|\n|t:|1699990544\n|switch|p1b: Heatran|Heatran, L50, F|100\/100\n|move|p2b: Pelipper|Protect|p2b: Pelipper\n|-singleturn|p2b: Pelipper|Protect\n|move|p1a: Iron Hands|Wild Charge|p2b: Pelipper\n|-activate|p2b: Pelipper|move: Protect\n|move|p2a: Iron Hands|Drain Punch|p1b: Heatran\n|-supereffective|p1b: Heatran\n|-damage|p1b: Heatran|30\/100\n|-heal|p2a: Iron Hands|85\/100|[from] drain|[of] p1b: Heatran\n|\n|-weather|RainDance|[upkeep]\n|upkeep\n|turn|9\n|inactive|hallo815 has 30 seconds left.\n|inactive|hallo815 has 20 seconds left.\n|\n|t:|1699990582\n|move|p1b: Heatran|Earth Power|p2a: Iron Hands\n|-supereffective|p2a: Iron Hands\n|-damage|p2a: Iron Hands|51\/100\n|move|p2b: Pelipper|Weather Ball|p1b: Heatran\n|-supereffective|p1b: Heatran\n|-damage|p1b: Heatran|0 fnt\n|faint|p1b: Heatran\n|move|p1a: Iron Hands|Wild Charge|p2b: Pelipper\n|-supereffective|p2b: Pelipper\n|-damage|p2b: Pelipper|0 fnt\n|faint|p2b: Pelipper\n|-damage|p1a: Iron Hands|92\/100|[from] Recoil\n|move|p2a: Iron Hands|Drain Punch|p1a: Iron Hands\n|-damage|p1a: Iron Hands|63\/100\n|-heal|p2a: Iron Hands|66\/100|[from] drain|[of] p1a: Iron Hands\n|\n|-weather|RainDance|[upkeep]\n|-heal|p1a: Iron Hands|69\/100|[from] item: Leftovers\n|upkeep\n|\n|t:|1699990598\n|switch|p1b: Ogerpon|Ogerpon-Hearthflame-Tera, L50, F, tera:Fire|40\/100\n|-ability|p1b: Ogerpon|Embody Aspect (Hearthflame)|boost\n|-boost|p1b: Ogerpon|atk|1\n|turn|10\n|\n|t:|1699990608\n|move|p1b: Ogerpon|Wood Hammer|p2a: Iron Hands\n|-damage|p2a: Iron Hands|0 fnt\n|faint|p2a: Iron Hands\n|-end|p2a: Iron Hands|Quark Drive|[silent]\n|-damage|p1b: Ogerpon|8\/100|[from] Recoil\n|\n|win|hallo815\n|raw|hallo815's rating: 1200 &rarr; <strong>1224<\/strong><br \/>(+24 for winning)\n|raw|hysaaron's rating: 1190 &rarr; <strong>1166<\/strong><br \/>(-24 for losing)\n","uploadtime":1699990614,"views":8,"p1id":"hallo815","p2id":"hysaaron","formatid":"gen9vgc2023regulatione","rating":1166,"private":0,"password":""}