{"id":"gen9vgc2023regulatione-1997850204","p1":"Lithoriorm","p2":"Ertrsx","format":"[Gen 9] VGC 2023 Regulation E","log":"|j|\u2606Lithoriorm\n|j|\u203dErtrsx\n|t:|1700859573\n|gametype|doubles\n|player|p1|Lithoriorm|101|1296\n|player|p2|Ertrsx|2|1205\n|teamsize|p1|6\n|teamsize|p2|6\n|gen|9\n|tier|[Gen 9] VGC 2023 Regulation E\n|rated|\n|rule|Species Clause: Limit one of each Pok\u00e9mon\n|rule|Item Clause: Limit one of each item\n|clearpoke\n|poke|p1|Chi-Yu, L50|\n|poke|p1|Flutter Mane, L50|\n|poke|p1|Iron Hands, L50|\n|poke|p1|Tornadus, L50, M|\n|poke|p1|Arcanine-Hisui, L50, M|\n|poke|p1|Ogerpon-Wellspring, L50, F|\n|poke|p2|Dondozo, L50, M|\n|poke|p2|Tatsugiri, L50, F|\n|poke|p2|Ogerpon-Hearthflame, L50, F|\n|poke|p2|Glimmora, L50, M|\n|poke|p2|Ninetales-Alola, L50, F|\n|poke|p2|Iron Hands, L50|\n|teampreview|4\n|inactive|Battle timer is ON: inactive players will automatically lose when time's up. (requested by Lithoriorm)\nLithoriorm has agreed to open team sheets.\n|c|\u2606Lithoriorm|glhf\n|inactive|Lithoriorm has 60 seconds left.\nErtrsx has agreed to open team sheets.\n|inactive|Lithoriorm has 30 seconds left.\n|\n|t:|1700859641\n|start\n|switch|p1a: Tornadus|Tornadus, L50, M|100\/100\n|switch|p1b: Flutter Mane|Flutter Mane, L50, shiny|100\/100\n|switch|p2a: Ninetales|Ninetales-Alola, L50, F, shiny|100\/100\n|switch|p2b: Glimmora|Glimmora, L50, M|100\/100\n|-weather|Snow|[from] ability: Snow Warning|[of] p2a: Ninetales\n|-enditem|p1b: Flutter Mane|Booster Energy\n|-activate|p1b: Flutter Mane|ability: Protosynthesis|[fromitem]\n|-start|p1b: Flutter Mane|protosynthesisspe\n|turn|1\n|inactive|Ertrsx has 30 seconds left.\n|\n|t:|1700859667\n|move|p2a: Ninetales|Protect|p2a: Ninetales\n|-singleturn|p2a: Ninetales|Protect\n|move|p1a: Tornadus|Sunny Day|p1a: Tornadus\n|-weather|SunnyDay\n|move|p1b: Flutter Mane|Shadow Ball|p2b: Glimmora\n|-damage|p2b: Glimmora|41\/100\n|move|p2b: Glimmora|Mortal Spin|p1b: Flutter Mane|[spread] p1a,p1b\n|-damage|p1a: Tornadus|96\/100\n|-damage|p1b: Flutter Mane|94\/100\n|-status|p1b: Flutter Mane|psn\n|\n|-weather|SunnyDay|[upkeep]\n|-damage|p1b: Flutter Mane|82\/100 psn|[from] psn\n|upkeep\n|turn|2\n|\n|t:|1700859685\n|move|p1b: Flutter Mane|Shadow Ball|p2b: Glimmora\n|-damage|p2b: Glimmora|0 fnt\n|faint|p2b: Glimmora\n|move|p2a: Ninetales|Icy Wind|p1a: Tornadus|[spread] p1a,p1b\n|-supereffective|p1a: Tornadus\n|-damage|p1a: Tornadus|66\/100\n|-damage|p1b: Flutter Mane|69\/100 psn\n|-unboost|p1b: Flutter Mane|spe|1\n|move|p1a: Tornadus|Bleakwind Storm|p2a: Ninetales\n|-damage|p2a: Ninetales|52\/100\n|-unboost|p2a: Ninetales|spe|1\n|\n|-weather|SunnyDay|[upkeep]\n|-damage|p1b: Flutter Mane|57\/100 psn|[from] psn\n|upkeep\n|\n|t:|1700859694\n|switch|p2b: Dondozo|Dondozo, L50, M|100\/100\n|turn|3\n|\n|t:|1700859721\n|switch|p2a: Tatsugiri|Tatsugiri, L50, F|100\/100\n|-activate|p2a: Tatsugiri|ability: Commander|[of] p2b: Dondozo\n|-boost|p2b: Dondozo|atk|2\n|-boost|p2b: Dondozo|spa|2\n|-boost|p2b: Dondozo|spe|2\n|-boost|p2b: Dondozo|def|2\n|-boost|p2b: Dondozo|spd|2\n|move|p1a: Tornadus|Tailwind|p1a: Tornadus\n|-sidestart|p1: Lithoriorm|move: Tailwind\n|move|p1b: Flutter Mane|Moonblast|p2b: Dondozo\n|-damage|p2b: Dondozo|78\/100\n|move|p2b: Dondozo|Order Up|p1a: Tornadus\n|-damage|p1a: Tornadus|27\/100\n|-boost|p2b: Dondozo|atk|1\n|\n|-weather|SunnyDay|[upkeep]\n|-heal|p2b: Dondozo|84\/100|[from] item: Leftovers\n|-damage|p1b: Flutter Mane|45\/100 psn|[from] psn\n|upkeep\n|turn|4\n|\n|t:|1700859741\n|move|p2b: Dondozo|Protect|p2b: Dondozo\n|-singleturn|p2b: Dondozo|Protect\n|move|p1a: Tornadus|Taunt|p2b: Dondozo\n|-activate|p2b: Dondozo|move: Protect\n|move|p1b: Flutter Mane|Shadow Ball|p2b: Dondozo\n|-activate|p2b: Dondozo|move: Protect\n|\n|-weather|SunnyDay|[upkeep]\n|-heal|p2b: Dondozo|90\/100|[from] item: Leftovers\n|-damage|p1b: Flutter Mane|32\/100 psn|[from] psn\n|upkeep\n|turn|5\n|\n|t:|1700859751\n|move|p1b: Flutter Mane|Shadow Ball|p2b: Dondozo\n|-crit|p2b: Dondozo\n|-damage|p2b: Dondozo|25\/100\n|-unboost|p2b: Dondozo|spd|1\n|move|p1a: Tornadus|Bleakwind Storm|p2b: Dondozo|[spread] \n|-miss|p1a: Tornadus|p2a: Tatsugiri\n|-miss|p1a: Tornadus|p2b: Dondozo\n|move|p2b: Dondozo|Order Up|p1a: Tornadus\n|-damage|p1a: Tornadus|0 fnt\n|faint|p1a: Tornadus\n|-boost|p2b: Dondozo|atk|1\n|\n|-weather|none\n|-heal|p2b: Dondozo|31\/100|[from] item: Leftovers\n|-damage|p1b: Flutter Mane|20\/100 psn|[from] psn\n|upkeep\n|\n|t:|1700859758\n|switch|p1a: Arcanine|Arcanine-Hisui, L50, M, shiny|100\/100\n|-ability|p1a: Arcanine|Intimidate|boost\n|-unboost|p2a: Tatsugiri|atk|1\n|-unboost|p2b: Dondozo|atk|1\n|turn|6\n|\n|t:|1700859768\n|-terastallize|p1a: Arcanine|Fairy\n|move|p2b: Dondozo|Protect|p2b: Dondozo\n|-singleturn|p2b: Dondozo|Protect\n|move|p1b: Flutter Mane|Shadow Ball|p2b: Dondozo\n|-activate|p2b: Dondozo|move: Protect\n|move|p1a: Arcanine|Tera Blast|p2b: Dondozo|[anim] Tera Blast Fairy\n|-activate|p2b: Dondozo|move: Protect\n|\n|-heal|p2b: Dondozo|38\/100|[from] item: Leftovers\n|-damage|p1b: Flutter Mane|8\/100 psn|[from] psn\n|-sideend|p1: Lithoriorm|move: Tailwind\n|upkeep\n|turn|7\n|\n|t:|1700859779\n|move|p1b: Flutter Mane|Shadow Ball|p2b: Dondozo\n|-damage|p2b: Dondozo|12\/100\n|move|p2b: Dondozo|Earthquake|p1b: Flutter Mane|[spread] p1a,p1b\n|-miss|p2b: Dondozo|p2a: Tatsugiri\n|-damage|p1a: Arcanine|40\/100\n|-damage|p1b: Flutter Mane|0 fnt\n|faint|p1b: Flutter Mane\n|-end|p1b: Flutter Mane|Protosynthesis|[silent]\n|move|p1a: Arcanine|Tera Blast|p2b: Dondozo|[anim] Tera Blast Fairy\n|-damage|p2b: Dondozo|0 fnt\n|faint|p2b: Dondozo\n|\n|upkeep\n|\n|t:|1700859791\n|switch|p1b: Chi-Yu|Chi-Yu, L50|100\/100\n|switch|p2b: Ninetales|Ninetales-Alola, L50, F, shiny|52\/100\n|-weather|Snow|[from] ability: Snow Warning|[of] p2b: Ninetales\n|-ability|p1b: Chi-Yu|Beads of Ruin\n|turn|8\n|\n|t:|1700859814\n|-terastallize|p2b: Ninetales|Fire\n|move|p2a: Tatsugiri|Muddy Water|p1b: Chi-Yu|[spread] p1a,p1b\n|-supereffective|p1b: Chi-Yu\n|-damage|p1a: Arcanine|0 fnt\n|-damage|p1b: Chi-Yu|20\/100\n|faint|p1a: Arcanine\n|move|p2b: Ninetales|Icy Wind|p1b: Chi-Yu\n|-resisted|p1b: Chi-Yu\n|-damage|p1b: Chi-Yu|9\/100\n|-unboost|p1b: Chi-Yu|spe|1\n|move|p1b: Chi-Yu|Heat Wave|p2b: Ninetales|[spread] p2a,p2b\n|-resisted|p2a: Tatsugiri\n|-crit|p2a: Tatsugiri\n|-resisted|p2b: Ninetales\n|-damage|p2a: Tatsugiri|78\/100\n|-damage|p2b: Ninetales|22\/100\n|\n|-weather|Snow|[upkeep]\n|upkeep\n|turn|9\n|\n|t:|1700859828\n|move|p1b: Chi-Yu|Protect|p1b: Chi-Yu\n|-singleturn|p1b: Chi-Yu|Protect\n|move|p2a: Tatsugiri|Muddy Water|p1b: Chi-Yu\n|-activate|p1b: Chi-Yu|move: Protect\n|move|p2b: Ninetales|Icy Wind|p1b: Chi-Yu\n|-activate|p1b: Chi-Yu|move: Protect\n|\n|-weather|Snow|[upkeep]\n|upkeep\n|turn|10\n|\n|t:|1700859836\n|move|p2a: Tatsugiri|Muddy Water|p1b: Chi-Yu\n|-supereffective|p1b: Chi-Yu\n|-damage|p1b: Chi-Yu|0 fnt\n|faint|p1b: Chi-Yu\n|\n|win|Ertrsx\n|raw|Lithoriorm's rating: 1296 &rarr; <strong>1265<\/strong><br \/>(-31 for losing)\n|raw|Ertrsx's rating: 1205 &rarr; <strong>1236<\/strong><br \/>(+31 for winning)\n|c|\u2606Lithoriorm|hh\n|c|\u2606Lithoriorm|gg\n","uploadtime":1700859843,"views":7,"p1id":"lithoriorm","p2id":"ertrsx","formatid":"gen9vgc2023regulatione","rating":1236,"private":0,"password":""}