{"id":"gen9vgc2023regulatione-1990089101","p1":"JIMJIM2000","p2":"Obliteration_1","format":"[Gen 9] VGC 2023 Regulation E","log":"|j|\u2606JIMJIM2000\n|j|\u2606Obliteration_1\n|t:|1699923353\n|gametype|doubles\n|player|p1|JIMJIM2000|102|1171\n|player|p2|Obliteration_1|medium|1262\n|teamsize|p1|6\n|teamsize|p2|6\n|gen|9\n|tier|[Gen 9] VGC 2023 Regulation E\n|rated|\n|rule|Species Clause: Limit one of each Pok\u00e9mon\n|rule|Item Clause: Limit one of each item\n|clearpoke\n|poke|p1|Dusclops, L50, F|\n|poke|p1|Volcarona, L50, F|\n|poke|p1|Sylveon, L50, M|\n|poke|p1|Gastrodon, L50, F|\n|poke|p1|Ogerpon-Cornerstone, L50, F|\n|poke|p1|Ursaluna-Bloodmoon, L50, M|\n|poke|p2|Ogerpon-Cornerstone, L50, F|\n|poke|p2|Okidogi, L50, M|\n|poke|p2|Empoleon, L50, F|\n|poke|p2|Ursaluna-Bloodmoon, L50, M|\n|poke|p2|Sinistcha-Masterpiece, L50|\n|poke|p2|Tauros-Paldea-Blaze, L50, M|\n|teampreview|4\n|inactive|Battle timer is ON: inactive players will automatically lose when time's up. (requested by Obliteration_1)\nObliteration_1 rejected open team sheets.\n|inactive|Obliteration_1 has 60 seconds left.\n|inactive|Obliteration_1 has 30 seconds left.\n|l|\u2606JIMJIM2000\n|inactive|JIMJIM2000 disconnected and has a minute to reconnect!\n|player|p1|\n|\n|t:|1699923417\n|start\n|switch|p1a: Ogerpon|Ogerpon-Cornerstone, L50, F|100\/100\n|switch|p1b: Volcarona|Volcarona, L50, F|100\/100\n|switch|p2a: Empoleon|Empoleon, L50, F|100\/100\n|switch|p2b: Ogerpon|Ogerpon-Cornerstone, L50, F|100\/100\n|turn|1\n|j|\u2606JIMJIM2000\n|inactive|JIMJIM2000 reconnected and has 55 seconds left.\n|player|p1|JIMJIM2000|102\n|\n|t:|1699923435\n|move|p2b: Ogerpon|Spiky Shield|p2b: Ogerpon\n|-singleturn|p2b: Ogerpon|move: Protect\n|move|p1a: Ogerpon|Follow Me|p1a: Ogerpon\n|-singleturn|p1a: Ogerpon|move: Follow Me\n|move|p1b: Volcarona|Quiver Dance|p1b: Volcarona\n|-boost|p1b: Volcarona|spa|1\n|-boost|p1b: Volcarona|spd|1\n|-boost|p1b: Volcarona|spe|1\n|move|p2a: Empoleon|Icy Wind|p1a: Ogerpon|[spread] p1a\n|-miss|p2a: Empoleon|p1b: Volcarona\n|-supereffective|p1a: Ogerpon\n|-damage|p1a: Ogerpon|70\/100\n|-unboost|p1a: Ogerpon|spe|1\n|\n|upkeep\n|turn|2\n|inactive|Obliteration_1 has 30 seconds left.\n|\n|t:|1699923475\n|switch|p2b: Tauros|Tauros-Paldea-Blaze, L50, M, shiny|100\/100\n|-ability|p2b: Tauros|Intimidate|boost\n|-unboost|p1a: Ogerpon|atk|1\n|-unboost|p1b: Volcarona|atk|1\n|-terastallize|p1b: Volcarona|Water\n|move|p1a: Ogerpon|Follow Me|p1a: Ogerpon\n|-singleturn|p1a: Ogerpon|move: Follow Me\n|move|p1b: Volcarona|Quiver Dance|p1b: Volcarona\n|-boost|p1b: Volcarona|spa|1\n|-boost|p1b: Volcarona|spd|1\n|-boost|p1b: Volcarona|spe|1\n|move|p2a: Empoleon|Icy Wind|p1b: Volcarona|[spread] p1a,p1b\n|-supereffective|p1a: Ogerpon\n|-resisted|p1b: Volcarona\n|-damage|p1a: Ogerpon|37\/100\n|-damage|p1b: Volcarona|98\/100\n|-unboost|p1a: Ogerpon|spe|1\n|-unboost|p1b: Volcarona|spe|1\n|\n|upkeep\n|turn|3\n|inactive|Obliteration_1 has 30 seconds left.\n|\n|t:|1699923503\n|move|p1a: Ogerpon|Follow Me|p1a: Ogerpon\n|-singleturn|p1a: Ogerpon|move: Follow Me\n|move|p2b: Tauros|Close Combat|p1a: Ogerpon\n|-supereffective|p1a: Ogerpon\n|-damage|p1a: Ogerpon|0 fnt\n|-unboost|p2b: Tauros|def|1\n|-unboost|p2b: Tauros|spd|1\n|faint|p1a: Ogerpon\n|move|p1b: Volcarona|Quiver Dance|p1b: Volcarona\n|-boost|p1b: Volcarona|spa|1\n|-boost|p1b: Volcarona|spd|1\n|-boost|p1b: Volcarona|spe|1\n|move|p2a: Empoleon|Icy Wind|p1b: Volcarona\n|-resisted|p1b: Volcarona\n|-damage|p1b: Volcarona|95\/100\n|-unboost|p1b: Volcarona|spe|1\n|\n|upkeep\n|\n|t:|1699923505\n|switch|p1a: Sylveon|Sylveon, L50, M|100\/100\n|turn|4\n|inactive|Obliteration_1 has 30 seconds left.\n|\n|t:|1699923536\n|-terastallize|p2a: Empoleon|Fairy\n|move|p2b: Tauros|Close Combat|p1b: Volcarona\n|-damage|p1b: Volcarona|37\/100\n|-unboost|p2b: Tauros|def|1\n|-unboost|p2b: Tauros|spd|1\n|-damage|p2b: Tauros|84\/100|[from] item: Rocky Helmet|[of] p1b: Volcarona\n|move|p1b: Volcarona|Heat Wave|p2a: Empoleon|[spread] p2a,p2b\n|-resisted|p2b: Tauros\n|-damage|p2a: Empoleon|14\/100\n|-damage|p2b: Tauros|0 fnt\n|faint|p2b: Tauros\n|move|p2a: Empoleon|Flash Cannon|p1a: Sylveon\n|-supereffective|p1a: Sylveon\n|-damage|p1a: Sylveon|64\/100\n|move|p1a: Sylveon|Psych Up|p1b: Volcarona\n|-copyboost|p1a: Sylveon|p1b: Volcarona|[from] move: Psych Up\n|\n|upkeep\n|inactive|Obliteration_1 has 30 seconds left.\n|\n|t:|1699923563\n|switch|p2b: Sinistcha|Sinistcha-Masterpiece, L50|100\/100\n|-heal|p2a: Empoleon|39\/100|[from] ability: Hospitality|[of] p2b: Sinistcha\n|turn|5\n|\n|t:|1699923579\n|move|p1b: Volcarona|Heat Wave|p2a: Empoleon|[spread] p2a,p2b\n|-supereffective|p2b: Sinistcha\n|-damage|p2a: Empoleon|0 fnt\n|-damage|p2b: Sinistcha|0 fnt\n|faint|p2a: Empoleon\n|faint|p2b: Sinistcha\n|move|p1a: Sylveon|Hyper Voice|p2: Empoleon|[notarget]\n|-fail|p1a: Sylveon\n|\n|upkeep\n|\n|t:|1699923588\n|switch|p2b: Ogerpon|Ogerpon-Cornerstone, L50, F|100\/100\n|turn|6\n|\n|t:|1699923601\n|move|p1b: Volcarona|Heat Wave|p2b: Ogerpon\n|-ability|p2b: Ogerpon|Sturdy\n|-damage|p2b: Ogerpon|1\/100\n|move|p2b: Ogerpon|Horn Leech|p1b: Volcarona\n|-supereffective|p1b: Volcarona\n|-damage|p1b: Volcarona|0 fnt\n|-heal|p2b: Ogerpon|24\/100|[from] drain|[of] p1b: Volcarona\n|-damage|p2b: Ogerpon|8\/100|[from] item: Rocky Helmet|[of] p1b: Volcarona\n|faint|p1b: Volcarona\n|move|p1a: Sylveon|Hyper Voice|p2b: Ogerpon\n|-damage|p2b: Ogerpon|0 fnt\n|faint|p2b: Ogerpon\n|-enditem|p1a: Sylveon|Throat Spray\n|\n|win|JIMJIM2000\n|raw|JIMJIM2000's rating: 1171 &rarr; <strong>1202<\/strong><br \/>(+31 for winning)\n|raw|Obliteration_1's rating: 1262 &rarr; <strong>1231<\/strong><br \/>(-31 for losing)\n|c|\u2606Obliteration_1|gg\n|l|\u2606Obliteration_1\n|c|\u2606JIMJIM2000|Gg\n","uploadtime":1699923614,"views":17,"p1id":"jimjim2000","p2id":"obliteration1","formatid":"gen9vgc2023regulatione","rating":1202,"private":0,"password":""}