{"id":"gen9vgc2023regulatione-1991663632","p1":"ThePhantom_356","p2":"Mo mo 15","format":"[Gen 9] VGC 2023 Regulation E","log":"|j|\u2606ThePhantom_356\n|j|\u2606Mo mo 15\n|t:|1700099967\n|gametype|doubles\n|player|p1|ThePhantom_356|fantina|1132\n|player|p2|Mo mo 15|hoopster|1167\n|teamsize|p1|6\n|teamsize|p2|6\n|gen|9\n|tier|[Gen 9] VGC 2023 Regulation E\n|rated|\n|rule|Species Clause: Limit one of each Pok\u00e9mon\n|rule|Item Clause: Limit one of each item\n|clearpoke\n|poke|p1|Skeledirge, L50, F|\n|poke|p1|Rillaboom, L50, F|\n|poke|p1|Cresselia, L50, F|\n|poke|p1|Ursaluna, L50, F|\n|poke|p1|Dondozo, L50, F|\n|poke|p1|Tatsugiri, L50, F|\n|poke|p2|Iron Bundle, L50|\n|poke|p2|Talonflame, L50, F|\n|poke|p2|Flutter Mane, L50|\n|poke|p2|Sinistcha-Masterpiece, L50|\n|poke|p2|Tyranitar, L50, M|\n|poke|p2|Iron Hands, L50|\n|teampreview|4\n|inactive|Battle timer is ON: inactive players will automatically lose when time's up. (requested by Mo mo 15)\n|\n|t:|1700100005\n|start\n|switch|p1a: Rillaboom|Rillaboom, L50, F|100\/100\n|switch|p1b: Cresselia|Cresselia, L50, F|100\/100\n|switch|p2a: Tyranitar|Tyranitar, L50, M|100\/100\n|switch|p2b: Sinistcha|Sinistcha-Masterpiece, L50|100\/100\n|-fieldstart|move: Grassy Terrain|[from] ability: Grassy Surge|[of] p1a: Rillaboom\n|-weather|Sandstorm|[from] ability: Sand Stream|[of] p2a: Tyranitar\n|turn|1\n|inactive|ThePhantom_356 has 30 seconds left.\n|inactive|ThePhantom_356 has 20 seconds left.\n|inactive|ThePhantom_356 has 15 seconds left.\n|inactive|ThePhantom_356 has 10 seconds left.\n|inactive|ThePhantom_356 has 5 seconds left.\n|\n|t:|1700100057\n|-terastallize|p2a: Tyranitar|Psychic\n|move|p1a: Rillaboom|Taunt|p2b: Sinistcha\n|-start|p2b: Sinistcha|move: Taunt\n|move|p1b: Cresselia|Icy Wind|p2a: Tyranitar|[spread] p2a,p2b\n|-supereffective|p2b: Sinistcha\n|-damage|p2a: Tyranitar|93\/100\n|-damage|p2b: Sinistcha|80\/100\n|-unboost|p2a: Tyranitar|spe|1\n|-unboost|p2b: Sinistcha|spe|1\n|move|p2a: Tyranitar|Fire Punch|p1a: Rillaboom\n|-supereffective|p1a: Rillaboom\n|-damage|p1a: Rillaboom|49\/100\n|cant|p2b: Sinistcha|move: Taunt|Trick Room\n|\n|-weather|Sandstorm|[upkeep]\n|-damage|p1a: Rillaboom|43\/100|[from] Sandstorm\n|-damage|p2b: Sinistcha|74\/100|[from] Sandstorm\n|-damage|p2a: Tyranitar|87\/100|[from] Sandstorm\n|-heal|p1a: Rillaboom|49\/100|[from] Grassy Terrain\n|-heal|p2b: Sinistcha|80\/100|[from] Grassy Terrain\n|-heal|p2a: Tyranitar|93\/100|[from] Grassy Terrain\n|-heal|p2a: Tyranitar|99\/100|[from] item: Leftovers\n|upkeep\n|turn|2\n|\n|t:|1700100078\n|-terastallize|p1a: Rillaboom|Grass\n|move|p1a: Rillaboom|Wood Hammer|p2a: Tyranitar\n|-damage|p2a: Tyranitar|0 fnt\n|faint|p2a: Tyranitar\n|-damage|p1a: Rillaboom|16\/100|[from] Recoil\n|move|p1b: Cresselia|Lunar Blessing|p1b: Cresselia|[spread] p1a,p1b\n|-heal|p1a: Rillaboom|41\/100\n|move|p2b: Sinistcha|Matcha Gotcha|p1b: Cresselia|[spread] p1a,p1b\n|-resisted|p1a: Rillaboom\n|-damage|p1a: Rillaboom|22\/100\n|-heal|p2b: Sinistcha|92\/100|[from] drain|[of] p1a: Rillaboom\n|-damage|p1b: Cresselia|83\/100\n|-heal|p2b: Sinistcha|100\/100|[from] drain|[of] p1b: Cresselia\n|-status|p1b: Cresselia|brn\n|\n|-weather|Sandstorm|[upkeep]\n|-damage|p1a: Rillaboom|16\/100|[from] Sandstorm\n|-damage|p2b: Sinistcha|94\/100|[from] Sandstorm\n|-heal|p1a: Rillaboom|22\/100|[from] Grassy Terrain\n|-heal|p2b: Sinistcha|100\/100|[from] Grassy Terrain\n|-damage|p1b: Cresselia|76\/100 brn|[from] brn\n|upkeep\n|\n|t:|1700100089\n|switch|p2a: Flutter Mane|Flutter Mane, L50|100\/100\n|turn|3\n|inactive|ThePhantom_356 has 30 seconds left.\n|\n|t:|1700100117\n|move|p1a: Rillaboom|Grassy Glide|p2a: Flutter Mane\n|-damage|p2a: Flutter Mane|0 fnt\n|faint|p2a: Flutter Mane\n|-end|p2a: Flutter Mane|Protosynthesis|[silent]\n|move|p1b: Cresselia|Lunar Blessing|p1b: Cresselia|[spread] p1a,p1b\n|-heal|p1a: Rillaboom|47\/100\n|-heal|p1b: Cresselia|100\/100 brn\n|-curestatus|p1b: Cresselia|brn|[msg]\n|move|p2b: Sinistcha|Matcha Gotcha|p1b: Cresselia|[spread] p1a,p1b\n|-resisted|p1a: Rillaboom\n|-damage|p1a: Rillaboom|27\/100\n|-damage|p1b: Cresselia|83\/100\n|\n|-weather|Sandstorm|[upkeep]\n|-damage|p1a: Rillaboom|22\/100|[from] Sandstorm\n|-damage|p2b: Sinistcha|94\/100|[from] Sandstorm\n|-heal|p1a: Rillaboom|27\/100|[from] Grassy Terrain\n|-heal|p2b: Sinistcha|100\/100|[from] Grassy Terrain\n|-end|p2b: Sinistcha|move: Taunt\n|upkeep\n|\n|t:|1700100120\n|switch|p2a: Iron Bundle|Iron Bundle, L50|100\/100\n|-enditem|p2a: Iron Bundle|Booster Energy\n|-activate|p2a: Iron Bundle|ability: Quark Drive|[fromitem]\n|-start|p2a: Iron Bundle|quarkdrivespe\n|turn|4\n|inactive|ThePhantom_356 has 30 seconds left.\n|\n|t:|1700100148\n|move|p1b: Cresselia|Helping Hand|p1a: Rillaboom\n|-singleturn|p1a: Rillaboom|Helping Hand|[of] p1b: Cresselia\n|move|p1a: Rillaboom|Grassy Glide|p2a: Iron Bundle\n|-supereffective|p2a: Iron Bundle\n|-damage|p2a: Iron Bundle|0 fnt\n|faint|p2a: Iron Bundle\n|-end|p2a: Iron Bundle|Quark Drive|[silent]\n|move|p2b: Sinistcha|Trick Room|p2b: Sinistcha\n|-fieldstart|move: Trick Room|[of] p2b: Sinistcha\n|\n|-weather|Sandstorm|[upkeep]\n|-damage|p2b: Sinistcha|94\/100|[from] Sandstorm\n|-damage|p1a: Rillaboom|22\/100|[from] Sandstorm\n|-heal|p2b: Sinistcha|100\/100|[from] Grassy Terrain\n|-heal|p1a: Rillaboom|27\/100|[from] Grassy Terrain\n|upkeep\n|turn|5\n|-message|Mo mo 15 forfeited.\n|\n|win|ThePhantom_356\n|raw|ThePhantom_356's rating: 1132 &rarr; <strong>1160<\/strong><br \/>(+28 for winning)\n|raw|Mo mo 15's rating: 1167 &rarr; <strong>1139<\/strong><br \/>(-28 for losing)\n|l|\u2606Mo mo 15\n","uploadtime":1700100178,"views":22,"p1id":"thephantom356","p2id":"momo15","formatid":"gen9vgc2023regulatione","rating":1139,"private":0,"password":""}