{"id":"gen9vgc2023regulatione-1987905295","p1":"Gill x Mayhem","p2":"katterene","format":"[Gen 9] VGC 2023 Regulation E","log":"|j|\u2606Gill x Mayhem\n|j|\u2606katterene\n|n|\u2606Gill x Mayhem|gillxmayhem\n|n|\u2606katterene|katterene\n|html|View the match progress at <a href=\"\/game-bestof3-gen9vgc2023regulatione-1987902601\">game-bestof3-gen9vgc2023regulatione-1987902601<\/a>\n|t:|1699647786\n|gametype|doubles\n|player|p1|Gill x Mayhem|infielder|\n|player|p2|katterene|parasollady|\n|teamsize|p1|6\n|teamsize|p2|6\n|gen|9\n|tier|[Gen 9] VGC 2023 Regulation E\n|rule|Species Clause: Limit one of each Pok\u00e9mon\n|rule|Item Clause: Limit one of each item\n|clearpoke\n|poke|p1|Hatterene, L50, F|\n|poke|p1|Indeedee-F, L50, F|\n|poke|p1|Armarouge, L50, F|\n|poke|p1|Torkoal, L50, M|\n|poke|p1|Ursaluna, L50, F|\n|poke|p1|Crabominable, L50, F|\n|poke|p2|Slowbro-Galar, L50, F|\n|poke|p2|Milotic, L50, F|\n|poke|p2|Urshifu-*, L50, M|\n|poke|p2|Tinkaton, L50, F|\n|poke|p2|Skeledirge, L50, F|\n|poke|p2|Avalugg-Hisui, L50, M|\n|teampreview|4\n|\n|t:|1699647872\n|start\n|switch|p1a: Indeedee|Indeedee-F, L50, F|100\/100\n|switch|p1b: Hatterene|Hatterene, L50, F|100\/100\n|switch|p2a: Slowbro|Slowbro-Galar, L50, F|100\/100\n|switch|p2b: Avalugg|Avalugg-Hisui, L50, M|100\/100\n|-fieldstart|move: Psychic Terrain|[from] ability: Psychic Surge|[of] p1a: Indeedee\n|-enditem|p2b: Avalugg|Psychic Seed\n|-boost|p2b: Avalugg|spd|1|[from] item: Psychic Seed\n|turn|1\n|\n|t:|1699647909\n|-terastallize|p1b: Hatterene|Fairy\n|move|p1a: Indeedee|Follow Me|p1a: Indeedee\n|-singleturn|p1a: Indeedee|move: Follow Me\n|move|p2a: Slowbro|Shell Side Arm|p1a: Indeedee|[anim] Shell Side Arm Physical\n|-damage|p1a: Indeedee|63\/100\n|-hint|Physical Shell Side Arm\n|-status|p1a: Indeedee|psn\n|-damage|p2a: Slowbro|84\/100|[from] item: Rocky Helmet|[of] p1a: Indeedee\n|move|p2b: Avalugg|Ice Spinner|p1a: Indeedee\n|-damage|p1a: Indeedee|20\/100 psn\n|-damage|p2b: Avalugg|84\/100|[from] item: Rocky Helmet|[of] p1a: Indeedee\n|-fieldend|move: Psychic Terrain\n|move|p1b: Hatterene|Dazzling Gleam|p2a: Slowbro|[spread] p2a,p2b\n|-resisted|p2a: Slowbro\n|-crit|p2a: Slowbro\n|-damage|p2a: Slowbro|41\/100\n|-damage|p2b: Avalugg|8\/100\n|-damage|p1b: Hatterene|91\/100|[from] item: Life Orb\n|\n|-heal|p2a: Slowbro|47\/100|[from] item: Leftovers\n|-damage|p1a: Indeedee|7\/100 psn|[from] psn\n|upkeep\n|turn|2\n|\n|t:|1699647945\n|switch|p2a: C. Hunting Horn|Tinkaton, L50, F|100\/100\n|-ability|p2a: C. Hunting Horn|Mold Breaker\n|-item|p2a: C. Hunting Horn|Air Balloon\n|move|p2b: Avalugg|Wide Guard|p2b: Avalugg\n|-singleturn|p2b: Avalugg|Wide Guard\n|move|p1a: Indeedee|Follow Me|p1a: Indeedee\n|-singleturn|p1a: Indeedee|move: Follow Me\n|move|p1b: Hatterene|Dazzling Gleam|p2b: Avalugg|[spread] \n|-activate|p2a: C. Hunting Horn|move: Wide Guard\n|-activate|p2b: Avalugg|move: Wide Guard\n|\n|-damage|p1a: Indeedee|0 fnt|[from] psn\n|faint|p1a: Indeedee\n|upkeep\n|\n|t:|1699647958\n|switch|p1a: Ursaluna|Ursaluna, L50, F|100\/100\n|turn|3\n|\n|t:|1699647977\n|switch|p1b: Torkoal|Torkoal, L50, M|100\/100\n|-weather|SunnyDay|[from] ability: Drought|[of] p1b: Torkoal\n|move|p2b: Avalugg|Wide Guard|p2b: Avalugg\n|-singleturn|p2b: Avalugg|Wide Guard\n|move|p2a: C. Hunting Horn|Gigaton Hammer|p1b: Torkoal\n|-resisted|p1b: Torkoal\n|-damage|p1b: Torkoal|77\/100\n|move|p1a: Ursaluna|Yawn|p2a: C. Hunting Horn\n|-start|p2a: C. Hunting Horn|move: Yawn|[of] p1a: Ursaluna\n|\n|-weather|SunnyDay|[upkeep]\n|-status|p1a: Ursaluna|brn|[from] item: Flame Orb\n|upkeep\n|turn|4\n|\n|t:|1699648011\n|switch|p2a: Slowbro|Slowbro-Galar, L50, F|80\/100\n|move|p1b: Torkoal|Protect|p1b: Torkoal\n|-singleturn|p1b: Torkoal|Protect\n|move|p2b: Avalugg|Wide Guard|p2b: Avalugg\n|-singleturn|p2b: Avalugg|Wide Guard\n|move|p1a: Ursaluna|Facade|p2b: Avalugg\n|-resisted|p2b: Avalugg\n|-damage|p2b: Avalugg|0 fnt\n|faint|p2b: Avalugg\n|\n|-weather|SunnyDay|[upkeep]\n|-heal|p2a: Slowbro|86\/100|[from] item: Leftovers\n|-damage|p1a: Ursaluna|95\/100 brn|[from] brn\n|upkeep\n|\n|t:|1699648029\n|switch|p2b: Urshifu - X|Urshifu, L50, M|100\/100\n|turn|5\n|\n|t:|1699648052\n|move|p2b: Urshifu - X|Close Combat|p1a: Ursaluna\n|-supereffective|p1a: Ursaluna\n|-damage|p1a: Ursaluna|0 fnt\n|-unboost|p2b: Urshifu - X|def|1\n|-unboost|p2b: Urshifu - X|spd|1\n|faint|p1a: Ursaluna\n|move|p2a: Slowbro|Shell Side Arm|p1b: Torkoal|[anim] Shell Side Arm Special\n|-damage|p1b: Torkoal|38\/100\n|-hint|Special Shell Side Arm\n|move|p1b: Torkoal|Heat Wave|p2a: Slowbro|[spread] p2b\n|-miss|p1b: Torkoal|p2a: Slowbro\n|-enditem|p2b: Urshifu - X|Focus Sash\n|-damage|p2b: Urshifu - X|1\/100\n|\n|-weather|SunnyDay|[upkeep]\n|-heal|p2a: Slowbro|92\/100|[from] item: Leftovers\n|upkeep\n|\n|t:|1699648064\n|switch|p1a: Hatterene|Hatterene, L50, F, tera:Fairy|91\/100\n|turn|6\n|\n|t:|1699648102\n|move|p2b: Urshifu - X|Wicked Blow|p1b: Torkoal\n|-crit|p1b: Torkoal\n|-damage|p1b: Torkoal|0 fnt\n|faint|p1b: Torkoal\n|move|p2a: Slowbro|Shell Side Arm|p1a: Hatterene|[anim] Shell Side Arm Physical\n|-supereffective|p1a: Hatterene\n|-damage|p1a: Hatterene|3\/100\n|-hint|Physical Shell Side Arm\n|move|p1a: Hatterene|Dazzling Gleam|p2b: Urshifu - X|[spread] p2a,p2b\n|-resisted|p2a: Slowbro\n|-supereffective|p2b: Urshifu - X\n|-damage|p2a: Slowbro|62\/100\n|-damage|p2b: Urshifu - X|0 fnt\n|faint|p2b: Urshifu - X\n|-damage|p1a: Hatterene|0 fnt|[from] item: Life Orb\n|faint|p1a: Hatterene\n|\n|win|katterene\n|inactive|Gill x Mayhem has 50 seconds to confirm battle start!\n|inactive|katterene has 50 seconds to confirm battle start!\n|c|&|\/uhtml prompt-gillxmayhem,Gill x Mayhem is ready for game 3!\n|c|&|\/uhtml prompt-katterene,katterene is ready for game 3!\nBoth players are ready! Starting next match!\n","uploadtime":1699648461,"views":19,"p1id":"gillxmayhem","p2id":"katterene","formatid":"gen9vgc2023regulatione","rating":0,"private":0,"password":""}