{"id":"gen9vgc2023regulatione-1993654531","p1":"casper6_14","p2":"wholesomeisland","format":"[Gen 9] VGC 2023 Regulation E","log":"|j|\u2606casper6_14\n|j|\u2606wholesomeisland\n|t:|1700342030\n|gametype|doubles\n|player|p1|casper6_14|1|\n|player|p2|wholesomeisland|266|\n|teamsize|p1|6\n|teamsize|p2|6\n|gen|9\n|tier|[Gen 9] VGC 2023 Regulation E\n|rule|Species Clause: Limit one of each Pok\u00e9mon\n|rule|Item Clause: Limit one of each item\n|clearpoke\n|poke|p1|Dondozo, L50, F|\n|poke|p1|Tatsugiri, L50, M|\n|poke|p1|Gholdengo, L50|\n|poke|p1|Perrserker, L50, M|\n|poke|p1|Indeedee-F, L50, F|\n|poke|p1|Armarouge, L50, F|\n|poke|p2|Iron Valiant, L50|\n|poke|p2|Arcanine, L50, F|\n|poke|p2|Empoleon, L50, F|\n|poke|p2|Quaquaval, L50, F|\n|poke|p2|Roaring Moon, L50|\n|poke|p2|Tornadus, L50, M|\n|teampreview|4\n|inactive|Battle timer is ON: inactive players will automatically lose when time's up. (requested by wholesomeisland)\nwholesomeisland has agreed to open team sheets.\n|c|\u2606casper6_14|oof terrible matchup for me\ncasper6_14 has agreed to open team sheets.\n|showteam|p1|Dondozo||Leftovers|Unaware|OrderUp,Protect,Substitute,WaveCrash|||F|||50|,,,,,Dragon]Tatsugiri||ChoiceScarf|Commander|DracoMeteor,HydroPump,IcyWind,MuddyWater|||M|||50|,,,,,Dragon]Gholdengo||ChoiceSpecs|GoodasGold|MakeItRain,ShadowBall,Trick,Thunderbolt||||||50|,,,,,Steel]Perrserker||FocusSash|SteelySpirit|FakeOut,IronHead,CloseCombat,Protect|||M|||50|,,,,,Ghost]Indeedee-F||PsychicSeed|PsychicSurge|DazzlingGleam,FollowMe,HelpingHand,TrickRoom|||F|||50|,,,,,Fairy]Armarouge||EjectPack|FlashFire|TrickRoom,ExpandingForce,ArmorCannon,Protect|||F|||50|,,,,,Psychic\n|showteam|p2|Iron Valiant||ChoiceBand|QuarkDrive|CloseCombat,SpiritBreak,ThunderPunch,IcePunch||||||50|,,,,,Steel]Arcanine||SafetyGoggles|Intimidate|ExtremeSpeed,WillOWisp,FlareBlitz,Protect|||F|||50|,,,,,Water]Empoleon||AssaultVest|Competitive|IceBeam,HydroPump,FlashCannon,KnockOff|||F|||50|,,,,,Water]Quaquaval||FocusSash|Moxie|AquaStep,AquaCutter,FocusEnergy,CloseCombat|||F|||50|,,,,,Water]Roaring Moon||BoosterEnergy|Protosynthesis|DragonDance,KnockOff,Protect,Acrobatics||||||50|,,,,,Flying]Tornadus||CovertCloak|Prankster|BleakwindStorm,Tailwind,Taunt,RainDance|||M|||50|,,,,,Ghost\n|\n|t:|1700342066\n|start\n|switch|p1a: Indeedee|Indeedee-F, L50, F|100\/100\n|switch|p1b: Armarouge|Armarouge, L50, F|100\/100\n|switch|p2a: Tornadus|Tornadus, L50, M|100\/100\n|switch|p2b: Iron Valiant|Iron Valiant, L50|100\/100\n|-fieldstart|move: Psychic Terrain|[from] ability: Psychic Surge|[of] p1a: Indeedee\n|-enditem|p1a: Indeedee|Psychic Seed\n|-boost|p1a: Indeedee|spd|1|[from] item: Psychic Seed\n|turn|1\n|inactive|wholesomeisland has 30 seconds left.\n|\n|t:|1700342097\n|move|p1a: Indeedee|Follow Me|p1a: Indeedee\n|-singleturn|p1a: Indeedee|move: Follow Me\n|move|p2a: Tornadus|Tailwind|p2a: Tornadus\n|-sidestart|p2: wholesomeisland|move: Tailwind\n|move|p2b: Iron Valiant|Close Combat|p1a: Indeedee\n|-damage|p1a: Indeedee|0 fnt\n|-unboost|p2b: Iron Valiant|def|1\n|-unboost|p2b: Iron Valiant|spd|1\n|faint|p1a: Indeedee\n|move|p1b: Armarouge|Trick Room|p1b: Armarouge\n|-fieldstart|move: Trick Room|[of] p1b: Armarouge\n|\n|upkeep\n|\n|t:|1700342111\n|switch|p1a: Gholdengo|Gholdengo, L50|100\/100\n|turn|2\n|c|\u2606wholesomeisland|oh you someofa\n|\n|t:|1700342128\n|switch|p1b: Perrserker|Perrserker, L50, M|100\/100\n|-terastallize|p1a: Gholdengo|Steel\n|move|p2a: Tornadus|Taunt|p1a: Gholdengo\n|-activate|p1a: Gholdengo|move: Psychic Terrain\n|move|p1a: Gholdengo|Make It Rain|p2b: Iron Valiant|[spread] p2a,p2b\n|-supereffective|p2b: Iron Valiant\n|-damage|p2a: Tornadus|0 fnt\n|-damage|p2b: Iron Valiant|0 fnt\n|-unboost|p1a: Gholdengo|spa|1\n|faint|p2a: Tornadus\n|faint|p2b: Iron Valiant\n|-end|p2b: Iron Valiant|Quark Drive|[silent]\n|\n|upkeep\n|\n|t:|1700342138\n|switch|p2a: Empoleon|Empoleon, L50, F|100\/100\n|switch|p2b: Quaquaval|Quaquaval, L50, F|100\/100\n|turn|3\n|inactive|wholesomeisland has 30 seconds left.\n|\n|t:|1700342169\n|move|p1b: Perrserker|Fake Out|p2a: Empoleon\n|-activate|p2a: Empoleon|move: Psychic Terrain\n|move|p1a: Gholdengo|Make It Rain|p2a: Empoleon|[spread] p2a,p2b\n|-resisted|p2a: Empoleon\n|-resisted|p2b: Quaquaval\n|-damage|p2a: Empoleon|83\/100\n|-damage|p2b: Quaquaval|30\/100\n|-unboost|p1a: Gholdengo|spa|1\n|move|p2a: Empoleon|Knock Off|p1a: Gholdengo\n|-damage|p1a: Gholdengo|81\/100\n|-enditem|p1a: Gholdengo|Choice Specs|[from] move: Knock Off|[of] p2a: Empoleon\n|move|p2b: Quaquaval|Aqua Step|p1b: Perrserker\n|-damage|p1b: Perrserker|59\/100\n|-boost|p2b: Quaquaval|spe|1\n|\n|upkeep\n|turn|4\n|inactive|wholesomeisland has 30 seconds left.\n|\n|t:|1700342197\n|move|p1b: Perrserker|Close Combat|p2a: Empoleon\n|-supereffective|p2a: Empoleon\n|-damage|p2a: Empoleon|7\/100\n|-unboost|p1b: Perrserker|def|1\n|-unboost|p1b: Perrserker|spd|1\n|move|p1a: Gholdengo|Thunderbolt|p2a: Empoleon\n|-supereffective|p2a: Empoleon\n|-crit|p2a: Empoleon\n|-damage|p2a: Empoleon|0 fnt\n|faint|p2a: Empoleon\n|move|p2b: Quaquaval|Aqua Cutter|p1b: Perrserker\n|-crit|p1b: Perrserker\n|-damage|p1b: Perrserker|0 fnt\n|faint|p1b: Perrserker\n|-ability|p2b: Quaquaval|Moxie|boost\n|-boost|p2b: Quaquaval|atk|1\n|\n|-sideend|p2: wholesomeisland|move: Tailwind\n|upkeep\n|\n|t:|1700342205\n|switch|p1b: Armarouge|Armarouge, L50, F|100\/100\n|turn|5\n|\n|t:|1700342218\n|move|p1b: Armarouge|Expanding Force|p2b: Quaquaval\n|-supereffective|p2b: Quaquaval\n|-damage|p2b: Quaquaval|0 fnt\n|faint|p2b: Quaquaval\n|\n|win|casper6_14\n|c|\u2606casper6_14|ggs\n|l|\u2606wholesomeisland\n","uploadtime":1700342243,"views":8,"p1id":"casper614","p2id":"wholesomeisland","formatid":"gen9vgc2023regulatione","rating":0,"private":0,"password":""}