{"id":"gen9vgc2023regulatione-1996103344","p1":"violinperfumer","p2":"Judang","format":"[Gen 9] VGC 2023 Regulation E","log":"|j|\u2606violinperfumer\n|j|\u2606Judang\n|t:|1700644587\n|gametype|doubles\n|player|p1|violinperfumer|265|1541\n|player|p2|Judang|ruinmaniac|1606\n|teamsize|p1|6\n|teamsize|p2|6\n|gen|9\n|tier|[Gen 9] VGC 2023 Regulation E\n|rated|\n|rule|Species Clause: Limit one of each Pok\u00e9mon\n|rule|Item Clause: Limit one of each item\n|clearpoke\n|poke|p1|Armarouge, L50, M|\n|poke|p1|Indeedee-F, L50, F|\n|poke|p1|Sinistcha-Masterpiece, L50|\n|poke|p1|Ursaluna-Bloodmoon, L50, M|\n|poke|p1|Iron Bundle, L50|\n|poke|p1|Ogerpon-Wellspring, L50, F|\n|poke|p2|Indeedee-F, L50, F|\n|poke|p2|Urshifu-*, L50, M|\n|poke|p2|Gyarados, L50, M|\n|poke|p2|Kleavor, L50, F|\n|poke|p2|Dragapult, L50, F|\n|poke|p2|Heatran, L50, F|\n|teampreview|4\n|inactive|Battle timer is ON: inactive players will automatically lose when time's up. (requested by violinperfumer)\n|j| Hyperhit94\n|inactive|Judang has 60 seconds left.\n|j| 5Sscreen\n|inactive|Judang has 30 seconds left.\n|\n|t:|1700644660\n|start\n|switch|p1a: Armarouge|Armarouge, L50, M|100\/100\n|switch|p1b: Iron Bundle|Iron Bundle, L50|100\/100\n|switch|p2a: Urshifu|Urshifu, L50, M|100\/100\n|switch|p2b: Dragapult|Dragapult, L50, F|100\/100\n|turn|1\n|inactive|Judang has 30 seconds left.\n|\n|t:|1700644691\n|move|p1a: Armarouge|Endure|p1a: Armarouge\n|-singleturn|p1a: Armarouge|move: Endure\n|move|p2b: Dragapult|Dragon Darts|p1b: Iron Bundle\n|-damage|p1b: Iron Bundle|64\/100\n|-anim|p2b: Dragapult|Dragon Darts|p1a: Armarouge\n|-damage|p1a: Armarouge|63\/100\n|-ability|p1a: Armarouge|Weak Armor|boost\n|-unboost|p1a: Armarouge|def|1\n|-boost|p1a: Armarouge|spe|2\n|-damage|p2b: Dragapult|91\/100|[from] item: Life Orb\n|move|p1b: Iron Bundle|Icy Wind|p2b: Dragapult|[spread] p2a,p2b\n|-supereffective|p2b: Dragapult\n|-damage|p2a: Urshifu|87\/100\n|-damage|p2b: Dragapult|40\/100\n|-unboost|p2a: Urshifu|spe|1\n|move|p2a: Urshifu|Wicked Blow|p1b: Iron Bundle\n|-crit|p1b: Iron Bundle\n|-damage|p1b: Iron Bundle|0 fnt\n|faint|p1b: Iron Bundle\n|-end|p1b: Iron Bundle|Quark Drive|[silent]\n|\n|upkeep\n|\n|t:|1700644714\n|switch|p1b: Indeedee|Indeedee-F, L50, F|100\/100\n|-fieldstart|move: Psychic Terrain|[from] ability: Psychic Surge|[of] p1b: Indeedee\n|turn|2\n|\n|t:|1700644730\n|switch|p2b: Heatran|Heatran, L50, F|100\/100\n|-terastallize|p1b: Indeedee|Fairy\n|move|p1b: Indeedee|Follow Me|p1b: Indeedee\n|-singleturn|p1b: Indeedee|move: Follow Me\n|move|p1a: Armarouge|Aura Sphere|p2a: Urshifu\n|-supereffective|p2a: Urshifu\n|-crit|p2a: Urshifu\n|-damage|p2a: Urshifu|23\/100\n|move|p2a: Urshifu|Wicked Blow|p1b: Indeedee\n|-resisted|p1b: Indeedee\n|-crit|p1b: Indeedee\n|-damage|p1b: Indeedee|67\/100\n|\n|upkeep\n|turn|3\n|inactive|violinperfumer has 30 seconds left.\n|inactive|Judang has 30 seconds left.\n|inactive|violinperfumer has 20 seconds left.\n|inactive|Judang has 20 seconds left.\n|inactive|violinperfumer has 15 seconds left.\n|inactive|Judang has 15 seconds left.\n|\n|t:|1700644778\n|switch|p1b: Ursaluna|Ursaluna-Bloodmoon, L50, M|100\/100\n|switch|p2a: Indeedee|Indeedee-F, L50, F|100\/100\n|-enditem|p2a: Indeedee|Psychic Seed\n|-boost|p2a: Indeedee|spd|1|[from] item: Psychic Seed\n|move|p1a: Armarouge|Aura Sphere|p2a: Indeedee\n|-damage|p2a: Indeedee|81\/100\n|move|p2b: Heatran|Flash Cannon|p1b: Ursaluna\n|-damage|p1b: Ursaluna|53\/100\n|-unboost|p1b: Ursaluna|spd|1\n|\n|upkeep\n|turn|4\n|\n|t:|1700644801\n|move|p2a: Indeedee|Follow Me|p2a: Indeedee\n|-singleturn|p2a: Indeedee|move: Follow Me\n|move|p1a: Armarouge|Expanding Force|p2b: Heatran|[spread] p2a,p2b\n|-resisted|p2a: Indeedee\n|-resisted|p2b: Heatran\n|-damage|p2a: Indeedee|61\/100\n|-damage|p2b: Heatran|72\/100\n|move|p2b: Heatran|Flash Cannon|p1b: Ursaluna\n|-damage|p1b: Ursaluna|0 fnt\n|faint|p1b: Ursaluna\n|\n|upkeep\n|\n|t:|1700644810\n|switch|p1b: Indeedee|Indeedee-F, L50, F, tera:Fairy|67\/100\n|turn|5\n|\n|t:|1700644820\n|move|p1b: Indeedee|Helping Hand|p1a: Armarouge\n|-singleturn|p1a: Armarouge|Helping Hand|[of] p1b: Indeedee\n|move|p2a: Indeedee|Follow Me|p2a: Indeedee\n|-singleturn|p2a: Indeedee|move: Follow Me\n|move|p1a: Armarouge|Expanding Force|p2b: Heatran|[spread] p2a,p2b\n|-resisted|p2a: Indeedee\n|-resisted|p2b: Heatran\n|-damage|p2a: Indeedee|29\/100\n|-damage|p2b: Heatran|32\/100\n|move|p2b: Heatran|Flash Cannon|p1b: Indeedee\n|-supereffective|p1b: Indeedee\n|-damage|p1b: Indeedee|0 fnt\n|faint|p1b: Indeedee\n|\n|upkeep\n|turn|6\n|inactive|Judang has 30 seconds left.\n|\n|t:|1700644851\n|switch|p2b: Urshifu|Urshifu, L50, M|23\/100\n|move|p1a: Armarouge|Expanding Force|p2a: Indeedee|[spread] p2a\n|-immune|p2b: Urshifu\n|-resisted|p2a: Indeedee\n|-damage|p2a: Indeedee|10\/100\n|move|p2a: Indeedee|Trick Room|p2a: Indeedee\n|-fieldstart|move: Trick Room|[of] p2a: Indeedee\n|\n|-fieldend|move: Psychic Terrain\n|upkeep\n|turn|7\n|\n|t:|1700644873\n|switch|p2a: Heatran|Heatran, L50, F|32\/100\n|move|p2b: Urshifu|Wicked Blow|p1a: Armarouge\n|-supereffective|p1a: Armarouge\n|-crit|p1a: Armarouge\n|-damage|p1a: Armarouge|0 fnt\n|faint|p1a: Armarouge\n|\n|win|Judang\n|raw|violinperfumer's rating: 1541 &rarr; <strong>1525<\/strong><br \/>(-16 for losing)\n|raw|Judang's rating: 1606 &rarr; <strong>1622<\/strong><br \/>(+16 for winning)\n|l|\u2606violinperfumer\n|l|\u2606Judang\n","uploadtime":1700645168,"views":2,"p1id":"violinperfumer","p2id":"judang","formatid":"gen9vgc2023regulatione","rating":1525,"private":0,"password":""}