{"id":"gen9vgc2023regulatione-1998369042","p1":"Angelo Neres","p2":"pretty a$ap","format":"[Gen 9] VGC 2023 Regulation E","log":"|j|\u2606Angelo Neres\n|j|\u2606pretty a$ap\n|t:|1700934626\n|gametype|doubles\n|player|p1|Angelo Neres|101|1360\n|player|p2|pretty a$ap|shadowtriad|1428\n|teamsize|p1|6\n|teamsize|p2|6\n|gen|9\n|tier|[Gen 9] VGC 2023 Regulation E\n|rated|\n|rule|Species Clause: Limit one of each Pok\u00e9mon\n|rule|Item Clause: Limit one of each item\n|clearpoke\n|poke|p1|Talonflame, L50, F|\n|poke|p1|Flutter Mane, L50|\n|poke|p1|Iron Hands, L50|\n|poke|p1|Landorus-Therian, L50, M|\n|poke|p1|Gastrodon, L50, M|\n|poke|p1|Chi-Yu, L50|\n|poke|p2|Salamence, L50, F|\n|poke|p2|Flutter Mane, L50|\n|poke|p2|Heatran, L50, F|\n|poke|p2|Rillaboom, L50, F|\n|poke|p2|Dondozo, L50, F|\n|poke|p2|Urshifu-*, L50, F|\n|teampreview|4\n|inactive|Battle timer is ON: inactive players will automatically lose when time's up. (requested by Angelo Neres)\nAngelo Neres has agreed to open team sheets.\n|inactive|Angelo Neres has 60 seconds left.\n|inactive|pretty a$ap has 60 seconds left.\npretty a$ap has agreed to open team sheets.\n|inactive|pretty a$ap has 30 seconds left.\n|inactive|pretty a$ap has 20 seconds left.\n|inactive|pretty a$ap has 15 seconds left.\n|\n|t:|1700934701\n|start\n|switch|p1a: Vampeta\u00e7o|Chi-Yu, L50|100\/100\n|switch|p1b: Ronaldinho|Flutter Mane, L50|100\/100\n|switch|p2a: Salamence|Salamence, L50, F|100\/100\n|switch|p2b: Heatran|Heatran, L50, F|100\/100\n|-ability|p1a: Vampeta\u00e7o|Beads of Ruin\n|-ability|p2a: Salamence|Intimidate|boost\n|-unboost|p1a: Vampeta\u00e7o|atk|1\n|-unboost|p1b: Ronaldinho|atk|1\n|-enditem|p1b: Ronaldinho|Booster Energy\n|-activate|p1b: Ronaldinho|ability: Protosynthesis|[fromitem]\n|-start|p1b: Ronaldinho|protosynthesisspa\n|turn|1\n|inactive|pretty a$ap has 30 seconds left.\n|\n|t:|1700934734\n|-terastallize|p2a: Salamence|Water\n|move|p2b: Heatran|Protect|p2b: Heatran\n|-singleturn|p2b: Heatran|Protect\n|move|p1b: Ronaldinho|Dazzling Gleam|p2b: Heatran|[spread] p2a\n|-activate|p2b: Heatran|move: Protect\n|-damage|p2a: Salamence|31\/100\n|move|p1a: Vampeta\u00e7o|Snarl|p2a: Salamence|[spread] \n|-activate|p2b: Heatran|move: Protect\n|-miss|p1a: Vampeta\u00e7o|p2a: Salamence\n|move|p2a: Salamence|Tailwind|p2a: Salamence\n|-sidestart|p2: pretty a$ap|move: Tailwind\n|\n|upkeep\n|turn|2\n|inactive|Angelo Neres has 30 seconds left.\n|\n|t:|1700934763\n|switch|p1a: Edilson Capetinha|Talonflame, L50, F, shiny|100\/100\n|move|p1b: Ronaldinho|Protect|p1b: Ronaldinho\n|-singleturn|p1b: Ronaldinho|Protect\n|move|p2a: Salamence|Draco Meteor|p1a: Edilson Capetinha\n|-damage|p1a: Edilson Capetinha|17\/100\n|-unboost|p2a: Salamence|spa|2\n|move|p2b: Heatran|Flash Cannon|p1b: Ronaldinho\n|-activate|p1b: Ronaldinho|move: Protect\n|\n|upkeep\n|turn|3\n|\n|t:|1700934786\n|move|p2a: Salamence|Air Slash|p1a: Edilson Capetinha\n|-damage|p1a: Edilson Capetinha|0 fnt\n|faint|p1a: Edilson Capetinha\n|move|p2b: Heatran|Flash Cannon|p1b: Ronaldinho\n|-supereffective|p1b: Ronaldinho\n|-damage|p1b: Ronaldinho|13\/100\n|move|p1b: Ronaldinho|Moonblast|p2a: Salamence\n|-damage|p2a: Salamence|0 fnt\n|faint|p2a: Salamence\n|\n|upkeep\n|\n|t:|1700934797\n|switch|p1a: Diniz|Landorus-Therian, L50, M|100\/100\n|switch|p2a: Urshifu|Urshifu, L50, F|100\/100\n|-ability|p1a: Diniz|Intimidate|boost\n|-unboost|p2a: Urshifu|atk|1\n|-unboost|p2b: Heatran|atk|1\n|turn|4\n|\n|t:|1700934820\n|switch|p2b: Dondozo|Dondozo, L50, F|100\/100\n|-end|p1b: Ronaldinho|Protosynthesis|[silent]\n|switch|p1b: Vampeta\u00e7o|Chi-Yu, L50|100\/100\n|-ability|p1b: Vampeta\u00e7o|Beads of Ruin\n|move|p2a: Urshifu|Wicked Blow|p1b: Vampeta\u00e7o\n|-resisted|p1b: Vampeta\u00e7o\n|-crit|p1b: Vampeta\u00e7o\n|-damage|p1b: Vampeta\u00e7o|48\/100\n|move|p1a: Diniz|U-turn|p2a: Urshifu\n|-damage|p2a: Urshifu|73\/100\n|\n|t:|1700934833\n|switch|p1a: Ronaldinho|Flutter Mane, L50|13\/100|[from] U-turn\n|\n|-sideend|p2: pretty a$ap|move: Tailwind\n|upkeep\n|turn|5\n|\n|t:|1700934854\n|move|p2a: Urshifu|Sucker Punch|p1a: Ronaldinho\n|-damage|p1a: Ronaldinho|0 fnt\n|faint|p1a: Ronaldinho\n|-end|p1a: Ronaldinho|Protosynthesis|[silent]\n|move|p1b: Vampeta\u00e7o|Heat Wave|p2a: Urshifu|[spread] p2a,p2b\n|-resisted|p2b: Dondozo\n|-damage|p2a: Urshifu|0 fnt\n|-damage|p2b: Dondozo|67\/100\n|faint|p2a: Urshifu\n|move|p2b: Dondozo|Wave Crash|p1b: Vampeta\u00e7o\n|-supereffective|p1b: Vampeta\u00e7o\n|-damage|p1b: Vampeta\u00e7o|0 fnt\n|faint|p1b: Vampeta\u00e7o\n|-damage|p2b: Dondozo|59\/100|[from] Recoil\n|\n|-heal|p2b: Dondozo|65\/100|[from] item: Leftovers\n|upkeep\n|\n|t:|1700934859\n|switch|p1a: Diniz|Landorus-Therian, L50, M|100\/100\n|switch|p2a: Heatran|Heatran, L50, F|100\/100\n|-ability|p1a: Diniz|Intimidate|boost\n|-unboost|p2a: Heatran|atk|1\n|-fail|p2b: Dondozo|unboost|Attack|[from] ability: Oblivious|[of] p2b: Dondozo\n|turn|6\n|inactive|Angelo Neres has 30 seconds left.\n|\n|t:|1700934891\n|-terastallize|p1a: Diniz|Flying\n|move|p2a: Heatran|Protect|p2a: Heatran\n|-singleturn|p2a: Heatran|Protect\n|move|p1a: Diniz|Stomping Tantrum|p2b: Dondozo\n|-damage|p2b: Dondozo|41\/100\n|move|p2b: Dondozo|Yawn|p1a: Diniz\n|-start|p1a: Diniz|move: Yawn|[of] p2b: Dondozo\n|\n|-heal|p2b: Dondozo|47\/100|[from] item: Leftovers\n|upkeep\n|turn|7\n|\n|t:|1700934912\n|move|p2b: Dondozo|Protect|p2b: Dondozo\n|-singleturn|p2b: Dondozo|Protect\n|move|p1a: Diniz|Stomping Tantrum|p2a: Heatran\n|-supereffective|p2a: Heatran\n|-damage|p2a: Heatran|0 fnt\n|faint|p2a: Heatran\n|\n|-heal|p2b: Dondozo|52\/100|[from] item: Leftovers\n|-end|p1a: Diniz|move: Yawn|[silent]\n|-status|p1a: Diniz|slp\n|upkeep\n|turn|8\n|\n|t:|1700934918\n|cant|p1a: Diniz|slp\n|move|p2b: Dondozo|Wave Crash|p1a: Diniz\n|-damage|p1a: Diniz|46\/100 slp\n|-damage|p2b: Dondozo|41\/100|[from] Recoil\n|\n|-heal|p2b: Dondozo|47\/100|[from] item: Leftovers\n|upkeep\n|turn|9\n|\n|t:|1700934920\n|-curestatus|p1a: Diniz|slp|[msg]\n|move|p1a: Diniz|Stomping Tantrum|p2b: Dondozo\n|-damage|p2b: Dondozo|0 fnt\n|faint|p2b: Dondozo\n|\n|win|Angelo Neres\n|raw|Angelo Neres's rating: 1360 &rarr; <strong>1384<\/strong><br \/>(+24 for winning)\n|raw|pretty a$ap's rating: 1428 &rarr; <strong>1404<\/strong><br \/>(-24 for losing)\n|c|\u2606Angelo Neres|Gg\n|c|\u2606pretty a$ap|xd\n|l|\u2606pretty a$ap\n","uploadtime":1700935064,"views":1,"p1id":"angeloneres","p2id":"prettyaap","formatid":"gen9vgc2023regulatione","rating":1384,"private":0,"password":""}