{"id":"gen9vgc2023regulatione-1988888685","p1":"Luxsage","p2":"Thundrix","format":"[Gen 9] VGC 2023 Regulation E","log":"|j|\u2606Luxsage\n|j|\u2606Thundrix\n|t:|1699781717\n|gametype|doubles\n|player|p1|Luxsage|volkner|1158\n|player|p2|Thundrix|volkner|1116\n|teamsize|p1|6\n|teamsize|p2|6\n|gen|9\n|tier|[Gen 9] VGC 2023 Regulation E\n|rated|\n|rule|Species Clause: Limit one of each Pok\u00e9mon\n|rule|Item Clause: Limit one of each item\n|clearpoke\n|poke|p1|Pyroar, L50, F|\n|poke|p1|Tornadus, L50, M|\n|poke|p1|Ogerpon-Wellspring, L50, F|\n|poke|p1|Chi-Yu, L50|\n|poke|p1|Sandy Shocks, L50|\n|poke|p1|Tauros-Paldea-Aqua, L50, M|\n|poke|p2|Torterra, L50, F|\n|poke|p2|Gumshoos, L50, F|\n|poke|p2|Wigglytuff, L50, F|\n|poke|p2|Froslass, L50, F|\n|poke|p2|Slowbro, L50, F|\n|poke|p2|Spiritomb, L50, F|\n|teampreview|4\n|inactive|Battle timer is ON: inactive players will automatically lose when time's up. (requested by Luxsage)\nThundrix rejected open team sheets.\n|\n|t:|1699781744\n|start\n|switch|p1a: Tornadus|Tornadus, L50, M|100\/100\n|switch|p1b: Sandy Shocks|Sandy Shocks, L50|100\/100\n|switch|p2a: Spiritomb|Spiritomb, L50, F|100\/100\n|switch|p2b: Torterra|Torterra, L50, F|100\/100\n|turn|1\n|\n|t:|1699781763\n|-terastallize|p1b: Sandy Shocks|Ice\n|move|p1a: Tornadus|Taunt|p2a: Spiritomb\n|-hint|Since gen 7, Dark is immune to Prankster moves.\n|-immune|p2a: Spiritomb\n|move|p1b: Sandy Shocks|Tera Blast|p2b: Torterra|[anim] Tera Blast Ice\n|-supereffective|p2b: Torterra\n|-damage|p2b: Torterra|0 fnt\n|faint|p2b: Torterra\n|-damage|p1b: Sandy Shocks|91\/100|[from] item: Life Orb\n|move|p2a: Spiritomb|Trick Room|p2a: Spiritomb\n|-fieldstart|move: Trick Room|[of] p2a: Spiritomb\n|\n|upkeep\n|\n|t:|1699781777\n|switch|p2b: Wigglytuff|Wigglytuff, L50, F|100\/100\n|turn|2\n|j| DarkRinoRex\n|inactive|Luxsage has 30 seconds left.\n|\n|t:|1699781807\n|move|p1a: Tornadus|Sunny Day|p1a: Tornadus\n|-weather|SunnyDay\n|-activate|p1b: Sandy Shocks|ability: Protosynthesis\n|-start|p1b: Sandy Shocks|protosynthesisspe\n|move|p2a: Spiritomb|Will-O-Wisp|p1a: Tornadus\n|-status|p1a: Tornadus|brn\n|move|p2b: Wigglytuff|Calm Mind|p2b: Wigglytuff\n|-boost|p2b: Wigglytuff|spa|1\n|-boost|p2b: Wigglytuff|spd|1\n|move|p1b: Sandy Shocks|Volt Switch|p2a: Spiritomb\n|-damage|p2a: Spiritomb|64\/100\n|-damage|p1b: Sandy Shocks|81\/100|[from] item: Life Orb\n|l| DarkRinoRex\n|inactive|Luxsage has 30 seconds left.\n|\n|t:|1699781833\n|-end|p1b: Sandy Shocks|Protosynthesis|[silent]\n|switch|p1b: Pyroar|Pyroar, L50, F, shiny|100\/100|[from] Volt Switch\n|-ability|p1b: Pyroar|Unnerve\n|\n|-weather|SunnyDay|[upkeep]\n|-damage|p1a: Tornadus|95\/100 brn|[from] brn\n|upkeep\n|turn|3\n|\n|t:|1699781853\n|move|p2a: Spiritomb|Foul Play|p1b: Pyroar\n|-damage|p1b: Pyroar|79\/100\n|move|p2b: Wigglytuff|Flamethrower|p1a: Tornadus\n|-damage|p1a: Tornadus|37\/100 brn\n|move|p1a: Tornadus|Bleakwind Storm|p2b: Wigglytuff|[spread] p2a\n|-miss|p1a: Tornadus|p2b: Wigglytuff\n|-damage|p2a: Spiritomb|32\/100\n|-unboost|p2a: Spiritomb|spe|1\n|move|p1b: Pyroar|Heat Wave|p2a: Spiritomb|[spread] p2a,p2b\n|-damage|p2a: Spiritomb|0 fnt\n|-damage|p2b: Wigglytuff|71\/100\n|faint|p2a: Spiritomb\n|\n|-weather|SunnyDay|[upkeep]\n|-damage|p1a: Tornadus|31\/100 brn|[from] brn\n|upkeep\n|\n|t:|1699781868\n|switch|p2a: Slowbro|Slowbro, L50, F|100\/100\n|turn|4\n|\n|t:|1699781890\n|switch|p1a: Tauros|Tauros-Paldea-Aqua, L50, M|100\/100\n|-ability|p1a: Tauros|Intimidate|boost\n|-fail|p2a: Slowbro|unboost|Attack|[from] ability: Oblivious|[of] p2a: Slowbro\n|-unboost|p2b: Wigglytuff|atk|1\n|-ability|p2b: Wigglytuff|Competitive|boost\n|-boost|p2b: Wigglytuff|spa|2\n|move|p1b: Pyroar|Protect|p1b: Pyroar\n|-singleturn|p1b: Pyroar|Protect\n|move|p2a: Slowbro|Calm Mind|p2a: Slowbro\n|-boost|p2a: Slowbro|spa|1\n|-boost|p2a: Slowbro|spd|1\n|move|p2b: Wigglytuff|Draining Kiss|p1a: Tauros\n|-supereffective|p1a: Tauros\n|-damage|p1a: Tauros|13\/100\n|-heal|p2b: Wigglytuff|100\/100|[from] drain|[of] p1a: Tauros\n|\n|-weather|SunnyDay|[upkeep]\n|upkeep\n|turn|5\n|inactive|Luxsage has 30 seconds left.\n|\n|t:|1699781924\n|move|p2a: Slowbro|Stored Power|p1b: Pyroar\n|-damage|p1b: Pyroar|35\/100\n|move|p2b: Wigglytuff|Draining Kiss|p1a: Tauros\n|-supereffective|p1a: Tauros\n|-damage|p1a: Tauros|0 fnt\n|faint|p1a: Tauros\n|move|p1b: Pyroar|Hyper Voice|p2a: Slowbro|[spread] p2a,p2b\n|-damage|p2a: Slowbro|79\/100\n|-damage|p2b: Wigglytuff|82\/100\n|-enditem|p1b: Pyroar|Throat Spray\n|-boost|p1b: Pyroar|spa|1|[from] item: Throat Spray\n|\n|-weather|SunnyDay|[upkeep]\n|-heal|p2a: Slowbro|85\/100|[from] item: Leftovers\n|-fieldend|move: Trick Room\n|upkeep\n|\n|t:|1699781938\n|switch|p1a: Sandy Shocks|Sandy Shocks, L50, tera:Ice|81\/100\n|-activate|p1a: Sandy Shocks|ability: Protosynthesis\n|-start|p1a: Sandy Shocks|protosynthesisspe\n|turn|6\n|inactive|Luxsage has 30 seconds left.\n|\n|t:|1699781968\n|-terastallize|p2a: Slowbro|Grass\n|move|p1a: Sandy Shocks|Thunderbolt|p2a: Slowbro\n|-resisted|p2a: Slowbro\n|-damage|p2a: Slowbro|67\/100\n|-damage|p1a: Sandy Shocks|72\/100|[from] item: Life Orb\n|move|p1b: Pyroar|Heat Wave|p2b: Wigglytuff|[spread] p2a,p2b\n|-supereffective|p2a: Slowbro\n|-damage|p2a: Slowbro|0 fnt\n|-damage|p2b: Wigglytuff|41\/100\n|faint|p2a: Slowbro\n|move|p2b: Wigglytuff|Flamethrower|p1a: Sandy Shocks\n|-supereffective|p1a: Sandy Shocks\n|-damage|p1a: Sandy Shocks|0 fnt\n|faint|p1a: Sandy Shocks\n|-end|p1a: Sandy Shocks|Protosynthesis|[silent]\n|\n|-weather|none\n|upkeep\n|\n|t:|1699781985\n|switch|p1a: Tornadus|Tornadus, L50, M|31\/100 brn\n|turn|7\n|\n|t:|1699782000\n|move|p1b: Pyroar|Tera Blast|p2b: Wigglytuff\n|-crit|p2b: Wigglytuff\n|-damage|p2b: Wigglytuff|0 fnt\n|faint|p2b: Wigglytuff\n|\n|win|Luxsage\n|raw|Luxsage's rating: 1158 &rarr; <strong>1180<\/strong><br \/>(+22 for winning)\n|raw|Thundrix's rating: 1116 &rarr; <strong>1094<\/strong><br \/>(-22 for losing)\n|l|\u2606Thundrix\n","uploadtime":1699782028,"views":18,"p1id":"luxsage","p2id":"thundrix","formatid":"gen9vgc2023regulatione","rating":1094,"private":0,"password":""}