{"id":"gen9vgc2023regulatione-1996826993","p1":"Maarki","p2":"Bulba9933","format":"[Gen 9] VGC 2023 Regulation E","log":"|j|\u2606Maarki\n|j|\u2606Bulba9933\n|t:|1700731675\n|gametype|doubles\n|player|p1|Maarki|ninjaboy|1121\n|player|p2|Bulba9933|erika|1147\n|teamsize|p1|6\n|teamsize|p2|6\n|gen|9\n|tier|[Gen 9] VGC 2023 Regulation E\n|rated|\n|rule|Species Clause: Limit one of each Pok\u00e9mon\n|rule|Item Clause: Limit one of each item\n|clearpoke\n|poke|p1|Iron Hands, L50|\n|poke|p1|Urshifu-*, L50, F|\n|poke|p1|Landorus-Therian, L50, M|\n|poke|p1|Cresselia, L50, F|\n|poke|p1|Gastrodon, L50, M|\n|poke|p1|Arcanine-Hisui, L50, M|\n|poke|p2|Politoed, L50, F|\n|poke|p2|Gothitelle, L50, M|\n|poke|p2|Flutter Mane, L50|\n|poke|p2|Amoonguss, L50, F|\n|poke|p2|Kingambit, L50, F|\n|poke|p2|Salamence, L50, M|\n|teampreview|4\n|inactive|Battle timer is ON: inactive players will automatically lose when time's up. (requested by Bulba9933)\nBulba9933 has agreed to open team sheets.\n|\n|t:|1700731704\n|start\n|switch|p1a: Iron Hands|Iron Hands, L50|100\/100\n|switch|p1b: Landorus|Landorus-Therian, L50, M|100\/100\n|switch|p2a: Politoed|Politoed, L50, F, shiny|100\/100\n|switch|p2b: Salamence|Salamence, L50, M|100\/100\n|-ability|p1b: Landorus|Intimidate|boost\n|-unboost|p2a: Politoed|atk|1\n|-unboost|p2b: Salamence|atk|1\n|-ability|p2b: Salamence|Intimidate|boost\n|-unboost|p1a: Iron Hands|atk|1\n|-unboost|p1b: Landorus|atk|1\n|-weather|RainDance|[from] ability: Drizzle|[of] p2a: Politoed\n|turn|1\n|inactive|Maarki has 30 seconds left.\n|\n|t:|1700731729\n|switch|p2b: Gothitelle|Gothitelle, L50, M, shiny|100\/100\n|move|p1a: Iron Hands|Fake Out|p2b: Gothitelle\n|-damage|p2b: Gothitelle|90\/100\n|move|p1b: Landorus|U-turn|p2a: Politoed\n|-damage|p2a: Politoed|85\/100\n|\n|t:|1700731737\n|switch|p1b: Urshifu|Urshifu, L50, F|100\/100|[from] U-turn\n|move|p2a: Politoed|Perish Song|p2a: Politoed\n|-start|p1a: Iron Hands|perish3|[silent]\n|-start|p1b: Urshifu|perish3|[silent]\n|-start|p2a: Politoed|perish3|[silent]\n|-start|p2b: Gothitelle|perish3|[silent]\n|-fieldactivate|move: Perish Song\n|\n|-weather|RainDance|[upkeep]\n|-heal|p2a: Politoed|91\/100|[from] item: Leftovers\n|-start|p1b: Urshifu|perish3\n|-start|p2a: Politoed|perish3\n|-start|p2b: Gothitelle|perish3\n|-start|p1a: Iron Hands|perish3\n|upkeep\n|turn|2\n|inactive|Bulba9933 has 30 seconds left.\n|\n|t:|1700731767\n|switch|p2a: Amoonguss|Amoonguss, L50, F, shiny|100\/100\n|move|p2b: Gothitelle|Fake Out|p1b: Urshifu\n|-damage|p1b: Urshifu|96\/100\n|cant|p1b: Urshifu|flinch\n|move|p1a: Iron Hands|Wild Charge|p2a: Amoonguss\n|-resisted|p2a: Amoonguss\n|-damage|p2a: Amoonguss|84\/100\n|-damage|p1a: Iron Hands|97\/100|[from] Recoil\n|\n|-weather|RainDance|[upkeep]\n|-start|p1b: Urshifu|perish2\n|-start|p2b: Gothitelle|perish2\n|-start|p1a: Iron Hands|perish2\n|upkeep\n|turn|3\n|inactive|Maarki has 30 seconds left.\n|inactive|Maarki has 20 seconds left.\n|inactive|Maarki has 15 seconds left.\n|\n|t:|1700731810\n|move|p2a: Amoonguss|Rage Powder|p2a: Amoonguss\n|-singleturn|p2a: Amoonguss|move: Rage Powder\n|move|p1b: Urshifu|Wicked Blow|p2a: Amoonguss\n|-crit|p2a: Amoonguss\n|-damage|p2a: Amoonguss|30\/100\n|move|p1a: Iron Hands|Wild Charge|p2a: Amoonguss\n|-resisted|p2a: Amoonguss\n|-damage|p2a: Amoonguss|15\/100\n|-damage|p1a: Iron Hands|94\/100|[from] Recoil\n|move|p2b: Gothitelle|Trick Room|p2b: Gothitelle\n|-fieldstart|move: Trick Room|[of] p2b: Gothitelle\n|\n|-weather|RainDance|[upkeep]\n|-start|p1a: Iron Hands|perish1\n|-start|p2b: Gothitelle|perish1\n|-start|p1b: Urshifu|perish1\n|upkeep\n|turn|4\n|inactive|Bulba9933 has 30 seconds left.\n|inactive|Bulba9933 has 20 seconds left.\n|\n|t:|1700731849\n|switch|p2b: Politoed|Politoed, L50, F, shiny|91\/100\n|move|p2a: Amoonguss|Spore|p1b: Urshifu\n|-status|p1b: Urshifu|slp|[from] move: Spore\n|move|p1a: Iron Hands|Heavy Slam|p2a: Amoonguss\n|-damage|p2a: Amoonguss|0 fnt\n|faint|p2a: Amoonguss\n|cant|p1b: Urshifu|slp\n|\n|-weather|RainDance|[upkeep]\n|-heal|p2b: Politoed|97\/100|[from] item: Leftovers\n|-start|p1a: Iron Hands|perish0\n|-start|p1b: Urshifu|perish0\n|faint|p1a: Iron Hands\n|-end|p1a: Iron Hands|Quark Drive|[silent]\n|faint|p1b: Urshifu\n|upkeep\n|\n|t:|1700731865\n|switch|p2a: Gothitelle|Gothitelle, L50, M, shiny|90\/100\n|switch|p1a: Cresselia|Cresselia, L50, F|100\/100\n|switch|p1b: Landorus|Landorus-Therian, L50, M|100\/100\n|-ability|p1b: Landorus|Intimidate|boost\n|-unboost|p2a: Gothitelle|atk|1\n|-unboost|p2b: Politoed|atk|1\n|turn|5\n|\n|t:|1700731885\n|move|p2a: Gothitelle|Fake Out|p1b: Landorus\n|-damage|p1b: Landorus|96\/100\n|move|p2b: Politoed|Perish Song|p2b: Politoed\n|-start|p1a: Cresselia|perish3|[silent]\n|-start|p1b: Landorus|perish3|[silent]\n|-start|p2a: Gothitelle|perish3|[silent]\n|-start|p2b: Politoed|perish3|[silent]\n|-fieldactivate|move: Perish Song\n|move|p1a: Cresselia|Psychic|p2a: Gothitelle\n|-resisted|p2a: Gothitelle\n|-damage|p2a: Gothitelle|81\/100\n|cant|p1b: Landorus|flinch\n|\n|-weather|none\n|-heal|p2b: Politoed|100\/100|[from] item: Leftovers\n|-start|p2a: Gothitelle|perish3\n|-start|p2b: Politoed|perish3\n|-start|p1a: Cresselia|perish3\n|-start|p1b: Landorus|perish3\n|upkeep\n|turn|6\n|\n|t:|1700731906\n|move|p2a: Gothitelle|Protect|p2a: Gothitelle\n|-singleturn|p2a: Gothitelle|Protect\n|move|p2b: Politoed|Protect|p2b: Politoed\n|-singleturn|p2b: Politoed|Protect\n|move|p1a: Cresselia|Psychic|p2b: Politoed\n|-activate|p2b: Politoed|move: Protect\n|move|p1b: Landorus|U-turn|p2a: Gothitelle\n|-activate|p2a: Gothitelle|move: Protect\n|\n|-start|p2a: Gothitelle|perish2\n|-start|p2b: Politoed|perish2\n|-start|p1a: Cresselia|perish2\n|-start|p1b: Landorus|perish2\n|upkeep\n|turn|7\n|\n|t:|1700731930\n|switch|p2a: Salamence|Salamence, L50, M|100\/100\n|-ability|p2a: Salamence|Intimidate|boost\n|-unboost|p1a: Cresselia|atk|1\n|-unboost|p1b: Landorus|atk|1\n|move|p2b: Politoed|Protect||[still]\n|-fail|p2b: Politoed\n|move|p1a: Cresselia|Ice Beam|p2b: Politoed\n|-resisted|p2b: Politoed\n|-damage|p2b: Politoed|93\/100\n|move|p1b: Landorus|U-turn|p2a: Salamence\n|-resisted|p2a: Salamence\n|-damage|p2a: Salamence|87\/100\n|\n|-heal|p2b: Politoed|99\/100|[from] item: Leftovers\n|-start|p2b: Politoed|perish1\n|-start|p1a: Cresselia|perish1\n|-start|p1b: Landorus|perish1\n|-fieldend|move: Trick Room\n|upkeep\n|turn|8\n|\n|t:|1700731952\n|move|p2a: Salamence|Protect|p2a: Salamence\n|-singleturn|p2a: Salamence|Protect\n|move|p2b: Politoed|Protect|p2b: Politoed\n|-singleturn|p2b: Politoed|Protect\n|move|p1b: Landorus|U-turn|p2a: Salamence\n|-activate|p2a: Salamence|move: Protect\n|move|p1a: Cresselia|Ice Beam|p2a: Salamence\n|-activate|p2a: Salamence|move: Protect\n|\n|-heal|p2b: Politoed|100\/100|[from] item: Leftovers\n|-start|p1b: Landorus|perish0\n|-start|p1a: Cresselia|perish0\n|-start|p2b: Politoed|perish0\n|faint|p1b: Landorus\n|faint|p1a: Cresselia\n|faint|p2b: Politoed\n|\n|win|Bulba9933\n|upkeep\n|raw|Maarki's rating: 1121 &rarr; <strong>1098<\/strong><br \/>(-23 for losing)\n|raw|Bulba9933's rating: 1147 &rarr; <strong>1170<\/strong><br \/>(+23 for winning)\n","uploadtime":1700731967,"views":10,"p1id":"maarki","p2id":"bulba9933","formatid":"gen9vgc2023regulatione","rating":1098,"private":0,"password":""}