{"id":"gen9vgc2023regulatione-1996178489","p1":"Zaypher","p2":"Abused24","format":"[Gen 9] VGC 2023 Regulation E","log":"|j|\u2606Zaypher\n|j|\u2606Abused24\n|n|\u2606Zaypher|zaypher\n|n|\u2606Abused24|abused24\n|html|View the match progress at <a href=\"\/game-bestof3-gen9vgc2023regulatione-1996172785\">game-bestof3-gen9vgc2023regulatione-1996172785<\/a>\n|t:|1700655590\n|gametype|doubles\n|player|p1|Zaypher|waiter-gen4|\n|player|p2|Abused24|dawn|\n|teamsize|p1|6\n|teamsize|p2|6\n|gen|9\n|tier|[Gen 9] VGC 2023 Regulation E\n|rule|Species Clause: Limit one of each Pok\u00e9mon\n|rule|Item Clause: Limit one of each item\n|clearpoke\n|poke|p1|Maushold-Four, L50|\n|poke|p1|Dusclops, L50, M|\n|poke|p1|Ursaluna-Bloodmoon, L50, M|\n|poke|p1|Decidueye, L50, F|\n|poke|p1|Urshifu-*, L50, M|\n|poke|p1|Inteleon, L50, M|\n|poke|p2|Kingambit, L50, F|\n|poke|p2|Ogerpon-Wellspring, L50, F|\n|poke|p2|Murkrow, L50, M|\n|poke|p2|Fezandipiti, L50, M|\n|poke|p2|Tauros-Paldea-Blaze, L50, M|\n|poke|p2|Thwackey, L50, F|\n|teampreview|4\n|j| JabsGR\n|\n|t:|1700655642\n|start\n|switch|p1a: You Are In Love|Maushold-Four, L50|100\/100\n|switch|p1b: Say Don't Go|Dusclops, L50, M, shiny|100\/100\n|switch|p2a: Tauros|Tauros-Paldea-Blaze, L50, M|100\/100\n|switch|p2b: Fezandipiti|Fezandipiti, L50, M|100\/100\n|-ability|p2a: Tauros|Intimidate|boost\n|-unboost|p1a: You Are In Love|atk|1\n|-unboost|p1b: Say Don't Go|atk|1\n|-item|p2a: Tauros|Choice Band|[from] ability: Frisk|[of] p1b: Say Don't Go|[identify]\n|-item|p2b: Fezandipiti|Sitrus Berry|[from] ability: Frisk|[of] p1b: Say Don't Go|[identify]\n|turn|1\n|\n|t:|1700655690\n|-terastallize|p1a: You Are In Love|Ghost\n|move|p1a: You Are In Love|Taunt|p2b: Fezandipiti\n|-start|p2b: Fezandipiti|move: Taunt\n|move|p2a: Tauros|Rock Slide|p1a: You Are In Love|[spread] p1a,p1b\n|-crit|p1a: You Are In Love\n|-damage|p1a: You Are In Love|37\/100\n|-damage|p1b: Say Don't Go|86\/100\n|cant|p2b: Fezandipiti|move: Taunt|Nasty Plot\n|move|p1b: Say Don't Go|Trick Room|p1b: Say Don't Go\n|-fieldstart|move: Trick Room|[of] p1b: Say Don't Go\n|\n|upkeep\n|turn|2\n|\n|t:|1700655721\n|switch|p2b: Ogerpon|Ogerpon-Wellspring, L50, F|100\/100\n|switch|p1a: Is It Over Now?|Ursaluna-Bloodmoon, L50, M|100\/100\n|move|p1b: Say Don't Go|Night Shade|p2a: Tauros\n|-damage|p2a: Tauros|69\/100\n|move|p2a: Tauros|Rock Slide|p1b: Say Don't Go|[spread] p1a,p1b\n|-resisted|p1a: Is It Over Now?\n|-damage|p1a: Is It Over Now?|90\/100\n|-damage|p1b: Say Don't Go|71\/100\n|\n|upkeep\n|turn|3\n|\n|t:|1700655752\n|switch|p2a: Thwackey|Thwackey, L50, F|100\/100\n|-fieldstart|move: Grassy Terrain|[from] ability: Grassy Surge|[of] p2a: Thwackey\n|-terastallize|p2b: Ogerpon|Water\n|detailschange|p2b: Ogerpon|Ogerpon-Wellspring-Tera, L50, F, tera:Water\n|-ability|p2b: Ogerpon|Embody Aspect (Wellspring)|boost\n|-boost|p2b: Ogerpon|spd|1\n|move|p1b: Say Don't Go|Night Shade|p2b: Ogerpon\n|-damage|p2b: Ogerpon|74\/100\n|move|p1a: Is It Over Now?|Blood Moon|p2b: Ogerpon\n|-damage|p2b: Ogerpon|2\/100\n|-damage|p1a: Is It Over Now?|80\/100|[from] item: Life Orb\n|move|p2b: Ogerpon|Ivy Cudgel|p1a: Is It Over Now?|[anim] Ivy Cudgel Water\n|-supereffective|p1a: Is It Over Now?\n|-damage|p1a: Is It Over Now?|0 fnt\n|faint|p1a: Is It Over Now?\n|\n|-heal|p1b: Say Don't Go|77\/100|[from] Grassy Terrain\n|-heal|p2b: Ogerpon|8\/100|[from] Grassy Terrain\n|upkeep\n|\n|t:|1700655769\n|switch|p1a: I Wish You Would|Urshifu, L50, M|100\/100\n|turn|4\n|\n|t:|1700655822\n|move|p2b: Ogerpon|Follow Me|p2b: Ogerpon\n|-singleturn|p2b: Ogerpon|move: Follow Me\n|move|p2a: Thwackey|Grassy Glide|p1a: I Wish You Would\n|-damage|p1a: I Wish You Would|66\/100\n|move|p1b: Say Don't Go|Night Shade|p2b: Ogerpon\n|-damage|p2b: Ogerpon|0 fnt\n|faint|p2b: Ogerpon\n|move|p1a: I Wish You Would|Bulk Up|p1a: I Wish You Would\n|-boost|p1a: I Wish You Would|atk|1\n|-boost|p1a: I Wish You Would|def|1\n|\n|-heal|p1b: Say Don't Go|83\/100|[from] Grassy Terrain\n|-heal|p1a: I Wish You Would|73\/100|[from] Grassy Terrain\n|upkeep\n|\n|t:|1700655836\n|switch|p2b: Fezandipiti|Fezandipiti, L50, M|100\/100\n|turn|5\n|\n|t:|1700655863\n|switch|p2a: Tauros|Tauros-Paldea-Blaze, L50, M|69\/100\n|-ability|p2a: Tauros|Intimidate|boost\n|-fail|p1a: I Wish You Would|unboost|[from] item: Clear Amulet|[of] p1a: I Wish You Would\n|-unboost|p1b: Say Don't Go|atk|1\n|move|p1a: I Wish You Would|Protect|p1a: I Wish You Would\n|-singleturn|p1a: I Wish You Would|Protect\n|move|p1b: Say Don't Go|Will-O-Wisp|p2a: Tauros\n|-immune|p2a: Tauros\n|move|p2b: Fezandipiti|Dazzling Gleam|p1a: I Wish You Would|[spread] p1b\n|-activate|p1a: I Wish You Would|move: Protect\n|-damage|p1b: Say Don't Go|71\/100\n|\n|-heal|p1b: Say Don't Go|77\/100|[from] Grassy Terrain\n|-heal|p1a: I Wish You Would|79\/100|[from] Grassy Terrain\n|-heal|p2a: Tauros|76\/100|[from] Grassy Terrain\n|-fieldend|move: Trick Room\n|upkeep\n|turn|6\n|\n|t:|1700655902\n|move|p2a: Tauros|Close Combat|p1a: I Wish You Would\n|-supereffective|p1a: I Wish You Would\n|-damage|p1a: I Wish You Would|0 fnt\n|-unboost|p2a: Tauros|def|1\n|-unboost|p2a: Tauros|spd|1\n|faint|p1a: I Wish You Would\n|move|p2b: Fezandipiti|Dazzling Gleam|p1b: Say Don't Go\n|-damage|p1b: Say Don't Go|58\/100\n|-status|p1b: Say Don't Go|tox|[from] ability: Toxic Chain|[of] p2b: Fezandipiti\n|move|p1b: Say Don't Go|Night Shade|p2b: Fezandipiti\n|-damage|p2b: Fezandipiti|72\/100\n|\n|-heal|p2a: Tauros|82\/100|[from] Grassy Terrain\n|-heal|p2b: Fezandipiti|79\/100|[from] Grassy Terrain\n|-heal|p1b: Say Don't Go|64\/100 tox|[from] Grassy Terrain\n|-damage|p1b: Say Don't Go|58\/100 tox|[from] psn\n|upkeep\n|\n|t:|1700655905\n|switch|p1a: You Are In Love|Maushold-Four, L50, tera:Ghost|37\/100\n|turn|7\n|\n|t:|1700655928\n|switch|p2a: Thwackey|Thwackey, L50, F|100\/100\n|move|p1a: You Are In Love|Population Bomb|p2b: Fezandipiti\n|-damage|p2b: Fezandipiti|68\/100\n|-damage|p2b: Fezandipiti|56\/100\n|-damage|p2b: Fezandipiti|44\/100\n|-enditem|p2b: Fezandipiti|Sitrus Berry|[eat]\n|-heal|p2b: Fezandipiti|68\/100|[from] item: Sitrus Berry\n|-damage|p2b: Fezandipiti|56\/100\n|-damage|p2b: Fezandipiti|45\/100\n|-damage|p2b: Fezandipiti|34\/100\n|-damage|p2b: Fezandipiti|22\/100\n|-damage|p2b: Fezandipiti|11\/100\n|-damage|p2b: Fezandipiti|0 fnt\n|faint|p2b: Fezandipiti\n|-hitcount|p2: Fezandipiti|9\n|move|p1b: Say Don't Go|Night Shade|p2a: Thwackey\n|-damage|p2a: Thwackey|68\/100\n|\n|-heal|p1a: You Are In Love|43\/100|[from] Grassy Terrain\n|-heal|p2a: Thwackey|74\/100|[from] Grassy Terrain\n|-heal|p1b: Say Don't Go|64\/100 tox|[from] Grassy Terrain\n|-damage|p1b: Say Don't Go|52\/100 tox|[from] psn\n|-fieldend|move: Grassy Terrain\n|upkeep\n|\n|t:|1700655952\n|switch|p2b: Tauros|Tauros-Paldea-Blaze, L50, M|82\/100\n|-ability|p2b: Tauros|Intimidate|boost\n|-unboost|p1a: You Are In Love|atk|1\n|-unboost|p1b: Say Don't Go|atk|1\n|turn|8\n|\n|t:|1700655974\n|move|p1a: You Are In Love|Population Bomb|p2b: Tauros\n|-damage|p2b: Tauros|73\/100\n|-damage|p2b: Tauros|64\/100\n|-damage|p2b: Tauros|56\/100\n|-damage|p2b: Tauros|48\/100\n|-damage|p2b: Tauros|40\/100\n|-damage|p2b: Tauros|32\/100\n|-damage|p2b: Tauros|24\/100\n|-damage|p2b: Tauros|16\/100\n|-damage|p2b: Tauros|8\/100\n|-damage|p2b: Tauros|0 fnt\n|faint|p2b: Tauros\n|-hitcount|p2: Tauros|10\n|move|p2a: Thwackey|Wood Hammer|p1a: You Are In Love\n|-damage|p1a: You Are In Love|0 fnt\n|faint|p1a: You Are In Love\n|-damage|p2a: Thwackey|60\/100|[from] Recoil\n|move|p1b: Say Don't Go|Night Shade|p2a: Thwackey\n|-damage|p2a: Thwackey|28\/100\n|\n|-damage|p1b: Say Don't Go|34\/100 tox|[from] psn\n|upkeep\n|turn|9\n|\n|t:|1700655996\n|move|p2a: Thwackey|Protect|p2a: Thwackey\n|-singleturn|p2a: Thwackey|Protect\n|move|p1b: Say Don't Go|Night Shade|p2a: Thwackey\n|-activate|p2a: Thwackey|move: Protect\n|\n|-damage|p1b: Say Don't Go|9\/100 tox|[from] psn\n|upkeep\n|turn|10\n|\n|t:|1700656005\n|move|p2a: Thwackey|Wood Hammer|p1b: Say Don't Go\n|-damage|p1b: Say Don't Go|0 fnt\n|faint|p1b: Say Don't Go\n|-damage|p2a: Thwackey|26\/100|[from] Recoil\n|\n|win|Abused24\n|c|\u2606Zaypher|i shouldve tricked roomed kekw\n|c| JabsGR|gg\n|c|\u2606Zaypher|gg\n|c|\u2606Abused24|gg\n|c|\u2606Abused24|yeah i couldnt cover for that haha\n|l|\u2606Zaypher\n|l| JabsGR\n","uploadtime":1700656086,"views":0,"p1id":"zaypher","p2id":"abused24","formatid":"gen9vgc2023regulatione","rating":0,"private":0,"password":""}