{"id":"gen9vgc2023regulatione-1996704074","p1":"yeetthe pokemon","p2":"NEhrnsberger30","format":"[Gen 9] VGC 2023 Regulation E","log":"|j|\u2606yeetthe pokemon\n|j|\u2606NEhrnsberger30\n|t:|1700711983\n|gametype|doubles\n|player|p1|yeetthe pokemon|1|1123\n|player|p2|NEhrnsberger30|hugh|1023\n|teamsize|p1|6\n|teamsize|p2|6\n|gen|9\n|tier|[Gen 9] VGC 2023 Regulation E\n|rated|\n|rule|Species Clause: Limit one of each Pok\u00e9mon\n|rule|Item Clause: Limit one of each item\n|clearpoke\n|poke|p1|Ogerpon, L50, F|\n|poke|p1|Iron Bundle, L50|\n|poke|p1|Chien-Pao, L50|\n|poke|p1|Arcanine-Hisui, L50, F|\n|poke|p1|Torkoal, L50, M|\n|poke|p1|Lilligant-Hisui, L50, F|\n|poke|p2|Sylveon, L50, F|\n|poke|p2|Glaceon, L50, F|\n|poke|p2|Umbreon, L50, M|\n|poke|p2|Vaporeon, L50, M|\n|poke|p2|Espeon, L50, F|\n|poke|p2|Jolteon, L50, M|\n|teampreview|4\n|inactive|Battle timer is ON: inactive players will automatically lose when time's up. (requested by NEhrnsberger30)\n|inactive|yeetthe pokemon also wants the timer to be on.\n|inactive|NEhrnsberger30 has 60 seconds left.\n|inactive|NEhrnsberger30 has 30 seconds left.\n|\n|t:|1700712043\n|start\n|switch|p1a: Torkoal|Torkoal, L50, M|100\/100\n|switch|p1b: Lilligant|Lilligant-Hisui, L50, F|100\/100\n|switch|p2a: Vaporeon|Vaporeon, L50, M, shiny|100\/100\n|switch|p2b: Sylveon|Sylveon, L50, F, shiny|100\/100\n|-weather|SunnyDay|[from] ability: Drought|[of] p1a: Torkoal\n|turn|1\n|inactive|NEhrnsberger30 has 30 seconds left.\n|\n|t:|1700712070\n|-terastallize|p2b: Sylveon|Fire\n|-terastallize|p1a: Torkoal|Fire\n|move|p1b: Lilligant|After You|p1a: Torkoal\n|-activate|p1a: Torkoal|move: After You\n|move|p1a: Torkoal|Eruption|p2b: Sylveon|[spread] p2a,p2b\n|-resisted|p2a: Vaporeon\n|-resisted|p2b: Sylveon\n|-damage|p2a: Vaporeon|41\/100\n|-damage|p2b: Sylveon|50\/100\n|-enditem|p2a: Vaporeon|Sitrus Berry|[eat]\n|-heal|p2a: Vaporeon|66\/100|[from] item: Sitrus Berry\n|move|p2a: Vaporeon|Yawn|p1a: Torkoal\n|-start|p1a: Torkoal|move: Yawn|[of] p2a: Vaporeon\n|move|p2b: Sylveon|Shadow Ball|p1a: Torkoal\n|-damage|p1a: Torkoal|47\/100\n|\n|-weather|SunnyDay|[upkeep]\n|upkeep\n|turn|2\n|\n|t:|1700712089\n|switch|p1a: Iron Bundle|Iron Bundle, L50, shiny|100\/100\n|-enditem|p1a: Iron Bundle|Booster Energy\n|-activate|p1a: Iron Bundle|ability: Quark Drive|[fromitem]\n|-start|p1a: Iron Bundle|quarkdrivespe\n|move|p1b: Lilligant|Leaf Blade|p2a: Vaporeon\n|-supereffective|p2a: Vaporeon\n|-damage|p2a: Vaporeon|0 fnt\n|faint|p2a: Vaporeon\n|move|p2b: Sylveon|Shadow Ball|p1a: Iron Bundle\n|-damage|p1a: Iron Bundle|14\/100\n|\n|-weather|SunnyDay|[upkeep]\n|upkeep\n|\n|t:|1700712108\n|switch|p2a: Glaceon|Glaceon, L50, F, shiny|100\/100\n|turn|3\n|\n|t:|1700712128\n|move|p1b: Lilligant|Close Combat|p2a: Glaceon\n|-supereffective|p2a: Glaceon\n|-damage|p2a: Glaceon|0 fnt\n|-unboost|p1b: Lilligant|def|1\n|-unboost|p1b: Lilligant|spd|1\n|faint|p2a: Glaceon\n|move|p1a: Iron Bundle|U-turn|p2b: Sylveon\n|-resisted|p2b: Sylveon\n|-damage|p2b: Sylveon|43\/100\n|\n|t:|1700712131\n|-end|p1a: Iron Bundle|Quark Drive|[silent]\n|switch|p1a: Torkoal|Torkoal, L50, M, tera:Fire|47\/100|[from] U-turn\n|move|p2b: Sylveon|Shadow Ball|p1a: Torkoal\n|-damage|p1a: Torkoal|0 fnt\n|faint|p1a: Torkoal\n|\n|-weather|SunnyDay|[upkeep]\n|upkeep\n|\n|t:|1700712141\n|switch|p2a: Espeon|Espeon, L50, F, shiny|100\/100\n|switch|p1a: Iron Bundle|Iron Bundle, L50, shiny|14\/100\n|turn|4\n|\n|t:|1700712158\n|move|p1b: Lilligant|Leaf Blade|p2a: Espeon\n|-damage|p2a: Espeon|46\/100\n|move|p1a: Iron Bundle|Hydro Pump|p2b: Sylveon\n|-supereffective|p2b: Sylveon\n|-damage|p2b: Sylveon|1\/100\n|move|p2a: Espeon|Dazzling Gleam|p1b: Lilligant|[spread] p1a,p1b\n|-supereffective|p1b: Lilligant\n|-damage|p1a: Iron Bundle|0 fnt\n|-damage|p1b: Lilligant|12\/100\n|faint|p1a: Iron Bundle\n|-end|p1a: Iron Bundle|Quark Drive|[silent]\n|move|p2b: Sylveon|Shadow Ball|p1b: Lilligant\n|-damage|p1b: Lilligant|0 fnt\n|faint|p1b: Lilligant\n|\n|-weather|SunnyDay|[upkeep]\n|upkeep\n|\n|t:|1700712171\n|switch|p1a: Ogerpon|Ogerpon, L50, F|100\/100\n|turn|5\n|inactive|NEhrnsberger30 has 30 seconds left.\n|\n|t:|1700712197\n|move|p1a: Ogerpon|Ivy Cudgel|p2b: Sylveon\n|-resisted|p2b: Sylveon\n|-damage|p2b: Sylveon|0 fnt\n|faint|p2b: Sylveon\n|move|p2a: Espeon|Psych Up|p1a: Ogerpon\n|-copyboost|p2a: Espeon|p1a: Ogerpon|[from] move: Psych Up\n|\n|-weather|none\n|upkeep\n|turn|6\n|\n|t:|1700712204\n|move|p1a: Ogerpon|Throat Chop|p2a: Espeon\n|-supereffective|p2a: Espeon\n|-damage|p2a: Espeon|0 fnt\n|faint|p2a: Espeon\n|\n|win|yeetthe pokemon\n|raw|yeetthe pokemon's rating: 1123 &rarr; <strong>1141<\/strong><br \/>(+18 for winning)\n|raw|NEhrnsberger30's rating: 1023 &rarr; <strong>1013<\/strong><br \/>(-10 for losing)\n|l|\u2606NEhrnsberger30\n","uploadtime":1700712212,"views":2,"p1id":"yeetthepokemon","p2id":"nehrnsberger30","formatid":"gen9vgc2023regulatione","rating":1013,"private":0,"password":""}