{"id":"gen9vgc2023regulatione-1990497649","p1":"oreorc16","p2":"moggyoh","format":"[Gen 9] VGC 2023 Regulation E","log":"|j|\u2606oreorc16\n|j|\u2606moggyoh\n|t:|1699976311\n|gametype|doubles\n|player|p1|oreorc16|169|1337\n|player|p2|moggyoh|1|1317\n|teamsize|p1|6\n|teamsize|p2|6\n|gen|9\n|tier|[Gen 9] VGC 2023 Regulation E\n|rated|\n|rule|Species Clause: Limit one of each Pok\u00e9mon\n|rule|Item Clause: Limit one of each item\n|clearpoke\n|poke|p1|Weezing-Galar, L50, F|\n|poke|p1|Toedscruel, L50, F|\n|poke|p1|Indeedee-F, L50, F|\n|poke|p1|Frosmoth, L50, M|\n|poke|p1|Iron Bundle, L50|\n|poke|p1|Ogerpon-Cornerstone, L50, F|\n|poke|p2|Zapdos-Galar, L50|\n|poke|p2|Chien-Pao, L50|\n|poke|p2|Farigiraf, L50, F|\n|poke|p2|Heatran, L50, F|\n|poke|p2|Rillaboom, L50, F|\n|poke|p2|Dragapult, L50, F|\n|teampreview|4\n|\n|t:|1699976377\n|start\n|switch|p1a: Indeedee|Indeedee-F, L50, F|100\/100\n|switch|p1b: Iron Bundle|Iron Bundle, L50|100\/100\n|switch|p2a: Zapdos|Zapdos-Galar, L50|100\/100\n|switch|p2b: Heatran|Heatran, L50, F|100\/100\n|-fieldstart|move: Psychic Terrain|[from] ability: Psychic Surge|[of] p1a: Indeedee\n|-enditem|p1b: Iron Bundle|Booster Energy\n|-activate|p1b: Iron Bundle|ability: Quark Drive|[fromitem]\n|-start|p1b: Iron Bundle|quarkdrivespe\n|turn|1\n|\n|t:|1699976412\n|-terastallize|p2b: Heatran|Fairy\n|move|p1b: Iron Bundle|Protect|p1b: Iron Bundle\n|-singleturn|p1b: Iron Bundle|Protect\n|move|p2a: Zapdos|U-turn|p1b: Iron Bundle\n|-activate|p1b: Iron Bundle|move: Protect\n|move|p1a: Indeedee|Psyshock|p2a: Zapdos\n|-supereffective|p2a: Zapdos\n|-damage|p2a: Zapdos|21\/100\n|move|p2b: Heatran|Heat Wave|p1a: Indeedee|[spread] p1a\n|-activate|p1b: Iron Bundle|move: Protect\n|-damage|p1a: Indeedee|63\/100\n|\n|upkeep\n|turn|2\n|\n|t:|1699976434\n|move|p1a: Indeedee|Follow Me|p1a: Indeedee\n|-singleturn|p1a: Indeedee|move: Follow Me\n|move|p1b: Iron Bundle|Freeze-Dry|p2a: Zapdos\n|-supereffective|p2a: Zapdos\n|-damage|p2a: Zapdos|0 fnt\n|faint|p2a: Zapdos\n|move|p2b: Heatran|Heat Wave|p1a: Indeedee|[spread] p1a\n|-miss|p2b: Heatran|p1b: Iron Bundle\n|-damage|p1a: Indeedee|28\/100\n|\n|upkeep\n|\n|t:|1699976447\n|switch|p2a: Rillaboom|Rillaboom, L50, F|100\/100\n|-fieldstart|move: Grassy Terrain|[from] ability: Grassy Surge|[of] p2a: Rillaboom\n|turn|3\n|\n|t:|1699976469\n|switch|p1a: Weezing|Weezing-Galar, L50, F|100\/100\n|-ability|p1a: Weezing|Neutralizing Gas\n|move|p1b: Iron Bundle|Protect|p1b: Iron Bundle\n|-singleturn|p1b: Iron Bundle|Protect\n|move|p2a: Rillaboom|Grassy Glide|p1b: Iron Bundle\n|-activate|p1b: Iron Bundle|move: Protect\n|move|p2b: Heatran|Flash Cannon|p1a: Weezing\n|-supereffective|p1a: Weezing\n|-damage|p1a: Weezing|0 fnt\n|faint|p1a: Weezing\n|-end|p1a: Weezing|ability: Neutralizing Gas\n|\n|upkeep\n|\n|t:|1699976479\n|switch|p1a: Indeedee|Indeedee-F, L50, F|28\/100\n|-fieldstart|move: Psychic Terrain|[from] ability: Psychic Surge|[of] p1a: Indeedee\n|turn|4\n|\n|t:|1699976500\n|switch|p2a: Farigiraf|Farigiraf, L50, F|100\/100\n|move|p1a: Indeedee|Follow Me|p1a: Indeedee\n|-singleturn|p1a: Indeedee|move: Follow Me\n|move|p1b: Iron Bundle|Freeze-Dry|p2a: Farigiraf\n|-damage|p2a: Farigiraf|67\/100\n|move|p2b: Heatran|Heat Wave|p1a: Indeedee|[spread] p1a,p1b\n|-damage|p1a: Indeedee|0 fnt\n|-damage|p1b: Iron Bundle|39\/100\n|faint|p1a: Indeedee\n|\n|upkeep\n|\n|t:|1699976506\n|switch|p1a: Toedscruel|Toedscruel, L50, F|100\/100\n|turn|5\n|-message|oreorc16 forfeited.\n|\n|win|moggyoh\n|raw|oreorc16's rating: 1337 &rarr; <strong>1316<\/strong><br \/>(-21 for losing)\n|raw|moggyoh's rating: 1317 &rarr; <strong>1338<\/strong><br \/>(+21 for winning)\n|l|\u2606oreorc16\n","uploadtime":1699976532,"views":10,"p1id":"oreorc16","p2id":"moggyoh","formatid":"gen9vgc2023regulatione","rating":1316,"private":0,"password":""}