{"id":"gen9vgc2023regulatione-1999594511","p1":"JayoticNL","p2":"Eyemasked","format":"[Gen 9] VGC 2023 Regulation E","log":"|j|\u2606JayoticNL\n|j|\u2606Eyemasked\n|t:|1701099488\n|gametype|doubles\n|player|p1|JayoticNL|emmet|1485\n|player|p2|Eyemasked|265|1387\n|teamsize|p1|6\n|teamsize|p2|6\n|gen|9\n|tier|[Gen 9] VGC 2023 Regulation E\n|rated|\n|rule|Species Clause: Limit one of each Pok\u00e9mon\n|rule|Item Clause: Limit one of each item\n|clearpoke\n|poke|p1|Ogerpon, L50, F|\n|poke|p1|Thundurus, L50, M|\n|poke|p1|Chi-Yu, L50|\n|poke|p1|Flutter Mane, L50|\n|poke|p1|Dondozo, L50, F|\n|poke|p1|Tatsugiri, L50, F|\n|poke|p2|Chi-Yu, L50|\n|poke|p2|Flutter Mane, L50|\n|poke|p2|Tornadus, L50, M|\n|poke|p2|Landorus-Therian, L50, M|\n|poke|p2|Amoonguss, L50, M|\n|poke|p2|Urshifu-*, L50, F|\n|teampreview|4\n|\n|t:|1701099533\n|start\n|switch|p1a: Flutter Mane|Flutter Mane, L50|100\/100\n|switch|p1b: Ogerpon|Ogerpon, L50, F|100\/100\n|switch|p2a: Amoonguss|Amoonguss, L50, M|100\/100\n|switch|p2b: Flutter Mane|Flutter Mane, L50|100\/100\n|-enditem|p1a: Flutter Mane|Booster Energy\n|-activate|p1a: Flutter Mane|ability: Protosynthesis|[fromitem]\n|-start|p1a: Flutter Mane|protosynthesisspe\n|-enditem|p2b: Flutter Mane|Booster Energy\n|-activate|p2b: Flutter Mane|ability: Protosynthesis|[fromitem]\n|-start|p2b: Flutter Mane|protosynthesisspa\n|turn|1\n|inactive|Battle timer is ON: inactive players will automatically lose when time's up. (requested by Eyemasked)\n|\n|t:|1701099556\n|-terastallize|p2b: Flutter Mane|Fairy\n|-terastallize|p1b: Ogerpon|Grass\n|detailschange|p1b: Ogerpon|Ogerpon-Teal-Tera, L50, F, tera:Grass\n|-ability|p1b: Ogerpon|Embody Aspect (Teal)|boost\n|-boost|p1b: Ogerpon|spe|1\n|move|p1a: Flutter Mane|Icy Wind|p2a: Amoonguss|[spread] p2b\n|-miss|p1a: Flutter Mane|p2a: Amoonguss\n|-crit|p2b: Flutter Mane\n|-damage|p2b: Flutter Mane|84\/100\n|-unboost|p2b: Flutter Mane|spe|1\n|move|p1b: Ogerpon|Ivy Cudgel|p2b: Flutter Mane\n|-damage|p2b: Flutter Mane|0 fnt\n|faint|p2b: Flutter Mane\n|-end|p2b: Flutter Mane|Protosynthesis|[silent]\n|move|p2a: Amoonguss|Spore|p1a: Flutter Mane\n|-status|p1a: Flutter Mane|slp|[from] move: Spore\n|\n|upkeep\n|\n|t:|1701099576\n|switch|p2b: Chi-Yu|Chi-Yu, L50|100\/100\n|-ability|p2b: Chi-Yu|Beads of Ruin\n|turn|2\n|\n|t:|1701099596\n|move|p1b: Ogerpon|Spiky Shield|p1b: Ogerpon\n|-singleturn|p1b: Ogerpon|move: Protect\n|cant|p1a: Flutter Mane|slp\n|move|p2b: Chi-Yu|Heat Wave|p1a: Flutter Mane|[spread] \n|-activate|p1b: Ogerpon|move: Protect\n|-miss|p2b: Chi-Yu|p1a: Flutter Mane\n|move|p2a: Amoonguss|Pollen Puff|p1b: Ogerpon\n|-activate|p1b: Ogerpon|move: Protect\n|\n|upkeep\n|turn|3\n|\n|t:|1701099615\n|cant|p1a: Flutter Mane|slp\n|move|p1b: Ogerpon|Stomping Tantrum|p2b: Chi-Yu\n|-supereffective|p2b: Chi-Yu\n|-damage|p2b: Chi-Yu|13\/100\n|move|p2b: Chi-Yu|Snarl|p1a: Flutter Mane|[spread] p1a,p1b\n|-damage|p1a: Flutter Mane|69\/100 slp\n|-damage|p1b: Ogerpon|66\/100\n|-unboost|p1a: Flutter Mane|spa|1\n|-unboost|p1b: Ogerpon|spa|1\n|move|p2a: Amoonguss|Pollen Puff|p2b: Chi-Yu\n|-heal|p2b: Chi-Yu|63\/100\n|\n|upkeep\n|turn|4\n|\n|t:|1701099637\n|move|p2a: Amoonguss|Rage Powder|p2a: Amoonguss\n|-singleturn|p2a: Amoonguss|move: Rage Powder\n|-curestatus|p1a: Flutter Mane|slp|[msg]\n|move|p1a: Flutter Mane|Shadow Ball|p2a: Amoonguss\n|-damage|p2a: Amoonguss|72\/100\n|-unboost|p2a: Amoonguss|spd|1\n|move|p1b: Ogerpon|Stomping Tantrum|p2b: Chi-Yu\n|-supereffective|p2b: Chi-Yu\n|-damage|p2b: Chi-Yu|0 fnt\n|faint|p2b: Chi-Yu\n|\n|upkeep\n|\n|t:|1701099648\n|switch|p2b: Urshifu|Urshifu-Rapid-Strike, L50, F|100\/100\n|turn|5\n|\n|t:|1701099669\n|move|p1a: Flutter Mane|Dazzling Gleam|p2a: Amoonguss|[spread] p2a,p2b\n|-resisted|p2a: Amoonguss\n|-supereffective|p2b: Urshifu\n|-damage|p2a: Amoonguss|58\/100\n|-damage|p2b: Urshifu|46\/100\n|move|p1b: Ogerpon|Ivy Cudgel|p2b: Urshifu\n|-supereffective|p2b: Urshifu\n|-crit|p2b: Urshifu\n|-damage|p2b: Urshifu|0 fnt\n|faint|p2b: Urshifu\n|move|p2a: Amoonguss|Pollen Puff|p1b: Ogerpon\n|-supereffective|p1b: Ogerpon\n|-damage|p1b: Ogerpon|25\/100\n|\n|upkeep\n|turn|6\n|c|\u2606Eyemasked|gg\n|-message|Eyemasked forfeited.\n|\n|win|JayoticNL\n|raw|JayoticNL's rating: 1485 &rarr; <strong>1500<\/strong><br \/>(+15 for winning)\n|raw|Eyemasked's rating: 1387 &rarr; <strong>1372<\/strong><br \/>(-15 for losing)\n|l|\u2606Eyemasked\n","uploadtime":1701100016,"views":11,"p1id":"jayoticnl","p2id":"eyemasked","formatid":"gen9vgc2023regulatione","rating":1372,"private":0,"password":""}