{"id":"gen9vgc2023regulatione-1989445382","p1":"ale cog","p2":"Radio Free C-Side","format":"[Gen 9] VGC 2023 Regulation E","log":"|j|\u2606ale cog\n|j|\u2606Radio Free C-Side\n|t:|1699851541\n|gametype|doubles\n|player|p1|ale cog|pokefanf-gen4|\n|player|p2|Radio Free C-Side|steven-masters|\n|teamsize|p1|6\n|teamsize|p2|6\n|gen|9\n|tier|[Gen 9] VGC 2023 Regulation E\n|rated|Tournament battle\n|rule|Species Clause: Limit one of each Pok\u00e9mon\n|rule|Item Clause: Limit one of each item\n|clearpoke\n|poke|p1|Landorus, L50, M|\n|poke|p1|Tornadus, L50, M|\n|poke|p1|Ogerpon-Hearthflame, L50, F|\n|poke|p1|Iron Hands, L50|\n|poke|p1|Urshifu-*, L50, M|\n|poke|p1|Rillaboom, L50, F|\n|poke|p2|Azumarill, L50, F|\n|poke|p2|Landorus-Therian, L50, M|\n|poke|p2|Flutter Mane, L50|\n|poke|p2|Clefairy, L50, M|\n|poke|p2|Sinistcha-Masterpiece, L50|\n|poke|p2|Kommo-o, L50, M|\n|teampreview|4\n|showteam|p1|Landorus||LifeOrb|SheerForce|EarthPower,SandsearStorm,SludgeBomb,Protect|||M|||50|,,,,,Dragon]Tornadus||MentalHerb|Prankster|BleakwindStorm,Taunt,Tailwind,RainDance|||M|||50|,,,,,Ghost]Ogerpon-Hearthflame||HearthflameMask|MoldBreaker|IvyCudgel,GrassyGlide,SwordsDance,SpikyShield|||F|||50|,,,,,Fire]Iron Hands||AssaultVest|QuarkDrive|DrainPunch,WildCharge,HeavySlam,FakeOut||||||50|,,,,,Electric]Urshifu-Rapid-Strike||ChoiceScarf|UnseenFist|SurgingStrikes,CloseCombat,AquaJet,Uturn|||M|||50|,,,,,Water]Rillaboom||MeadowPlate|GrassySurge|WoodHammer,GrassyGlide,FakeOut,Protect|||F|||50|,,,,,Grass\n|showteam|p2|Azumarill||SitrusBerry|HugePower|AquaJet,PlayRough,BellyDrum,Protect|||F|||50|,,,,,Fire]Landorus-Therian||ChoiceScarf|Intimidate|StompingTantrum,TeraBlast,RockSlide,Uturn|||M|||50|,,,,,Flying]Flutter Mane||BoosterEnergy|Protosynthesis|DazzlingGleam,Moonblast,ShadowBall,Protect||||||50|,,,,,Fairy]Clefairy||Eviolite|FriendGuard|HelpingHand,HealPulse,FollowMe,Protect|||M|||50|,,,,,Grass]Sinistcha-Masterpiece||RockyHelmet|Hospitality|LifeDew,RagePowder,TrickRoom,MatchaGotcha||||||50|,,,,,Water]Kommo-o||Leftovers|Bulletproof|FlashCannon,ClangingScales,ClangorousSoul,Protect|||M|||50|,,,,,Steel\n|inactive|Battle timer is ON: inactive players will automatically lose when time's up. (requested by ale cog)\n|c|\u2606Radio Free C-Side|glhf\n|c|\u2606ale cog|u2\n|j| Grewt\n|c| Grewt|Oh triple fairy\n|inactive|ale cog has 60 seconds left.\n|c| Grewt|mans been cooking\n|\n|t:|1699851581\n|start\n|switch|p1a: Landizzle|Landorus, L50, M|100\/100\n|switch|p1b: Just A Prank Bro|Tornadus, L50, M, shiny|100\/100\n|switch|p2a: Azumarill|Azumarill, L50, F|100\/100\n|switch|p2b: Clefairy|Clefairy, L50, M|100\/100\n|turn|1\n|c|\u2606Radio Free C-Side|this is legit just \"click azu and pray team\"\n|inactive|ale cog has 30 seconds left.\n|\n|t:|1699851615\n|move|p1b: Just A Prank Bro|Rain Dance|p1b: Just A Prank Bro\n|-weather|RainDance\n|move|p2a: Azumarill|Aqua Jet|p1a: Landizzle\n|-supereffective|p1a: Landizzle\n|-damage|p1a: Landizzle|22\/100\n|move|p1a: Landizzle|Sandsear Storm|p2b: Clefairy|[spread] p2a,p2b\n|-damage|p2a: Azumarill|53\/100\n|-damage|p2b: Clefairy|52\/100\n|move|p2b: Clefairy|Heal Pulse|p2a: Azumarill\n|-heal|p2a: Azumarill|100\/100\n|\n|-weather|RainDance|[upkeep]\n|upkeep\n|turn|2\n|c|\u2606ale cog|rip\n|c|\u2606Radio Free C-Side|lmao\n|inactive|ale cog has 30 seconds left.\n|inactive|Radio Free C-Side has 30 seconds left.\n|inactive|ale cog has 20 seconds left.\n|inactive|ale cog has 15 seconds left.\n|inactive|ale cog has 10 seconds left.\n|\n|t:|1699851662\n|-terastallize|p1a: Landizzle|Dragon\n|move|p2b: Clefairy|Protect|p2b: Clefairy\n|-singleturn|p2b: Clefairy|Protect\n|move|p1a: Landizzle|Sludge Bomb|p2a: Azumarill\n|-supereffective|p2a: Azumarill\n|-damage|p2a: Azumarill|27\/100\n|-enditem|p2a: Azumarill|Sitrus Berry|[eat]\n|-heal|p2a: Azumarill|52\/100|[from] item: Sitrus Berry\n|move|p1b: Just A Prank Bro|Bleakwind Storm|p2b: Clefairy|[spread] p2a\n|-activate|p2b: Clefairy|move: Protect\n|-damage|p2a: Azumarill|30\/100\n|move|p2a: Azumarill|Play Rough|p1b: Just A Prank Bro|[miss]\n|-miss|p2a: Azumarill|p1b: Just A Prank Bro\n|\n|-weather|RainDance|[upkeep]\n|upkeep\n|turn|3\n|c|\u2606Radio Free C-Side|gdamnit azu\n|inactive|ale cog has 30 seconds left.\n|inactive|ale cog has 20 seconds left.\n|inactive|ale cog has 15 seconds left.\n|\n|t:|1699851707\n|switch|p1a: Rillaboomer|Rillaboom, L50, F|100\/100\n|-fieldstart|move: Grassy Terrain|[from] ability: Grassy Surge|[of] p1a: Rillaboomer\n|move|p2a: Azumarill|Aqua Jet|p1a: Rillaboomer\n|-resisted|p1a: Rillaboomer\n|-damage|p1a: Rillaboomer|83\/100\n|move|p1b: Just A Prank Bro|Bleakwind Storm|p2b: Clefairy|[spread] p2a,p2b\n|-damage|p2a: Azumarill|8\/100\n|-damage|p2b: Clefairy|25\/100\n|-unboost|p2a: Azumarill|spe|1\n|move|p2b: Clefairy|Heal Pulse|p2a: Azumarill\n|-heal|p2a: Azumarill|58\/100\n|\n|-weather|RainDance|[upkeep]\n|-heal|p1a: Rillaboomer|89\/100|[from] Grassy Terrain\n|-heal|p2b: Clefairy|31\/100|[from] Grassy Terrain\n|-heal|p2a: Azumarill|64\/100|[from] Grassy Terrain\n|upkeep\n|turn|4\n|c| Grewt|Dlc shouldve given it spirit break\n|inactive|ale cog has 30 seconds left.\n|\n|t:|1699851732\n|move|p2b: Clefairy|Protect|p2b: Clefairy\n|-singleturn|p2b: Clefairy|Protect\n|move|p2a: Azumarill|Protect|p2a: Azumarill\n|-singleturn|p2a: Azumarill|Protect\n|move|p1b: Just A Prank Bro|Bleakwind Storm|p2a: Azumarill|[spread] \n|-activate|p2a: Azumarill|move: Protect\n|-activate|p2b: Clefairy|move: Protect\n|move|p1a: Rillaboomer|Wood Hammer|p2a: Azumarill\n|-activate|p2a: Azumarill|move: Protect\n|\n|-weather|RainDance|[upkeep]\n|-heal|p1a: Rillaboomer|95\/100|[from] Grassy Terrain\n|-heal|p2b: Clefairy|37\/100|[from] Grassy Terrain\n|-heal|p2a: Azumarill|69\/100|[from] Grassy Terrain\n|upkeep\n|turn|5\n|\n|t:|1699851752\n|-terastallize|p2a: Azumarill|Fire\n|move|p2b: Clefairy|Helping Hand|p2a: Azumarill\n|-singleturn|p2a: Azumarill|Helping Hand|[of] p2b: Clefairy\n|move|p1b: Just A Prank Bro|Bleakwind Storm|p2b: Clefairy|[spread] p2a,p2b\n|-damage|p2a: Azumarill|45\/100\n|-damage|p2b: Clefairy|12\/100\n|-unboost|p2a: Azumarill|spe|1\n|move|p1a: Rillaboomer|Wood Hammer|p2a: Azumarill\n|-resisted|p2a: Azumarill\n|-damage|p2a: Azumarill|8\/100\n|-damage|p1a: Rillaboomer|84\/100|[from] Recoil\n|move|p2a: Azumarill|Play Rough|p1a: Rillaboomer|[miss]\n|-miss|p2a: Azumarill|p1a: Rillaboomer\n|\n|-weather|none\n|-heal|p1a: Rillaboomer|90\/100|[from] Grassy Terrain\n|-heal|p2b: Clefairy|18\/100|[from] Grassy Terrain\n|-heal|p2a: Azumarill|14\/100|[from] Grassy Terrain\n|upkeep\n|turn|6\n|c|\u2606Radio Free C-Side|AZU\n|c|\u2606Radio Free C-Side|PLEASE\n|inactive|ale cog has 30 seconds left.\n|inactive|Radio Free C-Side has 30 seconds left.\n|inactive|ale cog has 20 seconds left.\n|inactive|ale cog has 15 seconds left.\n|\n|t:|1699851796\n|switch|p2b: Sinistcha|Sinistcha-Masterpiece, L50|100\/100\n|-heal|p2a: Azumarill|39\/100|[from] ability: Hospitality|[of] p2b: Sinistcha\n|move|p2a: Azumarill|Protect|p2a: Azumarill\n|-singleturn|p2a: Azumarill|Protect\n|move|p1b: Just A Prank Bro|Tailwind|p1b: Just A Prank Bro\n|-sidestart|p1: ale cog|move: Tailwind\n|move|p1a: Rillaboomer|Wood Hammer|p2a: Azumarill\n|-activate|p2a: Azumarill|move: Protect\n|\n|-heal|p1a: Rillaboomer|96\/100|[from] Grassy Terrain\n|-heal|p2a: Azumarill|45\/100|[from] Grassy Terrain\n|upkeep\n|turn|7\n|inactive|Radio Free C-Side has 30 seconds left.\n|inactive|ale cog has 30 seconds left.\n|\n|t:|1699851829\n|move|p1b: Just A Prank Bro|Bleakwind Storm|p2b: Sinistcha|[spread] p2a,p2b\n|-supereffective|p2b: Sinistcha\n|-damage|p2a: Azumarill|12\/100\n|-damage|p2b: Sinistcha|32\/100\n|-unboost|p2a: Azumarill|spe|1\n|-unboost|p2b: Sinistcha|spe|1\n|move|p1a: Rillaboomer|Wood Hammer|p2a: Azumarill\n|-resisted|p2a: Azumarill\n|-damage|p2a: Azumarill|0 fnt\n|faint|p2a: Azumarill\n|-damage|p1a: Rillaboomer|92\/100|[from] Recoil\n|move|p2b: Sinistcha|Trick Room|p2b: Sinistcha\n|-fieldstart|move: Trick Room|[of] p2b: Sinistcha\n|\n|-heal|p2b: Sinistcha|38\/100|[from] Grassy Terrain\n|-heal|p1a: Rillaboomer|98\/100|[from] Grassy Terrain\n|-fieldend|move: Grassy Terrain\n|upkeep\n|\n|t:|1699851838\n|switch|p2a: Clefairy|Clefairy, L50, M|18\/100\n|turn|8\n|c|\u2606Radio Free C-Side|azu genuinely threw this\n|c|\u2606Radio Free C-Side|so hard\n|\n|t:|1699851851\n|switch|p1a: Fiona-Hearthflame|Ogerpon-Hearthflame, L50, F|100\/100\n|-ability|p1a: Fiona-Hearthflame|Mold Breaker\n|move|p1b: Just A Prank Bro|Taunt|p2a: Clefairy\n|-start|p2a: Clefairy|move: Taunt\n|cant|p2a: Clefairy|move: Taunt|Heal Pulse\n|move|p2b: Sinistcha|Matcha Gotcha|p1a: Fiona-Hearthflame|[spread] p1a\n|-miss|p2b: Sinistcha|p1b: Just A Prank Bro\n|-resisted|p1a: Fiona-Hearthflame\n|-damage|p1a: Fiona-Hearthflame|95\/100\n|-heal|p2b: Sinistcha|42\/100|[from] drain|[of] p1a: Fiona-Hearthflame\n|\n|upkeep\n|turn|9\n|\n|t:|1699851865\n|switch|p2a: Landorus|Landorus-Therian, L50, M|100\/100\n|-ability|p2a: Landorus|Intimidate|boost\n|-unboost|p1a: Fiona-Hearthflame|atk|1\n|-unboost|p1b: Just A Prank Bro|atk|1\n|move|p2b: Sinistcha|Matcha Gotcha|p1b: Just A Prank Bro|[spread] p1a,p1b\n|-resisted|p1a: Fiona-Hearthflame\n|-resisted|p1b: Just A Prank Bro\n|-damage|p1a: Fiona-Hearthflame|89\/100\n|-heal|p2b: Sinistcha|45\/100|[from] drain|[of] p1a: Fiona-Hearthflame\n|-damage|p1b: Just A Prank Bro|88\/100\n|-heal|p2b: Sinistcha|52\/100|[from] drain|[of] p1b: Just A Prank Bro\n|move|p1b: Just A Prank Bro|Bleakwind Storm|p2b: Sinistcha|[spread] p2b\n|-miss|p1b: Just A Prank Bro|p2a: Landorus\n|-supereffective|p2b: Sinistcha\n|-damage|p2b: Sinistcha|0 fnt\n|faint|p2b: Sinistcha\n|move|p1a: Fiona-Hearthflame|Ivy Cudgel|p2a: Landorus\n|-damage|p2a: Landorus|57\/100\n|\n|-sideend|p1: ale cog|move: Tailwind\n|upkeep\n|\n|t:|1699851872\n|switch|p2b: Clefairy|Clefairy, L50, M|18\/100\n|turn|10\n|\n|t:|1699851884\n|move|p2b: Clefairy|Follow Me|p2b: Clefairy\n|-singleturn|p2b: Clefairy|move: Follow Me\n|move|p1b: Just A Prank Bro|Bleakwind Storm|p2b: Clefairy|[spread] p2a,p2b\n|-damage|p2a: Landorus|27\/100\n|-damage|p2b: Clefairy|0 fnt\n|-unboost|p2a: Landorus|spe|1\n|faint|p2b: Clefairy\n|move|p1a: Fiona-Hearthflame|Ivy Cudgel|p2a: Landorus\n|-damage|p2a: Landorus|0 fnt\n|faint|p2a: Landorus\n|\n|win|ale cog\n|n|\u2606ale cog|alecog\n|n|\u2606Radio Free C-Side|radiofreecside\n|n| Grewt|grewt\n|c|\u2606Radio Free C-Side|gg\n|l| Grewt\n|c|\u2606ale cog|gg\n|c|\u2606Radio Free C-Side|but like, not for azu\n|c|\u2606ale cog|:(\n|c|\u2606ale cog|azu is one of my favorites\n|l|\u2606Radio Free C-Side\n|c|\u2606ale cog|so azus cant hit me\n","uploadtime":1699851960,"views":22,"p1id":"alecog","p2id":"radiofreecside","formatid":"gen9vgc2023regulatione","rating":0,"private":0,"password":""}