{"id":"gen9vgc2023regulatione-1990216568","p1":"nc1331","p2":"Mcreethan","format":"[Gen 9] VGC 2023 Regulation E","log":"|j|\u2606nc1331\n|j|\u2606Mcreethan\n|t:|1699938829\n|gametype|doubles\n|player|p1|nc1331|101|1139\n|player|p2|Mcreethan|2|1232\n|teamsize|p1|6\n|teamsize|p2|6\n|gen|9\n|tier|[Gen 9] VGC 2023 Regulation E\n|rated|\n|rule|Species Clause: Limit one of each Pok\u00e9mon\n|rule|Item Clause: Limit one of each item\n|clearpoke\n|poke|p1|Armarouge, L50, F|\n|poke|p1|Indeedee-F, L50, F|\n|poke|p1|Masquerain, L50, M|\n|poke|p1|Urshifu-*, L50, F|\n|poke|p1|Rillaboom, L50, F|\n|poke|p1|Flutter Mane, L50|\n|poke|p2|Gholdengo, L50|\n|poke|p2|Clefairy, L50, M|\n|poke|p2|Ogerpon, L50, F|\n|poke|p2|Roaring Moon, L50|\n|poke|p2|Iron Hands, L50|\n|poke|p2|Urshifu-*, L50, M|\n|teampreview|4\n|inactive|Battle timer is ON: inactive players will automatically lose when time's up. (requested by Mcreethan)\n|inactive|Mcreethan has 60 seconds left.\n|\n|t:|1699938860\n|start\n|switch|p1a: Flutter Mane|Flutter Mane, L50|100\/100\n|switch|p1b: Armarouge|Armarouge, L50, F|100\/100\n|switch|p2a: Roaring Moon|Roaring Moon, L50|100\/100\n|switch|p2b: Ogerpon|Ogerpon, L50, F|100\/100\n|-enditem|p2a: Roaring Moon|Booster Energy\n|-activate|p2a: Roaring Moon|ability: Protosynthesis|[fromitem]\n|-start|p2a: Roaring Moon|protosynthesisspe\n|-enditem|p1a: Flutter Mane|Booster Energy\n|-activate|p1a: Flutter Mane|ability: Protosynthesis|[fromitem]\n|-start|p1a: Flutter Mane|protosynthesisspa\n|turn|1\n|inactive|nc1331 has 30 seconds left.\n|\n|t:|1699938894\n|-terastallize|p1a: Flutter Mane|Fairy\n|-terastallize|p2b: Ogerpon|Grass\n|detailschange|p2b: Ogerpon|Ogerpon-Teal-Tera, L50, F, tera:Grass\n|-ability|p2b: Ogerpon|Embody Aspect (Teal)|boost\n|-boost|p2b: Ogerpon|spe|1\n|move|p1b: Armarouge|Endure|p1b: Armarouge\n|-singleturn|p1b: Armarouge|move: Endure\n|move|p2a: Roaring Moon|Tailwind|p2a: Roaring Moon\n|-sidestart|p2: Mcreethan|move: Tailwind\n|move|p2b: Ogerpon|Ivy Cudgel|p1a: Flutter Mane\n|-damage|p1a: Flutter Mane|0 fnt\n|faint|p1a: Flutter Mane\n|-end|p1a: Flutter Mane|Protosynthesis|[silent]\n|\n|upkeep\n|\n|t:|1699938910\n|switch|p1a: Indeedee|Indeedee-F, L50, F, shiny|100\/100\n|-fieldstart|move: Psychic Terrain|[from] ability: Psychic Surge|[of] p1a: Indeedee\n|turn|2\n|\n|t:|1699938922\n|-end|p2a: Roaring Moon|Protosynthesis|[silent]\n|switch|p2a: Clefairy|Clefairy, L50, M, shiny|100\/100\n|move|p1a: Indeedee|Follow Me|p1a: Indeedee\n|-singleturn|p1a: Indeedee|move: Follow Me\n|move|p2b: Ogerpon|Ivy Cudgel|p1a: Indeedee\n|-damage|p1a: Indeedee|35\/100\n|move|p1b: Armarouge|Armor Cannon|p2b: Ogerpon\n|-supereffective|p2b: Ogerpon\n|-damage|p2b: Ogerpon|0 fnt\n|-unboost|p1b: Armarouge|def|1\n|-unboost|p1b: Armarouge|spd|1\n|faint|p2b: Ogerpon\n|\n|upkeep\n|\n|t:|1699938934\n|switch|p2b: Roaring Moon|Roaring Moon, L50|100\/100\n|turn|3\n|\n|t:|1699938956\n|switch|p1b: Urshifu|Urshifu, L50, F|100\/100\n|move|p2b: Roaring Moon|Knock Off|p1b: Urshifu\n|-resisted|p1b: Urshifu\n|-damage|p1b: Urshifu|88\/100\n|-enditem|p1b: Urshifu|Choice Scarf|[from] move: Knock Off|[of] p2b: Roaring Moon\n|move|p2a: Clefairy|Moonblast|p1b: Urshifu\n|-supereffective|p1b: Urshifu\n|-damage|p1b: Urshifu|0 fnt\n|faint|p1b: Urshifu\n|move|p1a: Indeedee|Dazzling Gleam|p2b: Roaring Moon|[spread] p2a,p2b\n|-supereffective|p2b: Roaring Moon\n|-damage|p2a: Clefairy|89\/100\n|-damage|p2b: Roaring Moon|63\/100\n|\n|upkeep\n|\n|t:|1699938970\n|switch|p1b: Armarouge|Armarouge, L50, F|100\/100\n|turn|4\n|\n|t:|1699938982\n|move|p2b: Roaring Moon|Knock Off|p1a: Indeedee\n|-supereffective|p1a: Indeedee\n|-damage|p1a: Indeedee|0 fnt\n|-enditem|p1a: Indeedee|Mental Herb|[from] move: Knock Off|[of] p2b: Roaring Moon\n|faint|p1a: Indeedee\n|move|p1b: Armarouge|Armor Cannon|p2b: Roaring Moon\n|-resisted|p2b: Roaring Moon\n|-damage|p2b: Roaring Moon|41\/100\n|-unboost|p1b: Armarouge|def|1\n|-unboost|p1b: Armarouge|spd|1\n|move|p2a: Clefairy|Heal Pulse|p2b: Roaring Moon\n|-heal|p2b: Roaring Moon|91\/100\n|\n|-sideend|p2: Mcreethan|move: Tailwind\n|upkeep\n|turn|5\n|\n|t:|1699938997\n|move|p1b: Armarouge|Endure|p1b: Armarouge\n|-singleturn|p1b: Armarouge|move: Endure\n|move|p2b: Roaring Moon|Tailwind|p2b: Roaring Moon\n|-sidestart|p2: Mcreethan|move: Tailwind\n|move|p2a: Clefairy|Moonblast|p1b: Armarouge\n|-resisted|p1b: Armarouge\n|-damage|p1b: Armarouge|72\/100\n|\n|upkeep\n|turn|6\n|\n|t:|1699939009\n|move|p1b: Armarouge|Endure||[still]\n|-fail|p1b: Armarouge\n|move|p2b: Roaring Moon|Knock Off|p1b: Armarouge\n|-supereffective|p1b: Armarouge\n|-crit|p1b: Armarouge\n|-damage|p1b: Armarouge|0 fnt\n|-enditem|p1b: Armarouge|Weakness Policy|[from] move: Knock Off|[of] p2b: Roaring Moon\n|faint|p1b: Armarouge\n|\n|win|Mcreethan\n|raw|nc1331's rating: 1139 &rarr; <strong>1121<\/strong><br \/>(-18 for losing)\n|raw|Mcreethan's rating: 1232 &rarr; <strong>1250<\/strong><br \/>(+18 for winning)\n|l|\u2606nc1331\n","uploadtime":1699939030,"views":27,"p1id":"nc1331","p2id":"mcreethan","formatid":"gen9vgc2023regulatione","rating":1121,"private":0,"password":""}