{"id":"gen9vgc2023regulatione-1988227186","p1":"hit my whip","p2":"Fritler","format":"[Gen 9] VGC 2023 Regulation E","log":"|j|\u2606hit my whip\n|j|\u2606Fritler\n|t:|1699689371\n|gametype|doubles\n|player|p1|hit my whip|acetrainerf-gen4dp|1467\n|player|p2|Fritler|blackbelt-gen4dp|1394\n|teamsize|p1|6\n|teamsize|p2|6\n|gen|9\n|tier|[Gen 9] VGC 2023 Regulation E\n|rated|\n|rule|Species Clause: Limit one of each Pok\u00e9mon\n|rule|Item Clause: Limit one of each item\n|clearpoke\n|poke|p1|Kommo-o, L50, M|\n|poke|p1|Tyranitar, L50, F|\n|poke|p1|Rillaboom, L50, F|\n|poke|p1|Flutter Mane, L50|\n|poke|p1|Arcanine-Hisui, L50, F|\n|poke|p1|Iron Bundle, L50|\n|poke|p2|Iron Hands, L50|\n|poke|p2|Landorus-Therian, L50, M|\n|poke|p2|Tornadus, L50, M|\n|poke|p2|Flutter Mane, L50|\n|poke|p2|Arcanine, L50, F|\n|poke|p2|Urshifu-*, L50, M|\n|teampreview|4\n|inactive|Battle timer is ON: inactive players will automatically lose when time's up. (requested by hit my whip)\n|inactive|hit my whip has 60 seconds left.\n|\n|t:|1699689403\n|start\n|switch|p1a: Rillaboom|Rillaboom, L50, F|100\/100\n|switch|p1b: Flutter Mane|Flutter Mane, L50|100\/100\n|switch|p2a: Wind Mage|Tornadus, L50, M|100\/100\n|switch|p2b: General Shao|Landorus-Therian, L50, M|100\/100\n|-ability|p2b: General Shao|Intimidate|boost\n|-unboost|p1a: Rillaboom|atk|1\n|-unboost|p1b: Flutter Mane|atk|1\n|-fieldstart|move: Grassy Terrain|[from] ability: Grassy Surge|[of] p1a: Rillaboom\n|turn|1\n|\n|t:|1699689420\n|switch|p2b: Guand Doggirl|Arcanine, L50, F, shiny|100\/100\n|-ability|p2b: Guand Doggirl|Intimidate|boost\n|-unboost|p1a: Rillaboom|atk|1\n|-unboost|p1b: Flutter Mane|atk|1\n|move|p1a: Rillaboom|Fake Out|p2a: Wind Mage\n|-damage|p2a: Wind Mage|91\/100\n|move|p2a: Wind Mage|Tailwind|p2a: Wind Mage\n|-sidestart|p2: Fritler|move: Tailwind\n|move|p1b: Flutter Mane|Moonblast|p2a: Wind Mage\n|-damage|p2a: Wind Mage|7\/100\n|\n|upkeep\n|turn|2\n|\n|t:|1699689437\n|-end|p1b: Flutter Mane|Protosynthesis|[silent]\n|switch|p1b: Arcanine|Arcanine-Hisui, L50, F|100\/100\n|-ability|p1b: Arcanine|Intimidate|boost\n|-unboost|p2a: Wind Mage|atk|1\n|-unboost|p2b: Guand Doggirl|atk|1\n|move|p1a: Rillaboom|Grassy Glide|p2a: Wind Mage\n|-resisted|p2a: Wind Mage\n|-damage|p2a: Wind Mage|0 fnt\n|faint|p2a: Wind Mage\n|move|p2b: Guand Doggirl|Snarl|p1a: Rillaboom|[spread] p1a,p1b\n|-damage|p1a: Rillaboom|89\/100\n|-damage|p1b: Arcanine|90\/100\n|-unboost|p1a: Rillaboom|spa|1\n|-unboost|p1b: Arcanine|spa|1\n|\n|-heal|p1b: Arcanine|96\/100|[from] Grassy Terrain\n|-heal|p1a: Rillaboom|95\/100|[from] Grassy Terrain\n|upkeep\n|\n|t:|1699689452\n|switch|p2a: General Shao|Landorus-Therian, L50, M|100\/100\n|-ability|p2a: General Shao|Intimidate|boost\n|-unboost|p1a: Rillaboom|atk|1\n|-unboost|p1b: Arcanine|atk|1\n|turn|3\n|\n|t:|1699689463\n|switch|p1a: Kommo-o|Kommo-o, L50, M|100\/100\n|-terastallize|p1b: Arcanine|Water\n|move|p2b: Guand Doggirl|Protect|p2b: Guand Doggirl\n|-singleturn|p2b: Guand Doggirl|Protect\n|move|p2a: General Shao|Stomping Tantrum|p1b: Arcanine\n|-damage|p1b: Arcanine|49\/100\n|-enditem|p1b: Arcanine|Sitrus Berry|[eat]\n|-heal|p1b: Arcanine|74\/100|[from] item: Sitrus Berry\n|move|p1b: Arcanine|Will-O-Wisp|p2a: General Shao|[miss]\n|-miss|p1b: Arcanine|p2a: General Shao\n|\n|-heal|p1b: Arcanine|80\/100|[from] Grassy Terrain\n|upkeep\n|turn|4\n|\n|t:|1699689485\n|move|p2a: General Shao|Stomping Tantrum|p1b: Arcanine\n|-damage|p1b: Arcanine|33\/100\n|move|p2b: Guand Doggirl|Will-O-Wisp|p1a: Kommo-o|[miss]\n|-miss|p2b: Guand Doggirl|p1a: Kommo-o\n|move|p1b: Arcanine|Will-O-Wisp|p2a: General Shao|[miss]\n|-miss|p1b: Arcanine|p2a: General Shao\n|move|p1a: Kommo-o|Body Press|p2b: Guand Doggirl\n|-damage|p2b: Guand Doggirl|50\/100\n|-enditem|p2b: Guand Doggirl|Sitrus Berry|[eat]\n|-heal|p2b: Guand Doggirl|75\/100|[from] item: Sitrus Berry\n|\n|-heal|p2b: Guand Doggirl|81\/100|[from] Grassy Terrain\n|-heal|p1b: Arcanine|39\/100|[from] Grassy Terrain\n|-sideend|p2: Fritler|move: Tailwind\n|upkeep\n|turn|5\n|\n|t:|1699689500\n|move|p2a: General Shao|Stomping Tantrum|p1b: Arcanine\n|-damage|p1b: Arcanine|0 fnt\n|faint|p1b: Arcanine\n|move|p2b: Guand Doggirl|Will-O-Wisp|p1a: Kommo-o\n|-status|p1a: Kommo-o|brn\n|move|p1a: Kommo-o|Iron Defense|p1a: Kommo-o\n|-boost|p1a: Kommo-o|def|2\n|\n|-heal|p2b: Guand Doggirl|87\/100|[from] Grassy Terrain\n|-damage|p1a: Kommo-o|94\/100 brn|[from] brn\n|-fieldend|move: Grassy Terrain\n|upkeep\n|\n|t:|1699689504\n|switch|p1b: Rillaboom|Rillaboom, L50, F|95\/100\n|-fieldstart|move: Grassy Terrain|[from] ability: Grassy Surge|[of] p1b: Rillaboom\n|turn|6\n|\n|t:|1699689516\n|switch|p2a: Brawler Hand|Iron Hands, L50|100\/100\n|move|p1b: Rillaboom|Fake Out|p2b: Guand Doggirl\n|-damage|p2b: Guand Doggirl|69\/100\n|cant|p2b: Guand Doggirl|flinch\n|move|p1a: Kommo-o|Iron Defense|p1a: Kommo-o\n|-boost|p1a: Kommo-o|def|2\n|\n|-heal|p2b: Guand Doggirl|75\/100|[from] Grassy Terrain\n|-heal|p1b: Rillaboom|100\/100|[from] Grassy Terrain\n|-heal|p1a: Kommo-o|100\/100 brn|[from] Grassy Terrain\n|-damage|p1a: Kommo-o|94\/100 brn|[from] brn\n|upkeep\n|turn|7\n|\n|t:|1699689532\n|move|p2a: Brawler Hand|Fake Out|p1a: Kommo-o\n|-damage|p1a: Kommo-o|91\/100 brn\n|move|p2b: Guand Doggirl|Flare Blitz|p1b: Rillaboom\n|-supereffective|p1b: Rillaboom\n|-damage|p1b: Rillaboom|47\/100\n|-damage|p2b: Guand Doggirl|57\/100|[from] Recoil\n|move|p1b: Rillaboom|Wood Hammer|p2a: Brawler Hand\n|-damage|p2a: Brawler Hand|27\/100\n|-damage|p1b: Rillaboom|18\/100|[from] Recoil\n|cant|p1a: Kommo-o|flinch\n|\n|-heal|p2b: Guand Doggirl|63\/100|[from] Grassy Terrain\n|-heal|p1b: Rillaboom|24\/100|[from] Grassy Terrain\n|-heal|p1a: Kommo-o|97\/100 brn|[from] Grassy Terrain\n|-heal|p1a: Kommo-o|100\/100 brn|[from] item: Leftovers\n|-heal|p2a: Brawler Hand|33\/100|[from] Grassy Terrain\n|-damage|p1a: Kommo-o|94\/100 brn|[from] brn\n|upkeep\n|turn|8\n|\n|t:|1699689553\n|move|p2b: Guand Doggirl|Protect|p2b: Guand Doggirl\n|-singleturn|p2b: Guand Doggirl|Protect\n|move|p1b: Rillaboom|Grassy Glide|p2a: Brawler Hand\n|-damage|p2a: Brawler Hand|0 fnt\n|faint|p2a: Brawler Hand\n|-end|p2a: Brawler Hand|Quark Drive|[silent]\n|move|p1a: Kommo-o|Body Press|p2b: Guand Doggirl\n|-activate|p2b: Guand Doggirl|move: Protect\n|\n|-heal|p2b: Guand Doggirl|69\/100|[from] Grassy Terrain\n|-heal|p1b: Rillaboom|30\/100|[from] Grassy Terrain\n|-heal|p1a: Kommo-o|100\/100 brn|[from] Grassy Terrain\n|-damage|p1a: Kommo-o|94\/100 brn|[from] brn\n|upkeep\n|\n|t:|1699689566\n|switch|p2a: General Shao|Landorus-Therian, L50, M|100\/100\n|-ability|p2a: General Shao|Intimidate|boost\n|-unboost|p1a: Kommo-o|atk|1\n|-unboost|p1b: Rillaboom|atk|1\n|turn|9\n|\n|t:|1699689576\n|-terastallize|p2a: General Shao|Flying\n|move|p1a: Kommo-o|Protect|p1a: Kommo-o\n|-singleturn|p1a: Kommo-o|Protect\n|move|p1b: Rillaboom|Grassy Glide|p2a: General Shao\n|-resisted|p2a: General Shao\n|-damage|p2a: General Shao|82\/100\n|move|p2a: General Shao|Tera Blast|p1a: Kommo-o|[anim] Tera Blast Flying\n|-activate|p1a: Kommo-o|move: Protect\n|move|p2b: Guand Doggirl|Flare Blitz|p1b: Rillaboom\n|-supereffective|p1b: Rillaboom\n|-damage|p1b: Rillaboom|0 fnt\n|faint|p1b: Rillaboom\n|-damage|p2b: Guand Doggirl|59\/100|[from] Recoil\n|\n|-heal|p2b: Guand Doggirl|65\/100|[from] Grassy Terrain\n|-heal|p1a: Kommo-o|100\/100 brn|[from] Grassy Terrain\n|-damage|p1a: Kommo-o|94\/100 brn|[from] brn\n|upkeep\n|\n|t:|1699689581\n|switch|p1b: Flutter Mane|Flutter Mane, L50|100\/100\n|turn|10\n|\n|t:|1699689596\n|move|p2a: General Shao|Tera Blast|p1b: Flutter Mane|[anim] Tera Blast Flying\n|-damage|p1b: Flutter Mane|0 fnt\n|faint|p1b: Flutter Mane\n|-end|p1b: Flutter Mane|Protosynthesis|[silent]\n|move|p2b: Guand Doggirl|Flare Blitz|p1a: Kommo-o\n|-resisted|p1a: Kommo-o\n|-damage|p1a: Kommo-o|91\/100 brn\n|-damage|p2b: Guand Doggirl|64\/100|[from] Recoil\n|move|p1a: Kommo-o|Body Press|p2b: Guand Doggirl\n|-damage|p2b: Guand Doggirl|0 fnt\n|faint|p2b: Guand Doggirl\n|\n|-heal|p1a: Kommo-o|97\/100 brn|[from] Grassy Terrain\n|-heal|p1a: Kommo-o|100\/100 brn|[from] item: Leftovers\n|-damage|p1a: Kommo-o|94\/100 brn|[from] brn\n|-fieldend|move: Grassy Terrain\n|upkeep\n|turn|11\n|\n|t:|1699689611\n|move|p1a: Kommo-o|Protect|p1a: Kommo-o\n|-singleturn|p1a: Kommo-o|Protect\n|move|p2a: General Shao|Tera Blast|p1a: Kommo-o|[anim] Tera Blast Flying\n|-activate|p1a: Kommo-o|move: Protect\n|\n|-heal|p1a: Kommo-o|100\/100 brn|[from] item: Leftovers\n|-damage|p1a: Kommo-o|94\/100 brn|[from] brn\n|upkeep\n|turn|12\n|\n|t:|1699689619\n|move|p2a: General Shao|Tera Blast|p1a: Kommo-o|[anim] Tera Blast Flying\n|-supereffective|p1a: Kommo-o\n|-damage|p1a: Kommo-o|61\/100 brn\n|move|p1a: Kommo-o|Iron Defense|p1a: Kommo-o\n|-boost|p1a: Kommo-o|def|2\n|\n|-heal|p1a: Kommo-o|68\/100 brn|[from] item: Leftovers\n|-damage|p1a: Kommo-o|61\/100 brn|[from] brn\n|upkeep\n|turn|13\n|\n|t:|1699689628\n|move|p1a: Kommo-o|Protect|p1a: Kommo-o\n|-singleturn|p1a: Kommo-o|Protect\n|move|p2a: General Shao|Tera Blast|p1a: Kommo-o|[anim] Tera Blast Flying\n|-activate|p1a: Kommo-o|move: Protect\n|\n|-heal|p1a: Kommo-o|68\/100 brn|[from] item: Leftovers\n|-damage|p1a: Kommo-o|61\/100 brn|[from] brn\n|upkeep\n|turn|14\n|\n|t:|1699689636\n|move|p2a: General Shao|Tera Blast|p1a: Kommo-o|[anim] Tera Blast Flying\n|-supereffective|p1a: Kommo-o\n|-crit|p1a: Kommo-o\n|-damage|p1a: Kommo-o|0 fnt\n|faint|p1a: Kommo-o\n|\n|win|Fritler\n|raw|hit my whip's rating: 1467 &rarr; <strong>1443<\/strong><br \/>(-24 for losing)\n|raw|Fritler's rating: 1394 &rarr; <strong>1418<\/strong><br \/>(+24 for winning)\n|l|\u2606hit my whip\n","uploadtime":1699689644,"views":25,"p1id":"hitmywhip","p2id":"fritler","formatid":"gen9vgc2023regulatione","rating":1418,"private":0,"password":""}