{"id":"gen9vgc2023regulatione-1993372077","p1":"ChungusTheOldOne","p2":"whyismynamejeff","format":"[Gen 9] VGC 2023 Regulation E","log":"|j|\u2606ChungusTheOldOne\n|j|\u2606whyismynamejeff\n|t:|1700307897\n|gametype|doubles\n|player|p1|ChungusTheOldOne|101|1137\n|player|p2|whyismynamejeff|colress|1112\n|teamsize|p1|6\n|teamsize|p2|6\n|gen|9\n|tier|[Gen 9] VGC 2023 Regulation E\n|rated|\n|rule|Species Clause: Limit one of each Pok\u00e9mon\n|rule|Item Clause: Limit one of each item\n|clearpoke\n|poke|p1|Sinistcha-Masterpiece, L50|\n|poke|p1|Glimmora, L50, F|\n|poke|p1|Landorus-Therian, L50, M|\n|poke|p1|Rillaboom, L50, M|\n|poke|p1|Garganacl, L50, F|\n|poke|p1|Ting-Lu, L50|\n|poke|p2|Empoleon, L50, F|\n|poke|p2|Ogerpon-Hearthflame, L50, F|\n|poke|p2|Flutter Mane, L50|\n|poke|p2|Iron Hands, L50|\n|poke|p2|Baxcalibur, L50, M|\n|poke|p2|Landorus-Therian, L50, M|\n|teampreview|4\n|\n|t:|1700307926\n|start\n|switch|p1a: Glimmora|Glimmora, L50, F|100\/100\n|switch|p1b: Garganacl|Garganacl, L50, F|100\/100\n|switch|p2a: Ogerpon|Ogerpon-Hearthflame, L50, F|100\/100\n|switch|p2b: Landorus|Landorus-Therian, L50, M|100\/100\n|-ability|p2b: Landorus|Intimidate|boost\n|-unboost|p1a: Glimmora|atk|1\n|-unboost|p1b: Garganacl|atk|1\n|-ability|p2a: Ogerpon|Mold Breaker\n|turn|1\n|\n|t:|1700307961\n|-terastallize|p1b: Garganacl|Dragon\n|move|p2a: Ogerpon|Spiky Shield|p2a: Ogerpon\n|-singleturn|p2a: Ogerpon|move: Protect\n|move|p2b: Landorus|Rock Slide|p1b: Garganacl|[spread] p1a,p1b\n|-damage|p1a: Glimmora|83\/100\n|-damage|p1b: Garganacl|86\/100\n|-activate|p1a: Glimmora|ability: Toxic Debris\n|-sidestart|p2: whyismynamejeff|move: Toxic Spikes\n|cant|p1a: Glimmora|flinch\n|move|p1b: Garganacl|Iron Defense|p1b: Garganacl\n|-boost|p1b: Garganacl|def|2\n|\n|upkeep\n|turn|2\n|inactive|Battle timer is ON: inactive players will automatically lose when time's up. (requested by whyismynamejeff)\n|inactive|ChungusTheOldOne has 60 seconds left.\n|\n|t:|1700308129\n|switch|p2b: Flutter Mane|Flutter Mane, L50|100\/100\n|-status|p2b: Flutter Mane|psn\n|-enditem|p2b: Flutter Mane|Booster Energy\n|-activate|p2b: Flutter Mane|ability: Protosynthesis|[fromitem]\n|-start|p2b: Flutter Mane|protosynthesisspe\n|move|p2a: Ogerpon|Swords Dance|p2a: Ogerpon\n|-boost|p2a: Ogerpon|atk|2\n|move|p1a: Glimmora|Sludge Bomb|p2a: Ogerpon\n|-supereffective|p2a: Ogerpon\n|-damage|p2a: Ogerpon|0 fnt\n|faint|p2a: Ogerpon\n|move|p1b: Garganacl|Iron Defense|p1b: Garganacl\n|-boost|p1b: Garganacl|def|2\n|\n|-damage|p2b: Flutter Mane|88\/100 psn|[from] psn\n|upkeep\n|\n|t:|1700308152\n|switch|p2a: Landorus|Landorus-Therian, L50, M|100\/100\n|-ability|p2a: Landorus|Intimidate|boost\n|-unboost|p1a: Glimmora|atk|1\n|-unboost|p1b: Garganacl|atk|1\n|turn|3\n|\n|t:|1700308164\n|move|p2b: Flutter Mane|Icy Wind|p1a: Glimmora|[spread] p1a,p1b\n|-supereffective|p1b: Garganacl\n|-damage|p1a: Glimmora|68\/100\n|-damage|p1b: Garganacl|64\/100\n|-unboost|p1a: Glimmora|spe|1\n|-unboost|p1b: Garganacl|spe|1\n|move|p2a: Landorus|Stomping Tantrum|p1a: Glimmora\n|-supereffective|p1a: Glimmora\n|-damage|p1a: Glimmora|0 fnt\n|-activate|p1a: Glimmora|ability: Toxic Debris\n|-sidestart|p2: whyismynamejeff|move: Toxic Spikes\n|faint|p1a: Glimmora\n|move|p1b: Garganacl|Recover|p1b: Garganacl\n|-heal|p1b: Garganacl|100\/100\n|\n|-damage|p2b: Flutter Mane|76\/100 psn|[from] psn\n|upkeep\n|\n|t:|1700308173\n|switch|p1a: Rillaboom|Rillaboom, L50, M|100\/100\n|-fieldstart|move: Grassy Terrain|[from] ability: Grassy Surge|[of] p1a: Rillaboom\n|turn|4\n|\n|t:|1700308187\n|move|p1a: Rillaboom|Fake Out|p2a: Landorus\n|-damage|p2a: Landorus|85\/100\n|move|p2b: Flutter Mane|Icy Wind|p1b: Garganacl|[spread] p1a,p1b\n|-supereffective|p1a: Rillaboom\n|-supereffective|p1b: Garganacl\n|-damage|p1a: Rillaboom|82\/100\n|-damage|p1b: Garganacl|78\/100\n|-unboost|p1a: Rillaboom|spe|1\n|-unboost|p1b: Garganacl|spe|1\n|cant|p2a: Landorus|flinch\n|move|p1b: Garganacl|Salt Cure|p2b: Flutter Mane\n|-damage|p2b: Flutter Mane|61\/100 psn\n|-start|p2b: Flutter Mane|Salt Cure\n|\n|-heal|p2b: Flutter Mane|67\/100 psn|[from] Grassy Terrain\n|-heal|p1a: Rillaboom|88\/100|[from] Grassy Terrain\n|-heal|p1b: Garganacl|84\/100|[from] Grassy Terrain\n|-damage|p2b: Flutter Mane|55\/100 psn|[from] psn\n|-damage|p2b: Flutter Mane|43\/100 psn|[from] Salt Cure\n|upkeep\n|turn|5\n|c|\u2606ChungusTheOldOne|tbh its almost better like this\n|\n|t:|1700308208\n|switch|p2a: Iron Hands|Iron Hands, L50|100\/100\n|-status|p2a: Iron Hands|tox\n|move|p1a: Rillaboom|Grassy Glide|p2a: Iron Hands\n|-damage|p2a: Iron Hands|72\/100 tox\n|move|p2b: Flutter Mane|Moonblast|p1b: Garganacl\n|-supereffective|p1b: Garganacl\n|-damage|p1b: Garganacl|5\/100\n|move|p1b: Garganacl|Body Press|p2a: Iron Hands\n|-damage|p2a: Iron Hands|18\/100 tox\n|\n|-heal|p2b: Flutter Mane|49\/100 psn|[from] Grassy Terrain\n|-heal|p1a: Rillaboom|94\/100|[from] Grassy Terrain\n|-heal|p2a: Iron Hands|24\/100 tox|[from] Grassy Terrain\n|-heal|p1b: Garganacl|11\/100|[from] Grassy Terrain\n|-damage|p2b: Flutter Mane|37\/100 psn|[from] psn\n|-damage|p2a: Iron Hands|18\/100 tox|[from] psn\n|-damage|p2b: Flutter Mane|24\/100 psn|[from] Salt Cure\n|upkeep\n|turn|6\n|\n|t:|1700308231\n|move|p1a: Rillaboom|Grassy Glide|p2b: Flutter Mane\n|-damage|p2b: Flutter Mane|0 fnt\n|faint|p2b: Flutter Mane\n|-end|p2b: Flutter Mane|Protosynthesis|[silent]\n|move|p2a: Iron Hands|Ice Punch|p1a: Rillaboom\n|-supereffective|p1a: Rillaboom\n|-damage|p1a: Rillaboom|34\/100\n|-status|p1a: Rillaboom|frz\n|move|p1b: Garganacl|Recover|p1b: Garganacl\n|-heal|p1b: Garganacl|61\/100\n|\n|-heal|p1a: Rillaboom|40\/100 frz|[from] Grassy Terrain\n|-heal|p2a: Iron Hands|24\/100 tox|[from] Grassy Terrain\n|-heal|p1b: Garganacl|67\/100|[from] Grassy Terrain\n|-damage|p2a: Iron Hands|12\/100 tox|[from] psn\n|upkeep\n|c|\u2606ChungusTheOldOne|o k\n|\n|t:|1700308244\n|switch|p2b: Landorus|Landorus-Therian, L50, M|85\/100\n|-ability|p2b: Landorus|Intimidate|boost\n|-unboost|p1a: Rillaboom|atk|1\n|-unboost|p1b: Garganacl|atk|1\n|turn|7\n|\n|t:|1700308254\n|switch|p1a: Sinistcha|Sinistcha-Masterpiece, L50|100\/100\n|-heal|p1b: Garganacl|91\/100|[from] ability: Hospitality|[of] p1a: Sinistcha\n|-terastallize|p2b: Landorus|Flying\n|move|p2b: Landorus|Tera Blast|p1a: Sinistcha|[anim] Tera Blast Flying\n|-supereffective|p1a: Sinistcha\n|-damage|p1a: Sinistcha|0 fnt\n|faint|p1a: Sinistcha\n|move|p2a: Iron Hands|Ice Punch|p1b: Garganacl\n|-supereffective|p1b: Garganacl\n|-damage|p1b: Garganacl|78\/100\n|-damage|p2a: Iron Hands|0 fnt|[from] item: Rocky Helmet|[of] p1b: Garganacl\n|faint|p2a: Iron Hands\n|-end|p2a: Iron Hands|Quark Drive|[silent]\n|move|p1b: Garganacl|Salt Cure|p2b: Landorus\n|-supereffective|p2b: Landorus\n|-damage|p2b: Landorus|73\/100\n|-start|p2b: Landorus|Salt Cure\n|\n|-heal|p1b: Garganacl|84\/100|[from] Grassy Terrain\n|-damage|p2b: Landorus|60\/100|[from] Salt Cure\n|upkeep\n|inactive|ChungusTheOldOne has 30 seconds left.\n|\n|t:|1700308284\n|switch|p1a: Rillaboom|Rillaboom, L50, M|40\/100 frz\n|turn|8\n|\n|t:|1700308289\n|cant|p1a: Rillaboom|frz\n|move|p2b: Landorus|Tera Blast|p1b: Garganacl|[anim] Tera Blast Flying\n|-damage|p1b: Garganacl|71\/100\n|move|p1b: Garganacl|Body Press|p2b: Landorus\n|-resisted|p2b: Landorus\n|-damage|p2b: Landorus|17\/100\n|\n|-heal|p1a: Rillaboom|46\/100 frz|[from] Grassy Terrain\n|-heal|p1b: Garganacl|77\/100|[from] Grassy Terrain\n|-damage|p2b: Landorus|5\/100|[from] Salt Cure\n|-fieldend|move: Grassy Terrain\n|upkeep\n|turn|9\n|\n|t:|1700308301\n|move|p2b: Landorus|Tera Blast|p1a: Rillaboom|[anim] Tera Blast Flying\n|-supereffective|p1a: Rillaboom\n|-damage|p1a: Rillaboom|0 fnt\n|faint|p1a: Rillaboom\n|move|p1b: Garganacl|Recover|p1b: Garganacl\n|-heal|p1b: Garganacl|100\/100\n|\n|-damage|p2b: Landorus|0 fnt|[from] Salt Cure\n|faint|p2b: Landorus\n|\n|win|ChungusTheOldOne\n|upkeep\n|raw|ChungusTheOldOne's rating: 1137 &rarr; <strong>1160<\/strong><br \/>(+23 for winning)\n|raw|whyismynamejeff's rating: 1112 &rarr; <strong>1089<\/strong><br \/>(-23 for losing)\n|c|\u2606ChungusTheOldOne|gigi buffon?\n|c|\u2606ChungusTheOldOne|even with a freeze\n|c|\u2606ChungusTheOldOne|you couldn't win\n|c|\u2606whyismynamejeff|im new\n|l|\u2606ChungusTheOldOne\n","uploadtime":1700308335,"views":11,"p1id":"chungustheoldone","p2id":"whyismynamejeff","formatid":"gen9vgc2023regulatione","rating":1089,"private":0,"password":""}