{"id":"gen9vgc2023regulatione-1992681102","p1":"Grass Lover001","p2":"deplexis","format":"[Gen 9] VGC 2023 Regulation E","log":"|j|\u2606Grass Lover001\n|j|\u203ddeplexis\n|t:|1700224556\n|gametype|doubles\n|player|p1|Grass Lover001|aromalady|1097\n|player|p2|deplexis|skier|1109\n|teamsize|p1|4\n|teamsize|p2|6\n|gen|9\n|tier|[Gen 9] VGC 2023 Regulation E\n|rated|\n|rule|Species Clause: Limit one of each Pok\u00e9mon\n|rule|Item Clause: Limit one of each item\n|clearpoke\n|poke|p1|Pelipper, L50, M|\n|poke|p1|Ludicolo, L50, F|\n|poke|p1|Ogerpon-Wellspring, L50, F|\n|poke|p1|Indeedee-F, L50, F|\n|poke|p2|Clefairy, L50, M|\n|poke|p2|Farigiraf, L50, F|\n|poke|p2|Glastrier, L50|\n|poke|p2|Spectrier, L50|\n|poke|p2|Ogerpon-Wellspring, L50, F|\n|poke|p2|Heatran, L50, M|\n|teampreview|4\n|l|\u2606Grass Lover001\n|player|p1|\n|j|\u2606Grass Lover001\n|player|p1|Grass Lover001|aromalady\ndeplexis rejected open team sheets.\n|inactive|Battle timer is ON: inactive players will automatically lose when time's up. (requested by deplexis)\n|\n|t:|1700224594\n|start\n|switch|p1a: \u76d6\u9e25\u5361|Pelipper, L50, M, shiny|100\/100\n|switch|p1b: \u9e2d\u795e|Ludicolo, L50, F, shiny|100\/100\n|switch|p2a: Clefairy|Clefairy, L50, M|100\/100\n|switch|p2b: Spectrier|Spectrier, L50|100\/100\n|-weather|RainDance|[from] ability: Drizzle|[of] p1a: \u76d6\u9e25\u5361\n|turn|1\n|\n|t:|1700224609\n|move|p1b: \u9e2d\u795e|Fake Out|p2a: Clefairy\n|-damage|p2a: Clefairy|95\/100\n|cant|p2a: Clefairy|flinch\n|move|p2b: Spectrier|Nasty Plot|p2b: Spectrier\n|-boost|p2b: Spectrier|spa|2\n|move|p1a: \u76d6\u9e25\u5361|U-turn|p1b: \u9e2d\u795e\n|-supereffective|p1b: \u9e2d\u795e\n|-damage|p1b: \u9e2d\u795e|68\/100\n|-enditem|p1b: \u9e2d\u795e|Weakness Policy\n|-boost|p1b: \u9e2d\u795e|atk|2|[from] item: Weakness Policy\n|-boost|p1b: \u9e2d\u795e|spa|2|[from] item: Weakness Policy\n|\n|t:|1700224620\n|switch|p1a: \u692a\u692a\u9171|Ogerpon-Wellspring, L50, F|100\/100|[from] U-turn\n|\n|-weather|RainDance|[upkeep]\n|upkeep\n|turn|2\n|\n|t:|1700224642\n|-terastallize|p1b: \u9e2d\u795e|Water\n|move|p1a: \u692a\u692a\u9171|Follow Me|p1a: \u692a\u692a\u9171\n|-singleturn|p1a: \u692a\u692a\u9171|move: Follow Me\n|move|p2a: Clefairy|Follow Me|p2a: Clefairy\n|-singleturn|p2a: Clefairy|move: Follow Me\n|move|p1b: \u9e2d\u795e|Surf|p2a: Clefairy|[spread] p2a,p2b\n|-immune|p1a: \u692a\u692a\u9171|[from] ability: Water Absorb\n|-damage|p2a: Clefairy|0 fnt\n|-damage|p2b: Spectrier|2\/100\n|-enditem|p2b: Spectrier|Sitrus Berry|[eat]\n|-heal|p2b: Spectrier|27\/100|[from] item: Sitrus Berry\n|faint|p2a: Clefairy\n|move|p2b: Spectrier|Shadow Ball|p1a: \u692a\u692a\u9171\n|-damage|p1a: \u692a\u692a\u9171|8\/100\n|-unboost|p1a: \u692a\u692a\u9171|spd|1\n|\n|-weather|RainDance|[upkeep]\n|upkeep\n|\n|t:|1700224659\n|switch|p2a: Ogerpon|Ogerpon-Wellspring, L50, F|100\/100\n|turn|3\n|\n|t:|1700224668\n|move|p2b: Spectrier|Protect|p2b: Spectrier\n|-singleturn|p2b: Spectrier|Protect\n|move|p1a: \u692a\u692a\u9171|Follow Me|p1a: \u692a\u692a\u9171\n|-singleturn|p1a: \u692a\u692a\u9171|move: Follow Me\n|move|p1b: \u9e2d\u795e|Surf|p2b: Spectrier|[spread] \n|-activate|p2b: Spectrier|move: Protect\n|-heal|p1a: \u692a\u692a\u9171|33\/100|[from] ability: Water Absorb|[of] p1b: \u9e2d\u795e\n|-immune|p2a: Ogerpon|[from] ability: Water Absorb\n|move|p2a: Ogerpon|Horn Leech|p1a: \u692a\u692a\u9171\n|-damage|p1a: \u692a\u692a\u9171|0 fnt\n|faint|p1a: \u692a\u692a\u9171\n|\n|-weather|RainDance|[upkeep]\n|upkeep\n|l|\u2606Grass Lover001\n|inactive|Grass Lover001 disconnected and has a minute to reconnect!\n|player|p1|\n|inactive|Grass Lover001 has 30 seconds left.\n|j|\u2606Grass Lover001\n|inactive|Grass Lover001 reconnected and has 25 seconds left.\n|player|p1|Grass Lover001|aromalady\n|inactive|Grass Lover001 has 20 seconds left.\n|\n|t:|1700224708\n|switch|p1a: \u60a0\u626c\u7f8a|Indeedee-F, L50, F, shiny|100\/100\n|-fieldstart|move: Psychic Terrain|[from] ability: Psychic Surge|[of] p1a: \u60a0\u626c\u7f8a\n|turn|4\n|\n|t:|1700224727\n|move|p1a: \u60a0\u626c\u7f8a|Follow Me|p1a: \u60a0\u626c\u7f8a\n|-singleturn|p1a: \u60a0\u626c\u7f8a|move: Follow Me\n|move|p1b: \u9e2d\u795e|Energy Ball|p2a: Ogerpon\n|-damage|p2a: Ogerpon|33\/100\n|move|p2b: Spectrier|Shadow Ball|p1a: \u60a0\u626c\u7f8a\n|-immune|p1a: \u60a0\u626c\u7f8a\n|move|p2a: Ogerpon|Horn Leech|p1a: \u60a0\u626c\u7f8a\n|-damage|p1a: \u60a0\u626c\u7f8a|45\/100\n|-heal|p2a: Ogerpon|61\/100|[from] drain|[of] p1a: \u60a0\u626c\u7f8a\n|-damage|p2a: Ogerpon|44\/100|[from] item: Rocky Helmet|[of] p1a: \u60a0\u626c\u7f8a\n|\n|-weather|RainDance|[upkeep]\n|upkeep\n|turn|5\n|\n|t:|1700224750\n|-terastallize|p2b: Spectrier|Fairy\n|move|p1a: \u60a0\u626c\u7f8a|Follow Me|p1a: \u60a0\u626c\u7f8a\n|-singleturn|p1a: \u60a0\u626c\u7f8a|move: Follow Me\n|move|p1b: \u9e2d\u795e|Energy Ball|p2a: Ogerpon\n|-damage|p2a: Ogerpon|0 fnt\n|faint|p2a: Ogerpon\n|move|p2b: Spectrier|Draining Kiss|p1a: \u60a0\u626c\u7f8a\n|-damage|p1a: \u60a0\u626c\u7f8a|0 fnt\n|-heal|p2b: Spectrier|57\/100|[from] drain|[of] p1a: \u60a0\u626c\u7f8a\n|-damage|p2b: Spectrier|41\/100|[from] item: Rocky Helmet|[of] p1a: \u60a0\u626c\u7f8a\n|faint|p1a: \u60a0\u626c\u7f8a\n|-ability|p2b: Spectrier|Grim Neigh|boost\n|-boost|p2b: Spectrier|spa|1\n|\n|-weather|RainDance|[upkeep]\n|upkeep\n|\n|t:|1700224765\n|switch|p2a: Glastrier|Glastrier, L50|100\/100\n|switch|p1a: \u76d6\u9e25\u5361|Pelipper, L50, M, shiny|100\/100\n|turn|6\n|\n|t:|1700224783\n|move|p1b: \u9e2d\u795e|Surf|p2a: Glastrier|[spread] p1a,p2a,p2b\n|-resisted|p1a: \u76d6\u9e25\u5361\n|-damage|p1a: \u76d6\u9e25\u5361|14\/100\n|-damage|p2a: Glastrier|18\/100\n|-damage|p2b: Spectrier|0 fnt\n|faint|p2b: Spectrier\n|move|p1a: \u76d6\u9e25\u5361|Hurricane|p2a: Glastrier\n|-damage|p2a: Glastrier|0 fnt\n|faint|p2a: Glastrier\n|\n|win|Grass Lover001\n|raw|Grass Lover001's rating: 1070 &rarr; <strong>1103<\/strong><br \/>(+33 for winning)\n|raw|deplexis's rating: 1109 &rarr; <strong>1081<\/strong><br \/>(-28 for losing)\n|c|\u2606Grass Lover001|gg\n|l|\u203ddeplexis\n","uploadtime":1700224829,"views":8,"p1id":"grasslover001","p2id":"deplexis","formatid":"gen9vgc2023regulatione","rating":1081,"private":0,"password":""}