{"id":"gen9vgc2023regulatione-1992428051","p1":"AJD55","p2":"bobforte22","format":"[Gen 9] VGC 2023 Regulation E","log":"|j|\u2606AJD55\n|j|\u2606bobforte22\n|t:|1700186382\n|gametype|doubles\n|player|p1|AJD55|hilbert-wonderlauncher|\n|player|p2|bobforte22|pilot|\n|teamsize|p1|6\n|teamsize|p2|6\n|gen|9\n|tier|[Gen 9] VGC 2023 Regulation E\n|rated|Tournament battle\n|rule|Species Clause: Limit one of each Pok\u00e9mon\n|rule|Item Clause: Limit one of each item\n|clearpoke\n|poke|p1|Sneasler, L50, F|\n|poke|p1|Flutter Mane, L50|\n|poke|p1|Rillaboom, L50, M|\n|poke|p1|Ursaluna-Bloodmoon, L50, M|\n|poke|p1|Cresselia, L50, F|\n|poke|p1|Tornadus, L50, M|\n|poke|p2|Wo-Chien, L50|\n|poke|p2|Dragapult, L50, F|\n|poke|p2|Ting-Lu, L50|\n|poke|p2|Flutter Mane, L50|\n|poke|p2|Arcanine-Hisui, L50, M|\n|poke|p2|Gyarados, L50, F|\n|teampreview|4\n|showteam|p1|Sneasler||GrassySeed|Unburden|CloseCombat,DireClaw,Acrobatics,SwordsDance|||F|||50|,,,,,Flying]Flutter Mane||PixiePlate|Protosynthesis|ShadowBall,Moonblast,DazzlingGleam,Protect||||||50|,,,,,Fairy]Rillaboom||AssaultVest|GrassySurge|GrassyGlide,KnockOff,Uturn,FakeOut|||M|||50|,,,,,Fire]Ursaluna-Bloodmoon||ThroatSpray|MindsEye|EarthPower,BloodMoon,HyperVoice,VacuumWave|||M|||50|,,,,,Water]Cresselia||MentalHerb|Levitate|IceBeam,TrickRoom,LunarBlessing,AllySwitch|||F|||50|,,,,,Grass]Tornadus||CovertCloak|Prankster|BleakwindStorm,Tailwind,SunnyDay,Taunt|||M|||50|,,,,,Dark\n|showteam|p2|Wo-Chien||Leftovers|TabletsofRuin|Reflect,Protect,LeechSeed,Ruination||||||50|,,,,,Fire]Dragapult||RockyHelmet|Infiltrator|WillOWisp,DragonClaw,Protect,Uturn|||F|||50|,,,,,Normal]Ting-Lu||SafetyGoggles|VesselofRuin|StealthRock,Ruination,Protect,Whirlwind||||||50|,,,,,Dragon]Flutter Mane||ChoiceScarf|Protosynthesis|DazzlingGleam,EnergyBall,ShadowBall,TeraBlast||||||50|,,,,,Water]Arcanine-Hisui||ChoiceBand|Intimidate|FlareBlitz,RockSlide,TeraBlast,ExtremeSpeed|||M|||50|,,,,,Steel]Gyarados||SitrusBerry|Intimidate|Roar,Protect,Taunt,Waterfall|||F|||50|,,,,,Water\n|inactive|Battle timer is ON: inactive players will automatically lose when time's up. (requested by AJD55)\n|c|\u2606bobforte22|Glhf\n|c|\u2606AJD55|u2\n|inactive|AJD55 has 60 seconds left.\n|inactive|bobforte22 has 60 seconds left.\n|c|\u2606AJD55|double treasure of ruin is concerning\n|c|\u2606AJD55|and double intimidate to boot\n|c|\u2606bobforte22|Haha it doesn't work great\n|inactive|AJD55 has 30 seconds left.\n|c|\u2606AJD55|I tried all 4 once\n|inactive|AJD55 has 20 seconds left.\n|\n|t:|1700186454\n|start\n|switch|p1a: Breeze|Tornadus, L50, M|100\/100\n|switch|p1b: Bongo|Rillaboom, L50, M|100\/100\n|switch|p2a: Ting-Lu|Ting-Lu, L50|100\/100\n|switch|p2b: Dragapult|Dragapult, L50, F|100\/100\n|-fieldstart|move: Grassy Terrain|[from] ability: Grassy Surge|[of] p1b: Bongo\n|-ability|p2a: Ting-Lu|Vessel of Ruin\n|turn|1\n|c|\u2606AJD55|it failed spectacularly\n|c|\u2606bobforte22|Haha\n|\n|t:|1700186478\n|move|p1a: Breeze|Tailwind|p1a: Breeze\n|-sidestart|p1: AJD55|move: Tailwind\n|move|p1b: Bongo|Knock Off|p2b: Dragapult\n|-supereffective|p2b: Dragapult\n|-damage|p2b: Dragapult|36\/100\n|-damage|p1b: Bongo|84\/100|[from] item: Rocky Helmet|[of] p2b: Dragapult\n|-enditem|p2b: Dragapult|Rocky Helmet|[from] move: Knock Off|[of] p1b: Bongo\n|move|p2b: Dragapult|Will-O-Wisp|p1b: Bongo|[miss]\n|-miss|p2b: Dragapult|p1b: Bongo\n|move|p2a: Ting-Lu|Stealth Rock|p1b: Bongo\n|-sidestart|p1: AJD55|move: Stealth Rock\n|\n|-heal|p1b: Bongo|90\/100|[from] Grassy Terrain\n|-heal|p2b: Dragapult|42\/100|[from] Grassy Terrain\n|upkeep\n|turn|2\n|\n|t:|1700186500\n|move|p2b: Dragapult|Protect|p2b: Dragapult\n|-singleturn|p2b: Dragapult|Protect\n|move|p1a: Breeze|Sunny Day|p1a: Breeze\n|-weather|SunnyDay\n|move|p1b: Bongo|Grassy Glide|p2b: Dragapult\n|-activate|p2b: Dragapult|move: Protect\n|move|p2a: Ting-Lu|Whirlwind|p1b: Bongo\n|drag|p1b: Acu|Sneasler, L50, F|100\/100\n|-damage|p1b: Acu|95\/100|[from] Stealth Rock\n|-enditem|p1b: Acu|Grassy Seed\n|-boost|p1b: Acu|def|1|[from] item: Grassy Seed\n|\n|-weather|SunnyDay|[upkeep]\n|-heal|p1b: Acu|100\/100|[from] Grassy Terrain\n|-heal|p2b: Dragapult|48\/100|[from] Grassy Terrain\n|upkeep\n|turn|3\n|inactive|AJD55 has 30 seconds left.\n|inactive|AJD55 has 20 seconds left.\n|inactive|AJD55 has 15 seconds left.\n|inactive|AJD55 has 10 seconds left.\n|\n|t:|1700186548\n|switch|p2b: Arcanine|Arcanine-Hisui, L50, M|100\/100\n|-ability|p2b: Arcanine|Intimidate|boost\n|-unboost|p1a: Breeze|atk|1\n|-unboost|p1b: Acu|atk|1\n|move|p1b: Acu|Close Combat|p2a: Ting-Lu\n|-supereffective|p2a: Ting-Lu\n|-damage|p2a: Ting-Lu|56\/100\n|-unboost|p1b: Acu|def|1\n|-unboost|p1b: Acu|spd|1\n|move|p1a: Breeze|Bleakwind Storm|p2b: Arcanine|[spread] p2a,p2b\n|-resisted|p2b: Arcanine\n|-damage|p2a: Ting-Lu|40\/100\n|-damage|p2b: Arcanine|89\/100\n|move|p2a: Ting-Lu|Ruination|p1b: Acu\n|-damage|p1b: Acu|51\/100\n|\n|-weather|SunnyDay|[upkeep]\n|-heal|p1b: Acu|57\/100|[from] Grassy Terrain\n|-heal|p2b: Arcanine|95\/100|[from] Grassy Terrain\n|-heal|p2a: Ting-Lu|46\/100|[from] Grassy Terrain\n|upkeep\n|turn|4\n|inactive|bobforte22 has 30 seconds left.\n|\n|t:|1700186579\n|move|p2a: Ting-Lu|Protect|p2a: Ting-Lu\n|-singleturn|p2a: Ting-Lu|Protect\n|move|p1b: Acu|Close Combat|p2a: Ting-Lu\n|-activate|p2a: Ting-Lu|move: Protect\n|move|p1a: Breeze|Bleakwind Storm|p2b: Arcanine|[spread] p2b\n|-activate|p2a: Ting-Lu|move: Protect\n|-resisted|p2b: Arcanine\n|-damage|p2b: Arcanine|83\/100\n|-unboost|p2b: Arcanine|spe|1\n|move|p2b: Arcanine|Flare Blitz|p1b: Acu\n|-damage|p1b: Acu|0 fnt\n|faint|p1b: Acu\n|-damage|p2b: Arcanine|68\/100|[from] Recoil\n|\n|-weather|SunnyDay|[upkeep]\n|-heal|p2b: Arcanine|74\/100|[from] Grassy Terrain\n|-heal|p2a: Ting-Lu|52\/100|[from] Grassy Terrain\n|-sideend|p1: AJD55|move: Tailwind\n|upkeep\n|\n|t:|1700186587\n|switch|p1b: Misdactylus|Flutter Mane, L50|100\/100\n|-damage|p1b: Misdactylus|88\/100|[from] Stealth Rock\n|-activate|p1b: Misdactylus|ability: Protosynthesis\n|-start|p1b: Misdactylus|protosynthesisspa\n|turn|5\n|\n|t:|1700186612\n|-terastallize|p1b: Misdactylus|Fairy\n|move|p1b: Misdactylus|Dazzling Gleam|p2a: Ting-Lu|[spread] p2a,p2b\n|-supereffective|p2a: Ting-Lu\n|-resisted|p2b: Arcanine\n|-damage|p2a: Ting-Lu|0 fnt\n|-damage|p2b: Arcanine|50\/100\n|faint|p2a: Ting-Lu\n|move|p1a: Breeze|Bleakwind Storm|p2b: Arcanine|[miss]\n|-miss|p1a: Breeze|p2b: Arcanine\n|move|p2b: Arcanine|Flare Blitz|p1b: Misdactylus\n|-damage|p1b: Misdactylus|0 fnt\n|faint|p1b: Misdactylus\n|-end|p1b: Misdactylus|Protosynthesis|[silent]\n|-damage|p2b: Arcanine|28\/100|[from] Recoil\n|\n|-weather|SunnyDay|[upkeep]\n|-heal|p2b: Arcanine|34\/100|[from] Grassy Terrain\n|-fieldend|move: Grassy Terrain\n|upkeep\n|\n|t:|1700186633\n|switch|p1b: Bongo|Rillaboom, L50, M|90\/100\n|switch|p2a: Dragapult|Dragapult, L50, F|48\/100\n|-damage|p1b: Bongo|78\/100|[from] Stealth Rock\n|-fieldstart|move: Grassy Terrain|[from] ability: Grassy Surge|[of] p1b: Bongo\n|turn|6\n|c|\u2606AJD55|I don't like these odds\n|\n|t:|1700186649\n|move|p1a: Breeze|Tailwind|p1a: Breeze\n|-sidestart|p1: AJD55|move: Tailwind\n|move|p1b: Bongo|Knock Off|p2b: Arcanine\n|-damage|p2b: Arcanine|0 fnt\n|-enditem|p2b: Arcanine|Choice Band|[from] move: Knock Off|[of] p1b: Bongo\n|faint|p2b: Arcanine\n|move|p2a: Dragapult|Will-O-Wisp|p1b: Bongo\n|-status|p1b: Bongo|brn\n|\n|-weather|none\n|-heal|p1b: Bongo|84\/100 brn|[from] Grassy Terrain\n|-heal|p2a: Dragapult|54\/100|[from] Grassy Terrain\n|-damage|p1b: Bongo|78\/100 brn|[from] brn\n|upkeep\n|\n|t:|1700186664\n|switch|p2b: Wo-Chien|Wo-Chien, L50|100\/100\n|-ability|p2b: Wo-Chien|Tablets of Ruin\n|turn|7\n|j|%Radio Free C-Side\n|\n|t:|1700186676\n|-terastallize|p2b: Wo-Chien|Fire\n|move|p2a: Dragapult|Protect|p2a: Dragapult\n|-singleturn|p2a: Dragapult|Protect\n|move|p1a: Breeze|Bleakwind Storm|p2a: Dragapult|[spread] p2b\n|-activate|p2a: Dragapult|move: Protect\n|-damage|p2b: Wo-Chien|79\/100\n|-unboost|p2b: Wo-Chien|spe|1\n|move|p1b: Bongo|U-turn|p2b: Wo-Chien\n|-resisted|p2b: Wo-Chien\n|-damage|p2b: Wo-Chien|75\/100\n|move|p2b: Wo-Chien|Leech Seed|p1a: Breeze\n|-start|p1a: Breeze|move: Leech Seed\n|\n|-heal|p1b: Bongo|84\/100 brn|[from] Grassy Terrain\n|-heal|p2a: Dragapult|60\/100|[from] Grassy Terrain\n|-heal|p2b: Wo-Chien|82\/100|[from] Grassy Terrain\n|-heal|p2b: Wo-Chien|88\/100|[from] item: Leftovers\n|-damage|p1a: Breeze|88\/100|[from] Leech Seed|[of] p2b: Wo-Chien\n|-heal|p2b: Wo-Chien|99\/100|[silent]\n|-damage|p1b: Bongo|78\/100 brn|[from] brn\n|upkeep\n|turn|8\n|inactive|bobforte22 has 30 seconds left.\n|\n|t:|1700186710\n|move|p1a: Breeze|Taunt|p2b: Wo-Chien\n|-start|p2b: Wo-Chien|move: Taunt\n|move|p1b: Bongo|Knock Off|p2a: Dragapult\n|-supereffective|p2a: Dragapult\n|-damage|p2a: Dragapult|44\/100\n|move|p2a: Dragapult|U-turn|p1b: Bongo\n|-supereffective|p1b: Bongo\n|-damage|p1b: Bongo|53\/100 brn\n|move|p2b: Wo-Chien|Ruination|p1b: Bongo\n|-damage|p1b: Bongo|27\/100 brn\n|\n|-heal|p1b: Bongo|33\/100 brn|[from] Grassy Terrain\n|-heal|p2a: Dragapult|50\/100|[from] Grassy Terrain\n|-heal|p2b: Wo-Chien|100\/100|[from] Grassy Terrain\n|-damage|p1a: Breeze|76\/100|[from] Leech Seed|[of] p2b: Wo-Chien\n|-damage|p1b: Bongo|27\/100 brn|[from] brn\n|upkeep\n|turn|9\n|c|\u2606AJD55|I must say, you have made Wo-chien work\n|c|\u2606bobforte22|Lol thanks\n|inactive|bobforte22 has 30 seconds left.\n|\n|t:|1700186743\n|move|p1a: Breeze|Bleakwind Storm|p2a: Dragapult|[spread] p2a,p2b\n|-damage|p2a: Dragapult|15\/100\n|-damage|p2b: Wo-Chien|79\/100\n|move|p1b: Bongo|Knock Off|p2b: Wo-Chien\n|-damage|p2b: Wo-Chien|70\/100\n|-enditem|p2b: Wo-Chien|Leftovers|[from] move: Knock Off|[of] p1b: Bongo\n|move|p2a: Dragapult|U-turn|p1b: Bongo\n|-supereffective|p1b: Bongo\n|-damage|p1b: Bongo|0 fnt\n|faint|p1b: Bongo\n|move|p2b: Wo-Chien|Ruination|p1a: Breeze\n|-damage|p1a: Breeze|38\/100\n|\n|-heal|p2a: Dragapult|21\/100|[from] Grassy Terrain\n|-heal|p2b: Wo-Chien|77\/100|[from] Grassy Terrain\n|-damage|p1a: Breeze|26\/100|[from] Leech Seed|[of] p2b: Wo-Chien\n|-heal|p2b: Wo-Chien|89\/100|[silent]\n|-sideend|p1: AJD55|move: Tailwind\n|upkeep\n|turn|10\n|c|\u2606AJD55|should have used ursaluna and cresselia\n|\n|t:|1700186767\n|move|p2a: Dragapult|Dragon Claw|p1a: Breeze\n|-damage|p1a: Breeze|2\/100\n|move|p1a: Breeze|Bleakwind Storm|p2b: Wo-Chien|[spread] p2a,p2b\n|-damage|p2a: Dragapult|0 fnt\n|-damage|p2b: Wo-Chien|68\/100\n|faint|p2a: Dragapult\n|move|p2b: Wo-Chien|Ruination|p1a: Breeze\n|-damage|p1a: Breeze|1\/100\n|\n|-heal|p2b: Wo-Chien|74\/100|[from] Grassy Terrain\n|-damage|p1a: Breeze|0 fnt|[from] Leech Seed|[of] p2b: Wo-Chien\n|-heal|p2b: Wo-Chien|75\/100|[silent]\n|faint|p1a: Breeze\n|\n|win|bobforte22\n|upkeep\n|n|\u2606AJD55|ajd55\n|n|\u2606bobforte22|bobforte22\n|n| Radio Free C-Side|radiofreecside\n|c|\u2606AJD55|gg\n|l| Radio Free C-Side\n|l|\u2606AJD55\n|c|\u2606bobforte22|Gg\n","uploadtime":1700186786,"views":13,"p1id":"ajd55","p2id":"bobforte22","formatid":"gen9vgc2023regulatione","rating":0,"private":0,"password":""}