{"id":"gen9vgc2023regulatione-1999824351","p1":"Polybius32","p2":"miencraftLord77","format":"[Gen 9] VGC 2023 Regulation E","log":"|j|\u2606Polybius32\n|j|\u2606miencraftLord77\n|t:|1701120130\n|gametype|doubles\n|player|p1|Polybius32|proton|1105\n|player|p2|miencraftLord77|lucas|1128\n|teamsize|p1|6\n|teamsize|p2|6\n|gen|9\n|tier|[Gen 9] VGC 2023 Regulation E\n|rated|\n|rule|Species Clause: Limit one of each Pok\u00e9mon\n|rule|Item Clause: Limit one of each item\n|clearpoke\n|poke|p1|Basculegion, L50, M|\n|poke|p1|Palafin, L50, M|\n|poke|p1|Iron Moth, L50|\n|poke|p1|Politoed, L50, M|\n|poke|p1|Decidueye-Hisui, L50, M|\n|poke|p1|Tornadus, L50, M|\n|poke|p2|Urshifu-*, L50, M|\n|poke|p2|Tornadus, L50, M|\n|poke|p2|Basculegion, L50, M|\n|poke|p2|Iron Hands, L50|\n|poke|p2|Flutter Mane, L50|\n|poke|p2|Clefable, L50, F|\n|teampreview|4\n|inactive|Battle timer is ON: inactive players will automatically lose when time's up. (requested by miencraftLord77)\n|c|\u2606miencraftLord77|glhf\n|c|\u2606Polybius32|same\n|c|\u2606miencraftLord77|rain v rain\n|\n|t:|1701120155\n|start\n|switch|p1a: Hikari|Decidueye-Hisui, L50, M|100\/100\n|switch|p1b: Rantuber Avatar|Tornadus, L50, M|100\/100\n|switch|p2a: Tornadus|Tornadus, L50, M, shiny|100\/100\n|switch|p2b: Iron Hands|Iron Hands, L50|100\/100\n|turn|1\n|c|\u2606miencraftLord77|interesting\n|c|\u2606miencraftLord77|tailwind?\n|inactive|miencraftLord77 has 30 seconds left.\n|c|\u2606Polybius32|kind of\n|inactive|miencraftLord77 has 20 seconds left.\n|\n|t:|1701120192\n|move|p2b: Iron Hands|Fake Out|p1b: Rantuber Avatar\n|-damage|p1b: Rantuber Avatar|80\/100\n|move|p2a: Tornadus|Taunt|p1b: Rantuber Avatar\n|-start|p1b: Rantuber Avatar|move: Taunt\n|move|p1b: Rantuber Avatar|Bleakwind Storm|p2a: Tornadus|[spread] p2b\n|-miss|p1b: Rantuber Avatar|p2a: Tornadus\n|-damage|p2b: Iron Hands|71\/100\n|move|p1a: Hikari|Brave Bird|p2a: Tornadus\n|-damage|p2a: Tornadus|50\/100\n|-damage|p1a: Hikari|85\/100|[from] Recoil\n|\n|-heal|p2b: Iron Hands|77\/100|[from] item: Leftovers\n|upkeep\n|turn|2\n|c|\u2606miencraftLord77|oof that was a bad decision by me\n|\n|t:|1701120213\n|switch|p1a: Star Dream Soul OS|Iron Moth, L50|100\/100\n|move|p2a: Tornadus|Tailwind|p2a: Tornadus\n|-sidestart|p2: miencraftLord77|move: Tailwind\n|move|p2b: Iron Hands|Swords Dance|p2b: Iron Hands\n|-boost|p2b: Iron Hands|atk|2\n|move|p1b: Rantuber Avatar|Icy Wind|p2a: Tornadus|[spread] p2a,p2b\n|-supereffective|p2a: Tornadus\n|-damage|p2a: Tornadus|32\/100\n|-damage|p2b: Iron Hands|65\/100\n|-unboost|p2a: Tornadus|spe|1\n|-unboost|p2b: Iron Hands|spe|1\n|\n|-heal|p2b: Iron Hands|71\/100|[from] item: Leftovers\n|upkeep\n|turn|3\n|inactive|miencraftLord77 has 30 seconds left.\n|inactive|miencraftLord77 has 20 seconds left.\n|inactive|miencraftLord77 has 15 seconds left.\n|inactive|miencraftLord77 has 10 seconds left.\n|inactive|miencraftLord77 has 5 seconds left.\n|\n|t:|1701120263\n|move|p2a: Tornadus|Rain Dance|p2a: Tornadus\n|-weather|RainDance\n|move|p1a: Star Dream Soul OS|Heat Wave|p2a: Tornadus|[spread] p2a,p2b\n|-damage|p2a: Tornadus|9\/100\n|-damage|p2b: Iron Hands|44\/100\n|move|p1b: Rantuber Avatar|Bleakwind Storm|p2b: Iron Hands|[spread] p2a,p2b\n|-damage|p2a: Tornadus|0 fnt\n|-damage|p2b: Iron Hands|12\/100\n|-unboost|p2b: Iron Hands|spe|1\n|faint|p2a: Tornadus\n|move|p2b: Iron Hands|Thunder Punch|p1b: Rantuber Avatar\n|-supereffective|p1b: Rantuber Avatar\n|-damage|p1b: Rantuber Avatar|0 fnt\n|faint|p1b: Rantuber Avatar\n|\n|-weather|RainDance|[upkeep]\n|-heal|p2b: Iron Hands|19\/100|[from] item: Leftovers\n|upkeep\n|c|\u2606miencraftLord77|iron hands will never die\n|\n|t:|1701120282\n|switch|p1b: Hikari|Decidueye-Hisui, L50, M|85\/100\n|switch|p2a: Basculegion|Basculegion, L50, M, shiny|100\/100\n|turn|4\n|\n|t:|1701120303\n|-terastallize|p2a: Basculegion|Water\n|move|p1b: Hikari|Sucker Punch|p2a: Basculegion\n|-damage|p2a: Basculegion|68\/100\n|move|p2a: Basculegion|Wave Crash|p1b: Hikari\n|-resisted|p1b: Hikari\n|-damage|p1b: Hikari|0 fnt\n|faint|p1b: Hikari\n|-damage|p2a: Basculegion|40\/100|[from] Recoil\n|move|p1a: Star Dream Soul OS|Heat Wave|p2a: Basculegion|[spread] p2a,p2b\n|-resisted|p2a: Basculegion\n|-damage|p2a: Basculegion|22\/100\n|-damage|p2b: Iron Hands|0 fnt\n|faint|p2b: Iron Hands\n|-end|p2b: Iron Hands|Quark Drive|[silent]\n|\n|-weather|RainDance|[upkeep]\n|upkeep\n|\n|t:|1701120315\n|switch|p1b: Unagi|Basculegion, L50, M|100\/100\n|switch|p2b: Urshifu|Urshifu-Rapid-Strike, L50, M|100\/100\n|turn|5\n|inactive|miencraftLord77 has 30 seconds left.\n|\n|t:|1701120349\n|-terastallize|p1a: Star Dream Soul OS|Grass\n|move|p2a: Basculegion|Wave Crash|p1b: Unagi\n|-resisted|p1b: Unagi\n|-damage|p1b: Unagi|0 fnt\n|faint|p1b: Unagi\n|-damage|p2a: Basculegion|0 fnt|[from] Recoil\n|faint|p2a: Basculegion\n|move|p2b: Urshifu|Surging Strikes|p1a: Star Dream Soul OS\n|-resisted|p1a: Star Dream Soul OS\n|-crit|p1a: Star Dream Soul OS\n|-damage|p1a: Star Dream Soul OS|70\/100\n|-resisted|p1a: Star Dream Soul OS\n|-crit|p1a: Star Dream Soul OS\n|-damage|p1a: Star Dream Soul OS|40\/100\n|-resisted|p1a: Star Dream Soul OS\n|-crit|p1a: Star Dream Soul OS\n|-damage|p1a: Star Dream Soul OS|10\/100\n|-hitcount|p1a: Star Dream Soul OS|3\n|move|p1a: Star Dream Soul OS|Heat Wave|p2b: Urshifu|[miss]\n|-miss|p1a: Star Dream Soul OS|p2b: Urshifu\n|\n|-weather|RainDance|[upkeep]\n|-sideend|p2: miencraftLord77|move: Tailwind\n|upkeep\n|turn|6\n|c|\u2606miencraftLord77|dammit\n|c|\u2606miencraftLord77|energy ball?\n|c|\u2606miencraftLord77|ggs\n|c|\u2606Polybius32|nah it's locked\n|c|\u2606Polybius32|gg\n|\n|t:|1701120367\n|move|p1a: Star Dream Soul OS|Heat Wave|p2b: Urshifu\n|-resisted|p2b: Urshifu\n|-damage|p2b: Urshifu|72\/100\n|move|p2b: Urshifu|Surging Strikes|p1a: Star Dream Soul OS\n|-resisted|p1a: Star Dream Soul OS\n|-crit|p1a: Star Dream Soul OS\n|-damage|p1a: Star Dream Soul OS|0 fnt\n|faint|p1a: Star Dream Soul OS\n|-end|p1a: Star Dream Soul OS|Quark Drive|[silent]\n|-hitcount|p1: Star Dream Soul OS|1\n|\n|win|miencraftLord77\n|raw|Polybius32's rating: 1105 &rarr; <strong>1082<\/strong><br \/>(-23 for losing)\n|raw|miencraftLord77's rating: 1128 &rarr; <strong>1151<\/strong><br \/>(+23 for winning)\n|c|\u2606miencraftLord77|close game\n","uploadtime":1701120375,"views":2,"p1id":"polybius32","p2id":"miencraftlord77","formatid":"gen9vgc2023regulatione","rating":1082,"private":0,"password":""}