{"id":"gen9vgc2023regulatione-1993914483","p1":"Mortipherus","p2":"Daywalker13","format":"[Gen 9] VGC 2023 Regulation E","log":"|j|\u2606Mortipherus\n|j|\u2606Daywalker13\n|t:|1700374617\n|gametype|doubles\n|player|p1|Mortipherus|biker-gen4|1285\n|player|p2|Daywalker13|ethan|1407\n|teamsize|p1|6\n|teamsize|p2|6\n|gen|9\n|tier|[Gen 9] VGC 2023 Regulation E\n|rated|\n|rule|Species Clause: Limit one of each Pok\u00e9mon\n|rule|Item Clause: Limit one of each item\n|clearpoke\n|poke|p1|Ursaluna-Bloodmoon, L50, M|\n|poke|p1|Iron Hands, L50|\n|poke|p1|Flutter Mane, L50|\n|poke|p1|Ogerpon-Cornerstone, L50, F|\n|poke|p1|Farigiraf, L50, M|\n|poke|p1|Urshifu-*, L50, F|\n|poke|p2|Iron Hands, L50|\n|poke|p2|Sinistcha, L50|\n|poke|p2|Ursaluna-Bloodmoon, L50, M|\n|poke|p2|Hatterene, L50, F|\n|poke|p2|Chandelure, L50, M|\n|poke|p2|Tyranitar, L50, F|\n|teampreview|4\n|\n|t:|1700374645\n|start\n|switch|p1a: Flutter Mane|Flutter Mane, L50, shiny|100\/100\n|switch|p1b: Urshifu|Urshifu, L50, F|100\/100\n|switch|p2a: Chandelure|Chandelure, L50, M|100\/100\n|switch|p2b: Iron Hands|Iron Hands, L50|100\/100\n|-enditem|p1a: Flutter Mane|Booster Energy\n|-activate|p1a: Flutter Mane|ability: Protosynthesis|[fromitem]\n|-start|p1a: Flutter Mane|protosynthesisspe\n|turn|1\n|inactive|Battle timer is ON: inactive players will automatically lose when time's up. (requested by Mortipherus)\n|\n|t:|1700374669\n|-terastallize|p2a: Chandelure|Grass\n|move|p1a: Flutter Mane|Shadow Ball|p2a: Chandelure\n|-damage|p2a: Chandelure|51\/100\n|move|p1b: Urshifu|Wicked Blow|p2a: Chandelure\n|-crit|p2a: Chandelure\n|-damage|p2a: Chandelure|0 fnt\n|faint|p2a: Chandelure\n|move|p2b: Iron Hands|Swords Dance|p2b: Iron Hands\n|-boost|p2b: Iron Hands|atk|2\n|\n|upkeep\n|\n|t:|1700374682\n|switch|p2a: Sinistcha|Sinistcha, L50|100\/100\n|turn|2\n|\n|t:|1700374702\n|switch|p2a: Ursaluna|Ursaluna-Bloodmoon, L50, M|100\/100\n|move|p1a: Flutter Mane|Shadow Ball|p2a: Ursaluna\n|-immune|p2a: Ursaluna\n|move|p1b: Urshifu|Wicked Blow|p2a: Ursaluna\n|-crit|p2a: Ursaluna\n|-damage|p2a: Ursaluna|39\/100\n|move|p2b: Iron Hands|Thunder Punch|p1a: Flutter Mane\n|-damage|p1a: Flutter Mane|0 fnt\n|faint|p1a: Flutter Mane\n|-end|p1a: Flutter Mane|Protosynthesis|[silent]\n|\n|upkeep\n|\n|t:|1700374720\n|switch|p1a: Ursaluna|Ursaluna-Bloodmoon, L50, M|100\/100\n|turn|3\n|\n|t:|1700374739\n|-terastallize|p1a: Ursaluna|Normal\n|move|p1b: Urshifu|Wicked Blow|p2b: Iron Hands\n|-resisted|p2b: Iron Hands\n|-crit|p2b: Iron Hands\n|-damage|p2b: Iron Hands|72\/100\n|move|p2a: Ursaluna|Hyper Voice|p1b: Urshifu|[spread] p1a,p1b\n|-damage|p1a: Ursaluna|62\/100\n|-damage|p1b: Urshifu|39\/100\n|move|p2b: Iron Hands|Drain Punch|p1a: Ursaluna\n|-supereffective|p1a: Ursaluna\n|-damage|p1a: Ursaluna|0 fnt\n|-heal|p2b: Iron Hands|98\/100|[from] drain|[of] p1a: Ursaluna\n|faint|p1a: Ursaluna\n|\n|upkeep\n|\n|t:|1700374754\n|switch|p1a: Iron Hands|Iron Hands, L50|100\/100\n|turn|4\n|\n|t:|1700374762\n|move|p1a: Iron Hands|Fake Out|p2b: Iron Hands\n|-damage|p2b: Iron Hands|88\/100\n|move|p1b: Urshifu|Wicked Blow|p2a: Ursaluna\n|-crit|p2a: Ursaluna\n|-damage|p2a: Ursaluna|0 fnt\n|faint|p2a: Ursaluna\n|cant|p2b: Iron Hands|flinch\n|\n|upkeep\n|\n|t:|1700374771\n|switch|p2a: Sinistcha|Sinistcha, L50|100\/100\n|-heal|p2b: Iron Hands|100\/100|[from] ability: Hospitality|[of] p2a: Sinistcha\n|turn|5\n|\n|t:|1700374787\n|move|p1b: Urshifu|Wicked Blow|p2a: Sinistcha\n|-supereffective|p2a: Sinistcha\n|-crit|p2a: Sinistcha\n|-damage|p2a: Sinistcha|0 fnt\n|faint|p2a: Sinistcha\n|move|p1a: Iron Hands|Drain Punch|p2b: Iron Hands\n|-damage|p2b: Iron Hands|73\/100\n|move|p2b: Iron Hands|Drain Punch|p1b: Urshifu\n|-supereffective|p1b: Urshifu\n|-damage|p1b: Urshifu|0 fnt\n|-heal|p2b: Iron Hands|88\/100|[from] drain|[of] p1b: Urshifu\n|faint|p1b: Urshifu\n|\n|upkeep\n|turn|6\n|\n|t:|1700374802\n|move|p1a: Iron Hands|Drain Punch|p2b: Iron Hands\n|-damage|p2b: Iron Hands|61\/100\n|move|p2b: Iron Hands|Drain Punch|p1a: Iron Hands\n|-damage|p1a: Iron Hands|40\/100\n|-heal|p2b: Iron Hands|91\/100|[from] drain|[of] p1a: Iron Hands\n|\n|upkeep\n|turn|7\n|-message|Mortipherus forfeited.\n|\n|win|Daywalker13\n|raw|Mortipherus's rating: 1285 &rarr; <strong>1268<\/strong><br \/>(-17 for losing)\n|raw|Daywalker13's rating: 1407 &rarr; <strong>1420<\/strong><br \/>(+13 for winning)\n","uploadtime":1700374813,"views":18,"p1id":"mortipherus","p2id":"daywalker13","formatid":"gen9vgc2023regulatione","rating":1268,"private":0,"password":""}