{"id":"gen9vgc2023regulatione-1989078659","p1":"David Krow","p2":"ilovenons","format":"[Gen 9] VGC 2023 Regulation E","log":"|j|\u2606David Krow\n|j|\u2606ilovenons\n|n|\u2606David Krow|davidkrow\n|n|\u2606ilovenons|ilovenons\n|html|View the match progress at <a href=\"\/game-bestof3-gen9vgc2023regulatione-1989074042\">game-bestof3-gen9vgc2023regulatione-1989074042<\/a>\n|t:|1699809836\n|gametype|doubles\n|player|p1|David Krow|gambler|\n|player|p2|ilovenons|102|\n|teamsize|p1|6\n|teamsize|p2|6\n|gen|9\n|tier|[Gen 9] VGC 2023 Regulation E\n|rule|Species Clause: Limit one of each Pok\u00e9mon\n|rule|Item Clause: Limit one of each item\n|clearpoke\n|poke|p1|Sinistcha-Masterpiece, L50|\n|poke|p1|Gholdengo, L50|\n|poke|p1|Gliscor, L50, F|\n|poke|p1|Brambleghast, L50, M|\n|poke|p1|Dragonite, L50, F|\n|poke|p1|Dugtrio, L50, F|\n|poke|p2|Floatzel, L50, M|\n|poke|p2|Staraptor, L50, F|\n|poke|p2|Garchomp, L50, F|\n|poke|p2|Lucario, L50, M|\n|poke|p2|Luxray, L50, F|\n|poke|p2|Infernape, L50, M|\n|teampreview|4\n|inactive|Battle timer is ON: inactive players will automatically lose when time's up. (requested by David Krow)\n|inactiveoff|Battle timer is now OFF.\nDavid Krow has agreed to open team sheets.\n|\n|t:|1699809876\n|start\n|switch|p1a: Golden Eye|Gholdengo, L50|100\/100\n|switch|p1b: Surface Lie|Dugtrio, L50, F|100\/100\n|switch|p2a: Aquarium|Floatzel, L50, M|100\/100\n|switch|p2b: Redstone Ready|Luxray, L50, F|100\/100\n|-ability|p2b: Redstone Ready|Intimidate|boost\n|-unboost|p1a: Golden Eye|atk|1\n|-unboost|p1b: Surface Lie|atk|1\n|turn|1\n|c|\u2606David Krow|uh\n|c|\u2606David Krow|open team sheet?\n|c|\u2606David Krow|lol\n|c|\u2606ilovenons|oh how do i do that again\n|c|\u2606ilovenons|i forgot t oclick it\n|c|\u2606David Krow|well we can't now\n|c|\u2606ilovenons|o im sorry\n|c|\u2606David Krow|nw\n|c|\u2606David Krow|I have the other one open\n|\n|t:|1699809995\n|-terastallize|p1a: Golden Eye|Steel\n|-terastallize|p2b: Redstone Ready|Flying\n|move|p1b: Surface Lie|Helping Hand|p1a: Golden Eye\n|-immune|p1a: Golden Eye|[from] ability: Good as Gold\n|move|p2a: Aquarium|Aqua Jet|p1b: Surface Lie\n|-supereffective|p1b: Surface Lie\n|-enditem|p1b: Surface Lie|Focus Sash\n|-damage|p1b: Surface Lie|1\/100\n|move|p1a: Golden Eye|Make It Rain|p2b: Redstone Ready|[spread] p2a,p2b\n|-resisted|p2a: Aquarium\n|-damage|p2a: Aquarium|50\/100\n|-damage|p2b: Redstone Ready|40\/100\n|-unboost|p1a: Golden Eye|spa|1\n|-enditem|p2b: Redstone Ready|Sitrus Berry|[eat]\n|-heal|p2b: Redstone Ready|64\/100|[from] item: Sitrus Berry\n|move|p2b: Redstone Ready|Wild Charge|p1a: Golden Eye\n|-damage|p1a: Golden Eye|58\/100\n|-damage|p2b: Redstone Ready|53\/100|[from] Recoil\n|\n|upkeep\n|turn|2\n|c|\u2606David Krow|good as gold wait\n|c|\u2606David Krow|:sob:\n|c|\u2606David Krow|I legit did not know it blocked helping hand\n|c|\u2606David Krow|I'm such a fool\n|\n|t:|1699810079\n|switch|p1a: Russian Spy|Gliscor, L50, F|100\/100\n|move|p1b: Surface Lie|Sucker Punch|p2a: Aquarium\n|-damage|p2a: Aquarium|25\/100\n|move|p2a: Aquarium|Wave Crash|p1a: Russian Spy\n|-supereffective|p1a: Russian Spy\n|-damage|p1a: Russian Spy|11\/100\n|-damage|p2a: Aquarium|0 fnt|[from] Recoil\n|faint|p2a: Aquarium\n|move|p2b: Redstone Ready|Tera Blast|p1a: Russian Spy|[anim] Tera Blast Flying\n|-damage|p1a: Russian Spy|0 fnt\n|faint|p1a: Russian Spy\n|\n|upkeep\n|\n|t:|1699810103\n|switch|p2a: Fissure|Garchomp, L50, F|100\/100\n|switch|p1a: He Can Fly|Dragonite, L50, F|100\/100\n|turn|3\n|\n|t:|1699810119\n|move|p1b: Surface Lie|Helping Hand|p1a: He Can Fly\n|-singleturn|p1a: He Can Fly|Helping Hand|[of] p1b: Surface Lie\n|move|p2b: Redstone Ready|Protect|p2b: Redstone Ready\n|-singleturn|p2b: Redstone Ready|Protect\n|move|p2a: Fissure|Dragon Claw|p1a: He Can Fly\n|-supereffective|p1a: He Can Fly\n|-damage|p1a: He Can Fly|60\/100\n|move|p1a: He Can Fly|Dragon Tail|p2a: Fissure|[miss]\n|-miss|p1a: He Can Fly|p2a: Fissure\n|\n|upkeep\n|turn|4\n|c|\u2606David Krow|I hate my life :sob:\n|\n|t:|1699810148\n|move|p2b: Redstone Ready|Protect||[still]\n|-fail|p2b: Redstone Ready\n|move|p1a: He Can Fly|Extreme Speed|p2b: Redstone Ready\n|-damage|p2b: Redstone Ready|24\/100\n|move|p1b: Surface Lie|Rock Slide|p2a: Fissure|[spread] p2a,p2b\n|-resisted|p2a: Fissure\n|-supereffective|p2b: Redstone Ready\n|-damage|p2a: Fissure|94\/100\n|-damage|p2b: Redstone Ready|0 fnt\n|faint|p2b: Redstone Ready\n|cant|p2a: Fissure|flinch\n|\n|upkeep\n|\n|t:|1699810166\n|switch|p2b: Happy Thoughts|Staraptor, L50, F|100\/100\n|-ability|p2b: Happy Thoughts|Intimidate|boost\n|-unboost|p1a: He Can Fly|atk|1\n|-unboost|p1b: Surface Lie|atk|1\n|turn|5\n|\n|t:|1699810188\n|move|p1b: Surface Lie|Helping Hand|p1a: He Can Fly\n|-singleturn|p1a: He Can Fly|Helping Hand|[of] p1b: Surface Lie\n|move|p1a: He Can Fly|Extreme Speed|p2b: Happy Thoughts\n|-damage|p2b: Happy Thoughts|67\/100\n|move|p2b: Happy Thoughts|Brave Bird|p1a: He Can Fly\n|-damage|p1a: He Can Fly|10\/100\n|-damage|p2b: Happy Thoughts|49\/100|[from] Recoil\n|move|p2a: Fissure|Earthquake|p1b: Surface Lie|[spread] p1b\n|-immune|p2b: Happy Thoughts\n|-immune|p1a: He Can Fly\n|-damage|p1b: Surface Lie|0 fnt\n|faint|p1b: Surface Lie\n|\n|upkeep\n|\n|t:|1699810195\n|switch|p1b: Golden Eye|Gholdengo, L50, tera:Steel|58\/100\n|turn|6\n|\n|t:|1699810220\n|move|p1a: He Can Fly|Extreme Speed|p2b: Happy Thoughts\n|-damage|p2b: Happy Thoughts|29\/100\n|move|p2b: Happy Thoughts|Brave Bird|p1a: He Can Fly\n|-damage|p1a: He Can Fly|0 fnt\n|faint|p1a: He Can Fly\n|-damage|p2b: Happy Thoughts|25\/100|[from] Recoil\n|move|p2a: Fissure|Earthquake|p1b: Golden Eye|[spread] p1b\n|-immune|p2b: Happy Thoughts\n|-supereffective|p1b: Golden Eye\n|-damage|p1b: Golden Eye|0 fnt\n|faint|p1b: Golden Eye\n|\n|win|ilovenons\n|c|\u2606David Krow|gg\n|c|\u2606ilovenons|gg\n","uploadtime":1699810267,"views":39,"p1id":"davidkrow","p2id":"ilovenons","formatid":"gen9vgc2023regulatione","rating":0,"private":0,"password":""}