{"id":"gen9vgc2023regulatione-1992656850","p1":"Davide2001","p2":"Cassatol","format":"[Gen 9] VGC 2023 Regulation E","log":"|j|\u2606Davide2001\n|j|\u2606Cassatol\n|t:|1700221322\n|gametype|doubles\n|player|p1|Davide2001|1|1374\n|player|p2|Cassatol|169|1318\n|teamsize|p1|6\n|teamsize|p2|6\n|gen|9\n|tier|[Gen 9] VGC 2023 Regulation E\n|rated|\n|rule|Species Clause: Limit one of each Pok\u00e9mon\n|rule|Item Clause: Limit one of each item\n|clearpoke\n|poke|p1|Ursaluna, L50, M|\n|poke|p1|Cresselia, L50, F|\n|poke|p1|Arcanine, L50, M|\n|poke|p1|Tinkaton, L50, F|\n|poke|p1|Thundurus, L50, M|\n|poke|p1|Urshifu-*, L50, M|\n|poke|p2|Arcanine-Hisui, L50, M|\n|poke|p2|Gholdengo, L50|\n|poke|p2|Tornadus, L50, M|\n|poke|p2|Amoonguss, L50, F|\n|poke|p2|Urshifu-*, L50, M|\n|poke|p2|Iron Bundle, L50|\n|teampreview|4\n|inactive|Battle timer is ON: inactive players will automatically lose when time's up. (requested by Cassatol)\nCassatol has agreed to open team sheets.\nDavide2001 has agreed to open team sheets.\n|\n|t:|1700221357\n|start\n|switch|p1a: Arcanine|Arcanine, L50, M|100\/100\n|switch|p1b: Urshifu|Urshifu-Rapid-Strike, L50, M|100\/100\n|switch|p2a: Urshifu|Urshifu, L50, M|100\/100\n|switch|p2b: Tornadus|Tornadus, L50, M|100\/100\n|-ability|p1a: Arcanine|Intimidate|boost\n|-unboost|p2a: Urshifu|atk|1\n|-unboost|p2b: Tornadus|atk|1\n|turn|1\n|inactive|Cassatol has 30 seconds left.\n|inactive|Cassatol has 20 seconds left.\n|inactive|Cassatol has 15 seconds left.\n|\n|t:|1700221400\n|-terastallize|p2a: Urshifu|Poison\n|move|p1b: Urshifu|Protect|p1b: Urshifu\n|-singleturn|p1b: Urshifu|Protect\n|move|p2b: Tornadus|Tailwind|p2b: Tornadus\n|-sidestart|p2: Cassatol|move: Tailwind\n|move|p2a: Urshifu|Wicked Blow|p1a: Arcanine\n|-crit|p1a: Arcanine\n|-damage|p1a: Arcanine|19\/100\n|-enditem|p1a: Arcanine|Aguav Berry|[eat]\n|-heal|p1a: Arcanine|52\/100|[from] item: Aguav Berry\n|move|p1a: Arcanine|Snarl|p2b: Tornadus|[spread] p2a,p2b\n|-damage|p2a: Urshifu|89\/100\n|-damage|p2b: Tornadus|88\/100\n|-unboost|p2a: Urshifu|spa|1\n|\n|upkeep\n|turn|2\n|inactive|Davide2001 has 30 seconds left.\n|inactive|Davide2001 has 20 seconds left.\n|\n|t:|1700221438\n|move|p2b: Tornadus|Bleakwind Storm|p1b: Urshifu|[spread] p1a,p1b\n|-supereffective|p1b: Urshifu\n|-damage|p1a: Arcanine|28\/100\n|-enditem|p1b: Urshifu|Focus Sash\n|-damage|p1b: Urshifu|1\/100\n|-unboost|p1b: Urshifu|spe|1\n|move|p2a: Urshifu|Wicked Blow|p1a: Arcanine\n|-crit|p1a: Arcanine\n|-damage|p1a: Arcanine|0 fnt\n|faint|p1a: Arcanine\n|move|p1b: Urshifu|Surging Strikes|p2a: Urshifu\n|-crit|p2a: Urshifu\n|-damage|p2a: Urshifu|71\/100\n|-crit|p2a: Urshifu\n|-damage|p2a: Urshifu|52\/100\n|-crit|p2a: Urshifu\n|-damage|p2a: Urshifu|32\/100\n|-hitcount|p2a: Urshifu|3\n|\n|upkeep\n|\n|t:|1700221445\n|switch|p1a: Cresselia|Cresselia, L50, F|100\/100\n|turn|3\n|\n|t:|1700221464\n|switch|p2a: Amoonguss|Amoonguss, L50, F|100\/100\n|move|p1b: Urshifu|Aqua Jet|p2b: Tornadus\n|-damage|p2b: Tornadus|60\/100\n|move|p2b: Tornadus|Bleakwind Storm|p1a: Cresselia|[spread] p1a\n|-miss|p2b: Tornadus|p1b: Urshifu\n|-damage|p1a: Cresselia|81\/100\n|move|p1a: Cresselia|Trick Room|p1a: Cresselia\n|-fieldstart|move: Trick Room|[of] p1a: Cresselia\n|\n|upkeep\n|turn|4\n|inactive|Davide2001 has 30 seconds left.\n|inactive|Davide2001 has 20 seconds left.\n|inactive|Davide2001 has 15 seconds left.\n|\n|t:|1700221505\n|move|p2a: Amoonguss|Protect|p2a: Amoonguss\n|-singleturn|p2a: Amoonguss|Protect\n|move|p1b: Urshifu|Protect|p1b: Urshifu\n|-singleturn|p1b: Urshifu|Protect\n|move|p1a: Cresselia|Ice Beam|p2b: Tornadus\n|-supereffective|p2b: Tornadus\n|-damage|p2b: Tornadus|22\/100\n|move|p2b: Tornadus|Bleakwind Storm|p1a: Cresselia|[spread] p1a\n|-activate|p1b: Urshifu|move: Protect\n|-damage|p1a: Cresselia|61\/100\n|\n|-sideend|p2: Cassatol|move: Tailwind\n|upkeep\n|turn|5\n|\n|t:|1700221535\n|move|p1a: Cresselia|Helping Hand|p1b: Urshifu\n|-singleturn|p1b: Urshifu|Helping Hand|[of] p1a: Cresselia\n|move|p1b: Urshifu|Aqua Jet|p2b: Tornadus\n|-damage|p2b: Tornadus|0 fnt\n|faint|p2b: Tornadus\n|move|p2a: Amoonguss|Spore|p1a: Cresselia\n|-status|p1a: Cresselia|slp|[from] move: Spore\n|\n|upkeep\n|\n|t:|1700221542\n|switch|p2b: Urshifu|Urshifu, L50, M, tera:Poison|32\/100\n|turn|6\n|inactive|Cassatol has 30 seconds left.\n|\n|t:|1700221567\n|move|p1b: Urshifu|Protect|p1b: Urshifu\n|-singleturn|p1b: Urshifu|Protect\n|move|p2b: Urshifu|Sucker Punch||[still]\n|-fail|p2b: Urshifu\n|move|p2a: Amoonguss|Pollen Puff|p2b: Urshifu\n|-heal|p2b: Urshifu|82\/100\n|cant|p1a: Cresselia|slp\n|\n|upkeep\n|turn|7\n|inactive|Davide2001 has 30 seconds left.\n|\n|t:|1700221598\n|switch|p1b: Ursaluna|Ursaluna, L50, M|100\/100\n|switch|p2b: Arcanine|Arcanine-Hisui, L50, M|100\/100\n|-ability|p2b: Arcanine|Intimidate|boost\n|-unboost|p1a: Cresselia|atk|1\n|-unboost|p1b: Ursaluna|atk|1\n|move|p2a: Amoonguss|Pollen Puff|p1b: Ursaluna\n|-damage|p1b: Ursaluna|86\/100\n|cant|p1a: Cresselia|slp\n|\n|-fieldend|move: Trick Room\n|-status|p1b: Ursaluna|brn|[from] item: Flame Orb\n|upkeep\n|turn|8\n|\n|t:|1700221623\n|move|p2b: Arcanine|Flare Blitz|p1a: Cresselia\n|-damage|p1a: Cresselia|27\/100 slp\n|-damage|p2b: Arcanine|88\/100|[from] Recoil\n|move|p2a: Amoonguss|Pollen Puff|p1a: Cresselia\n|-supereffective|p1a: Cresselia\n|-damage|p1a: Cresselia|4\/100 slp\n|move|p1b: Ursaluna|Swords Dance|p1b: Ursaluna\n|-boost|p1b: Ursaluna|atk|2\n|cant|p1a: Cresselia|slp\n|\n|-damage|p1b: Ursaluna|80\/100 brn|[from] brn\n|upkeep\n|turn|9\n|\n|t:|1700221643\n|-curestatus|p1a: Cresselia|slp|[msg]\n|move|p1a: Cresselia|Helping Hand|p1b: Ursaluna\n|-singleturn|p1b: Ursaluna|Helping Hand|[of] p1a: Cresselia\n|move|p2b: Arcanine|Extreme Speed|p1a: Cresselia\n|-damage|p1a: Cresselia|0 fnt\n|faint|p1a: Cresselia\n|move|p2a: Amoonguss|Pollen Puff|p1b: Ursaluna\n|-damage|p1b: Ursaluna|64\/100 brn\n|move|p1b: Ursaluna|Earthquake|p2a: Amoonguss|[spread] p2a,p2b\n|-supereffective|p2b: Arcanine\n|-damage|p2a: Amoonguss|0 fnt\n|-damage|p2b: Arcanine|0 fnt\n|faint|p2a: Amoonguss\n|faint|p2b: Arcanine\n|\n|-damage|p1b: Ursaluna|58\/100 brn|[from] brn\n|upkeep\n|\n|t:|1700221657\n|switch|p2b: Urshifu|Urshifu, L50, M, tera:Poison|82\/100\n|switch|p1a: Urshifu|Urshifu-Rapid-Strike, L50, M|1\/100\n|turn|10\n|\n|t:|1700221681\n|-terastallize|p1b: Ursaluna|Ghost\n|move|p1a: Urshifu|Aqua Jet|p2b: Urshifu\n|-damage|p2b: Urshifu|62\/100\n|move|p2b: Urshifu|Wicked Blow|p1b: Ursaluna\n|-supereffective|p1b: Ursaluna\n|-crit|p1b: Ursaluna\n|-damage|p1b: Ursaluna|0 fnt\n|faint|p1b: Ursaluna\n|\n|upkeep\n|turn|11\n|\n|t:|1700221690\n|move|p1a: Urshifu|Surging Strikes|p2b: Urshifu\n|-crit|p2b: Urshifu\n|-damage|p2b: Urshifu|44\/100\n|-crit|p2b: Urshifu\n|-damage|p2b: Urshifu|26\/100\n|-crit|p2b: Urshifu\n|-damage|p2b: Urshifu|7\/100\n|-hitcount|p2b: Urshifu|3\n|move|p2b: Urshifu|Wicked Blow|p1a: Urshifu\n|-resisted|p1a: Urshifu\n|-crit|p1a: Urshifu\n|-damage|p1a: Urshifu|0 fnt\n|faint|p1a: Urshifu\n|\n|win|Cassatol\n|raw|Davide2001's rating: 1374 &rarr; <strong>1351<\/strong><br \/>(-23 for losing)\n|raw|Cassatol's rating: 1318 &rarr; <strong>1341<\/strong><br \/>(+23 for winning)\n|l|\u2606Davide2001\n","uploadtime":1700221711,"views":45,"p1id":"davide2001","p2id":"cassatol","formatid":"gen9vgc2023regulatione","rating":1341,"private":0,"password":""}