{"id":"gen9vgc2023regulatione-1990841375","p1":"UrshifuIncarnate","p2":"chetoculto","format":"[Gen 9] VGC 2023 Regulation E","log":"|j|\u2606UrshifuIncarnate\n|j|\u2606chetoculto\n|t:|1700006447\n|gametype|doubles\n|player|p1|UrshifuIncarnate|unknown|1382\n|player|p2|chetoculto|170|1539\n|teamsize|p1|6\n|teamsize|p2|6\n|gen|9\n|tier|[Gen 9] VGC 2023 Regulation E\n|rated|\n|rule|Species Clause: Limit one of each Pok\u00e9mon\n|rule|Item Clause: Limit one of each item\n|clearpoke\n|poke|p1|Landorus, L50, M|\n|poke|p1|Tornadus, L50, M|\n|poke|p1|Ogerpon-Hearthflame, L50, F|\n|poke|p1|Iron Hands, L50|\n|poke|p1|Urshifu-*, L50, M|\n|poke|p1|Rillaboom, L50, M|\n|poke|p2|Goodra-Hisui, L50, M|\n|poke|p2|Grimmsnarl, L50, M|\n|poke|p2|Cresselia, L50, F|\n|poke|p2|Arcanine-Hisui, L50, M|\n|poke|p2|Chien-Pao, L50|\n|poke|p2|Dragonite, L50, F|\n|teampreview|4\n|inactive|Battle timer is ON: inactive players will automatically lose when time's up. (requested by chetoculto)\n|j| nzthenoob\n|\n|t:|1700006470\n|start\n|switch|p1a: Just A Prank Bro|Tornadus, L50, M, shiny|100\/100\n|switch|p1b: Shamone-Strike|Urshifu-Rapid-Strike, L50, M|100\/100\n|switch|p2a: Chien-Pao|Chien-Pao, L50|100\/100\n|switch|p2b: Dragonite|Dragonite, L50, F|100\/100\n|-ability|p2a: Chien-Pao|Sword of Ruin\n|turn|1\n|inactive|chetoculto has 30 seconds left.\n|\n|t:|1700006502\n|-terastallize|p2b: Dragonite|Normal\n|move|p2b: Dragonite|Extreme Speed|p1b: Shamone-Strike\n|-damage|p1b: Shamone-Strike|7\/100\n|move|p2a: Chien-Pao|Sucker Punch|p1b: Shamone-Strike\n|-resisted|p1b: Shamone-Strike\n|-damage|p1b: Shamone-Strike|0 fnt\n|faint|p1b: Shamone-Strike\n|move|p1a: Just A Prank Bro|Tailwind|p1a: Just A Prank Bro\n|-sidestart|p1: UrshifuIncarnate|move: Tailwind\n|\n|upkeep\n|\n|t:|1700006512\n|switch|p1b: Iron Pants|Iron Hands, L50|100\/100\n|turn|2\n|\n|t:|1700006524\n|move|p2a: Chien-Pao|Protect|p2a: Chien-Pao\n|-singleturn|p2a: Chien-Pao|Protect\n|move|p2b: Dragonite|Extreme Speed|p1a: Just A Prank Bro\n|-crit|p1a: Just A Prank Bro\n|-damage|p1a: Just A Prank Bro|0 fnt\n|faint|p1a: Just A Prank Bro\n|move|p1b: Iron Pants|Drain Punch|p2b: Dragonite\n|-supereffective|p2b: Dragonite\n|-damage|p2b: Dragonite|0 fnt\n|faint|p2b: Dragonite\n|\n|upkeep\n|\n|t:|1700006535\n|switch|p1a: Landizzle|Landorus, L50, M|100\/100\n|switch|p2b: Arcanine|Arcanine-Hisui, L50, M|100\/100\n|-ability|p2b: Arcanine|Intimidate|boost\n|-unboost|p1a: Landizzle|atk|1\n|-unboost|p1b: Iron Pants|atk|1\n|turn|3\n|\n|t:|1700006559\n|move|p1a: Landizzle|Earth Power|p2b: Arcanine\n|-supereffective|p2b: Arcanine\n|-damage|p2b: Arcanine|0 fnt\n|faint|p2b: Arcanine\n|move|p2a: Chien-Pao|Icicle Crash|p1a: Landizzle\n|-supereffective|p1a: Landizzle\n|-crit|p1a: Landizzle\n|-damage|p1a: Landizzle|0 fnt\n|faint|p1a: Landizzle\n|move|p1b: Iron Pants|Drain Punch|p2a: Chien-Pao\n|-supereffective|p2a: Chien-Pao\n|-enditem|p2a: Chien-Pao|Focus Sash\n|-damage|p2a: Chien-Pao|1\/100\n|\n|upkeep\n|\n|t:|1700006565\n|switch|p2b: Goodra|Goodra-Hisui, L50, M, shiny|100\/100\n|turn|4\n|\n|t:|1700006574\n|move|p2a: Chien-Pao|Icicle Crash|p1b: Iron Pants\n|-damage|p1b: Iron Pants|57\/100\n|move|p1b: Iron Pants|Drain Punch|p2b: Goodra\n|-supereffective|p2b: Goodra\n|-damage|p2b: Goodra|48\/100\n|-heal|p1b: Iron Pants|79\/100|[from] drain|[of] p2b: Goodra\n|move|p2b: Goodra|Acid Armor|p2b: Goodra\n|-boost|p2b: Goodra|def|2\n|\n|-heal|p2b: Goodra|54\/100|[from] item: Leftovers\n|-sideend|p1: UrshifuIncarnate|move: Tailwind\n|upkeep\n|turn|5\n|\n|t:|1700006584\n|move|p2a: Chien-Pao|Icicle Crash|p1b: Iron Pants\n|-damage|p1b: Iron Pants|39\/100\n|move|p1b: Iron Pants|Drain Punch|p2b: Goodra\n|-supereffective|p2b: Goodra\n|-damage|p2b: Goodra|24\/100\n|-heal|p1b: Iron Pants|51\/100|[from] drain|[of] p2b: Goodra\n|move|p2b: Goodra|Acid Armor|p2b: Goodra\n|-boost|p2b: Goodra|def|2\n|\n|-heal|p2b: Goodra|30\/100|[from] item: Leftovers\n|upkeep\n|turn|6\n|\n|t:|1700006594\n|move|p2b: Goodra|Protect|p2b: Goodra\n|-singleturn|p2b: Goodra|Protect\n|move|p2a: Chien-Pao|Icicle Crash|p1b: Iron Pants\n|-damage|p1b: Iron Pants|13\/100\n|move|p1b: Iron Pants|Drain Punch|p2b: Goodra\n|-activate|p2b: Goodra|move: Protect\n|\n|-heal|p2b: Goodra|36\/100|[from] item: Leftovers\n|upkeep\n|turn|7\n|\n|t:|1700006601\n|move|p2a: Chien-Pao|Icicle Crash|p1b: Iron Pants\n|-damage|p1b: Iron Pants|0 fnt\n|faint|p1b: Iron Pants\n|-end|p1b: Iron Pants|Quark Drive|[silent]\n|\n|win|chetoculto\n|raw|UrshifuIncarnate's rating: 1382 &rarr; <strong>1370<\/strong><br \/>(-12 for losing)\n|raw|chetoculto's rating: 1539 &rarr; <strong>1551<\/strong><br \/>(+12 for winning)\n|l|\u2606chetoculto\n|l|\u2606UrshifuIncarnate\n","uploadtime":1700006616,"views":7,"p1id":"urshifuincarnate","p2id":"chetoculto","formatid":"gen9vgc2023regulatione","rating":1370,"private":0,"password":""}