{"id":"gen9vgc2023regulatione-1995971526","p1":"carrotbeafsteak","p2":"ogrepwnd","format":"[Gen 9] VGC 2023 Regulation E","log":"|j|\u2606carrotbeafsteak\n|j|\u2606ogrepwnd\n|t:|1700623685\n|gametype|doubles\n|player|p1|carrotbeafsteak|102|1466\n|player|p2|ogrepwnd|red|1503\n|teamsize|p1|6\n|teamsize|p2|6\n|gen|9\n|tier|[Gen 9] VGC 2023 Regulation E\n|rated|\n|rule|Species Clause: Limit one of each Pok\u00e9mon\n|rule|Item Clause: Limit one of each item\n|clearpoke\n|poke|p1|Cresselia, L50, F|\n|poke|p1|Jolteon, L50, M|\n|poke|p1|Salamence, L50, M|\n|poke|p1|Meowscarada, L50, F|\n|poke|p1|Heatran, L50, M|\n|poke|p1|Iron Treads, L50|\n|poke|p2|Tornadus, L50, M|\n|poke|p2|Flutter Mane, L50|\n|poke|p2|Chi-Yu, L50|\n|poke|p2|Arcanine-Hisui, L50, F|\n|poke|p2|Rillaboom, L50, M|\n|poke|p2|Ogerpon-Wellspring, L50, F|\n|teampreview|4\n|\n|t:|1700623715\n|start\n|switch|p1a: Jolteon|Jolteon, L50, M|100\/100\n|switch|p1b: Heatran|Heatran, L50, M|100\/100\n|switch|p2a: Rillaboom|Rillaboom, L50, M|100\/100\n|switch|p2b: Ogerpon|Ogerpon-Wellspring, L50, F|100\/100\n|-fieldstart|move: Grassy Terrain|[from] ability: Grassy Surge|[of] p2a: Rillaboom\n|turn|1\n|j| 5Sscreen\n|\n|t:|1700623734\n|switch|p1b: Salamence|Salamence, L50, M|100\/100\n|-ability|p1b: Salamence|Intimidate|boost\n|-unboost|p2a: Rillaboom|atk|1\n|-unboost|p2b: Ogerpon|atk|1\n|move|p2a: Rillaboom|Fake Out|p1a: Jolteon\n|-damage|p1a: Jolteon|91\/100\n|move|p2b: Ogerpon|Swords Dance|p2b: Ogerpon\n|-boost|p2b: Ogerpon|atk|2\n|cant|p1a: Jolteon|flinch\n|\n|-heal|p1a: Jolteon|97\/100|[from] Grassy Terrain\n|upkeep\n|turn|2\n|\n|t:|1700623762\n|switch|p2a: Flutter Mane|Flutter Mane, L50|100\/100\n|-enditem|p2a: Flutter Mane|Booster Energy\n|-activate|p2a: Flutter Mane|ability: Protosynthesis|[fromitem]\n|-start|p2a: Flutter Mane|protosynthesisspe\n|-terastallize|p2b: Ogerpon|Water\n|detailschange|p2b: Ogerpon|Ogerpon-Wellspring-Tera, L50, F, tera:Water\n|-ability|p2b: Ogerpon|Embody Aspect (Wellspring)|boost\n|-boost|p2b: Ogerpon|spd|1\n|move|p1a: Jolteon|Protect|p1a: Jolteon\n|-singleturn|p1a: Jolteon|Protect\n|move|p2b: Ogerpon|Ivy Cudgel|p1a: Jolteon|[anim] Ivy Cudgel Water\n|-activate|p1a: Jolteon|move: Protect\n|move|p1b: Salamence|Tailwind|p1b: Salamence\n|-sidestart|p1: carrotbeafsteak|move: Tailwind\n|\n|-heal|p1a: Jolteon|100\/100|[from] Grassy Terrain\n|upkeep\n|turn|3\n|\n|t:|1700623805\n|-end|p2a: Flutter Mane|Protosynthesis|[silent]\n|switch|p2a: Rillaboom|Rillaboom, L50, M|100\/100\n|-terastallize|p1b: Salamence|Poison\n|move|p2b: Ogerpon|Spiky Shield|p2b: Ogerpon\n|-singleturn|p2b: Ogerpon|move: Protect\n|move|p1a: Jolteon|Thunderbolt|p2b: Ogerpon\n|-activate|p2b: Ogerpon|move: Protect\n|move|p1b: Salamence|Dual Wingbeat|p2a: Rillaboom\n|-supereffective|p2a: Rillaboom\n|-damage|p2a: Rillaboom|65\/100\n|-supereffective|p2a: Rillaboom\n|-damage|p2a: Rillaboom|30\/100\n|-hitcount|p2a: Rillaboom|2\n|\n|-heal|p2a: Rillaboom|35\/100|[from] Grassy Terrain\n|upkeep\n|turn|4\n|\n|t:|1700623833\n|move|p2a: Rillaboom|Fake Out|p1a: Jolteon\n|-damage|p1a: Jolteon|86\/100\n|cant|p1a: Jolteon|flinch\n|move|p1b: Salamence|Dual Wingbeat|p2a: Rillaboom\n|-supereffective|p2a: Rillaboom\n|-damage|p2a: Rillaboom|2\/100\n|-supereffective|p2a: Rillaboom\n|-damage|p2a: Rillaboom|0 fnt\n|faint|p2a: Rillaboom\n|-hitcount|p2: Rillaboom|2\n|move|p2b: Ogerpon|Ivy Cudgel|p1b: Salamence|[anim] Ivy Cudgel Water\n|-crit|p1b: Salamence\n|-damage|p1b: Salamence|0 fnt\n|faint|p1b: Salamence\n|\n|-heal|p1a: Jolteon|92\/100|[from] Grassy Terrain\n|upkeep\n|\n|t:|1700623851\n|switch|p1b: Iron Treads|Iron Treads, L50|100\/100\n|switch|p2a: Flutter Mane|Flutter Mane, L50|100\/100\n|-enditem|p1b: Iron Treads|Booster Energy\n|-activate|p1b: Iron Treads|ability: Quark Drive|[fromitem]\n|-start|p1b: Iron Treads|quarkdrivespe\n|turn|5\n|\n|t:|1700623862\n|move|p1b: Iron Treads|Protect|p1b: Iron Treads\n|-singleturn|p1b: Iron Treads|Protect\n|move|p2a: Flutter Mane|Protect|p2a: Flutter Mane\n|-singleturn|p2a: Flutter Mane|Protect\n|move|p2b: Ogerpon|Spiky Shield|p2b: Ogerpon\n|-singleturn|p2b: Ogerpon|move: Protect\n|move|p1a: Jolteon|Yawn|p2b: Ogerpon\n|-activate|p2b: Ogerpon|move: Protect\n|\n|-heal|p1a: Jolteon|98\/100|[from] Grassy Terrain\n|-sideend|p1: carrotbeafsteak|move: Tailwind\n|-fieldend|move: Grassy Terrain\n|upkeep\n|turn|6\n|\n|t:|1700623885\n|-end|p2a: Flutter Mane|Protosynthesis|[silent]\n|switch|p2a: Chi-Yu|Chi-Yu, L50|100\/100\n|-ability|p2a: Chi-Yu|Beads of Ruin\n|move|p1b: Iron Treads|Protect|p1b: Iron Treads\n|-singleturn|p1b: Iron Treads|Protect\n|move|p2b: Ogerpon|Ivy Cudgel|p1b: Iron Treads|[anim] Ivy Cudgel Water\n|-activate|p1b: Iron Treads|move: Protect\n|move|p1a: Jolteon|Thunderbolt|p2b: Ogerpon\n|-supereffective|p2b: Ogerpon\n|-damage|p2b: Ogerpon|42\/100\n|\n|upkeep\n|turn|7\n|\n|t:|1700623907\n|move|p1a: Jolteon|Protect|p1a: Jolteon\n|-singleturn|p1a: Jolteon|Protect\n|move|p1b: Iron Treads|Earthquake|p2a: Chi-Yu|[spread] p2a,p2b\n|-activate|p1a: Jolteon|move: Protect\n|-supereffective|p2a: Chi-Yu\n|-damage|p2a: Chi-Yu|0 fnt\n|-damage|p2b: Ogerpon|5\/100\n|faint|p2a: Chi-Yu\n|move|p2b: Ogerpon|Horn Leech|p1b: Iron Treads\n|-damage|p1b: Iron Treads|37\/100\n|-heal|p2b: Ogerpon|35\/100|[from] drain|[of] p1b: Iron Treads\n|\n|upkeep\n|\n|t:|1700623914\n|switch|p2a: Flutter Mane|Flutter Mane, L50|100\/100\n|turn|8\n|\n|t:|1700623931\n|move|p2b: Ogerpon|Spiky Shield|p2b: Ogerpon\n|-singleturn|p2b: Ogerpon|move: Protect\n|move|p1b: Iron Treads|Iron Head|p2a: Flutter Mane\n|-supereffective|p2a: Flutter Mane\n|-damage|p2a: Flutter Mane|0 fnt\n|faint|p2a: Flutter Mane\n|-end|p2a: Flutter Mane|Protosynthesis|[silent]\n|move|p1a: Jolteon|Thunderbolt|p2b: Ogerpon\n|-activate|p2b: Ogerpon|move: Protect\n|\n|upkeep\n|turn|9\n|\n|t:|1700623939\n|move|p1b: Iron Treads|Earthquake|p2b: Ogerpon|[spread] p1a,p2b\n|-supereffective|p1a: Jolteon\n|-enditem|p1a: Jolteon|Shuca Berry|[eat]\n|-enditem|p1a: Jolteon|Shuca Berry|[weaken]\n|-damage|p1a: Jolteon|63\/100\n|-damage|p2b: Ogerpon|0 fnt\n|faint|p2b: Ogerpon\n|\n|win|carrotbeafsteak\n|raw|carrotbeafsteak's rating: 1466 &rarr; <strong>1488<\/strong><br \/>(+22 for winning)\n|raw|ogrepwnd's rating: 1503 &rarr; <strong>1481<\/strong><br \/>(-22 for losing)\n|l|\u2606ogrepwnd\n|c|\u2606carrotbeafsteak|gg\n|l|\u2606carrotbeafsteak\n","uploadtime":1700624199,"views":3,"p1id":"carrotbeafsteak","p2id":"ogrepwnd","formatid":"gen9vgc2023regulatione","rating":1481,"private":0,"password":""}