{"id":"gen9vgc2023regulatione-1993185214","p1":"eEmeraldl","p2":"Hesley_New","format":"[Gen 9] VGC 2023 Regulation E","log":"|j|\u2606eEmeraldl\n|j|\u2606Hesley_New\n|t:|1700275247\n|gametype|doubles\n|player|p1|eEmeraldl|ethan|1094\n|player|p2|Hesley_New|red|1141\n|teamsize|p1|6\n|teamsize|p2|6\n|gen|9\n|tier|[Gen 9] VGC 2023 Regulation E\n|rated|\n|rule|Species Clause: Limit one of each Pok\u00e9mon\n|rule|Item Clause: Limit one of each item\n|clearpoke\n|poke|p1|Landorus-Therian, L50, M|\n|poke|p1|Rillaboom, L50, F|\n|poke|p1|Gholdengo, L50|\n|poke|p1|Murkrow, L50, F|\n|poke|p1|Amoonguss, L50, M|\n|poke|p1|Urshifu-*, L50, F|\n|poke|p2|Urshifu-*, L50, M|\n|poke|p2|Tornadus, L50, M|\n|poke|p2|Amoonguss, L50, M|\n|poke|p2|Iron Hands, L50|\n|poke|p2|Kingambit, L50, M|\n|poke|p2|Grimmsnarl, L50, M|\n|teampreview|4\n|inactive|Battle timer is ON: inactive players will automatically lose when time's up. (requested by Hesley_New)\n|inactive|eEmeraldl also wants the timer to be on.\n|inactive|eEmeraldl has 60 seconds left.\n|inactive|Hesley_New has 60 seconds left.\n|\n|t:|1700275305\n|start\n|switch|p1a: Ursula|Urshifu, L50, F|100\/100\n|switch|p1b: Gholdengo|Gholdengo, L50|100\/100\n|switch|p2a: Urshifu|Urshifu-Rapid-Strike, L50, M|100\/100\n|switch|p2b: Iron Hands|Iron Hands, L50, shiny|100\/100\n|turn|1\n|inactive|Hesley_New has 30 seconds left.\n|\n|t:|1700275331\n|switch|p1a: Rillaboom|Rillaboom, L50, F|100\/100\n|-fieldstart|move: Grassy Terrain|[from] ability: Grassy Surge|[of] p1a: Rillaboom\n|move|p2b: Iron Hands|Fake Out|p1a: Rillaboom\n|-damage|p1a: Rillaboom|86\/100\n|move|p2a: Urshifu|Surging Strikes|p1b: Gholdengo\n|-crit|p1b: Gholdengo\n|-damage|p1b: Gholdengo|74\/100\n|-crit|p1b: Gholdengo\n|-damage|p1b: Gholdengo|52\/100\n|-crit|p1b: Gholdengo\n|-damage|p1b: Gholdengo|28\/100\n|-hitcount|p1b: Gholdengo|3\n|move|p1b: Gholdengo|Nasty Plot|p1b: Gholdengo\n|-boost|p1b: Gholdengo|spa|2\n|\n|-heal|p1b: Gholdengo|34\/100|[from] Grassy Terrain\n|-heal|p1b: Gholdengo|40\/100|[from] item: Leftovers\n|-heal|p1a: Rillaboom|92\/100|[from] Grassy Terrain\n|upkeep\n|turn|2\n|inactive|eEmeraldl has 30 seconds left.\n|\n|t:|1700275359\n|-terastallize|p1b: Gholdengo|Dragon\n|move|p2a: Urshifu|Detect|p2a: Urshifu\n|-singleturn|p2a: Urshifu|Protect\n|move|p1b: Gholdengo|Shadow Ball|p2b: Iron Hands\n|-damage|p2b: Iron Hands|50\/100\n|move|p1a: Rillaboom|Wood Hammer|p2a: Urshifu\n|-activate|p2a: Urshifu|move: Protect\n|move|p2b: Iron Hands|Wild Charge|p1b: Gholdengo\n|-resisted|p1b: Gholdengo\n|-damage|p1b: Gholdengo|13\/100\n|-damage|p2b: Iron Hands|45\/100|[from] Recoil\n|\n|-heal|p1b: Gholdengo|19\/100|[from] Grassy Terrain\n|-heal|p1b: Gholdengo|25\/100|[from] item: Leftovers\n|-heal|p1a: Rillaboom|98\/100|[from] Grassy Terrain\n|-heal|p2b: Iron Hands|51\/100|[from] Grassy Terrain\n|upkeep\n|turn|3\n|inactive|Hesley_New has 30 seconds left.\n|\n|t:|1700275393\n|switch|p2a: Amoonguss|Amoonguss, L50, M, shiny|100\/100\n|move|p1a: Rillaboom|Grassy Glide|p2a: Amoonguss\n|-resisted|p2a: Amoonguss\n|-damage|p2a: Amoonguss|90\/100\n|-damage|p1a: Rillaboom|81\/100|[from] item: Rocky Helmet|[of] p2a: Amoonguss\n|move|p1b: Gholdengo|Shadow Ball|p2b: Iron Hands\n|-damage|p2b: Iron Hands|0 fnt\n|faint|p2b: Iron Hands\n|-end|p2b: Iron Hands|Quark Drive|[silent]\n|\n|-heal|p1b: Gholdengo|31\/100|[from] Grassy Terrain\n|-heal|p1b: Gholdengo|37\/100|[from] item: Leftovers\n|-heal|p1a: Rillaboom|87\/100|[from] Grassy Terrain\n|-heal|p2a: Amoonguss|96\/100|[from] Grassy Terrain\n|upkeep\n|\n|t:|1700275412\n|switch|p2b: Tornadus|Tornadus, L50, M, shiny|100\/100\n|turn|4\n|\n|t:|1700275422\n|switch|p1a: Murkrow|Murkrow, L50, F|100\/100\n|move|p2a: Amoonguss|Rage Powder|p2a: Amoonguss\n|-singleturn|p2a: Amoonguss|move: Rage Powder\n|move|p2b: Tornadus|Bleakwind Storm|p1b: Gholdengo|[spread] p1a\n|-miss|p2b: Tornadus|p1b: Gholdengo\n|-damage|p1a: Murkrow|60\/100\n|move|p1b: Gholdengo|Shadow Ball|p2a: Amoonguss\n|-damage|p2a: Amoonguss|26\/100\n|\n|-heal|p1b: Gholdengo|42\/100|[from] Grassy Terrain\n|-heal|p1b: Gholdengo|48\/100|[from] item: Leftovers\n|-heal|p2a: Amoonguss|33\/100|[from] Grassy Terrain\n|upkeep\n|turn|5\n|\n|t:|1700275443\n|move|p2a: Amoonguss|Protect|p2a: Amoonguss\n|-singleturn|p2a: Amoonguss|Protect\n|move|p1a: Murkrow|Tailwind|p1a: Murkrow\n|-sidestart|p1: eEmeraldl|move: Tailwind\n|move|p1b: Gholdengo|Make It Rain|p2a: Amoonguss|[spread] p2b\n|-activate|p2a: Amoonguss|move: Protect\n|-enditem|p2b: Tornadus|Focus Sash\n|-damage|p2b: Tornadus|1\/100\n|-unboost|p1b: Gholdengo|spa|1\n|move|p2b: Tornadus|Bleakwind Storm|p1b: Gholdengo|[spread] p1b\n|-miss|p2b: Tornadus|p1a: Murkrow\n|-damage|p1b: Gholdengo|11\/100\n|\n|-heal|p1b: Gholdengo|17\/100|[from] Grassy Terrain\n|-heal|p1b: Gholdengo|23\/100|[from] item: Leftovers\n|-heal|p2a: Amoonguss|39\/100|[from] Grassy Terrain\n|-fieldend|move: Grassy Terrain\n|upkeep\n|turn|6\n|inactive|eEmeraldl has 30 seconds left.\n|\n|t:|1700275470\n|switch|p2a: Urshifu|Urshifu-Rapid-Strike, L50, M|100\/100\n|move|p1a: Murkrow|Quash|p2b: Tornadus\n|-activate|p2b: Tornadus|move: Quash\n|move|p1b: Gholdengo|Make It Rain|p2a: Urshifu|[spread] p2a,p2b\n|-resisted|p2a: Urshifu\n|-damage|p2a: Urshifu|48\/100\n|-damage|p2b: Tornadus|0 fnt\n|-unboost|p1b: Gholdengo|spa|1\n|faint|p2b: Tornadus\n|\n|-heal|p1b: Gholdengo|28\/100|[from] item: Leftovers\n|upkeep\n|\n|t:|1700275479\n|switch|p2b: Amoonguss|Amoonguss, L50, M, shiny|72\/100\n|turn|7\n|inactive|eEmeraldl has 30 seconds left.\n|\n|t:|1700275505\n|move|p2b: Amoonguss|Rage Powder|p2b: Amoonguss\n|-singleturn|p2b: Amoonguss|move: Rage Powder\n|move|p1b: Gholdengo|Make It Rain|p2b: Amoonguss|[spread] p2a,p2b\n|-resisted|p2a: Urshifu\n|-crit|p2b: Amoonguss\n|-damage|p2a: Urshifu|11\/100\n|-damage|p2b: Amoonguss|13\/100\n|-unboost|p1b: Gholdengo|spa|1\n|move|p1a: Murkrow|Foul Play|p2b: Amoonguss\n|-damage|p2b: Amoonguss|0 fnt\n|-damage|p1a: Murkrow|44\/100|[from] item: Rocky Helmet|[of] p2b: Amoonguss\n|faint|p2b: Amoonguss\n|move|p2a: Urshifu|Surging Strikes|p1b: Gholdengo\n|-resisted|p1b: Gholdengo\n|-crit|p1b: Gholdengo\n|-damage|p1b: Gholdengo|17\/100\n|-resisted|p1b: Gholdengo\n|-crit|p1b: Gholdengo\n|-damage|p1b: Gholdengo|5\/100\n|-resisted|p1b: Gholdengo\n|-crit|p1b: Gholdengo\n|-damage|p1b: Gholdengo|0 fnt\n|faint|p1b: Gholdengo\n|-hitcount|p1: Gholdengo|3\n|\n|upkeep\n|\n|t:|1700275528\n|switch|p1b: Rillaboom|Rillaboom, L50, F|87\/100\n|-fieldstart|move: Grassy Terrain|[from] ability: Grassy Surge|[of] p1b: Rillaboom\n|turn|8\n|\n|t:|1700275536\n|move|p2a: Urshifu|Detect|p2a: Urshifu\n|-singleturn|p2a: Urshifu|Protect\n|move|p1a: Murkrow|Quash|p2a: Urshifu\n|-activate|p2a: Urshifu|move: Protect\n|move|p1b: Rillaboom|Grassy Glide|p2a: Urshifu\n|-activate|p2a: Urshifu|move: Protect\n|\n|-heal|p1b: Rillaboom|93\/100|[from] Grassy Terrain\n|-heal|p2a: Urshifu|17\/100|[from] Grassy Terrain\n|-sideend|p1: eEmeraldl|move: Tailwind\n|upkeep\n|turn|9\n|\n|t:|1700275550\n|-terastallize|p2a: Urshifu|Water\n|move|p2a: Urshifu|Aqua Jet|p1a: Murkrow\n|-damage|p1a: Murkrow|13\/100\n|move|p1a: Murkrow|Quash||[still]\n|-fail|p1a: Murkrow\n|move|p1b: Rillaboom|Grassy Glide|p2a: Urshifu\n|-supereffective|p2a: Urshifu\n|-damage|p2a: Urshifu|0 fnt\n|faint|p2a: Urshifu\n|\n|win|eEmeraldl\n|raw|eEmeraldl's rating: 1094 &rarr; <strong>1123<\/strong><br \/>(+29 for winning)\n|raw|Hesley_New's rating: 1141 &rarr; <strong>1113<\/strong><br \/>(-28 for losing)\n|l|\u2606Hesley_New\n","uploadtime":1700275565,"views":13,"p1id":"eemeraldl","p2id":"hesleynew","formatid":"gen9vgc2023regulatione","rating":1113,"private":0,"password":""}