{"id":"gen9vgc2023regulatione-1999295798","p1":"kanucks25","p2":"Mazovin","format":"[Gen 9] VGC 2023 Regulation E","log":"|j|\u2606kanucks25\n|j|\u2606Mazovin\n|t:|1701056436\n|gametype|doubles\n|player|p1|kanucks25|102|1265\n|player|p2|Mazovin|lance|1196\n|teamsize|p1|6\n|teamsize|p2|6\n|gen|9\n|tier|[Gen 9] VGC 2023 Regulation E\n|rated|\n|rule|Species Clause: Limit one of each Pok\u00e9mon\n|rule|Item Clause: Limit one of each item\n|clearpoke\n|poke|p1|Flutter Mane, L50|\n|poke|p1|Tornadus, L50, M|\n|poke|p1|Landorus, L50, M|\n|poke|p1|Thundurus, L50, M|\n|poke|p1|Politoed, L50, M|\n|poke|p1|Bronzong, L50|\n|poke|p2|Flutter Mane, L50|\n|poke|p2|Tornadus, L50, M|\n|poke|p2|Rillaboom, L50, M|\n|poke|p2|Garganacl, L50, F|\n|poke|p2|Arcanine-Hisui, L50, M|\n|poke|p2|Chien-Pao, L50|\n|teampreview|4\n|inactive|Battle timer is ON: inactive players will automatically lose when time's up. (requested by Mazovin)\n|inactive|kanucks25 has 60 seconds left.\n|\n|t:|1701056521\n|start\n|switch|p1a: Politoed|Politoed, L50, M|100\/100\n|switch|p1b: Landorus|Landorus, L50, M|100\/100\n|switch|p2a: Tornadus|Tornadus, L50, M|100\/100\n|switch|p2b: Garganacl|Garganacl, L50, F|100\/100\n|turn|1\n|inactive|kanucks25 has 30 seconds left.\n|\n|t:|1701056548\n|switch|p1b: Tornadus|Tornadus, L50, M|100\/100\n|-terastallize|p2b: Garganacl|Ghost\n|move|p2a: Tornadus|Tailwind|p2a: Tornadus\n|-sidestart|p2: Mazovin|move: Tailwind\n|move|p2b: Garganacl|Salt Cure|p1b: Tornadus\n|-supereffective|p1b: Tornadus\n|-damage|p1b: Tornadus|67\/100\n|-start|p1b: Tornadus|Salt Cure\n|move|p1a: Politoed|Perish Song|p1a: Politoed\n|-start|p1a: Politoed|perish3|[silent]\n|-start|p1b: Tornadus|perish3|[silent]\n|-start|p2a: Tornadus|perish3|[silent]\n|-start|p2b: Garganacl|perish3|[silent]\n|-fieldactivate|move: Perish Song\n|\n|-damage|p1b: Tornadus|55\/100|[from] Salt Cure\n|-start|p2a: Tornadus|perish3\n|-start|p1b: Tornadus|perish3\n|-start|p2b: Garganacl|perish3\n|-start|p1a: Politoed|perish3\n|upkeep\n|turn|2\n|inactive|kanucks25 has 30 seconds left.\n|\n|t:|1701056576\n|move|p1a: Politoed|Protect|p1a: Politoed\n|-singleturn|p1a: Politoed|Protect\n|move|p2a: Tornadus|Taunt|p1b: Tornadus\n|-start|p1b: Tornadus|move: Taunt\n|-enditem|p1b: Tornadus|Mental Herb\n|-end|p1b: Tornadus|move: Taunt\n|move|p1b: Tornadus|Rain Dance|p1b: Tornadus\n|-weather|RainDance\n|move|p2b: Garganacl|Salt Cure|p1a: Politoed\n|-activate|p1a: Politoed|move: Protect\n|\n|-weather|RainDance|[upkeep]\n|-damage|p1b: Tornadus|42\/100|[from] Salt Cure\n|-start|p2a: Tornadus|perish2\n|-start|p1b: Tornadus|perish2\n|-start|p2b: Garganacl|perish2\n|-start|p1a: Politoed|perish2\n|upkeep\n|turn|3\n|inactive|kanucks25 has 30 seconds left.\n|inactive|kanucks25 has 20 seconds left.\n|\n|t:|1701056612\n|switch|p1b: Flutter Mane|Flutter Mane, L50|100\/100\n|switch|p2b: Rillaboom|Rillaboom, L50, M|100\/100\n|-fieldstart|move: Grassy Terrain|[from] ability: Grassy Surge|[of] p2b: Rillaboom\n|switch|p1a: Landorus|Landorus, L50, M|100\/100\n|move|p2a: Tornadus|Taunt|p1b: Flutter Mane\n|-start|p1b: Flutter Mane|move: Taunt\n|\n|-weather|RainDance|[upkeep]\n|-start|p2a: Tornadus|perish1\n|upkeep\n|turn|4\n|\n|t:|1701056635\n|switch|p2a: Garganacl|Garganacl, L50, F, tera:Ghost|100\/100\n|-end|p1b: Flutter Mane|Protosynthesis|[silent]\n|switch|p1b: Tornadus|Tornadus, L50, M|42\/100\n|move|p2b: Rillaboom|Grassy Glide|p1b: Tornadus\n|-resisted|p1b: Tornadus\n|-damage|p1b: Tornadus|18\/100\n|move|p1a: Landorus|Sludge Bomb|p2b: Rillaboom\n|-supereffective|p2b: Rillaboom\n|-damage|p2b: Rillaboom|34\/100\n|\n|-weather|RainDance|[upkeep]\n|-heal|p2b: Rillaboom|40\/100|[from] Grassy Terrain\n|-sideend|p2: Mazovin|move: Tailwind\n|upkeep\n|turn|5\n|inactive|kanucks25 has 30 seconds left.\n|\n|t:|1701056670\n|switch|p2b: Tornadus|Tornadus, L50, M|100\/100\n|move|p1b: Tornadus|Protect|p1b: Tornadus\n|-singleturn|p1b: Tornadus|Protect\n|move|p1a: Landorus|Sandsear Storm|p2a: Garganacl|[spread] p2a\n|-immune|p2b: Tornadus\n|-damage|p2a: Garganacl|69\/100\n|move|p2a: Garganacl|Salt Cure|p1b: Tornadus\n|-activate|p1b: Tornadus|move: Protect\n|\n|-weather|RainDance|[upkeep]\n|-heal|p2a: Garganacl|74\/100|[from] Grassy Terrain\n|upkeep\n|turn|6\n|inactive|kanucks25 has 30 seconds left.\n|\n|t:|1701056700\n|move|p1a: Landorus|Sludge Bomb|p2a: Garganacl\n|-resisted|p2a: Garganacl\n|-damage|p2a: Garganacl|62\/100\n|move|p2b: Tornadus|Bleakwind Storm|p1a: Landorus|[spread] p1a,p1b\n|-damage|p1a: Landorus|65\/100\n|-damage|p1b: Tornadus|0 fnt\n|faint|p1b: Tornadus\n|move|p2a: Garganacl|Salt Cure|p1a: Landorus\n|-damage|p1a: Landorus|49\/100\n|-start|p1a: Landorus|Salt Cure\n|\n|-weather|none\n|-heal|p2a: Garganacl|68\/100|[from] Grassy Terrain\n|-damage|p1a: Landorus|36\/100|[from] Salt Cure\n|upkeep\n|\n|t:|1701056712\n|switch|p1b: Politoed|Politoed, L50, M|100\/100\n|turn|7\n|\n|t:|1701056731\n|switch|p1b: Flutter Mane|Flutter Mane, L50|100\/100\n|move|p1a: Landorus|Protect|p1a: Landorus\n|-singleturn|p1a: Landorus|Protect\n|move|p2b: Tornadus|Taunt|p1b: Flutter Mane\n|-start|p1b: Flutter Mane|move: Taunt\n|move|p2a: Garganacl|Salt Cure|p1b: Flutter Mane\n|-damage|p1b: Flutter Mane|76\/100\n|-start|p1b: Flutter Mane|Salt Cure\n|\n|-heal|p1b: Flutter Mane|82\/100|[from] Grassy Terrain\n|-heal|p2a: Garganacl|74\/100|[from] Grassy Terrain\n|-damage|p1b: Flutter Mane|70\/100|[from] Salt Cure\n|-damage|p1a: Landorus|24\/100|[from] Salt Cure\n|-fieldend|move: Grassy Terrain\n|upkeep\n|turn|8\n|\n|t:|1701056751\n|move|p2a: Garganacl|Protect|p2a: Garganacl\n|-singleturn|p2a: Garganacl|Protect\n|move|p2b: Tornadus|Tailwind|p2b: Tornadus\n|-sidestart|p2: Mazovin|move: Tailwind\n|move|p1b: Flutter Mane|Thunder|p2b: Tornadus|[miss]\n|-miss|p1b: Flutter Mane|p2b: Tornadus\n|move|p1a: Landorus|Sludge Bomb|p2a: Garganacl\n|-activate|p2a: Garganacl|move: Protect\n|\n|-damage|p1b: Flutter Mane|58\/100|[from] Salt Cure\n|-damage|p1a: Landorus|12\/100|[from] Salt Cure\n|upkeep\n|turn|9\n|\n|t:|1701056764\n|move|p1a: Landorus|Protect|p1a: Landorus\n|-singleturn|p1a: Landorus|Protect\n|move|p2b: Tornadus|Bleakwind Storm|p1a: Landorus|[spread] \n|-activate|p1a: Landorus|move: Protect\n|-miss|p2b: Tornadus|p1b: Flutter Mane\n|move|p1b: Flutter Mane|Thunder|p2b: Tornadus\n|-supereffective|p2b: Tornadus\n|-damage|p2b: Tornadus|16\/100\n|move|p2a: Garganacl|Salt Cure|p1b: Flutter Mane\n|-crit|p1b: Flutter Mane\n|-damage|p1b: Flutter Mane|23\/100\n|\n|-damage|p1b: Flutter Mane|11\/100|[from] Salt Cure\n|-damage|p1a: Landorus|0 fnt|[from] Salt Cure\n|faint|p1a: Landorus\n|-end|p1b: Flutter Mane|move: Taunt\n|upkeep\n|-message|kanucks25 forfeited.\n|\n|win|Mazovin\n|raw|kanucks25's rating: 1265 &rarr; <strong>1235<\/strong><br \/>(-30 for losing)\n|raw|Mazovin's rating: 1196 &rarr; <strong>1226<\/strong><br \/>(+30 for winning)\n|l|\u2606kanucks25\n","uploadtime":1701056783,"views":3,"p1id":"kanucks25","p2id":"mazovin","formatid":"gen9vgc2023regulatione","rating":1226,"private":0,"password":""}