{"id":"gen9vgc2023regulatione-2000481356","p1":"Lurvas","p2":"RedNeedles","format":"[Gen 9] VGC 2023 Regulation E","log":"|j|\u2606Lurvas\n|j|\u2606RedNeedles\n|t:|1701198425\n|gametype|doubles\n|player|p1|Lurvas|alder|1277\n|player|p2|RedNeedles|102|1261\n|teamsize|p1|6\n|teamsize|p2|6\n|gen|9\n|tier|[Gen 9] VGC 2023 Regulation E\n|rated|\n|rule|Species Clause: Limit one of each Pok\u00e9mon\n|rule|Item Clause: Limit one of each item\n|clearpoke\n|poke|p1|Urshifu-*, L50, M|\n|poke|p1|Rillaboom, L50, F|\n|poke|p1|Flutter Mane, L50|\n|poke|p1|Arcanine-Hisui, L50, F|\n|poke|p1|Chien-Pao, L50|\n|poke|p1|Tornadus, L50, M|\n|poke|p2|Flutter Mane, L50|\n|poke|p2|Sinistcha-Masterpiece, L50|\n|poke|p2|Grimmsnarl, L50, M|\n|poke|p2|Ogerpon-Hearthflame, L50, F|\n|poke|p2|Enamorus, L50, F|\n|poke|p2|Urshifu-*, L50, M|\n|teampreview|4\n|inactive|Battle timer is ON: inactive players will automatically lose when time's up. (requested by RedNeedles)\nLurvas has agreed to open team sheets.\n|inactive|RedNeedles has 60 seconds left.\n|\n|t:|1701198458\n|start\n|switch|p1a: Chien-Pao|Chien-Pao, L50|100\/100\n|switch|p1b: Rillaboom|Rillaboom, L50, F|100\/100\n|switch|p2a: Hiroshi|Grimmsnarl, L50, M, shiny|100\/100\n|switch|p2b: Muku|Flutter Mane, L50|100\/100\n|-ability|p1a: Chien-Pao|Sword of Ruin\n|-fieldstart|move: Grassy Terrain|[from] ability: Grassy Surge|[of] p1b: Rillaboom\n|turn|1\n|\n|t:|1701198478\n|move|p2b: Muku|Protect|p2b: Muku\n|-singleturn|p2b: Muku|Protect\n|move|p1a: Chien-Pao|Sucker Punch||[still]\n|-fail|p1a: Chien-Pao\n|move|p1b: Rillaboom|Grassy Glide|p2b: Muku\n|-activate|p2b: Muku|move: Protect\n|move|p2a: Hiroshi|Reflect|p2a: Hiroshi\n|-sidestart|p2: RedNeedles|Reflect\n|\n|upkeep\n|turn|2\n|inactive|RedNeedles has 30 seconds left.\n|inactive|RedNeedles has 20 seconds left.\n|inactive|RedNeedles has 15 seconds left.\n|inactive|RedNeedles has 10 seconds left.\n|inactive|RedNeedles has 5 seconds left.\n|\n|t:|1701198531\n|move|p1a: Chien-Pao|Sucker Punch|p2b: Muku\n|-damage|p2b: Muku|30\/100\n|move|p2b: Muku|Dazzling Gleam|p1a: Chien-Pao|[spread] p1a,p1b\n|-supereffective|p1a: Chien-Pao\n|-enditem|p1a: Chien-Pao|Focus Sash\n|-damage|p1a: Chien-Pao|1\/100\n|-damage|p1b: Rillaboom|69\/100\n|-damage|p2b: Muku|20\/100|[from] item: Life Orb\n|move|p1b: Rillaboom|Drum Beating|p2a: Hiroshi\n|-damage|p2a: Hiroshi|51\/100\n|-unboost|p2a: Hiroshi|spe|1\n|move|p2a: Hiroshi|Spirit Break|p1a: Chien-Pao\n|-supereffective|p1a: Chien-Pao\n|-damage|p1a: Chien-Pao|0 fnt\n|faint|p1a: Chien-Pao\n|\n|-heal|p2b: Muku|26\/100|[from] Grassy Terrain\n|-heal|p1b: Rillaboom|75\/100|[from] Grassy Terrain\n|-heal|p2a: Hiroshi|57\/100|[from] Grassy Terrain\n|upkeep\n|\n|t:|1701198549\n|switch|p1a: Arcanine|Arcanine-Hisui, L50, F|100\/100\n|-ability|p1a: Arcanine|Intimidate|boost\n|-unboost|p2a: Hiroshi|atk|1\n|-unboost|p2b: Muku|atk|1\n|turn|3\n|inactive|RedNeedles has 30 seconds left.\n|\n|t:|1701198575\n|move|p2b: Muku|Protect|p2b: Muku\n|-singleturn|p2b: Muku|Protect\n|move|p1b: Rillaboom|Grassy Glide|p2b: Muku\n|-activate|p2b: Muku|move: Protect\n|move|p1a: Arcanine|Rock Slide|p2a: Hiroshi|[spread] p2a\n|-activate|p2b: Muku|move: Protect\n|-damage|p2a: Hiroshi|25\/100\n|move|p2a: Hiroshi|Spirit Break|p1b: Rillaboom\n|-damage|p1b: Rillaboom|55\/100\n|-unboost|p1b: Rillaboom|spa|1\n|\n|-heal|p2b: Muku|33\/100|[from] Grassy Terrain\n|-heal|p1b: Rillaboom|61\/100|[from] Grassy Terrain\n|-heal|p2a: Hiroshi|31\/100|[from] Grassy Terrain\n|upkeep\n|turn|4\n|inactive|RedNeedles has 30 seconds left.\n|inactive|RedNeedles has 20 seconds left.\n|\n|t:|1701198614\n|move|p1b: Rillaboom|Grassy Glide|p2b: Muku\n|-damage|p2b: Muku|0 fnt\n|faint|p2b: Muku\n|-end|p2b: Muku|Protosynthesis|[silent]\n|move|p1a: Arcanine|Rock Slide|p2a: Hiroshi\n|-damage|p2a: Hiroshi|0 fnt\n|faint|p2a: Hiroshi\n|\n|-heal|p1b: Rillaboom|67\/100|[from] Grassy Terrain\n|upkeep\n|\n|t:|1701198619\n|switch|p2b: Yokubus|Enamorus, L50, F|100\/100\n|switch|p2a: Churi|Sinistcha-Masterpiece, L50|100\/100\n|turn|5\n|\n|t:|1701198644\n|-terastallize|p2a: Churi|Water\n|move|p2b: Yokubus|Tailwind|p2b: Yokubus\n|-sidestart|p2: RedNeedles|move: Tailwind\n|move|p2a: Churi|Strength Sap|p2b: Yokubus\n|-boost|p2b: Yokubus|atk|1\n|move|p1a: Arcanine|Rock Slide|p2b: Yokubus|[spread] p2a,p2b\n|-supereffective|p2b: Yokubus\n|-damage|p2a: Churi|77\/100\n|-damage|p2b: Yokubus|28\/100\n|move|p1b: Rillaboom|Drum Beating|p2a: Churi\n|-supereffective|p2a: Churi\n|-damage|p2a: Churi|10\/100\n|-unboost|p2a: Churi|spe|1\n|\n|-heal|p2a: Churi|16\/100|[from] Grassy Terrain\n|-heal|p1b: Rillaboom|73\/100|[from] Grassy Terrain\n|-fieldend|move: Grassy Terrain\n|upkeep\n|turn|6\n|\n|t:|1701198663\n|switch|p1b: Flutter Mane|Flutter Mane, L50|100\/100\n|-enditem|p1b: Flutter Mane|Booster Energy\n|-activate|p1b: Flutter Mane|ability: Protosynthesis|[fromitem]\n|-start|p1b: Flutter Mane|protosynthesisspe\n|move|p2b: Yokubus|Superpower|p1a: Arcanine\n|-supereffective|p1a: Arcanine\n|-damage|p1a: Arcanine|0 fnt\n|-boost|p2b: Yokubus|atk|1\n|-boost|p2b: Yokubus|def|1\n|faint|p1a: Arcanine\n|move|p2a: Churi|Matcha Gotcha|p1b: Flutter Mane|[miss]\n|-miss|p2a: Churi|p1b: Flutter Mane\n|\n|upkeep\n|\n|t:|1701198676\n|switch|p1a: Rillaboom|Rillaboom, L50, F|73\/100\n|-fieldstart|move: Grassy Terrain|[from] ability: Grassy Surge|[of] p1a: Rillaboom\n|turn|7\n|\n|t:|1701198690\n|move|p1b: Flutter Mane|Protect|p1b: Flutter Mane\n|-singleturn|p1b: Flutter Mane|Protect\n|move|p1a: Rillaboom|Grassy Glide|p2a: Churi\n|-supereffective|p2a: Churi\n|-damage|p2a: Churi|0 fnt\n|faint|p2a: Churi\n|move|p2b: Yokubus|Play Rough|p1b: Flutter Mane\n|-activate|p1b: Flutter Mane|move: Protect\n|\n|-heal|p1a: Rillaboom|79\/100|[from] Grassy Terrain\n|upkeep\n|turn|8\n|\n|t:|1701198708\n|-terastallize|p1b: Flutter Mane|Fairy\n|move|p2b: Yokubus|Play Rough|p1b: Flutter Mane\n|-damage|p1b: Flutter Mane|0 fnt\n|faint|p1b: Flutter Mane\n|-end|p1b: Flutter Mane|Protosynthesis|[silent]\n|move|p1a: Rillaboom|Drum Beating|p2b: Yokubus\n|-resisted|p2b: Yokubus\n|-damage|p2b: Yokubus|10\/100\n|-boost|p2b: Yokubus|spe|1\n|\n|-heal|p1a: Rillaboom|85\/100|[from] Grassy Terrain\n|-sideend|p2: RedNeedles|Reflect\n|-sideend|p2: RedNeedles|move: Tailwind\n|upkeep\n|turn|9\n|\n|t:|1701198721\n|move|p1a: Rillaboom|Grassy Glide|p2b: Yokubus\n|-resisted|p2b: Yokubus\n|-damage|p2b: Yokubus|0 fnt\n|faint|p2b: Yokubus\n|\n|win|Lurvas\n|raw|Lurvas's rating: 1277 &rarr; <strong>1301<\/strong><br \/>(+24 for winning)\n|raw|RedNeedles's rating: 1261 &rarr; <strong>1237<\/strong><br \/>(-24 for losing)\n|c|\u2606Lurvas|gg\n|c|\u2606RedNeedles|gg\n","uploadtime":1701198731,"views":2,"p1id":"lurvas","p2id":"redneedles","formatid":"gen9vgc2023regulatione","rating":1237,"private":0,"password":""}