{"id":"gen9vgc2023regulatione-1995915692","p1":"Nuktuk","p2":"SquishBeak","format":"[Gen 9] VGC 2023 Regulation E","log":"|j|\u2606Nuktuk\n|j|\u2606SquishBeak\n|t:|1700617005\n|gametype|doubles\n|player|p1|Nuktuk|265|1357\n|player|p2|SquishBeak|brycen|1417\n|teamsize|p1|6\n|teamsize|p2|6\n|gen|9\n|tier|[Gen 9] VGC 2023 Regulation E\n|rated|\n|rule|Species Clause: Limit one of each Pok\u00e9mon\n|rule|Item Clause: Limit one of each item\n|clearpoke\n|poke|p1|Iron Hands, L50|\n|poke|p1|Chi-Yu, L50|\n|poke|p1|Flutter Mane, L50|\n|poke|p1|Landorus, L50, M|\n|poke|p1|Salamence, L50, F|\n|poke|p1|Illumise, L50, F|\n|poke|p2|Gholdengo, L50|\n|poke|p2|Dragonite, L50, F|\n|poke|p2|Ogerpon, L50, F|\n|poke|p2|Chien-Pao, L50|\n|poke|p2|Arcanine-Hisui, L50, F|\n|poke|p2|Flutter Mane, L50|\n|teampreview|4\nSquishBeak has agreed to open team sheets.\n|\n|t:|1700617069\n|start\n|switch|p1a: Landorus|Landorus, L50, M|100\/100\n|switch|p1b: Illumise|Illumise, L50, F|100\/100\n|switch|p2a: Ogerpon|Ogerpon, L50, F|100\/100\n|switch|p2b: Arcanine|Arcanine-Hisui, L50, F|100\/100\n|-ability|p2b: Arcanine|Intimidate|boost\n|-unboost|p1a: Landorus|atk|1\n|-unboost|p1b: Illumise|atk|1\n|turn|1\n|\n|t:|1700617105\n|switch|p2b: Chien-Pao|Chien-Pao, L50|100\/100\n|-ability|p2b: Chien-Pao|Sword of Ruin\n|move|p1b: Illumise|Tailwind|p1b: Illumise\n|-sidestart|p1: Nuktuk|move: Tailwind\n|move|p1a: Landorus|Earth Power|p2b: Chien-Pao\n|-enditem|p2b: Chien-Pao|Focus Sash\n|-damage|p2b: Chien-Pao|1\/100\n|move|p2a: Ogerpon|Knock Off|p1b: Illumise\n|-damage|p1b: Illumise|59\/100\n|-enditem|p1b: Illumise|Covert Cloak|[from] move: Knock Off|[of] p2a: Ogerpon\n|\n|upkeep\n|turn|2\n|\n|t:|1700617136\n|-terastallize|p1a: Landorus|Poison\n|move|p2b: Chien-Pao|Protect|p2b: Chien-Pao\n|-singleturn|p2b: Chien-Pao|Protect\n|move|p1a: Landorus|Sludge Bomb|p2a: Ogerpon\n|-supereffective|p2a: Ogerpon\n|-damage|p2a: Ogerpon|0 fnt\n|faint|p2a: Ogerpon\n|move|p1b: Illumise|Struggle Bug|p2b: Chien-Pao\n|-activate|p2b: Chien-Pao|move: Protect\n|\n|upkeep\n|\n|t:|1700617152\n|switch|p2a: Flutter Mane|Flutter Mane, L50|100\/100\n|-enditem|p2a: Flutter Mane|Booster Energy\n|-activate|p2a: Flutter Mane|ability: Protosynthesis|[fromitem]\n|-start|p2a: Flutter Mane|protosynthesisspe\n|turn|3\n|\n|t:|1700617162\n|move|p2a: Flutter Mane|Protect|p2a: Flutter Mane\n|-singleturn|p2a: Flutter Mane|Protect\n|move|p1b: Illumise|Fake Tears|p2a: Flutter Mane\n|-activate|p2a: Flutter Mane|move: Protect\n|move|p2b: Chien-Pao|Sucker Punch|p1a: Landorus\n|-damage|p1a: Landorus|56\/100\n|move|p1a: Landorus|Sludge Bomb|p2a: Flutter Mane\n|-activate|p2a: Flutter Mane|move: Protect\n|\n|upkeep\n|turn|4\n|\n|t:|1700617189\n|move|p1b: Illumise|Fake Tears|p2a: Flutter Mane\n|-unboost|p2a: Flutter Mane|spd|2\n|move|p2b: Chien-Pao|Sucker Punch|p1a: Landorus\n|-damage|p1a: Landorus|8\/100\n|move|p2a: Flutter Mane|Shadow Ball|p1a: Landorus\n|-damage|p1a: Landorus|0 fnt\n|faint|p1a: Landorus\n|\n|-sideend|p1: Nuktuk|move: Tailwind\n|upkeep\n|\n|t:|1700617200\n|switch|p1a: Flutter Mane|Flutter Mane, L50|100\/100\n|turn|5\n|\n|t:|1700617211\n|move|p2a: Flutter Mane|Protect|p2a: Flutter Mane\n|-singleturn|p2a: Flutter Mane|Protect\n|move|p1b: Illumise|Tailwind|p1b: Illumise\n|-sidestart|p1: Nuktuk|move: Tailwind\n|move|p1a: Flutter Mane|Dazzling Gleam|p2a: Flutter Mane|[spread] p2b\n|-activate|p2a: Flutter Mane|move: Protect\n|-supereffective|p2b: Chien-Pao\n|-damage|p2b: Chien-Pao|0 fnt\n|faint|p2b: Chien-Pao\n|\n|upkeep\n|\n|t:|1700617216\n|switch|p2b: Arcanine|Arcanine-Hisui, L50, F|100\/100\n|-ability|p2b: Arcanine|Intimidate|boost\n|-unboost|p1a: Flutter Mane|atk|1\n|-unboost|p1b: Illumise|atk|1\n|turn|6\n|\n|t:|1700617235\n|move|p1b: Illumise|Encore|p2a: Flutter Mane\n|-start|p2a: Flutter Mane|Encore\n|move|p1a: Flutter Mane|Shadow Ball|p2b: Arcanine\n|-damage|p2b: Arcanine|74\/100\n|move|p2a: Flutter Mane|Protect||[still]\n|-fail|p2a: Flutter Mane\n|move|p2b: Arcanine|Rock Slide|p1a: Flutter Mane|[spread] p1a,p1b\n|-supereffective|p1b: Illumise\n|-damage|p1a: Flutter Mane|53\/100\n|-damage|p1b: Illumise|7\/100\n|\n|upkeep\n|turn|7\n|\n|t:|1700617265\n|-end|p1a: Flutter Mane|Protosynthesis|[silent]\n|switch|p1a: Iron Hands|Iron Hands, L50|100\/100\n|move|p2a: Flutter Mane|Protect|p2a: Flutter Mane\n|-singleturn|p2a: Flutter Mane|Protect\n|move|p1b: Illumise|Struggle Bug|p2b: Arcanine|[spread] p2b\n|-activate|p2a: Flutter Mane|move: Protect\n|-resisted|p2b: Arcanine\n|-damage|p2b: Arcanine|71\/100\n|-unboost|p2b: Arcanine|spa|1\n|move|p2b: Arcanine|Snarl|p1a: Iron Hands|[spread] p1a,p1b\n|-resisted|p1a: Iron Hands\n|-damage|p1a: Iron Hands|99\/100\n|-damage|p1b: Illumise|1\/100\n|-unboost|p1a: Iron Hands|spa|1\n|-unboost|p1b: Illumise|spa|1\n|\n|upkeep\n|turn|8\n|\n|t:|1700617315\n|move|p2a: Flutter Mane|Protect||[still]\n|-fail|p2a: Flutter Mane\n|move|p1b: Illumise|Struggle Bug|p2b: Arcanine|[spread] p2a,p2b\n|-resisted|p2a: Flutter Mane\n|-resisted|p2b: Arcanine\n|-damage|p2a: Flutter Mane|97\/100\n|-damage|p2b: Arcanine|69\/100\n|-unboost|p2a: Flutter Mane|spa|1\n|-unboost|p2b: Arcanine|spa|1\n|move|p1a: Iron Hands|Drain Punch|p2b: Arcanine\n|-supereffective|p2b: Arcanine\n|-damage|p2b: Arcanine|0 fnt\n|-heal|p1a: Iron Hands|100\/100|[from] drain|[of] p2b: Arcanine\n|faint|p2b: Arcanine\n|\n|-end|p2a: Flutter Mane|Encore\n|-sideend|p1: Nuktuk|move: Tailwind\n|upkeep\n|turn|9\n|\n|t:|1700617336\n|-terastallize|p2a: Flutter Mane|Fairy\n|move|p1b: Illumise|Encore|p2a: Flutter Mane\n|-start|p2a: Flutter Mane|Encore\n|move|p2a: Flutter Mane|Protect|p2a: Flutter Mane\n|-singleturn|p2a: Flutter Mane|Protect\n|move|p1a: Iron Hands|Heavy Slam|p2a: Flutter Mane\n|-activate|p2a: Flutter Mane|move: Protect\n|\n|upkeep\n|turn|10\n|\n|t:|1700617353\n|move|p2a: Flutter Mane|Protect|p2a: Flutter Mane\n|-singleturn|p2a: Flutter Mane|Protect\n|move|p1b: Illumise|Struggle Bug|p2a: Flutter Mane\n|-activate|p2a: Flutter Mane|move: Protect\n|move|p1a: Iron Hands|Heavy Slam|p2a: Flutter Mane\n|-activate|p2a: Flutter Mane|move: Protect\n|\n|upkeep\n|turn|11\n|\n|t:|1700617364\n|move|p2a: Flutter Mane|Protect||[still]\n|-fail|p2a: Flutter Mane\n|move|p1b: Illumise|Struggle Bug|p2a: Flutter Mane\n|-resisted|p2a: Flutter Mane\n|-damage|p2a: Flutter Mane|87\/100\n|-unboost|p2a: Flutter Mane|spa|1\n|move|p1a: Iron Hands|Heavy Slam|p2a: Flutter Mane\n|-supereffective|p2a: Flutter Mane\n|-damage|p2a: Flutter Mane|0 fnt\n|faint|p2a: Flutter Mane\n|-end|p2a: Flutter Mane|Protosynthesis|[silent]\n|\n|win|Nuktuk\n|raw|Nuktuk's rating: 1357 &rarr; <strong>1380<\/strong><br \/>(+23 for winning)\n|raw|SquishBeak's rating: 1417 &rarr; <strong>1394<\/strong><br \/>(-23 for losing)\n|l|\u2606SquishBeak\n|c|\u2606Nuktuk|gg\n","uploadtime":1700617383,"views":9,"p1id":"nuktuk","p2id":"squishbeak","formatid":"gen9vgc2023regulatione","rating":1380,"private":0,"password":""}