{"id":"gen9vgc2023regulatione-2000366685","p1":"TapiGD","p2":"FloridaParkingLot","format":"[Gen 9] VGC 2023 Regulation E","log":"|j|\u2606TapiGD\n|j|\u2606FloridaParkingLot\n|t:|1701188771\n|gametype|doubles\n|player|p1|TapiGD|2|1272\n|player|p2|FloridaParkingLot|265|1368\n|teamsize|p1|6\n|teamsize|p2|6\n|gen|9\n|tier|[Gen 9] VGC 2023 Regulation E\n|rated|\n|rule|Species Clause: Limit one of each Pok\u00e9mon\n|rule|Item Clause: Limit one of each item\n|clearpoke\n|poke|p1|Charjabug, L50, M|\n|poke|p1|Chi-Yu, L50|\n|poke|p1|Tornadus, L50, M|\n|poke|p1|Landorus-Therian, L50, M|\n|poke|p1|Empoleon, L50, M|\n|poke|p1|Urshifu-*, L50, M|\n|poke|p2|Iron Hands, L50|\n|poke|p2|Flutter Mane, L50|\n|poke|p2|Chi-Yu, L50|\n|poke|p2|Tornadus, L50, M|\n|poke|p2|Landorus-Therian, L50, M|\n|poke|p2|Urshifu-*, L50, F|\n|teampreview|4\n|\n|t:|1701188808\n|start\n|switch|p1a: Tornadus|Tornadus, L50, M|100\/100\n|switch|p1b: Landorus|Landorus-Therian, L50, M|100\/100\n|switch|p2a: Flutter Mane|Flutter Mane, L50|100\/100\n|switch|p2b: Tornadus|Tornadus, L50, M|100\/100\n|-ability|p1b: Landorus|Intimidate|boost\n|-unboost|p2a: Flutter Mane|atk|1\n|-unboost|p2b: Tornadus|atk|1\n|turn|1\n|inactive|Battle timer is ON: inactive players will automatically lose when time's up. (requested by TapiGD)\n|\n|t:|1701188841\n|-terastallize|p2a: Flutter Mane|Water\n|move|p2b: Tornadus|Tailwind|p2b: Tornadus\n|-sidestart|p2: FloridaParkingLot|move: Tailwind\n|move|p1a: Tornadus|Tailwind|p1a: Tornadus\n|-sidestart|p1: TapiGD|move: Tailwind\n|move|p1b: Landorus|U-turn|p2a: Flutter Mane\n|-damage|p2a: Flutter Mane|40\/100\n|\n|t:|1701188851\n|switch|p1b: Charjabug|Charjabug, L50, M, shiny|100\/100|[from] U-turn\n|move|p2a: Flutter Mane|Tera Blast|p1b: Charjabug|[anim] Tera Blast Water\n|-damage|p1b: Charjabug|66\/100\n|\n|upkeep\n|turn|2\n|\n|t:|1701188870\n|move|p2a: Flutter Mane|Protect|p2a: Flutter Mane\n|-singleturn|p2a: Flutter Mane|Protect\n|move|p2b: Tornadus|Scary Face|p1a: Tornadus\n|-unboost|p1a: Tornadus|spe|2\n|move|p1a: Tornadus|Bleakwind Storm|p2a: Flutter Mane|[spread] p2b\n|-activate|p2a: Flutter Mane|move: Protect\n|-damage|p2b: Tornadus|52\/100\n|move|p1b: Charjabug|Struggle Bug|p2a: Flutter Mane|[spread] p2b\n|-activate|p2a: Flutter Mane|move: Protect\n|-resisted|p2b: Tornadus\n|-damage|p2b: Tornadus|48\/100\n|\n|upkeep\n|turn|3\n|inactive|FloridaParkingLot has 30 seconds left.\n|\n|t:|1701188898\n|-end|p2a: Flutter Mane|Protosynthesis|[silent]\n|switch|p2a: Iron Hands|Iron Hands, L50|100\/100\n|move|p2b: Tornadus|Sunny Day|p2b: Tornadus\n|-weather|SunnyDay\n|move|p1a: Tornadus|Bleakwind Storm|p2b: Tornadus|[spread] p2a\n|-miss|p1a: Tornadus|p2b: Tornadus\n|-damage|p2a: Iron Hands|79\/100\n|move|p1b: Charjabug|Struggle Bug|p2a: Iron Hands|[spread] p2a,p2b\n|-resisted|p2a: Iron Hands\n|-resisted|p2b: Tornadus\n|-damage|p2a: Iron Hands|77\/100\n|-damage|p2b: Tornadus|43\/100\n|-unboost|p2a: Iron Hands|spa|1\n|\n|-weather|SunnyDay|[upkeep]\n|upkeep\n|turn|4\n|inactive|TapiGD has 30 seconds left.\n|\n|t:|1701188925\n|-end|p2a: Iron Hands|Quark Drive|[silent]\n|switch|p2a: Chi-Yu|Chi-Yu, L50|100\/100\n|-ability|p2a: Chi-Yu|Beads of Ruin\n|switch|p1a: Landorus|Landorus-Therian, L50, M|100\/100\n|-ability|p1a: Landorus|Intimidate|boost\n|-unboost|p2a: Chi-Yu|atk|1\n|-unboost|p2b: Tornadus|atk|1\n|move|p2b: Tornadus|Bleakwind Storm|p1b: Charjabug|[spread] p1a,p1b\n|-damage|p1a: Landorus|40\/100\n|-damage|p1b: Charjabug|30\/100\n|-unboost|p1b: Charjabug|spe|1\n|move|p1b: Charjabug|Lunge|p2a: Chi-Yu\n|-damage|p2a: Chi-Yu|59\/100\n|-unboost|p2a: Chi-Yu|atk|1\n|\n|-weather|SunnyDay|[upkeep]\n|-sideend|p1: TapiGD|move: Tailwind\n|-sideend|p2: FloridaParkingLot|move: Tailwind\n|upkeep\n|turn|5\n|inactive|TapiGD has 30 seconds left.\n|\n|t:|1701188951\n|switch|p1a: Empoleon|Empoleon, L50, M|100\/100\n|move|p2b: Tornadus|Tailwind|p2b: Tornadus\n|-sidestart|p2: FloridaParkingLot|move: Tailwind\n|move|p2a: Chi-Yu|Heat Wave|p1b: Charjabug|[spread] p1a,p1b\n|-supereffective|p1b: Charjabug\n|-damage|p1a: Empoleon|43\/100\n|-damage|p1b: Charjabug|0 fnt\n|faint|p1b: Charjabug\n|-damage|p2a: Chi-Yu|49\/100|[from] item: Life Orb\n|\n|-weather|SunnyDay|[upkeep]\n|upkeep\n|\n|t:|1701188964\n|switch|p1b: Tornadus|Tornadus, L50, M|100\/100\n|turn|6\n|\n|t:|1701188971\n|move|p1b: Tornadus|Tailwind|p1b: Tornadus\n|-sidestart|p1: TapiGD|move: Tailwind\n|move|p1a: Empoleon|Vacuum Wave|p2a: Chi-Yu\n|-supereffective|p2a: Chi-Yu\n|-damage|p2a: Chi-Yu|14\/100\n|move|p2b: Tornadus|Bleakwind Storm|p1a: Empoleon|[spread] p1a,p1b\n|-resisted|p1a: Empoleon\n|-damage|p1a: Empoleon|30\/100\n|-damage|p1b: Tornadus|65\/100\n|-unboost|p1b: Tornadus|spe|1\n|move|p2a: Chi-Yu|Heat Wave|p1b: Tornadus|[spread] p1a,p1b\n|-damage|p1a: Empoleon|0 fnt\n|-damage|p1b: Tornadus|0 fnt\n|faint|p1a: Empoleon\n|faint|p1b: Tornadus\n|-damage|p2a: Chi-Yu|4\/100|[from] item: Life Orb\n|\n|-weather|SunnyDay|[upkeep]\n|upkeep\n|\n|t:|1701188978\n|switch|p1b: Landorus|Landorus-Therian, L50, M|40\/100\n|-ability|p1b: Landorus|Intimidate|boost\n|-unboost|p2a: Chi-Yu|atk|1\n|-unboost|p2b: Tornadus|atk|1\n|turn|7\n|\n|t:|1701188985\n|move|p2b: Tornadus|Scary Face|p1b: Landorus\n|-unboost|p1b: Landorus|spe|2\n|move|p2a: Chi-Yu|Dark Pulse|p1b: Landorus\n|-damage|p1b: Landorus|0 fnt\n|faint|p1b: Landorus\n|-damage|p2a: Chi-Yu|0 fnt|[from] item: Life Orb\n|faint|p2a: Chi-Yu\n|\n|win|FloridaParkingLot\n|raw|TapiGD's rating: 1272 &rarr; <strong>1254<\/strong><br \/>(-18 for losing)\n|raw|FloridaParkingLot's rating: 1368 &rarr; <strong>1383<\/strong><br \/>(+15 for winning)\n|l|\u2606TapiGD\n","uploadtime":1701188991,"views":2,"p1id":"tapigd","p2id":"floridaparkinglot","formatid":"gen9vgc2023regulatione","rating":1254,"private":0,"password":""}