{"id":"gen9vgc2023regulatione-2000273085","p1":"Warioooo2222","p2":"UnknownUniverse","format":"[Gen 9] VGC 2023 Regulation E","log":"|j|\u2606Warioooo2222\n|j|\u2606UnknownUniverse\n|t:|1701180075\n|gametype|doubles\n|player|p1|Warioooo2222|266|1036\n|player|p2|UnknownUniverse|rika|1057\n|teamsize|p1|6\n|teamsize|p2|6\n|gen|9\n|tier|[Gen 9] VGC 2023 Regulation E\n|rated|\n|rule|Species Clause: Limit one of each Pok\u00e9mon\n|rule|Item Clause: Limit one of each item\n|clearpoke\n|poke|p1|Ogerpon, L50, F|\n|poke|p1|Weezing-Galar, L50, M|\n|poke|p1|Arcanine-Hisui, L50, F|\n|poke|p1|Decidueye-Hisui, L50, F|\n|poke|p1|Farigiraf, L50, M|\n|poke|p1|Glastrier, L50|\n|poke|p2|Roaring Moon, L50|\n|poke|p2|Torkoal, L50, M|\n|poke|p2|Lilligant-Hisui, L50, F|\n|poke|p2|Flutter Mane, L50|\n|poke|p2|Chien-Pao, L50|\n|poke|p2|Corviknight, L50, F|\n|teampreview|4\n|inactive|Battle timer is ON: inactive players will automatically lose when time's up. (requested by Warioooo2222)\n|\n|t:|1701180100\n|start\n|switch|p1a: Ganku|Farigiraf, L50, M|100\/100\n|switch|p1b: Shu Ku|Decidueye-Hisui, L50, F|100\/100\n|switch|p2a: Corviknight|Corviknight, L50, F, shiny|100\/100\n|switch|p2b: Roaring Moon|Roaring Moon, L50, shiny|100\/100\n|-enditem|p2b: Roaring Moon|Booster Energy\n|-activate|p2b: Roaring Moon|ability: Protosynthesis|[fromitem]\n|-start|p2b: Roaring Moon|protosynthesisatk\n|turn|1\n|inactive|Warioooo2222 has 30 seconds left.\n|c|\u2606UnknownUniverse|Gl hf\n|inactive|Warioooo2222 has 20 seconds left.\n|inactive|Warioooo2222 has 15 seconds left.\n|\n|t:|1701180142\n|-terastallize|p2b: Roaring Moon|Poison\n|move|p2b: Roaring Moon|Tailwind|p2b: Roaring Moon\n|-sidestart|p2: UnknownUniverse|move: Tailwind\n|move|p2a: Corviknight|Bulk Up|p2a: Corviknight\n|-boost|p2a: Corviknight|atk|1\n|-boost|p2a: Corviknight|def|1\n|move|p1b: Shu Ku|Triple Arrows|p2b: Roaring Moon\n|-resisted|p2b: Roaring Moon\n|-crit|p2b: Roaring Moon\n|-damage|p2b: Roaring Moon|60\/100\n|-unboost|p2b: Roaring Moon|def|1\n|move|p1a: Ganku|Trick Room|p1a: Ganku\n|-fieldstart|move: Trick Room|[of] p1a: Ganku\n|\n|upkeep\n|turn|2\n|inactive|Warioooo2222 has 30 seconds left.\n|\n|t:|1701180175\n|-terastallize|p1b: Shu Ku|Steel\n|move|p2b: Roaring Moon|Protect|p2b: Roaring Moon\n|-singleturn|p2b: Roaring Moon|Protect\n|move|p1b: Shu Ku|Triple Arrows|p2b: Roaring Moon\n|-activate|p2b: Roaring Moon|move: Protect\n|move|p1a: Ganku|Imprison|p1a: Ganku\n|-start|p1a: Ganku|move: Imprison\n|move|p2a: Corviknight|Bulk Up|p2a: Corviknight\n|-boost|p2a: Corviknight|atk|1\n|-boost|p2a: Corviknight|def|1\n|\n|upkeep\n|turn|3\n|inactive|UnknownUniverse has 30 seconds left.\n|\n|t:|1701180200\n|move|p1b: Shu Ku|Triple Arrows|p2b: Roaring Moon\n|-resisted|p2b: Roaring Moon\n|-damage|p2b: Roaring Moon|24\/100\n|-unboost|p2b: Roaring Moon|def|1\n|move|p1a: Ganku|Hyper Voice|p2a: Corviknight|[spread] p2a,p2b\n|-resisted|p2a: Corviknight\n|-damage|p2a: Corviknight|90\/100\n|-damage|p2b: Roaring Moon|0 fnt\n|faint|p2b: Roaring Moon\n|-end|p2b: Roaring Moon|Protosynthesis|[silent]\n|-enditem|p1a: Ganku|Throat Spray\n|-boost|p1a: Ganku|spa|1|[from] item: Throat Spray\n|move|p2a: Corviknight|Body Press|p1b: Shu Ku\n|-supereffective|p1b: Shu Ku\n|-damage|p1b: Shu Ku|14\/100\n|\n|upkeep\n|\n|t:|1701180215\n|switch|p2b: Torkoal|Torkoal, L50, M, shiny|100\/100\n|-weather|SunnyDay|[from] ability: Drought|[of] p2b: Torkoal\n|turn|4\n|\n|t:|1701180232\n|move|p1b: Shu Ku|Triple Arrows|p2b: Torkoal\n|-crit|p2b: Torkoal\n|-damage|p2b: Torkoal|47\/100\n|move|p1a: Ganku|Hyper Voice|p2b: Torkoal|[spread] p2a,p2b\n|-resisted|p2a: Corviknight\n|-damage|p2a: Corviknight|76\/100\n|-damage|p2b: Torkoal|1\/100\n|move|p2b: Torkoal|Eruption|p1a: Ganku|[spread] p1a,p1b\n|-supereffective|p1b: Shu Ku\n|-damage|p1a: Ganku|99\/100\n|-damage|p1b: Shu Ku|14\/100\n|move|p2a: Corviknight|Brave Bird|p1a: Ganku\n|-damage|p1a: Ganku|9\/100\n|-damage|p2a: Corviknight|43\/100|[from] Recoil\n|-enditem|p2a: Corviknight|Sitrus Berry|[eat]\n|-heal|p2a: Corviknight|68\/100|[from] item: Sitrus Berry\n|\n|-weather|SunnyDay|[upkeep]\n|-sideend|p2: UnknownUniverse|move: Tailwind\n|upkeep\n|turn|5\n|inactive|UnknownUniverse has 30 seconds left.\n|\n|t:|1701180264\n|move|p2b: Torkoal|Earth Power|p1b: Shu Ku\n|-supereffective|p1b: Shu Ku\n|-damage|p1b: Shu Ku|0 fnt\n|faint|p1b: Shu Ku\n|move|p1a: Ganku|Hyper Voice|p2a: Corviknight|[spread] p2a,p2b\n|-resisted|p2a: Corviknight\n|-damage|p2a: Corviknight|54\/100\n|-damage|p2b: Torkoal|0 fnt\n|faint|p2b: Torkoal\n|move|p2a: Corviknight|Brave Bird|p1a: Ganku\n|-damage|p1a: Ganku|0 fnt\n|faint|p1a: Ganku\n|-damage|p2a: Corviknight|51\/100|[from] Recoil\n|\n|-weather|SunnyDay|[upkeep]\n|-fieldend|move: Trick Room\n|upkeep\n|\n|t:|1701180280\n|switch|p1a: Arthur|Arcanine-Hisui, L50, F|100\/100\n|switch|p1b: Ogeppy|Ogerpon, L50, F|100\/100\n|switch|p2b: Flutter Mane|Flutter Mane, L50, shiny|100\/100\n|-activate|p2b: Flutter Mane|ability: Protosynthesis\n|-start|p2b: Flutter Mane|protosynthesisspa\n|-ability|p1a: Arthur|Intimidate|boost\n|-ability|p2a: Corviknight|Mirror Armor\n|-unboost|p1a: Arthur|atk|1\n|-unboost|p2b: Flutter Mane|atk|1\n|turn|6\n|inactive|UnknownUniverse has 30 seconds left.\n|\n|t:|1701180306\n|move|p1b: Ogeppy|Spiky Shield|p1b: Ogeppy\n|-singleturn|p1b: Ogeppy|move: Protect\n|move|p2b: Flutter Mane|Icy Wind|p1a: Arthur|[spread] p1a\n|-activate|p1b: Ogeppy|move: Protect\n|-resisted|p1a: Arthur\n|-damage|p1a: Arthur|94\/100\n|-unboost|p1a: Arthur|spe|1\n|move|p2a: Corviknight|Body Press|p1a: Arthur\n|-supereffective|p1a: Arthur\n|-damage|p1a: Arthur|6\/100\n|move|p1a: Arthur|Will-O-Wisp|p2a: Corviknight\n|-status|p2a: Corviknight|brn\n|\n|-weather|SunnyDay|[upkeep]\n|-heal|p1a: Arthur|12\/100|[from] item: Leftovers\n|-damage|p2a: Corviknight|46\/100 brn|[from] brn\n|upkeep\n|turn|7\n|inactive|Warioooo2222 has 30 seconds left.\n|inactive|UnknownUniverse has 30 seconds left.\n|\n|t:|1701180335\n|move|p1a: Arthur|Protect|p1a: Arthur\n|-singleturn|p1a: Arthur|Protect\n|move|p1b: Ogeppy|Ivy Cudgel|p2b: Flutter Mane\n|-damage|p2b: Flutter Mane|29\/100\n|move|p2b: Flutter Mane|Dazzling Gleam|p1a: Arthur|[spread] p1b\n|-activate|p1a: Arthur|move: Protect\n|-damage|p1b: Ogeppy|42\/100\n|move|p2a: Corviknight|Body Press|p1a: Arthur\n|-activate|p1a: Arthur|move: Protect\n|\n|-weather|SunnyDay|[upkeep]\n|-heal|p1a: Arthur|18\/100|[from] item: Leftovers\n|-damage|p2a: Corviknight|40\/100 brn|[from] brn\n|upkeep\n|turn|8\n|\n|t:|1701180359\n|move|p1b: Ogeppy|Ivy Cudgel|p2b: Flutter Mane\n|-damage|p2b: Flutter Mane|0 fnt\n|faint|p2b: Flutter Mane\n|-end|p2b: Flutter Mane|Protosynthesis|[silent]\n|move|p2a: Corviknight|Body Press|p1a: Arthur\n|-supereffective|p1a: Arthur\n|-damage|p1a: Arthur|0 fnt\n|faint|p1a: Arthur\n|\n|-weather|none\n|-damage|p2a: Corviknight|34\/100 brn|[from] brn\n|upkeep\n|turn|9\n|\n|t:|1701180376\n|move|p1b: Ogeppy|Spiky Shield|p1b: Ogeppy\n|-singleturn|p1b: Ogeppy|move: Protect\n|move|p2a: Corviknight|Roost|p2a: Corviknight\n|-heal|p2a: Corviknight|84\/100 brn\n|-singleturn|p2a: Corviknight|move: Roost\n|\n|-damage|p2a: Corviknight|78\/100 brn|[from] brn\n|upkeep\n|turn|10\n|\n|t:|1701180388\n|move|p1b: Ogeppy|Ivy Cudgel|p2a: Corviknight\n|-resisted|p2a: Corviknight\n|-damage|p2a: Corviknight|73\/100 brn\n|move|p2a: Corviknight|Brave Bird|p1b: Ogeppy\n|-supereffective|p1b: Ogeppy\n|-damage|p1b: Ogeppy|0 fnt\n|faint|p1b: Ogeppy\n|-damage|p2a: Corviknight|63\/100 brn|[from] Recoil\n|\n|win|UnknownUniverse\n|raw|Warioooo2222's rating: 1036 &rarr; <strong>1022<\/strong><br \/>(-14 for losing)\n|raw|UnknownUniverse's rating: 1057 &rarr; <strong>1087<\/strong><br \/>(+30 for winning)\n|l|\u2606Warioooo2222\n","uploadtime":1701180404,"views":5,"p1id":"warioooo2222","p2id":"unknownuniverse","formatid":"gen9vgc2023regulatione","rating":1022,"private":0,"password":""}