{"id":"gen9vgc2023regulatione-1998668430","p1":"D4nkw33b","p2":"peakingsumo","format":"[Gen 9] VGC 2023 Regulation E","log":"|j|\u2606D4nkw33b\n|j|\u2606peakingsumo\n|t:|1700970002\n|gametype|doubles\n|player|p1|D4nkw33b|170|\n|player|p2|peakingsumo|101|\n|teamsize|p1|6\n|teamsize|p2|6\n|gen|9\n|tier|[Gen 9] VGC 2023 Regulation E\n|rule|Species Clause: Limit one of each Pok\u00e9mon\n|rule|Item Clause: Limit one of each item\n|clearpoke\n|poke|p1|Pelipper, L50, F|\n|poke|p1|Basculegion, L50, M|\n|poke|p1|Pawmot, L50, M|\n|poke|p1|Klefki, L50, M|\n|poke|p1|Kingambit, L50, M|\n|poke|p1|Overqwil, L50, F|\n|poke|p2|Palafin, L50, F|\n|poke|p2|Politoed, L50, M|\n|poke|p2|Gothitelle, L50, F|\n|poke|p2|Decidueye-Hisui, L50, F|\n|poke|p2|Scovillain, L50, F|\n|poke|p2|Gliscor, L50, F|\n|teampreview|4\npeakingsumo has agreed to open team sheets.\nD4nkw33b has agreed to open team sheets.\n|showteam|p1|Pelipper||FocusSash|KeenEye|AirSlash,HelpingHand,Tailwind,Protect|||F|||50|,,,,,Ground]Basculegion||ChoiceBand|Adaptability|WaveCrash,HeadSmash,FlipTurn,LastRespects|||M|||50|,,,,,Rock]Pawmot||PunchingGlove|IronFist|DoubleShock,FakeOut,IcePunch,Protect|||M|||50|,,,,,Ice]Klefki||PixiePlate|Prankster|DazzlingGleam,ThunderWave,TrickRoom,RainDance|||M|||50|,,,,,Water]Kingambit||AssaultVest|SupremeOverlord|SuckerPunch,KowtowCleave,IronHead,TeraBlast|||M|||50|,,,,,Flying]Overqwil||LifeOrb|Intimidate|GunkShot,Crunch,Haze,Protect|||F|||50|,,,,,Flying\n|showteam|p2|Palafin||MirrorHerb|ZerotoHero|JetPunch,WaveCrash,Protect,HelpingHand|||F|||50|,,,,,Water]Politoed||CovertCloak|WaterAbsorb|PerishSong,HelpingHand,IcyWind,MuddyWater|||M|||50|,,,,,Grass]Gothitelle||KasibBerry|ShadowTag|FakeOut,TrickRoom,Protect,EnergyBall|||F|||50|,,,,,Ghost]Decidueye-Hisui||RazorClaw|Scrappy|TripleArrows,BrickBreak,LeafBlade,Protect|||F|||50|,,,,,Steel]Scovillain||FocusSash|Moody|SpicyExtract,RagePowder,Endure,GigaDrain|||F|||50|,,,,,Dragon]Gliscor||ToxicOrb|PoisonHeal|SunnyDay,Tailwind,HighHorsepower,Facade|||F|||50|,,,,,Normal\n|c|\u2606D4nkw33b|game 2 glhf\n|c|\u2606peakingsumo|glhf\n|\n|t:|1700970062\n|start\n|switch|p1a: Klefki|Klefki, L50, M|100\/100\n|switch|p1b: Basculegion|Basculegion, L50, M|100\/100\n|switch|p2a: Perth Palafins|Palafin, L50, F, shiny|100\/100\n|switch|p2b: Pepe The Frog|Politoed, L50, M|100\/100\n|turn|1\n|\n|t:|1700970087\n|detailschange|p2a: Perth Palafins|Palafin-Hero, L50, F, shiny\n|switch|p2a: Decidueye On Meth|Decidueye-Hisui, L50, F|100\/100\n|move|p1a: Klefki|Thunder Wave|p2b: Pepe The Frog\n|-status|p2b: Pepe The Frog|par\n|move|p1b: Basculegion|Wave Crash|p2a: Decidueye On Meth\n|-resisted|p2a: Decidueye On Meth\n|-damage|p2a: Decidueye On Meth|38\/100\n|-damage|p1b: Basculegion|83\/100|[from] Recoil\n|move|p2b: Pepe The Frog|Icy Wind|p1a: Klefki|[spread] p1a,p1b\n|-resisted|p1a: Klefki\n|-resisted|p1b: Basculegion\n|-damage|p1a: Klefki|96\/100\n|-damage|p1b: Basculegion|78\/100\n|-unboost|p1a: Klefki|spe|1\n|-unboost|p1b: Basculegion|spe|1\n|\n|upkeep\n|turn|2\n|\n|t:|1700970108\n|switch|p1b: Kingambit|Kingambit, L50, M|100\/100\n|move|p2a: Decidueye On Meth|Protect|p2a: Decidueye On Meth\n|-singleturn|p2a: Decidueye On Meth|Protect\n|move|p1a: Klefki|Thunder Wave|p2a: Decidueye On Meth\n|-activate|p2a: Decidueye On Meth|move: Protect\n|move|p2b: Pepe The Frog|Perish Song|p2b: Pepe The Frog\n|-start|p1a: Klefki|perish3|[silent]\n|-start|p1b: Kingambit|perish3|[silent]\n|-start|p2a: Decidueye On Meth|perish3|[silent]\n|-start|p2b: Pepe The Frog|perish3|[silent]\n|-fieldactivate|move: Perish Song\n|\n|-start|p1b: Kingambit|perish3\n|-start|p1a: Klefki|perish3\n|-start|p2a: Decidueye On Meth|perish3\n|-start|p2b: Pepe The Frog|perish3\n|upkeep\n|turn|3\n|\n|t:|1700970126\n|-end|p1b: Kingambit|fallenundefined|[silent]\n|switch|p1b: Basculegion|Basculegion, L50, M|78\/100\n|switch|p2b: AWellDisguisedTrap|Gothitelle, L50, F|100\/100\n|move|p1a: Klefki|Thunder Wave|p2a: Decidueye On Meth\n|-status|p2a: Decidueye On Meth|par\n|move|p2a: Decidueye On Meth|Triple Arrows|p1a: Klefki\n|-crit|p1a: Klefki\n|-damage|p1a: Klefki|36\/100\n|-unboost|p1a: Klefki|def|1\n|\n|-start|p1a: Klefki|perish2\n|-start|p2a: Decidueye On Meth|perish2\n|upkeep\n|turn|4\n|\n|t:|1700970164\n|cant|p2a: Decidueye On Meth|par\n|move|p1b: Basculegion|Head Smash|p2b: AWellDisguisedTrap\n|-crit|p2b: AWellDisguisedTrap\n|-damage|p2b: AWellDisguisedTrap|16\/100\n|-damage|p1b: Basculegion|45\/100|[from] Recoil\n|move|p1a: Klefki|Dazzling Gleam|p2a: Decidueye On Meth|[spread] p2a,p2b\n|-supereffective|p2a: Decidueye On Meth\n|-damage|p2a: Decidueye On Meth|1\/100 par\n|-damage|p2b: AWellDisguisedTrap|0 fnt\n|faint|p2b: AWellDisguisedTrap\n|\n|-start|p1a: Klefki|perish1\n|-start|p2a: Decidueye On Meth|perish1\n|upkeep\n|c|\u2606D4nkw33b|oof\n|\n|t:|1700970187\n|switch|p2b: Pepe The Frog|Politoed, L50, M|100\/100 par\n|turn|5\n|\n|t:|1700970205\n|switch|p1a: Kingambit|Kingambit, L50, M|100\/100\n|move|p1b: Basculegion|Head Smash|p2b: Pepe The Frog\n|-damage|p2b: Pepe The Frog|38\/100 par\n|-damage|p1b: Basculegion|18\/100|[from] Recoil\n|move|p2b: Pepe The Frog|Muddy Water|p1b: Basculegion|[spread] p1a\n|-miss|p2b: Pepe The Frog|p1b: Basculegion\n|-damage|p1a: Kingambit|85\/100\n|-unboost|p1a: Kingambit|accuracy|1\n|move|p2a: Decidueye On Meth|Triple Arrows|p1a: Kingambit\n|-supereffective|p1a: Kingambit\n|-damage|p1a: Kingambit|0 fnt\n|faint|p1a: Kingambit\n|-end|p1a: Kingambit|fallenundefined|[silent]\n|\n|-start|p2a: Decidueye On Meth|perish0\n|upkeep\n|faint|p2a: Decidueye On Meth\n|\n|t:|1700970223\n|switch|p1a: Pawmot|Pawmot, L50, M|100\/100\n|switch|p2a: Perth Palafins|Palafin-Hero, L50, F, shiny|100\/100\n|-activate|p2a: Perth Palafins|ability: Zero to Hero\n|turn|6\n|\n|t:|1700970251\n|move|p2a: Perth Palafins|Protect|p2a: Perth Palafins\n|-singleturn|p2a: Perth Palafins|Protect\n|move|p1a: Pawmot|Fake Out|p2a: Perth Palafins\n|-activate|p2a: Perth Palafins|move: Protect\n|move|p1b: Basculegion|Head Smash|p2a: Perth Palafins\n|-activate|p2a: Perth Palafins|move: Protect\n|move|p2b: Pepe The Frog|Icy Wind|p1a: Pawmot|[spread] p1a,p1b\n|-resisted|p1b: Basculegion\n|-damage|p1a: Pawmot|84\/100\n|-damage|p1b: Basculegion|14\/100\n|-unboost|p1a: Pawmot|spe|1\n|-unboost|p1b: Basculegion|spe|1\n|\n|upkeep\n|turn|7\n|\n|t:|1700970287\n|-terastallize|p2a: Perth Palafins|Water\n|move|p2a: Perth Palafins|Jet Punch|p1b: Basculegion\n|-resisted|p1b: Basculegion\n|-damage|p1b: Basculegion|0 fnt\n|faint|p1b: Basculegion\n|move|p1a: Pawmot|Double Shock|p2a: Perth Palafins\n|-supereffective|p2a: Perth Palafins\n|-damage|p2a: Perth Palafins|0 fnt\n|-start|p1a: Pawmot|typechange|???\/Fighting|[from] move: Double Shock\n|faint|p2a: Perth Palafins\n|move|p2b: Pepe The Frog|Muddy Water|p1a: Pawmot\n|-damage|p1a: Pawmot|32\/100\n|\n|upkeep\n|\n|t:|1700970298\n|switch|p1b: Klefki|Klefki, L50, M|36\/100\n|turn|8\n|\n|t:|1700970314\n|move|p1a: Pawmot|Double Shock||[still]\n|-fail|p1a: Pawmot|move: Double Shock\n|move|p1b: Klefki|Dazzling Gleam|p2b: Pepe The Frog\n|-damage|p2b: Pepe The Frog|15\/100 par\n|move|p2b: Pepe The Frog|Muddy Water|p1b: Klefki|[spread] p1b\n|-miss|p2b: Pepe The Frog|p1a: Pawmot\n|-damage|p1b: Klefki|12\/100\n|-unboost|p1b: Klefki|accuracy|1\n|\n|upkeep\n|turn|9\n|\n|t:|1700970323\n|move|p1a: Pawmot|Ice Punch|p2b: Pepe The Frog\n|-resisted|p2b: Pepe The Frog\n|-damage|p2b: Pepe The Frog|1\/100 par\n|move|p1b: Klefki|Dazzling Gleam|p2b: Pepe The Frog|[miss]\n|-miss|p1b: Klefki|p2b: Pepe The Frog\n|move|p2b: Pepe The Frog|Muddy Water|p1a: Pawmot|[spread] p1a,p1b\n|-damage|p1a: Pawmot|0 fnt\n|-damage|p1b: Klefki|0 fnt\n|faint|p1a: Pawmot\n|faint|p1b: Klefki\n|\n|win|peakingsumo\n|c|\u2606D4nkw33b|HUGR\n|c|\u2606peakingsumo|oooof\n|c|\u2606D4nkw33b|HUGE\n|c|\u2606D4nkw33b|WHAT\n|c|\u2606peakingsumo|that was huge\n|c|\u2606peakingsumo|holy shit\n|c|\u2606D4nkw33b|double shock was misclick\n|c|\u2606D4nkw33b|so mad\n|c|\u2606peakingsumo|noooooo\n|c|\u2606peakingsumo|tbh i didnt know double shock would fail\n|c|\u2606peakingsumo|i for sure thought it was over\n|c|\u2606D4nkw33b|well\n|c|\u2606peakingsumo|that accuracy drop saved me\n|c|\u2606D4nkw33b|oh yeah no doubt hahaha\n|c|\u2606peakingsumo|we surely have to get the most clutch replay for that one\n","uploadtime":1700970357,"views":28,"p1id":"d4nkw33b","p2id":"peakingsumo","formatid":"gen9vgc2023regulatione","rating":0,"private":0,"password":""}