{"id":"gen9vgc2023regulatione-1989437149","p1":"Mayur 557","p2":"Kzjhekz","format":"[Gen 9] VGC 2023 Regulation E","log":"|j|\u2606Mayur 557\n|j|\u2606Kzjhekz\n|t:|1699850315\n|gametype|doubles\n|player|p1|Mayur 557|266|1000\n|player|p2|Kzjhekz|lance|1044\n|teamsize|p1|6\n|teamsize|p2|6\n|gen|9\n|tier|[Gen 9] VGC 2023 Regulation E\n|rated|\n|rule|Species Clause: Limit one of each Pok\u00e9mon\n|rule|Item Clause: Limit one of each item\n|clearpoke\n|poke|p1|Chien-Pao, L50|\n|poke|p1|Arcanine-Hisui, L50, M|\n|poke|p1|Urshifu-*, L50, M|\n|poke|p1|Tornadus, L50, M|\n|poke|p1|Rillaboom, L50, F|\n|poke|p1|Flutter Mane, L50|\n|poke|p2|Flutter Mane, L50|\n|poke|p2|Tornadus, L50, M|\n|poke|p2|Rillaboom, L50, M|\n|poke|p2|Garganacl, L50, F|\n|poke|p2|Arcanine-Hisui, L50, M|\n|poke|p2|Chien-Pao, L50|\n|teampreview|4\n|\n|t:|1699850334\n|start\n|switch|p1a: Tornadus|Tornadus, L50, M, shiny|100\/100\n|switch|p1b: Rillaboom|Rillaboom, L50, F|100\/100\n|switch|p2a: Tornadus|Tornadus, L50, M|100\/100\n|switch|p2b: Garganacl|Garganacl, L50, F|100\/100\n|-fieldstart|move: Grassy Terrain|[from] ability: Grassy Surge|[of] p1b: Rillaboom\n|turn|1\n|\n|t:|1699850351\n|-terastallize|p2b: Garganacl|Ghost\n|move|p1a: Tornadus|Taunt|p2a: Tornadus\n|-start|p2a: Tornadus|move: Taunt\n|move|p2a: Tornadus|Bleakwind Storm|p1a: Tornadus|[spread] p1a,p1b\n|-supereffective|p1b: Rillaboom\n|-damage|p1a: Tornadus|74\/100\n|-damage|p1b: Rillaboom|57\/100\n|move|p1b: Rillaboom|Wood Hammer|p2b: Garganacl\n|-damage|p2b: Garganacl|48\/100\n|-enditem|p2b: Garganacl|Sitrus Berry|[eat]\n|-heal|p2b: Garganacl|72\/100|[from] item: Sitrus Berry\n|-damage|p1b: Rillaboom|39\/100|[from] Recoil\n|move|p2b: Garganacl|Iron Defense|p2b: Garganacl\n|-boost|p2b: Garganacl|def|2\n|\n|-heal|p1b: Rillaboom|45\/100|[from] Grassy Terrain\n|-heal|p2b: Garganacl|78\/100|[from] Grassy Terrain\n|upkeep\n|turn|2\n|\n|t:|1699850403\n|-terastallize|p1b: Rillaboom|Steel\n|move|p2b: Garganacl|Protect|p2b: Garganacl\n|-singleturn|p2b: Garganacl|Protect\n|move|p1a: Tornadus|Tailwind|p1a: Tornadus\n|-sidestart|p1: Mayur 557|move: Tailwind\n|move|p1b: Rillaboom|U-turn|p2a: Tornadus\n|-resisted|p2a: Tornadus\n|-damage|p2a: Tornadus|87\/100\n|-damage|p1b: Rillaboom|29\/100|[from] item: Rocky Helmet|[of] p2a: Tornadus\n|\n|t:|1699850415\n|switch|p1b: Urshifu|Urshifu-Rapid-Strike, L50, M|100\/100|[from] U-turn\n|move|p2a: Tornadus|Bleakwind Storm|p1b: Urshifu|[spread] p1a,p1b\n|-supereffective|p1b: Urshifu\n|-damage|p1a: Tornadus|45\/100\n|-damage|p1b: Urshifu|9\/100\n|\n|-heal|p1b: Urshifu|15\/100|[from] Grassy Terrain\n|-heal|p2b: Garganacl|84\/100|[from] Grassy Terrain\n|upkeep\n|turn|3\n|\n|t:|1699850437\n|move|p1b: Urshifu|Protect|p1b: Urshifu\n|-singleturn|p1b: Urshifu|Protect\n|move|p1a: Tornadus|Bleakwind Storm|p2b: Garganacl|[spread] p2a,p2b\n|-damage|p2a: Tornadus|62\/100\n|-damage|p2b: Garganacl|64\/100\n|-unboost|p2a: Tornadus|spe|1\n|-unboost|p2b: Garganacl|spe|1\n|move|p2a: Tornadus|Bleakwind Storm|p1a: Tornadus|[spread] p1a\n|-activate|p1b: Urshifu|move: Protect\n|-damage|p1a: Tornadus|16\/100\n|move|p2b: Garganacl|Salt Cure|p1b: Urshifu\n|-activate|p1b: Urshifu|move: Protect\n|\n|-heal|p1b: Urshifu|21\/100|[from] Grassy Terrain\n|-heal|p2b: Garganacl|70\/100|[from] Grassy Terrain\n|-end|p2a: Tornadus|move: Taunt\n|upkeep\n|turn|4\n|\n|t:|1699850464\n|switch|p1b: Flutter Mane|Flutter Mane, L50|100\/100\n|-enditem|p1b: Flutter Mane|Booster Energy\n|-activate|p1b: Flutter Mane|ability: Protosynthesis|[fromitem]\n|-start|p1b: Flutter Mane|protosynthesisspe\n|move|p1a: Tornadus|Rain Dance|p1a: Tornadus\n|-weather|RainDance\n|move|p2a: Tornadus|Bleakwind Storm|p1b: Flutter Mane|[spread] p1a,p1b\n|-damage|p1a: Tornadus|0 fnt\n|-damage|p1b: Flutter Mane|72\/100\n|-unboost|p1b: Flutter Mane|spe|1\n|faint|p1a: Tornadus\n|move|p2b: Garganacl|Recover|p2b: Garganacl\n|-heal|p2b: Garganacl|100\/100\n|\n|-weather|RainDance|[upkeep]\n|-heal|p1b: Flutter Mane|78\/100|[from] Grassy Terrain\n|upkeep\n|\n|t:|1699850482\n|switch|p1a: Rillaboom|Rillaboom, L50, F, tera:Steel|29\/100\n|turn|5\n|\n|t:|1699850498\n|move|p2b: Garganacl|Protect|p2b: Garganacl\n|-singleturn|p2b: Garganacl|Protect\n|move|p1a: Rillaboom|Fake Out|p2a: Tornadus\n|-damage|p2a: Tornadus|43\/100\n|-damage|p1a: Rillaboom|12\/100|[from] item: Rocky Helmet|[of] p2a: Tornadus\n|cant|p2a: Tornadus|flinch\n|move|p1b: Flutter Mane|Shadow Ball|p2b: Garganacl\n|-activate|p2b: Garganacl|move: Protect\n|\n|-weather|RainDance|[upkeep]\n|-heal|p1b: Flutter Mane|84\/100|[from] Grassy Terrain\n|-heal|p1a: Rillaboom|18\/100|[from] Grassy Terrain\n|-sideend|p1: Mayur 557|move: Tailwind\n|-fieldend|move: Grassy Terrain\n|upkeep\n|turn|6\n|\n|t:|1699850525\n|move|p2a: Tornadus|Tailwind|p2a: Tornadus\n|-sidestart|p2: Kzjhekz|move: Tailwind\n|move|p1b: Flutter Mane|Shadow Ball|p2b: Garganacl\n|-supereffective|p2b: Garganacl\n|-damage|p2b: Garganacl|76\/100\n|move|p1a: Rillaboom|Wood Hammer|p2a: Tornadus\n|-resisted|p2a: Tornadus\n|-damage|p2a: Tornadus|4\/100\n|-damage|p1a: Rillaboom|1\/100|[from] item: Rocky Helmet|[of] p2a: Tornadus\n|-damage|p1a: Rillaboom|0 fnt|[from] Recoil\n|faint|p1a: Rillaboom\n|move|p2b: Garganacl|Salt Cure|p1b: Flutter Mane\n|-damage|p1b: Flutter Mane|64\/100\n|-start|p1b: Flutter Mane|Salt Cure\n|\n|-weather|RainDance|[upkeep]\n|-damage|p1b: Flutter Mane|52\/100|[from] Salt Cure\n|upkeep\n|-message|Mayur 557 forfeited.\n|\n|win|Kzjhekz\n|raw|Mayur 557's rating: 1000 &rarr; <strong>1000<\/strong><br \/>(+0 for losing)\n|raw|Kzjhekz's rating: 1044 &rarr; <strong>1073<\/strong><br \/>(+29 for winning)\n|l|\u2606Mayur 557\n","uploadtime":1699850549,"views":10,"p1id":"mayur557","p2id":"kzjhekz","formatid":"gen9vgc2023regulatione","rating":1000,"private":0,"password":""}