{"id":"gen9vgc2023regulatione-1992942306","p1":"OmegaGuru","p2":"SpicyBeanZz VGC","format":"[Gen 9] VGC 2023 Regulation E","log":"|j|\u2606OmegaGuru\n|j|\u2606SpicyBeanZz VGC\n|t:|1700248868\n|gametype|doubles\n|player|p1|OmegaGuru|2|1113\n|player|p2|SpicyBeanZz VGC|1|1000\n|teamsize|p1|6\n|teamsize|p2|4\n|gen|9\n|tier|[Gen 9] VGC 2023 Regulation E\n|rated|\n|rule|Species Clause: Limit one of each Pok\u00e9mon\n|rule|Item Clause: Limit one of each item\n|clearpoke\n|poke|p1|Ninetales-Alola, L50, M|\n|poke|p1|Rillaboom, L50, M|\n|poke|p1|Heatran, L50, M|\n|poke|p1|Luxray, L50, F|\n|poke|p1|Urshifu-*, L50, M|\n|poke|p1|Iron Bundle, L50|\n|poke|p2|Ursaluna-Bloodmoon, L50, M|\n|poke|p2|Iron Hands, L50|\n|poke|p2|Ogerpon-Wellspring, L50, F|\n|poke|p2|Cresselia, L50, F|\n|teampreview|4\n|inactive|Battle timer is ON: inactive players will automatically lose when time's up. (requested by SpicyBeanZz VGC)\n|\n|t:|1700248896\n|start\n|switch|p1a: Luxray|Luxray, L50, F|100\/100\n|switch|p1b: Iron Bundle|Iron Bundle, L50|100\/100\n|switch|p2a: Cresselia|Cresselia, L50, F|100\/100\n|switch|p2b: Iron Hands|Iron Hands, L50|100\/100\n|-ability|p1a: Luxray|Intimidate|boost\n|-unboost|p2a: Cresselia|atk|1\n|-unboost|p2b: Iron Hands|atk|1\n|-enditem|p1b: Iron Bundle|Booster Energy\n|-activate|p1b: Iron Bundle|ability: Quark Drive|[fromitem]\n|-start|p1b: Iron Bundle|quarkdrivespe\n|turn|1\n|inactive|OmegaGuru has 30 seconds left.\n|\n|t:|1700248926\n|move|p1b: Iron Bundle|Protect|p1b: Iron Bundle\n|-singleturn|p1b: Iron Bundle|Protect\n|move|p2b: Iron Hands|Fake Out|p1b: Iron Bundle\n|-activate|p1b: Iron Bundle|move: Protect\n|move|p1a: Luxray|Baby-Doll Eyes|p2b: Iron Hands\n|-unboost|p2b: Iron Hands|atk|1\n|move|p2a: Cresselia|Trick Room|p2a: Cresselia\n|-fieldstart|move: Trick Room|[of] p2a: Cresselia\n|\n|upkeep\n|turn|2\n|inactive|SpicyBeanZz VGC has 30 seconds left.\n|inactive|SpicyBeanZz VGC has 20 seconds left.\n|inactive|SpicyBeanZz VGC has 15 seconds left.\n|\n|t:|1700248967\n|-end|p2b: Iron Hands|Quark Drive|[silent]\n|switch|p2b: Ursaluna|Ursaluna-Bloodmoon, L50, M|100\/100\n|-end|p1b: Iron Bundle|Quark Drive|[silent]\n|switch|p1b: Urshifu|Urshifu, L50, M|100\/100\n|move|p2a: Cresselia|Ally Switch|p2a: Cresselia\n|swap|p2a: Cresselia|1|[from] move: Ally Switch\n|move|p1a: Luxray|Baby-Doll Eyes|p2b: Cresselia\n|-unboost|p2b: Cresselia|atk|1\n|\n|upkeep\n|turn|3\n|inactive|SpicyBeanZz VGC has 30 seconds left.\n|inactive|SpicyBeanZz VGC has 20 seconds left.\n|inactive|SpicyBeanZz VGC has 15 seconds left.\n|inactive|SpicyBeanZz VGC has 10 seconds left.\n|inactive|SpicyBeanZz VGC has 5 seconds left.\n|\n|t:|1700249021\n|switch|p1a: Ninetales|Ninetales-Alola, L50, M|100\/100\n|-weather|Snow|[from] ability: Snow Warning|[of] p1a: Ninetales\n|-terastallize|p2a: Ursaluna|Ground\n|move|p1b: Urshifu|Protect|p1b: Urshifu\n|-singleturn|p1b: Urshifu|Protect\n|move|p2b: Cresselia|Ally Switch|p2b: Cresselia\n|swap|p2b: Cresselia|0|[from] move: Ally Switch\n|move|p2b: Ursaluna|Earth Power|p1b: Urshifu\n|-activate|p1b: Urshifu|move: Protect\n|\n|-weather|Snow|[upkeep]\n|upkeep\n|turn|4\n|inactive|OmegaGuru has 30 seconds left.\n|inactive|SpicyBeanZz VGC has 30 seconds left.\n|inactive|OmegaGuru has 20 seconds left.\n|\n|t:|1700249058\n|move|p2a: Cresselia|Helping Hand|p2b: Ursaluna\n|-singleturn|p2b: Ursaluna|Helping Hand|[of] p2a: Cresselia\n|move|p2b: Ursaluna|Earth Power|p1b: Urshifu\n|-enditem|p1b: Urshifu|Focus Sash\n|-damage|p1b: Urshifu|1\/100\n|move|p1b: Urshifu|Wicked Blow|p2b: Ursaluna\n|-crit|p2b: Ursaluna\n|-damage|p2b: Ursaluna|60\/100\n|move|p1a: Ninetales|Aurora Veil|p1a: Ninetales\n|-sidestart|p1: OmegaGuru|move: Aurora Veil\n|\n|-weather|Snow|[upkeep]\n|-heal|p2b: Ursaluna|65\/100|[from] item: Leftovers\n|upkeep\n|turn|5\n|\n|t:|1700249082\n|switch|p2a: Iron Hands|Iron Hands, L50|100\/100\n|move|p1b: Urshifu|Protect|p1b: Urshifu\n|-singleturn|p1b: Urshifu|Protect\n|move|p2b: Ursaluna|Blood Moon|p1a: Ninetales\n|-damage|p1a: Ninetales|46\/100\n|move|p1a: Ninetales|Blizzard|p2b: Ursaluna|[spread] p2a,p2b\n|-supereffective|p2b: Ursaluna\n|-damage|p2a: Iron Hands|81\/100\n|-damage|p2b: Ursaluna|9\/100\n|\n|-weather|Snow|[upkeep]\n|-heal|p2b: Ursaluna|15\/100|[from] item: Leftovers\n|-fieldend|move: Trick Room\n|upkeep\n|turn|6\n|inactive|OmegaGuru has 30 seconds left.\n|\n|t:|1700249107\n|switch|p1b: Iron Bundle|Iron Bundle, L50|100\/100\n|move|p2b: Ursaluna|Protect|p2b: Ursaluna\n|-singleturn|p2b: Ursaluna|Protect\n|move|p2a: Iron Hands|Fake Out|p1b: Iron Bundle\n|-crit|p1b: Iron Bundle\n|-damage|p1b: Iron Bundle|78\/100\n|move|p1a: Ninetales|Blizzard|p2b: Ursaluna|[spread] p2a\n|-activate|p2b: Ursaluna|move: Protect\n|-damage|p2a: Iron Hands|63\/100\n|\n|-weather|Snow|[upkeep]\n|-heal|p2b: Ursaluna|20\/100|[from] item: Leftovers\n|upkeep\n|turn|7\n|inactive|SpicyBeanZz VGC has 30 seconds left.\n|\n|t:|1700249134\n|move|p1b: Iron Bundle|Blizzard|p2a: Iron Hands|[spread] p2a,p2b\n|-supereffective|p2b: Ursaluna\n|-damage|p2a: Iron Hands|37\/100\n|-damage|p2b: Ursaluna|0 fnt\n|-status|p2a: Iron Hands|frz\n|faint|p2b: Ursaluna\n|move|p1a: Ninetales|Moonblast|p2a: Iron Hands\n|-supereffective|p2a: Iron Hands\n|-damage|p2a: Iron Hands|0 fnt\n|faint|p2a: Iron Hands\n|-end|p2a: Iron Hands|Quark Drive|[silent]\n|\n|-weather|none\n|upkeep\n|\n|t:|1700249152\n|switch|p2a: Ogerpon|Ogerpon-Wellspring, L50, F|100\/100\n|switch|p2b: Cresselia|Cresselia, L50, F|100\/100\n|turn|8\n|\n|t:|1700249162\n|switch|p1a: Luxray|Luxray, L50, F|100\/100\n|-ability|p1a: Luxray|Intimidate|boost\n|-unboost|p2a: Ogerpon|atk|1\n|-unboost|p2b: Cresselia|atk|1\n|move|p1b: Iron Bundle|Protect|p1b: Iron Bundle\n|-singleturn|p1b: Iron Bundle|Protect\n|move|p2b: Cresselia|Ally Switch|p2b: Cresselia\n|swap|p2b: Cresselia|0|[from] move: Ally Switch\n|move|p2b: Ogerpon|Swords Dance|p2b: Ogerpon\n|-boost|p2b: Ogerpon|atk|2\n|\n|upkeep\n|turn|9\n|inactive|SpicyBeanZz VGC has 30 seconds left.\n|inactive|OmegaGuru has 30 seconds left.\n|inactive|SpicyBeanZz VGC has 20 seconds left.\n|\n|t:|1700249203\n|switch|p1a: Ninetales|Ninetales-Alola, L50, M|46\/100\n|-weather|Snow|[from] ability: Snow Warning|[of] p1a: Ninetales\n|move|p2a: Cresselia|Ally Switch|p2a: Cresselia\n|swap|p2a: Cresselia|1|[from] move: Ally Switch\n|move|p1b: Iron Bundle|Blizzard|p2b: Cresselia|[spread] p2a,p2b\n|-damage|p2a: Ogerpon|50\/100\n|-damage|p2b: Cresselia|80\/100\n|move|p2a: Ogerpon|Swords Dance|p2a: Ogerpon\n|-boost|p2a: Ogerpon|atk|2\n|\n|-weather|Snow|[upkeep]\n|upkeep\n|turn|10\n|\n|t:|1700249227\n|move|p2a: Ogerpon|Spiky Shield|p2a: Ogerpon\n|-singleturn|p2a: Ogerpon|move: Protect\n|move|p1b: Iron Bundle|Icy Wind|p2b: Cresselia|[spread] \n|-activate|p2a: Ogerpon|move: Protect\n|-miss|p1b: Iron Bundle|p2b: Cresselia\n|move|p1a: Ninetales|Blizzard|p2b: Cresselia|[spread] p2b\n|-activate|p2a: Ogerpon|move: Protect\n|-damage|p2b: Cresselia|64\/100\n|move|p2b: Cresselia|Icy Wind|p1b: Iron Bundle|[spread] p1a,p1b\n|-resisted|p1a: Ninetales\n|-resisted|p1b: Iron Bundle\n|-damage|p1a: Ninetales|43\/100\n|-damage|p1b: Iron Bundle|76\/100\n|-unboost|p1a: Ninetales|spe|1\n|-unboost|p1b: Iron Bundle|spe|1\n|\n|-weather|Snow|[upkeep]\n|upkeep\n|turn|11\n|inactive|SpicyBeanZz VGC has 30 seconds left.\n|\n|t:|1700249254\n|switch|p1a: Luxray|Luxray, L50, F|100\/100\n|-ability|p1a: Luxray|Intimidate|boost\n|-unboost|p2a: Ogerpon|atk|1\n|-unboost|p2b: Cresselia|atk|1\n|move|p2b: Cresselia|Helping Hand|p2a: Ogerpon\n|-singleturn|p2a: Ogerpon|Helping Hand|[of] p2b: Cresselia\n|move|p1b: Iron Bundle|Protect|p1b: Iron Bundle\n|-singleturn|p1b: Iron Bundle|Protect\n|move|p2a: Ogerpon|Horn Leech|p1b: Iron Bundle\n|-activate|p1b: Iron Bundle|move: Protect\n|\n|-weather|Snow|[upkeep]\n|-sideend|p1: OmegaGuru|move: Aurora Veil\n|upkeep\n|turn|12\n|inactive|OmegaGuru has 30 seconds left.\n|inactive|OmegaGuru has 20 seconds left.\n|inactive|OmegaGuru has 15 seconds left.\n|\n|t:|1700249296\n|-terastallize|p1b: Iron Bundle|Fire\n|move|p2a: Ogerpon|Spiky Shield|p2a: Ogerpon\n|-singleturn|p2a: Ogerpon|move: Protect\n|move|p1b: Iron Bundle|Blizzard|p2a: Ogerpon|[spread] p2b\n|-activate|p2a: Ogerpon|move: Protect\n|-crit|p2b: Cresselia\n|-damage|p2b: Cresselia|34\/100\n|-status|p2b: Cresselia|frz\n|move|p1a: Luxray|Thunder Wave|p2a: Ogerpon\n|-activate|p2a: Ogerpon|move: Protect\n|cant|p2b: Cresselia|frz\n|\n|-weather|Snow|[upkeep]\n|upkeep\n|turn|13\n|\n|t:|1700249316\n|cant|p2b: Cresselia|frz\n|move|p2a: Ogerpon|Ivy Cudgel|p1b: Iron Bundle|[anim] Ivy Cudgel Water\n|-supereffective|p1b: Iron Bundle\n|-damage|p1b: Iron Bundle|0 fnt\n|faint|p1b: Iron Bundle\n|-end|p1b: Iron Bundle|Quark Drive|[silent]\n|move|p1a: Luxray|Thunder Wave|p2a: Ogerpon\n|-status|p2a: Ogerpon|par\n|\n|-weather|none\n|upkeep\n|\n|t:|1700249326\n|switch|p1b: Ninetales|Ninetales-Alola, L50, M|43\/100\n|-weather|Snow|[from] ability: Snow Warning|[of] p1b: Ninetales\n|turn|14\n|\n|t:|1700249341\n|cant|p2b: Cresselia|frz\n|move|p1b: Ninetales|Freeze-Dry|p2a: Ogerpon\n|-supereffective|p2a: Ogerpon\n|-damage|p2a: Ogerpon|0 fnt\n|faint|p2a: Ogerpon\n|move|p1a: Luxray|Wild Charge|p2b: Cresselia\n|-damage|p2b: Cresselia|1\/100 frz\n|-damage|p1a: Luxray|90\/100|[from] Recoil\n|\n|-weather|Snow|[upkeep]\n|upkeep\n|turn|15\n|-message|SpicyBeanZz VGC forfeited.\n|\n|win|OmegaGuru\n|raw|OmegaGuru's rating: 1113 &rarr; <strong>1130<\/strong><br \/>(+17 for winning)\n|raw|SpicyBeanZz VGC's rating: 1000 &rarr; <strong>1000<\/strong><br \/>(+0 for losing)\n|l|\u2606SpicyBeanZz VGC\n","uploadtime":1700249357,"views":27,"p1id":"omegaguru","p2id":"spicybeanzzvgc","formatid":"gen9vgc2023regulatione","rating":1000,"private":0,"password":""}