{"id":"gen9vgc2023regulatione-1993590274","p1":"OU ladder resident","p2":"huntaaahr","format":"[Gen 9] VGC 2023 Regulation E","log":"|j|\u2606OU ladder resident\n|j|\u2606huntaaahr\n|t:|1700335061\n|gametype|doubles\n|player|p1|OU ladder resident|102|1209\n|player|p2|huntaaahr|1|1149\n|teamsize|p1|6\n|teamsize|p2|6\n|gen|9\n|tier|[Gen 9] VGC 2023 Regulation E\n|rated|\n|rule|Species Clause: Limit one of each Pok\u00e9mon\n|rule|Item Clause: Limit one of each item\n|clearpoke\n|poke|p1|Sinistcha-Masterpiece, L50|\n|poke|p1|Landorus-Therian, L50, M|\n|poke|p1|Iron Hands, L50|\n|poke|p1|Chi-Yu, L50|\n|poke|p1|Tornadus, L50, M|\n|poke|p1|Ogerpon-Hearthflame, L50, F|\n|poke|p2|Dusclops, L50, F|\n|poke|p2|Farigiraf, L50, F|\n|poke|p2|Torkoal, L50, F|\n|poke|p2|Conkeldurr, L50, F|\n|poke|p2|Lilligant-Hisui, L50, F|\n|poke|p2|Amoonguss, L50, F|\n|teampreview|4\n|\n|t:|1700335110\n|start\n|switch|p1a: Ogerpon|Ogerpon-Hearthflame, L50, F|100\/100\n|switch|p1b: Landorus|Landorus-Therian, L50, M|100\/100\n|switch|p2a: Dusclops|Dusclops, L50, F|100\/100\n|switch|p2b: Torkoal|Torkoal, L50, F|100\/100\n|-ability|p1b: Landorus|Intimidate|boost\n|-unboost|p2a: Dusclops|atk|1\n|-unboost|p2b: Torkoal|atk|1\n|-ability|p1a: Ogerpon|Mold Breaker\n|-ability|p2a: Dusclops|Pressure\n|-weather|SunnyDay|[from] ability: Drought|[of] p2b: Torkoal\n|turn|1\n|\n|t:|1700335128\n|move|p2b: Torkoal|Protect|p2b: Torkoal\n|-singleturn|p2b: Torkoal|Protect\n|move|p1b: Landorus|Rock Slide|p2a: Dusclops|[spread] p2a\n|-activate|p2b: Torkoal|move: Protect\n|-damage|p2a: Dusclops|86\/100\n|move|p1a: Ogerpon|Swords Dance|p1a: Ogerpon\n|-boost|p1a: Ogerpon|atk|2\n|cant|p2a: Dusclops|flinch\n|\n|-weather|SunnyDay|[upkeep]\n|upkeep\n|turn|2\n|c|\u2606huntaaahr|massive flinch\n|c|\u2606OU ladder resident|licherally\n|c|\u2606OU ladder resident|i was playing for that lmao\n|c|\u2606huntaaahr|I cry\n|\n|t:|1700335159\n|-terastallize|p1a: Ogerpon|Fire\n|detailschange|p1a: Ogerpon|Ogerpon-Hearthflame-Tera, L50, F, tera:Fire\n|-ability|p1a: Ogerpon|Embody Aspect (Hearthflame)|boost\n|-boost|p1a: Ogerpon|atk|1\n|move|p2b: Torkoal|Protect|p2b: Torkoal\n|-singleturn|p2b: Torkoal|Protect\n|move|p1b: Landorus|Rock Slide|p2b: Torkoal|[spread] p2a\n|-activate|p2b: Torkoal|move: Protect\n|-damage|p2a: Dusclops|74\/100\n|move|p1a: Ogerpon|Ivy Cudgel|p2b: Torkoal|[anim] Ivy Cudgel Fire\n|-activate|p2b: Torkoal|move: Protect\n|move|p2a: Dusclops|Trick Room|p2a: Dusclops\n|-fieldstart|move: Trick Room|[of] p2a: Dusclops\n|\n|-weather|SunnyDay|[upkeep]\n|upkeep\n|turn|3\n|c|\u2606OU ladder resident|my turn to cry\n|\n|t:|1700335183\n|-terastallize|p2b: Torkoal|Fire\n|move|p2b: Torkoal|Eruption|p1b: Landorus|[spread] p1a,p1b\n|-resisted|p1a: Ogerpon\n|-damage|p1a: Ogerpon|55\/100\n|-damage|p1b: Landorus|0 fnt\n|faint|p1b: Landorus\n|move|p2a: Dusclops|Pain Split|p1a: Ogerpon\n|-sethp|p1a: Ogerpon|52\/100|[from] move: Pain Split|[silent]\n|-sethp|p2a: Dusclops|77\/100|[from] move: Pain Split\n|move|p1a: Ogerpon|Ivy Cudgel|p2b: Torkoal|[anim] Ivy Cudgel Fire\n|-resisted|p2b: Torkoal\n|-damage|p2b: Torkoal|0 fnt\n|faint|p2b: Torkoal\n|\n|-weather|SunnyDay|[upkeep]\n|upkeep\n|c|\u2606huntaaahr|we cry together\n|\n|t:|1700335194\n|switch|p2b: Conkeldurr|Conkeldurr, L50, F|100\/100\n|switch|p1b: Sinistcha|Sinistcha-Masterpiece, L50|100\/100\n|-heal|p1a: Ogerpon|77\/100|[from] ability: Hospitality|[of] p1b: Sinistcha\n|turn|4\n|\n|t:|1700335204\n|move|p1a: Ogerpon|Spiky Shield|p1a: Ogerpon\n|-singleturn|p1a: Ogerpon|move: Protect\n|move|p2a: Dusclops|Night Shade|p1b: Sinistcha\n|-damage|p1b: Sinistcha|72\/100\n|move|p2b: Conkeldurr|Knock Off|p1b: Sinistcha\n|-supereffective|p1b: Sinistcha\n|-damage|p1b: Sinistcha|0 fnt\n|-damage|p2b: Conkeldurr|84\/100|[from] item: Rocky Helmet|[of] p1b: Sinistcha\n|-enditem|p1b: Sinistcha|Rocky Helmet|[from] move: Knock Off|[of] p2b: Conkeldurr\n|faint|p1b: Sinistcha\n|\n|-weather|SunnyDay|[upkeep]\n|-status|p2b: Conkeldurr|brn|[from] item: Flame Orb\n|upkeep\n|\n|t:|1700335212\n|switch|p1b: Chi-Yu|Chi-Yu, L50|100\/100\n|-ability|p1b: Chi-Yu|Beads of Ruin\n|turn|5\n|\n|t:|1700335239\n|move|p1b: Chi-Yu|Protect|p1b: Chi-Yu\n|-singleturn|p1b: Chi-Yu|Protect\n|move|p2a: Dusclops|Night Shade|p1a: Ogerpon\n|-damage|p1a: Ogerpon|50\/100\n|move|p2b: Conkeldurr|Drain Punch|p1a: Ogerpon\n|-damage|p1a: Ogerpon|0 fnt\n|-heal|p2b: Conkeldurr|100\/100 brn|[from] drain|[of] p1a: Ogerpon\n|faint|p1a: Ogerpon\n|\n|-weather|none\n|-damage|p2b: Conkeldurr|94\/100 brn|[from] brn\n|upkeep\n|turn|6\n|c|\u2606OU ladder resident|:\/\n|\n|t:|1700335254\n|move|p2a: Dusclops|Night Shade|p1b: Chi-Yu\n|-damage|p1b: Chi-Yu|62\/100\n|move|p2b: Conkeldurr|Drain Punch|p1b: Chi-Yu\n|-supereffective|p1b: Chi-Yu\n|-crit|p1b: Chi-Yu\n|-damage|p1b: Chi-Yu|0 fnt\n|-heal|p2b: Conkeldurr|100\/100 brn|[from] drain|[of] p1b: Chi-Yu\n|faint|p1b: Chi-Yu\n|\n|win|huntaaahr\n|raw|OU ladder resident's rating: 1209 &rarr; <strong>1180<\/strong><br \/>(-29 for losing)\n|raw|huntaaahr's rating: 1149 &rarr; <strong>1178<\/strong><br \/>(+29 for winning)\n|c|\u2606huntaaahr|gg wp\n|l|\u2606OU ladder resident\n|c|\u2606huntaaahr|That first turn scared me\n","uploadtime":1700335273,"views":9,"p1id":"ouladderresident","p2id":"huntaaahr","formatid":"gen9vgc2023regulatione","rating":1178,"private":0,"password":""}