{"id":"gen9vgc2023regulatione-1988638337","p1":"Steakman5","p2":"gonegeb","format":"[Gen 9] VGC 2023 Regulation E","log":"|j|\u2606Steakman5\n|j|\u2606gonegeb\n|t:|1699744867\n|gametype|doubles\n|player|p1|Steakman5|acetrainer|1183\n|player|p2|gonegeb|alain|1174\n|teamsize|p1|6\n|teamsize|p2|6\n|gen|9\n|tier|[Gen 9] VGC 2023 Regulation E\n|rated|\n|rule|Species Clause: Limit one of each Pok\u00e9mon\n|rule|Item Clause: Limit one of each item\n|clearpoke\n|poke|p1|Tornadus, L50, M|\n|poke|p1|Moltres, L50|\n|poke|p1|Ogerpon-Wellspring, L50, F|\n|poke|p1|Sinistcha, L50|\n|poke|p1|Flutter Mane, L50|\n|poke|p1|Basculegion, L50, M|\n|poke|p2|Lucario, L50, M|\n|poke|p2|Umbreon, L50, M|\n|poke|p2|Arcanine, L50, F|\n|poke|p2|Ceruledge, L50, M|\n|poke|p2|Ursaluna-Bloodmoon, L50, M|\n|poke|p2|Fezandipiti, L50, M|\n|teampreview|4\n|\n|t:|1699744902\n|start\n|switch|p1a: Tornadus|Tornadus, L50, M|100\/100\n|switch|p1b: Moltres|Moltres, L50|100\/100\n|switch|p2a: Bjorn|Ursaluna-Bloodmoon, L50, M|100\/100\n|switch|p2b: Tourmaline|Fezandipiti, L50, M|100\/100\n|-ability|p1b: Moltres|Pressure\n|turn|1\n|\n|t:|1699744926\n|-terastallize|p2a: Bjorn|Normal\n|move|p1a: Tornadus|Tailwind|p1a: Tornadus\n|-sidestart|p1: Steakman5|move: Tailwind\n|move|p1b: Moltres|Heat Wave|p2b: Tourmaline|[spread] p2a,p2b\n|-damage|p2a: Bjorn|58\/100\n|-damage|p2b: Tourmaline|74\/100\n|move|p2b: Tourmaline|Tailwind|p2b: Tourmaline\n|-sidestart|p2: gonegeb|move: Tailwind\n|move|p2a: Bjorn|Hyper Voice|p1b: Moltres|[spread] p1a,p1b\n|-damage|p1a: Tornadus|62\/100\n|-damage|p1b: Moltres|45\/100\n|-enditem|p1b: Moltres|Sitrus Berry|[eat]\n|-heal|p1b: Moltres|70\/100|[from] item: Sitrus Berry\n|-enditem|p2a: Bjorn|Throat Spray\n|-boost|p2a: Bjorn|spa|1|[from] item: Throat Spray\n|\n|upkeep\n|turn|2\n|\n|t:|1699744945\n|switch|p2b: Obsidian|Ceruledge, L50, M, shiny|100\/100\n|move|p1a: Tornadus|Rain Dance|p1a: Tornadus\n|-weather|RainDance\n|move|p1b: Moltres|Hurricane|p2a: Bjorn\n|-damage|p2a: Bjorn|0 fnt\n|faint|p2a: Bjorn\n|\n|-weather|RainDance|[upkeep]\n|upkeep\n|\n|t:|1699744955\n|switch|p2a: Pryna|Arcanine, L50, F, shiny|100\/100\n|-ability|p2a: Pryna|Intimidate|boost\n|-unboost|p1a: Tornadus|atk|1\n|-unboost|p1b: Moltres|atk|1\n|turn|3\n|\n|t:|1699744976\n|move|p1a: Tornadus|Protect|p1a: Tornadus\n|-singleturn|p1a: Tornadus|Protect\n|move|p1b: Moltres|Hurricane|p2a: Pryna\n|-damage|p2a: Pryna|40\/100\n|move|p2a: Pryna|Flare Blitz|p2b: Obsidian\n|-start|p2b: Obsidian|ability: Flash Fire\n|move|p2b: Obsidian|Bulk Up|p2b: Obsidian\n|-boost|p2b: Obsidian|atk|1\n|-boost|p2b: Obsidian|def|1\n|\n|-weather|RainDance|[upkeep]\n|upkeep\n|turn|4\n|inactive|Battle timer is ON: inactive players will automatically lose when time's up. (requested by Steakman5)\n|\n|t:|1699745058\n|move|p2a: Pryna|Extreme Speed|p1b: Moltres\n|-damage|p1b: Moltres|46\/100\n|move|p1b: Moltres|Hurricane|p2b: Obsidian\n|-damage|p2b: Obsidian|56\/100\n|move|p1a: Tornadus|Bleakwind Storm|p2a: Pryna|[spread] p2a,p2b\n|-damage|p2a: Pryna|6\/100\n|-damage|p2b: Obsidian|32\/100\n|-unboost|p2a: Pryna|spe|1\n|-enditem|p2a: Pryna|Figy Berry|[eat]\n|-heal|p2a: Pryna|39\/100|[from] item: Figy Berry\n|move|p2b: Obsidian|Bitter Blade|p1b: Moltres\n|-resisted|p1b: Moltres\n|-damage|p1b: Moltres|20\/100\n|-heal|p2b: Obsidian|44\/100|[from] drain|[of] p1b: Moltres\n|\n|-weather|RainDance|[upkeep]\n|-sideend|p1: Steakman5|move: Tailwind\n|-sideend|p2: gonegeb|move: Tailwind\n|upkeep\n|turn|5\n|inactive|Steakman5 has 30 seconds left.\n|inactive|gonegeb has 30 seconds left.\n|inactive|gonegeb has 20 seconds left.\n|\n|t:|1699745096\n|move|p1a: Tornadus|Tailwind|p1a: Tornadus\n|-sidestart|p1: Steakman5|move: Tailwind\n|move|p2b: Obsidian|Shadow Sneak|p1b: Moltres\n|-damage|p1b: Moltres|0 fnt\n|faint|p1b: Moltres\n|move|p2a: Pryna|Morning Sun|p2a: Pryna\n|-heal|p2a: Pryna|63\/100\n|\n|-weather|RainDance|[upkeep]\n|upkeep\n|\n|t:|1699745108\n|switch|p1b: Basculegion|Basculegion, L50, M|100\/100\n|turn|6\n|\n|t:|1699745128\n|switch|p2a: Tourmaline|Fezandipiti, L50, M|74\/100\n|move|p1b: Basculegion|Aqua Jet|p2b: Obsidian\n|-supereffective|p2b: Obsidian\n|-damage|p2b: Obsidian|0 fnt\n|faint|p2b: Obsidian\n|-damage|p1b: Basculegion|91\/100|[from] item: Life Orb\n|move|p1a: Tornadus|Bleakwind Storm|p2a: Tourmaline\n|-damage|p2a: Tourmaline|44\/100\n|\n|-weather|none\n|upkeep\n|\n|t:|1699745133\n|switch|p2b: Pryna|Arcanine, L50, F, shiny|63\/100\n|-ability|p2b: Pryna|Intimidate|boost\n|-unboost|p1a: Tornadus|atk|1\n|-unboost|p1b: Basculegion|atk|1\n|turn|7\n|inactive|gonegeb has 30 seconds left.\n|inactive|gonegeb has 20 seconds left.\n|inactive|gonegeb has 15 seconds left.\n|inactive|gonegeb has 10 seconds left.\n|inactive|gonegeb has 5 seconds left.\n|\n|t:|1699745188\n|move|p1a: Tornadus|Rain Dance|p1a: Tornadus\n|-weather|RainDance\n|move|p1b: Basculegion|Last Respects|p2b: Pryna\n|-damage|p2b: Pryna|28\/100\n|-damage|p1b: Basculegion|81\/100|[from] item: Life Orb\n|move|p2a: Tourmaline|Tailwind|p2a: Tourmaline\n|-sidestart|p2: gonegeb|move: Tailwind\n|move|p2b: Pryna|Morning Sun|p2b: Pryna\n|-heal|p2b: Pryna|53\/100\n|\n|-weather|RainDance|[upkeep]\n|upkeep\n|turn|8\n|inactive|gonegeb has 30 seconds left.\n|inactive|gonegeb has 20 seconds left.\n|inactive|gonegeb has 15 seconds left.\n|inactive|gonegeb has 10 seconds left.\n|inactive|gonegeb has 5 seconds left.\n|\n|t:|1699745243\n|switch|p1b: Ogerpon|Ogerpon-Wellspring, L50, F|100\/100\n|move|p2a: Tourmaline|Tailwind||[still]\n|-fail|p2a: Tourmaline\n|move|p1a: Tornadus|Bleakwind Storm|p2b: Pryna|[spread] p2a,p2b\n|-damage|p2a: Tourmaline|20\/100\n|-damage|p2b: Pryna|21\/100\n|move|p2b: Pryna|Morning Sun|p2b: Pryna\n|-heal|p2b: Pryna|46\/100\n|\n|-weather|RainDance|[upkeep]\n|-sideend|p1: Steakman5|move: Tailwind\n|upkeep\n|turn|9\n|inactive|gonegeb has 30 seconds left.\n|inactive|gonegeb has 20 seconds left.\n|inactive|gonegeb has 15 seconds left.\n|inactive|gonegeb has 10 seconds left.\n|inactive|gonegeb has 5 seconds left.\n|l|\u2606Steakman5\n|inactive|Steakman5 disconnected and has a minute to reconnect!\n|player|p1|\n|\n|t:|1699745298\n|-terastallize|p1b: Ogerpon|Water\n|detailschange|p1b: Ogerpon|Ogerpon-Wellspring-Tera, L50, F, tera:Water\n|-ability|p1b: Ogerpon|Embody Aspect (Wellspring)|boost\n|-boost|p1b: Ogerpon|spd|1\n|move|p1a: Tornadus|Tailwind|p1a: Tornadus\n|-sidestart|p1: Steakman5|move: Tailwind\n|move|p1b: Ogerpon|Ivy Cudgel|p2b: Pryna\n|-supereffective|p2b: Pryna\n|-damage|p2b: Pryna|0 fnt\n|faint|p2b: Pryna\n|move|p2a: Tourmaline|Tailwind||[still]\n|-fail|p2a: Tourmaline\n|\n|-weather|RainDance|[upkeep]\n|upkeep\n|turn|10\n|inactive|Steakman5 has 30 seconds left.\n|inactive|gonegeb has 30 seconds left.\n|inactive|Steakman5 has 20 seconds left.\n|inactive|gonegeb has 20 seconds left.\n|inactive|Steakman5 has 15 seconds left.\n|inactive|gonegeb has 15 seconds left.\n|j|\u2606Steakman5\n|inactive|Steakman5 reconnected and has 15 seconds left.\n|player|p1|Steakman5|acetrainer\n|inactive|Steakman5 has 10 seconds left.\n|inactive|gonegeb has 10 seconds left.\n|inactive|gonegeb has 5 seconds left.\n|\n|t:|1699745354\n|move|p1a: Tornadus|Tailwind||[still]\n|-fail|p1a: Tornadus\n|move|p1b: Ogerpon|Ivy Cudgel|p2a: Tourmaline\n|-damage|p2a: Tourmaline|0 fnt\n|faint|p2a: Tourmaline\n|\n|win|Steakman5\n|raw|Steakman5's rating: 1183 &rarr; <strong>1207<\/strong><br \/>(+24 for winning)\n|raw|gonegeb's rating: 1174 &rarr; <strong>1150<\/strong><br \/>(-24 for losing)\n","uploadtime":1699745361,"views":21,"p1id":"steakman5","p2id":"gonegeb","formatid":"gen9vgc2023regulatione","rating":1150,"private":0,"password":""}