{"id":"gen9vgc2023regulatione-1991823380","p1":"ArianaGrandeBaddie","p2":"magicalarcher57","format":"[Gen 9] VGC 2023 Regulation E","log":"|j|\u2606ArianaGrandeBaddie\n|j|\u2606magicalarcher57\n|t:|1700123753\n|gametype|doubles\n|player|p1|ArianaGrandeBaddie|102|1404\n|player|p2|magicalarcher57|cynthia-gen4|1449\n|teamsize|p1|6\n|teamsize|p2|6\n|gen|9\n|tier|[Gen 9] VGC 2023 Regulation E\n|rated|\n|rule|Species Clause: Limit one of each Pok\u00e9mon\n|rule|Item Clause: Limit one of each item\n|clearpoke\n|poke|p1|Flutter Mane, L50|\n|poke|p1|Ogerpon-Hearthflame, L50, F|\n|poke|p1|Tornadus, L50, M|\n|poke|p1|Urshifu-*, L50, M|\n|poke|p1|Chien-Pao, L50|\n|poke|p1|Dragonite, L50, M|\n|poke|p2|Landorus-Therian, L50, M|\n|poke|p2|Tornadus, L50, M|\n|poke|p2|Rillaboom, L50, M|\n|poke|p2|Urshifu-*, L50, M|\n|poke|p2|Heatran, L50, M|\n|poke|p2|Basculegion, L50, M|\n|teampreview|4\n|\n|t:|1700123766\n|start\n|switch|p1a: Dragonite|Dragonite, L50, M|100\/100\n|switch|p1b: Chien-Pao|Chien-Pao, L50|100\/100\n|switch|p2a: Tornadus|Tornadus, L50, M|100\/100\n|switch|p2b: Landorus|Landorus-Therian, L50, M|100\/100\n|-ability|p2b: Landorus|Intimidate|boost\n|-fail|p1a: Dragonite|unboost|Attack|[from] ability: Inner Focus|[of] p1a: Dragonite\n|-unboost|p1b: Chien-Pao|atk|1\n|-ability|p1b: Chien-Pao|Sword of Ruin\n|turn|1\n|j| speedrunlegend\n|inactive|Battle timer is ON: inactive players will automatically lose when time's up. (requested by ArianaGrandeBaddie)\n|\n|t:|1700123823\n|-terastallize|p1a: Dragonite|Normal\n|move|p1a: Dragonite|Extreme Speed|p2b: Landorus\n|-damage|p2b: Landorus|0 fnt\n|faint|p2b: Landorus\n|move|p2a: Tornadus|Tailwind|p2a: Tornadus\n|-sidestart|p2: magicalarcher57|move: Tailwind\n|move|p1b: Chien-Pao|Icicle Crash|p2a: Tornadus|[miss]\n|-miss|p1b: Chien-Pao|p2a: Tornadus\n|\n|upkeep\n|\n|t:|1700123830\n|switch|p2b: Urshifu|Urshifu-Rapid-Strike, L50, M|100\/100\n|turn|2\n|\n|t:|1700123836\n|move|p1a: Dragonite|Extreme Speed|p2b: Urshifu\n|-damage|p2b: Urshifu|14\/100\n|move|p2b: Urshifu|Surging Strikes|p1b: Chien-Pao\n|-crit|p1b: Chien-Pao\n|-damage|p1b: Chien-Pao|70\/100\n|-crit|p1b: Chien-Pao\n|-damage|p1b: Chien-Pao|42\/100\n|-crit|p1b: Chien-Pao\n|-damage|p1b: Chien-Pao|13\/100\n|-hitcount|p1b: Chien-Pao|3\n|move|p2a: Tornadus|Bleakwind Storm|p1b: Chien-Pao|[spread] p1a\n|-miss|p2a: Tornadus|p1b: Chien-Pao\n|-damage|p1a: Dragonite|73\/100\n|-unboost|p1a: Dragonite|spe|1\n|move|p1b: Chien-Pao|Icicle Crash|p2a: Tornadus\n|-supereffective|p2a: Tornadus\n|-damage|p2a: Tornadus|0 fnt\n|faint|p2a: Tornadus\n|-damage|p1b: Chien-Pao|3\/100|[from] item: Life Orb\n|\n|upkeep\n|\n|t:|1700123850\n|switch|p2a: Basculegion|Basculegion, L50, M|100\/100\n|turn|3\n|\n|t:|1700123860\n|move|p2b: Urshifu|Detect|p2b: Urshifu\n|-singleturn|p2b: Urshifu|Protect\n|move|p1a: Dragonite|Extreme Speed|p2b: Urshifu\n|-activate|p2b: Urshifu|move: Protect\n|move|p2a: Basculegion|Aqua Jet|p1b: Chien-Pao\n|-damage|p1b: Chien-Pao|0 fnt\n|faint|p1b: Chien-Pao\n|\n|upkeep\n|\n|t:|1700123871\n|switch|p1b: Urshifu|Urshifu-Rapid-Strike, L50, M|100\/100\n|turn|4\n|\n|t:|1700123882\n|switch|p1a: Flutter Mane|Flutter Mane, L50|100\/100\n|move|p1b: Urshifu|Detect|p1b: Urshifu\n|-singleturn|p1b: Urshifu|Protect\n|move|p2b: Urshifu|Surging Strikes|p1a: Flutter Mane\n|-crit|p1a: Flutter Mane\n|-damage|p1a: Flutter Mane|73\/100\n|-crit|p1a: Flutter Mane\n|-damage|p1a: Flutter Mane|45\/100\n|-crit|p1a: Flutter Mane\n|-damage|p1a: Flutter Mane|17\/100\n|-hitcount|p1a: Flutter Mane|3\n|move|p2a: Basculegion|Last Respects|p1b: Urshifu\n|-activate|p1b: Urshifu|move: Protect\n|\n|-sideend|p2: magicalarcher57|move: Tailwind\n|upkeep\n|turn|5\n|inactive|ArianaGrandeBaddie has 30 seconds left.\n|\n|t:|1700123917\n|-end|p1a: Flutter Mane|Protosynthesis|[silent]\n|switch|p1a: Dragonite|Dragonite, L50, M, tera:Normal|73\/100\n|move|p2b: Urshifu|Aqua Jet|p1a: Dragonite\n|-damage|p1a: Dragonite|53\/100\n|move|p1b: Urshifu|Aqua Jet|p2b: Urshifu\n|-resisted|p2b: Urshifu\n|-damage|p2b: Urshifu|2\/100\n|move|p2a: Basculegion|Last Respects|p1b: Urshifu\n|-damage|p1b: Urshifu|0 fnt\n|faint|p1b: Urshifu\n|\n|upkeep\n|\n|t:|1700123928\n|switch|p1b: Flutter Mane|Flutter Mane, L50|17\/100\n|turn|6\n|\n|t:|1700123952\n|move|p2b: Urshifu|Aqua Jet|p1b: Flutter Mane\n|-damage|p1b: Flutter Mane|0 fnt\n|faint|p1b: Flutter Mane\n|-end|p1b: Flutter Mane|Protosynthesis|[silent]\n|move|p1a: Dragonite|Outrage|p2b: Urshifu\n|-damage|p2b: Urshifu|0 fnt\n|faint|p2b: Urshifu\n|move|p2a: Basculegion|Wave Crash|p1a: Dragonite\n|-damage|p1a: Dragonite|0 fnt\n|faint|p1a: Dragonite\n|-damage|p2a: Basculegion|86\/100|[from] Recoil\n|\n|win|magicalarcher57\n|raw|ArianaGrandeBaddie's rating: 1404 &rarr; <strong>1387<\/strong><br \/>(-17 for losing)\n|raw|magicalarcher57's rating: 1449 &rarr; <strong>1466<\/strong><br \/>(+17 for winning)\n|c|\u2606magicalarcher57|gg\n|l|\u2606magicalarcher57\n|l|\u2606ArianaGrandeBaddie\n","uploadtime":1700123979,"views":16,"p1id":"arianagrandebaddie","p2id":"magicalarcher57","formatid":"gen9vgc2023regulatione","rating":1387,"private":0,"password":""}