{"id":"gen9vgc2023regulatione-2000108045","p1":"biggoosegagaga","p2":"Orb66623","format":"[Gen 9] VGC 2023 Regulation E","log":"|j|\u2606biggoosegagaga\n|j|\u2606Orb66623\n|t:|1701156267\n|gametype|doubles\n|player|p1|biggoosegagaga|1|1463\n|player|p2|Orb66623|265|1496\n|teamsize|p1|6\n|teamsize|p2|6\n|gen|9\n|tier|[Gen 9] VGC 2023 Regulation E\n|rated|\n|rule|Species Clause: Limit one of each Pok\u00e9mon\n|rule|Item Clause: Limit one of each item\n|clearpoke\n|poke|p1|Hatterene, L50, F|\n|poke|p1|Indeedee-F, L50, F|\n|poke|p1|Ursaluna-Bloodmoon, L50, M|\n|poke|p1|Ogerpon-Hearthflame, L50, F|\n|poke|p1|Lilligant-Hisui, L50, F|\n|poke|p1|Torkoal, L50, M|\n|poke|p2|Ogerpon-Wellspring, L50, F|\n|poke|p2|Armarouge, L50, M|\n|poke|p2|Torkoal, L50, F|\n|poke|p2|Indeedee-F, L50, F|\n|poke|p2|Iron Hands, L50|\n|poke|p2|Landorus-Therian, L50, M|\n|teampreview|4\n|inactive|Battle timer is ON: inactive players will automatically lose when time's up. (requested by Orb66623)\n|inactive|biggoosegagaga has 60 seconds left.\n|\n|t:|1701156327\n|start\n|switch|p1a: Hatterene|Hatterene, L50, F, shiny|100\/100\n|switch|p1b: Indeedee|Indeedee-F, L50, F, shiny|100\/100\n|switch|p2a: Armarouge|Armarouge, L50, M|100\/100\n|switch|p2b: Landorus|Landorus-Therian, L50, M|100\/100\n|-ability|p2b: Landorus|Intimidate|boost\n|-unboost|p1a: Hatterene|atk|1\n|-unboost|p1b: Indeedee|atk|1\n|-fieldstart|move: Psychic Terrain|[from] ability: Psychic Surge|[of] p1b: Indeedee\n|turn|1\n|inactive|Orb66623 has 30 seconds left.\n|\n|t:|1701156360\n|move|p1b: Indeedee|Follow Me|p1b: Indeedee\n|-singleturn|p1b: Indeedee|move: Follow Me\n|move|p2b: Landorus|U-turn|p1b: Indeedee\n|-supereffective|p1b: Indeedee\n|-damage|p1b: Indeedee|49\/100\n|-damage|p2b: Landorus|84\/100|[from] item: Rocky Helmet|[of] p1b: Indeedee\n|\n|t:|1701156365\n|switch|p2b: Torkoal|Torkoal, L50, F|100\/100|[from] U-turn\n|-weather|SunnyDay|[from] ability: Drought|[of] p2b: Torkoal\n|move|p2a: Armarouge|Heat Wave|p1a: Hatterene|[spread] \n|-miss|p2a: Armarouge|p1a: Hatterene\n|-miss|p2a: Armarouge|p1b: Indeedee\n|move|p1a: Hatterene|Trick Room|p1a: Hatterene\n|-fieldstart|move: Trick Room|[of] p1a: Hatterene\n|\n|-weather|SunnyDay|[upkeep]\n|upkeep\n|turn|2\n|inactive|biggoosegagaga has 30 seconds left.\n|\n|t:|1701156392\n|-terastallize|p2b: Torkoal|Fire\n|move|p1a: Hatterene|Protect|p1a: Hatterene\n|-singleturn|p1a: Hatterene|Protect\n|move|p2b: Torkoal|Eruption|p1b: Indeedee|[spread] p1b\n|-activate|p1a: Hatterene|move: Protect\n|-damage|p1b: Indeedee|0 fnt\n|faint|p1b: Indeedee\n|move|p2a: Armarouge|Heat Wave|p1a: Hatterene\n|-activate|p1a: Hatterene|move: Protect\n|\n|-weather|SunnyDay|[upkeep]\n|upkeep\n|inactive|biggoosegagaga has 30 seconds left.\n|inactive|biggoosegagaga has 20 seconds left.\n|inactive|biggoosegagaga has 15 seconds left.\n|\n|t:|1701156433\n|switch|p1b: Ursaluna|Ursaluna-Bloodmoon, L50, M|100\/100\n|turn|3\n|\n|t:|1701156443\n|-terastallize|p1a: Hatterene|Water\n|move|p1b: Ursaluna|Protect|p1b: Ursaluna\n|-singleturn|p1b: Ursaluna|Protect\n|move|p2b: Torkoal|Eruption|p1a: Hatterene|[spread] p1a\n|-activate|p1b: Ursaluna|move: Protect\n|-resisted|p1a: Hatterene\n|-damage|p1a: Hatterene|41\/100\n|move|p1a: Hatterene|Psychic|p2b: Torkoal\n|-damage|p2b: Torkoal|0 fnt\n|faint|p2b: Torkoal\n|-damage|p1a: Hatterene|31\/100|[from] item: Life Orb\n|move|p2a: Armarouge|Heat Wave|p1b: Ursaluna|[spread] p1a\n|-activate|p1b: Ursaluna|move: Protect\n|-resisted|p1a: Hatterene\n|-damage|p1a: Hatterene|4\/100\n|-status|p1a: Hatterene|brn\n|\n|-weather|SunnyDay|[upkeep]\n|-damage|p1a: Hatterene|0 fnt|[from] brn\n|faint|p1a: Hatterene\n|upkeep\n|\n|t:|1701156462\n|switch|p2b: Indeedee|Indeedee-F, L50, F|100\/100\n|switch|p1a: Ogerpon|Ogerpon-Hearthflame, L50, F|100\/100\n|-enditem|p2b: Indeedee|Psychic Seed\n|-boost|p2b: Indeedee|spd|1|[from] item: Psychic Seed\n|-ability|p1a: Ogerpon|Mold Breaker\n|turn|4\n|\n|t:|1701156487\n|move|p2b: Indeedee|Follow Me|p2b: Indeedee\n|-singleturn|p2b: Indeedee|move: Follow Me\n|move|p1b: Ursaluna|Hyper Voice|p2b: Indeedee|[spread] p2a,p2b\n|-damage|p2a: Armarouge|49\/100\n|-damage|p2b: Indeedee|75\/100\n|-enditem|p1b: Ursaluna|Throat Spray\n|-boost|p1b: Ursaluna|spa|1|[from] item: Throat Spray\n|move|p2a: Armarouge|Expanding Force|p1a: Ogerpon|[spread] p1a,p1b\n|-damage|p1a: Ogerpon|27\/100\n|-damage|p1b: Ursaluna|33\/100\n|move|p1a: Ogerpon|Ivy Cudgel|p2b: Indeedee|[anim] Ivy Cudgel Fire\n|-damage|p2b: Indeedee|0 fnt\n|faint|p2b: Indeedee\n|\n|-weather|SunnyDay|[upkeep]\n|upkeep\n|\n|t:|1701156497\n|switch|p2b: Landorus|Landorus-Therian, L50, M|84\/100\n|-ability|p2b: Landorus|Intimidate|boost\n|-unboost|p1a: Ogerpon|atk|1\n|-unboost|p1b: Ursaluna|atk|1\n|turn|5\n|\n|t:|1701156518\n|move|p2a: Armarouge|Endure|p2a: Armarouge\n|-singleturn|p2a: Armarouge|move: Endure\n|move|p1b: Ursaluna|Blood Moon|p2a: Armarouge\n|-activate|p2a: Armarouge|move: Endure\n|-damage|p2a: Armarouge|1\/100\n|move|p1a: Ogerpon|Ivy Cudgel|p2b: Landorus|[anim] Ivy Cudgel Fire\n|-damage|p2b: Landorus|13\/100\n|move|p2b: Landorus|U-turn|p1a: Ogerpon\n|-damage|p1a: Ogerpon|0 fnt\n|faint|p1a: Ogerpon\n|\n|-weather|none\n|-fieldend|move: Trick Room\n|-fieldend|move: Psychic Terrain\n|upkeep\n|turn|6\n|inactive|Orb66623 has 30 seconds left.\n|\n|t:|1701156546\n|move|p1b: Ursaluna|Protect|p1b: Ursaluna\n|-singleturn|p1b: Ursaluna|Protect\n|move|p2b: Landorus|U-turn|p1b: Ursaluna\n|-activate|p1b: Ursaluna|move: Protect\n|move|p2a: Armarouge|Aura Sphere|p1b: Ursaluna\n|-activate|p1b: Ursaluna|move: Protect\n|\n|upkeep\n|turn|7\n|\n|t:|1701156557\n|move|p2b: Landorus|U-turn|p1b: Ursaluna\n|-damage|p1b: Ursaluna|16\/100\n|move|p2a: Armarouge|Aura Sphere|p1b: Ursaluna\n|-supereffective|p1b: Ursaluna\n|-damage|p1b: Ursaluna|0 fnt\n|faint|p1b: Ursaluna\n|\n|win|Orb66623\n|raw|biggoosegagaga's rating: 1463 &rarr; <strong>1445<\/strong><br \/>(-18 for losing)\n|raw|Orb66623's rating: 1496 &rarr; <strong>1514<\/strong><br \/>(+18 for winning)\n|l|\u2606biggoosegagaga\n","uploadtime":1701156570,"views":3,"p1id":"biggoosegagaga","p2id":"orb66623","formatid":"gen9vgc2023regulatione","rating":1445,"private":0,"password":""}