{"id":"gen9vgc2023regulatione-1991008580","p1":"Animeredneck","p2":"ootama","format":"[Gen 9] VGC 2023 Regulation E","log":"|j|\u2606Animeredneck\n|j|\u2606ootama\n|t:|1700027147\n|gametype|doubles\n|player|p1|Animeredneck|sage|\n|player|p2|ootama|wattson|\n|teamsize|p1|6\n|teamsize|p2|6\n|gen|9\n|tier|[Gen 9] VGC 2023 Regulation E\n|rated|Tournament battle\n|rule|Species Clause: Limit one of each Pok\u00e9mon\n|rule|Item Clause: Limit one of each item\n|clearpoke\n|poke|p1|Arcanine-Hisui, L50, M|\n|poke|p1|Chien-Pao, L50|\n|poke|p1|Urshifu-*, L50, M|\n|poke|p1|Rillaboom, L50, F|\n|poke|p1|Flutter Mane, L50|\n|poke|p1|Tornadus, L50, M|\n|poke|p2|Ninetales-Alola, L50, F|\n|poke|p2|Gothitelle, L50, F|\n|poke|p2|Annihilape, L50, M|\n|poke|p2|Ogerpon-Hearthflame, L50, F|\n|poke|p2|Murkrow, L50, F|\n|poke|p2|Ditto, L50|\n|teampreview|4\n|showteam|p1|Arcanine-Hisui||ChoiceBand|Intimidate|FlareBlitz,HeadSmash,RockSlide,ExtremeSpeed|||M|||50|,,,,,Normal]Chien-Pao||FocusSash|SwordofRuin|SuckerPunch,IcicleCrash,SacredSword,Protect||||||50|,,,,,Ghost]Urshifu-Rapid-Strike||MysticWater|UnseenFist|SurgingStrikes,AquaJet,CloseCombat,Detect|||M|||50|,,,,,Water]Rillaboom||AssaultVest|GrassySurge|WoodHammer,GrassyGlide,Uturn,FakeOut|||F|||50|,,,,,Fire]Flutter Mane||BoosterEnergy|Protosynthesis|ShadowBall,Moonblast,DazzlingGleam,Protect||||||50|,,,,,Fairy]Tornadus||RockyHelmet|Prankster|BleakwindStorm,Taunt,Tailwind,RainDance|||M|||50|,,,,,Ghost\n|showteam|p2|Ninetales-Alola||LightClay|SnowWarning|AuroraVeil,Blizzard,Encore,Protect|||F|||50|,,,,,Ice]Gothitelle||Leftovers|ShadowTag|FakeOut,Torment,FoulPlay,Protect|||F|||50|,,,,,Dark]Annihilape||ChoiceScarf|Defiant|RageFist,DrainPunch,FinalGambit,RockSlide|||M|||50|,,,,,Normal]Ogerpon-Hearthflame||HearthflameMask|MoldBreaker|HornLeech,IvyCudgel,Encore,Taunt|||F|||50|,,,,,Fire]Murkrow||Eviolite|Prankster|Tailwind,ThunderWave,PerishSong,FoulPlay|||F|||50|,,,,,Dark]Ditto||RockyHelmet|Imposter|Transform||||||50|,,,,,Normal\n|c|\u2606Animeredneck|glhf\n|j| frostyvap\n|\n|t:|1700027239\n|start\n|switch|p1a: Urshifu|Urshifu-Rapid-Strike, L50, M|100\/100\n|switch|p1b: Tornadus|Tornadus, L50, M|100\/100\n|switch|p2a: Murkrow|Murkrow, L50, F|100\/100\n|switch|p2b: Annihilape|Annihilape, L50, M|100\/100\n|turn|1\n|\n|t:|1700027272\n|-terastallize|p1b: Tornadus|Ghost\n|move|p1a: Urshifu|Detect|p1a: Urshifu\n|-singleturn|p1a: Urshifu|Protect\n|move|p1b: Tornadus|Tailwind|p1b: Tornadus\n|-sidestart|p1: Animeredneck|move: Tailwind\n|move|p2a: Murkrow|Tailwind|p2a: Murkrow\n|-sidestart|p2: ootama|move: Tailwind\n|move|p2b: Annihilape|Final Gambit|p1a: Urshifu\n|-activate|p1a: Urshifu|move: Protect\n|\n|upkeep\n|turn|2\n|\n|t:|1700027308\n|switch|p1a: Flutter Mane|Flutter Mane, L50|100\/100\n|-enditem|p1a: Flutter Mane|Booster Energy\n|-activate|p1a: Flutter Mane|ability: Protosynthesis|[fromitem]\n|-start|p1a: Flutter Mane|protosynthesisspa\n|move|p1b: Tornadus|Rain Dance|p1b: Tornadus\n|-weather|RainDance\n|move|p2b: Annihilape|Final Gambit|p1a: Flutter Mane\n|-immune|p1a: Flutter Mane\n|move|p2a: Murkrow|Foul Play|p1b: Tornadus\n|-supereffective|p1b: Tornadus\n|-damage|p1b: Tornadus|45\/100\n|-damage|p2a: Murkrow|84\/100|[from] item: Rocky Helmet|[of] p1b: Tornadus\n|\n|-weather|RainDance|[upkeep]\n|upkeep\n|turn|3\n|\n|t:|1700027362\n|move|p2b: Annihilape|Final Gambit|p1b: Tornadus\n|-immune|p1b: Tornadus\n|move|p1a: Flutter Mane|Dazzling Gleam|p2a: Murkrow|[spread] p2a,p2b\n|-supereffective|p2a: Murkrow\n|-supereffective|p2b: Annihilape\n|-damage|p2a: Murkrow|12\/100\n|-damage|p2b: Annihilape|42\/100\n|move|p1b: Tornadus|Bleakwind Storm|p2a: Murkrow|[spread] p2a,p2b\n|-crit|p2a: Murkrow\n|-supereffective|p2b: Annihilape\n|-damage|p2a: Murkrow|0 fnt\n|-damage|p2b: Annihilape|0 fnt\n|faint|p2a: Murkrow\n|faint|p2b: Annihilape\n|\n|-weather|RainDance|[upkeep]\n|upkeep\n|\n|t:|1700027376\n|switch|p2b: Ditto|Ditto, L50|100\/100\n|switch|p2a: Ogerpon|Ogerpon-Hearthflame, L50, F|100\/100\n|-ability|p2a: Ogerpon|Mold Breaker\n|-transform|p2b: Ditto|p1a: Flutter Mane|[from] ability: Imposter\n|turn|4\n|inactive|Battle timer is ON: inactive players will automatically lose when time's up. (requested by Animeredneck)\n|inactive|ootama has 60 seconds left.\n|\n|t:|1700027502\n|-terastallize|p2b: Ditto|Normal\n|move|p2a: Ogerpon|Horn Leech|p1b: Tornadus\n|-damage|p1b: Tornadus|11\/100\n|-damage|p2a: Ogerpon|84\/100|[from] item: Rocky Helmet|[of] p1b: Tornadus\n|move|p1a: Flutter Mane|Shadow Ball|p2a: Ogerpon\n|-damage|p2a: Ogerpon|29\/100\n|move|p2b: Ditto|Shadow Ball|p1a: Flutter Mane\n|-supereffective|p1a: Flutter Mane\n|-damage|p1a: Flutter Mane|25\/100\n|-unboost|p1a: Flutter Mane|spd|1\n|move|p1b: Tornadus|Bleakwind Storm|p2a: Ogerpon|[spread] p2a,p2b\n|-supereffective|p2a: Ogerpon\n|-damage|p2a: Ogerpon|0 fnt\n|-damage|p2b: Ditto|73\/100\n|faint|p2a: Ogerpon\n|\n|-weather|RainDance|[upkeep]\n|-sideend|p2: ootama|move: Tailwind\n|-sideend|p1: Animeredneck|move: Tailwind\n|upkeep\n|turn|5\n|\n|t:|1700027524\n|move|p1b: Tornadus|Tailwind|p1b: Tornadus\n|-sidestart|p1: Animeredneck|move: Tailwind\n|move|p1a: Flutter Mane|Moonblast|p2b: Ditto\n|-damage|p2b: Ditto|18\/100\n|-unboost|p2b: Ditto|spa|1\n|move|p2b: Ditto|Dazzling Gleam|p1a: Flutter Mane|[spread] p1a,p1b\n|-damage|p1a: Flutter Mane|0 fnt\n|-damage|p1b: Tornadus|0 fnt\n|faint|p1a: Flutter Mane\n|-end|p1a: Flutter Mane|Protosynthesis|[silent]\n|faint|p1b: Tornadus\n|\n|-weather|RainDance|[upkeep]\n|upkeep\n|\n|t:|1700027533\n|switch|p1a: Chien-Pao|Chien-Pao, L50|100\/100\n|switch|p1b: Urshifu|Urshifu-Rapid-Strike, L50, M|100\/100\n|-ability|p1a: Chien-Pao|Sword of Ruin\n|turn|6\n|\n|t:|1700027540\n|move|p2b: Ditto|Protect|p2b: Ditto\n|-singleturn|p2b: Ditto|Protect\n|move|p1a: Chien-Pao|Sucker Punch||[still]\n|-fail|p1a: Chien-Pao\n|move|p1b: Urshifu|Aqua Jet|p2b: Ditto\n|-damage|p2b: Ditto|0 fnt\n|-damage|p1b: Urshifu|84\/100|[from] item: Rocky Helmet|[of] p2b: Ditto\n|faint|p2b: Ditto\n|-end|p2b: Ditto|Protosynthesis|[silent]\n|\n|win|Animeredneck\n|n|\u2606Animeredneck|animeredneck\n|n|\u2606ootama|ootama\n|n| frostyvap|frostyvap\n|l|\u2606ootama\n","uploadtime":1700027555,"views":15,"p1id":"animeredneck","p2id":"ootama","formatid":"gen9vgc2023regulatione","rating":0,"private":0,"password":""}