{"id":"gen9vgc2023regulatione-1994970023","p1":"NekrosM0S","p2":"pixieLOVEyou","format":"[Gen 9] VGC 2023 Regulation E","log":"|j|\u2606NekrosM0S\n|j|\u2606pixieLOVEyou\n|t:|1700509114\n|gametype|doubles\n|player|p1|NekrosM0S|colress|1263\n|player|p2|pixieLOVEyou|elesa|1157\n|teamsize|p1|6\n|teamsize|p2|6\n|gen|9\n|tier|[Gen 9] VGC 2023 Regulation E\n|rated|\n|rule|Species Clause: Limit one of each Pok\u00e9mon\n|rule|Item Clause: Limit one of each item\n|clearpoke\n|poke|p1|Glimmora, L50, M|\n|poke|p1|Iron Hands, L50|\n|poke|p1|Ninetales-Alola, L50, F|\n|poke|p1|Ogerpon-Wellspring, L50, F|\n|poke|p1|Glastrier, L50|\n|poke|p1|Flutter Mane, L50|\n|poke|p2|Flutter Mane, L50|\n|poke|p2|Roaring Moon, L50|\n|poke|p2|Ogerpon-Wellspring, L50, F|\n|poke|p2|Heatran, L50, F|\n|poke|p2|Iron Hands, L50|\n|poke|p2|Landorus-Therian, L50, M|\n|teampreview|4\n|\n|t:|1700509177\n|start\n|switch|p1a: Glimmora|Glimmora, L50, M, shiny|100\/100\n|switch|p1b: Ninetales|Ninetales-Alola, L50, F|100\/100\n|switch|p2a: Iron Hands|Iron Hands, L50, shiny|100\/100\n|switch|p2b: Heatran|Heatran, L50, F|100\/100\n|-weather|Snow|[from] ability: Snow Warning|[of] p1b: Ninetales\n|turn|1\n|\n|t:|1700509219\n|move|p1a: Glimmora|Spiky Shield|p1a: Glimmora\n|-singleturn|p1a: Glimmora|move: Protect\n|move|p2a: Iron Hands|Fake Out|p1a: Glimmora\n|-activate|p1a: Glimmora|move: Protect\n|-damage|p2a: Iron Hands|88\/100|[from] Spiky Shield|[of] p1a: Glimmora\n|move|p1b: Ninetales|Aurora Veil|p1b: Ninetales\n|-sidestart|p1: NekrosM0S|move: Aurora Veil\n|move|p2b: Heatran|Earth Power|p1a: Glimmora\n|-activate|p1a: Glimmora|move: Protect\n|\n|-weather|Snow|[upkeep]\n|upkeep\n|turn|2\n|\n|t:|1700509235\n|switch|p1a: Iron Hands|Iron Hands, L50, shiny|100\/100\n|move|p1b: Ninetales|Blizzard|p2a: Iron Hands|[spread] p2a,p2b\n|-resisted|p2b: Heatran\n|-damage|p2a: Iron Hands|77\/100\n|-damage|p2b: Heatran|96\/100\n|-status|p2a: Iron Hands|frz\n|move|p2b: Heatran|Heat Wave|p1b: Ninetales|[spread] p1a,p1b\n|-supereffective|p1b: Ninetales\n|-damage|p1a: Iron Hands|90\/100\n|-damage|p1b: Ninetales|56\/100\n|-curestatus|p2a: Iron Hands|frz|[msg]\n|move|p2a: Iron Hands|Heavy Slam|p1b: Ninetales\n|-supereffective|p1b: Ninetales\n|-damage|p1b: Ninetales|0 fnt\n|faint|p1b: Ninetales\n|\n|-weather|Snow|[upkeep]\n|upkeep\n|\n|t:|1700509255\n|switch|p1b: Glimmora|Glimmora, L50, M, shiny|100\/100\n|turn|3\n|\n|t:|1700509298\n|switch|p2b: Flutter Mane|Flutter Mane, L50|100\/100\n|move|p1b: Glimmora|Mortal Spin|p2b: Flutter Mane|[spread] p2a,p2b\n|-damage|p2a: Iron Hands|74\/100\n|-damage|p2b: Flutter Mane|92\/100\n|-status|p2a: Iron Hands|psn\n|-status|p2b: Flutter Mane|psn\n|move|p1a: Iron Hands|Drain Punch|p2b: Flutter Mane\n|-immune|p2b: Flutter Mane\n|move|p2a: Iron Hands|Heavy Slam|p1b: Glimmora\n|-supereffective|p1b: Glimmora\n|-damage|p1b: Glimmora|44\/100\n|-activate|p1b: Glimmora|ability: Toxic Debris\n|-sidestart|p2: pixieLOVEyou|move: Toxic Spikes\n|-enditem|p1b: Glimmora|Sitrus Berry|[eat]\n|-heal|p1b: Glimmora|69\/100|[from] item: Sitrus Berry\n|\n|-weather|Snow|[upkeep]\n|-damage|p2b: Flutter Mane|80\/100 psn|[from] psn\n|-damage|p2a: Iron Hands|61\/100 psn|[from] psn\n|upkeep\n|turn|4\n|\n|t:|1700509343\n|move|p2b: Flutter Mane|Dazzling Gleam|p1a: Iron Hands|[spread] p1a,p1b\n|-supereffective|p1a: Iron Hands\n|-resisted|p1b: Glimmora\n|-damage|p1a: Iron Hands|60\/100\n|-damage|p1b: Glimmora|50\/100\n|move|p1b: Glimmora|Sludge Bomb|p2b: Flutter Mane\n|-damage|p2b: Flutter Mane|39\/100 psn\n|move|p1a: Iron Hands|Heavy Slam|p2b: Flutter Mane\n|-supereffective|p2b: Flutter Mane\n|-damage|p2b: Flutter Mane|0 fnt\n|faint|p2b: Flutter Mane\n|-end|p2b: Flutter Mane|Protosynthesis|[silent]\n|move|p2a: Iron Hands|Heavy Slam|p1b: Glimmora\n|-supereffective|p1b: Glimmora\n|-damage|p1b: Glimmora|0 fnt\n|-activate|p1b: Glimmora|ability: Toxic Debris\n|-sidestart|p2: pixieLOVEyou|move: Toxic Spikes\n|faint|p1b: Glimmora\n|\n|-weather|Snow|[upkeep]\n|-damage|p2a: Iron Hands|49\/100 psn|[from] psn\n|upkeep\n|\n|t:|1700509363\n|switch|p2b: Heatran|Heatran, L50, F|96\/100\n|switch|p1b: Glastrier|Glastrier, L50|100\/100\n|turn|5\n|\n|t:|1700509404\n|-terastallize|p2b: Heatran|Fairy\n|move|p1b: Glastrier|Protect|p1b: Glastrier\n|-singleturn|p1b: Glastrier|Protect\n|move|p2b: Heatran|Heat Wave|p1b: Glastrier|[spread] p1a\n|-activate|p1b: Glastrier|move: Protect\n|-damage|p1a: Iron Hands|49\/100\n|move|p1a: Iron Hands|Drain Punch|p2b: Heatran\n|-resisted|p2b: Heatran\n|-damage|p2b: Heatran|79\/100\n|-heal|p1a: Iron Hands|57\/100|[from] drain|[of] p2b: Heatran\n|move|p2a: Iron Hands|Drain Punch|p1b: Glastrier\n|-activate|p1b: Glastrier|move: Protect\n|\n|-weather|none\n|-damage|p2a: Iron Hands|36\/100 psn|[from] psn\n|upkeep\n|turn|6\n|\n|t:|1700509430\n|-terastallize|p1b: Glastrier|Fire\n|move|p2b: Heatran|Heat Wave|p1b: Glastrier|[spread] p1b\n|-miss|p2b: Heatran|p1a: Iron Hands\n|-resisted|p1b: Glastrier\n|-damage|p1b: Glastrier|91\/100\n|move|p2a: Iron Hands|Drain Punch|p1b: Glastrier\n|-damage|p1b: Glastrier|71\/100\n|-heal|p2a: Iron Hands|44\/100 psn|[from] drain|[of] p1b: Glastrier\n|move|p1a: Iron Hands|Heavy Slam|p2b: Heatran\n|-supereffective|p2b: Heatran\n|-damage|p2b: Heatran|54\/100\n|move|p1b: Glastrier|Heavy Slam|p2b: Heatran\n|-supereffective|p2b: Heatran\n|-damage|p2b: Heatran|25\/100\n|\n|-damage|p2a: Iron Hands|31\/100 psn|[from] psn\n|upkeep\n|turn|7\n|\n|t:|1700509469\n|move|p1b: Glastrier|Protect|p1b: Glastrier\n|-singleturn|p1b: Glastrier|Protect\n|move|p2b: Heatran|Earth Power|p1a: Iron Hands\n|-supereffective|p1a: Iron Hands\n|-damage|p1a: Iron Hands|38\/100\n|move|p2a: Iron Hands|Drain Punch|p1b: Glastrier\n|-activate|p1b: Glastrier|move: Protect\n|move|p1a: Iron Hands|Heavy Slam|p2b: Heatran\n|-supereffective|p2b: Heatran\n|-damage|p2b: Heatran|2\/100\n|\n|-damage|p2a: Iron Hands|19\/100 psn|[from] psn\n|upkeep\n|turn|8\n|\n|t:|1700509506\n|move|p2b: Heatran|Earth Power|p1b: Glastrier\n|-supereffective|p1b: Glastrier\n|-damage|p1b: Glastrier|35\/100\n|move|p1a: Iron Hands|Drain Punch|p2a: Iron Hands\n|-damage|p2a: Iron Hands|0 fnt\n|-heal|p1a: Iron Hands|47\/100|[from] drain|[of] p2a: Iron Hands\n|faint|p2a: Iron Hands\n|-end|p2a: Iron Hands|Quark Drive|[silent]\n|move|p1b: Glastrier|Heavy Slam|p2b: Heatran\n|-supereffective|p2b: Heatran\n|-damage|p2b: Heatran|0 fnt\n|faint|p2b: Heatran\n|-ability|p1b: Glastrier|Chilling Neigh|boost\n|-boost|p1b: Glastrier|atk|1\n|\n|-sideend|p1: NekrosM0S|move: Aurora Veil\n|upkeep\n|\n|t:|1700509522\n|switch|p2a: Roaring Moon|Roaring Moon, L50|100\/100\n|-status|p2a: Roaring Moon|tox\n|-enditem|p2a: Roaring Moon|Booster Energy\n|-activate|p2a: Roaring Moon|ability: Protosynthesis|[fromitem]\n|-start|p2a: Roaring Moon|protosynthesisatk\n|turn|9\n|\n|t:|1700509537\n|move|p2a: Roaring Moon|Acrobatics|p1a: Iron Hands\n|-damage|p1a: Iron Hands|13\/100\n|move|p1a: Iron Hands|Drain Punch|p2a: Roaring Moon\n|-supereffective|p2a: Roaring Moon\n|-damage|p2a: Roaring Moon|4\/100 tox\n|-heal|p1a: Iron Hands|53\/100|[from] drain|[of] p2a: Roaring Moon\n|move|p1b: Glastrier|Close Combat|p2a: Roaring Moon\n|-supereffective|p2a: Roaring Moon\n|-damage|p2a: Roaring Moon|0 fnt\n|-unboost|p1b: Glastrier|def|1\n|-unboost|p1b: Glastrier|spd|1\n|faint|p2a: Roaring Moon\n|-end|p2a: Roaring Moon|Protosynthesis|[silent]\n|\n|win|NekrosM0S\n|raw|NekrosM0S's rating: 1263 &rarr; <strong>1281<\/strong><br \/>(+18 for winning)\n|raw|pixieLOVEyou's rating: 1157 &rarr; <strong>1139<\/strong><br \/>(-18 for losing)\n|c|\u2606pixieLOVEyou|cringe\n|c|\u2606pixieLOVEyou|worst team i never see\n|c|\u2606NekrosM0S|gg\n|l|\u2606pixieLOVEyou\n","uploadtime":1700509564,"views":14,"p1id":"nekrosm0s","p2id":"pixieloveyou","formatid":"gen9vgc2023regulatione","rating":1139,"private":0,"password":""}