{"id":"gen9vgc2023regulatione-1998624000","p1":"Kzjrhzk","p2":"Ziren_13","format":"[Gen 9] VGC 2023 Regulation E","log":"|j|\u2606Kzjrhzk\n|j|\u2606Ziren_13\n|t:|1700964325\n|gametype|doubles\n|player|p1|Kzjrhzk|lance|1211\n|player|p2|Ziren_13|li|1296\n|teamsize|p1|6\n|teamsize|p2|6\n|gen|9\n|tier|[Gen 9] VGC 2023 Regulation E\n|rated|\n|rule|Species Clause: Limit one of each Pok\u00e9mon\n|rule|Item Clause: Limit one of each item\n|clearpoke\n|poke|p1|Flutter Mane, L50|\n|poke|p1|Tornadus, L50, M|\n|poke|p1|Rillaboom, L50, M|\n|poke|p1|Garganacl, L50, F|\n|poke|p1|Arcanine-Hisui, L50, F|\n|poke|p1|Chien-Pao, L50|\n|poke|p2|Arcanine-Hisui, L50, M|\n|poke|p2|Tornadus, L50, M|\n|poke|p2|Charizard, L50, M|\n|poke|p2|Roaring Moon, L50|\n|poke|p2|Kingambit, L50, M|\n|poke|p2|Milotic, L50, F|\n|teampreview|4\n|inactive|Battle timer is ON: inactive players will automatically lose when time's up. (requested by Kzjrhzk)\n|\n|t:|1700964356\n|start\n|switch|p1a: Tornadus|Tornadus, L50, M|100\/100\n|switch|p1b: Garganacl|Garganacl, L50, F|100\/100\n|switch|p2a: Tornadus|Tornadus, L50, M|100\/100\n|switch|p2b: Charizard|Charizard, L50, M, shiny|100\/100\n|turn|1\n|\n|t:|1700964375\n|move|p2a: Tornadus|Sunny Day|p2a: Tornadus\n|-weather|SunnyDay\n|move|p1a: Tornadus|Taunt|p2a: Tornadus\n|-start|p2a: Tornadus|move: Taunt\n|move|p2b: Charizard|Solar Beam||[still]\n|-prepare|p2b: Charizard|Solar Beam\n|-anim|p2b: Charizard|Solar Beam|p1b: Garganacl\n|-supereffective|p1b: Garganacl\n|-damage|p1b: Garganacl|0 fnt\n|faint|p1b: Garganacl\n|\n|-weather|SunnyDay|[upkeep]\n|-damage|p2b: Charizard|88\/100|[from] ability: Solar Power|[of] p2b: Charizard\n|upkeep\n|\n|t:|1700964379\n|switch|p1b: Arcanine|Arcanine-Hisui, L50, F|100\/100\n|-ability|p1b: Arcanine|Intimidate|boost\n|-unboost|p2a: Tornadus|atk|1\n|-unboost|p2b: Charizard|atk|1\n|turn|2\n|\n|t:|1700964403\n|switch|p2a: Arcanine|Arcanine-Hisui, L50, M, shiny|100\/100\n|-ability|p2a: Arcanine|Intimidate|boost\n|-unboost|p1a: Tornadus|atk|1\n|-unboost|p1b: Arcanine|atk|1\n|-terastallize|p2b: Charizard|Dragon\n|move|p1a: Tornadus|Tailwind|p1a: Tornadus\n|-sidestart|p1: Kzjrhzk|move: Tailwind\n|move|p1b: Arcanine|Rock Slide|p2a: Arcanine|[spread] p2a,p2b\n|-supereffective|p2a: Arcanine\n|-damage|p2a: Arcanine|29\/100\n|-damage|p2b: Charizard|51\/100\n|move|p2b: Charizard|Solar Beam||[still]\n|-prepare|p2b: Charizard|Solar Beam\n|-anim|p2b: Charizard|Solar Beam|p1b: Arcanine\n|-damage|p1b: Arcanine|0 fnt\n|faint|p1b: Arcanine\n|\n|-weather|SunnyDay|[upkeep]\n|-damage|p2b: Charizard|38\/100|[from] ability: Solar Power|[of] p2b: Charizard\n|upkeep\n|\n|t:|1700964411\n|switch|p1b: Rillaboom|Rillaboom, L50, M|100\/100\n|-fieldstart|move: Grassy Terrain|[from] ability: Grassy Surge|[of] p1b: Rillaboom\n|turn|3\n|\n|t:|1700964431\n|switch|p2b: Tornadus|Tornadus, L50, M|100\/100\n|move|p1b: Rillaboom|Grassy Glide|p2a: Arcanine\n|-damage|p2a: Arcanine|0 fnt\n|faint|p2a: Arcanine\n|move|p1a: Tornadus|Bleakwind Storm|p2b: Tornadus|[miss]\n|-miss|p1a: Tornadus|p2b: Tornadus\n|\n|-weather|SunnyDay|[upkeep]\n|upkeep\n|\n|t:|1700964442\n|switch|p2a: Charizard|Charizard, L50, M, shiny, tera:Dragon|38\/100\n|turn|4\n|\n|t:|1700964453\n|move|p1b: Rillaboom|Grassy Glide|p2a: Charizard\n|-resisted|p2a: Charizard\n|-damage|p2a: Charizard|10\/100\n|move|p1a: Tornadus|Bleakwind Storm|p2b: Tornadus|[spread] p2a,p2b\n|-damage|p2a: Charizard|0 fnt\n|-damage|p2b: Tornadus|56\/100\n|faint|p2a: Charizard\n|move|p2b: Tornadus|Heat Wave|p1b: Rillaboom|[spread] p1a,p1b\n|-crit|p1a: Tornadus\n|-supereffective|p1b: Rillaboom\n|-damage|p1a: Tornadus|62\/100\n|-damage|p1b: Rillaboom|47\/100\n|\n|-weather|SunnyDay|[upkeep]\n|-heal|p1b: Rillaboom|53\/100|[from] Grassy Terrain\n|upkeep\n|\n|t:|1700964465\n|switch|p2a: Milotic|Milotic, L50, F, shiny|100\/100\n|turn|5\n|\n|t:|1700964487\n|-terastallize|p1b: Rillaboom|Grass\n|move|p1b: Rillaboom|Grassy Glide|p2b: Tornadus\n|-resisted|p2b: Tornadus\n|-damage|p2b: Tornadus|20\/100\n|-enditem|p2b: Tornadus|Sitrus Berry|[eat]\n|-heal|p2b: Tornadus|45\/100|[from] item: Sitrus Berry\n|move|p1a: Tornadus|Bleakwind Storm|p2b: Tornadus|[spread] p2b\n|-miss|p1a: Tornadus|p2a: Milotic\n|-damage|p2b: Tornadus|0 fnt\n|faint|p2b: Tornadus\n|move|p2a: Milotic|Coil|p2a: Milotic\n|-boost|p2a: Milotic|atk|1\n|-boost|p2a: Milotic|def|1\n|-boost|p2a: Milotic|accuracy|1\n|\n|-weather|none\n|-heal|p1b: Rillaboom|59\/100|[from] Grassy Terrain\n|-sideend|p1: Kzjrhzk|move: Tailwind\n|upkeep\n|turn|6\n|\n|t:|1700964506\n|move|p1a: Tornadus|Taunt|p2a: Milotic\n|-start|p2a: Milotic|move: Taunt\n|move|p1b: Rillaboom|Wood Hammer|p2a: Milotic\n|-supereffective|p2a: Milotic\n|-damage|p2a: Milotic|0 fnt\n|faint|p2a: Milotic\n|-damage|p1b: Rillaboom|27\/100|[from] Recoil\n|\n|win|Kzjrhzk\n|raw|Kzjrhzk's rating: 1211 &rarr; <strong>1242<\/strong><br \/>(+31 for winning)\n|raw|Ziren_13's rating: 1296 &rarr; <strong>1265<\/strong><br \/>(-31 for losing)\n","uploadtime":1700964512,"views":1,"p1id":"kzjrhzk","p2id":"ziren13","formatid":"gen9vgc2023regulatione","rating":1242,"private":0,"password":""}