{"id":"gen9vgc2023regulatione-2000502371","p1":"Lurvas","p2":"Cheezypickle","format":"[Gen 9] VGC 2023 Regulation E","log":"|j|\u2606Lurvas\n|j|\u2606Cheezypickle\n|t:|1701200191\n|gametype|doubles\n|player|p1|Lurvas|alder|1250\n|player|p2|Cheezypickle|266|1342\n|teamsize|p1|6\n|teamsize|p2|6\n|gen|9\n|tier|[Gen 9] VGC 2023 Regulation E\n|rated|\n|rule|Species Clause: Limit one of each Pok\u00e9mon\n|rule|Item Clause: Limit one of each item\n|clearpoke\n|poke|p1|Urshifu-*, L50, F|\n|poke|p1|Rillaboom, L50, F|\n|poke|p1|Flutter Mane, L50|\n|poke|p1|Arcanine-Hisui, L50, F|\n|poke|p1|Chien-Pao, L50|\n|poke|p1|Tornadus, L50, M|\n|poke|p2|Urshifu-*, L50, M|\n|poke|p2|Iron Hands, L50|\n|poke|p2|Flutter Mane, L50|\n|poke|p2|Chi-Yu, L50|\n|poke|p2|Amoonguss, L50, F|\n|poke|p2|Landorus-Therian, L50, M|\n|teampreview|4\n|inactive|Battle timer is ON: inactive players will automatically lose when time's up. (requested by Cheezypickle)\nLurvas has agreed to open team sheets.\n|\n|t:|1701200218\n|start\n|switch|p1a: Tornadus|Tornadus, L50, M|100\/100\n|switch|p1b: Urshifu|Urshifu-Rapid-Strike, L50, F|100\/100\n|switch|p2a: Iron Hands|Iron Hands, L50|100\/100\n|switch|p2b: Chi-Yu|Chi-Yu, L50|100\/100\n|-ability|p2b: Chi-Yu|Beads of Ruin\n|turn|1\n|inactive|Lurvas has 30 seconds left.\n|\n|t:|1701200249\n|switch|p2b: Amoonguss|Amoonguss, L50, F|100\/100\n|move|p1b: Urshifu|Detect|p1b: Urshifu\n|-singleturn|p1b: Urshifu|Protect\n|move|p1a: Tornadus|Tailwind|p1a: Tornadus\n|-sidestart|p1: Lurvas|move: Tailwind\n|move|p2a: Iron Hands|Wild Charge|p1b: Urshifu\n|-activate|p1b: Urshifu|move: Protect\n|\n|upkeep\n|turn|2\n|\n|t:|1701200265\n|switch|p1b: Arcanine|Arcanine-Hisui, L50, F|100\/100\n|-ability|p1b: Arcanine|Intimidate|boost\n|-fail|p2a: Iron Hands|unboost|[from] item: Clear Amulet|[of] p2a: Iron Hands\n|-unboost|p2b: Amoonguss|atk|1\n|move|p1a: Tornadus|Bleakwind Storm|p2a: Iron Hands|[spread] p2a,p2b\n|-supereffective|p2b: Amoonguss\n|-damage|p2a: Iron Hands|77\/100\n|-damage|p2b: Amoonguss|51\/100\n|move|p2a: Iron Hands|Wild Charge|p1a: Tornadus\n|-supereffective|p1a: Tornadus\n|-damage|p1a: Tornadus|0 fnt\n|faint|p1a: Tornadus\n|-damage|p2a: Iron Hands|57\/100|[from] Recoil\n|move|p2b: Amoonguss|Spore|p1b: Arcanine\n|-status|p1b: Arcanine|slp|[from] move: Spore\n|\n|upkeep\n|\n|t:|1701200282\n|switch|p1a: Flutter Mane|Flutter Mane, L50|100\/100\n|-enditem|p1a: Flutter Mane|Booster Energy\n|-activate|p1a: Flutter Mane|ability: Protosynthesis|[fromitem]\n|-start|p1a: Flutter Mane|protosynthesisspe\n|turn|3\n|\n|t:|1701200298\n|-terastallize|p1b: Arcanine|Fairy\n|move|p2b: Amoonguss|Rage Powder|p2b: Amoonguss\n|-singleturn|p2b: Amoonguss|move: Rage Powder\n|move|p1a: Flutter Mane|Icy Wind|p2b: Amoonguss|[spread] p2a,p2b\n|-supereffective|p2b: Amoonguss\n|-damage|p2a: Iron Hands|47\/100\n|-damage|p2b: Amoonguss|27\/100\n|-unboost|p2b: Amoonguss|spe|1\n|cant|p1b: Arcanine|slp\n|move|p2a: Iron Hands|Heavy Slam|p1a: Flutter Mane\n|-supereffective|p1a: Flutter Mane\n|-damage|p1a: Flutter Mane|0 fnt\n|faint|p1a: Flutter Mane\n|-end|p1a: Flutter Mane|Protosynthesis|[silent]\n|\n|upkeep\n|\n|t:|1701200311\n|switch|p1a: Urshifu|Urshifu-Rapid-Strike, L50, F|100\/100\n|turn|4\n|\n|t:|1701200321\n|move|p2b: Amoonguss|Rage Powder|p2b: Amoonguss\n|-singleturn|p2b: Amoonguss|move: Rage Powder\n|move|p1a: Urshifu|Surging Strikes|p2b: Amoonguss\n|-resisted|p2b: Amoonguss\n|-crit|p2b: Amoonguss\n|-damage|p2b: Amoonguss|17\/100\n|-damage|p1a: Urshifu|84\/100|[from] item: Rocky Helmet|[of] p2b: Amoonguss\n|-resisted|p2b: Amoonguss\n|-crit|p2b: Amoonguss\n|-damage|p2b: Amoonguss|7\/100\n|-damage|p1a: Urshifu|67\/100|[from] item: Rocky Helmet|[of] p2b: Amoonguss\n|-resisted|p2b: Amoonguss\n|-crit|p2b: Amoonguss\n|-damage|p2b: Amoonguss|0 fnt\n|-damage|p1a: Urshifu|51\/100|[from] item: Rocky Helmet|[of] p2b: Amoonguss\n|faint|p2b: Amoonguss\n|-hitcount|p2: Amoonguss|3\n|cant|p1b: Arcanine|slp\n|move|p2a: Iron Hands|Heavy Slam|p1b: Arcanine\n|-supereffective|p1b: Arcanine\n|-damage|p1b: Arcanine|52\/100 slp\n|\n|-sideend|p1: Lurvas|move: Tailwind\n|upkeep\n|inactive|Cheezypickle has 30 seconds left.\n|\n|t:|1701200347\n|switch|p2b: Landorus|Landorus-Therian, L50, M|100\/100\n|-ability|p2b: Landorus|Intimidate|boost\n|-unboost|p1a: Urshifu|atk|1\n|-unboost|p1b: Arcanine|atk|1\n|turn|5\n|\n|t:|1701200372\n|-terastallize|p2b: Landorus|Flying\n|move|p2b: Landorus|Tera Blast|p1a: Urshifu|[anim] Tera Blast Flying\n|-supereffective|p1a: Urshifu\n|-damage|p1a: Urshifu|0 fnt\n|faint|p1a: Urshifu\n|cant|p1b: Arcanine|slp\n|move|p2a: Iron Hands|Wild Charge|p1b: Arcanine\n|-damage|p1b: Arcanine|0 fnt\n|faint|p1b: Arcanine\n|-damage|p2a: Iron Hands|37\/100|[from] Recoil\n|\n|win|Cheezypickle\n|raw|Lurvas's rating: 1250 &rarr; <strong>1231<\/strong><br \/>(-19 for losing)\n|raw|Cheezypickle's rating: 1342 &rarr; <strong>1357<\/strong><br \/>(+15 for winning)\n|c|\u2606Lurvas|gg\n","uploadtime":1701200385,"views":4,"p1id":"lurvas","p2id":"cheezypickle","formatid":"gen9vgc2023regulatione","rating":1231,"private":0,"password":""}