{"id":"gen9vgc2023regulatione-1988196848","p1":"Mortipherus","p2":"socpheyt1","format":"[Gen 9] VGC 2023 Regulation E","log":"|j|\u2606Mortipherus\n|j|\u2606socpheyt1\n|t:|1699683371\n|gametype|doubles\n|player|p1|Mortipherus|biker-gen4|1140\n|player|p2|socpheyt1|2|1201\n|teamsize|p1|6\n|teamsize|p2|6\n|gen|9\n|tier|[Gen 9] VGC 2023 Regulation E\n|rated|\n|rule|Species Clause: Limit one of each Pok\u00e9mon\n|rule|Item Clause: Limit one of each item\n|clearpoke\n|poke|p1|Zapdos-Galar, L50|\n|poke|p1|Flutter Mane, L50|\n|poke|p1|Chi-Yu, L50|\n|poke|p1|Iron Hands, L50|\n|poke|p1|Ogerpon-Wellspring, L50, F|\n|poke|p1|Farigiraf, L50, F|\n|poke|p2|Drifblim, L50, F|\n|poke|p2|Rillaboom, L50, M|\n|poke|p2|Dondozo, L50, F|\n|poke|p2|Tatsugiri, L50, F|\n|poke|p2|Flamigo, L50, M|\n|poke|p2|Iron Hands, L50|\n|teampreview|4\nMortipherus has agreed to open team sheets.\n|\n|t:|1699683390\n|start\n|switch|p1a: Flutter Mane|Flutter Mane, L50, shiny|100\/100\n|switch|p1b: Chi-Yu|Chi-Yu, L50|100\/100\n|switch|p2a: Drifblim|Drifblim, L50, F|100\/100\n|switch|p2b: Rillaboom|Rillaboom, L50, M|100\/100\n|-ability|p1b: Chi-Yu|Beads of Ruin\n|-fieldstart|move: Grassy Terrain|[from] ability: Grassy Surge|[of] p2b: Rillaboom\n|-enditem|p2a: Drifblim|Grassy Seed\n|-boost|p2a: Drifblim|def|1|[from] item: Grassy Seed\n|-enditem|p1a: Flutter Mane|Booster Energy\n|-activate|p1a: Flutter Mane|ability: Protosynthesis|[fromitem]\n|-start|p1a: Flutter Mane|protosynthesisspe\n|turn|1\n|inactive|Battle timer is ON: inactive players will automatically lose when time's up. (requested by Mortipherus)\n|\n|t:|1699683415\n|-terastallize|p1b: Chi-Yu|Ghost\n|move|p2a: Drifblim|Minimize|p2a: Drifblim\n|-boost|p2a: Drifblim|evasion|2\n|move|p1a: Flutter Mane|Icy Wind|p2a: Drifblim|[spread] p2a,p2b\n|-supereffective|p2a: Drifblim\n|-supereffective|p2b: Rillaboom\n|-damage|p2a: Drifblim|55\/100\n|-damage|p2b: Rillaboom|63\/100\n|-unboost|p2a: Drifblim|spe|1\n|-unboost|p2b: Rillaboom|spe|1\n|move|p1b: Chi-Yu|Heat Wave|p2b: Rillaboom|[spread] p2b\n|-miss|p1b: Chi-Yu|p2a: Drifblim\n|-supereffective|p2b: Rillaboom\n|-damage|p2b: Rillaboom|0 fnt\n|faint|p2b: Rillaboom\n|\n|upkeep\n|\n|t:|1699683435\n|switch|p2b: Tatsugiri|Tatsugiri, L50, F|100\/100\n|turn|2\n|\n|t:|1699683449\n|move|p2b: Tatsugiri|Endure|p2b: Tatsugiri\n|-singleturn|p2b: Tatsugiri|move: Endure\n|move|p1a: Flutter Mane|Moonblast|p2a: Drifblim\n|-damage|p2a: Drifblim|0 fnt\n|faint|p2a: Drifblim\n|move|p1b: Chi-Yu|Heat Wave|p2b: Tatsugiri\n|-resisted|p2b: Tatsugiri\n|-damage|p2b: Tatsugiri|67\/100\n|\n|-heal|p2b: Tatsugiri|73\/100|[from] Grassy Terrain\n|-status|p2b: Tatsugiri|tox|[from] item: Toxic Orb\n|upkeep\n|inactive|socpheyt1 has 30 seconds left.\n|inactive|socpheyt1 has 20 seconds left.\n|inactive|socpheyt1 has 15 seconds left.\n|inactive|socpheyt1 has 10 seconds left.\n|inactive|socpheyt1 has 5 seconds left.\n|\n|t:|1699683504\n|switch|p2a: Dondozo|Dondozo, L50, F|100\/100\n|-activate|p2b: Tatsugiri|ability: Commander|[of] p2a: Dondozo\n|-boost|p2a: Dondozo|atk|2\n|-boost|p2a: Dondozo|spa|2\n|-boost|p2a: Dondozo|spe|2\n|-boost|p2a: Dondozo|def|2\n|-boost|p2a: Dondozo|spd|2\n|turn|3\n|inactive|socpheyt1 has 30 seconds left.\n|inactive|socpheyt1 has 20 seconds left.\n|inactive|socpheyt1 has 15 seconds left.\n|inactive|socpheyt1 has 10 seconds left.\n|inactive|socpheyt1 has 5 seconds left.\n|\n|t:|1699683559\n|move|p1a: Flutter Mane|Icy Wind|p2b: Tatsugiri|[spread] p2a\n|-miss|p1a: Flutter Mane|p2b: Tatsugiri\n|-resisted|p2a: Dondozo\n|-damage|p2a: Dondozo|96\/100\n|-unboost|p2a: Dondozo|spe|1\n|move|p1b: Chi-Yu|Heat Wave|p2b: Tatsugiri|[spread] p2a\n|-miss|p1b: Chi-Yu|p2b: Tatsugiri\n|-resisted|p2a: Dondozo\n|-damage|p2a: Dondozo|77\/100\n|-status|p2a: Dondozo|brn\n|move|p2a: Dondozo|Earthquake|p1a: Flutter Mane|[spread] p1a,p1b\n|-miss|p2a: Dondozo|p2b: Tatsugiri\n|-damage|p1a: Flutter Mane|79\/100\n|-damage|p1b: Chi-Yu|82\/100\n|\n|-heal|p1a: Flutter Mane|85\/100|[from] Grassy Terrain\n|-heal|p1b: Chi-Yu|88\/100|[from] Grassy Terrain\n|-heal|p2b: Tatsugiri|78\/100 tox|[from] Grassy Terrain\n|-heal|p2a: Dondozo|83\/100 brn|[from] Grassy Terrain\n|-heal|p2a: Dondozo|89\/100 brn|[from] item: Leftovers\n|-damage|p2b: Tatsugiri|73\/100 tox|[from] psn\n|-damage|p2a: Dondozo|83\/100 brn|[from] brn\n|upkeep\n|turn|4\n|inactive|Mortipherus has 30 seconds left.\n|inactive|socpheyt1 has 30 seconds left.\n|inactive|socpheyt1 has 20 seconds left.\n|inactive|socpheyt1 has 15 seconds left.\n|inactive|socpheyt1 has 10 seconds left.\n|inactive|socpheyt1 has 5 seconds left.\n|\n|t:|1699683614\n|switch|p1b: Zapdos|Zapdos-Galar, L50|100\/100\n|move|p1a: Flutter Mane|Moonblast|p2a: Dondozo\n|-damage|p2a: Dondozo|58\/100 brn\n|-unboost|p2a: Dondozo|spa|1\n|move|p2a: Dondozo|Earthquake|p1a: Flutter Mane|[spread] p1a\n|-miss|p2a: Dondozo|p2b: Tatsugiri\n|-immune|p1b: Zapdos\n|-damage|p1a: Flutter Mane|64\/100\n|\n|-heal|p1a: Flutter Mane|70\/100|[from] Grassy Terrain\n|-heal|p2b: Tatsugiri|78\/100 tox|[from] Grassy Terrain\n|-heal|p2a: Dondozo|65\/100 brn|[from] Grassy Terrain\n|-heal|p2a: Dondozo|71\/100 brn|[from] item: Leftovers\n|-damage|p2b: Tatsugiri|67\/100 tox|[from] psn\n|-damage|p2a: Dondozo|65\/100 brn|[from] brn\n|upkeep\n|turn|5\n|inactive|socpheyt1 has 30 seconds left.\n|inactive|socpheyt1 has 20 seconds left.\n|inactive|socpheyt1 has 15 seconds left.\n|inactive|socpheyt1 has 10 seconds left.\n|inactive|socpheyt1 has 5 seconds left.\n|\n|t:|1699683669\n|move|p1a: Flutter Mane|Protect|p1a: Flutter Mane\n|-singleturn|p1a: Flutter Mane|Protect\n|move|p1b: Zapdos|Thunderous Kick|p2a: Dondozo\n|-damage|p2a: Dondozo|51\/100 brn\n|-unboost|p2a: Dondozo|def|1\n|move|p2a: Dondozo|Earthquake|p1a: Flutter Mane|[spread] \n|-miss|p2a: Dondozo|p2b: Tatsugiri\n|-activate|p1a: Flutter Mane|move: Protect\n|-immune|p1b: Zapdos\n|\n|-heal|p1a: Flutter Mane|76\/100|[from] Grassy Terrain\n|-heal|p2b: Tatsugiri|73\/100 tox|[from] Grassy Terrain\n|-heal|p2a: Dondozo|58\/100 brn|[from] Grassy Terrain\n|-heal|p2a: Dondozo|64\/100 brn|[from] item: Leftovers\n|-damage|p2b: Tatsugiri|56\/100 tox|[from] psn\n|-damage|p2a: Dondozo|58\/100 brn|[from] brn\n|-fieldend|move: Grassy Terrain\n|upkeep\n|turn|6\n|inactive|socpheyt1 has 30 seconds left.\n|inactive|socpheyt1 has 20 seconds left.\n|inactive|socpheyt1 has 15 seconds left.\n|inactive|socpheyt1 has 10 seconds left.\n|inactive|socpheyt1 has 5 seconds left.\n|\n|t:|1699683724\n|move|p1a: Flutter Mane|Moonblast|p2a: Dondozo\n|-damage|p2a: Dondozo|32\/100 brn\n|-unboost|p2a: Dondozo|spa|1\n|move|p1b: Zapdos|Thunderous Kick|p2a: Dondozo\n|-damage|p2a: Dondozo|13\/100 brn\n|-unboost|p2a: Dondozo|def|1\n|move|p2a: Dondozo|Earthquake|p1a: Flutter Mane|[spread] p1a\n|-miss|p2a: Dondozo|p2b: Tatsugiri\n|-immune|p1b: Zapdos\n|-damage|p1a: Flutter Mane|30\/100\n|\n|-heal|p2a: Dondozo|19\/100 brn|[from] item: Leftovers\n|-damage|p2b: Tatsugiri|33\/100 tox|[from] psn\n|-damage|p2a: Dondozo|13\/100 brn|[from] brn\n|upkeep\n|turn|7\n|inactive|socpheyt1 has 30 seconds left.\n|inactive|socpheyt1 has 20 seconds left.\n|inactive|socpheyt1 has 15 seconds left.\n|inactive|socpheyt1 has 10 seconds left.\n|inactive|socpheyt1 has 5 seconds left.\n|\n|t:|1699683779\n|move|p1a: Flutter Mane|Protect|p1a: Flutter Mane\n|-singleturn|p1a: Flutter Mane|Protect\n|move|p1b: Zapdos|Thunderous Kick|p2a: Dondozo\n|-damage|p2a: Dondozo|0 fnt\n|faint|p2a: Dondozo\n|\n|-damage|p2b: Tatsugiri|5\/100 tox|[from] psn\n|upkeep\n|turn|8\n|inactive|socpheyt1 has 30 seconds left.\n|inactive|socpheyt1 has 20 seconds left.\n|inactive|socpheyt1 has 15 seconds left.\n|inactive|socpheyt1 has 10 seconds left.\n|inactive|socpheyt1 has 5 seconds left.\n|\n|t:|1699683834\n|move|p2b: Tatsugiri|Endure|p2b: Tatsugiri\n|-singleturn|p2b: Tatsugiri|move: Endure\n|move|p1a: Flutter Mane|Moonblast|p2b: Tatsugiri\n|-supereffective|p2b: Tatsugiri\n|-activate|p2b: Tatsugiri|move: Endure\n|-damage|p2b: Tatsugiri|1\/100 tox\n|move|p1b: Zapdos|Thunderous Kick|p2b: Tatsugiri\n|-activate|p2b: Tatsugiri|move: Endure\n|-damage|p2b: Tatsugiri|1\/100 tox\n|-unboost|p2b: Tatsugiri|def|1\n|\n|-damage|p2b: Tatsugiri|0 fnt|[from] psn\n|faint|p2b: Tatsugiri\n|\n|win|Mortipherus\n|upkeep\n|inactive|socpheyt1 has 10 seconds left this turn.\n|raw|Mortipherus's rating: 1140 &rarr; <strong>1170<\/strong><br \/>(+30 for winning)\n|raw|socpheyt1's rating: 1213 &rarr; <strong>1183<\/strong><br \/>(-30 for losing)\n","uploadtime":1699683851,"views":15,"p1id":"mortipherus","p2id":"socpheyt1","formatid":"gen9vgc2023regulatione","rating":1170,"private":0,"password":""}