{"id":"gen9vgc2023regulatione-1989154244","p1":"Granny Pie","p2":"ToastedArt","format":"[Gen 9] VGC 2023 Regulation E","log":"|j|\u2606Granny Pie\n|j|\u2606ToastedArt\n|n|\u2606Granny Pie|grannypie\n|n|\u2606ToastedArt|toastedart\n|html|View the match progress at <a href=\"\/game-bestof3-gen9vgc2023regulatione-1989154243\">game-bestof3-gen9vgc2023regulatione-1989154243<\/a>\n|t:|1699817990\n|gametype|doubles\n|player|p1|Granny Pie|zinnia|\n|player|p2|ToastedArt|iris|\n|teamsize|p1|6\n|teamsize|p2|6\n|gen|9\n|tier|[Gen 9] VGC 2023 Regulation E\n|rule|Species Clause: Limit one of each Pok\u00e9mon\n|rule|Item Clause: Limit one of each item\n|clearpoke\n|poke|p1|Snorlax, L50, M|\n|poke|p1|Sinistcha, L50|\n|poke|p1|Landorus-Therian, L50, M|\n|poke|p1|Iron Hands, L50|\n|poke|p1|Clefairy, L50, F|\n|poke|p1|Kommo-o, L50, F|\n|poke|p2|Weezing, L50, M|\n|poke|p2|Landorus-Therian, L50, M|\n|poke|p2|Ogerpon, L50, F|\n|poke|p2|Roaring Moon, L50|\n|poke|p2|Gholdengo, L50|\n|poke|p2|Iron Hands, L50|\n|teampreview|4\nToastedArt has agreed to open team sheets.\nGranny Pie has agreed to open team sheets.\n|showteam|p1|Snorlax||SitrusBerry|ThickFat|BellyDrum,Protect,Facade,HighHorsepower|||M|||50|,,,,,Water]Sinistcha||MentalHerb|Hospitality|MatchaGotcha,RagePowder,StrengthSap,TrickRoom||||||50|,,,,,Fire]Landorus-Therian||ChoiceScarf|Intimidate|Uturn,StompingTantrum,RockSlide,TeraBlast|||M|||50|,,,,,Flying]Iron Hands||AssaultVest|QuarkDrive|FakeOut,DrainPunch,WildCharge,HeavySlam||||||50|,,,,,Water]Clefairy||Eviolite|FriendGuard|HelpingHand,FollowMe,HealPulse,Protect|||F|||50|,,,,,Grass]Kommo-o||ThroatSpray|Bulletproof|ClangorousSoul,ClangingScales,FlashCannon,Protect|||F|||50|,,,,,Steel\n|showteam|p2|Weezing||SitrusBerry|NeutralizingGas|GunkShot,WillOWisp,ClearSmog,Protect|||M|||50|,,,,,Grass]Landorus-Therian||AbilityShield|Intimidate|StompingTantrum,TeraBlast,Uturn,RockSlide|||M|||50|,,,,,Flying]Ogerpon||RazorClaw|Defiant|IvyCudgel,SpikyShield,StompingTantrum,SwordsDance|||F|||50|,,,,,Grass]Roaring Moon||BoosterEnergy|Protosynthesis|KnockOff,BreakingSwipe,Tailwind,Protect||||||50|,,,,,Poison]Gholdengo||LifeOrb|GoodasGold|MakeItRain,ShadowBall,NastyPlot,Protect||||||50|,,,,,Water]Iron Hands||AssaultVest|QuarkDrive|WildCharge,DrainPunch,HeavySlam,FakeOut||||||50|,,,,,Fire\n|\n|t:|1699818058\n|start\n|switch|p1a: Cat of Health|Landorus-Therian, L50, M|100\/100\n|switch|p1b: Dancing Queen|Kommo-o, L50, F|100\/100\n|switch|p2a: Gholdengo|Gholdengo, L50|100\/100\n|switch|p2b: Iron Hands|Iron Hands, L50|100\/100\n|-ability|p1a: Cat of Health|Intimidate|boost\n|-unboost|p2a: Gholdengo|atk|1\n|-unboost|p2b: Iron Hands|atk|1\n|turn|1\n|\n|t:|1699818085\n|-terastallize|p1b: Dancing Queen|Steel\n|-terastallize|p2a: Gholdengo|Water\n|move|p2b: Iron Hands|Fake Out|p1a: Cat of Health\n|-crit|p1a: Cat of Health\n|-damage|p1a: Cat of Health|77\/100\n|cant|p1a: Cat of Health|flinch\n|move|p1b: Dancing Queen|Clangorous Soul|p1b: Dancing Queen\n|-boost|p1b: Dancing Queen|atk|1\n|-boost|p1b: Dancing Queen|def|1\n|-boost|p1b: Dancing Queen|spa|1\n|-boost|p1b: Dancing Queen|spd|1\n|-boost|p1b: Dancing Queen|spe|1\n|-damage|p1b: Dancing Queen|68\/100\n|-enditem|p1b: Dancing Queen|Throat Spray\n|-boost|p1b: Dancing Queen|spa|1|[from] item: Throat Spray\n|move|p2a: Gholdengo|Nasty Plot|p2a: Gholdengo\n|-boost|p2a: Gholdengo|spa|2\n|\n|upkeep\n|turn|2\n|\n|t:|1699818123\n|move|p2a: Gholdengo|Protect|p2a: Gholdengo\n|-singleturn|p2a: Gholdengo|Protect\n|move|p1a: Cat of Health|Stomping Tantrum|p2b: Iron Hands\n|-supereffective|p2b: Iron Hands\n|-damage|p2b: Iron Hands|0 fnt\n|faint|p2b: Iron Hands\n|-end|p2b: Iron Hands|Quark Drive|[silent]\n|move|p1b: Dancing Queen|Clanging Scales|p2a: Gholdengo\n|-activate|p2a: Gholdengo|move: Protect\n|\n|upkeep\n|c|\u2606ToastedArt|ONE SHOT\n|\n|t:|1699818133\n|switch|p2b: Thomas Jefferson|Landorus-Therian, L50, M|100\/100\n|-ability|p2b: Thomas Jefferson|Intimidate|boost\n|-unboost|p1a: Cat of Health|atk|1\n|-unboost|p1b: Dancing Queen|atk|1\n|turn|3\n|c|\u2606Granny Pie|Yea the flinch doubles the power\n|c|\u2606ToastedArt|OH SHIT\n|\n|t:|1699818158\n|switch|p1a: Ho-kago Tea Time|Sinistcha, L50|100\/100\n|-heal|p1b: Dancing Queen|93\/100|[from] ability: Hospitality|[of] p1a: Ho-kago Tea Time\n|move|p1b: Dancing Queen|Clanging Scales|p2b: Thomas Jefferson|[spread] p2a,p2b\n|-damage|p2a: Gholdengo|40\/100\n|-damage|p2b: Thomas Jefferson|21\/100\n|-unboost|p1b: Dancing Queen|def|1\n|move|p2b: Thomas Jefferson|Stomping Tantrum|p1b: Dancing Queen\n|-supereffective|p1b: Dancing Queen\n|-damage|p1b: Dancing Queen|18\/100\n|move|p2a: Gholdengo|Shadow Ball|p1b: Dancing Queen\n|-immune|p1b: Dancing Queen|[from] ability: Bulletproof\n|\n|upkeep\n|turn|4\n|c|\u2606ToastedArt|kms\n|c|\u2606Granny Pie|Brub\n|\n|t:|1699818179\n|move|p2a: Gholdengo|Protect|p2a: Gholdengo\n|-singleturn|p2a: Gholdengo|Protect\n|move|p1a: Ho-kago Tea Time|Rage Powder|p1a: Ho-kago Tea Time\n|-singleturn|p1a: Ho-kago Tea Time|move: Rage Powder\n|move|p1b: Dancing Queen|Clanging Scales|p2b: Thomas Jefferson|[spread] p2b\n|-activate|p2a: Gholdengo|move: Protect\n|-damage|p2b: Thomas Jefferson|0 fnt\n|faint|p2b: Thomas Jefferson\n|-unboost|p1b: Dancing Queen|def|1\n|\n|upkeep\n|\n|t:|1699818189\n|switch|p2b: Weezing|Weezing, L50, M|100\/100\n|-ability|p2b: Weezing|Neutralizing Gas\n|turn|5\n|\n|t:|1699818199\n|move|p1b: Dancing Queen|Clanging Scales|p2b: Weezing|[spread] p2a,p2b\n|-damage|p2a: Gholdengo|0 fnt\n|-damage|p2b: Weezing|24\/100\n|-enditem|p2b: Weezing|Sitrus Berry|[eat]\n|-heal|p2b: Weezing|49\/100|[from] item: Sitrus Berry\n|faint|p2a: Gholdengo\n|-unboost|p1b: Dancing Queen|def|1\n|move|p1a: Ho-kago Tea Time|Matcha Gotcha|p2b: Weezing\n|-resisted|p2b: Weezing\n|-damage|p2b: Weezing|31\/100\n|move|p2b: Weezing|Gunk Shot|p1a: Ho-kago Tea Time\n|-damage|p1a: Ho-kago Tea Time|65\/100\n|\n|upkeep\n|turn|6\n|-message|ToastedArt forfeited.\n|\n|win|Granny Pie\n|l|\u2606ToastedArt\n|c|&|\/uhtml prompt-toastedart,ToastedArt is ready for game 2!\n","uploadtime":1699818225,"views":8,"p1id":"grannypie","p2id":"toastedart","formatid":"gen9vgc2023regulatione","rating":0,"private":0,"password":""}