{"id":"gen9vgc2023regulatione-1998992570","p1":"jayballester","p2":"MunchVGC","format":"[Gen 9] VGC 2023 Regulation E","log":"|j|\u2606jayballester\n|j|\u2606MunchVGC\n|n|\u2606jayballester|jayballester\n|n|\u2606MunchVGC|munchvgc\n|html|View the match progress at <a href=\"\/game-bestof3-gen9vgc2023regulatione-1998988686\">game-bestof3-gen9vgc2023regulatione-1998988686<\/a>\n|t:|1701021644\n|gametype|doubles\n|player|p1|jayballester|brycenman|\n|player|p2|MunchVGC|ingo|\n|teamsize|p1|6\n|teamsize|p2|6\n|gen|9\n|tier|[Gen 9] VGC 2023 Regulation E\n|rule|Species Clause: Limit one of each Pok\u00e9mon\n|rule|Item Clause: Limit one of each item\n|clearpoke\n|poke|p1|Chien-Pao, L50|\n|poke|p1|Empoleon, L50, F|\n|poke|p1|Haunter, L50, F|\n|poke|p1|Medicham, L50, M|\n|poke|p1|Arcanine-Hisui, L50, F|\n|poke|p1|Noivern, L50, F|\n|poke|p2|Snorlax, L50, M|\n|poke|p2|Clefairy, L50, F|\n|poke|p2|Gyarados, L50, F|\n|poke|p2|Bronzong, L50|\n|poke|p2|Avalugg-Hisui, L50, M|\n|poke|p2|Raichu, L50, M|\n|teampreview|4\n|inactive|Battle timer is ON: inactive players will automatically lose when time's up. (requested by MunchVGC)\n|c|\u2606MunchVGC|g2\n|j| Lux2821\n|c|\u2606MunchVGC|glhf\n|j| Jstardude\n|c|\u2606jayballester|u2\n|j| austinerzs\n|l| austinerzs\n|inactive|jayballester has 60 seconds left.\n|inactive|MunchVGC has 60 seconds left.\n|\n|t:|1701021684\n|start\n|switch|p1a: Haunter|Haunter, L50, F|100\/100\n|switch|p1b: Arcanine|Arcanine-Hisui, L50, F|100\/100\n|switch|p2a: Gyara ara|Gyarados, L50, F, shiny|100\/100\n|switch|p2b: rat|Raichu, L50, M|100\/100\n|-ability|p1b: Arcanine|Intimidate|boost\n|-unboost|p2a: Gyara ara|atk|1\n|-unboost|p2b: rat|atk|1\n|-ability|p2a: Gyara ara|Intimidate|boost\n|-unboost|p1a: Haunter|atk|1\n|-unboost|p1b: Arcanine|atk|1\n|turn|1\n|inactive|jayballester has 30 seconds left.\n|inactiveoff|Battle timer is now OFF.\n|\n|t:|1701021718\n|move|p2b: rat|Fake Out|p1b: Arcanine\n|-resisted|p1b: Arcanine\n|-damage|p1b: Arcanine|97\/100\n|cant|p1b: Arcanine|flinch\n|move|p1a: Haunter|Sludge Bomb|p2b: rat\n|-damage|p2b: rat|32\/100\n|move|p2a: Gyara ara|Dragon Dance|p2a: Gyara ara\n|-boost|p2a: Gyara ara|atk|1\n|-boost|p2a: Gyara ara|spe|1\n|\n|upkeep\n|turn|2\n|\n|t:|1701021738\n|move|p2b: rat|Protect|p2b: rat\n|-singleturn|p2b: rat|Protect\n|move|p1b: Arcanine|Extreme Speed|p2b: rat\n|-activate|p2b: rat|move: Protect\n|move|p2a: Gyara ara|Waterfall|p1b: Arcanine\n|-supereffective|p1b: Arcanine\n|-damage|p1b: Arcanine|0 fnt\n|faint|p1b: Arcanine\n|move|p1a: Haunter|Trick Room|p1a: Haunter\n|-fieldstart|move: Trick Room|[of] p1a: Haunter\n|\n|upkeep\n|j| austinerzs\n|\n|t:|1701021751\n|switch|p1b: Chien-Pao|Chien-Pao, L50|100\/100\n|-ability|p1b: Chien-Pao|Sword of Ruin\n|turn|3\n|c| austinerzs|doubke kick raichu\n|c|\u2606jayballester|who said Chien pao trick room team\n|\n|t:|1701021788\n|switch|p2b: my nama clef|Clefairy, L50, F|100\/100\n|-terastallize|p1b: Chien-Pao|Electric\n|-terastallize|p2a: Gyara ara|Fairy\n|move|p1a: Haunter|Sludge Bomb|p2b: my nama clef\n|-supereffective|p2b: my nama clef\n|-damage|p2b: my nama clef|4\/100\n|move|p1b: Chien-Pao|Tera Blast|p2a: Gyara ara|[anim] Tera Blast Electric\n|-damage|p2a: Gyara ara|47\/100\n|move|p2a: Gyara ara|Tera Blast|p1b: Chien-Pao|[anim] Tera Blast Fairy\n|-damage|p1b: Chien-Pao|42\/100\n|\n|upkeep\n|turn|4\n|j| LackieLackey\n|l| LackieLackey\n|j| Pear456987\n|l| Pear456987\n|\n|t:|1701021841\n|switch|p2b: Hell Bell|Bronzong, L50, shiny|100\/100\n|move|p2a: Gyara ara|Protect|p2a: Gyara ara\n|-singleturn|p2a: Gyara ara|Protect\n|move|p1a: Haunter|Sludge Bomb|p2b: Hell Bell\n|-immune|p2b: Hell Bell\n|move|p1b: Chien-Pao|Ice Spinner|p2a: Gyara ara\n|-activate|p2a: Gyara ara|move: Protect\n|\n|upkeep\n|turn|5\n|l| austinerzs\n|\n|t:|1701021916\n|switch|p2a: my nama clef|Clefairy, L50, F|4\/100\n|move|p1b: Chien-Pao|Sucker Punch|p2b: Hell Bell\n|-supereffective|p2b: Hell Bell\n|-damage|p2b: Hell Bell|52\/100\n|move|p2b: Hell Bell|Body Press|p1b: Chien-Pao\n|-damage|p1b: Chien-Pao|6\/100\n|move|p1a: Haunter|Sludge Bomb|p2a: my nama clef\n|-supereffective|p2a: my nama clef\n|-damage|p2a: my nama clef|0 fnt\n|faint|p2a: my nama clef\n|\n|upkeep\n|\n|t:|1701021930\n|switch|p2a: rat|Raichu, L50, M|32\/100\n|turn|6\n|\n|t:|1701021941\n|switch|p2b: Gyara ara|Gyarados, L50, F, shiny, tera:Fairy|47\/100\n|-ability|p2b: Gyara ara|Intimidate|boost\n|-unboost|p1a: Haunter|atk|1\n|-unboost|p1b: Chien-Pao|atk|1\n|move|p2a: rat|Fake Out|p1b: Chien-Pao\n|-damage|p1b: Chien-Pao|0 fnt\n|faint|p1b: Chien-Pao\n|move|p1a: Haunter|Sludge Bomb|p2a: rat\n|-crit|p2a: rat\n|-damage|p2a: rat|0 fnt\n|faint|p2a: rat\n|\n|-fieldend|move: Trick Room\n|upkeep\n|\n|t:|1701021948\n|switch|p1b: Medicham|Medicham, L50, M|100\/100\n|switch|p2a: Hell Bell|Bronzong, L50, shiny|52\/100\n|turn|7\n|j| austinerzs\n|\n|t:|1701021960\n|move|p2b: Gyara ara|Protect|p2b: Gyara ara\n|-singleturn|p2b: Gyara ara|Protect\n|move|p1b: Medicham|Fake Out|p2a: Hell Bell\n|-resisted|p2a: Hell Bell\n|-damage|p2a: Hell Bell|46\/100\n|move|p1a: Haunter|Sludge Bomb|p2b: Gyara ara\n|-activate|p2b: Gyara ara|move: Protect\n|cant|p2a: Hell Bell|flinch\n|\n|upkeep\n|turn|8\n|c|\u2606MunchVGC|gg\n|c|\u2606MunchVGC|i played horrendously\n|\n|t:|1701022000\n|move|p2a: Hell Bell|Protect|p2a: Hell Bell\n|-singleturn|p2a: Hell Bell|Protect\n|move|p1a: Haunter|Sludge Bomb|p2b: Gyara ara\n|-supereffective|p2b: Gyara ara\n|-damage|p2b: Gyara ara|0 fnt\n|faint|p2b: Gyara ara\n|move|p1b: Medicham|Close Combat|p2a: Hell Bell\n|-activate|p2a: Hell Bell|move: Protect\n|\n|upkeep\n|turn|9\n|l| austinerzs\n|\n|t:|1701022013\n|move|p1a: Haunter|Imprison|p1a: Haunter\n|-start|p1a: Haunter|move: Imprison\n|move|p1b: Medicham|Close Combat|p2a: Hell Bell\n|-crit|p2a: Hell Bell\n|-damage|p2a: Hell Bell|0 fnt\n|-unboost|p1b: Medicham|def|1\n|-unboost|p1b: Medicham|spd|1\n|faint|p2a: Hell Bell\n|\n|win|jayballester\n|c|\u2606jayballester|gg\n|l| Lux2821\n|l| Jstardude\n|l|\u2606MunchVGC\n","uploadtime":1701022022,"views":31,"p1id":"jayballester","p2id":"munchvgc","formatid":"gen9vgc2023regulatione","rating":0,"private":0,"password":""}