{"id":"gen9vgc2023regulatione-1992193515","p1":"Maggolando","p2":"Zanyruki","format":"[Gen 9] VGC 2023 Regulation E","log":"|j|\u2606Maggolando\n|j|\u2606Zanyruki\n|t:|1700162741\n|gametype|doubles\n|player|p1|Maggolando|265|1049\n|player|p2|Zanyruki|265|1079\n|teamsize|p1|6\n|teamsize|p2|6\n|gen|9\n|tier|[Gen 9] VGC 2023 Regulation E\n|rated|\n|rule|Species Clause: Limit one of each Pok\u00e9mon\n|rule|Item Clause: Limit one of each item\n|clearpoke\n|poke|p1|Landorus-Therian, L50, M|\n|poke|p1|Ogerpon-Wellspring, L50, F|\n|poke|p1|Heatran, L50, M|\n|poke|p1|Flutter Mane, L50|\n|poke|p1|Iron Hands, L50|\n|poke|p1|Urshifu-*, L50, F|\n|poke|p2|Ninetales-Alola, L50, F|\n|poke|p2|Cresselia, L50, F|\n|poke|p2|Urshifu-*, L50, M|\n|poke|p2|Arcanine-Hisui, L50, M|\n|poke|p2|Rillaboom, L50, F|\n|poke|p2|Tsareena, L50, F|\n|teampreview|4\nMaggolando rejected open team sheets.\n|\n|t:|1700162780\n|start\n|switch|p1a: Iron Hands|Iron Hands, L50|100\/100\n|switch|p1b: Heatran|Heatran, L50, M|100\/100\n|switch|p2a: Ninetales|Ninetales-Alola, L50, F|100\/100\n|switch|p2b: Rillaboom|Rillaboom, L50, F|100\/100\n|-weather|Snow|[from] ability: Snow Warning|[of] p2a: Ninetales\n|-fieldstart|move: Grassy Terrain|[from] ability: Grassy Surge|[of] p2b: Rillaboom\n|turn|1\n|\n|t:|1700162797\n|move|p2b: Rillaboom|Fake Out|p1a: Iron Hands\n|-damage|p1a: Iron Hands|91\/100\n|cant|p1a: Iron Hands|flinch\n|move|p2a: Ninetales|Aurora Veil|p2a: Ninetales\n|-sidestart|p2: Zanyruki|move: Aurora Veil\n|move|p1b: Heatran|Heat Wave|p2b: Rillaboom|[spread] p2a,p2b\n|-supereffective|p2a: Ninetales\n|-crit|p2a: Ninetales\n|-supereffective|p2b: Rillaboom\n|-damage|p2a: Ninetales|0 fnt\n|-damage|p2b: Rillaboom|23\/100\n|-status|p2b: Rillaboom|brn\n|faint|p2a: Ninetales\n|-damage|p1b: Heatran|91\/100|[from] item: Life Orb\n|\n|-weather|Snow|[upkeep]\n|-heal|p2b: Rillaboom|29\/100 brn|[from] Grassy Terrain\n|-heal|p1b: Heatran|97\/100|[from] Grassy Terrain\n|-heal|p1a: Iron Hands|97\/100|[from] Grassy Terrain\n|-damage|p2b: Rillaboom|23\/100 brn|[from] brn\n|upkeep\n|inactive|Battle timer is ON: inactive players will automatically lose when time's up. (requested by Maggolando)\n|\n|t:|1700162826\n|switch|p2a: Arcanine|Arcanine-Hisui, L50, M|100\/100\n|-ability|p2a: Arcanine|Intimidate|boost\n|-unboost|p1a: Iron Hands|atk|1\n|-unboost|p1b: Heatran|atk|1\n|turn|2\n|inactive|Zanyruki has 30 seconds left.\n|\n|t:|1700162853\n|move|p2a: Arcanine|Flare Blitz|p1a: Iron Hands\n|-damage|p1a: Iron Hands|30\/100\n|-damage|p2a: Arcanine|74\/100|[from] Recoil\n|move|p2b: Rillaboom|High Horsepower|p1b: Heatran\n|-supereffective|p1b: Heatran\n|-damage|p1b: Heatran|40\/100\n|move|p1b: Heatran|Earth Power|p2a: Arcanine\n|-supereffective|p2a: Arcanine\n|-damage|p2a: Arcanine|0 fnt\n|faint|p2a: Arcanine\n|-damage|p1b: Heatran|31\/100|[from] item: Life Orb\n|move|p1a: Iron Hands|Drain Punch|p2b: Rillaboom\n|-damage|p2b: Rillaboom|4\/100 brn\n|-heal|p1a: Iron Hands|38\/100|[from] drain|[of] p2b: Rillaboom\n|\n|-weather|Snow|[upkeep]\n|-heal|p2b: Rillaboom|10\/100 brn|[from] Grassy Terrain\n|-heal|p1b: Heatran|37\/100|[from] Grassy Terrain\n|-heal|p1a: Iron Hands|44\/100|[from] Grassy Terrain\n|-damage|p2b: Rillaboom|4\/100 brn|[from] brn\n|upkeep\n|\n|t:|1700162873\n|switch|p2a: Urshifu|Urshifu-Rapid-Strike, L50, M|100\/100\n|turn|3\n|inactive|Zanyruki has 30 seconds left.\n|inactive|Zanyruki has 20 seconds left.\n|\n|t:|1700162909\n|move|p2b: Rillaboom|Protect|p2b: Rillaboom\n|-singleturn|p2b: Rillaboom|Protect\n|move|p2a: Urshifu|Surging Strikes|p1a: Iron Hands\n|-crit|p1a: Iron Hands\n|-damage|p1a: Iron Hands|29\/100\n|-crit|p1a: Iron Hands\n|-damage|p1a: Iron Hands|12\/100\n|-crit|p1a: Iron Hands\n|-damage|p1a: Iron Hands|0 fnt\n|faint|p1a: Iron Hands\n|-end|p1a: Iron Hands|Quark Drive|[silent]\n|-hitcount|p1: Iron Hands|3\n|move|p1b: Heatran|Heat Wave|p2b: Rillaboom|[spread] p2a\n|-activate|p2b: Rillaboom|move: Protect\n|-resisted|p2a: Urshifu\n|-damage|p2a: Urshifu|76\/100\n|-damage|p1b: Heatran|27\/100|[from] item: Life Orb\n|\n|-weather|Snow|[upkeep]\n|-heal|p2a: Urshifu|82\/100|[from] Grassy Terrain\n|-heal|p2b: Rillaboom|10\/100 brn|[from] Grassy Terrain\n|-heal|p1b: Heatran|33\/100|[from] Grassy Terrain\n|-damage|p2b: Rillaboom|4\/100 brn|[from] brn\n|upkeep\n|\n|t:|1700162928\n|switch|p1a: Landorus|Landorus-Therian, L50, M|100\/100\n|-ability|p1a: Landorus|Intimidate|boost\n|-unboost|p2a: Urshifu|atk|1\n|-fail|p2b: Rillaboom|unboost|[from] item: Clear Amulet|[of] p2b: Rillaboom\n|turn|4\n|\n|t:|1700162939\n|move|p2a: Urshifu|Surging Strikes|p1a: Landorus\n|-supereffective|p1a: Landorus\n|-crit|p1a: Landorus\n|-damage|p1a: Landorus|57\/100\n|-supereffective|p1a: Landorus\n|-crit|p1a: Landorus\n|-damage|p1a: Landorus|12\/100\n|-supereffective|p1a: Landorus\n|-crit|p1a: Landorus\n|-damage|p1a: Landorus|0 fnt\n|faint|p1a: Landorus\n|-hitcount|p1: Landorus|3\n|move|p2b: Rillaboom|High Horsepower|p1b: Heatran\n|-supereffective|p1b: Heatran\n|-damage|p1b: Heatran|0 fnt\n|faint|p1b: Heatran\n|\n|-weather|Snow|[upkeep]\n|-heal|p2a: Urshifu|87\/100|[from] Grassy Terrain\n|-heal|p2b: Rillaboom|10\/100 brn|[from] Grassy Terrain\n|-damage|p2b: Rillaboom|4\/100 brn|[from] brn\n|upkeep\n|\n|t:|1700162961\n|switch|p1a: Urshifu|Urshifu, L50, F|100\/100\n|turn|5\n|\n|t:|1700162977\n|-terastallize|p1a: Urshifu|Dark\n|move|p2b: Rillaboom|Grassy Glide|p1a: Urshifu\n|-damage|p1a: Urshifu|80\/100\n|move|p2a: Urshifu|Surging Strikes|p1a: Urshifu\n|-crit|p1a: Urshifu\n|-damage|p1a: Urshifu|58\/100\n|-crit|p1a: Urshifu\n|-damage|p1a: Urshifu|35\/100\n|-crit|p1a: Urshifu\n|-damage|p1a: Urshifu|11\/100\n|-hitcount|p1a: Urshifu|3\n|move|p1a: Urshifu|Wicked Blow|p2a: Urshifu\n|-resisted|p2a: Urshifu\n|-crit|p2a: Urshifu\n|-damage|p2a: Urshifu|45\/100\n|\n|-weather|none\n|-heal|p2a: Urshifu|51\/100|[from] Grassy Terrain\n|-heal|p1a: Urshifu|17\/100|[from] Grassy Terrain\n|-heal|p2b: Rillaboom|10\/100 brn|[from] Grassy Terrain\n|-damage|p2b: Rillaboom|4\/100 brn|[from] brn\n|-fieldend|move: Grassy Terrain\n|upkeep\n|turn|6\n|-message|Maggolando forfeited.\n|\n|win|Zanyruki\n|raw|Maggolando's rating: 1049 &rarr; <strong>1033<\/strong><br \/>(-16 for losing)\n|raw|Zanyruki's rating: 1079 &rarr; <strong>1105<\/strong><br \/>(+26 for winning)\n|l|\u2606Maggolando\n","uploadtime":1700163001,"views":12,"p1id":"maggolando","p2id":"zanyruki","formatid":"gen9vgc2023regulatione","rating":1033,"private":0,"password":""}