{"id":"gen9vgc2023regulatione-1988955505","p1":"WickedCheeseTouch","p2":"Gungelix","format":"[Gen 9] VGC 2023 Regulation E","log":"|j|\u2606WickedCheeseTouch\n|j|\u2606Gungelix\n|n|\u2606WickedCheeseTouch|wickedcheesetouch\n|n|\u2606Gungelix|gungelix\n|html|View the match progress at <a href=\"\/game-bestof3-gen9vgc2023regulatione-1988955504\">game-bestof3-gen9vgc2023regulatione-1988955504<\/a>\n|t:|1699794107\n|gametype|doubles\n|player|p1|WickedCheeseTouch|lucas|\n|player|p2|Gungelix|veteran|\n|teamsize|p1|6\n|teamsize|p2|6\n|gen|9\n|tier|[Gen 9] VGC 2023 Regulation E\n|rated|Tournament battle\n|rule|Species Clause: Limit one of each Pok\u00e9mon\n|rule|Item Clause: Limit one of each item\n|clearpoke\n|poke|p1|Roaring Moon, L50|\n|poke|p1|Heatran, L50, M|\n|poke|p1|Amoonguss, L50, F|\n|poke|p1|Flutter Mane, L50|\n|poke|p1|Iron Hands, L50|\n|poke|p1|Landorus-Therian, L50, M|\n|poke|p2|Dragonite, L50, F|\n|poke|p2|Tornadus, L50, M|\n|poke|p2|Chien-Pao, L50|\n|poke|p2|Urshifu-*, L50, M|\n|poke|p2|Flutter Mane, L50|\n|poke|p2|Iron Hands, L50|\n|teampreview|4\n|showteam|p1|Roaring Moon||BoosterEnergy|Protosynthesis|KnockOff,Acrobatics,DragonDance,Protect||||||50|,,,,,Flying]Heatran||ShucaBerry|FlashFire|HeatWave,FlashCannon,EarthPower,Protect|||M|||50|,,,,,Fairy]Amoonguss||SitrusBerry|Regenerator|Spore,RagePowder,PollenPuff,Protect|||F|||50|,,,,,Water]Flutter Mane||ChoiceSpecs|Protosynthesis|Moonblast,DazzlingGleam,ShadowBall,PerishSong||||||50|,,,,,Fairy]Iron Hands||AssaultVest|QuarkDrive|FakeOut,DrainPunch,WildCharge,VoltSwitch||||||50|,,,,,Water]Landorus-Therian||ChoiceScarf|Intimidate|StompingTantrum,TeraBlast,RockSlide,Uturn|||M|||50|,,,,,Flying\n|showteam|p2|Dragonite||ChoiceBand|InnerFocus|ExtremeSpeed,StompingTantrum,Outrage,IceSpinner|||F|||50|,,,,,Steel]Tornadus||MentalHerb|Prankster|BleakwindStorm,Tailwind,Taunt,RainDance|||M|||50|,,,,,Ghost]Chien-Pao||FocusSash|SwordofRuin|IceSpinner,SuckerPunch,SacredSword,Protect||||||50|,,,,,Ghost]Urshifu-Rapid-Strike||MysticWater|UnseenFist|SurgingStrikes,AquaJet,CloseCombat,Protect|||M|||50|,,,,,Water]Flutter Mane||BoosterEnergy|Protosynthesis|IcyWind,DazzlingGleam,ShadowBall,Protect||||||50|,,,,,Fairy]Iron Hands||AssaultVest|QuarkDrive|WildCharge,DrainPunch,FakeOut,HeavySlam||||||50|,,,,,Normal\n|j| ihopeafairmatch\n|c| ihopeafairmatch|The cheese tax the cheese tax\n|inactive|Battle timer is ON: inactive players will automatically lose when time's up. (requested by Gungelix)\n|\n|t:|1699794149\n|start\n|switch|p1a: Flutter Mane|Flutter Mane, L50|100\/100\n|switch|p1b: Amoonguss|Amoonguss, L50, F, shiny|100\/100\n|switch|p2a: Tornadus|Tornadus, L50, M|100\/100\n|switch|p2b: Dragonite|Dragonite, L50, F|100\/100\n|turn|1\n|inactive|WickedCheeseTouch has 30 seconds left.\n|\n|t:|1699794175\n|-terastallize|p2b: Dragonite|Steel\n|move|p2a: Tornadus|Tailwind|p2a: Tornadus\n|-sidestart|p2: Gungelix|move: Tailwind\n|move|p2b: Dragonite|Ice Spinner|p1b: Amoonguss\n|-supereffective|p1b: Amoonguss\n|-damage|p1b: Amoonguss|36\/100\n|-enditem|p1b: Amoonguss|Sitrus Berry|[eat]\n|-heal|p1b: Amoonguss|60\/100|[from] item: Sitrus Berry\n|move|p1a: Flutter Mane|Dazzling Gleam|p2a: Tornadus|[spread] p2a,p2b\n|-resisted|p2b: Dragonite\n|-damage|p2a: Tornadus|62\/100\n|-damage|p2b: Dragonite|82\/100\n|move|p1b: Amoonguss|Spore|p2b: Dragonite\n|-status|p2b: Dragonite|slp|[from] move: Spore\n|\n|upkeep\n|turn|2\n|\n|t:|1699794191\n|switch|p1b: Iron Hands|Iron Hands, L50, shiny|100\/100\n|move|p2a: Tornadus|Bleakwind Storm|p1a: Flutter Mane|[spread] p1a,p1b\n|-damage|p1a: Flutter Mane|66\/100\n|-damage|p1b: Iron Hands|80\/100\n|-unboost|p1a: Flutter Mane|spe|1\n|cant|p2b: Dragonite|slp\n|move|p1a: Flutter Mane|Dazzling Gleam|p2a: Tornadus|[spread] p2a,p2b\n|-resisted|p2b: Dragonite\n|-damage|p2a: Tornadus|18\/100\n|-damage|p2b: Dragonite|64\/100 slp\n|\n|upkeep\n|turn|3\n|\n|t:|1699794209\n|switch|p2a: Flutter Mane|Flutter Mane, L50|100\/100\n|-enditem|p2a: Flutter Mane|Booster Energy\n|-activate|p2a: Flutter Mane|ability: Protosynthesis|[fromitem]\n|-start|p2a: Flutter Mane|protosynthesisspa\n|-end|p1a: Flutter Mane|Protosynthesis|[silent]\n|switch|p1a: Heatran|Heatran, L50, M, shiny|100\/100\n|-curestatus|p2b: Dragonite|slp|[msg]\n|move|p2b: Dragonite|Ice Spinner|p1a: Heatran\n|-resisted|p1a: Heatran\n|-damage|p1a: Heatran|90\/100\n|move|p1b: Iron Hands|Volt Switch|p2a: Flutter Mane\n|-damage|p2a: Flutter Mane|88\/100\n|\n|t:|1699794219\n|-end|p1b: Iron Hands|Quark Drive|[silent]\n|switch|p1b: Amoonguss|Amoonguss, L50, F, shiny|94\/100|[from] Volt Switch\n|\n|upkeep\n|turn|4\n|\n|t:|1699794231\n|switch|p2b: Iron Hands|Iron Hands, L50|100\/100\n|move|p2a: Flutter Mane|Protect|p2a: Flutter Mane\n|-singleturn|p2a: Flutter Mane|Protect\n|move|p1b: Amoonguss|Protect|p1b: Amoonguss\n|-singleturn|p1b: Amoonguss|Protect\n|move|p1a: Heatran|Heat Wave|p2a: Flutter Mane|[spread] p2b\n|-activate|p2a: Flutter Mane|move: Protect\n|-damage|p2b: Iron Hands|82\/100\n|\n|-sideend|p2: Gungelix|move: Tailwind\n|upkeep\n|turn|5\n|inactive|WickedCheeseTouch has 30 seconds left.\n|\n|t:|1699794263\n|move|p2a: Flutter Mane|Shadow Ball|p1b: Amoonguss\n|-damage|p1b: Amoonguss|44\/100\n|move|p1a: Heatran|Flash Cannon|p2a: Flutter Mane\n|-supereffective|p2a: Flutter Mane\n|-damage|p2a: Flutter Mane|5\/100\n|move|p2b: Iron Hands|Drain Punch|p1a: Heatran\n|-supereffective|p1a: Heatran\n|-damage|p1a: Heatran|14\/100\n|-heal|p2b: Iron Hands|100\/100|[from] drain|[of] p1a: Heatran\n|move|p1b: Amoonguss|Spore|p2b: Iron Hands\n|-status|p2b: Iron Hands|slp|[from] move: Spore\n|\n|upkeep\n|turn|6\n|\n|t:|1699794282\n|move|p2a: Flutter Mane|Shadow Ball|p1b: Amoonguss\n|-damage|p1b: Amoonguss|0 fnt\n|faint|p1b: Amoonguss\n|move|p1a: Heatran|Heat Wave|p2b: Iron Hands|[spread] p2a,p2b\n|-damage|p2a: Flutter Mane|0 fnt\n|-damage|p2b: Iron Hands|80\/100 slp\n|faint|p2a: Flutter Mane\n|-end|p2a: Flutter Mane|Protosynthesis|[silent]\n|cant|p2b: Iron Hands|slp\n|\n|upkeep\n|\n|t:|1699794297\n|switch|p2a: Tornadus|Tornadus, L50, M|18\/100\n|switch|p1b: Flutter Mane|Flutter Mane, L50|66\/100\n|turn|7\n|\n|t:|1699794310\n|-terastallize|p1b: Flutter Mane|Fairy\n|move|p1b: Flutter Mane|Moonblast|p2b: Iron Hands\n|-supereffective|p2b: Iron Hands\n|-damage|p2b: Iron Hands|0 fnt\n|faint|p2b: Iron Hands\n|-end|p2b: Iron Hands|Quark Drive|[silent]\n|move|p2a: Tornadus|Bleakwind Storm|p1b: Flutter Mane|[spread] p1b\n|-miss|p2a: Tornadus|p1a: Heatran\n|-damage|p1b: Flutter Mane|31\/100\n|move|p1a: Heatran|Flash Cannon|p2a: Tornadus\n|-damage|p2a: Tornadus|0 fnt\n|faint|p2a: Tornadus\n|\n|upkeep\n|\n|t:|1699794324\n|switch|p2b: Dragonite|Dragonite, L50, F, tera:Steel|64\/100\n|turn|8\n|\n|t:|1699794331\n|move|p1b: Flutter Mane|Moonblast|p2b: Dragonite\n|-resisted|p2b: Dragonite\n|-damage|p2b: Dragonite|26\/100\n|move|p1a: Heatran|Earth Power|p2b: Dragonite\n|-supereffective|p2b: Dragonite\n|-damage|p2b: Dragonite|0 fnt\n|faint|p2b: Dragonite\n|\n|win|WickedCheeseTouch\n|c|&|\/uhtml prompt-wickedcheesetouch,WickedCheeseTouch is ready for game 2!\n|l|\u2606Gungelix\n|l|\u2606WickedCheeseTouch\n|c|&|\/uhtml prompt-gungelix,Gungelix is ready for game 2!\nBoth players are ready! Starting next match!\n","uploadtime":1699794626,"views":8,"p1id":"wickedcheesetouch","p2id":"gungelix","formatid":"gen9vgc2023regulatione","rating":0,"private":0,"password":""}