{"id":"gen9vgc2023regulatione-1992952383","p1":"TeamInferno Ted","p2":"Dunnakhiin","format":"[Gen 9] VGC 2023 Regulation E","log":"|j|\u2606TeamInferno Ted\n|j|\u2606Dunnakhiin\n|n|\u2606TeamInferno Ted|teaminfernoted\n|n|\u2606Dunnakhiin|dunnakhiin\n|html|View the match progress at <a href=\"\/game-bestof3-gen9vgc2023regulatione-1992948463\">game-bestof3-gen9vgc2023regulatione-1992948463<\/a>\n|t:|1700249770\n|gametype|doubles\n|player|p1|TeamInferno Ted|pokemaniac|\n|player|p2|Dunnakhiin|266|\n|teamsize|p1|6\n|teamsize|p2|6\n|gen|9\n|tier|[Gen 9] VGC 2023 Regulation E\n|rule|Species Clause: Limit one of each Pok\u00e9mon\n|rule|Item Clause: Limit one of each item\n|clearpoke\n|poke|p1|Dusknoir, L50, M|\n|poke|p1|Glastrier, L50|\n|poke|p1|Weavile, L50, F|\n|poke|p1|Ursaluna-Bloodmoon, L50, M|\n|poke|p1|Masquerain, L50, F|\n|poke|p1|Okidogi, L50, M|\n|poke|p2|Talonflame, L50, M|\n|poke|p2|Urshifu-*, L50, F|\n|poke|p2|Zoroark-Hisui, L50, F|\n|poke|p2|Gholdengo, L50|\n|poke|p2|Persian-Alola, L50, F|\n|poke|p2|Qwilfish-Hisui, L50, F|\n|teampreview|4\n|c|\u2606Dunnakhiin|It was a loss so figured id try take Ursa out, haha\n|c|\u2606TeamInferno Ted|oh xD\n|\n|t:|1700249818\n|start\n|switch|p1a: Dusknoir|Dusknoir, L50, M, shiny|100\/100\n|switch|p1b: Ursaluna|Ursaluna-Bloodmoon, L50, M|100\/100\n|switch|p2a: Talonflame|Talonflame, L50, M|100\/100\n|switch|p2b: Urshifu|Urshifu, L50, F|100\/100\n|-item|p2a: Talonflame|Focus Sash|[from] ability: Frisk|[of] p1a: Dusknoir|[identify]\n|-item|p2b: Urshifu|Choice Specs|[from] ability: Frisk|[of] p1a: Dusknoir|[identify]\n|turn|1\n|c|\u2606TeamInferno Ted|See this is were frisk is so clutch\n|\n|t:|1700249850\n|move|p1a: Dusknoir|Helping Hand|p1b: Ursaluna\n|-singleturn|p1b: Ursaluna|Helping Hand|[of] p1a: Dusknoir\n|move|p2a: Talonflame|Air Slash|p1a: Dusknoir\n|-damage|p1a: Dusknoir|73\/100\n|move|p1b: Ursaluna|Vacuum Wave|p2b: Urshifu\n|-supereffective|p2b: Urshifu\n|-crit|p2b: Urshifu\n|-damage|p2b: Urshifu|0 fnt\n|replace|p2b: Zoroark|Zoroark-Hisui, L50, F\n|-end|p2b: Zoroark|Illusion\n|faint|p2b: Zoroark\n|\n|upkeep\n|c|\u2606Dunnakhiin|Im not sure if the crit mattered there or not\n|c|\u2606TeamInferno Ted|probably not\n|c|\u2606Dunnakhiin|I went for grass knot xD\n|\n|t:|1700249887\n|switch|p2b: Gholdengo|Gholdengo, L50|100\/100\n|turn|2\n|\n|t:|1700249898\n|move|p2b: Gholdengo|Protect|p2b: Gholdengo\n|-singleturn|p2b: Gholdengo|Protect\n|move|p1b: Ursaluna|Protect|p1b: Ursaluna\n|-singleturn|p1b: Ursaluna|Protect\n|move|p2a: Talonflame|Air Slash|p1b: Ursaluna\n|-activate|p1b: Ursaluna|move: Protect\n|move|p1a: Dusknoir|Trick Room|p1a: Dusknoir\n|-fieldstart|move: Trick Room|[of] p1a: Dusknoir\n|\n|upkeep\n|turn|3\n|\n|t:|1700249926\n|move|p1a: Dusknoir|Helping Hand|p1b: Ursaluna\n|-singleturn|p1b: Ursaluna|Helping Hand|[of] p1a: Dusknoir\n|move|p2a: Talonflame|Air Slash|p1b: Ursaluna\n|-damage|p1b: Ursaluna|68\/100\n|move|p1b: Ursaluna|Earth Power|p2b: Gholdengo\n|-supereffective|p2b: Gholdengo\n|-damage|p2b: Gholdengo|0 fnt\n|faint|p2b: Gholdengo\n|\n|upkeep\n|\n|t:|1700249933\n|switch|p2b: Urshifu|Urshifu, L50, F|100\/100\n|turn|4\n|\n|t:|1700249955\n|move|p1a: Dusknoir|Helping Hand|p1b: Ursaluna\n|-singleturn|p1b: Ursaluna|Helping Hand|[of] p1a: Dusknoir\n|move|p2b: Urshifu|Detect|p2b: Urshifu\n|-singleturn|p2b: Urshifu|Protect\n|move|p2a: Talonflame|Air Slash|p1b: Ursaluna\n|-damage|p1b: Ursaluna|38\/100\n|cant|p1b: Ursaluna|flinch\n|\n|upkeep\n|turn|5\n|c|\u2606Dunnakhiin|Of course I get the flinch when i protect, haha\n|\n|t:|1700249982\n|move|p1a: Dusknoir|Helping Hand|p1b: Ursaluna\n|-singleturn|p1b: Ursaluna|Helping Hand|[of] p1a: Dusknoir\n|move|p1b: Ursaluna|Vacuum Wave|p2b: Urshifu\n|-supereffective|p2b: Urshifu\n|-damage|p2b: Urshifu|32\/100\n|move|p2b: Urshifu|Sucker Punch||[still]\n|-fail|p2b: Urshifu\n|move|p2a: Talonflame|Air Slash|p1b: Ursaluna\n|-damage|p1b: Ursaluna|8\/100\n|\n|upkeep\n|turn|6\n|\n|t:|1700249999\n|move|p2b: Urshifu|Detect|p2b: Urshifu\n|-singleturn|p2b: Urshifu|Protect\n|move|p2a: Talonflame|Air Slash|p1b: Ursaluna\n|-damage|p1b: Ursaluna|0 fnt\n|faint|p1b: Ursaluna\n|move|p1a: Dusknoir|Night Shade|p2a: Talonflame\n|-damage|p2a: Talonflame|68\/100\n|\n|-fieldend|move: Trick Room\n|upkeep\n|c|\u2606TeamInferno Ted|How slow is that talon?\n|\n|t:|1700250024\n|switch|p1b: Glastrier|Glastrier, L50|100\/100\n|turn|7\n|c|\u2606Dunnakhiin|Gale wings :P\n|c|\u2606TeamInferno Ted|oh lol thought I had broken it\n|\n|t:|1700250064\n|-terastallize|p1b: Glastrier|Fire\n|move|p1a: Dusknoir|Helping Hand|p1b: Glastrier\n|-singleturn|p1b: Glastrier|Helping Hand|[of] p1a: Dusknoir\n|move|p2a: Talonflame|Air Slash|p1a: Dusknoir\n|-damage|p1a: Dusknoir|47\/100\n|move|p2b: Urshifu|Drain Punch|p1b: Glastrier\n|-damage|p1b: Glastrier|70\/100\n|-heal|p2b: Urshifu|48\/100|[from] drain|[of] p1b: Glastrier\n|move|p1b: Glastrier|Body Press|p2b: Urshifu\n|-supereffective|p2b: Urshifu\n|-damage|p2b: Urshifu|0 fnt\n|faint|p2b: Urshifu\n|-ability|p1b: Glastrier|Chilling Neigh|boost\n|-boost|p1b: Glastrier|atk|1\n|\n|upkeep\n|turn|8\n|c|\u2606Dunnakhiin|I hope youre learning something from this match. Im learning i cant pilot HO for shit xD\n|\n|t:|1700250103\n|move|p2a: Talonflame|Air Slash|p1b: Glastrier\n|-crit|p1b: Glastrier\n|-damage|p1b: Glastrier|36\/100\n|move|p1b: Glastrier|Iron Defense|p1b: Glastrier\n|-boost|p1b: Glastrier|def|2\n|move|p1a: Dusknoir|Trick Room|p1a: Dusknoir\n|-fieldstart|move: Trick Room|[of] p1a: Dusknoir\n|\n|upkeep\n|turn|9\n|c|\u2606TeamInferno Ted|I am lol\n|c|\u2606Dunnakhiin|Good\n|c|\u2606TeamInferno Ted|I know what leads I want\n|\n|t:|1700250126\n|move|p1b: Glastrier|Body Press|p2a: Talonflame\n|-resisted|p2a: Talonflame\n|-damage|p2a: Talonflame|32\/100\n|move|p1a: Dusknoir|Night Shade|p2a: Talonflame\n|-damage|p2a: Talonflame|0 fnt\n|faint|p2a: Talonflame\n|\n|win|TeamInferno Ted\n|c|\u2606TeamInferno Ted|ggs\n|c|\u2606Dunnakhiin|GGs\n","uploadtime":1700250142,"views":9,"p1id":"teaminfernoted","p2id":"dunnakhiin","formatid":"gen9vgc2023regulatione","rating":0,"private":0,"password":""}