{"id":"gen9vgc2023regulatione-1998146014","p1":"luis.hrivera","p2":"Kranor","format":"[Gen 9] VGC 2023 Regulation E","log":"|j|\u2606luis.hrivera\n|j|\u2606Kranor\n|t:|1700900215\n|gametype|doubles\n|player|p1|luis.hrivera|169|1381\n|player|p2|Kranor|blackbelt-gen4dp|1508\n|teamsize|p1|6\n|teamsize|p2|6\n|gen|9\n|tier|[Gen 9] VGC 2023 Regulation E\n|rated|\n|rule|Species Clause: Limit one of each Pok\u00e9mon\n|rule|Item Clause: Limit one of each item\n|clearpoke\n|poke|p1|Urshifu-*, L50, F|\n|poke|p1|Clefable, L50, F|\n|poke|p1|Talonflame, L50, F|\n|poke|p1|Cresselia, L50, F|\n|poke|p1|Iron Hands, L50|\n|poke|p1|Flutter Mane, L50|\n|poke|p2|Iron Hands, L50|\n|poke|p2|Dusclops, L50, F|\n|poke|p2|Ogerpon-Wellspring, L50, F|\n|poke|p2|Ursaluna-Bloodmoon, L50, M|\n|poke|p2|Landorus-Therian, L50, M|\n|poke|p2|Chi-Yu, L50|\n|teampreview|4\nKranor has agreed to open team sheets.\n|inactive|Battle timer is ON: inactive players will automatically lose when time's up. (requested by luis.hrivera)\n|\n|t:|1700900268\n|start\n|switch|p1a: Talonflame|Talonflame, L50, F|100\/100\n|switch|p1b: Flutter Mane|Flutter Mane, L50|100\/100\n|switch|p2a: Handsone|Iron Hands, L50|100\/100\n|switch|p2b: Ops ididitagain|Dusclops, L50, F, shiny|100\/100\n|-ability|p2b: Ops ididitagain|Pressure\n|-enditem|p1b: Flutter Mane|Booster Energy\n|-activate|p1b: Flutter Mane|ability: Protosynthesis|[fromitem]\n|-start|p1b: Flutter Mane|protosynthesisspa\n|turn|1\n|\n|t:|1700900291\n|-terastallize|p1b: Flutter Mane|Fairy\n|-terastallize|p2b: Ops ididitagain|Dark\n|move|p2a: Handsone|Fake Out|p1a: Talonflame\n|-damage|p1a: Talonflame|77\/100\n|cant|p1a: Talonflame|flinch\n|move|p1b: Flutter Mane|Moonblast|p2a: Handsone\n|-supereffective|p2a: Handsone\n|-damage|p2a: Handsone|3\/100\n|-unboost|p2a: Handsone|spa|1\n|move|p2b: Ops ididitagain|Trick Room|p2b: Ops ididitagain\n|-fieldstart|move: Trick Room|[of] p2b: Ops ididitagain\n|\n|upkeep\n|turn|2\n|j| Asacado\n|inactive|Kranor has 30 seconds left.\n|inactive|Kranor has 20 seconds left.\n|\n|t:|1700900328\n|switch|p2b: Bloodmoon|Ursaluna-Bloodmoon, L50, M|100\/100\n|switch|p1a: Clefable|Clefable, L50, F|100\/100\n|move|p1b: Flutter Mane|Protect|p1b: Flutter Mane\n|-singleturn|p1b: Flutter Mane|Protect\n|move|p2a: Handsone|Heavy Slam|p1b: Flutter Mane\n|-activate|p1b: Flutter Mane|move: Protect\n|\n|upkeep\n|turn|3\n|\n|t:|1700900352\n|-end|p2a: Handsone|Quark Drive|[silent]\n|switch|p2a: Wellspring|Ogerpon-Wellspring, L50, F|100\/100\n|move|p2b: Bloodmoon|Protect|p2b: Bloodmoon\n|-singleturn|p2b: Bloodmoon|Protect\n|move|p1a: Clefable|Follow Me|p1a: Clefable\n|-singleturn|p1a: Clefable|move: Follow Me\n|move|p1b: Flutter Mane|Dazzling Gleam|p2b: Bloodmoon|[spread] p2a\n|-activate|p2b: Bloodmoon|move: Protect\n|-damage|p2a: Wellspring|40\/100\n|\n|upkeep\n|turn|4\n|inactive|Kranor has 30 seconds left.\n|\n|t:|1700900379\n|move|p2a: Wellspring|Spiky Shield|p2a: Wellspring\n|-singleturn|p2a: Wellspring|move: Protect\n|move|p1b: Flutter Mane|Protect|p1b: Flutter Mane\n|-singleturn|p1b: Flutter Mane|Protect\n|move|p2b: Bloodmoon|Blood Moon|p1a: Clefable\n|-damage|p1a: Clefable|0 fnt\n|faint|p1a: Clefable\n|-damage|p2b: Bloodmoon|90\/100|[from] item: Life Orb\n|\n|upkeep\n|\n|t:|1700900389\n|switch|p1a: Urshifu|Urshifu-Rapid-Strike, L50, F|100\/100\n|turn|5\n|inactive|Kranor has 30 seconds left.\n|\n|t:|1700900419\n|move|p2a: Wellspring|Follow Me|p2a: Wellspring\n|-singleturn|p2a: Wellspring|move: Follow Me\n|move|p2b: Bloodmoon|Hyper Voice|p1a: Urshifu|[spread] p1a,p1b\n|-damage|p1a: Urshifu|31\/100\n|-damage|p1b: Flutter Mane|52\/100\n|-damage|p2b: Bloodmoon|80\/100|[from] item: Life Orb\n|move|p1b: Flutter Mane|Dazzling Gleam|p2b: Bloodmoon|[spread] p2a,p2b\n|-damage|p2a: Wellspring|0 fnt\n|-damage|p2b: Bloodmoon|12\/100\n|faint|p2a: Wellspring\n|move|p1a: Urshifu|Surging Strikes|p2b: Bloodmoon\n|-supereffective|p2b: Bloodmoon\n|-crit|p2b: Bloodmoon\n|-damage|p2b: Bloodmoon|0 fnt\n|faint|p2b: Bloodmoon\n|-hitcount|p2: Bloodmoon|1\n|\n|-fieldend|move: Trick Room\n|upkeep\n|\n|t:|1700900429\n|switch|p2a: Handsone|Iron Hands, L50|3\/100\n|switch|p2b: Ops ididitagain|Dusclops, L50, F, shiny, tera:Dark|100\/100\n|-ability|p2b: Ops ididitagain|Pressure\n|turn|6\n|\n|t:|1700900445\n|move|p2a: Handsone|Fake Out|p1b: Flutter Mane\n|-damage|p1b: Flutter Mane|21\/100\n|move|p1a: Urshifu|Surging Strikes|p2a: Handsone\n|-crit|p2a: Handsone\n|-damage|p2a: Handsone|0 fnt\n|faint|p2a: Handsone\n|-end|p2a: Handsone|Quark Drive|[silent]\n|-hitcount|p2: Handsone|1\n|cant|p1b: Flutter Mane|flinch\n|move|p2b: Ops ididitagain|Trick Room|p2b: Ops ididitagain\n|-fieldstart|move: Trick Room|[of] p2b: Ops ididitagain\n|\n|upkeep\n|turn|7\n|\n|t:|1700900466\n|move|p1b: Flutter Mane|Protect|p1b: Flutter Mane\n|-singleturn|p1b: Flutter Mane|Protect\n|move|p2b: Ops ididitagain|Night Shade|p1a: Urshifu\n|-damage|p1a: Urshifu|3\/100\n|move|p1a: Urshifu|Surging Strikes|p2b: Ops ididitagain\n|-crit|p2b: Ops ididitagain\n|-damage|p2b: Ops ididitagain|86\/100\n|-crit|p2b: Ops ididitagain\n|-damage|p2b: Ops ididitagain|73\/100\n|-crit|p2b: Ops ididitagain\n|-damage|p2b: Ops ididitagain|60\/100\n|-hitcount|p2b: Ops ididitagain|3\n|\n|upkeep\n|turn|8\n|\n|t:|1700900486\n|switch|p1a: Talonflame|Talonflame, L50, F|77\/100\n|move|p2b: Ops ididitagain|Night Shade|p1b: Flutter Mane\n|-damage|p1b: Flutter Mane|0 fnt\n|faint|p1b: Flutter Mane\n|-end|p1b: Flutter Mane|Protosynthesis|[silent]\n|\n|upkeep\n|\n|t:|1700900492\n|switch|p1b: Urshifu|Urshifu-Rapid-Strike, L50, F|3\/100\n|turn|9\n|\n|t:|1700900498\n|move|p2b: Ops ididitagain|Night Shade|p1b: Urshifu\n|-damage|p1b: Urshifu|0 fnt\n|faint|p1b: Urshifu\n|move|p1a: Talonflame|Taunt|p2b: Ops ididitagain\n|-start|p2b: Ops ididitagain|move: Taunt\n|\n|upkeep\n|turn|10\n|\n|t:|1700900506\n|move|p2b: Ops ididitagain|Night Shade|p1a: Talonflame\n|-damage|p1a: Talonflame|45\/100\n|move|p1a: Talonflame|Heat Wave|p2b: Ops ididitagain\n|-damage|p2b: Ops ididitagain|41\/100\n|\n|-fieldend|move: Trick Room\n|upkeep\n|turn|11\n|\n|t:|1700900516\n|move|p1a: Talonflame|Heat Wave|p2b: Ops ididitagain\n|-damage|p2b: Ops ididitagain|24\/100\n|move|p2b: Ops ididitagain|Night Shade|p1a: Talonflame\n|-damage|p1a: Talonflame|12\/100\n|\n|upkeep\n|turn|12\n|\n|t:|1700900523\n|move|p1a: Talonflame|Heat Wave|p2b: Ops ididitagain\n|-damage|p2b: Ops ididitagain|5\/100\n|move|p2b: Ops ididitagain|Night Shade|p1a: Talonflame\n|-damage|p1a: Talonflame|0 fnt\n|faint|p1a: Talonflame\n|\n|win|Kranor\n|raw|luis.hrivera's rating: 1381 &rarr; <strong>1368<\/strong><br \/>(-13 for losing)\n|raw|Kranor's rating: 1508 &rarr; <strong>1521<\/strong><br \/>(+13 for winning)\n|l|\u2606luis.hrivera\n|c|\u2606Kranor|Gg\n|l| Asacado\n","uploadtime":1700900538,"views":8,"p1id":"luishrivera","p2id":"kranor","formatid":"gen9vgc2023regulatione","rating":1368,"private":0,"password":""}