{"id":"gen9vgc2023regulatione-1991827190","p1":"Vienna Vaporeons","p2":"Axs00","format":"[Gen 9] VGC 2023 Regulation E","log":"|j|\u2606Vienna Vaporeons\n|j|\u2606Axs00\n|t:|1700124372\n|gametype|doubles\n|player|p1|Vienna Vaporeons|2|1438\n|player|p2|Axs00|1|1525\n|teamsize|p1|6\n|teamsize|p2|6\n|gen|9\n|tier|[Gen 9] VGC 2023 Regulation E\n|rated|\n|rule|Species Clause: Limit one of each Pok\u00e9mon\n|rule|Item Clause: Limit one of each item\n|clearpoke\n|poke|p1|Tornadus, L50, M|\n|poke|p1|Heatran, L50, F|\n|poke|p1|Flutter Mane, L50|\n|poke|p1|Urshifu-*, L50, M|\n|poke|p1|Rillaboom, L50, F|\n|poke|p1|Landorus-Therian, L50, M|\n|poke|p2|Urshifu-*, L50, F|\n|poke|p2|Roaring Moon, L50|\n|poke|p2|Gholdengo, L50|\n|poke|p2|Rillaboom, L50, F|\n|poke|p2|Heatran, L50, M|\n|poke|p2|Landorus-Therian, L50, M|\n|teampreview|4\nVienna Vaporeons has agreed to open team sheets.\n|inactive|Battle timer is ON: inactive players will automatically lose when time's up. (requested by Vienna Vaporeons)\n|\n|t:|1700124435\n|start\n|switch|p1a: Tornadus|Tornadus, L50, M|100\/100\n|switch|p1b: Landorus|Landorus-Therian, L50, M|100\/100\n|switch|p2a: Roaring Moon|Roaring Moon, L50|100\/100\n|switch|p2b: Heatran|Heatran, L50, M|100\/100\n|-ability|p1b: Landorus|Intimidate|boost\n|-unboost|p2a: Roaring Moon|atk|1\n|-unboost|p2b: Heatran|atk|1\n|-enditem|p2a: Roaring Moon|Booster Energy\n|-activate|p2a: Roaring Moon|ability: Protosynthesis|[fromitem]\n|-start|p2a: Roaring Moon|protosynthesisspe\n|turn|1\n|inactive|Axs00 has 30 seconds left.\n|inactive|Axs00 has 20 seconds left.\n|inactive|Axs00 has 15 seconds left.\n|inactive|Axs00 has 10 seconds left.\n|\n|t:|1700124481\n|-terastallize|p2b: Heatran|Fairy\n|move|p1a: Tornadus|Tailwind|p1a: Tornadus\n|-sidestart|p1: Vienna Vaporeons|move: Tailwind\n|move|p1b: Landorus|Stomping Tantrum|p2b: Heatran\n|-damage|p2b: Heatran|66\/100\n|-status|p1b: Landorus|brn|[from] ability: Flame Body|[of] p2b: Heatran\n|move|p2a: Roaring Moon|Knock Off|p1b: Landorus\n|-damage|p1b: Landorus|67\/100 brn\n|-enditem|p1b: Landorus|Choice Scarf|[from] move: Knock Off|[of] p2a: Roaring Moon\n|move|p2b: Heatran|Heat Wave|p1a: Tornadus|[spread] p1a,p1b\n|-damage|p1a: Tornadus|48\/100\n|-damage|p1b: Landorus|9\/100 brn\n|-damage|p2b: Heatran|56\/100|[from] item: Life Orb\n|\n|-damage|p1b: Landorus|4\/100 brn|[from] brn\n|upkeep\n|turn|2\n|\n|t:|1700124501\n|move|p2b: Heatran|Protect|p2b: Heatran\n|-singleturn|p2b: Heatran|Protect\n|move|p1b: Landorus|U-turn|p2a: Roaring Moon\n|-supereffective|p2a: Roaring Moon\n|-damage|p2a: Roaring Moon|71\/100\n|\n|t:|1700124508\n|switch|p1b: Flutter Mane|Flutter Mane, L50|100\/100|[from] U-turn\n|move|p2a: Roaring Moon|Knock Off|p1a: Tornadus\n|-damage|p1a: Tornadus|1\/100\n|-damage|p2a: Roaring Moon|55\/100|[from] item: Rocky Helmet|[of] p1a: Tornadus\n|-enditem|p1a: Tornadus|Rocky Helmet|[from] move: Knock Off|[of] p2a: Roaring Moon\n|move|p1a: Tornadus|Bleakwind Storm|p2b: Heatran|[spread] p2a\n|-activate|p2b: Heatran|move: Protect\n|-damage|p2a: Roaring Moon|20\/100\n|\n|upkeep\n|turn|3\n|inactive|Axs00 has 30 seconds left.\n|\n|t:|1700124542\n|move|p2a: Roaring Moon|Protect|p2a: Roaring Moon\n|-singleturn|p2a: Roaring Moon|Protect\n|move|p1b: Flutter Mane|Shadow Ball|p2b: Heatran\n|-crit|p2b: Heatran\n|-damage|p2b: Heatran|0 fnt\n|faint|p2b: Heatran\n|move|p1a: Tornadus|Bleakwind Storm|p2a: Roaring Moon\n|-activate|p2a: Roaring Moon|move: Protect\n|\n|upkeep\n|inactive|Axs00 has 30 seconds left.\n|\n|t:|1700124577\n|switch|p2b: Rillaboom|Rillaboom, L50, F|100\/100\n|-fieldstart|move: Grassy Terrain|[from] ability: Grassy Surge|[of] p2b: Rillaboom\n|turn|4\n|inactive|Axs00 has 30 seconds left.\n|inactive|Axs00 has 20 seconds left.\n|\n|t:|1700124616\n|-end|p2a: Roaring Moon|Protosynthesis|[silent]\n|switch|p2a: Landorus|Landorus-Therian, L50, M|100\/100\n|-ability|p2a: Landorus|Intimidate|boost\n|-unboost|p1a: Tornadus|atk|1\n|-unboost|p1b: Flutter Mane|atk|1\n|move|p1a: Tornadus|Sunny Day|p1a: Tornadus\n|-weather|SunnyDay\n|-activate|p1b: Flutter Mane|ability: Protosynthesis\n|-start|p1b: Flutter Mane|protosynthesisspe\n|move|p2b: Rillaboom|Grassy Glide|p1a: Tornadus\n|-resisted|p1a: Tornadus\n|-crit|p1a: Tornadus\n|-damage|p1a: Tornadus|0 fnt\n|faint|p1a: Tornadus\n|move|p1b: Flutter Mane|Shadow Ball|p2a: Landorus\n|-damage|p2a: Landorus|37\/100\n|\n|-weather|SunnyDay|[upkeep]\n|-sideend|p1: Vienna Vaporeons|move: Tailwind\n|upkeep\n|\n|t:|1700124638\n|switch|p1a: Urshifu|Urshifu, L50, M|100\/100\n|turn|5\n|\n|t:|1700124656\n|-terastallize|p1a: Urshifu|Dark\n|move|p2b: Rillaboom|Grassy Glide|p1a: Urshifu\n|-damage|p1a: Urshifu|66\/100\n|move|p1b: Flutter Mane|Shadow Ball|p2a: Landorus\n|-damage|p2a: Landorus|0 fnt\n|faint|p2a: Landorus\n|move|p1a: Urshifu|Wicked Blow|p2b: Rillaboom\n|-crit|p2b: Rillaboom\n|-damage|p2b: Rillaboom|15\/100\n|\n|-weather|SunnyDay|[upkeep]\n|-heal|p1a: Urshifu|71\/100|[from] Grassy Terrain\n|-heal|p2b: Rillaboom|21\/100|[from] Grassy Terrain\n|upkeep\n|\n|t:|1700124669\n|switch|p2a: Roaring Moon|Roaring Moon, L50|20\/100\n|-activate|p2a: Roaring Moon|ability: Protosynthesis\n|-start|p2a: Roaring Moon|protosynthesisspe\n|turn|6\n|\n|t:|1700124679\n|move|p1a: Urshifu|Sucker Punch|p2b: Rillaboom\n|-damage|p2b: Rillaboom|0 fnt\n|faint|p2b: Rillaboom\n|move|p1b: Flutter Mane|Shadow Ball|p2a: Roaring Moon\n|-resisted|p2a: Roaring Moon\n|-damage|p2a: Roaring Moon|0 fnt\n|faint|p2a: Roaring Moon\n|-end|p2a: Roaring Moon|Protosynthesis|[silent]\n|\n|win|Vienna Vaporeons\n|raw|Vienna Vaporeons's rating: 1438 &rarr; <strong>1463<\/strong><br \/>(+25 for winning)\n|raw|Axs00's rating: 1525 &rarr; <strong>1500<\/strong><br \/>(-25 for losing)\n|l|\u2606Axs00\n","uploadtime":1700124688,"views":19,"p1id":"viennavaporeons","p2id":"axs00","formatid":"gen9vgc2023regulatione","rating":1463,"private":0,"password":""}