{"id":"gen9vgc2023regulatione-1988647265","p1":"RoryRemisdad14","p2":"Baba Banjo","format":"[Gen 9] VGC 2023 Regulation E","log":"|j|\u2606RoryRemisdad14\n|j|\u2606Baba Banjo\n|t:|1699745903\n|gametype|doubles\n|player|p1|RoryRemisdad14|benga|1394\n|player|p2|Baba Banjo|unknown|1475\n|teamsize|p1|6\n|teamsize|p2|6\n|gen|9\n|tier|[Gen 9] VGC 2023 Regulation E\n|rated|\n|rule|Species Clause: Limit one of each Pok\u00e9mon\n|rule|Item Clause: Limit one of each item\n|clearpoke\n|poke|p1|Arcanine-Hisui, L50, F|\n|poke|p1|Chien-Pao, L50|\n|poke|p1|Gholdengo, L50|\n|poke|p1|Iron Hands, L50|\n|poke|p1|Ogerpon-Wellspring, L50, F|\n|poke|p1|Tornadus, L50, M|\n|poke|p2|Dondozo, L50, F|\n|poke|p2|Tatsugiri, L50, M|\n|poke|p2|Ninetales-Alola, L50, M|\n|poke|p2|Glimmora, L50, F|\n|poke|p2|Landorus-Therian, L50, M|\n|poke|p2|Kingambit, L50, M|\n|teampreview|4\n|\n|t:|1699745944\n|start\n|switch|p1a: Tornadus|Tornadus, L50, M|100\/100\n|switch|p1b: Iron Hands|Iron Hands, L50|100\/100\n|switch|p2a: Landorus|Landorus-Therian, L50, M|100\/100\n|switch|p2b: Kingambit|Kingambit, L50, M|100\/100\n|-ability|p2a: Landorus|Intimidate|boost\n|-unboost|p1a: Tornadus|atk|1\n|-unboost|p1b: Iron Hands|atk|1\n|turn|1\n|\n|t:|1699745961\n|move|p2b: Kingambit|Protect|p2b: Kingambit\n|-singleturn|p2b: Kingambit|Protect\n|move|p1b: Iron Hands|Fake Out|p2a: Landorus\n|-damage|p2a: Landorus|89\/100\n|move|p1a: Tornadus|Tailwind|p1a: Tornadus\n|-sidestart|p1: RoryRemisdad14|move: Tailwind\n|cant|p2a: Landorus|flinch\n|\n|upkeep\n|turn|2\n|\n|t:|1699745987\n|switch|p2b: Dondozo|Dondozo, L50, F|100\/100\n|move|p1a: Tornadus|Rain Dance|p1a: Tornadus\n|-weather|RainDance\n|move|p2a: Landorus|Stomping Tantrum|p1b: Iron Hands\n|-supereffective|p1b: Iron Hands\n|-damage|p1b: Iron Hands|0 fnt\n|faint|p1b: Iron Hands\n|-end|p1b: Iron Hands|Quark Drive|[silent]\n|\n|-weather|RainDance|[upkeep]\n|upkeep\n|\n|t:|1699745995\n|switch|p1b: Ogerpon|Ogerpon-Wellspring, L50, F|100\/100\n|turn|3\n|\n|t:|1699746010\n|switch|p2a: Tatsugiri|Tatsugiri, L50, M|100\/100\n|-activate|p2a: Tatsugiri|ability: Commander|[of] p2b: Dondozo\n|-boost|p2b: Dondozo|atk|2\n|-boost|p2b: Dondozo|spa|2\n|-boost|p2b: Dondozo|spe|2\n|-boost|p2b: Dondozo|def|2\n|-boost|p2b: Dondozo|spd|2\n|-terastallize|p2b: Dondozo|Dragon\n|move|p1b: Ogerpon|Swords Dance|p1b: Ogerpon\n|-boost|p1b: Ogerpon|atk|2\n|move|p1a: Tornadus|Bleakwind Storm|p2a: Tatsugiri|[spread] p2b\n|-miss|p1a: Tornadus|p2a: Tatsugiri\n|-damage|p2b: Dondozo|87\/100\n|move|p2b: Dondozo|Order Up|p1a: Tornadus\n|-damage|p1a: Tornadus|42\/100\n|-boost|p2b: Dondozo|atk|1\n|\n|-weather|RainDance|[upkeep]\n|-heal|p2b: Dondozo|93\/100|[from] item: Leftovers\n|upkeep\n|turn|4\n|\n|t:|1699746037\n|switch|p1a: Gholdengo|Gholdengo, L50|100\/100\n|move|p1b: Ogerpon|Spiky Shield|p1b: Ogerpon\n|-singleturn|p1b: Ogerpon|move: Protect\n|move|p2b: Dondozo|Order Up|p1b: Ogerpon\n|-activate|p1b: Ogerpon|move: Protect\n|\n|-weather|RainDance|[upkeep]\n|-heal|p2b: Dondozo|99\/100|[from] item: Leftovers\n|-sideend|p1: RoryRemisdad14|move: Tailwind\n|upkeep\n|turn|5\n|\n|t:|1699746054\n|-terastallize|p1a: Gholdengo|Dragon\n|move|p2b: Dondozo|Order Up|p1b: Ogerpon\n|-damage|p1b: Ogerpon|17\/100\n|-boost|p2b: Dondozo|atk|1\n|move|p1b: Ogerpon|Ivy Cudgel|p2b: Dondozo\n|-resisted|p2b: Dondozo\n|-damage|p2b: Dondozo|85\/100\n|move|p1a: Gholdengo|Nasty Plot|p1a: Gholdengo\n|-boost|p1a: Gholdengo|spa|2\n|\n|-weather|RainDance|[upkeep]\n|-heal|p2b: Dondozo|91\/100|[from] item: Leftovers\n|upkeep\n|turn|6\n|\n|t:|1699746081\n|move|p1a: Gholdengo|Protect|p1a: Gholdengo\n|-singleturn|p1a: Gholdengo|Protect\n|move|p2b: Dondozo|Order Up|p1a: Gholdengo\n|-activate|p1a: Gholdengo|move: Protect\n|move|p1b: Ogerpon|Horn Leech|p2b: Dondozo\n|-resisted|p2b: Dondozo\n|-damage|p2b: Dondozo|83\/100\n|-heal|p1b: Ogerpon|22\/100|[from] drain|[of] p2b: Dondozo\n|\n|-weather|none\n|-heal|p2b: Dondozo|89\/100|[from] item: Leftovers\n|upkeep\n|turn|7\n|\n|t:|1699746098\n|switch|p1b: Tornadus|Tornadus, L50, M|42\/100\n|move|p2b: Dondozo|Order Up|p1a: Gholdengo\n|-supereffective|p1a: Gholdengo\n|-damage|p1a: Gholdengo|0 fnt\n|faint|p1a: Gholdengo\n|-boost|p2b: Dondozo|atk|1\n|\n|-heal|p2b: Dondozo|96\/100|[from] item: Leftovers\n|upkeep\n|\n|t:|1699746103\n|switch|p1a: Ogerpon|Ogerpon-Wellspring, L50, F|22\/100\n|turn|8\n|\n|t:|1699746109\n|move|p1a: Ogerpon|Spiky Shield|p1a: Ogerpon\n|-singleturn|p1a: Ogerpon|move: Protect\n|move|p1b: Tornadus|Tailwind|p1b: Tornadus\n|-sidestart|p1: RoryRemisdad14|move: Tailwind\n|move|p2b: Dondozo|Order Up|p1b: Tornadus\n|-damage|p1b: Tornadus|0 fnt\n|faint|p1b: Tornadus\n|-boost|p2b: Dondozo|atk|1\n|\n|-heal|p2b: Dondozo|100\/100|[from] item: Leftovers\n|upkeep\n|turn|9\n|\n|t:|1699746112\n|move|p1a: Ogerpon|Ivy Cudgel|p2b: Dondozo\n|-resisted|p2b: Dondozo\n|-crit|p2b: Dondozo\n|-damage|p2b: Dondozo|70\/100\n|move|p2b: Dondozo|Order Up|p1a: Ogerpon\n|-damage|p1a: Ogerpon|0 fnt\n|faint|p1a: Ogerpon\n|\n|win|Baba Banjo\n|raw|RoryRemisdad14's rating: 1394 &rarr; <strong>1379<\/strong><br \/>(-15 for losing)\n|raw|Baba Banjo's rating: 1475 &rarr; <strong>1490<\/strong><br \/>(+15 for winning)\n|l|\u2606RoryRemisdad14\n|c|\u2606Baba Banjo|gg\n","uploadtime":1699746165,"views":21,"p1id":"roryremisdad14","p2id":"bababanjo","formatid":"gen9vgc2023regulatione","rating":1379,"private":0,"password":""}