{"id":"gen9vgc2023regulatione-1999333048","p1":"trkstr.","p2":"gabtesting","format":"[Gen 9] VGC 2023 Regulation E","log":"|j|\u2606trkstr.\n|j|\u2606gabtesting\n|t:|1701061839\n|gametype|doubles\n|player|p1|trkstr.|iris-gen5bw2|1016\n|player|p2|gabtesting|169|1051\n|teamsize|p1|6\n|teamsize|p2|6\n|gen|9\n|tier|[Gen 9] VGC 2023 Regulation E\n|rated|\n|rule|Species Clause: Limit one of each Pok\u00e9mon\n|rule|Item Clause: Limit one of each item\n|clearpoke\n|poke|p1|Murkrow, L50, F|\n|poke|p1|Urshifu-*, L50, F|\n|poke|p1|Landorus-Therian, L50, M|\n|poke|p1|Gholdengo, L50|\n|poke|p1|Ogerpon-Hearthflame, L50, F|\n|poke|p1|Iron Hands, L50|\n|poke|p2|Ninetales-Alola, L50, M|\n|poke|p2|Cetitan, L50, F|\n|poke|p2|Baxcalibur, L50, M|\n|poke|p2|Landorus-Therian, L50, M|\n|poke|p2|Heatran, L50, F|\n|poke|p2|Zapdos, L50|\n|teampreview|4\n|inactive|Battle timer is ON: inactive players will automatically lose when time's up. (requested by gabtesting)\ntrkstr. has agreed to open team sheets.\n|inactive|trkstr. has 60 seconds left.\ngabtesting has agreed to open team sheets.\n|\n|t:|1701061884\n|start\n|switch|p1a: Murkrow|Murkrow, L50, F|100\/100\n|switch|p1b: Ogerpon|Ogerpon-Hearthflame, L50, F|100\/100\n|switch|p2a: Ninetales|Ninetales-Alola, L50, M|100\/100\n|switch|p2b: Baxcalibur|Baxcalibur, L50, M|100\/100\n|-ability|p1b: Ogerpon|Mold Breaker\n|-weather|Snow|[from] ability: Snow Warning|[of] p2a: Ninetales\n|turn|1\n|inactive|trkstr. has 30 seconds left.\n|\n|t:|1701061919\n|switch|p2a: Heatran|Heatran, L50, F|100\/100\n|-terastallize|p1b: Ogerpon|Fire\n|detailschange|p1b: Ogerpon|Ogerpon-Hearthflame-Tera, L50, F, tera:Fire\n|-ability|p1b: Ogerpon|Embody Aspect (Hearthflame)|boost\n|-boost|p1b: Ogerpon|atk|1\n|move|p1a: Murkrow|Tailwind|p1a: Murkrow\n|-sidestart|p1: trkstr.|move: Tailwind\n|move|p1b: Ogerpon|Wood Hammer|p2a: Heatran\n|-resisted|p2a: Heatran\n|-damage|p2a: Heatran|78\/100\n|-damage|p1b: Ogerpon|91\/100|[from] Recoil\n|move|p2b: Baxcalibur|Icicle Spear|p1a: Murkrow\n|-supereffective|p1a: Murkrow\n|-damage|p1a: Murkrow|41\/100\n|-supereffective|p1a: Murkrow\n|-damage|p1a: Murkrow|0 fnt\n|faint|p1a: Murkrow\n|-hitcount|p1: Murkrow|2\n|\n|-weather|Snow|[upkeep]\n|upkeep\n|\n|t:|1701061943\n|switch|p1a: Landorus|Landorus-Therian, L50, M|100\/100\n|-ability|p1a: Landorus|Intimidate|boost\n|-unboost|p2a: Heatran|atk|1\n|-unboost|p2b: Baxcalibur|atk|1\n|turn|2\n|inactive|trkstr. has 30 seconds left.\n|\n|t:|1701061976\n|-terastallize|p2a: Heatran|Grass\n|move|p1b: Ogerpon|Ivy Cudgel|p2b: Baxcalibur|[anim] Ivy Cudgel Fire\n|-damage|p2b: Baxcalibur|33\/100\n|move|p1a: Landorus|U-turn|p2a: Heatran\n|-supereffective|p2a: Heatran\n|-damage|p2a: Heatran|14\/100\n|\n|t:|1701061985\n|switch|p1a: Urshifu|Urshifu-Rapid-Strike, L50, F|100\/100|[from] U-turn\n|move|p2b: Baxcalibur|Icicle Spear|p1a: Urshifu\n|-resisted|p1a: Urshifu\n|-damage|p1a: Urshifu|95\/100\n|-resisted|p1a: Urshifu\n|-damage|p1a: Urshifu|90\/100\n|-resisted|p1a: Urshifu\n|-damage|p1a: Urshifu|85\/100\n|-resisted|p1a: Urshifu\n|-damage|p1a: Urshifu|80\/100\n|-resisted|p1a: Urshifu\n|-damage|p1a: Urshifu|75\/100\n|-hitcount|p1a: Urshifu|5\n|move|p2a: Heatran|Earth Power|p1b: Ogerpon\n|-supereffective|p1b: Ogerpon\n|-damage|p1b: Ogerpon|0 fnt\n|faint|p1b: Ogerpon\n|-damage|p2a: Heatran|4\/100|[from] item: Life Orb\n|\n|-weather|Snow|[upkeep]\n|-heal|p2b: Baxcalibur|39\/100|[from] ability: Ice Body\n|upkeep\n|\n|t:|1701062003\n|switch|p1b: Landorus|Landorus-Therian, L50, M|100\/100\n|-ability|p1b: Landorus|Intimidate|boost\n|-unboost|p2a: Heatran|atk|1\n|-unboost|p2b: Baxcalibur|atk|1\n|turn|3\n|\n|t:|1701062026\n|switch|p2b: Landorus|Landorus-Therian, L50, M|100\/100\n|-ability|p2b: Landorus|Intimidate|boost\n|-unboost|p1a: Urshifu|atk|1\n|-unboost|p1b: Landorus|atk|1\n|move|p1a: Urshifu|Surging Strikes|p2a: Heatran\n|-resisted|p2a: Heatran\n|-crit|p2a: Heatran\n|-damage|p2a: Heatran|0 fnt\n|faint|p2a: Heatran\n|-hitcount|p2: Heatran|1\n|move|p1b: Landorus|Rock Slide|p2b: Landorus\n|-damage|p2b: Landorus|68\/100\n|\n|-weather|Snow|[upkeep]\n|upkeep\n|\n|t:|1701062048\n|switch|p2a: Ninetales|Ninetales-Alola, L50, M|100\/100\n|turn|4\n|\n|t:|1701062072\n|move|p1a: Urshifu|Close Combat|p2a: Ninetales\n|-crit|p2a: Ninetales\n|-damage|p2a: Ninetales|31\/100\n|-unboost|p1a: Urshifu|def|1\n|-unboost|p1a: Urshifu|spd|1\n|-enditem|p2a: Ninetales|Sitrus Berry|[eat]\n|-heal|p2a: Ninetales|56\/100|[from] item: Sitrus Berry\n|move|p1b: Landorus|Rock Slide|p2a: Ninetales|[spread] p2b\n|-miss|p1b: Landorus|p2a: Ninetales\n|-damage|p2b: Landorus|43\/100\n|move|p2b: Landorus|U-turn|p1a: Urshifu\n|-resisted|p1a: Urshifu\n|-damage|p1a: Urshifu|54\/100\n|\n|t:|1701062085\n|switch|p2b: Baxcalibur|Baxcalibur, L50, M|39\/100|[from] U-turn\n|move|p2a: Ninetales|Blizzard|p1b: Landorus|[spread] p1a,p1b\n|-resisted|p1a: Urshifu\n|-supereffective|p1b: Landorus\n|-damage|p1a: Urshifu|25\/100\n|-damage|p1b: Landorus|0 fnt\n|faint|p1b: Landorus\n|\n|-weather|Snow|[upkeep]\n|-heal|p2b: Baxcalibur|46\/100|[from] ability: Ice Body\n|-sideend|p1: trkstr.|move: Tailwind\n|upkeep\n|turn|5\n|-message|trkstr. forfeited.\n|\n|win|gabtesting\n|raw|trkstr.'s rating: 1016 &rarr; <strong>1005<\/strong><br \/>(-11 for losing)\n|raw|gabtesting's rating: 1051 &rarr; <strong>1080<\/strong><br \/>(+29 for winning)\n|l|\u2606trkstr.\n","uploadtime":1701062097,"views":8,"p1id":"trkstr","p2id":"gabtesting","formatid":"gen9vgc2023regulatione","rating":1005,"private":0,"password":""}