{"id":"gen9vgc2023regulatione-1999142350","p1":"Raymond935","p2":"poppinphresh","format":"[Gen 9] VGC 2023 Regulation E","log":"|j|\u2606Raymond935\n|j|\u2606poppinphresh\n|t:|1701037767\n|gametype|doubles\n|player|p1|Raymond935|brycenman|\n|player|p2|poppinphresh|preschooler|\n|teamsize|p1|6\n|teamsize|p2|6\n|gen|9\n|tier|[Gen 9] VGC 2023 Regulation E\n|rule|Species Clause: Limit one of each Pok\u00e9mon\n|rule|Item Clause: Limit one of each item\n|clearpoke\n|poke|p1|Thundurus, L50, M|\n|poke|p1|Garchomp, L50, F|\n|poke|p1|Ninetales-Alola, L50, M|\n|poke|p1|Azelf, L50|\n|poke|p1|Quaquaval, L50, M|\n|poke|p1|Beartic, L50, F|\n|poke|p2|Sinistcha, L50|\n|poke|p2|Arcanine-Hisui, L50, M|\n|poke|p2|Kommo-o, L50, F|\n|poke|p2|Tyranitar, L50, F|\n|poke|p2|Vikavolt, L50, F|\n|poke|p2|Bruxish, L50, F|\n|teampreview|4\n|c|\u2606Raymond935|G2\n|c|\u2606poppinphresh|glhf!\n|c|\u2606Raymond935|gl gl!\n|\n|t:|1701038925\n|start\n|switch|p1a: Garchomp|Garchomp, L50, F|100\/100\n|switch|p1b: Thundurus|Thundurus, L50, M|100\/100\n|switch|p2a: Tip the Scales|Kommo-o, L50, F|100\/100\n|switch|p2b: Witch's Brew|Sinistcha, L50|100\/100\n|turn|1\n|\n|t:|1701039060\n|switch|p2a: Nozdormu|Tyranitar, L50, F, shiny|100\/100\n|-weather|Sandstorm|[from] ability: Sand Stream|[of] p2a: Nozdormu\n|-terastallize|p1a: Garchomp|Grass\n|move|p1a: Garchomp|Dragon Claw|p2a: Nozdormu\n|-damage|p2a: Nozdormu|66\/100\n|move|p1b: Thundurus|Wildbolt Storm|p2b: Witch's Brew|[spread] p2a,p2b\n|-resisted|p2b: Witch's Brew\n|-damage|p2a: Nozdormu|48\/100\n|-damage|p2b: Witch's Brew|85\/100\n|-enditem|p2a: Nozdormu|Sitrus Berry|[eat]\n|-heal|p2a: Nozdormu|73\/100|[from] item: Sitrus Berry\n|move|p2b: Witch's Brew|Trick Room|p2b: Witch's Brew\n|-fieldstart|move: Trick Room|[of] p2b: Witch's Brew\n|\n|-weather|Sandstorm|[upkeep]\n|-damage|p2b: Witch's Brew|79\/100|[from] Sandstorm\n|-damage|p1b: Thundurus|95\/100|[from] Sandstorm\n|upkeep\n|turn|2\n|\n|t:|1701039119\n|move|p2a: Nozdormu|Rock Slide|p1a: Garchomp|[spread] p1a,p1b\n|-supereffective|p1b: Thundurus\n|-enditem|p1b: Thundurus|Charti Berry|[eat]\n|-enditem|p1b: Thundurus|Charti Berry|[weaken]\n|-damage|p1a: Garchomp|73\/100\n|-damage|p1b: Thundurus|72\/100\n|move|p2b: Witch's Brew|Calm Mind|p2b: Witch's Brew\n|-boost|p2b: Witch's Brew|spa|1\n|-boost|p2b: Witch's Brew|spd|1\n|cant|p1b: Thundurus|flinch\n|cant|p1a: Garchomp|flinch\n|\n|-weather|Sandstorm|[upkeep]\n|-damage|p2b: Witch's Brew|74\/100|[from] Sandstorm\n|-damage|p1b: Thundurus|66\/100|[from] Sandstorm\n|upkeep\n|turn|3\n|c|\u2606poppinphresh|oh man im so sorry\n|c|\u2606Raymond935|No worries!\n|c|\u2606Raymond935|Sometimes the move does that\n|\n|t:|1701039222\n|move|p1a: Garchomp|Protect|p1a: Garchomp\n|-singleturn|p1a: Garchomp|Protect\n|move|p1b: Thundurus|Eerie Impulse|p2b: Witch's Brew\n|-unboost|p2b: Witch's Brew|spa|2\n|move|p2a: Nozdormu|Rock Slide|p1b: Thundurus|[spread] p1b\n|-activate|p1a: Garchomp|move: Protect\n|-supereffective|p1b: Thundurus\n|-damage|p1b: Thundurus|17\/100\n|move|p2b: Witch's Brew|Matcha Gotcha|p1b: Thundurus|[spread] p1b\n|-activate|p1a: Garchomp|move: Protect\n|-resisted|p1b: Thundurus\n|-damage|p1b: Thundurus|8\/100\n|-heal|p2b: Witch's Brew|78\/100|[from] drain|[of] p1b: Thundurus\n|\n|-weather|Sandstorm|[upkeep]\n|-damage|p2b: Witch's Brew|72\/100|[from] Sandstorm\n|-damage|p1b: Thundurus|2\/100|[from] Sandstorm\n|upkeep\n|turn|4\n|\n|t:|1701039289\n|move|p1b: Thundurus|Eerie Impulse|p2b: Witch's Brew\n|-unboost|p2b: Witch's Brew|spa|2\n|move|p2a: Nozdormu|Rock Slide|p1a: Garchomp|[spread] p1b\n|-miss|p2a: Nozdormu|p1a: Garchomp\n|-supereffective|p1b: Thundurus\n|-damage|p1b: Thundurus|0 fnt\n|faint|p1b: Thundurus\n|move|p2b: Witch's Brew|Calm Mind|p2b: Witch's Brew\n|-boost|p2b: Witch's Brew|spa|1\n|-boost|p2b: Witch's Brew|spd|1\n|move|p1a: Garchomp|Earthquake|p2b: Witch's Brew|[spread] p2a,p2b\n|-supereffective|p2a: Nozdormu\n|-resisted|p2b: Witch's Brew\n|-damage|p2a: Nozdormu|12\/100\n|-damage|p2b: Witch's Brew|55\/100\n|\n|-weather|Sandstorm|[upkeep]\n|-damage|p2b: Witch's Brew|49\/100|[from] Sandstorm\n|upkeep\n|\n|t:|1701039308\n|switch|p1b: Quaquaval|Quaquaval, L50, M|100\/100\n|turn|5\n|\n|t:|1701039412\n|switch|p2b: Tip the Scales|Kommo-o, L50, F|100\/100\n|move|p1b: Quaquaval|Detect|p1b: Quaquaval\n|-singleturn|p1b: Quaquaval|Protect\n|move|p2a: Nozdormu|Rock Slide|p1b: Quaquaval|[spread] p1a\n|-activate|p1b: Quaquaval|move: Protect\n|-damage|p1a: Garchomp|46\/100\n|move|p1a: Garchomp|Swords Dance|p1a: Garchomp\n|-boost|p1a: Garchomp|atk|2\n|\n|-weather|none\n|-fieldend|move: Trick Room\n|upkeep\n|turn|6\n|\n|t:|1701039526\n|switch|p1b: Beartic|Beartic, L50, F|100\/100\n|move|p2b: Tip the Scales|Protect|p2b: Tip the Scales\n|-singleturn|p2b: Tip the Scales|Protect\n|move|p1a: Garchomp|Earthquake|p2b: Tip the Scales|[spread] p1b,p2a\n|-activate|p2b: Tip the Scales|move: Protect\n|-supereffective|p2a: Nozdormu\n|-damage|p1b: Beartic|9\/100\n|-damage|p2a: Nozdormu|0 fnt\n|faint|p2a: Nozdormu\n|\n|upkeep\n|\n|t:|1701039551\n|switch|p2a: Okani|Bruxish, L50, F|100\/100\n|turn|7\n|\n|t:|1701039769\n|-terastallize|p2a: Okani|Psychic\n|move|p2a: Okani|Psychic Fangs|p1a: Garchomp\n|-damage|p1a: Garchomp|0 fnt\n|faint|p1a: Garchomp\n|move|p2b: Tip the Scales|Flash Cannon|p1b: Beartic\n|-supereffective|p1b: Beartic\n|-damage|p1b: Beartic|0 fnt\n|faint|p1b: Beartic\n|\n|upkeep\n|\n|t:|1701039803\n|switch|p1a: Quaquaval|Quaquaval, L50, M|100\/100\n|turn|8\n|\n|t:|1701039809\n|move|p1a: Quaquaval|Detect|p1a: Quaquaval\n|-singleturn|p1a: Quaquaval|Protect\n|move|p2a: Okani|Psychic Fangs|p1a: Quaquaval\n|-activate|p1a: Quaquaval|move: Protect\n|move|p2b: Tip the Scales|Flash Cannon|p1a: Quaquaval\n|-activate|p1a: Quaquaval|move: Protect\n|\n|upkeep\n|turn|9\n|c|\u2606poppinphresh|gg!\n|\n|t:|1701039819\n|move|p2a: Okani|Psychic Fangs|p1a: Quaquaval\n|-supereffective|p1a: Quaquaval\n|-damage|p1a: Quaquaval|0 fnt\n|faint|p1a: Quaquaval\n|\n|win|poppinphresh\n|c|\u2606Raymond935|gg\n|l|\u2606Raymond935\n","uploadtime":1701040578,"views":32,"p1id":"raymond935","p2id":"poppinphresh","formatid":"gen9vgc2023regulatione","rating":0,"private":0,"password":""}