{"id":"gen9vgc2023regulatione-1997729478","p1":"Piccius","p2":"japangemu","format":"[Gen 9] VGC 2023 Regulation E","log":"|j|\u2606Piccius\n|j|\u2606japangemu\n|t:|1700846472\n|gametype|doubles\n|player|p1|Piccius|265|1462\n|player|p2|japangemu|2|1429\n|teamsize|p1|6\n|teamsize|p2|6\n|gen|9\n|tier|[Gen 9] VGC 2023 Regulation E\n|rated|\n|rule|Species Clause: Limit one of each Pok\u00e9mon\n|rule|Item Clause: Limit one of each item\n|clearpoke\n|poke|p1|Chi-Yu, L50|\n|poke|p1|Kingambit, L50, M|\n|poke|p1|Flutter Mane, L50|\n|poke|p1|Rillaboom, L50, M|\n|poke|p1|Farigiraf, L50, F|\n|poke|p1|Urshifu-*, L50, M|\n|poke|p2|Volcarona, L50, M|\n|poke|p2|Amoonguss, L50, M|\n|poke|p2|Iron Hands, L50|\n|poke|p2|Landorus-Therian, L50, M|\n|poke|p2|Roaring Moon, L50|\n|poke|p2|Chien-Pao, L50|\n|teampreview|4\n|inactive|Battle timer is ON: inactive players will automatically lose when time's up. (requested by japangemu)\njapangemu rejected open team sheets.\n|\n|t:|1700846508\n|start\n|switch|p1a: Urshifu|Urshifu-Rapid-Strike, L50, M|100\/100\n|switch|p1b: Chi-Yu|Chi-Yu, L50|100\/100\n|switch|p2a: Landorus|Landorus-Therian, L50, M|100\/100\n|switch|p2b: Roaring Moon|Roaring Moon, L50|100\/100\n|-ability|p2a: Landorus|Intimidate|boost\n|-unboost|p1a: Urshifu|atk|1\n|-unboost|p1b: Chi-Yu|atk|1\n|-ability|p1b: Chi-Yu|Beads of Ruin\n|-enditem|p2b: Roaring Moon|Booster Energy\n|-activate|p2b: Roaring Moon|ability: Protosynthesis|[fromitem]\n|-start|p2b: Roaring Moon|protosynthesisatk\n|turn|1\n|inactive|japangemu has 30 seconds left.\n|inactive|japangemu has 20 seconds left.\n|inactive|Piccius has 30 seconds left.\n|inactive|japangemu has 15 seconds left.\n|\n|t:|1700846557\n|switch|p1b: Rillaboom|Rillaboom, L50, M|100\/100\n|-fieldstart|move: Grassy Terrain|[from] ability: Grassy Surge|[of] p1b: Rillaboom\n|-terastallize|p2a: Landorus|Flying\n|-terastallize|p1a: Urshifu|Water\n|move|p2a: Landorus|Rock Slide|p1a: Urshifu|[spread] p1a,p1b\n|-damage|p1a: Urshifu|77\/100\n|-damage|p1b: Rillaboom|77\/100\n|move|p2b: Roaring Moon|Dragon Dance|p2b: Roaring Moon\n|-boost|p2b: Roaring Moon|atk|1\n|-boost|p2b: Roaring Moon|spe|1\n|move|p1a: Urshifu|Close Combat|p2b: Roaring Moon\n|-supereffective|p2b: Roaring Moon\n|-damage|p2b: Roaring Moon|0 fnt\n|-unboost|p1a: Urshifu|def|1\n|-unboost|p1a: Urshifu|spd|1\n|faint|p2b: Roaring Moon\n|-end|p2b: Roaring Moon|Protosynthesis|[silent]\n|\n|-heal|p1a: Urshifu|83\/100|[from] Grassy Terrain\n|-heal|p1b: Rillaboom|83\/100|[from] Grassy Terrain\n|upkeep\n|\n|t:|1700846576\n|switch|p2b: Volcarona|Volcarona, L50, M|100\/100\n|turn|2\n|\n|t:|1700846591\n|switch|p2b: Amoonguss|Amoonguss, L50, M|100\/100\n|move|p1b: Rillaboom|Fake Out|p2a: Landorus\n|-damage|p2a: Landorus|86\/100\n|cant|p2a: Landorus|flinch\n|move|p1a: Urshifu|Surging Strikes|p2b: Amoonguss\n|-resisted|p2b: Amoonguss\n|-crit|p2b: Amoonguss\n|-damage|p2b: Amoonguss|88\/100\n|-damage|p1a: Urshifu|66\/100|[from] item: Rocky Helmet|[of] p2b: Amoonguss\n|-resisted|p2b: Amoonguss\n|-crit|p2b: Amoonguss\n|-damage|p2b: Amoonguss|76\/100\n|-damage|p1a: Urshifu|50\/100|[from] item: Rocky Helmet|[of] p2b: Amoonguss\n|-resisted|p2b: Amoonguss\n|-crit|p2b: Amoonguss\n|-damage|p2b: Amoonguss|63\/100\n|-damage|p1a: Urshifu|33\/100|[from] item: Rocky Helmet|[of] p2b: Amoonguss\n|-hitcount|p2b: Amoonguss|3\n|\n|-heal|p1a: Urshifu|39\/100|[from] Grassy Terrain\n|-heal|p1b: Rillaboom|89\/100|[from] Grassy Terrain\n|-heal|p2b: Amoonguss|69\/100|[from] Grassy Terrain\n|upkeep\n|turn|3\n|inactive|Piccius has 30 seconds left.\n|\n|t:|1700846620\n|switch|p2a: Volcarona|Volcarona, L50, M|100\/100\n|switch|p1a: Flutter Mane|Flutter Mane, L50|100\/100\n|-enditem|p1a: Flutter Mane|Booster Energy\n|-activate|p1a: Flutter Mane|ability: Protosynthesis|[fromitem]\n|-start|p1a: Flutter Mane|protosynthesisspe\n|switch|p1b: Chi-Yu|Chi-Yu, L50|100\/100\n|-ability|p1b: Chi-Yu|Beads of Ruin\n|move|p2b: Amoonguss|Rage Powder|p2b: Amoonguss\n|-singleturn|p2b: Amoonguss|move: Rage Powder\n|\n|-heal|p2b: Amoonguss|75\/100|[from] Grassy Terrain\n|upkeep\n|turn|4\n|inactive|japangemu has 30 seconds left.\n|\n|t:|1700846649\n|move|p2b: Amoonguss|Protect|p2b: Amoonguss\n|-singleturn|p2b: Amoonguss|Protect\n|move|p1a: Flutter Mane|Icy Wind|p2b: Amoonguss|[spread] p2a\n|-activate|p2b: Amoonguss|move: Protect\n|-resisted|p2a: Volcarona\n|-damage|p2a: Volcarona|92\/100\n|-unboost|p2a: Volcarona|spe|1\n|move|p1b: Chi-Yu|Heat Wave|p2a: Volcarona|[spread] p2a\n|-activate|p2b: Amoonguss|move: Protect\n|-damage|p2a: Volcarona|15\/100\n|move|p2a: Volcarona|Quiver Dance|p2a: Volcarona\n|-boost|p2a: Volcarona|spa|1\n|-boost|p2a: Volcarona|spd|1\n|-boost|p2a: Volcarona|spe|1\n|\n|-heal|p2a: Volcarona|22\/100|[from] Grassy Terrain\n|-heal|p2a: Volcarona|28\/100|[from] item: Leftovers\n|-heal|p2b: Amoonguss|81\/100|[from] Grassy Terrain\n|upkeep\n|turn|5\n|\n|t:|1700846669\n|move|p2a: Volcarona|Protect|p2a: Volcarona\n|-singleturn|p2a: Volcarona|Protect\n|move|p1a: Flutter Mane|Icy Wind|p2a: Volcarona|[spread] p2b\n|-activate|p2a: Volcarona|move: Protect\n|-supereffective|p2b: Amoonguss\n|-damage|p2b: Amoonguss|48\/100\n|-unboost|p2b: Amoonguss|spe|1\n|move|p1b: Chi-Yu|Heat Wave|p2a: Volcarona|[spread] p2b\n|-activate|p2a: Volcarona|move: Protect\n|-supereffective|p2b: Amoonguss\n|-damage|p2b: Amoonguss|0 fnt\n|faint|p2b: Amoonguss\n|\n|-heal|p2a: Volcarona|34\/100|[from] Grassy Terrain\n|-heal|p2a: Volcarona|40\/100|[from] item: Leftovers\n|-fieldend|move: Grassy Terrain\n|upkeep\n|\n|t:|1700846684\n|switch|p2b: Landorus|Landorus-Therian, L50, M, tera:Flying|86\/100\n|-ability|p2b: Landorus|Intimidate|boost\n|-unboost|p1a: Flutter Mane|atk|1\n|-unboost|p1b: Chi-Yu|atk|1\n|turn|6\n|\n|t:|1700846699\n|move|p1a: Flutter Mane|Icy Wind|p2b: Landorus|[spread] p2a,p2b\n|-resisted|p2a: Volcarona\n|-supereffective|p2b: Landorus\n|-damage|p2a: Volcarona|35\/100\n|-damage|p2b: Landorus|45\/100\n|-unboost|p2a: Volcarona|spe|1\n|-unboost|p2b: Landorus|spe|1\n|move|p1b: Chi-Yu|Heat Wave|p2b: Landorus|[spread] p2b\n|-miss|p1b: Chi-Yu|p2a: Volcarona\n|-damage|p2b: Landorus|0 fnt\n|faint|p2b: Landorus\n|move|p2a: Volcarona|Quiver Dance|p2a: Volcarona\n|-boost|p2a: Volcarona|spa|1\n|-boost|p2a: Volcarona|spd|1\n|-boost|p2a: Volcarona|spe|1\n|\n|-heal|p2a: Volcarona|41\/100|[from] item: Leftovers\n|upkeep\n|turn|7\n|-message|japangemu forfeited.\n|\n|win|Piccius\n|raw|Piccius's rating: 1462 &rarr; <strong>1480<\/strong><br \/>(+18 for winning)\n|raw|japangemu's rating: 1429 &rarr; <strong>1411<\/strong><br \/>(-18 for losing)\n|l|\u2606japangemu\n","uploadtime":1700846713,"views":12,"p1id":"piccius","p2id":"japangemu","formatid":"gen9vgc2023regulatione","rating":1411,"private":0,"password":""}