{"id":"gen9vgc2023regulatione-1996761345","p1":"SethLeander","p2":"PhillyDolph","format":"[Gen 9] VGC 2023 Regulation E","log":"|j|\u2606SethLeander\n|j|\u2606PhillyDolph\n|t:|1700720785\n|gametype|doubles\n|player|p1|SethLeander|burglar|1107\n|player|p2|PhillyDolph|red|1201\n|teamsize|p1|6\n|teamsize|p2|6\n|gen|9\n|tier|[Gen 9] VGC 2023 Regulation E\n|rated|\n|rule|Species Clause: Limit one of each Pok\u00e9mon\n|rule|Item Clause: Limit one of each item\n|clearpoke\n|poke|p1|Indeedee-F, L50, F|\n|poke|p1|Armarouge, L50, F|\n|poke|p1|Iron Hands, L50|\n|poke|p1|Sneasler, L50, F|\n|poke|p1|Meowscarada, L50, F|\n|poke|p1|Empoleon, L50, F|\n|poke|p2|Iron Treads, L50|\n|poke|p2|Thundurus, L50, M|\n|poke|p2|Iron Hands, L50|\n|poke|p2|Flutter Mane, L50|\n|poke|p2|Iron Bundle, L50|\n|poke|p2|Iron Jugulis, L50|\n|teampreview|4\n|inactive|Battle timer is ON: inactive players will automatically lose when time's up. (requested by PhillyDolph)\n|j| QueenFluffyShadow\n|inactive|SethLeander has 60 seconds left.\n|inactive|PhillyDolph has 60 seconds left.\n|inactive|PhillyDolph has 30 seconds left.\n|\n|t:|1700720847\n|start\n|switch|p1a: Mega Man|Armarouge, L50, F|100\/100\n|switch|p1b: Jimmy Hands|Iron Hands, L50, shiny|100\/100\n|switch|p2a: Thundurus|Thundurus, L50, M, shiny|100\/100\n|switch|p2b: Iron Treads|Iron Treads, L50|100\/100\n|turn|1\n|inactive|SethLeander has 30 seconds left.\n|\n|t:|1700720878\n|-terastallize|p2b: Iron Treads|Ground\n|-terastallize|p1a: Mega Man|Water\n|move|p1a: Mega Man|Endure|p1a: Mega Man\n|-singleturn|p1a: Mega Man|move: Endure\n|move|p2a: Thundurus|Taunt|p1a: Mega Man\n|-start|p1a: Mega Man|move: Taunt\n|move|p2b: Iron Treads|High Horsepower|p1b: Jimmy Hands\n|-supereffective|p1b: Jimmy Hands\n|-crit|p1b: Jimmy Hands\n|-damage|p1b: Jimmy Hands|0 fnt\n|faint|p1b: Jimmy Hands\n|-end|p1b: Jimmy Hands|Quark Drive|[silent]\n|\n|upkeep\n|\n|t:|1700720895\n|switch|p1b: Gholdengo Jr.|Empoleon, L50, F|100\/100\n|turn|2\n|\n|t:|1700720917\n|switch|p1a: Thicc Room|Indeedee-F, L50, F|100\/100\n|-fieldstart|move: Psychic Terrain|[from] ability: Psychic Surge|[of] p1a: Thicc Room\n|move|p2b: Iron Treads|High Horsepower|p1a: Thicc Room\n|-crit|p1a: Thicc Room\n|-damage|p1a: Thicc Room|0 fnt\n|-damage|p2b: Iron Treads|84\/100|[from] item: Rocky Helmet|[of] p1a: Thicc Room\n|faint|p1a: Thicc Room\n|move|p2a: Thundurus|Thunderbolt|p1b: Gholdengo Jr.\n|-supereffective|p1b: Gholdengo Jr.\n|-damage|p1b: Gholdengo Jr.|33\/100\n|move|p1b: Gholdengo Jr.|Hydro Pump|p2b: Iron Treads\n|-supereffective|p2b: Iron Treads\n|-damage|p2b: Iron Treads|0 fnt\n|faint|p2b: Iron Treads\n|-end|p2b: Iron Treads|Quark Drive|[silent]\n|\n|upkeep\n|c|\u2606PhillyDolph|gg\n|\n|t:|1700720931\n|switch|p2b: Iron Hands|Iron Hands, L50|100\/100\n|switch|p1a: Mega Man|Armarouge, L50, F, tera:Water|100\/100\n|turn|3\n|\n|t:|1700720945\n|move|p1a: Mega Man|Endure|p1a: Mega Man\n|-singleturn|p1a: Mega Man|move: Endure\n|move|p2a: Thundurus|Electric Terrain|p2a: Thundurus\n|-fieldstart|move: Electric Terrain\n|-activate|p2b: Iron Hands|ability: Quark Drive\n|-start|p2b: Iron Hands|quarkdriveatk\n|move|p1b: Gholdengo Jr.|Hydro Pump|p2a: Thundurus\n|-damage|p2a: Thundurus|16\/100\n|move|p2b: Iron Hands|Wild Charge|p1a: Mega Man\n|-supereffective|p1a: Mega Man\n|-activate|p1a: Mega Man|move: Endure\n|-damage|p1a: Mega Man|1\/100\n|-ability|p1a: Mega Man|Weak Armor|boost\n|-unboost|p1a: Mega Man|def|1\n|-boost|p1a: Mega Man|spe|2\n|-enditem|p1a: Mega Man|Weakness Policy\n|-boost|p1a: Mega Man|atk|2|[from] item: Weakness Policy\n|-boost|p1a: Mega Man|spa|2|[from] item: Weakness Policy\n|-damage|p2b: Iron Hands|84\/100|[from] Recoil\n|\n|upkeep\n|turn|4\n|\n|t:|1700720965\n|move|p2a: Thundurus|Thunder Wave|p1b: Gholdengo Jr.|[miss]\n|-miss|p2a: Thundurus|p1b: Gholdengo Jr.\n|move|p1a: Mega Man|Expanding Force|p2b: Iron Hands\n|-supereffective|p2b: Iron Hands\n|-damage|p2b: Iron Hands|0 fnt\n|faint|p2b: Iron Hands\n|-end|p2b: Iron Hands|Quark Drive|[silent]\n|move|p1b: Gholdengo Jr.|Hydro Pump|p2a: Thundurus\n|-damage|p2a: Thundurus|0 fnt\n|faint|p2a: Thundurus\n|\n|upkeep\n|\n|t:|1700720971\n|switch|p2b: Iron Jugulis|Iron Jugulis, L50|100\/100\n|-activate|p2b: Iron Jugulis|ability: Quark Drive\n|-start|p2b: Iron Jugulis|quarkdrivespe\n|turn|5\n|c|\u2606SethLeander|gg?\n|c|\u2606PhillyDolph|ys\n|c|\u2606PhillyDolph|gg\n|\n|t:|1700720990\n|move|p1a: Mega Man|Aura Sphere|p2b: Iron Jugulis\n|-damage|p2b: Iron Jugulis|42\/100\n|move|p2b: Iron Jugulis|Dark Pulse|p1b: Gholdengo Jr.\n|-damage|p1b: Gholdengo Jr.|5\/100\n|move|p1b: Gholdengo Jr.|Hydro Pump|p2b: Iron Jugulis|[miss]\n|-miss|p1b: Gholdengo Jr.|p2b: Iron Jugulis\n|\n|upkeep\n|turn|6\n|\n|t:|1700721011\n|move|p1a: Mega Man|Aura Sphere|p2b: Iron Jugulis\n|-crit|p2b: Iron Jugulis\n|-damage|p2b: Iron Jugulis|0 fnt\n|faint|p2b: Iron Jugulis\n|-end|p2b: Iron Jugulis|Quark Drive|[silent]\n|\n|win|SethLeander\n|raw|SethLeander's rating: 1107 &rarr; <strong>1139<\/strong><br \/>(+32 for winning)\n|raw|PhillyDolph's rating: 1201 &rarr; <strong>1169<\/strong><br \/>(-32 for losing)\n|c|\u2606SethLeander|wp\n|l|\u2606PhillyDolph\n|l| QueenFluffyShadow\n","uploadtime":1700721043,"views":3,"p1id":"sethleander","p2id":"phillydolph","formatid":"gen9vgc2023regulatione","rating":1139,"private":0,"password":""}