{"id":"gen9vgc2023regulatione-1992111408","p1":"Cjj22","p2":"Deli(VeryReal)","format":"[Gen 9] VGC 2023 Regulation E","log":"|j|\u2606Cjj22\n|j|\u2606Deli(VeryReal)\n|t:|1700156030\n|gametype|doubles\n|player|p1|Cjj22|n|1159\n|player|p2|Deli(VeryReal)|hilbert|1152\n|teamsize|p1|6\n|teamsize|p2|6\n|gen|9\n|tier|[Gen 9] VGC 2023 Regulation E\n|rated|\n|rule|Species Clause: Limit one of each Pok\u00e9mon\n|rule|Item Clause: Limit one of each item\n|clearpoke\n|poke|p1|Articuno, L50|\n|poke|p1|Chien-Pao, L50|\n|poke|p1|Dragonite, L50, F|\n|poke|p1|Amoonguss, L50, M|\n|poke|p1|Flutter Mane, L50|\n|poke|p1|Arcanine-Hisui, L50, F|\n|poke|p2|Braviary, L50, M|\n|poke|p2|Lilligant-Hisui, L50, F|\n|poke|p2|Torkoal, L50, F|\n|poke|p2|Oranguru, L50, M|\n|poke|p2|Ursaluna-Bloodmoon, L50, M|\n|poke|p2|Maushold, L50|\n|teampreview|4\n|inactive|Battle timer is ON: inactive players will automatically lose when time's up. (requested by Deli(VeryReal))\n|inactive|Cjj22 has 60 seconds left.\n|\n|t:|1700156076\n|start\n|switch|p1a: Chien-Pao|Chien-Pao, L50|100\/100\n|switch|p1b: Flutter Mane|Flutter Mane, L50|100\/100\n|switch|p2a: Maushold|Maushold, L50|100\/100\n|switch|p2b: Oranguru|Oranguru, L50, M|100\/100\n|-ability|p1a: Chien-Pao|Sword of Ruin\n|turn|1\n|inactive|Cjj22 has 30 seconds left.\n|\n|t:|1700156108\n|move|p1a: Chien-Pao|Sacred Sword|p2a: Maushold\n|-supereffective|p2a: Maushold\n|-damage|p2a: Maushold|28\/100\n|move|p2a: Maushold|Taunt|p1b: Flutter Mane\n|-start|p1b: Flutter Mane|move: Taunt\n|cant|p1b: Flutter Mane|move: Taunt|Trick Room\n|move|p2b: Oranguru|Trick Room|p2b: Oranguru\n|-fieldstart|move: Trick Room|[of] p2b: Oranguru\n|\n|upkeep\n|turn|2\n|\n|t:|1700156120\n|-end|p1b: Flutter Mane|Protosynthesis|[silent]\n|switch|p1b: Amoonguss|Amoonguss, L50, M|100\/100\n|move|p2b: Oranguru|Protect|p2b: Oranguru\n|-singleturn|p2b: Oranguru|Protect\n|move|p2a: Maushold|U-turn|p1b: Amoonguss\n|-damage|p1b: Amoonguss|89\/100\n|\n|t:|1700156123\n|switch|p2a: Torkoal|Torkoal, L50, F|100\/100|[from] U-turn\n|-weather|SunnyDay|[from] ability: Drought|[of] p2a: Torkoal\n|move|p1a: Chien-Pao|Sacred Sword|p2a: Torkoal\n|-damage|p2a: Torkoal|69\/100\n|\n|-weather|SunnyDay|[upkeep]\n|upkeep\n|turn|3\n|\n|t:|1700156139\n|switch|p2b: Maushold|Maushold, L50|28\/100\n|switch|p1a: Dragonite|Dragonite, L50, F|100\/100\n|-terastallize|p2a: Torkoal|Fire\n|move|p2a: Torkoal|Heat Wave|p1b: Amoonguss|[spread] p1a\n|-miss|p2a: Torkoal|p1b: Amoonguss\n|-resisted|p1a: Dragonite\n|-damage|p1a: Dragonite|80\/100\n|move|p1b: Amoonguss|Spore|p2a: Torkoal\n|-status|p2a: Torkoal|slp|[from] move: Spore\n|\n|-weather|SunnyDay|[upkeep]\n|upkeep\n|turn|4\n|c|\u2606Deli(VeryReal)|Bs\n|inactive|Cjj22 has 30 seconds left.\n|\n|t:|1700156167\n|move|p2b: Maushold|Protect|p2b: Maushold\n|-singleturn|p2b: Maushold|Protect\n|move|p1a: Dragonite|Extreme Speed|p2b: Maushold\n|-activate|p2b: Maushold|move: Protect\n|cant|p2a: Torkoal|slp\n|move|p1b: Amoonguss|Pollen Puff|p1a: Dragonite\n|-heal|p1a: Dragonite|100\/100\n|\n|-weather|SunnyDay|[upkeep]\n|upkeep\n|turn|5\n|\n|t:|1700156184\n|-terastallize|p1b: Amoonguss|Water\n|move|p1a: Dragonite|Extreme Speed|p2b: Maushold\n|-damage|p2b: Maushold|2\/100\n|move|p2b: Maushold|Follow Me|p2b: Maushold\n|-singleturn|p2b: Maushold|move: Follow Me\n|-curestatus|p2a: Torkoal|slp|[msg]\n|move|p2a: Torkoal|Eruption|p1b: Amoonguss|[spread] p1a,p1b\n|-resisted|p1a: Dragonite\n|-resisted|p1b: Amoonguss\n|-damage|p1a: Dragonite|78\/100\n|-damage|p1b: Amoonguss|53\/100\n|move|p1b: Amoonguss|Spore|p2b: Maushold\n|-status|p2b: Maushold|slp|[from] move: Spore\n|\n|-weather|SunnyDay|[upkeep]\n|-fieldend|move: Trick Room\n|upkeep\n|turn|6\n|-message|Deli(VeryReal) forfeited.\n|\n|win|Cjj22\n|raw|Cjj22's rating: 1159 &rarr; <strong>1183<\/strong><br \/>(+24 for winning)\n|raw|Deli(VeryReal)'s rating: 1152 &rarr; <strong>1128<\/strong><br \/>(-24 for losing)\n|l|\u2606Deli(VeryReal)\n","uploadtime":1700156203,"views":14,"p1id":"cjj22","p2id":"deliveryreal","formatid":"gen9vgc2023regulatione","rating":1128,"private":0,"password":""}