{"id":"gen9vgc2023regulatione-1990077612","p1":"zakmancho","p2":"E4Mence","format":"[Gen 9] VGC 2023 Regulation E","log":"|j|\u2606zakmancho\n|j|\u2606E4Mence\n|t:|1699922128\n|gametype|doubles\n|player|p1|zakmancho|102|1167\n|player|p2|E4Mence|1|1118\n|teamsize|p1|6\n|teamsize|p2|6\n|gen|9\n|tier|[Gen 9] VGC 2023 Regulation E\n|rated|\n|rule|Species Clause: Limit one of each Pok\u00e9mon\n|rule|Item Clause: Limit one of each item\n|clearpoke\n|poke|p1|Tyranitar, L50, M|\n|poke|p1|Ogerpon-Wellspring, L50, F|\n|poke|p1|Ursaluna-Bloodmoon, L50, M|\n|poke|p1|Rillaboom, L50, F|\n|poke|p1|Urshifu-*, L50, F|\n|poke|p1|Flutter Mane, L50|\n|poke|p2|Zapdos-Galar, L50|\n|poke|p2|Rillaboom, L50, F|\n|poke|p2|Flutter Mane, L50|\n|poke|p2|Ogerpon-Wellspring, L50, F|\n|poke|p2|Arcanine-Hisui, L50, M|\n|poke|p2|Landorus, L50, M|\n|teampreview|4\n|inactive|Battle timer is ON: inactive players will automatically lose when time's up. (requested by zakmancho)\n|inactive|E4Mence has 60 seconds left.\n|\n|t:|1699922164\n|start\n|switch|p1a: Urshifu|Urshifu-Rapid-Strike, L50, F|100\/100\n|switch|p1b: Ogerpon|Ogerpon-Wellspring, L50, F|100\/100\n|switch|p2a: Zapdos|Zapdos-Galar, L50|100\/100\n|switch|p2b: Landorus|Landorus, L50, M|100\/100\n|turn|1\n|inactive|zakmancho has 30 seconds left.\n|inactive|zakmancho has 20 seconds left.\n|inactive|zakmancho has 15 seconds left.\n|inactive|zakmancho has 10 seconds left.\n|\n|t:|1699922214\n|switch|p2b: Rillaboom|Rillaboom, L50, F|100\/100\n|-fieldstart|move: Grassy Terrain|[from] ability: Grassy Surge|[of] p2b: Rillaboom\n|-enditem|p2a: Zapdos|Grassy Seed\n|-boost|p2a: Zapdos|def|1|[from] item: Grassy Seed\n|move|p1b: Ogerpon|Spiky Shield|p1b: Ogerpon\n|-singleturn|p1b: Ogerpon|move: Protect\n|move|p1a: Urshifu|Surging Strikes|p2b: Rillaboom\n|-resisted|p2b: Rillaboom\n|-crit|p2b: Rillaboom\n|-damage|p2b: Rillaboom|92\/100\n|-resisted|p2b: Rillaboom\n|-crit|p2b: Rillaboom\n|-damage|p2b: Rillaboom|81\/100\n|-resisted|p2b: Rillaboom\n|-crit|p2b: Rillaboom\n|-damage|p2b: Rillaboom|72\/100\n|-hitcount|p2b: Rillaboom|3\n|move|p2a: Zapdos|Acrobatics|p1a: Urshifu\n|-supereffective|p1a: Urshifu\n|-damage|p1a: Urshifu|8\/100\n|\n|-heal|p1a: Urshifu|14\/100|[from] Grassy Terrain\n|-heal|p2b: Rillaboom|78\/100|[from] Grassy Terrain\n|upkeep\n|turn|2\n|inactive|zakmancho has 30 seconds left.\n|\n|t:|1699922243\n|switch|p1a: Rillaboom|Rillaboom, L50, F|100\/100\n|move|p2b: Rillaboom|Fake Out|p1a: Rillaboom\n|-damage|p1a: Rillaboom|84\/100\n|move|p2a: Zapdos|Acrobatics|p1b: Ogerpon\n|-supereffective|p1b: Ogerpon\n|-damage|p1b: Ogerpon|0 fnt\n|faint|p1b: Ogerpon\n|\n|-heal|p1a: Rillaboom|90\/100|[from] Grassy Terrain\n|-heal|p2b: Rillaboom|84\/100|[from] Grassy Terrain\n|upkeep\n|\n|t:|1699922256\n|switch|p1b: Flutter Mane|Flutter Mane, L50|100\/100\n|turn|3\n|\n|t:|1699922266\n|move|p1b: Flutter Mane|Protect|p1b: Flutter Mane\n|-singleturn|p1b: Flutter Mane|Protect\n|move|p2a: Zapdos|Protect|p2a: Zapdos\n|-singleturn|p2a: Zapdos|Protect\n|move|p2b: Rillaboom|Grassy Glide|p1b: Flutter Mane\n|-activate|p1b: Flutter Mane|move: Protect\n|move|p1a: Rillaboom|U-turn|p2b: Rillaboom\n|-supereffective|p2b: Rillaboom\n|-damage|p2b: Rillaboom|38\/100\n|\n|t:|1699922276\n|switch|p1a: Urshifu|Urshifu-Rapid-Strike, L50, F|14\/100|[from] U-turn\n|\n|-heal|p1a: Urshifu|20\/100|[from] Grassy Terrain\n|-heal|p2b: Rillaboom|44\/100|[from] Grassy Terrain\n|upkeep\n|turn|4\n|\n|t:|1699922297\n|-terastallize|p1b: Flutter Mane|Fairy\n|-terastallize|p2a: Zapdos|Flying\n|move|p2b: Rillaboom|Grassy Glide|p1a: Urshifu\n|-supereffective|p1a: Urshifu\n|-damage|p1a: Urshifu|0 fnt\n|faint|p1a: Urshifu\n|move|p1b: Flutter Mane|Dazzling Gleam|p2a: Zapdos|[spread] p2a,p2b\n|-crit|p2a: Zapdos\n|-damage|p2a: Zapdos|27\/100\n|-damage|p2b: Rillaboom|0 fnt\n|faint|p2b: Rillaboom\n|move|p2a: Zapdos|Acrobatics|p1b: Flutter Mane\n|-enditem|p1b: Flutter Mane|Focus Sash\n|-damage|p1b: Flutter Mane|1\/100\n|\n|-heal|p1b: Flutter Mane|7\/100|[from] Grassy Terrain\n|upkeep\n|\n|t:|1699922316\n|switch|p1a: Rillaboom|Rillaboom, L50, F|90\/100\n|switch|p2b: Arcanine|Arcanine-Hisui, L50, M|100\/100\n|-ability|p2b: Arcanine|Intimidate|boost\n|-unboost|p1a: Rillaboom|atk|1\n|-unboost|p1b: Flutter Mane|atk|1\n|turn|5\n|-message|zakmancho forfeited.\n|\n|win|E4Mence\n|raw|zakmancho's rating: 1167 &rarr; <strong>1138<\/strong><br \/>(-29 for losing)\n|raw|E4Mence's rating: 1118 &rarr; <strong>1147<\/strong><br \/>(+29 for winning)\n|l|\u2606zakmancho\n","uploadtime":1699922325,"views":9,"p1id":"zakmancho","p2id":"e4mence","formatid":"gen9vgc2023regulatione","rating":1138,"private":0,"password":""}