{"id":"gen9vgc2023regulatione-1989266518","p1":"membrain","p2":"JL_GAMER7","format":"[Gen 9] VGC 2023 Regulation E","log":"|j|\u2606membrain\n|j|\u2606JL_GAMER7\n|t:|1699829770\n|gametype|doubles\n|player|p1|membrain|wallace|1228\n|player|p2|JL_GAMER7|hilbert|1316\n|teamsize|p1|6\n|teamsize|p2|6\n|gen|9\n|tier|[Gen 9] VGC 2023 Regulation E\n|rated|\n|rule|Species Clause: Limit one of each Pok\u00e9mon\n|rule|Item Clause: Limit one of each item\n|clearpoke\n|poke|p1|Rillaboom, L50, F|\n|poke|p1|Arcanine-Hisui, L50, F|\n|poke|p1|Landorus-Therian, L50, M|\n|poke|p1|Tornadus, L50, M|\n|poke|p1|Ogerpon-Wellspring, L50, F|\n|poke|p1|Flutter Mane, L50|\n|poke|p2|Armarouge, L50, F|\n|poke|p2|Indeedee-F, L50, F|\n|poke|p2|Torkoal, L50, F|\n|poke|p2|Kingambit, L50, F|\n|poke|p2|Lilligant, L50, F|\n|poke|p2|Iron Hands, L50|\n|teampreview|4\n|inactive|Battle timer is ON: inactive players will automatically lose when time's up. (requested by membrain)\n|inactive|membrain has 60 seconds left.\n|\n|t:|1699829815\n|start\n|switch|p1a: Tornadus|Tornadus, L50, M|100\/100\n|switch|p1b: Flutter Mane|Flutter Mane, L50|100\/100\n|switch|p2a: El fuegitos|Armarouge, L50, F|100\/100\n|switch|p2b: zi|Indeedee-F, L50, F|100\/100\n|-fieldstart|move: Psychic Terrain|[from] ability: Psychic Surge|[of] p2b: zi\n|-enditem|p2b: zi|Psychic Seed\n|-boost|p2b: zi|spd|1|[from] item: Psychic Seed\n|turn|1\n|\n|t:|1699829835\n|move|p2b: zi|Helping Hand|p2a: El fuegitos\n|-singleturn|p2a: El fuegitos|Helping Hand|[of] p2b: zi\n|move|p1a: Tornadus|Tailwind|p1a: Tornadus\n|-sidestart|p1: membrain|move: Tailwind\n|move|p1b: Flutter Mane|Shadow Ball|p2a: El fuegitos\n|-supereffective|p2a: El fuegitos\n|-damage|p2a: El fuegitos|0 fnt\n|faint|p2a: El fuegitos\n|\n|upkeep\n|\n|t:|1699829846\n|switch|p2a: La plantica|Lilligant, L50, F|100\/100\n|turn|2\n|\n|t:|1699829858\n|switch|p2b: Est\u00e1 que arde|Torkoal, L50, F|100\/100\n|-weather|SunnyDay|[from] ability: Drought|[of] p2b: Est\u00e1 que arde\n|-activate|p1b: Flutter Mane|ability: Protosynthesis\n|-start|p1b: Flutter Mane|protosynthesisspa\n|move|p1b: Flutter Mane|Shadow Ball|p2a: La plantica\n|-enditem|p2a: La plantica|Focus Sash\n|-damage|p2a: La plantica|1\/100\n|-unboost|p2a: La plantica|spd|1\n|move|p1a: Tornadus|Bleakwind Storm|p2a: La plantica|[spread] p2a,p2b\n|-supereffective|p2a: La plantica\n|-damage|p2a: La plantica|0 fnt\n|-damage|p2b: Est\u00e1 que arde|55\/100\n|-unboost|p2b: Est\u00e1 que arde|spe|1\n|faint|p2a: La plantica\n|\n|-weather|SunnyDay|[upkeep]\n|upkeep\n|\n|t:|1699829874\n|switch|p2a: zi|Indeedee-F, L50, F|100\/100\n|turn|3\n|\n|t:|1699829882\n|-end|p1b: Flutter Mane|Protosynthesis|[silent]\n|switch|p1b: Ogerpon|Ogerpon-Wellspring, L50, F|100\/100\n|move|p2a: zi|Follow Me|p2a: zi\n|-singleturn|p2a: zi|move: Follow Me\n|move|p1a: Tornadus|Bleakwind Storm|p2b: Est\u00e1 que arde|[spread] p2a,p2b\n|-damage|p2a: zi|71\/100\n|-damage|p2b: Est\u00e1 que arde|9\/100\n|-unboost|p2a: zi|spe|1\n|-unboost|p2b: Est\u00e1 que arde|spe|1\n|move|p2b: Est\u00e1 que arde|Heat Wave|p1a: Tornadus|[spread] p1a,p1b\n|-crit|p1a: Tornadus\n|-damage|p1a: Tornadus|3\/100\n|-damage|p1b: Ogerpon|40\/100\n|\n|-weather|SunnyDay|[upkeep]\n|upkeep\n|turn|4\n|inactive|membrain has 30 seconds left.\n|\n|t:|1699829909\n|move|p2b: Est\u00e1 que arde|Protect|p2b: Est\u00e1 que arde\n|-singleturn|p2b: Est\u00e1 que arde|Protect\n|move|p1a: Tornadus|Bleakwind Storm|p2b: Est\u00e1 que arde|[spread] p2a\n|-activate|p2b: Est\u00e1 que arde|move: Protect\n|-damage|p2a: zi|45\/100\n|move|p1b: Ogerpon|Horn Leech|p2a: zi\n|-damage|p2a: zi|0 fnt\n|-heal|p1b: Ogerpon|66\/100|[from] drain|[of] p2a: zi\n|faint|p2a: zi\n|\n|-weather|SunnyDay|[upkeep]\n|-sideend|p1: membrain|move: Tailwind\n|upkeep\n|turn|5\n|\n|t:|1699829923\n|move|p2b: Est\u00e1 que arde|Protect|p2b: Est\u00e1 que arde\n|-singleturn|p2b: Est\u00e1 que arde|Protect\n|move|p1a: Tornadus|Bleakwind Storm|p2b: Est\u00e1 que arde\n|-activate|p2b: Est\u00e1 que arde|move: Protect\n|move|p1b: Ogerpon|Stomping Tantrum|p2b: Est\u00e1 que arde\n|-activate|p2b: Est\u00e1 que arde|move: Protect\n|\n|-weather|SunnyDay|[upkeep]\n|-fieldend|move: Psychic Terrain\n|upkeep\n|turn|6\n|c|\u2606membrain|gg\n|c|\u2606JL_GAMER7|gg\n|\n|t:|1699829936\n|move|p1a: Tornadus|Bleakwind Storm|p2b: Est\u00e1 que arde\n|-damage|p2b: Est\u00e1 que arde|0 fnt\n|faint|p2b: Est\u00e1 que arde\n|\n|win|membrain\n|raw|membrain's rating: 1228 &rarr; <strong>1259<\/strong><br \/>(+31 for winning)\n|raw|JL_GAMER7's rating: 1316 &rarr; <strong>1291<\/strong><br \/>(-25 for losing)\n","uploadtime":1699829943,"views":9,"p1id":"membrain","p2id":"jlgamer7","formatid":"gen9vgc2023regulatione","rating":1259,"private":0,"password":""}