{"id":"gen9vgc2023regulatione-2000119347","p1":"finguhs","p2":"Hanou143","format":"[Gen 9] VGC 2023 Regulation E","log":"|j|\u2606finguhs\n|j|\u2606Hanou143\n|t:|1701158298\n|gametype|doubles\n|player|p1|finguhs|clair|1028\n|player|p2|Hanou143|265|1062\n|teamsize|p1|6\n|teamsize|p2|6\n|gen|9\n|tier|[Gen 9] VGC 2023 Regulation E\n|rated|\n|rule|Species Clause: Limit one of each Pok\u00e9mon\n|rule|Item Clause: Limit one of each item\n|clearpoke\n|poke|p1|Sableye, L50, F|\n|poke|p1|Ninetales-Alola, L50, F|\n|poke|p1|Iron Bundle, L50|\n|poke|p1|Arcanine-Hisui, L50, F|\n|poke|p1|Tornadus, L50, M|\n|poke|p1|Flapple, L50, M|\n|poke|p2|Dondozo, L50, M|\n|poke|p2|Golduck, L50, M|\n|poke|p2|Tatsugiri, L50, M|\n|poke|p2|Flamigo, L50, M|\n|poke|p2|Indeedee-F, L50, F|\n|poke|p2|Kommo-o, L50, M|\n|teampreview|4\n|inactive|Battle timer is ON: inactive players will automatically lose when time's up. (requested by finguhs)\n|inactive|Hanou143 has 60 seconds left.\n|inactive|Hanou143 has 30 seconds left.\n|inactive|Hanou143 has 20 seconds left.\n|inactive|Hanou143 has 15 seconds left.\n|inactive|Hanou143 has 10 seconds left.\n|inactive|Hanou143 has 5 seconds left.\n|\n|t:|1701158480\n|start\n|switch|p1a: Sableye|Sableye, L50, F|100\/100\n|switch|p1b: Ninetales|Ninetales-Alola, L50, F|100\/100\n|switch|p2a: Dondozo|Dondozo, L50, M|100\/100\n|switch|p2b: Golduck|Golduck, L50, M|100\/100\n|-weather|Snow|[from] ability: Snow Warning|[of] p1b: Ninetales\n|-ability|p2b: Golduck|Cloud Nine\n|turn|1\n|inactive|Hanou143 has 30 seconds left.\n|inactive|Hanou143 has 20 seconds left.\n|inactive|Hanou143 has 15 seconds left.\n|inactive|Hanou143 has 10 seconds left.\n|inactive|Hanou143 has 5 seconds left.\n|\n|t:|1701158535\n|move|p1a: Sableye|Gravity|p1a: Sableye\n|-fieldstart|move: Gravity\n|move|p1b: Ninetales|Hypnosis|p2a: Dondozo\n|-status|p2a: Dondozo|slp|[from] move: Hypnosis\n|move|p2b: Golduck|Flip Turn|p1a: Sableye\n|-damage|p1a: Sableye|83\/100\n|-damage|p2b: Golduck|84\/100|[from] item: Rocky Helmet|[of] p1a: Sableye\n|inactive|Hanou143 has 30 seconds left.\n|inactive|Hanou143 has 20 seconds left.\n|inactive|Hanou143 has 15 seconds left.\n|inactive|Hanou143 has 10 seconds left.\n|inactive|Hanou143 has 5 seconds left.\n|\n|t:|1701158590\n|switch|p2b: Tatsugiri|Tatsugiri, L50, M|100\/100|[from] Flip Turn\n|-activate|p2b: Tatsugiri|ability: Commander|[of] p2a: Dondozo\n|-boost|p2a: Dondozo|atk|2\n|-boost|p2a: Dondozo|spa|2\n|-boost|p2a: Dondozo|spe|2\n|-boost|p2a: Dondozo|def|2\n|-boost|p2a: Dondozo|spd|2\n|cant|p2a: Dondozo|slp\n|\n|-weather|Snow|[upkeep]\n|-status|p2b: Tatsugiri|tox|[from] item: Toxic Orb\n|upkeep\n|turn|2\n|inactive|Hanou143 has 30 seconds left.\n|inactive|Hanou143 has 20 seconds left.\n|inactive|Hanou143 has 15 seconds left.\n|inactive|Hanou143 has 10 seconds left.\n|inactive|Hanou143 has 5 seconds left.\n|\n|t:|1701158645\n|move|p1a: Sableye|Taunt|p2a: Dondozo\n|-immune|p2a: Dondozo|[from] ability: Oblivious\n|move|p1b: Ninetales|Aurora Veil|p1b: Ninetales\n|-sidestart|p1: finguhs|move: Aurora Veil\n|-curestatus|p2a: Dondozo|slp|[msg]\n|move|p2a: Dondozo|Earthquake|p1a: Sableye|[spread] p1a,p1b\n|-miss|p2a: Dondozo|p2b: Tatsugiri\n|-damage|p1a: Sableye|58\/100\n|-damage|p1b: Ninetales|84\/100\n|\n|-weather|Snow|[upkeep]\n|-damage|p2b: Tatsugiri|95\/100 tox|[from] psn\n|upkeep\n|turn|3\n|inactive|Hanou143 has 30 seconds left.\n|inactive|Hanou143 has 20 seconds left.\n|inactive|Hanou143 has 15 seconds left.\n|inactive|Hanou143 has 10 seconds left.\n|inactive|Hanou143 has 5 seconds left.\n|\n|t:|1701158700\n|move|p1b: Ninetales|Hypnosis|p2a: Dondozo\n|-status|p2a: Dondozo|slp|[from] move: Hypnosis\n|cant|p2a: Dondozo|slp\n|move|p1a: Sableye|Knock Off|p2a: Dondozo\n|-damage|p2a: Dondozo|92\/100 slp\n|-enditem|p2a: Dondozo|Leftovers|[from] move: Knock Off|[of] p1a: Sableye\n|\n|-weather|Snow|[upkeep]\n|-damage|p2b: Tatsugiri|84\/100 tox|[from] psn\n|upkeep\n|turn|4\n|\n|t:|1701158719\n|switch|p1b: Chombis|Flapple, L50, M, shiny|100\/100\n|cant|p2a: Dondozo|slp\n|move|p1a: Sableye|Knock Off|p2a: Dondozo\n|-damage|p2a: Dondozo|86\/100 slp\n|\n|-weather|Snow|[upkeep]\n|-damage|p2b: Tatsugiri|67\/100 tox|[from] psn\n|upkeep\n|turn|5\n|\n|t:|1701158729\n|-terastallize|p1b: Chombis|Grass\n|move|p1b: Chombis|Grav Apple|p2a: Dondozo\n|-supereffective|p2a: Dondozo\n|-damage|p2a: Dondozo|4\/100 slp\n|-unboost|p2a: Dondozo|def|1\n|-curestatus|p2a: Dondozo|slp|[msg]\n|move|p2a: Dondozo|Order Up|p1b: Chombis\n|-damage|p1b: Chombis|66\/100\n|-boost|p2a: Dondozo|atk|1\n|move|p1a: Sableye|Knock Off|p2a: Dondozo\n|-damage|p2a: Dondozo|0 fnt\n|faint|p2a: Dondozo\n|\n|-weather|none\n|-damage|p2b: Tatsugiri|45\/100 tox|[from] psn\n|-fieldend|move: Gravity\n|upkeep\n|-message|Hanou143 forfeited.\n|\n|win|finguhs\n|raw|finguhs's rating: 1028 &rarr; <strong>1067<\/strong><br \/>(+39 for winning)\n|raw|Hanou143's rating: 1062 &rarr; <strong>1041<\/strong><br \/>(-21 for losing)\n|l|\u2606Hanou143\n","uploadtime":1701158756,"views":11,"p1id":"finguhs","p2id":"hanou143","formatid":"gen9vgc2023regulatione","rating":1041,"private":0,"password":""}