{"id":"gen9vgc2023regulatione-1998812516","p1":"Y4kle","p2":"kojiminori1","format":"[Gen 9] VGC 2023 Regulation E","log":"|j|\u2606Y4kle\n|j|\u2606kojiminori1\n|t:|1700995993\n|gametype|doubles\n|player|p1|Y4kle|bugcatcher-gen4dp|1480\n|player|p2|kojiminori1|101|1722\n|teamsize|p1|6\n|teamsize|p2|6\n|gen|9\n|tier|[Gen 9] VGC 2023 Regulation E\n|rated|\n|rule|Species Clause: Limit one of each Pok\u00e9mon\n|rule|Item Clause: Limit one of each item\n|clearpoke\n|poke|p1|Flutter Mane, L50|\n|poke|p1|Tornadus, L50, M|\n|poke|p1|Rillaboom, L50, F|\n|poke|p1|Arcanine-Hisui, L50, M|\n|poke|p1|Urshifu-*, L50, M|\n|poke|p1|Kingambit, L50, M|\n|poke|p2|Regieleki, L50|\n|poke|p2|Ogerpon-Hearthflame, L50, F|\n|poke|p2|Urshifu-*, L50, M|\n|poke|p2|Rillaboom, L50, F|\n|poke|p2|Farigiraf, L50, F|\n|poke|p2|Kingambit, L50, M|\n|teampreview|4\n|inactive|Battle timer is ON: inactive players will automatically lose when time's up. (requested by Y4kle)\n|inactive|Y4kle has 60 seconds left.\n|\n|t:|1700996044\n|start\n|switch|p1a: Tornadus|Tornadus, L50, M|100\/100\n|switch|p1b: Rillaboom|Rillaboom, L50, F|100\/100\n|switch|p2a: Regieleki|Regieleki, L50|100\/100\n|switch|p2b: Urshifu|Urshifu-Rapid-Strike, L50, M|100\/100\n|-fieldstart|move: Grassy Terrain|[from] ability: Grassy Surge|[of] p1b: Rillaboom\n|turn|1\n|inactive|Y4kle has 30 seconds left.\n|\n|t:|1700996070\n|move|p1a: Tornadus|Tailwind|p1a: Tornadus\n|-sidestart|p1: Y4kle|move: Tailwind\n|move|p2a: Regieleki|Electroweb|p1a: Tornadus|[spread] p1a,p1b\n|-supereffective|p1a: Tornadus\n|-resisted|p1b: Rillaboom\n|-damage|p1a: Tornadus|42\/100\n|-damage|p1b: Rillaboom|89\/100\n|-unboost|p1a: Tornadus|spe|1\n|-unboost|p1b: Rillaboom|spe|1\n|move|p2b: Urshifu|U-turn|p1b: Rillaboom\n|-supereffective|p1b: Rillaboom\n|-damage|p1b: Rillaboom|13\/100\n|\n|t:|1700996093\n|switch|p2b: Rillaboom|Rillaboom, L50, F|100\/100|[from] U-turn\n|move|p1b: Rillaboom|High Horsepower|p2a: Regieleki\n|-supereffective|p2a: Regieleki\n|-damage|p2a: Regieleki|0 fnt\n|faint|p2a: Regieleki\n|\n|-heal|p1b: Rillaboom|19\/100|[from] Grassy Terrain\n|upkeep\n|\n|t:|1700996106\n|switch|p2a: Ogerpon|Ogerpon-Hearthflame, L50, F|100\/100\n|-ability|p2a: Ogerpon|Mold Breaker\n|turn|2\n|\n|t:|1700996129\n|switch|p1b: Arcanine|Arcanine-Hisui, L50, M|100\/100\n|-ability|p1b: Arcanine|Intimidate|boost\n|-unboost|p2a: Ogerpon|atk|1\n|-unboost|p2b: Rillaboom|atk|1\n|move|p2b: Rillaboom|Fake Out|p1a: Tornadus\n|-damage|p1a: Tornadus|31\/100\n|cant|p1a: Tornadus|flinch\n|move|p2a: Ogerpon|Ivy Cudgel|p1b: Arcanine|[anim] Ivy Cudgel Fire\n|-resisted|p1b: Arcanine\n|-damage|p1b: Arcanine|90\/100\n|\n|-heal|p1b: Arcanine|96\/100|[from] Grassy Terrain\n|upkeep\n|turn|3\n|inactive|kojiminori1 has 30 seconds left.\n|inactive|kojiminori1 has 20 seconds left.\n|inactive|kojiminori1 has 15 seconds left.\n|inactive|kojiminori1 has 10 seconds left.\n|inactive|kojiminori1 has 5 seconds left.\n|\n|t:|1700996182\n|move|p2a: Ogerpon|Grassy Glide|p1a: Tornadus\n|-resisted|p1a: Tornadus\n|-damage|p1a: Tornadus|14\/100\n|move|p2b: Rillaboom|Grassy Glide|p1a: Tornadus\n|-resisted|p1a: Tornadus\n|-damage|p1a: Tornadus|2\/100\n|move|p1b: Arcanine|Rock Slide|p2b: Rillaboom|[spread] p2b\n|-miss|p1b: Arcanine|p2a: Ogerpon\n|-damage|p2b: Rillaboom|55\/100\n|move|p1a: Tornadus|Bleakwind Storm|p2a: Ogerpon|[spread] p2a\n|-miss|p1a: Tornadus|p2b: Rillaboom\n|-supereffective|p2a: Ogerpon\n|-damage|p2a: Ogerpon|26\/100\n|-unboost|p2a: Ogerpon|spe|1\n|\n|-heal|p1b: Arcanine|100\/100|[from] Grassy Terrain\n|-heal|p2b: Rillaboom|60\/100|[from] Grassy Terrain\n|-heal|p2a: Ogerpon|31\/100|[from] Grassy Terrain\n|upkeep\n|turn|4\n|inactive|Y4kle has 30 seconds left.\n|inactive|kojiminori1 has 30 seconds left.\n|\n|t:|1700996207\n|switch|p1a: Rillaboom|Rillaboom, L50, F|19\/100\n|switch|p2a: Urshifu|Urshifu-Rapid-Strike, L50, M|100\/100\n|move|p2b: Rillaboom|Grassy Glide|p1a: Rillaboom\n|-resisted|p1a: Rillaboom\n|-damage|p1a: Rillaboom|6\/100\n|move|p1b: Arcanine|Rock Slide|p2a: Urshifu|[spread] p2b\n|-miss|p1b: Arcanine|p2a: Urshifu\n|-damage|p2b: Rillaboom|15\/100\n|\n|-heal|p1a: Rillaboom|12\/100|[from] Grassy Terrain\n|-heal|p2b: Rillaboom|21\/100|[from] Grassy Terrain\n|-sideend|p1: Y4kle|move: Tailwind\n|upkeep\n|turn|5\n|inactive|kojiminori1 has 30 seconds left.\n|inactive|kojiminori1 has 20 seconds left.\n|inactive|kojiminori1 has 15 seconds left.\n|inactive|kojiminori1 has 10 seconds left.\n|inactive|kojiminori1 has 5 seconds left.\n|\n|t:|1700996258\n|switch|p2b: Ogerpon|Ogerpon-Hearthflame, L50, F|31\/100\n|-ability|p2b: Ogerpon|Mold Breaker\n|move|p1a: Rillaboom|Fake Out|p2a: Urshifu\n|-damage|p2a: Urshifu|85\/100\n|cant|p2a: Urshifu|flinch\n|move|p1b: Arcanine|Rock Slide|p2a: Urshifu|[spread] p2a,p2b\n|-resisted|p2a: Urshifu\n|-supereffective|p2b: Ogerpon\n|-damage|p2a: Urshifu|64\/100\n|-damage|p2b: Ogerpon|0 fnt\n|faint|p2b: Ogerpon\n|\n|-heal|p2a: Urshifu|70\/100|[from] Grassy Terrain\n|-heal|p1a: Rillaboom|18\/100|[from] Grassy Terrain\n|-fieldend|move: Grassy Terrain\n|upkeep\n|\n|t:|1700996276\n|switch|p2b: Rillaboom|Rillaboom, L50, F|21\/100\n|-fieldstart|move: Grassy Terrain|[from] ability: Grassy Surge|[of] p2b: Rillaboom\n|turn|6\n|\n|t:|1700996293\n|switch|p1b: Tornadus|Tornadus, L50, M|2\/100\n|-terastallize|p2a: Urshifu|Water\n|move|p2b: Rillaboom|Fake Out|p1b: Tornadus\n|-damage|p1b: Tornadus|0 fnt\n|faint|p1b: Tornadus\n|move|p2a: Urshifu|Surging Strikes|p1a: Rillaboom\n|-resisted|p1a: Rillaboom\n|-crit|p1a: Rillaboom\n|-damage|p1a: Rillaboom|0 fnt\n|faint|p1a: Rillaboom\n|-hitcount|p1: Rillaboom|1\n|\n|-heal|p2a: Urshifu|76\/100|[from] Grassy Terrain\n|-heal|p2b: Rillaboom|27\/100|[from] Grassy Terrain\n|upkeep\n|\n|t:|1700996306\n|switch|p1b: Arcanine|Arcanine-Hisui, L50, M|100\/100\n|switch|p1a: Urshifu|Urshifu-Rapid-Strike, L50, M|100\/100\n|-ability|p1b: Arcanine|Intimidate|boost\n|-unboost|p2a: Urshifu|atk|1\n|-unboost|p2b: Rillaboom|atk|1\n|turn|7\n|inactive|Y4kle has 30 seconds left.\n|\n|t:|1700996332\n|-terastallize|p1b: Arcanine|Fairy\n|move|p1a: Urshifu|Detect|p1a: Urshifu\n|-singleturn|p1a: Urshifu|Protect\n|move|p2b: Rillaboom|Grassy Glide|p1a: Urshifu\n|-activate|p1a: Urshifu|move: Protect\n|move|p2a: Urshifu|Surging Strikes|p1a: Urshifu\n|-resisted|p1a: Urshifu\n|-crit|p1a: Urshifu\n|-damage|p1a: Urshifu|80\/100\n|-resisted|p1a: Urshifu\n|-crit|p1a: Urshifu\n|-damage|p1a: Urshifu|60\/100\n|-resisted|p1a: Urshifu\n|-crit|p1a: Urshifu\n|-damage|p1a: Urshifu|40\/100\n|-hitcount|p1a: Urshifu|3\n|move|p1b: Arcanine|Rock Slide|p2a: Urshifu|[spread] p2a,p2b\n|-crit|p2a: Urshifu\n|-damage|p2a: Urshifu|15\/100\n|-damage|p2b: Rillaboom|0 fnt\n|faint|p2b: Rillaboom\n|\n|-heal|p2a: Urshifu|21\/100|[from] Grassy Terrain\n|-heal|p1a: Urshifu|46\/100|[from] Grassy Terrain\n|upkeep\n|turn|8\n|inactive|kojiminori1 has 30 seconds left.\n|\n|t:|1700996357\n|move|p2a: Urshifu|Surging Strikes|p1a: Urshifu\n|-resisted|p1a: Urshifu\n|-crit|p1a: Urshifu\n|-damage|p1a: Urshifu|24\/100\n|-resisted|p1a: Urshifu\n|-crit|p1a: Urshifu\n|-damage|p1a: Urshifu|4\/100\n|-resisted|p1a: Urshifu\n|-crit|p1a: Urshifu\n|-damage|p1a: Urshifu|0 fnt\n|faint|p1a: Urshifu\n|-hitcount|p1: Urshifu|3\n|move|p1b: Arcanine|Rock Slide|p2a: Urshifu\n|-damage|p2a: Urshifu|0 fnt\n|faint|p2a: Urshifu\n|\n|win|Y4kle\n|raw|Y4kle's rating: 1480 &rarr; <strong>1512<\/strong><br \/>(+32 for winning)\n|raw|kojiminori1's rating: 1722 &rarr; <strong>1690<\/strong><br \/>(-32 for losing)\n|l|\u2606kojiminori1\n","uploadtime":1700996373,"views":10,"p1id":"y4kle","p2id":"kojiminori1","formatid":"gen9vgc2023regulatione","rating":1512,"private":0,"password":""}