{"id":"gen9vgc2023regulatione-1995120808","p1":"kennymaker64","p2":"chriscanway","format":"[Gen 9] VGC 2023 Regulation E","log":"|j|\u2606kennymaker64\n|j|\u2606chriscanway\n|t:|1700524848\n|gametype|doubles\n|player|p1|kennymaker64|169|\n|player|p2|chriscanway|ethan|\n|teamsize|p1|6\n|teamsize|p2|6\n|gen|9\n|tier|[Gen 9] VGC 2023 Regulation E\n|rule|Species Clause: Limit one of each Pok\u00e9mon\n|rule|Item Clause: Limit one of each item\n|clearpoke\n|poke|p1|Sinistcha-Masterpiece, L50|\n|poke|p1|Torkoal, L50, M|\n|poke|p1|Slowking-Galar, L50, M|\n|poke|p1|Iron Hands, L50|\n|poke|p1|Grimmsnarl, L50, M|\n|poke|p1|Ursaluna-Bloodmoon, L50, M|\n|poke|p2|Tornadus, L50, M|\n|poke|p2|Ogerpon-Wellspring, L50, F|\n|poke|p2|Iron Hands, L50|\n|poke|p2|Arcanine-Hisui, L50, M|\n|poke|p2|Urshifu-*, L50, F|\n|poke|p2|Landorus-Therian, L50, M|\n|teampreview|4\nkennymaker64 has agreed to open team sheets.\n|\n|t:|1700524906\n|start\n|switch|p1a: Brainwash|Slowking-Galar, L50, M|100\/100\n|switch|p1b: Grimmsnarl|Grimmsnarl, L50, M|100\/100\n|switch|p2a: Tornadus|Tornadus, L50, M|100\/100\n|switch|p2b: Landorus|Landorus-Therian, L50, M|100\/100\n|-ability|p2b: Landorus|Intimidate|boost\n|-fail|p1a: Brainwash|unboost|Attack|[from] ability: Own Tempo|[of] p1a: Brainwash\n|-unboost|p1b: Grimmsnarl|atk|1\n|turn|1\n|\n|t:|1700524944\n|-terastallize|p1a: Brainwash|Fairy\n|move|p2a: Tornadus|Taunt|p1a: Brainwash\n|-start|p1a: Brainwash|move: Taunt\n|move|p1b: Grimmsnarl|Taunt|p2a: Tornadus\n|-start|p2a: Tornadus|move: Taunt\n|move|p2b: Landorus|Stomping Tantrum|p1b: Grimmsnarl\n|-damage|p1b: Grimmsnarl|47\/100\n|move|p1a: Brainwash|Psychic|p2b: Landorus\n|-crit|p2b: Landorus\n|-damage|p2b: Landorus|36\/100\n|\n|upkeep\n|turn|2\n|\n|t:|1700524962\n|move|p1b: Grimmsnarl|Light Screen|p1b: Grimmsnarl\n|-sidestart|p1: kennymaker64|move: Light Screen\n|move|p2b: Landorus|Stomping Tantrum|p1b: Grimmsnarl\n|-damage|p1b: Grimmsnarl|0 fnt\n|faint|p1b: Grimmsnarl\n|move|p2a: Tornadus|Bleakwind Storm|p1a: Brainwash\n|-damage|p1a: Brainwash|74\/100\n|move|p1a: Brainwash|Psychic|p2b: Landorus\n|-damage|p2b: Landorus|0 fnt\n|faint|p2b: Landorus\n|\n|upkeep\n|\n|t:|1700524967\n|switch|p2b: Arcanine|Arcanine-Hisui, L50, M|100\/100\n|switch|p1b: Will Smith|Iron Hands, L50|100\/100\n|-ability|p2b: Arcanine|Intimidate|boost\n|-fail|p1a: Brainwash|unboost|Attack|[from] ability: Own Tempo|[of] p1a: Brainwash\n|-unboost|p1b: Will Smith|atk|1\n|turn|3\n|\n|t:|1700524985\n|move|p1b: Will Smith|Fake Out|p2a: Tornadus\n|-damage|p2a: Tornadus|87\/100\n|move|p2a: Tornadus|Bleakwind Storm|p1b: Will Smith|[spread] p1a,p1b\n|-damage|p1a: Brainwash|53\/100\n|-damage|p1b: Will Smith|88\/100\n|move|p2b: Arcanine|Flare Blitz|p1a: Brainwash\n|-damage|p1a: Brainwash|0 fnt\n|faint|p1a: Brainwash\n|-damage|p2b: Arcanine|80\/100|[from] Recoil\n|\n|upkeep\n|\n|t:|1700524988\n|switch|p1a: Iroh|Sinistcha-Masterpiece, L50|100\/100\n|-heal|p1b: Will Smith|100\/100|[from] ability: Hospitality|[of] p1a: Iroh\n|turn|4\n|\n|t:|1700524996\n|move|p2a: Tornadus|Bleakwind Storm|p1a: Iroh|[spread] p1a\n|-miss|p2a: Tornadus|p1b: Will Smith\n|-supereffective|p1a: Iroh\n|-damage|p1a: Iroh|42\/100\n|-enditem|p1a: Iroh|Sitrus Berry|[eat]\n|-heal|p1a: Iroh|67\/100|[from] item: Sitrus Berry\n|move|p2b: Arcanine|Flare Blitz|p1a: Iroh\n|-supereffective|p1a: Iroh\n|-damage|p1a: Iroh|0 fnt\n|faint|p1a: Iroh\n|-damage|p2b: Arcanine|57\/100|[from] Recoil\n|move|p1b: Will Smith|Drain Punch|p2b: Arcanine\n|-supereffective|p2b: Arcanine\n|-damage|p2b: Arcanine|0 fnt\n|faint|p2b: Arcanine\n|\n|-end|p2a: Tornadus|move: Taunt\n|upkeep\n|\n|t:|1700524999\n|switch|p2b: Urshifu|Urshifu, L50, F|100\/100\n|turn|5\n|\n|t:|1700525009\n|move|p2a: Tornadus|Bleakwind Storm|p1b: Will Smith\n|-damage|p1b: Will Smith|84\/100\n|move|p2b: Urshifu|Close Combat|p1b: Will Smith\n|-damage|p1b: Will Smith|41\/100\n|-unboost|p2b: Urshifu|def|1\n|-unboost|p2b: Urshifu|spd|1\n|move|p1b: Will Smith|Drain Punch|p2b: Urshifu\n|-supereffective|p2b: Urshifu\n|-damage|p2b: Urshifu|18\/100\n|-heal|p1b: Will Smith|70\/100|[from] drain|[of] p2b: Urshifu\n|\n|upkeep\n|turn|6\n|\n|t:|1700525024\n|move|p2a: Tornadus|Bleakwind Storm|p1b: Will Smith|[miss]\n|-miss|p2a: Tornadus|p1b: Will Smith\n|move|p2b: Urshifu|Close Combat|p1b: Will Smith\n|-damage|p1b: Will Smith|23\/100\n|-unboost|p2b: Urshifu|def|1\n|-unboost|p2b: Urshifu|spd|1\n|move|p1b: Will Smith|Drain Punch|p2b: Urshifu\n|-supereffective|p2b: Urshifu\n|-damage|p2b: Urshifu|0 fnt\n|-heal|p1b: Will Smith|30\/100|[from] drain|[of] p2b: Urshifu\n|faint|p2b: Urshifu\n|\n|upkeep\n|turn|7\n|\n|t:|1700525030\n|-terastallize|p2a: Tornadus|Dark\n|move|p2a: Tornadus|Bleakwind Storm|p1b: Will Smith\n|-damage|p1b: Will Smith|14\/100\n|move|p1b: Will Smith|Wild Charge|p2a: Tornadus\n|-damage|p2a: Tornadus|42\/100\n|-damage|p1b: Will Smith|7\/100|[from] Recoil\n|\n|upkeep\n|turn|8\n|\n|t:|1700525038\n|move|p2a: Tornadus|Bleakwind Storm|p1b: Will Smith\n|-damage|p1b: Will Smith|0 fnt\n|faint|p1b: Will Smith\n|-end|p1b: Will Smith|Quark Drive|[silent]\n|\n|win|chriscanway\n|l|\u2606kennymaker64\n|l|\u2606chriscanway\n|j|\u2606chriscanway\n|player|p2|chriscanway|ethan\n|l|\u2606chriscanway\n|player|p2|\n|j|\u2606chriscanway\n|player|p2|chriscanway|ethan\n","uploadtime":1700525124,"views":5,"p1id":"kennymaker64","p2id":"chriscanway","formatid":"gen9vgc2023regulatione","rating":0,"private":0,"password":""}