{"id":"gen9vgc2023regulatione-1996338014","p1":"Valkyrie123","p2":"TrapZelda","format":"[Gen 9] VGC 2023 Regulation E","log":"|j|\u2606Valkyrie123\n|j|\u2606TrapZelda\n|t:|1700672529\n|gametype|doubles\n|player|p1|Valkyrie123|birdkeeper-gen6|1133\n|player|p2|TrapZelda|266|1164\n|teamsize|p1|6\n|teamsize|p2|6\n|gen|9\n|tier|[Gen 9] VGC 2023 Regulation E\n|rated|\n|rule|Species Clause: Limit one of each Pok\u00e9mon\n|rule|Item Clause: Limit one of each item\n|clearpoke\n|poke|p1|Rillaboom, L50, M|\n|poke|p1|Sneasler, L50, F|\n|poke|p1|Torkoal, L50, M|\n|poke|p1|Flutter Mane, L50|\n|poke|p1|Iron Hands, L50|\n|poke|p1|Zoroark-Hisui, L50, M|\n|poke|p2|Annihilape, L50, F|\n|poke|p2|Oranguru, L50, M|\n|poke|p2|Sinistcha, L50|\n|poke|p2|Tinkaton, L50, F|\n|poke|p2|Ursaluna-Bloodmoon, L50, M|\n|poke|p2|Torkoal, L50, M|\n|teampreview|4\n|inactive|Battle timer is ON: inactive players will automatically lose when time's up. (requested by TrapZelda)\n|inactive|Valkyrie123 has 60 seconds left.\n|\n|t:|1700672576\n|start\n|switch|p1a: Rillaboom|Rillaboom, L50, M|100\/100\n|switch|p1b: Flutter Mane|Flutter Mane, L50|100\/100\n|switch|p2a: Annihilape|Annihilape, L50, F|100\/100\n|switch|p2b: Sinistcha|Sinistcha, L50|100\/100\n|-fieldstart|move: Grassy Terrain|[from] ability: Grassy Surge|[of] p1a: Rillaboom\n|turn|1\n|inactive|Valkyrie123 has 30 seconds left.\n|\n|t:|1700672609\n|-terastallize|p2a: Annihilape|Ground\n|move|p1b: Flutter Mane|Icy Wind|p2b: Sinistcha|[spread] p2a,p2b\n|-supereffective|p2a: Annihilape\n|-supereffective|p2b: Sinistcha\n|-damage|p2a: Annihilape|67\/100\n|-damage|p2b: Sinistcha|58\/100\n|-unboost|p2a: Annihilape|spe|1\n|-ability|p2a: Annihilape|Defiant|boost\n|-boost|p2a: Annihilape|atk|2\n|-unboost|p2b: Sinistcha|spe|1\n|move|p1a: Rillaboom|Taunt|p2b: Sinistcha\n|-start|p2b: Sinistcha|move: Taunt\n|move|p2a: Annihilape|Rage Fist|p1b: Flutter Mane\n|-immune|p1b: Flutter Mane\n|cant|p2b: Sinistcha|move: Taunt|Trick Room\n|\n|-heal|p2a: Annihilape|72\/100|[from] Grassy Terrain\n|-heal|p2a: Annihilape|78\/100|[from] item: Leftovers\n|-heal|p2b: Sinistcha|64\/100|[from] Grassy Terrain\n|upkeep\n|turn|2\n|\n|t:|1700672633\n|switch|p2b: Oranguru|Oranguru, L50, M|100\/100\n|move|p2a: Annihilape|Protect|p2a: Annihilape\n|-singleturn|p2a: Annihilape|Protect\n|move|p1a: Rillaboom|Grassy Glide|p2a: Annihilape\n|-activate|p2a: Annihilape|move: Protect\n|move|p1b: Flutter Mane|Icy Wind|p2a: Annihilape|[spread] p2b\n|-activate|p2a: Annihilape|move: Protect\n|-damage|p2b: Oranguru|85\/100\n|-unboost|p2b: Oranguru|spe|1\n|\n|-heal|p2a: Annihilape|84\/100|[from] Grassy Terrain\n|-heal|p2a: Annihilape|90\/100|[from] item: Leftovers\n|-heal|p2b: Oranguru|91\/100|[from] Grassy Terrain\n|upkeep\n|turn|3\n|\n|t:|1700672652\n|switch|p2a: Sinistcha|Sinistcha, L50|64\/100\n|-heal|p2b: Oranguru|100\/100|[from] ability: Hospitality|[of] p2a: Sinistcha\n|move|p1b: Flutter Mane|Icy Wind|p2a: Sinistcha|[spread] p2a,p2b\n|-supereffective|p2a: Sinistcha\n|-damage|p2a: Sinistcha|20\/100\n|-damage|p2b: Oranguru|85\/100\n|-unboost|p2a: Sinistcha|spe|1\n|-unboost|p2b: Oranguru|spe|1\n|move|p1a: Rillaboom|Taunt|p2b: Oranguru\n|-start|p2b: Oranguru|move: Taunt\n|-enditem|p2b: Oranguru|Mental Herb\n|-end|p2b: Oranguru|move: Taunt\n|move|p2b: Oranguru|Trick Room|p2b: Oranguru\n|-fieldstart|move: Trick Room|[of] p2b: Oranguru\n|\n|-heal|p2b: Oranguru|91\/100|[from] Grassy Terrain\n|-heal|p2a: Sinistcha|26\/100|[from] Grassy Terrain\n|upkeep\n|turn|4\n|inactive|Valkyrie123 has 30 seconds left.\n|inactive|TrapZelda has 30 seconds left.\n|\n|t:|1700672682\n|switch|p1b: Sneasler|Sneasler, L50, F|100\/100\n|-enditem|p1b: Sneasler|Grassy Seed\n|-boost|p1b: Sneasler|def|1|[from] item: Grassy Seed\n|move|p2b: Oranguru|Foul Play|p1a: Rillaboom\n|-damage|p1a: Rillaboom|65\/100\n|move|p2a: Sinistcha|Strength Sap|p1a: Rillaboom\n|-unboost|p1a: Rillaboom|atk|1\n|-heal|p2a: Sinistcha|100\/100\n|move|p1a: Rillaboom|Taunt|p2b: Oranguru\n|-start|p2b: Oranguru|move: Taunt\n|\n|-heal|p2b: Oranguru|97\/100|[from] Grassy Terrain\n|-heal|p1a: Rillaboom|71\/100|[from] Grassy Terrain\n|upkeep\n|turn|5\n|inactive|Valkyrie123 has 30 seconds left.\n|inactive|TrapZelda has 30 seconds left.\n|\n|t:|1700672711\n|switch|p2b: Annihilape|Annihilape, L50, F, tera:Ground|90\/100\n|-terastallize|p1b: Sneasler|Flying\n|move|p2a: Sinistcha|Strength Sap|p1b: Sneasler\n|-unboost|p1b: Sneasler|atk|1\n|move|p1a: Rillaboom|Wood Hammer|p2b: Annihilape\n|-supereffective|p2b: Annihilape\n|-damage|p2b: Annihilape|0 fnt\n|faint|p2b: Annihilape\n|-damage|p1a: Rillaboom|41\/100|[from] Recoil\n|move|p1b: Sneasler|Acrobatics|p2a: Sinistcha\n|-supereffective|p2a: Sinistcha\n|-damage|p2a: Sinistcha|35\/100\n|-damage|p1b: Sneasler|84\/100|[from] item: Rocky Helmet|[of] p2a: Sinistcha\n|\n|-heal|p2a: Sinistcha|41\/100|[from] Grassy Terrain\n|-heal|p1a: Rillaboom|47\/100|[from] Grassy Terrain\n|-fieldend|move: Grassy Terrain\n|upkeep\n|\n|t:|1700672733\n|switch|p2b: Ursaluna|Ursaluna-Bloodmoon, L50, M|100\/100\n|turn|6\n|\n|t:|1700672750\n|move|p2a: Sinistcha|Strength Sap|p1b: Sneasler\n|-unboost|p1b: Sneasler|atk|1\n|-heal|p2a: Sinistcha|100\/100\n|move|p2b: Ursaluna|Hyper Voice|p1b: Sneasler|[spread] p1a,p1b\n|-damage|p1a: Rillaboom|0 fnt\n|-damage|p1b: Sneasler|25\/100\n|faint|p1a: Rillaboom\n|move|p1b: Sneasler|Close Combat|p2b: Ursaluna\n|-supereffective|p2b: Ursaluna\n|-damage|p2b: Ursaluna|51\/100\n|-unboost|p1b: Sneasler|def|1\n|-unboost|p1b: Sneasler|spd|1\n|\n|upkeep\n|\n|t:|1700672762\n|switch|p1a: Flutter Mane|Flutter Mane, L50|100\/100\n|turn|7\n|inactive|Valkyrie123 has 30 seconds left.\n|\n|t:|1700672790\n|move|p2a: Sinistcha|Shadow Ball|p1b: Sneasler\n|-damage|p1b: Sneasler|0 fnt\n|faint|p1b: Sneasler\n|move|p2b: Ursaluna|Blood Moon|p1a: Flutter Mane\n|-damage|p1a: Flutter Mane|0 fnt\n|replace|p1a: Zoroark|Zoroark-Hisui, L50, M\n|-end|p1a: Zoroark|Illusion\n|faint|p1a: Zoroark\n|\n|-fieldend|move: Trick Room\n|upkeep\n|\n|t:|1700672801\n|switch|p1b: Flutter Mane|Flutter Mane, L50|100\/100\n|turn|8\n|\n|t:|1700672809\n|move|p2b: Ursaluna|Protect|p2b: Ursaluna\n|-singleturn|p2b: Ursaluna|Protect\n|move|p1b: Flutter Mane|Shadow Ball|p2a: Sinistcha\n|-supereffective|p2a: Sinistcha\n|-damage|p2a: Sinistcha|15\/100\n|move|p2a: Sinistcha|Trick Room|p2a: Sinistcha\n|-fieldstart|move: Trick Room|[of] p2a: Sinistcha\n|\n|upkeep\n|turn|9\n|\n|t:|1700672819\n|move|p2a: Sinistcha|Shadow Ball|p1b: Flutter Mane\n|-supereffective|p1b: Flutter Mane\n|-damage|p1b: Flutter Mane|33\/100\n|-unboost|p1b: Flutter Mane|spd|1\n|move|p2b: Ursaluna|Blood Moon|p1b: Flutter Mane\n|-damage|p1b: Flutter Mane|0 fnt\n|faint|p1b: Flutter Mane\n|-end|p1b: Flutter Mane|Protosynthesis|[silent]\n|\n|win|TrapZelda\n|raw|Valkyrie123's rating: 1133 &rarr; <strong>1110<\/strong><br \/>(-23 for losing)\n|raw|TrapZelda's rating: 1164 &rarr; <strong>1187<\/strong><br \/>(+23 for winning)\n|l|\u2606Valkyrie123\n","uploadtime":1700672836,"views":8,"p1id":"valkyrie123","p2id":"trapzelda","formatid":"gen9vgc2023regulatione","rating":1110,"private":0,"password":""}