{"id":"gen9vgc2023regulatione-2000003738","p1":"Neoman15","p2":"Abused24","format":"[Gen 9] VGC 2023 Regulation E","log":"|j|\u2606Neoman15\n|j|\u2606Abused24\n|t:|1701139997\n|gametype|doubles\n|player|p1|Neoman15|dawn|1234\n|player|p2|Abused24|101|1271\n|teamsize|p1|6\n|teamsize|p2|6\n|gen|9\n|tier|[Gen 9] VGC 2023 Regulation E\n|rated|\n|rule|Species Clause: Limit one of each Pok\u00e9mon\n|rule|Item Clause: Limit one of each item\n|clearpoke\n|poke|p1|Annihilape, L50, F|\n|poke|p1|Maushold-Four, L50|\n|poke|p1|Sinistcha-Masterpiece, L50|\n|poke|p1|Flutter Mane, L50|\n|poke|p1|Chi-Yu, L50|\n|poke|p1|Iron Hands, L50|\n|poke|p2|Tornadus, L50, M|\n|poke|p2|Regidrago, L50|\n|poke|p2|Gholdengo, L50|\n|poke|p2|Amoonguss, L50, F|\n|poke|p2|Iron Hands, L50|\n|poke|p2|Farigiraf, L50, M|\n|teampreview|4\n|\n|t:|1701140060\n|start\n|switch|p1a: Iron Hands|Iron Hands, L50, shiny|100\/100\n|switch|p1b: Chi-Yu|Chi-Yu, L50|100\/100\n|switch|p2a: Iron Hands|Iron Hands, L50|100\/100\n|switch|p2b: Amoonguss|Amoonguss, L50, F|100\/100\n|-ability|p1b: Chi-Yu|Beads of Ruin\n|turn|1\n|inactive|Battle timer is ON: inactive players will automatically lose when time's up. (requested by Neoman15)\n|\n|t:|1701140125\n|move|p2a: Iron Hands|Fake Out|p1a: Iron Hands\n|-damage|p1a: Iron Hands|91\/100\n|move|p1b: Chi-Yu|Heat Wave|p2a: Iron Hands|[spread] p2a,p2b\n|-supereffective|p2b: Amoonguss\n|-damage|p2a: Iron Hands|57\/100\n|-damage|p2b: Amoonguss|0 fnt\n|faint|p2b: Amoonguss\n|cant|p1a: Iron Hands|flinch\n|\n|upkeep\n|inactive|Abused24 has 30 seconds left.\n|\n|t:|1701140155\n|switch|p2b: Tornadus|Tornadus, L50, M|100\/100\n|turn|2\n|\n|t:|1701140172\n|move|p2b: Tornadus|Tailwind|p2b: Tornadus\n|-sidestart|p2: Abused24|move: Tailwind\n|move|p2a: Iron Hands|Drain Punch|p1b: Chi-Yu\n|-supereffective|p1b: Chi-Yu\n|-damage|p1b: Chi-Yu|0 fnt\n|-heal|p2a: Iron Hands|92\/100|[from] drain|[of] p1b: Chi-Yu\n|faint|p1b: Chi-Yu\n|move|p1a: Iron Hands|Wild Charge|p2b: Tornadus\n|-supereffective|p2b: Tornadus\n|-damage|p2b: Tornadus|0 fnt\n|faint|p2b: Tornadus\n|-damage|p1a: Iron Hands|72\/100|[from] Recoil\n|\n|upkeep\n|\n|t:|1701140185\n|switch|p2b: Regidrago|Regidrago, L50|100\/100\n|switch|p1b: Annihilape|Annihilape, L50, F, shiny|100\/100\n|turn|3\n|inactive|Neoman15 has 30 seconds left.\n|inactive|Abused24 has 30 seconds left.\n|inactive|Neoman15 has 20 seconds left.\n|\n|t:|1701140223\n|move|p2b: Regidrago|Dragon Energy|p1a: Iron Hands|[spread] p1a,p1b\n|-damage|p1a: Iron Hands|5\/100\n|-damage|p1b: Annihilape|4\/100\n|move|p2a: Iron Hands|Heavy Slam|p1a: Iron Hands\n|-resisted|p1a: Iron Hands\n|-damage|p1a: Iron Hands|0 fnt\n|faint|p1a: Iron Hands\n|-end|p1a: Iron Hands|Quark Drive|[silent]\n|move|p1b: Annihilape|Drain Punch|p2b: Regidrago\n|-damage|p2b: Regidrago|70\/100\n|-heal|p1b: Annihilape|24\/100|[from] drain|[of] p2b: Regidrago\n|\n|-heal|p1b: Annihilape|30\/100|[from] item: Leftovers\n|upkeep\n|\n|t:|1701140234\n|switch|p1a: Maushold|Maushold-Four, L50, shiny|100\/100\n|turn|4\n|\n|t:|1701140248\n|-terastallize|p2b: Regidrago|Poison\n|move|p1b: Annihilape|Protect|p1b: Annihilape\n|-singleturn|p1b: Annihilape|Protect\n|move|p2b: Regidrago|Dragon Energy|p1a: Maushold|[spread] p1a\n|-activate|p1b: Annihilape|move: Protect\n|-damage|p1a: Maushold|9\/100\n|move|p1a: Maushold|Thunder Wave|p2b: Regidrago\n|-status|p2b: Regidrago|par\n|move|p2a: Iron Hands|Drain Punch|p1a: Maushold\n|-supereffective|p1a: Maushold\n|-damage|p1a: Maushold|0 fnt\n|-heal|p2a: Iron Hands|95\/100|[from] drain|[of] p1a: Maushold\n|faint|p1a: Maushold\n|\n|-heal|p1b: Annihilape|37\/100|[from] item: Leftovers\n|upkeep\n|turn|5\n|\n|t:|1701140269\n|move|p2a: Iron Hands|Wild Charge|p1b: Annihilape\n|-damage|p1b: Annihilape|0 fnt\n|faint|p1b: Annihilape\n|-damage|p2a: Iron Hands|87\/100|[from] Recoil\n|\n|win|Abused24\n|raw|Neoman15's rating: 1234 &rarr; <strong>1212<\/strong><br \/>(-22 for losing)\n|raw|Abused24's rating: 1271 &rarr; <strong>1293<\/strong><br \/>(+22 for winning)\n|l|\u2606Neoman15\n","uploadtime":1701140323,"views":2,"p1id":"neoman15","p2id":"abused24","formatid":"gen9vgc2023regulatione","rating":1212,"private":0,"password":""}