{"id":"gen9vgc2023regulatione-1995025155","p1":"Pete8738","p2":"Kentakio","format":"[Gen 9] VGC 2023 Regulation E","log":"|j|\u2606Pete8738\n|j|\u2606Kentakio\n|t:|1700514590\n|gametype|doubles\n|player|p1|Pete8738|101|1510\n|player|p2|Kentakio|guitarist|1500\n|teamsize|p1|6\n|teamsize|p2|6\n|gen|9\n|tier|[Gen 9] VGC 2023 Regulation E\n|rated|\n|rule|Species Clause: Limit one of each Pok\u00e9mon\n|rule|Item Clause: Limit one of each item\n|clearpoke\n|poke|p1|Kommo-o, L50, F|\n|poke|p1|Amoonguss, L50, F|\n|poke|p1|Roaring Moon, L50|\n|poke|p1|Sinistcha-Masterpiece, L50|\n|poke|p1|Tornadus, L50, M|\n|poke|p1|Iron Bundle, L50|\n|poke|p2|Baxcalibur, L50, F|\n|poke|p2|Ninetales-Alola, L50, F|\n|poke|p2|Gholdengo, L50|\n|poke|p2|Gothitelle, L50, M|\n|poke|p2|Urshifu-*, L50, M|\n|poke|p2|Ogerpon-Hearthflame, L50, F|\n|teampreview|4\n|inactive|Battle timer is ON: inactive players will automatically lose when time's up. (requested by Pete8738)\n|inactive|Kentakio has 60 seconds left.\n|\n|t:|1700514624\n|start\n|switch|p1a: Kommo-o|Kommo-o, L50, F|100\/100\n|switch|p1b: Tornadus|Tornadus, L50, M|100\/100\n|switch|p2a: Baxcalibur|Baxcalibur, L50, F|100\/100\n|switch|p2b: Ninetales|Ninetales-Alola, L50, F|100\/100\n|-weather|Snow|[from] ability: Snow Warning|[of] p2b: Ninetales\n|turn|1\n|\n|t:|1700514642\n|switch|p2b: Gothitelle|Gothitelle, L50, M|100\/100\n|-terastallize|p1a: Kommo-o|Steel\n|-terastallize|p2a: Baxcalibur|Ground\n|move|p1b: Tornadus|Rain Dance|p1b: Tornadus\n|-weather|RainDance\n|move|p1a: Kommo-o|Clangorous Soul|p1a: Kommo-o\n|-boost|p1a: Kommo-o|atk|1\n|-boost|p1a: Kommo-o|def|1\n|-boost|p1a: Kommo-o|spa|1\n|-boost|p1a: Kommo-o|spd|1\n|-boost|p1a: Kommo-o|spe|1\n|-damage|p1a: Kommo-o|68\/100\n|-enditem|p1a: Kommo-o|Throat Spray\n|-boost|p1a: Kommo-o|spa|1|[from] item: Throat Spray\n|move|p2a: Baxcalibur|High Horsepower|p1a: Kommo-o\n|-supereffective|p1a: Kommo-o\n|-damage|p1a: Kommo-o|0 fnt\n|faint|p1a: Kommo-o\n|\n|-weather|RainDance|[upkeep]\n|upkeep\n|\n|t:|1700514659\n|switch|p1a: Iron Bundle|Iron Bundle, L50|100\/100\n|turn|2\n|\n|t:|1700514674\n|switch|p2a: Ninetales|Ninetales-Alola, L50, F|100\/100\n|-weather|Snow|[from] ability: Snow Warning|[of] p2a: Ninetales\n|move|p1b: Tornadus|Taunt|p2b: Gothitelle\n|-start|p2b: Gothitelle|move: Taunt\n|move|p1a: Iron Bundle|Hydro Pump|p2a: Ninetales\n|-damage|p2a: Ninetales|45\/100\n|cant|p2b: Gothitelle|move: Taunt|Trick Room\n|\n|-weather|Snow|[upkeep]\n|upkeep\n|turn|3\n|\n|t:|1700514690\n|move|p1b: Tornadus|Rain Dance|p1b: Tornadus\n|-weather|RainDance\n|move|p1a: Iron Bundle|Hydro Pump|p2a: Ninetales|[miss]\n|-miss|p1a: Iron Bundle|p2a: Ninetales\n|move|p2a: Ninetales|Icy Wind|p1b: Tornadus|[spread] p1a,p1b\n|-resisted|p1a: Iron Bundle\n|-supereffective|p1b: Tornadus\n|-damage|p1a: Iron Bundle|95\/100\n|-damage|p1b: Tornadus|69\/100\n|-unboost|p1a: Iron Bundle|spe|1\n|move|p2b: Gothitelle|Psychic|p1a: Iron Bundle\n|-damage|p1a: Iron Bundle|33\/100\n|\n|-weather|RainDance|[upkeep]\n|upkeep\n|turn|4\n|inactive|Kentakio has 30 seconds left.\n|\n|t:|1700514716\n|move|p1b: Tornadus|Tailwind|p1b: Tornadus\n|-sidestart|p1: Pete8738|move: Tailwind\n|move|p1a: Iron Bundle|Hydro Pump|p2a: Ninetales\n|-damage|p2a: Ninetales|0 fnt\n|faint|p2a: Ninetales\n|move|p2b: Gothitelle|Psychic|p1a: Iron Bundle\n|-damage|p1a: Iron Bundle|0 fnt\n|faint|p1a: Iron Bundle\n|-end|p1a: Iron Bundle|Quark Drive|[silent]\n|\n|-weather|RainDance|[upkeep]\n|-end|p2b: Gothitelle|move: Taunt\n|upkeep\n|\n|t:|1700514726\n|switch|p1a: Roaring Moon|Roaring Moon, L50|100\/100\n|switch|p2a: Baxcalibur|Baxcalibur, L50, F, tera:Ground|100\/100\n|-enditem|p1a: Roaring Moon|Booster Energy\n|-activate|p1a: Roaring Moon|ability: Protosynthesis|[fromitem]\n|-start|p1a: Roaring Moon|protosynthesisatk\n|turn|5\n|\n|t:|1700514741\n|move|p1b: Tornadus|Taunt|p2b: Gothitelle\n|-start|p2b: Gothitelle|move: Taunt\n|move|p1a: Roaring Moon|Acrobatics|p2a: Baxcalibur\n|-damage|p2a: Baxcalibur|54\/100\n|move|p2a: Baxcalibur|Icicle Crash|p1a: Roaring Moon\n|-supereffective|p1a: Roaring Moon\n|-damage|p1a: Roaring Moon|0 fnt\n|faint|p1a: Roaring Moon\n|-end|p1a: Roaring Moon|Protosynthesis|[silent]\n|cant|p2b: Gothitelle|move: Taunt|Trick Room\n|\n|-weather|RainDance|[upkeep]\n|upkeep\n|turn|6\n|\n|t:|1700514751\n|move|p2a: Baxcalibur|Ice Shard|p1b: Tornadus\n|-supereffective|p1b: Tornadus\n|-damage|p1b: Tornadus|0 fnt\n|faint|p1b: Tornadus\n|\n|win|Kentakio\n|raw|Pete8738's rating: 1510 &rarr; <strong>1489<\/strong><br \/>(-21 for losing)\n|raw|Kentakio's rating: 1500 &rarr; <strong>1521<\/strong><br \/>(+21 for winning)\n","uploadtime":1700514759,"views":7,"p1id":"pete8738","p2id":"kentakio","formatid":"gen9vgc2023regulatione","rating":1489,"private":0,"password":""}