{"id":"gen9vgc2023regulatione-1991324248","p1":"Ramune3point0","p2":"katokunvgc","format":"[Gen 9] VGC 2023 Regulation E","log":"|j|\u2606Ramune3point0\n|j|\u2606katokunvgc\n|t:|1700067644\n|gametype|doubles\n|player|p1|Ramune3point0|2|1447\n|player|p2|katokunvgc|2|1411\n|teamsize|p1|6\n|teamsize|p2|6\n|gen|9\n|tier|[Gen 9] VGC 2023 Regulation E\n|rated|\n|rule|Species Clause: Limit one of each Pok\u00e9mon\n|rule|Item Clause: Limit one of each item\n|clearpoke\n|poke|p1|Gholdengo, L50|\n|poke|p1|Iron Hands, L50|\n|poke|p1|Amoonguss, L50, M|\n|poke|p1|Iron Bundle, L50|\n|poke|p1|Pelipper, L50, M|\n|poke|p1|Salamence, L50, M|\n|poke|p2|Moltres-Galar, L50|\n|poke|p2|Sinistcha-Masterpiece, L50|\n|poke|p2|Ninetales-Alola, L50, F|\n|poke|p2|Urshifu-*, L50, M|\n|poke|p2|Tornadus, L50, M|\n|poke|p2|Heatran, L50, M|\n|teampreview|4\n|inactive|Battle timer is ON: inactive players will automatically lose when time's up. (requested by katokunvgc)\n|inactive|Ramune3point0 has 60 seconds left.\n|inactive|katokunvgc has 60 seconds left.\n|\n|t:|1700067680\n|start\n|switch|p1a: Iron Hands|Iron Hands, L50|100\/100\n|switch|p1b: Gholdengo|Gholdengo, L50|100\/100\n|switch|p2a: Tornadus|Tornadus, L50, M|100\/100\n|switch|p2b: Ninetales|Ninetales-Alola, L50, F|100\/100\n|-weather|Snow|[from] ability: Snow Warning|[of] p2b: Ninetales\n|turn|1\n|\n|t:|1700067700\n|move|p2a: Tornadus|Protect|p2a: Tornadus\n|-singleturn|p2a: Tornadus|Protect\n|move|p2b: Ninetales|Protect|p2b: Ninetales\n|-singleturn|p2b: Ninetales|Protect\n|move|p1a: Iron Hands|Fake Out|p2a: Tornadus\n|-activate|p2a: Tornadus|move: Protect\n|move|p1b: Gholdengo|Make It Rain|p2b: Ninetales|[spread] \n|-activate|p2a: Tornadus|move: Protect\n|-activate|p2b: Ninetales|move: Protect\n|\n|-weather|Snow|[upkeep]\n|upkeep\n|turn|2\n|inactive|Ramune3point0 has 30 seconds left.\n|inactive|Ramune3point0 has 20 seconds left.\n|\n|t:|1700067738\n|-terastallize|p2b: Ninetales|Water\n|move|p2a: Tornadus|Tailwind|p2a: Tornadus\n|-sidestart|p2: katokunvgc|move: Tailwind\n|move|p2b: Ninetales|Aurora Veil|p2b: Ninetales\n|-sidestart|p2: katokunvgc|move: Aurora Veil\n|move|p1b: Gholdengo|Make It Rain|p2a: Tornadus|[spread] p2a,p2b\n|-resisted|p2b: Ninetales\n|-damage|p2a: Tornadus|62\/100\n|-damage|p2b: Ninetales|86\/100\n|-unboost|p1b: Gholdengo|spa|1\n|move|p1a: Iron Hands|Heavy Slam|p2b: Ninetales\n|-resisted|p2b: Ninetales\n|-damage|p2b: Ninetales|69\/100\n|\n|-weather|Snow|[upkeep]\n|upkeep\n|turn|3\n|\n|t:|1700067758\n|move|p2a: Tornadus|Bleakwind Storm|p1a: Iron Hands|[spread] p1a,p1b\n|-resisted|p1b: Gholdengo\n|-damage|p1a: Iron Hands|83\/100\n|-damage|p1b: Gholdengo|85\/100\n|-unboost|p1b: Gholdengo|spe|1\n|move|p2b: Ninetales|Moonblast|p1a: Iron Hands\n|-supereffective|p1a: Iron Hands\n|-damage|p1a: Iron Hands|52\/100\n|move|p1b: Gholdengo|Nasty Plot|p1b: Gholdengo\n|-boost|p1b: Gholdengo|spa|2\n|move|p1a: Iron Hands|Wild Charge|p2a: Tornadus\n|-supereffective|p2a: Tornadus\n|-damage|p2a: Tornadus|0 fnt\n|faint|p2a: Tornadus\n|-damage|p1a: Iron Hands|40\/100|[from] Recoil\n|\n|-weather|Snow|[upkeep]\n|-heal|p1b: Gholdengo|91\/100|[from] item: Leftovers\n|upkeep\n|\n|t:|1700067774\n|switch|p2a: Urshifu|Urshifu-Rapid-Strike, L50, M|100\/100\n|turn|4\n|inactive|Ramune3point0 has 30 seconds left.\n|inactive|katokunvgc has 30 seconds left.\n|inactive|katokunvgc has 20 seconds left.\n|\n|t:|1700067814\n|-terastallize|p1b: Gholdengo|Dragon\n|move|p2b: Ninetales|Moonblast|p1a: Iron Hands\n|-supereffective|p1a: Iron Hands\n|-damage|p1a: Iron Hands|10\/100\n|-unboost|p1a: Iron Hands|spa|1\n|move|p2a: Urshifu|Surging Strikes|p1b: Gholdengo\n|-resisted|p1b: Gholdengo\n|-crit|p1b: Gholdengo\n|-damage|p1b: Gholdengo|81\/100\n|-resisted|p1b: Gholdengo\n|-crit|p1b: Gholdengo\n|-damage|p1b: Gholdengo|71\/100\n|-resisted|p1b: Gholdengo\n|-crit|p1b: Gholdengo\n|-damage|p1b: Gholdengo|61\/100\n|-hitcount|p1b: Gholdengo|3\n|move|p1b: Gholdengo|Shadow Ball|p2a: Urshifu\n|-damage|p2a: Urshifu|36\/100\n|move|p1a: Iron Hands|Wild Charge|p2a: Urshifu\n|-supereffective|p2a: Urshifu\n|-damage|p2a: Urshifu|0 fnt\n|faint|p2a: Urshifu\n|-damage|p1a: Iron Hands|3\/100|[from] Recoil\n|\n|-weather|Snow|[upkeep]\n|-heal|p1b: Gholdengo|67\/100|[from] item: Leftovers\n|upkeep\n|\n|t:|1700067835\n|switch|p2a: Heatran|Heatran, L50, M|100\/100\n|turn|5\n|\n|t:|1700067852\n|-end|p1a: Iron Hands|Quark Drive|[silent]\n|switch|p1a: Iron Bundle|Iron Bundle, L50|100\/100\n|-enditem|p1a: Iron Bundle|Booster Energy\n|-activate|p1a: Iron Bundle|ability: Quark Drive|[fromitem]\n|-start|p1a: Iron Bundle|quarkdrivespe\n|move|p1b: Gholdengo|Protect|p1b: Gholdengo\n|-singleturn|p1b: Gholdengo|Protect\n|move|p2b: Ninetales|Blizzard|p1a: Iron Bundle|[spread] p1a\n|-activate|p1b: Gholdengo|move: Protect\n|-resisted|p1a: Iron Bundle\n|-damage|p1a: Iron Bundle|93\/100\n|move|p2a: Heatran|Heat Wave|p1b: Gholdengo|[spread] p1a\n|-activate|p1b: Gholdengo|move: Protect\n|-damage|p1a: Iron Bundle|21\/100\n|-damage|p2a: Heatran|91\/100|[from] item: Life Orb\n|\n|-weather|none\n|-heal|p1b: Gholdengo|73\/100|[from] item: Leftovers\n|-sideend|p2: katokunvgc|move: Tailwind\n|upkeep\n|turn|6\n|j| Playsterco\n|inactive|Ramune3point0 has 30 seconds left.\n|inactive|katokunvgc has 30 seconds left.\n|\n|t:|1700067883\n|move|p1b: Gholdengo|Protect||[still]\n|-fail|p1b: Gholdengo\n|move|p1a: Iron Bundle|Freeze-Dry|p2b: Ninetales\n|-supereffective|p2b: Ninetales\n|-damage|p2b: Ninetales|29\/100\n|-status|p2b: Ninetales|frz\n|cant|p2b: Ninetales|frz\n|move|p2a: Heatran|Heat Wave|p1a: Iron Bundle|[spread] p1b\n|-miss|p2a: Heatran|p1a: Iron Bundle\n|-resisted|p1b: Gholdengo\n|-damage|p1b: Gholdengo|47\/100\n|-status|p1b: Gholdengo|brn\n|-damage|p2a: Heatran|81\/100|[from] item: Life Orb\n|\n|-heal|p1b: Gholdengo|53\/100 brn|[from] item: Leftovers\n|-damage|p1b: Gholdengo|47\/100 brn|[from] brn\n|upkeep\n|turn|7\n|c|\u2606katokunvgc|...\n|\n|t:|1700067906\n|move|p1a: Iron Bundle|Hydro Pump|p2a: Heatran\n|-supereffective|p2a: Heatran\n|-damage|p2a: Heatran|20\/100\n|-curestatus|p2b: Ninetales|frz|[msg]\n|move|p2b: Ninetales|Blizzard|p1b: Gholdengo|[spread] p1b\n|-miss|p2b: Ninetales|p1a: Iron Bundle\n|-supereffective|p1b: Gholdengo\n|-damage|p1b: Gholdengo|0 fnt\n|faint|p1b: Gholdengo\n|move|p2a: Heatran|Heat Wave|p1a: Iron Bundle\n|-damage|p1a: Iron Bundle|0 fnt\n|faint|p1a: Iron Bundle\n|-end|p1a: Iron Bundle|Quark Drive|[silent]\n|-damage|p2a: Heatran|11\/100|[from] item: Life Orb\n|\n|upkeep\n|\n|t:|1700067914\n|switch|p1a: Iron Hands|Iron Hands, L50|3\/100\n|switch|p1b: Amoonguss|Amoonguss, L50, M|100\/100\n|turn|8\n|c|\u2606katokunvgc|thanks god\n|\n|t:|1700067931\n|move|p2b: Ninetales|Protect|p2b: Ninetales\n|-singleturn|p2b: Ninetales|Protect\n|move|p2a: Heatran|Protect|p2a: Heatran\n|-singleturn|p2a: Heatran|Protect\n|move|p1a: Iron Hands|Fake Out|p2a: Heatran\n|-activate|p2a: Heatran|move: Protect\n|move|p1b: Amoonguss|Spore|p2a: Heatran\n|-activate|p2a: Heatran|move: Protect\n|\n|upkeep\n|turn|9\n|\n|t:|1700067942\n|move|p2b: Ninetales|Blizzard|p1a: Iron Hands|[spread] \n|-miss|p2b: Ninetales|p1a: Iron Hands\n|-miss|p2b: Ninetales|p1b: Amoonguss\n|move|p2a: Heatran|Heat Wave|p1b: Amoonguss|[spread] p1a,p1b\n|-supereffective|p1b: Amoonguss\n|-damage|p1a: Iron Hands|0 fnt\n|-damage|p1b: Amoonguss|4\/100\n|-enditem|p1b: Amoonguss|Sitrus Berry|[eat]\n|-heal|p1b: Amoonguss|29\/100|[from] item: Sitrus Berry\n|faint|p1a: Iron Hands\n|-end|p1a: Iron Hands|Quark Drive|[silent]\n|-damage|p2a: Heatran|1\/100|[from] item: Life Orb\n|move|p1b: Amoonguss|Spore|p2a: Heatran\n|-status|p2a: Heatran|slp|[from] move: Spore\n|\n|-sideend|p2: katokunvgc|move: Aurora Veil\n|upkeep\n|turn|10\n|c|\u2606katokunvgc|gmmm\n|-message|Ramune3point0 forfeited.\n|\n|win|katokunvgc\n|raw|Ramune3point0's rating: 1447 &rarr; <strong>1425<\/strong><br \/>(-22 for losing)\n|raw|katokunvgc's rating: 1411 &rarr; <strong>1433<\/strong><br \/>(+22 for winning)\n|l|\u2606Ramune3point0\n","uploadtime":1700067963,"views":21,"p1id":"ramune3point0","p2id":"katokunvgc","formatid":"gen9vgc2023regulatione","rating":1425,"private":0,"password":""}