{"id":"gen9vgc2023regulatione-1999252782","p1":"cygnusx1018","p2":"Aquarsene","format":"[Gen 9] VGC 2023 Regulation E","log":"|j|\u2606cygnusx1018\n|j|\u2606Aquarsene\n|n|\u2606cygnusx1018|cygnusx1018\n|n|\u2606Aquarsene|aquarsene\n|html|View the match progress at <a href=\"\/game-bestof3-gen9vgc2023regulatione-1999250878\">game-bestof3-gen9vgc2023regulatione-1999250878<\/a>\n|t:|1701051033\n|gametype|doubles\n|player|p1|cygnusx1018|169|\n|player|p2|Aquarsene|2|\n|teamsize|p1|6\n|teamsize|p2|6\n|gen|9\n|tier|[Gen 9] VGC 2023 Regulation E\n|rule|Species Clause: Limit one of each Pok\u00e9mon\n|rule|Item Clause: Limit one of each item\n|clearpoke\n|poke|p1|Tornadus, L50, M|\n|poke|p1|Chi-Yu, L50|\n|poke|p1|Chien-Pao, L50|\n|poke|p1|Stonjourner, L50, M|\n|poke|p1|Gyarados, L50, F|\n|poke|p1|Maushold-Four, L50|\n|poke|p2|Murkrow, L50, F|\n|poke|p2|Great Tusk, L50|\n|poke|p2|Slowking, L50, F|\n|poke|p2|Hydreigon, L50, M|\n|poke|p2|Ninetales-Alola, L50, F|\n|poke|p2|Articuno, L50|\n|teampreview|4\ncygnusx1018 rejected open team sheets.\n|inactive|Battle timer is ON: inactive players will automatically lose when time's up. (requested by cygnusx1018)\n|\n|t:|1701051058\n|start\n|switch|p1a: Kung Pao. Chimken|Chien-Pao, L50|100\/100\n|switch|p1b: Stonehenge|Stonjourner, L50, M, shiny|100\/100\n|switch|p2a: Slowking|Slowking, L50, F|100\/100\n|switch|p2b: Ninetales|Ninetales-Alola, L50, F|100\/100\n|-ability|p1a: Kung Pao. Chimken|Sword of Ruin\n|-weather|Snow|[from] ability: Snow Warning|[of] p2b: Ninetales\n|turn|1\n|inactive|cygnusx1018 has 30 seconds left.\n|\n|t:|1701051090\n|move|p1b: Stonehenge|Wide Guard|p1b: Stonehenge\n|-singleturn|p1b: Stonehenge|Wide Guard\n|move|p1a: Kung Pao. Chimken|Crunch|p2a: Slowking\n|-supereffective|p2a: Slowking\n|-enditem|p2a: Slowking|Colbur Berry|[eat]\n|-enditem|p2a: Slowking|Colbur Berry|[weaken]\n|-damage|p2a: Slowking|47\/100\n|move|p2b: Ninetales|Aurora Veil|p2b: Ninetales\n|-sidestart|p2: Aquarsene|move: Aurora Veil\n|move|p2a: Slowking|Skill Swap|p1a: Kung Pao. Chimken\n|-activate|p2a: Slowking|move: Skill Swap|Sword of Ruin|Regenerator|[of] p1a: Kung Pao. Chimken\n|-ability|p2a: Slowking|Sword of Ruin\n|\n|-weather|Snow|[upkeep]\n|upkeep\n|turn|2\n|\n|t:|1701051114\n|switch|p2a: Articuno|Articuno, L50|100\/100\n|move|p1a: Kung Pao. Chimken|Crunch|p2a: Articuno\n|-damage|p2a: Articuno|77\/100\n|move|p2b: Ninetales|Moonblast|p1a: Kung Pao. Chimken\n|-supereffective|p1a: Kung Pao. Chimken\n|-damage|p1a: Kung Pao. Chimken|6\/100\n|move|p1b: Stonehenge|Rock Slide|p2b: Ninetales|[spread] p2a,p2b\n|-supereffective|p2a: Articuno\n|-supereffective|p2b: Ninetales\n|-damage|p2a: Articuno|19\/100\n|-damage|p2b: Ninetales|61\/100\n|-damage|p1b: Stonehenge|91\/100|[from] item: Life Orb\n|\n|-weather|Snow|[upkeep]\n|upkeep\n|turn|3\n|\n|t:|1701051135\n|-terastallize|p2a: Articuno|Steel\n|move|p1b: Stonehenge|Wide Guard|p1b: Stonehenge\n|-singleturn|p1b: Stonehenge|Wide Guard\n|move|p1a: Kung Pao. Chimken|Sacred Sword|p2b: Ninetales\n|-damage|p2b: Ninetales|38\/100\n|move|p2b: Ninetales|Blizzard|p1b: Stonehenge|[spread] \n|-activate|p1a: Kung Pao. Chimken|move: Wide Guard\n|-activate|p1b: Stonehenge|move: Wide Guard\n|move|p2a: Articuno|Roost|p2a: Articuno\n|-heal|p2a: Articuno|69\/100\n|\n|-weather|Snow|[upkeep]\n|upkeep\n|turn|4\n|\n|t:|1701051156\n|move|p1a: Kung Pao. Chimken|Sacred Sword|p2a: Articuno\n|-supereffective|p2a: Articuno\n|-damage|p2a: Articuno|20\/100\n|move|p2b: Ninetales|Moonblast|p1b: Stonehenge\n|-damage|p1b: Stonehenge|8\/100\n|-unboost|p1b: Stonehenge|spa|1\n|move|p1b: Stonehenge|Body Press|p2b: Ninetales\n|-damage|p2b: Ninetales|21\/100\n|-damage|p1b: Stonehenge|0 fnt|[from] item: Life Orb\n|faint|p1b: Stonehenge\n|move|p2a: Articuno|Blizzard|p1a: Kung Pao. Chimken\n|-resisted|p1a: Kung Pao. Chimken\n|-damage|p1a: Kung Pao. Chimken|0 fnt\n|faint|p1a: Kung Pao. Chimken\n|\n|-weather|Snow|[upkeep]\n|upkeep\n|\n|t:|1701051172\n|switch|p1a: WEEEEEEEE (U)|Tornadus, L50, M|100\/100\n|switch|p1b: Magic Karp 2.0|Chi-Yu, L50|100\/100\n|-ability|p1b: Magic Karp 2.0|Beads of Ruin\n|turn|5\n|\n|t:|1701051188\n|move|p1a: WEEEEEEEE (U)|Sunny Day|p1a: WEEEEEEEE (U)\n|-weather|SunnyDay\n|move|p2b: Ninetales|Blizzard|p1a: WEEEEEEEE (U)|[spread] p1a\n|-miss|p2b: Ninetales|p1b: Magic Karp 2.0\n|-supereffective|p1a: WEEEEEEEE (U)\n|-damage|p1a: WEEEEEEEE (U)|33\/100\n|move|p1b: Magic Karp 2.0|Heat Wave|p2a: Articuno|[spread] p2b\n|-miss|p1b: Magic Karp 2.0|p2a: Articuno\n|-supereffective|p2b: Ninetales\n|-damage|p2b: Ninetales|0 fnt\n|faint|p2b: Ninetales\n|move|p2a: Articuno|Blizzard|p1b: Magic Karp 2.0|[spread] p1a,p1b\n|-supereffective|p1a: WEEEEEEEE (U)\n|-resisted|p1b: Magic Karp 2.0\n|-damage|p1a: WEEEEEEEE (U)|0 fnt\n|-damage|p1b: Magic Karp 2.0|77\/100\n|faint|p1a: WEEEEEEEE (U)\n|\n|-weather|SunnyDay|[upkeep]\n|upkeep\n|\n|t:|1701051203\n|switch|p2b: Great Tusk|Great Tusk, L50|100\/100\n|-activate|p2b: Great Tusk|ability: Protosynthesis\n|-start|p2b: Great Tusk|protosynthesisatk\n|turn|6\n|\n|t:|1701051211\n|move|p2a: Articuno|Helping Hand|p2b: Great Tusk\n|-singleturn|p2b: Great Tusk|Helping Hand|[of] p2a: Articuno\n|move|p2b: Great Tusk|Headlong Rush|p1b: Magic Karp 2.0\n|-supereffective|p1b: Magic Karp 2.0\n|-damage|p1b: Magic Karp 2.0|0 fnt\n|-unboost|p2b: Great Tusk|def|1\n|-unboost|p2b: Great Tusk|spd|1\n|faint|p1b: Magic Karp 2.0\n|\n|win|Aquarsene\n|c|\u2606Aquarsene|ggs :)\n|c|\u2606cygnusx1018|ggs\n|c|\u2606cygnusx1018|wow\n","uploadtime":1701051244,"views":13,"p1id":"cygnusx1018","p2id":"aquarsene","formatid":"gen9vgc2023regulatione","rating":0,"private":0,"password":""}