{"id":"gen9vgc2023regulatione-1995252995","p1":"yohjek","p2":"ApplinFan773","format":"[Gen 9] VGC 2023 Regulation E","log":"|j|\u2606yohjek\n|j|\u2606ApplinFan773\n|t:|1700540581\n|gametype|doubles\n|player|p1|yohjek|pokemonranger-gen4|1023\n|player|p2|ApplinFan773|cilan|1030\n|teamsize|p1|6\n|teamsize|p2|6\n|gen|9\n|tier|[Gen 9] VGC 2023 Regulation E\n|rated|\n|rule|Species Clause: Limit one of each Pok\u00e9mon\n|rule|Item Clause: Limit one of each item\n|clearpoke\n|poke|p1|Ninetales-Alola, L50, F|\n|poke|p1|Baxcalibur, L50, M|\n|poke|p1|Clefairy, L50, F|\n|poke|p1|Arcanine-Hisui, L50, M|\n|poke|p1|Rillaboom, L50, F|\n|poke|p1|Empoleon, L50, F|\n|poke|p2|Flutter Mane, L50|\n|poke|p2|Maushold-Four, L50|\n|poke|p2|Ogerpon, L50, F|\n|poke|p2|Roaring Moon, L50|\n|poke|p2|Heatran, L50, F|\n|poke|p2|Urshifu-*, L50, M|\n|teampreview|4\n|inactive|Battle timer is ON: inactive players will automatically lose when time's up. (requested by ApplinFan773)\n|c|\u2606ApplinFan773|Glhf!\n|c|\u2606yohjek|glhf\n|inactive|yohjek has 60 seconds left.\n|inactive|ApplinFan773 has 60 seconds left.\n|\n|t:|1700540641\n|start\n|switch|p1a: Ninetales|Ninetales-Alola, L50, F, shiny|100\/100\n|switch|p1b: Baxcalibur|Baxcalibur, L50, M|100\/100\n|switch|p2a: Minerva|Heatran, L50, F, shiny|100\/100\n|switch|p2b: Salmi|Roaring Moon, L50, shiny|100\/100\n|-weather|Snow|[from] ability: Snow Warning|[of] p1a: Ninetales\n|-enditem|p2b: Salmi|Booster Energy\n|-activate|p2b: Salmi|ability: Protosynthesis|[fromitem]\n|-start|p2b: Salmi|protosynthesisspe\n|turn|1\n|inactive|yohjek has 30 seconds left.\n|inactive|yohjek has 20 seconds left.\n|\n|t:|1700540680\n|move|p2b: Salmi|Tailwind|p2b: Salmi\n|-sidestart|p2: ApplinFan773|move: Tailwind\n|move|p2a: Minerva|Flash Cannon|p1b: Baxcalibur\n|-supereffective|p1b: Baxcalibur\n|-damage|p1b: Baxcalibur|20\/100\n|move|p1a: Ninetales|Aurora Veil|p1a: Ninetales\n|-sidestart|p1: yohjek|move: Aurora Veil\n|move|p1b: Baxcalibur|Scale Shot|p2b: Salmi\n|-supereffective|p2b: Salmi\n|-damage|p2b: Salmi|72\/100\n|-supereffective|p2b: Salmi\n|-damage|p2b: Salmi|43\/100\n|-supereffective|p2b: Salmi\n|-damage|p2b: Salmi|17\/100\n|-supereffective|p2b: Salmi\n|-damage|p2b: Salmi|0 fnt\n|faint|p2b: Salmi\n|-end|p2b: Salmi|Protosynthesis|[silent]\n|-hitcount|p2: Salmi|4\n|-unboost|p1b: Baxcalibur|def|1\n|-boost|p1b: Baxcalibur|spe|1\n|\n|-weather|Snow|[upkeep]\n|upkeep\n|\n|t:|1700540697\n|switch|p2b: Ichiban|Urshifu-Rapid-Strike, L50, M|100\/100\n|turn|2\n|inactive|ApplinFan773 has 30 seconds left.\n|inactive|ApplinFan773 has 20 seconds left.\n|\n|t:|1700540732\n|-terastallize|p1a: Ninetales|Ghost\n|move|p2b: Ichiban|Close Combat|p1b: Baxcalibur\n|-supereffective|p1b: Baxcalibur\n|-damage|p1b: Baxcalibur|0 fnt\n|-unboost|p2b: Ichiban|def|1\n|-unboost|p2b: Ichiban|spd|1\n|faint|p1b: Baxcalibur\n|move|p2a: Minerva|Flash Cannon|p1a: Ninetales\n|-damage|p1a: Ninetales|69\/100\n|move|p1a: Ninetales|Icy Wind|p2a: Minerva|[spread] p2a,p2b\n|-resisted|p2a: Minerva\n|-resisted|p2b: Ichiban\n|-damage|p2a: Minerva|98\/100\n|-damage|p2b: Ichiban|89\/100\n|-unboost|p2a: Minerva|spe|1\n|-unboost|p2b: Ichiban|spe|1\n|\n|-weather|Snow|[upkeep]\n|-heal|p2a: Minerva|100\/100|[from] item: Leftovers\n|upkeep\n|\n|t:|1700540737\n|switch|p1b: Rillaboom|Rillaboom, L50, F|100\/100\n|-fieldstart|move: Grassy Terrain|[from] ability: Grassy Surge|[of] p1b: Rillaboom\n|turn|3\n|\n|t:|1700540755\n|switch|p2b: Marcy|Ogerpon, L50, F|100\/100\n|move|p1b: Rillaboom|Fake Out|p2b: Marcy\n|-damage|p2b: Marcy|83\/100\n|move|p1a: Ninetales|Icy Wind|p2b: Marcy|[spread] p2a,p2b\n|-resisted|p2a: Minerva\n|-supereffective|p2b: Marcy\n|-damage|p2a: Minerva|97\/100\n|-damage|p2b: Marcy|56\/100\n|-unboost|p2a: Minerva|spe|1\n|-unboost|p2b: Marcy|spe|1\n|-ability|p2b: Marcy|Defiant|boost\n|-boost|p2b: Marcy|atk|2\n|move|p2a: Minerva|Heat Wave|p1b: Rillaboom|[spread] p1a,p1b\n|-supereffective|p1b: Rillaboom\n|-damage|p1a: Ninetales|42\/100\n|-damage|p1b: Rillaboom|59\/100\n|-status|p1a: Ninetales|brn\n|-status|p1b: Rillaboom|brn\n|\n|-weather|Snow|[upkeep]\n|-heal|p2b: Marcy|62\/100|[from] Grassy Terrain\n|-heal|p1a: Ninetales|48\/100 brn|[from] Grassy Terrain\n|-heal|p1b: Rillaboom|65\/100 brn|[from] Grassy Terrain\n|-heal|p2a: Minerva|100\/100|[from] Grassy Terrain\n|-damage|p1a: Ninetales|42\/100 brn|[from] brn\n|-damage|p1b: Rillaboom|59\/100 brn|[from] brn\n|upkeep\n|turn|4\n|raw|<div class=\"broadcast-red\"><b>The server is restarting soon.<\/b><br \/>Please finish your battles quickly. No new battles can be started until the server resets in a few minutes.<\/div>\n|inactive|staff also wants the timer to be on.\n|raw|<div class=\"broadcast-red\"><b>Moderated chat was set to +!<\/b><br \/>Only users of rank + and higher can talk.<\/div>\n|inactive|ApplinFan773 has 30 seconds left.\n|inactive|ApplinFan773 has 20 seconds left.\n|inactive|ApplinFan773 has 15 seconds left.\n|\n|t:|1700540800\n|-terastallize|p2b: Marcy|Grass\n|detailschange|p2b: Marcy|Ogerpon-Teal-Tera, L50, F, tera:Grass\n|-ability|p2b: Marcy|Embody Aspect (Teal)|boost\n|-boost|p2b: Marcy|spe|1\n|move|p1a: Ninetales|Protect|p1a: Ninetales\n|-singleturn|p1a: Ninetales|Protect\n|move|p2b: Marcy|Ivy Cudgel|p1b: Rillaboom\n|-resisted|p1b: Rillaboom\n|-damage|p1b: Rillaboom|0 fnt\n|faint|p1b: Rillaboom\n|-damage|p2b: Marcy|52\/100|[from] item: Life Orb\n|move|p2a: Minerva|Heat Wave|p1a: Ninetales\n|-activate|p1a: Ninetales|move: Protect\n|\n|-weather|Snow|[upkeep]\n|-heal|p2b: Marcy|58\/100|[from] Grassy Terrain\n|-heal|p1a: Ninetales|48\/100 brn|[from] Grassy Terrain\n|-damage|p1a: Ninetales|42\/100 brn|[from] brn\n|-sideend|p2: ApplinFan773|move: Tailwind\n|upkeep\n|\n|t:|1700540810\n|switch|p1b: Empoleon|Empoleon, L50, F|100\/100\n|turn|5\n|\n|t:|1700540824\n|move|p1a: Ninetales|Icy Wind|p2a: Minerva|[spread] p2a,p2b\n|-resisted|p2a: Minerva\n|-supereffective|p2b: Marcy\n|-damage|p2a: Minerva|98\/100\n|-damage|p2b: Marcy|33\/100\n|-unboost|p2a: Minerva|spe|1\n|-unboost|p2b: Marcy|spe|1\n|move|p2b: Marcy|Ivy Cudgel|p1b: Empoleon\n|-damage|p1b: Empoleon|0 fnt\n|faint|p1b: Empoleon\n|-damage|p2b: Marcy|23\/100|[from] item: Life Orb\n|move|p2a: Minerva|Earth Power|p1a: Ninetales\n|-damage|p1a: Ninetales|19\/100 brn\n|\n|-weather|none\n|-heal|p1a: Ninetales|25\/100 brn|[from] Grassy Terrain\n|-heal|p2b: Marcy|29\/100|[from] Grassy Terrain\n|-heal|p2a: Minerva|100\/100|[from] Grassy Terrain\n|-damage|p1a: Ninetales|19\/100 brn|[from] brn\n|upkeep\n|turn|6\n|inactive|yohjek has 30 seconds left.\n|-message|yohjek forfeited.\n|\n|win|ApplinFan773\n|raw|yohjek's rating: 1023 &rarr; <strong>1010<\/strong><br \/>(-13 for losing)\n|raw|ApplinFan773's rating: 1030 &rarr; <strong>1065<\/strong><br \/>(+35 for winning)\n|l|\u2606yohjek\n","uploadtime":1700540860,"views":4,"p1id":"yohjek","p2id":"applinfan773","formatid":"gen9vgc2023regulatione","rating":1010,"private":0,"password":""}