{"id":"gen9vgc2023regulatione-1996702578","p1":"kuklcan","p2":"sdetgyjhgv","format":"[Gen 9] VGC 2023 Regulation E","log":"|j|\u2606kuklcan\n|j|\u2606sdetgyjhgv\n|t:|1700711778\n|gametype|doubles\n|player|p1|kuklcan|266|1111\n|player|p2|sdetgyjhgv|schoolkid-gen4|1121\n|teamsize|p1|6\n|teamsize|p2|6\n|gen|9\n|tier|[Gen 9] VGC 2023 Regulation E\n|rated|\n|rule|Species Clause: Limit one of each Pok\u00e9mon\n|rule|Item Clause: Limit one of each item\n|clearpoke\n|poke|p1|Pelipper, L50, F|\n|poke|p1|Vaporeon, L50, F|\n|poke|p1|Beartic, L50, F|\n|poke|p1|Rotom-Wash, L50|\n|poke|p1|Dragonite, L50, M|\n|poke|p1|Landorus-Therian, L50, M|\n|poke|p2|Flutter Mane, L50|\n|poke|p2|Farigiraf, L50, F|\n|poke|p2|Shiftry, L50, M|\n|poke|p2|Heatran, L50, M|\n|poke|p2|Noivern, L50, M|\n|poke|p2|Urshifu-*, L50, M|\n|teampreview|4\n|\n|t:|1700711817\n|start\n|switch|p1a: Pelipper|Pelipper, L50, F|100\/100\n|switch|p1b: Vaporeon|Vaporeon, L50, F|100\/100\n|switch|p2a: Noivern|Noivern, L50, M, shiny|100\/100\n|switch|p2b: Shiftry|Shiftry, L50, M|100\/100\n|-weather|RainDance|[from] ability: Drizzle|[of] p1a: Pelipper\n|turn|1\n|\n|t:|1700711842\n|-terastallize|p2b: Shiftry|Normal\n|move|p2a: Noivern|Tailwind|p2a: Noivern\n|-sidestart|p2: sdetgyjhgv|move: Tailwind\n|-ability|p2b: Shiftry|Wind Rider|boost\n|-boost|p2b: Shiftry|atk|1\n|move|p2b: Shiftry|Explosion|p1b: Vaporeon|[spread] p1a,p1b\n|-activate|p2a: Noivern|ability: Telepathy\n|-crit|p1a: Pelipper\n|-damage|p1a: Pelipper|0 fnt\n|-damage|p1b: Vaporeon|0 fnt\n|faint|p2b: Shiftry\n|faint|p1a: Pelipper\n|faint|p1b: Vaporeon\n|\n|-weather|RainDance|[upkeep]\n|upkeep\n|\n|t:|1700711856\n|switch|p2b: Flutter Mane|Flutter Mane, L50|100\/100\n|switch|p1a: Beartic|Beartic, L50, F|100\/100\n|switch|p1b: Dragonite|Dragonite, L50, M|100\/100\n|turn|2\n|\n|t:|1700711873\n|-terastallize|p1b: Dragonite|Normal\n|move|p1b: Dragonite|Extreme Speed|p2a: Noivern\n|-damage|p2a: Noivern|48\/100\n|move|p2a: Noivern|Super Fang|p1a: Beartic\n|-damage|p1a: Beartic|51\/100\n|move|p2b: Flutter Mane|Moonblast|p1a: Beartic\n|-damage|p1a: Beartic|0 fnt\n|faint|p1a: Beartic\n|\n|-weather|RainDance|[upkeep]\n|upkeep\n|turn|3\n|\n|t:|1700711891\n|switch|p2a: Farigiraf|Farigiraf, L50, F, shiny|100\/100\n|move|p1b: Dragonite|Extreme Speed||[still]\n|cant|p2a: Farigiraf|ability: Armor Tail|Extreme Speed|[of] p1b: Dragonite\n|move|p2b: Flutter Mane|Moonblast|p1b: Dragonite\n|-damage|p1b: Dragonite|50\/100\n|\n|-weather|RainDance|[upkeep]\n|upkeep\n|turn|4\n|\n|t:|1700711901\n|move|p2b: Flutter Mane|Moonblast|p1b: Dragonite\n|-damage|p1b: Dragonite|2\/100\n|move|p1b: Dragonite|Rock Slide|p2a: Farigiraf|[spread] p2a,p2b\n|-damage|p2a: Farigiraf|79\/100\n|-damage|p2b: Flutter Mane|64\/100\n|move|p2a: Farigiraf|Trick Room|p2a: Farigiraf\n|-fieldstart|move: Trick Room|[of] p2a: Farigiraf\n|\n|-weather|RainDance|[upkeep]\n|-sideend|p2: sdetgyjhgv|move: Tailwind\n|upkeep\n|turn|5\n|\n|t:|1700711913\n|-end|p2b: Flutter Mane|Protosynthesis|[silent]\n|switch|p2b: Noivern|Noivern, L50, M, shiny|48\/100\n|move|p1b: Dragonite|Extreme Speed||[still]\n|cant|p2a: Farigiraf|ability: Armor Tail|Extreme Speed|[of] p1b: Dragonite\n|move|p2a: Farigiraf|Dazzling Gleam|p1b: Dragonite\n|-damage|p1b: Dragonite|0 fnt\n|faint|p1b: Dragonite\n|\n|win|sdetgyjhgv\n|raw|kuklcan's rating: 1111 &rarr; <strong>1087<\/strong><br \/>(-24 for losing)\n|raw|sdetgyjhgv's rating: 1121 &rarr; <strong>1145<\/strong><br \/>(+24 for winning)\n|l|\u2606sdetgyjhgv\n|l|\u2606kuklcan\n|j|\u2606sdetgyjhgv\n|player|p2|sdetgyjhgv|schoolkid-gen4\n","uploadtime":1700711934,"views":3,"p1id":"kuklcan","p2id":"sdetgyjhgv","formatid":"gen9vgc2023regulatione","rating":1087,"private":0,"password":""}