{"id":"gen9vgc2023regulatione-1996510878","p1":"sm_zem","p2":"precisely that","format":"[Gen 9] VGC 2023 Regulation E","log":"|j|\u2606sm_zem\n|j|\u2606precisely that\n|t:|1700689140\n|gametype|doubles\n|player|p1|sm_zem|102|1100\n|player|p2|precisely that|fisherman-gen4|1092\n|teamsize|p1|6\n|teamsize|p2|6\n|gen|9\n|tier|[Gen 9] VGC 2023 Regulation E\n|rated|\n|rule|Species Clause: Limit one of each Pok\u00e9mon\n|rule|Item Clause: Limit one of each item\n|clearpoke\n|poke|p1|Heatran, L50, F|\n|poke|p1|Arcanine-Hisui, L50, M|\n|poke|p1|Iron Hands, L50|\n|poke|p1|Ogerpon-Wellspring, L50, F|\n|poke|p1|Flutter Mane, L50|\n|poke|p1|Tornadus, L50, M|\n|poke|p2|Coalossal, L50, F|\n|poke|p2|Iron Bundle, L50|\n|poke|p2|Dragalge, L50, F|\n|poke|p2|Farigiraf, L50, F|\n|poke|p2|Salamence, L50, M|\n|poke|p2|Clefairy, L50, M|\n|teampreview|4\n|inactive|Battle timer is ON: inactive players will automatically lose when time's up. (requested by sm_zem)\n|\n|t:|1700689214\n|start\n|switch|p1a: Flutter Mane|Flutter Mane, L50|100\/100\n|switch|p1b: Arcanine|Arcanine-Hisui, L50, M|100\/100\n|switch|p2a: Salamence|Salamence, L50, M|100\/100\n|switch|p2b: Iron Bundle|Iron Bundle, L50|100\/100\n|-ability|p1b: Arcanine|Intimidate|boost\n|-unboost|p2a: Salamence|atk|1\n|-unboost|p2b: Iron Bundle|atk|1\n|-ability|p2a: Salamence|Intimidate|boost\n|-unboost|p1a: Flutter Mane|atk|1\n|-unboost|p1b: Arcanine|atk|1\n|-enditem|p2b: Iron Bundle|Booster Energy\n|-activate|p2b: Iron Bundle|ability: Quark Drive|[fromitem]\n|-start|p2b: Iron Bundle|quarkdrivespe\n|turn|1\n|inactive|sm_zem has 30 seconds left.\n|inactive|precisely that has 30 seconds left.\n|inactive|sm_zem has 20 seconds left.\n|inactive|sm_zem has 15 seconds left.\n|\n|t:|1700689258\n|-terastallize|p1a: Flutter Mane|Fairy\n|move|p2a: Salamence|Protect|p2a: Salamence\n|-singleturn|p2a: Salamence|Protect\n|move|p2b: Iron Bundle|Flip Turn|p1b: Arcanine\n|-supereffective|p1b: Arcanine\n|-damage|p1b: Arcanine|42\/100\n|\n|t:|1700689267\n|-end|p2b: Iron Bundle|Quark Drive|[silent]\n|switch|p2b: Dragalge|Dragalge, L50, F|100\/100|[from] Flip Turn\n|move|p1a: Flutter Mane|Dazzling Gleam|p2b: Dragalge|[spread] p2b\n|-activate|p2a: Salamence|move: Protect\n|-damage|p2b: Dragalge|66\/100\n|move|p1b: Arcanine|Rock Slide|p2a: Salamence|[spread] p2b\n|-activate|p2a: Salamence|move: Protect\n|-damage|p2b: Dragalge|34\/100\n|\n|upkeep\n|turn|2\n|inactive|precisely that has 30 seconds left.\n|inactive|precisely that has 20 seconds left.\n|inactive|precisely that has 15 seconds left.\n|\n|t:|1700689310\n|-end|p1a: Flutter Mane|Protosynthesis|[silent]\n|switch|p1a: Iron Hands|Iron Hands, L50|100\/100\n|-terastallize|p2a: Salamence|Water\n|move|p1b: Arcanine|Rock Slide|p2a: Salamence|[spread] p2a,p2b\n|-damage|p2a: Salamence|81\/100\n|-damage|p2b: Dragalge|4\/100\n|cant|p2a: Salamence|flinch\n|cant|p2b: Dragalge|flinch\n|\n|upkeep\n|turn|3\n|\n|t:|1700689333\n|move|p1a: Iron Hands|Fake Out|p2b: Dragalge\n|-damage|p2b: Dragalge|0 fnt\n|faint|p2b: Dragalge\n|move|p1b: Arcanine|Rock Slide|p2a: Salamence\n|-damage|p2a: Salamence|56\/100\n|move|p2a: Salamence|Tailwind|p2a: Salamence\n|-sidestart|p2: precisely that|move: Tailwind\n|\n|upkeep\n|\n|t:|1700689348\n|switch|p2b: Iron Bundle|Iron Bundle, L50|100\/100\n|turn|4\n|\n|t:|1700689364\n|switch|p2a: Coalossal|Coalossal, L50, F|100\/100\n|move|p2b: Iron Bundle|Flip Turn|p2a: Coalossal\n|-supereffective|p2a: Coalossal\n|-damage|p2a: Coalossal|49\/100\n|-ability|p2a: Coalossal|Steam Engine|boost\n|-boost|p2a: Coalossal|spe|6\n|-enditem|p2a: Coalossal|Weakness Policy\n|-boost|p2a: Coalossal|atk|2|[from] item: Weakness Policy\n|-boost|p2a: Coalossal|spa|2|[from] item: Weakness Policy\n|\n|t:|1700689373\n|-end|p2b: Iron Bundle|Quark Drive|[silent]\n|switch|p2b: Salamence|Salamence, L50, M, tera:Water|56\/100|[from] Flip Turn\n|-ability|p2b: Salamence|Intimidate|boost\n|-unboost|p1a: Iron Hands|atk|1\n|-unboost|p1b: Arcanine|atk|1\n|move|p1b: Arcanine|Rock Slide|p2b: Salamence|[spread] p2a\n|-miss|p1b: Arcanine|p2b: Salamence\n|-supereffective|p2a: Coalossal\n|-damage|p2a: Coalossal|13\/100\n|move|p1a: Iron Hands|Volt Switch|p2a: Coalossal\n|-damage|p2a: Coalossal|0 fnt\n|faint|p2a: Coalossal\n|inactive|sm_zem has 30 seconds left.\n|\n|t:|1700689400\n|-end|p1a: Iron Hands|Quark Drive|[silent]\n|switch|p1a: Flutter Mane|Flutter Mane, L50, tera:Fairy|100\/100|[from] Volt Switch\n|\n|upkeep\n|\n|t:|1700689404\n|switch|p2a: Iron Bundle|Iron Bundle, L50|100\/100\n|turn|5\n|\n|t:|1700689419\n|move|p2a: Iron Bundle|Flip Turn|p1b: Arcanine\n|-supereffective|p1b: Arcanine\n|-damage|p1b: Arcanine|0 fnt\n|faint|p1b: Arcanine\n|move|p2b: Salamence|Roost|p2b: Salamence\n|-heal|p2b: Salamence|100\/100\n|move|p1a: Flutter Mane|Thunderbolt|p2b: Salamence\n|-supereffective|p2b: Salamence\n|-damage|p2b: Salamence|9\/100\n|\n|upkeep\n|\n|t:|1700689431\n|switch|p1b: Iron Hands|Iron Hands, L50|100\/100\n|turn|6\n|inactive|precisely that has 30 seconds left.\n|\n|t:|1700689462\n|move|p2b: Salamence|Protect|p2b: Salamence\n|-singleturn|p2b: Salamence|Protect\n|move|p1b: Iron Hands|Fake Out|p2a: Iron Bundle\n|-crit|p2a: Iron Bundle\n|-damage|p2a: Iron Bundle|75\/100\n|cant|p2a: Iron Bundle|flinch\n|move|p1a: Flutter Mane|Thunderbolt|p2b: Salamence\n|-activate|p2b: Salamence|move: Protect\n|\n|-sideend|p2: precisely that|move: Tailwind\n|upkeep\n|turn|7\n|inactive|sm_zem has 30 seconds left.\n|\n|t:|1700689488\n|move|p2a: Iron Bundle|Icy Wind|p1b: Iron Hands|[spread] p1a,p1b\n|-damage|p1a: Flutter Mane|77\/100\n|-damage|p1b: Iron Hands|89\/100\n|-unboost|p1a: Flutter Mane|spe|1\n|-unboost|p1b: Iron Hands|spe|1\n|move|p2b: Salamence|Air Slash|p1b: Iron Hands\n|-damage|p1b: Iron Hands|74\/100\n|move|p1a: Flutter Mane|Thunderbolt|p2b: Salamence\n|-supereffective|p2b: Salamence\n|-damage|p2b: Salamence|0 fnt\n|faint|p2b: Salamence\n|move|p1b: Iron Hands|Drain Punch|p2a: Iron Bundle\n|-supereffective|p2a: Iron Bundle\n|-damage|p2a: Iron Bundle|0 fnt\n|-heal|p1b: Iron Hands|95\/100|[from] drain|[of] p2a: Iron Bundle\n|faint|p2a: Iron Bundle\n|-end|p2a: Iron Bundle|Quark Drive|[silent]\n|\n|win|sm_zem\n|raw|sm_zem's rating: 1100 &rarr; <strong>1124<\/strong><br \/>(+24 for winning)\n|raw|precisely that's rating: 1092 &rarr; <strong>1069<\/strong><br \/>(-23 for losing)\n|l|\u2606precisely that\n","uploadtime":1700689510,"views":1,"p1id":"smzem","p2id":"preciselythat","formatid":"gen9vgc2023regulatione","rating":1069,"private":0,"password":""}