{"id":"gen9vgc2023regulatione-1991334358","p1":"aloalopolisia","p2":"Emirnent","format":"[Gen 9] VGC 2023 Regulation E","log":"|j|\u2606aloalopolisia\n|j|\u2606Emirnent\n|t:|1700068503\n|gametype|doubles\n|player|p1|aloalopolisia|1|1572\n|player|p2|Emirnent|1|1695\n|teamsize|p1|6\n|teamsize|p2|6\n|gen|9\n|tier|[Gen 9] VGC 2023 Regulation E\n|rated|\n|rule|Species Clause: Limit one of each Pok\u00e9mon\n|rule|Item Clause: Limit one of each item\n|clearpoke\n|poke|p1|Flutter Mane, L50|\n|poke|p1|Chien-Pao, L50|\n|poke|p1|Dragonite, L50, M|\n|poke|p1|Iron Hands, L50|\n|poke|p1|Chi-Yu, L50|\n|poke|p1|Gyarados, L50, M|\n|poke|p2|Orthworm, L50, M|\n|poke|p2|Landorus-Therian, L50, M|\n|poke|p2|Kommo-o, L50, F|\n|poke|p2|Clefairy, L50, F|\n|poke|p2|Sinistcha, L50|\n|poke|p2|Cetitan, L50, M|\n|teampreview|4\n|inactive|Battle timer is ON: inactive players will automatically lose when time's up. (requested by Emirnent)\n|inactive|aloalopolisia has 60 seconds left.\n|j| UnleashTheSun\n|\n|t:|1700068564\n|start\n|switch|p1a: Dragonite|Dragonite, L50, M|100\/100\n|switch|p1b: Chien-Pao|Chien-Pao, L50|100\/100\n|switch|p2a: Clefairy|Clefairy, L50, F|100\/100\n|switch|p2b: Cetitan|Cetitan, L50, M|100\/100\n|-ability|p1b: Chien-Pao|Sword of Ruin\n|turn|1\n|inactive|aloalopolisia has 30 seconds left.\n|inactive|aloalopolisia has 20 seconds left.\n|inactive|aloalopolisia has 15 seconds left.\n|\n|t:|1700068605\n|switch|p1b: Iron Hands|Iron Hands, L50|100\/100\n|switch|p2b: Sinistcha|Sinistcha, L50|100\/100\n|-terastallize|p1a: Dragonite|Normal\n|move|p1a: Dragonite|Extreme Speed|p2a: Clefairy\n|-damage|p2a: Clefairy|45\/100\n|move|p2a: Clefairy|Moonblast|p1b: Iron Hands\n|-supereffective|p1b: Iron Hands\n|-damage|p1b: Iron Hands|77\/100\n|\n|upkeep\n|turn|2\n|inactive|aloalopolisia has 30 seconds left.\n|\n|t:|1700068636\n|-end|p1b: Iron Hands|Quark Drive|[silent]\n|switch|p1b: Chien-Pao|Chien-Pao, L50|100\/100\n|-ability|p1b: Chien-Pao|Sword of Ruin\n|move|p2a: Clefairy|Protect|p2a: Clefairy\n|-singleturn|p2a: Clefairy|Protect\n|move|p1a: Dragonite|Extreme Speed|p2a: Clefairy\n|-activate|p2a: Clefairy|move: Protect\n|move|p2b: Sinistcha|Matcha Gotcha|p1a: Dragonite|[spread] p1a,p1b\n|-damage|p1a: Dragonite|78\/100\n|-damage|p1b: Chien-Pao|57\/100\n|\n|upkeep\n|turn|3\n|\n|t:|1700068658\n|switch|p2a: Landorus|Landorus-Therian, L50, M|100\/100\n|-ability|p2a: Landorus|Intimidate|boost\n|-fail|p1a: Dragonite|unboost|Attack|[from] ability: Inner Focus|[of] p1a: Dragonite\n|-unboost|p1b: Chien-Pao|atk|1\n|move|p1b: Chien-Pao|Protect|p1b: Chien-Pao\n|-singleturn|p1b: Chien-Pao|Protect\n|move|p1a: Dragonite|Extreme Speed|p2a: Landorus\n|-damage|p2a: Landorus|0 fnt\n|faint|p2a: Landorus\n|move|p2b: Sinistcha|Trick Room|p2b: Sinistcha\n|-fieldstart|move: Trick Room|[of] p2b: Sinistcha\n|\n|upkeep\n|\n|t:|1700068663\n|switch|p2a: Clefairy|Clefairy, L50, F|45\/100\n|turn|4\n|\n|t:|1700068673\n|move|p2a: Clefairy|Protect|p2a: Clefairy\n|-singleturn|p2a: Clefairy|Protect\n|move|p1a: Dragonite|Extreme Speed|p2a: Clefairy\n|-activate|p2a: Clefairy|move: Protect\n|move|p2b: Sinistcha|Matcha Gotcha|p1a: Dragonite|[spread] p1a,p1b\n|-crit|p1b: Chien-Pao\n|-damage|p1a: Dragonite|52\/100\n|-damage|p1b: Chien-Pao|0 fnt\n|faint|p1b: Chien-Pao\n|\n|upkeep\n|\n|t:|1700068688\n|switch|p1b: Iron Hands|Iron Hands, L50|77\/100\n|turn|5\n|\n|t:|1700068702\n|switch|p2a: Cetitan|Cetitan, L50, M|100\/100\n|switch|p1a: Gyarados|Gyarados, L50, M|100\/100\n|-ability|p1a: Gyarados|Intimidate|boost\n|-unboost|p2a: Cetitan|atk|1\n|-unboost|p2b: Sinistcha|atk|1\n|move|p1b: Iron Hands|Heavy Slam|p2a: Cetitan\n|-supereffective|p2a: Cetitan\n|-damage|p2a: Cetitan|73\/100\n|move|p2b: Sinistcha|Matcha Gotcha|p1b: Iron Hands|[spread] p1a\n|-miss|p2b: Sinistcha|p1b: Iron Hands\n|-damage|p1a: Gyarados|77\/100\n|\n|upkeep\n|turn|6\n|\n|t:|1700068725\n|move|p2a: Cetitan|Protect|p2a: Cetitan\n|-singleturn|p2a: Cetitan|Protect\n|move|p1b: Iron Hands|Drain Punch|p2a: Cetitan\n|-activate|p2a: Cetitan|move: Protect\n|move|p2b: Sinistcha|Matcha Gotcha|p1a: Gyarados|[spread] p1a,p1b\n|-damage|p1a: Gyarados|54\/100\n|-damage|p1b: Iron Hands|64\/100\n|-status|p1b: Iron Hands|brn\n|move|p1a: Gyarados|Thunder Wave|p2b: Sinistcha|[miss]\n|-miss|p1a: Gyarados|p2b: Sinistcha\n|\n|-damage|p1b: Iron Hands|57\/100 brn|[from] brn\n|upkeep\n|turn|7\n|inactive|Emirnent has 30 seconds left.\n|\n|t:|1700068751\n|-end|p1b: Iron Hands|Quark Drive|[silent]\n|switch|p1b: Dragonite|Dragonite, L50, M, tera:Normal|52\/100\n|move|p2b: Sinistcha|Rage Powder|p2b: Sinistcha\n|-singleturn|p2b: Sinistcha|move: Rage Powder\n|move|p1a: Gyarados|Thunder Wave|p2b: Sinistcha\n|-status|p2b: Sinistcha|par\n|move|p2a: Cetitan|Belly Drum|p2a: Cetitan\n|-damage|p2a: Cetitan|23\/100\n|-setboost|p2a: Cetitan|atk|6|[from] move: Belly Drum\n|-enditem|p2a: Cetitan|Sitrus Berry|[eat]\n|-heal|p2a: Cetitan|48\/100|[from] item: Sitrus Berry\n|\n|-fieldend|move: Trick Room\n|upkeep\n|turn|8\n|inactive|aloalopolisia has 30 seconds left.\n|inactive|aloalopolisia has 20 seconds left.\n|\n|t:|1700068790\n|move|p2a: Cetitan|Protect|p2a: Cetitan\n|-singleturn|p2a: Cetitan|Protect\n|move|p1a: Gyarados|Thunder Wave|p2a: Cetitan\n|-activate|p2a: Cetitan|move: Protect\n|move|p1b: Dragonite|Aerial Ace|p2b: Sinistcha\n|-supereffective|p2b: Sinistcha\n|-damage|p2b: Sinistcha|0 fnt\n|faint|p2b: Sinistcha\n|\n|upkeep\n|j| pusslicking\n|\n|t:|1700068798\n|switch|p2b: Clefairy|Clefairy, L50, F|45\/100\n|turn|9\n|\n|t:|1700068808\n|move|p2a: Cetitan|Ice Shard|p1a: Gyarados\n|-damage|p1a: Gyarados|0 fnt\n|faint|p1a: Gyarados\n|move|p1b: Dragonite|Aerial Ace|p2a: Cetitan\n|-damage|p2a: Cetitan|13\/100\n|move|p2b: Clefairy|Heal Pulse|p2a: Cetitan\n|-heal|p2a: Cetitan|63\/100\n|\n|upkeep\n|\n|t:|1700068816\n|switch|p1a: Iron Hands|Iron Hands, L50|57\/100 brn\n|turn|10\n|\n|t:|1700068824\n|move|p2a: Cetitan|Protect|p2a: Cetitan\n|-singleturn|p2a: Cetitan|Protect\n|move|p2b: Clefairy|Protect|p2b: Clefairy\n|-singleturn|p2b: Clefairy|Protect\n|move|p1b: Dragonite|Aerial Ace|p2a: Cetitan\n|-activate|p2a: Cetitan|move: Protect\n|move|p1a: Iron Hands|Heavy Slam|p2b: Clefairy\n|-activate|p2b: Clefairy|move: Protect\n|\n|-damage|p1a: Iron Hands|51\/100 brn|[from] brn\n|upkeep\n|turn|11\n|\n|t:|1700068841\n|move|p2b: Clefairy|Follow Me|p2b: Clefairy\n|-singleturn|p2b: Clefairy|move: Follow Me\n|move|p2a: Cetitan|Ice Shard|p1b: Dragonite\n|-damage|p1b: Dragonite|0 fnt\n|faint|p1b: Dragonite\n|move|p1a: Iron Hands|Drain Punch|p2b: Clefairy\n|-resisted|p2b: Clefairy\n|-damage|p2b: Clefairy|37\/100\n|-heal|p1a: Iron Hands|54\/100 brn|[from] drain|[of] p2b: Clefairy\n|\n|-damage|p1a: Iron Hands|48\/100 brn|[from] brn\n|upkeep\n|turn|12\n|\n|t:|1700068860\n|move|p2b: Clefairy|Follow Me|p2b: Clefairy\n|-singleturn|p2b: Clefairy|move: Follow Me\n|move|p2a: Cetitan|Ice Shard|p1a: Iron Hands\n|-damage|p1a: Iron Hands|5\/100 brn\n|move|p1a: Iron Hands|Drain Punch|p2b: Clefairy\n|-resisted|p2b: Clefairy\n|-damage|p2b: Clefairy|29\/100\n|-heal|p1a: Iron Hands|8\/100 brn|[from] drain|[of] p2b: Clefairy\n|\n|-damage|p1a: Iron Hands|2\/100 brn|[from] brn\n|upkeep\n|turn|13\n|inactive|Emirnent has 30 seconds left.\n|j| Playsterco\n|inactive|Emirnent has 20 seconds left.\n|inactive|Emirnent has 15 seconds left.\n|inactive|Emirnent has 10 seconds left.\n|\n|t:|1700068907\n|move|p2b: Clefairy|Follow Me|p2b: Clefairy\n|-singleturn|p2b: Clefairy|move: Follow Me\n|move|p2a: Cetitan|Ice Shard|p1a: Iron Hands\n|-damage|p1a: Iron Hands|0 fnt\n|faint|p1a: Iron Hands\n|-end|p1a: Iron Hands|Quark Drive|[silent]\n|\n|win|Emirnent\n|raw|aloalopolisia's rating: 1572 &rarr; <strong>1559<\/strong><br \/>(-13 for losing)\n|raw|Emirnent's rating: 1695 &rarr; <strong>1708<\/strong><br \/>(+13 for winning)\n|l|\u2606Emirnent\n|l| UnleashTheSun\n|l|\u2606aloalopolisia\n|l| pusslicking\n","uploadtime":1700069491,"views":22,"p1id":"aloalopolisia","p2id":"emirnent","formatid":"gen9vgc2023regulatione","rating":1559,"private":0,"password":""}