{"id":"gen9vgc2023regulatione-1988843619","p1":"HPSapper","p2":"CharlienoB","format":"[Gen 9] VGC 2023 Regulation E","log":"|j|\u2606HPSapper\n|j|\u2606CharlienoB\n|t:|1699772121\n|gametype|doubles\n|player|p1|HPSapper|cynthia-gen4|1063\n|player|p2|CharlienoB|266|1000\n|teamsize|p1|6\n|teamsize|p2|6\n|gen|9\n|tier|[Gen 9] VGC 2023 Regulation E\n|rated|\n|rule|Species Clause: Limit one of each Pok\u00e9mon\n|rule|Item Clause: Limit one of each item\n|clearpoke\n|poke|p1|Tornadus, L50, M|\n|poke|p1|Ogerpon-Wellspring, L50, F|\n|poke|p1|Amoonguss, L50, M|\n|poke|p1|Urshifu-*, L50, F|\n|poke|p1|Landorus, L50, M|\n|poke|p1|Chien-Pao, L50|\n|poke|p2|Dondozo, L50, F|\n|poke|p2|Tatsugiri, L50, M|\n|poke|p2|Amoonguss, L50, F|\n|poke|p2|Arcanine, L50, F|\n|poke|p2|Flamigo, L50, M|\n|poke|p2|Glimmora, L50, F|\n|teampreview|4\n|inactive|Battle timer is ON: inactive players will automatically lose when time's up. (requested by HPSapper)\n|inactive|HPSapper has 60 seconds left.\n|inactive|CharlienoB has 60 seconds left.\n|\n|t:|1699772178\n|start\n|switch|p1a: Tornadus|Tornadus, L50, M|100\/100\n|switch|p1b: Amoonguss|Amoonguss, L50, M|100\/100\n|switch|p2a: Amoonguss|Amoonguss, L50, F|100\/100\n|switch|p2b: Tatsugiri|Tatsugiri, L50, M|100\/100\n|turn|1\n|\n|t:|1699772199\n|move|p1a: Tornadus|Tailwind|p1a: Tornadus\n|-sidestart|p1: HPSapper|move: Tailwind\n|move|p2b: Tatsugiri|Icy Wind|p1a: Tornadus|[spread] p1a,p1b\n|-supereffective|p1a: Tornadus\n|-supereffective|p1b: Amoonguss\n|-damage|p1a: Tornadus|66\/100\n|-damage|p1b: Amoonguss|62\/100\n|-unboost|p1a: Tornadus|spe|1\n|-unboost|p1b: Amoonguss|spe|1\n|move|p1b: Amoonguss|Spore|p2b: Tatsugiri\n|-status|p2b: Tatsugiri|slp|[from] move: Spore\n|move|p2a: Amoonguss|Toxic||[still]\n|-fail|p2a: Amoonguss\n|\n|-heal|p1b: Amoonguss|68\/100|[from] item: Leftovers\n|upkeep\n|turn|2\n|\n|t:|1699772224\n|switch|p1b: Ogerpon|Ogerpon-Wellspring, L50, F|100\/100\n|move|p1a: Tornadus|Rain Dance|p1a: Tornadus\n|-weather|RainDance\n|cant|p2b: Tatsugiri|slp\n|move|p2a: Amoonguss|Toxic|p1a: Tornadus\n|-status|p1a: Tornadus|tox\n|\n|-weather|RainDance|[upkeep]\n|-damage|p1a: Tornadus|60\/100 tox|[from] psn\n|upkeep\n|turn|3\n|inactive|HPSapper has 30 seconds left.\n|\n|t:|1699772255\n|move|p1b: Ogerpon|Ivy Cudgel|p2b: Tatsugiri\n|-resisted|p2b: Tatsugiri\n|-damage|p2b: Tatsugiri|63\/100 slp\n|move|p1a: Tornadus|Bleakwind Storm|p2a: Amoonguss|[spread] p2a,p2b\n|-supereffective|p2a: Amoonguss\n|-damage|p2a: Amoonguss|45\/100\n|-damage|p2b: Tatsugiri|19\/100 slp\n|-unboost|p2b: Tatsugiri|spe|1\n|cant|p2b: Tatsugiri|slp\n|move|p2a: Amoonguss|Toxic|p1b: Ogerpon\n|-status|p1b: Ogerpon|tox\n|\n|-weather|RainDance|[upkeep]\n|-damage|p1b: Ogerpon|95\/100 tox|[from] psn\n|-damage|p1a: Tornadus|48\/100 tox|[from] psn\n|upkeep\n|turn|4\n|\n|t:|1699772273\n|switch|p2a: Dondozo|Dondozo, L50, F|100\/100\n|-activate|p2b: Tatsugiri|ability: Commander|[of] p2a: Dondozo\n|-boost|p2a: Dondozo|atk|2\n|-boost|p2a: Dondozo|spa|2\n|-boost|p2a: Dondozo|spe|2\n|-boost|p2a: Dondozo|def|2\n|-boost|p2a: Dondozo|spd|2\n|move|p1b: Ogerpon|Ivy Cudgel|p2a: Dondozo\n|-resisted|p2a: Dondozo\n|-damage|p2a: Dondozo|84\/100\n|move|p1a: Tornadus|Bleakwind Storm|p2a: Dondozo|[spread] p2a\n|-miss|p1a: Tornadus|p2b: Tatsugiri\n|-damage|p2a: Dondozo|66\/100\n|\n|-weather|RainDance|[upkeep]\n|-damage|p1b: Ogerpon|83\/100 tox|[from] psn\n|-damage|p1a: Tornadus|31\/100 tox|[from] psn\n|-sideend|p1: HPSapper|move: Tailwind\n|upkeep\n|turn|5\n|\n|t:|1699772296\n|-terastallize|p2a: Dondozo|Dragon\n|move|p1b: Ogerpon|Spiky Shield|p1b: Ogerpon\n|-singleturn|p1b: Ogerpon|move: Protect\n|move|p1a: Tornadus|Tailwind|p1a: Tornadus\n|-sidestart|p1: HPSapper|move: Tailwind\n|move|p2a: Dondozo|Outrage|p1b: Ogerpon\n|-activate|p1b: Ogerpon|move: Protect\n|-damage|p2a: Dondozo|53\/100|[from] Spiky Shield|[of] p1b: Ogerpon\n|\n|-weather|RainDance|[upkeep]\n|-damage|p1b: Ogerpon|66\/100 tox|[from] psn\n|-damage|p1a: Tornadus|7\/100 tox|[from] psn\n|upkeep\n|turn|6\n|\n|t:|1699772313\n|switch|p1b: Landorus|Landorus, L50, M|100\/100\n|move|p2a: Dondozo|Outrage|p1b: Landorus\n|-damage|p1b: Landorus|0 fnt\n|faint|p1b: Landorus\n|move|p1a: Tornadus|Bleakwind Storm|p2b: Tatsugiri|[spread] p2a\n|-miss|p1a: Tornadus|p2b: Tatsugiri\n|-crit|p2a: Dondozo\n|-damage|p2a: Dondozo|5\/100\n|\n|-weather|none\n|-damage|p1a: Tornadus|0 fnt|[from] psn\n|faint|p1a: Tornadus\n|upkeep\n|\n|t:|1699772320\n|switch|p1b: Ogerpon|Ogerpon-Wellspring, L50, F|66\/100 tox\n|switch|p1a: Amoonguss|Amoonguss, L50, M|100\/100\n|turn|7\n|inactive|HPSapper has 30 seconds left.\n|\n|t:|1699772351\n|move|p1b: Ogerpon|Spiky Shield|p1b: Ogerpon\n|-singleturn|p1b: Ogerpon|move: Protect\n|move|p2a: Dondozo|Outrage|p1b: Ogerpon|[from]lockedmove\n|-activate|p1b: Ogerpon|move: Protect\n|-damage|p2a: Dondozo|0 fnt|[from] Spiky Shield|[of] p1b: Ogerpon\n|faint|p2a: Dondozo\n|move|p1a: Amoonguss|Pollen Puff|p1b: Ogerpon\n|-activate|p1b: Ogerpon|move: Protect\n|\n|-damage|p1b: Ogerpon|60\/100 tox|[from] psn\n|upkeep\n|\n|t:|1699772375\n|switch|p2a: Flamigo|Flamigo, L50, M|100\/100\n|-copyboost|p2a: Flamigo|p2b: Tatsugiri|[from] ability: Costar\n|turn|8\n|\n|t:|1699772388\n|switch|p2a: Amoonguss|Amoonguss, L50, F|78\/100\n|-terastallize|p1b: Ogerpon|Water\n|detailschange|p1b: Ogerpon|Ogerpon-Wellspring-Tera, L50, F, tera:Water\n|-ability|p1b: Ogerpon|Embody Aspect (Wellspring)|boost\n|-boost|p1b: Ogerpon|spd|1\n|move|p1b: Ogerpon|Ivy Cudgel|p2a: Amoonguss\n|-resisted|p2a: Amoonguss\n|-damage|p2a: Amoonguss|42\/100\n|move|p1a: Amoonguss|Pollen Puff|p1b: Ogerpon\n|-heal|p1b: Ogerpon|100\/100 tox\n|-curestatus|p2b: Tatsugiri|slp|[msg]\n|move|p2b: Tatsugiri|Icy Wind|p1a: Amoonguss|[spread] p1a,p1b\n|-supereffective|p1a: Amoonguss\n|-resisted|p1b: Ogerpon\n|-damage|p1a: Amoonguss|58\/100\n|-damage|p1b: Ogerpon|92\/100 tox\n|-unboost|p1a: Amoonguss|spe|1\n|-unboost|p1b: Ogerpon|spe|1\n|\n|-heal|p1a: Amoonguss|64\/100|[from] item: Leftovers\n|-damage|p1b: Ogerpon|80\/100 tox|[from] psn\n|-sideend|p1: HPSapper|move: Tailwind\n|upkeep\n|turn|9\n|inactive|CharlienoB has 30 seconds left.\n|\n|t:|1699772419\n|move|p1b: Ogerpon|Spiky Shield|p1b: Ogerpon\n|-singleturn|p1b: Ogerpon|move: Protect\n|move|p2a: Amoonguss|Protect|p2a: Amoonguss\n|-singleturn|p2a: Amoonguss|Protect\n|move|p2b: Tatsugiri|Icy Wind|p1b: Ogerpon|[spread] p1a\n|-activate|p1b: Ogerpon|move: Protect\n|-supereffective|p1a: Amoonguss\n|-damage|p1a: Amoonguss|21\/100\n|-unboost|p1a: Amoonguss|spe|1\n|move|p1a: Amoonguss|Pollen Puff|p2a: Amoonguss\n|-activate|p2a: Amoonguss|move: Protect\n|\n|-heal|p1a: Amoonguss|27\/100|[from] item: Leftovers\n|-damage|p1b: Ogerpon|63\/100 tox|[from] psn\n|upkeep\n|turn|10\n|inactive|HPSapper has 30 seconds left.\n|inactive|CharlienoB has 30 seconds left.\n|inactive|HPSapper has 20 seconds left.\n|\n|t:|1699772458\n|move|p1b: Ogerpon|Ivy Cudgel|p2a: Amoonguss\n|-resisted|p2a: Amoonguss\n|-damage|p2a: Amoonguss|6\/100\n|move|p2b: Tatsugiri|Icy Wind|p1b: Ogerpon|[spread] p1a,p1b\n|-supereffective|p1a: Amoonguss\n|-resisted|p1b: Ogerpon\n|-damage|p1a: Amoonguss|0 fnt\n|-damage|p1b: Ogerpon|55\/100 tox\n|-unboost|p1b: Ogerpon|spe|1\n|faint|p1a: Amoonguss\n|move|p2a: Amoonguss|Pollen Puff|p2b: Tatsugiri\n|-heal|p2b: Tatsugiri|68\/100\n|\n|-damage|p1b: Ogerpon|32\/100 tox|[from] psn\n|upkeep\n|turn|11\n|\n|t:|1699772477\n|move|p2a: Amoonguss|Rage Powder|p2a: Amoonguss\n|-singleturn|p2a: Amoonguss|move: Rage Powder\n|move|p2b: Tatsugiri|Icy Wind|p1b: Ogerpon\n|-resisted|p1b: Ogerpon\n|-damage|p1b: Ogerpon|22\/100 tox\n|-unboost|p1b: Ogerpon|spe|1\n|move|p1b: Ogerpon|Ivy Cudgel|p2a: Amoonguss\n|-resisted|p2a: Amoonguss\n|-damage|p2a: Amoonguss|0 fnt\n|faint|p2a: Amoonguss\n|\n|-damage|p1b: Ogerpon|0 fnt|[from] psn\n|faint|p1b: Ogerpon\n|\n|win|CharlienoB\n|upkeep\n|raw|HPSapper's rating: 1063 &rarr; <strong>1050<\/strong><br \/>(-13 for losing)\n|raw|CharlienoB's rating: 1177 &rarr; <strong>1194<\/strong><br \/>(+17 for winning)\n","uploadtime":1699772493,"views":12,"p1id":"hpsapper","p2id":"charlienob","formatid":"gen9vgc2023regulatione","rating":1050,"private":0,"password":""}