{"id":"gen9vgc2023regulatione-1988658944","p1":"D'Ranged","p2":"puli95","format":"[Gen 9] VGC 2023 Regulation E","log":"|j|\u2606D'Ranged\n|j|\u2606puli95\n|t:|1699747251\n|gametype|doubles\n|player|p1|D'Ranged|unknown|1081\n|player|p2|puli95|101|1170\n|teamsize|p1|6\n|teamsize|p2|6\n|gen|9\n|tier|[Gen 9] VGC 2023 Regulation E\n|rated|\n|rule|Species Clause: Limit one of each Pok\u00e9mon\n|rule|Item Clause: Limit one of each item\n|clearpoke\n|poke|p1|Iron Hands, L50|\n|poke|p1|Ursaluna-Bloodmoon, L50, M|\n|poke|p1|Cresselia, L50, F|\n|poke|p1|Kingambit, L50, M|\n|poke|p1|Indeedee-F, L50, F|\n|poke|p1|Armarouge, L50, M|\n|poke|p2|Ting-Lu, L50|\n|poke|p2|Gyarados, L50, F|\n|poke|p2|Klefki, L50, M|\n|poke|p2|Amoonguss, L50, M|\n|poke|p2|Mimikyu, L50, F|\n|poke|p2|Talonflame, L50, F|\n|teampreview|4\n|inactive|Battle timer is ON: inactive players will automatically lose when time's up. (requested by puli95)\npuli95 rejected open team sheets.\n|inactive|D'Ranged has 60 seconds left.\n|\n|t:|1699747304\n|start\n|switch|p1a: Iron Hands|Iron Hands, L50|100\/100\n|switch|p1b: Cresselia|Cresselia, L50, F, shiny|100\/100\n|switch|p2a: Ting-Lu|Ting-Lu, L50|100\/100\n|switch|p2b: Klefki|Klefki, L50, M|100\/100\n|-ability|p2a: Ting-Lu|Vessel of Ruin\n|turn|1\n|\n|t:|1699747318\n|switch|p2a: Gyarados|Gyarados, L50, F|100\/100\n|-ability|p2a: Gyarados|Intimidate|boost\n|-unboost|p1a: Iron Hands|atk|1\n|-unboost|p1b: Cresselia|atk|1\n|move|p1a: Iron Hands|Fake Out|p2b: Klefki\n|-resisted|p2b: Klefki\n|-damage|p2b: Klefki|96\/100\n|cant|p2b: Klefki|flinch\n|move|p1b: Cresselia|Trick Room|p1b: Cresselia\n|-fieldstart|move: Trick Room|[of] p1b: Cresselia\n|\n|upkeep\n|turn|2\n|\n|t:|1699747337\n|switch|p2a: Ting-Lu|Ting-Lu, L50|100\/100\n|-ability|p2a: Ting-Lu|Vessel of Ruin\n|move|p1b: Cresselia|Helping Hand|p1a: Iron Hands\n|-singleturn|p1a: Iron Hands|Helping Hand|[of] p1b: Cresselia\n|move|p2b: Klefki|Thunder Wave|p1b: Cresselia\n|-status|p1b: Cresselia|par\n|move|p1a: Iron Hands|Wild Charge|p2a: Ting-Lu\n|-immune|p2a: Ting-Lu\n|\n|upkeep\n|turn|3\n|\n|t:|1699747356\n|-end|p1a: Iron Hands|Quark Drive|[silent]\n|switch|p1a: Ursaluna|Ursaluna-Bloodmoon, L50, M|100\/100\n|move|p1b: Cresselia|Lunar Blessing|p1b: Cresselia|[spread] p1a,p1b\n|-curestatus|p1b: Cresselia|par|[msg]\n|move|p2a: Ting-Lu|Stomping Tantrum|p1a: Ursaluna\n|-damage|p1a: Ursaluna|81\/100\n|move|p2b: Klefki|Foul Play|p1a: Ursaluna\n|-damage|p1a: Ursaluna|71\/100\n|\n|upkeep\n|turn|4\n|\n|t:|1699747371\n|switch|p2a: Gyarados|Gyarados, L50, F|100\/100\n|-ability|p2a: Gyarados|Intimidate|boost\n|-unboost|p1a: Ursaluna|atk|1\n|-unboost|p1b: Cresselia|atk|1\n|move|p1b: Cresselia|Helping Hand|p1a: Ursaluna\n|-singleturn|p1a: Ursaluna|Helping Hand|[of] p1b: Cresselia\n|move|p1a: Ursaluna|Hyper Voice|p2a: Gyarados|[spread] p2a,p2b\n|-resisted|p2b: Klefki\n|-damage|p2a: Gyarados|52\/100\n|-damage|p2b: Klefki|60\/100\n|-enditem|p1a: Ursaluna|Throat Spray\n|-boost|p1a: Ursaluna|spa|1|[from] item: Throat Spray\n|move|p2b: Klefki|Foul Play|p1a: Ursaluna\n|-damage|p1a: Ursaluna|65\/100\n|\n|upkeep\n|turn|5\n|\n|t:|1699747392\n|move|p1b: Cresselia|Helping Hand|p1a: Ursaluna\n|-singleturn|p1a: Ursaluna|Helping Hand|[of] p1b: Cresselia\n|move|p2b: Klefki|Light Screen|p2b: Klefki\n|-sidestart|p2: puli95|move: Light Screen\n|move|p1a: Ursaluna|Blood Moon|p2a: Gyarados\n|-damage|p2a: Gyarados|0 fnt\n|faint|p2a: Gyarados\n|\n|-fieldend|move: Trick Room\n|upkeep\n|\n|t:|1699747414\n|switch|p2a: Mimikyu|Mimikyu, L50, F|100\/100\n|turn|6\n|\n|t:|1699747425\n|-terastallize|p2a: Mimikyu|Fairy\n|move|p2a: Mimikyu|Play Rough|p1a: Ursaluna\n|-damage|p1a: Ursaluna|19\/100\n|move|p2b: Klefki|Foul Play|p1a: Ursaluna\n|-damage|p1a: Ursaluna|13\/100\n|move|p1b: Cresselia|Lunar Blessing|p1b: Cresselia|[spread] p1a,p1b\n|-heal|p1a: Ursaluna|38\/100\n|move|p1a: Ursaluna|Hyper Voice|p2b: Klefki|[spread] p2a,p2b\n|-resisted|p2b: Klefki\n|-activate|p2a: Mimikyu|ability: Disguise\n|-damage|p2a: Mimikyu|100\/100\n|-damage|p2b: Klefki|35\/100\n|detailschange|p2a: Mimikyu|Mimikyu-Busted, L50, F, tera:Fairy\n|-damage|p2a: Mimikyu|89\/100|[from] pokemon: Mimikyu-Busted\n|\n|upkeep\n|turn|7\n|\n|t:|1699747446\n|move|p1a: Ursaluna|Protect|p1a: Ursaluna\n|-singleturn|p1a: Ursaluna|Protect\n|move|p2a: Mimikyu|Play Rough|p1a: Ursaluna\n|-activate|p1a: Ursaluna|move: Protect\n|move|p2b: Klefki|Foul Play|p1b: Cresselia\n|-supereffective|p1b: Cresselia\n|-crit|p1b: Cresselia\n|-damage|p1b: Cresselia|78\/100\n|move|p1b: Cresselia|Trick Room|p1b: Cresselia\n|-fieldstart|move: Trick Room|[of] p1b: Cresselia\n|\n|-heal|p1b: Cresselia|84\/100|[from] item: Leftovers\n|upkeep\n|turn|8\n|\n|t:|1699747466\n|move|p1b: Cresselia|Helping Hand|p1a: Ursaluna\n|-singleturn|p1a: Ursaluna|Helping Hand|[of] p1b: Cresselia\n|move|p1a: Ursaluna|Blood Moon|p2a: Mimikyu\n|-damage|p2a: Mimikyu|0 fnt\n|faint|p2a: Mimikyu\n|move|p2b: Klefki|Foul Play|p1a: Ursaluna\n|-damage|p1a: Ursaluna|31\/100\n|\n|-heal|p1b: Cresselia|90\/100|[from] item: Leftovers\n|upkeep\n|-message|puli95 forfeited.\n|\n|win|D'Ranged\n|raw|D&apos;Ranged's rating: 1081 &rarr; <strong>1116<\/strong><br \/>(+35 for winning)\n|raw|puli95's rating: 1170 &rarr; <strong>1139<\/strong><br \/>(-31 for losing)\n|l|\u2606puli95\n","uploadtime":1699747481,"views":17,"p1id":"dranged","p2id":"puli95","formatid":"gen9vgc2023regulatione","rating":1116,"private":0,"password":""}