{"id":"gen9vgc2023regulatione-1990399634","p1":"jamescagewhites","p2":"MissMilly","format":"[Gen 9] VGC 2023 Regulation E","log":"|j|\u2606jamescagewhites\n|j|\u2606MissMilly\n|t:|1699966947\n|gametype|doubles\n|player|p1|jamescagewhites|cynthia-masters|1402\n|player|p2|MissMilly|mars|1403\n|teamsize|p1|6\n|teamsize|p2|6\n|gen|9\n|tier|[Gen 9] VGC 2023 Regulation E\n|rated|\n|rule|Species Clause: Limit one of each Pok\u00e9mon\n|rule|Item Clause: Limit one of each item\n|clearpoke\n|poke|p1|Urshifu-*, L50, M|\n|poke|p1|Tornadus, L50, M|\n|poke|p1|Gholdengo, L50|\n|poke|p1|Ogerpon-Wellspring, L50, F|\n|poke|p1|Heatran, L50, M|\n|poke|p1|Rillaboom, L50, F|\n|poke|p2|Dragonite, L50, M|\n|poke|p2|Arcanine-Hisui, L50, M|\n|poke|p2|Chien-Pao, L50|\n|poke|p2|Urshifu-*, L50, M|\n|poke|p2|Amoonguss, L50, M|\n|poke|p2|Farigiraf, L50, F|\n|teampreview|4\n|inactive|Battle timer is ON: inactive players will automatically lose when time's up. (requested by MissMilly)\n|\n|t:|1699966999\n|start\n|switch|p1a: two words|Gholdengo, L50|100\/100\n|switch|p1b: Charles|Ogerpon-Wellspring, L50, F|100\/100\n|switch|p2a: Farigiraf|Farigiraf, L50, F|100\/100\n|switch|p2b: Amoonguss|Amoonguss, L50, M|100\/100\n|turn|1\n|inactive|MissMilly has 30 seconds left.\n|inactive|MissMilly has 20 seconds left.\n|\n|t:|1699967036\n|switch|p2a: Dragonite|Dragonite, L50, M|100\/100\n|move|p1b: Charles|Ivy Cudgel|p2a: Dragonite|[anim] Ivy Cudgel Water\n|-resisted|p2a: Dragonite\n|-damage|p2a: Dragonite|72\/100\n|move|p1a: two words|Nasty Plot|p1a: two words\n|-boost|p1a: two words|spa|2\n|move|p2b: Amoonguss|Pollen Puff|p1b: Charles\n|-supereffective|p1b: Charles\n|-damage|p1b: Charles|62\/100\n|\n|upkeep\n|turn|2\n|inactive|MissMilly has 30 seconds left.\n|\n|t:|1699967066\n|move|p1b: Charles|Follow Me|p1b: Charles\n|-singleturn|p1b: Charles|move: Follow Me\n|move|p1a: two words|Nasty Plot|p1a: two words\n|-boost|p1a: two words|spa|2\n|move|p2a: Dragonite|Stomping Tantrum|p1b: Charles\n|-resisted|p1b: Charles\n|-damage|p1b: Charles|48\/100\n|move|p2b: Amoonguss|Pollen Puff|p1b: Charles\n|-supereffective|p1b: Charles\n|-damage|p1b: Charles|10\/100\n|\n|upkeep\n|turn|3\n|\n|t:|1699967088\n|move|p2b: Amoonguss|Protect|p2b: Amoonguss\n|-singleturn|p2b: Amoonguss|Protect\n|move|p1b: Charles|Follow Me|p1b: Charles\n|-singleturn|p1b: Charles|move: Follow Me\n|move|p2a: Dragonite|Extreme Speed|p1b: Charles\n|-damage|p1b: Charles|0 fnt\n|faint|p1b: Charles\n|move|p1a: two words|Make It Rain|p2a: Dragonite|[spread] p2a\n|-activate|p2b: Amoonguss|move: Protect\n|-damage|p2a: Dragonite|0 fnt\n|-unboost|p1a: two words|spa|1\n|faint|p2a: Dragonite\n|\n|upkeep\n|\n|t:|1699967105\n|switch|p1b: customer|Heatran, L50, M|100\/100\n|switch|p2a: Sif|Arcanine-Hisui, L50, M|100\/100\n|-ability|p2a: Sif|Intimidate|boost\n|-unboost|p1a: two words|atk|1\n|-unboost|p1b: customer|atk|1\n|turn|4\n|j| vggvcfvhk\n|\n|t:|1699967121\n|-terastallize|p1a: two words|Dragon\n|-terastallize|p2b: Amoonguss|Dragon\n|move|p2a: Sif|Flare Blitz|p1a: two words\n|-resisted|p1a: two words\n|-crit|p1a: two words\n|-damage|p1a: two words|35\/100\n|-damage|p2a: Sif|77\/100|[from] Recoil\n|move|p1a: two words|Make It Rain|p2b: Amoonguss|[spread] p2a,p2b\n|-damage|p2a: Sif|0 fnt\n|-damage|p2b: Amoonguss|3\/100\n|-unboost|p1a: two words|spa|1\n|faint|p2a: Sif\n|move|p1b: customer|Earth Power|p2b: Amoonguss\n|-damage|p2b: Amoonguss|0 fnt\n|faint|p2b: Amoonguss\n|-damage|p1b: customer|91\/100|[from] item: Life Orb\n|\n|-heal|p1a: two words|41\/100|[from] item: Leftovers\n|upkeep\n|\n|t:|1699967144\n|switch|p2b: Farigiraf|Farigiraf, L50, F|100\/100\n|turn|5\n|\n|t:|1699967150\n|move|p1a: two words|Make It Rain|p2b: Farigiraf\n|-damage|p2b: Farigiraf|0 fnt\n|-unboost|p1a: two words|spa|1\n|faint|p2b: Farigiraf\n|\n|win|jamescagewhites\n|raw|jamescagewhites's rating: 1402 &rarr; <strong>1422<\/strong><br \/>(+20 for winning)\n|raw|MissMilly's rating: 1403 &rarr; <strong>1383<\/strong><br \/>(-20 for losing)\n|l|\u2606MissMilly\n","uploadtime":1699967159,"views":13,"p1id":"jamescagewhites","p2id":"missmilly","formatid":"gen9vgc2023regulatione","rating":1383,"private":0,"password":""}