{"id":"gen9vgc2023regulatione-1999941468","p1":"brunikolas","p2":"SwangWang","format":"[Gen 9] VGC 2023 Regulation E","log":"|j|\u2606brunikolas\n|j|\u2606SwangWang\n|t:|1701132636\n|gametype|doubles\n|player|p1|brunikolas|1|1114\n|player|p2|SwangWang|170|1007\n|teamsize|p1|6\n|teamsize|p2|6\n|gen|9\n|tier|[Gen 9] VGC 2023 Regulation E\n|rated|\n|rule|Species Clause: Limit one of each Pok\u00e9mon\n|rule|Item Clause: Limit one of each item\n|clearpoke\n|poke|p1|Dragonite, L50, F|\n|poke|p1|Weezing-Galar, L50, F|\n|poke|p1|Zoroark-Hisui, L50, F|\n|poke|p1|Iron Hands, L50|\n|poke|p1|Flutter Mane, L50|\n|poke|p1|Roaring Moon, L50|\n|poke|p2|Mamoswine, L50, F|\n|poke|p2|Ninetales-Alola, L50, M|\n|poke|p2|Chi-Yu, L50|\n|poke|p2|Ogerpon, L50, F|\n|poke|p2|Gyarados, L50, F|\n|poke|p2|Arcanine-Hisui, L50, F|\n|teampreview|4\nSwangWang has agreed to open team sheets.\n|\n|t:|1701132700\n|start\n|switch|p1a: Weezing|Weezing-Galar, L50, F|100\/100\n|switch|p1b: Iron Hands|Iron Hands, L50|100\/100\n|switch|p2a: Ninetales|Ninetales-Alola, L50, M|100\/100\n|switch|p2b: Ogerpon|Ogerpon, L50, F|100\/100\n|-ability|p1a: Weezing|Neutralizing Gas\n|turn|1\n|\n|t:|1701132733\n|move|p2b: Ogerpon|Swords Dance|p2b: Ogerpon\n|-boost|p2b: Ogerpon|atk|2\n|move|p2a: Ninetales|Dazzling Gleam|p1b: Iron Hands|[spread] p1a,p1b\n|-resisted|p1a: Weezing\n|-crit|p1a: Weezing\n|-supereffective|p1b: Iron Hands\n|-damage|p1a: Weezing|86\/100\n|-damage|p1b: Iron Hands|80\/100\n|move|p1a: Weezing|Dazzling Gleam|p2a: Ninetales|[spread] p2a,p2b\n|-crit|p2a: Ninetales\n|-damage|p2a: Ninetales|71\/100\n|-damage|p2b: Ogerpon|79\/100\n|move|p1b: Iron Hands|Ice Punch|p2b: Ogerpon\n|-supereffective|p2b: Ogerpon\n|-damage|p2b: Ogerpon|10\/100\n|\n|-heal|p2b: Ogerpon|16\/100|[from] item: Leftovers\n|-heal|p1a: Weezing|92\/100|[from] item: Leftovers\n|upkeep\n|turn|2\n|\n|t:|1701132767\n|-terastallize|p2b: Ogerpon|Grass\n|detailschange|p2b: Ogerpon|Ogerpon-Teal-Tera, L50, F, tera:Grass\n|move|p2a: Ninetales|Helping Hand|p2b: Ogerpon\n|-singleturn|p2b: Ogerpon|Helping Hand|[of] p2a: Ninetales\n|move|p2b: Ogerpon|Ivy Cudgel|p1b: Iron Hands\n|-damage|p1b: Iron Hands|0 fnt\n|faint|p1b: Iron Hands\n|-end|p1b: Iron Hands|Quark Drive|[silent]\n|move|p1a: Weezing|Clear Smog|p2b: Ogerpon\n|-supereffective|p2b: Ogerpon\n|-damage|p2b: Ogerpon|0 fnt\n|-clearboost|p2b: Ogerpon\n|faint|p2b: Ogerpon\n|\n|-heal|p1a: Weezing|98\/100|[from] item: Leftovers\n|upkeep\n|\n|t:|1701132786\n|switch|p2b: Mamoswine|Mamoswine, L50, F|100\/100\n|switch|p1b: Dragonite|Dragonite, L50, F|100\/100\n|turn|3\n|\n|t:|1701132810\n|switch|p2a: Chi-Yu|Chi-Yu, L50|100\/100\n|-terastallize|p1b: Dragonite|Normal\n|move|p1b: Dragonite|Extreme Speed|p2a: Chi-Yu\n|-damage|p2a: Chi-Yu|0 fnt\n|faint|p2a: Chi-Yu\n|move|p2b: Mamoswine|Icicle Spear|p1b: Dragonite\n|-damage|p1b: Dragonite|86\/100\n|-damage|p1b: Dragonite|72\/100\n|-damage|p1b: Dragonite|58\/100\n|-damage|p1b: Dragonite|42\/100\n|-hitcount|p1b: Dragonite|4\n|move|p1a: Weezing|Dazzling Gleam|p2b: Mamoswine\n|-damage|p2b: Mamoswine|68\/100\n|\n|-heal|p1a: Weezing|100\/100|[from] item: Leftovers\n|upkeep\n|\n|t:|1701132826\n|switch|p2a: Ninetales|Ninetales-Alola, L50, M|71\/100\n|turn|4\n|\n|t:|1701132846\n|move|p1b: Dragonite|Extreme Speed|p2a: Ninetales\n|-damage|p2a: Ninetales|0 fnt\n|faint|p2a: Ninetales\n|move|p2b: Mamoswine|Earthquake|p1a: Weezing|[spread] p1a,p1b\n|-supereffective|p1a: Weezing\n|-damage|p1a: Weezing|27\/100\n|-damage|p1b: Dragonite|4\/100\n|move|p1a: Weezing|Dazzling Gleam|p2b: Mamoswine\n|-damage|p2b: Mamoswine|35\/100\n|\n|-heal|p1a: Weezing|33\/100|[from] item: Leftovers\n|upkeep\n|turn|5\n|\n|t:|1701132860\n|move|p1b: Dragonite|Extreme Speed|p2b: Mamoswine\n|-crit|p2b: Mamoswine\n|-damage|p2b: Mamoswine|0 fnt\n|faint|p2b: Mamoswine\n|\n|win|brunikolas\n|raw|brunikolas's rating: 1114 &rarr; <strong>1132<\/strong><br \/>(+18 for winning)\n|raw|SwangWang's rating: 1007 &rarr; <strong>1000<\/strong><br \/>(-7 for losing)\n|l|\u2606SwangWang\n","uploadtime":1701132870,"views":10,"p1id":"brunikolas","p2id":"swangwang","formatid":"gen9vgc2023regulatione","rating":1000,"private":0,"password":""}