{"id":"gen9vgc2023regulatione-1990583364","p1":"Shmubadubdub","p2":"WarTails","format":"[Gen 9] VGC 2023 Regulation E","log":"|j|\u2606Shmubadubdub\n|j|\u2606WarTails\n|n|\u2606Shmubadubdub|shmubadubdub\n|n|\u2606WarTails|wartails\n|html|View the match progress at <a href=\"\/game-bestof3-gen9vgc2023regulatione-1990578639\">game-bestof3-gen9vgc2023regulatione-1990578639<\/a>\n|t:|1699983349\n|gametype|doubles\n|player|p1|Shmubadubdub|1|\n|player|p2|WarTails|veteran|\n|teamsize|p1|6\n|teamsize|p2|6\n|gen|9\n|tier|[Gen 9] VGC 2023 Regulation E\n|rule|Species Clause: Limit one of each Pok\u00e9mon\n|rule|Item Clause: Limit one of each item\n|clearpoke\n|poke|p1|Arcanine-Hisui, L50, M|\n|poke|p1|Sinistcha, L50|\n|poke|p1|Moltres-Galar, L50|\n|poke|p1|Weezing-Galar, L50, M|\n|poke|p1|Iron Hands, L50|\n|poke|p1|Urshifu-*, L50, F|\n|poke|p2|Lucario, L50, F|\n|poke|p2|Garchomp, L50, M|\n|poke|p2|Gliscor, L50, M|\n|poke|p2|Rotom-Heat, L50|\n|poke|p2|Pachirisu, L50, F|\n|poke|p2|Tyranitar, L50, M|\n|teampreview|4\nShmubadubdub has agreed to open team sheets.\nWarTails has agreed to open team sheets.\n|showteam|p1|Arcanine-Hisui||AbilityShield|Intimidate|FlareBlitz,RockSlide,ExtremeSpeed,IronHead|||M|||50|,,,,,Water]Sinistcha||WikiBerry|Hospitality|MatchaGotcha,ShadowBall,NastyPlot,StrengthSap||||||50|,,,,,Fairy]Moltres-Galar||SitrusBerry|Berserk|FieryWrath,Tailwind,Protect,AirSlash||||||50|,,,,,Steel]Weezing-Galar||RockyHelmet|NeutralizingGas|WillOWisp,SludgeBomb,Taunt,StrangeSteam|||M|||50|,,,,,Water]Iron Hands||BoosterEnergy|QuarkDrive|DrainPunch,ThunderPunch,HeavySlam,FakeOut||||||50|,,,,,Fire]Urshifu||LifeOrb|UnseenFist|WickedBlow,DrainPunch,IronHead,SuckerPunch|||F|||50|,,,,,Poison\n|showteam|p2|Lucario||FocusSash|Steadfast|DrainPunch,BulletPunch,ShadowClaw,Detect|||F|||50|,,,,,Ghost]Garchomp||AssaultVest|RoughSkin|Earthquake,DragonClaw,IronHead,BrickBreak|||M|||50|,,,,,Steel]Gliscor||ToxicOrb|PoisonHeal|Toxic,Bulldoze,MudSlap,Protect|||M|||50|,,,,,Water]Rotom-Heat||Leftovers|Levitate|Discharge,WillOWisp,EerieImpulse,Substitute||||||50|,,,,,Electric]Pachirisu||SafetyGoggles|VoltAbsorb|FollowMe,HelpingHand,Nuzzle,BabyDollEyes|||F|||50|,,,,,Flying]Tyranitar||LuminousMoss|SandStream|Protect,Crunch,StealthRock,SmackDown|||M|||50|,,,,,Bug\n|\n|t:|1699983404\n|start\n|switch|p1a: Sinistcha|Sinistcha, L50|100\/100\n|switch|p1b: Arcanine|Arcanine-Hisui, L50, M|100\/100\n|switch|p2a: Gliscor|Gliscor, L50, M|100\/100\n|switch|p2b: Tyranitar|Tyranitar, L50, M|100\/100\n|-ability|p1b: Arcanine|Intimidate|boost\n|-unboost|p2a: Gliscor|atk|1\n|-unboost|p2b: Tyranitar|atk|1\n|-weather|Sandstorm|[from] ability: Sand Stream|[of] p2b: Tyranitar\n|turn|1\n|\n|t:|1699983461\n|switch|p1a: Weezing|Weezing-Galar, L50, M|100\/100\n|-ability|p1a: Weezing|Neutralizing Gas\n|-block|p1b: Arcanine|item: Ability Shield\n|-terastallize|p1b: Arcanine|Water\n|move|p2a: Gliscor|Toxic|p1a: Weezing\n|-immune|p1a: Weezing\n|move|p1b: Arcanine|Iron Head|p2b: Tyranitar\n|-supereffective|p2b: Tyranitar\n|-damage|p2b: Tyranitar|59\/100\n|cant|p2b: Tyranitar|flinch\n|\n|-weather|Sandstorm|[upkeep]\n|-damage|p1b: Arcanine|95\/100|[from] Sandstorm\n|-damage|p1a: Weezing|95\/100|[from] Sandstorm\n|-status|p2a: Gliscor|tox|[from] item: Toxic Orb\n|upkeep\n|turn|2\n|\n|t:|1699983487\n|move|p2b: Tyranitar|Protect|p2b: Tyranitar\n|-singleturn|p2b: Tyranitar|Protect\n|move|p2a: Gliscor|Bulldoze|p1a: Weezing|[spread] p1a,p1b\n|-activate|p2b: Tyranitar|move: Protect\n|-supereffective|p1a: Weezing\n|-damage|p1a: Weezing|81\/100\n|-damage|p1b: Arcanine|86\/100\n|-unboost|p1a: Weezing|spe|1\n|-unboost|p1b: Arcanine|spe|1\n|move|p1b: Arcanine|Rock Slide|p2b: Tyranitar|[spread] p2a\n|-activate|p2b: Tyranitar|move: Protect\n|-damage|p2a: Gliscor|81\/100 tox\n|move|p1a: Weezing|Will-O-Wisp|p2b: Tyranitar\n|-activate|p2b: Tyranitar|move: Protect\n|\n|-weather|Sandstorm|[upkeep]\n|-damage|p1b: Arcanine|80\/100|[from] Sandstorm\n|-damage|p1a: Weezing|75\/100|[from] Sandstorm\n|-damage|p2a: Gliscor|75\/100 tox|[from] psn\n|upkeep\n|turn|3\n|\n|t:|1699983523\n|switch|p2b: Rotom|Rotom-Heat, L50|100\/100\n|move|p2a: Gliscor|Toxic|p1b: Arcanine\n|-status|p1b: Arcanine|tox\n|move|p1b: Arcanine|Iron Head|p2b: Rotom\n|-resisted|p2b: Rotom\n|-damage|p2b: Rotom|95\/100\n|move|p1a: Weezing|Will-O-Wisp|p2b: Rotom|[miss]\n|-miss|p1a: Weezing|p2b: Rotom\n|\n|-weather|Sandstorm|[upkeep]\n|-damage|p2b: Rotom|89\/100|[from] Sandstorm\n|-damage|p1b: Arcanine|74\/100 tox|[from] Sandstorm\n|-damage|p1a: Weezing|69\/100|[from] Sandstorm\n|-heal|p2b: Rotom|95\/100|[from] item: Leftovers\n|-damage|p2a: Gliscor|63\/100 tox|[from] psn\n|-damage|p1b: Arcanine|68\/100 tox|[from] psn\n|upkeep\n|turn|4\n|\n|t:|1699983551\n|switch|p2a: Tyranitar|Tyranitar, L50, M|59\/100\n|move|p2b: Rotom|Will-O-Wisp|p1a: Weezing\n|-status|p1a: Weezing|brn\n|move|p1b: Arcanine|Rock Slide|p2b: Rotom|[spread] p2a,p2b\n|-supereffective|p2b: Rotom\n|-damage|p2a: Tyranitar|37\/100\n|-damage|p2b: Rotom|39\/100\n|move|p1a: Weezing|Sludge Bomb|p2b: Rotom\n|-damage|p2b: Rotom|6\/100\n|-status|p2b: Rotom|psn\n|\n|-weather|Sandstorm|[upkeep]\n|-damage|p2b: Rotom|0 fnt|[from] Sandstorm\n|-damage|p1b: Arcanine|62\/100 tox|[from] Sandstorm\n|-damage|p1a: Weezing|63\/100 brn|[from] Sandstorm\n|faint|p2b: Rotom\n|-damage|p1b: Arcanine|50\/100 tox|[from] psn\n|-damage|p1a: Weezing|57\/100 brn|[from] brn\n|upkeep\n|\n|t:|1699983568\n|switch|p2b: Garchomp|Garchomp, L50, M|100\/100\n|turn|5\n|\n|t:|1699983588\n|-end|p1a: Weezing|ability: Neutralizing Gas\n|switch|p1a: Sinistcha|Sinistcha, L50|100\/100\n|-heal|p1b: Arcanine|75\/100 tox|[from] ability: Hospitality|[of] p1a: Sinistcha\n|move|p2a: Tyranitar|Protect|p2a: Tyranitar\n|-singleturn|p2a: Tyranitar|Protect\n|move|p2b: Garchomp|Earthquake|p1b: Arcanine|[spread] p1a,p1b\n|-activate|p2a: Tyranitar|move: Protect\n|-resisted|p1a: Sinistcha\n|-damage|p1a: Sinistcha|81\/100\n|-damage|p1b: Arcanine|32\/100 tox\n|move|p1b: Arcanine|Iron Head|p2a: Tyranitar\n|-activate|p2a: Tyranitar|move: Protect\n|\n|-weather|none\n|-damage|p1b: Arcanine|14\/100 tox|[from] psn\n|upkeep\n|turn|6\n|\n|t:|1699983614\n|move|p1b: Arcanine|Extreme Speed|p2a: Tyranitar\n|-resisted|p2a: Tyranitar\n|-damage|p2a: Tyranitar|27\/100\n|move|p2b: Garchomp|Iron Head|p1b: Arcanine\n|-resisted|p1b: Arcanine\n|-damage|p1b: Arcanine|0 fnt\n|faint|p1b: Arcanine\n|move|p1a: Sinistcha|Matcha Gotcha|p2a: Tyranitar|[spread] p2a,p2b\n|-supereffective|p2a: Tyranitar\n|-damage|p2a: Tyranitar|0 fnt\n|-heal|p1a: Sinistcha|95\/100|[from] drain|[of] p2a: Tyranitar\n|-damage|p2b: Garchomp|85\/100\n|-heal|p1a: Sinistcha|100\/100|[from] drain|[of] p2b: Garchomp\n|faint|p2a: Tyranitar\n|\n|upkeep\n|\n|t:|1699983645\n|switch|p1b: Weezing|Weezing-Galar, L50, M|57\/100 brn\n|switch|p2a: Gliscor|Gliscor, L50, M|63\/100 tox\n|-ability|p1b: Weezing|Neutralizing Gas\n|turn|7\n|\n|t:|1699983672\n|move|p2b: Garchomp|Earthquake|p1b: Weezing|[spread] p1a,p1b\n|-immune|p2a: Gliscor\n|-resisted|p1a: Sinistcha\n|-supereffective|p1b: Weezing\n|-damage|p1a: Sinistcha|82\/100\n|-damage|p1b: Weezing|0 fnt\n|faint|p1b: Weezing\n|-end|p1b: Weezing|ability: Neutralizing Gas\n|move|p2a: Gliscor|Toxic|p1a: Sinistcha\n|-status|p1a: Sinistcha|tox\n|move|p1a: Sinistcha|Strength Sap|p2a: Gliscor\n|-unboost|p2a: Gliscor|atk|1\n|-heal|p1a: Sinistcha|100\/100 tox\n|\n|-heal|p2a: Gliscor|75\/100 tox|[from] ability: Poison Heal\n|-damage|p1a: Sinistcha|94\/100 tox|[from] psn\n|upkeep\n|\n|t:|1699983686\n|switch|p1b: Tekken|Iron Hands, L50|100\/100\n|-enditem|p1b: Tekken|Booster Energy\n|-activate|p1b: Tekken|ability: Quark Drive|[fromitem]\n|-start|p1b: Tekken|quarkdriveatk\n|turn|8\n|\n|t:|1699983707\n|move|p1b: Tekken|Fake Out|p2b: Garchomp\n|-damage|p2b: Garchomp|69\/100\n|-damage|p1b: Tekken|88\/100|[from] ability: Rough Skin|[of] p2b: Garchomp\n|cant|p2b: Garchomp|flinch\n|move|p2a: Gliscor|Toxic|p1b: Tekken\n|-status|p1b: Tekken|tox\n|move|p1a: Sinistcha|Shadow Ball|p2a: Gliscor\n|-damage|p2a: Gliscor|35\/100 tox\n|\n|-heal|p2a: Gliscor|47\/100 tox|[from] ability: Poison Heal\n|-damage|p1a: Sinistcha|82\/100 tox|[from] psn\n|-damage|p1b: Tekken|82\/100 tox|[from] psn\n|upkeep\n|turn|9\n|\n|t:|1699983730\n|move|p2a: Gliscor|Protect|p2a: Gliscor\n|-singleturn|p2a: Gliscor|Protect\n|move|p2b: Garchomp|Earthquake|p1b: Tekken|[spread] p1a,p1b\n|-activate|p2a: Gliscor|move: Protect\n|-resisted|p1a: Sinistcha\n|-supereffective|p1b: Tekken\n|-damage|p1a: Sinistcha|62\/100 tox\n|-damage|p1b: Tekken|30\/100 tox\n|move|p1a: Sinistcha|Matcha Gotcha|p2a: Gliscor|[spread] p2b\n|-activate|p2a: Gliscor|move: Protect\n|-damage|p2b: Garchomp|53\/100\n|-heal|p1a: Sinistcha|71\/100 tox|[from] drain|[of] p2b: Garchomp\n|move|p1b: Tekken|Drain Punch|p2b: Garchomp\n|-damage|p2b: Garchomp|14\/100\n|-heal|p1b: Tekken|45\/100 tox|[from] drain|[of] p2b: Garchomp\n|-damage|p1b: Tekken|32\/100 tox|[from] ability: Rough Skin|[of] p2b: Garchomp\n|\n|-heal|p2a: Gliscor|59\/100 tox|[from] ability: Poison Heal\n|-damage|p1a: Sinistcha|53\/100 tox|[from] psn\n|-damage|p1b: Tekken|20\/100 tox|[from] psn\n|upkeep\n|turn|10\n|\n|t:|1699983765\n|move|p2b: Garchomp|Earthquake|p1b: Tekken|[spread] p1a,p1b\n|-immune|p2a: Gliscor\n|-resisted|p1a: Sinistcha\n|-supereffective|p1b: Tekken\n|-damage|p1a: Sinistcha|34\/100 tox\n|-damage|p1b: Tekken|0 fnt\n|faint|p1b: Tekken\n|-end|p1b: Tekken|Quark Drive|[silent]\n|move|p2a: Gliscor|Mud-Slap|p1a: Sinistcha\n|-resisted|p1a: Sinistcha\n|-damage|p1a: Sinistcha|33\/100 tox\n|-unboost|p1a: Sinistcha|accuracy|1\n|move|p1a: Sinistcha|Matcha Gotcha|p2b: Garchomp|[spread] p2b\n|-miss|p1a: Sinistcha|p2a: Gliscor\n|-damage|p2b: Garchomp|0 fnt\n|-heal|p1a: Sinistcha|40\/100 tox|[from] drain|[of] p2b: Garchomp\n|faint|p2b: Garchomp\n|\n|-heal|p2a: Gliscor|72\/100 tox|[from] ability: Poison Heal\n|-damage|p1a: Sinistcha|16\/100 tox|[from] psn\n|upkeep\n|-enditem|p1a: Sinistcha|Wiki Berry|[eat]\n|-heal|p1a: Sinistcha|49\/100 tox|[from] item: Wiki Berry\n|turn|11\n|\n|t:|1699983787\n|move|p2a: Gliscor|Protect|p2a: Gliscor\n|-singleturn|p2a: Gliscor|Protect\n|move|p1a: Sinistcha|Strength Sap|p2a: Gliscor\n|-activate|p2a: Gliscor|move: Protect\n|\n|-heal|p2a: Gliscor|84\/100 tox|[from] ability: Poison Heal\n|-damage|p1a: Sinistcha|18\/100 tox|[from] psn\n|upkeep\n|turn|12\n|\n|t:|1699983795\n|move|p2a: Gliscor|Mud-Slap|p1a: Sinistcha\n|-resisted|p1a: Sinistcha\n|-damage|p1a: Sinistcha|16\/100 tox\n|-unboost|p1a: Sinistcha|accuracy|1\n|move|p1a: Sinistcha|Strength Sap|p2a: Gliscor\n|-unboost|p2a: Gliscor|atk|1\n|-heal|p1a: Sinistcha|59\/100 tox\n|\n|-heal|p2a: Gliscor|96\/100 tox|[from] ability: Poison Heal\n|-damage|p1a: Sinistcha|22\/100 tox|[from] psn\n|upkeep\n|turn|13\n|\n|t:|1699983807\n|move|p2a: Gliscor|Protect|p2a: Gliscor\n|-singleturn|p2a: Gliscor|Protect\n|move|p1a: Sinistcha|Strength Sap|p2a: Gliscor\n|-activate|p2a: Gliscor|move: Protect\n|\n|-heal|p2a: Gliscor|100\/100 tox|[from] ability: Poison Heal\n|-damage|p1a: Sinistcha|0 fnt|[from] psn\n|faint|p1a: Sinistcha\n|\n|win|WarTails\n|upkeep\n|c|&|\/uhtml prompt-wartails,WarTails is ready for game 3!\n|inactive|Shmubadubdub has 50 seconds to confirm battle start!\n|c|&|\/uhtml prompt-shmubadubdub,Shmubadubdub is ready for game 3!\nBoth players are ready! Starting next match!\n","uploadtime":1699984198,"views":22,"p1id":"shmubadubdub","p2id":"wartails","formatid":"gen9vgc2023regulatione","rating":0,"private":0,"password":""}