{"id":"gen9vgc2023regulatione-1993947308","p1":"PhantomOrionVgc","p2":"palmeros","format":"[Gen 9] VGC 2023 Regulation E","log":"|j|\u2606PhantomOrionVgc\n|j|\u2606palmeros\n|t:|1700380678\n|gametype|doubles\n|player|p1|PhantomOrionVgc|caitlin-masters|1437\n|player|p2|palmeros|flannery|1496\n|teamsize|p1|6\n|teamsize|p2|6\n|gen|9\n|tier|[Gen 9] VGC 2023 Regulation E\n|rated|\n|rule|Species Clause: Limit one of each Pok\u00e9mon\n|rule|Item Clause: Limit one of each item\n|clearpoke\n|poke|p1|Ninetales-Alola, L50, F|\n|poke|p1|Arcanine-Hisui, L50, M|\n|poke|p1|Ogerpon-Wellspring, L50, F|\n|poke|p1|Chien-Pao, L50|\n|poke|p1|Iron Bundle, L50|\n|poke|p1|Gholdengo, L50|\n|poke|p2|Ogerpon-Hearthflame, L50, F|\n|poke|p2|Clefairy, L50, M|\n|poke|p2|Iron Bundle, L50|\n|poke|p2|Gholdengo, L50|\n|poke|p2|Rillaboom, L50, M|\n|poke|p2|Arcanine-Hisui, L50, M|\n|teampreview|4\n|inactive|Battle timer is ON: inactive players will automatically lose when time's up. (requested by palmeros)\n|inactive|PhantomOrionVgc has 60 seconds left.\n|inactive|palmeros has 60 seconds left.\n|\n|t:|1700380729\n|start\n|switch|p1a: Gholdengo|Gholdengo, L50|100\/100\n|switch|p1b: Chien-Pao|Chien-Pao, L50|100\/100\n|switch|p2a: Gholdengo|Gholdengo, L50|100\/100\n|switch|p2b: Iron Bundle|Iron Bundle, L50|100\/100\n|-ability|p1b: Chien-Pao|Sword of Ruin\n|-enditem|p2b: Iron Bundle|Booster Energy\n|-activate|p2b: Iron Bundle|ability: Quark Drive|[fromitem]\n|-start|p2b: Iron Bundle|quarkdrivespe\n|turn|1\n|inactive|palmeros has 30 seconds left.\n|\n|t:|1700380755\n|-terastallize|p1a: Gholdengo|Steel\n|-terastallize|p2a: Gholdengo|Water\n|move|p1b: Chien-Pao|Protect|p1b: Chien-Pao\n|-singleturn|p1b: Chien-Pao|Protect\n|move|p2b: Iron Bundle|Icy Wind|p1b: Chien-Pao|[spread] p1a\n|-activate|p1b: Chien-Pao|move: Protect\n|-resisted|p1a: Gholdengo\n|-damage|p1a: Gholdengo|90\/100\n|-unboost|p1a: Gholdengo|spe|1\n|move|p2a: Gholdengo|Nasty Plot|p2a: Gholdengo\n|-boost|p2a: Gholdengo|spa|2\n|move|p1a: Gholdengo|Make It Rain|p2b: Iron Bundle|[spread] p2a,p2b\n|-resisted|p2a: Gholdengo\n|-damage|p2a: Gholdengo|61\/100\n|-damage|p2b: Iron Bundle|0 fnt\n|-unboost|p1a: Gholdengo|spa|1\n|faint|p2b: Iron Bundle\n|-end|p2b: Iron Bundle|Quark Drive|[silent]\n|\n|-heal|p2a: Gholdengo|67\/100|[from] item: Leftovers\n|upkeep\n|\n|t:|1700380775\n|switch|p2b: Rillaboom|Rillaboom, L50, M|100\/100\n|-fieldstart|move: Grassy Terrain|[from] ability: Grassy Surge|[of] p2b: Rillaboom\n|turn|2\n|inactive|PhantomOrionVgc has 30 seconds left.\n|\n|t:|1700380809\n|switch|p1b: Arcanine|Arcanine-Hisui, L50, M|100\/100\n|-ability|p1b: Arcanine|Intimidate|boost\n|-unboost|p2a: Gholdengo|atk|1\n|-unboost|p2b: Rillaboom|atk|1\n|move|p2b: Rillaboom|Fake Out|p1b: Arcanine\n|-resisted|p1b: Arcanine\n|-damage|p1b: Arcanine|95\/100\n|move|p2a: Gholdengo|Make It Rain|p1b: Arcanine|[spread] p1a,p1b\n|-resisted|p1a: Gholdengo\n|-damage|p1a: Gholdengo|39\/100\n|-damage|p1b: Arcanine|19\/100\n|-unboost|p2a: Gholdengo|spa|1\n|move|p1a: Gholdengo|Make It Rain|p2b: Rillaboom|[spread] p2a,p2b\n|-resisted|p2a: Gholdengo\n|-damage|p2a: Gholdengo|38\/100\n|-damage|p2b: Rillaboom|34\/100\n|-unboost|p1a: Gholdengo|spa|1\n|\n|-heal|p1b: Arcanine|25\/100|[from] Grassy Terrain\n|-heal|p2a: Gholdengo|44\/100|[from] Grassy Terrain\n|-heal|p2a: Gholdengo|50\/100|[from] item: Leftovers\n|-heal|p2b: Rillaboom|40\/100|[from] Grassy Terrain\n|-heal|p1a: Gholdengo|45\/100|[from] Grassy Terrain\n|upkeep\n|turn|3\n|inactive|PhantomOrionVgc has 30 seconds left.\n|inactive|palmeros has 30 seconds left.\n|inactive|PhantomOrionVgc has 20 seconds left.\n|inactive|PhantomOrionVgc has 15 seconds left.\n|\n|t:|1700380852\n|move|p1b: Arcanine|Extreme Speed|p2b: Rillaboom\n|-damage|p2b: Rillaboom|15\/100\n|move|p2b: Rillaboom|Grassy Glide|p1b: Arcanine\n|-damage|p1b: Arcanine|0 fnt\n|faint|p1b: Arcanine\n|move|p2a: Gholdengo|Shadow Ball|p1a: Gholdengo\n|-damage|p1a: Gholdengo|0 fnt\n|faint|p1a: Gholdengo\n|\n|-heal|p2a: Gholdengo|56\/100|[from] Grassy Terrain\n|-heal|p2a: Gholdengo|62\/100|[from] item: Leftovers\n|-heal|p2b: Rillaboom|21\/100|[from] Grassy Terrain\n|upkeep\n|\n|t:|1700380863\n|switch|p1a: Chien-Pao|Chien-Pao, L50|100\/100\n|switch|p1b: Iron Bundle|Iron Bundle, L50|100\/100\n|-ability|p1a: Chien-Pao|Sword of Ruin\n|-enditem|p1b: Iron Bundle|Booster Energy\n|-activate|p1b: Iron Bundle|ability: Quark Drive|[fromitem]\n|-start|p1b: Iron Bundle|quarkdrivespe\n|turn|4\n|inactive|palmeros has 30 seconds left.\n|\n|t:|1700380907\n|move|p1b: Iron Bundle|Protect|p1b: Iron Bundle\n|-singleturn|p1b: Iron Bundle|Protect\n|move|p2a: Gholdengo|Protect|p2a: Gholdengo\n|-singleturn|p2a: Gholdengo|Protect\n|move|p1a: Chien-Pao|Sucker Punch|p2b: Rillaboom\n|-damage|p2b: Rillaboom|0 fnt\n|faint|p2b: Rillaboom\n|\n|-heal|p2a: Gholdengo|69\/100|[from] Grassy Terrain\n|-heal|p2a: Gholdengo|75\/100|[from] item: Leftovers\n|upkeep\n|\n|t:|1700380917\n|switch|p2b: Clefairy|Clefairy, L50, M|100\/100\n|turn|5\n|\n|t:|1700380930\n|move|p2b: Clefairy|Follow Me|p2b: Clefairy\n|-singleturn|p2b: Clefairy|move: Follow Me\n|move|p1b: Iron Bundle|Blizzard|p2b: Clefairy|[spread] p2a,p2b\n|-resisted|p2a: Gholdengo\n|-crit|p2a: Gholdengo\n|-damage|p2a: Gholdengo|56\/100\n|-damage|p2b: Clefairy|67\/100\n|-status|p2a: Gholdengo|frz\n|-status|p2b: Clefairy|frz\n|move|p1a: Chien-Pao|Icicle Crash|p2b: Clefairy\n|-damage|p2b: Clefairy|17\/100 frz\n|cant|p2a: Gholdengo|frz\n|\n|-heal|p2a: Gholdengo|62\/100 frz|[from] Grassy Terrain\n|-heal|p2a: Gholdengo|69\/100 frz|[from] item: Leftovers\n|-heal|p2b: Clefairy|24\/100 frz|[from] Grassy Terrain\n|upkeep\n|turn|6\n|inactive|PhantomOrionVgc has 30 seconds left.\n|inactive|palmeros has 30 seconds left.\n|inactive|PhantomOrionVgc has 20 seconds left.\n|\n|t:|1700380967\n|cant|p2b: Clefairy|frz\n|move|p1b: Iron Bundle|Blizzard|p2a: Gholdengo|[spread] p2a,p2b\n|-resisted|p2a: Gholdengo\n|-damage|p2a: Gholdengo|55\/100 frz\n|-damage|p2b: Clefairy|0 fnt\n|faint|p2b: Clefairy\n|move|p1a: Chien-Pao|Icicle Crash|p2a: Gholdengo\n|-resisted|p2a: Gholdengo\n|-damage|p2a: Gholdengo|27\/100 frz\n|cant|p2a: Gholdengo|frz\n|\n|-heal|p2a: Gholdengo|33\/100 frz|[from] Grassy Terrain\n|-heal|p2a: Gholdengo|39\/100 frz|[from] item: Leftovers\n|-fieldend|move: Grassy Terrain\n|upkeep\n|turn|7\n|j| DyegoFra\n|c|\u2606PhantomOrionVgc|Listen\n|\n|t:|1700380982\n|cant|p2a: Gholdengo|frz\n|move|p1b: Iron Bundle|Hydro Pump|p2a: Gholdengo\n|-resisted|p2a: Gholdengo\n|-damage|p2a: Gholdengo|16\/100 frz\n|move|p1a: Chien-Pao|Throat Chop|p2a: Gholdengo\n|-damage|p2a: Gholdengo|0 fnt\n|faint|p2a: Gholdengo\n|\n|win|PhantomOrionVgc\n|raw|PhantomOrionVgc's rating: 1437 &rarr; <strong>1460<\/strong><br \/>(+23 for winning)\n|raw|palmeros's rating: 1496 &rarr; <strong>1473<\/strong><br \/>(-23 for losing)\n|c| DyegoFra|onion is a lucker\n|c|\u2606PhantomOrionVgc|we know I dont deserve this\n|c| DyegoFra|better player wins\n|c|\u2606PhantomOrionVgc|I am sorry\n|c| DyegoFra|he's not\n|l|\u2606palmeros\n|c|\u2606PhantomOrionVgc|ignore him he's special\n","uploadtime":1700380998,"views":10,"p1id":"phantomorionvgc","p2id":"palmeros","formatid":"gen9vgc2023regulatione","rating":1460,"private":0,"password":""}