{"id":"gen9vgc2023regulatione-1998362373","p1":"Andyhurricane","p2":"OceanRayClark","format":"[Gen 9] VGC 2023 Regulation E","log":"|j|\u2606Andyhurricane\n|j|\u2606OceanRayClark\n|t:|1700933886\n|gametype|doubles\n|player|p1|Andyhurricane|n|1240\n|player|p2|OceanRayClark|marshal|1212\n|teamsize|p1|6\n|teamsize|p2|6\n|gen|9\n|tier|[Gen 9] VGC 2023 Regulation E\n|rated|\n|rule|Species Clause: Limit one of each Pok\u00e9mon\n|rule|Item Clause: Limit one of each item\n|clearpoke\n|poke|p1|Indeedee-F, L50, F|\n|poke|p1|Armarouge, L50, M|\n|poke|p1|Gallade, L50, M|\n|poke|p1|Hatterene, L50, F|\n|poke|p1|Kingambit, L50, M|\n|poke|p1|Amoonguss, L50, M|\n|poke|p2|Annihilape, L50, M|\n|poke|p2|Gallade, L50, M|\n|poke|p2|Iron Hands, L50|\n|poke|p2|Glimmora, L50, F|\n|poke|p2|Ninetales-Alola, L50, F|\n|poke|p2|Haxorus, L50, M|\n|teampreview|4\n|inactive|Battle timer is ON: inactive players will automatically lose when time's up. (requested by Andyhurricane)\nOceanRayClark rejected open team sheets.\n|inactive|Andyhurricane has 60 seconds left.\n|\n|t:|1700933932\n|start\n|switch|p1a: Indeedee|Indeedee-F, L50, F|100\/100\n|switch|p1b: Hatterene|Hatterene, L50, F|100\/100\n|switch|p2a: Milky Rose\ud83c\udf39|Glimmora, L50, F|100\/100\n|switch|p2b: Beetlemon|Iron Hands, L50, shiny|100\/100\n|-fieldstart|move: Psychic Terrain|[from] ability: Psychic Surge|[of] p1a: Indeedee\n|-enditem|p2b: Beetlemon|Booster Energy\n|-activate|p2b: Beetlemon|ability: Quark Drive|[fromitem]\n|-start|p2b: Beetlemon|quarkdriveatk\n|turn|1\n|inactive|Andyhurricane has 30 seconds left.\n|inactive|OceanRayClark has 30 seconds left.\n|inactive|Andyhurricane has 20 seconds left.\n|\n|t:|1700933968\n|move|p2b: Beetlemon|Fake Out|p1a: Indeedee\n|-activate|p1a: Indeedee|move: Psychic Terrain\n|move|p1a: Indeedee|Follow Me|p1a: Indeedee\n|-singleturn|p1a: Indeedee|move: Follow Me\n|move|p2a: Milky Rose\ud83c\udf39|Sludge Bomb|p1a: Indeedee\n|-damage|p1a: Indeedee|51\/100\n|-status|p1a: Indeedee|psn\n|move|p1b: Hatterene|Trick Room|p1b: Hatterene\n|-fieldstart|move: Trick Room|[of] p1b: Hatterene\n|\n|-damage|p1a: Indeedee|38\/100 psn|[from] psn\n|upkeep\n|turn|2\n|inactive|Andyhurricane has 30 seconds left.\n|inactive|OceanRayClark has 30 seconds left.\n|inactive|OceanRayClark has 20 seconds left.\n|inactive|OceanRayClark has 15 seconds left.\n|inactive|OceanRayClark has 10 seconds left.\n|\n|t:|1700934015\n|-terastallize|p2b: Beetlemon|Ground\n|move|p1b: Hatterene|Psyshock|p2a: Milky Rose\ud83c\udf39\n|-supereffective|p2a: Milky Rose\ud83c\udf39\n|-damage|p2a: Milky Rose\ud83c\udf39|0 fnt\n|faint|p2a: Milky Rose\ud83c\udf39\n|-damage|p1b: Hatterene|91\/100|[from] item: Life Orb\n|move|p2b: Beetlemon|Drain Punch|p1a: Indeedee\n|-damage|p1a: Indeedee|0 fnt\n|-damage|p2b: Beetlemon|84\/100|[from] item: Rocky Helmet|[of] p1a: Indeedee\n|faint|p1a: Indeedee\n|\n|upkeep\n|\n|t:|1700934029\n|switch|p1a: Armarouge|Armarouge, L50, M|100\/100\n|switch|p2a: Soul Slicer|Gallade, L50, M|100\/100\n|turn|3\n|inactive|Andyhurricane has 30 seconds left.\n|\n|t:|1700934060\n|-terastallize|p1a: Armarouge|Grass\n|move|p2a: Soul Slicer|Wide Guard|p2a: Soul Slicer\n|-singleturn|p2a: Soul Slicer|Wide Guard\n|move|p1b: Hatterene|Dazzling Gleam|p2b: Beetlemon|[spread] \n|-activate|p2a: Soul Slicer|move: Wide Guard\n|-activate|p2b: Beetlemon|move: Wide Guard\n|move|p2b: Beetlemon|Earthquake|p1a: Armarouge|[spread] p1a,p1b\n|-activate|p2a: Soul Slicer|move: Wide Guard\n|-resisted|p1a: Armarouge\n|-damage|p1a: Armarouge|71\/100\n|-damage|p1b: Hatterene|22\/100\n|move|p1a: Armarouge|Expanding Force|p2b: Beetlemon|[spread] \n|-activate|p2a: Soul Slicer|move: Wide Guard\n|-activate|p2b: Beetlemon|move: Wide Guard\n|\n|upkeep\n|turn|4\n|inactive|Andyhurricane has 30 seconds left.\n|inactive|OceanRayClark has 30 seconds left.\n|\n|t:|1700934088\n|switch|p1a: Amoonguss|Amoonguss, L50, M|100\/100\n|move|p1b: Hatterene|Psyshock|p2a: Soul Slicer\n|-damage|p2a: Soul Slicer|0 fnt\n|faint|p2a: Soul Slicer\n|-damage|p1b: Hatterene|13\/100|[from] item: Life Orb\n|move|p2b: Beetlemon|Drain Punch|p1a: Amoonguss\n|-resisted|p1a: Amoonguss\n|-damage|p1a: Amoonguss|79\/100\n|-heal|p2b: Beetlemon|94\/100|[from] drain|[of] p1a: Amoonguss\n|\n|upkeep\n|\n|t:|1700934098\n|switch|p2a: \u30b4\u30fc\u30b9\u30c8\u30d5\u30a1\u30a4\u30bf\u30fc|Annihilape, L50, M|100\/100\n|turn|5\n|\n|t:|1700934112\n|move|p1b: Hatterene|Psyshock|p2b: Beetlemon\n|-damage|p2b: Beetlemon|39\/100\n|-damage|p1b: Hatterene|3\/100|[from] item: Life Orb\n|move|p1a: Amoonguss|Spore|p2a: \u30b4\u30fc\u30b9\u30c8\u30d5\u30a1\u30a4\u30bf\u30fc\n|-immune|p2a: \u30b4\u30fc\u30b9\u30c8\u30d5\u30a1\u30a4\u30bf\u30fc|[from] ability: Vital Spirit\n|move|p2b: Beetlemon|Drain Punch|p1b: Hatterene\n|-resisted|p1b: Hatterene\n|-damage|p1b: Hatterene|0 fnt\n|-heal|p2b: Beetlemon|40\/100|[from] drain|[of] p1b: Hatterene\n|faint|p1b: Hatterene\n|move|p2a: \u30b4\u30fc\u30b9\u30c8\u30d5\u30a1\u30a4\u30bf\u30fc|Ice Punch|p1a: Amoonguss\n|-supereffective|p1a: Amoonguss\n|-damage|p1a: Amoonguss|39\/100\n|-enditem|p1a: Amoonguss|Sitrus Berry|[eat]\n|-heal|p1a: Amoonguss|64\/100|[from] item: Sitrus Berry\n|\n|-fieldend|move: Trick Room\n|-fieldend|move: Psychic Terrain\n|upkeep\n|\n|t:|1700934136\n|switch|p1b: Armarouge|Armarouge, L50, M, tera:Grass|71\/100\n|turn|6\n|c|\u2606OceanRayClark|*looks around* the dimensions returned to normal\n|\n|t:|1700934153\n|move|p1a: Amoonguss|Rage Powder|p1a: Amoonguss\n|-singleturn|p1a: Amoonguss|move: Rage Powder\n|move|p2a: \u30b4\u30fc\u30b9\u30c8\u30d5\u30a1\u30a4\u30bf\u30fc|Ice Punch|p1a: Amoonguss\n|-supereffective|p1a: Amoonguss\n|-damage|p1a: Amoonguss|26\/100\n|move|p2b: Beetlemon|Thunder Punch|p1a: Amoonguss\n|-resisted|p1a: Amoonguss\n|-crit|p1a: Amoonguss\n|-damage|p1a: Amoonguss|0 fnt\n|faint|p1a: Amoonguss\n|move|p1b: Armarouge|Trick Room|p1b: Armarouge\n|-fieldstart|move: Trick Room|[of] p1b: Armarouge\n|\n|upkeep\n|turn|7\n|\n|t:|1700934175\n|move|p2b: Beetlemon|Drain Punch|p1b: Armarouge\n|-damage|p1b: Armarouge|17\/100\n|-heal|p2b: Beetlemon|62\/100|[from] drain|[of] p1b: Armarouge\n|move|p1b: Armarouge|Expanding Force|p2b: Beetlemon\n|-damage|p2b: Beetlemon|12\/100\n|move|p2a: \u30b4\u30fc\u30b9\u30c8\u30d5\u30a1\u30a4\u30bf\u30fc|Rage Fist|p1b: Armarouge\n|-damage|p1b: Armarouge|0 fnt\n|faint|p1b: Armarouge\n|\n|win|OceanRayClark\n|raw|Andyhurricane's rating: 1240 &rarr; <strong>1213<\/strong><br \/>(-27 for losing)\n|raw|OceanRayClark's rating: 1212 &rarr; <strong>1239<\/strong><br \/>(+27 for winning)\n|c|\u2606OceanRayClark|gg\n","uploadtime":1700934185,"views":8,"p1id":"andyhurricane","p2id":"oceanrayclark","formatid":"gen9vgc2023regulatione","rating":1213,"private":0,"password":""}