{"id":"gen9vgc2023regulatione-1994366886","p1":"Weedleboi69420","p2":"mookystank","format":"[Gen 9] VGC 2023 Regulation E","log":"|j|\u2606Weedleboi69420\n|j|\u2606mookystank\n|t:|1700435792\n|gametype|doubles\n|player|p1|Weedleboi69420|striker|1294\n|player|p2|mookystank|266|1266\n|teamsize|p1|6\n|teamsize|p2|6\n|gen|9\n|tier|[Gen 9] VGC 2023 Regulation E\n|rated|\n|rule|Species Clause: Limit one of each Pok\u00e9mon\n|rule|Item Clause: Limit one of each item\n|clearpoke\n|poke|p1|Ogerpon-Wellspring, L50, F|\n|poke|p1|Wo-Chien, L50|\n|poke|p1|Goodra-Hisui, L50, F|\n|poke|p1|Glimmora, L50, M|\n|poke|p1|Grimmsnarl, L50, M|\n|poke|p1|Ting-Lu, L50|\n|poke|p2|Arcanine-Hisui, L50, M|\n|poke|p2|Ogerpon, L50, F|\n|poke|p2|Chien-Pao, L50|\n|poke|p2|Urshifu-*, L50, M|\n|poke|p2|Salamence, L50, F|\n|poke|p2|Tornadus, L50, M|\n|teampreview|4\n|inactive|Battle timer is ON: inactive players will automatically lose when time's up. (requested by Weedleboi69420)\n|inactive|Weedleboi69420 has 60 seconds left.\n|inactive|mookystank has 60 seconds left.\n|\n|t:|1700435846\n|start\n|switch|p1a: Grimmsnarl|Grimmsnarl, L50, M|100\/100\n|switch|p1b: Glimmora|Glimmora, L50, M|100\/100\n|switch|p2a: Tornadus|Tornadus, L50, M|100\/100\n|switch|p2b: Salamence|Salamence, L50, F|100\/100\n|-ability|p2b: Salamence|Intimidate|boost\n|-unboost|p1a: Grimmsnarl|atk|1\n|-unboost|p1b: Glimmora|atk|1\n|turn|1\n|inactive|mookystank has 30 seconds left.\n|inactive|mookystank has 20 seconds left.\n|\n|t:|1700435884\n|move|p1a: Grimmsnarl|Fake Out|p2b: Salamence\n|-damage|p2b: Salamence|90\/100\n|move|p2a: Tornadus|Rain Dance|p2a: Tornadus\n|-weather|RainDance\n|cant|p2b: Salamence|flinch\n|move|p1b: Glimmora|Mortal Spin|p2b: Salamence|[spread] p2a,p2b\n|-damage|p2a: Tornadus|95\/100\n|-damage|p2b: Salamence|85\/100\n|-status|p2b: Salamence|psn\n|\n|-weather|RainDance|[upkeep]\n|-damage|p2b: Salamence|73\/100 psn|[from] psn\n|upkeep\n|turn|2\n|\n|t:|1700435898\n|move|p1a: Grimmsnarl|Light Screen|p1a: Grimmsnarl\n|-sidestart|p1: Weedleboi69420|move: Light Screen\n|move|p2a: Tornadus|Bleakwind Storm|p1b: Glimmora|[spread] p1a,p1b\n|-resisted|p1b: Glimmora\n|-damage|p1a: Grimmsnarl|79\/100\n|-damage|p1b: Glimmora|85\/100\n|move|p2b: Salamence|Hurricane|p1b: Glimmora\n|-resisted|p1b: Glimmora\n|-damage|p1b: Glimmora|56\/100\n|-damage|p2b: Salamence|63\/100 psn|[from] item: Life Orb\n|move|p1b: Glimmora|Power Gem|p2a: Tornadus\n|-supereffective|p2a: Tornadus\n|-damage|p2a: Tornadus|0 fnt\n|faint|p2a: Tornadus\n|\n|-weather|RainDance|[upkeep]\n|-damage|p2b: Salamence|50\/100 psn|[from] psn\n|upkeep\n|\n|t:|1700435913\n|switch|p2a: Chien-Pao|Chien-Pao, L50|100\/100\n|-ability|p2a: Chien-Pao|Sword of Ruin\n|turn|3\n|\n|t:|1700435929\n|move|p1b: Glimmora|Spiky Shield|p1b: Glimmora\n|-singleturn|p1b: Glimmora|move: Protect\n|move|p2a: Chien-Pao|Sucker Punch||[still]\n|-fail|p2a: Chien-Pao\n|move|p1a: Grimmsnarl|Reflect|p1a: Grimmsnarl\n|-sidestart|p1: Weedleboi69420|Reflect\n|move|p2b: Salamence|Hurricane|p1a: Grimmsnarl\n|-damage|p1a: Grimmsnarl|36\/100\n|-damage|p2b: Salamence|40\/100 psn|[from] item: Life Orb\n|\n|-weather|RainDance|[upkeep]\n|-damage|p2b: Salamence|28\/100 psn|[from] psn\n|upkeep\n|turn|4\n|\n|t:|1700435950\n|switch|p2b: Ogerpon|Ogerpon, L50, F|100\/100\n|move|p2a: Chien-Pao|Sucker Punch|p1b: Glimmora\n|-damage|p1b: Glimmora|17\/100\n|-activate|p1b: Glimmora|ability: Toxic Debris\n|-sidestart|p2: mookystank|move: Toxic Spikes\n|move|p1a: Grimmsnarl|Parting Shot|p2b: Ogerpon\n|-unboost|p2b: Ogerpon|atk|1\n|-ability|p2b: Ogerpon|Defiant|boost\n|-boost|p2b: Ogerpon|atk|2\n|-unboost|p2b: Ogerpon|spa|1\n|-ability|p2b: Ogerpon|Defiant|boost\n|-boost|p2b: Ogerpon|atk|2\n|\n|t:|1700435963\n|switch|p1a: Goodra|Goodra-Hisui, L50, F|100\/100|[from] Parting Shot\n|move|p1b: Glimmora|Mortal Spin|p2b: Ogerpon|[spread] p2a,p2b\n|-supereffective|p2b: Ogerpon\n|-damage|p2a: Chien-Pao|96\/100\n|-damage|p2b: Ogerpon|89\/100\n|-status|p2a: Chien-Pao|psn\n|-status|p2b: Ogerpon|psn\n|\n|-weather|RainDance|[upkeep]\n|-damage|p2a: Chien-Pao|84\/100 psn|[from] psn\n|-damage|p2b: Ogerpon|77\/100 psn|[from] psn\n|upkeep\n|turn|5\n|\n|t:|1700435984\n|move|p1b: Glimmora|Spiky Shield|p1b: Glimmora\n|-singleturn|p1b: Glimmora|move: Protect\n|move|p2a: Chien-Pao|Sacred Sword|p1b: Glimmora\n|-activate|p1b: Glimmora|move: Protect\n|-damage|p2a: Chien-Pao|71\/100 psn|[from] Spiky Shield|[of] p1b: Glimmora\n|move|p2b: Ogerpon|Stomping Tantrum|p1a: Goodra\n|-supereffective|p1a: Goodra\n|-damage|p1a: Goodra|0 fnt\n|faint|p1a: Goodra\n|\n|-weather|none\n|-damage|p2a: Chien-Pao|59\/100 psn|[from] psn\n|-damage|p2b: Ogerpon|64\/100 psn|[from] psn\n|upkeep\n|\n|t:|1700435994\n|switch|p1a: Grimmsnarl|Grimmsnarl, L50, M|36\/100\n|turn|6\n|\n|t:|1700436008\n|switch|p1b: Wo-Chien|Wo-Chien, L50|100\/100\n|-ability|p1b: Wo-Chien|Tablets of Ruin\n|-terastallize|p2a: Chien-Pao|Ghost\n|move|p1a: Grimmsnarl|Fake Out|p2a: Chien-Pao\n|-immune|p2a: Chien-Pao\n|move|p2a: Chien-Pao|Sacred Sword|p1b: Wo-Chien\n|-supereffective|p1b: Wo-Chien\n|-damage|p1b: Wo-Chien|65\/100\n|move|p2b: Ogerpon|Stomping Tantrum|p1a: Grimmsnarl\n|-damage|p1a: Grimmsnarl|0 fnt\n|faint|p1a: Grimmsnarl\n|\n|-damage|p2a: Chien-Pao|47\/100 psn|[from] psn\n|-damage|p2b: Ogerpon|52\/100 psn|[from] psn\n|upkeep\n|\n|t:|1700436019\n|switch|p1a: Glimmora|Glimmora, L50, M|17\/100\n|turn|7\n|\n|t:|1700436034\n|-terastallize|p1b: Wo-Chien|Poison\n|move|p1a: Glimmora|Spiky Shield|p1a: Glimmora\n|-singleturn|p1a: Glimmora|move: Protect\n|move|p2a: Chien-Pao|Ice Spinner|p1b: Wo-Chien\n|-damage|p1b: Wo-Chien|43\/100\n|move|p2b: Ogerpon|Stomping Tantrum|p1a: Glimmora\n|-activate|p1a: Glimmora|move: Protect\n|-damage|p2b: Ogerpon|40\/100 psn|[from] Spiky Shield|[of] p1a: Glimmora\n|move|p1b: Wo-Chien|Ingrain|p1b: Wo-Chien\n|-start|p1b: Wo-Chien|move: Ingrain\n|\n|-heal|p1b: Wo-Chien|51\/100|[from] Ingrain\n|-damage|p2a: Chien-Pao|35\/100 psn|[from] psn\n|-damage|p2b: Ogerpon|28\/100 psn|[from] psn\n|upkeep\n|turn|8\n|inactive|Weedleboi69420 has 30 seconds left.\n|\n|t:|1700436061\n|move|p2a: Chien-Pao|Sacred Sword|p1a: Glimmora\n|-damage|p1a: Glimmora|0 fnt\n|-activate|p1a: Glimmora|ability: Toxic Debris\n|-sidestart|p2: mookystank|move: Toxic Spikes\n|faint|p1a: Glimmora\n|move|p2b: Ogerpon|Stomping Tantrum|p1b: Wo-Chien\n|-supereffective|p1b: Wo-Chien\n|-damage|p1b: Wo-Chien|0 fnt\n|faint|p1b: Wo-Chien\n|\n|win|mookystank\n|raw|Weedleboi69420's rating: 1294 &rarr; <strong>1267<\/strong><br \/>(-27 for losing)\n|raw|mookystank's rating: 1266 &rarr; <strong>1293<\/strong><br \/>(+27 for winning)\n|l|\u2606Weedleboi69420\n|c|\u2606mookystank|gg that team is VERY cool\n","uploadtime":1700436080,"views":7,"p1id":"weedleboi69420","p2id":"mookystank","formatid":"gen9vgc2023regulatione","rating":1267,"private":0,"password":""}