{"id":"gen9vgc2023regulatione-1998865068","p1":"PA_sVavaa","p2":"INPS_PerLaFamiglia","format":"[Gen 9] VGC 2023 Regulation E","log":"|j|\u2606PA_sVavaa\n|j|\u2606INPS_PerLaFamiglia\n|n|\u2606PA_sVavaa|pasvavaa\n|n|\u2606INPS_PerLaFamiglia|inpsperlafamiglia\n|html|View the match progress at <a href=\"\/game-bestof3-gen9vgc2023regulatione-1998860064\">game-bestof3-gen9vgc2023regulatione-1998860064<\/a>\n|t:|1701005397\n|gametype|doubles\n|player|p1|PA_sVavaa|veteranf|\n|player|p2|INPS_PerLaFamiglia|shadowtriad|\n|teamsize|p1|6\n|teamsize|p2|6\n|gen|9\n|tier|[Gen 9] VGC 2023 Regulation E\n|rule|Species Clause: Limit one of each Pok\u00e9mon\n|rule|Item Clause: Limit one of each item\n|clearpoke\n|poke|p1|Tornadus, L50, M|\n|poke|p1|Urshifu-*, L50, F|\n|poke|p1|Rillaboom, L50, F|\n|poke|p1|Ogerpon-Hearthflame, L50, F|\n|poke|p1|Gholdengo, L50|\n|poke|p1|Regidrago, L50|\n|poke|p2|Dondozo, L50, M|\n|poke|p2|Kommo-o, L50, F|\n|poke|p2|Iron Hands, L50|\n|poke|p2|Sinistcha, L50|\n|poke|p2|Indeedee-F, L50, F|\n|poke|p2|Arcanine, L50, F|\n|teampreview|4\nPA_sVavaa has agreed to open team sheets.\nINPS_PerLaFamiglia has agreed to open team sheets.\n|showteam|p1|Tornadus||CovertCloak|Prankster|BleakwindStorm,Tailwind,RainDance,Protect|||M|||50|,,,,,Steel]Urshifu-Rapid-Strike||MysticWater|UnseenFist|SurgingStrikes,CloseCombat,AquaJet,Detect|||F|||50|,,,,,Water]Rillaboom||AssaultVest|GrassySurge|WoodHammer,GrassyGlide,Uturn,FakeOut|||F|||50|,,,,,Fire]Ogerpon-Hearthflame||HearthflameMask|MoldBreaker|IvyCudgel,GrassyGlide,FollowMe,SpikyShield|||F|||50|,,,,,Fire]Gholdengo||ChoiceSpecs|GoodasGold|MakeItRain,ShadowBall,Thunderbolt,SteelBeam||||||50|,,,,,Steel]Regidrago||DragonFang|DragonsMaw|DragonEnergy,DracoMeteor,EarthPower,Protect||||||50|,,,,,Steel\n|showteam|p2|Dondozo||Leftovers|Unaware|Liquidation,BodyPress,Curse,Protect|||M|||50|,,,,,Dragon]Kommo-o||ThroatSpray|Bulletproof|ClangingScales,FlashCannon,ClangorousSoul,Protect|||F|||50|,,,,,Steel]Iron Hands||AssaultVest|QuarkDrive|FakeOut,WildCharge,DrainPunch,VoltSwitch||||||50|,,,,,Water]Sinistcha||RockyHelmet|Hospitality|MatchaGotcha,RagePowder,StrengthSap,TrickRoom||||||50|,,,,,Water]Indeedee-F||SafetyGoggles|PsychicSurge|DazzlingGleam,FollowMe,HealPulse,TrickRoom|||F|||50|,,,,,Fairy]Arcanine||SitrusBerry|Intimidate|FlareBlitz,Snarl,WillOWisp,MorningSun|||F|||50|,,,,,Grass\n|\n|t:|1701005433\n|start\n|switch|p1a: Tornadus|Tornadus, L50, M|100\/100\n|switch|p1b: Regidrago|Regidrago, L50|100\/100\n|switch|p2a: Kommo-o|Kommo-o, L50, F|100\/100\n|switch|p2b: Iron Hands|Iron Hands, L50|100\/100\n|turn|1\n|j| DubiousVGC\n|\n|t:|1701005513\n|-terastallize|p2a: Kommo-o|Steel\n|move|p1b: Regidrago|Protect|p1b: Regidrago\n|-singleturn|p1b: Regidrago|Protect\n|move|p1a: Tornadus|Tailwind|p1a: Tornadus\n|-sidestart|p1: PA_sVavaa|move: Tailwind\n|move|p2a: Kommo-o|Clangorous Soul|p2a: Kommo-o\n|-boost|p2a: Kommo-o|atk|1\n|-boost|p2a: Kommo-o|def|1\n|-boost|p2a: Kommo-o|spa|1\n|-boost|p2a: Kommo-o|spd|1\n|-boost|p2a: Kommo-o|spe|1\n|-damage|p2a: Kommo-o|68\/100\n|-enditem|p2a: Kommo-o|Throat Spray\n|-boost|p2a: Kommo-o|spa|1|[from] item: Throat Spray\n|move|p2b: Iron Hands|Wild Charge|p1a: Tornadus\n|-supereffective|p1a: Tornadus\n|-damage|p1a: Tornadus|0 fnt\n|faint|p1a: Tornadus\n|-damage|p2b: Iron Hands|81\/100|[from] Recoil\n|\n|upkeep\n|\n|t:|1701005537\n|switch|p1a: Ogerpon|Ogerpon-Hearthflame, L50, F|100\/100\n|-ability|p1a: Ogerpon|Mold Breaker\n|turn|2\n|j| Kxroro\n|\n|t:|1701005570\n|-terastallize|p1a: Ogerpon|Fire\n|detailschange|p1a: Ogerpon|Ogerpon-Hearthflame-Tera, L50, F, tera:Fire\n|-ability|p1a: Ogerpon|Embody Aspect (Hearthflame)|boost\n|-boost|p1a: Ogerpon|atk|1\n|move|p1a: Ogerpon|Ivy Cudgel|p2b: Iron Hands|[anim] Ivy Cudgel Fire\n|-damage|p2b: Iron Hands|3\/100\n|move|p1b: Regidrago|Dragon Energy|p2a: Kommo-o|[spread] p2a,p2b\n|-resisted|p2a: Kommo-o\n|-damage|p2a: Kommo-o|34\/100\n|-damage|p2b: Iron Hands|0 fnt\n|faint|p2b: Iron Hands\n|-end|p2b: Iron Hands|Quark Drive|[silent]\n|move|p2a: Kommo-o|Clanging Scales|p1b: Regidrago|[spread] p1a,p1b\n|-supereffective|p1b: Regidrago\n|-damage|p1a: Ogerpon|24\/100\n|-damage|p1b: Regidrago|0 fnt\n|faint|p1b: Regidrago\n|-unboost|p2a: Kommo-o|def|1\n|\n|upkeep\n|\n|t:|1701005583\n|switch|p1b: Rillaboom|Rillaboom, L50, F|100\/100\n|switch|p2b: Sinistcha|Sinistcha, L50|100\/100\n|-fieldstart|move: Grassy Terrain|[from] ability: Grassy Surge|[of] p1b: Rillaboom\n|-heal|p2a: Kommo-o|59\/100|[from] ability: Hospitality|[of] p2b: Sinistcha\n|turn|3\n|\n|t:|1701005637\n|switch|p2b: Indeedee|Indeedee-F, L50, F|100\/100\n|-fieldstart|move: Psychic Terrain|[from] ability: Psychic Surge|[of] p2b: Indeedee\n|move|p2a: Kommo-o|Protect|p2a: Kommo-o\n|-singleturn|p2a: Kommo-o|Protect\n|move|p1b: Rillaboom|Fake Out|p2a: Kommo-o\n|-activate|p2a: Kommo-o|move: Psychic Terrain\n|move|p1a: Ogerpon|Ivy Cudgel|p2b: Indeedee|[anim] Ivy Cudgel Fire\n|-damage|p2b: Indeedee|0 fnt\n|faint|p2b: Indeedee\n|\n|upkeep\n|\n|t:|1701005641\n|switch|p2b: Sinistcha|Sinistcha, L50|100\/100\n|-heal|p2a: Kommo-o|84\/100|[from] ability: Hospitality|[of] p2b: Sinistcha\n|turn|4\n|\n|t:|1701005657\n|move|p2b: Sinistcha|Rage Powder|p2b: Sinistcha\n|-singleturn|p2b: Sinistcha|move: Rage Powder\n|move|p1a: Ogerpon|Ivy Cudgel|p2b: Sinistcha|[anim] Ivy Cudgel Fire\n|-supereffective|p2b: Sinistcha\n|-damage|p2b: Sinistcha|0 fnt\n|faint|p2b: Sinistcha\n|move|p1b: Rillaboom|Wood Hammer|p2a: Kommo-o\n|-resisted|p2a: Kommo-o\n|-damage|p2a: Kommo-o|58\/100\n|-damage|p1b: Rillaboom|94\/100|[from] Recoil\n|move|p2a: Kommo-o|Clanging Scales|p1b: Rillaboom|[spread] p1a,p1b\n|-damage|p1a: Ogerpon|0 fnt\n|-damage|p1b: Rillaboom|39\/100\n|faint|p1a: Ogerpon\n|-unboost|p2a: Kommo-o|def|1\n|\n|-sideend|p1: PA_sVavaa|move: Tailwind\n|upkeep\n|turn|5\n|\n|t:|1701005670\n|move|p2a: Kommo-o|Clanging Scales|p1b: Rillaboom\n|-damage|p1b: Rillaboom|0 fnt\n|faint|p1b: Rillaboom\n|\n|win|INPS_PerLaFamiglia\n|c|\u2606INPS_PerLaFamiglia|gg\n|c|\u2606PA_sVavaa|gg\n|l| DubiousVGC\n","uploadtime":1701005676,"views":14,"p1id":"pasvavaa","p2id":"inpsperlafamiglia","formatid":"gen9vgc2023regulatione","rating":0,"private":0,"password":""}