{"id":"gen9vgc2023regulatione-1989157008","p1":"BKDAFEARLESS1","p2":"Dragonite0910","format":"[Gen 9] VGC 2023 Regulation E","log":"|j|\u2606BKDAFEARLESS1\n|j|\u2606Dragonite0910\n|t:|1699818279\n|gametype|doubles\n|player|p1|BKDAFEARLESS1|hiker-gen4|1134\n|player|p2|Dragonite0910|lance|1155\n|teamsize|p1|6\n|teamsize|p2|6\n|gen|9\n|tier|[Gen 9] VGC 2023 Regulation E\n|rated|\n|rule|Species Clause: Limit one of each Pok\u00e9mon\n|rule|Item Clause: Limit one of each item\n|clearpoke\n|poke|p1|Okidogi, L50, M|\n|poke|p1|Rillaboom, L50, F|\n|poke|p1|Ninetales-Alola, L50, F|\n|poke|p1|Chien-Pao, L50|\n|poke|p1|Heatran, L50, M|\n|poke|p1|Landorus-Therian, L50, M|\n|poke|p2|Heatran, L50, M|\n|poke|p2|Dragonite, L50, F|\n|poke|p2|Chien-Pao, L50|\n|poke|p2|Farigiraf, L50, M|\n|poke|p2|Rillaboom, L50, M|\n|poke|p2|Urshifu-*, L50, F|\n|teampreview|4\n|inactive|Battle timer is ON: inactive players will automatically lose when time's up. (requested by BKDAFEARLESS1)\n|c|\u2606BKDAFEARLESS1|glhf\n|\n|t:|1699818308\n|start\n|switch|p1a: Ninetales|Ninetales-Alola, L50, F, shiny|100\/100\n|switch|p1b: Okidogi|Okidogi, L50, M|100\/100\n|switch|p2a: Heatran|Heatran, L50, M|100\/100\n|switch|p2b: Chien-Pao|Chien-Pao, L50|100\/100\n|-ability|p2b: Chien-Pao|Sword of Ruin\n|-weather|Snow|[from] ability: Snow Warning|[of] p1a: Ninetales\n|turn|1\n|c|\u2606Dragonite0910|Thanks! You too!\n|\n|t:|1699818327\n|-terastallize|p2a: Heatran|Fairy\n|move|p2b: Chien-Pao|Icicle Crash|p1b: Okidogi\n|-damage|p1b: Okidogi|44\/100\n|move|p1a: Ninetales|Aurora Veil|p1a: Ninetales\n|-sidestart|p1: BKDAFEARLESS1|move: Aurora Veil\n|move|p1b: Okidogi|Bulk Up|p1b: Okidogi\n|-boost|p1b: Okidogi|atk|1\n|-boost|p1b: Okidogi|def|1\n|move|p2a: Heatran|Flash Cannon|p1a: Ninetales\n|-supereffective|p1a: Ninetales\n|-damage|p1a: Ninetales|0 fnt\n|faint|p1a: Ninetales\n|\n|-weather|Snow|[upkeep]\n|-heal|p1b: Okidogi|50\/100|[from] item: Leftovers\n|upkeep\n|c|\u2606BKDAFEARLESS1|good name\n|\n|t:|1699818342\n|switch|p1a: Rillaboom|Rillaboom, L50, F|100\/100\n|-fieldstart|move: Grassy Terrain|[from] ability: Grassy Surge|[of] p1a: Rillaboom\n|-enditem|p1a: Rillaboom|Grassy Seed\n|-boost|p1a: Rillaboom|def|1|[from] item: Grassy Seed\n|turn|2\n|\n|t:|1699818351\n|move|p1a: Rillaboom|Fake Out|p2b: Chien-Pao\n|-damage|p2b: Chien-Pao|89\/100\n|cant|p2b: Chien-Pao|flinch\n|move|p1b: Okidogi|Drain Punch|p2a: Heatran\n|-resisted|p2a: Heatran\n|-damage|p2a: Heatran|67\/100\n|-heal|p1b: Okidogi|69\/100|[from] drain|[of] p2a: Heatran\n|move|p2a: Heatran|Heat Wave|p1a: Rillaboom|[spread] p1a,p1b\n|-supereffective|p1a: Rillaboom\n|-damage|p1a: Rillaboom|34\/100\n|-damage|p1b: Okidogi|41\/100\n|-status|p1a: Rillaboom|brn\n|\n|-weather|Snow|[upkeep]\n|-heal|p2b: Chien-Pao|95\/100|[from] Grassy Terrain\n|-heal|p1a: Rillaboom|39\/100 brn|[from] Grassy Terrain\n|-heal|p1b: Okidogi|47\/100|[from] Grassy Terrain\n|-heal|p1b: Okidogi|53\/100|[from] item: Leftovers\n|-heal|p2a: Heatran|73\/100|[from] Grassy Terrain\n|-damage|p1a: Rillaboom|34\/100 brn|[from] brn\n|upkeep\n|turn|3\n|c|\u2606BKDAFEARLESS1|misclick NO\n|c|\u2606Dragonite0910|:\/\n|inactive|BKDAFEARLESS1 has 30 seconds left.\n|\n|t:|1699818376\n|move|p2b: Chien-Pao|Icicle Crash|p1b: Okidogi\n|-damage|p1b: Okidogi|30\/100\n|move|p1a: Rillaboom|Wood Hammer|p2a: Heatran\n|-damage|p2a: Heatran|29\/100\n|-damage|p1a: Rillaboom|17\/100 brn|[from] Recoil\n|move|p1b: Okidogi|Drain Punch|p2b: Chien-Pao\n|-supereffective|p2b: Chien-Pao\n|-damage|p2b: Chien-Pao|0 fnt\n|-heal|p1b: Okidogi|72\/100|[from] drain|[of] p2b: Chien-Pao\n|faint|p2b: Chien-Pao\n|move|p2a: Heatran|Heat Wave|p1a: Rillaboom|[spread] p1a,p1b\n|-supereffective|p1a: Rillaboom\n|-damage|p1a: Rillaboom|0 fnt\n|-damage|p1b: Okidogi|42\/100\n|faint|p1a: Rillaboom\n|\n|-weather|Snow|[upkeep]\n|-heal|p1b: Okidogi|48\/100|[from] Grassy Terrain\n|-heal|p1b: Okidogi|54\/100|[from] item: Leftovers\n|-heal|p2a: Heatran|35\/100|[from] Grassy Terrain\n|upkeep\n|\n|t:|1699818396\n|switch|p2b: Urshifu|Urshifu-Rapid-Strike, L50, F|100\/100\n|switch|p1a: Heatran|Heatran, L50, M|100\/100\n|turn|4\n|\n|t:|1699818413\n|switch|p2b: Rillaboom|Rillaboom, L50, M|100\/100\n|-terastallize|p1b: Okidogi|Water\n|move|p1b: Okidogi|Drain Punch|p2b: Rillaboom\n|-damage|p2b: Rillaboom|46\/100\n|-heal|p1b: Okidogi|86\/100|[from] drain|[of] p2b: Rillaboom\n|move|p2a: Heatran|Earth Power|p1a: Heatran\n|-supereffective|p1a: Heatran\n|-damage|p1a: Heatran|25\/100\n|-unboost|p1a: Heatran|spd|1\n|move|p1a: Heatran|Magma Storm|p2b: Rillaboom\n|-supereffective|p2b: Rillaboom\n|-damage|p2b: Rillaboom|0 fnt\n|faint|p2b: Rillaboom\n|\n|-weather|Snow|[upkeep]\n|-heal|p1b: Okidogi|92\/100|[from] Grassy Terrain\n|-heal|p1b: Okidogi|98\/100|[from] item: Leftovers\n|-heal|p1a: Heatran|31\/100|[from] Grassy Terrain\n|-heal|p2a: Heatran|41\/100|[from] Grassy Terrain\n|upkeep\n|\n|t:|1699818433\n|switch|p2b: Urshifu|Urshifu-Rapid-Strike, L50, F|100\/100\n|turn|5\n|\n|t:|1699818444\n|move|p2b: Urshifu|Surging Strikes|p1a: Heatran\n|-supereffective|p1a: Heatran\n|-crit|p1a: Heatran\n|-damage|p1a: Heatran|0 fnt\n|faint|p1a: Heatran\n|-hitcount|p1: Heatran|1\n|move|p1b: Okidogi|Drain Punch|p2b: Urshifu\n|-damage|p2b: Urshifu|42\/100\n|-heal|p1b: Okidogi|100\/100|[from] drain|[of] p2b: Urshifu\n|move|p2a: Heatran|Flash Cannon|p1b: Okidogi\n|-resisted|p1b: Okidogi\n|-damage|p1b: Okidogi|84\/100\n|\n|-weather|none\n|-heal|p2b: Urshifu|48\/100|[from] Grassy Terrain\n|-heal|p1b: Okidogi|90\/100|[from] Grassy Terrain\n|-heal|p1b: Okidogi|96\/100|[from] item: Leftovers\n|-heal|p2a: Heatran|47\/100|[from] Grassy Terrain\n|upkeep\n|turn|6\n|\n|t:|1699818465\n|move|p2b: Urshifu|Surging Strikes|p1b: Okidogi\n|-resisted|p1b: Okidogi\n|-crit|p1b: Okidogi\n|-damage|p1b: Okidogi|86\/100\n|-resisted|p1b: Okidogi\n|-crit|p1b: Okidogi\n|-damage|p1b: Okidogi|78\/100\n|-resisted|p1b: Okidogi\n|-crit|p1b: Okidogi\n|-damage|p1b: Okidogi|68\/100\n|-hitcount|p1b: Okidogi|3\n|move|p1b: Okidogi|Drain Punch|p2b: Urshifu\n|-damage|p2b: Urshifu|0 fnt\n|-heal|p1b: Okidogi|93\/100|[from] drain|[of] p2b: Urshifu\n|faint|p2b: Urshifu\n|move|p2a: Heatran|Tera Blast|p1b: Okidogi|[anim] Tera Blast Fairy\n|-damage|p1b: Okidogi|59\/100\n|\n|-heal|p1b: Okidogi|65\/100|[from] Grassy Terrain\n|-heal|p1b: Okidogi|71\/100|[from] item: Leftovers\n|-heal|p2a: Heatran|53\/100|[from] Grassy Terrain\n|-fieldend|move: Grassy Terrain\n|upkeep\n|turn|7\n|\n|t:|1699818486\n|move|p1b: Okidogi|Poison Jab|p2a: Heatran\n|-supereffective|p2a: Heatran\n|-damage|p2a: Heatran|0 fnt\n|faint|p2a: Heatran\n|\n|win|BKDAFEARLESS1\n|raw|BKDAFEARLESS1's rating: 1134 &rarr; <strong>1161<\/strong><br \/>(+27 for winning)\n|raw|Dragonite0910's rating: 1155 &rarr; <strong>1128<\/strong><br \/>(-27 for losing)\n|c|\u2606BKDAFEARLESS1|gg\n|c|\u2606Dragonite0910|GG\n|l|\u2606Dragonite0910\n","uploadtime":1699818584,"views":18,"p1id":"bkdafearless1","p2id":"dragonite0910","formatid":"gen9vgc2023regulatione","rating":1128,"private":0,"password":""}