{"id":"gen9vgc2023regulatione-1997458914","p1":"Manthis","p2":"ZaronAheng","format":"[Gen 9] VGC 2023 Regulation E","log":"|j|\u2606Manthis\n|j|\u2606ZaronAheng\n|t:|1700808935\n|gametype|doubles\n|player|p1|Manthis|plasmagrunt|1089\n|player|p2|ZaronAheng|hilda|1083\n|teamsize|p1|6\n|teamsize|p2|6\n|gen|9\n|tier|[Gen 9] VGC 2023 Regulation E\n|rated|\n|rule|Species Clause: Limit one of each Pok\u00e9mon\n|rule|Item Clause: Limit one of each item\n|clearpoke\n|poke|p1|Golem-Alola, L50, F|\n|poke|p1|Rabsca, L50, M|\n|poke|p1|Ursaluna-Bloodmoon, L50, M|\n|poke|p1|Indeedee-F, L50, F|\n|poke|p1|Torkoal, L50, F|\n|poke|p1|Armarouge, L50, M|\n|poke|p2|Tornadus, L50, M|\n|poke|p2|Arcanine-Hisui, L50, F|\n|poke|p2|Iron Hands, L50|\n|poke|p2|Gholdengo, L50|\n|poke|p2|Urshifu-*, L50, M|\n|poke|p2|Ogerpon-Wellspring, L50, F|\n|teampreview|4\n|\n|t:|1700808985\n|start\n|switch|p1a: Indeedee|Indeedee-F, L50, F|100\/100\n|switch|p1b: Rabsca|Rabsca, L50, M|100\/100\n|switch|p2a: Gholdengo|Gholdengo, L50|100\/100\n|switch|p2b: Urshifu|Urshifu-Rapid-Strike, L50, M|100\/100\n|-fieldstart|move: Psychic Terrain|[from] ability: Psychic Surge|[of] p1a: Indeedee\n|turn|1\n|\n|t:|1700809006\n|move|p1a: Indeedee|Follow Me|p1a: Indeedee\n|-singleturn|p1a: Indeedee|move: Follow Me\n|move|p2b: Urshifu|Surging Strikes|p1a: Indeedee\n|-crit|p1a: Indeedee\n|-damage|p1a: Indeedee|76\/100\n|-crit|p1a: Indeedee\n|-damage|p1a: Indeedee|55\/100\n|-crit|p1a: Indeedee\n|-damage|p1a: Indeedee|32\/100\n|-hitcount|p1a: Indeedee|3\n|-enditem|p1a: Indeedee|Eject Button\n|\n|t:|1700809014\n|switch|p1a: Golem|Golem-Alola, L50, F|100\/100\n|move|p2a: Gholdengo|Nasty Plot|p2a: Gholdengo\n|-boost|p2a: Gholdengo|spa|2\n|move|p1b: Rabsca|Trick Room|p1b: Rabsca\n|-fieldstart|move: Trick Room|[of] p1b: Rabsca\n|\n|upkeep\n|turn|2\n|\n|t:|1700809030\n|switch|p2b: Iron Hands|Iron Hands, L50|100\/100\n|move|p2a: Gholdengo|Protect|p2a: Gholdengo\n|-singleturn|p2a: Gholdengo|Protect\n|move|p1a: Golem|Explosion|p2a: Gholdengo|[spread] p2b\n|-activate|p2a: Gholdengo|move: Protect\n|-activate|p1b: Rabsca|ability: Telepathy\n|-resisted|p2b: Iron Hands\n|-damage|p2b: Iron Hands|60\/100\n|faint|p1a: Golem\n|move|p1b: Rabsca|Revival Blessing|p1b: Rabsca\n|-enditem|p1b: Rabsca|Leppa Berry|[eat]\n|-activate|p1b: Rabsca|item: Leppa Berry|Revival Blessing|[consumed]\n|\n|t:|1700809039\n|-heal|p1: Golem|50\/100|[from] move: Revival Blessing\n|\n|upkeep\n|switch|p1a: Golem|Golem-Alola, L50, F|50\/100\n|turn|3\n|\n|t:|1700809059\n|-terastallize|p1a: Golem|Electric\n|move|p1a: Golem|Explosion|p2a: Gholdengo|[spread] p2a,p2b\n|-activate|p1b: Rabsca|ability: Telepathy\n|-resisted|p2b: Iron Hands\n|-damage|p2a: Gholdengo|0 fnt\n|-damage|p2b: Iron Hands|10\/100\n|faint|p1a: Golem\n|faint|p2a: Gholdengo\n|move|p1b: Rabsca|Revival Blessing|p1b: Rabsca\n|\n|t:|1700809068\n|-heal|p1: Golem|50\/100|[from] move: Revival Blessing\n|switch|p1a: Golem|Golem-Alola, L50, F|50\/100\n|move|p2b: Iron Hands|Heavy Slam|p1b: Rabsca\n|-damage|p1b: Rabsca|51\/100\n|\n|upkeep\n|\n|t:|1700809077\n|switch|p2a: Ogerpon|Ogerpon-Wellspring, L50, F|100\/100\n|turn|4\n|\n|t:|1700809088\n|move|p2a: Ogerpon|Spiky Shield|p2a: Ogerpon\n|-singleturn|p2a: Ogerpon|move: Protect\n|move|p1a: Golem|Rock Slide|p2b: Iron Hands|[spread] p2b\n|-activate|p2a: Ogerpon|move: Protect\n|-resisted|p2b: Iron Hands\n|-damage|p2b: Iron Hands|0 fnt\n|faint|p2b: Iron Hands\n|-end|p2b: Iron Hands|Quark Drive|[silent]\n|move|p1b: Rabsca|Struggle Bug|p2a: Ogerpon\n|-activate|p2a: Ogerpon|move: Protect\n|\n|upkeep\n|\n|t:|1700809095\n|switch|p2b: Urshifu|Urshifu-Rapid-Strike, L50, M|100\/100\n|turn|5\n|\n|t:|1700809112\n|move|p1a: Golem|Explosion|p2b: Urshifu|[spread] p2a,p2b\n|-activate|p1b: Rabsca|ability: Telepathy\n|-supereffective|p2b: Urshifu\n|-damage|p2a: Ogerpon|0 fnt\n|-damage|p2b: Urshifu|0 fnt\n|faint|p1a: Golem\n|faint|p2a: Ogerpon\n|faint|p2b: Urshifu\n|\n|win|Manthis\n|raw|Manthis's rating: 1089 &rarr; <strong>1115<\/strong><br \/>(+26 for winning)\n|raw|ZaronAheng's rating: 1083 &rarr; <strong>1061<\/strong><br \/>(-22 for losing)\n|l|\u2606ZaronAheng\n","uploadtime":1700809121,"views":17,"p1id":"manthis","p2id":"zaronaheng","formatid":"gen9vgc2023regulatione","rating":1061,"private":0,"password":""}