{"id":"gen9vgc2023regulatione-1994330086","p1":"coolasswurmple22","p2":"AquamarineVGC","format":"[Gen 9] VGC 2023 Regulation E","log":"|j|\u2606coolasswurmple22\n|j|\u2606AquamarineVGC\n|t:|1700431793\n|gametype|doubles\n|player|p1|coolasswurmple22|grimsley|\n|player|p2|AquamarineVGC|lucas-gen4pt|\n|teamsize|p1|6\n|teamsize|p2|6\n|gen|9\n|tier|[Gen 9] VGC 2023 Regulation E\n|rule|Species Clause: Limit one of each Pok\u00e9mon\n|rule|Item Clause: Limit one of each item\n|clearpoke\n|poke|p1|Politoed, L50, M|\n|poke|p1|Tornadus, L50, M|\n|poke|p1|Brambleghast, L50, F|\n|poke|p1|Lumineon, L50, M|\n|poke|p1|Clodsire, L50, M|\n|poke|p1|Kilowattrel, L50, M|\n|poke|p2|Ninetales-Alola, L50, M|\n|poke|p2|Iron Bundle, L50|\n|poke|p2|Clefairy, L50, F|\n|poke|p2|Annihilape, L50, M|\n|poke|p2|Landorus-Therian, L50, M|\n|poke|p2|Cresselia, L50, F|\n|teampreview|4\n|\n|t:|1700431818\n|start\n|switch|p1a: jakepaulitoed|Politoed, L50, M, shiny|100\/100\n|switch|p1b: unwanted|Tornadus, L50, M, shiny|100\/100\n|switch|p2a: Cresselia|Cresselia, L50, F|100\/100\n|switch|p2b: Landorus|Landorus-Therian, L50, M|100\/100\n|-ability|p2b: Landorus|Intimidate|boost\n|-unboost|p1a: jakepaulitoed|atk|1\n|-unboost|p1b: unwanted|atk|1\n|-weather|RainDance|[from] ability: Drizzle|[of] p1a: jakepaulitoed\n|turn|1\n|j| Van. Volcanucks\n|\n|t:|1700431859\n|-terastallize|p2b: Landorus|Flying\n|move|p1b: unwanted|Taunt|p2a: Cresselia\n|-start|p2a: Cresselia|move: Taunt\n|move|p2b: Landorus|Tera Blast|p1a: jakepaulitoed|[anim] Tera Blast Flying\n|-damage|p1a: jakepaulitoed|0 fnt\n|faint|p1a: jakepaulitoed\n|move|p2a: Cresselia|Ice Beam|p1b: unwanted\n|-supereffective|p1b: unwanted\n|-damage|p1b: unwanted|73\/100\n|\n|-weather|RainDance|[upkeep]\n|upkeep\n|\n|t:|1700431871\n|switch|p1a: runner up|Kilowattrel, L50, M|100\/100\n|turn|2\n|\n|t:|1700431906\n|switch|p2b: Ninetales|Ninetales-Alola, L50, M|100\/100\n|-weather|Snow|[from] ability: Snow Warning|[of] p2b: Ninetales\n|switch|p2a: Iron Bundle|Iron Bundle, L50|100\/100\n|move|p1b: unwanted|Tailwind|p1b: unwanted\n|-sidestart|p1: coolasswurmple22|move: Tailwind\n|-start|p1a: runner up|Charge|Tailwind|[from] ability: Wind Power\n|move|p1a: runner up|Thunder|p2b: Ninetales|[miss]\n|-miss|p1a: runner up|p2b: Ninetales\n|-end|p1a: runner up|Charge|[silent]\n|\n|-weather|Snow|[upkeep]\n|upkeep\n|turn|3\n|\n|t:|1700431923\n|move|p2b: Ninetales|Protect|p2b: Ninetales\n|-singleturn|p2b: Ninetales|Protect\n|move|p1b: unwanted|Rain Dance|p1b: unwanted\n|-weather|RainDance\n|move|p1a: runner up|Thunder|p2a: Iron Bundle\n|-supereffective|p2a: Iron Bundle\n|-damage|p2a: Iron Bundle|0 fnt\n|faint|p2a: Iron Bundle\n|-end|p2a: Iron Bundle|Quark Drive|[silent]\n|\n|-weather|RainDance|[upkeep]\n|upkeep\n|\n|t:|1700431941\n|switch|p2a: Cresselia|Cresselia, L50, F|100\/100\n|turn|4\n|\n|t:|1700431955\n|move|p1b: unwanted|Taunt|p2a: Cresselia\n|-start|p2a: Cresselia|move: Taunt\n|move|p1a: runner up|Thunder|p2b: Ninetales\n|-damage|p2b: Ninetales|9\/100\n|move|p2b: Ninetales|Blizzard|p1b: unwanted|[spread] p1a,p1b\n|-supereffective|p1a: runner up\n|-supereffective|p1b: unwanted\n|-damage|p1a: runner up|0 fnt\n|-damage|p1b: unwanted|21\/100\n|-enditem|p1b: unwanted|Sitrus Berry|[eat]\n|-heal|p1b: unwanted|46\/100|[from] item: Sitrus Berry\n|faint|p1a: runner up\n|move|p2a: Cresselia|Ice Beam|p1b: unwanted\n|-supereffective|p1b: unwanted\n|-damage|p1b: unwanted|20\/100\n|\n|-weather|RainDance|[upkeep]\n|upkeep\n|\n|t:|1700431972\n|switch|p1a: Eugene|Brambleghast, L50, F, shiny|100\/100\n|-ability|p1a: Eugene|Wind Rider|boost\n|-boost|p1a: Eugene|atk|1\n|turn|5\n|\n|t:|1700431992\n|switch|p2b: Landorus|Landorus-Therian, L50, M, tera:Flying|100\/100\n|-ability|p2b: Landorus|Intimidate|boost\n|-unboost|p1a: Eugene|atk|1\n|-unboost|p1b: unwanted|atk|1\n|move|p1b: unwanted|Bleakwind Storm|p2a: Cresselia|[spread] p2a,p2b\n|-crit|p2b: Landorus\n|-damage|p2a: Cresselia|83\/100\n|-damage|p2b: Landorus|39\/100\n|move|p1a: Eugene|Phantom Force||[still]\n|-prepare|p1a: Eugene|Phantom Force\n|move|p2a: Cresselia|Ice Beam|p1b: unwanted\n|-supereffective|p1b: unwanted\n|-damage|p1b: unwanted|0 fnt\n|faint|p1b: unwanted\n|\n|-weather|RainDance|[upkeep]\n|-sideend|p1: coolasswurmple22|move: Tailwind\n|upkeep\n|turn|6\n|\n|t:|1700432012\n|switch|p2a: Ninetales|Ninetales-Alola, L50, M|9\/100\n|-weather|Snow|[from] ability: Snow Warning|[of] p2a: Ninetales\n|move|p2b: Landorus|Tera Blast|p1a: Eugene|[anim] Tera Blast Flying|[miss]\n|-miss|p2b: Landorus|p1a: Eugene\n|move|p1a: Eugene|Phantom Force|p2a: Ninetales|[from]lockedmove\n|-damage|p2a: Ninetales|0 fnt\n|faint|p2a: Ninetales\n|\n|-weather|Snow|[upkeep]\n|upkeep\n|\n|t:|1700432024\n|switch|p2a: Cresselia|Cresselia, L50, F|83\/100\n|turn|7\n|\n|t:|1700432031\n|-terastallize|p1a: Eugene|Normal\n|move|p2b: Landorus|Tera Blast|p1a: Eugene|[anim] Tera Blast Flying\n|-damage|p1a: Eugene|0 fnt\n|faint|p1a: Eugene\n|\n|win|AquamarineVGC\n|c|\u2606coolasswurmple22|GG\n|c|\u2606AquamarineVGC|GG\n","uploadtime":1700432054,"views":5,"p1id":"coolasswurmple22","p2id":"aquamarinevgc","formatid":"gen9vgc2023regulatione","rating":0,"private":0,"password":""}