{"id":"gen9vgc2023regulatione-2000660722","p1":"VeeGey","p2":"EriChoerry","format":"[Gen 9] VGC 2023 Regulation E","log":"|j|\u2606VeeGey\n|j|\u2606EriChoerry\n|t:|1701215751\n|gametype|doubles\n|player|p1|VeeGey|crasherwake|1063\n|player|p2|EriChoerry|1|1034\n|teamsize|p1|6\n|teamsize|p2|6\n|gen|9\n|tier|[Gen 9] VGC 2023 Regulation E\n|rated|\n|rule|Species Clause: Limit one of each Pok\u00e9mon\n|rule|Item Clause: Limit one of each item\n|clearpoke\n|poke|p1|Meowscarada, L50, F|\n|poke|p1|Tauros-Paldea-Blaze, L50, M|\n|poke|p1|Corviknight, L50, M|\n|poke|p1|Stantler, L50, F|\n|poke|p1|Urshifu-*, L50, M|\n|poke|p1|Inteleon, L50, F|\n|poke|p2|Tornadus, L50, M|\n|poke|p2|Chien-Pao, L50|\n|poke|p2|Arcanine-Hisui, L50, M|\n|poke|p2|Flutter Mane, L50|\n|poke|p2|Amoonguss, L50, M|\n|poke|p2|Iron Hands, L50|\n|teampreview|4\n|inactive|Battle timer is ON: inactive players will automatically lose when time's up. (requested by VeeGey)\n|inactive|EriChoerry has 60 seconds left.\n|\n|t:|1701215783\n|start\n|switch|p1a: Meowscarada|Meowscarada, L50, F|100\/100\n|switch|p1b: Tauros|Tauros-Paldea-Blaze, L50, M|100\/100\n|switch|p2a: Iron Hands|Iron Hands, L50|100\/100\n|switch|p2b: Amoonguss|Amoonguss, L50, M|100\/100\n|turn|1\n|\n|t:|1701215797\n|move|p1a: Meowscarada|Protect|p1a: Meowscarada\n|-start|p1a: Meowscarada|typechange|Normal|[from] ability: Protean\n|-singleturn|p1a: Meowscarada|Protect\n|move|p1b: Tauros|Protect|p1b: Tauros\n|-singleturn|p1b: Tauros|Protect\n|move|p2a: Iron Hands|Fake Out|p1a: Meowscarada\n|-activate|p1a: Meowscarada|move: Protect\n|move|p2b: Amoonguss|Spore|p1b: Tauros\n|-activate|p1b: Tauros|move: Protect\n|\n|upkeep\n|turn|2\n|inactive|VeeGey has 30 seconds left.\n|\n|t:|1701215822\n|-terastallize|p1b: Tauros|Grass\n|move|p1a: Meowscarada|Flower Trick|p1b: Tauros\n|-resisted|p1b: Tauros\n|-crit|p1b: Tauros\n|-damage|p1b: Tauros|86\/100\n|-setboost|p1b: Tauros|atk|6|[from] ability: Anger Point\n|-enditem|p1b: Tauros|Kee Berry|[eat]\n|-boost|p1b: Tauros|def|1|[from] item: Kee Berry\n|move|p1b: Tauros|Earthquake|p2a: Iron Hands|[spread] p1a,p2a,p2b\n|-crit|p1a: Meowscarada\n|-supereffective|p2a: Iron Hands\n|-enditem|p1a: Meowscarada|Focus Sash\n|-damage|p1a: Meowscarada|1\/100\n|-damage|p2a: Iron Hands|0 fnt\n|-damage|p2b: Amoonguss|26\/100\n|-enditem|p2b: Amoonguss|Sitrus Berry|[eat]\n|-heal|p2b: Amoonguss|51\/100|[from] item: Sitrus Berry\n|faint|p2a: Iron Hands\n|-end|p2a: Iron Hands|Quark Drive|[silent]\n|move|p2b: Amoonguss|Spore|p1b: Tauros\n|-immune|p1b: Tauros\n|\n|upkeep\n|\n|t:|1701215841\n|switch|p2a: Arcanine|Arcanine-Hisui, L50, M|100\/100\n|-ability|p2a: Arcanine|Intimidate|boost\n|-unboost|p1a: Meowscarada|atk|1\n|-unboost|p1b: Tauros|atk|1\n|turn|3\n|\n|t:|1701215863\n|move|p1b: Tauros|Protect|p1b: Tauros\n|-singleturn|p1b: Tauros|Protect\n|move|p2b: Amoonguss|Protect|p2b: Amoonguss\n|-singleturn|p2b: Amoonguss|Protect\n|move|p1a: Meowscarada|Knock Off|p2a: Arcanine\n|-damage|p2a: Arcanine|87\/100\n|-damage|p1a: Meowscarada|0 fnt|[from] item: Rocky Helmet|[of] p2a: Arcanine\n|faint|p1a: Meowscarada\n|move|p2a: Arcanine|Flare Blitz|p1b: Tauros\n|-activate|p1b: Tauros|move: Protect\n|\n|upkeep\n|\n|t:|1701215877\n|switch|p1a: Inteleon|Inteleon, L50, F|100\/100\n|turn|4\n|\n|t:|1701215890\n|-terastallize|p2a: Arcanine|Normal\n|move|p1a: Inteleon|Snipe Shot|p2a: Arcanine\n|-crit|p2a: Arcanine\n|-damage|p2a: Arcanine|3\/100\n|move|p1b: Tauros|Earthquake|p2a: Arcanine|[spread] p1a,p2a,p2b\n|-crit|p2b: Amoonguss\n|-damage|p1a: Inteleon|0 fnt\n|-damage|p2a: Arcanine|0 fnt\n|-damage|p2b: Amoonguss|0 fnt\n|faint|p1a: Inteleon\n|faint|p2a: Arcanine\n|faint|p2b: Amoonguss\n|\n|upkeep\n|inactive|EriChoerry has 30 seconds left.\n|\n|t:|1701215916\n|switch|p1a: Stantler|Stantler, L50, F|100\/100\n|switch|p2a: Chien-Pao|Chien-Pao, L50|100\/100\n|-ability|p2a: Chien-Pao|Sword of Ruin\n|-ability|p1a: Stantler|Intimidate|boost\n|-unboost|p2a: Chien-Pao|atk|1\n|turn|5\n|\n|t:|1701215928\n|move|p1b: Tauros|Protect|p1b: Tauros\n|-singleturn|p1b: Tauros|Protect\n|move|p2a: Chien-Pao|Icicle Crash|p1b: Tauros\n|-activate|p1b: Tauros|move: Protect\n|move|p1a: Stantler|Thunder Wave|p2a: Chien-Pao\n|-status|p2a: Chien-Pao|par\n|\n|upkeep\n|turn|6\n|\n|t:|1701215940\n|move|p1a: Stantler|Helping Hand|p1b: Tauros\n|-singleturn|p1b: Tauros|Helping Hand|[of] p1a: Stantler\n|move|p2a: Chien-Pao|Protect|p2a: Chien-Pao\n|-singleturn|p2a: Chien-Pao|Protect\n|move|p1b: Tauros|Raging Bull|p2a: Chien-Pao\n|-activate|p2a: Chien-Pao|move: Protect\n|\n|upkeep\n|turn|7\n|\n|t:|1701215950\n|move|p1a: Stantler|Helping Hand|p1b: Tauros\n|-singleturn|p1b: Tauros|Helping Hand|[of] p1a: Stantler\n|move|p1b: Tauros|Raging Bull|p2a: Chien-Pao\n|-supereffective|p2a: Chien-Pao\n|-enditem|p2a: Chien-Pao|Focus Sash\n|-damage|p2a: Chien-Pao|1\/100 par\n|cant|p2a: Chien-Pao|par\n|\n|upkeep\n|turn|8\n|\n|t:|1701215960\n|move|p1a: Stantler|Helping Hand|p1b: Tauros\n|-singleturn|p1b: Tauros|Helping Hand|[of] p1a: Stantler\n|move|p1b: Tauros|Trailblaze|p2a: Chien-Pao\n|-damage|p2a: Chien-Pao|0 fnt\n|-boost|p1b: Tauros|spe|1\n|faint|p2a: Chien-Pao\n|\n|win|VeeGey\n|raw|VeeGey's rating: 1063 &rarr; <strong>1091<\/strong><br \/>(+28 for winning)\n|raw|EriChoerry's rating: 1034 &rarr; <strong>1020<\/strong><br \/>(-14 for losing)\n|l|\u2606EriChoerry\n","uploadtime":1701215974,"views":0,"p1id":"veegey","p2id":"erichoerry","formatid":"gen9vgc2023regulatione","rating":1020,"private":0,"password":""}