{"id":"gen9vgc2023regulatione-1993030942","p1":"Matcha Man Savage","p2":"DVMGoose","format":"[Gen 9] VGC 2023 Regulation E","log":"|j|\u2606Matcha Man Savage\n|j|\u2606DVMGoose\n|t:|1700257230\n|gametype|doubles\n|player|p1|Matcha Man Savage|1|1339\n|player|p2|DVMGoose|preschooler|1379\n|teamsize|p1|6\n|teamsize|p2|6\n|gen|9\n|tier|[Gen 9] VGC 2023 Regulation E\n|rated|\n|rule|Species Clause: Limit one of each Pok\u00e9mon\n|rule|Item Clause: Limit one of each item\n|clearpoke\n|poke|p1|Chi-Yu, L50|\n|poke|p1|Flutter Mane, L50|\n|poke|p1|Torkoal, L50, M|\n|poke|p1|Lilligant-Hisui, L50, F|\n|poke|p1|Iron Bundle, L50|\n|poke|p1|Landorus-Therian, L50, M|\n|poke|p2|Zapdos-Galar, L50|\n|poke|p2|Typhlosion-Hisui, L50, F|\n|poke|p2|Great Tusk, L50|\n|poke|p2|Rotom-Heat, L50|\n|poke|p2|Chi-Yu, L50|\n|poke|p2|Clefairy, L50, M|\n|teampreview|4\n|\n|t:|1700257273\n|start\n|switch|p1a: Tairy Fera|Flutter Mane, L50|100\/100\n|switch|p1b: Chi-Yu|Chi-Yu, L50|100\/100\n|switch|p2a: Clefairy|Clefairy, L50, M|100\/100\n|switch|p2b: Zapdos|Zapdos-Galar, L50|100\/100\n|-ability|p1b: Chi-Yu|Beads of Ruin\n|turn|1\n|inactive|Battle timer is ON: inactive players will automatically lose when time's up. (requested by Matcha Man Savage)\n|\n|t:|1700257301\n|move|p2b: Zapdos|Detect|p2b: Zapdos\n|-singleturn|p2b: Zapdos|Protect\n|move|p1a: Tairy Fera|Dazzling Gleam|p2b: Zapdos|[spread] p2a\n|-activate|p2b: Zapdos|move: Protect\n|-damage|p2a: Clefairy|60\/100\n|move|p1b: Chi-Yu|Heat Wave|p2b: Zapdos|[spread] p2a\n|-activate|p2b: Zapdos|move: Protect\n|-damage|p2a: Clefairy|2\/100\n|-damage|p1b: Chi-Yu|91\/100|[from] item: Life Orb\n|move|p2a: Clefairy|Icy Wind|p1b: Chi-Yu|[spread] p1a,p1b\n|-resisted|p1b: Chi-Yu\n|-crit|p1b: Chi-Yu\n|-damage|p1a: Tairy Fera|95\/100\n|-damage|p1b: Chi-Yu|86\/100\n|-unboost|p1a: Tairy Fera|spe|1\n|-unboost|p1b: Chi-Yu|spe|1\n|\n|upkeep\n|turn|2\n|inactive|Matcha Man Savage has 30 seconds left.\n|inactive|DVMGoose has 30 seconds left.\n|inactive|DVMGoose has 20 seconds left.\n|\n|t:|1700257338\n|move|p1b: Chi-Yu|Protect|p1b: Chi-Yu\n|-singleturn|p1b: Chi-Yu|Protect\n|move|p2a: Clefairy|Protect|p2a: Clefairy\n|-singleturn|p2a: Clefairy|Protect\n|move|p2b: Zapdos|Close Combat|p1b: Chi-Yu\n|-activate|p1b: Chi-Yu|move: Protect\n|move|p1a: Tairy Fera|Dazzling Gleam|p2b: Zapdos|[spread] p2b\n|-activate|p2a: Clefairy|move: Protect\n|-supereffective|p2b: Zapdos\n|-damage|p2b: Zapdos|35\/100\n|\n|upkeep\n|turn|3\n|\n|t:|1700257356\n|-terastallize|p1b: Chi-Yu|Ghost\n|move|p2b: Zapdos|Close Combat|p1b: Chi-Yu\n|-immune|p1b: Chi-Yu\n|move|p1a: Tairy Fera|Dazzling Gleam|p2b: Zapdos|[spread] p2a,p2b\n|-crit|p2a: Clefairy\n|-supereffective|p2b: Zapdos\n|-damage|p2a: Clefairy|0 fnt\n|-damage|p2b: Zapdos|0 fnt\n|faint|p2a: Clefairy\n|faint|p2b: Zapdos\n|move|p1b: Chi-Yu|Snarl|p2: Clefairy|[notarget]\n|-fail|p1b: Chi-Yu\n|\n|upkeep\n|\n|t:|1700257368\n|switch|p2b: Rotom|Rotom-Heat, L50|100\/100\n|switch|p2a: Great Tusk|Great Tusk, L50|100\/100\n|turn|4\n|\n|t:|1700257391\n|-end|p1a: Tairy Fera|Protosynthesis|[silent]\n|switch|p1a: Landorus|Landorus-Therian, L50, M|100\/100\n|-ability|p1a: Landorus|Intimidate|boost\n|-unboost|p2a: Great Tusk|atk|1\n|-unboost|p2b: Rotom|atk|1\n|-terastallize|p2a: Great Tusk|Ground\n|move|p2a: Great Tusk|Earthquake|p1a: Landorus|[spread] p1b\n|-immune|p2b: Rotom|[from] ability: Levitate\n|-immune|p1a: Landorus\n|-damage|p1b: Chi-Yu|17\/100\n|move|p2b: Rotom|Will-O-Wisp|p1a: Landorus\n|-status|p1a: Landorus|brn\n|move|p1b: Chi-Yu|Snarl|p2b: Rotom|[spread] p2a\n|-miss|p1b: Chi-Yu|p2b: Rotom\n|-damage|p2a: Great Tusk|45\/100\n|-unboost|p2a: Great Tusk|spa|1\n|-damage|p1b: Chi-Yu|7\/100|[from] item: Life Orb\n|\n|-damage|p1a: Landorus|94\/100 brn|[from] brn\n|upkeep\n|turn|5\n|inactive|Matcha Man Savage has 30 seconds left.\n|inactive|DVMGoose has 30 seconds left.\n|inactive|DVMGoose has 20 seconds left.\n|inactive|DVMGoose has 15 seconds left.\n|inactive|Matcha Man Savage has 20 seconds left.\n|inactive|Matcha Man Savage has 15 seconds left.\n|\n|t:|1700257449\n|switch|p1a: Tairy Fera|Flutter Mane, L50|95\/100\n|move|p1b: Chi-Yu|Protect|p1b: Chi-Yu\n|-singleturn|p1b: Chi-Yu|Protect\n|move|p2a: Great Tusk|Earthquake|p1b: Chi-Yu|[spread] p1a\n|-activate|p1b: Chi-Yu|move: Protect\n|-immune|p2b: Rotom|[from] ability: Levitate\n|-crit|p1a: Tairy Fera\n|-damage|p1a: Tairy Fera|0 fnt\n|faint|p1a: Tairy Fera\n|-end|p1a: Tairy Fera|Protosynthesis|[silent]\n|move|p2b: Rotom|Overheat|p1b: Chi-Yu\n|-activate|p1b: Chi-Yu|move: Protect\n|\n|upkeep\n|\n|t:|1700257466\n|switch|p1a: RoboSanta|Iron Bundle, L50|100\/100\n|-enditem|p1a: RoboSanta|Booster Energy\n|-activate|p1a: RoboSanta|ability: Quark Drive|[fromitem]\n|-start|p1a: RoboSanta|quarkdrivespe\n|turn|6\n|\n|t:|1700257481\n|switch|p1b: Landorus|Landorus-Therian, L50, M|94\/100 brn\n|-ability|p1b: Landorus|Intimidate|boost\n|-unboost|p2a: Great Tusk|atk|1\n|-unboost|p2b: Rotom|atk|1\n|move|p1a: RoboSanta|Icy Wind|p2a: Great Tusk|[spread] p2a,p2b\n|-supereffective|p2a: Great Tusk\n|-resisted|p2b: Rotom\n|-damage|p2a: Great Tusk|0 fnt\n|-damage|p2b: Rotom|89\/100\n|-unboost|p2b: Rotom|spe|1\n|faint|p2a: Great Tusk\n|-end|p2a: Great Tusk|Protosynthesis|[silent]\n|move|p2b: Rotom|Overheat|p1a: RoboSanta\n|-damage|p1a: RoboSanta|0 fnt\n|-unboost|p2b: Rotom|spa|2\n|faint|p1a: RoboSanta\n|-end|p1a: RoboSanta|Quark Drive|[silent]\n|\n|-heal|p2b: Rotom|95\/100|[from] item: Leftovers\n|-damage|p1b: Landorus|88\/100 brn|[from] brn\n|upkeep\n|\n|t:|1700257501\n|switch|p1a: Chi-Yu|Chi-Yu, L50, tera:Ghost|7\/100\n|-ability|p1a: Chi-Yu|Beads of Ruin\n|turn|7\n|\n|t:|1700257523\n|move|p1b: Landorus|Rock Slide|p2b: Rotom\n|-supereffective|p2b: Rotom\n|-damage|p2b: Rotom|63\/100\n|move|p1a: Chi-Yu|Snarl|p2b: Rotom\n|-damage|p2b: Rotom|8\/100\n|-unboost|p2b: Rotom|spa|1\n|-damage|p1a: Chi-Yu|0 fnt|[from] item: Life Orb\n|faint|p1a: Chi-Yu\n|cant|p2b: Rotom|flinch\n|\n|-heal|p2b: Rotom|14\/100|[from] item: Leftovers\n|-damage|p1b: Landorus|82\/100 brn|[from] brn\n|upkeep\n|turn|8\n|\n|t:|1700257539\n|move|p1b: Landorus|Rock Slide|p2b: Rotom\n|-supereffective|p2b: Rotom\n|-damage|p2b: Rotom|0 fnt\n|faint|p2b: Rotom\n|\n|win|Matcha Man Savage\n|raw|Matcha Man Savage's rating: 1339 &rarr; <strong>1361<\/strong><br \/>(+22 for winning)\n|raw|DVMGoose's rating: 1379 &rarr; <strong>1357<\/strong><br \/>(-22 for losing)\n|c|\u2606Matcha Man Savage|Gg\n|l|\u2606DVMGoose\n","uploadtime":1700257552,"views":19,"p1id":"matchamansavage","p2id":"dvmgoose","formatid":"gen9vgc2023regulatione","rating":1357,"private":0,"password":""}