{"id":"gen9vgc2023regulatione-1999591165","p1":"whyismynamejeff","p2":"TheWorstCookie","format":"[Gen 9] VGC 2023 Regulation E","log":"|j|\u2606whyismynamejeff\n|j|\u2606TheWorstCookie\n|t:|1701099186\n|gametype|doubles\n|player|p1|whyismynamejeff|colress|1073\n|player|p2|TheWorstCookie|cynthia|1200\n|teamsize|p1|6\n|teamsize|p2|6\n|gen|9\n|tier|[Gen 9] VGC 2023 Regulation E\n|rated|\n|rule|Species Clause: Limit one of each Pok\u00e9mon\n|rule|Item Clause: Limit one of each item\n|clearpoke\n|poke|p1|Iron Hands, L50|\n|poke|p1|Landorus-Therian, L50, M|\n|poke|p1|Sinistcha, L50|\n|poke|p1|Grimmsnarl, L50, M|\n|poke|p1|Goodra-Hisui, L50, F|\n|poke|p1|Toxapex, L50, F|\n|poke|p2|Tornadus, L50, M|\n|poke|p2|Flutter Mane, L50|\n|poke|p2|Chien-Pao, L50|\n|poke|p2|Landorus-Therian, L50, M|\n|poke|p2|Urshifu-*, L50, M|\n|poke|p2|Heatran, L50, M|\n|teampreview|4\n|inactive|Battle timer is ON: inactive players will automatically lose when time's up. (requested by TheWorstCookie)\n|inactive|whyismynamejeff has 60 seconds left.\n|inactive|TheWorstCookie has 60 seconds left.\n|\n|t:|1701099231\n|start\n|switch|p1a: Grimmsnarl|Grimmsnarl, L50, M|100\/100\n|switch|p1b: Toxapex|Toxapex, L50, F|100\/100\n|switch|p2a: Tornadus|Tornadus, L50, M|100\/100\n|switch|p2b: Urshifu|Urshifu-Rapid-Strike, L50, M|100\/100\n|turn|1\n|inactive|TheWorstCookie has 30 seconds left.\n|inactive|whyismynamejeff has 30 seconds left.\n|\n|t:|1701099263\n|move|p2a: Tornadus|Tailwind|p2a: Tornadus\n|-sidestart|p2: TheWorstCookie|move: Tailwind\n|move|p1a: Grimmsnarl|Taunt|p2a: Tornadus\n|-start|p2a: Tornadus|move: Taunt\n|-enditem|p2a: Tornadus|Mental Herb\n|-end|p2a: Tornadus|move: Taunt\n|move|p2b: Urshifu|U-turn|p1a: Grimmsnarl\n|-damage|p1a: Grimmsnarl|65\/100\n|\n|t:|1701099272\n|switch|p2b: Landorus|Landorus-Therian, L50, M|100\/100|[from] U-turn\n|-ability|p2b: Landorus|Intimidate|boost\n|-unboost|p1a: Grimmsnarl|atk|1\n|-unboost|p1b: Toxapex|atk|1\n|move|p1b: Toxapex|Infestation|p2b: Landorus\n|-resisted|p2b: Landorus\n|-crit|p2b: Landorus\n|-damage|p2b: Landorus|98\/100\n|-activate|p2b: Landorus|move: Infestation|[of] p1b: Toxapex\n|\n|-damage|p2b: Landorus|81\/100|[from] move: Infestation|[partiallytrapped]\n|upkeep\n|turn|2\n|\n|t:|1701099291\n|move|p1b: Toxapex|Baneful Bunker|p1b: Toxapex\n|-singleturn|p1b: Toxapex|move: Protect\n|move|p1a: Grimmsnarl|Parting Shot|p2b: Landorus\n|-unboost|p2b: Landorus|atk|1\n|-unboost|p2b: Landorus|spa|1\n|\n|t:|1701099302\n|switch|p1a: Goodra|Goodra-Hisui, L50, F|100\/100|[from] Parting Shot\n|move|p2b: Landorus|Rock Slide|p1a: Goodra|[spread] p1a\n|-activate|p1b: Toxapex|move: Protect\n|-resisted|p1a: Goodra\n|-damage|p1a: Goodra|96\/100\n|move|p2a: Tornadus|Bleakwind Storm|p1b: Toxapex|[spread] p1a\n|-activate|p1b: Toxapex|move: Protect\n|-resisted|p1a: Goodra\n|-damage|p1a: Goodra|84\/100\n|\n|-heal|p1a: Goodra|90\/100|[from] item: Leftovers\n|-damage|p2b: Landorus|65\/100|[from] move: Infestation|[partiallytrapped]\n|upkeep\n|turn|3\n|inactive|TheWorstCookie has 30 seconds left.\n|inactive|TheWorstCookie has 20 seconds left.\n|\n|t:|1701099338\n|switch|p2a: Heatran|Heatran, L50, M|100\/100\n|move|p2b: Landorus|Rock Slide|p1a: Goodra|[spread] p1a,p1b\n|-resisted|p1a: Goodra\n|-damage|p1a: Goodra|86\/100\n|-damage|p1b: Toxapex|91\/100\n|move|p1a: Goodra|Shelter|p1a: Goodra\n|-boost|p1a: Goodra|def|2\n|cant|p1b: Toxapex|flinch\n|\n|-heal|p1a: Goodra|91\/100|[from] item: Leftovers\n|-damage|p2b: Landorus|49\/100|[from] move: Infestation|[partiallytrapped]\n|upkeep\n|turn|4\n|\n|t:|1701099363\n|-terastallize|p2a: Heatran|Grass\n|move|p2b: Landorus|Rock Slide|p1a: Goodra|[spread] p1a,p1b\n|-resisted|p1a: Goodra\n|-damage|p1a: Goodra|89\/100\n|-damage|p1b: Toxapex|81\/100\n|move|p2a: Heatran|Heat Wave|p1b: Toxapex|[spread] p1a,p1b\n|-resisted|p1b: Toxapex\n|-damage|p1a: Goodra|54\/100\n|-damage|p1b: Toxapex|62\/100\n|-damage|p2a: Heatran|91\/100|[from] item: Life Orb\n|move|p1a: Goodra|Life Dew|p1a: Goodra|[spread] p1a,p1b\n|-heal|p1a: Goodra|79\/100\n|-heal|p1b: Toxapex|86\/100\n|cant|p1b: Toxapex|flinch\n|\n|-heal|p1a: Goodra|85\/100|[from] item: Leftovers\n|-damage|p2b: Landorus|32\/100|[from] move: Infestation|[partiallytrapped]\n|-sideend|p2: TheWorstCookie|move: Tailwind\n|upkeep\n|turn|5\n|inactive|whyismynamejeff has 30 seconds left.\n|inactive|TheWorstCookie has 30 seconds left.\n|inactive|whyismynamejeff has 20 seconds left.\n|inactive|TheWorstCookie has 20 seconds left.\n|\n|t:|1701099399\n|move|p1b: Toxapex|Baneful Bunker|p1b: Toxapex\n|-singleturn|p1b: Toxapex|move: Protect\n|move|p2b: Landorus|Rock Slide|p1a: Goodra|[spread] p1a\n|-activate|p1b: Toxapex|move: Protect\n|-resisted|p1a: Goodra\n|-damage|p1a: Goodra|83\/100\n|move|p2a: Heatran|Heat Wave|p1b: Toxapex|[spread] p1a\n|-activate|p1b: Toxapex|move: Protect\n|-damage|p1a: Goodra|49\/100\n|-damage|p2a: Heatran|81\/100|[from] item: Life Orb\n|cant|p1a: Goodra|flinch\n|\n|-heal|p1a: Goodra|55\/100|[from] item: Leftovers\n|-end|p2b: Landorus|Infestation|[partiallytrapped]\n|upkeep\n|turn|6\n|\n|t:|1701099421\n|move|p2b: Landorus|Rock Slide|p1a: Goodra|[spread] p1a,p1b\n|-resisted|p1a: Goodra\n|-damage|p1a: Goodra|52\/100\n|-damage|p1b: Toxapex|77\/100\n|move|p2a: Heatran|Heat Wave|p1b: Toxapex|[spread] p1a,p1b\n|-resisted|p1b: Toxapex\n|-damage|p1a: Goodra|21\/100\n|-damage|p1b: Toxapex|60\/100\n|-damage|p2a: Heatran|72\/100|[from] item: Life Orb\n|move|p1a: Goodra|Shelter|p1a: Goodra\n|-boost|p1a: Goodra|def|2\n|move|p1b: Toxapex|Infestation|p2b: Landorus\n|-resisted|p2b: Landorus\n|-damage|p2b: Landorus|31\/100\n|-activate|p2b: Landorus|move: Infestation|[of] p1b: Toxapex\n|\n|-heal|p1a: Goodra|27\/100|[from] item: Leftovers\n|-damage|p2b: Landorus|14\/100|[from] move: Infestation|[partiallytrapped]\n|upkeep\n|turn|7\n|inactive|whyismynamejeff has 30 seconds left.\n|\n|t:|1701099455\n|move|p2b: Landorus|Rock Slide|p1a: Goodra|[spread] p1a,p1b\n|-resisted|p1a: Goodra\n|-damage|p1a: Goodra|26\/100\n|-damage|p1b: Toxapex|51\/100\n|move|p2a: Heatran|Heat Wave|p1a: Goodra|[spread] p1b\n|-miss|p2a: Heatran|p1a: Goodra\n|-resisted|p1b: Toxapex\n|-damage|p1b: Toxapex|32\/100\n|-damage|p2a: Heatran|62\/100|[from] item: Life Orb\n|move|p1a: Goodra|Life Dew|p1a: Goodra|[spread] p1a,p1b\n|-heal|p1a: Goodra|51\/100\n|-heal|p1b: Toxapex|57\/100\n|cant|p1b: Toxapex|flinch\n|\n|-heal|p1a: Goodra|57\/100|[from] item: Leftovers\n|-damage|p2b: Landorus|0 fnt|[from] move: Infestation|[partiallytrapped]\n|faint|p2b: Landorus\n|upkeep\n|inactive|TheWorstCookie has 30 seconds left.\n|\n|t:|1701099485\n|switch|p2b: Tornadus|Tornadus, L50, M|100\/100\n|turn|8\n|c|\u2606whyismynamejeff|a hopeless romantic all my life\n|\n|t:|1701099499\n|move|p2b: Tornadus|Sunny Day|p2b: Tornadus\n|-weather|SunnyDay\n|move|p2a: Heatran|Heat Wave|p1a: Goodra|[spread] p1a,p1b\n|-resisted|p1b: Toxapex\n|-damage|p1a: Goodra|11\/100\n|-damage|p1b: Toxapex|30\/100\n|-status|p1b: Toxapex|brn\n|-damage|p2a: Heatran|53\/100|[from] item: Life Orb\n|move|p1a: Goodra|Heavy Slam|p2b: Tornadus\n|-damage|p2b: Tornadus|61\/100\n|move|p1b: Toxapex|Infestation|p2a: Heatran\n|-supereffective|p2a: Heatran\n|-damage|p2a: Heatran|47\/100\n|-activate|p2a: Heatran|move: Infestation|[of] p1b: Toxapex\n|\n|-weather|SunnyDay|[upkeep]\n|-heal|p1a: Goodra|17\/100|[from] item: Leftovers\n|-damage|p1b: Toxapex|24\/100 brn|[from] brn\n|-damage|p2a: Heatran|30\/100|[from] move: Infestation|[partiallytrapped]\n|upkeep\n|turn|9\n|inactive|whyismynamejeff has 30 seconds left.\n|inactive|whyismynamejeff has 20 seconds left.\n|\n|t:|1701099534\n|switch|p1a: Grimmsnarl|Grimmsnarl, L50, M|65\/100\n|move|p2b: Tornadus|Tailwind|p2b: Tornadus\n|-sidestart|p2: TheWorstCookie|move: Tailwind\n|move|p2a: Heatran|Heat Wave|p1b: Toxapex|[spread] p1a,p1b\n|-resisted|p1b: Toxapex\n|-damage|p1a: Grimmsnarl|0 fnt\n|-damage|p1b: Toxapex|0 fnt\n|faint|p1a: Grimmsnarl\n|faint|p1b: Toxapex\n|-damage|p2a: Heatran|21\/100|[from] item: Life Orb\n|\n|-weather|SunnyDay|[upkeep]\n|-end|p2a: Heatran|Infestation|[partiallytrapped]|[silent]\n|upkeep\n|\n|t:|1701099546\n|switch|p1a: Iron Hands|Iron Hands, L50|100\/100\n|switch|p1b: Goodra|Goodra-Hisui, L50, F|17\/100\n|turn|10\n|\n|t:|1701099566\n|switch|p2b: Urshifu|Urshifu-Rapid-Strike, L50, M|100\/100\n|move|p1a: Iron Hands|Fake Out|p2a: Heatran\n|-damage|p2a: Heatran|8\/100\n|cant|p2a: Heatran|flinch\n|move|p1b: Goodra|Life Dew||[still]|[spread] p1a,p1b\n|-fail|p1a: Iron Hands|heal\n|-heal|p1b: Goodra|42\/100\n|\n|-weather|SunnyDay|[upkeep]\n|-heal|p1b: Goodra|48\/100|[from] item: Leftovers\n|upkeep\n|turn|11\n|inactive|whyismynamejeff has 30 seconds left.\n|\n|t:|1701099593\n|-terastallize|p1b: Goodra|Water\n|move|p2b: Urshifu|Surging Strikes|p1a: Iron Hands\n|-crit|p1a: Iron Hands\n|-damage|p1a: Iron Hands|92\/100\n|-crit|p1a: Iron Hands\n|-damage|p1a: Iron Hands|84\/100\n|-crit|p1a: Iron Hands\n|-damage|p1a: Iron Hands|75\/100\n|-hitcount|p1a: Iron Hands|3\n|move|p2a: Heatran|Heat Wave|p1a: Iron Hands|[spread] p1a\n|-miss|p2a: Heatran|p1b: Goodra\n|-crit|p1a: Iron Hands\n|-damage|p1a: Iron Hands|20\/100\n|-damage|p2a: Heatran|0 fnt|[from] item: Life Orb\n|faint|p2a: Heatran\n|move|p1b: Goodra|Shelter|p1b: Goodra\n|-boost|p1b: Goodra|def|2\n|move|p1a: Iron Hands|Wild Charge|p2b: Urshifu\n|-supereffective|p2b: Urshifu\n|-damage|p2b: Urshifu|8\/100\n|-damage|p1a: Iron Hands|2\/100|[from] Recoil\n|\n|-weather|SunnyDay|[upkeep]\n|-heal|p1b: Goodra|53\/100|[from] item: Leftovers\n|upkeep\n|\n|t:|1701099616\n|switch|p2a: Tornadus|Tornadus, L50, M|61\/100\n|turn|12\n|\n|t:|1701099637\n|move|p2b: Urshifu|Surging Strikes|p1b: Goodra\n|-resisted|p1b: Goodra\n|-crit|p1b: Goodra\n|-damage|p1b: Goodra|48\/100\n|-resisted|p1b: Goodra\n|-crit|p1b: Goodra\n|-damage|p1b: Goodra|43\/100\n|-resisted|p1b: Goodra\n|-crit|p1b: Goodra\n|-damage|p1b: Goodra|38\/100\n|-hitcount|p1b: Goodra|3\n|move|p2a: Tornadus|Bleakwind Storm|p1a: Iron Hands|[spread] p1a,p1b\n|-damage|p1a: Iron Hands|0 fnt\n|-damage|p1b: Goodra|13\/100\n|faint|p1a: Iron Hands\n|-end|p1a: Iron Hands|Quark Drive|[silent]\n|move|p1b: Goodra|Body Press|p2b: Urshifu\n|-damage|p2b: Urshifu|0 fnt\n|faint|p2b: Urshifu\n|\n|-weather|none\n|-heal|p1b: Goodra|19\/100|[from] item: Leftovers\n|-sideend|p2: TheWorstCookie|move: Tailwind\n|upkeep\n|turn|13\n|c|\u2606whyismynamejeff|ggs\n|\n|t:|1701099661\n|move|p2a: Tornadus|Bleakwind Storm|p1b: Goodra\n|-damage|p1b: Goodra|0 fnt\n|faint|p1b: Goodra\n|\n|win|TheWorstCookie\n|raw|whyismynamejeff's rating: 1073 &rarr; <strong>1059<\/strong><br \/>(-14 for losing)\n|raw|TheWorstCookie's rating: 1200 &rarr; <strong>1216<\/strong><br \/>(+16 for winning)\n|l|\u2606TheWorstCookie\n","uploadtime":1701099669,"views":8,"p1id":"whyismynamejeff","p2id":"theworstcookie","formatid":"gen9vgc2023regulatione","rating":1059,"private":0,"password":""}