{"id":"gen9vgc2023regulatione-1991008317","p1":"Nightsoul634","p2":"tuilatriz","format":"[Gen 9] VGC 2023 Regulation E","log":"|j|\u2606Nightsoul634\n|j|\u2606tuilatriz\n|t:|1700027105\n|gametype|doubles\n|player|p1|Nightsoul634|1|1097\n|player|p2|tuilatriz|alder|1038\n|teamsize|p1|6\n|teamsize|p2|6\n|gen|9\n|tier|[Gen 9] VGC 2023 Regulation E\n|rated|\n|rule|Species Clause: Limit one of each Pok\u00e9mon\n|rule|Item Clause: Limit one of each item\n|clearpoke\n|poke|p1|Tornadus, L50, M|\n|poke|p1|Ninetales-Alola, L50, M|\n|poke|p1|Arcanine, L50, M|\n|poke|p1|Ursaluna-Bloodmoon, L50, M|\n|poke|p1|Iron Hands, L50|\n|poke|p1|Ogerpon-Wellspring, L50, F|\n|poke|p2|Raichu, L50, F|\n|poke|p2|Pelipper, L50, M|\n|poke|p2|Grimmsnarl, L50, M|\n|poke|p2|Basculegion-F, L50, F|\n|poke|p2|Samurott-Hisui, L50, M|\n|poke|p2|Weezing, L50, F|\n|teampreview|4\n|inactive|Battle timer is ON: inactive players will automatically lose when time's up. (requested by tuilatriz)\n|inactive|Nightsoul634 has 60 seconds left.\n|\n|t:|1700027141\n|start\n|switch|p1a: Tornade|Tornadus, L50, M, shiny|100\/100\n|switch|p1b: No kick|Iron Hands, L50|100\/100\n|switch|p2a: Pelipper|Pelipper, L50, M, shiny|100\/100\n|switch|p2b: Grimmsnarl|Grimmsnarl, L50, M, shiny|100\/100\n|-weather|RainDance|[from] ability: Drizzle|[of] p2a: Pelipper\n|-enditem|p1b: No kick|Booster Energy\n|-activate|p1b: No kick|ability: Quark Drive|[fromitem]\n|-start|p1b: No kick|quarkdriveatk\n|turn|1\n|\n|t:|1700027160\n|-end|p1b: No kick|Quark Drive|[silent]\n|switch|p1b: BlancheNeige|Ninetales-Alola, L50, M, shiny|100\/100\n|-weather|Snow|[from] ability: Snow Warning|[of] p1b: BlancheNeige\n|-terastallize|p2a: Pelipper|Ground\n|move|p1a: Tornade|Tailwind|p1a: Tornade\n|-sidestart|p1: Nightsoul634|move: Tailwind\n|move|p2b: Grimmsnarl|Taunt|p1a: Tornade\n|-start|p1a: Tornade|move: Taunt\n|move|p2a: Pelipper|Tailwind|p2a: Pelipper\n|-sidestart|p2: tuilatriz|move: Tailwind\n|\n|-weather|Snow|[upkeep]\n|upkeep\n|turn|2\n|inactive|Nightsoul634 has 30 seconds left.\n|inactive|tuilatriz has 30 seconds left.\n|inactive|tuilatriz has 20 seconds left.\n|\n|t:|1700027197\n|switch|p2a: Raichu|Raichu, L50, F|100\/100\n|move|p2b: Grimmsnarl|Reflect|p2b: Grimmsnarl\n|-sidestart|p2: tuilatriz|Reflect\n|move|p1b: BlancheNeige|Blizzard|p2a: Raichu|[spread] p2a,p2b\n|-damage|p2a: Raichu|51\/100\n|-damage|p2b: Grimmsnarl|75\/100\n|-status|p2a: Raichu|frz\n|-status|p2b: Grimmsnarl|frz\n|move|p1a: Tornade|Bleakwind Storm|p2a: Raichu|[spread] p2b\n|-miss|p1a: Tornade|p2a: Raichu\n|-damage|p2b: Grimmsnarl|40\/100 frz\n|\n|-weather|Snow|[upkeep]\n|upkeep\n|turn|3\n|\n|t:|1700027213\n|cant|p2b: Grimmsnarl|frz\n|cant|p2a: Raichu|frz\n|move|p1b: BlancheNeige|Aurora Veil|p1b: BlancheNeige\n|-sidestart|p1: Nightsoul634|move: Aurora Veil\n|move|p1a: Tornade|Bleakwind Storm|p2b: Grimmsnarl|[spread] p2a,p2b\n|-resisted|p2a: Raichu\n|-damage|p2a: Raichu|18\/100 frz\n|-damage|p2b: Grimmsnarl|2\/100 frz\n|\n|-weather|Snow|[upkeep]\n|upkeep\n|turn|4\n|\n|t:|1700027225\n|cant|p2b: Grimmsnarl|frz\n|cant|p2a: Raichu|frz\n|move|p1b: BlancheNeige|Blizzard|p2b: Grimmsnarl|[spread] p2a,p2b\n|-damage|p2a: Raichu|0 fnt\n|-damage|p2b: Grimmsnarl|0 fnt\n|faint|p2a: Raichu\n|faint|p2b: Grimmsnarl\n|move|p1a: Tornade|Bleakwind Storm|p2: Raichu|[notarget]\n|-fail|p1a: Tornade\n|\n|-weather|Snow|[upkeep]\n|-end|p1a: Tornade|move: Taunt\n|-sideend|p1: Nightsoul634|move: Tailwind\n|-sideend|p2: tuilatriz|move: Tailwind\n|upkeep\n|\n|t:|1700027229\n|switch|p2a: Pelipper|Pelipper, L50, M, shiny, tera:Ground|100\/100\n|switch|p2b: Basculegion|Basculegion-F, L50, F, shiny|100\/100\n|-weather|RainDance|[from] ability: Drizzle|[of] p2a: Pelipper\n|turn|5\n|\n|t:|1700027249\n|move|p2b: Basculegion|Last Respects|p1a: Tornade\n|-damage|p1a: Tornade|22\/100\n|-damage|p2b: Basculegion|91\/100|[from] item: Life Orb\n|move|p1b: BlancheNeige|Moonblast|p2b: Basculegion\n|-damage|p2b: Basculegion|47\/100\n|move|p1a: Tornade|Bleakwind Storm|p2b: Basculegion|[spread] p2a,p2b\n|-damage|p2a: Pelipper|37\/100\n|-damage|p2b: Basculegion|0 fnt\n|-enditem|p2a: Pelipper|Sitrus Berry|[eat]\n|-heal|p2a: Pelipper|61\/100|[from] item: Sitrus Berry\n|faint|p2b: Basculegion\n|move|p2a: Pelipper|Tailwind|p2a: Pelipper\n|-sidestart|p2: tuilatriz|move: Tailwind\n|\n|-weather|RainDance|[upkeep]\n|upkeep\n|turn|6\n|-message|tuilatriz forfeited.\n|\n|win|Nightsoul634\n|raw|Nightsoul634's rating: 1097 &rarr; <strong>1118<\/strong><br \/>(+21 for winning)\n|raw|tuilatriz's rating: 1038 &rarr; <strong>1025<\/strong><br \/>(-13 for losing)\n|l|\u2606tuilatriz\n","uploadtime":1700027266,"views":9,"p1id":"nightsoul634","p2id":"tuilatriz","formatid":"gen9vgc2023regulatione","rating":1025,"private":0,"password":""}