{"id":"gen9vgc2023regulatione-1990522460","p1":"CaptainLatios","p2":"ScooterKid42","format":"[Gen 9] VGC 2023 Regulation E","log":"|j|\u2606CaptainLatios\n|j|\u2606ScooterKid42\n|t:|1699978386\n|gametype|doubles\n|player|p1|CaptainLatios|caitlin-masters|1045\n|player|p2|ScooterKid42|101|1051\n|teamsize|p1|6\n|teamsize|p2|6\n|gen|9\n|tier|[Gen 9] VGC 2023 Regulation E\n|rated|\n|rule|Species Clause: Limit one of each Pok\u00e9mon\n|rule|Item Clause: Limit one of each item\n|clearpoke\n|poke|p1|Ogerpon-Wellspring, L50, F|\n|poke|p1|Landorus-Therian, L50, M|\n|poke|p1|Iron Bundle, L50|\n|poke|p1|Chi-Yu, L50|\n|poke|p1|Flutter Mane, L50|\n|poke|p1|Iron Hands, L50|\n|poke|p2|Ogerpon-Wellspring, L50, F|\n|poke|p2|Gholdengo, L50|\n|poke|p2|Chi-Yu, L50|\n|poke|p2|Okidogi, L50, M|\n|poke|p2|Gliscor, L50, M|\n|poke|p2|Rotom-Heat, L50|\n|teampreview|4\n|\n|t:|1699978436\n|start\n|switch|p1a: Iron Bundle|Iron Bundle, L50|100\/100\n|switch|p1b: Iron Hands|Iron Hands, L50|100\/100\n|switch|p2a: Gholdengo|Gholdengo, L50|100\/100\n|switch|p2b: Okidogi|Okidogi, L50, M|100\/100\n|-enditem|p1a: Iron Bundle|Booster Energy\n|-activate|p1a: Iron Bundle|ability: Quark Drive|[fromitem]\n|-start|p1a: Iron Bundle|quarkdrivespe\n|turn|1\n|\n|t:|1699978470\n|move|p1a: Iron Bundle|Protect|p1a: Iron Bundle\n|-singleturn|p1a: Iron Bundle|Protect\n|move|p2a: Gholdengo|Flash Cannon|p1a: Iron Bundle\n|-activate|p1a: Iron Bundle|move: Protect\n|move|p2b: Okidogi|Poison Jab|p1b: Iron Hands\n|-damage|p1b: Iron Hands|69\/100\n|-status|p1b: Iron Hands|psn\n|move|p1b: Iron Hands|Wild Charge|p2a: Gholdengo\n|-damage|p2a: Gholdengo|45\/100\n|-damage|p1b: Iron Hands|59\/100 psn|[from] Recoil\n|\n|-damage|p1b: Iron Hands|47\/100 psn|[from] psn\n|upkeep\n|turn|2\n|\n|t:|1699978494\n|-end|p1a: Iron Bundle|Quark Drive|[silent]\n|switch|p1a: Ogerpon|Ogerpon-Wellspring, L50, F|100\/100\n|move|p2a: Gholdengo|Flash Cannon|p1a: Ogerpon\n|-resisted|p1a: Ogerpon\n|-damage|p1a: Ogerpon|79\/100\n|move|p2b: Okidogi|Drain Punch|p1b: Iron Hands\n|-damage|p1b: Iron Hands|18\/100 psn\n|move|p1b: Iron Hands|Wild Charge|p2a: Gholdengo\n|-damage|p2a: Gholdengo|0 fnt\n|faint|p2a: Gholdengo\n|-damage|p1b: Iron Hands|11\/100 psn|[from] Recoil\n|\n|-damage|p1b: Iron Hands|0 fnt|[from] psn\n|faint|p1b: Iron Hands\n|-end|p1b: Iron Hands|Quark Drive|[silent]\n|upkeep\n|\n|t:|1699978520\n|switch|p2a: Chi-Yu|Chi-Yu, L50|100\/100\n|switch|p1b: Iron Bundle|Iron Bundle, L50|100\/100\n|-ability|p2a: Chi-Yu|Beads of Ruin\n|turn|3\n|\n|t:|1699978541\n|move|p2a: Chi-Yu|Protect|p2a: Chi-Yu\n|-singleturn|p2a: Chi-Yu|Protect\n|move|p1a: Ogerpon|Spiky Shield|p1a: Ogerpon\n|-singleturn|p1a: Ogerpon|move: Protect\n|move|p1b: Iron Bundle|Hydro Pump|p2a: Chi-Yu\n|-activate|p2a: Chi-Yu|move: Protect\n|move|p2b: Okidogi|Poison Jab|p1a: Ogerpon\n|-activate|p1a: Ogerpon|move: Protect\n|-damage|p2b: Okidogi|88\/100|[from] Spiky Shield|[of] p1a: Ogerpon\n|\n|upkeep\n|turn|4\n|inactive|Battle timer is ON: inactive players will automatically lose when time's up. (requested by CaptainLatios)\n|\n|t:|1699978603\n|-terastallize|p1a: Ogerpon|Water\n|detailschange|p1a: Ogerpon|Ogerpon-Wellspring-Tera, L50, F, tera:Water\n|-ability|p1a: Ogerpon|Embody Aspect (Wellspring)|boost\n|-boost|p1a: Ogerpon|spd|1\n|move|p1b: Iron Bundle|Freeze-Dry|p2b: Okidogi\n|-damage|p2b: Okidogi|55\/100\n|move|p2a: Chi-Yu|Flamethrower|p1b: Iron Bundle\n|-crit|p1b: Iron Bundle\n|-damage|p1b: Iron Bundle|0 fnt\n|faint|p1b: Iron Bundle\n|-end|p1b: Iron Bundle|Quark Drive|[silent]\n|move|p1a: Ogerpon|Ivy Cudgel|p2a: Chi-Yu|[anim] Ivy Cudgel Water\n|-supereffective|p2a: Chi-Yu\n|-enditem|p2a: Chi-Yu|Focus Sash\n|-damage|p2a: Chi-Yu|1\/100\n|move|p2b: Okidogi|Drain Punch|p1a: Ogerpon\n|-damage|p1a: Ogerpon|38\/100\n|-heal|p2b: Okidogi|78\/100|[from] drain|[of] p1a: Ogerpon\n|\n|upkeep\n|\n|t:|1699978621\n|switch|p1b: Flutter Mane|Flutter Mane, L50|100\/100\n|turn|5\n|inactive|ScooterKid42 has 30 seconds left.\n|\n|t:|1699978656\n|switch|p2b: Gliscor|Gliscor, L50, M|100\/100\n|move|p2a: Chi-Yu|Protect|p2a: Chi-Yu\n|-singleturn|p2a: Chi-Yu|Protect\n|move|p1a: Ogerpon|Follow Me|p1a: Ogerpon\n|-singleturn|p1a: Ogerpon|move: Follow Me\n|move|p1b: Flutter Mane|Dazzling Gleam|p2a: Chi-Yu|[spread] p2b\n|-activate|p2a: Chi-Yu|move: Protect\n|-damage|p2b: Gliscor|38\/100\n|\n|-status|p2b: Gliscor|tox|[from] item: Toxic Orb\n|upkeep\n|turn|6\n|\n|t:|1699978677\n|switch|p2a: Okidogi|Okidogi, L50, M|78\/100\n|-terastallize|p2b: Gliscor|Steel\n|move|p1b: Flutter Mane|Dazzling Gleam|p2b: Gliscor|[spread] p2a,p2b\n|-resisted|p2b: Gliscor\n|-damage|p2a: Okidogi|51\/100\n|-damage|p2b: Gliscor|16\/100 tox\n|move|p1a: Ogerpon|Horn Leech|p2b: Gliscor\n|-resisted|p2b: Gliscor\n|-damage|p2b: Gliscor|0 fnt\n|-heal|p1a: Ogerpon|45\/100|[from] drain|[of] p2b: Gliscor\n|faint|p2b: Gliscor\n|\n|upkeep\n|\n|t:|1699978689\n|switch|p2b: Chi-Yu|Chi-Yu, L50|1\/100\n|-ability|p2b: Chi-Yu|Beads of Ruin\n|turn|7\n|\n|t:|1699978707\n|move|p1a: Ogerpon|Follow Me|p1a: Ogerpon\n|-singleturn|p1a: Ogerpon|move: Follow Me\n|move|p1b: Flutter Mane|Dazzling Gleam|p2b: Chi-Yu|[spread] p2a,p2b\n|-damage|p2a: Okidogi|12\/100\n|-damage|p2b: Chi-Yu|0 fnt\n|faint|p2b: Chi-Yu\n|move|p2a: Okidogi|Counter||[still]\n|-fail|p2a: Okidogi\n|\n|upkeep\n|turn|8\n|-message|ScooterKid42 forfeited.\n|\n|win|CaptainLatios\n|raw|CaptainLatios's rating: 1045 &rarr; <strong>1079<\/strong><br \/>(+34 for winning)\n|raw|ScooterKid42's rating: 1051 &rarr; <strong>1033<\/strong><br \/>(-18 for losing)\n|l|\u2606ScooterKid42\n","uploadtime":1699978723,"views":14,"p1id":"captainlatios","p2id":"scooterkid42","formatid":"gen9vgc2023regulatione","rating":1033,"private":0,"password":""}