{"id":"gen9vgc2023regulatione-1998278395","p1":"Lernest","p2":"Willipino","format":"[Gen 9] VGC 2023 Regulation E","log":"|j|\u2606Lernest\n|j|\u2606Willipino\n|t:|1700923797\n|gametype|doubles\n|player|p1|Lernest|tuber|1464\n|player|p2|Willipino|2|1445\n|teamsize|p1|6\n|teamsize|p2|6\n|gen|9\n|tier|[Gen 9] VGC 2023 Regulation E\n|rated|\n|rule|Species Clause: Limit one of each Pok\u00e9mon\n|rule|Item Clause: Limit one of each item\n|clearpoke\n|poke|p1|Dragonite, L50, M|\n|poke|p1|Kingambit, L50, F|\n|poke|p1|Chien-Pao, L50|\n|poke|p1|Amoonguss, L50, M|\n|poke|p1|Urshifu-*, L50, M|\n|poke|p1|Ogerpon-Hearthflame, L50, F|\n|poke|p2|Tornadus, L50, M|\n|poke|p2|Heatran, L50, M|\n|poke|p2|Farigiraf, L50, F|\n|poke|p2|Rillaboom, L50, M|\n|poke|p2|Iron Bundle, L50|\n|poke|p2|Urshifu-*, L50, M|\n|teampreview|4\nWillipino has agreed to open team sheets.\n|inactive|Battle timer is ON: inactive players will automatically lose when time's up. (requested by Lernest)\nLernest has agreed to open team sheets.\n|\n|t:|1700923837\n|start\n|switch|p1a: Dragonite|Dragonite, L50, M|100\/100\n|switch|p1b: Chien-Pao|Chien-Pao, L50|100\/100\n|switch|p2a: Tornadus|Tornadus, L50, M|100\/100\n|switch|p2b: Iron Bundle|Iron Bundle, L50, shiny|100\/100\n|-ability|p1b: Chien-Pao|Sword of Ruin\n|-enditem|p2b: Iron Bundle|Booster Energy\n|-activate|p2b: Iron Bundle|ability: Quark Drive|[fromitem]\n|-start|p2b: Iron Bundle|quarkdrivespe\n|turn|1\n|\n|t:|1700923854\n|-terastallize|p1a: Dragonite|Normal\n|move|p2a: Tornadus|Tailwind|p2a: Tornadus\n|-sidestart|p2: Willipino|move: Tailwind\n|move|p2b: Iron Bundle|Freeze-Dry|p1a: Dragonite\n|-damage|p1a: Dragonite|79\/100\n|move|p1b: Chien-Pao|Ice Spinner|p2a: Tornadus\n|-supereffective|p2a: Tornadus\n|-damage|p2a: Tornadus|0 fnt\n|faint|p2a: Tornadus\n|move|p1a: Dragonite|Thunder Punch|p2b: Iron Bundle\n|-supereffective|p2b: Iron Bundle\n|-damage|p2b: Iron Bundle|18\/100\n|\n|upkeep\n|j| Xeratina\n|\n|t:|1700923864\n|switch|p2a: Heatran|Heatran, L50, M|100\/100\n|turn|2\n|l| Xeratina\n|\n|t:|1700923889\n|move|p1b: Chien-Pao|Sucker Punch|p2b: Iron Bundle\n|-damage|p2b: Iron Bundle|0 fnt\n|faint|p2b: Iron Bundle\n|-end|p2b: Iron Bundle|Quark Drive|[silent]\n|move|p2a: Heatran|Heat Wave|p1a: Dragonite|[spread] p1a,p1b\n|-supereffective|p1b: Chien-Pao\n|-damage|p1a: Dragonite|46\/100\n|-enditem|p1b: Chien-Pao|Focus Sash\n|-damage|p1b: Chien-Pao|1\/100\n|-damage|p2a: Heatran|90\/100|[from] item: Life Orb\n|move|p1a: Dragonite|Stomping Tantrum|p2a: Heatran\n|-supereffective|p2a: Heatran\n|-damage|p2a: Heatran|0 fnt\n|faint|p2a: Heatran\n|\n|upkeep\n|\n|t:|1700923899\n|switch|p2b: Rillaboom|Rillaboom, L50, M|100\/100\n|-fieldstart|move: Grassy Terrain|[from] ability: Grassy Surge|[of] p2b: Rillaboom\n|turn|3\n|\n|t:|1700923912\n|move|p1b: Chien-Pao|Protect|p1b: Chien-Pao\n|-singleturn|p1b: Chien-Pao|Protect\n|move|p2b: Rillaboom|Grassy Glide|p1a: Dragonite\n|-damage|p1a: Dragonite|0 fnt\n|faint|p1a: Dragonite\n|\n|-heal|p1b: Chien-Pao|7\/100|[from] Grassy Terrain\n|upkeep\n|\n|t:|1700923918\n|switch|p1a: Ogerpon|Ogerpon-Hearthflame, L50, F|100\/100\n|-ability|p1a: Ogerpon|Mold Breaker\n|turn|4\n|\n|t:|1700923921\n|-terastallize|p2b: Rillaboom|Fire\n|move|p2b: Rillaboom|Grassy Glide|p1b: Chien-Pao\n|-damage|p1b: Chien-Pao|0 fnt\n|faint|p1b: Chien-Pao\n|move|p1a: Ogerpon|Ivy Cudgel|p2b: Rillaboom|[anim] Ivy Cudgel Fire\n|-resisted|p2b: Rillaboom\n|-crit|p2b: Rillaboom\n|-damage|p2b: Rillaboom|62\/100\n|\n|-heal|p2b: Rillaboom|68\/100|[from] Grassy Terrain\n|-sideend|p2: Willipino|move: Tailwind\n|upkeep\n|\n|t:|1700923926\n|switch|p1b: Amoonguss|Amoonguss, L50, M|100\/100\n|turn|5\n|\n|t:|1700923934\n|move|p1a: Ogerpon|Ivy Cudgel|p2b: Rillaboom|[anim] Ivy Cudgel Fire\n|-resisted|p2b: Rillaboom\n|-crit|p2b: Rillaboom\n|-damage|p2b: Rillaboom|26\/100\n|move|p2b: Rillaboom|High Horsepower|p1a: Ogerpon\n|-damage|p1a: Ogerpon|62\/100\n|move|p1b: Amoonguss|Spore|p2b: Rillaboom\n|-status|p2b: Rillaboom|slp|[from] move: Spore\n|\n|-heal|p1a: Ogerpon|68\/100|[from] Grassy Terrain\n|-heal|p2b: Rillaboom|31\/100 slp|[from] Grassy Terrain\n|upkeep\n|turn|6\n|\n|t:|1700923945\n|cant|p2b: Rillaboom|slp\n|move|p1a: Ogerpon|Ivy Cudgel|p2b: Rillaboom|[anim] Ivy Cudgel Fire\n|-resisted|p2b: Rillaboom\n|-damage|p2b: Rillaboom|5\/100 slp\n|move|p1b: Amoonguss|Pollen Puff|p1a: Ogerpon\n|-heal|p1a: Ogerpon|100\/100\n|\n|-heal|p2b: Rillaboom|10\/100 slp|[from] Grassy Terrain\n|upkeep\n|turn|7\n|\n|t:|1700923952\n|move|p1b: Amoonguss|Rage Powder|p1b: Amoonguss\n|-singleturn|p1b: Amoonguss|move: Rage Powder\n|cant|p2b: Rillaboom|slp\n|move|p1a: Ogerpon|Ivy Cudgel|p2b: Rillaboom|[anim] Ivy Cudgel Fire\n|-resisted|p2b: Rillaboom\n|-damage|p2b: Rillaboom|0 fnt\n|faint|p2b: Rillaboom\n|\n|win|Lernest\n|raw|Lernest's rating: 1464 &rarr; <strong>1483<\/strong><br \/>(+19 for winning)\n|raw|Willipino's rating: 1445 &rarr; <strong>1426<\/strong><br \/>(-19 for losing)\n|l|\u2606Lernest\n","uploadtime":1700923967,"views":8,"p1id":"lernest","p2id":"willipino","formatid":"gen9vgc2023regulatione","rating":1426,"private":0,"password":""}