{"id":"gen9vgc2023regulatione-1997724036","p1":"WillE_VGC","p2":"Xopas","format":"[Gen 9] VGC 2023 Regulation E","log":"|j|\u2606WillE_VGC\n|j|\u2606Xopas\n|n|\u2606WillE_VGC|willevgc\n|n|\u2606Xopas|xopas\n|html|View the match progress at <a href=\"\/game-bestof3-gen9vgc2023regulatione-1997724035\">game-bestof3-gen9vgc2023regulatione-1997724035<\/a>\n|t:|1700845888\n|gametype|doubles\n|player|p1|WillE_VGC|#dpl9spectralthieves|\n|player|p2|Xopas|unknown|\n|teamsize|p1|6\n|teamsize|p2|6\n|gen|9\n|tier|[Gen 9] VGC 2023 Regulation E\n|rule|Species Clause: Limit one of each Pok\u00e9mon\n|rule|Item Clause: Limit one of each item\n|clearpoke\n|poke|p1|Iron Hands, L50|\n|poke|p1|Palafin, L50, F|\n|poke|p1|Heatran, L50, M|\n|poke|p1|Mimikyu, L50, F|\n|poke|p1|Abomasnow, L50, F|\n|poke|p1|Ditto, L50|\n|poke|p2|Flutter Mane, L50|\n|poke|p2|Zapdos-Galar, L50|\n|poke|p2|Crocalor, L50, F|\n|poke|p2|Gothitelle, L50, M|\n|poke|p2|Bellibolt, L50, M|\n|poke|p2|Gholdengo, L50|\n|teampreview|4\n|c|\u2606Xopas|glhf\n|c|\u2606Xopas|lets see if my brain functions\n|c|\u2606WillE_VGC|glhf!\n|c|\u2606Xopas|and why did you bring ditto vs me\n|j| Jstardude\n|j| Lux2821\n|\n|t:|1700845968\n|start\n|switch|p1a: Drake|Ditto, L50|100\/100\n|switch|p1b: J.Cole|Mimikyu, L50, F|100\/100\n|switch|p2a: Zapdos|Zapdos-Galar, L50|100\/100\n|switch|p2b: Gholdengo|Gholdengo, L50|100\/100\n|-transform|p1a: Drake|p2b: Gholdengo|[from] ability: Imposter\n|turn|1\n|\n|t:|1700846006\n|switch|p2b: Crocalor|Crocalor, L50, F, shiny|100\/100\n|move|p1b: J.Cole|Shadow Sneak|p2b: Crocalor\n|-damage|p2b: Crocalor|85\/100\n|-damage|p1b: J.Cole|91\/100|[from] item: Life Orb\n|move|p1a: Drake|Shadow Ball|p2b: Crocalor\n|-crit|p2b: Crocalor\n|-damage|p2b: Crocalor|29\/100\n|move|p2a: Zapdos|Taunt|p1b: J.Cole\n|-start|p1b: J.Cole|move: Taunt\n|\n|upkeep\n|turn|2\n|\n|t:|1700846022\n|move|p2b: Crocalor|Protect|p2b: Crocalor\n|-singleturn|p2b: Crocalor|Protect\n|move|p1a: Drake|Shadow Ball|p2b: Crocalor\n|-activate|p2b: Crocalor|move: Protect\n|move|p2a: Zapdos|Stomping Tantrum|p1a: Drake\n|-supereffective|p1a: Drake\n|-damage|p1a: Drake|44\/100\n|move|p1b: J.Cole|Play Rough|p2a: Zapdos\n|-supereffective|p2a: Zapdos\n|-damage|p2a: Zapdos|0 fnt\n|faint|p2a: Zapdos\n|-damage|p1b: J.Cole|82\/100|[from] item: Life Orb\n|\n|upkeep\n|\n|t:|1700846033\n|switch|p2a: Gholdengo|Gholdengo, L50|100\/100\n|turn|3\n|\n|t:|1700846065\n|-terastallize|p2a: Gholdengo|Grass\n|move|p1b: J.Cole|Shadow Sneak|p2a: Gholdengo\n|-damage|p2a: Gholdengo|73\/100\n|-damage|p1b: J.Cole|72\/100|[from] item: Life Orb\n|move|p1a: Drake|Shadow Ball|p2b: Crocalor\n|-damage|p2b: Crocalor|0 fnt\n|faint|p2b: Crocalor\n|move|p2a: Gholdengo|Shadow Ball|p1b: J.Cole\n|-activate|p1b: J.Cole|ability: Disguise\n|-damage|p1b: J.Cole|72\/100\n|-unboost|p1b: J.Cole|spd|1\n|detailschange|p1b: J.Cole|Mimikyu-Busted, L50, F\n|-damage|p1b: J.Cole|60\/100|[from] pokemon: Mimikyu-Busted\n|\n|upkeep\n|\n|t:|1700846068\n|switch|p2b: Flutter Mane|Flutter Mane, L50|100\/100\n|turn|4\n|\n|t:|1700846101\n|move|p1b: J.Cole|Shadow Sneak|p2b: Flutter Mane\n|-supereffective|p2b: Flutter Mane\n|-damage|p2b: Flutter Mane|3\/100\n|-damage|p1b: J.Cole|51\/100|[from] item: Life Orb\n|move|p2b: Flutter Mane|Moonblast|p1b: J.Cole\n|-damage|p1b: J.Cole|0 fnt\n|faint|p1b: J.Cole\n|move|p1a: Drake|Shadow Ball|p2b: Flutter Mane\n|-supereffective|p2b: Flutter Mane\n|-damage|p2b: Flutter Mane|0 fnt\n|faint|p2b: Flutter Mane\n|-end|p2b: Flutter Mane|Protosynthesis|[silent]\n|move|p2a: Gholdengo|Shadow Ball|p1a: Drake\n|-supereffective|p1a: Drake\n|-damage|p1a: Drake|0 fnt\n|faint|p1a: Drake\n|\n|upkeep\n|\n|t:|1700846105\n|switch|p1b: Tory Lanez|Iron Hands, L50|100\/100\n|switch|p1a: RKS|Heatran, L50, M|100\/100\n|turn|5\n|\n|t:|1700846112\n|move|p1b: Tory Lanez|Fake Out|p2a: Gholdengo\n|-damage|p2a: Gholdengo|56\/100\n|cant|p2a: Gholdengo|flinch\n|move|p1a: RKS|Overheat|p2a: Gholdengo\n|-supereffective|p2a: Gholdengo\n|-damage|p2a: Gholdengo|0 fnt\n|-unboost|p1a: RKS|spa|2\n|faint|p2a: Gholdengo\n|\n|win|WillE_VGC\n|c|\u2606Xopas|gg\n|inactive|WillE_VGC has 50 seconds to confirm battle start!\n|inactive|Xopas has 50 seconds to confirm battle start!\n|c|\u2606WillE_VGC|gg\n|c|&|\/uhtml prompt-willevgc,WillE_VGC is ready for game 2!\n|c|&|\/uhtml prompt-xopas,Xopas is ready for game 2!\nBoth players are ready! Starting next match!\n|l| Lux2821\n","uploadtime":1700846430,"views":2,"p1id":"willevgc","p2id":"xopas","formatid":"gen9vgc2023regulatione","rating":0,"private":0,"password":""}