{"id":"gen9vgc2023regulatione-1993789260","p1":"iHunt","p2":"LameLiarLeo","format":"[Gen 9] VGC 2023 Regulation E","log":"|j|\u2606iHunt\n|j|\u2606LameLiarLeo\n|t:|1700357457\n|gametype|doubles\n|player|p1|iHunt|266|1493\n|player|p2|LameLiarLeo|caitlin|1510\n|teamsize|p1|6\n|teamsize|p2|6\n|gen|9\n|tier|[Gen 9] VGC 2023 Regulation E\n|rated|\n|rule|Species Clause: Limit one of each Pok\u00e9mon\n|rule|Item Clause: Limit one of each item\n|clearpoke\n|poke|p1|Arcanine-Hisui, L50, M|\n|poke|p1|Urshifu-*, L50, M|\n|poke|p1|Chien-Pao, L50|\n|poke|p1|Gholdengo, L50|\n|poke|p1|Iron Hands, L50|\n|poke|p1|Amoonguss, L50, M|\n|poke|p2|Flutter Mane, L50|\n|poke|p2|Iron Hands, L50|\n|poke|p2|Landorus-Therian, L50, M|\n|poke|p2|Chi-Yu, L50|\n|poke|p2|Amoonguss, L50, F|\n|poke|p2|Chien-Pao, L50|\n|teampreview|4\n|inactive|Battle timer is ON: inactive players will automatically lose when time's up. (requested by LameLiarLeo)\n|inactive|iHunt has 60 seconds left.\n|\n|t:|1700357508\n|start\n|switch|p1a: Arcanine|Arcanine-Hisui, L50, M|100\/100\n|switch|p1b: Urshifu|Urshifu-Rapid-Strike, L50, M|100\/100\n|switch|p2a: One Puch Mon|Iron Hands, L50|100\/100\n|switch|p2b: Old King|Landorus-Therian, L50, M|100\/100\n|-ability|p2b: Old King|Intimidate|boost\n|-unboost|p1a: Arcanine|atk|1\n|-unboost|p1b: Urshifu|atk|1\n|-ability|p1a: Arcanine|Intimidate|boost\n|-unboost|p2a: One Puch Mon|atk|1\n|-unboost|p2b: Old King|atk|1\n|turn|1\n|inactive|iHunt has 30 seconds left.\n|inactive|LameLiarLeo has 30 seconds left.\n|\n|t:|1700357537\n|switch|p1b: Chien-Pao|Chien-Pao, L50|100\/100\n|-ability|p1b: Chien-Pao|Sword of Ruin\n|-terastallize|p1a: Arcanine|Fairy\n|move|p2a: One Puch Mon|Fake Out|p1b: Chien-Pao\n|-damage|p1b: Chien-Pao|86\/100\n|move|p2b: Old King|Stomping Tantrum|p1a: Arcanine\n|-damage|p1a: Arcanine|58\/100\n|move|p1a: Arcanine|Tera Blast|p2a: One Puch Mon|[anim] Tera Blast Fairy\n|-supereffective|p2a: One Puch Mon\n|-damage|p2a: One Puch Mon|21\/100\n|\n|upkeep\n|turn|2\n|inactive|LameLiarLeo has 30 seconds left.\n|\n|t:|1700357565\n|switch|p2b: Levi|Chi-Yu, L50|100\/100\n|-ability|p2b: Levi|Beads of Ruin\n|-end|p2a: One Puch Mon|Quark Drive|[silent]\n|switch|p2a: Urshi-Who|Amoonguss, L50, F|100\/100\n|move|p1b: Chien-Pao|Icicle Crash|p2b: Levi\n|-resisted|p2b: Levi\n|-damage|p2b: Levi|65\/100\n|move|p1a: Arcanine|Tera Blast|p2a: Urshi-Who|[anim] Tera Blast Fairy\n|-resisted|p2a: Urshi-Who\n|-damage|p2a: Urshi-Who|78\/100\n|\n|upkeep\n|turn|3\n|inactive|iHunt has 30 seconds left.\n|inactive|iHunt has 20 seconds left.\n|inactive|iHunt has 15 seconds left.\n|inactive|iHunt has 10 seconds left.\n|\n|t:|1700357612\n|-terastallize|p2a: Urshi-Who|Fire\n|move|p2a: Urshi-Who|Rage Powder|p2a: Urshi-Who\n|-singleturn|p2a: Urshi-Who|move: Rage Powder\n|move|p1b: Chien-Pao|Icicle Crash|p2a: Urshi-Who\n|-resisted|p2a: Urshi-Who\n|-damage|p2a: Urshi-Who|52\/100\n|move|p1a: Arcanine|Tera Blast|p2a: Urshi-Who|[anim] Tera Blast Fairy\n|-resisted|p2a: Urshi-Who\n|-damage|p2a: Urshi-Who|30\/100\n|-enditem|p2a: Urshi-Who|Sitrus Berry|[eat]\n|-heal|p2a: Urshi-Who|56\/100|[from] item: Sitrus Berry\n|move|p2b: Levi|Heat Wave|p1a: Arcanine|[spread] p1a,p1b\n|-supereffective|p1b: Chien-Pao\n|-damage|p1a: Arcanine|2\/100\n|-damage|p1b: Chien-Pao|0 fnt\n|faint|p1b: Chien-Pao\n|\n|upkeep\n|\n|t:|1700357629\n|switch|p1b: Urshifu|Urshifu-Rapid-Strike, L50, M|100\/100\n|turn|4\n|inactive|LameLiarLeo has 30 seconds left.\n|\n|t:|1700357656\n|move|p2a: Urshi-Who|Rage Powder|p2a: Urshi-Who\n|-singleturn|p2a: Urshi-Who|move: Rage Powder\n|move|p1b: Urshifu|Surging Strikes|p2a: Urshi-Who\n|-supereffective|p2a: Urshi-Who\n|-crit|p2a: Urshi-Who\n|-damage|p2a: Urshi-Who|20\/100\n|-supereffective|p2a: Urshi-Who\n|-crit|p2a: Urshi-Who\n|-damage|p2a: Urshi-Who|0 fnt\n|faint|p2a: Urshi-Who\n|-hitcount|p2: Urshi-Who|2\n|move|p1a: Arcanine|Tera Blast|p2b: Levi|[anim] Tera Blast Fairy\n|-damage|p2b: Levi|18\/100\n|move|p2b: Levi|Heat Wave|p1a: Arcanine|[spread] p1a,p1b\n|-resisted|p1b: Urshifu\n|-damage|p1a: Arcanine|0 fnt\n|-damage|p1b: Urshifu|67\/100\n|faint|p1a: Arcanine\n|\n|upkeep\n|\n|t:|1700357673\n|switch|p1a: Gholdengo|Gholdengo, L50|100\/100\n|switch|p2a: One Puch Mon|Iron Hands, L50|21\/100\n|turn|5\n|\n|t:|1700357694\n|move|p2a: One Puch Mon|Fake Out|p1b: Urshifu\n|-damage|p1b: Urshifu|53\/100\n|cant|p1b: Urshifu|flinch\n|move|p2b: Levi|Heat Wave|p1b: Urshifu|[spread] p1a,p1b\n|-supereffective|p1a: Gholdengo\n|-resisted|p1b: Urshifu\n|-damage|p1a: Gholdengo|8\/100\n|-damage|p1b: Urshifu|18\/100\n|-enditem|p1a: Gholdengo|Sitrus Berry|[eat]\n|-heal|p1a: Gholdengo|33\/100|[from] item: Sitrus Berry\n|move|p1a: Gholdengo|Make It Rain|p2a: One Puch Mon|[spread] p2a,p2b\n|-resisted|p2a: One Puch Mon\n|-resisted|p2b: Levi\n|-damage|p2a: One Puch Mon|4\/100\n|-damage|p2b: Levi|0 fnt\n|-unboost|p1a: Gholdengo|spa|1\n|faint|p2b: Levi\n|\n|upkeep\n|\n|t:|1700357706\n|switch|p2b: Old King|Landorus-Therian, L50, M|100\/100\n|-ability|p2b: Old King|Intimidate|boost\n|-unboost|p1a: Gholdengo|atk|1\n|-unboost|p1b: Urshifu|atk|1\n|turn|6\n|\n|t:|1700357721\n|move|p1b: Urshifu|Surging Strikes|p2b: Old King\n|-supereffective|p2b: Old King\n|-crit|p2b: Old King\n|-damage|p2b: Old King|56\/100\n|-supereffective|p2b: Old King\n|-crit|p2b: Old King\n|-damage|p2b: Old King|8\/100\n|-supereffective|p2b: Old King\n|-crit|p2b: Old King\n|-damage|p2b: Old King|0 fnt\n|faint|p2b: Old King\n|-hitcount|p2: Old King|3\n|move|p1a: Gholdengo|Shadow Ball|p2a: One Puch Mon\n|-damage|p2a: One Puch Mon|0 fnt\n|faint|p2a: One Puch Mon\n|-end|p2a: One Puch Mon|Quark Drive|[silent]\n|\n|win|iHunt\n|raw|iHunt's rating: 1493 &rarr; <strong>1514<\/strong><br \/>(+21 for winning)\n|raw|LameLiarLeo's rating: 1510 &rarr; <strong>1489<\/strong><br \/>(-21 for losing)\n","uploadtime":1700357757,"views":31,"p1id":"ihunt","p2id":"lameliarleo","formatid":"gen9vgc2023regulatione","rating":1489,"private":0,"password":""}