{"id":"gen9vgc2023regulatione-1993379792","p1":"JumpShujinkou","p2":"selen09055","format":"[Gen 9] VGC 2023 Regulation E","log":"|j|\u2606JumpShujinkou\n|j|\u2606selen09055\n|n|\u2606JumpShujinkou|jumpshujinkou\n|n|\u2606selen09055|selen09055\n|html|View the match progress at <a href=\"\/game-bestof3-gen9vgc2023regulatione-1993379791\">game-bestof3-gen9vgc2023regulatione-1993379791<\/a>\n|t:|1700309225\n|gametype|doubles\n|player|p1|JumpShujinkou|265|\n|player|p2|selen09055|twins|\n|teamsize|p1|6\n|teamsize|p2|6\n|gen|9\n|tier|[Gen 9] VGC 2023 Regulation E\n|rule|Species Clause: Limit one of each Pok\u00e9mon\n|rule|Item Clause: Limit one of each item\n|clearpoke\n|poke|p1|Gallade, L50, M|\n|poke|p1|Gardevoir, L50, M|\n|poke|p1|Indeedee-F, L50, F|\n|poke|p1|Armarouge, L50, M|\n|poke|p1|Arcanine, L50, F|\n|poke|p1|Gyarados, L50, M|\n|poke|p2|Annihilape, L50, M|\n|poke|p2|Oranguru, L50, M|\n|poke|p2|Torkoal, L50, M|\n|poke|p2|Dragonite, L50, M|\n|poke|p2|Maushold-Four, L50|\n|poke|p2|Ursaluna-Bloodmoon, L50, M|\n|teampreview|4\n|\n|t:|1700309265\n|start\n|switch|p1a: Him|Gallade, L50, M|100\/100\n|switch|p1b: \u30ef\u30f3\u30b3|Arcanine, L50, F|100\/100\n|switch|p2a: Oranguru|Oranguru, L50, M|100\/100\n|switch|p2b: Annihilape|Annihilape, L50, M|100\/100\n|-ability|p1b: \u30ef\u30f3\u30b3|Intimidate|boost\n|-fail|p2a: Oranguru|unboost|Attack|[from] ability: Inner Focus|[of] p2a: Oranguru\n|-unboost|p2b: Annihilape|atk|1\n|turn|1\n|\n|t:|1700309296\n|move|p2b: Annihilape|Final Gambit|p1a: Him\n|-damage|p1a: Him|0 fnt\n|faint|p2b: Annihilape\n|faint|p1a: Him\n|move|p1b: \u30ef\u30f3\u30b3|Will-O-Wisp|p2a: Oranguru\n|-status|p2a: Oranguru|brn\n|move|p2a: Oranguru|Yawn|p1b: \u30ef\u30f3\u30b3\n|-start|p1b: \u30ef\u30f3\u30b3|move: Yawn|[of] p2a: Oranguru\n|\n|-damage|p2a: Oranguru|94\/100 brn|[from] brn\n|upkeep\n|\n|t:|1700309310\n|switch|p2b: Maushold|Maushold-Four, L50|100\/100\n|switch|p1a: Indeedee|Indeedee-F, L50, F|100\/100\n|-fieldstart|move: Psychic Terrain|[from] ability: Psychic Surge|[of] p1a: Indeedee\n|turn|2\n|\n|t:|1700309351\n|switch|p2b: Ursaluna|Ursaluna-Bloodmoon, L50, M|100\/100\n|switch|p1b: Gardevoir|Gardevoir, L50, M|100\/100\n|-ability|p1b: Gardevoir|Mind's Eye|[from] ability: Trace|[of] p2b: Ursaluna\n|move|p1a: Indeedee|Fake Out|p2b: Ursaluna\n|-activate|p2b: Ursaluna|move: Psychic Terrain\n|move|p2a: Oranguru|Yawn|p1a: Indeedee\n|-start|p1a: Indeedee|move: Yawn|[of] p2a: Oranguru\n|\n|-damage|p2a: Oranguru|88\/100 brn|[from] brn\n|upkeep\n|turn|3\n|\n|t:|1700309384\n|switch|p1a: \u30ef\u30f3\u30b3|Arcanine, L50, F|100\/100\n|-ability|p1a: \u30ef\u30f3\u30b3|Intimidate|boost\n|-fail|p2a: Oranguru|unboost|Attack|[from] ability: Inner Focus|[of] p2a: Oranguru\n|-unboost|p2b: Ursaluna|atk|1\n|move|p1b: Gardevoir|Future Sight|p2b: Ursaluna\n|-start|p1b: Gardevoir|move: Future Sight\n|move|p2a: Oranguru|Yawn|p1b: Gardevoir\n|-start|p1b: Gardevoir|move: Yawn|[of] p2a: Oranguru\n|move|p2b: Ursaluna|Blood Moon|p1a: \u30ef\u30f3\u30b3\n|-damage|p1a: \u30ef\u30f3\u30b3|0 fnt\n|faint|p1a: \u30ef\u30f3\u30b3\n|\n|-damage|p2a: Oranguru|82\/100 brn|[from] brn\n|upkeep\n|\n|t:|1700309401\n|switch|p1a: Indeedee|Indeedee-F, L50, F|100\/100\n|turn|4\n|\n|t:|1700309417\n|-terastallize|p1b: Gardevoir|Fairy\n|move|p1a: Indeedee|Protect|p1a: Indeedee\n|-singleturn|p1a: Indeedee|Protect\n|move|p1b: Gardevoir|Dazzling Gleam|p2b: Ursaluna|[spread] p2a,p2b\n|-damage|p2a: Oranguru|35\/100 brn\n|-damage|p2b: Ursaluna|33\/100\n|-damage|p1b: Gardevoir|91\/100|[from] item: Life Orb\n|move|p2a: Oranguru|Yawn|p1a: Indeedee\n|-activate|p1a: Indeedee|move: Protect\n|move|p2b: Ursaluna|Hyper Voice|p1a: Indeedee|[spread] p1b\n|-activate|p1a: Indeedee|move: Protect\n|-damage|p1b: Gardevoir|39\/100\n|\n|-damage|p2a: Oranguru|28\/100 brn|[from] brn\n|-end|p1b: Gardevoir|move: Yawn|[silent]\n|-status|p1b: Gardevoir|slp\n|upkeep\n|turn|5\n|\n|t:|1700309455\n|move|p1a: Indeedee|Protect|p1a: Indeedee\n|-singleturn|p1a: Indeedee|Protect\n|cant|p1b: Gardevoir|slp\n|move|p2a: Oranguru|Instruct|p2b: Ursaluna\n|-singleturn|p2b: Ursaluna|move: Instruct|[of] p2a: Oranguru\n|move|p2b: Ursaluna|Hyper Voice|p1a: Indeedee|[spread] p1b\n|-activate|p1a: Indeedee|move: Protect\n|-damage|p1b: Gardevoir|0 fnt\n|faint|p1b: Gardevoir\n|move|p2b: Ursaluna|Hyper Voice|p1a: Indeedee\n|-activate|p1a: Indeedee|move: Protect\n|\n|-end|p2b: Ursaluna|move: Future Sight\n|-damage|p2b: Ursaluna|0 fnt\n|faint|p2b: Ursaluna\n|-damage|p2a: Oranguru|22\/100 brn|[from] brn\n|upkeep\n|\n|t:|1700309478\n|switch|p2b: Maushold|Maushold-Four, L50|100\/100\n|turn|6\n|\n|t:|1700309493\n|move|p1a: Indeedee|Fake Out||[still]\n|-hint|Fake Out only works on your first turn out.\n|-fail|p1a: Indeedee\n|move|p2b: Maushold|Population Bomb|p1a: Indeedee\n|-damage|p1a: Indeedee|81\/100\n|-damage|p1a: Indeedee|61\/100\n|-damage|p1a: Indeedee|40\/100\n|-damage|p1a: Indeedee|22\/100\n|-damage|p1a: Indeedee|1\/100\n|-damage|p1a: Indeedee|0 fnt\n|faint|p1a: Indeedee\n|-hitcount|p1: Indeedee|6\n|\n|win|selen09055\n|inactive|JumpShujinkou has 50 seconds to confirm battle start!\n|inactive|selen09055 has 50 seconds to confirm battle start!\n|l|\u2606JumpShujinkou\n","uploadtime":1700309511,"views":7,"p1id":"jumpshujinkou","p2id":"selen09055","formatid":"gen9vgc2023regulatione","rating":0,"private":0,"password":""}