{"id":"gen9vgc2023regulatione-1995807261","p1":"Jbenn","p2":"mythikz","format":"[Gen 9] VGC 2023 Regulation E","log":"|j|\u2606Jbenn\n|j|\u2606mythikz\n|n|\u2606Jbenn|jbenn\n|n|\u2606mythikz|mythikz\n|html|View the match progress at <a href=\"\/game-bestof3-gen9vgc2023regulatione-1995799326\">game-bestof3-gen9vgc2023regulatione-1995799326<\/a>\n|t:|1700605066\n|gametype|doubles\n|player|p1|Jbenn|266|\n|player|p2|mythikz|n|\n|teamsize|p1|6\n|teamsize|p2|6\n|gen|9\n|tier|[Gen 9] VGC 2023 Regulation E\n|rated|Tournament battle\n|rule|Species Clause: Limit one of each Pok\u00e9mon\n|rule|Item Clause: Limit one of each item\n|clearpoke\n|poke|p1|Thundurus, L50, M|\n|poke|p1|Farigiraf, L50, M|\n|poke|p1|Torkoal, L50, M|\n|poke|p1|Kingambit, L50, M|\n|poke|p1|Flutter Mane, L50|\n|poke|p1|Landorus-Therian, L50, M|\n|poke|p2|Baxcalibur, L50, F|\n|poke|p2|Ogerpon, L50, F|\n|poke|p2|Iron Hands, L50|\n|poke|p2|Ninetales-Alola, L50, F|\n|poke|p2|Gyarados, L50, F|\n|poke|p2|Heatran, L50, F|\n|teampreview|4\n|showteam|p1|Thundurus||ExpertBelt|Prankster|Protect,Thunderbolt,ElectricTerrain,RainDance|||M|||50|,,,,,Water]Farigiraf||SitrusBerry|ArmorTail|TrickRoom,Psychic,DazzlingGleam,NastyPlot|||M|||50|,,,,,Fairy]Torkoal||EjectPack|Drought|Protect,Overheat,EarthPower,HelpingHand|||M|||50|,,,,,Flying]Kingambit||AssaultVest|Defiant|LowKick,Assurance,SuckerPunch,TeraBlast|||M|||50|,,,,,Fire]Flutter Mane||BoosterEnergy|Protosynthesis|Protect,Moonblast,DazzlingGleam,ShadowBall||||||50|,,,,,Fairy]Landorus-Therian||ChoiceScarf|Intimidate|RockSlide,Earthquake,StompingTantrum,Uturn|||M|||50|,,,,,Fire\n|showteam|p2|Baxcalibur||LoadedDice|ThermalExchange|Protect,ScaleShot,SwordsDance,IcicleSpear|||F|||50|,,,,,Water]Ogerpon||LifeOrb|Defiant|SpikyShield,Uturn,StompingTantrum,IvyCudgel|||F|||50|,,,,,Grass]Iron Hands||AssaultVest|QuarkDrive|FakeOut,HeavySlam,DrainPunch,WildCharge||||||50|,,,,,Grass]Ninetales-Alola||LightClay|SnowWarning|AuroraVeil,Protect,Moonblast,FreezeDry|||F|||50|,,,,,Water]Gyarados||SitrusBerry|Intimidate|Protect,TeraBlast,Taunt,Waterfall|||F|||50|,,,,,Ground]Heatran||Leftovers|FlashFire|LavaPlume,Protect,FlashCannon,MagmaStorm|||F|||50|,,,,,Fairy\n|j| StonerSomeone\n|j| Lawrence_lmao\n|\n|t:|1700605141\n|start\n|switch|p1a: Kingambit|Kingambit, L50, M|100\/100\n|switch|p1b: Flutter Mane|Flutter Mane, L50|100\/100\n|switch|p2a: Iron Hands|Iron Hands, L50|100\/100\n|switch|p2b: Baxcalibur|Baxcalibur, L50, F|100\/100\n|-enditem|p1b: Flutter Mane|Booster Energy\n|-activate|p1b: Flutter Mane|ability: Protosynthesis|[fromitem]\n|-start|p1b: Flutter Mane|protosynthesisspa\n|turn|1\n|\n|t:|1700605193\n|switch|p1a: Landorus|Landorus-Therian, L50, M|100\/100\n|-ability|p1a: Landorus|Intimidate|boost\n|-unboost|p2a: Iron Hands|atk|1\n|-unboost|p2b: Baxcalibur|atk|1\n|move|p1b: Flutter Mane|Protect|p1b: Flutter Mane\n|-singleturn|p1b: Flutter Mane|Protect\n|move|p2b: Baxcalibur|Swords Dance|p2b: Baxcalibur\n|-boost|p2b: Baxcalibur|atk|2\n|move|p2a: Iron Hands|Drain Punch|p1a: Landorus\n|-resisted|p1a: Landorus\n|-damage|p1a: Landorus|85\/100\n|\n|upkeep\n|turn|2\n|\n|t:|1700605221\n|move|p2b: Baxcalibur|Protect|p2b: Baxcalibur\n|-singleturn|p2b: Baxcalibur|Protect\n|move|p1a: Landorus|U-turn|p2a: Iron Hands\n|-resisted|p2a: Iron Hands\n|-damage|p2a: Iron Hands|91\/100\n|\n|t:|1700605233\n|switch|p1a: Torkoal|Torkoal, L50, M|100\/100|[from] U-turn\n|-weather|SunnyDay|[from] ability: Drought|[of] p1a: Torkoal\n|move|p1b: Flutter Mane|Moonblast|p2a: Iron Hands\n|-supereffective|p2a: Iron Hands\n|-damage|p2a: Iron Hands|19\/100\n|move|p2a: Iron Hands|Heavy Slam|p1b: Flutter Mane\n|-supereffective|p1b: Flutter Mane\n|-damage|p1b: Flutter Mane|1\/100\n|\n|-weather|SunnyDay|[upkeep]\n|upkeep\n|turn|3\n|c|\u2606mythikz|what are the ev's on your flutter\n|c|\u2606Jbenn|top secret\n|c|\u2606mythikz|clearly\n|c|\u2606Jbenn|lol\n|c|\u2606Jbenn|its. a roll ill tell u that\n|c|\u2606Jbenn|you got unlucky\n|\n|t:|1700605316\n|-terastallize|p1b: Flutter Mane|Fairy\n|-terastallize|p2b: Baxcalibur|Water\n|move|p1a: Torkoal|Helping Hand|p1b: Flutter Mane\n|-singleturn|p1b: Flutter Mane|Helping Hand|[of] p1a: Torkoal\n|move|p1b: Flutter Mane|Dazzling Gleam|p2a: Iron Hands|[spread] p2a,p2b\n|-supereffective|p2a: Iron Hands\n|-crit|p2b: Baxcalibur\n|-damage|p2a: Iron Hands|0 fnt\n|-damage|p2b: Baxcalibur|0 fnt\n|faint|p2a: Iron Hands\n|-end|p2a: Iron Hands|Quark Drive|[silent]\n|faint|p2b: Baxcalibur\n|\n|-weather|SunnyDay|[upkeep]\n|upkeep\n|c| Lawrence_lmao|chonky flutter\n|c|\u2606Jbenn|:\/\n|\n|t:|1700605327\n|switch|p2b: Ogerpon|Ogerpon, L50, F|100\/100\n|switch|p2a: Heatran|Heatran, L50, F|100\/100\n|turn|4\n|c|\u2606Jbenn|sry\n|\n|t:|1700605341\n|move|p2b: Ogerpon|Spiky Shield|p2b: Ogerpon\n|-singleturn|p2b: Ogerpon|move: Protect\n|move|p1b: Flutter Mane|Protect|p1b: Flutter Mane\n|-singleturn|p1b: Flutter Mane|Protect\n|move|p1a: Torkoal|Protect|p1a: Torkoal\n|-singleturn|p1a: Torkoal|Protect\n|move|p2a: Heatran|Lava Plume|p1b: Flutter Mane|[spread] \n|-activate|p2b: Ogerpon|move: Protect\n|-activate|p1a: Torkoal|move: Protect\n|-activate|p1b: Flutter Mane|move: Protect\n|\n|-weather|SunnyDay|[upkeep]\n|upkeep\n|turn|5\n|c|\u2606mythikz|that's crazy\n|\n|t:|1700605365\n|move|p2b: Ogerpon|Ivy Cudgel|p1b: Flutter Mane\n|-damage|p1b: Flutter Mane|0 fnt\n|faint|p1b: Flutter Mane\n|-end|p1b: Flutter Mane|Protosynthesis|[silent]\n|-damage|p2b: Ogerpon|91\/100|[from] item: Life Orb\n|move|p2a: Heatran|Magma Storm|p1a: Torkoal\n|-resisted|p1a: Torkoal\n|-damage|p1a: Torkoal|48\/100\n|-activate|p1a: Torkoal|move: Magma Storm|[of] p2a: Heatran\n|move|p1a: Torkoal|Overheat|p2b: Ogerpon\n|-supereffective|p2b: Ogerpon\n|-crit|p2b: Ogerpon\n|-damage|p2b: Ogerpon|0 fnt\n|-unboost|p1a: Torkoal|spa|2\n|-enditem|p1a: Torkoal|Eject Pack\n|faint|p2b: Ogerpon\n|\n|t:|1700605380\n|switch|p1a: Landorus|Landorus-Therian, L50, M|85\/100\n|-ability|p1a: Landorus|Intimidate|boost\n|-unboost|p2a: Heatran|atk|1\n|\n|-weather|SunnyDay|[upkeep]\n|upkeep\n|\n|t:|1700605390\n|switch|p1b: Torkoal|Torkoal, L50, M|48\/100\n|turn|6\n|c|\u2606Jbenn|gg\n|c|\u2606mythikz|ggwp\n|\n|t:|1700605411\n|move|p1b: Torkoal|Helping Hand|p1a: Landorus\n|-singleturn|p1a: Landorus|Helping Hand|[of] p1b: Torkoal\n|move|p1a: Landorus|Stomping Tantrum|p2a: Heatran\n|-supereffective|p2a: Heatran\n|-damage|p2a: Heatran|0 fnt\n|faint|p2a: Heatran\n|\n|win|Jbenn\n|c|\u2606Jbenn|I played gm 3 v well nothing to hang ur head abt\n|c|\u2606Jbenn|<3\n","uploadtime":1700605428,"views":0,"p1id":"jbenn","p2id":"mythikz","formatid":"gen9vgc2023regulatione","rating":0,"private":0,"password":""}