{"id":"gen9vgc2023regulatione-1990256366","p1":"icantstall","p2":"qz231114","format":"[Gen 9] VGC 2023 Regulation E","log":"|j|\u2606icantstall\n|j|\u2606qz231114\n|t:|1699945709\n|gametype|doubles\n|player|p1|icantstall|cynthia-masters|1095\n|player|p2|qz231114|102|1110\n|teamsize|p1|6\n|teamsize|p2|6\n|gen|9\n|tier|[Gen 9] VGC 2023 Regulation E\n|rated|\n|rule|Species Clause: Limit one of each Pok\u00e9mon\n|rule|Item Clause: Limit one of each item\n|clearpoke\n|poke|p1|Ting-Lu, L50|\n|poke|p1|Tornadus, L50, M|\n|poke|p1|Iron Hands, L50|\n|poke|p1|Chi-Yu, L50|\n|poke|p1|Arcanine-Hisui, L50, M|\n|poke|p1|Farigiraf, L50, F|\n|poke|p2|Tornadus, L50, M|\n|poke|p2|Volcarona, L50, F|\n|poke|p2|Basculegion, L50, M|\n|poke|p2|Ludicolo, L50, F|\n|poke|p2|Scizor, L50, M|\n|poke|p2|Flutter Mane, L50|\n|teampreview|4\n|inactive|Battle timer is ON: inactive players will automatically lose when time's up. (requested by icantstall)\nqz231114 rejected open team sheets.\n|\n|t:|1699945739\n|start\n|switch|p1a: Tornadus|Tornadus, L50, M|100\/100\n|switch|p1b: Iron Hands|Iron Hands, L50|100\/100\n|switch|p2a: Tornadus|Tornadus, L50, M|100\/100\n|switch|p2b: Basculegion|Basculegion, L50, M|100\/100\n|turn|1\n|inactive|qz231114 has 30 seconds left.\n|\n|t:|1699945767\n|move|p1b: Iron Hands|Fake Out|p2a: Tornadus\n|-damage|p2a: Tornadus|78\/100\n|move|p1a: Tornadus|Taunt|p2a: Tornadus\n|-start|p2a: Tornadus|move: Taunt\n|cant|p2a: Tornadus|flinch\n|move|p2b: Basculegion|Wave Crash|p1b: Iron Hands\n|-damage|p1b: Iron Hands|40\/100\n|-enditem|p1b: Iron Hands|Sitrus Berry|[eat]\n|-heal|p1b: Iron Hands|65\/100|[from] item: Sitrus Berry\n|-damage|p2b: Basculegion|74\/100|[from] Recoil\n|\n|upkeep\n|turn|2\n|inactive|icantstall has 30 seconds left.\n|\n|t:|1699945793\n|-terastallize|p1b: Iron Hands|Water\n|move|p1a: Tornadus|Tailwind|p1a: Tornadus\n|-sidestart|p1: icantstall|move: Tailwind\n|move|p1b: Iron Hands|Wild Charge|p2b: Basculegion\n|-supereffective|p2b: Basculegion\n|-damage|p2b: Basculegion|0 fnt\n|faint|p2b: Basculegion\n|-damage|p1b: Iron Hands|51\/100|[from] Recoil\n|move|p2a: Tornadus|Bleakwind Storm|p1b: Iron Hands|[spread] p1a,p1b\n|-damage|p1a: Tornadus|50\/100\n|-damage|p1b: Iron Hands|14\/100\n|\n|upkeep\n|\n|t:|1699945802\n|switch|p2b: Volcarona|Volcarona, L50, F|100\/100\n|turn|3\n|\n|t:|1699945810\n|switch|p2a: Flutter Mane|Flutter Mane, L50|100\/100\n|-terastallize|p2b: Volcarona|Water\n|move|p1a: Tornadus|Bleakwind Storm|p2b: Volcarona|[spread] p2a\n|-miss|p1a: Tornadus|p2b: Volcarona\n|-damage|p2a: Flutter Mane|57\/100\n|-unboost|p2a: Flutter Mane|spe|1\n|move|p1b: Iron Hands|Wild Charge|p2a: Flutter Mane\n|-damage|p2a: Flutter Mane|0 fnt\n|faint|p2a: Flutter Mane\n|-end|p2a: Flutter Mane|Protosynthesis|[silent]\n|-damage|p1b: Iron Hands|7\/100|[from] Recoil\n|move|p2b: Volcarona|Quiver Dance|p2b: Volcarona\n|-boost|p2b: Volcarona|spa|1\n|-boost|p2b: Volcarona|spd|1\n|-boost|p2b: Volcarona|spe|1\n|\n|upkeep\n|inactive|qz231114 has 30 seconds left.\n|\n|t:|1699945838\n|switch|p2a: Tornadus|Tornadus, L50, M|78\/100\n|turn|4\n|\n|t:|1699945854\n|-end|p1b: Iron Hands|Quark Drive|[silent]\n|switch|p1b: Chi-Yu|Chi-Yu, L50|100\/100\n|-ability|p1b: Chi-Yu|Beads of Ruin\n|move|p1a: Tornadus|Taunt|p2a: Tornadus\n|-start|p2a: Tornadus|move: Taunt\n|move|p2b: Volcarona|Tera Blast|p1a: Tornadus|[anim] Tera Blast Water\n|-damage|p1a: Tornadus|0 fnt\n|faint|p1a: Tornadus\n|move|p2a: Tornadus|Bleakwind Storm|p1b: Chi-Yu\n|-damage|p1b: Chi-Yu|38\/100\n|\n|upkeep\n|\n|t:|1699945868\n|switch|p1a: Iron Hands|Iron Hands, L50, tera:Water|7\/100\n|turn|5\n|inactive|qz231114 has 30 seconds left.\n|inactive|qz231114 has 20 seconds left.\n|inactive|qz231114 has 15 seconds left.\n|inactive|qz231114 has 10 seconds left.\n|inactive|qz231114 has 5 seconds left.\n|\n|t:|1699945923\n|move|p1a: Iron Hands|Fake Out|p2b: Volcarona\n|-damage|p2b: Volcarona|86\/100\n|-damage|p1a: Iron Hands|0 fnt|[from] item: Rocky Helmet|[of] p2b: Volcarona\n|faint|p1a: Iron Hands\n|-end|p1a: Iron Hands|Quark Drive|[silent]\n|move|p1b: Chi-Yu|Snarl|p2b: Volcarona|[spread] p2a,p2b\n|-damage|p2a: Tornadus|44\/100\n|-damage|p2b: Volcarona|68\/100\n|-unboost|p2a: Tornadus|spa|1\n|-unboost|p2b: Volcarona|spa|1\n|cant|p2b: Volcarona|flinch\n|move|p2a: Tornadus|Bleakwind Storm|p1b: Chi-Yu\n|-damage|p1b: Chi-Yu|0 fnt\n|faint|p1b: Chi-Yu\n|\n|-sideend|p1: icantstall|move: Tailwind\n|upkeep\n|\n|t:|1699945938\n|switch|p1b: Arcanine|Arcanine-Hisui, L50, M|100\/100\n|-ability|p1b: Arcanine|Intimidate|boost\n|-unboost|p2a: Tornadus|atk|1\n|-unboost|p2b: Volcarona|atk|1\n|turn|6\n|inactive|qz231114 has 30 seconds left.\n|\n|t:|1699945970\n|move|p2b: Volcarona|Tera Blast|p1b: Arcanine|[anim] Tera Blast Water\n|-supereffective|p1b: Arcanine\n|-damage|p1b: Arcanine|0 fnt\n|faint|p1b: Arcanine\n|\n|win|qz231114\n|raw|icantstall's rating: 1095 &rarr; <strong>1072<\/strong><br \/>(-23 for losing)\n|raw|qz231114's rating: 1110 &rarr; <strong>1134<\/strong><br \/>(+24 for winning)\n","uploadtime":1699945974,"views":12,"p1id":"icantstall","p2id":"qz231114","formatid":"gen9vgc2023regulatione","rating":1072,"private":0,"password":""}