{"id":"gen9vgc2023regulatione-1998895519","p1":"hop on the way","p2":"gf\u8fd8\u6211\u514b\u96f720\u79cd\u65cf","format":"[Gen 9] VGC 2023 Regulation E","log":"|j|\u2606hop on the way\n|j|\u203dgf\u8fd8\u6211\u514b\u96f720\u79cd\u65cf\n|t:|1701009956\n|gametype|doubles\n|player|p1|hop on the way|pokemaniac|\n|player|p2|gf\u8fd8\u6211\u514b\u96f720\u79cd\u65cf|roxie|\n|teamsize|p1|6\n|teamsize|p2|6\n|gen|9\n|tier|[Gen 9] VGC 2023 Regulation E\n|rule|Species Clause: Limit one of each Pok\u00e9mon\n|rule|Item Clause: Limit one of each item\n|clearpoke\n|poke|p1|Iron Bundle, L50|\n|poke|p1|Ninetales-Alola, L50, M|\n|poke|p1|Lycanroc-Dusk, L50, M|\n|poke|p1|Dragonite, L50, F|\n|poke|p1|Golem-Alola, L50, M|\n|poke|p1|Trevenant, L50, M|\n|poke|p2|Dondozo, L50, M|\n|poke|p2|Tatsugiri, L50, F|\n|poke|p2|Flutter Mane, L50|\n|poke|p2|Chien-Pao, L50|\n|poke|p2|Ogerpon-Cornerstone, L50, F|\n|poke|p2|Lycanroc-Dusk, L50, F|\n|teampreview|4\n|\n|t:|1701009982\n|start\n|switch|p1a: \u77f3\u5934\u5c0f\u53ef\u7231|Golem-Alola, L50, M, shiny|100\/100\n|switch|p1b: Trevenant|Trevenant, L50, M|100\/100\n|switch|p2a: Dondozo|Dondozo, L50, M, shiny|100\/100\n|switch|p2b: Flutter Mane|Flutter Mane, L50|100\/100\n|-item|p2a: Dondozo|Leftovers|[from] ability: Frisk|[of] p1b: Trevenant|[identify]\n|-item|p2b: Flutter Mane|Choice Specs|[from] ability: Frisk|[of] p1b: Trevenant|[identify]\n|turn|1\n|\n|t:|1701010053\n|-end|p2b: Flutter Mane|Protosynthesis|[silent]\n|switch|p2b: Tatsugiri|Tatsugiri, L50, F, shiny|100\/100\n|-activate|p2b: Tatsugiri|ability: Commander|[of] p2a: Dondozo\n|-boost|p2a: Dondozo|atk|2\n|-boost|p2a: Dondozo|spa|2\n|-boost|p2a: Dondozo|spe|2\n|-boost|p2a: Dondozo|def|2\n|-boost|p2a: Dondozo|spd|2\n|-terastallize|p2a: Dondozo|Dragon\n|move|p2a: Dondozo|Order Up|p1b: Trevenant\n|-damage|p1b: Trevenant|11\/100\n|-boost|p2a: Dondozo|atk|1\n|move|p1b: Trevenant|Knock Off|p2b: Tatsugiri|[miss]\n|-miss|p1b: Trevenant|p2b: Tatsugiri\n|move|p1a: \u77f3\u5934\u5c0f\u53ef\u7231|Body Slam|p2a: Dondozo\n|-resisted|p2a: Dondozo\n|-damage|p2a: Dondozo|92\/100\n|\n|-heal|p2a: Dondozo|98\/100|[from] item: Leftovers\n|-heal|p1b: Trevenant|18\/100|[from] item: Leftovers\n|upkeep\n|turn|2\n|\n|t:|1701010086\n|move|p1b: Trevenant|Protect|p1b: Trevenant\n|-singleturn|p1b: Trevenant|Protect\n|move|p2a: Dondozo|Earthquake|p1b: Trevenant|[spread] p1a\n|-miss|p2a: Dondozo|p2b: Tatsugiri\n|-activate|p1b: Trevenant|move: Protect\n|-supereffective|p1a: \u77f3\u5934\u5c0f\u53ef\u7231\n|-damage|p1a: \u77f3\u5934\u5c0f\u53ef\u7231|0 fnt\n|faint|p1a: \u77f3\u5934\u5c0f\u53ef\u7231\n|\n|-heal|p2a: Dondozo|100\/100|[from] item: Leftovers\n|-heal|p1b: Trevenant|24\/100|[from] item: Leftovers\n|upkeep\n|\n|t:|1701010097\n|switch|p1a: \u7d2b\u8272\u5c0f\u53ef\u7231|Ninetales-Alola, L50, M, shiny|100\/100\n|-weather|Snow|[from] ability: Snow Warning|[of] p1a: \u7d2b\u8272\u5c0f\u53ef\u7231\n|turn|3\n|\n|t:|1701010109\n|move|p1a: \u7d2b\u8272\u5c0f\u53ef\u7231|Moonblast|p2a: Dondozo\n|-supereffective|p2a: Dondozo\n|-damage|p2a: Dondozo|70\/100\n|-unboost|p2a: Dondozo|spa|1\n|move|p2a: Dondozo|Order Up|p1b: Trevenant\n|-damage|p1b: Trevenant|0 fnt\n|faint|p1b: Trevenant\n|-boost|p2a: Dondozo|atk|1\n|\n|-weather|Snow|[upkeep]\n|-heal|p2a: Dondozo|77\/100|[from] item: Leftovers\n|upkeep\n|\n|t:|1701010119\n|switch|p1b: \u767d\u8272\u5c0f\u53ef\u7231|Iron Bundle, L50, shiny|100\/100\n|turn|4\n|\n|t:|1701010156\n|move|p1b: \u767d\u8272\u5c0f\u53ef\u7231|Blizzard|p2b: Tatsugiri|[spread] p2a\n|-miss|p1b: \u767d\u8272\u5c0f\u53ef\u7231|p2b: Tatsugiri\n|-supereffective|p2a: Dondozo\n|-damage|p2a: Dondozo|29\/100\n|move|p1a: \u7d2b\u8272\u5c0f\u53ef\u7231|Blizzard|p2b: Tatsugiri|[spread] p2a\n|-miss|p1a: \u7d2b\u8272\u5c0f\u53ef\u7231|p2b: Tatsugiri\n|-supereffective|p2a: Dondozo\n|-damage|p2a: Dondozo|7\/100\n|move|p2a: Dondozo|Wave Crash|p1a: \u7d2b\u8272\u5c0f\u53ef\u7231\n|-damage|p1a: \u7d2b\u8272\u5c0f\u53ef\u7231|0 fnt\n|faint|p1a: \u7d2b\u8272\u5c0f\u53ef\u7231\n|-damage|p2a: Dondozo|0 fnt|[from] Recoil\n|faint|p2a: Dondozo\n|\n|-weather|Snow|[upkeep]\n|upkeep\n|\n|t:|1701010165\n|switch|p2a: Flutter Mane|Flutter Mane, L50|100\/100\n|turn|5\n|\n|t:|1701010183\n|move|p2b: Tatsugiri|Icy Wind|p1b: \u767d\u8272\u5c0f\u53ef\u7231\n|-resisted|p1b: \u767d\u8272\u5c0f\u53ef\u7231\n|-damage|p1b: \u767d\u8272\u5c0f\u53ef\u7231|91\/100\n|-unboost|p1b: \u767d\u8272\u5c0f\u53ef\u7231|spe|1\n|move|p2a: Flutter Mane|Moonblast|p1b: \u767d\u8272\u5c0f\u53ef\u7231\n|-damage|p1b: \u767d\u8272\u5c0f\u53ef\u7231|0 fnt\n|faint|p1b: \u767d\u8272\u5c0f\u53ef\u7231\n|-end|p1b: \u767d\u8272\u5c0f\u53ef\u7231|Quark Drive|[silent]\n|\n|win|gf\u8fd8\u6211\u514b\u96f720\u79cd\u65cf\n|l|\u203dgf\u8fd8\u6211\u514b\u96f720\u79cd\u65cf\n|l|\u2606hop on the way\n|j|\u203dgf\u8fd8\u6211\u514b\u96f720\u79cd\u65cf\n|player|p2|gf\u8fd8\u6211\u514b\u96f720\u79cd\u65cf|roxie\n","uploadtime":1701010213,"views":3,"p1id":"hopontheway","p2id":"gf20","formatid":"gen9vgc2023regulatione","rating":0,"private":0,"password":""}