{"id":"gen9vgc2023regulatione-1992341601","p1":"Jack the Jill","p2":"BlueJayX2","format":"[Gen 9] VGC 2023 Regulation E","log":"|j|\u2606Jack the Jill\n|j|\u2606BlueJayX2\n|t:|1700176571\n|gametype|doubles\n|player|p1|Jack the Jill|harlequin|1047\n|player|p2|BlueJayX2|marley|1047\n|teamsize|p1|6\n|teamsize|p2|6\n|gen|9\n|tier|[Gen 9] VGC 2023 Regulation E\n|rated|\n|rule|Species Clause: Limit one of each Pok\u00e9mon\n|rule|Item Clause: Limit one of each item\n|clearpoke\n|poke|p1|Gastrodon, L50, M|\n|poke|p1|Cramorant, L50, F|\n|poke|p1|Pelipper, L50, F|\n|poke|p1|Illumise, L50, F|\n|poke|p1|Ludicolo, L50, F|\n|poke|p1|Poliwrath, L50, F|\n|poke|p2|Sylveon, L50, F|\n|poke|p2|Grimmsnarl, L50, M|\n|poke|p2|Volbeat, L50, M|\n|poke|p2|Tauros-Paldea-Aqua, L50, M|\n|poke|p2|Ariados, L50, F|\n|poke|p2|Dudunsparce-*, L50, M|\n|teampreview|4\n|inactive|Battle timer is ON: inactive players will automatically lose when time's up. (requested by BlueJayX2)\n|\n|t:|1700176590\n|start\n|switch|p1a: Illumise|Illumise, L50, F|100\/100\n|switch|p1b: Poliwrath|Poliwrath, L50, F|100\/100\n|switch|p2a: Sylveon|Sylveon, L50, F, shiny|100\/100\n|switch|p2b: Volbeat|Volbeat, L50, M|100\/100\n|turn|1\n|\n|t:|1700176609\n|-terastallize|p1b: Poliwrath|Rock\n|move|p2b: Volbeat|Tailwind|p2b: Volbeat\n|-sidestart|p2: BlueJayX2|move: Tailwind\n|move|p1a: Illumise|Rain Dance|p1a: Illumise\n|-weather|RainDance\n|move|p2a: Sylveon|Hyper Voice|p1a: Illumise|[spread] p1a,p1b\n|-damage|p1a: Illumise|67\/100\n|-damage|p1b: Poliwrath|49\/100\n|-enditem|p1b: Poliwrath|Sitrus Berry|[eat]\n|-heal|p1b: Poliwrath|74\/100|[from] item: Sitrus Berry\n|-enditem|p2a: Sylveon|Throat Spray\n|-boost|p2a: Sylveon|spa|1|[from] item: Throat Spray\n|move|p1b: Poliwrath|Belly Drum|p1b: Poliwrath\n|-damage|p1b: Poliwrath|24\/100\n|-setboost|p1b: Poliwrath|atk|6|[from] move: Belly Drum\n|\n|-weather|RainDance|[upkeep]\n|upkeep\n|turn|2\n|\n|t:|1700176632\n|move|p2b: Volbeat|Thunder Wave|p1b: Poliwrath\n|-status|p1b: Poliwrath|par\n|move|p1a: Illumise|Tailwind|p1a: Illumise\n|-sidestart|p1: Jack the Jill|move: Tailwind\n|move|p2a: Sylveon|Hyper Voice|p1a: Illumise|[spread] p1a,p1b\n|-damage|p1a: Illumise|19\/100\n|-damage|p1b: Poliwrath|0 fnt\n|faint|p1b: Poliwrath\n|\n|-weather|RainDance|[upkeep]\n|upkeep\n|\n|t:|1700176641\n|switch|p1b: Gastrodon|Gastrodon, L50, M|100\/100\n|turn|3\n|\n|t:|1700176653\n|move|p2b: Volbeat|Helping Hand|p2a: Sylveon\n|-singleturn|p2a: Sylveon|Helping Hand|[of] p2b: Volbeat\n|move|p1a: Illumise|Thunder Wave|p2a: Sylveon\n|-status|p2a: Sylveon|par\n|move|p1b: Gastrodon|Recover||[still]\n|-fail|p1b: Gastrodon|heal\n|move|p2a: Sylveon|Hyper Voice|p1a: Illumise|[spread] p1a,p1b\n|-damage|p1a: Illumise|0 fnt\n|-damage|p1b: Gastrodon|17\/100\n|faint|p1a: Illumise\n|\n|-weather|RainDance|[upkeep]\n|-heal|p1b: Gastrodon|23\/100|[from] item: Leftovers\n|upkeep\n|\n|t:|1700176661\n|switch|p1a: Cramorant|Cramorant, L50, F|100\/100\n|turn|4\n|\n|t:|1700176676\n|move|p2b: Volbeat|Thunder Wave|p1a: Cramorant|[miss]\n|-miss|p2b: Volbeat|p1a: Cramorant\n|move|p1a: Cramorant|Surf|p2a: Sylveon|[spread] p2a,p2b\n|-ability|p1b: Gastrodon|Storm Drain|boost\n|-boost|p1b: Gastrodon|spa|1\n|-formechange|p1a: Cramorant|Cramorant-Gulping|\n|-damage|p2a: Sylveon|49\/100 par\n|-damage|p2b: Volbeat|51\/100\n|move|p1b: Gastrodon|Recover|p1b: Gastrodon\n|-heal|p1b: Gastrodon|73\/100\n|move|p2a: Sylveon|Hyper Voice|p1b: Gastrodon|[spread] p1a,p1b\n|-damage|p1a: Cramorant|24\/100\n|-damage|p1b: Gastrodon|17\/100\n|-damage|p2a: Sylveon|25\/100 par|[from] ability: Gulp Missile|[of] p1a: Cramorant\n|-unboost|p2a: Sylveon|def|1\n|-formechange|p1a: Cramorant|Cramorant|\n|\n|-weather|RainDance|[upkeep]\n|-heal|p1b: Gastrodon|23\/100|[from] item: Leftovers\n|-sideend|p2: BlueJayX2|move: Tailwind\n|upkeep\n|turn|5\n|inactive|BlueJayX2 has 30 seconds left.\n|inactive|BlueJayX2 has 20 seconds left.\n|\n|t:|1700176715\n|move|p2b: Volbeat|Encore|p2a: Sylveon\n|-start|p2a: Sylveon|Encore\n|move|p2a: Sylveon|Hyper Voice|p1a: Cramorant|[spread] p1a,p1b\n|-damage|p1a: Cramorant|0 fnt\n|-damage|p1b: Gastrodon|0 fnt\n|faint|p1a: Cramorant\n|faint|p1b: Gastrodon\n|\n|win|BlueJayX2\n|raw|Jack the Jill's rating: 1047 &rarr; <strong>1030<\/strong><br \/>(-17 for losing)\n|raw|BlueJayX2's rating: 1047 &rarr; <strong>1080<\/strong><br \/>(+33 for winning)\n|l|\u2606Jack the Jill\n|c|\u2606BlueJayX2|Gg\n","uploadtime":1700176743,"views":34,"p1id":"jackthejill","p2id":"bluejayx2","formatid":"gen9vgc2023regulatione","rating":1030,"private":0,"password":""}