{"id":"gen9vgc2023regulatione-1988554973","p1":"adanzio","p2":"project g1","format":"[Gen 9] VGC 2023 Regulation E","log":"|j|\u2606adanzio\n|j|\u2606project g1\n|t:|1699735578\n|gametype|doubles\n|player|p1|adanzio|1|1134\n|player|p2|project g1|backersf|1120\n|teamsize|p1|6\n|teamsize|p2|6\n|gen|9\n|tier|[Gen 9] VGC 2023 Regulation E\n|rated|\n|rule|Species Clause: Limit one of each Pok\u00e9mon\n|rule|Item Clause: Limit one of each item\n|clearpoke\n|poke|p1|Torkoal, L50, M|\n|poke|p1|Cresselia, L50, F|\n|poke|p1|Ursaluna, L50, M|\n|poke|p1|Iron Hands, L50|\n|poke|p1|Sinistcha, L50|\n|poke|p1|Hatterene, L50, F|\n|poke|p2|Flutter Mane, L50|\n|poke|p2|Farigiraf, L50, F|\n|poke|p2|Torkoal, L50, F|\n|poke|p2|Sunflora, L50, M|\n|poke|p2|Ambipom, L50, M|\n|poke|p2|Arboliva, L50, F|\n|teampreview|4\n|\n|t:|1699735618\n|start\n|switch|p1a: Hatterene|Hatterene, L50, F, shiny|100\/100\n|switch|p1b: Iron Hands|Iron Hands, L50, shiny|100\/100\n|switch|p2a: Farigiraf|Farigiraf, L50, F|100\/100\n|switch|p2b: Ambipom|Ambipom, L50, M|100\/100\n|turn|1\n|inactive|Battle timer is ON: inactive players will automatically lose when time's up. (requested by adanzio)\n|inactive|project g1 has 60 seconds left.\n|\n|t:|1699735655\n|move|p2b: Ambipom|Fake Out|p1a: Hatterene\n|-enditem|p2b: Ambipom|Normal Gem|[from] gem\n|-damage|p1a: Hatterene|77\/100\n|move|p1b: Iron Hands|Drain Punch|p2b: Ambipom\n|-supereffective|p2b: Ambipom\n|-damage|p2b: Ambipom|0 fnt\n|faint|p2b: Ambipom\n|cant|p1a: Hatterene|flinch\n|move|p2a: Farigiraf|Hyper Voice|p1b: Iron Hands|[spread] p1a,p1b\n|-damage|p1a: Hatterene|51\/100\n|-damage|p1b: Iron Hands|83\/100\n|\n|upkeep\n|\n|t:|1699735667\n|switch|p2b: Torkoal|Torkoal, L50, F|100\/100\n|-weather|SunnyDay|[from] ability: Drought|[of] p2b: Torkoal\n|turn|2\n|inactive|project g1 has 30 seconds left.\n|\n|t:|1699735697\n|switch|p2b: Sunflora|Sunflora, L50, M|100\/100\n|move|p1b: Iron Hands|Volt Switch|p2a: Farigiraf\n|-damage|p2a: Farigiraf|89\/100\n|\n|t:|1699735703\n|-end|p1b: Iron Hands|Quark Drive|[silent]\n|switch|p1b: Cresselia|Cresselia, L50, F, shiny|100\/100|[from] Volt Switch\n|move|p1a: Hatterene|Trick|p2b: Sunflora\n|-activate|p1a: Hatterene|move: Trick|[of] p2b: Sunflora\n|-item|p2b: Sunflora|Choice Scarf|[from] move: Trick\n|-item|p1a: Hatterene|Life Orb|[from] move: Trick\n|move|p2a: Farigiraf|Dazzling Gleam|p1a: Hatterene|[spread] p1a,p1b\n|-damage|p1a: Hatterene|35\/100\n|-damage|p1b: Cresselia|93\/100\n|\n|-weather|SunnyDay|[upkeep]\n|-damage|p2b: Sunflora|88\/100|[from] ability: Solar Power|[of] p2b: Sunflora\n|-heal|p2a: Farigiraf|96\/100|[from] item: Leftovers\n|upkeep\n|turn|3\n|\n|t:|1699735725\n|-terastallize|p2b: Sunflora|Fire\n|move|p2b: Sunflora|Tera Blast|p1a: Hatterene|[anim] Tera Blast Fire\n|-damage|p1a: Hatterene|0 fnt\n|faint|p1a: Hatterene\n|move|p1b: Cresselia|Trick Room|p1b: Cresselia\n|-fieldstart|move: Trick Room|[of] p1b: Cresselia\n|move|p2a: Farigiraf|Trick Room|p2a: Farigiraf\n|-fieldend|move: Trick Room\n|\n|-weather|SunnyDay|[upkeep]\n|-damage|p2b: Sunflora|76\/100|[from] ability: Solar Power|[of] p2b: Sunflora\n|-heal|p2a: Farigiraf|100\/100|[from] item: Leftovers\n|upkeep\n|\n|t:|1699735735\n|switch|p1a: Iron Hands|Iron Hands, L50, shiny|83\/100\n|turn|4\n|\n|t:|1699735749\n|move|p1a: Iron Hands|Fake Out||[still]\n|cant|p2a: Farigiraf|ability: Armor Tail|Fake Out|[of] p1a: Iron Hands\n|move|p1b: Cresselia|Ice Beam|p2a: Farigiraf\n|-damage|p2a: Farigiraf|88\/100\n|move|p2a: Farigiraf|Dazzling Gleam|p1a: Iron Hands|[spread] p1a,p1b\n|-supereffective|p1a: Iron Hands\n|-damage|p1a: Iron Hands|63\/100\n|-damage|p1b: Cresselia|85\/100\n|move|p2b: Sunflora|Tera Blast|p1a: Iron Hands|[anim] Tera Blast Fire\n|-damage|p1a: Iron Hands|7\/100\n|\n|-weather|SunnyDay|[upkeep]\n|-damage|p2b: Sunflora|64\/100|[from] ability: Solar Power|[of] p2b: Sunflora\n|-heal|p2a: Farigiraf|94\/100|[from] item: Leftovers\n|upkeep\n|turn|5\n|\n|t:|1699735766\n|move|p1a: Iron Hands|Volt Switch|p2b: Sunflora\n|-damage|p2b: Sunflora|49\/100\n|\n|t:|1699735771\n|-end|p1a: Iron Hands|Quark Drive|[silent]\n|switch|p1a: Ursaluna|Ursaluna, L50, M, shiny|100\/100|[from] Volt Switch\n|move|p2a: Farigiraf|Dazzling Gleam|p1a: Ursaluna|[spread] p1a,p1b\n|-damage|p1a: Ursaluna|87\/100\n|-damage|p1b: Cresselia|78\/100\n|move|p2b: Sunflora|Tera Blast|p1b: Cresselia|[anim] Tera Blast Fire\n|-damage|p1b: Cresselia|27\/100\n|move|p1b: Cresselia|Trick Room|p1b: Cresselia\n|-fieldstart|move: Trick Room|[of] p1b: Cresselia\n|\n|-weather|SunnyDay|[upkeep]\n|-damage|p2b: Sunflora|37\/100|[from] ability: Solar Power|[of] p2b: Sunflora\n|-heal|p2a: Farigiraf|100\/100|[from] item: Leftovers\n|-status|p1a: Ursaluna|brn|[from] item: Flame Orb\n|upkeep\n|turn|6\n|\n|t:|1699735794\n|-terastallize|p1a: Ursaluna|Ghost\n|move|p2a: Farigiraf|Helping Hand|p2b: Sunflora\n|-singleturn|p2b: Sunflora|Helping Hand|[of] p2a: Farigiraf\n|move|p2b: Sunflora|Tera Blast|p1a: Ursaluna|[anim] Tera Blast Fire\n|-damage|p1a: Ursaluna|0 fnt\n|faint|p1a: Ursaluna\n|move|p1b: Cresselia|Lunar Blessing|p1b: Cresselia\n|-heal|p1b: Cresselia|51\/100\n|\n|-weather|none\n|upkeep\n|\n|t:|1699735814\n|switch|p1a: Iron Hands|Iron Hands, L50, shiny|7\/100\n|turn|7\n|\n|t:|1699735828\n|switch|p2b: Torkoal|Torkoal, L50, F|100\/100\n|-weather|SunnyDay|[from] ability: Drought|[of] p2b: Torkoal\n|move|p2a: Farigiraf|Dazzling Gleam|p1a: Iron Hands|[spread] p1a,p1b\n|-supereffective|p1a: Iron Hands\n|-damage|p1a: Iron Hands|0 fnt\n|-damage|p1b: Cresselia|44\/100\n|faint|p1a: Iron Hands\n|-end|p1a: Iron Hands|Quark Drive|[silent]\n|move|p1b: Cresselia|Ice Beam|p2b: Torkoal\n|-resisted|p2b: Torkoal\n|-damage|p2b: Torkoal|90\/100\n|\n|-weather|SunnyDay|[upkeep]\n|upkeep\n|turn|8\n|inactive|adanzio has 30 seconds left.\n|inactive|adanzio has 20 seconds left.\n|inactive|adanzio has 15 seconds left.\n|c|\u2606adanzio|why my ursaluna didnt hit first ?\n|inactive|adanzio has 10 seconds left.\n|inactiveoff|Battle timer is now OFF.\n|c|\u2606project g1|sunflora check its speed\n|c|\u2606project g1|its way slow\n|c|\u2606project g1|even with scarf it was only 46\n|c|\u2606project g1|outspeeding min speed ursaluna in TR\n|c|\u2606adanzio|ursaluna its 55\n|c|\u2606project g1|right adn we were in trick room\n|c|\u2606project g1|which reverses turn order from speed checks\n|c|\u2606adanzio|and choice scarf\n|c|\u2606project g1|it was 46 AFTER scarf\n|-message|adanzio forfeited.\n|\n|win|project g1\n|raw|adanzio's rating: 1134 &rarr; <strong>1108<\/strong><br \/>(-26 for losing)\n|raw|project g1's rating: 1120 &rarr; <strong>1146<\/strong><br \/>(+26 for winning)\n|l|\u2606adanzio\n|c|\u2606project g1|before scarf it was 31\n","uploadtime":1699735952,"views":28,"p1id":"adanzio","p2id":"projectg1","formatid":"gen9vgc2023regulatione","rating":1108,"private":0,"password":""}