{"id":"gen9vgc2023regulatione-1999897847","p1":"Fernanch","p2":"TheblackGotenks","format":"[Gen 9] VGC 2023 Regulation E","log":"|j|\u2606Fernanch\n|j|\u2606TheblackGotenks\n|n|\u2606Fernanch|fernanch\n|n|\u2606TheblackGotenks|theblackgotenks\n|html|View the match progress at <a href=\"\/game-bestof3-gen9vgc2023regulatione-1999896393\">game-bestof3-gen9vgc2023regulatione-1999896393<\/a>\n|t:|1701127642\n|gametype|doubles\n|player|p1|Fernanch|waiter-gen4dp|\n|player|p2|TheblackGotenks|ghetsis-gen5bw|\n|teamsize|p1|6\n|teamsize|p2|6\n|gen|9\n|tier|[Gen 9] VGC 2023 Regulation E\n|rule|Species Clause: Limit one of each Pok\u00e9mon\n|rule|Item Clause: Limit one of each item\n|clearpoke\n|poke|p1|Flutter Mane, L50|\n|poke|p1|Amoonguss, L50, M|\n|poke|p1|Chi-Yu, L50|\n|poke|p1|Slaking, L50, M|\n|poke|p1|Golduck, L50, M|\n|poke|p1|Pawmot, L50, F|\n|poke|p2|Tornadus, L50, M|\n|poke|p2|Ogerpon-Hearthflame, L50, F|\n|poke|p2|Foongus, L50, M|\n|poke|p2|Salamence, L50, M|\n|poke|p2|Palafin, L50, M|\n|poke|p2|Kingambit, L50, F|\n|teampreview|4\n|\n|t:|1701127664\n|start\n|switch|p1a: Chi-Yu|Chi-Yu, L50|100\/100\n|switch|p1b: Flutter Mane|Flutter Mane, L50|100\/100\n|switch|p2a: Tornadus|Tornadus, L50, M|100\/100\n|switch|p2b: Ogerpon|Ogerpon-Hearthflame, L50, F|100\/100\n|-ability|p2b: Ogerpon|Mold Breaker\n|-ability|p1a: Chi-Yu|Beads of Ruin\n|turn|1\n|c|\u2606Fernanch|Glhf\n|c|\u2606TheblackGotenks|This is a terrifying lead you have lmao\n|\n|t:|1701127742\n|move|p1b: Flutter Mane|Protect|p1b: Flutter Mane\n|-singleturn|p1b: Flutter Mane|Protect\n|move|p2a: Tornadus|Tailwind|p2a: Tornadus\n|-sidestart|p2: TheblackGotenks|move: Tailwind\n|move|p2b: Ogerpon|Ivy Cudgel|p1b: Flutter Mane|[anim] Ivy Cudgel Fire\n|-activate|p1b: Flutter Mane|move: Protect\n|move|p1a: Chi-Yu|Heat Wave|p2a: Tornadus|[spread] p2a\n|-miss|p1a: Chi-Yu|p2b: Ogerpon\n|-damage|p2a: Tornadus|42\/100\n|\n|upkeep\n|turn|2\n|\n|t:|1701127766\n|-end|p1b: Flutter Mane|Protosynthesis|[silent]\n|switch|p1b: Pawmot|Pawmot, L50, F|100\/100\n|-terastallize|p2b: Ogerpon|Fire\n|detailschange|p2b: Ogerpon|Ogerpon-Hearthflame-Tera, L50, F, tera:Fire\n|-ability|p2b: Ogerpon|Embody Aspect (Hearthflame)|boost\n|-boost|p2b: Ogerpon|atk|1\n|move|p2a: Tornadus|Bleakwind Storm|p1a: Chi-Yu|[spread] p1b\n|-miss|p2a: Tornadus|p1a: Chi-Yu\n|-damage|p1b: Pawmot|6\/100\n|-unboost|p1b: Pawmot|spe|1\n|move|p2b: Ogerpon|Ivy Cudgel|p1b: Pawmot|[anim] Ivy Cudgel Fire\n|-damage|p1b: Pawmot|0 fnt\n|faint|p1b: Pawmot\n|move|p1a: Chi-Yu|Heat Wave|p2b: Ogerpon|[spread] p2a,p2b\n|-resisted|p2b: Ogerpon\n|-damage|p2a: Tornadus|0 fnt\n|-damage|p2b: Ogerpon|75\/100\n|faint|p2a: Tornadus\n|\n|upkeep\n|\n|t:|1701127793\n|switch|p2a: Kingambit|Kingambit, L50, F|100\/100\n|switch|p1b: Amoonguss|Amoonguss, L50, M|100\/100\n|turn|3\n|\n|t:|1701127809\n|-terastallize|p1b: Amoonguss|Water\n|move|p2a: Kingambit|Protect|p2a: Kingambit\n|-singleturn|p2a: Kingambit|Protect\n|move|p1b: Amoonguss|Rage Powder|p1b: Amoonguss\n|-singleturn|p1b: Amoonguss|move: Rage Powder\n|move|p2b: Ogerpon|Ivy Cudgel|p1b: Amoonguss|[anim] Ivy Cudgel Fire\n|-resisted|p1b: Amoonguss\n|-damage|p1b: Amoonguss|58\/100\n|move|p1a: Chi-Yu|Will-O-Wisp|p2a: Kingambit\n|-activate|p2a: Kingambit|move: Protect\n|\n|upkeep\n|turn|4\n|\n|t:|1701127827\n|switch|p2a: Foongus|Foongus, L50, M|100\/100\n|move|p2b: Ogerpon|Horn Leech|p1b: Amoonguss\n|-supereffective|p1b: Amoonguss\n|-damage|p1b: Amoonguss|0 fnt\n|-heal|p2b: Ogerpon|100\/100|[from] drain|[of] p1b: Amoonguss\n|faint|p1b: Amoonguss\n|move|p1a: Chi-Yu|Heat Wave|p2a: Foongus|[spread] p2a,p2b\n|-supereffective|p2a: Foongus\n|-resisted|p2b: Ogerpon\n|-damage|p2a: Foongus|7\/100\n|-damage|p2b: Ogerpon|75\/100\n|\n|-sideend|p2: TheblackGotenks|move: Tailwind\n|upkeep\n|\n|t:|1701127834\n|switch|p1b: Flutter Mane|Flutter Mane, L50|100\/100\n|turn|5\n|\n|t:|1701127850\n|move|p2b: Ogerpon|Spiky Shield|p2b: Ogerpon\n|-singleturn|p2b: Ogerpon|move: Protect\n|move|p2a: Foongus|Protect|p2a: Foongus\n|-singleturn|p2a: Foongus|Protect\n|move|p1b: Flutter Mane|Shadow Ball|p2b: Ogerpon\n|-activate|p2b: Ogerpon|move: Protect\n|move|p1a: Chi-Yu|Heat Wave|p2b: Ogerpon|[spread] \n|-activate|p2a: Foongus|move: Protect\n|-activate|p2b: Ogerpon|move: Protect\n|\n|upkeep\n|turn|6\n|\n|t:|1701127880\n|move|p2a: Foongus|Rage Powder|p2a: Foongus\n|-singleturn|p2a: Foongus|move: Rage Powder\n|move|p1b: Flutter Mane|Shadow Ball|p2a: Foongus\n|-damage|p2a: Foongus|0 fnt\n|faint|p2a: Foongus\n|move|p2b: Ogerpon|Ivy Cudgel|p1a: Chi-Yu|[anim] Ivy Cudgel Fire\n|-resisted|p1a: Chi-Yu\n|-damage|p1a: Chi-Yu|25\/100\n|move|p1a: Chi-Yu|Heat Wave|p2b: Ogerpon\n|-resisted|p2b: Ogerpon\n|-damage|p2b: Ogerpon|43\/100\n|\n|upkeep\n|\n|t:|1701127891\n|switch|p2a: Kingambit|Kingambit, L50, F|100\/100\n|turn|7\n|\n|t:|1701127911\n|move|p1a: Chi-Yu|Protect|p1a: Chi-Yu\n|-singleturn|p1a: Chi-Yu|Protect\n|move|p2a: Kingambit|Sucker Punch|p1b: Flutter Mane\n|-enditem|p1b: Flutter Mane|Focus Sash\n|-damage|p1b: Flutter Mane|1\/100\n|move|p1b: Flutter Mane|Shadow Ball|p2b: Ogerpon\n|-damage|p2b: Ogerpon|0 fnt\n|faint|p2b: Ogerpon\n|\n|upkeep\n|turn|8\n|\n|t:|1701127929\n|move|p1b: Flutter Mane|Protect|p1b: Flutter Mane\n|-singleturn|p1b: Flutter Mane|Protect\n|move|p2a: Kingambit|Protect|p2a: Kingambit\n|-singleturn|p2a: Kingambit|Protect\n|move|p1a: Chi-Yu|Heat Wave|p2a: Kingambit\n|-activate|p2a: Kingambit|move: Protect\n|\n|upkeep\n|turn|9\n|\n|t:|1701127942\n|move|p1b: Flutter Mane|Protect|p1b: Flutter Mane\n|-singleturn|p1b: Flutter Mane|Protect\n|move|p1a: Chi-Yu|Protect|p1a: Chi-Yu\n|-singleturn|p1a: Chi-Yu|Protect\n|move|p2a: Kingambit|Sucker Punch||[still]\n|-fail|p2a: Kingambit\n|\n|upkeep\n|turn|10\n|\n|t:|1701127964\n|move|p1b: Flutter Mane|Protect||[still]\n|-fail|p1b: Flutter Mane\n|move|p2a: Kingambit|Sucker Punch||[still]\n|-fail|p2a: Kingambit\n|move|p1a: Chi-Yu|Will-O-Wisp|p2a: Kingambit\n|-status|p2a: Kingambit|brn\n|\n|-damage|p2a: Kingambit|95\/100 brn|[from] brn\n|upkeep\n|turn|11\n|\n|t:|1701127977\n|move|p1b: Flutter Mane|Protect|p1b: Flutter Mane\n|-singleturn|p1b: Flutter Mane|Protect\n|move|p1a: Chi-Yu|Protect|p1a: Chi-Yu\n|-singleturn|p1a: Chi-Yu|Protect\n|move|p2a: Kingambit|Sucker Punch||[still]\n|-fail|p2a: Kingambit\n|\n|-damage|p2a: Kingambit|89\/100 brn|[from] brn\n|upkeep\n|turn|12\n|\n|t:|1701127985\n|move|p2a: Kingambit|Protect|p2a: Kingambit\n|-singleturn|p2a: Kingambit|Protect\n|move|p1b: Flutter Mane|Dazzling Gleam|p2a: Kingambit\n|-activate|p2a: Kingambit|move: Protect\n|move|p1a: Chi-Yu|Heat Wave|p2a: Kingambit\n|-activate|p2a: Kingambit|move: Protect\n|\n|-damage|p2a: Kingambit|83\/100 brn|[from] brn\n|upkeep\n|turn|13\n|c|\u2606Fernanch|This is terrifying\n|\n|t:|1701128013\n|move|p1b: Flutter Mane|Protect|p1b: Flutter Mane\n|-singleturn|p1b: Flutter Mane|Protect\n|move|p1a: Chi-Yu|Protect|p1a: Chi-Yu\n|-singleturn|p1a: Chi-Yu|Protect\n|move|p2a: Kingambit|Swords Dance|p2a: Kingambit\n|-boost|p2a: Kingambit|atk|2\n|\n|-damage|p2a: Kingambit|77\/100 brn|[from] brn\n|upkeep\n|turn|14\n|\n|t:|1701128024\n|move|p1a: Chi-Yu|Protect||[still]\n|-fail|p1a: Chi-Yu\n|move|p2a: Kingambit|Sucker Punch||[still]\n|-fail|p2a: Kingambit\n|move|p1b: Flutter Mane|Dazzling Gleam|p2a: Kingambit\n|-damage|p2a: Kingambit|25\/100 brn\n|\n|-damage|p2a: Kingambit|19\/100 brn|[from] brn\n|upkeep\n|turn|15\n|\n|t:|1701128038\n|move|p2a: Kingambit|Sucker Punch|p1a: Chi-Yu\n|-resisted|p1a: Chi-Yu\n|-damage|p1a: Chi-Yu|0 fnt\n|faint|p1a: Chi-Yu\n|move|p1b: Flutter Mane|Dazzling Gleam|p2a: Kingambit\n|-damage|p2a: Kingambit|0 fnt\n|faint|p2a: Kingambit\n|\n|win|Fernanch\n|c|\u2606Fernanch|ggs\n|c|&|\/uhtml prompt-theblackgotenks,TheblackGotenks is ready for game 3!\n|c|&|\/uhtml prompt-fernanch,Fernanch is ready for game 3!\nBoth players are ready! Starting next match!\n|l|\u2606TheblackGotenks\n|l|\u2606Fernanch\n|j|\u2606Fernanch\n|player|p1|Fernanch|waiter-gen4dp\n","uploadtime":1701128548,"views":3,"p1id":"fernanch","p2id":"theblackgotenks","formatid":"gen9vgc2023regulatione","rating":0,"private":0,"password":""}