{"id":"gen9vgc2023regulatione-1999231375","p1":"haamgamer07","p2":"WinSomeLoseNone","format":"[Gen 9] VGC 2023 Regulation E","log":"|j|\u2606haamgamer07\n|j|\u2606WinSomeLoseNone\n|t:|1701048444\n|gametype|doubles\n|player|p1|haamgamer07|170|1334\n|player|p2|WinSomeLoseNone|swimmer-gen4dp|1312\n|teamsize|p1|6\n|teamsize|p2|6\n|gen|9\n|tier|[Gen 9] VGC 2023 Regulation E\n|rated|\n|rule|Species Clause: Limit one of each Pok\u00e9mon\n|rule|Item Clause: Limit one of each item\n|clearpoke\n|poke|p1|Flutter Mane, L50|\n|poke|p1|Iron Hands, L50|\n|poke|p1|Ogerpon-Hearthflame, L50, F|\n|poke|p1|Cresselia, L50, F|\n|poke|p1|Ursaluna, L50, M|\n|poke|p1|Empoleon, L50, F|\n|poke|p2|Slaking, L50, F|\n|poke|p2|Dondozo, L50, M|\n|poke|p2|Tatsugiri, L50, M|\n|poke|p2|Chi-Yu, L50|\n|poke|p2|Weezing, L50, M|\n|poke|p2|Regieleki, L50|\n|teampreview|4\n|inactive|Battle timer is ON: inactive players will automatically lose when time's up. (requested by WinSomeLoseNone)\n|inactive|haamgamer07 has 60 seconds left.\n|inactive|haamgamer07 has 30 seconds left.\nWinSomeLoseNone rejected open team sheets.\n|inactive|haamgamer07 has 20 seconds left.\n|\n|t:|1701048516\n|start\n|switch|p1a: Flutter Mane|Flutter Mane, L50|100\/100\n|switch|p1b: Iron Hands|Iron Hands, L50|100\/100\n|switch|p2a: Regieleki|Regieleki, L50|100\/100\n|switch|p2b: Pee-yu|Chi-Yu, L50|100\/100\n|-ability|p2b: Pee-yu|Beads of Ruin\n|turn|1\n|inactive|haamgamer07 has 30 seconds left.\n|inactive|haamgamer07 has 20 seconds left.\n|inactive|haamgamer07 has 15 seconds left.\n|\n|t:|1701048557\n|switch|p2a: Nigiri|Tatsugiri, L50, M|100\/100\n|switch|p2b: Dumdodo|Dondozo, L50, M|100\/100\n|-activate|p2a: Nigiri|ability: Commander|[of] p2b: Dumdodo\n|-boost|p2b: Dumdodo|atk|2\n|-boost|p2b: Dumdodo|spa|2\n|-boost|p2b: Dumdodo|spe|2\n|-boost|p2b: Dumdodo|def|2\n|-boost|p2b: Dumdodo|spd|2\n|move|p1b: Iron Hands|Fake Out|p2a: Nigiri|[miss]\n|-miss|p1b: Iron Hands|p2a: Nigiri\n|move|p1a: Flutter Mane|Trick Room|p1a: Flutter Mane\n|-fieldstart|move: Trick Room|[of] p1a: Flutter Mane\n|\n|upkeep\n|turn|2\n|\n|t:|1701048581\n|move|p2b: Dumdodo|Protect|p2b: Dumdodo\n|-singleturn|p2b: Dumdodo|Protect\n|move|p1b: Iron Hands|Swords Dance|p1b: Iron Hands\n|-boost|p1b: Iron Hands|atk|2\n|move|p1a: Flutter Mane|Shadow Ball|p2b: Dumdodo\n|-activate|p2b: Dumdodo|move: Protect\n|\n|upkeep\n|turn|3\n|\n|t:|1701048601\n|move|p1b: Iron Hands|Wild Charge|p2b: Dumdodo\n|-supereffective|p2b: Dumdodo\n|-damage|p2b: Dumdodo|67\/100\n|-enditem|p2b: Dumdodo|Weakness Policy\n|-boost|p2b: Dumdodo|atk|2|[from] item: Weakness Policy\n|-boost|p2b: Dumdodo|spa|2|[from] item: Weakness Policy\n|-damage|p1b: Iron Hands|92\/100|[from] Recoil\n|move|p2b: Dumdodo|Earthquake|p1a: Flutter Mane|[spread] p1a,p1b\n|-miss|p2b: Dumdodo|p2a: Nigiri\n|-supereffective|p1b: Iron Hands\n|-enditem|p1a: Flutter Mane|Focus Sash\n|-damage|p1a: Flutter Mane|1\/100\n|-damage|p1b: Iron Hands|19\/100\n|-enditem|p1b: Iron Hands|Sitrus Berry|[eat]\n|-heal|p1b: Iron Hands|44\/100|[from] item: Sitrus Berry\n|move|p1a: Flutter Mane|Shadow Ball|p2b: Dumdodo\n|-damage|p2b: Dumdodo|47\/100\n|\n|upkeep\n|turn|4\n|inactive|haamgamer07 has 30 seconds left.\n|inactive|haamgamer07 has 20 seconds left.\n|\n|t:|1701048638\n|-end|p1a: Flutter Mane|Protosynthesis|[silent]\n|switch|p1a: Cresselia|Cresselia, L50, F|100\/100\n|move|p2b: Dumdodo|Protect|p2b: Dumdodo\n|-singleturn|p2b: Dumdodo|Protect\n|move|p1b: Iron Hands|Wild Charge|p2b: Dumdodo\n|-activate|p2b: Dumdodo|move: Protect\n|\n|upkeep\n|turn|5\n|\n|t:|1701048650\n|-terastallize|p2b: Dumdodo|Fire\n|move|p1b: Iron Hands|Drain Punch|p2b: Dumdodo\n|-damage|p2b: Dumdodo|34\/100\n|-heal|p1b: Iron Hands|51\/100|[from] drain|[of] p2b: Dumdodo\n|move|p2b: Dumdodo|Surf|p1a: Cresselia|[spread] p1a,p1b\n|-miss|p2b: Dumdodo|p2a: Nigiri\n|-damage|p1a: Cresselia|64\/100\n|-damage|p1b: Iron Hands|0 fnt\n|faint|p1b: Iron Hands\n|-end|p1b: Iron Hands|Quark Drive|[silent]\n|move|p1a: Cresselia|Lunar Blessing|p1a: Cresselia\n|-heal|p1a: Cresselia|89\/100\n|\n|-fieldend|move: Trick Room\n|upkeep\n|\n|t:|1701048671\n|switch|p1b: Flutter Mane|Flutter Mane, L50|1\/100\n|turn|6\n|\n|t:|1701048686\n|move|p1b: Flutter Mane|Shadow Ball|p2b: Dumdodo\n|-damage|p2b: Dumdodo|14\/100\n|move|p2b: Dumdodo|Earthquake|p1a: Cresselia|[spread] p1b\n|-miss|p2b: Dumdodo|p2a: Nigiri\n|-immune|p1a: Cresselia|[from] ability: Levitate\n|-damage|p1b: Flutter Mane|0 fnt\n|faint|p1b: Flutter Mane\n|-end|p1b: Flutter Mane|Protosynthesis|[silent]\n|move|p1a: Cresselia|Trick Room|p1a: Cresselia\n|-fieldstart|move: Trick Room|[of] p1a: Cresselia\n|\n|upkeep\n|\n|t:|1701048698\n|switch|p1b: Ursaluna|Ursaluna, L50, M|100\/100\n|turn|7\n|\n|t:|1701048705\n|move|p1b: Ursaluna|Protect|p1b: Ursaluna\n|-singleturn|p1b: Ursaluna|Protect\n|move|p2b: Dumdodo|Protect|p2b: Dumdodo\n|-singleturn|p2b: Dumdodo|Protect\n|move|p1a: Cresselia|Psychic|p2b: Dumdodo\n|-activate|p2b: Dumdodo|move: Protect\n|\n|-status|p1b: Ursaluna|brn|[from] item: Flame Orb\n|upkeep\n|turn|8\n|\n|t:|1701048724\n|move|p1b: Ursaluna|Facade|p2b: Dumdodo\n|-damage|p2b: Dumdodo|0 fnt\n|faint|p2b: Dumdodo\n|move|p1a: Cresselia|Psychic|p2a: Nigiri\n|-damage|p2a: Nigiri|65\/100\n|\n|-damage|p1b: Ursaluna|95\/100 brn|[from] brn\n|upkeep\n|\n|t:|1701048730\n|switch|p2b: Pee-yu|Chi-Yu, L50|100\/100\n|-ability|p2b: Pee-yu|Beads of Ruin\n|turn|9\n|\n|t:|1701048742\n|move|p2b: Pee-yu|Protect|p2b: Pee-yu\n|-singleturn|p2b: Pee-yu|Protect\n|move|p1b: Ursaluna|Earthquake|p2a: Nigiri|[spread] p2a\n|-activate|p2b: Pee-yu|move: Protect\n|-immune|p1a: Cresselia|[from] ability: Levitate\n|-damage|p2a: Nigiri|0 fnt\n|faint|p2a: Nigiri\n|move|p1a: Cresselia|Psychic|p2b: Pee-yu\n|-activate|p2b: Pee-yu|move: Protect\n|\n|-damage|p1b: Ursaluna|89\/100 brn|[from] brn\n|upkeep\n|\n|t:|1701048750\n|switch|p2a: Regieleki|Regieleki, L50|100\/100\n|turn|10\n|\n|t:|1701048768\n|-terastallize|p1b: Ursaluna|Ghost\n|move|p1b: Ursaluna|Earthquake|p2a: Regieleki|[spread] p2a,p2b\n|-immune|p1a: Cresselia|[from] ability: Levitate\n|-supereffective|p2a: Regieleki\n|-supereffective|p2b: Pee-yu\n|-damage|p2a: Regieleki|0 fnt\n|-damage|p2b: Pee-yu|0 fnt\n|faint|p2a: Regieleki\n|faint|p2b: Pee-yu\n|\n|win|haamgamer07\n|raw|haamgamer07's rating: 1334 &rarr; <strong>1353<\/strong><br \/>(+19 for winning)\n|raw|WinSomeLoseNone's rating: 1312 &rarr; <strong>1293<\/strong><br \/>(-19 for losing)\n|l|\u2606WinSomeLoseNone\n","uploadtime":1701048893,"views":2,"p1id":"haamgamer07","p2id":"winsomelosenone","formatid":"gen9vgc2023regulatione","rating":1293,"private":0,"password":""}