{"id":"gen9vgc2023regulatione-1990898824","p1":"Vicelelelele","p2":"testing122023G","format":"[Gen 9] VGC 2023 Regulation E","log":"|j|\u2606Vicelelelele\n|j|\u2606testing122023G\n|t:|1700012824\n|gametype|doubles\n|player|p1|Vicelelelele|dawn|1686\n|player|p2|testing122023G|2|1621\n|teamsize|p1|6\n|teamsize|p2|6\n|gen|9\n|tier|[Gen 9] VGC 2023 Regulation E\n|rated|\n|rule|Species Clause: Limit one of each Pok\u00e9mon\n|rule|Item Clause: Limit one of each item\n|clearpoke\n|poke|p1|Volcarona, L50, F|\n|poke|p1|Ogerpon-Wellspring, L50, F|\n|poke|p1|Iron Hands, L50|\n|poke|p1|Landorus-Therian, L50, M|\n|poke|p1|Grimmsnarl, L50, M|\n|poke|p1|Flutter Mane, L50|\n|poke|p2|Ninetales, L50, F|\n|poke|p2|Lilligant-Hisui, L50, F|\n|poke|p2|Ogerpon-Hearthflame, L50, F|\n|poke|p2|Roaring Moon, L50|\n|poke|p2|Flutter Mane, L50|\n|poke|p2|Iron Hands, L50|\n|teampreview|4\n|inactive|Battle timer is ON: inactive players will automatically lose when time's up. (requested by testing122023G)\n|j| Azie Zar'nia\n|\n|t:|1700012850\n|start\n|switch|p1a: Grimmsnarl|Grimmsnarl, L50, M|100\/100\n|switch|p1b: Iron Hands|Iron Hands, L50|100\/100\n|switch|p2a: Roaring Moon|Roaring Moon, L50, shiny|100\/100\n|switch|p2b: Iron Hands|Iron Hands, L50|100\/100\n|turn|1\n|\n|t:|1700012861\n|move|p2b: Iron Hands|Fake Out|p1b: Iron Hands\n|-damage|p1b: Iron Hands|89\/100\n|cant|p1b: Iron Hands|flinch\n|move|p2a: Roaring Moon|Dragon Dance|p2a: Roaring Moon\n|-boost|p2a: Roaring Moon|atk|1\n|-boost|p2a: Roaring Moon|spe|1\n|move|p1a: Grimmsnarl|Spirit Break|p2a: Roaring Moon\n|-supereffective|p2a: Roaring Moon\n|-damage|p2a: Roaring Moon|0 fnt\n|faint|p2a: Roaring Moon\n|-end|p2a: Roaring Moon|Protosynthesis|[silent]\n|\n|upkeep\n|\n|t:|1700012866\n|switch|p2a: Ninetales|Ninetales, L50, F, shiny|100\/100\n|-weather|SunnyDay|[from] ability: Drought|[of] p2a: Ninetales\n|turn|2\n|\n|t:|1700012880\n|move|p1a: Grimmsnarl|Thunder Wave|p2a: Ninetales\n|-status|p2a: Ninetales|par\n|move|p2a: Ninetales|Heat Wave|p1b: Iron Hands|[spread] p1a,p1b\n|-damage|p1a: Grimmsnarl|41\/100\n|-damage|p1b: Iron Hands|60\/100\n|-status|p1a: Grimmsnarl|brn\n|move|p2b: Iron Hands|Heavy Slam|p1a: Grimmsnarl\n|-supereffective|p1a: Grimmsnarl\n|-crit|p1a: Grimmsnarl\n|-damage|p1a: Grimmsnarl|0 fnt\n|faint|p1a: Grimmsnarl\n|move|p1b: Iron Hands|Drain Punch|p2a: Ninetales\n|-damage|p2a: Ninetales|39\/100 par\n|-heal|p1b: Iron Hands|80\/100|[from] drain|[of] p2a: Ninetales\n|\n|-weather|SunnyDay|[upkeep]\n|upkeep\n|\n|t:|1700012894\n|switch|p1a: Volcarona|Volcarona, L50, F, shiny|100\/100\n|turn|3\n|\n|t:|1700012900\n|-end|p1b: Iron Hands|Quark Drive|[silent]\n|switch|p1b: Landorus|Landorus-Therian, L50, M|100\/100\n|-ability|p1b: Landorus|Intimidate|boost\n|-unboost|p2a: Ninetales|atk|1\n|-unboost|p2b: Iron Hands|atk|1\n|move|p1a: Volcarona|Quiver Dance|p1a: Volcarona\n|-boost|p1a: Volcarona|spa|1\n|-boost|p1a: Volcarona|spd|1\n|-boost|p1a: Volcarona|spe|1\n|move|p2a: Ninetales|Heat Wave|p1a: Volcarona|[spread] p1a,p1b\n|-damage|p1a: Volcarona|66\/100\n|-damage|p1b: Landorus|35\/100\n|move|p2b: Iron Hands|Wild Charge|p1a: Volcarona\n|-damage|p1a: Volcarona|30\/100\n|-damage|p2b: Iron Hands|94\/100|[from] Recoil\n|\n|-weather|SunnyDay|[upkeep]\n|-heal|p1a: Volcarona|36\/100|[from] item: Leftovers\n|upkeep\n|turn|4\n|j| 5Sscreen\n|\n|t:|1700012916\n|-terastallize|p2b: Iron Hands|Water\n|move|p1b: Landorus|Stomping Tantrum|p2b: Iron Hands\n|-damage|p2b: Iron Hands|68\/100\n|move|p1a: Volcarona|Heat Wave|p2b: Iron Hands|[spread] p2a,p2b\n|-resisted|p2a: Ninetales\n|-resisted|p2b: Iron Hands\n|-damage|p2a: Ninetales|0 fnt\n|-damage|p2b: Iron Hands|43\/100\n|faint|p2a: Ninetales\n|move|p2b: Iron Hands|Wild Charge|p1a: Volcarona\n|-damage|p1a: Volcarona|0 fnt\n|faint|p1a: Volcarona\n|-damage|p2b: Iron Hands|36\/100|[from] Recoil\n|\n|-weather|SunnyDay|[upkeep]\n|upkeep\n|\n|t:|1700012923\n|switch|p2a: Flutter Mane|Flutter Mane, L50|100\/100\n|switch|p1a: Iron Hands|Iron Hands, L50|80\/100\n|-activate|p2a: Flutter Mane|ability: Protosynthesis\n|-start|p2a: Flutter Mane|protosynthesisspe\n|turn|5\n|j| UnleashTheSun\n|\n|t:|1700012938\n|-terastallize|p1a: Iron Hands|Fire\n|move|p2a: Flutter Mane|Protect|p2a: Flutter Mane\n|-singleturn|p2a: Flutter Mane|Protect\n|move|p1b: Landorus|Stomping Tantrum|p2b: Iron Hands\n|-damage|p2b: Iron Hands|9\/100\n|move|p1a: Iron Hands|Heavy Slam|p2a: Flutter Mane\n|-activate|p2a: Flutter Mane|move: Protect\n|move|p2b: Iron Hands|Heavy Slam|p1b: Landorus\n|-damage|p1b: Landorus|0 fnt\n|faint|p1b: Landorus\n|\n|-weather|SunnyDay|[upkeep]\n|upkeep\n|turn|6\n|\n|t:|1700012952\n|move|p2a: Flutter Mane|Shadow Ball|p1a: Iron Hands\n|-damage|p1a: Iron Hands|51\/100\n|-damage|p2a: Flutter Mane|91\/100|[from] item: Life Orb\n|move|p1a: Iron Hands|Heavy Slam|p2a: Flutter Mane\n|-supereffective|p2a: Flutter Mane\n|-damage|p2a: Flutter Mane|0 fnt\n|faint|p2a: Flutter Mane\n|-end|p2a: Flutter Mane|Protosynthesis|[silent]\n|move|p2b: Iron Hands|Drain Punch|p1a: Iron Hands\n|-damage|p1a: Iron Hands|29\/100\n|-heal|p2b: Iron Hands|19\/100|[from] drain|[of] p1a: Iron Hands\n|\n|-weather|none\n|upkeep\n|turn|7\n|\n|t:|1700012964\n|move|p1a: Iron Hands|Wild Charge|p2b: Iron Hands\n|-supereffective|p2b: Iron Hands\n|-damage|p2b: Iron Hands|0 fnt\n|faint|p2b: Iron Hands\n|-end|p2b: Iron Hands|Quark Drive|[silent]\n|-damage|p1a: Iron Hands|24\/100|[from] Recoil\n|\n|win|Vicelelelele\n|raw|Vicelelelele's rating: 1686 &rarr; <strong>1702<\/strong><br \/>(+16 for winning)\n|raw|testing122023G's rating: 1621 &rarr; <strong>1605<\/strong><br \/>(-16 for losing)\n|l|\u2606testing122023G\n|l|\u2606Vicelelelele\n|l| Azie Zar'nia\n","uploadtime":1700013072,"views":11,"p1id":"vicelelelele","p2id":"testing122023g","formatid":"gen9vgc2023regulatione","rating":1605,"private":0,"password":""}