{"id":"gen9vgc2023regulatione-1992128542","p1":"Aizen94","p2":"parca do neymar","format":"[Gen 9] VGC 2023 Regulation E","log":"|j|\u2606Aizen94\n|j|\u2606parca do neymar\n|t:|1700157404\n|gametype|doubles\n|player|p1|Aizen94|lucas|1423\n|player|p2|parca do neymar|bugsy|1463\n|teamsize|p1|6\n|teamsize|p2|6\n|gen|9\n|tier|[Gen 9] VGC 2023 Regulation E\n|rated|\n|rule|Species Clause: Limit one of each Pok\u00e9mon\n|rule|Item Clause: Limit one of each item\n|clearpoke\n|poke|p1|Flutter Mane, L50|\n|poke|p1|Tornadus, L50, M|\n|poke|p1|Arcanine-Hisui, L50, M|\n|poke|p1|Ogerpon-Hearthflame, L50, F|\n|poke|p1|Iron Hands, L50|\n|poke|p1|Urshifu-*, L50, M|\n|poke|p2|Amoonguss, L50, F|\n|poke|p2|Heatran, L50, M|\n|poke|p2|Landorus-Therian, L50, M|\n|poke|p2|Iron Hands, L50|\n|poke|p2|Flutter Mane, L50|\n|poke|p2|Roaring Moon, L50|\n|teampreview|4\n|inactive|Battle timer is ON: inactive players will automatically lose when time's up. (requested by Aizen94)\n|inactive|parca do neymar has 60 seconds left.\nparca do neymar has agreed to open team sheets.\n|\n|t:|1700157462\n|start\n|switch|p1a: Tornadus|Tornadus, L50, M|100\/100\n|switch|p1b: Arcanine|Arcanine-Hisui, L50, M|100\/100\n|switch|p2a: Iron Hands|Iron Hands, L50|100\/100\n|switch|p2b: Heatran|Heatran, L50, M|100\/100\n|-ability|p1b: Arcanine|Intimidate|boost\n|-unboost|p2a: Iron Hands|atk|1\n|-unboost|p2b: Heatran|atk|1\n|turn|1\n|inactive|parca do neymar has 30 seconds left.\n|inactive|parca do neymar has 20 seconds left.\n|inactive|parca do neymar has 15 seconds left.\n|inactive|parca do neymar has 10 seconds left.\n|\n|t:|1700157508\n|switch|p1b: Flutter Mane|Flutter Mane, L50|100\/100\n|-enditem|p1b: Flutter Mane|Booster Energy\n|-activate|p1b: Flutter Mane|ability: Protosynthesis|[fromitem]\n|-start|p1b: Flutter Mane|protosynthesisspa\n|move|p1a: Tornadus|Rain Dance|p1a: Tornadus\n|-weather|RainDance\n|move|p2b: Heatran|Earth Power|p1b: Flutter Mane\n|-damage|p1b: Flutter Mane|67\/100\n|move|p2a: Iron Hands|Volt Switch|p1b: Flutter Mane\n|-damage|p1b: Flutter Mane|54\/100\n|inactive|parca do neymar has 30 seconds left.\n|\n|t:|1700157534\n|-end|p2a: Iron Hands|Quark Drive|[silent]\n|switch|p2a: Amoonguss|Amoonguss, L50, F, shiny|100\/100|[from] Volt Switch\n|\n|-weather|RainDance|[upkeep]\n|upkeep\n|turn|2\n|inactive|parca do neymar has 30 seconds left.\n|\n|t:|1700157560\n|-terastallize|p2a: Amoonguss|Water\n|move|p1b: Flutter Mane|Protect|p1b: Flutter Mane\n|-singleturn|p1b: Flutter Mane|Protect\n|move|p1a: Tornadus|Bleakwind Storm|p2b: Heatran|[spread] p2a,p2b\n|-resisted|p2b: Heatran\n|-damage|p2a: Amoonguss|72\/100\n|-damage|p2b: Heatran|85\/100\n|-unboost|p2a: Amoonguss|spe|1\n|move|p2b: Heatran|Flash Cannon|p1b: Flutter Mane\n|-activate|p1b: Flutter Mane|move: Protect\n|move|p2a: Amoonguss|Spore|p1a: Tornadus\n|-status|p1a: Tornadus|slp|[from] move: Spore\n|\n|-weather|RainDance|[upkeep]\n|upkeep\n|turn|3\n|\n|t:|1700157583\n|switch|p2a: Iron Hands|Iron Hands, L50|100\/100\n|-terastallize|p1b: Flutter Mane|Water\n|move|p1b: Flutter Mane|Moonblast|p2a: Iron Hands\n|-supereffective|p2a: Iron Hands\n|-damage|p2a: Iron Hands|39\/100\n|cant|p1a: Tornadus|slp\n|move|p2b: Heatran|Flash Cannon|p1b: Flutter Mane\n|-resisted|p1b: Flutter Mane\n|-damage|p1b: Flutter Mane|32\/100\n|\n|-weather|RainDance|[upkeep]\n|upkeep\n|turn|4\n|inactive|parca do neymar has 30 seconds left.\n|\n|t:|1700157613\n|switch|p2b: Amoonguss|Amoonguss, L50, F, shiny, tera:Water|100\/100\n|move|p1b: Flutter Mane|Protect|p1b: Flutter Mane\n|-singleturn|p1b: Flutter Mane|Protect\n|move|p2a: Iron Hands|Fake Out|p1b: Flutter Mane\n|-activate|p1b: Flutter Mane|move: Protect\n|cant|p1a: Tornadus|slp\n|\n|-weather|RainDance|[upkeep]\n|upkeep\n|turn|5\n|\n|t:|1700157626\n|move|p2b: Amoonguss|Rage Powder|p2b: Amoonguss\n|-singleturn|p2b: Amoonguss|move: Rage Powder\n|move|p1b: Flutter Mane|Moonblast|p2b: Amoonguss\n|-damage|p2b: Amoonguss|42\/100\n|-unboost|p2b: Amoonguss|spa|1\n|cant|p1a: Tornadus|slp\n|move|p2a: Iron Hands|Wild Charge|p1a: Tornadus\n|-supereffective|p1a: Tornadus\n|-damage|p1a: Tornadus|0 fnt\n|faint|p1a: Tornadus\n|-damage|p2a: Iron Hands|21\/100|[from] Recoil\n|\n|-weather|none\n|upkeep\n|\n|t:|1700157643\n|switch|p1a: Arcanine|Arcanine-Hisui, L50, M|100\/100\n|-ability|p1a: Arcanine|Intimidate|boost\n|-unboost|p2a: Iron Hands|atk|1\n|-unboost|p2b: Amoonguss|atk|1\n|turn|6\n|\n|t:|1700157665\n|move|p2b: Amoonguss|Protect|p2b: Amoonguss\n|-singleturn|p2b: Amoonguss|Protect\n|move|p1b: Flutter Mane|Dazzling Gleam|p2b: Amoonguss|[spread] p2a\n|-activate|p2b: Amoonguss|move: Protect\n|-supereffective|p2a: Iron Hands\n|-damage|p2a: Iron Hands|0 fnt\n|faint|p2a: Iron Hands\n|-end|p2a: Iron Hands|Quark Drive|[silent]\n|move|p1a: Arcanine|Rock Slide|p2b: Amoonguss\n|-activate|p2b: Amoonguss|move: Protect\n|\n|upkeep\n|\n|t:|1700157677\n|switch|p2a: Landorus|Landorus-Therian, L50, M|100\/100\n|-ability|p2a: Landorus|Intimidate|boost\n|-unboost|p1a: Arcanine|atk|1\n|-unboost|p1b: Flutter Mane|atk|1\n|turn|7\n|inactive|parca do neymar has 30 seconds left.\n|inactive|parca do neymar has 20 seconds left.\n|\n|t:|1700157717\n|move|p2a: Landorus|Stomping Tantrum|p1b: Flutter Mane\n|-damage|p1b: Flutter Mane|0 fnt\n|faint|p1b: Flutter Mane\n|-end|p1b: Flutter Mane|Protosynthesis|[silent]\n|move|p1a: Arcanine|Rock Slide|p2b: Amoonguss|[spread] p2a,p2b\n|-damage|p2a: Landorus|72\/100\n|-damage|p2b: Amoonguss|19\/100\n|cant|p2b: Amoonguss|flinch\n|\n|upkeep\n|\n|t:|1700157727\n|switch|p1b: Urshifu|Urshifu-Rapid-Strike, L50, M|100\/100\n|turn|8\n|\n|t:|1700157748\n|move|p1b: Urshifu|Detect|p1b: Urshifu\n|-singleturn|p1b: Urshifu|Protect\n|move|p2b: Amoonguss|Rage Powder|p2b: Amoonguss\n|-singleturn|p2b: Amoonguss|move: Rage Powder\n|move|p2a: Landorus|Stomping Tantrum|p1a: Arcanine\n|-supereffective|p1a: Arcanine\n|-damage|p1a: Arcanine|0 fnt\n|faint|p1a: Arcanine\n|\n|upkeep\n|turn|9\n|\n|t:|1700157766\n|move|p2b: Amoonguss|Rage Powder|p2b: Amoonguss\n|-singleturn|p2b: Amoonguss|move: Rage Powder\n|move|p2a: Landorus|Stomping Tantrum|p1b: Urshifu\n|-damage|p1b: Urshifu|61\/100\n|move|p1b: Urshifu|Surging Strikes|p2b: Amoonguss\n|-resisted|p2b: Amoonguss\n|-crit|p2b: Amoonguss\n|-damage|p2b: Amoonguss|9\/100\n|-damage|p1b: Urshifu|44\/100|[from] item: Rocky Helmet|[of] p2b: Amoonguss\n|-resisted|p2b: Amoonguss\n|-crit|p2b: Amoonguss\n|-damage|p2b: Amoonguss|0 fnt\n|-damage|p1b: Urshifu|28\/100|[from] item: Rocky Helmet|[of] p2b: Amoonguss\n|faint|p2b: Amoonguss\n|-hitcount|p2: Amoonguss|2\n|\n|upkeep\n|-message|Aizen94 forfeited.\n|\n|win|parca do neymar\n|raw|Aizen94's rating: 1423 &rarr; <strong>1405<\/strong><br \/>(-18 for losing)\n|raw|parca do neymar's rating: 1463 &rarr; <strong>1481<\/strong><br \/>(+18 for winning)\n|l|\u2606Aizen94\n","uploadtime":1700157784,"views":17,"p1id":"aizen94","p2id":"parcadoneymar","formatid":"gen9vgc2023regulatione","rating":1405,"private":0,"password":""}