{"id":"gen9vgc2023regulatione-1999899017","p1":"legendvgc","p2":"Everybo-D","format":"[Gen 9] VGC 2023 Regulation E","log":"|j|\u2606legendvgc\n|j|\u2606Everybo-D\n|n|\u2606legendvgc|legendvgc\n|n|\u2606Everybo-D|everybod\n|html|View the match progress at <a href=\"\/game-bestof3-gen9vgc2023regulatione-1999892404\">game-bestof3-gen9vgc2023regulatione-1999892404<\/a>\n|t:|1701127770\n|gametype|doubles\n|player|p1|legendvgc|266|\n|player|p2|Everybo-D|169|\n|teamsize|p1|6\n|teamsize|p2|6\n|gen|9\n|tier|[Gen 9] VGC 2023 Regulation E\n|rule|Species Clause: Limit one of each Pok\u00e9mon\n|rule|Item Clause: Limit one of each item\n|clearpoke\n|poke|p1|Ninetales-Alola, L50, F|\n|poke|p1|Sneasler, L50, F|\n|poke|p1|Froslass, L50, F|\n|poke|p1|Articuno-Galar, L50|\n|poke|p1|Regidrago, L50|\n|poke|p1|Revavroom, L50, F|\n|poke|p2|Houndstone, L50, M|\n|poke|p2|Iron Bundle, L50|\n|poke|p2|Garchomp, L50, M|\n|poke|p2|Thundurus, L50, M|\n|poke|p2|Hariyama, L50, M|\n|poke|p2|Tyranitar, L50, F|\n|teampreview|4\n|c|\u2606Everybo-D|hf\n|c|\u2606Everybo-D|it comes down to this\n|c|\u2606legendvgc|best of luck\n|j| DozenSBU\nlegendvgc rejected open team sheets.\n|j| Burnerv2\n|c|\u2606legendvgc|do you feel it?\\\n|c|\u2606legendvgc|the pressure?\n|c|\u2606legendvgc|winner goes on to finals\n|\n|t:|1701127905\n|start\n|switch|p1a: Articuno|Articuno-Galar, L50|100\/100\n|switch|p1b: Regidrago|Regidrago, L50|100\/100\n|switch|p2a: Jackie|Houndstone, L50, M|100\/100\n|switch|p2b: Magallan|Iron Bundle, L50|100\/100\n|turn|1\n|\n|t:|1701128009\n|-terastallize|p1a: Articuno|Normal\n|move|p2b: Magallan|Freeze-Dry|p1b: Regidrago\n|-supereffective|p1b: Regidrago\n|-damage|p1b: Regidrago|10\/100\n|move|p1a: Articuno|Tailwind|p1a: Articuno\n|-sidestart|p1: legendvgc|move: Tailwind\n|move|p1b: Regidrago|Focus Energy|p1b: Regidrago\n|-start|p1b: Regidrago|move: Focus Energy\n|move|p2a: Jackie|Play Rough|p1b: Regidrago\n|-supereffective|p1b: Regidrago\n|-damage|p1b: Regidrago|0 fnt\n|faint|p1b: Regidrago\n|\n|upkeep\n|c|\u2606legendvgc|well I went for the style read\n|\n|t:|1701128038\n|switch|p1b: Sneasler|Sneasler, L50, F|100\/100\n|-ability|p1b: Sneasler|Pressure\n|turn|2\n|c|\u2606Everybo-D|i really thought u were specs drago\n|c|\u2606legendvgc|lmao\n|\n|t:|1701128079\n|move|p1b: Sneasler|Close Combat|p2b: Magallan\n|-supereffective|p2b: Magallan\n|-enditem|p2b: Magallan|Focus Sash\n|-damage|p2b: Magallan|1\/100\n|-unboost|p1b: Sneasler|def|1\n|-unboost|p1b: Sneasler|spd|1\n|move|p1a: Articuno|Air Slash|p2b: Magallan\n|-damage|p2b: Magallan|0 fnt\n|faint|p2b: Magallan\n|-end|p2b: Magallan|Quark Drive|[silent]\n|move|p2a: Jackie|Last Respects|p1b: Sneasler\n|-damage|p1b: Sneasler|0 fnt\n|faint|p1b: Sneasler\n|\n|upkeep\n|\n|t:|1701128095\n|switch|p1b: Ninetales|Ninetales-Alola, L50, F|100\/100\n|switch|p2b: Bloon Impact|Tyranitar, L50, F|100\/100\n|-weather|Snow|[from] ability: Snow Warning|[of] p1b: Ninetales\n|-weather|Sandstorm|[from] ability: Sand Stream|[of] p2b: Bloon Impact\n|turn|3\n|\n|t:|1701128125\n|move|p1b: Ninetales|Snowscape|p1b: Ninetales\n|-weather|Snow\n|move|p1a: Articuno|Air Slash|p2a: Jackie\n|-damage|p2a: Jackie|57\/100\n|cant|p2a: Jackie|flinch\n|move|p2b: Bloon Impact|Brick Break|p1b: Ninetales\n|-damage|p1b: Ninetales|76\/100\n|\n|-weather|Snow|[upkeep]\n|upkeep\n|turn|4\n|j| Madelaine2\n|\n|t:|1701128206\n|move|p1b: Ninetales|Blizzard|p2a: Jackie|[spread] p2a,p2b\n|-damage|p2a: Jackie|17\/100\n|-damage|p2b: Bloon Impact|81\/100\n|-status|p2b: Bloon Impact|frz\n|move|p1a: Articuno|Freezing Glare|p2a: Jackie\n|-damage|p2a: Jackie|0 fnt\n|faint|p2a: Jackie\n|cant|p2b: Bloon Impact|frz\n|\n|-weather|Snow|[upkeep]\n|-sideend|p1: legendvgc|move: Tailwind\n|upkeep\n|\n|t:|1701128215\n|switch|p2a: Dusk|Garchomp, L50, M|100\/100\n|turn|5\n|\n|t:|1701128232\n|-terastallize|p2a: Dusk|Fire\n|move|p1b: Ninetales|Moonblast|p2a: Dusk\n|-resisted|p2a: Dusk\n|-damage|p2a: Dusk|82\/100\n|-unboost|p2a: Dusk|spa|1\n|move|p2a: Dusk|Stomping Tantrum|p1a: Articuno\n|-damage|p1a: Articuno|47\/100\n|move|p1a: Articuno|Air Slash|p2a: Dusk\n|-damage|p2a: Dusk|39\/100\n|cant|p2b: Bloon Impact|frz\n|\n|-weather|Snow|[upkeep]\n|upkeep\n|turn|6\n|\n|t:|1701128256\n|move|p2a: Dusk|Protect|p2a: Dusk\n|-singleturn|p2a: Dusk|Protect\n|move|p1b: Ninetales|Aurora Veil|p1b: Ninetales\n|-sidestart|p1: legendvgc|move: Aurora Veil\n|move|p1a: Articuno|Freezing Glare|p2a: Dusk\n|-activate|p2a: Dusk|move: Protect\n|cant|p2b: Bloon Impact|frz\n|\n|-weather|Snow|[upkeep]\n|upkeep\n|turn|7\n|\n|t:|1701128279\n|move|p2a: Dusk|Protect|p2a: Dusk\n|-singleturn|p2a: Dusk|Protect\n|move|p1b: Ninetales|Moonblast|p2b: Bloon Impact\n|-supereffective|p2b: Bloon Impact\n|-damage|p2b: Bloon Impact|34\/100 frz\n|move|p1a: Articuno|Freezing Glare|p2a: Dusk\n|-activate|p2a: Dusk|move: Protect\n|cant|p2b: Bloon Impact|frz\n|\n|-weather|none\n|upkeep\n|turn|8\n|\n|t:|1701128302\n|move|p1b: Ninetales|Moonblast|p2b: Bloon Impact\n|-supereffective|p2b: Bloon Impact\n|-damage|p2b: Bloon Impact|0 fnt\n|faint|p2b: Bloon Impact\n|move|p2a: Dusk|Stomping Tantrum|p1a: Articuno\n|-damage|p1a: Articuno|14\/100\n|move|p1a: Articuno|Freezing Glare|p2a: Dusk\n|-damage|p2a: Dusk|0 fnt\n|faint|p2a: Dusk\n|\n|win|legendvgc\n|c|\u2606legendvgc|gg\n|c|\u2606Everybo-D|Ggs\n|l| Madelaine2\n","uploadtime":1701128430,"views":9,"p1id":"legendvgc","p2id":"everybod","formatid":"gen9vgc2023regulatione","rating":0,"private":0,"password":""}