{"id":"gen9vgc2023regulatione-1988343882","p1":"WitherLord_VGC","p2":"JohnnyHaxTesting","format":"[Gen 9] VGC 2023 Regulation E","log":"|j|\u2606WitherLord_VGC\n|j|\u2606JohnnyHaxTesting\n|t:|1699711523\n|gametype|doubles\n|player|p1|WitherLord_VGC|grimsley|1201\n|player|p2|JohnnyHaxTesting|266|1257\n|teamsize|p1|6\n|teamsize|p2|6\n|gen|9\n|tier|[Gen 9] VGC 2023 Regulation E\n|rated|\n|rule|Species Clause: Limit one of each Pok\u00e9mon\n|rule|Item Clause: Limit one of each item\n|clearpoke\n|poke|p1|Iron Hands, L50|\n|poke|p1|Arcanine-Hisui, L50, F|\n|poke|p1|Tornadus, L50, M|\n|poke|p1|Ogerpon-Wellspring, L50, F|\n|poke|p1|Urshifu-*, L50, M|\n|poke|p1|Flutter Mane, L50|\n|poke|p2|Dragalge, L50, F|\n|poke|p2|Clefairy, L50, M|\n|poke|p2|Ursaluna-Bloodmoon, L50, M|\n|poke|p2|Farigiraf, L50, M|\n|poke|p2|Torkoal, L50, F|\n|poke|p2|Mienshao, L50, M|\n|teampreview|4\n|inactive|Battle timer is ON: inactive players will automatically lose when time's up. (requested by WitherLord_VGC)\nJohnnyHaxTesting has agreed to open team sheets.\n|\n|t:|1699711551\n|start\n|switch|p1a: Tornadus|Tornadus, L50, M|100\/100\n|switch|p1b: Arcanine|Arcanine-Hisui, L50, F|100\/100\n|switch|p2a: Farigiraf|Farigiraf, L50, M|100\/100\n|switch|p2b: Mienshao|Mienshao, L50, M|100\/100\n|-ability|p1b: Arcanine|Intimidate|boost\n|-unboost|p2a: Farigiraf|atk|1\n|-fail|p2b: Mienshao|unboost|Attack|[from] ability: Inner Focus|[of] p2b: Mienshao\n|turn|1\n|\n|t:|1699711573\n|move|p1a: Tornadus|Taunt||[still]\n|cant|p2a: Farigiraf|ability: Armor Tail|Taunt|[of] p1a: Tornadus\n|move|p2b: Mienshao|Close Combat|p1b: Arcanine\n|-supereffective|p1b: Arcanine\n|-damage|p1b: Arcanine|0 fnt\n|-unboost|p2b: Mienshao|def|1\n|-unboost|p2b: Mienshao|spd|1\n|-enditem|p2b: Mienshao|Eject Pack\n|faint|p1b: Arcanine\n|\n|t:|1699711582\n|switch|p2b: Torkoal|Torkoal, L50, F|100\/100\n|-weather|SunnyDay|[from] ability: Drought|[of] p2b: Torkoal\n|move|p2a: Farigiraf|Trick Room|p2a: Farigiraf\n|-fieldstart|move: Trick Room|[of] p2a: Farigiraf\n|\n|-weather|SunnyDay|[upkeep]\n|upkeep\n|\n|t:|1699711596\n|switch|p1b: Flutter Mane|Flutter Mane, L50|100\/100\n|-activate|p1b: Flutter Mane|ability: Protosynthesis\n|-start|p1b: Flutter Mane|protosynthesisspe\n|turn|2\n|c|\u2606JohnnyHaxTesting|now, do you run rain dance? do i risk it?\n|inactive|JohnnyHaxTesting has 30 seconds left.\n|inactive|JohnnyHaxTesting has 20 seconds left.\n|\n|t:|1699711646\n|switch|p2b: Mienshao|Mienshao, L50, M|100\/100\n|move|p1a: Tornadus|Rain Dance|p1a: Tornadus\n|-weather|RainDance\n|-end|p1b: Flutter Mane|Protosynthesis\n|move|p2a: Farigiraf|Nasty Plot|p2a: Farigiraf\n|-boost|p2a: Farigiraf|spa|2\n|move|p1b: Flutter Mane|Moonblast|p2a: Farigiraf\n|-damage|p2a: Farigiraf|25\/100\n|-enditem|p2a: Farigiraf|Sitrus Berry|[eat]\n|-heal|p2a: Farigiraf|50\/100|[from] item: Sitrus Berry\n|\n|-weather|RainDance|[upkeep]\n|upkeep\n|turn|3\n|\n|t:|1699711666\n|move|p2a: Farigiraf|Psychic|p1a: Tornadus\n|-damage|p1a: Tornadus|3\/100\n|move|p2b: Mienshao|Knock Off|p1b: Flutter Mane\n|-damage|p1b: Flutter Mane|25\/100\n|-enditem|p1b: Flutter Mane|Choice Specs|[from] move: Knock Off|[of] p2b: Mienshao\n|move|p1a: Tornadus|Bleakwind Storm|p2b: Mienshao|[spread] p2a,p2b\n|-supereffective|p2b: Mienshao\n|-damage|p2a: Farigiraf|21\/100\n|-damage|p2b: Mienshao|0 fnt\n|-unboost|p2a: Farigiraf|spe|1\n|faint|p2b: Mienshao\n|move|p1b: Flutter Mane|Moonblast|p2a: Farigiraf\n|-damage|p2a: Farigiraf|0 fnt\n|faint|p2a: Farigiraf\n|\n|-weather|RainDance|[upkeep]\n|upkeep\n|\n|t:|1699711681\n|switch|p2a: Dragalge|Dragalge, L50, F|100\/100\n|switch|p2b: Torkoal|Torkoal, L50, F|100\/100\n|-weather|SunnyDay|[from] ability: Drought|[of] p2b: Torkoal\n|-activate|p1b: Flutter Mane|ability: Protosynthesis\n|-start|p1b: Flutter Mane|protosynthesisspe\n|turn|4\n|\n|t:|1699711692\n|move|p1a: Tornadus|Rain Dance|p1a: Tornadus\n|-weather|RainDance\n|-end|p1b: Flutter Mane|Protosynthesis\n|move|p2b: Torkoal|Eruption|p1a: Tornadus|[spread] p1a,p1b\n|-damage|p1a: Tornadus|0 fnt\n|-damage|p1b: Flutter Mane|0 fnt\n|faint|p1a: Tornadus\n|faint|p1b: Flutter Mane\n|-end|p1b: Flutter Mane|Protosynthesis|[silent]\n|move|p2a: Dragalge|Sludge Bomb|p1: Tornadus|[notarget]\n|-fail|p2a: Dragalge\n|\n|-weather|RainDance|[upkeep]\n|upkeep\n|\n|t:|1699711697\n|switch|p1b: Urshifu|Urshifu-Rapid-Strike, L50, M|100\/100\n|turn|5\n|\n|t:|1699711710\n|move|p1b: Urshifu|Protect|p1b: Urshifu\n|-singleturn|p1b: Urshifu|Protect\n|move|p2b: Torkoal|Earth Power|p1b: Urshifu\n|-activate|p1b: Urshifu|move: Protect\n|move|p2a: Dragalge|Sludge Bomb|p1b: Urshifu\n|-activate|p1b: Urshifu|move: Protect\n|\n|-weather|RainDance|[upkeep]\n|-fieldend|move: Trick Room\n|upkeep\n|turn|6\n|\n|t:|1699711725\n|-terastallize|p1b: Urshifu|Water\n|move|p1b: Urshifu|Surging Strikes|p2a: Dragalge\n|-resisted|p2a: Dragalge\n|-crit|p2a: Dragalge\n|-damage|p2a: Dragalge|74\/100\n|-resisted|p2a: Dragalge\n|-crit|p2a: Dragalge\n|-damage|p2a: Dragalge|45\/100\n|-resisted|p2a: Dragalge\n|-crit|p2a: Dragalge\n|-damage|p2a: Dragalge|18\/100\n|-hitcount|p2a: Dragalge|3\n|move|p2a: Dragalge|Sludge Bomb|p1b: Urshifu\n|-damage|p1b: Urshifu|0 fnt\n|faint|p1b: Urshifu\n|\n|win|JohnnyHaxTesting\n|raw|WitherLord_VGC's rating: 1201 &rarr; <strong>1180<\/strong><br \/>(-21 for losing)\n|raw|JohnnyHaxTesting's rating: 1257 &rarr; <strong>1278<\/strong><br \/>(+21 for winning)\n|c|\u2606JohnnyHaxTesting|gg\n|l|\u2606WitherLord_VGC\n","uploadtime":1699711744,"views":25,"p1id":"witherlordvgc","p2id":"johnnyhaxtesting","formatid":"gen9vgc2023regulatione","rating":1180,"private":0,"password":""}