{"id":"gen9vgc2023regulatione-1994203613","p1":"jrod7780","p2":"TreeDolphin","format":"[Gen 9] VGC 2023 Regulation E","log":"|j|\u2606jrod7780\n|j|\u2606TreeDolphin\n|n|\u2606jrod7780|jrod7780\n|n|\u2606TreeDolphin|treedolphin\n|html|View the match progress at <a href=\"\/game-bestof3-gen9vgc2023regulatione-1994200376\">game-bestof3-gen9vgc2023regulatione-1994200376<\/a>\n|t:|1700418546\n|gametype|doubles\n|player|p1|jrod7780|1|\n|player|p2|TreeDolphin|ingo|\n|teamsize|p1|6\n|teamsize|p2|6\n|gen|9\n|tier|[Gen 9] VGC 2023 Regulation E\n|rule|Species Clause: Limit one of each Pok\u00e9mon\n|rule|Item Clause: Limit one of each item\n|clearpoke\n|poke|p1|Tauros-Paldea-Blaze, L50, M|\n|poke|p1|Ogerpon, L50, F|\n|poke|p1|Ninetales-Alola, L50, M|\n|poke|p1|Landorus-Therian, L50, M|\n|poke|p1|Gallade, L50, M|\n|poke|p1|Vivillon-Fancy, L50, F|\n|poke|p2|Kommo-o, L50, F|\n|poke|p2|Volbeat, L50, M|\n|poke|p2|Tyranitar, L50, F|\n|poke|p2|Clefairy, L50, F|\n|poke|p2|Houndstone, L50, M|\n|poke|p2|Arcanine, L50, M|\n|teampreview|4\n|j| JabsGR\n|j| Huxley187\n|j| Raikia\nTreeDolphin rejected open team sheets.\n|\n|t:|1700418654\n|start\n|switch|p1a: Ogerpon|Ogerpon, L50, F|100\/100\n|switch|p1b: Gallade|Gallade, L50, M, shiny|100\/100\n|switch|p2a: Goat|Volbeat, L50, M|100\/100\n|switch|p2b: Kommo-o|Kommo-o, L50, F|100\/100\n|turn|1\n|j| KeanuVGC\n|\n|t:|1700418677\n|-terastallize|p2b: Kommo-o|Fire\n|move|p2a: Goat|Tailwind|p2a: Goat\n|-sidestart|p2: TreeDolphin|move: Tailwind\n|move|p2b: Kommo-o|Iron Defense|p2b: Kommo-o\n|-boost|p2b: Kommo-o|def|2\n|move|p1a: Ogerpon|Encore|p2b: Kommo-o\n|-start|p2b: Kommo-o|Encore\n|move|p1b: Gallade|Psycho Cut|p2b: Kommo-o\n|-damage|p2b: Kommo-o|82\/100\n|\n|-heal|p2b: Kommo-o|88\/100|[from] item: Leftovers\n|upkeep\n|turn|2\n|\n|t:|1700418700\n|move|p2a: Goat|Encore||[still]\n|-fail|p2a: Goat\n|move|p2b: Kommo-o|Iron Defense|p2b: Kommo-o\n|-boost|p2b: Kommo-o|def|2\n|move|p1a: Ogerpon|Encore||[still]\n|-fail|p1a: Ogerpon\n|move|p1b: Gallade|Sacred Sword|p2b: Kommo-o\n|-damage|p2b: Kommo-o|43\/100\n|\n|-heal|p2b: Kommo-o|49\/100|[from] item: Leftovers\n|upkeep\n|turn|3\n|\n|t:|1700418721\n|move|p2a: Goat|Taunt|p1a: Ogerpon\n|-start|p1a: Ogerpon|move: Taunt\n|move|p2b: Kommo-o|Iron Defense|p2b: Kommo-o\n|-boost|p2b: Kommo-o|def|2\n|move|p1a: Ogerpon|Play Rough|p2a: Goat\n|-damage|p2a: Goat|63\/100\n|-unboost|p2a: Goat|atk|1\n|move|p1b: Gallade|Sacred Sword|p2b: Kommo-o\n|-damage|p2b: Kommo-o|4\/100\n|\n|-heal|p2b: Kommo-o|10\/100|[from] item: Leftovers\n|upkeep\n|turn|4\n|j| Salivadora\n|l| Salivadora\n|c|\u2606TreeDolphin|I might have played this badly\n|c| KeanuVGC|u did\n|c| KeanuVGC|kekw\n|\n|t:|1700418770\n|move|p2a: Goat|Rain Dance|p2a: Goat\n|-weather|RainDance\n|move|p2b: Kommo-o|Iron Defense|p2b: Kommo-o\n|-boost|p2b: Kommo-o|def|0\n|move|p1a: Ogerpon|Ivy Cudgel|p2a: Goat\n|-resisted|p2a: Goat\n|-damage|p2a: Goat|28\/100\n|move|p1b: Gallade|Sacred Sword|p2b: Kommo-o\n|-crit|p2b: Kommo-o\n|-damage|p2b: Kommo-o|0 fnt\n|faint|p2b: Kommo-o\n|\n|-weather|RainDance|[upkeep]\n|-sideend|p2: TreeDolphin|move: Tailwind\n|upkeep\n|c| Huxley187|just a chance\n|c| Raikia|sacred sword kinda goes super hard in this situation\n|\n|t:|1700418784\n|switch|p2b: Keanu|Tyranitar, L50, F|100\/100\n|-weather|Sandstorm|[from] ability: Sand Stream|[of] p2b: Keanu\n|turn|5\n|\n|t:|1700418797\n|switch|p1a: Landorus|Landorus-Therian, L50, M|100\/100\n|-ability|p1a: Landorus|Intimidate|boost\n|-unboost|p2a: Goat|atk|1\n|-unboost|p2b: Keanu|atk|1\n|move|p2a: Goat|Tailwind|p2a: Goat\n|-sidestart|p2: TreeDolphin|move: Tailwind\n|move|p2b: Keanu|Crunch|p1b: Gallade\n|-damage|p1b: Gallade|59\/100\n|move|p1b: Gallade|Sacred Sword|p2b: Keanu\n|-supereffective|p2b: Keanu\n|-damage|p2b: Keanu|0 fnt\n|faint|p2b: Keanu\n|\n|-weather|Sandstorm|[upkeep]\n|-damage|p2a: Goat|23\/100|[from] Sandstorm\n|-damage|p1b: Gallade|53\/100|[from] Sandstorm\n|upkeep\n|\n|t:|1700418808\n|switch|p2b: Houndstone|Houndstone, L50, M|100\/100\n|turn|6\n|c| KeanuVGC|if i coached tree on this i wouldve told him to go Iron defense psychic tera\n|c| KeanuVGC|lmao\n|\n|t:|1700418837\n|move|p2a: Goat|Encore|p1b: Gallade\n|-start|p1b: Gallade|Encore\n|move|p2b: Houndstone|Last Respects|p1a: Landorus\n|-damage|p1a: Landorus|27\/100\n|move|p1a: Landorus|U-turn|p2b: Houndstone\n|-resisted|p2b: Houndstone\n|-damage|p2b: Houndstone|76\/100\n|c| Huxley187|tree almost forgot to change the tera in the first place\n|\n|t:|1700418845\n|switch|p1a: Ninetales|Ninetales-Alola, L50, M, shiny|100\/100|[from] U-turn\n|-weather|Snow|[from] ability: Snow Warning|[of] p1a: Ninetales\n|move|p1b: Gallade|Sacred Sword|p2b: Houndstone\n|-immune|p2b: Houndstone\n|\n|-weather|Snow|[upkeep]\n|upkeep\n|turn|7\n|c| KeanuVGC|welp when u have houndstone u have a chance\n|c| Raikia|funny dog :3\n|\n|t:|1700418870\n|switch|p1b: Ogerpon|Ogerpon, L50, F|100\/100\n|move|p2a: Goat|Rain Dance|p2a: Goat\n|-weather|RainDance\n|move|p2b: Houndstone|Last Respects|p1a: Ninetales\n|-damage|p1a: Ninetales|32\/100\n|move|p1a: Ninetales|Aurora Veil||[still]\n|-fail|p1a: Ninetales\n|\n|-weather|RainDance|[upkeep]\n|upkeep\n|turn|8\n|l| KeanuVGC\n|\n|t:|1700418908\n|-terastallize|p1b: Ogerpon|Grass\n|detailschange|p1b: Ogerpon|Ogerpon-Teal-Tera, L50, F, tera:Grass\n|-ability|p1b: Ogerpon|Embody Aspect (Teal)|boost\n|-boost|p1b: Ogerpon|spe|1\n|move|p2a: Goat|Taunt|p1b: Ogerpon\n|-start|p1b: Ogerpon|move: Taunt\n|move|p2b: Houndstone|Last Respects|p1a: Ninetales\n|-damage|p1a: Ninetales|0 fnt\n|faint|p1a: Ninetales\n|move|p1b: Ogerpon|Ivy Cudgel|p2b: Houndstone\n|-damage|p2b: Houndstone|0 fnt\n|faint|p2b: Houndstone\n|\n|-weather|RainDance|[upkeep]\n|-sideend|p2: TreeDolphin|move: Tailwind\n|upkeep\n|c| Raikia|volbeat can win this\n|\n|t:|1700418923\n|switch|p1a: Gallade|Gallade, L50, M, shiny|53\/100\n|turn|9\n|c|\u2606TreeDolphin|Gg\n|c| Huxley187|huge misplay tbh\n|\n|t:|1700418937\n|move|p2a: Goat|Tailwind|p2a: Goat\n|-sidestart|p2: TreeDolphin|move: Tailwind\n|move|p1b: Ogerpon|Ivy Cudgel|p2a: Goat\n|-resisted|p2a: Goat\n|-damage|p2a: Goat|0 fnt\n|faint|p2a: Goat\n|\n|win|jrod7780\n|c|\u2606jrod7780|encore ogerpon\n|c|&|\/uhtml prompt-treedolphin,TreeDolphin is ready for game 3!\n|c|&|\/uhtml prompt-treedolphin,TreeDolphin is ready for game 3!\n|inactive|jrod7780 has 50 seconds to confirm battle start!\n|c|&|\/uhtml prompt-jrod7780,jrod7780 is ready for game 3!\nBoth players are ready! Starting next match!\n|j| KeanuVGC\n|l| KeanuVGC\n|l| Raikia\n|l|\u2606TreeDolphin\n|j|\u2606TreeDolphin\n|player|p2|TreeDolphin|ingo\n","uploadtime":1700419294,"views":23,"p1id":"jrod7780","p2id":"treedolphin","formatid":"gen9vgc2023regulatione","rating":0,"private":0,"password":""}