{"id":"gen9vgc2023regulatione-1992079409","p1":"balebale2000","p2":"shimst3r","format":"[Gen 9] VGC 2023 Regulation E","log":"|j|\u2606balebale2000\n|j|\u2606shimst3r\n|t:|1700153340\n|gametype|doubles\n|player|p1|balebale2000|1|1100\n|player|p2|shimst3r|clown|1041\n|teamsize|p1|5\n|teamsize|p2|6\n|gen|9\n|tier|[Gen 9] VGC 2023 Regulation E\n|rated|\n|rule|Species Clause: Limit one of each Pok\u00e9mon\n|rule|Item Clause: Limit one of each item\n|clearpoke\n|poke|p1|Urshifu-*, L50, M|\n|poke|p1|Volcarona, L50, F|\n|poke|p1|Clefairy, L50, F|\n|poke|p1|Vaporeon, L50, M|\n|poke|p1|Lurantis, L50, F|\n|poke|p2|Armarouge, L50, M|\n|poke|p2|Gothitelle, L50, F|\n|poke|p2|Indeedee-F, L50, F|\n|poke|p2|Iron Hands, L50|\n|poke|p2|Scream Tail, L50|\n|poke|p2|Torkoal, L50, M|\n|teampreview|4\n|l|\u2606balebale2000\n|player|p1|\n|\n|t:|1700153393\n|start\n|switch|p1a: Clefairy|Clefairy, L50, F|100\/100\n|switch|p1b: Urshifu|Urshifu, L50, M|100\/100\n|switch|p2a: Gothitelle|Gothitelle, L50, F|100\/100\n|switch|p2b: Iron Hands|Iron Hands, L50|100\/100\n|turn|1\n|j|\u2606balebale2000\n|player|p1|balebale2000|1\n|\n|t:|1700153422\n|move|p1b: Urshifu|Protect|p1b: Urshifu\n|-singleturn|p1b: Urshifu|Protect\n|move|p2b: Iron Hands|Fake Out|p1b: Urshifu\n|-activate|p1b: Urshifu|move: Protect\n|move|p1a: Clefairy|Dazzling Gleam|p2a: Gothitelle|[spread] p2a,p2b\n|-crit|p2a: Gothitelle\n|-supereffective|p2b: Iron Hands\n|-damage|p2a: Gothitelle|85\/100\n|-damage|p2b: Iron Hands|85\/100\n|move|p2a: Gothitelle|Trick Room|p2a: Gothitelle\n|-fieldstart|move: Trick Room|[of] p2a: Gothitelle\n|\n|upkeep\n|turn|2\n|\n|t:|1700153472\n|move|p1a: Clefairy|Follow Me|p1a: Clefairy\n|-singleturn|p1a: Clefairy|move: Follow Me\n|move|p2b: Iron Hands|Heavy Slam|p1a: Clefairy\n|-supereffective|p1a: Clefairy\n|-damage|p1a: Clefairy|1\/100\n|move|p2a: Gothitelle|Psychic|p1a: Clefairy\n|-damage|p1a: Clefairy|0 fnt\n|faint|p1a: Clefairy\n|move|p1b: Urshifu|Wicked Blow|p2a: Gothitelle\n|-supereffective|p2a: Gothitelle\n|-crit|p2a: Gothitelle\n|-damage|p2a: Gothitelle|0 fnt\n|faint|p2a: Gothitelle\n|\n|upkeep\n|\n|t:|1700153499\n|switch|p1a: Volcarona|Volcarona, L50, F|100\/100\n|switch|p2a: Torkoal|Torkoal, L50, M|100\/100\n|-weather|SunnyDay|[from] ability: Drought|[of] p2a: Torkoal\n|turn|3\n|\n|t:|1700153528\n|move|p1a: Volcarona|Protect|p1a: Volcarona\n|-singleturn|p1a: Volcarona|Protect\n|move|p1b: Urshifu|Protect|p1b: Urshifu\n|-singleturn|p1b: Urshifu|Protect\n|move|p2a: Torkoal|Eruption|p1a: Volcarona|[spread] \n|-activate|p1a: Volcarona|move: Protect\n|-activate|p1b: Urshifu|move: Protect\n|move|p2b: Iron Hands|Wild Charge|p1a: Volcarona\n|-activate|p1a: Volcarona|move: Protect\n|\n|-weather|SunnyDay|[upkeep]\n|upkeep\n|turn|4\n|\n|t:|1700153558\n|-terastallize|p1a: Volcarona|Dragon\n|move|p1b: Urshifu|Sucker Punch|p2a: Torkoal\n|-damage|p2a: Torkoal|70\/100\n|move|p2a: Torkoal|Eruption|p1b: Urshifu|[spread] p1a,p1b\n|-resisted|p1a: Volcarona\n|-damage|p1a: Volcarona|74\/100\n|-damage|p1b: Urshifu|10\/100\n|move|p2b: Iron Hands|Drain Punch|p1b: Urshifu\n|-supereffective|p1b: Urshifu\n|-damage|p1b: Urshifu|0 fnt\n|-heal|p2b: Iron Hands|89\/100|[from] drain|[of] p1b: Urshifu\n|faint|p1b: Urshifu\n|move|p1a: Volcarona|Quiver Dance|p1a: Volcarona\n|-boost|p1a: Volcarona|spa|1\n|-boost|p1a: Volcarona|spd|1\n|-boost|p1a: Volcarona|spe|1\n|\n|-weather|SunnyDay|[upkeep]\n|upkeep\n|\n|t:|1700153577\n|switch|p1b: Lurantis|Lurantis, L50, F, shiny|100\/100\n|turn|5\n|\n|t:|1700153603\n|move|p1b: Lurantis|Protect|p1b: Lurantis\n|-singleturn|p1b: Lurantis|Protect\n|move|p1a: Volcarona|Protect|p1a: Volcarona\n|-singleturn|p1a: Volcarona|Protect\n|move|p2a: Torkoal|Heat Wave|p1b: Lurantis|[spread] \n|-activate|p1a: Volcarona|move: Protect\n|-activate|p1b: Lurantis|move: Protect\n|move|p2b: Iron Hands|Drain Punch|p1a: Volcarona\n|-activate|p1a: Volcarona|move: Protect\n|\n|-weather|SunnyDay|[upkeep]\n|-fieldend|move: Trick Room\n|upkeep\n|turn|6\n|\n|t:|1700153630\n|move|p1a: Volcarona|Heat Wave|p2b: Iron Hands|[spread] p2a,p2b\n|-resisted|p2a: Torkoal\n|-damage|p2a: Torkoal|20\/100\n|-damage|p2b: Iron Hands|53\/100\n|move|p2b: Iron Hands|Drain Punch|p1a: Volcarona\n|-damage|p1a: Volcarona|39\/100\n|-heal|p2b: Iron Hands|67\/100|[from] drain|[of] p1a: Volcarona\n|-status|p2b: Iron Hands|brn|[from] ability: Flame Body|[of] p1a: Volcarona\n|-enditem|p1a: Volcarona|Sitrus Berry|[eat]\n|-heal|p1a: Volcarona|64\/100|[from] item: Sitrus Berry\n|move|p1b: Lurantis|Superpower|p2a: Torkoal\n|-damage|p2a: Torkoal|0 fnt\n|-boost|p1b: Lurantis|atk|1\n|-boost|p1b: Lurantis|def|1\n|faint|p2a: Torkoal\n|\n|-weather|SunnyDay|[upkeep]\n|-damage|p2b: Iron Hands|62\/100 brn|[from] brn\n|upkeep\n|\n|t:|1700153649\n|switch|p2a: Scream Tail|Scream Tail, L50|100\/100\n|-activate|p2a: Scream Tail|ability: Protosynthesis\n|-start|p2a: Scream Tail|protosynthesisspe\n|turn|7\n|\n|t:|1700153675\n|move|p2a: Scream Tail|Perish Song|p2a: Scream Tail\n|-start|p1a: Volcarona|perish3|[silent]\n|-start|p1b: Lurantis|perish3|[silent]\n|-start|p2a: Scream Tail|perish3|[silent]\n|-start|p2b: Iron Hands|perish3|[silent]\n|-fieldactivate|move: Perish Song\n|move|p1a: Volcarona|Bug Buzz|p2a: Scream Tail\n|-damage|p2a: Scream Tail|55\/100\n|move|p2b: Iron Hands|Drain Punch|p1b: Lurantis\n|-damage|p1b: Lurantis|85\/100\n|-heal|p2b: Iron Hands|67\/100 brn|[from] drain|[of] p1b: Lurantis\n|move|p1b: Lurantis|Razor Leaf|p2a: Scream Tail|[spread] p2a\n|-miss|p1b: Lurantis|p2b: Iron Hands\n|-damage|p2a: Scream Tail|33\/100\n|\n|-weather|none\n|-end|p2a: Scream Tail|Protosynthesis\n|-damage|p2b: Iron Hands|62\/100 brn|[from] brn\n|-start|p2a: Scream Tail|perish3\n|-start|p1a: Volcarona|perish3\n|-start|p2b: Iron Hands|perish3\n|-start|p1b: Lurantis|perish3\n|upkeep\n|-enditem|p2a: Scream Tail|Booster Energy\n|-activate|p2a: Scream Tail|ability: Protosynthesis|[fromitem]\n|-start|p2a: Scream Tail|protosynthesisspe\n|turn|8\n|\n|t:|1700153703\n|move|p2a: Scream Tail|Protect|p2a: Scream Tail\n|-singleturn|p2a: Scream Tail|Protect\n|move|p1a: Volcarona|Heat Wave|p2b: Iron Hands|[spread] p2b\n|-activate|p2a: Scream Tail|move: Protect\n|-damage|p2b: Iron Hands|38\/100 brn\n|move|p2b: Iron Hands|Drain Punch|p1a: Volcarona\n|-damage|p1a: Volcarona|48\/100\n|-heal|p2b: Iron Hands|45\/100 brn|[from] drain|[of] p1a: Volcarona\n|move|p1b: Lurantis|Razor Leaf|p2a: Scream Tail|[spread] \n|-activate|p2a: Scream Tail|move: Protect\n|-miss|p1b: Lurantis|p2b: Iron Hands\n|\n|-damage|p2b: Iron Hands|39\/100 brn|[from] brn\n|-start|p2a: Scream Tail|perish2\n|-start|p1a: Volcarona|perish2\n|-start|p2b: Iron Hands|perish2\n|-start|p1b: Lurantis|perish2\n|upkeep\n|turn|9\n|\n|t:|1700153740\n|move|p2a: Scream Tail|Disable|p1a: Volcarona\n|-start|p1a: Volcarona|Disable|Heat Wave\n|cant|p1a: Volcarona|Disable|Heat Wave\n|move|p2b: Iron Hands|Wild Charge|p1a: Volcarona\n|-resisted|p1a: Volcarona\n|-damage|p1a: Volcarona|37\/100\n|-damage|p2b: Iron Hands|37\/100 brn|[from] Recoil\n|move|p1b: Lurantis|Razor Leaf|p2a: Scream Tail|[spread] p2a,p2b\n|-crit|p2b: Iron Hands\n|-damage|p2a: Scream Tail|11\/100\n|-damage|p2b: Iron Hands|6\/100 brn\n|\n|-damage|p2b: Iron Hands|0 fnt|[from] brn\n|faint|p2b: Iron Hands\n|-end|p2b: Iron Hands|Quark Drive|[silent]\n|-start|p2a: Scream Tail|perish1\n|-start|p1a: Volcarona|perish1\n|-start|p1b: Lurantis|perish1\n|upkeep\n|turn|10\n|-message|balebale2000 forfeited.\n|\n|win|shimst3r\n|raw|balebale2000's rating: 1100 &rarr; <strong>1071<\/strong><br \/>(-29 for losing)\n|raw|shimst3r's rating: 1041 &rarr; <strong>1081<\/strong><br \/>(+40 for winning)\n|l|\u2606balebale2000\n","uploadtime":1700153778,"views":12,"p1id":"balebale2000","p2id":"shimst3r","formatid":"gen9vgc2023regulatione","rating":1071,"private":0,"password":""}