{"id":"gen9vgc2023regulatione-1991581925","p1":"Professor_J93","p2":"Feverqweem","format":"[Gen 9] VGC 2023 Regulation E","log":"|j|\u2606Professor_J93\n|j|\u203dFeverqweem\n|t:|1700090753\n|gametype|doubles\n|player|p1|Professor_J93|benga|1343\n|player|p2|Feverqweem|266|1455\n|teamsize|p1|6\n|teamsize|p2|6\n|gen|9\n|tier|[Gen 9] VGC 2023 Regulation E\n|rated|\n|rule|Species Clause: Limit one of each Pok\u00e9mon\n|rule|Item Clause: Limit one of each item\n|clearpoke\n|poke|p1|Basculegion, L50, M|\n|poke|p1|Roaring Moon, L50|\n|poke|p1|Chien-Pao, L50|\n|poke|p1|Heatran, L50, M|\n|poke|p1|Gholdengo, L50|\n|poke|p1|Rillaboom, L50, F|\n|poke|p2|Roaring Moon, L50|\n|poke|p2|Gholdengo, L50|\n|poke|p2|Chien-Pao, L50|\n|poke|p2|Arcanine-Hisui, L50, M|\n|poke|p2|Urshifu-*, L50, F|\n|poke|p2|Rillaboom, L50, F|\n|teampreview|4\n|inactive|Battle timer is ON: inactive players will automatically lose when time's up. (requested by Feverqweem)\n|\n|t:|1700090849\n|start\n|switch|p1a: Roaring Moon|Roaring Moon, L50|100\/100\n|switch|p1b: Gholdengo|Gholdengo, L50|100\/100\n|switch|p2a: Chien-Pao|Chien-Pao, L50|100\/100\n|switch|p2b: Arcanine|Arcanine-Hisui, L50, M|100\/100\n|-ability|p2a: Chien-Pao|Sword of Ruin\n|-ability|p2b: Arcanine|Intimidate|boost\n|-unboost|p1a: Roaring Moon|atk|1\n|-unboost|p1b: Gholdengo|atk|1\n|-enditem|p1a: Roaring Moon|Booster Energy\n|-activate|p1a: Roaring Moon|ability: Protosynthesis|[fromitem]\n|-start|p1a: Roaring Moon|protosynthesisspe\n|turn|1\n|inactive|Feverqweem has 30 seconds left.\n|\n|t:|1700090879\n|-terastallize|p1b: Gholdengo|Steel\n|move|p1a: Roaring Moon|Tailwind|p1a: Roaring Moon\n|-sidestart|p1: Professor_J93|move: Tailwind\n|move|p1b: Gholdengo|Make It Rain|p2b: Arcanine|[spread] p2a,p2b\n|-supereffective|p2a: Chien-Pao\n|-enditem|p2a: Chien-Pao|Focus Sash\n|-damage|p2a: Chien-Pao|1\/100\n|-damage|p2b: Arcanine|0 fnt\n|-unboost|p1b: Gholdengo|spa|1\n|faint|p2b: Arcanine\n|move|p2a: Chien-Pao|Ice Spinner|p1a: Roaring Moon\n|-supereffective|p1a: Roaring Moon\n|-damage|p1a: Roaring Moon|0 fnt\n|faint|p1a: Roaring Moon\n|-end|p1a: Roaring Moon|Protosynthesis|[silent]\n|\n|upkeep\n|\n|t:|1700090895\n|switch|p1a: Rillaboom|Rillaboom, L50, F|100\/100\n|switch|p2b: Roaring Moon|Roaring Moon, L50|100\/100\n|-fieldstart|move: Grassy Terrain|[from] ability: Grassy Surge|[of] p1a: Rillaboom\n|-enditem|p2b: Roaring Moon|Booster Energy\n|-activate|p2b: Roaring Moon|ability: Protosynthesis|[fromitem]\n|-start|p2b: Roaring Moon|protosynthesisspe\n|turn|2\n|\n|t:|1700090904\n|move|p2b: Roaring Moon|Protect|p2b: Roaring Moon\n|-singleturn|p2b: Roaring Moon|Protect\n|move|p2a: Chien-Pao|Protect|p2a: Chien-Pao\n|-singleturn|p2a: Chien-Pao|Protect\n|move|p1a: Rillaboom|Fake Out|p2b: Roaring Moon\n|-activate|p2b: Roaring Moon|move: Protect\n|move|p1b: Gholdengo|Make It Rain|p2b: Roaring Moon|[spread] \n|-activate|p2a: Chien-Pao|move: Protect\n|-activate|p2b: Roaring Moon|move: Protect\n|\n|-heal|p2a: Chien-Pao|7\/100|[from] Grassy Terrain\n|upkeep\n|turn|3\n|\n|t:|1700090923\n|switch|p1b: Basculegion|Basculegion, L50, M|100\/100\n|switch|p2a: Gholdengo|Gholdengo, L50|100\/100\n|move|p1a: Rillaboom|Grassy Glide|p2a: Gholdengo\n|-resisted|p2a: Gholdengo\n|-damage|p2a: Gholdengo|83\/100\n|move|p2b: Roaring Moon|Tailwind|p2b: Roaring Moon\n|-sidestart|p2: Feverqweem|move: Tailwind\n|\n|-heal|p2a: Gholdengo|89\/100|[from] Grassy Terrain\n|-heal|p2a: Gholdengo|95\/100|[from] item: Leftovers\n|upkeep\n|turn|4\n|inactive|Professor_J93 has 30 seconds left.\n|\n|t:|1700090954\n|move|p2a: Gholdengo|Protect|p2a: Gholdengo\n|-singleturn|p2a: Gholdengo|Protect\n|move|p2b: Roaring Moon|Knock Off|p1b: Basculegion\n|-supereffective|p1b: Basculegion\n|-crit|p1b: Basculegion\n|-damage|p1b: Basculegion|0 fnt\n|-enditem|p1b: Basculegion|Clear Amulet|[from] move: Knock Off|[of] p2b: Roaring Moon\n|faint|p1b: Basculegion\n|move|p1a: Rillaboom|Stomping Tantrum|p2a: Gholdengo\n|-activate|p2a: Gholdengo|move: Protect\n|\n|-heal|p2a: Gholdengo|100\/100|[from] Grassy Terrain\n|-sideend|p1: Professor_J93|move: Tailwind\n|upkeep\n|\n|t:|1700090957\n|switch|p1b: Gholdengo|Gholdengo, L50, tera:Steel|100\/100\n|turn|5\n|\n|t:|1700090972\n|move|p2b: Roaring Moon|Breaking Swipe|p1b: Gholdengo|[spread] p1a,p1b\n|-resisted|p1b: Gholdengo\n|-crit|p1b: Gholdengo\n|-damage|p1a: Rillaboom|81\/100\n|-damage|p1b: Gholdengo|83\/100\n|-unboost|p1a: Rillaboom|atk|1\n|-unboost|p1b: Gholdengo|atk|1\n|move|p2a: Gholdengo|Nasty Plot|p2a: Gholdengo\n|-boost|p2a: Gholdengo|spa|2\n|move|p1b: Gholdengo|Dazzling Gleam|p2b: Roaring Moon|[spread] p2a,p2b\n|-resisted|p2a: Gholdengo\n|-supereffective|p2b: Roaring Moon\n|-damage|p2a: Gholdengo|86\/100\n|-damage|p2b: Roaring Moon|0 fnt\n|faint|p2b: Roaring Moon\n|-end|p2b: Roaring Moon|Protosynthesis|[silent]\n|move|p1a: Rillaboom|Stomping Tantrum|p2a: Gholdengo\n|-supereffective|p2a: Gholdengo\n|-damage|p2a: Gholdengo|49\/100\n|\n|-heal|p2a: Gholdengo|56\/100|[from] Grassy Terrain\n|-heal|p2a: Gholdengo|62\/100|[from] item: Leftovers\n|-heal|p1b: Gholdengo|89\/100|[from] Grassy Terrain\n|-heal|p1a: Rillaboom|87\/100|[from] Grassy Terrain\n|-heal|p1a: Rillaboom|93\/100|[from] item: Leftovers\n|upkeep\n|\n|t:|1700090976\n|switch|p2b: Chien-Pao|Chien-Pao, L50|7\/100\n|-ability|p2b: Chien-Pao|Sword of Ruin\n|turn|6\n|inactive|Feverqweem has 30 seconds left.\n|inactive|Feverqweem has 20 seconds left.\n|\n|t:|1700091017\n|move|p2b: Chien-Pao|Protect|p2b: Chien-Pao\n|-singleturn|p2b: Chien-Pao|Protect\n|move|p1a: Rillaboom|Protect|p1a: Rillaboom\n|-singleturn|p1a: Rillaboom|Protect\n|move|p2a: Gholdengo|Shadow Ball|p1b: Gholdengo\n|-damage|p1b: Gholdengo|0 fnt\n|faint|p1b: Gholdengo\n|\n|-heal|p2b: Chien-Pao|13\/100|[from] Grassy Terrain\n|-heal|p2a: Gholdengo|68\/100|[from] Grassy Terrain\n|-heal|p2a: Gholdengo|74\/100|[from] item: Leftovers\n|-heal|p1a: Rillaboom|99\/100|[from] Grassy Terrain\n|-heal|p1a: Rillaboom|100\/100|[from] item: Leftovers\n|-sideend|p2: Feverqweem|move: Tailwind\n|-fieldend|move: Grassy Terrain\n|upkeep\n|turn|7\n|c|\u2606Professor_J93|gg wp\n|-message|Professor_J93 forfeited.\n|\n|win|Feverqweem\n|raw|Professor_J93's rating: 1343 &rarr; <strong>1329<\/strong><br \/>(-14 for losing)\n|raw|Feverqweem's rating: 1455 &rarr; <strong>1469<\/strong><br \/>(+14 for winning)\n|l|\u2606Professor_J93\n","uploadtime":1700091055,"views":18,"p1id":"professorj93","p2id":"feverqweem","formatid":"gen9vgc2023regulatione","rating":1329,"private":0,"password":""}