{"id":"gen9vgc2023regulatione-1990655863","p1":"DaWoblefet","p2":"TStorm","format":"[Gen 9] VGC 2023 Regulation E","log":"|j|\u2606DaWoblefet\n|j|\u2606TStorm\n|n|\u2606DaWoblefet|dawoblefet\n|n|\u2606TStorm|tstorm\n|html|View the match progress at <a href=\"\/game-bestof3-gen9vgc2023regulatione-1990655862\">game-bestof3-gen9vgc2023regulatione-1990655862<\/a>\n|t:|1699989219\n|gametype|doubles\n|player|p1|DaWoblefet|#dawoblefet|\n|player|p2|TStorm|chuck|\n|teamsize|p1|6\n|teamsize|p2|6\n|gen|9\n|tier|[Gen 9] VGC 2023 Regulation E\n|rated|Tournament battle\n|rule|Species Clause: Limit one of each Pok\u00e9mon\n|rule|Item Clause: Limit one of each item\n|clearpoke\n|poke|p1|Dusclops, L50, M|\n|poke|p1|Ursaluna-Bloodmoon, L50, M|\n|poke|p1|Iron Hands, L50|\n|poke|p1|Ogerpon-Wellspring, L50, F|\n|poke|p1|Landorus-Therian, L50, M|\n|poke|p1|Chi-Yu, L50|\n|poke|p2|Gholdengo, L50|\n|poke|p2|Urshifu-*, L50, F|\n|poke|p2|Arcanine-Hisui, L50, F|\n|poke|p2|Rillaboom, L50, M|\n|poke|p2|Tornadus, L50, M|\n|poke|p2|Amoonguss, L50, F|\n|teampreview|4\n|showteam|p1|Dusclops||Eviolite|Pressure|TrickRoom,WillOWisp,PainSplit,BrickBreak|||M|||50|,,,,,Dark]Ursaluna-Bloodmoon||WeaknessPolicy|MindsEye|HyperVoice,EarthPower,BloodMoon,Protect|||M|||50|,,,,,Normal]Iron Hands||AssaultVest|QuarkDrive|DrainPunch,HeavySlam,FakeOut,VoltSwitch||||||50|,,,,,Fire]Ogerpon-Wellspring||WellspringMask|WaterAbsorb|FollowMe,IvyCudgel,HornLeech,SpikyShield|||F|||50|,,,,,Water]Landorus-Therian||ChoiceScarf|Intimidate|RockSlide,Uturn,StompingTantrum,TeraBlast|||M|||50|,,,,,Flying]Chi-Yu||SitrusBerry|BeadsofRuin|HeatWave,DarkPulse,NastyPlot,Protect||||||50|,,,,,Ghost\n|showteam|p2|Gholdengo||Leftovers|GoodasGold|MakeItRain,ShadowBall,NastyPlot,Protect||||||50|,,,,,Dragon]Urshifu-Rapid-Strike||MysticWater|UnseenFist|SurgingStrikes,CloseCombat,AquaJet,Protect|||F|||50|,,,,,Water]Arcanine-Hisui||ChoiceBand|Intimidate|FlareBlitz,ExtremeSpeed,RockSlide,TeraBlast|||F|||50|,,,,,Fairy]Rillaboom||MiracleSeed|GrassySurge|GrassyGlide,WoodHammer,Protect,FakeOut|||M|||50|,,,,,Grass]Tornadus||CovertCloak|Prankster|BleakwindStorm,RainDance,Tailwind,ScaryFace|||M|||50|,,,,,Ghost]Amoonguss||SitrusBerry|EffectSpore|Spore,ClearSmog,RagePowder,PollenPuff|||F|||50|,,,,,Dark\n|j| MinamiSimp\n|c|\u2606DaWoblefet|gl hf\n|inactive|Battle timer is ON: inactive players will automatically lose when time's up. (requested by DaWoblefet)\n|j| KnighLt\n|c|\u2606TStorm|Glhf\n|j| fyfyyalt1\n|inactive|TStorm has 60 seconds left.\n|inactive|TStorm has 30 seconds left.\n|inactive|TStorm has 20 seconds left.\n|inactive|TStorm has 15 seconds left.\n|c| KnighLt|Interesting matchup\n|inactive|TStorm has 10 seconds left.\n|inactive|TStorm has 5 seconds left.\n|\n|t:|1699989313\n|start\n|switch|p1a: Chi-Yu|Chi-Yu, L50|100\/100\n|switch|p1b: Landorus|Landorus-Therian, L50, M, shiny|100\/100\n|switch|p2a: Amoonguss|Amoonguss, L50, F|100\/100\n|switch|p2b: Gholdengo|Gholdengo, L50|100\/100\n|-ability|p1b: Landorus|Intimidate|boost\n|-unboost|p2a: Amoonguss|atk|1\n|-unboost|p2b: Gholdengo|atk|1\n|-ability|p1a: Chi-Yu|Beads of Ruin\n|turn|1\n|inactive|TStorm has 30 seconds left.\n|\n|t:|1699989346\n|switch|p2b: Urshifu|Urshifu-Rapid-Strike, L50, F|100\/100\n|-terastallize|p2a: Amoonguss|Dark\n|move|p1b: Landorus|U-turn|p2a: Amoonguss\n|-supereffective|p2a: Amoonguss\n|-damage|p2a: Amoonguss|64\/100\n|\n|t:|1699989352\n|switch|p1b: Ogerpon|Ogerpon-Wellspring, L50, F|100\/100|[from] U-turn\n|move|p1a: Chi-Yu|Heat Wave|p2a: Amoonguss|[spread] p2a,p2b\n|-resisted|p2b: Urshifu\n|-damage|p2a: Amoonguss|19\/100\n|-damage|p2b: Urshifu|70\/100\n|-enditem|p2a: Amoonguss|Sitrus Berry|[eat]\n|-heal|p2a: Amoonguss|44\/100|[from] item: Sitrus Berry\n|move|p2a: Amoonguss|Spore|p1a: Chi-Yu\n|-status|p1a: Chi-Yu|slp|[from] move: Spore\n|\n|upkeep\n|turn|2\n|j| Stonnee\n|\n|t:|1699989374\n|switch|p2a: Rillaboom|Rillaboom, L50, M|100\/100\n|-fieldstart|move: Grassy Terrain|[from] ability: Grassy Surge|[of] p2a: Rillaboom\n|move|p2b: Urshifu|Protect|p2b: Urshifu\n|-singleturn|p2b: Urshifu|Protect\n|cant|p1a: Chi-Yu|slp\n|move|p1b: Ogerpon|Horn Leech|p2b: Urshifu\n|-activate|p2b: Urshifu|move: Protect\n|\n|-heal|p2b: Urshifu|76\/100|[from] Grassy Terrain\n|upkeep\n|turn|3\n|inactive|DaWoblefet has 30 seconds left.\n|\n|t:|1699989402\n|switch|p1a: Landorus|Landorus-Therian, L50, M, shiny|100\/100\n|-ability|p1a: Landorus|Intimidate|boost\n|-unboost|p2a: Rillaboom|atk|1\n|-unboost|p2b: Urshifu|atk|1\n|move|p2a: Rillaboom|Fake Out|p1b: Ogerpon\n|-damage|p1b: Ogerpon|90\/100\n|cant|p1b: Ogerpon|flinch\n|move|p2b: Urshifu|Surging Strikes|p1a: Landorus\n|-supereffective|p1a: Landorus\n|-crit|p1a: Landorus\n|-damage|p1a: Landorus|46\/100\n|-supereffective|p1a: Landorus\n|-crit|p1a: Landorus\n|-damage|p1a: Landorus|0 fnt\n|faint|p1a: Landorus\n|-hitcount|p1: Landorus|2\n|\n|-heal|p1b: Ogerpon|96\/100|[from] Grassy Terrain\n|-heal|p2b: Urshifu|82\/100|[from] Grassy Terrain\n|upkeep\n|j| Kratas\n|\n|t:|1699989410\n|switch|p1a: Chi-Yu|Chi-Yu, L50|100\/100 slp\n|-ability|p1a: Chi-Yu|Beads of Ruin\n|turn|4\n|\n|t:|1699989428\n|-terastallize|p1a: Chi-Yu|Ghost\n|cant|p1a: Chi-Yu|slp\n|move|p1b: Ogerpon|Horn Leech|p2b: Urshifu\n|-supereffective|p2b: Urshifu\n|-damage|p2b: Urshifu|0 fnt\n|-heal|p1b: Ogerpon|100\/100|[from] drain|[of] p2b: Urshifu\n|faint|p2b: Urshifu\n|move|p2a: Rillaboom|Wood Hammer|p1b: Ogerpon\n|-damage|p1b: Ogerpon|27\/100\n|-damage|p2a: Rillaboom|77\/100|[from] Recoil\n|\n|-heal|p1b: Ogerpon|33\/100|[from] Grassy Terrain\n|-heal|p2a: Rillaboom|83\/100|[from] Grassy Terrain\n|upkeep\n|\n|t:|1699989439\n|switch|p2b: Gholdengo|Gholdengo, L50|100\/100\n|turn|5\n|\n|t:|1699989449\n|move|p1b: Ogerpon|Follow Me|p1b: Ogerpon\n|-singleturn|p1b: Ogerpon|move: Follow Me\n|move|p2a: Rillaboom|Grassy Glide|p1b: Ogerpon\n|-damage|p1b: Ogerpon|0 fnt\n|faint|p1b: Ogerpon\n|cant|p1a: Chi-Yu|slp\n|move|p2b: Gholdengo|Shadow Ball|p1a: Chi-Yu\n|-supereffective|p1a: Chi-Yu\n|-damage|p1a: Chi-Yu|4\/100 slp\n|-enditem|p1a: Chi-Yu|Sitrus Berry|[eat]\n|-heal|p1a: Chi-Yu|29\/100 slp|[from] item: Sitrus Berry\n|\n|-heal|p1a: Chi-Yu|35\/100 slp|[from] Grassy Terrain\n|-heal|p2a: Rillaboom|90\/100|[from] Grassy Terrain\n|upkeep\n|\n|t:|1699989457\n|switch|p1b: Iron Hands|Iron Hands, L50, shiny|100\/100\n|turn|6\n|c| KnighLt|That's a lot of sleep\n|\n|t:|1699989473\n|switch|p2a: Amoonguss|Amoonguss, L50, F, tera:Dark|44\/100\n|move|p2b: Gholdengo|Protect|p2b: Gholdengo\n|-singleturn|p2b: Gholdengo|Protect\n|move|p1b: Iron Hands|Fake Out|p2a: Amoonguss\n|-damage|p2a: Amoonguss|32\/100\n|-curestatus|p1a: Chi-Yu|slp|[msg]\n|move|p1a: Chi-Yu|Dark Pulse|p2b: Gholdengo\n|-activate|p2b: Gholdengo|move: Protect\n|\n|-heal|p1a: Chi-Yu|41\/100|[from] Grassy Terrain\n|-heal|p2a: Amoonguss|38\/100|[from] Grassy Terrain\n|-fieldend|move: Grassy Terrain\n|upkeep\n|turn|7\n|c|\u2606DaWoblefet|the t in t storm stands for 3 turn sleep\n|c| KnighLt|ha, maybe\n|inactive|DaWoblefet has 30 seconds left.\n|inactive|DaWoblefet has 20 seconds left.\n|\n|t:|1699989510\n|move|p1a: Chi-Yu|Heat Wave|p2a: Amoonguss|[spread] p2a,p2b\n|-supereffective|p2b: Gholdengo\n|-damage|p2a: Amoonguss|0 fnt\n|-damage|p2b: Gholdengo|0 fnt\n|faint|p2a: Amoonguss\n|faint|p2b: Gholdengo\n|move|p1b: Iron Hands|Heavy Slam|p2: Amoonguss|[notarget]\n|-fail|p1b: Iron Hands\n|\n|upkeep\n|\n|t:|1699989514\n|switch|p2b: Rillaboom|Rillaboom, L50, M|90\/100\n|-fieldstart|move: Grassy Terrain|[from] ability: Grassy Surge|[of] p2b: Rillaboom\n|turn|8\n|\n|t:|1699989523\n|move|p2b: Rillaboom|Protect|p2b: Rillaboom\n|-singleturn|p2b: Rillaboom|Protect\n|move|p1a: Chi-Yu|Heat Wave|p2b: Rillaboom\n|-activate|p2b: Rillaboom|move: Protect\n|move|p1b: Iron Hands|Drain Punch|p2b: Rillaboom\n|-activate|p2b: Rillaboom|move: Protect\n|\n|-heal|p1a: Chi-Yu|47\/100|[from] Grassy Terrain\n|-heal|p2b: Rillaboom|96\/100|[from] Grassy Terrain\n|upkeep\n|turn|9\n|c| fyfyyalt1|just chi yu things :-\n|\n|t:|1699989531\n|move|p1a: Chi-Yu|Protect|p1a: Chi-Yu\n|-singleturn|p1a: Chi-Yu|Protect\n|move|p2b: Rillaboom|Grassy Glide|p1a: Chi-Yu\n|-activate|p1a: Chi-Yu|move: Protect\n|move|p1b: Iron Hands|Drain Punch|p2b: Rillaboom\n|-damage|p2b: Rillaboom|54\/100\n|\n|-heal|p1a: Chi-Yu|53\/100|[from] Grassy Terrain\n|-heal|p2b: Rillaboom|60\/100|[from] Grassy Terrain\n|upkeep\n|turn|10\n|\n|t:|1699989541\n|move|p2b: Rillaboom|Grassy Glide|p1a: Chi-Yu\n|-damage|p1a: Chi-Yu|0 fnt\n|faint|p1a: Chi-Yu\n|move|p1b: Iron Hands|Drain Punch|p2b: Rillaboom\n|-damage|p2b: Rillaboom|16\/100\n|\n|-heal|p2b: Rillaboom|22\/100|[from] Grassy Terrain\n|upkeep\n|turn|11\n|\n|t:|1699989547\n|move|p2b: Rillaboom|Wood Hammer|p1b: Iron Hands\n|-damage|p1b: Iron Hands|25\/100\n|-damage|p2b: Rillaboom|0 fnt|[from] Recoil\n|faint|p2b: Rillaboom\n|\n|win|DaWoblefet\n|c|&|\/uhtml prompt-dawoblefet,DaWoblefet is ready for game 2!\n|c|\u2606TStorm|Gg\n|c|\u2606DaWoblefet|gg\n|c|&|\/uhtml prompt-tstorm,TStorm is ready for game 2!\nBoth players are ready! Starting next match!\n|l| MinamiSimp\n|l| fyfyyalt1\n|l| Stonnee\n","uploadtime":1699989695,"views":15,"p1id":"dawoblefet","p2id":"tstorm","formatid":"gen9vgc2023regulatione","rating":0,"private":0,"password":""}