{"id":"gen9vgc2023regulatione-1992331914","p1":"GianmariaVGC","p2":"FlamtapShuckle","format":"[Gen 9] VGC 2023 Regulation E","log":"|j|\u2606GianmariaVGC\n|j|\u2606FlamtapShuckle\n|t:|1700175547\n|gametype|doubles\n|player|p1|GianmariaVGC|pokekid|\n|player|p2|FlamtapShuckle|tuberf|\n|teamsize|p1|6\n|teamsize|p2|6\n|gen|9\n|tier|[Gen 9] VGC 2023 Regulation E\n|rated|Tournament battle\n|rule|Species Clause: Limit one of each Pok\u00e9mon\n|rule|Item Clause: Limit one of each item\n|clearpoke\n|poke|p1|Tornadus, L50, M|\n|poke|p1|Urshifu-*, L50, M|\n|poke|p1|Arcanine-Hisui, L50, F|\n|poke|p1|Iron Hands, L50|\n|poke|p1|Amoonguss, L50, M|\n|poke|p1|Gholdengo, L50|\n|poke|p2|Urshifu-*, L50, M|\n|poke|p2|Farigiraf, L50, M|\n|poke|p2|Clefairy, L50, F|\n|poke|p2|Ogerpon-Hearthflame, L50, F|\n|poke|p2|Ursaluna-Bloodmoon, L50, M|\n|poke|p2|Okidogi, L50, M|\n|teampreview|4\n|showteam|p1|Tornadus||CovertCloak|Prankster|BleakwindStorm,RainDance,Tailwind,Taunt|||M|||50|,,,,,Steel]Urshifu-Rapid-Strike||MysticWater|UnseenFist|SurgingStrikes,CloseCombat,AquaJet,Protect|||M|||50|,,,,,Water]Arcanine-Hisui||ChoiceBand|Intimidate|FlareBlitz,RockSlide,ExtremeSpeed,TeraBlast|||F|||50|,,,,,Fairy]Iron Hands||AssaultVest|QuarkDrive|WildCharge,DrainPunch,VoltSwitch,FakeOut||||||50|,,,,,Water]Amoonguss||SitrusBerry|Regenerator|PollenPuff,Spore,RagePowder,Protect|||M|||50|,,,,,Fire]Gholdengo||Leftovers|GoodasGold|MakeItRain,ShadowBall,NastyPlot,Protect||||||50|,,,,,Dragon\n|showteam|p2|Urshifu-Rapid-Strike||ChoiceScarf|UnseenFist|SurgingStrikes,CloseCombat,Uturn,IceSpinner|||M|||50|,,,,,Water]Farigiraf||SitrusBerry|ArmorTail|Psychic,DazzlingGleam,NastyPlot,TrickRoom|||M|||50|,,,,,Fire]Clefairy||Eviolite|FriendGuard|Protect,HelpingHand,FollowMe,HealPulse|||F|||50|,,,,,Grass]Ogerpon-Hearthflame||HearthflameMask|MoldBreaker|IvyCudgel,HornLeech,SpikyShield,SwordsDance|||F|||50|,,,,,Fire]Ursaluna-Bloodmoon||LifeOrb|MindsEye|HyperVoice,BloodMoon,EarthPower,Protect|||M|||50|,,,,,Grass]Okidogi||AssaultVest|GuardDog|PoisonJab,BrickBreak,Snarl,IcePunch|||M|||50|,,,,,Water\n|j| BoShmoover\n|j| alchemistake\n|l| alchemistake\n|j| alchemistake\n|c| alchemistake|whomever wins this wins the tourney\n|j| Red Fang X\n|c| alchemistake|because it is my bed time\n|c| alchemistake|glhf\n|\n|t:|1700175592\n|start\n|switch|p1a: Iron Hands|Iron Hands, L50|100\/100\n|switch|p1b: Gholdengo|Gholdengo, L50|100\/100\n|switch|p2a: Clefairy|Clefairy, L50, F|100\/100\n|switch|p2b: Farigiraf|Farigiraf, L50, M|100\/100\n|turn|1\n|c| Red Fang X|Ooh I\n|c| alchemistake|or forfeit right now so i can play :D\n|\n|t:|1700175616\n|-terastallize|p2b: Farigiraf|Fire\n|move|p1b: Gholdengo|Nasty Plot|p1b: Gholdengo\n|-boost|p1b: Gholdengo|spa|2\n|move|p2b: Farigiraf|Nasty Plot|p2b: Farigiraf\n|-boost|p2b: Farigiraf|spa|2\n|move|p1a: Iron Hands|Volt Switch|p2b: Farigiraf\n|-damage|p2b: Farigiraf|92\/100\n|\n|t:|1700175631\n|-end|p1a: Iron Hands|Quark Drive|[silent]\n|switch|p1a: Urshifu|Urshifu-Rapid-Strike, L50, M|100\/100|[from] Volt Switch\n|move|p2a: Clefairy|Heal Pulse|p2b: Farigiraf\n|-heal|p2b: Farigiraf|100\/100\n|\n|upkeep\n|turn|2\n|\n|t:|1700175648\n|move|p1a: Urshifu|Protect|p1a: Urshifu\n|-singleturn|p1a: Urshifu|Protect\n|move|p2a: Clefairy|Follow Me|p2a: Clefairy\n|-singleturn|p2a: Clefairy|move: Follow Me\n|move|p1b: Gholdengo|Make It Rain|p2a: Clefairy|[spread] p2a,p2b\n|-supereffective|p2a: Clefairy\n|-resisted|p2b: Farigiraf\n|-damage|p2a: Clefairy|0 fnt\n|-damage|p2b: Farigiraf|67\/100\n|-unboost|p1b: Gholdengo|spa|1\n|faint|p2a: Clefairy\n|move|p2b: Farigiraf|Trick Room|p2b: Farigiraf\n|-fieldstart|move: Trick Room|[of] p2b: Farigiraf\n|\n|upkeep\n|\n|t:|1700175673\n|switch|p2a: Ursaluna|Ursaluna-Bloodmoon, L50, M|100\/100\n|turn|3\n|inactive|Battle timer is ON: inactive players will automatically lose when time's up. (requested by FlamtapShuckle)\n|l| Red Fang X\n|\n|t:|1700175749\n|switch|p1a: Iron Hands|Iron Hands, L50|100\/100\n|-terastallize|p1b: Gholdengo|Dragon\n|move|p2a: Ursaluna|Hyper Voice|p1b: Gholdengo|[spread] p1a,p1b\n|-damage|p1a: Iron Hands|76\/100\n|-damage|p1b: Gholdengo|50\/100\n|-damage|p2a: Ursaluna|91\/100|[from] item: Life Orb\n|move|p2b: Farigiraf|Dazzling Gleam|p1b: Gholdengo|[spread] p1a,p1b\n|-supereffective|p1a: Iron Hands\n|-supereffective|p1b: Gholdengo\n|-damage|p1a: Iron Hands|39\/100\n|-damage|p1b: Gholdengo|0 fnt\n|faint|p1b: Gholdengo\n|\n|upkeep\n|j| Red Fang X\n|c|\u2606FlamtapShuckle|So why do people append vgc to their name\n|\n|t:|1700175766\n|switch|p1b: Amoonguss|Amoonguss, L50, M|100\/100\n|turn|4\n|\n|t:|1700175779\n|move|p2a: Ursaluna|Blood Moon|p1b: Amoonguss\n|-damage|p1b: Amoonguss|10\/100\n|-enditem|p1b: Amoonguss|Sitrus Berry|[eat]\n|-heal|p1b: Amoonguss|35\/100|[from] item: Sitrus Berry\n|-damage|p2a: Ursaluna|81\/100|[from] item: Life Orb\n|move|p1b: Amoonguss|Spore|p2b: Farigiraf\n|-status|p2b: Farigiraf|slp|[from] move: Spore\n|move|p1a: Iron Hands|Drain Punch|p2a: Ursaluna\n|-supereffective|p2a: Ursaluna\n|-damage|p2a: Ursaluna|26\/100\n|-heal|p1a: Iron Hands|65\/100|[from] drain|[of] p2a: Ursaluna\n|cant|p2b: Farigiraf|slp\n|\n|upkeep\n|turn|5\n|c| BoShmoover|To feel like they're something\n|\n|t:|1700175801\n|move|p2a: Ursaluna|Protect|p2a: Ursaluna\n|-singleturn|p2a: Ursaluna|Protect\n|move|p1b: Amoonguss|Protect|p1b: Amoonguss\n|-singleturn|p1b: Amoonguss|Protect\n|move|p1a: Iron Hands|Drain Punch|p2a: Ursaluna\n|-activate|p2a: Ursaluna|move: Protect\n|-curestatus|p2b: Farigiraf|slp|[msg]\n|move|p2b: Farigiraf|Psychic|p1b: Amoonguss\n|-activate|p1b: Amoonguss|move: Protect\n|\n|upkeep\n|turn|6\n|c|\u2606FlamtapShuckle|well, I don't see people being named <username>DUbers\n|c|\u2606FlamtapShuckle|or whatever\n|inactive|FlamtapShuckle has 30 seconds left.\n|j| Xie Demon\n|\n|t:|1700175835\n|move|p2a: Ursaluna|Earth Power|p1b: Amoonguss\n|-damage|p1b: Amoonguss|0 fnt\n|faint|p1b: Amoonguss\n|-damage|p2a: Ursaluna|16\/100|[from] item: Life Orb\n|move|p1a: Iron Hands|Drain Punch|p2a: Ursaluna\n|-supereffective|p2a: Ursaluna\n|-crit|p2a: Ursaluna\n|-damage|p2a: Ursaluna|0 fnt\n|-heal|p1a: Iron Hands|72\/100|[from] drain|[of] p2a: Ursaluna\n|faint|p2a: Ursaluna\n|move|p2b: Farigiraf|Psychic|p1a: Iron Hands\n|-supereffective|p1a: Iron Hands\n|-damage|p1a: Iron Hands|0 fnt\n|faint|p1a: Iron Hands\n|-end|p1a: Iron Hands|Quark Drive|[silent]\n|\n|-fieldend|move: Trick Room\n|upkeep\n|c| alchemistake|MichealGen4RandBats\n|\n|t:|1700175845\n|switch|p1a: Urshifu|Urshifu-Rapid-Strike, L50, M|100\/100\n|switch|p2a: Okidogi|Okidogi, L50, M|100\/100\n|turn|7\n|c|\u2606FlamtapShuckle|lol\n|\n|t:|1700175859\n|move|p1a: Urshifu|Surging Strikes|p2b: Farigiraf\n|-supereffective|p2b: Farigiraf\n|-crit|p2b: Farigiraf\n|-damage|p2b: Farigiraf|21\/100\n|-enditem|p2b: Farigiraf|Sitrus Berry|[eat]\n|-heal|p2b: Farigiraf|46\/100|[from] item: Sitrus Berry\n|-supereffective|p2b: Farigiraf\n|-crit|p2b: Farigiraf\n|-damage|p2b: Farigiraf|4\/100\n|-supereffective|p2b: Farigiraf\n|-crit|p2b: Farigiraf\n|-damage|p2b: Farigiraf|0 fnt\n|faint|p2b: Farigiraf\n|-hitcount|p2: Farigiraf|3\n|move|p2a: Okidogi|Poison Jab|p1a: Urshifu\n|-damage|p1a: Urshifu|61\/100\n|\n|upkeep\n|turn|8\n|\n|t:|1700175864\n|move|p1a: Urshifu|Surging Strikes|p2a: Okidogi\n|-crit|p2a: Okidogi\n|-damage|p2a: Okidogi|82\/100\n|-crit|p2a: Okidogi\n|-damage|p2a: Okidogi|62\/100\n|-crit|p2a: Okidogi\n|-damage|p2a: Okidogi|40\/100\n|-hitcount|p2a: Okidogi|3\n|move|p2a: Okidogi|Poison Jab|p1a: Urshifu\n|-damage|p1a: Urshifu|18\/100\n|-status|p1a: Urshifu|psn\n|\n|-damage|p1a: Urshifu|5\/100 psn|[from] psn\n|upkeep\n|turn|9\n|c|\u2606FlamtapShuckle|gg!\n|\n|t:|1700175877\n|move|p1a: Urshifu|Surging Strikes|p2a: Okidogi\n|-crit|p2a: Okidogi\n|-damage|p2a: Okidogi|22\/100\n|-crit|p2a: Okidogi\n|-damage|p2a: Okidogi|3\/100\n|-crit|p2a: Okidogi\n|-damage|p2a: Okidogi|0 fnt\n|faint|p2a: Okidogi\n|-hitcount|p2: Okidogi|3\n|\n|win|GianmariaVGC\n|n|\u2606GianmariaVGC|gianmariavgc\n|n|\u2606FlamtapShuckle|flamtapshuckle\n|n| BoShmoover|boshmoover\n|n| alchemistake|alchemistake\n|n| Red Fang X|redfangx\n|n| Xie Demon|xiedemon\n|l| alchemistake\n|l| BoShmoover\n|l| Red Fang X\n|l| Xie Demon\n","uploadtime":1700175898,"views":15,"p1id":"gianmariavgc","p2id":"flamtapshuckle","formatid":"gen9vgc2023regulatione","rating":0,"private":0,"password":""}