{"id":"gen9vgc2023regulatione-1997946893","p1":"BowDog!","p2":"whoisparsley","format":"[Gen 9] VGC 2023 Regulation E","log":"|j|\u2606BowDog!\n|j|\u2606whoisparsley\n|t:|1700870762\n|gametype|doubles\n|player|p1|BowDog!|winona|1151\n|player|p2|whoisparsley|carmine-festival|1150\n|teamsize|p1|6\n|teamsize|p2|6\n|gen|9\n|tier|[Gen 9] VGC 2023 Regulation E\n|rated|\n|rule|Species Clause: Limit one of each Pok\u00e9mon\n|rule|Item Clause: Limit one of each item\n|clearpoke\n|poke|p1|Ursaluna, L50, M|\n|poke|p1|Roaring Moon, L50|\n|poke|p1|Armarouge, L50, F|\n|poke|p1|Torkoal, L50, M|\n|poke|p1|Indeedee-F, L50, F|\n|poke|p1|Bronzong, L50|\n|poke|p2|Sableye, L50, F|\n|poke|p2|Dragapult, L50, F|\n|poke|p2|Sinistcha, L50|\n|poke|p2|Chien-Pao, L50|\n|poke|p2|Arcanine-Hisui, L50, M|\n|poke|p2|Illumise, L50, F|\n|teampreview|4\nBowDog! has agreed to open team sheets.\n|inactive|Battle timer is ON: inactive players will automatically lose when time's up. (requested by BowDog!)\n|inactive|whoisparsley has 60 seconds left.\n|\n|t:|1700870817\n|start\n|switch|p1a: Indeedee|Indeedee-F, L50, F|100\/100\n|switch|p1b: Armarouge|Armarouge, L50, F|100\/100\n|switch|p2a: Dragapult|Dragapult, L50, F, shiny|100\/100\n|switch|p2b: Arcanine|Arcanine-Hisui, L50, M, shiny|100\/100\n|-ability|p2b: Arcanine|Intimidate|boost\n|-unboost|p1a: Indeedee|atk|1\n|-unboost|p1b: Armarouge|atk|1\n|-fieldstart|move: Psychic Terrain|[from] ability: Psychic Surge|[of] p1a: Indeedee\n|turn|1\n|inactive|BowDog! has 30 seconds left.\n|inactive|BowDog! has 20 seconds left.\n|inactive|BowDog! has 15 seconds left.\n|inactive|BowDog! has 10 seconds left.\n|inactive|BowDog! has 5 seconds left.\n|\n|t:|1700870867\n|move|p2a: Dragapult|Dragon Darts|p1b: Armarouge\n|-damage|p1b: Armarouge|69\/100\n|-ability|p1b: Armarouge|Weak Armor|boost\n|-unboost|p1b: Armarouge|def|1\n|-boost|p1b: Armarouge|spe|2\n|-anim|p2a: Dragapult|Dragon Darts|p1a: Indeedee\n|-damage|p1a: Indeedee|75\/100\n|move|p1b: Armarouge|Expanding Force|p2b: Arcanine|[spread] p2a,p2b\n|-damage|p2a: Dragapult|16\/100\n|-damage|p2b: Arcanine|19\/100\n|-enditem|p2a: Dragapult|Sitrus Berry|[eat]\n|-heal|p2a: Dragapult|40\/100|[from] item: Sitrus Berry\n|move|p2b: Arcanine|Rock Slide|p1a: Indeedee|[spread] p1a,p1b\n|-supereffective|p1b: Armarouge\n|-damage|p1a: Indeedee|37\/100\n|-damage|p1b: Armarouge|0 fnt\n|faint|p1b: Armarouge\n|cant|p1a: Indeedee|flinch\n|\n|upkeep\n|\n|t:|1700870887\n|switch|p1b: Ursaluna|Ursaluna, L50, M|100\/100\n|turn|2\n|\n|t:|1700870911\n|switch|p2b: Chien-Pao|Chien-Pao, L50|100\/100\n|-ability|p2b: Chien-Pao|Sword of Ruin\n|move|p2a: Dragapult|Dragon Darts|p1a: Indeedee\n|-damage|p1a: Indeedee|4\/100\n|-anim|p2a: Dragapult|Dragon Darts|p1b: Ursaluna\n|-damage|p1b: Ursaluna|73\/100\n|move|p1b: Ursaluna|Shadow Claw|p2a: Dragapult\n|-supereffective|p2a: Dragapult\n|-damage|p2a: Dragapult|0 fnt\n|faint|p2a: Dragapult\n|move|p1a: Indeedee|Trick Room|p1a: Indeedee\n|-fieldstart|move: Trick Room|[of] p1a: Indeedee\n|\n|-status|p1b: Ursaluna|brn|[from] item: Flame Orb\n|upkeep\n|\n|t:|1700870935\n|switch|p2a: Sinistcha|Sinistcha, L50|100\/100\n|turn|3\n|\n|t:|1700870952\n|move|p2b: Chien-Pao|Protect|p2b: Chien-Pao\n|-singleturn|p2b: Chien-Pao|Protect\n|move|p1b: Ursaluna|Facade|p2b: Chien-Pao\n|-activate|p2b: Chien-Pao|move: Protect\n|move|p1a: Indeedee|Dazzling Gleam|p2b: Chien-Pao|[spread] p2a\n|-activate|p2b: Chien-Pao|move: Protect\n|-damage|p2a: Sinistcha|87\/100\n|move|p2a: Sinistcha|Matcha Gotcha|p1a: Indeedee|[spread] p1a,p1b\n|-supereffective|p1b: Ursaluna\n|-damage|p1a: Indeedee|0 fnt\n|-heal|p2a: Sinistcha|89\/100|[from] drain|[of] p1a: Indeedee\n|-damage|p1b: Ursaluna|26\/100 brn\n|-heal|p2a: Sinistcha|100\/100|[from] drain|[of] p1b: Ursaluna\n|faint|p1a: Indeedee\n|\n|-damage|p1b: Ursaluna|20\/100 brn|[from] brn\n|upkeep\n|\n|t:|1700870970\n|switch|p1a: Torkoal|Torkoal, L50, M|100\/100\n|-weather|SunnyDay|[from] ability: Drought|[of] p1a: Torkoal\n|turn|4\n|\n|t:|1700870994\n|switch|p2b: Arcanine|Arcanine-Hisui, L50, M, shiny|19\/100\n|-ability|p2b: Arcanine|Intimidate|boost\n|-unboost|p1a: Torkoal|atk|1\n|-unboost|p1b: Ursaluna|atk|1\n|-terastallize|p1a: Torkoal|Fire\n|-terastallize|p2a: Sinistcha|Fire\n|move|p1a: Torkoal|Eruption|p2b: Arcanine|[spread] p2a,p2b\n|-resisted|p2a: Sinistcha\n|-resisted|p2b: Arcanine\n|-damage|p2a: Sinistcha|34\/100\n|-damage|p2b: Arcanine|0 fnt\n|faint|p2b: Arcanine\n|move|p1b: Ursaluna|Shadow Claw|p2a: Sinistcha\n|-crit|p2a: Sinistcha\n|-damage|p2a: Sinistcha|0 fnt\n|-damage|p1b: Ursaluna|4\/100 brn|[from] item: Rocky Helmet|[of] p2a: Sinistcha\n|faint|p2a: Sinistcha\n|\n|-weather|SunnyDay|[upkeep]\n|-damage|p1b: Ursaluna|0 fnt|[from] brn\n|faint|p1b: Ursaluna\n|upkeep\n|\n|t:|1700871017\n|switch|p2b: Chien-Pao|Chien-Pao, L50|100\/100\n|-ability|p2b: Chien-Pao|Sword of Ruin\n|turn|5\n|\n|t:|1700871022\n|move|p2b: Chien-Pao|Protect|p2b: Chien-Pao\n|-singleturn|p2b: Chien-Pao|Protect\n|move|p1a: Torkoal|Eruption|p2b: Chien-Pao\n|-activate|p2b: Chien-Pao|move: Protect\n|\n|-weather|SunnyDay|[upkeep]\n|-fieldend|move: Psychic Terrain\n|upkeep\n|turn|6\n|\n|t:|1700871041\n|move|p1a: Torkoal|Eruption|p2b: Chien-Pao\n|-supereffective|p2b: Chien-Pao\n|-enditem|p2b: Chien-Pao|Focus Sash\n|-damage|p2b: Chien-Pao|1\/100\n|move|p2b: Chien-Pao|Sacred Sword|p1a: Torkoal\n|-damage|p1a: Torkoal|73\/100\n|\n|-weather|SunnyDay|[upkeep]\n|-fieldend|move: Trick Room\n|upkeep\n|turn|7\n|\n|t:|1700871055\n|move|p2b: Chien-Pao|Sacred Sword|p1a: Torkoal\n|-damage|p1a: Torkoal|43\/100\n|move|p1a: Torkoal|Eruption|p2b: Chien-Pao\n|-supereffective|p2b: Chien-Pao\n|-damage|p2b: Chien-Pao|0 fnt\n|faint|p2b: Chien-Pao\n|\n|win|BowDog!\n|raw|BowDog!'s rating: 1151 &rarr; <strong>1176<\/strong><br \/>(+25 for winning)\n|raw|whoisparsley's rating: 1150 &rarr; <strong>1125<\/strong><br \/>(-25 for losing)\n|l|\u2606whoisparsley\n","uploadtime":1700871070,"views":2,"p1id":"bowdog","p2id":"whoisparsley","formatid":"gen9vgc2023regulatione","rating":1125,"private":0,"password":""}