{"id":"gen9vgc2023regulatione-1991383041","p1":"Crapa3","p2":"KnightPanda7","format":"[Gen 9] VGC 2023 Regulation E","log":"|j|\u2606Crapa3\n|j|\u2606KnightPanda7\n|t:|1700072524\n|gametype|doubles\n|player|p1|Crapa3|102|1326\n|player|p2|KnightPanda7|266|1420\n|teamsize|p1|6\n|teamsize|p2|6\n|gen|9\n|tier|[Gen 9] VGC 2023 Regulation E\n|rated|\n|rule|Species Clause: Limit one of each Pok\u00e9mon\n|rule|Item Clause: Limit one of each item\n|clearpoke\n|poke|p1|Dusclops, L50, F|\n|poke|p1|Ursaluna-Bloodmoon, L50, M|\n|poke|p1|Chi-Yu, L50|\n|poke|p1|Volcarona, L50, M|\n|poke|p1|Munkidori, L50, M|\n|poke|p1|Gastrodon, L50, M|\n|poke|p2|Milotic, L50, M|\n|poke|p2|Ogerpon-Hearthflame, L50, F|\n|poke|p2|Gholdengo, L50|\n|poke|p2|Arcanine, L50, F|\n|poke|p2|Rillaboom, L50, M|\n|poke|p2|Flutter Mane, L50|\n|teampreview|4\n|inactive|Battle timer is ON: inactive players will automatically lose when time's up. (requested by KnightPanda7)\n|\n|t:|1700072547\n|start\n|switch|p1a: Dusclops|Dusclops, L50, F|100\/100\n|switch|p1b: Munkidori|Munkidori, L50, M|100\/100\n|switch|p2a: Milotic|Milotic, L50, M, shiny|100\/100\n|switch|p2b: Rillaboom|Rillaboom, L50, M|100\/100\n|-fieldstart|move: Grassy Terrain|[from] ability: Grassy Surge|[of] p2b: Rillaboom\n|-item|p2a: Milotic|Leftovers|[from] ability: Frisk|[of] p1a: Dusclops|[identify]\n|-item|p2b: Rillaboom|Assault Vest|[from] ability: Frisk|[of] p1a: Dusclops|[identify]\n|turn|1\n|inactive|KnightPanda7 has 30 seconds left.\n|inactive|KnightPanda7 has 20 seconds left.\n|\n|t:|1700072584\n|move|p2b: Rillaboom|Fake Out|p1b: Munkidori\n|-damage|p1b: Munkidori|83\/100\n|cant|p1b: Munkidori|flinch\n|move|p2a: Milotic|Scald|p1a: Dusclops\n|-damage|p1a: Dusclops|81\/100\n|move|p1a: Dusclops|Trick Room|p1a: Dusclops\n|-fieldstart|move: Trick Room|[of] p1a: Dusclops\n|\n|-heal|p1a: Dusclops|88\/100|[from] Grassy Terrain\n|-heal|p1b: Munkidori|89\/100|[from] Grassy Terrain\n|upkeep\n|turn|2\n|inactive|Crapa3 has 30 seconds left.\n|inactive|KnightPanda7 has 30 seconds left.\n|inactive|Crapa3 has 20 seconds left.\n|inactive|KnightPanda7 has 20 seconds left.\n|inactive|Crapa3 has 15 seconds left.\n|inactive|Crapa3 has 10 seconds left.\n|\n|t:|1700072630\n|-terastallize|p2b: Rillaboom|Fire\n|move|p1a: Dusclops|Will-O-Wisp|p2b: Rillaboom\n|-immune|p2b: Rillaboom\n|move|p1b: Munkidori|Psychic|p2a: Milotic\n|-damage|p2a: Milotic|66\/100\n|move|p2b: Rillaboom|Wood Hammer|p1b: Munkidori\n|-resisted|p1b: Munkidori\n|-damage|p1b: Munkidori|31\/100\n|-damage|p2b: Rillaboom|82\/100|[from] Recoil\n|move|p2a: Milotic|Scald|p1b: Munkidori\n|-damage|p1b: Munkidori|0 fnt\n|faint|p1b: Munkidori\n|\n|-heal|p1a: Dusclops|94\/100|[from] Grassy Terrain\n|-heal|p2b: Rillaboom|88\/100|[from] Grassy Terrain\n|-heal|p2a: Milotic|72\/100|[from] Grassy Terrain\n|-heal|p2a: Milotic|78\/100|[from] item: Leftovers\n|upkeep\n|\n|t:|1700072640\n|switch|p1b: Ursaluna|Ursaluna-Bloodmoon, L50, M|100\/100\n|turn|3\n|inactive|KnightPanda7 has 30 seconds left.\n|\n|t:|1700072666\n|-terastallize|p1b: Ursaluna|Normal\n|move|p2b: Rillaboom|Grassy Glide|p1b: Ursaluna\n|-damage|p1b: Ursaluna|70\/100\n|move|p1a: Dusclops|Brick Break|p1b: Ursaluna\n|-supereffective|p1b: Ursaluna\n|-damage|p1b: Ursaluna|53\/100\n|-enditem|p1b: Ursaluna|Weakness Policy\n|-boost|p1b: Ursaluna|atk|2|[from] item: Weakness Policy\n|-boost|p1b: Ursaluna|spa|2|[from] item: Weakness Policy\n|move|p1b: Ursaluna|Hyper Voice|p2b: Rillaboom|[spread] p2a,p2b\n|-damage|p2a: Milotic|1\/100\n|-damage|p2b: Rillaboom|15\/100\n|move|p2a: Milotic|Scald|p1b: Ursaluna\n|-damage|p1b: Ursaluna|21\/100\n|\n|-heal|p1a: Dusclops|99\/100|[from] Grassy Terrain\n|-heal|p1b: Ursaluna|26\/100|[from] Grassy Terrain\n|-heal|p2b: Rillaboom|21\/100|[from] Grassy Terrain\n|-heal|p2a: Milotic|7\/100|[from] Grassy Terrain\n|-heal|p2a: Milotic|13\/100|[from] item: Leftovers\n|upkeep\n|turn|4\n|inactive|Crapa3 has 30 seconds left.\n|inactive|KnightPanda7 has 30 seconds left.\n|\n|t:|1700072695\n|move|p1b: Ursaluna|Protect|p1b: Ursaluna\n|-singleturn|p1b: Ursaluna|Protect\n|move|p2b: Rillaboom|Grassy Glide|p1b: Ursaluna\n|-activate|p1b: Ursaluna|move: Protect\n|move|p1a: Dusclops|Brick Break|p2b: Rillaboom\n|-crit|p2b: Rillaboom\n|-damage|p2b: Rillaboom|6\/100\n|move|p2a: Milotic|Ice Beam|p1b: Ursaluna\n|-activate|p1b: Ursaluna|move: Protect\n|\n|-heal|p1a: Dusclops|100\/100|[from] Grassy Terrain\n|-heal|p1b: Ursaluna|32\/100|[from] Grassy Terrain\n|-heal|p2b: Rillaboom|12\/100|[from] Grassy Terrain\n|-heal|p2a: Milotic|19\/100|[from] Grassy Terrain\n|-heal|p2a: Milotic|25\/100|[from] item: Leftovers\n|upkeep\n|turn|5\n|\n|t:|1700072707\n|move|p2a: Milotic|Protect|p2a: Milotic\n|-singleturn|p2a: Milotic|Protect\n|move|p2b: Rillaboom|Grassy Glide|p1b: Ursaluna\n|-damage|p1b: Ursaluna|0 fnt\n|faint|p1b: Ursaluna\n|move|p1a: Dusclops|Will-O-Wisp|p2a: Milotic\n|-activate|p2a: Milotic|move: Protect\n|\n|-heal|p2b: Rillaboom|18\/100|[from] Grassy Terrain\n|-heal|p2a: Milotic|31\/100|[from] Grassy Terrain\n|-heal|p2a: Milotic|37\/100|[from] item: Leftovers\n|-fieldend|move: Trick Room\n|-fieldend|move: Grassy Terrain\n|upkeep\n|\n|t:|1700072710\n|switch|p1b: Chi-Yu|Chi-Yu, L50|100\/100\n|-ability|p1b: Chi-Yu|Beads of Ruin\n|turn|6\n|inactive|KnightPanda7 has 30 seconds left.\n|\n|t:|1700072741\n|move|p1b: Chi-Yu|Protect|p1b: Chi-Yu\n|-singleturn|p1b: Chi-Yu|Protect\n|move|p2a: Milotic|Scald|p1b: Chi-Yu\n|-activate|p1b: Chi-Yu|move: Protect\n|move|p2b: Rillaboom|Wood Hammer|p1a: Dusclops\n|-damage|p1a: Dusclops|64\/100\n|-damage|p2b: Rillaboom|9\/100|[from] Recoil\n|move|p1a: Dusclops|Trick Room|p1a: Dusclops\n|-fieldstart|move: Trick Room|[of] p1a: Dusclops\n|\n|-heal|p2a: Milotic|43\/100|[from] item: Leftovers\n|upkeep\n|turn|7\n|\n|t:|1700072763\n|move|p1a: Dusclops|Brick Break|p2a: Milotic\n|-damage|p2a: Milotic|31\/100\n|move|p1b: Chi-Yu|Heat Wave|p2b: Rillaboom|[spread] p2a,p2b\n|-resisted|p2a: Milotic\n|-resisted|p2b: Rillaboom\n|-damage|p2a: Milotic|9\/100\n|-damage|p2b: Rillaboom|0 fnt\n|faint|p2b: Rillaboom\n|move|p2a: Milotic|Scald|p1b: Chi-Yu\n|-supereffective|p1b: Chi-Yu\n|-damage|p1b: Chi-Yu|21\/100\n|\n|-heal|p2a: Milotic|15\/100|[from] item: Leftovers\n|upkeep\n|\n|t:|1700072779\n|switch|p2b: Flutter Mane|Flutter Mane, L50|100\/100\n|turn|8\n|\n|t:|1700072802\n|move|p2a: Milotic|Protect|p2a: Milotic\n|-singleturn|p2a: Milotic|Protect\n|move|p1a: Dusclops|Will-O-Wisp|p2b: Flutter Mane\n|-status|p2b: Flutter Mane|brn\n|move|p1b: Chi-Yu|Dark Pulse|p2b: Flutter Mane\n|-damage|p2b: Flutter Mane|35\/100 brn\n|move|p2b: Flutter Mane|Dazzling Gleam|p1b: Chi-Yu|[spread] p1a,p1b\n|-damage|p1a: Dusclops|39\/100\n|-damage|p1b: Chi-Yu|0 fnt\n|faint|p1b: Chi-Yu\n|\n|-heal|p2a: Milotic|21\/100|[from] item: Leftovers\n|-damage|p2b: Flutter Mane|29\/100 brn|[from] brn\n|upkeep\n|turn|9\n|\n|t:|1700072817\n|move|p1a: Dusclops|Will-O-Wisp|p2a: Milotic\n|-status|p2a: Milotic|brn\n|move|p2a: Milotic|Scald|p1a: Dusclops\n|-damage|p1a: Dusclops|20\/100\n|move|p2b: Flutter Mane|Shadow Ball|p1a: Dusclops\n|-supereffective|p1a: Dusclops\n|-damage|p1a: Dusclops|0 fnt\n|faint|p1a: Dusclops\n|\n|win|KnightPanda7\n|raw|Crapa3's rating: 1326 &rarr; <strong>1311<\/strong><br \/>(-15 for losing)\n|raw|KnightPanda7's rating: 1420 &rarr; <strong>1435<\/strong><br \/>(+15 for winning)\n|l|\u2606Crapa3\n","uploadtime":1700073085,"views":7,"p1id":"crapa3","p2id":"knightpanda7","formatid":"gen9vgc2023regulatione","rating":1311,"private":0,"password":""}