{"id":"gen9vgc2023regulatione-1989299231","p1":"Zakmancho","p2":"bway","format":"[Gen 9] VGC 2023 Regulation E","log":"|j|\u2606Zakmancho\n|j|\u2606bway\n|t:|1699833524\n|gametype|doubles\n|player|p1|Zakmancho|1|1147\n|player|p2|bway|265|1156\n|teamsize|p1|6\n|teamsize|p2|6\n|gen|9\n|tier|[Gen 9] VGC 2023 Regulation E\n|rated|\n|rule|Species Clause: Limit one of each Pok\u00e9mon\n|rule|Item Clause: Limit one of each item\n|clearpoke\n|poke|p1|Tyranitar, L50, F|\n|poke|p1|Ogerpon-Wellspring, L50, F|\n|poke|p1|Ursaluna-Bloodmoon, L50, M|\n|poke|p1|Rillaboom, L50, F|\n|poke|p1|Urshifu-*, L50, F|\n|poke|p1|Flutter Mane, L50|\n|poke|p2|Piplup, L50, F|\n|poke|p2|Farigiraf, L50, F|\n|poke|p2|Sinistcha, L50|\n|poke|p2|Iron Hands, L50|\n|poke|p2|Kingambit, L50, M|\n|poke|p2|Ogerpon-Hearthflame, L50, F|\n|teampreview|4\nbway rejected open team sheets.\n|\n|t:|1699833548\n|start\n|switch|p1a: Rillaboom|Rillaboom, L50, F|100\/100\n|switch|p1b: Ursaluna|Ursaluna-Bloodmoon, L50, M|100\/100\n|switch|p2a: Farigiraf|Farigiraf, L50, F|100\/100\n|switch|p2b: Piplup|Piplup, L50, F|100\/100\n|-fieldstart|move: Grassy Terrain|[from] ability: Grassy Surge|[of] p1a: Rillaboom\n|turn|1\n|inactive|Battle timer is ON: inactive players will automatically lose when time's up. (requested by Zakmancho)\n|\n|t:|1699833567\n|switch|p2b: Sinistcha|Sinistcha, L50|100\/100\n|-terastallize|p1b: Ursaluna|Steel\n|move|p1a: Rillaboom|U-turn|p2a: Farigiraf\n|-supereffective|p2a: Farigiraf\n|-damage|p2a: Farigiraf|44\/100\n|-enditem|p2a: Farigiraf|Weakness Policy\n|-boost|p2a: Farigiraf|atk|2|[from] item: Weakness Policy\n|-boost|p2a: Farigiraf|spa|2|[from] item: Weakness Policy\n|\n|t:|1699833577\n|switch|p1a: Ogerpon|Ogerpon-Wellspring, L50, F|100\/100|[from] U-turn\n|move|p1b: Ursaluna|Calm Mind|p1b: Ursaluna\n|-boost|p1b: Ursaluna|spa|1\n|-boost|p1b: Ursaluna|spd|1\n|move|p2a: Farigiraf|Dazzling Gleam|p1a: Ogerpon|[spread] p1a,p1b\n|-resisted|p1b: Ursaluna\n|-damage|p1a: Ogerpon|60\/100\n|-damage|p1b: Ursaluna|89\/100\n|\n|-heal|p1a: Ogerpon|66\/100|[from] Grassy Terrain\n|-heal|p1b: Ursaluna|95\/100|[from] Grassy Terrain\n|-heal|p1b: Ursaluna|100\/100|[from] item: Leftovers\n|-heal|p2a: Farigiraf|50\/100|[from] Grassy Terrain\n|upkeep\n|turn|2\n|\n|t:|1699833598\n|move|p2a: Farigiraf|Protect|p2a: Farigiraf\n|-singleturn|p2a: Farigiraf|Protect\n|move|p1a: Ogerpon|Ivy Cudgel|p2a: Farigiraf\n|-activate|p2a: Farigiraf|move: Protect\n|move|p1b: Ursaluna|Calm Mind|p1b: Ursaluna\n|-boost|p1b: Ursaluna|spa|1\n|-boost|p1b: Ursaluna|spd|1\n|move|p2b: Sinistcha|Trick Room|p2b: Sinistcha\n|-fieldstart|move: Trick Room|[of] p2b: Sinistcha\n|\n|-heal|p2a: Farigiraf|56\/100|[from] Grassy Terrain\n|-heal|p1a: Ogerpon|72\/100|[from] Grassy Terrain\n|upkeep\n|turn|3\n|inactive|bway has 30 seconds left.\n|\n|t:|1699833624\n|move|p1a: Ogerpon|Spiky Shield|p1a: Ogerpon\n|-singleturn|p1a: Ogerpon|move: Protect\n|move|p2a: Farigiraf|Psychic|p1b: Ursaluna\n|-resisted|p1b: Ursaluna\n|-damage|p1b: Ursaluna|82\/100\n|move|p2b: Sinistcha|Shadow Ball|p1b: Ursaluna\n|-damage|p1b: Ursaluna|65\/100\n|-unboost|p1b: Ursaluna|spd|1\n|move|p1b: Ursaluna|Calm Mind|p1b: Ursaluna\n|-boost|p1b: Ursaluna|spa|1\n|-boost|p1b: Ursaluna|spd|1\n|\n|-heal|p2a: Farigiraf|63\/100|[from] Grassy Terrain\n|-heal|p1b: Ursaluna|71\/100|[from] Grassy Terrain\n|-heal|p1b: Ursaluna|77\/100|[from] item: Leftovers\n|-heal|p1a: Ogerpon|78\/100|[from] Grassy Terrain\n|upkeep\n|turn|4\n|inactive|bway has 30 seconds left.\n|\n|t:|1699833650\n|move|p2a: Farigiraf|Dazzling Gleam|p1a: Ogerpon|[spread] p1a,p1b\n|-crit|p1a: Ogerpon\n|-resisted|p1b: Ursaluna\n|-damage|p1a: Ogerpon|23\/100\n|-damage|p1b: Ursaluna|68\/100\n|move|p2b: Sinistcha|Shadow Ball|p1b: Ursaluna\n|-damage|p1b: Ursaluna|51\/100\n|move|p1b: Ursaluna|Calm Mind|p1b: Ursaluna\n|-boost|p1b: Ursaluna|spa|1\n|-boost|p1b: Ursaluna|spd|1\n|move|p1a: Ogerpon|Ivy Cudgel|p2a: Farigiraf\n|-damage|p2a: Farigiraf|0 fnt\n|faint|p2a: Farigiraf\n|\n|-heal|p1b: Ursaluna|57\/100|[from] Grassy Terrain\n|-heal|p1b: Ursaluna|63\/100|[from] item: Leftovers\n|-heal|p1a: Ogerpon|29\/100|[from] Grassy Terrain\n|upkeep\n|\n|t:|1699833665\n|switch|p2a: Piplup|Piplup, L50, F|100\/100\n|turn|5\n|\n|t:|1699833677\n|move|p1a: Ogerpon|Follow Me|p1a: Ogerpon\n|-singleturn|p1a: Ogerpon|move: Follow Me\n|move|p2a: Piplup|Yawn|p1a: Ogerpon\n|-start|p1a: Ogerpon|move: Yawn|[of] p2a: Piplup\n|move|p2b: Sinistcha|Shadow Ball|p1a: Ogerpon\n|-damage|p1a: Ogerpon|0 fnt\n|faint|p1a: Ogerpon\n|move|p1b: Ursaluna|Hyper Voice|p2b: Sinistcha|[spread] p2a,p2b\n|-damage|p2a: Piplup|0 fnt\n|-damage|p2b: Sinistcha|4\/100\n|-enditem|p2b: Sinistcha|Sitrus Berry|[eat]\n|-heal|p2b: Sinistcha|29\/100|[from] item: Sitrus Berry\n|faint|p2a: Piplup\n|\n|-heal|p2b: Sinistcha|35\/100|[from] Grassy Terrain\n|-heal|p1b: Ursaluna|69\/100|[from] Grassy Terrain\n|-heal|p1b: Ursaluna|75\/100|[from] item: Leftovers\n|-fieldend|move: Grassy Terrain\n|upkeep\n|\n|t:|1699833697\n|switch|p2a: Iron Hands|Iron Hands, L50|100\/100\n|switch|p1a: Rillaboom|Rillaboom, L50, F|100\/100\n|-fieldstart|move: Grassy Terrain|[from] ability: Grassy Surge|[of] p1a: Rillaboom\n|turn|6\n|\n|t:|1699833716\n|move|p2a: Iron Hands|Fake Out|p1b: Ursaluna\n|-resisted|p1b: Ursaluna\n|-damage|p1b: Ursaluna|70\/100\n|move|p1a: Rillaboom|Fake Out|p2a: Iron Hands\n|-damage|p2a: Iron Hands|89\/100\n|move|p2b: Sinistcha|Shadow Ball|p1a: Rillaboom\n|-damage|p1a: Rillaboom|47\/100\n|cant|p1b: Ursaluna|flinch\n|\n|-heal|p2a: Iron Hands|95\/100|[from] Grassy Terrain\n|-heal|p2b: Sinistcha|41\/100|[from] Grassy Terrain\n|-heal|p1b: Ursaluna|75\/100|[from] Grassy Terrain\n|-heal|p1b: Ursaluna|81\/100|[from] item: Leftovers\n|-heal|p1a: Rillaboom|53\/100|[from] Grassy Terrain\n|-fieldend|move: Trick Room\n|upkeep\n|turn|7\n|\n|t:|1699833735\n|move|p2b: Sinistcha|Protect|p2b: Sinistcha\n|-singleturn|p2b: Sinistcha|Protect\n|move|p1a: Rillaboom|Wood Hammer|p2a: Iron Hands\n|-damage|p2a: Iron Hands|13\/100\n|-damage|p1a: Rillaboom|18\/100|[from] Recoil\n|move|p1b: Ursaluna|Hyper Voice|p2b: Sinistcha|[spread] p2a\n|-activate|p2b: Sinistcha|move: Protect\n|-damage|p2a: Iron Hands|0 fnt\n|faint|p2a: Iron Hands\n|-end|p2a: Iron Hands|Quark Drive|[silent]\n|\n|-heal|p1a: Rillaboom|23\/100|[from] Grassy Terrain\n|-heal|p1b: Ursaluna|87\/100|[from] Grassy Terrain\n|-heal|p1b: Ursaluna|93\/100|[from] item: Leftovers\n|-heal|p2b: Sinistcha|47\/100|[from] Grassy Terrain\n|upkeep\n|turn|8\n|-message|bway forfeited.\n|\n|win|Zakmancho\n|raw|Zakmancho's rating: 1147 &rarr; <strong>1173<\/strong><br \/>(+26 for winning)\n|raw|bway's rating: 1156 &rarr; <strong>1130<\/strong><br \/>(-26 for losing)\n|l|\u2606Zakmancho\n","uploadtime":1699833765,"views":13,"p1id":"zakmancho","p2id":"bway","formatid":"gen9vgc2023regulatione","rating":1130,"private":0,"password":""}