{"id":"gen9vgc2023regulatione-1990666891","p1":"lcnrcr06","p2":"NotRubyVGC","format":"[Gen 9] VGC 2023 Regulation E","log":"|j|\u2606lcnrcr06\n|j|\u2606NotRubyVGC\n|t:|1699990116\n|gametype|doubles\n|player|p1|lcnrcr06|drayden|1483\n|player|p2|NotRubyVGC|1|1473\n|teamsize|p1|6\n|teamsize|p2|6\n|gen|9\n|tier|[Gen 9] VGC 2023 Regulation E\n|rated|\n|rule|Species Clause: Limit one of each Pok\u00e9mon\n|rule|Item Clause: Limit one of each item\n|clearpoke\n|poke|p1|Ninetales, L50, M|\n|poke|p1|Dipplin, L50, F|\n|poke|p1|Ogerpon-Hearthflame, L50, F|\n|poke|p1|Landorus-Therian, L50, M|\n|poke|p1|Mudsdale, L50, F|\n|poke|p1|Wyrdeer, L50, F|\n|poke|p2|Heatran, L50, M|\n|poke|p2|Iron Hands, L50|\n|poke|p2|Roaring Moon, L50|\n|poke|p2|Amoonguss, L50, F|\n|poke|p2|Flutter Mane, L50|\n|poke|p2|Landorus-Therian, L50, M|\n|teampreview|4\nNotRubyVGC has agreed to open team sheets.\n|inactive|Battle timer is ON: inactive players will automatically lose when time's up. (requested by lcnrcr06)\n|inactive|lcnrcr06 has 60 seconds left.\n|\n|t:|1699990193\n|start\n|switch|p1a: Dipplin|Dipplin, L50, F|100\/100\n|switch|p1b: Ninetales|Ninetales, L50, M|100\/100\n|switch|p2a: Landorus|Landorus-Therian, L50, M|100\/100\n|switch|p2b: Iron Hands|Iron Hands, L50|100\/100\n|-ability|p2a: Landorus|Intimidate|boost\n|-unboost|p1a: Dipplin|atk|1\n|-unboost|p1b: Ninetales|atk|1\n|-weather|SunnyDay|[from] ability: Drought|[of] p1b: Ninetales\n|-ability|p1a: Dipplin|Supersweet Syrup\n|-ability|p1a: Dipplin|Supersweet Syrup|boost\n|-unboost|p2a: Landorus|evasion|1\n|-unboost|p2b: Iron Hands|evasion|1\n|turn|1\n|inactive|lcnrcr06 has 30 seconds left.\n|\n|t:|1699990225\n|move|p2b: Iron Hands|Fake Out|p1b: Ninetales\n|-damage|p1b: Ninetales|79\/100\n|move|p2a: Landorus|U-turn|p1a: Dipplin\n|-supereffective|p1a: Dipplin\n|-damage|p1a: Dipplin|71\/100\n|\n|t:|1699990231\n|switch|p2a: Heatran|Heatran, L50, M|100\/100|[from] U-turn\n|cant|p1b: Ninetales|flinch\n|move|p1a: Dipplin|Growth|p1a: Dipplin\n|-boost|p1a: Dipplin|atk|2\n|-boost|p1a: Dipplin|spa|2\n|\n|-weather|SunnyDay|[upkeep]\n|upkeep\n|turn|2\n|inactive|lcnrcr06 has 30 seconds left.\n|inactive|lcnrcr06 has 20 seconds left.\n|inactive|lcnrcr06 has 15 seconds left.\n|\n|t:|1699990272\n|move|p1b: Ninetales|Hypnosis|p2a: Heatran\n|-status|p2a: Heatran|slp|[from] move: Hypnosis\n|cant|p2a: Heatran|slp\n|move|p2b: Iron Hands|Drain Punch|p1a: Dipplin\n|-damage|p1a: Dipplin|46\/100\n|move|p1a: Dipplin|Growth|p1a: Dipplin\n|-boost|p1a: Dipplin|atk|2\n|-boost|p1a: Dipplin|spa|2\n|\n|-weather|SunnyDay|[upkeep]\n|upkeep\n|turn|3\n|inactive|lcnrcr06 has 30 seconds left.\n|\n|t:|1699990298\n|move|p1b: Ninetales|Hypnosis|p2b: Iron Hands\n|-status|p2b: Iron Hands|slp|[from] move: Hypnosis\n|cant|p2a: Heatran|slp\n|cant|p2b: Iron Hands|slp\n|move|p1a: Dipplin|Dragon Pulse|p2a: Heatran\n|-resisted|p2a: Heatran\n|-damage|p2a: Heatran|66\/100 slp\n|\n|-weather|SunnyDay|[upkeep]\n|upkeep\n|turn|4\n|inactive|lcnrcr06 has 30 seconds left.\n|\n|t:|1699990323\n|-terastallize|p2a: Heatran|Fairy\n|move|p1b: Ninetales|Protect|p1b: Ninetales\n|-singleturn|p1b: Ninetales|Protect\n|-curestatus|p2a: Heatran|slp|[msg]\n|move|p2a: Heatran|Heat Wave|p1a: Dipplin|[spread] p1a\n|-activate|p1b: Ninetales|move: Protect\n|-damage|p1a: Dipplin|18\/100\n|-curestatus|p2b: Iron Hands|slp|[msg]\n|move|p2b: Iron Hands|Drain Punch|p1a: Dipplin\n|-damage|p1a: Dipplin|0 fnt\n|faint|p1a: Dipplin\n|\n|-weather|SunnyDay|[upkeep]\n|upkeep\n|\n|t:|1699990346\n|switch|p1a: Landorus|Landorus-Therian, L50, M|100\/100\n|-ability|p1a: Landorus|Intimidate|boost\n|-unboost|p2a: Heatran|atk|1\n|-unboost|p2b: Iron Hands|atk|1\n|turn|5\n|\n|t:|1699990359\n|switch|p2a: Landorus|Landorus-Therian, L50, M|100\/100\n|-ability|p2a: Landorus|Intimidate|boost\n|-unboost|p1a: Landorus|atk|1\n|-unboost|p1b: Ninetales|atk|1\n|-terastallize|p1a: Landorus|Flying\n|move|p1a: Landorus|Tera Blast|p2a: Landorus|[anim] Tera Blast Flying\n|-damage|p2a: Landorus|57\/100\n|move|p1b: Ninetales|Hypnosis|p2b: Iron Hands\n|-status|p2b: Iron Hands|slp|[from] move: Hypnosis\n|cant|p2b: Iron Hands|slp\n|\n|-weather|SunnyDay|[upkeep]\n|upkeep\n|turn|6\n|\n|t:|1699990380\n|switch|p1a: Ogerpon|Ogerpon-Hearthflame, L50, F|100\/100\n|-ability|p1a: Ogerpon|Mold Breaker\n|move|p2a: Landorus|Rock Slide|p1a: Ogerpon|[spread] p1a,p1b\n|-supereffective|p1a: Ogerpon\n|-supereffective|p1b: Ninetales\n|-damage|p1a: Ogerpon|49\/100\n|-damage|p1b: Ninetales|20\/100\n|move|p1b: Ninetales|Will-O-Wisp|p2a: Landorus\n|-status|p2a: Landorus|brn\n|-curestatus|p2b: Iron Hands|slp|[msg]\n|move|p2b: Iron Hands|Wild Charge|p1a: Ogerpon\n|-resisted|p1a: Ogerpon\n|-damage|p1a: Ogerpon|24\/100\n|-damage|p2b: Iron Hands|96\/100|[from] Recoil\n|\n|-weather|SunnyDay|[upkeep]\n|-damage|p2a: Landorus|51\/100 brn|[from] brn\n|upkeep\n|turn|7\n|\n|t:|1699990404\n|move|p2a: Landorus|Rock Slide|p1b: Ninetales|[spread] p1a,p1b\n|-supereffective|p1a: Ogerpon\n|-supereffective|p1b: Ninetales\n|-damage|p1a: Ogerpon|0 fnt\n|-damage|p1b: Ninetales|0 fnt\n|faint|p1a: Ogerpon\n|faint|p1b: Ninetales\n|move|p2b: Iron Hands|Wild Charge|p1: Ogerpon|[notarget]\n|-fail|p2b: Iron Hands\n|\n|-weather|SunnyDay|[upkeep]\n|-damage|p2a: Landorus|45\/100 brn|[from] brn\n|upkeep\n|\n|t:|1699990427\n|switch|p1b: Landorus|Landorus-Therian, L50, M, tera:Flying|100\/100\n|-ability|p1b: Landorus|Intimidate|boost\n|-unboost|p2a: Landorus|atk|1\n|-unboost|p2b: Iron Hands|atk|1\n|turn|8\n|\n|t:|1699990440\n|switch|p2a: Heatran|Heatran, L50, M, tera:Fairy|66\/100\n|move|p1b: Landorus|Tera Blast|p2a: Heatran|[anim] Tera Blast Flying\n|-damage|p2a: Heatran|17\/100\n|move|p2b: Iron Hands|Wild Charge|p1b: Landorus\n|-supereffective|p1b: Landorus\n|-damage|p1b: Landorus|44\/100\n|-damage|p2b: Iron Hands|86\/100|[from] Recoil\n|\n|-weather|none\n|upkeep\n|turn|9\n|\n|t:|1699990459\n|move|p1b: Landorus|Tera Blast|p2b: Iron Hands|[anim] Tera Blast Flying\n|-damage|p2b: Iron Hands|44\/100\n|move|p2a: Heatran|Flash Cannon|p1b: Landorus\n|-damage|p1b: Landorus|0 fnt\n|faint|p1b: Landorus\n|\n|win|NotRubyVGC\n|raw|lcnrcr06's rating: 1483 &rarr; <strong>1462<\/strong><br \/>(-21 for losing)\n|raw|NotRubyVGC's rating: 1473 &rarr; <strong>1494<\/strong><br \/>(+21 for winning)\n|l|\u2606NotRubyVGC\n|j|\u2606NotRubyVGC\n|player|p2|NotRubyVGC|1\n","uploadtime":1699990641,"views":11,"p1id":"lcnrcr06","p2id":"notrubyvgc","formatid":"gen9vgc2023regulatione","rating":1462,"private":0,"password":""}