{"id":"gen9vgc2023regulatione-1991052587","p1":"Swolsire","p2":"ZippidyZap","format":"[Gen 9] VGC 2023 Regulation E","log":"|j|\u2606Swolsire\n|j|\u2606ZippidyZap\n|t:|1700035118\n|gametype|doubles\n|player|p1|Swolsire|hiker-gen4|1063\n|player|p2|ZippidyZap|hilbert|1000\n|teamsize|p1|6\n|teamsize|p2|6\n|gen|9\n|tier|[Gen 9] VGC 2023 Regulation E\n|rated|\n|rule|Species Clause: Limit one of each Pok\u00e9mon\n|rule|Item Clause: Limit one of each item\n|clearpoke\n|poke|p1|Zapdos-Galar, L50|\n|poke|p1|Ogerpon-Wellspring, L50, F|\n|poke|p1|Indeedee-F, L50, F|\n|poke|p1|Flutter Mane, L50|\n|poke|p1|Chi-Yu, L50|\n|poke|p1|Frosmoth, L50, M|\n|poke|p2|Ogerpon, L50, F|\n|poke|p2|Scizor, L50, F|\n|poke|p2|Ninetales-Alola, L50, M|\n|poke|p2|Grimmsnarl, L50, M|\n|poke|p2|Sinistcha, L50|\n|poke|p2|Arcanine-Hisui, L50, M|\n|teampreview|4\n|inactive|Battle timer is ON: inactive players will automatically lose when time's up. (requested by Swolsire)\n|inactive|ZippidyZap has 60 seconds left.\n|\n|t:|1700035205\n|start\n|switch|p1a: Indeedee|Indeedee-F, L50, F|100\/100\n|switch|p1b: Frosmoth|Frosmoth, L50, M|100\/100\n|switch|p2a: Ninetales|Ninetales-Alola, L50, M|100\/100\n|switch|p2b: Sinistcha|Sinistcha, L50|100\/100\n|-weather|Snow|[from] ability: Snow Warning|[of] p2a: Ninetales\n|-fieldstart|move: Psychic Terrain|[from] ability: Psychic Surge|[of] p1a: Indeedee\n|turn|1\n|inactive|ZippidyZap has 30 seconds left.\n|\n|t:|1700035236\n|switch|p2b: Arcanine|Arcanine-Hisui, L50, M|100\/100\n|-ability|p2b: Arcanine|Intimidate|boost\n|-unboost|p1a: Indeedee|atk|1\n|-unboost|p1b: Frosmoth|atk|1\n|move|p2a: Ninetales|Aurora Veil|p2a: Ninetales\n|-sidestart|p2: ZippidyZap|move: Aurora Veil\n|move|p1a: Indeedee|Psychic|p2b: Arcanine\n|-damage|p2b: Arcanine|59\/100\n|move|p1b: Frosmoth|Icy Wind|p2b: Arcanine|[spread] p2a,p2b\n|-resisted|p2a: Ninetales\n|-resisted|p2b: Arcanine\n|-damage|p2a: Ninetales|95\/100\n|-damage|p2b: Arcanine|52\/100\n|-unboost|p2a: Ninetales|spe|1\n|-unboost|p2b: Arcanine|spe|1\n|\n|-weather|Snow|[upkeep]\n|upkeep\n|turn|2\n|inactive|ZippidyZap has 30 seconds left.\n|inactive|ZippidyZap has 20 seconds left.\n|\n|t:|1700035275\n|move|p1b: Frosmoth|Wide Guard|p1b: Frosmoth\n|-singleturn|p1b: Frosmoth|Wide Guard\n|move|p1a: Indeedee|Psychic|p2b: Arcanine\n|-damage|p2b: Arcanine|6\/100\n|move|p2a: Ninetales|Blizzard|p1b: Frosmoth|[spread] \n|-activate|p1a: Indeedee|move: Wide Guard\n|-activate|p1b: Frosmoth|move: Wide Guard\n|move|p2b: Arcanine|Rock Slide|p1b: Frosmoth|[spread] \n|-activate|p1a: Indeedee|move: Wide Guard\n|-activate|p1b: Frosmoth|move: Wide Guard\n|\n|-weather|Snow|[upkeep]\n|upkeep\n|turn|3\n|\n|t:|1700035296\n|move|p1a: Indeedee|Dazzling Gleam|p2b: Arcanine|[spread] p2a,p2b\n|-resisted|p2b: Arcanine\n|-damage|p2a: Ninetales|81\/100\n|-damage|p2b: Arcanine|0 fnt\n|faint|p2b: Arcanine\n|move|p2a: Ninetales|Blizzard|p1b: Frosmoth|[spread] p1a,p1b\n|-resisted|p1b: Frosmoth\n|-damage|p1a: Indeedee|66\/100\n|-damage|p1b: Frosmoth|93\/100\n|move|p1b: Frosmoth|Struggle Bug|p2a: Ninetales\n|-resisted|p2a: Ninetales\n|-damage|p2a: Ninetales|74\/100\n|-unboost|p2a: Ninetales|spa|1\n|\n|-weather|Snow|[upkeep]\n|-heal|p1b: Frosmoth|99\/100|[from] item: Leftovers\n|upkeep\n|\n|t:|1700035311\n|switch|p2b: Sinistcha|Sinistcha, L50|100\/100\n|-heal|p2a: Ninetales|99\/100|[from] ability: Hospitality|[of] p2b: Sinistcha\n|turn|4\n|inactive|ZippidyZap has 30 seconds left.\n|inactive|ZippidyZap has 20 seconds left.\n|inactive|ZippidyZap has 15 seconds left.\n|\n|t:|1700035353\n|switch|p1a: Zapdos|Zapdos-Galar, L50|100\/100\n|-enditem|p1a: Zapdos|Psychic Seed\n|-boost|p1a: Zapdos|spd|1|[from] item: Psychic Seed\n|switch|p2a: Scizor|Scizor, L50, F|100\/100\n|move|p1b: Frosmoth|Wide Guard|p1b: Frosmoth\n|-singleturn|p1b: Frosmoth|Wide Guard\n|move|p2b: Sinistcha|Matcha Gotcha|p1a: Zapdos|[spread] \n|-activate|p1a: Zapdos|move: Wide Guard\n|-activate|p1b: Frosmoth|move: Wide Guard\n|\n|-weather|Snow|[upkeep]\n|-heal|p1b: Frosmoth|100\/100|[from] item: Leftovers\n|upkeep\n|turn|5\n|\n|t:|1700035376\n|switch|p2b: Ninetales|Ninetales-Alola, L50, M|99\/100\n|move|p2a: Scizor|Protect|p2a: Scizor\n|-singleturn|p2a: Scizor|Protect\n|move|p1b: Frosmoth|Wide Guard|p1b: Frosmoth\n|-singleturn|p1b: Frosmoth|Wide Guard\n|move|p1a: Zapdos|Acrobatics|p2b: Ninetales\n|-damage|p2b: Ninetales|66\/100\n|\n|-weather|none\n|-fieldend|move: Psychic Terrain\n|upkeep\n|turn|6\n|inactive|Swolsire has 30 seconds left.\n|\n|t:|1700035403\n|switch|p2b: Sinistcha|Sinistcha, L50|100\/100\n|move|p2a: Scizor|Bullet Punch|p1b: Frosmoth\n|-supereffective|p1b: Frosmoth\n|-damage|p1b: Frosmoth|33\/100\n|move|p1a: Zapdos|Acrobatics|p2a: Scizor\n|-damage|p2a: Scizor|65\/100\n|move|p1b: Frosmoth|Tailwind|p1b: Frosmoth\n|-sidestart|p1: Swolsire|move: Tailwind\n|\n|-heal|p1b: Frosmoth|39\/100|[from] item: Leftovers\n|upkeep\n|turn|7\n|\n|t:|1700035418\n|move|p2a: Scizor|Bullet Punch|p1b: Frosmoth\n|-supereffective|p1b: Frosmoth\n|-damage|p1b: Frosmoth|0 fnt\n|faint|p1b: Frosmoth\n|move|p1a: Zapdos|Acrobatics|p2b: Sinistcha\n|-supereffective|p2b: Sinistcha\n|-crit|p2b: Sinistcha\n|-damage|p2b: Sinistcha|0 fnt\n|faint|p2b: Sinistcha\n|\n|upkeep\n|\n|t:|1700035429\n|switch|p2b: Ninetales|Ninetales-Alola, L50, M|66\/100\n|switch|p1b: Chi-Yu|Chi-Yu, L50|100\/100\n|-ability|p1b: Chi-Yu|Beads of Ruin\n|-weather|Snow|[from] ability: Snow Warning|[of] p2b: Ninetales\n|turn|8\n|inactive|ZippidyZap has 30 seconds left.\n|inactive|ZippidyZap has 20 seconds left.\n|\n|t:|1700035468\n|-terastallize|p1a: Zapdos|Steel\n|-terastallize|p2b: Ninetales|Water\n|move|p1b: Chi-Yu|Heat Wave|p2a: Scizor|[spread] p2a,p2b\n|-supereffective|p2a: Scizor\n|-resisted|p2b: Ninetales\n|-damage|p2a: Scizor|0 fnt\n|-damage|p2b: Ninetales|45\/100\n|faint|p2a: Scizor\n|move|p1a: Zapdos|Acrobatics|p2b: Ninetales\n|-damage|p2b: Ninetales|1\/100\n|move|p2b: Ninetales|Blizzard|p1b: Chi-Yu|[spread] p1a,p1b\n|-resisted|p1a: Zapdos\n|-resisted|p1b: Chi-Yu\n|-damage|p1a: Zapdos|90\/100\n|-damage|p1b: Chi-Yu|84\/100\n|\n|-weather|Snow|[upkeep]\n|-sideend|p2: ZippidyZap|move: Aurora Veil\n|upkeep\n|turn|9\n|\n|t:|1700035487\n|move|p1b: Chi-Yu|Heat Wave|p2b: Ninetales\n|-resisted|p2b: Ninetales\n|-damage|p2b: Ninetales|0 fnt\n|faint|p2b: Ninetales\n|\n|win|Swolsire\n|raw|Swolsire's rating: 1063 &rarr; <strong>1088<\/strong><br \/>(+25 for winning)\n|raw|ZippidyZap's rating: 1000 &rarr; <strong>1000<\/strong><br \/>(+0 for losing)\n","uploadtime":1700035497,"views":23,"p1id":"swolsire","p2id":"zippidyzap","formatid":"gen9vgc2023regulatione","rating":1000,"private":0,"password":""}