{"id":"gen9vgc2023regulatione-1998302567","p1":"NotRubyVGC","p2":"she shawty","format":"[Gen 9] VGC 2023 Regulation E","log":"|j|\u2606NotRubyVGC\n|j|\u2606she shawty\n|t:|1700926909\n|gametype|doubles\n|player|p1|NotRubyVGC|101|1504\n|player|p2|she shawty|266|1505\n|teamsize|p1|6\n|teamsize|p2|6\n|gen|9\n|tier|[Gen 9] VGC 2023 Regulation E\n|rated|\n|rule|Species Clause: Limit one of each Pok\u00e9mon\n|rule|Item Clause: Limit one of each item\n|clearpoke\n|poke|p1|Amoonguss, L50, M|\n|poke|p1|Arcanine-Hisui, L50, F|\n|poke|p1|Tornadus, L50, M|\n|poke|p1|Urshifu-*, L50, M|\n|poke|p1|Gholdengo, L50|\n|poke|p1|Iron Hands, L50|\n|poke|p2|Weezing, L50, F|\n|poke|p2|Ogerpon-Wellspring, L50, F|\n|poke|p2|Landorus-Therian, L50, M|\n|poke|p2|Flutter Mane, L50|\n|poke|p2|Roaring Moon, L50|\n|poke|p2|Iron Hands, L50|\n|teampreview|4\n|inactive|Battle timer is ON: inactive players will automatically lose when time's up. (requested by she shawty)\n|inactive|she shawty has 60 seconds left.\n|inactive|she shawty has 30 seconds left.\n|\n|t:|1700926979\n|start\n|switch|p1a: Iron Hands|Iron Hands, L50|100\/100\n|switch|p1b: Gholdengo|Gholdengo, L50|100\/100\n|switch|p2a: Weezing|Weezing, L50, F|100\/100\n|switch|p2b: Flutter Mane|Flutter Mane, L50, shiny|100\/100\n|-ability|p2a: Weezing|Neutralizing Gas\n|turn|1\n|\n|t:|1700926998\n|move|p2b: Flutter Mane|Moonblast|p1b: Gholdengo\n|-resisted|p1b: Gholdengo\n|-crit|p1b: Gholdengo\n|-damage|p1b: Gholdengo|51\/100\n|move|p1b: Gholdengo|Nasty Plot|p1b: Gholdengo\n|-boost|p1b: Gholdengo|spa|2\n|move|p2a: Weezing|Will-O-Wisp|p1a: Iron Hands\n|-status|p1a: Iron Hands|brn\n|move|p1a: Iron Hands|Wild Charge|p2b: Flutter Mane\n|-damage|p2b: Flutter Mane|57\/100\n|-damage|p1a: Iron Hands|94\/100 brn|[from] Recoil\n|\n|-heal|p1b: Gholdengo|57\/100|[from] item: Leftovers\n|-damage|p1a: Iron Hands|88\/100 brn|[from] brn\n|upkeep\n|turn|2\n|\n|t:|1700927014\n|-end|p1a: Iron Hands|Quark Drive|[silent]\n|switch|p1a: Amoonguss|Amoonguss, L50, M|100\/100\n|move|p1b: Gholdengo|Protect|p1b: Gholdengo\n|-singleturn|p1b: Gholdengo|Protect\n|move|p2a: Weezing|Protect|p2a: Weezing\n|-singleturn|p2a: Weezing|Protect\n|move|p2b: Flutter Mane|Moonblast|p1a: Amoonguss\n|-resisted|p1a: Amoonguss\n|-damage|p1a: Amoonguss|66\/100\n|-unboost|p1a: Amoonguss|spa|1\n|\n|-heal|p1b: Gholdengo|64\/100|[from] item: Leftovers\n|upkeep\n|turn|3\n|inactive|NotRubyVGC has 30 seconds left.\n|\n|t:|1700927041\n|move|p2b: Flutter Mane|Moonblast|p1b: Gholdengo\n|-resisted|p1b: Gholdengo\n|-damage|p1b: Gholdengo|31\/100\n|-unboost|p1b: Gholdengo|spa|1\n|move|p1b: Gholdengo|Make It Rain|p2b: Flutter Mane|[spread] p2a,p2b\n|-supereffective|p2b: Flutter Mane\n|-damage|p2a: Weezing|15\/100\n|-damage|p2b: Flutter Mane|0 fnt\n|-unboost|p1b: Gholdengo|spa|1\n|-enditem|p2a: Weezing|Sitrus Berry|[eat]\n|-heal|p2a: Weezing|40\/100|[from] item: Sitrus Berry\n|faint|p2b: Flutter Mane\n|-end|p2b: Flutter Mane|Protosynthesis|[silent]\n|move|p2a: Weezing|Taunt|p1a: Amoonguss\n|-start|p1a: Amoonguss|move: Taunt\n|move|p1a: Amoonguss|Pollen Puff|p1b: Gholdengo\n|-heal|p1b: Gholdengo|81\/100\n|\n|-heal|p1b: Gholdengo|87\/100|[from] item: Leftovers\n|upkeep\n|\n|t:|1700927061\n|switch|p2b: Roaring Moon|Roaring Moon, L50|100\/100\n|-enditem|p2b: Roaring Moon|Booster Energy\n|-activate|p2b: Roaring Moon|ability: Protosynthesis|[fromitem]\n|-start|p2b: Roaring Moon|protosynthesisspe\n|turn|4\n|inactive|NotRubyVGC has 30 seconds left.\n|\n|t:|1700927096\n|switch|p1a: Arcanine|Arcanine-Hisui, L50, F|100\/100\n|-terastallize|p1b: Gholdengo|Dragon\n|move|p2b: Roaring Moon|Knock Off|p1a: Arcanine\n|-damage|p1a: Arcanine|47\/100\n|-enditem|p1a: Arcanine|Choice Band|[from] move: Knock Off|[of] p2b: Roaring Moon\n|move|p1b: Gholdengo|Nasty Plot|p1b: Gholdengo\n|-boost|p1b: Gholdengo|spa|2\n|move|p2a: Weezing|Sludge Bomb|p1a: Arcanine\n|-resisted|p1a: Arcanine\n|-damage|p1a: Arcanine|29\/100\n|\n|-heal|p1b: Gholdengo|94\/100|[from] item: Leftovers\n|upkeep\n|turn|5\n|inactive|she shawty has 30 seconds left.\n|inactive|she shawty has 20 seconds left.\n|inactive|she shawty has 15 seconds left.\n|\n|t:|1700927137\n|move|p2a: Weezing|Protect|p2a: Weezing\n|-singleturn|p2a: Weezing|Protect\n|move|p1a: Arcanine|Extreme Speed|p2b: Roaring Moon\n|-damage|p2b: Roaring Moon|70\/100\n|move|p2b: Roaring Moon|Knock Off|p1b: Gholdengo\n|-damage|p1b: Gholdengo|44\/100\n|-enditem|p1b: Gholdengo|Leftovers|[from] move: Knock Off|[of] p2b: Roaring Moon\n|move|p1b: Gholdengo|Make It Rain|p2a: Weezing|[spread] p2b\n|-activate|p2a: Weezing|move: Protect\n|-damage|p2b: Roaring Moon|0 fnt\n|-unboost|p1b: Gholdengo|spa|1\n|faint|p2b: Roaring Moon\n|-end|p2b: Roaring Moon|Protosynthesis|[silent]\n|\n|upkeep\n|\n|t:|1700927148\n|switch|p2b: Landorus|Landorus-Therian, L50, M|100\/100\n|turn|6\n|inactive|she shawty has 30 seconds left.\n|inactive|NotRubyVGC has 30 seconds left.\n|inactive|NotRubyVGC has 20 seconds left.\n|inactive|NotRubyVGC has 15 seconds left.\n|\n|t:|1700927194\n|-terastallize|p2a: Weezing|Ghost\n|move|p2b: Landorus|Stomping Tantrum|p1a: Arcanine\n|-supereffective|p1a: Arcanine\n|-damage|p1a: Arcanine|0 fnt\n|faint|p1a: Arcanine\n|move|p1b: Gholdengo|Make It Rain|p2a: Weezing|[spread] p2a,p2b\n|-damage|p2a: Weezing|0 fnt\n|-damage|p2b: Landorus|11\/100\n|-unboost|p1b: Gholdengo|spa|1\n|faint|p2a: Weezing\n|-end|p2a: Weezing|ability: Neutralizing Gas\n|-ability|p2b: Landorus|Intimidate|boost\n|-unboost|p1b: Gholdengo|atk|1\n|\n|upkeep\n|\n|t:|1700927204\n|switch|p1a: Iron Hands|Iron Hands, L50|88\/100 brn\n|turn|7\n|-message|she shawty forfeited.\n|\n|win|NotRubyVGC\n|raw|NotRubyVGC's rating: 1504 &rarr; <strong>1524<\/strong><br \/>(+20 for winning)\n|raw|she shawty's rating: 1505 &rarr; <strong>1485<\/strong><br \/>(-20 for losing)\n|l|\u2606she shawty\n","uploadtime":1700927361,"views":9,"p1id":"notrubyvgc","p2id":"sheshawty","formatid":"gen9vgc2023regulatione","rating":1485,"private":0,"password":""}