{"id":"gen9vgc2023regulatione-2000130778","p1":"pap869","p2":"EnvySenpai","format":"[Gen 9] VGC 2023 Regulation E","log":"|j|\u2606pap869\n|j|\u2606EnvySenpai\n|t:|1701160313\n|gametype|doubles\n|player|p1|pap869|265|1110\n|player|p2|EnvySenpai|102|1198\n|teamsize|p1|6\n|teamsize|p2|6\n|gen|9\n|tier|[Gen 9] VGC 2023 Regulation E\n|rated|\n|rule|Species Clause: Limit one of each Pok\u00e9mon\n|rule|Item Clause: Limit one of each item\n|clearpoke\n|poke|p1|Iron Hands, L50|\n|poke|p1|Tornadus, L50, M|\n|poke|p1|Arcanine-Hisui, L50, F|\n|poke|p1|Chien-Pao, L50|\n|poke|p1|Rillaboom, L50, M|\n|poke|p1|Amoonguss, L50, M|\n|poke|p2|Pawmot, L50, F|\n|poke|p2|Golem-Alola, L50, M|\n|poke|p2|Landorus-Therian, L50, M|\n|poke|p2|Cresselia, L50, F|\n|poke|p2|Ogerpon-Hearthflame, L50, F|\n|poke|p2|Empoleon, L50, M|\n|teampreview|4\n|inactive|Battle timer is ON: inactive players will automatically lose when time's up. (requested by EnvySenpai)\n|\n|t:|1701160359\n|start\n|switch|p1a: Tornadus|Tornadus, L50, M|100\/100\n|switch|p1b: Iron Hands|Iron Hands, L50|100\/100\n|switch|p2a: Empoleon|Empoleon, L50, M, shiny|100\/100\n|switch|p2b: Cresselia|Cresselia, L50, F, shiny|100\/100\n|turn|1\n|\n|t:|1701160382\n|move|p2a: Empoleon|Protect|p2a: Empoleon\n|-singleturn|p2a: Empoleon|Protect\n|move|p1a: Tornadus|Taunt|p2b: Cresselia\n|-start|p2b: Cresselia|move: Taunt\n|move|p2b: Cresselia|Icy Wind|p1b: Iron Hands|[spread] p1a,p1b\n|-supereffective|p1a: Tornadus\n|-damage|p1a: Tornadus|88\/100\n|-damage|p1b: Iron Hands|96\/100\n|-unboost|p1b: Iron Hands|spe|1\n|move|p1b: Iron Hands|Wild Charge|p2a: Empoleon\n|-activate|p2a: Empoleon|move: Protect\n|\n|upkeep\n|turn|2\n|\n|t:|1701160398\n|switch|p2a: Landorus|Landorus-Therian, L50, M, shiny|100\/100\n|-ability|p2a: Landorus|Intimidate|boost\n|-unboost|p1a: Tornadus|atk|1\n|-unboost|p1b: Iron Hands|atk|1\n|move|p1a: Tornadus|Tailwind|p1a: Tornadus\n|-sidestart|p1: pap869|move: Tailwind\n|move|p2b: Cresselia|Icy Wind|p1b: Iron Hands|[spread] p1a\n|-miss|p2b: Cresselia|p1b: Iron Hands\n|-supereffective|p1a: Tornadus\n|-damage|p1a: Tornadus|74\/100\n|move|p1b: Iron Hands|Wild Charge|p2a: Landorus\n|-immune|p2a: Landorus\n|\n|upkeep\n|turn|3\n|\n|t:|1701160416\n|-end|p1b: Iron Hands|Quark Drive|[silent]\n|switch|p1b: Rillaboom|Rillaboom, L50, M|100\/100\n|-fieldstart|move: Grassy Terrain|[from] ability: Grassy Surge|[of] p1b: Rillaboom\n|move|p1a: Tornadus|Protect|p1a: Tornadus\n|-singleturn|p1a: Tornadus|Protect\n|move|p2a: Landorus|Rock Slide|p1b: Rillaboom|[spread] p1b\n|-activate|p1a: Tornadus|move: Protect\n|-damage|p1b: Rillaboom|78\/100\n|move|p2b: Cresselia|Icy Wind|p1a: Tornadus|[spread] p1b\n|-activate|p1a: Tornadus|move: Protect\n|-supereffective|p1b: Rillaboom\n|-damage|p1b: Rillaboom|58\/100\n|-unboost|p1b: Rillaboom|spe|1\n|\n|-heal|p1b: Rillaboom|64\/100|[from] Grassy Terrain\n|-end|p2b: Cresselia|move: Taunt\n|upkeep\n|turn|4\n|inactive|pap869 has 30 seconds left.\n|inactive|EnvySenpai has 30 seconds left.\n|inactive|pap869 has 20 seconds left.\n|\n|t:|1701160454\n|switch|p2a: Empoleon|Empoleon, L50, M, shiny|100\/100\n|move|p1b: Rillaboom|Fake Out|p2a: Empoleon\n|-resisted|p2a: Empoleon\n|-damage|p2a: Empoleon|93\/100\n|move|p1a: Tornadus|Taunt|p2b: Cresselia\n|-start|p2b: Cresselia|move: Taunt\n|move|p2b: Cresselia|Icy Wind|p1a: Tornadus|[spread] p1b\n|-miss|p2b: Cresselia|p1a: Tornadus\n|-supereffective|p1b: Rillaboom\n|-damage|p1b: Rillaboom|44\/100\n|-unboost|p1b: Rillaboom|spe|1\n|\n|-heal|p1b: Rillaboom|50\/100|[from] Grassy Terrain\n|-heal|p2a: Empoleon|98\/100|[from] Grassy Terrain\n|-heal|p2a: Empoleon|100\/100|[from] item: Leftovers\n|upkeep\n|turn|5\n|\n|t:|1701160474\n|move|p1b: Rillaboom|Grassy Glide|p2a: Empoleon\n|-crit|p2a: Empoleon\n|-damage|p2a: Empoleon|31\/100\n|move|p1a: Tornadus|Bleakwind Storm|p2a: Empoleon|[spread] p2a,p2b\n|-resisted|p2a: Empoleon\n|-damage|p2a: Empoleon|17\/100\n|-damage|p2b: Cresselia|82\/100\n|move|p2b: Cresselia|Icy Wind|p1a: Tornadus|[spread] p1a,p1b\n|-supereffective|p1a: Tornadus\n|-supereffective|p1b: Rillaboom\n|-damage|p1a: Tornadus|60\/100\n|-damage|p1b: Rillaboom|32\/100\n|-unboost|p1b: Rillaboom|spe|1\n|move|p2a: Empoleon|Air Slash|p1b: Rillaboom\n|-supereffective|p1b: Rillaboom\n|-damage|p1b: Rillaboom|0 fnt\n|faint|p1b: Rillaboom\n|\n|-heal|p2a: Empoleon|23\/100|[from] Grassy Terrain\n|-heal|p2a: Empoleon|29\/100|[from] item: Leftovers\n|-sideend|p1: pap869|move: Tailwind\n|upkeep\n|\n|t:|1701160495\n|switch|p1b: Iron Hands|Iron Hands, L50|96\/100\n|turn|6\n|\n|t:|1701160505\n|move|p2a: Empoleon|Protect|p2a: Empoleon\n|-singleturn|p2a: Empoleon|Protect\n|move|p1a: Tornadus|Bleakwind Storm|p2a: Empoleon|[spread] p2b\n|-activate|p2a: Empoleon|move: Protect\n|-damage|p2b: Cresselia|63\/100\n|move|p2b: Cresselia|Icy Wind|p1a: Tornadus|[spread] p1a,p1b\n|-supereffective|p1a: Tornadus\n|-damage|p1a: Tornadus|47\/100\n|-damage|p1b: Iron Hands|93\/100\n|-unboost|p1b: Iron Hands|spe|1\n|move|p1b: Iron Hands|Drain Punch|p2a: Empoleon\n|-activate|p2a: Empoleon|move: Protect\n|\n|-heal|p2a: Empoleon|35\/100|[from] Grassy Terrain\n|-heal|p2a: Empoleon|40\/100|[from] item: Leftovers\n|-heal|p1b: Iron Hands|99\/100|[from] Grassy Terrain\n|-end|p2b: Cresselia|move: Taunt\n|upkeep\n|turn|7\n|inactive|pap869 has 30 seconds left.\n|\n|t:|1701160537\n|switch|p2a: Landorus|Landorus-Therian, L50, M, shiny|100\/100\n|-ability|p2a: Landorus|Intimidate|boost\n|-unboost|p1a: Tornadus|atk|1\n|-unboost|p1b: Iron Hands|atk|1\n|move|p2b: Cresselia|Ally Switch|p2b: Cresselia\n|swap|p2b: Cresselia|0|[from] move: Ally Switch\n|move|p1a: Tornadus|Bleakwind Storm|p2a: Cresselia|[spread] p2a,p2b\n|-damage|p2a: Cresselia|45\/100\n|-damage|p2b: Landorus|60\/100\n|-unboost|p2a: Cresselia|spe|1\n|-unboost|p2b: Landorus|spe|1\n|move|p1b: Iron Hands|Drain Punch|p2a: Cresselia\n|-resisted|p2a: Cresselia\n|-damage|p2a: Cresselia|37\/100\n|-heal|p1b: Iron Hands|100\/100|[from] drain|[of] p2a: Cresselia\n|-damage|p1b: Iron Hands|84\/100|[from] item: Rocky Helmet|[of] p2a: Cresselia\n|\n|-heal|p1b: Iron Hands|90\/100|[from] Grassy Terrain\n|-fieldend|move: Grassy Terrain\n|upkeep\n|turn|8\n|inactive|pap869 has 30 seconds left.\n|inactive|EnvySenpai has 30 seconds left.\n|\n|t:|1701160568\n|switch|p1a: Arcanine|Arcanine-Hisui, L50, F|100\/100\n|-ability|p1a: Arcanine|Intimidate|boost\n|-unboost|p2a: Cresselia|atk|1\n|-unboost|p2b: Landorus|atk|1\n|move|p2b: Landorus|Rock Slide|p1a: Arcanine|[spread] p1a,p1b\n|-supereffective|p1a: Arcanine\n|-resisted|p1b: Iron Hands\n|-damage|p1a: Arcanine|64\/100\n|-damage|p1b: Iron Hands|85\/100\n|move|p2a: Cresselia|Icy Wind|p1b: Iron Hands|[spread] p1a\n|-miss|p2a: Cresselia|p1b: Iron Hands\n|-resisted|p1a: Arcanine\n|-damage|p1a: Arcanine|60\/100\n|-unboost|p1a: Arcanine|spe|1\n|cant|p1b: Iron Hands|flinch\n|\n|upkeep\n|turn|9\n|inactive|pap869 has 30 seconds left.\n|\n|t:|1701160597\n|switch|p2b: Empoleon|Empoleon, L50, M, shiny|40\/100\n|move|p1a: Arcanine|Flare Blitz|p2a: Cresselia\n|-damage|p2a: Cresselia|0 fnt\n|-damage|p1a: Arcanine|43\/100|[from] item: Rocky Helmet|[of] p2a: Cresselia\n|faint|p2a: Cresselia\n|-damage|p1a: Arcanine|28\/100|[from] Recoil\n|move|p1b: Iron Hands|Drain Punch|p2b: Empoleon\n|-supereffective|p2b: Empoleon\n|-damage|p2b: Empoleon|0 fnt\n|-heal|p1b: Iron Hands|100\/100|[from] drain|[of] p2b: Empoleon\n|faint|p2b: Empoleon\n|\n|upkeep\n|\n|t:|1701160611\n|switch|p2a: Landorus|Landorus-Therian, L50, M, shiny|60\/100\n|switch|p2b: Ogerpon|Ogerpon-Hearthflame, L50, F|100\/100\n|-ability|p2a: Landorus|Intimidate|boost\n|-unboost|p1a: Arcanine|atk|1\n|-unboost|p1b: Iron Hands|atk|1\n|-ability|p2b: Ogerpon|Mold Breaker\n|turn|10\n|inactive|pap869 has 30 seconds left.\n|inactive|EnvySenpai has 30 seconds left.\n|\n|t:|1701160643\n|switch|p1a: Tornadus|Tornadus, L50, M|47\/100\n|move|p2b: Ogerpon|Spiky Shield|p2b: Ogerpon\n|-singleturn|p2b: Ogerpon|move: Protect\n|move|p2a: Landorus|Rock Slide|p1a: Tornadus|[spread] p1a,p1b\n|-supereffective|p1a: Tornadus\n|-resisted|p1b: Iron Hands\n|-damage|p1a: Tornadus|0 fnt\n|-damage|p1b: Iron Hands|93\/100\n|faint|p1a: Tornadus\n|move|p1b: Iron Hands|Stomping Tantrum|p2b: Ogerpon\n|-activate|p2b: Ogerpon|move: Protect\n|-damage|p1b: Iron Hands|80\/100|[from] Spiky Shield|[of] p2b: Ogerpon\n|\n|upkeep\n|\n|t:|1701160656\n|switch|p1a: Arcanine|Arcanine-Hisui, L50, F|28\/100\n|-ability|p1a: Arcanine|Intimidate|boost\n|-unboost|p2a: Landorus|atk|1\n|-unboost|p2b: Ogerpon|atk|1\n|turn|11\n|\n|t:|1701160673\n|-terastallize|p2b: Ogerpon|Fire\n|detailschange|p2b: Ogerpon|Ogerpon-Hearthflame-Tera, L50, F, tera:Fire\n|-ability|p2b: Ogerpon|Embody Aspect (Hearthflame)|boost\n|-boost|p2b: Ogerpon|atk|1\n|move|p2a: Landorus|Rock Slide|p1a: Arcanine|[spread] p1a\n|-miss|p2a: Landorus|p1b: Iron Hands\n|-supereffective|p1a: Arcanine\n|-damage|p1a: Arcanine|0 fnt\n|faint|p1a: Arcanine\n|move|p2b: Ogerpon|Ivy Cudgel|p1b: Iron Hands|[anim] Ivy Cudgel Fire\n|-damage|p1b: Iron Hands|23\/100\n|move|p1b: Iron Hands|Drain Punch|p2b: Ogerpon\n|-damage|p2b: Ogerpon|71\/100\n|-heal|p1b: Iron Hands|33\/100|[from] drain|[of] p2b: Ogerpon\n|\n|upkeep\n|turn|12\n|-message|pap869 forfeited.\n|\n|win|EnvySenpai\n|raw|pap869's rating: 1110 &rarr; <strong>1091<\/strong><br \/>(-19 for losing)\n|raw|EnvySenpai's rating: 1198 &rarr; <strong>1217<\/strong><br \/>(+19 for winning)\n|l|\u2606pap869\n","uploadtime":1701160697,"views":5,"p1id":"pap869","p2id":"envysenpai","formatid":"gen9vgc2023regulatione","rating":1091,"private":0,"password":""}