{"id":"gen9vgc2023regulatione-1988277342","p1":"giftedyewsucks","p2":"Leef2","format":"[Gen 9] VGC 2023 Regulation E","log":"|j|\u2606giftedyewsucks\n|j|\u2606Leef2\n|t:|1699700115\n|gametype|doubles\n|player|p1|giftedyewsucks|266|\n|player|p2|Leef2|artist-gen4|\n|teamsize|p1|6\n|teamsize|p2|6\n|gen|9\n|tier|[Gen 9] VGC 2023 Regulation E\n|rated|Tournament battle\n|rule|Species Clause: Limit one of each Pok\u00e9mon\n|rule|Item Clause: Limit one of each item\n|clearpoke\n|poke|p1|Flutter Mane, L50|\n|poke|p1|Chi-Yu, L50|\n|poke|p1|Iron Hands, L50|\n|poke|p1|Farigiraf, L50, M|\n|poke|p1|Landorus-Therian, L50, M|\n|poke|p1|Azumarill, L50, M|\n|poke|p2|Gholdengo, L50|\n|poke|p2|Arcanine-Hisui, L50, M|\n|poke|p2|Regidrago, L50|\n|poke|p2|Iron Hands, L50|\n|poke|p2|Iron Bundle, L50|\n|poke|p2|Ogerpon-Wellspring, L50, F|\n|teampreview|4\n|showteam|p1|Flutter Mane||BoosterEnergy|Protosynthesis|DazzlingGleam,ShadowBall,IcyWind,Protect||||||50|,,,,,Fairy]Chi-Yu||ChoiceSpecs|BeadsofRuin|HeatWave,Overheat,DarkPulse,Snarl||||||50|,,,,,Ghost]Iron Hands||AssaultVest|QuarkDrive|DrainPunch,WildCharge,HeavySlam,FakeOut||||||50|,,,,,Fire]Farigiraf||SafetyGoggles|ArmorTail|Psychic,DazzlingGleam,NastyPlot,TrickRoom|||M|||50|,,,,,Fire]Landorus-Therian||ChoiceScarf|Intimidate|StompingTantrum,TeraBlast,RockSlide,Uturn|||M|||50|,,,,,Flying]Azumarill||ChoiceBand|HugePower|Liquidation,AquaJet,PlayRough,IceSpinner|||M|||50|,,,,,Water\n|showteam|p2|Gholdengo||MetalCoat|GoodasGold|MakeItRain,ShadowBall,Protect,NastyPlot||||||50|,,,,,Dragon]Arcanine-Hisui||ChoiceBand|Intimidate|FlareBlitz,RockSlide,ExtremeSpeed,TeraBlast|||M|||50|,,,,,Fairy]Regidrago||DragonFang|DragonsMaw|DragonEnergy,DragonPulse,EarthPower,Protect||||||50|,,,,,Steel]Iron Hands||AssaultVest|QuarkDrive|WildCharge,DrainPunch,FakeOut,HeavySlam||||||50|,,,,,Water]Iron Bundle||BoosterEnergy|QuarkDrive|IcyWind,FreezeDry,HydroPump,Protect||||||50|,,,,,Ghost]Ogerpon-Wellspring||WellspringMask|WaterAbsorb|IvyCudgel,HornLeech,SpikyShield,FollowMe|||F|||50|,,,,,Water\n|c|\u2606Leef2|glhf\n|c|\u2606giftedyewsucks|u2\n|j| tiaguitovgc\n|j| 4KuserVGC\n|inactive|Battle timer is ON: inactive players will automatically lose when time's up. (requested by giftedyewsucks)\n|\n|t:|1699700217\n|start\n|switch|p1a: Farigiraf|Farigiraf, L50, M, shiny|100\/100\n|switch|p1b: Iron Hands|Iron Hands, L50|100\/100\n|switch|p2a: Pear|Iron Hands, L50|100\/100\n|switch|p2b: Smokey|Arcanine-Hisui, L50, M|100\/100\n|-ability|p2b: Smokey|Intimidate|boost\n|-unboost|p1a: Farigiraf|atk|1\n|-unboost|p1b: Iron Hands|atk|1\n|turn|1\n|inactive|Leef2 has 30 seconds left.\n|\n|t:|1699700248\n|move|p1b: Iron Hands|Fake Out|p2b: Smokey\n|-resisted|p2b: Smokey\n|-damage|p2b: Smokey|94\/100\n|cant|p2b: Smokey|flinch\n|move|p2a: Pear|Drain Punch|p1a: Farigiraf\n|-damage|p1a: Farigiraf|61\/100\n|move|p1a: Farigiraf|Trick Room|p1a: Farigiraf\n|-fieldstart|move: Trick Room|[of] p1a: Farigiraf\n|\n|upkeep\n|turn|2\n|\n|t:|1699700267\n|-terastallize|p2b: Smokey|Fairy\n|move|p2a: Pear|Drain Punch|p1a: Farigiraf\n|-damage|p1a: Farigiraf|19\/100\n|move|p1b: Iron Hands|Drain Punch|p2a: Pear\n|-damage|p2a: Pear|78\/100\n|move|p1a: Farigiraf|Psychic|p2a: Pear\n|-supereffective|p2a: Pear\n|-damage|p2a: Pear|32\/100\n|move|p2b: Smokey|Tera Blast|p1a: Farigiraf|[anim] Tera Blast Fairy\n|-damage|p1a: Farigiraf|0 fnt\n|faint|p1a: Farigiraf\n|\n|upkeep\n|\n|t:|1699700277\n|switch|p1a: Azumarill|Azumarill, L50, M|100\/100\n|turn|3\n|\n|t:|1699700290\n|switch|p2b: Ponya|Ogerpon-Wellspring, L50, F|100\/100\n|move|p1a: Azumarill|Play Rough|p2a: Pear\n|-supereffective|p2a: Pear\n|-damage|p2a: Pear|0 fnt\n|faint|p2a: Pear\n|-end|p2a: Pear|Quark Drive|[silent]\n|move|p1b: Iron Hands|Wild Charge|p2b: Ponya\n|-damage|p2b: Ponya|66\/100\n|-damage|p1b: Iron Hands|94\/100|[from] Recoil\n|\n|upkeep\n|\n|t:|1699700300\n|switch|p2a: Smokey|Arcanine-Hisui, L50, M, tera:Fairy|94\/100\n|-ability|p2a: Smokey|Intimidate|boost\n|-unboost|p1a: Azumarill|atk|1\n|-unboost|p1b: Iron Hands|atk|1\n|turn|4\n|\n|t:|1699700311\n|move|p1a: Azumarill|Play Rough|p2a: Smokey\n|-damage|p2a: Smokey|31\/100\n|-unboost|p2a: Smokey|atk|1\n|move|p1b: Iron Hands|Wild Charge|p2a: Smokey\n|-damage|p2a: Smokey|3\/100\n|-damage|p1b: Iron Hands|88\/100|[from] Recoil\n|move|p2a: Smokey|Tera Blast|p1b: Iron Hands|[anim] Tera Blast Fairy\n|-supereffective|p1b: Iron Hands\n|-damage|p1b: Iron Hands|23\/100\n|move|p2b: Ponya|Horn Leech|p1a: Azumarill\n|-supereffective|p1a: Azumarill\n|-damage|p1a: Azumarill|5\/100\n|-heal|p2b: Ponya|100\/100|[from] drain|[of] p1a: Azumarill\n|\n|upkeep\n|turn|5\n|\n|t:|1699700334\n|switch|p1a: Chi-Yu|Chi-Yu, L50|100\/100\n|-ability|p1a: Chi-Yu|Beads of Ruin\n|move|p2b: Ponya|Spiky Shield|p2b: Ponya\n|-singleturn|p2b: Ponya|move: Protect\n|move|p1b: Iron Hands|Wild Charge|p2a: Smokey\n|-damage|p2a: Smokey|0 fnt\n|faint|p2a: Smokey\n|-damage|p1b: Iron Hands|22\/100|[from] Recoil\n|\n|-fieldend|move: Trick Room\n|upkeep\n|\n|t:|1699700336\n|switch|p2a: Chilli|Iron Bundle, L50|100\/100\n|-enditem|p2a: Chilli|Booster Energy\n|-activate|p2a: Chilli|ability: Quark Drive|[fromitem]\n|-start|p2a: Chilli|quarkdrivespe\n|turn|6\n|\n|t:|1699700351\n|-terastallize|p1a: Chi-Yu|Ghost\n|move|p2a: Chilli|Icy Wind|p1b: Iron Hands|[spread] p1a,p1b\n|-damage|p1a: Chi-Yu|77\/100\n|-damage|p1b: Iron Hands|9\/100\n|-unboost|p1a: Chi-Yu|spe|1\n|-unboost|p1b: Iron Hands|spe|1\n|move|p2b: Ponya|Ivy Cudgel|p1a: Chi-Yu\n|-crit|p1a: Chi-Yu\n|-damage|p1a: Chi-Yu|0 fnt\n|faint|p1a: Chi-Yu\n|move|p1b: Iron Hands|Wild Charge|p2a: Chilli\n|-supereffective|p2a: Chilli\n|-damage|p2a: Chilli|46\/100\n|-damage|p1b: Iron Hands|0 fnt|[from] Recoil\n|faint|p1b: Iron Hands\n|-end|p1b: Iron Hands|Quark Drive|[silent]\n|\n|upkeep\n|c|\u2606giftedyewsucks|gg\n|-message|giftedyewsucks forfeited.\n|\n|win|Leef2\n|n|\u2606giftedyewsucks|giftedyewsucks\n|n|\u2606Leef2|leef2\n|n| tiaguitovgc|tiaguitovgc\n|n| 4KuserVGC|4kuservgc\n","uploadtime":1699700361,"views":20,"p1id":"giftedyewsucks","p2id":"leef2","formatid":"gen9vgc2023regulatione","rating":0,"private":0,"password":""}