{"id":"gen9vgc2023regulatione-1992354308","p1":"Crotchety Old Man","p2":"patoathie","format":"[Gen 9] VGC 2023 Regulation E","log":"|j|\u2606Crotchety Old Man\n|j|\u2606patoathie\n|t:|1700177959\n|gametype|doubles\n|player|p1|Crotchety Old Man|pryce|1507\n|player|p2|patoathie|265|1602\n|teamsize|p1|6\n|teamsize|p2|6\n|gen|9\n|tier|[Gen 9] VGC 2023 Regulation E\n|rated|\n|rule|Species Clause: Limit one of each Pok\u00e9mon\n|rule|Item Clause: Limit one of each item\n|clearpoke\n|poke|p1|Ceruledge, L50, M|\n|poke|p1|Iron Bundle, L50|\n|poke|p1|Amoonguss, L50, M|\n|poke|p1|Iron Hands, L50|\n|poke|p1|Landorus-Therian, L50, M|\n|poke|p1|Ninetales-Alola, L50, F|\n|poke|p2|Flutter Mane, L50|\n|poke|p2|Iron Hands, L50|\n|poke|p2|Landorus-Therian, L50, M|\n|poke|p2|Heatran, L50, M|\n|poke|p2|Amoonguss, L50, F|\n|poke|p2|Roaring Moon, L50|\n|teampreview|4\n|inactive|Battle timer is ON: inactive players will automatically lose when time's up. (requested by Crotchety Old Man)\n|inactive|patoathie has 60 seconds left.\n|\n|t:|1700178063\n|start\n|switch|p1a: Iron Hands|Iron Hands, L50|100\/100\n|switch|p1b: Ceruledge|Ceruledge, L50, M|100\/100\n|switch|p2a: Iron Hands|Iron Hands, L50|100\/100\n|switch|p2b: Amoonguss|Amoonguss, L50, F|100\/100\n|turn|1\n|\n|t:|1700178088\n|-end|p2a: Iron Hands|Quark Drive|[silent]\n|switch|p2a: Landorus|Landorus-Therian, L50, M|100\/100\n|-ability|p2a: Landorus|Intimidate|boost\n|-unboost|p1a: Iron Hands|atk|1\n|-fail|p1b: Ceruledge|unboost|[from] item: Clear Amulet|[of] p1b: Ceruledge\n|move|p2b: Amoonguss|Protect|p2b: Amoonguss\n|-singleturn|p2b: Amoonguss|Protect\n|move|p1a: Iron Hands|Fake Out|p2b: Amoonguss\n|-activate|p2b: Amoonguss|move: Protect\n|move|p1b: Ceruledge|Bulk Up|p1b: Ceruledge\n|-boost|p1b: Ceruledge|atk|1\n|-boost|p1b: Ceruledge|def|1\n|\n|upkeep\n|turn|2\n|inactive|patoathie has 30 seconds left.\n|inactive|patoathie has 20 seconds left.\n|\n|t:|1700178127\n|-end|p1a: Iron Hands|Quark Drive|[silent]\n|switch|p1a: Amoonguss|Amoonguss, L50, M|100\/100\n|-terastallize|p2b: Amoonguss|Water\n|move|p1b: Ceruledge|Protect|p1b: Ceruledge\n|-singleturn|p1b: Ceruledge|Protect\n|move|p2a: Landorus|Stomping Tantrum|p1b: Ceruledge\n|-activate|p1b: Ceruledge|move: Protect\n|move|p2b: Amoonguss|Spore|p1a: Amoonguss\n|-immune|p1a: Amoonguss\n|\n|upkeep\n|turn|3\n|c|\u2606patoathie|wp\n|inactive|patoathie has 30 seconds left.\n|\n|t:|1700178157\n|switch|p2a: Heatran|Heatran, L50, M|100\/100\n|move|p2b: Amoonguss|Protect|p2b: Amoonguss\n|-singleturn|p2b: Amoonguss|Protect\n|move|p1a: Amoonguss|Rage Powder|p1a: Amoonguss\n|-singleturn|p1a: Amoonguss|move: Rage Powder\n|move|p1b: Ceruledge|Bulk Up|p1b: Ceruledge\n|-boost|p1b: Ceruledge|atk|1\n|-boost|p1b: Ceruledge|def|1\n|\n|upkeep\n|turn|4\n|inactive|Crotchety Old Man has 30 seconds left.\n|inactive|patoathie has 30 seconds left.\n|inactive|patoathie has 20 seconds left.\n|inactive|patoathie has 15 seconds left.\n|\n|t:|1700178203\n|-terastallize|p1b: Ceruledge|Grass\n|move|p2b: Amoonguss|Rage Powder|p2b: Amoonguss\n|-singleturn|p2b: Amoonguss|move: Rage Powder\n|move|p1b: Ceruledge|Poltergeist|p2a: Heatran\n|-activate|p2a: Heatran|move: Poltergeist|Life Orb\n|-damage|p2a: Heatran|10\/100\n|move|p2a: Heatran|Heat Wave|p1a: Amoonguss|[spread] p1a\n|-start|p1b: Ceruledge|ability: Flash Fire\n|-supereffective|p1a: Amoonguss\n|-crit|p1a: Amoonguss\n|-damage|p1a: Amoonguss|0 fnt\n|faint|p1a: Amoonguss\n|-damage|p2a: Heatran|0 fnt|[from] item: Life Orb\n|faint|p2a: Heatran\n|\n|upkeep\n|\n|t:|1700178221\n|switch|p2a: Iron Hands|Iron Hands, L50|100\/100\n|switch|p1a: Landorus|Landorus-Therian, L50, M|100\/100\n|-ability|p1a: Landorus|Intimidate|boost\n|-unboost|p2a: Iron Hands|atk|1\n|-unboost|p2b: Amoonguss|atk|1\n|turn|5\n|\n|t:|1700178239\n|-end|p2a: Iron Hands|Quark Drive|[silent]\n|switch|p2a: Landorus|Landorus-Therian, L50, M|100\/100\n|-ability|p2a: Landorus|Intimidate|boost\n|-unboost|p1a: Landorus|atk|1\n|-fail|p1b: Ceruledge|unboost|[from] item: Clear Amulet|[of] p1b: Ceruledge\n|move|p1a: Landorus|U-turn|p2b: Amoonguss\n|-damage|p2b: Amoonguss|86\/100\n|\n|t:|1700178245\n|switch|p1a: Iron Hands|Iron Hands, L50|100\/100|[from] U-turn\n|move|p1b: Ceruledge|Poltergeist|p2b: Amoonguss\n|-activate|p2b: Amoonguss|move: Poltergeist|Sitrus Berry\n|-damage|p2b: Amoonguss|9\/100\n|-enditem|p2b: Amoonguss|Sitrus Berry|[eat]\n|-heal|p2b: Amoonguss|34\/100|[from] item: Sitrus Berry\n|move|p2b: Amoonguss|Pollen Puff|p1b: Ceruledge\n|-supereffective|p1b: Ceruledge\n|-damage|p1b: Ceruledge|63\/100\n|\n|upkeep\n|turn|6\n|\n|t:|1700178267\n|switch|p2b: Iron Hands|Iron Hands, L50|100\/100\n|move|p1a: Iron Hands|Fake Out|p2a: Landorus\n|-damage|p2a: Landorus|83\/100\n|cant|p2a: Landorus|flinch\n|move|p1b: Ceruledge|Bitter Blade|p2b: Iron Hands\n|-damage|p2b: Iron Hands|2\/100\n|-heal|p1b: Ceruledge|100\/100|[from] drain|[of] p2b: Iron Hands\n|\n|upkeep\n|turn|7\n|inactive|Crotchety Old Man has 30 seconds left.\n|inactive|patoathie has 30 seconds left.\n|inactive|Crotchety Old Man has 20 seconds left.\n|inactive|Crotchety Old Man has 15 seconds left.\n|inactive|Crotchety Old Man has 10 seconds left.\n|\n|t:|1700178316\n|-end|p1a: Iron Hands|Quark Drive|[silent]\n|switch|p1a: Landorus|Landorus-Therian, L50, M|100\/100\n|-ability|p1a: Landorus|Intimidate|boost\n|-unboost|p2a: Landorus|atk|1\n|-unboost|p2b: Iron Hands|atk|1\n|move|p2b: Iron Hands|Fake Out|p1a: Landorus\n|-damage|p1a: Landorus|88\/100\n|move|p2a: Landorus|U-turn|p1b: Ceruledge\n|-supereffective|p1b: Ceruledge\n|-damage|p1b: Ceruledge|80\/100\n|\n|t:|1700178324\n|switch|p2a: Amoonguss|Amoonguss, L50, F, tera:Water|67\/100|[from] U-turn\n|move|p1b: Ceruledge|Bitter Blade|p2a: Amoonguss\n|-resisted|p2a: Amoonguss\n|-damage|p2a: Amoonguss|21\/100\n|-heal|p1b: Ceruledge|100\/100|[from] drain|[of] p2a: Amoonguss\n|\n|upkeep\n|turn|8\n|c|\u2606patoathie|gg\n|-message|patoathie forfeited.\n|\n|win|Crotchety Old Man\n|raw|Crotchety Old Man's rating: 1507 &rarr; <strong>1532<\/strong><br \/>(+25 for winning)\n|raw|patoathie's rating: 1602 &rarr; <strong>1577<\/strong><br \/>(-25 for losing)\n|l|\u2606patoathie\n","uploadtime":1700178345,"views":14,"p1id":"crotchetyoldman","p2id":"patoathie","formatid":"gen9vgc2023regulatione","rating":1532,"private":0,"password":""}