{"id":"gen9vgc2023regulatione-1992900335","p1":"Rexluser","p2":"KenJay^^","format":"[Gen 9] VGC 2023 Regulation E","log":"|j|\u2606Rexluser\n|j|\u2606KenJay^^\n|t:|1700245164\n|gametype|doubles\n|player|p1|Rexluser|266|1026\n|player|p2|KenJay^^|2|1133\n|teamsize|p1|6\n|teamsize|p2|6\n|gen|9\n|tier|[Gen 9] VGC 2023 Regulation E\n|rated|\n|rule|Species Clause: Limit one of each Pok\u00e9mon\n|rule|Item Clause: Limit one of each item\n|clearpoke\n|poke|p1|Enamorus, L50, F|\n|poke|p1|Passimian, L50, M|\n|poke|p1|Dugtrio-Alola, L50, M|\n|poke|p1|Tornadus, L50, M|\n|poke|p1|Farigiraf, L50, M|\n|poke|p1|Rillaboom, L50, F|\n|poke|p2|Glastrier, L50|\n|poke|p2|Kommo-o, L50, M|\n|poke|p2|Indeedee-F, L50, F|\n|poke|p2|Ogerpon-Hearthflame, L50, F|\n|poke|p2|Landorus-Therian, L50, M|\n|poke|p2|Hatterene, L50, F|\n|teampreview|4\n|\n|t:|1700245179\n|start\n|switch|p1a: Enamorus|Enamorus, L50, F|100\/100\n|switch|p1b: Passimian|Passimian, L50, M|100\/100\n|switch|p2a: Kommo-o|Kommo-o, L50, M|100\/100\n|switch|p2b: Ogerpon|Ogerpon-Hearthflame, L50, F|100\/100\n|-ability|p2b: Ogerpon|Mold Breaker\n|turn|1\n|inactive|Battle timer is ON: inactive players will automatically lose when time's up. (requested by Rexluser)\n|\n|t:|1700245201\n|move|p2a: Kommo-o|Protect|p2a: Kommo-o\n|-singleturn|p2a: Kommo-o|Protect\n|move|p1b: Passimian|Protect|p1b: Passimian\n|-singleturn|p1b: Passimian|Protect\n|move|p2b: Ogerpon|Ivy Cudgel|p1a: Enamorus|[anim] Ivy Cudgel Fire\n|-damage|p1a: Enamorus|16\/100\n|move|p1a: Enamorus|Misty Explosion|p2b: Ogerpon|[spread] p2b\n|-activate|p1b: Passimian|move: Protect\n|-activate|p2a: Kommo-o|move: Protect\n|-resisted|p2b: Ogerpon\n|-damage|p2b: Ogerpon|71\/100\n|faint|p1a: Enamorus\n|-ability|p1b: Passimian|Contrary|[from] ability: Receiver|[of] p1a: Enamorus\n|\n|upkeep\n|\n|t:|1700245216\n|switch|p1a: Dugtrio|Dugtrio-Alola, L50, M|100\/100\n|turn|2\n|\n|t:|1700245233\n|move|p1a: Dugtrio|Charm|p1b: Passimian\n|-boost|p1b: Passimian|atk|2\n|move|p2b: Ogerpon|Ivy Cudgel|p1b: Passimian|[anim] Ivy Cudgel Fire\n|-damage|p1b: Passimian|45\/100\n|move|p2a: Kommo-o|Drain Punch|p1a: Dugtrio\n|-supereffective|p1a: Dugtrio\n|-damage|p1a: Dugtrio|0 fnt\n|-ability|p1a: Dugtrio|Tangling Hair\n|-unboost|p2a: Kommo-o|spe|1\n|faint|p1a: Dugtrio\n|move|p1b: Passimian|Close Combat|p2b: Ogerpon\n|-damage|p2b: Ogerpon|0 fnt\n|-boost|p1b: Passimian|def|1\n|-boost|p1b: Passimian|spd|1\n|faint|p2b: Ogerpon\n|\n|-heal|p1b: Passimian|51\/100|[from] item: Leftovers\n|upkeep\n|\n|t:|1700245255\n|switch|p1a: Rillaboom|Rillaboom, L50, F|100\/100\n|switch|p2b: Hatterene|Hatterene, L50, F|100\/100\n|-fieldstart|move: Grassy Terrain|[from] ability: Grassy Surge|[of] p1a: Rillaboom\n|turn|3\n|\n|t:|1700245268\n|-terastallize|p1b: Passimian|Fire\n|move|p1a: Rillaboom|Fake Out|p2a: Kommo-o\n|-damage|p2a: Kommo-o|86\/100\n|move|p1b: Passimian|Iron Head|p2b: Hatterene\n|-supereffective|p2b: Hatterene\n|-damage|p2b: Hatterene|0 fnt\n|faint|p2b: Hatterene\n|cant|p2a: Kommo-o|flinch\n|\n|-heal|p1b: Passimian|57\/100|[from] Grassy Terrain\n|-heal|p1b: Passimian|63\/100|[from] item: Leftovers\n|-heal|p2a: Kommo-o|92\/100|[from] Grassy Terrain\n|-heal|p2a: Kommo-o|98\/100|[from] item: Leftovers\n|upkeep\n|\n|t:|1700245283\n|switch|p2b: Glastrier|Glastrier, L50|100\/100\n|turn|4\n|\n|t:|1700245294\n|-terastallize|p2b: Glastrier|Psychic\n|move|p1b: Passimian|Close Combat|p2b: Glastrier\n|-resisted|p2b: Glastrier\n|-damage|p2b: Glastrier|62\/100\n|-boost|p1b: Passimian|def|1\n|-boost|p1b: Passimian|spd|1\n|move|p1a: Rillaboom|Brick Break|p2b: Glastrier\n|-resisted|p2b: Glastrier\n|-damage|p2b: Glastrier|53\/100\n|move|p2a: Kommo-o|Clangorous Soul|p2a: Kommo-o\n|-boost|p2a: Kommo-o|atk|1\n|-boost|p2a: Kommo-o|def|1\n|-boost|p2a: Kommo-o|spa|1\n|-boost|p2a: Kommo-o|spd|1\n|-boost|p2a: Kommo-o|spe|1\n|-damage|p2a: Kommo-o|66\/100\n|move|p2b: Glastrier|High Horsepower|p1b: Passimian\n|-supereffective|p1b: Passimian\n|-damage|p1b: Passimian|23\/100\n|\n|-heal|p2a: Kommo-o|72\/100|[from] Grassy Terrain\n|-heal|p2a: Kommo-o|78\/100|[from] item: Leftovers\n|-heal|p1b: Passimian|29\/100|[from] Grassy Terrain\n|-heal|p1b: Passimian|35\/100|[from] item: Leftovers\n|-heal|p2b: Glastrier|59\/100|[from] Grassy Terrain\n|upkeep\n|turn|5\n|inactive|Rexluser has 30 seconds left.\n|inactive|KenJay^^ has 30 seconds left.\n|\n|t:|1700245324\n|move|p2b: Glastrier|Protect|p2b: Glastrier\n|-singleturn|p2b: Glastrier|Protect\n|move|p2a: Kommo-o|Drain Punch|p1b: Passimian\n|-damage|p1b: Passimian|9\/100\n|-heal|p2a: Kommo-o|95\/100|[from] drain|[of] p1b: Passimian\n|move|p1b: Passimian|Close Combat|p2a: Kommo-o\n|-damage|p2a: Kommo-o|16\/100\n|-boost|p1b: Passimian|def|1\n|-boost|p1b: Passimian|spd|1\n|move|p1a: Rillaboom|Drum Beating|p2b: Glastrier\n|-activate|p2b: Glastrier|move: Protect\n|\n|-heal|p2a: Kommo-o|22\/100|[from] Grassy Terrain\n|-heal|p2a: Kommo-o|29\/100|[from] item: Leftovers\n|-heal|p1b: Passimian|15\/100|[from] Grassy Terrain\n|-heal|p1b: Passimian|21\/100|[from] item: Leftovers\n|-heal|p2b: Glastrier|65\/100|[from] Grassy Terrain\n|upkeep\n|turn|6\n|inactive|KenJay^^ has 30 seconds left.\n|\n|t:|1700245356\n|move|p2a: Kommo-o|Drain Punch|p1b: Passimian\n|-damage|p1b: Passimian|2\/100\n|-heal|p2a: Kommo-o|41\/100|[from] drain|[of] p1b: Passimian\n|move|p1b: Passimian|Drain Punch|p2a: Kommo-o\n|-damage|p2a: Kommo-o|0 fnt\n|-heal|p1b: Passimian|18\/100|[from] drain|[of] p2a: Kommo-o\n|faint|p2a: Kommo-o\n|move|p1a: Rillaboom|Drum Beating|p2b: Glastrier\n|-damage|p2b: Glastrier|31\/100\n|-unboost|p2b: Glastrier|spe|1\n|move|p2b: Glastrier|Icicle Crash|p1a: Rillaboom\n|-supereffective|p1a: Rillaboom\n|-damage|p1a: Rillaboom|5\/100\n|\n|-heal|p1b: Passimian|24\/100|[from] Grassy Terrain\n|-heal|p1b: Passimian|31\/100|[from] item: Leftovers\n|-heal|p1a: Rillaboom|11\/100|[from] Grassy Terrain\n|-heal|p2b: Glastrier|37\/100|[from] Grassy Terrain\n|upkeep\n|turn|7\n|\n|t:|1700245376\n|move|p1b: Passimian|Drain Punch|p2b: Glastrier\n|-resisted|p2b: Glastrier\n|-damage|p2b: Glastrier|13\/100\n|-heal|p1b: Passimian|44\/100|[from] drain|[of] p2b: Glastrier\n|move|p1a: Rillaboom|Drum Beating|p2b: Glastrier\n|-damage|p2b: Glastrier|0 fnt\n|faint|p2b: Glastrier\n|\n|win|Rexluser\n|raw|Rexluser's rating: 1026 &rarr; <strong>1073<\/strong><br \/>(+47 for winning)\n|raw|KenJay^^'s rating: 1133 &rarr; <strong>1101<\/strong><br \/>(-32 for losing)\n","uploadtime":1700245390,"views":10,"p1id":"rexluser","p2id":"kenjay","formatid":"gen9vgc2023regulatione","rating":1073,"private":0,"password":""}