{"id":"gen9vgc2023regulatione-1995664976","p1":"ScorchSb","p2":"Mr.Play&C","format":"[Gen 9] VGC 2023 Regulation E","log":"|j|\u2606ScorchSb\n|j|\u2606Mr.Play&C\n|n|\u2606ScorchSb|scorchsb\n|n|\u2606Mr.Play&C|mrplayc\n|html|View the match progress at <a href=\"\/game-bestof3-gen9vgc2023regulatione-1995656070\">game-bestof3-gen9vgc2023regulatione-1995656070<\/a>\n|t:|1700592046\n|gametype|doubles\n|player|p1|ScorchSb|101|\n|player|p2|Mr.Play&C|ingo|\n|teamsize|p1|6\n|teamsize|p2|6\n|gen|9\n|tier|[Gen 9] VGC 2023 Regulation E\n|rule|Species Clause: Limit one of each Pok\u00e9mon\n|rule|Item Clause: Limit one of each item\n|clearpoke\n|poke|p1|Landorus-Therian, L50, M|\n|poke|p1|Regieleki, L50|\n|poke|p1|Talonflame, L50, M|\n|poke|p1|Pincurchin, L50, M|\n|poke|p1|Zoroark-Hisui, L50, F|\n|poke|p1|Palafin, L50, M|\n|poke|p2|Rillaboom, L50, M|\n|poke|p2|Annihilape, L50, M|\n|poke|p2|Klefki, L50, M|\n|poke|p2|Rotom-Wash, L50|\n|poke|p2|Weavile, L50, F|\n|poke|p2|Magnezone, L50|\n|teampreview|4\n|\n|t:|1700592078\n|start\n|switch|p1a: Talonflame|Talonflame, L50, M|100\/100\n|switch|p1b: Palafin|Palafin, L50, M|100\/100\n|switch|p2a: Klefki|Klefki, L50, M|100\/100\n|switch|p2b: Weavile|Weavile, L50, F|100\/100\n|-ability|p2b: Weavile|Pressure\n|turn|1\n|\n|t:|1700592140\n|detailschange|p1b: Palafin|Palafin-Hero, L50, M\n|switch|p1b: Landorus|Landorus-Therian, L50, M|100\/100\n|-ability|p1b: Landorus|Intimidate|boost\n|-unboost|p2a: Klefki|atk|1\n|-unboost|p2b: Weavile|atk|1\n|move|p2a: Klefki|Reflect|p2a: Klefki\n|-sidestart|p2: Mr.Play&C|Reflect\n|move|p2b: Weavile|Foul Play|p1a: Talonflame\n|-damage|p1a: Talonflame|79\/100\n|move|p1a: Talonflame|Tailwind|p1a: Talonflame\n|-sidestart|p1: ScorchSb|move: Tailwind\n|\n|upkeep\n|turn|2\n|\n|t:|1700592159\n|move|p2a: Klefki|Protect|p2a: Klefki\n|-singleturn|p2a: Klefki|Protect\n|move|p1a: Talonflame|Will-O-Wisp|p2b: Weavile\n|-status|p2b: Weavile|brn\n|move|p1b: Landorus|Earthquake|p2a: Klefki|[spread] p2b\n|-activate|p2a: Klefki|move: Protect\n|-immune|p1a: Talonflame\n|-crit|p2b: Weavile\n|-enditem|p2b: Weavile|Focus Sash\n|-damage|p2b: Weavile|1\/100 brn\n|move|p2b: Weavile|Icicle Crash|p1b: Landorus\n|-supereffective|p1b: Landorus\n|-damage|p1b: Landorus|44\/100\n|\n|-damage|p2b: Weavile|0 fnt|[from] brn\n|faint|p2b: Weavile\n|upkeep\n|\n|t:|1700592182\n|switch|p2b: Rotom|Rotom-Wash, L50|100\/100\n|turn|3\n|\n|t:|1700592257\n|move|p1a: Talonflame|Will-O-Wisp|p2b: Rotom|[miss]\n|-miss|p1a: Talonflame|p2b: Rotom\n|move|p1b: Landorus|U-turn|p2b: Rotom\n|-damage|p2b: Rotom|76\/100\n|\n|t:|1700592262\n|switch|p1b: Palafin|Palafin-Hero, L50, M|100\/100|[from] U-turn\n|move|p2b: Rotom|Hydro Pump|p1b: Palafin\n|-damage|p1b: Palafin|0 fnt\n|replace|p1b: Zoroark|Zoroark-Hisui, L50, F\n|-end|p1b: Zoroark|Illusion\n|faint|p1b: Zoroark\n|move|p2a: Klefki|Play Rough|p1a: Talonflame|[miss]\n|-miss|p2a: Klefki|p1a: Talonflame\n|\n|upkeep\n|\n|t:|1700592279\n|switch|p1b: Palafin|Palafin-Hero, L50, M|100\/100\n|-activate|p1b: Palafin|ability: Zero to Hero\n|turn|4\n|\n|t:|1700592310\n|-terastallize|p1b: Palafin|Grass\n|move|p2a: Klefki|Protect|p2a: Klefki\n|-singleturn|p2a: Klefki|Protect\n|move|p1a: Talonflame|Will-O-Wisp|p2b: Rotom\n|-status|p2b: Rotom|brn\n|move|p1b: Palafin|Bulk Up|p1b: Palafin\n|-boost|p1b: Palafin|atk|1\n|-boost|p1b: Palafin|def|1\n|move|p2b: Rotom|Thunderbolt|p1b: Palafin\n|-resisted|p1b: Palafin\n|-damage|p1b: Palafin|86\/100\n|\n|-heal|p1b: Palafin|92\/100|[from] item: Leftovers\n|-damage|p2b: Rotom|70\/100 brn|[from] brn\n|-sideend|p1: ScorchSb|move: Tailwind\n|upkeep\n|turn|5\n|\n|t:|1700592336\n|move|p1a: Talonflame|Taunt|p2a: Klefki\n|-start|p2a: Klefki|move: Taunt\n|move|p2b: Rotom|Thunderbolt|p1a: Talonflame\n|-supereffective|p1a: Talonflame\n|-enditem|p1a: Talonflame|Wacan Berry|[eat]\n|-enditem|p1a: Talonflame|Wacan Berry|[weaken]\n|-damage|p1a: Talonflame|21\/100\n|-status|p1a: Talonflame|par\n|move|p1b: Palafin|Bulk Up|p1b: Palafin\n|-boost|p1b: Palafin|atk|1\n|-boost|p1b: Palafin|def|1\n|move|p2a: Klefki|Play Rough|p1b: Palafin\n|-damage|p1b: Palafin|85\/100\n|-unboost|p1b: Palafin|atk|1\n|\n|-heal|p1b: Palafin|90\/100|[from] item: Leftovers\n|-damage|p2b: Rotom|65\/100 brn|[from] brn\n|-sideend|p2: Mr.Play&C|Reflect\n|upkeep\n|turn|6\n|\n|t:|1700592397\n|move|p2b: Rotom|Volt Switch|p1a: Talonflame\n|-supereffective|p1a: Talonflame\n|-damage|p1a: Talonflame|0 fnt\n|faint|p1a: Talonflame\n|\n|t:|1700592404\n|switch|p2b: Magnezone|Magnezone, L50|100\/100|[from] Volt Switch\n|move|p1b: Palafin|Drain Punch|p2b: Magnezone\n|-supereffective|p2b: Magnezone\n|-damage|p2b: Magnezone|28\/100\n|-heal|p1b: Palafin|100\/100|[from] drain|[of] p2b: Magnezone\n|move|p2a: Klefki|Play Rough|p1b: Palafin\n|-damage|p1b: Palafin|91\/100\n|\n|-heal|p1b: Palafin|97\/100|[from] item: Leftovers\n|upkeep\n|\n|t:|1700592415\n|switch|p1a: Landorus|Landorus-Therian, L50, M|44\/100\n|-ability|p1a: Landorus|Intimidate|boost\n|-unboost|p2a: Klefki|atk|1\n|-unboost|p2b: Magnezone|atk|1\n|turn|7\n|\n|t:|1700592433\n|-terastallize|p2b: Magnezone|Flying\n|move|p1a: Landorus|Rock Slide|p2a: Klefki|[spread] p2a,p2b\n|-resisted|p2a: Klefki\n|-supereffective|p2b: Magnezone\n|-damage|p2a: Klefki|89\/100\n|-damage|p2b: Magnezone|0 fnt\n|faint|p2b: Magnezone\n|move|p1b: Palafin|Drain Punch|p2a: Klefki\n|-damage|p2a: Klefki|44\/100\n|-heal|p1b: Palafin|100\/100|[from] drain|[of] p2a: Klefki\n|cant|p2a: Klefki|flinch\n|\n|-heal|p2a: Klefki|50\/100|[from] item: Leftovers\n|-end|p2a: Klefki|move: Taunt\n|upkeep\n|\n|t:|1700592449\n|switch|p2b: Rotom|Rotom-Wash, L50|65\/100 brn\n|turn|8\n|\n|t:|1700592459\n|move|p2a: Klefki|Reflect|p2a: Klefki\n|-sidestart|p2: Mr.Play&C|Reflect\n|move|p2b: Rotom|Hydro Pump|p1a: Landorus\n|-supereffective|p1a: Landorus\n|-damage|p1a: Landorus|0 fnt\n|faint|p1a: Landorus\n|move|p1b: Palafin|Drain Punch|p2b: Rotom\n|-crit|p2b: Rotom\n|-damage|p2b: Rotom|0 fnt\n|faint|p2b: Rotom\n|\n|-heal|p2a: Klefki|56\/100|[from] item: Leftovers\n|upkeep\n|turn|9\n|\n|t:|1700592474\n|move|p2a: Klefki|Protect|p2a: Klefki\n|-singleturn|p2a: Klefki|Protect\n|move|p1b: Palafin|Drain Punch|p2a: Klefki\n|-activate|p2a: Klefki|move: Protect\n|\n|-heal|p2a: Klefki|62\/100|[from] item: Leftovers\n|upkeep\n|turn|10\n|\n|t:|1700592486\n|move|p1b: Palafin|Drain Punch|p2a: Klefki\n|-damage|p2a: Klefki|33\/100\n|move|p2a: Klefki|Play Rough|p1b: Palafin\n|-damage|p1b: Palafin|95\/100\n|\n|-heal|p1b: Palafin|100\/100|[from] item: Leftovers\n|-heal|p2a: Klefki|39\/100|[from] item: Leftovers\n|upkeep\n|turn|11\n|\n|t:|1700592502\n|move|p1b: Palafin|Drain Punch|p2a: Klefki\n|-damage|p2a: Klefki|7\/100\n|move|p2a: Klefki|Play Rough|p1b: Palafin\n|-damage|p1b: Palafin|94\/100\n|-unboost|p1b: Palafin|atk|1\n|\n|-heal|p1b: Palafin|99\/100|[from] item: Leftovers\n|-heal|p2a: Klefki|13\/100|[from] item: Leftovers\n|upkeep\n|turn|12\n|\n|t:|1700592514\n|move|p1b: Palafin|Drain Punch|p2a: Klefki\n|-damage|p2a: Klefki|0 fnt\n|-heal|p1b: Palafin|100\/100|[from] drain|[of] p2a: Klefki\n|faint|p2a: Klefki\n|\n|win|ScorchSb\n|c|\u2606ScorchSb|ggs bro\n|c|\u2606Mr.Play&C|Ggs\n|c|\u2606ScorchSb|ill upload for ya\n|c|\u2606Mr.Play&C|Thanks\n","uploadtime":1700592540,"views":16,"p1id":"scorchsb","p2id":"mrplayc","formatid":"gen9vgc2023regulatione","rating":0,"private":0,"password":""}