{"id":"gen9vgc2023regulatione-1996806068","p1":"FuriouzGold","p2":"JabsGR","format":"[Gen 9] VGC 2023 Regulation E","log":"|j|\u2606FuriouzGold\n|j|\u2606JabsGR\n|t:|1700728344\n|gametype|doubles\n|player|p1|FuriouzGold|nemona-s|1329\n|player|p2|JabsGR|2|1340\n|teamsize|p1|6\n|teamsize|p2|6\n|gen|9\n|tier|[Gen 9] VGC 2023 Regulation E\n|rated|\n|rule|Species Clause: Limit one of each Pok\u00e9mon\n|rule|Item Clause: Limit one of each item\n|clearpoke\n|poke|p1|Flutter Mane, L50|\n|poke|p1|Landorus-Therian, L50, M|\n|poke|p1|Ogerpon-Hearthflame, L50, F|\n|poke|p1|Sinistcha, L50|\n|poke|p1|Iron Hands, L50|\n|poke|p1|Empoleon, L50, F|\n|poke|p2|Slither Wing, L50|\n|poke|p2|Volbeat, L50, M|\n|poke|p2|Volcarona, L50, F|\n|poke|p2|Scizor, L50, F|\n|poke|p2|Kleavor, L50, F|\n|poke|p2|Vivillon, L50, F|\n|teampreview|4\n|inactive|Battle timer is ON: inactive players will automatically lose when time's up. (requested by JabsGR)\n|inactive|FuriouzGold also wants the timer to be on.\n|inactive|FuriouzGold has 60 seconds left.\n|c|\u2606JabsGR|oh hey man!\n|\n|t:|1700728379\n|start\n|switch|p1a: Ogerpon|Ogerpon-Hearthflame, L50, F|100\/100\n|switch|p1b: Flutter Mane|Flutter Mane, L50|100\/100\n|switch|p2a: Volbeat|Volbeat, L50, M|100\/100\n|switch|p2b: Kleavor|Kleavor, L50, F|100\/100\n|-ability|p1a: Ogerpon|Mold Breaker\n|-enditem|p1b: Flutter Mane|Booster Energy\n|-activate|p1b: Flutter Mane|ability: Protosynthesis|[fromitem]\n|-start|p1b: Flutter Mane|protosynthesisspe\n|turn|1\n|c|\u2606JabsGR|from the draft leage\n|c|\u2606JabsGR|league*\n|c|\u2606JabsGR|we played in the same group last season\n|c|\u2606FuriouzGold|wait what\n|inactive|FuriouzGold has 30 seconds left.\n|inactive|JabsGR has 30 seconds left.\n|c|\u2606FuriouzGold|funny seeing you here!\n|c|\u2606JabsGR|yeap\n|inactive|FuriouzGold has 20 seconds left.\n|inactive|JabsGR has 20 seconds left.\n|inactive|FuriouzGold has 15 seconds left.\n|inactive|JabsGR has 15 seconds left.\n|c|\u2606FuriouzGold|jow you doing?\n|c|\u2606JabsGR|slumming it in low ladder with bug monotype\n|inactive|FuriouzGold has 10 seconds left.\n|inactive|JabsGR has 10 seconds left.\n|inactive|JabsGR no longer wants the timer on, but the timer is staying on because furiouzgold still does.\n|inactive|FuriouzGold has 5 seconds left.\n|\n|t:|1700728430\n|move|p2a: Volbeat|Tailwind|p2a: Volbeat\n|-sidestart|p2: JabsGR|move: Tailwind\n|move|p2b: Kleavor|Stone Axe|p1b: Flutter Mane\n|-damage|p1b: Flutter Mane|15\/100\n|-sidestart|p1: FuriouzGold|move: Stealth Rock\n|move|p1b: Flutter Mane|Moonblast|p2b: Kleavor\n|-damage|p2b: Kleavor|22\/100\n|move|p1a: Ogerpon|Ivy Cudgel|p2a: Volbeat|[anim] Ivy Cudgel Fire\n|-supereffective|p2a: Volbeat\n|-damage|p2a: Volbeat|0 fnt\n|faint|p2a: Volbeat\n|\n|upkeep\n|inactiveoff|Battle timer is now OFF.\n|\n|t:|1700728443\n|switch|p2a: Scizor|Scizor, L50, F|100\/100\n|turn|2\n|\n|t:|1700728455\n|-end|p1b: Flutter Mane|Protosynthesis|[silent]\n|switch|p1b: Landorus|Landorus-Therian, L50, M|100\/100\n|-damage|p1b: Landorus|88\/100|[from] Stealth Rock\n|-ability|p1b: Landorus|Intimidate|boost\n|-unboost|p2a: Scizor|atk|1\n|-unboost|p2b: Kleavor|atk|1\n|move|p2a: Scizor|Feint|p1a: Ogerpon\n|-crit|p1a: Ogerpon\n|-damage|p1a: Ogerpon|68\/100\n|move|p2b: Kleavor|Stone Axe|p1a: Ogerpon\n|-supereffective|p1a: Ogerpon\n|-damage|p1a: Ogerpon|0 fnt\n|faint|p1a: Ogerpon\n|\n|upkeep\n|\n|t:|1700728469\n|switch|p1a: Iron Hands|Iron Hands, L50|100\/100\n|-damage|p1a: Iron Hands|94\/100|[from] Stealth Rock\n|turn|3\n|\n|t:|1700728483\n|move|p2b: Kleavor|Protect|p2b: Kleavor\n|-singleturn|p2b: Kleavor|Protect\n|move|p1a: Iron Hands|Fake Out|p2b: Kleavor\n|-activate|p2b: Kleavor|move: Protect\n|move|p1b: Landorus|Rock Slide|p2b: Kleavor|[spread] p2a\n|-activate|p2b: Kleavor|move: Protect\n|-crit|p2a: Scizor\n|-damage|p2a: Scizor|62\/100\n|cant|p2a: Scizor|flinch\n|\n|upkeep\n|turn|4\n|c|\u2606JabsGR|i think that was game\n|c|\u2606JabsGR|gg\n|\n|t:|1700728504\n|move|p2a: Scizor|Bullet Punch|p1b: Landorus\n|-damage|p1b: Landorus|63\/100\n|move|p2b: Kleavor|Stone Axe|p1b: Landorus\n|-damage|p1b: Landorus|19\/100\n|move|p1b: Landorus|Rock Slide|p2b: Kleavor|[spread] p2a,p2b\n|-supereffective|p2b: Kleavor\n|-damage|p2a: Scizor|38\/100\n|-damage|p2b: Kleavor|0 fnt\n|faint|p2b: Kleavor\n|move|p1a: Iron Hands|Drain Punch|p2a: Scizor\n|-damage|p2a: Scizor|0 fnt\n|-heal|p1a: Iron Hands|100\/100|[from] drain|[of] p2a: Scizor\n|faint|p2a: Scizor\n|\n|-sideend|p2: JabsGR|move: Tailwind\n|upkeep\n|c|\u2606FuriouzGold|it may have been\n|\n|t:|1700728519\n|switch|p2b: Slither Wing|Slither Wing, L50|100\/100\n|-enditem|p2b: Slither Wing|Booster Energy\n|-activate|p2b: Slither Wing|ability: Protosynthesis|[fromitem]\n|-start|p2b: Slither Wing|protosynthesisatk\n|turn|5\n|c|\u2606JabsGR|bugs can't do much\n|\n|t:|1700728533\n|-terastallize|p2b: Slither Wing|Flying\n|move|p2b: Slither Wing|First Impression|p1b: Landorus\n|-resisted|p1b: Landorus\n|-damage|p1b: Landorus|0 fnt\n|faint|p1b: Landorus\n|move|p1a: Iron Hands|Drain Punch|p2b: Slither Wing\n|-resisted|p2b: Slither Wing\n|-damage|p2b: Slither Wing|70\/100\n|\n|upkeep\n|\n|t:|1700728540\n|switch|p1b: Flutter Mane|Flutter Mane, L50|15\/100\n|-damage|p1b: Flutter Mane|3\/100|[from] Stealth Rock\n|turn|6\n|\n|t:|1700728545\n|move|p1b: Flutter Mane|Moonblast|p2b: Slither Wing\n|-damage|p2b: Slither Wing|21\/100\n|move|p2b: Slither Wing|Acrobatics|p1a: Iron Hands\n|-crit|p1a: Iron Hands\n|-damage|p1a: Iron Hands|4\/100\n|move|p1a: Iron Hands|Wild Charge|p2b: Slither Wing\n|-supereffective|p2b: Slither Wing\n|-damage|p2b: Slither Wing|0 fnt\n|faint|p2b: Slither Wing\n|-end|p2b: Slither Wing|Protosynthesis|[silent]\n|-damage|p1a: Iron Hands|0 fnt|[from] Recoil\n|faint|p1a: Iron Hands\n|-end|p1a: Iron Hands|Quark Drive|[silent]\n|\n|win|FuriouzGold\n|raw|FuriouzGold's rating: 1329 &rarr; <strong>1350<\/strong><br \/>(+21 for winning)\n|raw|JabsGR's rating: 1340 &rarr; <strong>1319<\/strong><br \/>(-21 for losing)\n|c|\u2606FuriouzGold|gg\n|c|\u2606JabsGR|gg\n|l|\u2606JabsGR\n","uploadtime":1700728570,"views":8,"p1id":"furiouzgold","p2id":"jabsgr","formatid":"gen9vgc2023regulatione","rating":1319,"private":0,"password":""}