{"id":"gen9vgc2023regulatione-1996567636","p1":"MysticEm","p2":"Ants at a picnic","format":"[Gen 9] VGC 2023 Regulation E","log":"|j|\u2606MysticEm\n|j|\u2606Ants at a picnic\n|n|\u2606MysticEm|mysticem\n|n|\u2606Ants at a picnic|antsatapicnic\n|html|View the match progress at <a href=\"\/game-bestof3-gen9vgc2023regulatione-1996562218\">game-bestof3-gen9vgc2023regulatione-1996562218<\/a>\n|t:|1700695201\n|gametype|doubles\n|player|p1|MysticEm|102|\n|player|p2|Ants at a picnic|266|\n|teamsize|p1|6\n|teamsize|p2|6\n|gen|9\n|tier|[Gen 9] VGC 2023 Regulation E\n|rule|Species Clause: Limit one of each Pok\u00e9mon\n|rule|Item Clause: Limit one of each item\n|clearpoke\n|poke|p1|Regieleki, L50|\n|poke|p1|Gastrodon-East, L50, F|\n|poke|p1|Annihilape, L50, F|\n|poke|p1|Haunter, L50, M|\n|poke|p1|Weavile, L50, M|\n|poke|p1|Articuno-Galar, L50|\n|poke|p2|Dragapult, L50, F|\n|poke|p2|Chi-Yu, L50|\n|poke|p2|Bisharp, L50, M|\n|poke|p2|Clefable, L50, M|\n|poke|p2|Leafeon, L50, F|\n|poke|p2|Gliscor, L50, F|\n|teampreview|4\nAnts at a picnic rejected open team sheets.\n|\n|t:|1700695234\n|start\n|switch|p1a: Gastrodon|Gastrodon-East, L50, F|100\/100\n|switch|p1b: Haunter|Haunter, L50, M|100\/100\n|switch|p2a: Clefable|Clefable, L50, M|100\/100\n|switch|p2b: Leafeon|Leafeon, L50, F|100\/100\n|turn|1\n|j| Raikia\n|inactive|Battle timer is ON: inactive players will automatically lose when time's up. (requested by MysticEm)\n|\n|t:|1700695247\n|move|p2a: Clefable|Follow Me|p2a: Clefable\n|-singleturn|p2a: Clefable|move: Follow Me\n|move|p1b: Haunter|Toxic|p2a: Clefable\n|-status|p2a: Clefable|tox\n|move|p2b: Leafeon|Sunny Day|p2b: Leafeon\n|-weather|SunnyDay\n|move|p1a: Gastrodon|Sludge Bomb|p2a: Clefable\n|-supereffective|p2a: Clefable\n|-damage|p2a: Clefable|57\/100 tox\n|\n|-weather|SunnyDay|[upkeep]\n|-damage|p2a: Clefable|51\/100 tox|[from] psn\n|upkeep\n|turn|2\n|j| JabsGR\n|\n|t:|1700695265\n|move|p1a: Gastrodon|Protect|p1a: Gastrodon\n|-singleturn|p1a: Gastrodon|Protect\n|move|p2b: Leafeon|Solar Blade||[still]\n|-prepare|p2b: Leafeon|Solar Blade\n|-anim|p2b: Leafeon|Solar Blade|p1a: Gastrodon\n|-activate|p1a: Gastrodon|move: Protect\n|move|p1b: Haunter|Hex|p2a: Clefable\n|-damage|p2a: Clefable|0 fnt\n|faint|p2a: Clefable\n|\n|-weather|SunnyDay|[upkeep]\n|upkeep\n|\n|t:|1700695281\n|switch|p2a: Dragapult|Dragapult, L50, F|100\/100\n|turn|3\n|j| Lkynmbr24\n|\n|t:|1700695303\n|move|p2b: Leafeon|Solar Blade||[still]\n|-prepare|p2b: Leafeon|Solar Blade\n|-anim|p2b: Leafeon|Solar Blade|p1a: Gastrodon\n|-supereffective|p1a: Gastrodon\n|-damage|p1a: Gastrodon|0 fnt\n|faint|p1a: Gastrodon\n|move|p2a: Dragapult|Shadow Ball|p1b: Haunter\n|-supereffective|p1b: Haunter\n|-damage|p1b: Haunter|0 fnt\n|faint|p1b: Haunter\n|\n|-weather|SunnyDay|[upkeep]\n|upkeep\n|\n|t:|1700695315\n|switch|p1b: Regieleki|Regieleki, L50, shiny|100\/100\n|switch|p1a: Annihilape|Annihilape, L50, F|100\/100\n|turn|4\n|inactive|Ants at a picnic has 30 seconds left.\n|\n|t:|1700695349\n|-terastallize|p1a: Annihilape|Fighting\n|move|p1b: Regieleki|Electroweb|p2b: Leafeon|[spread] p2a,p2b\n|-resisted|p2a: Dragapult\n|-resisted|p2b: Leafeon\n|-damage|p2a: Dragapult|87\/100\n|-damage|p2b: Leafeon|84\/100\n|-unboost|p2a: Dragapult|spe|1\n|-unboost|p2b: Leafeon|spe|1\n|move|p2b: Leafeon|Solar Blade||[still]\n|-prepare|p2b: Leafeon|Solar Blade\n|-anim|p2b: Leafeon|Solar Blade|p1b: Regieleki\n|-enditem|p1b: Regieleki|Focus Sash\n|-damage|p1b: Regieleki|1\/100\n|move|p2a: Dragapult|Shadow Ball|p1a: Annihilape\n|-damage|p1a: Annihilape|74\/100\n|move|p1a: Annihilape|Ice Punch|p2b: Leafeon\n|-supereffective|p2b: Leafeon\n|-damage|p2b: Leafeon|49\/100\n|\n|-weather|SunnyDay|[upkeep]\n|-heal|p1a: Annihilape|80\/100|[from] item: Leftovers\n|upkeep\n|turn|5\n|inactive|MysticEm has 30 seconds left.\n|inactive|Ants at a picnic has 30 seconds left.\n|inactive|MysticEm has 20 seconds left.\n|inactive|Ants at a picnic has 20 seconds left.\n|\n|t:|1700695388\n|move|p1b: Regieleki|Tera Blast|p2b: Leafeon\n|-damage|p2b: Leafeon|17\/100\n|move|p2b: Leafeon|Solar Blade||[still]\n|-prepare|p2b: Leafeon|Solar Blade\n|-anim|p2b: Leafeon|Solar Blade|p1a: Annihilape\n|-damage|p1a: Annihilape|21\/100\n|move|p2a: Dragapult|Shadow Ball|p1b: Regieleki\n|-damage|p1b: Regieleki|0 fnt\n|faint|p1b: Regieleki\n|move|p1a: Annihilape|Rage Fist|p2a: Dragapult\n|-supereffective|p2a: Dragapult\n|-enditem|p2a: Dragapult|Kasib Berry|[eat]\n|-enditem|p2a: Dragapult|Kasib Berry|[weaken]\n|-damage|p2a: Dragapult|5\/100\n|\n|-weather|SunnyDay|[upkeep]\n|-heal|p1a: Annihilape|27\/100|[from] item: Leftovers\n|upkeep\n|turn|6\n|\n|t:|1700695408\n|move|p2b: Leafeon|Solar Blade||[still]\n|-prepare|p2b: Leafeon|Solar Blade\n|-anim|p2b: Leafeon|Solar Blade|p1a: Annihilape\n|-damage|p1a: Annihilape|0 fnt\n|faint|p1a: Annihilape\n|\n|win|Ants at a picnic\n|l| JabsGR\n|c|\u2606Ants at a picnic|ggs\n|c|\u2606MysticEm|gg\n","uploadtime":1700695418,"views":17,"p1id":"mysticem","p2id":"antsatapicnic","formatid":"gen9vgc2023regulatione","rating":0,"private":0,"password":""}