{"id":"gen9vgc2023regulatione-1994826342","p1":"atworkyolo","p2":"vrtyj","format":"[Gen 9] VGC 2023 Regulation E","log":"|j|\u2606atworkyolo\n|j|\u2606vrtyj\n|t:|1700496382\n|gametype|doubles\n|player|p1|atworkyolo|102|1562\n|player|p2|vrtyj|101|1531\n|teamsize|p1|6\n|teamsize|p2|6\n|gen|9\n|tier|[Gen 9] VGC 2023 Regulation E\n|rated|\n|rule|Species Clause: Limit one of each Pok\u00e9mon\n|rule|Item Clause: Limit one of each item\n|clearpoke\n|poke|p1|Weezing, L50, F|\n|poke|p1|Tornadus, L50, M|\n|poke|p1|Iron Hands, L50|\n|poke|p1|Ogerpon-Wellspring, L50, F|\n|poke|p1|Gholdengo, L50|\n|poke|p1|Kommo-o, L50, F|\n|poke|p2|Indeedee-F, L50, F|\n|poke|p2|Armarouge, L50, M|\n|poke|p2|Urshifu-*, L50, F|\n|poke|p2|Sneasler, L50, M|\n|poke|p2|Tornadus, L50, M|\n|poke|p2|Meowscarada, L50, F|\n|teampreview|4\n|inactive|Battle timer is ON: inactive players will automatically lose when time's up. (requested by atworkyolo)\n|inactive|atworkyolo has 60 seconds left.\n|\n|t:|1700496418\n|start\n|switch|p1a: Weezing|Weezing, L50, F|100\/100\n|switch|p1b: Ogerpon|Ogerpon-Wellspring, L50, F|100\/100\n|switch|p2a: Armarouge|Armarouge, L50, M|100\/100\n|switch|p2b: Urshifu|Urshifu-Rapid-Strike, L50, F|100\/100\n|-ability|p1a: Weezing|Neutralizing Gas\n|turn|1\n|inactive|atworkyolo has 30 seconds left.\n|\n|t:|1700496447\n|move|p1a: Weezing|Protect|p1a: Weezing\n|-singleturn|p1a: Weezing|Protect\n|move|p2b: Urshifu|Surging Strikes|p1a: Weezing\n|-activate|p1a: Weezing|move: Protect\n|move|p1b: Ogerpon|Swords Dance|p1b: Ogerpon\n|-boost|p1b: Ogerpon|atk|2\n|move|p2a: Armarouge|Expanding Force|p1a: Weezing\n|-activate|p1a: Weezing|move: Protect\n|\n|upkeep\n|turn|2\n|\n|t:|1700496467\n|-terastallize|p1a: Weezing|Ghost\n|move|p2b: Urshifu|Surging Strikes|p1a: Weezing\n|-crit|p1a: Weezing\n|-damage|p1a: Weezing|83\/100\n|-crit|p1a: Weezing\n|-damage|p1a: Weezing|65\/100\n|-crit|p1a: Weezing\n|-damage|p1a: Weezing|47\/100\n|-enditem|p1a: Weezing|Sitrus Berry|[eat]\n|-heal|p1a: Weezing|72\/100|[from] item: Sitrus Berry\n|-hitcount|p1a: Weezing|3\n|move|p1b: Ogerpon|Horn Leech|p2b: Urshifu\n|-supereffective|p2b: Urshifu\n|-damage|p2b: Urshifu|0 fnt\n|faint|p2b: Urshifu\n|move|p2a: Armarouge|Expanding Force|p1a: Weezing\n|-damage|p1a: Weezing|28\/100\n|move|p1a: Weezing|Taunt|p2a: Armarouge\n|-start|p2a: Armarouge|move: Taunt\n|\n|upkeep\n|\n|t:|1700496479\n|switch|p2b: Indeedee|Indeedee-F, L50, F|100\/100\n|turn|3\n|\n|t:|1700496489\n|move|p1a: Weezing|Protect|p1a: Weezing\n|-singleturn|p1a: Weezing|Protect\n|move|p2b: Indeedee|Follow Me|p2b: Indeedee\n|-singleturn|p2b: Indeedee|move: Follow Me\n|move|p1b: Ogerpon|Ivy Cudgel|p2b: Indeedee|[anim] Ivy Cudgel Water\n|-damage|p2b: Indeedee|0 fnt\n|faint|p2b: Indeedee\n|move|p2a: Armarouge|Armor Cannon|p1b: Ogerpon\n|-damage|p1b: Ogerpon|40\/100\n|-unboost|p2a: Armarouge|def|1\n|-unboost|p2a: Armarouge|spd|1\n|\n|upkeep\n|\n|t:|1700496493\n|switch|p2b: Sneasler|Sneasler, L50, M|100\/100\n|turn|4\n|j| LrzD\n|\n|t:|1700496515\n|move|p1b: Ogerpon|Spiky Shield|p1b: Ogerpon\n|-singleturn|p1b: Ogerpon|move: Protect\n|move|p2b: Sneasler|Dire Claw|p1b: Ogerpon\n|-activate|p1b: Ogerpon|move: Protect\n|-damage|p2b: Sneasler|88\/100|[from] Spiky Shield|[of] p1b: Ogerpon\n|move|p2a: Armarouge|Armor Cannon|p1a: Weezing\n|-damage|p1a: Weezing|0 fnt\n|-unboost|p2a: Armarouge|def|1\n|-unboost|p2a: Armarouge|spd|1\n|faint|p1a: Weezing\n|-end|p1a: Weezing|ability: Neutralizing Gas\n|\n|upkeep\n|\n|t:|1700496523\n|switch|p1a: Iron Hands|Iron Hands, L50|100\/100\n|turn|5\n|\n|t:|1700496532\n|move|p2b: Sneasler|Protect|p2b: Sneasler\n|-singleturn|p2b: Sneasler|Protect\n|move|p1a: Iron Hands|Fake Out|p2b: Sneasler\n|-activate|p2b: Sneasler|move: Protect\n|move|p1b: Ogerpon|Ivy Cudgel|p2a: Armarouge|[anim] Ivy Cudgel Water\n|-supereffective|p2a: Armarouge\n|-enditem|p2a: Armarouge|Focus Sash\n|-damage|p2a: Armarouge|1\/100\n|-ability|p2a: Armarouge|Weak Armor|boost\n|-unboost|p2a: Armarouge|def|1\n|-boost|p2a: Armarouge|spe|2\n|move|p2a: Armarouge|Expanding Force|p1a: Iron Hands\n|-supereffective|p1a: Iron Hands\n|-damage|p1a: Iron Hands|55\/100\n|\n|-end|p2a: Armarouge|move: Taunt\n|upkeep\n|turn|6\n|inactive|atworkyolo has 30 seconds left.\n|inactive|vrtyj has 30 seconds left.\n|\n|t:|1700496564\n|move|p2a: Armarouge|Expanding Force|p1a: Iron Hands\n|-supereffective|p1a: Iron Hands\n|-damage|p1a: Iron Hands|15\/100\n|move|p1b: Ogerpon|Ivy Cudgel|p2b: Sneasler|[anim] Ivy Cudgel Water\n|-damage|p2b: Sneasler|0 fnt\n|faint|p2b: Sneasler\n|move|p1a: Iron Hands|Heavy Slam|p2a: Armarouge\n|-resisted|p2a: Armarouge\n|-damage|p2a: Armarouge|0 fnt\n|faint|p2a: Armarouge\n|\n|win|atworkyolo\n|raw|atworkyolo's rating: 1562 &rarr; <strong>1580<\/strong><br \/>(+18 for winning)\n|raw|vrtyj's rating: 1531 &rarr; <strong>1513<\/strong><br \/>(-18 for losing)\n","uploadtime":1700496575,"views":18,"p1id":"atworkyolo","p2id":"vrtyj","formatid":"gen9vgc2023regulatione","rating":1513,"private":0,"password":""}