{"id":"gen9vgc2023regulatione-1996925461","p1":"Holibrand","p2":"El Gringo 10.000","format":"[Gen 9] VGC 2023 Regulation E","log":"|j|\u2606Holibrand\n|j|\u2606El Gringo 10.000\n|t:|1700745620\n|gametype|doubles\n|player|p1|Holibrand|pokemonbreeder-gen4|1181\n|player|p2|El Gringo 10.000|ethan|1246\n|teamsize|p1|6\n|teamsize|p2|6\n|gen|9\n|tier|[Gen 9] VGC 2023 Regulation E\n|rated|\n|rule|Species Clause: Limit one of each Pok\u00e9mon\n|rule|Item Clause: Limit one of each item\n|clearpoke\n|poke|p1|Chi-Yu, L50|\n|poke|p1|Amoonguss, L50, F|\n|poke|p1|Rillaboom, L50, M|\n|poke|p1|Flutter Mane, L50|\n|poke|p1|Landorus-Therian, L50, M|\n|poke|p1|Tornadus, L50, M|\n|poke|p2|Tyranitar, L50, M|\n|poke|p2|Kommo-o, L50, F|\n|poke|p2|Indeedee-F, L50, F|\n|poke|p2|Ogerpon-Cornerstone, L50, F|\n|poke|p2|Flutter Mane, L50|\n|poke|p2|Iron Bundle, L50|\n|teampreview|4\n|inactive|Battle timer is ON: inactive players will automatically lose when time's up. (requested by Holibrand)\nEl Gringo 10.000 rejected open team sheets.\n|inactive|Holibrand has 60 seconds left.\n|inactive|El Gringo 10.000 has 60 seconds left.\n|\n|t:|1700745664\n|start\n|switch|p1a: Rillaboom|Rillaboom, L50, M, shiny|100\/100\n|switch|p1b: Chi-Yu|Chi-Yu, L50|100\/100\n|switch|p2a: Indeedee|Indeedee-F, L50, F|100\/100\n|switch|p2b: Flutter Mane|Flutter Mane, L50|100\/100\n|-ability|p1b: Chi-Yu|Beads of Ruin\n|-fieldstart|move: Psychic Terrain|[from] ability: Psychic Surge|[of] p2a: Indeedee\n|-enditem|p2a: Indeedee|Psychic Seed\n|-boost|p2a: Indeedee|spd|1|[from] item: Psychic Seed\n|-fieldstart|move: Grassy Terrain|[from] ability: Grassy Surge|[of] p1a: Rillaboom\n|turn|1\n|inactive|El Gringo 10.000 has 30 seconds left.\n|\n|t:|1700745692\n|switch|p2a: Kommo-o|Kommo-o, L50, F|100\/100\n|move|p2b: Flutter Mane|Protect|p2b: Flutter Mane\n|-singleturn|p2b: Flutter Mane|Protect\n|move|p1b: Chi-Yu|Snarl|p2b: Flutter Mane|[spread] p2a\n|-activate|p2b: Flutter Mane|move: Protect\n|-resisted|p2a: Kommo-o\n|-damage|p2a: Kommo-o|83\/100\n|-unboost|p2a: Kommo-o|spa|1\n|-damage|p1b: Chi-Yu|91\/100|[from] item: Life Orb\n|move|p1a: Rillaboom|Knock Off|p2a: Kommo-o\n|-resisted|p2a: Kommo-o\n|-damage|p2a: Kommo-o|72\/100\n|-enditem|p2a: Kommo-o|Leftovers|[from] move: Knock Off|[of] p1a: Rillaboom\n|\n|-heal|p1b: Chi-Yu|97\/100|[from] Grassy Terrain\n|-heal|p2a: Kommo-o|79\/100|[from] Grassy Terrain\n|upkeep\n|turn|2\n|inactive|Holibrand has 30 seconds left.\n|inactive|El Gringo 10.000 has 30 seconds left.\n|inactive|Holibrand has 20 seconds left.\n|inactive|Holibrand has 15 seconds left.\n|inactive|Holibrand has 10 seconds left.\n|\n|t:|1700745741\n|switch|p2a: Indeedee|Indeedee-F, L50, F|100\/100\n|-fieldstart|move: Psychic Terrain|[from] ability: Psychic Surge|[of] p2a: Indeedee\n|-terastallize|p2b: Flutter Mane|Fire\n|move|p2b: Flutter Mane|Mystical Fire|p1a: Rillaboom\n|-supereffective|p1a: Rillaboom\n|-damage|p1a: Rillaboom|9\/100\n|-unboost|p1a: Rillaboom|spa|1\n|-damage|p2b: Flutter Mane|90\/100|[from] item: Life Orb\n|move|p1b: Chi-Yu|Snarl|p2a: Indeedee|[spread] p2a,p2b\n|-supereffective|p2a: Indeedee\n|-damage|p2a: Indeedee|15\/100\n|-damage|p2b: Flutter Mane|44\/100\n|-unboost|p2a: Indeedee|spa|1\n|-unboost|p2b: Flutter Mane|spa|1\n|-damage|p1b: Chi-Yu|87\/100|[from] item: Life Orb\n|move|p1a: Rillaboom|Grassy Glide|p2b: Flutter Mane\n|-resisted|p2b: Flutter Mane\n|-damage|p2b: Flutter Mane|9\/100\n|\n|upkeep\n|turn|3\n|inactive|Holibrand has 30 seconds left.\n|inactive|El Gringo 10.000 has 30 seconds left.\n|inactive|El Gringo 10.000 has 20 seconds left.\n|inactive|Holibrand has 20 seconds left.\n|\n|t:|1700745787\n|switch|p1a: Flutter Mane|Flutter Mane, L50|100\/100\n|-enditem|p1a: Flutter Mane|Booster Energy\n|-activate|p1a: Flutter Mane|ability: Protosynthesis|[fromitem]\n|-start|p1a: Flutter Mane|protosynthesisspa\n|move|p2a: Indeedee|Helping Hand|p2b: Flutter Mane\n|-singleturn|p2b: Flutter Mane|Helping Hand|[of] p2a: Indeedee\n|move|p2b: Flutter Mane|Dazzling Gleam|p1a: Flutter Mane|[spread] p1a,p1b\n|-damage|p1a: Flutter Mane|47\/100\n|-damage|p1b: Chi-Yu|41\/100\n|-damage|p2b: Flutter Mane|0 fnt|[from] item: Life Orb\n|faint|p2b: Flutter Mane\n|-end|p2b: Flutter Mane|Protosynthesis|[silent]\n|move|p1b: Chi-Yu|Snarl|p2a: Indeedee\n|-supereffective|p2a: Indeedee\n|-damage|p2a: Indeedee|0 fnt\n|faint|p2a: Indeedee\n|-damage|p1b: Chi-Yu|31\/100|[from] item: Life Orb\n|\n|upkeep\n|\n|t:|1700745802\n|switch|p2b: Iron Bundle|Iron Bundle, L50|100\/100\n|switch|p2a: Kommo-o|Kommo-o, L50, F|79\/100\n|-enditem|p2b: Iron Bundle|Booster Energy\n|-activate|p2b: Iron Bundle|ability: Quark Drive|[fromitem]\n|-start|p2b: Iron Bundle|quarkdrivespe\n|turn|4\n|\n|t:|1700745827\n|switch|p1b: Rillaboom|Rillaboom, L50, M, shiny|9\/100\n|-fieldstart|move: Grassy Terrain|[from] ability: Grassy Surge|[of] p1b: Rillaboom\n|move|p1a: Flutter Mane|Protect|p1a: Flutter Mane\n|-singleturn|p1a: Flutter Mane|Protect\n|move|p2a: Kommo-o|Protect|p2a: Kommo-o\n|-singleturn|p2a: Kommo-o|Protect\n|move|p2b: Iron Bundle|Freeze-Dry|p1a: Flutter Mane\n|-activate|p1a: Flutter Mane|move: Protect\n|\n|-heal|p1a: Flutter Mane|53\/100|[from] Grassy Terrain\n|-heal|p2a: Kommo-o|85\/100|[from] Grassy Terrain\n|-heal|p1b: Rillaboom|15\/100|[from] Grassy Terrain\n|upkeep\n|turn|5\n|-message|El Gringo 10.000 forfeited.\n|\n|win|Holibrand\n|raw|Holibrand's rating: 1181 &rarr; <strong>1211<\/strong><br \/>(+30 for winning)\n|raw|El Gringo 10.000's rating: 1246 &rarr; <strong>1216<\/strong><br \/>(-30 for losing)\n|l|\u2606El Gringo 10.000\n|l|\u2606Holibrand\n|j|\u2606Holibrand\n|player|p1|Holibrand|pokemonbreeder-gen4\n","uploadtime":1700746016,"views":9,"p1id":"holibrand","p2id":"elgringo10000","formatid":"gen9vgc2023regulatione","rating":1211,"private":0,"password":""}