{"id":"gen9vgc2023regulatione-1993751982","p1":"Shadow Ballers","p2":"Achoque14","format":"[Gen 9] VGC 2023 Regulation E","log":"|j|\u2606Shadow Ballers\n|j|\u2606Achoque14\n|t:|1700353011\n|gametype|doubles\n|player|p1|Shadow Ballers|roughneck|1316\n|player|p2|Achoque14|266|1415\n|teamsize|p1|6\n|teamsize|p2|6\n|gen|9\n|tier|[Gen 9] VGC 2023 Regulation E\n|rated|\n|rule|Species Clause: Limit one of each Pok\u00e9mon\n|rule|Item Clause: Limit one of each item\n|clearpoke\n|poke|p1|Ursaluna-Bloodmoon, L50, M|\n|poke|p1|Urshifu-*, L50, M|\n|poke|p1|Ceruledge, L50, M|\n|poke|p1|Weavile, L50, M|\n|poke|p1|Weezing-Galar, L50, F|\n|poke|p1|Rillaboom, L50, F|\n|poke|p2|Flutter Mane, L50|\n|poke|p2|Tornadus, L50, M|\n|poke|p2|Roaring Moon, L50|\n|poke|p2|Ogerpon-Hearthflame, L50, F|\n|poke|p2|Rillaboom, L50, F|\n|poke|p2|Arcanine-Hisui, L50, M|\n|teampreview|4\n|inactive|Battle timer is ON: inactive players will automatically lose when time's up. (requested by Shadow Ballers)\n|\n|t:|1700353047\n|start\n|switch|p1a: Weezing|Weezing-Galar, L50, F, shiny|100\/100\n|switch|p1b: Weavile|Weavile, L50, M, shiny|100\/100\n|switch|p2a: Ogerpon|Ogerpon-Hearthflame, L50, F|100\/100\n|switch|p2b: Roaring Moon|Roaring Moon, L50|100\/100\n|-ability|p1a: Weezing|Neutralizing Gas\n|-enditem|p2b: Roaring Moon|Booster Energy\n|-activate|p2b: Roaring Moon|ability: Protosynthesis|[fromitem]\n|-start|p2b: Roaring Moon|protosynthesisspe\n|turn|1\n|\n|t:|1700353064\n|move|p1b: Weavile|Fake Out|p2b: Roaring Moon\n|-damage|p2b: Roaring Moon|82\/100\n|cant|p2b: Roaring Moon|flinch\n|move|p2a: Ogerpon|Ivy Cudgel|p1a: Weezing|[anim] Ivy Cudgel Fire\n|-damage|p1a: Weezing|39\/100\n|move|p1a: Weezing|Play Rough|p2b: Roaring Moon\n|-supereffective|p2b: Roaring Moon\n|-damage|p2b: Roaring Moon|0 fnt\n|faint|p2b: Roaring Moon\n|-end|p2b: Roaring Moon|Protosynthesis|[silent]\n|\n|upkeep\n|\n|t:|1700353080\n|switch|p2b: Arcanine|Arcanine-Hisui, L50, M, shiny|100\/100\n|turn|2\n|\n|t:|1700353096\n|-terastallize|p1a: Weezing|Water\n|move|p1b: Weavile|Icicle Crash|p2a: Ogerpon\n|-damage|p2a: Ogerpon|42\/100\n|move|p2a: Ogerpon|Ivy Cudgel|p1b: Weavile|[anim] Ivy Cudgel Fire\n|-supereffective|p1b: Weavile\n|-enditem|p1b: Weavile|Focus Sash\n|-damage|p1b: Weavile|1\/100\n|move|p2b: Arcanine|Rock Slide|p1b: Weavile|[spread] p1a,p1b\n|-supereffective|p1b: Weavile\n|-damage|p1a: Weezing|13\/100\n|-damage|p1b: Weavile|0 fnt\n|faint|p1b: Weavile\n|move|p1a: Weezing|Tera Blast|p2b: Arcanine|[anim] Tera Blast Water\n|-supereffective|p2b: Arcanine\n|-damage|p2b: Arcanine|0 fnt\n|faint|p2b: Arcanine\n|\n|upkeep\n|\n|t:|1700353118\n|switch|p1b: Rillaboom|Rillaboom, L50, F, shiny|100\/100\n|switch|p2b: Flutter Mane|Flutter Mane, L50|100\/100\n|turn|3\n|\n|t:|1700353141\n|-end|p1a: Weezing|ability: Neutralizing Gas\n|-ability|p2a: Ogerpon|Mold Breaker\n|-fieldstart|move: Grassy Terrain|[from] ability: Grassy Surge|[of] p1b: Rillaboom\n|switch|p1a: Ceruledge|Ceruledge, L50, M, shiny|100\/100\n|move|p1b: Rillaboom|Fake Out|p2a: Ogerpon\n|-damage|p2a: Ogerpon|23\/100\n|move|p2b: Flutter Mane|Dazzling Gleam|p1a: Ceruledge|[spread] p1a,p1b\n|-resisted|p1a: Ceruledge\n|-damage|p1a: Ceruledge|77\/100\n|-damage|p1b: Rillaboom|58\/100\n|cant|p2a: Ogerpon|flinch\n|\n|-heal|p2a: Ogerpon|29\/100|[from] Grassy Terrain\n|-heal|p1a: Ceruledge|83\/100|[from] Grassy Terrain\n|-heal|p1b: Rillaboom|64\/100|[from] Grassy Terrain\n|upkeep\n|turn|4\n|\n|t:|1700353165\n|-terastallize|p2a: Ogerpon|Fire\n|detailschange|p2a: Ogerpon|Ogerpon-Hearthflame-Tera, L50, F, tera:Fire\n|-ability|p2a: Ogerpon|Embody Aspect (Hearthflame)|boost\n|-boost|p2a: Ogerpon|atk|1\n|move|p1a: Ceruledge|Shadow Sneak|p2b: Flutter Mane\n|-supereffective|p2b: Flutter Mane\n|-damage|p2b: Flutter Mane|29\/100\n|move|p1b: Rillaboom|Grassy Glide|p2b: Flutter Mane\n|-damage|p2b: Flutter Mane|0 fnt\n|faint|p2b: Flutter Mane\n|-end|p2b: Flutter Mane|Protosynthesis|[silent]\n|move|p2a: Ogerpon|Stomping Tantrum|p1a: Ceruledge\n|-supereffective|p1a: Ceruledge\n|-damage|p1a: Ceruledge|0 fnt\n|faint|p1a: Ceruledge\n|\n|-heal|p2a: Ogerpon|35\/100|[from] Grassy Terrain\n|-heal|p1b: Rillaboom|70\/100|[from] Grassy Terrain\n|upkeep\n|\n|t:|1700353183\n|switch|p1a: Weezing|Weezing-Galar, L50, F, shiny, tera:Water|13\/100\n|-ability|p1a: Weezing|Neutralizing Gas\n|turn|5\n|\n|t:|1700353190\n|move|p2a: Ogerpon|Horn Leech|p1a: Weezing\n|-supereffective|p1a: Weezing\n|-damage|p1a: Weezing|0 fnt\n|-heal|p2a: Ogerpon|42\/100|[from] drain|[of] p1a: Weezing\n|faint|p1a: Weezing\n|-end|p1a: Weezing|ability: Neutralizing Gas\n|move|p1b: Rillaboom|High Horsepower|p2a: Ogerpon\n|-supereffective|p2a: Ogerpon\n|-crit|p2a: Ogerpon\n|-damage|p2a: Ogerpon|0 fnt\n|faint|p2a: Ogerpon\n|\n|win|Shadow Ballers\n|raw|Shadow Ballers's rating: 1316 &rarr; <strong>1342<\/strong><br \/>(+26 for winning)\n|raw|Achoque14's rating: 1415 &rarr; <strong>1389<\/strong><br \/>(-26 for losing)\n|c|\u2606Shadow Ballers|Gg\n|l|\u2606Achoque14\n","uploadtime":1700353209,"views":9,"p1id":"shadowballers","p2id":"achoque14","formatid":"gen9vgc2023regulatione","rating":1342,"private":0,"password":""}