{"id":"gen9vgc2023regulatione-1995782992","p1":"K41ZER","p2":"NoahDaGr81","format":"[Gen 9] VGC 2023 Regulation E","log":"|j|\u2606K41ZER\n|j|\u2606NoahDaGr81\n|t:|1700602719\n|gametype|doubles\n|player|p1|K41ZER|gentleman|1228\n|player|p2|NoahDaGr81|pokemonbreeder|1155\n|teamsize|p1|6\n|teamsize|p2|6\n|gen|9\n|tier|[Gen 9] VGC 2023 Regulation E\n|rated|\n|rule|Species Clause: Limit one of each Pok\u00e9mon\n|rule|Item Clause: Limit one of each item\n|clearpoke\n|poke|p1|Landorus-Therian, L50, M|\n|poke|p1|Ogerpon, L50, F|\n|poke|p1|Heatran, L50, M|\n|poke|p1|Iron Hands, L50|\n|poke|p1|Farigiraf, L50, F|\n|poke|p1|Urshifu-*, L50, M|\n|poke|p2|Roaring Moon, L50|\n|poke|p2|Mienshao, L50, F|\n|poke|p2|Chi-Yu, L50|\n|poke|p2|Espeon, L50, F|\n|poke|p2|Ninetales, L50, F|\n|poke|p2|Flutter Mane, L50|\n|teampreview|4\nK41ZER rejected open team sheets.\n|inactive|Battle timer is ON: inactive players will automatically lose when time's up. (requested by NoahDaGr81)\n|inactive|K41ZER has 60 seconds left.\n|\n|t:|1700602796\n|start\n|switch|p1a: Farigiraf|Farigiraf, L50, F|100\/100\n|switch|p1b: FerroNachas|Iron Hands, L50, shiny|100\/100\n|switch|p2a: Roaring Moon|Roaring Moon, L50, shiny|100\/100\n|switch|p2b: Osborne|Flutter Mane, L50, shiny|100\/100\n|-enditem|p2b: Osborne|Booster Energy\n|-activate|p2b: Osborne|ability: Protosynthesis|[fromitem]\n|-start|p2b: Osborne|protosynthesisspe\n|turn|1\n|\n|t:|1700602825\n|-end|p1b: FerroNachas|Quark Drive|[silent]\n|switch|p1b: Ogerpon|Ogerpon, L50, F|100\/100\n|move|p2b: Osborne|Icy Wind|p1a: Farigiraf|[spread] p1a,p1b\n|-supereffective|p1b: Ogerpon\n|-damage|p1a: Farigiraf|88\/100\n|-damage|p1b: Ogerpon|69\/100\n|-unboost|p1a: Farigiraf|spe|1\n|-unboost|p1b: Ogerpon|spe|1\n|-ability|p1b: Ogerpon|Defiant|boost\n|-boost|p1b: Ogerpon|atk|2\n|move|p2a: Roaring Moon|Knock Off|p1a: Farigiraf\n|-supereffective|p1a: Farigiraf\n|-damage|p1a: Farigiraf|0 fnt\n|-enditem|p1a: Farigiraf|Sitrus Berry|[from] move: Knock Off|[of] p2a: Roaring Moon\n|faint|p1a: Farigiraf\n|\n|upkeep\n|\n|t:|1700602842\n|switch|p1a: Landorus|Landorus-Therian, L50, M|100\/100\n|-ability|p1a: Landorus|Intimidate|boost\n|-unboost|p2a: Roaring Moon|atk|1\n|-unboost|p2b: Osborne|atk|1\n|turn|2\n|\n|t:|1700602857\n|-terastallize|p1a: Landorus|Ice\n|move|p2b: Osborne|Icy Wind|p1b: Ogerpon|[spread] p1a,p1b\n|-resisted|p1a: Landorus\n|-supereffective|p1b: Ogerpon\n|-damage|p1a: Landorus|93\/100\n|-damage|p1b: Ogerpon|39\/100\n|-unboost|p1a: Landorus|spe|1\n|-unboost|p1b: Ogerpon|spe|1\n|-ability|p1b: Ogerpon|Defiant|boost\n|-boost|p1b: Ogerpon|atk|2\n|move|p2a: Roaring Moon|Tailwind|p2a: Roaring Moon\n|-sidestart|p2: NoahDaGr81|move: Tailwind\n|move|p1a: Landorus|Tera Blast|p2a: Roaring Moon|[anim] Tera Blast Ice\n|-supereffective|p2a: Roaring Moon\n|-damage|p2a: Roaring Moon|12\/100\n|move|p1b: Ogerpon|Ivy Cudgel|p2b: Osborne\n|-damage|p2b: Osborne|0 fnt\n|faint|p2b: Osborne\n|-end|p2b: Osborne|Protosynthesis|[silent]\n|\n|upkeep\n|\n|t:|1700602876\n|switch|p2b: Mercurius|Chi-Yu, L50|100\/100\n|-ability|p2b: Mercurius|Beads of Ruin\n|turn|3\n|\n|t:|1700602888\n|-end|p2a: Roaring Moon|Protosynthesis|[silent]\n|switch|p2a: Tsakurai|Ninetales, L50, F, shiny|100\/100\n|-weather|SunnyDay|[from] ability: Drought|[of] p2a: Tsakurai\n|switch|p1a: FerroNachas|Iron Hands, L50, shiny|100\/100\n|move|p1b: Ogerpon|Spiky Shield|p1b: Ogerpon\n|-singleturn|p1b: Ogerpon|move: Protect\n|move|p2b: Mercurius|Burning Jealousy|p1b: Ogerpon|[spread] p1a\n|-activate|p1b: Ogerpon|move: Protect\n|-damage|p1a: FerroNachas|55\/100\n|\n|-weather|SunnyDay|[upkeep]\n|upkeep\n|turn|4\n|inactive|K41ZER has 30 seconds left.\n|\n|t:|1700602921\n|move|p1b: Ogerpon|Follow Me|p1b: Ogerpon\n|-singleturn|p1b: Ogerpon|move: Follow Me\n|move|p2b: Mercurius|Burning Jealousy|p1a: FerroNachas|[spread] p1a,p1b\n|-supereffective|p1b: Ogerpon\n|-damage|p1a: FerroNachas|10\/100\n|-damage|p1b: Ogerpon|0 fnt\n|faint|p1b: Ogerpon\n|move|p2a: Tsakurai|Encore||[still]\n|-fail|p2a: Tsakurai\n|move|p1a: FerroNachas|Drain Punch|p2b: Mercurius\n|-supereffective|p2b: Mercurius\n|-damage|p2b: Mercurius|0 fnt\n|-heal|p1a: FerroNachas|38\/100|[from] drain|[of] p2b: Mercurius\n|faint|p2b: Mercurius\n|\n|-weather|SunnyDay|[upkeep]\n|upkeep\n|\n|t:|1700602936\n|switch|p2b: Roaring Moon|Roaring Moon, L50, shiny|12\/100\n|switch|p1b: Landorus|Landorus-Therian, L50, M, tera:Ice|93\/100\n|-activate|p2b: Roaring Moon|ability: Protosynthesis\n|-start|p2b: Roaring Moon|protosynthesisspe\n|-ability|p1b: Landorus|Intimidate|boost\n|-unboost|p2a: Tsakurai|atk|1\n|-unboost|p2b: Roaring Moon|atk|1\n|turn|5\n|\n|t:|1700602951\n|-terastallize|p2b: Roaring Moon|Ground\n|move|p2b: Roaring Moon|Stomping Tantrum|p1a: FerroNachas\n|-supereffective|p1a: FerroNachas\n|-damage|p1a: FerroNachas|4\/100\n|move|p2a: Tsakurai|Burning Jealousy|p1b: Landorus|[spread] p1a,p1b\n|-supereffective|p1b: Landorus\n|-damage|p1a: FerroNachas|0 fnt\n|-damage|p1b: Landorus|23\/100\n|faint|p1a: FerroNachas\n|-end|p1a: FerroNachas|Quark Drive|[silent]\n|move|p1b: Landorus|Rock Slide|p2b: Roaring Moon|[spread] p2a,p2b\n|-supereffective|p2a: Tsakurai\n|-resisted|p2b: Roaring Moon\n|-damage|p2a: Tsakurai|57\/100\n|-damage|p2b: Roaring Moon|3\/100\n|\n|-weather|SunnyDay|[upkeep]\n|-sideend|p2: NoahDaGr81|move: Tailwind\n|upkeep\n|turn|6\n|\n|t:|1700602975\n|move|p2b: Roaring Moon|Stomping Tantrum|p1b: Landorus\n|-damage|p1b: Landorus|0 fnt\n|faint|p1b: Landorus\n|\n|win|NoahDaGr81\n|raw|K41ZER's rating: 1228 &rarr; <strong>1198<\/strong><br \/>(-30 for losing)\n|raw|NoahDaGr81's rating: 1155 &rarr; <strong>1185<\/strong><br \/>(+30 for winning)\n|l|\u2606K41ZER\n","uploadtime":1700602981,"views":16,"p1id":"k41zer","p2id":"noahdagr81","formatid":"gen9vgc2023regulatione","rating":1185,"private":0,"password":""}