{"id":"gen9vgc2023regulatione-1988694936","p1":"YoraeRasante","p2":"lainshy","format":"[Gen 9] VGC 2023 Regulation E","log":"|j|\u2606YoraeRasante\n|j|\u2606lainshy\n|n|\u2606YoraeRasante|yoraerasante\n|n|\u2606lainshy|lainshy\n|html|View the match progress at <a href=\"\/game-bestof3-gen9vgc2023regulatione-1988694935\">game-bestof3-gen9vgc2023regulatione-1988694935<\/a>\n|t:|1699751645\n|gametype|doubles\n|player|p1|YoraeRasante|red|\n|player|p2|lainshy|geeta|\n|teamsize|p1|6\n|teamsize|p2|6\n|gen|9\n|tier|[Gen 9] VGC 2023 Regulation E\n|rule|Species Clause: Limit one of each Pok\u00e9mon\n|rule|Item Clause: Limit one of each item\n|clearpoke\n|poke|p1|Tyranitar, L50, M|\n|poke|p1|Flutter Mane, L50|\n|poke|p1|Urshifu-*, L50, F|\n|poke|p1|Iron Hands, L50|\n|poke|p1|Rillaboom, L50, M|\n|poke|p1|Tornadus, L50, M|\n|poke|p2|Baxcalibur, L50, F|\n|poke|p2|Kingambit, L50, F|\n|poke|p2|Ursaluna-Bloodmoon, L50, M|\n|poke|p2|Corviknight, L50, F|\n|poke|p2|Gholdengo, L50|\n|poke|p2|Ribombee, L50, F|\n|teampreview|4\nYoraeRasante has agreed to open team sheets.\nlainshy has agreed to open team sheets.\n|showteam|p1|Tyranitar||LifeOrb|SandStream|KnockOff,RockSlide,LowKick,TeraBlast|||M|||50|,,,,,Psychic]Flutter Mane||ChoiceSpecs|Protosynthesis|ShadowBall,Moonblast,DazzlingGleam,TrickRoom||||||50|,,,,,Fairy]Urshifu-Rapid-Strike||ChoiceScarf|UnseenFist|SurgingStrikes,CloseCombat,AquaJet,Uturn|||F|||50|,,,,,Water]Iron Hands||AssaultVest|QuarkDrive|WildCharge,DrainPunch,HeavySlam,FakeOut||||||50|,,,,,Grass]Rillaboom||MiracleSeed|GrassySurge|FakeOut,WoodHammer,GrassyGlide,Taunt|||M|||50|,,,,,Grass]Tornadus||CovertCloak|Prankster|BleakwindStorm,Tailwind,Taunt,RainDance|||M|||50|,,,,,Flying\n|showteam|p2|Baxcalibur||LoadedDice|ThermalExchange|Protect,GlaiveRush,IcicleSpear,IceShard|||F|||50|,,,,,Ice]Kingambit||FocusSash|SupremeOverlord|SwordsDance,KowtowCleave,SuckerPunch,IronHead|||F|||50|,,,,,Poison]Ursaluna-Bloodmoon||Leftovers|MindsEye|CalmMind,BloodMoon,EarthPower,Moonlight|||M|||50|,,,,,Flying]Corviknight||RockyHelmet|MirrorArmor|BraveBird,BodyPress,Tailwind,Roost|||F|||50|,,,,,Dragon]Gholdengo||SitrusBerry|GoodasGold|NastyPlot,Protect,MakeItRain,ShadowBall||||||50|,,,,,Steel]Ribombee||HeavyDutyBoots|ShieldDust|StickyWeb,StunSpore,DazzlingGleam,PollenPuff|||F|||50|,,,,,Steel\n|j| Rebornsan93\n|j| PSmonteiro\n|j| ShimeNaruka\n|c| Rebornsan93|comecem\n|\n|t:|1699751758\n|start\n|switch|p1a: Flutter Mane|Flutter Mane, L50|100\/100\n|switch|p1b: Tyranitar|Tyranitar, L50, M|100\/100\n|switch|p2a: Corviknight|Corviknight, L50, F|100\/100\n|switch|p2b: Ursaluna|Ursaluna-Bloodmoon, L50, M|100\/100\n|-weather|Sandstorm|[from] ability: Sand Stream|[of] p1b: Tyranitar\n|turn|1\n|\n|t:|1699751783\n|move|p1a: Flutter Mane|Dazzling Gleam|p2b: Ursaluna|[spread] p2a,p2b\n|-resisted|p2a: Corviknight\n|-crit|p2b: Ursaluna\n|-damage|p2a: Corviknight|78\/100\n|-damage|p2b: Ursaluna|13\/100\n|move|p1b: Tyranitar|Knock Off|p2a: Corviknight\n|-damage|p2a: Corviknight|34\/100\n|-damage|p1b: Tyranitar|84\/100|[from] item: Rocky Helmet|[of] p2a: Corviknight\n|-enditem|p2a: Corviknight|Rocky Helmet|[from] move: Knock Off|[of] p1b: Tyranitar\n|-damage|p1b: Tyranitar|74\/100|[from] item: Life Orb\n|move|p2a: Corviknight|Tailwind|p2a: Corviknight\n|-sidestart|p2: lainshy|move: Tailwind\n|move|p2b: Ursaluna|Calm Mind|p2b: Ursaluna\n|-boost|p2b: Ursaluna|spa|1\n|-boost|p2b: Ursaluna|spd|1\n|\n|-weather|Sandstorm|[upkeep]\n|-damage|p1a: Flutter Mane|94\/100|[from] Sandstorm\n|-heal|p2b: Ursaluna|19\/100|[from] item: Leftovers\n|upkeep\n|turn|2\n|j| lucasarreguy\n|\n|t:|1699751850\n|move|p1a: Flutter Mane|Dazzling Gleam|p2a: Corviknight|[spread] p2a,p2b\n|-resisted|p2a: Corviknight\n|-damage|p2a: Corviknight|13\/100\n|-damage|p2b: Ursaluna|0 fnt\n|faint|p2b: Ursaluna\n|move|p2a: Corviknight|Roost|p2a: Corviknight\n|-heal|p2a: Corviknight|63\/100\n|-singleturn|p2a: Corviknight|move: Roost\n|move|p1b: Tyranitar|Rock Slide|p2a: Corviknight\n|-resisted|p2a: Corviknight\n|-damage|p2a: Corviknight|46\/100\n|-damage|p1b: Tyranitar|65\/100|[from] item: Life Orb\n|\n|-weather|Sandstorm|[upkeep]\n|-damage|p1a: Flutter Mane|88\/100|[from] Sandstorm\n|upkeep\n|\n|t:|1699751863\n|switch|p2b: Gholdengo|Gholdengo, L50|100\/100\n|turn|3\n|\n|t:|1699751904\n|-end|p1a: Flutter Mane|Protosynthesis|[silent]\n|switch|p1a: Iron Hands|Iron Hands, L50|100\/100\n|-terastallize|p2b: Gholdengo|Steel\n|move|p2b: Gholdengo|Make It Rain|p1b: Tyranitar|[spread] p1a,p1b\n|-resisted|p1a: Iron Hands\n|-supereffective|p1b: Tyranitar\n|-damage|p1a: Iron Hands|83\/100\n|-damage|p1b: Tyranitar|0 fnt\n|-unboost|p2b: Gholdengo|spa|1\n|faint|p1b: Tyranitar\n|move|p2a: Corviknight|Roost|p2a: Corviknight\n|-heal|p2a: Corviknight|96\/100\n|-singleturn|p2a: Corviknight|move: Roost\n|\n|-weather|Sandstorm|[upkeep]\n|-damage|p1a: Iron Hands|77\/100|[from] Sandstorm\n|upkeep\n|\n|t:|1699751927\n|switch|p1b: Flutter Mane|Flutter Mane, L50|88\/100\n|turn|4\n|\n|t:|1699751943\n|move|p2b: Gholdengo|Make It Rain|p1a: Iron Hands|[spread] p1a,p1b\n|-resisted|p1a: Iron Hands\n|-supereffective|p1b: Flutter Mane\n|-damage|p1a: Iron Hands|65\/100\n|-damage|p1b: Flutter Mane|7\/100\n|-unboost|p2b: Gholdengo|spa|1\n|move|p1b: Flutter Mane|Shadow Ball|p2b: Gholdengo\n|-damage|p2b: Gholdengo|19\/100\n|-enditem|p2b: Gholdengo|Sitrus Berry|[eat]\n|-heal|p2b: Gholdengo|44\/100|[from] item: Sitrus Berry\n|move|p2a: Corviknight|Brave Bird|p1a: Iron Hands\n|-damage|p1a: Iron Hands|41\/100\n|-damage|p2a: Corviknight|87\/100|[from] Recoil\n|move|p1a: Iron Hands|Wild Charge|p2a: Corviknight\n|-supereffective|p2a: Corviknight\n|-damage|p2a: Corviknight|27\/100\n|-damage|p1a: Iron Hands|28\/100|[from] Recoil\n|\n|-weather|Sandstorm|[upkeep]\n|-damage|p1b: Flutter Mane|0 fnt|[from] Sandstorm\n|-damage|p1a: Iron Hands|22\/100|[from] Sandstorm\n|faint|p1b: Flutter Mane\n|-end|p1b: Flutter Mane|Protosynthesis|[silent]\n|-sideend|p2: lainshy|move: Tailwind\n|upkeep\n|\n|t:|1699751966\n|switch|p1b: Rillaboom|Rillaboom, L50, M|100\/100\n|-fieldstart|move: Grassy Terrain|[from] ability: Grassy Surge|[of] p1b: Rillaboom\n|turn|5\n|\n|t:|1699752008\n|move|p2b: Gholdengo|Protect|p2b: Gholdengo\n|-singleturn|p2b: Gholdengo|Protect\n|move|p1b: Rillaboom|Grassy Glide|p2b: Gholdengo\n|-activate|p2b: Gholdengo|move: Protect\n|move|p2a: Corviknight|Brave Bird|p1b: Rillaboom\n|-supereffective|p1b: Rillaboom\n|-damage|p1b: Rillaboom|22\/100\n|-damage|p2a: Corviknight|2\/100|[from] Recoil\n|move|p1a: Iron Hands|Drain Punch|p2a: Corviknight\n|-damage|p2a: Corviknight|0 fnt\n|-heal|p1a: Iron Hands|23\/100|[from] drain|[of] p2a: Corviknight\n|faint|p2a: Corviknight\n|\n|-weather|none\n|-heal|p2b: Gholdengo|50\/100|[from] Grassy Terrain\n|-heal|p1b: Rillaboom|28\/100|[from] Grassy Terrain\n|-heal|p1a: Iron Hands|29\/100|[from] Grassy Terrain\n|upkeep\n|\n|t:|1699752025\n|switch|p2a: Baxcalibur|Baxcalibur, L50, F|100\/100\n|turn|6\n|\n|t:|1699752070\n|move|p2a: Baxcalibur|Ice Shard|p1b: Rillaboom\n|-supereffective|p1b: Rillaboom\n|-damage|p1b: Rillaboom|0 fnt\n|faint|p1b: Rillaboom\n|move|p2b: Gholdengo|Make It Rain|p1a: Iron Hands\n|-resisted|p1a: Iron Hands\n|-damage|p1a: Iron Hands|18\/100\n|-unboost|p2b: Gholdengo|spa|1\n|move|p1a: Iron Hands|Heavy Slam|p2a: Baxcalibur\n|-supereffective|p2a: Baxcalibur\n|-damage|p2a: Baxcalibur|73\/100\n|\n|-heal|p2a: Baxcalibur|79\/100|[from] Grassy Terrain\n|-heal|p2b: Gholdengo|56\/100|[from] Grassy Terrain\n|-heal|p1a: Iron Hands|24\/100|[from] Grassy Terrain\n|upkeep\n|turn|7\n|\n|t:|1699752092\n|move|p2b: Gholdengo|Protect|p2b: Gholdengo\n|-singleturn|p2b: Gholdengo|Protect\n|move|p2a: Baxcalibur|Icicle Spear|p1a: Iron Hands\n|-damage|p1a: Iron Hands|14\/100\n|-damage|p1a: Iron Hands|5\/100\n|-damage|p1a: Iron Hands|0 fnt\n|faint|p1a: Iron Hands\n|-end|p1a: Iron Hands|Quark Drive|[silent]\n|-hitcount|p1: Iron Hands|3\n|\n|win|lainshy\n|c|&|\/uhtml prompt-yoraerasante,YoraeRasante is ready for game 2!\n|inactive|lainshy has 50 seconds to confirm battle start!\n|c|\u2606lainshy|qq\n|c|&|\/uhtml prompt-lainshy,lainshy is ready for game 2!\nBoth players are ready! Starting next match!\n|l| lucasarreguy\n|j| lucasarreguy\n","uploadtime":1699752142,"views":12,"p1id":"yoraerasante","p2id":"lainshy","formatid":"gen9vgc2023regulatione","rating":0,"private":0,"password":""}