{"id":"gen9vgc2023regulatione-1996641255","p1":"vitalin","p2":"Chazzitup4200","format":"[Gen 9] VGC 2023 Regulation E","log":"|j|\u2606vitalin\n|j|\u2606Chazzitup4200\n|t:|1700704079\n|gametype|doubles\n|player|p1|vitalin|winona|1357\n|player|p2|Chazzitup4200|101|1478\n|teamsize|p1|6\n|teamsize|p2|6\n|gen|9\n|tier|[Gen 9] VGC 2023 Regulation E\n|rated|\n|rule|Species Clause: Limit one of each Pok\u00e9mon\n|rule|Item Clause: Limit one of each item\n|clearpoke\n|poke|p1|Indeedee-F, L50, F|\n|poke|p1|Iron Hands, L50|\n|poke|p1|Armarouge, L50, F|\n|poke|p1|Oranguru, L50, F|\n|poke|p1|Staraptor, L50, M|\n|poke|p1|Ursaluna-Bloodmoon, L50, M|\n|poke|p2|Weezing, L50, F|\n|poke|p2|Flutter Mane, L50|\n|poke|p2|Iron Hands, L50|\n|poke|p2|Ogerpon-Wellspring, L50, F|\n|poke|p2|Roaring Moon, L50|\n|poke|p2|Landorus-Therian, L50, M|\n|teampreview|4\n|inactive|Battle timer is ON: inactive players will automatically lose when time's up. (requested by vitalin)\n|\n|t:|1700704117\n|start\n|switch|p1a: Staraptor|Staraptor, L50, M|100\/100\n|switch|p1b: Oranguru|Oranguru, L50, F|100\/100\n|switch|p2a: Weezing|Weezing, L50, F, shiny|100\/100\n|switch|p2b: Roaring Moon|Roaring Moon, L50, shiny|100\/100\n|-ability|p2a: Weezing|Neutralizing Gas\n|-enditem|p2b: Roaring Moon|Booster Energy\n|-activate|p2b: Roaring Moon|ability: Protosynthesis|[fromitem]\n|-start|p2b: Roaring Moon|protosynthesisspe\n|turn|1\n|inactive|Chazzitup4200 has 30 seconds left.\n|\n|t:|1700704149\n|move|p2b: Roaring Moon|Knock Off|p1b: Oranguru\n|-supereffective|p1b: Oranguru\n|-damage|p1b: Oranguru|0 fnt\n|-enditem|p1b: Oranguru|Iapapa Berry|[from] move: Knock Off|[of] p2b: Roaring Moon\n|faint|p1b: Oranguru\n|move|p1a: Staraptor|Final Gambit|p2a: Weezing\n|-damage|p2a: Weezing|0 fnt\n|faint|p1a: Staraptor\n|faint|p2a: Weezing\n|-end|p2a: Weezing|ability: Neutralizing Gas\n|\n|upkeep\n|\n|t:|1700704163\n|switch|p1a: Iron Hands|Iron Hands, L50|100\/100\n|switch|p2a: Ogerpon|Ogerpon-Wellspring, L50, F|100\/100\n|switch|p1b: Ursaluna|Ursaluna-Bloodmoon, L50, M|100\/100\n|turn|2\n|inactive|vitalin has 30 seconds left.\n|\n|t:|1700704193\n|-terastallize|p1b: Ursaluna|Normal\n|move|p2b: Roaring Moon|Protect|p2b: Roaring Moon\n|-singleturn|p2b: Roaring Moon|Protect\n|move|p2a: Ogerpon|Spiky Shield|p2a: Ogerpon\n|-singleturn|p2a: Ogerpon|move: Protect\n|move|p1b: Ursaluna|Blood Moon|p2a: Ogerpon\n|-activate|p2a: Ogerpon|move: Protect\n|move|p1a: Iron Hands|Belly Drum|p1a: Iron Hands\n|-damage|p1a: Iron Hands|50\/100\n|-setboost|p1a: Iron Hands|atk|6|[from] move: Belly Drum\n|-enditem|p1a: Iron Hands|Sitrus Berry|[eat]\n|-heal|p1a: Iron Hands|75\/100|[from] item: Sitrus Berry\n|\n|upkeep\n|turn|3\n|inactive|Chazzitup4200 has 30 seconds left.\n|\n|t:|1700704224\n|move|p1b: Ursaluna|Protect|p1b: Ursaluna\n|-singleturn|p1b: Ursaluna|Protect\n|move|p2b: Roaring Moon|Knock Off|p1b: Ursaluna\n|-activate|p1b: Ursaluna|move: Protect\n|move|p2a: Ogerpon|Ivy Cudgel|p1b: Ursaluna|[anim] Ivy Cudgel Water\n|-activate|p1b: Ursaluna|move: Protect\n|move|p1a: Iron Hands|Drain Punch|p2a: Ogerpon\n|-damage|p2a: Ogerpon|0 fnt\n|-heal|p1a: Iron Hands|100\/100|[from] drain|[of] p2a: Ogerpon\n|faint|p2a: Ogerpon\n|\n|upkeep\n|\n|t:|1700704229\n|switch|p2a: Flutter Mane|Flutter Mane, L50|100\/100\n|turn|4\n|\n|t:|1700704249\n|-terastallize|p2a: Flutter Mane|Fairy\n|move|p1a: Iron Hands|Protect|p1a: Iron Hands\n|-singleturn|p1a: Iron Hands|Protect\n|move|p2b: Roaring Moon|Acrobatics|p1a: Iron Hands\n|-activate|p1a: Iron Hands|move: Protect\n|move|p2a: Flutter Mane|Dazzling Gleam|p1a: Iron Hands|[spread] p1b\n|-activate|p1a: Iron Hands|move: Protect\n|-damage|p1b: Ursaluna|38\/100\n|move|p1b: Ursaluna|Blood Moon|p2a: Flutter Mane\n|-damage|p2a: Flutter Mane|0 fnt\n|faint|p2a: Flutter Mane\n|-end|p2a: Flutter Mane|Protosynthesis|[silent]\n|\n|upkeep\n|turn|5\n|c|\u2606Chazzitup4200|Wp\n|-message|Chazzitup4200 forfeited.\n|\n|win|vitalin\n|raw|vitalin's rating: 1357 &rarr; <strong>1384<\/strong><br \/>(+27 for winning)\n|raw|Chazzitup4200's rating: 1478 &rarr; <strong>1451<\/strong><br \/>(-27 for losing)\n|l|\u2606Chazzitup4200\n|c|\u2606vitalin|ggs\n","uploadtime":1700704273,"views":2,"p1id":"vitalin","p2id":"chazzitup4200","formatid":"gen9vgc2023regulatione","rating":1384,"private":0,"password":""}