{"id":"gen9vgc2023regulatione-1992669534","p1":"aquartertwo","p2":"fairylilipad","format":"[Gen 9] VGC 2023 Regulation E","log":"|j|\u2606aquartertwo\n|j|\u2606fairylilipad\n|n|\u2606aquartertwo|aquartertwo\n|n|\u2606fairylilipad|fairylilipad\n|html|View the match progress at <a href=\"\/game-bestof3-gen9vgc2023regulatione-1992661625\">game-bestof3-gen9vgc2023regulatione-1992661625<\/a>\n|t:|1700223055\n|gametype|doubles\n|player|p1|aquartertwo|clerk|\n|player|p2|fairylilipad|guitarist|\n|teamsize|p1|6\n|teamsize|p2|6\n|gen|9\n|tier|[Gen 9] VGC 2023 Regulation E\n|rule|Species Clause: Limit one of each Pok\u00e9mon\n|rule|Item Clause: Limit one of each item\n|clearpoke\n|poke|p1|Tornadus, L50, M|\n|poke|p1|Flutter Mane, L50|\n|poke|p1|Regidrago, L50|\n|poke|p1|Heatran, L50, F|\n|poke|p1|Urshifu-*, L50, F|\n|poke|p1|Farigiraf, L50, M|\n|poke|p2|Weezing, L50, M|\n|poke|p2|Roaring Moon, L50|\n|poke|p2|Flutter Mane, L50|\n|poke|p2|Ogerpon-Hearthflame, L50, F|\n|poke|p2|Rillaboom, L50, M|\n|poke|p2|Urshifu-*, L50, M|\n|teampreview|4\naquartertwo has agreed to open team sheets.\nfairylilipad has agreed to open team sheets.\n|showteam|p1|Tornadus||MentalHerb|Prankster|BleakwindStorm,Tailwind,SunnyDay,Protect|||M|||50|,,,,,Ghost]Flutter Mane||BoosterEnergy|Protosynthesis|DazzlingGleam,ShadowBall,Substitute,Protect||||||50|,,,,,Water]Regidrago||DragonFang|DragonsMaw|DragonEnergy,DracoMeteor,EarthPower,Protect||||||50|,,,,,Poison]Heatran||LifeOrb|FlashFire|HeatWave,FlashCannon,EarthPower,Protect|||F|||50|,,,,,Fairy]Urshifu||ChoiceScarf|UnseenFist|WickedBlow,SuckerPunch,CloseCombat,IronHead|||F|||50|,,,,,Dark]Farigiraf||RockyHelmet|ArmorTail|Psychic,DazzlingGleam,TrickRoom,Imprison|||M|||50|,,,,,Fairy\n|showteam|p2|Weezing||SitrusBerry|NeutralizingGas|WillOWisp,Taunt,GunkShot,Protect|||M|||50|,,,,,Ghost]Roaring Moon||BoosterEnergy|Protosynthesis|BreakingSwipe,Tailwind,KnockOff,Protect||||||50|,,,,,Poison]Flutter Mane||ChoiceSpecs|Protosynthesis|Thunderbolt,DazzlingGleam,ShadowBall,Moonblast||||||50|,,,,,Fairy]Ogerpon-Hearthflame||HearthflameMask|MoldBreaker|IvyCudgel,GrassyGlide,HornLeech,SpikyShield|||F|||50|,,,,,Fire]Rillaboom||AssaultVest|GrassySurge|FakeOut,HighHorsepower,WoodHammer,GrassyGlide|||M|||50|,,,,,Fire]Urshifu-Rapid-Strike||ChoiceScarf|UnseenFist|SurgingStrikes,CloseCombat,AquaJet,Uturn|||M|||50|,,,,,Water\n|\n|t:|1700223105\n|start\n|switch|p1a: Flutter Mane|Flutter Mane, L50|100\/100\n|switch|p1b: Heatran|Heatran, L50, F|100\/100\n|switch|p2a: Roaring Moon|Roaring Moon, L50|100\/100\n|switch|p2b: Urshifu|Urshifu-Rapid-Strike, L50, M|100\/100\n|-enditem|p1a: Flutter Mane|Booster Energy\n|-activate|p1a: Flutter Mane|ability: Protosynthesis|[fromitem]\n|-start|p1a: Flutter Mane|protosynthesisspa\n|-enditem|p2a: Roaring Moon|Booster Energy\n|-activate|p2a: Roaring Moon|ability: Protosynthesis|[fromitem]\n|-start|p2a: Roaring Moon|protosynthesisspe\n|turn|1\n|\n|t:|1700223155\n|switch|p1b: Regidrago|Regidrago, L50|100\/100\n|-terastallize|p2b: Urshifu|Water\n|-terastallize|p1a: Flutter Mane|Water\n|move|p2a: Roaring Moon|Knock Off|p1a: Flutter Mane\n|-damage|p1a: Flutter Mane|39\/100\n|move|p2b: Urshifu|Surging Strikes|p1a: Flutter Mane\n|-resisted|p1a: Flutter Mane\n|-crit|p1a: Flutter Mane\n|-damage|p1a: Flutter Mane|11\/100\n|-resisted|p1a: Flutter Mane\n|-crit|p1a: Flutter Mane\n|-damage|p1a: Flutter Mane|0 fnt\n|faint|p1a: Flutter Mane\n|-end|p1a: Flutter Mane|Protosynthesis|[silent]\n|-hitcount|p1: Flutter Mane|2\n|\n|upkeep\n|\n|t:|1700223168\n|switch|p1a: Tornadus|Tornadus, L50, M|100\/100\n|turn|2\n|c|\u2606aquartertwo|Ok, so that's not safe -_-\n|c|\u2606aquartertwo|At least vs Urshifu\n|c|\u2606fairylilipad|oo faster pa si Roarring moon e\n|c|\u2606fairylilipad|kung di mas mabilis si Roaring moon sa flutter hirap\n|\n|t:|1700223251\n|move|p1a: Tornadus|Tailwind|p1a: Tornadus\n|-sidestart|p1: aquartertwo|move: Tailwind\n|move|p2a: Roaring Moon|Tailwind|p2a: Roaring Moon\n|-sidestart|p2: fairylilipad|move: Tailwind\n|move|p2b: Urshifu|Surging Strikes|p1b: Regidrago\n|-resisted|p1b: Regidrago\n|-crit|p1b: Regidrago\n|-damage|p1b: Regidrago|83\/100\n|-resisted|p1b: Regidrago\n|-crit|p1b: Regidrago\n|-damage|p1b: Regidrago|68\/100\n|-resisted|p1b: Regidrago\n|-crit|p1b: Regidrago\n|-damage|p1b: Regidrago|50\/100\n|-hitcount|p1b: Regidrago|3\n|move|p1b: Regidrago|Dragon Energy|p2a: Roaring Moon|[spread] p2a,p2b\n|-supereffective|p2a: Roaring Moon\n|-damage|p2a: Roaring Moon|18\/100\n|-damage|p2b: Urshifu|29\/100\n|\n|upkeep\n|turn|3\n|\n|t:|1700223308\n|move|p1a: Tornadus|Sunny Day|p1a: Tornadus\n|-weather|SunnyDay\n|move|p2a: Roaring Moon|Knock Off|p1b: Regidrago\n|-damage|p1b: Regidrago|0 fnt\n|-enditem|p1b: Regidrago|Dragon Fang|[from] move: Knock Off|[of] p2a: Roaring Moon\n|faint|p1b: Regidrago\n|move|p2b: Urshifu|Surging Strikes|p1a: Tornadus\n|-crit|p1a: Tornadus\n|-damage|p1a: Tornadus|77\/100\n|-crit|p1a: Tornadus\n|-damage|p1a: Tornadus|54\/100\n|-crit|p1a: Tornadus\n|-damage|p1a: Tornadus|31\/100\n|-hitcount|p1a: Tornadus|3\n|\n|-weather|SunnyDay|[upkeep]\n|upkeep\n|\n|t:|1700223320\n|switch|p1b: Heatran|Heatran, L50, F|100\/100\n|turn|4\n|c|\u2606fairylilipad|sayang kung nag protect ka siguro buhay pa si drago\n|\n|t:|1700223343\n|move|p2a: Roaring Moon|Knock Off|p1a: Tornadus\n|-damage|p1a: Tornadus|0 fnt\n|-enditem|p1a: Tornadus|Mental Herb|[from] move: Knock Off|[of] p2a: Roaring Moon\n|faint|p1a: Tornadus\n|move|p2b: Urshifu|Surging Strikes|p1b: Heatran\n|-supereffective|p1b: Heatran\n|-crit|p1b: Heatran\n|-damage|p1b: Heatran|72\/100\n|-supereffective|p1b: Heatran\n|-crit|p1b: Heatran\n|-damage|p1b: Heatran|46\/100\n|-supereffective|p1b: Heatran\n|-crit|p1b: Heatran\n|-damage|p1b: Heatran|20\/100\n|-hitcount|p1b: Heatran|3\n|move|p1b: Heatran|Heat Wave|p2a: Roaring Moon|[spread] p2a,p2b\n|-resisted|p2a: Roaring Moon\n|-resisted|p2b: Urshifu\n|-damage|p2a: Roaring Moon|0 fnt\n|-damage|p2b: Urshifu|0 fnt\n|faint|p2a: Roaring Moon\n|-end|p2a: Roaring Moon|Protosynthesis|[silent]\n|faint|p2b: Urshifu\n|-damage|p1b: Heatran|11\/100|[from] item: Life Orb\n|\n|-weather|SunnyDay|[upkeep]\n|upkeep\n|c|\u2606aquartertwo|Yup\n|\n|t:|1700223367\n|switch|p2a: Rillaboom|Rillaboom, L50, M|100\/100\n|switch|p2b: Flutter Mane|Flutter Mane, L50|100\/100\n|-activate|p2b: Flutter Mane|ability: Protosynthesis\n|-start|p2b: Flutter Mane|protosynthesisspe\n|-fieldstart|move: Grassy Terrain|[from] ability: Grassy Surge|[of] p2a: Rillaboom\n|turn|5\n|-message|aquartertwo forfeited.\n|\n|win|fairylilipad\n|l|\u2606aquartertwo\n|j|\u2606aquartertwo\n|player|p1|aquartertwo|clerk\n","uploadtime":1700223429,"views":13,"p1id":"aquartertwo","p2id":"fairylilipad","formatid":"gen9vgc2023regulatione","rating":0,"private":0,"password":""}