{"id":"gen9vgc2023regulatione-1992185282","p1":"Yawnchamp","p2":"iljone","format":"[Gen 9] VGC 2023 Regulation E","log":"|j|\u2606Yawnchamp\n|j|\u2606iljone\n|n|\u2606Yawnchamp|yawnchamp\n|n|\u2606iljone|iljone\n|html|View the match progress at <a href=\"\/game-bestof3-gen9vgc2023regulatione-1992185281\">game-bestof3-gen9vgc2023regulatione-1992185281<\/a>\n|t:|1700162055\n|gametype|doubles\n|player|p1|Yawnchamp|clair|\n|player|p2|iljone|acetrainer-gen4dp|\n|teamsize|p1|6\n|teamsize|p2|6\n|gen|9\n|tier|[Gen 9] VGC 2023 Regulation E\n|rule|Species Clause: Limit one of each Pok\u00e9mon\n|rule|Item Clause: Limit one of each item\n|clearpoke\n|poke|p1|Fezandipiti, L50, M|\n|poke|p1|Gholdengo, L50|\n|poke|p1|Politoed, L50, F|\n|poke|p1|Ludicolo, L50, M|\n|poke|p1|Arcanine-Hisui, L50, F|\n|poke|p1|Farigiraf, L50, M|\n|poke|p2|Sinistcha-Masterpiece, L50|\n|poke|p2|Arcanine-Hisui, L50, M|\n|poke|p2|Kommo-o, L50, M|\n|poke|p2|Fezandipiti, L50, M|\n|poke|p2|Milotic, L50, M|\n|poke|p2|Kingambit, L50, F|\n|teampreview|4\niljone has agreed to open team sheets.\nYawnchamp has agreed to open team sheets.\n|showteam|p1|Fezandipiti||CovertCloak|ToxicChain|DazzlingGleam,IcyWind,Protect,Tailwind|||M|||50|,,,,,Flying]Gholdengo||ChoiceSpecs|GoodasGold|Hex,ShadowBall,MakeItRain,Trick||||||50|,,,,,Steel]Politoed||SitrusBerry|Drizzle|HelpingHand,ChillingWater,IcyWind,MuddyWater|||F|||50|,,,,,Grass]Ludicolo||AssaultVest|SwiftSwim|HydroPump,GigaDrain,IceBeam,FakeOut|||M|||50|,,,,,Steel]Arcanine-Hisui||ChoiceScarf|Intimidate|FlareBlitz,RockSlide,ExtremeSpeed,TeraBlast|||F|||50|,,,,,Grass]Farigiraf||AguavBerry|ArmorTail|TrickRoom,Protect,DazzlingGleam,Psychic|||M|||50|,,,,,Fairy\n|showteam|p2|Sinistcha-Masterpiece||BigRoot|Hospitality|MatchaGotcha,RagePowder,Protect,StrengthSap||||||50|,,,,,Water]Arcanine-Hisui||SafetyGoggles|Intimidate|RockSlide,ExtremeSpeed,FlareBlitz,Protect|||M|||50|,,,,,Water]Kommo-o||ThroatSpray|Overcoat|ClangorousSoul,Protect,ClangingScales,FlashCannon|||M|||50|,,,,,Steel]Fezandipiti||CovertCloak|ToxicChain|IcyWind,DazzlingGleam,Taunt,Protect|||M|||50|,,,,,Grass]Milotic||Leftovers|Competitive|Scald,Protect,IcyWind,IceBeam|||M|||50|,,,,,Grass]Kingambit||AssaultVest|Defiant|SuckerPunch,KowtowCleave,IronHead,TeraBlast|||F|||50|,,,,,Fairy\n|inactive|Battle timer is ON: inactive players will automatically lose when time's up. (requested by Yawnchamp)\n|c|\u2606Yawnchamp|glhf\n|j| Llama_Llord\n|c|\u2606iljone|glhf\n|inactive|iljone has 60 seconds left.\n|\n|t:|1700162108\n|start\n|switch|p1a: Gholdengo|Gholdengo, L50|100\/100\n|switch|p1b: Arcanine|Arcanine-Hisui, L50, F|100\/100\n|switch|p2a: Kingambit|Kingambit, L50, F|100\/100\n|switch|p2b: Milotic|Milotic, L50, M|100\/100\n|-ability|p1b: Arcanine|Intimidate|boost\n|-unboost|p2a: Kingambit|atk|1\n|-ability|p2a: Kingambit|Defiant|boost\n|-boost|p2a: Kingambit|atk|2\n|-unboost|p2b: Milotic|atk|1\n|-ability|p2b: Milotic|Competitive|boost\n|-boost|p2b: Milotic|spa|2\n|turn|1\n|inactive|Yawnchamp has 30 seconds left.\n|inactive|iljone has 30 seconds left.\n|inactive|Yawnchamp has 20 seconds left.\n|inactive|iljone has 20 seconds left.\n|inactive|Yawnchamp has 15 seconds left.\n|inactive|iljone has 15 seconds left.\n|inactive|Yawnchamp has 10 seconds left.\n|inactive|iljone has 10 seconds left.\n|\n|t:|1700162158\n|switch|p1a: Ludicolo|Ludicolo, L50, M|100\/100\n|-terastallize|p1b: Arcanine|Grass\n|move|p1b: Arcanine|Tera Blast|p2b: Milotic|[anim] Tera Blast Grass\n|-supereffective|p2b: Milotic\n|-damage|p2b: Milotic|14\/100\n|move|p2b: Milotic|Scald|p1b: Arcanine\n|-resisted|p1b: Arcanine\n|-damage|p1b: Arcanine|59\/100\n|move|p2a: Kingambit|Kowtow Cleave|p1a: Ludicolo\n|-damage|p1a: Ludicolo|7\/100\n|\n|-heal|p2b: Milotic|20\/100|[from] item: Leftovers\n|upkeep\n|turn|2\n|inactive|Yawnchamp has 30 seconds left.\n|inactive|iljone has 30 seconds left.\n|inactive|Yawnchamp has 20 seconds left.\n|inactive|Yawnchamp has 15 seconds left.\n|\n|t:|1700162199\n|switch|p1b: Farigiraf|Farigiraf, L50, M|100\/100\n|switch|p2a: Sinistcha|Sinistcha-Masterpiece, L50|100\/100\n|-heal|p2b: Milotic|45\/100|[from] ability: Hospitality|[of] p2a: Sinistcha\n|move|p2b: Milotic|Protect|p2b: Milotic\n|-singleturn|p2b: Milotic|Protect\n|move|p1a: Ludicolo|Giga Drain|p2b: Milotic\n|-activate|p2b: Milotic|move: Protect\n|\n|-heal|p2b: Milotic|51\/100|[from] item: Leftovers\n|upkeep\n|turn|3\n|inactive|iljone has 30 seconds left.\n|inactive|iljone has 20 seconds left.\n|\n|t:|1700162238\n|move|p2a: Sinistcha|Rage Powder|p2a: Sinistcha\n|-singleturn|p2a: Sinistcha|move: Rage Powder\n|move|p2b: Milotic|Ice Beam|p1a: Ludicolo\n|-crit|p1a: Ludicolo\n|-damage|p1a: Ludicolo|0 fnt\n|faint|p1a: Ludicolo\n|move|p1b: Farigiraf|Dazzling Gleam|p2a: Sinistcha|[spread] p2a,p2b\n|-damage|p2a: Sinistcha|84\/100\n|-damage|p2b: Milotic|39\/100\n|\n|-heal|p2b: Milotic|45\/100|[from] item: Leftovers\n|upkeep\n|\n|t:|1700162252\n|switch|p1a: Gholdengo|Gholdengo, L50|100\/100\n|turn|4\n|inactive|iljone has 30 seconds left.\n|inactive|iljone has 20 seconds left.\n|\n|t:|1700162290\n|switch|p2b: Kingambit|Kingambit, L50, F|100\/100\n|move|p1a: Gholdengo|Make It Rain|p2a: Sinistcha|[spread] p2a,p2b\n|-resisted|p2b: Kingambit\n|-damage|p2a: Sinistcha|15\/100\n|-damage|p2b: Kingambit|81\/100\n|-unboost|p1a: Gholdengo|spa|1\n|move|p1b: Farigiraf|Psychic|p2b: Kingambit\n|-immune|p2b: Kingambit\n|move|p2a: Sinistcha|Strength Sap|p1b: Farigiraf\n|-unboost|p1b: Farigiraf|atk|1\n|-heal|p2a: Sinistcha|76\/100\n|\n|upkeep\n|turn|5\n|inactive|iljone has 30 seconds left.\n|inactive|iljone has 20 seconds left.\n|\n|t:|1700162329\n|move|p1a: Gholdengo|Make It Rain|p2b: Kingambit|[spread] p2a,p2b\n|-resisted|p2b: Kingambit\n|-damage|p2a: Sinistcha|29\/100\n|-damage|p2b: Kingambit|68\/100\n|-unboost|p1a: Gholdengo|spa|1\n|move|p1b: Farigiraf|Dazzling Gleam|p2b: Kingambit|[spread] p2a,p2b\n|-damage|p2a: Sinistcha|9\/100\n|-damage|p2b: Kingambit|58\/100\n|move|p2a: Sinistcha|Matcha Gotcha|p1b: Farigiraf|[spread] p1a\n|-miss|p2a: Sinistcha|p1b: Farigiraf\n|-resisted|p1a: Gholdengo\n|-damage|p1a: Gholdengo|90\/100\n|-heal|p2a: Sinistcha|17\/100|[from] drain|[of] p1a: Gholdengo\n|move|p2b: Kingambit|Kowtow Cleave|p1a: Gholdengo\n|-supereffective|p1a: Gholdengo\n|-damage|p1a: Gholdengo|0 fnt\n|faint|p1a: Gholdengo\n|\n|upkeep\n|\n|t:|1700162338\n|switch|p1a: Arcanine|Arcanine-Hisui, L50, F, tera:Grass|59\/100\n|-ability|p1a: Arcanine|Intimidate|boost\n|-unboost|p2a: Sinistcha|atk|1\n|-unboost|p2b: Kingambit|atk|1\n|-ability|p2b: Kingambit|Defiant|boost\n|-boost|p2b: Kingambit|atk|2\n|turn|6\n|inactive|iljone has 30 seconds left.\n|\n|t:|1700162366\n|switch|p2a: Milotic|Milotic, L50, M|45\/100\n|move|p2b: Kingambit|Sucker Punch||[still]\n|cant|p1b: Farigiraf|ability: Armor Tail|Sucker Punch|[of] p2b: Kingambit\n|move|p1a: Arcanine|Flare Blitz|p2b: Kingambit\n|-supereffective|p2b: Kingambit\n|-damage|p2b: Kingambit|0 fnt\n|faint|p2b: Kingambit\n|-damage|p1a: Arcanine|38\/100|[from] Recoil\n|move|p1b: Farigiraf|Psychic|p2a: Milotic\n|-damage|p2a: Milotic|22\/100\n|\n|-heal|p2a: Milotic|28\/100|[from] item: Leftovers\n|upkeep\n|c|\u2606iljone|i forgor\n|inactive|iljone has 30 seconds left.\n|\n|t:|1700162401\n|switch|p2b: Kommo-o|Kommo-o, L50, M|100\/100\n|turn|7\n|\n|t:|1700162413\n|-terastallize|p2b: Kommo-o|Steel\n|move|p1a: Arcanine|Flare Blitz|p2b: Kommo-o\n|-supereffective|p2b: Kommo-o\n|-damage|p2b: Kommo-o|0 fnt\n|faint|p2b: Kommo-o\n|-damage|p1a: Arcanine|11\/100|[from] Recoil\n|move|p2a: Milotic|Scald|p1b: Farigiraf\n|-damage|p1b: Farigiraf|68\/100\n|-status|p1b: Farigiraf|brn\n|move|p1b: Farigiraf|Dazzling Gleam|p2a: Milotic\n|-damage|p2a: Milotic|12\/100\n|\n|-heal|p2a: Milotic|18\/100|[from] item: Leftovers\n|-damage|p1b: Farigiraf|62\/100 brn|[from] brn\n|upkeep\n|\n|t:|1700162427\n|switch|p2b: Sinistcha|Sinistcha-Masterpiece, L50|17\/100\n|-heal|p2a: Milotic|43\/100|[from] ability: Hospitality|[of] p2b: Sinistcha\n|turn|8\n|inactive|iljone has 30 seconds left.\n|inactive|iljone has 20 seconds left.\n|inactive|iljone has 15 seconds left.\n|\n|t:|1700162469\n|move|p2a: Milotic|Protect|p2a: Milotic\n|-singleturn|p2a: Milotic|Protect\n|move|p1a: Arcanine|Flare Blitz|p2a: Milotic\n|-activate|p2a: Milotic|move: Protect\n|move|p1b: Farigiraf|Psychic|p2a: Milotic\n|-activate|p2a: Milotic|move: Protect\n|move|p2b: Sinistcha|Strength Sap|p1a: Arcanine\n|-unboost|p1a: Arcanine|atk|1\n|-heal|p2b: Sinistcha|100\/100\n|\n|-heal|p2a: Milotic|49\/100|[from] item: Leftovers\n|-damage|p1b: Farigiraf|56\/100 brn|[from] brn\n|upkeep\n|turn|9\n|\n|t:|1700162488\n|move|p1a: Arcanine|Flare Blitz|p2b: Sinistcha\n|-supereffective|p2b: Sinistcha\n|-damage|p2b: Sinistcha|42\/100\n|-damage|p1a: Arcanine|0 fnt|[from] Recoil\n|faint|p1a: Arcanine\n|move|p2a: Milotic|Icy Wind|p1b: Farigiraf\n|-damage|p1b: Farigiraf|41\/100 brn\n|-unboost|p1b: Farigiraf|spe|1\n|move|p2b: Sinistcha|Matcha Gotcha|p1b: Farigiraf\n|-damage|p1b: Farigiraf|15\/100 brn\n|-heal|p2b: Sinistcha|65\/100|[from] drain|[of] p1b: Farigiraf\n|-enditem|p1b: Farigiraf|Aguav Berry|[eat]\n|-heal|p1b: Farigiraf|48\/100 brn|[from] item: Aguav Berry\n|move|p1b: Farigiraf|Dazzling Gleam|p2b: Sinistcha|[spread] p2a,p2b\n|-damage|p2a: Milotic|38\/100\n|-damage|p2b: Sinistcha|46\/100\n|\n|-heal|p2a: Milotic|44\/100|[from] item: Leftovers\n|-damage|p1b: Farigiraf|41\/100 brn|[from] brn\n|upkeep\n|turn|10\n|\n|t:|1700162511\n|move|p2a: Milotic|Scald|p1b: Farigiraf\n|-damage|p1b: Farigiraf|10\/100 brn\n|move|p2b: Sinistcha|Matcha Gotcha|p1b: Farigiraf\n|-damage|p1b: Farigiraf|0 fnt\n|-heal|p2b: Sinistcha|54\/100|[from] drain|[of] p1b: Farigiraf\n|faint|p1b: Farigiraf\n|\n|win|iljone\n|c|\u2606iljone|gg\n|c|\u2606Yawnchamp|gg\n","uploadtime":1700162522,"views":36,"p1id":"yawnchamp","p2id":"iljone","formatid":"gen9vgc2023regulatione","rating":0,"private":0,"password":""}