{"id":"gen9vgc2023regulatione-1997699403","p1":"Jalenrussell","p2":"Jack00VGC","format":"[Gen 9] VGC 2023 Regulation E","log":"|j|\u2606Jalenrussell\n|j|\u2606Jack00VGC\n|t:|1700843167\n|gametype|doubles\n|player|p1|Jalenrussell|guitarist|1049\n|player|p2|Jack00VGC|alder|1076\n|teamsize|p1|6\n|teamsize|p2|6\n|gen|9\n|tier|[Gen 9] VGC 2023 Regulation E\n|rated|\n|rule|Species Clause: Limit one of each Pok\u00e9mon\n|rule|Item Clause: Limit one of each item\n|clearpoke\n|poke|p1|Chi-Yu, L50|\n|poke|p1|Iron Hands, L50|\n|poke|p1|Landorus-Therian, L50, M|\n|poke|p1|Gyarados, L50, F|\n|poke|p1|Indeedee-F, L50, F|\n|poke|p1|Clefairy, L50, F|\n|poke|p2|Dondozo, L50, F|\n|poke|p2|Heatran, L50, M|\n|poke|p2|Urshifu-*, L50, F|\n|poke|p2|Salamence, L50, F|\n|poke|p2|Flutter Mane, L50|\n|poke|p2|Rillaboom, L50, M|\n|teampreview|4\n|inactive|Battle timer is ON: inactive players will automatically lose when time's up. (requested by Jack00VGC)\nJack00VGC rejected open team sheets.\n|inactive|Jack00VGC has 60 seconds left.\n|inactive|Jack00VGC has 30 seconds left.\n|\n|t:|1700843232\n|start\n|switch|p1a: Chi-Yu|Chi-Yu, L50|100\/100\n|switch|p1b: Indeedee|Indeedee-F, L50, F|100\/100\n|switch|p2a: Heatran|Heatran, L50, M|100\/100\n|switch|p2b: Flutter Mane|Flutter Mane, L50|100\/100\n|-ability|p1a: Chi-Yu|Beads of Ruin\n|-fieldstart|move: Psychic Terrain|[from] ability: Psychic Surge|[of] p1b: Indeedee\n|turn|1\n|inactive|Jack00VGC has 30 seconds left.\n|inactive|Jack00VGC has 20 seconds left.\n|\n|t:|1700843271\n|move|p1b: Indeedee|Follow Me|p1b: Indeedee\n|-singleturn|p1b: Indeedee|move: Follow Me\n|move|p1a: Chi-Yu|Snarl|p2a: Heatran|[spread] p2a,p2b\n|-damage|p2a: Heatran|72\/100\n|-damage|p2b: Flutter Mane|67\/100\n|-unboost|p2a: Heatran|spa|1\n|-unboost|p2b: Flutter Mane|spa|1\n|move|p2b: Flutter Mane|Dazzling Gleam|p1b: Indeedee|[spread] p1a,p1b\n|-damage|p1a: Chi-Yu|65\/100\n|-damage|p1b: Indeedee|58\/100\n|move|p2a: Heatran|Earth Power|p1b: Indeedee\n|-damage|p1b: Indeedee|28\/100\n|\n|upkeep\n|turn|2\n|inactive|Jack00VGC has 30 seconds left.\n|inactive|Jack00VGC has 20 seconds left.\n|\n|t:|1700843307\n|move|p1a: Chi-Yu|Snarl|p2b: Flutter Mane|[spread] p2a,p2b\n|-damage|p2a: Heatran|45\/100\n|-damage|p2b: Flutter Mane|39\/100\n|-unboost|p2a: Heatran|spa|1\n|-unboost|p2b: Flutter Mane|spa|1\n|-enditem|p2a: Heatran|Sitrus Berry|[eat]\n|-heal|p2a: Heatran|70\/100|[from] item: Sitrus Berry\n|move|p2b: Flutter Mane|Dazzling Gleam|p1a: Chi-Yu|[spread] p1a,p1b\n|-damage|p1a: Chi-Yu|37\/100\n|-damage|p1b: Indeedee|0 fnt\n|faint|p1b: Indeedee\n|move|p2a: Heatran|Earth Power|p1a: Chi-Yu\n|-supereffective|p1a: Chi-Yu\n|-damage|p1a: Chi-Yu|0 fnt\n|faint|p1a: Chi-Yu\n|\n|upkeep\n|\n|t:|1700843311\n|switch|p1a: Landorus|Landorus-Therian, L50, M|100\/100\n|switch|p1b: Gyarados|Gyarados, L50, F|100\/100\n|-ability|p1a: Landorus|Intimidate|boost\n|-unboost|p2a: Heatran|atk|1\n|-unboost|p2b: Flutter Mane|atk|1\n|-ability|p1b: Gyarados|Intimidate|boost\n|-unboost|p2a: Heatran|atk|1\n|-unboost|p2b: Flutter Mane|atk|1\n|turn|3\n|inactive|Jack00VGC has 30 seconds left.\n|inactive|Jack00VGC has 20 seconds left.\n|inactive|Jack00VGC has 15 seconds left.\n|inactive|Jack00VGC has 10 seconds left.\n|\n|t:|1700843360\n|switch|p2a: Dondozo|Dondozo, L50, F|100\/100\n|move|p2b: Flutter Mane|Dazzling Gleam|p1a: Landorus|[spread] p1a,p1b\n|-damage|p1a: Landorus|63\/100\n|-damage|p1b: Gyarados|74\/100\n|move|p1a: Landorus|Stomping Tantrum|p2b: Flutter Mane\n|-damage|p2b: Flutter Mane|0 fnt\n|faint|p2b: Flutter Mane\n|-end|p2b: Flutter Mane|Protosynthesis|[silent]\n|move|p1b: Gyarados|Dragon Dance|p1b: Gyarados\n|-boost|p1b: Gyarados|atk|1\n|-boost|p1b: Gyarados|spe|1\n|\n|upkeep\n|\n|t:|1700843376\n|switch|p2b: Heatran|Heatran, L50, M|70\/100\n|turn|4\n|\n|t:|1700843398\n|-terastallize|p2b: Heatran|Grass\n|move|p1b: Gyarados|Iron Head|p2a: Dondozo\n|-resisted|p2a: Dondozo\n|-damage|p2a: Dondozo|89\/100\n|move|p1a: Landorus|Stomping Tantrum|p2a: Dondozo\n|-damage|p2a: Dondozo|69\/100\n|move|p2b: Heatran|Flash Cannon|p1a: Landorus\n|-damage|p1a: Landorus|1\/100\n|-enditem|p1a: Landorus|Iapapa Berry|[eat]\n|-heal|p1a: Landorus|34\/100|[from] item: Iapapa Berry\n|cant|p2a: Dondozo|flinch\n|\n|-heal|p2a: Dondozo|75\/100|[from] item: Leftovers\n|upkeep\n|turn|5\n|inactive|Jalenrussell has 30 seconds left.\n|inactive|Jack00VGC has 30 seconds left.\n|\n|t:|1700843436\n|-terastallize|p1a: Landorus|Flying\n|move|p1b: Gyarados|Iron Head|p2b: Heatran\n|-damage|p2b: Heatran|26\/100\n|move|p1a: Landorus|Tera Blast|p2b: Heatran|[anim] Tera Blast Flying\n|-supereffective|p2b: Heatran\n|-damage|p2b: Heatran|0 fnt\n|faint|p2b: Heatran\n|move|p2a: Dondozo|Yawn|p1b: Gyarados\n|-start|p1b: Gyarados|move: Yawn|[of] p2a: Dondozo\n|\n|-heal|p2a: Dondozo|81\/100|[from] item: Leftovers\n|-fieldend|move: Psychic Terrain\n|upkeep\n|\n|t:|1700843447\n|switch|p2b: Urshifu|Urshifu, L50, F|100\/100\n|turn|6\n|\n|t:|1700843466\n|move|p2b: Urshifu|Sucker Punch|p1b: Gyarados\n|-damage|p1b: Gyarados|28\/100\n|-damage|p2b: Urshifu|84\/100|[from] item: Rocky Helmet|[of] p1b: Gyarados\n|move|p1b: Gyarados|Iron Head|p2b: Urshifu\n|-damage|p2b: Urshifu|37\/100\n|move|p1a: Landorus|Tera Blast|p2b: Urshifu|[anim] Tera Blast Flying\n|-supereffective|p2b: Urshifu\n|-damage|p2b: Urshifu|0 fnt\n|faint|p2b: Urshifu\n|move|p2a: Dondozo|Heavy Slam|p1a: Landorus\n|-damage|p1a: Landorus|8\/100\n|\n|-heal|p2a: Dondozo|87\/100|[from] item: Leftovers\n|-end|p1b: Gyarados|move: Yawn|[silent]\n|-status|p1b: Gyarados|slp\n|upkeep\n|turn|7\n|inactive|Jack00VGC has 30 seconds left.\n|inactive|Jack00VGC has 20 seconds left.\n|inactive|Jack00VGC has 15 seconds left.\n|\n|t:|1700843509\n|move|p1a: Landorus|Protect|p1a: Landorus\n|-singleturn|p1a: Landorus|Protect\n|cant|p1b: Gyarados|slp\n|move|p2a: Dondozo|Wave Crash|p1a: Landorus\n|-activate|p1a: Landorus|move: Protect\n|\n|-heal|p2a: Dondozo|93\/100|[from] item: Leftovers\n|upkeep\n|turn|8\n|\n|t:|1700843519\n|cant|p1b: Gyarados|slp\n|move|p1a: Landorus|Tera Blast|p2a: Dondozo|[anim] Tera Blast Flying\n|-damage|p2a: Dondozo|59\/100\n|move|p2a: Dondozo|Wave Crash|p1b: Gyarados\n|-resisted|p1b: Gyarados\n|-damage|p1b: Gyarados|0 fnt\n|-damage|p2a: Dondozo|42\/100|[from] item: Rocky Helmet|[of] p1b: Gyarados\n|faint|p1b: Gyarados\n|-damage|p2a: Dondozo|36\/100|[from] Recoil\n|\n|-heal|p2a: Dondozo|42\/100|[from] item: Leftovers\n|upkeep\n|turn|9\n|\n|t:|1700843537\n|move|p1a: Landorus|Tera Blast|p2a: Dondozo|[anim] Tera Blast Flying\n|-damage|p2a: Dondozo|10\/100\n|move|p2a: Dondozo|Heavy Slam|p1a: Landorus\n|-damage|p1a: Landorus|0 fnt\n|faint|p1a: Landorus\n|\n|win|Jack00VGC\n|raw|Jalenrussell's rating: 1049 &rarr; <strong>1033<\/strong><br \/>(-16 for losing)\n|raw|Jack00VGC's rating: 1076 &rarr; <strong>1102<\/strong><br \/>(+26 for winning)\n|l|\u2606Jalenrussell\n","uploadtime":1700843551,"views":3,"p1id":"jalenrussell","p2id":"jack00vgc","formatid":"gen9vgc2023regulatione","rating":1033,"private":0,"password":""}