{"id":"gen9vgc2023regulatione-1991658743","p1":"5Sscreen","p2":"NotAGuestNoMore1","format":"[Gen 9] VGC 2023 Regulation E","log":"|j|\u26065Sscreen\n|j|\u2606NotAGuestNoMore1\n|t:|1700099415\n|gametype|doubles\n|player|p1|5Sscreen|pokekid|1130\n|player|p2|NotAGuestNoMore1|102|1206\n|teamsize|p1|6\n|teamsize|p2|6\n|gen|9\n|tier|[Gen 9] VGC 2023 Regulation E\n|rated|\n|rule|Species Clause: Limit one of each Pok\u00e9mon\n|rule|Item Clause: Limit one of each item\n|clearpoke\n|poke|p1|Annihilape, L50, F|\n|poke|p1|Sinistcha, L50|\n|poke|p1|Grimmsnarl, L50, M|\n|poke|p1|Landorus-Therian, L50, M|\n|poke|p1|Bellibolt, L50, M|\n|poke|p1|Corviknight, L50, M|\n|poke|p2|Iron Hands, L50|\n|poke|p2|Iron Bundle, L50|\n|poke|p2|Urshifu-*, L50, M|\n|poke|p2|Tornadus, L50, M|\n|poke|p2|Baxcalibur, L50, F|\n|poke|p2|Glimmora, L50, M|\n|teampreview|4\n|inactive|Battle timer is ON: inactive players will automatically lose when time's up. (requested by NotAGuestNoMore1)\n|\n|t:|1700099439\n|start\n|switch|p1a: Grimmsnarl|Grimmsnarl, L50, M, shiny|100\/100\n|switch|p1b: Landorus|Landorus-Therian, L50, M|100\/100\n|switch|p2a: Tornadus|Tornadus, L50, M|100\/100\n|switch|p2b: Glimmora|Glimmora, L50, M|100\/100\n|-ability|p1b: Landorus|Intimidate|boost\n|-unboost|p2a: Tornadus|atk|1\n|-unboost|p2b: Glimmora|atk|1\n|turn|1\n|\n|t:|1700099461\n|move|p2b: Glimmora|Spiky Shield|p2b: Glimmora\n|-singleturn|p2b: Glimmora|move: Protect\n|move|p2a: Tornadus|Tailwind|p2a: Tornadus\n|-sidestart|p2: NotAGuestNoMore1|move: Tailwind\n|move|p1a: Grimmsnarl|Light Screen|p1a: Grimmsnarl\n|-sidestart|p1: 5Sscreen|move: Light Screen\n|move|p1b: Landorus|U-turn|p2a: Tornadus\n|-resisted|p2a: Tornadus\n|-damage|p2a: Tornadus|83\/100\n|\n|t:|1700099468\n|switch|p1b: Bellibolt|Bellibolt, L50, M, shiny|100\/100|[from] U-turn\n|\n|-heal|p2a: Tornadus|89\/100|[from] item: Leftovers\n|upkeep\n|turn|2\n|\n|t:|1700099480\n|move|p2a: Tornadus|Taunt|p1b: Bellibolt\n|-start|p1b: Bellibolt|move: Taunt\n|move|p2b: Glimmora|Toxic|p1a: Grimmsnarl\n|-status|p1a: Grimmsnarl|tox\n|move|p1a: Grimmsnarl|Spirit Break|p2a: Tornadus\n|-damage|p2a: Tornadus|52\/100\n|-unboost|p2a: Tornadus|spa|1\n|move|p1b: Bellibolt|Thunderbolt|p2b: Glimmora\n|-damage|p2b: Glimmora|66\/100\n|\n|-heal|p2a: Tornadus|57\/100|[from] item: Leftovers\n|-heal|p2b: Glimmora|72\/100|[from] item: Black Sludge\n|-damage|p1a: Grimmsnarl|95\/100 tox|[from] psn\n|upkeep\n|turn|3\n|\n|t:|1700099504\n|move|p1a: Grimmsnarl|Parting Shot|p2b: Glimmora\n|-unboost|p2b: Glimmora|atk|1\n|-unboost|p2b: Glimmora|spa|1\n|\n|t:|1700099510\n|switch|p1a: Landorus|Landorus-Therian, L50, M|100\/100|[from] Parting Shot\n|-ability|p1a: Landorus|Intimidate|boost\n|-unboost|p2a: Tornadus|atk|1\n|-unboost|p2b: Glimmora|atk|1\n|move|p2a: Tornadus|Bleakwind Storm|p1a: Landorus|[spread] p1a\n|-miss|p2a: Tornadus|p1b: Bellibolt\n|-damage|p1a: Landorus|79\/100\n|-unboost|p1a: Landorus|spe|1\n|move|p2b: Glimmora|Toxic|p1b: Bellibolt\n|-status|p1b: Bellibolt|tox\n|move|p1b: Bellibolt|Parabolic Charge|p2b: Glimmora|[spread] p2a,p2b\n|-immune|p1a: Landorus\n|-supereffective|p2a: Tornadus\n|-damage|p2a: Tornadus|16\/100\n|-damage|p2b: Glimmora|54\/100\n|\n|-heal|p2a: Tornadus|21\/100|[from] item: Leftovers\n|-heal|p2b: Glimmora|60\/100|[from] item: Black Sludge\n|-damage|p1b: Bellibolt|94\/100 tox|[from] psn\n|upkeep\n|turn|4\n|inactive|5Sscreen has 30 seconds left.\n|inactive|5Sscreen has 20 seconds left.\n|inactive|NotAGuestNoMore1 has 30 seconds left.\n|\n|t:|1700099549\n|move|p2a: Tornadus|Bleakwind Storm|p1b: Bellibolt|[spread] p1a,p1b\n|-resisted|p1b: Bellibolt\n|-damage|p1a: Landorus|58\/100\n|-damage|p1b: Bellibolt|88\/100 tox\n|-unboost|p1b: Bellibolt|spe|1\n|-start|p1b: Bellibolt|Charge|Bleakwind Storm|[from] ability: Electromorphosis\n|move|p2b: Glimmora|Power Gem|p1a: Landorus\n|-damage|p1a: Landorus|39\/100\n|move|p1a: Landorus|U-turn|p2a: Tornadus\n|-resisted|p2a: Tornadus\n|-crit|p2a: Tornadus\n|-damage|p2a: Tornadus|0 fnt\n|faint|p2a: Tornadus\n|\n|t:|1700099562\n|switch|p1a: Grimmsnarl|Grimmsnarl, L50, M, shiny|95\/100 tox|[from] U-turn\n|move|p1b: Bellibolt|Parabolic Charge|p2b: Glimmora|[spread] p1a,p2b\n|-crit|p2b: Glimmora\n|-damage|p1a: Grimmsnarl|73\/100 tox\n|-heal|p1b: Bellibolt|99\/100 tox|[from] drain|[of] p1a: Grimmsnarl\n|-damage|p2b: Glimmora|11\/100\n|-heal|p1b: Bellibolt|100\/100 tox|[from] drain|[of] p2b: Glimmora\n|-end|p1b: Bellibolt|Charge|[silent]\n|\n|-heal|p2b: Glimmora|17\/100|[from] item: Black Sludge\n|-damage|p1a: Grimmsnarl|67\/100 tox|[from] psn\n|-damage|p1b: Bellibolt|88\/100 tox|[from] psn\n|-end|p1b: Bellibolt|move: Taunt\n|-sideend|p2: NotAGuestNoMore1|move: Tailwind\n|upkeep\n|\n|t:|1700099564\n|switch|p2a: Iron Hands|Iron Hands, L50|100\/100\n|turn|5\n|\n|t:|1700099587\n|switch|p1a: Landorus|Landorus-Therian, L50, M|39\/100\n|-ability|p1a: Landorus|Intimidate|boost\n|-unboost|p2a: Iron Hands|atk|1\n|-unboost|p2b: Glimmora|atk|1\n|move|p2b: Glimmora|Power Gem|p1b: Bellibolt\n|-damage|p1b: Bellibolt|78\/100 tox\n|-start|p1b: Bellibolt|Charge|Power Gem|[from] ability: Electromorphosis\n|move|p2a: Iron Hands|Heavy Slam|p1a: Landorus\n|-damage|p1a: Landorus|4\/100\n|move|p1b: Bellibolt|Thunderbolt|p2b: Glimmora\n|-damage|p2b: Glimmora|0 fnt\n|faint|p2b: Glimmora\n|-end|p1b: Bellibolt|Charge|[silent]\n|\n|-damage|p1b: Bellibolt|60\/100 tox|[from] psn\n|upkeep\n|\n|t:|1700099598\n|switch|p2b: Urshifu|Urshifu-Rapid-Strike, L50, M|100\/100\n|turn|6\n|inactive|5Sscreen has 30 seconds left.\n|\n|t:|1700099626\n|switch|p1a: Sinistcha|Sinistcha, L50|100\/100\n|-heal|p1b: Bellibolt|85\/100 tox|[from] ability: Hospitality|[of] p1a: Sinistcha\n|-terastallize|p2a: Iron Hands|Fighting\n|move|p2b: Urshifu|Surging Strikes|p1a: Sinistcha\n|-resisted|p1a: Sinistcha\n|-crit|p1a: Sinistcha\n|-damage|p1a: Sinistcha|92\/100\n|-resisted|p1a: Sinistcha\n|-crit|p1a: Sinistcha\n|-damage|p1a: Sinistcha|84\/100\n|-resisted|p1a: Sinistcha\n|-crit|p1a: Sinistcha\n|-damage|p1a: Sinistcha|74\/100\n|-hitcount|p1a: Sinistcha|3\n|move|p2a: Iron Hands|Drain Punch|p1b: Bellibolt\n|-crit|p1b: Bellibolt\n|-damage|p1b: Bellibolt|16\/100 tox\n|-start|p1b: Bellibolt|Charge|Drain Punch|[from] ability: Electromorphosis\n|move|p1b: Bellibolt|Parabolic Charge|p2a: Iron Hands|[spread] p1a,p2a,p2b\n|-resisted|p1a: Sinistcha\n|-supereffective|p2b: Urshifu\n|-damage|p1a: Sinistcha|60\/100\n|-heal|p1b: Bellibolt|22\/100 tox|[from] drain|[of] p1a: Sinistcha\n|-damage|p2a: Iron Hands|76\/100\n|-heal|p1b: Bellibolt|37\/100 tox|[from] drain|[of] p2a: Iron Hands\n|-damage|p2b: Urshifu|0 fnt\n|-heal|p1b: Bellibolt|78\/100 tox|[from] drain|[of] p2b: Urshifu\n|faint|p2b: Urshifu\n|-end|p1b: Bellibolt|Charge|[silent]\n|\n|-damage|p1b: Bellibolt|54\/100 tox|[from] psn\n|upkeep\n|turn|7\n|inactive|5Sscreen has 30 seconds left.\n|inactive|NotAGuestNoMore1 has 30 seconds left.\n|\n|t:|1700099658\n|switch|p1b: Landorus|Landorus-Therian, L50, M|4\/100\n|-ability|p1b: Landorus|Intimidate|boost\n|-unboost|p2a: Iron Hands|atk|1\n|move|p1a: Sinistcha|Matcha Gotcha|p2a: Iron Hands\n|-damage|p2a: Iron Hands|57\/100\n|-heal|p1a: Sinistcha|74\/100|[from] drain|[of] p2a: Iron Hands\n|move|p2a: Iron Hands|Drain Punch|p1b: Landorus\n|-resisted|p1b: Landorus\n|-damage|p1b: Landorus|0 fnt\n|-heal|p2a: Iron Hands|58\/100|[from] drain|[of] p1b: Landorus\n|faint|p1b: Landorus\n|\n|upkeep\n|-message|NotAGuestNoMore1 forfeited.\n|\n|win|5Sscreen\n|raw|5Sscreen's rating: 1130 &rarr; <strong>1160<\/strong><br \/>(+30 for winning)\n|raw|NotAGuestNoMore1's rating: 1206 &rarr; <strong>1176<\/strong><br \/>(-30 for losing)\n|l|\u2606NotAGuestNoMore1\n","uploadtime":1700099674,"views":26,"p1id":"5sscreen","p2id":"notaguestnomore1","formatid":"gen9vgc2023regulatione","rating":1160,"private":0,"password":""}