{"id":"gen9vgc2023regulatione-1997973554","p1":"Isaacmax2","p2":"lilbookcase","format":"[Gen 9] VGC 2023 Regulation E","log":"|j|\u2606Isaacmax2\n|j|\u2606lilbookcase\n|t:|1700874029\n|gametype|doubles\n|player|p1|Isaacmax2|102|1301\n|player|p2|lilbookcase|doctor|1323\n|teamsize|p1|6\n|teamsize|p2|6\n|gen|9\n|tier|[Gen 9] VGC 2023 Regulation E\n|rated|\n|rule|Species Clause: Limit one of each Pok\u00e9mon\n|rule|Item Clause: Limit one of each item\n|clearpoke\n|poke|p1|Amoonguss, L50, F|\n|poke|p1|Chien-Pao, L50|\n|poke|p1|Arcanine-Hisui, L50, M|\n|poke|p1|Gholdengo, L50|\n|poke|p1|Iron Hands, L50|\n|poke|p1|Urshifu-*, L50, M|\n|poke|p2|Iron Hands, L50|\n|poke|p2|Iron Bundle, L50|\n|poke|p2|Garchomp, L50, M|\n|poke|p2|Farigiraf, L50, F|\n|poke|p2|Kingambit, L50, F|\n|poke|p2|Tornadus, L50, M|\n|teampreview|4\n|\n|t:|1700874055\n|start\n|switch|p1a: Arcanine|Arcanine-Hisui, L50, M|100\/100\n|switch|p1b: Urshifu|Urshifu-Rapid-Strike, L50, M|100\/100\n|switch|p2a: Garchomp|Garchomp, L50, M|100\/100\n|switch|p2b: Tornadus|Tornadus, L50, M|100\/100\n|-ability|p1a: Arcanine|Intimidate|boost\n|-unboost|p2a: Garchomp|atk|1\n|-unboost|p2b: Tornadus|atk|1\n|turn|1\n|\n|t:|1700874073\n|-terastallize|p1a: Arcanine|Fairy\n|move|p1b: Urshifu|Detect|p1b: Urshifu\n|-singleturn|p1b: Urshifu|Protect\n|move|p2b: Tornadus|Tailwind|p2b: Tornadus\n|-sidestart|p2: lilbookcase|move: Tailwind\n|move|p2a: Garchomp|Earthquake|p1b: Urshifu|[spread] p1a\n|-activate|p1b: Urshifu|move: Protect\n|-immune|p2b: Tornadus\n|-damage|p1a: Arcanine|61\/100\n|move|p1a: Arcanine|Tera Blast|p2a: Garchomp|[anim] Tera Blast Fairy\n|-supereffective|p2a: Garchomp\n|-damage|p2a: Garchomp|0 fnt\n|faint|p2a: Garchomp\n|\n|upkeep\n|\n|t:|1700874092\n|switch|p2a: Iron Bundle|Iron Bundle, L50|100\/100\n|turn|2\n|\n|t:|1700874132\n|switch|p1b: Gholdengo|Gholdengo, L50|100\/100\n|move|p2a: Iron Bundle|Flip Turn|p1a: Arcanine\n|-damage|p1a: Arcanine|42\/100\n|\n|t:|1700874138\n|-end|p2a: Iron Bundle|Quark Drive|[silent]\n|switch|p2a: Iron Hands|Iron Hands, L50|100\/100|[from] Flip Turn\n|move|p2b: Tornadus|Bleakwind Storm|p1a: Arcanine|[spread] p1b\n|-miss|p2b: Tornadus|p1a: Arcanine\n|-resisted|p1b: Gholdengo\n|-damage|p1b: Gholdengo|74\/100\n|move|p1a: Arcanine|Tera Blast|p2a: Iron Hands|[anim] Tera Blast Fairy\n|-supereffective|p2a: Iron Hands\n|-crit|p2a: Iron Hands\n|-damage|p2a: Iron Hands|0 fnt\n|faint|p2a: Iron Hands\n|-end|p2a: Iron Hands|Quark Drive|[silent]\n|\n|-heal|p1b: Gholdengo|80\/100|[from] item: Leftovers\n|upkeep\n|c|\u2606lilbookcase|:^)\n|\n|t:|1700874151\n|switch|p2a: Iron Bundle|Iron Bundle, L50|100\/100\n|turn|3\n|\n|t:|1700874178\n|-terastallize|p2a: Iron Bundle|Fire\n|move|p2a: Iron Bundle|Freeze-Dry|p1b: Gholdengo\n|-resisted|p1b: Gholdengo\n|-damage|p1b: Gholdengo|63\/100\n|move|p2b: Tornadus|Bleakwind Storm|p1a: Arcanine|[spread] p1b\n|-miss|p2b: Tornadus|p1a: Arcanine\n|-resisted|p1b: Gholdengo\n|-damage|p1b: Gholdengo|40\/100\n|move|p1a: Arcanine|Tera Blast|p2a: Iron Bundle|[anim] Tera Blast Fairy\n|-resisted|p2a: Iron Bundle\n|-damage|p2a: Iron Bundle|71\/100\n|move|p1b: Gholdengo|Nasty Plot|p1b: Gholdengo\n|-boost|p1b: Gholdengo|spa|2\n|\n|-heal|p1b: Gholdengo|46\/100|[from] item: Leftovers\n|upkeep\n|turn|4\n|\n|t:|1700874200\n|switch|p1a: Amoonguss|Amoonguss, L50, F|100\/100\n|move|p1b: Gholdengo|Protect|p1b: Gholdengo\n|-singleturn|p1b: Gholdengo|Protect\n|move|p2a: Iron Bundle|Freeze-Dry|p1b: Gholdengo\n|-activate|p1b: Gholdengo|move: Protect\n|move|p2b: Tornadus|Bleakwind Storm|p1b: Gholdengo|[spread] \n|-activate|p1b: Gholdengo|move: Protect\n|-miss|p2b: Tornadus|p1a: Amoonguss\n|\n|-heal|p1b: Gholdengo|52\/100|[from] item: Leftovers\n|-sideend|p2: lilbookcase|move: Tailwind\n|upkeep\n|turn|5\n|c|\u2606lilbookcase|:^)\n|\n|t:|1700874235\n|move|p1a: Amoonguss|Rage Powder|p1a: Amoonguss\n|-singleturn|p1a: Amoonguss|move: Rage Powder\n|move|p2a: Iron Bundle|Freeze-Dry|p1a: Amoonguss\n|-supereffective|p1a: Amoonguss\n|-damage|p1a: Amoonguss|51\/100\n|move|p2b: Tornadus|Bleakwind Storm|p1a: Amoonguss|[spread] p1a,p1b\n|-supereffective|p1a: Amoonguss\n|-resisted|p1b: Gholdengo\n|-damage|p1a: Amoonguss|0 fnt\n|-damage|p1b: Gholdengo|29\/100\n|faint|p1a: Amoonguss\n|move|p1b: Gholdengo|Shadow Ball|p2a: Iron Bundle\n|-damage|p2a: Iron Bundle|0 fnt\n|faint|p2a: Iron Bundle\n|-end|p2a: Iron Bundle|Quark Drive|[silent]\n|\n|-heal|p1b: Gholdengo|35\/100|[from] item: Leftovers\n|upkeep\n|\n|t:|1700874249\n|switch|p1a: Arcanine|Arcanine-Hisui, L50, M, tera:Fairy|42\/100\n|-ability|p1a: Arcanine|Intimidate|boost\n|-unboost|p2b: Tornadus|atk|1\n|turn|6\n|\n|t:|1700874254\n|move|p2b: Tornadus|Bleakwind Storm|p1a: Arcanine|[spread] \n|-miss|p2b: Tornadus|p1a: Arcanine\n|-miss|p2b: Tornadus|p1b: Gholdengo\n|move|p1a: Arcanine|Rock Slide|p2b: Tornadus\n|-supereffective|p2b: Tornadus\n|-damage|p2b: Tornadus|0 fnt\n|faint|p2b: Tornadus\n|\n|win|Isaacmax2\n|raw|Isaacmax2's rating: 1301 &rarr; <strong>1322<\/strong><br \/>(+21 for winning)\n|raw|lilbookcase's rating: 1323 &rarr; <strong>1302<\/strong><br \/>(-21 for losing)\n|c|\u2606Isaacmax2|D:\n|c|\u2606lilbookcase|:^)\n|c|\u2606Isaacmax2|gg\n|c|\u2606lilbookcase|great games\n","uploadtime":1700874285,"views":2,"p1id":"isaacmax2","p2id":"lilbookcase","formatid":"gen9vgc2023regulatione","rating":1302,"private":0,"password":""}