{"id":"gen9vgc2023regulatione-1989191946","p1":"Matt142718","p2":"KaosCarter","format":"[Gen 9] VGC 2023 Regulation E","log":"|j|\u2606Matt142718\n|j|\u2606KaosCarter\n|n|\u2606Matt142718|matt142718\n|n|\u2606KaosCarter|kaoscarter\n|html|View the match progress at <a href=\"\/game-bestof3-gen9vgc2023regulatione-1989191945\">game-bestof3-gen9vgc2023regulatione-1989191945<\/a>\n|t:|1699821859\n|gametype|doubles\n|player|p1|Matt142718|266|\n|player|p2|KaosCarter|acetrainer-gen4dp|\n|teamsize|p1|6\n|teamsize|p2|6\n|gen|9\n|tier|[Gen 9] VGC 2023 Regulation E\n|rule|Species Clause: Limit one of each Pok\u00e9mon\n|rule|Item Clause: Limit one of each item\n|clearpoke\n|poke|p1|Tornadus, L50, M|\n|poke|p1|Urshifu-*, L50, F|\n|poke|p1|Rillaboom, L50, F|\n|poke|p1|Chien-Pao, L50|\n|poke|p1|Arcanine-Hisui, L50, F|\n|poke|p1|Flutter Mane, L50|\n|poke|p2|Heatran, L50, M|\n|poke|p2|Tornadus, L50, M|\n|poke|p2|Sneasler, L50, F|\n|poke|p2|Shiftry, L50, M|\n|poke|p2|Chi-Yu, L50|\n|poke|p2|Indeedee-F, L50, F|\n|teampreview|4\n|inactive|Battle timer is ON: inactive players will automatically lose when time's up. (requested by KaosCarter)\nKaosCarter has agreed to open team sheets.\n|inactiveoff|Battle timer is now OFF.\n|c|\u2606KaosCarter|Sheets brooooo\nMatt142718 has agreed to open team sheets.\n|showteam|p1|Tornadus||CovertCloak|Prankster|BleakwindStorm,RainDance,Tailwind,Taunt|||M|||50|,,,,,Steel]Urshifu-Rapid-Strike||MysticWater|UnseenFist|Detect,SurgingStrikes,CloseCombat,AquaJet|||F|||50|,,,,,Water]Rillaboom||AssaultVest|GrassySurge|FakeOut,WoodHammer,GrassyGlide,HighHorsepower|||F|||50|,,,,,Fire]Chien-Pao||FocusSash|SwordofRuin|IceSpinner,SuckerPunch,Haze,Protect||||||50|,,,,,Ghost]Arcanine-Hisui||ChoiceBand|Intimidate|FlareBlitz,HeadSmash,RockSlide,ExtremeSpeed|||F|||50|,,,,,Normal]Flutter Mane||BoosterEnergy|Protosynthesis|Moonblast,DazzlingGleam,ShadowBall,Protect||||||50|,,,,,Fairy\n|showteam|p2|Heatran||SitrusBerry|FlashFire|Protect,HeatWave,EarthPower,FlashCannon|||M|||50|,,,,,Fairy]Tornadus||MentalHerb|Prankster|BleakwindStorm,Tailwind,SunnyDay,ScaryFace|||M|||50|,,,,,Ghost]Sneasler||ClearAmulet|PoisonTouch|Protect,DireClaw,CloseCombat,FakeOut|||F|||50|,,,,,Flying]Shiftry||FocusSash|WindRider|SuckerPunch,Reversal,LeafBlade,FakeOut|||M|||50|,,,,,Ghost]Chi-Yu||ChoiceSpecs|BeadsofRuin|HeatWave,Psychic,Overheat,DarkPulse||||||50|,,,,,Ghost]Indeedee-F||PsychicSeed|PsychicSurge|FollowMe,Psyshock,TrickRoom,Imprison|||F|||50|,,,,,Fairy\n|inactive|Battle timer is ON: inactive players will automatically lose when time's up. (requested by KaosCarter)\n|inactive|KaosCarter has 30 seconds left.\n|\n|t:|1699821947\n|start\n|switch|p1a: Arcanine|Arcanine-Hisui, L50, F|100\/100\n|switch|p1b: Tornadus|Tornadus, L50, M|100\/100\n|switch|p2a: Sneasler|Sneasler, L50, F|100\/100\n|switch|p2b: Tornadus|Tornadus, L50, M|100\/100\n|-ability|p1a: Arcanine|Intimidate|boost\n|-fail|p2a: Sneasler|unboost|[from] item: Clear Amulet|[of] p2a: Sneasler\n|-unboost|p2b: Tornadus|atk|1\n|turn|1\n|inactive|Matt142718 has 30 seconds left.\n|\n|t:|1699821981\n|switch|p1a: Rillaboom|Rillaboom, L50, F|100\/100\n|-fieldstart|move: Grassy Terrain|[from] ability: Grassy Surge|[of] p1a: Rillaboom\n|move|p2a: Sneasler|Fake Out|p1a: Rillaboom\n|-damage|p1a: Rillaboom|86\/100\n|move|p2b: Tornadus|Bleakwind Storm|p1b: Tornadus|[spread] p1a,p1b\n|-supereffective|p1a: Rillaboom\n|-damage|p1a: Rillaboom|35\/100\n|-damage|p1b: Tornadus|55\/100\n|move|p1b: Tornadus|Bleakwind Storm|p2b: Tornadus|[spread] p2a,p2b\n|-supereffective|p2a: Sneasler\n|-damage|p2a: Sneasler|6\/100\n|-damage|p2b: Tornadus|58\/100\n|-unboost|p2b: Tornadus|spe|1\n|\n|-heal|p2a: Sneasler|12\/100|[from] Grassy Terrain\n|-heal|p1a: Rillaboom|41\/100|[from] Grassy Terrain\n|upkeep\n|turn|2\n|inactive|Matt142718 has 30 seconds left.\n|inactive|KaosCarter has 30 seconds left.\n|\n|t:|1699822008\n|-terastallize|p1a: Rillaboom|Fire\n|move|p2a: Sneasler|Protect|p2a: Sneasler\n|-singleturn|p2a: Sneasler|Protect\n|move|p2b: Tornadus|Tailwind|p2b: Tornadus\n|-sidestart|p2: KaosCarter|move: Tailwind\n|move|p1a: Rillaboom|Grassy Glide|p2b: Tornadus\n|-resisted|p2b: Tornadus\n|-damage|p2b: Tornadus|31\/100\n|move|p1b: Tornadus|Bleakwind Storm|p2b: Tornadus|[spread] \n|-activate|p2a: Sneasler|move: Protect\n|-miss|p1b: Tornadus|p2b: Tornadus\n|\n|-heal|p2a: Sneasler|18\/100|[from] Grassy Terrain\n|-heal|p1a: Rillaboom|47\/100|[from] Grassy Terrain\n|upkeep\n|turn|3\n|inactive|Matt142718 has 30 seconds left.\n|\n|t:|1699822037\n|switch|p2a: Shiftry|Shiftry, L50, M|100\/100\n|-ability|p2a: Shiftry|Wind Rider|boost\n|-boost|p2a: Shiftry|atk|1\n|switch|p2b: Chi-Yu|Chi-Yu, L50|100\/100\n|-ability|p2b: Chi-Yu|Beads of Ruin\n|move|p1a: Rillaboom|Grassy Glide|p2a: Shiftry\n|-resisted|p2a: Shiftry\n|-damage|p2a: Shiftry|70\/100\n|move|p1b: Tornadus|Bleakwind Storm|p2a: Shiftry|[spread] p2b\n|-ability|p2a: Shiftry|Wind Rider|boost\n|-boost|p2a: Shiftry|atk|1\n|-damage|p2b: Chi-Yu|64\/100\n|\n|-heal|p2b: Chi-Yu|70\/100|[from] Grassy Terrain\n|-heal|p2a: Shiftry|76\/100|[from] Grassy Terrain\n|-heal|p1a: Rillaboom|53\/100|[from] Grassy Terrain\n|upkeep\n|turn|4\n|inactive|KaosCarter has 30 seconds left.\n|\n|t:|1699822071\n|switch|p1a: Arcanine|Arcanine-Hisui, L50, F|100\/100\n|-ability|p1a: Arcanine|Intimidate|boost\n|-unboost|p2a: Shiftry|atk|1\n|-unboost|p2b: Chi-Yu|atk|1\n|move|p2a: Shiftry|Fake Out|p1a: Arcanine\n|-resisted|p1a: Arcanine\n|-damage|p1a: Arcanine|88\/100\n|move|p1b: Tornadus|Tailwind|p1b: Tornadus\n|-sidestart|p1: Matt142718|move: Tailwind\n|move|p2b: Chi-Yu|Dark Pulse|p1b: Tornadus\n|-damage|p1b: Tornadus|0 fnt\n|faint|p1b: Tornadus\n|\n|-heal|p2b: Chi-Yu|75\/100|[from] Grassy Terrain\n|-heal|p1a: Arcanine|94\/100|[from] Grassy Terrain\n|-heal|p2a: Shiftry|82\/100|[from] Grassy Terrain\n|upkeep\n|\n|t:|1699822091\n|switch|p1b: Urshifu|Urshifu-Rapid-Strike, L50, F|100\/100\n|turn|5\n|inactive|Matt142718 has 30 seconds left.\n|inactive|KaosCarter has 30 seconds left.\n|inactive|Matt142718 has 20 seconds left.\n|inactive|KaosCarter has 20 seconds left.\n|inactive|Matt142718 has 15 seconds left.\n|\n|t:|1699822135\n|switch|p2b: Sneasler|Sneasler, L50, F|18\/100\n|move|p2a: Shiftry|Sucker Punch|p1a: Arcanine\n|-damage|p1a: Arcanine|38\/100\n|move|p1b: Urshifu|Surging Strikes|p2b: Sneasler\n|-crit|p2b: Sneasler\n|-damage|p2b: Sneasler|0 fnt\n|faint|p2b: Sneasler\n|-hitcount|p2: Sneasler|1\n|move|p1a: Arcanine|Rock Slide|p2a: Shiftry|[miss]\n|-miss|p1a: Arcanine|p2a: Shiftry\n|\n|-heal|p1a: Arcanine|44\/100|[from] Grassy Terrain\n|-heal|p2a: Shiftry|87\/100|[from] Grassy Terrain\n|-sideend|p2: KaosCarter|move: Tailwind\n|-fieldend|move: Grassy Terrain\n|upkeep\n|\n|t:|1699822154\n|switch|p2b: Tornadus|Tornadus, L50, M|31\/100\n|turn|6\n|\n|t:|1699822173\n|move|p2b: Tornadus|Sunny Day|p2b: Tornadus\n|-weather|SunnyDay\n|move|p2a: Shiftry|Sucker Punch|p1a: Arcanine\n|-damage|p1a: Arcanine|0 fnt\n|faint|p1a: Arcanine\n|move|p1b: Urshifu|Close Combat|p2a: Shiftry\n|-supereffective|p2a: Shiftry\n|-damage|p2a: Shiftry|0 fnt\n|-unboost|p1b: Urshifu|def|1\n|-unboost|p1b: Urshifu|spd|1\n|faint|p2a: Shiftry\n|\n|-weather|SunnyDay|[upkeep]\n|upkeep\n|\n|t:|1699822186\n|switch|p1a: Rillaboom|Rillaboom, L50, F, tera:Fire|53\/100\n|switch|p2a: Chi-Yu|Chi-Yu, L50|75\/100\n|-fieldstart|move: Grassy Terrain|[from] ability: Grassy Surge|[of] p1a: Rillaboom\n|-ability|p2a: Chi-Yu|Beads of Ruin\n|turn|7\n|\n|t:|1699822210\n|-terastallize|p2a: Chi-Yu|Ghost\n|move|p1a: Rillaboom|Grassy Glide|p2a: Chi-Yu\n|-damage|p2a: Chi-Yu|22\/100\n|move|p1b: Urshifu|Surging Strikes|p2a: Chi-Yu\n|-crit|p2a: Chi-Yu\n|-damage|p2a: Chi-Yu|3\/100\n|-crit|p2a: Chi-Yu\n|-damage|p2a: Chi-Yu|0 fnt\n|faint|p2a: Chi-Yu\n|-hitcount|p2: Chi-Yu|2\n|move|p2b: Tornadus|Bleakwind Storm|p1b: Urshifu|[spread] p1a,p1b\n|-supereffective|p1b: Urshifu\n|-damage|p1a: Rillaboom|24\/100\n|-damage|p1b: Urshifu|0 fnt\n|faint|p1b: Urshifu\n|\n|-weather|SunnyDay|[upkeep]\n|-heal|p1a: Rillaboom|30\/100|[from] Grassy Terrain\n|-sideend|p1: Matt142718|move: Tailwind\n|upkeep\n|turn|8\n|\n|t:|1699822230\n|move|p1a: Rillaboom|Grassy Glide|p2b: Tornadus\n|-resisted|p2b: Tornadus\n|-damage|p2b: Tornadus|4\/100\n|move|p2b: Tornadus|Bleakwind Storm|p1a: Rillaboom\n|-damage|p1a: Rillaboom|0 fnt\n|faint|p1a: Rillaboom\n|\n|win|KaosCarter\n|c|&|\/uhtml prompt-kaoscarter,KaosCarter is ready for game 2!\n|c|&|\/uhtml prompt-matt142718,Matt142718 is ready for game 2!\nBoth players are ready! Starting next match!\n|l|\u2606Matt142718\n","uploadtime":1699822900,"views":22,"p1id":"matt142718","p2id":"kaoscarter","formatid":"gen9vgc2023regulatione","rating":0,"private":0,"password":""}