{"id":"gen9vgc2023regulatione-1993699792","p1":"BlindMagneton","p2":"lurkingSombres","format":"[Gen 9] VGC 2023 Regulation E","log":"|j|\u2606BlindMagneton\n|j|\u2606lurkingSombres\n|t:|1700346984\n|gametype|doubles\n|player|p1|BlindMagneton|wattson|1489\n|player|p2|lurkingSombres|candice|1384\n|teamsize|p1|6\n|teamsize|p2|6\n|gen|9\n|tier|[Gen 9] VGC 2023 Regulation E\n|rated|\n|rule|Species Clause: Limit one of each Pok\u00e9mon\n|rule|Item Clause: Limit one of each item\n|clearpoke\n|poke|p1|Mandibuzz, L50, F|\n|poke|p1|Ninetales-Alola, L50, F|\n|poke|p1|Iron Hands, L50|\n|poke|p1|Flamigo, L50, M|\n|poke|p1|Farigiraf, L50, F|\n|poke|p1|Mamoswine, L50, F|\n|poke|p2|Milotic, L50, M|\n|poke|p2|Sinistcha, L50|\n|poke|p2|Ogerpon-Hearthflame, L50, F|\n|poke|p2|Iron Hands, L50|\n|poke|p2|Flutter Mane, L50|\n|poke|p2|Tyranitar, L50, F|\n|teampreview|4\n|\n|t:|1700347058\n|start\n|switch|p1a: Mandibuzz|Mandibuzz, L50, F|100\/100\n|switch|p1b: Ninetales|Ninetales-Alola, L50, F|100\/100\n|switch|p2a: Iron Hands|Iron Hands, L50|100\/100\n|switch|p2b: Ogerpon|Ogerpon-Hearthflame, L50, F|100\/100\n|-ability|p2b: Ogerpon|Mold Breaker\n|-weather|Snow|[from] ability: Snow Warning|[of] p1b: Ninetales\n|turn|1\n|\n|t:|1700347070\n|switch|p2b: Tyranitar|Tyranitar, L50, F|100\/100\n|-weather|Sandstorm|[from] ability: Sand Stream|[of] p2b: Tyranitar\n|move|p1b: Ninetales|Protect|p1b: Ninetales\n|-singleturn|p1b: Ninetales|Protect\n|move|p1a: Mandibuzz|Protect|p1a: Mandibuzz\n|-singleturn|p1a: Mandibuzz|Protect\n|move|p2a: Iron Hands|Heavy Slam|p1b: Ninetales\n|-activate|p1b: Ninetales|move: Protect\n|\n|-weather|Sandstorm|[upkeep]\n|-damage|p1b: Ninetales|94\/100|[from] Sandstorm\n|-damage|p1a: Mandibuzz|95\/100|[from] Sandstorm\n|-damage|p2a: Iron Hands|94\/100|[from] Sandstorm\n|upkeep\n|turn|2\n|\n|t:|1700347104\n|-terastallize|p1a: Mandibuzz|Ground\n|move|p1b: Ninetales|Ice Shard|p1a: Mandibuzz\n|-supereffective|p1a: Mandibuzz\n|-damage|p1a: Mandibuzz|77\/100\n|-ability|p1a: Mandibuzz|Weak Armor|boost\n|-unboost|p1a: Mandibuzz|def|1\n|-boost|p1a: Mandibuzz|spe|2\n|-enditem|p1a: Mandibuzz|Weakness Policy\n|-boost|p1a: Mandibuzz|atk|2|[from] item: Weakness Policy\n|-boost|p1a: Mandibuzz|spa|2|[from] item: Weakness Policy\n|move|p1a: Mandibuzz|Bone Rush|p2b: Tyranitar\n|-supereffective|p2b: Tyranitar\n|-damage|p2b: Tyranitar|73\/100\n|-supereffective|p2b: Tyranitar\n|-damage|p2b: Tyranitar|46\/100\n|-hitcount|p2b: Tyranitar|2\n|move|p2b: Tyranitar|Rock Slide|p1a: Mandibuzz|[spread] p1a,p1b\n|-resisted|p1a: Mandibuzz\n|-supereffective|p1b: Ninetales\n|-damage|p1a: Mandibuzz|53\/100\n|-damage|p1b: Ninetales|0 fnt\n|-ability|p1a: Mandibuzz|Weak Armor|boost\n|-unboost|p1a: Mandibuzz|def|1\n|-boost|p1a: Mandibuzz|spe|2\n|faint|p1b: Ninetales\n|move|p2a: Iron Hands|Wild Charge|p1a: Mandibuzz\n|-immune|p1a: Mandibuzz\n|\n|-weather|Sandstorm|[upkeep]\n|-damage|p2a: Iron Hands|88\/100|[from] Sandstorm\n|upkeep\n|\n|t:|1700347125\n|switch|p1b: Flamigo|Flamigo, L50, M|100\/100\n|-copyboost|p1b: Flamigo|p1a: Mandibuzz|[from] ability: Costar\n|turn|3\n|\n|t:|1700347185\n|switch|p2b: Sinistcha|Sinistcha, L50|100\/100\n|-heal|p2a: Iron Hands|100\/100|[from] ability: Hospitality|[of] p2b: Sinistcha\n|move|p1b: Flamigo|Protect|p1b: Flamigo\n|-singleturn|p1b: Flamigo|Protect\n|move|p1a: Mandibuzz|Protect|p1a: Mandibuzz\n|-singleturn|p1a: Mandibuzz|Protect\n|move|p2a: Iron Hands|Wild Charge|p1b: Flamigo\n|-activate|p1b: Flamigo|move: Protect\n|\n|-weather|Sandstorm|[upkeep]\n|-damage|p1b: Flamigo|95\/100|[from] Sandstorm\n|-damage|p2b: Sinistcha|94\/100|[from] Sandstorm\n|-damage|p2a: Iron Hands|94\/100|[from] Sandstorm\n|upkeep\n|turn|4\n|\n|t:|1700347226\n|-terastallize|p2a: Iron Hands|Grass\n|move|p1b: Flamigo|Brave Bird|p2a: Iron Hands\n|-supereffective|p2a: Iron Hands\n|-damage|p2a: Iron Hands|0 fnt\n|faint|p2a: Iron Hands\n|-end|p2a: Iron Hands|Quark Drive|[silent]\n|-damage|p1b: Flamigo|50\/100|[from] Recoil\n|move|p1a: Mandibuzz|Bone Rush|p2b: Sinistcha\n|-resisted|p2b: Sinistcha\n|-damage|p2b: Sinistcha|86\/100\n|-resisted|p2b: Sinistcha\n|-damage|p2b: Sinistcha|76\/100\n|-resisted|p2b: Sinistcha\n|-damage|p2b: Sinistcha|67\/100\n|-hitcount|p2b: Sinistcha|3\n|move|p2b: Sinistcha|Matcha Gotcha|p1a: Mandibuzz|[spread] p1a,p1b\n|-supereffective|p1a: Mandibuzz\n|-resisted|p1b: Flamigo\n|-damage|p1a: Mandibuzz|4\/100\n|-heal|p2b: Sinistcha|93\/100|[from] drain|[of] p1a: Mandibuzz\n|-damage|p1b: Flamigo|30\/100\n|-heal|p2b: Sinistcha|100\/100|[from] drain|[of] p1b: Flamigo\n|\n|-weather|Sandstorm|[upkeep]\n|-damage|p1b: Flamigo|24\/100|[from] Sandstorm\n|-damage|p2b: Sinistcha|94\/100|[from] Sandstorm\n|upkeep\n|\n|t:|1700347253\n|switch|p2a: Tyranitar|Tyranitar, L50, F|46\/100\n|turn|5\n|\n|t:|1700347269\n|move|p2b: Sinistcha|Rage Powder|p2b: Sinistcha\n|-singleturn|p2b: Sinistcha|move: Rage Powder\n|move|p1b: Flamigo|Brave Bird|p2b: Sinistcha\n|-supereffective|p2b: Sinistcha\n|-damage|p2b: Sinistcha|0 fnt\n|faint|p2b: Sinistcha\n|-damage|p1b: Flamigo|0 fnt|[from] Recoil\n|faint|p1b: Flamigo\n|move|p1a: Mandibuzz|Bone Rush|p2a: Tyranitar\n|-supereffective|p2a: Tyranitar\n|-damage|p2a: Tyranitar|19\/100\n|-supereffective|p2a: Tyranitar\n|-damage|p2a: Tyranitar|0 fnt\n|faint|p2a: Tyranitar\n|-hitcount|p2: Tyranitar|2\n|\n|-weather|none\n|upkeep\n|\n|t:|1700347277\n|switch|p1b: Iron Hands|Iron Hands, L50|100\/100\n|switch|p2b: Ogerpon|Ogerpon-Hearthflame, L50, F|100\/100\n|-ability|p2b: Ogerpon|Mold Breaker\n|-enditem|p1b: Iron Hands|Booster Energy\n|-activate|p1b: Iron Hands|ability: Quark Drive|[fromitem]\n|-start|p1b: Iron Hands|quarkdriveatk\n|turn|6\n|\n|t:|1700347288\n|move|p1a: Mandibuzz|Protect|p1a: Mandibuzz\n|-singleturn|p1a: Mandibuzz|Protect\n|move|p2b: Ogerpon|Spiky Shield|p2b: Ogerpon\n|-singleturn|p2b: Ogerpon|move: Protect\n|move|p1b: Iron Hands|Fake Out|p2b: Ogerpon\n|-activate|p2b: Ogerpon|move: Protect\n|-damage|p1b: Iron Hands|88\/100|[from] Spiky Shield|[of] p2b: Ogerpon\n|\n|upkeep\n|turn|7\n|\n|t:|1700347300\n|move|p1a: Mandibuzz|Acrobatics|p2b: Ogerpon\n|-supereffective|p2b: Ogerpon\n|-damage|p2b: Ogerpon|0 fnt\n|faint|p2b: Ogerpon\n|\n|win|BlindMagneton\n|raw|BlindMagneton's rating: 1489 &rarr; <strong>1503<\/strong><br \/>(+14 for winning)\n|raw|lurkingSombres's rating: 1384 &rarr; <strong>1370<\/strong><br \/>(-14 for losing)\n|l|\u2606lurkingSombres\n","uploadtime":1700347307,"views":12,"p1id":"blindmagneton","p2id":"lurkingsombres","formatid":"gen9vgc2023regulatione","rating":1370,"private":0,"password":""}