{"id":"gen9vgc2023regulatione-1988414684","p1":"Fripp70!","p2":"Casper614","format":"[Gen 9] VGC 2023 Regulation E","log":"|j|\u2606Fripp70!\n|j|\u2606Casper614\n|t:|1699720389\n|gametype|doubles\n|player|p1|Fripp70!|swimmerf|1076\n|player|p2|Casper614|170|1126\n|teamsize|p1|6\n|teamsize|p2|6\n|gen|9\n|tier|[Gen 9] VGC 2023 Regulation E\n|rated|\n|rule|Species Clause: Limit one of each Pok\u00e9mon\n|rule|Item Clause: Limit one of each item\n|clearpoke\n|poke|p1|Rillaboom, L50, F|\n|poke|p1|Skeledirge, L50, F|\n|poke|p1|Slowbro, L50, F|\n|poke|p1|Hariyama, L50, M|\n|poke|p1|Urshifu-*, L50, M|\n|poke|p1|Quilladin, L50, F|\n|poke|p2|Grimmsnarl, L50, M|\n|poke|p2|Dusclops, L50, F|\n|poke|p2|Ursaluna-Bloodmoon, L50, M|\n|poke|p2|Torkoal, L50, M|\n|poke|p2|Chandelure, L50, M|\n|poke|p2|Azumarill, L50, M|\n|teampreview|4\n|\n|t:|1699720430\n|start\n|switch|p1a: Urshifu|Urshifu-Rapid-Strike, L50, M|100\/100\n|switch|p1b: Hariyama|Hariyama, L50, M, shiny|100\/100\n|switch|p2a: Chandelure|Chandelure, L50, M|100\/100\n|switch|p2b: Grimmsnarl|Grimmsnarl, L50, M|100\/100\n|turn|1\n|inactive|Battle timer is ON: inactive players will automatically lose when time's up. (requested by Fripp70!)\n|\n|t:|1699720441\n|-terastallize|p2a: Chandelure|Grass\n|move|p1b: Hariyama|Fake Out|p2b: Grimmsnarl\n|-damage|p2b: Grimmsnarl|84\/100\n|cant|p2b: Grimmsnarl|flinch\n|move|p1a: Urshifu|Surging Strikes|p2a: Chandelure\n|-resisted|p2a: Chandelure\n|-crit|p2a: Chandelure\n|-damage|p2a: Chandelure|87\/100\n|-resisted|p2a: Chandelure\n|-crit|p2a: Chandelure\n|-damage|p2a: Chandelure|72\/100\n|-resisted|p2a: Chandelure\n|-crit|p2a: Chandelure\n|-damage|p2a: Chandelure|59\/100\n|-hitcount|p2a: Chandelure|3\n|move|p2a: Chandelure|Trick Room|p2a: Chandelure\n|-fieldstart|move: Trick Room|[of] p2a: Chandelure\n|-enditem|p2a: Chandelure|Room Service\n|-unboost|p2a: Chandelure|spe|1|[from] item: Room Service\n|\n|-status|p1b: Hariyama|brn|[from] item: Flame Orb\n|upkeep\n|turn|2\n|inactive|Fripp70! has 30 seconds left.\n|inactive|Casper614 has 30 seconds left.\n|inactive|Fripp70! has 20 seconds left.\n|inactive|Fripp70! has 15 seconds left.\n|\n|t:|1699720483\n|move|p1b: Hariyama|Knock Off|p2a: Chandelure\n|-damage|p2a: Chandelure|15\/100\n|move|p2a: Chandelure|Energy Ball|p1a: Urshifu\n|-supereffective|p1a: Urshifu\n|-damage|p1a: Urshifu|0 fnt\n|faint|p1a: Urshifu\n|move|p2b: Grimmsnarl|Spirit Break|p1b: Hariyama\n|-supereffective|p1b: Hariyama\n|-crit|p1b: Hariyama\n|-damage|p1b: Hariyama|0 fnt\n|faint|p1b: Hariyama\n|-damage|p2b: Grimmsnarl|74\/100|[from] item: Life Orb\n|\n|upkeep\n|\n|t:|1699720489\n|switch|p1b: Quilladin|Quilladin, L50, F, shiny|100\/100\n|switch|p1a: Rillaboom|Rillaboom, L50, F, shiny|100\/100\n|-fieldstart|move: Grassy Terrain|[from] ability: Grassy Surge|[of] p1a: Rillaboom\n|-enditem|p1a: Rillaboom|Grassy Seed\n|-boost|p1a: Rillaboom|def|1|[from] item: Grassy Seed\n|turn|3\n|inactive|Casper614 has 30 seconds left.\n|\n|t:|1699720517\n|move|p1a: Rillaboom|Fake Out|p2a: Chandelure\n|-damage|p2a: Chandelure|0 fnt\n|faint|p2a: Chandelure\n|move|p2b: Grimmsnarl|Spirit Break|p1b: Quilladin\n|-damage|p1b: Quilladin|65\/100\n|-unboost|p1b: Quilladin|spa|1\n|-damage|p2b: Grimmsnarl|64\/100|[from] item: Life Orb\n|move|p1b: Quilladin|Leech Seed|p2b: Grimmsnarl|[miss]\n|-miss|p1b: Quilladin|p2b: Grimmsnarl\n|\n|-heal|p2b: Grimmsnarl|70\/100|[from] Grassy Terrain\n|-heal|p1b: Quilladin|71\/100|[from] Grassy Terrain\n|upkeep\n|\n|t:|1699720535\n|switch|p2a: Ursaluna|Ursaluna-Bloodmoon, L50, M|100\/100\n|turn|4\n|\n|t:|1699720548\n|move|p2b: Grimmsnarl|Bulk Up|p2b: Grimmsnarl\n|-boost|p2b: Grimmsnarl|atk|1\n|-boost|p2b: Grimmsnarl|def|1\n|move|p1a: Rillaboom|Grassy Glide|p2a: Ursaluna\n|-supereffective|p2a: Ursaluna\n|-damage|p2a: Ursaluna|37\/100\n|move|p2a: Ursaluna|Blood Moon|p1a: Rillaboom\n|-damage|p1a: Rillaboom|17\/100\n|move|p1b: Quilladin|Leech Seed|p2b: Grimmsnarl\n|-start|p2b: Grimmsnarl|move: Leech Seed\n|\n|-heal|p2a: Ursaluna|43\/100|[from] Grassy Terrain\n|-heal|p2b: Grimmsnarl|76\/100|[from] Grassy Terrain\n|-heal|p1b: Quilladin|77\/100|[from] Grassy Terrain\n|-heal|p1a: Rillaboom|23\/100|[from] Grassy Terrain\n|-damage|p2b: Grimmsnarl|64\/100|[from] Leech Seed|[of] p1b: Quilladin\n|-heal|p1b: Quilladin|91\/100|[silent]\n|upkeep\n|turn|5\n|inactive|Casper614 has 30 seconds left.\n|\n|t:|1699720575\n|move|p1a: Rillaboom|Grassy Glide|p2a: Ursaluna\n|-supereffective|p2a: Ursaluna\n|-damage|p2a: Ursaluna|0 fnt\n|faint|p2a: Ursaluna\n|move|p2b: Grimmsnarl|Spirit Break|p1a: Rillaboom\n|-damage|p1a: Rillaboom|0 fnt\n|faint|p1a: Rillaboom\n|-damage|p2b: Grimmsnarl|54\/100|[from] item: Life Orb\n|move|p1b: Quilladin|Bulk Up|p1b: Quilladin\n|-boost|p1b: Quilladin|atk|1\n|-boost|p1b: Quilladin|def|1\n|\n|-heal|p2b: Grimmsnarl|59\/100|[from] Grassy Terrain\n|-heal|p1b: Quilladin|97\/100|[from] Grassy Terrain\n|-damage|p2b: Grimmsnarl|47\/100|[from] Leech Seed|[of] p1b: Quilladin\n|-heal|p1b: Quilladin|100\/100|[silent]\n|-fieldend|move: Trick Room\n|upkeep\n|\n|t:|1699720592\n|switch|p2a: Azumarill|Azumarill, L50, M|100\/100\n|turn|6\n|\n|t:|1699720603\n|move|p1b: Quilladin|Leech Seed|p2a: Azumarill\n|-start|p2a: Azumarill|move: Leech Seed\n|move|p2b: Grimmsnarl|Spirit Break|p1b: Quilladin\n|-crit|p1b: Quilladin\n|-damage|p1b: Quilladin|18\/100\n|-unboost|p1b: Quilladin|spa|1\n|-damage|p2b: Grimmsnarl|37\/100|[from] item: Life Orb\n|move|p2a: Azumarill|Play Rough|p1b: Quilladin|[miss]\n|-miss|p2a: Azumarill|p1b: Quilladin\n|\n|-heal|p1b: Quilladin|24\/100|[from] Grassy Terrain\n|-heal|p2b: Grimmsnarl|43\/100|[from] Grassy Terrain\n|-damage|p2b: Grimmsnarl|31\/100|[from] Leech Seed|[of] p1b: Quilladin\n|-heal|p1b: Quilladin|39\/100|[silent]\n|-damage|p2a: Azumarill|88\/100|[from] Leech Seed|[of] p1b: Quilladin\n|-heal|p1b: Quilladin|54\/100|[silent]\n|upkeep\n|turn|7\n|\n|t:|1699720624\n|move|p1b: Quilladin|Trailblaze|p2a: Azumarill\n|-supereffective|p2a: Azumarill\n|-damage|p2a: Azumarill|27\/100\n|-boost|p1b: Quilladin|spe|1\n|move|p2b: Grimmsnarl|Spirit Break|p1b: Quilladin\n|-damage|p1b: Quilladin|16\/100\n|-unboost|p1b: Quilladin|spa|1\n|-damage|p2b: Grimmsnarl|21\/100|[from] item: Life Orb\n|move|p2a: Azumarill|Play Rough|p1b: Quilladin|[miss]\n|-miss|p2a: Azumarill|p1b: Quilladin\n|\n|-heal|p1b: Quilladin|22\/100|[from] Grassy Terrain\n|-heal|p2b: Grimmsnarl|27\/100|[from] Grassy Terrain\n|-heal|p2a: Azumarill|32\/100|[from] Grassy Terrain\n|-damage|p2b: Grimmsnarl|15\/100|[from] Leech Seed|[of] p1b: Quilladin\n|-heal|p1b: Quilladin|36\/100|[silent]\n|-damage|p2a: Azumarill|20\/100|[from] Leech Seed|[of] p1b: Quilladin\n|-heal|p1b: Quilladin|51\/100|[silent]\n|-fieldend|move: Grassy Terrain\n|upkeep\n|turn|8\n|\n|t:|1699720648\n|move|p1b: Quilladin|Trailblaze|p2b: Grimmsnarl\n|-damage|p2b: Grimmsnarl|0 fnt\n|-boost|p1b: Quilladin|spe|1\n|faint|p2b: Grimmsnarl\n|move|p2a: Azumarill|Play Rough|p1b: Quilladin|[miss]\n|-miss|p2a: Azumarill|p1b: Quilladin\n|\n|-damage|p2a: Azumarill|8\/100|[from] Leech Seed|[of] p1b: Quilladin\n|-heal|p1b: Quilladin|67\/100|[silent]\n|upkeep\n|turn|9\n|\n|t:|1699720664\n|move|p1b: Quilladin|Trailblaze|p2a: Azumarill\n|-supereffective|p2a: Azumarill\n|-damage|p2a: Azumarill|0 fnt\n|-boost|p1b: Quilladin|spe|1\n|faint|p2a: Azumarill\n|\n|win|Fripp70!\n|raw|Fripp70!'s rating: 1076 &rarr; <strong>1109<\/strong><br \/>(+33 for winning)\n|raw|Casper614's rating: 1126 &rarr; <strong>1097<\/strong><br \/>(-29 for losing)\n|l|\u2606Fripp70!\n","uploadtime":1699720674,"views":13,"p1id":"fripp70","p2id":"casper614","formatid":"gen9vgc2023regulatione","rating":1097,"private":0,"password":""}