{"id":"gen9vgc2023regulatione-1995485925","p1":"Losingwithbadteam","p2":"mc anu","format":"[Gen 9] VGC 2023 Regulation E","log":"|j|\u2606Losingwithbadteam\n|j|\u2606mc anu\n|t:|1700576058\n|gametype|doubles\n|player|p1|Losingwithbadteam|169|1219\n|player|p2|mc anu|turo-ai|1313\n|teamsize|p1|6\n|teamsize|p2|6\n|gen|9\n|tier|[Gen 9] VGC 2023 Regulation E\n|rated|\n|rule|Species Clause: Limit one of each Pok\u00e9mon\n|rule|Item Clause: Limit one of each item\n|clearpoke\n|poke|p1|Tornadus, L50, M|\n|poke|p1|Arcanine, L50, F|\n|poke|p1|Flutter Mane, L50|\n|poke|p1|Ogerpon-Wellspring, L50, F|\n|poke|p1|Iron Hands, L50|\n|poke|p1|Jolteon, L50, M|\n|poke|p2|Rillaboom, L50, F|\n|poke|p2|Iron Hands, L50|\n|poke|p2|Gholdengo, L50|\n|poke|p2|Kommo-o, L50, F|\n|poke|p2|Amoonguss, L50, M|\n|poke|p2|Landorus-Therian, L50, M|\n|teampreview|4\n|inactive|Battle timer is ON: inactive players will automatically lose when time's up. (requested by Losingwithbadteam)\n|inactive|Losingwithbadteam has 60 seconds left.\n|\n|t:|1700576111\n|start\n|switch|p1a: Ogerpon|Ogerpon-Wellspring, L50, F|100\/100\n|switch|p1b: Tornadus|Tornadus, L50, M|100\/100\n|switch|p2a: Kommo-o|Kommo-o, L50, F|100\/100\n|switch|p2b: Landorus|Landorus-Therian, L50, M|100\/100\n|-ability|p2b: Landorus|Intimidate|boost\n|-unboost|p1a: Ogerpon|atk|1\n|-unboost|p1b: Tornadus|atk|1\n|turn|1\n|\n|t:|1700576124\n|-terastallize|p2b: Landorus|Flying\n|move|p1b: Tornadus|Rain Dance|p1b: Tornadus\n|-weather|RainDance\n|move|p2b: Landorus|Tera Blast|p1a: Ogerpon|[anim] Tera Blast Flying\n|-supereffective|p1a: Ogerpon\n|-damage|p1a: Ogerpon|0 fnt\n|faint|p1a: Ogerpon\n|move|p2a: Kommo-o|Iron Defense|p2a: Kommo-o\n|-boost|p2a: Kommo-o|def|2\n|\n|-weather|RainDance|[upkeep]\n|upkeep\n|\n|t:|1700576134\n|switch|p1a: Flutter Mane|Flutter Mane, L50|100\/100\n|-enditem|p1a: Flutter Mane|Booster Energy\n|-activate|p1a: Flutter Mane|ability: Protosynthesis|[fromitem]\n|-start|p1a: Flutter Mane|protosynthesisspe\n|turn|2\n|\n|t:|1700576147\n|move|p2a: Kommo-o|Protect|p2a: Kommo-o\n|-singleturn|p2a: Kommo-o|Protect\n|move|p1b: Tornadus|Tailwind|p1b: Tornadus\n|-sidestart|p1: Losingwithbadteam|move: Tailwind\n|move|p1a: Flutter Mane|Dazzling Gleam|p2b: Landorus|[spread] p2b\n|-activate|p2a: Kommo-o|move: Protect\n|-damage|p2b: Landorus|60\/100\n|move|p2b: Landorus|Tera Blast|p1b: Tornadus|[anim] Tera Blast Flying\n|-damage|p1b: Tornadus|15\/100\n|\n|-weather|RainDance|[upkeep]\n|upkeep\n|turn|3\n|\n|t:|1700576166\n|move|p1a: Flutter Mane|Dazzling Gleam|p2a: Kommo-o|[spread] p2a,p2b\n|-supereffective|p2a: Kommo-o\n|-damage|p2a: Kommo-o|0 fnt\n|-damage|p2b: Landorus|19\/100\n|faint|p2a: Kommo-o\n|move|p1b: Tornadus|Bleakwind Storm|p2b: Landorus\n|-damage|p2b: Landorus|0 fnt\n|faint|p2b: Landorus\n|\n|-weather|RainDance|[upkeep]\n|upkeep\n|\n|t:|1700576172\n|switch|p2b: Gholdengo|Gholdengo, L50|100\/100\n|switch|p2a: Iron Hands|Iron Hands, L50|100\/100\n|turn|4\n|\n|t:|1700576192\n|-terastallize|p1a: Flutter Mane|Water\n|move|p2a: Iron Hands|Fake Out|p1b: Tornadus\n|-damage|p1b: Tornadus|0 fnt\n|faint|p1b: Tornadus\n|move|p1a: Flutter Mane|Shadow Ball|p2b: Gholdengo\n|-supereffective|p2b: Gholdengo\n|-damage|p2b: Gholdengo|11\/100\n|move|p2b: Gholdengo|Make It Rain|p1a: Flutter Mane\n|-resisted|p1a: Flutter Mane\n|-damage|p1a: Flutter Mane|53\/100\n|-unboost|p2b: Gholdengo|spa|1\n|-damage|p2b: Gholdengo|2\/100|[from] item: Life Orb\n|\n|-weather|RainDance|[upkeep]\n|upkeep\n|\n|t:|1700576202\n|switch|p1b: Arcanine|Arcanine, L50, F|100\/100\n|-ability|p1b: Arcanine|Intimidate|boost\n|-unboost|p2a: Iron Hands|atk|1\n|-unboost|p2b: Gholdengo|atk|1\n|turn|5\n|\n|t:|1700576217\n|move|p1a: Flutter Mane|Dazzling Gleam|p2a: Iron Hands|[spread] p2a,p2b\n|-supereffective|p2a: Iron Hands\n|-resisted|p2b: Gholdengo\n|-damage|p2a: Iron Hands|68\/100\n|-damage|p2b: Gholdengo|0 fnt\n|faint|p2b: Gholdengo\n|move|p1b: Arcanine|Will-O-Wisp|p2a: Iron Hands\n|-status|p2a: Iron Hands|brn\n|move|p2a: Iron Hands|Wild Charge|p1a: Flutter Mane\n|-supereffective|p1a: Flutter Mane\n|-damage|p1a: Flutter Mane|0 fnt\n|faint|p1a: Flutter Mane\n|-end|p1a: Flutter Mane|Protosynthesis|[silent]\n|-damage|p2a: Iron Hands|61\/100 brn|[from] Recoil\n|\n|-weather|none\n|-damage|p2a: Iron Hands|55\/100 brn|[from] brn\n|-sideend|p1: Losingwithbadteam|move: Tailwind\n|upkeep\n|turn|6\n|\n|t:|1700576230\n|move|p1b: Arcanine|Protect|p1b: Arcanine\n|-singleturn|p1b: Arcanine|Protect\n|move|p2a: Iron Hands|Drain Punch|p1b: Arcanine\n|-activate|p1b: Arcanine|move: Protect\n|\n|-damage|p2a: Iron Hands|49\/100 brn|[from] brn\n|upkeep\n|turn|7\n|\n|t:|1700576238\n|move|p1b: Arcanine|Flare Blitz|p2a: Iron Hands\n|-damage|p2a: Iron Hands|15\/100 brn\n|-damage|p1b: Arcanine|87\/100|[from] Recoil\n|move|p2a: Iron Hands|Drain Punch|p1b: Arcanine\n|-damage|p1b: Arcanine|73\/100\n|-heal|p2a: Iron Hands|21\/100 brn|[from] drain|[of] p1b: Arcanine\n|\n|-heal|p1b: Arcanine|79\/100|[from] item: Leftovers\n|-damage|p2a: Iron Hands|15\/100 brn|[from] brn\n|upkeep\n|turn|8\n|-message|mc anu forfeited.\n|\n|win|Losingwithbadteam\n|raw|Losingwithbadteam's rating: 1219 &rarr; <strong>1251<\/strong><br \/>(+32 for winning)\n|raw|mc anu's rating: 1313 &rarr; <strong>1288<\/strong><br \/>(-25 for losing)\n|l|\u2606mc anu\n|c|\u2606Losingwithbadteam|GGs\n","uploadtime":1700576263,"views":1,"p1id":"losingwithbadteam","p2id":"mcanu","formatid":"gen9vgc2023regulatione","rating":1251,"private":0,"password":""}