{"id":"gen9vgc2023regulatione-1988450027","p1":"UnholygrailPKMN","p2":"crayvien","format":"[Gen 9] VGC 2023 Regulation E","log":"|j|\u2606UnholygrailPKMN\n|j|\u2606crayvien\n|t:|1699724218\n|gametype|doubles\n|player|p1|UnholygrailPKMN|170|1092\n|player|p2|crayvien|silver-masters|1146\n|teamsize|p1|6\n|teamsize|p2|6\n|gen|9\n|tier|[Gen 9] VGC 2023 Regulation E\n|rated|\n|rule|Species Clause: Limit one of each Pok\u00e9mon\n|rule|Item Clause: Limit one of each item\n|clearpoke\n|poke|p1|Gothitelle, L50, M|\n|poke|p1|Scream Tail, L50|\n|poke|p1|Landorus-Therian, L50, M|\n|poke|p1|Amoonguss, L50, F|\n|poke|p1|Sinistcha-Masterpiece, L50|\n|poke|p1|Grafaiai, L50, F|\n|poke|p2|Typhlosion-Hisui, L50, M|\n|poke|p2|Torkoal, L50, M|\n|poke|p2|Landorus-Therian, L50, M|\n|poke|p2|Iron Hands, L50|\n|poke|p2|Baxcalibur, L50, M|\n|poke|p2|Orthworm, L50, M|\n|teampreview|4\n|inactive|Battle timer is ON: inactive players will automatically lose when time's up. (requested by crayvien)\n|\n|t:|1699724247\n|start\n|switch|p1a: Scream Tail|Scream Tail, L50|100\/100\n|switch|p1b: Landorus|Landorus-Therian, L50, M|100\/100\n|switch|p2a: Orthworm|Orthworm, L50, M, shiny|100\/100\n|switch|p2b: Landorus|Landorus-Therian, L50, M, shiny|100\/100\n|-ability|p2b: Landorus|Intimidate|boost\n|-unboost|p1a: Scream Tail|atk|1\n|-unboost|p1b: Landorus|atk|1\n|-ability|p1b: Landorus|Intimidate|boost\n|-unboost|p2a: Orthworm|atk|1\n|-unboost|p2b: Landorus|atk|1\n|-enditem|p1a: Scream Tail|Booster Energy\n|-activate|p1a: Scream Tail|ability: Protosynthesis|[fromitem]\n|-start|p1a: Scream Tail|protosynthesisspe\n|turn|1\n|\n|t:|1699724263\n|move|p2b: Landorus|U-turn|p1a: Scream Tail\n|-damage|p1a: Scream Tail|87\/100\n|\n|t:|1699724266\n|switch|p2b: Torkoal|Torkoal, L50, M, shiny|100\/100|[from] U-turn\n|-weather|SunnyDay|[from] ability: Drought|[of] p2b: Torkoal\n|move|p1a: Scream Tail|Perish Song|p1a: Scream Tail\n|-start|p1a: Scream Tail|perish3|[silent]\n|-start|p1b: Landorus|perish3|[silent]\n|-start|p2a: Orthworm|perish3|[silent]\n|-start|p2b: Torkoal|perish3|[silent]\n|-fieldactivate|move: Perish Song\n|move|p1b: Landorus|U-turn|p2b: Torkoal\n|-resisted|p2b: Torkoal\n|-damage|p2b: Torkoal|94\/100\n|\n|t:|1699724274\n|switch|p1b: Gothitelle|Gothitelle, L50, M|100\/100|[from] U-turn\n|move|p2a: Orthworm|Shed Tail|p2a: Orthworm\n|-start|p2a: Orthworm|Substitute|[from] move: Shed Tail\n|-damage|p2a: Orthworm|50\/100\n|-enditem|p2a: Orthworm|Sitrus Berry|[eat]\n|-heal|p2a: Orthworm|75\/100|[from] item: Sitrus Berry\n|\n|t:|1699724282\n|switch|p2a: Typhlosion|Typhlosion-Hisui, L50, M, shiny|100\/100|[from] Shed Tail\n|\n|-weather|SunnyDay|[upkeep]\n|-start|p1a: Scream Tail|perish3\n|-start|p2b: Torkoal|perish3\n|upkeep\n|turn|2\n|\n|t:|1699724301\n|-terastallize|p2a: Typhlosion|Fire\n|-terastallize|p1b: Gothitelle|Water\n|move|p2b: Torkoal|Helping Hand|p2a: Typhlosion\n|-singleturn|p2a: Typhlosion|Helping Hand|[of] p2b: Torkoal\n|move|p1b: Gothitelle|Fake Out|p2b: Torkoal\n|-damage|p2b: Torkoal|89\/100\n|move|p1a: Scream Tail|Perish Song|p1a: Scream Tail\n|-start|p1b: Gothitelle|perish3|[silent]\n|-start|p2a: Typhlosion|perish3|[silent]\n|-fieldactivate|move: Perish Song\n|move|p2a: Typhlosion|Eruption|p1a: Scream Tail|[spread] p1a,p1b\n|-resisted|p1b: Gothitelle\n|-damage|p1a: Scream Tail|0 fnt\n|-damage|p1b: Gothitelle|2\/100\n|-enditem|p1b: Gothitelle|Sitrus Berry|[eat]\n|-heal|p1b: Gothitelle|26\/100|[from] item: Sitrus Berry\n|faint|p1a: Scream Tail\n|-end|p1a: Scream Tail|Protosynthesis|[silent]\n|\n|-weather|SunnyDay|[upkeep]\n|-start|p2a: Typhlosion|perish3\n|-start|p1b: Gothitelle|perish3\n|-start|p2b: Torkoal|perish2\n|upkeep\n|\n|t:|1699724322\n|switch|p1a: Sinistcha|Sinistcha-Masterpiece, L50|100\/100\n|-heal|p1b: Gothitelle|51\/100|[from] ability: Hospitality|[of] p1a: Sinistcha\n|turn|3\n|\n|t:|1699724331\n|move|p2b: Torkoal|Helping Hand|p2a: Typhlosion\n|-singleturn|p2a: Typhlosion|Helping Hand|[of] p2b: Torkoal\n|move|p1a: Sinistcha|Protect|p1a: Sinistcha\n|-singleturn|p1a: Sinistcha|Protect\n|move|p1b: Gothitelle|Protect|p1b: Gothitelle\n|-singleturn|p1b: Gothitelle|Protect\n|move|p2a: Typhlosion|Eruption|p1b: Gothitelle|[spread] \n|-activate|p1a: Sinistcha|move: Protect\n|-activate|p1b: Gothitelle|move: Protect\n|\n|-weather|SunnyDay|[upkeep]\n|-start|p2a: Typhlosion|perish2\n|-start|p1b: Gothitelle|perish2\n|-start|p2b: Torkoal|perish1\n|upkeep\n|turn|4\n|inactive|UnholygrailPKMN has 30 seconds left.\n|\n|t:|1699724357\n|switch|p1b: Landorus|Landorus-Therian, L50, M|100\/100\n|-ability|p1b: Landorus|Intimidate|boost\n|-immune|p2a: Typhlosion\n|-unboost|p2b: Torkoal|atk|1\n|-enditem|p2b: Torkoal|Eject Pack\n|c|\u2606crayvien|Thanks lol\n|\n|t:|1699724373\n|switch|p2b: Orthworm|Orthworm, L50, M, shiny|75\/100\n|move|p1a: Sinistcha|Protect|p1a: Sinistcha\n|-singleturn|p1a: Sinistcha|Protect\n|move|p2a: Typhlosion|Eruption|p1a: Sinistcha|[spread] p1b\n|-activate|p1a: Sinistcha|move: Protect\n|-damage|p1b: Landorus|0 fnt\n|faint|p1b: Landorus\n|\n|-weather|SunnyDay|[upkeep]\n|-start|p2a: Typhlosion|perish1\n|upkeep\n|\n|t:|1699724385\n|switch|p1b: Gothitelle|Gothitelle, L50, M, tera:Water|51\/100\n|turn|5\n|\n|t:|1699724399\n|move|p1a: Sinistcha|Protect|p1a: Sinistcha\n|-singleturn|p1a: Sinistcha|Protect\n|move|p1b: Gothitelle|Protect|p1b: Gothitelle\n|-singleturn|p1b: Gothitelle|Protect\n|move|p2a: Typhlosion|Eruption|p1a: Sinistcha|[spread] \n|-activate|p1a: Sinistcha|move: Protect\n|-activate|p1b: Gothitelle|move: Protect\n|move|p2b: Orthworm|Coil|p2b: Orthworm\n|-boost|p2b: Orthworm|atk|1\n|-boost|p2b: Orthworm|def|1\n|-boost|p2b: Orthworm|accuracy|1\n|\n|-weather|none\n|-start|p2a: Typhlosion|perish0\n|faint|p2a: Typhlosion\n|upkeep\n|\n|t:|1699724404\n|switch|p2a: Torkoal|Torkoal, L50, M, shiny|89\/100\n|-weather|SunnyDay|[from] ability: Drought|[of] p2a: Torkoal\n|turn|6\n|inactive|UnholygrailPKMN has 30 seconds left.\n|\n|t:|1699724433\n|move|p2b: Orthworm|Coil|p2b: Orthworm\n|-boost|p2b: Orthworm|atk|1\n|-boost|p2b: Orthworm|def|1\n|-boost|p2b: Orthworm|accuracy|1\n|move|p1a: Sinistcha|Strength Sap|p2b: Orthworm\n|-unboost|p2b: Orthworm|atk|1\n|move|p1b: Gothitelle|Psychic|p2a: Torkoal\n|-damage|p2a: Torkoal|61\/100\n|move|p2a: Torkoal|Overheat|p1a: Sinistcha|[miss]\n|-miss|p2a: Torkoal|p1a: Sinistcha\n|\n|-weather|SunnyDay|[upkeep]\n|upkeep\n|turn|7\n|\n|t:|1699724455\n|move|p1b: Gothitelle|Protect|p1b: Gothitelle\n|-singleturn|p1b: Gothitelle|Protect\n|move|p2b: Orthworm|Coil|p2b: Orthworm\n|-boost|p2b: Orthworm|atk|1\n|-boost|p2b: Orthworm|def|1\n|-boost|p2b: Orthworm|accuracy|1\n|move|p1a: Sinistcha|Matcha Gotcha|p2a: Torkoal|[spread] p2b\n|-miss|p1a: Sinistcha|p2a: Torkoal\n|-resisted|p2b: Orthworm\n|-damage|p2b: Orthworm|61\/100\n|move|p2a: Torkoal|Overheat|p1a: Sinistcha\n|-supereffective|p1a: Sinistcha\n|-damage|p1a: Sinistcha|0 fnt\n|-unboost|p2a: Torkoal|spa|2\n|faint|p1a: Sinistcha\n|\n|-weather|SunnyDay|[upkeep]\n|upkeep\n|turn|8\n|l|\u2606UnholygrailPKMN\n|inactive|UnholygrailPKMN disconnected and has a minute to reconnect!\n|player|p1|\n|j|\u2606UnholygrailPKMN\n|inactive|UnholygrailPKMN reconnected and has 45 seconds left.\n|player|p1|UnholygrailPKMN|170\n|\n|t:|1699724470\n|move|p2a: Torkoal|Helping Hand|p2b: Orthworm\n|-singleturn|p2b: Orthworm|Helping Hand|[of] p2a: Torkoal\n|move|p2b: Orthworm|Body Press|p1b: Gothitelle\n|-damage|p1b: Gothitelle|0 fnt\n|faint|p1b: Gothitelle\n|\n|win|crayvien\n|raw|UnholygrailPKMN's rating: 1092 &rarr; <strong>1072<\/strong><br \/>(-20 for losing)\n|raw|crayvien's rating: 1146 &rarr; <strong>1167<\/strong><br \/>(+21 for winning)\n|l|\u2606UnholygrailPKMN\n","uploadtime":1699724482,"views":23,"p1id":"unholygrailpkmn","p2id":"crayvien","formatid":"gen9vgc2023regulatione","rating":1072,"private":0,"password":""}