{"id":"gen9vgc2023regulatione-1992610203","p1":"PichuPKM","p2":"hokagege","format":"[Gen 9] VGC 2023 Regulation E","log":"|j|\u2606PichuPKM\n|j|\u2606hokagege\n|t:|1700214286\n|gametype|doubles\n|player|p1|PichuPKM|cynthia|1202\n|player|p2|hokagege|schoolkid-gen4|1244\n|teamsize|p1|6\n|teamsize|p2|6\n|gen|9\n|tier|[Gen 9] VGC 2023 Regulation E\n|rated|\n|rule|Species Clause: Limit one of each Pok\u00e9mon\n|rule|Item Clause: Limit one of each item\n|clearpoke\n|poke|p1|Dipplin, L50, M|\n|poke|p1|Iron Bundle, L50|\n|poke|p1|Chi-Yu, L50|\n|poke|p1|Landorus-Therian, L50, M|\n|poke|p1|Farigiraf, L50, F|\n|poke|p1|Iron Hands, L50|\n|poke|p2|Ogerpon-Wellspring, L50, F|\n|poke|p2|Volcarona, L50, F|\n|poke|p2|Landorus-Therian, L50, M|\n|poke|p2|Gholdengo, L50|\n|poke|p2|Tornadus, L50, M|\n|poke|p2|Arcanine-Hisui, L50, M|\n|teampreview|4\n|inactive|Battle timer is ON: inactive players will automatically lose when time's up. (requested by hokagege)\n|\n|t:|1700214346\n|start\n|switch|p1a: Iron Bundle|Iron Bundle, L50|100\/100\n|switch|p1b: Iron Hands|Iron Hands, L50|100\/100\n|switch|p2a: Ogerpon|Ogerpon-Wellspring, L50, F|100\/100\n|switch|p2b: Gholdengo|Gholdengo, L50|100\/100\n|-enditem|p1a: Iron Bundle|Booster Energy\n|-activate|p1a: Iron Bundle|ability: Quark Drive|[fromitem]\n|-start|p1a: Iron Bundle|quarkdrivespe\n|turn|1\n|\n|t:|1700214367\n|-end|p1b: Iron Hands|Quark Drive|[silent]\n|switch|p1b: Landorus|Landorus-Therian, L50, M|100\/100\n|-ability|p1b: Landorus|Intimidate|boost\n|-unboost|p2a: Ogerpon|atk|1\n|-unboost|p2b: Gholdengo|atk|1\n|move|p1a: Iron Bundle|Protect|p1a: Iron Bundle\n|-singleturn|p1a: Iron Bundle|Protect\n|move|p2a: Ogerpon|Spiky Shield|p2a: Ogerpon\n|-singleturn|p2a: Ogerpon|move: Protect\n|move|p2b: Gholdengo|Nasty Plot|p2b: Gholdengo\n|-boost|p2b: Gholdengo|spa|2\n|\n|upkeep\n|turn|2\n|\n|t:|1700214387\n|switch|p2a: Landorus|Landorus-Therian, L50, M|100\/100\n|-ability|p2a: Landorus|Intimidate|boost\n|-unboost|p1a: Iron Bundle|atk|1\n|-unboost|p1b: Landorus|atk|1\n|move|p2b: Gholdengo|Protect|p2b: Gholdengo\n|-singleturn|p2b: Gholdengo|Protect\n|move|p1a: Iron Bundle|Freeze-Dry|p2a: Landorus\n|-supereffective|p2a: Landorus\n|-damage|p2a: Landorus|0 fnt\n|faint|p2a: Landorus\n|move|p1b: Landorus|Stomping Tantrum|p2b: Gholdengo\n|-activate|p2b: Gholdengo|move: Protect\n|\n|upkeep\n|\n|t:|1700214409\n|switch|p2a: Ogerpon|Ogerpon-Wellspring, L50, F|100\/100\n|turn|3\n|\n|t:|1700214434\n|-terastallize|p2a: Ogerpon|Water\n|detailschange|p2a: Ogerpon|Ogerpon-Wellspring-Tera, L50, F, tera:Water\n|-ability|p2a: Ogerpon|Embody Aspect (Wellspring)|boost\n|-boost|p2a: Ogerpon|spd|1\n|move|p1a: Iron Bundle|Protect|p1a: Iron Bundle\n|-singleturn|p1a: Iron Bundle|Protect\n|move|p2a: Ogerpon|Follow Me|p2a: Ogerpon\n|-singleturn|p2a: Ogerpon|move: Follow Me\n|move|p1b: Landorus|Stomping Tantrum|p2a: Ogerpon\n|-damage|p2a: Ogerpon|64\/100\n|move|p2b: Gholdengo|Make It Rain|p1b: Landorus|[spread] p1b\n|-activate|p1a: Iron Bundle|move: Protect\n|-damage|p1b: Landorus|0 fnt\n|-unboost|p2b: Gholdengo|spa|1\n|faint|p1b: Landorus\n|\n|upkeep\n|\n|t:|1700214441\n|switch|p1b: Dipplin|Dipplin, L50, M, shiny|100\/100\n|-ability|p1b: Dipplin|Supersweet Syrup\n|-ability|p1b: Dipplin|Supersweet Syrup|boost\n|-unboost|p2a: Ogerpon|evasion|1\n|-unboost|p2b: Gholdengo|evasion|1\n|turn|4\n|inactive|hokagege has 30 seconds left.\n|inactive|PichuPKM has 30 seconds left.\n|\n|t:|1700214472\n|-terastallize|p1a: Iron Bundle|Ghost\n|move|p1a: Iron Bundle|Freeze-Dry|p2a: Ogerpon\n|-supereffective|p2a: Ogerpon\n|-damage|p2a: Ogerpon|13\/100\n|move|p2a: Ogerpon|Ivy Cudgel|p1a: Iron Bundle|[anim] Ivy Cudgel Water\n|-damage|p1a: Iron Bundle|0 fnt\n|faint|p1a: Iron Bundle\n|-end|p1a: Iron Bundle|Quark Drive|[silent]\n|move|p2b: Gholdengo|Make It Rain|p1b: Dipplin\n|-damage|p1b: Dipplin|38\/100\n|-unboost|p2b: Gholdengo|spa|1\n|move|p1b: Dipplin|Syrup Bomb|p2b: Gholdengo\n|-resisted|p2b: Gholdengo\n|-damage|p2b: Gholdengo|91\/100\n|-start|p2b: Gholdengo|Syrup Bomb\n|\n|-unboost|p2b: Gholdengo|spe|1\n|upkeep\n|\n|t:|1700214487\n|switch|p1a: Iron Hands|Iron Hands, L50|100\/100\n|turn|5\n|\n|t:|1700214500\n|switch|p2a: Arcanine|Arcanine-Hisui, L50, M|100\/100\n|-ability|p2a: Arcanine|Intimidate|boost\n|-unboost|p1a: Iron Hands|atk|1\n|-unboost|p1b: Dipplin|atk|1\n|move|p2b: Gholdengo|Nasty Plot|p2b: Gholdengo\n|-boost|p2b: Gholdengo|spa|2\n|move|p1a: Iron Hands|Wild Charge|p2b: Gholdengo\n|-damage|p2b: Gholdengo|60\/100\n|-damage|p1a: Iron Hands|94\/100|[from] Recoil\n|move|p1b: Dipplin|Syrup Bomb|p2a: Arcanine\n|-damage|p2a: Arcanine|78\/100\n|-start|p2a: Arcanine|Syrup Bomb\n|\n|-unboost|p2a: Arcanine|spe|1\n|-unboost|p2b: Gholdengo|spe|1\n|upkeep\n|turn|6\n|\n|t:|1700214517\n|switch|p2a: Ogerpon|Ogerpon-Wellspring-Tera, L50, F, tera:Water|13\/100\n|-ability|p2a: Ogerpon|Embody Aspect (Wellspring)|boost\n|-boost|p2a: Ogerpon|spd|1\n|move|p2b: Gholdengo|Protect|p2b: Gholdengo\n|-singleturn|p2b: Gholdengo|Protect\n|move|p1b: Dipplin|Protect|p1b: Dipplin\n|-singleturn|p1b: Dipplin|Protect\n|move|p1a: Iron Hands|Drain Punch|p2a: Ogerpon\n|-damage|p2a: Ogerpon|0 fnt\n|-heal|p1a: Iron Hands|98\/100|[from] drain|[of] p2a: Ogerpon\n|faint|p2a: Ogerpon\n|\n|-unboost|p2b: Gholdengo|spe|1\n|upkeep\n|\n|t:|1700214531\n|switch|p2a: Arcanine|Arcanine-Hisui, L50, M|78\/100\n|-ability|p2a: Arcanine|Intimidate|boost\n|-unboost|p1a: Iron Hands|atk|1\n|-unboost|p1b: Dipplin|atk|1\n|turn|7\n|\n|t:|1700214540\n|move|p2a: Arcanine|Extreme Speed|p1b: Dipplin\n|-damage|p1b: Dipplin|16\/100\n|move|p1a: Iron Hands|Drain Punch|p2a: Arcanine\n|-supereffective|p2a: Arcanine\n|-damage|p2a: Arcanine|24\/100\n|-heal|p1a: Iron Hands|100\/100|[from] drain|[of] p2a: Arcanine\n|move|p1b: Dipplin|Pollen Puff|p1a: Iron Hands\n|-immune|p1a: Iron Hands\n|move|p2b: Gholdengo|Make It Rain|p1b: Dipplin|[spread] p1a,p1b\n|-resisted|p1a: Iron Hands\n|-damage|p1a: Iron Hands|75\/100\n|-damage|p1b: Dipplin|0 fnt\n|-unboost|p2b: Gholdengo|spa|1\n|faint|p1b: Dipplin\n|\n|-end|p2b: Gholdengo|Syrup Bomb|[silent]\n|upkeep\n|turn|8\n|\n|t:|1700214564\n|move|p2a: Arcanine|Extreme Speed|p1a: Iron Hands\n|-damage|p1a: Iron Hands|46\/100\n|move|p1a: Iron Hands|Drain Punch|p2a: Arcanine\n|-supereffective|p2a: Arcanine\n|-damage|p2a: Arcanine|0 fnt\n|-heal|p1a: Iron Hands|55\/100|[from] drain|[of] p2a: Arcanine\n|faint|p2a: Arcanine\n|move|p2b: Gholdengo|Nasty Plot|p2b: Gholdengo\n|-boost|p2b: Gholdengo|spa|2\n|\n|upkeep\n|turn|9\n|\n|t:|1700214577\n|move|p1a: Iron Hands|Wild Charge|p2b: Gholdengo\n|-damage|p2b: Gholdengo|34\/100\n|-enditem|p2b: Gholdengo|Sitrus Berry|[eat]\n|-heal|p2b: Gholdengo|59\/100|[from] item: Sitrus Berry\n|-damage|p1a: Iron Hands|50\/100|[from] Recoil\n|move|p2b: Gholdengo|Make It Rain|p1a: Iron Hands\n|-resisted|p1a: Iron Hands\n|-damage|p1a: Iron Hands|7\/100\n|-unboost|p2b: Gholdengo|spa|1\n|\n|upkeep\n|turn|10\n|\n|t:|1700214590\n|move|p2b: Gholdengo|Protect|p2b: Gholdengo\n|-singleturn|p2b: Gholdengo|Protect\n|move|p1a: Iron Hands|Wild Charge|p2b: Gholdengo\n|-activate|p2b: Gholdengo|move: Protect\n|\n|upkeep\n|turn|11\n|\n|t:|1700214597\n|move|p1a: Iron Hands|Wild Charge|p2b: Gholdengo\n|-crit|p2b: Gholdengo\n|-damage|p2b: Gholdengo|0 fnt\n|faint|p2b: Gholdengo\n|-damage|p1a: Iron Hands|0 fnt|[from] Recoil\n|faint|p1a: Iron Hands\n|-end|p1a: Iron Hands|Quark Drive|[silent]\n|\n|win|PichuPKM\n|raw|PichuPKM's rating: 1202 &rarr; <strong>1230<\/strong><br \/>(+28 for winning)\n|raw|hokagege's rating: 1244 &rarr; <strong>1216<\/strong><br \/>(-28 for losing)\n|c|\u2606hokagege|lmaoooooo\n|c|\u2606hokagege|it crit\n|c|\u2606PichuPKM|best end posible\n|c|\u2606PichuPKM|xddd\n|c|\u2606hokagege|yea mate\n|c|\u2606PichuPKM|gg\n|c|\u2606hokagege|lucky for u\n|c|\u2606hokagege|hahahahha\n|c|\u2606hokagege|gg tho\n|c|\u2606PichuPKM|gg\n","uploadtime":1700214637,"views":20,"p1id":"pichupkm","p2id":"hokagege","formatid":"gen9vgc2023regulatione","rating":1216,"private":0,"password":""}