{"id":"gen9vgc2023regulatione-1988781565","p1":"u7h7hh798","p2":"afx237 v7","format":"[Gen 9] VGC 2023 Regulation E","log":"|j|\u2606u7h7hh798\n|j|\u2606afx237 v7\n|t:|1699762361\n|gametype|doubles\n|player|p1|u7h7hh798|silver|1287\n|player|p2|afx237 v7|cynthia|1312\n|teamsize|p1|6\n|teamsize|p2|6\n|gen|9\n|tier|[Gen 9] VGC 2023 Regulation E\n|rated|\n|rule|Species Clause: Limit one of each Pok\u00e9mon\n|rule|Item Clause: Limit one of each item\n|clearpoke\n|poke|p1|Dondozo, L50, M|\n|poke|p1|Tatsugiri, L50, F|\n|poke|p1|Glimmora, L50, M|\n|poke|p1|Urshifu-*, L50, M|\n|poke|p1|Ogerpon-Wellspring, L50, F|\n|poke|p1|Chi-Yu, L50|\n|poke|p2|Sneasler, L50, M|\n|poke|p2|Armarouge, L50, M|\n|poke|p2|Indeedee-F, L50, F|\n|poke|p2|Urshifu-*, L50, M|\n|poke|p2|Chien-Pao, L50|\n|poke|p2|Tornadus, L50, M|\n|teampreview|4\n|inactive|Battle timer is ON: inactive players will automatically lose when time's up. (requested by u7h7hh798)\n|inactive|u7h7hh798 has 60 seconds left.\n|inactive|afx237 v7 has 60 seconds left.\n|\n|t:|1699762402\n|start\n|switch|p1a: Ogerpon|Ogerpon-Wellspring, L50, F|100\/100\n|switch|p1b: Chi-Yu|Chi-Yu, L50|100\/100\n|switch|p2a: Indeedee|Indeedee-F, L50, F|100\/100\n|switch|p2b: Armarouge|Armarouge, L50, M|100\/100\n|-ability|p1b: Chi-Yu|Beads of Ruin\n|-fieldstart|move: Psychic Terrain|[from] ability: Psychic Surge|[of] p2a: Indeedee\n|turn|1\n|\n|t:|1699762425\n|move|p2a: Indeedee|Follow Me|p2a: Indeedee\n|-singleturn|p2a: Indeedee|move: Follow Me\n|move|p1b: Chi-Yu|Snarl|p2b: Armarouge|[spread] p2a,p2b\n|-supereffective|p2a: Indeedee\n|-supereffective|p2b: Armarouge\n|-damage|p2a: Indeedee|32\/100\n|-enditem|p2b: Armarouge|Focus Sash\n|-damage|p2b: Armarouge|1\/100\n|-unboost|p2a: Indeedee|spa|1\n|-unboost|p2b: Armarouge|spa|1\n|move|p1a: Ogerpon|Ivy Cudgel|p2a: Indeedee\n|-damage|p2a: Indeedee|0 fnt\n|faint|p2a: Indeedee\n|move|p2b: Armarouge|Expanding Force|p1b: Chi-Yu|[spread] p1a\n|-immune|p1b: Chi-Yu\n|-damage|p1a: Ogerpon|46\/100\n|\n|upkeep\n|\n|t:|1699762444\n|switch|p2a: Urshifu|Urshifu-Rapid-Strike, L50, M|100\/100\n|turn|2\n|\n|t:|1699762468\n|move|p1a: Ogerpon|Follow Me|p1a: Ogerpon\n|-singleturn|p1a: Ogerpon|move: Follow Me\n|move|p2a: Urshifu|Surging Strikes|p1a: Ogerpon\n|-heal|p1a: Ogerpon|71\/100|[from] ability: Water Absorb|[of] p2a: Urshifu\n|move|p1b: Chi-Yu|Snarl|p2a: Urshifu|[spread] p2a,p2b\n|-resisted|p2a: Urshifu\n|-supereffective|p2b: Armarouge\n|-damage|p2a: Urshifu|74\/100\n|-damage|p2b: Armarouge|0 fnt\n|-unboost|p2a: Urshifu|spa|1\n|faint|p2b: Armarouge\n|\n|upkeep\n|\n|t:|1699762479\n|switch|p2b: Chien-Pao|Chien-Pao, L50|100\/100\n|-ability|p2b: Chien-Pao|Sword of Ruin\n|turn|3\n|\n|t:|1699762494\n|move|p2a: Urshifu|Surging Strikes|p1b: Chi-Yu\n|-supereffective|p1b: Chi-Yu\n|-crit|p1b: Chi-Yu\n|-damage|p1b: Chi-Yu|20\/100\n|-supereffective|p1b: Chi-Yu\n|-crit|p1b: Chi-Yu\n|-damage|p1b: Chi-Yu|0 fnt\n|faint|p1b: Chi-Yu\n|-hitcount|p1: Chi-Yu|2\n|move|p2b: Chien-Pao|Crunch|p1a: Ogerpon\n|-damage|p1a: Ogerpon|0 fnt\n|faint|p1a: Ogerpon\n|-damage|p2b: Chien-Pao|91\/100|[from] item: Life Orb\n|\n|upkeep\n|\n|t:|1699762503\n|switch|p1b: Tatsugiri|Tatsugiri, L50, F|100\/100\n|switch|p1a: Dondozo|Dondozo, L50, M|100\/100\n|-activate|p1b: Tatsugiri|ability: Commander|[of] p1a: Dondozo\n|-boost|p1a: Dondozo|atk|2\n|-boost|p1a: Dondozo|spa|2\n|-boost|p1a: Dondozo|spe|2\n|-boost|p1a: Dondozo|def|2\n|-boost|p1a: Dondozo|spd|2\n|turn|4\n|\n|t:|1699762527\n|-terastallize|p2a: Urshifu|Water\n|move|p2a: Urshifu|Surging Strikes|p1a: Dondozo\n|-resisted|p1a: Dondozo\n|-crit|p1a: Dondozo\n|-damage|p1a: Dondozo|88\/100\n|-resisted|p1a: Dondozo\n|-crit|p1a: Dondozo\n|-damage|p1a: Dondozo|77\/100\n|-resisted|p1a: Dondozo\n|-crit|p1a: Dondozo\n|-damage|p1a: Dondozo|64\/100\n|-hitcount|p1a: Dondozo|3\n|move|p2b: Chien-Pao|Crunch|p1a: Dondozo\n|-crit|p1a: Dondozo\n|-damage|p1a: Dondozo|2\/100\n|-damage|p2b: Chien-Pao|81\/100|[from] item: Life Orb\n|move|p1a: Dondozo|Order Up|p2b: Chien-Pao\n|-damage|p2b: Chien-Pao|29\/100\n|-boost|p1a: Dondozo|atk|1\n|\n|-heal|p1a: Dondozo|8\/100|[from] item: Leftovers\n|upkeep\n|turn|5\n|inactive|u7h7hh798 has 30 seconds left.\n|inactive|u7h7hh798 has 20 seconds left.\n|\n|t:|1699762564\n|move|p2a: Urshifu|Surging Strikes|p1a: Dondozo\n|-resisted|p1a: Dondozo\n|-crit|p1a: Dondozo\n|-damage|p1a: Dondozo|0 fnt\n|faint|p1a: Dondozo\n|-hitcount|p1: Dondozo|1\n|move|p2b: Chien-Pao|Crunch|p1b: Tatsugiri\n|-damage|p1b: Tatsugiri|29\/100\n|-unboost|p1b: Tatsugiri|def|1\n|-damage|p2b: Chien-Pao|19\/100|[from] item: Life Orb\n|\n|-fieldend|move: Psychic Terrain\n|upkeep\n|turn|6\n|\n|t:|1699762588\n|move|p2a: Urshifu|Surging Strikes|p1b: Tatsugiri\n|-resisted|p1b: Tatsugiri\n|-crit|p1b: Tatsugiri\n|-damage|p1b: Tatsugiri|14\/100\n|-resisted|p1b: Tatsugiri\n|-crit|p1b: Tatsugiri\n|-damage|p1b: Tatsugiri|0 fnt\n|faint|p1b: Tatsugiri\n|-hitcount|p1: Tatsugiri|2\n|\n|win|afx237 v7\n|raw|u7h7hh798's rating: 1287 &rarr; <strong>1264<\/strong><br \/>(-23 for losing)\n|raw|afx237 v7's rating: 1312 &rarr; <strong>1331<\/strong><br \/>(+19 for winning)\n","uploadtime":1699762596,"views":17,"p1id":"u7h7hh798","p2id":"afx237v7","formatid":"gen9vgc2023regulatione","rating":1264,"private":0,"password":""}