{"id":"gen9vgc2023regulatione-1990573215","p1":"rmb28","p2":"pelipperislandxoo","format":"[Gen 9] VGC 2023 Regulation E","log":"|j|\u2606rmb28\n|j|\u2606pelipperislandxoo\n|t:|1699982531\n|gametype|doubles\n|player|p1|rmb28|caitlin|1056\n|player|p2|pelipperislandxoo|102|1076\n|teamsize|p1|6\n|teamsize|p2|6\n|gen|9\n|tier|[Gen 9] VGC 2023 Regulation E\n|rated|\n|rule|Species Clause: Limit one of each Pok\u00e9mon\n|rule|Item Clause: Limit one of each item\n|clearpoke\n|poke|p1|Lilligant-Hisui, L50, F|\n|poke|p1|Torkoal, L50, F|\n|poke|p1|Ursaluna, L50, M|\n|poke|p1|Oranguru, L50, M|\n|poke|p1|Iron Hands, L50|\n|poke|p1|Urshifu-*, L50, M|\n|poke|p2|Urshifu-*, L50, M|\n|poke|p2|Thundurus, L50, M|\n|poke|p2|Rillaboom, L50, M|\n|poke|p2|Wyrdeer, L50, F|\n|poke|p2|Maushold-Four, L50|\n|poke|p2|Dragonite, L50, F|\n|teampreview|4\n|inactive|Battle timer is ON: inactive players will automatically lose when time's up. (requested by pelipperislandxoo)\n|inactive|rmb28 also wants the timer to be on.\n|c|\u2606rmb28|glhf\n|c|\u2606rmb28|pelliper island \ud83d\udd25\ud83d\udd25\ud83d\udd25\n|inactive|rmb28 has 60 seconds left.\n|\n|t:|1699982563\n|start\n|switch|p1a: Oranguru|Oranguru, L50, M|100\/100\n|switch|p1b: Heisenburg|Iron Hands, L50|100\/100\n|switch|p2a: Urshifu|Urshifu, L50, M|100\/100\n|switch|p2b: Wyrdeer|Wyrdeer, L50, F|100\/100\n|-ability|p2b: Wyrdeer|Intimidate|boost\n|-unboost|p1a: Oranguru|atk|1\n|-unboost|p1b: Heisenburg|atk|1\n|turn|1\n|\n|t:|1699982580\n|move|p2a: Urshifu|Detect|p2a: Urshifu\n|-singleturn|p2a: Urshifu|Protect\n|move|p1b: Heisenburg|Fake Out|p2a: Urshifu\n|-activate|p2a: Urshifu|move: Protect\n|move|p2b: Wyrdeer|Earth Power|p1b: Heisenburg\n|-supereffective|p1b: Heisenburg\n|-damage|p1b: Heisenburg|64\/100\n|move|p1a: Oranguru|Trick Room|p1a: Oranguru\n|-fieldstart|move: Trick Room|[of] p1a: Oranguru\n|\n|upkeep\n|turn|2\n|\n|t:|1699982599\n|-end|p1b: Heisenburg|Quark Drive|[silent]\n|switch|p1b: Ursaluna|Ursaluna, L50, M|100\/100\n|move|p1a: Oranguru|Protect|p1a: Oranguru\n|-singleturn|p1a: Oranguru|Protect\n|move|p2a: Urshifu|Wicked Blow|p1a: Oranguru\n|-supereffective|p1a: Oranguru\n|-crit|p1a: Oranguru\n|-damage|p1a: Oranguru|0 fnt\n|faint|p1a: Oranguru\n|move|p2b: Wyrdeer|Earth Power|p1b: Ursaluna\n|-damage|p1b: Ursaluna|75\/100\n|\n|-status|p1b: Ursaluna|brn|[from] item: Flame Orb\n|upkeep\n|c|\u2606rmb28|ii love that ability :DDDDDDDDDDDD\n|\n|t:|1699982616\n|switch|p1a: Heisenburg|Iron Hands, L50|64\/100\n|turn|3\n|inactive|rmb28 has 30 seconds left.\n|\n|t:|1699982646\n|switch|p2b: Dragonite|Dragonite, L50, F|100\/100\n|-terastallize|p1a: Heisenburg|Grass\n|move|p2a: Urshifu|Detect|p2a: Urshifu\n|-singleturn|p2a: Urshifu|Protect\n|move|p1a: Heisenburg|Fake Out|p2b: Dragonite\n|-damage|p2b: Dragonite|80\/100\n|move|p1b: Ursaluna|Earthquake|p2a: Urshifu|[spread] p1a\n|-activate|p2a: Urshifu|move: Protect\n|-immune|p2b: Dragonite\n|-resisted|p1a: Heisenburg\n|-damage|p1a: Heisenburg|41\/100\n|\n|-damage|p1b: Ursaluna|69\/100 brn|[from] brn\n|upkeep\n|turn|4\n|\n|t:|1699982671\n|move|p2a: Urshifu|Wicked Blow|p1b: Ursaluna\n|-crit|p1b: Ursaluna\n|-damage|p1b: Ursaluna|24\/100 brn\n|move|p1b: Ursaluna|Facade|p2b: Dragonite\n|-damage|p2b: Dragonite|0 fnt\n|faint|p2b: Dragonite\n|move|p1a: Heisenburg|Drain Punch|p2a: Urshifu\n|-supereffective|p2a: Urshifu\n|-damage|p2a: Urshifu|24\/100\n|-heal|p1a: Heisenburg|73\/100|[from] drain|[of] p2a: Urshifu\n|\n|-damage|p1b: Ursaluna|18\/100 brn|[from] brn\n|upkeep\n|c|\u2606rmb28|wait\n|\n|t:|1699982683\n|switch|p2b: Wyrdeer|Wyrdeer, L50, F|100\/100\n|-ability|p2b: Wyrdeer|Intimidate|boost\n|-unboost|p1a: Heisenburg|atk|1\n|-unboost|p1b: Ursaluna|atk|1\n|turn|5\n|c|\u2606rmb28|what????????\n|c|\u2606rmb28|why did it go first??\n|inactive|rmb28 has 30 seconds left.\n|inactive|pelipperislandxoo has 30 seconds left.\n|c|\u2606rmb28|HUH????????????????????????\n|inactive|rmb28 has 20 seconds left.\n|\n|t:|1699982723\n|move|p1b: Ursaluna|Protect|p1b: Ursaluna\n|-singleturn|p1b: Ursaluna|Protect\n|move|p2a: Urshifu|Wicked Blow|p1b: Ursaluna\n|-crit|p1b: Ursaluna\n|-damage|p1b: Ursaluna|0 fnt\n|faint|p1b: Ursaluna\n|move|p2b: Wyrdeer|Earth Power|p1a: Heisenburg\n|-resisted|p1a: Heisenburg\n|-damage|p1a: Heisenburg|63\/100\n|move|p1a: Heisenburg|Drain Punch|p2b: Wyrdeer\n|-damage|p2b: Wyrdeer|70\/100\n|-heal|p1a: Heisenburg|76\/100|[from] drain|[of] p2b: Wyrdeer\n|\n|-fieldend|move: Trick Room\n|upkeep\n|\n|t:|1699982730\n|switch|p1b: Urshifu|Urshifu, L50, M|100\/100\n|turn|6\n|c|\u2606rmb28|im actually so confused lmao\n|\n|t:|1699982751\n|switch|p2a: Rillaboom|Rillaboom, L50, M|100\/100\n|-fieldstart|move: Grassy Terrain|[from] ability: Grassy Surge|[of] p2a: Rillaboom\n|move|p1b: Urshifu|Sucker Punch||[still]\n|-fail|p1b: Urshifu\n|move|p1a: Heisenburg|Drain Punch|p2a: Rillaboom\n|-damage|p2a: Rillaboom|71\/100\n|-heal|p1a: Heisenburg|88\/100|[from] drain|[of] p2a: Rillaboom\n|move|p2b: Wyrdeer|Trick Room|p2b: Wyrdeer\n|-fieldstart|move: Trick Room|[of] p2b: Wyrdeer\n|\n|-heal|p2b: Wyrdeer|76\/100|[from] Grassy Terrain\n|-heal|p1a: Heisenburg|94\/100|[from] Grassy Terrain\n|-heal|p2a: Rillaboom|77\/100|[from] Grassy Terrain\n|upkeep\n|turn|7\n|inactive|rmb28 has 30 seconds left.\n|inactive|pelipperislandxoo has 30 seconds left.\n|\n|t:|1699982781\n|switch|p2b: Urshifu|Urshifu, L50, M|24\/100\n|move|p2a: Rillaboom|Fake Out|p1b: Urshifu\n|-crit|p1b: Urshifu\n|-damage|p1b: Urshifu|76\/100\n|cant|p1b: Urshifu|flinch\n|move|p1a: Heisenburg|Drain Punch|p2a: Rillaboom\n|-damage|p2a: Rillaboom|48\/100\n|-heal|p1a: Heisenburg|100\/100|[from] drain|[of] p2a: Rillaboom\n|\n|-heal|p2b: Urshifu|30\/100|[from] Grassy Terrain\n|-heal|p2a: Rillaboom|54\/100|[from] Grassy Terrain\n|-heal|p1b: Urshifu|82\/100|[from] Grassy Terrain\n|upkeep\n|turn|8\n|\n|t:|1699982799\n|switch|p2a: Wyrdeer|Wyrdeer, L50, F|76\/100\n|-ability|p2a: Wyrdeer|Intimidate|boost\n|-unboost|p1a: Heisenburg|atk|1\n|-unboost|p1b: Urshifu|atk|1\n|move|p1b: Urshifu|Sucker Punch|p2b: Urshifu\n|-resisted|p2b: Urshifu\n|-damage|p2b: Urshifu|23\/100\n|move|p2b: Urshifu|Close Combat|p1b: Urshifu\n|-supereffective|p1b: Urshifu\n|-damage|p1b: Urshifu|0 fnt\n|-unboost|p2b: Urshifu|def|1\n|-unboost|p2b: Urshifu|spd|1\n|faint|p1b: Urshifu\n|move|p1a: Heisenburg|Drain Punch|p2a: Wyrdeer\n|-damage|p2a: Wyrdeer|53\/100\n|\n|-heal|p2b: Urshifu|29\/100|[from] Grassy Terrain\n|-heal|p2a: Wyrdeer|59\/100|[from] Grassy Terrain\n|upkeep\n|turn|9\n|inactive|pelipperislandxoo has 30 seconds left.\n|\n|t:|1699982830\n|switch|p2a: Rillaboom|Rillaboom, L50, M|54\/100\n|move|p2b: Urshifu|Wicked Blow|p1a: Heisenburg\n|-crit|p1a: Heisenburg\n|-damage|p1a: Heisenburg|58\/100\n|move|p1a: Heisenburg|Drain Punch|p2b: Urshifu\n|-supereffective|p2b: Urshifu\n|-damage|p2b: Urshifu|0 fnt\n|-heal|p1a: Heisenburg|70\/100|[from] drain|[of] p2b: Urshifu\n|faint|p2b: Urshifu\n|\n|-heal|p1a: Heisenburg|76\/100|[from] Grassy Terrain\n|-heal|p2a: Rillaboom|60\/100|[from] Grassy Terrain\n|upkeep\n|\n|t:|1699982842\n|switch|p2b: Wyrdeer|Wyrdeer, L50, F|59\/100\n|-ability|p2b: Wyrdeer|Intimidate|boost\n|-unboost|p1a: Heisenburg|atk|1\n|turn|10\n|c|\u2606rmb28|these intimdates lmfao\n|\n|t:|1699982857\n|move|p2a: Rillaboom|Fake Out|p1a: Heisenburg\n|-damage|p1a: Heisenburg|67\/100\n|move|p2b: Wyrdeer|Earth Power|p1a: Heisenburg\n|-resisted|p1a: Heisenburg\n|-damage|p1a: Heisenburg|58\/100\n|cant|p1a: Heisenburg|flinch\n|\n|-heal|p2b: Wyrdeer|65\/100|[from] Grassy Terrain\n|-heal|p1a: Heisenburg|64\/100|[from] Grassy Terrain\n|-heal|p2a: Rillaboom|66\/100|[from] Grassy Terrain\n|-fieldend|move: Trick Room\n|-fieldend|move: Grassy Terrain\n|upkeep\n|turn|11\n|\n|t:|1699982876\n|move|p2a: Rillaboom|Drain Punch|p1a: Heisenburg\n|-damage|p1a: Heisenburg|45\/100\n|-heal|p2a: Rillaboom|77\/100|[from] drain|[of] p1a: Heisenburg\n|move|p1a: Heisenburg|Wild Charge|p2b: Wyrdeer\n|-damage|p2b: Wyrdeer|42\/100\n|-damage|p1a: Heisenburg|40\/100|[from] Recoil\n|move|p2b: Wyrdeer|Skill Swap|p2a: Rillaboom\n|-activate|p2b: Wyrdeer|move: Skill Swap|||[of] p2a: Rillaboom\n|-fieldstart|move: Grassy Terrain|[from] ability: Grassy Surge|[of] p2b: Wyrdeer\n|-ability|p2a: Rillaboom|Intimidate|boost\n|-unboost|p1a: Heisenburg|atk|1\n|\n|-heal|p2a: Rillaboom|83\/100|[from] Grassy Terrain\n|-heal|p1a: Heisenburg|46\/100|[from] Grassy Terrain\n|-heal|p2b: Wyrdeer|48\/100|[from] Grassy Terrain\n|upkeep\n|turn|12\n|\n|t:|1699982893\n|move|p2a: Rillaboom|Drain Punch|p1a: Heisenburg\n|-damage|p1a: Heisenburg|28\/100\n|-heal|p2a: Rillaboom|94\/100|[from] drain|[of] p1a: Heisenburg\n|move|p1a: Heisenburg|Drain Punch|p2b: Wyrdeer\n|-damage|p2b: Wyrdeer|32\/100\n|-heal|p1a: Heisenburg|35\/100|[from] drain|[of] p2b: Wyrdeer\n|move|p2b: Wyrdeer|Earth Power|p1a: Heisenburg\n|-resisted|p1a: Heisenburg\n|-crit|p1a: Heisenburg\n|-damage|p1a: Heisenburg|19\/100\n|\n|-heal|p2a: Rillaboom|99\/100|[from] Grassy Terrain\n|-heal|p1a: Heisenburg|25\/100|[from] Grassy Terrain\n|-heal|p2b: Wyrdeer|38\/100|[from] Grassy Terrain\n|upkeep\n|turn|13\n|c|\u2606rmb28|BRO MY ATTACK STAT\n|c|\u2606rmb28|PLEASE\n|c|\u2606rmb28|LMAO\n|\n|t:|1699982912\n|move|p2a: Rillaboom|Grassy Glide|p1a: Heisenburg\n|-resisted|p1a: Heisenburg\n|-damage|p1a: Heisenburg|12\/100\n|move|p1a: Heisenburg|Drain Punch|p2b: Wyrdeer\n|-crit|p2b: Wyrdeer\n|-damage|p2b: Wyrdeer|0 fnt\n|-heal|p1a: Heisenburg|28\/100|[from] drain|[of] p2b: Wyrdeer\n|faint|p2b: Wyrdeer\n|\n|-heal|p2a: Rillaboom|100\/100|[from] Grassy Terrain\n|-heal|p1a: Heisenburg|34\/100|[from] Grassy Terrain\n|upkeep\n|turn|14\n|c|\u2606rmb28|I WANT TO BE ABLE TO HIT DECENTLY HARD LMAO\n|c|\u2606rmb28|ooo\n|c|\u2606rmb28|wait\n|\n|t:|1699982931\n|move|p2a: Rillaboom|Grassy Glide|p1a: Heisenburg\n|-resisted|p1a: Heisenburg\n|-damage|p1a: Heisenburg|21\/100\n|move|p1a: Heisenburg|Drain Punch|p2a: Rillaboom\n|-damage|p2a: Rillaboom|86\/100\n|-heal|p1a: Heisenburg|27\/100|[from] drain|[of] p2a: Rillaboom\n|\n|-heal|p2a: Rillaboom|92\/100|[from] Grassy Terrain\n|-heal|p1a: Heisenburg|33\/100|[from] Grassy Terrain\n|upkeep\n|turn|15\n|c|\u2606rmb28|theres no way\n|c|\u2606rmb28|i win this right?\n|\n|t:|1699982941\n|move|p2a: Rillaboom|Drain Punch|p1a: Heisenburg\n|-damage|p1a: Heisenburg|15\/100\n|-heal|p2a: Rillaboom|100\/100|[from] drain|[of] p1a: Heisenburg\n|move|p1a: Heisenburg|Drain Punch|p2a: Rillaboom\n|-damage|p2a: Rillaboom|87\/100\n|-heal|p1a: Heisenburg|21\/100|[from] drain|[of] p2a: Rillaboom\n|\n|-heal|p2a: Rillaboom|93\/100|[from] Grassy Terrain\n|-heal|p1a: Heisenburg|27\/100|[from] Grassy Terrain\n|-fieldend|move: Grassy Terrain\n|upkeep\n|turn|16\n|c|\u2606rmb28|yea no\n|c|\u2606rmb28|gg\n|\n|t:|1699982955\n|move|p2a: Rillaboom|Drain Punch|p1a: Heisenburg\n|-damage|p1a: Heisenburg|7\/100\n|-heal|p2a: Rillaboom|100\/100|[from] drain|[of] p1a: Heisenburg\n|move|p1a: Heisenburg|Drain Punch|p2a: Rillaboom\n|-damage|p2a: Rillaboom|86\/100\n|-heal|p1a: Heisenburg|13\/100|[from] drain|[of] p2a: Rillaboom\n|\n|upkeep\n|turn|17\n|c|\u2606rmb28|gg lmao\n|\n|t:|1699982967\n|move|p2a: Rillaboom|Drain Punch|p1a: Heisenburg\n|-damage|p1a: Heisenburg|0 fnt\n|-heal|p2a: Rillaboom|93\/100|[from] drain|[of] p1a: Heisenburg\n|faint|p1a: Heisenburg\n|-end|p1a: Heisenburg|Quark Drive|[silent]\n|\n|win|pelipperislandxoo\n|raw|rmb28's rating: 1056 &rarr; <strong>1039<\/strong><br \/>(-17 for losing)\n|raw|pelipperislandxoo's rating: 1076 &rarr; <strong>1103<\/strong><br \/>(+27 for winning)\n","uploadtime":1699982975,"views":8,"p1id":"rmb28","p2id":"pelipperislandxoo","formatid":"gen9vgc2023regulatione","rating":1039,"private":0,"password":""}