{"id":"gen9vgc2023regulatione-1991046058","p1":"Apterygiformes","p2":"xobeciuj","format":"[Gen 9] VGC 2023 Regulation E","log":"|j|\u2606Apterygiformes\n|j|\u2606xobeciuj\n|t:|1700033956\n|gametype|doubles\n|player|p1|Apterygiformes|170|1073\n|player|p2|xobeciuj|n|1117\n|teamsize|p1|6\n|teamsize|p2|6\n|gen|9\n|tier|[Gen 9] VGC 2023 Regulation E\n|rated|\n|rule|Species Clause: Limit one of each Pok\u00e9mon\n|rule|Item Clause: Limit one of each item\n|clearpoke\n|poke|p1|Ninetales-Alola, L50, F|\n|poke|p1|Baxcalibur, L50, F|\n|poke|p1|Articuno, L50|\n|poke|p1|Landorus-Therian, L50, M|\n|poke|p1|Goodra-Hisui, L50, M|\n|poke|p1|Urshifu-*, L50, M|\n|poke|p2|Flutter Mane, L50|\n|poke|p2|Iron Hands, L50|\n|poke|p2|Landorus-Therian, L50, M|\n|poke|p2|Chi-Yu, L50|\n|poke|p2|Chien-Pao, L50|\n|poke|p2|Urshifu-*, L50, F|\n|teampreview|4\n|inactive|Battle timer is ON: inactive players will automatically lose when time's up. (requested by xobeciuj)\n|\n|t:|1700033985\n|start\n|switch|p1a: Goodra|Goodra-Hisui, L50, M|100\/100\n|switch|p1b: Landorus|Landorus-Therian, L50, M, shiny|100\/100\n|switch|p2a: Iron Hands|Iron Hands, L50|100\/100\n|switch|p2b: Landorus|Landorus-Therian, L50, M|100\/100\n|-ability|p1b: Landorus|Intimidate|boost\n|-unboost|p2a: Iron Hands|atk|1\n|-unboost|p2b: Landorus|atk|1\n|-ability|p2b: Landorus|Intimidate|boost\n|-unboost|p1a: Goodra|atk|1\n|-unboost|p1b: Landorus|atk|1\n|turn|1\n|inactive|xobeciuj has 30 seconds left.\n|inactive|xobeciuj has 20 seconds left.\n|\n|t:|1700034023\n|switch|p2b: Urshifu|Urshifu-Rapid-Strike, L50, F|100\/100\n|move|p1b: Landorus|U-turn|p2b: Urshifu\n|-resisted|p2b: Urshifu\n|-damage|p2b: Urshifu|92\/100\n|\n|t:|1700034029\n|switch|p1b: Urshifu|Urshifu, L50, M|100\/100|[from] U-turn\n|move|p1a: Goodra|Shelter|p1a: Goodra\n|-boost|p1a: Goodra|def|2\n|move|p2a: Iron Hands|Drain Punch|p1a: Goodra\n|-supereffective|p1a: Goodra\n|-damage|p1a: Goodra|71\/100\n|\n|-heal|p1a: Goodra|76\/100|[from] item: Leftovers\n|upkeep\n|turn|2\n|inactive|Apterygiformes has 30 seconds left.\n|inactive|Apterygiformes has 20 seconds left.\n|inactive|Apterygiformes has 15 seconds left.\n|\n|t:|1700034072\n|switch|p2b: Landorus|Landorus-Therian, L50, M|100\/100\n|-ability|p2b: Landorus|Intimidate|boost\n|-unboost|p1a: Goodra|atk|1\n|-unboost|p1b: Urshifu|atk|1\n|move|p1b: Urshifu|Close Combat|p2a: Iron Hands\n|-damage|p2a: Iron Hands|76\/100\n|-unboost|p1b: Urshifu|def|1\n|-unboost|p1b: Urshifu|spd|1\n|move|p1a: Goodra|Shelter|p1a: Goodra\n|-boost|p1a: Goodra|def|2\n|move|p2a: Iron Hands|Drain Punch|p1b: Urshifu\n|-supereffective|p1b: Urshifu\n|-damage|p1b: Urshifu|14\/100\n|-heal|p2a: Iron Hands|100\/100|[from] drain|[of] p1b: Urshifu\n|\n|-heal|p1a: Goodra|82\/100|[from] item: Leftovers\n|upkeep\n|turn|3\n|inactive|Apterygiformes has 30 seconds left.\n|\n|t:|1700034098\n|move|p1b: Urshifu|Detect|p1b: Urshifu\n|-singleturn|p1b: Urshifu|Protect\n|move|p2b: Landorus|Stomping Tantrum|p1a: Goodra\n|-supereffective|p1a: Goodra\n|-damage|p1a: Goodra|56\/100\n|move|p1a: Goodra|Shelter|p1a: Goodra\n|-boost|p1a: Goodra|def|2\n|move|p2a: Iron Hands|Drain Punch|p1a: Goodra\n|-supereffective|p1a: Goodra\n|-damage|p1a: Goodra|40\/100\n|\n|-heal|p1a: Goodra|45\/100|[from] item: Leftovers\n|upkeep\n|turn|4\n|\n|t:|1700034116\n|move|p2b: Landorus|Stomping Tantrum|p1b: Urshifu\n|-damage|p1b: Urshifu|0 fnt\n|faint|p1b: Urshifu\n|move|p1a: Goodra|Life Dew|p1a: Goodra\n|-heal|p1a: Goodra|71\/100\n|move|p2a: Iron Hands|Drain Punch|p1a: Goodra\n|-supereffective|p1a: Goodra\n|-damage|p1a: Goodra|55\/100\n|\n|-heal|p1a: Goodra|60\/100|[from] item: Leftovers\n|upkeep\n|\n|t:|1700034125\n|switch|p1b: Ninetales|Ninetales-Alola, L50, F, shiny|100\/100\n|-weather|Snow|[from] ability: Snow Warning|[of] p1b: Ninetales\n|turn|5\n|\n|t:|1700034135\n|switch|p2b: Chi-Yu|Chi-Yu, L50|100\/100\n|-ability|p2b: Chi-Yu|Beads of Ruin\n|-end|p2a: Iron Hands|Quark Drive|[silent]\n|switch|p2a: Urshifu|Urshifu-Rapid-Strike, L50, F|92\/100\n|move|p1b: Ninetales|Aurora Veil|p1b: Ninetales\n|-sidestart|p1: Apterygiformes|move: Aurora Veil\n|move|p1a: Goodra|Life Dew||[still]|[spread] p1a,p1b\n|-heal|p1a: Goodra|86\/100\n|-fail|p1b: Ninetales|heal\n|\n|-weather|Snow|[upkeep]\n|-heal|p1a: Goodra|91\/100|[from] item: Leftovers\n|upkeep\n|turn|6\n|\n|t:|1700034157\n|-terastallize|p2b: Chi-Yu|Fire\n|move|p1b: Ninetales|Freeze-Dry|p2a: Urshifu\n|-supereffective|p2a: Urshifu\n|-damage|p2a: Urshifu|0 fnt\n|faint|p2a: Urshifu\n|move|p2b: Chi-Yu|Heat Wave|p1a: Goodra|[spread] p1a,p1b\n|-supereffective|p1b: Ninetales\n|-damage|p1a: Goodra|65\/100\n|-damage|p1b: Ninetales|0 fnt\n|faint|p1b: Ninetales\n|move|p1a: Goodra|Body Press|p2b: Chi-Yu\n|-damage|p2b: Chi-Yu|0 fnt\n|faint|p2b: Chi-Yu\n|\n|-weather|Snow|[upkeep]\n|-heal|p1a: Goodra|71\/100|[from] item: Leftovers\n|upkeep\n|\n|t:|1700034169\n|switch|p1b: Landorus|Landorus-Therian, L50, M, shiny|100\/100\n|switch|p2b: Iron Hands|Iron Hands, L50|100\/100\n|switch|p2a: Landorus|Landorus-Therian, L50, M|100\/100\n|-ability|p1b: Landorus|Intimidate|boost\n|-unboost|p2a: Landorus|atk|1\n|-unboost|p2b: Iron Hands|atk|1\n|-ability|p2a: Landorus|Intimidate|boost\n|-unboost|p1a: Goodra|atk|1\n|-unboost|p1b: Landorus|atk|1\n|turn|7\n|c|\u2606xobeciuj|do u not find this cringe\n|inactive|Apterygiformes has 30 seconds left.\n|\n|t:|1700034198\n|-terastallize|p1a: Goodra|Fairy\n|move|p2b: Iron Hands|Fake Out|p1a: Goodra\n|-damage|p1a: Goodra|69\/100\n|move|p1b: Landorus|Rock Slide|p2a: Landorus|[spread] p2a,p2b\n|-resisted|p2b: Iron Hands\n|-damage|p2a: Landorus|82\/100\n|-damage|p2b: Iron Hands|96\/100\n|move|p2a: Landorus|Stomping Tantrum|p1a: Goodra\n|-damage|p1a: Goodra|64\/100\n|cant|p1a: Goodra|flinch\n|\n|-weather|Snow|[upkeep]\n|-heal|p1a: Goodra|69\/100|[from] item: Leftovers\n|upkeep\n|turn|8\n|\n|t:|1700034212\n|move|p1b: Landorus|Rock Slide|p2b: Iron Hands|[spread] p2a,p2b\n|-resisted|p2b: Iron Hands\n|-damage|p2a: Landorus|63\/100\n|-damage|p2b: Iron Hands|91\/100\n|cant|p2a: Landorus|flinch\n|move|p1a: Goodra|Life Dew||[still]|[spread] p1a,p1b\n|-heal|p1a: Goodra|95\/100\n|-fail|p1b: Landorus|heal\n|move|p2b: Iron Hands|Heavy Slam|p1a: Goodra\n|-supereffective|p1a: Goodra\n|-damage|p1a: Goodra|90\/100\n|\n|-weather|Snow|[upkeep]\n|-heal|p1a: Goodra|96\/100|[from] item: Leftovers\n|upkeep\n|turn|9\n|c|\u2606xobeciuj|just gonna let the timer do its thing atp\n|inactive|xobeciuj has 30 seconds left.\n|c|\u2606Apterygiformes|shouldve brought fluttermane\n|inactive|xobeciuj has 20 seconds left.\n|inactive|xobeciuj has 15 seconds left.\n|c|\u2606xobeciuj|nah\n|c|\u2606xobeciuj|j cringe shi\n|inactive|xobeciuj has 10 seconds left.\n|inactive|xobeciuj has 5 seconds left.\n|c|\u2606Apterygiformes|nah\n|c|\u2606xobeciuj|yeah\n|\n|t:|1700034267\n|move|p1b: Landorus|Rock Slide|p2a: Landorus|[spread] p2a,p2b\n|-resisted|p2b: Iron Hands\n|-damage|p2a: Landorus|46\/100\n|-damage|p2b: Iron Hands|87\/100\n|move|p2a: Landorus|Stomping Tantrum|p1b: Landorus\n|-immune|p1b: Landorus\n|move|p1a: Goodra|Body Press|p2a: Landorus\n|-resisted|p2a: Landorus\n|-damage|p2a: Landorus|7\/100\n|cant|p2b: Iron Hands|flinch\n|\n|-weather|none\n|-heal|p1a: Goodra|100\/100|[from] item: Leftovers\n|upkeep\n|turn|10\n|c|\u2606Apterygiformes|gg\n|c|\u2606xobeciuj|no friends type beat\n|inactive|xobeciuj has 30 seconds left.\n|c|\u2606Apterygiformes|imagine ragin at goodra\n|inactive|xobeciuj has 20 seconds left.\n|inactive|xobeciuj has 15 seconds left.\n|inactive|xobeciuj has 10 seconds left.\n|c|\u2606xobeciuj|imagine using goodra\n|c|\u2606xobeciuj|stall type beat\n|inactive|xobeciuj has 5 seconds left.\n|\n|t:|1700034322\n|move|p1b: Landorus|Rock Slide|p2a: Landorus|[spread] p2a,p2b\n|-resisted|p2b: Iron Hands\n|-damage|p2a: Landorus|0 fnt\n|-damage|p2b: Iron Hands|82\/100\n|faint|p2a: Landorus\n|move|p1a: Goodra|Body Press|p2b: Iron Hands\n|-damage|p2b: Iron Hands|33\/100\n|cant|p2b: Iron Hands|flinch\n|\n|upkeep\n|turn|11\n|c|\u2606Apterygiformes|Im not stalling tho, im attacking\n|c|\u2606Apterygiformes|look at who is timer stalling\n|inactive|Apterygiformes has 30 seconds left.\n|inactive|xobeciuj has 30 seconds left.\n|c|\u2606xobeciuj|kk\n|inactive|xobeciuj has 20 seconds left.\n|inactive|xobeciuj has 15 seconds left.\n|inactive|xobeciuj has 10 seconds left.\n|inactive|xobeciuj has 5 seconds left.\n|\n|t:|1700034377\n|move|p1b: Landorus|Rock Slide|p2b: Iron Hands\n|-resisted|p2b: Iron Hands\n|-damage|p2b: Iron Hands|28\/100\n|move|p2b: Iron Hands|Drain Punch|p1b: Landorus\n|-resisted|p1b: Landorus\n|-damage|p1b: Landorus|89\/100\n|-heal|p2b: Iron Hands|32\/100|[from] drain|[of] p1b: Landorus\n|move|p1a: Goodra|Dragon Tail|p1b: Landorus\n|-damage|p1b: Landorus|82\/100\n|\n|upkeep\n|turn|12\n|inactive|xobeciuj has 30 seconds left.\n|inactive|xobeciuj has 20 seconds left.\n|inactive|xobeciuj has 15 seconds left.\n|inactive|xobeciuj has 10 seconds left.\n|inactive|xobeciuj has 5 seconds left.\n|\n|t:|1700034432\n|move|p1b: Landorus|Rock Slide|p2b: Iron Hands\n|-resisted|p2b: Iron Hands\n|-damage|p2b: Iron Hands|26\/100\n|move|p1a: Goodra|Life Dew||[still]|[spread] p1a,p1b\n|-fail|p1a: Goodra|heal\n|-heal|p1b: Landorus|100\/100\n|move|p2b: Iron Hands|Drain Punch|p1a: Goodra\n|-resisted|p1a: Goodra\n|-damage|p1a: Goodra|98\/100\n|-heal|p2b: Iron Hands|27\/100|[from] drain|[of] p1a: Goodra\n|\n|-heal|p1a: Goodra|100\/100|[from] item: Leftovers\n|-sideend|p1: Apterygiformes|move: Aurora Veil\n|upkeep\n|turn|13\n|-message|xobeciuj forfeited.\n|\n|win|Apterygiformes\n|raw|Apterygiformes's rating: 1073 &rarr; <strong>1106<\/strong><br \/>(+33 for winning)\n|raw|xobeciuj's rating: 1117 &rarr; <strong>1089<\/strong><br \/>(-28 for losing)\n|l|\u2606xobeciuj\n","uploadtime":1700034454,"views":15,"p1id":"apterygiformes","p2id":"xobeciuj","formatid":"gen9vgc2023regulatione","rating":1089,"private":0,"password":""}