{"id":"gen9vgc2023regulatione-1999292882","p1":"bobforte22","p2":"Mazovin","format":"[Gen 9] VGC 2023 Regulation E","log":"|j|\u2606bobforte22\n|j|\u2606Mazovin\n|t:|1701056055\n|gametype|doubles\n|player|p1|bobforte22|pilot|1110\n|player|p2|Mazovin|lance|1202\n|teamsize|p1|6\n|teamsize|p2|6\n|gen|9\n|tier|[Gen 9] VGC 2023 Regulation E\n|rated|\n|rule|Species Clause: Limit one of each Pok\u00e9mon\n|rule|Item Clause: Limit one of each item\n|clearpoke\n|poke|p1|Baxcalibur, L50, M|\n|poke|p1|Ninetales-Alola, L50, M|\n|poke|p1|Dragonite, L50, M|\n|poke|p1|Landorus-Therian, L50, M|\n|poke|p1|Ceruledge, L50, M|\n|poke|p1|Articuno, L50|\n|poke|p2|Flutter Mane, L50|\n|poke|p2|Tornadus, L50, M|\n|poke|p2|Rillaboom, L50, M|\n|poke|p2|Garganacl, L50, F|\n|poke|p2|Arcanine-Hisui, L50, M|\n|poke|p2|Chien-Pao, L50|\n|teampreview|4\n|inactive|Battle timer is ON: inactive players will automatically lose when time's up. (requested by bobforte22)\n|\n|t:|1701056088\n|start\n|switch|p1a: Ceruledge|Ceruledge, L50, M|100\/100\n|switch|p1b: Ninetales|Ninetales-Alola, L50, M|100\/100\n|switch|p2a: Arcanine|Arcanine-Hisui, L50, M|100\/100\n|switch|p2b: Garganacl|Garganacl, L50, F|100\/100\n|-ability|p2a: Arcanine|Intimidate|boost\n|-unboost|p1a: Ceruledge|atk|1\n|-unboost|p1b: Ninetales|atk|1\n|-weather|Snow|[from] ability: Snow Warning|[of] p1b: Ninetales\n|turn|1\n|inactive|bobforte22 has 30 seconds left.\n|\n|t:|1701056118\n|-terastallize|p1a: Ceruledge|Poison\n|move|p2a: Arcanine|Rock Slide|p1b: Ninetales|[spread] p1a,p1b\n|-supereffective|p1b: Ninetales\n|-crit|p1b: Ninetales\n|-damage|p1a: Ceruledge|55\/100\n|-enditem|p1b: Ninetales|Focus Sash\n|-damage|p1b: Ninetales|1\/100\n|move|p1b: Ninetales|Aurora Veil|p1b: Ninetales\n|-sidestart|p1: bobforte22|move: Aurora Veil\n|move|p1a: Ceruledge|Bitter Blade|p2a: Arcanine\n|-resisted|p2a: Arcanine\n|-damage|p2a: Arcanine|88\/100\n|-heal|p1a: Ceruledge|61\/100|[from] drain|[of] p2a: Arcanine\n|-damage|p1a: Ceruledge|52\/100|[from] item: Life Orb\n|move|p2b: Garganacl|Iron Defense|p2b: Garganacl\n|-boost|p2b: Garganacl|def|2\n|\n|-weather|Snow|[upkeep]\n|upkeep\n|turn|2\n|\n|t:|1701056141\n|move|p2a: Arcanine|Rock Slide|p1a: Ceruledge|[spread] p1a,p1b\n|-supereffective|p1b: Ninetales\n|-damage|p1a: Ceruledge|22\/100\n|-damage|p1b: Ninetales|0 fnt\n|faint|p1b: Ninetales\n|cant|p1a: Ceruledge|flinch\n|move|p2b: Garganacl|Salt Cure|p1a: Ceruledge\n|-damage|p1a: Ceruledge|11\/100\n|-start|p1a: Ceruledge|Salt Cure\n|\n|-weather|Snow|[upkeep]\n|-damage|p1a: Ceruledge|0 fnt|[from] Salt Cure\n|faint|p1a: Ceruledge\n|upkeep\n|\n|t:|1701056144\n|switch|p1b: Baxcalibur|Baxcalibur, L50, M|100\/100\n|switch|p1a: Dragonite|Dragonite, L50, M|100\/100\n|turn|3\n|\n|t:|1701056161\n|switch|p2a: Tornadus|Tornadus, L50, M|100\/100\n|-terastallize|p2b: Garganacl|Ghost\n|move|p1b: Baxcalibur|Swords Dance|p1b: Baxcalibur\n|-boost|p1b: Baxcalibur|atk|2\n|move|p1a: Dragonite|Outrage|p2b: Garganacl\n|-damage|p2b: Garganacl|64\/100\n|move|p2b: Garganacl|Salt Cure|p1b: Baxcalibur\n|-supereffective|p1b: Baxcalibur\n|-damage|p1b: Baxcalibur|89\/100\n|-start|p1b: Baxcalibur|Salt Cure\n|\n|-weather|Snow|[upkeep]\n|-damage|p1b: Baxcalibur|76\/100|[from] Salt Cure\n|upkeep\n|turn|4\n|inactive|bobforte22 has 30 seconds left.\n|\n|t:|1701056190\n|move|p2a: Tornadus|Tailwind|p2a: Tornadus\n|-sidestart|p2: Mazovin|move: Tailwind\n|move|p2b: Garganacl|Iron Defense|p2b: Garganacl\n|-boost|p2b: Garganacl|def|2\n|move|p1b: Baxcalibur|Swords Dance|p1b: Baxcalibur\n|-boost|p1b: Baxcalibur|atk|2\n|move|p1a: Dragonite|Outrage|p2b: Garganacl|[from]lockedmove\n|-damage|p2b: Garganacl|38\/100\n|-enditem|p2b: Garganacl|Sitrus Berry|[eat]\n|-heal|p2b: Garganacl|63\/100|[from] item: Sitrus Berry\n|\n|-weather|Snow|[upkeep]\n|-damage|p1b: Baxcalibur|64\/100|[from] Salt Cure\n|upkeep\n|turn|5\n|\n|t:|1701056204\n|move|p2a: Tornadus|Taunt|p1b: Baxcalibur\n|-start|p1b: Baxcalibur|move: Taunt\n|move|p2b: Garganacl|Recover|p2b: Garganacl\n|-heal|p2b: Garganacl|100\/100\n|move|p1b: Baxcalibur|Glaive Rush|p2b: Garganacl\n|-damage|p2b: Garganacl|57\/100\n|-singlemove|p1b: Baxcalibur|Glaive Rush|[silent]\n|move|p1a: Dragonite|Outrage|p2b: Garganacl|[from]lockedmove\n|-damage|p2b: Garganacl|32\/100\n|-start|p1a: Dragonite|confusion|[fatigue]\n|\n|-weather|none\n|-damage|p1b: Baxcalibur|52\/100|[from] Salt Cure\n|-sideend|p1: bobforte22|move: Aurora Veil\n|upkeep\n|turn|6\n|\n|t:|1701056222\n|move|p2b: Garganacl|Protect|p2b: Garganacl\n|-singleturn|p2b: Garganacl|Protect\n|move|p2a: Tornadus|Bleakwind Storm|p1b: Baxcalibur|[spread] p1b\n|-miss|p2a: Tornadus|p1a: Dragonite\n|-damage|p1b: Baxcalibur|10\/100\n|move|p1b: Baxcalibur|Glaive Rush|p2b: Garganacl\n|-activate|p2b: Garganacl|move: Protect\n|-activate|p1a: Dragonite|confusion\n|-damage|p1a: Dragonite|85\/100|[from] confusion\n|\n|-damage|p1b: Baxcalibur|0 fnt|[from] Salt Cure\n|faint|p1b: Baxcalibur\n|upkeep\n|turn|7\n|-message|bobforte22 forfeited.\n|\n|win|Mazovin\n|raw|bobforte22's rating: 1110 &rarr; <strong>1091<\/strong><br \/>(-19 for losing)\n|raw|Mazovin's rating: 1202 &rarr; <strong>1221<\/strong><br \/>(+19 for winning)\n|l|\u2606bobforte22\n|j|\u2606bobforte22\n|player|p1|bobforte22|pilot\n","uploadtime":1701056234,"views":1,"p1id":"bobforte22","p2id":"mazovin","formatid":"gen9vgc2023regulatione","rating":1091,"private":0,"password":""}