{"id":"gen9vgc2023regulatione-1999062138","p1":"itachi1324","p2":"Robo562","format":"[Gen 9] VGC 2023 Regulation E","log":"|j|\u2606itachi1324\n|j|\u2606Robo562\n|t:|1701029091\n|gametype|doubles\n|player|p1|itachi1324|2|1145\n|player|p2|Robo562|265|1201\n|teamsize|p1|6\n|teamsize|p2|6\n|gen|9\n|tier|[Gen 9] VGC 2023 Regulation E\n|rated|\n|rule|Species Clause: Limit one of each Pok\u00e9mon\n|rule|Item Clause: Limit one of each item\n|clearpoke\n|poke|p1|Toxapex, L50, M|\n|poke|p1|Grimmsnarl, L50, M|\n|poke|p1|Landorus-Therian, L50, M|\n|poke|p1|Sinistcha, L50|\n|poke|p1|Heatran, L50, F|\n|poke|p1|Flutter Mane, L50|\n|poke|p2|Gengar, L50, M|\n|poke|p2|Brute Bonnet, L50|\n|poke|p2|Torkoal, L50, M|\n|poke|p2|Kingambit, L50, F|\n|poke|p2|Gyarados, L50, F|\n|poke|p2|Iron Valiant, L50|\n|teampreview|4\n|inactive|Battle timer is ON: inactive players will automatically lose when time's up. (requested by Robo562)\n|inactive|Robo562 has 60 seconds left.\n|\n|t:|1701029146\n|start\n|switch|p1a: Toxapex|Toxapex, L50, M|100\/100\n|switch|p1b: Grimmsnarl|Grimmsnarl, L50, M|100\/100\n|switch|p2a: Brute Bonnet|Brute Bonnet, L50|100\/100\n|switch|p2b: Kingambit|Kingambit, L50, F|100\/100\n|turn|1\n|inactive|itachi1324 has 30 seconds left.\n|inactive|Robo562 has 30 seconds left.\n|inactive|itachi1324 has 20 seconds left.\n|inactive|itachi1324 has 15 seconds left.\n|inactive|itachi1324 has 10 seconds left.\n|inactive|itachi1324 has 5 seconds left.\n|\n|t:|1701029201\n|-end|p2a: Brute Bonnet|Protosynthesis|[silent]\n|switch|p2a: Gengar|Gengar, L50, M|100\/100\n|move|p1a: Toxapex|Baneful Bunker|p1a: Toxapex\n|-singleturn|p1a: Toxapex|move: Protect\n|move|p1b: Grimmsnarl|Spirit Break|p2a: Gengar\n|-resisted|p2a: Gengar\n|-damage|p2a: Gengar|76\/100\n|-unboost|p2a: Gengar|spa|1\n|move|p2b: Kingambit|Iron Head|p1b: Grimmsnarl\n|-supereffective|p1b: Grimmsnarl\n|-damage|p1b: Grimmsnarl|5\/100\n|\n|upkeep\n|turn|2\n|inactive|itachi1324 has 30 seconds left.\n|inactive|itachi1324 has 20 seconds left.\n|inactive|itachi1324 has 15 seconds left.\n|inactive|itachi1324 has 10 seconds left.\n|inactive|itachi1324 has 5 seconds left.\n|\n|t:|1701029251\n|switch|p2a: Gyarados|Gyarados, L50, F|100\/100\n|-ability|p2a: Gyarados|Intimidate|boost\n|-unboost|p1a: Toxapex|atk|1\n|-unboost|p1b: Grimmsnarl|atk|1\n|move|p1b: Grimmsnarl|Light Screen|p1b: Grimmsnarl\n|-sidestart|p1: itachi1324|move: Light Screen\n|move|p2b: Kingambit|Iron Head|p1b: Grimmsnarl\n|-supereffective|p1b: Grimmsnarl\n|-damage|p1b: Grimmsnarl|0 fnt\n|faint|p1b: Grimmsnarl\n|move|p1a: Toxapex|Infestation|p2b: Kingambit\n|-damage|p2b: Kingambit|99\/100\n|-activate|p2b: Kingambit|move: Infestation|[of] p1a: Toxapex\n|\n|-damage|p2b: Kingambit|86\/100|[from] move: Infestation|[partiallytrapped]\n|upkeep\n|\n|t:|1701029275\n|switch|p1b: Heatran|Heatran, L50, F|100\/100\n|turn|3\n|\n|t:|1701029292\n|-terastallize|p2b: Kingambit|Water\n|move|p2a: Gyarados|Thunder Wave|p1a: Toxapex\n|-status|p1a: Toxapex|par\n|move|p1b: Heatran|Magma Storm|p2a: Gyarados\n|-resisted|p2a: Gyarados\n|-crit|p2a: Gyarados\n|-damage|p2a: Gyarados|59\/100\n|-activate|p2a: Gyarados|move: Magma Storm|[of] p1b: Heatran\n|move|p2b: Kingambit|Tera Blast|p1b: Heatran|[anim] Tera Blast Water\n|-supereffective|p1b: Heatran\n|-damage|p1b: Heatran|22\/100\n|move|p1a: Toxapex|Toxic|p2a: Gyarados\n|-status|p2a: Gyarados|tox\n|\n|-damage|p2a: Gyarados|54\/100 tox|[from] psn\n|-damage|p2a: Gyarados|42\/100 tox|[from] move: Magma Storm|[partiallytrapped]\n|-damage|p2b: Kingambit|74\/100|[from] move: Infestation|[partiallytrapped]\n|upkeep\n|-enditem|p2a: Gyarados|Sitrus Berry|[eat]\n|-heal|p2a: Gyarados|66\/100 tox|[from] item: Sitrus Berry\n|turn|4\n|inactive|itachi1324 has 30 seconds left.\n|inactive|Robo562 has 30 seconds left.\n|inactive|Robo562 has 20 seconds left.\n|\n|t:|1701029331\n|move|p2a: Gyarados|Waterfall|p1b: Heatran\n|-supereffective|p1b: Heatran\n|-damage|p1b: Heatran|0 fnt\n|faint|p1b: Heatran\n|move|p2b: Kingambit|Iron Head|p1a: Toxapex\n|-resisted|p1a: Toxapex\n|-damage|p1a: Toxapex|83\/100 par\n|move|p1a: Toxapex|Toxic|p2b: Kingambit\n|-status|p2b: Kingambit|tox\n|\n|-heal|p1a: Toxapex|89\/100 par|[from] item: Leftovers\n|-damage|p2a: Gyarados|55\/100 tox|[from] psn\n|-damage|p2b: Kingambit|69\/100 tox|[from] psn\n|-end|p2a: Gyarados|Magma Storm|[partiallytrapped]|[silent]\n|-damage|p2b: Kingambit|57\/100 tox|[from] move: Infestation|[partiallytrapped]\n|upkeep\n|\n|t:|1701029343\n|switch|p1b: Flutter Mane|Flutter Mane, L50|100\/100\n|-enditem|p1b: Flutter Mane|Booster Energy\n|-activate|p1b: Flutter Mane|ability: Protosynthesis|[fromitem]\n|-start|p1b: Flutter Mane|protosynthesisspe\n|turn|5\n|\n|t:|1701029357\n|move|p1b: Flutter Mane|Protect|p1b: Flutter Mane\n|-singleturn|p1b: Flutter Mane|Protect\n|move|p2b: Kingambit|Sucker Punch||[still]\n|-fail|p2b: Kingambit\n|move|p2a: Gyarados|Thunder Wave|p1b: Flutter Mane\n|-activate|p1b: Flutter Mane|move: Protect\n|cant|p1a: Toxapex|par\n|\n|-heal|p1a: Toxapex|95\/100 par|[from] item: Leftovers\n|-damage|p2a: Gyarados|38\/100 tox|[from] psn\n|-damage|p2b: Kingambit|45\/100 tox|[from] psn\n|-damage|p2b: Kingambit|33\/100 tox|[from] move: Infestation|[partiallytrapped]\n|upkeep\n|turn|6\n|\n|t:|1701029378\n|-terastallize|p1b: Flutter Mane|Fairy\n|move|p2b: Kingambit|Sucker Punch|p1b: Flutter Mane\n|-resisted|p1b: Flutter Mane\n|-damage|p1b: Flutter Mane|59\/100\n|move|p1b: Flutter Mane|Dazzling Gleam|p2b: Kingambit|[spread] p2a,p2b\n|-crit|p2a: Gyarados\n|-damage|p2a: Gyarados|0 fnt\n|-damage|p2b: Kingambit|4\/100 tox\n|faint|p2a: Gyarados\n|move|p1a: Toxapex|Infestation|p2b: Kingambit\n|-damage|p2b: Kingambit|2\/100 tox\n|\n|-heal|p1a: Toxapex|100\/100 par|[from] item: Leftovers\n|-damage|p2b: Kingambit|0 fnt|[from] psn\n|faint|p2b: Kingambit\n|upkeep\n|\n|t:|1701029387\n|switch|p2a: Gengar|Gengar, L50, M|76\/100\n|switch|p2b: Brute Bonnet|Brute Bonnet, L50|100\/100\n|turn|7\n|inactive|Robo562 has 30 seconds left.\n|\n|t:|1701029414\n|move|p1b: Flutter Mane|Protect|p1b: Flutter Mane\n|-singleturn|p1b: Flutter Mane|Protect\n|move|p2a: Gengar|Sludge Bomb|p1b: Flutter Mane\n|-activate|p1b: Flutter Mane|move: Protect\n|move|p2b: Brute Bonnet|Seed Bomb|p1a: Toxapex\n|-damage|p1a: Toxapex|67\/100 par\n|move|p1a: Toxapex|Toxic|p2b: Brute Bonnet\n|-status|p2b: Brute Bonnet|tox\n|\n|-heal|p1a: Toxapex|73\/100 par|[from] item: Leftovers\n|-damage|p2b: Brute Bonnet|95\/100 tox|[from] psn\n|upkeep\n|turn|8\n|inactive|itachi1324 has 30 seconds left.\n|inactive|itachi1324 has 20 seconds left.\n|\n|t:|1701029450\n|move|p2b: Brute Bonnet|Rage Powder|p2b: Brute Bonnet\n|-singleturn|p2b: Brute Bonnet|move: Rage Powder\n|move|p1b: Flutter Mane|Shadow Ball|p2b: Brute Bonnet\n|-resisted|p2b: Brute Bonnet\n|-damage|p2b: Brute Bonnet|75\/100 tox\n|move|p2a: Gengar|Sludge Bomb|p1b: Flutter Mane\n|-supereffective|p1b: Flutter Mane\n|-damage|p1b: Flutter Mane|0 fnt\n|faint|p1b: Flutter Mane\n|-end|p1b: Flutter Mane|Protosynthesis|[silent]\n|cant|p1a: Toxapex|par\n|\n|-heal|p1a: Toxapex|79\/100 par|[from] item: Leftovers\n|-damage|p2b: Brute Bonnet|64\/100 tox|[from] psn\n|upkeep\n|turn|9\n|\n|t:|1701029469\n|move|p1a: Toxapex|Baneful Bunker|p1a: Toxapex\n|-singleturn|p1a: Toxapex|move: Protect\n|move|p2a: Gengar|Shadow Ball|p1a: Toxapex\n|-activate|p1a: Toxapex|move: Protect\n|move|p2b: Brute Bonnet|Seed Bomb|p1a: Toxapex\n|-activate|p1a: Toxapex|move: Protect\n|\n|-heal|p1a: Toxapex|85\/100 par|[from] item: Leftovers\n|-damage|p2b: Brute Bonnet|46\/100 tox|[from] psn\n|-sideend|p1: itachi1324|move: Light Screen\n|upkeep\n|turn|10\n|\n|t:|1701029480\n|move|p2a: Gengar|Shadow Ball|p1a: Toxapex\n|-damage|p1a: Toxapex|57\/100 par\n|move|p2b: Brute Bonnet|Seed Bomb|p1a: Toxapex\n|-damage|p1a: Toxapex|26\/100 par\n|cant|p1a: Toxapex|par\n|\n|-heal|p1a: Toxapex|32\/100 par|[from] item: Leftovers\n|-damage|p2b: Brute Bonnet|22\/100 tox|[from] psn\n|upkeep\n|turn|11\n|\n|t:|1701029490\n|move|p1a: Toxapex|Baneful Bunker|p1a: Toxapex\n|-singleturn|p1a: Toxapex|move: Protect\n|move|p2a: Gengar|Shadow Ball|p1a: Toxapex\n|-activate|p1a: Toxapex|move: Protect\n|move|p2b: Brute Bonnet|Seed Bomb|p1a: Toxapex\n|-activate|p1a: Toxapex|move: Protect\n|\n|-heal|p1a: Toxapex|37\/100 par|[from] item: Leftovers\n|-damage|p2b: Brute Bonnet|0 fnt|[from] psn\n|faint|p2b: Brute Bonnet\n|-end|p2b: Brute Bonnet|Protosynthesis|[silent]\n|upkeep\n|turn|12\n|\n|t:|1701029501\n|move|p2a: Gengar|Shadow Ball|p1a: Toxapex\n|-damage|p1a: Toxapex|11\/100 par\n|move|p1a: Toxapex|Recover|p1a: Toxapex\n|-heal|p1a: Toxapex|61\/100 par\n|\n|-heal|p1a: Toxapex|67\/100 par|[from] item: Leftovers\n|upkeep\n|turn|13\n|c|\u2606Robo562|Dude\n|n|!Robo562|robo562\n|\n|t:|1701029515\n|move|p2a: Gengar|Shadow Ball|p1a: Toxapex\n|-damage|p1a: Toxapex|43\/100 par\n|-unboost|p1a: Toxapex|spd|1\n|move|p1a: Toxapex|Recover|p1a: Toxapex\n|-heal|p1a: Toxapex|93\/100 par\n|\n|-heal|p1a: Toxapex|99\/100 par|[from] item: Leftovers\n|upkeep\n|turn|14\n|-message|Robo562 forfeited.\n|\n|win|itachi1324\n|raw|itachi1324's rating: 1145 &rarr; <strong>1174<\/strong><br \/>(+29 for winning)\n|raw|Robo562's rating: 1201 &rarr; <strong>1172<\/strong><br \/>(-29 for losing)\n","uploadtime":1701029512,"views":3,"p1id":"itachi1324","p2id":"robo562","formatid":"gen9vgc2023regulatione","rating":1172,"private":0,"password":""}