{"id":"gen9vgc2023regulatione-1991673338","p1":"LeaderRattTTV","p2":"spliffbaeless","format":"[Gen 9] VGC 2023 Regulation E","log":"|j|\u2606LeaderRattTTV\n|j|\u2606spliffbaeless\n|t:|1700101084\n|gametype|doubles\n|player|p1|LeaderRattTTV|2|1179\n|player|p2|spliffbaeless|cynthia|1233\n|teamsize|p1|6\n|teamsize|p2|6\n|gen|9\n|tier|[Gen 9] VGC 2023 Regulation E\n|rated|\n|rule|Species Clause: Limit one of each Pok\u00e9mon\n|rule|Item Clause: Limit one of each item\n|clearpoke\n|poke|p1|Torkoal, L50, M|\n|poke|p1|Lilligant-Hisui, L50, F|\n|poke|p1|Samurott-Hisui, L50, M|\n|poke|p1|Flutter Mane, L50|\n|poke|p1|Landorus-Therian, L50, M|\n|poke|p1|Fezandipiti, L50, M|\n|poke|p2|Urshifu-*, L50, M|\n|poke|p2|Chi-Yu, L50|\n|poke|p2|Iron Hands, L50|\n|poke|p2|Torkoal, L50, F|\n|poke|p2|Bellibolt, L50, F|\n|poke|p2|Oranguru, L50, M|\n|teampreview|4\n|\n|t:|1700101125\n|start\n|switch|p1a: Torkoal|Torkoal, L50, M, shiny|100\/100\n|switch|p1b: Lilligant|Lilligant-Hisui, L50, F|100\/100\n|switch|p2a: Chi-Yu|Chi-Yu, L50|100\/100\n|switch|p2b: Urshifu|Urshifu-Rapid-Strike, L50, M|100\/100\n|-ability|p2a: Chi-Yu|Beads of Ruin\n|-weather|SunnyDay|[from] ability: Drought|[of] p1a: Torkoal\n|turn|1\n|\n|t:|1700101149\n|-terastallize|p1b: Lilligant|Fire\n|move|p1b: Lilligant|Leaf Blade|p2b: Urshifu\n|-supereffective|p2b: Urshifu\n|-damage|p2b: Urshifu|15\/100\n|move|p2b: Urshifu|U-turn|p1b: Lilligant\n|-resisted|p1b: Lilligant\n|-damage|p1b: Lilligant|81\/100\n|\n|t:|1700101157\n|switch|p2b: Oranguru|Oranguru, L50, M, shiny|100\/100|[from] U-turn\n|move|p2a: Chi-Yu|Overheat|p1b: Lilligant\n|-resisted|p1b: Lilligant\n|-damage|p1b: Lilligant|0 fnt\n|-unboost|p2a: Chi-Yu|spa|2\n|faint|p1b: Lilligant\n|move|p1a: Torkoal|Yawn|p2a: Chi-Yu\n|-start|p2a: Chi-Yu|move: Yawn|[of] p1a: Torkoal\n|\n|-weather|SunnyDay|[upkeep]\n|upkeep\n|\n|t:|1700101173\n|switch|p1b: Flutter Mane|Flutter Mane, L50|100\/100\n|-activate|p1b: Flutter Mane|ability: Protosynthesis\n|-start|p1b: Flutter Mane|protosynthesisspe\n|turn|2\n|\n|t:|1700101194\n|switch|p2a: Urshifu|Urshifu-Rapid-Strike, L50, M|15\/100\n|move|p1b: Flutter Mane|Protect|p1b: Flutter Mane\n|-singleturn|p1b: Flutter Mane|Protect\n|move|p2b: Oranguru|Protect|p2b: Oranguru\n|-singleturn|p2b: Oranguru|Protect\n|move|p1a: Torkoal|Eruption|p2a: Urshifu|[spread] p2a\n|-activate|p2b: Oranguru|move: Protect\n|-resisted|p2a: Urshifu\n|-damage|p2a: Urshifu|0 fnt\n|faint|p2a: Urshifu\n|\n|-weather|SunnyDay|[upkeep]\n|upkeep\n|\n|t:|1700101205\n|switch|p2a: Chi-Yu|Chi-Yu, L50|100\/100\n|-ability|p2a: Chi-Yu|Beads of Ruin\n|turn|3\n|\n|t:|1700101241\n|-terastallize|p2a: Chi-Yu|Ghost\n|move|p1b: Flutter Mane|Moonblast|p2a: Chi-Yu\n|-damage|p2a: Chi-Yu|26\/100\n|-damage|p1b: Flutter Mane|91\/100|[from] item: Life Orb\n|move|p2a: Chi-Yu|Overheat|p1a: Torkoal\n|-resisted|p1a: Torkoal\n|-damage|p1a: Torkoal|0 fnt\n|-unboost|p2a: Chi-Yu|spa|2\n|faint|p1a: Torkoal\n|move|p2b: Oranguru|Instruct|p2a: Chi-Yu\n|-singleturn|p2a: Chi-Yu|move: Instruct|[of] p2b: Oranguru\n|move|p2a: Chi-Yu|Overheat|p1b: Flutter Mane\n|-damage|p1b: Flutter Mane|0 fnt\n|-unboost|p2a: Chi-Yu|spa|2\n|faint|p1b: Flutter Mane\n|-end|p1b: Flutter Mane|Protosynthesis|[silent]\n|\n|-weather|SunnyDay|[upkeep]\n|upkeep\n|\n|t:|1700101258\n|switch|p1a: Samurott|Samurott-Hisui, L50, M, shiny|100\/100\n|turn|4\n|\n|t:|1700101268\n|move|p1a: Samurott|Aqua Cutter|p2a: Chi-Yu\n|-damage|p2a: Chi-Yu|0 fnt\n|faint|p2a: Chi-Yu\n|move|p2b: Oranguru|Instruct|p2: Chi-Yu|[notarget]\n|-fail|p2b: Oranguru\n|\n|-weather|SunnyDay|[upkeep]\n|upkeep\n|\n|t:|1700101271\n|switch|p2a: Iron Hands|Iron Hands, L50, shiny|100\/100\n|turn|5\n|\n|t:|1700101280\n|move|p1a: Samurott|Aqua Cutter|p2b: Oranguru\n|-damage|p2b: Oranguru|81\/100\n|move|p2a: Iron Hands|Wild Charge|p1a: Samurott\n|-supereffective|p1a: Samurott\n|-crit|p1a: Samurott\n|-damage|p1a: Samurott|0 fnt\n|faint|p1a: Samurott\n|-damage|p2a: Iron Hands|84\/100|[from] Recoil\n|\n|win|spliffbaeless\n|raw|LeaderRattTTV's rating: 1179 &rarr; <strong>1158<\/strong><br \/>(-21 for losing)\n|raw|spliffbaeless's rating: 1233 &rarr; <strong>1254<\/strong><br \/>(+21 for winning)\n|l|\u2606LeaderRattTTV\n","uploadtime":1700101290,"views":17,"p1id":"leaderrattttv","p2id":"spliffbaeless","formatid":"gen9vgc2023regulatione","rating":1158,"private":0,"password":""}