{"id":"gen9vgc2023regulatione-1994872563","p1":"the brit crit","p2":"Tagiruz","format":"[Gen 9] VGC 2023 Regulation E","log":"|j|\u2606the brit crit\n|j|\u2606Tagiruz\n|n|\u2606the brit crit|thebritcrit\n|n|\u2606Tagiruz|tagiruz\n|html|View the match progress at <a href=\"\/game-bestof3-gen9vgc2023regulatione-1994868642\">game-bestof3-gen9vgc2023regulatione-1994868642<\/a>\n|t:|1700500519\n|gametype|doubles\n|player|p1|the brit crit|leon-tower|\n|player|p2|Tagiruz|hugh|\n|teamsize|p1|6\n|teamsize|p2|6\n|gen|9\n|tier|[Gen 9] VGC 2023 Regulation E\n|rated|Tournament battle\n|rule|Species Clause: Limit one of each Pok\u00e9mon\n|rule|Item Clause: Limit one of each item\n|clearpoke\n|poke|p1|Urshifu-*, L50, M|\n|poke|p1|Gothitelle, L50, F|\n|poke|p1|Flutter Mane, L50|\n|poke|p1|Rillaboom, L50, F|\n|poke|p1|Ogerpon-Hearthflame, L50, F|\n|poke|p1|Gastrodon, L50, F|\n|poke|p2|Baxcalibur, L50, F|\n|poke|p2|Tornadus, L50, M|\n|poke|p2|Arcanine-Hisui, L50, M|\n|poke|p2|Ninetales-Alola, L50, M|\n|poke|p2|Rillaboom, L50, F|\n|poke|p2|Urshifu-*, L50, M|\n|teampreview|4\n|showteam|p1|Urshifu-Rapid-Strike||MysticWater|UnseenFist|SurgingStrikes,AquaJet,Uturn,Protect|||M|||50|,,,,,Water]Gothitelle||SitrusBerry|ShadowTag|FakeOut,Psychic,Taunt,Protect|||F|||50|,,,,,Dark]Flutter Mane||BoosterEnergy|Protosynthesis|Moonblast,DazzlingGleam,ShadowBall,Protect||||||50|,,,,,Fairy]Rillaboom||AssaultVest|GrassySurge|FakeOut,DrumBeating,GrassyGlide,Uturn|||F|||50|,,,,,Fire]Ogerpon-Hearthflame||HearthflameMask|MoldBreaker|IvyCudgel,GrassyGlide,FollowMe,SpikyShield|||F|||50|,,,,,Fire]Gastrodon||Leftovers|StickyHold|EarthPower,IcyWind,Yawn,Protect|||F|||50|,,,,,Poison\n|showteam|p2|Baxcalibur||LoadedDice|ThermalExchange|IcicleSpear,HighHorsepower,DragonDance,Protect|||F|||50|,,,,,Poison]Tornadus||CovertCloak|Prankster|BleakwindStorm,RainDance,Taunt,Tailwind|||M|||50|,,,,,Flying]Arcanine-Hisui||SitrusBerry|Intimidate|RockSlide,FlareBlitz,WillOWisp,Protect|||M|||50|,,,,,Fairy]Ninetales-Alola||LightClay|SnowWarning|FreezeDry,Moonblast,Encore,AuroraVeil|||M|||50|,,,,,Water]Rillaboom||MiracleSeed|GrassySurge|WoodHammer,GrassyGlide,FakeOut,Protect|||F|||50|,,,,,Fire]Urshifu-Rapid-Strike||ChoiceScarf|UnseenFist|AquaJet,SurgingStrikes,CloseCombat,Uturn|||M|||50|,,,,,Water\n|inactive|Battle timer is ON: inactive players will automatically lose when time's up. (requested by the brit crit)\n|inactive|Tagiruz has 60 seconds left.\n|\n|t:|1700500597\n|start\n|switch|p1a: Gothitelle|Gothitelle, L50, F|100\/100\n|switch|p1b: Ogerpon|Ogerpon-Hearthflame, L50, F|100\/100\n|switch|p2a: Cobra Kai|Urshifu-Rapid-Strike, L50, M|100\/100\n|switch|p2b: Otis|Arcanine-Hisui, L50, M|100\/100\n|-ability|p1b: Ogerpon|Mold Breaker\n|-ability|p2b: Otis|Intimidate|boost\n|-unboost|p1a: Gothitelle|atk|1\n|-unboost|p1b: Ogerpon|atk|1\n|turn|1\n|inactive|Tagiruz has 30 seconds left.\n|\n|t:|1700500622\n|switch|p1a: Rillaboom|Rillaboom, L50, F|100\/100\n|-fieldstart|move: Grassy Terrain|[from] ability: Grassy Surge|[of] p1a: Rillaboom\n|-terastallize|p1b: Ogerpon|Fire\n|detailschange|p1b: Ogerpon|Ogerpon-Hearthflame-Tera, L50, F, tera:Fire\n|-ability|p1b: Ogerpon|Embody Aspect (Hearthflame)|boost\n|-boost|p1b: Ogerpon|atk|1\n|move|p1b: Ogerpon|Grassy Glide|p2a: Cobra Kai\n|-supereffective|p2a: Cobra Kai\n|-damage|p2a: Cobra Kai|8\/100\n|move|p2a: Cobra Kai|U-turn|p1a: Rillaboom\n|-supereffective|p1a: Rillaboom\n|-damage|p1a: Rillaboom|57\/100\n|\n|t:|1700500635\n|switch|p2a: Rajang|Rillaboom, L50, F, shiny|100\/100|[from] U-turn\n|move|p2b: Otis|Rock Slide|p1b: Ogerpon|[spread] p1a,p1b\n|-supereffective|p1b: Ogerpon\n|-damage|p1a: Rillaboom|35\/100\n|-damage|p1b: Ogerpon|39\/100\n|\n|-heal|p1b: Ogerpon|45\/100|[from] Grassy Terrain\n|-heal|p1a: Rillaboom|41\/100|[from] Grassy Terrain\n|upkeep\n|turn|2\n|\n|t:|1700500656\n|move|p2a: Rajang|Fake Out|p1a: Rillaboom\n|-damage|p1a: Rillaboom|25\/100\n|cant|p1a: Rillaboom|flinch\n|move|p1b: Ogerpon|Ivy Cudgel|p2a: Rajang|[anim] Ivy Cudgel Fire\n|-supereffective|p2a: Rajang\n|-damage|p2a: Rajang|0 fnt\n|faint|p2a: Rajang\n|move|p2b: Otis|Rock Slide|p1b: Ogerpon|[spread] p1a,p1b\n|-supereffective|p1b: Ogerpon\n|-damage|p1a: Rillaboom|1\/100\n|-damage|p1b: Ogerpon|0 fnt\n|faint|p1b: Ogerpon\n|\n|-heal|p1a: Rillaboom|7\/100|[from] Grassy Terrain\n|upkeep\n|j|%Radio Free C-Side\n|\n|t:|1700500675\n|switch|p1b: Flutter Mane|Flutter Mane, L50|100\/100\n|switch|p2a: Cloudy|Tornadus, L50, M|100\/100\n|-enditem|p1b: Flutter Mane|Booster Energy\n|-activate|p1b: Flutter Mane|ability: Protosynthesis|[fromitem]\n|-start|p1b: Flutter Mane|protosynthesisspa\n|turn|3\n|\n|t:|1700500691\n|switch|p1a: Gothitelle|Gothitelle, L50, F|100\/100\n|move|p1b: Flutter Mane|Protect|p1b: Flutter Mane\n|-singleturn|p1b: Flutter Mane|Protect\n|move|p2a: Cloudy|Tailwind|p2a: Cloudy\n|-sidestart|p2: Tagiruz|move: Tailwind\n|move|p2b: Otis|Flare Blitz|p1b: Flutter Mane\n|-activate|p1b: Flutter Mane|move: Protect\n|\n|upkeep\n|turn|4\n|j| PizzaTimeJoshua\n|inactive|Tagiruz has 30 seconds left.\n|inactive|Tagiruz has 20 seconds left.\n|inactive|Tagiruz has 15 seconds left.\n|inactive|Tagiruz has 10 seconds left.\n|inactive|Tagiruz has 5 seconds left.\n|\n|t:|1700500745\n|move|p1a: Gothitelle|Fake Out|p2b: Otis\n|-resisted|p2b: Otis\n|-damage|p2b: Otis|98\/100\n|move|p2a: Cloudy|Bleakwind Storm|p1a: Gothitelle|[spread] p1a,p1b\n|-damage|p1a: Gothitelle|70\/100\n|-damage|p1b: Flutter Mane|71\/100\n|-unboost|p1a: Gothitelle|spe|1\n|-unboost|p1b: Flutter Mane|spe|1\n|cant|p2b: Otis|flinch\n|move|p1b: Flutter Mane|Shadow Ball|p2b: Otis\n|-damage|p2b: Otis|50\/100\n|-enditem|p2b: Otis|Sitrus Berry|[eat]\n|-heal|p2b: Otis|75\/100|[from] item: Sitrus Berry\n|\n|-heal|p2b: Otis|81\/100|[from] Grassy Terrain\n|-heal|p1b: Flutter Mane|77\/100|[from] Grassy Terrain\n|-heal|p1a: Gothitelle|76\/100|[from] Grassy Terrain\n|upkeep\n|turn|5\n|\n|t:|1700500760\n|move|p1b: Flutter Mane|Protect|p1b: Flutter Mane\n|-singleturn|p1b: Flutter Mane|Protect\n|move|p1a: Gothitelle|Protect|p1a: Gothitelle\n|-singleturn|p1a: Gothitelle|Protect\n|move|p2a: Cloudy|Taunt|p1b: Flutter Mane\n|-activate|p1b: Flutter Mane|move: Protect\n|move|p2b: Otis|Flare Blitz|p1b: Flutter Mane\n|-activate|p1b: Flutter Mane|move: Protect\n|\n|-heal|p2b: Otis|87\/100|[from] Grassy Terrain\n|-heal|p1b: Flutter Mane|83\/100|[from] Grassy Terrain\n|-heal|p1a: Gothitelle|82\/100|[from] Grassy Terrain\n|-fieldend|move: Grassy Terrain\n|upkeep\n|turn|6\n|inactive|the brit crit has 30 seconds left.\n|\n|t:|1700500791\n|move|p2a: Cloudy|Bleakwind Storm|p1b: Flutter Mane|[spread] p1a,p1b\n|-damage|p1a: Gothitelle|50\/100\n|-damage|p1b: Flutter Mane|49\/100\n|-enditem|p1a: Gothitelle|Sitrus Berry|[eat]\n|-heal|p1a: Gothitelle|75\/100|[from] item: Sitrus Berry\n|move|p2b: Otis|Flare Blitz|p1b: Flutter Mane\n|-damage|p1b: Flutter Mane|0 fnt\n|faint|p1b: Flutter Mane\n|-end|p1b: Flutter Mane|Protosynthesis|[silent]\n|-damage|p2b: Otis|77\/100|[from] Recoil\n|move|p1a: Gothitelle|Psychic|p2a: Cloudy\n|-damage|p2a: Cloudy|58\/100\n|\n|-sideend|p2: Tagiruz|move: Tailwind\n|upkeep\n|\n|t:|1700500793\n|switch|p1b: Rillaboom|Rillaboom, L50, F|7\/100\n|-fieldstart|move: Grassy Terrain|[from] ability: Grassy Surge|[of] p1b: Rillaboom\n|turn|7\n|-message|the brit crit forfeited.\n|\n|win|Tagiruz\n|c|&|\/uhtml prompt-thebritcrit,the brit crit is ready for game 3!\n|inactive|Tagiruz has 50 seconds to confirm battle start!\n|c|&|\/uhtml prompt-tagiruz,Tagiruz is ready for game 3!\nBoth players are ready! Starting next match!\n|l| PizzaTimeJoshua\n|l|%Radio Free C-Side\n","uploadtime":1700501180,"views":2,"p1id":"thebritcrit","p2id":"tagiruz","formatid":"gen9vgc2023regulatione","rating":0,"private":0,"password":""}