{"id":"gen9vgc2023regulatione-1992355117","p1":"zanethrillseek","p2":"loveoverfear","format":"[Gen 9] VGC 2023 Regulation E","log":"|j|\u2606zanethrillseek\n|j|\u2606loveoverfear\n|t:|1700178043\n|gametype|doubles\n|player|p1|zanethrillseek|hilbert-wonderlauncher|1232\n|player|p2|loveoverfear|266|1141\n|teamsize|p1|6\n|teamsize|p2|6\n|gen|9\n|tier|[Gen 9] VGC 2023 Regulation E\n|rated|\n|rule|Species Clause: Limit one of each Pok\u00e9mon\n|rule|Item Clause: Limit one of each item\n|clearpoke\n|poke|p1|Tornadus, L50, M|\n|poke|p1|Chien-Pao, L50|\n|poke|p1|Rillaboom, L50, M|\n|poke|p1|Arcanine-Hisui, L50, F|\n|poke|p1|Flutter Mane, L50|\n|poke|p1|Urshifu-*, L50, M|\n|poke|p2|Thundurus, L50, M|\n|poke|p2|Rillaboom, L50, F|\n|poke|p2|Chien-Pao, L50|\n|poke|p2|Urshifu-*, L50, M|\n|poke|p2|Arcanine-Hisui, L50, M|\n|poke|p2|Flutter Mane, L50|\n|teampreview|4\nzanethrillseek has agreed to open team sheets.\n|inactive|Battle timer is ON: inactive players will automatically lose when time's up. (requested by loveoverfear)\n|\n|t:|1700178105\n|start\n|switch|p1a: Tornadus|Tornadus, L50, M, shiny|100\/100\n|switch|p1b: Rillaboom|Rillaboom, L50, M|100\/100\n|switch|p2a: Thundurus|Thundurus, L50, M|100\/100\n|switch|p2b: Rillaboom|Rillaboom, L50, F|100\/100\n|-fieldstart|move: Grassy Terrain|[from] ability: Grassy Surge|[of] p1b: Rillaboom\n|-enditem|p2a: Thundurus|Grassy Seed\n|-boost|p2a: Thundurus|def|1|[from] item: Grassy Seed\n|turn|1\n|inactive|zanethrillseek has 30 seconds left.\n|inactive|loveoverfear has 30 seconds left.\n|inactive|zanethrillseek has 20 seconds left.\n|inactive|loveoverfear has 20 seconds left.\n|\n|t:|1700178142\n|-terastallize|p1a: Tornadus|Ghost\n|move|p2b: Rillaboom|Fake Out|p1b: Rillaboom\n|-damage|p1b: Rillaboom|89\/100\n|move|p2a: Thundurus|Acrobatics|p1b: Rillaboom\n|-supereffective|p1b: Rillaboom\n|-damage|p1b: Rillaboom|0 fnt\n|faint|p1b: Rillaboom\n|move|p1a: Tornadus|Bleakwind Storm|p2a: Thundurus|[spread] p2b\n|-miss|p1a: Tornadus|p2a: Thundurus\n|-supereffective|p2b: Rillaboom\n|-damage|p2b: Rillaboom|61\/100\n|\n|-heal|p2b: Rillaboom|67\/100|[from] Grassy Terrain\n|upkeep\n|\n|t:|1700178156\n|switch|p1b: Arcanine|Arcanine-Hisui, L50, F|100\/100\n|-ability|p1b: Arcanine|Intimidate|boost\n|-unboost|p2a: Thundurus|atk|1\n|-ability|p2a: Thundurus|Defiant|boost\n|-boost|p2a: Thundurus|atk|2\n|-unboost|p2b: Rillaboom|atk|1\n|turn|2\n|\n|t:|1700178177\n|move|p1a: Tornadus|Tailwind|p1a: Tornadus\n|-sidestart|p1: zanethrillseek|move: Tailwind\n|move|p1b: Arcanine|Rock Slide|p2a: Thundurus|[spread] p2b\n|-miss|p1b: Arcanine|p2a: Thundurus\n|-damage|p2b: Rillaboom|28\/100\n|move|p2a: Thundurus|Wild Charge|p1b: Arcanine\n|-damage|p1b: Arcanine|38\/100\n|-damage|p2a: Thundurus|80\/100|[from] Recoil\n|move|p2b: Rillaboom|Wood Hammer|p1a: Tornadus\n|-damage|p1a: Tornadus|53\/100\n|-damage|p2b: Rillaboom|12\/100|[from] item: Rocky Helmet|[of] p1a: Tornadus\n|-damage|p2b: Rillaboom|0 fnt|[from] Recoil\n|faint|p2b: Rillaboom\n|\n|-heal|p1a: Tornadus|59\/100|[from] Grassy Terrain\n|-heal|p1b: Arcanine|44\/100|[from] Grassy Terrain\n|upkeep\n|\n|t:|1700178192\n|switch|p2b: Arcanine|Arcanine-Hisui, L50, M|100\/100\n|-ability|p2b: Arcanine|Intimidate|boost\n|-unboost|p1a: Tornadus|atk|1\n|-unboost|p1b: Arcanine|atk|1\n|turn|3\n|\n|t:|1700178213\n|switch|p1b: Urshifu|Urshifu-Rapid-Strike, L50, M|100\/100\n|move|p1a: Tornadus|Rain Dance|p1a: Tornadus\n|-weather|RainDance\n|move|p2a: Thundurus|Acrobatics|p1a: Tornadus\n|-damage|p1a: Tornadus|0 fnt\n|-damage|p2a: Thundurus|63\/100|[from] item: Rocky Helmet|[of] p1a: Tornadus\n|faint|p1a: Tornadus\n|move|p2b: Arcanine|Rock Slide|p1b: Urshifu\n|-resisted|p1b: Urshifu\n|-damage|p1b: Urshifu|83\/100\n|\n|-weather|RainDance|[upkeep]\n|-heal|p1b: Urshifu|90\/100|[from] Grassy Terrain\n|upkeep\n|\n|t:|1700178226\n|switch|p1a: Arcanine|Arcanine-Hisui, L50, F|44\/100\n|-ability|p1a: Arcanine|Intimidate|boost\n|-unboost|p2a: Thundurus|atk|1\n|-ability|p2a: Thundurus|Defiant|boost\n|-boost|p2a: Thundurus|atk|2\n|-unboost|p2b: Arcanine|atk|1\n|turn|4\n|\n|t:|1700178243\n|-terastallize|p2b: Arcanine|Normal\n|move|p2a: Thundurus|Protect|p2a: Thundurus\n|-singleturn|p2a: Thundurus|Protect\n|move|p1b: Urshifu|Surging Strikes|p2b: Arcanine\n|-crit|p2b: Arcanine\n|-damage|p2b: Arcanine|60\/100\n|-crit|p2b: Arcanine\n|-damage|p2b: Arcanine|23\/100\n|-enditem|p2b: Arcanine|Sitrus Berry|[eat]\n|-heal|p2b: Arcanine|48\/100|[from] item: Sitrus Berry\n|-crit|p2b: Arcanine\n|-damage|p2b: Arcanine|6\/100\n|-hitcount|p2b: Arcanine|3\n|move|p1a: Arcanine|Rock Slide|p2b: Arcanine|[spread] p2b\n|-activate|p2a: Thundurus|move: Protect\n|-damage|p2b: Arcanine|0 fnt\n|faint|p2b: Arcanine\n|\n|-weather|RainDance|[upkeep]\n|-heal|p1b: Urshifu|96\/100|[from] Grassy Terrain\n|-heal|p1a: Arcanine|50\/100|[from] Grassy Terrain\n|upkeep\n|\n|t:|1700178259\n|switch|p2b: Chien-Pao|Chien-Pao, L50|100\/100\n|-ability|p2b: Chien-Pao|Sword of Ruin\n|turn|5\n|\n|t:|1700178276\n|move|p2b: Chien-Pao|Sucker Punch|p1a: Arcanine\n|-damage|p1a: Arcanine|8\/100\n|move|p1b: Urshifu|Surging Strikes|p2b: Chien-Pao\n|-crit|p2b: Chien-Pao\n|-damage|p2b: Chien-Pao|42\/100\n|-crit|p2b: Chien-Pao\n|-damage|p2b: Chien-Pao|0 fnt\n|faint|p2b: Chien-Pao\n|-hitcount|p2: Chien-Pao|2\n|move|p1a: Arcanine|Rock Slide|p2a: Thundurus\n|-supereffective|p2a: Thundurus\n|-damage|p2a: Thundurus|0 fnt\n|faint|p2a: Thundurus\n|\n|win|zanethrillseek\n|raw|zanethrillseek's rating: 1232 &rarr; <strong>1251<\/strong><br \/>(+19 for winning)\n|raw|loveoverfear's rating: 1141 &rarr; <strong>1122<\/strong><br \/>(-19 for losing)\n|l|\u2606loveoverfear\n","uploadtime":1700178297,"views":12,"p1id":"zanethrillseek","p2id":"loveoverfear","formatid":"gen9vgc2023regulatione","rating":1122,"private":0,"password":""}