{"id":"gen9vgc2023regulatione-1998897139","p1":"xingshen","p2":"yohjek","format":"[Gen 9] VGC 2023 Regulation E","log":"|j|\u2606xingshen\n|j|\u2606yohjek\n|t:|1701010174\n|gametype|doubles\n|player|p1|xingshen|1|1220\n|player|p2|yohjek|guitarist-gen4|1283\n|teamsize|p1|6\n|teamsize|p2|6\n|gen|9\n|tier|[Gen 9] VGC 2023 Regulation E\n|rated|\n|rule|Species Clause: Limit one of each Pok\u00e9mon\n|rule|Item Clause: Limit one of each item\n|clearpoke\n|poke|p1|Indeedee-F, L50, F|\n|poke|p1|Ting-Lu, L50|\n|poke|p1|Sinistcha-Masterpiece, L50|\n|poke|p1|Gallade, L50, M|\n|poke|p1|Avalugg-Hisui, L50, F|\n|poke|p1|Ursaluna-Bloodmoon, L50, M|\n|poke|p2|Palafin, L50, F|\n|poke|p2|Tornadus, L50, M|\n|poke|p2|Gholdengo, L50|\n|poke|p2|Fezandipiti, L50, M|\n|poke|p2|Rillaboom, L50, F|\n|poke|p2|Arcanine-Hisui, L50, M|\n|teampreview|4\n|inactive|Battle timer is ON: inactive players will automatically lose when time's up. (requested by yohjek)\n|\n|t:|1701010212\n|start\n|switch|p1a: Indeedee|Indeedee-F, L50, F|100\/100\n|switch|p1b: Ting-Lu|Ting-Lu, L50|100\/100\n|switch|p2a: Fezandipiti|Fezandipiti, L50, M|100\/100\n|switch|p2b: Palafin|Palafin, L50, F|100\/100\n|-fieldstart|move: Psychic Terrain|[from] ability: Psychic Surge|[of] p1a: Indeedee\n|-ability|p1b: Ting-Lu|Vessel of Ruin\n|turn|1\n|\n|t:|1701010235\n|move|p2b: Palafin|Flip Turn|p1a: Indeedee\n|-damage|p1a: Indeedee|71\/100\n|-damage|p2b: Palafin|84\/100|[from] item: Rocky Helmet|[of] p1a: Indeedee\n|\n|t:|1701010240\n|detailschange|p2b: Palafin|Palafin-Hero, L50, F\n|switch|p2b: Rillaboom|Rillaboom, L50, F|100\/100|[from] Flip Turn\n|-fieldstart|move: Grassy Terrain|[from] ability: Grassy Surge|[of] p2b: Rillaboom\n|move|p2a: Fezandipiti|Taunt|p1a: Indeedee\n|-start|p1a: Indeedee|move: Taunt\n|move|p1b: Ting-Lu|Stomping Tantrum|p2a: Fezandipiti\n|-supereffective|p2a: Fezandipiti\n|-damage|p2a: Fezandipiti|29\/100\n|-enditem|p2a: Fezandipiti|Sitrus Berry|[eat]\n|-heal|p2a: Fezandipiti|53\/100|[from] item: Sitrus Berry\n|cant|p1a: Indeedee|move: Taunt|Trick Room\n|\n|-heal|p2a: Fezandipiti|59\/100|[from] Grassy Terrain\n|-heal|p1a: Indeedee|77\/100|[from] Grassy Terrain\n|upkeep\n|turn|2\n|inactive|xingshen has 30 seconds left.\n|\n|t:|1701010273\n|switch|p2a: Palafin|Palafin-Hero, L50, F|84\/100\n|-activate|p2a: Palafin|ability: Zero to Hero\n|switch|p1a: Sinistcha|Sinistcha-Masterpiece, L50|100\/100\n|move|p2b: Rillaboom|Fake Out|p1b: Ting-Lu\n|-damage|p1b: Ting-Lu|92\/100\n|cant|p1b: Ting-Lu|flinch\n|\n|-heal|p2a: Palafin|90\/100|[from] Grassy Terrain\n|-heal|p1b: Ting-Lu|98\/100|[from] Grassy Terrain\n|upkeep\n|turn|3\n|inactive|xingshen has 30 seconds left.\n|inactive|yohjek has 30 seconds left.\n|\n|t:|1701010304\n|switch|p2b: Fezandipiti|Fezandipiti, L50, M|59\/100\n|move|p2a: Palafin|Flip Turn|p1a: Sinistcha\n|-resisted|p1a: Sinistcha\n|-damage|p1a: Sinistcha|84\/100\n|\n|t:|1701010309\n|switch|p2a: Tornadus|Tornadus, L50, M|100\/100|[from] Flip Turn\n|move|p1b: Ting-Lu|Ruination|p2a: Tornadus\n|-damage|p2a: Tornadus|50\/100\n|move|p1a: Sinistcha|Trick Room|p1a: Sinistcha\n|-fieldstart|move: Trick Room|[of] p1a: Sinistcha\n|\n|-heal|p1b: Ting-Lu|100\/100|[from] Grassy Terrain\n|-heal|p1a: Sinistcha|90\/100|[from] Grassy Terrain\n|-heal|p2b: Fezandipiti|66\/100|[from] Grassy Terrain\n|upkeep\n|turn|4\n|\n|t:|1701010332\n|switch|p1a: Gallade|Gallade, L50, M|100\/100\n|move|p2a: Tornadus|Protect|p2a: Tornadus\n|-singleturn|p2a: Tornadus|Protect\n|move|p1b: Ting-Lu|Heavy Slam|p2b: Fezandipiti\n|-supereffective|p2b: Fezandipiti\n|-damage|p2b: Fezandipiti|0 fnt\n|faint|p2b: Fezandipiti\n|\n|upkeep\n|inactive|yohjek has 30 seconds left.\n|\n|t:|1701010357\n|switch|p2b: Palafin|Palafin-Hero, L50, F|90\/100\n|turn|5\n|\n|t:|1701010377\n|switch|p1b: Indeedee|Indeedee-F, L50, F|77\/100\n|-fieldstart|move: Psychic Terrain|[from] ability: Psychic Surge|[of] p1b: Indeedee\n|-terastallize|p2b: Palafin|Water\n|move|p2a: Tornadus|Rain Dance|p2a: Tornadus\n|-weather|RainDance\n|move|p2b: Palafin|Jet Punch|p1b: Indeedee\n|-activate|p1b: Indeedee|move: Psychic Terrain\n|move|p1a: Gallade|Leaf Blade|p2b: Palafin\n|-supereffective|p2b: Palafin\n|-damage|p2b: Palafin|0 fnt\n|faint|p2b: Palafin\n|\n|-weather|RainDance|[upkeep]\n|upkeep\n|-message|yohjek forfeited.\n|\n|win|xingshen\n|raw|xingshen's rating: 1220 &rarr; <strong>1249<\/strong><br \/>(+29 for winning)\n|raw|yohjek's rating: 1283 &rarr; <strong>1254<\/strong><br \/>(-29 for losing)\n|l|\u2606yohjek\n","uploadtime":1701010403,"views":5,"p1id":"xingshen","p2id":"yohjek","formatid":"gen9vgc2023regulatione","rating":1249,"private":0,"password":""}