{"id":"gen9vgc2023regulatione-1988554498","p1":"vight","p2":"Vengeful potato","format":"[Gen 9] VGC 2023 Regulation E","log":"|j|\u2606vight\n|j|\u2606Vengeful potato\n|t:|1699735525\n|gametype|doubles\n|player|p1|vight|steven|\n|player|p2|Vengeful potato|swimmer|\n|teamsize|p1|6\n|teamsize|p2|5\n|gen|9\n|tier|[Gen 9] VGC 2023 Regulation E\n|rated|Tournament battle\n|rule|Species Clause: Limit one of each Pok\u00e9mon\n|rule|Item Clause: Limit one of each item\n|clearpoke\n|poke|p1|Dondozo, L50, F|\n|poke|p1|Tatsugiri-Stretchy, L50, F|\n|poke|p1|Chien-Pao, L50|\n|poke|p1|Dragonite, L50, M|\n|poke|p1|Ogerpon-Hearthflame, L50, F|\n|poke|p1|Flutter Mane, L50|\n|poke|p2|Articuno-Galar, L50|\n|poke|p2|Maushold, L50|\n|poke|p2|Decidueye-Hisui, L50, M|\n|poke|p2|Stonjourner, L50, F|\n|poke|p2|Regidrago, L50|\n|teampreview|4\n|showteam|p1|Dondozo||ClearAmulet|Unaware|OrderUp,WaveCrash,Earthquake,Protect|||F|||50|,,,,,Dragon]Tatsugiri-Stretchy||ChoiceScarf|Commander|MuddyWater,DracoMeteor,SleepTalk,IcyWind|||F|||50|,,,,,Steel]Chien-Pao||FocusSash|SwordofRuin|IceSpinner,Protect,SuckerPunch,SacredSword||||||50|,,,,,Ghost]Dragonite||ChoiceBand|InnerFocus|ExtremeSpeed,Outrage,AquaJet,StompingTantrum|||M|||50|,,,,,Normal]Ogerpon-Hearthflame||HearthflameMask|MoldBreaker|IvyCudgel,WoodHammer,FollowMe,SpikyShield|||F|||50|,,,,,Fire]Flutter Mane||BoosterEnergy|Protosynthesis|ShadowBall,Protect,Moonblast,IcyWind||||||50|,,,,,Fairy\n|showteam|p2|Articuno-Galar||CovertCloak|Competitive|FreezingGlare,AirSlash,Tailwind,TrickRoom||||||50|,,,,,Steel]Maushold||RockyHelmet|FriendGuard|SuperFang,Taunt,FollowMe,Protect||||||50|,,,,,Ghost]Decidueye-Hisui||LoadedDice|Scrappy|BulletSeed,TripleArrows,SwordsDance,Protect|||M|||50|,,,,,Fire]Stonjourner||ClearAmulet|PowerSpot|RockSlide,HighHorsepower,HeatCrash,WideGuard|||F|||50|,,,,,Grass]Regidrago||DragonFang|DragonsMaw|DracoMeteor,DragonEnergy,EarthPower,Protect||||||50|,,,,,Ground\n|j|%Radio Free C-Side\n|\n|t:|1699735595\n|start\n|switch|p1a: Chien-Pao|Chien-Pao, L50|100\/100\n|switch|p1b: Dragonite|Dragonite, L50, M|100\/100\n|switch|p2a: The Rizzler\ud83d\ude31\ud83d\udcaf\ud83d\udde3\ufe0f|Articuno-Galar, L50, shiny|100\/100\n|switch|p2b: Despereaux|Maushold, L50, shiny|100\/100\n|-ability|p1a: Chien-Pao|Sword of Ruin\n|turn|1\n|\n|t:|1699735635\n|move|p2b: Despereaux|Follow Me|p2b: Despereaux\n|-singleturn|p2b: Despereaux|move: Follow Me\n|move|p1a: Chien-Pao|Ice Spinner|p2b: Despereaux\n|-damage|p2b: Despereaux|45\/100\n|-damage|p1a: Chien-Pao|84\/100|[from] item: Rocky Helmet|[of] p2b: Despereaux\n|move|p1b: Dragonite|Outrage|p2b: Despereaux\n|-damage|p2b: Despereaux|0 fnt\n|-damage|p1b: Dragonite|84\/100|[from] item: Rocky Helmet|[of] p2b: Despereaux\n|faint|p2b: Despereaux\n|move|p2a: The Rizzler\ud83d\ude31\ud83d\udcaf\ud83d\udde3\ufe0f|Tailwind|p2a: The Rizzler\ud83d\ude31\ud83d\udcaf\ud83d\udde3\ufe0f\n|-sidestart|p2: Vengeful potato|move: Tailwind\n|\n|upkeep\n|\n|t:|1699735649\n|switch|p2b: THE DRAGON BALL\ud83e\udd76|Regidrago, L50, shiny|100\/100\n|turn|2\n|\n|t:|1699735674\n|move|p1a: Chien-Pao|Sucker Punch|p2b: THE DRAGON BALL\ud83e\udd76\n|-damage|p2b: THE DRAGON BALL\ud83e\udd76|60\/100\n|move|p2a: The Rizzler\ud83d\ude31\ud83d\udcaf\ud83d\udde3\ufe0f|Freezing Glare|p1b: Dragonite\n|-damage|p1b: Dragonite|43\/100\n|move|p2b: THE DRAGON BALL\ud83e\udd76|Dragon Energy|p1b: Dragonite|[spread] p1a,p1b\n|-supereffective|p1b: Dragonite\n|-damage|p1a: Chien-Pao|0 fnt\n|-damage|p1b: Dragonite|0 fnt\n|faint|p1a: Chien-Pao\n|faint|p1b: Dragonite\n|\n|upkeep\n|\n|t:|1699735685\n|switch|p1a: Dondozo|Dondozo, L50, F|100\/100\n|switch|p1b: Tatsugiri|Tatsugiri-Stretchy, L50, F|100\/100\n|-activate|p1b: Tatsugiri|ability: Commander|[of] p1a: Dondozo\n|-boost|p1a: Dondozo|atk|2\n|-boost|p1a: Dondozo|spa|2\n|-boost|p1a: Dondozo|spe|2\n|-boost|p1a: Dondozo|def|2\n|-boost|p1a: Dondozo|spd|2\n|turn|3\n|\n|t:|1699735701\n|move|p1a: Dondozo|Protect|p1a: Dondozo\n|-singleturn|p1a: Dondozo|Protect\n|move|p2a: The Rizzler\ud83d\ude31\ud83d\udcaf\ud83d\udde3\ufe0f|Air Slash|p1a: Dondozo\n|-activate|p1a: Dondozo|move: Protect\n|move|p2b: THE DRAGON BALL\ud83e\udd76|Draco Meteor|p1a: Dondozo\n|-activate|p1a: Dondozo|move: Protect\n|\n|upkeep\n|turn|4\n|\n|t:|1699735713\n|move|p2b: THE DRAGON BALL\ud83e\udd76|Protect|p2b: THE DRAGON BALL\ud83e\udd76\n|-singleturn|p2b: THE DRAGON BALL\ud83e\udd76|Protect\n|move|p1a: Dondozo|Order Up|p2b: THE DRAGON BALL\ud83e\udd76\n|-activate|p2b: THE DRAGON BALL\ud83e\udd76|move: Protect\n|move|p2a: The Rizzler\ud83d\ude31\ud83d\udcaf\ud83d\udde3\ufe0f|Trick Room|p2a: The Rizzler\ud83d\ude31\ud83d\udcaf\ud83d\udde3\ufe0f\n|-fieldstart|move: Trick Room|[of] p2a: The Rizzler\ud83d\ude31\ud83d\udcaf\ud83d\udde3\ufe0f\n|\n|-sideend|p2: Vengeful potato|move: Tailwind\n|upkeep\n|turn|5\n|\n|t:|1699735730\n|move|p2b: THE DRAGON BALL\ud83e\udd76|Draco Meteor|p1a: Dondozo\n|-damage|p1a: Dondozo|45\/100\n|-unboost|p2b: THE DRAGON BALL\ud83e\udd76|spa|2\n|move|p2a: The Rizzler\ud83d\ude31\ud83d\udcaf\ud83d\udde3\ufe0f|Freezing Glare|p1a: Dondozo\n|-damage|p1a: Dondozo|26\/100\n|move|p1a: Dondozo|Order Up|p2b: THE DRAGON BALL\ud83e\udd76\n|-supereffective|p2b: THE DRAGON BALL\ud83e\udd76\n|-damage|p2b: THE DRAGON BALL\ud83e\udd76|0 fnt\n|faint|p2b: THE DRAGON BALL\ud83e\udd76\n|-boost|p1a: Dondozo|spe|1\n|\n|upkeep\n|\n|t:|1699735738\n|switch|p2b: Robin DaBank|Decidueye-Hisui, L50, M, shiny|100\/100\n|turn|6\n|\n|t:|1699735749\n|move|p1a: Dondozo|Protect|p1a: Dondozo\n|-singleturn|p1a: Dondozo|Protect\n|move|p2b: Robin DaBank|Bullet Seed|p1a: Dondozo\n|-activate|p1a: Dondozo|move: Protect\n|move|p2a: The Rizzler\ud83d\ude31\ud83d\udcaf\ud83d\udde3\ufe0f|Freezing Glare|p1a: Dondozo\n|-activate|p1a: Dondozo|move: Protect\n|\n|upkeep\n|turn|7\n|l|%Radio Free C-Side\n|\n|t:|1699735776\n|-terastallize|p1a: Dondozo|Dragon\n|move|p2b: Robin DaBank|Bullet Seed|p1a: Dondozo\n|-resisted|p1a: Dondozo\n|-damage|p1a: Dondozo|24\/100\n|-resisted|p1a: Dondozo\n|-damage|p1a: Dondozo|21\/100\n|-resisted|p1a: Dondozo\n|-damage|p1a: Dondozo|19\/100\n|-resisted|p1a: Dondozo\n|-damage|p1a: Dondozo|17\/100\n|-resisted|p1a: Dondozo\n|-damage|p1a: Dondozo|15\/100\n|-hitcount|p1a: Dondozo|5\n|move|p2a: The Rizzler\ud83d\ude31\ud83d\udcaf\ud83d\udde3\ufe0f|Freezing Glare|p1a: Dondozo\n|-damage|p1a: Dondozo|0 fnt\n|faint|p1a: Dondozo\n|\n|upkeep\n|turn|8\n|\n|t:|1699735796\n|move|p2b: Robin DaBank|Bullet Seed|p1b: Tatsugiri\n|-damage|p1b: Tatsugiri|77\/100\n|-damage|p1b: Tatsugiri|53\/100\n|-damage|p1b: Tatsugiri|32\/100\n|-damage|p1b: Tatsugiri|11\/100\n|-damage|p1b: Tatsugiri|0 fnt\n|faint|p1b: Tatsugiri\n|-hitcount|p1: Tatsugiri|5\n|\n|win|Vengeful potato\n|n|\u2606vight|vight\n|n|\u2606Vengeful potato|vengefulpotato\n|c|\u2606Vengeful potato|Gg\n","uploadtime":1699735806,"views":10,"p1id":"vight","p2id":"vengefulpotato","formatid":"gen9vgc2023regulatione","rating":0,"private":0,"password":""}