{"id":"gen9vgc2023regulatione-1993265192","p1":"FlopyFlopsters","p2":"lgh139","format":"[Gen 9] VGC 2023 Regulation E","log":"|j|\u2606FlopyFlopsters\n|j|\u2606lgh139\n|t:|1700286691\n|gametype|doubles\n|player|p1|FlopyFlopsters|nate|1572\n|player|p2|lgh139|dawn|1587\n|teamsize|p1|6\n|teamsize|p2|6\n|gen|9\n|tier|[Gen 9] VGC 2023 Regulation E\n|rated|\n|rule|Species Clause: Limit one of each Pok\u00e9mon\n|rule|Item Clause: Limit one of each item\n|clearpoke\n|poke|p1|Tornadus, L50, M|\n|poke|p1|Urshifu-*, L50, M|\n|poke|p1|Iron Hands, L50|\n|poke|p1|Farigiraf, L50, M|\n|poke|p1|Chien-Pao, L50|\n|poke|p1|Arcanine-Hisui, L50, M|\n|poke|p2|Weezing, L50, M|\n|poke|p2|Landorus-Therian, L50, M|\n|poke|p2|Iron Hands, L50|\n|poke|p2|Flutter Mane, L50|\n|poke|p2|Kommo-o, L50, F|\n|poke|p2|Farigiraf, L50, M|\n|teampreview|4\n|inactive|Battle timer is ON: inactive players will automatically lose when time's up. (requested by FlopyFlopsters)\n|\n|t:|1700286711\n|start\n|switch|p1a: Jimmy|Tornadus, L50, M|100\/100\n|switch|p1b: Timmy|Urshifu-Rapid-Strike, L50, M|100\/100\n|switch|p2a: Iron Hands|Iron Hands, L50|100\/100\n|switch|p2b: Farigiraf|Farigiraf, L50, M|100\/100\n|turn|1\n|inactive|FlopyFlopsters has 30 seconds left.\n|inactive|FlopyFlopsters has 20 seconds left.\n|inactive|FlopyFlopsters has 15 seconds left.\n|\n|t:|1700286752\n|-terastallize|p1b: Timmy|Water\n|move|p2a: Iron Hands|Fake Out|p1b: Timmy\n|-damage|p1b: Timmy|86\/100\n|move|p1a: Jimmy|Rain Dance|p1a: Jimmy\n|-weather|RainDance\n|cant|p1b: Timmy|flinch\n|move|p2b: Farigiraf|Trick Room|p2b: Farigiraf\n|-fieldstart|move: Trick Room|[of] p2b: Farigiraf\n|\n|-weather|RainDance|[upkeep]\n|upkeep\n|turn|2\n|\n|t:|1700286766\n|move|p1b: Timmy|Detect|p1b: Timmy\n|-singleturn|p1b: Timmy|Protect\n|move|p2a: Iron Hands|Wild Charge|p1b: Timmy\n|-activate|p1b: Timmy|move: Protect\n|move|p2b: Farigiraf|Hyper Voice|p1a: Jimmy|[spread] p1a\n|-activate|p1b: Timmy|move: Protect\n|-damage|p1a: Jimmy|74\/100\n|move|p1a: Jimmy|Bleakwind Storm|p2b: Farigiraf|[spread] p2a,p2b\n|-damage|p2a: Iron Hands|84\/100\n|-damage|p2b: Farigiraf|71\/100\n|-unboost|p2a: Iron Hands|spe|1\n|\n|-weather|RainDance|[upkeep]\n|upkeep\n|turn|3\n|\n|t:|1700286780\n|switch|p1b: Billy|Iron Hands, L50|100\/100\n|move|p2a: Iron Hands|Wild Charge|p1b: Billy\n|-resisted|p1b: Billy\n|-damage|p1b: Billy|85\/100\n|-damage|p2a: Iron Hands|80\/100|[from] Recoil\n|move|p2b: Farigiraf|Hyper Voice|p1b: Billy|[spread] p1a,p1b\n|-damage|p1a: Jimmy|48\/100\n|-damage|p1b: Billy|70\/100\n|move|p1a: Jimmy|Bleakwind Storm|p2a: Iron Hands|[spread] p2a,p2b\n|-damage|p2a: Iron Hands|61\/100\n|-damage|p2b: Farigiraf|39\/100\n|-unboost|p2a: Iron Hands|spe|1\n|\n|-weather|RainDance|[upkeep]\n|upkeep\n|turn|4\n|inactive|lgh139 has 30 seconds left.\n|\n|t:|1700286805\n|switch|p2b: Kommo-o|Kommo-o, L50, F|100\/100\n|move|p2a: Iron Hands|Wild Charge|p1a: Jimmy\n|-supereffective|p1a: Jimmy\n|-damage|p1a: Jimmy|0 fnt\n|faint|p1a: Jimmy\n|-damage|p2a: Iron Hands|52\/100|[from] Recoil\n|move|p1b: Billy|Drain Punch|p2a: Iron Hands\n|-damage|p2a: Iron Hands|24\/100\n|-heal|p1b: Billy|84\/100|[from] drain|[of] p2a: Iron Hands\n|\n|-weather|RainDance|[upkeep]\n|upkeep\n|\n|t:|1700286817\n|switch|p1a: Timmy|Urshifu-Rapid-Strike, L50, M, tera:Water|86\/100\n|turn|5\n|\n|t:|1700286822\n|move|p1a: Timmy|Detect|p1a: Timmy\n|-singleturn|p1a: Timmy|Protect\n|move|p2a: Iron Hands|Drain Punch|p1b: Billy\n|-damage|p1b: Billy|55\/100\n|-heal|p2a: Iron Hands|39\/100|[from] drain|[of] p1b: Billy\n|move|p1b: Billy|Drain Punch|p2a: Iron Hands\n|-damage|p2a: Iron Hands|12\/100\n|-heal|p1b: Billy|68\/100|[from] drain|[of] p2a: Iron Hands\n|move|p2b: Kommo-o|Iron Defense|p2b: Kommo-o\n|-boost|p2b: Kommo-o|def|2\n|\n|-weather|none\n|-fieldend|move: Trick Room\n|upkeep\n|turn|6\n|\n|t:|1700286837\n|-end|p2a: Iron Hands|Quark Drive|[silent]\n|switch|p2a: Farigiraf|Farigiraf, L50, M|39\/100\n|move|p1a: Timmy|Surging Strikes|p2b: Kommo-o\n|-resisted|p2b: Kommo-o\n|-crit|p2b: Kommo-o\n|-damage|p2b: Kommo-o|90\/100\n|-resisted|p2b: Kommo-o\n|-crit|p2b: Kommo-o\n|-damage|p2b: Kommo-o|77\/100\n|-resisted|p2b: Kommo-o\n|-crit|p2b: Kommo-o\n|-damage|p2b: Kommo-o|65\/100\n|-hitcount|p2b: Kommo-o|3\n|move|p2b: Kommo-o|Body Press|p1a: Timmy\n|-damage|p1a: Timmy|0 fnt\n|faint|p1a: Timmy\n|move|p1b: Billy|Drain Punch|p2a: Farigiraf\n|-damage|p2a: Farigiraf|4\/100\n|-heal|p1b: Billy|84\/100|[from] drain|[of] p2a: Farigiraf\n|-damage|p1b: Billy|68\/100|[from] item: Rocky Helmet|[of] p2a: Farigiraf\n|\n|-heal|p2b: Kommo-o|71\/100|[from] item: Leftovers\n|upkeep\n|\n|t:|1700286855\n|switch|p1a: Johnny|Chien-Pao, L50|100\/100\n|-ability|p1a: Johnny|Sword of Ruin\n|turn|7\n|\n|t:|1700286861\n|-terastallize|p2b: Kommo-o|Steel\n|move|p1a: Johnny|Ice Spinner|p2a: Farigiraf\n|-crit|p2a: Farigiraf\n|-damage|p2a: Farigiraf|0 fnt\n|-damage|p1a: Johnny|84\/100|[from] item: Rocky Helmet|[of] p2a: Farigiraf\n|faint|p2a: Farigiraf\n|move|p2b: Kommo-o|Body Press|p1a: Johnny\n|-supereffective|p1a: Johnny\n|-damage|p1a: Johnny|0 fnt\n|faint|p1a: Johnny\n|move|p1b: Billy|Drain Punch|p2b: Kommo-o\n|-supereffective|p2b: Kommo-o\n|-damage|p2b: Kommo-o|41\/100\n|-heal|p1b: Billy|79\/100|[from] drain|[of] p2b: Kommo-o\n|\n|-heal|p2b: Kommo-o|47\/100|[from] item: Leftovers\n|upkeep\n|\n|t:|1700286868\n|switch|p2a: Flutter Mane|Flutter Mane, L50|100\/100\n|turn|8\n|\n|t:|1700286877\n|move|p2a: Flutter Mane|Moonblast|p1b: Billy\n|-supereffective|p1b: Billy\n|-damage|p1b: Billy|5\/100\n|move|p2b: Kommo-o|Body Press|p1b: Billy\n|-damage|p1b: Billy|0 fnt\n|faint|p1b: Billy\n|-end|p1b: Billy|Quark Drive|[silent]\n|\n|win|lgh139\n|raw|FlopyFlopsters's rating: 1572 &rarr; <strong>1553<\/strong><br \/>(-19 for losing)\n|raw|lgh139's rating: 1587 &rarr; <strong>1606<\/strong><br \/>(+19 for winning)\n|l|\u2606FlopyFlopsters\n","uploadtime":1700286887,"views":15,"p1id":"flopyflopsters","p2id":"lgh139","formatid":"gen9vgc2023regulatione","rating":1553,"private":0,"password":""}