{"id":"gen9vgc2023regulatione-1999994788","p1":"Iggfttvg","p2":"hotdogwater2769","format":"[Gen 9] VGC 2023 Regulation E","log":"|j|\u2606Iggfttvg\n|j|\u2606hotdogwater2769\n|t:|1701138917\n|gametype|doubles\n|player|p1|Iggfttvg|266|1044\n|player|p2|hotdogwater2769|266|1115\n|teamsize|p1|6\n|teamsize|p2|6\n|gen|9\n|tier|[Gen 9] VGC 2023 Regulation E\n|rated|\n|rule|Species Clause: Limit one of each Pok\u00e9mon\n|rule|Item Clause: Limit one of each item\n|clearpoke\n|poke|p1|Tornadus, L50, M|\n|poke|p1|Urshifu-*, L50, F|\n|poke|p1|Gholdengo, L50|\n|poke|p1|Ogerpon, L50, F|\n|poke|p1|Arcanine-Hisui, L50, F|\n|poke|p1|Chien-Pao, L50|\n|poke|p2|Urshifu-*, L50, M|\n|poke|p2|Gholdengo, L50|\n|poke|p2|Ogerpon-Wellspring, L50, F|\n|poke|p2|Brambleghast, L50, F|\n|poke|p2|Landorus-Therian, L50, M|\n|poke|p2|Tornadus, L50, M|\n|teampreview|4\n|inactive|Battle timer is ON: inactive players will automatically lose when time's up. (requested by hotdogwater2769)\n|inactive|Iggfttvg has 60 seconds left.\n|inactive|hotdogwater2769 has 60 seconds left.\n|\n|t:|1701138965\n|start\n|switch|p1a: Arcanine|Arcanine-Hisui, L50, F|100\/100\n|switch|p1b: Chien-Pao|Chien-Pao, L50|100\/100\n|switch|p2a: Landorus|Landorus-Therian, L50, M|100\/100\n|switch|p2b: Tornadus|Tornadus, L50, M|100\/100\n|-ability|p1b: Chien-Pao|Sword of Ruin\n|-ability|p2a: Landorus|Intimidate|boost\n|-unboost|p1a: Arcanine|atk|1\n|-unboost|p1b: Chien-Pao|atk|1\n|-ability|p1a: Arcanine|Intimidate|boost\n|-unboost|p2a: Landorus|atk|1\n|-unboost|p2b: Tornadus|atk|1\n|turn|1\n|\n|t:|1701138986\n|move|p1a: Arcanine|Extreme Speed|p2a: Landorus\n|-damage|p2a: Landorus|59\/100\n|move|p1b: Chien-Pao|Sucker Punch|p2a: Landorus\n|-damage|p2a: Landorus|20\/100\n|move|p2b: Tornadus|Tailwind|p2b: Tornadus\n|-sidestart|p2: hotdogwater2769|move: Tailwind\n|move|p2a: Landorus|U-turn|p1b: Chien-Pao\n|-supereffective|p1b: Chien-Pao\n|-damage|p1b: Chien-Pao|26\/100\n|\n|t:|1701139003\n|switch|p2a: Urshifu|Urshifu-Rapid-Strike, L50, M|100\/100|[from] U-turn\n|\n|upkeep\n|turn|2\n|\n|t:|1701139019\n|move|p1a: Arcanine|Extreme Speed|p2a: Urshifu\n|-damage|p2a: Urshifu|66\/100\n|move|p1b: Chien-Pao|Sucker Punch|p2a: Urshifu\n|-resisted|p2a: Urshifu\n|-damage|p2a: Urshifu|51\/100\n|move|p2b: Tornadus|Bleakwind Storm|p1b: Chien-Pao|[spread] p1a,p1b\n|-resisted|p1a: Arcanine\n|-damage|p1a: Arcanine|80\/100\n|-damage|p1b: Chien-Pao|0 fnt\n|-unboost|p1a: Arcanine|spe|1\n|faint|p1b: Chien-Pao\n|move|p2a: Urshifu|Surging Strikes|p1a: Arcanine\n|-supereffective|p1a: Arcanine\n|-crit|p1a: Arcanine\n|-damage|p1a: Arcanine|0 fnt\n|faint|p1a: Arcanine\n|-hitcount|p1: Arcanine|1\n|-damage|p2a: Urshifu|41\/100|[from] item: Life Orb\n|\n|upkeep\n|\n|t:|1701139025\n|switch|p1b: Gholdengo|Gholdengo, L50|100\/100\n|switch|p1a: Tornadus|Tornadus, L50, M|100\/100\n|turn|3\n|\n|t:|1701139043\n|-terastallize|p1b: Gholdengo|Steel\n|move|p2b: Tornadus|Rain Dance|p2b: Tornadus\n|-weather|RainDance\n|move|p1a: Tornadus|Tailwind|p1a: Tornadus\n|-sidestart|p1: Iggfttvg|move: Tailwind\n|move|p2a: Urshifu|Surging Strikes|p1b: Gholdengo\n|-crit|p1b: Gholdengo\n|-damage|p1b: Gholdengo|52\/100\n|-crit|p1b: Gholdengo\n|-damage|p1b: Gholdengo|8\/100\n|-crit|p1b: Gholdengo\n|-damage|p1b: Gholdengo|0 fnt\n|faint|p1b: Gholdengo\n|-hitcount|p1: Gholdengo|3\n|-damage|p2a: Urshifu|32\/100|[from] item: Life Orb\n|\n|-weather|RainDance|[upkeep]\n|upkeep\n|turn|4\n|\n|t:|1701139061\n|move|p2b: Tornadus|Bleakwind Storm|p1a: Tornadus\n|-damage|p1a: Tornadus|47\/100\n|move|p1a: Tornadus|Bleakwind Storm|p2a: Urshifu|[spread] p2a,p2b\n|-supereffective|p2a: Urshifu\n|-damage|p2a: Urshifu|0 fnt\n|-damage|p2b: Tornadus|48\/100\n|faint|p2a: Urshifu\n|\n|-weather|RainDance|[upkeep]\n|-sideend|p2: hotdogwater2769|move: Tailwind\n|upkeep\n|\n|t:|1701139067\n|switch|p2a: Ogerpon|Ogerpon-Wellspring, L50, F|100\/100\n|turn|5\n|\n|t:|1701139073\n|-terastallize|p2a: Ogerpon|Water\n|detailschange|p2a: Ogerpon|Ogerpon-Wellspring-Tera, L50, F, tera:Water\n|-ability|p2a: Ogerpon|Embody Aspect (Wellspring)|boost\n|-boost|p2a: Ogerpon|spd|1\n|move|p2b: Tornadus|Tailwind|p2b: Tornadus\n|-sidestart|p2: hotdogwater2769|move: Tailwind\n|move|p1a: Tornadus|Bleakwind Storm|p2a: Ogerpon|[spread] p2a,p2b\n|-damage|p2a: Ogerpon|72\/100\n|-damage|p2b: Tornadus|0 fnt\n|faint|p2b: Tornadus\n|move|p2a: Ogerpon|Ivy Cudgel|p1a: Tornadus|[anim] Ivy Cudgel Water\n|-damage|p1a: Tornadus|0 fnt\n|faint|p1a: Tornadus\n|\n|win|hotdogwater2769\n|raw|Iggfttvg's rating: 1044 &rarr; <strong>1031<\/strong><br \/>(-13 for losing)\n|raw|hotdogwater2769's rating: 1115 &rarr; <strong>1135<\/strong><br \/>(+20 for winning)\n|l|\u2606Iggfttvg\n|n|\u2606hotdogwater2769|hotdogwater2769\n","uploadtime":1701139105,"views":15,"p1id":"iggfttvg","p2id":"hotdogwater2769","formatid":"gen9vgc2023regulatione","rating":1031,"private":0,"password":""}