{"id":"gen9vgc2023regulatione-1989065763","p1":"UhhhNickk","p2":"jack0505","format":"[Gen 9] VGC 2023 Regulation E","log":"|j|\u2606UhhhNickk\n|j|\u2606jack0505\n|t:|1699808406\n|gametype|doubles\n|player|p1|UhhhNickk|1|1084\n|player|p2|jack0505|1|1177\n|teamsize|p1|6\n|teamsize|p2|6\n|gen|9\n|tier|[Gen 9] VGC 2023 Regulation E\n|rated|\n|rule|Species Clause: Limit one of each Pok\u00e9mon\n|rule|Item Clause: Limit one of each item\n|clearpoke\n|poke|p1|Dachsbun, L50, M|\n|poke|p1|Chi-Yu, L50|\n|poke|p1|Iron Bundle, L50|\n|poke|p1|Farigiraf, L50, F|\n|poke|p1|Tauros-Paldea-Blaze, L50, M|\n|poke|p1|Mudsdale, L50, F|\n|poke|p2|Annihilape, L50, M|\n|poke|p2|Maushold, L50|\n|poke|p2|Sinistcha, L50|\n|poke|p2|Kommo-o, L50, M|\n|poke|p2|Ursaluna, L50, M|\n|poke|p2|Iron Hands, L50|\n|teampreview|4\n|inactive|Battle timer is ON: inactive players will automatically lose when time's up. (requested by jack0505)\n|\n|t:|1699808440\n|start\n|switch|p1a: Farigiraf|Farigiraf, L50, F|100\/100\n|switch|p1b: Tauros|Tauros-Paldea-Blaze, L50, M|100\/100\n|switch|p2a: Kommo-o|Kommo-o, L50, M|100\/100\n|switch|p2b: Iron Hands|Iron Hands, L50|100\/100\n|-ability|p1b: Tauros|Intimidate|boost\n|-unboost|p2a: Kommo-o|atk|1\n|-unboost|p2b: Iron Hands|atk|1\n|turn|1\n|\n|t:|1699808458\n|move|p2b: Iron Hands|Fake Out||[still]\n|cant|p1a: Farigiraf|ability: Armor Tail|Fake Out|[of] p2b: Iron Hands\n|move|p2a: Kommo-o|Clangorous Soul|p2a: Kommo-o\n|-boost|p2a: Kommo-o|atk|1\n|-boost|p2a: Kommo-o|def|1\n|-boost|p2a: Kommo-o|spa|1\n|-boost|p2a: Kommo-o|spd|1\n|-boost|p2a: Kommo-o|spe|1\n|-enditem|p1b: Tauros|Mirror Herb\n|-boost|p1b: Tauros|atk|1|[from] item: Mirror Herb\n|-boost|p1b: Tauros|def|1|[from] item: Mirror Herb\n|-boost|p1b: Tauros|spa|1|[from] item: Mirror Herb\n|-boost|p1b: Tauros|spd|1|[from] item: Mirror Herb\n|-boost|p1b: Tauros|spe|1|[from] item: Mirror Herb\n|-damage|p2a: Kommo-o|68\/100\n|-enditem|p2a: Kommo-o|Throat Spray\n|-boost|p2a: Kommo-o|spa|1|[from] item: Throat Spray\n|move|p1b: Tauros|Will-O-Wisp|p2a: Kommo-o\n|-status|p2a: Kommo-o|brn\n|move|p1a: Farigiraf|Dazzling Gleam|p2a: Kommo-o|[spread] p2a,p2b\n|-supereffective|p2a: Kommo-o\n|-supereffective|p2b: Iron Hands\n|-damage|p2a: Kommo-o|20\/100 brn\n|-damage|p2b: Iron Hands|84\/100\n|\n|-damage|p2a: Kommo-o|14\/100 brn|[from] brn\n|upkeep\n|turn|2\n|inactive|UhhhNickk has 30 seconds left.\n|inactive|jack0505 has 30 seconds left.\n|inactive|jack0505 has 20 seconds left.\n|\n|t:|1699808494\n|-end|p2b: Iron Hands|Quark Drive|[silent]\n|switch|p2b: Sinistcha|Sinistcha, L50|100\/100\n|-heal|p2a: Kommo-o|38\/100 brn|[from] ability: Hospitality|[of] p2b: Sinistcha\n|-terastallize|p2a: Kommo-o|Steel\n|-terastallize|p1a: Farigiraf|Fairy\n|move|p1b: Tauros|Protect|p1b: Tauros\n|-singleturn|p1b: Tauros|Protect\n|move|p2a: Kommo-o|Clanging Scales|p1a: Farigiraf|[spread] \n|-activate|p1b: Tauros|move: Protect\n|-immune|p1a: Farigiraf\n|move|p1a: Farigiraf|Dazzling Gleam|p2a: Kommo-o|[spread] p2a,p2b\n|-resisted|p2a: Kommo-o\n|-damage|p2a: Kommo-o|30\/100 brn\n|-damage|p2b: Sinistcha|74\/100\n|\n|-damage|p2a: Kommo-o|24\/100 brn|[from] brn\n|upkeep\n|turn|3\n|inactive|UhhhNickk has 30 seconds left.\n|inactive|jack0505 has 30 seconds left.\n|\n|t:|1699808529\n|switch|p1a: Chi-Yu|Chi-Yu, L50|100\/100\n|-ability|p1a: Chi-Yu|Beads of Ruin\n|move|p2a: Kommo-o|Flash Cannon|p1a: Chi-Yu\n|-resisted|p1a: Chi-Yu\n|-damage|p1a: Chi-Yu|57\/100\n|move|p1b: Tauros|Raging Bull|p2a: Kommo-o\n|-supereffective|p2a: Kommo-o\n|-damage|p2a: Kommo-o|0 fnt\n|faint|p2a: Kommo-o\n|move|p2b: Sinistcha|Strength Sap|p1b: Tauros\n|-unboost|p1b: Tauros|atk|1\n|-heal|p2b: Sinistcha|100\/100\n|\n|upkeep\n|\n|t:|1699808543\n|switch|p2a: Iron Hands|Iron Hands, L50|84\/100\n|turn|4\n|\n|t:|1699808564\n|switch|p1a: Farigiraf|Farigiraf, L50, F, tera:Fairy|100\/100\n|move|p2b: Sinistcha|Protect|p2b: Sinistcha\n|-singleturn|p2b: Sinistcha|Protect\n|move|p1b: Tauros|Raging Bull|p2b: Sinistcha\n|-activate|p2b: Sinistcha|move: Protect\n|move|p2a: Iron Hands|Drain Punch|p1a: Farigiraf\n|-resisted|p1a: Farigiraf\n|-damage|p1a: Farigiraf|86\/100\n|-heal|p2a: Iron Hands|91\/100|[from] drain|[of] p1a: Farigiraf\n|\n|upkeep\n|turn|5\n|\n|t:|1699808585\n|move|p1b: Tauros|Will-O-Wisp|p2a: Iron Hands\n|-status|p2a: Iron Hands|brn\n|move|p2b: Sinistcha|Strength Sap|p1b: Tauros\n|-unboost|p1b: Tauros|atk|1\n|move|p1a: Farigiraf|Dazzling Gleam|p2a: Iron Hands|[spread] p2a,p2b\n|-supereffective|p2a: Iron Hands\n|-crit|p2b: Sinistcha\n|-damage|p2a: Iron Hands|69\/100 brn\n|-damage|p2b: Sinistcha|60\/100\n|move|p2a: Iron Hands|Heavy Slam|p1a: Farigiraf\n|-supereffective|p1a: Farigiraf\n|-damage|p1a: Farigiraf|71\/100\n|\n|-damage|p2a: Iron Hands|63\/100 brn|[from] brn\n|upkeep\n|turn|6\n|inactive|UhhhNickk has 30 seconds left.\n|inactive|jack0505 has 30 seconds left.\n|\n|t:|1699808615\n|switch|p2b: Annihilape|Annihilape, L50, M|100\/100\n|move|p1b: Tauros|Raging Bull|p2b: Annihilape\n|-damage|p2b: Annihilape|80\/100\n|move|p1a: Farigiraf|Nasty Plot|p1a: Farigiraf\n|-boost|p1a: Farigiraf|spa|2\n|move|p2a: Iron Hands|Heavy Slam|p1a: Farigiraf\n|-supereffective|p1a: Farigiraf\n|-damage|p1a: Farigiraf|57\/100\n|\n|-heal|p2b: Annihilape|86\/100|[from] item: Leftovers\n|-damage|p2a: Iron Hands|57\/100 brn|[from] brn\n|upkeep\n|turn|7\n|\n|t:|1699808635\n|-end|p2a: Iron Hands|Quark Drive|[silent]\n|switch|p2a: Sinistcha|Sinistcha, L50|60\/100\n|-heal|p2b: Annihilape|100\/100|[from] ability: Hospitality|[of] p2a: Sinistcha\n|move|p1b: Tauros|Will-O-Wisp|p2b: Annihilape\n|-status|p2b: Annihilape|brn\n|move|p2b: Annihilape|Bulk Up|p2b: Annihilape\n|-boost|p2b: Annihilape|atk|1\n|-boost|p2b: Annihilape|def|1\n|move|p1a: Farigiraf|Dazzling Gleam|p2b: Annihilape|[spread] p2a,p2b\n|-crit|p2a: Sinistcha\n|-supereffective|p2b: Annihilape\n|-damage|p2a: Sinistcha|0 fnt\n|-damage|p2b: Annihilape|42\/100 brn\n|faint|p2a: Sinistcha\n|\n|-heal|p2b: Annihilape|48\/100 brn|[from] item: Leftovers\n|-damage|p2b: Annihilape|42\/100 brn|[from] brn\n|upkeep\n|\n|t:|1699808645\n|switch|p2a: Iron Hands|Iron Hands, L50|57\/100 brn\n|turn|8\n|-message|jack0505 forfeited.\n|\n|win|UhhhNickk\n|raw|UhhhNickk's rating: 1084 &rarr; <strong>1119<\/strong><br \/>(+35 for winning)\n|raw|jack0505's rating: 1177 &rarr; <strong>1145<\/strong><br \/>(-32 for losing)\n|l|\u2606jack0505\n","uploadtime":1699808674,"views":37,"p1id":"uhhhnickk","p2id":"jack0505","formatid":"gen9vgc2023regulatione","rating":1119,"private":0,"password":""}