{"id":"gen9vgc2023regulatione-1992370990","p1":"zanethrillseek","p2":"Hammy19","format":"[Gen 9] VGC 2023 Regulation E","log":"|j|\u2606zanethrillseek\n|j|\u2606Hammy19\n|t:|1700179815\n|gametype|doubles\n|player|p1|zanethrillseek|hilbert-wonderlauncher|1231\n|player|p2|Hammy19|steven|1283\n|teamsize|p1|6\n|teamsize|p2|6\n|gen|9\n|tier|[Gen 9] VGC 2023 Regulation E\n|rated|\n|rule|Species Clause: Limit one of each Pok\u00e9mon\n|rule|Item Clause: Limit one of each item\n|clearpoke\n|poke|p1|Tornadus, L50, M|\n|poke|p1|Chien-Pao, L50|\n|poke|p1|Rillaboom, L50, M|\n|poke|p1|Arcanine-Hisui, L50, M|\n|poke|p1|Flutter Mane, L50|\n|poke|p1|Urshifu-*, L50, M|\n|poke|p2|Gholdengo, L50|\n|poke|p2|Iron Hands, L50|\n|poke|p2|Amoonguss, L50, M|\n|poke|p2|Iron Bundle, L50|\n|poke|p2|Pelipper, L50, M|\n|poke|p2|Salamence, L50, M|\n|teampreview|4\n|inactive|Battle timer is ON: inactive players will automatically lose when time's up. (requested by Hammy19)\n|inactive|zanethrillseek has 60 seconds left.\n|\n|t:|1700179848\n|start\n|switch|p1a: Flutter Mane|Flutter Mane, L50|100\/100\n|switch|p1b: Rillaboom|Rillaboom, L50, M|100\/100\n|switch|p2a: Salamence|Salamence, L50, M|100\/100\n|switch|p2b: Gholdengo|Gholdengo, L50|100\/100\n|-ability|p2a: Salamence|Intimidate|boost\n|-unboost|p1a: Flutter Mane|atk|1\n|-unboost|p1b: Rillaboom|atk|1\n|-fieldstart|move: Grassy Terrain|[from] ability: Grassy Surge|[of] p1b: Rillaboom\n|-enditem|p1a: Flutter Mane|Booster Energy\n|-activate|p1a: Flutter Mane|ability: Protosynthesis|[fromitem]\n|-start|p1a: Flutter Mane|protosynthesisspa\n|turn|1\n|inactive|zanethrillseek has 30 seconds left.\n|inactive|Hammy19 has 30 seconds left.\n|\n|t:|1700179879\n|switch|p2a: Iron Hands|Iron Hands, L50|100\/100\n|-terastallize|p1a: Flutter Mane|Fairy\n|move|p2b: Gholdengo|Protect|p2b: Gholdengo\n|-singleturn|p2b: Gholdengo|Protect\n|move|p1b: Rillaboom|Fake Out|p2a: Iron Hands\n|-damage|p2a: Iron Hands|94\/100\n|move|p1a: Flutter Mane|Dazzling Gleam|p2b: Gholdengo|[spread] p2a\n|-activate|p2b: Gholdengo|move: Protect\n|-supereffective|p2a: Iron Hands\n|-damage|p2a: Iron Hands|33\/100\n|\n|-heal|p2a: Iron Hands|39\/100|[from] Grassy Terrain\n|upkeep\n|turn|2\n|inactive|zanethrillseek has 30 seconds left.\n|inactive|Hammy19 has 30 seconds left.\n|inactive|zanethrillseek has 20 seconds left.\n|inactive|zanethrillseek has 15 seconds left.\n|\n|t:|1700179920\n|-terastallize|p2b: Gholdengo|Dragon\n|move|p2a: Iron Hands|Fake Out|p1a: Flutter Mane\n|-damage|p1a: Flutter Mane|75\/100\n|cant|p1a: Flutter Mane|flinch\n|move|p2b: Gholdengo|Nasty Plot|p2b: Gholdengo\n|-boost|p2b: Gholdengo|spa|2\n|move|p1b: Rillaboom|U-turn|p2b: Gholdengo\n|-damage|p2b: Gholdengo|85\/100\n|\n|t:|1700179931\n|switch|p1b: Arcanine|Arcanine-Hisui, L50, M|100\/100|[from] U-turn\n|-ability|p1b: Arcanine|Intimidate|boost\n|-unboost|p2a: Iron Hands|atk|1\n|-unboost|p2b: Gholdengo|atk|1\n|\n|-heal|p1a: Flutter Mane|81\/100|[from] Grassy Terrain\n|-heal|p2b: Gholdengo|91\/100|[from] Grassy Terrain\n|-heal|p2b: Gholdengo|97\/100|[from] item: Leftovers\n|-heal|p2a: Iron Hands|45\/100|[from] Grassy Terrain\n|upkeep\n|turn|3\n|\n|t:|1700179952\n|-end|p2a: Iron Hands|Quark Drive|[silent]\n|switch|p2a: Pelipper|Pelipper, L50, M|100\/100\n|-weather|RainDance|[from] ability: Drizzle|[of] p2a: Pelipper\n|move|p2b: Gholdengo|Protect|p2b: Gholdengo\n|-singleturn|p2b: Gholdengo|Protect\n|move|p1a: Flutter Mane|Dazzling Gleam|p2b: Gholdengo|[spread] p2a\n|-activate|p2b: Gholdengo|move: Protect\n|-damage|p2a: Pelipper|16\/100\n|move|p1b: Arcanine|Rock Slide|p2a: Pelipper|[spread] p2a\n|-activate|p2b: Gholdengo|move: Protect\n|-supereffective|p2a: Pelipper\n|-damage|p2a: Pelipper|0 fnt\n|faint|p2a: Pelipper\n|\n|-weather|RainDance|[upkeep]\n|-heal|p1a: Flutter Mane|88\/100|[from] Grassy Terrain\n|-heal|p2b: Gholdengo|100\/100|[from] Grassy Terrain\n|upkeep\n|\n|t:|1700179973\n|switch|p2a: Salamence|Salamence, L50, M|100\/100\n|-ability|p2a: Salamence|Intimidate|boost\n|-unboost|p1a: Flutter Mane|atk|1\n|-unboost|p1b: Arcanine|atk|1\n|turn|4\n|\n|t:|1700179993\n|switch|p1b: Rillaboom|Rillaboom, L50, M|100\/100\n|move|p2a: Salamence|Tailwind|p2a: Salamence\n|-sidestart|p2: Hammy19|move: Tailwind\n|move|p2b: Gholdengo|Make It Rain|p1b: Rillaboom|[spread] p1a,p1b\n|-supereffective|p1a: Flutter Mane\n|-damage|p1a: Flutter Mane|0 fnt\n|-damage|p1b: Rillaboom|34\/100\n|-unboost|p2b: Gholdengo|spa|1\n|faint|p1a: Flutter Mane\n|-end|p1a: Flutter Mane|Protosynthesis|[silent]\n|\n|-weather|RainDance|[upkeep]\n|-heal|p1b: Rillaboom|40\/100|[from] Grassy Terrain\n|upkeep\n|\n|t:|1700180005\n|switch|p1a: Arcanine|Arcanine-Hisui, L50, M|100\/100\n|-ability|p1a: Arcanine|Intimidate|boost\n|-unboost|p2a: Salamence|atk|1\n|-unboost|p2b: Gholdengo|atk|1\n|turn|5\n|inactive|zanethrillseek has 30 seconds left.\n|\n|t:|1700180037\n|switch|p2a: Iron Hands|Iron Hands, L50|45\/100\n|move|p2b: Gholdengo|Protect|p2b: Gholdengo\n|-singleturn|p2b: Gholdengo|Protect\n|move|p1b: Rillaboom|Fake Out|p2b: Gholdengo\n|-activate|p2b: Gholdengo|move: Protect\n|move|p1a: Arcanine|Head Smash|p2b: Gholdengo\n|-activate|p2b: Gholdengo|move: Protect\n|\n|-weather|RainDance|[upkeep]\n|-heal|p2a: Iron Hands|51\/100|[from] Grassy Terrain\n|-heal|p1b: Rillaboom|45\/100|[from] Grassy Terrain\n|-fieldend|move: Grassy Terrain\n|upkeep\n|turn|6\n|inactive|zanethrillseek has 30 seconds left.\n|inactive|Hammy19 has 30 seconds left.\n|inactive|zanethrillseek has 20 seconds left.\n|inactive|Hammy19 has 20 seconds left.\n|\n|t:|1700180073\n|switch|p1b: Chien-Pao|Chien-Pao, L50|100\/100\n|-ability|p1b: Chien-Pao|Sword of Ruin\n|move|p2a: Iron Hands|Fake Out|p1a: Arcanine\n|-resisted|p1a: Arcanine\n|-damage|p1a: Arcanine|91\/100\n|move|p2b: Gholdengo|Make It Rain|p1a: Arcanine|[spread] p1a,p1b\n|-supereffective|p1b: Chien-Pao\n|-damage|p1a: Arcanine|10\/100\n|-enditem|p1b: Chien-Pao|Focus Sash\n|-damage|p1b: Chien-Pao|1\/100\n|-unboost|p2b: Gholdengo|spa|1\n|cant|p1a: Arcanine|flinch\n|\n|-weather|RainDance|[upkeep]\n|upkeep\n|turn|7\n|inactive|zanethrillseek has 30 seconds left.\n|inactive|Hammy19 has 30 seconds left.\n|inactive|Hammy19 has 20 seconds left.\n|inactive|Hammy19 has 15 seconds left.\n|\n|t:|1700180113\n|move|p2b: Gholdengo|Make It Rain|p1b: Chien-Pao|[spread] p1a,p1b\n|-supereffective|p1b: Chien-Pao\n|-damage|p1a: Arcanine|0 fnt\n|-damage|p1b: Chien-Pao|0 fnt\n|-unboost|p2b: Gholdengo|spa|1\n|faint|p1a: Arcanine\n|faint|p1b: Chien-Pao\n|move|p2a: Iron Hands|Drain Punch|p1: Arcanine|[notarget]\n|-fail|p2a: Iron Hands\n|\n|-weather|none\n|-sideend|p2: Hammy19|move: Tailwind\n|upkeep\n|\n|t:|1700180133\n|switch|p1b: Rillaboom|Rillaboom, L50, M|45\/100\n|-fieldstart|move: Grassy Terrain|[from] ability: Grassy Surge|[of] p1b: Rillaboom\n|turn|8\n|\n|t:|1700180142\n|-end|p2a: Iron Hands|Quark Drive|[silent]\n|switch|p2a: Salamence|Salamence, L50, M|100\/100\n|-ability|p2a: Salamence|Intimidate|boost\n|-unboost|p1b: Rillaboom|atk|1\n|move|p2b: Gholdengo|Protect|p2b: Gholdengo\n|-singleturn|p2b: Gholdengo|Protect\n|move|p1b: Rillaboom|Wood Hammer|p2a: Salamence\n|-resisted|p2a: Salamence\n|-damage|p2a: Salamence|85\/100\n|-damage|p1b: Rillaboom|41\/100|[from] Recoil\n|\n|-heal|p1b: Rillaboom|47\/100|[from] Grassy Terrain\n|upkeep\n|turn|9\n|\n|t:|1700180165\n|switch|p2a: Iron Hands|Iron Hands, L50|51\/100\n|move|p2b: Gholdengo|Nasty Plot|p2b: Gholdengo\n|-boost|p2b: Gholdengo|spa|2\n|move|p1b: Rillaboom|U-turn|p2a: Iron Hands\n|-resisted|p2a: Iron Hands\n|-damage|p2a: Iron Hands|46\/100\n|\n|-heal|p1b: Rillaboom|53\/100|[from] Grassy Terrain\n|-heal|p2a: Iron Hands|52\/100|[from] Grassy Terrain\n|upkeep\n|turn|10\n|\n|t:|1700180176\n|move|p2a: Iron Hands|Fake Out|p1b: Rillaboom\n|-damage|p1b: Rillaboom|38\/100\n|move|p2b: Gholdengo|Nasty Plot|p2b: Gholdengo\n|-boost|p2b: Gholdengo|spa|2\n|cant|p1b: Rillaboom|flinch\n|\n|-heal|p1b: Rillaboom|44\/100|[from] Grassy Terrain\n|-heal|p2a: Iron Hands|58\/100|[from] Grassy Terrain\n|upkeep\n|turn|11\n|\n|t:|1700180187\n|-end|p2a: Iron Hands|Quark Drive|[silent]\n|switch|p2a: Salamence|Salamence, L50, M|85\/100\n|-ability|p2a: Salamence|Intimidate|boost\n|-unboost|p1b: Rillaboom|atk|1\n|move|p1b: Rillaboom|Grassy Glide|p2a: Salamence\n|-resisted|p2a: Salamence\n|-damage|p2a: Salamence|80\/100\n|move|p2b: Gholdengo|Make It Rain|p1b: Rillaboom\n|-damage|p1b: Rillaboom|0 fnt\n|-unboost|p2b: Gholdengo|spa|1\n|faint|p1b: Rillaboom\n|\n|win|Hammy19\n|raw|zanethrillseek's rating: 1231 &rarr; <strong>1210<\/strong><br \/>(-21 for losing)\n|raw|Hammy19's rating: 1283 &rarr; <strong>1304<\/strong><br \/>(+21 for winning)\n|l|\u2606Hammy19\n","uploadtime":1700180368,"views":13,"p1id":"zanethrillseek","p2id":"hammy19","formatid":"gen9vgc2023regulatione","rating":1210,"private":0,"password":""}