{"id":"gen9vgc2023regulatione-1995936197","p1":"Midnight Meow","p2":"croix-mer","format":"[Gen 9] VGC 2023 Regulation E","log":"|j|\u2606Midnight Meow\n|j|\u2606croix-mer\n|t:|1700619371\n|gametype|doubles\n|player|p1|Midnight Meow|rocketgruntf|1084\n|player|p2|croix-mer|flannery|1113\n|teamsize|p1|6\n|teamsize|p2|6\n|gen|9\n|tier|[Gen 9] VGC 2023 Regulation E\n|rated|\n|rule|Species Clause: Limit one of each Pok\u00e9mon\n|rule|Item Clause: Limit one of each item\n|clearpoke\n|poke|p1|Rillaboom, L50, F|\n|poke|p1|Sneasler, L50, M|\n|poke|p1|Urshifu-*, L50, M|\n|poke|p1|Garchomp, L50, F|\n|poke|p1|Heatran, L50, M|\n|poke|p1|Tornadus, L50, M|\n|poke|p2|Landorus, L50, M|\n|poke|p2|Ogerpon-Wellspring, L50, F|\n|poke|p2|Regieleki, L50|\n|poke|p2|Urshifu-*, L50, M|\n|poke|p2|Iron Hands, L50|\n|poke|p2|Arcanine-Hisui, L50, M|\n|teampreview|4\n|inactive|Battle timer is ON: inactive players will automatically lose when time's up. (requested by Midnight Meow)\n|inactive|croix-mer has 60 seconds left.\n|\n|t:|1700619415\n|start\n|switch|p1a: Rillaboom|Rillaboom, L50, F|100\/100\n|switch|p1b: Sneasler|Sneasler, L50, M|100\/100\n|switch|p2a: Mlutter Fane|Regieleki, L50|100\/100\n|switch|p2b: Landorus|Landorus, L50, M, shiny|100\/100\n|-fieldstart|move: Grassy Terrain|[from] ability: Grassy Surge|[of] p1a: Rillaboom\n|-enditem|p1b: Sneasler|Grassy Seed\n|-boost|p1b: Sneasler|def|1|[from] item: Grassy Seed\n|turn|1\n|inactive|Midnight Meow has 30 seconds left.\n|\n|t:|1700619443\n|-terastallize|p2b: Landorus|Poison\n|move|p1a: Rillaboom|Fake Out|p2a: Mlutter Fane\n|-damage|p2a: Mlutter Fane|75\/100\n|move|p1b: Sneasler|Acrobatics|p2b: Landorus\n|-damage|p2b: Landorus|58\/100\n|cant|p2a: Mlutter Fane|flinch\n|move|p2b: Landorus|Sludge Bomb|p1a: Rillaboom\n|-supereffective|p1a: Rillaboom\n|-damage|p1a: Rillaboom|0 fnt\n|faint|p1a: Rillaboom\n|\n|-heal|p2a: Mlutter Fane|81\/100|[from] Grassy Terrain\n|-heal|p2b: Landorus|64\/100|[from] Grassy Terrain\n|upkeep\n|\n|t:|1700619460\n|switch|p1a: Garchomp|Garchomp, L50, F|100\/100\n|turn|2\n|\n|t:|1700619479\n|move|p1b: Sneasler|Dire Claw|p2a: Mlutter Fane\n|-damage|p2a: Mlutter Fane|4\/100\n|move|p2a: Mlutter Fane|Volt Switch|p1b: Sneasler\n|-damage|p1b: Sneasler|28\/100\n|\n|t:|1700619490\n|switch|p2a: 4lan|Iron Hands, L50|100\/100|[from] Volt Switch\n|move|p1a: Garchomp|Swords Dance|p1a: Garchomp\n|-boost|p1a: Garchomp|atk|2\n|move|p2b: Landorus|Earth Power|p1b: Sneasler\n|-supereffective|p1b: Sneasler\n|-damage|p1b: Sneasler|0 fnt\n|faint|p1b: Sneasler\n|\n|-heal|p2b: Landorus|70\/100|[from] Grassy Terrain\n|upkeep\n|\n|t:|1700619500\n|switch|p1b: Heatran|Heatran, L50, M|100\/100\n|turn|3\n|\n|t:|1700619525\n|-terastallize|p1b: Heatran|Fire\n|move|p2a: 4lan|Fake Out|p1a: Garchomp\n|-damage|p1a: Garchomp|84\/100\n|-damage|p2a: 4lan|88\/100|[from] ability: Rough Skin|[of] p1a: Garchomp\n|cant|p1a: Garchomp|flinch\n|move|p2b: Landorus|Earth Power|p1a: Garchomp\n|-damage|p1a: Garchomp|8\/100\n|move|p1b: Heatran|Magma Storm|p2a: 4lan\n|-damage|p2a: 4lan|54\/100\n|-activate|p2a: 4lan|move: Magma Storm|[of] p1b: Heatran\n|\n|-heal|p1a: Garchomp|14\/100|[from] Grassy Terrain\n|-heal|p2b: Landorus|76\/100|[from] Grassy Terrain\n|-heal|p2a: 4lan|60\/100|[from] Grassy Terrain\n|-damage|p2a: 4lan|48\/100|[from] move: Magma Storm|[partiallytrapped]\n|upkeep\n|turn|4\n|\n|t:|1700619547\n|move|p1a: Garchomp|Protect|p1a: Garchomp\n|-singleturn|p1a: Garchomp|Protect\n|move|p2b: Landorus|Earth Power|p1a: Garchomp\n|-activate|p1a: Garchomp|move: Protect\n|move|p1b: Heatran|Heat Wave|p2b: Landorus|[spread] p2a,p2b\n|-damage|p2a: 4lan|21\/100\n|-damage|p2b: Landorus|13\/100\n|move|p2a: 4lan|Drain Punch|p1b: Heatran\n|-damage|p1b: Heatran|65\/100\n|-heal|p2a: 4lan|35\/100|[from] drain|[of] p1b: Heatran\n|\n|-heal|p1a: Garchomp|20\/100|[from] Grassy Terrain\n|-heal|p2b: Landorus|19\/100|[from] Grassy Terrain\n|-heal|p1b: Heatran|71\/100|[from] Grassy Terrain\n|-heal|p2a: 4lan|41\/100|[from] Grassy Terrain\n|-damage|p2a: 4lan|29\/100|[from] move: Magma Storm|[partiallytrapped]\n|upkeep\n|turn|5\n|\n|t:|1700619569\n|move|p1a: Garchomp|Protect||[still]\n|-fail|p1a: Garchomp\n|move|p2b: Landorus|Earth Power|p1a: Garchomp\n|-damage|p1a: Garchomp|0 fnt\n|faint|p1a: Garchomp\n|move|p1b: Heatran|Heat Wave|p2b: Landorus|[spread] p2a,p2b\n|-damage|p2a: 4lan|5\/100\n|-damage|p2b: Landorus|0 fnt\n|faint|p2b: Landorus\n|move|p2a: 4lan|Drain Punch|p1b: Heatran\n|-damage|p1b: Heatran|37\/100\n|-heal|p2a: 4lan|18\/100|[from] drain|[of] p1b: Heatran\n|\n|-heal|p1b: Heatran|43\/100|[from] Grassy Terrain\n|-heal|p2a: 4lan|24\/100|[from] Grassy Terrain\n|-damage|p2a: 4lan|12\/100|[from] move: Magma Storm|[partiallytrapped]\n|-fieldend|move: Grassy Terrain\n|upkeep\n|\n|t:|1700619581\n|switch|p2b: good boy v2|Arcanine-Hisui, L50, M, shiny|100\/100\n|-ability|p2b: good boy v2|Intimidate|boost\n|-unboost|p1b: Heatran|atk|1\n|turn|6\n|\n|t:|1700619597\n|move|p2b: good boy v2|Rock Slide|p1b: Heatran\n|-supereffective|p1b: Heatran\n|-damage|p1b: Heatran|0 fnt\n|faint|p1b: Heatran\n|\n|win|croix-mer\n|raw|Midnight Meow's rating: 1084 &rarr; <strong>1063<\/strong><br \/>(-21 for losing)\n|raw|croix-mer's rating: 1113 &rarr; <strong>1136<\/strong><br \/>(+23 for winning)\n|l|\u2606Midnight Meow\n","uploadtime":1700619604,"views":2,"p1id":"midnightmeow","p2id":"croixmer","formatid":"gen9vgc2023regulatione","rating":1063,"private":0,"password":""}