{"id":"gen9vgc2023regulatione-1989109271","p1":"ToastedArt","p2":"Granny Pie","format":"[Gen 9] VGC 2023 Regulation E","log":"|j|\u2606ToastedArt\n|j|\u2606Granny Pie\n|n|\u2606ToastedArt|toastedart\n|n|\u2606Granny Pie|grannypie\n|html|View the match progress at <a href=\"\/game-bestof3-gen9vgc2023regulatione-1989109270\">game-bestof3-gen9vgc2023regulatione-1989109270<\/a>\n|t:|1699813192\n|gametype|doubles\n|player|p1|ToastedArt|iris|\n|player|p2|Granny Pie|zinnia|\n|teamsize|p1|6\n|teamsize|p2|6\n|gen|9\n|tier|[Gen 9] VGC 2023 Regulation E\n|rule|Species Clause: Limit one of each Pok\u00e9mon\n|rule|Item Clause: Limit one of each item\n|clearpoke\n|poke|p1|Weezing, L50, F|\n|poke|p1|Landorus-Therian, L50, M|\n|poke|p1|Ogerpon, L50, F|\n|poke|p1|Roaring Moon, L50|\n|poke|p1|Gholdengo, L50|\n|poke|p1|Iron Hands, L50|\n|poke|p2|Crawdaunt, L50, M|\n|poke|p2|Chien-Pao, L50|\n|poke|p2|Dragonite, L50, F|\n|poke|p2|Arcanine-Hisui, L50, M|\n|poke|p2|Tornadus, L50, M|\n|poke|p2|Rillaboom, L50, M|\n|teampreview|4\nToastedArt has agreed to open team sheets.\n|c|\u2606ToastedArt|NOT MY TEAM\nGranny Pie has agreed to open team sheets.\n|showteam|p1|Weezing||SitrusBerry|NeutralizingGas|GunkShot,WillOWisp,Taunt,Protect|||F|||50|,,,,,Grass]Landorus-Therian||AbilityShield|Intimidate|StompingTantrum,TeraBlast,Uturn,RockSlide|||M|||50|,,,,,Flying]Ogerpon||RazorClaw|Defiant|IvyCudgel,SpikyShield,StompingTantrum,SwordsDance|||F|||50|,,,,,Grass]Roaring Moon||BoosterEnergy|Protosynthesis|KnockOff,BreakingSwipe,Tailwind,Protect||||||50|,,,,,Poison]Gholdengo||LifeOrb|GoodasGold|MakeItRain,ShadowBall,NastyPlot,Protect||||||50|,,,,,Water]Iron Hands||AssaultVest|QuarkDrive|WildCharge,DrainPunch,HeavySlam,FakeOut||||||50|,,,,,Fire\n|showteam|p2|Crawdaunt||LifeOrb|Adaptability|AquaJet,KnockOff,Crabhammer,SwordsDance|||M|||50|,,,,,Water]Chien-Pao||FocusSash|SwordofRuin|SuckerPunch,IceSpinner,SacredSword,Protect||||||50|,,,,,Dark]Dragonite||ChoiceBand|InnerFocus|ExtremeSpeed,StompingTantrum,Outrage,AerialAce|||F|||50|,,,,,Normal]Arcanine-Hisui||SitrusBerry|Intimidate|ExtremeSpeed,FlareBlitz,HeadSmash,RockSlide|||M|||50|,,,,,Fire]Tornadus||CovertCloak|Prankster|BleakwindStorm,Tailwind,Taunt,RainDance|||M|||50|,,,,,Flying]Rillaboom||AssaultVest|GrassySurge|GrassyGlide,FakeOut,Uturn,StompingTantrum|||M|||50|,,,,,Fire\n|\n|t:|1699813237\n|start\n|switch|p1a: Weezing|Weezing, L50, F|100\/100\n|switch|p1b: Thomas Jefferson|Landorus-Therian, L50, M|100\/100\n|switch|p2a: Chien-Pao|Chien-Pao, L50|100\/100\n|switch|p2b: Dragonite|Dragonite, L50, F|100\/100\n|-ability|p1a: Weezing|Neutralizing Gas\n|-block|p1b: Thomas Jefferson|item: Ability Shield\n|-ability|p1b: Thomas Jefferson|Intimidate|boost\n|-unboost|p2a: Chien-Pao|atk|1\n|-unboost|p2b: Dragonite|atk|1\n|turn|1\n|c|\u2606Granny Pie|You're not ready\n|\n|t:|1699813255\n|switch|p1b: Gholdengo|Gholdengo, L50|100\/100\n|switch|p2b: Arcanine|Arcanine-Hisui, L50, M|100\/100\n|move|p2a: Chien-Pao|Ice Spinner|p1b: Gholdengo\n|-resisted|p1b: Gholdengo\n|-damage|p1b: Gholdengo|86\/100\n|move|p1a: Weezing|Will-O-Wisp|p2b: Arcanine\n|-immune|p2b: Arcanine\n|\n|upkeep\n|turn|2\n|\n|t:|1699813290\n|switch|p2a: Tornadus|Tornadus, L50, M|100\/100\n|-terastallize|p1b: Gholdengo|Water\n|move|p2b: Arcanine|Flare Blitz|p1b: Gholdengo\n|-resisted|p1b: Gholdengo\n|-damage|p1b: Gholdengo|57\/100\n|-status|p1b: Gholdengo|brn\n|-damage|p2b: Arcanine|90\/100|[from] Recoil\n|move|p1b: Gholdengo|Make It Rain|p2a: Tornadus|[spread] p2a,p2b\n|-damage|p2a: Tornadus|40\/100\n|-damage|p2b: Arcanine|9\/100\n|-unboost|p1b: Gholdengo|spa|1\n|-enditem|p2b: Arcanine|Sitrus Berry|[eat]\n|-heal|p2b: Arcanine|33\/100|[from] item: Sitrus Berry\n|-damage|p1b: Gholdengo|47\/100 brn|[from] item: Life Orb\n|move|p1a: Weezing|Gunk Shot|p2a: Tornadus\n|-damage|p2a: Tornadus|0 fnt\n|faint|p2a: Tornadus\n|\n|-damage|p1b: Gholdengo|41\/100 brn|[from] brn\n|upkeep\n|\n|t:|1699813304\n|switch|p2a: Dragonite|Dragonite, L50, F|100\/100\n|turn|3\n|\n|t:|1699813325\n|switch|p1b: Thomas Jefferson|Landorus-Therian, L50, M|100\/100\n|-ability|p1b: Thomas Jefferson|Intimidate|boost\n|-unboost|p2a: Dragonite|atk|1\n|-unboost|p2b: Arcanine|atk|1\n|-terastallize|p2a: Dragonite|Normal\n|move|p1a: Weezing|Protect|p1a: Weezing\n|-singleturn|p1a: Weezing|Protect\n|move|p2a: Dragonite|Extreme Speed|p1b: Thomas Jefferson\n|-damage|p1b: Thomas Jefferson|51\/100\n|move|p2b: Arcanine|Head Smash|p1a: Weezing\n|-activate|p1a: Weezing|move: Protect\n|\n|upkeep\n|turn|4\n|\n|t:|1699813353\n|move|p2b: Arcanine|Extreme Speed|p1b: Thomas Jefferson\n|-damage|p1b: Thomas Jefferson|33\/100\n|move|p2a: Dragonite|Extreme Speed|p1b: Thomas Jefferson\n|-damage|p1b: Thomas Jefferson|0 fnt\n|faint|p1b: Thomas Jefferson\n|move|p1a: Weezing|Will-O-Wisp|p2a: Dragonite\n|-status|p2a: Dragonite|brn\n|\n|-damage|p2a: Dragonite|95\/100 brn|[from] brn\n|upkeep\n|\n|t:|1699813363\n|switch|p1b: Iron Hands|Iron Hands, L50|100\/100\n|turn|5\n|\n|t:|1699813383\n|switch|p2a: Chien-Pao|Chien-Pao, L50|100\/100\n|move|p1b: Iron Hands|Fake Out|p2b: Arcanine\n|-resisted|p2b: Arcanine\n|-damage|p2b: Arcanine|24\/100\n|cant|p2b: Arcanine|flinch\n|move|p1a: Weezing|Will-O-Wisp|p2a: Chien-Pao\n|-status|p2a: Chien-Pao|brn\n|\n|-damage|p2a: Chien-Pao|95\/100 brn|[from] brn\n|upkeep\n|turn|6\n|c|\u2606ToastedArt|Nice switch\n|\n|t:|1699813401\n|move|p1a: Weezing|Protect|p1a: Weezing\n|-singleturn|p1a: Weezing|Protect\n|move|p2a: Chien-Pao|Ice Spinner|p1b: Iron Hands\n|-damage|p1b: Iron Hands|87\/100\n|move|p2b: Arcanine|Head Smash|p1a: Weezing\n|-activate|p1a: Weezing|move: Protect\n|move|p1b: Iron Hands|Drain Punch|p2a: Chien-Pao\n|-supereffective|p2a: Chien-Pao\n|-damage|p2a: Chien-Pao|0 fnt\n|-heal|p1b: Iron Hands|100\/100|[from] drain|[of] p2a: Chien-Pao\n|faint|p2a: Chien-Pao\n|\n|upkeep\n|\n|t:|1699813406\n|switch|p2a: Dragonite|Dragonite, L50, F, tera:Normal|95\/100 brn\n|turn|7\n|\n|t:|1699813434\n|move|p2a: Dragonite|Extreme Speed|p1a: Weezing\n|-damage|p1a: Weezing|74\/100\n|move|p2b: Arcanine|Head Smash|p1a: Weezing\n|-damage|p1a: Weezing|37\/100\n|-enditem|p1a: Weezing|Sitrus Berry|[eat]\n|-heal|p1a: Weezing|62\/100|[from] item: Sitrus Berry\n|-damage|p2b: Arcanine|5\/100|[from] Recoil\n|move|p1b: Iron Hands|Drain Punch|p2b: Arcanine\n|-supereffective|p2b: Arcanine\n|-damage|p2b: Arcanine|0 fnt\n|faint|p2b: Arcanine\n|move|p1a: Weezing|Gunk Shot|p2a: Dragonite|[miss]\n|-miss|p1a: Weezing|p2a: Dragonite\n|\n|-damage|p2a: Dragonite|89\/100 brn|[from] brn\n|upkeep\n|turn|8\n|c|\u2606Granny Pie|Damn this weezing's annoying af\n|\n|t:|1699813453\n|move|p2a: Dragonite|Extreme Speed|p1a: Weezing\n|-damage|p1a: Weezing|38\/100\n|move|p1b: Iron Hands|Drain Punch|p2a: Dragonite\n|-supereffective|p2a: Dragonite\n|-damage|p2a: Dragonite|4\/100 brn\n|move|p1a: Weezing|Gunk Shot|p2a: Dragonite\n|-damage|p2a: Dragonite|0 fnt\n|faint|p2a: Dragonite\n|\n|win|ToastedArt\n|c|&|\/uhtml prompt-grannypie,Granny Pie is ready for game 2!\n|c|\u2606ToastedArt|i know right\n|inactive|ToastedArt has 50 seconds to confirm battle start!\n","uploadtime":1699813456,"views":15,"p1id":"toastedart","p2id":"grannypie","formatid":"gen9vgc2023regulatione","rating":0,"private":0,"password":""}