{"id":"gen9vgc2023regulatione-1988905143","p1":"Struggletown","p2":"atworkyolo13","format":"[Gen 9] VGC 2023 Regulation E","log":"|j|\u2606Struggletown\n|j|\u2606atworkyolo13\n|t:|1699785042\n|gametype|doubles\n|player|p1|Struggletown|backersf|1184\n|player|p2|atworkyolo13|2|1158\n|teamsize|p1|6\n|teamsize|p2|6\n|gen|9\n|tier|[Gen 9] VGC 2023 Regulation E\n|rated|\n|rule|Species Clause: Limit one of each Pok\u00e9mon\n|rule|Item Clause: Limit one of each item\n|clearpoke\n|poke|p1|Mimikyu, L50, M|\n|poke|p1|Tornadus, L50, M|\n|poke|p1|Gholdengo, L50|\n|poke|p1|Basculegion, L50, M|\n|poke|p1|Breloom, L50, F|\n|poke|p1|Houndoom, L50, M|\n|poke|p2|Oranguru, L50, M|\n|poke|p2|Arcanine-Hisui, L50, M|\n|poke|p2|Sinistcha-Masterpiece, L50|\n|poke|p2|Iron Hands, L50|\n|poke|p2|Ursaluna-Bloodmoon, L50, M|\n|poke|p2|Moltres-Galar, L50|\n|teampreview|4\n|inactive|Battle timer is ON: inactive players will automatically lose when time's up. (requested by atworkyolo13)\n|inactive|Struggletown also wants the timer to be on.\n|inactive|Struggletown has 60 seconds left.\n|\n|t:|1699785080\n|start\n|switch|p1a: Mimikyu|Mimikyu, L50, M|100\/100\n|switch|p1b: Gholdengo|Gholdengo, L50|100\/100\n|switch|p2a: Oranguru|Oranguru, L50, M|100\/100\n|switch|p2b: Moltres|Moltres-Galar, L50|100\/100\n|turn|1\n|\n|t:|1699785102\n|move|p1a: Mimikyu|Taunt|p2a: Oranguru\n|-start|p2a: Oranguru|move: Taunt\n|-enditem|p2a: Oranguru|Mental Herb\n|-end|p2a: Oranguru|move: Taunt\n|move|p2b: Moltres|Fiery Wrath|p1b: Gholdengo|[spread] p1a,p1b\n|-supereffective|p1b: Gholdengo\n|-activate|p1a: Mimikyu|ability: Disguise\n|-damage|p1a: Mimikyu|100\/100\n|-damage|p1b: Gholdengo|47\/100\n|detailschange|p1a: Mimikyu|Mimikyu-Busted, L50, M\n|-damage|p1a: Mimikyu|88\/100|[from] pokemon: Mimikyu-Busted\n|-enditem|p1b: Gholdengo|Sitrus Berry|[eat]\n|-heal|p1b: Gholdengo|71\/100|[from] item: Sitrus Berry\n|move|p1b: Gholdengo|Nasty Plot|p1b: Gholdengo\n|-boost|p1b: Gholdengo|spa|2\n|move|p2a: Oranguru|Instruct|p2b: Moltres\n|-singleturn|p2b: Moltres|move: Instruct|[of] p2a: Oranguru\n|move|p2b: Moltres|Fiery Wrath|p1b: Gholdengo|[spread] p1a,p1b\n|-supereffective|p1b: Gholdengo\n|-damage|p1a: Mimikyu|58\/100\n|-damage|p1b: Gholdengo|14\/100\n|\n|upkeep\n|turn|2\n|inactive|Struggletown has 30 seconds left.\n|inactive|atworkyolo13 has 30 seconds left.\n|\n|t:|1699785132\n|switch|p2a: Iron Hands|Iron Hands, L50|100\/100\n|move|p1b: Gholdengo|Protect|p1b: Gholdengo\n|-singleturn|p1b: Gholdengo|Protect\n|move|p1a: Mimikyu|Taunt|p2a: Iron Hands\n|-start|p2a: Iron Hands|move: Taunt\n|move|p2b: Moltres|Fiery Wrath|p1b: Gholdengo|[spread] p1a\n|-activate|p1b: Gholdengo|move: Protect\n|-crit|p1a: Mimikyu\n|-damage|p1a: Mimikyu|14\/100\n|\n|upkeep\n|turn|3\n|\n|t:|1699785155\n|-end|p2a: Iron Hands|Quark Drive|[silent]\n|switch|p2a: Oranguru|Oranguru, L50, M|100\/100\n|move|p1a: Mimikyu|Will-O-Wisp|p2a: Oranguru\n|-status|p2a: Oranguru|brn\n|move|p2b: Moltres|Fiery Wrath|p1a: Mimikyu|[spread] p1a,p1b\n|-supereffective|p1b: Gholdengo\n|-damage|p1a: Mimikyu|0 fnt\n|-damage|p1b: Gholdengo|0 fnt\n|faint|p1a: Mimikyu\n|faint|p1b: Gholdengo\n|\n|-damage|p2a: Oranguru|94\/100 brn|[from] brn\n|upkeep\n|\n|t:|1699785169\n|switch|p1a: Basculegion|Basculegion, L50, M|100\/100\n|switch|p1b: Breloom|Breloom, L50, F|100\/100\n|turn|4\n|\n|t:|1699785181\n|-terastallize|p1a: Basculegion|Water\n|move|p2b: Moltres|Protect|p2b: Moltres\n|-singleturn|p2b: Moltres|Protect\n|move|p1b: Breloom|Protect|p1b: Breloom\n|-singleturn|p1b: Breloom|Protect\n|move|p1a: Basculegion|Wave Crash|p2b: Moltres\n|-activate|p2b: Moltres|move: Protect\n|move|p2a: Oranguru|Trick Room|p2a: Oranguru\n|-fieldstart|move: Trick Room|[of] p2a: Oranguru\n|\n|-damage|p2a: Oranguru|88\/100 brn|[from] brn\n|upkeep\n|turn|5\n|\n|t:|1699785206\n|move|p2a: Oranguru|Encore|p1b: Breloom\n|-start|p1b: Breloom|Encore\n|move|p1b: Breloom|Protect|p1b: Breloom\n|-singleturn|p1b: Breloom|Protect\n|move|p1a: Basculegion|Wave Crash|p2a: Oranguru\n|-damage|p2a: Oranguru|0 fnt\n|faint|p2a: Oranguru\n|-damage|p1a: Basculegion|75\/100|[from] Recoil\n|-damage|p1a: Basculegion|66\/100|[from] item: Life Orb\n|move|p2b: Moltres|Fiery Wrath|p1b: Breloom|[spread] p1a\n|-activate|p1b: Breloom|move: Protect\n|-damage|p1a: Basculegion|36\/100\n|\n|upkeep\n|\n|t:|1699785221\n|switch|p2a: Iron Hands|Iron Hands, L50|100\/100\n|turn|6\n|\n|t:|1699785229\n|move|p1b: Breloom|Protect||[still]\n|-fail|p1b: Breloom\n|move|p2a: Iron Hands|Wild Charge|p1a: Basculegion\n|-supereffective|p1a: Basculegion\n|-damage|p1a: Basculegion|0 fnt\n|faint|p1a: Basculegion\n|-damage|p2a: Iron Hands|92\/100|[from] Recoil\n|move|p2b: Moltres|Air Slash|p1b: Breloom|[miss]\n|-miss|p2b: Moltres|p1b: Breloom\n|\n|upkeep\n|turn|7\n|-message|Struggletown forfeited.\n|\n|win|atworkyolo13\n|raw|Struggletown's rating: 1184 &rarr; <strong>1157<\/strong><br \/>(-27 for losing)\n|raw|atworkyolo13's rating: 1158 &rarr; <strong>1185<\/strong><br \/>(+27 for winning)\n|l|\u2606Struggletown\n","uploadtime":1699785251,"views":11,"p1id":"struggletown","p2id":"atworkyolo13","formatid":"gen9vgc2023regulatione","rating":1157,"private":0,"password":""}