{"id":"gen9vgc2023regulatione-1995322818","p1":"yokai19","p2":"shiftyboy","format":"[Gen 9] VGC 2023 Regulation E","log":"|j|\u2606yokai19\n|j|\u2606shiftyboy\n|t:|1700553564\n|gametype|doubles\n|player|p1|yokai19|1|1367\n|player|p2|shiftyboy|1|1414\n|teamsize|p1|6\n|teamsize|p2|6\n|gen|9\n|tier|[Gen 9] VGC 2023 Regulation E\n|rated|\n|rule|Species Clause: Limit one of each Pok\u00e9mon\n|rule|Item Clause: Limit one of each item\n|clearpoke\n|poke|p1|Chi-Yu, L50|\n|poke|p1|Iron Hands, L50|\n|poke|p1|Landorus-Therian, L50, M|\n|poke|p1|Dusclops, L50, F|\n|poke|p1|Ogerpon-Wellspring, L50, F|\n|poke|p1|Ursaluna-Bloodmoon, L50, M|\n|poke|p2|Urshifu-*, L50, M|\n|poke|p2|Flutter Mane, L50|\n|poke|p2|Landorus-Therian, L50, M|\n|poke|p2|Iron Hands, L50|\n|poke|p2|Amoonguss, L50, F|\n|poke|p2|Roaring Moon, L50|\n|teampreview|4\n|inactive|Battle timer is ON: inactive players will automatically lose when time's up. (requested by shiftyboy)\n|inactive|yokai19 has 60 seconds left.\n|inactive|shiftyboy has 60 seconds left.\n|inactive|yokai19 has 30 seconds left.\n|\n|t:|1700553632\n|start\n|switch|p1a: Dusclops|Dusclops, L50, F|100\/100\n|switch|p1b: Ogerpon|Ogerpon-Wellspring, L50, F|100\/100\n|switch|p2a: Roaring Moon|Roaring Moon, L50|100\/100\n|switch|p2b: Urshifu|Urshifu-Rapid-Strike, L50, M|100\/100\n|-item|p2a: Roaring Moon|Booster Energy|[from] ability: Frisk|[of] p1a: Dusclops|[identify]\n|-item|p2b: Urshifu|Protective Pads|[from] ability: Frisk|[of] p1a: Dusclops|[identify]\n|-enditem|p2a: Roaring Moon|Booster Energy\n|-activate|p2a: Roaring Moon|ability: Protosynthesis|[fromitem]\n|-start|p2a: Roaring Moon|protosynthesisspe\n|turn|1\n|inactive|yokai19 has 30 seconds left.\n|inactive|shiftyboy has 30 seconds left.\n|inactive|yokai19 has 20 seconds left.\n|inactive|yokai19 has 15 seconds left.\n|\n|t:|1700553674\n|move|p1b: Ogerpon|Follow Me|p1b: Ogerpon\n|-singleturn|p1b: Ogerpon|move: Follow Me\n|move|p2a: Roaring Moon|Knock Off|p1b: Ogerpon\n|-damage|p1b: Ogerpon|69\/100\n|move|p2b: Urshifu|Surging Strikes|p1b: Ogerpon\n|-heal|p1b: Ogerpon|94\/100|[from] ability: Water Absorb|[of] p2b: Urshifu\n|move|p1a: Dusclops|Trick Room|p1a: Dusclops\n|-fieldstart|move: Trick Room|[of] p1a: Dusclops\n|\n|upkeep\n|turn|2\n|inactive|yokai19 has 30 seconds left.\n|\n|t:|1700553704\n|move|p2b: Urshifu|Protect|p2b: Urshifu\n|-singleturn|p2b: Urshifu|Protect\n|move|p1a: Dusclops|Will-O-Wisp|p2a: Roaring Moon|[miss]\n|-miss|p1a: Dusclops|p2a: Roaring Moon\n|move|p1b: Ogerpon|Horn Leech|p2b: Urshifu\n|-activate|p2b: Urshifu|move: Protect\n|move|p2a: Roaring Moon|Acrobatics|p1b: Ogerpon\n|-supereffective|p1b: Ogerpon\n|-damage|p1b: Ogerpon|14\/100\n|\n|upkeep\n|turn|3\n|inactive|yokai19 has 30 seconds left.\n|inactive|shiftyboy has 30 seconds left.\n|\n|t:|1700553730\n|switch|p1b: Iron Hands|Iron Hands, L50|100\/100\n|switch|p2b: Amoonguss|Amoonguss, L50, F|100\/100\n|move|p1a: Dusclops|Will-O-Wisp|p2a: Roaring Moon\n|-status|p2a: Roaring Moon|brn\n|move|p2a: Roaring Moon|Acrobatics|p1b: Iron Hands\n|-damage|p1b: Iron Hands|88\/100\n|\n|-damage|p2a: Roaring Moon|95\/100 brn|[from] brn\n|upkeep\n|turn|4\n|inactive|yokai19 has 30 seconds left.\n|inactive|shiftyboy has 30 seconds left.\n|\n|t:|1700553761\n|-end|p1b: Iron Hands|Quark Drive|[silent]\n|switch|p1b: Ursaluna|Ursaluna-Bloodmoon, L50, M|100\/100\n|move|p2b: Amoonguss|Spore|p1a: Dusclops\n|-status|p1a: Dusclops|slp|[from] move: Spore\n|cant|p1a: Dusclops|slp\n|move|p2a: Roaring Moon|Acrobatics|p1b: Ursaluna\n|-damage|p1b: Ursaluna|86\/100\n|\n|-damage|p2a: Roaring Moon|89\/100 brn|[from] brn\n|upkeep\n|turn|5\n|inactive|yokai19 has 30 seconds left.\n|\n|t:|1700553796\n|-end|p2a: Roaring Moon|Protosynthesis|[silent]\n|switch|p2a: Urshifu|Urshifu-Rapid-Strike, L50, M|100\/100\n|move|p1b: Ursaluna|Protect|p1b: Ursaluna\n|-singleturn|p1b: Ursaluna|Protect\n|move|p2b: Amoonguss|Spore|p1b: Ursaluna\n|-activate|p1b: Ursaluna|move: Protect\n|-curestatus|p1a: Dusclops|slp|[msg]\n|move|p1a: Dusclops|Trick Room|p1a: Dusclops\n|-fieldend|move: Trick Room\n|\n|upkeep\n|turn|6\n|inactive|yokai19 has 30 seconds left.\n|inactive|yokai19 has 20 seconds left.\n|inactive|yokai19 has 15 seconds left.\n|inactive|yokai19 has 10 seconds left.\n|inactive|yokai19 has 5 seconds left.\n|\n|t:|1700553847\n|switch|p1b: Iron Hands|Iron Hands, L50|88\/100\n|move|p2a: Urshifu|Surging Strikes|p1a: Dusclops\n|-crit|p1a: Dusclops\n|-damage|p1a: Dusclops|86\/100\n|-crit|p1a: Dusclops\n|-damage|p1a: Dusclops|71\/100\n|-crit|p1a: Dusclops\n|-damage|p1a: Dusclops|56\/100\n|-hitcount|p1a: Dusclops|3\n|move|p1a: Dusclops|Will-O-Wisp|p2a: Urshifu\n|-status|p2a: Urshifu|brn\n|move|p2b: Amoonguss|Spore|p1a: Dusclops\n|-status|p1a: Dusclops|slp|[from] move: Spore\n|\n|-damage|p2a: Urshifu|94\/100 brn|[from] brn\n|upkeep\n|turn|7\n|inactive|yokai19 has 30 seconds left.\n|inactive|shiftyboy has 30 seconds left.\n|inactive|yokai19 has 20 seconds left.\n|\n|t:|1700553886\n|switch|p2a: Landorus|Landorus-Therian, L50, M|100\/100\n|-ability|p2a: Landorus|Intimidate|boost\n|-unboost|p1a: Dusclops|atk|1\n|-unboost|p1b: Iron Hands|atk|1\n|move|p1b: Iron Hands|Volt Switch|p2b: Amoonguss\n|-resisted|p2b: Amoonguss\n|-damage|p2b: Amoonguss|95\/100\n|\n|t:|1700553895\n|-end|p1b: Iron Hands|Quark Drive|[silent]\n|switch|p1b: Ogerpon|Ogerpon-Wellspring, L50, F|14\/100|[from] Volt Switch\n|cant|p1a: Dusclops|slp\n|move|p2b: Amoonguss|Spore|p1b: Ogerpon\n|-immune|p1b: Ogerpon\n|\n|upkeep\n|turn|8\n|\n|t:|1700553924\n|move|p1b: Ogerpon|Spiky Shield|p1b: Ogerpon\n|-singleturn|p1b: Ogerpon|move: Protect\n|move|p2b: Amoonguss|Rage Powder|p2b: Amoonguss\n|-singleturn|p2b: Amoonguss|move: Rage Powder\n|move|p2a: Landorus|Stomping Tantrum|p1b: Ogerpon\n|-activate|p1b: Ogerpon|move: Protect\n|-damage|p2a: Landorus|88\/100|[from] Spiky Shield|[of] p1b: Ogerpon\n|cant|p1a: Dusclops|slp\n|\n|upkeep\n|turn|9\n|inactive|yokai19 has 30 seconds left.\n|inactive|yokai19 has 20 seconds left.\n|inactive|yokai19 has 15 seconds left.\n|\n|t:|1700553964\n|move|p2b: Amoonguss|Rage Powder|p2b: Amoonguss\n|-singleturn|p2b: Amoonguss|move: Rage Powder\n|move|p2a: Landorus|Stomping Tantrum|p1b: Ogerpon\n|-resisted|p1b: Ogerpon\n|-damage|p1b: Ogerpon|0 fnt\n|faint|p1b: Ogerpon\n|-curestatus|p1a: Dusclops|slp|[msg]\n|move|p1a: Dusclops|Will-O-Wisp|p2b: Amoonguss|[miss]\n|-miss|p1a: Dusclops|p2b: Amoonguss\n|\n|upkeep\n|\n|t:|1700553982\n|switch|p1b: Ursaluna|Ursaluna-Bloodmoon, L50, M|86\/100\n|turn|10\n|\n|t:|1700554003\n|switch|p2a: Roaring Moon|Roaring Moon, L50|89\/100 brn\n|-terastallize|p1b: Ursaluna|Normal\n|move|p1b: Ursaluna|Blood Moon|p2a: Roaring Moon\n|-damage|p2a: Roaring Moon|0 fnt\n|faint|p2a: Roaring Moon\n|-end|p2a: Roaring Moon|Protosynthesis|[silent]\n|move|p1a: Dusclops|Will-O-Wisp|p1b: Ursaluna\n|-status|p1b: Ursaluna|brn\n|move|p2b: Amoonguss|Spore||[still]\n|-fail|p2b: Amoonguss\n|\n|-damage|p1b: Ursaluna|80\/100 brn|[from] brn\n|upkeep\n|\n|t:|1700554022\n|switch|p2a: Urshifu|Urshifu-Rapid-Strike, L50, M|94\/100 brn\n|turn|11\n|inactive|yokai19 has 30 seconds left.\n|\n|t:|1700554056\n|switch|p1b: Iron Hands|Iron Hands, L50|88\/100\n|move|p2a: Urshifu|Surging Strikes|p1b: Iron Hands\n|-crit|p1b: Iron Hands\n|-damage|p1b: Iron Hands|81\/100\n|-crit|p1b: Iron Hands\n|-damage|p1b: Iron Hands|74\/100\n|-crit|p1b: Iron Hands\n|-damage|p1b: Iron Hands|68\/100\n|-hitcount|p1b: Iron Hands|3\n|move|p2b: Amoonguss|Spore|p1a: Dusclops\n|-status|p1a: Dusclops|slp|[from] move: Spore\n|cant|p1a: Dusclops|slp\n|\n|-damage|p2a: Urshifu|88\/100 brn|[from] brn\n|upkeep\n|turn|12\n|inactive|yokai19 has 30 seconds left.\n|inactive|shiftyboy has 30 seconds left.\n|inactive|yokai19 has 20 seconds left.\n|inactive|yokai19 has 15 seconds left.\n|l|\u2606shiftyboy\n|inactive|shiftyboy disconnected and has a minute to reconnect!\n|player|p2|\n|inactive|yokai19 has 10 seconds left.\n|inactive|yokai19 has 5 seconds left.\n|\n|t:|1700554109\n|move|p2b: Amoonguss|Rage Powder|p2b: Amoonguss\n|-singleturn|p2b: Amoonguss|move: Rage Powder\n|move|p2a: Urshifu|Surging Strikes|p1b: Iron Hands\n|-crit|p1b: Iron Hands\n|-damage|p1b: Iron Hands|60\/100\n|-crit|p1b: Iron Hands\n|-damage|p1b: Iron Hands|53\/100\n|-crit|p1b: Iron Hands\n|-damage|p1b: Iron Hands|45\/100\n|-hitcount|p1b: Iron Hands|3\n|move|p1b: Iron Hands|Volt Switch|p2b: Amoonguss\n|-resisted|p2b: Amoonguss\n|-damage|p2b: Amoonguss|90\/100\n|inactive|yokai19 has 10 seconds left this turn.\n|inactive|yokai19 has 5 seconds left.\n|\n|t:|1700554114\n|-end|p1b: Iron Hands|Quark Drive|[silent]\n|switch|p1b: Ursaluna|Ursaluna-Bloodmoon, L50, M, tera:Normal|80\/100 brn|[from] Volt Switch\n|cant|p1a: Dusclops|slp\n|\n|-damage|p2a: Urshifu|82\/100 brn|[from] brn\n|-damage|p1b: Ursaluna|74\/100 brn|[from] brn\n|upkeep\n|turn|13\n|inactive|yokai19 has 5 seconds left this turn.\n|-message|yokai19 lost due to inactivity.\n|\n|win|shiftyboy\n|raw|yokai19's rating: 1367 &rarr; <strong>1350<\/strong><br \/>(-17 for losing)\n|raw|shiftyboy's rating: 1414 &rarr; <strong>1431<\/strong><br \/>(+17 for winning)\n|j|\u2606shiftyboy\n|player|p2|shiftyboy|1\n","uploadtime":1700554143,"views":5,"p1id":"yokai19","p2id":"shiftyboy","formatid":"gen9vgc2023regulatione","rating":1350,"private":0,"password":""}