{"id":"gen9vgc2023regulatione-1988557918","p1":"Prf.Anu","p2":"gucci sister","format":"[Gen 9] VGC 2023 Regulation E","log":"|j|\u2606Prf.Anu\n|j|\u2606gucci sister\n|t:|1699735907\n|gametype|doubles\n|player|p1|Prf.Anu|unknown|1065\n|player|p2|gucci sister|plasmagruntf|1087\n|teamsize|p1|6\n|teamsize|p2|6\n|gen|9\n|tier|[Gen 9] VGC 2023 Regulation E\n|rated|\n|rule|Species Clause: Limit one of each Pok\u00e9mon\n|rule|Item Clause: Limit one of each item\n|clearpoke\n|poke|p1|Tornadus, L50, M|\n|poke|p1|Indeedee-F, L50, F|\n|poke|p1|Chi-Yu, L50|\n|poke|p1|Flutter Mane, L50|\n|poke|p1|Iron Hands, L50|\n|poke|p1|Rillaboom, L50, M|\n|poke|p2|Ogerpon, L50, F|\n|poke|p2|Empoleon, L50, M|\n|poke|p2|Sinistcha-Masterpiece, L50|\n|poke|p2|Moltres-Galar, L50|\n|poke|p2|Snorlax, L50, F|\n|poke|p2|Iron Valiant, L50|\n|teampreview|4\n|inactive|Battle timer is ON: inactive players will automatically lose when time's up. (requested by Prf.Anu)\ngucci sister rejected open team sheets.\n|\n|t:|1699735928\n|start\n|switch|p1a: Tornadus|Tornadus, L50, M, shiny|100\/100\n|switch|p1b: Chi-Yu|Chi-Yu, L50|100\/100\n|switch|p2a: Ogerpon|Ogerpon, L50, F|100\/100\n|switch|p2b: Empoleon|Empoleon, L50, M|100\/100\n|-ability|p1b: Chi-Yu|Beads of Ruin\n|turn|1\n|\n|t:|1699735948\n|-terastallize|p1b: Chi-Yu|Water\n|move|p1a: Tornadus|Bleakwind Storm|p2a: Ogerpon|[spread] p2b\n|-miss|p1a: Tornadus|p2a: Ogerpon\n|-resisted|p2b: Empoleon\n|-damage|p2b: Empoleon|83\/100\n|move|p2a: Ogerpon|Stomping Tantrum|p1b: Chi-Yu\n|-damage|p1b: Chi-Yu|61\/100\n|move|p1b: Chi-Yu|Heat Wave|p2b: Empoleon|[spread] p2a,p2b\n|-supereffective|p2a: Ogerpon\n|-damage|p2a: Ogerpon|0 fnt\n|-damage|p2b: Empoleon|49\/100\n|faint|p2a: Ogerpon\n|move|p2b: Empoleon|Hydro Pump|p1b: Chi-Yu\n|-resisted|p1b: Chi-Yu\n|-damage|p1b: Chi-Yu|33\/100\n|\n|upkeep\n|\n|t:|1699735951\n|switch|p2a: Iron Valiant|Iron Valiant, L50|100\/100\n|-enditem|p2a: Iron Valiant|Booster Energy\n|-activate|p2a: Iron Valiant|ability: Quark Drive|[fromitem]\n|-start|p2a: Iron Valiant|quarkdrivespe\n|turn|2\n|\n|t:|1699735969\n|-terastallize|p2a: Iron Valiant|Ghost\n|move|p1a: Tornadus|Sunny Day|p1a: Tornadus\n|-weather|SunnyDay\n|move|p2a: Iron Valiant|Moonblast|p1b: Chi-Yu\n|-damage|p1b: Chi-Yu|0 fnt\n|faint|p1b: Chi-Yu\n|move|p2b: Empoleon|Ice Beam|p1a: Tornadus\n|-supereffective|p1a: Tornadus\n|-damage|p1a: Tornadus|23\/100\n|\n|-weather|SunnyDay|[upkeep]\n|upkeep\n|\n|t:|1699735979\n|switch|p1b: Flutter Mane|Flutter Mane, L50, shiny|100\/100\n|-activate|p1b: Flutter Mane|ability: Protosynthesis\n|-start|p1b: Flutter Mane|protosynthesisspa\n|turn|3\n|\n|t:|1699735990\n|move|p1a: Tornadus|Tailwind|p1a: Tornadus\n|-sidestart|p1: Prf.Anu|move: Tailwind\n|move|p2b: Empoleon|Vacuum Wave|p1a: Tornadus\n|-resisted|p1a: Tornadus\n|-damage|p1a: Tornadus|14\/100\n|move|p1b: Flutter Mane|Dazzling Gleam|p2b: Empoleon|[spread] p2a,p2b\n|-resisted|p2b: Empoleon\n|-damage|p2a: Iron Valiant|0 fnt\n|-damage|p2b: Empoleon|30\/100\n|faint|p2a: Iron Valiant\n|-end|p2a: Iron Valiant|Quark Drive|[silent]\n|-damage|p1b: Flutter Mane|91\/100|[from] item: Life Orb\n|\n|-weather|SunnyDay|[upkeep]\n|upkeep\n|\n|t:|1699735999\n|switch|p2a: Moltres|Moltres-Galar, L50, shiny|100\/100\n|turn|4\n|\n|t:|1699736014\n|move|p1a: Tornadus|Bleakwind Storm|p2a: Moltres|[spread] p2b\n|-miss|p1a: Tornadus|p2a: Moltres\n|-resisted|p2b: Empoleon\n|-damage|p2b: Empoleon|18\/100\n|move|p1b: Flutter Mane|Dazzling Gleam|p2a: Moltres|[spread] p2a,p2b\n|-supereffective|p2a: Moltres\n|-resisted|p2b: Empoleon\n|-damage|p2a: Moltres|5\/100\n|-damage|p2b: Empoleon|0 fnt\n|-enditem|p2a: Moltres|Weakness Policy\n|-boost|p2a: Moltres|atk|2|[from] item: Weakness Policy\n|-boost|p2a: Moltres|spa|2|[from] item: Weakness Policy\n|faint|p2b: Empoleon\n|-ability|p2a: Moltres|Berserk|boost\n|-boost|p2a: Moltres|spa|1\n|-damage|p1b: Flutter Mane|82\/100|[from] item: Life Orb\n|move|p2a: Moltres|Fiery Wrath|p1a: Tornadus|[spread] p1a,p1b\n|-damage|p1a: Tornadus|0 fnt\n|-damage|p1b: Flutter Mane|12\/100\n|faint|p1a: Tornadus\n|\n|-weather|SunnyDay|[upkeep]\n|upkeep\n|\n|t:|1699736031\n|switch|p1a: Indeedee|Indeedee-F, L50, F, shiny|100\/100\n|-fieldstart|move: Psychic Terrain|[from] ability: Psychic Surge|[of] p1a: Indeedee\n|turn|5\n|c|\u2606gucci sister|i thought i was ded\n|\n|t:|1699736039\n|move|p2a: Moltres|Protect|p2a: Moltres\n|-singleturn|p2a: Moltres|Protect\n|move|p1b: Flutter Mane|Dazzling Gleam|p2a: Moltres\n|-activate|p2a: Moltres|move: Protect\n|move|p1a: Indeedee|Hyper Voice|p2a: Moltres\n|-activate|p2a: Moltres|move: Protect\n|\n|-weather|SunnyDay|[upkeep]\n|upkeep\n|turn|6\n|c|\u2606gucci sister|gtg\n|c|\u2606gucci sister|gg\n|c|\u2606gucci sister|wp\n|\n|t:|1699736051\n|move|p1b: Flutter Mane|Dazzling Gleam|p2a: Moltres\n|-supereffective|p2a: Moltres\n|-damage|p2a: Moltres|0 fnt\n|faint|p2a: Moltres\n|-damage|p1b: Flutter Mane|3\/100|[from] item: Life Orb\n|\n|win|Prf.Anu\n|raw|Prf.Anu's rating: 1065 &rarr; <strong>1097<\/strong><br \/>(+32 for winning)\n|raw|gucci sister's rating: 1087 &rarr; <strong>1062<\/strong><br \/>(-25 for losing)\n|l|\u2606gucci sister\n","uploadtime":1699736148,"views":9,"p1id":"prfanu","p2id":"guccisister","formatid":"gen9vgc2023regulatione","rating":1062,"private":0,"password":""}