{"id":"gen9vgc2023regulatione-1989874124","p1":"TrainerDylan24","p2":"Fogoss","format":"[Gen 9] VGC 2023 Regulation E","log":"|j|\u2606TrainerDylan24\n|j|\u2606Fogoss\n|t:|1699902920\n|gametype|doubles\n|player|p1|TrainerDylan24|swimmerf|1061\n|player|p2|Fogoss|170|1000\n|teamsize|p1|6\n|teamsize|p2|6\n|gen|9\n|tier|[Gen 9] VGC 2023 Regulation E\n|rated|\n|rule|Species Clause: Limit one of each Pok\u00e9mon\n|rule|Item Clause: Limit one of each item\n|clearpoke\n|poke|p1|Maushold-Four, L50|\n|poke|p1|Politoed, L50, F|\n|poke|p1|Kilowattrel, L50, F|\n|poke|p1|Cetitan, L50, F|\n|poke|p1|Rillaboom, L50, F|\n|poke|p1|Forretress, L50, F|\n|poke|p2|Ursaluna, L50, F|\n|poke|p2|Amoonguss, L50, F|\n|poke|p2|Iron Hands, L50|\n|poke|p2|Torkoal, L50, M|\n|poke|p2|Cresselia, L50, F|\n|poke|p2|Flutter Mane, L50|\n|teampreview|4\n|inactive|Battle timer is ON: inactive players will automatically lose when time's up. (requested by Fogoss)\n|inactive|TrainerDylan24 has 60 seconds left.\n|\n|t:|1699902952\n|start\n|switch|p1a: Maushold|Maushold-Four, L50|100\/100\n|switch|p1b: Cetitan|Cetitan, L50, F|100\/100\n|switch|p2a: Cresselia|Cresselia, L50, F, shiny|100\/100\n|switch|p2b: Amoonguss|Amoonguss, L50, F, shiny|100\/100\n|turn|1\n|inactive|Fogoss has 30 seconds left.\n|\n|t:|1699902979\n|move|p2b: Amoonguss|Rage Powder|p2b: Amoonguss\n|-singleturn|p2b: Amoonguss|move: Rage Powder\n|move|p1a: Maushold|Population Bomb|p2b: Amoonguss\n|-damage|p2b: Amoonguss|88\/100\n|-damage|p2b: Amoonguss|76\/100\n|-damage|p2b: Amoonguss|65\/100\n|-damage|p2b: Amoonguss|54\/100\n|-damage|p2b: Amoonguss|42\/100\n|-damage|p2b: Amoonguss|31\/100\n|-damage|p2b: Amoonguss|18\/100\n|-damage|p2b: Amoonguss|6\/100\n|-damage|p2b: Amoonguss|0 fnt\n|faint|p2b: Amoonguss\n|-hitcount|p2: Amoonguss|9\n|move|p1b: Cetitan|Knock Off|p2a: Cresselia\n|-supereffective|p2a: Cresselia\n|-damage|p2a: Cresselia|45\/100\n|-enditem|p2a: Cresselia|Safety Goggles|[from] move: Knock Off|[of] p1b: Cetitan\n|move|p2a: Cresselia|Trick Room|p2a: Cresselia\n|-fieldstart|move: Trick Room|[of] p2a: Cresselia\n|\n|upkeep\n|inactive|Fogoss has 30 seconds left.\n|inactive|Fogoss has 20 seconds left.\n|inactive|Fogoss has 15 seconds left.\n|\n|t:|1699903022\n|switch|p2b: Torkoal|Torkoal, L50, M, shiny|100\/100\n|-weather|SunnyDay|[from] ability: Drought|[of] p2b: Torkoal\n|turn|2\n|\n|t:|1699903031\n|switch|p1a: Politoed|Politoed, L50, F|100\/100\n|-weather|RainDance|[from] ability: Drizzle|[of] p1a: Politoed\n|move|p2a: Cresselia|Helping Hand|p2b: Torkoal\n|-singleturn|p2b: Torkoal|Helping Hand|[of] p2a: Cresselia\n|move|p2b: Torkoal|Eruption|p1a: Politoed|[spread] p1a,p1b\n|-resisted|p1a: Politoed\n|-supereffective|p1b: Cetitan\n|-damage|p1a: Politoed|80\/100\n|-damage|p1b: Cetitan|53\/100\n|move|p1b: Cetitan|Liquidation|p2b: Torkoal\n|-supereffective|p2b: Torkoal\n|-damage|p2b: Torkoal|23\/100\n|-unboost|p2b: Torkoal|def|1\n|\n|-weather|RainDance|[upkeep]\n|upkeep\n|turn|3\n|\n|t:|1699903053\n|switch|p2b: Ursaluna|Ursaluna, L50, F, shiny|100\/100\n|move|p2a: Cresselia|Lunar Blessing|p2a: Cresselia|[spread] p2a,p2b\n|-heal|p2a: Cresselia|71\/100\n|move|p1a: Politoed|Muddy Water|p2b: Ursaluna|[spread] p2a,p2b\n|-supereffective|p2b: Ursaluna\n|-damage|p2a: Cresselia|43\/100\n|-damage|p2b: Ursaluna|1\/100\n|-damage|p1a: Politoed|70\/100|[from] item: Life Orb\n|move|p1b: Cetitan|Liquidation|p2a: Cresselia\n|-damage|p2a: Cresselia|11\/100\n|\n|-weather|RainDance|[upkeep]\n|-status|p2b: Ursaluna|brn|[from] item: Flame Orb\n|upkeep\n|turn|4\n|\n|t:|1699903076\n|move|p2b: Ursaluna|Facade|p1a: Politoed\n|-damage|p1a: Politoed|0 fnt\n|faint|p1a: Politoed\n|move|p2a: Cresselia|Lunar Blessing|p2a: Cresselia|[spread] p2a,p2b\n|-heal|p2a: Cresselia|36\/100\n|-heal|p2b: Ursaluna|26\/100 brn\n|-curestatus|p2b: Ursaluna|brn|[msg]\n|move|p1b: Cetitan|Knock Off|p2a: Cresselia\n|-supereffective|p2a: Cresselia\n|-damage|p2a: Cresselia|0 fnt\n|faint|p2a: Cresselia\n|\n|-weather|RainDance|[upkeep]\n|-status|p2b: Ursaluna|brn|[from] item: Flame Orb\n|upkeep\n|\n|t:|1699903088\n|switch|p2a: Torkoal|Torkoal, L50, M, shiny|23\/100\n|switch|p1a: Maushold|Maushold-Four, L50|100\/100\n|-weather|SunnyDay|[from] ability: Drought|[of] p2a: Torkoal\n|turn|5\n|\n|t:|1699903099\n|move|p1a: Maushold|Protect|p1a: Maushold\n|-singleturn|p1a: Maushold|Protect\n|move|p2a: Torkoal|Eruption|p1a: Maushold|[spread] p1b\n|-activate|p1a: Maushold|move: Protect\n|-supereffective|p1b: Cetitan\n|-damage|p1b: Cetitan|29\/100\n|move|p2b: Ursaluna|Facade|p1a: Maushold\n|-activate|p1a: Maushold|move: Protect\n|move|p1b: Cetitan|Liquidation|p2a: Torkoal\n|-supereffective|p2a: Torkoal\n|-damage|p2a: Torkoal|0 fnt\n|faint|p2a: Torkoal\n|\n|-weather|SunnyDay|[upkeep]\n|-damage|p2b: Ursaluna|20\/100 brn|[from] brn\n|-fieldend|move: Trick Room\n|upkeep\n|turn|6\n|inactive|Fogoss has 30 seconds left.\n|-message|Fogoss forfeited.\n|\n|win|TrainerDylan24\n|raw|TrainerDylan24's rating: 1061 &rarr; <strong>1086<\/strong><br \/>(+25 for winning)\n|raw|Fogoss's rating: 1000 &rarr; <strong>1000<\/strong><br \/>(+0 for losing)\n|l|\u2606Fogoss\n","uploadtime":1699903132,"views":9,"p1id":"trainerdylan24","p2id":"fogoss","formatid":"gen9vgc2023regulatione","rating":1000,"private":0,"password":""}