{"id":"gen9vgc2023regulatione-1999604848","p1":"lorylagg","p2":"FoxieBoosted","format":"[Gen 9] VGC 2023 Regulation E","log":"|j|\u2606lorylagg\n|j|\u2606FoxieBoosted\n|t:|1701100446\n|gametype|doubles\n|player|p1|lorylagg|unknownf|1522\n|player|p2|FoxieBoosted|tuber|1451\n|teamsize|p1|6\n|teamsize|p2|6\n|gen|9\n|tier|[Gen 9] VGC 2023 Regulation E\n|rated|\n|rule|Species Clause: Limit one of each Pok\u00e9mon\n|rule|Item Clause: Limit one of each item\n|clearpoke\n|poke|p1|Urshifu-*, L50, F|\n|poke|p1|Arcanine-Hisui, L50, F|\n|poke|p1|Gholdengo, L50|\n|poke|p1|Tornadus, L50, M|\n|poke|p1|Rillaboom, L50, F|\n|poke|p1|Flutter Mane, L50|\n|poke|p2|Dragonite, L50, M|\n|poke|p2|Kingambit, L50, M|\n|poke|p2|Chien-Pao, L50|\n|poke|p2|Amoonguss, L50, M|\n|poke|p2|Urshifu-*, L50, M|\n|poke|p2|Ogerpon-Hearthflame, L50, F|\n|teampreview|4\nlorylagg has agreed to open team sheets.\n|inactive|Battle timer is ON: inactive players will automatically lose when time's up. (requested by FoxieBoosted)\nFoxieBoosted has agreed to open team sheets.\n|inactive|lorylagg has 30 seconds left.\n|inactive|lorylagg has 20 seconds left.\n|\n|t:|1701100509\n|start\n|switch|p1a: Tornadus|Tornadus, L50, M|100\/100\n|switch|p1b: Urs4lun4-Bloodmoon|Gholdengo, L50|100\/100\n|switch|p2a: Dragonite|Dragonite, L50, M|100\/100\n|switch|p2b: Kingambit|Kingambit, L50, M|100\/100\n|turn|1\n|\n|t:|1701100519\n|-terastallize|p1b: Urs4lun4-Bloodmoon|Steel\n|move|p1a: Tornadus|Bleakwind Storm|p2b: Kingambit|[spread] p2a\n|-miss|p1a: Tornadus|p2b: Kingambit\n|-damage|p2a: Dragonite|81\/100\n|-unboost|p2a: Dragonite|spe|1\n|move|p1b: Urs4lun4-Bloodmoon|Make It Rain|p2b: Kingambit|[spread] p2a,p2b\n|-resisted|p2b: Kingambit\n|-damage|p2a: Dragonite|25\/100\n|-damage|p2b: Kingambit|57\/100\n|-unboost|p1b: Urs4lun4-Bloodmoon|spa|1\n|move|p2b: Kingambit|Kowtow Cleave|p1b: Urs4lun4-Bloodmoon\n|-damage|p1b: Urs4lun4-Bloodmoon|43\/100\n|move|p2a: Dragonite|Stomping Tantrum|p1b: Urs4lun4-Bloodmoon\n|-supereffective|p1b: Urs4lun4-Bloodmoon\n|-damage|p1b: Urs4lun4-Bloodmoon|0 fnt\n|faint|p1b: Urs4lun4-Bloodmoon\n|\n|upkeep\n|\n|t:|1701100536\n|switch|p1b: Flutter Mane|Flutter Mane, L50|100\/100\n|-enditem|p1b: Flutter Mane|Booster Energy\n|-activate|p1b: Flutter Mane|ability: Protosynthesis|[fromitem]\n|-start|p1b: Flutter Mane|protosynthesisspa\n|turn|2\n|inactive|lorylagg has 30 seconds left.\n|\n|t:|1701100563\n|move|p2a: Dragonite|Extreme Speed|p1a: Tornadus\n|-damage|p1a: Tornadus|68\/100\n|-damage|p2a: Dragonite|9\/100|[from] item: Rocky Helmet|[of] p1a: Tornadus\n|move|p2b: Kingambit|Sucker Punch|p1b: Flutter Mane\n|-damage|p1b: Flutter Mane|30\/100\n|move|p1b: Flutter Mane|Moonblast|p2b: Kingambit\n|-damage|p2b: Kingambit|0 fnt\n|faint|p2b: Kingambit\n|move|p1a: Tornadus|Bleakwind Storm|p2a: Dragonite\n|-damage|p2a: Dragonite|0 fnt\n|faint|p2a: Dragonite\n|\n|upkeep\n|\n|t:|1701100570\n|switch|p2a: Amoonguss|Amoonguss, L50, M|100\/100\n|switch|p2b: Ogerpon|Ogerpon-Hearthflame, L50, F|100\/100\n|-ability|p2b: Ogerpon|Mold Breaker\n|turn|3\n|inactive|lorylagg has 30 seconds left.\n|inactive|FoxieBoosted has 30 seconds left.\n|inactive|lorylagg has 20 seconds left.\n|inactive|lorylagg has 15 seconds left.\n|inactive|lorylagg has 10 seconds left.\n|\n|t:|1701100618\n|-terastallize|p2b: Ogerpon|Fire\n|detailschange|p2b: Ogerpon|Ogerpon-Hearthflame-Tera, L50, F, tera:Fire\n|-ability|p2b: Ogerpon|Embody Aspect (Hearthflame)|boost\n|-boost|p2b: Ogerpon|atk|1\n|move|p1b: Flutter Mane|Protect|p1b: Flutter Mane\n|-singleturn|p1b: Flutter Mane|Protect\n|move|p1a: Tornadus|Rain Dance|p1a: Tornadus\n|-weather|RainDance\n|move|p2b: Ogerpon|Horn Leech|p1b: Flutter Mane\n|-activate|p1b: Flutter Mane|move: Protect\n|move|p2a: Amoonguss|Spore|p1a: Tornadus\n|-status|p1a: Tornadus|slp|[from] move: Spore\n|\n|-weather|RainDance|[upkeep]\n|upkeep\n|turn|4\n|\n|t:|1701100640\n|move|p1b: Flutter Mane|Shadow Ball|p2a: Amoonguss\n|-damage|p2a: Amoonguss|50\/100\n|-enditem|p2a: Amoonguss|Sitrus Berry|[eat]\n|-heal|p2a: Amoonguss|75\/100|[from] item: Sitrus Berry\n|cant|p1a: Tornadus|slp\n|move|p2b: Ogerpon|Horn Leech|p1a: Tornadus\n|-resisted|p1a: Tornadus\n|-damage|p1a: Tornadus|31\/100 slp\n|-damage|p2b: Ogerpon|84\/100|[from] item: Rocky Helmet|[of] p1a: Tornadus\n|move|p2a: Amoonguss|Spore|p1b: Flutter Mane\n|-status|p1b: Flutter Mane|slp|[from] move: Spore\n|\n|-weather|RainDance|[upkeep]\n|upkeep\n|turn|5\n|\n|t:|1701100660\n|cant|p1b: Flutter Mane|slp\n|move|p2b: Ogerpon|Horn Leech|p1b: Flutter Mane\n|-damage|p1b: Flutter Mane|0 fnt\n|-heal|p2b: Ogerpon|96\/100|[from] drain|[of] p1b: Flutter Mane\n|faint|p1b: Flutter Mane\n|-end|p1b: Flutter Mane|Protosynthesis|[silent]\n|cant|p1a: Tornadus|slp\n|move|p2a: Amoonguss|Clear Smog|p1a: Tornadus\n|-damage|p1a: Tornadus|15\/100 slp\n|-clearboost|p1a: Tornadus\n|\n|-weather|RainDance|[upkeep]\n|upkeep\n|\n|t:|1701100669\n|switch|p1b: Urshifu|Urshifu-Rapid-Strike, L50, F|100\/100\n|turn|6\n|\n|t:|1701100675\n|move|p2a: Amoonguss|Rage Powder|p2a: Amoonguss\n|-singleturn|p2a: Amoonguss|move: Rage Powder\n|-curestatus|p1a: Tornadus|slp|[msg]\n|move|p1a: Tornadus|Tailwind|p1a: Tornadus\n|-sidestart|p1: lorylagg|move: Tailwind\n|move|p1b: Urshifu|Surging Strikes|p2a: Amoonguss\n|-resisted|p2a: Amoonguss\n|-crit|p2a: Amoonguss\n|-damage|p2a: Amoonguss|60\/100\n|-resisted|p2a: Amoonguss\n|-crit|p2a: Amoonguss\n|-damage|p2a: Amoonguss|44\/100\n|-resisted|p2a: Amoonguss\n|-crit|p2a: Amoonguss\n|-damage|p2a: Amoonguss|29\/100\n|-hitcount|p2a: Amoonguss|3\n|move|p2b: Ogerpon|Horn Leech|p1b: Urshifu\n|-supereffective|p1b: Urshifu\n|-damage|p1b: Urshifu|0 fnt\n|-heal|p2b: Ogerpon|100\/100|[from] drain|[of] p1b: Urshifu\n|faint|p1b: Urshifu\n|\n|-weather|RainDance|[upkeep]\n|upkeep\n|turn|7\n|\n|t:|1701100688\n|move|p1a: Tornadus|Bleakwind Storm|p2a: Amoonguss|[spread] p2a,p2b\n|-supereffective|p2a: Amoonguss\n|-damage|p2a: Amoonguss|0 fnt\n|-damage|p2b: Ogerpon|70\/100\n|faint|p2a: Amoonguss\n|move|p2b: Ogerpon|Ivy Cudgel|p1a: Tornadus|[anim] Ivy Cudgel Fire\n|-damage|p1a: Tornadus|0 fnt\n|faint|p1a: Tornadus\n|\n|win|FoxieBoosted\n|raw|lorylagg's rating: 1522 &rarr; <strong>1498<\/strong><br \/>(-24 for losing)\n|raw|FoxieBoosted's rating: 1451 &rarr; <strong>1475<\/strong><br \/>(+24 for winning)\n|l|\u2606lorylagg\n|l|\u2606FoxieBoosted\n|j|\u2606lorylagg\n|player|p1|lorylagg|unknownf\n","uploadtime":1701100710,"views":13,"p1id":"lorylagg","p2id":"foxieboosted","formatid":"gen9vgc2023regulatione","rating":1475,"private":0,"password":""}