{"id":"gen9vgc2023regulatione-1999326571","p1":"PlumsEliteKnight","p2":"blackjack0817","format":"[Gen 9] VGC 2023 Regulation E","log":"|j|\u2606PlumsEliteKnight\n|j|\u2606blackjack0817\n|t:|1701060791\n|gametype|doubles\n|player|p1|PlumsEliteKnight|gladion-stance|1208\n|player|p2|blackjack0817|dragontamer|1183\n|teamsize|p1|6\n|teamsize|p2|6\n|gen|9\n|tier|[Gen 9] VGC 2023 Regulation E\n|rated|\n|rule|Species Clause: Limit one of each Pok\u00e9mon\n|rule|Item Clause: Limit one of each item\n|clearpoke\n|poke|p1|Chien-Pao, L50|\n|poke|p1|Ogerpon-Hearthflame, L50, F|\n|poke|p1|Sinistcha, L50|\n|poke|p1|Flutter Mane, L50|\n|poke|p1|Urshifu-*, L50, M|\n|poke|p1|Iron Hands, L50|\n|poke|p2|Pelipper, L50, M|\n|poke|p2|Iron Bundle, L50|\n|poke|p2|Urshifu-*, L50, F|\n|poke|p2|Rillaboom, L50, F|\n|poke|p2|Sneasler, L50, M|\n|poke|p2|Flutter Mane, L50|\n|teampreview|4\n|inactive|Battle timer is ON: inactive players will automatically lose when time's up. (requested by blackjack0817)\n|inactive|PlumsEliteKnight has 60 seconds left.\n|inactive|blackjack0817 has 60 seconds left.\n|\n|t:|1701060831\n|start\n|switch|p1a: Flutter Mane|Flutter Mane, L50|100\/100\n|switch|p1b: Ogerpon|Ogerpon-Hearthflame, L50, F|100\/100\n|switch|p2a: Rillaboom|Rillaboom, L50, F|100\/100\n|switch|p2b: Sneasler|Sneasler, L50, M|100\/100\n|-ability|p1b: Ogerpon|Mold Breaker\n|-fieldstart|move: Grassy Terrain|[from] ability: Grassy Surge|[of] p2a: Rillaboom\n|-enditem|p2b: Sneasler|Grassy Seed\n|-boost|p2b: Sneasler|def|1|[from] item: Grassy Seed\n|turn|1\n|inactive|PlumsEliteKnight has 30 seconds left.\n|inactive|PlumsEliteKnight has 20 seconds left.\n|inactive|PlumsEliteKnight has 15 seconds left.\n|inactive|PlumsEliteKnight has 10 seconds left.\n|inactive|PlumsEliteKnight has 5 seconds left.\n|\n|t:|1701060881\n|move|p2a: Rillaboom|Fake Out|p1b: Ogerpon\n|-damage|p1b: Ogerpon|81\/100\n|move|p2b: Sneasler|Dire Claw|p1a: Flutter Mane\n|-damage|p1a: Flutter Mane|7\/100\n|-status|p1a: Flutter Mane|slp\n|cant|p1a: Flutter Mane|slp\n|cant|p1b: Ogerpon|flinch\n|\n|-heal|p1a: Flutter Mane|14\/100 slp|[from] Grassy Terrain\n|-heal|p1b: Ogerpon|87\/100|[from] Grassy Terrain\n|upkeep\n|turn|2\n|\n|t:|1701060906\n|switch|p2a: Pelipper|Pelipper, L50, M|100\/100\n|-weather|RainDance|[from] ability: Drizzle|[of] p2a: Pelipper\n|move|p1b: Ogerpon|Spiky Shield|p1b: Ogerpon\n|-singleturn|p1b: Ogerpon|move: Protect\n|move|p2b: Sneasler|Dire Claw|p1b: Ogerpon\n|-activate|p1b: Ogerpon|move: Protect\n|-damage|p2b: Sneasler|88\/100|[from] Spiky Shield|[of] p1b: Ogerpon\n|-curestatus|p1a: Flutter Mane|slp|[msg]\n|move|p1a: Flutter Mane|Dazzling Gleam|p2b: Sneasler|[spread] p2a,p2b\n|-damage|p2a: Pelipper|34\/100\n|-damage|p2b: Sneasler|28\/100\n|\n|-weather|RainDance|[upkeep]\n|-heal|p2b: Sneasler|33\/100|[from] Grassy Terrain\n|-heal|p1a: Flutter Mane|20\/100|[from] Grassy Terrain\n|-heal|p1b: Ogerpon|93\/100|[from] Grassy Terrain\n|upkeep\n|turn|3\n|inactive|PlumsEliteKnight has 30 seconds left.\n|\n|t:|1701060933\n|switch|p1b: Sinistcha|Sinistcha, L50|100\/100\n|-heal|p1a: Flutter Mane|44\/100|[from] ability: Hospitality|[of] p1b: Sinistcha\n|-terastallize|p1a: Flutter Mane|Steel\n|move|p2b: Sneasler|Dire Claw|p1a: Flutter Mane\n|-immune|p1a: Flutter Mane\n|move|p1a: Flutter Mane|Dazzling Gleam|p2a: Pelipper|[spread] p2a,p2b\n|-damage|p2a: Pelipper|0 fnt\n|-damage|p2b: Sneasler|0 fnt\n|faint|p2a: Pelipper\n|faint|p2b: Sneasler\n|\n|-weather|RainDance|[upkeep]\n|-heal|p1a: Flutter Mane|50\/100|[from] Grassy Terrain\n|upkeep\n|\n|t:|1701060954\n|switch|p2b: Iron Bundle|Iron Bundle, L50|100\/100\n|switch|p2a: Rillaboom|Rillaboom, L50, F|100\/100\n|turn|4\n|\n|t:|1701060970\n|move|p2a: Rillaboom|Fake Out|p1a: Flutter Mane\n|-resisted|p1a: Flutter Mane\n|-damage|p1a: Flutter Mane|35\/100\n|move|p1b: Sinistcha|Rage Powder|p1b: Sinistcha\n|-singleturn|p1b: Sinistcha|move: Rage Powder\n|cant|p1a: Flutter Mane|flinch\n|move|p2b: Iron Bundle|Hydro Pump|p1b: Sinistcha|[miss]\n|-miss|p2b: Iron Bundle|p1b: Sinistcha\n|\n|-weather|RainDance|[upkeep]\n|-heal|p1a: Flutter Mane|41\/100|[from] Grassy Terrain\n|upkeep\n|turn|5\n|\n|t:|1701060987\n|move|p1b: Sinistcha|Rage Powder|p1b: Sinistcha\n|-singleturn|p1b: Sinistcha|move: Rage Powder\n|move|p2a: Rillaboom|Grassy Glide|p1a: Flutter Mane\n|-resisted|p1a: Flutter Mane\n|-damage|p1a: Flutter Mane|0 fnt\n|faint|p1a: Flutter Mane\n|-end|p1a: Flutter Mane|Protosynthesis|[silent]\n|move|p2b: Iron Bundle|Freeze-Dry|p1b: Sinistcha\n|-supereffective|p1b: Sinistcha\n|-damage|p1b: Sinistcha|21\/100\n|-enditem|p1b: Sinistcha|Sitrus Berry|[eat]\n|-heal|p1b: Sinistcha|46\/100|[from] item: Sitrus Berry\n|-damage|p2b: Iron Bundle|91\/100|[from] item: Life Orb\n|\n|-weather|RainDance|[upkeep]\n|-heal|p2b: Iron Bundle|97\/100|[from] Grassy Terrain\n|-heal|p1b: Sinistcha|52\/100|[from] Grassy Terrain\n|-fieldend|move: Grassy Terrain\n|upkeep\n|\n|t:|1701061004\n|switch|p1a: Iron Hands|Iron Hands, L50|100\/100\n|turn|6\n|inactive|PlumsEliteKnight has 30 seconds left.\n|\n|t:|1701061032\n|-terastallize|p2b: Iron Bundle|Water\n|move|p1a: Iron Hands|Fake Out|p2a: Rillaboom\n|-damage|p2a: Rillaboom|85\/100\n|move|p2b: Iron Bundle|Hydro Pump|p1a: Iron Hands\n|-damage|p1a: Iron Hands|0 fnt\n|faint|p1a: Iron Hands\n|-end|p1a: Iron Hands|Quark Drive|[silent]\n|-damage|p2b: Iron Bundle|87\/100|[from] item: Life Orb\n|cant|p2a: Rillaboom|flinch\n|move|p1b: Sinistcha|Matcha Gotcha|p2a: Rillaboom|[spread] p2a,p2b\n|-resisted|p2a: Rillaboom\n|-supereffective|p2b: Iron Bundle\n|-damage|p2a: Rillaboom|76\/100\n|-heal|p1b: Sinistcha|58\/100|[from] drain|[of] p2a: Rillaboom\n|-damage|p2b: Iron Bundle|1\/100\n|-heal|p1b: Sinistcha|97\/100|[from] drain|[of] p2b: Iron Bundle\n|\n|-weather|none\n|upkeep\n|\n|t:|1701061050\n|switch|p1a: Ogerpon|Ogerpon-Hearthflame, L50, F|93\/100\n|-ability|p1a: Ogerpon|Mold Breaker\n|turn|7\n|\n|t:|1701061070\n|move|p1a: Ogerpon|Spiky Shield|p1a: Ogerpon\n|-singleturn|p1a: Ogerpon|move: Protect\n|move|p2b: Iron Bundle|Hydro Pump|p1a: Ogerpon\n|-activate|p1a: Ogerpon|move: Protect\n|move|p2a: Rillaboom|Knock Off|p1b: Sinistcha\n|-supereffective|p1b: Sinistcha\n|-damage|p1b: Sinistcha|60\/100\n|move|p1b: Sinistcha|Matcha Gotcha|p2a: Rillaboom|[spread] p2a,p2b\n|-resisted|p2a: Rillaboom\n|-crit|p2a: Rillaboom\n|-supereffective|p2b: Iron Bundle\n|-damage|p2a: Rillaboom|63\/100\n|-heal|p1b: Sinistcha|68\/100|[from] drain|[of] p2a: Rillaboom\n|-damage|p2b: Iron Bundle|0 fnt\n|-heal|p1b: Sinistcha|68\/100|[from] drain|[of] p2b: Iron Bundle\n|faint|p2b: Iron Bundle\n|-end|p2b: Iron Bundle|Quark Drive|[silent]\n|\n|upkeep\n|turn|8\n|-message|blackjack0817 forfeited.\n|\n|win|PlumsEliteKnight\n|raw|PlumsEliteKnight's rating: 1208 &rarr; <strong>1231<\/strong><br \/>(+23 for winning)\n|raw|blackjack0817's rating: 1183 &rarr; <strong>1160<\/strong><br \/>(-23 for losing)\n|l|\u2606blackjack0817\n","uploadtime":1701061672,"views":21,"p1id":"plumseliteknight","p2id":"blackjack0817","formatid":"gen9vgc2023regulatione","rating":1160,"private":0,"password":""}