{"id":"gen9vgc2023regulatione-1997800453","p1":"Akaiar","p2":"sloppysteaks69","format":"[Gen 9] VGC 2023 Regulation E","log":"|j|\u2606Akaiar\n|j|\u2606sloppysteaks69\n|t:|1700854080\n|gametype|doubles\n|player|p1|Akaiar|cynthia|1062\n|player|p2|sloppysteaks69|170|1000\n|teamsize|p1|6\n|teamsize|p2|6\n|gen|9\n|tier|[Gen 9] VGC 2023 Regulation E\n|rated|\n|rule|Species Clause: Limit one of each Pok\u00e9mon\n|rule|Item Clause: Limit one of each item\n|clearpoke\n|poke|p1|Garchomp, L50, M|\n|poke|p1|Bronzong, L50|\n|poke|p1|Orthworm, L50, F|\n|poke|p1|Corviknight, L50, M|\n|poke|p1|Iron Bundle, L50|\n|poke|p1|Rotom-Wash, L50|\n|poke|p2|Tyranitar, L50, M|\n|poke|p2|Indeedee-F, L50, F|\n|poke|p2|Landorus, L50, M|\n|poke|p2|Ogerpon-Cornerstone, L50, F|\n|poke|p2|Amoonguss, L50, M|\n|poke|p2|Armarouge, L50, F|\n|teampreview|4\n|inactive|Battle timer is ON: inactive players will automatically lose when time's up. (requested by sloppysteaks69)\n|inactive|sloppysteaks69 has 60 seconds left.\n|inactive|sloppysteaks69 has 30 seconds left.\n|\n|t:|1700854144\n|start\n|switch|p1a: Garchomp|Garchomp, L50, M|100\/100\n|switch|p1b: Rotom|Rotom-Wash, L50|100\/100\n|switch|p2a: Indeedee|Indeedee-F, L50, F|100\/100\n|switch|p2b: Tyranitar|Tyranitar, L50, M|100\/100\n|-fieldstart|move: Psychic Terrain|[from] ability: Psychic Surge|[of] p2a: Indeedee\n|-weather|Sandstorm|[from] ability: Sand Stream|[of] p2b: Tyranitar\n|turn|1\n|inactive|sloppysteaks69 has 30 seconds left.\n|inactive|sloppysteaks69 has 20 seconds left.\n|\n|t:|1700854182\n|switch|p2b: Amoonguss|Amoonguss, L50, M|100\/100\n|move|p1b: Rotom|Trick|p2a: Indeedee\n|-activate|p1b: Rotom|move: Trick|[of] p2a: Indeedee\n|-item|p2a: Indeedee|Choice Scarf|[from] move: Trick\n|-item|p1b: Rotom|Colbur Berry|[from] move: Trick\n|move|p1a: Garchomp|Swords Dance|p1a: Garchomp\n|-boost|p1a: Garchomp|atk|2\n|move|p2a: Indeedee|Charm|p1a: Garchomp\n|-unboost|p1a: Garchomp|atk|2\n|\n|-weather|Sandstorm|[upkeep]\n|-damage|p2a: Indeedee|94\/100|[from] Sandstorm\n|-damage|p1b: Rotom|95\/100|[from] Sandstorm\n|-damage|p2b: Amoonguss|95\/100|[from] Sandstorm\n|upkeep\n|turn|2\n|\n|t:|1700854206\n|move|p1a: Garchomp|Earthquake|p2a: Indeedee|[spread] p2a,p2b\n|-immune|p1b: Rotom|[from] ability: Levitate\n|-damage|p2a: Indeedee|56\/100\n|-damage|p2b: Amoonguss|64\/100\n|move|p2a: Indeedee|Charm|p1a: Garchomp\n|-unboost|p1a: Garchomp|atk|2\n|move|p1b: Rotom|Discharge|p2a: Indeedee|[spread] p2a,p2b\n|-immune|p1a: Garchomp\n|-resisted|p2b: Amoonguss\n|-damage|p2a: Indeedee|29\/100\n|-damage|p2b: Amoonguss|52\/100\n|-status|p2b: Amoonguss|par\n|move|p2b: Amoonguss|Substitute|p2b: Amoonguss\n|-start|p2b: Amoonguss|Substitute\n|-damage|p2b: Amoonguss|27\/100 par\n|\n|-weather|Sandstorm|[upkeep]\n|-damage|p2a: Indeedee|23\/100|[from] Sandstorm\n|-damage|p1b: Rotom|89\/100|[from] Sandstorm\n|-damage|p2b: Amoonguss|21\/100 par|[from] Sandstorm\n|upkeep\n|turn|3\n|inactive|Akaiar has 30 seconds left.\n|inactive|Akaiar has 20 seconds left.\n|\n|t:|1700854241\n|switch|p1a: Iron Bundle|Iron Bundle, L50|100\/100\n|-enditem|p1a: Iron Bundle|Booster Energy\n|-activate|p1a: Iron Bundle|ability: Quark Drive|[fromitem]\n|-start|p1a: Iron Bundle|quarkdrivespe\n|move|p2a: Indeedee|Charm|p1a: Iron Bundle\n|-unboost|p1a: Iron Bundle|atk|2\n|move|p1b: Rotom|Hydro Pump|p2a: Indeedee\n|-damage|p2a: Indeedee|0 fnt\n|faint|p2a: Indeedee\n|move|p2b: Amoonguss|Spore|p1b: Rotom\n|-status|p1b: Rotom|slp|[from] move: Spore\n|\n|-weather|Sandstorm|[upkeep]\n|-damage|p1a: Iron Bundle|94\/100|[from] Sandstorm\n|-damage|p1b: Rotom|84\/100 slp|[from] Sandstorm\n|-damage|p2b: Amoonguss|15\/100 par|[from] Sandstorm\n|upkeep\n|\n|t:|1700854258\n|switch|p2a: Armarouge|Armarouge, L50, F|100\/100\n|-enditem|p2a: Armarouge|Psychic Seed\n|-boost|p2a: Armarouge|spd|1|[from] item: Psychic Seed\n|turn|4\n|\n|t:|1700854277\n|-terastallize|p2a: Armarouge|Grass\n|move|p1a: Iron Bundle|Protect|p1a: Iron Bundle\n|-singleturn|p1a: Iron Bundle|Protect\n|cant|p1b: Rotom|slp\n|move|p2a: Armarouge|Expanding Force|p1b: Rotom|[spread] p1b\n|-activate|p1a: Iron Bundle|move: Protect\n|-damage|p1b: Rotom|0 fnt\n|faint|p1b: Rotom\n|move|p2b: Amoonguss|Spore|p1a: Iron Bundle\n|-activate|p1a: Iron Bundle|move: Protect\n|\n|-weather|Sandstorm|[upkeep]\n|-damage|p1a: Iron Bundle|88\/100|[from] Sandstorm\n|-damage|p2a: Armarouge|95\/100|[from] Sandstorm\n|-damage|p2b: Amoonguss|9\/100 par|[from] Sandstorm\n|upkeep\n|\n|t:|1700854299\n|switch|p1b: Garchomp|Garchomp, L50, M|100\/100\n|turn|5\n|inactive|sloppysteaks69 has 30 seconds left.\n|\n|t:|1700854326\n|move|p2b: Amoonguss|Rage Powder|p2b: Amoonguss\n|-singleturn|p2b: Amoonguss|move: Rage Powder\n|move|p1a: Iron Bundle|Freeze-Dry|p2b: Amoonguss\n|-supereffective|p2b: Amoonguss\n|-end|p2b: Amoonguss|Substitute\n|move|p1b: Garchomp|Scale Shot|p2b: Amoonguss\n|-damage|p2b: Amoonguss|0 fnt\n|faint|p2b: Amoonguss\n|-hitcount|p2: Amoonguss|1\n|-unboost|p1b: Garchomp|def|1\n|-boost|p1b: Garchomp|spe|1\n|move|p2a: Armarouge|Expanding Force|p1a: Iron Bundle|[spread] p1a,p1b\n|-damage|p1a: Iron Bundle|0 fnt\n|-damage|p1b: Garchomp|23\/100\n|faint|p1a: Iron Bundle\n|-end|p1a: Iron Bundle|Quark Drive|[silent]\n|\n|-weather|none\n|-fieldend|move: Psychic Terrain\n|upkeep\n|\n|t:|1700854341\n|switch|p1a: Corviknight|Corviknight, L50, M|100\/100\n|switch|p2b: Tyranitar|Tyranitar, L50, M|100\/100\n|-weather|Sandstorm|[from] ability: Sand Stream|[of] p2b: Tyranitar\n|turn|6\n|inactive|Akaiar has 30 seconds left.\n|inactive|sloppysteaks69 has 30 seconds left.\n|inactive|Akaiar has 20 seconds left.\n|inactive|Akaiar has 15 seconds left.\n|inactive|sloppysteaks69 has 20 seconds left.\n|inactive|sloppysteaks69 has 15 seconds left.\n|inactive|sloppysteaks69 has 10 seconds left.\n|\n|t:|1700854391\n|move|p1b: Garchomp|Protect|p1b: Garchomp\n|-singleturn|p1b: Garchomp|Protect\n|move|p1a: Corviknight|Body Press|p2b: Tyranitar\n|-supereffective|p2b: Tyranitar\n|-damage|p2b: Tyranitar|19\/100\n|move|p2a: Armarouge|Expanding Force|p1a: Corviknight\n|-resisted|p1a: Corviknight\n|-damage|p1a: Corviknight|82\/100\n|move|p2b: Tyranitar|Knock Off|p1b: Garchomp\n|-activate|p1b: Garchomp|move: Protect\n|\n|-weather|Sandstorm|[upkeep]\n|-damage|p2a: Armarouge|89\/100|[from] Sandstorm\n|upkeep\n|turn|7\n|inactive|Akaiar has 30 seconds left.\n|inactive|sloppysteaks69 has 30 seconds left.\n|\n|t:|1700854420\n|move|p1b: Garchomp|Earthquake|p2b: Tyranitar|[spread] p2a,p2b\n|-immune|p1a: Corviknight\n|-resisted|p2a: Armarouge\n|-supereffective|p2b: Tyranitar\n|-damage|p2a: Armarouge|72\/100\n|-damage|p2b: Tyranitar|0 fnt\n|faint|p2b: Tyranitar\n|move|p1a: Corviknight|U-turn|p2a: Armarouge\n|-supereffective|p2a: Armarouge\n|-damage|p2a: Armarouge|44\/100\n|move|p2a: Armarouge|Energy Ball|p1b: Garchomp\n|-damage|p1b: Garchomp|0 fnt\n|faint|p1b: Garchomp\n|\n|-weather|Sandstorm|[upkeep]\n|-damage|p2a: Armarouge|38\/100|[from] Sandstorm\n|upkeep\n|turn|8\n|\n|t:|1700854435\n|-terastallize|p1a: Corviknight|Ghost\n|move|p1a: Corviknight|U-turn|p2a: Armarouge\n|-supereffective|p2a: Armarouge\n|-damage|p2a: Armarouge|11\/100\n|move|p2a: Armarouge|Armor Cannon|p1a: Corviknight\n|-damage|p1a: Corviknight|27\/100\n|-unboost|p2a: Armarouge|def|1\n|-unboost|p2a: Armarouge|spd|1\n|\n|-weather|Sandstorm|[upkeep]\n|-damage|p1a: Corviknight|21\/100|[from] Sandstorm\n|-damage|p2a: Armarouge|5\/100|[from] Sandstorm\n|upkeep\n|turn|9\n|-message|sloppysteaks69 forfeited.\n|\n|win|Akaiar\n|raw|Akaiar's rating: 1062 &rarr; <strong>1087<\/strong><br \/>(+25 for winning)\n|raw|sloppysteaks69's rating: 1000 &rarr; <strong>1000<\/strong><br \/>(+0 for losing)\n|l|\u2606sloppysteaks69\n","uploadtime":1700854450,"views":15,"p1id":"akaiar","p2id":"sloppysteaks69","formatid":"gen9vgc2023regulatione","rating":1000,"private":0,"password":""}