{"id":"gen9vgc2023regulatione-1991699158","p1":"Samuel Spindawin","p2":"qz23115","format":"[Gen 9] VGC 2023 Regulation E","log":"|j|\u2606Samuel Spindawin\n|j|\u2606qz23115\n|t:|1700104099\n|gametype|doubles\n|player|p1|Samuel Spindawin|266|1168\n|player|p2|qz23115|169|1120\n|teamsize|p1|6\n|teamsize|p2|6\n|gen|9\n|tier|[Gen 9] VGC 2023 Regulation E\n|rated|\n|rule|Species Clause: Limit one of each Pok\u00e9mon\n|rule|Item Clause: Limit one of each item\n|clearpoke\n|poke|p1|Volcarona, L50, F|\n|poke|p1|Landorus-Therian, L50, M|\n|poke|p1|Gholdengo, L50|\n|poke|p1|Grimmsnarl, L50, M|\n|poke|p1|Ogerpon-Wellspring, L50, F|\n|poke|p1|Tornadus, L50, M|\n|poke|p2|Tornadus, L50, M|\n|poke|p2|Volcarona, L50, F|\n|poke|p2|Basculegion, L50, M|\n|poke|p2|Ludicolo, L50, F|\n|poke|p2|Scizor, L50, M|\n|poke|p2|Flutter Mane, L50|\n|teampreview|4\nqz23115 rejected open team sheets.\n|inactive|Battle timer is ON: inactive players will automatically lose when time's up. (requested by qz23115)\n|\n|t:|1700104129\n|start\n|switch|p1a: Ogerpon|Ogerpon-Wellspring, L50, F|100\/100\n|switch|p1b: Tornadus|Tornadus, L50, M|100\/100\n|switch|p2a: Tornadus|Tornadus, L50, M|100\/100\n|switch|p2b: Basculegion|Basculegion, L50, M|100\/100\n|turn|1\n|inactive|Samuel Spindawin has 30 seconds left.\n|inactive|Samuel Spindawin has 20 seconds left.\n|\n|t:|1700104164\n|move|p2a: Tornadus|Tailwind|p2a: Tornadus\n|-sidestart|p2: qz23115|move: Tailwind\n|move|p2b: Basculegion|Flip Turn|p1b: Tornadus\n|-damage|p1b: Tornadus|34\/100\n|\n|t:|1700104172\n|switch|p2b: Flutter Mane|Flutter Mane, L50|100\/100|[from] Flip Turn\n|move|p1a: Ogerpon|Ivy Cudgel|p2a: Tornadus|[anim] Ivy Cudgel Water\n|-damage|p2a: Tornadus|9\/100\n|move|p1b: Tornadus|Bleakwind Storm|p2b: Flutter Mane|[spread] p2a\n|-miss|p1b: Tornadus|p2b: Flutter Mane\n|-damage|p2a: Tornadus|0 fnt\n|faint|p2a: Tornadus\n|\n|upkeep\n|\n|t:|1700104178\n|switch|p2a: Volcarona|Volcarona, L50, F|100\/100\n|turn|2\n|inactive|Samuel Spindawin has 30 seconds left.\n|\n|t:|1700104208\n|-terastallize|p2a: Volcarona|Water\n|-terastallize|p1a: Ogerpon|Water\n|detailschange|p1a: Ogerpon|Ogerpon-Wellspring-Tera, L50, F, tera:Water\n|-ability|p1a: Ogerpon|Embody Aspect (Wellspring)|boost\n|-boost|p1a: Ogerpon|spd|1\n|move|p2b: Flutter Mane|Dazzling Gleam|p1a: Ogerpon|[spread] p1a,p1b\n|-damage|p1a: Ogerpon|60\/100\n|-damage|p1b: Tornadus|0 fnt\n|faint|p1b: Tornadus\n|move|p2a: Volcarona|Quiver Dance|p2a: Volcarona\n|-boost|p2a: Volcarona|spa|1\n|-boost|p2a: Volcarona|spd|1\n|-boost|p2a: Volcarona|spe|1\n|move|p1a: Ogerpon|Horn Leech|p2b: Flutter Mane\n|-damage|p2b: Flutter Mane|10\/100\n|-heal|p1a: Ogerpon|98\/100|[from] drain|[of] p2b: Flutter Mane\n|\n|upkeep\n|\n|t:|1700104225\n|switch|p1b: Grimmsnarl|Grimmsnarl, L50, M|100\/100\n|turn|3\n|\n|t:|1700104233\n|move|p1b: Grimmsnarl|Light Screen|p1b: Grimmsnarl\n|-sidestart|p1: Samuel Spindawin|move: Light Screen\n|move|p2b: Flutter Mane|Dazzling Gleam|p1a: Ogerpon|[spread] p1a,p1b\n|-supereffective|p1b: Grimmsnarl\n|-crit|p1b: Grimmsnarl\n|-damage|p1a: Ogerpon|72\/100\n|-damage|p1b: Grimmsnarl|0 fnt\n|faint|p1b: Grimmsnarl\n|move|p2a: Volcarona|Hurricane|p1a: Ogerpon\n|-damage|p1a: Ogerpon|45\/100\n|-start|p1a: Ogerpon|confusion\n|-activate|p1a: Ogerpon|confusion\n|move|p1a: Ogerpon|Horn Leech|p2a: Volcarona\n|-supereffective|p2a: Volcarona\n|-damage|p2a: Volcarona|21\/100\n|-heal|p1a: Ogerpon|94\/100|[from] drain|[of] p2a: Volcarona\n|-damage|p1a: Ogerpon|77\/100|[from] item: Rocky Helmet|[of] p2a: Volcarona\n|-status|p1a: Ogerpon|brn|[from] ability: Flame Body|[of] p2a: Volcarona\n|\n|-damage|p1a: Ogerpon|72\/100 brn|[from] brn\n|upkeep\n|\n|t:|1700104250\n|switch|p1b: Landorus|Landorus-Therian, L50, M|100\/100\n|-ability|p1b: Landorus|Intimidate|boost\n|-unboost|p2a: Volcarona|atk|1\n|-unboost|p2b: Flutter Mane|atk|1\n|turn|4\n|\n|t:|1700104260\n|-end|p1a: Ogerpon|confusion\n|move|p1a: Ogerpon|Spiky Shield|p1a: Ogerpon\n|-singleturn|p1a: Ogerpon|move: Protect\n|move|p2b: Flutter Mane|Dazzling Gleam|p1b: Landorus|[spread] p1b\n|-activate|p1a: Ogerpon|move: Protect\n|-damage|p1b: Landorus|59\/100\n|move|p2a: Volcarona|Tera Blast|p1b: Landorus|[anim] Tera Blast Water\n|-supereffective|p1b: Landorus\n|-damage|p1b: Landorus|0 fnt\n|faint|p1b: Landorus\n|\n|-damage|p1a: Ogerpon|66\/100 brn|[from] brn\n|-sideend|p2: qz23115|move: Tailwind\n|upkeep\n|turn|5\n|\n|t:|1700104274\n|move|p2b: Flutter Mane|Dazzling Gleam|p1a: Ogerpon\n|-damage|p1a: Ogerpon|28\/100 brn\n|move|p2a: Volcarona|Giga Drain|p1a: Ogerpon\n|-supereffective|p1a: Ogerpon\n|-damage|p1a: Ogerpon|0 fnt\n|-heal|p2a: Volcarona|33\/100|[from] drain|[of] p1a: Ogerpon\n|faint|p1a: Ogerpon\n|\n|win|qz23115\n|raw|Samuel Spindawin's rating: 1168 &rarr; <strong>1140<\/strong><br \/>(-28 for losing)\n|raw|qz23115's rating: 1120 &rarr; <strong>1148<\/strong><br \/>(+28 for winning)\n","uploadtime":1700104278,"views":15,"p1id":"samuelspindawin","p2id":"qz23115","formatid":"gen9vgc2023regulatione","rating":1140,"private":0,"password":""}