{"id":"gen9vgc2023regulatione-1990201740","p1":"Builts","p2":"Lazy2Think","format":"[Gen 9] VGC 2023 Regulation E","log":"|j|\u203dBuilts\n|j|\u2606Lazy2Think\n|t:|1699936609\n|gametype|doubles\n|player|p1|Builts|266|1288\n|player|p2|Lazy2Think|2|1187\n|teamsize|p1|6\n|teamsize|p2|6\n|gen|9\n|tier|[Gen 9] VGC 2023 Regulation E\n|rated|\n|rule|Species Clause: Limit one of each Pok\u00e9mon\n|rule|Item Clause: Limit one of each item\n|clearpoke\n|poke|p1|Indeedee-F, L50, F|\n|poke|p1|Armarouge, L50, F|\n|poke|p1|Sylveon, L50, M|\n|poke|p1|Ursaluna, L50, F|\n|poke|p1|Urshifu-*, L50, F|\n|poke|p1|Torkoal, L50, F|\n|poke|p2|Weezing, L50, F|\n|poke|p2|Roaring Moon, L50|\n|poke|p2|Ogerpon-Wellspring, L50, F|\n|poke|p2|Iron Hands, L50|\n|poke|p2|Flutter Mane, L50|\n|poke|p2|Landorus-Therian, L50, M|\n|teampreview|4\n|inactive|Battle timer is ON: inactive players will automatically lose when time's up. (requested by Builts)\n|\n|t:|1699936634\n|start\n|switch|p1a: Indeedee|Indeedee-F, L50, F|100\/100\n|switch|p1b: Armarouge|Armarouge, L50, F|100\/100\n|switch|p2a: Weezing|Weezing, L50, F|100\/100\n|switch|p2b: Roaring Moon|Roaring Moon, L50|100\/100\n|-ability|p2a: Weezing|Neutralizing Gas\n|-enditem|p2b: Roaring Moon|Booster Energy\n|-activate|p2b: Roaring Moon|ability: Protosynthesis|[fromitem]\n|-start|p2b: Roaring Moon|protosynthesisatk\n|turn|1\n|inactive|Builts has 30 seconds left.\n|\n|t:|1699936662\n|-terastallize|p1b: Armarouge|Grass\n|move|p1a: Indeedee|Helping Hand|p1b: Armarouge\n|-singleturn|p1b: Armarouge|Helping Hand|[of] p1a: Indeedee\n|move|p2a: Weezing|Protect|p2a: Weezing\n|-singleturn|p2a: Weezing|Protect\n|move|p2b: Roaring Moon|Knock Off|p1a: Indeedee\n|-supereffective|p1a: Indeedee\n|-damage|p1a: Indeedee|0 fnt\n|-enditem|p1a: Indeedee|Psychic Seed|[from] move: Knock Off|[of] p2b: Roaring Moon\n|faint|p1a: Indeedee\n|move|p1b: Armarouge|Expanding Force|p2a: Weezing\n|-activate|p2a: Weezing|move: Protect\n|\n|upkeep\n|\n|t:|1699936675\n|switch|p1a: Sylveon|Sylveon, L50, M|100\/100\n|turn|2\n|\n|t:|1699936687\n|-terastallize|p2a: Weezing|Ghost\n|move|p2b: Roaring Moon|Acrobatics|p1b: Armarouge\n|-supereffective|p1b: Armarouge\n|-damage|p1b: Armarouge|0 fnt\n|faint|p1b: Armarouge\n|move|p2a: Weezing|Sludge Bomb|p1a: Sylveon\n|-supereffective|p1a: Sylveon\n|-crit|p1a: Sylveon\n|-damage|p1a: Sylveon|41\/100\n|move|p1a: Sylveon|Psychic|p2a: Weezing\n|-damage|p2a: Weezing|73\/100\n|\n|upkeep\n|\n|t:|1699936697\n|switch|p1b: Ursaluna|Ursaluna, L50, F|100\/100\n|turn|3\n|\n|t:|1699936722\n|move|p2a: Weezing|Protect|p2a: Weezing\n|-singleturn|p2a: Weezing|Protect\n|move|p2b: Roaring Moon|Acrobatics|p1a: Sylveon\n|-damage|p1a: Sylveon|0 fnt\n|faint|p1a: Sylveon\n|move|p1b: Ursaluna|Facade|p2b: Roaring Moon\n|-damage|p2b: Roaring Moon|42\/100\n|\n|-status|p1b: Ursaluna|brn|[from] item: Flame Orb\n|upkeep\n|turn|4\n|\n|t:|1699936745\n|move|p2b: Roaring Moon|Knock Off|p1b: Ursaluna\n|-damage|p1b: Ursaluna|51\/100 brn\n|-enditem|p1b: Ursaluna|Flame Orb|[from] move: Knock Off|[of] p2b: Roaring Moon\n|move|p2a: Weezing|Taunt|p1b: Ursaluna\n|-start|p1b: Ursaluna|move: Taunt\n|move|p1b: Ursaluna|Headlong Rush|p2a: Weezing\n|-damage|p2a: Weezing|38\/100\n|-unboost|p1b: Ursaluna|def|1\n|-unboost|p1b: Ursaluna|spd|1\n|-enditem|p2a: Weezing|Sitrus Berry|[eat]\n|-heal|p2a: Weezing|63\/100|[from] item: Sitrus Berry\n|\n|-damage|p1b: Ursaluna|45\/100 brn|[from] brn\n|upkeep\n|turn|5\n|-message|Builts forfeited.\n|\n|win|Lazy2Think\n|raw|Builts's rating: 1288 &rarr; <strong>1256<\/strong><br \/>(-32 for losing)\n|raw|Lazy2Think's rating: 1187 &rarr; <strong>1219<\/strong><br \/>(+32 for winning)\n|l|\u2606Lazy2Think\n","uploadtime":1699936763,"views":16,"p1id":"builts","p2id":"lazy2think","formatid":"gen9vgc2023regulatione","rating":1219,"private":0,"password":""}