{"id":"gen9vgc2023regulatione-1988562589","p1":"Prf.Anu","p2":"sdffdddddddddddd","format":"[Gen 9] VGC 2023 Regulation E","log":"|j|\u2606Prf.Anu\n|j|\u2606sdffdddddddddddd\n|t:|1699736426\n|gametype|doubles\n|player|p1|Prf.Anu|unknown|1125\n|player|p2|sdffdddddddddddd|266|1233\n|teamsize|p1|6\n|teamsize|p2|6\n|gen|9\n|tier|[Gen 9] VGC 2023 Regulation E\n|rated|\n|rule|Species Clause: Limit one of each Pok\u00e9mon\n|rule|Item Clause: Limit one of each item\n|clearpoke\n|poke|p1|Tornadus, L50, M|\n|poke|p1|Indeedee-F, L50, F|\n|poke|p1|Chi-Yu, L50|\n|poke|p1|Flutter Mane, L50|\n|poke|p1|Iron Hands, L50|\n|poke|p1|Rillaboom, L50, M|\n|poke|p2|Ninetales-Alola, L50, M|\n|poke|p2|Indeedee-F, L50, F|\n|poke|p2|Armarouge, L50, F|\n|poke|p2|Roaring Moon, L50|\n|poke|p2|Iron Hands, L50|\n|poke|p2|Urshifu-*, L50, M|\n|teampreview|4\n|inactive|Battle timer is ON: inactive players will automatically lose when time's up. (requested by Prf.Anu)\nPrf.Anu rejected open team sheets.\n|inactive|sdffdddddddddddd has 60 seconds left.\n|\n|t:|1699736457\n|start\n|switch|p1a: Tornadus|Tornadus, L50, M, shiny|100\/100\n|switch|p1b: Indeedee|Indeedee-F, L50, F, shiny|100\/100\n|switch|p2a: Iron Hands|Iron Hands, L50|100\/100\n|switch|p2b: Ninetales|Ninetales-Alola, L50, M|100\/100\n|-weather|Snow|[from] ability: Snow Warning|[of] p2b: Ninetales\n|-fieldstart|move: Psychic Terrain|[from] ability: Psychic Surge|[of] p1b: Indeedee\n|turn|1\n|\n|t:|1699736476\n|-terastallize|p1a: Tornadus|Ground\n|move|p1a: Tornadus|Sunny Day|p1a: Tornadus\n|-weather|SunnyDay\n|move|p2b: Ninetales|Aurora Veil||[still]\n|-fail|p2b: Ninetales\n|move|p1b: Indeedee|Hyper Voice|p2b: Ninetales|[spread] p2a,p2b\n|-damage|p2a: Iron Hands|84\/100\n|-damage|p2b: Ninetales|68\/100\n|move|p2a: Iron Hands|Wild Charge|p1a: Tornadus\n|-immune|p1a: Tornadus\n|\n|-weather|SunnyDay|[upkeep]\n|upkeep\n|turn|2\n|\n|t:|1699736492\n|move|p1a: Tornadus|Tailwind|p1a: Tornadus\n|-sidestart|p1: Prf.Anu|move: Tailwind\n|move|p1b: Indeedee|Psychic|p2a: Iron Hands\n|-supereffective|p2a: Iron Hands\n|-damage|p2a: Iron Hands|29\/100\n|move|p2b: Ninetales|Icy Wind|p1b: Indeedee|[spread] p1a,p1b\n|-supereffective|p1a: Tornadus\n|-crit|p1a: Tornadus\n|-damage|p1a: Tornadus|52\/100\n|-damage|p1b: Indeedee|90\/100\n|-unboost|p1a: Tornadus|spe|1\n|-unboost|p1b: Indeedee|spe|1\n|move|p2a: Iron Hands|Drain Punch|p1a: Tornadus\n|-damage|p1a: Tornadus|0 fnt\n|-heal|p2a: Iron Hands|46\/100|[from] drain|[of] p1a: Tornadus\n|-damage|p2a: Iron Hands|30\/100|[from] item: Rocky Helmet|[of] p1a: Tornadus\n|faint|p1a: Tornadus\n|\n|-weather|SunnyDay|[upkeep]\n|-heal|p1b: Indeedee|96\/100|[from] item: Leftovers\n|upkeep\n|\n|t:|1699736508\n|switch|p1a: Chi-Yu|Chi-Yu, L50|100\/100\n|-ability|p1a: Chi-Yu|Beads of Ruin\n|turn|3\n|\n|t:|1699736521\n|switch|p2b: Armarouge|Armarouge, L50, F|100\/100\n|move|p1a: Chi-Yu|Heat Wave|p2b: Armarouge|[spread] p2a\n|-start|p2b: Armarouge|ability: Flash Fire\n|-damage|p2a: Iron Hands|0 fnt\n|faint|p2a: Iron Hands\n|-end|p2a: Iron Hands|Quark Drive|[silent]\n|move|p1b: Indeedee|Hyper Voice|p2b: Armarouge\n|-damage|p2b: Armarouge|47\/100\n|\n|-weather|SunnyDay|[upkeep]\n|-heal|p1b: Indeedee|100\/100|[from] item: Leftovers\n|upkeep\n|\n|t:|1699736532\n|switch|p2a: Ninetales|Ninetales-Alola, L50, M|68\/100\n|-weather|Snow|[from] ability: Snow Warning|[of] p2a: Ninetales\n|turn|4\n|\n|t:|1699736550\n|-terastallize|p2a: Ninetales|Water\n|move|p2b: Armarouge|Protect|p2b: Armarouge\n|-singleturn|p2b: Armarouge|Protect\n|move|p1a: Chi-Yu|Heat Wave|p2b: Armarouge|[spread] p2a\n|-activate|p2b: Armarouge|move: Protect\n|-resisted|p2a: Ninetales\n|-damage|p2a: Ninetales|34\/100\n|move|p2a: Ninetales|Aurora Veil|p2a: Ninetales\n|-sidestart|p2: sdffdddddddddddd|move: Aurora Veil\n|move|p1b: Indeedee|Psychic|p2b: Armarouge\n|-activate|p2b: Armarouge|move: Protect\n|\n|-weather|Snow|[upkeep]\n|upkeep\n|turn|5\n|inactive|sdffdddddddddddd has 30 seconds left.\n|\n|t:|1699736575\n|move|p1a: Chi-Yu|Heat Wave|p2b: Armarouge|[spread] p2a\n|-immune|p2b: Armarouge|[from] ability: Flash Fire\n|-resisted|p2a: Ninetales\n|-damage|p2a: Ninetales|13\/100\n|move|p2a: Ninetales|Moonblast|p1a: Chi-Yu\n|-damage|p1a: Chi-Yu|70\/100\n|move|p1b: Indeedee|Hyper Voice|p2a: Ninetales|[spread] p2a,p2b\n|-damage|p2a: Ninetales|0 fnt\n|-damage|p2b: Armarouge|17\/100\n|faint|p2a: Ninetales\n|move|p2b: Armarouge|Expanding Force|p1b: Indeedee|[spread] p1b\n|-immune|p1a: Chi-Yu\n|-resisted|p1b: Indeedee\n|-damage|p1b: Indeedee|52\/100\n|\n|-weather|Snow|[upkeep]\n|-heal|p1b: Indeedee|58\/100|[from] item: Leftovers\n|-sideend|p1: Prf.Anu|move: Tailwind\n|-fieldend|move: Psychic Terrain\n|upkeep\n|\n|t:|1699736590\n|switch|p2a: Indeedee|Indeedee-F, L50, F|100\/100\n|-fieldstart|move: Psychic Terrain|[from] ability: Psychic Surge|[of] p2a: Indeedee\n|turn|6\n|\n|t:|1699736601\n|switch|p1a: Flutter Mane|Flutter Mane, L50, shiny|100\/100\n|move|p2a: Indeedee|Helping Hand|p2b: Armarouge\n|-singleturn|p2b: Armarouge|Helping Hand|[of] p2a: Indeedee\n|move|p2b: Armarouge|Expanding Force|p1a: Flutter Mane|[spread] p1a,p1b\n|-resisted|p1b: Indeedee\n|-damage|p1a: Flutter Mane|0 fnt\n|-damage|p1b: Indeedee|2\/100\n|faint|p1a: Flutter Mane\n|-end|p1a: Flutter Mane|Protosynthesis|[silent]\n|move|p1b: Indeedee|Hyper Voice|p2a: Indeedee|[spread] p2a,p2b\n|-damage|p2a: Indeedee|83\/100\n|-damage|p2b: Armarouge|0 fnt\n|faint|p2b: Armarouge\n|\n|-weather|Snow|[upkeep]\n|-heal|p1b: Indeedee|8\/100|[from] item: Leftovers\n|upkeep\n|-message|sdffdddddddddddd forfeited.\n|\n|win|Prf.Anu\n|raw|Prf.Anu's rating: 1125 &rarr; <strong>1158<\/strong><br \/>(+33 for winning)\n|raw|sdffdddddddddddd's rating: 1233 &rarr; <strong>1200<\/strong><br \/>(-33 for losing)\n|l|\u2606sdffdddddddddddd\n","uploadtime":1699736619,"views":16,"p1id":"prfanu","p2id":"sdffdddddddddddd","formatid":"gen9vgc2023regulatione","rating":1158,"private":0,"password":""}