{"id":"gen9vgc2023regulatione-1994303235","p1":"misterkk","p2":"NekrosM0S","format":"[Gen 9] VGC 2023 Regulation E","log":"|j|\u2606misterkk\n|j|\u2606NekrosM0S\n|t:|1700428936\n|gametype|doubles\n|player|p1|misterkk|266|1289\n|player|p2|NekrosM0S|colress|1225\n|teamsize|p1|6\n|teamsize|p2|6\n|gen|9\n|tier|[Gen 9] VGC 2023 Regulation E\n|rated|\n|rule|Species Clause: Limit one of each Pok\u00e9mon\n|rule|Item Clause: Limit one of each item\n|clearpoke\n|poke|p1|Dusclops, L50, F|\n|poke|p1|Dragalge, L50, F|\n|poke|p1|Ursaluna-Bloodmoon, L50, M|\n|poke|p1|Dragapult, L50, M|\n|poke|p1|Iron Hands, L50|\n|poke|p1|Heatran, L50, M|\n|poke|p2|Iron Moth, L50|\n|poke|p2|Flutter Mane, L50|\n|poke|p2|Iron Hands, L50|\n|poke|p2|Landorus-Therian, L50, M|\n|poke|p2|Ogerpon-Wellspring, L50, F|\n|poke|p2|Gholdengo, L50|\n|teampreview|4\nNekrosM0S has agreed to open team sheets.\n|inactive|Battle timer is ON: inactive players will automatically lose when time's up. (requested by misterkk)\n|\n|t:|1700428970\n|start\n|switch|p1a: Dusclops|Dusclops, L50, F|100\/100\n|switch|p1b: Ursaluna|Ursaluna-Bloodmoon, L50, M|100\/100\n|switch|p2a: Iron Moth|Iron Moth, L50, shiny|100\/100\n|switch|p2b: Flutter Mane|Flutter Mane, L50, shiny|100\/100\n|-ability|p1a: Dusclops|Pressure\n|-enditem|p2a: Iron Moth|Booster Energy\n|-activate|p2a: Iron Moth|ability: Quark Drive|[fromitem]\n|-start|p2a: Iron Moth|quarkdrivespe\n|turn|1\n|inactive|misterkk has 30 seconds left.\n|inactive|misterkk has 20 seconds left.\n|inactive|misterkk has 15 seconds left.\n|inactive|misterkk has 10 seconds left.\n|inactive|misterkk has 5 seconds left.\n|\n|t:|1700429022\n|move|p2a: Iron Moth|Acid Spray|p1a: Dusclops\n|-resisted|p1a: Dusclops\n|-damage|p1a: Dusclops|94\/100\n|-unboost|p1a: Dusclops|spd|2\n|move|p2b: Flutter Mane|Shadow Ball|p1a: Dusclops\n|-supereffective|p1a: Dusclops\n|-damage|p1a: Dusclops|0 fnt\n|faint|p1a: Dusclops\n|move|p1b: Ursaluna|Hyper Voice|p2a: Iron Moth|[spread] p2a,p2b\n|-crit|p2a: Iron Moth\n|-damage|p2a: Iron Moth|42\/100\n|-damage|p2b: Flutter Mane|62\/100\n|-enditem|p1b: Ursaluna|Throat Spray\n|-boost|p1b: Ursaluna|spa|1|[from] item: Throat Spray\n|\n|upkeep\n|\n|t:|1700429035\n|switch|p1a: Dragapult|Dragapult, L50, M|100\/100\n|turn|2\n|\n|t:|1700429054\n|-end|p2b: Flutter Mane|Protosynthesis|[silent]\n|switch|p2b: Iron Hands|Iron Hands, L50, shiny|100\/100\n|move|p2a: Iron Moth|Energy Ball|p1b: Ursaluna\n|-supereffective|p1b: Ursaluna\n|-damage|p1b: Ursaluna|29\/100\n|move|p1a: Dragapult|Dragon Darts|p2a: Iron Moth\n|-damage|p2a: Iron Moth|0 fnt\n|-anim|p1a: Dragapult|Dragon Darts|p2b: Iron Hands\n|-damage|p2b: Iron Hands|84\/100\n|faint|p2a: Iron Moth\n|-end|p2a: Iron Moth|Quark Drive|[silent]\n|move|p1b: Ursaluna|Hyper Voice|p2b: Iron Hands\n|-damage|p2b: Iron Hands|46\/100\n|\n|upkeep\n|\n|t:|1700429069\n|switch|p2a: Flutter Mane|Flutter Mane, L50, shiny|62\/100\n|turn|3\n|\n|t:|1700429083\n|-terastallize|p2a: Flutter Mane|Fairy\n|move|p1b: Ursaluna|Protect|p1b: Ursaluna\n|-singleturn|p1b: Ursaluna|Protect\n|move|p2b: Iron Hands|Fake Out|p1b: Ursaluna\n|-activate|p1b: Ursaluna|move: Protect\n|move|p1a: Dragapult|Phantom Force||[still]\n|-prepare|p1a: Dragapult|Phantom Force\n|move|p2a: Flutter Mane|Dazzling Gleam|p1b: Ursaluna|[spread] \n|-miss|p2a: Flutter Mane|p1a: Dragapult\n|-activate|p1b: Ursaluna|move: Protect\n|\n|upkeep\n|turn|4\n|inactive|misterkk has 30 seconds left.\n|\n|t:|1700429110\n|-end|p2a: Flutter Mane|Protosynthesis|[silent]\n|switch|p2a: Landorus|Landorus-Therian, L50, M|100\/100\n|-ability|p2a: Landorus|Intimidate|boost\n|-fail|p1a: Dragapult|unboost|[from] ability: Clear Body|[of] p1a: Dragapult\n|-unboost|p1b: Ursaluna|atk|1\n|move|p1a: Dragapult|Phantom Force|p2a: Landorus|[from]lockedmove\n|-damage|p2a: Landorus|48\/100\n|move|p2b: Iron Hands|Drain Punch|p1b: Ursaluna\n|-supereffective|p1b: Ursaluna\n|-damage|p1b: Ursaluna|0 fnt\n|-heal|p2b: Iron Hands|59\/100|[from] drain|[of] p1b: Ursaluna\n|faint|p1b: Ursaluna\n|\n|upkeep\n|\n|t:|1700429123\n|switch|p1b: Dragalge|Dragalge, L50, F|100\/100\n|turn|5\n|inactive|misterkk has 30 seconds left.\n|\n|t:|1700429151\n|-terastallize|p1a: Dragapult|Ghost\n|move|p1b: Dragalge|Protect|p1b: Dragalge\n|-singleturn|p1b: Dragalge|Protect\n|move|p2a: Landorus|Stomping Tantrum|p1b: Dragalge\n|-activate|p1b: Dragalge|move: Protect\n|move|p1a: Dragapult|Tera Blast|p2a: Landorus|[anim] Tera Blast Ghost\n|-damage|p2a: Landorus|0 fnt\n|faint|p2a: Landorus\n|move|p2b: Iron Hands|Wild Charge|p1b: Dragalge\n|-activate|p1b: Dragalge|move: Protect\n|\n|upkeep\n|\n|t:|1700429156\n|switch|p2a: Flutter Mane|Flutter Mane, L50, shiny, tera:Fairy|62\/100\n|turn|6\n|\n|t:|1700429173\n|move|p1a: Dragapult|Tera Blast|p2a: Flutter Mane|[anim] Tera Blast Ghost\n|-damage|p2a: Flutter Mane|0 fnt\n|faint|p2a: Flutter Mane\n|-end|p2a: Flutter Mane|Protosynthesis|[silent]\n|move|p2b: Iron Hands|Wild Charge|p1b: Dragalge\n|-resisted|p1b: Dragalge\n|-crit|p1b: Dragalge\n|-damage|p1b: Dragalge|58\/100\n|-damage|p2b: Iron Hands|51\/100|[from] Recoil\n|move|p1b: Dragalge|Sludge Bomb|p2b: Iron Hands\n|-damage|p2b: Iron Hands|25\/100\n|-damage|p1b: Dragalge|48\/100|[from] item: Life Orb\n|\n|upkeep\n|turn|7\n|\n|t:|1700429189\n|move|p1a: Dragapult|Tera Blast|p2b: Iron Hands|[anim] Tera Blast Ghost\n|-damage|p2b: Iron Hands|0 fnt\n|faint|p2b: Iron Hands\n|-end|p2b: Iron Hands|Quark Drive|[silent]\n|\n|win|misterkk\n|raw|misterkk's rating: 1289 &rarr; <strong>1309<\/strong><br \/>(+20 for winning)\n|raw|NekrosM0S's rating: 1225 &rarr; <strong>1205<\/strong><br \/>(-20 for losing)\n|c|\u2606misterkk|gg\n","uploadtime":1700429194,"views":5,"p1id":"misterkk","p2id":"nekrosm0s","formatid":"gen9vgc2023regulatione","rating":1205,"private":0,"password":""}