{"id":"gen9vgc2023regulatione-1999316815","p1":"Calmnic","p2":"Velius_Gigas","format":"[Gen 9] VGC 2023 Regulation E","log":"|j|\u2606Calmnic\n|j|\u2606Velius_Gigas\n|t:|1701059330\n|gametype|doubles\n|player|p1|Calmnic|petrel|1279\n|player|p2|Velius_Gigas|falkner|1232\n|teamsize|p1|6\n|teamsize|p2|6\n|gen|9\n|tier|[Gen 9] VGC 2023 Regulation E\n|rated|\n|rule|Species Clause: Limit one of each Pok\u00e9mon\n|rule|Item Clause: Limit one of each item\n|clearpoke\n|poke|p1|Amoonguss, L50, M|\n|poke|p1|Tornadus, L50, M|\n|poke|p1|Iron Hands, L50|\n|poke|p1|Arcanine-Hisui, L50, M|\n|poke|p1|Gholdengo, L50|\n|poke|p1|Urshifu-*, L50, F|\n|poke|p2|Ninetales-Alola, L50, F|\n|poke|p2|Roaring Moon, L50|\n|poke|p2|Flutter Mane, L50|\n|poke|p2|Landorus-Therian, L50, M|\n|poke|p2|Iron Hands, L50|\n|poke|p2|Heatran, L50, F|\n|teampreview|4\n|inactive|Battle timer is ON: inactive players will automatically lose when time's up. (requested by Calmnic)\n|inactive|Calmnic has 60 seconds left.\n|inactive|Velius_Gigas has 60 seconds left.\n|inactive|Velius_Gigas has 30 seconds left.\n|inactive|Velius_Gigas has 20 seconds left.\n|inactive|Velius_Gigas has 15 seconds left.\n|inactive|Velius_Gigas has 10 seconds left.\n|\n|t:|1701059411\n|start\n|switch|p1a: Urshifu|Urshifu-Rapid-Strike, L50, F|100\/100\n|switch|p1b: Tornadus|Tornadus, L50, M|100\/100\n|switch|p2a: Heatran|Heatran, L50, F|100\/100\n|switch|p2b: Iron Hands|Iron Hands, L50|100\/100\n|turn|1\n|inactive|Calmnic has 30 seconds left.\n|inactive|Velius_Gigas has 30 seconds left.\n|\n|t:|1701059441\n|move|p1b: Tornadus|Protect|p1b: Tornadus\n|-singleturn|p1b: Tornadus|Protect\n|move|p1a: Urshifu|Detect|p1a: Urshifu\n|-singleturn|p1a: Urshifu|Protect\n|move|p2b: Iron Hands|Fake Out|p1a: Urshifu\n|-activate|p1a: Urshifu|move: Protect\n|move|p2a: Heatran|Earth Power|p1a: Urshifu\n|-activate|p1a: Urshifu|move: Protect\n|\n|upkeep\n|turn|2\n|inactive|Calmnic has 30 seconds left.\n|inactive|Calmnic has 20 seconds left.\n|inactive|Calmnic has 15 seconds left.\n|inactive|Calmnic has 10 seconds left.\n|inactive|Calmnic has 5 seconds left.\n|\n|t:|1701059496\n|-terastallize|p2a: Heatran|Grass\n|move|p1b: Tornadus|Tailwind|p1b: Tornadus\n|-sidestart|p1: Calmnic|move: Tailwind\n|move|p1a: Urshifu|Aqua Jet|p2b: Iron Hands\n|-damage|p2b: Iron Hands|80\/100\n|move|p2a: Heatran|Flash Cannon|p1b: Tornadus\n|-damage|p1b: Tornadus|35\/100\n|move|p2b: Iron Hands|Wild Charge|p1a: Urshifu\n|-supereffective|p1a: Urshifu\n|-damage|p1a: Urshifu|4\/100\n|-damage|p2b: Iron Hands|61\/100|[from] Recoil\n|\n|upkeep\n|turn|3\n|\n|t:|1701059520\n|move|p1b: Tornadus|Bleakwind Storm|p2a: Heatran|[spread] p2a\n|-miss|p1b: Tornadus|p2b: Iron Hands\n|-supereffective|p2a: Heatran\n|-damage|p2a: Heatran|33\/100\n|-unboost|p2a: Heatran|spe|1\n|move|p1a: Urshifu|Close Combat|p2b: Iron Hands\n|-damage|p2b: Iron Hands|13\/100\n|-unboost|p1a: Urshifu|def|1\n|-unboost|p1a: Urshifu|spd|1\n|move|p2b: Iron Hands|Heavy Slam|p1b: Tornadus\n|-damage|p1b: Tornadus|0 fnt\n|-damage|p2b: Iron Hands|0 fnt|[from] item: Rocky Helmet|[of] p1b: Tornadus\n|faint|p1b: Tornadus\n|faint|p2b: Iron Hands\n|-end|p2b: Iron Hands|Quark Drive|[silent]\n|move|p2a: Heatran|Heat Wave|p1a: Urshifu\n|-resisted|p1a: Urshifu\n|-damage|p1a: Urshifu|0 fnt\n|faint|p1a: Urshifu\n|\n|-heal|p2a: Heatran|39\/100|[from] item: Leftovers\n|upkeep\n|\n|t:|1701059543\n|switch|p1b: Amoonguss|Amoonguss, L50, M|100\/100\n|switch|p1a: Gholdengo|Gholdengo, L50|100\/100\n|switch|p2b: Landorus|Landorus-Therian, L50, M|100\/100\n|-ability|p2b: Landorus|Intimidate|boost\n|-unboost|p1a: Gholdengo|atk|1\n|-unboost|p1b: Amoonguss|atk|1\n|turn|4\n|\n|t:|1701059562\n|-terastallize|p1a: Gholdengo|Dragon\n|move|p1b: Amoonguss|Protect|p1b: Amoonguss\n|-singleturn|p1b: Amoonguss|Protect\n|move|p2a: Heatran|Protect|p2a: Heatran\n|-singleturn|p2a: Heatran|Protect\n|move|p1a: Gholdengo|Nasty Plot|p1a: Gholdengo\n|-boost|p1a: Gholdengo|spa|2\n|move|p2b: Landorus|Stomping Tantrum|p1a: Gholdengo\n|-damage|p1a: Gholdengo|47\/100\n|\n|-heal|p1a: Gholdengo|53\/100|[from] item: Leftovers\n|-heal|p2a: Heatran|45\/100|[from] item: Leftovers\n|upkeep\n|turn|5\n|\n|t:|1701059581\n|move|p1a: Gholdengo|Make It Rain|p2b: Landorus|[spread] p2a,p2b\n|-damage|p2a: Heatran|0 fnt\n|-damage|p2b: Landorus|0 fnt\n|-unboost|p1a: Gholdengo|spa|1\n|faint|p2a: Heatran\n|faint|p2b: Landorus\n|move|p1b: Amoonguss|Pollen Puff|p1a: Gholdengo\n|-heal|p1a: Gholdengo|100\/100\n|\n|-sideend|p1: Calmnic|move: Tailwind\n|upkeep\n|-message|Velius_Gigas forfeited.\n|\n|win|Calmnic\n|raw|Calmnic's rating: 1279 &rarr; <strong>1301<\/strong><br \/>(+22 for winning)\n|raw|Velius_Gigas's rating: 1232 &rarr; <strong>1210<\/strong><br \/>(-22 for losing)\n|l|\u2606Velius_Gigas\n","uploadtime":1701059591,"views":1,"p1id":"calmnic","p2id":"veliusgigas","formatid":"gen9vgc2023regulatione","rating":1210,"private":0,"password":""}