{"id":"gen9vgc2023regulatione-1992544678","p1":"GavKetchum151","p2":"Muggcat","format":"[Gen 9] VGC 2023 Regulation E","log":"|j|\u2606GavKetchum151\n|j|\u2606Muggcat\n|t:|1700203007\n|gametype|doubles\n|player|p1|GavKetchum151|veteran|1102\n|player|p2|Muggcat|169|1036\n|teamsize|p1|6\n|teamsize|p2|6\n|gen|9\n|tier|[Gen 9] VGC 2023 Regulation E\n|rated|\n|rule|Species Clause: Limit one of each Pok\u00e9mon\n|rule|Item Clause: Limit one of each item\n|clearpoke\n|poke|p1|Roaring Moon, L50|\n|poke|p1|Ninetales-Alola, L50, F|\n|poke|p1|Landorus-Therian, L50, M|\n|poke|p1|Iron Hands, L50|\n|poke|p1|Milotic, L50, F|\n|poke|p1|Ogerpon-Hearthflame, L50, F|\n|poke|p2|Sableye, L50, F|\n|poke|p2|Maushold-Four, L50|\n|poke|p2|Chien-Pao, L50|\n|poke|p2|Arcanine-Hisui, L50, F|\n|poke|p2|Landorus, L50, M|\n|poke|p2|Ogerpon-Wellspring, L50, F|\n|teampreview|4\n|inactive|Battle timer is ON: inactive players will automatically lose when time's up. (requested by GavKetchum151)\n|inactive|GavKetchum151 has 60 seconds left.\n|\n|t:|1700203064\n|start\n|switch|p1a: Ninetales|Ninetales-Alola, L50, F|100\/100\n|switch|p1b: Landorus|Landorus-Therian, L50, M|100\/100\n|switch|p2a: Sableye|Sableye, L50, F, shiny|100\/100\n|switch|p2b: Arcanine|Arcanine-Hisui, L50, F|100\/100\n|-ability|p1b: Landorus|Intimidate|boost\n|-unboost|p2a: Sableye|atk|1\n|-unboost|p2b: Arcanine|atk|1\n|-weather|Snow|[from] ability: Snow Warning|[of] p1a: Ninetales\n|-ability|p2b: Arcanine|Intimidate|boost\n|-unboost|p1a: Ninetales|atk|1\n|-unboost|p1b: Landorus|atk|1\n|turn|1\n|inactive|Muggcat has 30 seconds left.\n|inactive|Muggcat has 20 seconds left.\n|inactive|Muggcat has 15 seconds left.\n|\n|t:|1700203104\n|switch|p2b: Ogerpon|Ogerpon-Wellspring, L50, F|100\/100\n|move|p2a: Sableye|Skill Swap|p1b: Landorus\n|-activate|p2a: Sableye|move: Skill Swap|Intimidate|Prankster|[of] p1b: Landorus\n|-ability|p2a: Sableye|Intimidate|boost\n|-unboost|p1a: Ninetales|atk|1\n|-unboost|p1b: Landorus|atk|1\n|move|p1b: Landorus|Stomping Tantrum|p2b: Ogerpon\n|-resisted|p2b: Ogerpon\n|-damage|p2b: Ogerpon|84\/100\n|move|p1a: Ninetales|Aurora Veil|p1a: Ninetales\n|-sidestart|p1: GavKetchum151|move: Aurora Veil\n|\n|-weather|Snow|[upkeep]\n|upkeep\n|turn|2\n|inactive|GavKetchum151 has 30 seconds left.\n|inactive|Muggcat has 30 seconds left.\n|\n|t:|1700203132\n|switch|p1b: Iron Hands|Iron Hands, L50|100\/100\n|switch|p2a: Landorus|Landorus, L50, M|100\/100\n|-terastallize|p2b: Ogerpon|Water\n|detailschange|p2b: Ogerpon|Ogerpon-Wellspring-Tera, L50, F, tera:Water\n|-ability|p2b: Ogerpon|Embody Aspect (Wellspring)|boost\n|-boost|p2b: Ogerpon|spd|1\n|move|p2b: Ogerpon|Ivy Cudgel|p1b: Iron Hands|[anim] Ivy Cudgel Water\n|-damage|p1b: Iron Hands|67\/100\n|move|p1a: Ninetales|Moonblast|p2a: Landorus\n|-damage|p2a: Landorus|66\/100\n|\n|-weather|Snow|[upkeep]\n|upkeep\n|turn|3\n|inactive|Muggcat has 30 seconds left.\n|inactive|GavKetchum151 has 30 seconds left.\n|inactive|Muggcat has 20 seconds left.\n|inactive|Muggcat has 15 seconds left.\n|\n|t:|1700203172\n|switch|p2a: Arcanine|Arcanine-Hisui, L50, F|100\/100\n|-ability|p2a: Arcanine|Intimidate|boost\n|-unboost|p1a: Ninetales|atk|1\n|-unboost|p1b: Iron Hands|atk|1\n|move|p2b: Ogerpon|Spiky Shield|p2b: Ogerpon\n|-singleturn|p2b: Ogerpon|move: Protect\n|move|p1a: Ninetales|Blizzard|p2b: Ogerpon|[spread] p2a\n|-activate|p2b: Ogerpon|move: Protect\n|-resisted|p2a: Arcanine\n|-damage|p2a: Arcanine|86\/100\n|move|p1b: Iron Hands|Wild Charge|p2b: Ogerpon\n|-activate|p2b: Ogerpon|move: Protect\n|-damage|p1b: Iron Hands|54\/100|[from] Spiky Shield|[of] p2b: Ogerpon\n|\n|-weather|Snow|[upkeep]\n|upkeep\n|turn|4\n|inactive|GavKetchum151 has 30 seconds left.\n|inactive|Muggcat has 30 seconds left.\n|\n|t:|1700203206\n|switch|p1a: Landorus|Landorus-Therian, L50, M|100\/100\n|-ability|p1a: Landorus|Intimidate|boost\n|-unboost|p2a: Arcanine|atk|1\n|-unboost|p2b: Ogerpon|atk|1\n|-end|p1b: Iron Hands|Quark Drive|[silent]\n|switch|p1b: Ogerpon|Ogerpon-Hearthflame, L50, F|100\/100\n|-ability|p1b: Ogerpon|Mold Breaker\n|move|p2b: Ogerpon|Ivy Cudgel|p1b: Ogerpon|[anim] Ivy Cudgel Water\n|-damage|p1b: Ogerpon|63\/100\n|move|p2a: Arcanine|Flare Blitz|p1a: Landorus\n|-damage|p1a: Landorus|59\/100\n|-damage|p2a: Arcanine|72\/100|[from] Recoil\n|\n|-weather|Snow|[upkeep]\n|upkeep\n|turn|5\n|inactive|GavKetchum151 has 30 seconds left.\n|inactive|Muggcat has 30 seconds left.\n|\n|t:|1700203239\n|switch|p2a: Landorus|Landorus, L50, M|66\/100\n|move|p1b: Ogerpon|Spiky Shield|p1b: Ogerpon\n|-singleturn|p1b: Ogerpon|move: Protect\n|move|p1a: Landorus|Stomping Tantrum|p2a: Landorus\n|-immune|p2a: Landorus\n|move|p2b: Ogerpon|Ivy Cudgel|p1a: Landorus|[anim] Ivy Cudgel Water\n|-supereffective|p1a: Landorus\n|-damage|p1a: Landorus|0 fnt\n|faint|p1a: Landorus\n|\n|-weather|none\n|upkeep\n|\n|t:|1700203253\n|switch|p1a: Iron Hands|Iron Hands, L50|54\/100\n|turn|6\n|\n|t:|1700203276\n|move|p2b: Ogerpon|Spiky Shield|p2b: Ogerpon\n|-singleturn|p2b: Ogerpon|move: Protect\n|move|p1a: Iron Hands|Fake Out|p2a: Landorus\n|-damage|p2a: Landorus|48\/100\n|cant|p2a: Landorus|flinch\n|move|p1b: Ogerpon|Wood Hammer|p2b: Ogerpon\n|-activate|p2b: Ogerpon|move: Protect\n|-damage|p1b: Ogerpon|50\/100|[from] Spiky Shield|[of] p2b: Ogerpon\n|\n|upkeep\n|turn|7\n|l|\u2606GavKetchum151\n|inactive|GavKetchum151 disconnected and has a minute to reconnect!\n|player|p1|\n|inactive|GavKetchum151 has 30 seconds left.\n|inactive|Muggcat has 30 seconds left.\n|j|\u2606GavKetchum151\n|inactive|GavKetchum151 reconnected and has 25 seconds left.\n|player|p1|GavKetchum151|veteran\n|l|\u2606GavKetchum151\n|inactive|GavKetchum151 disconnected and has a minute to reconnect!\n|player|p1|\n|inactive|GavKetchum151 has 20 seconds left.\n|inactive|GavKetchum151 has 15 seconds left.\n|j|\u2606GavKetchum151\n|inactive|GavKetchum151 reconnected and has 15 seconds left.\n|player|p1|GavKetchum151|veteran\n|inactive|GavKetchum151 has 10 seconds left.\n|\n|t:|1700203321\n|switch|p2b: Arcanine|Arcanine-Hisui, L50, F|72\/100\n|-ability|p2b: Arcanine|Intimidate|boost\n|-unboost|p1a: Iron Hands|atk|1\n|-unboost|p1b: Ogerpon|atk|1\n|move|p1b: Ogerpon|Follow Me|p1b: Ogerpon\n|-singleturn|p1b: Ogerpon|move: Follow Me\n|move|p2a: Landorus|Sludge Bomb|p1b: Ogerpon\n|-supereffective|p1b: Ogerpon\n|-damage|p1b: Ogerpon|0 fnt\n|faint|p1b: Ogerpon\n|move|p1a: Iron Hands|Wild Charge|p2b: Arcanine\n|-damage|p2b: Arcanine|30\/100\n|-damage|p1a: Iron Hands|47\/100|[from] Recoil\n|\n|upkeep\n|\n|t:|1700203334\n|switch|p1b: Ninetales|Ninetales-Alola, L50, F|100\/100\n|-weather|Snow|[from] ability: Snow Warning|[of] p1b: Ninetales\n|turn|8\n|inactive|Muggcat has 30 seconds left.\n|\n|t:|1700203359\n|switch|p2b: Ogerpon|Ogerpon-Wellspring-Tera, L50, F, tera:Water|84\/100\n|-ability|p2b: Ogerpon|Embody Aspect (Wellspring)|boost\n|-boost|p2b: Ogerpon|spd|1\n|move|p1b: Ninetales|Blizzard|p2b: Ogerpon|[spread] p2a,p2b\n|-supereffective|p2a: Landorus\n|-resisted|p2b: Ogerpon\n|-damage|p2a: Landorus|0 fnt\n|-damage|p2b: Ogerpon|75\/100\n|faint|p2a: Landorus\n|move|p1a: Iron Hands|Drain Punch|p2b: Ogerpon\n|-damage|p2b: Ogerpon|40\/100\n|-heal|p1a: Iron Hands|58\/100|[from] drain|[of] p2b: Ogerpon\n|\n|-weather|Snow|[upkeep]\n|-sideend|p1: GavKetchum151|move: Aurora Veil\n|upkeep\n|\n|t:|1700203375\n|switch|p2a: Arcanine|Arcanine-Hisui, L50, F|30\/100\n|-ability|p2a: Arcanine|Intimidate|boost\n|-unboost|p1a: Iron Hands|atk|1\n|-unboost|p1b: Ninetales|atk|1\n|turn|9\n|\n|t:|1700203395\n|-terastallize|p1a: Iron Hands|Grass\n|move|p2b: Ogerpon|Follow Me|p2b: Ogerpon\n|-singleturn|p2b: Ogerpon|move: Follow Me\n|move|p1b: Ninetales|Blizzard|p2b: Ogerpon|[spread] p2a,p2b\n|-resisted|p2a: Arcanine\n|-resisted|p2b: Ogerpon\n|-damage|p2a: Arcanine|15\/100\n|-damage|p2b: Ogerpon|31\/100\n|move|p2a: Arcanine|Rock Slide|p1a: Iron Hands|[spread] p1a,p1b\n|-supereffective|p1b: Ninetales\n|-damage|p1a: Iron Hands|29\/100\n|-damage|p1b: Ninetales|32\/100\n|move|p1a: Iron Hands|Drain Punch|p2b: Ogerpon\n|-damage|p2b: Ogerpon|0 fnt\n|-heal|p1a: Iron Hands|39\/100|[from] drain|[of] p2b: Ogerpon\n|faint|p2b: Ogerpon\n|\n|-weather|Snow|[upkeep]\n|upkeep\n|\n|t:|1700203413\n|switch|p2b: Sableye|Sableye, L50, F, shiny|100\/100\n|turn|10\n|\n|t:|1700203433\n|move|p2b: Sableye|Quash|p1b: Ninetales\n|-activate|p1b: Ninetales|move: Quash\n|move|p2a: Arcanine|Rock Slide|p1b: Ninetales|[spread] p1a,p1b\n|-supereffective|p1b: Ninetales\n|-damage|p1a: Iron Hands|10\/100\n|-damage|p1b: Ninetales|0 fnt\n|faint|p1b: Ninetales\n|move|p1a: Iron Hands|Heavy Slam|p2b: Sableye\n|-damage|p2b: Sableye|66\/100\n|\n|-weather|Snow|[upkeep]\n|upkeep\n|turn|11\n|\n|t:|1700203447\n|move|p2b: Sableye|Gravity|p2b: Sableye\n|-fieldstart|move: Gravity\n|move|p2a: Arcanine|Rock Slide|p1a: Iron Hands\n|-damage|p1a: Iron Hands|0 fnt\n|faint|p1a: Iron Hands\n|-end|p1a: Iron Hands|Quark Drive|[silent]\n|\n|win|Muggcat\n|raw|GavKetchum151's rating: 1102 &rarr; <strong>1072<\/strong><br \/>(-30 for losing)\n|raw|Muggcat's rating: 1036 &rarr; <strong>1077<\/strong><br \/>(+41 for winning)\n|l|\u2606GavKetchum151\n","uploadtime":1700203470,"views":14,"p1id":"gavketchum151","p2id":"muggcat","formatid":"gen9vgc2023regulatione","rating":1072,"private":0,"password":""}