{"id":"gen9vgc2023regulatione-1998671299","p1":"MStand","p2":"That_Leek","format":"[Gen 9] VGC 2023 Regulation E","log":"|j|\u2606MStand\n|j|\u2606That_Leek\n|t:|1700970384\n|gametype|doubles\n|player|p1|MStand|cynthia-gen4|1409\n|player|p2|That_Leek|blue-masters|1496\n|teamsize|p1|6\n|teamsize|p2|6\n|gen|9\n|tier|[Gen 9] VGC 2023 Regulation E\n|rated|\n|rule|Species Clause: Limit one of each Pok\u00e9mon\n|rule|Item Clause: Limit one of each item\n|clearpoke\n|poke|p1|Roaring Moon, L50|\n|poke|p1|Armarouge, L50, F|\n|poke|p1|Indeedee-F, L50, F|\n|poke|p1|Torkoal, L50, F|\n|poke|p1|Ursaluna, L50, M|\n|poke|p1|Bronzong, L50|\n|poke|p2|Gholdengo, L50|\n|poke|p2|Ogerpon-Wellspring, L50, F|\n|poke|p2|Arcanine-Hisui, L50, M|\n|poke|p2|Chien-Pao, L50|\n|poke|p2|Scream Tail, L50|\n|poke|p2|Dragonite, L50, F|\n|teampreview|4\n|inactive|Battle timer is ON: inactive players will automatically lose when time's up. (requested by MStand)\nThat_Leek has agreed to open team sheets.\n|\n|t:|1700970408\n|start\n|switch|p1a: Roaring Moon|Roaring Moon, L50|100\/100\n|switch|p1b: Armarouge|Armarouge, L50, F|100\/100\n|switch|p2a: Arcanine|Arcanine-Hisui, L50, M|100\/100\n|switch|p2b: Scream Tail|Scream Tail, L50|100\/100\n|-ability|p2a: Arcanine|Intimidate|boost\n|-unboost|p1a: Roaring Moon|atk|1\n|-unboost|p1b: Armarouge|atk|1\n|-enditem|p1a: Roaring Moon|Booster Energy\n|-activate|p1a: Roaring Moon|ability: Protosynthesis|[fromitem]\n|-start|p1a: Roaring Moon|protosynthesisspe\n|-enditem|p2b: Scream Tail|Booster Energy\n|-activate|p2b: Scream Tail|ability: Protosynthesis|[fromitem]\n|-start|p2b: Scream Tail|protosynthesisspe\n|turn|1\n|\n|t:|1700970429\n|move|p1a: Roaring Moon|Knock Off|p2a: Arcanine\n|-damage|p2a: Arcanine|56\/100\n|-enditem|p2a: Arcanine|Choice Band|[from] move: Knock Off|[of] p1a: Roaring Moon\n|move|p2b: Scream Tail|Thunder Wave|p1b: Armarouge\n|-status|p1b: Armarouge|par\n|move|p2a: Arcanine|Rock Slide|p1a: Roaring Moon|[spread] p1b\n|-miss|p2a: Arcanine|p1a: Roaring Moon\n|-supereffective|p1b: Armarouge\n|-damage|p1b: Armarouge|39\/100 par\n|-ability|p1b: Armarouge|Weak Armor|boost\n|-unboost|p1b: Armarouge|def|1\n|-boost|p1b: Armarouge|spe|2\n|-enditem|p1b: Armarouge|Weakness Policy\n|-boost|p1b: Armarouge|atk|2|[from] item: Weakness Policy\n|-boost|p1b: Armarouge|spa|2|[from] item: Weakness Policy\n|cant|p1b: Armarouge|flinch\n|\n|upkeep\n|turn|2\n|inactive|MStand has 30 seconds left.\n|inactive|MStand has 20 seconds left.\n|\n|t:|1700970469\n|move|p1a: Roaring Moon|Tailwind|p1a: Roaring Moon\n|-sidestart|p1: MStand|move: Tailwind\n|move|p2b: Scream Tail|Play Rough|p1a: Roaring Moon|[miss]\n|-miss|p2b: Scream Tail|p1a: Roaring Moon\n|move|p1b: Armarouge|Stored Power|p2a: Arcanine\n|-damage|p2a: Arcanine|0 fnt\n|faint|p2a: Arcanine\n|\n|upkeep\n|inactive|That_Leek has 30 seconds left.\n|inactive|That_Leek has 20 seconds left.\n|c|\u2606That_Leek|I love this game\n|inactive|That_Leek has 15 seconds left.\n|\n|t:|1700970513\n|switch|p2a: Ogerpon|Ogerpon-Wellspring, L50, F|100\/100\n|turn|3\n|\n|t:|1700970527\n|-end|p1a: Roaring Moon|Protosynthesis|[silent]\n|switch|p1a: Indeedee|Indeedee-F, L50, F|100\/100\n|-fieldstart|move: Psychic Terrain|[from] ability: Psychic Surge|[of] p1a: Indeedee\n|-terastallize|p2a: Ogerpon|Water\n|detailschange|p2a: Ogerpon|Ogerpon-Wellspring-Tera, L50, F, tera:Water\n|-ability|p2a: Ogerpon|Embody Aspect (Wellspring)|boost\n|-boost|p2a: Ogerpon|spd|1\n|move|p2b: Scream Tail|Play Rough|p1a: Indeedee|[miss]\n|-miss|p2b: Scream Tail|p1a: Indeedee\n|cant|p1b: Armarouge|par\n|move|p2a: Ogerpon|Ivy Cudgel|p1b: Armarouge|[anim] Ivy Cudgel Water\n|-supereffective|p1b: Armarouge\n|-damage|p1b: Armarouge|0 fnt\n|faint|p1b: Armarouge\n|\n|upkeep\n|c|\u2606That_Leek|I love rnjjj\n|\n|t:|1700970548\n|switch|p1b: Bronzong|Bronzong, L50|100\/100\n|turn|4\n|inactive|MStand has 30 seconds left.\n|inactive|That_Leek has 30 seconds left.\n|inactive|That_Leek has 20 seconds left.\n|\n|t:|1700970585\n|move|p2b: Scream Tail|Howl|p2b: Scream Tail|[spread] p2a,p2b\n|-boost|p2a: Ogerpon|atk|1\n|-boost|p2b: Scream Tail|atk|1\n|move|p2a: Ogerpon|Ivy Cudgel|p1b: Bronzong|[anim] Ivy Cudgel Water\n|-crit|p1b: Bronzong\n|-damage|p1b: Bronzong|0 fnt\n|faint|p1b: Bronzong\n|move|p1a: Indeedee|Trick Room|p1a: Indeedee\n|-fieldstart|move: Trick Room|[of] p1a: Indeedee\n|\n|upkeep\n|\n|t:|1700970592\n|switch|p1b: Roaring Moon|Roaring Moon, L50|100\/100\n|turn|5\n|\n|t:|1700970604\n|-terastallize|p1b: Roaring Moon|Flying\n|move|p1a: Indeedee|Helping Hand|p1b: Roaring Moon\n|-singleturn|p1b: Roaring Moon|Helping Hand|[of] p1a: Indeedee\n|move|p2a: Ogerpon|Ivy Cudgel|p1a: Indeedee|[anim] Ivy Cudgel Water\n|-damage|p1a: Indeedee|1\/100\n|move|p2b: Scream Tail|Play Rough|p1b: Roaring Moon\n|-damage|p1b: Roaring Moon|57\/100\n|move|p1b: Roaring Moon|Acrobatics|p2a: Ogerpon\n|-damage|p2a: Ogerpon|18\/100\n|\n|-sideend|p1: MStand|move: Tailwind\n|upkeep\n|turn|6\n|inactive|MStand has 30 seconds left.\n|inactive|That_Leek has 30 seconds left.\n|inactive|MStand has 20 seconds left.\n|\n|t:|1700970642\n|move|p2a: Ogerpon|Spiky Shield|p2a: Ogerpon\n|-singleturn|p2a: Ogerpon|move: Protect\n|move|p1a: Indeedee|Follow Me|p1a: Indeedee\n|-singleturn|p1a: Indeedee|move: Follow Me\n|move|p1b: Roaring Moon|Earthquake|p2b: Scream Tail|[spread] p1a,p2b\n|-activate|p2a: Ogerpon|move: Protect\n|-damage|p1a: Indeedee|0 fnt\n|-damage|p2b: Scream Tail|82\/100\n|faint|p1a: Indeedee\n|move|p2b: Scream Tail|Disable|p1b: Roaring Moon\n|-start|p1b: Roaring Moon|Disable|Earthquake\n|\n|upkeep\n|turn|7\n|\n|t:|1700970663\n|move|p2a: Ogerpon|Ivy Cudgel|p1b: Roaring Moon|[anim] Ivy Cudgel Water\n|-damage|p1b: Roaring Moon|0 fnt\n|faint|p1b: Roaring Moon\n|-end|p1b: Roaring Moon|Protosynthesis|[silent]\n|\n|win|That_Leek\n|raw|MStand's rating: 1409 &rarr; <strong>1395<\/strong><br \/>(-14 for losing)\n|raw|That_Leek's rating: 1526 &rarr; <strong>1540<\/strong><br \/>(+14 for winning)\n|l|\u2606MStand\n","uploadtime":1700970671,"views":1,"p1id":"mstand","p2id":"thatleek","formatid":"gen9vgc2023regulatione","rating":1395,"private":0,"password":""}