{"id":"gen9vgc2023regulatione-1999307403","p1":"Wo-Chielupa Deluxe","p2":"hortonhalunke","format":"[Gen 9] VGC 2023 Regulation E","log":"|j|\u2606Wo-Chielupa Deluxe\n|j|\u2606hortonhalunke\n|t:|1701057981\n|gametype|doubles\n|player|p1|Wo-Chielupa Deluxe|ingo|1342\n|player|p2|hortonhalunke|265|1257\n|teamsize|p1|6\n|teamsize|p2|6\n|gen|9\n|tier|[Gen 9] VGC 2023 Regulation E\n|rated|\n|rule|Species Clause: Limit one of each Pok\u00e9mon\n|rule|Item Clause: Limit one of each item\n|clearpoke\n|poke|p1|Indeedee-F, L50, F|\n|poke|p1|Armarouge, L50, M|\n|poke|p1|Urshifu-*, L50, F|\n|poke|p1|Tornadus, L50, M|\n|poke|p1|Arcanine-Hisui, L50, F|\n|poke|p1|Flutter Mane, L50|\n|poke|p2|Ursaluna, L50, F|\n|poke|p2|Cresselia, L50, F|\n|poke|p2|Meowscarada, L50, F|\n|poke|p2|Hatterene, L50, F|\n|poke|p2|Kingambit, L50, F|\n|poke|p2|Flutter Mane, L50|\n|teampreview|4\n|inactive|Battle timer is ON: inactive players will automatically lose when time's up. (requested by hortonhalunke)\nWo-Chielupa Deluxe has agreed to open team sheets.\n|c|\u2606hortonhalunke|Go, fast\n|c|\u2606hortonhalunke|not stalling time pls\n|\n|t:|1701058016\n|start\n|switch|p1a: Arcanine|Arcanine-Hisui, L50, F|100\/100\n|switch|p1b: Urshifu|Urshifu, L50, F|100\/100\n|switch|p2a: Flutter Mane|Flutter Mane, L50|100\/100\n|switch|p2b: Kingambit|Kingambit, L50, F|100\/100\n|-ability|p1a: Arcanine|Intimidate|boost\n|-unboost|p2a: Flutter Mane|atk|1\n|-unboost|p2b: Kingambit|atk|1\n|-ability|p2b: Kingambit|Defiant|boost\n|-boost|p2b: Kingambit|atk|2\n|turn|1\n|inactive|hortonhalunke has 30 seconds left.\n|c|\u2606Wo-Chielupa Deluxe|Go, fasy\n|inactive|hortonhalunke has 20 seconds left.\n|\n|t:|1701058051\n|move|p1b: Urshifu|Protect|p1b: Urshifu\n|-singleturn|p1b: Urshifu|Protect\n|move|p2b: Kingambit|Sucker Punch||[still]\n|-fail|p2b: Kingambit\n|move|p2a: Flutter Mane|Shadow Ball|p1a: Arcanine\n|-damage|p1a: Arcanine|37\/100\n|-enditem|p1a: Arcanine|Sitrus Berry|[eat]\n|-heal|p1a: Arcanine|62\/100|[from] item: Sitrus Berry\n|-damage|p2a: Flutter Mane|90\/100|[from] item: Life Orb\n|move|p1a: Arcanine|Will-O-Wisp|p2b: Kingambit\n|-status|p2b: Kingambit|brn\n|\n|-damage|p2b: Kingambit|95\/100 brn|[from] brn\n|upkeep\n|turn|2\n|\n|t:|1701058070\n|switch|p2b: Cresselia|Cresselia, L50, F|100\/100\n|move|p2a: Flutter Mane|Dazzling Gleam|p1a: Arcanine|[spread] p1a,p1b\n|-resisted|p1a: Arcanine\n|-supereffective|p1b: Urshifu\n|-damage|p1a: Arcanine|38\/100\n|-enditem|p1b: Urshifu|Focus Sash\n|-damage|p1b: Urshifu|1\/100\n|-damage|p2a: Flutter Mane|80\/100|[from] item: Life Orb\n|move|p1b: Urshifu|Wicked Blow|p2a: Flutter Mane\n|-crit|p2a: Flutter Mane\n|-damage|p2a: Flutter Mane|0 fnt\n|faint|p2a: Flutter Mane\n|-end|p2a: Flutter Mane|Protosynthesis|[silent]\n|move|p1a: Arcanine|Flare Blitz|p2b: Cresselia\n|-damage|p2b: Cresselia|60\/100\n|-damage|p1a: Arcanine|22\/100|[from] Recoil\n|\n|upkeep\n|\n|t:|1701058090\n|switch|p2a: Kingambit|Kingambit, L50, F|95\/100 brn\n|turn|3\n|\n|t:|1701058112\n|move|p1a: Arcanine|Extreme Speed|p2a: Kingambit\n|-resisted|p2a: Kingambit\n|-crit|p2a: Kingambit\n|-damage|p2a: Kingambit|81\/100 brn\n|move|p1b: Urshifu|Wicked Blow|p2b: Cresselia\n|-supereffective|p2b: Cresselia\n|-crit|p2b: Cresselia\n|-damage|p2b: Cresselia|0 fnt\n|faint|p2b: Cresselia\n|move|p2a: Kingambit|Night Slash|p1a: Arcanine\n|-crit|p1a: Arcanine\n|-damage|p1a: Arcanine|0 fnt\n|faint|p1a: Arcanine\n|\n|-damage|p2a: Kingambit|75\/100 brn|[from] brn\n|upkeep\n|\n|t:|1701058124\n|switch|p1a: Tornadus|Tornadus, L50, M|100\/100\n|switch|p2b: Ursaluna|Ursaluna, L50, F|100\/100\n|turn|4\n|\n|t:|1701058137\n|move|p1b: Urshifu|Protect|p1b: Urshifu\n|-singleturn|p1b: Urshifu|Protect\n|move|p2b: Ursaluna|Protect|p2b: Ursaluna\n|-singleturn|p2b: Ursaluna|Protect\n|move|p2a: Kingambit|Sucker Punch||[still]\n|-fail|p2a: Kingambit\n|move|p1a: Tornadus|Bleakwind Storm|p2a: Kingambit|[spread] p2a\n|-activate|p2b: Ursaluna|move: Protect\n|-resisted|p2a: Kingambit\n|-damage|p2a: Kingambit|57\/100 brn\n|\n|-damage|p2a: Kingambit|51\/100 brn|[from] brn\n|-status|p2b: Ursaluna|brn|[from] item: Flame Orb\n|upkeep\n|turn|5\n|\n|t:|1701058158\n|-terastallize|p2b: Ursaluna|Ghost\n|move|p1b: Urshifu|Sucker Punch|p2b: Ursaluna\n|-supereffective|p2b: Ursaluna\n|-damage|p2b: Ursaluna|52\/100 brn\n|move|p2a: Kingambit|Sucker Punch||[still]\n|-fail|p2a: Kingambit\n|move|p1a: Tornadus|Bleakwind Storm|p2b: Ursaluna|[spread] p2a,p2b\n|-resisted|p2a: Kingambit\n|-damage|p2a: Kingambit|32\/100 brn\n|-damage|p2b: Ursaluna|17\/100 brn\n|move|p2b: Ursaluna|Facade|p1a: Tornadus\n|-damage|p1a: Tornadus|0 fnt\n|faint|p1a: Tornadus\n|\n|-damage|p2a: Kingambit|26\/100 brn|[from] brn\n|-damage|p2b: Ursaluna|11\/100 brn|[from] brn\n|upkeep\n|-message|hortonhalunke forfeited.\n|\n|win|Wo-Chielupa Deluxe\n|raw|Wo-Chielupa Deluxe's rating: 1342 &rarr; <strong>1357<\/strong><br \/>(+15 for winning)\n|raw|hortonhalunke's rating: 1257 &rarr; <strong>1238<\/strong><br \/>(-19 for losing)\n|c|\u2606Wo-Chielupa Deluxe|Lmao\n","uploadtime":1701058182,"views":15,"p1id":"wochielupadeluxe","p2id":"hortonhalunke","formatid":"gen9vgc2023regulatione","rating":1238,"private":0,"password":""}