{"id":"gen9vgc2023regulatione-1993422747","p1":"IlLeoneDiLadispoli","p2":"Kiwigal","format":"[Gen 9] VGC 2023 Regulation E","log":"|j|\u2606IlLeoneDiLadispoli\n|j|\u2606Kiwigal\n|t:|1700315893\n|gametype|doubles\n|player|p1|IlLeoneDiLadispoli|juggler|1646\n|player|p2|Kiwigal|carmine-festival|1688\n|teamsize|p1|6\n|teamsize|p2|6\n|gen|9\n|tier|[Gen 9] VGC 2023 Regulation E\n|rated|\n|rule|Species Clause: Limit one of each Pok\u00e9mon\n|rule|Item Clause: Limit one of each item\n|clearpoke\n|poke|p1|Chien-Pao, L50|\n|poke|p1|Rillaboom, L50, F|\n|poke|p1|Urshifu-*, L50, M|\n|poke|p1|Gholdengo, L50|\n|poke|p1|Arcanine-Hisui, L50, M|\n|poke|p1|Tornadus, L50, M|\n|poke|p2|Roaring Moon, L50|\n|poke|p2|Okidogi, L50, M|\n|poke|p2|Gholdengo, L50|\n|poke|p2|Ogerpon-Wellspring, L50, F|\n|poke|p2|Arcanine-Hisui, L50, F|\n|poke|p2|Thundurus-Therian, L50, M|\n|teampreview|4\n|inactive|Battle timer is ON: inactive players will automatically lose when time's up. (requested by IlLeoneDiLadispoli)\nIlLeoneDiLadispoli has agreed to open team sheets.\n|inactive|IlLeoneDiLadispoli has 60 seconds left.\n|\n|t:|1700315960\n|start\n|switch|p1a: Chien Boi|Chien-Pao, L50|100\/100\n|switch|p1b: Windy Boi|Tornadus, L50, M, shiny|100\/100\n|switch|p2a: Roaring Moon|Roaring Moon, L50|100\/100\n|switch|p2b: Arcanine|Arcanine-Hisui, L50, F|100\/100\n|-ability|p1a: Chien Boi|Sword of Ruin\n|-ability|p2b: Arcanine|Intimidate|boost\n|-unboost|p1a: Chien Boi|atk|1\n|-unboost|p1b: Windy Boi|atk|1\n|-enditem|p2a: Roaring Moon|Booster Energy\n|-activate|p2a: Roaring Moon|ability: Protosynthesis|[fromitem]\n|-start|p2a: Roaring Moon|protosynthesisspe\n|turn|1\n|\n|t:|1700315980\n|switch|p1b: Good Boi|Arcanine-Hisui, L50, M|100\/100\n|-ability|p1b: Good Boi|Intimidate|boost\n|-unboost|p2a: Roaring Moon|atk|1\n|-unboost|p2b: Arcanine|atk|1\n|move|p2a: Roaring Moon|Protect|p2a: Roaring Moon\n|-singleturn|p2a: Roaring Moon|Protect\n|move|p1a: Chien Boi|Icicle Crash|p2a: Roaring Moon\n|-activate|p2a: Roaring Moon|move: Protect\n|move|p2b: Arcanine|Rock Slide|p1b: Good Boi|[spread] p1a,p1b\n|-supereffective|p1a: Chien Boi\n|-supereffective|p1b: Good Boi\n|-damage|p1a: Chien Boi|26\/100\n|-damage|p1b: Good Boi|12\/100\n|\n|upkeep\n|turn|2\n|\n|t:|1700316001\n|switch|p1b: Drum Boi|Rillaboom, L50, F|100\/100\n|-fieldstart|move: Grassy Terrain|[from] ability: Grassy Surge|[of] p1b: Drum Boi\n|-terastallize|p2b: Arcanine|Fairy\n|move|p1a: Chien Boi|Protect|p1a: Chien Boi\n|-singleturn|p1a: Chien Boi|Protect\n|move|p2a: Roaring Moon|Tailwind|p2a: Roaring Moon\n|-sidestart|p2: Kiwigal|move: Tailwind\n|move|p2b: Arcanine|Rock Slide|p1b: Drum Boi|[spread] p1b\n|-activate|p1a: Chien Boi|move: Protect\n|-damage|p1b: Drum Boi|60\/100\n|\n|-heal|p1a: Chien Boi|31\/100|[from] Grassy Terrain\n|-heal|p1b: Drum Boi|66\/100|[from] Grassy Terrain\n|upkeep\n|turn|3\n|inactive|Kiwigal has 30 seconds left.\n|\n|t:|1700316036\n|move|p1b: Drum Boi|Fake Out|p2b: Arcanine\n|-damage|p2b: Arcanine|80\/100\n|move|p2a: Roaring Moon|Breaking Swipe|p1a: Chien Boi|[spread] p1a,p1b\n|-damage|p1a: Chien Boi|13\/100\n|-damage|p1b: Drum Boi|47\/100\n|-unboost|p1a: Chien Boi|atk|1\n|-unboost|p1b: Drum Boi|atk|1\n|cant|p2b: Arcanine|flinch\n|move|p1a: Chien Boi|Icicle Crash|p2a: Roaring Moon\n|-supereffective|p2a: Roaring Moon\n|-damage|p2a: Roaring Moon|29\/100\n|\n|-heal|p2a: Roaring Moon|35\/100|[from] Grassy Terrain\n|-heal|p2b: Arcanine|86\/100|[from] Grassy Terrain\n|-heal|p1a: Chien Boi|19\/100|[from] Grassy Terrain\n|-heal|p1b: Drum Boi|54\/100|[from] Grassy Terrain\n|upkeep\n|turn|4\n|\n|t:|1700316058\n|switch|p1a: Good Boi|Arcanine-Hisui, L50, M|12\/100\n|-ability|p1a: Good Boi|Intimidate|boost\n|-unboost|p2a: Roaring Moon|atk|1\n|-unboost|p2b: Arcanine|atk|1\n|move|p2a: Roaring Moon|Knock Off|p1b: Drum Boi\n|-damage|p1b: Drum Boi|30\/100\n|-enditem|p1b: Drum Boi|Assault Vest|[from] move: Knock Off|[of] p2a: Roaring Moon\n|move|p2b: Arcanine|Rock Slide|p1b: Drum Boi|[spread] p1a,p1b\n|-supereffective|p1a: Good Boi\n|-damage|p1a: Good Boi|0 fnt\n|-damage|p1b: Drum Boi|10\/100\n|faint|p1a: Good Boi\n|move|p1b: Drum Boi|Wood Hammer|p2b: Arcanine\n|-damage|p2b: Arcanine|31\/100\n|-damage|p1b: Drum Boi|0 fnt|[from] Recoil\n|faint|p1b: Drum Boi\n|\n|-heal|p2a: Roaring Moon|41\/100|[from] Grassy Terrain\n|-heal|p2b: Arcanine|37\/100|[from] Grassy Terrain\n|upkeep\n|\n|t:|1700316075\n|switch|p1a: Windy Boi|Tornadus, L50, M, shiny|100\/100\n|switch|p1b: Chien Boi|Chien-Pao, L50|19\/100\n|-ability|p1b: Chien Boi|Sword of Ruin\n|turn|5\n|\n|t:|1700316087\n|-terastallize|p1a: Windy Boi|Ghost\n|move|p1b: Chien Boi|Protect|p1b: Chien Boi\n|-singleturn|p1b: Chien Boi|Protect\n|move|p2a: Roaring Moon|Breaking Swipe|p1a: Windy Boi|[spread] p1a\n|-activate|p1b: Chien Boi|move: Protect\n|-damage|p1a: Windy Boi|87\/100\n|-unboost|p1a: Windy Boi|atk|1\n|-damage|p2a: Roaring Moon|24\/100|[from] item: Rocky Helmet|[of] p1a: Windy Boi\n|move|p2b: Arcanine|Rock Slide|p1a: Windy Boi|[spread] \n|-activate|p1b: Chien Boi|move: Protect\n|-miss|p2b: Arcanine|p1a: Windy Boi\n|move|p1a: Windy Boi|Bleakwind Storm|p2b: Arcanine|[spread] p2a,p2b\n|-damage|p2a: Roaring Moon|0 fnt\n|-damage|p2b: Arcanine|4\/100\n|faint|p2a: Roaring Moon\n|-end|p2a: Roaring Moon|Protosynthesis|[silent]\n|\n|-heal|p2b: Arcanine|10\/100|[from] Grassy Terrain\n|-heal|p1b: Chien Boi|25\/100|[from] Grassy Terrain\n|-heal|p1a: Windy Boi|93\/100|[from] Grassy Terrain\n|-sideend|p2: Kiwigal|move: Tailwind\n|upkeep\n|\n|t:|1700316110\n|switch|p2a: Okidogi|Okidogi, L50, M|100\/100\n|turn|6\n|\n|t:|1700316121\n|switch|p2b: Ogerpon|Ogerpon-Wellspring, L50, F|100\/100\n|move|p1b: Chien Boi|Icicle Crash|p2a: Okidogi\n|-damage|p2a: Okidogi|47\/100\n|move|p1a: Windy Boi|Bleakwind Storm|p2b: Ogerpon|[spread] p2a,p2b\n|-supereffective|p2a: Okidogi\n|-supereffective|p2b: Ogerpon\n|-damage|p2a: Okidogi|0 fnt\n|-damage|p2b: Ogerpon|36\/100\n|-unboost|p2b: Ogerpon|spe|1\n|faint|p2a: Okidogi\n|\n|-heal|p1b: Chien Boi|31\/100|[from] Grassy Terrain\n|-heal|p1a: Windy Boi|99\/100|[from] Grassy Terrain\n|-heal|p2b: Ogerpon|42\/100|[from] Grassy Terrain\n|-fieldend|move: Grassy Terrain\n|upkeep\n|-message|Kiwigal forfeited.\n|\n|win|IlLeoneDiLadispoli\n|raw|IlLeoneDiLadispoli's rating: 1646 &rarr; <strong>1668<\/strong><br \/>(+22 for winning)\n|raw|Kiwigal's rating: 1688 &rarr; <strong>1666<\/strong><br \/>(-22 for losing)\n|l|\u2606Kiwigal\n","uploadtime":1700316146,"views":15,"p1id":"illeonediladispoli","p2id":"kiwigal","formatid":"gen9vgc2023regulatione","rating":1666,"private":0,"password":""}