{"id":"gen9vgc2023regulatione-1988541825","p1":"Idonotcare0982","p2":"Welder Watt","format":"[Gen 9] VGC 2023 Regulation E","log":"|j|\u2606Idonotcare0982\n|j|\u2606Welder Watt\n|n|\u2606Idonotcare0982|idonotcare0982\n|n|\u2606Welder Watt|welderwatt\n|html|View the match progress at <a href=\"\/game-bestof3-gen9vgc2023regulatione-1988540223\">game-bestof3-gen9vgc2023regulatione-1988540223<\/a>\n|t:|1699734093\n|gametype|doubles\n|player|p1|Idonotcare0982|ghetsis-gen5bw|\n|player|p2|Welder Watt|pokemoncenterlady|\n|teamsize|p1|6\n|teamsize|p2|6\n|gen|9\n|tier|[Gen 9] VGC 2023 Regulation E\n|rule|Species Clause: Limit one of each Pok\u00e9mon\n|rule|Item Clause: Limit one of each item\n|clearpoke\n|poke|p1|Arcanine-Hisui, L50, F|\n|poke|p1|Urshifu-*, L50, F|\n|poke|p1|Tornadus, L50, M|\n|poke|p1|Ogerpon-Wellspring, L50, F|\n|poke|p1|Gholdengo, L50|\n|poke|p1|Iron Hands, L50|\n|poke|p2|Magneton, L50|\n|poke|p2|Landorus-Therian, L50, M|\n|poke|p2|Iron Hands, L50|\n|poke|p2|Clefable, L50, F|\n|poke|p2|Hatterene, L50, F|\n|poke|p2|Ogerpon-Hearthflame, L50, F|\n|teampreview|4\n|\n|t:|1699734111\n|start\n|switch|p1a: Urshifu|Urshifu-Rapid-Strike, L50, F|100\/100\n|switch|p1b: Tornadus|Tornadus, L50, M|100\/100\n|switch|p2a: Magnum Opis|Magneton, L50, shiny|100\/100\n|switch|p2b: Iron Hands|Iron Hands, L50|100\/100\n|turn|1\n|\n|t:|1699734135\n|move|p1b: Tornadus|Protect|p1b: Tornadus\n|-singleturn|p1b: Tornadus|Protect\n|move|p1a: Urshifu|Detect|p1a: Urshifu\n|-singleturn|p1a: Urshifu|Protect\n|move|p2a: Magnum Opis|Endure|p2a: Magnum Opis\n|-singleturn|p2a: Magnum Opis|move: Endure\n|move|p2b: Iron Hands|Wild Charge|p1b: Tornadus\n|-activate|p1b: Tornadus|move: Protect\n|\n|upkeep\n|turn|2\n|\n|t:|1699734166\n|switch|p1b: Iron Hands|Iron Hands, L50|100\/100\n|switch|p1a: Arcanine|Arcanine-Hisui, L50, F, shiny|100\/100\n|-ability|p1a: Arcanine|Intimidate|boost\n|-unboost|p2a: Magnum Opis|atk|1\n|-unboost|p2b: Iron Hands|atk|1\n|move|p2a: Magnum Opis|Thunderbolt|p1a: Arcanine\n|-crit|p1a: Arcanine\n|-damage|p1a: Arcanine|19\/100\n|move|p2b: Iron Hands|Wild Charge|p1a: Arcanine\n|-damage|p1a: Arcanine|0 fnt\n|faint|p1a: Arcanine\n|-damage|p2b: Iron Hands|97\/100|[from] Recoil\n|\n|upkeep\n|\n|t:|1699734184\n|switch|p1a: Urshifu|Urshifu-Rapid-Strike, L50, F|100\/100\n|turn|3\n|\n|t:|1699734195\n|-end|p2b: Iron Hands|Quark Drive|[silent]\n|switch|p2b: Landorus|Landorus-Therian, L50, M|100\/100\n|-ability|p2b: Landorus|Intimidate|boost\n|-unboost|p1a: Urshifu|atk|1\n|-unboost|p1b: Iron Hands|atk|1\n|-terastallize|p1a: Urshifu|Water\n|move|p2a: Magnum Opis|Endure|p2a: Magnum Opis\n|-singleturn|p2a: Magnum Opis|move: Endure\n|move|p1b: Iron Hands|Fake Out|p2a: Magnum Opis\n|-resisted|p2a: Magnum Opis\n|-damage|p2a: Magnum Opis|89\/100\n|move|p1a: Urshifu|Surging Strikes|p2b: Landorus\n|-supereffective|p2b: Landorus\n|-crit|p2b: Landorus\n|-damage|p2b: Landorus|13\/100\n|-supereffective|p2b: Landorus\n|-crit|p2b: Landorus\n|-damage|p2b: Landorus|0 fnt\n|faint|p2b: Landorus\n|-hitcount|p2: Landorus|2\n|\n|upkeep\n|\n|t:|1699734212\n|switch|p2b: Iron Hands|Iron Hands, L50|97\/100\n|turn|4\n|\n|t:|1699734234\n|-terastallize|p2b: Iron Hands|Grass\n|move|p1a: Urshifu|Detect|p1a: Urshifu\n|-singleturn|p1a: Urshifu|Protect\n|move|p2b: Iron Hands|Fake Out|p1b: Iron Hands\n|-damage|p1b: Iron Hands|90\/100\n|move|p2a: Magnum Opis|Thunderbolt|p1a: Urshifu\n|-activate|p1a: Urshifu|move: Protect\n|cant|p1b: Iron Hands|flinch\n|\n|upkeep\n|turn|5\n|\n|t:|1699734273\n|move|p2a: Magnum Opis|Endure|p2a: Magnum Opis\n|-singleturn|p2a: Magnum Opis|move: Endure\n|move|p1a: Urshifu|Surging Strikes|p2a: Magnum Opis\n|-crit|p2a: Magnum Opis\n|-damage|p2a: Magnum Opis|9\/100\n|-crit|p2a: Magnum Opis\n|-activate|p2a: Magnum Opis|move: Endure\n|-damage|p2a: Magnum Opis|1\/100\n|-crit|p2a: Magnum Opis\n|-activate|p2a: Magnum Opis|move: Endure\n|-damage|p2a: Magnum Opis|1\/100\n|-hitcount|p2a: Magnum Opis|3\n|move|p1b: Iron Hands|Drain Punch|p2b: Iron Hands\n|-damage|p2b: Iron Hands|79\/100\n|-heal|p1b: Iron Hands|99\/100|[from] drain|[of] p2b: Iron Hands\n|move|p2b: Iron Hands|Wild Charge|p1a: Urshifu\n|-supereffective|p1a: Urshifu\n|-damage|p1a: Urshifu|3\/100\n|-damage|p2b: Iron Hands|60\/100|[from] Recoil\n|\n|upkeep\n|turn|6\n|-enditem|p2a: Magnum Opis|Custap Berry|[eat]\n|-activate|p2a: Magnum Opis|item: Custap Berry|[consumed]\n|\n|t:|1699734304\n|move|p1a: Urshifu|Detect|p1a: Urshifu\n|-singleturn|p1a: Urshifu|Protect\n|move|p2a: Magnum Opis|Steel Beam|p1b: Iron Hands\n|-resisted|p1b: Iron Hands\n|-damage|p1b: Iron Hands|80\/100\n|-damage|p2a: Magnum Opis|0 fnt|[from] steelbeam\n|faint|p2a: Magnum Opis\n|move|p1b: Iron Hands|Drain Punch|p2b: Iron Hands\n|-damage|p2b: Iron Hands|41\/100\n|-heal|p1b: Iron Hands|90\/100|[from] drain|[of] p2b: Iron Hands\n|move|p2b: Iron Hands|Wild Charge|p1a: Urshifu\n|-activate|p1a: Urshifu|move: Protect\n|\n|upkeep\n|\n|t:|1699734320\n|switch|p2a: Ogerpon|Ogerpon-Hearthflame, L50, F|100\/100\n|-ability|p2a: Ogerpon|Mold Breaker\n|turn|7\n|\n|t:|1699734339\n|switch|p1a: Tornadus|Tornadus, L50, M|100\/100\n|move|p2a: Ogerpon|Ivy Cudgel|p1a: Tornadus\n|-damage|p1a: Tornadus|15\/100\n|move|p1b: Iron Hands|Drain Punch|p2b: Iron Hands\n|-damage|p2b: Iron Hands|23\/100\n|-heal|p1b: Iron Hands|99\/100|[from] drain|[of] p2b: Iron Hands\n|move|p2b: Iron Hands|Drain Punch|p1b: Iron Hands\n|-damage|p1b: Iron Hands|70\/100\n|-heal|p2b: Iron Hands|38\/100|[from] drain|[of] p1b: Iron Hands\n|\n|upkeep\n|turn|8\n|\n|t:|1699734363\n|move|p1a: Tornadus|Protect|p1a: Tornadus\n|-singleturn|p1a: Tornadus|Protect\n|move|p2a: Ogerpon|Ivy Cudgel|p1a: Tornadus\n|-activate|p1a: Tornadus|move: Protect\n|move|p1b: Iron Hands|Drain Punch|p2b: Iron Hands\n|-damage|p2b: Iron Hands|18\/100\n|-heal|p1b: Iron Hands|80\/100|[from] drain|[of] p2b: Iron Hands\n|move|p2b: Iron Hands|Wild Charge|p1b: Iron Hands\n|-resisted|p1b: Iron Hands\n|-damage|p1b: Iron Hands|60\/100\n|-damage|p2b: Iron Hands|14\/100|[from] Recoil\n|\n|upkeep\n|turn|9\n|\n|t:|1699734386\n|move|p1a: Tornadus|Bleakwind Storm|p2a: Ogerpon|[spread] p2a,p2b\n|-supereffective|p2a: Ogerpon\n|-supereffective|p2b: Iron Hands\n|-damage|p2a: Ogerpon|26\/100\n|-damage|p2b: Iron Hands|0 fnt\n|faint|p2b: Iron Hands\n|-end|p2b: Iron Hands|Quark Drive|[silent]\n|move|p2a: Ogerpon|Ivy Cudgel|p1a: Tornadus\n|-damage|p1a: Tornadus|0 fnt\n|faint|p1a: Tornadus\n|move|p1b: Iron Hands|Drain Punch|p2a: Ogerpon\n|-damage|p2a: Ogerpon|0 fnt\n|-heal|p1b: Iron Hands|70\/100|[from] drain|[of] p2a: Ogerpon\n|faint|p2a: Ogerpon\n|\n|win|Idonotcare0982\n|c|\u2606Welder Watt|rip\n|c|\u2606Welder Watt|ggs\n|c|\u2606Idonotcare0982|Gg\n","uploadtime":1699734479,"views":12,"p1id":"idonotcare0982","p2id":"welderwatt","formatid":"gen9vgc2023regulatione","rating":0,"private":0,"password":""}