{"id":"gen9vgc2023regulatione-1989445793","p1":"luzonvgc","p2":"johnnychiou36","format":"[Gen 9] VGC 2023 Regulation E","log":"|j|\u2606luzonvgc\n|j|\u2606johnnychiou36\n|t:|1699851601\n|gametype|doubles\n|player|p1|luzonvgc|lisia|1643\n|player|p2|johnnychiou36|lillie|1642\n|teamsize|p1|6\n|teamsize|p2|6\n|gen|9\n|tier|[Gen 9] VGC 2023 Regulation E\n|rated|\n|rule|Species Clause: Limit one of each Pok\u00e9mon\n|rule|Item Clause: Limit one of each item\n|clearpoke\n|poke|p1|Ogerpon, L50, F|\n|poke|p1|Gholdengo, L50|\n|poke|p1|Urshifu-*, L50, F|\n|poke|p1|Roaring Moon, L50|\n|poke|p1|Arcanine-Hisui, L50, M|\n|poke|p1|Iron Hands, L50|\n|poke|p2|Indeedee-F, L50, F|\n|poke|p2|Armarouge, L50, M|\n|poke|p2|Hatterene, L50, F|\n|poke|p2|Ursaluna, L50, M|\n|poke|p2|Lilligant-Hisui, L50, F|\n|poke|p2|Torkoal, L50, M|\n|teampreview|4\njohnnychiou36 has agreed to open team sheets.\n|inactive|Battle timer is ON: inactive players will automatically lose when time's up. (requested by johnnychiou36)\n|inactive|luzonvgc has 60 seconds left.\n|inactive|luzonvgc has 30 seconds left.\n|\n|t:|1699851680\n|start\n|switch|p1a: Gholdengo|Gholdengo, L50|100\/100\n|switch|p1b: Roaring Moon|Roaring Moon, L50|100\/100\n|switch|p2a: \u70e4\u68c9\u82b1\u7cd6|Indeedee-F, L50, F|100\/100\n|switch|p2b: \u9ed1\u99ac\u738b\u5b50|Armarouge, L50, M, shiny|100\/100\n|-fieldstart|move: Psychic Terrain|[from] ability: Psychic Surge|[of] p2a: \u70e4\u68c9\u82b1\u7cd6\n|-enditem|p2a: \u70e4\u68c9\u82b1\u7cd6|Psychic Seed\n|-boost|p2a: \u70e4\u68c9\u82b1\u7cd6|spd|1|[from] item: Psychic Seed\n|-enditem|p1b: Roaring Moon|Booster Energy\n|-activate|p1b: Roaring Moon|ability: Protosynthesis|[fromitem]\n|-start|p1b: Roaring Moon|protosynthesisspe\n|turn|1\n|\n|t:|1699851697\n|move|p2a: \u70e4\u68c9\u82b1\u7cd6|Follow Me|p2a: \u70e4\u68c9\u82b1\u7cd6\n|-singleturn|p2a: \u70e4\u68c9\u82b1\u7cd6|move: Follow Me\n|move|p1b: Roaring Moon|Knock Off|p2a: \u70e4\u68c9\u82b1\u7cd6\n|-supereffective|p2a: \u70e4\u68c9\u82b1\u7cd6\n|-damage|p2a: \u70e4\u68c9\u82b1\u7cd6|35\/100\n|move|p1a: Gholdengo|Nasty Plot|p1a: Gholdengo\n|-boost|p1a: Gholdengo|spa|2\n|move|p2b: \u9ed1\u99ac\u738b\u5b50|Trick Room|p2b: \u9ed1\u99ac\u738b\u5b50\n|-fieldstart|move: Trick Room|[of] p2b: \u9ed1\u99ac\u738b\u5b50\n|\n|upkeep\n|turn|2\n|\n|t:|1699851708\n|move|p1a: Gholdengo|Protect|p1a: Gholdengo\n|-singleturn|p1a: Gholdengo|Protect\n|move|p1b: Roaring Moon|Protect|p1b: Roaring Moon\n|-singleturn|p1b: Roaring Moon|Protect\n|move|p2b: \u9ed1\u99ac\u738b\u5b50|Heat Wave|p1b: Roaring Moon|[spread] \n|-activate|p1a: Gholdengo|move: Protect\n|-activate|p1b: Roaring Moon|move: Protect\n|move|p2a: \u70e4\u68c9\u82b1\u7cd6|Dazzling Gleam|p1a: Gholdengo|[spread] \n|-activate|p1a: Gholdengo|move: Protect\n|-activate|p1b: Roaring Moon|move: Protect\n|\n|upkeep\n|turn|3\n|\n|t:|1699851731\n|-terastallize|p1a: Gholdengo|Dragon\n|move|p2b: \u9ed1\u99ac\u738b\u5b50|Protect|p2b: \u9ed1\u99ac\u738b\u5b50\n|-singleturn|p2b: \u9ed1\u99ac\u738b\u5b50|Protect\n|move|p2a: \u70e4\u68c9\u82b1\u7cd6|Dazzling Gleam|p1b: Roaring Moon|[spread] p1a,p1b\n|-supereffective|p1a: Gholdengo\n|-supereffective|p1b: Roaring Moon\n|-damage|p1a: Gholdengo|75\/100\n|-damage|p1b: Roaring Moon|54\/100\n|move|p1a: Gholdengo|Make It Rain|p2a: \u70e4\u68c9\u82b1\u7cd6|[spread] p2a\n|-activate|p2b: \u9ed1\u99ac\u738b\u5b50|move: Protect\n|-damage|p2a: \u70e4\u68c9\u82b1\u7cd6|0 fnt\n|-unboost|p1a: Gholdengo|spa|1\n|faint|p2a: \u70e4\u68c9\u82b1\u7cd6\n|move|p1b: Roaring Moon|Knock Off|p2b: \u9ed1\u99ac\u738b\u5b50\n|-activate|p2b: \u9ed1\u99ac\u738b\u5b50|move: Protect\n|\n|upkeep\n|\n|t:|1699851738\n|switch|p2a: \u767d\u96ea\u516c\u4e3b|Hatterene, L50, F, shiny|100\/100\n|turn|4\n|\n|t:|1699851748\n|move|p1a: Gholdengo|Protect|p1a: Gholdengo\n|-singleturn|p1a: Gholdengo|Protect\n|move|p1b: Roaring Moon|Protect|p1b: Roaring Moon\n|-singleturn|p1b: Roaring Moon|Protect\n|move|p2a: \u767d\u96ea\u516c\u4e3b|Dazzling Gleam|p1b: Roaring Moon|[spread] \n|-activate|p1a: Gholdengo|move: Protect\n|-activate|p1b: Roaring Moon|move: Protect\n|move|p2b: \u9ed1\u99ac\u738b\u5b50|Expanding Force|p1b: Roaring Moon|[spread] \n|-activate|p1a: Gholdengo|move: Protect\n|-activate|p1b: Roaring Moon|move: Protect\n|\n|upkeep\n|turn|5\n|\n|t:|1699851765\n|move|p2a: \u767d\u96ea\u516c\u4e3b|Dazzling Gleam|p1b: Roaring Moon|[spread] p1a,p1b\n|-supereffective|p1a: Gholdengo\n|-supereffective|p1b: Roaring Moon\n|-damage|p1a: Gholdengo|0 fnt\n|-damage|p1b: Roaring Moon|0 fnt\n|faint|p1a: Gholdengo\n|faint|p1b: Roaring Moon\n|-end|p1b: Roaring Moon|Protosynthesis|[silent]\n|move|p2b: \u9ed1\u99ac\u738b\u5b50|Expanding Force|p1: Gholdengo|[notarget]\n|-fail|p2b: \u9ed1\u99ac\u738b\u5b50\n|\n|-fieldend|move: Trick Room\n|-fieldend|move: Psychic Terrain\n|upkeep\n|\n|t:|1699851772\n|switch|p1b: Ogerpon|Ogerpon, L50, F|100\/100\n|switch|p1a: Arcanine|Arcanine-Hisui, L50, M|100\/100\n|-ability|p1a: Arcanine|Intimidate|boost\n|-unboost|p2a: \u767d\u96ea\u516c\u4e3b|atk|1\n|-unboost|p2b: \u9ed1\u99ac\u738b\u5b50|atk|1\n|turn|6\n|\n|t:|1699851780\n|-terastallize|p2b: \u9ed1\u99ac\u738b\u5b50|Grass\n|move|p2a: \u767d\u96ea\u516c\u4e3b|Protect|p2a: \u767d\u96ea\u516c\u4e3b\n|-singleturn|p2a: \u767d\u96ea\u516c\u4e3b|Protect\n|move|p1b: Ogerpon|Ivy Cudgel|p2a: \u767d\u96ea\u516c\u4e3b\n|-activate|p2a: \u767d\u96ea\u516c\u4e3b|move: Protect\n|move|p1a: Arcanine|Rock Slide|p2b: \u9ed1\u99ac\u738b\u5b50|[spread] p2b\n|-activate|p2a: \u767d\u96ea\u516c\u4e3b|move: Protect\n|-damage|p2b: \u9ed1\u99ac\u738b\u5b50|58\/100\n|move|p2b: \u9ed1\u99ac\u738b\u5b50|Trick Room|p2b: \u9ed1\u99ac\u738b\u5b50\n|-fieldstart|move: Trick Room|[of] p2b: \u9ed1\u99ac\u738b\u5b50\n|\n|upkeep\n|turn|7\n|j| Captain Hegemon\n|\n|t:|1699851797\n|move|p1b: Ogerpon|Spiky Shield|p1b: Ogerpon\n|-singleturn|p1b: Ogerpon|move: Protect\n|move|p2a: \u767d\u96ea\u516c\u4e3b|Psychic|p1a: Arcanine\n|-damage|p1a: Arcanine|35\/100\n|move|p2b: \u9ed1\u99ac\u738b\u5b50|Expanding Force|p1a: Arcanine\n|-damage|p1a: Arcanine|0 fnt\n|faint|p1a: Arcanine\n|-damage|p2b: \u9ed1\u99ac\u738b\u5b50|48\/100|[from] item: Life Orb\n|\n|upkeep\n|turn|8\n|\n|t:|1699851805\n|move|p2a: \u767d\u96ea\u516c\u4e3b|Psychic|p1b: Ogerpon\n|-damage|p1b: Ogerpon|37\/100\n|move|p2b: \u9ed1\u99ac\u738b\u5b50|Expanding Force|p1b: Ogerpon\n|-damage|p1b: Ogerpon|0 fnt\n|faint|p1b: Ogerpon\n|-damage|p2b: \u9ed1\u99ac\u738b\u5b50|38\/100|[from] item: Life Orb\n|\n|win|johnnychiou36\n|raw|luzonvgc's rating: 1643 &rarr; <strong>1623<\/strong><br \/>(-20 for losing)\n|raw|johnnychiou36's rating: 1642 &rarr; <strong>1662<\/strong><br \/>(+20 for winning)\n|l|\u2606luzonvgc\n","uploadtime":1699851812,"views":12,"p1id":"luzonvgc","p2id":"johnnychiou36","formatid":"gen9vgc2023regulatione","rating":1623,"private":0,"password":""}