{"id":"gen9vgc2023regulatione-1988484995","p1":"Steve9999","p2":"TacoBurger","format":"[Gen 9] VGC 2023 Regulation E","log":"|j|\u2606Steve9999\n|j|\u203dTacoBurger\n|t:|1699727968\n|gametype|doubles\n|player|p1|Steve9999|265|1186\n|player|p2|TacoBurger|backpackerf|1246\n|teamsize|p1|6\n|teamsize|p2|6\n|gen|9\n|tier|[Gen 9] VGC 2023 Regulation E\n|rated|\n|rule|Species Clause: Limit one of each Pok\u00e9mon\n|rule|Item Clause: Limit one of each item\n|clearpoke\n|poke|p1|Ogerpon-Wellspring, L50, F|\n|poke|p1|Flutter Mane, L50|\n|poke|p1|Roaring Moon, L50|\n|poke|p1|Iron Hands, L50|\n|poke|p1|Weezing, L50, M|\n|poke|p1|Landorus-Therian, L50, M|\n|poke|p2|Snorlax, L50, M|\n|poke|p2|Iron Hands, L50|\n|poke|p2|Landorus-Therian, L50, M|\n|poke|p2|Sinistcha, L50|\n|poke|p2|Kommo-o, L50, M|\n|poke|p2|Clefairy, L50, F|\n|teampreview|4\n|inactive|Battle timer is ON: inactive players will automatically lose when time's up. (requested by Steve9999)\n|\n|t:|1699728029\n|start\n|switch|p1a: Iron Hands|Iron Hands, L50, shiny|100\/100\n|switch|p1b: Flutter Mane|Flutter Mane, L50, shiny|100\/100\n|switch|p2a: Iron Hands|Iron Hands, L50|100\/100\n|switch|p2b: Landorus|Landorus-Therian, L50, M|100\/100\n|-ability|p2b: Landorus|Intimidate|boost\n|-unboost|p1a: Iron Hands|atk|1\n|-unboost|p1b: Flutter Mane|atk|1\n|turn|1\n|inactive|Steve9999 has 30 seconds left.\n|inactive|TacoBurger has 30 seconds left.\n|inactive|Steve9999 has 20 seconds left.\n|inactive|TacoBurger has 20 seconds left.\n|inactive|Steve9999 has 15 seconds left.\n|inactive|TacoBurger has 15 seconds left.\n|inactive|Steve9999 has 10 seconds left.\n|inactive|TacoBurger has 10 seconds left.\n|\n|t:|1699728077\n|-terastallize|p2a: Iron Hands|Water\n|move|p1a: Iron Hands|Fake Out|p2b: Landorus\n|-damage|p2b: Landorus|88\/100\n|cant|p2b: Landorus|flinch\n|move|p1b: Flutter Mane|Dazzling Gleam|p2a: Iron Hands|[spread] p2a,p2b\n|-damage|p2a: Iron Hands|73\/100\n|-damage|p2b: Landorus|26\/100\n|move|p2a: Iron Hands|Heavy Slam|p1b: Flutter Mane\n|-supereffective|p1b: Flutter Mane\n|-damage|p1b: Flutter Mane|0 fnt\n|faint|p1b: Flutter Mane\n|-end|p1b: Flutter Mane|Protosynthesis|[silent]\n|\n|upkeep\n|\n|t:|1699728093\n|switch|p1b: Roaring Moon|Roaring Moon, L50|100\/100\n|-enditem|p1b: Roaring Moon|Booster Energy\n|-activate|p1b: Roaring Moon|ability: Protosynthesis|[fromitem]\n|-start|p1b: Roaring Moon|protosynthesisspe\n|turn|2\n|inactive|Steve9999 has 30 seconds left.\n|\n|t:|1699728118\n|switch|p2b: Clefairy|Clefairy, L50, F|100\/100\n|-terastallize|p1b: Roaring Moon|Flying\n|move|p1b: Roaring Moon|Knock Off|p2b: Clefairy\n|-resisted|p2b: Clefairy\n|-damage|p2b: Clefairy|77\/100\n|-enditem|p2b: Clefairy|Eviolite|[from] move: Knock Off|[of] p1b: Roaring Moon\n|move|p2a: Iron Hands|Drain Punch|p1b: Roaring Moon\n|-resisted|p1b: Roaring Moon\n|-damage|p1b: Roaring Moon|73\/100\n|-heal|p2a: Iron Hands|84\/100|[from] drain|[of] p1b: Roaring Moon\n|move|p1a: Iron Hands|Wild Charge|p2a: Iron Hands\n|-supereffective|p2a: Iron Hands\n|-damage|p2a: Iron Hands|47\/100\n|-damage|p1a: Iron Hands|92\/100|[from] Recoil\n|\n|upkeep\n|turn|3\n|inactive|TacoBurger has 30 seconds left.\n|\n|t:|1699728147\n|move|p2b: Clefairy|Follow Me|p2b: Clefairy\n|-singleturn|p2b: Clefairy|move: Follow Me\n|move|p1b: Roaring Moon|Knock Off|p2b: Clefairy\n|-resisted|p2b: Clefairy\n|-damage|p2b: Clefairy|51\/100\n|move|p2a: Iron Hands|Wild Charge|p1b: Roaring Moon\n|-supereffective|p1b: Roaring Moon\n|-damage|p1b: Roaring Moon|0 fnt\n|faint|p1b: Roaring Moon\n|-end|p1b: Roaring Moon|Protosynthesis|[silent]\n|-damage|p2a: Iron Hands|33\/100|[from] Recoil\n|move|p1a: Iron Hands|Wild Charge|p2b: Clefairy\n|-damage|p2b: Clefairy|6\/100\n|-damage|p1a: Iron Hands|85\/100|[from] Recoil\n|\n|upkeep\n|\n|t:|1699728159\n|switch|p1b: Weezing|Weezing, L50, M, shiny|100\/100\n|-ability|p1b: Weezing|Neutralizing Gas\n|turn|4\n|inactive|TacoBurger has 30 seconds left.\n|inactive|TacoBurger has 20 seconds left.\n|inactive|TacoBurger has 15 seconds left.\n|inactive|TacoBurger has 10 seconds left.\n|inactive|TacoBurger has 5 seconds left.\n|\n|t:|1699728212\n|move|p1b: Weezing|Sludge Bomb|p2a: Iron Hands\n|-damage|p2a: Iron Hands|18\/100\n|move|p2a: Iron Hands|Heavy Slam|p1b: Weezing\n|-damage|p1b: Weezing|61\/100\n|move|p1a: Iron Hands|Wild Charge|p2a: Iron Hands\n|-supereffective|p2a: Iron Hands\n|-damage|p2a: Iron Hands|0 fnt\n|faint|p2a: Iron Hands\n|-end|p2a: Iron Hands|Quark Drive|[silent]\n|-damage|p1a: Iron Hands|81\/100|[from] Recoil\n|move|p2b: Clefairy|Heal Pulse|p2: Iron Hands|[notarget]\n|-fail|p2b: Clefairy\n|\n|upkeep\n|\n|t:|1699728227\n|switch|p2a: Kommo-o|Kommo-o, L50, M|100\/100\n|turn|5\n|inactive|Steve9999 has 30 seconds left.\n|\n|t:|1699728259\n|move|p2b: Clefairy|Follow Me|p2b: Clefairy\n|-singleturn|p2b: Clefairy|move: Follow Me\n|move|p2a: Kommo-o|Clanging Scales|p1b: Weezing|[spread] p1a,p1b\n|-damage|p1a: Iron Hands|60\/100\n|-damage|p1b: Weezing|30\/100\n|-enditem|p1b: Weezing|Sitrus Berry|[eat]\n|-heal|p1b: Weezing|55\/100|[from] item: Sitrus Berry\n|-unboost|p2a: Kommo-o|def|1\n|-enditem|p2a: Kommo-o|Throat Spray\n|-boost|p2a: Kommo-o|spa|1|[from] item: Throat Spray\n|move|p1b: Weezing|Will-O-Wisp|p2b: Clefairy\n|-status|p2b: Clefairy|brn\n|move|p1a: Iron Hands|Drain Punch|p2b: Clefairy\n|-resisted|p2b: Clefairy\n|-damage|p2b: Clefairy|0 fnt\n|-heal|p1a: Iron Hands|62\/100|[from] drain|[of] p2b: Clefairy\n|faint|p2b: Clefairy\n|\n|upkeep\n|\n|t:|1699728276\n|switch|p2b: Landorus|Landorus-Therian, L50, M|26\/100\n|turn|6\n|\n|t:|1699728300\n|move|p2b: Landorus|Stomping Tantrum|p1a: Iron Hands\n|-supereffective|p1a: Iron Hands\n|-damage|p1a: Iron Hands|14\/100\n|move|p2a: Kommo-o|Clanging Scales|p1b: Weezing|[spread] p1a,p1b\n|-damage|p1a: Iron Hands|0 fnt\n|-damage|p1b: Weezing|7\/100\n|faint|p1a: Iron Hands\n|-end|p1a: Iron Hands|Quark Drive|[silent]\n|-unboost|p2a: Kommo-o|def|1\n|move|p1b: Weezing|Sludge Bomb|p2b: Landorus\n|-resisted|p2b: Landorus\n|-damage|p2b: Landorus|10\/100\n|-status|p2b: Landorus|psn\n|\n|-damage|p2b: Landorus|0 fnt|[from] psn\n|faint|p2b: Landorus\n|upkeep\n|turn|7\n|\n|t:|1699728322\n|move|p1b: Weezing|Protect|p1b: Weezing\n|-singleturn|p1b: Weezing|Protect\n|move|p2a: Kommo-o|Flash Cannon|p1b: Weezing\n|-activate|p1b: Weezing|move: Protect\n|\n|upkeep\n|turn|8\n|\n|t:|1699728330\n|move|p2a: Kommo-o|Flash Cannon|p1b: Weezing\n|-damage|p1b: Weezing|0 fnt\n|faint|p1b: Weezing\n|-end|p1b: Weezing|ability: Neutralizing Gas\n|\n|win|TacoBurger\n|raw|Steve9999's rating: 1186 &rarr; <strong>1165<\/strong><br \/>(-21 for losing)\n|raw|TacoBurger's rating: 1246 &rarr; <strong>1267<\/strong><br \/>(+21 for winning)\n","uploadtime":1699728337,"views":11,"p1id":"steve9999","p2id":"tacoburger","formatid":"gen9vgc2023regulatione","rating":1165,"private":0,"password":""}