{"id":"gen9vgc2023regulatione-1994407698","p1":"Tiger58","p2":"D0xie","format":"[Gen 9] VGC 2023 Regulation E","log":"|j|\u2606Tiger58\n|j|\u2606D0xie\n|t:|1700440491\n|gametype|doubles\n|player|p1|Tiger58|n|1252\n|player|p2|D0xie|flannery|1166\n|teamsize|p1|6\n|teamsize|p2|6\n|gen|9\n|tier|[Gen 9] VGC 2023 Regulation E\n|rated|\n|rule|Species Clause: Limit one of each Pok\u00e9mon\n|rule|Item Clause: Limit one of each item\n|clearpoke\n|poke|p1|Luxray, L50, M|\n|poke|p1|Wo-Chien, L50|\n|poke|p1|Cresselia, L50, F|\n|poke|p1|Garganacl, L50, M|\n|poke|p1|Palafin, L50, M|\n|poke|p1|Scizor, L50, M|\n|poke|p2|Toedscruel, L50, M|\n|poke|p2|Arcanine-Hisui, L50, F|\n|poke|p2|Sableye, L50, F|\n|poke|p2|Flutter Mane, L50|\n|poke|p2|Ogerpon-Wellspring, L50, F|\n|poke|p2|Dragapult, L50, F|\n|teampreview|4\n|inactive|Battle timer is ON: inactive players will automatically lose when time's up. (requested by D0xie)\n|inactive|Tiger58 has 60 seconds left.\n|\n|t:|1700440529\n|start\n|switch|p1a: Luxray|Luxray, L50, M|100\/100\n|switch|p1b: Wo-Chien|Wo-Chien, L50|100\/100\n|switch|p2a: Sableye|Sableye, L50, F|100\/100\n|switch|p2b: Toedscruel|Toedscruel, L50, M|100\/100\n|-ability|p1b: Wo-Chien|Tablets of Ruin\n|-ability|p1a: Luxray|Intimidate|boost\n|-unboost|p2a: Sableye|atk|1\n|-unboost|p2b: Toedscruel|atk|1\n|turn|1\n|\n|t:|1700440541\n|move|p1a: Luxray|Protect|p1a: Luxray\n|-singleturn|p1a: Luxray|Protect\n|move|p2a: Sableye|Skill Swap|p2b: Toedscruel\n|-activate|p2a: Sableye|move: Skill Swap|||[of] p2b: Toedscruel\n|move|p2b: Toedscruel|Spore|p1a: Luxray\n|-activate|p1a: Luxray|move: Protect\n|move|p1b: Wo-Chien|Leech Seed|p2a: Sableye\n|-start|p2a: Sableye|move: Leech Seed\n|\n|-damage|p2a: Sableye|88\/100|[from] Leech Seed|[of] p1b: Wo-Chien\n|upkeep\n|turn|2\n|\n|t:|1700440560\n|move|p2b: Toedscruel|Protect|p2b: Toedscruel\n|-singleturn|p2b: Toedscruel|Protect\n|move|p1a: Luxray|Snarl|p2b: Toedscruel|[spread] p2a\n|-activate|p2b: Toedscruel|move: Protect\n|-damage|p2a: Sableye|78\/100\n|-unboost|p2a: Sableye|spa|1\n|-enditem|p2a: Sableye|Eject Button\n|\n|t:|1700440570\n|switch|p2a: Arcanine|Arcanine-Hisui, L50, F|100\/100\n|-ability|p2a: Arcanine|Intimidate|boost\n|-unboost|p1a: Luxray|atk|1\n|-unboost|p1b: Wo-Chien|atk|1\n|move|p1b: Wo-Chien|Substitute|p1b: Wo-Chien\n|-start|p1b: Wo-Chien|Substitute\n|-damage|p1b: Wo-Chien|76\/100\n|\n|upkeep\n|turn|3\n|\n|t:|1700440582\n|move|p1a: Luxray|Protect|p1a: Luxray\n|-singleturn|p1a: Luxray|Protect\n|move|p2b: Toedscruel|Spore|p1a: Luxray\n|-activate|p1a: Luxray|move: Protect\n|move|p2a: Arcanine|Flare Blitz|p1b: Wo-Chien\n|-supereffective|p1b: Wo-Chien\n|-end|p1b: Wo-Chien|Substitute\n|-damage|p2a: Arcanine|91\/100|[from] Recoil|[of] p1b: Wo-Chien\n|move|p1b: Wo-Chien|Leech Seed|p2a: Arcanine\n|-start|p2a: Arcanine|move: Leech Seed\n|\n|-damage|p2a: Arcanine|79\/100|[from] Leech Seed|[of] p1b: Wo-Chien\n|-heal|p1b: Wo-Chien|90\/100|[silent]\n|upkeep\n|turn|4\n|\n|t:|1700440603\n|switch|p1a: Garganacl|Garganacl, L50, M|100\/100\n|move|p1b: Wo-Chien|Protect|p1b: Wo-Chien\n|-singleturn|p1b: Wo-Chien|Protect\n|move|p2b: Toedscruel|Spore|p1a: Garganacl\n|-immune|p1a: Garganacl|[from] ability: Purifying Salt\n|move|p2a: Arcanine|Rock Slide|p1b: Wo-Chien|[spread] p1a\n|-activate|p1b: Wo-Chien|move: Protect\n|-damage|p1a: Garganacl|86\/100\n|\n|-damage|p2a: Arcanine|66\/100|[from] Leech Seed|[of] p1b: Wo-Chien\n|-heal|p1b: Wo-Chien|100\/100|[silent]\n|upkeep\n|turn|5\n|inactive|D0xie has 30 seconds left.\n|\n|t:|1700440628\n|-terastallize|p1a: Garganacl|Ghost\n|move|p2a: Arcanine|Flare Blitz|p1b: Wo-Chien\n|-supereffective|p1b: Wo-Chien\n|-crit|p1b: Wo-Chien\n|-damage|p1b: Wo-Chien|0 fnt\n|faint|p1b: Wo-Chien\n|-damage|p2a: Arcanine|29\/100|[from] Recoil\n|move|p2b: Toedscruel|Earth Power|p1a: Garganacl\n|-crit|p1a: Garganacl\n|-damage|p1a: Garganacl|58\/100\n|move|p1a: Garganacl|Iron Defense|p1a: Garganacl\n|-boost|p1a: Garganacl|def|2\n|\n|upkeep\n|\n|t:|1700440647\n|switch|p1b: Luxray|Luxray, L50, M|100\/100\n|-ability|p1b: Luxray|Intimidate|boost\n|-fail|p2a: Arcanine|unboost|[from] item: Clear Amulet|[of] p2a: Arcanine\n|-unboost|p2b: Toedscruel|atk|1\n|turn|6\n|\n|t:|1700440661\n|switch|p2a: Ogerpon|Ogerpon-Wellspring, L50, F|100\/100\n|move|p1b: Luxray|Protect|p1b: Luxray\n|-singleturn|p1b: Luxray|Protect\n|move|p2b: Toedscruel|Earth Power|p1a: Garganacl\n|-crit|p1a: Garganacl\n|-damage|p1a: Garganacl|33\/100\n|move|p1a: Garganacl|Recover|p1a: Garganacl\n|-heal|p1a: Garganacl|84\/100\n|\n|upkeep\n|turn|7\n|\n|t:|1700440677\n|move|p2b: Toedscruel|Spore|p1b: Luxray\n|-status|p1b: Luxray|slp|[from] move: Spore\n|move|p2a: Ogerpon|Swords Dance|p2a: Ogerpon\n|-boost|p2a: Ogerpon|atk|2\n|cant|p1b: Luxray|slp\n|move|p1a: Garganacl|Salt Cure|p2a: Ogerpon\n|-damage|p2a: Ogerpon|82\/100\n|-start|p2a: Ogerpon|Salt Cure\n|\n|-damage|p2a: Ogerpon|58\/100|[from] Salt Cure\n|upkeep\n|turn|8\n|\n|t:|1700440686\n|-terastallize|p2a: Ogerpon|Water\n|detailschange|p2a: Ogerpon|Ogerpon-Wellspring-Tera, L50, F, tera:Water\n|-ability|p2a: Ogerpon|Embody Aspect (Wellspring)|boost\n|-boost|p2a: Ogerpon|spd|1\n|move|p2b: Toedscruel|Tickle|p1a: Garganacl\n|-unboost|p1a: Garganacl|atk|1\n|-unboost|p1a: Garganacl|def|1\n|move|p2a: Ogerpon|Ivy Cudgel|p1a: Garganacl|[anim] Ivy Cudgel Water\n|-crit|p1a: Garganacl\n|-damage|p1a: Garganacl|0 fnt\n|faint|p1a: Garganacl\n|cant|p1b: Luxray|slp\n|\n|-damage|p2a: Ogerpon|33\/100|[from] Salt Cure\n|upkeep\n|\n|t:|1700440695\n|switch|p1a: Scizor|Scizor, L50, M|100\/100\n|turn|9\n|\n|t:|1700440706\n|move|p2b: Toedscruel|Spore|p1a: Scizor\n|-status|p1a: Scizor|slp|[from] move: Spore\n|move|p2a: Ogerpon|Ivy Cudgel|p1b: Luxray|[anim] Ivy Cudgel Water\n|-crit|p1b: Luxray\n|-damage|p1b: Luxray|0 fnt\n|faint|p1b: Luxray\n|cant|p1a: Scizor|slp\n|\n|-damage|p2a: Ogerpon|9\/100|[from] Salt Cure\n|upkeep\n|turn|10\n|\n|t:|1700440715\n|move|p2b: Toedscruel|Tickle|p1a: Scizor\n|-unboost|p1a: Scizor|atk|1\n|-unboost|p1a: Scizor|def|1\n|move|p2a: Ogerpon|Ivy Cudgel|p1a: Scizor|[anim] Ivy Cudgel Water\n|-damage|p1a: Scizor|0 fnt\n|faint|p1a: Scizor\n|\n|win|D0xie\n|raw|Tiger58's rating: 1252 &rarr; <strong>1221<\/strong><br \/>(-31 for losing)\n|raw|D0xie's rating: 1166 &rarr; <strong>1197<\/strong><br \/>(+31 for winning)\n|l|\u2606Tiger58\n","uploadtime":1700440734,"views":15,"p1id":"tiger58","p2id":"d0xie","formatid":"gen9vgc2023regulatione","rating":1197,"private":0,"password":""}