{"id":"gen9vgc2023regulatione-1988825053","p1":"Laprasrules12","p2":"SlowHomie","format":"[Gen 9] VGC 2023 Regulation E","log":"|j|\u2606Laprasrules12\n|j|\u2606SlowHomie\n|t:|1699768818\n|gametype|doubles\n|player|p1|Laprasrules12|lusamine-nihilego|1415\n|player|p2|SlowHomie|unknown|1519\n|teamsize|p1|6\n|teamsize|p2|6\n|gen|9\n|tier|[Gen 9] VGC 2023 Regulation E\n|rated|\n|rule|Species Clause: Limit one of each Pok\u00e9mon\n|rule|Item Clause: Limit one of each item\n|clearpoke\n|poke|p1|Ogerpon-Hearthflame, L50, F|\n|poke|p1|Chien-Pao, L50|\n|poke|p1|Ursaluna, L50, M|\n|poke|p1|Tornadus, L50, M|\n|poke|p1|Farigiraf, L50, M|\n|poke|p1|Armarouge, L50, M|\n|poke|p2|Landorus, L50, M|\n|poke|p2|Tornadus, L50, M|\n|poke|p2|Ogerpon-Hearthflame, L50, F|\n|poke|p2|Iron Hands, L50|\n|poke|p2|Urshifu-*, L50, F|\n|poke|p2|Rillaboom, L50, M|\n|teampreview|4\n|inactive|Battle timer is ON: inactive players will automatically lose when time's up. (requested by Laprasrules12)\nSlowHomie has agreed to open team sheets.\nLaprasrules12 has agreed to open team sheets.\n|inactive|SlowHomie has 30 seconds left.\n|inactive|SlowHomie has 20 seconds left.\n|inactive|SlowHomie has 15 seconds left.\n|\n|t:|1699768869\n|start\n|switch|p1a: Ogerpon|Ogerpon-Hearthflame, L50, F|100\/100\n|switch|p1b: Tornadus|Tornadus, L50, M|100\/100\n|switch|p2a: Shamone-Strike|Urshifu-Rapid-Strike, L50, F|100\/100\n|switch|p2b: Blowin In The Wind|Tornadus, L50, M, shiny|100\/100\n|-ability|p1a: Ogerpon|Mold Breaker\n|turn|1\n|\n|t:|1699768890\n|move|p1b: Tornadus|Sunny Day|p1b: Tornadus\n|-weather|SunnyDay\n|move|p2a: Shamone-Strike|U-turn|p1a: Ogerpon\n|-damage|p1a: Ogerpon|64\/100\n|\n|t:|1699768896\n|switch|p2a: Fiona-Hearthflame|Ogerpon-Hearthflame, L50, F|100\/100|[from] U-turn\n|-ability|p2a: Fiona-Hearthflame|Mold Breaker\n|move|p1a: Ogerpon|Horn Leech|p2a: Fiona-Hearthflame\n|-resisted|p2a: Fiona-Hearthflame\n|-damage|p2a: Fiona-Hearthflame|88\/100\n|-heal|p1a: Ogerpon|72\/100|[from] drain|[of] p2a: Fiona-Hearthflame\n|move|p2b: Blowin In The Wind|Bleakwind Storm|p1b: Tornadus|[spread] p1a\n|-miss|p2b: Blowin In The Wind|p1b: Tornadus\n|-supereffective|p1a: Ogerpon\n|-crit|p1a: Ogerpon\n|-damage|p1a: Ogerpon|0 fnt\n|faint|p1a: Ogerpon\n|\n|-weather|SunnyDay|[upkeep]\n|upkeep\n|\n|t:|1699768900\n|switch|p1a: Chien-Pao|Chien-Pao, L50|100\/100\n|-ability|p1a: Chien-Pao|Sword of Ruin\n|turn|2\n|\n|t:|1699768914\n|move|p2a: Fiona-Hearthflame|Spiky Shield|p2a: Fiona-Hearthflame\n|-singleturn|p2a: Fiona-Hearthflame|move: Protect\n|move|p2b: Blowin In The Wind|Tailwind|p2b: Blowin In The Wind\n|-sidestart|p2: SlowHomie|move: Tailwind\n|move|p1b: Tornadus|Tailwind|p1b: Tornadus\n|-sidestart|p1: Laprasrules12|move: Tailwind\n|move|p1a: Chien-Pao|Icicle Crash|p2b: Blowin In The Wind\n|-supereffective|p2b: Blowin In The Wind\n|-damage|p2b: Blowin In The Wind|0 fnt\n|faint|p2b: Blowin In The Wind\n|\n|-weather|SunnyDay|[upkeep]\n|upkeep\n|\n|t:|1699768928\n|switch|p2b: Shamone-Strike|Urshifu-Rapid-Strike, L50, F|100\/100\n|turn|3\n|\n|t:|1699768941\n|-terastallize|p2a: Fiona-Hearthflame|Fire\n|detailschange|p2a: Fiona-Hearthflame|Ogerpon-Hearthflame-Tera, L50, F, tera:Fire\n|-ability|p2a: Fiona-Hearthflame|Embody Aspect (Hearthflame)|boost\n|-boost|p2a: Fiona-Hearthflame|atk|1\n|move|p1a: Chien-Pao|Sucker Punch|p2b: Shamone-Strike\n|-resisted|p2b: Shamone-Strike\n|-damage|p2b: Shamone-Strike|75\/100\n|move|p2b: Shamone-Strike|U-turn|p1a: Chien-Pao\n|-supereffective|p1a: Chien-Pao\n|-damage|p1a: Chien-Pao|24\/100\n|\n|t:|1699768949\n|switch|p2b: Rillaboomer|Rillaboom, L50, M|100\/100|[from] U-turn\n|-fieldstart|move: Grassy Terrain|[from] ability: Grassy Surge|[of] p2b: Rillaboomer\n|move|p2a: Fiona-Hearthflame|Ivy Cudgel|p1a: Chien-Pao\n|-supereffective|p1a: Chien-Pao\n|-crit|p1a: Chien-Pao\n|-damage|p1a: Chien-Pao|0 fnt\n|faint|p1a: Chien-Pao\n|move|p1b: Tornadus|Bleakwind Storm|p2b: Rillaboomer|[spread] p2a,p2b\n|-supereffective|p2b: Rillaboomer\n|-damage|p2a: Fiona-Hearthflame|49\/100\n|-damage|p2b: Rillaboomer|13\/100\n|-unboost|p2a: Fiona-Hearthflame|spe|1\n|\n|-weather|SunnyDay|[upkeep]\n|-heal|p2b: Rillaboomer|19\/100|[from] Grassy Terrain\n|-heal|p2a: Fiona-Hearthflame|55\/100|[from] Grassy Terrain\n|upkeep\n|\n|t:|1699768954\n|switch|p1a: Farigiraf|Farigiraf, L50, M|100\/100\n|turn|4\n|\n|t:|1699768964\n|move|p1b: Tornadus|Bleakwind Storm|p2b: Rillaboomer|[spread] p2b\n|-miss|p1b: Tornadus|p2a: Fiona-Hearthflame\n|-supereffective|p2b: Rillaboomer\n|-damage|p2b: Rillaboomer|0 fnt\n|faint|p2b: Rillaboomer\n|move|p2a: Fiona-Hearthflame|Ivy Cudgel|p1b: Tornadus\n|-damage|p1b: Tornadus|0 fnt\n|faint|p1b: Tornadus\n|move|p1a: Farigiraf|Dazzling Gleam|p2a: Fiona-Hearthflame\n|-resisted|p2a: Fiona-Hearthflame\n|-damage|p2a: Fiona-Hearthflame|46\/100\n|\n|-weather|SunnyDay|[upkeep]\n|-heal|p2a: Fiona-Hearthflame|52\/100|[from] Grassy Terrain\n|upkeep\n|\n|t:|1699768973\n|switch|p2b: Shamone-Strike|Urshifu-Rapid-Strike, L50, F|75\/100\n|turn|5\n|\n|t:|1699768977\n|-terastallize|p1a: Farigiraf|Flying\n|move|p2b: Shamone-Strike|Close Combat|p1a: Farigiraf\n|-resisted|p1a: Farigiraf\n|-damage|p1a: Farigiraf|65\/100\n|-unboost|p2b: Shamone-Strike|def|1\n|-unboost|p2b: Shamone-Strike|spd|1\n|move|p2a: Fiona-Hearthflame|Ivy Cudgel|p1a: Farigiraf\n|-damage|p1a: Farigiraf|0 fnt\n|faint|p1a: Farigiraf\n|\n|win|SlowHomie\n|raw|Laprasrules12's rating: 1415 &rarr; <strong>1401<\/strong><br \/>(-14 for losing)\n|raw|SlowHomie's rating: 1519 &rarr; <strong>1533<\/strong><br \/>(+14 for winning)\n|l|\u2606Laprasrules12\n","uploadtime":1699768990,"views":24,"p1id":"laprasrules12","p2id":"slowhomie","formatid":"gen9vgc2023regulatione","rating":1401,"private":0,"password":""}