{"id":"gen9vgc2023regulatione-1992734663","p1":"Blackflashzzzzz","p2":"potato87","format":"[Gen 9] VGC 2023 Regulation E","log":"|j|\u2606Blackflashzzzzz\n|j|\u2606potato87\n|t:|1700230448\n|gametype|doubles\n|player|p1|Blackflashzzzzz|169|1359\n|player|p2|potato87|roughneck|1305\n|teamsize|p1|6\n|teamsize|p2|6\n|gen|9\n|tier|[Gen 9] VGC 2023 Regulation E\n|rated|\n|rule|Species Clause: Limit one of each Pok\u00e9mon\n|rule|Item Clause: Limit one of each item\n|clearpoke\n|poke|p1|Iron Bundle, L50|\n|poke|p1|Ninetales-Alola, L50, F|\n|poke|p1|Baxcalibur, L50, F|\n|poke|p1|Urshifu-*, L50, F|\n|poke|p1|Amoonguss, L50, F|\n|poke|p1|Gholdengo, L50|\n|poke|p2|Urshifu-*, L50, M|\n|poke|p2|Chien-Pao, L50|\n|poke|p2|Sinistcha, L50|\n|poke|p2|Chi-Yu, L50|\n|poke|p2|Farigiraf, L50, M|\n|poke|p2|Ursaluna, L50, F|\n|teampreview|4\n|inactive|Battle timer is ON: inactive players will automatically lose when time's up. (requested by potato87)\n|\n|t:|1700230479\n|start\n|switch|p1a: \u9583\u92fc\u5149\u6d41\/\u4edf\u5f0f|Gholdengo, L50|100\/100\n|switch|p1b: Urshifu|Urshifu-Rapid-Strike, L50, F|100\/100\n|switch|p2a: Farigiraf|Farigiraf, L50, M|100\/100\n|switch|p2b: Ursaluna|Ursaluna, L50, F|100\/100\n|turn|1\n|\n|t:|1700230493\n|-terastallize|p1b: Urshifu|Water\n|move|p1b: Urshifu|Surging Strikes|p2b: Ursaluna\n|-supereffective|p2b: Ursaluna\n|-crit|p2b: Ursaluna\n|-damage|p2b: Ursaluna|58\/100\n|-supereffective|p2b: Ursaluna\n|-crit|p2b: Ursaluna\n|-damage|p2b: Ursaluna|13\/100\n|-supereffective|p2b: Ursaluna\n|-crit|p2b: Ursaluna\n|-damage|p2b: Ursaluna|0 fnt\n|faint|p2b: Ursaluna\n|-hitcount|p2: Ursaluna|3\n|move|p1a: \u9583\u92fc\u5149\u6d41\/\u4edf\u5f0f|Trick|p2a: Farigiraf\n|-activate|p1a: \u9583\u92fc\u5149\u6d41\/\u4edf\u5f0f|move: Trick|[of] p2a: Farigiraf\n|-item|p2a: Farigiraf|Choice Specs|[from] move: Trick\n|-item|p1a: \u9583\u92fc\u5149\u6d41\/\u4edf\u5f0f|Mental Herb|[from] move: Trick\n|move|p2a: Farigiraf|Trick Room|p2a: Farigiraf\n|-fieldstart|move: Trick Room|[of] p2a: Farigiraf\n|\n|upkeep\n|inactive|potato87 has 30 seconds left.\n|\n|t:|1700230523\n|switch|p2b: Sinistcha|Sinistcha, L50, shiny|100\/100\n|turn|2\n|\n|t:|1700230528\n|switch|p2a: Chi-Yu|Chi-Yu, L50|100\/100\n|-ability|p2a: Chi-Yu|Beads of Ruin\n|switch|p1b: Amoonguss|Amoonguss, L50, F|100\/100\n|move|p2b: Sinistcha|Matcha Gotcha|p1a: \u9583\u92fc\u5149\u6d41\/\u4edf\u5f0f|[spread] p1a,p1b\n|-resisted|p1a: \u9583\u92fc\u5149\u6d41\/\u4edf\u5f0f\n|-resisted|p1b: Amoonguss\n|-damage|p1a: \u9583\u92fc\u5149\u6d41\/\u4edf\u5f0f|79\/100\n|-damage|p1b: Amoonguss|90\/100\n|-status|p1b: Amoonguss|brn\n|move|p1a: \u9583\u92fc\u5149\u6d41\/\u4edf\u5f0f|Shadow Ball|p2b: Sinistcha\n|-supereffective|p2b: Sinistcha\n|-damage|p2b: Sinistcha|0 fnt\n|faint|p2b: Sinistcha\n|\n|-damage|p1b: Amoonguss|85\/100 brn|[from] brn\n|upkeep\n|\n|t:|1700230534\n|switch|p2b: Farigiraf|Farigiraf, L50, M|100\/100\n|turn|3\n|\n|t:|1700230550\n|move|p1b: Amoonguss|Spore|p2a: Chi-Yu\n|-status|p2a: Chi-Yu|slp|[from] move: Spore\n|move|p2b: Farigiraf|Psychic|p1b: Amoonguss\n|-supereffective|p1b: Amoonguss\n|-damage|p1b: Amoonguss|0 fnt\n|faint|p1b: Amoonguss\n|move|p1a: \u9583\u92fc\u5149\u6d41\/\u4edf\u5f0f|Focus Blast|p2a: Chi-Yu|[miss]\n|-miss|p1a: \u9583\u92fc\u5149\u6d41\/\u4edf\u5f0f|p2a: Chi-Yu\n|cant|p2a: Chi-Yu|slp\n|\n|upkeep\n|\n|t:|1700230555\n|switch|p1b: Urshifu|Urshifu-Rapid-Strike, L50, F, tera:Water|100\/100\n|turn|4\n|\n|t:|1700230562\n|move|p2b: Farigiraf|Psychic|p1b: Urshifu\n|-damage|p1b: Urshifu|0 fnt\n|faint|p1b: Urshifu\n|move|p1a: \u9583\u92fc\u5149\u6d41\/\u4edf\u5f0f|Make It Rain|p2a: Chi-Yu|[spread] p2a,p2b\n|-resisted|p2a: Chi-Yu\n|-damage|p2a: Chi-Yu|75\/100 slp\n|-damage|p2b: Farigiraf|40\/100\n|-unboost|p1a: \u9583\u92fc\u5149\u6d41\/\u4edf\u5f0f|spa|1\n|cant|p2a: Chi-Yu|slp\n|\n|upkeep\n|\n|t:|1700230565\n|switch|p1b: Baxcalibur|Baxcalibur, L50, F|100\/100\n|turn|5\n|\n|t:|1700230571\n|move|p2b: Farigiraf|Psychic|p1b: Baxcalibur\n|-damage|p1b: Baxcalibur|21\/100\n|move|p1a: \u9583\u92fc\u5149\u6d41\/\u4edf\u5f0f|Make It Rain|p2b: Farigiraf|[spread] p2a,p2b\n|-resisted|p2a: Chi-Yu\n|-damage|p2a: Chi-Yu|59\/100 slp\n|-damage|p2b: Farigiraf|0 fnt\n|-unboost|p1a: \u9583\u92fc\u5149\u6d41\/\u4edf\u5f0f|spa|1\n|faint|p2b: Farigiraf\n|move|p1b: Baxcalibur|High Horsepower|p2a: Chi-Yu\n|-supereffective|p2a: Chi-Yu\n|-damage|p2a: Chi-Yu|0 fnt\n|faint|p2a: Chi-Yu\n|\n|win|Blackflashzzzzz\n|raw|Blackflashzzzzz's rating: 1359 &rarr; <strong>1376<\/strong><br \/>(+17 for winning)\n|raw|potato87's rating: 1305 &rarr; <strong>1288<\/strong><br \/>(-17 for losing)\n|l|\u2606potato87\n","uploadtime":1700230588,"views":15,"p1id":"blackflashzzzzz","p2id":"potato87","formatid":"gen9vgc2023regulatione","rating":1288,"private":0,"password":""}