{"id":"gen9vgc2023regulatione-1989360642","p1":"Silenncce","p2":"DarkenedKira","format":"[Gen 9] VGC 2023 Regulation E","log":"|j|\u2606Silenncce\n|j|\u2606DarkenedKira\n|t:|1699840656\n|gametype|doubles\n|player|p1|Silenncce|lucas|\n|player|p2|DarkenedKira|lucian|\n|teamsize|p1|6\n|teamsize|p2|6\n|gen|9\n|tier|[Gen 9] VGC 2023 Regulation E\n|rule|Species Clause: Limit one of each Pok\u00e9mon\n|rule|Item Clause: Limit one of each item\n|clearpoke\n|poke|p1|Slither Wing, L50|\n|poke|p1|Kleavor, L50, M|\n|poke|p1|Iron Treads, L50|\n|poke|p1|Decidueye-Hisui, L50, F|\n|poke|p1|Toxicroak, L50, M|\n|poke|p1|Raichu, L50, F|\n|poke|p2|Golduck, L50, F|\n|poke|p2|Iron Valiant, L50|\n|poke|p2|Lumineon, L50, F|\n|poke|p2|Haxorus, L50, F|\n|poke|p2|Flutter Mane, L50|\n|poke|p2|Wigglytuff, L50, M|\n|teampreview|4\n|j| PurplePhantom_exe\n|j| rytheyan\n|c| PurplePhantom_exe|GoOd Luck :D\n|inactive|Battle timer is ON: inactive players will automatically lose when time's up. (requested by DarkenedKira)\n|c| rytheyan|glhf\n|\n|t:|1699840728\n|start\n|switch|p1a: rock|Kleavor, L50, M|100\/100\n|switch|p1b: elephant|Iron Treads, L50, shiny|100\/100\n|switch|p2a: Forgettable|Lumineon, L50, F|100\/100\n|switch|p2b: Metaverse|Flutter Mane, L50|100\/100\n|turn|1\n|inactive|Silenncce has 30 seconds left.\n|\n|t:|1699840761\n|move|p1a: rock|Helping Hand|p1b: elephant\n|-singleturn|p1b: elephant|Helping Hand|[of] p1a: rock\n|move|p2b: Metaverse|Protect|p2b: Metaverse\n|-singleturn|p2b: Metaverse|Protect\n|move|p1b: elephant|Iron Head|p2b: Metaverse\n|-activate|p2b: Metaverse|move: Protect\n|move|p2a: Forgettable|Chilling Water|p1a: rock\n|-supereffective|p1a: rock\n|-damage|p1a: rock|4\/100\n|-unboost|p1a: rock|atk|1\n|\n|upkeep\n|turn|2\n|\n|t:|1699840783\n|move|p1a: rock|Helping Hand|p1b: elephant\n|-singleturn|p1b: elephant|Helping Hand|[of] p1a: rock\n|move|p2b: Metaverse|Substitute|p2b: Metaverse\n|-start|p2b: Metaverse|Substitute\n|-damage|p2b: Metaverse|76\/100\n|move|p1b: elephant|Iron Head|p2b: Metaverse\n|-supereffective|p2b: Metaverse\n|-end|p2b: Metaverse|Substitute\n|move|p2a: Forgettable|Chilling Water|p1b: elephant\n|-supereffective|p1b: elephant\n|-damage|p1b: elephant|23\/100\n|-unboost|p1b: elephant|atk|1\n|\n|upkeep\n|turn|3\n|inactive|Silenncce has 30 seconds left.\n|\n|t:|1699840815\n|move|p1a: rock|Helping Hand|p1b: elephant\n|-singleturn|p1b: elephant|Helping Hand|[of] p1a: rock\n|move|p2b: Metaverse|Shadow Ball|p1b: elephant\n|-damage|p1b: elephant|0 fnt\n|faint|p1b: elephant\n|-end|p1b: elephant|Quark Drive|[silent]\n|move|p2a: Forgettable|Chilling Water|p1a: rock\n|-supereffective|p1a: rock\n|-damage|p1a: rock|0 fnt\n|faint|p1a: rock\n|\n|upkeep\n|\n|t:|1699840825\n|switch|p1b: rat|Raichu, L50, F|100\/100\n|switch|p1a: bug|Slither Wing, L50|100\/100\n|-enditem|p1a: bug|Booster Energy\n|-activate|p1a: bug|ability: Protosynthesis|[fromitem]\n|-start|p1a: bug|protosynthesisatk\n|turn|4\n|inactive|DarkenedKira has 30 seconds left.\n|inactive|DarkenedKira has 20 seconds left.\n|\n|t:|1699840862\n|move|p2b: Metaverse|Protect|p2b: Metaverse\n|-singleturn|p2b: Metaverse|Protect\n|move|p1a: bug|First Impression|p2a: Forgettable\n|-damage|p2a: Forgettable|0 fnt\n|faint|p2a: Forgettable\n|move|p1b: rat|Thunder Wave|p2b: Metaverse\n|-activate|p2b: Metaverse|move: Protect\n|\n|upkeep\n|\n|t:|1699840876\n|switch|p2a: Guts|Haxorus, L50, F, shiny|100\/100\n|turn|5\n|\n|t:|1699840901\n|-terastallize|p2b: Metaverse|Fairy\n|move|p1a: bug|Protect|p1a: bug\n|-singleturn|p1a: bug|Protect\n|move|p2b: Metaverse|Dazzling Gleam|p1b: rat|[spread] p1b\n|-activate|p1a: bug|move: Protect\n|-damage|p1b: rat|25\/100\n|move|p1b: rat|Surf|p2b: Metaverse|[spread] p2a,p2b\n|-activate|p1a: bug|move: Protect\n|-resisted|p2a: Guts\n|-damage|p2a: Guts|85\/100\n|-damage|p2b: Metaverse|54\/100\n|move|p2a: Guts|Dragon Claw|p1a: bug\n|-activate|p1a: bug|move: Protect\n|\n|upkeep\n|turn|6\n|\n|t:|1699840922\n|move|p1a: bug|Protect||[still]\n|-fail|p1a: bug\n|move|p2b: Metaverse|Dazzling Gleam|p1a: bug|[spread] p1a,p1b\n|-supereffective|p1a: bug\n|-damage|p1a: bug|19\/100\n|-damage|p1b: rat|0 fnt\n|faint|p1b: rat\n|move|p2a: Guts|Dragon Claw|p1a: bug\n|-damage|p1a: bug|0 fnt\n|faint|p1a: bug\n|-end|p1a: bug|Protosynthesis|[silent]\n|\n|win|DarkenedKira\n","uploadtime":1699840937,"views":14,"p1id":"silenncce","p2id":"darkenedkira","formatid":"gen9vgc2023regulatione","rating":0,"private":0,"password":""}