{"id":"gen9vgc2023regulatione-1994998148","p1":"crudo de fava","p2":"higashi no gab","format":"[Gen 9] VGC 2023 Regulation E","log":"|j|\u2606crudo de fava\n|j|\u2606higashi no gab\n|n|\u2606crudo de fava|crudodefava\n|n|\u2606higashi no gab|higashinogab\n|html|View the match progress at <a href=\"\/game-bestof3-gen9vgc2023regulatione-1994998147\">game-bestof3-gen9vgc2023regulatione-1994998147<\/a>\n|t:|1700511881\n|gametype|doubles\n|player|p1|crudo de fava|steven|\n|player|p2|higashi no gab|unknown|\n|teamsize|p1|6\n|teamsize|p2|6\n|gen|9\n|tier|[Gen 9] VGC 2023 Regulation E\n|rule|Species Clause: Limit one of each Pok\u00e9mon\n|rule|Item Clause: Limit one of each item\n|clearpoke\n|poke|p1|Chien-Pao, L50|\n|poke|p1|Arcanine-Hisui, L50, M|\n|poke|p1|Urshifu-*, L50, M|\n|poke|p1|Tornadus, L50, M|\n|poke|p1|Rillaboom, L50, M|\n|poke|p1|Gholdengo, L50|\n|poke|p2|Glimmora, L50, M|\n|poke|p2|Iron Hands, L50|\n|poke|p2|Tatsugiri, L50, F|\n|poke|p2|Dondozo, L50, F|\n|poke|p2|Ninetales-Alola, L50, M|\n|poke|p2|Ogerpon-Hearthflame, L50, F|\n|teampreview|4\nhigashi no gab has agreed to open team sheets.\ncrudo de fava has agreed to open team sheets.\n|j| Polpolpo\n|showteam|p1|Chien-Pao||LifeOrb|SwordofRuin|SuckerPunch,IcicleCrash,SacredSword,Protect||||||50|,,,,,Poison]Arcanine-Hisui||ChoiceBand|Intimidate|ExtremeSpeed,FlareBlitz,RockSlide,HeadSmash|||M|||50|,,,,,Normal]Urshifu-Rapid-Strike||MysticWater|UnseenFist|SurgingStrikes,Protect,CloseCombat,AquaJet|||M|||50|,,,,,Water]Tornadus||SitrusBerry|Prankster|BleakwindStorm,Tailwind,Taunt,Protect|||M|||50|,,,,,Ghost]Rillaboom||AssaultVest|GrassySurge|FakeOut,WoodHammer,GrassyGlide,Uturn|||M|||50|,,,,,Ghost]Gholdengo||Leftovers|GoodasGold|MakeItRain,NastyPlot,ShadowBall,Protect||||||50|,,,,,Dragon\n|showteam|p2|Glimmora||FocusSash|ToxicDebris|PowerGem,EarthPower,MortalSpin,SpikyShield|||M|||50|,,,,,Grass]Iron Hands||AssaultVest|QuarkDrive|DrainPunch,WildCharge,FakeOut,HeavySlam||||||50|,,,,,Water]Tatsugiri||ChoiceScarf|Commander|DracoMeteor,MuddyWater,IcyWind,SleepTalk|||F|||50|,,,,,Steel]Dondozo||Leftovers|Unaware|Earthquake,Protect,OrderUp,Substitute|||F|||50|,,,,,Dragon]Ninetales-Alola||LightClay|SnowWarning|FreezeDry,IcyWind,AuroraVeil,Protect|||M|||50|,,,,,Ghost]Ogerpon-Hearthflame||HearthflameMask|MoldBreaker|SpikyShield,IvyCudgel,HornLeech,SwordsDance|||F|||50|,,,,,Fire\n|c|\u2606higashi no gab|hf\n|j| stecca\n|c|\u2606crudo de fava|u2\n|j| Porcellone sporco\n|\n|t:|1700512116\n|start\n|switch|p1a: Chien-Pao|Chien-Pao, L50|100\/100\n|switch|p1b: Urshifu|Urshifu-Rapid-Strike, L50, M|100\/100\n|switch|p2a: Glimmora|Glimmora, L50, M, shiny|100\/100\n|switch|p2b: Iron Hands|Iron Hands, L50, shiny|100\/100\n|-ability|p1a: Chien-Pao|Sword of Ruin\n|turn|1\n|l| Porcellone sporco\n|\n|t:|1700512204\n|move|p1a: Chien-Pao|Protect|p1a: Chien-Pao\n|-singleturn|p1a: Chien-Pao|Protect\n|move|p1b: Urshifu|Protect|p1b: Urshifu\n|-singleturn|p1b: Urshifu|Protect\n|move|p2b: Iron Hands|Fake Out|p1b: Urshifu\n|-activate|p1b: Urshifu|move: Protect\n|move|p2a: Glimmora|Power Gem|p1a: Chien-Pao\n|-activate|p1a: Chien-Pao|move: Protect\n|\n|upkeep\n|turn|2\n|j| Porcellone sporco\n|\n|t:|1700512274\n|-terastallize|p1a: Chien-Pao|Poison\n|move|p1a: Chien-Pao|Icicle Crash|p2a: Glimmora\n|-damage|p2a: Glimmora|7\/100\n|-activate|p2a: Glimmora|ability: Toxic Debris\n|-sidestart|p1: crudo de fava|move: Toxic Spikes\n|-damage|p1a: Chien-Pao|91\/100|[from] item: Life Orb\n|move|p2a: Glimmora|Earth Power|p1a: Chien-Pao\n|-supereffective|p1a: Chien-Pao\n|-damage|p1a: Chien-Pao|0 fnt\n|faint|p1a: Chien-Pao\n|move|p1b: Urshifu|Surging Strikes|p2a: Glimmora\n|-supereffective|p2a: Glimmora\n|-crit|p2a: Glimmora\n|-damage|p2a: Glimmora|0 fnt\n|-activate|p2a: Glimmora|ability: Toxic Debris\n|-sidestart|p1: crudo de fava|move: Toxic Spikes\n|faint|p2a: Glimmora\n|-hitcount|p2: Glimmora|1\n|move|p2b: Iron Hands|Drain Punch|p1b: Urshifu\n|-damage|p1b: Urshifu|59\/100\n|\n|upkeep\n|\n|t:|1700512294\n|switch|p1a: Gholdengo|Gholdengo, L50|100\/100\n|switch|p2a: Dondoro|Dondozo, L50, F|100\/100\n|turn|3\n|\n|t:|1700512392\n|switch|p1b: Rillaboom|Rillaboom, L50, M|100\/100\n|-status|p1b: Rillaboom|tox\n|-fieldstart|move: Grassy Terrain|[from] ability: Grassy Surge|[of] p1b: Rillaboom\n|-end|p2b: Iron Hands|Quark Drive|[silent]\n|switch|p2b: Tatsugiri|Tatsugiri, L50, F, shiny|100\/100\n|-activate|p2b: Tatsugiri|ability: Commander|[of] p2a: Dondoro\n|-boost|p2a: Dondoro|atk|2\n|-boost|p2a: Dondoro|spa|2\n|-boost|p2a: Dondoro|spe|2\n|-boost|p2a: Dondoro|def|2\n|-boost|p2a: Dondoro|spd|2\n|-terastallize|p2a: Dondoro|Dragon\n|move|p2a: Dondoro|Order Up|p1b: Rillaboom\n|-damage|p1b: Rillaboom|42\/100 tox\n|-boost|p2a: Dondoro|atk|1\n|move|p1a: Gholdengo|Nasty Plot|p1a: Gholdengo\n|-boost|p1a: Gholdengo|spa|2\n|\n|-heal|p1b: Rillaboom|48\/100 tox|[from] Grassy Terrain\n|-damage|p1b: Rillaboom|42\/100 tox|[from] psn\n|upkeep\n|turn|4\n|\n|t:|1700512496\n|move|p2a: Dondoro|Protect|p2a: Dondoro\n|-singleturn|p2a: Dondoro|Protect\n|move|p1b: Rillaboom|Fake Out|p2a: Dondoro\n|-activate|p2a: Dondoro|move: Protect\n|move|p1a: Gholdengo|Shadow Ball|p2a: Dondoro\n|-activate|p2a: Dondoro|move: Protect\n|\n|-heal|p1b: Rillaboom|48\/100 tox|[from] Grassy Terrain\n|-damage|p1b: Rillaboom|36\/100 tox|[from] psn\n|upkeep\n|turn|5\n|\n|t:|1700512510\n|move|p1b: Rillaboom|Grassy Glide|p2a: Dondoro\n|-resisted|p2a: Dondoro\n|-damage|p2a: Dondoro|94\/100\n|move|p2a: Dondoro|Order Up|p1b: Rillaboom\n|-damage|p1b: Rillaboom|0 fnt\n|faint|p1b: Rillaboom\n|-boost|p2a: Dondoro|atk|1\n|move|p1a: Gholdengo|Shadow Ball|p2a: Dondoro\n|-damage|p2a: Dondoro|74\/100\n|\n|-heal|p2a: Dondoro|80\/100|[from] Grassy Terrain\n|-heal|p2a: Dondoro|86\/100|[from] item: Leftovers\n|upkeep\n|\n|t:|1700512524\n|switch|p1b: Urshifu|Urshifu-Rapid-Strike, L50, M|59\/100\n|-status|p1b: Urshifu|tox\n|turn|6\n|\n|t:|1700512543\n|move|p1b: Urshifu|Protect|p1b: Urshifu\n|-singleturn|p1b: Urshifu|Protect\n|move|p2a: Dondoro|Order Up|p1b: Urshifu\n|-activate|p1b: Urshifu|move: Protect\n|move|p1a: Gholdengo|Shadow Ball|p2a: Dondoro\n|-damage|p2a: Dondoro|68\/100\n|\n|-heal|p2a: Dondoro|74\/100|[from] Grassy Terrain\n|-heal|p2a: Dondoro|80\/100|[from] item: Leftovers\n|-heal|p1b: Urshifu|65\/100 tox|[from] Grassy Terrain\n|-damage|p1b: Urshifu|59\/100 tox|[from] psn\n|upkeep\n|turn|7\n|\n|t:|1700512555\n|move|p2a: Dondoro|Order Up|p1b: Urshifu\n|-damage|p1b: Urshifu|0 fnt\n|faint|p1b: Urshifu\n|-boost|p2a: Dondoro|atk|1\n|move|p1a: Gholdengo|Shadow Ball|p2a: Dondoro\n|-crit|p2a: Dondoro\n|-damage|p2a: Dondoro|24\/100\n|\n|-heal|p2a: Dondoro|30\/100|[from] Grassy Terrain\n|-heal|p2a: Dondoro|36\/100|[from] item: Leftovers\n|-fieldend|move: Grassy Terrain\n|upkeep\n|turn|8\n|\n|t:|1700512572\n|move|p2a: Dondoro|Protect|p2a: Dondoro\n|-singleturn|p2a: Dondoro|Protect\n|move|p1a: Gholdengo|Shadow Ball|p2a: Dondoro\n|-activate|p2a: Dondoro|move: Protect\n|\n|-heal|p2a: Dondoro|42\/100|[from] item: Leftovers\n|upkeep\n|turn|9\n|\n|t:|1700512583\n|move|p2a: Dondoro|Substitute|p2a: Dondoro\n|-start|p2a: Dondoro|Substitute\n|-damage|p2a: Dondoro|17\/100\n|move|p1a: Gholdengo|Shadow Ball|p2a: Dondoro\n|-activate|p2a: Dondoro|move: Substitute|[damage]\n|\n|-heal|p2a: Dondoro|23\/100|[from] item: Leftovers\n|upkeep\n|turn|10\n|\n|t:|1700512613\n|move|p2a: Dondoro|Earthquake|p1a: Gholdengo|[spread] p1a\n|-miss|p2a: Dondoro|p2b: Tatsugiri\n|-supereffective|p1a: Gholdengo\n|-damage|p1a: Gholdengo|0 fnt\n|faint|p1a: Gholdengo\n|\n|win|higashi no gab\n|c|&|\/uhtml prompt-crudodefava,crudo de fava is ready for game 2!\n|inactive|higashi no gab has 50 seconds to confirm battle start!\n|c|&|\/uhtml prompt-higashinogab,higashi no gab is ready for game 2!\nBoth players are ready! Starting next match!\n|l| Porcellone sporco\n|l|\u2606crudo de fava\n","uploadtime":1700513526,"views":13,"p1id":"crudodefava","p2id":"higashinogab","formatid":"gen9vgc2023regulatione","rating":0,"private":0,"password":""}