{"id":"gen9vgc2023regulatione-1992626498","p1":"blindfishptsd","p2":"PokeReplaysVGC","format":"[Gen 9] VGC 2023 Regulation E","log":"|j|\u2606blindfishptsd\n|j|\u2606PokeReplaysVGC\n|t:|1700216893\n|gametype|doubles\n|player|p1|blindfishptsd|medium|\n|player|p2|PokeReplaysVGC|lillie|\n|teamsize|p1|6\n|teamsize|p2|6\n|gen|9\n|tier|[Gen 9] VGC 2023 Regulation E\n|rated|Tournament battle\n|rule|Species Clause: Limit one of each Pok\u00e9mon\n|rule|Item Clause: Limit one of each item\n|clearpoke\n|poke|p1|Chien-Pao, L50|\n|poke|p1|Dragonite, L50, F|\n|poke|p1|Rillaboom, L50, M|\n|poke|p1|Urshifu-*, L50, M|\n|poke|p1|Farigiraf, L50, F|\n|poke|p1|Heatran, L50, F|\n|poke|p2|Gholdengo, L50|\n|poke|p2|Tornadus, L50, M|\n|poke|p2|Rillaboom, L50, M|\n|poke|p2|Arcanine-Hisui, L50, F|\n|poke|p2|Urshifu-*, L50, F|\n|poke|p2|Gastrodon-East, L50, M|\n|teampreview|4\n|showteam|p1|Chien-Pao||FocusSash|SwordofRuin|Protect,SuckerPunch,SacredSword,IcicleCrash||||||50|,,,,,Ghost]Dragonite||ChoiceBand|InnerFocus|ExtremeSpeed,AerialAce,StompingTantrum,Outrage|||F|||50|,,,,,Normal]Rillaboom||MiracleSeed|GrassySurge|WoodHammer,GrassyGlide,Protect,FakeOut|||M|||50|,,,,,Grass]Urshifu-Rapid-Strike||ChoiceScarf|UnseenFist|SurgingStrikes,CloseCombat,AquaJet,Uturn|||M|||50|,,,,,Water]Farigiraf||RockyHelmet|ArmorTail|Psychic,DazzlingGleam,HelpingHand,TrickRoom|||F|||50|,,,,,Fairy]Heatran||AssaultVest|FlashFire|HeatWave,FlashCannon,TeraBlast,EarthPower|||F|||50|,,,,,Fairy\n|showteam|p2|Gholdengo||ChoiceSpecs|GoodasGold|MakeItRain,ShadowBall,Thunderbolt,Psyshock||||||50|,,,,,Steel]Tornadus||RockyHelmet|Prankster|Taunt,Tailwind,BleakwindStorm,Protect|||M|||50|,,,,,Ghost]Rillaboom||AssaultVest|GrassySurge|FakeOut,WoodHammer,GrassyGlide,Uturn|||M|||50|,,,,,Grass]Arcanine-Hisui||ChoiceBand|Intimidate|ExtremeSpeed,RockSlide,FlareBlitz,HeadSmash|||F|||50|,,,,,Normal]Urshifu-Rapid-Strike||ChoiceScarf|UnseenFist|SurgingStrikes,CloseCombat,Uturn,AquaJet|||F|||50|,,,,,Water]Gastrodon-East||Leftovers|StormDrain|EarthPower,IceBeam,Yawn,Protect|||M|||50|,,,,,Fairy\n|inactive|Battle timer is ON: inactive players will automatically lose when time's up. (requested by blindfishptsd)\n|c|\u2606blindfishptsd|glhf\n|c|\u2606PokeReplaysVGC|glhf\n|inactive|PokeReplaysVGC has 60 seconds left.\n|inactive|blindfishptsd has 60 seconds left.\n|\n|t:|1700216945\n|start\n|switch|p1a: Farigiraf|Farigiraf, L50, F|100\/100\n|switch|p1b: Urshifu|Urshifu-Rapid-Strike, L50, M|100\/100\n|switch|p2a: Gholdengo|Gholdengo, L50|100\/100\n|switch|p2b: Urshifu|Urshifu-Rapid-Strike, L50, F|100\/100\n|turn|1\n|inactive|PokeReplaysVGC has 30 seconds left.\n|\n|t:|1700216970\n|-terastallize|p2a: Gholdengo|Steel\n|move|p1b: Urshifu|U-turn|p2b: Urshifu\n|-resisted|p2b: Urshifu\n|-damage|p2b: Urshifu|89\/100\n|\n|t:|1700216974\n|switch|p1b: Heatran|Heatran, L50, F|100\/100|[from] U-turn\n|move|p2b: Urshifu|Surging Strikes|p1a: Farigiraf\n|-crit|p1a: Farigiraf\n|-damage|p1a: Farigiraf|83\/100\n|-damage|p2b: Urshifu|73\/100|[from] item: Rocky Helmet|[of] p1a: Farigiraf\n|-crit|p1a: Farigiraf\n|-damage|p1a: Farigiraf|65\/100\n|-damage|p2b: Urshifu|56\/100|[from] item: Rocky Helmet|[of] p1a: Farigiraf\n|-crit|p1a: Farigiraf\n|-damage|p1a: Farigiraf|47\/100\n|-damage|p2b: Urshifu|39\/100|[from] item: Rocky Helmet|[of] p1a: Farigiraf\n|-hitcount|p1a: Farigiraf|3\n|move|p2a: Gholdengo|Make It Rain|p1b: Heatran|[spread] p1a,p1b\n|-resisted|p1b: Heatran\n|-damage|p1a: Farigiraf|0 fnt\n|-damage|p1b: Heatran|88\/100\n|-unboost|p2a: Gholdengo|spa|1\n|faint|p1a: Farigiraf\n|\n|upkeep\n|j| smolikansl\n|\n|t:|1700216987\n|switch|p1a: Rillaboom|Rillaboom, L50, M|100\/100\n|-fieldstart|move: Grassy Terrain|[from] ability: Grassy Surge|[of] p1a: Rillaboom\n|turn|2\n|\n|t:|1700217000\n|switch|p2a: Tornadus|Tornadus, L50, M|100\/100\n|move|p1a: Rillaboom|Grassy Glide|p2b: Urshifu\n|-supereffective|p2b: Urshifu\n|-damage|p2b: Urshifu|0 fnt\n|faint|p2b: Urshifu\n|move|p1b: Heatran|Earth Power|p2a: Tornadus\n|-immune|p2a: Tornadus\n|\n|-heal|p1b: Heatran|94\/100|[from] Grassy Terrain\n|upkeep\n|l| smolikansl\n|\n|t:|1700217009\n|switch|p2b: Gholdengo|Gholdengo, L50, tera:Steel|100\/100\n|turn|3\n|\n|t:|1700217020\n|move|p1a: Rillaboom|Protect|p1a: Rillaboom\n|-singleturn|p1a: Rillaboom|Protect\n|move|p2a: Tornadus|Bleakwind Storm|p1a: Rillaboom|[spread] p1b\n|-activate|p1a: Rillaboom|move: Protect\n|-resisted|p1b: Heatran\n|-crit|p1b: Heatran\n|-damage|p1b: Heatran|78\/100\n|move|p2b: Gholdengo|Shadow Ball|p1b: Heatran\n|-damage|p1b: Heatran|41\/100\n|move|p1b: Heatran|Heat Wave|p2a: Tornadus|[spread] p2a,p2b\n|-supereffective|p2b: Gholdengo\n|-damage|p2a: Tornadus|55\/100\n|-damage|p2b: Gholdengo|20\/100\n|\n|-heal|p2b: Gholdengo|26\/100|[from] Grassy Terrain\n|-heal|p1b: Heatran|47\/100|[from] Grassy Terrain\n|upkeep\n|turn|4\n|inactive|blindfishptsd has 30 seconds left.\n|\n|t:|1700217049\n|-terastallize|p1a: Rillaboom|Grass\n|move|p1a: Rillaboom|Grassy Glide|p2b: Gholdengo\n|-resisted|p2b: Gholdengo\n|-damage|p2b: Gholdengo|0 fnt\n|faint|p2b: Gholdengo\n|move|p2a: Tornadus|Bleakwind Storm|p1a: Rillaboom|[spread] p1a,p1b\n|-supereffective|p1a: Rillaboom\n|-resisted|p1b: Heatran\n|-crit|p1b: Heatran\n|-damage|p1a: Rillaboom|19\/100\n|-damage|p1b: Heatran|33\/100\n|-unboost|p1b: Heatran|spe|1\n|move|p1b: Heatran|Heat Wave|p2a: Tornadus\n|-damage|p2a: Tornadus|0 fnt\n|faint|p2a: Tornadus\n|\n|-heal|p1a: Rillaboom|25\/100|[from] Grassy Terrain\n|-heal|p1b: Heatran|39\/100|[from] Grassy Terrain\n|upkeep\n|\n|t:|1700217054\n|switch|p2b: Gastrodon|Gastrodon-East, L50, M|100\/100\n|turn|5\n|c|\u2606PokeReplaysVGC|gg\n|\n|t:|1700217065\n|move|p1a: Rillaboom|Grassy Glide|p2b: Gastrodon\n|-supereffective|p2b: Gastrodon\n|-damage|p2b: Gastrodon|0 fnt\n|faint|p2b: Gastrodon\n|\n|win|blindfishptsd\n|n|\u2606blindfishptsd|blindfishptsd\n|n|\u2606PokeReplaysVGC|pokereplaysvgc\n","uploadtime":1700217067,"views":8,"p1id":"blindfishptsd","p2id":"pokereplaysvgc","formatid":"gen9vgc2023regulatione","rating":0,"private":0,"password":""}