{"id":"gen9vgc2023regulatione-1996035759","p1":"Beauty Nova","p2":"kaynine2213","format":"[Gen 9] VGC 2023 Regulation E","log":"|j|\u2606Beauty Nova\n|j|\u2606kaynine2213\n|t:|1700632986\n|gametype|doubles\n|player|p1|Beauty Nova|beauty-gen6xy|1137\n|player|p2|kaynine2213|170|1087\n|teamsize|p1|6\n|teamsize|p2|6\n|gen|9\n|tier|[Gen 9] VGC 2023 Regulation E\n|rated|\n|rule|Species Clause: Limit one of each Pok\u00e9mon\n|rule|Item Clause: Limit one of each item\n|clearpoke\n|poke|p1|Oricorio-Sensu, L50, F|\n|poke|p1|Flamigo, L50, F|\n|poke|p1|Volcarona, L50, M|\n|poke|p1|Vivillon-Fancy, L50, F|\n|poke|p1|Lilligant, L50, F|\n|poke|p1|Torkoal, L50, F|\n|poke|p2|Ursaluna-Bloodmoon, L50, M|\n|poke|p2|Cresselia, L50, F|\n|poke|p2|Arcanine-Hisui, L50, F|\n|poke|p2|Rillaboom, L50, M|\n|poke|p2|Ogerpon-Wellspring, L50, F|\n|poke|p2|Flutter Mane, L50|\n|teampreview|4\n|\n|t:|1700633024\n|start\n|switch|p1a: Oricorio|Oricorio-Sensu, L50, F|100\/100\n|switch|p1b: Lilligant|Lilligant, L50, F|100\/100\n|switch|p2a: Rillaboom|Rillaboom, L50, M|100\/100\n|switch|p2b: Arcanine|Arcanine-Hisui, L50, F|100\/100\n|-ability|p2b: Arcanine|Intimidate|boost\n|-unboost|p1a: Oricorio|atk|1\n|-unboost|p1b: Lilligant|atk|1\n|-fieldstart|move: Grassy Terrain|[from] ability: Grassy Surge|[of] p2a: Rillaboom\n|turn|1\n|inactive|Battle timer is ON: inactive players will automatically lose when time's up. (requested by kaynine2213)\n|\n|t:|1700633055\n|move|p1a: Oricorio|Protect|p1a: Oricorio\n|-singleturn|p1a: Oricorio|Protect\n|move|p2a: Rillaboom|Fake Out|p1b: Lilligant\n|-damage|p1b: Lilligant|79\/100\n|move|p1b: Lilligant|Quiver Dance|p1b: Lilligant\n|-boost|p1b: Lilligant|spa|1\n|-boost|p1b: Lilligant|spd|1\n|-boost|p1b: Lilligant|spe|1\n|-activate|p1a: Oricorio|ability: Dancer\n|move|p1a: Oricorio|Quiver Dance|p1a: Oricorio|[from]ability: Dancer\n|-boost|p1a: Oricorio|spa|1\n|-boost|p1a: Oricorio|spd|1\n|-boost|p1a: Oricorio|spe|1\n|move|p2b: Arcanine|Flare Blitz|p1b: Lilligant\n|-supereffective|p1b: Lilligant\n|-damage|p1b: Lilligant|0 fnt\n|faint|p1b: Lilligant\n|-damage|p2b: Arcanine|79\/100|[from] Recoil\n|\n|-heal|p2b: Arcanine|85\/100|[from] Grassy Terrain\n|upkeep\n|\n|t:|1700633073\n|switch|p1b: Flamigo|Flamigo, L50, F|100\/100\n|-copyboost|p1b: Flamigo|p1a: Oricorio|[from] ability: Costar\n|turn|2\n|inactive|kaynine2213 has 30 seconds left.\n|inactive|kaynine2213 has 20 seconds left.\n|inactive|kaynine2213 has 15 seconds left.\n|inactive|kaynine2213 has 10 seconds left.\n|inactive|kaynine2213 has 5 seconds left.\n|\n|t:|1700633124\n|move|p1b: Flamigo|Quick Guard|p1b: Flamigo\n|-singleturn|p1b: Flamigo|Quick Guard\n|move|p1a: Oricorio|Substitute|p1a: Oricorio\n|-start|p1a: Oricorio|Substitute\n|-damage|p1a: Oricorio|75\/100\n|move|p2b: Arcanine|Flare Blitz|p1b: Flamigo\n|-damage|p1b: Flamigo|0 fnt\n|faint|p1b: Flamigo\n|-damage|p2b: Arcanine|56\/100|[from] Recoil\n|move|p2a: Rillaboom|U-turn|p1a: Oricorio\n|-resisted|p1a: Oricorio\n|-activate|p1a: Oricorio|move: Substitute|[damage]\n|\n|t:|1700633139\n|switch|p2a: Flutter Mane|Flutter Mane, L50|100\/100|[from] U-turn\n|\n|-heal|p1a: Oricorio|81\/100|[from] item: Leftovers\n|-heal|p2b: Arcanine|62\/100|[from] Grassy Terrain\n|upkeep\n|\n|t:|1700633142\n|switch|p1b: Torkoal|Torkoal, L50, F|100\/100\n|-weather|SunnyDay|[from] ability: Drought|[of] p1b: Torkoal\n|-activate|p2a: Flutter Mane|ability: Protosynthesis\n|-start|p2a: Flutter Mane|protosynthesisspe\n|turn|3\n|inactive|kaynine2213 has 30 seconds left.\n|\n|t:|1700633171\n|-terastallize|p2a: Flutter Mane|Fairy\n|move|p2a: Flutter Mane|Moonblast|p1b: Torkoal\n|-resisted|p1b: Torkoal\n|-damage|p1b: Torkoal|30\/100\n|-unboost|p1b: Torkoal|spa|1\n|move|p1a: Oricorio|Revelation Dance|p2b: Arcanine\n|-damage|p2b: Arcanine|0 fnt\n|faint|p2b: Arcanine\n|move|p1b: Torkoal|Shell Smash|p1b: Torkoal\n|-unboost|p1b: Torkoal|def|1\n|-unboost|p1b: Torkoal|spd|1\n|-boost|p1b: Torkoal|atk|2\n|-boost|p1b: Torkoal|spa|2\n|-boost|p1b: Torkoal|spe|2\n|\n|-weather|SunnyDay|[upkeep]\n|-heal|p1a: Oricorio|87\/100|[from] item: Leftovers\n|-heal|p1b: Torkoal|36\/100|[from] Grassy Terrain\n|upkeep\n|\n|t:|1700633189\n|switch|p2b: Ogerpon|Ogerpon-Wellspring, L50, F|100\/100\n|turn|4\n|\n|t:|1700633206\n|move|p1b: Torkoal|Protect|p1b: Torkoal\n|-singleturn|p1b: Torkoal|Protect\n|move|p2a: Flutter Mane|Moonblast|p1b: Torkoal\n|-activate|p1b: Torkoal|move: Protect\n|move|p1a: Oricorio|Revelation Dance|p2b: Ogerpon\n|-damage|p2b: Ogerpon|38\/100\n|move|p2b: Ogerpon|Horn Leech|p1a: Oricorio\n|-resisted|p1a: Oricorio\n|-end|p1a: Oricorio|Substitute\n|-heal|p2b: Ogerpon|45\/100|[from] drain|[of] p1a: Oricorio\n|\n|-weather|SunnyDay|[upkeep]\n|-heal|p1a: Oricorio|93\/100|[from] item: Leftovers\n|-heal|p2b: Ogerpon|51\/100|[from] Grassy Terrain\n|-heal|p1b: Torkoal|42\/100|[from] Grassy Terrain\n|upkeep\n|turn|5\n|inactive|kaynine2213 has 30 seconds left.\n|\n|t:|1700633233\n|-terastallize|p1a: Oricorio|Fire\n|move|p2a: Flutter Mane|Moonblast|p1b: Torkoal\n|-resisted|p1b: Torkoal\n|-damage|p1b: Torkoal|0 fnt\n|faint|p1b: Torkoal\n|move|p1a: Oricorio|Revelation Dance|p2b: Ogerpon\n|-damage|p2b: Ogerpon|0 fnt\n|faint|p2b: Ogerpon\n|\n|-weather|SunnyDay|[upkeep]\n|-heal|p1a: Oricorio|99\/100|[from] Grassy Terrain\n|-heal|p1a: Oricorio|100\/100|[from] item: Leftovers\n|-fieldend|move: Grassy Terrain\n|upkeep\n|\n|t:|1700633247\n|switch|p2b: Rillaboom|Rillaboom, L50, M|100\/100\n|-fieldstart|move: Grassy Terrain|[from] ability: Grassy Surge|[of] p2b: Rillaboom\n|turn|6\n|\n|t:|1700633253\n|move|p1a: Oricorio|Protect|p1a: Oricorio\n|-singleturn|p1a: Oricorio|Protect\n|move|p2b: Rillaboom|Fake Out|p1a: Oricorio\n|-activate|p1a: Oricorio|move: Protect\n|move|p2a: Flutter Mane|Moonblast|p1a: Oricorio\n|-activate|p1a: Oricorio|move: Protect\n|\n|-weather|SunnyDay|[upkeep]\n|upkeep\n|turn|7\n|\n|t:|1700633268\n|move|p2a: Flutter Mane|Moonblast|p1a: Oricorio\n|-resisted|p1a: Oricorio\n|-damage|p1a: Oricorio|47\/100\n|move|p1a: Oricorio|Revelation Dance|p2b: Rillaboom\n|-supereffective|p2b: Rillaboom\n|-damage|p2b: Rillaboom|0 fnt\n|faint|p2b: Rillaboom\n|\n|-weather|none\n|-end|p2a: Flutter Mane|Protosynthesis\n|-heal|p1a: Oricorio|53\/100|[from] Grassy Terrain\n|-heal|p1a: Oricorio|59\/100|[from] item: Leftovers\n|upkeep\n|turn|8\n|\n|t:|1700633282\n|move|p1a: Oricorio|Protect|p1a: Oricorio\n|-singleturn|p1a: Oricorio|Protect\n|move|p2a: Flutter Mane|Moonblast|p1a: Oricorio\n|-activate|p1a: Oricorio|move: Protect\n|\n|-heal|p1a: Oricorio|65\/100|[from] Grassy Terrain\n|-heal|p1a: Oricorio|71\/100|[from] item: Leftovers\n|upkeep\n|turn|9\n|\n|t:|1700633292\n|move|p1a: Oricorio|Revelation Dance|p2a: Flutter Mane\n|-damage|p2a: Flutter Mane|31\/100\n|move|p2a: Flutter Mane|Moonblast|p1a: Oricorio\n|-resisted|p1a: Oricorio\n|-damage|p1a: Oricorio|18\/100\n|\n|-heal|p1a: Oricorio|24\/100|[from] Grassy Terrain\n|-heal|p1a: Oricorio|30\/100|[from] item: Leftovers\n|-heal|p2a: Flutter Mane|37\/100|[from] Grassy Terrain\n|upkeep\n|turn|10\n|\n|t:|1700633304\n|move|p1a: Oricorio|Revelation Dance|p2a: Flutter Mane\n|-damage|p2a: Flutter Mane|0 fnt\n|faint|p2a: Flutter Mane\n|-end|p2a: Flutter Mane|Protosynthesis|[silent]\n|\n|win|Beauty Nova\n|raw|Beauty Nova's rating: 1137 &rarr; <strong>1158<\/strong><br \/>(+21 for winning)\n|raw|kaynine2213's rating: 1087 &rarr; <strong>1067<\/strong><br \/>(-20 for losing)\n|l|\u2606kaynine2213\n","uploadtime":1700633310,"views":1,"p1id":"beautynova","p2id":"kaynine2213","formatid":"gen9vgc2023regulatione","rating":1067,"private":0,"password":""}