{"id":"gen9vgc2023regulatione-1994724631","p1":"F8S","p2":"BlindMagneton","format":"[Gen 9] VGC 2023 Regulation E","log":"|j|\u2606F8S\n|j|\u2606BlindMagneton\n|t:|1700486027\n|gametype|doubles\n|player|p1|F8S|blue|1448\n|player|p2|BlindMagneton|wattson|1513\n|teamsize|p1|6\n|teamsize|p2|6\n|gen|9\n|tier|[Gen 9] VGC 2023 Regulation E\n|rated|\n|rule|Species Clause: Limit one of each Pok\u00e9mon\n|rule|Item Clause: Limit one of each item\n|clearpoke\n|poke|p1|Landorus, L50, M|\n|poke|p1|Iron Bundle, L50|\n|poke|p1|Tornadus, L50, M|\n|poke|p1|Chi-Yu, L50|\n|poke|p1|Farigiraf, L50, F|\n|poke|p1|Amoonguss, L50, F|\n|poke|p2|Mandibuzz, L50, F|\n|poke|p2|Abomasnow, L50, M|\n|poke|p2|Roaring Moon, L50|\n|poke|p2|Brambleghast, L50, F|\n|poke|p2|Garganacl, L50, M|\n|poke|p2|Chien-Pao, L50|\n|teampreview|4\n|inactive|Battle timer is ON: inactive players will automatically lose when time's up. (requested by F8S)\n|inactive|F8S has 60 seconds left.\n|inactive|BlindMagneton has 60 seconds left.\n|\n|t:|1700486066\n|start\n|switch|p1a: Tornadus|Tornadus, L50, M|100\/100\n|switch|p1b: Iron Bundle|Iron Bundle, L50|100\/100\n|switch|p2a: Mandibuzz|Mandibuzz, L50, F|100\/100\n|switch|p2b: Abomasnow|Abomasnow, L50, M|100\/100\n|-weather|Snow|[from] ability: Snow Warning|[of] p2b: Abomasnow\n|-enditem|p1b: Iron Bundle|Booster Energy\n|-activate|p1b: Iron Bundle|ability: Quark Drive|[fromitem]\n|-start|p1b: Iron Bundle|quarkdrivespe\n|turn|1\n|inactive|BlindMagneton has 30 seconds left.\n|inactive|BlindMagneton has 20 seconds left.\n|inactive|BlindMagneton has 15 seconds left.\n|\n|t:|1700486109\n|switch|p2b: Brambleghast|Brambleghast, L50, F|100\/100\n|move|p2a: Mandibuzz|Protect|p2a: Mandibuzz\n|-singleturn|p2a: Mandibuzz|Protect\n|move|p1a: Tornadus|Sunny Day|p1a: Tornadus\n|-weather|SunnyDay\n|move|p1b: Iron Bundle|Freeze-Dry|p2a: Mandibuzz\n|-activate|p2a: Mandibuzz|move: Protect\n|\n|-weather|SunnyDay|[upkeep]\n|upkeep\n|turn|2\n|inactive|BlindMagneton has 30 seconds left.\n|\n|t:|1700486140\n|switch|p1a: Chi-Yu|Chi-Yu, L50|100\/100\n|-ability|p1a: Chi-Yu|Beads of Ruin\n|switch|p2a: Abomasnow|Abomasnow, L50, M|100\/100\n|-weather|Snow|[from] ability: Snow Warning|[of] p2a: Abomasnow\n|move|p2b: Brambleghast|Protect|p2b: Brambleghast\n|-singleturn|p2b: Brambleghast|Protect\n|move|p1b: Iron Bundle|Encore||[still]\n|-fail|p1b: Iron Bundle\n|\n|-weather|Snow|[upkeep]\n|upkeep\n|turn|3\n|inactive|BlindMagneton has 30 seconds left.\n|\n|t:|1700486165\n|switch|p2b: Garganacl|Garganacl, L50, M|100\/100\n|-terastallize|p1a: Chi-Yu|Fire\n|move|p1b: Iron Bundle|Encore||[still]\n|-fail|p1b: Iron Bundle\n|move|p1a: Chi-Yu|Heat Wave|p2b: Garganacl|[spread] p2a,p2b\n|-supereffective|p2a: Abomasnow\n|-resisted|p2b: Garganacl\n|-enditem|p2a: Abomasnow|Focus Sash\n|-damage|p2a: Abomasnow|1\/100\n|-damage|p2b: Garganacl|77\/100\n|move|p2a: Abomasnow|Energy Ball|p1b: Iron Bundle\n|-supereffective|p1b: Iron Bundle\n|-damage|p1b: Iron Bundle|0 fnt\n|faint|p1b: Iron Bundle\n|-end|p1b: Iron Bundle|Quark Drive|[silent]\n|\n|-weather|Snow|[upkeep]\n|-heal|p2b: Garganacl|83\/100|[from] item: Leftovers\n|upkeep\n|\n|t:|1700486178\n|switch|p1b: Landorus|Landorus, L50, M|100\/100\n|turn|4\n|inactive|BlindMagneton has 30 seconds left.\n|\n|t:|1700486205\n|move|p2a: Abomasnow|Protect|p2a: Abomasnow\n|-singleturn|p2a: Abomasnow|Protect\n|move|p1b: Landorus|Earth Power|p2b: Garganacl\n|-supereffective|p2b: Garganacl\n|-damage|p2b: Garganacl|0 fnt\n|faint|p2b: Garganacl\n|move|p1a: Chi-Yu|Dark Pulse|p2a: Abomasnow\n|-activate|p2a: Abomasnow|move: Protect\n|\n|-weather|Snow|[upkeep]\n|upkeep\n|\n|t:|1700486216\n|switch|p2b: Mandibuzz|Mandibuzz, L50, F|100\/100\n|turn|5\n|\n|t:|1700486228\n|switch|p1b: Tornadus|Tornadus, L50, M|100\/100\n|move|p2a: Abomasnow|Ice Shard|p2b: Mandibuzz\n|-supereffective|p2b: Mandibuzz\n|-damage|p2b: Mandibuzz|78\/100\n|-ability|p2b: Mandibuzz|Weak Armor|boost\n|-unboost|p2b: Mandibuzz|def|1\n|-boost|p2b: Mandibuzz|spe|2\n|-enditem|p2b: Mandibuzz|Weakness Policy\n|-boost|p2b: Mandibuzz|atk|2|[from] item: Weakness Policy\n|-boost|p2b: Mandibuzz|spa|2|[from] item: Weakness Policy\n|move|p2b: Mandibuzz|Lash Out|p1b: Tornadus\n|-damage|p1b: Tornadus|0 fnt\n|faint|p1b: Tornadus\n|move|p1a: Chi-Yu|Heat Wave|p2a: Abomasnow|[spread] p2a,p2b\n|-supereffective|p2a: Abomasnow\n|-damage|p2a: Abomasnow|0 fnt\n|-damage|p2b: Mandibuzz|16\/100\n|faint|p2a: Abomasnow\n|\n|-weather|Snow|[upkeep]\n|upkeep\n|\n|t:|1700486244\n|switch|p1b: Landorus|Landorus, L50, M|100\/100\n|switch|p2a: Brambleghast|Brambleghast, L50, F|100\/100\n|turn|6\n|\n|t:|1700486260\n|move|p2b: Mandibuzz|Protect|p2b: Mandibuzz\n|-singleturn|p2b: Mandibuzz|Protect\n|move|p2a: Brambleghast|Protect|p2a: Brambleghast\n|-singleturn|p2a: Brambleghast|Protect\n|move|p1b: Landorus|Sludge Bomb|p2a: Brambleghast\n|-activate|p2a: Brambleghast|move: Protect\n|move|p1a: Chi-Yu|Dark Pulse|p2b: Mandibuzz\n|-activate|p2b: Mandibuzz|move: Protect\n|\n|-weather|none\n|upkeep\n|turn|7\n|inactive|BlindMagneton has 30 seconds left.\n|\n|t:|1700486291\n|-terastallize|p2b: Mandibuzz|Ground\n|move|p2b: Mandibuzz|Bone Rush|p1a: Chi-Yu\n|-supereffective|p1a: Chi-Yu\n|-damage|p1a: Chi-Yu|36\/100\n|-supereffective|p1a: Chi-Yu\n|-damage|p1a: Chi-Yu|0 fnt\n|faint|p1a: Chi-Yu\n|-hitcount|p1: Chi-Yu|2\n|move|p1b: Landorus|Sludge Bomb|p2a: Brambleghast\n|-damage|p2a: Brambleghast|46\/100\n|move|p2a: Brambleghast|Power Whip|p1b: Landorus\n|-damage|p1b: Landorus|40\/100\n|\n|upkeep\n|turn|8\n|c|\u2606F8S|gg\n|-message|F8S forfeited.\n|\n|win|BlindMagneton\n|raw|F8S's rating: 1448 &rarr; <strong>1432<\/strong><br \/>(-16 for losing)\n|raw|BlindMagneton's rating: 1513 &rarr; <strong>1529<\/strong><br \/>(+16 for winning)\n|l|\u2606F8S\n|c|\u2606BlindMagneton|gg\n","uploadtime":1700486311,"views":6,"p1id":"f8s","p2id":"blindmagneton","formatid":"gen9vgc2023regulatione","rating":1432,"private":0,"password":""}