{"id":"gen9vgc2023regulatione-1995874630","p1":"mxgicqly","p2":"Tweethor","format":"[Gen 9] VGC 2023 Regulation E","log":"|j|\u2606mxgicqly\n|j|\u2606Tweethor\n|t:|1700612282\n|gametype|doubles\n|player|p1|mxgicqly|waiter-gen4dp|1145\n|player|p2|Tweethor|cynthia|1103\n|teamsize|p1|6\n|teamsize|p2|6\n|gen|9\n|tier|[Gen 9] VGC 2023 Regulation E\n|rated|\n|rule|Species Clause: Limit one of each Pok\u00e9mon\n|rule|Item Clause: Limit one of each item\n|clearpoke\n|poke|p1|Dragapult, L50, F|\n|poke|p1|Amoonguss, L50, M|\n|poke|p1|Ogerpon-Hearthflame, L50, F|\n|poke|p1|Iron Bundle, L50|\n|poke|p1|Rillaboom, L50, M|\n|poke|p1|Chien-Pao, L50|\n|poke|p2|Hatterene, L50, F|\n|poke|p2|Amoonguss, L50, F|\n|poke|p2|Ursaluna, L50, M|\n|poke|p2|Oranguru, L50, M|\n|poke|p2|Copperajah, L50, F|\n|poke|p2|Sylveon, L50, M|\n|teampreview|4\n|inactive|Battle timer is ON: inactive players will automatically lose when time's up. (requested by mxgicqly)\n|inactive|mxgicqly has 60 seconds left.\n|\n|t:|1700612320\n|start\n|switch|p1a: Rillaboom|Rillaboom, L50, M|100\/100\n|switch|p1b: Iron Bundle|Iron Bundle, L50|100\/100\n|switch|p2a: Hatterene|Hatterene, L50, F|100\/100\n|switch|p2b: Ursaluna|Ursaluna, L50, M|100\/100\n|-fieldstart|move: Grassy Terrain|[from] ability: Grassy Surge|[of] p1a: Rillaboom\n|-enditem|p1b: Iron Bundle|Booster Energy\n|-activate|p1b: Iron Bundle|ability: Quark Drive|[fromitem]\n|-start|p1b: Iron Bundle|quarkdrivespe\n|turn|1\n|\n|t:|1700612336\n|move|p2b: Ursaluna|Protect|p2b: Ursaluna\n|-singleturn|p2b: Ursaluna|Protect\n|move|p1a: Rillaboom|Fake Out|p2a: Hatterene\n|-damage|p2a: Hatterene|83\/100\n|move|p1b: Iron Bundle|Freeze-Dry|p2a: Hatterene\n|-damage|p2a: Hatterene|57\/100\n|cant|p2a: Hatterene|flinch\n|\n|-heal|p2a: Hatterene|63\/100|[from] Grassy Terrain\n|-status|p2b: Ursaluna|brn|[from] item: Flame Orb\n|upkeep\n|turn|2\n|\n|t:|1700612353\n|-terastallize|p2b: Ursaluna|Fighting\n|move|p1b: Iron Bundle|Encore|p2b: Ursaluna\n|-start|p2b: Ursaluna|Encore\n|move|p1a: Rillaboom|Wood Hammer|p2b: Ursaluna\n|-damage|p2b: Ursaluna|41\/100 brn\n|-damage|p1a: Rillaboom|78\/100|[from] Recoil\n|move|p2b: Ursaluna|Protect||[still]\n|-fail|p2b: Ursaluna\n|move|p2a: Hatterene|Trick Room|p2a: Hatterene\n|-fieldstart|move: Trick Room|[of] p2a: Hatterene\n|\n|-heal|p2a: Hatterene|69\/100|[from] Grassy Terrain\n|-heal|p2b: Ursaluna|46\/100 brn|[from] Grassy Terrain\n|-heal|p1a: Rillaboom|84\/100|[from] Grassy Terrain\n|-damage|p2b: Ursaluna|41\/100 brn|[from] brn\n|upkeep\n|turn|3\n|inactive|Tweethor has 30 seconds left.\n|\n|t:|1700612379\n|switch|p2b: Copperajah|Copperajah, L50, F|100\/100\n|move|p2a: Hatterene|Life Dew||[still]|[spread] p2a,p2b\n|-heal|p2a: Hatterene|94\/100\n|-fail|p2b: Copperajah|heal\n|move|p1a: Rillaboom|Knock Off|p2a: Hatterene\n|-damage|p2a: Hatterene|55\/100\n|-enditem|p2a: Hatterene|Focus Sash|[from] move: Knock Off|[of] p1a: Rillaboom\n|move|p1b: Iron Bundle|Encore|p2a: Hatterene\n|move|p2a: Hatterene|Encore||[from]ability: Magic Bounce|[still]\n|-fail|p2a: Hatterene\n|\n|-heal|p2a: Hatterene|61\/100|[from] Grassy Terrain\n|-heal|p1a: Rillaboom|89\/100|[from] Grassy Terrain\n|upkeep\n|turn|4\n|inactive|mxgicqly has 30 seconds left.\n|inactive|mxgicqly has 20 seconds left.\n|inactive|mxgicqly has 15 seconds left.\n|\n|t:|1700612422\n|move|p2a: Hatterene|Helping Hand|p2b: Copperajah\n|-singleturn|p2b: Copperajah|Helping Hand|[of] p2a: Hatterene\n|move|p1b: Iron Bundle|Protect|p1b: Iron Bundle\n|-singleturn|p1b: Iron Bundle|Protect\n|move|p1a: Rillaboom|Grassy Glide|p2a: Hatterene\n|-damage|p2a: Hatterene|21\/100\n|move|p2b: Copperajah|Rock Slide|p1a: Rillaboom|[spread] p1a\n|-activate|p1b: Iron Bundle|move: Protect\n|-damage|p1a: Rillaboom|27\/100\n|\n|-heal|p2a: Hatterene|27\/100|[from] Grassy Terrain\n|-heal|p1a: Rillaboom|33\/100|[from] Grassy Terrain\n|upkeep\n|turn|5\n|inactive|mxgicqly has 30 seconds left.\n|inactive|mxgicqly has 20 seconds left.\n|inactive|mxgicqly has 15 seconds left.\n|inactive|mxgicqly has 10 seconds left.\n|\n|t:|1700612471\n|-end|p1b: Iron Bundle|Quark Drive|[silent]\n|switch|p1b: Chien-Pao|Chien-Pao, L50|100\/100\n|-ability|p1b: Chien-Pao|Sword of Ruin\n|move|p2a: Hatterene|Life Dew||[still]|[spread] p2a,p2b\n|-heal|p2a: Hatterene|52\/100\n|-fail|p2b: Copperajah|heal\n|move|p2b: Copperajah|Rock Slide|p1b: Chien-Pao|[spread] p1a,p1b\n|-supereffective|p1b: Chien-Pao\n|-damage|p1a: Rillaboom|0 fnt\n|-enditem|p1b: Chien-Pao|Focus Sash\n|-damage|p1b: Chien-Pao|1\/100\n|faint|p1a: Rillaboom\n|\n|-heal|p2a: Hatterene|58\/100|[from] Grassy Terrain\n|-heal|p1b: Chien-Pao|7\/100|[from] Grassy Terrain\n|-fieldend|move: Grassy Terrain\n|upkeep\n|inactive|mxgicqly has 30 seconds left.\n|\n|t:|1700612502\n|switch|p1a: Iron Bundle|Iron Bundle, L50|100\/100\n|turn|6\n|\n|t:|1700612515\n|move|p1b: Chien-Pao|Protect|p1b: Chien-Pao\n|-singleturn|p1b: Chien-Pao|Protect\n|move|p1a: Iron Bundle|Protect|p1a: Iron Bundle\n|-singleturn|p1a: Iron Bundle|Protect\n|move|p2a: Hatterene|Life Dew||[still]|[spread] p2a,p2b\n|-heal|p2a: Hatterene|83\/100\n|-fail|p2b: Copperajah|heal\n|move|p2b: Copperajah|Rock Slide|p1a: Iron Bundle|[spread] \n|-activate|p1a: Iron Bundle|move: Protect\n|-activate|p1b: Chien-Pao|move: Protect\n|\n|-fieldend|move: Trick Room\n|upkeep\n|turn|7\n|inactive|mxgicqly has 30 seconds left.\n|inactive|mxgicqly has 20 seconds left.\n|inactive|mxgicqly has 15 seconds left.\n|\n|t:|1700612558\n|switch|p2b: Sylveon|Sylveon, L50, M|100\/100\n|move|p1a: Iron Bundle|Freeze-Dry|p2a: Hatterene\n|-damage|p2a: Hatterene|54\/100\n|move|p1b: Chien-Pao|Ice Spinner|p2a: Hatterene\n|-damage|p2a: Hatterene|0 fnt\n|faint|p2a: Hatterene\n|\n|upkeep\n|\n|t:|1700612573\n|switch|p2a: Copperajah|Copperajah, L50, F|100\/100\n|turn|8\n|inactive|mxgicqly has 30 seconds left.\n|\n|t:|1700612599\n|move|p1a: Iron Bundle|Protect|p1a: Iron Bundle\n|-singleturn|p1a: Iron Bundle|Protect\n|move|p1b: Chien-Pao|Sacred Sword|p2a: Copperajah\n|-supereffective|p2a: Copperajah\n|-damage|p2a: Copperajah|19\/100\n|move|p2b: Sylveon|Hyper Voice|p1b: Chien-Pao|[spread] p1b\n|-activate|p1a: Iron Bundle|move: Protect\n|-supereffective|p1b: Chien-Pao\n|-damage|p1b: Chien-Pao|0 fnt\n|faint|p1b: Chien-Pao\n|move|p2a: Copperajah|Rock Slide|p1a: Iron Bundle\n|-activate|p1a: Iron Bundle|move: Protect\n|\n|upkeep\n|\n|t:|1700612618\n|switch|p1b: Ogerpon|Ogerpon-Hearthflame, L50, F|100\/100\n|-ability|p1b: Ogerpon|Mold Breaker\n|turn|9\n|inactive|mxgicqly has 30 seconds left.\n|\n|t:|1700612645\n|-terastallize|p1b: Ogerpon|Fire\n|detailschange|p1b: Ogerpon|Ogerpon-Hearthflame-Tera, L50, F, tera:Fire\n|-ability|p1b: Ogerpon|Embody Aspect (Hearthflame)|boost\n|-boost|p1b: Ogerpon|atk|1\n|move|p1a: Iron Bundle|Encore|p2b: Sylveon\n|-start|p2b: Sylveon|Encore\n|move|p1b: Ogerpon|Ivy Cudgel|p2a: Copperajah|[anim] Ivy Cudgel Fire\n|-supereffective|p2a: Copperajah\n|-damage|p2a: Copperajah|0 fnt\n|faint|p2a: Copperajah\n|move|p2b: Sylveon|Hyper Voice|p1a: Iron Bundle|[spread] p1a,p1b\n|-resisted|p1b: Ogerpon\n|-damage|p1a: Iron Bundle|0 fnt\n|-damage|p1b: Ogerpon|64\/100\n|faint|p1a: Iron Bundle\n|-end|p1a: Iron Bundle|Quark Drive|[silent]\n|\n|upkeep\n|\n|t:|1700612657\n|switch|p2a: Ursaluna|Ursaluna, L50, M, tera:Fighting|41\/100 brn\n|turn|10\n|\n|t:|1700612665\n|move|p1b: Ogerpon|Ivy Cudgel|p2a: Ursaluna|[anim] Ivy Cudgel Fire\n|-damage|p2a: Ursaluna|0 fnt\n|faint|p2a: Ursaluna\n|move|p2b: Sylveon|Hyper Voice|p1b: Ogerpon\n|-resisted|p1b: Ogerpon\n|-damage|p1b: Ogerpon|11\/100\n|\n|upkeep\n|turn|11\n|\n|t:|1700612669\n|move|p1b: Ogerpon|Ivy Cudgel|p2b: Sylveon|[anim] Ivy Cudgel Fire\n|-damage|p2b: Sylveon|0 fnt\n|faint|p2b: Sylveon\n|\n|win|mxgicqly\n|raw|mxgicqly's rating: 1145 &rarr; <strong>1167<\/strong><br \/>(+22 for winning)\n|raw|Tweethor's rating: 1103 &rarr; <strong>1081<\/strong><br \/>(-22 for losing)\n|l|\u2606Tweethor\n","uploadtime":1700612693,"views":10,"p1id":"mxgicqly","p2id":"tweethor","formatid":"gen9vgc2023regulatione","rating":1081,"private":0,"password":""}