{"id":"gen9vgc2023regulatione-1999044067","p1":"KilliamFerair","p2":"pereprior.test8","format":"[Gen 9] VGC 2023 Regulation E","log":"|j|\u2606KilliamFerair\n|j|\u2606pereprior.test8\n|t:|1701027156\n|gametype|doubles\n|player|p1|KilliamFerair|volo|1031\n|player|p2|pereprior.test8|266|1000\n|teamsize|p1|6\n|teamsize|p2|6\n|gen|9\n|tier|[Gen 9] VGC 2023 Regulation E\n|rated|\n|rule|Species Clause: Limit one of each Pok\u00e9mon\n|rule|Item Clause: Limit one of each item\n|clearpoke\n|poke|p1|Snorlax, L50, F|\n|poke|p1|Iron Hands, L50|\n|poke|p1|Sinistcha, L50|\n|poke|p1|Clefairy, L50, F|\n|poke|p1|Landorus-Therian, L50, M|\n|poke|p1|Kommo-o, L50, M|\n|poke|p2|Gholdengo, L50|\n|poke|p2|Fezandipiti, L50, M|\n|poke|p2|Roaring Moon, L50|\n|poke|p2|Ogerpon-Hearthflame, L50, F|\n|poke|p2|Rotom-Wash, L50|\n|poke|p2|Cresselia, L50, F|\n|teampreview|4\n|inactive|Battle timer is ON: inactive players will automatically lose when time's up. (requested by KilliamFerair)\n|inactive|pereprior.test8 has 60 seconds left.\n|\n|t:|1701027192\n|start\n|switch|p1a: Plonpy|Snorlax, L50, F|100\/100\n|switch|p1b: Howdy|Iron Hands, L50|100\/100\n|switch|p2a: Fezandipiti|Fezandipiti, L50, M|100\/100\n|switch|p2b: Rotom|Rotom-Wash, L50|100\/100\n|turn|1\n|\n|t:|1701027211\n|move|p1b: Howdy|Fake Out|p2b: Rotom\n|-damage|p2b: Rotom|84\/100\n|cant|p2b: Rotom|flinch\n|move|p2a: Fezandipiti|Taunt|p1a: Plonpy\n|-start|p1a: Plonpy|move: Taunt\n|cant|p1a: Plonpy|move: Taunt|Belly Drum\n|\n|upkeep\n|turn|2\n|\n|t:|1701027226\n|move|p2a: Fezandipiti|Protect|p2a: Fezandipiti\n|-singleturn|p2a: Fezandipiti|Protect\n|move|p2b: Rotom|Will-O-Wisp|p1a: Plonpy|[miss]\n|-miss|p2b: Rotom|p1a: Plonpy\n|move|p1b: Howdy|Heavy Slam|p2a: Fezandipiti\n|-activate|p2a: Fezandipiti|move: Protect\n|move|p1a: Plonpy|High Horsepower|p2a: Fezandipiti\n|-activate|p2a: Fezandipiti|move: Protect\n|\n|upkeep\n|turn|3\n|\n|t:|1701027242\n|switch|p2a: Cresselia|Cresselia, L50, F|100\/100\n|move|p2b: Rotom|Will-O-Wisp|p1b: Howdy\n|-status|p1b: Howdy|brn\n|move|p1b: Howdy|Heavy Slam|p2a: Cresselia\n|-damage|p2a: Cresselia|89\/100\n|move|p1a: Plonpy|High Horsepower|p2a: Cresselia\n|-immune|p2a: Cresselia|[from] ability: Levitate\n|\n|-damage|p1b: Howdy|94\/100 brn|[from] brn\n|-end|p1a: Plonpy|move: Taunt\n|upkeep\n|turn|4\n|inactive|pereprior.test8 has 30 seconds left.\n|\n|t:|1701027272\n|move|p2b: Rotom|Will-O-Wisp|p1a: Plonpy\n|-status|p1a: Plonpy|brn\n|move|p2a: Cresselia|Psychic|p1b: Howdy\n|-supereffective|p1b: Howdy\n|-damage|p1b: Howdy|70\/100 brn\n|-unboost|p1b: Howdy|spd|1\n|move|p1b: Howdy|Drain Punch|p2b: Rotom\n|-damage|p2b: Rotom|59\/100\n|-heal|p1b: Howdy|79\/100 brn|[from] drain|[of] p2b: Rotom\n|move|p1a: Plonpy|Belly Drum|p1a: Plonpy\n|-damage|p1a: Plonpy|50\/100 brn\n|-setboost|p1a: Plonpy|atk|6|[from] move: Belly Drum\n|-enditem|p1a: Plonpy|Sitrus Berry|[eat]\n|-heal|p1a: Plonpy|75\/100 brn|[from] item: Sitrus Berry\n|\n|-damage|p1b: Howdy|73\/100 brn|[from] brn\n|-damage|p1a: Plonpy|70\/100 brn|[from] brn\n|upkeep\n|turn|5\n|inactive|KilliamFerair has 30 seconds left.\n|inactive|pereprior.test8 has 30 seconds left.\n|\n|t:|1701027304\n|switch|p2b: Fezandipiti|Fezandipiti, L50, M|100\/100\n|-end|p1b: Howdy|Quark Drive|[silent]\n|switch|p1b: Nummy Nummy Num|Sinistcha, L50|100\/100\n|-heal|p1a: Plonpy|95\/100 brn|[from] ability: Hospitality|[of] p1b: Nummy Nummy Num\n|move|p2a: Cresselia|Psychic|p1b: Nummy Nummy Num\n|-damage|p1b: Nummy Nummy Num|80\/100\n|move|p1a: Plonpy|Facade|p2b: Fezandipiti\n|-damage|p2b: Fezandipiti|0 fnt\n|faint|p2b: Fezandipiti\n|\n|-damage|p1a: Plonpy|89\/100 brn|[from] brn\n|upkeep\n|\n|t:|1701027318\n|switch|p2b: Roaring Moon|Roaring Moon, L50|100\/100\n|-enditem|p2b: Roaring Moon|Booster Energy\n|-activate|p2b: Roaring Moon|ability: Protosynthesis|[fromitem]\n|-start|p2b: Roaring Moon|protosynthesisspe\n|turn|6\n|\n|t:|1701027342\n|-terastallize|p2b: Roaring Moon|Steel\n|move|p1b: Nummy Nummy Num|Rage Powder|p1b: Nummy Nummy Num\n|-singleturn|p1b: Nummy Nummy Num|move: Rage Powder\n|move|p2b: Roaring Moon|Knock Off|p1b: Nummy Nummy Num\n|-supereffective|p1b: Nummy Nummy Num\n|-damage|p1b: Nummy Nummy Num|0 fnt\n|-enditem|p1b: Nummy Nummy Num|Mental Herb|[from] move: Knock Off|[of] p2b: Roaring Moon\n|faint|p1b: Nummy Nummy Num\n|move|p2a: Cresselia|Psychic|p1a: Plonpy\n|-damage|p1a: Plonpy|74\/100 brn\n|move|p1a: Plonpy|Facade|p2b: Roaring Moon\n|-resisted|p2b: Roaring Moon\n|-damage|p2b: Roaring Moon|0 fnt\n|faint|p2b: Roaring Moon\n|-end|p2b: Roaring Moon|Protosynthesis|[silent]\n|\n|-damage|p1a: Plonpy|68\/100 brn|[from] brn\n|upkeep\n|\n|t:|1701027360\n|switch|p2b: Rotom|Rotom-Wash, L50|59\/100\n|switch|p1b: Waggle|Clefairy, L50, F|100\/100\n|turn|7\n|\n|t:|1701027376\n|move|p1b: Waggle|Follow Me|p1b: Waggle\n|-singleturn|p1b: Waggle|move: Follow Me\n|move|p2b: Rotom|Trick|p1b: Waggle\n|-activate|p2b: Rotom|move: Trick|[of] p1b: Waggle\n|-item|p1b: Waggle|Choice Scarf|[from] move: Trick\n|-item|p2b: Rotom|Eviolite|[from] move: Trick\n|move|p2a: Cresselia|Lunar Blessing|p2a: Cresselia|[spread] p2a,p2b\n|-heal|p2a: Cresselia|100\/100\n|-heal|p2b: Rotom|84\/100\n|move|p1a: Plonpy|Facade|p2b: Rotom\n|-damage|p2b: Rotom|0 fnt\n|faint|p2b: Rotom\n|\n|-damage|p1a: Plonpy|62\/100 brn|[from] brn\n|upkeep\n|turn|8\n|-message|pereprior.test8 forfeited.\n|\n|win|KilliamFerair\n|raw|KilliamFerair's rating: 1031 &rarr; <strong>1063<\/strong><br \/>(+32 for winning)\n|raw|pereprior.test8's rating: 1000 &rarr; <strong>1000<\/strong><br \/>(+0 for losing)\n|l|\u2606pereprior.test8\n","uploadtime":1701027394,"views":3,"p1id":"killiamferair","p2id":"perepriortest8","formatid":"gen9vgc2023regulatione","rating":1000,"private":0,"password":""}