{"id":"gen9vgc2023regulatione-1998837640","p1":"It\u2019sJustKen VGC","p2":"krangune\u2764","format":"[Gen 9] VGC 2023 Regulation E","log":"|j|\u2606It\u2019sJustKen VGC\n|j|\u2606krangune\u2764\n|t:|1701000760\n|gametype|doubles\n|player|p1|It\u2019sJustKen VGC|turo|\n|player|p2|krangune\u2764|arezu|\n|teamsize|p1|6\n|teamsize|p2|6\n|gen|9\n|tier|[Gen 9] VGC 2023 Regulation E\n|rated|Tournament battle\n|rule|Species Clause: Limit one of each Pok\u00e9mon\n|rule|Item Clause: Limit one of each item\n|clearpoke\n|poke|p1|Ting-Lu, L50|\n|poke|p1|Dondozo, L50, F|\n|poke|p1|Cresselia, L50, F|\n|poke|p1|Iron Hands, L50|\n|poke|p1|Dragonite, L50, F|\n|poke|p1|Gholdengo, L50|\n|poke|p2|Amoonguss, L50, F|\n|poke|p2|Iron Hands, L50|\n|poke|p2|Ting-Lu, L50|\n|poke|p2|Heatran, L50, M|\n|poke|p2|Ninetales-Alola, L50, F|\n|poke|p2|Azumarill, L50, F|\n|teampreview|4\n|inactive|Battle timer is ON: inactive players will automatically lose when time's up. (requested by It\u2019sJustKen VGC)\n|j| Kiwigal\nkrangune\u2764 has agreed to open team sheets.\n|c|\u2606krangune\u2764|glhf\n|j| ihopeafairmatch\n|c|\u2606It\u2019sJustKen VGC|Glhf\nIt\u2019sJustKen VGC has agreed to open team sheets.\n|showteam|p1|Ting-Lu||SitrusBerry|VesselofRuin|Protect,SandTomb,StompingTantrum,HeavySlam||||||50|,,,,,Grass]Dondozo||Leftovers|Oblivious|Protect,WaveCrash,TeraBlast,Yawn|||F|||50|,,,,,Poison]Cresselia||SafetyGoggles|Levitate|TrickRoom,LunarBlessing,Psychic,IceBeam|||F|||50|,,,,,Dark]Iron Hands||AssaultVest|QuarkDrive|FakeOut,DrainPunch,WildCharge,HeavySlam||||||50|,,,,,Water]Dragonite||ChoiceBand|InnerFocus|ExtremeSpeed,Outrage,Fly,Waterfall|||F|||50|,,,,,Water]Gholdengo||ChoiceSpecs|GoodasGold|MakeItRain,ShadowBall,PowerGem,Thunderbolt||||||50|,,,,,Steel\n|showteam|p2|Amoonguss||RockyHelmet|Regenerator|PollenPuff,RagePowder,Spore,LeafStorm|||F|||50|,,,,,Water]Iron Hands||AssaultVest|QuarkDrive|FakeOut,WildCharge,DrainPunch,HeavySlam||||||50|,,,,,Water]Ting-Lu||Leftovers|VesselofRuin|Protect,HeavySlam,StompingTantrum,ThroatChop||||||50|,,,,,Poison]Heatran||LifeOrb|FlashFire|Protect,HeatWave,FlashCannon,EarthPower|||M|||50|,,,,,Fairy]Ninetales-Alola||FairyFeather|SnowWarning|AuroraVeil,Moonblast,Blizzard,Protect|||F|||50|,,,,,Water]Azumarill||SafetyGoggles|HugePower|Liquidation,PlayRough,Protect,AquaJet|||F|||50|,,,,,Dragon\n|l| ihopeafairmatch\n|j| Quade Cooper?\n|inactive|krangune\u2764 has 30 seconds left.\n|inactive|krangune\u2764 has 20 seconds left.\n|inactive|krangune\u2764 has 15 seconds left.\n|c|\u2606It\u2019sJustKen VGC|Ting\/Lu is so underrated\n|inactive|krangune\u2764 has 10 seconds left.\n|c|\u2606It\u2019sJustKen VGC|right kramg?\n|inactive|krangune\u2764 has 5 seconds left.\n|\n|t:|1701000827\n|start\n|switch|p1a: Ting-Lu|Ting-Lu, L50|100\/100\n|switch|p1b: Dondozo|Dondozo, L50, F|100\/100\n|switch|p2a: Iron Hands|Iron Hands, L50|100\/100\n|switch|p2b: Heatran|Heatran, L50, M|100\/100\n|-ability|p1a: Ting-Lu|Vessel of Ruin\n|turn|1\n|inactive|krangune\u2764 has 30 seconds left.\n|inactive|krangune\u2764 has 20 seconds left.\n|\n|t:|1701000865\n|switch|p2b: Amoonguss|Amoonguss, L50, F|100\/100\n|move|p1a: Ting-Lu|Protect|p1a: Ting-Lu\n|-singleturn|p1a: Ting-Lu|Protect\n|move|p1b: Dondozo|Protect|p1b: Dondozo\n|-singleturn|p1b: Dondozo|Protect\n|move|p2a: Iron Hands|Drain Punch|p1a: Ting-Lu\n|-activate|p1a: Ting-Lu|move: Protect\n|\n|upkeep\n|turn|2\n|j| bloodcurseuk\n|inactive|krangune\u2764 has 30 seconds left.\n|inactive|krangune\u2764 has 20 seconds left.\n|inactive|krangune\u2764 has 15 seconds left.\n|\n|t:|1701000907\n|switch|p1b: Iron Hands|Iron Hands, L50, shiny|100\/100\n|-terastallize|p1a: Ting-Lu|Grass\n|move|p2a: Iron Hands|Drain Punch|p1a: Ting-Lu\n|-damage|p1a: Ting-Lu|75\/100\n|move|p1a: Ting-Lu|Sand Tomb|p2a: Iron Hands\n|-supereffective|p2a: Iron Hands\n|-damage|p2a: Iron Hands|75\/100\n|-activate|p2a: Iron Hands|move: Sand Tomb|[of] p1a: Ting-Lu\n|move|p2b: Amoonguss|Leaf Storm|p1b: Iron Hands\n|-damage|p1b: Iron Hands|84\/100\n|-unboost|p2b: Amoonguss|spa|2\n|\n|-damage|p2a: Iron Hands|62\/100|[from] move: Sand Tomb|[partiallytrapped]\n|upkeep\n|turn|3\n|c|\u2606It\u2019sJustKen VGC|I have to warn you krang\n|c|\u2606It\u2019sJustKen VGC|make you moves a little faster\n|inactive|It\u2019sJustKen VGC has 30 seconds left.\n|inactive|krangune\u2764 has 30 seconds left.\n|c|\u2606It\u2019sJustKen VGC|I am pretty good at taking games to timer\n|inactive|It\u2019sJustKen VGC has 20 seconds left.\n|\n|t:|1701000943\n|move|p1b: Iron Hands|Drain Punch|p2a: Iron Hands\n|-damage|p2a: Iron Hands|30\/100\n|-heal|p1b: Iron Hands|99\/100|[from] drain|[of] p2a: Iron Hands\n|move|p2a: Iron Hands|Drain Punch|p1b: Iron Hands\n|-crit|p1b: Iron Hands\n|-damage|p1b: Iron Hands|54\/100\n|-heal|p2a: Iron Hands|53\/100|[from] drain|[of] p1b: Iron Hands\n|move|p2b: Amoonguss|Pollen Puff|p2a: Iron Hands\n|-heal|p2a: Iron Hands|100\/100\n|move|p1a: Ting-Lu|Sand Tomb|p2b: Amoonguss\n|-crit|p2b: Amoonguss\n|-damage|p2b: Amoonguss|79\/100\n|-activate|p2b: Amoonguss|move: Sand Tomb|[of] p1a: Ting-Lu\n|\n|-damage|p2a: Iron Hands|88\/100|[from] move: Sand Tomb|[partiallytrapped]\n|-damage|p2b: Amoonguss|66\/100|[from] move: Sand Tomb|[partiallytrapped]\n|upkeep\n|turn|4\n|inactive|krangune\u2764 has 30 seconds left.\n|\n|t:|1701000977\n|move|p1b: Iron Hands|Drain Punch|p2a: Iron Hands\n|-damage|p2a: Iron Hands|53\/100\n|-heal|p1b: Iron Hands|72\/100|[from] drain|[of] p2a: Iron Hands\n|move|p2a: Iron Hands|Drain Punch|p1a: Ting-Lu\n|-damage|p1a: Ting-Lu|48\/100\n|-heal|p2a: Iron Hands|67\/100|[from] drain|[of] p1a: Ting-Lu\n|-enditem|p1a: Ting-Lu|Sitrus Berry|[eat]\n|-heal|p1a: Ting-Lu|73\/100|[from] item: Sitrus Berry\n|move|p2b: Amoonguss|Spore|p1b: Iron Hands\n|-status|p1b: Iron Hands|slp|[from] move: Spore\n|move|p1a: Ting-Lu|Stomping Tantrum|p2a: Iron Hands\n|-supereffective|p2a: Iron Hands\n|-damage|p2a: Iron Hands|17\/100\n|\n|-damage|p2a: Iron Hands|5\/100|[from] move: Sand Tomb|[partiallytrapped]\n|-damage|p2b: Amoonguss|54\/100|[from] move: Sand Tomb|[partiallytrapped]\n|upkeep\n|turn|5\n|inactive|krangune\u2764 has 30 seconds left.\n|inactive|krangune\u2764 has 20 seconds left.\n|\n|t:|1701001012\n|-end|p1b: Iron Hands|Quark Drive|[silent]\n|switch|p1b: Dragonite|Dragonite, L50, F|100\/100\n|move|p1a: Ting-Lu|Protect|p1a: Ting-Lu\n|-singleturn|p1a: Ting-Lu|Protect\n|move|p2a: Iron Hands|Drain Punch|p1a: Ting-Lu\n|-activate|p1a: Ting-Lu|move: Protect\n|move|p2b: Amoonguss|Pollen Puff|p2a: Iron Hands\n|-heal|p2a: Iron Hands|55\/100\n|\n|-damage|p2a: Iron Hands|42\/100|[from] move: Sand Tomb|[partiallytrapped]\n|-damage|p2b: Amoonguss|42\/100|[from] move: Sand Tomb|[partiallytrapped]\n|upkeep\n|turn|6\n|c| Kiwigal|fly dragonite, wtf\n|inactive|It\u2019sJustKen VGC has 30 seconds left.\n|inactive|krangune\u2764 has 30 seconds left.\n|inactive|It\u2019sJustKen VGC has 20 seconds left.\n|inactive|krangune\u2764 has 20 seconds left.\n|inactive|It\u2019sJustKen VGC has 15 seconds left.\n|\n|t:|1701001056\n|move|p1b: Dragonite|Fly||[still]\n|-prepare|p1b: Dragonite|Fly\n|move|p2a: Iron Hands|Drain Punch|p1a: Ting-Lu\n|-damage|p1a: Ting-Lu|46\/100\n|-heal|p2a: Iron Hands|56\/100|[from] drain|[of] p1a: Ting-Lu\n|move|p2b: Amoonguss|Spore|p1b: Dragonite|[miss]\n|-miss|p2b: Amoonguss|p1b: Dragonite\n|move|p1a: Ting-Lu|Stomping Tantrum|p2a: Iron Hands\n|-supereffective|p2a: Iron Hands\n|-damage|p2a: Iron Hands|7\/100\n|\n|-end|p2a: Iron Hands|Sand Tomb|[partiallytrapped]\n|-damage|p2b: Amoonguss|29\/100|[from] move: Sand Tomb|[partiallytrapped]\n|upkeep\n|turn|7\n|inactive|krangune\u2764 has 30 seconds left.\n|inactive|krangune\u2764 has 20 seconds left.\n|\n|t:|1701001093\n|-end|p2a: Iron Hands|Quark Drive|[silent]\n|switch|p2a: Azumarill|Azumarill, L50, F|100\/100\n|switch|p1a: Dondozo|Dondozo, L50, F|100\/100\n|move|p1b: Dragonite|Fly|p2b: Amoonguss|[from]lockedmove\n|-supereffective|p2b: Amoonguss\n|-damage|p2b: Amoonguss|0 fnt\n|-damage|p1b: Dragonite|84\/100|[from] item: Rocky Helmet|[of] p2b: Amoonguss\n|faint|p2b: Amoonguss\n|\n|upkeep\n|\n|t:|1701001116\n|switch|p2b: Heatran|Heatran, L50, M|100\/100\n|turn|8\n|j| viaan\n|c|\u2606It\u2019sJustKen VGC|Yes I know\n|j| MattC (Banned)\n|c|\u2606It\u2019sJustKen VGC|fly dragonite\n|c|\u2606It\u2019sJustKen VGC|im a culinary genius\n|inactive|It\u2019sJustKen VGC has 30 seconds left.\n|c|\u2606krangune\u2764|!learn dragonite, dual wingbeat\n|c| krangune\u2764|\/raw <div class=\"infobox\">In [Gen 9] VGC 2023 Regulation E, Dragonite <span class=\"message-learn-cannotlearn\">can't<\/span> learn Dual Wingbeat because:<ul class=\"message-learn-list\"><li>Dragonite's move Dual Wingbeat can't be transferred from Gen 8 to 9.<\/li><\/ul><\/div>\n|\n|t:|1701001150\n|-terastallize|p2b: Heatran|Fairy\n|move|p1b: Dragonite|Fly||[still]\n|-prepare|p1b: Dragonite|Fly\n|move|p2b: Heatran|Earth Power|p1a: Dondozo\n|-damage|p1a: Dondozo|61\/100\n|-damage|p2b: Heatran|91\/100|[from] item: Life Orb\n|move|p2a: Azumarill|Play Rough|p1a: Dondozo\n|-damage|p1a: Dondozo|21\/100\n|move|p1a: Dondozo|Yawn|p2a: Azumarill\n|-start|p2a: Azumarill|move: Yawn|[of] p1a: Dondozo\n|\n|-heal|p1a: Dondozo|27\/100|[from] item: Leftovers\n|upkeep\n|turn|9\n|c|\u2606krangune\u2764|wait it didnt get it\n|inactive|krangune\u2764 has 30 seconds left.\n|\n|t:|1701001177\n|switch|p2a: Iron Hands|Iron Hands, L50|7\/100\n|switch|p1a: Ting-Lu|Ting-Lu, L50, tera:Grass|46\/100\n|-ability|p1a: Ting-Lu|Vessel of Ruin\n|move|p2b: Heatran|Protect|p2b: Heatran\n|-singleturn|p2b: Heatran|Protect\n|move|p1b: Dragonite|Fly|p2a: Iron Hands|[from]lockedmove\n|-damage|p2a: Iron Hands|0 fnt\n|faint|p2a: Iron Hands\n|-end|p2a: Iron Hands|Quark Drive|[silent]\n|\n|upkeep\n|\n|t:|1701001190\n|switch|p2a: Azumarill|Azumarill, L50, F|100\/100\n|turn|10\n|c| viaan|ye\\\n|l| MattC (Banned)\n|c| viaan|its sad\n|inactive|It\u2019sJustKen VGC has 30 seconds left.\n|\n|t:|1701001217\n|switch|p1a: Dondozo|Dondozo, L50, F|27\/100\n|move|p1b: Dragonite|Fly||[still]\n|-prepare|p1b: Dragonite|Fly\n|move|p2b: Heatran|Heat Wave|p1a: Dondozo|[spread] p1a\n|-miss|p2b: Heatran|p1b: Dragonite\n|-resisted|p1a: Dondozo\n|-damage|p1a: Dondozo|6\/100\n|-damage|p2b: Heatran|81\/100|[from] item: Life Orb\n|move|p2a: Azumarill|Play Rough|p1b: Dragonite|[miss]\n|-miss|p2a: Azumarill|p1b: Dragonite\n|\n|-heal|p1a: Dondozo|12\/100|[from] item: Leftovers\n|upkeep\n|turn|11\n|inactive|krangune\u2764 has 30 seconds left.\n|\n|t:|1701001232\n|move|p2b: Heatran|Protect|p2b: Heatran\n|-singleturn|p2b: Heatran|Protect\n|move|p2a: Azumarill|Protect|p2a: Azumarill\n|-singleturn|p2a: Azumarill|Protect\n|move|p1b: Dragonite|Fly|p2a: Azumarill|[from]lockedmove\n|-activate|p2a: Azumarill|move: Protect\n|move|p1a: Dondozo|Yawn|p2b: Heatran\n|-activate|p2b: Heatran|move: Protect\n|\n|-heal|p1a: Dondozo|18\/100|[from] item: Leftovers\n|upkeep\n|turn|12\n|inactive|krangune\u2764 has 30 seconds left this turn.\n|inactive|krangune\u2764 has 20 seconds left.\n|inactive|krangune\u2764 has 15 seconds left.\n|\n|t:|1701001253\n|switch|p1a: Iron Hands|Iron Hands, L50, shiny|72\/100 slp\n|move|p1b: Dragonite|Fly||[still]\n|-prepare|p1b: Dragonite|Fly\n|move|p2b: Heatran|Heat Wave|p1a: Iron Hands|[spread] p1a\n|-miss|p2b: Heatran|p1b: Dragonite\n|-damage|p1a: Iron Hands|43\/100 slp\n|-damage|p2b: Heatran|72\/100|[from] item: Life Orb\n|move|p2a: Azumarill|Play Rough|p1b: Dragonite|[miss]\n|-miss|p2a: Azumarill|p1b: Dragonite\n|\n|upkeep\n|turn|13\n|inactive|krangune\u2764 has 15 seconds left this turn.\n|inactive|krangune\u2764 has 10 seconds left.\n|\n|t:|1701001262\n|cant|p1a: Iron Hands|slp\n|move|p1b: Dragonite|Fly|p2a: Azumarill|[from]lockedmove|[miss]\n|-miss|p1b: Dragonite|p2a: Azumarill\n|move|p2b: Heatran|Heat Wave|p1b: Dragonite|[spread] p1a\n|-miss|p2b: Heatran|p1b: Dragonite\n|-damage|p1a: Iron Hands|17\/100 slp\n|-damage|p2b: Heatran|62\/100|[from] item: Life Orb\n|move|p2a: Azumarill|Play Rough|p1a: Iron Hands\n|-supereffective|p1a: Iron Hands\n|-damage|p1a: Iron Hands|0 fnt\n|faint|p1a: Iron Hands\n|-end|p1a: Iron Hands|Quark Drive|[silent]\n|\n|upkeep\n|inactive|krangune\u2764 has 10 seconds left this turn.\n|\n|t:|1701001267\n|switch|p1a: Dondozo|Dondozo, L50, F|18\/100\n|turn|14\n|inactive|krangune\u2764 has 10 seconds left this turn.\n|inactive|krangune\u2764 has 5 seconds left.\n|\n|t:|1701001274\n|move|p1b: Dragonite|Fly||[still]\n|-prepare|p1b: Dragonite|Fly\n|move|p2b: Heatran|Heat Wave|p1a: Dondozo|[spread] p1a\n|-miss|p2b: Heatran|p1b: Dragonite\n|-resisted|p1a: Dondozo\n|-damage|p1a: Dondozo|0 fnt\n|faint|p1a: Dondozo\n|-damage|p2b: Heatran|53\/100|[from] item: Life Orb\n|move|p2a: Azumarill|Play Rough|p1b: Dragonite|[miss]\n|-miss|p2a: Azumarill|p1b: Dragonite\n|\n|upkeep\n|inactive|krangune\u2764 has 5 seconds left this turn.\n|\n|t:|1701001278\n|switch|p1a: Ting-Lu|Ting-Lu, L50, tera:Grass|46\/100\n|-ability|p1a: Ting-Lu|Vessel of Ruin\n|turn|15\n|inactive|krangune\u2764 has 5 seconds left this turn.\n|\n|t:|1701001283\n|move|p2b: Heatran|Protect|p2b: Heatran\n|-singleturn|p2b: Heatran|Protect\n|move|p2a: Azumarill|Protect|p2a: Azumarill\n|-singleturn|p2a: Azumarill|Protect\n|move|p1b: Dragonite|Fly|p2b: Heatran|[from]lockedmove\n|-activate|p2b: Heatran|move: Protect\n|move|p1a: Ting-Lu|Stomping Tantrum|p1b: Dragonite\n|-immune|p1b: Dragonite\n|\n|upkeep\n|turn|16\n|inactive|krangune\u2764 has 5 seconds left this turn.\n|\n|t:|1701001295\n|move|p1b: Dragonite|Fly||[still]\n|-prepare|p1b: Dragonite|Fly\n|move|p2b: Heatran|Heat Wave|p1b: Dragonite|[spread] \n|-miss|p2b: Heatran|p1b: Dragonite\n|-miss|p2b: Heatran|p1a: Ting-Lu\n|move|p2a: Azumarill|Play Rough|p1b: Dragonite|[miss]\n|-miss|p2a: Azumarill|p1b: Dragonite\n|move|p1a: Ting-Lu|Stomping Tantrum|p2b: Heatran\n|-damage|p2b: Heatran|0 fnt\n|faint|p2b: Heatran\n|\n|upkeep\n|turn|17\n|inactive|krangune\u2764 has 5 seconds left this turn.\n|\n|t:|1701001311\n|move|p2a: Azumarill|Protect|p2a: Azumarill\n|-singleturn|p2a: Azumarill|Protect\n|move|p1a: Ting-Lu|Protect|p1a: Ting-Lu\n|-singleturn|p1a: Ting-Lu|Protect\n|move|p1b: Dragonite|Fly|p2a: Azumarill|[from]lockedmove\n|-activate|p2a: Azumarill|move: Protect\n|\n|upkeep\n|turn|18\n|inactive|krangune\u2764 has 5 seconds left this turn.\n|\n|t:|1701001315\n|move|p1b: Dragonite|Fly||[still]\n|-prepare|p1b: Dragonite|Fly\n|move|p2a: Azumarill|Play Rough|p1a: Ting-Lu\n|-damage|p1a: Ting-Lu|13\/100\n|move|p1a: Ting-Lu|Stomping Tantrum|p2a: Azumarill\n|-damage|p2a: Azumarill|61\/100\n|\n|upkeep\n|turn|19\n|inactive|krangune\u2764 has 5 seconds left this turn.\n|c|\u2606It\u2019sJustKen VGC|Let\u2019s goo\n|\n|t:|1701001327\n|move|p2a: Azumarill|Protect|p2a: Azumarill\n|-singleturn|p2a: Azumarill|Protect\n|move|p1b: Dragonite|Fly|p2a: Azumarill|[from]lockedmove\n|-activate|p2a: Azumarill|move: Protect\n|move|p1a: Ting-Lu|Stomping Tantrum|p2a: Azumarill\n|-activate|p2a: Azumarill|move: Protect\n|\n|upkeep\n|turn|20\n|inactive|krangune\u2764 has 5 seconds left this turn.\n|\n|t:|1701001333\n|move|p1a: Ting-Lu|Protect|p1a: Ting-Lu\n|-singleturn|p1a: Ting-Lu|Protect\n|move|p1b: Dragonite|Fly||[still]\n|-prepare|p1b: Dragonite|Fly\n|move|p2a: Azumarill|Play Rough|p1a: Ting-Lu\n|-activate|p1a: Ting-Lu|move: Protect\n|\n|upkeep\n|turn|21\n|inactive|krangune\u2764 has 5 seconds left this turn.\n|\n|t:|1701001338\n|move|p2a: Azumarill|Protect|p2a: Azumarill\n|-singleturn|p2a: Azumarill|Protect\n|move|p1b: Dragonite|Fly|p2a: Azumarill|[from]lockedmove\n|-activate|p2a: Azumarill|move: Protect\n|move|p1a: Ting-Lu|Stomping Tantrum|p2a: Azumarill\n|-activate|p2a: Azumarill|move: Protect\n|\n|upkeep\n|turn|22\n|inactive|krangune\u2764 has 5 seconds left this turn.\n|-message|krangune\u2764 lost due to inactivity.\n|\n|win|It\u2019sJustKen VGC\n|n|\u2606It\u2019sJustKen VGC|itsjustkenvgc\n|n|\u2606krangune\u2764|krangune\n|n| Kiwigal|kiwigal\n|n| Quade Cooper?|quadecooper\n|n| bloodcurseuk|bloodcurseuk\n|n| viaan|viaan\n|c|\u2606krangune\u2764|gg\n|c|\u2606It\u2019sJustKen VGC|Let\u2019s go\n|l| Kiwigal\n|c|\u2606It\u2019sJustKen VGC|gg wp\n|c|\u2606krangune\u2764|:(\n|c|\u2606krangune\u2764|i hate timer on showdown\n|c|\u2606It\u2019sJustKen VGC|I told u I\u2019m good at taking games to timer\n|c|\u2606It\u2019sJustKen VGC|its a genuin strat with my team\n","uploadtime":1701001371,"views":8,"p1id":"itsjustkenvgc","p2id":"krangune","formatid":"gen9vgc2023regulatione","rating":0,"private":0,"password":""}