{"id":"gen9vgc2023regulatione-1990875866","p1":"GlennIsAFrog","p2":"Matcha Man Savage","format":"[Gen 9] VGC 2023 Regulation E","log":"|j|\u2606GlennIsAFrog\n|j|\u2606Matcha Man Savage\n|t:|1700010262\n|gametype|doubles\n|player|p1|GlennIsAFrog|169|1266\n|player|p2|Matcha Man Savage|pokemaniac|1340\n|teamsize|p1|6\n|teamsize|p2|6\n|gen|9\n|tier|[Gen 9] VGC 2023 Regulation E\n|rated|\n|rule|Species Clause: Limit one of each Pok\u00e9mon\n|rule|Item Clause: Limit one of each item\n|clearpoke\n|poke|p1|Cresselia, L50, F|\n|poke|p1|Heatran, L50, F|\n|poke|p1|Chien-Pao, L50|\n|poke|p1|Dragonite, L50, M|\n|poke|p1|Amoonguss, L50, M|\n|poke|p1|Urshifu-*, L50, F|\n|poke|p2|Chi-Yu, L50|\n|poke|p2|Flutter Mane, L50|\n|poke|p2|Torkoal, L50, M|\n|poke|p2|Lilligant-Hisui, L50, F|\n|poke|p2|Iron Bundle, L50|\n|poke|p2|Landorus-Therian, L50, M|\n|teampreview|4\n|inactive|Battle timer is ON: inactive players will automatically lose when time's up. (requested by GlennIsAFrog)\n|inactive|Matcha Man Savage also wants the timer to be on.\nGlennIsAFrog has agreed to open team sheets.\n|inactive|GlennIsAFrog has 60 seconds left.\n|inactive|Matcha Man Savage has 60 seconds left.\n|\n|t:|1700010310\n|start\n|switch|p1a: Cresselia|Cresselia, L50, F|100\/100\n|switch|p1b: Heatran|Heatran, L50, F|100\/100\n|switch|p2a: RoboSanta|Iron Bundle, L50|100\/100\n|switch|p2b: Landorus|Landorus-Therian, L50, M|100\/100\n|-ability|p2b: Landorus|Intimidate|boost\n|-unboost|p1a: Cresselia|atk|1\n|-unboost|p1b: Heatran|atk|1\n|-enditem|p2a: RoboSanta|Booster Energy\n|-activate|p2a: RoboSanta|ability: Quark Drive|[fromitem]\n|-start|p2a: RoboSanta|quarkdrivespe\n|turn|1\n|\n|t:|1700010330\n|switch|p1b: Amoonguss|Amoonguss, L50, M|100\/100\n|move|p2a: RoboSanta|Hydro Pump|p1b: Amoonguss\n|-resisted|p1b: Amoonguss\n|-damage|p1b: Amoonguss|77\/100\n|move|p2b: Landorus|Rock Slide|p1b: Amoonguss|[spread] p1a,p1b\n|-damage|p1a: Cresselia|86\/100\n|-damage|p1b: Amoonguss|58\/100\n|cant|p1a: Cresselia|flinch\n|\n|upkeep\n|turn|2\n|inactive|Matcha Man Savage has 30 seconds left.\n|\n|t:|1700010363\n|move|p2a: RoboSanta|Freeze-Dry|p1b: Amoonguss\n|-supereffective|p1b: Amoonguss\n|-damage|p1b: Amoonguss|0 fnt\n|faint|p1b: Amoonguss\n|move|p2b: Landorus|Rock Slide|p1a: Cresselia\n|-damage|p1a: Cresselia|67\/100\n|move|p1a: Cresselia|Trick Room|p1a: Cresselia\n|-fieldstart|move: Trick Room|[of] p1a: Cresselia\n|\n|upkeep\n|\n|t:|1700010372\n|switch|p1b: Dragonite|Dragonite, L50, M|100\/100\n|turn|3\n|\n|t:|1700010391\n|switch|p2b: Tairy Fera|Flutter Mane, L50|100\/100\n|move|p1b: Dragonite|Extreme Speed|p2a: RoboSanta\n|-damage|p2a: RoboSanta|53\/100\n|move|p1a: Cresselia|Lunar Blessing|p1a: Cresselia|[spread] p1a,p1b\n|-heal|p1a: Cresselia|92\/100\n|move|p2a: RoboSanta|Freeze-Dry|p1b: Dragonite\n|-supereffective|p1b: Dragonite\n|-damage|p1b: Dragonite|0 fnt\n|faint|p1b: Dragonite\n|\n|upkeep\n|\n|t:|1700010400\n|switch|p1b: Heatran|Heatran, L50, F|100\/100\n|turn|4\n|inactive|Matcha Man Savage has 30 seconds left.\n|\n|t:|1700010427\n|-end|p2b: Tairy Fera|Protosynthesis|[silent]\n|switch|p2b: Chi-Yu|Chi-Yu, L50|100\/100\n|-ability|p2b: Chi-Yu|Beads of Ruin\n|-terastallize|p1b: Heatran|Fairy\n|move|p1b: Heatran|Heavy Slam|p2b: Chi-Yu\n|-resisted|p2b: Chi-Yu\n|-damage|p2b: Chi-Yu|78\/100\n|move|p1a: Cresselia|Moonblast|p2a: RoboSanta\n|-damage|p2a: RoboSanta|15\/100\n|move|p2a: RoboSanta|Hydro Pump|p1b: Heatran\n|-damage|p1b: Heatran|58\/100\n|\n|upkeep\n|turn|5\n|inactive|Matcha Man Savage has 30 seconds left.\n|\n|t:|1700010455\n|move|p1b: Heatran|Earth Power|p2b: Chi-Yu\n|-supereffective|p2b: Chi-Yu\n|-damage|p2b: Chi-Yu|9\/100\n|move|p1a: Cresselia|Moonblast|p2a: RoboSanta\n|-damage|p2a: RoboSanta|0 fnt\n|faint|p2a: RoboSanta\n|-end|p2a: RoboSanta|Quark Drive|[silent]\n|move|p2b: Chi-Yu|Snarl|p1a: Cresselia|[spread] p1a,p1b\n|-supereffective|p1a: Cresselia\n|-resisted|p1b: Heatran\n|-damage|p1a: Cresselia|41\/100\n|-damage|p1b: Heatran|47\/100\n|-unboost|p1a: Cresselia|spa|1\n|-unboost|p1b: Heatran|spa|1\n|-damage|p2b: Chi-Yu|0 fnt|[from] item: Life Orb\n|faint|p2b: Chi-Yu\n|\n|upkeep\n|\n|t:|1700010468\n|switch|p2b: Landorus|Landorus-Therian, L50, M|100\/100\n|switch|p2a: Tairy Fera|Flutter Mane, L50|100\/100\n|-ability|p2b: Landorus|Intimidate|boost\n|-unboost|p1a: Cresselia|atk|1\n|-unboost|p1b: Heatran|atk|1\n|turn|6\n|\n|t:|1700010492\n|move|p1b: Heatran|Heavy Slam|p2a: Tairy Fera\n|-supereffective|p2a: Tairy Fera\n|-damage|p2a: Tairy Fera|34\/100\n|move|p1a: Cresselia|Lunar Blessing|p1a: Cresselia|[spread] p1a,p1b\n|-heal|p1a: Cresselia|66\/100\n|-heal|p1b: Heatran|72\/100\n|move|p2a: Tairy Fera|Shadow Ball|p1a: Cresselia\n|-supereffective|p1a: Cresselia\n|-damage|p1a: Cresselia|12\/100\n|move|p2b: Landorus|Stomping Tantrum|p1b: Heatran\n|-damage|p1b: Heatran|30\/100\n|\n|-fieldend|move: Trick Room\n|upkeep\n|turn|7\n|-message|GlennIsAFrog forfeited.\n|\n|win|Matcha Man Savage\n|raw|GlennIsAFrog's rating: 1266 &rarr; <strong>1246<\/strong><br \/>(-20 for losing)\n|raw|Matcha Man Savage's rating: 1340 &rarr; <strong>1356<\/strong><br \/>(+16 for winning)\n|l|\u2606GlennIsAFrog\n","uploadtime":1700010513,"views":19,"p1id":"glennisafrog","p2id":"matchamansavage","formatid":"gen9vgc2023regulatione","rating":1246,"private":0,"password":""}