{"id":"gen9vgc2023regulatione-1992470727","p1":"WobbahYT","p2":"Xeko03","format":"[Gen 9] VGC 2023 Regulation E","log":"|j|\u2606WobbahYT\n|j|\u2606Xeko03\n|t:|1700191579\n|gametype|doubles\n|player|p1|WobbahYT|emmet|1178\n|player|p2|Xeko03|102|1297\n|teamsize|p1|6\n|teamsize|p2|6\n|gen|9\n|tier|[Gen 9] VGC 2023 Regulation E\n|rated|\n|rule|Species Clause: Limit one of each Pok\u00e9mon\n|rule|Item Clause: Limit one of each item\n|clearpoke\n|poke|p1|Zapdos, L50|\n|poke|p1|Politoed, L50, M|\n|poke|p1|Weezing-Galar, L50, M|\n|poke|p1|Chien-Pao, L50|\n|poke|p1|Kingambit, L50, F|\n|poke|p1|Basculegion, L50, M|\n|poke|p2|Pelipper, L50, M|\n|poke|p2|Thundurus-Therian, L50, M|\n|poke|p2|Dondozo, L50, M|\n|poke|p2|Tatsugiri, L50, M|\n|poke|p2|Urshifu-*, L50, M|\n|poke|p2|Golduck, L50, F|\n|teampreview|4\n|inactive|Battle timer is ON: inactive players will automatically lose when time's up. (requested by Xeko03)\n|\n|t:|1700191606\n|start\n|switch|p1a: Weezing|Weezing-Galar, L50, M, shiny|100\/100\n|switch|p1b: Zapdos|Zapdos, L50|100\/100\n|switch|p2a: Urshifu|Urshifu-Rapid-Strike, L50, M|100\/100\n|switch|p2b: Golduck|Golduck, L50, F|100\/100\n|-ability|p1a: Weezing|Neutralizing Gas\n|turn|1\n|\n|t:|1700191622\n|move|p2b: Golduck|Protect|p2b: Golduck\n|-singleturn|p2b: Golduck|Protect\n|move|p2a: Urshifu|Surging Strikes|p1b: Zapdos\n|-crit|p1b: Zapdos\n|-damage|p1b: Zapdos|71\/100\n|-crit|p1b: Zapdos\n|-damage|p1b: Zapdos|45\/100\n|-crit|p1b: Zapdos\n|-damage|p1b: Zapdos|16\/100\n|-hitcount|p1b: Zapdos|3\n|move|p1b: Zapdos|Thunderbolt|p2a: Urshifu\n|-supereffective|p2a: Urshifu\n|-damage|p2a: Urshifu|0 fnt\n|faint|p2a: Urshifu\n|move|p1a: Weezing|Will-O-Wisp|p2b: Golduck\n|-activate|p2b: Golduck|move: Protect\n|\n|upkeep\n|\n|t:|1700191639\n|switch|p2a: Dondozo|Dondozo, L50, M|100\/100\n|turn|2\n|\n|t:|1700191659\n|-terastallize|p2a: Dondozo|Fairy\n|move|p1b: Zapdos|Thunderbolt|p2b: Golduck\n|-supereffective|p2b: Golduck\n|-damage|p2b: Golduck|0 fnt\n|faint|p2b: Golduck\n|move|p1a: Weezing|Will-O-Wisp|p2a: Dondozo\n|-status|p2a: Dondozo|brn\n|move|p2a: Dondozo|Liquidation|p1b: Zapdos\n|-damage|p1b: Zapdos|0 fnt\n|faint|p1b: Zapdos\n|\n|-damage|p2a: Dondozo|94\/100 brn|[from] brn\n|upkeep\n|\n|t:|1700191674\n|switch|p1b: Kingambit|Kingambit, L50, F, shiny|100\/100\n|switch|p2b: Tatsugiri|Tatsugiri, L50, M|100\/100\n|turn|3\n|\n|t:|1700191687\n|-terastallize|p1b: Kingambit|Fairy\n|move|p2b: Tatsugiri|Hydro Pump|p1a: Weezing\n|-damage|p1a: Weezing|19\/100\n|move|p1a: Weezing|Strange Steam|p2b: Tatsugiri\n|-supereffective|p2b: Tatsugiri\n|-damage|p2b: Tatsugiri|25\/100\n|move|p1b: Kingambit|Iron Head|p2a: Dondozo\n|-supereffective|p2a: Dondozo\n|-damage|p2a: Dondozo|40\/100 brn\n|cant|p2a: Dondozo|flinch\n|\n|-heal|p1a: Weezing|24\/100|[from] item: Leftovers\n|-damage|p2a: Dondozo|34\/100 brn|[from] brn\n|upkeep\n|turn|4\n|inactive|WobbahYT has 30 seconds left.\n|\n|t:|1700191715\n|move|p1b: Kingambit|Sucker Punch|p2b: Tatsugiri\n|-damage|p2b: Tatsugiri|0 fnt\n|faint|p2b: Tatsugiri\n|move|p1a: Weezing|Strange Steam|p2a: Dondozo\n|-damage|p2a: Dondozo|15\/100 brn\n|-start|p2a: Dondozo|confusion\n|-activate|p2a: Dondozo|confusion\n|move|p2a: Dondozo|Rest|p2a: Dondozo\n|-status|p2a: Dondozo|slp|[from] move: Rest\n|-heal|p2a: Dondozo|100\/100 slp|[silent]\n|\n|-heal|p1a: Weezing|30\/100|[from] item: Leftovers\n|upkeep\n|turn|5\n|\n|t:|1700191732\n|move|p1a: Weezing|Sludge Bomb|p2a: Dondozo\n|-supereffective|p2a: Dondozo\n|-crit|p2a: Dondozo\n|-damage|p2a: Dondozo|46\/100 slp\n|move|p1b: Kingambit|Iron Head|p2a: Dondozo\n|-supereffective|p2a: Dondozo\n|-damage|p2a: Dondozo|0 fnt\n|faint|p2a: Dondozo\n|\n|win|WobbahYT\n|raw|WobbahYT's rating: 1178 &rarr; <strong>1211<\/strong><br \/>(+33 for winning)\n|raw|Xeko03's rating: 1297 &rarr; <strong>1264<\/strong><br \/>(-33 for losing)\n|c|\u2606WobbahYT|Gg\n|l|\u2606Xeko03\n","uploadtime":1700191748,"views":29,"p1id":"wobbahyt","p2id":"xeko03","formatid":"gen9vgc2023regulatione","rating":1211,"private":0,"password":""}