{"id":"gen9vgc2023regulatione-1998315271","p1":"TobiYume","p2":"AndrewsWho","format":"[Gen 9] VGC 2023 Regulation E","log":"|j|\u2606TobiYume\n|j|\u2606AndrewsWho\n|n|\u2606TobiYume|tobiyume\n|n|\u2606AndrewsWho|andrewswho\n|html|View the match progress at <a href=\"\/game-bestof3-gen9vgc2023regulatione-1998315270\">game-bestof3-gen9vgc2023regulatione-1998315270<\/a>\n|t:|1700928451\n|gametype|doubles\n|player|p1|TobiYume|n|\n|player|p2|AndrewsWho|lucas|\n|teamsize|p1|6\n|teamsize|p2|6\n|gen|9\n|tier|[Gen 9] VGC 2023 Regulation E\n|rule|Species Clause: Limit one of each Pok\u00e9mon\n|rule|Item Clause: Limit one of each item\n|clearpoke\n|poke|p1|Kommo-o, L50, F|\n|poke|p1|Arcanine-Hisui, L50, M|\n|poke|p1|Rillaboom, L50, M|\n|poke|p1|Moltres-Galar, L50|\n|poke|p1|Ninetales-Alola, L50, F|\n|poke|p1|Sinistcha, L50|\n|poke|p2|Arcanine-Hisui, L50, F|\n|poke|p2|Urshifu-*, L50, F|\n|poke|p2|Tornadus, L50, M|\n|poke|p2|Gholdengo, L50|\n|poke|p2|Iron Hands, L50|\n|poke|p2|Amoonguss, L50, F|\n|teampreview|4\nAndrewsWho has agreed to open team sheets.\nTobiYume has agreed to open team sheets.\n|showteam|p1|Kommo-o||Leftovers|Bulletproof|IronDefense,BodyPress,IronHead,Protect|||F|||50|,,,,,Steel]Arcanine-Hisui||SafetyGoggles|Intimidate|FlareBlitz,RockSlide,ExtremeSpeed,WillOWisp|||M|||50|,,,,,Water]Rillaboom||AssaultVest|GrassySurge|FakeOut,GrassyGlide,WoodHammer,Uturn|||M|||50|,,,,,Fire]Moltres-Galar||SitrusBerry|Berserk|FieryWrath,AirSlash,NastyPlot,Protect||||||50|,,,,,Poison]Ninetales-Alola||LightClay|SnowWarning|AuroraVeil,IcyWind,Moonblast,HelpingHand|||F|||50|,,,,,Water]Sinistcha||RockyHelmet|Hospitality|MatchaGotcha,LifeDew,TrickRoom,RagePowder||||||50|,,,,,Fairy\n|showteam|p2|Arcanine-Hisui||ChoiceBand|Intimidate|RockSlide,FlareBlitz,ExtremeSpeed,HeadSmash|||F|||50|,,,,,Fairy]Urshifu-Rapid-Strike||MysticWater|UnseenFist|SurgingStrikes,AquaJet,CloseCombat,Detect|||F|||50|,,,,,Water]Tornadus||RockyHelmet|Prankster|BleakwindStorm,Tailwind,RainDance,Protect|||M|||50|,,,,,Steel]Gholdengo||Leftovers|GoodasGold|MakeItRain,ShadowBall,Protect,NastyPlot||||||50|,,,,,Dragon]Iron Hands||AssaultVest|QuarkDrive|WildCharge,DrainPunch,VoltSwitch,FakeOut||||||50|,,,,,Water]Amoonguss||SitrusBerry|Regenerator|PollenPuff,Spore,RagePowder,Protect|||F|||50|,,,,,Water\n|c|\u2606AndrewsWho|glhf\n|c|\u2606TobiYume|glhf\n|inactive|Battle timer is ON: inactive players will automatically lose when time's up. (requested by TobiYume)\n|\n|t:|1700928530\n|start\n|switch|p1a: Rillaboom|Rillaboom, L50, M|100\/100\n|switch|p1b: Arcanine|Arcanine-Hisui, L50, M|100\/100\n|switch|p2a: Gholdengo|Gholdengo, L50|100\/100\n|switch|p2b: Iron Hands|Iron Hands, L50|100\/100\n|-ability|p1b: Arcanine|Intimidate|boost\n|-unboost|p2a: Gholdengo|atk|1\n|-unboost|p2b: Iron Hands|atk|1\n|-fieldstart|move: Grassy Terrain|[from] ability: Grassy Surge|[of] p1a: Rillaboom\n|turn|1\n|\n|t:|1700928550\n|-end|p2b: Iron Hands|Quark Drive|[silent]\n|switch|p2b: Arcanine|Arcanine-Hisui, L50, F|100\/100\n|-ability|p2b: Arcanine|Intimidate|boost\n|-unboost|p1a: Rillaboom|atk|1\n|-unboost|p1b: Arcanine|atk|1\n|move|p2a: Gholdengo|Protect|p2a: Gholdengo\n|-singleturn|p2a: Gholdengo|Protect\n|move|p1a: Rillaboom|Fake Out|p2b: Arcanine\n|-resisted|p2b: Arcanine\n|-damage|p2b: Arcanine|95\/100\n|move|p1b: Arcanine|Will-O-Wisp|p2b: Arcanine|[miss]\n|-miss|p1b: Arcanine|p2b: Arcanine\n|\n|-heal|p2b: Arcanine|100\/100|[from] Grassy Terrain\n|upkeep\n|turn|2\n|inactive|TobiYume has 30 seconds left.\n|inactive|AndrewsWho has 30 seconds left.\n|\n|t:|1700928584\n|switch|p1b: Ninetales|Ninetales-Alola, L50, F|100\/100\n|-weather|Snow|[from] ability: Snow Warning|[of] p1b: Ninetales\n|move|p1a: Rillaboom|Grassy Glide|p2b: Arcanine\n|-damage|p2b: Arcanine|68\/100\n|move|p2a: Gholdengo|Make It Rain|p1a: Rillaboom|[spread] p1a,p1b\n|-supereffective|p1b: Ninetales\n|-damage|p1a: Rillaboom|65\/100\n|-damage|p1b: Ninetales|0 fnt\n|-unboost|p2a: Gholdengo|spa|1\n|faint|p1b: Ninetales\n|move|p2b: Arcanine|Rock Slide|p1a: Rillaboom\n|-damage|p1a: Rillaboom|17\/100\n|\n|-weather|Snow|[upkeep]\n|-heal|p2b: Arcanine|74\/100|[from] Grassy Terrain\n|-heal|p1a: Rillaboom|22\/100|[from] Grassy Terrain\n|upkeep\n|\n|t:|1700928595\n|switch|p1b: Arcanine|Arcanine-Hisui, L50, M|100\/100\n|-ability|p1b: Arcanine|Intimidate|boost\n|-unboost|p2a: Gholdengo|atk|1\n|-unboost|p2b: Arcanine|atk|1\n|turn|3\n|\n|t:|1700928610\n|move|p2a: Gholdengo|Protect|p2a: Gholdengo\n|-singleturn|p2a: Gholdengo|Protect\n|move|p1a: Rillaboom|Grassy Glide|p2b: Arcanine\n|-damage|p2b: Arcanine|44\/100\n|move|p1b: Arcanine|Flare Blitz|p2a: Gholdengo\n|-activate|p2a: Gholdengo|move: Protect\n|move|p2b: Arcanine|Rock Slide|p1a: Rillaboom|[spread] p1a,p1b\n|-supereffective|p1b: Arcanine\n|-damage|p1a: Rillaboom|0 fnt\n|-damage|p1b: Arcanine|37\/100\n|faint|p1a: Rillaboom\n|\n|-weather|Snow|[upkeep]\n|-heal|p1b: Arcanine|43\/100|[from] Grassy Terrain\n|-heal|p2b: Arcanine|50\/100|[from] Grassy Terrain\n|upkeep\n|\n|t:|1700928614\n|switch|p1a: Moltres|Moltres-Galar, L50|100\/100\n|turn|4\n|\n|t:|1700928631\n|move|p1b: Arcanine|Rock Slide|p2b: Arcanine|[spread] p2a,p2b\n|-resisted|p2a: Gholdengo\n|-supereffective|p2b: Arcanine\n|-damage|p2a: Gholdengo|88\/100\n|-damage|p2b: Arcanine|0 fnt\n|faint|p2b: Arcanine\n|move|p2a: Gholdengo|Make It Rain|p1a: Moltres|[spread] p1a,p1b\n|-crit|p1a: Moltres\n|-damage|p1a: Moltres|43\/100\n|-damage|p1b: Arcanine|12\/100\n|-unboost|p2a: Gholdengo|spa|1\n|-ability|p1a: Moltres|Berserk|boost\n|-boost|p1a: Moltres|spa|1\n|-enditem|p1a: Moltres|Sitrus Berry|[eat]\n|-heal|p1a: Moltres|68\/100|[from] item: Sitrus Berry\n|move|p1a: Moltres|Fiery Wrath|p2a: Gholdengo\n|-supereffective|p2a: Gholdengo\n|-damage|p2a: Gholdengo|0 fnt\n|faint|p2a: Gholdengo\n|\n|-weather|Snow|[upkeep]\n|-heal|p1b: Arcanine|18\/100|[from] Grassy Terrain\n|upkeep\n|\n|t:|1700928647\n|switch|p2a: Iron Hands|Iron Hands, L50|100\/100\n|switch|p2b: Amoonguss|Amoonguss, L50, F|100\/100\n|turn|5\n|\n|t:|1700928660\n|-terastallize|p2b: Amoonguss|Water\n|move|p1a: Moltres|Protect|p1a: Moltres\n|-singleturn|p1a: Moltres|Protect\n|move|p2a: Iron Hands|Fake Out|p1b: Arcanine\n|-resisted|p1b: Arcanine\n|-damage|p1b: Arcanine|9\/100\n|cant|p1b: Arcanine|flinch\n|move|p2b: Amoonguss|Spore|p1a: Moltres\n|-activate|p1a: Moltres|move: Protect\n|\n|-weather|Snow|[upkeep]\n|-heal|p1b: Arcanine|15\/100|[from] Grassy Terrain\n|-fieldend|move: Grassy Terrain\n|upkeep\n|turn|6\n|\n|t:|1700928674\n|move|p2b: Amoonguss|Rage Powder|p2b: Amoonguss\n|-singleturn|p2b: Amoonguss|move: Rage Powder\n|move|p1b: Arcanine|Will-O-Wisp|p2a: Iron Hands\n|-status|p2a: Iron Hands|brn\n|move|p1a: Moltres|Fiery Wrath|p2b: Amoonguss|[spread] p2a,p2b\n|-resisted|p2a: Iron Hands\n|-damage|p2a: Iron Hands|90\/100 brn\n|-damage|p2b: Amoonguss|60\/100\n|move|p2a: Iron Hands|Wild Charge|p1a: Moltres\n|-supereffective|p1a: Moltres\n|-damage|p1a: Moltres|22\/100\n|-damage|p2a: Iron Hands|81\/100 brn|[from] Recoil\n|-ability|p1a: Moltres|Berserk|boost\n|-boost|p1a: Moltres|spa|1\n|\n|-weather|none\n|-damage|p2a: Iron Hands|75\/100 brn|[from] brn\n|upkeep\n|turn|7\n|\n|t:|1700928694\n|move|p2b: Amoonguss|Protect|p2b: Amoonguss\n|-singleturn|p2b: Amoonguss|Protect\n|move|p1b: Arcanine|Flare Blitz|p2a: Iron Hands\n|-damage|p2a: Iron Hands|43\/100 brn\n|-damage|p1b: Arcanine|3\/100|[from] Recoil\n|move|p1a: Moltres|Fiery Wrath|p2b: Amoonguss|[spread] p2a\n|-activate|p2b: Amoonguss|move: Protect\n|-resisted|p2a: Iron Hands\n|-damage|p2a: Iron Hands|29\/100 brn\n|move|p2a: Iron Hands|Drain Punch|p1b: Arcanine\n|-supereffective|p1b: Arcanine\n|-damage|p1b: Arcanine|0 fnt\n|-heal|p2a: Iron Hands|31\/100 brn|[from] drain|[of] p1b: Arcanine\n|faint|p1b: Arcanine\n|\n|-damage|p2a: Iron Hands|25\/100 brn|[from] brn\n|upkeep\n|turn|8\n|\n|t:|1700928712\n|move|p1a: Moltres|Fiery Wrath|p2b: Amoonguss|[spread] p2a,p2b\n|-resisted|p2a: Iron Hands\n|-damage|p2a: Iron Hands|10\/100 brn\n|-damage|p2b: Amoonguss|7\/100\n|-enditem|p2b: Amoonguss|Sitrus Berry|[eat]\n|-heal|p2b: Amoonguss|32\/100|[from] item: Sitrus Berry\n|move|p2a: Iron Hands|Wild Charge|p1a: Moltres\n|-supereffective|p1a: Moltres\n|-damage|p1a: Moltres|0 fnt\n|faint|p1a: Moltres\n|-damage|p2a: Iron Hands|6\/100 brn|[from] Recoil\n|\n|win|AndrewsWho\n|c|&|\/uhtml prompt-tobiyume,TobiYume is ready for game 2!\n","uploadtime":1700928718,"views":0,"p1id":"tobiyume","p2id":"andrewswho","formatid":"gen9vgc2023regulatione","rating":0,"private":0,"password":""}