{"id":"gen9vgc2023regulatione-1989902960","p1":"CaptianGarbage","p2":"Kzjkzejzl","format":"[Gen 9] VGC 2023 Regulation E","log":"|j|\u2606CaptianGarbage\n|j|\u2606Kzjkzejzl\n|t:|1699905326\n|gametype|doubles\n|player|p1|CaptianGarbage|266|1000\n|player|p2|Kzjkzejzl|lance|1014\n|teamsize|p1|6\n|teamsize|p2|6\n|gen|9\n|tier|[Gen 9] VGC 2023 Regulation E\n|rated|\n|rule|Species Clause: Limit one of each Pok\u00e9mon\n|rule|Item Clause: Limit one of each item\n|clearpoke\n|poke|p1|Moltres-Galar, L50|\n|poke|p1|Sinistcha-Masterpiece, L50|\n|poke|p1|Ninetales-Alola, L50, F|\n|poke|p1|Landorus-Therian, L50, M|\n|poke|p1|Iron Hands, L50|\n|poke|p1|Heatran, L50, F|\n|poke|p2|Flutter Mane, L50|\n|poke|p2|Tornadus, L50, M|\n|poke|p2|Rillaboom, L50, F|\n|poke|p2|Garganacl, L50, F|\n|poke|p2|Arcanine-Hisui, L50, F|\n|poke|p2|Chien-Pao, L50|\n|teampreview|4\n|inactive|Battle timer is ON: inactive players will automatically lose when time's up. (requested by CaptianGarbage)\n|inactive|CaptianGarbage has 60 seconds left.\n|\n|t:|1699905377\n|start\n|switch|p1a: Moltres|Moltres-Galar, L50|100\/100\n|switch|p1b: Iron Hands|Iron Hands, L50|100\/100\n|switch|p2a: Tornadus|Tornadus, L50, M|100\/100\n|switch|p2b: Garganacl|Garganacl, L50, F|100\/100\n|turn|1\n|\n|t:|1699905394\n|-terastallize|p2b: Garganacl|Ghost\n|move|p1b: Iron Hands|Fake Out|p2b: Garganacl\n|-immune|p2b: Garganacl\n|move|p2a: Tornadus|Bleakwind Storm|p1a: Moltres|[spread] p1a,p1b\n|-damage|p1a: Moltres|75\/100\n|-damage|p1b: Iron Hands|84\/100\n|move|p1a: Moltres|Nasty Plot|p1a: Moltres\n|-boost|p1a: Moltres|spa|2\n|move|p2b: Garganacl|Salt Cure|p1a: Moltres\n|-supereffective|p1a: Moltres\n|-damage|p1a: Moltres|52\/100\n|-start|p1a: Moltres|Salt Cure\n|\n|-damage|p1a: Moltres|40\/100|[from] Salt Cure\n|upkeep\n|-enditem|p1a: Moltres|Sitrus Berry|[eat]\n|-heal|p1a: Moltres|65\/100|[from] item: Sitrus Berry\n|turn|2\n|\n|t:|1699905418\n|move|p2b: Garganacl|Protect|p2b: Garganacl\n|-singleturn|p2b: Garganacl|Protect\n|move|p2a: Tornadus|Tailwind|p2a: Tornadus\n|-sidestart|p2: Kzjkzejzl|move: Tailwind\n|move|p1a: Moltres|Fiery Wrath|p2a: Tornadus|[spread] p2a\n|-activate|p2b: Garganacl|move: Protect\n|-damage|p2a: Tornadus|52\/100\n|move|p1b: Iron Hands|Wild Charge|p2a: Tornadus\n|-supereffective|p2a: Tornadus\n|-damage|p2a: Tornadus|0 fnt\n|-damage|p1b: Iron Hands|68\/100|[from] item: Rocky Helmet|[of] p2a: Tornadus\n|faint|p2a: Tornadus\n|-damage|p1b: Iron Hands|58\/100|[from] Recoil\n|\n|-damage|p1a: Moltres|52\/100|[from] Salt Cure\n|upkeep\n|\n|t:|1699905427\n|switch|p2a: Arcanine|Arcanine-Hisui, L50, F|100\/100\n|-ability|p2a: Arcanine|Intimidate|boost\n|-unboost|p1a: Moltres|atk|1\n|-unboost|p1b: Iron Hands|atk|1\n|turn|3\n|\n|t:|1699905433\n|-end|p1b: Iron Hands|Quark Drive|[silent]\n|switch|p1b: Sinistcha|Sinistcha-Masterpiece, L50|100\/100\n|-heal|p1a: Moltres|77\/100|[from] ability: Hospitality|[of] p1b: Sinistcha\n|move|p1a: Moltres|Protect|p1a: Moltres\n|-singleturn|p1a: Moltres|Protect\n|move|p2a: Arcanine|Rock Slide|p1a: Moltres|[spread] p1b\n|-activate|p1a: Moltres|move: Protect\n|-damage|p1b: Sinistcha|63\/100\n|move|p2b: Garganacl|Salt Cure|p1a: Moltres\n|-activate|p1a: Moltres|move: Protect\n|\n|-damage|p1a: Moltres|65\/100|[from] Salt Cure\n|upkeep\n|turn|4\n|\n|t:|1699905446\n|-terastallize|p1a: Moltres|Poison\n|move|p2a: Arcanine|Rock Slide|p1a: Moltres|[spread] p1a,p1b\n|-damage|p1a: Moltres|32\/100\n|-damage|p1b: Sinistcha|25\/100\n|-ability|p1a: Moltres|Berserk|boost\n|-boost|p1a: Moltres|spa|1\n|cant|p1a: Moltres|flinch\n|move|p2b: Garganacl|Salt Cure|p1a: Moltres\n|-damage|p1a: Moltres|20\/100\n|cant|p1b: Sinistcha|flinch\n|\n|-damage|p1a: Moltres|8\/100|[from] Salt Cure\n|upkeep\n|turn|5\n|c|\u2606CaptianGarbage|the double flinch jesus lol\n|inactive|CaptianGarbage has 30 seconds left.\n|\n|t:|1699905474\n|move|p2a: Arcanine|Rock Slide|p1a: Moltres|[spread] p1a,p1b\n|-damage|p1a: Moltres|0 fnt\n|-damage|p1b: Sinistcha|0 fnt\n|faint|p1a: Moltres\n|faint|p1b: Sinistcha\n|move|p2b: Garganacl|Salt Cure|p1: Moltres|[notarget]\n|-fail|p2b: Garganacl\n|\n|-sideend|p2: Kzjkzejzl|move: Tailwind\n|upkeep\n|\n|t:|1699905477\n|switch|p1a: Iron Hands|Iron Hands, L50|58\/100\n|switch|p1b: Heatran|Heatran, L50, F|100\/100\n|turn|6\n|\n|t:|1699905491\n|move|p2a: Arcanine|Rock Slide|p1a: Iron Hands|[spread] p1a,p1b\n|-resisted|p1a: Iron Hands\n|-damage|p1a: Iron Hands|43\/100\n|-damage|p1b: Heatran|66\/100\n|cant|p1b: Heatran|flinch\n|move|p1a: Iron Hands|Drain Punch|p2a: Arcanine\n|-supereffective|p2a: Arcanine\n|-damage|p2a: Arcanine|0 fnt\n|-heal|p1a: Iron Hands|78\/100|[from] drain|[of] p2a: Arcanine\n|faint|p2a: Arcanine\n|move|p2b: Garganacl|Salt Cure|p1b: Heatran\n|-damage|p1b: Heatran|55\/100\n|-start|p1b: Heatran|Salt Cure\n|\n|-heal|p1b: Heatran|61\/100|[from] item: Leftovers\n|-damage|p1b: Heatran|36\/100|[from] Salt Cure\n|upkeep\n|\n|t:|1699905494\n|switch|p2a: Chien-Pao|Chien-Pao, L50|100\/100\n|-ability|p2a: Chien-Pao|Sword of Ruin\n|turn|7\n|\n|t:|1699905502\n|move|p2a: Chien-Pao|Protect|p2a: Chien-Pao\n|-singleturn|p2a: Chien-Pao|Protect\n|move|p1b: Heatran|Protect|p1b: Heatran\n|-singleturn|p1b: Heatran|Protect\n|move|p2b: Garganacl|Protect|p2b: Garganacl\n|-singleturn|p2b: Garganacl|Protect\n|move|p1a: Iron Hands|Drain Punch|p2a: Chien-Pao\n|-activate|p2a: Chien-Pao|move: Protect\n|\n|-heal|p1b: Heatran|42\/100|[from] item: Leftovers\n|-damage|p1b: Heatran|17\/100|[from] Salt Cure\n|upkeep\n|turn|8\n|\n|t:|1699905517\n|move|p2a: Chien-Pao|Sacred Sword|p1b: Heatran\n|-supereffective|p1b: Heatran\n|-crit|p1b: Heatran\n|-damage|p1b: Heatran|0 fnt\n|faint|p1b: Heatran\n|move|p1a: Iron Hands|Drain Punch|p2a: Chien-Pao\n|-supereffective|p2a: Chien-Pao\n|-enditem|p2a: Chien-Pao|Focus Sash\n|-damage|p2a: Chien-Pao|1\/100\n|-heal|p1a: Iron Hands|100\/100|[from] drain|[of] p2a: Chien-Pao\n|move|p2b: Garganacl|Iron Defense|p2b: Garganacl\n|-boost|p2b: Garganacl|def|2\n|\n|upkeep\n|turn|9\n|c|\u2606CaptianGarbage|the flinch to win -_-\n|\n|t:|1699905525\n|move|p2a: Chien-Pao|Protect|p2a: Chien-Pao\n|-singleturn|p2a: Chien-Pao|Protect\n|move|p1a: Iron Hands|Drain Punch|p2a: Chien-Pao\n|-activate|p2a: Chien-Pao|move: Protect\n|move|p2b: Garganacl|Iron Defense|p2b: Garganacl\n|-boost|p2b: Garganacl|def|2\n|\n|upkeep\n|turn|10\n|-message|CaptianGarbage forfeited.\n|\n|win|Kzjkzejzl\n|raw|CaptianGarbage's rating: 1000 &rarr; <strong>1000<\/strong><br \/>(+0 for losing)\n|raw|Kzjkzejzl's rating: 1014 &rarr; <strong>1050<\/strong><br \/>(+36 for winning)\n|l|\u2606CaptianGarbage\n","uploadtime":1699905537,"views":8,"p1id":"captiangarbage","p2id":"kzjkzejzl","formatid":"gen9vgc2023regulatione","rating":1000,"private":0,"password":""}