{"id":"gen9vgc2023regulatione-1990202600","p1":"hellolorem","p2":"Kzrkrzov","format":"[Gen 9] VGC 2023 Regulation E","log":"|j|\u2606hellolorem\n|j|\u2606Kzrkrzov\n|t:|1699936733\n|gametype|doubles\n|player|p1|hellolorem|waiter-gen4|1150\n|player|p2|Kzrkrzov|lance|1256\n|teamsize|p1|6\n|teamsize|p2|6\n|gen|9\n|tier|[Gen 9] VGC 2023 Regulation E\n|rated|\n|rule|Species Clause: Limit one of each Pok\u00e9mon\n|rule|Item Clause: Limit one of each item\n|clearpoke\n|poke|p1|Indeedee-F, L50, F|\n|poke|p1|Armarouge, L50, M|\n|poke|p1|Sinistcha, L50|\n|poke|p1|Iron Hands, L50|\n|poke|p1|Ninetales-Alola, L50, M|\n|poke|p1|Roaring Moon, L50|\n|poke|p2|Flutter Mane, L50|\n|poke|p2|Tornadus, L50, M|\n|poke|p2|Rillaboom, L50, F|\n|poke|p2|Garganacl, L50, M|\n|poke|p2|Arcanine-Hisui, L50, F|\n|poke|p2|Chien-Pao, L50|\n|teampreview|4\nhellolorem rejected open team sheets.\n|\n|t:|1699936783\n|start\n|switch|p1a: Armarouge|Armarouge, L50, M|100\/100\n|switch|p1b: Iron Hands|Iron Hands, L50|100\/100\n|switch|p2a: Arcanine|Arcanine-Hisui, L50, F|100\/100\n|switch|p2b: Tornadus|Tornadus, L50, M|100\/100\n|-ability|p2a: Arcanine|Intimidate|boost\n|-unboost|p1a: Armarouge|atk|1\n|-unboost|p1b: Iron Hands|atk|1\n|turn|1\n|\n|t:|1699936799\n|move|p1b: Iron Hands|Fake Out|p2a: Arcanine\n|-resisted|p2a: Arcanine\n|-damage|p2a: Arcanine|93\/100\n|cant|p2a: Arcanine|flinch\n|move|p2b: Tornadus|Bleakwind Storm|p1a: Armarouge|[spread] p1a\n|-miss|p2b: Tornadus|p1b: Iron Hands\n|-damage|p1a: Armarouge|66\/100\n|move|p1a: Armarouge|Trick Room|p1a: Armarouge\n|-fieldstart|move: Trick Room|[of] p1a: Armarouge\n|\n|upkeep\n|turn|2\n|\n|t:|1699936833\n|switch|p2a: Chien-Pao|Chien-Pao, L50|100\/100\n|-ability|p2a: Chien-Pao|Sword of Ruin\n|-terastallize|p1a: Armarouge|Psychic\n|move|p1b: Iron Hands|Drain Punch|p2a: Chien-Pao\n|-supereffective|p2a: Chien-Pao\n|-enditem|p2a: Chien-Pao|Focus Sash\n|-damage|p2a: Chien-Pao|1\/100\n|move|p1a: Armarouge|Expanding Force|p2b: Tornadus\n|-damage|p2b: Tornadus|38\/100\n|-damage|p1a: Armarouge|56\/100|[from] item: Life Orb\n|move|p2b: Tornadus|Bleakwind Storm|p1a: Armarouge|[spread] p1a,p1b\n|-damage|p1a: Armarouge|21\/100\n|-damage|p1b: Iron Hands|83\/100\n|-unboost|p1b: Iron Hands|spe|1\n|\n|upkeep\n|turn|3\n|\n|t:|1699936861\n|move|p1a: Armarouge|Protect|p1a: Armarouge\n|-singleturn|p1a: Armarouge|Protect\n|move|p2a: Chien-Pao|Protect|p2a: Chien-Pao\n|-singleturn|p2a: Chien-Pao|Protect\n|move|p1b: Iron Hands|Wild Charge|p2b: Tornadus\n|-supereffective|p2b: Tornadus\n|-damage|p2b: Tornadus|0 fnt\n|-damage|p1b: Iron Hands|67\/100|[from] item: Rocky Helmet|[of] p2b: Tornadus\n|faint|p2b: Tornadus\n|-damage|p1b: Iron Hands|60\/100|[from] Recoil\n|\n|upkeep\n|\n|t:|1699936870\n|switch|p2b: Garganacl|Garganacl, L50, M|100\/100\n|turn|4\n|\n|t:|1699936881\n|-end|p1b: Iron Hands|Quark Drive|[silent]\n|switch|p1b: Sinistcha|Sinistcha, L50|100\/100\n|-heal|p1a: Armarouge|45\/100|[from] ability: Hospitality|[of] p1b: Sinistcha\n|-terastallize|p2b: Garganacl|Ghost\n|move|p2a: Chien-Pao|Sucker Punch|p1a: Armarouge\n|-supereffective|p1a: Armarouge\n|-damage|p1a: Armarouge|0 fnt\n|faint|p1a: Armarouge\n|move|p2b: Garganacl|Iron Defense|p2b: Garganacl\n|-boost|p2b: Garganacl|def|2\n|\n|upkeep\n|\n|t:|1699936894\n|switch|p1a: Iron Hands|Iron Hands, L50|60\/100\n|turn|5\n|\n|t:|1699936916\n|switch|p1b: Indeedee|Indeedee-F, L50, F|100\/100\n|-fieldstart|move: Psychic Terrain|[from] ability: Psychic Surge|[of] p1b: Indeedee\n|move|p2a: Chien-Pao|Protect|p2a: Chien-Pao\n|-singleturn|p2a: Chien-Pao|Protect\n|move|p2b: Garganacl|Salt Cure|p1b: Indeedee\n|-damage|p1b: Indeedee|81\/100\n|-start|p1b: Indeedee|Salt Cure\n|move|p1a: Iron Hands|Drain Punch|p2a: Chien-Pao\n|-activate|p2a: Chien-Pao|move: Protect\n|\n|-damage|p1b: Indeedee|69\/100|[from] Salt Cure\n|-fieldend|move: Trick Room\n|upkeep\n|turn|6\n|\n|t:|1699936933\n|switch|p1b: Sinistcha|Sinistcha, L50|100\/100\n|-heal|p1a: Iron Hands|85\/100|[from] ability: Hospitality|[of] p1b: Sinistcha\n|move|p2a: Chien-Pao|Ice Spinner|p1b: Sinistcha\n|-supereffective|p1b: Sinistcha\n|-damage|p1b: Sinistcha|18\/100\n|-fieldend|move: Psychic Terrain\n|-enditem|p1b: Sinistcha|Sitrus Berry|[eat]\n|-heal|p1b: Sinistcha|43\/100|[from] item: Sitrus Berry\n|move|p1a: Iron Hands|Drain Punch|p2a: Chien-Pao\n|-supereffective|p2a: Chien-Pao\n|-damage|p2a: Chien-Pao|0 fnt\n|-heal|p1a: Iron Hands|85\/100|[from] drain|[of] p2a: Chien-Pao\n|faint|p2a: Chien-Pao\n|move|p2b: Garganacl|Iron Defense|p2b: Garganacl\n|-boost|p2b: Garganacl|def|2\n|\n|upkeep\n|\n|t:|1699936939\n|switch|p2a: Arcanine|Arcanine-Hisui, L50, F|93\/100\n|-ability|p2a: Arcanine|Intimidate|boost\n|-unboost|p1a: Iron Hands|atk|1\n|-unboost|p1b: Sinistcha|atk|1\n|turn|7\n|\n|t:|1699936964\n|switch|p1b: Indeedee|Indeedee-F, L50, F|69\/100\n|-fieldstart|move: Psychic Terrain|[from] ability: Psychic Surge|[of] p1b: Indeedee\n|move|p2a: Arcanine|Flare Blitz|p1b: Indeedee\n|-damage|p1b: Indeedee|0 fnt\n|-damage|p2a: Arcanine|77\/100|[from] item: Rocky Helmet|[of] p1b: Indeedee\n|faint|p1b: Indeedee\n|-damage|p2a: Arcanine|53\/100|[from] Recoil\n|move|p1a: Iron Hands|Drain Punch|p2a: Arcanine\n|-supereffective|p2a: Arcanine\n|-damage|p2a: Arcanine|0 fnt\n|-heal|p1a: Iron Hands|100\/100|[from] drain|[of] p2a: Arcanine\n|faint|p2a: Arcanine\n|move|p2b: Garganacl|Salt Cure|p1a: Iron Hands\n|-resisted|p1a: Iron Hands\n|-damage|p1a: Iron Hands|96\/100\n|-start|p1a: Iron Hands|Salt Cure\n|\n|-damage|p1a: Iron Hands|83\/100|[from] Salt Cure\n|upkeep\n|\n|t:|1699936982\n|switch|p1b: Sinistcha|Sinistcha, L50|43\/100\n|-heal|p1a: Iron Hands|100\/100|[from] ability: Hospitality|[of] p1b: Sinistcha\n|turn|8\n|\n|t:|1699936995\n|move|p1b: Sinistcha|Matcha Gotcha|p2b: Garganacl\n|-damage|p2b: Garganacl|79\/100\n|-heal|p1b: Sinistcha|56\/100|[from] drain|[of] p2b: Garganacl\n|move|p1a: Iron Hands|Heavy Slam|p2b: Garganacl\n|-damage|p2b: Garganacl|76\/100\n|move|p2b: Garganacl|Salt Cure|p1b: Sinistcha\n|-damage|p1b: Sinistcha|44\/100\n|-start|p1b: Sinistcha|Salt Cure\n|\n|-damage|p1b: Sinistcha|32\/100|[from] Salt Cure\n|-damage|p1a: Iron Hands|88\/100|[from] Salt Cure\n|upkeep\n|turn|9\n|\n|t:|1699937010\n|move|p2b: Garganacl|Protect|p2b: Garganacl\n|-singleturn|p2b: Garganacl|Protect\n|move|p1b: Sinistcha|Strength Sap|p2b: Garganacl\n|-activate|p2b: Garganacl|move: Protect\n|move|p1a: Iron Hands|Wild Charge|p2b: Garganacl\n|-activate|p2b: Garganacl|move: Protect\n|\n|-damage|p1b: Sinistcha|20\/100|[from] Salt Cure\n|-damage|p1a: Iron Hands|76\/100|[from] Salt Cure\n|upkeep\n|turn|10\n|\n|t:|1699937028\n|move|p1b: Sinistcha|Strength Sap|p2b: Garganacl\n|-unboost|p2b: Garganacl|atk|1\n|-heal|p1b: Sinistcha|88\/100\n|move|p1a: Iron Hands|Wild Charge|p2b: Garganacl\n|-damage|p2b: Garganacl|67\/100\n|-damage|p1a: Iron Hands|74\/100|[from] Recoil\n|move|p2b: Garganacl|Iron Defense|p2b: Garganacl\n|-boost|p2b: Garganacl|def|2\n|\n|-damage|p1b: Sinistcha|75\/100|[from] Salt Cure\n|-damage|p1a: Iron Hands|62\/100|[from] Salt Cure\n|upkeep\n|turn|11\n|inactive|Battle timer is ON: inactive players will automatically lose when time's up. (requested by Kzrkrzov)\n|\n|t:|1699937047\n|move|p2b: Garganacl|Protect|p2b: Garganacl\n|-singleturn|p2b: Garganacl|Protect\n|move|p1b: Sinistcha|Matcha Gotcha|p2b: Garganacl\n|-activate|p2b: Garganacl|move: Protect\n|move|p1a: Iron Hands|Heavy Slam|p2b: Garganacl\n|-activate|p2b: Garganacl|move: Protect\n|\n|-damage|p1b: Sinistcha|63\/100|[from] Salt Cure\n|-damage|p1a: Iron Hands|49\/100|[from] Salt Cure\n|-fieldend|move: Psychic Terrain\n|upkeep\n|turn|12\n|\n|t:|1699937060\n|move|p1b: Sinistcha|Matcha Gotcha|p2b: Garganacl\n|-damage|p2b: Garganacl|43\/100\n|-heal|p1b: Sinistcha|77\/100|[from] drain|[of] p2b: Garganacl\n|-enditem|p2b: Garganacl|Sitrus Berry|[eat]\n|-heal|p2b: Garganacl|68\/100|[from] item: Sitrus Berry\n|move|p1a: Iron Hands|Heavy Slam|p2b: Garganacl\n|-damage|p2b: Garganacl|66\/100\n|move|p2b: Garganacl|Salt Cure|p1a: Iron Hands\n|-resisted|p1a: Iron Hands\n|-damage|p1a: Iron Hands|46\/100\n|\n|-damage|p1b: Sinistcha|65\/100|[from] Salt Cure\n|-damage|p1a: Iron Hands|34\/100|[from] Salt Cure\n|upkeep\n|turn|13\n|\n|t:|1699937076\n|move|p2b: Garganacl|Protect|p2b: Garganacl\n|-singleturn|p2b: Garganacl|Protect\n|move|p1b: Sinistcha|Matcha Gotcha|p2b: Garganacl\n|-activate|p2b: Garganacl|move: Protect\n|move|p1a: Iron Hands|Heavy Slam|p2b: Garganacl\n|-activate|p2b: Garganacl|move: Protect\n|\n|-damage|p1b: Sinistcha|52\/100|[from] Salt Cure\n|-damage|p1a: Iron Hands|22\/100|[from] Salt Cure\n|upkeep\n|turn|14\n|\n|t:|1699937094\n|move|p1b: Sinistcha|Matcha Gotcha|p2b: Garganacl\n|-damage|p2b: Garganacl|43\/100\n|-heal|p1b: Sinistcha|66\/100|[from] drain|[of] p2b: Garganacl\n|move|p1a: Iron Hands|Heavy Slam|p2b: Garganacl\n|-damage|p2b: Garganacl|41\/100\n|move|p2b: Garganacl|Recover|p2b: Garganacl\n|-heal|p2b: Garganacl|91\/100\n|\n|-damage|p1b: Sinistcha|54\/100|[from] Salt Cure\n|-damage|p1a: Iron Hands|10\/100|[from] Salt Cure\n|upkeep\n|turn|15\n|\n|t:|1699937109\n|move|p2b: Garganacl|Protect|p2b: Garganacl\n|-singleturn|p2b: Garganacl|Protect\n|move|p1b: Sinistcha|Matcha Gotcha|p2b: Garganacl\n|-activate|p2b: Garganacl|move: Protect\n|move|p1a: Iron Hands|Heavy Slam|p2b: Garganacl\n|-activate|p2b: Garganacl|move: Protect\n|\n|-damage|p1b: Sinistcha|42\/100|[from] Salt Cure\n|-damage|p1a: Iron Hands|0 fnt|[from] Salt Cure\n|faint|p1a: Iron Hands\n|-end|p1a: Iron Hands|Quark Drive|[silent]\n|upkeep\n|turn|16\n|\n|t:|1699937120\n|move|p1b: Sinistcha|Strength Sap|p2b: Garganacl\n|-unboost|p2b: Garganacl|atk|1\n|-heal|p1b: Sinistcha|86\/100\n|move|p2b: Garganacl|Salt Cure|p1b: Sinistcha\n|-damage|p1b: Sinistcha|80\/100\n|\n|-damage|p1b: Sinistcha|67\/100|[from] Salt Cure\n|upkeep\n|turn|17\n|\n|t:|1699937129\n|move|p1b: Sinistcha|Matcha Gotcha|p2b: Garganacl\n|-damage|p2b: Garganacl|69\/100\n|-heal|p1b: Sinistcha|80\/100|[from] drain|[of] p2b: Garganacl\n|move|p2b: Garganacl|Salt Cure|p1b: Sinistcha\n|-damage|p1b: Sinistcha|74\/100\n|\n|-damage|p1b: Sinistcha|61\/100|[from] Salt Cure\n|upkeep\n|turn|18\n|\n|t:|1699937137\n|move|p2b: Garganacl|Protect|p2b: Garganacl\n|-singleturn|p2b: Garganacl|Protect\n|move|p1b: Sinistcha|Matcha Gotcha|p2b: Garganacl\n|-activate|p2b: Garganacl|move: Protect\n|\n|-damage|p1b: Sinistcha|49\/100|[from] Salt Cure\n|upkeep\n|turn|19\n|\n|t:|1699937145\n|move|p1b: Sinistcha|Matcha Gotcha|p2b: Garganacl\n|-damage|p2b: Garganacl|44\/100\n|-heal|p1b: Sinistcha|63\/100|[from] drain|[of] p2b: Garganacl\n|move|p2b: Garganacl|Salt Cure|p1b: Sinistcha\n|-damage|p1b: Sinistcha|58\/100\n|\n|-damage|p1b: Sinistcha|45\/100|[from] Salt Cure\n|upkeep\n|turn|20\n|\n|t:|1699937157\n|move|p2b: Garganacl|Protect|p2b: Garganacl\n|-singleturn|p2b: Garganacl|Protect\n|move|p1b: Sinistcha|Strength Sap|p2b: Garganacl\n|-activate|p2b: Garganacl|move: Protect\n|\n|-damage|p1b: Sinistcha|33\/100|[from] Salt Cure\n|upkeep\n|turn|21\n|\n|t:|1699937166\n|move|p1b: Sinistcha|Strength Sap|p2b: Garganacl\n|-unboost|p2b: Garganacl|atk|1\n|-heal|p1b: Sinistcha|67\/100\n|move|p2b: Garganacl|Recover|p2b: Garganacl\n|-heal|p2b: Garganacl|95\/100\n|\n|-damage|p1b: Sinistcha|54\/100|[from] Salt Cure\n|upkeep\n|turn|22\n|\n|t:|1699937174\n|move|p2b: Garganacl|Protect|p2b: Garganacl\n|-singleturn|p2b: Garganacl|Protect\n|move|p1b: Sinistcha|Matcha Gotcha|p2b: Garganacl\n|-activate|p2b: Garganacl|move: Protect\n|\n|-damage|p1b: Sinistcha|42\/100|[from] Salt Cure\n|upkeep\n|turn|23\n|\n|t:|1699937181\n|move|p1b: Sinistcha|Matcha Gotcha|p2b: Garganacl\n|-damage|p2b: Garganacl|72\/100\n|-heal|p1b: Sinistcha|56\/100|[from] drain|[of] p2b: Garganacl\n|move|p2b: Garganacl|Salt Cure|p1b: Sinistcha\n|-damage|p1b: Sinistcha|52\/100\n|\n|-damage|p1b: Sinistcha|39\/100|[from] Salt Cure\n|upkeep\n|turn|24\n|\n|t:|1699937192\n|move|p2b: Garganacl|Protect|p2b: Garganacl\n|-singleturn|p2b: Garganacl|Protect\n|move|p1b: Sinistcha|Strength Sap|p2b: Garganacl\n|-activate|p2b: Garganacl|move: Protect\n|\n|-damage|p1b: Sinistcha|27\/100|[from] Salt Cure\n|upkeep\n|turn|25\n|\n|t:|1699937199\n|move|p1b: Sinistcha|Matcha Gotcha|p2b: Garganacl\n|-crit|p2b: Garganacl\n|-damage|p2b: Garganacl|38\/100\n|-heal|p1b: Sinistcha|47\/100|[from] drain|[of] p2b: Garganacl\n|move|p2b: Garganacl|Salt Cure|p1b: Sinistcha\n|-damage|p1b: Sinistcha|42\/100\n|\n|-damage|p1b: Sinistcha|29\/100|[from] Salt Cure\n|upkeep\n|turn|26\n|\n|t:|1699937209\n|move|p1b: Sinistcha|Matcha Gotcha|p2b: Garganacl|[miss]\n|-miss|p1b: Sinistcha|p2b: Garganacl\n|move|p2b: Garganacl|Recover|p2b: Garganacl\n|-heal|p2b: Garganacl|88\/100\n|\n|-damage|p1b: Sinistcha|17\/100|[from] Salt Cure\n|upkeep\n|turn|27\n|\n|t:|1699937216\n|move|p2b: Garganacl|Protect|p2b: Garganacl\n|-singleturn|p2b: Garganacl|Protect\n|move|p1b: Sinistcha|Matcha Gotcha|p2b: Garganacl\n|-activate|p2b: Garganacl|move: Protect\n|\n|-damage|p1b: Sinistcha|4\/100|[from] Salt Cure\n|upkeep\n|turn|28\n|\n|t:|1699937222\n|move|p1b: Sinistcha|Matcha Gotcha|p2b: Garganacl\n|-damage|p2b: Garganacl|68\/100\n|-heal|p1b: Sinistcha|17\/100|[from] drain|[of] p2b: Garganacl\n|move|p2b: Garganacl|Recover|p2b: Garganacl\n|-heal|p2b: Garganacl|100\/100\n|\n|-damage|p1b: Sinistcha|4\/100|[from] Salt Cure\n|upkeep\n|turn|29\n|\n|t:|1699937230\n|move|p2b: Garganacl|Protect|p2b: Garganacl\n|-singleturn|p2b: Garganacl|Protect\n|move|p1b: Sinistcha|Matcha Gotcha|p2b: Garganacl\n|-activate|p2b: Garganacl|move: Protect\n|\n|-damage|p1b: Sinistcha|0 fnt|[from] Salt Cure\n|faint|p1b: Sinistcha\n|\n|win|Kzrkrzov\n|upkeep\n|raw|hellolorem's rating: 1150 &rarr; <strong>1132<\/strong><br \/>(-18 for losing)\n|raw|Kzrkrzov's rating: 1256 &rarr; <strong>1274<\/strong><br \/>(+18 for winning)\n","uploadtime":1699937232,"views":7,"p1id":"hellolorem","p2id":"kzrkrzov","formatid":"gen9vgc2023regulatione","rating":1132,"private":0,"password":""}