{"id":"gen9vgc2023regulatione-1988787004","p1":"GonzaTH","p2":"luzonvgc","format":"[Gen 9] VGC 2023 Regulation E","log":"|j|\u2606GonzaTH\n|j|\u2606luzonvgc\n|n|\u2606GonzaTH|gonzath\n|n|\u2606luzonvgc|luzonvgc\n|html|View the match progress at <a href=\"\/game-bestof3-gen9vgc2023regulatione-1988784325\">game-bestof3-gen9vgc2023regulatione-1988784325<\/a>\n|t:|1699763085\n|gametype|doubles\n|player|p1|GonzaTH|2|\n|player|p2|luzonvgc|lisia|\n|teamsize|p1|6\n|teamsize|p2|6\n|gen|9\n|tier|[Gen 9] VGC 2023 Regulation E\n|rule|Species Clause: Limit one of each Pok\u00e9mon\n|rule|Item Clause: Limit one of each item\n|clearpoke\n|poke|p1|Urshifu-*, L50, M|\n|poke|p1|Rillaboom, L50, M|\n|poke|p1|Farigiraf, L50, F|\n|poke|p1|Chien-Pao, L50|\n|poke|p1|Heatran, L50, M|\n|poke|p1|Dragonite, L50, M|\n|poke|p2|Roaring Moon, L50|\n|poke|p2|Landorus-Therian, L50, M|\n|poke|p2|Amoonguss, L50, F|\n|poke|p2|Heatran, L50, F|\n|poke|p2|Flutter Mane, L50|\n|poke|p2|Iron Hands, L50|\n|teampreview|4\nGonzaTH has agreed to open team sheets.\nluzonvgc has agreed to open team sheets.\n|showteam|p1|Urshifu-Rapid-Strike||ChoiceScarf|UnseenFist|SurgingStrikes,AquaJet,CloseCombat,Uturn|||M|||50|,,,,,Poison]Rillaboom||MiracleSeed|GrassySurge|WoodHammer,GrassyGlide,FakeOut,Protect|||M|||50|,,,,,Grass]Farigiraf||SitrusBerry|ArmorTail|DazzlingGleam,Psychic,HelpingHand,TrickRoom|||F|||50|,,,,,Fairy]Chien-Pao||FocusSash|SwordofRuin|IcicleCrash,SuckerPunch,Haze,Protect||||||50|,,,,,Ghost]Heatran||AssaultVest|FlashFire|HeatWave,FlashCannon,EarthPower,MagmaStorm|||M|||50|,,,,,Grass]Dragonite||ChoiceBand|InnerFocus|ExtremeSpeed,StompingTantrum,AerialAce,Outrage|||M|||50|,,,,,Normal\n|showteam|p2|Roaring Moon||BoosterEnergy|Protosynthesis|KnockOff,Acrobatics,DragonDance,Protect||||||50|,,,,,Flying]Landorus-Therian||ChoiceScarf|Intimidate|RockSlide,StompingTantrum,TeraBlast,Uturn|||M|||50|,,,,,Flying]Amoonguss||SitrusBerry|Regenerator|Protect,PollenPuff,RagePowder,Spore|||F|||50|,,,,,Water]Heatran||ShucaBerry|FlashFire|Protect,FlashCannon,MagmaStorm,EarthPower|||F|||50|,,,,,Fairy]Flutter Mane||ChoiceSpecs|Protosynthesis|DazzlingGleam,Moonblast,ShadowBall,PowerGem||||||50|,,,,,Fairy]Iron Hands||AssaultVest|QuarkDrive|FakeOut,DrainPunch,WildCharge,HeavySlam||||||50|,,,,,Water\n|\n|t:|1699763119\n|start\n|switch|p1a: Chien-Pao|Chien-Pao, L50|100\/100\n|switch|p1b: Dragonite|Dragonite, L50, M|100\/100\n|switch|p2a: Flutter Mane|Flutter Mane, L50|100\/100\n|switch|p2b: Landorus|Landorus-Therian, L50, M|100\/100\n|-ability|p2b: Landorus|Intimidate|boost\n|-unboost|p1a: Chien-Pao|atk|1\n|-fail|p1b: Dragonite|unboost|Attack|[from] ability: Inner Focus|[of] p1b: Dragonite\n|-ability|p1a: Chien-Pao|Sword of Ruin\n|turn|1\n|\n|t:|1699763157\n|switch|p2b: Heatran|Heatran, L50, F|100\/100\n|-terastallize|p1b: Dragonite|Normal\n|move|p1a: Chien-Pao|Protect|p1a: Chien-Pao\n|-singleturn|p1a: Chien-Pao|Protect\n|move|p1b: Dragonite|Extreme Speed|p2b: Heatran\n|-resisted|p2b: Heatran\n|-damage|p2b: Heatran|63\/100\n|move|p2a: Flutter Mane|Dazzling Gleam|p1b: Dragonite|[spread] p1b\n|-activate|p1a: Chien-Pao|move: Protect\n|-damage|p1b: Dragonite|62\/100\n|\n|upkeep\n|turn|2\n|\n|t:|1699763184\n|switch|p1b: Heatran|Heatran, L50, M|100\/100\n|move|p1a: Chien-Pao|Icicle Crash|p2a: Flutter Mane\n|-damage|p2a: Flutter Mane|44\/100\n|move|p2a: Flutter Mane|Dazzling Gleam|p1a: Chien-Pao|[spread] p1a,p1b\n|-supereffective|p1a: Chien-Pao\n|-resisted|p1b: Heatran\n|-enditem|p1a: Chien-Pao|Focus Sash\n|-damage|p1a: Chien-Pao|1\/100\n|-damage|p1b: Heatran|94\/100\n|move|p2b: Heatran|Flash Cannon|p1b: Heatran\n|-resisted|p1b: Heatran\n|-damage|p1b: Heatran|88\/100\n|-unboost|p1b: Heatran|spd|1\n|\n|upkeep\n|turn|3\n|\n|t:|1699763227\n|switch|p2b: Landorus|Landorus-Therian, L50, M|100\/100\n|-ability|p2b: Landorus|Intimidate|boost\n|-unboost|p1a: Chien-Pao|atk|1\n|-unboost|p1b: Heatran|atk|1\n|move|p1a: Chien-Pao|Icicle Crash|p2b: Landorus\n|-supereffective|p2b: Landorus\n|-damage|p2b: Landorus|0 fnt\n|faint|p2b: Landorus\n|move|p2a: Flutter Mane|Dazzling Gleam|p1a: Chien-Pao|[spread] p1a,p1b\n|-supereffective|p1a: Chien-Pao\n|-resisted|p1b: Heatran\n|-damage|p1a: Chien-Pao|0 fnt\n|-damage|p1b: Heatran|78\/100\n|faint|p1a: Chien-Pao\n|move|p1b: Heatran|Flash Cannon|p2a: Flutter Mane\n|-supereffective|p2a: Flutter Mane\n|-crit|p2a: Flutter Mane\n|-damage|p2a: Flutter Mane|0 fnt\n|faint|p2a: Flutter Mane\n|-end|p2a: Flutter Mane|Protosynthesis|[silent]\n|\n|upkeep\n|\n|t:|1699763243\n|switch|p1a: Rillaboom|Rillaboom, L50, M|100\/100\n|switch|p2a: Amoonguss|Amoonguss, L50, F|100\/100\n|switch|p2b: Heatran|Heatran, L50, F|63\/100\n|-fieldstart|move: Grassy Terrain|[from] ability: Grassy Surge|[of] p1a: Rillaboom\n|turn|4\n|\n|t:|1699763262\n|move|p2b: Heatran|Protect|p2b: Heatran\n|-singleturn|p2b: Heatran|Protect\n|move|p2a: Amoonguss|Protect|p2a: Amoonguss\n|-singleturn|p2a: Amoonguss|Protect\n|move|p1a: Rillaboom|Fake Out|p2a: Amoonguss\n|-activate|p2a: Amoonguss|move: Protect\n|move|p1b: Heatran|Earth Power|p2b: Heatran\n|-activate|p2b: Heatran|move: Protect\n|\n|-heal|p2b: Heatran|69\/100|[from] Grassy Terrain\n|-heal|p1b: Heatran|85\/100|[from] Grassy Terrain\n|upkeep\n|turn|5\n|\n|t:|1699763281\n|-terastallize|p2a: Amoonguss|Water\n|move|p1a: Rillaboom|Protect|p1a: Rillaboom\n|-singleturn|p1a: Rillaboom|Protect\n|move|p2b: Heatran|Magma Storm|p1a: Rillaboom\n|-activate|p1a: Rillaboom|move: Protect\n|move|p1b: Heatran|Magma Storm|p2a: Amoonguss|[miss]\n|-miss|p1b: Heatran|p2a: Amoonguss\n|move|p2a: Amoonguss|Spore|p1b: Heatran\n|-status|p1b: Heatran|slp|[from] move: Spore\n|\n|-heal|p2b: Heatran|75\/100|[from] Grassy Terrain\n|-heal|p1b: Heatran|91\/100 slp|[from] Grassy Terrain\n|upkeep\n|turn|6\n|\n|t:|1699763306\n|move|p2a: Amoonguss|Protect|p2a: Amoonguss\n|-singleturn|p2a: Amoonguss|Protect\n|move|p1a: Rillaboom|Grassy Glide|p2a: Amoonguss\n|-activate|p2a: Amoonguss|move: Protect\n|move|p2b: Heatran|Magma Storm|p1a: Rillaboom\n|-supereffective|p1a: Rillaboom\n|-damage|p1a: Rillaboom|0 fnt\n|faint|p1a: Rillaboom\n|cant|p1b: Heatran|slp\n|\n|-heal|p2b: Heatran|82\/100|[from] Grassy Terrain\n|-heal|p1b: Heatran|97\/100 slp|[from] Grassy Terrain\n|upkeep\n|\n|t:|1699763313\n|switch|p1a: Dragonite|Dragonite, L50, M, tera:Normal|62\/100\n|turn|7\n|\n|t:|1699763333\n|move|p2b: Heatran|Flash Cannon|p1b: Heatran\n|-resisted|p1b: Heatran\n|-damage|p1b: Heatran|89\/100 slp\n|move|p1a: Dragonite|Outrage|p2a: Amoonguss\n|-damage|p2a: Amoonguss|6\/100\n|-enditem|p2a: Amoonguss|Sitrus Berry|[eat]\n|-heal|p2a: Amoonguss|31\/100|[from] item: Sitrus Berry\n|cant|p1b: Heatran|slp\n|move|p2a: Amoonguss|Spore|p1a: Dragonite\n|-status|p1a: Dragonite|slp|[from] move: Spore\n|\n|-heal|p2b: Heatran|88\/100|[from] Grassy Terrain\n|-heal|p1a: Dragonite|68\/100 slp|[from] Grassy Terrain\n|-heal|p1b: Heatran|95\/100 slp|[from] Grassy Terrain\n|-heal|p2a: Amoonguss|37\/100|[from] Grassy Terrain\n|upkeep\n|turn|8\n|\n|t:|1699763351\n|move|p2a: Amoonguss|Rage Powder|p2a: Amoonguss\n|-singleturn|p2a: Amoonguss|move: Rage Powder\n|move|p2b: Heatran|Magma Storm|p1a: Dragonite|[miss]\n|-miss|p2b: Heatran|p1a: Dragonite\n|cant|p1a: Dragonite|slp\n|cant|p1b: Heatran|slp\n|\n|-heal|p2b: Heatran|94\/100|[from] Grassy Terrain\n|-heal|p1a: Dragonite|74\/100 slp|[from] Grassy Terrain\n|-heal|p1b: Heatran|100\/100 slp|[from] Grassy Terrain\n|-heal|p2a: Amoonguss|43\/100|[from] Grassy Terrain\n|-fieldend|move: Grassy Terrain\n|upkeep\n|turn|9\n|\n|t:|1699763373\n|move|p2a: Amoonguss|Rage Powder|p2a: Amoonguss\n|-singleturn|p2a: Amoonguss|move: Rage Powder\n|move|p2b: Heatran|Earth Power|p1b: Heatran\n|-supereffective|p1b: Heatran\n|-damage|p1b: Heatran|0 fnt\n|faint|p1b: Heatran\n|cant|p1a: Dragonite|slp\n|\n|upkeep\n|turn|10\n|\n|t:|1699763383\n|move|p2b: Heatran|Flash Cannon|p1a: Dragonite\n|-damage|p1a: Dragonite|34\/100 slp\n|-unboost|p1a: Dragonite|spd|1\n|cant|p1a: Dragonite|slp\n|move|p2a: Amoonguss|Spore|p1a: Dragonite\n|-fail|p1a: Dragonite|slp\n|\n|upkeep\n|turn|11\n|\n|t:|1699763390\n|move|p2b: Heatran|Flash Cannon|p1a: Dragonite\n|-damage|p1a: Dragonite|0 fnt\n|faint|p1a: Dragonite\n|\n|win|luzonvgc\n|c|&|\/uhtml prompt-luzonvgc,luzonvgc is ready for game 3!\n|c|&|\/uhtml prompt-gonzath,GonzaTH is ready for game 3!\nBoth players are ready! Starting next match!\n|l|\u2606luzonvgc\n","uploadtime":1699763946,"views":12,"p1id":"gonzath","p2id":"luzonvgc","formatid":"gen9vgc2023regulatione","rating":0,"private":0,"password":""}