{"id":"gen9vgc2023regulatione-1996423448","p1":"2ant14","p2":"bus","format":"[Gen 9] VGC 2023 Regulation E","log":"|j|\u26062ant14\n|j|\u2606bus\n|t:|1700680615\n|gametype|doubles\n|player|p1|2ant14|169|1068\n|player|p2|bus|sabrina|1064\n|teamsize|p1|6\n|teamsize|p2|6\n|gen|9\n|tier|[Gen 9] VGC 2023 Regulation E\n|rated|\n|rule|Species Clause: Limit one of each Pok\u00e9mon\n|rule|Item Clause: Limit one of each item\n|clearpoke\n|poke|p1|Swalot, L50, M|\n|poke|p1|Electrode-Hisui, L50|\n|poke|p1|Rillaboom, L50, F|\n|poke|p1|Chi-Yu, L50|\n|poke|p1|Gyarados, L50, M|\n|poke|p1|Klefki, L50, F|\n|poke|p2|Torkoal, L50, M|\n|poke|p2|Charizard, L50, M|\n|poke|p2|Armarouge, L50, F|\n|poke|p2|Indeedee-F, L50, F|\n|poke|p2|Chi-Yu, L50|\n|poke|p2|Garchomp, L50, M|\n|teampreview|4\n|inactive|Battle timer is ON: inactive players will automatically lose when time's up. (requested by 2ant14)\n|\n|t:|1700680639\n|start\n|switch|p1a: Chi-Yu|Chi-Yu, L50|100\/100\n|switch|p1b: Rillaboom|Rillaboom, L50, F|100\/100\n|switch|p2a: Parakarry|Charizard, L50, M|100\/100\n|switch|p2b: Kooper|Torkoal, L50, M|100\/100\n|-ability|p1a: Chi-Yu|Beads of Ruin\n|-fieldstart|move: Grassy Terrain|[from] ability: Grassy Surge|[of] p1b: Rillaboom\n|-weather|SunnyDay|[from] ability: Drought|[of] p2b: Kooper\n|turn|1\n|\n|t:|1700680660\n|switch|p2b: Watt|Indeedee-F, L50, F|100\/100\n|-fieldstart|move: Psychic Terrain|[from] ability: Psychic Surge|[of] p2b: Watt\n|-terastallize|p2a: Parakarry|Fire\n|move|p1b: Rillaboom|Fake Out|p2a: Parakarry\n|-activate|p2a: Parakarry|move: Psychic Terrain\n|move|p2a: Parakarry|Overheat|p1a: Chi-Yu\n|-resisted|p1a: Chi-Yu\n|-enditem|p1a: Chi-Yu|Focus Sash\n|-damage|p1a: Chi-Yu|1\/100\n|-unboost|p2a: Parakarry|spa|2\n|move|p1a: Chi-Yu|Heat Wave|p2b: Watt|[spread] p2a,p2b\n|-resisted|p2a: Parakarry\n|-damage|p2a: Parakarry|48\/100\n|-damage|p2b: Watt|46\/100\n|-status|p2b: Watt|brn\n|\n|-weather|SunnyDay|[upkeep]\n|-damage|p2a: Parakarry|35\/100|[from] ability: Solar Power|[of] p2a: Parakarry\n|-damage|p2b: Watt|39\/100 brn|[from] brn\n|upkeep\n|turn|2\n|inactive|2ant14 has 30 seconds left.\n|\n|t:|1700680693\n|switch|p1b: Swalot|Swalot, L50, M|100\/100\n|move|p2b: Watt|Helping Hand|p2a: Parakarry\n|-singleturn|p2a: Parakarry|Helping Hand|[of] p2b: Watt\n|move|p1a: Chi-Yu|Protect|p1a: Chi-Yu\n|-singleturn|p1a: Chi-Yu|Protect\n|move|p2a: Parakarry|Overheat|p1b: Swalot\n|-damage|p1b: Swalot|0 fnt\n|-unboost|p2a: Parakarry|spa|2\n|faint|p1b: Swalot\n|\n|-weather|SunnyDay|[upkeep]\n|-damage|p2a: Parakarry|23\/100|[from] ability: Solar Power|[of] p2a: Parakarry\n|-damage|p2b: Watt|33\/100 brn|[from] brn\n|upkeep\n|\n|t:|1700680710\n|switch|p1b: Rillaboom|Rillaboom, L50, F|100\/100\n|-fieldstart|move: Grassy Terrain|[from] ability: Grassy Surge|[of] p1b: Rillaboom\n|turn|3\n|\n|t:|1700680717\n|switch|p2a: Kooper|Torkoal, L50, M|100\/100\n|move|p2b: Watt|Protect|p2b: Watt\n|-singleturn|p2b: Watt|Protect\n|move|p1b: Rillaboom|Fake Out|p2a: Kooper\n|-damage|p2a: Kooper|90\/100\n|move|p1a: Chi-Yu|Dark Pulse|p2b: Watt\n|-activate|p2b: Watt|move: Protect\n|\n|-weather|SunnyDay|[upkeep]\n|-heal|p1a: Chi-Yu|7\/100|[from] Grassy Terrain\n|-heal|p2b: Watt|39\/100 brn|[from] Grassy Terrain\n|-heal|p2a: Kooper|97\/100|[from] Grassy Terrain\n|-damage|p2b: Watt|33\/100 brn|[from] brn\n|upkeep\n|turn|4\n|\n|t:|1700680735\n|move|p2b: Watt|Helping Hand|p2a: Kooper\n|-singleturn|p2a: Kooper|Helping Hand|[of] p2b: Watt\n|move|p1a: Chi-Yu|Heat Wave|p2b: Watt|[spread] p2a,p2b\n|-resisted|p2a: Kooper\n|-damage|p2a: Kooper|60\/100\n|-damage|p2b: Watt|0 fnt\n|faint|p2b: Watt\n|move|p1b: Rillaboom|U-turn|p2a: Kooper\n|-resisted|p2a: Kooper\n|-damage|p2a: Kooper|52\/100\n|\n|t:|1700680746\n|switch|p1b: Electrode|Electrode-Hisui, L50|100\/100|[from] U-turn\n|move|p2a: Kooper|Lava Plume|p1a: Chi-Yu|[spread] p1a,p1b\n|-resisted|p1a: Chi-Yu\n|-supereffective|p1b: Electrode\n|-damage|p1a: Chi-Yu|0 fnt\n|-damage|p1b: Electrode|0 fnt\n|faint|p1a: Chi-Yu\n|faint|p1b: Electrode\n|\n|-weather|SunnyDay|[upkeep]\n|-heal|p2a: Kooper|58\/100|[from] Grassy Terrain\n|upkeep\n|\n|t:|1700680759\n|switch|p1b: Rillaboom|Rillaboom, L50, F|100\/100\n|switch|p2b: Parakarry|Charizard, L50, M, tera:Fire|23\/100\n|turn|5\n|-message|2ant14 forfeited.\n|\n|win|bus\n|raw|2ant14's rating: 1068 &rarr; <strong>1048<\/strong><br \/>(-20 for losing)\n|raw|bus's rating: 1064 &rarr; <strong>1095<\/strong><br \/>(+31 for winning)\n|l|\u26062ant14\n","uploadtime":1700680769,"views":6,"p1id":"2ant14","p2id":"bus","formatid":"gen9vgc2023regulatione","rating":1048,"private":0,"password":""}