{"id":"gen9vgc2023regulatione-1999390487","p1":"Shadow ff05","p2":"rojasgabriel","format":"[Gen 9] VGC 2023 Regulation E","log":"|j|\u2606Shadow ff05\n|j|\u2606rojasgabriel\n|n|\u2606Shadow ff05|shadowff05\n|n|\u2606rojasgabriel|rojasgabriel\n|html|View the match progress at <a href=\"\/game-bestof3-gen9vgc2023regulatione-1999389467\">game-bestof3-gen9vgc2023regulatione-1999389467<\/a>\n|t:|1701072321\n|gametype|doubles\n|player|p1|Shadow ff05|caitlin-masters|\n|player|p2|rojasgabriel|2|\n|teamsize|p1|6\n|teamsize|p2|6\n|gen|9\n|tier|[Gen 9] VGC 2023 Regulation E\n|rule|Species Clause: Limit one of each Pok\u00e9mon\n|rule|Item Clause: Limit one of each item\n|clearpoke\n|poke|p1|Urshifu-*, L50, F|\n|poke|p1|Gholdengo, L50|\n|poke|p1|Ogerpon-Wellspring, L50, F|\n|poke|p1|Iron Hands, L50|\n|poke|p1|Farigiraf, L50, M|\n|poke|p1|Tornadus, L50, M|\n|poke|p2|Ninetales-Alola, L50, F|\n|poke|p2|Cetitan, L50, F|\n|poke|p2|Baxcalibur, L50, M|\n|poke|p2|Landorus-Therian, L50, M|\n|poke|p2|Heatran, L50, M|\n|poke|p2|Iron Hands, L50|\n|teampreview|4\nShadow ff05 has agreed to open team sheets.\nrojasgabriel has agreed to open team sheets.\n|showteam|p1|Urshifu||BlackGlasses|UnseenFist|WickedBlow,SuckerPunch,SwordsDance,Detect|||F|||50|,,,,,Poison]Gholdengo||ChoiceSpecs|GoodasGold|MakeItRain,ShadowBall,Thunderbolt,PowerGem||||||50|,,,,,Steel]Ogerpon-Wellspring||WellspringMask|WaterAbsorb|IvyCudgel,HornLeech,FollowMe,SpikyShield|||F|||50|,,,,,Water]Iron Hands||BoosterEnergy|QuarkDrive|FakeOut,CloseCombat,WildCharge,IcePunch||||||50|,,,,,Grass]Farigiraf||SafetyGoggles|ArmorTail|Psychic,DazzlingGleam,NastyPlot,TrickRoom|||M|||50|,,,,,Fairy]Tornadus||SkyPlate|Prankster|BleakwindStorm,Tailwind,Taunt,ScaryFace|||M|||50|,,,,,Flying\n|showteam|p2|Ninetales-Alola||SitrusBerry|SnowWarning|Blizzard,IcyWind,AuroraVeil,Protect|||F|||50|,,,,,Water]Cetitan||AssaultVest|SlushRush|IcicleCrash,Liquidation,HeavySlam,Superpower|||F|||50|,,,,,Water]Baxcalibur||LoadedDice|IceBody|IcicleSpear,ScaleShot,SwordsDance,Protect|||M|||50|,,,,,Poison]Landorus-Therian||ChoiceScarf|Intimidate|RockSlide,StompingTantrum,TeraBlast,Uturn|||M|||50|,,,,,Flying]Heatran||LifeOrb|FlashFire|HeatWave,TeraBlast,EarthPower,Protect|||M|||50|,,,,,Fairy]Iron Hands||AguavBerry|QuarkDrive|SwordsDance,DrainPunch,WildCharge,FakeOut||||||50|,,,,,Water\n|\n|t:|1701072347\n|start\n|switch|p1a: Scrapper the Great|Iron Hands, L50, shiny|100\/100\n|switch|p1b: Maestro|Tornadus, L50, M|100\/100\n|switch|p2a: Ninetales|Ninetales-Alola, L50, F|100\/100\n|switch|p2b: Iron Hands|Iron Hands, L50|100\/100\n|-weather|Snow|[from] ability: Snow Warning|[of] p2a: Ninetales\n|-enditem|p1a: Scrapper the Great|Booster Energy\n|-activate|p1a: Scrapper the Great|ability: Quark Drive|[fromitem]\n|-start|p1a: Scrapper the Great|quarkdriveatk\n|turn|1\n|\n|t:|1701072374\n|move|p1a: Scrapper the Great|Fake Out|p2b: Iron Hands\n|-damage|p2b: Iron Hands|85\/100\n|cant|p2b: Iron Hands|flinch\n|move|p1b: Maestro|Taunt|p2a: Ninetales\n|-start|p2a: Ninetales|move: Taunt\n|move|p2a: Ninetales|Blizzard|p1b: Maestro|[spread] p1a,p1b\n|-supereffective|p1b: Maestro\n|-damage|p1a: Scrapper the Great|77\/100\n|-damage|p1b: Maestro|43\/100\n|\n|-weather|Snow|[upkeep]\n|upkeep\n|turn|2\n|\n|t:|1701072396\n|-end|p2b: Iron Hands|Quark Drive|[silent]\n|switch|p2b: Cetitan|Cetitan, L50, F|100\/100\n|move|p1b: Maestro|Tailwind|p1b: Maestro\n|-sidestart|p1: Shadow ff05|move: Tailwind\n|move|p1a: Scrapper the Great|Close Combat|p2b: Cetitan\n|-supereffective|p2b: Cetitan\n|-damage|p2b: Cetitan|0 fnt\n|-unboost|p1a: Scrapper the Great|def|1\n|-unboost|p1a: Scrapper the Great|spd|1\n|faint|p2b: Cetitan\n|move|p2a: Ninetales|Icy Wind|p1b: Maestro|[spread] p1a,p1b\n|-supereffective|p1b: Maestro\n|-damage|p1a: Scrapper the Great|60\/100\n|-damage|p1b: Maestro|13\/100\n|-unboost|p1a: Scrapper the Great|spe|1\n|-unboost|p1b: Maestro|spe|1\n|\n|-weather|Snow|[upkeep]\n|upkeep\n|\n|t:|1701072405\n|switch|p2b: Iron Hands|Iron Hands, L50|85\/100\n|turn|3\n|\n|t:|1701072421\n|switch|p1b: Gholden Joe|Gholdengo, L50, shiny|100\/100\n|move|p2b: Iron Hands|Fake Out|p1a: Scrapper the Great\n|-damage|p1a: Scrapper the Great|41\/100\n|move|p2a: Ninetales|Blizzard|p1a: Scrapper the Great|[spread] p1a,p1b\n|-resisted|p1b: Gholden Joe\n|-damage|p1a: Scrapper the Great|8\/100\n|-damage|p1b: Gholden Joe|88\/100\n|cant|p1a: Scrapper the Great|flinch\n|\n|-weather|Snow|[upkeep]\n|-end|p2a: Ninetales|move: Taunt\n|upkeep\n|turn|4\n|c|\u2606rojasgabriel|yeah this team is very weak to iron hands\n|c|\u2606rojasgabriel|i'm currently testing this one\n|\n|t:|1701072461\n|move|p2a: Ninetales|Protect|p2a: Ninetales\n|-singleturn|p2a: Ninetales|Protect\n|move|p1b: Gholden Joe|Thunderbolt|p2a: Ninetales\n|-activate|p2a: Ninetales|move: Protect\n|move|p1a: Scrapper the Great|Close Combat|p2b: Iron Hands\n|-damage|p2b: Iron Hands|20\/100\n|-unboost|p1a: Scrapper the Great|def|1\n|-unboost|p1a: Scrapper the Great|spd|1\n|-enditem|p2b: Iron Hands|Aguav Berry|[eat]\n|-heal|p2b: Iron Hands|53\/100|[from] item: Aguav Berry\n|move|p2b: Iron Hands|Drain Punch|p1a: Scrapper the Great\n|-damage|p1a: Scrapper the Great|0 fnt\n|-heal|p2b: Iron Hands|57\/100|[from] drain|[of] p1a: Scrapper the Great\n|faint|p1a: Scrapper the Great\n|-end|p1a: Scrapper the Great|Quark Drive|[silent]\n|\n|-weather|Snow|[upkeep]\n|upkeep\n|\n|t:|1701072468\n|switch|p1a: Maestro|Tornadus, L50, M|13\/100\n|turn|5\n|\n|t:|1701072502\n|-terastallize|p1a: Maestro|Flying\n|-terastallize|p2a: Ninetales|Water\n|move|p1a: Maestro|Bleakwind Storm|p2b: Iron Hands|[spread] p2a\n|-miss|p1a: Maestro|p2b: Iron Hands\n|-damage|p2a: Ninetales|35\/100\n|-unboost|p2a: Ninetales|spe|1\n|-enditem|p2a: Ninetales|Sitrus Berry|[eat]\n|-heal|p2a: Ninetales|60\/100|[from] item: Sitrus Berry\n|move|p1b: Gholden Joe|Thunderbolt|p2a: Ninetales\n|-supereffective|p2a: Ninetales\n|-damage|p2a: Ninetales|0 fnt\n|faint|p2a: Ninetales\n|move|p2b: Iron Hands|Drain Punch|p1a: Maestro\n|-resisted|p1a: Maestro\n|-damage|p1a: Maestro|0 fnt\n|-heal|p2b: Iron Hands|61\/100|[from] drain|[of] p1a: Maestro\n|faint|p1a: Maestro\n|\n|-weather|none\n|-sideend|p1: Shadow ff05|move: Tailwind\n|upkeep\n|\n|t:|1701072514\n|switch|p2a: Heatran|Heatran, L50, M|100\/100\n|switch|p1a: PonPon!urTEAMgone|Ogerpon-Wellspring, L50, F|100\/100\n|turn|6\n|\n|t:|1701072552\n|move|p2a: Heatran|Protect|p2a: Heatran\n|-singleturn|p2a: Heatran|Protect\n|move|p1a: PonPon!urTEAMgone|Horn Leech|p2b: Iron Hands\n|-crit|p2b: Iron Hands\n|-damage|p2b: Iron Hands|11\/100\n|move|p1b: Gholden Joe|Thunderbolt|p2b: Iron Hands\n|-resisted|p2b: Iron Hands\n|-damage|p2b: Iron Hands|0 fnt\n|faint|p2b: Iron Hands\n|-end|p2b: Iron Hands|Quark Drive|[silent]\n|\n|upkeep\n|turn|7\n|c|\u2606rojasgabriel|not the crit lmao\n|\n|t:|1701072566\n|move|p1a: PonPon!urTEAMgone|Ivy Cudgel|p2a: Heatran|[anim] Ivy Cudgel Water\n|-supereffective|p2a: Heatran\n|-damage|p2a: Heatran|8\/100\n|move|p1b: Gholden Joe|Thunderbolt|p2a: Heatran\n|-crit|p2a: Heatran\n|-damage|p2a: Heatran|0 fnt\n|faint|p2a: Heatran\n|\n|win|Shadow ff05\n|c|\u2606Shadow ff05|gg\n|c|\u2606rojasgabriel|gg\n|l|\u2606rojasgabriel\n|j| bloodcurseuk\n|l| bloodcurseuk\n|l|shadowff05\n|j|\u2606rojasgabriel\n|player|p2|rojasgabriel|2\n","uploadtime":1701073906,"views":4,"p1id":"shadowff05","p2id":"rojasgabriel","formatid":"gen9vgc2023regulatione","rating":0,"private":0,"password":""}