{"id":"gen9vgc2023regulatione-2000089219","p1":"IBS VGC","p2":"belac121","format":"[Gen 9] VGC 2023 Regulation E","log":"|j|\u2606IBS VGC\n|j|\u2606belac121\n|t:|1701152716\n|gametype|doubles\n|player|p1|IBS VGC|102|\n|player|p2|belac121|clemont|\n|teamsize|p1|6\n|teamsize|p2|6\n|gen|9\n|tier|[Gen 9] VGC 2023 Regulation E\n|rated|Tournament battle\n|rule|Species Clause: Limit one of each Pok\u00e9mon\n|rule|Item Clause: Limit one of each item\n|clearpoke\n|poke|p1|Heatran, L50, F|\n|poke|p1|Rillaboom, L50, M|\n|poke|p1|Drifblim, L50, M|\n|poke|p1|Iron Hands, L50|\n|poke|p1|Landorus-Therian, L50, M|\n|poke|p1|Ogerpon-Wellspring, L50, F|\n|poke|p2|Dragalge, L50, F|\n|poke|p2|Farigiraf, L50, M|\n|poke|p2|Iron Hands, L50|\n|poke|p2|Ogerpon-Wellspring, L50, F|\n|poke|p2|Landorus-Therian, L50, M|\n|poke|p2|Kingambit, L50, M|\n|teampreview|4\n|showteam|p1|Heatran||Leftovers|FlashFire|HeatWave,EarthPower,Substitute,Protect|||F|||50|,,,,,Fairy]Rillaboom||AguavBerry|GrassySurge|FakeOut,WoodHammer,Taunt,GrassyGlide|||M|||50|,,,,,Water]Drifblim||GrassySeed|Unburden|WillOWisp,StrengthSap,Haze,IcyWind|||M|||50|,,,,,Dark]Iron Hands||AssaultVest|QuarkDrive|FakeOut,DrainPunch,WildCharge,HeavySlam||||||50|,,,,,Water]Landorus-Therian||ChoiceScarf|Intimidate|StompingTantrum,RockSlide,Uturn,TeraBlast|||M|||50|,,,,,Flying]Ogerpon-Wellspring||WellspringMask|WaterAbsorb|SpikyShield,IvyCudgel,HornLeech,SwordsDance|||F|||50|,,,,,Water\n|showteam|p2|Dragalge||LifeOrb|Adaptability|DracoMeteor,SludgeBomb,Scald,Protect|||F|||50|,,,,,Water]Farigiraf||SafetyGoggles|ArmorTail|TrickRoom,Psychic,DazzlingGleam,Protect|||M|||50|,,,,,Fairy]Iron Hands||AssaultVest|QuarkDrive|FakeOut,DrainPunch,WildCharge,HeavySlam||||||50|,,,,,Grass]Ogerpon-Wellspring||WellspringMask|WaterAbsorb|FollowMe,IvyCudgel,HornLeech,SpikyShield|||F|||50|,,,,,Water]Landorus-Therian||ClearAmulet|Intimidate|RockSlide,StompingTantrum,TeraBlast,Protect|||M|||50|,,,,,Flying]Kingambit||BlackGlasses|Defiant|KowtowCleave,SuckerPunch,SwordsDance,Protect|||M|||50|,,,,,Dark\n|j| moonybunny\n|j| bloodcurseuk\n|j|%Radio Free C-Side\n|j| Okaywut\n|l| Okaywut\n|\n|t:|1701152846\n|start\n|switch|p1a: Rillaboom|Rillaboom, L50, M|100\/100\n|switch|p1b: Swag Balloon|Drifblim, L50, M, shiny|100\/100\n|switch|p2a: Iron Hands|Iron Hands, L50|100\/100\n|switch|p2b: Farigiraf|Farigiraf, L50, M|100\/100\n|-fieldstart|move: Grassy Terrain|[from] ability: Grassy Surge|[of] p1a: Rillaboom\n|-enditem|p1b: Swag Balloon|Grassy Seed\n|-boost|p1b: Swag Balloon|def|1|[from] item: Grassy Seed\n|turn|1\n|\n|t:|1701152869\n|move|p1b: Swag Balloon|Will-O-Wisp|p2a: Iron Hands\n|-status|p2a: Iron Hands|brn\n|move|p1a: Rillaboom|Taunt|p2b: Farigiraf\n|-start|p2b: Farigiraf|move: Taunt\n|move|p2a: Iron Hands|Wild Charge|p1b: Swag Balloon\n|-supereffective|p1b: Swag Balloon\n|-damage|p1b: Swag Balloon|63\/100\n|-damage|p2a: Iron Hands|91\/100 brn|[from] Recoil\n|cant|p2b: Farigiraf|move: Taunt|Trick Room\n|\n|-heal|p2a: Iron Hands|97\/100 brn|[from] Grassy Terrain\n|-damage|p2a: Iron Hands|91\/100 brn|[from] brn\n|upkeep\n|turn|2\n|\n|t:|1701152885\n|switch|p1a: 16 TOES|Heatran, L50, F, shiny|100\/100\n|switch|p2b: Landorus|Landorus-Therian, L50, M|100\/100\n|-ability|p2b: Landorus|Intimidate|boost\n|-unboost|p1a: 16 TOES|atk|1\n|-unboost|p1b: Swag Balloon|atk|1\n|move|p1b: Swag Balloon|Strength Sap|p2a: Iron Hands\n|-unboost|p2a: Iron Hands|atk|1\n|-heal|p1b: Swag Balloon|100\/100\n|move|p2a: Iron Hands|Wild Charge|p1b: Swag Balloon\n|-supereffective|p1b: Swag Balloon\n|-damage|p1b: Swag Balloon|76\/100\n|-damage|p2a: Iron Hands|85\/100 brn|[from] Recoil\n|\n|-heal|p2a: Iron Hands|91\/100 brn|[from] Grassy Terrain\n|-damage|p2a: Iron Hands|85\/100 brn|[from] brn\n|upkeep\n|turn|3\n|\n|t:|1701152908\n|-end|p2a: Iron Hands|Quark Drive|[silent]\n|switch|p2a: Farigiraf|Farigiraf, L50, M|100\/100\n|-terastallize|p1a: 16 TOES|Fairy\n|move|p2b: Landorus|Protect|p2b: Landorus\n|-singleturn|p2b: Landorus|Protect\n|move|p1b: Swag Balloon|Will-O-Wisp|p2b: Landorus\n|-activate|p2b: Landorus|move: Protect\n|move|p1a: 16 TOES|Heat Wave|p2b: Landorus|[spread] p2a\n|-activate|p2b: Landorus|move: Protect\n|-damage|p2a: Farigiraf|63\/100\n|\n|-heal|p2a: Farigiraf|69\/100|[from] Grassy Terrain\n|upkeep\n|turn|4\n|\n|t:|1701152917\n|switch|p2b: Iron Hands|Iron Hands, L50|85\/100 brn\n|move|p1b: Swag Balloon|Will-O-Wisp|p2b: Iron Hands\n|-fail|p2b: Iron Hands|brn\n|move|p1a: 16 TOES|Heat Wave|p2b: Iron Hands|[spread] p2b\n|-miss|p1a: 16 TOES|p2a: Farigiraf\n|-damage|p2b: Iron Hands|65\/100 brn\n|move|p2a: Farigiraf|Trick Room|p2a: Farigiraf\n|-fieldstart|move: Trick Room|[of] p2a: Farigiraf\n|\n|-heal|p2b: Iron Hands|71\/100 brn|[from] Grassy Terrain\n|-heal|p2a: Farigiraf|75\/100|[from] Grassy Terrain\n|-damage|p2b: Iron Hands|65\/100 brn|[from] brn\n|upkeep\n|turn|5\n|\n|t:|1701152938\n|move|p2b: Iron Hands|Wild Charge|p1b: Swag Balloon\n|-supereffective|p1b: Swag Balloon\n|-damage|p1b: Swag Balloon|38\/100\n|-damage|p2b: Iron Hands|56\/100 brn|[from] Recoil\n|move|p2a: Farigiraf|Psychic|p1b: Swag Balloon\n|-damage|p1b: Swag Balloon|0 fnt\n|faint|p1b: Swag Balloon\n|move|p1a: 16 TOES|Substitute|p1a: 16 TOES\n|-start|p1a: 16 TOES|Substitute\n|-damage|p1a: 16 TOES|75\/100\n|\n|-heal|p2b: Iron Hands|62\/100 brn|[from] Grassy Terrain\n|-heal|p2a: Farigiraf|81\/100|[from] Grassy Terrain\n|-heal|p1a: 16 TOES|82\/100|[from] Grassy Terrain\n|-heal|p1a: 16 TOES|88\/100|[from] item: Leftovers\n|-damage|p2b: Iron Hands|56\/100 brn|[from] brn\n|-fieldend|move: Grassy Terrain\n|upkeep\n|\n|t:|1701152949\n|switch|p1b: Landorus|Landorus-Therian, L50, M|100\/100\n|-ability|p1b: Landorus|Intimidate|boost\n|-unboost|p2a: Farigiraf|atk|1\n|-unboost|p2b: Iron Hands|atk|1\n|turn|6\n|\n|t:|1701152979\n|move|p2b: Iron Hands|Wild Charge|p1a: 16 TOES\n|-activate|p1a: 16 TOES|move: Substitute|[damage]\n|-damage|p2b: Iron Hands|52\/100 brn|[from] Recoil|[of] p1a: 16 TOES\n|move|p2a: Farigiraf|Psychic|p1a: 16 TOES\n|-end|p1a: 16 TOES|Substitute\n|move|p1a: 16 TOES|Heat Wave|p2a: Farigiraf|[spread] p2a,p2b\n|-damage|p2a: Farigiraf|38\/100\n|-damage|p2b: Iron Hands|34\/100 brn\n|move|p1b: Landorus|U-turn|p2a: Farigiraf\n|-supereffective|p2a: Farigiraf\n|-damage|p2a: Farigiraf|0 fnt\n|faint|p2a: Farigiraf\n|\n|t:|1701152989\n|switch|p1b: Rillaboom|Rillaboom, L50, M|100\/100|[from] U-turn\n|-fieldstart|move: Grassy Terrain|[from] ability: Grassy Surge|[of] p1b: Rillaboom\n|\n|-heal|p2b: Iron Hands|40\/100 brn|[from] Grassy Terrain\n|-heal|p1a: 16 TOES|94\/100|[from] Grassy Terrain\n|-heal|p1a: 16 TOES|100\/100|[from] item: Leftovers\n|-damage|p2b: Iron Hands|34\/100 brn|[from] brn\n|upkeep\n|\n|t:|1701152996\n|switch|p2a: Dragalge|Dragalge, L50, F|100\/100\n|turn|7\n|\n|t:|1701153004\n|-end|p2b: Iron Hands|Quark Drive|[silent]\n|switch|p2b: Landorus|Landorus-Therian, L50, M|100\/100\n|-ability|p2b: Landorus|Intimidate|boost\n|-unboost|p1a: 16 TOES|atk|1\n|-unboost|p1b: Rillaboom|atk|1\n|move|p2a: Dragalge|Protect|p2a: Dragalge\n|-singleturn|p2a: Dragalge|Protect\n|move|p1b: Rillaboom|Fake Out|p2a: Dragalge\n|-activate|p2a: Dragalge|move: Protect\n|move|p1a: 16 TOES|Earth Power|p2a: Dragalge\n|-activate|p2a: Dragalge|move: Protect\n|\n|upkeep\n|turn|8\n|\n|t:|1701153018\n|switch|p1b: Landorus|Landorus-Therian, L50, M|100\/100\n|-ability|p1b: Landorus|Intimidate|boost\n|-unboost|p2a: Dragalge|atk|1\n|-fail|p2b: Landorus|unboost|[from] item: Clear Amulet|[of] p2b: Landorus\n|-terastallize|p2b: Landorus|Flying\n|move|p1a: 16 TOES|Protect|p1a: 16 TOES\n|-singleturn|p1a: 16 TOES|Protect\n|move|p2a: Dragalge|Sludge Bomb|p1a: 16 TOES\n|-activate|p1a: 16 TOES|move: Protect\n|move|p2b: Landorus|Tera Blast|p1b: Landorus|[anim] Tera Blast Flying\n|-damage|p1b: Landorus|30\/100\n|\n|-fieldend|move: Trick Room\n|upkeep\n|turn|9\n|\n|t:|1701153034\n|move|p2a: Dragalge|Protect|p2a: Dragalge\n|-singleturn|p2a: Dragalge|Protect\n|move|p1b: Landorus|Stomping Tantrum|p2a: Dragalge\n|-activate|p2a: Dragalge|move: Protect\n|move|p2b: Landorus|Tera Blast|p1b: Landorus|[anim] Tera Blast Flying\n|-damage|p1b: Landorus|0 fnt\n|faint|p1b: Landorus\n|move|p1a: 16 TOES|Earth Power|p2a: Dragalge\n|-activate|p2a: Dragalge|move: Protect\n|\n|upkeep\n|\n|t:|1701153036\n|switch|p1b: Rillaboom|Rillaboom, L50, M|100\/100\n|turn|10\n|\n|t:|1701153042\n|switch|p2a: Iron Hands|Iron Hands, L50|34\/100 brn\n|move|p2b: Landorus|Protect|p2b: Landorus\n|-singleturn|p2b: Landorus|Protect\n|move|p1b: Rillaboom|Wood Hammer|p2a: Iron Hands\n|-damage|p2a: Iron Hands|0 fnt\n|faint|p2a: Iron Hands\n|-end|p2a: Iron Hands|Quark Drive|[silent]\n|-damage|p1b: Rillaboom|88\/100|[from] Recoil\n|move|p1a: 16 TOES|Heat Wave|p2b: Landorus\n|-activate|p2b: Landorus|move: Protect\n|\n|-heal|p1b: Rillaboom|94\/100|[from] Grassy Terrain\n|-fieldend|move: Grassy Terrain\n|upkeep\n|\n|t:|1701153044\n|switch|p2a: Dragalge|Dragalge, L50, F|100\/100\n|turn|11\n|\n|t:|1701153053\n|move|p2b: Landorus|Tera Blast|p1b: Rillaboom|[anim] Tera Blast Flying\n|-supereffective|p1b: Rillaboom\n|-damage|p1b: Rillaboom|0 fnt\n|faint|p1b: Rillaboom\n|move|p1a: 16 TOES|Earth Power|p2a: Dragalge\n|-supereffective|p2a: Dragalge\n|-damage|p2a: Dragalge|45\/100\n|move|p2a: Dragalge|Sludge Bomb|p1a: 16 TOES\n|-supereffective|p1a: 16 TOES\n|-damage|p1a: 16 TOES|0 fnt\n|faint|p1a: 16 TOES\n|-damage|p2a: Dragalge|35\/100|[from] item: Life Orb\n|\n|win|belac121\n|n|\u2606IBS VGC|ibsvgc\n|n|\u2606belac121|belac121\n|n| moonybunny|moonybunny\n|n| bloodcurseuk|bloodcurseuk\n|n| Radio Free C-Side|radiofreecside\n","uploadtime":1701153054,"views":2,"p1id":"ibsvgc","p2id":"belac121","formatid":"gen9vgc2023regulatione","rating":0,"private":0,"password":""}