{"id":"gen9vgc2023regulatione-1989660801","p1":"MyMarco7","p2":"Ayresbrun","format":"[Gen 9] VGC 2023 Regulation E","log":"|j|\u2606MyMarco7\n|j|\u2606Ayresbrun\n|t:|1699884321\n|gametype|doubles\n|player|p1|MyMarco7|veteran|1254\n|player|p2|Ayresbrun|266|1345\n|teamsize|p1|6\n|teamsize|p2|6\n|gen|9\n|tier|[Gen 9] VGC 2023 Regulation E\n|rated|\n|rule|Species Clause: Limit one of each Pok\u00e9mon\n|rule|Item Clause: Limit one of each item\n|clearpoke\n|poke|p1|Sinistcha, L50|\n|poke|p1|Arcanine-Hisui, L50, F|\n|poke|p1|Grimmsnarl, L50, M|\n|poke|p1|Urshifu-*, L50, F|\n|poke|p1|Iron Hands, L50|\n|poke|p1|Gholdengo, L50|\n|poke|p2|Flutter Mane, L50|\n|poke|p2|Tornadus, L50, M|\n|poke|p2|Heatran, L50, F|\n|poke|p2|Rillaboom, L50, F|\n|poke|p2|Arcanine, L50, M|\n|poke|p2|Hydreigon, L50, M|\n|teampreview|4\nAyresbrun has agreed to open team sheets.\n|inactive|Battle timer is ON: inactive players will automatically lose when time's up. (requested by Ayresbrun)\n|inactive|Ayresbrun has 60 seconds left.\nMyMarco7 rejected open team sheets.\n|inactive|Ayresbrun has 30 seconds left.\n|\n|t:|1699884393\n|start\n|switch|p1a: Iron Hands|Iron Hands, L50|100\/100\n|switch|p1b: Grimmsnarl|Grimmsnarl, L50, M|100\/100\n|switch|p2a: Tornadus|Tornadus, L50, M|100\/100\n|switch|p2b: Rillaboom|Rillaboom, L50, F|100\/100\n|-fieldstart|move: Grassy Terrain|[from] ability: Grassy Surge|[of] p2b: Rillaboom\n|turn|1\n|\n|t:|1699884416\n|move|p2b: Rillaboom|Fake Out|p1a: Iron Hands\n|-damage|p1a: Iron Hands|91\/100\n|move|p2a: Tornadus|Tailwind|p2a: Tornadus\n|-sidestart|p2: Ayresbrun|move: Tailwind\n|move|p1b: Grimmsnarl|Reflect|p1b: Grimmsnarl\n|-sidestart|p1: MyMarco7|Reflect\n|cant|p1a: Iron Hands|flinch\n|\n|-heal|p1a: Iron Hands|97\/100|[from] Grassy Terrain\n|upkeep\n|turn|2\n|\n|t:|1699884439\n|switch|p2b: Arcanine|Arcanine, L50, M|100\/100\n|-ability|p2b: Arcanine|Intimidate|boost\n|-fail|p1a: Iron Hands|unboost|[from] item: Clear Amulet|[of] p1a: Iron Hands\n|-unboost|p1b: Grimmsnarl|atk|1\n|move|p2a: Tornadus|Sunny Day|p2a: Tornadus\n|-weather|SunnyDay\n|move|p1b: Grimmsnarl|Light Screen|p1b: Grimmsnarl\n|-sidestart|p1: MyMarco7|move: Light Screen\n|move|p1a: Iron Hands|Swords Dance|p1a: Iron Hands\n|-boost|p1a: Iron Hands|atk|2\n|\n|-weather|SunnyDay|[upkeep]\n|-heal|p1a: Iron Hands|100\/100|[from] Grassy Terrain\n|upkeep\n|turn|3\n|\n|t:|1699884461\n|move|p1b: Grimmsnarl|Parting Shot|p2b: Arcanine\n|-unboost|p2b: Arcanine|atk|1\n|-unboost|p2b: Arcanine|spa|1\n|\n|t:|1699884465\n|switch|p1b: Arcanine|Arcanine-Hisui, L50, F|100\/100|[from] Parting Shot\n|-ability|p1b: Arcanine|Intimidate|boost\n|-unboost|p2a: Tornadus|atk|1\n|-unboost|p2b: Arcanine|atk|1\n|move|p2a: Tornadus|Grass Knot|p1a: Iron Hands\n|-damage|p1a: Iron Hands|83\/100\n|move|p2b: Arcanine|Will-O-Wisp|p1a: Iron Hands\n|-status|p1a: Iron Hands|brn\n|move|p1a: Iron Hands|Drain Punch|p2b: Arcanine\n|-damage|p2b: Arcanine|58\/100\n|-heal|p1a: Iron Hands|99\/100 brn|[from] drain|[of] p2b: Arcanine\n|\n|-weather|SunnyDay|[upkeep]\n|-heal|p2b: Arcanine|64\/100|[from] Grassy Terrain\n|-heal|p1a: Iron Hands|100\/100 brn|[from] Grassy Terrain\n|-damage|p1a: Iron Hands|94\/100 brn|[from] brn\n|upkeep\n|turn|4\n|inactive|Ayresbrun has 30 seconds left.\n|inactive|Ayresbrun has 20 seconds left.\n|inactive|Ayresbrun has 15 seconds left.\n|inactive|Ayresbrun has 10 seconds left.\n|\n|t:|1699884514\n|move|p2b: Arcanine|Protect|p2b: Arcanine\n|-singleturn|p2b: Arcanine|Protect\n|move|p2a: Tornadus|Grass Knot|p1b: Arcanine\n|-damage|p1b: Arcanine|80\/100\n|move|p1b: Arcanine|Rock Slide|p2a: Tornadus|[spread] p2a\n|-activate|p2b: Arcanine|move: Protect\n|-supereffective|p2a: Tornadus\n|-damage|p2a: Tornadus|13\/100\n|move|p1a: Iron Hands|Swords Dance|p1a: Iron Hands\n|-boost|p1a: Iron Hands|atk|2\n|\n|-weather|SunnyDay|[upkeep]\n|-heal|p2b: Arcanine|70\/100|[from] Grassy Terrain\n|-heal|p1b: Arcanine|86\/100|[from] Grassy Terrain\n|-heal|p1a: Iron Hands|100\/100 brn|[from] Grassy Terrain\n|-damage|p1a: Iron Hands|94\/100 brn|[from] brn\n|-sideend|p2: Ayresbrun|move: Tailwind\n|upkeep\n|turn|5\n|inactive|Ayresbrun has 30 seconds left.\n|inactive|Ayresbrun has 20 seconds left.\n|inactive|Ayresbrun has 15 seconds left.\n|inactive|Ayresbrun has 10 seconds left.\n|inactive|Ayresbrun has 5 seconds left.\n|\n|t:|1699884565\n|switch|p2b: Rillaboom|Rillaboom, L50, F|100\/100\n|move|p2a: Tornadus|Grass Knot|p1b: Arcanine\n|-damage|p1b: Arcanine|64\/100\n|move|p1b: Arcanine|Rock Slide|p2a: Tornadus|[spread] p2a,p2b\n|-supereffective|p2a: Tornadus\n|-damage|p2a: Tornadus|0 fnt\n|-damage|p2b: Rillaboom|60\/100\n|faint|p2a: Tornadus\n|move|p1a: Iron Hands|Swords Dance|p1a: Iron Hands\n|-boost|p1a: Iron Hands|atk|2\n|\n|-weather|SunnyDay|[upkeep]\n|-heal|p1b: Arcanine|70\/100|[from] Grassy Terrain\n|-heal|p2b: Rillaboom|66\/100|[from] Grassy Terrain\n|-heal|p1a: Iron Hands|100\/100 brn|[from] Grassy Terrain\n|-damage|p1a: Iron Hands|94\/100 brn|[from] brn\n|-fieldend|move: Grassy Terrain\n|upkeep\n|inactive|Ayresbrun has 30 seconds left.\n|\n|t:|1699884598\n|switch|p2a: Arcanine|Arcanine, L50, M|70\/100\n|-ability|p2a: Arcanine|Intimidate|boost\n|-fail|p1a: Iron Hands|unboost|[from] item: Clear Amulet|[of] p1a: Iron Hands\n|-unboost|p1b: Arcanine|atk|1\n|turn|6\n|\n|t:|1699884621\n|switch|p1b: Grimmsnarl|Grimmsnarl, L50, M|100\/100\n|move|p2a: Arcanine|Protect|p2a: Arcanine\n|-singleturn|p2a: Arcanine|Protect\n|move|p2b: Rillaboom|Fake Out|p1a: Iron Hands\n|-damage|p1a: Iron Hands|88\/100 brn\n|cant|p1a: Iron Hands|flinch\n|\n|-weather|none\n|-damage|p1a: Iron Hands|81\/100 brn|[from] brn\n|upkeep\n|turn|7\n|\n|t:|1699884645\n|switch|p2a: Heatran|Heatran, L50, F|100\/100\n|move|p1b: Grimmsnarl|Parting Shot|p2a: Heatran\n|-unboost|p2a: Heatran|atk|1\n|-unboost|p2a: Heatran|spa|1\n|\n|t:|1699884651\n|switch|p1b: Arcanine|Arcanine-Hisui, L50, F|70\/100|[from] Parting Shot\n|-ability|p1b: Arcanine|Intimidate|boost\n|-unboost|p2a: Heatran|atk|1\n|-unboost|p2b: Rillaboom|atk|1\n|move|p2b: Rillaboom|High Horsepower|p1a: Iron Hands\n|-supereffective|p1a: Iron Hands\n|-damage|p1a: Iron Hands|63\/100 brn\n|move|p1a: Iron Hands|Drain Punch|p2b: Rillaboom\n|-damage|p2b: Rillaboom|0 fnt\n|-heal|p1a: Iron Hands|89\/100 brn|[from] drain|[of] p2b: Rillaboom\n|faint|p2b: Rillaboom\n|\n|-damage|p1a: Iron Hands|83\/100 brn|[from] brn\n|upkeep\n|\n|t:|1699884664\n|switch|p2b: Arcanine|Arcanine, L50, M|70\/100\n|-ability|p2b: Arcanine|Intimidate|boost\n|-fail|p1a: Iron Hands|unboost|[from] item: Clear Amulet|[of] p1a: Iron Hands\n|-unboost|p1b: Arcanine|atk|1\n|turn|8\n|\n|t:|1699884676\n|switch|p1b: Grimmsnarl|Grimmsnarl, L50, M|100\/100\n|move|p2b: Arcanine|Protect|p2b: Arcanine\n|-singleturn|p2b: Arcanine|Protect\n|move|p2a: Heatran|Protect|p2a: Heatran\n|-singleturn|p2a: Heatran|Protect\n|move|p1a: Iron Hands|Wild Charge|p2a: Heatran\n|-activate|p2a: Heatran|move: Protect\n|\n|-damage|p1a: Iron Hands|77\/100 brn|[from] brn\n|-sideend|p1: MyMarco7|Reflect\n|upkeep\n|turn|9\n|\n|t:|1699884701\n|move|p2b: Arcanine|Extreme Speed|p1b: Grimmsnarl\n|-damage|p1b: Grimmsnarl|78\/100\n|move|p1b: Grimmsnarl|Parting Shot|p2b: Arcanine\n|-unboost|p2b: Arcanine|atk|1\n|-unboost|p2b: Arcanine|spa|1\n|\n|t:|1699884707\n|switch|p1b: Sinistcha|Sinistcha, L50|100\/100|[from] Parting Shot\n|-heal|p1a: Iron Hands|100\/100 brn|[from] ability: Hospitality|[of] p1b: Sinistcha\n|move|p2a: Heatran|Earth Power|p1a: Iron Hands\n|-supereffective|p1a: Iron Hands\n|-damage|p1a: Iron Hands|73\/100 brn\n|-damage|p2a: Heatran|91\/100|[from] item: Life Orb\n|move|p1a: Iron Hands|Wild Charge|p2a: Heatran\n|-damage|p2a: Heatran|15\/100\n|-damage|p1a: Iron Hands|58\/100 brn|[from] Recoil\n|\n|-damage|p1a: Iron Hands|52\/100 brn|[from] brn\n|-sideend|p1: MyMarco7|move: Light Screen\n|upkeep\n|turn|10\n|inactive|MyMarco7 has 30 seconds left.\n|\n|t:|1699884736\n|move|p1b: Sinistcha|Rage Powder|p1b: Sinistcha\n|-singleturn|p1b: Sinistcha|move: Rage Powder\n|move|p2b: Arcanine|Flare Blitz|p1b: Sinistcha\n|-supereffective|p1b: Sinistcha\n|-damage|p1b: Sinistcha|35\/100\n|-status|p1b: Sinistcha|brn\n|-damage|p2b: Arcanine|54\/100|[from] item: Rocky Helmet|[of] p1b: Sinistcha\n|-damage|p2b: Arcanine|35\/100|[from] Recoil\n|-enditem|p2b: Arcanine|Sitrus Berry|[eat]\n|-heal|p2b: Arcanine|59\/100|[from] item: Sitrus Berry\n|move|p2a: Heatran|Heat Wave|p1b: Sinistcha|[spread] p1a,p1b\n|-supereffective|p1b: Sinistcha\n|-damage|p1a: Iron Hands|27\/100 brn\n|-damage|p1b: Sinistcha|0 fnt\n|faint|p1b: Sinistcha\n|-damage|p2a: Heatran|6\/100|[from] item: Life Orb\n|move|p1a: Iron Hands|Drain Punch|p2b: Arcanine\n|-damage|p2b: Arcanine|0 fnt\n|-heal|p1a: Iron Hands|49\/100 brn|[from] drain|[of] p2b: Arcanine\n|faint|p2b: Arcanine\n|\n|-damage|p1a: Iron Hands|43\/100 brn|[from] brn\n|upkeep\n|\n|t:|1699884756\n|switch|p1b: Arcanine|Arcanine-Hisui, L50, F|70\/100\n|-ability|p1b: Arcanine|Intimidate|boost\n|-unboost|p2a: Heatran|atk|1\n|turn|11\n|\n|t:|1699884763\n|move|p1b: Arcanine|Extreme Speed|p2a: Heatran\n|-resisted|p2a: Heatran\n|-damage|p2a: Heatran|0 fnt\n|faint|p2a: Heatran\n|\n|win|MyMarco7\n|raw|MyMarco7's rating: 1254 &rarr; <strong>1285<\/strong><br \/>(+31 for winning)\n|raw|Ayresbrun's rating: 1345 &rarr; <strong>1320<\/strong><br \/>(-25 for losing)\n|c|\u2606MyMarco7|gg\n","uploadtime":1699884774,"views":21,"p1id":"mymarco7","p2id":"ayresbrun","formatid":"gen9vgc2023regulatione","rating":1285,"private":0,"password":""}