{"id":"gen9vgc2023regulatione-1993855785","p1":"Kzjekzk","p2":"Sugatoad","format":"[Gen 9] VGC 2023 Regulation E","log":"|j|\u2606Kzjekzk\n|j|\u2606Sugatoad\n|t:|1700365857\n|gametype|doubles\n|player|p1|Kzjekzk|lance|1039\n|player|p2|Sugatoad|pokemaniac|1039\n|teamsize|p1|6\n|teamsize|p2|6\n|gen|9\n|tier|[Gen 9] VGC 2023 Regulation E\n|rated|\n|rule|Species Clause: Limit one of each Pok\u00e9mon\n|rule|Item Clause: Limit one of each item\n|clearpoke\n|poke|p1|Flutter Mane, L50|\n|poke|p1|Tornadus, L50, M|\n|poke|p1|Rillaboom, L50, M|\n|poke|p1|Garganacl, L50, F|\n|poke|p1|Arcanine-Hisui, L50, F|\n|poke|p1|Chien-Pao, L50|\n|poke|p2|Gallade, L50, M|\n|poke|p2|Breloom, L50, F|\n|poke|p2|Tyranitar, L50, F|\n|poke|p2|Ogerpon, L50, F|\n|poke|p2|Polteageist, L50|\n|poke|p2|Iron Valiant, L50|\n|teampreview|4\n|\n|t:|1700365877\n|start\n|switch|p1a: Tornadus|Tornadus, L50, M|100\/100\n|switch|p1b: Garganacl|Garganacl, L50, F|100\/100\n|switch|p2a: Iron Valiant|Iron Valiant, L50|100\/100\n|switch|p2b: Gallade|Gallade, L50, M|100\/100\n|-enditem|p2a: Iron Valiant|Booster Energy\n|-activate|p2a: Iron Valiant|ability: Quark Drive|[fromitem]\n|-start|p2a: Iron Valiant|quarkdrivespe\n|turn|1\n|inactive|Battle timer is ON: inactive players will automatically lose when time's up. (requested by Kzjekzk)\n|inactive|Sugatoad has 60 seconds left.\n|\n|t:|1700365950\n|-terastallize|p1b: Garganacl|Ghost\n|move|p2a: Iron Valiant|Wide Guard|p2a: Iron Valiant\n|-singleturn|p2a: Iron Valiant|Wide Guard\n|move|p1a: Tornadus|Bleakwind Storm|p2a: Iron Valiant|[spread] \n|-activate|p2a: Iron Valiant|move: Wide Guard\n|-activate|p2b: Gallade|move: Wide Guard\n|move|p2b: Gallade|Psycho Cut|p1a: Tornadus\n|-damage|p1a: Tornadus|32\/100\n|move|p1b: Garganacl|Iron Defense|p1b: Garganacl\n|-boost|p1b: Garganacl|def|2\n|\n|upkeep\n|turn|2\n|inactive|Sugatoad has 30 seconds left.\n|inactive|Sugatoad has 20 seconds left.\n|inactive|Sugatoad has 15 seconds left.\n|\n|t:|1700365990\n|move|p1a: Tornadus|Tailwind|p1a: Tornadus\n|-sidestart|p1: Kzjekzk|move: Tailwind\n|move|p2a: Iron Valiant|Icy Wind|p1a: Tornadus|[spread] p1a,p1b\n|-supereffective|p1a: Tornadus\n|-damage|p1a: Tornadus|14\/100\n|-damage|p1b: Garganacl|93\/100\n|-unboost|p1a: Tornadus|spe|1\n|-unboost|p1b: Garganacl|spe|1\n|move|p2b: Gallade|Psycho Cut|p1b: Garganacl\n|-crit|p1b: Garganacl\n|-damage|p1b: Garganacl|31\/100\n|-enditem|p1b: Garganacl|Sitrus Berry|[eat]\n|-heal|p1b: Garganacl|56\/100|[from] item: Sitrus Berry\n|move|p1b: Garganacl|Salt Cure|p2a: Iron Valiant\n|-resisted|p2a: Iron Valiant\n|-damage|p2a: Iron Valiant|91\/100\n|-start|p2a: Iron Valiant|Salt Cure\n|\n|-damage|p2a: Iron Valiant|79\/100|[from] Salt Cure\n|upkeep\n|turn|3\n|inactive|Sugatoad has 30 seconds left.\n|inactive|Sugatoad has 20 seconds left.\n|inactive|Sugatoad has 15 seconds left.\n|inactive|Sugatoad has 10 seconds left.\n|\n|t:|1700366039\n|move|p2a: Iron Valiant|Wide Guard|p2a: Iron Valiant\n|-singleturn|p2a: Iron Valiant|Wide Guard\n|move|p1a: Tornadus|Taunt|p2a: Iron Valiant\n|-start|p2a: Iron Valiant|move: Taunt\n|move|p2b: Gallade|Psycho Cut|p1a: Tornadus\n|-damage|p1a: Tornadus|0 fnt\n|faint|p1a: Tornadus\n|move|p1b: Garganacl|Salt Cure|p2b: Gallade\n|-resisted|p2b: Gallade\n|-damage|p2b: Gallade|91\/100\n|-start|p2b: Gallade|Salt Cure\n|\n|-damage|p2a: Iron Valiant|67\/100|[from] Salt Cure\n|-damage|p2b: Gallade|79\/100|[from] Salt Cure\n|upkeep\n|\n|t:|1700366063\n|switch|p1a: Rillaboom|Rillaboom, L50, M|100\/100\n|-fieldstart|move: Grassy Terrain|[from] ability: Grassy Surge|[of] p1a: Rillaboom\n|turn|4\n|inactive|Sugatoad has 30 seconds left.\n|inactive|Sugatoad has 20 seconds left.\n|inactive|Sugatoad has 15 seconds left.\n|inactive|Sugatoad has 10 seconds left.\n|\n|t:|1700366112\n|move|p2b: Gallade|Quick Guard|p2b: Gallade\n|-singleturn|p2b: Gallade|Quick Guard\n|move|p2a: Iron Valiant|Icy Wind|p1a: Rillaboom|[spread] p1a,p1b\n|-supereffective|p1a: Rillaboom\n|-damage|p1a: Rillaboom|83\/100\n|-damage|p1b: Garganacl|49\/100\n|-unboost|p1a: Rillaboom|spe|1\n|-unboost|p1b: Garganacl|spe|1\n|move|p1a: Rillaboom|Wood Hammer|p2a: Iron Valiant\n|-damage|p2a: Iron Valiant|0 fnt\n|faint|p2a: Iron Valiant\n|-end|p2a: Iron Valiant|Quark Drive|[silent]\n|-damage|p1a: Rillaboom|67\/100|[from] Recoil\n|move|p1b: Garganacl|Recover|p1b: Garganacl\n|-heal|p1b: Garganacl|99\/100\n|\n|-heal|p1a: Rillaboom|73\/100|[from] Grassy Terrain\n|-heal|p2b: Gallade|84\/100|[from] Grassy Terrain\n|-heal|p1b: Garganacl|100\/100|[from] Grassy Terrain\n|-damage|p2b: Gallade|72\/100|[from] Salt Cure\n|upkeep\n|\n|t:|1700366130\n|switch|p2a: Tyranitar|Tyranitar, L50, F|100\/100\n|-weather|Sandstorm|[from] ability: Sand Stream|[of] p2a: Tyranitar\n|turn|5\n|\n|t:|1700366143\n|move|p2b: Gallade|Quick Guard|p2b: Gallade\n|-singleturn|p2b: Gallade|Quick Guard\n|move|p1a: Rillaboom|Wood Hammer|p2b: Gallade\n|-damage|p2b: Gallade|0 fnt\n|faint|p2b: Gallade\n|-damage|p1a: Rillaboom|53\/100|[from] Recoil\n|move|p2a: Tyranitar|Crunch|p1b: Garganacl\n|-supereffective|p1b: Garganacl\n|-damage|p1b: Garganacl|73\/100\n|move|p1b: Garganacl|Salt Cure|p2a: Tyranitar\n|-damage|p2a: Tyranitar|87\/100\n|-start|p2a: Tyranitar|Salt Cure\n|\n|-weather|Sandstorm|[upkeep]\n|-damage|p1a: Rillaboom|47\/100|[from] Sandstorm\n|-damage|p1b: Garganacl|68\/100|[from] Sandstorm\n|-heal|p1a: Rillaboom|53\/100|[from] Grassy Terrain\n|-heal|p2a: Tyranitar|92\/100|[from] Grassy Terrain\n|-heal|p1b: Garganacl|73\/100|[from] Grassy Terrain\n|-damage|p2a: Tyranitar|80\/100|[from] Salt Cure\n|-sideend|p1: Kzjekzk|move: Tailwind\n|upkeep\n|\n|t:|1700366164\n|switch|p2b: Breloom|Breloom, L50, F|100\/100\n|turn|6\n|\n|t:|1700366177\n|-terastallize|p2a: Tyranitar|Rock\n|move|p2a: Tyranitar|Dragon Dance|p2a: Tyranitar\n|-boost|p2a: Tyranitar|atk|1\n|-boost|p2a: Tyranitar|spe|1\n|move|p2b: Breloom|Spore|p1b: Garganacl\n|-immune|p1b: Garganacl|[from] ability: Purifying Salt\n|move|p1a: Rillaboom|Drain Punch|p2a: Tyranitar\n|-supereffective|p2a: Tyranitar\n|-damage|p2a: Tyranitar|24\/100\n|-heal|p1a: Rillaboom|76\/100|[from] drain|[of] p2a: Tyranitar\n|move|p1b: Garganacl|Iron Defense|p1b: Garganacl\n|-boost|p1b: Garganacl|def|2\n|\n|-weather|Sandstorm|[upkeep]\n|-damage|p2b: Breloom|95\/100|[from] Sandstorm\n|-damage|p1a: Rillaboom|71\/100|[from] Sandstorm\n|-damage|p1b: Garganacl|68\/100|[from] Sandstorm\n|-heal|p2a: Tyranitar|30\/100|[from] Grassy Terrain\n|-heal|p2b: Breloom|100\/100|[from] Grassy Terrain\n|-heal|p1a: Rillaboom|76\/100|[from] Grassy Terrain\n|-heal|p1b: Garganacl|73\/100|[from] Grassy Terrain\n|-damage|p2a: Tyranitar|18\/100|[from] Salt Cure\n|-status|p2b: Breloom|tox|[from] item: Toxic Orb\n|upkeep\n|turn|7\n|inactive|Sugatoad has 30 seconds left.\n|inactive|Sugatoad has 20 seconds left.\n|inactive|Sugatoad has 15 seconds left.\n|inactive|Sugatoad has 10 seconds left.\n|\n|t:|1700366225\n|move|p1a: Rillaboom|Grassy Glide|p2a: Tyranitar\n|-supereffective|p2a: Tyranitar\n|-damage|p2a: Tyranitar|0 fnt\n|faint|p2a: Tyranitar\n|move|p2b: Breloom|Rock Slide|p1a: Rillaboom|[spread] p1a,p1b\n|-damage|p1a: Rillaboom|56\/100\n|-damage|p1b: Garganacl|68\/100\n|move|p1b: Garganacl|Salt Cure|p2b: Breloom\n|-resisted|p2b: Breloom\n|-damage|p2b: Breloom|92\/100 tox\n|-start|p2b: Breloom|Salt Cure\n|\n|-weather|Sandstorm|[upkeep]\n|-damage|p2b: Breloom|86\/100 tox|[from] Sandstorm\n|-damage|p1a: Rillaboom|50\/100|[from] Sandstorm\n|-damage|p1b: Garganacl|62\/100|[from] Sandstorm\n|-heal|p2b: Breloom|92\/100 tox|[from] Grassy Terrain\n|-heal|p1a: Rillaboom|56\/100|[from] Grassy Terrain\n|-heal|p1b: Garganacl|68\/100|[from] Grassy Terrain\n|-heal|p2b: Breloom|100\/100 tox|[from] ability: Poison Heal\n|-damage|p2b: Breloom|89\/100 tox|[from] Salt Cure\n|upkeep\n|turn|8\n|\n|t:|1700366249\n|switch|p1a: Arcanine|Arcanine-Hisui, L50, F|100\/100\n|-ability|p1a: Arcanine|Intimidate|boost\n|-unboost|p2b: Breloom|atk|1\n|move|p2b: Breloom|Rock Slide|p1b: Garganacl|[spread] p1a,p1b\n|-supereffective|p1a: Arcanine\n|-damage|p1a: Arcanine|64\/100\n|-damage|p1b: Garganacl|65\/100\n|move|p1b: Garganacl|Iron Defense|p1b: Garganacl\n|-boost|p1b: Garganacl|def|2\n|\n|-weather|Sandstorm|[upkeep]\n|-damage|p2b: Breloom|83\/100 tox|[from] Sandstorm\n|-damage|p1b: Garganacl|59\/100|[from] Sandstorm\n|-heal|p1a: Arcanine|70\/100|[from] Grassy Terrain\n|-heal|p2b: Breloom|89\/100 tox|[from] Grassy Terrain\n|-heal|p1b: Garganacl|65\/100|[from] Grassy Terrain\n|-heal|p2b: Breloom|100\/100 tox|[from] ability: Poison Heal\n|-damage|p2b: Breloom|89\/100 tox|[from] Salt Cure\n|-fieldend|move: Grassy Terrain\n|upkeep\n|turn|9\n|\n|t:|1700366264\n|switch|p1a: Rillaboom|Rillaboom, L50, M|56\/100\n|-fieldstart|move: Grassy Terrain|[from] ability: Grassy Surge|[of] p1a: Rillaboom\n|move|p1b: Garganacl|Protect|p1b: Garganacl\n|-singleturn|p1b: Garganacl|Protect\n|move|p2b: Breloom|Drain Punch|p1a: Rillaboom\n|-damage|p1a: Rillaboom|29\/100\n|-heal|p2b: Breloom|100\/100 tox|[from] drain|[of] p1a: Rillaboom\n|\n|-weather|none\n|-heal|p1a: Rillaboom|35\/100|[from] Grassy Terrain\n|-heal|p1b: Garganacl|71\/100|[from] Grassy Terrain\n|-damage|p2b: Breloom|89\/100 tox|[from] Salt Cure\n|upkeep\n|turn|10\n|\n|t:|1700366279\n|switch|p1a: Arcanine|Arcanine-Hisui, L50, F|70\/100\n|-ability|p1a: Arcanine|Intimidate|boost\n|-unboost|p2b: Breloom|atk|1\n|move|p2b: Breloom|Drain Punch|p1a: Arcanine\n|-supereffective|p1a: Arcanine\n|-damage|p1a: Arcanine|16\/100\n|-heal|p2b: Breloom|100\/100 tox|[from] drain|[of] p1a: Arcanine\n|move|p1b: Garganacl|Salt Cure|p2b: Breloom\n|-resisted|p2b: Breloom\n|-damage|p2b: Breloom|92\/100 tox\n|\n|-heal|p1a: Arcanine|22\/100|[from] Grassy Terrain\n|-heal|p2b: Breloom|98\/100 tox|[from] Grassy Terrain\n|-heal|p1b: Garganacl|76\/100|[from] Grassy Terrain\n|-heal|p2b: Breloom|100\/100 tox|[from] ability: Poison Heal\n|-damage|p2b: Breloom|89\/100 tox|[from] Salt Cure\n|upkeep\n|turn|11\n|\n|t:|1700366296\n|move|p1a: Arcanine|Flare Blitz|p2b: Breloom\n|-supereffective|p2b: Breloom\n|-damage|p2b: Breloom|0 fnt\n|faint|p2b: Breloom\n|-damage|p1a: Arcanine|0 fnt|[from] Recoil\n|faint|p1a: Arcanine\n|\n|win|Kzjekzk\n|raw|Kzjekzk's rating: 1039 &rarr; <strong>1073<\/strong><br \/>(+34 for winning)\n|raw|Sugatoad's rating: 1039 &rarr; <strong>1023<\/strong><br \/>(-16 for losing)\n","uploadtime":1700366302,"views":8,"p1id":"kzjekzk","p2id":"sugatoad","formatid":"gen9vgc2023regulatione","rating":1023,"private":0,"password":""}