{"id":"gen9vgc2023regulatione-1998331046","p1":"arnauito_77","p2":"Restgo","format":"[Gen 9] VGC 2023 Regulation E","log":"|j|\u2606arnauito_77\n|j|\u2606Restgo\n|n|\u2606arnauito_77|arnauito77\n|n|\u2606Restgo|restgo\n|html|View the match progress at <a href=\"\/game-bestof3-gen9vgc2023regulatione-1998326624\">game-bestof3-gen9vgc2023regulatione-1998326624<\/a>\n|t:|1700930320\n|gametype|doubles\n|player|p1|arnauito_77|lucas|\n|player|p2|Restgo|hilbert-masters|\n|teamsize|p1|6\n|teamsize|p2|6\n|gen|9\n|tier|[Gen 9] VGC 2023 Regulation E\n|rule|Species Clause: Limit one of each Pok\u00e9mon\n|rule|Item Clause: Limit one of each item\n|clearpoke\n|poke|p1|Tornadus, L50, M|\n|poke|p1|Urshifu-*, L50, F|\n|poke|p1|Arcanine-Hisui, L50, F|\n|poke|p1|Rillaboom, L50, M|\n|poke|p1|Flutter Mane, L50|\n|poke|p1|Iron Hands, L50|\n|poke|p2|Mandibuzz, L50, F|\n|poke|p2|Iron Hands, L50|\n|poke|p2|Arcanine, L50, M|\n|poke|p2|Flutter Mane, L50|\n|poke|p2|Dondozo, L50, F|\n|poke|p2|Rillaboom, L50, M|\n|teampreview|4\nRestgo has agreed to open team sheets.\narnauito_77 has agreed to open team sheets.\n|showteam|p1|Tornadus||RockyHelmet|Prankster|Tailwind,BleakwindStorm,Protect,RainDance|||M|||50|,,,,,Ghost]Urshifu-Rapid-Strike||ChoiceScarf|UnseenFist|Uturn,CloseCombat,SurgingStrikes,AquaJet|||F|||50|,,,,,Water]Arcanine-Hisui||ChoiceBand|Intimidate|FlareBlitz,RockSlide,TeraBlast,ExtremeSpeed|||F|||50|,,,,,Fairy]Rillaboom||MiracleSeed|GrassySurge|FakeOut,WoodHammer,HighHorsepower,GrassyGlide|||M|||50|,,,,,Poison]Flutter Mane||BoosterEnergy|Protosynthesis|Protect,DazzlingGleam,Moonblast,ShadowBall||||||50|,,,,,Fairy]Iron Hands||AssaultVest|QuarkDrive|FakeOut,DrainPunch,WildCharge,HeavySlam||||||50|,,,,,Fire\n|showteam|p2|Mandibuzz||RockyHelmet|Overcoat|Tailwind,Taunt,Snarl,FoulPlay|||F|||50|,,,,,Ghost]Iron Hands||AssaultVest|QuarkDrive|WildCharge,DrainPunch,IcePunch,FakeOut||||||50|,,,,,Fire]Arcanine||SitrusBerry|Intimidate|Howl,WillOWisp,FlareBlitz,Protect|||M|||50|,,,,,Water]Flutter Mane||ChoiceSpecs|Protosynthesis|DazzlingGleam,Moonblast,ShadowBall,Psyshock||||||50|,,,,,Fairy]Dondozo||Leftovers|Oblivious|Protect,Yawn,WaveCrash,HeavySlam|||F|||50|,,,,,Poison]Rillaboom||MiracleSeed|GrassySurge|FakeOut,WoodHammer,GrassyGlide,HighHorsepower|||M|||50|,,,,,Poison\n|c|\u2606arnauito_77|GL\n|c|\u2606arnauito_77|perd\u00f3n por la suerte\n|c|\u2606arnauito_77|....\n|c|\u2606Restgo|np gl\n|inactive|Battle timer is ON: inactive players will automatically lose when time's up. (requested by Restgo)\n|\n|t:|1700930377\n|start\n|switch|p1a: Urshifu|Urshifu-Rapid-Strike, L50, F|100\/100\n|switch|p1b: Rillaboom|Rillaboom, L50, M|100\/100\n|switch|p2a: MonoGordo|Iron Hands, L50|100\/100\n|switch|p2b: Arcanine|Arcanine, L50, M|100\/100\n|-ability|p2b: Arcanine|Intimidate|boost\n|-unboost|p1a: Urshifu|atk|1\n|-unboost|p1b: Rillaboom|atk|1\n|-fieldstart|move: Grassy Terrain|[from] ability: Grassy Surge|[of] p1b: Rillaboom\n|turn|1\n|inactive|arnauito_77 has 30 seconds left.\n|inactive|arnauito_77 has 20 seconds left.\n|\n|t:|1700930413\n|switch|p2b: Dondozo|Dondozo, L50, F|100\/100\n|-end|p2a: MonoGordo|Quark Drive|[silent]\n|switch|p2a: Rillaboom|Rillaboom, L50, M|100\/100\n|move|p1a: Urshifu|U-turn|p2a: Rillaboom\n|-supereffective|p2a: Rillaboom\n|-damage|p2a: Rillaboom|68\/100\n|\n|t:|1700930422\n|switch|p1a: Tornadus|Tornadus, L50, M|100\/100|[from] U-turn\n|move|p1b: Rillaboom|High Horsepower|p2b: Dondozo\n|-damage|p2b: Dondozo|86\/100\n|\n|-heal|p2a: Rillaboom|74\/100|[from] Grassy Terrain\n|-heal|p2b: Dondozo|92\/100|[from] Grassy Terrain\n|-heal|p2b: Dondozo|98\/100|[from] item: Leftovers\n|upkeep\n|turn|2\n|inactive|arnauito_77 has 30 seconds left.\n|inactive|Restgo has 30 seconds left.\n|\n|t:|1700930454\n|switch|p2b: MonoGordo|Iron Hands, L50|100\/100\n|move|p1a: Tornadus|Protect|p1a: Tornadus\n|-singleturn|p1a: Tornadus|Protect\n|move|p2a: Rillaboom|Fake Out|p1a: Tornadus\n|-activate|p1a: Tornadus|move: Protect\n|move|p1b: Rillaboom|Grassy Glide|p2b: MonoGordo\n|-damage|p2b: MonoGordo|80\/100\n|\n|-heal|p2a: Rillaboom|80\/100|[from] Grassy Terrain\n|-heal|p2b: MonoGordo|86\/100|[from] Grassy Terrain\n|upkeep\n|turn|3\n|\n|t:|1700930474\n|switch|p2a: Arcanine|Arcanine, L50, M|100\/100\n|-ability|p2a: Arcanine|Intimidate|boost\n|-unboost|p1a: Tornadus|atk|1\n|-unboost|p1b: Rillaboom|atk|1\n|move|p1a: Tornadus|Bleakwind Storm|p2a: Arcanine|[spread] p2b\n|-miss|p1a: Tornadus|p2a: Arcanine\n|-damage|p2b: MonoGordo|68\/100\n|move|p1b: Rillaboom|Wood Hammer|p2b: MonoGordo\n|-damage|p2b: MonoGordo|35\/100\n|-damage|p1b: Rillaboom|86\/100|[from] Recoil\n|move|p2b: MonoGordo|Wild Charge|p1a: Tornadus\n|-supereffective|p1a: Tornadus\n|-damage|p1a: Tornadus|9\/100\n|-damage|p2b: MonoGordo|19\/100|[from] item: Rocky Helmet|[of] p1a: Tornadus\n|-damage|p2b: MonoGordo|2\/100|[from] Recoil\n|\n|-heal|p1b: Rillaboom|92\/100|[from] Grassy Terrain\n|-heal|p2b: MonoGordo|8\/100|[from] Grassy Terrain\n|upkeep\n|turn|4\n|inactive|arnauito_77 has 30 seconds left.\n|inactive|Restgo has 30 seconds left.\n|inactive|arnauito_77 has 20 seconds left.\n|\n|t:|1700930510\n|switch|p1b: Flutter Mane|Flutter Mane, L50|100\/100\n|-enditem|p1b: Flutter Mane|Booster Energy\n|-activate|p1b: Flutter Mane|ability: Protosynthesis|[fromitem]\n|-start|p1b: Flutter Mane|protosynthesisspa\n|move|p1a: Tornadus|Protect|p1a: Tornadus\n|-singleturn|p1a: Tornadus|Protect\n|move|p2a: Arcanine|Will-O-Wisp|p1b: Flutter Mane\n|-status|p1b: Flutter Mane|brn\n|move|p2b: MonoGordo|Drain Punch|p1b: Flutter Mane\n|-immune|p1b: Flutter Mane\n|\n|-heal|p2b: MonoGordo|14\/100|[from] Grassy Terrain\n|-damage|p1b: Flutter Mane|95\/100 brn|[from] brn\n|upkeep\n|turn|5\n|inactive|arnauito_77 has 30 seconds left.\n|inactive|Restgo has 30 seconds left.\n|inactive|arnauito_77 has 20 seconds left.\n|\n|t:|1700930547\n|-end|p2b: MonoGordo|Quark Drive|[silent]\n|switch|p2b: Dondozo|Dondozo, L50, F|98\/100\n|move|p1a: Tornadus|Rain Dance|p1a: Tornadus\n|-weather|RainDance\n|move|p1b: Flutter Mane|Dazzling Gleam|p2a: Arcanine|[spread] p2a,p2b\n|-resisted|p2a: Arcanine\n|-damage|p2a: Arcanine|75\/100\n|-damage|p2b: Dondozo|66\/100\n|move|p2a: Arcanine|Flare Blitz|p1b: Flutter Mane\n|-damage|p1b: Flutter Mane|61\/100 brn\n|-damage|p2a: Arcanine|66\/100|[from] Recoil\n|\n|-weather|RainDance|[upkeep]\n|-heal|p1b: Flutter Mane|67\/100 brn|[from] Grassy Terrain\n|-heal|p2a: Arcanine|73\/100|[from] Grassy Terrain\n|-heal|p2b: Dondozo|72\/100|[from] Grassy Terrain\n|-heal|p2b: Dondozo|78\/100|[from] item: Leftovers\n|-damage|p1b: Flutter Mane|61\/100 brn|[from] brn\n|-fieldend|move: Grassy Terrain\n|upkeep\n|turn|6\n|inactive|arnauito_77 has 30 seconds left.\n|inactive|arnauito_77 has 20 seconds left.\n|\n|t:|1700930585\n|move|p1b: Flutter Mane|Shadow Ball|p2a: Arcanine\n|-damage|p2a: Arcanine|7\/100\n|-enditem|p2a: Arcanine|Sitrus Berry|[eat]\n|-heal|p2a: Arcanine|32\/100|[from] item: Sitrus Berry\n|move|p2a: Arcanine|Flare Blitz|p1a: Tornadus\n|-damage|p1a: Tornadus|0 fnt\n|-damage|p2a: Arcanine|16\/100|[from] item: Rocky Helmet|[of] p1a: Tornadus\n|faint|p1a: Tornadus\n|-damage|p2a: Arcanine|13\/100|[from] Recoil\n|move|p2b: Dondozo|Heavy Slam|p1b: Flutter Mane\n|-supereffective|p1b: Flutter Mane\n|-damage|p1b: Flutter Mane|0 fnt\n|faint|p1b: Flutter Mane\n|-end|p1b: Flutter Mane|Protosynthesis|[silent]\n|\n|-weather|RainDance|[upkeep]\n|-heal|p2b: Dondozo|85\/100|[from] item: Leftovers\n|upkeep\n|\n|t:|1700930594\n|switch|p1b: Rillaboom|Rillaboom, L50, M|92\/100\n|switch|p1a: Urshifu|Urshifu-Rapid-Strike, L50, F|100\/100\n|-fieldstart|move: Grassy Terrain|[from] ability: Grassy Surge|[of] p1b: Rillaboom\n|turn|7\n|inactive|arnauito_77 has 30 seconds left.\n|\n|t:|1700930619\n|switch|p2a: MonoGordo|Iron Hands, L50|14\/100\n|-terastallize|p1a: Urshifu|Water\n|-terastallize|p2b: Dondozo|Poison\n|move|p1a: Urshifu|Surging Strikes|p2b: Dondozo\n|-crit|p2b: Dondozo\n|-damage|p2b: Dondozo|59\/100\n|-crit|p2b: Dondozo\n|-damage|p2b: Dondozo|35\/100\n|-crit|p2b: Dondozo\n|-damage|p2b: Dondozo|9\/100\n|-hitcount|p2b: Dondozo|3\n|move|p1b: Rillaboom|Wood Hammer|p2b: Dondozo\n|-resisted|p2b: Dondozo\n|-damage|p2b: Dondozo|0 fnt\n|faint|p2b: Dondozo\n|-damage|p1b: Rillaboom|88\/100|[from] Recoil\n|\n|-weather|RainDance|[upkeep]\n|-heal|p1b: Rillaboom|94\/100|[from] Grassy Terrain\n|-heal|p2a: MonoGordo|20\/100|[from] Grassy Terrain\n|upkeep\n|\n|t:|1700930634\n|switch|p2b: Arcanine|Arcanine, L50, M|13\/100\n|-ability|p2b: Arcanine|Intimidate|boost\n|-unboost|p1a: Urshifu|atk|1\n|-unboost|p1b: Rillaboom|atk|1\n|turn|8\n|inactive|arnauito_77 has 30 seconds left.\n|inactive|arnauito_77 has 20 seconds left.\n|inactive|arnauito_77 has 15 seconds left.\n|\n|t:|1700930675\n|move|p2a: MonoGordo|Fake Out|p1a: Urshifu\n|-damage|p1a: Urshifu|85\/100\n|move|p1b: Rillaboom|Grassy Glide|p2a: MonoGordo\n|-damage|p2a: MonoGordo|1\/100\n|cant|p1a: Urshifu|flinch\n|move|p2b: Arcanine|Will-O-Wisp|p1b: Rillaboom\n|-status|p1b: Rillaboom|brn\n|\n|-weather|RainDance|[upkeep]\n|-heal|p1a: Urshifu|91\/100|[from] Grassy Terrain\n|-heal|p2b: Arcanine|19\/100|[from] Grassy Terrain\n|-heal|p1b: Rillaboom|100\/100 brn|[from] Grassy Terrain\n|-heal|p2a: MonoGordo|8\/100|[from] Grassy Terrain\n|-damage|p1b: Rillaboom|94\/100 brn|[from] brn\n|upkeep\n|turn|9\n|inactive|arnauito_77 has 30 seconds left.\n|\n|t:|1700930705\n|move|p1b: Rillaboom|Grassy Glide|p2a: MonoGordo\n|-damage|p2a: MonoGordo|0 fnt\n|faint|p2a: MonoGordo\n|-end|p2a: MonoGordo|Quark Drive|[silent]\n|move|p1a: Urshifu|Surging Strikes|p2b: Arcanine\n|-supereffective|p2b: Arcanine\n|-crit|p2b: Arcanine\n|-damage|p2b: Arcanine|0 fnt\n|faint|p2b: Arcanine\n|-hitcount|p2: Arcanine|1\n|\n|-weather|none\n|-heal|p1a: Urshifu|97\/100|[from] Grassy Terrain\n|-heal|p1b: Rillaboom|100\/100 brn|[from] Grassy Terrain\n|-damage|p1b: Rillaboom|94\/100 brn|[from] brn\n|upkeep\n|\n|t:|1700930712\n|switch|p2b: Rillaboom|Rillaboom, L50, M|80\/100\n|turn|10\n|\n|t:|1700930729\n|move|p2b: Rillaboom|Grassy Glide|p1a: Urshifu\n|-supereffective|p1a: Urshifu\n|-damage|p1a: Urshifu|12\/100\n|move|p1a: Urshifu|Surging Strikes|p2b: Rillaboom\n|-resisted|p2b: Rillaboom\n|-crit|p2b: Rillaboom\n|-damage|p2b: Rillaboom|65\/100\n|-resisted|p2b: Rillaboom\n|-crit|p2b: Rillaboom\n|-damage|p2b: Rillaboom|49\/100\n|-resisted|p2b: Rillaboom\n|-crit|p2b: Rillaboom\n|-damage|p2b: Rillaboom|35\/100\n|-hitcount|p2b: Rillaboom|3\n|move|p1b: Rillaboom|Wood Hammer|p2b: Rillaboom\n|-resisted|p2b: Rillaboom\n|-damage|p2b: Rillaboom|18\/100\n|-damage|p1b: Rillaboom|89\/100 brn|[from] Recoil\n|\n|-heal|p1a: Urshifu|18\/100|[from] Grassy Terrain\n|-heal|p1b: Rillaboom|95\/100 brn|[from] Grassy Terrain\n|-heal|p2b: Rillaboom|24\/100|[from] Grassy Terrain\n|-damage|p1b: Rillaboom|89\/100 brn|[from] brn\n|upkeep\n|turn|11\n|j| Lautaro Borlinkez\n|\n|t:|1700930753\n|move|p2b: Rillaboom|Grassy Glide|p1a: Urshifu\n|-supereffective|p1a: Urshifu\n|-damage|p1a: Urshifu|0 fnt\n|faint|p1a: Urshifu\n|move|p1b: Rillaboom|Wood Hammer|p2b: Rillaboom\n|-resisted|p2b: Rillaboom\n|-damage|p2b: Rillaboom|8\/100\n|-damage|p1b: Rillaboom|83\/100 brn|[from] Recoil\n|\n|-heal|p1b: Rillaboom|90\/100 brn|[from] Grassy Terrain\n|-heal|p2b: Rillaboom|15\/100|[from] Grassy Terrain\n|-damage|p1b: Rillaboom|83\/100 brn|[from] brn\n|-fieldend|move: Grassy Terrain\n|upkeep\n|turn|12\n|inactive|Restgo has 30 seconds left.\n|\n|t:|1700930781\n|move|p1b: Rillaboom|Wood Hammer|p2b: Rillaboom\n|-resisted|p2b: Rillaboom\n|-damage|p2b: Rillaboom|3\/100\n|-damage|p1b: Rillaboom|79\/100 brn|[from] Recoil\n|move|p2b: Rillaboom|Grassy Glide|p1b: Rillaboom\n|-resisted|p1b: Rillaboom\n|-damage|p1b: Rillaboom|65\/100 brn\n|\n|-damage|p1b: Rillaboom|59\/100 brn|[from] brn\n|upkeep\n|turn|13\n|\n|t:|1700930790\n|move|p1b: Rillaboom|Wood Hammer|p2b: Rillaboom\n|-resisted|p2b: Rillaboom\n|-damage|p2b: Rillaboom|0 fnt\n|faint|p2b: Rillaboom\n|-damage|p1b: Rillaboom|58\/100 brn|[from] Recoil\n|\n|win|arnauito_77\n|c|\u2606arnauito_77|GG\n","uploadtime":1700930801,"views":3,"p1id":"arnauito77","p2id":"restgo","formatid":"gen9vgc2023regulatione","rating":0,"private":0,"password":""}