{"id":"gen9vgc2023regulatione-2000391231","p1":"StarkHD","p2":"Bugcatcherbilly75","format":"[Gen 9] VGC 2023 Regulation E","log":"|j|\u2606StarkHD\n|j|\u2606Bugcatcherbilly75\n|t:|1701190877\n|gametype|doubles\n|player|p1|StarkHD|170|1347\n|player|p2|Bugcatcherbilly75|bugcatcher-gen4dp|1303\n|teamsize|p1|6\n|teamsize|p2|6\n|gen|9\n|tier|[Gen 9] VGC 2023 Regulation E\n|rated|\n|rule|Species Clause: Limit one of each Pok\u00e9mon\n|rule|Item Clause: Limit one of each item\n|clearpoke\n|poke|p1|Ninetales-Alola, L50, M|\n|poke|p1|Roaring Moon, L50|\n|poke|p1|Gholdengo, L50|\n|poke|p1|Heatran, L50, F|\n|poke|p1|Iron Hands, L50|\n|poke|p1|Ogerpon-Wellspring, L50, F|\n|poke|p2|Ursaluna-Bloodmoon, L50, M|\n|poke|p2|Sinistcha-Masterpiece, L50|\n|poke|p2|Farigiraf, L50, M|\n|poke|p2|Iron Hands, L50|\n|poke|p2|Kingambit, L50, F|\n|poke|p2|Annihilape, L50, M|\n|teampreview|4\n|inactive|Battle timer is ON: inactive players will automatically lose when time's up. (requested by StarkHD)\n|\n|t:|1701190915\n|start\n|switch|p1a: Iron Hands|Iron Hands, L50, shiny|100\/100\n|switch|p1b: Gholdengo|Gholdengo, L50, shiny|100\/100\n|switch|p2a: Iron Hands|Iron Hands, L50|100\/100\n|switch|p2b: Ursaluna|Ursaluna-Bloodmoon, L50, M|100\/100\n|turn|1\n|\n|t:|1701190935\n|move|p1a: Iron Hands|Fake Out|p2b: Ursaluna\n|-damage|p2b: Ursaluna|89\/100\n|move|p1b: Gholdengo|Make It Rain|p2a: Iron Hands|[spread] p2a,p2b\n|-resisted|p2a: Iron Hands\n|-damage|p2a: Iron Hands|77\/100\n|-damage|p2b: Ursaluna|11\/100\n|-unboost|p1b: Gholdengo|spa|1\n|cant|p2b: Ursaluna|flinch\n|move|p2a: Iron Hands|Wild Charge|p1b: Gholdengo\n|-damage|p1b: Gholdengo|49\/100\n|-damage|p2a: Iron Hands|68\/100|[from] Recoil\n|\n|upkeep\n|turn|2\n|\n|t:|1701190957\n|move|p2b: Ursaluna|Protect|p2b: Ursaluna\n|-singleturn|p2b: Ursaluna|Protect\n|move|p1b: Gholdengo|Make It Rain|p2b: Ursaluna|[spread] p2a\n|-activate|p2b: Ursaluna|move: Protect\n|-resisted|p2a: Iron Hands\n|-damage|p2a: Iron Hands|51\/100\n|-unboost|p1b: Gholdengo|spa|1\n|move|p1a: Iron Hands|Drain Punch|p2a: Iron Hands\n|-damage|p2a: Iron Hands|27\/100\n|move|p2a: Iron Hands|Wild Charge|p1b: Gholdengo\n|-damage|p1b: Gholdengo|0 fnt\n|faint|p1b: Gholdengo\n|-damage|p2a: Iron Hands|18\/100|[from] Recoil\n|\n|upkeep\n|\n|t:|1701190970\n|switch|p1b: Ogerpon|Ogerpon-Wellspring, L50, F|100\/100\n|turn|3\n|\n|t:|1701190984\n|move|p1b: Ogerpon|Horn Leech|p2b: Ursaluna\n|-supereffective|p2b: Ursaluna\n|-damage|p2b: Ursaluna|0 fnt\n|faint|p2b: Ursaluna\n|move|p1a: Iron Hands|Drain Punch|p2a: Iron Hands\n|-damage|p2a: Iron Hands|0 fnt\n|faint|p2a: Iron Hands\n|-end|p2a: Iron Hands|Quark Drive|[silent]\n|\n|upkeep\n|\n|t:|1701190992\n|switch|p2b: Sinistcha|Sinistcha-Masterpiece, L50|100\/100\n|switch|p2a: Annihilape|Annihilape, L50, M|100\/100\n|turn|4\n|\n|t:|1701191015\n|move|p2b: Sinistcha|Rage Powder|p2b: Sinistcha\n|-singleturn|p2b: Sinistcha|move: Rage Powder\n|move|p1b: Ogerpon|Taunt|p2a: Annihilape\n|-start|p2a: Annihilape|move: Taunt\n|move|p1a: Iron Hands|Wild Charge|p2b: Sinistcha\n|-resisted|p2b: Sinistcha\n|-damage|p2b: Sinistcha|83\/100\n|-damage|p1a: Iron Hands|97\/100|[from] Recoil\n|cant|p2a: Annihilape|move: Taunt|Bulk Up\n|\n|-heal|p2b: Sinistcha|89\/100|[from] item: Leftovers\n|upkeep\n|turn|5\n|inactive|StarkHD has 30 seconds left.\n|\n|t:|1701191045\n|move|p1b: Ogerpon|Ivy Cudgel|p2a: Annihilape|[anim] Ivy Cudgel Water\n|-damage|p2a: Annihilape|39\/100\n|move|p1a: Iron Hands|Heavy Slam|p2b: Sinistcha\n|-damage|p2b: Sinistcha|57\/100\n|move|p2a: Annihilape|Drain Punch|p1b: Ogerpon\n|-damage|p1b: Ogerpon|72\/100\n|-heal|p2a: Annihilape|51\/100|[from] drain|[of] p1b: Ogerpon\n|move|p2b: Sinistcha|Matcha Gotcha|p1b: Ogerpon|[spread] p1a,p1b\n|-damage|p1a: Iron Hands|85\/100\n|-heal|p2b: Sinistcha|66\/100|[from] drain|[of] p1a: Iron Hands\n|-damage|p1b: Ogerpon|46\/100\n|-heal|p2b: Sinistcha|79\/100|[from] drain|[of] p1b: Ogerpon\n|\n|-heal|p2b: Sinistcha|85\/100|[from] item: Leftovers\n|upkeep\n|turn|6\n|inactive|Bugcatcherbilly75 has 30 seconds left.\n|\n|t:|1701191072\n|move|p1b: Ogerpon|Ivy Cudgel|p2a: Annihilape|[anim] Ivy Cudgel Water\n|-damage|p2a: Annihilape|0 fnt\n|faint|p2a: Annihilape\n|move|p1a: Iron Hands|Wild Charge|p2b: Sinistcha\n|-resisted|p2b: Sinistcha\n|-damage|p2b: Sinistcha|68\/100\n|-damage|p1a: Iron Hands|82\/100|[from] Recoil\n|move|p2b: Sinistcha|Trick Room|p2b: Sinistcha\n|-fieldstart|move: Trick Room|[of] p2b: Sinistcha\n|\n|-heal|p2b: Sinistcha|75\/100|[from] item: Leftovers\n|upkeep\n|turn|7\n|\n|t:|1701191085\n|-end|p1a: Iron Hands|Quark Drive|[silent]\n|switch|p1a: Ninetales|Ninetales-Alola, L50, M, shiny|100\/100\n|-weather|Snow|[from] ability: Snow Warning|[of] p1a: Ninetales\n|move|p2b: Sinistcha|Matcha Gotcha|p1a: Ninetales|[spread] p1a,p1b\n|-damage|p1a: Ninetales|74\/100\n|-heal|p2b: Sinistcha|88\/100|[from] drain|[of] p1a: Ninetales\n|-damage|p1b: Ogerpon|23\/100\n|-heal|p2b: Sinistcha|99\/100|[from] drain|[of] p1b: Ogerpon\n|move|p1b: Ogerpon|Taunt|p2b: Sinistcha\n|-start|p2b: Sinistcha|move: Taunt\n|\n|-weather|Snow|[upkeep]\n|-heal|p2b: Sinistcha|100\/100|[from] item: Leftovers\n|upkeep\n|turn|8\n|inactive|StarkHD has 30 seconds left.\n|\n|t:|1701191116\n|move|p2b: Sinistcha|Matcha Gotcha|p1a: Ninetales|[spread] p1a,p1b\n|-damage|p1a: Ninetales|48\/100\n|-damage|p1b: Ogerpon|0 fnt\n|faint|p1b: Ogerpon\n|move|p1a: Ninetales|Aurora Veil|p1a: Ninetales\n|-sidestart|p1: StarkHD|move: Aurora Veil\n|\n|-weather|Snow|[upkeep]\n|upkeep\n|\n|t:|1701191123\n|switch|p1b: Iron Hands|Iron Hands, L50, shiny|82\/100\n|turn|9\n|\n|t:|1701191131\n|-terastallize|p1b: Iron Hands|Fire\n|move|p2b: Sinistcha|Matcha Gotcha|p1a: Ninetales|[spread] p1a,p1b\n|-resisted|p1b: Iron Hands\n|-crit|p1b: Iron Hands\n|-damage|p1a: Ninetales|30\/100\n|-damage|p1b: Iron Hands|73\/100\n|move|p1b: Iron Hands|Heavy Slam|p2b: Sinistcha\n|-damage|p2b: Sinistcha|69\/100\n|move|p1a: Ninetales|Icy Wind|p2b: Sinistcha\n|-supereffective|p2b: Sinistcha\n|-damage|p2b: Sinistcha|29\/100\n|-unboost|p2b: Sinistcha|spe|1\n|\n|-weather|Snow|[upkeep]\n|-heal|p2b: Sinistcha|35\/100|[from] item: Leftovers\n|upkeep\n|turn|10\n|inactive|Bugcatcherbilly75 has 30 seconds left.\n|\n|t:|1701191159\n|-terastallize|p2b: Sinistcha|Water\n|move|p1a: Ninetales|Protect|p1a: Ninetales\n|-singleturn|p1a: Ninetales|Protect\n|move|p2b: Sinistcha|Matcha Gotcha|p1b: Iron Hands|[spread] p1b\n|-activate|p1a: Ninetales|move: Protect\n|-resisted|p1b: Iron Hands\n|-damage|p1b: Iron Hands|68\/100\n|-heal|p2b: Sinistcha|38\/100|[from] drain|[of] p1b: Iron Hands\n|move|p1b: Iron Hands|Heavy Slam|p2b: Sinistcha\n|-resisted|p2b: Sinistcha\n|-damage|p2b: Sinistcha|22\/100\n|\n|-weather|Snow|[upkeep]\n|-heal|p2b: Sinistcha|29\/100|[from] item: Leftovers\n|-end|p2b: Sinistcha|move: Taunt\n|-fieldend|move: Trick Room\n|upkeep\n|turn|11\n|\n|t:|1701191179\n|move|p1a: Ninetales|Icy Wind|p2b: Sinistcha\n|-resisted|p2b: Sinistcha\n|-damage|p2b: Sinistcha|18\/100\n|-unboost|p2b: Sinistcha|spe|1\n|move|p1b: Iron Hands|Wild Charge|p2b: Sinistcha\n|-supereffective|p2b: Sinistcha\n|-damage|p2b: Sinistcha|0 fnt\n|faint|p2b: Sinistcha\n|-damage|p1b: Iron Hands|65\/100|[from] Recoil\n|\n|win|StarkHD\n|raw|StarkHD's rating: 1347 &rarr; <strong>1364<\/strong><br \/>(+17 for winning)\n|raw|Bugcatcherbilly75's rating: 1303 &rarr; <strong>1286<\/strong><br \/>(-17 for losing)\n|l|\u2606Bugcatcherbilly75\n","uploadtime":1701191194,"views":3,"p1id":"starkhd","p2id":"bugcatcherbilly75","formatid":"gen9vgc2023regulatione","rating":1286,"private":0,"password":""}