{"id":"gen9vgc2023regulatione-1997679083","p1":"dcfghuijmhbg","p2":"kirbistesting","format":"[Gen 9] VGC 2023 Regulation E","log":"|j|\u2606dcfghuijmhbg\n|j|\u2606kirbistesting\n|t:|1700840913\n|gametype|doubles\n|player|p1|dcfghuijmhbg|266|1120\n|player|p2|kirbistesting|102|1029\n|teamsize|p1|6\n|teamsize|p2|6\n|gen|9\n|tier|[Gen 9] VGC 2023 Regulation E\n|rated|\n|rule|Species Clause: Limit one of each Pok\u00e9mon\n|rule|Item Clause: Limit one of each item\n|clearpoke\n|poke|p1|Arcanine, L50, F|\n|poke|p1|Roaring Moon, L50|\n|poke|p1|Iron Hands, L50|\n|poke|p1|Ogerpon, L50, F|\n|poke|p1|Gastrodon-East, L50, F|\n|poke|p1|Sylveon, L50, F|\n|poke|p2|Arcanine-Hisui, L50, F|\n|poke|p2|Ogerpon-Hearthflame, L50, F|\n|poke|p2|Iron Hands, L50|\n|poke|p2|Urshifu-*, L50, F|\n|poke|p2|Cresselia, L50, F|\n|poke|p2|Chi-Yu, L50|\n|teampreview|4\nkirbistesting rejected open team sheets.\n|\n|t:|1700840950\n|start\n|switch|p1a: Roaring Moon|Roaring Moon, L50, shiny|100\/100\n|switch|p1b: Iron Hands|Iron Hands, L50, shiny|100\/100\n|switch|p2a: Ogerpon|Ogerpon-Hearthflame, L50, F|100\/100\n|switch|p2b: Arcanine|Arcanine-Hisui, L50, F|100\/100\n|-ability|p2a: Ogerpon|Mold Breaker\n|-ability|p2b: Arcanine|Intimidate|boost\n|-unboost|p1a: Roaring Moon|atk|1\n|-unboost|p1b: Iron Hands|atk|1\n|-enditem|p1a: Roaring Moon|Booster Energy\n|-activate|p1a: Roaring Moon|ability: Protosynthesis|[fromitem]\n|-start|p1a: Roaring Moon|protosynthesisspe\n|turn|1\n|\n|t:|1700840973\n|-end|p1b: Iron Hands|Quark Drive|[silent]\n|switch|p1b: Arcanine|Arcanine, L50, F|100\/100\n|-ability|p1b: Arcanine|Intimidate|boost\n|-unboost|p2a: Ogerpon|atk|1\n|-unboost|p2b: Arcanine|atk|1\n|move|p1a: Roaring Moon|Tailwind|p1a: Roaring Moon\n|-sidestart|p1: dcfghuijmhbg|move: Tailwind\n|move|p2a: Ogerpon|Ivy Cudgel|p1b: Arcanine|[anim] Ivy Cudgel Fire\n|-resisted|p1b: Arcanine\n|-damage|p1b: Arcanine|78\/100\n|move|p2b: Arcanine|Head Smash|p1a: Roaring Moon\n|-damage|p1a: Roaring Moon|8\/100\n|-damage|p2b: Arcanine|52\/100|[from] Recoil\n|\n|upkeep\n|turn|2\n|\n|t:|1700841035\n|switch|p1b: Iron Hands|Iron Hands, L50, shiny|100\/100\n|switch|p2b: Iron Hands|Iron Hands, L50|100\/100\n|move|p2a: Ogerpon|Spiky Shield|p2a: Ogerpon\n|-singleturn|p2a: Ogerpon|move: Protect\n|move|p1a: Roaring Moon|Knock Off|p2b: Iron Hands\n|-resisted|p2b: Iron Hands\n|-damage|p2b: Iron Hands|88\/100\n|-enditem|p2b: Iron Hands|Assault Vest|[from] move: Knock Off|[of] p1a: Roaring Moon\n|\n|upkeep\n|turn|3\n|\n|t:|1700841054\n|move|p1b: Iron Hands|Fake Out|p2b: Iron Hands\n|-damage|p2b: Iron Hands|77\/100\n|cant|p2b: Iron Hands|flinch\n|move|p1a: Roaring Moon|Breaking Swipe|p2a: Ogerpon|[spread] p2a,p2b\n|-damage|p2a: Ogerpon|78\/100\n|-damage|p2b: Iron Hands|66\/100\n|-unboost|p2a: Ogerpon|atk|1\n|-unboost|p2b: Iron Hands|atk|1\n|move|p2a: Ogerpon|Wood Hammer|p1b: Iron Hands\n|-damage|p1b: Iron Hands|78\/100\n|-damage|p2a: Ogerpon|67\/100|[from] Recoil\n|\n|upkeep\n|turn|4\n|\n|t:|1700841077\n|-end|p1a: Roaring Moon|Protosynthesis|[silent]\n|switch|p1a: Arcanine|Arcanine, L50, F|78\/100\n|-ability|p1a: Arcanine|Intimidate|boost\n|-unboost|p2a: Ogerpon|atk|1\n|-unboost|p2b: Iron Hands|atk|1\n|move|p2a: Ogerpon|Spiky Shield|p2a: Ogerpon\n|-singleturn|p2a: Ogerpon|move: Protect\n|move|p1b: Iron Hands|Drain Punch|p2b: Iron Hands\n|-damage|p2b: Iron Hands|36\/100\n|-heal|p1b: Iron Hands|93\/100|[from] drain|[of] p2b: Iron Hands\n|move|p2b: Iron Hands|Drain Punch|p1a: Arcanine\n|-damage|p1a: Arcanine|54\/100\n|-heal|p2b: Iron Hands|45\/100|[from] drain|[of] p1a: Arcanine\n|\n|-sideend|p1: dcfghuijmhbg|move: Tailwind\n|upkeep\n|turn|5\n|\n|t:|1700841102\n|switch|p2a: Arcanine|Arcanine-Hisui, L50, F|52\/100\n|-ability|p2a: Arcanine|Intimidate|boost\n|-unboost|p1a: Arcanine|atk|1\n|-unboost|p1b: Iron Hands|atk|1\n|move|p1a: Arcanine|Howl|p1a: Arcanine|[spread] p1a,p1b\n|-boost|p1a: Arcanine|atk|1\n|-boost|p1b: Iron Hands|atk|1\n|move|p2b: Iron Hands|Wild Charge|p1a: Arcanine\n|-damage|p1a: Arcanine|24\/100\n|-damage|p2b: Iron Hands|39\/100|[from] Recoil\n|move|p1b: Iron Hands|Drain Punch|p2b: Iron Hands\n|-damage|p2b: Iron Hands|11\/100\n|-heal|p1b: Iron Hands|100\/100|[from] drain|[of] p2b: Iron Hands\n|\n|upkeep\n|turn|6\n|\n|t:|1700841131\n|switch|p1a: Gastrodon|Gastrodon-East, L50, F|100\/100\n|switch|p2a: Ogerpon|Ogerpon-Hearthflame, L50, F|67\/100\n|-ability|p2a: Ogerpon|Mold Breaker\n|move|p2b: Iron Hands|Drain Punch|p1a: Gastrodon\n|-damage|p1a: Gastrodon|79\/100\n|-heal|p2b: Iron Hands|21\/100|[from] drain|[of] p1a: Gastrodon\n|move|p1b: Iron Hands|Drain Punch|p2a: Ogerpon\n|-damage|p2a: Ogerpon|12\/100\n|\n|upkeep\n|turn|7\n|\n|t:|1700841175\n|switch|p1a: Arcanine|Arcanine, L50, F|24\/100\n|-ability|p1a: Arcanine|Intimidate|boost\n|-unboost|p2a: Ogerpon|atk|1\n|-unboost|p2b: Iron Hands|atk|1\n|move|p2a: Ogerpon|Wood Hammer|p1a: Arcanine\n|-resisted|p1a: Arcanine\n|-damage|p1a: Arcanine|0 fnt\n|faint|p1a: Arcanine\n|-damage|p2a: Ogerpon|4\/100|[from] Recoil\n|move|p2b: Iron Hands|Drain Punch|p1b: Iron Hands\n|-damage|p1b: Iron Hands|88\/100\n|-heal|p2b: Iron Hands|27\/100|[from] drain|[of] p1b: Iron Hands\n|move|p1b: Iron Hands|Drain Punch|p2b: Iron Hands\n|-crit|p2b: Iron Hands\n|-damage|p2b: Iron Hands|0 fnt\n|-heal|p1b: Iron Hands|100\/100|[from] drain|[of] p2b: Iron Hands\n|faint|p2b: Iron Hands\n|-end|p2b: Iron Hands|Quark Drive|[silent]\n|\n|upkeep\n|\n|t:|1700841195\n|switch|p1a: Roaring Moon|Roaring Moon, L50, shiny|8\/100\n|switch|p2b: Arcanine|Arcanine-Hisui, L50, F|52\/100\n|-ability|p2b: Arcanine|Intimidate|boost\n|-unboost|p1a: Roaring Moon|atk|1\n|-unboost|p1b: Iron Hands|atk|1\n|turn|8\n|\n|t:|1700841214\n|-end|p1a: Roaring Moon|Protosynthesis|[silent]\n|switch|p1a: Gastrodon|Gastrodon-East, L50, F|79\/100\n|move|p2a: Ogerpon|Spiky Shield|p2a: Ogerpon\n|-singleturn|p2a: Ogerpon|move: Protect\n|move|p2b: Arcanine|Extreme Speed|p1a: Gastrodon\n|-crit|p1a: Gastrodon\n|-damage|p1a: Gastrodon|13\/100\n|-enditem|p1a: Gastrodon|Sitrus Berry|[eat]\n|-heal|p1a: Gastrodon|38\/100|[from] item: Sitrus Berry\n|move|p1b: Iron Hands|Drain Punch|p2b: Arcanine\n|-supereffective|p2b: Arcanine\n|-damage|p2b: Arcanine|0 fnt\n|faint|p2b: Arcanine\n|\n|upkeep\n|\n|t:|1700841217\n|switch|p2b: Urshifu|Urshifu, L50, F|100\/100\n|turn|9\n|\n|t:|1700841273\n|move|p2b: Urshifu|Protect|p2b: Urshifu\n|-singleturn|p2b: Urshifu|Protect\n|move|p1a: Gastrodon|Protect|p1a: Gastrodon\n|-singleturn|p1a: Gastrodon|Protect\n|move|p2a: Ogerpon|Wood Hammer|p1a: Gastrodon\n|-activate|p1a: Gastrodon|move: Protect\n|move|p1b: Iron Hands|Drain Punch|p2a: Ogerpon\n|-damage|p2a: Ogerpon|0 fnt\n|faint|p2a: Ogerpon\n|\n|upkeep\n|turn|10\n|\n|t:|1700841290\n|-end|p1b: Iron Hands|Quark Drive|[silent]\n|switch|p1b: Roaring Moon|Roaring Moon, L50, shiny|8\/100\n|move|p2b: Urshifu|Wicked Blow|p1a: Gastrodon\n|-crit|p1a: Gastrodon\n|-damage|p1a: Gastrodon|0 fnt\n|faint|p1a: Gastrodon\n|\n|upkeep\n|\n|t:|1700841296\n|switch|p1a: Iron Hands|Iron Hands, L50, shiny|100\/100\n|turn|11\n|\n|t:|1700841310\n|move|p2b: Urshifu|Protect|p2b: Urshifu\n|-singleturn|p2b: Urshifu|Protect\n|move|p1a: Iron Hands|Fake Out|p2b: Urshifu\n|-activate|p2b: Urshifu|move: Protect\n|move|p1b: Roaring Moon|Tailwind|p1b: Roaring Moon\n|-sidestart|p1: dcfghuijmhbg|move: Tailwind\n|\n|upkeep\n|turn|12\n|\n|t:|1700841323\n|move|p2b: Urshifu|Sucker Punch|p1b: Roaring Moon\n|-resisted|p1b: Roaring Moon\n|-damage|p1b: Roaring Moon|0 fnt\n|faint|p1b: Roaring Moon\n|-end|p1b: Roaring Moon|Protosynthesis|[silent]\n|move|p1a: Iron Hands|Drain Punch|p2b: Urshifu\n|-supereffective|p2b: Urshifu\n|-damage|p2b: Urshifu|18\/100\n|\n|upkeep\n|turn|13\n|\n|t:|1700841332\n|move|p2b: Urshifu|Protect|p2b: Urshifu\n|-singleturn|p2b: Urshifu|Protect\n|move|p1a: Iron Hands|Drain Punch|p2b: Urshifu\n|-activate|p2b: Urshifu|move: Protect\n|\n|upkeep\n|turn|14\n|\n|t:|1700841338\n|-terastallize|p2b: Urshifu|Dark\n|move|p2b: Urshifu|Wicked Blow|p1a: Iron Hands\n|-resisted|p1a: Iron Hands\n|-crit|p1a: Iron Hands\n|-damage|p1a: Iron Hands|73\/100\n|move|p1a: Iron Hands|Drain Punch|p2b: Urshifu\n|-supereffective|p2b: Urshifu\n|-damage|p2b: Urshifu|0 fnt\n|-heal|p1a: Iron Hands|79\/100|[from] drain|[of] p2b: Urshifu\n|faint|p2b: Urshifu\n|\n|win|dcfghuijmhbg\n|raw|dcfghuijmhbg's rating: 1120 &rarr; <strong>1139<\/strong><br \/>(+19 for winning)\n|raw|kirbistesting's rating: 1029 &rarr; <strong>1018<\/strong><br \/>(-11 for losing)\n|l|\u2606kirbistesting\n","uploadtime":1700841354,"views":12,"p1id":"dcfghuijmhbg","p2id":"kirbistesting","formatid":"gen9vgc2023regulatione","rating":1018,"private":0,"password":""}