{"id":"gen9vgc2023regulatione-1989635138","p1":"AndrewsWho","p2":"KaosCarter","format":"[Gen 9] VGC 2023 Regulation E","log":"|j|\u2606AndrewsWho\n|j|\u2606KaosCarter\n|n|\u2606AndrewsWho|andrewswho\n|n|\u2606KaosCarter|kaoscarter\n|html|View the match progress at <a href=\"\/game-bestof3-gen9vgc2023regulatione-1989635137\">game-bestof3-gen9vgc2023regulatione-1989635137<\/a>\n|t:|1699881530\n|gametype|doubles\n|player|p1|AndrewsWho|cynthia-gen4|\n|player|p2|KaosCarter|acetrainer-gen4dp|\n|teamsize|p1|6\n|teamsize|p2|6\n|gen|9\n|tier|[Gen 9] VGC 2023 Regulation E\n|rule|Species Clause: Limit one of each Pok\u00e9mon\n|rule|Item Clause: Limit one of each item\n|clearpoke\n|poke|p1|Rillaboom, L50, M|\n|poke|p1|Urshifu-*, L50, M|\n|poke|p1|Arcanine-Hisui, L50, M|\n|poke|p1|Kingambit, L50, F|\n|poke|p1|Roaring Moon, L50|\n|poke|p1|Flutter Mane, L50|\n|poke|p2|Heatran, L50, M|\n|poke|p2|Tornadus, L50, M|\n|poke|p2|Sneasler, L50, F|\n|poke|p2|Shiftry, L50, M|\n|poke|p2|Chi-Yu, L50|\n|poke|p2|Indeedee-F, L50, F|\n|teampreview|4\nAndrewsWho has agreed to open team sheets.\nKaosCarter has agreed to open team sheets.\n|showteam|p1|Rillaboom||AssaultVest|GrassySurge|GrassyGlide,FakeOut,WoodHammer,HighHorsepower|||M|||50|,,,,,Fire]Urshifu-Rapid-Strike||MysticWater|UnseenFist|SurgingStrikes,AquaJet,CloseCombat,Protect|||M|||50|,,,,,Water]Arcanine-Hisui||ChoiceBand|Intimidate|RockSlide,FlareBlitz,ExtremeSpeed,TeraBlast|||M|||50|,,,,,Fairy]Kingambit||BlackGlasses|Defiant|Protect,KowtowCleave,SuckerPunch,SwordsDance|||F|||50|,,,,,Dark]Roaring Moon||BoosterEnergy|Protosynthesis|Protect,Tailwind,KnockOff,Acrobatics||||||50|,,,,,Flying]Flutter Mane||ChoiceSpecs|Protosynthesis|Moonblast,DazzlingGleam,ShadowBall,PowerGem||||||50|,,,,,Fairy\n|showteam|p2|Heatran||SitrusBerry|FlashFire|Protect,HeatWave,EarthPower,FlashCannon|||M|||50|,,,,,Fairy]Tornadus||MentalHerb|Prankster|BleakwindStorm,Tailwind,SunnyDay,ScaryFace|||M|||50|,,,,,Ghost]Sneasler||ClearAmulet|PoisonTouch|Protect,DireClaw,CloseCombat,FakeOut|||F|||50|,,,,,Flying]Shiftry||FocusSash|WindRider|SuckerPunch,Reversal,LeafBlade,FakeOut|||M|||50|,,,,,Ghost]Chi-Yu||ChoiceSpecs|BeadsofRuin|HeatWave,Psychic,Overheat,DarkPulse||||||50|,,,,,Ghost]Indeedee-F||PsychicSeed|PsychicSurge|FollowMe,Psyshock,TrickRoom,Imprison|||F|||50|,,,,,Fairy\n|inactive|Battle timer is ON: inactive players will automatically lose when time's up. (requested by KaosCarter)\n|inactive|AndrewsWho has 60 seconds left.\n|inactive|KaosCarter has 60 seconds left.\n|\n|t:|1699881588\n|start\n|switch|p1a: Roaring Moon|Roaring Moon, L50|100\/100\n|switch|p1b: Arcanine|Arcanine-Hisui, L50, M|100\/100\n|switch|p2a: Sneasler|Sneasler, L50, F|100\/100\n|switch|p2b: Tornadus|Tornadus, L50, M|100\/100\n|-ability|p1b: Arcanine|Intimidate|boost\n|-fail|p2a: Sneasler|unboost|[from] item: Clear Amulet|[of] p2a: Sneasler\n|-unboost|p2b: Tornadus|atk|1\n|-enditem|p1a: Roaring Moon|Booster Energy\n|-activate|p1a: Roaring Moon|ability: Protosynthesis|[fromitem]\n|-start|p1a: Roaring Moon|protosynthesisspe\n|turn|1\n|inactive|AndrewsWho has 30 seconds left.\n|inactive|KaosCarter has 30 seconds left.\n|inactive|KaosCarter has 20 seconds left.\n|inactive|KaosCarter has 15 seconds left.\n|inactive|KaosCarter has 10 seconds left.\n|\n|t:|1699881634\n|switch|p1b: Urshifu|Urshifu-Rapid-Strike, L50, M|100\/100\n|-terastallize|p1a: Roaring Moon|Flying\n|move|p2a: Sneasler|Fake Out|p1b: Urshifu\n|-damage|p1b: Urshifu|86\/100\n|move|p2b: Tornadus|Tailwind|p2b: Tornadus\n|-sidestart|p2: KaosCarter|move: Tailwind\n|move|p1a: Roaring Moon|Acrobatics|p2a: Sneasler\n|-supereffective|p2a: Sneasler\n|-damage|p2a: Sneasler|0 fnt\n|faint|p2a: Sneasler\n|\n|upkeep\n|\n|t:|1699881651\n|switch|p2a: Heatran|Heatran, L50, M|100\/100\n|turn|2\n|\n|t:|1699881662\n|-terastallize|p2a: Heatran|Fairy\n|move|p1b: Urshifu|Protect|p1b: Urshifu\n|-singleturn|p1b: Urshifu|Protect\n|move|p2b: Tornadus|Sunny Day|p2b: Tornadus\n|-weather|SunnyDay\n|move|p1a: Roaring Moon|Tailwind|p1a: Roaring Moon\n|-sidestart|p1: AndrewsWho|move: Tailwind\n|move|p2a: Heatran|Heat Wave|p1a: Roaring Moon|[spread] p1a\n|-activate|p1b: Urshifu|move: Protect\n|-damage|p1a: Roaring Moon|38\/100\n|\n|-weather|SunnyDay|[upkeep]\n|upkeep\n|turn|3\n|inactive|KaosCarter has 30 seconds left.\n|\n|t:|1699881688\n|move|p1a: Roaring Moon|Acrobatics|p2a: Heatran\n|-damage|p2a: Heatran|48\/100\n|-enditem|p2a: Heatran|Sitrus Berry|[eat]\n|-heal|p2a: Heatran|73\/100|[from] item: Sitrus Berry\n|move|p2b: Tornadus|Bleakwind Storm|p1a: Roaring Moon|[spread] p1b\n|-miss|p2b: Tornadus|p1a: Roaring Moon\n|-supereffective|p1b: Urshifu\n|-damage|p1b: Urshifu|0 fnt\n|faint|p1b: Urshifu\n|move|p2a: Heatran|Heat Wave|p1a: Roaring Moon\n|-damage|p1a: Roaring Moon|0 fnt\n|faint|p1a: Roaring Moon\n|-end|p1a: Roaring Moon|Protosynthesis|[silent]\n|\n|-weather|SunnyDay|[upkeep]\n|upkeep\n|\n|t:|1699881696\n|switch|p1a: Arcanine|Arcanine-Hisui, L50, M|100\/100\n|switch|p1b: Rillaboom|Rillaboom, L50, M|100\/100\n|-ability|p1a: Arcanine|Intimidate|boost\n|-unboost|p2a: Heatran|atk|1\n|-unboost|p2b: Tornadus|atk|1\n|-fieldstart|move: Grassy Terrain|[from] ability: Grassy Surge|[of] p1b: Rillaboom\n|turn|4\n|\n|t:|1699881714\n|switch|p2b: Indeedee|Indeedee-F, L50, F|100\/100\n|-fieldstart|move: Psychic Terrain|[from] ability: Psychic Surge|[of] p2b: Indeedee\n|-enditem|p2b: Indeedee|Psychic Seed\n|-boost|p2b: Indeedee|spd|1|[from] item: Psychic Seed\n|move|p2a: Heatran|Protect|p2a: Heatran\n|-singleturn|p2a: Heatran|Protect\n|move|p1b: Rillaboom|Fake Out|p2a: Heatran\n|-activate|p2a: Heatran|move: Psychic Terrain\n|move|p1a: Arcanine|Rock Slide|p2b: Indeedee|[spread] p2b\n|-activate|p2a: Heatran|move: Protect\n|-damage|p2b: Indeedee|43\/100\n|\n|-weather|SunnyDay|[upkeep]\n|-sideend|p2: KaosCarter|move: Tailwind\n|upkeep\n|turn|5\n|\n|t:|1699881737\n|move|p2b: Indeedee|Follow Me|p2b: Indeedee\n|-singleturn|p2b: Indeedee|move: Follow Me\n|move|p1a: Arcanine|Rock Slide|p2a: Heatran|[spread] p2a,p2b\n|-damage|p2a: Heatran|34\/100\n|-damage|p2b: Indeedee|0 fnt\n|faint|p2b: Indeedee\n|move|p1b: Rillaboom|Wood Hammer|p2a: Heatran\n|-damage|p2a: Heatran|0 fnt\n|faint|p2a: Heatran\n|-damage|p1b: Rillaboom|90\/100|[from] Recoil\n|\n|-weather|SunnyDay|[upkeep]\n|-sideend|p1: AndrewsWho|move: Tailwind\n|upkeep\n|\n|t:|1699881751\n|switch|p2b: Tornadus|Tornadus, L50, M|100\/100\n|turn|6\n|\n|t:|1699881757\n|move|p2b: Tornadus|Bleakwind Storm|p1a: Arcanine|[spread] p1a\n|-miss|p2b: Tornadus|p1b: Rillaboom\n|-resisted|p1a: Arcanine\n|-damage|p1a: Arcanine|79\/100\n|move|p1a: Arcanine|Rock Slide|p2b: Tornadus\n|-supereffective|p2b: Tornadus\n|-damage|p2b: Tornadus|0 fnt\n|faint|p2b: Tornadus\n|\n|win|AndrewsWho\n|c|&|\/uhtml prompt-kaoscarter,KaosCarter is ready for game 2!\n|c|&|\/uhtml prompt-andrewswho,AndrewsWho is ready for game 2!\nBoth players are ready! Starting next match!\n|l|\u2606KaosCarter\n","uploadtime":1699881901,"views":26,"p1id":"andrewswho","p2id":"kaoscarter","formatid":"gen9vgc2023regulatione","rating":0,"private":0,"password":""}