{"id":"gen9vgc2023regulatione-1989983225","p1":"kochung","p2":"CharlienoB","format":"[Gen 9] VGC 2023 Regulation E","log":"|j|\u2606kochung\n|j|\u2606CharlienoB\n|t:|1699912457\n|gametype|doubles\n|player|p1|kochung|169|1033\n|player|p2|CharlienoB|2|1132\n|teamsize|p1|6\n|teamsize|p2|6\n|gen|9\n|tier|[Gen 9] VGC 2023 Regulation E\n|rated|\n|rule|Species Clause: Limit one of each Pok\u00e9mon\n|rule|Item Clause: Limit one of each item\n|clearpoke\n|poke|p1|Glimmora, L50, M|\n|poke|p1|Gholdengo, L50|\n|poke|p1|Amoonguss, L50, M|\n|poke|p1|Arcanine-Hisui, L50, M|\n|poke|p1|Ogerpon-Wellspring, L50, F|\n|poke|p1|Dragonite, L50, M|\n|poke|p2|Espathra, L50, M|\n|poke|p2|Empoleon, L50, F|\n|poke|p2|Chi-Yu, L50|\n|poke|p2|Sableye, L50, M|\n|poke|p2|Ogerpon-Cornerstone, L50, F|\n|poke|p2|Landorus-Therian, L50, M|\n|teampreview|4\n|l|\u2606CharlienoB\n|player|p2|\n|j|\u2606CharlienoB\n|player|p2|CharlienoB|2\n|inactive|Battle timer is ON: inactive players will automatically lose when time's up. (requested by kochung)\n|\n|t:|1699912530\n|start\n|switch|p1a: Glimmora|Glimmora, L50, M|100\/100\n|switch|p1b: Gholdengo|Gholdengo, L50|100\/100\n|switch|p2a: Sableye|Sableye, L50, M|100\/100\n|switch|p2b: Espathra|Espathra, L50, M|100\/100\n|turn|1\n|\n|t:|1699912552\n|move|p2a: Sableye|Light Screen|p2a: Sableye\n|-sidestart|p2: CharlienoB|move: Light Screen\n|move|p1a: Glimmora|Mortal Spin|p2a: Sableye|[spread] p2a,p2b\n|-resisted|p2a: Sableye\n|-damage|p2a: Sableye|98\/100\n|-damage|p2b: Espathra|96\/100\n|-status|p2a: Sableye|psn\n|-status|p2b: Espathra|psn\n|move|p1b: Gholdengo|Shadow Ball|p2b: Espathra\n|-supereffective|p2b: Espathra\n|-damage|p2b: Espathra|0 fnt\n|faint|p2b: Espathra\n|\n|-damage|p2a: Sableye|86\/100 psn|[from] psn\n|upkeep\n|\n|t:|1699912567\n|switch|p2b: Chi-Yu|Chi-Yu, L50|100\/100\n|-ability|p2b: Chi-Yu|Beads of Ruin\n|turn|2\n|\n|t:|1699912588\n|switch|p1b: Ogerpon|Ogerpon-Wellspring, L50, F|100\/100\n|-terastallize|p2b: Chi-Yu|Water\n|move|p2a: Sableye|Sucker Punch||[still]\n|-fail|p2a: Sableye\n|move|p1a: Glimmora|Earth Power|p2b: Chi-Yu\n|-damage|p2b: Chi-Yu|85\/100\n|move|p2b: Chi-Yu|Nasty Plot|p2b: Chi-Yu\n|-boost|p2b: Chi-Yu|spa|2\n|\n|-heal|p2b: Chi-Yu|91\/100|[from] item: Leftovers\n|-damage|p2a: Sableye|74\/100 psn|[from] psn\n|upkeep\n|turn|3\n|inactive|kochung has 30 seconds left.\n|\n|t:|1699912621\n|move|p2b: Chi-Yu|Protect|p2b: Chi-Yu\n|-singleturn|p2b: Chi-Yu|Protect\n|move|p2a: Sableye|Reflect|p2a: Sableye\n|-sidestart|p2: CharlienoB|Reflect\n|move|p1b: Ogerpon|Giga Drain|p2b: Chi-Yu\n|-activate|p2b: Chi-Yu|move: Protect\n|move|p1a: Glimmora|Mortal Spin|p2a: Sableye|[spread] p2a\n|-activate|p2b: Chi-Yu|move: Protect\n|-resisted|p2a: Sableye\n|-damage|p2a: Sableye|72\/100 psn\n|\n|-heal|p2b: Chi-Yu|97\/100|[from] item: Leftovers\n|-damage|p2a: Sableye|60\/100 psn|[from] psn\n|upkeep\n|turn|4\n|\n|t:|1699912644\n|move|p2a: Sableye|Sucker Punch|p1b: Ogerpon\n|-damage|p1b: Ogerpon|70\/100\n|move|p1b: Ogerpon|Giga Drain|p2b: Chi-Yu\n|-supereffective|p2b: Chi-Yu\n|-damage|p2b: Chi-Yu|70\/100\n|-heal|p1b: Ogerpon|84\/100|[from] drain|[of] p2b: Chi-Yu\n|move|p1a: Glimmora|Earth Power|p2b: Chi-Yu\n|-damage|p2b: Chi-Yu|54\/100\n|move|p2b: Chi-Yu|Dark Pulse|p1a: Glimmora\n|-enditem|p1a: Glimmora|Focus Sash\n|-damage|p1a: Glimmora|1\/100\n|\n|-heal|p2b: Chi-Yu|60\/100|[from] item: Leftovers\n|-damage|p2a: Sableye|48\/100 psn|[from] psn\n|upkeep\n|turn|5\n|inactive|kochung has 30 seconds left.\n|inactive|CharlienoB has 30 seconds left.\n|\n|t:|1699912676\n|move|p2a: Sableye|Sucker Punch|p1b: Ogerpon\n|-damage|p1b: Ogerpon|57\/100\n|move|p1b: Ogerpon|Giga Drain|p2b: Chi-Yu\n|-supereffective|p2b: Chi-Yu\n|-damage|p2b: Chi-Yu|33\/100\n|-heal|p1b: Ogerpon|71\/100|[from] drain|[of] p2b: Chi-Yu\n|move|p1a: Glimmora|Light Screen|p1a: Glimmora\n|-sidestart|p1: kochung|move: Light Screen\n|move|p2b: Chi-Yu|Dark Pulse|p1b: Ogerpon\n|-damage|p1b: Ogerpon|0 fnt\n|faint|p1b: Ogerpon\n|\n|-heal|p2b: Chi-Yu|39\/100|[from] item: Leftovers\n|-damage|p2a: Sableye|36\/100 psn|[from] psn\n|upkeep\n|\n|t:|1699912699\n|switch|p1b: Amoonguss|Amoonguss, L50, M|100\/100\n|turn|6\n|\n|t:|1699912708\n|move|p2a: Sableye|Sucker Punch|p1a: Glimmora\n|-crit|p1a: Glimmora\n|-damage|p1a: Glimmora|0 fnt\n|-activate|p1a: Glimmora|ability: Toxic Debris\n|-sidestart|p2: CharlienoB|move: Toxic Spikes\n|faint|p1a: Glimmora\n|move|p2b: Chi-Yu|Heat Wave|p1b: Amoonguss\n|-supereffective|p1b: Amoonguss\n|-damage|p1b: Amoonguss|0 fnt\n|faint|p1b: Amoonguss\n|\n|-heal|p2b: Chi-Yu|45\/100|[from] item: Leftovers\n|-damage|p2a: Sableye|23\/100 psn|[from] psn\n|upkeep\n|\n|t:|1699912728\n|switch|p1a: Gholdengo|Gholdengo, L50|100\/100\n|turn|7\n|\n|t:|1699912742\n|-terastallize|p1a: Gholdengo|Dragon\n|move|p2a: Sableye|Sucker Punch|p1a: Gholdengo\n|-damage|p1a: Gholdengo|76\/100\n|move|p1a: Gholdengo|Make It Rain|p2b: Chi-Yu|[spread] p2a,p2b\n|-resisted|p2b: Chi-Yu\n|-damage|p2a: Sableye|0 fnt\n|-damage|p2b: Chi-Yu|23\/100\n|-unboost|p1a: Gholdengo|spa|1\n|faint|p2a: Sableye\n|move|p2b: Chi-Yu|Dark Pulse|p1a: Gholdengo\n|-damage|p1a: Gholdengo|0 fnt\n|faint|p1a: Gholdengo\n|\n|win|CharlienoB\n|raw|kochung's rating: 1033 &rarr; <strong>1022<\/strong><br \/>(-11 for losing)\n|raw|CharlienoB's rating: 1132 &rarr; <strong>1150<\/strong><br \/>(+18 for winning)\n","uploadtime":1699912746,"views":15,"p1id":"kochung","p2id":"charlienob","formatid":"gen9vgc2023regulatione","rating":1022,"private":0,"password":""}