{"id":"gen9vgc2023regulatione-1992178346","p1":"SinnRay","p2":"HangryMunchlax","format":"[Gen 9] VGC 2023 Regulation E","log":"|j|\u2606SinnRay\n|j|\u2606HangryMunchlax\n|n|\u2606SinnRay|sinnray\n|n|\u2606HangryMunchlax|hangrymunchlax\n|html|View the match progress at <a href=\"\/game-bestof3-gen9vgc2023regulatione-1992172572\">game-bestof3-gen9vgc2023regulatione-1992172572<\/a>\n|t:|1700161492\n|gametype|doubles\n|player|p1|SinnRay|2|\n|player|p2|HangryMunchlax|101|\n|teamsize|p1|6\n|teamsize|p2|6\n|gen|9\n|tier|[Gen 9] VGC 2023 Regulation E\n|rule|Species Clause: Limit one of each Pok\u00e9mon\n|rule|Item Clause: Limit one of each item\n|clearpoke\n|poke|p1|Gholdengo, L50|\n|poke|p1|Iron Hands, L50|\n|poke|p1|Amoonguss, L50, M|\n|poke|p1|Iron Bundle, L50|\n|poke|p1|Pelipper, L50, M|\n|poke|p1|Salamence, L50, M|\n|poke|p2|Landorus-Therian, L50, M|\n|poke|p2|Ogerpon-Hearthflame, L50, F|\n|poke|p2|Flutter Mane, L50|\n|poke|p2|Tornadus, L50, M|\n|poke|p2|Urshifu-*, L50, M|\n|poke|p2|Iron Hands, L50|\n|teampreview|4\n|\n|t:|1700161544\n|start\n|switch|p1a: Salamence|Salamence, L50, M|100\/100\n|switch|p1b: Gholdengo|Gholdengo, L50|100\/100\n|switch|p2a: Tornadus|Tornadus, L50, M|100\/100\n|switch|p2b: Landorus|Landorus-Therian, L50, M|100\/100\n|-ability|p1a: Salamence|Intimidate|boost\n|-unboost|p2a: Tornadus|atk|1\n|-unboost|p2b: Landorus|atk|1\n|-ability|p2b: Landorus|Intimidate|boost\n|-unboost|p1a: Salamence|atk|1\n|-unboost|p1b: Gholdengo|atk|1\n|turn|1\n|\n|t:|1700161585\n|switch|p1b: Pelipper|Pelipper, L50, M|100\/100\n|-weather|RainDance|[from] ability: Drizzle|[of] p1b: Pelipper\n|move|p2a: Tornadus|Tailwind|p2a: Tornadus\n|-sidestart|p2: HangryMunchlax|move: Tailwind\n|move|p2b: Landorus|U-turn|p1b: Pelipper\n|-resisted|p1b: Pelipper\n|-damage|p1b: Pelipper|89\/100\n|\n|t:|1700161595\n|switch|p2b: Iron Hands|Iron Hands, L50|100\/100|[from] U-turn\n|move|p1a: Salamence|Tailwind|p1a: Salamence\n|-sidestart|p1: SinnRay|move: Tailwind\n|\n|-weather|RainDance|[upkeep]\n|upkeep\n|turn|2\n|\n|t:|1700161617\n|switch|p1a: Iron Hands|Iron Hands, L50|100\/100\n|move|p1b: Pelipper|Protect|p1b: Pelipper\n|-singleturn|p1b: Pelipper|Protect\n|move|p2a: Tornadus|Bleakwind Storm|p1a: Iron Hands|[spread] p1a\n|-activate|p1b: Pelipper|move: Protect\n|-damage|p1a: Iron Hands|82\/100\n|move|p2b: Iron Hands|Wild Charge|p1b: Pelipper\n|-activate|p1b: Pelipper|move: Protect\n|\n|-weather|RainDance|[upkeep]\n|upkeep\n|turn|3\n|\n|t:|1700161656\n|-end|p2b: Iron Hands|Quark Drive|[silent]\n|switch|p2b: Flutter Mane|Flutter Mane, L50|100\/100\n|-enditem|p2b: Flutter Mane|Booster Energy\n|-activate|p2b: Flutter Mane|ability: Protosynthesis|[fromitem]\n|-start|p2b: Flutter Mane|protosynthesisspe\n|move|p2a: Tornadus|Protect|p2a: Tornadus\n|-singleturn|p2a: Tornadus|Protect\n|move|p1a: Iron Hands|Fake Out|p2b: Flutter Mane\n|-immune|p2b: Flutter Mane\n|move|p1b: Pelipper|Hurricane|p2a: Tornadus\n|-activate|p2a: Tornadus|move: Protect\n|\n|-weather|RainDance|[upkeep]\n|upkeep\n|turn|4\n|\n|t:|1700161680\n|-terastallize|p2b: Flutter Mane|Fairy\n|move|p1b: Pelipper|Wide Guard|p1b: Pelipper\n|-singleturn|p1b: Pelipper|Wide Guard\n|move|p2b: Flutter Mane|Dazzling Gleam|p1b: Pelipper|[spread] \n|-activate|p1a: Iron Hands|move: Wide Guard\n|-activate|p1b: Pelipper|move: Wide Guard\n|move|p2a: Tornadus|Bleakwind Storm|p1a: Iron Hands|[spread] \n|-activate|p1a: Iron Hands|move: Wide Guard\n|-activate|p1b: Pelipper|move: Wide Guard\n|move|p1a: Iron Hands|Heavy Slam|p2b: Flutter Mane\n|-supereffective|p2b: Flutter Mane\n|-damage|p2b: Flutter Mane|0 fnt\n|faint|p2b: Flutter Mane\n|-end|p2b: Flutter Mane|Protosynthesis|[silent]\n|\n|-weather|RainDance|[upkeep]\n|-sideend|p2: HangryMunchlax|move: Tailwind\n|-sideend|p1: SinnRay|move: Tailwind\n|upkeep\n|c|\u2606HangryMunchlax|...\n|c|\u2606SinnRay|hehe\n|c|\u2606HangryMunchlax|...\n|c|\u2606HangryMunchlax|gg\n|\n|t:|1700161707\n|switch|p2b: Iron Hands|Iron Hands, L50|100\/100\n|turn|5\n|\n|t:|1700161725\n|move|p1b: Pelipper|Protect||[still]\n|-fail|p1b: Pelipper\n|move|p2a: Tornadus|Bleakwind Storm|p1b: Pelipper|[spread] p1a,p1b\n|-damage|p1a: Iron Hands|64\/100\n|-damage|p1b: Pelipper|30\/100\n|move|p2b: Iron Hands|Wild Charge|p1b: Pelipper\n|-supereffective|p1b: Pelipper\n|-damage|p1b: Pelipper|0 fnt\n|faint|p1b: Pelipper\n|-damage|p2b: Iron Hands|96\/100|[from] Recoil\n|move|p1a: Iron Hands|Wild Charge|p2a: Tornadus\n|-supereffective|p2a: Tornadus\n|-damage|p2a: Tornadus|0 fnt\n|faint|p2a: Tornadus\n|-damage|p1a: Iron Hands|44\/100|[from] Recoil\n|\n|-weather|none\n|upkeep\n|\n|t:|1700161741\n|switch|p2a: Landorus|Landorus-Therian, L50, M|100\/100\n|switch|p1b: Gholdengo|Gholdengo, L50|100\/100\n|-ability|p2a: Landorus|Intimidate|boost\n|-unboost|p1a: Iron Hands|atk|1\n|-unboost|p1b: Gholdengo|atk|1\n|turn|6\n|\n|t:|1700161771\n|-end|p1a: Iron Hands|Quark Drive|[silent]\n|switch|p1a: Salamence|Salamence, L50, M|100\/100\n|-ability|p1a: Salamence|Intimidate|boost\n|-unboost|p2a: Landorus|atk|1\n|-unboost|p2b: Iron Hands|atk|1\n|-terastallize|p1b: Gholdengo|Dragon\n|move|p2a: Landorus|Rock Slide|p1b: Gholdengo|[spread] p1a,p1b\n|-supereffective|p1a: Salamence\n|-damage|p1a: Salamence|66\/100\n|-damage|p1b: Gholdengo|87\/100\n|move|p1b: Gholdengo|Nasty Plot|p1b: Gholdengo\n|-boost|p1b: Gholdengo|spa|2\n|move|p2b: Iron Hands|Drain Punch|p1b: Gholdengo\n|-damage|p1b: Gholdengo|58\/100\n|-heal|p2b: Iron Hands|100\/100|[from] drain|[of] p1b: Gholdengo\n|\n|-heal|p1b: Gholdengo|64\/100|[from] item: Leftovers\n|upkeep\n|turn|7\n|\n|t:|1700161795\n|move|p1a: Salamence|Tailwind|p1a: Salamence\n|-sidestart|p1: SinnRay|move: Tailwind\n|move|p1b: Gholdengo|Shadow Ball|p2a: Landorus\n|-damage|p2a: Landorus|1\/100\n|move|p2a: Landorus|Rock Slide|p1a: Salamence|[spread] p1a,p1b\n|-supereffective|p1a: Salamence\n|-damage|p1a: Salamence|31\/100\n|-damage|p1b: Gholdengo|49\/100\n|move|p2b: Iron Hands|Wild Charge|p1a: Salamence\n|-damage|p1a: Salamence|0 fnt\n|faint|p1a: Salamence\n|-damage|p2b: Iron Hands|95\/100|[from] Recoil\n|\n|-heal|p1b: Gholdengo|55\/100|[from] item: Leftovers\n|upkeep\n|\n|t:|1700161809\n|switch|p1a: Iron Hands|Iron Hands, L50|44\/100\n|turn|8\n|\n|t:|1700161828\n|move|p1a: Iron Hands|Fake Out|p2a: Landorus\n|-damage|p2a: Landorus|0 fnt\n|faint|p2a: Landorus\n|move|p1b: Gholdengo|Shadow Ball|p2b: Iron Hands\n|-damage|p2b: Iron Hands|35\/100\n|-unboost|p2b: Iron Hands|spd|1\n|move|p2b: Iron Hands|Drain Punch|p1a: Iron Hands\n|-damage|p1a: Iron Hands|25\/100\n|-heal|p2b: Iron Hands|45\/100|[from] drain|[of] p1a: Iron Hands\n|\n|-heal|p1b: Gholdengo|61\/100|[from] item: Leftovers\n|upkeep\n|turn|9\n|\n|t:|1700161842\n|move|p1b: Gholdengo|Shadow Ball|p2b: Iron Hands\n|-damage|p2b: Iron Hands|0 fnt\n|faint|p2b: Iron Hands\n|-end|p2b: Iron Hands|Quark Drive|[silent]\n|\n|win|SinnRay\n|c|\u2606SinnRay|gg\n|c|\u2606HangryMunchlax|gg\n|l|\u2606HangryMunchlax\n","uploadtime":1700162481,"views":19,"p1id":"sinnray","p2id":"hangrymunchlax","formatid":"gen9vgc2023regulatione","rating":0,"private":0,"password":""}