{"id":"gen9vgc2023regulatione-2000098641","p1":"Spicy Cigar","p2":"zhz2021","format":"[Gen 9] VGC 2023 Regulation E","log":"|j|\u2606Spicy Cigar\n|j|\u2606zhz2021\n|t:|1701154490\n|gametype|doubles\n|player|p1|Spicy Cigar|169|1477\n|player|p2|zhz2021|marley|1599\n|teamsize|p1|6\n|teamsize|p2|6\n|gen|9\n|tier|[Gen 9] VGC 2023 Regulation E\n|rated|\n|rule|Species Clause: Limit one of each Pok\u00e9mon\n|rule|Item Clause: Limit one of each item\n|clearpoke\n|poke|p1|Empoleon, L50, M|\n|poke|p1|Rillaboom, L50, F|\n|poke|p1|Arcanine-Hisui, L50, F|\n|poke|p1|Illumise, L50, F|\n|poke|p1|Farigiraf, L50, F|\n|poke|p1|Moltres-Galar, L50|\n|poke|p2|Weezing-Galar, L50, F|\n|poke|p2|Flutter Mane, L50|\n|poke|p2|Roaring Moon, L50|\n|poke|p2|Iron Hands, L50|\n|poke|p2|Brambleghast, L50, F|\n|poke|p2|Dragonite, L50, F|\n|teampreview|4\n|l|\u2606Spicy Cigar\n|player|p1|\n|j|\u2606Spicy Cigar\n|player|p1|Spicy Cigar|169\n|inactive|Battle timer is ON: inactive players will automatically lose when time's up. (requested by zhz2021)\n|\n|t:|1701154544\n|start\n|switch|p1a: Empoleon|Empoleon, L50, M|100\/100\n|switch|p1b: Farigiraf|Farigiraf, L50, F, shiny|100\/100\n|switch|p2a: Silent Sun|Roaring Moon, L50|100\/100\n|switch|p2b: Gladsraeli|Weezing-Galar, L50, F|100\/100\n|-ability|p2b: Gladsraeli|Neutralizing Gas\n|-enditem|p2a: Silent Sun|Booster Energy\n|-activate|p2a: Silent Sun|ability: Protosynthesis|[fromitem]\n|-start|p2a: Silent Sun|protosynthesisspe\n|turn|1\n|inactive|zhz2021 has 30 seconds left.\n|\n|t:|1701154574\n|-terastallize|p1b: Farigiraf|Fairy\n|move|p1a: Empoleon|Vacuum Wave|p2a: Silent Sun\n|-supereffective|p2a: Silent Sun\n|-damage|p2a: Silent Sun|76\/100\n|move|p2a: Silent Sun|Knock Off|p1b: Farigiraf\n|-resisted|p1b: Farigiraf\n|-damage|p1b: Farigiraf|77\/100\n|-damage|p2a: Silent Sun|59\/100|[from] item: Rocky Helmet|[of] p1b: Farigiraf\n|-enditem|p1b: Farigiraf|Rocky Helmet|[from] move: Knock Off|[of] p2a: Silent Sun\n|move|p2b: Gladsraeli|Taunt|p1b: Farigiraf\n|-start|p1b: Farigiraf|move: Taunt\n|cant|p1b: Farigiraf|move: Taunt|Trick Room\n|\n|upkeep\n|turn|2\n|\n|t:|1701154592\n|move|p2a: Silent Sun|Tailwind|p2a: Silent Sun\n|-sidestart|p2: zhz2021|move: Tailwind\n|move|p2b: Gladsraeli|Taunt|p1a: Empoleon\n|-start|p1a: Empoleon|move: Taunt\n|move|p1a: Empoleon|Flash Cannon|p2b: Gladsraeli\n|-supereffective|p2b: Gladsraeli\n|-damage|p2b: Gladsraeli|0 fnt\n|faint|p2b: Gladsraeli\n|-end|p2b: Gladsraeli|ability: Neutralizing Gas\n|move|p1b: Farigiraf|Dazzling Gleam|p2a: Silent Sun\n|-supereffective|p2a: Silent Sun\n|-damage|p2a: Silent Sun|0 fnt\n|faint|p2a: Silent Sun\n|-end|p2a: Silent Sun|Protosynthesis|[silent]\n|\n|upkeep\n|\n|t:|1701154604\n|switch|p2a: \u30e1\u30b9\u30ac\u30ad|Flutter Mane, L50|100\/100\n|switch|p2b: \u304a\u306b\u304e\u308a|Iron Hands, L50|100\/100\n|turn|3\n|\n|t:|1701154619\n|switch|p1a: Arcanine|Arcanine-Hisui, L50, F|100\/100\n|-ability|p1a: Arcanine|Intimidate|boost\n|-unboost|p2a: \u30e1\u30b9\u30ac\u30ad|atk|1\n|-unboost|p2b: \u304a\u306b\u304e\u308a|atk|1\n|-terastallize|p2b: \u304a\u306b\u304e\u308a|Grass\n|move|p2a: \u30e1\u30b9\u30ac\u30ad|Shadow Ball|p1a: Arcanine\n|-damage|p1a: Arcanine|26\/100\n|move|p2b: \u304a\u306b\u304e\u308a|Drain Punch|p1a: Arcanine\n|-supereffective|p1a: Arcanine\n|-damage|p1a: Arcanine|0 fnt\n|faint|p1a: Arcanine\n|move|p1b: Farigiraf|Psychic|p2b: \u304a\u306b\u304e\u308a\n|-damage|p2b: \u304a\u306b\u304e\u308a|61\/100\n|\n|-end|p1b: Farigiraf|move: Taunt\n|upkeep\n|\n|t:|1701154633\n|switch|p1a: Empoleon|Empoleon, L50, M|100\/100\n|turn|4\n|\n|t:|1701154656\n|move|p2a: \u30e1\u30b9\u30ac\u30ad|Shadow Ball|p1a: Empoleon\n|-damage|p1a: Empoleon|63\/100\n|move|p2b: \u304a\u306b\u304e\u308a|Drain Punch|p1a: Empoleon\n|-supereffective|p1a: Empoleon\n|-damage|p1a: Empoleon|4\/100\n|-heal|p2b: \u304a\u306b\u304e\u308a|84\/100|[from] drain|[of] p1a: Empoleon\n|move|p1a: Empoleon|Ice Beam|p2b: \u304a\u306b\u304e\u308a\n|-supereffective|p2b: \u304a\u306b\u304e\u308a\n|-damage|p2b: \u304a\u306b\u304e\u308a|23\/100\n|move|p1b: Farigiraf|Trick Room|p1b: Farigiraf\n|-fieldstart|move: Trick Room|[of] p1b: Farigiraf\n|\n|upkeep\n|turn|5\n|inactive|zhz2021 has 30 seconds left.\n|\n|t:|1701154685\n|move|p1b: Farigiraf|Psychic|p2b: \u304a\u306b\u304e\u308a\n|-damage|p2b: \u304a\u306b\u304e\u308a|0 fnt\n|faint|p2b: \u304a\u306b\u304e\u308a\n|-end|p2b: \u304a\u306b\u304e\u308a|Quark Drive|[silent]\n|move|p1a: Empoleon|Flash Cannon|p2a: \u30e1\u30b9\u30ac\u30ad\n|-supereffective|p2a: \u30e1\u30b9\u30ac\u30ad\n|-damage|p2a: \u30e1\u30b9\u30ac\u30ad|7\/100\n|move|p2a: \u30e1\u30b9\u30ac\u30ad|Shadow Ball|p1a: Empoleon\n|-damage|p1a: Empoleon|0 fnt\n|faint|p1a: Empoleon\n|\n|-sideend|p2: zhz2021|move: Tailwind\n|upkeep\n|-message|zhz2021 forfeited.\n|\n|win|Spicy Cigar\n|raw|Spicy Cigar's rating: 1477 &rarr; <strong>1504<\/strong><br \/>(+27 for winning)\n|raw|zhz2021's rating: 1599 &rarr; <strong>1572<\/strong><br \/>(-27 for losing)\n|l|\u2606zhz2021\n|c|\u2606Spicy Cigar|Gg\n","uploadtime":1701154706,"views":2,"p1id":"spicycigar","p2id":"zhz2021","formatid":"gen9vgc2023regulatione","rating":1504,"private":0,"password":""}