{"id":"gen9vgc2023regulatione-1999311158","p1":"Aquarsene","p2":"hunter16k","format":"[Gen 9] VGC 2023 Regulation E","log":"|j|\u2606Aquarsene\n|j|\u2606hunter16k\n|n|\u2606Aquarsene|aquarsene\n|n|\u2606hunter16k|hunter16k\n|html|View the match progress at <a href=\"\/game-bestof3-gen9vgc2023regulatione-1999311157\">game-bestof3-gen9vgc2023regulatione-1999311157<\/a>\n|t:|1701058517\n|gametype|doubles\n|player|p1|Aquarsene|2|\n|player|p2|hunter16k|skyla|\n|teamsize|p1|6\n|teamsize|p2|6\n|gen|9\n|tier|[Gen 9] VGC 2023 Regulation E\n|rule|Species Clause: Limit one of each Pok\u00e9mon\n|rule|Item Clause: Limit one of each item\n|clearpoke\n|poke|p1|Murkrow, L50, F|\n|poke|p1|Great Tusk, L50|\n|poke|p1|Slowking, L50, F|\n|poke|p1|Hydreigon, L50, M|\n|poke|p1|Ninetales-Alola, L50, F|\n|poke|p1|Articuno, L50|\n|poke|p2|Cinderace, L50, M|\n|poke|p2|Weavile, L50, M|\n|poke|p2|Milotic, L50, F|\n|poke|p2|Regieleki, L50|\n|poke|p2|Scizor, L50, F|\n|poke|p2|Iron Treads, L50|\n|teampreview|4\n|j| SCRUMPTIOUSBREAD\n|j| Daniel1018\n|c| Daniel1018|glhf\n|c|\u2606Aquarsene|glhf :)\n|\n|t:|1701058593\n|start\n|switch|p1a: Great Tusk|Great Tusk, L50|100\/100\n|switch|p1b: Murkrow|Murkrow, L50, F|100\/100\n|switch|p2a: Forgor|Milotic, L50, F|100\/100\n|switch|p2b: Nicknames|Scizor, L50, F, shiny|100\/100\n|turn|1\n|c|\u2606hunter16k|glhf\n|\n|t:|1701058615\n|move|p1b: Murkrow|Tailwind|p1b: Murkrow\n|-sidestart|p1: Aquarsene|move: Tailwind\n|move|p1a: Great Tusk|Earthquake|p2a: Forgor|[spread] p2a,p2b\n|-immune|p1b: Murkrow\n|-damage|p2a: Forgor|65\/100\n|-damage|p2b: Nicknames|62\/100\n|move|p2a: Forgor|Icy Wind|p1a: Great Tusk|[spread] p1a,p1b\n|-supereffective|p1a: Great Tusk\n|-supereffective|p1b: Murkrow\n|-damage|p1a: Great Tusk|78\/100\n|-damage|p1b: Murkrow|78\/100\n|-unboost|p1a: Great Tusk|spe|1\n|-unboost|p1b: Murkrow|spe|1\n|move|p2b: Nicknames|Dual Wingbeat|p1a: Great Tusk\n|-supereffective|p1a: Great Tusk\n|-damage|p1a: Great Tusk|57\/100\n|-supereffective|p1a: Great Tusk\n|-damage|p1a: Great Tusk|37\/100\n|-hitcount|p1a: Great Tusk|2\n|\n|-heal|p2a: Forgor|71\/100|[from] item: Leftovers\n|upkeep\n|turn|2\n|\n|t:|1701058648\n|move|p1b: Murkrow|Haze|p1b: Murkrow\n|-clearallboost\n|move|p1a: Great Tusk|Headlong Rush|p2b: Nicknames\n|-crit|p2b: Nicknames\n|-damage|p2b: Nicknames|0 fnt\n|-unboost|p1a: Great Tusk|def|1\n|-unboost|p1a: Great Tusk|spd|1\n|faint|p2b: Nicknames\n|move|p2a: Forgor|Scald|p1a: Great Tusk\n|-supereffective|p1a: Great Tusk\n|-damage|p1a: Great Tusk|0 fnt\n|faint|p1a: Great Tusk\n|-end|p1a: Great Tusk|Protosynthesis|[silent]\n|\n|-heal|p2a: Forgor|77\/100|[from] item: Leftovers\n|upkeep\n|\n|t:|1701058668\n|switch|p1a: Hydreigon|Hydreigon, L50, M|100\/100\n|switch|p2b: To|Weavile, L50, M|100\/100\n|-ability|p2b: To|Pressure\n|turn|3\n|\n|t:|1701058681\n|-terastallize|p1a: Hydreigon|Steel\n|move|p1b: Murkrow|Protect|p1b: Murkrow\n|-singleturn|p1b: Murkrow|Protect\n|move|p2b: To|Fake Out|p1a: Hydreigon\n|-resisted|p1a: Hydreigon\n|-damage|p1a: Hydreigon|90\/100\n|-damage|p2b: To|91\/100|[from] item: Life Orb\n|cant|p1a: Hydreigon|flinch\n|move|p2a: Forgor|Icy Wind|p1b: Murkrow|[spread] p1a\n|-activate|p1b: Murkrow|move: Protect\n|-resisted|p1a: Hydreigon\n|-damage|p1a: Hydreigon|84\/100\n|-unboost|p1a: Hydreigon|spe|1\n|\n|-heal|p2a: Forgor|83\/100|[from] item: Leftovers\n|upkeep\n|turn|4\n|\n|t:|1701058699\n|move|p2b: To|Protect|p2b: To\n|-singleturn|p2b: To|Protect\n|move|p1b: Murkrow|Haze|p1b: Murkrow\n|-clearallboost\n|move|p1a: Hydreigon|Flash Cannon|p2b: To\n|-activate|p2b: To|move: Protect\n|move|p2a: Forgor|Light Screen|p2a: Forgor\n|-sidestart|p2: hunter16k|move: Light Screen\n|\n|-heal|p2a: Forgor|89\/100|[from] item: Leftovers\n|-sideend|p1: Aquarsene|move: Tailwind\n|upkeep\n|turn|5\n|\n|t:|1701058722\n|move|p1b: Murkrow|Tailwind|p1b: Murkrow\n|-sidestart|p1: Aquarsene|move: Tailwind\n|move|p1a: Hydreigon|Flash Cannon|p2b: To\n|-supereffective|p2b: To\n|-damage|p2b: To|0 fnt\n|faint|p2b: To\n|-damage|p1a: Hydreigon|74\/100|[from] item: Life Orb\n|move|p2a: Forgor|Icy Wind|p1b: Murkrow|[spread] p1a,p1b\n|-resisted|p1a: Hydreigon\n|-supereffective|p1b: Murkrow\n|-damage|p1a: Hydreigon|68\/100\n|-damage|p1b: Murkrow|59\/100\n|-unboost|p1a: Hydreigon|spe|1\n|-unboost|p1b: Murkrow|spe|1\n|\n|-heal|p2a: Forgor|95\/100|[from] item: Leftovers\n|upkeep\n|\n|t:|1701058735\n|switch|p2b: Make|Regieleki, L50|100\/100\n|turn|6\n|\n|t:|1701058757\n|-terastallize|p2b: Make|Flying\n|move|p1b: Murkrow|Haze|p1b: Murkrow\n|-clearallboost\n|move|p1a: Hydreigon|Draco Meteor|p2b: Make|[miss]\n|-miss|p1a: Hydreigon|p2b: Make\n|move|p2b: Make|Thunderbolt|p1a: Hydreigon\n|-damage|p1a: Hydreigon|0 fnt\n|faint|p1a: Hydreigon\n|move|p2a: Forgor|Scald|p1b: Murkrow\n|-damage|p1b: Murkrow|28\/100\n|\n|-heal|p2a: Forgor|100\/100|[from] item: Leftovers\n|upkeep\n|\n|t:|1701058771\n|switch|p1a: Ninetales|Ninetales-Alola, L50, F|100\/100\n|-weather|Snow|[from] ability: Snow Warning|[of] p1a: Ninetales\n|turn|7\n|\n|t:|1701058794\n|move|p1b: Murkrow|Protect|p1b: Murkrow\n|-singleturn|p1b: Murkrow|Protect\n|move|p1a: Ninetales|Aurora Veil|p1a: Ninetales\n|-sidestart|p1: Aquarsene|move: Aurora Veil\n|move|p2b: Make|Thunderbolt|p1a: Ninetales\n|-damage|p1a: Ninetales|46\/100\n|move|p2a: Forgor|Scald|p1a: Ninetales\n|-damage|p1a: Ninetales|26\/100\n|\n|-weather|Snow|[upkeep]\n|upkeep\n|turn|8\n|\n|t:|1701058817\n|move|p1a: Ninetales|Blizzard|p2a: Forgor|[spread] p2a,p2b\n|-resisted|p2a: Forgor\n|-supereffective|p2b: Make\n|-damage|p2a: Forgor|95\/100\n|-damage|p2b: Make|33\/100\n|move|p2b: Make|Thunderbolt|p1b: Murkrow\n|-supereffective|p1b: Murkrow\n|-damage|p1b: Murkrow|0 fnt\n|faint|p1b: Murkrow\n|move|p2a: Forgor|Icy Wind|p1a: Ninetales\n|-resisted|p1a: Ninetales\n|-damage|p1a: Ninetales|22\/100\n|-unboost|p1a: Ninetales|spe|1\n|\n|-weather|Snow|[upkeep]\n|-heal|p2a: Forgor|100\/100|[from] item: Leftovers\n|-sideend|p2: hunter16k|move: Light Screen\n|-sideend|p1: Aquarsene|move: Tailwind\n|upkeep\n|turn|9\n|\n|t:|1701058834\n|move|p2b: Make|Thunderbolt|p1a: Ninetales\n|-damage|p1a: Ninetales|0 fnt\n|faint|p1a: Ninetales\n|\n|win|hunter16k\n|c|&|\/uhtml prompt-aquarsene,Aquarsene is ready for game 2!\n|inactive|hunter16k has 50 seconds to confirm battle start!\n|c|&|\/uhtml prompt-hunter16k,hunter16k is ready for game 2!\nBoth players are ready! Starting next match!\n","uploadtime":1701058840,"views":6,"p1id":"aquarsene","p2id":"hunter16k","formatid":"gen9vgc2023regulatione","rating":0,"private":0,"password":""}