{"id":"gen9vgc2023regulatione-1996952221","p1":"tomcheung22","p2":"ToxicOldMan","format":"[Gen 9] VGC 2023 Regulation E","log":"|j|\u2606tomcheung22\n|j|\u2606ToxicOldMan\n|t:|1700748904\n|gametype|doubles\n|player|p1|tomcheung22|lady-gen4|\n|player|p2|ToxicOldMan|gentleman-gen4dp|\n|teamsize|p1|6\n|teamsize|p2|6\n|gen|9\n|tier|[Gen 9] VGC 2023 Regulation E\n|rated|Tournament battle\n|rule|Species Clause: Limit one of each Pok\u00e9mon\n|rule|Item Clause: Limit one of each item\n|clearpoke\n|poke|p1|Armarouge, L50, M|\n|poke|p1|Indeedee-F, L50, F|\n|poke|p1|Scream Tail, L50|\n|poke|p1|Dondozo, L50, F|\n|poke|p1|Tatsugiri, L50, M|\n|poke|p1|Iron Hands, L50|\n|poke|p2|Regidrago, L50|\n|poke|p2|Gholdengo, L50|\n|poke|p2|Arcanine-Hisui, L50, M|\n|poke|p2|Tornadus, L50, M|\n|poke|p2|Sinistcha-Masterpiece, L50|\n|poke|p2|Urshifu-*, L50, F|\n|teampreview|4\n|showteam|p1|Armarouge||MindPlate|FlashFire|ArmorCannon,ExpandingForce,WideGuard,TrickRoom|||M|||50|,,,,,Psychic]Indeedee-F||PsychicSeed|PsychicSurge|DazzlingGleam,FollowMe,HelpingHand,TrickRoom|||F|||50|,,,,,Grass]Scream Tail||RoomService|Protosynthesis|PsychicFangs,DrainPunch,Howl,TrickRoom||||||50|,,,,,Water]Dondozo||SafetyGoggles|Oblivious|WaveCrash,TeraBlast,Earthquake,Protect|||F|||50|,,,,,Flying]Tatsugiri||AbilityShield|Commander|MuddyWater,DracoMeteor,Taunt,Protect|||M|||50|,,,,,Steel]Iron Hands||ClearAmulet|QuarkDrive|WildCharge,DrainPunch,IcePunch,FakeOut||||||50|,,,,,Grass\n|showteam|p2|Regidrago||DragonFang|DragonsMaw|DragonEnergy,DracoMeteor,EarthPower,Protect||||||50|,,,,,Steel]Gholdengo||SitrusBerry|GoodasGold|NastyPlot,Protect,ShadowBall,MakeItRain||||||50|,,,,,Water]Arcanine-Hisui||AssaultVest|Intimidate|ExtremeSpeed,FlareBlitz,RockSlide,TeraBlast|||M|||50|,,,,,Fairy]Tornadus||RockyHelmet|Prankster|BleakwindStorm,Protect,Tailwind,ScaryFace|||M|||50|,,,,,Dark]Sinistcha-Masterpiece||Leftovers|Hospitality|StrengthSap,MatchaGotcha,ShadowBall,Protect||||||50|,,,,,Poison]Urshifu-Rapid-Strike||ChoiceScarf|UnseenFist|SurgingStrikes,AquaJet,CloseCombat,IceSpinner|||F|||50|,,,,,Water\n|inactive|Battle timer is ON: inactive players will automatically lose when time's up. (requested by tomcheung22)\n|\n|t:|1700748939\n|start\n|switch|p1a: Iron Hands|Iron Hands, L50|100\/100\n|switch|p1b: Scream Tail|Scream Tail, L50|100\/100\n|switch|p2a: Tornadus|Tornadus, L50, M|100\/100\n|switch|p2b: Regidrago|Regidrago, L50|100\/100\n|turn|1\n|j| DarthGlacies\n|inactive|tomcheung22 has 30 seconds left.\n|j| Kal0sunleashed\n|\n|t:|1700748971\n|move|p2a: Tornadus|Protect|p2a: Tornadus\n|-singleturn|p2a: Tornadus|Protect\n|move|p2b: Regidrago|Protect|p2b: Regidrago\n|-singleturn|p2b: Regidrago|Protect\n|move|p1b: Scream Tail|Howl|p1b: Scream Tail|[spread] p1a,p1b\n|-boost|p1a: Iron Hands|atk|1\n|-boost|p1b: Scream Tail|atk|1\n|move|p1a: Iron Hands|Ice Punch|p2b: Regidrago\n|-activate|p2b: Regidrago|move: Protect\n|\n|upkeep\n|turn|2\n|\n|t:|1700748983\n|move|p2a: Tornadus|Bleakwind Storm|p1b: Scream Tail|[spread] p1a,p1b\n|-damage|p1a: Iron Hands|72\/100\n|-damage|p1b: Scream Tail|78\/100\n|move|p2b: Regidrago|Dragon Energy|p1a: Iron Hands|[spread] p1a\n|-immune|p1b: Scream Tail\n|-damage|p1a: Iron Hands|0 fnt\n|faint|p1a: Iron Hands\n|-end|p1a: Iron Hands|Quark Drive|[silent]\n|move|p1b: Scream Tail|Trick Room|p1b: Scream Tail\n|-fieldstart|move: Trick Room|[of] p1b: Scream Tail\n|-enditem|p1b: Scream Tail|Room Service\n|-unboost|p1b: Scream Tail|spe|1|[from] item: Room Service\n|\n|upkeep\n|\n|t:|1700749000\n|switch|p1a: Armarouge|Armarouge, L50, M|100\/100\n|turn|3\n|inactive|tomcheung22 has 30 seconds left.\n|\n|t:|1700749027\n|switch|p1a: Indeedee|Indeedee-F, L50, F|100\/100\n|-fieldstart|move: Psychic Terrain|[from] ability: Psychic Surge|[of] p1a: Indeedee\n|-enditem|p1a: Indeedee|Psychic Seed\n|-boost|p1a: Indeedee|spd|1|[from] item: Psychic Seed\n|move|p2a: Tornadus|Scary Face|p2b: Regidrago\n|-unboost|p2b: Regidrago|spe|2\n|move|p2b: Regidrago|Draco Meteor|p1a: Indeedee\n|-damage|p1a: Indeedee|29\/100\n|-unboost|p2b: Regidrago|spa|2\n|move|p1b: Scream Tail|Drain Punch|p2a: Tornadus\n|-resisted|p2a: Tornadus\n|-damage|p2a: Tornadus|86\/100\n|-heal|p1b: Scream Tail|83\/100|[from] drain|[of] p2a: Tornadus\n|-damage|p1b: Scream Tail|66\/100|[from] item: Rocky Helmet|[of] p2a: Tornadus\n|\n|upkeep\n|turn|4\n|\n|t:|1700749045\n|move|p1a: Indeedee|Helping Hand|p1b: Scream Tail\n|-singleturn|p1b: Scream Tail|Helping Hand|[of] p1a: Indeedee\n|move|p2b: Regidrago|Earth Power|p1a: Indeedee\n|-damage|p1a: Indeedee|20\/100\n|move|p1b: Scream Tail|Psychic Fangs|p2a: Tornadus\n|-damage|p2a: Tornadus|0 fnt\n|-damage|p1b: Scream Tail|50\/100|[from] item: Rocky Helmet|[of] p2a: Tornadus\n|faint|p2a: Tornadus\n|\n|upkeep\n|\n|t:|1700749051\n|switch|p2a: Sinistcha|Sinistcha-Masterpiece, L50|100\/100\n|turn|5\n|inactive|tomcheung22 has 30 seconds left.\n|\n|t:|1700749079\n|switch|p2b: Gholdengo|Gholdengo, L50|100\/100\n|move|p1b: Scream Tail|Psychic Fangs|p2a: Sinistcha\n|-damage|p2a: Sinistcha|53\/100\n|move|p1a: Indeedee|Dazzling Gleam|p2b: Gholdengo|[spread] p2a,p2b\n|-resisted|p2b: Gholdengo\n|-damage|p2a: Sinistcha|38\/100\n|-damage|p2b: Gholdengo|94\/100\n|move|p2a: Sinistcha|Shadow Ball|p1b: Scream Tail\n|-supereffective|p1b: Scream Tail\n|-damage|p1b: Scream Tail|0 fnt\n|faint|p1b: Scream Tail\n|-end|p1b: Scream Tail|Protosynthesis|[silent]\n|\n|-heal|p2a: Sinistcha|44\/100|[from] item: Leftovers\n|upkeep\n|\n|t:|1700749092\n|switch|p1b: Armarouge|Armarouge, L50, M|100\/100\n|turn|6\n|\n|t:|1700749096\n|move|p2a: Sinistcha|Protect|p2a: Sinistcha\n|-singleturn|p2a: Sinistcha|Protect\n|move|p2b: Gholdengo|Protect|p2b: Gholdengo\n|-singleturn|p2b: Gholdengo|Protect\n|move|p1b: Armarouge|Trick Room|p1b: Armarouge\n|-fieldend|move: Trick Room\n|move|p1a: Indeedee|Trick Room|p1a: Indeedee\n|-fieldstart|move: Trick Room|[of] p1a: Indeedee\n|\n|-heal|p2a: Sinistcha|49\/100|[from] item: Leftovers\n|upkeep\n|turn|7\n|inactive|tomcheung22 has 30 seconds left.\n|\n|t:|1700749121\n|-terastallize|p1b: Armarouge|Psychic\n|-terastallize|p2b: Gholdengo|Water\n|move|p1a: Indeedee|Helping Hand|p1b: Armarouge\n|-singleturn|p1b: Armarouge|Helping Hand|[of] p1a: Indeedee\n|move|p1b: Armarouge|Expanding Force|p2b: Gholdengo|[spread] p2a,p2b\n|-damage|p2a: Sinistcha|0 fnt\n|-damage|p2b: Gholdengo|0 fnt\n|faint|p2a: Sinistcha\n|faint|p2b: Gholdengo\n|\n|-fieldend|move: Psychic Terrain\n|upkeep\n|\n|t:|1700749125\n|switch|p2b: Regidrago|Regidrago, L50|100\/100\n|turn|8\n|\n|t:|1700749143\n|move|p1b: Armarouge|Expanding Force|p2b: Regidrago\n|-damage|p2b: Regidrago|18\/100\n|move|p1a: Indeedee|Dazzling Gleam|p2b: Regidrago\n|-supereffective|p2b: Regidrago\n|-damage|p2b: Regidrago|0 fnt\n|faint|p2b: Regidrago\n|\n|win|tomcheung22\n|n|\u2606tomcheung22|tomcheung22\n|n|\u2606ToxicOldMan|toxicoldman\n|n| DarthGlacies|darthglacies\n|n| Kal0sunleashed|kal0sunleashed\n|l|\u2606ToxicOldMan\n|l| Kal0sunleashed\n","uploadtime":1700749152,"views":0,"p1id":"tomcheung22","p2id":"toxicoldman","formatid":"gen9vgc2023regulatione","rating":0,"private":0,"password":""}