{"id":"gen9vgc2023regulatione-1995714702","p1":"vivixification","p2":"intark","format":"[Gen 9] VGC 2023 Regulation E","log":"|j|\u2606vivixification\n|j|\u2606intark\n|t:|1700596389\n|gametype|doubles\n|player|p1|vivixification|dragontamer-gen9|1364\n|player|p2|intark|artist|1365\n|teamsize|p1|6\n|teamsize|p2|6\n|gen|9\n|tier|[Gen 9] VGC 2023 Regulation E\n|rated|\n|rule|Species Clause: Limit one of each Pok\u00e9mon\n|rule|Item Clause: Limit one of each item\n|clearpoke\n|poke|p1|Rillaboom, L50, M|\n|poke|p1|Tornadus, L50, M|\n|poke|p1|Iron Hands, L50|\n|poke|p1|Ting-Lu, L50|\n|poke|p1|Arcanine-Hisui, L50, F|\n|poke|p1|Scream Tail, L50|\n|poke|p2|Hydreigon, L50, F|\n|poke|p2|Tornadus, L50, M|\n|poke|p2|Gholdengo, L50|\n|poke|p2|Arcanine-Hisui, L50, F|\n|poke|p2|Rillaboom, L50, M|\n|poke|p2|Urshifu-*, L50, F|\n|teampreview|4\n|inactive|Battle timer is ON: inactive players will automatically lose when time's up. (requested by vivixification)\nintark has agreed to open team sheets.\n|inactive|vivixification has 60 seconds left.\n|inactive|intark has 60 seconds left.\n|inactive|vivixification has 30 seconds left.\n|\n|t:|1700596452\n|start\n|switch|p1a: Ting-Lu|Ting-Lu, L50|100\/100\n|switch|p1b: Arcanine|Arcanine-Hisui, L50, F|100\/100\n|switch|p2a: Rillaboom|Rillaboom, L50, M|100\/100\n|switch|p2b: Urshifu|Urshifu-Rapid-Strike, L50, F|100\/100\n|-ability|p1b: Arcanine|Intimidate|boost\n|-unboost|p2a: Rillaboom|atk|1\n|-unboost|p2b: Urshifu|atk|1\n|-fieldstart|move: Grassy Terrain|[from] ability: Grassy Surge|[of] p2a: Rillaboom\n|-ability|p1a: Ting-Lu|Vessel of Ruin\n|turn|1\n|inactive|intark has 30 seconds left.\n|inactive|intark has 20 seconds left.\n|inactive|intark has 15 seconds left.\n|\n|t:|1700596496\n|switch|p1b: Gluttony|Rillaboom, L50, M, shiny|100\/100\n|-terastallize|p1a: Ting-Lu|Poison\n|move|p2a: Rillaboom|Fake Out|p1a: Ting-Lu\n|-damage|p1a: Ting-Lu|95\/100\n|-damage|p2a: Rillaboom|84\/100|[from] item: Rocky Helmet|[of] p1a: Ting-Lu\n|move|p2b: Urshifu|Surging Strikes|p1a: Ting-Lu\n|-crit|p1a: Ting-Lu\n|-damage|p1a: Ting-Lu|84\/100\n|-damage|p2b: Urshifu|84\/100|[from] item: Rocky Helmet|[of] p1a: Ting-Lu\n|-crit|p1a: Ting-Lu\n|-damage|p1a: Ting-Lu|73\/100\n|-damage|p2b: Urshifu|67\/100|[from] item: Rocky Helmet|[of] p1a: Ting-Lu\n|-crit|p1a: Ting-Lu\n|-damage|p1a: Ting-Lu|61\/100\n|-damage|p2b: Urshifu|51\/100|[from] item: Rocky Helmet|[of] p1a: Ting-Lu\n|-hitcount|p1a: Ting-Lu|3\n|cant|p1a: Ting-Lu|flinch\n|\n|-heal|p2b: Urshifu|57\/100|[from] Grassy Terrain\n|-heal|p2a: Rillaboom|90\/100|[from] Grassy Terrain\n|-heal|p1a: Ting-Lu|67\/100|[from] Grassy Terrain\n|upkeep\n|turn|2\n|inactive|vivixification has 30 seconds left.\n|\n|t:|1700596530\n|switch|p2b: Hydreigon|Hydreigon, L50, F|100\/100\n|move|p1b: Gluttony|U-turn|p2a: Rillaboom\n|-supereffective|p2a: Rillaboom\n|-damage|p2a: Rillaboom|43\/100\n|\n|t:|1700596537\n|switch|p1b: Arcanine|Arcanine-Hisui, L50, F|100\/100|[from] U-turn\n|-ability|p1b: Arcanine|Intimidate|boost\n|-unboost|p2a: Rillaboom|atk|1\n|-unboost|p2b: Hydreigon|atk|1\n|move|p2a: Rillaboom|High Horsepower|p1a: Ting-Lu\n|-supereffective|p1a: Ting-Lu\n|-damage|p1a: Ting-Lu|50\/100\n|-damage|p2a: Rillaboom|27\/100|[from] item: Rocky Helmet|[of] p1a: Ting-Lu\n|move|p1a: Ting-Lu|Stomping Tantrum|p2b: Hydreigon\n|-immune|p2b: Hydreigon|[from] ability: Levitate\n|\n|-heal|p2a: Rillaboom|33\/100|[from] Grassy Terrain\n|-heal|p1a: Ting-Lu|57\/100|[from] Grassy Terrain\n|upkeep\n|turn|3\n|\n|t:|1700596561\n|switch|p2a: Arcanine|Arcanine-Hisui, L50, F|100\/100\n|-ability|p2a: Arcanine|Intimidate|boost\n|-unboost|p1a: Ting-Lu|atk|1\n|-unboost|p1b: Arcanine|atk|1\n|move|p2b: Hydreigon|Dark Pulse|p1a: Ting-Lu\n|-damage|p1a: Ting-Lu|23\/100\n|-damage|p2b: Hydreigon|91\/100|[from] item: Life Orb\n|move|p1b: Arcanine|Rock Slide|p2a: Arcanine|[spread] p2a,p2b\n|-supereffective|p2a: Arcanine\n|-damage|p2a: Arcanine|25\/100\n|-damage|p2b: Hydreigon|59\/100\n|move|p1a: Ting-Lu|Throat Chop|p2a: Arcanine\n|-damage|p2a: Arcanine|0 fnt\n|faint|p2a: Arcanine\n|\n|-heal|p1a: Ting-Lu|29\/100|[from] Grassy Terrain\n|upkeep\n|\n|t:|1700596578\n|switch|p2a: Urshifu|Urshifu-Rapid-Strike, L50, F|57\/100\n|turn|4\n|\n|t:|1700596592\n|switch|p1b: Iron Hands|Iron Hands, L50|100\/100\n|move|p1a: Ting-Lu|Protect|p1a: Ting-Lu\n|-singleturn|p1a: Ting-Lu|Protect\n|move|p2a: Urshifu|U-turn|p1b: Iron Hands\n|-resisted|p1b: Iron Hands\n|-damage|p1b: Iron Hands|92\/100\n|\n|t:|1700596597\n|switch|p2a: Rillaboom|Rillaboom, L50, M|33\/100|[from] U-turn\n|move|p2b: Hydreigon|Dark Pulse|p1a: Ting-Lu\n|-activate|p1a: Ting-Lu|move: Protect\n|\n|-heal|p2a: Rillaboom|39\/100|[from] Grassy Terrain\n|-heal|p1b: Iron Hands|98\/100|[from] Grassy Terrain\n|-heal|p1a: Ting-Lu|35\/100|[from] Grassy Terrain\n|upkeep\n|turn|5\n|inactive|vivixification has 30 seconds left.\n|inactive|vivixification has 20 seconds left.\n|inactive|vivixification has 15 seconds left.\n|inactive|vivixification has 10 seconds left.\n|inactive|vivixification has 5 seconds left.\n|\n|t:|1700596651\n|move|p2a: Rillaboom|Fake Out|p1b: Iron Hands\n|-damage|p1b: Iron Hands|89\/100\n|move|p2b: Hydreigon|Draco Meteor|p1a: Ting-Lu\n|-damage|p1a: Ting-Lu|0 fnt\n|-unboost|p2b: Hydreigon|spa|2\n|faint|p1a: Ting-Lu\n|-damage|p2b: Hydreigon|50\/100|[from] item: Life Orb\n|cant|p1b: Iron Hands|flinch\n|\n|-heal|p2a: Rillaboom|44\/100|[from] Grassy Terrain\n|-heal|p1b: Iron Hands|95\/100|[from] Grassy Terrain\n|-fieldend|move: Grassy Terrain\n|upkeep\n|inactive|vivixification has 30 seconds left.\n|inactive|vivixification has 20 seconds left.\n|inactive|vivixification has 15 seconds left.\n|inactive|vivixification has 10 seconds left.\n|\n|t:|1700596697\n|switch|p1a: Arcanine|Arcanine-Hisui, L50, F|100\/100\n|-ability|p1a: Arcanine|Intimidate|boost\n|-unboost|p2a: Rillaboom|atk|1\n|-unboost|p2b: Hydreigon|atk|1\n|turn|6\n|\n|t:|1700596715\n|switch|p2a: Urshifu|Urshifu-Rapid-Strike, L50, F|57\/100\n|move|p2b: Hydreigon|Protect|p2b: Hydreigon\n|-singleturn|p2b: Hydreigon|Protect\n|move|p1a: Arcanine|Extreme Speed|p2a: Urshifu\n|-damage|p2a: Urshifu|17\/100\n|move|p1b: Iron Hands|Drain Punch|p2a: Urshifu\n|-damage|p2a: Urshifu|0 fnt\n|-heal|p1b: Iron Hands|100\/100|[from] drain|[of] p2a: Urshifu\n|faint|p2a: Urshifu\n|\n|upkeep\n|\n|t:|1700596726\n|switch|p2a: Rillaboom|Rillaboom, L50, M|44\/100\n|-fieldstart|move: Grassy Terrain|[from] ability: Grassy Surge|[of] p2a: Rillaboom\n|turn|7\n|inactive|intark has 30 seconds left.\n|\n|t:|1700596755\n|switch|p1a: Gluttony|Rillaboom, L50, M, shiny|100\/100\n|-terastallize|p2b: Hydreigon|Steel\n|move|p2a: Rillaboom|Fake Out|p1b: Iron Hands\n|-damage|p1b: Iron Hands|91\/100\n|move|p2b: Hydreigon|Draco Meteor|p1a: Gluttony|[miss]\n|-miss|p2b: Hydreigon|p1a: Gluttony\n|cant|p1b: Iron Hands|flinch\n|\n|-heal|p2a: Rillaboom|50\/100|[from] Grassy Terrain\n|-heal|p1b: Iron Hands|98\/100|[from] Grassy Terrain\n|upkeep\n|turn|8\n|-message|intark forfeited.\n|\n|win|vivixification\n|raw|vivixification's rating: 1364 &rarr; <strong>1384<\/strong><br \/>(+20 for winning)\n|raw|intark's rating: 1365 &rarr; <strong>1345<\/strong><br \/>(-20 for losing)\n|c|\u2606intark|gg\n","uploadtime":1700596769,"views":3,"p1id":"vivixification","p2id":"intark","formatid":"gen9vgc2023regulatione","rating":1345,"private":0,"password":""}