{"id":"gen9vgc2023regulatione-2000425476","p1":"JALOAM DJ","p2":"LegacyShowden","format":"[Gen 9] VGC 2023 Regulation E","log":"|j|\u2606JALOAM DJ\n|j|\u2606LegacyShowden\n|t:|1701193740\n|gametype|doubles\n|player|p1|JALOAM DJ|266|1303\n|player|p2|LegacyShowden|rosa|1350\n|teamsize|p1|6\n|teamsize|p2|6\n|gen|9\n|tier|[Gen 9] VGC 2023 Regulation E\n|rated|\n|rule|Species Clause: Limit one of each Pok\u00e9mon\n|rule|Item Clause: Limit one of each item\n|clearpoke\n|poke|p1|Urshifu-*, L50, M|\n|poke|p1|Arcanine-Hisui, L50, M|\n|poke|p1|Gholdengo, L50|\n|poke|p1|Tornadus, L50, M|\n|poke|p1|Flutter Mane, L50|\n|poke|p1|Perrserker, L50, M|\n|poke|p2|Landorus-Therian, L50, M|\n|poke|p2|Samurott-Hisui, L50, M|\n|poke|p2|Ogerpon-Hearthflame, L50, F|\n|poke|p2|Kommo-o, L50, M|\n|poke|p2|Gholdengo, L50|\n|poke|p2|Thundurus, L50, M|\n|teampreview|4\n|inactive|Battle timer is ON: inactive players will automatically lose when time's up. (requested by LegacyShowden)\n|l|\u2606JALOAM DJ\n|inactive|JALOAM DJ disconnected and has a minute to reconnect!\n|player|p1|\n|j|\u2606JALOAM DJ\n|inactive|JALOAM DJ reconnected and has 75 seconds left.\n|player|p1|JALOAM DJ|266\n|inactive|JALOAM DJ has 60 seconds left.\n|inactive|LegacyShowden has 60 seconds left.\n|\n|t:|1701193779\n|start\n|switch|p1a: Gholdengo|Gholdengo, L50|100\/100\n|switch|p1b: Tornadus|Tornadus, L50, M|100\/100\n|switch|p2a: Landorus|Landorus-Therian, L50, M|100\/100\n|switch|p2b: Kommo-o|Kommo-o, L50, M|100\/100\n|-ability|p2a: Landorus|Intimidate|boost\n|-unboost|p1a: Gholdengo|atk|1\n|-unboost|p1b: Tornadus|atk|1\n|turn|1\n|\n|t:|1701193800\n|-terastallize|p1a: Gholdengo|Steel\n|move|p1b: Tornadus|Tailwind|p1b: Tornadus\n|-sidestart|p1: JALOAM DJ|move: Tailwind\n|move|p1a: Gholdengo|Make It Rain|p2a: Landorus|[spread] p2a,p2b\n|-damage|p2a: Landorus|0 fnt\n|-damage|p2b: Kommo-o|0 fnt\n|-unboost|p1a: Gholdengo|spa|1\n|faint|p2a: Landorus\n|faint|p2b: Kommo-o\n|\n|upkeep\n|\n|t:|1701193810\n|switch|p2a: Gholdengo|Gholdengo, L50|100\/100\n|switch|p2b: Samurott|Samurott-Hisui, L50, M|100\/100\n|turn|2\n|\n|t:|1701193819\n|switch|p1b: Perrserker|Perrserker, L50, M|100\/100\n|move|p2a: Gholdengo|Protect|p2a: Gholdengo\n|-singleturn|p2a: Gholdengo|Protect\n|move|p1a: Gholdengo|Make It Rain|p2b: Samurott|[spread] p2b\n|-activate|p2a: Gholdengo|move: Protect\n|-resisted|p2b: Samurott\n|-damage|p2b: Samurott|52\/100\n|-unboost|p1a: Gholdengo|spa|1\n|move|p2b: Samurott|Sacred Sword|p1a: Gholdengo\n|-supereffective|p1a: Gholdengo\n|-damage|p1a: Gholdengo|0 fnt\n|faint|p1a: Gholdengo\n|\n|upkeep\n|inactive|JALOAM DJ has 30 seconds left.\n|\n|t:|1701193847\n|switch|p1a: Urshifu|Urshifu-Rapid-Strike, L50, M|100\/100\n|turn|3\n|inactive|LegacyShowden has 30 seconds left.\n|\n|t:|1701193879\n|-terastallize|p2b: Samurott|Water\n|move|p1b: Perrserker|Fake Out|p2b: Samurott\n|-damage|p2b: Samurott|41\/100\n|move|p1a: Urshifu|Surging Strikes|p2a: Gholdengo\n|-crit|p2a: Gholdengo\n|-damage|p2a: Gholdengo|78\/100\n|-crit|p2a: Gholdengo\n|-damage|p2a: Gholdengo|56\/100\n|-crit|p2a: Gholdengo\n|-damage|p2a: Gholdengo|31\/100\n|-hitcount|p2a: Gholdengo|3\n|cant|p2b: Samurott|flinch\n|move|p2a: Gholdengo|Shadow Ball|p1a: Urshifu\n|-crit|p1a: Urshifu\n|-damage|p1a: Urshifu|0 fnt\n|faint|p1a: Urshifu\n|-damage|p2a: Gholdengo|22\/100|[from] item: Life Orb\n|\n|upkeep\n|\n|t:|1701193898\n|switch|p1a: Tornadus|Tornadus, L50, M|100\/100\n|turn|4\n|\n|t:|1701193910\n|move|p1a: Tornadus|Bleakwind Storm|p2b: Samurott|[spread] p2a\n|-miss|p1a: Tornadus|p2b: Samurott\n|-resisted|p2a: Gholdengo\n|-damage|p2a: Gholdengo|6\/100\n|move|p1b: Perrserker|Foul Play|p2b: Samurott\n|-damage|p2b: Samurott|6\/100\n|move|p2b: Samurott|Razor Shell|p1b: Perrserker\n|-damage|p1b: Perrserker|25\/100\n|move|p2a: Gholdengo|Recover|p2a: Gholdengo\n|-heal|p2a: Gholdengo|56\/100\n|\n|-sideend|p1: JALOAM DJ|move: Tailwind\n|upkeep\n|turn|5\n|inactive|JALOAM DJ has 30 seconds left.\n|inactive|JALOAM DJ has 20 seconds left.\n|\n|t:|1701193946\n|move|p2b: Samurott|Sucker Punch|p1b: Perrserker\n|-damage|p1b: Perrserker|0 fnt\n|faint|p1b: Perrserker\n|move|p1a: Tornadus|Bleakwind Storm|p2a: Gholdengo|[spread] p2b\n|-miss|p1a: Tornadus|p2a: Gholdengo\n|-damage|p2b: Samurott|0 fnt\n|faint|p2b: Samurott\n|move|p2a: Gholdengo|Make It Rain|p1a: Tornadus\n|-damage|p1a: Tornadus|3\/100\n|-unboost|p2a: Gholdengo|spa|1\n|-damage|p2a: Gholdengo|47\/100|[from] item: Life Orb\n|\n|upkeep\n|turn|6\n|\n|t:|1701193962\n|move|p1a: Tornadus|Bleakwind Storm|p2a: Gholdengo\n|-resisted|p2a: Gholdengo\n|-damage|p2a: Gholdengo|28\/100\n|move|p2a: Gholdengo|Recover|p2a: Gholdengo\n|-heal|p2a: Gholdengo|78\/100\n|\n|upkeep\n|turn|7\n|-message|JALOAM DJ forfeited.\n|\n|win|LegacyShowden\n|raw|JALOAM DJ's rating: 1303 &rarr; <strong>1286<\/strong><br \/>(-17 for losing)\n|raw|LegacyShowden's rating: 1350 &rarr; <strong>1367<\/strong><br \/>(+17 for winning)\n|l|\u2606JALOAM DJ\n","uploadtime":1701193983,"views":2,"p1id":"jaloamdj","p2id":"legacyshowden","formatid":"gen9vgc2023regulatione","rating":1286,"private":0,"password":""}