{"id":"gen9vgc2023regulatione-1988729028","p1":"Cheese Increased","p2":"luree45","format":"[Gen 9] VGC 2023 Regulation E","log":"|j|\u2606Cheese Increased\n|j|\u2606luree45\n|t:|1699755719\n|gametype|doubles\n|player|p1|Cheese Increased|gentleman|1192\n|player|p2|luree45|janitor|1210\n|teamsize|p1|6\n|teamsize|p2|6\n|gen|9\n|tier|[Gen 9] VGC 2023 Regulation E\n|rated|\n|rule|Species Clause: Limit one of each Pok\u00e9mon\n|rule|Item Clause: Limit one of each item\n|clearpoke\n|poke|p1|Cresselia, L50, F|\n|poke|p1|Ursaluna-Bloodmoon, L50, M|\n|poke|p1|Iron Hands, L50|\n|poke|p1|Flutter Mane, L50|\n|poke|p1|Chi-Yu, L50|\n|poke|p1|Amoonguss, L50, F|\n|poke|p2|Lilligant-Hisui, L50, F|\n|poke|p2|Farigiraf, L50, M|\n|poke|p2|Iron Hands, L50|\n|poke|p2|Torkoal, L50, M|\n|poke|p2|Ursaluna, L50, M|\n|poke|p2|Ogerpon-Hearthflame, L50, F|\n|teampreview|4\n|inactive|Battle timer is ON: inactive players will automatically lose when time's up. (requested by luree45)\n|inactive|Cheese Increased has 60 seconds left.\n|inactive|luree45 has 60 seconds left.\nCheese Increased rejected open team sheets.\n|inactive|luree45 has 30 seconds left.\n|\n|t:|1699755781\n|start\n|switch|p1a: abaddon|Flutter Mane, L50, shiny|100\/100\n|switch|p1b: fishy crackers|Chi-Yu, L50|100\/100\n|switch|p2a: Farigiraf|Farigiraf, L50, M|100\/100\n|switch|p2b: Ursaluna|Ursaluna, L50, M|100\/100\n|-ability|p1b: fishy crackers|Beads of Ruin\n|-enditem|p1a: abaddon|Booster Energy\n|-activate|p1a: abaddon|ability: Protosynthesis|[fromitem]\n|-start|p1a: abaddon|protosynthesisspe\n|turn|1\n|inactive|luree45 has 30 seconds left.\n|inactive|Cheese Increased has 30 seconds left.\n|inactive|luree45 has 20 seconds left.\n|inactive|luree45 has 15 seconds left.\n|inactive|Cheese Increased has 20 seconds left.\n|\n|t:|1699755829\n|switch|p2a: Iron Hands|Iron Hands, L50|100\/100\n|move|p1a: abaddon|Dazzling Gleam|p2b: Ursaluna|[spread] p2a,p2b\n|-supereffective|p2a: Iron Hands\n|-damage|p2a: Iron Hands|65\/100\n|-damage|p2b: Ursaluna|68\/100\n|move|p1b: fishy crackers|Heat Wave|p2b: Ursaluna|[spread] p2a,p2b\n|-damage|p2a: Iron Hands|30\/100\n|-damage|p2b: Ursaluna|4\/100\n|move|p2b: Ursaluna|Headlong Rush|p1b: fishy crackers\n|-supereffective|p1b: fishy crackers\n|-damage|p1b: fishy crackers|0 fnt\n|-unboost|p2b: Ursaluna|def|1\n|-unboost|p2b: Ursaluna|spd|1\n|faint|p1b: fishy crackers\n|\n|-status|p2b: Ursaluna|brn|[from] item: Flame Orb\n|upkeep\n|\n|t:|1699755839\n|switch|p1b: purple guy|Cresselia, L50, F|100\/100\n|turn|2\n|inactive|luree45 has 30 seconds left.\n|inactive|luree45 has 20 seconds left.\n|inactive|luree45 has 15 seconds left.\n|inactive|luree45 has 10 seconds left.\n|\n|t:|1699755886\n|move|p1a: abaddon|Dazzling Gleam|p2b: Ursaluna|[spread] p2a,p2b\n|-supereffective|p2a: Iron Hands\n|-damage|p2a: Iron Hands|2\/100\n|-damage|p2b: Ursaluna|0 fnt\n|faint|p2b: Ursaluna\n|move|p1b: purple guy|Lunar Blessing||[still]|[spread] \n|-fail|p1b: purple guy\n|move|p2a: Iron Hands|Heavy Slam|p1a: abaddon\n|-supereffective|p1a: abaddon\n|-damage|p1a: abaddon|0 fnt\n|faint|p1a: abaddon\n|-end|p1a: abaddon|Protosynthesis|[silent]\n|\n|upkeep\n|\n|t:|1699755895\n|switch|p1a: oar oar oar|Ursaluna-Bloodmoon, L50, M|100\/100\n|switch|p2b: Farigiraf|Farigiraf, L50, M|100\/100\n|turn|3\n|inactive|Cheese Increased has 30 seconds left.\n|\n|t:|1699755922\n|-end|p2a: Iron Hands|Quark Drive|[silent]\n|switch|p2a: Ogerpon|Ogerpon-Hearthflame, L50, F|100\/100\n|-ability|p2a: Ogerpon|Mold Breaker\n|move|p2b: Farigiraf|Imprison|p2b: Farigiraf\n|-start|p2b: Farigiraf|move: Imprison\n|cant|p1a: oar oar oar|move: Imprison|Hyper Voice\n|cant|p1b: purple guy|move: Imprison|Trick Room\n|\n|upkeep\n|turn|4\n|inactive|luree45 has 30 seconds left.\n|\n|t:|1699755947\n|-terastallize|p2a: Ogerpon|Fire\n|detailschange|p2a: Ogerpon|Ogerpon-Hearthflame-Tera, L50, F, tera:Fire\n|-ability|p2a: Ogerpon|Embody Aspect (Hearthflame)|boost\n|-boost|p2a: Ogerpon|atk|1\n|move|p2a: Ogerpon|Ivy Cudgel|p1b: purple guy\n|-damage|p1b: purple guy|30\/100\n|move|p1b: purple guy|Moonblast|p2a: Ogerpon\n|-resisted|p2a: Ogerpon\n|-damage|p2a: Ogerpon|91\/100\n|move|p2b: Farigiraf|Hyper Voice|p1a: oar oar oar|[spread] p1a,p1b\n|-damage|p1a: oar oar oar|75\/100\n|-damage|p1b: purple guy|15\/100\n|move|p1a: oar oar oar|Blood Moon|p2a: Ogerpon\n|-damage|p2a: Ogerpon|0 fnt\n|faint|p2a: Ogerpon\n|\n|upkeep\n|c|\u2606Cheese Increased|killing myself\n|\n|t:|1699755970\n|switch|p2a: Iron Hands|Iron Hands, L50|2\/100\n|turn|5\n|\n|t:|1699755981\n|move|p2a: Iron Hands|Fake Out|p1b: purple guy\n|-damage|p1b: purple guy|5\/100\n|cant|p1b: purple guy|flinch\n|move|p2b: Farigiraf|Psychic|p1a: oar oar oar\n|-damage|p1a: oar oar oar|36\/100\n|move|p1a: oar oar oar|Earth Power|p2a: Iron Hands\n|-supereffective|p2a: Iron Hands\n|-damage|p2a: Iron Hands|0 fnt\n|faint|p2a: Iron Hands\n|-end|p2a: Iron Hands|Quark Drive|[silent]\n|\n|upkeep\n|turn|6\n|c|\u2606luree45|farigiraf clutch incoming\n|\n|t:|1699756000\n|move|p1a: oar oar oar|Protect|p1a: oar oar oar\n|-singleturn|p1a: oar oar oar|Protect\n|move|p1b: purple guy|Lunar Blessing|p1b: purple guy|[spread] p1a,p1b\n|-heal|p1a: oar oar oar|61\/100\n|-heal|p1b: purple guy|30\/100\n|move|p2b: Farigiraf|Hyper Voice|p1a: oar oar oar|[spread] p1b\n|-activate|p1a: oar oar oar|move: Protect\n|-damage|p1b: purple guy|15\/100\n|\n|upkeep\n|turn|7\n|\n|t:|1699756016\n|move|p1b: purple guy|Helping Hand|p1a: oar oar oar\n|-singleturn|p1a: oar oar oar|Helping Hand|[of] p1b: purple guy\n|move|p2b: Farigiraf|Hyper Voice|p1a: oar oar oar|[spread] p1a,p1b\n|-damage|p1a: oar oar oar|35\/100\n|-damage|p1b: purple guy|0 fnt\n|faint|p1b: purple guy\n|move|p1a: oar oar oar|Blood Moon|p2b: Farigiraf\n|-damage|p2b: Farigiraf|17\/100\n|\n|upkeep\n|turn|8\n|\n|t:|1699756029\n|move|p1a: oar oar oar|Protect|p1a: oar oar oar\n|-singleturn|p1a: oar oar oar|Protect\n|move|p2b: Farigiraf|Psychic|p1a: oar oar oar\n|-activate|p1a: oar oar oar|move: Protect\n|\n|upkeep\n|turn|9\n|\n|t:|1699756035\n|move|p2b: Farigiraf|Psychic|p1a: oar oar oar\n|-damage|p1a: oar oar oar|0 fnt\n|faint|p1a: oar oar oar\n|\n|win|luree45\n|raw|Cheese Increased's rating: 1192 &rarr; <strong>1168<\/strong><br \/>(-24 for losing)\n|raw|luree45's rating: 1210 &rarr; <strong>1234<\/strong><br \/>(+24 for winning)\n|c|\u2606Cheese Increased|gg\n|c|\u2606luree45|ggs\n|l|\u2606Cheese Increased\n|l|\u2606luree45\n|j|\u2606luree45\n|player|p2|luree45|janitor\n","uploadtime":1699756066,"views":17,"p1id":"cheeseincreased","p2id":"luree45","formatid":"gen9vgc2023regulatione","rating":1168,"private":0,"password":""}