{"id":"gen9vgc2023regulatione-1993472137","p1":"MuyDuro","p2":"hjgklm3k","format":"[Gen 9] VGC 2023 Regulation E","log":"|j|\u2606MuyDuro\n|j|\u2606hjgklm3k\n|t:|1700322030\n|gametype|doubles\n|player|p1|MuyDuro|brock|1334\n|player|p2|hjgklm3k|2|1326\n|teamsize|p1|6\n|teamsize|p2|6\n|gen|9\n|tier|[Gen 9] VGC 2023 Regulation E\n|rated|\n|rule|Species Clause: Limit one of each Pok\u00e9mon\n|rule|Item Clause: Limit one of each item\n|clearpoke\n|poke|p1|Farigiraf, L50, M|\n|poke|p1|Iron Hands, L50|\n|poke|p1|Amoonguss, L50, F|\n|poke|p1|Iron Bundle, L50|\n|poke|p1|Pelipper, L50, F|\n|poke|p1|Scizor, L50, F|\n|poke|p2|Tornadus, L50, M|\n|poke|p2|Ogerpon-Hearthflame, L50, F|\n|poke|p2|Flutter Mane, L50|\n|poke|p2|Dragonite, L50, M|\n|poke|p2|Chi-Yu, L50|\n|poke|p2|Iron Bundle, L50|\n|teampreview|4\n|inactive|Battle timer is ON: inactive players will automatically lose when time's up. (requested by MuyDuro)\n|\n|t:|1700322049\n|start\n|switch|p1a: Farigiraf|Farigiraf, L50, M|100\/100\n|switch|p1b: Iron Hands|Iron Hands, L50|100\/100\n|switch|p2a: Iron Bundle|Iron Bundle, L50|100\/100\n|switch|p2b: Ogerpon|Ogerpon-Hearthflame, L50, F|100\/100\n|-ability|p2b: Ogerpon|Mold Breaker\n|-enditem|p2a: Iron Bundle|Booster Energy\n|-activate|p2a: Iron Bundle|ability: Quark Drive|[fromitem]\n|-start|p2a: Iron Bundle|quarkdrivespe\n|turn|1\n|\n|t:|1700322065\n|move|p2b: Ogerpon|Spiky Shield|p2b: Ogerpon\n|-singleturn|p2b: Ogerpon|move: Protect\n|move|p1b: Iron Hands|Fake Out|p2b: Ogerpon\n|-activate|p2b: Ogerpon|move: Protect\n|-damage|p1b: Iron Hands|88\/100|[from] Spiky Shield|[of] p2b: Ogerpon\n|move|p2a: Iron Bundle|Encore|p1b: Iron Hands\n|-start|p1b: Iron Hands|Encore\n|move|p1a: Farigiraf|Trick Room|p1a: Farigiraf\n|-fieldstart|move: Trick Room|[of] p1a: Farigiraf\n|\n|upkeep\n|turn|2\n|\n|t:|1700322081\n|-end|p1b: Iron Hands|Quark Drive|[silent]\n|switch|p1b: Amoonguss|Amoonguss, L50, F|100\/100\n|move|p1a: Farigiraf|Hyper Voice|p2b: Ogerpon|[spread] p2a,p2b\n|-damage|p2a: Iron Bundle|26\/100\n|-damage|p2b: Ogerpon|62\/100\n|move|p2b: Ogerpon|Ivy Cudgel|p1b: Amoonguss|[anim] Ivy Cudgel Fire\n|-supereffective|p1b: Amoonguss\n|-damage|p1b: Amoonguss|0 fnt\n|faint|p1b: Amoonguss\n|move|p2a: Iron Bundle|Hydro Pump|p1a: Farigiraf\n|-damage|p1a: Farigiraf|41\/100\n|\n|upkeep\n|\n|t:|1700322092\n|switch|p1b: Iron Hands|Iron Hands, L50|88\/100\n|turn|3\n|\n|t:|1700322105\n|-end|p2a: Iron Bundle|Quark Drive|[silent]\n|switch|p2a: Dragonite|Dragonite, L50, M|100\/100\n|move|p2b: Ogerpon|Spiky Shield|p2b: Ogerpon\n|-singleturn|p2b: Ogerpon|move: Protect\n|move|p1b: Iron Hands|Drain Punch|p2b: Ogerpon\n|-activate|p2b: Ogerpon|move: Protect\n|-damage|p1b: Iron Hands|75\/100|[from] Spiky Shield|[of] p2b: Ogerpon\n|move|p1a: Farigiraf|Hyper Voice|p2b: Ogerpon|[spread] p2a\n|-activate|p2b: Ogerpon|move: Protect\n|-damage|p2a: Dragonite|69\/100\n|\n|upkeep\n|turn|4\n|\n|t:|1700322125\n|switch|p2b: Iron Bundle|Iron Bundle, L50|26\/100\n|move|p1b: Iron Hands|Drain Punch|p2b: Iron Bundle\n|-supereffective|p2b: Iron Bundle\n|-damage|p2b: Iron Bundle|0 fnt\n|-heal|p1b: Iron Hands|82\/100|[from] drain|[of] p2b: Iron Bundle\n|faint|p2b: Iron Bundle\n|-end|p2b: Iron Bundle|Quark Drive|[silent]\n|move|p1a: Farigiraf|Hyper Voice|p2a: Dragonite\n|-damage|p2a: Dragonite|29\/100\n|move|p2a: Dragonite|Iron Head|p1a: Farigiraf\n|-damage|p1a: Farigiraf|0 fnt\n|faint|p1a: Farigiraf\n|\n|upkeep\n|\n|t:|1700322141\n|switch|p1a: Iron Bundle|Iron Bundle, L50|100\/100\n|switch|p2b: Ogerpon|Ogerpon-Hearthflame, L50, F|62\/100\n|-ability|p2b: Ogerpon|Mold Breaker\n|-enditem|p1a: Iron Bundle|Booster Energy\n|-activate|p1a: Iron Bundle|ability: Quark Drive|[fromitem]\n|-start|p1a: Iron Bundle|quarkdrivespe\n|turn|5\n|\n|t:|1700322154\n|move|p1a: Iron Bundle|Protect|p1a: Iron Bundle\n|-singleturn|p1a: Iron Bundle|Protect\n|move|p1b: Iron Hands|Wild Charge|p2a: Dragonite\n|-damage|p2a: Dragonite|0 fnt\n|faint|p2a: Dragonite\n|-damage|p1b: Iron Hands|77\/100|[from] Recoil\n|move|p2b: Ogerpon|Horn Leech|p1a: Iron Bundle\n|-activate|p1a: Iron Bundle|move: Protect\n|\n|-fieldend|move: Trick Room\n|upkeep\n|\n|t:|1700322156\n|switch|p2a: Flutter Mane|Flutter Mane, L50|100\/100\n|turn|6\n|\n|t:|1700322175\n|-terastallize|p2a: Flutter Mane|Fairy\n|-terastallize|p1b: Iron Hands|Fairy\n|move|p1a: Iron Bundle|Hydro Pump|p2b: Ogerpon\n|-damage|p2b: Ogerpon|0 fnt\n|faint|p2b: Ogerpon\n|move|p2a: Flutter Mane|Dazzling Gleam|p1a: Iron Bundle|[spread] p1a,p1b\n|-damage|p1a: Iron Bundle|0 fnt\n|-damage|p1b: Iron Hands|44\/100\n|faint|p1a: Iron Bundle\n|-end|p1a: Iron Bundle|Quark Drive|[silent]\n|move|p1b: Iron Hands|Play Rough|p2a: Flutter Mane\n|-damage|p2a: Flutter Mane|6\/100\n|\n|upkeep\n|turn|7\n|\n|t:|1700322191\n|move|p2a: Flutter Mane|Dazzling Gleam|p1b: Iron Hands\n|-damage|p1b: Iron Hands|0 fnt\n|faint|p1b: Iron Hands\n|-end|p1b: Iron Hands|Quark Drive|[silent]\n|\n|win|hjgklm3k\n|raw|MuyDuro's rating: 1334 &rarr; <strong>1314<\/strong><br \/>(-20 for losing)\n|raw|hjgklm3k's rating: 1326 &rarr; <strong>1346<\/strong><br \/>(+20 for winning)\n","uploadtime":1700322195,"views":7,"p1id":"muyduro","p2id":"hjgklm3k","formatid":"gen9vgc2023regulatione","rating":1314,"private":0,"password":""}