{"id":"gen9vgc2023regulatione-1999613425","p1":"CaliberChamp","p2":"Tipoboh","format":"[Gen 9] VGC 2023 Regulation E","log":"|j|\u2606CaliberChamp\n|j|\u2606Tipoboh\n|t:|1701101247\n|gametype|doubles\n|player|p1|CaliberChamp|red-masters|1180\n|player|p2|Tipoboh|steven|1233\n|teamsize|p1|6\n|teamsize|p2|6\n|gen|9\n|tier|[Gen 9] VGC 2023 Regulation E\n|rated|\n|rule|Species Clause: Limit one of each Pok\u00e9mon\n|rule|Item Clause: Limit one of each item\n|clearpoke\n|poke|p1|Decidueye-Hisui, L50, M|\n|poke|p1|Samurott-Hisui, L50, M|\n|poke|p1|Arcanine-Hisui, L50, F|\n|poke|p1|Braviary-Hisui, L50, M|\n|poke|p1|Zoroark-Hisui, L50, M|\n|poke|p1|Ursaluna-Bloodmoon, L50, M|\n|poke|p2|Enamorus, L50, F|\n|poke|p2|Urshifu-*, L50, M|\n|poke|p2|Flutter Mane, L50|\n|poke|p2|Tornadus, L50, M|\n|poke|p2|Kingambit, L50, F|\n|poke|p2|Maushold-Four, L50|\n|teampreview|4\n|inactive|Battle timer is ON: inactive players will automatically lose when time's up. (requested by CaliberChamp)\nTipoboh rejected open team sheets.\n|\n|t:|1701101284\n|start\n|switch|p1a: Arcaneous|Arcanine-Hisui, L50, F|100\/100\n|switch|p1b: Deciduel|Decidueye-Hisui, L50, M|100\/100\n|switch|p2a: Tornadus|Tornadus, L50, M|100\/100\n|switch|p2b: Urshifu|Urshifu-Rapid-Strike, L50, M|100\/100\n|-ability|p1a: Arcaneous|Intimidate|boost\n|-unboost|p2a: Tornadus|atk|1\n|-unboost|p2b: Urshifu|atk|1\n|turn|1\n|\n|t:|1701101300\n|-terastallize|p2b: Urshifu|Water\n|-terastallize|p1a: Arcaneous|Normal\n|move|p1b: Deciduel|Helping Hand|p1a: Arcaneous\n|-singleturn|p1a: Arcaneous|Helping Hand|[of] p1b: Deciduel\n|move|p1a: Arcaneous|Extreme Speed|p2a: Tornadus\n|-damage|p2a: Tornadus|0 fnt\n|faint|p2a: Tornadus\n|move|p2b: Urshifu|Aqua Jet|p1a: Arcaneous\n|-crit|p1a: Arcaneous\n|-damage|p1a: Arcaneous|30\/100\n|-damage|p2b: Urshifu|91\/100|[from] item: Life Orb\n|\n|upkeep\n|\n|t:|1701101320\n|switch|p2a: Maushold|Maushold-Four, L50|100\/100\n|turn|2\n|\n|t:|1701101333\n|move|p2b: Urshifu|Protect|p2b: Urshifu\n|-singleturn|p2b: Urshifu|Protect\n|move|p1a: Arcaneous|Extreme Speed|p2a: Maushold\n|-damage|p2a: Maushold|24\/100\n|move|p2a: Maushold|Population Bomb|p1b: Deciduel|[miss]\n|-miss|p2a: Maushold|p1b: Deciduel\n|move|p1b: Deciduel|Triple Arrows|p2b: Urshifu\n|-activate|p2b: Urshifu|move: Protect\n|\n|upkeep\n|turn|3\n|\n|t:|1701101354\n|move|p1a: Arcaneous|Extreme Speed|p2b: Urshifu\n|-damage|p2b: Urshifu|22\/100\n|move|p2b: Urshifu|Aqua Jet|p1a: Arcaneous\n|-damage|p1a: Arcaneous|0 fnt\n|faint|p1a: Arcaneous\n|-damage|p2b: Urshifu|12\/100|[from] item: Life Orb\n|move|p2a: Maushold|Population Bomb|p1b: Deciduel\n|-damage|p1b: Deciduel|87\/100\n|-damage|p2a: Maushold|7\/100|[from] item: Rocky Helmet|[of] p1b: Deciduel\n|-damage|p1b: Deciduel|73\/100\n|-damage|p2a: Maushold|0 fnt|[from] item: Rocky Helmet|[of] p1b: Deciduel\n|faint|p2a: Maushold\n|-hitcount|p1b: Deciduel|2\n|move|p1b: Deciduel|Triple Arrows|p2b: Urshifu\n|-damage|p2b: Urshifu|0 fnt\n|faint|p2b: Urshifu\n|\n|upkeep\n|\n|t:|1701101376\n|switch|p2b: Enamorus|Enamorus, L50, F|100\/100\n|switch|p1a: Samuredge|Samurott-Hisui, L50, M|100\/100\n|turn|4\n|\n|t:|1701101388\n|move|p2b: Enamorus|Superpower|p1a: Samuredge\n|-supereffective|p1a: Samuredge\n|-enditem|p1a: Samuredge|Focus Sash\n|-damage|p1a: Samuredge|1\/100\n|-boost|p2b: Enamorus|atk|1\n|-boost|p2b: Enamorus|def|1\n|move|p1a: Samuredge|Razor Shell|p2b: Enamorus\n|-damage|p2b: Enamorus|44\/100\n|move|p1b: Deciduel|Tailwind|p1b: Deciduel\n|-sidestart|p1: CaliberChamp|move: Tailwind\n|\n|upkeep\n|turn|5\n|\n|t:|1701101406\n|move|p1a: Samuredge|Razor Shell|p2b: Enamorus\n|-damage|p2b: Enamorus|0 fnt\n|faint|p2b: Enamorus\n|\n|win|CaliberChamp\n|raw|CaliberChamp's rating: 1180 &rarr; <strong>1209<\/strong><br \/>(+29 for winning)\n|raw|Tipoboh's rating: 1233 &rarr; <strong>1204<\/strong><br \/>(-29 for losing)\n|l|\u2606Tipoboh\n","uploadtime":1701101419,"views":4,"p1id":"caliberchamp","p2id":"tipoboh","formatid":"gen9vgc2023regulatione","rating":1204,"private":0,"password":""}