{"id":"gen9vgc2023regulatione-1991341649","p1":"suchmeta","p2":"zac5224666","format":"[Gen 9] VGC 2023 Regulation E","log":"|j|\u2606suchmeta\n|j|\u2606zac5224666\n|t:|1700069112\n|gametype|doubles\n|player|p1|suchmeta|li|1323\n|player|p2|zac5224666|lucas|1310\n|teamsize|p1|6\n|teamsize|p2|6\n|gen|9\n|tier|[Gen 9] VGC 2023 Regulation E\n|rated|\n|rule|Species Clause: Limit one of each Pok\u00e9mon\n|rule|Item Clause: Limit one of each item\n|clearpoke\n|poke|p1|Ogerpon-Wellspring, L50, F|\n|poke|p1|Arcanine-Hisui, L50, F|\n|poke|p1|Zapdos-Galar, L50|\n|poke|p1|Tornadus, L50, M|\n|poke|p1|Flutter Mane, L50|\n|poke|p1|Gholdengo, L50|\n|poke|p2|Milotic, L50, F|\n|poke|p2|Ogerpon-Hearthflame, L50, F|\n|poke|p2|Glimmora, L50, M|\n|poke|p2|Ursaluna-Bloodmoon, L50, M|\n|poke|p2|Iron Hands, L50|\n|poke|p2|Farigiraf, L50, F|\n|teampreview|4\n|\n|t:|1700069169\n|start\n|switch|p1a: Gholdengo|Gholdengo, L50|100\/100\n|switch|p1b: Arcanine|Arcanine-Hisui, L50, F|100\/100\n|switch|p2a: Iron Hands|Iron Hands, L50|100\/100\n|switch|p2b: Ogerpon|Ogerpon-Hearthflame, L50, F|100\/100\n|-ability|p2b: Ogerpon|Mold Breaker\n|-ability|p1b: Arcanine|Intimidate|boost\n|-unboost|p2a: Iron Hands|atk|1\n|-unboost|p2b: Ogerpon|atk|1\n|turn|1\n|inactive|Battle timer is ON: inactive players will automatically lose when time's up. (requested by zac5224666)\n|\n|t:|1700069189\n|switch|p1a: Ogerpon|Ogerpon-Wellspring, L50, F|100\/100\n|move|p2a: Iron Hands|Fake Out|p1b: Arcanine\n|-resisted|p1b: Arcanine\n|-damage|p1b: Arcanine|95\/100\n|move|p2b: Ogerpon|Ivy Cudgel|p1a: Ogerpon|[anim] Ivy Cudgel Fire\n|-damage|p1a: Ogerpon|60\/100\n|cant|p1b: Arcanine|flinch\n|\n|upkeep\n|turn|2\n|inactive|zac5224666 has 30 seconds left.\n|inactive|zac5224666 has 20 seconds left.\n|inactive|suchmeta has 30 seconds left.\n|\n|t:|1700069233\n|move|p2b: Ogerpon|Ivy Cudgel|p1a: Ogerpon|[anim] Ivy Cudgel Fire\n|-damage|p1a: Ogerpon|15\/100\n|move|p1a: Ogerpon|Horn Leech|p2a: Iron Hands\n|-damage|p2a: Iron Hands|73\/100\n|-heal|p1a: Ogerpon|34\/100|[from] drain|[of] p2a: Iron Hands\n|move|p1b: Arcanine|Flare Blitz|p2a: Iron Hands\n|-damage|p2a: Iron Hands|9\/100\n|-damage|p1b: Arcanine|67\/100|[from] Recoil\n|move|p2a: Iron Hands|Wild Charge|p1a: Ogerpon\n|-damage|p1a: Ogerpon|0 fnt\n|faint|p1a: Ogerpon\n|-damage|p2a: Iron Hands|3\/100|[from] Recoil\n|\n|upkeep\n|\n|t:|1700069243\n|switch|p1a: Zapdos|Zapdos-Galar, L50|100\/100\n|turn|3\n|inactive|zac5224666 has 30 seconds left.\n|\n|t:|1700069272\n|-terastallize|p2b: Ogerpon|Fire\n|detailschange|p2b: Ogerpon|Ogerpon-Hearthflame-Tera, L50, F, tera:Fire\n|-ability|p2b: Ogerpon|Embody Aspect (Hearthflame)|boost\n|-boost|p2b: Ogerpon|atk|1\n|move|p1a: Zapdos|Brave Bird|p2b: Ogerpon\n|-damage|p2b: Ogerpon|29\/100\n|-damage|p1a: Zapdos|76\/100|[from] Recoil\n|move|p2b: Ogerpon|Ivy Cudgel|p1a: Zapdos|[anim] Ivy Cudgel Fire\n|-damage|p1a: Zapdos|0 fnt\n|faint|p1a: Zapdos\n|move|p1b: Arcanine|Flare Blitz|p2a: Iron Hands\n|-damage|p2a: Iron Hands|0 fnt\n|faint|p2a: Iron Hands\n|-end|p2a: Iron Hands|Quark Drive|[silent]\n|-damage|p1b: Arcanine|66\/100|[from] Recoil\n|\n|upkeep\n|\n|t:|1700069288\n|switch|p1a: Gholdengo|Gholdengo, L50|100\/100\n|switch|p2a: Ursaluna|Ursaluna-Bloodmoon, L50, M|100\/100\n|turn|4\n|\n|t:|1700069312\n|-terastallize|p1a: Gholdengo|Dragon\n|move|p2b: Ogerpon|Ivy Cudgel|p1a: Gholdengo|[anim] Ivy Cudgel Fire\n|-resisted|p1a: Gholdengo\n|-damage|p1a: Gholdengo|68\/100\n|move|p1b: Arcanine|Flare Blitz|p2a: Ursaluna\n|-damage|p2a: Ursaluna|36\/100\n|-damage|p1b: Arcanine|42\/100|[from] Recoil\n|move|p1a: Gholdengo|Make It Rain|p2a: Ursaluna|[spread] p2a,p2b\n|-resisted|p2b: Ogerpon\n|-damage|p2a: Ursaluna|0 fnt\n|-damage|p2b: Ogerpon|0 fnt\n|-unboost|p1a: Gholdengo|spa|1\n|faint|p2a: Ursaluna\n|faint|p2b: Ogerpon\n|\n|upkeep\n|\n|t:|1700069328\n|switch|p2b: Glimmora|Glimmora, L50, M|100\/100\n|turn|5\n|\n|t:|1700069341\n|move|p2b: Glimmora|Sludge Bomb|p1a: Gholdengo\n|-damage|p1a: Gholdengo|23\/100\n|move|p1b: Arcanine|Flare Blitz|p2b: Glimmora\n|-resisted|p2b: Glimmora\n|-damage|p2b: Glimmora|47\/100\n|-activate|p2b: Glimmora|ability: Toxic Debris\n|-sidestart|p1: suchmeta|move: Toxic Spikes\n|-damage|p1b: Arcanine|27\/100|[from] Recoil\n|move|p1a: Gholdengo|Nasty Plot|p1a: Gholdengo\n|-boost|p1a: Gholdengo|spa|2\n|\n|upkeep\n|turn|6\n|\n|t:|1700069365\n|move|p2b: Glimmora|Spiky Shield|p2b: Glimmora\n|-singleturn|p2b: Glimmora|move: Protect\n|move|p1b: Arcanine|Flare Blitz|p2b: Glimmora\n|-activate|p2b: Glimmora|move: Protect\n|-damage|p1b: Arcanine|15\/100|[from] Spiky Shield|[of] p2b: Glimmora\n|move|p1a: Gholdengo|Make It Rain|p2b: Glimmora\n|-activate|p2b: Glimmora|move: Protect\n|\n|upkeep\n|turn|7\n|\n|t:|1700069380\n|move|p1a: Gholdengo|Protect|p1a: Gholdengo\n|-singleturn|p1a: Gholdengo|Protect\n|move|p2b: Glimmora|Sludge Bomb|p1a: Gholdengo\n|-activate|p1a: Gholdengo|move: Protect\n|move|p1b: Arcanine|Flare Blitz|p2b: Glimmora\n|-resisted|p2b: Glimmora\n|-damage|p2b: Glimmora|0 fnt\n|-activate|p2b: Glimmora|ability: Toxic Debris\n|-sidestart|p1: suchmeta|move: Toxic Spikes\n|faint|p2b: Glimmora\n|-damage|p1b: Arcanine|2\/100|[from] Recoil\n|\n|win|suchmeta\n|raw|suchmeta's rating: 1323 &rarr; <strong>1342<\/strong><br \/>(+19 for winning)\n|raw|zac5224666's rating: 1310 &rarr; <strong>1291<\/strong><br \/>(-19 for losing)\n|player|p1|suchmeta|li\n","uploadtime":1700069405,"views":19,"p1id":"suchmeta","p2id":"zac5224666","formatid":"gen9vgc2023regulatione","rating":1291,"private":0,"password":""}