{"id":"gen9vgc2023regulatione-2000518521","p1":"Shwammy2","p2":"HyruleanTubist","format":"[Gen 9] VGC 2023 Regulation E","log":"|j|\u2606Shwammy2\n|j|\u2606HyruleanTubist\n|t:|1701201584\n|gametype|doubles\n|player|p1|Shwammy2|acetrainer-gen4dp|1227\n|player|p2|HyruleanTubist|265|1293\n|teamsize|p1|6\n|teamsize|p2|6\n|gen|9\n|tier|[Gen 9] VGC 2023 Regulation E\n|rated|\n|rule|Species Clause: Limit one of each Pok\u00e9mon\n|rule|Item Clause: Limit one of each item\n|clearpoke\n|poke|p1|Cresselia, L50, F|\n|poke|p1|Iron Hands, L50|\n|poke|p1|Ursaluna, L50, F|\n|poke|p1|Moltres-Galar, L50|\n|poke|p1|Basculegion, L50, M|\n|poke|p1|Torkoal, L50, M|\n|poke|p2|Landorus-Therian, L50, M|\n|poke|p2|Kommo-o, L50, M|\n|poke|p2|Sinistcha, L50|\n|poke|p2|Regieleki, L50|\n|poke|p2|Kingambit, L50, M|\n|poke|p2|Urshifu-*, L50, M|\n|teampreview|4\n|inactive|Battle timer is ON: inactive players will automatically lose when time's up. (requested by HyruleanTubist)\n|inactive|Shwammy2 also wants the timer to be on.\n|c|\u2606Shwammy2|glhf!\nHyruleanTubist has agreed to open team sheets.\nShwammy2 has agreed to open team sheets.\n|c|\u2606HyruleanTubist|glhf\n|inactive|Shwammy2 has 30 seconds left.\n|inactive|HyruleanTubist has 30 seconds left.\n|inactive|HyruleanTubist has 20 seconds left.\n|inactive|HyruleanTubist has 15 seconds left.\n|inactive|HyruleanTubist has 10 seconds left.\n|\n|t:|1701201651\n|start\n|switch|p1a: Cresselia|Cresselia, L50, F|100\/100\n|switch|p1b: Iron Hands|Iron Hands, L50|100\/100\n|switch|p2a: Kommo-o|Kommo-o, L50, M|100\/100\n|switch|p2b: Urshifu|Urshifu-Rapid-Strike, L50, M|100\/100\n|turn|1\n|inactive|HyruleanTubist has 30 seconds left.\n|inactive|HyruleanTubist has 20 seconds left.\n|\n|t:|1701201689\n|-terastallize|p2a: Kommo-o|Steel\n|move|p2b: Urshifu|Detect|p2b: Urshifu\n|-singleturn|p2b: Urshifu|Protect\n|move|p1b: Iron Hands|Fake Out|p2b: Urshifu\n|-activate|p2b: Urshifu|move: Protect\n|move|p2a: Kommo-o|Clangorous Soul|p2a: Kommo-o\n|-boost|p2a: Kommo-o|atk|1\n|-boost|p2a: Kommo-o|def|1\n|-boost|p2a: Kommo-o|spa|1\n|-boost|p2a: Kommo-o|spd|1\n|-boost|p2a: Kommo-o|spe|1\n|-damage|p2a: Kommo-o|68\/100\n|-enditem|p2a: Kommo-o|Throat Spray\n|-boost|p2a: Kommo-o|spa|1|[from] item: Throat Spray\n|move|p1a: Cresselia|Trick Room|p1a: Cresselia\n|-fieldstart|move: Trick Room|[of] p1a: Cresselia\n|\n|upkeep\n|turn|2\n|inactive|HyruleanTubist has 30 seconds left.\n|\n|t:|1701201720\n|switch|p2b: Sinistcha|Sinistcha, L50|100\/100\n|-heal|p2a: Kommo-o|93\/100|[from] ability: Hospitality|[of] p2b: Sinistcha\n|move|p2a: Kommo-o|Protect|p2a: Kommo-o\n|-singleturn|p2a: Kommo-o|Protect\n|move|p1b: Iron Hands|Drain Punch|p2a: Kommo-o\n|-activate|p2a: Kommo-o|move: Protect\n|move|p1a: Cresselia|Psychic|p2b: Sinistcha\n|-damage|p2b: Sinistcha|78\/100\n|\n|upkeep\n|turn|3\n|\n|t:|1701201738\n|move|p2b: Sinistcha|Rage Powder|p2b: Sinistcha\n|-singleturn|p2b: Sinistcha|move: Rage Powder\n|move|p1b: Iron Hands|Drain Punch|p2b: Sinistcha\n|-immune|p2b: Sinistcha\n|move|p1a: Cresselia|Psychic|p2b: Sinistcha\n|-damage|p2b: Sinistcha|53\/100\n|move|p2a: Kommo-o|Clanging Scales|p1a: Cresselia|[spread] p1a,p1b\n|-damage|p1a: Cresselia|59\/100\n|-damage|p1b: Iron Hands|45\/100\n|-unboost|p2a: Kommo-o|def|1\n|\n|upkeep\n|turn|4\n|\n|t:|1701201757\n|move|p2b: Sinistcha|Rage Powder|p2b: Sinistcha\n|-singleturn|p2b: Sinistcha|move: Rage Powder\n|move|p1b: Iron Hands|Volt Switch|p2b: Sinistcha\n|-resisted|p2b: Sinistcha\n|-damage|p2b: Sinistcha|47\/100\n|\n|t:|1701201762\n|-end|p1b: Iron Hands|Quark Drive|[silent]\n|switch|p1b: Ursaluna|Ursaluna, L50, F|100\/100|[from] Volt Switch\n|move|p1a: Cresselia|Psychic|p2b: Sinistcha\n|-damage|p2b: Sinistcha|25\/100\n|move|p2a: Kommo-o|Clanging Scales|p1a: Cresselia|[spread] p1a,p1b\n|-damage|p1a: Cresselia|15\/100\n|-damage|p1b: Ursaluna|36\/100\n|-unboost|p2a: Kommo-o|def|1\n|\n|-status|p1b: Ursaluna|brn|[from] item: Flame Orb\n|upkeep\n|turn|5\n|\n|t:|1701201777\n|move|p2b: Sinistcha|Protect|p2b: Sinistcha\n|-singleturn|p2b: Sinistcha|Protect\n|move|p2a: Kommo-o|Protect|p2a: Kommo-o\n|-singleturn|p2a: Kommo-o|Protect\n|move|p1b: Ursaluna|Earthquake|p2b: Sinistcha|[spread] \n|-activate|p2a: Kommo-o|move: Protect\n|-activate|p2b: Sinistcha|move: Protect\n|-immune|p1a: Cresselia|[from] ability: Levitate\n|move|p1a: Cresselia|Psychic|p2b: Sinistcha\n|-activate|p2b: Sinistcha|move: Protect\n|\n|-damage|p1b: Ursaluna|30\/100 brn|[from] brn\n|-fieldend|move: Trick Room\n|upkeep\n|turn|6\n|\n|t:|1701201794\n|-terastallize|p1a: Cresselia|Fairy\n|move|p1b: Ursaluna|Protect|p1b: Ursaluna\n|-singleturn|p1b: Ursaluna|Protect\n|move|p2b: Sinistcha|Rage Powder|p2b: Sinistcha\n|-singleturn|p2b: Sinistcha|move: Rage Powder\n|move|p2a: Kommo-o|Clanging Scales|p1b: Ursaluna|[spread] \n|-activate|p1b: Ursaluna|move: Protect\n|-immune|p1a: Cresselia\n|move|p1a: Cresselia|Trick Room|p1a: Cresselia\n|-fieldstart|move: Trick Room|[of] p1a: Cresselia\n|\n|-damage|p1b: Ursaluna|24\/100 brn|[from] brn\n|upkeep\n|turn|7\n|\n|t:|1701201814\n|switch|p2b: Landorus|Landorus-Therian, L50, M|100\/100\n|-ability|p2b: Landorus|Intimidate|boost\n|-unboost|p1a: Cresselia|atk|1\n|-unboost|p1b: Ursaluna|atk|1\n|move|p2a: Kommo-o|Protect|p2a: Kommo-o\n|-singleturn|p2a: Kommo-o|Protect\n|move|p1b: Ursaluna|Earthquake|p2a: Kommo-o|[spread] \n|-activate|p2a: Kommo-o|move: Protect\n|-immune|p1a: Cresselia|[from] ability: Levitate\n|-immune|p2b: Landorus\n|move|p1a: Cresselia|Psychic|p2b: Landorus\n|-damage|p2b: Landorus|69\/100\n|\n|-damage|p1b: Ursaluna|18\/100 brn|[from] brn\n|upkeep\n|turn|8\n|inactive|HyruleanTubist has 30 seconds left.\n|inactive|HyruleanTubist has 20 seconds left.\n|\n|t:|1701201849\n|move|p1b: Ursaluna|Earthquake|p2b: Landorus|[spread] p2a\n|-immune|p1a: Cresselia|[from] ability: Levitate\n|-immune|p2b: Landorus\n|-supereffective|p2a: Kommo-o\n|-damage|p2a: Kommo-o|0 fnt\n|faint|p2a: Kommo-o\n|move|p1a: Cresselia|Psychic|p2b: Landorus\n|-damage|p2b: Landorus|36\/100\n|-unboost|p2b: Landorus|spd|1\n|move|p2b: Landorus|Rock Slide|p1a: Cresselia|[spread] p1a,p1b\n|-resisted|p1b: Ursaluna\n|-damage|p1a: Cresselia|1\/100\n|-damage|p1b: Ursaluna|9\/100 brn\n|\n|-damage|p1b: Ursaluna|3\/100 brn|[from] brn\n|upkeep\n|\n|t:|1701201864\n|switch|p2a: Urshifu|Urshifu-Rapid-Strike, L50, M|100\/100\n|turn|9\n|\n|t:|1701201875\n|move|p2a: Urshifu|Aqua Jet|p1b: Ursaluna\n|-supereffective|p1b: Ursaluna\n|-damage|p1b: Ursaluna|0 fnt\n|faint|p1b: Ursaluna\n|move|p1a: Cresselia|Psychic|p2a: Urshifu\n|-supereffective|p2a: Urshifu\n|-damage|p2a: Urshifu|19\/100\n|move|p2b: Landorus|Rock Slide|p1a: Cresselia\n|-damage|p1a: Cresselia|0 fnt\n|faint|p1a: Cresselia\n|\n|upkeep\n|\n|t:|1701201879\n|switch|p1b: Iron Hands|Iron Hands, L50|45\/100\n|switch|p1a: Basculegion|Basculegion, L50, M|100\/100\n|turn|10\n|\n|t:|1701201894\n|move|p2a: Urshifu|Detect|p2a: Urshifu\n|-singleturn|p2a: Urshifu|Protect\n|move|p1b: Iron Hands|Fake Out|p2a: Urshifu\n|-activate|p2a: Urshifu|move: Protect\n|move|p1a: Basculegion|Wave Crash|p2b: Landorus\n|-supereffective|p2b: Landorus\n|-damage|p2b: Landorus|0 fnt\n|faint|p2b: Landorus\n|-damage|p1a: Basculegion|92\/100|[from] Recoil\n|\n|-fieldend|move: Trick Room\n|upkeep\n|\n|t:|1701201903\n|switch|p2b: Sinistcha|Sinistcha, L50|25\/100\n|-heal|p2a: Urshifu|44\/100|[from] ability: Hospitality|[of] p2b: Sinistcha\n|turn|11\n|\n|t:|1701201923\n|move|p1a: Basculegion|Protect|p1a: Basculegion\n|-singleturn|p1a: Basculegion|Protect\n|move|p2a: Urshifu|Surging Strikes|p1b: Iron Hands\n|-crit|p1b: Iron Hands\n|-damage|p1b: Iron Hands|25\/100\n|-crit|p1b: Iron Hands\n|-damage|p1b: Iron Hands|7\/100\n|-crit|p1b: Iron Hands\n|-damage|p1b: Iron Hands|0 fnt\n|faint|p1b: Iron Hands\n|-end|p1b: Iron Hands|Quark Drive|[silent]\n|-hitcount|p1: Iron Hands|3\n|move|p2b: Sinistcha|Strength Sap|p1a: Basculegion\n|-activate|p1a: Basculegion|move: Protect\n|\n|upkeep\n|turn|12\n|inactive|HyruleanTubist has 30 seconds left.\n|\n|t:|1701201950\n|move|p2a: Urshifu|Surging Strikes|p1a: Basculegion\n|-resisted|p1a: Basculegion\n|-crit|p1a: Basculegion\n|-damage|p1a: Basculegion|77\/100\n|-resisted|p1a: Basculegion\n|-crit|p1a: Basculegion\n|-damage|p1a: Basculegion|64\/100\n|-resisted|p1a: Basculegion\n|-crit|p1a: Basculegion\n|-damage|p1a: Basculegion|51\/100\n|-hitcount|p1a: Basculegion|3\n|move|p2b: Sinistcha|Matcha Gotcha|p1a: Basculegion\n|-supereffective|p1a: Basculegion\n|-damage|p1a: Basculegion|0 fnt\n|-heal|p2b: Sinistcha|58\/100|[from] drain|[of] p1a: Basculegion\n|faint|p1a: Basculegion\n|\n|win|HyruleanTubist\n|raw|Shwammy2's rating: 1227 &rarr; <strong>1207<\/strong><br \/>(-20 for losing)\n|raw|HyruleanTubist's rating: 1293 &rarr; <strong>1313<\/strong><br \/>(+20 for winning)\n|c|\u2606Shwammy2|gg\n|l|\u2606Shwammy2\n|c|\u2606HyruleanTubist|gg\n","uploadtime":1701201973,"views":9,"p1id":"shwammy2","p2id":"hyruleantubist","formatid":"gen9vgc2023regulatione","rating":1207,"private":0,"password":""}