{"id":"gen9vgc2023regulatione-1996317781","p1":"Thehoppa117","p2":"sike038","format":"[Gen 9] VGC 2023 Regulation E","log":"|j|\u2606Thehoppa117\n|j|\u2606sike038\n|t:|1700670607\n|gametype|doubles\n|player|p1|Thehoppa117|benga|\n|player|p2|sike038|gardenia|\n|teamsize|p1|6\n|teamsize|p2|6\n|gen|9\n|tier|[Gen 9] VGC 2023 Regulation E\n|rated|Tournament battle\n|rule|Species Clause: Limit one of each Pok\u00e9mon\n|rule|Item Clause: Limit one of each item\n|clearpoke\n|poke|p1|Iron Jugulis, L50|\n|poke|p1|Iron Hands, L50|\n|poke|p1|Iron Moth, L50|\n|poke|p1|Ogerpon-Hearthflame, L50, F|\n|poke|p1|Flutter Mane, L50|\n|poke|p1|Sinistcha, L50|\n|poke|p2|Regidrago, L50|\n|poke|p2|Tornadus, L50, M|\n|poke|p2|Indeedee-F, L50, F|\n|poke|p2|Amoonguss, L50, M|\n|poke|p2|Arcanine-Hisui, L50, F|\n|poke|p2|Ursaluna-Bloodmoon, L50, M|\n|teampreview|4\n|showteam|p1|Iron Jugulis||BoosterEnergy|QuarkDrive|AirSlash,SunnyDay,ElectricTerrain,Tailwind||||||50|,,,,,Steel]Iron Hands||AssaultVest|QuarkDrive|IcePunch,DrainPunch,Earthquake,ThunderPunch||||||50|,,,,,Ground]Iron Moth||ChoiceScarf|QuarkDrive|HeatWave,Discharge,DazzlingGleam,SludgeWave||||||50|,,,,,Fairy]Ogerpon-Hearthflame||HearthflameMask|MoldBreaker|HornLeech,SpikyShield,SolarBlade,IvyCudgel|||F|||50|,,,,,Fire]Flutter Mane||LifeOrb|Protosynthesis|DazzlingGleam,ShadowBall,IcyWind,Protect||||||50|,,,,,Ghost]Sinistcha||ElectricSeed|Hospitality|MatchaGotcha,RagePowder,Protect,StrengthSap||||||50|,,,,,Grass\n|showteam|p2|Regidrago||DragonFang|DragonsMaw|DragonEnergy,DracoMeteor,EarthPower,Protect||||||50|,,,,,Steel]Tornadus||CovertCloak|Prankster|Tailwind,Taunt,BleakwindStorm,RainDance|||M|||50|,,,,,Dark]Indeedee-F||SafetyGoggles|PsychicSurge|FollowMe,HelpingHand,DazzlingGleam,TrickRoom|||F|||50|,,,,,Fairy]Amoonguss||RockyHelmet|Regenerator|RagePowder,PollenPuff,Spore,GrassKnot|||M|||50|,,,,,Water]Arcanine-Hisui||ChoiceBand|Intimidate|RockSlide,FlareBlitz,ExtremeSpeed,TeraBlast|||F|||50|,,,,,Fairy]Ursaluna-Bloodmoon||ThroatSpray|MindsEye|HyperVoice,BloodMoon,EarthPower,Protect|||M|||50|,,,,,Normal\n|inactive|Battle timer is ON: inactive players will automatically lose when time's up. (requested by Thehoppa117)\n|c|\u2606sike038|glhf\n|inactiveoff|Battle timer is now OFF.\n|inactive|Battle timer is ON: inactive players will automatically lose when time's up. (requested by Thehoppa117)\n|\n|t:|1700670726\n|start\n|switch|p1a: Iron Jugulis|Iron Jugulis, L50|100\/100\n|switch|p1b: Flutter Mane|Flutter Mane, L50|100\/100\n|switch|p2a: Tornadus|Tornadus, L50, M|100\/100\n|switch|p2b: Regidrago|Regidrago, L50|100\/100\n|-enditem|p1a: Iron Jugulis|Booster Energy\n|-activate|p1a: Iron Jugulis|ability: Quark Drive|[fromitem]\n|-start|p1a: Iron Jugulis|quarkdrivespe\n|turn|1\n|inactive|Thehoppa117 has 30 seconds left.\n|inactive|sike038 has 30 seconds left.\n|\n|t:|1700670763\n|-terastallize|p1a: Iron Jugulis|Steel\n|-terastallize|p2b: Regidrago|Steel\n|move|p2a: Tornadus|Tailwind|p2a: Tornadus\n|-sidestart|p2: sike038|move: Tailwind\n|move|p1a: Iron Jugulis|Sunny Day|p1a: Iron Jugulis\n|-weather|SunnyDay\n|-activate|p1b: Flutter Mane|ability: Protosynthesis\n|-start|p1b: Flutter Mane|protosynthesisspe\n|move|p1b: Flutter Mane|Dazzling Gleam|p2b: Regidrago|[spread] p2a,p2b\n|-resisted|p2b: Regidrago\n|-damage|p2a: Tornadus|58\/100\n|-damage|p2b: Regidrago|79\/100\n|-damage|p1b: Flutter Mane|90\/100|[from] item: Life Orb\n|move|p2b: Regidrago|Earth Power|p1a: Iron Jugulis\n|-supereffective|p1a: Iron Jugulis\n|-damage|p1a: Iron Jugulis|40\/100\n|\n|-weather|SunnyDay|[upkeep]\n|upkeep\n|turn|2\n|inactive|sike038 has 30 seconds left.\n|\n|t:|1700670791\n|move|p2a: Tornadus|Rain Dance|p2a: Tornadus\n|-weather|RainDance\n|-end|p1b: Flutter Mane|Protosynthesis\n|move|p1a: Iron Jugulis|Tailwind|p1a: Iron Jugulis\n|-sidestart|p1: Thehoppa117|move: Tailwind\n|move|p1b: Flutter Mane|Shadow Ball|p2b: Regidrago\n|-damage|p2b: Regidrago|24\/100\n|-damage|p1b: Flutter Mane|80\/100|[from] item: Life Orb\n|move|p2b: Regidrago|Earth Power|p1a: Iron Jugulis\n|-supereffective|p1a: Iron Jugulis\n|-damage|p1a: Iron Jugulis|0 fnt\n|faint|p1a: Iron Jugulis\n|-end|p1a: Iron Jugulis|Quark Drive|[silent]\n|\n|-weather|RainDance|[upkeep]\n|upkeep\n|\n|t:|1700670803\n|switch|p1a: Iron Moth|Iron Moth, L50|100\/100\n|turn|3\n|inactive|Thehoppa117 has 30 seconds left.\n|inactive|Thehoppa117 has 20 seconds left.\n|\n|t:|1700670843\n|move|p1a: Iron Moth|Dazzling Gleam|p2a: Tornadus|[spread] p2a,p2b\n|-resisted|p2b: Regidrago\n|-damage|p2a: Tornadus|35\/100\n|-damage|p2b: Regidrago|10\/100\n|move|p1b: Flutter Mane|Dazzling Gleam|p2a: Tornadus|[spread] p2a,p2b\n|-resisted|p2b: Regidrago\n|-damage|p2a: Tornadus|0 fnt\n|-damage|p2b: Regidrago|0 fnt\n|faint|p2a: Tornadus\n|faint|p2b: Regidrago\n|-damage|p1b: Flutter Mane|70\/100|[from] item: Life Orb\n|\n|-weather|RainDance|[upkeep]\n|upkeep\n|\n|t:|1700670853\n|switch|p2a: Arcanine|Arcanine-Hisui, L50, F|100\/100\n|switch|p2b: Indeedee|Indeedee-F, L50, F|100\/100\n|-ability|p2a: Arcanine|Intimidate|boost\n|-unboost|p1a: Iron Moth|atk|1\n|-unboost|p1b: Flutter Mane|atk|1\n|-fieldstart|move: Psychic Terrain|[from] ability: Psychic Surge|[of] p2b: Indeedee\n|turn|4\n|j| ClaritynKnarkare\n|inactive|sike038 has 30 seconds left.\n|\n|t:|1700670880\n|move|p1b: Flutter Mane|Protect|p1b: Flutter Mane\n|-singleturn|p1b: Flutter Mane|Protect\n|move|p2b: Indeedee|Follow Me|p2b: Indeedee\n|-singleturn|p2b: Indeedee|move: Follow Me\n|move|p1a: Iron Moth|Dazzling Gleam|p2a: Arcanine|[spread] p2a,p2b\n|-resisted|p2a: Arcanine\n|-crit|p2b: Indeedee\n|-damage|p2a: Arcanine|85\/100\n|-damage|p2b: Indeedee|72\/100\n|move|p2a: Arcanine|Rock Slide|p1a: Iron Moth|[spread] p1a\n|-activate|p1b: Flutter Mane|move: Protect\n|-supereffective|p1a: Iron Moth\n|-damage|p1a: Iron Moth|0 fnt\n|faint|p1a: Iron Moth\n|-end|p1a: Iron Moth|Quark Drive|[silent]\n|\n|-weather|RainDance|[upkeep]\n|-sideend|p2: sike038|move: Tailwind\n|upkeep\n|\n|t:|1700670890\n|switch|p1a: Iron Hands|Iron Hands, L50|100\/100\n|turn|5\n|\n|t:|1700670909\n|move|p2b: Indeedee|Follow Me|p2b: Indeedee\n|-singleturn|p2b: Indeedee|move: Follow Me\n|move|p1b: Flutter Mane|Dazzling Gleam|p2a: Arcanine|[spread] p2a,p2b\n|-resisted|p2a: Arcanine\n|-damage|p2a: Arcanine|58\/100\n|-damage|p2b: Indeedee|37\/100\n|-damage|p1b: Flutter Mane|60\/100|[from] item: Life Orb\n|move|p2a: Arcanine|Rock Slide|p1b: Flutter Mane|[spread] p1a,p1b\n|-resisted|p1a: Iron Hands\n|-damage|p1a: Iron Hands|87\/100\n|-damage|p1b: Flutter Mane|0 fnt\n|faint|p1b: Flutter Mane\n|-end|p1b: Flutter Mane|Protosynthesis|[silent]\n|move|p1a: Iron Hands|Earthquake|p2b: Indeedee|[spread] p2a,p2b\n|-supereffective|p2a: Arcanine\n|-damage|p2a: Arcanine|0 fnt\n|-damage|p2b: Indeedee|3\/100\n|faint|p2a: Arcanine\n|\n|-weather|RainDance|[upkeep]\n|-sideend|p1: Thehoppa117|move: Tailwind\n|upkeep\n|turn|6\n|\n|t:|1700670923\n|move|p2b: Indeedee|Dazzling Gleam|p1a: Iron Hands\n|-supereffective|p1a: Iron Hands\n|-damage|p1a: Iron Hands|64\/100\n|move|p1a: Iron Hands|Thunder Punch|p2b: Indeedee\n|-damage|p2b: Indeedee|0 fnt\n|faint|p2b: Indeedee\n|\n|win|Thehoppa117\n|n|\u2606Thehoppa117|thehoppa117\n|n|\u2606sike038|sike038\n|n| ClaritynKnarkare|claritynknarkare\n|c|\u2606sike038|damn\n|c|\u2606sike038|gg\n|c|\u2606Thehoppa117|gg\n","uploadtime":1700670937,"views":1,"p1id":"thehoppa117","p2id":"sike038","formatid":"gen9vgc2023regulatione","rating":0,"private":0,"password":""}