{"id":"gen9vgc2023regulatione-2000540605","p1":"NikyuAlex","p2":"Elias96\u262f","format":"[Gen 9] VGC 2023 Regulation E","log":"|j|\u2606NikyuAlex\n|j|\u2606Elias96\u262f\n|n|\u2606NikyuAlex|nikyualex\n|n|\u2606Elias96\u262f|elias96\n|html|View the match progress at <a href=\"\/game-bestof3-gen9vgc2023regulatione-2000540604\">game-bestof3-gen9vgc2023regulatione-2000540604<\/a>\n|t:|1701203608\n|gametype|doubles\n|player|p1|NikyuAlex|steven|\n|player|p2|Elias96\u262f|lucas|\n|teamsize|p1|6\n|teamsize|p2|6\n|gen|9\n|tier|[Gen 9] VGC 2023 Regulation E\n|rule|Species Clause: Limit one of each Pok\u00e9mon\n|rule|Item Clause: Limit one of each item\n|clearpoke\n|poke|p1|Urshifu-*, L50, F|\n|poke|p1|Gholdengo, L50|\n|poke|p1|Rillaboom, L50, M|\n|poke|p1|Chien-Pao, L50|\n|poke|p1|Arcanine-Hisui, L50, M|\n|poke|p1|Tornadus, L50, M|\n|poke|p2|Cresselia, L50, F|\n|poke|p2|Heatran, L50, F|\n|poke|p2|Landorus-Therian, L50, M|\n|poke|p2|Iron Hands, L50|\n|poke|p2|Ogerpon-Wellspring, L50, F|\n|poke|p2|Flutter Mane, L50|\n|teampreview|4\nNikyuAlex has agreed to open team sheets.\n|c|\u2606NikyuAlex|gl hf\n|j| PallePallose\nElias96\u262f has agreed to open team sheets.\n|showteam|p1|Urshifu-Rapid-Strike||MysticWater|UnseenFist|SurgingStrikes,CloseCombat,AquaJet,Protect|||F|||50|,,,,,Water]Gholdengo||ChoiceSpecs|GoodasGold|MakeItRain,ShadowBall,Thunderbolt,SteelBeam||||||50|,,,,,Steel]Rillaboom||AssaultVest|GrassySurge|WoodHammer,GrassyGlide,FakeOut,HighHorsepower|||M|||50|,,,,,Ghost]Chien-Pao||FocusSash|SwordofRuin|IceSpinner,SuckerPunch,SacredSword,Protect||||||50|,,,,,Ghost]Arcanine-Hisui||SafetyGoggles|Intimidate|ExtremeSpeed,FlareBlitz,RockSlide,WillOWisp|||M|||50|,,,,,Fairy]Tornadus||SitrusBerry|Prankster|BleakwindStorm,Tailwind,RainDance,Protect|||M|||50|,,,,,Dragon\n|showteam|p2|Cresselia||SitrusBerry|Levitate|LunarBlessing,TrickRoom,IceBeam,Psychic|||F|||50|,,,,,Poison]Heatran||Leftovers|FlashFire|HeatWave,FlashCannon,EarthPower,Protect|||F|||50|,,,,,Grass]Landorus-Therian||ChoiceScarf|Intimidate|RockSlide,TeraBlast,StompingTantrum,Uturn|||M|||50|,,,,,Flying]Iron Hands||AssaultVest|QuarkDrive|DrainPunch,WildCharge,FakeOut,HeavySlam||||||50|,,,,,Water]Ogerpon-Wellspring||WellspringMask|WaterAbsorb|IvyCudgel,HornLeech,SpikyShield,FollowMe|||F|||50|,,,,,Water]Flutter Mane||ChoiceSpecs|Protosynthesis|Moonblast,ShadowBall,DazzlingGleam,PerishSong||||||50|,,,,,Fairy\n|c|\u2606Elias96\u262f|U2\n|j| KaosCarter\n|j| Morty92VGC\n|c|\u2606NikyuAlex|ma perch\u00e9 hanno storpiato lo sprite di flutter\n|c|\u2606NikyuAlex|era tanto bello quell'altro\n|c|\u2606Elias96\u262f|Ah boh io sono da Cell con gli Sprite 2d\n|\n|t:|1701203747\n|start\n|switch|p1a: Gholdengo|Gholdengo, L50|100\/100\n|switch|p1b: Arcanine|Arcanine-Hisui, L50, M|100\/100\n|switch|p2a: Cresselia|Cresselia, L50, F|100\/100\n|switch|p2b: Iron Hands|Iron Hands, L50|100\/100\n|-ability|p1b: Arcanine|Intimidate|boost\n|-unboost|p2a: Cresselia|atk|1\n|-unboost|p2b: Iron Hands|atk|1\n|turn|1\n|\n|t:|1701203766\n|switch|p1b: Rillaboom|Rillaboom, L50, M|100\/100\n|-fieldstart|move: Grassy Terrain|[from] ability: Grassy Surge|[of] p1b: Rillaboom\n|-terastallize|p2a: Cresselia|Poison\n|move|p2b: Iron Hands|Fake Out|p1b: Rillaboom\n|-damage|p1b: Rillaboom|91\/100\n|move|p1a: Gholdengo|Shadow Ball|p2a: Cresselia\n|-damage|p2a: Cresselia|63\/100\n|move|p2a: Cresselia|Trick Room|p2a: Cresselia\n|-fieldstart|move: Trick Room|[of] p2a: Cresselia\n|\n|-heal|p1b: Rillaboom|97\/100|[from] Grassy Terrain\n|upkeep\n|turn|2\n|\n|t:|1701203796\n|-end|p2b: Iron Hands|Quark Drive|[silent]\n|switch|p2b: Heatran|Heatran, L50, F|100\/100\n|switch|p1b: Arcanine|Arcanine-Hisui, L50, M|100\/100\n|-ability|p1b: Arcanine|Intimidate|boost\n|-unboost|p2a: Cresselia|atk|1\n|-unboost|p2b: Heatran|atk|1\n|move|p2a: Cresselia|Ice Beam|p1b: Arcanine\n|-resisted|p1b: Arcanine\n|-damage|p1b: Arcanine|91\/100\n|move|p1a: Gholdengo|Shadow Ball|p2b: Heatran\n|-damage|p2b: Heatran|39\/100\n|\n|-heal|p2b: Heatran|46\/100|[from] Grassy Terrain\n|-heal|p2b: Heatran|52\/100|[from] item: Leftovers\n|-heal|p1b: Arcanine|97\/100|[from] Grassy Terrain\n|upkeep\n|turn|3\n|\n|t:|1701203821\n|switch|p1a: Rillaboom|Rillaboom, L50, M|97\/100\n|-terastallize|p1b: Arcanine|Fairy\n|move|p2a: Cresselia|Lunar Blessing|p2a: Cresselia|[spread] p2a,p2b\n|-heal|p2a: Cresselia|88\/100\n|-heal|p2b: Heatran|77\/100\n|move|p2b: Heatran|Heat Wave|p1a: Rillaboom|[spread] p1b\n|-miss|p2b: Heatran|p1a: Rillaboom\n|-damage|p1b: Arcanine|50\/100\n|move|p1b: Arcanine|Rock Slide|p2b: Heatran|[spread] p2a,p2b\n|-damage|p2a: Cresselia|72\/100\n|-damage|p2b: Heatran|55\/100\n|\n|-heal|p2b: Heatran|61\/100|[from] Grassy Terrain\n|-heal|p2b: Heatran|67\/100|[from] item: Leftovers\n|-heal|p1a: Rillaboom|100\/100|[from] Grassy Terrain\n|-heal|p1b: Arcanine|57\/100|[from] Grassy Terrain\n|upkeep\n|turn|4\n|\n|t:|1701203860\n|switch|p2a: Iron Hands|Iron Hands, L50|100\/100\n|switch|p1b: Chien-Pao|Chien-Pao, L50|100\/100\n|-ability|p1b: Chien-Pao|Sword of Ruin\n|move|p2b: Heatran|Protect|p2b: Heatran\n|-singleturn|p2b: Heatran|Protect\n|move|p1a: Rillaboom|Fake Out|p2b: Heatran\n|-activate|p2b: Heatran|move: Protect\n|\n|-heal|p2b: Heatran|74\/100|[from] Grassy Terrain\n|-heal|p2b: Heatran|80\/100|[from] item: Leftovers\n|upkeep\n|turn|5\n|\n|t:|1701203874\n|switch|p1a: Arcanine|Arcanine-Hisui, L50, M, tera:Fairy|57\/100\n|-ability|p1a: Arcanine|Intimidate|boost\n|-unboost|p2a: Iron Hands|atk|1\n|-unboost|p2b: Heatran|atk|1\n|move|p1b: Chien-Pao|Protect|p1b: Chien-Pao\n|-singleturn|p1b: Chien-Pao|Protect\n|move|p2a: Iron Hands|Fake Out|p1a: Arcanine\n|-damage|p1a: Arcanine|42\/100\n|move|p2b: Heatran|Heat Wave|p1b: Chien-Pao|[spread] p1a\n|-activate|p1b: Chien-Pao|move: Protect\n|-damage|p1a: Arcanine|0 fnt\n|faint|p1a: Arcanine\n|\n|-heal|p2b: Heatran|86\/100|[from] Grassy Terrain\n|-heal|p2b: Heatran|92\/100|[from] item: Leftovers\n|-fieldend|move: Trick Room\n|-fieldend|move: Grassy Terrain\n|upkeep\n|\n|t:|1701203891\n|switch|p1a: Rillaboom|Rillaboom, L50, M|100\/100\n|-fieldstart|move: Grassy Terrain|[from] ability: Grassy Surge|[of] p1a: Rillaboom\n|turn|6\n|\n|t:|1701203917\n|switch|p2b: Cresselia|Cresselia, L50, F, tera:Poison|72\/100\n|move|p1b: Chien-Pao|Ice Spinner|p2b: Cresselia\n|-crit|p2b: Cresselia\n|-damage|p2b: Cresselia|24\/100\n|-fieldend|move: Grassy Terrain\n|-enditem|p2b: Cresselia|Sitrus Berry|[eat]\n|-heal|p2b: Cresselia|49\/100|[from] item: Sitrus Berry\n|move|p1a: Rillaboom|High Horsepower|p2b: Cresselia\n|-immune|p2b: Cresselia|[from] ability: Levitate\n|move|p2a: Iron Hands|Drain Punch|p1b: Chien-Pao\n|-supereffective|p1b: Chien-Pao\n|-enditem|p1b: Chien-Pao|Focus Sash\n|-damage|p1b: Chien-Pao|1\/100\n|\n|upkeep\n|turn|7\n|\n|t:|1701203942\n|move|p1b: Chien-Pao|Ice Spinner|p2b: Cresselia\n|-damage|p2b: Cresselia|17\/100\n|move|p1a: Rillaboom|Wood Hammer|p2b: Cresselia\n|-resisted|p2b: Cresselia\n|-damage|p2b: Cresselia|0 fnt\n|faint|p2b: Cresselia\n|-damage|p1a: Rillaboom|94\/100|[from] Recoil\n|move|p2a: Iron Hands|Drain Punch|p1b: Chien-Pao\n|-supereffective|p1b: Chien-Pao\n|-damage|p1b: Chien-Pao|0 fnt\n|faint|p1b: Chien-Pao\n|\n|upkeep\n|j| thelastraw\n|l| thelastraw\n|\n|t:|1701203964\n|switch|p1b: Gholdengo|Gholdengo, L50|100\/100\n|switch|p2b: Heatran|Heatran, L50, F|92\/100\n|turn|8\n|\n|t:|1701203979\n|-end|p2a: Iron Hands|Quark Drive|[silent]\n|switch|p2a: Ogerpon|Ogerpon-Wellspring, L50, F|100\/100\n|move|p2b: Heatran|Protect|p2b: Heatran\n|-singleturn|p2b: Heatran|Protect\n|move|p1b: Gholdengo|Make It Rain|p2a: Ogerpon|[spread] p2a\n|-activate|p2b: Heatran|move: Protect\n|-resisted|p2a: Ogerpon\n|-damage|p2a: Ogerpon|60\/100\n|-unboost|p1b: Gholdengo|spa|1\n|move|p1a: Rillaboom|High Horsepower|p2b: Heatran\n|-activate|p2b: Heatran|move: Protect\n|\n|-heal|p2b: Heatran|98\/100|[from] item: Leftovers\n|upkeep\n|turn|9\n|\n|t:|1701203990\n|move|p2a: Ogerpon|Follow Me|p2a: Ogerpon\n|-singleturn|p2a: Ogerpon|move: Follow Me\n|move|p1b: Gholdengo|Make It Rain|p2b: Heatran|[spread] p2a,p2b\n|-resisted|p2a: Ogerpon\n|-resisted|p2b: Heatran\n|-damage|p2a: Ogerpon|36\/100\n|-damage|p2b: Heatran|87\/100\n|-unboost|p1b: Gholdengo|spa|1\n|move|p1a: Rillaboom|Grassy Glide|p2a: Ogerpon\n|-damage|p2a: Ogerpon|10\/100\n|move|p2b: Heatran|Heat Wave|p1a: Rillaboom|[spread] p1a,p1b\n|-supereffective|p1a: Rillaboom\n|-supereffective|p1b: Gholdengo\n|-damage|p1a: Rillaboom|37\/100\n|-damage|p1b: Gholdengo|11\/100\n|\n|-heal|p2b: Heatran|93\/100|[from] item: Leftovers\n|upkeep\n|turn|10\n|\n|t:|1701204011\n|move|p2a: Ogerpon|Spiky Shield|p2a: Ogerpon\n|-singleturn|p2a: Ogerpon|move: Protect\n|move|p2b: Heatran|Protect|p2b: Heatran\n|-singleturn|p2b: Heatran|Protect\n|move|p1b: Gholdengo|Make It Rain|p2a: Ogerpon|[spread] \n|-activate|p2a: Ogerpon|move: Protect\n|-activate|p2b: Heatran|move: Protect\n|move|p1a: Rillaboom|High Horsepower|p2a: Ogerpon\n|-activate|p2a: Ogerpon|move: Protect\n|-damage|p1a: Rillaboom|25\/100|[from] Spiky Shield|[of] p2a: Ogerpon\n|\n|-heal|p2b: Heatran|99\/100|[from] item: Leftovers\n|upkeep\n|turn|11\n|\n|t:|1701204018\n|switch|p2b: Iron Hands|Iron Hands, L50|100\/100\n|move|p1b: Gholdengo|Make It Rain|p2a: Ogerpon|[spread] p2a,p2b\n|-resisted|p2a: Ogerpon\n|-resisted|p2b: Iron Hands\n|-damage|p2a: Ogerpon|0 fnt\n|-damage|p2b: Iron Hands|90\/100\n|-unboost|p1b: Gholdengo|spa|1\n|faint|p2a: Ogerpon\n|move|p1a: Rillaboom|High Horsepower|p2b: Iron Hands\n|-supereffective|p2b: Iron Hands\n|-damage|p2b: Iron Hands|47\/100\n|\n|upkeep\n|\n|t:|1701204023\n|switch|p2a: Heatran|Heatran, L50, F|99\/100\n|turn|12\n|\n|t:|1701204034\n|move|p2b: Iron Hands|Fake Out|p1a: Rillaboom\n|-damage|p1a: Rillaboom|12\/100\n|move|p1b: Gholdengo|Make It Rain|p2a: Heatran|[spread] p2a,p2b\n|-resisted|p2a: Heatran\n|-resisted|p2b: Iron Hands\n|-damage|p2a: Heatran|92\/100\n|-damage|p2b: Iron Hands|39\/100\n|-unboost|p1b: Gholdengo|spa|1\n|cant|p1a: Rillaboom|flinch\n|move|p2a: Heatran|Earth Power|p1b: Gholdengo\n|-supereffective|p1b: Gholdengo\n|-damage|p1b: Gholdengo|0 fnt\n|faint|p1b: Gholdengo\n|\n|-heal|p2a: Heatran|98\/100|[from] item: Leftovers\n|upkeep\n|turn|13\n|\n|t:|1701204048\n|move|p1a: Rillaboom|High Horsepower|p2a: Heatran\n|-supereffective|p2a: Heatran\n|-damage|p2a: Heatran|0 fnt\n|faint|p2a: Heatran\n|move|p2b: Iron Hands|Drain Punch|p1a: Rillaboom\n|-damage|p1a: Rillaboom|0 fnt\n|-heal|p2b: Iron Hands|44\/100|[from] drain|[of] p1a: Rillaboom\n|faint|p1a: Rillaboom\n|\n|win|Elias96\u262f\n|c|&|\/uhtml prompt-nikyualex,NikyuAlex is ready for game 2!\n|c|\u2606NikyuAlex|gg\n|c|\u2606Elias96\u262f|GG\n|c|&|\/uhtml prompt-elias96,Elias96\u262f is ready for game 2!\nBoth players are ready! Starting next match!\n|l| KaosCarter\n|j| KaosCarter\n|j| M4tty02\n|l| M4tty02\n|l| KaosCarter\n|l|\u2606NikyuAlex\n|l| PallePallose\n|j| lovegarlic\n","uploadtime":1701204580,"views":4,"p1id":"nikyualex","p2id":"elias96","formatid":"gen9vgc2023regulatione","rating":0,"private":0,"password":""}