{"id":"gen9vgc2023regulatione-1992885728","p1":"Cyalia12","p2":"ChrissssVIGISI","format":"[Gen 9] VGC 2023 Regulation E","log":"|j|\u2606Cyalia12\n|j|\u2606ChrissssVIGISI\n|n|\u2606Cyalia12|cyalia12\n|n|\u2606ChrissssVIGISI|chrissssvigisi\n|html|View the match progress at <a href=\"\/game-bestof3-gen9vgc2023regulatione-1992879745\">game-bestof3-gen9vgc2023regulatione-1992879745<\/a>\n|t:|1700243890\n|gametype|doubles\n|player|p1|Cyalia12|shadowtriad|\n|player|p2|ChrissssVIGISI|skyla|\n|teamsize|p1|6\n|teamsize|p2|6\n|gen|9\n|tier|[Gen 9] VGC 2023 Regulation E\n|rule|Species Clause: Limit one of each Pok\u00e9mon\n|rule|Item Clause: Limit one of each item\n|clearpoke\n|poke|p1|Arcanine-Hisui, L50, F|\n|poke|p1|Landorus, L50, M|\n|poke|p1|Roaring Moon, L50|\n|poke|p1|Urshifu-*, L50, M|\n|poke|p1|Flutter Mane, L50|\n|poke|p1|Rillaboom, L50, M|\n|poke|p2|Ogerpon, L50, F|\n|poke|p2|Landorus-Therian, L50, M|\n|poke|p2|Iron Bundle, L50|\n|poke|p2|Gholdengo, L50|\n|poke|p2|Chi-Yu, L50|\n|poke|p2|Iron Hands, L50|\n|teampreview|4\nCyalia12 has agreed to open team sheets.\nChrissssVIGISI has agreed to open team sheets.\n|showteam|p1|Arcanine-Hisui||ChoiceBand|Intimidate|RockSlide,FlareBlitz,ExtremeSpeed,TeraBlast|||F|||50|,,,,,Fairy]Landorus||LifeOrb|SheerForce|EarthPower,SludgeBomb,Taunt,Protect|||M|||50|,,,,,Poison]Roaring Moon||BoosterEnergy|Protosynthesis|KnockOff,BreakingSwipe,Tailwind,Protect||||||50|,,,,,Poison]Urshifu-Rapid-Strike||MysticWater|UnseenFist|SurgingStrikes,CloseCombat,AquaJet,Detect|||M|||50|,,,,,Water]Flutter Mane||ChoiceSpecs|Protosynthesis|Moonblast,DazzlingGleam,ShadowBall,IcyWind||||||50|,,,,,Fairy]Rillaboom||AssaultVest|GrassySurge|WoodHammer,HighHorsepower,GrassyGlide,FakeOut|||M|||50|,,,,,Fire\n|showteam|p2|Ogerpon||LifeOrb|Defiant|IvyCudgel,StompingTantrum,Uturn,SpikyShield|||F|||50|,,,,,Grass]Landorus-Therian||ChoiceScarf|Intimidate|Uturn,StompingTantrum,RockSlide,TeraBlast|||M|||50|,,,,,Flying]Iron Bundle||BoosterEnergy|QuarkDrive|FreezeDry,HydroPump,IcyWind,Protect||||||50|,,,,,Steel]Gholdengo||Leftovers|GoodasGold|MakeItRain,ShadowBall,NastyPlot,Protect||||||50|,,,,,Dragon]Chi-Yu||ChoiceSpecs|BeadsofRuin|HeatWave,TeraBlast,DarkPulse,Overheat||||||50|,,,,,Fairy]Iron Hands||AssaultVest|QuarkDrive|WildCharge,DrainPunch,FakeOut,HeavySlam||||||50|,,,,,Water\n|\n|t:|1700243952\n|start\n|switch|p1a: Rillaboom|Rillaboom, L50, M|100\/100\n|switch|p1b: Flutter Mane|Flutter Mane, L50|100\/100\n|switch|p2a: Landorus|Landorus-Therian, L50, M|100\/100\n|switch|p2b: Iron Bundle|Iron Bundle, L50|100\/100\n|-ability|p2a: Landorus|Intimidate|boost\n|-unboost|p1a: Rillaboom|atk|1\n|-unboost|p1b: Flutter Mane|atk|1\n|-fieldstart|move: Grassy Terrain|[from] ability: Grassy Surge|[of] p1a: Rillaboom\n|-enditem|p2b: Iron Bundle|Booster Energy\n|-activate|p2b: Iron Bundle|ability: Quark Drive|[fromitem]\n|-start|p2b: Iron Bundle|quarkdrivespe\n|turn|1\n|\n|t:|1700243972\n|switch|p2a: Gholdengo|Gholdengo, L50|100\/100\n|move|p2b: Iron Bundle|Protect|p2b: Iron Bundle\n|-singleturn|p2b: Iron Bundle|Protect\n|move|p1a: Rillaboom|Fake Out|p2a: Gholdengo\n|-immune|p2a: Gholdengo\n|move|p1b: Flutter Mane|Dazzling Gleam|p2b: Iron Bundle|[spread] p2a\n|-activate|p2b: Iron Bundle|move: Protect\n|-resisted|p2a: Gholdengo\n|-crit|p2a: Gholdengo\n|-damage|p2a: Gholdengo|68\/100\n|\n|-heal|p2a: Gholdengo|74\/100|[from] Grassy Terrain\n|-heal|p2a: Gholdengo|80\/100|[from] item: Leftovers\n|upkeep\n|turn|2\n|\n|t:|1700244005\n|-end|p1b: Flutter Mane|Protosynthesis|[silent]\n|switch|p1b: Urshifu|Urshifu-Rapid-Strike, L50, M|100\/100\n|-terastallize|p2b: Iron Bundle|Steel\n|move|p1a: Rillaboom|Grassy Glide|p2b: Iron Bundle\n|-resisted|p2b: Iron Bundle\n|-damage|p2b: Iron Bundle|87\/100\n|move|p2b: Iron Bundle|Icy Wind|p1b: Urshifu|[spread] p1a,p1b\n|-supereffective|p1a: Rillaboom\n|-resisted|p1b: Urshifu\n|-damage|p1a: Rillaboom|74\/100\n|-damage|p1b: Urshifu|87\/100\n|-unboost|p1a: Rillaboom|spe|1\n|-unboost|p1b: Urshifu|spe|1\n|move|p2a: Gholdengo|Nasty Plot|p2a: Gholdengo\n|-boost|p2a: Gholdengo|spa|2\n|\n|-heal|p2b: Iron Bundle|93\/100|[from] Grassy Terrain\n|-heal|p2a: Gholdengo|86\/100|[from] Grassy Terrain\n|-heal|p2a: Gholdengo|92\/100|[from] item: Leftovers\n|-heal|p1b: Urshifu|93\/100|[from] Grassy Terrain\n|-heal|p1a: Rillaboom|80\/100|[from] Grassy Terrain\n|upkeep\n|turn|3\n|\n|t:|1700244030\n|-terastallize|p1a: Rillaboom|Fire\n|move|p1b: Urshifu|Detect|p1b: Urshifu\n|-singleturn|p1b: Urshifu|Protect\n|move|p2b: Iron Bundle|Freeze-Dry|p1b: Urshifu\n|-activate|p1b: Urshifu|move: Protect\n|move|p2a: Gholdengo|Make It Rain|p1b: Urshifu|[spread] p1a\n|-activate|p1b: Urshifu|move: Protect\n|-resisted|p1a: Rillaboom\n|-damage|p1a: Rillaboom|45\/100\n|-unboost|p2a: Gholdengo|spa|1\n|move|p1a: Rillaboom|High Horsepower|p2a: Gholdengo\n|-supereffective|p2a: Gholdengo\n|-damage|p2a: Gholdengo|51\/100\n|\n|-heal|p2b: Iron Bundle|99\/100|[from] Grassy Terrain\n|-heal|p2a: Gholdengo|57\/100|[from] Grassy Terrain\n|-heal|p2a: Gholdengo|63\/100|[from] item: Leftovers\n|-heal|p1b: Urshifu|99\/100|[from] Grassy Terrain\n|-heal|p1a: Rillaboom|51\/100|[from] Grassy Terrain\n|upkeep\n|turn|4\n|\n|t:|1700244060\n|move|p1b: Urshifu|Aqua Jet|p2b: Iron Bundle\n|-damage|p2b: Iron Bundle|71\/100\n|move|p1a: Rillaboom|Grassy Glide|p2b: Iron Bundle\n|-resisted|p2b: Iron Bundle\n|-damage|p2b: Iron Bundle|56\/100\n|move|p2b: Iron Bundle|Freeze-Dry|p1b: Urshifu\n|-supereffective|p1b: Urshifu\n|-damage|p1b: Urshifu|12\/100\n|move|p2a: Gholdengo|Make It Rain|p1a: Rillaboom|[spread] p1a,p1b\n|-resisted|p1a: Rillaboom\n|-resisted|p1b: Urshifu\n|-damage|p1a: Rillaboom|26\/100\n|-damage|p1b: Urshifu|0 fnt\n|-unboost|p2a: Gholdengo|spa|1\n|faint|p1b: Urshifu\n|\n|-heal|p2b: Iron Bundle|62\/100|[from] Grassy Terrain\n|-heal|p2a: Gholdengo|69\/100|[from] Grassy Terrain\n|-heal|p2a: Gholdengo|75\/100|[from] item: Leftovers\n|-heal|p1a: Rillaboom|32\/100|[from] Grassy Terrain\n|upkeep\n|\n|t:|1700244072\n|switch|p1b: Roaring Moon|Roaring Moon, L50|100\/100\n|-enditem|p1b: Roaring Moon|Booster Energy\n|-activate|p1b: Roaring Moon|ability: Protosynthesis|[fromitem]\n|-start|p1b: Roaring Moon|protosynthesisspe\n|turn|5\n|\n|t:|1700244092\n|switch|p2a: Landorus|Landorus-Therian, L50, M|100\/100\n|-ability|p2a: Landorus|Intimidate|boost\n|-unboost|p1a: Rillaboom|atk|1\n|-unboost|p1b: Roaring Moon|atk|1\n|move|p2b: Iron Bundle|Icy Wind|p1a: Rillaboom|[spread] p1a,p1b\n|-resisted|p1a: Rillaboom\n|-supereffective|p1b: Roaring Moon\n|-damage|p1a: Rillaboom|26\/100\n|-damage|p1b: Roaring Moon|73\/100\n|-unboost|p1a: Rillaboom|spe|1\n|-unboost|p1b: Roaring Moon|spe|1\n|move|p1b: Roaring Moon|Tailwind|p1b: Roaring Moon\n|-sidestart|p1: Cyalia12|move: Tailwind\n|move|p1a: Rillaboom|High Horsepower|p2a: Landorus\n|-immune|p2a: Landorus\n|\n|-heal|p1b: Roaring Moon|79\/100|[from] Grassy Terrain\n|-heal|p2b: Iron Bundle|68\/100|[from] Grassy Terrain\n|-heal|p1a: Rillaboom|32\/100|[from] Grassy Terrain\n|-fieldend|move: Grassy Terrain\n|upkeep\n|turn|6\n|\n|t:|1700244115\n|switch|p1a: Flutter Mane|Flutter Mane, L50|100\/100\n|move|p1b: Roaring Moon|Breaking Swipe|p2b: Iron Bundle|[spread] p2a,p2b\n|-resisted|p2b: Iron Bundle\n|-damage|p2a: Landorus|85\/100\n|-damage|p2b: Iron Bundle|61\/100\n|-unboost|p2a: Landorus|atk|1\n|-unboost|p2b: Iron Bundle|atk|1\n|move|p2b: Iron Bundle|Hydro Pump|p1a: Flutter Mane\n|-damage|p1a: Flutter Mane|54\/100\n|move|p2a: Landorus|U-turn|p1b: Roaring Moon\n|-supereffective|p1b: Roaring Moon\n|-damage|p1b: Roaring Moon|43\/100\n|\n|t:|1700244126\n|switch|p2a: Gholdengo|Gholdengo, L50|75\/100|[from] U-turn\n|\n|-heal|p2a: Gholdengo|81\/100|[from] item: Leftovers\n|upkeep\n|turn|7\n|\n|t:|1700244140\n|move|p2b: Iron Bundle|Protect|p2b: Iron Bundle\n|-singleturn|p2b: Iron Bundle|Protect\n|move|p1a: Flutter Mane|Shadow Ball|p2a: Gholdengo\n|-supereffective|p2a: Gholdengo\n|-damage|p2a: Gholdengo|0 fnt\n|faint|p2a: Gholdengo\n|move|p1b: Roaring Moon|Knock Off|p2b: Iron Bundle\n|-activate|p2b: Iron Bundle|move: Protect\n|\n|upkeep\n|\n|t:|1700244149\n|switch|p2a: Landorus|Landorus-Therian, L50, M|85\/100\n|-ability|p2a: Landorus|Intimidate|boost\n|-unboost|p1a: Flutter Mane|atk|1\n|-unboost|p1b: Roaring Moon|atk|1\n|turn|8\n|\n|t:|1700244170\n|-end|p2b: Iron Bundle|Quark Drive|[silent]\n|switch|p2b: Iron Hands|Iron Hands, L50|100\/100\n|move|p1a: Flutter Mane|Shadow Ball|p2b: Iron Hands\n|-damage|p2b: Iron Hands|65\/100\n|move|p1b: Roaring Moon|Breaking Swipe|p2a: Landorus|[spread] p2a,p2b\n|-damage|p2a: Landorus|72\/100\n|-damage|p2b: Iron Hands|58\/100\n|-unboost|p2a: Landorus|atk|1\n|-unboost|p2b: Iron Hands|atk|1\n|move|p2a: Landorus|Stomping Tantrum|p1a: Flutter Mane\n|-damage|p1a: Flutter Mane|12\/100\n|\n|-sideend|p1: Cyalia12|move: Tailwind\n|upkeep\n|turn|9\n|\n|t:|1700244192\n|switch|p2a: Iron Bundle|Iron Bundle, L50, tera:Steel|61\/100\n|-end|p1a: Flutter Mane|Protosynthesis|[silent]\n|switch|p1a: Rillaboom|Rillaboom, L50, M, tera:Fire|32\/100\n|-fieldstart|move: Grassy Terrain|[from] ability: Grassy Surge|[of] p1a: Rillaboom\n|move|p1b: Roaring Moon|Tailwind|p1b: Roaring Moon\n|-sidestart|p1: Cyalia12|move: Tailwind\n|move|p2b: Iron Hands|Drain Punch|p1b: Roaring Moon\n|-supereffective|p1b: Roaring Moon\n|-damage|p1b: Roaring Moon|0 fnt\n|-heal|p2b: Iron Hands|76\/100|[from] drain|[of] p1b: Roaring Moon\n|faint|p1b: Roaring Moon\n|-end|p1b: Roaring Moon|Protosynthesis|[silent]\n|\n|-heal|p1a: Rillaboom|38\/100|[from] Grassy Terrain\n|-heal|p2a: Iron Bundle|67\/100|[from] Grassy Terrain\n|-heal|p2b: Iron Hands|82\/100|[from] Grassy Terrain\n|upkeep\n|\n|t:|1700244205\n|switch|p1b: Flutter Mane|Flutter Mane, L50|12\/100\n|turn|10\n|\n|t:|1700244227\n|-end|p2a: Iron Bundle|Quark Drive|[silent]\n|switch|p2a: Landorus|Landorus-Therian, L50, M|72\/100\n|-ability|p2a: Landorus|Intimidate|boost\n|-unboost|p1a: Rillaboom|atk|1\n|-unboost|p1b: Flutter Mane|atk|1\n|move|p1a: Rillaboom|Fake Out|p2a: Landorus\n|-damage|p2a: Landorus|60\/100\n|move|p1b: Flutter Mane|Moonblast|p2b: Iron Hands\n|-supereffective|p2b: Iron Hands\n|-damage|p2b: Iron Hands|0 fnt\n|faint|p2b: Iron Hands\n|-end|p2b: Iron Hands|Quark Drive|[silent]\n|\n|-heal|p1b: Flutter Mane|18\/100|[from] Grassy Terrain\n|-heal|p1a: Rillaboom|44\/100|[from] Grassy Terrain\n|upkeep\n|\n|t:|1700244236\n|switch|p2b: Iron Bundle|Iron Bundle, L50, tera:Steel|67\/100\n|turn|11\n|\n|t:|1700244251\n|move|p1b: Flutter Mane|Moonblast|p2a: Landorus\n|-damage|p2a: Landorus|0 fnt\n|faint|p2a: Landorus\n|move|p1a: Rillaboom|High Horsepower|p2b: Iron Bundle\n|-supereffective|p2b: Iron Bundle\n|-damage|p2b: Iron Bundle|17\/100\n|move|p2b: Iron Bundle|Freeze-Dry|p1b: Flutter Mane\n|-damage|p1b: Flutter Mane|0 fnt\n|faint|p1b: Flutter Mane\n|-end|p1b: Flutter Mane|Protosynthesis|[silent]\n|\n|-heal|p1a: Rillaboom|50\/100|[from] Grassy Terrain\n|-heal|p2b: Iron Bundle|23\/100|[from] Grassy Terrain\n|upkeep\n|turn|12\n|\n|t:|1700244265\n|move|p2b: Iron Bundle|Protect|p2b: Iron Bundle\n|-singleturn|p2b: Iron Bundle|Protect\n|move|p1a: Rillaboom|High Horsepower|p2b: Iron Bundle\n|-activate|p2b: Iron Bundle|move: Protect\n|\n|-heal|p1a: Rillaboom|56\/100|[from] Grassy Terrain\n|-heal|p2b: Iron Bundle|29\/100|[from] Grassy Terrain\n|-sideend|p1: Cyalia12|move: Tailwind\n|upkeep\n|turn|13\n|c|\u2606ChrissssVIGISI|Eccoci qui\n|c|\u2606Cyalia12|si trema\n|c|\u2606ChrissssVIGISI|Hitter\u00f2 pump?\n|\n|t:|1700244294\n|move|p2b: Iron Bundle|Hydro Pump|p1a: Rillaboom\n|-supereffective|p1a: Rillaboom\n|-damage|p1a: Rillaboom|0 fnt\n|faint|p1a: Rillaboom\n|\n|win|ChrissssVIGISI\n|c|\u2606Cyalia12|hittata\n|c|\u2606ChrissssVIGISI|Ggs haahah\n|c|\u2606Cyalia12|peccato volevo andare a game 3 ahaha\n|c|\u2606Cyalia12|gg\n|c|\u2606ChrissssVIGISI|Puoi caricare te?\n|c|\u2606ChrissssVIGISI|Perfavore\n|c|\u2606Cyalia12|okok\n","uploadtime":1700244495,"views":9,"p1id":"cyalia12","p2id":"chrissssvigisi","formatid":"gen9vgc2023regulatione","rating":0,"private":0,"password":""}