{"id":"gen9vgc2023regulatione-1987879788","p1":"Yahar","p2":"Hammy19","format":"[Gen 9] VGC 2023 Regulation E","log":"|j|\u2606Yahar\n|j|\u2606Hammy19\n|t:|1699645326\n|gametype|doubles\n|player|p1|Yahar|shauntal|1125\n|player|p2|Hammy19|steven|1137\n|teamsize|p1|6\n|teamsize|p2|6\n|gen|9\n|tier|[Gen 9] VGC 2023 Regulation E\n|rated|\n|rule|Species Clause: Limit one of each Pok\u00e9mon\n|rule|Item Clause: Limit one of each item\n|clearpoke\n|poke|p1|Zapdos, L50|\n|poke|p1|Iron Bundle, L50|\n|poke|p1|Heatran, L50, F|\n|poke|p1|Ogerpon-Wellspring, L50, F|\n|poke|p1|Rillaboom, L50, F|\n|poke|p1|Urshifu-*, L50, M|\n|poke|p2|Tauros-Paldea-Blaze, L50, M|\n|poke|p2|Flutter Mane, L50|\n|poke|p2|Tornadus, L50, M|\n|poke|p2|Ogerpon-Wellspring, L50, F|\n|poke|p2|Landorus-Therian, L50, M|\n|poke|p2|Kingambit, L50, F|\n|teampreview|4\n|inactive|Battle timer is ON: inactive players will automatically lose when time's up. (requested by Yahar)\nYahar has agreed to open team sheets.\n|inactive|Yahar has 60 seconds left.\n|\n|t:|1699645357\n|start\n|switch|p1a: Zapdos|Zapdos, L50|100\/100\n|switch|p1b: Iron Bundle|Iron Bundle, L50|100\/100\n|switch|p2a: Tauros|Tauros-Paldea-Blaze, L50, M|100\/100\n|switch|p2b: Tornadus|Tornadus, L50, M|100\/100\n|-ability|p2a: Tauros|Intimidate|boost\n|-unboost|p1a: Zapdos|atk|1\n|-unboost|p1b: Iron Bundle|atk|1\n|-enditem|p1b: Iron Bundle|Booster Energy\n|-activate|p1b: Iron Bundle|ability: Quark Drive|[fromitem]\n|-start|p1b: Iron Bundle|quarkdrivespe\n|turn|1\n|\n|t:|1699645369\n|move|p1b: Iron Bundle|Protect|p1b: Iron Bundle\n|-singleturn|p1b: Iron Bundle|Protect\n|move|p2b: Tornadus|Tailwind|p2b: Tornadus\n|-sidestart|p2: Hammy19|move: Tailwind\n|move|p2a: Tauros|Raging Bull|p1b: Iron Bundle\n|-activate|p1b: Iron Bundle|move: Protect\n|move|p1a: Zapdos|Tailwind|p1a: Zapdos\n|-sidestart|p1: Yahar|move: Tailwind\n|\n|upkeep\n|turn|2\n|\n|t:|1699645380\n|move|p2b: Tornadus|Taunt|p1a: Zapdos\n|-start|p1a: Zapdos|move: Taunt\n|move|p1b: Iron Bundle|Icy Wind|p2b: Tornadus|[spread] p2a,p2b\n|-resisted|p2a: Tauros\n|-supereffective|p2b: Tornadus\n|-damage|p2a: Tauros|88\/100\n|-damage|p2b: Tornadus|51\/100\n|-unboost|p2a: Tauros|spe|1\n|move|p1a: Zapdos|Hurricane|p2a: Tauros\n|-supereffective|p2a: Tauros\n|-damage|p2a: Tauros|0 fnt\n|faint|p2a: Tauros\n|\n|upkeep\n|\n|t:|1699645390\n|switch|p2a: Ogerpon|Ogerpon-Wellspring, L50, F|100\/100\n|turn|3\n|\n|t:|1699645414\n|-terastallize|p2a: Ogerpon|Water\n|detailschange|p2a: Ogerpon|Ogerpon-Wellspring-Tera, L50, F, tera:Water\n|-ability|p2a: Ogerpon|Embody Aspect (Wellspring)|boost\n|-boost|p2a: Ogerpon|spd|1\n|move|p2b: Tornadus|Rain Dance|p2b: Tornadus\n|-weather|RainDance\n|move|p1b: Iron Bundle|Freeze-Dry|p2a: Ogerpon\n|-supereffective|p2a: Ogerpon\n|-damage|p2a: Ogerpon|49\/100\n|move|p2a: Ogerpon|Ivy Cudgel|p1a: Zapdos\n|-crit|p1a: Zapdos\n|-damage|p1a: Zapdos|0 fnt\n|faint|p1a: Zapdos\n|\n|-weather|RainDance|[upkeep]\n|upkeep\n|\n|t:|1699645425\n|switch|p1a: Rillaboom|Rillaboom, L50, F|100\/100\n|-fieldstart|move: Grassy Terrain|[from] ability: Grassy Surge|[of] p1a: Rillaboom\n|turn|4\n|\n|t:|1699645448\n|-terastallize|p1a: Rillaboom|Water\n|move|p2a: Ogerpon|Spiky Shield|p2a: Ogerpon\n|-singleturn|p2a: Ogerpon|move: Protect\n|move|p1a: Rillaboom|Grassy Glide|p2a: Ogerpon\n|-activate|p2a: Ogerpon|move: Protect\n|-damage|p1a: Rillaboom|88\/100|[from] Spiky Shield|[of] p2a: Ogerpon\n|move|p1b: Iron Bundle|Icy Wind|p2a: Ogerpon|[spread] p2b\n|-activate|p2a: Ogerpon|move: Protect\n|-supereffective|p2b: Tornadus\n|-damage|p2b: Tornadus|2\/100\n|move|p2b: Tornadus|Bleakwind Storm|p1b: Iron Bundle|[spread] p1a,p1b\n|-damage|p1a: Rillaboom|43\/100\n|-damage|p1b: Iron Bundle|42\/100\n|\n|-weather|RainDance|[upkeep]\n|-heal|p1b: Iron Bundle|47\/100|[from] Grassy Terrain\n|-heal|p2a: Ogerpon|55\/100|[from] Grassy Terrain\n|-heal|p1a: Rillaboom|49\/100|[from] Grassy Terrain\n|-sideend|p2: Hammy19|move: Tailwind\n|-sideend|p1: Yahar|move: Tailwind\n|upkeep\n|turn|5\n|\n|t:|1699645465\n|move|p1a: Rillaboom|Grassy Glide|p2a: Ogerpon\n|-supereffective|p2a: Ogerpon\n|-damage|p2a: Ogerpon|0 fnt\n|faint|p2a: Ogerpon\n|move|p2b: Tornadus|Tailwind|p2b: Tornadus\n|-sidestart|p2: Hammy19|move: Tailwind\n|move|p1b: Iron Bundle|Freeze-Dry|p2b: Tornadus\n|-supereffective|p2b: Tornadus\n|-damage|p2b: Tornadus|0 fnt\n|faint|p2b: Tornadus\n|\n|-weather|RainDance|[upkeep]\n|-heal|p1b: Iron Bundle|53\/100|[from] Grassy Terrain\n|-heal|p1a: Rillaboom|56\/100|[from] Grassy Terrain\n|upkeep\n|\n|t:|1699645472\n|switch|p2b: Landorus|Landorus-Therian, L50, M|100\/100\n|-ability|p2b: Landorus|Intimidate|boost\n|-unboost|p1a: Rillaboom|atk|1\n|-unboost|p1b: Iron Bundle|atk|1\n|turn|6\n|\n|t:|1699645480\n|switch|p1a: Ogerpon|Ogerpon-Wellspring, L50, F|100\/100\n|move|p1b: Iron Bundle|Protect|p1b: Iron Bundle\n|-singleturn|p1b: Iron Bundle|Protect\n|move|p2b: Landorus|Rock Slide|p1b: Iron Bundle|[spread] p1a\n|-activate|p1b: Iron Bundle|move: Protect\n|-damage|p1a: Ogerpon|73\/100\n|\n|-weather|RainDance|[upkeep]\n|-heal|p1b: Iron Bundle|59\/100|[from] Grassy Terrain\n|-heal|p1a: Ogerpon|79\/100|[from] Grassy Terrain\n|upkeep\n|turn|7\n|\n|t:|1699645487\n|move|p2b: Landorus|Rock Slide|p1a: Ogerpon|[spread] p1a,p1b\n|-supereffective|p1b: Iron Bundle\n|-damage|p1a: Ogerpon|50\/100\n|-damage|p1b: Iron Bundle|11\/100\n|move|p1b: Iron Bundle|Icy Wind|p2b: Landorus\n|-supereffective|p2b: Landorus\n|-damage|p2b: Landorus|0 fnt\n|faint|p2b: Landorus\n|\n|win|Yahar\n|raw|Yahar's rating: 1125 &rarr; <strong>1151<\/strong><br \/>(+26 for winning)\n|raw|Hammy19's rating: 1137 &rarr; <strong>1111<\/strong><br \/>(-26 for losing)\n|l|\u2606Hammy19\n","uploadtime":1699645506,"views":14,"p1id":"yahar","p2id":"hammy19","formatid":"gen9vgc2023regulatione","rating":1111,"private":0,"password":""}