{"id":"gen9vgc2023regulatione-1998709943","p1":"gabtesting","p2":"Trainer Jaeger","format":"[Gen 9] VGC 2023 Regulation E","log":"|j|\u2606gabtesting\n|j|\u2606Trainer Jaeger\n|t:|1700975961\n|gametype|doubles\n|player|p1|gabtesting|wallace|1123\n|player|p2|Trainer Jaeger|twins-gen4dp|1077\n|teamsize|p1|6\n|teamsize|p2|6\n|gen|9\n|tier|[Gen 9] VGC 2023 Regulation E\n|rated|\n|rule|Species Clause: Limit one of each Pok\u00e9mon\n|rule|Item Clause: Limit one of each item\n|clearpoke\n|poke|p1|Ninetales-Alola, L50, F|\n|poke|p1|Cetitan, L50, M|\n|poke|p1|Baxcalibur, L50, M|\n|poke|p1|Landorus-Therian, L50, M|\n|poke|p1|Heatran, L50, M|\n|poke|p1|Zapdos, L50|\n|poke|p2|Kingambit, L50, F|\n|poke|p2|Arcanine, L50, F|\n|poke|p2|Ogerpon-Wellspring, L50, F|\n|poke|p2|Rillaboom, L50, M|\n|poke|p2|Flutter Mane, L50|\n|poke|p2|Thundurus, L50, M|\n|teampreview|4\n|inactive|Battle timer is ON: inactive players will automatically lose when time's up. (requested by gabtesting)\ngabtesting has agreed to open team sheets.\n|inactive|gabtesting has 60 seconds left.\n|inactive|Trainer Jaeger has 60 seconds left.\n|\n|t:|1700976017\n|start\n|switch|p1a: Ninetales|Ninetales-Alola, L50, F|100\/100\n|switch|p1b: Cetitan|Cetitan, L50, M|100\/100\n|switch|p2a: Arcanine|Arcanine, L50, F|100\/100\n|switch|p2b: Flutter Mane|Flutter Mane, L50|100\/100\n|-weather|Snow|[from] ability: Snow Warning|[of] p1a: Ninetales\n|-ability|p2a: Arcanine|Intimidate|boost\n|-unboost|p1a: Ninetales|atk|1\n|-unboost|p1b: Cetitan|atk|1\n|turn|1\n|\n|t:|1700976040\n|-terastallize|p2b: Flutter Mane|Fairy\n|move|p2b: Flutter Mane|Dazzling Gleam|p1a: Ninetales|[spread] p1a,p1b\n|-damage|p1a: Ninetales|49\/100\n|-damage|p1b: Cetitan|71\/100\n|-enditem|p1a: Ninetales|Sitrus Berry|[eat]\n|-heal|p1a: Ninetales|73\/100|[from] item: Sitrus Berry\n|move|p1b: Cetitan|Heavy Slam|p2b: Flutter Mane\n|-supereffective|p2b: Flutter Mane\n|-damage|p2b: Flutter Mane|5\/100\n|move|p1a: Ninetales|Aurora Veil|p1a: Ninetales\n|-sidestart|p1: gabtesting|move: Aurora Veil\n|move|p2a: Arcanine|Will-O-Wisp|p1b: Cetitan\n|-status|p1b: Cetitan|brn\n|\n|-weather|Snow|[upkeep]\n|-damage|p1b: Cetitan|65\/100 brn|[from] brn\n|upkeep\n|turn|2\n|inactive|Trainer Jaeger has 30 seconds left.\n|\n|t:|1700976073\n|move|p2b: Flutter Mane|Protect|p2b: Flutter Mane\n|-singleturn|p2b: Flutter Mane|Protect\n|move|p1b: Cetitan|Liquidation|p2a: Arcanine\n|-supereffective|p2a: Arcanine\n|-damage|p2a: Arcanine|81\/100\n|-unboost|p2a: Arcanine|def|1\n|move|p1a: Ninetales|Blizzard|p2b: Flutter Mane|[spread] p2a\n|-activate|p2b: Flutter Mane|move: Protect\n|-resisted|p2a: Arcanine\n|-damage|p2a: Arcanine|67\/100\n|move|p2a: Arcanine|Flare Blitz|p1a: Ninetales\n|-supereffective|p1a: Ninetales\n|-damage|p1a: Ninetales|22\/100\n|-damage|p2a: Arcanine|52\/100|[from] Recoil\n|\n|-weather|Snow|[upkeep]\n|-damage|p1b: Cetitan|59\/100 brn|[from] brn\n|upkeep\n|turn|3\n|inactive|Trainer Jaeger has 30 seconds left.\n|\n|t:|1700976105\n|move|p1a: Ninetales|Protect|p1a: Ninetales\n|-singleturn|p1a: Ninetales|Protect\n|move|p2b: Flutter Mane|Moonblast|p1b: Cetitan\n|-damage|p1b: Cetitan|28\/100 brn\n|move|p1b: Cetitan|Liquidation|p2b: Flutter Mane\n|-damage|p2b: Flutter Mane|0 fnt\n|faint|p2b: Flutter Mane\n|-end|p2b: Flutter Mane|Protosynthesis|[silent]\n|move|p2a: Arcanine|Flare Blitz|p1a: Ninetales\n|-activate|p1a: Ninetales|move: Protect\n|\n|-weather|Snow|[upkeep]\n|-damage|p1b: Cetitan|22\/100 brn|[from] brn\n|upkeep\n|\n|t:|1700976117\n|switch|p2b: Kingambit|Kingambit, L50, F|100\/100\n|turn|4\n|inactive|gabtesting has 30 seconds left.\n|\n|t:|1700976151\n|move|p1b: Cetitan|Superpower|p2b: Kingambit\n|-supereffective|p2b: Kingambit\n|-damage|p2b: Kingambit|60\/100\n|-unboost|p1b: Cetitan|atk|1\n|-unboost|p1b: Cetitan|def|1\n|move|p1a: Ninetales|Blizzard|p2a: Arcanine|[spread] p2a,p2b\n|-resisted|p2a: Arcanine\n|-resisted|p2b: Kingambit\n|-damage|p2a: Arcanine|37\/100\n|-damage|p2b: Kingambit|47\/100\n|move|p2a: Arcanine|Howl|p2a: Arcanine|[spread] p2a,p2b\n|-boost|p2a: Arcanine|atk|1\n|-boost|p2b: Kingambit|atk|1\n|move|p2b: Kingambit|Swords Dance|p2b: Kingambit\n|-boost|p2b: Kingambit|atk|2\n|\n|-weather|Snow|[upkeep]\n|-damage|p1b: Cetitan|16\/100 brn|[from] brn\n|upkeep\n|turn|5\n|inactive|gabtesting has 30 seconds left.\n|inactive|gabtesting has 20 seconds left.\n|\n|t:|1700976190\n|switch|p1a: Landorus|Landorus-Therian, L50, M|100\/100\n|-ability|p1a: Landorus|Intimidate|boost\n|-unboost|p2a: Arcanine|atk|1\n|-unboost|p2b: Kingambit|atk|1\n|-ability|p2b: Kingambit|Defiant|boost\n|-boost|p2b: Kingambit|atk|2\n|move|p2b: Kingambit|Sucker Punch|p1b: Cetitan\n|-damage|p1b: Cetitan|0 fnt\n|faint|p1b: Cetitan\n|move|p2a: Arcanine|Flare Blitz|p1a: Landorus\n|-crit|p1a: Landorus\n|-damage|p1a: Landorus|7\/100\n|-damage|p2a: Arcanine|11\/100|[from] Recoil\n|\n|-weather|none\n|-sideend|p1: gabtesting|move: Aurora Veil\n|upkeep\n|\n|t:|1700976210\n|switch|p1b: Zapdos|Zapdos, L50|100\/100\n|turn|6\n|\n|t:|1700976232\n|switch|p2a: Thundurus|Thundurus, L50, M|100\/100\n|move|p2b: Kingambit|Protect|p2b: Kingambit\n|-singleturn|p2b: Kingambit|Protect\n|move|p1a: Landorus|Stomping Tantrum|p2b: Kingambit\n|-activate|p2b: Kingambit|move: Protect\n|move|p1b: Zapdos|Thunderbolt|p2b: Kingambit\n|-activate|p2b: Kingambit|move: Protect\n|\n|upkeep\n|turn|7\n|inactive|Trainer Jaeger has 30 seconds left.\n|\n|t:|1700976259\n|move|p2a: Thundurus|Eerie Impulse|p1b: Zapdos\n|-unboost|p1b: Zapdos|spa|2\n|move|p2b: Kingambit|Sucker Punch|p1a: Landorus\n|-damage|p1a: Landorus|0 fnt\n|faint|p1a: Landorus\n|move|p1b: Zapdos|Tailwind|p1b: Zapdos\n|-sidestart|p1: gabtesting|move: Tailwind\n|\n|upkeep\n|\n|t:|1700976267\n|switch|p1a: Ninetales|Ninetales-Alola, L50, F|22\/100\n|-weather|Snow|[from] ability: Snow Warning|[of] p1a: Ninetales\n|turn|8\n|\n|t:|1700976283\n|move|p2a: Thundurus|Eerie Impulse|p1a: Ninetales\n|-unboost|p1a: Ninetales|spa|2\n|move|p2b: Kingambit|Sucker Punch|p1b: Zapdos\n|-damage|p1b: Zapdos|0 fnt\n|-damage|p2b: Kingambit|30\/100|[from] item: Rocky Helmet|[of] p1b: Zapdos\n|faint|p1b: Zapdos\n|move|p1a: Ninetales|Aurora Veil|p1a: Ninetales\n|-sidestart|p1: gabtesting|move: Aurora Veil\n|\n|-weather|Snow|[upkeep]\n|upkeep\n|turn|9\n|c|\u2606gabtesting|gg\n|inactive|Trainer Jaeger has 30 seconds left.\n|inactive|Trainer Jaeger has 20 seconds left.\n|inactive|Trainer Jaeger has 15 seconds left.\n|\n|t:|1700976324\n|move|p2a: Thundurus|Eerie Impulse|p1a: Ninetales\n|-unboost|p1a: Ninetales|spa|2\n|move|p2b: Kingambit|Sucker Punch|p1a: Ninetales\n|-resisted|p1a: Ninetales\n|-damage|p1a: Ninetales|0 fnt\n|faint|p1a: Ninetales\n|\n|win|Trainer Jaeger\n|raw|gabtesting's rating: 1123 &rarr; <strong>1095<\/strong><br \/>(-28 for losing)\n|raw|Trainer Jaeger's rating: 1077 &rarr; <strong>1109<\/strong><br \/>(+32 for winning)\n","uploadtime":1700976332,"views":38,"p1id":"gabtesting","p2id":"trainerjaeger","formatid":"gen9vgc2023regulatione","rating":1095,"private":0,"password":""}