{"id":"gen9vgc2023regulatione-1992282860","p1":"Mortivere","p2":"notatworkfs","format":"[Gen 9] VGC 2023 Regulation E","log":"|j|\u2606Mortivere\n|j|\u2606notatworkfs\n|t:|1700170696\n|gametype|doubles\n|player|p1|Mortivere|elesa|1371\n|player|p2|notatworkfs|265|1361\n|teamsize|p1|6\n|teamsize|p2|6\n|gen|9\n|tier|[Gen 9] VGC 2023 Regulation E\n|rated|\n|rule|Species Clause: Limit one of each Pok\u00e9mon\n|rule|Item Clause: Limit one of each item\n|clearpoke\n|poke|p1|Iron Jugulis, L50|\n|poke|p1|Weezing, L50, M|\n|poke|p1|Arcanine-Hisui, L50, F|\n|poke|p1|Iron Hands, L50|\n|poke|p1|Flutter Mane, L50|\n|poke|p1|Ogerpon-Wellspring, L50, F|\n|poke|p2|Annihilape, L50, M|\n|poke|p2|Thundurus, L50, M|\n|poke|p2|Landorus-Therian, L50, M|\n|poke|p2|Roaring Moon, L50|\n|poke|p2|Fezandipiti, L50, M|\n|poke|p2|Iron Hands, L50|\n|teampreview|4\n|inactive|Battle timer is ON: inactive players will automatically lose when time's up. (requested by Mortivere)\n|inactive|Mortivere has 60 seconds left.\n|inactive|notatworkfs has 60 seconds left.\n|\n|t:|1700170742\n|start\n|switch|p1a: Weezing|Weezing, L50, M|100\/100\n|switch|p1b: Iron Jugulis|Iron Jugulis, L50|100\/100\n|switch|p2a: Thundurus|Thundurus, L50, M|100\/100\n|switch|p2b: Roaring Moon|Roaring Moon, L50|100\/100\n|-ability|p1a: Weezing|Neutralizing Gas\n|-enditem|p2b: Roaring Moon|Booster Energy\n|-activate|p2b: Roaring Moon|ability: Protosynthesis|[fromitem]\n|-start|p2b: Roaring Moon|protosynthesisspe\n|-enditem|p1b: Iron Jugulis|Booster Energy\n|-activate|p1b: Iron Jugulis|ability: Quark Drive|[fromitem]\n|-start|p1b: Iron Jugulis|quarkdrivespe\n|turn|1\n|inactive|Mortivere has 30 seconds left.\n|inactive|Mortivere has 20 seconds left.\n|inactive|Mortivere has 15 seconds left.\n|inactive|Mortivere has 10 seconds left.\n|\n|t:|1700170789\n|move|p1b: Iron Jugulis|Protect|p1b: Iron Jugulis\n|-singleturn|p1b: Iron Jugulis|Protect\n|move|p2b: Roaring Moon|Knock Off|p1b: Iron Jugulis\n|-activate|p1b: Iron Jugulis|move: Protect\n|move|p2a: Thundurus|Taunt|p1a: Weezing\n|-start|p1a: Weezing|move: Taunt\n|cant|p1a: Weezing|move: Taunt|Will-O-Wisp\n|\n|upkeep\n|turn|2\n|inactive|Mortivere has 30 seconds left.\n|inactive|Mortivere has 20 seconds left.\n|inactive|Mortivere has 15 seconds left.\n|\n|t:|1700170831\n|-end|p1a: Weezing|ability: Neutralizing Gas\n|switch|p1a: Flutter Mane|Flutter Mane, L50|100\/100\n|move|p2b: Roaring Moon|Knock Off|p1a: Flutter Mane\n|-damage|p1a: Flutter Mane|38\/100\n|-enditem|p1a: Flutter Mane|Choice Specs|[from] move: Knock Off|[of] p2b: Roaring Moon\n|move|p1b: Iron Jugulis|Tailwind|p1b: Iron Jugulis\n|-sidestart|p1: Mortivere|move: Tailwind\n|move|p2a: Thundurus|Thunderbolt|p1b: Iron Jugulis\n|-supereffective|p1b: Iron Jugulis\n|-damage|p1b: Iron Jugulis|3\/100\n|\n|upkeep\n|turn|3\n|inactive|Mortivere has 30 seconds left.\n|\n|t:|1700170856\n|-end|p1b: Iron Jugulis|Quark Drive|[silent]\n|switch|p1b: Weezing|Weezing, L50, M|100\/100\n|-ability|p1b: Weezing|Neutralizing Gas\n|-terastallize|p1a: Flutter Mane|Fairy\n|move|p1a: Flutter Mane|Dazzling Gleam|p2b: Roaring Moon|[spread] p2a,p2b\n|-supereffective|p2b: Roaring Moon\n|-damage|p2a: Thundurus|66\/100\n|-damage|p2b: Roaring Moon|0 fnt\n|faint|p2b: Roaring Moon\n|-end|p2b: Roaring Moon|Protosynthesis|[silent]\n|move|p2a: Thundurus|Thunder Wave|p1a: Flutter Mane|[miss]\n|-miss|p2a: Thundurus|p1a: Flutter Mane\n|\n|upkeep\n|\n|t:|1700170868\n|switch|p2b: Fezandipiti|Fezandipiti, L50, M|100\/100\n|turn|4\n|inactive|Mortivere has 30 seconds left.\n|inactive|Mortivere has 20 seconds left.\n|inactive|Mortivere has 15 seconds left.\n|\n|t:|1700170909\n|move|p1a: Flutter Mane|Moonblast|p2a: Thundurus\n|-damage|p2a: Thundurus|11\/100\n|-enditem|p2a: Thundurus|Sitrus Berry|[eat]\n|-heal|p2a: Thundurus|36\/100|[from] item: Sitrus Berry\n|move|p1b: Weezing|Sludge Bomb|p2b: Fezandipiti\n|-damage|p2b: Fezandipiti|79\/100\n|move|p2a: Thundurus|Taunt|p1b: Weezing\n|-start|p1b: Weezing|move: Taunt\n|move|p2b: Fezandipiti|Sludge Bomb|p1a: Flutter Mane\n|-supereffective|p1a: Flutter Mane\n|-damage|p1a: Flutter Mane|0 fnt\n|faint|p1a: Flutter Mane\n|-end|p1a: Flutter Mane|Protosynthesis|[silent]\n|\n|-heal|p2b: Fezandipiti|85\/100|[from] item: Black Sludge\n|upkeep\n|\n|t:|1700170924\n|switch|p1a: Arcanine|Arcanine-Hisui, L50, F|100\/100\n|-ability|p1a: Arcanine|Intimidate|boost\n|-unboost|p2a: Thundurus|atk|1\n|-unboost|p2b: Fezandipiti|atk|1\n|turn|5\n|\n|t:|1700170938\n|move|p1a: Arcanine|Rock Slide|p2a: Thundurus|[spread] p2a,p2b\n|-supereffective|p2a: Thundurus\n|-damage|p2a: Thundurus|0 fnt\n|-damage|p2b: Fezandipiti|62\/100\n|faint|p2a: Thundurus\n|move|p1b: Weezing|Sludge Bomb|p2b: Fezandipiti\n|-damage|p2b: Fezandipiti|40\/100\n|move|p2b: Fezandipiti|Icy Wind|p1b: Weezing|[spread] p1a,p1b\n|-resisted|p1a: Arcanine\n|-damage|p1a: Arcanine|96\/100\n|-damage|p1b: Weezing|90\/100\n|-unboost|p1a: Arcanine|spe|1\n|-unboost|p1b: Weezing|spe|1\n|\n|-heal|p2b: Fezandipiti|46\/100|[from] item: Black Sludge\n|-sideend|p1: Mortivere|move: Tailwind\n|upkeep\n|\n|t:|1700170951\n|switch|p2a: Annihilape|Annihilape, L50, M|100\/100\n|turn|6\n|inactive|notatworkfs has 30 seconds left.\n|\n|t:|1700170986\n|move|p2b: Fezandipiti|Icy Wind|p1b: Weezing|[spread] p1a,p1b\n|-resisted|p1a: Arcanine\n|-crit|p1b: Weezing\n|-damage|p1a: Arcanine|91\/100\n|-damage|p1b: Weezing|75\/100\n|-unboost|p1a: Arcanine|spe|1\n|-unboost|p1b: Weezing|spe|1\n|move|p2a: Annihilape|Drain Punch|p1a: Arcanine\n|-supereffective|p1a: Arcanine\n|-damage|p1a: Arcanine|19\/100\n|move|p1a: Arcanine|Flare Blitz|p2b: Fezandipiti\n|-damage|p2b: Fezandipiti|2\/100\n|-damage|p1a: Arcanine|5\/100|[from] Recoil\n|move|p1b: Weezing|Sludge Bomb|p2b: Fezandipiti\n|-damage|p2b: Fezandipiti|0 fnt\n|faint|p2b: Fezandipiti\n|\n|upkeep\n|turn|7\n|inactive|Mortivere has 30 seconds left.\n|inactive|Mortivere has 20 seconds left.\n|inactive|Mortivere has 15 seconds left.\n|inactive|Mortivere has 10 seconds left.\n|inactive|Mortivere has 5 seconds left.\n|\n|t:|1700171041\n|move|p2a: Annihilape|Rage Fist|p1a: Arcanine\n|-damage|p1a: Arcanine|0 fnt\n|faint|p1a: Arcanine\n|move|p1b: Weezing|Sludge Bomb|p2a: Annihilape\n|-resisted|p2a: Annihilape\n|-damage|p2a: Annihilape|89\/100\n|-status|p2a: Annihilape|psn\n|\n|-heal|p2a: Annihilape|95\/100 psn|[from] item: Leftovers\n|-damage|p2a: Annihilape|83\/100 psn|[from] psn\n|-end|p1b: Weezing|move: Taunt\n|upkeep\n|\n|t:|1700171047\n|switch|p1a: Iron Jugulis|Iron Jugulis, L50|3\/100\n|turn|8\n|\n|t:|1700171072\n|-terastallize|p2a: Annihilape|Water\n|move|p1a: Iron Jugulis|Protect|p1a: Iron Jugulis\n|-singleturn|p1a: Iron Jugulis|Protect\n|move|p2a: Annihilape|Rage Fist|p1a: Iron Jugulis\n|-activate|p1a: Iron Jugulis|move: Protect\n|move|p1b: Weezing|Sludge Bomb|p2a: Annihilape\n|-damage|p2a: Annihilape|60\/100 psn\n|\n|-heal|p2a: Annihilape|66\/100 psn|[from] item: Leftovers\n|-damage|p2a: Annihilape|54\/100 psn|[from] psn\n|upkeep\n|turn|9\n|\n|t:|1700171093\n|move|p1a: Iron Jugulis|Acrobatics|p2a: Annihilape\n|-damage|p2a: Annihilape|14\/100 psn\n|move|p2a: Annihilape|Rage Fist|p1a: Iron Jugulis\n|-resisted|p1a: Iron Jugulis\n|-damage|p1a: Iron Jugulis|0 fnt\n|faint|p1a: Iron Jugulis\n|-end|p1a: Iron Jugulis|Quark Drive|[silent]\n|move|p1b: Weezing|Sludge Bomb|p2a: Annihilape\n|-damage|p2a: Annihilape|0 fnt\n|faint|p2a: Annihilape\n|\n|win|Mortivere\n|raw|Mortivere's rating: 1371 &rarr; <strong>1390<\/strong><br \/>(+19 for winning)\n|raw|notatworkfs's rating: 1361 &rarr; <strong>1342<\/strong><br \/>(-19 for losing)\n|l|\u2606notatworkfs\n","uploadtime":1700171111,"views":12,"p1id":"mortivere","p2id":"notatworkfs","formatid":"gen9vgc2023regulatione","rating":1342,"private":0,"password":""}