{"id":"gen9vgc2023regulatione-1998030075","p1":"Eleisson4","p2":"RotovicVGC","format":"[Gen 9] VGC 2023 Regulation E","log":"|j|\u2606Eleisson4\n|j|\u2606RotovicVGC\n|n|\u2606Eleisson4|eleisson4\n|n|\u2606RotovicVGC|rotovicvgc\n|html|View the match progress at <a href=\"\/game-bestof3-gen9vgc2023regulatione-1998027227\">game-bestof3-gen9vgc2023regulatione-1998027227<\/a>\n|t:|1700881108\n|gametype|doubles\n|player|p1|Eleisson4|101|\n|player|p2|RotovicVGC|101|\n|teamsize|p1|6\n|teamsize|p2|6\n|gen|9\n|tier|[Gen 9] VGC 2023 Regulation E\n|rule|Species Clause: Limit one of each Pok\u00e9mon\n|rule|Item Clause: Limit one of each item\n|clearpoke\n|poke|p1|Iron Hands, L50|\n|poke|p1|Flutter Mane, L50|\n|poke|p1|Heatran, L50, F|\n|poke|p1|Chien-Pao, L50|\n|poke|p1|Ogerpon-Wellspring, L50, F|\n|poke|p1|Amoonguss, L50, F|\n|poke|p2|Tornadus, L50, M|\n|poke|p2|Urshifu-*, L50, F|\n|poke|p2|Chien-Pao, L50|\n|poke|p2|Arcanine-Hisui, L50, M|\n|poke|p2|Rillaboom, L50, M|\n|poke|p2|Flutter Mane, L50|\n|teampreview|4\nEleisson4 has agreed to open team sheets.\nRotovicVGC has agreed to open team sheets.\n|showteam|p1|Iron Hands||BoosterEnergy|QuarkDrive|SwordsDance,IcePunch,WildCharge,DrainPunch||||||50|,,,,,Ground]Flutter Mane||ChoiceSpecs|Protosynthesis|MysticalFire,ShadowBall,DazzlingGleam,PowerGem||||||50|,,,,,Fairy]Heatran||SitrusBerry|FlashFire|HeatWave,FlashCannon,EarthPower,Protect|||F|||50|,,,,,Grass]Chien-Pao||FocusSash|SwordofRuin|IceSpinner,SuckerPunch,PsychicFangs,Protect||||||50|,,,,,Ghost]Ogerpon-Wellspring||WellspringMask|WaterAbsorb|IvyCudgel,HornLeech,Taunt,SpikyShield|||F|||50|,,,,,Water]Amoonguss||AguavBerry|Regenerator|Spore,RagePowder,PollenPuff,ClearSmog|||F|||50|,,,,,Water\n|showteam|p2|Tornadus||RockyHelmet|Prankster|BleakwindStorm,Tailwind,Taunt,RainDance|||M|||50|,,,,,Ghost]Urshifu-Rapid-Strike||ChoiceScarf|UnseenFist|SurgingStrikes,CloseCombat,Uturn,AquaJet|||F|||50|,,,,,Water]Chien-Pao||FocusSash|SwordofRuin|SuckerPunch,IcicleCrash,Protect,SacredSword||||||50|,,,,,Ghost]Arcanine-Hisui||ChoiceBand|Intimidate|ExtremeSpeed,FlareBlitz,RockSlide,TeraBlast|||M|||50|,,,,,Fairy]Rillaboom||AssaultVest|GrassySurge|FakeOut,GrassyGlide,Uturn,WoodHammer|||M|||50|,,,,,Poison]Flutter Mane||BoosterEnergy|Protosynthesis|DazzlingGleam,ShadowBall,Moonblast,Protect||||||50|,,,,,Fairy\n|\n|t:|1700881162\n|start\n|switch|p1a: Iron Hands|Iron Hands, L50, shiny|100\/100\n|switch|p1b: Ogerpon|Ogerpon-Wellspring, L50, F|100\/100\n|switch|p2a: Tornadus|Tornadus, L50, M|100\/100\n|switch|p2b: Rillaboom|Rillaboom, L50, M|100\/100\n|-fieldstart|move: Grassy Terrain|[from] ability: Grassy Surge|[of] p2b: Rillaboom\n|-enditem|p1a: Iron Hands|Booster Energy\n|-activate|p1a: Iron Hands|ability: Quark Drive|[fromitem]\n|-start|p1a: Iron Hands|quarkdriveatk\n|turn|1\n|\n|t:|1700881190\n|move|p2b: Rillaboom|Fake Out|p1a: Iron Hands\n|-damage|p1a: Iron Hands|92\/100\n|move|p1b: Ogerpon|Ivy Cudgel|p2a: Tornadus|[anim] Ivy Cudgel Water\n|-damage|p2a: Tornadus|46\/100\n|move|p2a: Tornadus|Bleakwind Storm|p1a: Iron Hands|[spread] p1a,p1b\n|-supereffective|p1b: Ogerpon\n|-damage|p1a: Iron Hands|68\/100\n|-damage|p1b: Ogerpon|18\/100\n|-unboost|p1a: Iron Hands|spe|1\n|cant|p1a: Iron Hands|flinch\n|\n|-heal|p1b: Ogerpon|24\/100|[from] Grassy Terrain\n|-heal|p1a: Iron Hands|74\/100|[from] Grassy Terrain\n|upkeep\n|turn|2\n|\n|t:|1700881243\n|move|p1b: Ogerpon|Spiky Shield|p1b: Ogerpon\n|-singleturn|p1b: Ogerpon|move: Protect\n|move|p2a: Tornadus|Bleakwind Storm|p1a: Iron Hands|[spread] \n|-activate|p1b: Ogerpon|move: Protect\n|-miss|p2a: Tornadus|p1a: Iron Hands\n|move|p2b: Rillaboom|Wood Hammer|p1a: Iron Hands\n|-crit|p1a: Iron Hands\n|-damage|p1a: Iron Hands|6\/100\n|-damage|p2b: Rillaboom|75\/100|[from] Recoil\n|move|p1a: Iron Hands|Ice Punch|p2a: Tornadus\n|-supereffective|p2a: Tornadus\n|-damage|p2a: Tornadus|0 fnt\n|-damage|p1a: Iron Hands|0 fnt|[from] item: Rocky Helmet|[of] p2a: Tornadus\n|faint|p2a: Tornadus\n|faint|p1a: Iron Hands\n|-end|p1a: Iron Hands|Quark Drive|[silent]\n|\n|-heal|p1b: Ogerpon|30\/100|[from] Grassy Terrain\n|-heal|p2b: Rillaboom|81\/100|[from] Grassy Terrain\n|upkeep\n|\n|t:|1700881260\n|switch|p2a: Urshifu|Urshifu-Rapid-Strike, L50, F|100\/100\n|switch|p1a: Heatran|Heatran, L50, F, shiny|100\/100\n|turn|3\n|\n|t:|1700881279\n|move|p2b: Rillaboom|Fake Out||[still]\n|-hint|Fake Out only works on your first turn out.\n|-fail|p2b: Rillaboom\n|move|p2a: Urshifu|Close Combat|p1b: Ogerpon\n|-damage|p1b: Ogerpon|0 fnt\n|-unboost|p2a: Urshifu|def|1\n|-unboost|p2a: Urshifu|spd|1\n|faint|p1b: Ogerpon\n|move|p1a: Heatran|Heat Wave|p2a: Urshifu|[spread] p2a,p2b\n|-resisted|p2a: Urshifu\n|-supereffective|p2b: Rillaboom\n|-damage|p2a: Urshifu|61\/100\n|-damage|p2b: Rillaboom|32\/100\n|-status|p2a: Urshifu|brn\n|\n|-heal|p2a: Urshifu|67\/100 brn|[from] Grassy Terrain\n|-heal|p2b: Rillaboom|37\/100|[from] Grassy Terrain\n|-damage|p2a: Urshifu|61\/100 brn|[from] brn\n|upkeep\n|\n|t:|1700881294\n|switch|p1b: Amoonguss|Amoonguss, L50, F, shiny|100\/100\n|turn|4\n|\n|t:|1700881350\n|-terastallize|p1a: Heatran|Grass\n|-terastallize|p2b: Rillaboom|Poison\n|move|p1b: Amoonguss|Rage Powder|p1b: Amoonguss\n|-singleturn|p1b: Amoonguss|move: Rage Powder\n|move|p2a: Urshifu|Close Combat|p1b: Amoonguss\n|-resisted|p1b: Amoonguss\n|-damage|p1b: Amoonguss|88\/100\n|-unboost|p2a: Urshifu|def|1\n|-unboost|p2a: Urshifu|spd|1\n|move|p1a: Heatran|Heat Wave|p2a: Urshifu|[spread] p2a\n|-miss|p1a: Heatran|p2b: Rillaboom\n|-resisted|p2a: Urshifu\n|-damage|p2a: Urshifu|12\/100 brn\n|move|p2b: Rillaboom|U-turn|p1b: Amoonguss\n|-damage|p1b: Amoonguss|67\/100\n|\n|t:|1700881364\n|switch|p2b: Chien-Pao|Chien-Pao, L50|100\/100|[from] U-turn\n|-ability|p2b: Chien-Pao|Sword of Ruin\n|\n|-heal|p2a: Urshifu|17\/100 brn|[from] Grassy Terrain\n|-heal|p1b: Amoonguss|73\/100|[from] Grassy Terrain\n|-damage|p2a: Urshifu|12\/100 brn|[from] brn\n|upkeep\n|turn|5\n|\n|t:|1700881381\n|move|p1b: Amoonguss|Rage Powder|p1b: Amoonguss\n|-singleturn|p1b: Amoonguss|move: Rage Powder\n|move|p2a: Urshifu|Close Combat|p1b: Amoonguss\n|-resisted|p1b: Amoonguss\n|-crit|p1b: Amoonguss\n|-damage|p1b: Amoonguss|48\/100\n|-unboost|p2a: Urshifu|def|1\n|-unboost|p2a: Urshifu|spd|1\n|move|p2b: Chien-Pao|Icicle Crash|p1b: Amoonguss\n|-supereffective|p1b: Amoonguss\n|-damage|p1b: Amoonguss|0 fnt\n|faint|p1b: Amoonguss\n|move|p1a: Heatran|Heat Wave|p2b: Chien-Pao|[spread] p2a\n|-miss|p1a: Heatran|p2b: Chien-Pao\n|-resisted|p2a: Urshifu\n|-damage|p2a: Urshifu|0 fnt\n|faint|p2a: Urshifu\n|\n|-fieldend|move: Grassy Terrain\n|upkeep\n|\n|t:|1700881393\n|switch|p2a: Rillaboom|Rillaboom, L50, M, tera:Poison|37\/100\n|-fieldstart|move: Grassy Terrain|[from] ability: Grassy Surge|[of] p2a: Rillaboom\n|turn|6\n|c|\u2606Eleisson4|2?\n|\n|t:|1700881412\n|move|p1a: Heatran|Protect|p1a: Heatran\n|-singleturn|p1a: Heatran|Protect\n|move|p2a: Rillaboom|Fake Out|p1a: Heatran\n|-activate|p1a: Heatran|move: Protect\n|move|p2b: Chien-Pao|Icicle Crash|p1a: Heatran\n|-activate|p1a: Heatran|move: Protect\n|\n|-heal|p2a: Rillaboom|43\/100|[from] Grassy Terrain\n|upkeep\n|turn|7\n|\n|t:|1700881422\n|move|p2b: Chien-Pao|Icicle Crash|p1a: Heatran\n|-supereffective|p1a: Heatran\n|-damage|p1a: Heatran|0 fnt\n|faint|p1a: Heatran\n|\n|win|RotovicVGC\n|c|&|\/uhtml prompt-rotovicvgc,RotovicVGC is ready for game 3!\n|inactive|Eleisson4 has 50 seconds to confirm battle start!\n|inactive|Eleisson4 has 40 seconds to confirm battle start!\n|inactive|Eleisson4 has 30 seconds to confirm battle start!\n|inactive|Eleisson4 has 20 seconds to confirm battle start!\n|c|&|\/uhtml prompt-eleisson4,Eleisson4 is ready for game 3!\nBoth players are ready! Starting next match!\n","uploadtime":1700882455,"views":2,"p1id":"eleisson4","p2id":"rotovicvgc","formatid":"gen9vgc2023regulatione","rating":0,"private":0,"password":""}