{"id":"gen9vgc2023regulatione-1993626760","p1":"tpw989","p2":"Evil Yarrack","format":"[Gen 9] VGC 2023 Regulation E","log":"|j|\u2606tpw989\n|j|\u2606Evil Yarrack\n|t:|1700338997\n|gametype|doubles\n|player|p1|tpw989|blackbelt|\n|player|p2|Evil Yarrack|youngster-gen4dp|\n|teamsize|p1|6\n|teamsize|p2|6\n|gen|9\n|tier|[Gen 9] VGC 2023 Regulation E\n|rule|Species Clause: Limit one of each Pok\u00e9mon\n|rule|Item Clause: Limit one of each item\n|clearpoke\n|poke|p1|Oricorio-Pom-Pom, L50, M|\n|poke|p1|Volcarona, L50, M|\n|poke|p1|Kommo-o, L50, M|\n|poke|p1|Amoonguss, L50, F|\n|poke|p1|Masquerain, L50, F|\n|poke|p1|Quaquaval, L50, M|\n|poke|p2|Espeon, L50, F|\n|poke|p2|Milotic, L50, F|\n|poke|p2|Maushold-Four, L50|\n|poke|p2|Shiftry, L50, F|\n|poke|p2|Pyroar, L50, M|\n|poke|p2|Wyrdeer, L50, F|\n|teampreview|4\n|inactive|Battle timer is ON: inactive players will automatically lose when time's up. (requested by Evil Yarrack)\n|inactive|tpw989 has 60 seconds left.\n|inactive|Evil Yarrack has 60 seconds left.\n|\n|t:|1700339045\n|start\n|switch|p1a: Amoonguss|Amoonguss, L50, F, shiny|100\/100\n|switch|p1b: Oricorio|Oricorio-Pom-Pom, L50, M, shiny|100\/100\n|switch|p2a: Milotic|Milotic, L50, F|100\/100\n|switch|p2b: Wyrdeer|Wyrdeer, L50, F|100\/100\n|-ability|p2b: Wyrdeer|Intimidate|boost\n|-unboost|p1a: Amoonguss|atk|1\n|-unboost|p1b: Oricorio|atk|1\n|turn|1\n|inactive|tpw989 has 30 seconds left.\n|inactive|Evil Yarrack has 30 seconds left.\n|inactive|Evil Yarrack has 20 seconds left.\n|\n|t:|1700339081\n|move|p1b: Oricorio|Revelation Dance|p2a: Milotic\n|-supereffective|p2a: Milotic\n|-damage|p2a: Milotic|36\/100\n|move|p2b: Wyrdeer|Gravity|p2b: Wyrdeer\n|-fieldstart|move: Gravity\n|move|p2a: Milotic|Hypnosis|p1a: Amoonguss\n|-status|p1a: Amoonguss|slp|[from] move: Hypnosis\n|cant|p1a: Amoonguss|slp\n|\n|upkeep\n|turn|2\n|\n|t:|1700339110\n|switch|p2a: Shiftry|Shiftry, L50, F|100\/100\n|move|p1b: Oricorio|Quiver Dance|p1b: Oricorio\n|-boost|p1b: Oricorio|spa|1\n|-boost|p1b: Oricorio|spd|1\n|-boost|p1b: Oricorio|spe|1\n|move|p2b: Wyrdeer|Hypnosis|p1b: Oricorio\n|-status|p1b: Oricorio|slp|[from] move: Hypnosis\n|-curestatus|p1a: Amoonguss|slp|[msg]\n|move|p1a: Amoonguss|Spore|p2b: Wyrdeer\n|-status|p2b: Wyrdeer|slp|[from] move: Spore\n|\n|upkeep\n|turn|3\n|\n|t:|1700339134\n|cant|p1b: Oricorio|slp\n|move|p2a: Shiftry|Tailwind|p2a: Shiftry\n|-sidestart|p2: Evil Yarrack|move: Tailwind\n|-ability|p2a: Shiftry|Wind Rider|boost\n|-boost|p2a: Shiftry|atk|1\n|cant|p2b: Wyrdeer|slp\n|move|p1a: Amoonguss|Pollen Puff|p2b: Wyrdeer\n|-supereffective|p2b: Wyrdeer\n|-damage|p2b: Wyrdeer|54\/100 slp\n|\n|upkeep\n|turn|4\n|\n|t:|1700339157\n|move|p2a: Shiftry|Knock Off|p1b: Oricorio\n|-damage|p1b: Oricorio|17\/100 slp\n|-enditem|p1b: Oricorio|Safety Goggles|[from] move: Knock Off|[of] p2a: Shiftry\n|cant|p2b: Wyrdeer|slp\n|-curestatus|p1b: Oricorio|slp|[msg]\n|move|p1b: Oricorio|Quiver Dance|p1b: Oricorio\n|-boost|p1b: Oricorio|spa|1\n|-boost|p1b: Oricorio|spd|1\n|-boost|p1b: Oricorio|spe|1\n|move|p1a: Amoonguss|Pollen Puff|p2b: Wyrdeer\n|-supereffective|p2b: Wyrdeer\n|-damage|p2b: Wyrdeer|5\/100 slp\n|\n|upkeep\n|turn|5\n|\n|t:|1700339174\n|move|p2a: Shiftry|Knock Off|p1b: Oricorio\n|-damage|p1b: Oricorio|0 fnt\n|faint|p1b: Oricorio\n|-curestatus|p2b: Wyrdeer|slp|[msg]\n|move|p2b: Wyrdeer|Hypnosis|p1a: Amoonguss\n|-status|p1a: Amoonguss|slp|[from] move: Hypnosis\n|cant|p1a: Amoonguss|slp\n|\n|-fieldend|move: Gravity\n|upkeep\n|\n|t:|1700339184\n|switch|p1b: Volcarona|Volcarona, L50, M, shiny|100\/100\n|turn|6\n|\n|t:|1700339196\n|move|p2a: Shiftry|Knock Off|p1a: Amoonguss\n|-damage|p1a: Amoonguss|33\/100 slp\n|-enditem|p1a: Amoonguss|Covert Cloak|[from] move: Knock Off|[of] p2a: Shiftry\n|move|p2b: Wyrdeer|Gravity|p2b: Wyrdeer\n|-fieldstart|move: Gravity\n|move|p1b: Volcarona|Fiery Dance|p2a: Shiftry\n|-supereffective|p2a: Shiftry\n|-enditem|p2a: Shiftry|Focus Sash\n|-damage|p2a: Shiftry|1\/100\n|-boost|p1b: Volcarona|spa|1\n|cant|p1a: Amoonguss|slp\n|\n|-sideend|p2: Evil Yarrack|move: Tailwind\n|upkeep\n|turn|7\n|inactive|tpw989 has 30 seconds left.\n|\n|t:|1700339228\n|move|p1b: Volcarona|Fiery Dance|p2a: Shiftry\n|-supereffective|p2a: Shiftry\n|-crit|p2a: Shiftry\n|-damage|p2a: Shiftry|0 fnt\n|-boost|p1b: Volcarona|spa|1\n|faint|p2a: Shiftry\n|move|p2b: Wyrdeer|Hypnosis|p1b: Volcarona\n|-status|p1b: Volcarona|slp|[from] move: Hypnosis\n|cant|p1a: Amoonguss|slp\n|\n|upkeep\n|\n|t:|1700339242\n|switch|p2a: Maushold|Maushold-Four, L50|100\/100\n|turn|8\n|\n|t:|1700339259\n|-terastallize|p2a: Maushold|Normal\n|move|p2a: Maushold|Population Bomb|p1a: Amoonguss\n|-damage|p1a: Amoonguss|7\/100 slp\n|-damage|p1a: Amoonguss|0 fnt\n|faint|p1a: Amoonguss\n|-hitcount|p1: Amoonguss|2\n|cant|p1b: Volcarona|slp\n|move|p2b: Wyrdeer|Skill Swap|p1b: Volcarona\n|-activate|p2b: Wyrdeer|move: Skill Swap|Flame Body|Intimidate|[of] p1b: Volcarona\n|-ability|p1b: Volcarona|Intimidate|boost\n|-unboost|p2a: Maushold|atk|1\n|-unboost|p2b: Wyrdeer|atk|1\n|\n|upkeep\n|\n|t:|1700339272\n|switch|p1a: Kommo-o|Kommo-o, L50, M, shiny|100\/100\n|turn|9\n|\n|t:|1700339279\n|move|p1a: Kommo-o|Protect|p1a: Kommo-o\n|-singleturn|p1a: Kommo-o|Protect\n|move|p2a: Maushold|Population Bomb|p1b: Volcarona\n|-damage|p1b: Volcarona|74\/100 slp\n|-damage|p2a: Maushold|84\/100|[from] item: Rocky Helmet|[of] p1b: Volcarona\n|-damage|p1b: Volcarona|50\/100 slp\n|-damage|p2a: Maushold|68\/100|[from] item: Rocky Helmet|[of] p1b: Volcarona\n|-damage|p1b: Volcarona|28\/100 slp\n|-damage|p2a: Maushold|52\/100|[from] item: Rocky Helmet|[of] p1b: Volcarona\n|-damage|p1b: Volcarona|5\/100 slp\n|-damage|p2a: Maushold|36\/100|[from] item: Rocky Helmet|[of] p1b: Volcarona\n|-damage|p1b: Volcarona|0 fnt\n|-damage|p2a: Maushold|20\/100|[from] item: Rocky Helmet|[of] p1b: Volcarona\n|faint|p1b: Volcarona\n|-hitcount|p1: Volcarona|5\n|move|p2b: Wyrdeer|Hypnosis|p1a: Kommo-o\n|-activate|p1a: Kommo-o|move: Protect\n|\n|upkeep\n|turn|10\n|\n|t:|1700339299\n|move|p2a: Maushold|Population Bomb|p1a: Kommo-o\n|-damage|p1a: Kommo-o|84\/100\n|-damage|p1a: Kommo-o|68\/100\n|-crit|p1a: Kommo-o\n|-damage|p1a: Kommo-o|34\/100\n|-damage|p1a: Kommo-o|19\/100\n|-damage|p1a: Kommo-o|4\/100\n|-damage|p1a: Kommo-o|0 fnt\n|faint|p1a: Kommo-o\n|-hitcount|p1: Kommo-o|6\n|\n|win|Evil Yarrack\n","uploadtime":1700339310,"views":7,"p1id":"tpw989","p2id":"evilyarrack","formatid":"gen9vgc2023regulatione","rating":0,"private":0,"password":""}