{"id":"gen9vgc2023regulatione-1997929720","p1":"Venefici","p2":"Clementina14","format":"[Gen 9] VGC 2023 Regulation E","log":"|j|\u2606Venefici\n|j|\u2606Clementina14\n|t:|1700868681\n|gametype|doubles\n|player|p1|Venefici|hugh|1135\n|player|p2|Clementina14|cynthia|1019\n|teamsize|p1|6\n|teamsize|p2|6\n|gen|9\n|tier|[Gen 9] VGC 2023 Regulation E\n|rated|\n|rule|Species Clause: Limit one of each Pok\u00e9mon\n|rule|Item Clause: Limit one of each item\n|clearpoke\n|poke|p1|Volcarona, L50, F|\n|poke|p1|Sinistcha, L50|\n|poke|p1|Snorlax, L50, M|\n|poke|p1|Milotic, L50, F|\n|poke|p1|Indeedee-F, L50, F|\n|poke|p1|Iron Hands, L50|\n|poke|p2|Lucario, L50, M|\n|poke|p2|Maushold, L50|\n|poke|p2|Goodra, L50, M|\n|poke|p2|Mienshao, L50, F|\n|poke|p2|Skeledirge, L50, F|\n|poke|p2|Grafaiai, L50, F|\n|teampreview|4\n|inactive|Battle timer is ON: inactive players will automatically lose when time's up. (requested by Venefici)\n|inactive|Venefici has 60 seconds left.\n|inactive|Clementina14 has 60 seconds left.\n|\n|t:|1700868742\n|start\n|switch|p1a: Sinistcha|Sinistcha, L50|100\/100\n|switch|p1b: Iron Hands|Iron Hands, L50|100\/100\n|switch|p2a: Lucario|Lucario, L50, M|100\/100\n|switch|p2b: Maushold|Maushold, L50|100\/100\n|turn|1\n|\n|t:|1700868760\n|move|p2a: Lucario|Endure|p2a: Lucario\n|-singleturn|p2a: Lucario|move: Endure\n|move|p1b: Iron Hands|Fake Out|p2b: Maushold\n|-damage|p2b: Maushold|80\/100\n|move|p2b: Maushold|Beat Up|p2a: Lucario\n|-resisted|p2a: Lucario\n|-damage|p2a: Lucario|99\/100\n|-ability|p2a: Lucario|Justified|boost\n|-boost|p2a: Lucario|atk|1\n|-resisted|p2a: Lucario\n|-damage|p2a: Lucario|98\/100\n|-ability|p2a: Lucario|Justified|boost\n|-boost|p2a: Lucario|atk|1\n|-resisted|p2a: Lucario\n|-damage|p2a: Lucario|97\/100\n|-ability|p2a: Lucario|Justified|boost\n|-boost|p2a: Lucario|atk|1\n|-resisted|p2a: Lucario\n|-damage|p2a: Lucario|96\/100\n|-ability|p2a: Lucario|Justified|boost\n|-boost|p2a: Lucario|atk|1\n|-hitcount|p2a: Lucario|4\n|move|p1a: Sinistcha|Trick Room|p1a: Sinistcha\n|-fieldstart|move: Trick Room|[of] p1a: Sinistcha\n|\n|upkeep\n|turn|2\n|\n|t:|1700868785\n|move|p2b: Maushold|Follow Me|p2b: Maushold\n|-singleturn|p2b: Maushold|move: Follow Me\n|move|p2a: Lucario|Bullet Punch|p1a: Sinistcha\n|-damage|p1a: Sinistcha|43\/100\n|move|p1b: Iron Hands|Drain Punch|p2b: Maushold\n|-supereffective|p2b: Maushold\n|-damage|p2b: Maushold|0 fnt\n|faint|p2b: Maushold\n|move|p1a: Sinistcha|Matcha Gotcha|p2a: Lucario\n|-resisted|p2a: Lucario\n|-damage|p2a: Lucario|65\/100\n|-heal|p1a: Sinistcha|56\/100|[from] drain|[of] p2a: Lucario\n|\n|upkeep\n|\n|t:|1700868793\n|switch|p2b: Mienshao|Mienshao, L50, F|100\/100\n|turn|3\n|\n|t:|1700868806\n|switch|p1a: Volcarona|Volcarona, L50, F|100\/100\n|move|p2b: Mienshao|Fake Out|p1b: Iron Hands\n|-crit|p1b: Iron Hands\n|-damage|p1b: Iron Hands|87\/100\n|move|p2a: Lucario|Bullet Punch|p1a: Volcarona\n|-resisted|p1a: Volcarona\n|-damage|p1a: Volcarona|75\/100\n|cant|p1b: Iron Hands|flinch\n|\n|-heal|p1a: Volcarona|81\/100|[from] item: Leftovers\n|upkeep\n|turn|4\n|inactive|Venefici has 30 seconds left.\n|inactive|Clementina14 has 30 seconds left.\n|inactive|Venefici has 20 seconds left.\n|\n|t:|1700868845\n|move|p2a: Lucario|Endure|p2a: Lucario\n|-singleturn|p2a: Lucario|move: Endure\n|move|p2b: Mienshao|Wide Guard|p2b: Mienshao\n|-singleturn|p2b: Mienshao|Wide Guard\n|move|p1b: Iron Hands|Drain Punch|p2b: Mienshao\n|-damage|p2b: Mienshao|15\/100\n|-heal|p1b: Iron Hands|100\/100|[from] drain|[of] p2b: Mienshao\n|move|p1a: Volcarona|Fiery Dance|p2a: Lucario\n|-supereffective|p2a: Lucario\n|-activate|p2a: Lucario|move: Endure\n|-damage|p2a: Lucario|1\/100\n|-boost|p1a: Volcarona|spa|1\n|-enditem|p2a: Lucario|Weakness Policy\n|-boost|p2a: Lucario|atk|2|[from] item: Weakness Policy\n|-boost|p2a: Lucario|spa|2|[from] item: Weakness Policy\n|\n|-heal|p1a: Volcarona|86\/100|[from] item: Leftovers\n|upkeep\n|turn|5\n|inactive|Venefici has 30 seconds left.\n|inactive|Clementina14 has 30 seconds left.\n|\n|t:|1700868871\n|-end|p1b: Iron Hands|Quark Drive|[silent]\n|switch|p1b: Sinistcha|Sinistcha, L50|56\/100\n|-heal|p1a: Volcarona|100\/100|[from] ability: Hospitality|[of] p1b: Sinistcha\n|-terastallize|p2a: Lucario|Ghost\n|move|p1a: Volcarona|Protect|p1a: Volcarona\n|-singleturn|p1a: Volcarona|Protect\n|move|p2a: Lucario|Extreme Speed|p1a: Volcarona\n|-activate|p1a: Volcarona|move: Protect\n|move|p2b: Mienshao|Knock Off|p1b: Sinistcha\n|-supereffective|p1b: Sinistcha\n|-damage|p1b: Sinistcha|0 fnt\n|-enditem|p1b: Sinistcha|Wiki Berry|[from] move: Knock Off|[of] p2b: Mienshao\n|faint|p1b: Sinistcha\n|\n|-fieldend|move: Trick Room\n|upkeep\n|\n|t:|1700868886\n|switch|p1b: Iron Hands|Iron Hands, L50|100\/100\n|turn|6\n|\n|t:|1700868902\n|move|p2a: Lucario|Endure|p2a: Lucario\n|-singleturn|p2a: Lucario|move: Endure\n|move|p2b: Mienshao|Wide Guard|p2b: Mienshao\n|-singleturn|p2b: Mienshao|Wide Guard\n|move|p1b: Iron Hands|Fake Out|p2b: Mienshao\n|-damage|p2b: Mienshao|0 fnt\n|faint|p2b: Mienshao\n|move|p1a: Volcarona|Fiery Dance|p2a: Lucario\n|-activate|p2a: Lucario|move: Endure\n|-damage|p2a: Lucario|1\/100\n|-boost|p1a: Volcarona|spa|1\n|\n|upkeep\n|\n|t:|1700868915\n|switch|p2b: Skeledirge|Skeledirge, L50, F, shiny|100\/100\n|turn|7\n|inactive|Venefici has 30 seconds left.\n|\n|t:|1700868944\n|-terastallize|p1b: Iron Hands|Fairy\n|move|p1a: Volcarona|Protect|p1a: Volcarona\n|-singleturn|p1a: Volcarona|Protect\n|move|p2a: Lucario|Extreme Speed|p1a: Volcarona\n|-activate|p1a: Volcarona|move: Protect\n|move|p2b: Skeledirge|Will-O-Wisp|p1b: Iron Hands\n|-status|p1b: Iron Hands|brn\n|move|p1b: Iron Hands|Heavy Slam|p2a: Lucario\n|-damage|p2a: Lucario|0 fnt\n|faint|p2a: Lucario\n|\n|-damage|p1b: Iron Hands|95\/100 brn|[from] brn\n|upkeep\n|turn|8\n|inactive|Venefici has 30 seconds left.\n|\n|t:|1700868972\n|-end|p1b: Iron Hands|Quark Drive|[silent]\n|switch|p1b: Snorlax|Snorlax, L50, M|100\/100\n|move|p1a: Volcarona|Quiver Dance|p1a: Volcarona\n|-boost|p1a: Volcarona|spa|1\n|-boost|p1a: Volcarona|spd|1\n|-boost|p1a: Volcarona|spe|1\n|move|p2b: Skeledirge|Torch Song|p1b: Snorlax\n|-damage|p1b: Snorlax|89\/100\n|-boost|p2b: Skeledirge|spa|1\n|-enditem|p2b: Skeledirge|Throat Spray\n|-boost|p2b: Skeledirge|spa|1|[from] item: Throat Spray\n|\n|upkeep\n|turn|9\n|\n|t:|1700868990\n|move|p1a: Volcarona|Fiery Dance|p2b: Skeledirge\n|-resisted|p2b: Skeledirge\n|-damage|p2b: Skeledirge|83\/100\n|-boost|p1a: Volcarona|spa|1\n|move|p2b: Skeledirge|Will-O-Wisp|p1b: Snorlax|[miss]\n|-miss|p2b: Skeledirge|p1b: Snorlax\n|move|p1b: Snorlax|Belly Drum|p1b: Snorlax\n|-damage|p1b: Snorlax|39\/100\n|-setboost|p1b: Snorlax|atk|6|[from] move: Belly Drum\n|-enditem|p1b: Snorlax|Sitrus Berry|[eat]\n|-heal|p1b: Snorlax|64\/100|[from] item: Sitrus Berry\n|\n|upkeep\n|turn|10\n|inactive|Venefici has 30 seconds left.\n|\n|t:|1700869021\n|move|p1b: Snorlax|Protect|p1b: Snorlax\n|-singleturn|p1b: Snorlax|Protect\n|move|p1a: Volcarona|Quiver Dance|p1a: Volcarona\n|-boost|p1a: Volcarona|spa|1\n|-boost|p1a: Volcarona|spd|1\n|-boost|p1a: Volcarona|spe|1\n|move|p2b: Skeledirge|Will-O-Wisp|p1b: Snorlax\n|-activate|p1b: Snorlax|move: Protect\n|\n|upkeep\n|turn|11\n|\n|t:|1700869040\n|move|p1a: Volcarona|Fiery Dance|p2b: Skeledirge\n|-resisted|p2b: Skeledirge\n|-damage|p2b: Skeledirge|68\/100\n|move|p2b: Skeledirge|Will-O-Wisp|p1b: Snorlax\n|-status|p1b: Snorlax|brn\n|move|p1b: Snorlax|Ice Punch|p2b: Skeledirge\n|-resisted|p2b: Skeledirge\n|-damage|p2b: Skeledirge|63\/100\n|\n|-damage|p1b: Snorlax|58\/100 brn|[from] brn\n|upkeep\n|turn|12\n|\n|t:|1700869060\n|move|p1a: Volcarona|Quiver Dance|p1a: Volcarona\n|-boost|p1a: Volcarona|spa|1\n|-boost|p1a: Volcarona|spd|1\n|-boost|p1a: Volcarona|spe|1\n|move|p2b: Skeledirge|Torch Song|p1a: Volcarona\n|-damage|p1a: Volcarona|49\/100\n|-boost|p2b: Skeledirge|spa|1\n|move|p1b: Snorlax|Ice Punch|p2b: Skeledirge\n|-resisted|p2b: Skeledirge\n|-damage|p2b: Skeledirge|59\/100\n|\n|-heal|p1a: Volcarona|54\/100|[from] item: Leftovers\n|-damage|p1b: Snorlax|52\/100 brn|[from] brn\n|upkeep\n|turn|13\n|\n|t:|1700869075\n|move|p1a: Volcarona|Protect|p1a: Volcarona\n|-singleturn|p1a: Volcarona|Protect\n|move|p2b: Skeledirge|Slack Off|p2b: Skeledirge\n|-heal|p2b: Skeledirge|100\/100\n|move|p1b: Snorlax|Ice Punch|p2b: Skeledirge\n|-resisted|p2b: Skeledirge\n|-crit|p2b: Skeledirge\n|-damage|p2b: Skeledirge|93\/100\n|\n|-heal|p1a: Volcarona|60\/100|[from] item: Leftovers\n|-damage|p1b: Snorlax|46\/100 brn|[from] brn\n|upkeep\n|turn|14\n|\n|t:|1700869097\n|move|p1a: Volcarona|Fiery Dance|p2b: Skeledirge\n|-resisted|p2b: Skeledirge\n|-damage|p2b: Skeledirge|77\/100\n|move|p2b: Skeledirge|Torch Song|p1a: Volcarona\n|-damage|p1a: Volcarona|0 fnt\n|-boost|p2b: Skeledirge|spa|1\n|faint|p1a: Volcarona\n|move|p1b: Snorlax|Ice Punch|p2b: Skeledirge\n|-resisted|p2b: Skeledirge\n|-damage|p2b: Skeledirge|72\/100\n|\n|-damage|p1b: Snorlax|40\/100 brn|[from] brn\n|upkeep\n|\n|t:|1700869109\n|switch|p1a: Iron Hands|Iron Hands, L50, tera:Fairy|95\/100 brn\n|turn|15\n|\n|t:|1700869123\n|move|p2b: Skeledirge|Slack Off|p2b: Skeledirge\n|-heal|p2b: Skeledirge|100\/100\n|move|p1a: Iron Hands|Wild Charge|p2b: Skeledirge\n|-damage|p2b: Skeledirge|80\/100\n|-damage|p1a: Iron Hands|90\/100 brn|[from] Recoil\n|move|p1b: Snorlax|Ice Punch|p2b: Skeledirge\n|-resisted|p2b: Skeledirge\n|-damage|p2b: Skeledirge|75\/100\n|\n|-damage|p1a: Iron Hands|84\/100 brn|[from] brn\n|-damage|p1b: Snorlax|34\/100 brn|[from] brn\n|upkeep\n|turn|16\n|\n|t:|1700869140\n|move|p2b: Skeledirge|Torch Song|p1a: Iron Hands\n|-damage|p1a: Iron Hands|37\/100 brn\n|-boost|p2b: Skeledirge|spa|1\n|move|p1a: Iron Hands|Wild Charge|p2b: Skeledirge\n|-damage|p2b: Skeledirge|56\/100\n|-damage|p1a: Iron Hands|33\/100 brn|[from] Recoil\n|move|p1b: Snorlax|Ice Punch|p2b: Skeledirge\n|-resisted|p2b: Skeledirge\n|-damage|p2b: Skeledirge|51\/100\n|\n|-damage|p1a: Iron Hands|27\/100 brn|[from] brn\n|-damage|p1b: Snorlax|28\/100 brn|[from] brn\n|upkeep\n|turn|17\n|inactive|Venefici has 30 seconds left.\n|\n|t:|1700869169\n|move|p2b: Skeledirge|Torch Song|p1a: Iron Hands\n|-damage|p1a: Iron Hands|0 fnt\n|-boost|p2b: Skeledirge|spa|1\n|faint|p1a: Iron Hands\n|-end|p1a: Iron Hands|Quark Drive|[silent]\n|move|p1b: Snorlax|Ice Punch|p2b: Skeledirge\n|-resisted|p2b: Skeledirge\n|-damage|p2b: Skeledirge|47\/100\n|-status|p2b: Skeledirge|frz\n|\n|-damage|p1b: Snorlax|22\/100 brn|[from] brn\n|upkeep\n|turn|18\n|\n|t:|1700869181\n|cant|p2b: Skeledirge|frz\n|move|p1b: Snorlax|Ice Punch|p2b: Skeledirge\n|-resisted|p2b: Skeledirge\n|-damage|p2b: Skeledirge|42\/100 frz\n|\n|-damage|p1b: Snorlax|16\/100 brn|[from] brn\n|upkeep\n|turn|19\n|\n|t:|1700869188\n|cant|p2b: Skeledirge|frz\n|move|p1b: Snorlax|Ice Punch|p2b: Skeledirge\n|-resisted|p2b: Skeledirge\n|-damage|p2b: Skeledirge|38\/100 frz\n|\n|-damage|p1b: Snorlax|11\/100 brn|[from] brn\n|upkeep\n|turn|20\n|\n|t:|1700869196\n|cant|p2b: Skeledirge|frz\n|move|p1b: Snorlax|Ice Punch|p2b: Skeledirge\n|-resisted|p2b: Skeledirge\n|-damage|p2b: Skeledirge|33\/100 frz\n|\n|-damage|p1b: Snorlax|5\/100 brn|[from] brn\n|upkeep\n|turn|21\n|\n|t:|1700869205\n|cant|p2b: Skeledirge|frz\n|move|p1b: Snorlax|Ice Punch|p2b: Skeledirge\n|-resisted|p2b: Skeledirge\n|-damage|p2b: Skeledirge|28\/100 frz\n|\n|-damage|p1b: Snorlax|0 fnt|[from] brn\n|faint|p1b: Snorlax\n|\n|win|Clementina14\n|upkeep\n|raw|Venefici's rating: 1135 &rarr; <strong>1102<\/strong><br \/>(-33 for losing)\n|raw|Clementina14's rating: 1019 &rarr; <strong>1068<\/strong><br \/>(+49 for winning)\n","uploadtime":1700869217,"views":3,"p1id":"venefici","p2id":"clementina14","formatid":"gen9vgc2023regulatione","rating":1068,"private":0,"password":""}