{"id":"gen9vgc2023regulatione-1997400549","p1":"TheLunes","p2":"Raidan_alt","format":"[Gen 9] VGC 2023 Regulation E","log":"|j|\u2606TheLunes\n|j|\u2606Raidan_alt\n|t:|1700799365\n|gametype|doubles\n|player|p1|TheLunes|veteran|1352\n|player|p2|Raidan_alt|101|1251\n|teamsize|p1|6\n|teamsize|p2|6\n|gen|9\n|tier|[Gen 9] VGC 2023 Regulation E\n|rated|\n|rule|Species Clause: Limit one of each Pok\u00e9mon\n|rule|Item Clause: Limit one of each item\n|clearpoke\n|poke|p1|Iron Hands, L50|\n|poke|p1|Sinistcha, L50|\n|poke|p1|Moltres-Galar, L50|\n|poke|p1|Scream Tail, L50|\n|poke|p1|Kommo-o, L50, M|\n|poke|p1|Flutter Mane, L50|\n|poke|p2|Arcanine-Hisui, L50, M|\n|poke|p2|Roaring Moon, L50|\n|poke|p2|Ogerpon, L50, F|\n|poke|p2|Urshifu-*, L50, F|\n|poke|p2|Flutter Mane, L50|\n|poke|p2|Scizor, L50, M|\n|teampreview|4\n|inactive|Battle timer is ON: inactive players will automatically lose when time's up. (requested by TheLunes)\n|\n|t:|1700799443\n|start\n|switch|p1a: Iron Hands|Iron Hands, L50|100\/100\n|switch|p1b: Scream Tail|Scream Tail, L50|100\/100\n|switch|p2a: Scizor|Scizor, L50, M|100\/100\n|switch|p2b: Arcanine|Arcanine-Hisui, L50, M|100\/100\n|-ability|p2b: Arcanine|Intimidate|boost\n|-unboost|p1a: Iron Hands|atk|1\n|-unboost|p1b: Scream Tail|atk|1\n|turn|1\n|inactive|Raidan_alt has 30 seconds left.\n|\n|t:|1700799474\n|move|p1a: Iron Hands|Fake Out|p2a: Scizor\n|-resisted|p2a: Scizor\n|-damage|p2a: Scizor|94\/100\n|cant|p2a: Scizor|flinch\n|move|p1b: Scream Tail|Reflect|p1b: Scream Tail\n|-sidestart|p1: TheLunes|Reflect\n|move|p2b: Arcanine|Rock Slide|p1a: Iron Hands|[spread] p1a,p1b\n|-resisted|p1a: Iron Hands\n|-damage|p1a: Iron Hands|91\/100\n|-damage|p1b: Scream Tail|79\/100\n|\n|upkeep\n|turn|2\n|inactive|TheLunes has 30 seconds left.\n|inactive|TheLunes has 20 seconds left.\n|inactive|TheLunes has 15 seconds left.\n|inactive|TheLunes has 10 seconds left.\n|\n|t:|1700799520\n|switch|p2b: Flutter Mane|Flutter Mane, L50|100\/100\n|move|p2a: Scizor|Bullet Punch|p1b: Scream Tail\n|-supereffective|p1b: Scream Tail\n|-damage|p1b: Scream Tail|33\/100\n|-damage|p2a: Scizor|85\/100|[from] item: Life Orb\n|move|p1b: Scream Tail|Psychic Fangs|p2a: Scizor\n|-resisted|p2a: Scizor\n|-damage|p2a: Scizor|77\/100\n|move|p1a: Iron Hands|Drain Punch|p2b: Flutter Mane\n|-immune|p2b: Flutter Mane\n|\n|upkeep\n|turn|3\n|inactive|TheLunes has 30 seconds left.\n|inactive|Raidan_alt has 30 seconds left.\n|\n|t:|1700799554\n|-terastallize|p2b: Flutter Mane|Fairy\n|move|p2a: Scizor|Bullet Punch|p1b: Scream Tail\n|-supereffective|p1b: Scream Tail\n|-damage|p1b: Scream Tail|0 fnt\n|faint|p1b: Scream Tail\n|-end|p1b: Scream Tail|Protosynthesis|[silent]\n|-damage|p2a: Scizor|68\/100|[from] item: Life Orb\n|move|p2b: Flutter Mane|Moonblast|p1a: Iron Hands\n|-supereffective|p1a: Iron Hands\n|-damage|p1a: Iron Hands|0 fnt\n|faint|p1a: Iron Hands\n|-end|p1a: Iron Hands|Quark Drive|[silent]\n|\n|upkeep\n|\n|t:|1700799565\n|switch|p1b: Sinistcha|Sinistcha, L50|100\/100\n|switch|p1a: Moltres|Moltres-Galar, L50|100\/100\n|turn|4\n|inactive|Raidan_alt has 30 seconds left.\n|\n|t:|1700799590\n|switch|p2a: Arcanine|Arcanine-Hisui, L50, M|100\/100\n|-ability|p2a: Arcanine|Intimidate|boost\n|-unboost|p1a: Moltres|atk|1\n|-unboost|p1b: Sinistcha|atk|1\n|-terastallize|p1a: Moltres|Poison\n|move|p2b: Flutter Mane|Moonblast|p1a: Moltres\n|-resisted|p1a: Moltres\n|-damage|p1a: Moltres|59\/100\n|move|p1a: Moltres|Nasty Plot|p1a: Moltres\n|-boost|p1a: Moltres|spa|2\n|move|p1b: Sinistcha|Trick Room|p1b: Sinistcha\n|-fieldstart|move: Trick Room|[of] p1b: Sinistcha\n|\n|upkeep\n|turn|5\n|inactive|TheLunes has 30 seconds left.\n|inactive|Raidan_alt has 30 seconds left.\n|\n|t:|1700799620\n|move|p2a: Arcanine|Extreme Speed|p1a: Moltres\n|-damage|p1a: Moltres|32\/100\n|-ability|p1a: Moltres|Berserk|boost\n|-boost|p1a: Moltres|spa|1\n|-enditem|p1a: Moltres|Sitrus Berry|[eat]\n|-heal|p1a: Moltres|57\/100|[from] item: Sitrus Berry\n|move|p1b: Sinistcha|Life Dew||[still]|[spread] p1a,p1b\n|-heal|p1a: Moltres|82\/100\n|-fail|p1b: Sinistcha|heal\n|move|p1a: Moltres|Air Slash|p2b: Flutter Mane\n|-damage|p2b: Flutter Mane|20\/100\n|move|p2b: Flutter Mane|Moonblast|p1a: Moltres\n|-resisted|p1a: Moltres\n|-damage|p1a: Moltres|46\/100\n|-unboost|p1a: Moltres|spa|1\n|-ability|p1a: Moltres|Berserk|boost\n|-boost|p1a: Moltres|spa|1\n|\n|upkeep\n|turn|6\n|inactive|TheLunes has 30 seconds left.\n|inactive|Raidan_alt has 30 seconds left.\n|\n|t:|1700799648\n|move|p1a: Moltres|Protect|p1a: Moltres\n|-singleturn|p1a: Moltres|Protect\n|move|p2a: Arcanine|Extreme Speed|p1a: Moltres\n|-activate|p1a: Moltres|move: Protect\n|move|p1b: Sinistcha|Life Dew||[still]|[spread] p1a,p1b\n|-heal|p1a: Moltres|71\/100\n|-fail|p1b: Sinistcha|heal\n|move|p2b: Flutter Mane|Moonblast|p1a: Moltres\n|-activate|p1a: Moltres|move: Protect\n|\n|upkeep\n|turn|7\n|\n|t:|1700799668\n|move|p1b: Sinistcha|Rage Powder|p1b: Sinistcha\n|-singleturn|p1b: Sinistcha|move: Rage Powder\n|move|p2a: Arcanine|Extreme Speed|p1b: Sinistcha\n|-immune|p1b: Sinistcha\n|move|p1a: Moltres|Fiery Wrath|p2b: Flutter Mane|[spread] p2a,p2b\n|-resisted|p2b: Flutter Mane\n|-damage|p2a: Arcanine|14\/100\n|-damage|p2b: Flutter Mane|0 fnt\n|faint|p2b: Flutter Mane\n|-end|p2b: Flutter Mane|Protosynthesis|[silent]\n|\n|upkeep\n|\n|t:|1700799680\n|switch|p2b: Roaring Moon|Roaring Moon, L50|100\/100\n|-enditem|p2b: Roaring Moon|Booster Energy\n|-activate|p2b: Roaring Moon|ability: Protosynthesis|[fromitem]\n|-start|p2b: Roaring Moon|protosynthesisspe\n|turn|8\n|inactive|TheLunes has 30 seconds left.\n|inactive|Raidan_alt has 30 seconds left.\n|\n|t:|1700799712\n|move|p2b: Roaring Moon|Protect|p2b: Roaring Moon\n|-singleturn|p2b: Roaring Moon|Protect\n|move|p2a: Arcanine|Extreme Speed|p1a: Moltres\n|-damage|p1a: Moltres|45\/100\n|-ability|p1a: Moltres|Berserk|boost\n|-boost|p1a: Moltres|spa|1\n|move|p1b: Sinistcha|Life Dew||[still]|[spread] p1a,p1b\n|-heal|p1a: Moltres|70\/100\n|-fail|p1b: Sinistcha|heal\n|move|p1a: Moltres|Air Slash|p2b: Roaring Moon\n|-activate|p2b: Roaring Moon|move: Protect\n|\n|-sideend|p1: TheLunes|Reflect\n|-fieldend|move: Trick Room\n|upkeep\n|turn|9\n|inactive|Raidan_alt has 30 seconds left.\n|inactive|Raidan_alt has 20 seconds left.\n|inactive|Raidan_alt has 15 seconds left.\n|\n|t:|1700799754\n|switch|p2a: Scizor|Scizor, L50, M|68\/100\n|move|p1a: Moltres|Protect|p1a: Moltres\n|-singleturn|p1a: Moltres|Protect\n|move|p2b: Roaring Moon|Knock Off|p1b: Sinistcha\n|-supereffective|p1b: Sinistcha\n|-damage|p1b: Sinistcha|20\/100\n|-damage|p2b: Roaring Moon|84\/100|[from] item: Rocky Helmet|[of] p1b: Sinistcha\n|-enditem|p1b: Sinistcha|Rocky Helmet|[from] move: Knock Off|[of] p2b: Roaring Moon\n|move|p1b: Sinistcha|Trick Room|p1b: Sinistcha\n|-fieldstart|move: Trick Room|[of] p1b: Sinistcha\n|\n|upkeep\n|turn|10\n|inactive|TheLunes has 30 seconds left.\n|inactive|Raidan_alt has 30 seconds left.\n|\n|t:|1700799791\n|move|p2b: Roaring Moon|Protect|p2b: Roaring Moon\n|-singleturn|p2b: Roaring Moon|Protect\n|move|p2a: Scizor|Bullet Punch|p1b: Sinistcha\n|-crit|p1b: Sinistcha\n|-damage|p1b: Sinistcha|0 fnt\n|faint|p1b: Sinistcha\n|-damage|p2a: Scizor|58\/100|[from] item: Life Orb\n|move|p1a: Moltres|Fiery Wrath|p2b: Roaring Moon|[spread] p2a\n|-activate|p2b: Roaring Moon|move: Protect\n|-damage|p2a: Scizor|0 fnt\n|faint|p2a: Scizor\n|\n|upkeep\n|\n|t:|1700799805\n|switch|p2a: Arcanine|Arcanine-Hisui, L50, M|14\/100\n|-ability|p2a: Arcanine|Intimidate|boost\n|-unboost|p1a: Moltres|atk|1\n|turn|11\n|\n|t:|1700799827\n|move|p2a: Arcanine|Extreme Speed|p1a: Moltres\n|-damage|p1a: Moltres|33\/100\n|-ability|p1a: Moltres|Berserk|boost\n|-boost|p1a: Moltres|spa|1\n|move|p1a: Moltres|Air Slash|p2b: Roaring Moon\n|-damage|p2b: Roaring Moon|0 fnt\n|faint|p2b: Roaring Moon\n|-end|p2b: Roaring Moon|Protosynthesis|[silent]\n|\n|upkeep\n|turn|12\n|\n|t:|1700799846\n|move|p1a: Moltres|Protect|p1a: Moltres\n|-singleturn|p1a: Moltres|Protect\n|move|p2a: Arcanine|Extreme Speed|p1a: Moltres\n|-activate|p1a: Moltres|move: Protect\n|\n|upkeep\n|turn|13\n|\n|t:|1700799854\n|move|p2a: Arcanine|Extreme Speed|p1a: Moltres\n|-damage|p1a: Moltres|0 fnt\n|faint|p1a: Moltres\n|\n|win|Raidan_alt\n|raw|TheLunes's rating: 1352 &rarr; <strong>1326<\/strong><br \/>(-26 for losing)\n|raw|Raidan_alt's rating: 1251 &rarr; <strong>1283<\/strong><br \/>(+32 for winning)\n|l|\u2606TheLunes\n|l|\u2606Raidan_alt\n|j|\u2606Raidan_alt\n|player|p2|Raidan_alt|101\n|l|\u2606Raidan_alt\n|player|p2|\n|j|\u2606Raidan_alt\n|player|p2|Raidan_alt|101\n","uploadtime":1700800391,"views":15,"p1id":"thelunes","p2id":"raidanalt","formatid":"gen9vgc2023regulatione","rating":1283,"private":0,"password":""}