{"id":"gen9vgc2023regulatione-1992648583","p1":"Izumy_dk","p2":"Buff FlutterMane","format":"[Gen 9] VGC 2023 Regulation E","log":"|j|\u2606Izumy_dk\n|j|\u2606Buff FlutterMane\n|t:|1700220159\n|gametype|doubles\n|player|p1|Izumy_dk|170|1344\n|player|p2|Buff FlutterMane|turo|1370\n|teamsize|p1|6\n|teamsize|p2|6\n|gen|9\n|tier|[Gen 9] VGC 2023 Regulation E\n|rated|\n|rule|Species Clause: Limit one of each Pok\u00e9mon\n|rule|Item Clause: Limit one of each item\n|clearpoke\n|poke|p1|Milotic, L50, F|\n|poke|p1|Iron Hands, L50|\n|poke|p1|Roaring Moon, L50|\n|poke|p1|Amoonguss, L50, F|\n|poke|p1|Arcanine-Hisui, L50, M|\n|poke|p1|Flutter Mane, L50|\n|poke|p2|Urshifu-*, L50, M|\n|poke|p2|Roaring Moon, L50|\n|poke|p2|Heatran, L50, F|\n|poke|p2|Flutter Mane, L50|\n|poke|p2|Sinistcha-Masterpiece, L50|\n|poke|p2|Ninetales-Alola, L50, F|\n|teampreview|4\n|inactive|Battle timer is ON: inactive players will automatically lose when time's up. (requested by Buff FlutterMane)\n|\n|t:|1700220180\n|start\n|switch|p1a: Roaring Moon|Roaring Moon, L50|100\/100\n|switch|p1b: Amoonguss|Amoonguss, L50, F, shiny|100\/100\n|switch|p2a: Balanced?|Urshifu-Rapid-Strike, L50, M|100\/100\n|switch|p2b: No GholdengoPlz|Ninetales-Alola, L50, F, shiny|100\/100\n|-weather|Snow|[from] ability: Snow Warning|[of] p2b: No GholdengoPlz\n|-enditem|p1a: Roaring Moon|Booster Energy\n|-activate|p1a: Roaring Moon|ability: Protosynthesis|[fromitem]\n|-start|p1a: Roaring Moon|protosynthesisatk\n|turn|1\n|\n|t:|1700220200\n|move|p2a: Balanced?|Detect|p2a: Balanced?\n|-singleturn|p2a: Balanced?|Protect\n|move|p2b: No GholdengoPlz|Aurora Veil|p2b: No GholdengoPlz\n|-sidestart|p2: Buff FlutterMane|move: Aurora Veil\n|move|p1a: Roaring Moon|Knock Off|p2b: No GholdengoPlz\n|-resisted|p2b: No GholdengoPlz\n|-damage|p2b: No GholdengoPlz|81\/100\n|-enditem|p2b: No GholdengoPlz|Light Clay|[from] move: Knock Off|[of] p1a: Roaring Moon\n|move|p1b: Amoonguss|Spore|p2a: Balanced?\n|-activate|p2a: Balanced?|move: Protect\n|\n|-weather|Snow|[upkeep]\n|upkeep\n|turn|2\n|\n|t:|1700220218\n|-terastallize|p2a: Balanced?|Water\n|move|p1b: Amoonguss|Rage Powder|p1b: Amoonguss\n|-singleturn|p1b: Amoonguss|move: Rage Powder\n|move|p2b: No GholdengoPlz|Icy Wind|p1b: Amoonguss|[spread] p1a,p1b\n|-supereffective|p1a: Roaring Moon\n|-supereffective|p1b: Amoonguss\n|-damage|p1a: Roaring Moon|79\/100\n|-damage|p1b: Amoonguss|84\/100\n|-unboost|p1a: Roaring Moon|spe|1\n|-unboost|p1b: Amoonguss|spe|1\n|move|p2a: Balanced?|Swords Dance|p2a: Balanced?\n|-boost|p2a: Balanced?|atk|2\n|move|p1a: Roaring Moon|Dragon Dance|p1a: Roaring Moon\n|-boost|p1a: Roaring Moon|atk|1\n|-boost|p1a: Roaring Moon|spe|1\n|\n|-weather|Snow|[upkeep]\n|upkeep\n|turn|3\n|\n|t:|1700220242\n|-terastallize|p1a: Roaring Moon|Flying\n|move|p2b: No GholdengoPlz|Icy Wind|p1b: Amoonguss|[spread] p1a,p1b\n|-supereffective|p1a: Roaring Moon\n|-supereffective|p1b: Amoonguss\n|-damage|p1a: Roaring Moon|55\/100\n|-damage|p1b: Amoonguss|67\/100\n|-unboost|p1a: Roaring Moon|spe|1\n|-unboost|p1b: Amoonguss|spe|1\n|move|p2a: Balanced?|Surging Strikes|p1a: Roaring Moon\n|-crit|p1a: Roaring Moon\n|-damage|p1a: Roaring Moon|0 fnt\n|faint|p1a: Roaring Moon\n|-end|p1a: Roaring Moon|Protosynthesis|[silent]\n|-hitcount|p1: Roaring Moon|1\n|move|p1b: Amoonguss|Spore|p2b: No GholdengoPlz\n|-status|p2b: No GholdengoPlz|slp|[from] move: Spore\n|\n|-weather|Snow|[upkeep]\n|upkeep\n|\n|t:|1700220260\n|switch|p1a: Iron Hands|Iron Hands, L50|100\/100\n|turn|4\n|\n|t:|1700220269\n|switch|p2b: Flutter Mane|Flutter Mane, L50, shiny|100\/100\n|switch|p1b: Flutter Mane|Flutter Mane, L50|100\/100\n|move|p2a: Balanced?|Detect|p2a: Balanced?\n|-singleturn|p2a: Balanced?|Protect\n|move|p1a: Iron Hands|Fake Out|p2a: Balanced?\n|-activate|p2a: Balanced?|move: Protect\n|\n|-weather|Snow|[upkeep]\n|upkeep\n|turn|5\n|inactive|Izumy_dk has 30 seconds left.\n|inactive|Buff FlutterMane has 30 seconds left.\n|inactive|Buff FlutterMane has 20 seconds left.\n|inactive|Buff FlutterMane has 15 seconds left.\n|inactive|Buff FlutterMane has 10 seconds left.\n|\n|t:|1700220318\n|move|p1b: Flutter Mane|Dazzling Gleam|p2a: Balanced?|[spread] p2a,p2b\n|-damage|p2a: Balanced?|65\/100\n|-damage|p2b: Flutter Mane|70\/100\n|move|p2b: Flutter Mane|Dazzling Gleam|p1b: Flutter Mane|[spread] p1a,p1b\n|-supereffective|p1a: Iron Hands\n|-damage|p1a: Iron Hands|49\/100\n|-damage|p1b: Flutter Mane|56\/100\n|move|p2a: Balanced?|Surging Strikes|p1a: Iron Hands\n|-crit|p1a: Iron Hands\n|-damage|p1a: Iron Hands|19\/100\n|-crit|p1a: Iron Hands\n|-damage|p1a: Iron Hands|0 fnt\n|faint|p1a: Iron Hands\n|-end|p1a: Iron Hands|Quark Drive|[silent]\n|-hitcount|p1: Iron Hands|2\n|\n|-weather|none\n|upkeep\n|\n|t:|1700220334\n|switch|p1a: Amoonguss|Amoonguss, L50, F, shiny|99\/100\n|turn|6\n|\n|t:|1700220342\n|-end|p2b: Flutter Mane|Protosynthesis|[silent]\n|switch|p2b: No GholdengoPlz|Ninetales-Alola, L50, F, shiny|81\/100 slp\n|-weather|Snow|[from] ability: Snow Warning|[of] p2b: No GholdengoPlz\n|move|p1a: Amoonguss|Rage Powder|p1a: Amoonguss\n|-singleturn|p1a: Amoonguss|move: Rage Powder\n|move|p1b: Flutter Mane|Dazzling Gleam|p2b: No GholdengoPlz|[spread] p2a,p2b\n|-damage|p2a: Balanced?|29\/100\n|-damage|p2b: No GholdengoPlz|47\/100 slp\n|move|p2a: Balanced?|Surging Strikes|p1b: Flutter Mane\n|-crit|p1b: Flutter Mane\n|-damage|p1b: Flutter Mane|0 fnt\n|faint|p1b: Flutter Mane\n|-end|p1b: Flutter Mane|Protosynthesis|[silent]\n|-hitcount|p1: Flutter Mane|1\n|\n|-weather|Snow|[upkeep]\n|upkeep\n|turn|7\n|inactive|Izumy_dk has 30 seconds left.\n|\n|t:|1700220368\n|switch|p2a: Flutter Mane|Flutter Mane, L50, shiny|70\/100\n|cant|p2b: No GholdengoPlz|slp\n|move|p1a: Amoonguss|Spore|p2a: Flutter Mane\n|-status|p2a: Flutter Mane|slp|[from] move: Spore\n|\n|-weather|Snow|[upkeep]\n|upkeep\n|turn|8\n|\n|t:|1700220379\n|move|p1a: Amoonguss|Rage Powder|p1a: Amoonguss\n|-singleturn|p1a: Amoonguss|move: Rage Powder\n|cant|p2a: Flutter Mane|slp\n|cant|p2b: No GholdengoPlz|slp\n|\n|-weather|Snow|[upkeep]\n|-sideend|p2: Buff FlutterMane|move: Aurora Veil\n|upkeep\n|turn|9\n|-message|Izumy_dk forfeited.\n|\n|win|Buff FlutterMane\n|raw|Izumy_dk's rating: 1344 &rarr; <strong>1325<\/strong><br \/>(-19 for losing)\n|raw|Buff FlutterMane's rating: 1370 &rarr; <strong>1389<\/strong><br \/>(+19 for winning)\n|l|\u2606Izumy_dk\n|l|\u2606Buff FlutterMane\n|j|\u2606Buff FlutterMane\n|player|p2|Buff FlutterMane|turo\n","uploadtime":1700220391,"views":24,"p1id":"izumydk","p2id":"bufffluttermane","formatid":"gen9vgc2023regulatione","rating":1325,"private":0,"password":""}