{"id":"gen9vgc2023regulatione-1998867885","p1":"Yae Miko simp2","p2":"chunkstestaccount","format":"[Gen 9] VGC 2023 Regulation E","log":"|j|\u2606Yae Miko simp2\n|j|\u2606chunkstestaccount\n|n|\u2606Yae Miko simp2|yaemikosimp2\n|n|\u2606chunkstestaccount|chunkstestaccount\n|html|View the match progress at <a href=\"\/game-bestof3-gen9vgc2023regulatione-1998866260\">game-bestof3-gen9vgc2023regulatione-1998866260<\/a>\n|t:|1701005840\n|gametype|doubles\n|player|p1|Yae Miko simp2|266|\n|player|p2|chunkstestaccount|102|\n|teamsize|p1|6\n|teamsize|p2|6\n|gen|9\n|tier|[Gen 9] VGC 2023 Regulation E\n|rule|Species Clause: Limit one of each Pok\u00e9mon\n|rule|Item Clause: Limit one of each item\n|clearpoke\n|poke|p1|Sandy Shocks, L50|\n|poke|p1|Ogerpon-Hearthflame, L50, F|\n|poke|p1|Sinistcha, L50|\n|poke|p1|Palafin, L50, M|\n|poke|p1|Espathra, L50, M|\n|poke|p1|Passimian, L50, F|\n|poke|p2|Roaring Moon, L50|\n|poke|p2|Sylveon, L50, F|\n|poke|p2|Gholdengo, L50|\n|poke|p2|Torterra, L50, F|\n|poke|p2|Venonat, L50, F|\n|poke|p2|Salazzle, L50, F|\n|teampreview|4\nYae Miko simp2 rejected open team sheets.\n|\n|t:|1701005919\n|start\n|switch|p1a: Espathra|Espathra, L50, M|100\/100\n|switch|p1b: Sandy Shocks|Sandy Shocks, L50|100\/100\n|switch|p2a: Roaring Moon|Roaring Moon, L50|100\/100\n|switch|p2b: Salazzle|Salazzle, L50, F|100\/100\n|-enditem|p2a: Roaring Moon|Booster Energy\n|-activate|p2a: Roaring Moon|ability: Protosynthesis|[fromitem]\n|-start|p2a: Roaring Moon|protosynthesisspe\n|-enditem|p1b: Sandy Shocks|Booster Energy\n|-activate|p1b: Sandy Shocks|ability: Protosynthesis|[fromitem]\n|-start|p1b: Sandy Shocks|protosynthesisspe\n|turn|1\n|\n|t:|1701005936\n|move|p1a: Espathra|Protect|p1a: Espathra\n|-singleturn|p1a: Espathra|Protect\n|move|p2b: Salazzle|Fake Out|p1a: Espathra\n|-activate|p1a: Espathra|move: Protect\n|move|p2a: Roaring Moon|Tailwind|p2a: Roaring Moon\n|-sidestart|p2: chunkstestaccount|move: Tailwind\n|move|p1b: Sandy Shocks|Gravity|p1b: Sandy Shocks\n|-fieldstart|move: Gravity\n|\n|-ability|p1a: Espathra|Speed Boost|boost\n|-boost|p1a: Espathra|spe|1\n|upkeep\n|turn|2\n|\n|t:|1701005955\n|move|p1b: Sandy Shocks|Protect|p1b: Sandy Shocks\n|-singleturn|p1b: Sandy Shocks|Protect\n|move|p2a: Roaring Moon|Acrobatics|p1a: Espathra\n|-damage|p1a: Espathra|40\/100\n|move|p2b: Salazzle|Sludge Bomb|p1a: Espathra\n|-damage|p1a: Espathra|0 fnt\n|faint|p1a: Espathra\n|\n|upkeep\n|\n|t:|1701005965\n|switch|p1a: Ogerpon|Ogerpon-Hearthflame, L50, F|100\/100\n|-ability|p1a: Ogerpon|Mold Breaker\n|turn|3\n|\n|t:|1701005984\n|-terastallize|p1a: Ogerpon|Fire\n|detailschange|p1a: Ogerpon|Ogerpon-Hearthflame-Tera, L50, F, tera:Fire\n|-ability|p1a: Ogerpon|Embody Aspect (Hearthflame)|boost\n|-boost|p1a: Ogerpon|atk|1\n|move|p2a: Roaring Moon|Acrobatics|p1b: Sandy Shocks\n|-resisted|p1b: Sandy Shocks\n|-damage|p1b: Sandy Shocks|79\/100\n|move|p2b: Salazzle|Overheat|p1b: Sandy Shocks\n|-damage|p1b: Sandy Shocks|10\/100\n|-unboost|p2b: Salazzle|spa|2\n|move|p1b: Sandy Shocks|Earth Power|p2b: Salazzle\n|-supereffective|p2b: Salazzle\n|-crit|p2b: Salazzle\n|-enditem|p2b: Salazzle|Focus Sash\n|-damage|p2b: Salazzle|1\/100\n|move|p1a: Ogerpon|Play Rough|p2a: Roaring Moon\n|-supereffective|p2a: Roaring Moon\n|-damage|p2a: Roaring Moon|0 fnt\n|faint|p2a: Roaring Moon\n|-end|p2a: Roaring Moon|Protosynthesis|[silent]\n|\n|upkeep\n|\n|t:|1701006000\n|switch|p2a: Sylveon|Sylveon, L50, F|100\/100\n|turn|4\n|\n|t:|1701006025\n|switch|p2b: Gholdengo|Gholdengo, L50|100\/100\n|-terastallize|p2a: Sylveon|Water\n|move|p1b: Sandy Shocks|Protect|p1b: Sandy Shocks\n|-singleturn|p1b: Sandy Shocks|Protect\n|move|p2a: Sylveon|Tera Blast|p1a: Ogerpon|[anim] Tera Blast Water\n|-supereffective|p1a: Ogerpon\n|-damage|p1a: Ogerpon|0 fnt\n|faint|p1a: Ogerpon\n|-damage|p2a: Sylveon|91\/100|[from] item: Life Orb\n|\n|-sideend|p2: chunkstestaccount|move: Tailwind\n|upkeep\n|\n|t:|1701006036\n|switch|p1a: Passimian|Passimian, L50, F|100\/100\n|turn|5\n|\n|t:|1701006051\n|move|p1b: Sandy Shocks|Thunder|p2a: Sylveon\n|-supereffective|p2a: Sylveon\n|-damage|p2a: Sylveon|9\/100\n|move|p1a: Passimian|Knock Off|p2b: Gholdengo\n|-supereffective|p2b: Gholdengo\n|-damage|p2b: Gholdengo|14\/100\n|-enditem|p2b: Gholdengo|Choice Specs|[from] move: Knock Off|[of] p1a: Passimian\n|move|p2b: Gholdengo|Make It Rain|p1b: Sandy Shocks|[spread] p1a,p1b\n|-resisted|p1b: Sandy Shocks\n|-damage|p1a: Passimian|26\/100\n|-damage|p1b: Sandy Shocks|0 fnt\n|-unboost|p2b: Gholdengo|spa|1\n|faint|p1b: Sandy Shocks\n|-end|p1b: Sandy Shocks|Protosynthesis|[silent]\n|move|p2a: Sylveon|Hyper Voice|p1a: Passimian\n|-supereffective|p1a: Passimian\n|-damage|p1a: Passimian|0 fnt\n|faint|p1a: Passimian\n|-damage|p2a: Sylveon|0 fnt|[from] item: Life Orb\n|faint|p2a: Sylveon\n|\n|win|chunkstestaccount\n|c|\u2606Yae Miko simp2|gg\n|c|\u2606chunkstestaccount|Gg\n|c|\u2606Yae Miko simp2|gl with the rest of your matches, have a good one\n","uploadtime":1701006085,"views":8,"p1id":"yaemikosimp2","p2id":"chunkstestaccount","formatid":"gen9vgc2023regulatione","rating":0,"private":0,"password":""}