{"id":"gen9vgc2023regulatione-1993062074","p1":"luk29powavgcwp","p2":"Melchrocks2","format":"[Gen 9] VGC 2023 Regulation E","log":"|j|\u2606luk29powavgcwp\n|j|\u2606Melchrocks2\n|t:|1700260495\n|gametype|doubles\n|player|p1|luk29powavgcwp|102|1077\n|player|p2|Melchrocks2|101|1126\n|teamsize|p1|6\n|teamsize|p2|6\n|gen|9\n|tier|[Gen 9] VGC 2023 Regulation E\n|rated|\n|rule|Species Clause: Limit one of each Pok\u00e9mon\n|rule|Item Clause: Limit one of each item\n|clearpoke\n|poke|p1|Weezing, L50, F|\n|poke|p1|Slaking, L50, F|\n|poke|p1|Sinistcha-Masterpiece, L50|\n|poke|p1|Dragonite, L50, F|\n|poke|p1|Landorus-Therian, L50, M|\n|poke|p1|Chien-Pao, L50|\n|poke|p2|Volcarona, L50, M|\n|poke|p2|Iron Hands, L50|\n|poke|p2|Ting-Lu, L50|\n|poke|p2|Ogerpon-Wellspring, L50, F|\n|poke|p2|Sinistcha-Masterpiece, L50|\n|poke|p2|Hatterene, L50, F|\n|teampreview|4\n|inactive|Battle timer is ON: inactive players will automatically lose when time's up. (requested by Melchrocks2)\n|l|\u2606Melchrocks2\n|inactive|Melchrocks2 disconnected and has a minute to reconnect!\n|player|p2|\n|\n|t:|1700260551\n|start\n|switch|p1a: Landorus|Landorus-Therian, L50, M|100\/100\n|switch|p1b: Dragonite|Dragonite, L50, F|100\/100\n|switch|p2a: Sinistcha|Sinistcha-Masterpiece, L50|100\/100\n|switch|p2b: Ogerpon|Ogerpon-Wellspring, L50, F|100\/100\n|-ability|p1a: Landorus|Intimidate|boost\n|-unboost|p2a: Sinistcha|atk|1\n|-unboost|p2b: Ogerpon|atk|1\n|turn|1\n|j|\u2606Melchrocks2\n|inactive|Melchrocks2 reconnected and has 55 seconds left.\n|player|p2|Melchrocks2|101\n|inactive|luk29powavgcwp has 30 seconds left.\n|inactiveoff|Battle timer is now OFF.\n|\n|t:|1700260584\n|-terastallize|p2b: Ogerpon|Water\n|detailschange|p2b: Ogerpon|Ogerpon-Wellspring-Tera, L50, F, tera:Water\n|-ability|p2b: Ogerpon|Embody Aspect (Wellspring)|boost\n|-boost|p2b: Ogerpon|spd|1\n|-terastallize|p1b: Dragonite|Normal\n|move|p2b: Ogerpon|Follow Me|p2b: Ogerpon\n|-singleturn|p2b: Ogerpon|move: Follow Me\n|move|p1a: Landorus|U-turn|p2b: Ogerpon\n|-damage|p2b: Ogerpon|75\/100\n|\n|t:|1700260596\n|switch|p1a: Chien-Pao|Chien-Pao, L50|100\/100|[from] U-turn\n|-ability|p1a: Chien-Pao|Sword of Ruin\n|move|p1b: Dragonite|Aerial Ace|p2b: Ogerpon\n|-damage|p2b: Ogerpon|28\/100\n|move|p2a: Sinistcha|Trick Room|p2a: Sinistcha\n|-fieldstart|move: Trick Room|[of] p2a: Sinistcha\n|\n|upkeep\n|turn|2\n|\n|t:|1700260635\n|switch|p2a: Hatterene|Hatterene, L50, F, shiny|100\/100\n|move|p2b: Ogerpon|Spiky Shield|p2b: Ogerpon\n|-singleturn|p2b: Ogerpon|move: Protect\n|move|p1b: Dragonite|Extreme Speed|p2b: Ogerpon\n|-activate|p2b: Ogerpon|move: Protect\n|-damage|p1b: Dragonite|88\/100|[from] Spiky Shield|[of] p2b: Ogerpon\n|move|p1a: Chien-Pao|Sucker Punch||[still]\n|-fail|p1a: Chien-Pao\n|\n|upkeep\n|turn|3\n|inactive|Battle timer is ON: inactive players will automatically lose when time's up. (requested by Melchrocks2)\n|\n|t:|1700260658\n|move|p1b: Dragonite|Extreme Speed|p2a: Hatterene\n|-damage|p2a: Hatterene|16\/100\n|move|p1a: Chien-Pao|Sucker Punch|p2b: Ogerpon\n|-damage|p2b: Ogerpon|0 fnt\n|faint|p2b: Ogerpon\n|move|p2a: Hatterene|Dazzling Gleam|p1b: Dragonite|[spread] p1a,p1b\n|-supereffective|p1a: Chien-Pao\n|-enditem|p1a: Chien-Pao|Focus Sash\n|-damage|p1a: Chien-Pao|1\/100\n|-damage|p1b: Dragonite|43\/100\n|-damage|p2a: Hatterene|7\/100|[from] item: Life Orb\n|\n|upkeep\n|\n|t:|1700260670\n|switch|p2b: Volcarona|Volcarona, L50, M, shiny|100\/100\n|turn|4\n|\n|t:|1700260692\n|switch|p1a: Sinistcha|Sinistcha-Masterpiece, L50|100\/100\n|-heal|p1b: Dragonite|68\/100|[from] ability: Hospitality|[of] p1a: Sinistcha\n|move|p1b: Dragonite|Extreme Speed|p2a: Hatterene\n|-damage|p2a: Hatterene|0 fnt\n|faint|p2a: Hatterene\n|move|p2b: Volcarona|Rage Powder|p2b: Volcarona\n|-singleturn|p2b: Volcarona|move: Rage Powder\n|\n|upkeep\n|\n|t:|1700260702\n|switch|p2a: Sinistcha|Sinistcha-Masterpiece, L50|100\/100\n|turn|5\n|inactive|luk29powavgcwp has 30 seconds left.\n|inactive|luk29powavgcwp has 20 seconds left.\n|\n|t:|1700260737\n|switch|p1a: Chien-Pao|Chien-Pao, L50|1\/100\n|-ability|p1a: Chien-Pao|Sword of Ruin\n|move|p1b: Dragonite|Extreme Speed|p2b: Volcarona\n|-damage|p2b: Volcarona|35\/100\n|-enditem|p2b: Volcarona|Sitrus Berry|[eat]\n|-heal|p2b: Volcarona|60\/100|[from] item: Sitrus Berry\n|move|p2a: Sinistcha|Matcha Gotcha|p1a: Chien-Pao|[spread] p1a,p1b\n|-damage|p1a: Chien-Pao|0 fnt\n|-damage|p1b: Dragonite|43\/100\n|faint|p1a: Chien-Pao\n|move|p2b: Volcarona|Struggle Bug|p1b: Dragonite\n|-damage|p1b: Dragonite|21\/100\n|-unboost|p1b: Dragonite|spa|1\n|\n|-fieldend|move: Trick Room\n|upkeep\n|inactive|luk29powavgcwp has 30 seconds left.\n|\n|t:|1700260771\n|switch|p1a: Sinistcha|Sinistcha-Masterpiece, L50|100\/100\n|-heal|p1b: Dragonite|46\/100|[from] ability: Hospitality|[of] p1a: Sinistcha\n|turn|6\n|\n|t:|1700260794\n|switch|p1a: Landorus|Landorus-Therian, L50, M|100\/100\n|-ability|p1a: Landorus|Intimidate|boost\n|-unboost|p2a: Sinistcha|atk|1\n|-unboost|p2b: Volcarona|atk|1\n|move|p2b: Volcarona|Struggle Bug|p1a: Landorus|[spread] p1a,p1b\n|-resisted|p1a: Landorus\n|-damage|p1a: Landorus|92\/100\n|-damage|p1b: Dragonite|31\/100\n|-unboost|p1a: Landorus|spa|1\n|-unboost|p1b: Dragonite|spa|1\n|move|p1b: Dragonite|Aerial Ace|p2a: Sinistcha\n|-supereffective|p2a: Sinistcha\n|-damage|p2a: Sinistcha|30\/100\n|move|p2a: Sinistcha|Matcha Gotcha|p1a: Landorus|[spread] p1a,p1b\n|-damage|p1a: Landorus|63\/100\n|-heal|p2a: Sinistcha|44\/100|[from] drain|[of] p1a: Landorus\n|-damage|p1b: Dragonite|9\/100\n|-heal|p2a: Sinistcha|56\/100|[from] drain|[of] p1b: Dragonite\n|\n|upkeep\n|turn|7\n|inactive|luk29powavgcwp has 30 seconds left.\n|inactive|Melchrocks2 has 30 seconds left.\n|inactive|luk29powavgcwp has 20 seconds left.\n|inactive|Melchrocks2 has 20 seconds left.\n|\n|t:|1700260832\n|move|p2b: Volcarona|Rage Powder|p2b: Volcarona\n|-singleturn|p2b: Volcarona|move: Rage Powder\n|move|p1a: Landorus|U-turn|p2b: Volcarona\n|-resisted|p2b: Volcarona\n|-damage|p2b: Volcarona|46\/100\n|\n|t:|1700260836\n|switch|p1a: Sinistcha|Sinistcha-Masterpiece, L50|100\/100|[from] U-turn\n|-heal|p1b: Dragonite|34\/100|[from] ability: Hospitality|[of] p1a: Sinistcha\n|move|p1b: Dragonite|Aerial Ace|p2b: Volcarona\n|-supereffective|p2b: Volcarona\n|-crit|p2b: Volcarona\n|-damage|p2b: Volcarona|0 fnt\n|faint|p2b: Volcarona\n|move|p2a: Sinistcha|Matcha Gotcha|p1b: Dragonite|[spread] p1a,p1b\n|-resisted|p1a: Sinistcha\n|-damage|p1a: Sinistcha|87\/100\n|-heal|p2a: Sinistcha|63\/100|[from] drain|[of] p1a: Sinistcha\n|-damage|p1b: Dragonite|11\/100\n|-heal|p2a: Sinistcha|75\/100|[from] drain|[of] p1b: Dragonite\n|\n|upkeep\n|turn|8\n|j| kgamer549\n|-message|Melchrocks2 forfeited.\n|\n|win|luk29powavgcwp\n|raw|luk29powavgcwp's rating: 1077 &rarr; <strong>1109<\/strong><br \/>(+32 for winning)\n|raw|Melchrocks2's rating: 1126 &rarr; <strong>1097<\/strong><br \/>(-29 for losing)\n|l|\u2606Melchrocks2\n","uploadtime":1700260859,"views":9,"p1id":"luk29powavgcwp","p2id":"melchrocks2","formatid":"gen9vgc2023regulatione","rating":1097,"private":0,"password":""}