{"id":"gen9vgc2023regulatione-1988831357","p1":"NennoilPanda","p2":"CharlienoB","format":"[Gen 9] VGC 2023 Regulation E","log":"|j|\u2606NennoilPanda\n|j|\u2606CharlienoB\n|t:|1699769888\n|gametype|doubles\n|player|p1|NennoilPanda|benga|1156\n|player|p2|CharlienoB|102|1184\n|teamsize|p1|6\n|teamsize|p2|6\n|gen|9\n|tier|[Gen 9] VGC 2023 Regulation E\n|rated|\n|rule|Species Clause: Limit one of each Pok\u00e9mon\n|rule|Item Clause: Limit one of each item\n|clearpoke\n|poke|p1|Iron Hands, L50|\n|poke|p1|Flutter Mane, L50|\n|poke|p1|Heatran, L50, F|\n|poke|p1|Cresselia, L50, F|\n|poke|p1|Ursaluna, L50, F|\n|poke|p1|Ogerpon-Wellspring, L50, F|\n|poke|p2|Scizor, L50, F|\n|poke|p2|Houndstone, L50, F|\n|poke|p2|Tyranitar, L50, F|\n|poke|p2|Arcanine-Hisui, L50, M|\n|poke|p2|Iron Bundle, L50|\n|poke|p2|Florges, L50, F|\n|teampreview|4\n|inactive|Battle timer is ON: inactive players will automatically lose when time's up. (requested by NennoilPanda)\n|\n|t:|1699769915\n|start\n|switch|p1a: Cresselia|Cresselia, L50, F|100\/100\n|switch|p1b: Ogerpon|Ogerpon-Wellspring, L50, F|100\/100\n|switch|p2a: Scizor|Scizor, L50, F|100\/100\n|switch|p2b: Arcanine|Arcanine-Hisui, L50, M|100\/100\n|-ability|p2b: Arcanine|Intimidate|boost\n|-unboost|p1a: Cresselia|atk|1\n|-unboost|p1b: Ogerpon|atk|1\n|turn|1\n|\n|t:|1699769935\n|-terastallize|p2b: Arcanine|Ghost\n|move|p1b: Ogerpon|Follow Me|p1b: Ogerpon\n|-singleturn|p1b: Ogerpon|move: Follow Me\n|move|p2b: Arcanine|Howl|p2b: Arcanine|[spread] p2a,p2b\n|-boost|p2a: Scizor|atk|1\n|-boost|p2b: Arcanine|atk|1\n|move|p2a: Scizor|Swords Dance|p2a: Scizor\n|-boost|p2a: Scizor|atk|2\n|move|p1a: Cresselia|Trick Room|p1a: Cresselia\n|-fieldstart|move: Trick Room|[of] p1a: Cresselia\n|\n|upkeep\n|turn|2\n|inactive|NennoilPanda has 30 seconds left.\n|inactive|CharlienoB has 30 seconds left.\n|inactive|NennoilPanda has 20 seconds left.\n|inactive|NennoilPanda has 15 seconds left.\n|\n|t:|1699769977\n|switch|p1a: Heatran|Heatran, L50, F|100\/100\n|move|p1b: Ogerpon|Follow Me|p1b: Ogerpon\n|-singleturn|p1b: Ogerpon|move: Follow Me\n|move|p2a: Scizor|Bug Bite|p1b: Ogerpon\n|-supereffective|p1b: Ogerpon\n|-damage|p1b: Ogerpon|0 fnt\n|faint|p1b: Ogerpon\n|move|p2b: Arcanine|Howl|p2b: Arcanine|[spread] p2a,p2b\n|-boost|p2a: Scizor|atk|1\n|-boost|p2b: Arcanine|atk|1\n|\n|upkeep\n|\n|t:|1699769991\n|switch|p1b: Ursaluna|Ursaluna, L50, F|100\/100\n|turn|3\n|\n|t:|1699770018\n|-terastallize|p1a: Heatran|Fairy\n|move|p2a: Scizor|Protect|p2a: Scizor\n|-singleturn|p2a: Scizor|Protect\n|move|p1b: Ursaluna|Ice Punch|p2b: Arcanine\n|-damage|p2b: Arcanine|66\/100\n|move|p1a: Heatran|Heat Wave|p2b: Arcanine|[spread] p2b\n|-activate|p2a: Scizor|move: Protect\n|-damage|p2b: Arcanine|25\/100\n|-enditem|p2b: Arcanine|Sitrus Berry|[eat]\n|-heal|p2b: Arcanine|50\/100|[from] item: Sitrus Berry\n|move|p2b: Arcanine|Howl|p2b: Arcanine|[spread] p2a,p2b\n|-boost|p2a: Scizor|atk|1\n|-boost|p2b: Arcanine|atk|1\n|\n|-status|p1b: Ursaluna|brn|[from] item: Flame Orb\n|upkeep\n|turn|4\n|\n|t:|1699770041\n|move|p1a: Heatran|Protect|p1a: Heatran\n|-singleturn|p1a: Heatran|Protect\n|move|p2b: Arcanine|Extreme Speed|p1b: Ursaluna\n|-damage|p1b: Ursaluna|54\/100 brn\n|move|p2a: Scizor|Bullet Punch|p1b: Ursaluna\n|-damage|p1b: Ursaluna|0 fnt\n|faint|p1b: Ursaluna\n|\n|upkeep\n|\n|t:|1699770053\n|switch|p1b: Cresselia|Cresselia, L50, F|100\/100\n|turn|5\n|\n|t:|1699770062\n|move|p2a: Scizor|Bullet Punch|p1a: Heatran\n|-supereffective|p1a: Heatran\n|-damage|p1a: Heatran|0 fnt\n|faint|p1a: Heatran\n|move|p1b: Cresselia|Ice Beam|p2a: Scizor\n|-resisted|p2a: Scizor\n|-damage|p2a: Scizor|88\/100\n|move|p2b: Arcanine|Howl|p2b: Arcanine|[spread] p2a,p2b\n|-boost|p2a: Scizor|atk|1\n|-boost|p2b: Arcanine|atk|1\n|\n|-fieldend|move: Trick Room\n|upkeep\n|turn|6\n|-message|NennoilPanda forfeited.\n|\n|win|CharlienoB\n|raw|NennoilPanda's rating: 1156 &rarr; <strong>1133<\/strong><br \/>(-23 for losing)\n|raw|CharlienoB's rating: 1184 &rarr; <strong>1207<\/strong><br \/>(+23 for winning)\n|l|\u2606NennoilPanda\n","uploadtime":1699770085,"views":10,"p1id":"nennoilpanda","p2id":"charlienob","formatid":"gen9vgc2023regulatione","rating":1133,"private":0,"password":""}