{"id":"gen9vgc2023regulatione-1989055824","p1":"Valhala Alfa","p2":"Lictab11","format":"[Gen 9] VGC 2023 Regulation E","log":"|j|\u2606Valhala Alfa\n|j|\u2606Lictab11\n|t:|1699807267\n|gametype|doubles\n|player|p1|Valhala Alfa|silver|1289\n|player|p2|Lictab11|102|1194\n|teamsize|p1|6\n|teamsize|p2|6\n|gen|9\n|tier|[Gen 9] VGC 2023 Regulation E\n|rated|\n|rule|Species Clause: Limit one of each Pok\u00e9mon\n|rule|Item Clause: Limit one of each item\n|clearpoke\n|poke|p1|Dondozo, L50, M|\n|poke|p1|Tatsugiri, L50, F|\n|poke|p1|Glimmora, L50, M|\n|poke|p1|Urshifu-*, L50, M|\n|poke|p1|Ogerpon-Wellspring, L50, F|\n|poke|p1|Chi-Yu, L50|\n|poke|p2|Indeedee-F, L50, F|\n|poke|p2|Armarouge, L50, M|\n|poke|p2|Torkoal, L50, M|\n|poke|p2|Lilligant-Hisui, L50, F|\n|poke|p2|Cresselia, L50, F|\n|poke|p2|Ursaluna, L50, F|\n|teampreview|4\n|inactive|Battle timer is ON: inactive players will automatically lose when time's up. (requested by Valhala Alfa)\n|\n|t:|1699807290\n|start\n|switch|p1a: Glimmora|Glimmora, L50, M|100\/100\n|switch|p1b: Chi-Yu|Chi-Yu, L50|100\/100\n|switch|p2a: Cresselia|Cresselia, L50, F|100\/100\n|switch|p2b: Ursaluna|Ursaluna, L50, F, shiny|100\/100\n|-ability|p1b: Chi-Yu|Beads of Ruin\n|turn|1\n|\n|t:|1699807315\n|-terastallize|p2a: Cresselia|Fairy\n|move|p2b: Ursaluna|Protect|p2b: Ursaluna\n|-singleturn|p2b: Ursaluna|Protect\n|move|p1b: Chi-Yu|Overheat|p2a: Cresselia\n|-damage|p2a: Cresselia|40\/100\n|-unboost|p1b: Chi-Yu|spa|2\n|move|p1a: Glimmora|Power Gem|p2a: Cresselia\n|-damage|p2a: Cresselia|12\/100\n|move|p2a: Cresselia|Trick Room|p2a: Cresselia\n|-fieldstart|move: Trick Room|[of] p2a: Cresselia\n|\n|-status|p2b: Ursaluna|brn|[from] item: Flame Orb\n|upkeep\n|turn|2\n|\n|t:|1699807335\n|-terastallize|p1a: Glimmora|Grass\n|move|p2a: Cresselia|Helping Hand|p2b: Ursaluna\n|-singleturn|p2b: Ursaluna|Helping Hand|[of] p2a: Cresselia\n|move|p2b: Ursaluna|Earthquake|p1b: Chi-Yu|[spread] p1a,p1b\n|-immune|p2a: Cresselia|[from] ability: Levitate\n|-resisted|p1a: Glimmora\n|-supereffective|p1b: Chi-Yu\n|-damage|p1a: Glimmora|37\/100\n|-damage|p1b: Chi-Yu|0 fnt\n|-activate|p1a: Glimmora|ability: Toxic Debris\n|-sidestart|p2: Lictab11|move: Toxic Spikes\n|faint|p1b: Chi-Yu\n|move|p1a: Glimmora|Energy Ball|p2b: Ursaluna\n|-supereffective|p2b: Ursaluna\n|-damage|p2b: Ursaluna|21\/100 brn\n|\n|-damage|p2b: Ursaluna|15\/100 brn|[from] brn\n|upkeep\n|\n|t:|1699807353\n|switch|p1b: Dondozo|Dondozo, L50, M|100\/100\n|turn|3\n|\n|t:|1699807367\n|switch|p1a: Tatsugiri|Tatsugiri, L50, F|100\/100\n|-activate|p1a: Tatsugiri|ability: Commander|[of] p1b: Dondozo\n|-boost|p1b: Dondozo|atk|2\n|-boost|p1b: Dondozo|spa|2\n|-boost|p1b: Dondozo|spe|2\n|-boost|p1b: Dondozo|def|2\n|-boost|p1b: Dondozo|spd|2\n|move|p2a: Cresselia|Helping Hand|p2b: Ursaluna\n|-singleturn|p2b: Ursaluna|Helping Hand|[of] p2a: Cresselia\n|move|p2b: Ursaluna|Facade|p1b: Dondozo\n|-damage|p1b: Dondozo|41\/100\n|move|p1b: Dondozo|Order Up|p2b: Ursaluna\n|-damage|p2b: Ursaluna|0 fnt\n|faint|p2b: Ursaluna\n|-boost|p1b: Dondozo|atk|1\n|\n|-heal|p1b: Dondozo|48\/100|[from] item: Leftovers\n|upkeep\n|\n|t:|1699807384\n|switch|p2b: Torkoal|Torkoal, L50, M, shiny|100\/100\n|-status|p2b: Torkoal|psn\n|-weather|SunnyDay|[from] ability: Drought|[of] p2b: Torkoal\n|turn|4\n|\n|t:|1699807399\n|move|p2a: Cresselia|Helping Hand|p2b: Torkoal\n|-singleturn|p2b: Torkoal|Helping Hand|[of] p2a: Cresselia\n|move|p1b: Dondozo|Protect|p1b: Dondozo\n|-singleturn|p1b: Dondozo|Protect\n|move|p2b: Torkoal|Eruption|p1b: Dondozo|[spread] \n|-miss|p2b: Torkoal|p1a: Tatsugiri\n|-activate|p1b: Dondozo|move: Protect\n|\n|-weather|SunnyDay|[upkeep]\n|-heal|p1b: Dondozo|54\/100|[from] item: Leftovers\n|-damage|p2b: Torkoal|88\/100 psn|[from] psn\n|upkeep\n|turn|5\n|\n|t:|1699807422\n|switch|p2a: Lilligant|Lilligant-Hisui, L50, F, shiny|100\/100\n|-status|p2a: Lilligant|psn\n|move|p2b: Torkoal|Eruption|p1a: Tatsugiri|[spread] p1b\n|-miss|p2b: Torkoal|p1a: Tatsugiri\n|-resisted|p1b: Dondozo\n|-damage|p1b: Dondozo|36\/100\n|move|p1b: Dondozo|Earthquake|p2b: Torkoal|[spread] p2a,p2b\n|-miss|p1b: Dondozo|p1a: Tatsugiri\n|-resisted|p2a: Lilligant\n|-supereffective|p2b: Torkoal\n|-damage|p2a: Lilligant|65\/100 psn\n|-damage|p2b: Torkoal|21\/100 psn\n|\n|-weather|SunnyDay|[upkeep]\n|-heal|p1b: Dondozo|42\/100|[from] item: Leftovers\n|-damage|p2b: Torkoal|9\/100 psn|[from] psn\n|-damage|p2a: Lilligant|53\/100 psn|[from] psn\n|-fieldend|move: Trick Room\n|upkeep\n|turn|6\n|\n|t:|1699807436\n|move|p1b: Dondozo|Protect|p1b: Dondozo\n|-singleturn|p1b: Dondozo|Protect\n|move|p2a: Lilligant|Solar Blade||[still]\n|-prepare|p2a: Lilligant|Solar Blade\n|-anim|p2a: Lilligant|Solar Blade|p1b: Dondozo\n|-activate|p1b: Dondozo|move: Protect\n|move|p2b: Torkoal|Earth Power|p1b: Dondozo\n|-activate|p1b: Dondozo|move: Protect\n|\n|-weather|SunnyDay|[upkeep]\n|-heal|p1b: Dondozo|48\/100|[from] item: Leftovers\n|-damage|p2a: Lilligant|40\/100 psn|[from] psn\n|-damage|p2b: Torkoal|0 fnt|[from] psn\n|faint|p2b: Torkoal\n|upkeep\n|\n|t:|1699807438\n|switch|p2b: Cresselia|Cresselia, L50, F, tera:Fairy|12\/100\n|turn|7\n|\n|t:|1699807456\n|move|p2a: Lilligant|Solar Blade||[still]\n|-prepare|p2a: Lilligant|Solar Blade\n|-anim|p2a: Lilligant|Solar Blade|p1b: Dondozo\n|-supereffective|p1b: Dondozo\n|-damage|p1b: Dondozo|8\/100\n|move|p1b: Dondozo|Order Up|p2a: Lilligant\n|-damage|p2a: Lilligant|0 fnt\n|faint|p2a: Lilligant\n|-boost|p1b: Dondozo|atk|1\n|move|p2b: Cresselia|Lunar Blessing|p2b: Cresselia\n|-heal|p2b: Cresselia|37\/100\n|\n|-weather|SunnyDay|[upkeep]\n|-heal|p1b: Dondozo|14\/100|[from] item: Leftovers\n|upkeep\n|turn|8\n|-message|Lictab11 forfeited.\n|\n|win|Valhala Alfa\n|raw|Valhala Alfa's rating: 1289 &rarr; <strong>1307<\/strong><br \/>(+18 for winning)\n|raw|Lictab11's rating: 1194 &rarr; <strong>1176<\/strong><br \/>(-18 for losing)\n|l|\u2606Lictab11\n","uploadtime":1699807596,"views":13,"p1id":"valhalaalfa","p2id":"lictab11","formatid":"gen9vgc2023regulatione","rating":1176,"private":0,"password":""}