{"id":"gen9vgc2023regulatione-1999480890","p1":"Levelup_yaman","p2":"Sqinnon","format":"[Gen 9] VGC 2023 Regulation E","log":"|j|\u2606Levelup_yaman\n|j|\u2606Sqinnon\n|t:|1701087006\n|gametype|doubles\n|player|p1|Levelup_yaman|picnicker|1221\n|player|p2|Sqinnon|169|1154\n|teamsize|p1|6\n|teamsize|p2|6\n|gen|9\n|tier|[Gen 9] VGC 2023 Regulation E\n|rated|\n|rule|Species Clause: Limit one of each Pok\u00e9mon\n|rule|Item Clause: Limit one of each item\n|clearpoke\n|poke|p1|Pawmot, L50, M|\n|poke|p1|Baxcalibur, L50, F|\n|poke|p1|Skeledirge, L50, M|\n|poke|p1|Arboliva, L50, F|\n|poke|p1|Garganacl, L50, F|\n|poke|p1|Kingambit, L50, F|\n|poke|p2|Houndstone, L50, M|\n|poke|p2|Iron Bundle, L50|\n|poke|p2|Gastrodon, L50, F|\n|poke|p2|Tyranitar, L50, F|\n|poke|p2|Tropius, L50, F|\n|poke|p2|Heatran, L50, M|\n|teampreview|4\n|inactive|Battle timer is ON: inactive players will automatically lose when time's up. (requested by Levelup_yaman)\n|\n|t:|1701087026\n|start\n|switch|p1a: Skeledirge|Skeledirge, L50, M|100\/100\n|switch|p1b: Baxcalibur|Baxcalibur, L50, F|100\/100\n|switch|p2a: Houndstone|Houndstone, L50, M|100\/100\n|switch|p2b: Iron Bundle|Iron Bundle, L50|100\/100\n|turn|1\n|inactive|Sqinnon has 30 seconds left.\n|inactive|Sqinnon has 20 seconds left.\n|\n|t:|1701087063\n|-terastallize|p1a: Skeledirge|Ghost\n|-terastallize|p2a: Houndstone|Fire\n|move|p2b: Iron Bundle|Flip Turn|p2a: Houndstone\n|-supereffective|p2a: Houndstone\n|-damage|p2a: Houndstone|68\/100\n|-enditem|p2a: Houndstone|Weakness Policy\n|-boost|p2a: Houndstone|atk|2|[from] item: Weakness Policy\n|-boost|p2a: Houndstone|spa|2|[from] item: Weakness Policy\n|\n|t:|1701087071\n|-end|p2b: Iron Bundle|Quark Drive|[silent]\n|switch|p2b: Tyranitar|Tyranitar, L50, F|100\/100|[from] Flip Turn\n|-weather|Sandstorm|[from] ability: Sand Stream|[of] p2b: Tyranitar\n|move|p2a: Houndstone|Phantom Force||[still]\n|-prepare|p2a: Houndstone|Phantom Force\n|move|p1a: Skeledirge|Shadow Ball|p2a: Houndstone|[miss]\n|-miss|p1a: Skeledirge|p2a: Houndstone\n|move|p1b: Baxcalibur|Glaive Rush|p2b: Tyranitar\n|-damage|p2b: Tyranitar|41\/100\n|-singlemove|p1b: Baxcalibur|Glaive Rush|[silent]\n|\n|-weather|Sandstorm|[upkeep]\n|-damage|p1a: Skeledirge|94\/100|[from] Sandstorm\n|-damage|p1b: Baxcalibur|95\/100|[from] Sandstorm\n|upkeep\n|turn|2\n|\n|t:|1701087092\n|switch|p1a: Garganacl|Garganacl, L50, F|100\/100\n|-item|p1a: Garganacl|Air Balloon\n|move|p2a: Houndstone|Phantom Force|p1a: Garganacl|[from]lockedmove\n|-damage|p1a: Garganacl|72\/100\n|-enditem|p1a: Garganacl|Air Balloon\n|move|p1b: Baxcalibur|Icicle Spear|p2b: Tyranitar\n|-damage|p2b: Tyranitar|29\/100\n|-damage|p2b: Tyranitar|18\/100\n|-damage|p2b: Tyranitar|5\/100\n|-damage|p2b: Tyranitar|0 fnt\n|faint|p2b: Tyranitar\n|-hitcount|p2: Tyranitar|4\n|\n|-weather|Sandstorm|[upkeep]\n|-damage|p1b: Baxcalibur|89\/100|[from] Sandstorm\n|upkeep\n|\n|t:|1701087111\n|switch|p2b: Iron Bundle|Iron Bundle, L50|100\/100\n|turn|3\n|\n|t:|1701087123\n|move|p2b: Iron Bundle|Chilling Water|p1a: Garganacl\n|-supereffective|p1a: Garganacl\n|-damage|p1a: Garganacl|41\/100\n|-unboost|p1a: Garganacl|atk|1\n|move|p2a: Houndstone|Phantom Force||[still]\n|-prepare|p2a: Houndstone|Phantom Force\n|move|p1b: Baxcalibur|Glaive Rush|p2b: Iron Bundle\n|-damage|p2b: Iron Bundle|24\/100\n|-singlemove|p1b: Baxcalibur|Glaive Rush|[silent]\n|move|p1a: Garganacl|Stomping Tantrum|p2a: Houndstone|[miss]\n|-miss|p1a: Garganacl|p2a: Houndstone\n|\n|-weather|Sandstorm|[upkeep]\n|-damage|p2b: Iron Bundle|18\/100|[from] Sandstorm\n|-damage|p1b: Baxcalibur|83\/100|[from] Sandstorm\n|upkeep\n|turn|4\n|\n|t:|1701087145\n|move|p2b: Iron Bundle|Chilling Water|p1a: Garganacl\n|-supereffective|p1a: Garganacl\n|-damage|p1a: Garganacl|6\/100\n|-unboost|p1a: Garganacl|atk|1\n|move|p2a: Houndstone|Phantom Force|p1b: Baxcalibur|[from]lockedmove\n|-damage|p1b: Baxcalibur|0 fnt\n|faint|p1b: Baxcalibur\n|move|p1a: Garganacl|Stomping Tantrum|p2a: Houndstone\n|-supereffective|p2a: Houndstone\n|-damage|p2a: Houndstone|4\/100\n|\n|-weather|Sandstorm|[upkeep]\n|-damage|p2b: Iron Bundle|12\/100|[from] Sandstorm\n|upkeep\n|\n|t:|1701087154\n|switch|p1b: Pawmot|Pawmot, L50, M|100\/100\n|turn|5\n|\n|t:|1701087173\n|move|p2a: Houndstone|Protect|p2a: Houndstone\n|-singleturn|p2a: Houndstone|Protect\n|move|p2b: Iron Bundle|Chilling Water|p1a: Garganacl\n|-supereffective|p1a: Garganacl\n|-damage|p1a: Garganacl|0 fnt\n|faint|p1a: Garganacl\n|move|p1b: Pawmot|Revival Blessing|p1b: Pawmot\n|\n|t:|1701087176\n|-heal|p1: Baxcalibur|50\/100|[from] move: Revival Blessing\n|\n|-weather|none\n|upkeep\n|\n|t:|1701087180\n|switch|p1a: Baxcalibur|Baxcalibur, L50, F|50\/100\n|turn|6\n|\n|t:|1701087192\n|move|p2b: Iron Bundle|Chilling Water|p1b: Pawmot\n|-damage|p1b: Pawmot|55\/100\n|-unboost|p1b: Pawmot|atk|1\n|move|p1b: Pawmot|Play Rough|p2b: Iron Bundle\n|-damage|p2b: Iron Bundle|0 fnt\n|faint|p2b: Iron Bundle\n|-end|p2b: Iron Bundle|Quark Drive|[silent]\n|move|p1a: Baxcalibur|Icicle Spear|p2a: Houndstone\n|-resisted|p2a: Houndstone\n|-damage|p2a: Houndstone|0 fnt\n|faint|p2a: Houndstone\n|-hitcount|p2: Houndstone|1\n|\n|upkeep\n|-message|Sqinnon forfeited.\n|\n|win|Levelup_yaman\n|raw|Levelup_yaman's rating: 1221 &rarr; <strong>1241<\/strong><br \/>(+20 for winning)\n|raw|Sqinnon's rating: 1154 &rarr; <strong>1134<\/strong><br \/>(-20 for losing)\n|l|\u2606Sqinnon\n","uploadtime":1701087210,"views":3,"p1id":"levelupyaman","p2id":"sqinnon","formatid":"gen9vgc2023regulatione","rating":1134,"private":0,"password":""}