{"id":"gen9vgc2023regulatione-1988268993","p1":"abc0407","p2":"Shakeyshocks","format":"[Gen 9] VGC 2023 Regulation E","log":"|j|\u2606abc0407\n|j|\u2606Shakeyshocks\n|t:|1699698488\n|gametype|doubles\n|player|p1|abc0407|brendan|1116\n|player|p2|Shakeyshocks|1|1031\n|teamsize|p1|6\n|teamsize|p2|6\n|gen|9\n|tier|[Gen 9] VGC 2023 Regulation E\n|rated|\n|rule|Species Clause: Limit one of each Pok\u00e9mon\n|rule|Item Clause: Limit one of each item\n|clearpoke\n|poke|p1|Ogerpon-Hearthflame, L50, F|\n|poke|p1|Armarouge, L50, M|\n|poke|p1|Flutter Mane, L50|\n|poke|p1|Indeedee-F, L50, F|\n|poke|p1|Torkoal, L50, M|\n|poke|p1|Tornadus, L50, M|\n|poke|p2|Golem-Alola, L50, F|\n|poke|p2|Ninetales-Alola, L50, M|\n|poke|p2|Empoleon, L50, F|\n|poke|p2|Pawmot, L50, M|\n|poke|p2|Hawlucha, L50, M|\n|poke|p2|Gholdengo, L50|\n|teampreview|4\n|inactive|Battle timer is ON: inactive players will automatically lose when time's up. (requested by abc0407)\n|\n|t:|1699698503\n|start\n|switch|p1a: Flutter Mane|Flutter Mane, L50|100\/100\n|switch|p1b: Tornadus|Tornadus, L50, M|100\/100\n|switch|p2a: Ninetales|Ninetales-Alola, L50, M|100\/100\n|switch|p2b: Empoleon|Empoleon, L50, F|100\/100\n|-weather|Snow|[from] ability: Snow Warning|[of] p2a: Ninetales\n|-enditem|p1a: Flutter Mane|Booster Energy\n|-activate|p1a: Flutter Mane|ability: Protosynthesis|[fromitem]\n|-start|p1a: Flutter Mane|protosynthesisspa\n|turn|1\n|\n|t:|1699698519\n|move|p1b: Tornadus|Tailwind|p1b: Tornadus\n|-sidestart|p1: abc0407|move: Tailwind\n|move|p1a: Flutter Mane|Shadow Ball|p2b: Empoleon\n|-damage|p2b: Empoleon|49\/100\n|-unboost|p2b: Empoleon|spd|1\n|-ability|p2b: Empoleon|Competitive|boost\n|-boost|p2b: Empoleon|spa|2\n|move|p2a: Ninetales|Aurora Veil|p2a: Ninetales\n|-sidestart|p2: Shakeyshocks|move: Aurora Veil\n|move|p2b: Empoleon|Blizzard|p1b: Tornadus|[spread] p1a,p1b\n|-supereffective|p1b: Tornadus\n|-damage|p1a: Flutter Mane|17\/100\n|-damage|p1b: Tornadus|0 fnt\n|faint|p1b: Tornadus\n|\n|-weather|Snow|[upkeep]\n|upkeep\n|\n|t:|1699698529\n|switch|p1b: Indeedee|Indeedee-F, L50, F|100\/100\n|-fieldstart|move: Psychic Terrain|[from] ability: Psychic Surge|[of] p1b: Indeedee\n|turn|2\n|\n|t:|1699698547\n|move|p1b: Indeedee|Helping Hand|p1a: Flutter Mane\n|-singleturn|p1a: Flutter Mane|Helping Hand|[of] p1b: Indeedee\n|move|p1a: Flutter Mane|Dazzling Gleam|p2b: Empoleon|[spread] p2a,p2b\n|-resisted|p2b: Empoleon\n|-damage|p2a: Ninetales|59\/100\n|-damage|p2b: Empoleon|20\/100\n|move|p2a: Ninetales|Blizzard|p1b: Indeedee|[spread] p1a,p1b\n|-damage|p1a: Flutter Mane|0 fnt\n|-damage|p1b: Indeedee|81\/100\n|faint|p1a: Flutter Mane\n|-end|p1a: Flutter Mane|Protosynthesis|[silent]\n|move|p2b: Empoleon|Blizzard|p1b: Indeedee\n|-damage|p1b: Indeedee|0 fnt\n|faint|p1b: Indeedee\n|\n|-weather|Snow|[upkeep]\n|upkeep\n|\n|t:|1699698556\n|switch|p1a: Armarouge|Armarouge, L50, M|100\/100\n|turn|3\n|\n|t:|1699698574\n|move|p2a: Ninetales|Dazzling Gleam|p1a: Armarouge\n|-resisted|p1a: Armarouge\n|-damage|p1a: Armarouge|88\/100\n|move|p1a: Armarouge|Expanding Force|p2b: Empoleon|[spread] p2a,p2b\n|-resisted|p2b: Empoleon\n|-damage|p2a: Ninetales|7\/100\n|-damage|p2b: Empoleon|0 fnt\n|faint|p2b: Empoleon\n|-damage|p1a: Armarouge|78\/100|[from] item: Life Orb\n|\n|-weather|Snow|[upkeep]\n|upkeep\n|c|\u2606abc0407|loz\n|\n|t:|1699698586\n|switch|p2b: Hawlucha|Hawlucha, L50, M|100\/100\n|turn|4\n|inactive|Shakeyshocks has 30 seconds left.\n|\n|t:|1699698617\n|move|p2b: Hawlucha|Detect|p2b: Hawlucha\n|-singleturn|p2b: Hawlucha|Protect\n|move|p2a: Ninetales|Blizzard|p1a: Armarouge\n|-resisted|p1a: Armarouge\n|-damage|p1a: Armarouge|60\/100\n|move|p1a: Armarouge|Trick Room|p1a: Armarouge\n|-fieldstart|move: Trick Room|[of] p1a: Armarouge\n|\n|-weather|Snow|[upkeep]\n|-sideend|p1: abc0407|move: Tailwind\n|upkeep\n|turn|5\n|inactive|Shakeyshocks has 30 seconds left.\n|\n|t:|1699698643\n|move|p1a: Armarouge|Expanding Force|p2b: Hawlucha|[spread] p2a,p2b\n|-supereffective|p2b: Hawlucha\n|-damage|p2a: Ninetales|0 fnt\n|-damage|p2b: Hawlucha|0 fnt\n|faint|p2a: Ninetales\n|faint|p2b: Hawlucha\n|-damage|p1a: Armarouge|50\/100|[from] item: Life Orb\n|\n|-weather|Snow|[upkeep]\n|-sideend|p2: Shakeyshocks|move: Aurora Veil\n|upkeep\n|\n|t:|1699698653\n|switch|p2b: Gholdengo|Gholdengo, L50|100\/100\n|turn|6\n|c|\u2606abc0407|hahaha\n|\n|t:|1699698662\n|move|p1a: Armarouge|Heat Wave|p2b: Gholdengo\n|-supereffective|p2b: Gholdengo\n|-damage|p2b: Gholdengo|0 fnt\n|faint|p2b: Gholdengo\n|-damage|p1a: Armarouge|40\/100|[from] item: Life Orb\n|\n|win|abc0407\n|raw|abc0407's rating: 1116 &rarr; <strong>1135<\/strong><br \/>(+19 for winning)\n|raw|Shakeyshocks's rating: 1031 &rarr; <strong>1020<\/strong><br \/>(-11 for losing)\n|l|\u2606abc0407\n|l|\u2606Shakeyshocks\n|j|\u2606abc0407\n|player|p1|abc0407|brendan\n","uploadtime":1699698677,"views":28,"p1id":"abc0407","p2id":"shakeyshocks","formatid":"gen9vgc2023regulatione","rating":1020,"private":0,"password":""}