{"id":"gen9vgc2023regulatione-1993694157","p1":"mil0battles","p2":"BlindMagneton","format":"[Gen 9] VGC 2023 Regulation E","log":"|j|\u2606mil0battles\n|j|\u2606BlindMagneton\n|t:|1700346362\n|gametype|doubles\n|player|p1|mil0battles|pokemonranger-gen4|1478\n|player|p2|BlindMagneton|wattson|1486\n|teamsize|p1|6\n|teamsize|p2|6\n|gen|9\n|tier|[Gen 9] VGC 2023 Regulation E\n|rated|\n|rule|Species Clause: Limit one of each Pok\u00e9mon\n|rule|Item Clause: Limit one of each item\n|clearpoke\n|poke|p1|Ogerpon-Hearthflame, L50, F|\n|poke|p1|Rillaboom, L50, F|\n|poke|p1|Iron Bundle, L50|\n|poke|p1|Iron Hands, L50|\n|poke|p1|Landorus-Therian, L50, M|\n|poke|p1|Kingambit, L50, M|\n|poke|p2|Mandibuzz, L50, F|\n|poke|p2|Ninetales-Alola, L50, F|\n|poke|p2|Iron Hands, L50|\n|poke|p2|Flamigo, L50, F|\n|poke|p2|Farigiraf, L50, F|\n|poke|p2|Mamoswine, L50, F|\n|teampreview|4\n|\n|t:|1700346447\n|start\n|switch|p1a: Iron Bundle|Iron Bundle, L50|100\/100\n|switch|p1b: Kingambit|Kingambit, L50, M|100\/100\n|switch|p2a: Mandibuzz|Mandibuzz, L50, F|100\/100\n|switch|p2b: Ninetales|Ninetales-Alola, L50, F|100\/100\n|-weather|Snow|[from] ability: Snow Warning|[of] p2b: Ninetales\n|-enditem|p1a: Iron Bundle|Booster Energy\n|-activate|p1a: Iron Bundle|ability: Quark Drive|[fromitem]\n|-start|p1a: Iron Bundle|quarkdrivespe\n|turn|1\n|inactive|Battle timer is ON: inactive players will automatically lose when time's up. (requested by mil0battles)\n|inactive|mil0battles has 60 seconds left.\n|inactive|BlindMagneton has 60 seconds left.\n|\n|t:|1700346497\n|move|p2a: Mandibuzz|Protect|p2a: Mandibuzz\n|-singleturn|p2a: Mandibuzz|Protect\n|move|p1a: Iron Bundle|Freeze-Dry|p2a: Mandibuzz\n|-activate|p2a: Mandibuzz|move: Protect\n|move|p2b: Ninetales|Aurora Veil|p2b: Ninetales\n|-sidestart|p2: BlindMagneton|move: Aurora Veil\n|move|p1b: Kingambit|Swords Dance|p1b: Kingambit\n|-boost|p1b: Kingambit|atk|2\n|\n|-weather|Snow|[upkeep]\n|upkeep\n|turn|2\n|inactive|BlindMagneton has 30 seconds left.\n|\n|t:|1700346528\n|-terastallize|p2a: Mandibuzz|Ground\n|move|p2b: Ninetales|Ice Shard|p2a: Mandibuzz\n|-supereffective|p2a: Mandibuzz\n|-damage|p2a: Mandibuzz|89\/100\n|-ability|p2a: Mandibuzz|Weak Armor|boost\n|-unboost|p2a: Mandibuzz|def|1\n|-boost|p2a: Mandibuzz|spe|2\n|-enditem|p2a: Mandibuzz|Weakness Policy\n|-boost|p2a: Mandibuzz|atk|2|[from] item: Weakness Policy\n|-boost|p2a: Mandibuzz|spa|2|[from] item: Weakness Policy\n|move|p1b: Kingambit|Sucker Punch||[still]\n|-fail|p1b: Kingambit\n|move|p1a: Iron Bundle|Freeze-Dry|p2a: Mandibuzz\n|-supereffective|p2a: Mandibuzz\n|-damage|p2a: Mandibuzz|52\/100\n|move|p2a: Mandibuzz|Bone Rush|p1b: Kingambit\n|-supereffective|p1b: Kingambit\n|-damage|p1b: Kingambit|75\/100\n|-supereffective|p1b: Kingambit\n|-damage|p1b: Kingambit|49\/100\n|-hitcount|p1b: Kingambit|2\n|\n|-weather|Snow|[upkeep]\n|upkeep\n|turn|3\n|inactive|mil0battles has 30 seconds left.\n|inactive|BlindMagneton has 30 seconds left.\n|inactive|BlindMagneton has 20 seconds left.\n|\n|t:|1700346565\n|-end|p1a: Iron Bundle|Quark Drive|[silent]\n|switch|p1a: Ogerpon|Ogerpon-Hearthflame, L50, F|100\/100\n|-ability|p1a: Ogerpon|Mold Breaker\n|switch|p2b: Flamigo|Flamigo, L50, F|100\/100\n|-copyboost|p2b: Flamigo|p2a: Mandibuzz|[from] ability: Costar\n|move|p2a: Mandibuzz|Protect|p2a: Mandibuzz\n|-singleturn|p2a: Mandibuzz|Protect\n|move|p1b: Kingambit|Sucker Punch||[still]\n|-fail|p1b: Kingambit\n|\n|-weather|Snow|[upkeep]\n|upkeep\n|turn|4\n|inactive|mil0battles has 30 seconds left.\n|inactive|BlindMagneton has 30 seconds left.\n|inactive|BlindMagneton has 20 seconds left.\n|inactive|BlindMagneton has 15 seconds left.\n|inactive|BlindMagneton has 10 seconds left.\n|inactive|BlindMagneton has 5 seconds left.\n|\n|t:|1700346616\n|switch|p1a: Landorus|Landorus-Therian, L50, M|100\/100\n|-ability|p1a: Landorus|Intimidate|boost\n|-unboost|p2a: Mandibuzz|atk|1\n|-fail|p2b: Flamigo|unboost|[from] item: Clear Amulet|[of] p2b: Flamigo\n|move|p2a: Mandibuzz|Protect||[still]\n|-fail|p2a: Mandibuzz\n|move|p1b: Kingambit|Sucker Punch|p2b: Flamigo\n|-resisted|p2b: Flamigo\n|-damage|p2b: Flamigo|41\/100\n|move|p2b: Flamigo|Brave Bird|p1a: Landorus\n|-damage|p1a: Landorus|0 fnt\n|faint|p1a: Landorus\n|-damage|p2b: Flamigo|2\/100|[from] Recoil\n|\n|-weather|Snow|[upkeep]\n|upkeep\n|\n|t:|1700346633\n|switch|p1a: Iron Bundle|Iron Bundle, L50|100\/100\n|turn|5\n|inactive|BlindMagneton has 30 seconds left.\n|inactive|BlindMagneton has 20 seconds left.\n|inactive|BlindMagneton has 15 seconds left.\n|inactive|BlindMagneton has 10 seconds left.\n|inactive|BlindMagneton has 5 seconds left.\n|\n|t:|1700346686\n|move|p2b: Flamigo|Close Combat|p1b: Kingambit\n|-supereffective|p1b: Kingambit\n|-damage|p1b: Kingambit|0 fnt\n|-unboost|p2b: Flamigo|def|1\n|-unboost|p2b: Flamigo|spd|1\n|faint|p1b: Kingambit\n|move|p2a: Mandibuzz|Bone Rush|p1a: Iron Bundle\n|-damage|p1a: Iron Bundle|93\/100\n|-damage|p1a: Iron Bundle|85\/100\n|-damage|p1a: Iron Bundle|77\/100\n|-hitcount|p1a: Iron Bundle|3\n|move|p1a: Iron Bundle|Icy Wind|p2a: Mandibuzz|[spread] p2a,p2b\n|-supereffective|p2a: Mandibuzz\n|-crit|p2a: Mandibuzz\n|-supereffective|p2b: Flamigo\n|-damage|p2a: Mandibuzz|0 fnt\n|-damage|p2b: Flamigo|0 fnt\n|faint|p2a: Mandibuzz\n|faint|p2b: Flamigo\n|\n|-weather|none\n|-sideend|p2: BlindMagneton|move: Aurora Veil\n|upkeep\n|\n|t:|1700346696\n|switch|p2b: Mamoswine|Mamoswine, L50, F|100\/100\n|switch|p2a: Ninetales|Ninetales-Alola, L50, F|100\/100\n|switch|p1b: Ogerpon|Ogerpon-Hearthflame, L50, F|100\/100\n|-weather|Snow|[from] ability: Snow Warning|[of] p2a: Ninetales\n|-ability|p1b: Ogerpon|Mold Breaker\n|turn|6\n|inactive|BlindMagneton has 30 seconds left.\n|\n|t:|1700346731\n|-terastallize|p1b: Ogerpon|Fire\n|detailschange|p1b: Ogerpon|Ogerpon-Hearthflame-Tera, L50, F, tera:Fire\n|-ability|p1b: Ogerpon|Embody Aspect (Hearthflame)|boost\n|-boost|p1b: Ogerpon|atk|1\n|move|p2b: Mamoswine|High Horsepower|p1b: Ogerpon\n|-supereffective|p1b: Ogerpon\n|-damage|p1b: Ogerpon|0 fnt\n|faint|p1b: Ogerpon\n|move|p2a: Ninetales|Aurora Veil|p2a: Ninetales\n|-sidestart|p2: BlindMagneton|move: Aurora Veil\n|move|p1a: Iron Bundle|Hydro Pump|p2b: Mamoswine|[miss]\n|-miss|p1a: Iron Bundle|p2b: Mamoswine\n|\n|-weather|Snow|[upkeep]\n|upkeep\n|turn|7\n|-message|mil0battles forfeited.\n|\n|win|BlindMagneton\n|raw|mil0battles's rating: 1478 &rarr; <strong>1458<\/strong><br \/>(-20 for losing)\n|raw|BlindMagneton's rating: 1486 &rarr; <strong>1506<\/strong><br \/>(+20 for winning)\n","uploadtime":1700346748,"views":12,"p1id":"mil0battles","p2id":"blindmagneton","formatid":"gen9vgc2023regulatione","rating":1458,"private":0,"password":""}