{"id":"gen9vgc2023regulatione-1988330939","p1":"qwertyslopmcflop","p2":"Harry_Styles2","format":"[Gen 9] VGC 2023 Regulation E","log":"|j|\u2606qwertyslopmcflop\n|j|\u2606Harry_Styles2\n|t:|1699709655\n|gametype|doubles\n|player|p1|qwertyslopmcflop|li|1701\n|player|p2|Harry_Styles2|265|1589\n|teamsize|p1|6\n|teamsize|p2|6\n|gen|9\n|tier|[Gen 9] VGC 2023 Regulation E\n|rated|\n|rule|Species Clause: Limit one of each Pok\u00e9mon\n|rule|Item Clause: Limit one of each item\n|clearpoke\n|poke|p1|Tornadus, L50, M|\n|poke|p1|Urshifu-*, L50, M|\n|poke|p1|Iron Hands, L50|\n|poke|p1|Farigiraf, L50, M|\n|poke|p1|Chien-Pao, L50|\n|poke|p1|Decidueye-Hisui, L50, F|\n|poke|p2|Lycanroc, L50, F|\n|poke|p2|Tyranitar, L50, M|\n|poke|p2|Roaring Moon, L50|\n|poke|p2|Amoonguss, L50, F|\n|poke|p2|Gothitelle, L50, F|\n|poke|p2|Thundurus-Therian, L50, M|\n|teampreview|4\n|inactive|Battle timer is ON: inactive players will automatically lose when time's up. (requested by Harry_Styles2)\n|inactive|qwertyslopmcflop also wants the timer to be on.\n|inactive|Harry_Styles2 has 60 seconds left.\n|inactive|Harry_Styles2 has 30 seconds left.\n|inactive|Harry_Styles2 has 20 seconds left.\n|inactive|Harry_Styles2 has 15 seconds left.\n|inactive|Harry_Styles2 has 10 seconds left.\n|\n|t:|1699709738\n|start\n|switch|p1a: Tornadus|Tornadus, L50, M|100\/100\n|switch|p1b: Urshifu|Urshifu-Rapid-Strike, L50, M|100\/100\n|switch|p2a: Amoonguss|Amoonguss, L50, F, shiny|100\/100\n|switch|p2b: Thundurus|Thundurus-Therian, L50, M|100\/100\n|turn|1\n|\n|t:|1699709758\n|move|p1b: Urshifu|Detect|p1b: Urshifu\n|-singleturn|p1b: Urshifu|Protect\n|move|p2a: Amoonguss|Rage Powder|p2a: Amoonguss\n|-singleturn|p2a: Amoonguss|move: Rage Powder\n|move|p1a: Tornadus|Tailwind|p1a: Tornadus\n|-sidestart|p1: qwertyslopmcflop|move: Tailwind\n|move|p2b: Thundurus|Volt Switch|p1a: Tornadus\n|-supereffective|p1a: Tornadus\n|-damage|p1a: Tornadus|15\/100\n|\n|t:|1699709765\n|switch|p2b: Gothitelle|Gothitelle, L50, F|100\/100|[from] Volt Switch\n|\n|upkeep\n|turn|2\n|\n|t:|1699709784\n|-terastallize|p1b: Urshifu|Water\n|move|p2b: Gothitelle|Fake Out|p1a: Tornadus\n|-damage|p1a: Tornadus|9\/100\n|-damage|p2b: Gothitelle|84\/100|[from] item: Rocky Helmet|[of] p1a: Tornadus\n|move|p1b: Urshifu|Surging Strikes|p2b: Gothitelle\n|-crit|p2b: Gothitelle\n|-damage|p2b: Gothitelle|52\/100\n|-crit|p2b: Gothitelle\n|-damage|p2b: Gothitelle|20\/100\n|-enditem|p2b: Gothitelle|Sitrus Berry|[eat]\n|-heal|p2b: Gothitelle|45\/100|[from] item: Sitrus Berry\n|-crit|p2b: Gothitelle\n|-damage|p2b: Gothitelle|15\/100\n|-hitcount|p2b: Gothitelle|3\n|cant|p1a: Tornadus|flinch\n|move|p2a: Amoonguss|Spore|p1b: Urshifu\n|-status|p1b: Urshifu|slp|[from] move: Spore\n|\n|upkeep\n|turn|3\n|inactive|Harry_Styles2 has 30 seconds left.\n|\n|t:|1699709819\n|switch|p2b: Thundurus|Thundurus-Therian, L50, M|100\/100\n|-terastallize|p2a: Amoonguss|Water\n|cant|p1b: Urshifu|slp\n|move|p1a: Tornadus|Bleakwind Storm|p2b: Thundurus|[spread] p2a,p2b\n|-resisted|p2b: Thundurus\n|-damage|p2a: Amoonguss|72\/100\n|-damage|p2b: Thundurus|79\/100\n|move|p2a: Amoonguss|Giga Drain|p1b: Urshifu\n|-supereffective|p1b: Urshifu\n|-damage|p1b: Urshifu|31\/100 slp\n|-heal|p2a: Amoonguss|99\/100|[from] drain|[of] p1b: Urshifu\n|\n|upkeep\n|turn|4\n|\n|t:|1699709834\n|move|p2a: Amoonguss|Rage Powder|p2a: Amoonguss\n|-singleturn|p2a: Amoonguss|move: Rage Powder\n|move|p1a: Tornadus|Taunt|p2a: Amoonguss\n|-start|p2a: Amoonguss|move: Taunt\n|cant|p1b: Urshifu|slp\n|move|p2b: Thundurus|Wildbolt Storm|p1a: Tornadus|[spread] p1a\n|-miss|p2b: Thundurus|p1b: Urshifu\n|-supereffective|p1a: Tornadus\n|-damage|p1a: Tornadus|0 fnt\n|faint|p1a: Tornadus\n|\n|-sideend|p1: qwertyslopmcflop|move: Tailwind\n|upkeep\n|\n|t:|1699709845\n|switch|p1a: Iron Hands|Iron Hands, L50|100\/100\n|turn|5\n|\n|t:|1699709859\n|move|p1a: Iron Hands|Fake Out|p2b: Thundurus\n|-damage|p2b: Thundurus|55\/100\n|cant|p2b: Thundurus|flinch\n|-curestatus|p1b: Urshifu|slp|[msg]\n|move|p1b: Urshifu|Surging Strikes|p2b: Thundurus\n|-crit|p2b: Thundurus\n|-damage|p2b: Thundurus|4\/100\n|-crit|p2b: Thundurus\n|-damage|p2b: Thundurus|0 fnt\n|faint|p2b: Thundurus\n|-hitcount|p2: Thundurus|2\n|move|p2a: Amoonguss|Giga Drain|p1b: Urshifu\n|-supereffective|p1b: Urshifu\n|-damage|p1b: Urshifu|0 fnt\n|-heal|p2a: Amoonguss|100\/100|[from] drain|[of] p1b: Urshifu\n|faint|p1b: Urshifu\n|\n|upkeep\n|\n|t:|1699709877\n|switch|p2b: Gothitelle|Gothitelle, L50, F|15\/100\n|switch|p1b: Chien-Pao|Chien-Pao, L50|100\/100\n|-ability|p1b: Chien-Pao|Sword of Ruin\n|turn|6\n|\n|t:|1699709890\n|move|p1b: Chien-Pao|Protect|p1b: Chien-Pao\n|-singleturn|p1b: Chien-Pao|Protect\n|move|p2b: Gothitelle|Fake Out|p1a: Iron Hands\n|-damage|p1a: Iron Hands|96\/100\n|cant|p1a: Iron Hands|flinch\n|move|p2a: Amoonguss|Sludge Bomb|p1b: Chien-Pao\n|-activate|p1b: Chien-Pao|move: Protect\n|\n|upkeep\n|turn|7\n|\n|t:|1699709914\n|move|p1b: Chien-Pao|Sucker Punch|p2b: Gothitelle\n|-supereffective|p2b: Gothitelle\n|-damage|p2b: Gothitelle|0 fnt\n|faint|p2b: Gothitelle\n|move|p1a: Iron Hands|Wild Charge|p2a: Amoonguss\n|-supereffective|p2a: Amoonguss\n|-damage|p2a: Amoonguss|0 fnt\n|-damage|p1a: Iron Hands|79\/100|[from] item: Rocky Helmet|[of] p2a: Amoonguss\n|faint|p2a: Amoonguss\n|-damage|p1a: Iron Hands|57\/100|[from] Recoil\n|\n|upkeep\n|\n|t:|1699709922\n|switch|p2b: Roaring Moon|Roaring Moon, L50|100\/100\n|turn|8\n|\n|t:|1699709930\n|move|p1b: Chien-Pao|Ice Spinner|p2b: Roaring Moon\n|-supereffective|p2b: Roaring Moon\n|-damage|p2b: Roaring Moon|0 fnt\n|faint|p2b: Roaring Moon\n|-end|p2b: Roaring Moon|Protosynthesis|[silent]\n|\n|win|qwertyslopmcflop\n|raw|qwertyslopmcflop's rating: 1701 &rarr; <strong>1715<\/strong><br \/>(+14 for winning)\n|raw|Harry_Styles2's rating: 1589 &rarr; <strong>1575<\/strong><br \/>(-14 for losing)\n|l|\u2606qwertyslopmcflop\n","uploadtime":1699709942,"views":20,"p1id":"qwertyslopmcflop","p2id":"harrystyles2","formatid":"gen9vgc2023regulatione","rating":1575,"private":0,"password":""}