{"id":"gen9vgc2023regulatione-1999857622","p1":"TheblackGotenks","p2":"Lioxzas","format":"[Gen 9] VGC 2023 Regulation E","log":"|j|\u2606TheblackGotenks\n|j|\u2606Lioxzas\n|n|\u2606TheblackGotenks|theblackgotenks\n|n|\u2606Lioxzas|lioxzas\n|html|View the match progress at <a href=\"\/game-bestof3-gen9vgc2023regulatione-1999857621\">game-bestof3-gen9vgc2023regulatione-1999857621<\/a>\n|t:|1701123385\n|gametype|doubles\n|player|p1|TheblackGotenks|ghetsis-gen5bw|\n|player|p2|Lioxzas|palmer|\n|teamsize|p1|6\n|teamsize|p2|6\n|gen|9\n|tier|[Gen 9] VGC 2023 Regulation E\n|rule|Species Clause: Limit one of each Pok\u00e9mon\n|rule|Item Clause: Limit one of each item\n|clearpoke\n|poke|p1|Tornadus, L50, M|\n|poke|p1|Ogerpon-Hearthflame, L50, F|\n|poke|p1|Palafin, L50, F|\n|poke|p1|Salamence, L50, F|\n|poke|p1|Foongus, L50, M|\n|poke|p1|Persian, L50, F|\n|poke|p2|Iron Hands, L50|\n|poke|p2|Arcanine-Hisui, L50, M|\n|poke|p2|Cetitan, L50, M|\n|poke|p2|Staraptor, L50, M|\n|poke|p2|Sinistcha, L50|\n|poke|p2|Empoleon, L50, M|\n|teampreview|4\n|inactive|Battle timer is ON: inactive players will automatically lose when time's up. (requested by Lioxzas)\n|c|\u2606Lioxzas|best of 3?\n|c|\u2606TheblackGotenks|Glhf\n|c|\u2606Lioxzas|u too\n|c|\u2606TheblackGotenks|Yes\n|c|\u2606Lioxzas|team sheets?\n|c|\u2606TheblackGotenks|No\n|c|\u2606Lioxzas|aight bet\nTheblackGotenks rejected open team sheets.\n|inactive|TheblackGotenks has 60 seconds left.\n|inactive|Lioxzas has 60 seconds left.\n|inactive|Lioxzas has 30 seconds left.\n|\n|t:|1701123453\n|start\n|switch|p1a: Tornadus|Tornadus, L50, M|100\/100\n|switch|p1b: Salamence|Salamence, L50, F|100\/100\n|switch|p2a: Staraptor|Staraptor, L50, M|100\/100\n|switch|p2b: Iron Hands|Iron Hands, L50|100\/100\n|-ability|p2a: Staraptor|Intimidate|boost\n|-unboost|p1a: Tornadus|atk|1\n|-fail|p1b: Salamence|unboost|[from] item: Clear Amulet|[of] p1b: Salamence\n|-ability|p1b: Salamence|Intimidate|boost\n|-unboost|p2a: Staraptor|atk|1\n|-unboost|p2b: Iron Hands|atk|1\n|turn|1\n|inactive|TheblackGotenks has 30 seconds left.\n|\n|t:|1701123483\n|move|p2b: Iron Hands|Fake Out|p1a: Tornadus\n|-crit|p1a: Tornadus\n|-damage|p1a: Tornadus|64\/100\n|move|p1a: Tornadus|Taunt|p2a: Staraptor\n|-start|p2a: Staraptor|move: Taunt\n|move|p2a: Staraptor|Final Gambit|p1b: Salamence\n|-damage|p1b: Salamence|6\/100\n|faint|p2a: Staraptor\n|move|p1b: Salamence|Dragon Dance|p1b: Salamence\n|-boost|p1b: Salamence|atk|1\n|-boost|p1b: Salamence|spe|1\n|\n|upkeep\n|\n|t:|1701123502\n|switch|p2a: Empoleon|Empoleon, L50, M|100\/100\n|turn|2\n|inactive|TheblackGotenks has 30 seconds left.\n|inactive|TheblackGotenks has 20 seconds left.\n|\n|t:|1701123538\n|-terastallize|p2b: Iron Hands|Flying\n|move|p1b: Salamence|Earthquake|p2b: Iron Hands|[spread] p2a\n|-immune|p1a: Tornadus\n|-immune|p2b: Iron Hands\n|-supereffective|p2a: Empoleon\n|-enditem|p2a: Empoleon|Shuca Berry|[eat]\n|-enditem|p2a: Empoleon|Shuca Berry|[weaken]\n|-damage|p2a: Empoleon|64\/100\n|move|p1a: Tornadus|Bleakwind Storm|p2a: Empoleon|[spread] p2a\n|-miss|p1a: Tornadus|p2b: Iron Hands\n|-resisted|p2a: Empoleon\n|-damage|p2a: Empoleon|48\/100\n|move|p2a: Empoleon|Ice Beam|p1b: Salamence\n|-supereffective|p1b: Salamence\n|-damage|p1b: Salamence|0 fnt\n|faint|p1b: Salamence\n|move|p2b: Iron Hands|Ice Punch|p1a: Tornadus\n|-supereffective|p1a: Tornadus\n|-damage|p1a: Tornadus|7\/100\n|\n|upkeep\n|\n|t:|1701123558\n|switch|p1b: Ogerpon|Ogerpon-Hearthflame, L50, F|100\/100\n|-ability|p1b: Ogerpon|Mold Breaker\n|turn|3\n|inactive|Lioxzas has 30 seconds left.\n|\n|t:|1701123590\n|move|p1a: Tornadus|Protect|p1a: Tornadus\n|-singleturn|p1a: Tornadus|Protect\n|move|p1b: Ogerpon|Swords Dance|p1b: Ogerpon\n|-boost|p1b: Ogerpon|atk|2\n|move|p2a: Empoleon|Ice Beam|p1a: Tornadus\n|-activate|p1a: Tornadus|move: Protect\n|move|p2b: Iron Hands|Drain Punch|p1b: Ogerpon\n|-damage|p1b: Ogerpon|66\/100\n|\n|upkeep\n|turn|4\n|inactive|TheblackGotenks has 30 seconds left.\n|inactive|TheblackGotenks has 20 seconds left.\n|\n|t:|1701123627\n|-end|p2b: Iron Hands|Quark Drive|[silent]\n|switch|p2b: Sinistcha|Sinistcha, L50|100\/100\n|-heal|p2a: Empoleon|73\/100|[from] ability: Hospitality|[of] p2b: Sinistcha\n|move|p1b: Ogerpon|Spiky Shield|p1b: Ogerpon\n|-singleturn|p1b: Ogerpon|move: Protect\n|move|p1a: Tornadus|Bleakwind Storm|p2a: Empoleon|[spread] p2a,p2b\n|-resisted|p2a: Empoleon\n|-supereffective|p2b: Sinistcha\n|-damage|p2a: Empoleon|59\/100\n|-damage|p2b: Sinistcha|2\/100\n|move|p2a: Empoleon|Yawn|p1b: Ogerpon\n|-activate|p1b: Ogerpon|move: Protect\n|\n|-heal|p2b: Sinistcha|8\/100|[from] item: Leftovers\n|upkeep\n|turn|5\n|inactive|TheblackGotenks has 30 seconds left.\n|\n|t:|1701123661\n|-terastallize|p1b: Ogerpon|Fire\n|detailschange|p1b: Ogerpon|Ogerpon-Hearthflame-Tera, L50, F, tera:Fire\n|-ability|p1b: Ogerpon|Embody Aspect (Hearthflame)|boost\n|-boost|p1b: Ogerpon|atk|1\n|move|p2b: Sinistcha|Rage Powder|p2b: Sinistcha\n|-singleturn|p2b: Sinistcha|move: Rage Powder\n|move|p1a: Tornadus|Bleakwind Storm|p2b: Sinistcha|[spread] p2a,p2b\n|-resisted|p2a: Empoleon\n|-supereffective|p2b: Sinistcha\n|-damage|p2a: Empoleon|44\/100\n|-damage|p2b: Sinistcha|0 fnt\n|faint|p2b: Sinistcha\n|move|p1b: Ogerpon|Ivy Cudgel|p2a: Empoleon|[anim] Ivy Cudgel Fire\n|-damage|p2a: Empoleon|0 fnt\n|faint|p2a: Empoleon\n|\n|upkeep\n|\n|t:|1701123671\n|switch|p2a: Iron Hands|Iron Hands, L50, tera:Flying|100\/100\n|turn|6\n|\n|t:|1701123690\n|move|p1a: Tornadus|Bleakwind Storm|p2a: Iron Hands|[miss]\n|-miss|p1a: Tornadus|p2a: Iron Hands\n|move|p1b: Ogerpon|Ivy Cudgel|p2a: Iron Hands|[anim] Ivy Cudgel Fire\n|-crit|p2a: Iron Hands\n|-damage|p2a: Iron Hands|0 fnt\n|faint|p2a: Iron Hands\n|-end|p2a: Iron Hands|Quark Drive|[silent]\n|\n|win|TheblackGotenks\n|c|&|\/uhtml prompt-lioxzas,Lioxzas is ready for game 2!\n|c|&|\/uhtml prompt-theblackgotenks,TheblackGotenks is ready for game 2!\nBoth players are ready! Starting next match!\n|l|\u2606Lioxzas\n|l|\u2606TheblackGotenks\n|j|\u2606TheblackGotenks\n|player|p1|TheblackGotenks|ghetsis-gen5bw\n","uploadtime":1701124206,"views":11,"p1id":"theblackgotenks","p2id":"lioxzas","formatid":"gen9vgc2023regulatione","rating":0,"private":0,"password":""}