{"id":"gen9vgc2023regulatione-1995221145","p1":"beekiroo","p2":"GinGearity","format":"[Gen 9] VGC 2023 Regulation E","log":"|j|\u2606beekiroo\n|j|\u2606GinGearity\n|t:|1700536308\n|gametype|doubles\n|player|p1|beekiroo|leaf-masters|1173\n|player|p2|GinGearity|marshal|1157\n|teamsize|p1|6\n|teamsize|p2|6\n|gen|9\n|tier|[Gen 9] VGC 2023 Regulation E\n|rated|\n|rule|Species Clause: Limit one of each Pok\u00e9mon\n|rule|Item Clause: Limit one of each item\n|clearpoke\n|poke|p1|Gothitelle, L50, M|\n|poke|p1|Scream Tail, L50|\n|poke|p1|Arcanine-Hisui, L50, M|\n|poke|p1|Dondozo, L50, M|\n|poke|p1|Iron Hands, L50|\n|poke|p1|Tatsugiri, L50, F|\n|poke|p2|Falinks, L50|\n|poke|p2|Indeedee-F, L50, F|\n|poke|p2|Armarouge, L50, M|\n|poke|p2|Dragapult, L50, M|\n|poke|p2|Ursaluna, L50, F|\n|poke|p2|Hatterene, L50, F|\n|teampreview|4\n|\n|t:|1700536335\n|start\n|switch|p1a: Scream Tail|Scream Tail, L50|100\/100\n|switch|p1b: Tatsugiri|Tatsugiri, L50, F|100\/100\n|switch|p2a: Corazon|Armarouge, L50, M|100\/100\n|switch|p2b: Maestra|Dragapult, L50, M|100\/100\n|-enditem|p1a: Scream Tail|Booster Energy\n|-activate|p1a: Scream Tail|ability: Protosynthesis|[fromitem]\n|-start|p1a: Scream Tail|protosynthesisspe\n|turn|1\n|\n|t:|1700536362\n|-terastallize|p2a: Corazon|Psychic\n|move|p1b: Tatsugiri|Protect|p1b: Tatsugiri\n|-singleturn|p1b: Tatsugiri|Protect\n|move|p2b: Maestra|U-turn|p2a: Corazon\n|-supereffective|p2a: Corazon\n|-damage|p2a: Corazon|64\/100\n|-ability|p2a: Corazon|Weak Armor|boost\n|-unboost|p2a: Corazon|def|1\n|-boost|p2a: Corazon|spe|2\n|-enditem|p2a: Corazon|Weakness Policy\n|-boost|p2a: Corazon|atk|2|[from] item: Weakness Policy\n|-boost|p2a: Corazon|spa|2|[from] item: Weakness Policy\n|\n|t:|1700536372\n|switch|p2b: Mucama|Indeedee-F, L50, F|100\/100|[from] U-turn\n|-fieldstart|move: Psychic Terrain|[from] ability: Psychic Surge|[of] p2b: Mucama\n|move|p1a: Scream Tail|Perish Song|p1a: Scream Tail\n|-start|p1a: Scream Tail|perish3|[silent]\n|-start|p1b: Tatsugiri|perish3|[silent]\n|-start|p2a: Corazon|perish3|[silent]\n|-start|p2b: Mucama|perish3|[silent]\n|-fieldactivate|move: Perish Song\n|move|p2a: Corazon|Expanding Force|p1b: Tatsugiri|[spread] p1a\n|-activate|p1b: Tatsugiri|move: Protect\n|-resisted|p1a: Scream Tail\n|-damage|p1a: Scream Tail|42\/100\n|\n|-start|p1a: Scream Tail|perish3\n|-start|p2a: Corazon|perish3\n|-start|p1b: Tatsugiri|perish3\n|-start|p2b: Mucama|perish3\n|upkeep\n|turn|2\n|\n|t:|1700536390\n|-end|p1a: Scream Tail|Protosynthesis|[silent]\n|switch|p1a: Dondozo|Dondozo, L50, M|100\/100\n|-activate|p1b: Tatsugiri|ability: Commander|[of] p1a: Dondozo\n|-boost|p1a: Dondozo|atk|2\n|-boost|p1a: Dondozo|spa|2\n|-boost|p1a: Dondozo|spe|2\n|-boost|p1a: Dondozo|def|2\n|-boost|p1a: Dondozo|spd|2\n|move|p2b: Mucama|Helping Hand|p2a: Corazon\n|-singleturn|p2a: Corazon|Helping Hand|[of] p2b: Mucama\n|move|p2a: Corazon|Expanding Force|p1a: Dondozo|[spread] p1a\n|-miss|p2a: Corazon|p1b: Tatsugiri\n|-damage|p1a: Dondozo|43\/100\n|\n|-heal|p1a: Dondozo|49\/100|[from] item: Leftovers\n|-start|p2a: Corazon|perish2\n|-start|p1b: Tatsugiri|perish2\n|-start|p2b: Mucama|perish2\n|upkeep\n|turn|3\n|j| mymommyeatsmyfries\n|\n|t:|1700536414\n|move|p2b: Mucama|Helping Hand|p2a: Corazon\n|-singleturn|p2a: Corazon|Helping Hand|[of] p2b: Mucama\n|move|p1a: Dondozo|Protect|p1a: Dondozo\n|-singleturn|p1a: Dondozo|Protect\n|move|p2a: Corazon|Expanding Force|p1b: Tatsugiri|[spread] \n|-miss|p2a: Corazon|p1b: Tatsugiri\n|-activate|p1a: Dondozo|move: Protect\n|\n|-heal|p1a: Dondozo|56\/100|[from] item: Leftovers\n|-start|p2a: Corazon|perish1\n|-start|p1b: Tatsugiri|perish1\n|-start|p2b: Mucama|perish1\n|upkeep\n|turn|4\n|\n|t:|1700536436\n|move|p2b: Mucama|Helping Hand|p2a: Corazon\n|-singleturn|p2a: Corazon|Helping Hand|[of] p2b: Mucama\n|move|p2a: Corazon|Expanding Force|p1b: Tatsugiri|[spread] p1a\n|-miss|p2a: Corazon|p1b: Tatsugiri\n|-damage|p1a: Dondozo|0 fnt\n|faint|p1a: Dondozo\n|\n|-start|p2a: Corazon|perish0\n|-start|p1b: Tatsugiri|perish0\n|-start|p2b: Mucama|perish0\n|faint|p2a: Corazon\n|faint|p1b: Tatsugiri\n|faint|p2b: Mucama\n|upkeep\n|\n|t:|1700536446\n|switch|p1b: Iron Hands|Iron Hands, L50|100\/100\n|switch|p2a: Maestra|Dragapult, L50, M|100\/100\n|switch|p1a: Scream Tail|Scream Tail, L50|42\/100\n|switch|p2b: La Bruja|Hatterene, L50, F|100\/100\n|turn|5\n|\n|t:|1700536475\n|-terastallize|p1b: Iron Hands|Fire\n|move|p2a: Maestra|Shadow Ball|p1a: Scream Tail\n|-supereffective|p1a: Scream Tail\n|-damage|p1a: Scream Tail|0 fnt\n|faint|p1a: Scream Tail\n|-end|p1a: Scream Tail|Protosynthesis|[silent]\n|move|p1b: Iron Hands|Wild Charge|p2b: La Bruja\n|-damage|p2b: La Bruja|38\/100\n|-damage|p1b: Iron Hands|90\/100|[from] Recoil\n|move|p2b: La Bruja|Dazzling Gleam|p1b: Iron Hands\n|-resisted|p1b: Iron Hands\n|-damage|p1b: Iron Hands|77\/100\n|\n|-fieldend|move: Psychic Terrain\n|upkeep\n|turn|6\n|\n|t:|1700536499\n|move|p2a: Maestra|Shadow Ball|p1b: Iron Hands\n|-damage|p1b: Iron Hands|60\/100\n|-unboost|p1b: Iron Hands|spd|1\n|move|p1b: Iron Hands|Wild Charge|p2b: La Bruja\n|-damage|p2b: La Bruja|0 fnt\n|faint|p2b: La Bruja\n|-damage|p1b: Iron Hands|54\/100|[from] Recoil\n|\n|upkeep\n|turn|7\n|\n|t:|1700536510\n|move|p2a: Maestra|Shadow Ball|p1b: Iron Hands\n|-damage|p1b: Iron Hands|26\/100\n|move|p1b: Iron Hands|Wild Charge|p2a: Maestra\n|-resisted|p2a: Maestra\n|-damage|p2a: Maestra|68\/100\n|-damage|p1b: Iron Hands|20\/100|[from] Recoil\n|\n|upkeep\n|turn|8\n|inactive|Battle timer is ON: inactive players will automatically lose when time's up. (requested by GinGearity)\n|\n|t:|1700536546\n|move|p2a: Maestra|Shadow Ball|p1b: Iron Hands\n|-damage|p1b: Iron Hands|0 fnt\n|faint|p1b: Iron Hands\n|-end|p1b: Iron Hands|Quark Drive|[silent]\n|\n|win|GinGearity\n|raw|beekiroo's rating: 1173 &rarr; <strong>1147<\/strong><br \/>(-26 for losing)\n|raw|GinGearity's rating: 1157 &rarr; <strong>1183<\/strong><br \/>(+26 for winning)\n","uploadtime":1700536556,"views":11,"p1id":"beekiroo","p2id":"gingearity","formatid":"gen9vgc2023regulatione","rating":1147,"private":0,"password":""}