{"id":"gen9vgc2023regulatione-1991448825","p1":"GageTheSnail","p2":"isaac1g","format":"[Gen 9] VGC 2023 Regulation E","log":"|j|\u2606GageTheSnail\n|j|\u2606isaac1g\n|t:|1700078010\n|gametype|doubles\n|player|p1|GageTheSnail|169|1357\n|player|p2|isaac1g|pokemonrangerf-gen4|1366\n|teamsize|p1|6\n|teamsize|p2|6\n|gen|9\n|tier|[Gen 9] VGC 2023 Regulation E\n|rated|\n|rule|Species Clause: Limit one of each Pok\u00e9mon\n|rule|Item Clause: Limit one of each item\n|clearpoke\n|poke|p1|Ursaluna-Bloodmoon, L50, M|\n|poke|p1|Oranguru, L50, M|\n|poke|p1|Goodra-Hisui, L50, F|\n|poke|p1|Breloom, L50, M|\n|poke|p1|Hatterene, L50, F|\n|poke|p1|Kingambit, L50, F|\n|poke|p2|Iron Hands, L50|\n|poke|p2|Flutter Mane, L50|\n|poke|p2|Chi-Yu, L50|\n|poke|p2|Amoonguss, L50, F|\n|poke|p2|Ting-Lu, L50|\n|poke|p2|Iron Bundle, L50|\n|teampreview|4\n|inactive|Battle timer is ON: inactive players will automatically lose when time's up. (requested by GageTheSnail)\nGageTheSnail has agreed to open team sheets.\n|inactive|isaac1g has 60 seconds left.\n|\n|t:|1700078055\n|start\n|switch|p1a: Oranguru|Oranguru, L50, M|100\/100\n|switch|p1b: Goodra|Goodra-Hisui, L50, F|100\/100\n|switch|p2a: Iron Hands|Iron Hands, L50|100\/100\n|switch|p2b: Amoonguss|Amoonguss, L50, F|100\/100\n|turn|1\n|inactive|GageTheSnail has 30 seconds left.\n|\n|t:|1700078084\n|move|p1a: Oranguru|Protect|p1a: Oranguru\n|-singleturn|p1a: Oranguru|Protect\n|move|p2a: Iron Hands|Swords Dance|p2a: Iron Hands\n|-boost|p2a: Iron Hands|atk|2\n|move|p1b: Goodra|Earthquake|p2a: Iron Hands|[spread] p2a,p2b\n|-activate|p1a: Oranguru|move: Protect\n|-supereffective|p2a: Iron Hands\n|-damage|p2a: Iron Hands|73\/100\n|-damage|p2b: Amoonguss|82\/100\n|move|p2b: Amoonguss|Spore|p1b: Goodra\n|-ability|p1b: Goodra|Sap Sipper|boost\n|-boost|p1b: Goodra|atk|1\n|\n|-heal|p2a: Iron Hands|79\/100|[from] item: Leftovers\n|upkeep\n|turn|2\n|\n|t:|1700078106\n|-terastallize|p2a: Iron Hands|Grass\n|move|p2a: Iron Hands|Drain Punch|p1b: Goodra\n|-supereffective|p1b: Goodra\n|-damage|p1b: Goodra|0 fnt\n|-heal|p2a: Iron Hands|100\/100|[from] drain|[of] p1b: Goodra\n|faint|p1b: Goodra\n|move|p2b: Amoonguss|Spore|p1a: Oranguru\n|-status|p1a: Oranguru|slp|[from] move: Spore\n|cant|p1a: Oranguru|slp\n|\n|upkeep\n|\n|t:|1700078115\n|switch|p1b: Kingambit|Kingambit, L50, F|100\/100\n|turn|3\n|\n|t:|1700078133\n|switch|p1a: Hatterene|Hatterene, L50, F|100\/100\n|-terastallize|p1b: Kingambit|Flying\n|move|p2a: Iron Hands|Thunder Punch|p1b: Kingambit\n|-supereffective|p1b: Kingambit\n|-damage|p1b: Kingambit|0 fnt\n|faint|p1b: Kingambit\n|move|p2b: Amoonguss|Pollen Puff|p1a: Hatterene\n|-damage|p1a: Hatterene|80\/100\n|\n|upkeep\n|\n|t:|1700078144\n|switch|p1b: Oranguru|Oranguru, L50, M|100\/100 slp\n|turn|4\n|\n|t:|1700078161\n|move|p2b: Amoonguss|Protect|p2b: Amoonguss\n|-singleturn|p2b: Amoonguss|Protect\n|cant|p1b: Oranguru|slp\n|move|p2a: Iron Hands|Drain Punch|p1b: Oranguru\n|-crit|p1b: Oranguru\n|-damage|p1b: Oranguru|0 fnt\n|faint|p1b: Oranguru\n|move|p1a: Hatterene|Psychic|p2b: Amoonguss\n|-activate|p2b: Amoonguss|move: Protect\n|\n|upkeep\n|turn|5\n|\n|t:|1700078174\n|move|p2a: Iron Hands|Thunder Punch|p1a: Hatterene\n|-damage|p1a: Hatterene|0 fnt\n|faint|p1a: Hatterene\n|\n|win|isaac1g\n|raw|GageTheSnail's rating: 1357 &rarr; <strong>1338<\/strong><br \/>(-19 for losing)\n|raw|isaac1g's rating: 1366 &rarr; <strong>1385<\/strong><br \/>(+19 for winning)\n|c|\u2606isaac1g|gg\n|l|\u2606GageTheSnail\n","uploadtime":1700078257,"views":10,"p1id":"gagethesnail","p2id":"isaac1g","formatid":"gen9vgc2023regulatione","rating":1338,"private":0,"password":""}