{"id":"gen9vgc2023regulatione-1991391029","p1":"loreleichichis","p2":"gremlynne","format":"[Gen 9] VGC 2023 Regulation E","log":"|j|\u2606loreleichichis\n|j|\u2606gremlynne\n|t:|1700073171\n|gametype|doubles\n|player|p1|loreleichichis|101|1035\n|player|p2|gremlynne|caitlin|1003\n|teamsize|p1|6\n|teamsize|p2|6\n|gen|9\n|tier|[Gen 9] VGC 2023 Regulation E\n|rated|\n|rule|Species Clause: Limit one of each Pok\u00e9mon\n|rule|Item Clause: Limit one of each item\n|clearpoke\n|poke|p1|Cresselia, L50, F|\n|poke|p1|Gliscor, L50, F|\n|poke|p1|Sinistcha, L50|\n|poke|p1|Zoroark-Hisui, L50, F|\n|poke|p1|Klefki, L50, F|\n|poke|p1|Ogerpon-Cornerstone, L50, F|\n|poke|p2|Indeedee-F, L50, F|\n|poke|p2|Gallade, L50, M|\n|poke|p2|Espathra, L50, F|\n|poke|p2|Wyrdeer, L50, M|\n|poke|p2|Armarouge, L50, F|\n|poke|p2|Munkidori, L50, M|\n|teampreview|4\n|inactive|Battle timer is ON: inactive players will automatically lose when time's up. (requested by gremlynne)\n|inactive|loreleichichis has 60 seconds left.\n|inactive|gremlynne has 60 seconds left.\n|inactive|gremlynne has 30 seconds left.\n|inactive|gremlynne has 20 seconds left.\n|inactive|gremlynne has 15 seconds left.\n|inactive|gremlynne has 10 seconds left.\n|\n|t:|1700073256\n|start\n|switch|p1a: Klefki|Klefki, L50, F|100\/100\n|switch|p1b: Cresselia|Cresselia, L50, F|100\/100\n|switch|p2a: Espathra|Espathra, L50, F|100\/100\n|switch|p2b: Armarouge|Armarouge, L50, F|100\/100\n|turn|1\n|inactive|loreleichichis has 30 seconds left.\n|inactive|loreleichichis has 20 seconds left.\n|inactive|loreleichichis has 15 seconds left.\n|inactive|loreleichichis has 10 seconds left.\n|\n|t:|1700073304\n|move|p2a: Espathra|Protect|p2a: Espathra\n|-singleturn|p2a: Espathra|Protect\n|move|p2b: Armarouge|Protect|p2b: Armarouge\n|-singleturn|p2b: Armarouge|Protect\n|move|p1a: Klefki|Light Screen|p1a: Klefki\n|-sidestart|p1: loreleichichis|move: Light Screen\n|move|p1b: Cresselia|Bitter Malice|p2b: Armarouge\n|-activate|p2b: Armarouge|move: Protect\n|\n|-ability|p2a: Espathra|Speed Boost|boost\n|-boost|p2a: Espathra|spe|1\n|upkeep\n|turn|2\n|inactive|gremlynne has 30 seconds left.\n|\n|t:|1700073335\n|switch|p1b: Sinistcha|Sinistcha, L50|100\/100\n|move|p2a: Espathra|U-turn|p2b: Armarouge\n|-damage|p2b: Armarouge|87\/100\n|-ability|p2b: Armarouge|Weak Armor|boost\n|-unboost|p2b: Armarouge|def|1\n|-boost|p2b: Armarouge|spe|2\n|-damage|p2a: Espathra|90\/100|[from] item: Life Orb\n|\n|t:|1700073345\n|switch|p2a: Wyrdeer|Wyrdeer, L50, M|100\/100|[from] U-turn\n|-ability|p2a: Wyrdeer|Intimidate|boost\n|-unboost|p1a: Klefki|atk|1\n|-unboost|p1b: Sinistcha|atk|1\n|move|p2b: Armarouge|Heat Wave|p1b: Sinistcha|[spread] p1a,p1b\n|-supereffective|p1a: Klefki\n|-supereffective|p1b: Sinistcha\n|-damage|p1a: Klefki|54\/100\n|-damage|p1b: Sinistcha|35\/100\n|-status|p1b: Sinistcha|brn\n|move|p1a: Klefki|Trick Room|p1a: Klefki\n|-fieldstart|move: Trick Room|[of] p1a: Klefki\n|\n|-damage|p1b: Sinistcha|29\/100 brn|[from] brn\n|upkeep\n|turn|3\n|inactive|loreleichichis has 30 seconds left.\n|inactive|gremlynne has 30 seconds left.\n|\n|t:|1700073375\n|switch|p2b: Munkidori|Munkidori, L50, M|100\/100\n|move|p1a: Klefki|Spikes|p2b: Munkidori\n|-sidestart|p2: gremlynne|Spikes\n|move|p1b: Sinistcha|Matcha Gotcha|p2a: Wyrdeer|[spread] p2a,p2b\n|-resisted|p2b: Munkidori\n|-damage|p2a: Wyrdeer|75\/100\n|-heal|p1b: Sinistcha|44\/100 brn|[from] drain|[of] p2a: Wyrdeer\n|-damage|p2b: Munkidori|88\/100\n|-heal|p1b: Sinistcha|50\/100 brn|[from] drain|[of] p2b: Munkidori\n|move|p2a: Wyrdeer|Double-Edge|p1a: Klefki\n|-resisted|p1a: Klefki\n|-damage|p1a: Klefki|21\/100\n|-damage|p2a: Wyrdeer|66\/100|[from] Recoil\n|\n|-damage|p1b: Sinistcha|44\/100 brn|[from] brn\n|upkeep\n|turn|4\n|\n|t:|1700073398\n|move|p1a: Klefki|Spikes|p2a: Wyrdeer\n|-sidestart|p2: gremlynne|Spikes\n|move|p1b: Sinistcha|Matcha Gotcha|p2a: Wyrdeer|[spread] p2a,p2b\n|-resisted|p2b: Munkidori\n|-damage|p2a: Wyrdeer|37\/100\n|-heal|p1b: Sinistcha|62\/100 brn|[from] drain|[of] p2a: Wyrdeer\n|-damage|p2b: Munkidori|74\/100\n|-heal|p1b: Sinistcha|70\/100 brn|[from] drain|[of] p2b: Munkidori\n|-enditem|p2a: Wyrdeer|Sitrus Berry|[eat]\n|-heal|p2a: Wyrdeer|62\/100|[from] item: Sitrus Berry\n|move|p2a: Wyrdeer|High Horsepower|p1a: Klefki\n|-supereffective|p1a: Klefki\n|-damage|p1a: Klefki|0 fnt\n|faint|p1a: Klefki\n|move|p2b: Munkidori|Hex|p1b: Sinistcha\n|-supereffective|p1b: Sinistcha\n|-enditem|p1b: Sinistcha|Kasib Berry|[eat]\n|-enditem|p1b: Sinistcha|Kasib Berry|[weaken]\n|-damage|p1b: Sinistcha|41\/100 brn\n|\n|-damage|p1b: Sinistcha|35\/100 brn|[from] brn\n|upkeep\n|\n|t:|1700073414\n|switch|p1a: Cresselia|Cresselia, L50, F|100\/100\n|turn|5\n|\n|t:|1700073440\n|move|p1b: Sinistcha|Matcha Gotcha|p2b: Munkidori|[spread] p2a,p2b\n|-resisted|p2b: Munkidori\n|-damage|p2a: Wyrdeer|34\/100\n|-heal|p1b: Sinistcha|51\/100 brn|[from] drain|[of] p2a: Wyrdeer\n|-damage|p2b: Munkidori|62\/100\n|-heal|p1b: Sinistcha|58\/100 brn|[from] drain|[of] p2b: Munkidori\n|-status|p2a: Wyrdeer|brn\n|move|p2a: Wyrdeer|Double-Edge|p1a: Cresselia\n|-damage|p1a: Cresselia|79\/100\n|-damage|p2a: Wyrdeer|27\/100 brn|[from] Recoil\n|move|p1a: Cresselia|Dazzling Gleam|p2b: Munkidori|[spread] p2a,p2b\n|-resisted|p2b: Munkidori\n|-damage|p2a: Wyrdeer|16\/100 brn\n|-damage|p2b: Munkidori|56\/100\n|move|p2b: Munkidori|Parting Shot|p1b: Sinistcha\n|-unboost|p1b: Sinistcha|atk|1\n|-unboost|p1b: Sinistcha|spa|1\n|\n|t:|1700073461\n|switch|p2b: Espathra|Espathra, L50, F|90\/100|[from] Parting Shot\n|-damage|p2b: Espathra|74\/100|[from] Spikes\n|\n|-heal|p1a: Cresselia|85\/100|[from] item: Leftovers\n|-damage|p1b: Sinistcha|52\/100 brn|[from] brn\n|-damage|p2a: Wyrdeer|10\/100 brn|[from] brn\n|upkeep\n|turn|6\n|\n|t:|1700073479\n|move|p2a: Wyrdeer|Protect|p2a: Wyrdeer\n|-singleturn|p2a: Wyrdeer|Protect\n|move|p2b: Espathra|Protect|p2b: Espathra\n|-singleturn|p2b: Espathra|Protect\n|move|p1b: Sinistcha|Trick Room|p1b: Sinistcha\n|-fieldend|move: Trick Room\n|move|p1a: Cresselia|Trick Room|p1a: Cresselia\n|-fieldstart|move: Trick Room|[of] p1a: Cresselia\n|\n|-heal|p1a: Cresselia|91\/100|[from] item: Leftovers\n|-damage|p1b: Sinistcha|45\/100 brn|[from] brn\n|-damage|p2a: Wyrdeer|3\/100 brn|[from] brn\n|-ability|p2b: Espathra|Speed Boost|boost\n|-boost|p2b: Espathra|spe|1\n|upkeep\n|turn|7\n|c|\u2606gremlynne|smart\n|inactive|gremlynne has 30 seconds left.\n|\n|t:|1700073505\n|move|p1b: Sinistcha|Calm Mind|p1b: Sinistcha\n|-boost|p1b: Sinistcha|spa|1\n|-boost|p1b: Sinistcha|spd|1\n|move|p2a: Wyrdeer|Wild Charge|p1b: Sinistcha\n|-resisted|p1b: Sinistcha\n|-damage|p1b: Sinistcha|40\/100 brn\n|-damage|p2a: Wyrdeer|2\/100 brn|[from] Recoil\n|move|p1a: Cresselia|Lunar Blessing|p1a: Cresselia|[spread] p1a,p1b\n|-heal|p1a: Cresselia|100\/100\n|-heal|p1b: Sinistcha|65\/100 brn\n|-curestatus|p1b: Sinistcha|brn|[msg]\n|move|p2b: Espathra|U-turn|p1b: Sinistcha\n|-damage|p1b: Sinistcha|56\/100\n|-damage|p2b: Espathra|64\/100|[from] item: Life Orb\n|\n|t:|1700073519\n|switch|p2b: Munkidori|Munkidori, L50, M|56\/100|[from] U-turn\n|-damage|p2b: Munkidori|40\/100|[from] Spikes\n|\n|-damage|p2a: Wyrdeer|0 fnt|[from] brn\n|faint|p2a: Wyrdeer\n|upkeep\n|\n|t:|1700073526\n|switch|p2a: Armarouge|Armarouge, L50, F|87\/100\n|-damage|p2a: Armarouge|70\/100|[from] Spikes\n|turn|8\n|inactive|loreleichichis has 30 seconds left.\n|\n|t:|1700073558\n|move|p1a: Cresselia|Protect|p1a: Cresselia\n|-singleturn|p1a: Cresselia|Protect\n|move|p2b: Munkidori|Fake Out|p1a: Cresselia\n|-activate|p1a: Cresselia|move: Protect\n|move|p1b: Sinistcha|Hex|p2a: Armarouge\n|-supereffective|p2a: Armarouge\n|-damage|p2a: Armarouge|0 fnt\n|faint|p2a: Armarouge\n|\n|-sideend|p1: loreleichichis|move: Light Screen\n|upkeep\n|-message|gremlynne forfeited.\n|\n|win|loreleichichis\n|raw|loreleichichis's rating: 1035 &rarr; <strong>1067<\/strong><br \/>(+32 for winning)\n|raw|gremlynne's rating: 1003 &rarr; <strong>1000<\/strong><br \/>(-3 for losing)\n|l|\u2606gremlynne\n","uploadtime":1700073641,"views":14,"p1id":"loreleichichis","p2id":"gremlynne","formatid":"gen9vgc2023regulatione","rating":1000,"private":0,"password":""}