{"id":"gen9vgc2023regulatione-1990982535","p1":"Abro hilo","p2":"Kil-LaMei","format":"[Gen 9] VGC 2023 Regulation E","log":"|j|\u2606Abro hilo\n|j|\u2606Kil-LaMei\n|t:|1700023085\n|gametype|doubles\n|player|p1|Abro hilo|pilot|1237\n|player|p2|Kil-LaMei|hilda|1229\n|teamsize|p1|6\n|teamsize|p2|6\n|gen|9\n|tier|[Gen 9] VGC 2023 Regulation E\n|rated|\n|rule|Species Clause: Limit one of each Pok\u00e9mon\n|rule|Item Clause: Limit one of each item\n|clearpoke\n|poke|p1|Flutter Mane, L50|\n|poke|p1|Landorus-Therian, L50, M|\n|poke|p1|Tornadus, L50, M|\n|poke|p1|Urshifu-*, L50, F|\n|poke|p1|Empoleon, L50, F|\n|poke|p1|Rillaboom, L50, F|\n|poke|p2|Landorus-Therian, L50, M|\n|poke|p2|Farigiraf, L50, F|\n|poke|p2|Heatran, L50, F|\n|poke|p2|Ogerpon-Wellspring, L50, F|\n|poke|p2|Grimmsnarl, L50, M|\n|poke|p2|Spectrier, L50|\n|teampreview|4\n|\n|t:|1700023129\n|start\n|switch|p1a: Empoleon|Empoleon, L50, F|100\/100\n|switch|p1b: Landorus|Landorus-Therian, L50, M|100\/100\n|switch|p2a: Grimmsnarl|Grimmsnarl, L50, M, shiny|100\/100\n|switch|p2b: Spectrier|Spectrier, L50|100\/100\n|-ability|p1b: Landorus|Intimidate|boost\n|-unboost|p2a: Grimmsnarl|atk|1\n|-unboost|p2b: Spectrier|atk|1\n|turn|1\n|\n|t:|1700023156\n|move|p1b: Landorus|Protect|p1b: Landorus\n|-singleturn|p1b: Landorus|Protect\n|move|p2a: Grimmsnarl|Light Screen|p2a: Grimmsnarl\n|-sidestart|p2: Kil-LaMei|move: Light Screen\n|move|p2b: Spectrier|Nasty Plot|p2b: Spectrier\n|-boost|p2b: Spectrier|spa|2\n|move|p1a: Empoleon|Yawn|p2a: Grimmsnarl\n|-start|p2a: Grimmsnarl|move: Yawn|[of] p1a: Empoleon\n|\n|upkeep\n|turn|2\n|\n|t:|1700023176\n|move|p2a: Grimmsnarl|Parting Shot|p1b: Landorus\n|-unboost|p1b: Landorus|atk|1\n|-unboost|p1b: Landorus|spa|1\n|\n|t:|1700023181\n|switch|p2a: Ogerpon|Ogerpon-Wellspring, L50, F|100\/100|[from] Parting Shot\n|move|p2b: Spectrier|Shadow Ball|p1b: Landorus\n|-damage|p1b: Landorus|4\/100\n|-enditem|p1b: Landorus|Sitrus Berry|[eat]\n|-heal|p1b: Landorus|29\/100|[from] item: Sitrus Berry\n|move|p1b: Landorus|Rock Slide|p2b: Spectrier|[spread] p2a,p2b\n|-damage|p2a: Ogerpon|85\/100\n|-damage|p2b: Spectrier|83\/100\n|move|p1a: Empoleon|Yawn|p2b: Spectrier\n|-start|p2b: Spectrier|move: Yawn|[of] p1a: Empoleon\n|\n|-heal|p2b: Spectrier|90\/100|[from] item: Leftovers\n|upkeep\n|turn|3\n|\n|t:|1700023204\n|switch|p2b: Grimmsnarl|Grimmsnarl, L50, M, shiny|100\/100\n|move|p1b: Landorus|Stomping Tantrum|p2b: Grimmsnarl\n|-damage|p2b: Grimmsnarl|68\/100\n|move|p2a: Ogerpon|Horn Leech|p1b: Landorus\n|-damage|p1b: Landorus|0 fnt\n|-heal|p2a: Ogerpon|99\/100|[from] drain|[of] p1b: Landorus\n|faint|p1b: Landorus\n|move|p1a: Empoleon|Icy Wind|p2a: Ogerpon|[spread] p2a,p2b\n|-damage|p2a: Ogerpon|92\/100\n|-damage|p2b: Grimmsnarl|61\/100\n|-unboost|p2a: Ogerpon|spe|1\n|-unboost|p2b: Grimmsnarl|spe|1\n|\n|upkeep\n|\n|t:|1700023217\n|switch|p1b: Flutter Mane|Flutter Mane, L50|100\/100\n|turn|4\n|\n|t:|1700023227\n|-end|p1b: Flutter Mane|Protosynthesis|[silent]\n|switch|p1b: Tornadus|Tornadus, L50, M|100\/100\n|move|p2b: Grimmsnarl|Parting Shot|p1b: Tornadus\n|-unboost|p1b: Tornadus|atk|1\n|-unboost|p1b: Tornadus|spa|1\n|\n|t:|1700023235\n|switch|p2b: Spectrier|Spectrier, L50|90\/100|[from] Parting Shot\n|move|p1a: Empoleon|Yawn|p2a: Ogerpon\n|-start|p2a: Ogerpon|move: Yawn|[of] p1a: Empoleon\n|move|p2a: Ogerpon|Ivy Cudgel|p1b: Tornadus|[anim] Ivy Cudgel Water\n|-damage|p1b: Tornadus|49\/100\n|\n|-heal|p2b: Spectrier|96\/100|[from] item: Leftovers\n|upkeep\n|turn|5\n|\n|t:|1700023254\n|switch|p2a: Grimmsnarl|Grimmsnarl, L50, M, shiny|61\/100\n|move|p2b: Spectrier|Shadow Ball|p1b: Tornadus\n|-damage|p1b: Tornadus|0 fnt\n|faint|p1b: Tornadus\n|-ability|p2b: Spectrier|Grim Neigh|boost\n|-boost|p2b: Spectrier|spa|1\n|move|p1a: Empoleon|Icy Wind|p2b: Spectrier|[spread] p2a,p2b\n|-damage|p2a: Grimmsnarl|54\/100\n|-damage|p2b: Spectrier|86\/100\n|-unboost|p2a: Grimmsnarl|spe|1\n|-unboost|p2b: Spectrier|spe|1\n|\n|-heal|p2b: Spectrier|93\/100|[from] item: Leftovers\n|upkeep\n|\n|t:|1700023260\n|switch|p1b: Flutter Mane|Flutter Mane, L50|100\/100\n|turn|6\n|\n|t:|1700023275\n|-terastallize|p1b: Flutter Mane|Fairy\n|-terastallize|p2b: Spectrier|Fairy\n|move|p2a: Grimmsnarl|Parting Shot|p1b: Flutter Mane\n|-unboost|p1b: Flutter Mane|atk|1\n|-unboost|p1b: Flutter Mane|spa|1\n|-message|Abro hilo forfeited.\n|\n|win|Kil-LaMei\n|raw|Abro hilo's rating: 1237 &rarr; <strong>1211<\/strong><br \/>(-26 for losing)\n|raw|Kil-LaMei's rating: 1229 &rarr; <strong>1255<\/strong><br \/>(+26 for winning)\n|l|\u2606Abro hilo\n","uploadtime":1700023290,"views":9,"p1id":"abrohilo","p2id":"killamei","formatid":"gen9vgc2023regulatione","rating":1211,"private":0,"password":""}