{"id":"gen9vgc2023regulatione-1994468168","p1":"E4Mence","p2":"Love Korra","format":"[Gen 9] VGC 2023 Regulation E","log":"|j|\u2606E4Mence\n|j|\u2606Love Korra\n|t:|1700447391\n|gametype|doubles\n|player|p1|E4Mence|170|1250\n|player|p2|Love Korra|skierf|1319\n|teamsize|p1|6\n|teamsize|p2|6\n|gen|9\n|tier|[Gen 9] VGC 2023 Regulation E\n|rated|\n|rule|Species Clause: Limit one of each Pok\u00e9mon\n|rule|Item Clause: Limit one of each item\n|clearpoke\n|poke|p1|Tauros-Paldea-Blaze, L50, M|\n|poke|p1|Ogerpon, L50, F|\n|poke|p1|Iron Bundle, L50|\n|poke|p1|Indeedee-F, L50, F|\n|poke|p1|Urshifu-*, L50, F|\n|poke|p1|Regidrago, L50|\n|poke|p2|Illumise, L50, F|\n|poke|p2|Wigglytuff, L50, M|\n|poke|p2|Gardevoir, L50, M|\n|poke|p2|Salamence, L50, M|\n|poke|p2|Dusclops, L50, M|\n|poke|p2|Hariyama, L50, M|\n|teampreview|4\n|\n|t:|1700447435\n|start\n|switch|p1a: Urshifu|Urshifu, L50, F|100\/100\n|switch|p1b: Regidrago|Regidrago, L50|100\/100\n|switch|p2a: Illumise|Illumise, L50, F, shiny|100\/100\n|switch|p2b: Wigglytuff|Wigglytuff, L50, M|100\/100\n|turn|1\n|\n|t:|1700447455\n|-terastallize|p1b: Regidrago|Steel\n|-terastallize|p2b: Wigglytuff|Fairy\n|move|p2a: Illumise|Tailwind|p2a: Illumise\n|-sidestart|p2: Love Korra|move: Tailwind\n|move|p1b: Regidrago|Tera Blast|p2b: Wigglytuff|[anim] Tera Blast Steel\n|-supereffective|p2b: Wigglytuff\n|-crit|p2b: Wigglytuff\n|-damage|p2b: Wigglytuff|9\/100\n|move|p2b: Wigglytuff|Dazzling Gleam|p1a: Urshifu|[spread] p1a,p1b\n|-supereffective|p1a: Urshifu\n|-resisted|p1b: Regidrago\n|-damage|p1a: Urshifu|0 fnt\n|-damage|p1b: Regidrago|83\/100\n|faint|p1a: Urshifu\n|\n|upkeep\n|\n|t:|1700447473\n|switch|p1a: Tauros|Tauros-Paldea-Blaze, L50, M|100\/100\n|-ability|p1a: Tauros|Intimidate|boost\n|-unboost|p2a: Illumise|atk|1\n|-unboost|p2b: Wigglytuff|atk|1\n|-ability|p2b: Wigglytuff|Competitive|boost\n|-boost|p2b: Wigglytuff|spa|2\n|turn|2\n|\n|t:|1700447495\n|move|p2a: Illumise|Fake Tears|p1a: Tauros\n|-unboost|p1a: Tauros|spd|2\n|move|p1b: Regidrago|Tera Blast|p2b: Wigglytuff|[anim] Tera Blast Steel\n|-supereffective|p2b: Wigglytuff\n|-damage|p2b: Wigglytuff|0 fnt\n|faint|p2b: Wigglytuff\n|move|p1a: Tauros|Rock Slide|p2a: Illumise\n|-supereffective|p2a: Illumise\n|-damage|p2a: Illumise|39\/100\n|\n|upkeep\n|\n|t:|1700447501\n|switch|p2b: Dusclops|Dusclops, L50, M|100\/100\n|-ability|p2b: Dusclops|Pressure\n|turn|3\n|\n|t:|1700447518\n|move|p2a: Illumise|Encore|p1b: Regidrago\n|-start|p1b: Regidrago|Encore\n|move|p1b: Regidrago|Tera Blast|p2b: Dusclops|[anim] Tera Blast Steel\n|-damage|p2b: Dusclops|80\/100\n|move|p1a: Tauros|Flare Blitz|p2b: Dusclops\n|-damage|p2b: Dusclops|51\/100\n|-damage|p1a: Tauros|92\/100|[from] Recoil\n|move|p2b: Dusclops|Night Shade|p1b: Regidrago\n|-damage|p1b: Regidrago|65\/100\n|\n|upkeep\n|turn|4\n|\n|t:|1700447540\n|switch|p1a: Ogerpon|Ogerpon, L50, F|100\/100\n|move|p1b: Regidrago|Tera Blast|p2a: Illumise|[anim] Tera Blast Steel\n|-damage|p2a: Illumise|9\/100\n|move|p2a: Illumise|Struggle Bug|p1b: Regidrago|[spread] p1a,p1b\n|-supereffective|p1a: Ogerpon\n|-resisted|p1b: Regidrago\n|-crit|p1b: Regidrago\n|-damage|p1a: Ogerpon|77\/100\n|-damage|p1b: Regidrago|57\/100\n|-unboost|p1a: Ogerpon|spa|1\n|-ability|p1a: Ogerpon|Defiant|boost\n|-boost|p1a: Ogerpon|atk|2\n|-unboost|p1b: Regidrago|spa|1\n|move|p2b: Dusclops|Pain Split|p1b: Regidrago\n|-sethp|p1b: Regidrago|42\/100|[from] move: Pain Split|[silent]\n|-sethp|p2b: Dusclops|78\/100|[from] move: Pain Split\n|\n|-sideend|p2: Love Korra|move: Tailwind\n|upkeep\n|turn|5\n|\n|t:|1700447561\n|move|p2a: Illumise|Encore||[still]\n|-fail|p2a: Illumise\n|move|p1b: Regidrago|Tera Blast|p2b: Dusclops|[anim] Tera Blast Steel\n|-damage|p2b: Dusclops|66\/100\n|move|p1a: Ogerpon|Knock Off|p2b: Dusclops\n|-supereffective|p2b: Dusclops\n|-damage|p2b: Dusclops|0 fnt\n|-enditem|p2b: Dusclops|Eviolite|[from] move: Knock Off|[of] p1a: Ogerpon\n|faint|p2b: Dusclops\n|\n|-end|p1b: Regidrago|Encore\n|upkeep\n|\n|t:|1700447567\n|switch|p2b: Hariyama|Hariyama, L50, M, shiny|100\/100\n|turn|6\n|-message|Love Korra forfeited.\n|\n|win|E4Mence\n|raw|E4Mence's rating: 1250 &rarr; <strong>1280<\/strong><br \/>(+30 for winning)\n|raw|Love Korra's rating: 1319 &rarr; <strong>1295<\/strong><br \/>(-24 for losing)\n|l|\u2606Love Korra\n","uploadtime":1700447610,"views":5,"p1id":"e4mence","p2id":"lovekorra","formatid":"gen9vgc2023regulatione","rating":1280,"private":0,"password":""}