{"id":"gen9vgc2023regulatione-1996615584","p1":"lemonjohn","p2":"lilbookcase","format":"[Gen 9] VGC 2023 Regulation E","log":"|j|\u2606lemonjohn\n|j|\u2606lilbookcase\n|t:|1700700932\n|gametype|doubles\n|player|p1|lemonjohn|hooligans|1388\n|player|p2|lilbookcase|doctor|1442\n|teamsize|p1|6\n|teamsize|p2|6\n|gen|9\n|tier|[Gen 9] VGC 2023 Regulation E\n|rated|\n|rule|Species Clause: Limit one of each Pok\u00e9mon\n|rule|Item Clause: Limit one of each item\n|clearpoke\n|poke|p1|Dondozo, L50, F|\n|poke|p1|Tatsugiri-Stretchy, L50, F|\n|poke|p1|Glimmora, L50, M|\n|poke|p1|Flutter Mane, L50|\n|poke|p1|Iron Hands, L50|\n|poke|p1|Ogerpon-Hearthflame, L50, F|\n|poke|p2|Garchomp, L50, M|\n|poke|p2|Amoonguss, L50, F|\n|poke|p2|Iron Hands, L50|\n|poke|p2|Arcanine-Hisui, L50, F|\n|poke|p2|Gholdengo, L50|\n|poke|p2|Iron Bundle, L50|\n|teampreview|4\n|inactive|Battle timer is ON: inactive players will automatically lose when time's up. (requested by lemonjohn)\n|inactive|lilbookcase has 60 seconds left.\n|\n|t:|1700700972\n|start\n|switch|p1a: Flutter Mane|Flutter Mane, L50|100\/100\n|switch|p1b: Ogerpon|Ogerpon-Hearthflame, L50, F|100\/100\n|switch|p2a: Gholdengo|Gholdengo, L50|100\/100\n|switch|p2b: Iron Bundle|Iron Bundle, L50, shiny|100\/100\n|-ability|p1b: Ogerpon|Mold Breaker\n|-enditem|p1a: Flutter Mane|Booster Energy\n|-activate|p1a: Flutter Mane|ability: Protosynthesis|[fromitem]\n|-start|p1a: Flutter Mane|protosynthesisspe\n|-enditem|p2b: Iron Bundle|Booster Energy\n|-activate|p2b: Iron Bundle|ability: Quark Drive|[fromitem]\n|-start|p2b: Iron Bundle|quarkdrivespe\n|turn|1\n|inactive|lilbookcase has 30 seconds left.\n|\n|t:|1700701006\n|switch|p2a: Iron Hands|Iron Hands, L50|100\/100\n|move|p2b: Iron Bundle|Protect|p2b: Iron Bundle\n|-singleturn|p2b: Iron Bundle|Protect\n|move|p1a: Flutter Mane|Icy Wind|p2b: Iron Bundle|[spread] p2a\n|-activate|p2b: Iron Bundle|move: Protect\n|-damage|p2a: Iron Hands|94\/100\n|-unboost|p2a: Iron Hands|spe|1\n|move|p1b: Ogerpon|Ivy Cudgel|p2a: Iron Hands|[anim] Ivy Cudgel Fire\n|-crit|p2a: Iron Hands\n|-damage|p2a: Iron Hands|36\/100\n|\n|upkeep\n|turn|2\n|inactive|lilbookcase has 30 seconds left.\n|inactive|lilbookcase has 20 seconds left.\n|inactive|lilbookcase has 15 seconds left.\n|\n|t:|1700701048\n|move|p1b: Ogerpon|Spiky Shield|p1b: Ogerpon\n|-singleturn|p1b: Ogerpon|move: Protect\n|move|p1a: Flutter Mane|Moonblast|p2b: Iron Bundle\n|-damage|p2b: Iron Bundle|43\/100\n|-unboost|p2b: Iron Bundle|spa|1\n|move|p2b: Iron Bundle|Icy Wind|p1b: Ogerpon|[spread] p1a\n|-activate|p1b: Ogerpon|move: Protect\n|-damage|p1a: Flutter Mane|90\/100\n|-unboost|p1a: Flutter Mane|spe|1\n|move|p2a: Iron Hands|Drain Punch|p1b: Ogerpon\n|-activate|p1b: Ogerpon|move: Protect\n|-damage|p2a: Iron Hands|24\/100|[from] Spiky Shield|[of] p1b: Ogerpon\n|\n|upkeep\n|turn|3\n|inactive|lilbookcase has 30 seconds left.\n|\n|t:|1700701081\n|move|p2b: Iron Bundle|Protect|p2b: Iron Bundle\n|-singleturn|p2b: Iron Bundle|Protect\n|move|p1a: Flutter Mane|Moonblast|p2a: Iron Hands\n|-supereffective|p2a: Iron Hands\n|-damage|p2a: Iron Hands|0 fnt\n|faint|p2a: Iron Hands\n|-end|p2a: Iron Hands|Quark Drive|[silent]\n|move|p1b: Ogerpon|Horn Leech|p2b: Iron Bundle\n|-activate|p2b: Iron Bundle|move: Protect\n|\n|upkeep\n|\n|t:|1700701089\n|switch|p2a: Garchomp|Garchomp, L50, M|100\/100\n|turn|4\n|\n|t:|1700701104\n|move|p2b: Iron Bundle|Icy Wind|p1a: Flutter Mane|[spread] p1a,p1b\n|-damage|p1a: Flutter Mane|80\/100\n|-damage|p1b: Ogerpon|90\/100\n|-unboost|p1a: Flutter Mane|spe|1\n|-unboost|p1b: Ogerpon|spe|1\n|move|p2a: Garchomp|Stomping Tantrum|p1a: Flutter Mane\n|-damage|p1a: Flutter Mane|10\/100\n|-damage|p2a: Garchomp|91\/100|[from] item: Life Orb\n|move|p1a: Flutter Mane|Icy Wind|p2a: Garchomp|[spread] \n|-miss|p1a: Flutter Mane|p2a: Garchomp\n|-miss|p1a: Flutter Mane|p2b: Iron Bundle\n|move|p1b: Ogerpon|Horn Leech|p2b: Iron Bundle\n|-supereffective|p2b: Iron Bundle\n|-damage|p2b: Iron Bundle|0 fnt\n|-heal|p1b: Ogerpon|100\/100|[from] drain|[of] p2b: Iron Bundle\n|faint|p2b: Iron Bundle\n|-end|p2b: Iron Bundle|Quark Drive|[silent]\n|\n|upkeep\n|\n|t:|1700701114\n|switch|p2b: Gholdengo|Gholdengo, L50|100\/100\n|turn|5\n|\n|t:|1700701135\n|-terastallize|p2b: Gholdengo|Dragon\n|move|p2a: Garchomp|Stomping Tantrum|p1a: Flutter Mane\n|-damage|p1a: Flutter Mane|0 fnt\n|faint|p1a: Flutter Mane\n|-end|p1a: Flutter Mane|Protosynthesis|[silent]\n|-damage|p2a: Garchomp|81\/100|[from] item: Life Orb\n|move|p2b: Gholdengo|Nasty Plot|p2b: Gholdengo\n|-boost|p2b: Gholdengo|spa|2\n|move|p1b: Ogerpon|Ivy Cudgel|p2b: Gholdengo|[anim] Ivy Cudgel Fire\n|-resisted|p2b: Gholdengo\n|-damage|p2b: Gholdengo|71\/100\n|\n|-heal|p2b: Gholdengo|77\/100|[from] item: Leftovers\n|upkeep\n|\n|t:|1700701140\n|switch|p1a: Dondozo|Dondozo, L50, F, shiny|100\/100\n|turn|6\n|inactive|lilbookcase has 30 seconds left.\n|\n|t:|1700701170\n|move|p1a: Dondozo|Protect|p1a: Dondozo\n|-singleturn|p1a: Dondozo|Protect\n|move|p2a: Garchomp|Dragon Claw|p1a: Dondozo\n|-activate|p1a: Dondozo|move: Protect\n|move|p2b: Gholdengo|Shadow Ball|p1a: Dondozo\n|-activate|p1a: Dondozo|move: Protect\n|move|p1b: Ogerpon|Horn Leech|p2a: Garchomp\n|-damage|p2a: Garchomp|36\/100\n|-damage|p1b: Ogerpon|88\/100|[from] ability: Rough Skin|[of] p2a: Garchomp\n|\n|-heal|p2b: Gholdengo|83\/100|[from] item: Leftovers\n|upkeep\n|turn|7\n|\n|t:|1700701189\n|move|p2a: Garchomp|Protect|p2a: Garchomp\n|-singleturn|p2a: Garchomp|Protect\n|move|p1a: Dondozo|Protect||[still]\n|-fail|p1a: Dondozo\n|move|p2b: Gholdengo|Shadow Ball|p1a: Dondozo\n|-damage|p1a: Dondozo|41\/100\n|move|p1b: Ogerpon|Horn Leech|p2a: Garchomp\n|-activate|p2a: Garchomp|move: Protect\n|\n|-heal|p2b: Gholdengo|89\/100|[from] item: Leftovers\n|-heal|p1a: Dondozo|47\/100|[from] item: Leftovers\n|upkeep\n|turn|8\n|inactive|lilbookcase has 30 seconds left.\n|inactive|lilbookcase has 20 seconds left.\n|inactive|lilbookcase has 15 seconds left.\n|inactive|lilbookcase has 10 seconds left.\n|\n|t:|1700701239\n|switch|p1b: Tatsugiri|Tatsugiri-Stretchy, L50, F|100\/100\n|-activate|p1b: Tatsugiri|ability: Commander|[of] p1a: Dondozo\n|-boost|p1a: Dondozo|atk|2\n|-boost|p1a: Dondozo|spa|2\n|-boost|p1a: Dondozo|spe|2\n|-boost|p1a: Dondozo|def|2\n|-boost|p1a: Dondozo|spd|2\n|move|p2a: Garchomp|Dragon Claw|p1b: Tatsugiri|[miss]\n|-miss|p2a: Garchomp|p1b: Tatsugiri\n|move|p2b: Gholdengo|Shadow Ball|p1a: Dondozo\n|-crit|p1a: Dondozo\n|-damage|p1a: Dondozo|0 fnt\n|faint|p1a: Dondozo\n|\n|-heal|p2b: Gholdengo|95\/100|[from] item: Leftovers\n|upkeep\n|\n|t:|1700701253\n|switch|p1a: Ogerpon|Ogerpon-Hearthflame, L50, F|88\/100\n|-ability|p1a: Ogerpon|Mold Breaker\n|turn|9\n|\n|t:|1700701265\n|-terastallize|p1a: Ogerpon|Fire\n|detailschange|p1a: Ogerpon|Ogerpon-Hearthflame-Tera, L50, F, tera:Fire\n|-ability|p1a: Ogerpon|Embody Aspect (Hearthflame)|boost\n|-boost|p1a: Ogerpon|atk|1\n|move|p2b: Gholdengo|Protect|p2b: Gholdengo\n|-singleturn|p2b: Gholdengo|Protect\n|move|p1b: Tatsugiri|Draco Meteor|p2b: Gholdengo\n|-activate|p2b: Gholdengo|move: Protect\n|move|p2a: Garchomp|Dragon Claw|p1b: Tatsugiri\n|-supereffective|p1b: Tatsugiri\n|-damage|p1b: Tatsugiri|0 fnt\n|faint|p1b: Tatsugiri\n|-damage|p2a: Garchomp|27\/100|[from] item: Life Orb\n|move|p1a: Ogerpon|Horn Leech|p2a: Garchomp\n|-damage|p2a: Garchomp|0 fnt\n|-heal|p1a: Ogerpon|100\/100|[from] drain|[of] p2a: Garchomp\n|-damage|p1a: Ogerpon|88\/100|[from] ability: Rough Skin|[of] p2a: Garchomp\n|faint|p2a: Garchomp\n|\n|-heal|p2b: Gholdengo|100\/100|[from] item: Leftovers\n|upkeep\n|turn|10\n|\n|t:|1700701285\n|move|p1a: Ogerpon|Ivy Cudgel|p2b: Gholdengo|[anim] Ivy Cudgel Fire\n|-resisted|p2b: Gholdengo\n|-damage|p2b: Gholdengo|37\/100\n|move|p2b: Gholdengo|Shadow Ball|p1a: Ogerpon\n|-damage|p1a: Ogerpon|14\/100\n|\n|-heal|p2b: Gholdengo|43\/100|[from] item: Leftovers\n|upkeep\n|turn|11\n|\n|t:|1700701294\n|move|p2b: Gholdengo|Protect|p2b: Gholdengo\n|-singleturn|p2b: Gholdengo|Protect\n|move|p1a: Ogerpon|Ivy Cudgel|p2b: Gholdengo|[anim] Ivy Cudgel Fire\n|-activate|p2b: Gholdengo|move: Protect\n|\n|-heal|p2b: Gholdengo|49\/100|[from] item: Leftovers\n|upkeep\n|turn|12\n|\n|t:|1700701307\n|move|p1a: Ogerpon|Ivy Cudgel|p2b: Gholdengo|[anim] Ivy Cudgel Fire\n|-resisted|p2b: Gholdengo\n|-damage|p2b: Gholdengo|0 fnt\n|faint|p2b: Gholdengo\n|\n|win|lemonjohn\n|raw|lemonjohn's rating: 1388 &rarr; <strong>1411<\/strong><br \/>(+23 for winning)\n|raw|lilbookcase's rating: 1442 &rarr; <strong>1419<\/strong><br \/>(-23 for losing)\n","uploadtime":1700701328,"views":3,"p1id":"lemonjohn","p2id":"lilbookcase","formatid":"gen9vgc2023regulatione","rating":1411,"private":0,"password":""}