{"id":"gen9vgc2023regulatione-1995423875","p1":"zac5224666","p2":"Buff FlutterMane","format":"[Gen 9] VGC 2023 Regulation E","log":"|j|\u2606zac5224666\n|j|\u2606Buff FlutterMane\n|t:|1700568955\n|gametype|doubles\n|player|p1|zac5224666|lucas|1391\n|player|p2|Buff FlutterMane|turo|1506\n|teamsize|p1|6\n|teamsize|p2|6\n|gen|9\n|tier|[Gen 9] VGC 2023 Regulation E\n|rated|\n|rule|Species Clause: Limit one of each Pok\u00e9mon\n|rule|Item Clause: Limit one of each item\n|clearpoke\n|poke|p1|Tatsugiri, L50, F|\n|poke|p1|Dondozo, L50, F|\n|poke|p1|Urshifu-*, L50, M|\n|poke|p1|Landorus-Therian, L50, M|\n|poke|p1|Flutter Mane, L50|\n|poke|p1|Talonflame, L50, F|\n|poke|p2|Regieleki, L50|\n|poke|p2|Rillaboom, L50, M|\n|poke|p2|Arcanine-Hisui, L50, M|\n|poke|p2|Landorus, L50, M|\n|poke|p2|Urshifu-*, L50, M|\n|poke|p2|Chien-Pao, L50|\n|teampreview|4\n|inactive|Battle timer is ON: inactive players will automatically lose when time's up. (requested by Buff FlutterMane)\n|inactive|Buff FlutterMane has 60 seconds left.\n|inactive|Buff FlutterMane has 30 seconds left.\n|\n|t:|1700569019\n|start\n|switch|p1a: Talonflame|Talonflame, L50, F|100\/100\n|switch|p1b: Flutter Mane|Flutter Mane, L50|100\/100\n|switch|p2a: Chien-Pao|Chien-Pao, L50|100\/100\n|switch|p2b: Regieleki|Regieleki, L50, shiny|100\/100\n|-ability|p2a: Chien-Pao|Sword of Ruin\n|turn|1\n|\n|t:|1700569043\n|switch|p2a: Rillaboom|Rillaboom, L50, M, shiny|100\/100\n|-fieldstart|move: Grassy Terrain|[from] ability: Grassy Surge|[of] p2a: Rillaboom\n|move|p1a: Talonflame|Tailwind|p1a: Talonflame\n|-sidestart|p1: zac5224666|move: Tailwind\n|move|p1b: Flutter Mane|Dazzling Gleam|p2a: Rillaboom|[spread] p2a,p2b\n|-damage|p2a: Rillaboom|70\/100\n|-damage|p2b: Regieleki|4\/100\n|move|p2b: Regieleki|Electroweb|p1b: Flutter Mane|[spread] p1a,p1b\n|-supereffective|p1a: Talonflame\n|-damage|p1a: Talonflame|10\/100\n|-damage|p1b: Flutter Mane|72\/100\n|-unboost|p1b: Flutter Mane|spe|1\n|\n|-heal|p2b: Regieleki|9\/100|[from] Grassy Terrain\n|-heal|p1b: Flutter Mane|78\/100|[from] Grassy Terrain\n|-heal|p2a: Rillaboom|75\/100|[from] Grassy Terrain\n|upkeep\n|turn|2\n|inactive|zac5224666 has 30 seconds left.\n|inactive|Buff FlutterMane has 30 seconds left.\n|inactive|Buff FlutterMane has 20 seconds left.\n|inactive|Buff FlutterMane has 15 seconds left.\n|\n|t:|1700569088\n|switch|p1a: Dondozo|Dondozo, L50, F|100\/100\n|-end|p1b: Flutter Mane|Protosynthesis|[silent]\n|switch|p1b: Tatsugiri|Tatsugiri, L50, F|100\/100\n|-activate|p1b: Tatsugiri|ability: Commander|[of] p1a: Dondozo\n|-boost|p1a: Dondozo|atk|2\n|-boost|p1a: Dondozo|spa|2\n|-boost|p1a: Dondozo|spe|2\n|-boost|p1a: Dondozo|def|2\n|-boost|p1a: Dondozo|spd|2\n|move|p2a: Rillaboom|Grassy Glide|p1a: Dondozo\n|-supereffective|p1a: Dondozo\n|-damage|p1a: Dondozo|76\/100\n|move|p2b: Regieleki|Volt Switch|p1b: Tatsugiri|[miss]\n|-miss|p2b: Regieleki|p1b: Tatsugiri\n|\n|-heal|p1a: Dondozo|82\/100|[from] Grassy Terrain\n|-heal|p2b: Regieleki|15\/100|[from] Grassy Terrain\n|-heal|p2a: Rillaboom|81\/100|[from] Grassy Terrain\n|upkeep\n|turn|3\n|inactive|zac5224666 has 30 seconds left.\n|inactive|Buff FlutterMane has 30 seconds left.\n|j| Guido131\n|\n|t:|1700569122\n|-terastallize|p1a: Dondozo|Flying\n|move|p1a: Dondozo|Earthquake|p2b: Regieleki|[spread] p2a,p2b\n|-miss|p1a: Dondozo|p1b: Tatsugiri\n|-resisted|p2a: Rillaboom\n|-supereffective|p2b: Regieleki\n|-damage|p2a: Rillaboom|70\/100\n|-damage|p2b: Regieleki|0 fnt\n|faint|p2b: Regieleki\n|move|p2a: Rillaboom|U-turn|p1a: Dondozo\n|-resisted|p1a: Dondozo\n|-crit|p1a: Dondozo\n|-damage|p1a: Dondozo|72\/100\n|\n|t:|1700569126\n|switch|p2a: Chien-Pao|Chien-Pao, L50|100\/100|[from] U-turn\n|-ability|p2a: Chien-Pao|Sword of Ruin\n|\n|upkeep\n|\n|t:|1700569129\n|switch|p2b: Rillaboom|Rillaboom, L50, M, shiny|70\/100\n|turn|4\n|\n|t:|1700569141\n|move|p1a: Dondozo|Protect|p1a: Dondozo\n|-singleturn|p1a: Dondozo|Protect\n|move|p2b: Rillaboom|Fake Out|p1a: Dondozo\n|-activate|p1a: Dondozo|move: Protect\n|move|p2a: Chien-Pao|Haze|p2a: Chien-Pao\n|-clearallboost\n|\n|-heal|p2b: Rillaboom|76\/100|[from] Grassy Terrain\n|-sideend|p1: zac5224666|move: Tailwind\n|upkeep\n|turn|5\n|\n|t:|1700569154\n|move|p2a: Chien-Pao|Icicle Crash|p1a: Dondozo\n|-supereffective|p1a: Dondozo\n|-damage|p1a: Dondozo|0 fnt\n|faint|p1a: Dondozo\n|move|p2b: Rillaboom|Wood Hammer|p1b: Tatsugiri\n|-enditem|p1b: Tatsugiri|Focus Sash\n|-damage|p1b: Tatsugiri|1\/100\n|-damage|p2b: Rillaboom|53\/100|[from] Recoil\n|\n|-heal|p1b: Tatsugiri|7\/100|[from] Grassy Terrain\n|-heal|p2b: Rillaboom|59\/100|[from] Grassy Terrain\n|-fieldend|move: Grassy Terrain\n|upkeep\n|\n|t:|1700569166\n|switch|p1a: Talonflame|Talonflame, L50, F|10\/100\n|turn|6\n|\n|t:|1700569177\n|switch|p2b: Balanced?|Urshifu-Rapid-Strike, L50, M|100\/100\n|move|p2a: Chien-Pao|Sucker Punch|p1b: Tatsugiri\n|-damage|p1b: Tatsugiri|0 fnt\n|faint|p1b: Tatsugiri\n|move|p1a: Talonflame|Tailwind|p1a: Talonflame\n|-sidestart|p1: zac5224666|move: Tailwind\n|\n|upkeep\n|\n|t:|1700569184\n|switch|p1b: Flutter Mane|Flutter Mane, L50|78\/100\n|turn|7\n|\n|t:|1700569192\n|-terastallize|p2b: Balanced?|Water\n|move|p2a: Chien-Pao|Sucker Punch|p1b: Flutter Mane\n|-crit|p1b: Flutter Mane\n|-damage|p1b: Flutter Mane|0 fnt\n|faint|p1b: Flutter Mane\n|-end|p1b: Flutter Mane|Protosynthesis|[silent]\n|move|p2b: Balanced?|Aqua Jet|p1a: Talonflame\n|-supereffective|p1a: Talonflame\n|-damage|p1a: Talonflame|0 fnt\n|faint|p1a: Talonflame\n|\n|win|Buff FlutterMane\n|raw|zac5224666's rating: 1391 &rarr; <strong>1377<\/strong><br \/>(-14 for losing)\n|raw|Buff FlutterMane's rating: 1506 &rarr; <strong>1520<\/strong><br \/>(+14 for winning)\n|l|\u2606zac5224666\n","uploadtime":1700569206,"views":14,"p1id":"zac5224666","p2id":"bufffluttermane","formatid":"gen9vgc2023regulatione","rating":1377,"private":0,"password":""}