{"id":"gen9vgc2023regulatione-1994872162","p1":"omlov","p2":"Dyrewolf52","format":"[Gen 9] VGC 2023 Regulation E","log":"|j|\u2606omlov\n|j|\u2606Dyrewolf52\n|t:|1700500484\n|gametype|doubles\n|player|p1|omlov|lass-gen4dp|1283\n|player|p2|Dyrewolf52|benga|1328\n|teamsize|p1|6\n|teamsize|p2|6\n|gen|9\n|tier|[Gen 9] VGC 2023 Regulation E\n|rated|\n|rule|Species Clause: Limit one of each Pok\u00e9mon\n|rule|Item Clause: Limit one of each item\n|clearpoke\n|poke|p1|Roaring Moon, L50|\n|poke|p1|Milotic, L50, F|\n|poke|p1|Landorus-Therian, L50, M|\n|poke|p1|Flutter Mane, L50|\n|poke|p1|Iron Hands, L50|\n|poke|p1|Ogerpon-Hearthflame, L50, F|\n|poke|p2|Cresselia, L50, F|\n|poke|p2|Ursaluna, L50, M|\n|poke|p2|Enamorus-Therian, L50, F|\n|poke|p2|Iron Hands, L50|\n|poke|p2|Ogerpon-Wellspring, L50, F|\n|poke|p2|Moltres-Galar, L50|\n|teampreview|4\n|inactive|Battle timer is ON: inactive players will automatically lose when time's up. (requested by omlov)\n|\n|t:|1700500512\n|start\n|switch|p1a: Flutter Mane|Flutter Mane, L50|100\/100\n|switch|p1b: Roaring Moon|Roaring Moon, L50|100\/100\n|switch|p2a: Cresselia|Cresselia, L50, F, shiny|100\/100\n|switch|p2b: Iron Hands|Iron Hands, L50, shiny|100\/100\n|-enditem|p1b: Roaring Moon|Booster Energy\n|-activate|p1b: Roaring Moon|ability: Protosynthesis|[fromitem]\n|-start|p1b: Roaring Moon|protosynthesisatk\n|turn|1\n|\n|t:|1700500529\n|move|p2b: Iron Hands|Fake Out|p1b: Roaring Moon\n|-damage|p1b: Roaring Moon|80\/100\n|move|p1a: Flutter Mane|Substitute|p1a: Flutter Mane\n|-start|p1a: Flutter Mane|Substitute\n|-damage|p1a: Flutter Mane|75\/100\n|cant|p1b: Roaring Moon|flinch\n|move|p2a: Cresselia|Trick Room|p2a: Cresselia\n|-fieldstart|move: Trick Room|[of] p2a: Cresselia\n|\n|upkeep\n|turn|2\n|\n|t:|1700500552\n|switch|p2a: Ursaluna|Ursaluna, L50, M, shiny|100\/100\n|-terastallize|p1a: Flutter Mane|Fairy\n|move|p2b: Iron Hands|Drain Punch|p1b: Roaring Moon\n|-supereffective|p1b: Roaring Moon\n|-damage|p1b: Roaring Moon|0 fnt\n|faint|p1b: Roaring Moon\n|-end|p1b: Roaring Moon|Protosynthesis|[silent]\n|move|p1a: Flutter Mane|Moonblast|p2b: Iron Hands\n|-supereffective|p2b: Iron Hands\n|-damage|p2b: Iron Hands|13\/100\n|\n|-status|p2a: Ursaluna|brn|[from] item: Flame Orb\n|upkeep\n|\n|t:|1700500562\n|switch|p1b: Iron Hands|Iron Hands, L50|100\/100\n|turn|3\n|\n|t:|1700500572\n|-end|p2b: Iron Hands|Quark Drive|[silent]\n|switch|p2b: Enamorus|Enamorus-Therian, L50, F|100\/100\n|move|p2a: Ursaluna|Protect|p2a: Ursaluna\n|-singleturn|p2a: Ursaluna|Protect\n|move|p1b: Iron Hands|Fake Out|p2a: Ursaluna\n|-activate|p2a: Ursaluna|move: Protect\n|move|p1a: Flutter Mane|Moonblast|p2b: Enamorus\n|-damage|p2b: Enamorus|17\/100\n|-unboost|p2b: Enamorus|spa|1\n|\n|-heal|p2b: Enamorus|23\/100|[from] item: Leftovers\n|-damage|p2a: Ursaluna|95\/100 brn|[from] brn\n|upkeep\n|turn|4\n|\n|t:|1700500595\n|-terastallize|p2a: Ursaluna|Fairy\n|move|p2b: Enamorus|Moonblast|p1b: Iron Hands\n|-supereffective|p1b: Iron Hands\n|-damage|p1b: Iron Hands|67\/100\n|-unboost|p1b: Iron Hands|spa|1\n|move|p2a: Ursaluna|Earthquake|p1b: Iron Hands|[spread] p1a,p1b\n|-immune|p2b: Enamorus\n|-end|p1a: Flutter Mane|Substitute\n|-supereffective|p1b: Iron Hands\n|-damage|p1b: Iron Hands|0 fnt\n|faint|p1b: Iron Hands\n|-end|p1b: Iron Hands|Quark Drive|[silent]\n|move|p1a: Flutter Mane|Moonblast|p2a: Ursaluna\n|-damage|p2a: Ursaluna|37\/100 brn\n|\n|-heal|p2b: Enamorus|29\/100|[from] item: Leftovers\n|-damage|p2a: Ursaluna|31\/100 brn|[from] brn\n|upkeep\n|\n|t:|1700500610\n|switch|p1b: Ogerpon|Ogerpon-Hearthflame, L50, F|100\/100\n|-ability|p1b: Ogerpon|Mold Breaker\n|turn|5\n|\n|t:|1700500620\n|switch|p2b: Cresselia|Cresselia, L50, F, shiny|100\/100\n|move|p1b: Ogerpon|Spiky Shield|p1b: Ogerpon\n|-singleturn|p1b: Ogerpon|move: Protect\n|move|p1a: Flutter Mane|Protect|p1a: Flutter Mane\n|-singleturn|p1a: Flutter Mane|Protect\n|move|p2a: Ursaluna|Earthquake|p1a: Flutter Mane|[spread] \n|-activate|p1a: Flutter Mane|move: Protect\n|-activate|p1b: Ogerpon|move: Protect\n|-immune|p2b: Cresselia|[from] ability: Levitate\n|\n|-damage|p2a: Ursaluna|25\/100 brn|[from] brn\n|-fieldend|move: Trick Room\n|upkeep\n|turn|6\n|inactive|omlov has 30 seconds left.\n|\n|t:|1700500645\n|move|p1a: Flutter Mane|Shadow Ball|p2b: Cresselia\n|-supereffective|p2b: Cresselia\n|-damage|p2b: Cresselia|50\/100\n|move|p1b: Ogerpon|Wood Hammer|p2b: Cresselia\n|-damage|p2b: Cresselia|3\/100\n|-damage|p1b: Ogerpon|82\/100|[from] Recoil\n|move|p2a: Ursaluna|Earthquake|p1a: Flutter Mane|[spread] p1a,p1b\n|-immune|p2b: Cresselia|[from] ability: Levitate\n|-damage|p1a: Flutter Mane|0 fnt\n|-damage|p1b: Ogerpon|5\/100\n|faint|p1a: Flutter Mane\n|-end|p1a: Flutter Mane|Protosynthesis|[silent]\n|move|p2b: Cresselia|Trick Room|p2b: Cresselia\n|-fieldstart|move: Trick Room|[of] p2b: Cresselia\n|\n|-damage|p2a: Ursaluna|19\/100 brn|[from] brn\n|upkeep\n|turn|7\n|-message|omlov forfeited.\n|\n|win|Dyrewolf52\n|raw|omlov's rating: 1283 &rarr; <strong>1261<\/strong><br \/>(-22 for losing)\n|raw|Dyrewolf52's rating: 1328 &rarr; <strong>1345<\/strong><br \/>(+17 for winning)\n|l|\u2606omlov\n","uploadtime":1700500779,"views":12,"p1id":"omlov","p2id":"dyrewolf52","formatid":"gen9vgc2023regulatione","rating":1261,"private":0,"password":""}