{"id":"gen9vgc2023regulatione-1989284030","p1":"Triple An Axel","p2":"Steezowl","format":"[Gen 9] VGC 2023 Regulation E","log":"|j|\u2606Triple An Axel\n|j|\u2606Steezowl\n|t:|1699831750\n|gametype|doubles\n|player|p1|Triple An Axel|265|1000\n|player|p2|Steezowl|blue|1036\n|teamsize|p1|6\n|teamsize|p2|6\n|gen|9\n|tier|[Gen 9] VGC 2023 Regulation E\n|rated|\n|rule|Species Clause: Limit one of each Pok\u00e9mon\n|rule|Item Clause: Limit one of each item\n|clearpoke\n|poke|p1|Annihilape, L50, F|\n|poke|p1|Sinistcha-Masterpiece, L50|\n|poke|p1|Armarouge, L50, F|\n|poke|p1|Indeedee-F, L50, F|\n|poke|p1|Scizor, L50, F|\n|poke|p1|Chansey, L50, F|\n|poke|p2|Salamence, L50, F|\n|poke|p2|Ogerpon-Hearthflame, L50, F|\n|poke|p2|Chien-Pao, L50|\n|poke|p2|Tornadus, L50, M|\n|poke|p2|Urshifu-*, L50, M|\n|poke|p2|Arcanine-Hisui, L50, M|\n|teampreview|4\nTriple An Axel has agreed to open team sheets.\n|inactive|Battle timer is ON: inactive players will automatically lose when time's up. (requested by Steezowl)\n|\n|t:|1699831798\n|start\n|switch|p1a: Chansey|Chansey, L50, F|100\/100\n|switch|p1b: Annihilape|Annihilape, L50, F|100\/100\n|switch|p2a: Ogerpon|Ogerpon-Hearthflame, L50, F|100\/100\n|switch|p2b: Tornadus|Tornadus, L50, M|100\/100\n|-ability|p2a: Ogerpon|Mold Breaker\n|turn|1\n|inactive|Steezowl has 30 seconds left.\n|\n|t:|1699831830\n|move|p2a: Ogerpon|Follow Me|p2a: Ogerpon\n|-singleturn|p2a: Ogerpon|move: Follow Me\n|move|p2b: Tornadus|Tailwind|p2b: Tornadus\n|-sidestart|p2: Steezowl|move: Tailwind\n|move|p1b: Annihilape|Bulk Up|p1b: Annihilape\n|-boost|p1b: Annihilape|atk|1\n|-boost|p1b: Annihilape|def|1\n|move|p1a: Chansey|Rock Slide|p2b: Tornadus|[spread] p2a,p2b\n|-supereffective|p2a: Ogerpon\n|-supereffective|p2b: Tornadus\n|-damage|p2a: Ogerpon|91\/100\n|-damage|p2b: Tornadus|92\/100\n|\n|upkeep\n|turn|2\n|inactive|Triple An Axel has 30 seconds left.\n|inactive|Triple An Axel has 20 seconds left.\n|inactive|Triple An Axel has 15 seconds left.\n|l|\u2606Triple An Axel\n|inactive|Triple An Axel disconnected and has a minute to reconnect!\n|player|p1|\n|inactive|Triple An Axel has 10 seconds left.\n|inactive|Triple An Axel has 5 seconds left.\n|j|\u2606Triple An Axel\n|inactive|Triple An Axel reconnected and has 5 seconds left.\n|player|p1|Triple An Axel|265\n|\n|t:|1699831885\n|-terastallize|p2a: Ogerpon|Fire\n|detailschange|p2a: Ogerpon|Ogerpon-Hearthflame-Tera, L50, F, tera:Fire\n|-ability|p2a: Ogerpon|Embody Aspect (Hearthflame)|boost\n|-boost|p2a: Ogerpon|atk|1\n|move|p2b: Tornadus|Taunt|p1a: Chansey\n|-start|p1a: Chansey|move: Taunt\n|move|p2a: Ogerpon|Ivy Cudgel|p1a: Chansey\n|-crit|p1a: Chansey\n|-damage|p1a: Chansey|0 fnt\n|faint|p1a: Chansey\n|move|p1b: Annihilape|Drain Punch|p2a: Ogerpon\n|-damage|p2a: Ogerpon|17\/100\n|\n|upkeep\n|\n|t:|1699831900\n|switch|p1a: Sinistcha|Sinistcha-Masterpiece, L50|100\/100\n|turn|3\n|\n|t:|1699831921\n|-terastallize|p1a: Sinistcha|Poison\n|move|p2a: Ogerpon|Spiky Shield|p2a: Ogerpon\n|-singleturn|p2a: Ogerpon|move: Protect\n|move|p2b: Tornadus|Bleakwind Storm|p1a: Sinistcha|[spread] p1a,p1b\n|-supereffective|p1b: Annihilape\n|-damage|p1a: Sinistcha|68\/100\n|-damage|p1b: Annihilape|45\/100\n|-unboost|p1b: Annihilape|spe|1\n|-ability|p1b: Annihilape|Defiant|boost\n|-boost|p1b: Annihilape|atk|2\n|move|p1b: Annihilape|Drain Punch|p2a: Ogerpon\n|-activate|p2a: Ogerpon|move: Protect\n|-damage|p1b: Annihilape|32\/100|[from] Spiky Shield|[of] p2a: Ogerpon\n|move|p1a: Sinistcha|Trick Room|p1a: Sinistcha\n|-fieldstart|move: Trick Room|[of] p1a: Sinistcha\n|\n|-heal|p1b: Annihilape|38\/100|[from] item: Leftovers\n|upkeep\n|turn|4\n|inactive|Steezowl has 30 seconds left.\n|inactive|Steezowl has 20 seconds left.\n|\n|t:|1699831957\n|move|p1b: Annihilape|Rage Fist|p2b: Tornadus\n|-damage|p2b: Tornadus|0 fnt\n|-damage|p1b: Annihilape|22\/100|[from] item: Rocky Helmet|[of] p2b: Tornadus\n|faint|p2b: Tornadus\n|move|p1a: Sinistcha|Matcha Gotcha|p2a: Ogerpon\n|-resisted|p2a: Ogerpon\n|-damage|p2a: Ogerpon|0 fnt\n|-heal|p1a: Sinistcha|76\/100|[from] drain|[of] p2a: Ogerpon\n|faint|p2a: Ogerpon\n|\n|-heal|p1b: Annihilape|28\/100|[from] item: Leftovers\n|-sideend|p2: Steezowl|move: Tailwind\n|upkeep\n|\n|t:|1699831968\n|switch|p2b: Arcanine|Arcanine-Hisui, L50, M|100\/100\n|switch|p2a: Chien-Pao|Chien-Pao, L50|100\/100\n|-ability|p2b: Arcanine|Intimidate|boost\n|-unboost|p1a: Sinistcha|atk|1\n|-unboost|p1b: Annihilape|atk|1\n|-ability|p1b: Annihilape|Defiant|boost\n|-boost|p1b: Annihilape|atk|2\n|-ability|p2a: Chien-Pao|Sword of Ruin\n|turn|5\n|\n|t:|1699831993\n|move|p2a: Chien-Pao|Sucker Punch|p1b: Annihilape\n|-damage|p1b: Annihilape|0 fnt\n|faint|p1b: Annihilape\n|move|p1a: Sinistcha|Matcha Gotcha|p2b: Arcanine|[spread] p2a\n|-miss|p1a: Sinistcha|p2b: Arcanine\n|-damage|p2a: Chien-Pao|54\/100\n|-heal|p1a: Sinistcha|99\/100|[from] drain|[of] p2a: Chien-Pao\n|move|p2b: Arcanine|Rock Slide|p1a: Sinistcha\n|-damage|p1a: Sinistcha|20\/100\n|\n|upkeep\n|\n|t:|1699831996\n|switch|p1b: Scizor|Scizor, L50, F|100\/100\n|turn|6\n|\n|t:|1699832015\n|move|p2a: Chien-Pao|Protect|p2a: Chien-Pao\n|-singleturn|p2a: Chien-Pao|Protect\n|move|p1b: Scizor|Bullet Punch|p2a: Chien-Pao\n|-activate|p2a: Chien-Pao|move: Protect\n|move|p1a: Sinistcha|Matcha Gotcha|p2b: Arcanine|[spread] p2b\n|-activate|p2a: Chien-Pao|move: Protect\n|-damage|p2b: Arcanine|69\/100\n|-heal|p1a: Sinistcha|39\/100|[from] drain|[of] p2b: Arcanine\n|move|p2b: Arcanine|Rock Slide|p1a: Sinistcha|[spread] p1a,p1b\n|-damage|p1a: Sinistcha|0 fnt\n|-damage|p1b: Scizor|41\/100\n|faint|p1a: Sinistcha\n|\n|upkeep\n|turn|7\n|c|\u2606Triple An Axel|gg\n|-message|Triple An Axel forfeited.\n|\n|win|Steezowl\n|raw|Triple An Axel's rating: 1000 &rarr; <strong>1000<\/strong><br \/>(+0 for losing)\n|raw|Steezowl's rating: 1036 &rarr; <strong>1067<\/strong><br \/>(+31 for winning)\n|l|\u2606Triple An Axel\n","uploadtime":1699832035,"views":25,"p1id":"tripleanaxel","p2id":"steezowl","formatid":"gen9vgc2023regulatione","rating":1000,"private":0,"password":""}