{"id":"gen9vgc2023regulatione-1987921016","p1":"Probandoteammvp","p2":"ErikTwee","format":"[Gen 9] VGC 2023 Regulation E","log":"|j|\u2606Probandoteammvp\n|j|\u2606ErikTwee\n|t:|1699649320\n|gametype|doubles\n|player|p1|Probandoteammvp|riley|1612\n|player|p2|ErikTwee|266|1512\n|teamsize|p1|6\n|teamsize|p2|6\n|gen|9\n|tier|[Gen 9] VGC 2023 Regulation E\n|rated|\n|rule|Species Clause: Limit one of each Pok\u00e9mon\n|rule|Item Clause: Limit one of each item\n|clearpoke\n|poke|p1|Dragonite, L50, M|\n|poke|p1|Flamigo, L50, M|\n|poke|p1|Flutter Mane, L50|\n|poke|p1|Tauros-Paldea-Aqua, L50, M|\n|poke|p1|Cryogonal, L50|\n|poke|p1|Salazzle, L50, F|\n|poke|p2|Staraptor, L50, F|\n|poke|p2|Ursaluna, L50, M|\n|poke|p2|Urshifu-*, L50, F|\n|poke|p2|Scream Tail, L50|\n|poke|p2|Farigiraf, L50, M|\n|poke|p2|Torkoal, L50, M|\n|teampreview|4\n|inactive|Battle timer is ON: inactive players will automatically lose when time's up. (requested by Probandoteammvp)\n|\n|t:|1699649347\n|start\n|switch|p1a: Dragonite|Dragonite, L50, M, shiny|100\/100\n|switch|p1b: Salazzle|Salazzle, L50, F, shiny|100\/100\n|switch|p2a: Staraptor|Staraptor, L50, F|100\/100\n|switch|p2b: Farigiraf|Farigiraf, L50, M|100\/100\n|-ability|p2a: Staraptor|Intimidate|boost\n|-unboost|p1a: Dragonite|atk|1\n|-fail|p1b: Salazzle|unboost|Attack|[from] ability: Oblivious|[of] p1b: Salazzle\n|-item|p1b: Salazzle|Air Balloon\n|turn|1\n|\n|t:|1699649369\n|switch|p1a: Flutter Mane|Flutter Mane, L50, shiny|100\/100\n|-enditem|p1a: Flutter Mane|Booster Energy\n|-activate|p1a: Flutter Mane|ability: Protosynthesis|[fromitem]\n|-start|p1a: Flutter Mane|protosynthesisspe\n|-terastallize|p1b: Salazzle|Ghost\n|move|p2a: Staraptor|Final Gambit|p1a: Flutter Mane\n|-immune|p1a: Flutter Mane\n|move|p1b: Salazzle|Taunt|p2b: Farigiraf\n|-start|p2b: Farigiraf|move: Taunt\n|cant|p2b: Farigiraf|move: Taunt|Trick Room\n|\n|upkeep\n|turn|2\n|inactive|ErikTwee has 30 seconds left.\n|inactive|ErikTwee has 20 seconds left.\n|inactive|ErikTwee has 15 seconds left.\n|\n|t:|1699649412\n|switch|p2a: Torkoal|Torkoal, L50, M|100\/100\n|-weather|SunnyDay|[from] ability: Drought|[of] p2a: Torkoal\n|switch|p2b: Ursaluna|Ursaluna, L50, M|100\/100\n|move|p1a: Flutter Mane|Dazzling Gleam|p2b: Ursaluna|[spread] p2a,p2b\n|-resisted|p2a: Torkoal\n|-damage|p2a: Torkoal|82\/100\n|-damage|p2b: Ursaluna|76\/100\n|move|p1b: Salazzle|Sludge Bomb|p2b: Ursaluna\n|-resisted|p2b: Ursaluna\n|-damage|p2b: Ursaluna|56\/100\n|\n|-weather|SunnyDay|[upkeep]\n|-status|p2b: Ursaluna|brn|[from] item: Flame Orb\n|upkeep\n|turn|3\n|inactive|Probandoteammvp has 30 seconds left.\n|inactive|ErikTwee has 30 seconds left.\n|inactive|Probandoteammvp has 20 seconds left.\n|inactive|ErikTwee has 20 seconds left.\n|inactive|Probandoteammvp has 15 seconds left.\n|inactive|ErikTwee has 15 seconds left.\n|inactive|Probandoteammvp has 10 seconds left.\n|inactive|ErikTwee has 10 seconds left.\n|\n|t:|1699649461\n|move|p1a: Flutter Mane|Protect|p1a: Flutter Mane\n|-singleturn|p1a: Flutter Mane|Protect\n|move|p1b: Salazzle|Sludge Bomb|p2a: Torkoal\n|-damage|p2a: Torkoal|31\/100\n|move|p2b: Ursaluna|Headlong Rush|p1a: Flutter Mane\n|-activate|p1a: Flutter Mane|move: Protect\n|move|p2a: Torkoal|Eruption|p1b: Salazzle|[spread] p1b\n|-activate|p1a: Flutter Mane|move: Protect\n|-damage|p1b: Salazzle|54\/100\n|-enditem|p1b: Salazzle|Air Balloon\n|\n|-weather|SunnyDay|[upkeep]\n|-damage|p2b: Ursaluna|50\/100 brn|[from] brn\n|upkeep\n|turn|4\n|inactive|ErikTwee has 30 seconds left.\n|\n|t:|1699649487\n|switch|p2a: Staraptor|Staraptor, L50, F|100\/100\n|-ability|p2a: Staraptor|Intimidate|boost\n|-unboost|p1a: Flutter Mane|atk|1\n|-fail|p1b: Salazzle|unboost|Attack|[from] ability: Oblivious|[of] p1b: Salazzle\n|move|p2b: Ursaluna|Protect|p2b: Ursaluna\n|-singleturn|p2b: Ursaluna|Protect\n|move|p1a: Flutter Mane|Shadow Ball|p2a: Staraptor\n|-immune|p2a: Staraptor\n|move|p1b: Salazzle|Sludge Bomb|p2b: Ursaluna\n|-activate|p2b: Ursaluna|move: Protect\n|\n|-weather|SunnyDay|[upkeep]\n|-damage|p2b: Ursaluna|44\/100 brn|[from] brn\n|upkeep\n|turn|5\n|inactive|Probandoteammvp has 30 seconds left.\n|inactive|ErikTwee has 30 seconds left.\n|\n|t:|1699649516\n|move|p1a: Flutter Mane|Dazzling Gleam|p2a: Staraptor|[spread] p2a,p2b\n|-damage|p2a: Staraptor|60\/100\n|-damage|p2b: Ursaluna|20\/100 brn\n|move|p2a: Staraptor|Brave Bird|p1b: Salazzle\n|-damage|p1b: Salazzle|0 fnt\n|faint|p1b: Salazzle\n|-damage|p2a: Staraptor|47\/100|[from] Recoil\n|move|p2b: Ursaluna|Headlong Rush|p1a: Flutter Mane\n|-damage|p1a: Flutter Mane|0 fnt\n|-unboost|p2b: Ursaluna|def|1\n|-unboost|p2b: Ursaluna|spd|1\n|faint|p1a: Flutter Mane\n|-end|p1a: Flutter Mane|Protosynthesis|[silent]\n|\n|-weather|SunnyDay|[upkeep]\n|-damage|p2b: Ursaluna|14\/100 brn|[from] brn\n|upkeep\n|\n|t:|1699649523\n|switch|p1a: Flamigo|Flamigo, L50, M, shiny|100\/100\n|switch|p1b: Dragonite|Dragonite, L50, M, shiny|100\/100\n|-copyboost|p1a: Flamigo|p1b: Dragonite|[from] ability: Costar\n|turn|6\n|\n|t:|1699649542\n|switch|p2b: Farigiraf|Farigiraf, L50, M|100\/100\n|move|p1a: Flamigo|Protect|p1a: Flamigo\n|-singleturn|p1a: Flamigo|Protect\n|move|p2a: Staraptor|Brave Bird|p1a: Flamigo\n|-activate|p1a: Flamigo|move: Protect\n|move|p1b: Dragonite|Dragon Dance|p1b: Dragonite\n|-boost|p1b: Dragonite|atk|1\n|-boost|p1b: Dragonite|spe|1\n|\n|-weather|none\n|upkeep\n|turn|7\n|inactive|ErikTwee has 30 seconds left.\n|\n|t:|1699649567\n|-terastallize|p2b: Farigiraf|Fairy\n|move|p1b: Dragonite|Earthquake|p2b: Farigiraf|[spread] p2b\n|-immune|p1a: Flamigo\n|-immune|p2a: Staraptor\n|-damage|p2b: Farigiraf|62\/100\n|move|p2a: Staraptor|Brave Bird|p1a: Flamigo\n|-supereffective|p1a: Flamigo\n|-enditem|p1a: Flamigo|Focus Sash\n|-damage|p1a: Flamigo|1\/100\n|-damage|p2a: Staraptor|20\/100|[from] Recoil\n|move|p1a: Flamigo|Close Combat|p2b: Farigiraf\n|-resisted|p2b: Farigiraf\n|-damage|p2b: Farigiraf|37\/100\n|-unboost|p1a: Flamigo|def|1\n|-unboost|p1a: Flamigo|spd|1\n|-enditem|p2b: Farigiraf|Sitrus Berry|[eat]\n|-heal|p2b: Farigiraf|62\/100|[from] item: Sitrus Berry\n|move|p2b: Farigiraf|Trick Room|p2b: Farigiraf\n|-fieldstart|move: Trick Room|[of] p2b: Farigiraf\n|\n|upkeep\n|turn|8\n|\n|t:|1699649591\n|move|p1a: Flamigo|Protect|p1a: Flamigo\n|-singleturn|p1a: Flamigo|Protect\n|move|p2b: Farigiraf|Dazzling Gleam|p1a: Flamigo|[spread] p1b\n|-activate|p1a: Flamigo|move: Protect\n|-supereffective|p1b: Dragonite\n|-damage|p1b: Dragonite|75\/100\n|-enditem|p1b: Dragonite|Weakness Policy\n|-boost|p1b: Dragonite|atk|2|[from] item: Weakness Policy\n|-boost|p1b: Dragonite|spa|2|[from] item: Weakness Policy\n|move|p2a: Staraptor|Brave Bird|p1b: Dragonite\n|-damage|p1b: Dragonite|10\/100\n|-damage|p2a: Staraptor|1\/100|[from] Recoil\n|move|p1b: Dragonite|Earthquake|p2b: Farigiraf|[spread] p2b\n|-activate|p1a: Flamigo|move: Protect\n|-immune|p2a: Staraptor\n|-damage|p2b: Farigiraf|0 fnt\n|faint|p2b: Farigiraf\n|\n|upkeep\n|\n|t:|1699649613\n|switch|p2b: Torkoal|Torkoal, L50, M|31\/100\n|-weather|SunnyDay|[from] ability: Drought|[of] p2b: Torkoal\n|turn|9\n|\n|t:|1699649620\n|move|p1a: Flamigo|Feint|p2a: Staraptor\n|-damage|p2a: Staraptor|0 fnt\n|faint|p2a: Staraptor\n|move|p1b: Dragonite|Extreme Speed|p2b: Torkoal\n|-damage|p2b: Torkoal|0 fnt\n|faint|p2b: Torkoal\n|\n|-weather|SunnyDay|[upkeep]\n|upkeep\n|\n|t:|1699649633\n|switch|p2b: Ursaluna|Ursaluna, L50, M|14\/100 brn\n|turn|10\n|-message|ErikTwee forfeited.\n|\n|win|Probandoteammvp\n|raw|Probandoteammvp's rating: 1612 &rarr; <strong>1626<\/strong><br \/>(+14 for winning)\n|raw|ErikTwee's rating: 1512 &rarr; <strong>1498<\/strong><br \/>(-14 for losing)\n|l|\u2606ErikTwee\n","uploadtime":1699649702,"views":21,"p1id":"probandoteammvp","p2id":"eriktwee","formatid":"gen9vgc2023regulatione","rating":1498,"private":0,"password":""}