{"id":"gen9vgc2023regulatione-1999398149","p1":"VegitoSkBEst","p2":"CrayonFunny","format":"[Gen 9] VGC 2023 Regulation E","log":"|j|\u2606VegitoSkBEst\n|j|\u2606CrayonFunny\n|t:|1701073700\n|gametype|doubles\n|player|p1|VegitoSkBEst|102|1000\n|player|p2|CrayonFunny|170|1000\n|teamsize|p1|6\n|teamsize|p2|6\n|gen|9\n|tier|[Gen 9] VGC 2023 Regulation E\n|rated|\n|rule|Species Clause: Limit one of each Pok\u00e9mon\n|rule|Item Clause: Limit one of each item\n|clearpoke\n|poke|p1|Gallade, L50, M|\n|poke|p1|Tornadus, L50, M|\n|poke|p1|Urshifu-*, L50, M|\n|poke|p1|Heatran, L50, M|\n|poke|p1|Chien-Pao, L50|\n|poke|p1|Landorus-Therian, L50, M|\n|poke|p2|Ogerpon-Wellspring, L50, F|\n|poke|p2|Landorus-Therian, L50, M|\n|poke|p2|Iron Hands, L50|\n|poke|p2|Chi-Yu, L50|\n|poke|p2|Flutter Mane, L50|\n|poke|p2|Baxcalibur, L50, F|\n|teampreview|4\n|inactive|Battle timer is ON: inactive players will automatically lose when time's up. (requested by VegitoSkBEst)\n|\n|t:|1701073730\n|start\n|switch|p1a: Chien-Pao|Chien-Pao, L50|100\/100\n|switch|p1b: Tornadus|Tornadus, L50, M|100\/100\n|switch|p2a: Landorus|Landorus-Therian, L50, M|100\/100\n|switch|p2b: Iron Hands|Iron Hands, L50|100\/100\n|-ability|p2a: Landorus|Intimidate|boost\n|-unboost|p1a: Chien-Pao|atk|1\n|-unboost|p1b: Tornadus|atk|1\n|-ability|p1a: Chien-Pao|Sword of Ruin\n|turn|1\n|inactive|CrayonFunny has 30 seconds left.\n|inactive|CrayonFunny has 20 seconds left.\n|inactive|CrayonFunny has 15 seconds left.\n|\n|t:|1701073775\n|switch|p2a: Chi-Yu|Chi-Yu, L50|100\/100\n|-ability|p2a: Chi-Yu|Beads of Ruin\n|-terastallize|p1a: Chien-Pao|Ghost\n|move|p1b: Tornadus|Tailwind|p1b: Tornadus\n|-sidestart|p1: VegitoSkBEst|move: Tailwind\n|move|p1a: Chien-Pao|Icicle Crash|p2a: Chi-Yu\n|-resisted|p2a: Chi-Yu\n|-damage|p2a: Chi-Yu|71\/100\n|move|p2b: Iron Hands|Drain Punch|p1a: Chien-Pao\n|-immune|p1a: Chien-Pao\n|\n|upkeep\n|turn|2\n|inactive|CrayonFunny has 30 seconds left.\n|inactive|CrayonFunny has 20 seconds left.\n|\n|t:|1701073812\n|move|p1b: Tornadus|Rain Dance|p1b: Tornadus\n|-weather|RainDance\n|move|p1a: Chien-Pao|Sacred Sword|p2a: Chi-Yu\n|-supereffective|p2a: Chi-Yu\n|-damage|p2a: Chi-Yu|0 fnt\n|faint|p2a: Chi-Yu\n|move|p2b: Iron Hands|Wild Charge|p1a: Chien-Pao\n|-damage|p1a: Chien-Pao|29\/100\n|-damage|p2b: Iron Hands|88\/100|[from] Recoil\n|\n|-weather|RainDance|[upkeep]\n|upkeep\n|\n|t:|1701073823\n|switch|p2a: Ogerpon|Ogerpon-Wellspring, L50, F|100\/100\n|turn|3\n|inactive|CrayonFunny has 30 seconds left.\n|\n|t:|1701073849\n|move|p1a: Chien-Pao|Sucker Punch|p2b: Iron Hands\n|-resisted|p2b: Iron Hands\n|-damage|p2b: Iron Hands|77\/100\n|move|p1b: Tornadus|Bleakwind Storm|p2b: Iron Hands|[spread] p2a,p2b\n|-supereffective|p2a: Ogerpon\n|-damage|p2a: Ogerpon|11\/100\n|-damage|p2b: Iron Hands|57\/100\n|move|p2a: Ogerpon|Ivy Cudgel|p1a: Chien-Pao|[anim] Ivy Cudgel Water\n|-damage|p1a: Chien-Pao|0 fnt\n|faint|p1a: Chien-Pao\n|move|p2b: Iron Hands|Wild Charge|p1b: Tornadus\n|-supereffective|p1b: Tornadus\n|-damage|p1b: Tornadus|0 fnt\n|faint|p1b: Tornadus\n|-damage|p2b: Iron Hands|40\/100|[from] Recoil\n|\n|-weather|RainDance|[upkeep]\n|upkeep\n|\n|t:|1701073862\n|switch|p1a: Urshifu|Urshifu-Rapid-Strike, L50, M|100\/100\n|switch|p1b: Heatran|Heatran, L50, M, shiny|100\/100\n|-item|p1b: Heatran|Air Balloon\n|turn|4\n|inactive|CrayonFunny has 30 seconds left.\n|inactive|VegitoSkBEst has 30 seconds left.\n|\n|t:|1701073898\n|move|p2a: Ogerpon|Follow Me|p2a: Ogerpon\n|-singleturn|p2a: Ogerpon|move: Follow Me\n|move|p1a: Urshifu|Close Combat|p2a: Ogerpon\n|-damage|p2a: Ogerpon|0 fnt\n|-unboost|p1a: Urshifu|def|1\n|-unboost|p1a: Urshifu|spd|1\n|faint|p2a: Ogerpon\n|move|p1b: Heatran|Earth Power|p2b: Iron Hands\n|-supereffective|p2b: Iron Hands\n|-damage|p2b: Iron Hands|0 fnt\n|faint|p2b: Iron Hands\n|-end|p2b: Iron Hands|Quark Drive|[silent]\n|\n|-weather|RainDance|[upkeep]\n|-sideend|p1: VegitoSkBEst|move: Tailwind\n|upkeep\n|\n|t:|1701073908\n|switch|p2b: Landorus|Landorus-Therian, L50, M|100\/100\n|-ability|p2b: Landorus|Intimidate|boost\n|-unboost|p1a: Urshifu|atk|1\n|-unboost|p1b: Heatran|atk|1\n|turn|5\n|inactive|VegitoSkBEst has 30 seconds left.\n|inactive|CrayonFunny has 30 seconds left.\n|\n|t:|1701073951\n|-terastallize|p2b: Landorus|Flying\n|move|p2b: Landorus|Rock Slide|p1a: Urshifu|[spread] p1a,p1b\n|-resisted|p1a: Urshifu\n|-damage|p1a: Urshifu|84\/100\n|-damage|p1b: Heatran|81\/100\n|-enditem|p1b: Heatran|Air Balloon\n|move|p1a: Urshifu|Surging Strikes|p2b: Landorus\n|-crit|p2b: Landorus\n|-damage|p2b: Landorus|63\/100\n|-crit|p2b: Landorus\n|-damage|p2b: Landorus|26\/100\n|-crit|p2b: Landorus\n|-damage|p2b: Landorus|0 fnt\n|faint|p2b: Landorus\n|-hitcount|p2: Landorus|3\n|\n|win|VegitoSkBEst\n|raw|VegitoSkBEst's rating: 1000 &rarr; <strong>1040<\/strong><br \/>(+40 for winning)\n|raw|CrayonFunny's rating: 1000 &rarr; <strong>1000<\/strong><br \/>(+0 for losing)\n|l|\u2606CrayonFunny\n","uploadtime":1701074051,"views":3,"p1id":"vegitoskbest","p2id":"crayonfunny","formatid":"gen9vgc2023regulatione","rating":1000,"private":0,"password":""}