{"id":"gen9vgc2023regulatione-1996187515","p1":"D018","p2":"QuimeraVGC","format":"[Gen 9] VGC 2023 Regulation E","log":"|j|\u2606D018\n|j|\u2606QuimeraVGC\n|n|\u2606D018|d018\n|n|\u2606QuimeraVGC|quimeravgc\n|html|View the match progress at <a href=\"\/game-bestof3-gen9vgc2023regulatione-1996183660\">game-bestof3-gen9vgc2023regulatione-1996183660<\/a>\n|t:|1700656765\n|gametype|doubles\n|player|p1|D018|alder|\n|player|p2|QuimeraVGC|red|\n|teamsize|p1|6\n|teamsize|p2|6\n|gen|9\n|tier|[Gen 9] VGC 2023 Regulation E\n|rule|Species Clause: Limit one of each Pok\u00e9mon\n|rule|Item Clause: Limit one of each item\n|clearpoke\n|poke|p1|Iron Hands, L50|\n|poke|p1|Landorus-Therian, L50, M|\n|poke|p1|Weezing, L50, F|\n|poke|p1|Sinistcha, L50|\n|poke|p1|Heatran, L50, F|\n|poke|p1|Milotic, L50, F|\n|poke|p2|Amoonguss, L50, F|\n|poke|p2|Iron Hands, L50|\n|poke|p2|Arcanine-Hisui, L50, M|\n|poke|p2|Tornadus, L50, M|\n|poke|p2|Urshifu-*, L50, F|\n|poke|p2|Gholdengo, L50|\n|teampreview|4\nQuimeraVGC has agreed to open team sheets.\n|inactive|Battle timer is ON: inactive players will automatically lose when time's up. (requested by QuimeraVGC)\nD018 has agreed to open team sheets.\n|showteam|p1|Iron Hands||AssaultVest|QuarkDrive|FakeOut,DrainPunch,HeavySlam,WildCharge||||||50|,,,,,Fire]Landorus-Therian||AbilityShield|Intimidate|StompingTantrum,RockSlide,Protect,TeraBlast|||M|||50|,,,,,Water]Weezing||RockyHelmet|NeutralizingGas|WillOWisp,Protect,Taunt,ClearSmog|||F|||50|,,,,,Dark]Sinistcha||BigRoot|Hospitality|RagePowder,MatchaGotcha,StrengthSap,Protect||||||50|,,,,,Fire]Heatran||Leftovers|FlashFire|EarthPower,FlashCannon,HeatWave,Protect|||F|||50|,,,,,Dragon]Milotic||SitrusBerry|Competitive|Scald,IcyWind,Recover,TeraBlast|||F|||50|,,,,,Fairy\n|showteam|p2|Amoonguss||RockyHelmet|Regenerator|Spore,RagePowder,PollenPuff,Protect|||F|||50|,,,,,Water]Iron Hands||AssaultVest|QuarkDrive|FakeOut,WildCharge,DrainPunch,HeavySlam||||||50|,,,,,Water]Arcanine-Hisui||ChoiceBand|Intimidate|FlareBlitz,RockSlide,ExtremeSpeed,TeraBlast|||M|||50|,,,,,Fairy]Tornadus||SitrusBerry|Prankster|Tailwind,BleakwindStorm,RainDance,Taunt|||M|||50|,,,,,Dragon]Urshifu-Rapid-Strike||ChoiceScarf|UnseenFist|SurgingStrikes,AquaJet,Uturn,CloseCombat|||F|||50|,,,,,Water]Gholdengo||Leftovers|GoodasGold|MakeItRain,ShadowBall,NastyPlot,Protect||||||50|,,,,,Dragon\n|\n|t:|1700656833\n|start\n|switch|p1a: Weezing|Weezing, L50, F|100\/100\n|switch|p1b: Landorus|Landorus-Therian, L50, M|100\/100\n|switch|p2a: Iron Hands|Iron Hands, L50|100\/100\n|switch|p2b: Gholdengo|Gholdengo, L50|100\/100\n|-ability|p1a: Weezing|Neutralizing Gas\n|-block|p1b: Landorus|item: Ability Shield\n|-ability|p1b: Landorus|Intimidate|boost\n|-unboost|p2a: Iron Hands|atk|1\n|-unboost|p2b: Gholdengo|atk|1\n|turn|1\n|\n|t:|1700656856\n|move|p2a: Iron Hands|Fake Out|p1b: Landorus\n|-damage|p1b: Landorus|88\/100\n|cant|p1b: Landorus|flinch\n|move|p2b: Gholdengo|Nasty Plot|p2b: Gholdengo\n|-boost|p2b: Gholdengo|spa|2\n|move|p1a: Weezing|Will-O-Wisp|p2a: Iron Hands|[miss]\n|-miss|p1a: Weezing|p2a: Iron Hands\n|\n|upkeep\n|turn|2\n|inactive|QuimeraVGC has 30 seconds left.\n|\n|t:|1700656883\n|-end|p2a: Iron Hands|Quark Drive|[silent]\n|switch|p2a: Tornadus|Tornadus, L50, M|100\/100\n|-terastallize|p2b: Gholdengo|Dragon\n|move|p1a: Weezing|Protect|p1a: Weezing\n|-singleturn|p1a: Weezing|Protect\n|move|p1b: Landorus|Stomping Tantrum|p2b: Gholdengo\n|-damage|p2b: Gholdengo|16\/100\n|move|p2b: Gholdengo|Nasty Plot|p2b: Gholdengo\n|-boost|p2b: Gholdengo|spa|2\n|\n|-heal|p2b: Gholdengo|22\/100|[from] item: Leftovers\n|upkeep\n|turn|3\n|\n|t:|1700656908\n|-end|p1a: Weezing|ability: Neutralizing Gas\n|switch|p1a: Iron Hands|Iron Hands, L50|100\/100\n|move|p2b: Gholdengo|Protect|p2b: Gholdengo\n|-singleturn|p2b: Gholdengo|Protect\n|move|p2a: Tornadus|Tailwind|p2a: Tornadus\n|-sidestart|p2: QuimeraVGC|move: Tailwind\n|move|p1b: Landorus|Rock Slide|p2b: Gholdengo|[spread] p2a\n|-activate|p2b: Gholdengo|move: Protect\n|-supereffective|p2a: Tornadus\n|-damage|p2a: Tornadus|60\/100\n|\n|-heal|p2b: Gholdengo|28\/100|[from] item: Leftovers\n|upkeep\n|turn|4\n|inactive|QuimeraVGC has 30 seconds left.\n|inactive|QuimeraVGC has 20 seconds left.\n|inactive|QuimeraVGC has 15 seconds left.\n|\n|t:|1700656950\n|move|p2b: Gholdengo|Protect||[still]\n|-fail|p2b: Gholdengo\n|move|p1a: Iron Hands|Fake Out|p2b: Gholdengo\n|-damage|p2b: Gholdengo|14\/100\n|move|p2a: Tornadus|Bleakwind Storm|p1b: Landorus|[spread] p1a,p1b\n|-damage|p1a: Iron Hands|81\/100\n|-damage|p1b: Landorus|48\/100\n|-unboost|p1a: Iron Hands|spe|1\n|move|p1b: Landorus|Stomping Tantrum|p2b: Gholdengo\n|-damage|p2b: Gholdengo|0 fnt\n|faint|p2b: Gholdengo\n|\n|upkeep\n|\n|t:|1700656959\n|switch|p2b: Urshifu|Urshifu-Rapid-Strike, L50, F|100\/100\n|turn|5\n|\n|t:|1700656976\n|-end|p1a: Iron Hands|Quark Drive|[silent]\n|switch|p1a: Weezing|Weezing, L50, F|100\/100\n|-ability|p1a: Weezing|Neutralizing Gas\n|-block|p1b: Landorus|item: Ability Shield\n|move|p1b: Landorus|Protect|p1b: Landorus\n|-singleturn|p1b: Landorus|Protect\n|move|p2b: Urshifu|U-turn|p1a: Weezing\n|-resisted|p1a: Weezing\n|-damage|p1a: Weezing|89\/100\n|-damage|p2b: Urshifu|84\/100|[from] item: Rocky Helmet|[of] p1a: Weezing\n|\n|t:|1700656978\n|switch|p2b: Iron Hands|Iron Hands, L50|100\/100|[from] U-turn\n|move|p2a: Tornadus|Bleakwind Storm|p1b: Landorus|[spread] p1a\n|-activate|p1b: Landorus|move: Protect\n|-damage|p1a: Weezing|56\/100\n|\n|upkeep\n|turn|6\n|\n|t:|1700656998\n|-end|p1a: Weezing|ability: Neutralizing Gas\n|switch|p1a: Sinistcha|Sinistcha, L50|100\/100\n|-heal|p1b: Landorus|73\/100|[from] ability: Hospitality|[of] p1a: Sinistcha\n|move|p2b: Iron Hands|Fake Out|p1b: Landorus\n|-damage|p1b: Landorus|56\/100\n|move|p2a: Tornadus|Taunt|p1a: Sinistcha\n|-start|p1a: Sinistcha|move: Taunt\n|cant|p1b: Landorus|flinch\n|\n|-sideend|p2: QuimeraVGC|move: Tailwind\n|upkeep\n|turn|7\n|\n|t:|1700657015\n|move|p1b: Landorus|Stomping Tantrum|p2b: Iron Hands\n|-supereffective|p2b: Iron Hands\n|-damage|p2b: Iron Hands|0 fnt\n|faint|p2b: Iron Hands\n|-end|p2b: Iron Hands|Quark Drive|[silent]\n|move|p2a: Tornadus|Bleakwind Storm|p1a: Sinistcha|[spread] p1a,p1b\n|-supereffective|p1a: Sinistcha\n|-damage|p1a: Sinistcha|41\/100\n|-damage|p1b: Landorus|14\/100\n|move|p1a: Sinistcha|Matcha Gotcha|p2a: Tornadus\n|-resisted|p2a: Tornadus\n|-damage|p2a: Tornadus|42\/100\n|-heal|p1a: Sinistcha|54\/100|[from] drain|[of] p2a: Tornadus\n|-status|p2a: Tornadus|brn\n|-enditem|p2a: Tornadus|Sitrus Berry|[eat]\n|-heal|p2a: Tornadus|66\/100 brn|[from] item: Sitrus Berry\n|\n|-damage|p2a: Tornadus|60\/100 brn|[from] brn\n|upkeep\n|\n|t:|1700657017\n|switch|p2b: Urshifu|Urshifu-Rapid-Strike, L50, F|84\/100\n|turn|8\n|\n|t:|1700657028\n|switch|p1a: Weezing|Weezing, L50, F|56\/100\n|-ability|p1a: Weezing|Neutralizing Gas\n|-block|p1b: Landorus|item: Ability Shield\n|move|p1b: Landorus|Protect|p1b: Landorus\n|-singleturn|p1b: Landorus|Protect\n|move|p2b: Urshifu|Surging Strikes|p1b: Landorus\n|-activate|p1b: Landorus|move: Protect\n|move|p2a: Tornadus|Tailwind|p2a: Tornadus\n|-sidestart|p2: QuimeraVGC|move: Tailwind\n|\n|-damage|p2a: Tornadus|54\/100 brn|[from] brn\n|upkeep\n|turn|9\n|c|\u2606QuimeraVGC|gg\n|c|\u2606QuimeraVGC|buen team\n|\n|t:|1700657049\n|-end|p1a: Weezing|ability: Neutralizing Gas\n|switch|p1a: Sinistcha|Sinistcha, L50|54\/100\n|-heal|p1b: Landorus|39\/100|[from] ability: Hospitality|[of] p1a: Sinistcha\n|move|p2a: Tornadus|Rain Dance|p2a: Tornadus\n|-weather|RainDance\n|move|p2b: Urshifu|Surging Strikes|p1b: Landorus\n|-supereffective|p1b: Landorus\n|-crit|p1b: Landorus\n|-damage|p1b: Landorus|0 fnt\n|faint|p1b: Landorus\n|-hitcount|p1: Landorus|1\n|\n|-weather|RainDance|[upkeep]\n|-damage|p2a: Tornadus|48\/100 brn|[from] brn\n|upkeep\n|\n|t:|1700657057\n|switch|p1b: Iron Hands|Iron Hands, L50|81\/100\n|turn|10\n|\n|t:|1700657071\n|move|p1b: Iron Hands|Fake Out|p2b: Urshifu\n|-damage|p2b: Urshifu|68\/100\n|cant|p2b: Urshifu|flinch\n|move|p2a: Tornadus|Bleakwind Storm|p1a: Sinistcha|[spread] p1a,p1b\n|-supereffective|p1a: Sinistcha\n|-damage|p1a: Sinistcha|0 fnt\n|-damage|p1b: Iron Hands|64\/100\n|faint|p1a: Sinistcha\n|\n|-weather|RainDance|[upkeep]\n|-damage|p2a: Tornadus|42\/100 brn|[from] brn\n|upkeep\n|\n|t:|1700657086\n|switch|p1a: Weezing|Weezing, L50, F|56\/100\n|-ability|p1a: Weezing|Neutralizing Gas\n|turn|11\n|\n|t:|1700657102\n|move|p2b: Urshifu|Surging Strikes|p1b: Iron Hands\n|-crit|p1b: Iron Hands\n|-damage|p1b: Iron Hands|46\/100\n|-crit|p1b: Iron Hands\n|-damage|p1b: Iron Hands|28\/100\n|-crit|p1b: Iron Hands\n|-damage|p1b: Iron Hands|8\/100\n|-hitcount|p1b: Iron Hands|3\n|move|p2a: Tornadus|Bleakwind Storm|p1a: Weezing|[spread] p1a,p1b\n|-damage|p1a: Weezing|24\/100\n|-damage|p1b: Iron Hands|0 fnt\n|faint|p1b: Iron Hands\n|-end|p1b: Iron Hands|Quark Drive|[silent]\n|move|p1a: Weezing|Clear Smog|p2a: Tornadus\n|-damage|p2a: Tornadus|21\/100 brn\n|-clearboost|p2a: Tornadus\n|\n|-weather|RainDance|[upkeep]\n|-damage|p2a: Tornadus|15\/100 brn|[from] brn\n|-sideend|p2: QuimeraVGC|move: Tailwind\n|upkeep\n|turn|12\n|\n|t:|1700657126\n|move|p2b: Urshifu|Surging Strikes|p1a: Weezing\n|-crit|p1a: Weezing\n|-damage|p1a: Weezing|0 fnt\n|-damage|p2b: Urshifu|52\/100|[from] item: Rocky Helmet|[of] p1a: Weezing\n|faint|p1a: Weezing\n|-end|p1a: Weezing|ability: Neutralizing Gas\n|-hitcount|p1: Weezing|1\n|\n|win|QuimeraVGC\n|inactive|D018 has 50 seconds to confirm battle start!\n|inactive|QuimeraVGC has 50 seconds to confirm battle start!\n","uploadtime":1700657139,"views":3,"p1id":"d018","p2id":"quimeravgc","formatid":"gen9vgc2023regulatione","rating":0,"private":0,"password":""}