{"id":"gen9vgc2023regulatione-1990491716","p1":"TestJay","p2":"moggyoh","format":"[Gen 9] VGC 2023 Regulation E","log":"|j|\u2606TestJay\n|j|\u2606moggyoh\n|t:|1699975800\n|gametype|doubles\n|player|p1|TestJay|pokemonranger-gen4|1378\n|player|p2|moggyoh|1|1335\n|teamsize|p1|6\n|teamsize|p2|6\n|gen|9\n|tier|[Gen 9] VGC 2023 Regulation E\n|rated|\n|rule|Species Clause: Limit one of each Pok\u00e9mon\n|rule|Item Clause: Limit one of each item\n|clearpoke\n|poke|p1|Dusclops, L50, F|\n|poke|p1|Ursaluna-Bloodmoon, L50, M|\n|poke|p1|Kommo-o, L50, M|\n|poke|p1|Landorus-Therian, L50, M|\n|poke|p1|Iron Hands, L50|\n|poke|p1|Sinistcha-Masterpiece, L50|\n|poke|p2|Zapdos-Galar, L50|\n|poke|p2|Chien-Pao, L50|\n|poke|p2|Farigiraf, L50, F|\n|poke|p2|Heatran, L50, F|\n|poke|p2|Rillaboom, L50, F|\n|poke|p2|Dragapult, L50, M|\n|teampreview|4\n|inactive|Battle timer is ON: inactive players will automatically lose when time's up. (requested by TestJay)\n|c|\u2606TestJay|Gl hf\n|\n|t:|1699975855\n|start\n|switch|p1a: Kommo-o|Kommo-o, L50, M, shiny|100\/100\n|switch|p1b: Iron Hands|Iron Hands, L50|100\/100\n|switch|p2a: Zapdos|Zapdos-Galar, L50|100\/100\n|switch|p2b: Chien-Pao|Chien-Pao, L50|100\/100\n|-ability|p2b: Chien-Pao|Sword of Ruin\n|turn|1\n|inactive|TestJay has 30 seconds left.\n|inactive|moggyoh has 30 seconds left.\n|\n|t:|1699975888\n|switch|p2b: Farigiraf|Farigiraf, L50, F|100\/100\n|-terastallize|p2a: Zapdos|Fire\n|-terastallize|p1a: Kommo-o|Steel\n|move|p1b: Iron Hands|Fake Out||[still]\n|cant|p2b: Farigiraf|ability: Armor Tail|Fake Out|[of] p1b: Iron Hands\n|move|p2a: Zapdos|Thunderous Kick|p1a: Kommo-o\n|-supereffective|p1a: Kommo-o\n|-damage|p1a: Kommo-o|19\/100\n|-unboost|p1a: Kommo-o|def|1\n|move|p1a: Kommo-o|Clangorous Soul||[still]\n|-fail|p1a: Kommo-o\n|\n|upkeep\n|turn|2\n|\n|t:|1699975912\n|move|p2a: Zapdos|Thunderous Kick|p1a: Kommo-o\n|-supereffective|p1a: Kommo-o\n|-damage|p1a: Kommo-o|0 fnt\n|faint|p1a: Kommo-o\n|move|p2b: Farigiraf|Dazzling Gleam|p1b: Iron Hands\n|-supereffective|p1b: Iron Hands\n|-damage|p1b: Iron Hands|73\/100\n|move|p1b: Iron Hands|Wild Charge|p2a: Zapdos\n|-damage|p2a: Zapdos|36\/100\n|-damage|p1b: Iron Hands|62\/100|[from] Recoil\n|\n|upkeep\n|\n|t:|1699975915\n|switch|p1a: Sinistcha|Sinistcha-Masterpiece, L50|100\/100\n|-heal|p1b: Iron Hands|87\/100|[from] ability: Hospitality|[of] p1a: Sinistcha\n|turn|3\n|inactive|moggyoh has 30 seconds left.\n|\n|t:|1699975948\n|switch|p2a: Rillaboom|Rillaboom, L50, F|100\/100\n|-fieldstart|move: Grassy Terrain|[from] ability: Grassy Surge|[of] p2a: Rillaboom\n|move|p1a: Sinistcha|Rage Powder|p1a: Sinistcha\n|-singleturn|p1a: Sinistcha|move: Rage Powder\n|move|p1b: Iron Hands|Drain Punch|p2b: Farigiraf\n|-damage|p2b: Farigiraf|62\/100\n|-heal|p1b: Iron Hands|100\/100|[from] drain|[of] p2b: Farigiraf\n|-damage|p1b: Iron Hands|84\/100|[from] item: Rocky Helmet|[of] p2b: Farigiraf\n|move|p2b: Farigiraf|Trick Room|p2b: Farigiraf\n|-fieldstart|move: Trick Room|[of] p2b: Farigiraf\n|\n|-heal|p1b: Iron Hands|90\/100|[from] Grassy Terrain\n|-heal|p2b: Farigiraf|68\/100|[from] Grassy Terrain\n|upkeep\n|turn|4\n|inactive|TestJay has 30 seconds left.\n|inactive|TestJay has 20 seconds left.\n|inactive|TestJay has 15 seconds left.\n|inactive|moggyoh has 30 seconds left.\n|\n|t:|1699975993\n|-end|p1b: Iron Hands|Quark Drive|[silent]\n|switch|p1b: Landorus|Landorus-Therian, L50, M|100\/100\n|-ability|p1b: Landorus|Intimidate|boost\n|-unboost|p2a: Rillaboom|atk|1\n|-unboost|p2b: Farigiraf|atk|1\n|move|p2a: Rillaboom|Fake Out|p1b: Landorus\n|-damage|p1b: Landorus|88\/100\n|move|p1a: Sinistcha|Matcha Gotcha|p2a: Rillaboom|[spread] p2a,p2b\n|-resisted|p2a: Rillaboom\n|-damage|p2a: Rillaboom|81\/100\n|-damage|p2b: Farigiraf|33\/100\n|move|p2b: Farigiraf|Dazzling Gleam|p1a: Sinistcha|[spread] p1a,p1b\n|-damage|p1a: Sinistcha|84\/100\n|-damage|p1b: Landorus|66\/100\n|\n|-heal|p1a: Sinistcha|90\/100|[from] Grassy Terrain\n|-heal|p2b: Farigiraf|39\/100|[from] Grassy Terrain\n|-heal|p2a: Rillaboom|87\/100|[from] Grassy Terrain\n|upkeep\n|turn|5\n|inactive|TestJay has 30 seconds left.\n|inactive|moggyoh has 30 seconds left.\n|inactive|TestJay has 20 seconds left.\n|inactive|moggyoh has 20 seconds left.\n|inactive|TestJay has 15 seconds left.\n|inactive|moggyoh has 15 seconds left.\n|inactive|TestJay has 10 seconds left.\n|\n|t:|1699976041\n|move|p2a: Rillaboom|Protect|p2a: Rillaboom\n|-singleturn|p2a: Rillaboom|Protect\n|move|p1a: Sinistcha|Matcha Gotcha|p2b: Farigiraf|[spread] p2b\n|-activate|p2a: Rillaboom|move: Protect\n|-damage|p2b: Farigiraf|7\/100\n|-heal|p1a: Sinistcha|100\/100|[from] drain|[of] p2b: Farigiraf\n|move|p1b: Landorus|U-turn|p2a: Rillaboom\n|-activate|p2a: Rillaboom|move: Protect\n|move|p2b: Farigiraf|Trick Room|p2b: Farigiraf\n|-fieldend|move: Trick Room\n|\n|-heal|p2a: Rillaboom|94\/100|[from] Grassy Terrain\n|-heal|p2b: Farigiraf|13\/100|[from] Grassy Terrain\n|upkeep\n|turn|6\n|\n|t:|1699976063\n|move|p2b: Farigiraf|Helping Hand|p2a: Rillaboom\n|-singleturn|p2a: Rillaboom|Helping Hand|[of] p2b: Farigiraf\n|move|p2a: Rillaboom|Grassy Glide|p1b: Landorus\n|-damage|p1b: Landorus|11\/100\n|move|p1b: Landorus|U-turn|p2a: Rillaboom\n|-supereffective|p2a: Rillaboom\n|-damage|p2a: Rillaboom|41\/100\n|\n|t:|1699976080\n|switch|p1b: Iron Hands|Iron Hands, L50|90\/100|[from] U-turn\n|move|p1a: Sinistcha|Matcha Gotcha|p2a: Rillaboom|[spread] p2a,p2b\n|-resisted|p2a: Rillaboom\n|-damage|p2a: Rillaboom|20\/100\n|-damage|p2b: Farigiraf|0 fnt\n|faint|p2b: Farigiraf\n|\n|-heal|p2a: Rillaboom|27\/100|[from] Grassy Terrain\n|-heal|p1b: Iron Hands|96\/100|[from] Grassy Terrain\n|upkeep\n|\n|t:|1699976096\n|switch|p2b: Chien-Pao|Chien-Pao, L50|100\/100\n|-ability|p2b: Chien-Pao|Sword of Ruin\n|turn|7\n|\n|t:|1699976112\n|switch|p1a: Landorus|Landorus-Therian, L50, M|11\/100\n|-ability|p1a: Landorus|Intimidate|boost\n|-unboost|p2a: Rillaboom|atk|1\n|-unboost|p2b: Chien-Pao|atk|1\n|move|p2b: Chien-Pao|Protect|p2b: Chien-Pao\n|-singleturn|p2b: Chien-Pao|Protect\n|move|p2a: Rillaboom|Protect|p2a: Rillaboom\n|-singleturn|p2a: Rillaboom|Protect\n|move|p1b: Iron Hands|Fake Out|p2b: Chien-Pao\n|-activate|p2b: Chien-Pao|move: Protect\n|\n|-heal|p2a: Rillaboom|33\/100|[from] Grassy Terrain\n|-heal|p1b: Iron Hands|100\/100|[from] Grassy Terrain\n|-fieldend|move: Grassy Terrain\n|upkeep\n|turn|8\n|inactive|moggyoh has 30 seconds left.\n|inactive|moggyoh has 20 seconds left.\n|inactive|moggyoh has 15 seconds left.\n|\n|t:|1699976153\n|-end|p1b: Iron Hands|Quark Drive|[silent]\n|switch|p1b: Sinistcha|Sinistcha-Masterpiece, L50|100\/100\n|-heal|p1a: Landorus|36\/100|[from] ability: Hospitality|[of] p1b: Sinistcha\n|move|p2b: Chien-Pao|Sucker Punch|p1a: Landorus\n|-damage|p1a: Landorus|0 fnt\n|faint|p1a: Landorus\n|move|p2a: Rillaboom|Wood Hammer|p1b: Sinistcha\n|-resisted|p1b: Sinistcha\n|-damage|p1b: Sinistcha|79\/100\n|-damage|p2a: Rillaboom|26\/100|[from] Recoil\n|\n|upkeep\n|\n|t:|1699976165\n|switch|p1a: Iron Hands|Iron Hands, L50|100\/100\n|turn|9\n|\n|t:|1699976176\n|move|p2b: Chien-Pao|Protect|p2b: Chien-Pao\n|-singleturn|p2b: Chien-Pao|Protect\n|move|p2a: Rillaboom|Protect|p2a: Rillaboom\n|-singleturn|p2a: Rillaboom|Protect\n|move|p1b: Sinistcha|Rage Powder|p1b: Sinistcha\n|-singleturn|p1b: Sinistcha|move: Rage Powder\n|move|p1a: Iron Hands|Drain Punch|p2a: Rillaboom\n|-activate|p2a: Rillaboom|move: Protect\n|\n|upkeep\n|turn|10\n|\n|t:|1699976195\n|move|p1b: Sinistcha|Protect|p1b: Sinistcha\n|-singleturn|p1b: Sinistcha|Protect\n|move|p2b: Chien-Pao|Icicle Crash|p1b: Sinistcha\n|-activate|p1b: Sinistcha|move: Protect\n|move|p2a: Rillaboom|Wood Hammer|p1a: Iron Hands\n|-damage|p1a: Iron Hands|64\/100\n|-damage|p2a: Rillaboom|10\/100|[from] Recoil\n|move|p1a: Iron Hands|Drain Punch|p2b: Chien-Pao\n|-supereffective|p2b: Chien-Pao\n|-enditem|p2b: Chien-Pao|Focus Sash\n|-damage|p2b: Chien-Pao|1\/100\n|-heal|p1a: Iron Hands|94\/100|[from] drain|[of] p2b: Chien-Pao\n|\n|upkeep\n|turn|11\n|inactive|TestJay has 30 seconds left.\n|inactive|moggyoh has 30 seconds left.\n|inactive|TestJay has 20 seconds left.\n|\n|t:|1699976232\n|move|p1b: Sinistcha|Rage Powder|p1b: Sinistcha\n|-singleturn|p1b: Sinistcha|move: Rage Powder\n|move|p2b: Chien-Pao|Icicle Crash|p1b: Sinistcha\n|-supereffective|p1b: Sinistcha\n|-damage|p1b: Sinistcha|7\/100\n|move|p2a: Rillaboom|Wood Hammer|p1a: Iron Hands\n|-damage|p1a: Iron Hands|60\/100\n|-damage|p2a: Rillaboom|0 fnt|[from] Recoil\n|faint|p2a: Rillaboom\n|move|p1a: Iron Hands|Drain Punch|p2b: Chien-Pao\n|-supereffective|p2b: Chien-Pao\n|-damage|p2b: Chien-Pao|0 fnt\n|-heal|p1a: Iron Hands|61\/100|[from] drain|[of] p2b: Chien-Pao\n|faint|p2b: Chien-Pao\n|\n|upkeep\n|\n|t:|1699976249\n|switch|p2a: Zapdos|Zapdos-Galar, L50, tera:Fire|36\/100\n|turn|12\n|\n|t:|1699976259\n|move|p1b: Sinistcha|Rage Powder|p1b: Sinistcha\n|-singleturn|p1b: Sinistcha|move: Rage Powder\n|move|p2a: Zapdos|Brave Bird|p1b: Sinistcha\n|-supereffective|p1b: Sinistcha\n|-damage|p1b: Sinistcha|0 fnt\n|faint|p1b: Sinistcha\n|-damage|p2a: Zapdos|34\/100|[from] Recoil\n|move|p1a: Iron Hands|Drain Punch|p2a: Zapdos\n|-crit|p2a: Zapdos\n|-damage|p2a: Zapdos|0 fnt\n|-heal|p1a: Iron Hands|72\/100|[from] drain|[of] p2a: Zapdos\n|faint|p2a: Zapdos\n|\n|win|TestJay\n|raw|TestJay's rating: 1378 &rarr; <strong>1396<\/strong><br \/>(+18 for winning)\n|raw|moggyoh's rating: 1335 &rarr; <strong>1317<\/strong><br \/>(-18 for losing)\n","uploadtime":1699976283,"views":9,"p1id":"testjay","p2id":"moggyoh","formatid":"gen9vgc2023regulatione","rating":1317,"private":0,"password":""}