{"id":"gen9vgc2023regulatione-1998065125","p1":"Dej16","p2":"2Final","format":"[Gen 9] VGC 2023 Regulation E","log":"|j|\u2606Dej16\n|j|\u26062Final\n|t:|1700885883\n|gametype|doubles\n|player|p1|Dej16|169|1067\n|player|p2|2Final|blackbelt-gen4|1040\n|teamsize|p1|6\n|teamsize|p2|6\n|gen|9\n|tier|[Gen 9] VGC 2023 Regulation E\n|rated|\n|rule|Species Clause: Limit one of each Pok\u00e9mon\n|rule|Item Clause: Limit one of each item\n|clearpoke\n|poke|p1|Maushold-Four, L50|\n|poke|p1|Landorus-Therian, L50, M|\n|poke|p1|Flutter Mane, L50|\n|poke|p1|Iron Hands, L50|\n|poke|p1|Armarouge, L50, M|\n|poke|p1|Indeedee-F, L50, F|\n|poke|p2|Palafin, L50, M|\n|poke|p2|Rotom-Heat, L50|\n|poke|p2|Amoonguss, L50, F|\n|poke|p2|Flutter Mane, L50|\n|poke|p2|Gothitelle, L50, F|\n|poke|p2|Landorus-Therian, L50, M|\n|teampreview|4\n|\n|t:|1700885909\n|start\n|switch|p1a: Maushold|Maushold-Four, L50|100\/100\n|switch|p1b: Armarouge|Armarouge, L50, M|100\/100\n|switch|p2a: Palafin|Palafin, L50, M|100\/100\n|switch|p2b: Flutter Mane|Flutter Mane, L50|100\/100\n|turn|1\n|\n|t:|1700885938\n|-terastallize|p2a: Palafin|Water\n|move|p2b: Flutter Mane|Protect|p2b: Flutter Mane\n|-singleturn|p2b: Flutter Mane|Protect\n|move|p1a: Maushold|Follow Me|p1a: Maushold\n|-singleturn|p1a: Maushold|move: Follow Me\n|move|p2a: Palafin|Wave Crash|p1a: Maushold\n|-damage|p1a: Maushold|10\/100\n|-damage|p2a: Palafin|84\/100|[from] item: Rocky Helmet|[of] p1a: Maushold\n|-damage|p2a: Palafin|54\/100|[from] Recoil\n|move|p1b: Armarouge|Armor Cannon|p2b: Flutter Mane\n|-activate|p2b: Flutter Mane|move: Protect\n|\n|upkeep\n|turn|2\n|\n|t:|1700885956\n|-terastallize|p1b: Armarouge|Fire\n|move|p1a: Maushold|Follow Me|p1a: Maushold\n|-singleturn|p1a: Maushold|move: Follow Me\n|move|p2a: Palafin|Jet Punch|p1a: Maushold\n|-damage|p1a: Maushold|0 fnt\n|-damage|p2a: Palafin|37\/100|[from] item: Rocky Helmet|[of] p1a: Maushold\n|faint|p1a: Maushold\n|move|p2b: Flutter Mane|Moonblast|p1b: Armarouge\n|-resisted|p1b: Armarouge\n|-damage|p1b: Armarouge|57\/100\n|-unboost|p1b: Armarouge|spa|1\n|-damage|p2b: Flutter Mane|91\/100|[from] item: Life Orb\n|move|p1b: Armarouge|Armor Cannon|p2b: Flutter Mane\n|-damage|p2b: Flutter Mane|35\/100\n|-unboost|p1b: Armarouge|def|1\n|-unboost|p1b: Armarouge|spd|1\n|\n|upkeep\n|\n|t:|1700885960\n|switch|p1a: Indeedee|Indeedee-F, L50, F|100\/100\n|-fieldstart|move: Psychic Terrain|[from] ability: Psychic Surge|[of] p1a: Indeedee\n|-enditem|p1a: Indeedee|Psychic Seed\n|-boost|p1a: Indeedee|spd|1|[from] item: Psychic Seed\n|turn|3\n|\n|t:|1700885983\n|move|p2b: Flutter Mane|Protect|p2b: Flutter Mane\n|-singleturn|p2b: Flutter Mane|Protect\n|move|p1a: Indeedee|Follow Me|p1a: Indeedee\n|-singleturn|p1a: Indeedee|move: Follow Me\n|move|p2a: Palafin|Jet Punch|p1a: Indeedee\n|-activate|p1a: Indeedee|move: Psychic Terrain\n|move|p1b: Armarouge|Expanding Force|p2b: Flutter Mane|[spread] p2a\n|-activate|p2b: Flutter Mane|move: Protect\n|-damage|p2a: Palafin|0 fnt\n|faint|p2a: Palafin\n|\n|upkeep\n|\n|t:|1700885993\n|switch|p2a: Landorus|Landorus-Therian, L50, M|100\/100\n|-ability|p2a: Landorus|Intimidate|boost\n|-unboost|p1a: Indeedee|atk|1\n|-unboost|p1b: Armarouge|atk|1\n|turn|4\n|\n|t:|1700886007\n|-end|p2b: Flutter Mane|Protosynthesis|[silent]\n|switch|p2b: Amoonguss|Amoonguss, L50, F|100\/100\n|move|p1a: Indeedee|Follow Me|p1a: Indeedee\n|-singleturn|p1a: Indeedee|move: Follow Me\n|move|p2a: Landorus|Hammer Arm|p1a: Indeedee\n|-damage|p1a: Indeedee|37\/100\n|-unboost|p2a: Landorus|spe|1\n|move|p1b: Armarouge|Expanding Force|p2a: Landorus|[spread] p2a,p2b\n|-supereffective|p2b: Amoonguss\n|-damage|p2a: Landorus|45\/100\n|-damage|p2b: Amoonguss|59\/100\n|\n|upkeep\n|turn|5\n|\n|t:|1700886057\n|move|p1a: Indeedee|Follow Me|p1a: Indeedee\n|-singleturn|p1a: Indeedee|move: Follow Me\n|move|p1b: Armarouge|Expanding Force|p2b: Amoonguss|[spread] p2a,p2b\n|-supereffective|p2b: Amoonguss\n|-damage|p2a: Landorus|0 fnt\n|-damage|p2b: Amoonguss|14\/100\n|faint|p2a: Landorus\n|move|p2b: Amoonguss|Pollen Puff|p1a: Indeedee\n|-supereffective|p1a: Indeedee\n|-damage|p1a: Indeedee|10\/100\n|\n|upkeep\n|\n|t:|1700886065\n|switch|p2a: Flutter Mane|Flutter Mane, L50|35\/100\n|turn|6\n|\n|t:|1700886078\n|move|p1a: Indeedee|Follow Me|p1a: Indeedee\n|-singleturn|p1a: Indeedee|move: Follow Me\n|move|p2a: Flutter Mane|Moonblast|p1a: Indeedee\n|-damage|p1a: Indeedee|0 fnt\n|faint|p1a: Indeedee\n|-damage|p2a: Flutter Mane|25\/100|[from] item: Life Orb\n|move|p1b: Armarouge|Expanding Force|p2b: Amoonguss|[spread] p2a,p2b\n|-supereffective|p2b: Amoonguss\n|-damage|p2a: Flutter Mane|0 fnt\n|-damage|p2b: Amoonguss|0 fnt\n|faint|p2a: Flutter Mane\n|-end|p2a: Flutter Mane|Protosynthesis|[silent]\n|faint|p2b: Amoonguss\n|\n|win|Dej16\n|raw|Dej16's rating: 1067 &rarr; <strong>1095<\/strong><br \/>(+28 for winning)\n|raw|2Final's rating: 1040 &rarr; <strong>1025<\/strong><br \/>(-15 for losing)\n|l|\u26062Final\n","uploadtime":1700886094,"views":9,"p1id":"dej16","p2id":"2final","formatid":"gen9vgc2023regulatione","rating":1025,"private":0,"password":""}