{"id":"gen9vgc2023regulatione-1998001596","p1":"AJB0000","p2":"Mr_Mannerz","format":"[Gen 9] VGC 2023 Regulation E","log":"|j|\u2606AJB0000\n|j|\u2606Mr_Mannerz\n|t:|1700877487\n|gametype|doubles\n|player|p1|AJB0000|1|1174\n|player|p2|Mr_Mannerz|169|1094\n|teamsize|p1|6\n|teamsize|p2|6\n|gen|9\n|tier|[Gen 9] VGC 2023 Regulation E\n|rated|\n|rule|Species Clause: Limit one of each Pok\u00e9mon\n|rule|Item Clause: Limit one of each item\n|clearpoke\n|poke|p1|Sinistcha, L50|\n|poke|p1|Indeedee-F, L50, F|\n|poke|p1|Sylveon, L50, F|\n|poke|p1|Palafin, L50, M|\n|poke|p1|Iron Hands, L50|\n|poke|p1|Heatran, L50, F|\n|poke|p2|Iron Hands, L50|\n|poke|p2|Landorus-Therian, L50, M|\n|poke|p2|Sinistcha, L50|\n|poke|p2|Grimmsnarl, L50, M|\n|poke|p2|Goodra-Hisui, L50, M|\n|poke|p2|Toxapex, L50, M|\n|teampreview|4\n|inactive|Battle timer is ON: inactive players will automatically lose when time's up. (requested by AJB0000)\nAJB0000 has agreed to open team sheets.\n|inactive|Mr_Mannerz has 60 seconds left.\n|\n|t:|1700877557\n|start\n|switch|p1a: Sinistcha|Sinistcha, L50, shiny|100\/100\n|switch|p1b: Palafin|Palafin, L50, M, shiny|100\/100\n|switch|p2a: Toxapex|Toxapex, L50, M|100\/100\n|switch|p2b: Sinistcha|Sinistcha, L50|100\/100\n|turn|1\n|inactive|AJB0000 has 30 seconds left.\n|\n|t:|1700877585\n|-terastallize|p1a: Sinistcha|Water\n|move|p1b: Palafin|Flip Turn|p2a: Toxapex\n|-resisted|p2a: Toxapex\n|-damage|p2a: Toxapex|89\/100\n|\n|t:|1700877590\n|detailschange|p1b: Palafin|Palafin-Hero, L50, M, shiny\n|switch|p1b: Iron Hands|Iron Hands, L50|100\/100|[from] Flip Turn\n|move|p2b: Sinistcha|Calm Mind|p2b: Sinistcha\n|-boost|p2b: Sinistcha|spa|1\n|-boost|p2b: Sinistcha|spd|1\n|move|p2a: Toxapex|Infestation|p1b: Iron Hands\n|-resisted|p1b: Iron Hands\n|-damage|p1b: Iron Hands|99\/100\n|-activate|p1b: Iron Hands|move: Infestation|[of] p2a: Toxapex\n|move|p1a: Sinistcha|Trick Room|p1a: Sinistcha\n|-fieldstart|move: Trick Room|[of] p1a: Sinistcha\n|\n|-damage|p1b: Iron Hands|83\/100|[from] move: Infestation|[partiallytrapped]\n|upkeep\n|turn|2\n|inactive|AJB0000 has 30 seconds left.\n|inactive|Mr_Mannerz has 30 seconds left.\n|inactive|Mr_Mannerz has 20 seconds left.\n|inactive|Mr_Mannerz has 15 seconds left.\n|inactive|Mr_Mannerz has 10 seconds left.\n|inactive|Mr_Mannerz has 5 seconds left.\n|\n|t:|1700877643\n|move|p2a: Toxapex|Infestation|p1a: Sinistcha\n|-damage|p1a: Sinistcha|97\/100\n|-activate|p1a: Sinistcha|move: Infestation|[of] p2a: Toxapex\n|move|p1b: Iron Hands|Heavy Slam|p2b: Sinistcha\n|-damage|p2b: Sinistcha|57\/100\n|move|p1a: Sinistcha|Shadow Ball|p2b: Sinistcha\n|-supereffective|p2b: Sinistcha\n|-damage|p2b: Sinistcha|7\/100\n|-enditem|p2b: Sinistcha|Sitrus Berry|[eat]\n|-heal|p2b: Sinistcha|31\/100|[from] item: Sitrus Berry\n|move|p2b: Sinistcha|Shadow Ball|p1b: Iron Hands\n|-damage|p1b: Iron Hands|54\/100\n|\n|-damage|p1b: Iron Hands|38\/100|[from] move: Infestation|[partiallytrapped]\n|-damage|p1a: Sinistcha|80\/100|[from] move: Infestation|[partiallytrapped]\n|upkeep\n|turn|3\n|inactive|AJB0000 has 30 seconds left.\n|\n|t:|1700877674\n|move|p2a: Toxapex|Baneful Bunker|p2a: Toxapex\n|-singleturn|p2a: Toxapex|move: Protect\n|move|p1b: Iron Hands|Drain Punch|p2a: Toxapex\n|-activate|p2a: Toxapex|move: Protect\n|-status|p1b: Iron Hands|psn\n|move|p1a: Sinistcha|Shadow Ball|p2b: Sinistcha\n|-supereffective|p2b: Sinistcha\n|-damage|p2b: Sinistcha|0 fnt\n|faint|p2b: Sinistcha\n|\n|-damage|p1b: Iron Hands|26\/100 psn|[from] psn\n|-damage|p1b: Iron Hands|9\/100 psn|[from] move: Infestation|[partiallytrapped]\n|-damage|p1a: Sinistcha|64\/100|[from] move: Infestation|[partiallytrapped]\n|upkeep\n|\n|t:|1700877695\n|switch|p2b: Goodra|Goodra-Hisui, L50, M|100\/100\n|turn|4\n|inactive|Mr_Mannerz has 30 seconds left.\n|\n|t:|1700877723\n|move|p2a: Toxapex|Substitute|p2a: Toxapex\n|-start|p2a: Toxapex|Substitute\n|-damage|p2a: Toxapex|64\/100\n|move|p1b: Iron Hands|Drain Punch|p2b: Goodra\n|-supereffective|p2b: Goodra\n|-damage|p2b: Goodra|38\/100\n|-heal|p1b: Iron Hands|34\/100 psn|[from] drain|[of] p2b: Goodra\n|move|p1a: Sinistcha|Matcha Gotcha|p2b: Goodra|[spread] p2a\n|-ability|p2b: Goodra|Sap Sipper|boost\n|-boost|p2b: Goodra|atk|1\n|-end|p2a: Toxapex|Substitute\n|-heal|p1a: Sinistcha|75\/100|[from] drain|[of] p2a: Toxapex\n|move|p2b: Goodra|Shelter|p2b: Goodra\n|-boost|p2b: Goodra|def|2\n|\n|-heal|p2b: Goodra|44\/100|[from] item: Leftovers\n|-damage|p1b: Iron Hands|22\/100 psn|[from] psn\n|-damage|p1b: Iron Hands|5\/100 psn|[from] move: Infestation|[partiallytrapped]\n|-damage|p1a: Sinistcha|59\/100|[from] move: Infestation|[partiallytrapped]\n|upkeep\n|turn|5\n|inactive|AJB0000 has 30 seconds left.\n|inactive|Mr_Mannerz has 30 seconds left.\n|inactive|Mr_Mannerz has 20 seconds left.\n|inactive|Mr_Mannerz has 15 seconds left.\n|inactive|Mr_Mannerz has 10 seconds left.\n|inactive|Mr_Mannerz has 5 seconds left.\n|\n|t:|1700877775\n|move|p2a: Toxapex|Substitute|p2a: Toxapex\n|-start|p2a: Toxapex|Substitute\n|-damage|p2a: Toxapex|39\/100\n|move|p1b: Iron Hands|Drain Punch|p2b: Goodra\n|-supereffective|p2b: Goodra\n|-damage|p2b: Goodra|12\/100\n|-heal|p1b: Iron Hands|18\/100 psn|[from] drain|[of] p2b: Goodra\n|move|p1a: Sinistcha|Shadow Ball|p2a: Toxapex\n|-end|p2a: Toxapex|Substitute\n|move|p2b: Goodra|Shelter|p2b: Goodra\n|-boost|p2b: Goodra|def|2\n|\n|-heal|p2b: Goodra|18\/100|[from] item: Leftovers\n|-damage|p1b: Iron Hands|6\/100 psn|[from] psn\n|-damage|p1b: Iron Hands|0 fnt|[from] move: Infestation|[partiallytrapped]\n|faint|p1b: Iron Hands\n|-end|p1b: Iron Hands|Quark Drive|[silent]\n|-damage|p1a: Sinistcha|43\/100|[from] move: Infestation|[partiallytrapped]\n|-fieldend|move: Trick Room\n|upkeep\n|-enditem|p1a: Sinistcha|Sitrus Berry|[eat]\n|-heal|p1a: Sinistcha|67\/100|[from] item: Sitrus Berry\n|\n|t:|1700877798\n|switch|p1b: Palafin|Palafin-Hero, L50, M, shiny|100\/100\n|-activate|p1b: Palafin|ability: Zero to Hero\n|turn|6\n|\n|t:|1700877816\n|-terastallize|p2b: Goodra|Water\n|move|p1b: Palafin|Jet Punch|p2b: Goodra\n|-resisted|p2b: Goodra\n|-damage|p2b: Goodra|11\/100\n|move|p2b: Goodra|Life Dew|p2b: Goodra|[spread] p2a,p2b\n|-heal|p2a: Toxapex|64\/100\n|-heal|p2b: Goodra|36\/100\n|move|p2a: Toxapex|Infestation|p1b: Palafin\n|-damage|p1b: Palafin|97\/100\n|-activate|p1b: Palafin|move: Infestation|[of] p2a: Toxapex\n|move|p1a: Sinistcha|Trick Room|p1a: Sinistcha\n|-fieldstart|move: Trick Room|[of] p1a: Sinistcha\n|\n|-heal|p2b: Goodra|42\/100|[from] item: Leftovers\n|-end|p1a: Sinistcha|Infestation|[partiallytrapped]\n|-damage|p1b: Palafin|81\/100|[from] move: Infestation|[partiallytrapped]\n|upkeep\n|turn|7\n|inactive|Mr_Mannerz has 30 seconds left.\n|inactive|Mr_Mannerz has 20 seconds left.\n|\n|t:|1700877853\n|move|p1b: Palafin|Jet Punch|p2b: Goodra\n|-resisted|p2b: Goodra\n|-damage|p2b: Goodra|34\/100\n|move|p2a: Toxapex|Infestation|p1a: Sinistcha\n|-damage|p1a: Sinistcha|63\/100\n|-activate|p1a: Sinistcha|move: Infestation|[of] p2a: Toxapex\n|move|p1a: Sinistcha|Shadow Ball|p2b: Goodra\n|-damage|p2b: Goodra|7\/100\n|-unboost|p2b: Goodra|spd|1\n|move|p2b: Goodra|Body Press|p1b: Palafin\n|-damage|p1b: Palafin|11\/100\n|\n|-heal|p2b: Goodra|13\/100|[from] item: Leftovers\n|-damage|p1a: Sinistcha|47\/100|[from] move: Infestation|[partiallytrapped]\n|-damage|p1b: Palafin|0 fnt|[from] move: Infestation|[partiallytrapped]\n|faint|p1b: Palafin\n|upkeep\n|\n|t:|1700877870\n|switch|p1b: Heatran|Heatran, L50, F|100\/100\n|turn|8\n|\n|t:|1700877880\n|move|p2a: Toxapex|Infestation|p1b: Heatran\n|-resisted|p1b: Heatran\n|-damage|p1b: Heatran|99\/100\n|-activate|p1b: Heatran|move: Infestation|[of] p2a: Toxapex\n|move|p1a: Sinistcha|Shadow Ball|p2b: Goodra\n|-damage|p2b: Goodra|0 fnt\n|faint|p2b: Goodra\n|move|p1b: Heatran|Heat Wave|p2a: Toxapex\n|-resisted|p2a: Toxapex\n|-damage|p2a: Toxapex|42\/100\n|\n|-damage|p1a: Sinistcha|31\/100|[from] move: Infestation|[partiallytrapped]\n|-damage|p1b: Heatran|83\/100|[from] move: Infestation|[partiallytrapped]\n|upkeep\n|\n|t:|1700877891\n|switch|p2b: Landorus|Landorus-Therian, L50, M|100\/100\n|-ability|p2b: Landorus|Intimidate|boost\n|-unboost|p1a: Sinistcha|atk|1\n|-unboost|p1b: Heatran|atk|1\n|turn|9\n|\n|t:|1700877906\n|move|p2a: Toxapex|Recover|p2a: Toxapex\n|-heal|p2a: Toxapex|92\/100\n|move|p1a: Sinistcha|Matcha Gotcha|p2b: Landorus|[spread] p2a,p2b\n|-damage|p2a: Toxapex|67\/100\n|-heal|p1a: Sinistcha|42\/100|[from] drain|[of] p2a: Toxapex\n|-damage|p2b: Landorus|63\/100\n|-heal|p1a: Sinistcha|61\/100|[from] drain|[of] p2b: Landorus\n|-status|p2b: Landorus|brn\n|move|p1b: Heatran|Heat Wave|p2a: Toxapex|[spread] p2a,p2b\n|-resisted|p2a: Toxapex\n|-damage|p2a: Toxapex|50\/100\n|-damage|p2b: Landorus|19\/100 brn\n|move|p2b: Landorus|Stomping Tantrum|p1b: Heatran\n|-supereffective|p1b: Heatran\n|-damage|p1b: Heatran|7\/100\n|\n|-damage|p2b: Landorus|14\/100 brn|[from] brn\n|-damage|p1a: Sinistcha|44\/100|[from] move: Infestation|[partiallytrapped]\n|-damage|p1b: Heatran|0 fnt|[from] move: Infestation|[partiallytrapped]\n|faint|p1b: Heatran\n|upkeep\n|turn|10\n|inactive|Mr_Mannerz has 30 seconds left.\n|\n|t:|1700877933\n|move|p2a: Toxapex|Recover|p2a: Toxapex\n|-heal|p2a: Toxapex|100\/100\n|move|p1a: Sinistcha|Matcha Gotcha|p2a: Toxapex|[spread] p2a,p2b\n|-damage|p2a: Toxapex|77\/100\n|-heal|p1a: Sinistcha|55\/100|[from] drain|[of] p2a: Toxapex\n|-damage|p2b: Landorus|0 fnt\n|-heal|p1a: Sinistcha|62\/100|[from] drain|[of] p2b: Landorus\n|-status|p2a: Toxapex|brn\n|faint|p2b: Landorus\n|\n|-damage|p2a: Toxapex|71\/100 brn|[from] brn\n|-damage|p1a: Sinistcha|45\/100|[from] move: Infestation|[partiallytrapped]\n|-fieldend|move: Trick Room\n|upkeep\n|turn|11\n|\n|t:|1700877957\n|move|p2a: Toxapex|Baneful Bunker|p2a: Toxapex\n|-singleturn|p2a: Toxapex|move: Protect\n|move|p1a: Sinistcha|Shadow Ball|p2a: Toxapex\n|-activate|p2a: Toxapex|move: Protect\n|\n|-damage|p2a: Toxapex|65\/100 brn|[from] brn\n|-end|p1a: Sinistcha|Infestation|[partiallytrapped]\n|upkeep\n|turn|12\n|\n|t:|1700877967\n|move|p1a: Sinistcha|Matcha Gotcha|p2a: Toxapex\n|-damage|p2a: Toxapex|29\/100 brn\n|-heal|p1a: Sinistcha|62\/100|[from] drain|[of] p2a: Toxapex\n|move|p2a: Toxapex|Infestation|p1a: Sinistcha\n|-damage|p1a: Sinistcha|58\/100\n|-activate|p1a: Sinistcha|move: Infestation|[of] p2a: Toxapex\n|\n|-damage|p2a: Toxapex|23\/100 brn|[from] brn\n|-damage|p1a: Sinistcha|42\/100|[from] move: Infestation|[partiallytrapped]\n|upkeep\n|turn|13\n|\n|t:|1700877979\n|move|p1a: Sinistcha|Shadow Ball|p2a: Toxapex\n|-damage|p2a: Toxapex|0 fnt\n|faint|p2a: Toxapex\n|\n|win|AJB0000\n|raw|AJB0000's rating: 1174 &rarr; <strong>1193<\/strong><br \/>(+19 for winning)\n|raw|Mr_Mannerz's rating: 1094 &rarr; <strong>1075<\/strong><br \/>(-19 for losing)\n","uploadtime":1700877986,"views":19,"p1id":"ajb0000","p2id":"mrmannerz","formatid":"gen9vgc2023regulatione","rating":1075,"private":0,"password":""}