{"id":"gen9vgc2023regulatione-1997746640","p1":"AndyLaVGC","p2":"mochipupusa","format":"[Gen 9] VGC 2023 Regulation E","log":"|j|\u2606AndyLaVGC\n|j|\u2606mochipupusa\n|t:|1700848304\n|gametype|doubles\n|player|p1|AndyLaVGC|2|1354\n|player|p2|mochipupusa|collector|1330\n|teamsize|p1|6\n|teamsize|p2|6\n|gen|9\n|tier|[Gen 9] VGC 2023 Regulation E\n|rated|\n|rule|Species Clause: Limit one of each Pok\u00e9mon\n|rule|Item Clause: Limit one of each item\n|clearpoke\n|poke|p1|Regidrago, L50|\n|poke|p1|Armarouge, L50, M|\n|poke|p1|Indeedee-F, L50, F|\n|poke|p1|Ursaluna, L50, M|\n|poke|p1|Tornadus, L50, M|\n|poke|p1|Urshifu-*, L50, F|\n|poke|p2|Roaring Moon, L50|\n|poke|p2|Milotic, L50, F|\n|poke|p2|Landorus-Therian, L50, M|\n|poke|p2|Flutter Mane, L50|\n|poke|p2|Iron Hands, L50|\n|poke|p2|Ogerpon-Hearthflame, L50, F|\n|teampreview|4\nmochipupusa has agreed to open team sheets.\nAndyLaVGC has agreed to open team sheets.\n|\n|t:|1700848351\n|start\n|switch|p1a: Urshifu|Urshifu-Rapid-Strike, L50, F|100\/100\n|switch|p1b: Tornadus|Tornadus, L50, M|100\/100\n|switch|p2a: evs|Iron Hands, L50, shiny|100\/100\n|switch|p2b: Landorus|Landorus-Therian, L50, M|100\/100\n|-ability|p2b: Landorus|Intimidate|boost\n|-unboost|p1a: Urshifu|atk|1\n|-unboost|p1b: Tornadus|atk|1\n|turn|1\n|\n|t:|1700848385\n|switch|p1b: Indeedee|Indeedee-F, L50, F|100\/100\n|-fieldstart|move: Psychic Terrain|[from] ability: Psychic Surge|[of] p1b: Indeedee\n|-terastallize|p2b: Landorus|Flying\n|move|p2a: evs|Fake Out|p1b: Indeedee\n|-activate|p1b: Indeedee|move: Psychic Terrain\n|move|p2b: Landorus|Tera Blast|p1a: Urshifu|[anim] Tera Blast Flying\n|-supereffective|p1a: Urshifu\n|-damage|p1a: Urshifu|0 fnt\n|faint|p1a: Urshifu\n|\n|upkeep\n|inactive|Battle timer is ON: inactive players will automatically lose when time's up. (requested by mochipupusa)\n|\n|t:|1700848427\n|switch|p1a: Armarouge|Armarouge, L50, M|100\/100\n|turn|2\n|inactive|mochipupusa has 30 seconds left.\n|\n|t:|1700848458\n|move|p2b: Landorus|Tera Blast|p1b: Indeedee|[anim] Tera Blast Flying\n|-damage|p1b: Indeedee|41\/100\n|move|p1a: Armarouge|Expanding Force|p2b: Landorus|[spread] p2a,p2b\n|-supereffective|p2a: evs\n|-damage|p2a: evs|35\/100\n|-damage|p2b: Landorus|22\/100\n|move|p2a: evs|Wild Charge|p1b: Indeedee\n|-damage|p1b: Indeedee|0 fnt\n|faint|p1b: Indeedee\n|-damage|p2a: evs|27\/100|[from] Recoil\n|\n|upkeep\n|\n|t:|1700848474\n|switch|p1b: Tornadus|Tornadus, L50, M|100\/100\n|turn|3\n|\n|t:|1700848492\n|move|p1b: Tornadus|Tailwind|p1b: Tornadus\n|-sidestart|p1: AndyLaVGC|move: Tailwind\n|move|p1a: Armarouge|Expanding Force|p2b: Landorus|[spread] p2a,p2b\n|-supereffective|p2a: evs\n|-damage|p2a: evs|0 fnt\n|-damage|p2b: Landorus|0 fnt\n|faint|p2a: evs\n|-end|p2a: evs|Quark Drive|[silent]\n|faint|p2b: Landorus\n|\n|upkeep\n|\n|t:|1700848500\n|switch|p2b: Flutter Mane|Flutter Mane, L50|100\/100\n|switch|p2a: Roaring Moon|Roaring Moon, L50|100\/100\n|-enditem|p2a: Roaring Moon|Booster Energy\n|-activate|p2a: Roaring Moon|ability: Protosynthesis|[fromitem]\n|-start|p2a: Roaring Moon|protosynthesisatk\n|turn|4\n|\n|t:|1700848524\n|-terastallize|p1b: Tornadus|Flying\n|move|p1b: Tornadus|Bleakwind Storm|p2b: Flutter Mane|[spread] p2a,p2b\n|-damage|p2a: Roaring Moon|64\/100\n|-damage|p2b: Flutter Mane|60\/100\n|move|p1a: Armarouge|Expanding Force|p2a: Roaring Moon|[spread] p2b\n|-immune|p2a: Roaring Moon\n|-damage|p2b: Flutter Mane|0 fnt\n|faint|p2b: Flutter Mane\n|-end|p2b: Flutter Mane|Protosynthesis|[silent]\n|move|p2a: Roaring Moon|Knock Off|p1a: Armarouge\n|-supereffective|p1a: Armarouge\n|-enditem|p1a: Armarouge|Focus Sash\n|-damage|p1a: Armarouge|1\/100\n|\n|upkeep\n|turn|5\n|inactive|mochipupusa has 30 seconds left.\n|\n|t:|1700848551\n|move|p1b: Tornadus|Bleakwind Storm|p2a: Roaring Moon|[miss]\n|-miss|p1b: Tornadus|p2a: Roaring Moon\n|move|p1a: Armarouge|Armor Cannon|p2a: Roaring Moon\n|-resisted|p2a: Roaring Moon\n|-damage|p2a: Roaring Moon|36\/100\n|-unboost|p1a: Armarouge|def|1\n|-unboost|p1a: Armarouge|spd|1\n|move|p2a: Roaring Moon|Knock Off|p1a: Armarouge\n|-supereffective|p1a: Armarouge\n|-damage|p1a: Armarouge|0 fnt\n|faint|p1a: Armarouge\n|\n|-fieldend|move: Psychic Terrain\n|upkeep\n|turn|6\n|inactive|mochipupusa has 30 seconds left.\n|inactive|AndyLaVGC has 30 seconds left.\n|\n|t:|1700848584\n|move|p1b: Tornadus|Rain Dance|p1b: Tornadus\n|-weather|RainDance\n|move|p2a: Roaring Moon|Acrobatics|p1b: Tornadus\n|-damage|p1b: Tornadus|46\/100\n|\n|-weather|RainDance|[upkeep]\n|-sideend|p1: AndyLaVGC|move: Tailwind\n|upkeep\n|turn|7\n|\n|t:|1700848592\n|move|p2a: Roaring Moon|Acrobatics|p1b: Tornadus\n|-damage|p1b: Tornadus|0 fnt\n|faint|p1b: Tornadus\n|\n|win|mochipupusa\n|raw|AndyLaVGC's rating: 1354 &rarr; <strong>1333<\/strong><br \/>(-21 for losing)\n|raw|mochipupusa's rating: 1330 &rarr; <strong>1351<\/strong><br \/>(+21 for winning)\n|c|\u2606AndyLaVGC|oof\n|c|\u2606mochipupusa|gg\n|l|\u2606AndyLaVGC\n","uploadtime":1700848604,"views":0,"p1id":"andylavgc","p2id":"mochipupusa","formatid":"gen9vgc2023regulatione","rating":1333,"private":0,"password":""}