{"id":"gen9vgc2023regulatione-1999142476","p1":"Raymond935","p2":"poppinphresh","format":"[Gen 9] VGC 2023 Regulation E","log":"|j|\u2606Raymond935\n|j|\u2606poppinphresh\n|t:|1701037782\n|gametype|doubles\n|player|p1|Raymond935|brycenman|\n|player|p2|poppinphresh|preschooler|\n|teamsize|p1|6\n|teamsize|p2|6\n|gen|9\n|tier|[Gen 9] VGC 2023 Regulation E\n|rule|Species Clause: Limit one of each Pok\u00e9mon\n|rule|Item Clause: Limit one of each item\n|clearpoke\n|poke|p1|Thundurus, L50, M|\n|poke|p1|Garchomp, L50, M|\n|poke|p1|Ninetales-Alola, L50, M|\n|poke|p1|Azelf, L50|\n|poke|p1|Quaquaval, L50, F|\n|poke|p1|Beartic, L50, M|\n|poke|p2|Sinistcha, L50|\n|poke|p2|Arcanine-Hisui, L50, F|\n|poke|p2|Kommo-o, L50, M|\n|poke|p2|Tyranitar, L50, F|\n|poke|p2|Vikavolt, L50, M|\n|poke|p2|Bruxish, L50, F|\n|teampreview|4\n|c|\u2606Raymond935|G3\n|c|\u2606Raymond935|Gl hf!\n|c|\u2606poppinphresh|glhf!\n|\n|t:|1701040080\n|start\n|switch|p1a: Quaquaval|Quaquaval, L50, F|100\/100\n|switch|p1b: Thundurus|Thundurus, L50, M|100\/100\n|switch|p2a: Tip the Scales|Kommo-o, L50, M|100\/100\n|switch|p2b: Nozdormu|Tyranitar, L50, F, shiny|100\/100\n|-weather|Sandstorm|[from] ability: Sand Stream|[of] p2b: Nozdormu\n|turn|1\n|\n|t:|1701040222\n|switch|p1b: Ninetales|Ninetales-Alola, L50, M|100\/100\n|-weather|Snow|[from] ability: Snow Warning|[of] p1b: Ninetales\n|-terastallize|p1a: Quaquaval|Ice\n|move|p2b: Nozdormu|Protect|p2b: Nozdormu\n|-singleturn|p2b: Nozdormu|Protect\n|move|p1a: Quaquaval|Aqua Step|p2b: Nozdormu\n|-activate|p2b: Nozdormu|move: Protect\n|move|p2a: Tip the Scales|Clangorous Soul|p2a: Tip the Scales\n|-boost|p2a: Tip the Scales|atk|1\n|-boost|p2a: Tip the Scales|def|1\n|-boost|p2a: Tip the Scales|spa|1\n|-boost|p2a: Tip the Scales|spd|1\n|-boost|p2a: Tip the Scales|spe|1\n|-damage|p2a: Tip the Scales|68\/100\n|-enditem|p2a: Tip the Scales|Throat Spray\n|-boost|p2a: Tip the Scales|spa|1|[from] item: Throat Spray\n|\n|-weather|Snow|[upkeep]\n|upkeep\n|turn|2\n|\n|t:|1701040310\n|switch|p1a: Garchomp|Garchomp, L50, M|100\/100\n|switch|p2b: Witch's Brew|Sinistcha, L50|100\/100\n|-heal|p2a: Tip the Scales|93\/100|[from] ability: Hospitality|[of] p2b: Witch's Brew\n|-terastallize|p2a: Tip the Scales|Steel\n|move|p1b: Ninetales|Moonblast|p2a: Tip the Scales\n|-resisted|p2a: Tip the Scales\n|-crit|p2a: Tip the Scales\n|-damage|p2a: Tip the Scales|60\/100\n|move|p2a: Tip the Scales|Flash Cannon|p1a: Garchomp\n|-damage|p1a: Garchomp|8\/100\n|\n|-weather|Snow|[upkeep]\n|upkeep\n|turn|3\n|\n|t:|1701040397\n|move|p2b: Witch's Brew|Rage Powder|p2b: Witch's Brew\n|-singleturn|p2b: Witch's Brew|move: Rage Powder\n|move|p1b: Ninetales|Moonblast|p2b: Witch's Brew\n|-damage|p2b: Witch's Brew|66\/100\n|move|p2a: Tip the Scales|Flash Cannon|p1a: Garchomp\n|-damage|p1a: Garchomp|0 fnt\n|faint|p1a: Garchomp\n|\n|-weather|Snow|[upkeep]\n|upkeep\n|\n|t:|1701040407\n|switch|p1a: Thundurus|Thundurus, L50, M|100\/100\n|turn|4\n|\n|t:|1701040426\n|switch|p2b: Okani|Bruxish, L50, F|100\/100\n|move|p1a: Thundurus|Thunder Wave||[still]\n|cant|p2b: Okani|ability: Dazzling|Thunder Wave|[of] p1a: Thundurus\n|move|p1b: Ninetales|Moonblast|p2b: Okani\n|-damage|p2b: Okani|34\/100\n|-unboost|p2b: Okani|spa|1\n|move|p2a: Tip the Scales|Flash Cannon|p1b: Ninetales\n|-supereffective|p1b: Ninetales\n|-damage|p1b: Ninetales|0 fnt\n|faint|p1b: Ninetales\n|\n|-weather|Snow|[upkeep]\n|upkeep\n|\n|t:|1701040437\n|switch|p1b: Quaquaval|Quaquaval, L50, F, tera:Ice|100\/100\n|turn|5\n|\n|t:|1701040480\n|move|p2b: Okani|Protect|p2b: Okani\n|-singleturn|p2b: Okani|Protect\n|move|p1b: Quaquaval|Detect|p1b: Quaquaval\n|-singleturn|p1b: Quaquaval|Protect\n|move|p2a: Tip the Scales|Clanging Scales|p1a: Thundurus|[spread] p1a\n|-activate|p1b: Quaquaval|move: Protect\n|-damage|p1a: Thundurus|7\/100\n|-unboost|p2a: Tip the Scales|def|1\n|move|p1a: Thundurus|Wildbolt Storm|p2b: Okani|[spread] \n|-activate|p2b: Okani|move: Protect\n|-miss|p1a: Thundurus|p2a: Tip the Scales\n|\n|-weather|none\n|upkeep\n|turn|6\n|\n|t:|1701040500\n|move|p2a: Tip the Scales|Clanging Scales|p1a: Thundurus|[spread] p1a,p1b\n|-damage|p1a: Thundurus|0 fnt\n|-damage|p1b: Quaquaval|0 fnt\n|faint|p1a: Thundurus\n|faint|p1b: Quaquaval\n|\n|win|poppinphresh\n|c|\u2606poppinphresh|gg!\n|c|\u2606Raymond935|gg wp!\n|c|\u2606Raymond935|Scary team you've got this season\n|l|\u2606Raymond935\n|c|\u2606poppinphresh|thanks bro, same for you, i was on the edge of my set all set!@\n","uploadtime":1701040587,"views":42,"p1id":"raymond935","p2id":"poppinphresh","formatid":"gen9vgc2023regulatione","rating":0,"private":0,"password":""}