{"id":"gen9vgc2023regulatione-1995696348","p1":"Shibatku","p2":"kedeke","format":"[Gen 9] VGC 2023 Regulation E","log":"|j|\u2606Shibatku\n|j|\u2606kedeke\n|t:|1700594780\n|gametype|doubles\n|player|p1|Shibatku|102|1201\n|player|p2|kedeke|102|1172\n|teamsize|p1|6\n|teamsize|p2|6\n|gen|9\n|tier|[Gen 9] VGC 2023 Regulation E\n|rated|\n|rule|Species Clause: Limit one of each Pok\u00e9mon\n|rule|Item Clause: Limit one of each item\n|clearpoke\n|poke|p1|Indeedee-F, L50, F|\n|poke|p1|Urshifu-*, L50, F|\n|poke|p1|Ursaluna-Bloodmoon, L50, M|\n|poke|p1|Tornadus, L50, M|\n|poke|p1|Armarouge, L50, F|\n|poke|p1|Flutter Mane, L50|\n|poke|p2|Urshifu-*, L50, F|\n|poke|p2|Tornadus, L50, M|\n|poke|p2|Iron Hands, L50|\n|poke|p2|Flutter Mane, L50|\n|poke|p2|Arcanine-Hisui, L50, M|\n|poke|p2|Rillaboom, L50, F|\n|teampreview|4\n|\n|t:|1700594809\n|start\n|switch|p1a: Tornadus|Tornadus, L50, M|100\/100\n|switch|p1b: Flutter Mane|Flutter Mane, L50, shiny|100\/100\n|switch|p2a: Tornadus|Tornadus, L50, M|100\/100\n|switch|p2b: Urshifu|Urshifu-Rapid-Strike, L50, F|100\/100\n|-enditem|p1b: Flutter Mane|Booster Energy\n|-activate|p1b: Flutter Mane|ability: Protosynthesis|[fromitem]\n|-start|p1b: Flutter Mane|protosynthesisspa\n|turn|1\n|inactive|Battle timer is ON: inactive players will automatically lose when time's up. (requested by Shibatku)\n|\n|t:|1700594836\n|-terastallize|p2b: Urshifu|Water\n|move|p1b: Flutter Mane|Protect|p1b: Flutter Mane\n|-singleturn|p1b: Flutter Mane|Protect\n|move|p1a: Tornadus|Taunt|p2a: Tornadus\n|-start|p2a: Tornadus|move: Taunt\n|cant|p2a: Tornadus|move: Taunt|Tailwind\n|move|p2b: Urshifu|Surging Strikes|p1b: Flutter Mane\n|-crit|p1b: Flutter Mane\n|-damage|p1b: Flutter Mane|58\/100\n|-crit|p1b: Flutter Mane\n|-damage|p1b: Flutter Mane|13\/100\n|-crit|p1b: Flutter Mane\n|-damage|p1b: Flutter Mane|0 fnt\n|faint|p1b: Flutter Mane\n|-end|p1b: Flutter Mane|Protosynthesis|[silent]\n|-hitcount|p1: Flutter Mane|3\n|\n|upkeep\n|\n|t:|1700594855\n|switch|p1b: Urshifu|Urshifu-Rapid-Strike, L50, F|100\/100\n|turn|2\n|\n|t:|1700594873\n|switch|p2a: Rillaboom|Rillaboom, L50, F|100\/100\n|-fieldstart|move: Grassy Terrain|[from] ability: Grassy Surge|[of] p2a: Rillaboom\n|-terastallize|p1b: Urshifu|Poison\n|move|p2b: Urshifu|Protect|p2b: Urshifu\n|-singleturn|p2b: Urshifu|Protect\n|move|p1a: Tornadus|Tailwind|p1a: Tornadus\n|-sidestart|p1: Shibatku|move: Tailwind\n|move|p1b: Urshifu|Swords Dance|p1b: Urshifu\n|-boost|p1b: Urshifu|atk|2\n|\n|upkeep\n|turn|3\n|inactive|Shibatku has 30 seconds left.\n|inactive|Shibatku has 20 seconds left.\n|\n|t:|1700594908\n|switch|p2b: Iron Hands|Iron Hands, L50|100\/100\n|move|p2a: Rillaboom|Fake Out|p1b: Urshifu\n|-damage|p1b: Urshifu|85\/100\n|move|p1a: Tornadus|Grass Knot|p2b: Iron Hands\n|-damage|p2b: Iron Hands|84\/100\n|cant|p1b: Urshifu|flinch\n|\n|-heal|p1b: Urshifu|91\/100|[from] Grassy Terrain\n|-heal|p2b: Iron Hands|91\/100|[from] Grassy Terrain\n|upkeep\n|turn|4\n|inactive|Shibatku has 30 seconds left.\n|inactive|Shibatku has 20 seconds left.\n|inactive|Shibatku has 15 seconds left.\n|inactive|Shibatku has 10 seconds left.\n|inactive|Shibatku has 5 seconds left.\n|\n|t:|1700594960\n|move|p2b: Iron Hands|Fake Out|p1b: Urshifu\n|-damage|p1b: Urshifu|76\/100\n|move|p1a: Tornadus|Bleakwind Storm|p2b: Iron Hands|[spread] p2a,p2b\n|-supereffective|p2a: Rillaboom\n|-damage|p2a: Rillaboom|11\/100\n|-damage|p2b: Iron Hands|76\/100\n|cant|p1b: Urshifu|flinch\n|move|p2a: Rillaboom|High Horsepower|p1b: Urshifu\n|-supereffective|p1b: Urshifu\n|-damage|p1b: Urshifu|15\/100\n|\n|-heal|p1b: Urshifu|21\/100|[from] Grassy Terrain\n|-heal|p2a: Rillaboom|17\/100|[from] Grassy Terrain\n|-heal|p2b: Iron Hands|82\/100|[from] Grassy Terrain\n|upkeep\n|turn|5\n|inactive|Shibatku has 30 seconds left.\n|inactive|kedeke has 30 seconds left.\n|\n|t:|1700594990\n|switch|p2a: Tornadus|Tornadus, L50, M|100\/100\n|move|p1b: Urshifu|Protect|p1b: Urshifu\n|-singleturn|p1b: Urshifu|Protect\n|move|p1a: Tornadus|Bleakwind Storm|p2b: Iron Hands|[spread] p2a,p2b\n|-damage|p2a: Tornadus|71\/100\n|-damage|p2b: Iron Hands|67\/100\n|move|p2b: Iron Hands|Wild Charge|p1b: Urshifu\n|-activate|p1b: Urshifu|move: Protect\n|\n|-heal|p1b: Urshifu|27\/100|[from] Grassy Terrain\n|-heal|p2b: Iron Hands|73\/100|[from] Grassy Terrain\n|-sideend|p1: Shibatku|move: Tailwind\n|upkeep\n|turn|6\n|inactive|Shibatku has 30 seconds left.\n|\n|t:|1700595016\n|move|p1a: Tornadus|Taunt|p2a: Tornadus\n|-start|p2a: Tornadus|move: Taunt\n|cant|p2a: Tornadus|move: Taunt|Taunt\n|move|p1b: Urshifu|Surging Strikes|p2a: Tornadus\n|-crit|p2a: Tornadus\n|-damage|p2a: Tornadus|4\/100\n|-crit|p2a: Tornadus\n|-damage|p2a: Tornadus|0 fnt\n|faint|p2a: Tornadus\n|-hitcount|p2: Tornadus|2\n|move|p2b: Iron Hands|Wild Charge|p1b: Urshifu\n|-damage|p1b: Urshifu|0 fnt\n|faint|p1b: Urshifu\n|-damage|p2b: Iron Hands|68\/100|[from] Recoil\n|\n|-heal|p2b: Iron Hands|74\/100|[from] Grassy Terrain\n|-fieldend|move: Grassy Terrain\n|upkeep\n|\n|t:|1700595035\n|switch|p2a: Urshifu|Urshifu-Rapid-Strike, L50, F, tera:Water|100\/100\n|switch|p1b: Ursaluna|Ursaluna-Bloodmoon, L50, M|100\/100\n|turn|7\n|inactive|Shibatku has 30 seconds left.\n|\n|t:|1700595064\n|-end|p2b: Iron Hands|Quark Drive|[silent]\n|switch|p2b: Rillaboom|Rillaboom, L50, F|17\/100\n|-fieldstart|move: Grassy Terrain|[from] ability: Grassy Surge|[of] p2b: Rillaboom\n|move|p1a: Tornadus|Tailwind|p1a: Tornadus\n|-sidestart|p1: Shibatku|move: Tailwind\n|move|p1b: Ursaluna|Blood Moon|p2a: Urshifu\n|-damage|p2a: Urshifu|0 fnt\n|faint|p2a: Urshifu\n|\n|-heal|p2b: Rillaboom|23\/100|[from] Grassy Terrain\n|upkeep\n|\n|t:|1700595076\n|switch|p2a: Iron Hands|Iron Hands, L50|74\/100\n|turn|8\n|\n|t:|1700595098\n|move|p1b: Ursaluna|Protect|p1b: Ursaluna\n|-singleturn|p1b: Ursaluna|Protect\n|move|p2b: Rillaboom|Fake Out|p1b: Ursaluna\n|-activate|p1b: Ursaluna|move: Protect\n|move|p1a: Tornadus|Taunt|p2b: Rillaboom\n|-start|p2b: Rillaboom|move: Taunt\n|move|p2a: Iron Hands|Drain Punch|p1b: Ursaluna\n|-activate|p1b: Ursaluna|move: Protect\n|\n|-heal|p2b: Rillaboom|29\/100|[from] Grassy Terrain\n|-heal|p2a: Iron Hands|81\/100|[from] Grassy Terrain\n|upkeep\n|turn|9\n|inactive|Shibatku has 30 seconds left.\n|\n|t:|1700595127\n|move|p2b: Rillaboom|Grassy Glide|p1b: Ursaluna\n|-supereffective|p1b: Ursaluna\n|-damage|p1b: Ursaluna|27\/100\n|move|p1a: Tornadus|Bleakwind Storm|p2b: Rillaboom|[spread] p2a,p2b\n|-crit|p2a: Iron Hands\n|-supereffective|p2b: Rillaboom\n|-damage|p2a: Iron Hands|55\/100\n|-damage|p2b: Rillaboom|0 fnt\n|faint|p2b: Rillaboom\n|move|p1b: Ursaluna|Hyper Voice|p2a: Iron Hands\n|-damage|p2a: Iron Hands|30\/100\n|-enditem|p1b: Ursaluna|Throat Spray\n|-boost|p1b: Ursaluna|spa|1|[from] item: Throat Spray\n|move|p2a: Iron Hands|Drain Punch|p1b: Ursaluna\n|-supereffective|p1b: Ursaluna\n|-damage|p1b: Ursaluna|0 fnt\n|-heal|p2a: Iron Hands|40\/100|[from] drain|[of] p1b: Ursaluna\n|faint|p1b: Ursaluna\n|\n|-heal|p2a: Iron Hands|46\/100|[from] Grassy Terrain\n|upkeep\n|turn|10\n|inactive|Shibatku has 30 seconds left.\n|\n|t:|1700595161\n|move|p1a: Tornadus|Grass Knot|p2a: Iron Hands\n|-damage|p2a: Iron Hands|28\/100\n|move|p2a: Iron Hands|Wild Charge|p1a: Tornadus\n|-supereffective|p1a: Tornadus\n|-damage|p1a: Tornadus|9\/100\n|-damage|p2a: Iron Hands|12\/100|[from] Recoil\n|\n|-heal|p2a: Iron Hands|19\/100|[from] Grassy Terrain\n|-sideend|p1: Shibatku|move: Tailwind\n|upkeep\n|turn|11\n|\n|t:|1700595176\n|move|p1a: Tornadus|Bleakwind Storm|p2a: Iron Hands|[miss]\n|-miss|p1a: Tornadus|p2a: Iron Hands\n|move|p2a: Iron Hands|Wild Charge|p1a: Tornadus\n|-supereffective|p1a: Tornadus\n|-damage|p1a: Tornadus|0 fnt\n|faint|p1a: Tornadus\n|-damage|p2a: Iron Hands|17\/100|[from] Recoil\n|\n|win|kedeke\n|raw|Shibatku's rating: 1201 &rarr; <strong>1174<\/strong><br \/>(-27 for losing)\n|raw|kedeke's rating: 1172 &rarr; <strong>1199<\/strong><br \/>(+27 for winning)\n|l|\u2606kedeke\n","uploadtime":1700595189,"views":8,"p1id":"shibatku","p2id":"kedeke","formatid":"gen9vgc2023regulatione","rating":1174,"private":0,"password":""}