{"id":"gen9vgc2023regulatione-1990964150","p1":"Tempest brute","p2":"SOLOLUMINEONING","format":"[Gen 9] VGC 2023 Regulation E","log":"|j|\u2606Tempest brute\n|j|\u2606SOLOLUMINEONING\n|t:|1700020566\n|gametype|doubles\n|player|p1|Tempest brute|veteran|1666\n|player|p2|SOLOLUMINEONING|burglar|1753\n|teamsize|p1|6\n|teamsize|p2|6\n|gen|9\n|tier|[Gen 9] VGC 2023 Regulation E\n|rated|\n|rule|Species Clause: Limit one of each Pok\u00e9mon\n|rule|Item Clause: Limit one of each item\n|clearpoke\n|poke|p1|Iron Valiant, L50|\n|poke|p1|Ting-Lu, L50|\n|poke|p1|Ogerpon-Hearthflame, L50, F|\n|poke|p1|Rotom-Wash, L50|\n|poke|p1|Gholdengo, L50|\n|poke|p1|Dragonite, L50, F|\n|poke|p2|Regidrago, L50|\n|poke|p2|Tornadus, L50, M|\n|poke|p2|Urshifu-*, L50, M|\n|poke|p2|Rillaboom, L50, M|\n|poke|p2|Gholdengo, L50|\n|poke|p2|Ogerpon-Hearthflame, L50, F|\n|teampreview|4\n|inactive|Battle timer is ON: inactive players will automatically lose when time's up. (requested by SOLOLUMINEONING)\n|c|\u2606SOLOLUMINEONING|hello\n|c|\u2606Tempest brute|i have tilted\n|c|\u2606Tempest brute|so hard\n|inactive|Tempest brute has 60 seconds left.\n|inactive|SOLOLUMINEONING has 60 seconds left.\n|j| neusrel\n|inactive|SOLOLUMINEONING has 30 seconds left.\n|inactive|SOLOLUMINEONING has 20 seconds left.\n|inactive|SOLOLUMINEONING has 15 seconds left.\n|\n|t:|1700020644\n|start\n|switch|p1a: Iron Valiant|Iron Valiant, L50|100\/100\n|switch|p1b: Mimi \"Incen\" Rotom|Rotom-Wash, L50|100\/100\n|switch|p2a: Jay Baruchel|Tornadus, L50, M, shiny|100\/100\n|switch|p2b: Brandon Jackson|Ogerpon-Hearthflame, L50, F|100\/100\n|-ability|p2b: Brandon Jackson|Mold Breaker\n|-enditem|p1a: Iron Valiant|Booster Energy\n|-activate|p1a: Iron Valiant|ability: Quark Drive|[fromitem]\n|-start|p1a: Iron Valiant|quarkdrivespe\n|turn|1\n|inactive|SOLOLUMINEONING has 30 seconds left.\n|\n|t:|1700020673\n|-end|p1a: Iron Valiant|Quark Drive|[silent]\n|switch|p1a: Dragonite|Dragonite, L50, F|100\/100\n|switch|p2a: Jack Black|Rillaboom, L50, M, shiny|100\/100\n|-fieldstart|move: Grassy Terrain|[from] ability: Grassy Surge|[of] p2a: Jack Black\n|-terastallize|p2b: Brandon Jackson|Fire\n|detailschange|p2b: Brandon Jackson|Ogerpon-Hearthflame-Tera, L50, F, tera:Fire\n|-ability|p2b: Brandon Jackson|Embody Aspect (Hearthflame)|boost\n|-boost|p2b: Brandon Jackson|atk|1\n|move|p2b: Brandon Jackson|Grassy Glide|p1b: Mimi \"Incen\" Rotom\n|-supereffective|p1b: Mimi \"Incen\" Rotom\n|-damage|p1b: Mimi \"Incen\" Rotom|0 fnt\n|faint|p1b: Mimi \"Incen\" Rotom\n|\n|upkeep\n|\n|t:|1700020684\n|switch|p1b: Klefki Lu|Ting-Lu, L50|100\/100\n|-ability|p1b: Klefki Lu|Vessel of Ruin\n|turn|2\n|j| LasermanZ11\n|j| NEO003\n|\n|t:|1700020697\n|-terastallize|p1b: Klefki Lu|Poison\n|move|p2b: Brandon Jackson|Ivy Cudgel|p1b: Klefki Lu|[anim] Ivy Cudgel Fire\n|-damage|p1b: Klefki Lu|44\/100\n|move|p2a: Jack Black|Wood Hammer|p1b: Klefki Lu\n|-resisted|p1b: Klefki Lu\n|-damage|p1b: Klefki Lu|24\/100\n|-damage|p2a: Jack Black|92\/100|[from] Recoil\n|move|p1a: Dragonite|Stomping Tantrum|p2b: Brandon Jackson\n|-supereffective|p2b: Brandon Jackson\n|-damage|p2b: Brandon Jackson|55\/100\n|move|p1b: Klefki Lu|Throat Chop|p2a: Jack Black\n|-damage|p2a: Jack Black|64\/100\n|-start|p2a: Jack Black|Throat Chop|[silent]\n|\n|-heal|p2b: Brandon Jackson|60\/100|[from] Grassy Terrain\n|-heal|p2a: Jack Black|70\/100|[from] Grassy Terrain\n|-heal|p1b: Klefki Lu|30\/100|[from] Grassy Terrain\n|-heal|p1b: Klefki Lu|37\/100|[from] item: Leftovers\n|upkeep\n|turn|3\n|\n|t:|1700020718\n|switch|p2b: Jay Baruchel|Tornadus, L50, M, shiny|100\/100\n|move|p1b: Klefki Lu|Protect|p1b: Klefki Lu\n|-singleturn|p1b: Klefki Lu|Protect\n|move|p2a: Jack Black|High Horsepower|p1b: Klefki Lu\n|-activate|p1b: Klefki Lu|move: Protect\n|move|p1a: Dragonite|Stomping Tantrum|p2b: Jay Baruchel\n|-immune|p2b: Jay Baruchel\n|\n|-heal|p2a: Jack Black|76\/100|[from] Grassy Terrain\n|-heal|p1b: Klefki Lu|43\/100|[from] Grassy Terrain\n|-heal|p1b: Klefki Lu|49\/100|[from] item: Leftovers\n|-end|p2a: Jack Black|Throat Chop|[silent]\n|upkeep\n|turn|4\n|\n|t:|1700020729\n|move|p2b: Jay Baruchel|Icy Wind|p1a: Dragonite|[spread] p1a,p1b\n|-supereffective|p1a: Dragonite\n|-damage|p1a: Dragonite|90\/100\n|-damage|p1b: Klefki Lu|41\/100\n|-unboost|p1a: Dragonite|spe|1\n|-unboost|p1b: Klefki Lu|spe|1\n|move|p2a: Jack Black|High Horsepower|p1b: Klefki Lu\n|-supereffective|p1b: Klefki Lu\n|-damage|p1b: Klefki Lu|6\/100\n|move|p1a: Dragonite|Outrage|p2a: Jack Black\n|-damage|p2a: Jack Black|29\/100\n|move|p1b: Klefki Lu|Throat Chop|p2b: Jay Baruchel\n|-damage|p2b: Jay Baruchel|55\/100\n|-start|p2b: Jay Baruchel|Throat Chop|[silent]\n|\n|-heal|p2a: Jack Black|35\/100|[from] Grassy Terrain\n|-heal|p1b: Klefki Lu|12\/100|[from] Grassy Terrain\n|-heal|p1b: Klefki Lu|19\/100|[from] item: Leftovers\n|upkeep\n|turn|5\n|inactive|SOLOLUMINEONING has 30 seconds left.\n|inactive|SOLOLUMINEONING has 20 seconds left.\n|inactive|SOLOLUMINEONING has 15 seconds left.\n|\n|t:|1700020773\n|switch|p2a: Ben Stiller|Urshifu-Rapid-Strike, L50, M|100\/100\n|move|p1b: Klefki Lu|Protect|p1b: Klefki Lu\n|-singleturn|p1b: Klefki Lu|Protect\n|move|p2b: Jay Baruchel|Icy Wind|p1b: Klefki Lu|[spread] p1a\n|-activate|p1b: Klefki Lu|move: Protect\n|-supereffective|p1a: Dragonite\n|-damage|p1a: Dragonite|67\/100\n|-unboost|p1a: Dragonite|spe|1\n|move|p1a: Dragonite|Outrage|p2a: Ben Stiller|[from]lockedmove\n|-damage|p2a: Ben Stiller|44\/100\n|\n|-heal|p2a: Ben Stiller|50\/100|[from] Grassy Terrain\n|-heal|p1b: Klefki Lu|25\/100|[from] Grassy Terrain\n|-heal|p1b: Klefki Lu|31\/100|[from] item: Leftovers\n|-end|p2b: Jay Baruchel|Throat Chop|[silent]\n|-fieldend|move: Grassy Terrain\n|upkeep\n|turn|6\n|inactive|SOLOLUMINEONING has 30 seconds left.\n|inactive|SOLOLUMINEONING has 20 seconds left.\n|inactive|SOLOLUMINEONING has 15 seconds left.\n|\n|t:|1700020813\n|move|p2a: Ben Stiller|Surging Strikes|p1b: Klefki Lu\n|-crit|p1b: Klefki Lu\n|-damage|p1b: Klefki Lu|20\/100\n|-crit|p1b: Klefki Lu\n|-damage|p1b: Klefki Lu|9\/100\n|-crit|p1b: Klefki Lu\n|-damage|p1b: Klefki Lu|0 fnt\n|faint|p1b: Klefki Lu\n|-hitcount|p1: Klefki Lu|3\n|move|p2b: Jay Baruchel|Bleakwind Storm|p1a: Dragonite|[miss]\n|-miss|p2b: Jay Baruchel|p1a: Dragonite\n|move|p1a: Dragonite|Outrage|p2b: Jay Baruchel|[from]lockedmove\n|-damage|p2b: Jay Baruchel|0 fnt\n|faint|p2b: Jay Baruchel\n|-start|p1a: Dragonite|confusion|[fatigue]\n|\n|upkeep\n|\n|t:|1700020828\n|switch|p2b: Jack Black|Rillaboom, L50, M, shiny|35\/100\n|switch|p1b: Iron Valiant|Iron Valiant, L50|100\/100\n|-fieldstart|move: Grassy Terrain|[from] ability: Grassy Surge|[of] p2b: Jack Black\n|turn|7\n|\n|t:|1700020842\n|move|p1b: Iron Valiant|Protect|p1b: Iron Valiant\n|-singleturn|p1b: Iron Valiant|Protect\n|move|p2b: Jack Black|Fake Out|p1b: Iron Valiant\n|-activate|p1b: Iron Valiant|move: Protect\n|move|p2a: Ben Stiller|Surging Strikes|p1b: Iron Valiant\n|-crit|p1b: Iron Valiant\n|-damage|p1b: Iron Valiant|79\/100\n|-crit|p1b: Iron Valiant\n|-damage|p1b: Iron Valiant|54\/100\n|-crit|p1b: Iron Valiant\n|-damage|p1b: Iron Valiant|34\/100\n|-hitcount|p1b: Iron Valiant|3\n|-activate|p1a: Dragonite|confusion\n|-damage|p1a: Dragonite|57\/100|[from] confusion\n|\n|-heal|p2a: Ben Stiller|56\/100|[from] Grassy Terrain\n|-heal|p1b: Iron Valiant|40\/100|[from] Grassy Terrain\n|-heal|p2b: Jack Black|41\/100|[from] Grassy Terrain\n|upkeep\n|turn|8\n|inactive|Tempest brute has 30 seconds left.\n|-message|Tempest brute forfeited.\n|\n|win|SOLOLUMINEONING\n|raw|Tempest brute's rating: 1666 &rarr; <strong>1651<\/strong><br \/>(-15 for losing)\n|raw|SOLOLUMINEONING's rating: 1753 &rarr; <strong>1768<\/strong><br \/>(+15 for winning)\n|l|\u2606Tempest brute\n","uploadtime":1700020874,"views":25,"p1id":"tempestbrute","p2id":"sololumineoning","formatid":"gen9vgc2023regulatione","rating":1651,"private":0,"password":""}