{"id":"gen9vgc2023regulatione-1988531181","p1":"ChoccyMilkMafia","p2":"anirudhthe","format":"[Gen 9] VGC 2023 Regulation E","log":"|j|\u2606ChoccyMilkMafia\n|j|\u2606anirudhthe\n|t:|1699732933\n|gametype|doubles\n|player|p1|ChoccyMilkMafia|kieran|1133\n|player|p2|anirudhthe|101|1047\n|teamsize|p1|6\n|teamsize|p2|6\n|gen|9\n|tier|[Gen 9] VGC 2023 Regulation E\n|rated|\n|rule|Species Clause: Limit one of each Pok\u00e9mon\n|rule|Item Clause: Limit one of each item\n|clearpoke\n|poke|p1|Kommo-o, L50, M|\n|poke|p1|Kingambit, L50, M|\n|poke|p1|Sinistcha, L50|\n|poke|p1|Farigiraf, L50, M|\n|poke|p1|Fezandipiti, L50, M|\n|poke|p1|Ninetales-Alola, L50, M|\n|poke|p2|Gholdengo, L50|\n|poke|p2|Kommo-o, L50, M|\n|poke|p2|Urshifu-*, L50, M|\n|poke|p2|Flutter Mane, L50|\n|poke|p2|Armarouge, L50, F|\n|poke|p2|Indeedee-F, L50, F|\n|teampreview|4\n|\n|t:|1699732975\n|start\n|switch|p1a: Farigiraf|Farigiraf, L50, M|100\/100\n|switch|p1b: Fezandipiti|Fezandipiti, L50, M|100\/100\n|switch|p2a: Kommo-o|Kommo-o, L50, M|100\/100\n|switch|p2b: Indeedee|Indeedee-F, L50, F|100\/100\n|-fieldstart|move: Psychic Terrain|[from] ability: Psychic Surge|[of] p2b: Indeedee\n|turn|1\n|\n|t:|1699732992\n|-terastallize|p2a: Kommo-o|Steel\n|move|p2b: Indeedee|Follow Me|p2b: Indeedee\n|-singleturn|p2b: Indeedee|move: Follow Me\n|move|p2a: Kommo-o|Clangorous Soul|p2a: Kommo-o\n|-boost|p2a: Kommo-o|atk|1\n|-boost|p2a: Kommo-o|def|1\n|-boost|p2a: Kommo-o|spa|1\n|-boost|p2a: Kommo-o|spd|1\n|-boost|p2a: Kommo-o|spe|1\n|-damage|p2a: Kommo-o|68\/100\n|-enditem|p2a: Kommo-o|Throat Spray\n|-boost|p2a: Kommo-o|spa|1|[from] item: Throat Spray\n|move|p1b: Fezandipiti|Icy Wind|p2a: Kommo-o|[spread] p2a,p2b\n|-resisted|p2a: Kommo-o\n|-damage|p2a: Kommo-o|65\/100\n|-damage|p2b: Indeedee|94\/100\n|-unboost|p2a: Kommo-o|spe|1\n|-unboost|p2b: Indeedee|spe|1\n|-status|p2b: Indeedee|tox|[from] ability: Toxic Chain|[of] p1b: Fezandipiti\n|move|p1a: Farigiraf|Imprison|p1a: Farigiraf\n|-start|p1a: Farigiraf|move: Imprison\n|\n|-damage|p2b: Indeedee|88\/100 tox|[from] psn\n|upkeep\n|turn|2\n|\n|t:|1699733030\n|move|p2b: Indeedee|Helping Hand|p2a: Kommo-o\n|-singleturn|p2a: Kommo-o|Helping Hand|[of] p2b: Indeedee\n|move|p2a: Kommo-o|Flash Cannon|p1b: Fezandipiti\n|-supereffective|p1b: Fezandipiti\n|-damage|p1b: Fezandipiti|0 fnt\n|faint|p1b: Fezandipiti\n|move|p1a: Farigiraf|Hyper Voice|p2b: Indeedee|[spread] p2a,p2b\n|-resisted|p2a: Kommo-o\n|-damage|p2a: Kommo-o|56\/100\n|-damage|p2b: Indeedee|63\/100 tox\n|\n|-damage|p2b: Indeedee|51\/100 tox|[from] psn\n|upkeep\n|\n|t:|1699733042\n|switch|p1b: Kingambit|Kingambit, L50, M|100\/100\n|turn|3\n|\n|t:|1699733067\n|move|p2b: Indeedee|Helping Hand|p2a: Kommo-o\n|-singleturn|p2a: Kommo-o|Helping Hand|[of] p2b: Indeedee\n|move|p2a: Kommo-o|Clanging Scales|p1b: Kingambit|[spread] p1a,p1b\n|-resisted|p1b: Kingambit\n|-damage|p1a: Farigiraf|0 fnt\n|-damage|p1b: Kingambit|64\/100\n|faint|p1a: Farigiraf\n|-unboost|p2a: Kommo-o|def|1\n|move|p1b: Kingambit|Low Kick|p2a: Kommo-o\n|-supereffective|p2a: Kommo-o\n|-damage|p2a: Kommo-o|0 fnt\n|faint|p2a: Kommo-o\n|\n|-damage|p2b: Indeedee|32\/100 tox|[from] psn\n|upkeep\n|\n|t:|1699733085\n|switch|p2a: Armarouge|Armarouge, L50, F|100\/100\n|switch|p1a: Sinistcha|Sinistcha, L50|100\/100\n|-heal|p1b: Kingambit|89\/100|[from] ability: Hospitality|[of] p1a: Sinistcha\n|turn|4\n|\n|t:|1699733126\n|-terastallize|p1b: Kingambit|Water\n|move|p2b: Indeedee|Helping Hand|p2a: Armarouge\n|-singleturn|p2a: Armarouge|Helping Hand|[of] p2b: Indeedee\n|move|p2a: Armarouge|Aura Sphere|p1b: Kingambit\n|-damage|p1b: Kingambit|62\/100\n|move|p1a: Sinistcha|Matcha Gotcha|p2b: Indeedee|[spread] \n|-miss|p1a: Sinistcha|p2a: Armarouge\n|-miss|p1a: Sinistcha|p2b: Indeedee\n|move|p1b: Kingambit|Kowtow Cleave|p2a: Armarouge\n|-supereffective|p2a: Armarouge\n|-damage|p2a: Armarouge|0 fnt\n|faint|p2a: Armarouge\n|\n|-damage|p2b: Indeedee|7\/100 tox|[from] psn\n|upkeep\n|\n|t:|1699733140\n|switch|p2a: Urshifu|Urshifu-Rapid-Strike, L50, M|100\/100\n|turn|5\n|\n|t:|1699733149\n|move|p2b: Indeedee|Helping Hand|p2a: Urshifu\n|-singleturn|p2a: Urshifu|Helping Hand|[of] p2b: Indeedee\n|move|p1a: Sinistcha|Rage Powder|p1a: Sinistcha\n|-singleturn|p1a: Sinistcha|move: Rage Powder\n|move|p2a: Urshifu|Thunder Punch|p1a: Sinistcha\n|-resisted|p1a: Sinistcha\n|-damage|p1a: Sinistcha|84\/100\n|move|p1b: Kingambit|Low Kick|p2a: Urshifu\n|-damage|p2a: Urshifu|57\/100\n|\n|-damage|p2b: Indeedee|0 fnt|[from] psn\n|faint|p2b: Indeedee\n|-fieldend|move: Psychic Terrain\n|upkeep\n|turn|6\n|\n|t:|1699733162\n|move|p1b: Kingambit|Sucker Punch|p2a: Urshifu\n|-resisted|p2a: Urshifu\n|-damage|p2a: Urshifu|35\/100\n|move|p2a: Urshifu|Thunder Punch|p1b: Kingambit\n|-supereffective|p1b: Kingambit\n|-damage|p1b: Kingambit|21\/100\n|move|p1a: Sinistcha|Matcha Gotcha|p2a: Urshifu\n|-supereffective|p2a: Urshifu\n|-damage|p2a: Urshifu|0 fnt\n|-heal|p1a: Sinistcha|100\/100|[from] drain|[of] p2a: Urshifu\n|faint|p2a: Urshifu\n|\n|win|ChoccyMilkMafia\n|raw|ChoccyMilkMafia's rating: 1133 &rarr; <strong>1152<\/strong><br \/>(+19 for winning)\n|raw|anirudhthe's rating: 1047 &rarr; <strong>1034<\/strong><br \/>(-13 for losing)\n","uploadtime":1699733176,"views":14,"p1id":"choccymilkmafia","p2id":"anirudhthe","formatid":"gen9vgc2023regulatione","rating":1034,"private":0,"password":""}