{"id":"gen9vgc2023regulatione-1999028492","p1":"ppyyy","p2":"5wamp","format":"[Gen 9] VGC 2023 Regulation E","log":"|j|\u2606ppyyy\n|j|\u26065wamp\n|t:|1701025497\n|gametype|doubles\n|player|p1|ppyyy|caitlin-gen4|\n|player|p2|5wamp|carmine-festival|\n|teamsize|p1|6\n|teamsize|p2|6\n|gen|9\n|tier|[Gen 9] VGC 2023 Regulation E\n|rated|Tournament battle\n|rule|Species Clause: Limit one of each Pok\u00e9mon\n|rule|Item Clause: Limit one of each item\n|clearpoke\n|poke|p1|Scizor, L50, F|\n|poke|p1|Chien-Pao, L50|\n|poke|p1|Heatran, L50, M|\n|poke|p1|Ogerpon-Wellspring, L50, F|\n|poke|p1|Flutter Mane, L50|\n|poke|p1|Landorus-Therian, L50, M|\n|poke|p2|Urshifu-*, L50, F|\n|poke|p2|Gholdengo, L50|\n|poke|p2|Armarouge, L50, F|\n|poke|p2|Basculegion, L50, M|\n|poke|p2|Indeedee-F, L50, F|\n|poke|p2|Tornadus, L50, M|\n|teampreview|4\n|showteam|p1|Scizor||ClearAmulet|Technician|BulletPunch,CloseCombat,SwordsDance,Protect|||F|||50|,,,,,Water]Chien-Pao||FocusSash|SwordofRuin|IcicleCrash,IceShard,Crunch,Protect||||||50|,,,,,Ghost]Heatran||ShucaBerry|FlashFire|HeatWave,EarthPower,Substitute,Protect|||M|||50|,,,,,Fairy]Ogerpon-Wellspring||WellspringMask|WaterAbsorb|IvyCudgel,HornLeech,SpikyShield,FollowMe|||F|||50|,,,,,Water]Flutter Mane||ChoiceSpecs|Protosynthesis|Moonblast,DazzlingGleam,ShadowBall,Psyshock||||||50|,,,,,Fairy]Landorus-Therian||ChoiceScarf|Intimidate|StompingTantrum,TeraBlast,RockSlide,Uturn|||M|||50|,,,,,Flying\n|showteam|p2|Urshifu||ChoiceBand|UnseenFist|WickedBlow,CloseCombat,SuckerPunch,PoisonJab|||F|||50|,,,,,Poison]Gholdengo||LifeOrb|GoodasGold|MakeItRain,ShadowBall,Protect,NastyPlot||||||50|,,,,,Steel]Armarouge||WeaknessPolicy|WeakArmor|ExpandingForce,HeatWave,AuraSphere,Endure|||F|||50|,,,,,Psychic]Basculegion||ChoiceScarf|Adaptability|FlipTurn,WaveCrash,LastRespects,AquaJet|||M|||50|,,,,,Steel]Indeedee-F||RockyHelmet|PsychicSurge|TrickRoom,DazzlingGleam,FollowMe,HelpingHand|||F|||50|,,,,,Fairy]Tornadus||FocusSash|Prankster|BleakwindStorm,IcyWind,Tailwind,Protect|||M|||50|,,,,,Ghost\n|c|\u26065wamp|hf\n|j| SaberSerenity\n|c|\u2606ppyyy|glhf\n|inactive|Battle timer is ON: inactive players will automatically lose when time's up. (requested by 5wamp)\n|inactive|ppyyy has 60 seconds left.\n|\n|t:|1701025575\n|start\n|switch|p1a: Heatran|Heatran, L50, M|100\/100\n|switch|p1b: Ogerpon|Ogerpon-Wellspring, L50, F|100\/100\n|switch|p2a: Armarouge|Armarouge, L50, F|100\/100\n|switch|p2b: Basculegion|Basculegion, L50, M|100\/100\n|turn|1\n|\n|t:|1701025589\n|switch|p2b: Indeedee|Indeedee-F, L50, F|100\/100\n|-fieldstart|move: Psychic Terrain|[from] ability: Psychic Surge|[of] p2b: Indeedee\n|move|p1b: Ogerpon|Follow Me|p1b: Ogerpon\n|-singleturn|p1b: Ogerpon|move: Follow Me\n|move|p2a: Armarouge|Expanding Force|p1a: Heatran|[spread] p1a,p1b\n|-resisted|p1a: Heatran\n|-damage|p1a: Heatran|74\/100\n|-damage|p1b: Ogerpon|36\/100\n|move|p1a: Heatran|Substitute|p1a: Heatran\n|-start|p1a: Heatran|Substitute\n|-damage|p1a: Heatran|49\/100\n|\n|upkeep\n|turn|2\n|\n|t:|1701025612\n|move|p1b: Ogerpon|Spiky Shield|p1b: Ogerpon\n|-singleturn|p1b: Ogerpon|move: Protect\n|move|p2b: Indeedee|Follow Me|p2b: Indeedee\n|-singleturn|p2b: Indeedee|move: Follow Me\n|move|p2a: Armarouge|Expanding Force|p1b: Ogerpon|[spread] p1a\n|-activate|p1b: Ogerpon|move: Protect\n|-resisted|p1a: Heatran\n|-end|p1a: Heatran|Substitute\n|move|p1a: Heatran|Heat Wave|p2a: Armarouge|[spread] p2a,p2b\n|-resisted|p2a: Armarouge\n|-crit|p2a: Armarouge\n|-damage|p2a: Armarouge|60\/100\n|-damage|p2b: Indeedee|65\/100\n|\n|upkeep\n|turn|3\n|l| SaberSerenity\n|\n|t:|1701025631\n|move|p2b: Indeedee|Follow Me|p2b: Indeedee\n|-singleturn|p2b: Indeedee|move: Follow Me\n|move|p1b: Ogerpon|Ivy Cudgel|p2b: Indeedee|[anim] Ivy Cudgel Water\n|-damage|p2b: Indeedee|7\/100\n|move|p2a: Armarouge|Aura Sphere|p1a: Heatran\n|-supereffective|p1a: Heatran\n|-damage|p1a: Heatran|5\/100\n|move|p1a: Heatran|Heat Wave|p2b: Indeedee|[spread] p2a,p2b\n|-resisted|p2a: Armarouge\n|-damage|p2a: Armarouge|35\/100\n|-damage|p2b: Indeedee|0 fnt\n|faint|p2b: Indeedee\n|\n|upkeep\n|\n|t:|1701025641\n|switch|p2b: Tornadus|Tornadus, L50, M|100\/100\n|turn|4\n|\n|t:|1701025649\n|switch|p1b: Chien-Pao|Chien-Pao, L50|100\/100\n|-ability|p1b: Chien-Pao|Sword of Ruin\n|move|p2b: Tornadus|Icy Wind|p1b: Chien-Pao|[spread] p1a,p1b\n|-resisted|p1a: Heatran\n|-resisted|p1b: Chien-Pao\n|-damage|p1a: Heatran|2\/100\n|-damage|p1b: Chien-Pao|90\/100\n|-unboost|p1a: Heatran|spe|1\n|-unboost|p1b: Chien-Pao|spe|1\n|move|p2a: Armarouge|Expanding Force|p1b: Chien-Pao|[spread] p1a\n|-immune|p1b: Chien-Pao\n|-resisted|p1a: Heatran\n|-damage|p1a: Heatran|0 fnt\n|faint|p1a: Heatran\n|\n|upkeep\n|\n|t:|1701025661\n|switch|p1a: Flutter Mane|Flutter Mane, L50|100\/100\n|turn|5\n|inactive|ppyyy has 30 seconds left.\n|inactive|5wamp has 30 seconds left.\n|\n|t:|1701025697\n|-terastallize|p1a: Flutter Mane|Fairy\n|move|p1b: Chien-Pao|Protect|p1b: Chien-Pao\n|-singleturn|p1b: Chien-Pao|Protect\n|move|p2b: Tornadus|Tailwind|p2b: Tornadus\n|-sidestart|p2: 5wamp|move: Tailwind\n|move|p2a: Armarouge|Expanding Force|p1a: Flutter Mane|[spread] p1a\n|-activate|p1b: Chien-Pao|move: Protect\n|-damage|p1a: Flutter Mane|44\/100\n|move|p1a: Flutter Mane|Moonblast|p2b: Tornadus\n|-enditem|p2b: Tornadus|Focus Sash\n|-damage|p2b: Tornadus|1\/100\n|\n|-fieldend|move: Psychic Terrain\n|upkeep\n|turn|6\n|\n|t:|1701025717\n|move|p1b: Chien-Pao|Ice Shard|p2b: Tornadus\n|-supereffective|p2b: Tornadus\n|-damage|p2b: Tornadus|0 fnt\n|faint|p2b: Tornadus\n|move|p2a: Armarouge|Heat Wave|p1b: Chien-Pao|[spread] p1a,p1b\n|-supereffective|p1b: Chien-Pao\n|-damage|p1a: Flutter Mane|12\/100\n|-damage|p1b: Chien-Pao|0 fnt\n|faint|p1b: Chien-Pao\n|move|p1a: Flutter Mane|Moonblast|p2a: Armarouge\n|-resisted|p2a: Armarouge\n|-damage|p2a: Armarouge|0 fnt\n|faint|p2a: Armarouge\n|\n|upkeep\n|\n|t:|1701025720\n|switch|p1b: Ogerpon|Ogerpon-Wellspring, L50, F|36\/100\n|switch|p2a: Basculegion|Basculegion, L50, M|100\/100\n|turn|7\n|c|\u26065wamp|gg\n|\n|t:|1701025735\n|-terastallize|p2a: Basculegion|Steel\n|move|p2a: Basculegion|Last Respects|p1a: Flutter Mane\n|-damage|p1a: Flutter Mane|0 fnt\n|faint|p1a: Flutter Mane\n|-end|p1a: Flutter Mane|Protosynthesis|[silent]\n|move|p1b: Ogerpon|Horn Leech|p2a: Basculegion\n|-resisted|p2a: Basculegion\n|-damage|p2a: Basculegion|74\/100\n|-heal|p1b: Ogerpon|53\/100|[from] drain|[of] p2a: Basculegion\n|\n|upkeep\n|turn|8\n|\n|t:|1701025739\n|move|p1b: Ogerpon|Spiky Shield|p1b: Ogerpon\n|-singleturn|p1b: Ogerpon|move: Protect\n|move|p2a: Basculegion|Last Respects|p1b: Ogerpon\n|-activate|p1b: Ogerpon|move: Protect\n|\n|-sideend|p2: 5wamp|move: Tailwind\n|upkeep\n|turn|9\n|\n|t:|1701025742\n|move|p2a: Basculegion|Last Respects|p1b: Ogerpon\n|-damage|p1b: Ogerpon|0 fnt\n|faint|p1b: Ogerpon\n|\n|win|5wamp\n|n|\u2606ppyyy|ppyyy\n|n|\u26065wamp|5wamp\n|l|\u2606ppyyy\n","uploadtime":1701025774,"views":13,"p1id":"ppyyy","p2id":"5wamp","formatid":"gen9vgc2023regulatione","rating":0,"private":0,"password":""}