{"id":"gen9vgc2023regulatione-1989091120","p1":"Emirnent","p2":"Vengeful potato","format":"[Gen 9] VGC 2023 Regulation E","log":"|j|\u2606Emirnent\n|j|\u2606Vengeful potato\n|t:|1699811173\n|gametype|doubles\n|player|p1|Emirnent|266|1769\n|player|p2|Vengeful potato|170|1638\n|teamsize|p1|6\n|teamsize|p2|6\n|gen|9\n|tier|[Gen 9] VGC 2023 Regulation E\n|rated|\n|rule|Species Clause: Limit one of each Pok\u00e9mon\n|rule|Item Clause: Limit one of each item\n|clearpoke\n|poke|p1|Staraptor, L50, M|\n|poke|p1|Ursaluna, L50, M|\n|poke|p1|Oranguru, L50, F|\n|poke|p1|Urshifu-*, L50, M|\n|poke|p1|Farigiraf, L50, F|\n|poke|p1|Enamorus-Therian, L50, F|\n|poke|p2|Articuno-Galar, L50|\n|poke|p2|Maushold, L50|\n|poke|p2|Urshifu-*, L50, F|\n|poke|p2|Sinistcha-Masterpiece, L50|\n|poke|p2|Heatran, L50, F|\n|poke|p2|Regidrago, L50|\n|teampreview|4\n|inactive|Battle timer is ON: inactive players will automatically lose when time's up. (requested by Emirnent)\n|\n|t:|1699811229\n|start\n|switch|p1a: Farigiraf|Farigiraf, L50, F|100\/100\n|switch|p1b: Urshifu|Urshifu, L50, M|100\/100\n|switch|p2a: The Rizzler\ud83d\ude31\ud83d\udcaf\ud83d\udde3\ufe0f|Articuno-Galar, L50, shiny|100\/100\n|switch|p2b: Despereaux|Maushold, L50, shiny|100\/100\n|turn|1\n|inactive|Emirnent has 30 seconds left.\n|\n|t:|1699811255\n|move|p2b: Despereaux|Follow Me|p2b: Despereaux\n|-singleturn|p2b: Despereaux|move: Follow Me\n|move|p1b: Urshifu|Wicked Blow|p2b: Despereaux\n|-crit|p2b: Despereaux\n|-damage|p2b: Despereaux|40\/100\n|-damage|p1b: Urshifu|84\/100|[from] item: Rocky Helmet|[of] p2b: Despereaux\n|move|p2a: The Rizzler\ud83d\ude31\ud83d\udcaf\ud83d\udde3\ufe0f|Air Slash|p1b: Urshifu\n|-supereffective|p1b: Urshifu\n|-damage|p1b: Urshifu|0 fnt\n|faint|p1b: Urshifu\n|move|p1a: Farigiraf|Trick Room|p1a: Farigiraf\n|-fieldstart|move: Trick Room|[of] p1a: Farigiraf\n|\n|upkeep\n|\n|t:|1699811264\n|switch|p1b: Enamorus|Enamorus-Therian, L50, F|100\/100\n|turn|2\n|\n|t:|1699811273\n|-terastallize|p1b: Enamorus|Fairy\n|move|p2b: Despereaux|Follow Me|p2b: Despereaux\n|-singleturn|p2b: Despereaux|move: Follow Me\n|move|p1b: Enamorus|Dazzling Gleam|p2a: The Rizzler\ud83d\ude31\ud83d\udcaf\ud83d\udde3\ufe0f|[spread] p2a,p2b\n|-damage|p2a: The Rizzler\ud83d\ude31\ud83d\udcaf\ud83d\udde3\ufe0f|59\/100\n|-damage|p2b: Despereaux|0 fnt\n|faint|p2b: Despereaux\n|move|p1a: Farigiraf|Psychic|p2a: The Rizzler\ud83d\ude31\ud83d\udcaf\ud83d\udde3\ufe0f\n|-resisted|p2a: The Rizzler\ud83d\ude31\ud83d\udcaf\ud83d\udde3\ufe0f\n|-damage|p2a: The Rizzler\ud83d\ude31\ud83d\udcaf\ud83d\udde3\ufe0f|45\/100\n|move|p2a: The Rizzler\ud83d\ude31\ud83d\udcaf\ud83d\udde3\ufe0f|Trick Room|p2a: The Rizzler\ud83d\ude31\ud83d\udcaf\ud83d\udde3\ufe0f\n|-fieldend|move: Trick Room\n|\n|upkeep\n|\n|t:|1699811295\n|switch|p2b: Krakatoa|Heatran, L50, F, shiny|100\/100\n|turn|3\n|\n|t:|1699811311\n|switch|p1b: Ursaluna|Ursaluna, L50, M|100\/100\n|move|p2a: The Rizzler\ud83d\ude31\ud83d\udcaf\ud83d\udde3\ufe0f|Air Slash|p1b: Ursaluna\n|-damage|p1b: Ursaluna|68\/100\n|move|p2b: Krakatoa|Flash Cannon|p1b: Ursaluna\n|-damage|p1b: Ursaluna|12\/100\n|-damage|p2b: Krakatoa|91\/100|[from] item: Life Orb\n|move|p1a: Farigiraf|Trick Room|p1a: Farigiraf\n|-fieldstart|move: Trick Room|[of] p1a: Farigiraf\n|\n|-status|p1b: Ursaluna|brn|[from] item: Flame Orb\n|upkeep\n|turn|4\n|inactive|Vengeful potato has 30 seconds left.\n|j| ThaOpeningAct\n|inactive|Vengeful potato has 20 seconds left.\n|\n|t:|1699811347\n|move|p1b: Ursaluna|Facade|p2a: The Rizzler\ud83d\ude31\ud83d\udcaf\ud83d\udde3\ufe0f\n|-crit|p2a: The Rizzler\ud83d\ude31\ud83d\udcaf\ud83d\udde3\ufe0f\n|-damage|p2a: The Rizzler\ud83d\ude31\ud83d\udcaf\ud83d\udde3\ufe0f|0 fnt\n|faint|p2a: The Rizzler\ud83d\ude31\ud83d\udcaf\ud83d\udde3\ufe0f\n|move|p1a: Farigiraf|Psychic|p2b: Krakatoa\n|-resisted|p2b: Krakatoa\n|-damage|p2b: Krakatoa|74\/100\n|move|p2b: Krakatoa|Heat Wave|p1a: Farigiraf|[spread] p1a,p1b\n|-crit|p1a: Farigiraf\n|-damage|p1a: Farigiraf|26\/100\n|-damage|p1b: Ursaluna|0 fnt\n|-enditem|p1a: Farigiraf|Sitrus Berry|[eat]\n|-heal|p1a: Farigiraf|51\/100|[from] item: Sitrus Berry\n|faint|p1b: Ursaluna\n|-damage|p2b: Krakatoa|65\/100|[from] item: Life Orb\n|\n|upkeep\n|\n|t:|1699811362\n|switch|p1b: Enamorus|Enamorus-Therian, L50, F, tera:Fairy|100\/100\n|switch|p2a: Notorious T.E.A.|Sinistcha-Masterpiece, L50|100\/100\n|-heal|p2b: Krakatoa|89\/100|[from] ability: Hospitality|[of] p2a: Notorious T.E.A.\n|turn|5\n|inactive|Emirnent has 30 seconds left.\n|\n|t:|1699811391\n|move|p2b: Krakatoa|Protect|p2b: Krakatoa\n|-singleturn|p2b: Krakatoa|Protect\n|move|p1b: Enamorus|Earth Power|p2b: Krakatoa\n|-activate|p2b: Krakatoa|move: Protect\n|move|p1a: Farigiraf|Psychic|p2a: Notorious T.E.A.\n|-damage|p2a: Notorious T.E.A.|54\/100\n|-unboost|p2a: Notorious T.E.A.|spd|1\n|move|p2a: Notorious T.E.A.|Matcha Gotcha|p1b: Enamorus|[spread] p1a,p1b\n|-damage|p1a: Farigiraf|20\/100\n|-heal|p2a: Notorious T.E.A.|76\/100|[from] drain|[of] p1a: Farigiraf\n|-damage|p1b: Enamorus|66\/100\n|-heal|p2a: Notorious T.E.A.|95\/100|[from] drain|[of] p1b: Enamorus\n|\n|upkeep\n|turn|6\n|\n|t:|1699811413\n|-terastallize|p2b: Krakatoa|Fairy\n|move|p1b: Enamorus|Earth Power|p2b: Krakatoa\n|-damage|p2b: Krakatoa|42\/100\n|move|p1a: Farigiraf|Psychic|p2a: Notorious T.E.A.\n|-damage|p2a: Notorious T.E.A.|19\/100\n|move|p2a: Notorious T.E.A.|Matcha Gotcha|p1b: Enamorus|[spread] p1a,p1b\n|-crit|p1a: Farigiraf\n|-damage|p1a: Farigiraf|0 fnt\n|-heal|p2a: Notorious T.E.A.|32\/100|[from] drain|[of] p1a: Farigiraf\n|-damage|p1b: Enamorus|34\/100\n|-heal|p2a: Notorious T.E.A.|50\/100|[from] drain|[of] p1b: Enamorus\n|-status|p1b: Enamorus|brn\n|faint|p1a: Farigiraf\n|move|p2b: Krakatoa|Heat Wave|p1b: Enamorus\n|-damage|p1b: Enamorus|0 fnt\n|faint|p1b: Enamorus\n|-damage|p2b: Krakatoa|32\/100|[from] item: Life Orb\n|\n|win|Vengeful potato\n|raw|Emirnent's rating: 1769 &rarr; <strong>1742<\/strong><br \/>(-27 for losing)\n|raw|Vengeful potato's rating: 1638 &rarr; <strong>1665<\/strong><br \/>(+27 for winning)\n|l|\u2606Emirnent\n|c|\u2606Vengeful potato|Gg\n|l| ThaOpeningAct\n","uploadtime":1699811444,"views":15,"p1id":"emirnent","p2id":"vengefulpotato","formatid":"gen9vgc2023regulatione","rating":1665,"private":0,"password":""}