{"id":"gen9vgc2023regulatione-1995068025","p1":"Bradgga","p2":"KitchenIsInFlames","format":"[Gen 9] VGC 2023 Regulation E","log":"|j|\u2606Bradgga\n|j|\u2606KitchenIsInFlames\n|n|\u2606Bradgga|bradgga\n|n|\u2606KitchenIsInFlames|kitchenisinflames\n|html|View the match progress at <a href=\"\/game-bestof3-gen9vgc2023regulatione-1995068024\">game-bestof3-gen9vgc2023regulatione-1995068024<\/a>\n|t:|1700519057\n|gametype|doubles\n|player|p1|Bradgga|marlon|\n|player|p2|KitchenIsInFlames|blue|\n|teamsize|p1|6\n|teamsize|p2|6\n|gen|9\n|tier|[Gen 9] VGC 2023 Regulation E\n|rated|Tournament battle\n|rule|Species Clause: Limit one of each Pok\u00e9mon\n|rule|Item Clause: Limit one of each item\n|clearpoke\n|poke|p1|Persian, L50, F|\n|poke|p1|Ogerpon, L50, F|\n|poke|p1|Empoleon, L50, M|\n|poke|p1|Ditto, L50|\n|poke|p1|Garganacl, L50, F|\n|poke|p1|Tinkaton, L50, F|\n|poke|p2|Landorus-Therian, L50, M|\n|poke|p2|Flutter Mane, L50|\n|poke|p2|Heatran, L50, F|\n|poke|p2|Iron Hands, L50|\n|poke|p2|Amoonguss, L50, F|\n|poke|p2|Tornadus, L50, M|\n|teampreview|4\n|showteam|p1|Persian||NormalGem|Technician|FakeOut,Protect,Covet,HelpingHand|||F|||50|,,,,,Ghost]Ogerpon||FocusSash|Defiant|SpikyShield,FollowMe,HornLeech,KnockOff|||F|||50|,,,,,Grass]Empoleon||AssaultVest|Competitive|FlashCannon,WaterPledge,AirSlash,GrassKnot|||M|||50|,,,,,Ground]Ditto||ChoiceScarf|Limber|Transform||||||50|,,,,,Steel]Garganacl||Leftovers|PurifyingSalt|RockSlide,WideGuard,Recover,SaltCure|||F|||50|,,,,,Steel]Tinkaton||SitrusBerry|MoldBreaker|GigatonHammer,Protect,ThunderWave,HelpingHand|||F|||50|,,,,,Fire\n|showteam|p2|Landorus-Therian||ChoiceScarf|Intimidate|StompingTantrum,TeraBlast,Uturn,RockSlide|||M|||50|,,,,,Flying]Flutter Mane||ChoiceSpecs|Protosynthesis|Moonblast,DazzlingGleam,ShadowBall,PerishSong||||||50|,,,,,Fairy]Heatran||LifeOrb|FlashFire|HeatWave,EarthPower,FlashCannon,Protect|||F|||50|,,,,,Fairy]Iron Hands||AssaultVest|QuarkDrive|FakeOut,DrainPunch,WildCharge,HeavySlam||||||50|,,,,,Grass]Amoonguss||RockyHelmet|Regenerator|Spore,RagePowder,PollenPuff,Protect|||F|||50|,,,,,Water]Tornadus||CovertCloak|Prankster|IcyWind,Tailwind,SunnyDay,BleakwindStorm|||M|||50|,,,,,Ghost\n|\n|t:|1700519081\n|start\n|switch|p1a: Persian|Persian, L50, F|100\/100\n|switch|p1b: Ditto|Ditto, L50|100\/100\n|switch|p2a: Landorus|Landorus-Therian, L50, M|100\/100\n|switch|p2b: Iron Hands|Iron Hands, L50|100\/100\n|-ability|p2a: Landorus|Intimidate|boost\n|-unboost|p1a: Persian|atk|1\n|-unboost|p1b: Ditto|atk|1\n|turn|1\n|\n|t:|1700519107\n|move|p1a: Persian|Fake Out|p2a: Landorus\n|-enditem|p1a: Persian|Normal Gem|[from] gem\n|-damage|p2a: Landorus|82\/100\n|cant|p2a: Landorus|flinch\n|move|p1b: Ditto|Transform|p2b: Iron Hands\n|-transform|p1b: Ditto|p2b: Iron Hands\n|move|p2b: Iron Hands|Heavy Slam|p1a: Persian\n|-damage|p1a: Persian|23\/100\n|\n|upkeep\n|turn|2\n|\n|t:|1700519144\n|move|p1a: Persian|Protect|p1a: Persian\n|-singleturn|p1a: Persian|Protect\n|move|p1b: Ditto|Fake Out||[still]\n|-hint|Fake Out only works on your first turn out.\n|-fail|p1b: Ditto\n|move|p2a: Landorus|Rock Slide|p1a: Persian|[spread] p1b\n|-activate|p1a: Persian|move: Protect\n|-resisted|p1b: Ditto\n|-damage|p1b: Ditto|90\/100\n|move|p2b: Iron Hands|Heavy Slam|p1a: Persian\n|-activate|p1a: Persian|move: Protect\n|\n|upkeep\n|turn|3\n|\n|t:|1700519168\n|-end|p1b: Ditto|Quark Drive|[silent]\n|switch|p1b: Ogerpon|Ogerpon, L50, F|100\/100\n|move|p2a: Landorus|Rock Slide|p1a: Persian|[spread] p1a,p1b\n|-damage|p1a: Persian|0 fnt\n|-damage|p1b: Ogerpon|70\/100\n|faint|p1a: Persian\n|move|p2b: Iron Hands|Heavy Slam|p1b: Ogerpon\n|-damage|p1b: Ogerpon|8\/100\n|\n|upkeep\n|\n|t:|1700519181\n|switch|p1a: Garganacl|Garganacl, L50, F|100\/100\n|turn|4\n|\n|t:|1700519194\n|move|p2a: Landorus|Rock Slide|p1a: Garganacl|[spread] p1a,p1b\n|-damage|p1a: Garganacl|88\/100\n|-damage|p1b: Ogerpon|0 fnt\n|faint|p1b: Ogerpon\n|move|p2b: Iron Hands|Drain Punch|p1a: Garganacl\n|-supereffective|p1a: Garganacl\n|-damage|p1a: Garganacl|47\/100\n|move|p1a: Garganacl|Salt Cure|p2a: Landorus\n|-damage|p2a: Landorus|66\/100\n|-start|p2a: Landorus|Salt Cure\n|\n|-heal|p1a: Garganacl|53\/100|[from] item: Leftovers\n|-damage|p2a: Landorus|54\/100|[from] Salt Cure\n|upkeep\n|\n|t:|1700519205\n|switch|p1b: Ditto|Ditto, L50|90\/100\n|turn|5\n|\n|t:|1700519222\n|switch|p2a: Amoonguss|Amoonguss, L50, F|100\/100\n|move|p1a: Garganacl|Wide Guard|p1a: Garganacl\n|-singleturn|p1a: Garganacl|Wide Guard\n|move|p1b: Ditto|Transform|p2a: Amoonguss\n|-transform|p1b: Ditto|p2a: Amoonguss\n|move|p2b: Iron Hands|Drain Punch|p1a: Garganacl\n|-supereffective|p1a: Garganacl\n|-damage|p1a: Garganacl|10\/100\n|\n|-heal|p1a: Garganacl|15\/100|[from] item: Leftovers\n|upkeep\n|turn|6\n|\n|t:|1700519249\n|-terastallize|p2b: Iron Hands|Grass\n|move|p2b: Iron Hands|Drain Punch|p1a: Garganacl\n|-supereffective|p1a: Garganacl\n|-damage|p1a: Garganacl|0 fnt\n|faint|p1a: Garganacl\n|move|p1b: Ditto|Spore|p2b: Iron Hands\n|-immune|p2b: Iron Hands\n|move|p2a: Amoonguss|Pollen Puff|p1b: Ditto\n|-damage|p1b: Ditto|68\/100\n|\n|upkeep\n|turn|7\n|\n|t:|1700519270\n|-terastallize|p1b: Ditto|Steel\n|move|p2b: Iron Hands|Heavy Slam|p1b: Ditto\n|-resisted|p1b: Ditto\n|-damage|p1b: Ditto|42\/100\n|move|p1b: Ditto|Spore|p2b: Iron Hands\n|-immune|p2b: Iron Hands\n|move|p2a: Amoonguss|Pollen Puff|p1b: Ditto\n|-resisted|p1b: Ditto\n|-damage|p1b: Ditto|31\/100\n|\n|upkeep\n|turn|8\n|\n|t:|1700519280\n|move|p2b: Iron Hands|Drain Punch|p1b: Ditto\n|-supereffective|p1b: Ditto\n|-damage|p1b: Ditto|0 fnt\n|faint|p1b: Ditto\n|\n|win|KitchenIsInFlames\n|c|&|\/uhtml prompt-kitchenisinflames,KitchenIsInFlames is ready for game 2!\n|inactive|Bradgga has 50 seconds to confirm battle start!\n|inactive|Bradgga has 40 seconds to confirm battle start!\n|c|&|\/uhtml prompt-bradgga,Bradgga is ready for game 2!\nBoth players are ready! Starting next match!\n|j| vHollowZangetsu\n","uploadtime":1700519587,"views":1,"p1id":"bradgga","p2id":"kitchenisinflames","formatid":"gen9vgc2023regulatione","rating":0,"private":0,"password":""}