{"id":"gen9vgc2023regulatione-1990288311","p1":"kinglysquizz","p2":"rha1998","format":"[Gen 9] VGC 2023 Regulation E","log":"|j|\u2606kinglysquizz\n|j|\u2606rha1998\n|n|\u2606kinglysquizz|kinglysquizz\n|n|\u2606rha1998|rha1998\n|html|View the match progress at <a href=\"\/game-bestof3-gen9vgc2023regulatione-1990288310\">game-bestof3-gen9vgc2023regulatione-1990288310<\/a>\n|t:|1699951224\n|gametype|doubles\n|player|p1|kinglysquizz|265|\n|player|p2|rha1998|pokekid|\n|teamsize|p1|6\n|teamsize|p2|6\n|gen|9\n|tier|[Gen 9] VGC 2023 Regulation E\n|rule|Species Clause: Limit one of each Pok\u00e9mon\n|rule|Item Clause: Limit one of each item\n|clearpoke\n|poke|p1|Ogerpon-Hearthflame, L50, F|\n|poke|p1|Sinistcha, L50|\n|poke|p1|Fezandipiti, L50, M|\n|poke|p1|Thundurus, L50, M|\n|poke|p1|Kommo-o, L50, F|\n|poke|p1|Gyarados, L50, M|\n|poke|p2|Flutter Mane, L50|\n|poke|p2|Arcanine-Hisui, L50, F|\n|poke|p2|Roaring Moon, L50|\n|poke|p2|Ogerpon-Wellspring, L50, F|\n|poke|p2|Chien-Pao, L50|\n|poke|p2|Chi-Yu, L50|\n|teampreview|4\nrha1998 has agreed to open team sheets.\nkinglysquizz has agreed to open team sheets.\n|showteam|p1|Ogerpon-Hearthflame||HearthflameMask|MoldBreaker|IvyCudgel,HornLeech,Superpower,SpikyShield|||F|||50|,,,,,Fire]Sinistcha||SitrusBerry|Hospitality|RagePowder,MatchaGotcha,LifeDew,Protect||||||50|,,,,,Water]Fezandipiti||AssaultVest|ToxicChain|DazzlingGleam,Tailwind,IcyWind,Uturn|||M|||50|,,,,,Flying]Thundurus||WideLens|Prankster|Taunt,ThunderWave,SunnyDay,WildboltStorm|||M|||50|,,,,,Water]Kommo-o||ThroatSpray|Bulletproof|Protect,ClangorousSoul,ClangingScales,VacuumWave|||F|||50|,,,,,Steel]Gyarados||ChoiceScarf|Intimidate|Waterfall,IronHead,Earthquake,IceFang|||M|||50|,,,,,Ghost\n|showteam|p2|Flutter Mane||ChoiceSpecs|Protosynthesis|DazzlingGleam,Moonblast,ShadowBall,Thunderbolt||||||50|,,,,,Fairy]Arcanine-Hisui||SitrusBerry|Intimidate|WillOWisp,FlareBlitz,RockSlide,ExtremeSpeed|||F|||50|,,,,,Grass]Roaring Moon||BoosterEnergy|Protosynthesis|Protect,Acrobatics,KnockOff,Tailwind||||||50|,,,,,Flying]Ogerpon-Wellspring||WellspringMask|WaterAbsorb|SpikyShield,IvyCudgel,WoodHammer,FollowMe|||F|||50|,,,,,Water]Chien-Pao||FocusSash|SwordofRuin|Protect,IcicleCrash,SuckerPunch,SacredSword||||||50|,,,,,Ghost]Chi-Yu||LifeOrb|BeadsofRuin|Protect,Overheat,HeatWave,DarkPulse||||||50|,,,,,Ghost\n|j| JamiWami\n|\n|t:|1699951276\n|start\n|switch|p1a: Fezandipiti|Fezandipiti, L50, M|100\/100\n|switch|p1b: Thundurus|Thundurus, L50, M|100\/100\n|switch|p2a: Roaring Moon|Roaring Moon, L50|100\/100\n|switch|p2b: Chien-Pao|Chien-Pao, L50|100\/100\n|-ability|p2b: Chien-Pao|Sword of Ruin\n|-enditem|p2a: Roaring Moon|Booster Energy\n|-activate|p2a: Roaring Moon|ability: Protosynthesis|[fromitem]\n|-start|p2a: Roaring Moon|protosynthesisatk\n|turn|1\n|inactive|Battle timer is ON: inactive players will automatically lose when time's up. (requested by rha1998)\n|inactive|kinglysquizz has 60 seconds left.\n|inactive|rha1998 has 60 seconds left.\n|\n|t:|1699951323\n|-terastallize|p1b: Thundurus|Water\n|move|p1b: Thundurus|Sunny Day|p1b: Thundurus\n|-weather|SunnyDay\n|move|p2b: Chien-Pao|Icicle Crash|p1b: Thundurus\n|-resisted|p1b: Thundurus\n|-damage|p1b: Thundurus|50\/100\n|move|p2a: Roaring Moon|Tailwind|p2a: Roaring Moon\n|-sidestart|p2: rha1998|move: Tailwind\n|move|p1a: Fezandipiti|Dazzling Gleam|p2a: Roaring Moon|[spread] p2a,p2b\n|-supereffective|p2a: Roaring Moon\n|-supereffective|p2b: Chien-Pao\n|-damage|p2a: Roaring Moon|25\/100\n|-damage|p2b: Chien-Pao|31\/100\n|\n|-weather|SunnyDay|[upkeep]\n|upkeep\n|turn|2\n|inactive|rha1998 has 30 seconds left.\n|\n|t:|1699951355\n|move|p2b: Chien-Pao|Icicle Crash|p1a: Fezandipiti\n|-damage|p1a: Fezandipiti|24\/100\n|move|p2a: Roaring Moon|Acrobatics|p1a: Fezandipiti\n|-damage|p1a: Fezandipiti|0 fnt\n|faint|p1a: Fezandipiti\n|move|p1b: Thundurus|Wildbolt Storm|p2b: Chien-Pao|[spread] p2a,p2b\n|-resisted|p2a: Roaring Moon\n|-crit|p2a: Roaring Moon\n|-damage|p2a: Roaring Moon|2\/100\n|-damage|p2b: Chien-Pao|0 fnt\n|faint|p2b: Chien-Pao\n|\n|-weather|SunnyDay|[upkeep]\n|upkeep\n|\n|t:|1699951375\n|switch|p2b: Arcanine|Arcanine-Hisui, L50, F|100\/100\n|switch|p1a: Ogerpon|Ogerpon-Hearthflame, L50, F|100\/100\n|-ability|p2b: Arcanine|Intimidate|boost\n|-unboost|p1a: Ogerpon|atk|1\n|-unboost|p1b: Thundurus|atk|1\n|-ability|p1a: Ogerpon|Mold Breaker\n|turn|3\n|inactive|rha1998 has 30 seconds left.\n|inactive|rha1998 has 20 seconds left.\n|\n|t:|1699951414\n|move|p1a: Ogerpon|Spiky Shield|p1a: Ogerpon\n|-singleturn|p1a: Ogerpon|move: Protect\n|move|p1b: Thundurus|Thunder Wave|p2b: Arcanine\n|-status|p2b: Arcanine|par\n|move|p2a: Roaring Moon|Acrobatics|p1b: Thundurus\n|-damage|p1b: Thundurus|0 fnt\n|faint|p1b: Thundurus\n|move|p2b: Arcanine|Rock Slide|p1a: Ogerpon\n|-activate|p1a: Ogerpon|move: Protect\n|\n|-weather|SunnyDay|[upkeep]\n|upkeep\n|\n|t:|1699951425\n|switch|p1b: Gyarados|Gyarados, L50, M|100\/100\n|-ability|p1b: Gyarados|Intimidate|boost\n|-unboost|p2a: Roaring Moon|atk|1\n|-unboost|p2b: Arcanine|atk|1\n|turn|4\n|inactive|kinglysquizz has 30 seconds left.\n|inactive|rha1998 has 30 seconds left.\n|inactive|kinglysquizz has 20 seconds left.\n|\n|t:|1699951464\n|move|p2b: Arcanine|Extreme Speed|p1a: Ogerpon\n|-damage|p1a: Ogerpon|81\/100\n|move|p2a: Roaring Moon|Acrobatics|p1a: Ogerpon\n|-supereffective|p1a: Ogerpon\n|-damage|p1a: Ogerpon|0 fnt\n|faint|p1a: Ogerpon\n|move|p1b: Gyarados|Iron Head|p2a: Roaring Moon\n|-damage|p2a: Roaring Moon|0 fnt\n|faint|p2a: Roaring Moon\n|-end|p2a: Roaring Moon|Protosynthesis|[silent]\n|\n|-weather|SunnyDay|[upkeep]\n|-sideend|p2: rha1998|move: Tailwind\n|upkeep\n|\n|t:|1699951475\n|switch|p2a: Flutter Mane|Flutter Mane, L50|100\/100\n|-activate|p2a: Flutter Mane|ability: Protosynthesis\n|-start|p2a: Flutter Mane|protosynthesisspa\n|turn|5\n|\n|t:|1699951497\n|-terastallize|p2b: Arcanine|Grass\n|move|p1b: Gyarados|Iron Head|p2a: Flutter Mane\n|-supereffective|p2a: Flutter Mane\n|-damage|p2a: Flutter Mane|0 fnt\n|faint|p2a: Flutter Mane\n|-end|p2a: Flutter Mane|Protosynthesis|[silent]\n|move|p2b: Arcanine|Will-O-Wisp|p1b: Gyarados\n|-status|p1b: Gyarados|brn\n|\n|-weather|none\n|-damage|p1b: Gyarados|94\/100 brn|[from] brn\n|upkeep\n|turn|6\n|\n|t:|1699951519\n|move|p2b: Arcanine|Extreme Speed|p1b: Gyarados\n|-damage|p1b: Gyarados|77\/100 brn\n|move|p1b: Gyarados|Iron Head|p2b: Arcanine\n|-damage|p2b: Arcanine|87\/100 par\n|\n|-damage|p1b: Gyarados|71\/100 brn|[from] brn\n|upkeep\n|turn|7\n|\n|t:|1699951530\n|move|p2b: Arcanine|Extreme Speed|p1b: Gyarados\n|-damage|p1b: Gyarados|53\/100 brn\n|move|p1b: Gyarados|Iron Head|p2b: Arcanine\n|-damage|p2b: Arcanine|74\/100 par\n|\n|-damage|p1b: Gyarados|47\/100 brn|[from] brn\n|upkeep\n|turn|8\n|\n|t:|1699951538\n|move|p2b: Arcanine|Extreme Speed|p1b: Gyarados\n|-damage|p1b: Gyarados|30\/100 brn\n|move|p1b: Gyarados|Iron Head|p2b: Arcanine\n|-damage|p2b: Arcanine|60\/100 par\n|\n|-damage|p1b: Gyarados|24\/100 brn|[from] brn\n|upkeep\n|turn|9\n|\n|t:|1699951546\n|move|p2b: Arcanine|Extreme Speed|p1b: Gyarados\n|-damage|p1b: Gyarados|7\/100 brn\n|move|p1b: Gyarados|Iron Head|p2b: Arcanine\n|-damage|p2b: Arcanine|46\/100 par\n|-enditem|p2b: Arcanine|Sitrus Berry|[eat]\n|-heal|p2b: Arcanine|71\/100 par|[from] item: Sitrus Berry\n|\n|-damage|p1b: Gyarados|1\/100 brn|[from] brn\n|upkeep\n|turn|10\n|\n|t:|1699951556\n|move|p2b: Arcanine|Extreme Speed|p1b: Gyarados\n|-damage|p1b: Gyarados|0 fnt\n|faint|p1b: Gyarados\n|\n|win|rha1998\n|inactive|kinglysquizz has 50 seconds to confirm battle start!\n|inactive|rha1998 has 50 seconds to confirm battle start!\n|c|&|\/uhtml prompt-kinglysquizz,kinglysquizz is ready for game 2!\n|inactive|rha1998 has 40 seconds to confirm battle start!\n|c|&|\/uhtml prompt-rha1998,rha1998 is ready for game 2!\nBoth players are ready! Starting next match!\n|l| JamiWami\n|player|p1|kinglysquizz|265\n","uploadtime":1699952211,"views":13,"p1id":"kinglysquizz","p2id":"rha1998","formatid":"gen9vgc2023regulatione","rating":0,"private":0,"password":""}