{"id":"gen9vgc2023regulatione-1988945539","p1":"Shank4D","p2":"Sean2333","format":"[Gen 9] VGC 2023 Regulation E","log":"|j|\u2606Shank4D\n|j|\u2606Sean2333\n|t:|1699792486\n|gametype|doubles\n|player|p1|Shank4D|cynthia-gen4|1053\n|player|p2|Sean2333|170|1014\n|teamsize|p1|6\n|teamsize|p2|6\n|gen|9\n|tier|[Gen 9] VGC 2023 Regulation E\n|rated|\n|rule|Species Clause: Limit one of each Pok\u00e9mon\n|rule|Item Clause: Limit one of each item\n|clearpoke\n|poke|p1|Urshifu-*, L50, F|\n|poke|p1|Arcanine-Hisui, L50, M|\n|poke|p1|Chi-Yu, L50|\n|poke|p1|Dondozo, L50, M|\n|poke|p1|Tatsugiri, L50, M|\n|poke|p1|Iron Hands, L50|\n|poke|p2|Greninja-*, L50, F|\n|poke|p2|Torkoal, L50, M|\n|poke|p2|Lilligant-Hisui, L50, F|\n|poke|p2|Armarouge, L50, M|\n|poke|p2|Ogerpon-Cornerstone, L50, F|\n|poke|p2|Rillaboom, L50, F|\n|teampreview|4\n|inactive|Battle timer is ON: inactive players will automatically lose when time's up. (requested by Shank4D)\n|\n|t:|1699792507\n|start\n|switch|p1a: Urshifu|Urshifu-Rapid-Strike, L50, F|100\/100\n|switch|p1b: Iron Hands|Iron Hands, L50|100\/100\n|switch|p2a: Lilligant|Lilligant-Hisui, L50, F|100\/100\n|switch|p2b: Torkoal|Torkoal, L50, M|100\/100\n|-weather|SunnyDay|[from] ability: Drought|[of] p2b: Torkoal\n|turn|1\n|inactive|Sean2333 has 30 seconds left.\n|\n|t:|1699792535\n|move|p2b: Torkoal|Protect|p2b: Torkoal\n|-singleturn|p2b: Torkoal|Protect\n|move|p1b: Iron Hands|Fake Out|p2a: Lilligant\n|-damage|p2a: Lilligant|78\/100\n|cant|p2a: Lilligant|flinch\n|move|p1a: Urshifu|Surging Strikes|p2b: Torkoal\n|-supereffective|p2b: Torkoal\n|-crit|p2b: Torkoal\n|-damage|p2b: Torkoal|82\/100\n|-supereffective|p2b: Torkoal\n|-crit|p2b: Torkoal\n|-damage|p2b: Torkoal|62\/100\n|-supereffective|p2b: Torkoal\n|-crit|p2b: Torkoal\n|-damage|p2b: Torkoal|44\/100\n|-hitcount|p2b: Torkoal|3\n|\n|-weather|SunnyDay|[upkeep]\n|upkeep\n|turn|2\n|\n|t:|1699792564\n|switch|p2b: Rillaboom|Rillaboom, L50, F|100\/100\n|-fieldstart|move: Grassy Terrain|[from] ability: Grassy Surge|[of] p2b: Rillaboom\n|move|p2a: Lilligant|Sleep Powder|p1b: Iron Hands|[miss]\n|-miss|p2a: Lilligant|p1b: Iron Hands\n|move|p1a: Urshifu|Surging Strikes|p2b: Rillaboom\n|-resisted|p2b: Rillaboom\n|-crit|p2b: Rillaboom\n|-damage|p2b: Rillaboom|94\/100\n|-resisted|p2b: Rillaboom\n|-crit|p2b: Rillaboom\n|-damage|p2b: Rillaboom|87\/100\n|-resisted|p2b: Rillaboom\n|-crit|p2b: Rillaboom\n|-damage|p2b: Rillaboom|80\/100\n|-hitcount|p2b: Rillaboom|3\n|move|p1b: Iron Hands|Heavy Slam|p2a: Lilligant\n|-damage|p2a: Lilligant|16\/100\n|\n|-weather|SunnyDay|[upkeep]\n|-heal|p2a: Lilligant|22\/100|[from] Grassy Terrain\n|-heal|p2b: Rillaboom|86\/100|[from] Grassy Terrain\n|upkeep\n|turn|3\n|inactive|Shank4D has 30 seconds left.\n|inactive|Sean2333 has 30 seconds left.\n|\n|t:|1699792590\n|move|p1a: Urshifu|Detect|p1a: Urshifu\n|-singleturn|p1a: Urshifu|Protect\n|move|p1b: Iron Hands|Fake Out||[still]\n|-hint|Fake Out only works on your first turn out.\n|-fail|p1b: Iron Hands\n|move|p2b: Rillaboom|Grassy Glide|p1b: Iron Hands\n|-damage|p1b: Iron Hands|76\/100\n|move|p2a: Lilligant|Solar Blade||[still]\n|-prepare|p2a: Lilligant|Solar Blade\n|-anim|p2a: Lilligant|Solar Blade|p1a: Urshifu\n|-activate|p1a: Urshifu|move: Protect\n|\n|-weather|SunnyDay|[upkeep]\n|-heal|p2a: Lilligant|28\/100|[from] Grassy Terrain\n|-heal|p2b: Rillaboom|92\/100|[from] Grassy Terrain\n|-heal|p1b: Iron Hands|82\/100|[from] Grassy Terrain\n|upkeep\n|turn|4\n|inactive|Sean2333 has 30 seconds left.\n|\n|t:|1699792622\n|move|p2b: Rillaboom|Grassy Glide|p1b: Iron Hands\n|-damage|p1b: Iron Hands|56\/100\n|move|p2a: Lilligant|Solar Blade||[still]\n|-prepare|p2a: Lilligant|Solar Blade\n|-anim|p2a: Lilligant|Solar Blade|p1a: Urshifu\n|-supereffective|p1a: Urshifu\n|-damage|p1a: Urshifu|0 fnt\n|faint|p1a: Urshifu\n|move|p1b: Iron Hands|Heavy Slam|p2a: Lilligant\n|-damage|p2a: Lilligant|0 fnt\n|faint|p2a: Lilligant\n|\n|-weather|SunnyDay|[upkeep]\n|-heal|p2b: Rillaboom|98\/100|[from] Grassy Terrain\n|-heal|p1b: Iron Hands|62\/100|[from] Grassy Terrain\n|upkeep\n|\n|t:|1699792637\n|switch|p2a: Greninja|Greninja, L50, F|100\/100\n|switch|p1a: Dondozo|Dondozo, L50, M|100\/100\n|turn|5\n|inactive|Sean2333 has 30 seconds left.\n|inactive|Sean2333 has 20 seconds left.\n|inactive|Sean2333 has 15 seconds left.\n|\n|t:|1699792679\n|-terastallize|p2b: Rillaboom|Dragon\n|move|p1a: Dondozo|Protect|p1a: Dondozo\n|-singleturn|p1a: Dondozo|Protect\n|move|p2a: Greninja|U-turn|p1b: Iron Hands\n|-resisted|p1b: Iron Hands\n|-damage|p1b: Iron Hands|56\/100\n|\n|t:|1699792686\n|switch|p2a: Torkoal|Torkoal, L50, M|44\/100|[from] U-turn\n|move|p2b: Rillaboom|Tera Blast|p1b: Iron Hands|[anim] Tera Blast Dragon\n|-damage|p1b: Iron Hands|25\/100\n|move|p1b: Iron Hands|Wild Charge|p2a: Torkoal\n|-damage|p2a: Torkoal|4\/100\n|-damage|p1b: Iron Hands|17\/100|[from] Recoil\n|\n|-weather|SunnyDay|[upkeep]\n|-heal|p2b: Rillaboom|100\/100|[from] Grassy Terrain\n|-heal|p1b: Iron Hands|23\/100|[from] Grassy Terrain\n|-heal|p2a: Torkoal|10\/100|[from] Grassy Terrain\n|upkeep\n|turn|6\n|\n|t:|1699792708\n|move|p2a: Torkoal|Protect|p2a: Torkoal\n|-singleturn|p2a: Torkoal|Protect\n|move|p2b: Rillaboom|Drum Beating|p1a: Dondozo\n|-supereffective|p1a: Dondozo\n|-damage|p1a: Dondozo|24\/100\n|-unboost|p1a: Dondozo|spe|1\n|move|p1b: Iron Hands|Drain Punch|p2b: Rillaboom\n|-damage|p2b: Rillaboom|54\/100\n|-heal|p1b: Iron Hands|40\/100|[from] drain|[of] p2b: Rillaboom\n|move|p1a: Dondozo|Tera Blast|p2a: Torkoal\n|-activate|p2a: Torkoal|move: Protect\n|\n|-weather|SunnyDay|[upkeep]\n|-heal|p2b: Rillaboom|59\/100|[from] Grassy Terrain\n|-heal|p1b: Iron Hands|46\/100|[from] Grassy Terrain\n|-heal|p1a: Dondozo|30\/100|[from] Grassy Terrain\n|-heal|p1a: Dondozo|36\/100|[from] item: Leftovers\n|-heal|p2a: Torkoal|16\/100|[from] Grassy Terrain\n|upkeep\n|turn|7\n|inactive|Shank4D has 30 seconds left.\n|inactive|Sean2333 has 30 seconds left.\n|inactive|Shank4D has 20 seconds left.\n|inactive|Shank4D has 15 seconds left.\n|inactive|Sean2333 has 20 seconds left.\n|inactive|Shank4D has 10 seconds left.\n|\n|t:|1699792754\n|switch|p2a: Greninja|Greninja, L50, F|100\/100\n|-terastallize|p1a: Dondozo|Dragon\n|move|p1a: Dondozo|Protect|p1a: Dondozo\n|-singleturn|p1a: Dondozo|Protect\n|move|p2b: Rillaboom|Drum Beating|p1a: Dondozo\n|-activate|p1a: Dondozo|move: Protect\n|move|p1b: Iron Hands|Drain Punch|p2b: Rillaboom\n|-damage|p2b: Rillaboom|16\/100\n|-heal|p1b: Iron Hands|62\/100|[from] drain|[of] p2b: Rillaboom\n|\n|-weather|SunnyDay|[upkeep]\n|-heal|p2b: Rillaboom|22\/100|[from] Grassy Terrain\n|-heal|p1b: Iron Hands|68\/100|[from] Grassy Terrain\n|-heal|p1a: Dondozo|42\/100|[from] Grassy Terrain\n|-heal|p1a: Dondozo|48\/100|[from] item: Leftovers\n|upkeep\n|turn|8\n|inactive|Shank4D has 30 seconds left.\n|\n|t:|1699792780\n|move|p2a: Greninja|Water Shuriken|p1b: Iron Hands\n|-damage|p1b: Iron Hands|67\/100\n|-damage|p1b: Iron Hands|66\/100\n|-damage|p1b: Iron Hands|64\/100\n|-damage|p1b: Iron Hands|63\/100\n|-damage|p1b: Iron Hands|62\/100\n|-hitcount|p1b: Iron Hands|5\n|move|p2b: Rillaboom|Tera Blast|p1a: Dondozo|[anim] Tera Blast Dragon\n|-supereffective|p1a: Dondozo\n|-damage|p1a: Dondozo|0 fnt\n|faint|p1a: Dondozo\n|move|p1b: Iron Hands|Wild Charge|p2a: Greninja\n|-supereffective|p2a: Greninja\n|-damage|p2a: Greninja|0 fnt\n|faint|p2a: Greninja\n|-damage|p1b: Iron Hands|46\/100|[from] Recoil\n|\n|-weather|none\n|-heal|p2b: Rillaboom|27\/100|[from] Grassy Terrain\n|-heal|p1b: Iron Hands|52\/100|[from] Grassy Terrain\n|upkeep\n|\n|t:|1699792798\n|switch|p2a: Torkoal|Torkoal, L50, M|16\/100\n|switch|p1a: Tatsugiri|Tatsugiri, L50, M|100\/100\n|-weather|SunnyDay|[from] ability: Drought|[of] p2a: Torkoal\n|turn|9\n|inactive|Shank4D has 30 seconds left.\n|inactive|Sean2333 has 30 seconds left.\n|\n|t:|1699792829\n|move|p2a: Torkoal|Protect|p2a: Torkoal\n|-singleturn|p2a: Torkoal|Protect\n|move|p1b: Iron Hands|Fake Out||[still]\n|-hint|Fake Out only works on your first turn out.\n|-fail|p1b: Iron Hands\n|move|p1a: Tatsugiri|Draco Meteor|p2b: Rillaboom\n|-supereffective|p2b: Rillaboom\n|-damage|p2b: Rillaboom|0 fnt\n|-unboost|p1a: Tatsugiri|spa|2\n|faint|p2b: Rillaboom\n|\n|-weather|SunnyDay|[upkeep]\n|-heal|p1b: Iron Hands|58\/100|[from] Grassy Terrain\n|-heal|p2a: Torkoal|23\/100|[from] Grassy Terrain\n|-fieldend|move: Grassy Terrain\n|upkeep\n|turn|10\n|\n|t:|1699792846\n|move|p1a: Tatsugiri|Draco Meteor|p2a: Torkoal\n|-damage|p2a: Torkoal|0 fnt\n|-unboost|p1a: Tatsugiri|spa|2\n|faint|p2a: Torkoal\n|\n|win|Shank4D\n|raw|Shank4D's rating: 1053 &rarr; <strong>1081<\/strong><br \/>(+28 for winning)\n|raw|Sean2333's rating: 1014 &rarr; <strong>1003<\/strong><br \/>(-11 for losing)\n|l|\u2606Sean2333\n","uploadtime":1699792904,"views":13,"p1id":"shank4d","p2id":"sean2333","formatid":"gen9vgc2023regulatione","rating":1003,"private":0,"password":""}