{"id":"gen9vgc2023regulatione-1997934450","p1":"Venefici","p2":"Gen One Rival","format":"[Gen 9] VGC 2023 Regulation E","log":"|j|\u2606Venefici\n|j|\u2606Gen One Rival\n|t:|1700869255\n|gametype|doubles\n|player|p1|Venefici|hugh|1102\n|player|p2|Gen One Rival|blue-gen1rbchampion|1203\n|teamsize|p1|6\n|teamsize|p2|6\n|gen|9\n|tier|[Gen 9] VGC 2023 Regulation E\n|rated|\n|rule|Species Clause: Limit one of each Pok\u00e9mon\n|rule|Item Clause: Limit one of each item\n|clearpoke\n|poke|p1|Volcarona, L50, F|\n|poke|p1|Sinistcha, L50|\n|poke|p1|Snorlax, L50, M|\n|poke|p1|Milotic, L50, F|\n|poke|p1|Indeedee-F, L50, F|\n|poke|p1|Iron Hands, L50|\n|poke|p2|Golem-Alola, L50, F|\n|poke|p2|Dondozo, L50, M|\n|poke|p2|Iron Hands, L50|\n|poke|p2|Rabsca, L50, F|\n|poke|p2|Armarouge, L50, F|\n|poke|p2|Indeedee-F, L50, F|\n|teampreview|4\n|inactive|Battle timer is ON: inactive players will automatically lose when time's up. (requested by Gen One Rival)\n|inactive|Venefici also wants the timer to be on.\n|\n|t:|1700869278\n|start\n|switch|p1a: Volcarona|Volcarona, L50, F|100\/100\n|switch|p1b: Snorlax|Snorlax, L50, M|100\/100\n|switch|p2a: Iron Hands|Iron Hands, L50|100\/100\n|switch|p2b: Armarouge|Armarouge, L50, F|100\/100\n|turn|1\n|inactive|Gen One Rival has 30 seconds left.\n|inactive|Gen One Rival has 20 seconds left.\n|inactive|Gen One Rival has 15 seconds left.\n|\n|t:|1700869319\n|move|p1a: Volcarona|Protect|p1a: Volcarona\n|-singleturn|p1a: Volcarona|Protect\n|move|p1b: Snorlax|Protect|p1b: Snorlax\n|-singleturn|p1b: Snorlax|Protect\n|move|p2b: Armarouge|Expanding Force|p1b: Snorlax\n|-activate|p1b: Snorlax|move: Protect\n|move|p2a: Iron Hands|Drain Punch|p1b: Snorlax\n|-activate|p1b: Snorlax|move: Protect\n|\n|upkeep\n|turn|2\n|inactive|Venefici has 30 seconds left.\n|inactive|Venefici has 20 seconds left.\n|\n|t:|1700869357\n|switch|p1b: Sinistcha|Sinistcha, L50|100\/100\n|move|p1a: Volcarona|Quiver Dance|p1a: Volcarona\n|-boost|p1a: Volcarona|spa|1\n|-boost|p1a: Volcarona|spd|1\n|-boost|p1a: Volcarona|spe|1\n|move|p2b: Armarouge|Armor Cannon|p1a: Volcarona\n|-damage|p1a: Volcarona|60\/100\n|-unboost|p2b: Armarouge|def|1\n|-unboost|p2b: Armarouge|spd|1\n|move|p2a: Iron Hands|Drain Punch|p1b: Sinistcha\n|-immune|p1b: Sinistcha\n|\n|-heal|p1a: Volcarona|65\/100|[from] item: Leftovers\n|upkeep\n|turn|3\n|inactive|Venefici has 30 seconds left.\n|inactive|Gen One Rival has 30 seconds left.\n|\n|t:|1700869391\n|-terastallize|p1a: Volcarona|Dragon\n|move|p1a: Volcarona|Fiery Dance|p2a: Iron Hands\n|-damage|p2a: Iron Hands|67\/100\n|move|p2b: Armarouge|Armor Cannon|p1b: Sinistcha\n|-supereffective|p1b: Sinistcha\n|-damage|p1b: Sinistcha|0 fnt\n|-unboost|p2b: Armarouge|def|1\n|-unboost|p2b: Armarouge|spd|1\n|faint|p1b: Sinistcha\n|move|p2a: Iron Hands|Heavy Slam|p1a: Volcarona\n|-damage|p1a: Volcarona|16\/100\n|-status|p2a: Iron Hands|brn|[from] ability: Flame Body|[of] p1a: Volcarona\n|\n|-heal|p1a: Volcarona|21\/100|[from] item: Leftovers\n|-damage|p2a: Iron Hands|60\/100 brn|[from] brn\n|upkeep\n|\n|t:|1700869408\n|switch|p1b: Snorlax|Snorlax, L50, M|100\/100\n|turn|4\n|\n|t:|1700869417\n|move|p1a: Volcarona|Giga Drain|p2a: Iron Hands\n|-damage|p2a: Iron Hands|38\/100 brn\n|-heal|p1a: Volcarona|37\/100|[from] drain|[of] p2a: Iron Hands\n|move|p2b: Armarouge|Expanding Force|p1a: Volcarona\n|-damage|p1a: Volcarona|9\/100\n|move|p2a: Iron Hands|Heavy Slam|p1a: Volcarona\n|-damage|p1a: Volcarona|0 fnt\n|faint|p1a: Volcarona\n|move|p1b: Snorlax|Belly Drum|p1b: Snorlax\n|-damage|p1b: Snorlax|50\/100\n|-setboost|p1b: Snorlax|atk|6|[from] move: Belly Drum\n|-enditem|p1b: Snorlax|Sitrus Berry|[eat]\n|-heal|p1b: Snorlax|75\/100|[from] item: Sitrus Berry\n|\n|-damage|p2a: Iron Hands|32\/100 brn|[from] brn\n|upkeep\n|\n|t:|1700869432\n|switch|p1a: Indeedee|Indeedee-F, L50, F|100\/100\n|-fieldstart|move: Psychic Terrain|[from] ability: Psychic Surge|[of] p1a: Indeedee\n|turn|5\n|\n|t:|1700869444\n|move|p1b: Snorlax|Protect|p1b: Snorlax\n|-singleturn|p1b: Snorlax|Protect\n|move|p2b: Armarouge|Shadow Ball|p1a: Indeedee\n|-immune|p1a: Indeedee\n|move|p2a: Iron Hands|Drain Punch|p1b: Snorlax\n|-activate|p1b: Snorlax|move: Protect\n|move|p1a: Indeedee|Trick Room|p1a: Indeedee\n|-fieldstart|move: Trick Room|[of] p1a: Indeedee\n|\n|-damage|p2a: Iron Hands|26\/100 brn|[from] brn\n|upkeep\n|turn|6\n|\n|t:|1700869458\n|move|p1a: Indeedee|Follow Me|p1a: Indeedee\n|-singleturn|p1a: Indeedee|move: Follow Me\n|move|p1b: Snorlax|Body Slam|p2b: Armarouge\n|-damage|p2b: Armarouge|0 fnt\n|faint|p2b: Armarouge\n|move|p2a: Iron Hands|Drain Punch|p1a: Indeedee\n|-damage|p1a: Indeedee|80\/100\n|-heal|p2a: Iron Hands|33\/100 brn|[from] drain|[of] p1a: Indeedee\n|-damage|p2a: Iron Hands|16\/100 brn|[from] item: Rocky Helmet|[of] p1a: Indeedee\n|\n|-damage|p2a: Iron Hands|10\/100 brn|[from] brn\n|upkeep\n|\n|t:|1700869466\n|switch|p2b: Golem|Golem-Alola, L50, F|100\/100\n|turn|7\n|\n|t:|1700869482\n|-end|p2a: Iron Hands|Quark Drive|[silent]\n|switch|p2a: Rabsca|Rabsca, L50, F|100\/100\n|move|p1b: Snorlax|Protect|p1b: Snorlax\n|-singleturn|p1b: Snorlax|Protect\n|move|p2b: Golem|Protect|p2b: Golem\n|-singleturn|p2b: Golem|Protect\n|move|p1a: Indeedee|Dazzling Gleam|p2b: Golem|[spread] p2a\n|-activate|p2b: Golem|move: Protect\n|-damage|p2a: Rabsca|90\/100\n|\n|upkeep\n|turn|8\n|\n|t:|1700869503\n|move|p1a: Indeedee|Follow Me|p1a: Indeedee\n|-singleturn|p1a: Indeedee|move: Follow Me\n|move|p1b: Snorlax|Body Slam|p2a: Rabsca\n|-damage|p2a: Rabsca|0 fnt\n|faint|p2a: Rabsca\n|move|p2b: Golem|Explosion|p1b: Snorlax|[spread] p1a,p1b\n|-damage|p1a: Indeedee|0 fnt\n|-damage|p1b: Snorlax|0 fnt\n|faint|p2b: Golem\n|faint|p1a: Indeedee\n|faint|p1b: Snorlax\n|\n|win|Gen One Rival\n|raw|Venefici's rating: 1102 &rarr; <strong>1084<\/strong><br \/>(-18 for losing)\n|raw|Gen One Rival's rating: 1203 &rarr; <strong>1221<\/strong><br \/>(+18 for winning)\n|l|\u2606Gen One Rival\n","uploadtime":1700869522,"views":6,"p1id":"venefici","p2id":"genonerival","formatid":"gen9vgc2023regulatione","rating":1084,"private":0,"password":""}