{"id":"gen9vgc2023regulatione-1992241413","p1":"bosilek","p2":"ELFRAN132","format":"[Gen 9] VGC 2023 Regulation E","log":"|j|\u2606bosilek\n|j|\u2606ELFRAN132\n|t:|1700166893\n|gametype|doubles\n|player|p1|bosilek|drayden|1165\n|player|p2|ELFRAN132|101|1227\n|teamsize|p1|6\n|teamsize|p2|6\n|gen|9\n|tier|[Gen 9] VGC 2023 Regulation E\n|rated|\n|rule|Species Clause: Limit one of each Pok\u00e9mon\n|rule|Item Clause: Limit one of each item\n|clearpoke\n|poke|p1|Basculegion, L50, M|\n|poke|p1|Rillaboom, L50, F|\n|poke|p1|Chi-Yu, L50|\n|poke|p1|Clefairy, L50, F|\n|poke|p1|Tyranitar, L50, F|\n|poke|p1|Landorus-Therian, L50, M|\n|poke|p2|Clefairy, L50, F|\n|poke|p2|Flamigo, L50, F|\n|poke|p2|Iron Bundle, L50|\n|poke|p2|Kingambit, L50, M|\n|poke|p2|Magcargo, L50, F|\n|poke|p2|Rillaboom, L50, M|\n|teampreview|4\n|\n|t:|1700167013\n|start\n|switch|p1a: Tyranitar|Tyranitar, L50, F|100\/100\n|switch|p1b: Chi-Yu|Chi-Yu, L50|100\/100\n|switch|p2a: Magcargo|Magcargo, L50, F|100\/100\n|switch|p2b: Clefairy|Clefairy, L50, F|100\/100\n|-ability|p1b: Chi-Yu|Beads of Ruin\n|-weather|Sandstorm|[from] ability: Sand Stream|[of] p1a: Tyranitar\n|turn|1\n|\n|t:|1700167046\n|move|p2a: Magcargo|Protect|p2a: Magcargo\n|-singleturn|p2a: Magcargo|Protect\n|move|p1b: Chi-Yu|Snarl|p2a: Magcargo|[spread] p2b\n|-activate|p2a: Magcargo|move: Protect\n|-resisted|p2b: Clefairy\n|-damage|p2b: Clefairy|88\/100\n|-unboost|p2b: Clefairy|spa|1\n|move|p1a: Tyranitar|Rock Slide|p2b: Clefairy|[spread] p2b\n|-activate|p2a: Magcargo|move: Protect\n|-damage|p2b: Clefairy|62\/100\n|move|p2b: Clefairy|Sing|p1a: Tyranitar\n|-status|p1a: Tyranitar|slp|[from] move: Sing\n|\n|-weather|Sandstorm|[upkeep]\n|-damage|p1b: Chi-Yu|94\/100|[from] Sandstorm\n|-damage|p2b: Clefairy|56\/100|[from] Sandstorm\n|upkeep\n|turn|2\n|\n|t:|1700167096\n|switch|p2b: Kingambit|Kingambit, L50, M|100\/100\n|move|p1b: Chi-Yu|Protect|p1b: Chi-Yu\n|-singleturn|p1b: Chi-Yu|Protect\n|cant|p1a: Tyranitar|slp\n|move|p2a: Magcargo|Shell Smash|p2a: Magcargo\n|-unboost|p2a: Magcargo|def|1\n|-unboost|p2a: Magcargo|spd|1\n|-boost|p2a: Magcargo|atk|2\n|-boost|p2a: Magcargo|spa|2\n|-boost|p2a: Magcargo|spe|2\n|-enditem|p2a: Magcargo|White Herb\n|-clearnegativeboost|p2a: Magcargo|[silent]\n|\n|-weather|Sandstorm|[upkeep]\n|-damage|p1b: Chi-Yu|88\/100|[from] Sandstorm\n|upkeep\n|turn|3\n|\n|t:|1700167145\n|move|p2a: Magcargo|Power Gem|p1b: Chi-Yu\n|-supereffective|p1b: Chi-Yu\n|-damage|p1b: Chi-Yu|0 fnt\n|faint|p1b: Chi-Yu\n|cant|p1a: Tyranitar|slp\n|move|p2b: Kingambit|Iron Head|p1a: Tyranitar\n|-supereffective|p1a: Tyranitar\n|-damage|p1a: Tyranitar|18\/100 slp\n|\n|-weather|Sandstorm|[upkeep]\n|upkeep\n|\n|t:|1700167150\n|switch|p1b: Basculegion|Basculegion, L50, M, shiny|100\/100\n|turn|4\n|\n|t:|1700167220\n|-terastallize|p2a: Magcargo|Dragon\n|-terastallize|p1b: Basculegion|Water\n|move|p2b: Kingambit|Sucker Punch|p1b: Basculegion\n|-damage|p1b: Basculegion|50\/100\n|move|p2a: Magcargo|Heat Wave|p1a: Tyranitar|[spread] p1a,p1b\n|-resisted|p1a: Tyranitar\n|-resisted|p1b: Basculegion\n|-damage|p1a: Tyranitar|4\/100 slp\n|-damage|p1b: Basculegion|19\/100\n|move|p1b: Basculegion|Wave Crash|p2a: Magcargo\n|-resisted|p2a: Magcargo\n|-damage|p2a: Magcargo|47\/100\n|-damage|p1b: Basculegion|9\/100|[from] Recoil\n|cant|p1a: Tyranitar|slp\n|\n|-weather|Sandstorm|[upkeep]\n|-damage|p2a: Magcargo|41\/100|[from] Sandstorm\n|-damage|p1b: Basculegion|3\/100|[from] Sandstorm\n|upkeep\n|turn|5\n|\n|t:|1700167248\n|switch|p1b: Clefairy|Clefairy, L50, F|100\/100\n|move|p2b: Kingambit|Sucker Punch||[still]\n|-fail|p2b: Kingambit\n|move|p2a: Magcargo|Heat Wave|p1a: Tyranitar|[spread] p1a,p1b\n|-resisted|p1a: Tyranitar\n|-crit|p1a: Tyranitar\n|-damage|p1a: Tyranitar|0 fnt\n|-damage|p1b: Clefairy|58\/100\n|faint|p1a: Tyranitar\n|\n|-weather|none\n|upkeep\n|\n|t:|1700167258\n|switch|p1a: Basculegion|Basculegion, L50, M, shiny, tera:Water|3\/100\n|turn|6\n|\n|t:|1700167272\n|move|p2a: Magcargo|Heat Wave|p1b: Clefairy|[spread] p1b\n|-miss|p2a: Magcargo|p1a: Basculegion\n|-damage|p1b: Clefairy|8\/100\n|move|p1a: Basculegion|Last Respects|p2a: Magcargo\n|-damage|p2a: Magcargo|0 fnt\n|faint|p2a: Magcargo\n|move|p2b: Kingambit|Iron Head|p1b: Clefairy\n|-supereffective|p1b: Clefairy\n|-damage|p1b: Clefairy|0 fnt\n|faint|p1b: Clefairy\n|\n|upkeep\n|c|\u2606ELFRAN132|gg\n|\n|t:|1700167283\n|switch|p2a: Rillaboom|Rillaboom, L50, M|100\/100\n|-fieldstart|move: Grassy Terrain|[from] ability: Grassy Surge|[of] p2a: Rillaboom\n|turn|7\n|\n|t:|1700167287\n|move|p1a: Basculegion|Protect|p1a: Basculegion\n|-singleturn|p1a: Basculegion|Protect\n|move|p2a: Rillaboom|Grassy Glide|p1a: Basculegion\n|-activate|p1a: Basculegion|move: Protect\n|move|p2b: Kingambit|Iron Head|p1a: Basculegion\n|-activate|p1a: Basculegion|move: Protect\n|\n|-heal|p1a: Basculegion|9\/100|[from] Grassy Terrain\n|upkeep\n|turn|8\n|\n|t:|1700167297\n|move|p1a: Basculegion|Aqua Jet|p2b: Kingambit\n|-damage|p2b: Kingambit|76\/100\n|move|p2a: Rillaboom|Grassy Glide|p1a: Basculegion\n|-supereffective|p1a: Basculegion\n|-damage|p1a: Basculegion|0 fnt\n|faint|p1a: Basculegion\n|\n|win|ELFRAN132\n|raw|bosilek's rating: 1194 &rarr; <strong>1171<\/strong><br \/>(-23 for losing)\n|raw|ELFRAN132's rating: 1227 &rarr; <strong>1250<\/strong><br \/>(+23 for winning)\n|l|\u2606bosilek\n","uploadtime":1700167309,"views":8,"p1id":"bosilek","p2id":"elfran132","formatid":"gen9vgc2023regulatione","rating":1171,"private":0,"password":""}