{"id":"gen9vgc2023regulatione-1999105224","p1":"FoxieBoosted","p2":"M1kethetiger","format":"[Gen 9] VGC 2023 Regulation E","log":"|j|\u2606FoxieBoosted\n|j|\u2606M1kethetiger\n|t:|1701033678\n|gametype|doubles\n|player|p1|FoxieBoosted|tuber|1389\n|player|p2|M1kethetiger|265|1330\n|teamsize|p1|6\n|teamsize|p2|6\n|gen|9\n|tier|[Gen 9] VGC 2023 Regulation E\n|rated|\n|rule|Species Clause: Limit one of each Pok\u00e9mon\n|rule|Item Clause: Limit one of each item\n|clearpoke\n|poke|p1|Dragonite, L50, M|\n|poke|p1|Kingambit, L50, M|\n|poke|p1|Chien-Pao, L50|\n|poke|p1|Amoonguss, L50, F|\n|poke|p1|Urshifu-*, L50, M|\n|poke|p1|Ogerpon-Hearthflame, L50, F|\n|poke|p2|Scizor, L50, F|\n|poke|p2|Perrserker, L50, F|\n|poke|p2|Glimmora, L50, F|\n|poke|p2|Landorus-Therian, L50, M|\n|poke|p2|Dondozo, L50, F|\n|poke|p2|Tatsugiri, L50, F|\n|teampreview|4\n|\n|t:|1701033697\n|start\n|switch|p1a: Kingambit|Kingambit, L50, M|100\/100\n|switch|p1b: Ogerpon|Ogerpon-Hearthflame, L50, F|100\/100\n|switch|p2a: Scizor|Scizor, L50, F|100\/100\n|switch|p2b: Perrserker|Perrserker, L50, F, shiny|100\/100\n|-ability|p1b: Ogerpon|Mold Breaker\n|turn|1\n|inactive|Battle timer is ON: inactive players will automatically lose when time's up. (requested by M1kethetiger)\n|\n|t:|1701033713\n|-terastallize|p1b: Ogerpon|Fire\n|detailschange|p1b: Ogerpon|Ogerpon-Hearthflame-Tera, L50, F, tera:Fire\n|-ability|p1b: Ogerpon|Embody Aspect (Hearthflame)|boost\n|-boost|p1b: Ogerpon|atk|1\n|move|p2b: Perrserker|Fake Out|p1b: Ogerpon\n|-damage|p1b: Ogerpon|88\/100\n|cant|p1b: Ogerpon|flinch\n|move|p2a: Scizor|Swords Dance|p2a: Scizor\n|-boost|p2a: Scizor|atk|2\n|move|p1a: Kingambit|Kowtow Cleave|p2a: Scizor\n|-damage|p2a: Scizor|34\/100\n|\n|upkeep\n|turn|2\n|\n|t:|1701033733\n|move|p2b: Perrserker|Helping Hand|p2a: Scizor\n|-singleturn|p2a: Scizor|Helping Hand|[of] p2b: Perrserker\n|move|p2a: Scizor|Bullet Punch|p1b: Ogerpon\n|-resisted|p1b: Ogerpon\n|-crit|p1b: Ogerpon\n|-damage|p1b: Ogerpon|0 fnt\n|faint|p1b: Ogerpon\n|move|p1a: Kingambit|Sucker Punch||[still]\n|-fail|p1a: Kingambit\n|\n|upkeep\n|\n|t:|1701033739\n|switch|p1b: Dragonite|Dragonite, L50, M|100\/100\n|turn|3\n|\n|t:|1701033756\n|move|p2a: Scizor|Protect|p2a: Scizor\n|-singleturn|p2a: Scizor|Protect\n|move|p1b: Dragonite|Stomping Tantrum|p2b: Perrserker\n|-supereffective|p2b: Perrserker\n|-damage|p2b: Perrserker|45\/100\n|-enditem|p2b: Perrserker|Sitrus Berry|[eat]\n|-heal|p2b: Perrserker|70\/100|[from] item: Sitrus Berry\n|move|p1a: Kingambit|Kowtow Cleave|p2a: Scizor\n|-activate|p2a: Scizor|move: Protect\n|move|p2b: Perrserker|Iron Head|p1b: Dragonite\n|-damage|p1b: Dragonite|52\/100\n|\n|upkeep\n|turn|4\n|\n|t:|1701033774\n|switch|p1b: Amoonguss|Amoonguss, L50, F|100\/100\n|move|p2a: Scizor|Bullet Punch|p1b: Amoonguss\n|-damage|p1b: Amoonguss|20\/100\n|-enditem|p1b: Amoonguss|Sitrus Berry|[eat]\n|-heal|p1b: Amoonguss|45\/100|[from] item: Sitrus Berry\n|move|p1a: Kingambit|Kowtow Cleave|p2a: Scizor\n|-damage|p2a: Scizor|0 fnt\n|faint|p2a: Scizor\n|move|p2b: Perrserker|Iron Head|p1a: Kingambit\n|-resisted|p1a: Kingambit\n|-damage|p1a: Kingambit|83\/100\n|\n|upkeep\n|\n|t:|1701033792\n|switch|p2a: Tatsugiri|Tatsugiri, L50, F|100\/100\n|turn|5\n|\n|t:|1701033806\n|move|p2a: Tatsugiri|Draco Meteor|p1b: Amoonguss\n|-damage|p1b: Amoonguss|0 fnt\n|-unboost|p2a: Tatsugiri|spa|2\n|faint|p1b: Amoonguss\n|move|p1a: Kingambit|Kowtow Cleave|p2a: Tatsugiri\n|-damage|p2a: Tatsugiri|21\/100\n|move|p2b: Perrserker|Iron Head|p1a: Kingambit\n|-resisted|p1a: Kingambit\n|-damage|p1a: Kingambit|63\/100\n|\n|upkeep\n|\n|t:|1701033810\n|switch|p1b: Dragonite|Dragonite, L50, M|52\/100\n|turn|6\n|\n|t:|1701033822\n|switch|p2b: Dondozo|Dondozo, L50, F|100\/100\n|-activate|p2a: Tatsugiri|ability: Commander|[of] p2b: Dondozo\n|-boost|p2b: Dondozo|atk|2\n|-boost|p2b: Dondozo|spa|2\n|-boost|p2b: Dondozo|spe|2\n|-boost|p2b: Dondozo|def|2\n|-boost|p2b: Dondozo|spd|2\n|move|p1b: Dragonite|Thunder Punch|p2b: Dondozo\n|-supereffective|p2b: Dondozo\n|-damage|p2b: Dondozo|81\/100\n|move|p1a: Kingambit|Kowtow Cleave|p2b: Dondozo\n|-damage|p2b: Dondozo|63\/100\n|\n|-heal|p2b: Dondozo|69\/100|[from] item: Leftovers\n|upkeep\n|turn|7\n|-message|FoxieBoosted forfeited.\n|\n|win|M1kethetiger\n|raw|FoxieBoosted's rating: 1389 &rarr; <strong>1366<\/strong><br \/>(-23 for losing)\n|raw|M1kethetiger's rating: 1330 &rarr; <strong>1353<\/strong><br \/>(+23 for winning)\n|l|\u2606FoxieBoosted\n|l|\u2606M1kethetiger\n|j|\u2606M1kethetiger\n|player|p2|M1kethetiger|265\n","uploadtime":1701033965,"views":7,"p1id":"foxieboosted","p2id":"m1kethetiger","formatid":"gen9vgc2023regulatione","rating":1353,"private":0,"password":""}