{"id":"gen9vgc2023regulatione-1993804237","p1":"Salamencetv","p2":"F3athers","format":"[Gen 9] VGC 2023 Regulation E","log":"|j|\u2606Salamencetv\n|j|\u2606F3athers\n|n|\u2606Salamencetv|salamencetv\n|n|\u2606F3athers|f3athers\n|html|View the match progress at <a href=\"\/game-bestof3-gen9vgc2023regulatione-1993804236\">game-bestof3-gen9vgc2023regulatione-1993804236<\/a>\n|t:|1700359298\n|gametype|doubles\n|player|p1|Salamencetv|pryce|\n|player|p2|F3athers|hoopster|\n|teamsize|p1|6\n|teamsize|p2|6\n|gen|9\n|tier|[Gen 9] VGC 2023 Regulation E\n|rule|Species Clause: Limit one of each Pok\u00e9mon\n|rule|Item Clause: Limit one of each item\n|clearpoke\n|poke|p1|Goodra-Hisui, L50, F|\n|poke|p1|Rillaboom, L50, M|\n|poke|p1|Typhlosion, L50, M|\n|poke|p1|Sneasler, L50, F|\n|poke|p1|Drifblim, L50, F|\n|poke|p1|Slowbro, L50, F|\n|poke|p2|Great Tusk, L50|\n|poke|p2|Weavile, L50, M|\n|poke|p2|Eelektross, L50, M|\n|poke|p2|Morpeko, L50, F|\n|poke|p2|Tornadus, L50, M|\n|poke|p2|Gardevoir, L50, F|\n|teampreview|4\nSalamencetv rejected open team sheets.\n|c|\u2606Salamencetv|GLHF\n|j| Stryke Out\n|j| MunchVGC\n|j| kodiedunn\n|c|\u2606F3athers|yup glhf\n|j| LackieLackey\n|l| kodiedunn\n|j| ryanogiggs11\n|c| MunchVGC|wait\n|j| kodiedunn\n|c| MunchVGC|for recording\n|c|\u2606F3athers|okay sure\n|c|\u2606F3athers|let us know when you ready\n|c| ryanogiggs11|Ready to go\n|\n|t:|1700359480\n|start\n|switch|p1a: Dr Balloney|Drifblim, L50, F|100\/100\n|switch|p1b: YAS QUEEN|Sneasler, L50, F|100\/100\n|switch|p2a: Great Tusk|Great Tusk, L50|100\/100\n|switch|p2b: Tornadus|Tornadus, L50, M|100\/100\n|-enditem|p2a: Great Tusk|Booster Energy\n|-activate|p2a: Great Tusk|ability: Protosynthesis|[fromitem]\n|-start|p2a: Great Tusk|protosynthesisdef\n|turn|1\n|j| steelrevolution337\n|\n|t:|1700359545\n|-terastallize|p2a: Great Tusk|Poison\n|move|p1b: YAS QUEEN|Protect|p1b: YAS QUEEN\n|-singleturn|p1b: YAS QUEEN|Protect\n|move|p2b: Tornadus|Icy Wind|p1a: Dr Balloney|[spread] p1a\n|-activate|p1b: YAS QUEEN|move: Protect\n|-supereffective|p1a: Dr Balloney\n|-damage|p1a: Dr Balloney|74\/100\n|-unboost|p1a: Dr Balloney|spe|1\n|move|p2a: Great Tusk|Rock Slide|p1a: Dr Balloney|[spread] p1a\n|-activate|p1b: YAS QUEEN|move: Protect\n|-supereffective|p1a: Dr Balloney\n|-damage|p1a: Dr Balloney|27\/100\n|move|p1a: Dr Balloney|Tailwind|p1a: Dr Balloney\n|-sidestart|p1: Salamencetv|move: Tailwind\n|\n|upkeep\n|turn|2\n|\n|t:|1700359617\n|switch|p1b: Jason Mamoa|Rillaboom, L50, M|100\/100\n|-fieldstart|move: Grassy Terrain|[from] ability: Grassy Surge|[of] p1b: Jason Mamoa\n|move|p2b: Tornadus|Tailwind|p2b: Tornadus\n|-sidestart|p2: F3athers|move: Tailwind\n|move|p2a: Great Tusk|Headlong Rush|p1b: Jason Mamoa\n|-resisted|p1b: Jason Mamoa\n|-damage|p1b: Jason Mamoa|72\/100\n|-unboost|p2a: Great Tusk|def|1\n|-unboost|p2a: Great Tusk|spd|1\n|move|p1a: Dr Balloney|Destiny Bond|p1a: Dr Balloney\n|-singlemove|p1a: Dr Balloney|Destiny Bond\n|\n|-heal|p1b: Jason Mamoa|78\/100|[from] Grassy Terrain\n|upkeep\n|turn|3\n|\n|t:|1700359661\n|switch|p1b: Woomy|Goodra-Hisui, L50, F|100\/100\n|move|p2b: Tornadus|Taunt|p1a: Dr Balloney\n|-start|p1a: Dr Balloney|move: Taunt\n|move|p2a: Great Tusk|Tera Blast|p1b: Woomy|[anim] Tera Blast Poison\n|-immune|p1b: Woomy\n|cant|p1a: Dr Balloney|move: Taunt|Will-O-Wisp\n|\n|upkeep\n|turn|4\n|l| LackieLackey\n|j| LackieLackey\n|\n|t:|1700359706\n|-terastallize|p1b: Woomy|Water\n|move|p2b: Tornadus|Bleakwind Storm|p1a: Dr Balloney|[spread] p1a,p1b\n|-damage|p1a: Dr Balloney|0 fnt\n|-damage|p1b: Woomy|83\/100\n|faint|p1a: Dr Balloney\n|move|p2a: Great Tusk|Headlong Rush|p1b: Woomy\n|-damage|p1b: Woomy|28\/100\n|-unboost|p2a: Great Tusk|def|1\n|-unboost|p2a: Great Tusk|spd|1\n|move|p1b: Woomy|Muddy Water|p2a: Great Tusk|[spread] p2a,p2b\n|-damage|p2a: Great Tusk|0 fnt\n|-damage|p2b: Tornadus|62\/100\n|faint|p2a: Great Tusk\n|-end|p2a: Great Tusk|Protosynthesis|[silent]\n|\n|-heal|p1b: Woomy|33\/100|[from] Grassy Terrain\n|-sideend|p1: Salamencetv|move: Tailwind\n|upkeep\n|\n|t:|1700359770\n|switch|p1a: YAS QUEEN|Sneasler, L50, F|100\/100\n|switch|p2a: Eelektross|Eelektross, L50, M|100\/100\n|-enditem|p1a: YAS QUEEN|Grassy Seed\n|-boost|p1a: YAS QUEEN|def|1|[from] item: Grassy Seed\n|turn|5\n|\n|t:|1700359805\n|switch|p2b: Morpeko|Morpeko, L50, F|100\/100\n|-enditem|p2b: Morpeko|Grassy Seed\n|-boost|p2b: Morpeko|def|1|[from] item: Grassy Seed\n|move|p1a: YAS QUEEN|Protect|p1a: YAS QUEEN\n|-singleturn|p1a: YAS QUEEN|Protect\n|move|p2a: Eelektross|Discharge|p1a: YAS QUEEN|[spread] p2b,p1b\n|-activate|p1a: YAS QUEEN|move: Protect\n|-resisted|p2b: Morpeko\n|-supereffective|p1b: Woomy\n|-damage|p2b: Morpeko|75\/100\n|-damage|p1b: Woomy|6\/100\n|move|p1b: Woomy|Muddy Water|p2a: Eelektross|[spread] p2b\n|-miss|p1b: Woomy|p2a: Eelektross\n|-damage|p2b: Morpeko|20\/100\n|\n|-heal|p2b: Morpeko|25\/100|[from] Grassy Terrain\n|-heal|p1b: Woomy|11\/100|[from] Grassy Terrain\n|-sideend|p2: F3athers|move: Tailwind\n|-formechange|p2b: Morpeko|Morpeko-Hangry||[from] ability: Hunger Switch\n|upkeep\n|turn|6\n|l| LackieLackey\n|j| LackieLackey\n|\n|t:|1700359873\n|move|p1a: YAS QUEEN|Close Combat|p2b: Morpeko\n|-supereffective|p2b: Morpeko\n|-damage|p2b: Morpeko|0 fnt\n|-unboost|p1a: YAS QUEEN|def|1\n|-unboost|p1a: YAS QUEEN|spd|1\n|faint|p2b: Morpeko\n|move|p1b: Woomy|Muddy Water|p2a: Eelektross|[miss]\n|-miss|p1b: Woomy|p2a: Eelektross\n|move|p2a: Eelektross|Thunderbolt|p1b: Woomy\n|-supereffective|p1b: Woomy\n|-damage|p1b: Woomy|0 fnt\n|faint|p1b: Woomy\n|\n|-fieldend|move: Grassy Terrain\n|upkeep\n|\n|t:|1700359885\n|switch|p2b: Tornadus|Tornadus, L50, M|62\/100\n|switch|p1b: Jason Mamoa|Rillaboom, L50, M|78\/100\n|-fieldstart|move: Grassy Terrain|[from] ability: Grassy Surge|[of] p1b: Jason Mamoa\n|turn|7\n|j| Tuxmux\n|\n|t:|1700359937\n|move|p1b: Jason Mamoa|Grassy Glide|p2b: Tornadus\n|-resisted|p2b: Tornadus\n|-damage|p2b: Tornadus|25\/100\n|move|p1a: YAS QUEEN|Acrobatics|p2b: Tornadus\n|-damage|p2b: Tornadus|0 fnt\n|faint|p2b: Tornadus\n|move|p2a: Eelektross|Thunderbolt|p1a: YAS QUEEN\n|-damage|p1a: YAS QUEEN|11\/100\n|\n|-heal|p1a: YAS QUEEN|17\/100|[from] Grassy Terrain\n|-heal|p1b: Jason Mamoa|83\/100|[from] Grassy Terrain\n|upkeep\n|turn|8\n|\n|t:|1700359953\n|move|p1b: Jason Mamoa|Grassy Glide|p2a: Eelektross\n|-damage|p2a: Eelektross|33\/100\n|move|p1a: YAS QUEEN|Close Combat|p2a: Eelektross\n|-damage|p2a: Eelektross|0 fnt\n|-unboost|p1a: YAS QUEEN|def|1\n|-unboost|p1a: YAS QUEEN|spd|1\n|faint|p2a: Eelektross\n|\n|win|Salamencetv\n|c|&|\/uhtml prompt-salamencetv,Salamencetv is ready for game 2!\n|c|\u2606F3athers|ggs\n|c|&|\/uhtml prompt-f3athers,F3athers is ready for game 2!\nBoth players are ready! Starting next match!\n|l| MunchVGC\n|l| steelrevolution337\n|j| LiluziHit\n|j| steelrevolution337\n|l| LackieLackey\n|l| steelrevolution337\n|l| ryanogiggs11\n|j| FuratBang\n|l| kodiedunn\n","uploadtime":1700360410,"views":33,"p1id":"salamencetv","p2id":"f3athers","formatid":"gen9vgc2023regulatione","rating":0,"private":0,"password":""}