{"id":"gen9vgc2023regulatione-1999616509","p1":"zxs2003","p2":"Prismatic Phantom","format":"[Gen 9] VGC 2023 Regulation E","log":"|j|\u2606zxs2003\n|j|\u2606Prismatic Phantom\n|t:|1701101534\n|gametype|doubles\n|player|p1|zxs2003|dawn|1238\n|player|p2|Prismatic Phantom|gentleman-gen4|1232\n|teamsize|p1|6\n|teamsize|p2|6\n|gen|9\n|tier|[Gen 9] VGC 2023 Regulation E\n|rated|\n|rule|Species Clause: Limit one of each Pok\u00e9mon\n|rule|Item Clause: Limit one of each item\n|clearpoke\n|poke|p1|Rillaboom, L50, M|\n|poke|p1|Grimmsnarl, L50, M|\n|poke|p1|Cresselia, L50, F|\n|poke|p1|Iron Hands, L50|\n|poke|p1|Goodra-Hisui, L50, M|\n|poke|p1|Milotic, L50, M|\n|poke|p2|Iron Bundle, L50|\n|poke|p2|Gholdengo, L50|\n|poke|p2|Chien-Pao, L50|\n|poke|p2|Urshifu-*, L50, M|\n|poke|p2|Iron Hands, L50|\n|poke|p2|Dragonite, L50, F|\n|teampreview|4\n|inactive|Battle timer is ON: inactive players will automatically lose when time's up. (requested by Prismatic Phantom)\n|inactive|zxs2003 has 60 seconds left.\n|\n|t:|1701101568\n|start\n|switch|p1a: Grimmsnarl|Grimmsnarl, L50, M|100\/100\n|switch|p1b: Rillaboom|Rillaboom, L50, M|100\/100\n|switch|p2a: Catch these|Iron Hands, L50|100\/100\n|switch|p2b: GOATdengo|Gholdengo, L50|100\/100\n|-fieldstart|move: Grassy Terrain|[from] ability: Grassy Surge|[of] p1b: Rillaboom\n|turn|1\n|\n|t:|1701101578\n|move|p2a: Catch these|Fake Out|p1a: Grimmsnarl\n|-damage|p1a: Grimmsnarl|84\/100\n|cant|p1a: Grimmsnarl|flinch\n|move|p2b: GOATdengo|Make It Rain|p1a: Grimmsnarl|[spread] p1a,p1b\n|-supereffective|p1a: Grimmsnarl\n|-damage|p1a: Grimmsnarl|0 fnt\n|-damage|p1b: Rillaboom|61\/100\n|-unboost|p2b: GOATdengo|spa|1\n|faint|p1a: Grimmsnarl\n|move|p1b: Rillaboom|Bulk Up|p1b: Rillaboom\n|-boost|p1b: Rillaboom|atk|1\n|-boost|p1b: Rillaboom|def|1\n|\n|-heal|p1b: Rillaboom|67\/100|[from] Grassy Terrain\n|-heal|p1b: Rillaboom|72\/100|[from] item: Leftovers\n|upkeep\n|\n|t:|1701101585\n|switch|p1a: Iron Hands|Iron Hands, L50|100\/100\n|turn|2\n|c|\u2606Prismatic Phantom|No screens for you\n|inactive|Prismatic Phantom has 30 seconds left.\n|\n|t:|1701101619\n|switch|p2b: F amoongus|Dragonite, L50, F|100\/100\n|move|p1b: Rillaboom|Leech Seed|p2a: Catch these\n|-start|p2a: Catch these|move: Leech Seed\n|move|p2a: Catch these|Volt Switch|p1b: Rillaboom\n|-resisted|p1b: Rillaboom\n|-damage|p1b: Rillaboom|67\/100\n|\n|t:|1701101634\n|-end|p2a: Catch these|Quark Drive|[silent]\n|switch|p2a: GOATdengo|Gholdengo, L50|100\/100|[from] Volt Switch\n|move|p1a: Iron Hands|Swords Dance|p1a: Iron Hands\n|-boost|p1a: Iron Hands|atk|2\n|\n|-heal|p1b: Rillaboom|72\/100|[from] Grassy Terrain\n|-heal|p1b: Rillaboom|78\/100|[from] item: Leftovers\n|upkeep\n|turn|3\n|inactive|zxs2003 has 30 seconds left.\n|\n|t:|1701101663\n|-terastallize|p2b: F amoongus|Normal\n|-terastallize|p1b: Rillaboom|Water\n|move|p2b: F amoongus|Extreme Speed|p1b: Rillaboom\n|-damage|p1b: Rillaboom|38\/100\n|move|p2a: GOATdengo|Trick|p1a: Iron Hands\n|-activate|p2a: GOATdengo|move: Trick|[of] p1a: Iron Hands\n|-item|p1a: Iron Hands|Choice Scarf|[from] move: Trick\n|-item|p2a: GOATdengo|Aguav Berry|[from] move: Trick\n|move|p1b: Rillaboom|Bulk Up|p1b: Rillaboom\n|-boost|p1b: Rillaboom|atk|1\n|-boost|p1b: Rillaboom|def|1\n|move|p1a: Iron Hands|Ice Punch|p2b: F amoongus\n|-damage|p2b: F amoongus|41\/100\n|\n|-heal|p2b: F amoongus|47\/100|[from] Grassy Terrain\n|-heal|p1b: Rillaboom|43\/100|[from] Grassy Terrain\n|-heal|p1b: Rillaboom|49\/100|[from] item: Leftovers\n|upkeep\n|turn|4\n|inactive|Prismatic Phantom has 30 seconds left.\n|\n|t:|1701101697\n|move|p2b: F amoongus|Extreme Speed|p1b: Rillaboom\n|-damage|p1b: Rillaboom|17\/100\n|move|p2a: GOATdengo|Make It Rain|p1b: Rillaboom|[spread] p1a,p1b\n|-resisted|p1a: Iron Hands\n|-resisted|p1b: Rillaboom\n|-damage|p1a: Iron Hands|85\/100\n|-damage|p1b: Rillaboom|0 fnt\n|-unboost|p2a: GOATdengo|spa|1\n|faint|p1b: Rillaboom\n|move|p1a: Iron Hands|Ice Punch|p2a: GOATdengo\n|-resisted|p2a: GOATdengo\n|-damage|p2a: GOATdengo|70\/100\n|\n|-heal|p2a: GOATdengo|76\/100|[from] Grassy Terrain\n|-heal|p2b: F amoongus|54\/100|[from] Grassy Terrain\n|-heal|p1a: Iron Hands|91\/100|[from] Grassy Terrain\n|upkeep\n|\n|t:|1701101705\n|switch|p1b: Cresselia|Cresselia, L50, F|100\/100\n|turn|5\n|\n|t:|1701101714\n|move|p2b: F amoongus|Extreme Speed|p1a: Iron Hands\n|-damage|p1a: Iron Hands|42\/100\n|move|p2a: GOATdengo|Shadow Ball|p1b: Cresselia\n|-supereffective|p1b: Cresselia\n|-damage|p1b: Cresselia|65\/100\n|-unboost|p1b: Cresselia|spd|1\n|move|p1b: Cresselia|Calm Mind|p1b: Cresselia\n|-boost|p1b: Cresselia|spa|1\n|-boost|p1b: Cresselia|spd|1\n|move|p1a: Iron Hands|Ice Punch|p2b: F amoongus\n|-crit|p2b: F amoongus\n|-damage|p2b: F amoongus|0 fnt\n|faint|p2b: F amoongus\n|\n|-heal|p2a: GOATdengo|83\/100|[from] Grassy Terrain\n|-heal|p1a: Iron Hands|48\/100|[from] Grassy Terrain\n|-fieldend|move: Grassy Terrain\n|upkeep\n|\n|t:|1701101727\n|switch|p2b: Urshifu|Urshifu-Rapid-Strike, L50, M|100\/100\n|turn|6\n|\n|t:|1701101734\n|move|p2b: Urshifu|Surging Strikes|p1a: Iron Hands\n|-crit|p1a: Iron Hands\n|-damage|p1a: Iron Hands|33\/100\n|-crit|p1a: Iron Hands\n|-damage|p1a: Iron Hands|17\/100\n|-crit|p1a: Iron Hands\n|-damage|p1a: Iron Hands|0 fnt\n|faint|p1a: Iron Hands\n|-end|p1a: Iron Hands|Quark Drive|[silent]\n|-hitcount|p1: Iron Hands|3\n|move|p2a: GOATdengo|Shadow Ball|p1b: Cresselia\n|-supereffective|p1b: Cresselia\n|-damage|p1b: Cresselia|25\/100\n|-unboost|p1b: Cresselia|spd|1\n|-enditem|p1b: Cresselia|Sitrus Berry|[eat]\n|-heal|p1b: Cresselia|49\/100|[from] item: Sitrus Berry\n|move|p1b: Cresselia|Moonblast|p2b: Urshifu\n|-supereffective|p2b: Urshifu\n|-damage|p2b: Urshifu|12\/100\n|-unboost|p2b: Urshifu|spa|1\n|\n|upkeep\n|turn|7\n|-message|zxs2003 forfeited.\n|\n|win|Prismatic Phantom\n|raw|zxs2003's rating: 1238 &rarr; <strong>1213<\/strong><br \/>(-25 for losing)\n|raw|Prismatic Phantom's rating: 1232 &rarr; <strong>1257<\/strong><br \/>(+25 for winning)\n|l|\u2606zxs2003\n","uploadtime":1701101761,"views":1,"p1id":"zxs2003","p2id":"prismaticphantom","formatid":"gen9vgc2023regulatione","rating":1213,"private":0,"password":""}