{"id":"gen9vgc2023regulatione-1988667386","p1":"guettto","p2":"py123456","format":"[Gen 9] VGC 2023 Regulation E","log":"|j|\u2606guettto\n|j|\u2606py123456\n|t:|1699748268\n|gametype|doubles\n|player|p1|guettto|pokekid|1097\n|player|p2|py123456|steven|1156\n|teamsize|p1|6\n|teamsize|p2|6\n|gen|9\n|tier|[Gen 9] VGC 2023 Regulation E\n|rated|\n|rule|Species Clause: Limit one of each Pok\u00e9mon\n|rule|Item Clause: Limit one of each item\n|clearpoke\n|poke|p1|Zapdos, L50|\n|poke|p1|Politoed, L50, F|\n|poke|p1|Amoonguss, L50, F|\n|poke|p1|Arcanine, L50, F|\n|poke|p1|Annihilape, L50, M|\n|poke|p1|Bronzong, L50|\n|poke|p2|Flutter Mane, L50|\n|poke|p2|Ogerpon-Wellspring, L50, F|\n|poke|p2|Iron Hands, L50|\n|poke|p2|Sableye, L50, F|\n|poke|p2|Espathra, L50, M|\n|poke|p2|Chi-Yu, L50|\n|teampreview|4\n|inactive|Battle timer is ON: inactive players will automatically lose when time's up. (requested by guettto)\n|inactive|py123456 has 60 seconds left.\n|\n|t:|1699748303\n|start\n|switch|p1a: Bronzong|Bronzong, L50|100\/100\n|switch|p1b: Politoed|Politoed, L50, F|100\/100\n|switch|p2a: Sableye|Sableye, L50, F, shiny|100\/100\n|switch|p2b: Espathra|Espathra, L50, M|100\/100\n|-weather|RainDance|[from] ability: Drizzle|[of] p1b: Politoed\n|turn|1\n|\n|t:|1699748319\n|move|p2a: Sableye|Gravity|p2a: Sableye\n|-fieldstart|move: Gravity\n|move|p2b: Espathra|Hypnosis|p1a: Bronzong\n|-status|p1a: Bronzong|slp|[from] move: Hypnosis\n|move|p1b: Politoed|Muddy Water|p2a: Sableye|[spread] p2a,p2b\n|-damage|p2a: Sableye|49\/100\n|-damage|p2b: Espathra|43\/100\n|-enditem|p2a: Sableye|Eject Button\n|\n|t:|1699748332\n|switch|p2a: Iron Hands|Iron Hands, L50|100\/100\n|cant|p1a: Bronzong|slp\n|\n|-weather|RainDance|[upkeep]\n|-ability|p2b: Espathra|Speed Boost|boost\n|-boost|p2b: Espathra|spe|1\n|upkeep\n|turn|2\n|inactive|guettto has 30 seconds left.\n|\n|t:|1699748361\n|switch|p1a: Arcanine|Arcanine, L50, F|100\/100\n|-ability|p1a: Arcanine|Intimidate|boost\n|-unboost|p2a: Iron Hands|atk|1\n|-unboost|p2b: Espathra|atk|1\n|move|p2b: Espathra|Hypnosis|p1b: Politoed\n|-status|p1b: Politoed|slp|[from] move: Hypnosis\n|cant|p1b: Politoed|slp\n|move|p2a: Iron Hands|Belly Drum|p2a: Iron Hands\n|-damage|p2a: Iron Hands|50\/100\n|-setboost|p2a: Iron Hands|atk|6|[from] move: Belly Drum\n|-enditem|p2a: Iron Hands|Sitrus Berry|[eat]\n|-heal|p2a: Iron Hands|75\/100|[from] item: Sitrus Berry\n|\n|-weather|RainDance|[upkeep]\n|-ability|p2b: Espathra|Speed Boost|boost\n|-boost|p2b: Espathra|spe|1\n|upkeep\n|turn|3\n|inactive|py123456 has 30 seconds left.\n|inactive|py123456 has 20 seconds left.\n|inactive|py123456 has 15 seconds left.\n|\n|t:|1699748406\n|switch|p1b: Bronzong|Bronzong, L50|100\/100 slp\n|move|p2b: Espathra|Hypnosis|p1a: Arcanine\n|-status|p1a: Arcanine|slp|[from] move: Hypnosis\n|cant|p1a: Arcanine|slp\n|move|p2a: Iron Hands|Thunder Punch|p1a: Arcanine\n|-damage|p1a: Arcanine|0 fnt\n|faint|p1a: Arcanine\n|\n|-weather|RainDance|[upkeep]\n|-ability|p2b: Espathra|Speed Boost|boost\n|-boost|p2b: Espathra|spe|1\n|upkeep\n|\n|t:|1699748418\n|switch|p1a: Annihilape|Annihilape, L50, M|100\/100\n|turn|4\n|\n|t:|1699748425\n|move|p1a: Annihilape|Protect|p1a: Annihilape\n|-singleturn|p1a: Annihilape|Protect\n|move|p2b: Espathra|Hypnosis|p1a: Annihilape\n|-activate|p1a: Annihilape|move: Protect\n|move|p2a: Iron Hands|Thunder Punch|p1a: Annihilape\n|-activate|p1a: Annihilape|move: Protect\n|cant|p1b: Bronzong|slp\n|\n|-weather|RainDance|[upkeep]\n|-ability|p2b: Espathra|Speed Boost|boost\n|-boost|p2b: Espathra|spe|1\n|upkeep\n|turn|5\n|\n|t:|1699748438\n|move|p1a: Annihilape|Protect|p1a: Annihilape\n|-singleturn|p1a: Annihilape|Protect\n|move|p2b: Espathra|Hypnosis|p1a: Annihilape\n|-activate|p1a: Annihilape|move: Protect\n|move|p2a: Iron Hands|Thunder Punch|p1b: Bronzong\n|-damage|p1b: Bronzong|0 fnt\n|faint|p1b: Bronzong\n|\n|-weather|none\n|-fieldend|move: Gravity\n|-ability|p2b: Espathra|Speed Boost|boost\n|-boost|p2b: Espathra|spe|1\n|upkeep\n|\n|t:|1699748444\n|switch|p1b: Politoed|Politoed, L50, F|100\/100 slp\n|-weather|RainDance|[from] ability: Drizzle|[of] p1b: Politoed\n|turn|6\n|-message|guettto forfeited.\n|\n|win|py123456\n|raw|guettto's rating: 1097 &rarr; <strong>1077<\/strong><br \/>(-20 for losing)\n|raw|py123456's rating: 1156 &rarr; <strong>1177<\/strong><br \/>(+21 for winning)\n|l|\u2606guettto\n","uploadtime":1699748451,"views":10,"p1id":"guettto","p2id":"py123456","formatid":"gen9vgc2023regulatione","rating":1077,"private":0,"password":""}