{"id":"gen9vgc2023regulatione-1997359807","p1":"Snakers7","p2":"FRYDONT_TRY","format":"[Gen 9] VGC 2023 Regulation E","log":"|j|\u2606Snakers7\n|j|\u2606FRYDONT_TRY\n|t:|1700793979\n|gametype|doubles\n|player|p1|Snakers7|winona|1013\n|player|p2|FRYDONT_TRY|brycenman|1045\n|teamsize|p1|6\n|teamsize|p2|6\n|gen|9\n|tier|[Gen 9] VGC 2023 Regulation E\n|rated|\n|rule|Species Clause: Limit one of each Pok\u00e9mon\n|rule|Item Clause: Limit one of each item\n|clearpoke\n|poke|p1|Gothitelle, L50, M|\n|poke|p1|Flutter Mane, L50|\n|poke|p1|Coalossal, L50, F|\n|poke|p1|Marill, L50, F|\n|poke|p1|Indeedee-F, L50, F|\n|poke|p1|Breloom, L50, M|\n|poke|p2|Flutter Mane, L50|\n|poke|p2|Urshifu-*, L50, M|\n|poke|p2|Dragapult, L50, F|\n|poke|p2|Ursaluna-Bloodmoon, L50, M|\n|poke|p2|Mimikyu, L50, M|\n|poke|p2|Glimmora, L50, M|\n|teampreview|4\n|\n|t:|1700793991\n|start\n|switch|p1a: Marill|Marill, L50, F|100\/100\n|switch|p1b: Coalossal|Coalossal, L50, F|100\/100\n|switch|p2a: Glimmora|Glimmora, L50, M|100\/100\n|switch|p2b: Ursaluna|Ursaluna-Bloodmoon, L50, M|100\/100\n|turn|1\n|\n|t:|1700794018\n|move|p1a: Marill|Aqua Jet|p1b: Coalossal\n|-supereffective|p1b: Coalossal\n|-damage|p1b: Coalossal|86\/100\n|-ability|p1b: Coalossal|Steam Engine|boost\n|-boost|p1b: Coalossal|spe|6\n|-enditem|p1b: Coalossal|Weakness Policy\n|-boost|p1b: Coalossal|atk|2|[from] item: Weakness Policy\n|-boost|p1b: Coalossal|spa|2|[from] item: Weakness Policy\n|move|p1b: Coalossal|Heat Wave|p2a: Glimmora|[spread] p2a,p2b\n|-resisted|p2a: Glimmora\n|-damage|p2a: Glimmora|62\/100\n|-damage|p2b: Ursaluna|43\/100\n|move|p2a: Glimmora|Gunk Shot|p1a: Marill|[miss]\n|-miss|p2a: Glimmora|p1a: Marill\n|move|p2b: Ursaluna|Headlong Rush|p1b: Coalossal\n|-supereffective|p1b: Coalossal\n|-damage|p1b: Coalossal|0 fnt\n|-unboost|p2b: Ursaluna|def|1\n|-unboost|p2b: Ursaluna|spd|1\n|faint|p1b: Coalossal\n|\n|upkeep\n|\n|t:|1700794038\n|switch|p1b: Gothitelle|Gothitelle, L50, M|100\/100\n|turn|2\n|\n|t:|1700794052\n|move|p1b: Gothitelle|Protect|p1b: Gothitelle\n|-singleturn|p1b: Gothitelle|Protect\n|move|p2a: Glimmora|Gunk Shot|p1a: Marill\n|-supereffective|p1a: Marill\n|-damage|p1a: Marill|37\/100\n|move|p2b: Ursaluna|Blood Moon|p1b: Gothitelle\n|-activate|p1b: Gothitelle|move: Protect\n|move|p1a: Marill|Perish Song|p1a: Marill\n|-start|p1a: Marill|perish3|[silent]\n|-start|p1b: Gothitelle|perish3|[silent]\n|-start|p2a: Glimmora|perish3|[silent]\n|-start|p2b: Ursaluna|perish3|[silent]\n|-fieldactivate|move: Perish Song\n|\n|-start|p2a: Glimmora|perish3\n|-start|p1b: Gothitelle|perish3\n|-start|p2b: Ursaluna|perish3\n|-start|p1a: Marill|perish3\n|upkeep\n|turn|3\n|inactive|Battle timer is ON: inactive players will automatically lose when time's up. (requested by FRYDONT_TRY)\n|\n|t:|1700794088\n|move|p1a: Marill|Protect|p1a: Marill\n|-singleturn|p1a: Marill|Protect\n|move|p2a: Glimmora|Gunk Shot|p1a: Marill\n|-activate|p1a: Marill|move: Protect\n|move|p1b: Gothitelle|Foul Play|p2a: Glimmora\n|-damage|p2a: Glimmora|36\/100\n|-damage|p1b: Gothitelle|84\/100|[from] item: Rocky Helmet|[of] p2a: Glimmora\n|-activate|p2a: Glimmora|ability: Toxic Debris\n|-sidestart|p1: Snakers7|move: Toxic Spikes\n|move|p2b: Ursaluna|Headlong Rush|p1b: Gothitelle\n|-damage|p1b: Gothitelle|54\/100\n|-unboost|p2b: Ursaluna|def|1\n|-unboost|p2b: Ursaluna|spd|1\n|\n|-start|p2a: Glimmora|perish2\n|-start|p1b: Gothitelle|perish2\n|-start|p2b: Ursaluna|perish2\n|-start|p1a: Marill|perish2\n|upkeep\n|turn|4\n|inactive|Snakers7 has 30 seconds left.\n|inactive|FRYDONT_TRY has 30 seconds left.\n|\n|t:|1700794119\n|move|p1b: Gothitelle|Protect|p1b: Gothitelle\n|-singleturn|p1b: Gothitelle|Protect\n|move|p1a: Marill|Aqua Jet|p2b: Ursaluna\n|-supereffective|p2b: Ursaluna\n|-damage|p2b: Ursaluna|31\/100\n|move|p2a: Glimmora|Gunk Shot|p1a: Marill\n|-supereffective|p1a: Marill\n|-damage|p1a: Marill|0 fnt\n|faint|p1a: Marill\n|move|p2b: Ursaluna|Blood Moon|p1b: Gothitelle\n|-activate|p1b: Gothitelle|move: Protect\n|\n|-start|p2a: Glimmora|perish1\n|-start|p1b: Gothitelle|perish1\n|-start|p2b: Ursaluna|perish1\n|upkeep\n|\n|t:|1700794138\n|switch|p1a: Flutter Mane|Flutter Mane, L50|100\/100\n|-status|p1a: Flutter Mane|psn\n|-enditem|p1a: Flutter Mane|Booster Energy\n|-activate|p1a: Flutter Mane|ability: Protosynthesis|[fromitem]\n|-start|p1a: Flutter Mane|protosynthesisspe\n|turn|5\n|inactive|FRYDONT_TRY has 30 seconds left.\n|\n|t:|1700794168\n|move|p1a: Flutter Mane|Dazzling Gleam|p2a: Glimmora|[spread] p2a,p2b\n|-resisted|p2a: Glimmora\n|-damage|p2a: Glimmora|11\/100\n|-damage|p2b: Ursaluna|0 fnt\n|faint|p2b: Ursaluna\n|move|p2a: Glimmora|Explosion|p1b: Gothitelle|[spread] p1b\n|-immune|p1a: Flutter Mane\n|-damage|p1b: Gothitelle|13\/100\n|-enditem|p1b: Gothitelle|Aguav Berry|[eat]\n|-heal|p1b: Gothitelle|46\/100|[from] item: Aguav Berry\n|faint|p2a: Glimmora\n|move|p1b: Gothitelle|Foul Play|p2: Glimmora|[notarget]\n|-fail|p1b: Gothitelle\n|\n|-damage|p1a: Flutter Mane|88\/100 psn|[from] psn\n|-start|p1b: Gothitelle|perish0\n|upkeep\n|faint|p1b: Gothitelle\n|\n|t:|1700794184\n|switch|p2a: Urshifu|Urshifu-Rapid-Strike, L50, M|100\/100\n|switch|p2b: Flutter Mane|Flutter Mane, L50|100\/100\n|-enditem|p2b: Flutter Mane|Booster Energy\n|-activate|p2b: Flutter Mane|ability: Protosynthesis|[fromitem]\n|-start|p2b: Flutter Mane|protosynthesisspe\n|turn|6\n|\n|t:|1700794207\n|-terastallize|p2a: Urshifu|Fire\n|move|p1a: Flutter Mane|Shadow Ball|p2b: Flutter Mane\n|-supereffective|p2b: Flutter Mane\n|-damage|p2b: Flutter Mane|13\/100\n|-unboost|p2b: Flutter Mane|spd|1\n|move|p2b: Flutter Mane|Hex|p1a: Flutter Mane\n|-supereffective|p1a: Flutter Mane\n|-damage|p1a: Flutter Mane|0 fnt\n|faint|p1a: Flutter Mane\n|-end|p1a: Flutter Mane|Protosynthesis|[silent]\n|\n|win|FRYDONT_TRY\n|raw|Snakers7's rating: 1013 &rarr; <strong>1002<\/strong><br \/>(-11 for losing)\n|raw|FRYDONT_TRY's rating: 1045 &rarr; <strong>1075<\/strong><br \/>(+30 for winning)\n|c|\u2606FRYDONT_TRY|gg\n|l|\u2606Snakers7\n","uploadtime":1700794307,"views":13,"p1id":"snakers7","p2id":"frydonttry","formatid":"gen9vgc2023regulatione","rating":1002,"private":0,"password":""}