{"id":"gen9vgc2023regulatione-1999695403","p1":"Swag Sheep","p2":"SerSanDo","format":"[Gen 9] VGC 2023 Regulation E","log":"|j|\u2606Swag Sheep\n|j|\u2606SerSanDo\n|t:|1701108564\n|gametype|doubles\n|player|p1|Swag Sheep|swimmer|1250\n|player|p2|SerSanDo|ninjaboy|1282\n|teamsize|p1|6\n|teamsize|p2|6\n|gen|9\n|tier|[Gen 9] VGC 2023 Regulation E\n|rated|\n|rule|Species Clause: Limit one of each Pok\u00e9mon\n|rule|Item Clause: Limit one of each item\n|clearpoke\n|poke|p1|Flutter Mane, L50|\n|poke|p1|Annihilape, L50, M|\n|poke|p1|Maushold-Four, L50|\n|poke|p1|Indeedee-F, L50, F|\n|poke|p1|Arcanine-Hisui, L50, F|\n|poke|p1|Sinistcha, L50|\n|poke|p2|Tornadus, L50, M|\n|poke|p2|Regidrago, L50|\n|poke|p2|Gholdengo, L50|\n|poke|p2|Urshifu-*, L50, M|\n|poke|p2|Rillaboom, L50, F|\n|poke|p2|Arcanine-Hisui, L50, F|\n|teampreview|4\n|\n|t:|1701108602\n|start\n|switch|p1a: Arcanine|Arcanine-Hisui, L50, F|100\/100\n|switch|p1b: Flutter Mane|Flutter Mane, L50|100\/100\n|switch|p2a: Tornadus|Tornadus, L50, M|100\/100\n|switch|p2b: Gholdengo|Gholdengo, L50|100\/100\n|-ability|p1a: Arcanine|Intimidate|boost\n|-unboost|p2a: Tornadus|atk|1\n|-unboost|p2b: Gholdengo|atk|1\n|turn|1\n|inactive|Battle timer is ON: inactive players will automatically lose when time's up. (requested by Swag Sheep)\n|\n|t:|1701108636\n|-end|p1b: Flutter Mane|Protosynthesis|[silent]\n|switch|p1b: Annihilape|Annihilape, L50, M|100\/100\n|-terastallize|p2b: Gholdengo|Dragon\n|move|p2a: Tornadus|Tailwind|p2a: Tornadus\n|-sidestart|p2: SerSanDo|move: Tailwind\n|move|p2b: Gholdengo|Make It Rain|p1a: Arcanine|[spread] p1a,p1b\n|-damage|p1a: Arcanine|50\/100\n|-damage|p1b: Annihilape|62\/100\n|-unboost|p2b: Gholdengo|spa|1\n|move|p1a: Arcanine|Rock Slide|p2b: Gholdengo|[spread] p2a,p2b\n|-supereffective|p2a: Tornadus\n|-damage|p2a: Tornadus|11\/100\n|-damage|p2b: Gholdengo|67\/100\n|\n|-heal|p2b: Gholdengo|74\/100|[from] item: Leftovers\n|upkeep\n|turn|2\n|inactive|SerSanDo has 30 seconds left.\n|inactive|Swag Sheep has 30 seconds left.\n|\n|t:|1701108671\n|switch|p2b: Urshifu|Urshifu-Rapid-Strike, L50, M|100\/100\n|move|p1b: Annihilape|Protect|p1b: Annihilape\n|-singleturn|p1b: Annihilape|Protect\n|move|p2a: Tornadus|Bleakwind Storm|p1b: Annihilape|[spread] p1a\n|-activate|p1b: Annihilape|move: Protect\n|-resisted|p1a: Arcanine\n|-crit|p1a: Arcanine\n|-damage|p1a: Arcanine|19\/100\n|move|p1a: Arcanine|Rock Slide|p2b: Urshifu|[spread] p2a,p2b\n|-supereffective|p2a: Tornadus\n|-resisted|p2b: Urshifu\n|-damage|p2a: Tornadus|0 fnt\n|-damage|p2b: Urshifu|82\/100\n|faint|p2a: Tornadus\n|\n|upkeep\n|\n|t:|1701108686\n|switch|p2a: Rillaboom|Rillaboom, L50, F|100\/100\n|-fieldstart|move: Grassy Terrain|[from] ability: Grassy Surge|[of] p2a: Rillaboom\n|turn|3\n|inactive|Swag Sheep has 30 seconds left.\n|inactive|Swag Sheep has 20 seconds left.\n|\n|t:|1701108722\n|switch|p1b: Indeedee|Indeedee-F, L50, F|100\/100\n|-fieldstart|move: Psychic Terrain|[from] ability: Psychic Surge|[of] p1b: Indeedee\n|-enditem|p1b: Indeedee|Psychic Seed\n|-boost|p1b: Indeedee|spd|1|[from] item: Psychic Seed\n|move|p2b: Urshifu|Surging Strikes|p1b: Indeedee\n|-crit|p1b: Indeedee\n|-damage|p1b: Indeedee|73\/100\n|-crit|p1b: Indeedee\n|-damage|p1b: Indeedee|46\/100\n|-crit|p1b: Indeedee\n|-damage|p1b: Indeedee|19\/100\n|-hitcount|p1b: Indeedee|3\n|move|p2a: Rillaboom|High Horsepower|p1a: Arcanine\n|-supereffective|p1a: Arcanine\n|-damage|p1a: Arcanine|0 fnt\n|faint|p1a: Arcanine\n|\n|upkeep\n|\n|t:|1701108737\n|switch|p1a: Annihilape|Annihilape, L50, M|62\/100\n|turn|4\n|inactive|Swag Sheep has 30 seconds left.\n|\n|t:|1701108762\n|move|p1b: Indeedee|Follow Me|p1b: Indeedee\n|-singleturn|p1b: Indeedee|move: Follow Me\n|move|p2b: Urshifu|Surging Strikes|p1b: Indeedee\n|-crit|p1b: Indeedee\n|-damage|p1b: Indeedee|0 fnt\n|faint|p1b: Indeedee\n|-hitcount|p1: Indeedee|1\n|move|p2a: Rillaboom|Wood Hammer|p1a: Annihilape\n|-damage|p1a: Annihilape|6\/100\n|-enditem|p1a: Annihilape|Aguav Berry|[eat]\n|-heal|p1a: Annihilape|39\/100|[from] item: Aguav Berry\n|-damage|p2a: Rillaboom|84\/100|[from] Recoil\n|move|p1a: Annihilape|Drain Punch|p2b: Urshifu\n|-damage|p2b: Urshifu|42\/100\n|-heal|p1a: Annihilape|59\/100|[from] drain|[of] p2b: Urshifu\n|\n|-sideend|p2: SerSanDo|move: Tailwind\n|upkeep\n|\n|t:|1701108778\n|switch|p1b: Flutter Mane|Flutter Mane, L50|100\/100\n|turn|5\n|inactive|Swag Sheep has 30 seconds left.\n|inactive|SerSanDo has 30 seconds left.\n|inactive|SerSanDo has 20 seconds left.\n|\n|t:|1701108815\n|-terastallize|p1b: Flutter Mane|Fairy\n|move|p2b: Urshifu|Surging Strikes|p1b: Flutter Mane\n|-crit|p1b: Flutter Mane\n|-damage|p1b: Flutter Mane|61\/100\n|-crit|p1b: Flutter Mane\n|-damage|p1b: Flutter Mane|24\/100\n|-crit|p1b: Flutter Mane\n|-damage|p1b: Flutter Mane|0 fnt\n|faint|p1b: Flutter Mane\n|-end|p1b: Flutter Mane|Protosynthesis|[silent]\n|-hitcount|p1: Flutter Mane|3\n|move|p2a: Rillaboom|Wood Hammer|p1a: Annihilape\n|-damage|p1a: Annihilape|0 fnt\n|faint|p1a: Annihilape\n|-damage|p2a: Rillaboom|67\/100|[from] Recoil\n|\n|win|SerSanDo\n|raw|Swag Sheep's rating: 1250 &rarr; <strong>1227<\/strong><br \/>(-23 for losing)\n|raw|SerSanDo's rating: 1282 &rarr; <strong>1305<\/strong><br \/>(+23 for winning)\n|c|\u2606SerSanDo|gg\n|c|\u2606Swag Sheep|gg\n|c|\u2606Swag Sheep|didn't expect scarf lol\n|l|\u2606Swag Sheep\n|c|\u2606SerSanDo|i prefer it over mystic water for this exact reason\n","uploadtime":1701108863,"views":1,"p1id":"swagsheep","p2id":"sersando","formatid":"gen9vgc2023regulatione","rating":1227,"private":0,"password":""}