{"id":"gen9vgc2023regulatione-1990231354","p1":"Fivesallround","p2":"xyzkun","format":"[Gen 9] VGC 2023 Regulation E","log":"|j|\u2606Fivesallround\n|j|\u2606xyzkun\n|t:|1699941244\n|gametype|doubles\n|player|p1|Fivesallround|waiter-gen4dp|1150\n|player|p2|xyzkun|2|1169\n|teamsize|p1|6\n|teamsize|p2|6\n|gen|9\n|tier|[Gen 9] VGC 2023 Regulation E\n|rated|\n|rule|Species Clause: Limit one of each Pok\u00e9mon\n|rule|Item Clause: Limit one of each item\n|clearpoke\n|poke|p1|Baxcalibur, L50, F|\n|poke|p1|Ninetales-Alola, L50, F|\n|poke|p1|Sinistcha, L50|\n|poke|p1|Arcanine-Hisui, L50, M|\n|poke|p1|Kingambit, L50, M|\n|poke|p1|Landorus-Therian, L50, M|\n|poke|p2|Tornadus, L50, M|\n|poke|p2|Lilligant-Hisui, L50, F|\n|poke|p2|Heatran, L50, M|\n|poke|p2|Ogerpon-Hearthflame, L50, F|\n|poke|p2|Flutter Mane, L50|\n|poke|p2|Chi-Yu, L50|\n|teampreview|4\n|\n|t:|1699941296\n|start\n|switch|p1a: Kingambit|Kingambit, L50, M|100\/100\n|switch|p1b: Landorus|Landorus-Therian, L50, M|100\/100\n|switch|p2a: Tornadus|Tornadus, L50, M|100\/100\n|switch|p2b: Heatran|Heatran, L50, M|100\/100\n|-ability|p1b: Landorus|Intimidate|boost\n|-unboost|p2a: Tornadus|atk|1\n|-unboost|p2b: Heatran|atk|1\n|turn|1\n|\n|t:|1699941329\n|-terastallize|p2b: Heatran|Flying\n|-terastallize|p1a: Kingambit|Dark\n|move|p2a: Tornadus|Sunny Day|p2a: Tornadus\n|-weather|SunnyDay\n|move|p1b: Landorus|U-turn|p2b: Heatran\n|-resisted|p2b: Heatran\n|-damage|p2b: Heatran|89\/100\n|\n|t:|1699941338\n|switch|p1b: Ninetales|Ninetales-Alola, L50, F|100\/100|[from] U-turn\n|-weather|Snow|[from] ability: Snow Warning|[of] p1b: Ninetales\n|move|p2b: Heatran|Heat Wave|p1b: Ninetales|[spread] p1a,p1b\n|-supereffective|p1b: Ninetales\n|-damage|p1a: Kingambit|63\/100\n|-damage|p1b: Ninetales|21\/100\n|move|p1a: Kingambit|Kowtow Cleave|p2a: Tornadus\n|-damage|p2a: Tornadus|35\/100\n|\n|-weather|Snow|[upkeep]\n|upkeep\n|turn|2\n|\n|t:|1699941385\n|switch|p1b: Landorus|Landorus-Therian, L50, M|100\/100\n|-ability|p1b: Landorus|Intimidate|boost\n|-unboost|p2a: Tornadus|atk|1\n|-unboost|p2b: Heatran|atk|1\n|move|p2a: Tornadus|Sunny Day|p2a: Tornadus\n|-weather|SunnyDay\n|move|p2b: Heatran|Heat Wave|p1a: Kingambit|[spread] p1b\n|-miss|p2b: Heatran|p1a: Kingambit\n|-damage|p1b: Landorus|14\/100\n|move|p1a: Kingambit|Kowtow Cleave|p2b: Heatran\n|-damage|p2b: Heatran|18\/100\n|\n|-weather|SunnyDay|[upkeep]\n|upkeep\n|turn|3\n|\n|t:|1699941404\n|move|p1a: Kingambit|Sucker Punch|p2b: Heatran\n|-damage|p2b: Heatran|0 fnt\n|faint|p2b: Heatran\n|move|p1b: Landorus|Rock Slide|p2a: Tornadus\n|-supereffective|p2a: Tornadus\n|-damage|p2a: Tornadus|0 fnt\n|faint|p2a: Tornadus\n|\n|-weather|SunnyDay|[upkeep]\n|upkeep\n|\n|t:|1699941409\n|switch|p2a: Lilligant|Lilligant-Hisui, L50, F|100\/100\n|switch|p2b: Chi-Yu|Chi-Yu, L50|100\/100\n|-ability|p2b: Chi-Yu|Beads of Ruin\n|turn|4\n|\n|t:|1699941434\n|switch|p1b: Ninetales|Ninetales-Alola, L50, F|21\/100\n|-weather|Snow|[from] ability: Snow Warning|[of] p1b: Ninetales\n|move|p1a: Kingambit|Protect|p1a: Kingambit\n|-singleturn|p1a: Kingambit|Protect\n|move|p2b: Chi-Yu|Dark Pulse|p1b: Ninetales\n|-resisted|p1b: Ninetales\n|-damage|p1b: Ninetales|0 fnt\n|faint|p1b: Ninetales\n|move|p2a: Lilligant|Close Combat|p1a: Kingambit\n|-activate|p1a: Kingambit|move: Protect\n|\n|-weather|Snow|[upkeep]\n|upkeep\n|\n|t:|1699941446\n|switch|p1b: Landorus|Landorus-Therian, L50, M|14\/100\n|-ability|p1b: Landorus|Intimidate|boost\n|-unboost|p2a: Lilligant|atk|1\n|-unboost|p2b: Chi-Yu|atk|1\n|turn|5\n|inactive|Battle timer is ON: inactive players will automatically lose when time's up. (requested by xyzkun)\n|\n|t:|1699941474\n|move|p1a: Kingambit|Sucker Punch|p2a: Lilligant\n|-resisted|p2a: Lilligant\n|-damage|p2a: Lilligant|47\/100\n|move|p2b: Chi-Yu|Dark Pulse|p1b: Landorus\n|-damage|p1b: Landorus|0 fnt\n|faint|p1b: Landorus\n|move|p2a: Lilligant|Close Combat|p1a: Kingambit\n|-supereffective|p1a: Kingambit\n|-damage|p1a: Kingambit|4\/100\n|-unboost|p2a: Lilligant|def|1\n|-unboost|p2a: Lilligant|spd|1\n|\n|-weather|Snow|[upkeep]\n|upkeep\n|\n|t:|1699941483\n|switch|p1b: Baxcalibur|Baxcalibur, L50, F|100\/100\n|turn|6\n|inactive|Fivesallround has 30 seconds left.\n|\n|t:|1699941517\n|move|p2a: Lilligant|Protect|p2a: Lilligant\n|-singleturn|p2a: Lilligant|Protect\n|move|p1a: Kingambit|Sucker Punch||[still]\n|-fail|p1a: Kingambit\n|move|p2b: Chi-Yu|Dark Pulse|p1a: Kingambit\n|-resisted|p1a: Kingambit\n|-damage|p1a: Kingambit|0 fnt\n|faint|p1a: Kingambit\n|move|p1b: Baxcalibur|Scale Shot|p2b: Chi-Yu\n|-damage|p2b: Chi-Yu|77\/100\n|-damage|p2b: Chi-Yu|54\/100\n|-damage|p2b: Chi-Yu|30\/100\n|-damage|p2b: Chi-Yu|4\/100\n|-crit|p2b: Chi-Yu\n|-damage|p2b: Chi-Yu|0 fnt\n|faint|p2b: Chi-Yu\n|-hitcount|p2: Chi-Yu|5\n|-unboost|p1b: Baxcalibur|def|1\n|-boost|p1b: Baxcalibur|spe|1\n|\n|-weather|Snow|[upkeep]\n|upkeep\n|turn|7\n|\n|t:|1699941531\n|move|p1b: Baxcalibur|Icicle Spear|p2a: Lilligant\n|-supereffective|p2a: Lilligant\n|-damage|p2a: Lilligant|0 fnt\n|faint|p2a: Lilligant\n|-hitcount|p2: Lilligant|1\n|\n|win|Fivesallround\n|raw|Fivesallround's rating: 1150 &rarr; <strong>1176<\/strong><br \/>(+26 for winning)\n|raw|xyzkun's rating: 1169 &rarr; <strong>1143<\/strong><br \/>(-26 for losing)\n|l|\u2606xyzkun\n","uploadtime":1699941541,"views":14,"p1id":"fivesallround","p2id":"xyzkun","formatid":"gen9vgc2023regulatione","rating":1143,"private":0,"password":""}