{"id":"gen9vgc2023regulatione-1994868109","p1":"Kzjzzikzl","p2":"jdsweat4jdsweat4","format":"[Gen 9] VGC 2023 Regulation E","log":"|j|\u2606Kzjzzikzl\n|j|\u2606jdsweat4jdsweat4\n|t:|1700500120\n|gametype|doubles\n|player|p1|Kzjzzikzl|lance|1069\n|player|p2|jdsweat4jdsweat4|101|1120\n|teamsize|p1|6\n|teamsize|p2|6\n|gen|9\n|tier|[Gen 9] VGC 2023 Regulation E\n|rated|\n|rule|Species Clause: Limit one of each Pok\u00e9mon\n|rule|Item Clause: Limit one of each item\n|clearpoke\n|poke|p1|Flutter Mane, L50|\n|poke|p1|Tornadus, L50, M|\n|poke|p1|Rillaboom, L50, M|\n|poke|p1|Garganacl, L50, F|\n|poke|p1|Arcanine-Hisui, L50, F|\n|poke|p1|Chien-Pao, L50|\n|poke|p2|Conkeldurr, L50, M|\n|poke|p2|Goodra, L50, M|\n|poke|p2|Scizor, L50, F|\n|poke|p2|Heatran, L50, M|\n|poke|p2|Tornadus, L50, M|\n|poke|p2|Golduck, L50, F|\n|teampreview|4\n|\n|t:|1700500172\n|start\n|switch|p1a: Tornadus|Tornadus, L50, M|100\/100\n|switch|p1b: Garganacl|Garganacl, L50, F|100\/100\n|switch|p2a: Scizor|Scizor, L50, F|100\/100\n|switch|p2b: Heatran|Heatran, L50, M|100\/100\n|turn|1\n|\n|t:|1700500199\n|-terastallize|p1b: Garganacl|Ghost\n|move|p1a: Tornadus|Bleakwind Storm|p2b: Heatran|[spread] \n|-miss|p1a: Tornadus|p2a: Scizor\n|-miss|p1a: Tornadus|p2b: Heatran\n|move|p2b: Heatran|Earth Power|p1b: Garganacl\n|-damage|p1b: Garganacl|81\/100\n|move|p2a: Scizor|Iron Head|p1b: Garganacl\n|-damage|p1b: Garganacl|39\/100\n|-enditem|p1b: Garganacl|Sitrus Berry|[eat]\n|-heal|p1b: Garganacl|64\/100|[from] item: Sitrus Berry\n|-damage|p2a: Scizor|91\/100|[from] item: Life Orb\n|move|p1b: Garganacl|Salt Cure|p2b: Heatran\n|-damage|p2b: Heatran|88\/100\n|-start|p2b: Heatran|Salt Cure\n|\n|-damage|p2b: Heatran|63\/100|[from] Salt Cure\n|upkeep\n|turn|2\n|\n|t:|1700500221\n|move|p1b: Garganacl|Protect|p1b: Garganacl\n|-singleturn|p1b: Garganacl|Protect\n|move|p1a: Tornadus|Bleakwind Storm|p2b: Heatran|[spread] p2a,p2b\n|-resisted|p2b: Heatran\n|-damage|p2a: Scizor|55\/100\n|-damage|p2b: Heatran|48\/100\n|-enditem|p2b: Heatran|Sitrus Berry|[eat]\n|-heal|p2b: Heatran|72\/100|[from] item: Sitrus Berry\n|move|p2b: Heatran|Dark Pulse|p1b: Garganacl\n|-activate|p1b: Garganacl|move: Protect\n|move|p2a: Scizor|Iron Head|p1b: Garganacl\n|-activate|p1b: Garganacl|move: Protect\n|\n|-damage|p2b: Heatran|48\/100|[from] Salt Cure\n|upkeep\n|turn|3\n|\n|t:|1700500240\n|switch|p2b: Conkeldurr|Conkeldurr, L50, M|100\/100\n|move|p1a: Tornadus|Tailwind|p1a: Tornadus\n|-sidestart|p1: Kzjzzikzl|move: Tailwind\n|move|p1b: Garganacl|Recover|p1b: Garganacl\n|-heal|p1b: Garganacl|100\/100\n|move|p2a: Scizor|Iron Head|p1a: Tornadus\n|-damage|p1a: Tornadus|29\/100\n|-damage|p2a: Scizor|39\/100|[from] item: Rocky Helmet|[of] p1a: Tornadus\n|-damage|p2a: Scizor|29\/100|[from] item: Life Orb\n|\n|-status|p2b: Conkeldurr|brn|[from] item: Flame Orb\n|upkeep\n|turn|4\n|\n|t:|1700500258\n|move|p2a: Scizor|Bullet Punch|p1a: Tornadus\n|-crit|p1a: Tornadus\n|-damage|p1a: Tornadus|0 fnt\n|-damage|p2a: Scizor|13\/100|[from] item: Rocky Helmet|[of] p1a: Tornadus\n|faint|p1a: Tornadus\n|-damage|p2a: Scizor|3\/100|[from] item: Life Orb\n|move|p1b: Garganacl|Iron Defense|p1b: Garganacl\n|-boost|p1b: Garganacl|def|2\n|move|p2b: Conkeldurr|Knock Off|p1b: Garganacl\n|-supereffective|p1b: Garganacl\n|-damage|p1b: Garganacl|72\/100\n|\n|-damage|p2b: Conkeldurr|94\/100 brn|[from] brn\n|upkeep\n|\n|t:|1700500268\n|switch|p1a: Arcanine|Arcanine-Hisui, L50, F|100\/100\n|-ability|p1a: Arcanine|Intimidate|boost\n|-unboost|p2a: Scizor|atk|1\n|-unboost|p2b: Conkeldurr|atk|1\n|turn|5\n|\n|t:|1700500291\n|switch|p1a: Rillaboom|Rillaboom, L50, M|100\/100\n|-fieldstart|move: Grassy Terrain|[from] ability: Grassy Surge|[of] p1a: Rillaboom\n|switch|p2a: Tornadus|Tornadus, L50, M|100\/100\n|switch|p2b: Heatran|Heatran, L50, M|48\/100\n|move|p1b: Garganacl|Salt Cure|p2b: Heatran\n|-damage|p2b: Heatran|35\/100\n|-start|p2b: Heatran|Salt Cure\n|\n|-heal|p2b: Heatran|40\/100|[from] Grassy Terrain\n|-heal|p1b: Garganacl|77\/100|[from] Grassy Terrain\n|-damage|p2b: Heatran|16\/100|[from] Salt Cure\n|upkeep\n|turn|6\n|\n|t:|1700500325\n|switch|p2b: Conkeldurr|Conkeldurr, L50, M|94\/100 brn\n|move|p2a: Tornadus|Protect|p2a: Tornadus\n|-singleturn|p2a: Tornadus|Protect\n|move|p1a: Rillaboom|Fake Out|p2b: Conkeldurr\n|-damage|p2b: Conkeldurr|81\/100 brn\n|move|p1b: Garganacl|Salt Cure|p2a: Tornadus\n|-activate|p2a: Tornadus|move: Protect\n|\n|-heal|p1b: Garganacl|83\/100|[from] Grassy Terrain\n|-heal|p2b: Conkeldurr|87\/100 brn|[from] Grassy Terrain\n|-damage|p2b: Conkeldurr|81\/100 brn|[from] brn\n|-sideend|p1: Kzjzzikzl|move: Tailwind\n|upkeep\n|turn|7\n|\n|t:|1700500348\n|move|p2a: Tornadus|Taunt|p1b: Garganacl\n|-start|p1b: Garganacl|move: Taunt\n|move|p1a: Rillaboom|Wood Hammer|p2b: Conkeldurr\n|-damage|p2b: Conkeldurr|5\/100 brn\n|-damage|p1a: Rillaboom|76\/100|[from] Recoil\n|move|p2b: Conkeldurr|Facade|p1a: Rillaboom\n|-damage|p1a: Rillaboom|0 fnt\n|faint|p1a: Rillaboom\n|move|p1b: Garganacl|Salt Cure|p2b: Conkeldurr\n|-resisted|p2b: Conkeldurr\n|-damage|p2b: Conkeldurr|0 fnt\n|faint|p2b: Conkeldurr\n|\n|-heal|p1b: Garganacl|89\/100|[from] Grassy Terrain\n|upkeep\n|\n|t:|1700500362\n|switch|p1a: Arcanine|Arcanine-Hisui, L50, F|100\/100\n|switch|p2b: Heatran|Heatran, L50, M|16\/100\n|-ability|p1a: Arcanine|Intimidate|boost\n|-unboost|p2a: Tornadus|atk|1\n|-unboost|p2b: Heatran|atk|1\n|turn|8\n|\n|t:|1700500378\n|move|p2a: Tornadus|Protect|p2a: Tornadus\n|-singleturn|p2a: Tornadus|Protect\n|move|p1a: Arcanine|Extreme Speed|p2b: Heatran\n|-resisted|p2b: Heatran\n|-damage|p2b: Heatran|0 fnt\n|faint|p2b: Heatran\n|move|p1b: Garganacl|Salt Cure|p2a: Tornadus\n|-activate|p2a: Tornadus|move: Protect\n|\n|-heal|p1b: Garganacl|95\/100|[from] Grassy Terrain\n|upkeep\n|-message|jdsweat4jdsweat4 forfeited.\n|\n|win|Kzjzzikzl\n|raw|Kzjzzikzl's rating: 1069 &rarr; <strong>1103<\/strong><br \/>(+34 for winning)\n|raw|jdsweat4jdsweat4's rating: 1120 &rarr; <strong>1091<\/strong><br \/>(-29 for losing)\n|l|\u2606jdsweat4jdsweat4\n","uploadtime":1700500387,"views":2,"p1id":"kzjzzikzl","p2id":"jdsweat4jdsweat4","formatid":"gen9vgc2023regulatione","rating":1091,"private":0,"password":""}