{"id":"gen9vgc2023regulatione-1987915067","p1":"jgjvg","p2":"rgktest","format":"[Gen 9] VGC 2023 Regulation E","log":"|j|\u2606jgjvg\n|j|\u2606rgktest\n|t:|1699648739\n|gametype|doubles\n|player|p1|jgjvg|veteran|1060\n|player|p2|rgktest|265|1040\n|teamsize|p1|6\n|teamsize|p2|6\n|gen|9\n|tier|[Gen 9] VGC 2023 Regulation E\n|rated|\n|rule|Species Clause: Limit one of each Pok\u00e9mon\n|rule|Item Clause: Limit one of each item\n|clearpoke\n|poke|p1|Charjabug, L50, F|\n|poke|p1|Flutter Mane, L50|\n|poke|p1|Ninetales, L50, F|\n|poke|p1|Chi-Yu, L50|\n|poke|p1|Ogerpon-Hearthflame, L50, F|\n|poke|p1|Scovillain, L50, M|\n|poke|p2|Roaring Moon, L50|\n|poke|p2|Ogerpon, L50, F|\n|poke|p2|Gholdengo, L50|\n|poke|p2|Gallade, L50, M|\n|poke|p2|Urshifu-*, L50, M|\n|poke|p2|Enamorus-Therian, L50, F|\n|teampreview|4\n|\n|t:|1699648781\n|start\n|switch|p1a: Charjabug|Charjabug, L50, F|100\/100\n|switch|p1b: Chi-Yu|Chi-Yu, L50|100\/100\n|switch|p2a: Roaring Moon|Roaring Moon, L50|100\/100\n|switch|p2b: Gholdengo|Gholdengo, L50|100\/100\n|-ability|p1b: Chi-Yu|Beads of Ruin\n|-enditem|p2a: Roaring Moon|Booster Energy\n|-activate|p2a: Roaring Moon|ability: Protosynthesis|[fromitem]\n|-start|p2a: Roaring Moon|protosynthesisspe\n|turn|1\n|\n|t:|1699648807\n|-terastallize|p2b: Gholdengo|Dragon\n|-terastallize|p1a: Charjabug|Water\n|move|p2a: Roaring Moon|Tailwind|p2a: Roaring Moon\n|-sidestart|p2: rgktest|move: Tailwind\n|move|p2b: Gholdengo|Nasty Plot|p2b: Gholdengo\n|-boost|p2b: Gholdengo|spa|2\n|move|p1b: Chi-Yu|Heat Wave|p2b: Gholdengo|[spread] p2a,p2b\n|-resisted|p2a: Roaring Moon\n|-resisted|p2b: Gholdengo\n|-damage|p2a: Roaring Moon|72\/100\n|-damage|p2b: Gholdengo|66\/100\n|move|p1a: Charjabug|Lunge|p2a: Roaring Moon\n|-supereffective|p2a: Roaring Moon\n|-damage|p2a: Roaring Moon|23\/100\n|-unboost|p2a: Roaring Moon|atk|1\n|\n|-heal|p2b: Gholdengo|73\/100|[from] item: Leftovers\n|upkeep\n|turn|2\n|\n|t:|1699648847\n|move|p2a: Roaring Moon|Protect|p2a: Roaring Moon\n|-singleturn|p2a: Roaring Moon|Protect\n|move|p1a: Charjabug|Protect|p1a: Charjabug\n|-singleturn|p1a: Charjabug|Protect\n|move|p2b: Gholdengo|Nasty Plot|p2b: Gholdengo\n|-boost|p2b: Gholdengo|spa|2\n|move|p1b: Chi-Yu|Heat Wave|p2a: Roaring Moon|[spread] p2b\n|-activate|p2a: Roaring Moon|move: Protect\n|-resisted|p2b: Gholdengo\n|-damage|p2b: Gholdengo|38\/100\n|\n|-heal|p2b: Gholdengo|44\/100|[from] item: Leftovers\n|upkeep\n|turn|3\n|\n|t:|1699648881\n|move|p2a: Roaring Moon|Breaking Swipe|p1b: Chi-Yu|[spread] p1a,p1b\n|-damage|p1a: Charjabug|91\/100\n|-damage|p1b: Chi-Yu|77\/100\n|-unboost|p1a: Charjabug|atk|1\n|-unboost|p1b: Chi-Yu|atk|1\n|move|p2b: Gholdengo|Make It Rain|p1a: Charjabug|[spread] p1a,p1b\n|-resisted|p1a: Charjabug\n|-resisted|p1b: Chi-Yu\n|-damage|p1a: Charjabug|30\/100\n|-damage|p1b: Chi-Yu|3\/100\n|-unboost|p2b: Gholdengo|spa|1\n|move|p1b: Chi-Yu|Heat Wave|p2b: Gholdengo|[spread] p2a,p2b\n|-resisted|p2a: Roaring Moon\n|-resisted|p2b: Gholdengo\n|-damage|p2a: Roaring Moon|0 fnt\n|-damage|p2b: Gholdengo|10\/100\n|faint|p2a: Roaring Moon\n|-end|p2a: Roaring Moon|Protosynthesis|[silent]\n|move|p1a: Charjabug|Lunge|p2b: Gholdengo\n|-damage|p2b: Gholdengo|0 fnt\n|faint|p2b: Gholdengo\n|\n|upkeep\n|\n|t:|1699648901\n|switch|p2a: Ogerpon|Ogerpon, L50, F|100\/100\n|switch|p2b: Gallade|Gallade, L50, M|100\/100\n|turn|4\n|\n|t:|1699648927\n|move|p1a: Charjabug|Protect|p1a: Charjabug\n|-singleturn|p1a: Charjabug|Protect\n|move|p2a: Ogerpon|Swords Dance|p2a: Ogerpon\n|-boost|p2a: Ogerpon|atk|2\n|move|p2b: Gallade|Sacred Sword|p1b: Chi-Yu\n|-supereffective|p1b: Chi-Yu\n|-damage|p1b: Chi-Yu|0 fnt\n|faint|p1b: Chi-Yu\n|\n|-sideend|p2: rgktest|move: Tailwind\n|upkeep\n|\n|t:|1699648938\n|switch|p1b: Flutter Mane|Flutter Mane, L50|100\/100\n|-enditem|p1b: Flutter Mane|Booster Energy\n|-activate|p1b: Flutter Mane|ability: Protosynthesis|[fromitem]\n|-start|p1b: Flutter Mane|protosynthesisspe\n|turn|5\n|\n|t:|1699648987\n|move|p2b: Gallade|Wide Guard|p2b: Gallade\n|-singleturn|p2b: Gallade|Wide Guard\n|move|p1b: Flutter Mane|Mystical Fire|p2a: Ogerpon\n|-supereffective|p2a: Ogerpon\n|-damage|p2a: Ogerpon|26\/100\n|-unboost|p2a: Ogerpon|spa|1\n|-ability|p2a: Ogerpon|Defiant|boost\n|-boost|p2a: Ogerpon|atk|2\n|move|p2a: Ogerpon|Ivy Cudgel|p1b: Flutter Mane\n|-damage|p1b: Flutter Mane|0 fnt\n|faint|p1b: Flutter Mane\n|-end|p1b: Flutter Mane|Protosynthesis|[silent]\n|move|p1a: Charjabug|Lunge|p2a: Ogerpon\n|-supereffective|p2a: Ogerpon\n|-damage|p2a: Ogerpon|0 fnt\n|faint|p2a: Ogerpon\n|\n|upkeep\n|\n|t:|1699649002\n|switch|p1b: Ogerpon|Ogerpon-Hearthflame, L50, F|100\/100\n|-ability|p1b: Ogerpon|Mold Breaker\n|turn|6\n|\n|t:|1699649016\n|move|p1b: Ogerpon|Spiky Shield|p1b: Ogerpon\n|-singleturn|p1b: Ogerpon|move: Protect\n|move|p2b: Gallade|Psycho Cut|p1b: Ogerpon\n|-activate|p1b: Ogerpon|move: Protect\n|move|p1a: Charjabug|Thunder Wave|p2b: Gallade\n|-status|p2b: Gallade|par\n|\n|upkeep\n|turn|7\n|\n|t:|1699649033\n|move|p1b: Ogerpon|Ivy Cudgel|p2b: Gallade\n|-damage|p2b: Gallade|5\/100 par\n|move|p2b: Gallade|Psycho Cut|p1b: Ogerpon\n|-damage|p1b: Ogerpon|33\/100\n|move|p1a: Charjabug|Lunge|p2b: Gallade\n|-damage|p2b: Gallade|0 fnt\n|faint|p2b: Gallade\n|\n|win|jgjvg\n|raw|jgjvg's rating: 1060 &rarr; <strong>1089<\/strong><br \/>(+29 for winning)\n|raw|rgktest's rating: 1040 &rarr; <strong>1025<\/strong><br \/>(-15 for losing)\n|l|\u2606rgktest\n","uploadtime":1699649046,"views":13,"p1id":"jgjvg","p2id":"rgktest","formatid":"gen9vgc2023regulatione","rating":1025,"private":0,"password":""}