{"id":"gen9vgc2023regulatione-1989659017","p1":"Anas Kaci","p2":"sxcfresxc","format":"[Gen 9] VGC 2023 Regulation E","log":"|j|\u2606Anas Kaci\n|j|\u203dsxcfresxc\n|t:|1699884135\n|gametype|doubles\n|player|p1|Anas Kaci|steven|1059\n|player|p2|sxcfresxc|266|1049\n|teamsize|p1|6\n|teamsize|p2|6\n|gen|9\n|tier|[Gen 9] VGC 2023 Regulation E\n|rated|\n|rule|Species Clause: Limit one of each Pok\u00e9mon\n|rule|Item Clause: Limit one of each item\n|clearpoke\n|poke|p1|Sinistcha-Masterpiece, L50|\n|poke|p1|Garchomp, L50, F|\n|poke|p1|Urshifu-*, L50, M|\n|poke|p1|Chi-Yu, L50|\n|poke|p1|Scizor, L50, M|\n|poke|p1|Tornadus, L50, M|\n|poke|p2|Meowscarada, L50, F|\n|poke|p2|Scream Tail, L50|\n|poke|p2|Urshifu-*, L50, F|\n|poke|p2|Rotom-Wash, L50|\n|poke|p2|Tornadus, L50, M|\n|poke|p2|Munkidori, L50, M|\n|teampreview|4\nAnas Kaci has agreed to open team sheets.\nsxcfresxc has agreed to open team sheets.\n|\n|t:|1699884196\n|start\n|switch|p1a: Tornadus|Tornadus, L50, M, shiny|100\/100\n|switch|p1b: Garchomp|Garchomp, L50, F, shiny|100\/100\n|switch|p2a: Rotom|Rotom-Wash, L50|100\/100\n|switch|p2b: Scream Tail|Scream Tail, L50|100\/100\n|-enditem|p2b: Scream Tail|Booster Energy\n|-activate|p2b: Scream Tail|ability: Protosynthesis|[fromitem]\n|-start|p2b: Scream Tail|protosynthesisspe\n|turn|1\n|\n|t:|1699884233\n|switch|p1b: Scizor|Scizor, L50, M, shiny|100\/100\n|move|p1a: Tornadus|Taunt|p2b: Scream Tail\n|-start|p2b: Scream Tail|move: Taunt\n|move|p2b: Scream Tail|Play Rough|p1b: Scizor\n|-resisted|p1b: Scizor\n|-damage|p1b: Scizor|86\/100\n|move|p2a: Rotom|Thunder|p1a: Tornadus\n|-supereffective|p1a: Tornadus\n|-damage|p1a: Tornadus|0 fnt\n|faint|p1a: Tornadus\n|\n|upkeep\n|\n|t:|1699884247\n|switch|p1a: Garchomp|Garchomp, L50, F, shiny|100\/100\n|turn|2\n|\n|t:|1699884299\n|move|p1a: Garchomp|Protect|p1a: Garchomp\n|-singleturn|p1a: Garchomp|Protect\n|move|p2b: Scream Tail|Play Rough|p1a: Garchomp\n|-activate|p1a: Garchomp|move: Protect\n|move|p1b: Scizor|Swords Dance|p1b: Scizor\n|-boost|p1b: Scizor|atk|2\n|move|p2a: Rotom|Will-O-Wisp|p1b: Scizor\n|-status|p1b: Scizor|brn\n|\n|-damage|p1b: Scizor|80\/100 brn|[from] brn\n|upkeep\n|turn|3\n|\n|t:|1699884327\n|move|p1b: Scizor|Bullet Punch|p2b: Scream Tail\n|-supereffective|p2b: Scream Tail\n|-damage|p2b: Scream Tail|50\/100\n|move|p2b: Scream Tail|Play Rough|p1a: Garchomp|[miss]\n|-miss|p2b: Scream Tail|p1a: Garchomp\n|move|p1a: Garchomp|Rock Slide|p2a: Rotom|[spread] p2a\n|-miss|p1a: Garchomp|p2b: Scream Tail\n|-damage|p2a: Rotom|81\/100\n|move|p2a: Rotom|Hydro Pump|p1a: Garchomp\n|-damage|p1a: Garchomp|55\/100\n|\n|-damage|p1b: Scizor|74\/100 brn|[from] brn\n|-end|p2b: Scream Tail|move: Taunt\n|upkeep\n|turn|4\n|\n|t:|1699884352\n|move|p2b: Scream Tail|Protect|p2b: Scream Tail\n|-singleturn|p2b: Scream Tail|Protect\n|move|p1b: Scizor|Bullet Punch|p2b: Scream Tail\n|-activate|p2b: Scream Tail|move: Protect\n|move|p1a: Garchomp|Rock Slide|p2a: Rotom|[spread] \n|-activate|p2b: Scream Tail|move: Protect\n|-miss|p1a: Garchomp|p2a: Rotom\n|move|p2a: Rotom|Hydro Pump|p1a: Garchomp|[miss]\n|-miss|p2a: Rotom|p1a: Garchomp\n|\n|-damage|p1b: Scizor|68\/100 brn|[from] brn\n|upkeep\n|turn|5\n|\n|t:|1699884382\n|move|p2b: Scream Tail|Helping Hand|p2a: Rotom\n|-singleturn|p2a: Rotom|Helping Hand|[of] p2b: Scream Tail\n|move|p1b: Scizor|Bullet Punch|p2b: Scream Tail\n|-supereffective|p2b: Scream Tail\n|-damage|p2b: Scream Tail|4\/100\n|move|p1a: Garchomp|Rock Slide|p2b: Scream Tail|[spread] p2a,p2b\n|-damage|p2a: Rotom|63\/100\n|-damage|p2b: Scream Tail|0 fnt\n|faint|p2b: Scream Tail\n|-end|p2b: Scream Tail|Protosynthesis|[silent]\n|move|p2a: Rotom|Hydro Pump|p1a: Garchomp\n|-damage|p1a: Garchomp|0 fnt\n|faint|p1a: Garchomp\n|\n|-damage|p1b: Scizor|62\/100 brn|[from] brn\n|upkeep\n|\n|t:|1699884405\n|switch|p2b: Meowscarada|Meowscarada, L50, F|100\/100\n|switch|p1a: Chi-Yu|Chi-Yu, L50|100\/100\n|-ability|p1a: Chi-Yu|Beads of Ruin\n|turn|6\n|\n|t:|1699884438\n|switch|p2b: Munkidori|Munkidori, L50, M|100\/100\n|-terastallize|p1a: Chi-Yu|Water\n|move|p1a: Chi-Yu|Dark Pulse|p2a: Rotom\n|-damage|p2a: Rotom|17\/100\n|-enditem|p2a: Rotom|Sitrus Berry|[eat]\n|-heal|p2a: Rotom|42\/100|[from] item: Sitrus Berry\n|move|p1b: Scizor|Lunge|p2b: Munkidori\n|-damage|p2b: Munkidori|39\/100\n|-unboost|p2b: Munkidori|atk|1\n|move|p2a: Rotom|Hydro Pump|p1a: Chi-Yu\n|-resisted|p1a: Chi-Yu\n|-damage|p1a: Chi-Yu|76\/100\n|\n|-damage|p1b: Scizor|57\/100 brn|[from] brn\n|upkeep\n|turn|7\n|\n|t:|1699884466\n|move|p2b: Munkidori|Fake Out|p1a: Chi-Yu\n|-damage|p1a: Chi-Yu|68\/100\n|-status|p1a: Chi-Yu|tox|[from] ability: Toxic Chain|[of] p2b: Munkidori\n|cant|p1a: Chi-Yu|flinch\n|move|p1b: Scizor|Lunge|p2b: Munkidori\n|-damage|p2b: Munkidori|0 fnt\n|faint|p2b: Munkidori\n|move|p2a: Rotom|Thunder|p1a: Chi-Yu\n|-supereffective|p1a: Chi-Yu\n|-damage|p1a: Chi-Yu|0 fnt\n|faint|p1a: Chi-Yu\n|\n|-damage|p1b: Scizor|50\/100 brn|[from] brn\n|upkeep\n|\n|t:|1699884483\n|switch|p2b: Meowscarada|Meowscarada, L50, F|100\/100\n|turn|8\n|\n|t:|1699884493\n|-terastallize|p2b: Meowscarada|Grass\n|move|p2b: Meowscarada|Flower Trick|p1b: Scizor\n|-resisted|p1b: Scizor\n|-crit|p1b: Scizor\n|-damage|p1b: Scizor|21\/100 brn\n|move|p1b: Scizor|Lunge|p2b: Meowscarada\n|-supereffective|p2b: Meowscarada\n|-damage|p2b: Meowscarada|0 fnt\n|faint|p2b: Meowscarada\n|move|p2a: Rotom|Thunder|p1b: Scizor|[miss]\n|-miss|p2a: Rotom|p1b: Scizor\n|\n|-damage|p1b: Scizor|15\/100 brn|[from] brn\n|upkeep\n|turn|9\n|\n|t:|1699884509\n|move|p2a: Rotom|Protect|p2a: Rotom\n|-singleturn|p2a: Rotom|Protect\n|move|p1b: Scizor|Lunge|p2a: Rotom\n|-activate|p2a: Rotom|move: Protect\n|\n|-damage|p1b: Scizor|9\/100 brn|[from] brn\n|upkeep\n|turn|10\n|\n|t:|1699884520\n|move|p1b: Scizor|Lunge|p2a: Rotom\n|-damage|p2a: Rotom|0 fnt\n|faint|p2a: Rotom\n|\n|win|Anas Kaci\n|raw|Anas Kaci's rating: 1059 &rarr; <strong>1089<\/strong><br \/>(+30 for winning)\n|raw|sxcfresxc's rating: 1049 &rarr; <strong>1032<\/strong><br \/>(-17 for losing)\n|l|\u203dsxcfresxc\n","uploadtime":1699884877,"views":28,"p1id":"anaskaci","p2id":"sxcfresxc","formatid":"gen9vgc2023regulatione","rating":1032,"private":0,"password":""}