{"id":"gen9vgc2023regulatione-1992931485","p1":"XanderTheGert","p2":"onesid","format":"[Gen 9] VGC 2023 Regulation E","log":"|j|\u2606XanderTheGert\n|j|\u2606onesid\n|t:|1700247912\n|gametype|doubles\n|player|p1|XanderTheGert|brycen|1146\n|player|p2|onesid|102|1234\n|teamsize|p1|6\n|teamsize|p2|6\n|gen|9\n|tier|[Gen 9] VGC 2023 Regulation E\n|rated|\n|rule|Species Clause: Limit one of each Pok\u00e9mon\n|rule|Item Clause: Limit one of each item\n|clearpoke\n|poke|p1|Dragonite, L50, M|\n|poke|p1|Landorus-Therian, L50, M|\n|poke|p1|Amoonguss, L50, M|\n|poke|p1|Flutter Mane, L50|\n|poke|p1|Chi-Yu, L50|\n|poke|p1|Tornadus, L50, M|\n|poke|p2|Kingambit, L50, F|\n|poke|p2|Clefairy, L50, M|\n|poke|p2|Ogerpon-Wellspring, L50, F|\n|poke|p2|Sinistcha, L50|\n|poke|p2|Arcanine-Hisui, L50, F|\n|poke|p2|Munkidori, L50, M|\n|teampreview|4\n|inactive|Battle timer is ON: inactive players will automatically lose when time's up. (requested by XanderTheGert)\nXanderTheGert has agreed to open team sheets.\n|inactive|onesid has 60 seconds left.\n|\n|t:|1700247970\n|start\n|switch|p1a: Flutter Mane|Flutter Mane, L50|100\/100\n|switch|p1b: Chi-Yu|Chi-Yu, L50|100\/100\n|switch|p2a: Kingambit|Kingambit, L50, F, shiny|100\/100\n|switch|p2b: Ogerpon|Ogerpon-Wellspring, L50, F|100\/100\n|-ability|p1b: Chi-Yu|Beads of Ruin\n|turn|1\n|inactive|XanderTheGert has 30 seconds left.\n|inactive|XanderTheGert has 20 seconds left.\n|inactive|XanderTheGert has 15 seconds left.\n|\n|t:|1700248014\n|-end|p1a: Flutter Mane|Protosynthesis|[silent]\n|switch|p1a: Landorus|Landorus-Therian, L50, M|100\/100\n|-ability|p1a: Landorus|Intimidate|boost\n|-unboost|p2a: Kingambit|atk|1\n|-ability|p2a: Kingambit|Defiant|boost\n|-boost|p2a: Kingambit|atk|2\n|-unboost|p2b: Ogerpon|atk|1\n|switch|p2a: Clefairy|Clefairy, L50, M|100\/100\n|-terastallize|p2b: Ogerpon|Water\n|detailschange|p2b: Ogerpon|Ogerpon-Wellspring-Tera, L50, F, tera:Water\n|-ability|p2b: Ogerpon|Embody Aspect (Wellspring)|boost\n|-boost|p2b: Ogerpon|spd|1\n|move|p1b: Chi-Yu|Heat Wave|p2b: Ogerpon|[spread] p2a,p2b\n|-resisted|p2b: Ogerpon\n|-damage|p2a: Clefairy|24\/100\n|-damage|p2b: Ogerpon|84\/100\n|move|p2b: Ogerpon|Ivy Cudgel|p1b: Chi-Yu|[anim] Ivy Cudgel Water\n|-supereffective|p1b: Chi-Yu\n|-damage|p1b: Chi-Yu|0 fnt\n|faint|p1b: Chi-Yu\n|\n|upkeep\n|\n|t:|1700248038\n|switch|p1b: Flutter Mane|Flutter Mane, L50|100\/100\n|turn|2\n|\n|t:|1700248054\n|move|p2a: Clefairy|Helping Hand|p2b: Ogerpon\n|-singleturn|p2b: Ogerpon|Helping Hand|[of] p2a: Clefairy\n|move|p1b: Flutter Mane|Shadow Ball|p2b: Ogerpon\n|-crit|p2b: Ogerpon\n|-damage|p2b: Ogerpon|44\/100\n|move|p1a: Landorus|Rock Slide|p2a: Clefairy|[spread] p2a,p2b\n|-damage|p2a: Clefairy|8\/100\n|-damage|p2b: Ogerpon|28\/100\n|cant|p2b: Ogerpon|flinch\n|\n|upkeep\n|turn|3\n|\n|t:|1700248078\n|switch|p2a: Arcanine|Arcanine-Hisui, L50, F|100\/100\n|-ability|p2a: Arcanine|Intimidate|boost\n|-unboost|p1a: Landorus|atk|1\n|-unboost|p1b: Flutter Mane|atk|1\n|move|p1b: Flutter Mane|Protect|p1b: Flutter Mane\n|-singleturn|p1b: Flutter Mane|Protect\n|move|p2b: Ogerpon|Spiky Shield|p2b: Ogerpon\n|-singleturn|p2b: Ogerpon|move: Protect\n|move|p1a: Landorus|Rock Slide|p2b: Ogerpon|[spread] p2a\n|-activate|p2b: Ogerpon|move: Protect\n|-supereffective|p2a: Arcanine\n|-crit|p2a: Arcanine\n|-damage|p2a: Arcanine|33\/100\n|\n|upkeep\n|turn|4\n|\n|t:|1700248100\n|switch|p2b: Clefairy|Clefairy, L50, M|8\/100\n|move|p2a: Arcanine|Extreme Speed|p1a: Landorus\n|-damage|p1a: Landorus|55\/100\n|move|p1b: Flutter Mane|Dazzling Gleam|p2a: Arcanine|[spread] p2a,p2b\n|-resisted|p2a: Arcanine\n|-damage|p2a: Arcanine|19\/100\n|-damage|p2b: Clefairy|0 fnt\n|faint|p2b: Clefairy\n|move|p1a: Landorus|U-turn|p2a: Arcanine\n|-resisted|p2a: Arcanine\n|-damage|p2a: Arcanine|10\/100\n|\n|t:|1700248114\n|switch|p1a: Dragonite|Dragonite, L50, M|100\/100|[from] U-turn\n|\n|upkeep\n|\n|t:|1700248120\n|switch|p2b: Kingambit|Kingambit, L50, F, shiny|100\/100\n|turn|5\n|\n|t:|1700248141\n|move|p1b: Flutter Mane|Protect|p1b: Flutter Mane\n|-singleturn|p1b: Flutter Mane|Protect\n|move|p2a: Arcanine|Extreme Speed|p1a: Dragonite\n|-damage|p1a: Dragonite|57\/100\n|move|p1a: Dragonite|Dragon Dance|p1a: Dragonite\n|-boost|p1a: Dragonite|atk|1\n|-boost|p1a: Dragonite|spe|1\n|move|p2b: Kingambit|Swords Dance|p2b: Kingambit\n|-boost|p2b: Kingambit|atk|2\n|\n|upkeep\n|turn|6\n|\n|t:|1700248164\n|move|p2a: Arcanine|Extreme Speed|p1a: Dragonite\n|-damage|p1a: Dragonite|9\/100\n|move|p2b: Kingambit|Sucker Punch|p1a: Dragonite\n|-damage|p1a: Dragonite|0 fnt\n|faint|p1a: Dragonite\n|move|p1b: Flutter Mane|Shadow Ball|p2a: Arcanine\n|-damage|p2a: Arcanine|0 fnt\n|faint|p2a: Arcanine\n|\n|upkeep\n|\n|t:|1700248177\n|switch|p1a: Landorus|Landorus-Therian, L50, M|55\/100\n|switch|p2a: Ogerpon|Ogerpon-Wellspring-Tera, L50, F, tera:Water|28\/100\n|-ability|p1a: Landorus|Intimidate|boost\n|-unboost|p2a: Ogerpon|atk|1\n|-unboost|p2b: Kingambit|atk|1\n|-ability|p2b: Kingambit|Defiant|boost\n|-boost|p2b: Kingambit|atk|2\n|-ability|p2a: Ogerpon|Embody Aspect (Wellspring)|boost\n|-boost|p2a: Ogerpon|spd|1\n|turn|7\n|inactive|XanderTheGert has 30 seconds left.\n|\n|t:|1700248202\n|move|p2a: Ogerpon|Spiky Shield|p2a: Ogerpon\n|-singleturn|p2a: Ogerpon|move: Protect\n|move|p2b: Kingambit|Protect|p2b: Kingambit\n|-singleturn|p2b: Kingambit|Protect\n|move|p1b: Flutter Mane|Shadow Ball|p2a: Ogerpon\n|-activate|p2a: Ogerpon|move: Protect\n|move|p1a: Landorus|Stomping Tantrum|p2b: Kingambit\n|-activate|p2b: Kingambit|move: Protect\n|\n|upkeep\n|turn|8\n|\n|t:|1700248220\n|move|p2b: Kingambit|Sucker Punch|p1a: Landorus\n|-damage|p1a: Landorus|0 fnt\n|faint|p1a: Landorus\n|move|p1b: Flutter Mane|Shadow Ball|p2a: Ogerpon\n|-damage|p2a: Ogerpon|2\/100\n|move|p2a: Ogerpon|Horn Leech|p1b: Flutter Mane\n|-damage|p1b: Flutter Mane|55\/100\n|-heal|p2a: Ogerpon|19\/100|[from] drain|[of] p1b: Flutter Mane\n|\n|upkeep\n|turn|9\n|\n|t:|1700248232\n|move|p2b: Kingambit|Sucker Punch|p1b: Flutter Mane\n|-damage|p1b: Flutter Mane|0 fnt\n|faint|p1b: Flutter Mane\n|-end|p1b: Flutter Mane|Protosynthesis|[silent]\n|\n|win|onesid\n|raw|XanderTheGert's rating: 1146 &rarr; <strong>1127<\/strong><br \/>(-19 for losing)\n|raw|onesid's rating: 1234 &rarr; <strong>1253<\/strong><br \/>(+19 for winning)\n|l|\u2606XanderTheGert\n","uploadtime":1700248392,"views":10,"p1id":"xanderthegert","p2id":"onesid","formatid":"gen9vgc2023regulatione","rating":1127,"private":0,"password":""}