{"id":"gen9vgc2023regulatione-1998241841","p1":"Ronan Kenny","p2":"squigsquag","format":"[Gen 9] VGC 2023 Regulation E","log":"|j|\u2606Ronan Kenny\n|j|\u2606squigsquag\n|t:|1700918553\n|gametype|doubles\n|player|p1|Ronan Kenny|102|1108\n|player|p2|squigsquag|265|1092\n|teamsize|p1|6\n|teamsize|p2|6\n|gen|9\n|tier|[Gen 9] VGC 2023 Regulation E\n|rated|\n|rule|Species Clause: Limit one of each Pok\u00e9mon\n|rule|Item Clause: Limit one of each item\n|clearpoke\n|poke|p1|Sableye, L50, M|\n|poke|p1|Amoonguss, L50, F|\n|poke|p1|Ogerpon-Cornerstone, L50, F|\n|poke|p1|Heatran, L50, M|\n|poke|p1|Urshifu-*, L50, M|\n|poke|p1|Ninetales-Alola, L50, F|\n|poke|p2|Iron Bundle, L50|\n|poke|p2|Hawlucha, L50, F|\n|poke|p2|Garganacl, L50, M|\n|poke|p2|Sinistcha-Masterpiece, L50|\n|poke|p2|Toxapex, L50, M|\n|poke|p2|Goodra-Hisui, L50, M|\n|teampreview|4\n|inactive|Battle timer is ON: inactive players will automatically lose when time's up. (requested by Ronan Kenny)\n|inactive|squigsquag has 60 seconds left.\n|\n|t:|1700918588\n|start\n|switch|p1a: Urshifu|Urshifu-Rapid-Strike, L50, M|100\/100\n|switch|p1b: Ogerpon|Ogerpon-Cornerstone, L50, F|100\/100\n|switch|p2a: Hawlucha|Hawlucha, L50, F|100\/100\n|switch|p2b: Goodra|Goodra-Hisui, L50, M|100\/100\n|turn|1\n|inactive|Ronan Kenny has 30 seconds left.\n|inactive|squigsquag has 30 seconds left.\n|inactive|Ronan Kenny has 20 seconds left.\n|\n|t:|1700918624\n|-terastallize|p2b: Goodra|Water\n|move|p2a: Hawlucha|Detect|p2a: Hawlucha\n|-singleturn|p2a: Hawlucha|Protect\n|move|p1b: Ogerpon|Follow Me|p1b: Ogerpon\n|-singleturn|p1b: Ogerpon|move: Follow Me\n|move|p1a: Urshifu|Drain Punch|p2b: Goodra\n|-damage|p2b: Goodra|45\/100\n|move|p2b: Goodra|Acid Armor|p2b: Goodra\n|-boost|p2b: Goodra|def|2\n|\n|-heal|p2b: Goodra|51\/100|[from] item: Leftovers\n|upkeep\n|turn|2\n|\n|t:|1700918647\n|move|p1b: Ogerpon|Horn Leech|p2b: Goodra\n|-ability|p2b: Goodra|Sap Sipper|boost\n|-boost|p2b: Goodra|atk|1\n|move|p2a: Hawlucha|Acrobatics|p1a: Urshifu\n|-supereffective|p1a: Urshifu\n|-damage|p1a: Urshifu|51\/100\n|move|p1a: Urshifu|Drain Punch|p2b: Goodra\n|-damage|p2b: Goodra|22\/100\n|-heal|p1a: Urshifu|67\/100|[from] drain|[of] p2b: Goodra\n|move|p2b: Goodra|Life Dew||[still]|[spread] p2a,p2b\n|-fail|p2a: Hawlucha|heal\n|-heal|p2b: Goodra|48\/100\n|\n|-heal|p2b: Goodra|53\/100|[from] item: Leftovers\n|upkeep\n|turn|3\n|inactive|squigsquag has 30 seconds left.\n|\n|t:|1700918676\n|move|p1b: Ogerpon|Ivy Cudgel|p2a: Hawlucha|[anim] Ivy Cudgel Rock\n|-damage|p2a: Hawlucha|10\/100\n|-enditem|p2a: Hawlucha|Red Card|[of] p1b: Ogerpon\n|drag|p1b: Ninetales|Ninetales-Alola, L50, F|100\/100\n|-weather|Snow|[from] ability: Snow Warning|[of] p1b: Ninetales\n|move|p2a: Hawlucha|Drain Punch|p1b: Ninetales\n|-damage|p1b: Ninetales|69\/100\n|-heal|p2a: Hawlucha|25\/100|[from] drain|[of] p1b: Ninetales\n|move|p1a: Urshifu|Drain Punch|p2b: Goodra\n|-damage|p2b: Goodra|22\/100\n|-heal|p1a: Urshifu|83\/100|[from] drain|[of] p2b: Goodra\n|move|p2b: Goodra|Body Press|p1b: Ninetales\n|-damage|p1b: Ninetales|30\/100\n|\n|-weather|Snow|[upkeep]\n|-heal|p1b: Ninetales|36\/100|[from] item: Leftovers\n|-heal|p2b: Goodra|28\/100|[from] item: Leftovers\n|upkeep\n|turn|4\n|inactive|Ronan Kenny has 30 seconds left.\n|inactive|squigsquag has 30 seconds left.\n|\n|t:|1700918702\n|move|p2a: Hawlucha|Acrobatics|p1a: Urshifu\n|-supereffective|p1a: Urshifu\n|-damage|p1a: Urshifu|0 fnt\n|faint|p1a: Urshifu\n|move|p1b: Ninetales|Freeze-Dry|p2b: Goodra\n|-supereffective|p2b: Goodra\n|-damage|p2b: Goodra|2\/100\n|move|p2b: Goodra|Heavy Slam|p1b: Ninetales\n|-supereffective|p1b: Ninetales\n|-damage|p1b: Ninetales|0 fnt\n|faint|p1b: Ninetales\n|\n|-weather|Snow|[upkeep]\n|-heal|p2b: Goodra|7\/100|[from] item: Leftovers\n|upkeep\n|\n|t:|1700918716\n|switch|p1b: Heatran|Heatran, L50, M|100\/100\n|switch|p1a: Ogerpon|Ogerpon-Cornerstone, L50, F|100\/100\n|turn|5\n|\n|t:|1700918737\n|-terastallize|p1b: Heatran|Grass\n|move|p2a: Hawlucha|Drain Punch|p1a: Ogerpon\n|-supereffective|p1a: Ogerpon\n|-damage|p1a: Ogerpon|2\/100\n|-heal|p2a: Hawlucha|74\/100|[from] drain|[of] p1a: Ogerpon\n|move|p1a: Ogerpon|Ivy Cudgel|p2b: Goodra|[anim] Ivy Cudgel Rock\n|-damage|p2b: Goodra|0 fnt\n|faint|p2b: Goodra\n|move|p1b: Heatran|Heat Wave|p2a: Hawlucha\n|-crit|p2a: Hawlucha\n|-damage|p2a: Hawlucha|0 fnt\n|faint|p2a: Hawlucha\n|\n|-weather|Snow|[upkeep]\n|upkeep\n|\n|t:|1700918754\n|switch|p2a: Toxapex|Toxapex, L50, M|100\/100\n|switch|p2b: Sinistcha|Sinistcha-Masterpiece, L50|100\/100\n|turn|6\n|\n|t:|1700918775\n|move|p1a: Ogerpon|Horn Leech|p2a: Toxapex\n|-damage|p2a: Toxapex|72\/100\n|-heal|p1a: Ogerpon|17\/100|[from] drain|[of] p2a: Toxapex\n|move|p1b: Heatran|Heat Wave|p2b: Sinistcha|[spread] p2a,p2b\n|-resisted|p2a: Toxapex\n|-supereffective|p2b: Sinistcha\n|-damage|p2a: Toxapex|55\/100\n|-damage|p2b: Sinistcha|3\/100\n|-status|p2b: Sinistcha|brn\n|move|p2b: Sinistcha|Strength Sap|p1a: Ogerpon\n|-unboost|p1a: Ogerpon|atk|1\n|-heal|p2b: Sinistcha|99\/100 brn\n|move|p2a: Toxapex|Infestation|p1b: Heatran\n|-supereffective|p1b: Heatran\n|-damage|p1b: Heatran|96\/100\n|-activate|p1b: Heatran|move: Infestation|[of] p2a: Toxapex\n|\n|-weather|Snow|[upkeep]\n|-damage|p2b: Sinistcha|93\/100 brn|[from] brn\n|-damage|p1b: Heatran|80\/100|[from] move: Infestation|[partiallytrapped]\n|upkeep\n|turn|7\n|inactive|Ronan Kenny has 30 seconds left.\n|inactive|squigsquag has 30 seconds left.\n|inactive|Ronan Kenny has 20 seconds left.\n|\n|t:|1700918814\n|move|p1a: Ogerpon|Protect|p1a: Ogerpon\n|-singleturn|p1a: Ogerpon|Protect\n|move|p1b: Heatran|Heat Wave|p2a: Toxapex|[spread] p2a,p2b\n|-resisted|p2a: Toxapex\n|-supereffective|p2b: Sinistcha\n|-damage|p2a: Toxapex|37\/100\n|-damage|p2b: Sinistcha|2\/100 brn\n|-status|p2a: Toxapex|brn\n|move|p2b: Sinistcha|Life Dew|p2b: Sinistcha|[spread] p2a,p2b\n|-heal|p2a: Toxapex|62\/100 brn\n|-heal|p2b: Sinistcha|27\/100 brn\n|move|p2a: Toxapex|Infestation|p1a: Ogerpon\n|-activate|p1a: Ogerpon|move: Protect\n|\n|-weather|none\n|-damage|p2b: Sinistcha|21\/100 brn|[from] brn\n|-damage|p2a: Toxapex|57\/100 brn|[from] brn\n|-damage|p1b: Heatran|63\/100|[from] move: Infestation|[partiallytrapped]\n|upkeep\n|turn|8\n|inactive|squigsquag has 30 seconds left.\n|\n|t:|1700918844\n|move|p1a: Ogerpon|Horn Leech|p2a: Toxapex\n|-damage|p2a: Toxapex|39\/100 brn\n|-heal|p1a: Ogerpon|26\/100|[from] drain|[of] p2a: Toxapex\n|move|p1b: Heatran|Heat Wave|p2b: Sinistcha|[spread] p2a,p2b\n|-resisted|p2a: Toxapex\n|-supereffective|p2b: Sinistcha\n|-damage|p2a: Toxapex|22\/100 brn\n|-damage|p2b: Sinistcha|0 fnt\n|faint|p2b: Sinistcha\n|move|p2a: Toxapex|Recover|p2a: Toxapex\n|-heal|p2a: Toxapex|72\/100 brn\n|\n|-damage|p2a: Toxapex|66\/100 brn|[from] brn\n|-damage|p1b: Heatran|46\/100|[from] move: Infestation|[partiallytrapped]\n|upkeep\n|turn|9\n|\n|t:|1700918864\n|move|p1a: Ogerpon|Protect|p1a: Ogerpon\n|-singleturn|p1a: Ogerpon|Protect\n|move|p1b: Heatran|Flash Cannon|p2a: Toxapex\n|-resisted|p2a: Toxapex\n|-damage|p2a: Toxapex|48\/100 brn\n|move|p2a: Toxapex|Infestation|p1a: Ogerpon\n|-activate|p1a: Ogerpon|move: Protect\n|\n|-damage|p2a: Toxapex|43\/100 brn|[from] brn\n|-damage|p1b: Heatran|30\/100|[from] move: Infestation|[partiallytrapped]\n|upkeep\n|turn|10\n|\n|t:|1700918881\n|move|p2a: Toxapex|Baneful Bunker|p2a: Toxapex\n|-singleturn|p2a: Toxapex|move: Protect\n|move|p1a: Ogerpon|Horn Leech|p2a: Toxapex\n|-activate|p2a: Toxapex|move: Protect\n|-status|p1a: Ogerpon|psn\n|move|p1b: Heatran|Flash Cannon|p2a: Toxapex\n|-activate|p2a: Toxapex|move: Protect\n|\n|-damage|p1a: Ogerpon|14\/100 psn|[from] psn\n|-damage|p2a: Toxapex|37\/100 brn|[from] brn\n|-end|p1b: Heatran|Infestation|[partiallytrapped]\n|upkeep\n|turn|11\n|\n|t:|1700918901\n|move|p1a: Ogerpon|Follow Me|p1a: Ogerpon\n|-singleturn|p1a: Ogerpon|move: Follow Me\n|move|p1b: Heatran|Flash Cannon|p2a: Toxapex\n|-resisted|p2a: Toxapex\n|-damage|p2a: Toxapex|16\/100 brn\n|move|p2a: Toxapex|Recover|p2a: Toxapex\n|-heal|p2a: Toxapex|67\/100 brn\n|\n|-damage|p1a: Ogerpon|2\/100 psn|[from] psn\n|-damage|p2a: Toxapex|61\/100 brn|[from] brn\n|upkeep\n|turn|12\n|\n|t:|1700918916\n|move|p2a: Toxapex|Baneful Bunker|p2a: Toxapex\n|-singleturn|p2a: Toxapex|move: Protect\n|move|p1a: Ogerpon|Horn Leech|p2a: Toxapex\n|-activate|p2a: Toxapex|move: Protect\n|move|p1b: Heatran|Flash Cannon|p2a: Toxapex\n|-activate|p2a: Toxapex|move: Protect\n|\n|-damage|p1a: Ogerpon|0 fnt|[from] psn\n|faint|p1a: Ogerpon\n|-damage|p2a: Toxapex|55\/100 brn|[from] brn\n|upkeep\n|turn|13\n|\n|t:|1700918930\n|move|p1b: Heatran|Flash Cannon|p2a: Toxapex\n|-resisted|p2a: Toxapex\n|-damage|p2a: Toxapex|36\/100 brn\n|move|p2a: Toxapex|Infestation|p1b: Heatran\n|-supereffective|p1b: Heatran\n|-damage|p1b: Heatran|26\/100\n|-activate|p1b: Heatran|move: Infestation|[of] p2a: Toxapex\n|\n|-damage|p2a: Toxapex|30\/100 brn|[from] brn\n|-damage|p1b: Heatran|9\/100|[from] move: Infestation|[partiallytrapped]\n|upkeep\n|turn|14\n|\n|t:|1700918942\n|move|p1b: Heatran|Flash Cannon|p2a: Toxapex\n|-resisted|p2a: Toxapex\n|-damage|p2a: Toxapex|12\/100 brn\n|move|p2a: Toxapex|Recover|p2a: Toxapex\n|-heal|p2a: Toxapex|62\/100 brn\n|\n|-damage|p2a: Toxapex|57\/100 brn|[from] brn\n|-damage|p1b: Heatran|0 fnt|[from] move: Infestation|[partiallytrapped]\n|faint|p1b: Heatran\n|\n|win|squigsquag\n|upkeep\n|raw|Ronan Kenny's rating: 1108 &rarr; <strong>1082<\/strong><br \/>(-26 for losing)\n|raw|squigsquag's rating: 1092 &rarr; <strong>1119<\/strong><br \/>(+27 for winning)\n","uploadtime":1700918947,"views":20,"p1id":"ronankenny","p2id":"squigsquag","formatid":"gen9vgc2023regulatione","rating":1082,"private":0,"password":""}