{"id":"gen9vgc2023regulatione-1988475479","p1":"Bolt-Beam Studios","p2":"That_Leek","format":"[Gen 9] VGC 2023 Regulation E","log":"|j|\u2606Bolt-Beam Studios\n|j|\u2606That_Leek\n|n|\u2606Bolt-Beam Studios|boltbeamstudios\n|n|\u2606That_Leek|thatleek\n|html|View the match progress at <a href=\"\/game-bestof3-gen9vgc2023regulatione-1988475478\">game-bestof3-gen9vgc2023regulatione-1988475478<\/a>\n|t:|1699726936\n|gametype|doubles\n|player|p1|Bolt-Beam Studios|courtney-gen3|\n|player|p2|That_Leek|blue|\n|teamsize|p1|6\n|teamsize|p2|6\n|gen|9\n|tier|[Gen 9] VGC 2023 Regulation E\n|rule|Species Clause: Limit one of each Pok\u00e9mon\n|rule|Item Clause: Limit one of each item\n|clearpoke\n|poke|p1|Hydreigon, L50, M|\n|poke|p1|Landorus-Therian, L50, M|\n|poke|p1|Heatran, L50, M|\n|poke|p1|Flutter Mane, L50|\n|poke|p1|Rillaboom, L50, F|\n|poke|p1|Ogerpon-Wellspring, L50, F|\n|poke|p2|Dondozo, L50, M|\n|poke|p2|Tatsugiri, L50, M|\n|poke|p2|Heatran, L50, M|\n|poke|p2|Sinistcha, L50|\n|poke|p2|Landorus-Therian, L50, M|\n|poke|p2|Flutter Mane, L50|\n|teampreview|4\n|inactive|Battle timer is ON: inactive players will automatically lose when time's up. (requested by Bolt-Beam Studios)\nBolt-Beam Studios has agreed to open team sheets.\nThat_Leek has agreed to open team sheets.\n|showteam|p1|Hydreigon||AssaultVest|Levitate|DracoMeteor,DarkPulse,EarthPower,TeraBlast|||M|||50|,,,,,Poison]Landorus-Therian||ChoiceScarf|Intimidate|Uturn,StompingTantrum,RockSlide,TeraBlast|||M|||50|,,,,,Flying]Heatran||Leftovers|FlashFire|HeatWave,FlashCannon,Protect,Substitute|||M|||50|,,,,,Fairy]Flutter Mane||ChoiceSpecs|Protosynthesis|Moonblast,ShadowBall,DazzlingGleam,IcyWind||||||50|,,,,,Fairy]Rillaboom||MiracleSeed|GrassySurge|GrassyGlide,WoodHammer,FakeOut,HighHorsepower|||F|||50|,,,,,Fire]Ogerpon-Wellspring||WellspringMask|WaterAbsorb|SwordsDance,GrassyGlide,IvyCudgel,SpikyShield|||F|||50|,,,,,Water\n|showteam|p2|Dondozo||Leftovers|Unaware|Protect,OrderUp,WaveCrash,Earthquake|||M|||50|,,,,,Grass]Tatsugiri||FocusSash|Commander|Protect,DracoMeteor,HelpingHand,IcyWind|||M|||50|,,,,,Dragon]Heatran||AssaultVest|FlashFire|HeatWave,FlashCannon,EarthPower,TeraBlast|||M|||50|,,,,,Grass]Sinistcha||RockyHelmet|Hospitality|MatchaGotcha,ShadowBall,RagePowder,TrickRoom||||||50|,,,,,Fire]Landorus-Therian||ChoiceScarf|Intimidate|RockSlide,Uturn,StompingTantrum,TeraBlast|||M|||50|,,,,,Flying]Flutter Mane||ChoiceSpecs|Protosynthesis|DazzlingGleam,Moonblast,ShadowBall,IcyWind||||||50|,,,,,Fairy\n|inactive|That_Leek has 30 seconds left.\n|\n|t:|1699726986\n|start\n|switch|p1a: Kong|Rillaboom, L50, F, shiny|100\/100\n|switch|p1b: Landorus|Landorus-Therian, L50, M|100\/100\n|switch|p2a: Sinistcha|Sinistcha, L50|100\/100\n|switch|p2b: Heatran|Heatran, L50, M|100\/100\n|-ability|p1b: Landorus|Intimidate|boost\n|-unboost|p2a: Sinistcha|atk|1\n|-unboost|p2b: Heatran|atk|1\n|-fieldstart|move: Grassy Terrain|[from] ability: Grassy Surge|[of] p1a: Kong\n|turn|1\n|\n|t:|1699727000\n|-terastallize|p1b: Landorus|Flying\n|-terastallize|p2b: Heatran|Grass\n|move|p1b: Landorus|Tera Blast|p2a: Sinistcha|[anim] Tera Blast Flying\n|-supereffective|p2a: Sinistcha\n|-damage|p2a: Sinistcha|0 fnt\n|faint|p2a: Sinistcha\n|move|p1a: Kong|High Horsepower|p2b: Heatran\n|-resisted|p2b: Heatran\n|-damage|p2b: Heatran|84\/100\n|move|p2b: Heatran|Heat Wave|p1b: Landorus|[spread] p1a,p1b\n|-supereffective|p1a: Kong\n|-damage|p1a: Kong|7\/100\n|-damage|p1b: Landorus|57\/100\n|-status|p1b: Landorus|brn\n|\n|-heal|p1a: Kong|13\/100|[from] Grassy Terrain\n|-heal|p2b: Heatran|90\/100|[from] Grassy Terrain\n|-damage|p1b: Landorus|51\/100 brn|[from] brn\n|upkeep\n|\n|t:|1699727015\n|switch|p2a: Landorus|Landorus-Therian, L50, M|100\/100\n|-ability|p2a: Landorus|Intimidate|boost\n|-unboost|p1a: Kong|atk|1\n|-unboost|p1b: Landorus|atk|1\n|turn|2\n|\n|t:|1699727025\n|switch|p1a: Hydreigon|Hydreigon, L50, M|100\/100\n|switch|p2b: Flutter Mane|Flutter Mane, L50|100\/100\n|move|p2a: Landorus|Rock Slide|p1b: Landorus|[spread] p1a,p1b\n|-supereffective|p1b: Landorus\n|-damage|p1a: Hydreigon|77\/100\n|-damage|p1b: Landorus|0 fnt\n|faint|p1b: Landorus\n|\n|upkeep\n|\n|t:|1699727033\n|switch|p1b: Kong|Rillaboom, L50, F, shiny|13\/100\n|turn|3\n|\n|t:|1699727043\n|move|p1b: Kong|Grassy Glide|p2b: Flutter Mane\n|-damage|p2b: Flutter Mane|0 fnt\n|faint|p2b: Flutter Mane\n|-end|p2b: Flutter Mane|Protosynthesis|[silent]\n|move|p2a: Landorus|Rock Slide|p1b: Kong|[spread] p1a,p1b\n|-damage|p1a: Hydreigon|52\/100\n|-damage|p1b: Kong|0 fnt\n|faint|p1b: Kong\n|move|p1a: Hydreigon|Draco Meteor|p2a: Landorus\n|-damage|p2a: Landorus|9\/100\n|-unboost|p1a: Hydreigon|spa|2\n|\n|upkeep\n|\n|t:|1699727053\n|switch|p2b: Heatran|Heatran, L50, M, tera:Grass|90\/100\n|switch|p1b: Ogerpon|Ogerpon-Wellspring, L50, F|100\/100\n|turn|4\n|\n|t:|1699727068\n|move|p1b: Ogerpon|Grassy Glide|p2a: Landorus\n|-damage|p2a: Landorus|0 fnt\n|faint|p2a: Landorus\n|move|p1a: Hydreigon|Dark Pulse|p2b: Heatran\n|-damage|p2b: Heatran|78\/100\n|cant|p2b: Heatran|flinch\n|\n|-heal|p2b: Heatran|84\/100|[from] Grassy Terrain\n|upkeep\n|turn|5\n|c|\u2606That_Leek|bruh\n|\n|t:|1699727079\n|move|p1a: Hydreigon|Dark Pulse|p2b: Heatran\n|-damage|p2b: Heatran|72\/100\n|move|p1b: Ogerpon|Swords Dance|p1b: Ogerpon\n|-boost|p1b: Ogerpon|atk|2\n|move|p2b: Heatran|Tera Blast|p1b: Ogerpon|[anim] Tera Blast Grass\n|-damage|p1b: Ogerpon|44\/100\n|\n|-heal|p1b: Ogerpon|50\/100|[from] Grassy Terrain\n|-heal|p2b: Heatran|78\/100|[from] Grassy Terrain\n|-fieldend|move: Grassy Terrain\n|upkeep\n|turn|6\n|\n|t:|1699727087\n|move|p1b: Ogerpon|Spiky Shield|p1b: Ogerpon\n|-singleturn|p1b: Ogerpon|move: Protect\n|move|p1a: Hydreigon|Dark Pulse|p2b: Heatran\n|-damage|p2b: Heatran|65\/100\n|move|p2b: Heatran|Tera Blast|p1b: Ogerpon|[anim] Tera Blast Grass\n|-activate|p1b: Ogerpon|move: Protect\n|\n|upkeep\n|turn|7\n|\n|t:|1699727097\n|move|p1a: Hydreigon|Dark Pulse|p2b: Heatran\n|-damage|p2b: Heatran|53\/100\n|move|p1b: Ogerpon|Ivy Cudgel|p2b: Heatran\n|-resisted|p2b: Heatran\n|-damage|p2b: Heatran|0 fnt\n|faint|p2b: Heatran\n|\n|win|Bolt-Beam Studios\n|c|&|\/uhtml prompt-thatleek,That_Leek is ready for game 2!\n|c|&|\/uhtml prompt-boltbeamstudios,Bolt-Beam Studios is ready for game 2!\nBoth players are ready! Starting next match!\n|l|\u2606Bolt-Beam Studios\n","uploadtime":1699727452,"views":14,"p1id":"boltbeamstudios","p2id":"thatleek","formatid":"gen9vgc2023regulatione","rating":0,"private":0,"password":""}