{"id":"gen9vgc2023regulatione-1997814388","p1":"DJ_PBnJ","p2":"Drookez","format":"[Gen 9] VGC 2023 Regulation E","log":"|j|\u2606DJ_PBnJ\n|j|\u2606Drookez\n|n|\u2606DJ_PBnJ|djpbnj\n|n|\u2606Drookez|drookez\n|html|View the match progress at <a href=\"\/game-bestof3-gen9vgc2023regulatione-1997809702\">game-bestof3-gen9vgc2023regulatione-1997809702<\/a>\n|t:|1700855582\n|gametype|doubles\n|player|p1|DJ_PBnJ|hilda|\n|player|p2|Drookez|whitney|\n|teamsize|p1|6\n|teamsize|p2|6\n|gen|9\n|tier|[Gen 9] VGC 2023 Regulation E\n|rule|Species Clause: Limit one of each Pok\u00e9mon\n|rule|Item Clause: Limit one of each item\n|clearpoke\n|poke|p1|Fezandipiti, L50, M|\n|poke|p1|Meowscarada, L50, F|\n|poke|p1|Dragalge, L50, M|\n|poke|p1|Rotom-Heat, L50|\n|poke|p1|Clefairy, L50, M|\n|poke|p1|Garchomp, L50, M|\n|poke|p2|Clefairy, L50, M|\n|poke|p2|Kommo-o, L50, M|\n|poke|p2|Milotic, L50, M|\n|poke|p2|Arcanine-Hisui, L50, M|\n|poke|p2|Sinistcha, L50|\n|poke|p2|Snorlax, L50, F|\n|teampreview|4\n|\n|t:|1700855601\n|start\n|switch|p1a: Dragalgalgalgalge|Dragalge, L50, M|100\/100\n|switch|p1b: Fezandipshity|Fezandipiti, L50, M|100\/100\n|switch|p2a: Folklore|Kommo-o, L50, M|100\/100\n|switch|p2b: 1989|Milotic, L50, M|100\/100\n|turn|1\n|\n|t:|1700855656\n|-terastallize|p2a: Folklore|Steel\n|move|p2a: Folklore|Clangorous Soul|p2a: Folklore\n|-boost|p2a: Folklore|atk|1\n|-boost|p2a: Folklore|def|1\n|-boost|p2a: Folklore|spa|1\n|-boost|p2a: Folklore|spd|1\n|-boost|p2a: Folklore|spe|1\n|-damage|p2a: Folklore|68\/100\n|-enditem|p2a: Folklore|Throat Spray\n|-boost|p2a: Folklore|spa|1|[from] item: Throat Spray\n|move|p1b: Fezandipshity|Dazzling Gleam|p2b: 1989|[spread] p2a,p2b\n|-resisted|p2a: Folklore\n|-damage|p2a: Folklore|63\/100\n|-damage|p2b: 1989|90\/100\n|move|p2b: 1989|Icy Wind|p1a: Dragalgalgalgalge|[spread] p1a,p1b\n|-supereffective|p1a: Dragalgalgalgalge\n|-damage|p1a: Dragalgalgalgalge|74\/100\n|-damage|p1b: Fezandipshity|90\/100\n|-unboost|p1a: Dragalgalgalgalge|spe|1\n|-unboost|p1b: Fezandipshity|spe|1\n|move|p1a: Dragalgalgalgalge|Thunderbolt|p2b: 1989\n|-supereffective|p2b: 1989\n|-damage|p2b: 1989|32\/100\n|-status|p2b: 1989|par\n|\n|-heal|p1b: Fezandipshity|96\/100|[from] item: Leftovers\n|-heal|p2b: 1989|38\/100 par|[from] item: Leftovers\n|upkeep\n|turn|2\n|\n|t:|1700855707\n|move|p2a: Folklore|Clanging Scales|p1a: Dragalgalgalgalge|[spread] p1a\n|-immune|p1b: Fezandipshity\n|-supereffective|p1a: Dragalgalgalgalge\n|-crit|p1a: Dragalgalgalgalge\n|-damage|p1a: Dragalgalgalgalge|0 fnt\n|faint|p1a: Dragalgalgalgalge\n|-unboost|p2a: Folklore|def|1\n|move|p1b: Fezandipshity|Dazzling Gleam|p2a: Folklore|[spread] p2a,p2b\n|-resisted|p2a: Folklore\n|-damage|p2a: Folklore|58\/100\n|-damage|p2b: 1989|27\/100 par\n|move|p2b: 1989|Scald|p1b: Fezandipshity\n|-damage|p1b: Fezandipshity|65\/100\n|\n|-heal|p1b: Fezandipshity|71\/100|[from] item: Leftovers\n|-heal|p2b: 1989|33\/100 par|[from] item: Leftovers\n|upkeep\n|\n|t:|1700855721\n|switch|p1a: Ya Like Piano?|Garchomp, L50, M|100\/100\n|turn|3\n|\n|t:|1700855769\n|move|p1a: Ya Like Piano?|Protect|p1a: Ya Like Piano?\n|-singleturn|p1a: Ya Like Piano?|Protect\n|move|p2a: Folklore|Flash Cannon|p1b: Fezandipshity\n|-supereffective|p1b: Fezandipshity\n|-damage|p1b: Fezandipshity|0 fnt\n|faint|p1b: Fezandipshity\n|move|p2b: 1989|Scald|p1a: Ya Like Piano?\n|-activate|p1a: Ya Like Piano?|move: Protect\n|\n|-heal|p2b: 1989|39\/100 par|[from] item: Leftovers\n|upkeep\n|\n|t:|1700855779\n|switch|p1b: Mascara|Meowscarada, L50, F|100\/100\n|turn|4\n|\n|t:|1700855790\n|move|p2a: Folklore|Flash Cannon|p1b: Mascara\n|-enditem|p1b: Mascara|Focus Sash\n|-damage|p1b: Mascara|1\/100\n|move|p1b: Mascara|Flower Trick|p2b: 1989\n|-supereffective|p2b: 1989\n|-crit|p2b: 1989\n|-damage|p2b: 1989|0 fnt\n|faint|p2b: 1989\n|move|p1a: Ya Like Piano?|Stomping Tantrum|p2a: Folklore\n|-supereffective|p2a: Folklore\n|-damage|p2a: Folklore|0 fnt\n|faint|p2a: Folklore\n|\n|upkeep\n|\n|t:|1700855797\n|switch|p2a: Evermore|Arcanine-Hisui, L50, M|100\/100\n|switch|p2b: Debut|Snorlax, L50, F|100\/100\n|-ability|p2a: Evermore|Intimidate|boost\n|-fail|p1a: Ya Like Piano?|unboost|[from] item: Clear Amulet|[of] p1a: Ya Like Piano?\n|-unboost|p1b: Mascara|atk|1\n|turn|5\n|\n|t:|1700855820\n|move|p1b: Mascara|Protect|p1b: Mascara\n|-singleturn|p1b: Mascara|Protect\n|move|p2a: Evermore|Extreme Speed|p1b: Mascara\n|-activate|p1b: Mascara|move: Protect\n|move|p1a: Ya Like Piano?|Stomping Tantrum|p2a: Evermore\n|-supereffective|p2a: Evermore\n|-damage|p2a: Evermore|0 fnt\n|faint|p2a: Evermore\n|move|p2b: Debut|High Horsepower|p1a: Ya Like Piano?\n|-damage|p1a: Ya Like Piano?|66\/100\n|-damage|p2b: Debut|88\/100|[from] ability: Rough Skin|[of] p1a: Ya Like Piano?\n|\n|upkeep\n|turn|6\n|\n|t:|1700855844\n|move|p1b: Mascara|Flower Trick|p2b: Debut\n|-crit|p2b: Debut\n|-damage|p2b: Debut|9\/100\n|move|p1a: Ya Like Piano?|Dragon Claw|p2b: Debut\n|-damage|p2b: Debut|0 fnt\n|faint|p2b: Debut\n|\n|win|DJ_PBnJ\n|c|\u2606Drookez|gg\n|c|\u2606DJ_PBnJ|gg\n|c|\u2606Drookez|nice battles!\n|c|\u2606Drookez|enjoyed them <3\n|l|drookez\n|c|\u2606DJ_PBnJ|Yee, those were some really close rounds\n","uploadtime":1700855897,"views":12,"p1id":"djpbnj","p2id":"drookez","formatid":"gen9vgc2023regulatione","rating":0,"private":0,"password":""}