{"id":"gen9vgc2023regulatione-1994569030","p1":"LameLiarLeo","p2":"W2P","format":"[Gen 9] VGC 2023 Regulation E","log":"|j|\u2606LameLiarLeo\n|j|\u2606W2P\n|n|\u2606LameLiarLeo|lameliarleo\n|n|\u2606W2P|w2p\n|html|View the match progress at <a href=\"\/game-bestof3-gen9vgc2023regulatione-1994569029\">game-bestof3-gen9vgc2023regulatione-1994569029<\/a>\n|t:|1700461461\n|gametype|doubles\n|player|p1|LameLiarLeo|caitlin|\n|player|p2|W2P|sina-gen6|\n|teamsize|p1|6\n|teamsize|p2|6\n|gen|9\n|tier|[Gen 9] VGC 2023 Regulation E\n|rule|Species Clause: Limit one of each Pok\u00e9mon\n|rule|Item Clause: Limit one of each item\n|clearpoke\n|poke|p1|Flutter Mane, L50|\n|poke|p1|Iron Hands, L50|\n|poke|p1|Landorus-Therian, L50, M|\n|poke|p1|Chi-Yu, L50|\n|poke|p1|Amoonguss, L50, F|\n|poke|p1|Chien-Pao, L50|\n|poke|p2|Flutter Mane, L50|\n|poke|p2|Chien-Pao, L50|\n|poke|p2|Tornadus, L50, M|\n|poke|p2|Urshifu-*, L50, M|\n|poke|p2|Arcanine-Hisui, L50, F|\n|poke|p2|Rillaboom, L50, M|\n|teampreview|4\n|inactive|Battle timer is ON: inactive players will automatically lose when time's up. (requested by LameLiarLeo)\n|inactive|W2P also wants the timer to be on.\n|c|\u2606W2P|leo\n|c|\u2606W2P|is my team outdated?\n|inactive|LameLiarLeo has 60 seconds left.\n|inactive|W2P has 60 seconds left.\n|\n|t:|1700461505\n|start\n|switch|p1a: One Puch Mon|Iron Hands, L50|100\/100\n|switch|p1b: Old King|Landorus-Therian, L50, M|100\/100\n|switch|p2a: NLE|Tornadus, L50, M|100\/100\n|switch|p2b: MONACO|Urshifu-Rapid-Strike, L50, M|100\/100\n|-ability|p1b: Old King|Intimidate|boost\n|-unboost|p2a: NLE|atk|1\n|-unboost|p2b: MONACO|atk|1\n|turn|1\n|\n|t:|1700461514\n|switch|p1b: Urshi-Who|Amoonguss, L50, F|100\/100\n|move|p2a: NLE|Tailwind|p2a: NLE\n|-sidestart|p2: W2P|move: Tailwind\n|move|p2b: MONACO|Surging Strikes|p1b: Urshi-Who\n|-resisted|p1b: Urshi-Who\n|-crit|p1b: Urshi-Who\n|-damage|p1b: Urshi-Who|92\/100\n|-resisted|p1b: Urshi-Who\n|-crit|p1b: Urshi-Who\n|-damage|p1b: Urshi-Who|84\/100\n|-resisted|p1b: Urshi-Who\n|-crit|p1b: Urshi-Who\n|-damage|p1b: Urshi-Who|75\/100\n|-hitcount|p1b: Urshi-Who|3\n|move|p1a: One Puch Mon|Wild Charge|p2a: NLE\n|-supereffective|p2a: NLE\n|-damage|p2a: NLE|0 fnt\n|faint|p2a: NLE\n|-damage|p1a: One Puch Mon|80\/100|[from] Recoil\n|\n|upkeep\n|c|\u2606W2P|\"FUCK\"\n|\n|t:|1700461523\n|switch|p2a: FUCK12|Arcanine-Hisui, L50, F|100\/100\n|-ability|p2a: FUCK12|Intimidate|boost\n|-unboost|p1a: One Puch Mon|atk|1\n|-unboost|p1b: Urshi-Who|atk|1\n|turn|2\n|c|\u2606LameLiarLeo|Your team isn't outdated\n|inactive|LameLiarLeo has 30 seconds left.\n|c|\u2606W2P|tera amogus :)\n|inactive|LameLiarLeo has 20 seconds left.\n|inactive|LameLiarLeo has 15 seconds left.\n|\n|t:|1700461564\n|-terastallize|p2b: MONACO|Water\n|-terastallize|p1b: Urshi-Who|Fire\n|move|p2b: MONACO|Surging Strikes|p1a: One Puch Mon\n|-crit|p1a: One Puch Mon\n|-damage|p1a: One Puch Mon|59\/100\n|-crit|p1a: One Puch Mon\n|-damage|p1a: One Puch Mon|39\/100\n|-crit|p1a: One Puch Mon\n|-damage|p1a: One Puch Mon|19\/100\n|-hitcount|p1a: One Puch Mon|3\n|move|p2a: FUCK12|Rock Slide|p1b: Urshi-Who|[spread] p1a,p1b\n|-resisted|p1a: One Puch Mon\n|-supereffective|p1b: Urshi-Who\n|-damage|p1a: One Puch Mon|5\/100\n|-damage|p1b: Urshi-Who|12\/100\n|-enditem|p1b: Urshi-Who|Sitrus Berry|[eat]\n|-heal|p1b: Urshi-Who|37\/100|[from] item: Sitrus Berry\n|move|p1a: One Puch Mon|Drain Punch|p2a: FUCK12\n|-supereffective|p2a: FUCK12\n|-damage|p2a: FUCK12|35\/100\n|-heal|p1a: One Puch Mon|30\/100|[from] drain|[of] p2a: FUCK12\n|cant|p1b: Urshi-Who|flinch\n|\n|upkeep\n|turn|3\n|c|\u2606W2P|huh\n|c|\u2606W2P|sorry\n|inactive|LameLiarLeo has 30 seconds left.\n|inactive|LameLiarLeo has 20 seconds left.\n|inactive|LameLiarLeo has 15 seconds left.\n|\n|t:|1700461609\n|move|p1b: Urshi-Who|Rage Powder|p1b: Urshi-Who\n|-singleturn|p1b: Urshi-Who|move: Rage Powder\n|move|p2b: MONACO|Surging Strikes|p1b: Urshi-Who\n|-supereffective|p1b: Urshi-Who\n|-crit|p1b: Urshi-Who\n|-damage|p1b: Urshi-Who|0 fnt\n|faint|p1b: Urshi-Who\n|-hitcount|p1: Urshi-Who|1\n|move|p2a: FUCK12|Rock Slide|p1a: One Puch Mon\n|-resisted|p1a: One Puch Mon\n|-damage|p1a: One Puch Mon|8\/100\n|move|p1a: One Puch Mon|Wild Charge|p2a: FUCK12\n|-damage|p2a: FUCK12|0 fnt\n|faint|p2a: FUCK12\n|-damage|p1a: One Puch Mon|1\/100|[from] Recoil\n|\n|upkeep\n|c|\u2606W2P|damn nice play\n|\n|t:|1700461626\n|switch|p2a: OPPASTOPPA|Rillaboom, L50, M|100\/100\n|switch|p1b: Old King|Landorus-Therian, L50, M|100\/100\n|-fieldstart|move: Grassy Terrain|[from] ability: Grassy Surge|[of] p2a: OPPASTOPPA\n|-ability|p1b: Old King|Intimidate|boost\n|-unboost|p2a: OPPASTOPPA|atk|1\n|-unboost|p2b: MONACO|atk|1\n|turn|4\n|\n|t:|1700461634\n|move|p2a: OPPASTOPPA|Fake Out|p1a: One Puch Mon\n|-damage|p1a: One Puch Mon|0 fnt\n|faint|p1a: One Puch Mon\n|-end|p1a: One Puch Mon|Quark Drive|[silent]\n|move|p2b: MONACO|Surging Strikes|p1b: Old King\n|-supereffective|p1b: Old King\n|-crit|p1b: Old King\n|-damage|p1b: Old King|46\/100\n|-supereffective|p1b: Old King\n|-crit|p1b: Old King\n|-damage|p1b: Old King|0 fnt\n|faint|p1b: Old King\n|-hitcount|p1: Old King|2\n|\n|-sideend|p2: W2P|move: Tailwind\n|upkeep\n|\n|t:|1700461637\n|switch|p1b: Nebula|Flutter Mane, L50|100\/100\n|turn|5\n|\n|t:|1700461643\n|move|p2b: MONACO|Surging Strikes|p1b: Nebula\n|-crit|p1b: Nebula\n|-damage|p1b: Nebula|52\/100\n|-crit|p1b: Nebula\n|-damage|p1b: Nebula|6\/100\n|-crit|p1b: Nebula\n|-damage|p1b: Nebula|0 fnt\n|faint|p1b: Nebula\n|-end|p1b: Nebula|Protosynthesis|[silent]\n|-hitcount|p1: Nebula|3\n|\n|win|W2P\n|c|&|\/uhtml prompt-lameliarleo,LameLiarLeo is ready for game 2!\n|c|\u2606W2P|MONACO\n|c|&|\/uhtml prompt-w2p,W2P is ready for game 2!\nBoth players are ready! Starting next match!\n","uploadtime":1700461652,"views":7,"p1id":"lameliarleo","p2id":"w2p","formatid":"gen9vgc2023regulatione","rating":0,"private":0,"password":""}