{"id":"gen9vgc2023regulatione-1999207713","p1":"BabaYaga_oog","p2":"Calmnic","format":"[Gen 9] VGC 2023 Regulation E","log":"|j|\u2606BabaYaga_oog\n|j|\u2606Calmnic\n|t:|1701045508\n|gametype|doubles\n|player|p1|BabaYaga_oog|170|1345\n|player|p2|Calmnic|petrel|1243\n|teamsize|p1|6\n|teamsize|p2|6\n|gen|9\n|tier|[Gen 9] VGC 2023 Regulation E\n|rated|\n|rule|Species Clause: Limit one of each Pok\u00e9mon\n|rule|Item Clause: Limit one of each item\n|clearpoke\n|poke|p1|Gholdengo, L50|\n|poke|p1|Gothitelle, L50, M|\n|poke|p1|Urshifu-*, L50, M|\n|poke|p1|Ogerpon, L50, F|\n|poke|p1|Heatran, L50, M|\n|poke|p1|Landorus-Therian, L50, M|\n|poke|p2|Amoonguss, L50, M|\n|poke|p2|Tornadus, L50, M|\n|poke|p2|Iron Hands, L50|\n|poke|p2|Arcanine-Hisui, L50, M|\n|poke|p2|Gholdengo, L50|\n|poke|p2|Urshifu-*, L50, M|\n|teampreview|4\n|inactive|Battle timer is ON: inactive players will automatically lose when time's up. (requested by Calmnic)\n|inactive|BabaYaga_oog also wants the timer to be on.\n|inactive|BabaYaga_oog has 60 seconds left.\n|inactive|Calmnic has 60 seconds left.\n|\n|t:|1701045552\n|start\n|switch|p1a: Ogerpon|Ogerpon, L50, F|100\/100\n|switch|p1b: Landorus|Landorus-Therian, L50, M|100\/100\n|switch|p2a: Tornadus|Tornadus, L50, M|100\/100\n|switch|p2b: Urshifu|Urshifu-Rapid-Strike, L50, M|100\/100\n|-ability|p1b: Landorus|Intimidate|boost\n|-unboost|p2a: Tornadus|atk|1\n|-unboost|p2b: Urshifu|atk|1\n|turn|1\n|inactive|BabaYaga_oog has 30 seconds left.\n|inactive|Calmnic has 30 seconds left.\n|inactive|Calmnic has 20 seconds left.\n|\n|t:|1701045587\n|switch|p1b: Gothitelle|Gothitelle, L50, M|100\/100\n|move|p2a: Tornadus|Rain Dance|p2a: Tornadus\n|-weather|RainDance\n|move|p1a: Ogerpon|Encore|p2a: Tornadus\n|-start|p2a: Tornadus|Encore\n|move|p2b: Urshifu|Surging Strikes|p1b: Gothitelle\n|-crit|p1b: Gothitelle\n|-damage|p1b: Gothitelle|60\/100\n|-crit|p1b: Gothitelle\n|-damage|p1b: Gothitelle|18\/100\n|-enditem|p1b: Gothitelle|Sitrus Berry|[eat]\n|-heal|p1b: Gothitelle|43\/100|[from] item: Sitrus Berry\n|-crit|p1b: Gothitelle\n|-damage|p1b: Gothitelle|2\/100\n|-hitcount|p1b: Gothitelle|3\n|\n|-weather|RainDance|[upkeep]\n|upkeep\n|turn|2\n|inactive|BabaYaga_oog has 30 seconds left.\n|inactive|Calmnic has 30 seconds left.\n|inactive|BabaYaga_oog has 20 seconds left.\n|inactive|Calmnic has 20 seconds left.\n|inactive|Calmnic has 15 seconds left.\n|\n|t:|1701045630\n|move|p1b: Gothitelle|Fake Out|p2b: Urshifu\n|-damage|p2b: Urshifu|94\/100\n|move|p2a: Tornadus|Rain Dance||[still]\n|-fail|p2a: Tornadus\n|cant|p2b: Urshifu|flinch\n|move|p1a: Ogerpon|Ivy Cudgel|p2b: Urshifu\n|-supereffective|p2b: Urshifu\n|-damage|p2b: Urshifu|0 fnt\n|faint|p2b: Urshifu\n|\n|-weather|RainDance|[upkeep]\n|upkeep\n|\n|t:|1701045646\n|switch|p2b: Iron Hands|Iron Hands, L50|100\/100\n|turn|3\n|inactive|BabaYaga_oog has 30 seconds left.\n|inactive|Calmnic has 30 seconds left.\n|inactive|BabaYaga_oog has 20 seconds left.\n|inactive|BabaYaga_oog has 15 seconds left.\n|inactive|BabaYaga_oog has 10 seconds left.\n|inactive|BabaYaga_oog has 5 seconds left.\n|\n|t:|1701045697\n|move|p1a: Ogerpon|Spiky Shield|p1a: Ogerpon\n|-singleturn|p1a: Ogerpon|move: Protect\n|move|p1b: Gothitelle|Protect|p1b: Gothitelle\n|-singleturn|p1b: Gothitelle|Protect\n|move|p2a: Tornadus|Rain Dance||[still]\n|-fail|p2a: Tornadus\n|move|p2b: Iron Hands|Drain Punch|p1a: Ogerpon\n|-activate|p1a: Ogerpon|move: Protect\n|-damage|p2b: Iron Hands|88\/100|[from] Spiky Shield|[of] p1a: Ogerpon\n|\n|-weather|RainDance|[upkeep]\n|upkeep\n|turn|4\n|\n|t:|1701045716\n|move|p2a: Tornadus|Rain Dance||[still]\n|-fail|p2a: Tornadus\n|move|p1a: Ogerpon|Ivy Cudgel|p2b: Iron Hands\n|-damage|p2b: Iron Hands|57\/100\n|move|p1b: Gothitelle|Psychic|p2b: Iron Hands\n|-supereffective|p2b: Iron Hands\n|-damage|p2b: Iron Hands|20\/100\n|move|p2b: Iron Hands|Drain Punch|p1b: Gothitelle\n|-resisted|p1b: Gothitelle\n|-damage|p1b: Gothitelle|0 fnt\n|-heal|p2b: Iron Hands|21\/100|[from] drain|[of] p1b: Gothitelle\n|faint|p1b: Gothitelle\n|\n|-weather|RainDance|[upkeep]\n|-end|p2a: Tornadus|Encore\n|upkeep\n|\n|t:|1701045729\n|switch|p1b: Landorus|Landorus-Therian, L50, M|100\/100\n|-ability|p1b: Landorus|Intimidate|boost\n|-unboost|p2a: Tornadus|atk|1\n|-unboost|p2b: Iron Hands|atk|1\n|turn|5\n|inactive|BabaYaga_oog has 30 seconds left.\n|inactive|Calmnic has 30 seconds left.\n|\n|t:|1701045759\n|switch|p1a: Heatran|Heatran, L50, M|100\/100\n|move|p2a: Tornadus|Tailwind|p2a: Tornadus\n|-sidestart|p2: Calmnic|move: Tailwind\n|move|p2b: Iron Hands|Drain Punch|p1a: Heatran\n|-supereffective|p1a: Heatran\n|-damage|p1a: Heatran|49\/100\n|-heal|p2b: Iron Hands|40\/100|[from] drain|[of] p1a: Heatran\n|move|p1b: Landorus|Stomping Tantrum|p2b: Iron Hands\n|-supereffective|p2b: Iron Hands\n|-damage|p2b: Iron Hands|0 fnt\n|faint|p2b: Iron Hands\n|-end|p2b: Iron Hands|Quark Drive|[silent]\n|\n|-weather|none\n|-heal|p1a: Heatran|55\/100|[from] item: Leftovers\n|upkeep\n|\n|t:|1701045772\n|switch|p2b: Arcanine|Arcanine-Hisui, L50, M|100\/100\n|-ability|p2b: Arcanine|Intimidate|boost\n|-unboost|p1a: Heatran|atk|1\n|-unboost|p1b: Landorus|atk|1\n|turn|6\n|inactive|BabaYaga_oog has 30 seconds left.\n|\n|t:|1701045803\n|switch|p1b: Ogerpon|Ogerpon, L50, F|100\/100\n|-terastallize|p2b: Arcanine|Fairy\n|move|p1a: Heatran|Protect|p1a: Heatran\n|-singleturn|p1a: Heatran|Protect\n|move|p2a: Tornadus|Bleakwind Storm|p1b: Ogerpon|[spread] p1b\n|-activate|p1a: Heatran|move: Protect\n|-supereffective|p1b: Ogerpon\n|-damage|p1b: Ogerpon|11\/100\n|move|p2b: Arcanine|Rock Slide|p1a: Heatran|[spread] p1b\n|-activate|p1a: Heatran|move: Protect\n|-crit|p1b: Ogerpon\n|-damage|p1b: Ogerpon|0 fnt\n|faint|p1b: Ogerpon\n|\n|-heal|p1a: Heatran|61\/100|[from] item: Leftovers\n|upkeep\n|\n|t:|1701045815\n|switch|p1b: Landorus|Landorus-Therian, L50, M|100\/100\n|-ability|p1b: Landorus|Intimidate|boost\n|-unboost|p2a: Tornadus|atk|1\n|-unboost|p2b: Arcanine|atk|1\n|turn|7\n|\n|t:|1701045832\n|move|p2a: Tornadus|Rain Dance|p2a: Tornadus\n|-weather|RainDance\n|move|p2b: Arcanine|Rock Slide|p1a: Heatran|[spread] p1a,p1b\n|-damage|p1a: Heatran|35\/100\n|-damage|p1b: Landorus|72\/100\n|move|p1b: Landorus|Rock Slide|p2b: Arcanine|[spread] p2a,p2b\n|-supereffective|p2a: Tornadus\n|-damage|p2a: Tornadus|33\/100\n|-damage|p2b: Arcanine|78\/100\n|move|p1a: Heatran|Magma Storm|p2b: Arcanine|[miss]\n|-miss|p1a: Heatran|p2b: Arcanine\n|\n|-weather|RainDance|[upkeep]\n|-heal|p1a: Heatran|41\/100|[from] item: Leftovers\n|upkeep\n|turn|8\n|\n|t:|1701045850\n|move|p2a: Tornadus|Bleakwind Storm|p1a: Heatran|[spread] p1a,p1b\n|-resisted|p1a: Heatran\n|-damage|p1a: Heatran|28\/100\n|-damage|p1b: Landorus|45\/100\n|move|p2b: Arcanine|Rock Slide|p1a: Heatran|[spread] p1a,p1b\n|-crit|p1a: Heatran\n|-damage|p1a: Heatran|0 fnt\n|-damage|p1b: Landorus|13\/100\n|faint|p1a: Heatran\n|move|p1b: Landorus|Rock Slide|p2a: Tornadus|[spread] p2a,p2b\n|-supereffective|p2a: Tornadus\n|-damage|p2a: Tornadus|0 fnt\n|-damage|p2b: Arcanine|56\/100\n|faint|p2a: Tornadus\n|\n|-weather|RainDance|[upkeep]\n|-sideend|p2: Calmnic|move: Tailwind\n|upkeep\n|turn|9\n|\n|t:|1701045863\n|move|p1b: Landorus|Stomping Tantrum|p2b: Arcanine\n|-damage|p2b: Arcanine|11\/100\n|move|p2b: Arcanine|Rock Slide|p1b: Landorus\n|-damage|p1b: Landorus|0 fnt\n|faint|p1b: Landorus\n|\n|win|Calmnic\n|raw|BabaYaga_oog's rating: 1345 &rarr; <strong>1319<\/strong><br \/>(-26 for losing)\n|raw|Calmnic's rating: 1243 &rarr; <strong>1275<\/strong><br \/>(+32 for winning)\n|l|\u2606BabaYaga_oog\n","uploadtime":1701047452,"views":10,"p1id":"babayagaoog","p2id":"calmnic","formatid":"gen9vgc2023regulatione","rating":1275,"private":0,"password":""}