{"id":"gen9vgc2023regulatione-1991435827","p1":"deathdragon25o","p2":"jamesdaltonbell","format":"[Gen 9] VGC 2023 Regulation E","log":"|j|\u2606deathdragon25o\n|j|\u2606jamesdaltonbell\n|n|\u2606deathdragon25o|deathdragon25o\n|n|\u2606jamesdaltonbell|jamesdaltonbell\n|html|View the match progress at <a href=\"\/game-bestof3-gen9vgc2023regulatione-1991435826\">game-bestof3-gen9vgc2023regulatione-1991435826<\/a>\n|t:|1700076913\n|gametype|doubles\n|player|p1|deathdragon25o|cress|\n|player|p2|jamesdaltonbell|pokemonbreeder|\n|teamsize|p1|6\n|teamsize|p2|6\n|gen|9\n|tier|[Gen 9] VGC 2023 Regulation E\n|rule|Species Clause: Limit one of each Pok\u00e9mon\n|rule|Item Clause: Limit one of each item\n|clearpoke\n|poke|p1|Raichu-Alola, L50, F|\n|poke|p1|Tornadus, L50, M|\n|poke|p1|Electrode-Hisui, L50|\n|poke|p1|Ogerpon, L50, F|\n|poke|p1|Braviary-Hisui, L50, M|\n|poke|p1|Flareon, L50, F|\n|poke|p2|Tinkaton, L50, F|\n|poke|p2|Moltres-Galar, L50|\n|poke|p2|Typhlosion, L50, M|\n|poke|p2|Oranguru, L50, M|\n|poke|p2|Rotom-Fan, L50|\n|poke|p2|Persian, L50, F|\n|teampreview|4\n|\n|t:|1700076986\n|start\n|switch|p1a: Braviary|Braviary-Hisui, L50, M|100\/100\n|switch|p1b: Ogerpon|Ogerpon, L50, F|100\/100\n|switch|p2a: Dr. Fries|Persian, L50, F, shiny|100\/100\n|switch|p2b: Dr. Dent|Typhlosion, L50, M, shiny|100\/100\n|turn|1\n|c|\u2606jamesdaltonbell|glhf\n|\n|t:|1700077029\n|move|p1b: Ogerpon|Spiky Shield|p1b: Ogerpon\n|-singleturn|p1b: Ogerpon|move: Protect\n|move|p1a: Braviary|Protect|p1a: Braviary\n|-singleturn|p1a: Braviary|Protect\n|move|p2b: Dr. Dent|Eruption|p1b: Ogerpon|[spread] \n|-activate|p1a: Braviary|move: Protect\n|-activate|p1b: Ogerpon|move: Protect\n|move|p2a: Dr. Fries|Icy Wind|p1a: Braviary|[spread] \n|-activate|p1a: Braviary|move: Protect\n|-activate|p1b: Ogerpon|move: Protect\n|\n|upkeep\n|turn|2\n|\n|t:|1700077062\n|-terastallize|p1b: Ogerpon|Grass\n|detailschange|p1b: Ogerpon|Ogerpon-Teal-Tera, L50, F, tera:Grass\n|-ability|p1b: Ogerpon|Embody Aspect (Teal)|boost\n|-boost|p1b: Ogerpon|spe|1\n|move|p1b: Ogerpon|Ivy Cudgel|p2b: Dr. Dent\n|-resisted|p2b: Dr. Dent\n|-crit|p2b: Dr. Dent\n|-damage|p2b: Dr. Dent|33\/100\n|move|p2b: Dr. Dent|Eruption|p1a: Braviary|[spread] p1a,p1b\n|-supereffective|p1b: Ogerpon\n|-damage|p1a: Braviary|67\/100\n|-damage|p1b: Ogerpon|35\/100\n|move|p2a: Dr. Fries|Icy Wind|p1a: Braviary|[spread] p1a,p1b\n|-supereffective|p1a: Braviary\n|-supereffective|p1b: Ogerpon\n|-damage|p1a: Braviary|32\/100\n|-damage|p1b: Ogerpon|1\/100\n|-unboost|p1a: Braviary|spe|1\n|-unboost|p1b: Ogerpon|spe|1\n|move|p1a: Braviary|Esper Wing|p2b: Dr. Dent\n|-crit|p2b: Dr. Dent\n|-damage|p2b: Dr. Dent|0 fnt\n|faint|p2b: Dr. Dent\n|\n|upkeep\n|\n|t:|1700077083\n|switch|p2b: Dr. Langstrom|Moltres-Galar, L50|100\/100\n|turn|3\n|\n|t:|1700077093\n|move|p2b: Dr. Langstrom|Sucker Punch|p1a: Braviary\n|-supereffective|p1a: Braviary\n|-damage|p1a: Braviary|0 fnt\n|faint|p1a: Braviary\n|move|p2a: Dr. Fries|Icy Wind|p1b: Ogerpon\n|-supereffective|p1b: Ogerpon\n|-damage|p1b: Ogerpon|0 fnt\n|faint|p1b: Ogerpon\n|\n|upkeep\n|\n|t:|1700077099\n|switch|p1b: Electrode|Electrode-Hisui, L50|100\/100\n|switch|p1a: Raichu|Raichu-Alola, L50, F|100\/100\n|-item|p1a: Raichu|Air Balloon\n|turn|4\n|\n|t:|1700077147\n|move|p2b: Dr. Langstrom|Protect|p2b: Dr. Langstrom\n|-singleturn|p2b: Dr. Langstrom|Protect\n|move|p1b: Electrode|Electric Terrain|p1b: Electrode\n|-fieldstart|move: Electric Terrain\n|move|p1a: Raichu|Discharge|p2a: Dr. Fries|[spread] p1b,p2a\n|-activate|p2b: Dr. Langstrom|move: Protect\n|-resisted|p1b: Electrode\n|-damage|p1b: Electrode|92\/100\n|-damage|p2a: Dr. Fries|57\/100\n|move|p2a: Dr. Fries|Icy Wind|p1a: Raichu|[spread] p1a,p1b\n|-supereffective|p1b: Electrode\n|-damage|p1a: Raichu|79\/100\n|-damage|p1b: Electrode|52\/100\n|-unboost|p1a: Raichu|spe|1\n|-unboost|p1b: Electrode|spe|1\n|-enditem|p1a: Raichu|Air Balloon\n|\n|upkeep\n|turn|5\n|c|\u2606deathdragon25o|glhf\n|\n|t:|1700077165\n|move|p2b: Dr. Langstrom|Sucker Punch|p1a: Raichu\n|-supereffective|p1a: Raichu\n|-damage|p1a: Raichu|0 fnt\n|faint|p1a: Raichu\n|move|p2a: Dr. Fries|Icy Wind|p1b: Electrode\n|-supereffective|p1b: Electrode\n|-damage|p1b: Electrode|0 fnt\n|faint|p1b: Electrode\n|\n|win|jamesdaltonbell\n|c|&|\/uhtml prompt-deathdragon25o,deathdragon25o is ready for game 2!\n|inactive|jamesdaltonbell has 50 seconds to confirm battle start!\n|c|\u2606jamesdaltonbell|gg\n","uploadtime":1700077183,"views":32,"p1id":"deathdragon25o","p2id":"jamesdaltonbell","formatid":"gen9vgc2023regulatione","rating":0,"private":0,"password":""}