{"id":"gen9vgc2023regulatione-1990829557","p1":"igashino1021","p2":"Sour Cigar","format":"[Gen 9] VGC 2023 Regulation E","log":"|j|\u2606igashino1021\n|j|\u2606Sour Cigar\n|t:|1700005168\n|gametype|doubles\n|player|p1|igashino1021|iris-gen5bw2|1513\n|player|p2|Sour Cigar|cynthia|1476\n|teamsize|p1|6\n|teamsize|p2|6\n|gen|9\n|tier|[Gen 9] VGC 2023 Regulation E\n|rated|\n|rule|Species Clause: Limit one of each Pok\u00e9mon\n|rule|Item Clause: Limit one of each item\n|clearpoke\n|poke|p1|Tornadus, L50, M|\n|poke|p1|Urshifu-*, L50, M|\n|poke|p1|Regieleki, L50|\n|poke|p1|Flutter Mane, L50|\n|poke|p1|Heatran, L50, M|\n|poke|p1|Amoonguss, L50, M|\n|poke|p2|Urshifu-*, L50, M|\n|poke|p2|Gholdengo, L50|\n|poke|p2|Roaring Moon, L50|\n|poke|p2|Amoonguss, L50, M|\n|poke|p2|Farigiraf, L50, F|\n|poke|p2|Arcanine-Hisui, L50, F|\n|teampreview|4\n|inactive|Battle timer is ON: inactive players will automatically lose when time's up. (requested by Sour Cigar)\nSour Cigar has agreed to open team sheets.\n|inactive|igashino1021 has 60 seconds left.\n|inactive|Sour Cigar has 60 seconds left.\n|inactive|igashino1021 has 30 seconds left.\n|inactive|igashino1021 has 20 seconds left.\n|inactive|igashino1021 has 15 seconds left.\n|inactive|igashino1021 has 10 seconds left.\n|inactive|igashino1021 has 5 seconds left.\n|\n|t:|1700005258\n|start\n|switch|p1a: Tornadus|Tornadus, L50, M, shiny|100\/100\n|switch|p1b: Urshifu|Urshifu, L50, M|100\/100\n|switch|p2a: Arcanine|Arcanine-Hisui, L50, F|100\/100\n|switch|p2b: Amoonguss|Amoonguss, L50, M, shiny|100\/100\n|-ability|p2a: Arcanine|Intimidate|boost\n|-unboost|p1a: Tornadus|atk|1\n|-unboost|p1b: Urshifu|atk|1\n|turn|1\n|inactive|igashino1021 has 30 seconds left.\n|\n|t:|1700005284\n|move|p2b: Amoonguss|Protect|p2b: Amoonguss\n|-singleturn|p2b: Amoonguss|Protect\n|move|p2a: Arcanine|Flare Blitz|p1b: Urshifu\n|-damage|p1b: Urshifu|8\/100\n|-damage|p2a: Arcanine|69\/100|[from] Recoil\n|move|p1b: Urshifu|Wicked Blow|p2a: Arcanine\n|-crit|p2a: Arcanine\n|-damage|p2a: Arcanine|0 fnt\n|faint|p2a: Arcanine\n|move|p1a: Tornadus|Bleakwind Storm|p2b: Amoonguss\n|-activate|p2b: Amoonguss|move: Protect\n|\n|upkeep\n|\n|t:|1700005297\n|switch|p2a: Roaring Moon|Roaring Moon, L50|100\/100\n|-enditem|p2a: Roaring Moon|Booster Energy\n|-activate|p2a: Roaring Moon|ability: Protosynthesis|[fromitem]\n|-start|p2a: Roaring Moon|protosynthesisspe\n|turn|2\n|inactive|igashino1021 has 30 seconds left.\n|\n|t:|1700005327\n|move|p1a: Tornadus|Tailwind|p1a: Tornadus\n|-sidestart|p1: igashino1021|move: Tailwind\n|move|p1b: Urshifu|Wicked Blow|p2b: Amoonguss\n|-crit|p2b: Amoonguss\n|-damage|p2b: Amoonguss|16\/100\n|-enditem|p2b: Amoonguss|Sitrus Berry|[eat]\n|-heal|p2b: Amoonguss|40\/100|[from] item: Sitrus Berry\n|move|p2a: Roaring Moon|Breaking Swipe|p1a: Tornadus|[spread] p1a,p1b\n|-damage|p1a: Tornadus|79\/100\n|-damage|p1b: Urshifu|0 fnt\n|-unboost|p1a: Tornadus|atk|1\n|faint|p1b: Urshifu\n|move|p2b: Amoonguss|Spore|p1a: Tornadus\n|-status|p1a: Tornadus|slp|[from] move: Spore\n|\n|upkeep\n|\n|t:|1700005345\n|switch|p1b: Flutter Mane|Flutter Mane, L50, shiny|100\/100\n|-enditem|p1b: Flutter Mane|Booster Energy\n|-activate|p1b: Flutter Mane|ability: Protosynthesis|[fromitem]\n|-start|p1b: Flutter Mane|protosynthesisspe\n|turn|3\n|\n|t:|1700005355\n|-end|p2a: Roaring Moon|Protosynthesis|[silent]\n|switch|p2a: Gholdengo|Gholdengo, L50|100\/100\n|move|p1b: Flutter Mane|Shadow Ball|p2b: Amoonguss\n|-damage|p2b: Amoonguss|10\/100\n|cant|p1a: Tornadus|slp\n|move|p2b: Amoonguss|Spore|p1b: Flutter Mane\n|-status|p1b: Flutter Mane|slp|[from] move: Spore\n|\n|upkeep\n|turn|4\n|\n|t:|1700005378\n|-end|p1b: Flutter Mane|Protosynthesis|[silent]\n|switch|p1b: Regieleki|Regieleki, L50, shiny|100\/100\n|move|p2b: Amoonguss|Protect|p2b: Amoonguss\n|-singleturn|p2b: Amoonguss|Protect\n|cant|p1a: Tornadus|slp\n|move|p2a: Gholdengo|Make It Rain|p1b: Regieleki|[spread] p1a,p1b\n|-resisted|p1b: Regieleki\n|-damage|p1a: Tornadus|9\/100 slp\n|-damage|p1b: Regieleki|42\/100\n|-unboost|p2a: Gholdengo|spa|1\n|-damage|p2a: Gholdengo|91\/100|[from] item: Life Orb\n|\n|upkeep\n|turn|5\n|\n|t:|1700005399\n|move|p2b: Amoonguss|Rage Powder|p2b: Amoonguss\n|-singleturn|p2b: Amoonguss|move: Rage Powder\n|move|p1b: Regieleki|Thunderbolt|p2b: Amoonguss\n|-resisted|p2b: Amoonguss\n|-damage|p2b: Amoonguss|0 fnt\n|faint|p2b: Amoonguss\n|cant|p1a: Tornadus|slp\n|move|p2a: Gholdengo|Make It Rain|p1b: Regieleki|[spread] p1a,p1b\n|-resisted|p1b: Regieleki\n|-damage|p1a: Tornadus|0 fnt\n|-damage|p1b: Regieleki|4\/100\n|-unboost|p2a: Gholdengo|spa|1\n|faint|p1a: Tornadus\n|-damage|p2a: Gholdengo|81\/100|[from] item: Life Orb\n|\n|-sideend|p1: igashino1021|move: Tailwind\n|upkeep\n|\n|t:|1700005416\n|switch|p1a: Flutter Mane|Flutter Mane, L50, shiny|100\/100 slp\n|switch|p2b: Roaring Moon|Roaring Moon, L50|100\/100\n|turn|6\n|inactive|igashino1021 has 30 seconds left.\n|\n|t:|1700005445\n|-terastallize|p2a: Gholdengo|Dragon\n|move|p1b: Regieleki|Electroweb|p2a: Gholdengo|[spread] p2a,p2b\n|-resisted|p2a: Gholdengo\n|-resisted|p2b: Roaring Moon\n|-damage|p2a: Gholdengo|69\/100\n|-damage|p2b: Roaring Moon|91\/100\n|-unboost|p2a: Gholdengo|spe|1\n|-unboost|p2b: Roaring Moon|spe|1\n|cant|p1a: Flutter Mane|slp\n|move|p2b: Roaring Moon|Tailwind|p2b: Roaring Moon\n|-sidestart|p2: Sour Cigar|move: Tailwind\n|move|p2a: Gholdengo|Nasty Plot|p2a: Gholdengo\n|-boost|p2a: Gholdengo|spa|2\n|\n|upkeep\n|turn|7\n|\n|t:|1700005470\n|move|p1b: Regieleki|Electroweb|p2b: Roaring Moon|[spread] p2a,p2b\n|-resisted|p2a: Gholdengo\n|-resisted|p2b: Roaring Moon\n|-damage|p2a: Gholdengo|58\/100\n|-damage|p2b: Roaring Moon|80\/100\n|-unboost|p2a: Gholdengo|spe|1\n|-unboost|p2b: Roaring Moon|spe|1\n|cant|p1a: Flutter Mane|slp\n|move|p2b: Roaring Moon|Knock Off|p1b: Regieleki\n|-damage|p1b: Regieleki|0 fnt\n|-enditem|p1b: Regieleki|Focus Sash|[from] move: Knock Off|[of] p2b: Roaring Moon\n|faint|p1b: Regieleki\n|move|p2a: Gholdengo|Make It Rain|p1a: Flutter Mane\n|-supereffective|p1a: Flutter Mane\n|-damage|p1a: Flutter Mane|0 fnt\n|-unboost|p2a: Gholdengo|spa|1\n|faint|p1a: Flutter Mane\n|-end|p1a: Flutter Mane|Protosynthesis|[silent]\n|-damage|p2a: Gholdengo|49\/100|[from] item: Life Orb\n|\n|win|Sour Cigar\n|raw|igashino1021's rating: 1513 &rarr; <strong>1491<\/strong><br \/>(-22 for losing)\n|raw|Sour Cigar's rating: 1476 &rarr; <strong>1498<\/strong><br \/>(+22 for winning)\n","uploadtime":1700005488,"views":9,"p1id":"igashino1021","p2id":"sourcigar","formatid":"gen9vgc2023regulatione","rating":1491,"private":0,"password":""}