{"id":"gen9vgc2023regulatione-1991788963","p1":"Nelzon","p2":"py123456","format":"[Gen 9] VGC 2023 Regulation E","log":"|j|\u2606Nelzon\n|j|\u2606py123456\n|t:|1700117581\n|gametype|doubles\n|player|p1|Nelzon|265|1094\n|player|p2|py123456|169|1183\n|teamsize|p1|6\n|teamsize|p2|6\n|gen|9\n|tier|[Gen 9] VGC 2023 Regulation E\n|rated|\n|rule|Species Clause: Limit one of each Pok\u00e9mon\n|rule|Item Clause: Limit one of each item\n|clearpoke\n|poke|p1|Politoed, L50, F|\n|poke|p1|Gothitelle, L50, M|\n|poke|p1|Rillaboom, L50, F|\n|poke|p1|Salamence, L50, M|\n|poke|p1|Ogerpon-Wellspring, L50, F|\n|poke|p1|Gholdengo, L50|\n|poke|p2|Flutter Mane, L50|\n|poke|p2|Ogerpon-Wellspring, L50, F|\n|poke|p2|Iron Hands, L50|\n|poke|p2|Sableye, L50, F|\n|poke|p2|Espathra, L50, F|\n|poke|p2|Chi-Yu, L50|\n|teampreview|4\n|c|\u2606Nelzon|gl\n|inactive|Battle timer is ON: inactive players will automatically lose when time's up. (requested by py123456)\n|inactive|Nelzon has 60 seconds left.\n|\n|t:|1700117633\n|start\n|switch|p1a: Politoed|Politoed, L50, F, shiny|100\/100\n|switch|p1b: Ogerpon|Ogerpon-Wellspring, L50, F|100\/100\n|switch|p2a: Sableye|Sableye, L50, F, shiny|100\/100\n|switch|p2b: Espathra|Espathra, L50, F|100\/100\n|-weather|RainDance|[from] ability: Drizzle|[of] p1a: Politoed\n|turn|1\n|\n|t:|1700117652\n|move|p2a: Sableye|Gravity|p2a: Sableye\n|-fieldstart|move: Gravity\n|move|p2b: Espathra|Hypnosis|p1b: Ogerpon\n|-status|p1b: Ogerpon|slp|[from] move: Hypnosis\n|cant|p1b: Ogerpon|slp\n|move|p1a: Politoed|Weather Ball|p2a: Sableye\n|-damage|p2a: Sableye|43\/100\n|-enditem|p2a: Sableye|Eject Button\n|\n|t:|1700117668\n|switch|p2a: Iron Hands|Iron Hands, L50|100\/100\n|\n|-weather|RainDance|[upkeep]\n|-ability|p2b: Espathra|Speed Boost|boost\n|-boost|p2b: Espathra|spe|1\n|upkeep\n|turn|2\n|c|\u2606Nelzon|woah what\n|c|\u2606Nelzon|cool\n|inactive|Nelzon has 30 seconds left.\n|inactive|py123456 has 30 seconds left.\n|inactive|Nelzon has 20 seconds left.\n|inactive|Nelzon has 15 seconds left.\n|inactive|py123456 has 20 seconds left.\n|\n|t:|1700117711\n|switch|p1b: Gholdengo|Gholdengo, L50|100\/100\n|-terastallize|p1a: Politoed|Grass\n|move|p2b: Espathra|Hypnosis|p1a: Politoed\n|-status|p1a: Politoed|slp|[from] move: Hypnosis\n|cant|p1a: Politoed|slp\n|move|p2a: Iron Hands|Belly Drum|p2a: Iron Hands\n|-damage|p2a: Iron Hands|50\/100\n|-setboost|p2a: Iron Hands|atk|6|[from] move: Belly Drum\n|-enditem|p2a: Iron Hands|Sitrus Berry|[eat]\n|-heal|p2a: Iron Hands|75\/100|[from] item: Sitrus Berry\n|\n|-weather|RainDance|[upkeep]\n|-ability|p2b: Espathra|Speed Boost|boost\n|-boost|p2b: Espathra|spe|1\n|upkeep\n|turn|3\n|inactive|py123456 has 30 seconds left.\n|\n|t:|1700117736\n|move|p2b: Espathra|Protect|p2b: Espathra\n|-singleturn|p2b: Espathra|Protect\n|move|p1b: Gholdengo|Make It Rain|p2b: Espathra|[spread] p2a\n|-activate|p2b: Espathra|move: Protect\n|-resisted|p2a: Iron Hands\n|-damage|p2a: Iron Hands|54\/100\n|-unboost|p1b: Gholdengo|spa|1\n|cant|p1a: Politoed|slp\n|move|p2a: Iron Hands|Drain Punch|p1a: Politoed\n|-damage|p1a: Politoed|0 fnt\n|-heal|p2a: Iron Hands|93\/100|[from] drain|[of] p1a: Politoed\n|faint|p1a: Politoed\n|\n|-weather|RainDance|[upkeep]\n|-ability|p2b: Espathra|Speed Boost|boost\n|-boost|p2b: Espathra|spe|1\n|upkeep\n|\n|t:|1700117744\n|switch|p1a: Rillaboom|Rillaboom, L50, F|100\/100\n|-fieldstart|move: Grassy Terrain|[from] ability: Grassy Surge|[of] p1a: Rillaboom\n|turn|4\n|\n|t:|1700117759\n|move|p2a: Iron Hands|Detect|p2a: Iron Hands\n|-singleturn|p2a: Iron Hands|Protect\n|move|p1a: Rillaboom|Fake Out|p2a: Iron Hands\n|-activate|p2a: Iron Hands|move: Protect\n|move|p2b: Espathra|Hypnosis|p1a: Rillaboom\n|-status|p1a: Rillaboom|slp|[from] move: Hypnosis\n|move|p1b: Gholdengo|Nasty Plot|p1b: Gholdengo\n|-boost|p1b: Gholdengo|spa|2\n|\n|-weather|RainDance|[upkeep]\n|-heal|p2a: Iron Hands|99\/100|[from] Grassy Terrain\n|-ability|p2b: Espathra|Speed Boost|boost\n|-boost|p2b: Espathra|spe|1\n|upkeep\n|turn|5\n|inactive|py123456 has 30 seconds left.\n|\n|t:|1700117789\n|move|p2b: Espathra|Skill Swap|p1b: Gholdengo\n|-immune|p1b: Gholdengo|[from] ability: Good as Gold\n|move|p1b: Gholdengo|Shadow Ball|p2b: Espathra\n|-supereffective|p2b: Espathra\n|-damage|p2b: Espathra|0 fnt\n|faint|p2b: Espathra\n|cant|p1a: Rillaboom|slp\n|move|p2a: Iron Hands|Thunder Punch|p1b: Gholdengo\n|-damage|p1b: Gholdengo|0 fnt\n|faint|p1b: Gholdengo\n|\n|-weather|none\n|-heal|p2a: Iron Hands|100\/100|[from] Grassy Terrain\n|-fieldend|move: Gravity\n|upkeep\n|\n|t:|1700117813\n|switch|p2b: Sableye|Sableye, L50, F, shiny|43\/100\n|switch|p1b: Ogerpon|Ogerpon-Wellspring, L50, F|100\/100 slp\n|turn|6\n|inactive|Nelzon has 30 seconds left.\n|inactive|py123456 has 30 seconds left.\n|inactive|Nelzon has 20 seconds left.\n|\n|t:|1700117853\n|move|p2b: Sableye|Will-O-Wisp|p1a: Rillaboom|[miss]\n|-miss|p2b: Sableye|p1a: Rillaboom\n|cant|p1b: Ogerpon|slp\n|cant|p1a: Rillaboom|slp\n|move|p2a: Iron Hands|Thunder Punch|p1b: Ogerpon\n|-damage|p1b: Ogerpon|0 fnt\n|faint|p1b: Ogerpon\n|\n|-heal|p2b: Sableye|49\/100|[from] Grassy Terrain\n|upkeep\n|turn|7\n|-message|Nelzon forfeited.\n|\n|win|py123456\n|raw|Nelzon's rating: 1094 &rarr; <strong>1076<\/strong><br \/>(-18 for losing)\n|raw|py123456's rating: 1183 &rarr; <strong>1202<\/strong><br \/>(+19 for winning)\n|l|\u2606Nelzon\n","uploadtime":1700117866,"views":15,"p1id":"nelzon","p2id":"py123456","formatid":"gen9vgc2023regulatione","rating":1076,"private":0,"password":""}