{"id":"gen9vgc2023regulatione-1991590612","p1":"Xyzkun","p2":"isaac1g","format":"[Gen 9] VGC 2023 Regulation E","log":"|j|\u2606Xyzkun\n|j|\u2606isaac1g\n|t:|1700091709\n|gametype|doubles\n|player|p1|Xyzkun|iris-gen5bw2|1247\n|player|p2|isaac1g|clair|1295\n|teamsize|p1|6\n|teamsize|p2|6\n|gen|9\n|tier|[Gen 9] VGC 2023 Regulation E\n|rated|\n|rule|Species Clause: Limit one of each Pok\u00e9mon\n|rule|Item Clause: Limit one of each item\n|clearpoke\n|poke|p1|Iron Hands, L50|\n|poke|p1|Landorus-Therian, L50, M|\n|poke|p1|Flutter Mane, L50|\n|poke|p1|Chien-Pao, L50|\n|poke|p1|Sinistcha, L50|\n|poke|p1|Ogerpon-Hearthflame, L50, F|\n|poke|p2|Iron Hands, L50|\n|poke|p2|Flutter Mane, L50|\n|poke|p2|Chi-Yu, L50|\n|poke|p2|Amoonguss, L50, M|\n|poke|p2|Ting-Lu, L50|\n|poke|p2|Iron Bundle, L50|\n|teampreview|4\n|inactive|Battle timer is ON: inactive players will automatically lose when time's up. (requested by Xyzkun)\n|\n|t:|1700091750\n|start\n|switch|p1a: Iron Hands|Iron Hands, L50|100\/100\n|switch|p1b: Flutter Mane|Flutter Mane, L50|100\/100\n|switch|p2a: Amoonguss|Amoonguss, L50, M|100\/100\n|switch|p2b: Iron Hands|Iron Hands, L50|100\/100\n|turn|1\n|\n|t:|1700091767\n|move|p2b: Iron Hands|Detect|p2b: Iron Hands\n|-singleturn|p2b: Iron Hands|Protect\n|move|p2a: Amoonguss|Protect|p2a: Amoonguss\n|-singleturn|p2a: Amoonguss|Protect\n|move|p1a: Iron Hands|Fake Out|p2a: Amoonguss\n|-activate|p2a: Amoonguss|move: Protect\n|move|p1b: Flutter Mane|Substitute|p1b: Flutter Mane\n|-start|p1b: Flutter Mane|Substitute\n|-damage|p1b: Flutter Mane|76\/100\n|\n|-heal|p1b: Flutter Mane|82\/100|[from] item: Leftovers\n|upkeep\n|turn|2\n|\n|t:|1700091784\n|-terastallize|p2b: Iron Hands|Grass\n|move|p1b: Flutter Mane|Dazzling Gleam|p2b: Iron Hands|[spread] p2a,p2b\n|-resisted|p2a: Amoonguss\n|-damage|p2a: Amoonguss|87\/100\n|-damage|p2b: Iron Hands|76\/100\n|move|p2b: Iron Hands|Thunder Punch|p1b: Flutter Mane\n|-end|p1b: Flutter Mane|Substitute\n|move|p1a: Iron Hands|Volt Switch|p2a: Amoonguss\n|-resisted|p2a: Amoonguss\n|-damage|p2a: Amoonguss|81\/100\n|\n|t:|1700091797\n|-end|p1a: Iron Hands|Quark Drive|[silent]\n|switch|p1a: Ogerpon|Ogerpon-Hearthflame, L50, F|100\/100|[from] Volt Switch\n|-ability|p1a: Ogerpon|Mold Breaker\n|move|p2a: Amoonguss|Spore|p1a: Ogerpon\n|-immune|p1a: Ogerpon\n|\n|-heal|p1b: Flutter Mane|88\/100|[from] item: Leftovers\n|-heal|p2b: Iron Hands|82\/100|[from] item: Leftovers\n|upkeep\n|turn|3\n|inactive|Xyzkun has 30 seconds left.\n|\n|t:|1700091826\n|-end|p1b: Flutter Mane|Protosynthesis|[silent]\n|switch|p1b: Sinistcha|Sinistcha, L50|100\/100\n|move|p1a: Ogerpon|Swords Dance|p1a: Ogerpon\n|-boost|p1a: Ogerpon|atk|2\n|move|p2b: Iron Hands|Drain Punch|p1a: Ogerpon\n|-damage|p1a: Ogerpon|50\/100\n|-heal|p2b: Iron Hands|97\/100|[from] drain|[of] p1a: Ogerpon\n|move|p2a: Amoonguss|Pollen Puff|p1a: Ogerpon\n|-damage|p1a: Ogerpon|30\/100\n|\n|-heal|p2b: Iron Hands|100\/100|[from] item: Leftovers\n|upkeep\n|turn|4\n|inactive|isaac1g has 30 seconds left.\n|\n|t:|1700091858\n|move|p1a: Ogerpon|Protect|p1a: Ogerpon\n|-singleturn|p1a: Ogerpon|Protect\n|move|p2b: Iron Hands|Detect|p2b: Iron Hands\n|-singleturn|p2b: Iron Hands|Protect\n|move|p1b: Sinistcha|Strength Sap|p2b: Iron Hands\n|-activate|p2b: Iron Hands|move: Protect\n|move|p2a: Amoonguss|Pollen Puff|p1a: Ogerpon\n|-activate|p1a: Ogerpon|move: Protect\n|\n|upkeep\n|turn|5\n|\n|t:|1700091882\n|switch|p1b: Iron Hands|Iron Hands, L50|100\/100\n|move|p1a: Ogerpon|Ivy Cudgel|p2b: Iron Hands|[anim] Ivy Cudgel Fire\n|-supereffective|p2b: Iron Hands\n|-damage|p2b: Iron Hands|0 fnt\n|faint|p2b: Iron Hands\n|-end|p2b: Iron Hands|Quark Drive|[silent]\n|move|p2a: Amoonguss|Pollen Puff|p2: Iron Hands|[notarget]\n|-fail|p2a: Amoonguss\n|\n|upkeep\n|\n|t:|1700091893\n|switch|p2b: Iron Bundle|Iron Bundle, L50|100\/100\n|-enditem|p2b: Iron Bundle|Booster Energy\n|-activate|p2b: Iron Bundle|ability: Quark Drive|[fromitem]\n|-start|p2b: Iron Bundle|quarkdrivespe\n|turn|6\n|\n|t:|1700091904\n|move|p2b: Iron Bundle|Protect|p2b: Iron Bundle\n|-singleturn|p2b: Iron Bundle|Protect\n|move|p1b: Iron Hands|Fake Out|p2b: Iron Bundle\n|-activate|p2b: Iron Bundle|move: Protect\n|move|p1a: Ogerpon|Horn Leech|p2b: Iron Bundle\n|-activate|p2b: Iron Bundle|move: Protect\n|move|p2a: Amoonguss|Spore|p1b: Iron Hands\n|-status|p1b: Iron Hands|slp|[from] move: Spore\n|\n|upkeep\n|turn|7\n|\n|t:|1700091916\n|-end|p1b: Iron Hands|Quark Drive|[silent]\n|switch|p1b: Sinistcha|Sinistcha, L50|100\/100\n|-heal|p1a: Ogerpon|55\/100|[from] ability: Hospitality|[of] p1b: Sinistcha\n|switch|p2a: Chi-Yu|Chi-Yu, L50|100\/100\n|-ability|p2a: Chi-Yu|Beads of Ruin\n|move|p1a: Ogerpon|Protect|p1a: Ogerpon\n|-singleturn|p1a: Ogerpon|Protect\n|move|p2b: Iron Bundle|Hydro Pump|p1a: Ogerpon\n|-activate|p1a: Ogerpon|move: Protect\n|\n|upkeep\n|turn|8\n|inactive|Xyzkun has 30 seconds left.\n|\n|t:|1700091941\n|move|p1b: Sinistcha|Rage Powder|p1b: Sinistcha\n|-singleturn|p1b: Sinistcha|move: Rage Powder\n|move|p2b: Iron Bundle|Hydro Pump|p1b: Sinistcha|[miss]\n|-miss|p2b: Iron Bundle|p1b: Sinistcha\n|move|p1a: Ogerpon|Horn Leech|p2b: Iron Bundle\n|-supereffective|p2b: Iron Bundle\n|-damage|p2b: Iron Bundle|0 fnt\n|-heal|p1a: Ogerpon|97\/100|[from] drain|[of] p2b: Iron Bundle\n|faint|p2b: Iron Bundle\n|-end|p2b: Iron Bundle|Quark Drive|[silent]\n|move|p2a: Chi-Yu|Nasty Plot|p2a: Chi-Yu\n|-boost|p2a: Chi-Yu|spa|2\n|\n|upkeep\n|\n|t:|1700091949\n|switch|p2b: Amoonguss|Amoonguss, L50, M|100\/100\n|turn|9\n|-message|isaac1g forfeited.\n|\n|win|Xyzkun\n|raw|Xyzkun's rating: 1247 &rarr; <strong>1275<\/strong><br \/>(+28 for winning)\n|raw|isaac1g's rating: 1295 &rarr; <strong>1267<\/strong><br \/>(-28 for losing)\n|l|\u2606isaac1g\n","uploadtime":1700091965,"views":18,"p1id":"xyzkun","p2id":"isaac1g","formatid":"gen9vgc2023regulatione","rating":1267,"private":0,"password":""}