{"id":"gen9vgc2023regulatione-1988332301","p1":"Onile","p2":"JohnnyHaxTesting","format":"[Gen 9] VGC 2023 Regulation E","log":"|j|\u2606Onile\n|j|\u2606JohnnyHaxTesting\n|t:|1699709859\n|gametype|doubles\n|player|p1|Onile|1|1281\n|player|p2|JohnnyHaxTesting|266|1257\n|teamsize|p1|6\n|teamsize|p2|6\n|gen|9\n|tier|[Gen 9] VGC 2023 Regulation E\n|rated|\n|rule|Species Clause: Limit one of each Pok\u00e9mon\n|rule|Item Clause: Limit one of each item\n|clearpoke\n|poke|p1|Ursaluna-Bloodmoon, L50, M|\n|poke|p1|Iron Hands, L50|\n|poke|p1|Dusclops, L50, M|\n|poke|p1|Grimmsnarl, L50, M|\n|poke|p1|Flutter Mane, L50|\n|poke|p1|Amoonguss, L50, F|\n|poke|p2|Dragalge, L50, F|\n|poke|p2|Clefairy, L50, F|\n|poke|p2|Ursaluna-Bloodmoon, L50, M|\n|poke|p2|Farigiraf, L50, F|\n|poke|p2|Torkoal, L50, M|\n|poke|p2|Cresselia, L50, F|\n|teampreview|4\n|inactive|Battle timer is ON: inactive players will automatically lose when time's up. (requested by Onile)\nJohnnyHaxTesting has agreed to open team sheets.\nOnile has agreed to open team sheets.\n|inactive|JohnnyHaxTesting has 30 seconds left.\n|inactive|JohnnyHaxTesting has 20 seconds left.\n|inactive|JohnnyHaxTesting has 15 seconds left.\n|inactive|JohnnyHaxTesting has 10 seconds left.\n|inactive|JohnnyHaxTesting has 5 seconds left.\n|\n|t:|1699709925\n|start\n|switch|p1a: Flutter Mane|Flutter Mane, L50|100\/100\n|switch|p1b: Grimmsnarl|Grimmsnarl, L50, M|100\/100\n|switch|p2a: Farigiraf|Farigiraf, L50, F|100\/100\n|switch|p2b: Dragalge|Dragalge, L50, F|100\/100\n|turn|1\n|\n|t:|1699709947\n|-terastallize|p2b: Dragalge|Poison\n|move|p1b: Grimmsnarl|Light Screen|p1b: Grimmsnarl\n|-sidestart|p1: Onile|move: Light Screen\n|move|p1a: Flutter Mane|Moonblast|p2b: Dragalge\n|-resisted|p2b: Dragalge\n|-damage|p2b: Dragalge|64\/100\n|move|p2b: Dragalge|Sludge Bomb|p1a: Flutter Mane\n|-damage|p1a: Flutter Mane|49\/100\n|move|p2a: Farigiraf|Trick Room|p2a: Farigiraf\n|-fieldstart|move: Trick Room|[of] p2a: Farigiraf\n|\n|upkeep\n|turn|2\n|\n|t:|1699709964\n|-end|p1a: Flutter Mane|Protosynthesis|[silent]\n|switch|p1a: Ursaluna|Ursaluna-Bloodmoon, L50, M|100\/100\n|move|p2b: Dragalge|Sludge Bomb|p1a: Ursaluna\n|-resisted|p1a: Ursaluna\n|-damage|p1a: Ursaluna|70\/100\n|-status|p1a: Ursaluna|psn\n|move|p1b: Grimmsnarl|Spirit Break|p2a: Farigiraf\n|-damage|p2a: Farigiraf|73\/100\n|-unboost|p2a: Farigiraf|spa|1\n|move|p2a: Farigiraf|Nasty Plot|p2a: Farigiraf\n|-boost|p2a: Farigiraf|spa|2\n|\n|-heal|p1a: Ursaluna|76\/100 psn|[from] item: Leftovers\n|-damage|p1a: Ursaluna|64\/100 psn|[from] psn\n|upkeep\n|turn|3\n|\n|t:|1699709982\n|move|p2b: Dragalge|Sludge Bomb|p1b: Grimmsnarl\n|-supereffective|p1b: Grimmsnarl\n|-damage|p1b: Grimmsnarl|7\/100\n|move|p1a: Ursaluna|Hyper Voice|p2b: Dragalge|[spread] p2a,p2b\n|-damage|p2a: Farigiraf|36\/100\n|-damage|p2b: Dragalge|26\/100\n|-enditem|p2a: Farigiraf|Sitrus Berry|[eat]\n|-heal|p2a: Farigiraf|61\/100|[from] item: Sitrus Berry\n|move|p1b: Grimmsnarl|Spirit Break|p2a: Farigiraf\n|-damage|p2a: Farigiraf|33\/100\n|-unboost|p2a: Farigiraf|spa|1\n|move|p2a: Farigiraf|Psychic|p1a: Ursaluna\n|-damage|p1a: Ursaluna|38\/100 psn\n|\n|-heal|p1a: Ursaluna|44\/100 psn|[from] item: Leftovers\n|-damage|p1a: Ursaluna|32\/100 psn|[from] psn\n|upkeep\n|turn|4\n|\n|t:|1699710001\n|move|p2b: Dragalge|Sludge Bomb|p1a: Ursaluna\n|-resisted|p1a: Ursaluna\n|-crit|p1a: Ursaluna\n|-damage|p1a: Ursaluna|0 fnt\n|faint|p1a: Ursaluna\n|move|p1b: Grimmsnarl|Spirit Break|p2a: Farigiraf\n|-damage|p2a: Farigiraf|4\/100\n|-unboost|p2a: Farigiraf|spa|1\n|move|p2a: Farigiraf|Dazzling Gleam|p1b: Grimmsnarl\n|-supereffective|p1b: Grimmsnarl\n|-damage|p1b: Grimmsnarl|0 fnt\n|faint|p1b: Grimmsnarl\n|\n|upkeep\n|\n|t:|1699710004\n|switch|p1a: Flutter Mane|Flutter Mane, L50|49\/100\n|switch|p1b: Iron Hands|Iron Hands, L50|100\/100\n|turn|5\n|\n|t:|1699710029\n|move|p2b: Dragalge|Sludge Bomb|p1a: Flutter Mane\n|-damage|p1a: Flutter Mane|0 fnt\n|faint|p1a: Flutter Mane\n|-end|p1a: Flutter Mane|Protosynthesis|[silent]\n|move|p1b: Iron Hands|Drain Punch|p2a: Farigiraf\n|-damage|p2a: Farigiraf|0 fnt\n|faint|p2a: Farigiraf\n|\n|-fieldend|move: Trick Room\n|upkeep\n|\n|t:|1699710037\n|switch|p2a: Ursaluna|Ursaluna-Bloodmoon, L50, M|100\/100\n|turn|6\n|\n|t:|1699710044\n|move|p1b: Iron Hands|Drain Punch|p2a: Ursaluna\n|-supereffective|p2a: Ursaluna\n|-damage|p2a: Ursaluna|39\/100\n|move|p2a: Ursaluna|Earth Power|p1b: Iron Hands\n|-supereffective|p1b: Iron Hands\n|-damage|p1b: Iron Hands|44\/100\n|-damage|p2a: Ursaluna|30\/100|[from] item: Life Orb\n|move|p2b: Dragalge|Sludge Bomb|p1b: Iron Hands\n|-damage|p1b: Iron Hands|10\/100\n|\n|upkeep\n|turn|7\n|\n|t:|1699710057\n|move|p2a: Ursaluna|Protect|p2a: Ursaluna\n|-singleturn|p2a: Ursaluna|Protect\n|move|p1b: Iron Hands|Ice Punch|p2b: Dragalge\n|-damage|p2b: Dragalge|0 fnt\n|faint|p2b: Dragalge\n|\n|upkeep\n|\n|t:|1699710063\n|switch|p2b: Torkoal|Torkoal, L50, M|100\/100\n|-weather|SunnyDay|[from] ability: Drought|[of] p2b: Torkoal\n|turn|8\n|\n|t:|1699710071\n|-terastallize|p1b: Iron Hands|Fire\n|move|p1b: Iron Hands|Drain Punch|p2a: Ursaluna\n|-supereffective|p2a: Ursaluna\n|-damage|p2a: Ursaluna|0 fnt\n|-heal|p1b: Iron Hands|22\/100|[from] drain|[of] p2a: Ursaluna\n|faint|p2a: Ursaluna\n|move|p2b: Torkoal|Eruption|p1b: Iron Hands\n|-resisted|p1b: Iron Hands\n|-damage|p1b: Iron Hands|2\/100\n|\n|-weather|SunnyDay|[upkeep]\n|-sideend|p1: Onile|move: Light Screen\n|upkeep\n|turn|9\n|\n|t:|1699710082\n|move|p1b: Iron Hands|Drain Punch|p2b: Torkoal\n|-damage|p2b: Torkoal|68\/100\n|-heal|p1b: Iron Hands|13\/100|[from] drain|[of] p2b: Torkoal\n|move|p2b: Torkoal|Earth Power|p1b: Iron Hands\n|-supereffective|p1b: Iron Hands\n|-damage|p1b: Iron Hands|0 fnt\n|faint|p1b: Iron Hands\n|-end|p1b: Iron Hands|Quark Drive|[silent]\n|\n|win|JohnnyHaxTesting\n|raw|Onile's rating: 1281 &rarr; <strong>1254<\/strong><br \/>(-27 for losing)\n|raw|JohnnyHaxTesting's rating: 1257 &rarr; <strong>1284<\/strong><br \/>(+27 for winning)\n|l|\u2606Onile\n|c|\u2606JohnnyHaxTesting|gg\n","uploadtime":1699710116,"views":18,"p1id":"onile","p2id":"johnnyhaxtesting","formatid":"gen9vgc2023regulatione","rating":1254,"private":0,"password":""}