{"id":"gen9vgc2023regulatione-1993513082","p1":"Fortune Meow","p2":"cocomolaco","format":"[Gen 9] VGC 2023 Regulation E","log":"|j|\u2606Fortune Meow\n|j|\u2606cocomolaco\n|n|\u2606Fortune Meow|fortunemeow\n|n|\u2606cocomolaco|cocomolaco\n|html|View the match progress at <a href=\"\/game-bestof3-gen9vgc2023regulatione-1993509935\">game-bestof3-gen9vgc2023regulatione-1993509935<\/a>\n|t:|1700326675\n|gametype|doubles\n|player|p1|Fortune Meow|burglar|\n|player|p2|cocomolaco|102|\n|teamsize|p1|6\n|teamsize|p2|6\n|gen|9\n|tier|[Gen 9] VGC 2023 Regulation E\n|rule|Species Clause: Limit one of each Pok\u00e9mon\n|rule|Item Clause: Limit one of each item\n|clearpoke\n|poke|p1|Kommo-o, L50, M|\n|poke|p1|Tyranitar, L50, F|\n|poke|p1|Rillaboom, L50, F|\n|poke|p1|Flutter Mane, L50|\n|poke|p1|Arcanine-Hisui, L50, M|\n|poke|p1|Iron Bundle, L50|\n|poke|p2|Ninetales-Alola, L50, F|\n|poke|p2|Vaporeon, L50, M|\n|poke|p2|Sinistcha, L50|\n|poke|p2|Iron Hands, L50|\n|poke|p2|Heatran, L50, F|\n|poke|p2|Landorus-Therian, L50, M|\n|teampreview|4\n|inactive|Battle timer is ON: inactive players will automatically lose when time's up. (requested by Fortune Meow)\ncocomolaco has agreed to open team sheets.\nFortune Meow has agreed to open team sheets.\n|showteam|p1|Kommo-o||Leftovers|Bulletproof|BodyPress,IronDefense,IronHead,Protect|||M|||50|,,,,,Steel]Tyranitar||AssaultVest|SandStream|KnockOff,RockSlide,LowKick,TeraBlast|||F|||50|,,,,,Psychic]Rillaboom||MiracleSeed|GrassySurge|FakeOut,WoodHammer,GrassyGlide,Taunt|||F|||50|,,,,,Grass]Flutter Mane||ChoiceSpecs|Protosynthesis|DazzlingGleam,Moonblast,ShadowBall,TrickRoom||||||50|,,,,,Fairy]Arcanine-Hisui||SitrusBerry|Intimidate|FlareBlitz,RockSlide,Howl,WillOWisp|||M|||50|,,,,,Water]Iron Bundle||BoosterEnergy|QuarkDrive|FreezeDry,IcyWind,HydroPump,Protect||||||50|,,,,,Ghost\n|showteam|p2|Ninetales-Alola||LightClay|SnowWarning|AuroraVeil,Blizzard,Moonblast,FreezeDry|||F|||50|,,,,,Water]Vaporeon||RockyHelmet|WaterAbsorb|Protect,Scald,IcyWind,Yawn|||M|||50|,,,,,Ground]Sinistcha||Leftovers|Hospitality|MatchaGotcha,Protect,ShadowBall,NastyPlot||||||50|,,,,,Dragon]Iron Hands||AssaultVest|QuarkDrive|DrainPunch,HeavySlam,WildCharge,FakeOut||||||50|,,,,,Bug]Heatran||ChoiceSpecs|FlashFire|FlashCannon,TeraBlast,HeatWave,DarkPulse|||F|||50|,,,,,Grass]Landorus-Therian||ChoiceScarf|Intimidate|Uturn,StompingTantrum,RockSlide,TeraBlast|||M|||50|,,,,,Flying\n|\n|t:|1700326718\n|start\n|switch|p1a: Iron Bundle|Iron Bundle, L50|100\/100\n|switch|p1b: Flutter Mane|Flutter Mane, L50|100\/100\n|switch|p2a: Heatran|Heatran, L50, F|100\/100\n|switch|p2b: Ninetales|Ninetales-Alola, L50, F|100\/100\n|-weather|Snow|[from] ability: Snow Warning|[of] p2b: Ninetales\n|-enditem|p1a: Iron Bundle|Booster Energy\n|-activate|p1a: Iron Bundle|ability: Quark Drive|[fromitem]\n|-start|p1a: Iron Bundle|quarkdrivespe\n|turn|1\n|inactive|cocomolaco has 30 seconds left.\n|inactive|cocomolaco has 20 seconds left.\n|\n|t:|1700326757\n|-end|p1b: Flutter Mane|Protosynthesis|[silent]\n|switch|p1b: Tyranitar|Tyranitar, L50, F|100\/100\n|-weather|Sandstorm|[from] ability: Sand Stream|[of] p1b: Tyranitar\n|move|p1a: Iron Bundle|Hydro Pump|p2a: Heatran\n|-supereffective|p2a: Heatran\n|-damage|p2a: Heatran|10\/100\n|move|p2b: Ninetales|Moonblast|p1b: Tyranitar\n|-supereffective|p1b: Tyranitar\n|-damage|p1b: Tyranitar|73\/100\n|move|p2a: Heatran|Flash Cannon|p1b: Tyranitar\n|-supereffective|p1b: Tyranitar\n|-damage|p1b: Tyranitar|15\/100\n|\n|-weather|Sandstorm|[upkeep]\n|-damage|p1a: Iron Bundle|94\/100|[from] Sandstorm\n|-damage|p2b: Ninetales|94\/100|[from] Sandstorm\n|upkeep\n|turn|2\n|inactive|Fortune Meow has 30 seconds left.\n|\n|t:|1700326784\n|switch|p2b: Iron Hands|Iron Hands, L50|100\/100\n|switch|p1b: Arcanine|Arcanine-Hisui, L50, M|100\/100\n|-ability|p1b: Arcanine|Intimidate|boost\n|-unboost|p2a: Heatran|atk|1\n|-unboost|p2b: Iron Hands|atk|1\n|move|p1a: Iron Bundle|Freeze-Dry|p2a: Heatran\n|-resisted|p2a: Heatran\n|-damage|p2a: Heatran|3\/100\n|move|p2a: Heatran|Flash Cannon|p1b: Arcanine\n|-damage|p1b: Arcanine|49\/100\n|-enditem|p1b: Arcanine|Sitrus Berry|[eat]\n|-heal|p1b: Arcanine|74\/100|[from] item: Sitrus Berry\n|\n|-weather|Sandstorm|[upkeep]\n|-damage|p1a: Iron Bundle|88\/100|[from] Sandstorm\n|-damage|p2b: Iron Hands|94\/100|[from] Sandstorm\n|upkeep\n|turn|3\n|\n|t:|1700326810\n|-terastallize|p1a: Iron Bundle|Ghost\n|move|p2b: Iron Hands|Fake Out|p1b: Arcanine\n|-resisted|p1b: Arcanine\n|-damage|p1b: Arcanine|70\/100\n|move|p1a: Iron Bundle|Freeze-Dry|p2a: Heatran\n|-resisted|p2a: Heatran\n|-crit|p2a: Heatran\n|-damage|p2a: Heatran|0 fnt\n|faint|p2a: Heatran\n|cant|p1b: Arcanine|flinch\n|\n|-weather|Sandstorm|[upkeep]\n|-damage|p1a: Iron Bundle|82\/100|[from] Sandstorm\n|-damage|p2b: Iron Hands|88\/100|[from] Sandstorm\n|upkeep\n|\n|t:|1700326823\n|switch|p2a: Sinistcha|Sinistcha, L50|100\/100\n|-heal|p2b: Iron Hands|100\/100|[from] ability: Hospitality|[of] p2a: Sinistcha\n|turn|4\n|\n|t:|1700326839\n|-terastallize|p2a: Sinistcha|Dragon\n|move|p1a: Iron Bundle|Freeze-Dry|p2a: Sinistcha\n|-supereffective|p2a: Sinistcha\n|-damage|p2a: Sinistcha|32\/100\n|move|p1b: Arcanine|Will-O-Wisp|p2b: Iron Hands\n|-status|p2b: Iron Hands|brn\n|move|p2a: Sinistcha|Nasty Plot|p2a: Sinistcha\n|-boost|p2a: Sinistcha|spa|2\n|move|p2b: Iron Hands|Drain Punch|p1b: Arcanine\n|-supereffective|p1b: Arcanine\n|-damage|p1b: Arcanine|45\/100\n|\n|-weather|Sandstorm|[upkeep]\n|-damage|p1a: Iron Bundle|76\/100|[from] Sandstorm\n|-damage|p2a: Sinistcha|26\/100|[from] Sandstorm\n|-damage|p2b: Iron Hands|94\/100 brn|[from] Sandstorm\n|-heal|p2a: Sinistcha|32\/100|[from] item: Leftovers\n|-damage|p2b: Iron Hands|88\/100 brn|[from] brn\n|upkeep\n|turn|5\n|\n|t:|1700326858\n|-end|p2b: Iron Hands|Quark Drive|[silent]\n|switch|p2b: Ninetales|Ninetales-Alola, L50, F|94\/100\n|-weather|Snow|[from] ability: Snow Warning|[of] p2b: Ninetales\n|move|p1a: Iron Bundle|Protect|p1a: Iron Bundle\n|-singleturn|p1a: Iron Bundle|Protect\n|move|p2a: Sinistcha|Protect|p2a: Sinistcha\n|-singleturn|p2a: Sinistcha|Protect\n|move|p1b: Arcanine|Rock Slide|p2a: Sinistcha|[spread] \n|-activate|p2a: Sinistcha|move: Protect\n|-miss|p1b: Arcanine|p2b: Ninetales\n|\n|-weather|Snow|[upkeep]\n|-heal|p2a: Sinistcha|38\/100|[from] item: Leftovers\n|upkeep\n|turn|6\n|\n|t:|1700326880\n|switch|p1b: Tyranitar|Tyranitar, L50, F|15\/100\n|-weather|Sandstorm|[from] ability: Sand Stream|[of] p1b: Tyranitar\n|move|p1a: Iron Bundle|Freeze-Dry|p2a: Sinistcha\n|-supereffective|p2a: Sinistcha\n|-damage|p2a: Sinistcha|0 fnt\n|faint|p2a: Sinistcha\n|move|p2b: Ninetales|Blizzard|p1a: Iron Bundle|[spread] p1b\n|-miss|p2b: Ninetales|p1a: Iron Bundle\n|-damage|p1b: Tyranitar|4\/100\n|\n|-weather|Sandstorm|[upkeep]\n|-damage|p1a: Iron Bundle|70\/100|[from] Sandstorm\n|-damage|p2b: Ninetales|88\/100|[from] Sandstorm\n|upkeep\n|\n|t:|1700326892\n|switch|p2a: Iron Hands|Iron Hands, L50|88\/100 brn\n|turn|7\n|\n|t:|1700326910\n|move|p1a: Iron Bundle|Hydro Pump|p2b: Ninetales|[miss]\n|-miss|p1a: Iron Bundle|p2b: Ninetales\n|move|p2b: Ninetales|Moonblast|p1a: Iron Bundle\n|-damage|p1a: Iron Bundle|14\/100\n|move|p1b: Tyranitar|Rock Slide|p2a: Iron Hands|[spread] p2a,p2b\n|-resisted|p2a: Iron Hands\n|-supereffective|p2b: Ninetales\n|-damage|p2a: Iron Hands|77\/100 brn\n|-damage|p2b: Ninetales|10\/100\n|move|p2a: Iron Hands|Drain Punch|p1b: Tyranitar\n|-supereffective|p1b: Tyranitar\n|-damage|p1b: Tyranitar|0 fnt\n|-heal|p2a: Iron Hands|79\/100 brn|[from] drain|[of] p1b: Tyranitar\n|faint|p1b: Tyranitar\n|\n|-weather|Sandstorm|[upkeep]\n|-damage|p1a: Iron Bundle|8\/100|[from] Sandstorm\n|-damage|p2b: Ninetales|4\/100|[from] Sandstorm\n|-damage|p2a: Iron Hands|73\/100 brn|[from] Sandstorm\n|-damage|p2a: Iron Hands|66\/100 brn|[from] brn\n|upkeep\n|\n|t:|1700326914\n|switch|p1b: Arcanine|Arcanine-Hisui, L50, M|45\/100\n|-ability|p1b: Arcanine|Intimidate|boost\n|-unboost|p2a: Iron Hands|atk|1\n|-unboost|p2b: Ninetales|atk|1\n|turn|8\n|\n|t:|1700326933\n|move|p1a: Iron Bundle|Freeze-Dry|p2b: Ninetales\n|-resisted|p2b: Ninetales\n|-damage|p2b: Ninetales|0 fnt\n|faint|p2b: Ninetales\n|move|p1b: Arcanine|Flare Blitz|p2a: Iron Hands\n|-damage|p2a: Iron Hands|38\/100 brn\n|-damage|p1b: Arcanine|33\/100|[from] Recoil\n|move|p2a: Iron Hands|Drain Punch|p1b: Arcanine\n|-supereffective|p1b: Arcanine\n|-damage|p1b: Arcanine|6\/100\n|-heal|p2a: Iron Hands|48\/100 brn|[from] drain|[of] p1b: Arcanine\n|\n|-weather|Sandstorm|[upkeep]\n|-damage|p1a: Iron Bundle|2\/100|[from] Sandstorm\n|-damage|p2a: Iron Hands|42\/100 brn|[from] Sandstorm\n|-damage|p2a: Iron Hands|36\/100 brn|[from] brn\n|upkeep\n|turn|9\n|inactive|Fortune Meow has 30 seconds left.\n|inactive|Fortune Meow has 20 seconds left.\n|\n|t:|1700326973\n|move|p1a: Iron Bundle|Hydro Pump|p2a: Iron Hands\n|-damage|p2a: Iron Hands|7\/100 brn\n|move|p1b: Arcanine|Flare Blitz|p2a: Iron Hands\n|-damage|p2a: Iron Hands|0 fnt\n|faint|p2a: Iron Hands\n|-end|p2a: Iron Hands|Quark Drive|[silent]\n|-damage|p1b: Arcanine|3\/100|[from] Recoil\n|\n|win|Fortune Meow\n|c|\u2606Fortune Meow|Gg\n|c|\u2606cocomolaco|gg\n","uploadtime":1700326986,"views":14,"p1id":"fortunemeow","p2id":"cocomolaco","formatid":"gen9vgc2023regulatione","rating":0,"private":0,"password":""}