{"id":"gen9vgc2023regulatione-2000278023","p1":"viaan","p2":"clovehitch","format":"[Gen 9] VGC 2023 Regulation E","log":"|j|\u2606viaan\n|j|\u2606clovehitch\n|n|\u2606viaan|viaan\n|n|\u2606clovehitch|clovehitch\n|html|View the match progress at <a href=\"\/game-bestof3-gen9vgc2023regulatione-2000275119\">game-bestof3-gen9vgc2023regulatione-2000275119<\/a>\n|t:|1701180597\n|gametype|doubles\n|player|p1|viaan|hero-conquest|\n|player|p2|clovehitch|iris-gen5bw2|\n|teamsize|p1|6\n|teamsize|p2|6\n|gen|9\n|tier|[Gen 9] VGC 2023 Regulation E\n|rated|Tournament battle\n|rule|Species Clause: Limit one of each Pok\u00e9mon\n|rule|Item Clause: Limit one of each item\n|clearpoke\n|poke|p1|Ogerpon-Wellspring, L50, F|\n|poke|p1|Volcarona, L50, F|\n|poke|p1|Landorus-Therian, L50, M|\n|poke|p1|Chien-Pao, L50|\n|poke|p1|Iron Hands, L50|\n|poke|p1|Cresselia, L50, F|\n|poke|p2|Indeedee-F, L50, F|\n|poke|p2|Armarouge, L50, M|\n|poke|p2|Torkoal, L50, F|\n|poke|p2|Iron Hands, L50|\n|poke|p2|Gallade, L50, M|\n|poke|p2|Ogerpon-Cornerstone, L50, F|\n|teampreview|4\n|showteam|p1|Ogerpon-Wellspring||WellspringMask|WaterAbsorb|SpikyShield,FollowMe,HornLeech,IvyCudgel|||F|||50|,,,,,Water]Volcarona||SitrusBerry|FlameBody|QuiverDance,Protect,BugBuzz,HeatWave|||F|||50|,,,,,Dragon]Landorus-Therian||ChoiceScarf|Intimidate|Uturn,RockTomb,TeraBlast,StompingTantrum|||M|||50|,,,,,Flying]Chien-Pao||FocusSash|SwordofRuin|Protect,LashOut,IceShard,IcicleCrash||||||50|,,,,,Ghost]Iron Hands||AssaultVest|QuarkDrive|WildCharge,VoltSwitch,DrainPunch,FakeOut||||||50|,,,,,Grass]Cresselia||SafetyGoggles|Levitate|TrickRoom,HelpingHand,LunarBlessing,Psychic|||F|||50|,,,,,Poison\n|showteam|p2|Indeedee-F||PsychicSeed|PsychicSurge|DazzlingGleam,HelpingHand,FollowMe,TrickRoom|||F|||50|,,,,,Fire]Armarouge||LifeOrb|FlashFire|ExpandingForce,ArmorCannon,TrickRoom,Protect|||M|||50|,,,,,Grass]Torkoal||Charcoal|Drought|Eruption,EarthPower,Yawn,Protect|||F|||50|,,,,,Fire]Iron Hands||BoosterEnergy|QuarkDrive|FakeOut,CloseCombat,WildCharge,IcePunch||||||50|,,,,,Grass]Gallade||ClearAmulet|Sharpness|SacredSword,PsychoCut,TrickRoom,Protect|||M|||50|,,,,,Fire]Ogerpon-Cornerstone||CornerstoneMask|Sturdy|WoodHammer,IvyCudgel,FollowMe,SpikyShield|||F|||50|,,,,,Rock\n|inactive|Battle timer is ON: inactive players will automatically lose when time's up. (requested by clovehitch)\n|inactive|viaan has 60 seconds left.\n|\n|t:|1701180661\n|start\n|switch|p1a: Landorus|Landorus-Therian, L50, M|100\/100\n|switch|p1b: Chien-Pao|Chien-Pao, L50|100\/100\n|switch|p2a: Indeedee|Indeedee-F, L50, F|100\/100\n|switch|p2b: Celuredge|Gallade, L50, M|100\/100\n|-ability|p1a: Landorus|Intimidate|boost\n|-unboost|p2a: Indeedee|atk|1\n|-fail|p2b: Celuredge|unboost|[from] item: Clear Amulet|[of] p2b: Celuredge\n|-ability|p1b: Chien-Pao|Sword of Ruin\n|-fieldstart|move: Psychic Terrain|[from] ability: Psychic Surge|[of] p2a: Indeedee\n|-enditem|p2a: Indeedee|Psychic Seed\n|-boost|p2a: Indeedee|spd|1|[from] item: Psychic Seed\n|turn|1\n|\n|t:|1701180682\n|-terastallize|p1b: Chien-Pao|Ghost\n|move|p2a: Indeedee|Follow Me|p2a: Indeedee\n|-singleturn|p2a: Indeedee|move: Follow Me\n|move|p1a: Landorus|U-turn|p2a: Indeedee\n|-supereffective|p2a: Indeedee\n|-damage|p2a: Indeedee|29\/100\n|\n|t:|1701180688\n|switch|p1a: Cresselia|Cresselia, L50, F|100\/100|[from] U-turn\n|move|p1b: Chien-Pao|Lash Out|p2a: Indeedee\n|-supereffective|p2a: Indeedee\n|-damage|p2a: Indeedee|0 fnt\n|faint|p2a: Indeedee\n|move|p2b: Celuredge|Trick Room|p2b: Celuredge\n|-fieldstart|move: Trick Room|[of] p2b: Celuredge\n|\n|upkeep\n|\n|t:|1701180695\n|switch|p2a: Iron Hands|Iron Hands, L50|100\/100\n|-enditem|p2a: Iron Hands|Booster Energy\n|-activate|p2a: Iron Hands|ability: Quark Drive|[fromitem]\n|-start|p2a: Iron Hands|quarkdriveatk\n|turn|2\n|\n|t:|1701180706\n|move|p1b: Chien-Pao|Protect|p1b: Chien-Pao\n|-singleturn|p1b: Chien-Pao|Protect\n|move|p2a: Iron Hands|Fake Out|p1a: Cresselia\n|-hint|Psychic Terrain doesn't affect Pok\u00e9mon immune to Ground.\n|-damage|p1a: Cresselia|83\/100\n|move|p2b: Celuredge|Psycho Cut|p1b: Chien-Pao\n|-activate|p1b: Chien-Pao|move: Protect\n|cant|p1a: Cresselia|flinch\n|\n|upkeep\n|turn|3\n|\n|t:|1701180721\n|switch|p1b: Landorus|Landorus-Therian, L50, M|100\/100\n|-ability|p1b: Landorus|Intimidate|boost\n|-unboost|p2a: Iron Hands|atk|1\n|-fail|p2b: Celuredge|unboost|[from] item: Clear Amulet|[of] p2b: Celuredge\n|move|p2a: Iron Hands|Ice Punch|p1b: Landorus\n|-supereffective|p1b: Landorus\n|-damage|p1b: Landorus|0 fnt\n|faint|p1b: Landorus\n|move|p2b: Celuredge|Trick Room|p2b: Celuredge\n|-fieldend|move: Trick Room\n|move|p1a: Cresselia|Trick Room|p1a: Cresselia\n|-fieldstart|move: Trick Room|[of] p1a: Cresselia\n|\n|upkeep\n|c|\u2606clovehitch|bufffff\n|c|\u2606viaan|mm\n|c|\u2606viaan|shad\n|\n|t:|1701180743\n|switch|p1b: Ogerpon|Ogerpon-Wellspring, L50, F|100\/100\n|turn|4\n|c|\u2606clovehitch|like a open book\n|c|\u2606viaan|o\n|c|\u2606viaan|sad\n|\n|t:|1701180765\n|-end|p2a: Iron Hands|Quark Drive|[silent]\n|switch|p2a: Armarouge|Armarouge, L50, M|100\/100\n|move|p1b: Ogerpon|Spiky Shield|p1b: Ogerpon\n|-singleturn|p1b: Ogerpon|move: Protect\n|move|p2b: Celuredge|Psycho Cut|p1b: Ogerpon\n|-activate|p1b: Ogerpon|move: Protect\n|move|p1a: Cresselia|Psychic|p2a: Armarouge\n|-resisted|p2a: Armarouge\n|-damage|p2a: Armarouge|88\/100\n|\n|upkeep\n|turn|5\n|\n|t:|1701180785\n|move|p2a: Armarouge|Armor Cannon|p1b: Ogerpon\n|-damage|p1b: Ogerpon|0 fnt\n|-unboost|p2a: Armarouge|def|1\n|-unboost|p2a: Armarouge|spd|1\n|faint|p1b: Ogerpon\n|-damage|p2a: Armarouge|78\/100|[from] item: Life Orb\n|move|p2b: Celuredge|Psycho Cut|p1a: Cresselia\n|-resisted|p1a: Cresselia\n|-damage|p1a: Cresselia|60\/100\n|move|p1a: Cresselia|Psychic|p2b: Celuredge\n|-damage|p2b: Celuredge|76\/100\n|\n|-fieldend|move: Psychic Terrain\n|upkeep\n|\n|t:|1701180794\n|switch|p1b: Chien-Pao|Chien-Pao, L50, tera:Ghost|100\/100\n|-ability|p1b: Chien-Pao|Sword of Ruin\n|turn|6\n|\n|t:|1701180803\n|move|p1b: Chien-Pao|Protect|p1b: Chien-Pao\n|-singleturn|p1b: Chien-Pao|Protect\n|move|p2a: Armarouge|Armor Cannon|p1b: Chien-Pao\n|-activate|p1b: Chien-Pao|move: Protect\n|move|p2b: Celuredge|Trick Room|p2b: Celuredge\n|-fieldend|move: Trick Room\n|move|p1a: Cresselia|Trick Room|p1a: Cresselia\n|-fieldstart|move: Trick Room|[of] p1a: Cresselia\n|\n|upkeep\n|turn|7\n|c|\u2606clovehitch|bufff\n|\n|t:|1701180816\n|move|p1a: Cresselia|Helping Hand|p1b: Chien-Pao\n|-singleturn|p1b: Chien-Pao|Helping Hand|[of] p1a: Cresselia\n|move|p1b: Chien-Pao|Ice Shard|p2b: Celuredge\n|-damage|p2b: Celuredge|18\/100\n|move|p2a: Armarouge|Armor Cannon|p1b: Chien-Pao\n|-enditem|p1b: Chien-Pao|Focus Sash\n|-damage|p1b: Chien-Pao|1\/100\n|-unboost|p2a: Armarouge|def|1\n|-unboost|p2a: Armarouge|spd|1\n|-damage|p2a: Armarouge|69\/100|[from] item: Life Orb\n|move|p2b: Celuredge|Psycho Cut|p1b: Chien-Pao\n|-damage|p1b: Chien-Pao|0 fnt\n|faint|p1b: Chien-Pao\n|\n|upkeep\n|turn|8\n|-message|viaan forfeited.\n|\n|win|clovehitch\n|l|\u2606viaan\n","uploadtime":1701180832,"views":2,"p1id":"viaan","p2id":"clovehitch","formatid":"gen9vgc2023regulatione","rating":0,"private":0,"password":""}