{"id":"gen9vgc2023regulatione-2000678857","p1":"JonaFlores","p2":"FDR1776","format":"[Gen 9] VGC 2023 Regulation E","log":"|j|\u2606JonaFlores\n|j|\u2606FDR1776\n|t:|1701217868\n|gametype|doubles\n|player|p1|JonaFlores|drayden|1269\n|player|p2|FDR1776|mars|1151\n|teamsize|p1|6\n|teamsize|p2|6\n|gen|9\n|tier|[Gen 9] VGC 2023 Regulation E\n|rated|\n|rule|Species Clause: Limit one of each Pok\u00e9mon\n|rule|Item Clause: Limit one of each item\n|clearpoke\n|poke|p1|Kommo-o, L50, M|\n|poke|p1|Grimmsnarl, L50, M|\n|poke|p1|Arcanine-Hisui, L50, M|\n|poke|p1|Milotic, L50, M|\n|poke|p1|Gengar, L50, M|\n|poke|p1|Corviknight, L50, M|\n|poke|p2|Arcanine-Hisui, L50, M|\n|poke|p2|Iron Hands, L50|\n|poke|p2|Flutter Mane, L50|\n|poke|p2|Tornadus, L50, M|\n|poke|p2|Sinistcha-Masterpiece, L50|\n|poke|p2|Chi-Yu, L50|\n|teampreview|4\n|inactive|Battle timer is ON: inactive players will automatically lose when time's up. (requested by JonaFlores)\n|\n|t:|1701217907\n|start\n|switch|p1a: Milotic|Milotic, L50, M, shiny|100\/100\n|switch|p1b: Arcanine|Arcanine-Hisui, L50, M, shiny|100\/100\n|switch|p2a: Tornadus|Tornadus, L50, M|100\/100\n|switch|p2b: Iron Hands|Iron Hands, L50|100\/100\n|-ability|p1b: Arcanine|Intimidate|boost\n|-unboost|p2a: Tornadus|atk|1\n|-unboost|p2b: Iron Hands|atk|1\n|turn|1\n|\n|t:|1701217921\n|move|p2b: Iron Hands|Fake Out|p1b: Arcanine\n|-resisted|p1b: Arcanine\n|-damage|p1b: Arcanine|94\/100\n|move|p2a: Tornadus|Tailwind|p2a: Tornadus\n|-sidestart|p2: FDR1776|move: Tailwind\n|cant|p1b: Arcanine|flinch\n|move|p1a: Milotic|Scald|p2b: Iron Hands\n|-damage|p2b: Iron Hands|85\/100\n|\n|upkeep\n|turn|2\n|\n|t:|1701217946\n|switch|p2a: Arcanine|Arcanine-Hisui, L50, M, shiny|100\/100\n|-ability|p2a: Arcanine|Intimidate|boost\n|-unboost|p1a: Milotic|atk|1\n|-ability|p1a: Milotic|Competitive|boost\n|-boost|p1a: Milotic|spa|2\n|-unboost|p1b: Arcanine|atk|1\n|move|p1b: Arcanine|Rock Slide|p2b: Iron Hands|[spread] p2a,p2b\n|-supereffective|p2a: Arcanine\n|-resisted|p2b: Iron Hands\n|-damage|p2a: Arcanine|37\/100\n|-damage|p2b: Iron Hands|77\/100\n|move|p2b: Iron Hands|Wild Charge|p1a: Milotic\n|-supereffective|p1a: Milotic\n|-damage|p1a: Milotic|39\/100\n|-damage|p2b: Iron Hands|60\/100|[from] item: Rocky Helmet|[of] p1a: Milotic\n|-damage|p2b: Iron Hands|47\/100|[from] Recoil\n|move|p1a: Milotic|Scald|p2b: Iron Hands\n|-damage|p2b: Iron Hands|17\/100\n|-status|p2b: Iron Hands|brn\n|\n|-damage|p2b: Iron Hands|11\/100 brn|[from] brn\n|upkeep\n|turn|3\n|inactive|FDR1776 has 30 seconds left.\n|inactive|FDR1776 has 20 seconds left.\n|inactive|FDR1776 has 15 seconds left.\n|\n|t:|1701217986\n|move|p2a: Arcanine|Rock Slide|p1b: Arcanine|[spread] p1a,p1b\n|-supereffective|p1b: Arcanine\n|-crit|p1b: Arcanine\n|-damage|p1a: Milotic|6\/100\n|-damage|p1b: Arcanine|0 fnt\n|faint|p1b: Arcanine\n|move|p2b: Iron Hands|Drain Punch|p1a: Milotic\n|-damage|p1a: Milotic|0 fnt\n|-heal|p2b: Iron Hands|13\/100 brn|[from] drain|[of] p1a: Milotic\n|-damage|p2b: Iron Hands|0 fnt|[from] item: Rocky Helmet|[of] p1a: Milotic\n|faint|p1a: Milotic\n|faint|p2b: Iron Hands\n|-end|p2b: Iron Hands|Quark Drive|[silent]\n|\n|upkeep\n|\n|t:|1701217998\n|switch|p1b: Corviknight|Corviknight, L50, M, shiny|100\/100\n|switch|p1a: Kommo-o|Kommo-o, L50, M|100\/100\n|switch|p2b: Sinistcha|Sinistcha-Masterpiece, L50|100\/100\n|-heal|p2a: Arcanine|62\/100|[from] ability: Hospitality|[of] p2b: Sinistcha\n|turn|4\n|\n|t:|1701218016\n|-terastallize|p1b: Corviknight|Fire\n|move|p2a: Arcanine|Rock Slide|p1a: Kommo-o|[spread] p1a,p1b\n|-resisted|p1a: Kommo-o\n|-supereffective|p1b: Corviknight\n|-damage|p1a: Kommo-o|89\/100\n|-damage|p1b: Corviknight|33\/100\n|-enditem|p1b: Corviknight|Sitrus Berry|[eat]\n|-heal|p1b: Corviknight|58\/100|[from] item: Sitrus Berry\n|move|p2b: Sinistcha|Strength Sap||[still]\n|-ability|p1b: Corviknight|Mirror Armor\n|-unboost|p2b: Sinistcha|atk|1\n|-fail|p2b: Sinistcha\n|cant|p1a: Kommo-o|flinch\n|move|p1b: Corviknight|Bulk Up|p1b: Corviknight\n|-boost|p1b: Corviknight|atk|1\n|-boost|p1b: Corviknight|def|1\n|\n|-heal|p1a: Kommo-o|95\/100|[from] item: Leftovers\n|-sideend|p2: FDR1776|move: Tailwind\n|upkeep\n|turn|5\n|inactive|JonaFlores has 30 seconds left.\n|inactive|FDR1776 has 30 seconds left.\n|\n|t:|1701218044\n|move|p2a: Arcanine|Rock Slide|p1a: Kommo-o|[spread] p1a\n|-miss|p2a: Arcanine|p1b: Corviknight\n|-resisted|p1a: Kommo-o\n|-damage|p1a: Kommo-o|82\/100\n|move|p1a: Kommo-o|Body Press|p2a: Arcanine\n|-supereffective|p2a: Arcanine\n|-damage|p2a: Arcanine|0 fnt\n|faint|p2a: Arcanine\n|move|p1b: Corviknight|Roost|p1b: Corviknight\n|-heal|p1b: Corviknight|100\/100\n|move|p2b: Sinistcha|Matcha Gotcha|p1b: Corviknight|[spread] p1a,p1b\n|-resisted|p1a: Kommo-o\n|-resisted|p1b: Corviknight\n|-damage|p1a: Kommo-o|70\/100\n|-damage|p1b: Corviknight|89\/100\n|\n|-heal|p1a: Kommo-o|76\/100|[from] item: Leftovers\n|upkeep\n|\n|t:|1701218060\n|switch|p2a: Tornadus|Tornadus, L50, M|100\/100\n|turn|6\n|\n|t:|1701218079\n|move|p1a: Kommo-o|Protect|p1a: Kommo-o\n|-singleturn|p1a: Kommo-o|Protect\n|move|p2a: Tornadus|Taunt|p1b: Corviknight\n|-start|p1b: Corviknight|move: Taunt\n|move|p1b: Corviknight|Brave Bird|p2a: Tornadus\n|-damage|p2a: Tornadus|16\/100\n|-damage|p1b: Corviknight|65\/100|[from] Recoil\n|move|p2b: Sinistcha|Shadow Ball|p1b: Corviknight\n|-damage|p1b: Corviknight|38\/100\n|\n|-heal|p1a: Kommo-o|82\/100|[from] item: Leftovers\n|upkeep\n|turn|7\n|\n|t:|1701218098\n|-terastallize|p2b: Sinistcha|Water\n|move|p2a: Tornadus|Protect|p2a: Tornadus\n|-singleturn|p2a: Tornadus|Protect\n|move|p1a: Kommo-o|Iron Head|p2a: Tornadus\n|-activate|p2a: Tornadus|move: Protect\n|move|p1b: Corviknight|Brave Bird|p2b: Sinistcha\n|-damage|p2b: Sinistcha|30\/100\n|-damage|p1b: Corviknight|21\/100|[from] item: Rocky Helmet|[of] p2b: Sinistcha\n|-damage|p1b: Corviknight|2\/100|[from] Recoil\n|move|p2b: Sinistcha|Shadow Ball|p1b: Corviknight\n|-damage|p1b: Corviknight|0 fnt\n|faint|p1b: Corviknight\n|\n|-heal|p1a: Kommo-o|88\/100|[from] item: Leftovers\n|upkeep\n|turn|8\n|inactive|JonaFlores has 30 seconds left.\n|inactive|FDR1776 has 30 seconds left.\n|\n|t:|1701218131\n|move|p2a: Tornadus|Bleakwind Storm|p1a: Kommo-o\n|-supereffective|p1a: Kommo-o\n|-damage|p1a: Kommo-o|22\/100\n|move|p1a: Kommo-o|Iron Head|p2a: Tornadus\n|-damage|p2a: Tornadus|0 fnt\n|faint|p2a: Tornadus\n|move|p2b: Sinistcha|Strength Sap|p1a: Kommo-o\n|-unboost|p1a: Kommo-o|atk|1\n|-heal|p2b: Sinistcha|100\/100\n|\n|-heal|p1a: Kommo-o|29\/100|[from] item: Leftovers\n|upkeep\n|turn|9\n|\n|t:|1701218145\n|move|p1a: Kommo-o|Protect|p1a: Kommo-o\n|-singleturn|p1a: Kommo-o|Protect\n|move|p2b: Sinistcha|Shadow Ball|p1a: Kommo-o\n|-activate|p1a: Kommo-o|move: Protect\n|\n|-heal|p1a: Kommo-o|35\/100|[from] item: Leftovers\n|upkeep\n|turn|10\n|\n|t:|1701218153\n|move|p1a: Kommo-o|Iron Defense|p1a: Kommo-o\n|-boost|p1a: Kommo-o|def|2\n|move|p2b: Sinistcha|Shadow Ball|p1a: Kommo-o\n|-damage|p1a: Kommo-o|2\/100\n|\n|-heal|p1a: Kommo-o|8\/100|[from] item: Leftovers\n|upkeep\n|turn|11\n|\n|t:|1701218163\n|move|p1a: Kommo-o|Body Press|p2b: Sinistcha\n|-damage|p2b: Sinistcha|24\/100\n|-damage|p1a: Kommo-o|0 fnt|[from] item: Rocky Helmet|[of] p2b: Sinistcha\n|faint|p1a: Kommo-o\n|\n|win|FDR1776\n|raw|JonaFlores's rating: 1269 &rarr; <strong>1236<\/strong><br \/>(-33 for losing)\n|raw|FDR1776's rating: 1151 &rarr; <strong>1184<\/strong><br \/>(+33 for winning)\n|l|\u2606JonaFlores\n|c|\u2606FDR1776|gg\n","uploadtime":1701218175,"views":1,"p1id":"jonaflores","p2id":"fdr1776","formatid":"gen9vgc2023regulatione","rating":1184,"private":0,"password":""}