{"id":"gen9vgc2023regulatione-2000198450","p1":"Il Mule","p2":"Tempest brute","format":"[Gen 9] VGC 2023 Regulation E","log":"|j|\u2606Il Mule\n|j|\u2606Tempest brute\n|t:|1701170908\n|gametype|doubles\n|player|p1|Il Mule|salvatore|1765\n|player|p2|Tempest brute|veteran|1864\n|teamsize|p1|6\n|teamsize|p2|6\n|gen|9\n|tier|[Gen 9] VGC 2023 Regulation E\n|rated|\n|rule|Species Clause: Limit one of each Pok\u00e9mon\n|rule|Item Clause: Limit one of each item\n|clearpoke\n|poke|p1|Flutter Mane, L50|\n|poke|p1|Chi-Yu, L50|\n|poke|p1|Urshifu-*, L50, M|\n|poke|p1|Landorus-Therian, L50, M|\n|poke|p1|Rillaboom, L50, M|\n|poke|p1|Thundurus, L50, M|\n|poke|p2|Iron Valiant, L50|\n|poke|p2|Ting-Lu, L50|\n|poke|p2|Ogerpon-Hearthflame, L50, F|\n|poke|p2|Rotom-Wash, L50|\n|poke|p2|Gholdengo, L50|\n|poke|p2|Dragonite, L50, F|\n|teampreview|4\nIl Mule has agreed to open team sheets.\n|\n|t:|1701170952\n|start\n|switch|p1a: Chi-Yu|Chi-Yu, L50|100\/100\n|switch|p1b: Landorus|Landorus-Therian, L50, M|100\/100\n|switch|p2a: Ogerpon|Ogerpon-Hearthflame, L50, F|100\/100\n|switch|p2b: Mimi \"Incen\" Rotom|Rotom-Wash, L50|100\/100\n|-ability|p1b: Landorus|Intimidate|boost\n|-unboost|p2a: Ogerpon|atk|1\n|-unboost|p2b: Mimi \"Incen\" Rotom|atk|1\n|-ability|p2a: Ogerpon|Mold Breaker\n|-ability|p1a: Chi-Yu|Beads of Ruin\n|turn|1\n|j| Yagamoth\n|\n|t:|1701171008\n|move|p2a: Ogerpon|Spiky Shield|p2a: Ogerpon\n|-singleturn|p2a: Ogerpon|move: Protect\n|move|p1b: Landorus|U-turn|p2b: Mimi \"Incen\" Rotom\n|-damage|p2b: Mimi \"Incen\" Rotom|79\/100\n|\n|t:|1701171024\n|switch|p1b: Rillaboom|Rillaboom, L50, M|100\/100|[from] U-turn\n|-fieldstart|move: Grassy Terrain|[from] ability: Grassy Surge|[of] p1b: Rillaboom\n|move|p1a: Chi-Yu|Snarl|p2b: Mimi \"Incen\" Rotom|[spread] p2b\n|-activate|p2a: Ogerpon|move: Protect\n|-damage|p2b: Mimi \"Incen\" Rotom|51\/100\n|-unboost|p2b: Mimi \"Incen\" Rotom|spa|1\n|move|p2b: Mimi \"Incen\" Rotom|Hydro Pump|p1a: Chi-Yu|[miss]\n|-miss|p2b: Mimi \"Incen\" Rotom|p1a: Chi-Yu\n|\n|upkeep\n|turn|2\n|\n|t:|1701171047\n|switch|p2b: Iron Valiant|Iron Valiant, L50|100\/100\n|-enditem|p2b: Iron Valiant|Booster Energy\n|-activate|p2b: Iron Valiant|ability: Quark Drive|[fromitem]\n|-start|p2b: Iron Valiant|quarkdrivespe\n|move|p2a: Ogerpon|Ivy Cudgel|p1b: Rillaboom|[anim] Ivy Cudgel Fire\n|-supereffective|p1b: Rillaboom\n|-damage|p1b: Rillaboom|51\/100\n|move|p1a: Chi-Yu|Heat Wave|p2b: Iron Valiant|[spread] p2a,p2b\n|-damage|p2a: Ogerpon|63\/100\n|-damage|p2b: Iron Valiant|42\/100\n|move|p1b: Rillaboom|U-turn|p2a: Ogerpon\n|-damage|p2a: Ogerpon|41\/100\n|\n|t:|1701171059\n|switch|p1b: Landorus|Landorus-Therian, L50, M|100\/100|[from] U-turn\n|-ability|p1b: Landorus|Intimidate|boost\n|-unboost|p2a: Ogerpon|atk|1\n|-unboost|p2b: Iron Valiant|atk|1\n|\n|-heal|p2b: Iron Valiant|48\/100|[from] Grassy Terrain\n|-heal|p2a: Ogerpon|47\/100|[from] Grassy Terrain\n|upkeep\n|turn|3\n|\n|t:|1701171073\n|switch|p2a: Klefki Lu|Ting-Lu, L50|100\/100\n|-ability|p2a: Klefki Lu|Vessel of Ruin\n|move|p2b: Iron Valiant|Protect|p2b: Iron Valiant\n|-singleturn|p2b: Iron Valiant|Protect\n|move|p1b: Landorus|U-turn|p2b: Iron Valiant\n|-activate|p2b: Iron Valiant|move: Protect\n|move|p1a: Chi-Yu|Heat Wave|p2b: Iron Valiant|[spread] p2a\n|-activate|p2b: Iron Valiant|move: Protect\n|-damage|p2a: Klefki Lu|75\/100\n|\n|-heal|p2b: Iron Valiant|54\/100|[from] Grassy Terrain\n|-heal|p2a: Klefki Lu|81\/100|[from] Grassy Terrain\n|-heal|p2a: Klefki Lu|87\/100|[from] item: Leftovers\n|upkeep\n|turn|4\n|\n|t:|1701171083\n|move|p2b: Iron Valiant|Spirit Break|p1a: Chi-Yu\n|-damage|p1a: Chi-Yu|75\/100\n|-unboost|p1a: Chi-Yu|spa|1\n|move|p1b: Landorus|U-turn|p2b: Iron Valiant\n|-resisted|p2b: Iron Valiant\n|-damage|p2b: Iron Valiant|48\/100\n|\n|t:|1701171090\n|switch|p1b: Urshifu|Urshifu-Rapid-Strike, L50, M|100\/100|[from] U-turn\n|move|p1a: Chi-Yu|Will-O-Wisp|p2a: Klefki Lu\n|-status|p2a: Klefki Lu|brn\n|move|p2a: Klefki Lu|Body Press|p1a: Chi-Yu\n|-supereffective|p1a: Chi-Yu\n|-damage|p1a: Chi-Yu|47\/100\n|-enditem|p1a: Chi-Yu|Sitrus Berry|[eat]\n|-heal|p1a: Chi-Yu|72\/100|[from] item: Sitrus Berry\n|\n|-heal|p2b: Iron Valiant|54\/100|[from] Grassy Terrain\n|-heal|p1a: Chi-Yu|79\/100|[from] Grassy Terrain\n|-heal|p2a: Klefki Lu|94\/100 brn|[from] Grassy Terrain\n|-heal|p2a: Klefki Lu|99\/100 brn|[from] item: Leftovers\n|-damage|p2a: Klefki Lu|94\/100 brn|[from] brn\n|upkeep\n|turn|5\n|j| Iron Copium\n|\n|t:|1701171109\n|switch|p1a: Landorus|Landorus-Therian, L50, M|100\/100\n|-ability|p1a: Landorus|Intimidate|boost\n|-unboost|p2a: Klefki Lu|atk|1\n|-unboost|p2b: Iron Valiant|atk|1\n|-terastallize|p1b: Urshifu|Poison\n|move|p2b: Iron Valiant|Spirit Break|p1b: Urshifu\n|-resisted|p1b: Urshifu\n|-damage|p1b: Urshifu|93\/100\n|-unboost|p1b: Urshifu|spa|1\n|move|p1b: Urshifu|Swords Dance|p1b: Urshifu\n|-boost|p1b: Urshifu|atk|2\n|move|p2a: Klefki Lu|Body Press|p1b: Urshifu\n|-resisted|p1b: Urshifu\n|-damage|p1b: Urshifu|87\/100\n|\n|-heal|p2b: Iron Valiant|60\/100|[from] Grassy Terrain\n|-heal|p1b: Urshifu|93\/100|[from] Grassy Terrain\n|-heal|p2a: Klefki Lu|99\/100 brn|[from] Grassy Terrain\n|-heal|p2a: Klefki Lu|100\/100 brn|[from] item: Leftovers\n|-damage|p2a: Klefki Lu|94\/100 brn|[from] brn\n|-fieldend|move: Grassy Terrain\n|upkeep\n|turn|6\n|\n|t:|1701171124\n|switch|p1a: Rillaboom|Rillaboom, L50, M|51\/100\n|-fieldstart|move: Grassy Terrain|[from] ability: Grassy Surge|[of] p1a: Rillaboom\n|move|p1b: Urshifu|Detect|p1b: Urshifu\n|-singleturn|p1b: Urshifu|Protect\n|move|p2b: Iron Valiant|Encore|p1b: Urshifu\n|-activate|p1b: Urshifu|move: Protect\n|move|p2a: Klefki Lu|Whirlwind|p1b: Urshifu\n|drag|p1b: Chi-Yu|Chi-Yu, L50|79\/100\n|-ability|p1b: Chi-Yu|Beads of Ruin\n|\n|-heal|p2b: Iron Valiant|67\/100|[from] Grassy Terrain\n|-heal|p1b: Chi-Yu|85\/100|[from] Grassy Terrain\n|-heal|p1a: Rillaboom|57\/100|[from] Grassy Terrain\n|-heal|p2a: Klefki Lu|100\/100 brn|[from] Grassy Terrain\n|-damage|p2a: Klefki Lu|94\/100 brn|[from] brn\n|upkeep\n|turn|7\n|\n|t:|1701171142\n|switch|p2a: Mimi \"Incen\" Rotom|Rotom-Wash, L50|51\/100\n|move|p2b: Iron Valiant|Protect|p2b: Iron Valiant\n|-singleturn|p2b: Iron Valiant|Protect\n|move|p1b: Chi-Yu|Heat Wave|p2b: Iron Valiant|[spread] \n|-activate|p2b: Iron Valiant|move: Protect\n|-miss|p1b: Chi-Yu|p2a: Mimi \"Incen\" Rotom\n|move|p1a: Rillaboom|Wood Hammer|p2a: Mimi \"Incen\" Rotom\n|-supereffective|p2a: Mimi \"Incen\" Rotom\n|-damage|p2a: Mimi \"Incen\" Rotom|0 fnt\n|faint|p2a: Mimi \"Incen\" Rotom\n|-damage|p1a: Rillaboom|44\/100|[from] Recoil\n|\n|-heal|p2b: Iron Valiant|73\/100|[from] Grassy Terrain\n|-heal|p1b: Chi-Yu|91\/100|[from] Grassy Terrain\n|-heal|p1a: Rillaboom|50\/100|[from] Grassy Terrain\n|upkeep\n|\n|t:|1701171148\n|switch|p2a: Ogerpon|Ogerpon-Hearthflame, L50, F|47\/100\n|-ability|p2a: Ogerpon|Mold Breaker\n|turn|8\n|\n|t:|1701171161\n|switch|p1a: Landorus|Landorus-Therian, L50, M|100\/100\n|-ability|p1a: Landorus|Intimidate|boost\n|-unboost|p2a: Ogerpon|atk|1\n|-unboost|p2b: Iron Valiant|atk|1\n|move|p2b: Iron Valiant|Close Combat|p1b: Chi-Yu\n|-supereffective|p1b: Chi-Yu\n|-crit|p1b: Chi-Yu\n|-damage|p1b: Chi-Yu|0 fnt\n|-unboost|p2b: Iron Valiant|def|1\n|-unboost|p2b: Iron Valiant|spd|1\n|faint|p1b: Chi-Yu\n|move|p2a: Ogerpon|Ivy Cudgel|p1a: Landorus|[anim] Ivy Cudgel Fire\n|-crit|p1a: Landorus\n|-damage|p1a: Landorus|20\/100\n|\n|-heal|p2b: Iron Valiant|79\/100|[from] Grassy Terrain\n|-heal|p2a: Ogerpon|53\/100|[from] Grassy Terrain\n|upkeep\n|\n|t:|1701171172\n|switch|p1b: Urshifu|Urshifu-Rapid-Strike, L50, M, tera:Poison|93\/100\n|turn|9\n|\n|t:|1701171181\n|move|p2b: Iron Valiant|Spirit Break|p1a: Landorus\n|-damage|p1a: Landorus|6\/100\n|-unboost|p1a: Landorus|spa|1\n|move|p1a: Landorus|Rock Slide|p2b: Iron Valiant|[spread] p2a,p2b\n|-supereffective|p2a: Ogerpon\n|-resisted|p2b: Iron Valiant\n|-damage|p2a: Ogerpon|13\/100\n|-damage|p2b: Iron Valiant|65\/100\n|move|p1b: Urshifu|Surging Strikes|p2b: Iron Valiant\n|-crit|p2b: Iron Valiant\n|-damage|p2b: Iron Valiant|37\/100\n|-crit|p2b: Iron Valiant\n|-damage|p2b: Iron Valiant|11\/100\n|-crit|p2b: Iron Valiant\n|-damage|p2b: Iron Valiant|0 fnt\n|faint|p2b: Iron Valiant\n|-end|p2b: Iron Valiant|Quark Drive|[silent]\n|-hitcount|p2: Iron Valiant|3\n|move|p2a: Ogerpon|Horn Leech|p1b: Urshifu\n|-resisted|p1b: Urshifu\n|-damage|p1b: Urshifu|79\/100\n|-heal|p2a: Ogerpon|21\/100|[from] drain|[of] p1b: Urshifu\n|\n|-heal|p1b: Urshifu|85\/100|[from] Grassy Terrain\n|-heal|p2a: Ogerpon|27\/100|[from] Grassy Terrain\n|upkeep\n|-message|Tempest brute forfeited.\n|\n|win|Il Mule\n|raw|Il Mule's rating: 1765 &rarr; <strong>1791<\/strong><br \/>(+26 for winning)\n|raw|Tempest brute's rating: 1864 &rarr; <strong>1838<\/strong><br \/>(-26 for losing)\n|l|\u2606Tempest brute\n|l|\u2606Il Mule\n|l| Iron Copium\n|j| Iron Copium\n","uploadtime":1701171582,"views":31,"p1id":"ilmule","p2id":"tempestbrute","formatid":"gen9vgc2023regulatione","rating":1791,"private":0,"password":""}