{"id":"gen9vgc2023regulatione-1991179094","p1":"testling","p2":"Fan Ho-Oh","format":"[Gen 9] VGC 2023 Regulation E","log":"|j|\u2606testling\n|j|\u2606Fan Ho-Oh\n|t:|1700054081\n|gametype|doubles\n|player|p1|testling|1|1323\n|player|p2|Fan Ho-Oh|pokemonbreeder|1262\n|teamsize|p1|6\n|teamsize|p2|6\n|gen|9\n|tier|[Gen 9] VGC 2023 Regulation E\n|rated|\n|rule|Species Clause: Limit one of each Pok\u00e9mon\n|rule|Item Clause: Limit one of each item\n|clearpoke\n|poke|p1|Heatran, L50, F|\n|poke|p1|Ninetales-Alola, L50, F|\n|poke|p1|Clefairy, L50, F|\n|poke|p1|Landorus-Therian, L50, M|\n|poke|p1|Iron Hands, L50|\n|poke|p1|Sinistcha, L50|\n|poke|p2|Fezandipiti, L50, M|\n|poke|p2|Ursaluna-Bloodmoon, L50, M|\n|poke|p2|Sinistcha, L50|\n|poke|p2|Moltres-Galar, L50|\n|poke|p2|Cresselia, L50, F|\n|poke|p2|Urshifu-*, L50, M|\n|teampreview|4\n|\n|t:|1700054099\n|start\n|switch|p1a: Ninetales|Ninetales-Alola, L50, F|100\/100\n|switch|p1b: Heatran|Heatran, L50, F|100\/100\n|switch|p2a: Fezandipiti|Fezandipiti, L50, M|100\/100\n|switch|p2b: Moltres|Moltres-Galar, L50|100\/100\n|-weather|Snow|[from] ability: Snow Warning|[of] p1a: Ninetales\n|turn|1\n|\n|t:|1700054124\n|move|p1a: Ninetales|Aurora Veil|p1a: Ninetales\n|-sidestart|p1: testling|move: Aurora Veil\n|move|p2a: Fezandipiti|Icy Wind|p1b: Heatran|[spread] p1a,p1b\n|-resisted|p1a: Ninetales\n|-resisted|p1b: Heatran\n|-damage|p1a: Ninetales|98\/100\n|-damage|p1b: Heatran|99\/100\n|-unboost|p1a: Ninetales|spe|1\n|-unboost|p1b: Heatran|spe|1\n|move|p2b: Moltres|Nasty Plot|p2b: Moltres\n|-boost|p2b: Moltres|spa|2\n|move|p1b: Heatran|Flash Cannon|p2a: Fezandipiti\n|-supereffective|p2a: Fezandipiti\n|-damage|p2a: Fezandipiti|9\/100\n|-damage|p1b: Heatran|90\/100|[from] item: Life Orb\n|\n|-weather|Snow|[upkeep]\n|-heal|p2a: Fezandipiti|15\/100|[from] item: Leftovers\n|upkeep\n|turn|2\n|\n|t:|1700054145\n|switch|p2a: Cresselia|Cresselia, L50, F|100\/100\n|-terastallize|p2b: Moltres|Poison\n|move|p2b: Moltres|Fiery Wrath|p1a: Ninetales|[spread] p1a,p1b\n|-resisted|p1a: Ninetales\n|-damage|p1a: Ninetales|79\/100\n|-damage|p1b: Heatran|62\/100\n|move|p1a: Ninetales|Blizzard|p2b: Moltres|[spread] p2a,p2b\n|-damage|p2a: Cresselia|86\/100\n|-damage|p2b: Moltres|80\/100\n|move|p1b: Heatran|Heat Wave|p2a: Cresselia|[spread] p2a,p2b\n|-damage|p2a: Cresselia|53\/100\n|-damage|p2b: Moltres|43\/100\n|-ability|p2b: Moltres|Berserk|boost\n|-boost|p2b: Moltres|spa|1\n|-damage|p1b: Heatran|52\/100|[from] item: Life Orb\n|-enditem|p2b: Moltres|Sitrus Berry|[eat]\n|-heal|p2b: Moltres|67\/100|[from] item: Sitrus Berry\n|\n|-weather|Snow|[upkeep]\n|upkeep\n|turn|3\n|\n|t:|1700054178\n|move|p2b: Moltres|Fiery Wrath|p1a: Ninetales|[spread] p1a,p1b\n|-resisted|p1a: Ninetales\n|-damage|p1a: Ninetales|56\/100\n|-damage|p1b: Heatran|12\/100\n|move|p2a: Cresselia|Lunar Blessing|p2a: Cresselia|[spread] p2a,p2b\n|-heal|p2a: Cresselia|78\/100\n|-heal|p2b: Moltres|92\/100\n|move|p1a: Ninetales|Blizzard|p2a: Cresselia|[spread] p2a,p2b\n|-damage|p2a: Cresselia|65\/100\n|-damage|p2b: Moltres|74\/100\n|-status|p2a: Cresselia|frz\n|move|p1b: Heatran|Flash Cannon|p2b: Moltres\n|-damage|p2b: Moltres|24\/100\n|-ability|p2b: Moltres|Berserk|boost\n|-boost|p2b: Moltres|spa|1\n|-damage|p1b: Heatran|3\/100|[from] item: Life Orb\n|\n|-weather|Snow|[upkeep]\n|upkeep\n|turn|4\n|\n|t:|1700054210\n|switch|p1b: Clefairy|Clefairy, L50, F, shiny|100\/100\n|move|p2b: Moltres|Fiery Wrath|p1b: Clefairy|[spread] p1a,p1b\n|-resisted|p1a: Ninetales\n|-resisted|p1b: Clefairy\n|-damage|p1a: Ninetales|36\/100\n|-damage|p1b: Clefairy|81\/100\n|cant|p2a: Cresselia|frz\n|move|p1a: Ninetales|Moonblast|p2b: Moltres\n|-resisted|p2b: Moltres\n|-crit|p2b: Moltres\n|-damage|p2b: Moltres|9\/100\n|-unboost|p2b: Moltres|spa|1\n|\n|-weather|Snow|[upkeep]\n|upkeep\n|turn|5\n|\n|t:|1700054235\n|move|p2b: Moltres|Protect|p2b: Moltres\n|-singleturn|p2b: Moltres|Protect\n|cant|p2a: Cresselia|frz\n|move|p1a: Ninetales|Moonblast|p2b: Moltres\n|-activate|p2b: Moltres|move: Protect\n|move|p1b: Clefairy|Heal Pulse|p1a: Ninetales\n|-heal|p1a: Ninetales|86\/100\n|\n|-weather|none\n|upkeep\n|turn|6\n|\n|t:|1700054260\n|move|p2b: Moltres|Fiery Wrath|p1b: Clefairy|[spread] p1a,p1b\n|-resisted|p1a: Ninetales\n|-resisted|p1b: Clefairy\n|-damage|p1a: Ninetales|69\/100\n|-damage|p1b: Clefairy|64\/100\n|cant|p2a: Cresselia|frz\n|move|p1a: Ninetales|Moonblast|p2b: Moltres\n|-resisted|p2b: Moltres\n|-damage|p2b: Moltres|0 fnt\n|faint|p2b: Moltres\n|cant|p1b: Clefairy|flinch\n|\n|upkeep\n|\n|t:|1700054269\n|switch|p2b: Fezandipiti|Fezandipiti, L50, M|15\/100\n|turn|7\n|\n|t:|1700054285\n|switch|p1a: Heatran|Heatran, L50, F|3\/100\n|move|p2b: Fezandipiti|Protect|p2b: Fezandipiti\n|-singleturn|p2b: Fezandipiti|Protect\n|cant|p2a: Cresselia|frz\n|move|p1b: Clefairy|Heal Pulse|p1a: Heatran\n|-heal|p1a: Heatran|53\/100\n|\n|-heal|p2b: Fezandipiti|21\/100|[from] item: Leftovers\n|upkeep\n|turn|8\n|-message|Fan Ho-Oh forfeited.\n|\n|win|testling\n|raw|testling's rating: 1323 &rarr; <strong>1340<\/strong><br \/>(+17 for winning)\n|raw|Fan Ho-Oh's rating: 1262 &rarr; <strong>1241<\/strong><br \/>(-21 for losing)\n|l|\u2606Fan Ho-Oh\n|l|\u2606testling\n|j|\u2606testling\n|player|p1|testling|1\n","uploadtime":1700054345,"views":9,"p1id":"testling","p2id":"fanhooh","formatid":"gen9vgc2023regulatione","rating":1241,"private":0,"password":""}