{"id":"gen9vgc2023regulatione-1988611660","p1":"Mortivere","p2":"enexis","format":"[Gen 9] VGC 2023 Regulation E","log":"|j|\u2606Mortivere\n|j|\u2606enexis\n|t:|1699741832\n|gametype|doubles\n|player|p1|Mortivere|elesa|1530\n|player|p2|enexis|2|1601\n|teamsize|p1|6\n|teamsize|p2|6\n|gen|9\n|tier|[Gen 9] VGC 2023 Regulation E\n|rated|\n|rule|Species Clause: Limit one of each Pok\u00e9mon\n|rule|Item Clause: Limit one of each item\n|clearpoke\n|poke|p1|Sableye, L50, F|\n|poke|p1|Landorus, L50, M|\n|poke|p1|Bronzong, L50|\n|poke|p1|Ogerpon-Wellspring, L50, F|\n|poke|p1|Iron Valiant, L50|\n|poke|p1|Heatran, L50, M|\n|poke|p2|Iron Hands, L50|\n|poke|p2|Bruxish, L50, M|\n|poke|p2|Urshifu-*, L50, F|\n|poke|p2|Amoonguss, L50, F|\n|poke|p2|Basculegion, L50, M|\n|poke|p2|Goodra-Hisui, L50, F|\n|teampreview|4\n|inactive|Battle timer is ON: inactive players will automatically lose when time's up. (requested by enexis)\n|inactive|Mortivere has 60 seconds left.\n|\n|t:|1699741873\n|start\n|switch|p1a: Sableye|Sableye, L50, F|100\/100\n|switch|p1b: Iron Valiant|Iron Valiant, L50|100\/100\n|switch|p2a: Iron Hands|Iron Hands, L50|100\/100\n|switch|p2b: Bruxish|Bruxish, L50, M|100\/100\n|-enditem|p1b: Iron Valiant|Booster Energy\n|-activate|p1b: Iron Valiant|ability: Quark Drive|[fromitem]\n|-start|p1b: Iron Valiant|quarkdrivespe\n|turn|1\n|\n|t:|1699741894\n|-terastallize|p1b: Iron Valiant|Ghost\n|-terastallize|p2a: Iron Hands|Poison\n|move|p1a: Sableye|Gravity|p1a: Sableye\n|-fieldstart|move: Gravity\n|move|p1b: Iron Valiant|Hypnosis|p2b: Bruxish\n|-status|p2b: Bruxish|slp|[from] move: Hypnosis\n|move|p2a: Iron Hands|Belly Drum|p2a: Iron Hands\n|-damage|p2a: Iron Hands|50\/100\n|-setboost|p2a: Iron Hands|atk|6|[from] move: Belly Drum\n|-enditem|p2a: Iron Hands|Sitrus Berry|[eat]\n|-heal|p2a: Iron Hands|75\/100|[from] item: Sitrus Berry\n|cant|p2b: Bruxish|slp\n|\n|upkeep\n|turn|2\n|inactive|Mortivere has 30 seconds left.\n|\n|t:|1699741921\n|switch|p1a: Landorus|Landorus, L50, M|100\/100\n|move|p2a: Iron Hands|Protect|p2a: Iron Hands\n|-singleturn|p2a: Iron Hands|Protect\n|move|p1b: Iron Valiant|Hypnosis|p2a: Iron Hands\n|-activate|p2a: Iron Hands|move: Protect\n|cant|p2b: Bruxish|slp\n|\n|upkeep\n|turn|3\n|\n|t:|1699741934\n|move|p2a: Iron Hands|Protect|p2a: Iron Hands\n|-singleturn|p2a: Iron Hands|Protect\n|move|p1b: Iron Valiant|Moonblast|p2b: Bruxish\n|-damage|p2b: Bruxish|52\/100 slp\n|move|p1a: Landorus|Sandsear Storm|p2a: Iron Hands|[spread] p2b\n|-activate|p2a: Iron Hands|move: Protect\n|-damage|p2b: Bruxish|0 fnt\n|faint|p2b: Bruxish\n|\n|upkeep\n|\n|t:|1699741945\n|switch|p2b: Amoonguss|Amoonguss, L50, F|100\/100\n|turn|4\n|\n|t:|1699741962\n|move|p2b: Amoonguss|Rage Powder|p2b: Amoonguss\n|-singleturn|p2b: Amoonguss|move: Rage Powder\n|move|p1b: Iron Valiant|Hypnosis|p2b: Amoonguss\n|-status|p2b: Amoonguss|slp|[from] move: Hypnosis\n|move|p1a: Landorus|Sandsear Storm|p2b: Amoonguss|[spread] p2a,p2b\n|-supereffective|p2a: Iron Hands\n|-damage|p2a: Iron Hands|0 fnt\n|-damage|p2b: Amoonguss|32\/100 slp\n|faint|p2a: Iron Hands\n|-end|p2a: Iron Hands|Quark Drive|[silent]\n|\n|upkeep\n|\n|t:|1699741971\n|switch|p2a: Basculegion|Basculegion, L50, M|100\/100\n|turn|5\n|\n|t:|1699741984\n|move|p2a: Basculegion|Protect|p2a: Basculegion\n|-singleturn|p2a: Basculegion|Protect\n|move|p1b: Iron Valiant|Hypnosis|p2a: Basculegion\n|-activate|p2a: Basculegion|move: Protect\n|move|p1a: Landorus|Sandsear Storm|p2b: Amoonguss|[spread] p2b\n|-activate|p2a: Basculegion|move: Protect\n|-damage|p2b: Amoonguss|0 fnt\n|faint|p2b: Amoonguss\n|\n|-fieldend|move: Gravity\n|upkeep\n|turn|6\n|inactive|Mortivere has 30 seconds left.\n|\n|t:|1699742010\n|move|p2a: Basculegion|Aqua Jet|p1a: Landorus\n|-supereffective|p1a: Landorus\n|-damage|p1a: Landorus|41\/100\n|move|p1b: Iron Valiant|Icy Wind|p2a: Basculegion\n|-resisted|p2a: Basculegion\n|-damage|p2a: Basculegion|92\/100\n|move|p1a: Landorus|Substitute|p1a: Landorus\n|-start|p1a: Landorus|Substitute\n|-damage|p1a: Landorus|16\/100\n|\n|upkeep\n|turn|7\n|inactive|Mortivere has 30 seconds left.\n|\n|t:|1699742036\n|move|p1b: Iron Valiant|Moonblast|p2a: Basculegion\n|-damage|p2a: Basculegion|49\/100\n|move|p1a: Landorus|Sludge Bomb|p2a: Basculegion\n|-resisted|p2a: Basculegion\n|-damage|p2a: Basculegion|22\/100\n|move|p2a: Basculegion|Last Respects|p1b: Iron Valiant\n|-supereffective|p1b: Iron Valiant\n|-damage|p1b: Iron Valiant|0 fnt\n|faint|p1b: Iron Valiant\n|-end|p1b: Iron Valiant|Quark Drive|[silent]\n|\n|upkeep\n|\n|t:|1699742049\n|switch|p1b: Heatran|Heatran, L50, M|100\/100\n|turn|8\n|\n|t:|1699742056\n|move|p2a: Basculegion|Aqua Jet|p1b: Heatran\n|-supereffective|p1b: Heatran\n|-damage|p1b: Heatran|41\/100\n|move|p1b: Heatran|Earth Power|p2a: Basculegion\n|-damage|p2a: Basculegion|0 fnt\n|faint|p2a: Basculegion\n|\n|win|Mortivere\n|raw|Mortivere's rating: 1530 &rarr; <strong>1554<\/strong><br \/>(+24 for winning)\n|raw|enexis's rating: 1601 &rarr; <strong>1577<\/strong><br \/>(-24 for losing)\n","uploadtime":1699742070,"views":19,"p1id":"mortivere","p2id":"enexis","formatid":"gen9vgc2023regulatione","rating":1554,"private":0,"password":""}