{"id":"gen9vgc2023regulatione-1991885742","p1":"Luiz Red","p2":"magicalarcher57","format":"[Gen 9] VGC 2023 Regulation E","log":"|j|\u2606Luiz Red\n|j|\u2606magicalarcher57\n|t:|1700133614\n|gametype|doubles\n|player|p1|Luiz Red|clown|\n|player|p2|magicalarcher57|cynthia-gen4|\n|teamsize|p1|6\n|teamsize|p2|6\n|gen|9\n|tier|[Gen 9] VGC 2023 Regulation E\n|rated|Tournament battle\n|rule|Species Clause: Limit one of each Pok\u00e9mon\n|rule|Item Clause: Limit one of each item\n|clearpoke\n|poke|p1|Tyranitar, L50, M|\n|poke|p1|Houndstone, L50, M|\n|poke|p1|Gholdengo, L50|\n|poke|p1|Landorus-Therian, L50, M|\n|poke|p1|Cresselia, L50, F|\n|poke|p1|Gastrodon-East, L50, F|\n|poke|p2|Landorus-Therian, L50, M|\n|poke|p2|Tornadus, L50, M|\n|poke|p2|Rillaboom, L50, F|\n|poke|p2|Urshifu-*, L50, F|\n|poke|p2|Heatran, L50, M|\n|poke|p2|Basculegion, L50, M|\n|teampreview|4\n|showteam|p1|Tyranitar||FocusSash|SandStream|RockSlide,Crunch,DragonDance,Protect|||M|||50|,,,,,Ghost]Houndstone||SpellTag|SandRush|LastRespects,Howl,ShadowSneak,Protect|||M|||50|,,,,,Ghost]Gholdengo||SitrusBerry|GoodasGold|DazzlingGleam,MakeItRain,NastyPlot,ShadowBall||||||50|,,,,,Fairy]Landorus-Therian||AssaultVest|Intimidate|Uturn,Earthquake,StompingTantrum,RockSlide|||M|||50|,,,,,Rock]Cresselia||BrightPowder|Levitate|AllySwitch,LunarBlessing,IcyWind,DoubleTeam|||F|||50|,,,,,Dark]Gastrodon-East||Leftovers|StormDrain|Yawn,IceBeam,Protect,AcidArmor|||F|||50|,,,,,Fire\n|showteam|p2|Landorus-Therian||ChoiceScarf|Intimidate|StompingTantrum,TeraBlast,Uturn,RockSlide|||M|||50|,,,,,Flying]Tornadus||MentalHerb|Prankster|BleakwindStorm,Tailwind,Protect,Taunt|||M|||50|,,,,,Ghost]Rillaboom||AssaultVest|GrassySurge|GrassyGlide,WoodHammer,Uturn,FakeOut|||F|||50|,,,,,Fire]Urshifu-Rapid-Strike||FocusSash|UnseenFist|SurgingStrikes,AquaJet,IceSpinner,Detect|||F|||50|,,,,,Water]Heatran||AirBalloon|FlashFire|EarthPower,HeatWave,Protect,TeraBlast|||M|||50|,,,,,Grass]Basculegion||SpookyPlate|Adaptability|LastRespects,AquaJet,WaveCrash,Protect|||M|||50|,,,,,Dragon\n|\n|t:|1700133645\n|start\n|switch|p1a: Landorus|Landorus-Therian, L50, M|100\/100\n|switch|p1b: Tyranitar|Tyranitar, L50, M, shiny|100\/100\n|switch|p2a: Tornadus|Tornadus, L50, M|100\/100\n|switch|p2b: Rillaboom|Rillaboom, L50, F|100\/100\n|-ability|p1a: Landorus|Intimidate|boost\n|-unboost|p2a: Tornadus|atk|1\n|-unboost|p2b: Rillaboom|atk|1\n|-fieldstart|move: Grassy Terrain|[from] ability: Grassy Surge|[of] p2b: Rillaboom\n|-weather|Sandstorm|[from] ability: Sand Stream|[of] p1b: Tyranitar\n|turn|1\n|\n|t:|1700133665\n|switch|p1a: Gholdengo|Gholdengo, L50, shiny|100\/100\n|move|p2b: Rillaboom|Fake Out|p1a: Gholdengo\n|-immune|p1a: Gholdengo\n|move|p2a: Tornadus|Tailwind|p2a: Tornadus\n|-sidestart|p2: magicalarcher57|move: Tailwind\n|move|p1b: Tyranitar|Dragon Dance|p1b: Tyranitar\n|-boost|p1b: Tyranitar|atk|1\n|-boost|p1b: Tyranitar|spe|1\n|\n|-weather|Sandstorm|[upkeep]\n|-damage|p2a: Tornadus|95\/100|[from] Sandstorm\n|-damage|p2b: Rillaboom|95\/100|[from] Sandstorm\n|-heal|p2b: Rillaboom|100\/100|[from] Grassy Terrain\n|upkeep\n|turn|2\n|\n|t:|1700133689\n|move|p2a: Tornadus|Bleakwind Storm|p1b: Tyranitar|[spread] p1a\n|-miss|p2a: Tornadus|p1b: Tyranitar\n|-resisted|p1a: Gholdengo\n|-damage|p1a: Gholdengo|86\/100\n|move|p2b: Rillaboom|Wood Hammer|p1b: Tyranitar\n|-supereffective|p1b: Tyranitar\n|-damage|p1b: Tyranitar|8\/100\n|-damage|p2b: Rillaboom|70\/100|[from] Recoil\n|move|p1b: Tyranitar|Dragon Dance|p1b: Tyranitar\n|-boost|p1b: Tyranitar|atk|1\n|-boost|p1b: Tyranitar|spe|1\n|move|p1a: Gholdengo|Nasty Plot|p1a: Gholdengo\n|-boost|p1a: Gholdengo|spa|2\n|\n|-weather|Sandstorm|[upkeep]\n|-damage|p2a: Tornadus|89\/100|[from] Sandstorm\n|-damage|p2b: Rillaboom|64\/100|[from] Sandstorm\n|-heal|p2b: Rillaboom|70\/100|[from] Grassy Terrain\n|-heal|p1b: Tyranitar|14\/100|[from] Grassy Terrain\n|-heal|p1a: Gholdengo|93\/100|[from] Grassy Terrain\n|upkeep\n|turn|3\n|\n|t:|1700133716\n|move|p1b: Tyranitar|Protect|p1b: Tyranitar\n|-singleturn|p1b: Tyranitar|Protect\n|move|p2b: Rillaboom|Grassy Glide|p1b: Tyranitar\n|-activate|p1b: Tyranitar|move: Protect\n|move|p2a: Tornadus|Bleakwind Storm|p1b: Tyranitar|[spread] p1a\n|-activate|p1b: Tyranitar|move: Protect\n|-resisted|p1a: Gholdengo\n|-damage|p1a: Gholdengo|80\/100\n|move|p1a: Gholdengo|Make It Rain|p2b: Rillaboom|[spread] p2a,p2b\n|-damage|p2a: Tornadus|0 fnt\n|-damage|p2b: Rillaboom|0 fnt\n|-unboost|p1a: Gholdengo|spa|1\n|faint|p2a: Tornadus\n|faint|p2b: Rillaboom\n|\n|-weather|Sandstorm|[upkeep]\n|-heal|p1b: Tyranitar|19\/100|[from] Grassy Terrain\n|-heal|p1a: Gholdengo|86\/100|[from] Grassy Terrain\n|upkeep\n|\n|t:|1700133719\n|switch|p2a: Heatran|Heatran, L50, M|100\/100\n|switch|p2b: Basculegion|Basculegion, L50, M|100\/100\n|-item|p2a: Heatran|Air Balloon\n|turn|4\n|\n|t:|1700133781\n|switch|p1b: Gastrodon|Gastrodon-East, L50, F|100\/100\n|-terastallize|p2b: Basculegion|Dragon\n|-terastallize|p1a: Gholdengo|Fairy\n|move|p2b: Basculegion|Last Respects|p1a: Gholdengo\n|-damage|p1a: Gholdengo|4\/100\n|-enditem|p1a: Gholdengo|Sitrus Berry|[eat]\n|-heal|p1a: Gholdengo|29\/100|[from] item: Sitrus Berry\n|move|p2a: Heatran|Heat Wave|p1b: Gastrodon|[spread] p1a,p1b\n|-resisted|p1b: Gastrodon\n|-damage|p1a: Gholdengo|0 fnt\n|-damage|p1b: Gastrodon|85\/100\n|faint|p1a: Gholdengo\n|\n|-weather|Sandstorm|[upkeep]\n|-damage|p2b: Basculegion|94\/100|[from] Sandstorm\n|-heal|p2b: Basculegion|100\/100|[from] Grassy Terrain\n|-heal|p1b: Gastrodon|91\/100|[from] Grassy Terrain\n|-heal|p1b: Gastrodon|97\/100|[from] item: Leftovers\n|-sideend|p2: magicalarcher57|move: Tailwind\n|upkeep\n|\n|t:|1700133802\n|switch|p1a: Landorus|Landorus-Therian, L50, M|100\/100\n|-ability|p1a: Landorus|Intimidate|boost\n|-unboost|p2a: Heatran|atk|1\n|-unboost|p2b: Basculegion|atk|1\n|turn|5\n|\n|t:|1700133824\n|move|p1a: Landorus|Rock Slide|p2b: Basculegion|[spread] p2a\n|-miss|p1a: Landorus|p2b: Basculegion\n|-damage|p2a: Heatran|82\/100\n|-enditem|p2a: Heatran|Air Balloon\n|move|p2b: Basculegion|Last Respects|p1a: Landorus\n|-crit|p1a: Landorus\n|-damage|p1a: Landorus|0 fnt\n|faint|p1a: Landorus\n|cant|p2a: Heatran|flinch\n|move|p1b: Gastrodon|Yawn|p2a: Heatran\n|-start|p2a: Heatran|move: Yawn|[of] p1b: Gastrodon\n|\n|-weather|none\n|-heal|p2a: Heatran|88\/100|[from] Grassy Terrain\n|-heal|p1b: Gastrodon|100\/100|[from] Grassy Terrain\n|-fieldend|move: Grassy Terrain\n|upkeep\n|\n|t:|1700133839\n|switch|p1a: Tyranitar|Tyranitar, L50, M, shiny|19\/100\n|-weather|Sandstorm|[from] ability: Sand Stream|[of] p1a: Tyranitar\n|turn|6\n|\n|t:|1700133847\n|move|p1a: Tyranitar|Dragon Dance|p1a: Tyranitar\n|-boost|p1a: Tyranitar|atk|1\n|-boost|p1a: Tyranitar|spe|1\n|move|p2b: Basculegion|Last Respects|p1b: Gastrodon\n|-damage|p1b: Gastrodon|42\/100\n|move|p2a: Heatran|Heat Wave|p1a: Tyranitar|[spread] p1a,p1b\n|-resisted|p1a: Tyranitar\n|-resisted|p1b: Gastrodon\n|-damage|p1a: Tyranitar|8\/100\n|-damage|p1b: Gastrodon|26\/100\n|move|p1b: Gastrodon|Ice Beam|p2b: Basculegion\n|-supereffective|p2b: Basculegion\n|-damage|p2b: Basculegion|60\/100\n|-status|p2b: Basculegion|frz\n|\n|-weather|Sandstorm|[upkeep]\n|-damage|p2b: Basculegion|54\/100 frz|[from] Sandstorm\n|-heal|p1b: Gastrodon|33\/100|[from] item: Leftovers\n|-end|p2a: Heatran|move: Yawn|[silent]\n|-status|p2a: Heatran|slp\n|upkeep\n|turn|7\n|\n|t:|1700133889\n|cant|p2b: Basculegion|frz\n|move|p1a: Tyranitar|Crunch|p2b: Basculegion\n|-damage|p2b: Basculegion|0 fnt\n|faint|p2b: Basculegion\n|cant|p2a: Heatran|slp\n|move|p1b: Gastrodon|Ice Beam|p2a: Heatran\n|-resisted|p2a: Heatran\n|-damage|p2a: Heatran|84\/100 slp\n|\n|-weather|Sandstorm|[upkeep]\n|-heal|p1b: Gastrodon|39\/100|[from] item: Leftovers\n|upkeep\n|turn|8\n|\n|t:|1700133908\n|cant|p2a: Heatran|slp\n|move|p1a: Tyranitar|Dragon Dance|p1a: Tyranitar\n|-boost|p1a: Tyranitar|atk|1\n|-boost|p1a: Tyranitar|spe|1\n|move|p1b: Gastrodon|Ice Beam|p2a: Heatran\n|-resisted|p2a: Heatran\n|-damage|p2a: Heatran|80\/100 slp\n|\n|-weather|Sandstorm|[upkeep]\n|-heal|p1b: Gastrodon|45\/100|[from] item: Leftovers\n|upkeep\n|turn|9\n|\n|t:|1700133921\n|move|p1a: Tyranitar|Crunch|p2a: Heatran\n|-damage|p2a: Heatran|2\/100 slp\n|cant|p2a: Heatran|slp\n|move|p1b: Gastrodon|Ice Beam|p2a: Heatran\n|-resisted|p2a: Heatran\n|-damage|p2a: Heatran|0 fnt\n|faint|p2a: Heatran\n|\n|win|Luiz Red\n|n|\u2606Luiz Red|luizred\n|n|\u2606magicalarcher57|magicalarcher57\n|c|\u2606magicalarcher57|gg\n|l|\u2606magicalarcher57\n|c|\u2606Luiz Red|gg\n","uploadtime":1700133973,"views":22,"p1id":"luizred","p2id":"magicalarcher57","formatid":"gen9vgc2023regulatione","rating":0,"private":0,"password":""}