{"id":"gen9vgc2023regulatione-1999769148","p1":"Clllouuudddddd","p2":"Flurrage","format":"[Gen 9] VGC 2023 Regulation E","log":"|j|\u2606Clllouuudddddd\n|j|\u2606Flurrage\n|t:|1701115013\n|gametype|doubles\n|player|p1|Clllouuudddddd|169|1481\n|player|p2|Flurrage|caitlin|1471\n|teamsize|p1|6\n|teamsize|p2|6\n|gen|9\n|tier|[Gen 9] VGC 2023 Regulation E\n|rated|\n|rule|Species Clause: Limit one of each Pok\u00e9mon\n|rule|Item Clause: Limit one of each item\n|clearpoke\n|poke|p1|Tatsugiri, L50, M|\n|poke|p1|Arcanine-Hisui, L50, F|\n|poke|p1|Amoonguss, L50, M|\n|poke|p1|Chien-Pao, L50|\n|poke|p1|Regieleki, L50|\n|poke|p1|Mimikyu, L50, F|\n|poke|p2|Grimmsnarl, L50, M|\n|poke|p2|Lurantis, L50, M|\n|poke|p2|Cresselia, L50, F|\n|poke|p2|Iron Hands, L50|\n|poke|p2|Sinistcha, L50|\n|poke|p2|Ursaluna-Bloodmoon, L50, M|\n|teampreview|4\nFlurrage has agreed to open team sheets.\n|inactive|Battle timer is ON: inactive players will automatically lose when time's up. (requested by Clllouuudddddd)\n|inactive|Clllouuudddddd has 60 seconds left.\n|\n|t:|1701115101\n|start\n|switch|p1a: Mimikyu|Mimikyu, L50, F|100\/100\n|switch|p1b: Chien-Pao|Chien-Pao, L50|100\/100\n|switch|p2a: Grimmsnarl|Grimmsnarl, L50, M|100\/100\n|switch|p2b: Lurantis|Lurantis, L50, M|100\/100\n|-ability|p1b: Chien-Pao|Sword of Ruin\n|turn|1\n|j| Braindeadmeta\n|\n|t:|1701115122\n|-terastallize|p2b: Lurantis|Fire\n|move|p2a: Grimmsnarl|Reflect|p2a: Grimmsnarl\n|-sidestart|p2: Flurrage|Reflect\n|move|p1b: Chien-Pao|Ice Spinner|p2b: Lurantis\n|-resisted|p2b: Lurantis\n|-damage|p2b: Lurantis|81\/100\n|move|p1a: Mimikyu|Play Rough|p2a: Grimmsnarl\n|-supereffective|p2a: Grimmsnarl\n|-damage|p2a: Grimmsnarl|22\/100\n|-unboost|p2a: Grimmsnarl|atk|1\n|-damage|p1a: Mimikyu|91\/100|[from] item: Life Orb\n|move|p2b: Lurantis|Superpower|p1b: Chien-Pao\n|-supereffective|p1b: Chien-Pao\n|-enditem|p1b: Chien-Pao|Focus Sash\n|-damage|p1b: Chien-Pao|1\/100\n|-boost|p2b: Lurantis|atk|1\n|-boost|p2b: Lurantis|def|1\n|\n|upkeep\n|turn|2\n|inactive|Clllouuudddddd has 30 seconds left.\n|\n|t:|1701115150\n|move|p1b: Chien-Pao|Protect|p1b: Chien-Pao\n|-singleturn|p1b: Chien-Pao|Protect\n|move|p1a: Mimikyu|Shadow Sneak|p2b: Lurantis\n|-damage|p2b: Lurantis|64\/100\n|-damage|p1a: Mimikyu|82\/100|[from] item: Life Orb\n|move|p2a: Grimmsnarl|Fake Tears|p2b: Lurantis\n|-boost|p2b: Lurantis|spd|2\n|move|p2b: Lurantis|Knock Off|p1a: Mimikyu\n|-activate|p1a: Mimikyu|ability: Disguise\n|-damage|p1a: Mimikyu|82\/100\n|-enditem|p1a: Mimikyu|Life Orb|[from] move: Knock Off|[of] p2b: Lurantis\n|detailschange|p1a: Mimikyu|Mimikyu-Busted, L50, F\n|-damage|p1a: Mimikyu|70\/100|[from] pokemon: Mimikyu-Busted\n|\n|upkeep\n|turn|3\n|inactive|Clllouuudddddd has 30 seconds left.\n|\n|t:|1701115175\n|move|p1b: Chien-Pao|Sucker Punch|p2b: Lurantis\n|-damage|p2b: Lurantis|41\/100\n|-enditem|p2b: Lurantis|Sitrus Berry|[eat]\n|-heal|p2b: Lurantis|66\/100|[from] item: Sitrus Berry\n|move|p2a: Grimmsnarl|Parting Shot|p2b: Lurantis\n|-boost|p2b: Lurantis|atk|1\n|-boost|p2b: Lurantis|spa|1\n|\n|t:|1701115182\n|switch|p2a: Sinistcha|Sinistcha, L50|100\/100|[from] Parting Shot\n|-heal|p2b: Lurantis|91\/100|[from] ability: Hospitality|[of] p2a: Sinistcha\n|move|p2b: Lurantis|Superpower|p1b: Chien-Pao\n|-supereffective|p1b: Chien-Pao\n|-damage|p1b: Chien-Pao|0 fnt\n|-boost|p2b: Lurantis|atk|1\n|-boost|p2b: Lurantis|def|1\n|faint|p1b: Chien-Pao\n|move|p1a: Mimikyu|Trick Room|p1a: Mimikyu\n|-fieldstart|move: Trick Room|[of] p1a: Mimikyu\n|\n|upkeep\n|\n|t:|1701115189\n|switch|p1b: Amoonguss|Amoonguss, L50, M|100\/100\n|turn|4\n|\n|t:|1701115202\n|switch|p2a: Cresselia|Cresselia, L50, F|100\/100\n|move|p2b: Lurantis|Protect|p2b: Lurantis\n|-singleturn|p2b: Lurantis|Protect\n|move|p1a: Mimikyu|Shadow Sneak|p2a: Cresselia\n|-supereffective|p2a: Cresselia\n|-damage|p2a: Cresselia|86\/100\n|move|p1b: Amoonguss|Spore|p2b: Lurantis\n|-activate|p2b: Lurantis|move: Protect\n|\n|upkeep\n|turn|5\n|\n|t:|1701115222\n|move|p1b: Amoonguss|Spore|p2b: Lurantis\n|-status|p2b: Lurantis|slp|[from] move: Spore\n|cant|p2b: Lurantis|slp\n|move|p2a: Cresselia|Lunar Blessing|p2a: Cresselia|[spread] p2a,p2b\n|-heal|p2a: Cresselia|100\/100\n|-heal|p2b: Lurantis|100\/100 slp\n|-curestatus|p2b: Lurantis|slp|[msg]\n|move|p1a: Mimikyu|Trick Room|p1a: Mimikyu\n|-fieldend|move: Trick Room\n|\n|upkeep\n|turn|6\n|inactive|Flurrage has 30 seconds left.\n|\n|t:|1701115249\n|move|p2a: Cresselia|Moonblast|p1a: Mimikyu\n|-damage|p1a: Mimikyu|52\/100\n|-unboost|p1a: Mimikyu|spa|1\n|move|p2b: Lurantis|Knock Off|p1b: Amoonguss\n|-damage|p1b: Amoonguss|35\/100\n|-enditem|p1b: Amoonguss|Aguav Berry|[from] move: Knock Off|[of] p2b: Lurantis\n|move|p1b: Amoonguss|Spore|p2a: Cresselia\n|-activate|p2a: Cresselia|item: Safety Goggles|Spore\n|move|p1a: Mimikyu|Trick Room|p1a: Mimikyu\n|-fieldstart|move: Trick Room|[of] p1a: Mimikyu\n|\n|upkeep\n|turn|7\n|\n|t:|1701115270\n|move|p1b: Amoonguss|Protect|p1b: Amoonguss\n|-singleturn|p1b: Amoonguss|Protect\n|move|p2b: Lurantis|Protect|p2b: Lurantis\n|-singleturn|p2b: Lurantis|Protect\n|move|p1a: Mimikyu|Shadow Sneak|p2a: Cresselia\n|-supereffective|p2a: Cresselia\n|-damage|p2a: Cresselia|86\/100\n|move|p2a: Cresselia|Trick Room|p2a: Cresselia\n|-fieldend|move: Trick Room\n|\n|upkeep\n|turn|8\n|\n|t:|1701115283\n|move|p2a: Cresselia|Moonblast|p1b: Amoonguss\n|-resisted|p1b: Amoonguss\n|-damage|p1b: Amoonguss|26\/100\n|move|p2b: Lurantis|Superpower|p1b: Amoonguss\n|-resisted|p1b: Amoonguss\n|-damage|p1b: Amoonguss|0 fnt\n|-boost|p2b: Lurantis|atk|1\n|-boost|p2b: Lurantis|def|1\n|faint|p1b: Amoonguss\n|move|p1a: Mimikyu|Trick Room|p1a: Mimikyu\n|-fieldstart|move: Trick Room|[of] p1a: Mimikyu\n|\n|-sideend|p2: Flurrage|Reflect\n|upkeep\n|\n|t:|1701115289\n|switch|p1b: Arcanine|Arcanine-Hisui, L50, F|100\/100\n|-ability|p1b: Arcanine|Intimidate|boost\n|-unboost|p2a: Cresselia|atk|1\n|-boost|p2b: Lurantis|atk|1\n|turn|9\n|\n|t:|1701115308\n|-terastallize|p1b: Arcanine|Fairy\n|move|p1a: Mimikyu|Shadow Sneak|p2b: Lurantis\n|-damage|p2b: Lurantis|92\/100\n|move|p2b: Lurantis|Leaf Blade|p1b: Arcanine\n|-damage|p1b: Arcanine|0 fnt\n|faint|p1b: Arcanine\n|move|p2a: Cresselia|Moonblast|p1a: Mimikyu\n|-damage|p1a: Mimikyu|33\/100\n|\n|upkeep\n|turn|10\n|\n|t:|1701115326\n|move|p1a: Mimikyu|Shadow Sneak|p2a: Cresselia\n|-supereffective|p2a: Cresselia\n|-damage|p2a: Cresselia|62\/100\n|move|p2b: Lurantis|Leaf Blade|p1a: Mimikyu\n|-damage|p1a: Mimikyu|0 fnt\n|faint|p1a: Mimikyu\n|\n|win|Flurrage\n|raw|Clllouuudddddd's rating: 1481 &rarr; <strong>1460<\/strong><br \/>(-21 for losing)\n|raw|Flurrage's rating: 1471 &rarr; <strong>1492<\/strong><br \/>(+21 for winning)\n|c|\u2606Clllouuudddddd|hax bo1 strat lol deny sheets for a rzn eh lol\n|l|\u2606Clllouuudddddd\n|l| Braindeadmeta\n|l|\u2606Flurrage\n|j|\u2606Flurrage\n|player|p2|Flurrage|caitlin\n","uploadtime":1701115473,"views":4,"p1id":"clllouuudddddd","p2id":"flurrage","formatid":"gen9vgc2023regulatione","rating":1460,"private":0,"password":""}