{"id":"gen9vgc2023regulatione-1989884552","p1":"TrainerDylan24","p2":"TheGodGame","format":"[Gen 9] VGC 2023 Regulation E","log":"|j|\u2606TrainerDylan24\n|j|\u2606TheGodGame\n|t:|1699903777\n|gametype|doubles\n|player|p1|TrainerDylan24|swimmerf|1110\n|player|p2|TheGodGame|101|1138\n|teamsize|p1|6\n|teamsize|p2|6\n|gen|9\n|tier|[Gen 9] VGC 2023 Regulation E\n|rated|\n|rule|Species Clause: Limit one of each Pok\u00e9mon\n|rule|Item Clause: Limit one of each item\n|clearpoke\n|poke|p1|Maushold-Four, L50|\n|poke|p1|Politoed, L50, F|\n|poke|p1|Kilowattrel, L50, M|\n|poke|p1|Rillaboom, L50, M|\n|poke|p1|Forretress, L50, F|\n|poke|p1|Iron Bundle, L50|\n|poke|p2|Cresselia, L50, F|\n|poke|p2|Oranguru, L50, M|\n|poke|p2|Iron Hands, L50|\n|poke|p2|Ursaluna-Bloodmoon, L50, M|\n|poke|p2|Trevenant, L50, M|\n|poke|p2|Torkoal, L50, F|\n|teampreview|4\n|\n|t:|1699903799\n|start\n|switch|p1a: Rillaboom|Rillaboom, L50, M|100\/100\n|switch|p1b: Forretress|Forretress, L50, F|100\/100\n|switch|p2a: Iron Hands|Iron Hands, L50|100\/100\n|switch|p2b: Trevenant|Trevenant, L50, M|100\/100\n|-fieldstart|move: Grassy Terrain|[from] ability: Grassy Surge|[of] p1a: Rillaboom\n|turn|1\n|\n|t:|1699903825\n|move|p1a: Rillaboom|Fake Out|p2a: Iron Hands\n|-damage|p2a: Iron Hands|92\/100\n|cant|p2a: Iron Hands|flinch\n|move|p1b: Forretress|Iron Defense|p1b: Forretress\n|-boost|p1b: Forretress|def|2\n|move|p2b: Trevenant|Trick Room|p2b: Trevenant\n|-fieldstart|move: Trick Room|[of] p2b: Trevenant\n|\n|-heal|p2a: Iron Hands|98\/100|[from] Grassy Terrain\n|upkeep\n|turn|2\n|j| Uva247\n|\n|t:|1699903841\n|move|p2a: Iron Hands|Drain Punch|p1b: Forretress\n|-damage|p1b: Forretress|83\/100\n|-heal|p2a: Iron Hands|100\/100|[from] drain|[of] p1b: Forretress\n|move|p2b: Trevenant|Will-O-Wisp|p1a: Rillaboom\n|-status|p1a: Rillaboom|brn\n|move|p1b: Forretress|Iron Defense|p1b: Forretress\n|-boost|p1b: Forretress|def|2\n|move|p1a: Rillaboom|High Horsepower|p2a: Iron Hands\n|-supereffective|p2a: Iron Hands\n|-damage|p2a: Iron Hands|79\/100\n|\n|-heal|p2a: Iron Hands|85\/100|[from] Grassy Terrain\n|-heal|p1b: Forretress|89\/100|[from] Grassy Terrain\n|-heal|p1b: Forretress|95\/100|[from] item: Leftovers\n|-damage|p1a: Rillaboom|94\/100 brn|[from] brn\n|upkeep\n|turn|3\n|\n|t:|1699903869\n|-end|p2a: Iron Hands|Quark Drive|[silent]\n|switch|p2a: Torkoal|Torkoal, L50, F|100\/100\n|-weather|SunnyDay|[from] ability: Drought|[of] p2a: Torkoal\n|move|p2b: Trevenant|Poltergeist|p1b: Forretress\n|-activate|p1b: Forretress|move: Poltergeist|Leftovers\n|-damage|p1b: Forretress|84\/100\n|move|p1b: Forretress|Iron Defense|p1b: Forretress\n|-boost|p1b: Forretress|def|2\n|move|p1a: Rillaboom|High Horsepower|p2a: Torkoal\n|-supereffective|p2a: Torkoal\n|-damage|p2a: Torkoal|77\/100\n|\n|-weather|SunnyDay|[upkeep]\n|-heal|p2a: Torkoal|83\/100|[from] Grassy Terrain\n|-heal|p1b: Forretress|90\/100|[from] Grassy Terrain\n|-heal|p1b: Forretress|96\/100|[from] item: Leftovers\n|-heal|p1a: Rillaboom|100\/100 brn|[from] Grassy Terrain\n|-damage|p1a: Rillaboom|94\/100 brn|[from] brn\n|upkeep\n|turn|4\n|\n|t:|1699903890\n|switch|p1a: Politoed|Politoed, L50, F|100\/100\n|-weather|RainDance|[from] ability: Drizzle|[of] p1a: Politoed\n|-terastallize|p2a: Torkoal|Fire\n|-terastallize|p1b: Forretress|Fighting\n|move|p2a: Torkoal|Eruption|p1b: Forretress|[spread] p1a,p1b\n|-resisted|p1a: Politoed\n|-damage|p1a: Politoed|85\/100\n|-damage|p1b: Forretress|40\/100\n|move|p2b: Trevenant|Poltergeist|p1a: Politoed|[miss]\n|-miss|p2b: Trevenant|p1a: Politoed\n|move|p1b: Forretress|Body Press|p2a: Torkoal\n|-damage|p2a: Torkoal|0 fnt\n|faint|p2a: Torkoal\n|\n|-weather|RainDance|[upkeep]\n|-heal|p1b: Forretress|46\/100|[from] Grassy Terrain\n|-heal|p1b: Forretress|52\/100|[from] item: Leftovers\n|-heal|p1a: Politoed|91\/100|[from] Grassy Terrain\n|upkeep\n|\n|t:|1699903897\n|switch|p2a: Oranguru|Oranguru, L50, M|100\/100\n|turn|5\n|\n|t:|1699903920\n|switch|p1a: Rillaboom|Rillaboom, L50, M|94\/100 brn\n|move|p2b: Trevenant|Horn Leech|p1a: Rillaboom\n|-resisted|p1a: Rillaboom\n|-damage|p1a: Rillaboom|74\/100 brn\n|move|p2a: Oranguru|Psychic|p1a: Rillaboom\n|-damage|p1a: Rillaboom|35\/100 brn\n|move|p1b: Forretress|Body Press|p2a: Oranguru\n|-damage|p2a: Oranguru|0 fnt\n|faint|p2a: Oranguru\n|\n|-weather|RainDance|[upkeep]\n|-heal|p1b: Forretress|58\/100|[from] Grassy Terrain\n|-heal|p1b: Forretress|64\/100|[from] item: Leftovers\n|-heal|p1a: Rillaboom|41\/100 brn|[from] Grassy Terrain\n|-damage|p1a: Rillaboom|35\/100 brn|[from] brn\n|-fieldend|move: Trick Room\n|-fieldend|move: Grassy Terrain\n|upkeep\n|\n|t:|1699903928\n|switch|p2a: Iron Hands|Iron Hands, L50|85\/100\n|turn|6\n|\n|t:|1699903942\n|move|p1a: Rillaboom|Fake Out|p2a: Iron Hands\n|-damage|p2a: Iron Hands|80\/100\n|move|p1b: Forretress|Body Press|p2a: Iron Hands\n|-damage|p2a: Iron Hands|0 fnt\n|faint|p2a: Iron Hands\n|-end|p2a: Iron Hands|Quark Drive|[silent]\n|move|p2b: Trevenant|Poltergeist|p1a: Rillaboom\n|-activate|p1a: Rillaboom|move: Poltergeist|Miracle Seed\n|-damage|p1a: Rillaboom|0 fnt\n|faint|p1a: Rillaboom\n|\n|-weather|RainDance|[upkeep]\n|-heal|p1b: Forretress|70\/100|[from] item: Leftovers\n|upkeep\n|\n|t:|1699903953\n|switch|p1a: Politoed|Politoed, L50, F|91\/100\n|turn|7\n|\n|t:|1699903960\n|move|p1a: Politoed|Icy Wind|p2b: Trevenant\n|-supereffective|p2b: Trevenant\n|-damage|p2b: Trevenant|62\/100\n|-unboost|p2b: Trevenant|spe|1\n|-damage|p1a: Politoed|81\/100|[from] item: Life Orb\n|move|p1b: Forretress|Iron Head|p2b: Trevenant\n|-damage|p2b: Trevenant|26\/100\n|-enditem|p2b: Trevenant|Sitrus Berry|[eat]\n|-heal|p2b: Trevenant|51\/100|[from] item: Sitrus Berry\n|move|p2b: Trevenant|Horn Leech|p1a: Politoed\n|-supereffective|p1a: Politoed\n|-damage|p1a: Politoed|21\/100\n|-heal|p2b: Trevenant|78\/100|[from] drain|[of] p1a: Politoed\n|\n|-weather|RainDance|[upkeep]\n|-heal|p1b: Forretress|76\/100|[from] item: Leftovers\n|upkeep\n|turn|8\n|\n|t:|1699903971\n|move|p1a: Politoed|Icy Wind|p2b: Trevenant\n|-supereffective|p2b: Trevenant\n|-damage|p2b: Trevenant|42\/100\n|-unboost|p2b: Trevenant|spe|1\n|-damage|p1a: Politoed|11\/100|[from] item: Life Orb\n|move|p1b: Forretress|Iron Head|p2b: Trevenant\n|-damage|p2b: Trevenant|5\/100\n|move|p2b: Trevenant|Horn Leech|p1a: Politoed\n|-supereffective|p1a: Politoed\n|-damage|p1a: Politoed|0 fnt\n|-heal|p2b: Trevenant|10\/100|[from] drain|[of] p1a: Politoed\n|faint|p1a: Politoed\n|\n|-weather|none\n|-heal|p1b: Forretress|82\/100|[from] item: Leftovers\n|upkeep\n|c|\u2606TheGodGame|and now?\n|\n|t:|1699903987\n|switch|p1a: Iron Bundle|Iron Bundle, L50|100\/100\n|-enditem|p1a: Iron Bundle|Booster Energy\n|-activate|p1a: Iron Bundle|ability: Quark Drive|[fromitem]\n|-start|p1a: Iron Bundle|quarkdrivespe\n|turn|9\n|\n|t:|1699903995\n|move|p1a: Iron Bundle|Icy Wind|p2b: Trevenant\n|-supereffective|p2b: Trevenant\n|-damage|p2b: Trevenant|0 fnt\n|faint|p2b: Trevenant\n|\n|win|TrainerDylan24\n|raw|TrainerDylan24's rating: 1110 &rarr; <strong>1137<\/strong><br \/>(+27 for winning)\n|raw|TheGodGame's rating: 1138 &rarr; <strong>1111<\/strong><br \/>(-27 for losing)\n|l|\u2606TheGodGame\n","uploadtime":1699904002,"views":9,"p1id":"trainerdylan24","p2id":"thegodgame","formatid":"gen9vgc2023regulatione","rating":1111,"private":0,"password":""}