{"id":"gen9vgc2023regulatione-1998939650","p1":"Astano","p2":"GhostPepperLasagna","format":"[Gen 9] VGC 2023 Regulation E","log":"|j|\u2606Astano\n|j|\u2606GhostPepperLasagna\n|t:|1701015562\n|gametype|doubles\n|player|p1|Astano|cynthia-masters3|1062\n|player|p2|GhostPepperLasagna|169|1101\n|teamsize|p1|6\n|teamsize|p2|6\n|gen|9\n|tier|[Gen 9] VGC 2023 Regulation E\n|rated|\n|rule|Species Clause: Limit one of each Pok\u00e9mon\n|rule|Item Clause: Limit one of each item\n|clearpoke\n|poke|p1|Ogerpon-Wellspring, L50, F|\n|poke|p1|Chi-Yu, L50|\n|poke|p1|Iron Hands, L50|\n|poke|p1|Landorus-Therian, L50, M|\n|poke|p1|Chien-Pao, L50|\n|poke|p1|Flutter Mane, L50|\n|poke|p2|Volbeat, L50, M|\n|poke|p2|Chi-Yu, L50|\n|poke|p2|Clefairy, L50, F|\n|poke|p2|Sinistcha-Masterpiece, L50|\n|poke|p2|Iron Bundle, L50|\n|poke|p2|Gallade, L50, M|\n|teampreview|4\nAstano has agreed to open team sheets.\n|\n|t:|1701015597\n|start\n|switch|p1a: Chi-Yu|Chi-Yu, L50|100\/100\n|switch|p1b: Ogerpon|Ogerpon-Wellspring, L50, F|100\/100\n|switch|p2a: Chi-Yu|Chi-Yu, L50|100\/100\n|switch|p2b: Iron Bundle|Iron Bundle, L50|100\/100\n|-ability|p2a: Chi-Yu|Beads of Ruin\n|-ability|p1a: Chi-Yu|Beads of Ruin\n|-enditem|p2b: Iron Bundle|Booster Energy\n|-activate|p2b: Iron Bundle|ability: Quark Drive|[fromitem]\n|-start|p2b: Iron Bundle|quarkdrivespe\n|turn|1\n|inactive|Battle timer is ON: inactive players will automatically lose when time's up. (requested by Astano)\n|\n|t:|1701015626\n|move|p1b: Ogerpon|Spiky Shield|p1b: Ogerpon\n|-singleturn|p1b: Ogerpon|move: Protect\n|move|p2b: Iron Bundle|Hydro Pump|p1a: Chi-Yu\n|-supereffective|p1a: Chi-Yu\n|-damage|p1a: Chi-Yu|0 fnt\n|faint|p1a: Chi-Yu\n|move|p2a: Chi-Yu|Heat Wave|p1b: Ogerpon\n|-activate|p1b: Ogerpon|move: Protect\n|\n|upkeep\n|\n|t:|1701015634\n|switch|p1a: Iron Hands|Iron Hands, L50|100\/100\n|turn|2\n|\n|t:|1701015641\n|-terastallize|p1b: Ogerpon|Water\n|detailschange|p1b: Ogerpon|Ogerpon-Wellspring-Tera, L50, F, tera:Water\n|-ability|p1b: Ogerpon|Embody Aspect (Wellspring)|boost\n|-boost|p1b: Ogerpon|spd|1\n|move|p1a: Iron Hands|Fake Out|p2b: Iron Bundle\n|-damage|p2b: Iron Bundle|80\/100\n|cant|p2b: Iron Bundle|flinch\n|move|p2a: Chi-Yu|Heat Wave|p1b: Ogerpon|[spread] p1a,p1b\n|-resisted|p1b: Ogerpon\n|-crit|p1b: Ogerpon\n|-damage|p1a: Iron Hands|74\/100\n|-damage|p1b: Ogerpon|64\/100\n|move|p1b: Ogerpon|Ivy Cudgel|p2a: Chi-Yu|[anim] Ivy Cudgel Water\n|-supereffective|p2a: Chi-Yu\n|-damage|p2a: Chi-Yu|0 fnt\n|faint|p2a: Chi-Yu\n|\n|upkeep\n|\n|t:|1701015658\n|switch|p2a: Clefairy|Clefairy, L50, F|100\/100\n|turn|3\n|\n|t:|1701015666\n|move|p2a: Clefairy|Follow Me|p2a: Clefairy\n|-singleturn|p2a: Clefairy|move: Follow Me\n|move|p2b: Iron Bundle|Freeze-Dry|p1b: Ogerpon\n|-supereffective|p1b: Ogerpon\n|-damage|p1b: Ogerpon|22\/100\n|move|p1b: Ogerpon|Ivy Cudgel|p2a: Clefairy|[anim] Ivy Cudgel Water\n|-damage|p2a: Clefairy|15\/100\n|move|p1a: Iron Hands|Drain Punch|p2a: Clefairy\n|-resisted|p2a: Clefairy\n|-damage|p2a: Clefairy|0 fnt\n|-heal|p1a: Iron Hands|80\/100|[from] drain|[of] p2a: Clefairy\n|faint|p2a: Clefairy\n|\n|upkeep\n|\n|t:|1701015679\n|switch|p2a: Gallade|Gallade, L50, M|100\/100\n|turn|4\n|\n|t:|1701015687\n|move|p1b: Ogerpon|Spiky Shield|p1b: Ogerpon\n|-singleturn|p1b: Ogerpon|move: Protect\n|move|p2b: Iron Bundle|Freeze-Dry|p1b: Ogerpon\n|-activate|p1b: Ogerpon|move: Protect\n|move|p2a: Gallade|Psycho Cut|p1a: Iron Hands\n|-supereffective|p1a: Iron Hands\n|-damage|p1a: Iron Hands|5\/100\n|move|p1a: Iron Hands|Drain Punch|p2b: Iron Bundle\n|-supereffective|p2b: Iron Bundle\n|-crit|p2b: Iron Bundle\n|-damage|p2b: Iron Bundle|0 fnt\n|-heal|p1a: Iron Hands|26\/100|[from] drain|[of] p2b: Iron Bundle\n|faint|p2b: Iron Bundle\n|-end|p2b: Iron Bundle|Quark Drive|[silent]\n|\n|upkeep\n|turn|5\n|\n|t:|1701015707\n|move|p2a: Gallade|Sacred Sword|p1b: Ogerpon\n|-damage|p1b: Ogerpon|0 fnt\n|faint|p1b: Ogerpon\n|move|p1a: Iron Hands|Wild Charge|p2a: Gallade\n|-damage|p2a: Gallade|12\/100\n|-damage|p1a: Iron Hands|13\/100|[from] Recoil\n|\n|upkeep\n|\n|t:|1701015710\n|switch|p1b: Chien-Pao|Chien-Pao, L50|100\/100\n|-ability|p1b: Chien-Pao|Sword of Ruin\n|turn|6\n|\n|t:|1701015720\n|-terastallize|p2a: Gallade|Bug\n|move|p1b: Chien-Pao|Sucker Punch|p2a: Gallade\n|-damage|p2a: Gallade|0 fnt\n|faint|p2a: Gallade\n|\n|win|Astano\n|raw|Astano's rating: 1062 &rarr; <strong>1096<\/strong><br \/>(+34 for winning)\n|raw|GhostPepperLasagna's rating: 1101 &rarr; <strong>1073<\/strong><br \/>(-28 for losing)\n","uploadtime":1701015724,"views":2,"p1id":"astano","p2id":"ghostpepperlasagna","formatid":"gen9vgc2023regulatione","rating":1073,"private":0,"password":""}