{"id":"gen9vgc2023regulatione-2000014455","p1":"BowDog!","p2":"ElMiddo","format":"[Gen 9] VGC 2023 Regulation E","log":"|j|\u2606BowDog!\n|j|\u2606ElMiddo\n|t:|1701141317\n|gametype|doubles\n|player|p1|BowDog!|winona|1182\n|player|p2|ElMiddo|blue|1128\n|teamsize|p1|6\n|teamsize|p2|6\n|gen|9\n|tier|[Gen 9] VGC 2023 Regulation E\n|rated|\n|rule|Species Clause: Limit one of each Pok\u00e9mon\n|rule|Item Clause: Limit one of each item\n|clearpoke\n|poke|p1|Regidrago, L50|\n|poke|p1|Indeedee-F, L50, F|\n|poke|p1|Armarouge, L50, F|\n|poke|p1|Ursaluna, L50, F|\n|poke|p1|Torkoal, L50, F|\n|poke|p1|Lilligant-Hisui, L50, F|\n|poke|p2|Ninetales-Alola, L50, F|\n|poke|p2|Landorus-Therian, L50, M|\n|poke|p2|Chien-Pao, L50|\n|poke|p2|Arcanine-Hisui, L50, M|\n|poke|p2|Gholdengo, L50|\n|poke|p2|Ogerpon-Wellspring, L50, F|\n|teampreview|4\n|inactive|Battle timer is ON: inactive players will automatically lose when time's up. (requested by BowDog!)\nBowDog! has agreed to open team sheets.\n|\n|t:|1701141349\n|start\n|switch|p1a: Armarouge|Armarouge, L50, F|100\/100\n|switch|p1b: Indeedee|Indeedee-F, L50, F|100\/100\n|switch|p2a: Er baffo|Landorus-Therian, L50, M|100\/100\n|switch|p2b: Fuji|Ninetales-Alola, L50, F, shiny|100\/100\n|-ability|p2a: Er baffo|Intimidate|boost\n|-unboost|p1a: Armarouge|atk|1\n|-unboost|p1b: Indeedee|atk|1\n|-weather|Snow|[from] ability: Snow Warning|[of] p2b: Fuji\n|-fieldstart|move: Psychic Terrain|[from] ability: Psychic Surge|[of] p1b: Indeedee\n|turn|1\n|inactive|BowDog! has 30 seconds left.\n|inactive|BowDog! has 20 seconds left.\n|inactive|BowDog! has 15 seconds left.\n|inactive|BowDog! has 10 seconds left.\n|inactive|BowDog! has 5 seconds left.\n|\n|t:|1701141404\n|move|p1b: Indeedee|Follow Me|p1b: Indeedee\n|-singleturn|p1b: Indeedee|move: Follow Me\n|move|p2a: Er baffo|U-turn|p1b: Indeedee\n|-supereffective|p1b: Indeedee\n|-damage|p1b: Indeedee|50\/100\n|-damage|p2a: Er baffo|84\/100|[from] item: Rocky Helmet|[of] p1b: Indeedee\n|\n|t:|1701141413\n|switch|p2a: Orcamad\u00f2|Ogerpon-Wellspring, L50, F|100\/100|[from] U-turn\n|move|p2b: Fuji|Aurora Veil|p2b: Fuji\n|-sidestart|p2: ElMiddo|move: Aurora Veil\n|move|p1a: Armarouge|Expanding Force|p2b: Fuji|[spread] p2a,p2b\n|-damage|p2a: Orcamad\u00f2|46\/100\n|-damage|p2b: Fuji|49\/100\n|-damage|p1a: Armarouge|90\/100|[from] item: Life Orb\n|\n|-weather|Snow|[upkeep]\n|upkeep\n|turn|2\n|inactive|BowDog! has 30 seconds left.\n|inactive|ElMiddo has 30 seconds left.\n|inactive|ElMiddo has 20 seconds left.\n|inactive|ElMiddo has 15 seconds left.\n|\n|t:|1701141461\n|move|p1b: Indeedee|Follow Me|p1b: Indeedee\n|-singleturn|p1b: Indeedee|move: Follow Me\n|move|p2a: Orcamad\u00f2|Ivy Cudgel|p1b: Indeedee|[anim] Ivy Cudgel Water\n|-damage|p1b: Indeedee|7\/100\n|move|p2b: Fuji|Blizzard|p1b: Indeedee|[spread] p1a,p1b\n|-resisted|p1a: Armarouge\n|-damage|p1a: Armarouge|77\/100\n|-damage|p1b: Indeedee|0 fnt\n|faint|p1b: Indeedee\n|move|p1a: Armarouge|Trick Room|p1a: Armarouge\n|-fieldstart|move: Trick Room|[of] p1a: Armarouge\n|\n|-weather|Snow|[upkeep]\n|upkeep\n|\n|t:|1701141478\n|switch|p1b: Torkoal|Torkoal, L50, F|100\/100\n|-weather|SunnyDay|[from] ability: Drought|[of] p1b: Torkoal\n|turn|3\n|\n|t:|1701141500\n|switch|p2b: Er baffo|Landorus-Therian, L50, M|84\/100\n|-ability|p2b: Er baffo|Intimidate|boost\n|-unboost|p1a: Armarouge|atk|1\n|-unboost|p1b: Torkoal|atk|1\n|move|p2a: Orcamad\u00f2|Spiky Shield|p2a: Orcamad\u00f2\n|-singleturn|p2a: Orcamad\u00f2|move: Protect\n|move|p1b: Torkoal|Eruption|p2a: Orcamad\u00f2|[spread] p2b\n|-activate|p2a: Orcamad\u00f2|move: Protect\n|-damage|p2b: Er baffo|10\/100\n|move|p1a: Armarouge|Expanding Force|p2a: Orcamad\u00f2|[spread] p2b\n|-activate|p2a: Orcamad\u00f2|move: Protect\n|-damage|p2b: Er baffo|0 fnt\n|faint|p2b: Er baffo\n|-damage|p1a: Armarouge|67\/100|[from] item: Life Orb\n|\n|-weather|SunnyDay|[upkeep]\n|upkeep\n|\n|t:|1701141514\n|switch|p2b: j\u20acsus|Arcanine-Hisui, L50, M, shiny|100\/100\n|turn|4\n|inactive|BowDog! has 30 seconds left.\n|inactive|ElMiddo has 30 seconds left.\n|inactive|ElMiddo has 20 seconds left.\n|\n|t:|1701141549\n|-terastallize|p1a: Armarouge|Psychic\n|-terastallize|p2b: j\u20acsus|Normal\n|move|p2b: j\u20acsus|Extreme Speed|p1a: Armarouge\n|-activate|p1a: Armarouge|move: Psychic Terrain\n|move|p1b: Torkoal|Eruption|p2a: Orcamad\u00f2|[spread] p2a,p2b\n|-damage|p2a: Orcamad\u00f2|0 fnt\n|-damage|p2b: j\u20acsus|52\/100\n|faint|p2a: Orcamad\u00f2\n|move|p1a: Armarouge|Expanding Force|p2b: j\u20acsus\n|-damage|p2b: j\u20acsus|0 fnt\n|faint|p2b: j\u20acsus\n|-damage|p1a: Armarouge|57\/100|[from] item: Life Orb\n|\n|-weather|SunnyDay|[upkeep]\n|upkeep\n|\n|t:|1701141561\n|switch|p2b: Fuji|Ninetales-Alola, L50, F, shiny|49\/100\n|-weather|Snow|[from] ability: Snow Warning|[of] p2b: Fuji\n|turn|5\n|\n|t:|1701141569\n|move|p1b: Torkoal|Eruption|p2b: Fuji\n|-supereffective|p2b: Fuji\n|-damage|p2b: Fuji|0 fnt\n|faint|p2b: Fuji\n|\n|win|BowDog!\n|raw|BowDog!'s rating: 1182 &rarr; <strong>1203<\/strong><br \/>(+21 for winning)\n|raw|ElMiddo's rating: 1128 &rarr; <strong>1107<\/strong><br \/>(-21 for losing)\n|l|\u2606ElMiddo\n","uploadtime":1701141578,"views":1,"p1id":"bowdog","p2id":"elmiddo","formatid":"gen9vgc2023regulatione","rating":1107,"private":0,"password":""}