{"id":"gen9vgc2023regulatione-2000058420","p1":"Smallchiou36","p2":"JohanDK","format":"[Gen 9] VGC 2023 Regulation E","log":"|j|\u2606Smallchiou36\n|j|\u2606JohanDK\n|t:|1701147433\n|gametype|doubles\n|player|p1|Smallchiou36|iono|1661\n|player|p2|JohanDK|nate|1629\n|teamsize|p1|6\n|teamsize|p2|6\n|gen|9\n|tier|[Gen 9] VGC 2023 Regulation E\n|rated|\n|rule|Species Clause: Limit one of each Pok\u00e9mon\n|rule|Item Clause: Limit one of each item\n|clearpoke\n|poke|p1|Zapdos-Galar, L50|\n|poke|p1|Chien-Pao, L50|\n|poke|p1|Dragonite, L50, M|\n|poke|p1|Heatran, L50, M|\n|poke|p1|Iron Hands, L50|\n|poke|p1|Farigiraf, L50, M|\n|poke|p2|Grimmsnarl, L50, M|\n|poke|p2|Goodra-Hisui, L50, M|\n|poke|p2|Moltres-Galar, L50|\n|poke|p2|Landorus-Therian, L50, M|\n|poke|p2|Sinistcha-Masterpiece, L50|\n|poke|p2|Ting-Lu, L50|\n|teampreview|4\n|\n|t:|1701147480\n|start\n|switch|p1a: Zapdos|Zapdos-Galar, L50, shiny|100\/100\n|switch|p1b: Dragonite|Dragonite, L50, M, shiny|100\/100\n|switch|p2a: Krampus|Grimmsnarl, L50, M, shiny|100\/100\n|switch|p2b: Yveltalcito|Moltres-Galar, L50|100\/100\n|turn|1\n|\n|t:|1701147501\n|-terastallize|p1b: Dragonite|Normal\n|move|p1b: Dragonite|Extreme Speed|p2a: Krampus\n|-damage|p2a: Krampus|32\/100\n|move|p2a: Krampus|Reflect|p2a: Krampus\n|-sidestart|p2: JohanDK|Reflect\n|move|p1a: Zapdos|Thunderous Kick|p2b: Yveltalcito\n|-damage|p2b: Yveltalcito|70\/100\n|-unboost|p2b: Yveltalcito|def|1\n|move|p2b: Yveltalcito|Air Slash|p1a: Zapdos\n|-supereffective|p1a: Zapdos\n|-damage|p1a: Zapdos|20\/100\n|\n|upkeep\n|turn|2\n|\n|t:|1701147528\n|switch|p1a: Chien-Pao|Chien-Pao, L50|100\/100\n|-ability|p1a: Chien-Pao|Sword of Ruin\n|switch|p2b: Tepey\u00f3llotl|Landorus-Therian, L50, M|100\/100\n|-ability|p2b: Tepey\u00f3llotl|Intimidate|boost\n|-unboost|p1a: Chien-Pao|atk|1\n|-fail|p1b: Dragonite|unboost|Attack|[from] ability: Inner Focus|[of] p1b: Dragonite\n|move|p1b: Dragonite|Extreme Speed|p2a: Krampus\n|-damage|p2a: Krampus|0 fnt\n|faint|p2a: Krampus\n|\n|upkeep\n|\n|t:|1701147543\n|switch|p2a: Caracol|Goodra-Hisui, L50, M|100\/100\n|turn|3\n|\n|t:|1701147570\n|move|p1b: Dragonite|Extreme Speed|p2b: Tepey\u00f3llotl\n|-damage|p2b: Tepey\u00f3llotl|34\/100\n|move|p2b: Tepey\u00f3llotl|U-turn|p1a: Chien-Pao\n|-supereffective|p1a: Chien-Pao\n|-damage|p1a: Chien-Pao|36\/100\n|\n|t:|1701147576\n|switch|p2b: Yveltalcito|Moltres-Galar, L50|70\/100|[from] U-turn\n|move|p1a: Chien-Pao|Ice Spinner|p2a: Caracol\n|-damage|p2a: Caracol|78\/100\n|-damage|p1a: Chien-Pao|26\/100|[from] item: Life Orb\n|move|p2a: Caracol|Acid Armor|p2a: Caracol\n|-boost|p2a: Caracol|def|2\n|\n|-heal|p2a: Caracol|84\/100|[from] item: Leftovers\n|upkeep\n|turn|4\n|\n|t:|1701147607\n|switch|p1a: Heatran|Heatran, L50, M, shiny|100\/100\n|move|p1b: Dragonite|Extreme Speed|p2b: Yveltalcito\n|-damage|p2b: Yveltalcito|20\/100\n|-ability|p2b: Yveltalcito|Berserk|boost\n|-boost|p2b: Yveltalcito|spa|1\n|-enditem|p2b: Yveltalcito|Sitrus Berry|[eat]\n|-heal|p2b: Yveltalcito|45\/100|[from] item: Sitrus Berry\n|move|p2b: Yveltalcito|Tailwind|p2b: Yveltalcito\n|-sidestart|p2: JohanDK|move: Tailwind\n|move|p2a: Caracol|Body Press|p1b: Dragonite\n|-supereffective|p1b: Dragonite\n|-damage|p1b: Dragonite|0 fnt\n|faint|p1b: Dragonite\n|\n|-heal|p2a: Caracol|90\/100|[from] item: Leftovers\n|upkeep\n|\n|t:|1701147612\n|switch|p1b: Zapdos|Zapdos-Galar, L50, shiny|20\/100\n|turn|5\n|\n|t:|1701147635\n|move|p2b: Yveltalcito|Fiery Wrath|p1a: Heatran|[spread] p1a,p1b\n|-resisted|p1b: Zapdos\n|-damage|p1a: Heatran|62\/100\n|-damage|p1b: Zapdos|0 fnt\n|faint|p1b: Zapdos\n|move|p2a: Caracol|Life Dew|p2a: Caracol|[spread] p2a,p2b\n|-heal|p2a: Caracol|100\/100\n|-heal|p2b: Yveltalcito|70\/100\n|move|p1a: Heatran|Heat Wave|p2b: Yveltalcito|[spread] p2a,p2b\n|-damage|p2a: Caracol|71\/100\n|-damage|p2b: Yveltalcito|40\/100\n|-ability|p2b: Yveltalcito|Berserk|boost\n|-boost|p2b: Yveltalcito|spa|1\n|\n|-heal|p2a: Caracol|77\/100|[from] item: Leftovers\n|upkeep\n|-message|Smallchiou36 forfeited.\n|\n|win|JohanDK\n|raw|Smallchiou36's rating: 1661 &rarr; <strong>1639<\/strong><br \/>(-22 for losing)\n|raw|JohanDK's rating: 1629 &rarr; <strong>1651<\/strong><br \/>(+22 for winning)\n|l|\u2606Smallchiou36\n|c|\u2606JohanDK|Gg\n","uploadtime":1701147661,"views":9,"p1id":"smallchiou36","p2id":"johandk","formatid":"gen9vgc2023regulatione","rating":1639,"private":0,"password":""}