{"id":"gen9vgc2023regulatione-1991434649","p1":"Domjiii","p2":"Mortipherus","format":"[Gen 9] VGC 2023 Regulation E","log":"|j|\u2606Domjiii\n|j|\u2606Mortipherus\n|n|\u2606Domjiii|domjiii\n|n|\u2606Mortipherus|mortipherus\n|html|View the match progress at <a href=\"\/game-bestof3-gen9vgc2023regulatione-1991434648\">game-bestof3-gen9vgc2023regulatione-1991434648<\/a>\n|t:|1700076812\n|gametype|doubles\n|player|p1|Domjiii|giovanni|\n|player|p2|Mortipherus|biker-gen4|\n|teamsize|p1|6\n|teamsize|p2|6\n|gen|9\n|tier|[Gen 9] VGC 2023 Regulation E\n|rule|Species Clause: Limit one of each Pok\u00e9mon\n|rule|Item Clause: Limit one of each item\n|clearpoke\n|poke|p1|Landorus-Therian, L50, M|\n|poke|p1|Iron Hands, L50|\n|poke|p1|Chien-Pao, L50|\n|poke|p1|Flutter Mane, L50|\n|poke|p1|Ogerpon-Wellspring, L50, F|\n|poke|p1|Arcanine-Hisui, L50, F|\n|poke|p2|Gholdengo, L50|\n|poke|p2|Roaring Moon, L50|\n|poke|p2|Iron Hands, L50|\n|poke|p2|Ogerpon-Hearthflame, L50, F|\n|poke|p2|Landorus-Therian, L50, M|\n|poke|p2|Flutter Mane, L50|\n|teampreview|4\nMortipherus has agreed to open team sheets.\nDomjiii has agreed to open team sheets.\n|showteam|p1|Landorus-Therian||ChoiceScarf|Intimidate|StompingTantrum,RockSlide,Uturn,TeraBlast|||M|||50|,,,,,Flying]Iron Hands||AssaultVest|QuarkDrive|DrainPunch,WildCharge,HeavySlam,FakeOut||||||50|,,,,,Water]Chien-Pao||FocusSash|SwordofRuin|IceSpinner,SacredSword,SuckerPunch,Protect||||||50|,,,,,Ghost]Flutter Mane||ChoiceSpecs|Protosynthesis|Moonblast,ShadowBall,DazzlingGleam,IcyWind||||||50|,,,,,Fairy]Ogerpon-Wellspring||WellspringMask|WaterAbsorb|IvyCudgel,HornLeech,SwordsDance,SpikyShield|||F|||50|,,,,,Water]Arcanine-Hisui||ChoiceBand|Intimidate|FlareBlitz,RockSlide,ExtremeSpeed,HeadSmash|||F|||50|,,,,,Normal\n|showteam|p2|Gholdengo||Leftovers|GoodasGold|Protect,NastyPlot,MakeItRain,ShadowBall||||||50|,,,,,Dragon]Roaring Moon||BoosterEnergy|Protosynthesis|Protect,Tailwind,KnockOff,Acrobatics||||||50|,,,,,Flying]Iron Hands||AssaultVest|QuarkDrive|FakeOut,DrainPunch,WildCharge,HeavySlam||||||50|,,,,,Fire]Ogerpon-Hearthflame||HearthflameMask|MoldBreaker|SpikyShield,SwordsDance,IvyCudgel,HornLeech|||F|||50|,,,,,Fire]Landorus-Therian||ChoiceScarf|Intimidate|StompingTantrum,TeraBlast,RockSlide,Uturn|||M|||50|,,,,,Flying]Flutter Mane||FairyFeather|Protosynthesis|Protect,Substitute,Moonblast,ShadowBall||||||50|,,,,,Fairy\n|c|\u2606Domjiii|okay moment\n|c|\u2606Mortipherus|alles gut\n|c|\u2606Mortipherus|kannst den timer starten sobald du soweit bist\n|inactive|Battle timer is ON: inactive players will automatically lose when time's up. (requested by Domjiii)\n|inactive|Domjiii has 60 seconds left.\n|\n|t:|1700077100\n|start\n|switch|p1a: Landorus|Landorus-Therian, L50, M|100\/100\n|switch|p1b: Chien-Pao|Chien-Pao, L50|100\/100\n|switch|p2a: Gholdengo|Gholdengo, L50|100\/100\n|switch|p2b: Roaring Moon|Roaring Moon, L50, shiny|100\/100\n|-ability|p1a: Landorus|Intimidate|boost\n|-unboost|p2a: Gholdengo|atk|1\n|-unboost|p2b: Roaring Moon|atk|1\n|-ability|p1b: Chien-Pao|Sword of Ruin\n|-enditem|p2b: Roaring Moon|Booster Energy\n|-activate|p2b: Roaring Moon|ability: Protosynthesis|[fromitem]\n|-start|p2b: Roaring Moon|protosynthesisspe\n|turn|1\n|inactive|Domjiii has 30 seconds left.\n|inactive|Domjiii has 20 seconds left.\n|inactive|Domjiii has 15 seconds left.\n|inactive|Domjiii has 10 seconds left.\n|\n|t:|1700077150\n|move|p1b: Chien-Pao|Protect|p1b: Chien-Pao\n|-singleturn|p1b: Chien-Pao|Protect\n|move|p2b: Roaring Moon|Tailwind|p2b: Roaring Moon\n|-sidestart|p2: Mortipherus|move: Tailwind\n|move|p2a: Gholdengo|Make It Rain|p1b: Chien-Pao|[spread] p1a\n|-activate|p1b: Chien-Pao|move: Protect\n|-damage|p1a: Landorus|41\/100\n|-unboost|p2a: Gholdengo|spa|1\n|move|p1a: Landorus|Stomping Tantrum|p2a: Gholdengo\n|-supereffective|p2a: Gholdengo\n|-damage|p2a: Gholdengo|2\/100\n|\n|-heal|p2a: Gholdengo|8\/100|[from] item: Leftovers\n|upkeep\n|turn|2\n|inactive|Domjiii has 30 seconds left.\n|inactive|Mortipherus has 30 seconds left.\n|inactive|Domjiii has 20 seconds left.\n|inactive|Mortipherus has 20 seconds left.\n|\n|t:|1700077187\n|switch|p1a: Iron Hands|Iron Hands, L50|100\/100\n|move|p1b: Chien-Pao|Sucker Punch||[still]\n|-fail|p1b: Chien-Pao\n|move|p2b: Roaring Moon|Knock Off|p1a: Iron Hands\n|-resisted|p1a: Iron Hands\n|-damage|p1a: Iron Hands|85\/100\n|-enditem|p1a: Iron Hands|Assault Vest|[from] move: Knock Off|[of] p2b: Roaring Moon\n|move|p2a: Gholdengo|Nasty Plot|p2a: Gholdengo\n|-boost|p2a: Gholdengo|spa|2\n|\n|-heal|p2a: Gholdengo|14\/100|[from] item: Leftovers\n|upkeep\n|turn|3\n|inactive|Domjiii has 30 seconds left.\n|inactive|Mortipherus has 30 seconds left.\n|\n|t:|1700077217\n|move|p2a: Gholdengo|Protect|p2a: Gholdengo\n|-singleturn|p2a: Gholdengo|Protect\n|move|p1b: Chien-Pao|Protect|p1b: Chien-Pao\n|-singleturn|p1b: Chien-Pao|Protect\n|move|p2b: Roaring Moon|Knock Off|p1b: Chien-Pao\n|-activate|p1b: Chien-Pao|move: Protect\n|move|p1a: Iron Hands|Wild Charge|p2a: Gholdengo\n|-activate|p2a: Gholdengo|move: Protect\n|\n|-heal|p2a: Gholdengo|20\/100|[from] item: Leftovers\n|upkeep\n|turn|4\n|\n|t:|1700077235\n|switch|p1b: Landorus|Landorus-Therian, L50, M|41\/100\n|-ability|p1b: Landorus|Intimidate|boost\n|-unboost|p2a: Gholdengo|atk|1\n|-unboost|p2b: Roaring Moon|atk|1\n|move|p2b: Roaring Moon|Knock Off|p1b: Landorus\n|-damage|p1b: Landorus|18\/100\n|-enditem|p1b: Landorus|Choice Scarf|[from] move: Knock Off|[of] p2b: Roaring Moon\n|move|p2a: Gholdengo|Nasty Plot|p2a: Gholdengo\n|-boost|p2a: Gholdengo|spa|2\n|move|p1a: Iron Hands|Drain Punch|p2b: Roaring Moon\n|-supereffective|p2b: Roaring Moon\n|-damage|p2b: Roaring Moon|0 fnt\n|-heal|p1a: Iron Hands|100\/100|[from] drain|[of] p2b: Roaring Moon\n|faint|p2b: Roaring Moon\n|-end|p2b: Roaring Moon|Protosynthesis|[silent]\n|\n|-heal|p2a: Gholdengo|27\/100|[from] item: Leftovers\n|-sideend|p2: Mortipherus|move: Tailwind\n|upkeep\n|\n|t:|1700077253\n|switch|p2b: Landorus|Landorus-Therian, L50, M|100\/100\n|-ability|p2b: Landorus|Intimidate|boost\n|-unboost|p1a: Iron Hands|atk|1\n|-unboost|p1b: Landorus|atk|1\n|turn|5\n|inactive|Domjiii has 30 seconds left.\n|inactive|Domjiii has 20 seconds left.\n|inactive|Domjiii has 15 seconds left.\n|inactive|Mortipherus has 30 seconds left.\n|\n|t:|1700077297\n|-terastallize|p1a: Iron Hands|Water\n|move|p2b: Landorus|U-turn|p1b: Landorus\n|-resisted|p1b: Landorus\n|-damage|p1b: Landorus|6\/100\n|\n|t:|1700077307\n|switch|p2b: Ogerpon|Ogerpon-Hearthflame, L50, F|100\/100|[from] U-turn\n|-ability|p2b: Ogerpon|Mold Breaker\n|move|p1b: Landorus|Rock Slide|p2b: Ogerpon|[spread] p2a,p2b\n|-resisted|p2a: Gholdengo\n|-supereffective|p2b: Ogerpon\n|-damage|p2a: Gholdengo|20\/100\n|-damage|p2b: Ogerpon|70\/100\n|move|p2a: Gholdengo|Shadow Ball|p1a: Iron Hands\n|-damage|p1a: Iron Hands|10\/100\n|move|p1a: Iron Hands|Wild Charge|p2a: Gholdengo\n|-damage|p2a: Gholdengo|0 fnt\n|faint|p2a: Gholdengo\n|-damage|p1a: Iron Hands|6\/100|[from] Recoil\n|\n|upkeep\n|\n|t:|1700077324\n|switch|p2a: Landorus|Landorus-Therian, L50, M|100\/100\n|-ability|p2a: Landorus|Intimidate|boost\n|-unboost|p1a: Iron Hands|atk|1\n|-unboost|p1b: Landorus|atk|1\n|turn|6\n|inactive|Domjiii has 30 seconds left.\n|\n|t:|1700077358\n|move|p2a: Landorus|Rock Slide|p1a: Iron Hands|[spread] p1a,p1b\n|-damage|p1a: Iron Hands|0 fnt\n|-damage|p1b: Landorus|0 fnt\n|faint|p1a: Iron Hands\n|-end|p1a: Iron Hands|Quark Drive|[silent]\n|faint|p1b: Landorus\n|move|p2b: Ogerpon|Swords Dance|p2b: Ogerpon\n|-boost|p2b: Ogerpon|atk|2\n|\n|upkeep\n|\n|t:|1700077362\n|switch|p1b: Flutter Mane|Flutter Mane, L50|100\/100\n|switch|p1a: Chien-Pao|Chien-Pao, L50|100\/100\n|-ability|p1a: Chien-Pao|Sword of Ruin\n|turn|7\n|inactive|Domjiii has 30 seconds left.\n|inactive|Domjiii has 20 seconds left.\n|inactive|Domjiii has 15 seconds left.\n|inactive|Domjiii has 10 seconds left.\n|inactive|Domjiii has 5 seconds left.\n|\n|t:|1700077413\n|-terastallize|p2a: Landorus|Flying\n|move|p2a: Landorus|Rock Slide|p1b: Flutter Mane|[spread] p1a,p1b\n|-supereffective|p1a: Chien-Pao\n|-damage|p1a: Chien-Pao|48\/100\n|-damage|p1b: Flutter Mane|50\/100\n|move|p1b: Flutter Mane|Shadow Ball|p2a: Landorus\n|-damage|p2a: Landorus|38\/100\n|move|p1a: Chien-Pao|Ice Spinner|p2a: Landorus\n|-supereffective|p2a: Landorus\n|-damage|p2a: Landorus|0 fnt\n|faint|p2a: Landorus\n|move|p2b: Ogerpon|Ivy Cudgel|p1b: Flutter Mane|[anim] Ivy Cudgel Fire\n|-crit|p1b: Flutter Mane\n|-damage|p1b: Flutter Mane|0 fnt\n|faint|p1b: Flutter Mane\n|-end|p1b: Flutter Mane|Protosynthesis|[silent]\n|\n|upkeep\n|turn|8\n|\n|t:|1700077430\n|move|p1a: Chien-Pao|Protect|p1a: Chien-Pao\n|-singleturn|p1a: Chien-Pao|Protect\n|move|p2b: Ogerpon|Ivy Cudgel|p1a: Chien-Pao|[anim] Ivy Cudgel Fire\n|-activate|p1a: Chien-Pao|move: Protect\n|\n|upkeep\n|turn|9\n|\n|t:|1700077453\n|move|p1a: Chien-Pao|Sucker Punch|p2b: Ogerpon\n|-damage|p2b: Ogerpon|22\/100\n|move|p2b: Ogerpon|Ivy Cudgel|p1a: Chien-Pao|[anim] Ivy Cudgel Fire\n|-supereffective|p1a: Chien-Pao\n|-damage|p1a: Chien-Pao|0 fnt\n|faint|p1a: Chien-Pao\n|\n|win|Mortipherus\n|inactive|Domjiii has 50 seconds to confirm battle start!\n|inactive|Mortipherus has 50 seconds to confirm battle start!\n|c|&|\/uhtml prompt-mortipherus,Mortipherus is ready for game 2!\n|inactive|Domjiii has 40 seconds to confirm battle start!\n|c|&|\/uhtml prompt-domjiii,Domjiii is ready for game 2!\nBoth players are ready! Starting next match!\n","uploadtime":1700078043,"views":45,"p1id":"domjiii","p2id":"mortipherus","formatid":"gen9vgc2023regulatione","rating":0,"private":0,"password":""}