{"id":"gen9vgc2023regulatione-1998073773","p1":"Meegee Felgo","p2":"Trevelion","format":"[Gen 9] VGC 2023 Regulation E","log":"|j|\u2606Meegee Felgo\n|j|\u2606Trevelion\n|n|\u2606Meegee Felgo|meegeefelgo\n|n|\u2606Trevelion|trevelion\n|html|View the match progress at <a href=\"\/game-bestof3-gen9vgc2023regulatione-1998071425\">game-bestof3-gen9vgc2023regulatione-1998071425<\/a>\n|t:|1700887135\n|gametype|doubles\n|player|p1|Meegee Felgo|burglar|\n|player|p2|Trevelion|drayden|\n|teamsize|p1|6\n|teamsize|p2|6\n|gen|9\n|tier|[Gen 9] VGC 2023 Regulation E\n|rule|Species Clause: Limit one of each Pok\u00e9mon\n|rule|Item Clause: Limit one of each item\n|clearpoke\n|poke|p1|Brambleghast, L50, F|\n|poke|p1|Urshifu-*, L50, M|\n|poke|p1|Chi-Yu, L50|\n|poke|p1|Flutter Mane, L50|\n|poke|p1|Gholdengo, L50|\n|poke|p1|Tornadus, L50, M|\n|poke|p2|Tornadus, L50, M|\n|poke|p2|Urshifu-*, L50, F|\n|poke|p2|Rillaboom, L50, M|\n|poke|p2|Landorus-Therian, L50, M|\n|poke|p2|Gholdengo, L50|\n|poke|p2|Rotom-Heat, L50|\n|teampreview|4\nTrevelion has agreed to open team sheets.\nMeegee Felgo has agreed to open team sheets.\n|showteam|p1|Brambleghast||FocusSash|WindRider|ShadowSneak,Poltergeist,PowerWhip,Protect|||F|||50|,,,,,Ghost]Urshifu-Rapid-Strike||MysticWater|UnseenFist|AquaJet,SurgingStrikes,CloseCombat,Protect|||M|||50|,,,,,Water]Chi-Yu||LifeOrb|BeadsofRuin|Overheat,HeatWave,DarkPulse,Protect||||||50|,,,,,Ghost]Flutter Mane||BoosterEnergy|Protosynthesis|Moonblast,DazzlingGleam,ShadowBall,Protect||||||50|,,,,,Fairy]Gholdengo||ChoiceSpecs|GoodasGold|MakeItRain,ShadowBall,Thunderbolt,Trick||||||50|,,,,,Steel]Tornadus||CovertCloak|Prankster|BleakwindStorm,Taunt,SunnyDay,Tailwind|||M|||50|,,,,,Steel\n|showteam|p2|Tornadus||CovertCloak|Prankster|BleakwindStorm,RainDance,Tailwind,Taunt|||M|||50|,,,,,Dark]Urshifu-Rapid-Strike||MysticWater|UnseenFist|AquaJet,SurgingStrikes,CloseCombat,Detect|||F|||50|,,,,,Water]Rillaboom||AssaultVest|GrassySurge|FakeOut,WoodHammer,Uturn,GrassyGlide|||M|||50|,,,,,Fire]Landorus-Therian||ChoiceScarf|Intimidate|RockSlide,StompingTantrum,TeraBlast,Uturn|||M|||50|,,,,,Flying]Gholdengo||ChoiceSpecs|GoodasGold|MakeItRain,ShadowBall,Thunderbolt,PowerGem||||||50|,,,,,Steel]Rotom-Heat||SitrusBerry|Levitate|Overheat,Thunderbolt,WillOWisp,VoltSwitch||||||50|,,,,,Water\n|\n|t:|1700887159\n|start\n|switch|p1a: Tornadus|Tornadus, L50, M|100\/100\n|switch|p1b: Gholdengo|Gholdengo, L50|100\/100\n|switch|p2a: Tornadus|Tornadus, L50, M|100\/100\n|switch|p2b: Urshifu|Urshifu-Rapid-Strike, L50, F|100\/100\n|turn|1\n|inactive|Battle timer is ON: inactive players will automatically lose when time's up. (requested by Meegee Felgo)\n|\n|t:|1700887184\n|-terastallize|p2a: Tornadus|Dark\n|move|p2b: Urshifu|Detect|p2b: Urshifu\n|-singleturn|p2b: Urshifu|Protect\n|move|p1a: Tornadus|Tailwind|p1a: Tornadus\n|-sidestart|p1: Meegee Felgo|move: Tailwind\n|move|p2a: Tornadus|Taunt|p1a: Tornadus\n|-start|p1a: Tornadus|move: Taunt\n|move|p1b: Gholdengo|Thunderbolt|p2b: Urshifu\n|-activate|p2b: Urshifu|move: Protect\n|\n|upkeep\n|turn|2\n|\n|t:|1700887197\n|switch|p2b: Rotom|Rotom-Heat, L50|100\/100\n|move|p2a: Tornadus|Tailwind|p2a: Tornadus\n|-sidestart|p2: Trevelion|move: Tailwind\n|move|p1a: Tornadus|Bleakwind Storm|p2a: Tornadus|[spread] p2a,p2b\n|-resisted|p2b: Rotom\n|-damage|p2a: Tornadus|73\/100\n|-damage|p2b: Rotom|85\/100\n|-unboost|p2b: Rotom|spe|1\n|move|p1b: Gholdengo|Thunderbolt|p2b: Rotom\n|-resisted|p2b: Rotom\n|-damage|p2b: Rotom|58\/100\n|\n|upkeep\n|turn|3\n|\n|t:|1700887214\n|move|p1a: Tornadus|Bleakwind Storm|p2b: Rotom|[spread] p2a,p2b\n|-resisted|p2b: Rotom\n|-damage|p2a: Tornadus|44\/100\n|-damage|p2b: Rotom|42\/100\n|-unboost|p2b: Rotom|spe|1\n|-enditem|p2b: Rotom|Sitrus Berry|[eat]\n|-heal|p2b: Rotom|67\/100|[from] item: Sitrus Berry\n|move|p2a: Tornadus|Bleakwind Storm|p1b: Gholdengo|[spread] p1a,p1b\n|-resisted|p1b: Gholdengo\n|-damage|p1a: Tornadus|67\/100\n|-damage|p1b: Gholdengo|85\/100\n|move|p1b: Gholdengo|Thunderbolt|p2a: Tornadus\n|-damage|p2a: Tornadus|3\/100\n|move|p2b: Rotom|Thunderbolt|p1a: Tornadus\n|-supereffective|p1a: Tornadus\n|-damage|p1a: Tornadus|0 fnt\n|faint|p1a: Tornadus\n|\n|upkeep\n|\n|t:|1700887239\n|switch|p1a: Flutter Mane|Flutter Mane, L50|100\/100\n|-enditem|p1a: Flutter Mane|Booster Energy\n|-activate|p1a: Flutter Mane|ability: Protosynthesis|[fromitem]\n|-start|p1a: Flutter Mane|protosynthesisspa\n|turn|4\n|\n|t:|1700887255\n|switch|p1b: Urshifu|Urshifu-Rapid-Strike, L50, M|100\/100\n|move|p1a: Flutter Mane|Dazzling Gleam|p2b: Rotom|[spread] p2a,p2b\n|-supereffective|p2a: Tornadus\n|-resisted|p2b: Rotom\n|-damage|p2a: Tornadus|0 fnt\n|-damage|p2b: Rotom|44\/100\n|faint|p2a: Tornadus\n|move|p2b: Rotom|Overheat|p1b: Urshifu|[miss]\n|-miss|p2b: Rotom|p1b: Urshifu\n|\n|-sideend|p1: Meegee Felgo|move: Tailwind\n|upkeep\n|\n|t:|1700887259\n|switch|p2a: Urshifu|Urshifu-Rapid-Strike, L50, F|100\/100\n|turn|5\n|inactive|Meegee Felgo has 30 seconds left.\n|\n|t:|1700887290\n|-end|p1a: Flutter Mane|Protosynthesis|[silent]\n|switch|p1a: Gholdengo|Gholdengo, L50|85\/100\n|switch|p2b: Rillaboom|Rillaboom, L50, M|100\/100\n|-fieldstart|move: Grassy Terrain|[from] ability: Grassy Surge|[of] p2b: Rillaboom\n|move|p1b: Urshifu|Protect|p1b: Urshifu\n|-singleturn|p1b: Urshifu|Protect\n|move|p2a: Urshifu|Surging Strikes|p1a: Gholdengo\n|-crit|p1a: Gholdengo\n|-damage|p1a: Gholdengo|63\/100\n|-crit|p1a: Gholdengo\n|-damage|p1a: Gholdengo|41\/100\n|-crit|p1a: Gholdengo\n|-damage|p1a: Gholdengo|19\/100\n|-hitcount|p1a: Gholdengo|3\n|\n|-heal|p1a: Gholdengo|25\/100|[from] Grassy Terrain\n|-sideend|p2: Trevelion|move: Tailwind\n|upkeep\n|turn|6\n|\n|t:|1700887311\n|move|p2b: Rillaboom|Grassy Glide|p1b: Urshifu\n|-supereffective|p1b: Urshifu\n|-damage|p1b: Urshifu|25\/100\n|move|p2a: Urshifu|Surging Strikes|p1a: Gholdengo\n|-crit|p1a: Gholdengo\n|-damage|p1a: Gholdengo|2\/100\n|-crit|p1a: Gholdengo\n|-damage|p1a: Gholdengo|0 fnt\n|faint|p1a: Gholdengo\n|-hitcount|p1: Gholdengo|2\n|move|p1b: Urshifu|Close Combat|p2b: Rillaboom\n|-damage|p2b: Rillaboom|35\/100\n|-unboost|p1b: Urshifu|def|1\n|-unboost|p1b: Urshifu|spd|1\n|\n|-heal|p1b: Urshifu|32\/100|[from] Grassy Terrain\n|-heal|p2b: Rillaboom|41\/100|[from] Grassy Terrain\n|upkeep\n|\n|t:|1700887324\n|switch|p1a: Flutter Mane|Flutter Mane, L50|100\/100\n|turn|7\n|\n|t:|1700887332\n|switch|p2b: Rotom|Rotom-Heat, L50|44\/100\n|move|p1a: Flutter Mane|Protect|p1a: Flutter Mane\n|-singleturn|p1a: Flutter Mane|Protect\n|move|p2a: Urshifu|Detect|p2a: Urshifu\n|-singleturn|p2a: Urshifu|Protect\n|move|p1b: Urshifu|Close Combat|p2b: Rotom\n|-damage|p2b: Rotom|0 fnt\n|-unboost|p1b: Urshifu|def|1\n|-unboost|p1b: Urshifu|spd|1\n|faint|p2b: Rotom\n|\n|-heal|p1b: Urshifu|38\/100|[from] Grassy Terrain\n|upkeep\n|\n|t:|1700887336\n|switch|p2b: Rillaboom|Rillaboom, L50, M|41\/100\n|turn|8\n|\n|t:|1700887350\n|-terastallize|p1a: Flutter Mane|Fairy\n|move|p2a: Urshifu|Aqua Jet|p1a: Flutter Mane\n|-damage|p1a: Flutter Mane|55\/100\n|move|p2b: Rillaboom|Grassy Glide|p1a: Flutter Mane\n|-damage|p1a: Flutter Mane|0 fnt\n|faint|p1a: Flutter Mane\n|-end|p1a: Flutter Mane|Protosynthesis|[silent]\n|move|p1b: Urshifu|Close Combat|p2b: Rillaboom\n|-damage|p2b: Rillaboom|0 fnt\n|-unboost|p1b: Urshifu|def|1\n|-unboost|p1b: Urshifu|spd|1\n|faint|p2b: Rillaboom\n|\n|-heal|p1b: Urshifu|44\/100|[from] Grassy Terrain\n|upkeep\n|turn|9\n|\n|t:|1700887361\n|move|p2a: Urshifu|Close Combat|p1b: Urshifu\n|-damage|p1b: Urshifu|0 fnt\n|-unboost|p2a: Urshifu|def|1\n|-unboost|p2a: Urshifu|spd|1\n|faint|p1b: Urshifu\n|\n|win|Trevelion\n|c|&|\/uhtml prompt-meegeefelgo,Meegee Felgo is ready for game 3!\n|c|&|\/uhtml prompt-trevelion,Trevelion is ready for game 3!\nBoth players are ready! Starting next match!\n","uploadtime":1700887573,"views":6,"p1id":"meegeefelgo","p2id":"trevelion","formatid":"gen9vgc2023regulatione","rating":0,"private":0,"password":""}