{"id":"gen9vgc2023regulatione-2000309716","p1":"HiRakkun","p2":"Morta1Wombat","format":"[Gen 9] VGC 2023 Regulation E","log":"|j|\u2606HiRakkun\n|j|\u2606Morta1Wombat\n|t:|1701183693\n|gametype|doubles\n|player|p1|HiRakkun|265|1366\n|player|p2|Morta1Wombat|cynthia-gen4|1388\n|teamsize|p1|6\n|teamsize|p2|6\n|gen|9\n|tier|[Gen 9] VGC 2023 Regulation E\n|rated|\n|rule|Species Clause: Limit one of each Pok\u00e9mon\n|rule|Item Clause: Limit one of each item\n|clearpoke\n|poke|p1|Iron Hands, L50|\n|poke|p1|Mimikyu, L50, F|\n|poke|p1|Dudunsparce-*, L50, F|\n|poke|p1|Great Tusk, L50|\n|poke|p1|Sinistcha, L50|\n|poke|p1|Talonflame, L50, M|\n|poke|p2|Landorus-Therian, L50, M|\n|poke|p2|Thundurus, L50, M|\n|poke|p2|Heatran, L50, M|\n|poke|p2|Enamorus, L50, F|\n|poke|p2|Iron Hands, L50|\n|poke|p2|Urshifu-*, L50, F|\n|teampreview|4\n|inactive|Battle timer is ON: inactive players will automatically lose when time's up. (requested by Morta1Wombat)\nMorta1Wombat has agreed to open team sheets.\n|inactive|Morta1Wombat has 60 seconds left.\n|\n|t:|1701183734\n|start\n|switch|p1a: Mimikyu|Mimikyu, L50, F, shiny|100\/100\n|switch|p1b: Iron Hands|Iron Hands, L50, shiny|100\/100\n|switch|p2a: Jambi the Genie|Enamorus, L50, F|100\/100\n|switch|p2b: The Blue Meanie|Thundurus, L50, M|100\/100\n|turn|1\n|\n|t:|1701183756\n|-terastallize|p1b: Iron Hands|Ghost\n|move|p2b: The Blue Meanie|Taunt|p1a: Mimikyu\n|-start|p1a: Mimikyu|move: Taunt\n|-enditem|p1a: Mimikyu|Mental Herb\n|-end|p1a: Mimikyu|move: Taunt\n|move|p2a: Jambi the Genie|Moonblast|p1b: Iron Hands\n|-damage|p1b: Iron Hands|53\/100\n|-damage|p2a: Jambi the Genie|91\/100|[from] item: Life Orb\n|move|p1b: Iron Hands|Ice Punch|p2a: Jambi the Genie\n|-supereffective|p2a: Jambi the Genie\n|-damage|p2a: Jambi the Genie|13\/100\n|move|p1a: Mimikyu|Trick Room|p1a: Mimikyu\n|-fieldstart|move: Trick Room|[of] p1a: Mimikyu\n|\n|upkeep\n|turn|2\n|\n|t:|1701183776\n|move|p2a: Jambi the Genie|Protect|p2a: Jambi the Genie\n|-singleturn|p2a: Jambi the Genie|Protect\n|move|p1b: Iron Hands|Belly Drum|p1b: Iron Hands\n|-damage|p1b: Iron Hands|3\/100\n|-setboost|p1b: Iron Hands|atk|6|[from] move: Belly Drum\n|-enditem|p1b: Iron Hands|Sitrus Berry|[eat]\n|-heal|p1b: Iron Hands|28\/100|[from] item: Sitrus Berry\n|move|p1a: Mimikyu|Shadow Claw|p2a: Jambi the Genie\n|-activate|p2a: Jambi the Genie|move: Protect\n|move|p2b: The Blue Meanie|Thunderbolt|p1a: Mimikyu\n|-activate|p1a: Mimikyu|ability: Disguise\n|-damage|p1a: Mimikyu|100\/100\n|detailschange|p1a: Mimikyu|Mimikyu-Busted, L50, F, shiny\n|-damage|p1a: Mimikyu|88\/100|[from] pokemon: Mimikyu-Busted\n|\n|upkeep\n|turn|3\n|\n|t:|1701183792\n|switch|p1a: Sinistcha|Sinistcha, L50|100\/100\n|-heal|p1b: Iron Hands|53\/100|[from] ability: Hospitality|[of] p1a: Sinistcha\n|move|p1b: Iron Hands|Ice Punch|p2b: The Blue Meanie\n|-supereffective|p2b: The Blue Meanie\n|-damage|p2b: The Blue Meanie|0 fnt\n|faint|p2b: The Blue Meanie\n|move|p2a: Jambi the Genie|Moonblast|p1b: Iron Hands\n|-damage|p1b: Iron Hands|0 fnt\n|faint|p1b: Iron Hands\n|-end|p1b: Iron Hands|Quark Drive|[silent]\n|-damage|p2a: Jambi the Genie|4\/100|[from] item: Life Orb\n|\n|upkeep\n|\n|t:|1701183804\n|switch|p1b: Dudunsparce|Dudunsparce, L50, F, shiny|100\/100\n|switch|p2b: Cowboy Curtis|Heatran, L50, M|100\/100\n|turn|4\n|\n|t:|1701183814\n|move|p1a: Sinistcha|Shadow Ball|p2a: Jambi the Genie\n|-damage|p2a: Jambi the Genie|0 fnt\n|faint|p2a: Jambi the Genie\n|move|p1b: Dudunsparce|Drill Run|p2b: Cowboy Curtis\n|-supereffective|p2b: Cowboy Curtis\n|-damage|p2b: Cowboy Curtis|7\/100\n|move|p2b: Cowboy Curtis|Heat Wave|p1a: Sinistcha|[spread] p1a\n|-miss|p2b: Cowboy Curtis|p1b: Dudunsparce\n|-supereffective|p1a: Sinistcha\n|-damage|p1a: Sinistcha|12\/100\n|-enditem|p1a: Sinistcha|Weakness Policy\n|-boost|p1a: Sinistcha|atk|2|[from] item: Weakness Policy\n|-boost|p1a: Sinistcha|spa|2|[from] item: Weakness Policy\n|\n|-heal|p2b: Cowboy Curtis|13\/100|[from] item: Leftovers\n|upkeep\n|\n|t:|1701183826\n|switch|p2a: Benito Mussolini|Landorus-Therian, L50, M|100\/100\n|-ability|p2a: Benito Mussolini|Intimidate|boost\n|-unboost|p1a: Sinistcha|atk|1\n|-unboost|p1b: Dudunsparce|atk|1\n|turn|5\n|\n|t:|1701183837\n|move|p2b: Cowboy Curtis|Protect|p2b: Cowboy Curtis\n|-singleturn|p2b: Cowboy Curtis|Protect\n|move|p1a: Sinistcha|Shadow Ball|p2b: Cowboy Curtis\n|-activate|p2b: Cowboy Curtis|move: Protect\n|move|p1b: Dudunsparce|Headbutt|p2a: Benito Mussolini\n|-enditem|p1b: Dudunsparce|Normal Gem|[from] gem\n|-damage|p2a: Benito Mussolini|66\/100\n|cant|p2a: Benito Mussolini|flinch\n|\n|-heal|p2b: Cowboy Curtis|19\/100|[from] item: Leftovers\n|-fieldend|move: Trick Room\n|upkeep\n|turn|6\n|\n|t:|1701183857\n|-terastallize|p2a: Benito Mussolini|Flying\n|move|p2a: Benito Mussolini|Tera Blast|p1b: Dudunsparce|[anim] Tera Blast Flying\n|-damage|p1b: Dudunsparce|42\/100\n|move|p2b: Cowboy Curtis|Heat Wave|p1a: Sinistcha|[spread] p1a,p1b\n|-supereffective|p1a: Sinistcha\n|-damage|p1a: Sinistcha|0 fnt\n|-damage|p1b: Dudunsparce|5\/100\n|-status|p1b: Dudunsparce|brn\n|faint|p1a: Sinistcha\n|move|p1b: Dudunsparce|Drill Run|p2b: Cowboy Curtis\n|-supereffective|p2b: Cowboy Curtis\n|-damage|p2b: Cowboy Curtis|0 fnt\n|faint|p2b: Cowboy Curtis\n|\n|-damage|p1b: Dudunsparce|0 fnt|[from] brn\n|faint|p1b: Dudunsparce\n|upkeep\n|\n|t:|1701183867\n|switch|p1b: Mimikyu|Mimikyu-Busted, L50, F, shiny|88\/100\n|turn|7\n|\n|t:|1701183879\n|move|p2a: Benito Mussolini|Tera Blast|p1b: Mimikyu|[anim] Tera Blast Flying\n|-damage|p1b: Mimikyu|0 fnt\n|faint|p1b: Mimikyu\n|\n|win|Morta1Wombat\n|raw|HiRakkun's rating: 1366 &rarr; <strong>1347<\/strong><br \/>(-19 for losing)\n|raw|Morta1Wombat's rating: 1388 &rarr; <strong>1407<\/strong><br \/>(+19 for winning)\n|l|\u2606HiRakkun\n","uploadtime":1701183891,"views":1,"p1id":"hirakkun","p2id":"morta1wombat","formatid":"gen9vgc2023regulatione","rating":1347,"private":0,"password":""}