{"id":"gen9vgc2023regulatione-1998545432","p1":"17th Sylveon","p2":"hjgklm3k","format":"[Gen 9] VGC 2023 Regulation E","log":"|j|\u260617th Sylveon\n|j|\u2606hjgklm3k\n|t:|1700954606\n|gametype|doubles\n|player|p1|17th Sylveon|cynthia-gen4|1363\n|player|p2|hjgklm3k|101|1471\n|teamsize|p1|6\n|teamsize|p2|6\n|gen|9\n|tier|[Gen 9] VGC 2023 Regulation E\n|rated|\n|rule|Species Clause: Limit one of each Pok\u00e9mon\n|rule|Item Clause: Limit one of each item\n|clearpoke\n|poke|p1|Chien-Pao, L50|\n|poke|p1|Dragapult, L50, F|\n|poke|p1|Tornadus, L50, M|\n|poke|p1|Urshifu-*, L50, F|\n|poke|p1|Rillaboom, L50, M|\n|poke|p1|Arcanine-Hisui, L50, M|\n|poke|p2|Ogerpon-Cornerstone, L50, F|\n|poke|p2|Tyranitar, L50, F|\n|poke|p2|Ursaluna-Bloodmoon, L50, M|\n|poke|p2|Cresselia, L50, F|\n|poke|p2|Iron Hands, L50|\n|poke|p2|Gastrodon, L50, M|\n|teampreview|4\n|\n|t:|1700954647\n|start\n|switch|p1a: Chien-Pao|Chien-Pao, L50|100\/100\n|switch|p1b: Dragapult|Dragapult, L50, F|100\/100\n|switch|p2a: Cresselia|Cresselia, L50, F|100\/100\n|switch|p2b: Iron Hands|Iron Hands, L50|100\/100\n|-ability|p1a: Chien-Pao|Sword of Ruin\n|-enditem|p2b: Iron Hands|Booster Energy\n|-activate|p2b: Iron Hands|ability: Quark Drive|[fromitem]\n|-start|p2b: Iron Hands|quarkdriveatk\n|turn|1\n|\n|t:|1700954667\n|-terastallize|p1a: Chien-Pao|Ghost\n|move|p2b: Iron Hands|Fake Out|p1a: Chien-Pao\n|-immune|p1a: Chien-Pao\n|move|p1b: Dragapult|Dragon Darts|p2a: Cresselia\n|-damage|p2a: Cresselia|68\/100\n|-anim|p1b: Dragapult|Dragon Darts|p2b: Iron Hands\n|-damage|p2b: Iron Hands|64\/100\n|move|p1a: Chien-Pao|Ice Spinner|p2b: Iron Hands\n|-damage|p2b: Iron Hands|24\/100\n|move|p2a: Cresselia|Trick Room|p2a: Cresselia\n|-fieldstart|move: Trick Room|[of] p2a: Cresselia\n|\n|upkeep\n|turn|2\n|\n|t:|1700954681\n|move|p2b: Iron Hands|Wild Charge|p1a: Chien-Pao\n|-damage|p1a: Chien-Pao|8\/100\n|-damage|p2b: Iron Hands|8\/100|[from] Recoil\n|move|p2a: Cresselia|Moonblast|p1b: Dragapult\n|-supereffective|p1b: Dragapult\n|-damage|p1b: Dragapult|52\/100\n|move|p1a: Chien-Pao|Ice Spinner|p2a: Cresselia\n|-damage|p2a: Cresselia|32\/100\n|-damage|p1a: Chien-Pao|0 fnt|[from] item: Rocky Helmet|[of] p2a: Cresselia\n|faint|p1a: Chien-Pao\n|move|p1b: Dragapult|Dragon Darts|p2a: Cresselia\n|-damage|p2a: Cresselia|7\/100\n|-anim|p1b: Dragapult|Dragon Darts|p2b: Iron Hands\n|-damage|p2b: Iron Hands|0 fnt\n|faint|p2b: Iron Hands\n|-end|p2b: Iron Hands|Quark Drive|[silent]\n|\n|upkeep\n|\n|t:|1700954695\n|switch|p2b: Ursaluna|Ursaluna-Bloodmoon, L50, M|100\/100\n|switch|p1a: Rillaboom|Rillaboom, L50, M|100\/100\n|-fieldstart|move: Grassy Terrain|[from] ability: Grassy Surge|[of] p1a: Rillaboom\n|turn|3\n|\n|t:|1700954724\n|-terastallize|p2b: Ursaluna|Normal\n|move|p2a: Cresselia|Helping Hand|p2b: Ursaluna\n|-singleturn|p2b: Ursaluna|Helping Hand|[of] p2a: Cresselia\n|move|p1a: Rillaboom|Fake Out|p2b: Ursaluna\n|-damage|p2b: Ursaluna|90\/100\n|cant|p2b: Ursaluna|flinch\n|move|p1b: Dragapult|Dragon Darts|p2a: Cresselia\n|-damage|p2a: Cresselia|0 fnt\n|-anim|p1b: Dragapult|Dragon Darts|p2b: Ursaluna\n|-damage|p2b: Ursaluna|65\/100\n|faint|p2a: Cresselia\n|\n|-heal|p2b: Ursaluna|71\/100|[from] Grassy Terrain\n|-heal|p1b: Dragapult|58\/100|[from] Grassy Terrain\n|upkeep\n|\n|t:|1700954729\n|switch|p2a: Ogerpon|Ogerpon-Cornerstone, L50, F|100\/100\n|turn|4\n|\n|t:|1700954748\n|move|p2b: Ursaluna|Hyper Voice|p1a: Rillaboom|[spread] p1a,p1b\n|-damage|p1a: Rillaboom|54\/100\n|-damage|p1b: Dragapult|0 fnt\n|faint|p1b: Dragapult\n|-damage|p2b: Ursaluna|61\/100|[from] item: Life Orb\n|move|p1a: Rillaboom|Wood Hammer|p2b: Ursaluna\n|-damage|p2b: Ursaluna|7\/100\n|-damage|p1a: Rillaboom|34\/100|[from] Recoil\n|move|p2a: Ogerpon|Ivy Cudgel|p1a: Rillaboom|[anim] Ivy Cudgel Rock\n|-crit|p1a: Rillaboom\n|-damage|p1a: Rillaboom|0 fnt\n|faint|p1a: Rillaboom\n|\n|-heal|p2b: Ursaluna|13\/100|[from] Grassy Terrain\n|upkeep\n|\n|t:|1700954757\n|switch|p1a: Arcanine|Arcanine-Hisui, L50, M|100\/100\n|-ability|p1a: Arcanine|Intimidate|boost\n|-unboost|p2a: Ogerpon|atk|1\n|-unboost|p2b: Ursaluna|atk|1\n|turn|5\n|\n|t:|1700954774\n|move|p1a: Arcanine|Extreme Speed|p2b: Ursaluna\n|-damage|p2b: Ursaluna|0 fnt\n|faint|p2b: Ursaluna\n|move|p2a: Ogerpon|Stomping Tantrum|p1a: Arcanine\n|-supereffective|p1a: Arcanine\n|-damage|p1a: Arcanine|3\/100\n|\n|-heal|p1a: Arcanine|9\/100|[from] Grassy Terrain\n|-fieldend|move: Trick Room\n|upkeep\n|turn|6\n|\n|t:|1700954782\n|move|p1a: Arcanine|Extreme Speed|p2a: Ogerpon\n|-resisted|p2a: Ogerpon\n|-damage|p2a: Ogerpon|85\/100\n|move|p2a: Ogerpon|Ivy Cudgel|p1a: Arcanine|[anim] Ivy Cudgel Rock\n|-supereffective|p1a: Arcanine\n|-damage|p1a: Arcanine|0 fnt\n|faint|p1a: Arcanine\n|\n|win|hjgklm3k\n|raw|17th Sylveon's rating: 1363 &rarr; <strong>1349<\/strong><br \/>(-14 for losing)\n|raw|hjgklm3k's rating: 1471 &rarr; <strong>1485<\/strong><br \/>(+14 for winning)\n","uploadtime":1700954786,"views":1,"p1id":"17thsylveon","p2id":"hjgklm3k","formatid":"gen9vgc2023regulatione","rating":1349,"private":0,"password":""}