{"id":"gen9vgc2023regulatione-1997943512","p1":"superinsaiyan18","p2":"qunqun24","format":"[Gen 9] VGC 2023 Regulation E","log":"|j|\u2606superinsaiyan18\n|j|\u2606qunqun24\n|t:|1700870342\n|gametype|doubles\n|player|p1|superinsaiyan18|guitarist|1409\n|player|p2|qunqun24|1|1518\n|teamsize|p1|6\n|teamsize|p2|6\n|gen|9\n|tier|[Gen 9] VGC 2023 Regulation E\n|rated|\n|rule|Species Clause: Limit one of each Pok\u00e9mon\n|rule|Item Clause: Limit one of each item\n|clearpoke\n|poke|p1|Goodra-Hisui, L50, M|\n|poke|p1|Arcanine-Hisui, L50, M|\n|poke|p1|Flutter Mane, L50|\n|poke|p1|Tornadus, L50, M|\n|poke|p1|Roaring Moon, L50|\n|poke|p1|Sinistcha-Masterpiece, L50|\n|poke|p2|Iron Hands, L50|\n|poke|p2|Landorus-Therian, L50, M|\n|poke|p2|Sinistcha, L50|\n|poke|p2|Grimmsnarl, L50, M|\n|poke|p2|Goodra-Hisui, L50, M|\n|poke|p2|Toxapex, L50, M|\n|teampreview|4\n|inactive|Battle timer is ON: inactive players will automatically lose when time's up. (requested by qunqun24)\n|\n|t:|1700870363\n|start\n|switch|p1a: Arcanine|Arcanine-Hisui, L50, M|100\/100\n|switch|p1b: Goodra|Goodra-Hisui, L50, M|100\/100\n|switch|p2a: Toxapex|Toxapex, L50, M|100\/100\n|switch|p2b: Landorus|Landorus-Therian, L50, M|100\/100\n|-ability|p2b: Landorus|Intimidate|boost\n|-unboost|p1a: Arcanine|atk|1\n|-unboost|p1b: Goodra|atk|1\n|-ability|p1a: Arcanine|Intimidate|boost\n|-unboost|p2a: Toxapex|atk|1\n|-unboost|p2b: Landorus|atk|1\n|turn|1\n|\n|t:|1700870386\n|switch|p1a: Flutter Mane|Flutter Mane, L50|100\/100\n|move|p2b: Landorus|Stomping Tantrum|p1b: Goodra\n|-supereffective|p1b: Goodra\n|-damage|p1b: Goodra|57\/100\n|move|p1b: Goodra|Shelter|p1b: Goodra\n|-boost|p1b: Goodra|def|2\n|move|p2a: Toxapex|Infestation|p1b: Goodra\n|-resisted|p1b: Goodra\n|-damage|p1b: Goodra|56\/100\n|-activate|p1b: Goodra|move: Infestation|[of] p2a: Toxapex\n|\n|-heal|p1b: Goodra|62\/100|[from] item: Leftovers\n|-damage|p1b: Goodra|45\/100|[from] move: Infestation|[partiallytrapped]\n|upkeep\n|turn|2\n|\n|t:|1700870402\n|move|p1b: Goodra|Protect|p1b: Goodra\n|-singleturn|p1b: Goodra|Protect\n|move|p2b: Landorus|Stomping Tantrum|p1b: Goodra\n|-activate|p1b: Goodra|move: Protect\n|move|p1a: Flutter Mane|Dazzling Gleam|p2b: Landorus|[spread] p2a,p2b\n|-resisted|p2a: Toxapex\n|-damage|p2a: Toxapex|80\/100\n|-damage|p2b: Landorus|43\/100\n|move|p2a: Toxapex|Infestation|p1a: Flutter Mane\n|-resisted|p1a: Flutter Mane\n|-damage|p1a: Flutter Mane|99\/100\n|-activate|p1a: Flutter Mane|move: Infestation|[of] p2a: Toxapex\n|\n|-heal|p1b: Goodra|52\/100|[from] item: Leftovers\n|-damage|p1a: Flutter Mane|84\/100|[from] move: Infestation|[partiallytrapped]\n|-damage|p1b: Goodra|35\/100|[from] move: Infestation|[partiallytrapped]\n|upkeep\n|turn|3\n|inactive|superinsaiyan18 has 30 seconds left.\n|\n|t:|1700870430\n|move|p2b: Landorus|Stomping Tantrum|p1a: Flutter Mane\n|-damage|p1a: Flutter Mane|18\/100\n|move|p1a: Flutter Mane|Dazzling Gleam|p2a: Toxapex|[spread] p2a,p2b\n|-resisted|p2a: Toxapex\n|-damage|p2a: Toxapex|61\/100\n|-damage|p2b: Landorus|0 fnt\n|faint|p2b: Landorus\n|move|p1b: Goodra|Heavy Slam|p2a: Toxapex\n|-resisted|p2a: Toxapex\n|-damage|p2a: Toxapex|53\/100\n|move|p2a: Toxapex|Substitute|p2a: Toxapex\n|-start|p2a: Toxapex|Substitute\n|-damage|p2a: Toxapex|28\/100\n|\n|-heal|p1b: Goodra|42\/100|[from] item: Leftovers\n|-damage|p1a: Flutter Mane|2\/100|[from] move: Infestation|[partiallytrapped]\n|-damage|p1b: Goodra|25\/100|[from] move: Infestation|[partiallytrapped]\n|upkeep\n|\n|t:|1700870441\n|switch|p2b: Goodra|Goodra-Hisui, L50, M|100\/100\n|turn|4\n|\n|t:|1700870450\n|move|p2a: Toxapex|Baneful Bunker|p2a: Toxapex\n|-singleturn|p2a: Toxapex|move: Protect\n|move|p1a: Flutter Mane|Dazzling Gleam|p2b: Goodra|[spread] p2b\n|-activate|p2a: Toxapex|move: Protect\n|-damage|p2b: Goodra|66\/100\n|move|p1b: Goodra|Body Press|p2b: Goodra\n|-supereffective|p2b: Goodra\n|-crit|p2b: Goodra\n|-damage|p2b: Goodra|0 fnt\n|faint|p2b: Goodra\n|\n|-heal|p1b: Goodra|31\/100|[from] item: Leftovers\n|-damage|p1a: Flutter Mane|0 fnt|[from] move: Infestation|[partiallytrapped]\n|faint|p1a: Flutter Mane\n|-end|p1a: Flutter Mane|Protosynthesis|[silent]\n|-damage|p1b: Goodra|15\/100|[from] move: Infestation|[partiallytrapped]\n|upkeep\n|\n|t:|1700870464\n|switch|p1a: Arcanine|Arcanine-Hisui, L50, M|100\/100\n|switch|p2b: Sinistcha|Sinistcha, L50|100\/100\n|-ability|p1a: Arcanine|Intimidate|boost\n|-immune|p2a: Toxapex\n|-unboost|p2b: Sinistcha|atk|1\n|-heal|p2a: Toxapex|53\/100|[from] ability: Hospitality|[of] p2b: Sinistcha\n|turn|5\n|\n|t:|1700870476\n|move|p1a: Arcanine|Flare Blitz|p2b: Sinistcha\n|-supereffective|p2b: Sinistcha\n|-damage|p2b: Sinistcha|0 fnt\n|faint|p2b: Sinistcha\n|-damage|p1a: Arcanine|68\/100|[from] Recoil\n|move|p1b: Goodra|Heavy Slam|p2a: Toxapex\n|-resisted|p2a: Toxapex\n|-activate|p2a: Toxapex|move: Substitute|[damage]\n|move|p2a: Toxapex|Infestation|p1a: Arcanine\n|-resisted|p1a: Arcanine\n|-damage|p1a: Arcanine|66\/100\n|-activate|p1a: Arcanine|move: Infestation|[of] p2a: Toxapex\n|\n|-heal|p1b: Goodra|21\/100|[from] item: Leftovers\n|-damage|p1a: Arcanine|50\/100|[from] move: Infestation|[partiallytrapped]\n|-damage|p1b: Goodra|5\/100|[from] move: Infestation|[partiallytrapped]\n|upkeep\n|turn|6\n|\n|t:|1700870485\n|move|p1a: Arcanine|Flare Blitz|p2a: Toxapex\n|-resisted|p2a: Toxapex\n|-end|p2a: Toxapex|Substitute\n|-damage|p1a: Arcanine|45\/100|[from] Recoil|[of] p2a: Toxapex\n|move|p1b: Goodra|Heavy Slam|p2a: Toxapex\n|-resisted|p2a: Toxapex\n|-damage|p2a: Toxapex|43\/100\n|move|p2a: Toxapex|Recover|p2a: Toxapex\n|-heal|p2a: Toxapex|93\/100\n|\n|-heal|p1b: Goodra|11\/100|[from] item: Leftovers\n|-damage|p1a: Arcanine|28\/100|[from] move: Infestation|[partiallytrapped]\n|-end|p1b: Goodra|Infestation|[partiallytrapped]\n|upkeep\n|turn|7\n|\n|t:|1700870497\n|move|p1a: Arcanine|Flare Blitz|p2a: Toxapex\n|-resisted|p2a: Toxapex\n|-damage|p2a: Toxapex|65\/100\n|-damage|p1a: Arcanine|20\/100|[from] Recoil\n|move|p1b: Goodra|Shelter|p1b: Goodra\n|-boost|p1b: Goodra|def|2\n|move|p2a: Toxapex|Infestation|p1b: Goodra\n|-resisted|p1b: Goodra\n|-damage|p1b: Goodra|10\/100\n|-activate|p1b: Goodra|move: Infestation|[of] p2a: Toxapex\n|\n|-heal|p1b: Goodra|16\/100|[from] item: Leftovers\n|-damage|p1a: Arcanine|4\/100|[from] move: Infestation|[partiallytrapped]\n|-damage|p1b: Goodra|0 fnt|[from] move: Infestation|[partiallytrapped]\n|faint|p1b: Goodra\n|upkeep\n|\n|t:|1700870500\n|switch|p1b: Roaring Moon|Roaring Moon, L50|100\/100\n|-enditem|p1b: Roaring Moon|Booster Energy\n|-activate|p1b: Roaring Moon|ability: Protosynthesis|[fromitem]\n|-start|p1b: Roaring Moon|protosynthesisatk\n|turn|8\n|\n|t:|1700870505\n|-terastallize|p1b: Roaring Moon|Flying\n|move|p2a: Toxapex|Baneful Bunker|p2a: Toxapex\n|-singleturn|p2a: Toxapex|move: Protect\n|move|p1b: Roaring Moon|Acrobatics|p2a: Toxapex\n|-activate|p2a: Toxapex|move: Protect\n|-status|p1b: Roaring Moon|psn\n|move|p1a: Arcanine|Flare Blitz|p2a: Toxapex\n|-activate|p2a: Toxapex|move: Protect\n|-status|p1a: Arcanine|psn\n|\n|-damage|p1b: Roaring Moon|88\/100 psn|[from] psn\n|-damage|p1a: Arcanine|0 fnt|[from] psn\n|faint|p1a: Arcanine\n|upkeep\n|turn|9\n|\n|t:|1700870519\n|move|p1b: Roaring Moon|Acrobatics|p2a: Toxapex\n|-damage|p2a: Toxapex|13\/100\n|move|p2a: Toxapex|Infestation|p1b: Roaring Moon\n|-resisted|p1b: Roaring Moon\n|-damage|p1b: Roaring Moon|87\/100 psn\n|-activate|p1b: Roaring Moon|move: Infestation|[of] p2a: Toxapex\n|\n|-damage|p1b: Roaring Moon|74\/100 psn|[from] psn\n|-damage|p1b: Roaring Moon|58\/100 psn|[from] move: Infestation|[partiallytrapped]\n|upkeep\n|turn|10\n|\n|t:|1700870528\n|move|p2a: Toxapex|Baneful Bunker|p2a: Toxapex\n|-singleturn|p2a: Toxapex|move: Protect\n|move|p1b: Roaring Moon|Acrobatics|p2a: Toxapex\n|-activate|p2a: Toxapex|move: Protect\n|\n|-damage|p1b: Roaring Moon|45\/100 psn|[from] psn\n|-damage|p1b: Roaring Moon|29\/100 psn|[from] move: Infestation|[partiallytrapped]\n|upkeep\n|turn|11\n|\n|t:|1700870537\n|move|p2a: Toxapex|Baneful Bunker||[still]\n|-fail|p2a: Toxapex\n|move|p1b: Roaring Moon|Acrobatics|p2a: Toxapex\n|-damage|p2a: Toxapex|0 fnt\n|faint|p2a: Toxapex\n|\n|win|superinsaiyan18\n|raw|superinsaiyan18's rating: 1409 &rarr; <strong>1435<\/strong><br \/>(+26 for winning)\n|raw|qunqun24's rating: 1518 &rarr; <strong>1492<\/strong><br \/>(-26 for losing)\n|l|\u2606qunqun24\n","uploadtime":1700870544,"views":5,"p1id":"superinsaiyan18","p2id":"qunqun24","formatid":"gen9vgc2023regulatione","rating":1435,"private":0,"password":""}