{"id":"gen9vgc2023regulatione-1989898266","p1":"ZonXJ","p2":"Casper614","format":"[Gen 9] VGC 2023 Regulation E","log":"|j|\u2606ZonXJ\n|j|\u2606Casper614\n|t:|1699904931\n|gametype|doubles\n|player|p1|ZonXJ|archie-gen6|\n|player|p2|Casper614|1|\n|teamsize|p1|6\n|teamsize|p2|6\n|gen|9\n|tier|[Gen 9] VGC 2023 Regulation E\n|rule|Species Clause: Limit one of each Pok\u00e9mon\n|rule|Item Clause: Limit one of each item\n|clearpoke\n|poke|p1|Politoed, L50, M|\n|poke|p1|Chien-Pao, L50|\n|poke|p1|Ogerpon-Wellspring, L50, F|\n|poke|p1|Gothitelle, L50, F|\n|poke|p1|Basculegion, L50, M|\n|poke|p1|Zapdos, L50|\n|poke|p2|Dusclops, L50, M|\n|poke|p2|Bellibolt, L50, M|\n|poke|p2|Ting-Lu, L50|\n|poke|p2|Landorus-Therian, L50, M|\n|poke|p2|Dragalge, L50, F|\n|poke|p2|Chandelure, L50, F|\n|teampreview|4\nZonXJ has agreed to open team sheets.\nCasper614 has agreed to open team sheets.\n|showteam|p1|Politoed||DampRock|Drizzle|IcyWind,MuddyWater,PerishSong,Protect|||M|||50|,,,,,Grass]Chien-Pao||FocusSash|SwordofRuin|IceSpinner,SacredSword,SuckerPunch,Protect||||||50|,,,,,Ghost]Ogerpon-Wellspring||WellspringMask|WaterAbsorb|IvyCudgel,HornLeech,SpikyShield,FollowMe|||F|||50|,,,,,Water]Gothitelle||SitrusBerry|ShadowTag|Psyshock,FakeOut,TrickRoom,Protect|||F|||50|,,,,,Water]Basculegion||LifeOrb|SwiftSwim|WaveCrash,LastRespects,AquaJet,Protect|||M|||50|,,,,,Water]Zapdos||RockyHelmet|Static|Thunderbolt,Hurricane,Tailwind,Detect||||||50|,,,,,Steel\n|showteam|p2|Dusclops||Eviolite|Pressure|TrickRoom,PainSplit,WillOWisp,Haze|||M|||50|,,,,,Dark]Bellibolt||ChoiceSpecs|Electromorphosis|ParabolicCharge,ChillingWater,WeatherBall,VoltSwitch|||M|||50|,,,,,Flying]Ting-Lu||LifeOrb|VesselofRuin|StompingTantrum,RockSlide,BodySlam,ZenHeadbutt||||||50|,,,,,Fairy]Landorus-Therian||ChoiceScarf|Intimidate|TeraBlast,Earthquake,RockSlide,Outrage|||M|||50|,,,,,Dragon]Dragalge||WhiteHerb|Adaptability|DracoMeteor,DragonPulse,SludgeBomb,Protect|||F|||50|,,,,,Dragon]Chandelure||RoomService|FlashFire|TrickRoom,ShadowBall,Flamethrower,PainSplit|||F|||50|,,,,,Steel\n|\n|t:|1699904996\n|start\n|switch|p1a: uwu|Ogerpon-Wellspring, L50, F|100\/100\n|switch|p1b: DaUmbreonClan|Gothitelle, L50, F|100\/100\n|switch|p2a: Dusclops|Dusclops, L50, M|100\/100\n|switch|p2b: Landorus|Landorus-Therian, L50, M|100\/100\n|-ability|p2b: Landorus|Intimidate|boost\n|-unboost|p1a: uwu|atk|1\n|-unboost|p1b: DaUmbreonClan|atk|1\n|-ability|p2a: Dusclops|Pressure\n|turn|1\n|\n|t:|1699905023\n|-terastallize|p1a: uwu|Water\n|detailschange|p1a: uwu|Ogerpon-Wellspring-Tera, L50, F, tera:Water\n|-ability|p1a: uwu|Embody Aspect (Wellspring)|boost\n|-boost|p1a: uwu|spd|1\n|move|p1b: DaUmbreonClan|Fake Out|p2b: Landorus\n|-damage|p2b: Landorus|96\/100\n|cant|p2b: Landorus|flinch\n|move|p1a: uwu|Ivy Cudgel|p2b: Landorus\n|-supereffective|p2b: Landorus\n|-damage|p2b: Landorus|0 fnt\n|faint|p2b: Landorus\n|move|p2a: Dusclops|Trick Room|p2a: Dusclops\n|-fieldstart|move: Trick Room|[of] p2a: Dusclops\n|\n|upkeep\n|\n|t:|1699905036\n|switch|p2b: Bellibolt|Bellibolt, L50, M|100\/100\n|turn|2\n|\n|t:|1699905053\n|switch|p1a: Calreath|Politoed, L50, M|100\/100\n|-weather|RainDance|[from] ability: Drizzle|[of] p1a: Calreath\n|move|p2a: Dusclops|Will-O-Wisp|p1a: Calreath|[miss]\n|-miss|p2a: Dusclops|p1a: Calreath\n|move|p2b: Bellibolt|Parabolic Charge|p1a: Calreath|[spread] p2a,p1a,p1b\n|-supereffective|p1a: Calreath\n|-crit|p1b: DaUmbreonClan\n|-damage|p2a: Dusclops|79\/100\n|-damage|p1a: Calreath|45\/100\n|-damage|p1b: DaUmbreonClan|57\/100\n|move|p1b: DaUmbreonClan|Trick Room|p1b: DaUmbreonClan\n|-fieldend|move: Trick Room\n|\n|-weather|RainDance|[upkeep]\n|upkeep\n|turn|3\n|c|\u2606ZonXJ|im greedy\n|\n|t:|1699905076\n|move|p1a: Calreath|Muddy Water|p2a: Dusclops|[spread] p2a,p2b\n|-damage|p2a: Dusclops|58\/100\n|-damage|p2b: Bellibolt|67\/100\n|-unboost|p2a: Dusclops|accuracy|1\n|-start|p2b: Bellibolt|Charge|Muddy Water|[from] ability: Electromorphosis\n|move|p1b: DaUmbreonClan|Psyshock|p2b: Bellibolt\n|-damage|p2b: Bellibolt|43\/100\n|-start|p2b: Bellibolt|Charge|Psyshock|[from] ability: Electromorphosis\n|move|p2b: Bellibolt|Parabolic Charge|p1a: Calreath|[spread] p2a,p1a,p1b\n|-crit|p2a: Dusclops\n|-supereffective|p1a: Calreath\n|-damage|p2a: Dusclops|0 fnt\n|-heal|p2b: Bellibolt|59\/100|[from] drain|[of] p2a: Dusclops\n|-damage|p1a: Calreath|0 fnt\n|-heal|p2b: Bellibolt|79\/100|[from] drain|[of] p1a: Calreath\n|-damage|p1b: DaUmbreonClan|6\/100\n|-heal|p2b: Bellibolt|100\/100|[from] drain|[of] p1b: DaUmbreonClan\n|-enditem|p1b: DaUmbreonClan|Sitrus Berry|[eat]\n|-heal|p1b: DaUmbreonClan|31\/100|[from] item: Sitrus Berry\n|faint|p2a: Dusclops\n|faint|p1a: Calreath\n|-end|p2b: Bellibolt|Charge|[silent]\n|\n|-weather|RainDance|[upkeep]\n|upkeep\n|\n|t:|1699905094\n|switch|p1a: uwu|Ogerpon-Wellspring-Tera, L50, F, tera:Water|100\/100\n|switch|p2a: Dragalge|Dragalge, L50, F|100\/100\n|-ability|p1a: uwu|Embody Aspect (Wellspring)|boost\n|-boost|p1a: uwu|spd|1\n|turn|4\n|c|\u2606Casper614|bellibolt goated\n|\n|t:|1699905144\n|-terastallize|p2a: Dragalge|Dragon\n|move|p1a: uwu|Ivy Cudgel|p2b: Bellibolt\n|-damage|p2b: Bellibolt|1\/100\n|-start|p2b: Bellibolt|Charge|Ivy Cudgel|[from] ability: Electromorphosis\n|move|p1b: DaUmbreonClan|Psyshock|p2b: Bellibolt\n|-damage|p2b: Bellibolt|0 fnt\n|faint|p2b: Bellibolt\n|move|p2a: Dragalge|Dragon Pulse|p1b: DaUmbreonClan\n|-damage|p1b: DaUmbreonClan|0 fnt\n|faint|p1b: DaUmbreonClan\n|\n|-weather|RainDance|[upkeep]\n|upkeep\n|c|\u2606Casper614|ain\u2019t no way\n|c|\u2606ZonXJ|thank god i double\n|\n|t:|1699905162\n|switch|p1b: Did u pray today?|Basculegion, L50, M, shiny|100\/100\n|turn|5\n|c|\u2606ZonXJ|gg\n|\n|t:|1699905181\n|move|p1b: Did u pray today?|Last Respects|p2a: Dragalge\n|-damage|p2a: Dragalge|0 fnt\n|faint|p2a: Dragalge\n|-damage|p1b: Did u pray today?|91\/100|[from] item: Life Orb\n|\n|win|ZonXJ\n|c|\u2606Casper614|gg\n|l|\u2606Casper614\n|j| killfery\n|c| killfery|Brr\n|c| killfery|Supp draga here\n|l| killfery\n","uploadtime":1699905402,"views":14,"p1id":"zonxj","p2id":"casper614","formatid":"gen9vgc2023regulatione","rating":0,"private":0,"password":""}