{"id":"gen9vgc2023regulatione-1999250850","p1":"Zulneily","p2":"joshferd","format":"[Gen 9] VGC 2023 Regulation E","log":"|j|\u2606Zulneily\n|j|\u2606joshferd\n|t:|1701050791\n|gametype|doubles\n|player|p1|Zulneily|hilda-wonderlauncher|1172\n|player|p2|joshferd|102|1161\n|teamsize|p1|6\n|teamsize|p2|6\n|gen|9\n|tier|[Gen 9] VGC 2023 Regulation E\n|rated|\n|rule|Species Clause: Limit one of each Pok\u00e9mon\n|rule|Item Clause: Limit one of each item\n|clearpoke\n|poke|p1|Ursaluna, L50, F|\n|poke|p1|Indeedee-F, L50, F|\n|poke|p1|Annihilape, L50, M|\n|poke|p1|Sinistcha-Masterpiece, L50|\n|poke|p1|Gastrodon-East, L50, F|\n|poke|p1|Arcanine-Hisui, L50, M|\n|poke|p2|Tornadus, L50, M|\n|poke|p2|Urshifu-*, L50, F|\n|poke|p2|Maushold, L50|\n|poke|p2|Oricorio-Sensu, L50, F|\n|poke|p2|Volcarona, L50, F|\n|poke|p2|Chien-Pao, L50|\n|teampreview|4\njoshferd has agreed to open team sheets.\nZulneily rejected open team sheets.\n|inactive|Battle timer is ON: inactive players will automatically lose when time's up. (requested by Zulneily)\n|\n|t:|1701050880\n|start\n|switch|p1a: Indeedee|Indeedee-F, L50, F, shiny|100\/100\n|switch|p1b: Arcanine|Arcanine-Hisui, L50, M, shiny|100\/100\n|switch|p2a: Tornadus|Tornadus, L50, M|100\/100\n|switch|p2b: Urshifu|Urshifu-Rapid-Strike, L50, F|100\/100\n|-ability|p1b: Arcanine|Intimidate|boost\n|-unboost|p2a: Tornadus|atk|1\n|-unboost|p2b: Urshifu|atk|1\n|-fieldstart|move: Psychic Terrain|[from] ability: Psychic Surge|[of] p1a: Indeedee\n|turn|1\n|\n|t:|1701050904\n|switch|p1b: Gastrodon|Gastrodon-East, L50, F|100\/100\n|move|p2a: Tornadus|Tailwind|p2a: Tornadus\n|-sidestart|p2: joshferd|move: Tailwind\n|move|p2b: Urshifu|Ice Spinner|p1a: Indeedee\n|-damage|p1a: Indeedee|74\/100\n|-fieldend|move: Psychic Terrain\n|move|p1a: Indeedee|Trick Room|p1a: Indeedee\n|-fieldstart|move: Trick Room|[of] p1a: Indeedee\n|\n|upkeep\n|turn|2\n|\n|t:|1701050929\n|switch|p1a: Arcanine|Arcanine-Hisui, L50, M, shiny|100\/100\n|-ability|p1a: Arcanine|Intimidate|boost\n|-unboost|p2a: Tornadus|atk|1\n|-unboost|p2b: Urshifu|atk|1\n|switch|p2b: Volcarona|Volcarona, L50, F|100\/100\n|move|p1b: Gastrodon|Muddy Water|p2a: Tornadus|[spread] p2b\n|-miss|p1b: Gastrodon|p2a: Tornadus\n|-supereffective|p2b: Volcarona\n|-damage|p2b: Volcarona|56\/100\n|move|p2a: Tornadus|Bleakwind Storm|p1a: Arcanine|[spread] p1a,p1b\n|-resisted|p1a: Arcanine\n|-crit|p1b: Gastrodon\n|-damage|p1a: Arcanine|89\/100\n|-damage|p1b: Gastrodon|61\/100\n|\n|upkeep\n|turn|3\n|\n|t:|1701050952\n|switch|p2a: Oricorio|Oricorio-Sensu, L50, F|100\/100\n|move|p1b: Gastrodon|Muddy Water|p2b: Volcarona|[spread] p2a\n|-miss|p1b: Gastrodon|p2b: Volcarona\n|-damage|p2a: Oricorio|61\/100\n|-unboost|p2a: Oricorio|accuracy|1\n|move|p1a: Arcanine|Rock Slide|p2b: Volcarona|[spread] p2b\n|-miss|p1a: Arcanine|p2a: Oricorio\n|-supereffective|p2b: Volcarona\n|-damage|p2b: Volcarona|0 fnt\n|faint|p2b: Volcarona\n|\n|upkeep\n|\n|t:|1701050971\n|switch|p2b: Urshifu|Urshifu-Rapid-Strike, L50, F|100\/100\n|turn|4\n|inactive|joshferd has 30 seconds left.\n|\n|t:|1701051005\n|switch|p1a: Annihilape|Annihilape, L50, M|100\/100\n|move|p2a: Oricorio|Protect|p2a: Oricorio\n|-singleturn|p2a: Oricorio|Protect\n|move|p1b: Gastrodon|Muddy Water|p2a: Oricorio|[spread] p2b\n|-activate|p2a: Oricorio|move: Protect\n|-resisted|p2b: Urshifu\n|-damage|p2b: Urshifu|82\/100\n|move|p2b: Urshifu|Close Combat|p1b: Gastrodon\n|-damage|p1b: Gastrodon|0 fnt\n|-unboost|p2b: Urshifu|def|1\n|-unboost|p2b: Urshifu|spd|1\n|faint|p1b: Gastrodon\n|\n|-sideend|p2: joshferd|move: Tailwind\n|upkeep\n|\n|t:|1701051020\n|switch|p1b: Arcanine|Arcanine-Hisui, L50, M, shiny|89\/100\n|-ability|p1b: Arcanine|Intimidate|boost\n|-unboost|p2a: Oricorio|atk|1\n|-unboost|p2b: Urshifu|atk|1\n|turn|5\n|\n|t:|1701051035\n|switch|p2b: Tornadus|Tornadus, L50, M|100\/100\n|-terastallize|p1b: Arcanine|Electric\n|move|p1a: Annihilape|Rage Fist|p2a: Oricorio\n|-supereffective|p2a: Oricorio\n|-damage|p2a: Oricorio|0 fnt\n|faint|p2a: Oricorio\n|move|p1b: Arcanine|Wild Charge|p2b: Tornadus\n|-supereffective|p2b: Tornadus\n|-damage|p2b: Tornadus|27\/100\n|-damage|p1b: Arcanine|72\/100|[from] Recoil\n|\n|-fieldend|move: Trick Room\n|upkeep\n|\n|t:|1701051046\n|switch|p2a: Urshifu|Urshifu-Rapid-Strike, L50, F|82\/100\n|turn|6\n|inactive|Zulneily has 30 seconds left.\n|inactive|joshferd has 30 seconds left.\n|inactive|Zulneily has 20 seconds left.\n|inactive|Zulneily has 15 seconds left.\n|\n|t:|1701051090\n|move|p2b: Tornadus|Tailwind|p2b: Tornadus\n|-sidestart|p2: joshferd|move: Tailwind\n|move|p2a: Urshifu|Surging Strikes|p1b: Arcanine\n|-crit|p1b: Arcanine\n|-damage|p1b: Arcanine|49\/100\n|-crit|p1b: Arcanine\n|-damage|p1b: Arcanine|26\/100\n|-crit|p1b: Arcanine\n|-damage|p1b: Arcanine|4\/100\n|-hitcount|p1b: Arcanine|3\n|move|p1a: Annihilape|Rage Fist|p2b: Tornadus\n|-damage|p2b: Tornadus|8\/100\n|move|p1b: Arcanine|Rock Slide|p2a: Urshifu|[spread] p2a,p2b\n|-resisted|p2a: Urshifu\n|-supereffective|p2b: Tornadus\n|-damage|p2a: Urshifu|70\/100\n|-damage|p2b: Tornadus|0 fnt\n|faint|p2b: Tornadus\n|\n|upkeep\n|turn|7\n|inactive|joshferd has 30 seconds left.\n|\n|t:|1701051116\n|-terastallize|p2a: Urshifu|Water\n|move|p2a: Urshifu|Surging Strikes|p1a: Annihilape\n|-crit|p1a: Annihilape\n|-damage|p1a: Annihilape|70\/100\n|-crit|p1a: Annihilape\n|-damage|p1a: Annihilape|37\/100\n|-crit|p1a: Annihilape\n|-damage|p1a: Annihilape|7\/100\n|-hitcount|p1a: Annihilape|3\n|move|p1b: Arcanine|Wild Charge|p2a: Urshifu\n|-supereffective|p2a: Urshifu\n|-damage|p2a: Urshifu|0 fnt\n|faint|p2a: Urshifu\n|-damage|p1b: Arcanine|0 fnt|[from] Recoil\n|faint|p1b: Arcanine\n|\n|win|Zulneily\n|raw|Zulneily's rating: 1172 &rarr; <strong>1196<\/strong><br \/>(+24 for winning)\n|raw|joshferd's rating: 1161 &rarr; <strong>1137<\/strong><br \/>(-24 for losing)\n|l|\u2606joshferd\n","uploadtime":1701051170,"views":2,"p1id":"zulneily","p2id":"joshferd","formatid":"gen9vgc2023regulatione","rating":1137,"private":0,"password":""}