{"id":"gen9vgc2023regulatione-1998166735","p1":"KathyKane","p2":"StaffOfDesolation","format":"[Gen 9] VGC 2023 Regulation E","log":"|j|\u2606KathyKane\n|j|\u2606StaffOfDesolation\n|t:|1700904688\n|gametype|doubles\n|player|p1|KathyKane|raifort|1194\n|player|p2|StaffOfDesolation|palmer|1280\n|teamsize|p1|6\n|teamsize|p2|6\n|gen|9\n|tier|[Gen 9] VGC 2023 Regulation E\n|rated|\n|rule|Species Clause: Limit one of each Pok\u00e9mon\n|rule|Item Clause: Limit one of each item\n|clearpoke\n|poke|p1|Iron Hands, L50|\n|poke|p1|Arcanine-Hisui, L50, F|\n|poke|p1|Urshifu-*, L50, F|\n|poke|p1|Gholdengo, L50|\n|poke|p1|Roaring Moon, L50|\n|poke|p1|Ogerpon, L50, F|\n|poke|p2|Ursaluna-Bloodmoon, L50, M|\n|poke|p2|Iron Hands, L50|\n|poke|p2|Muk-Alola, L50, F|\n|poke|p2|Chansey, L50, F|\n|poke|p2|Carbink, L50|\n|poke|p2|Glimmora, L50, M|\n|teampreview|4\nKathyKane has agreed to open team sheets.\n|\n|t:|1700904723\n|start\n|switch|p1a: Salamence lite|Roaring Moon, L50|100\/100\n|switch|p1b: cheese|Gholdengo, L50|100\/100\n|switch|p2a: Ursaluna|Ursaluna-Bloodmoon, L50, M|100\/100\n|switch|p2b: Carbink|Carbink, L50|100\/100\n|-enditem|p1a: Salamence lite|Booster Energy\n|-activate|p1a: Salamence lite|ability: Protosynthesis|[fromitem]\n|-start|p1a: Salamence lite|protosynthesisspe\n|turn|1\n|\n|t:|1700904742\n|move|p1a: Salamence lite|Knock Off|p2a: Ursaluna\n|-damage|p2a: Ursaluna|70\/100\n|-enditem|p2a: Ursaluna|Red Card|[from] move: Knock Off|[of] p1a: Salamence lite\n|move|p1b: cheese|Make It Rain|p2a: Ursaluna|[spread] p2a,p2b\n|-supereffective|p2b: Carbink\n|-damage|p2a: Ursaluna|2\/100\n|-ability|p2b: Carbink|Sturdy\n|-damage|p2b: Carbink|1\/100\n|-unboost|p1b: cheese|spa|1\n|move|p2a: Ursaluna|Earth Power|p1b: cheese\n|-supereffective|p1b: cheese\n|-damage|p1b: cheese|0 fnt\n|faint|p1b: cheese\n|move|p2b: Carbink|Trick Room|p2b: Carbink\n|-fieldstart|move: Trick Room|[of] p2b: Carbink\n|\n|upkeep\n|\n|t:|1700904757\n|switch|p1b: panda express|Urshifu-Rapid-Strike, L50, F|100\/100\n|turn|2\n|\n|t:|1700904791\n|switch|p2a: Chansey|Chansey, L50, F|100\/100\n|move|p1a: Salamence lite|Protect|p1a: Salamence lite\n|-singleturn|p1a: Salamence lite|Protect\n|move|p1b: panda express|Aqua Jet|p2a: Chansey\n|-damage|p2a: Chansey|81\/100\n|move|p2b: Carbink|Guard Split|p2a: Chansey\n|-activate|p2b: Carbink|move: Guard Split|[of] p2a: Chansey\n|\n|upkeep\n|turn|3\n|\n|t:|1700904826\n|switch|p2b: Muk|Muk-Alola, L50, F, shiny|100\/100\n|-terastallize|p2a: Chansey|Ghost\n|move|p1b: panda express|Aqua Jet|p2b: Muk\n|-damage|p2b: Muk|80\/100\n|move|p2a: Chansey|Seismic Toss|p1a: Salamence lite\n|-damage|p1a: Salamence lite|77\/100\n|move|p1a: Salamence lite|Knock Off|p2a: Chansey\n|-supereffective|p2a: Chansey\n|-damage|p2a: Chansey|57\/100\n|-enditem|p2a: Chansey|Eviolite|[from] move: Knock Off|[of] p1a: Salamence lite\n|\n|upkeep\n|turn|4\n|\n|t:|1700904843\n|move|p1b: panda express|Detect|p1b: panda express\n|-singleturn|p1b: panda express|Protect\n|move|p2b: Muk|Minimize|p2b: Muk\n|-boost|p2b: Muk|evasion|2\n|move|p2a: Chansey|Copycat|p2a: Chansey\n|move|p2a: Chansey|Minimize|p2a: Chansey|[from]move: Copycat\n|-boost|p2a: Chansey|evasion|2\n|move|p1a: Salamence lite|Knock Off|p2a: Chansey\n|-supereffective|p2a: Chansey\n|-damage|p2a: Chansey|31\/100\n|\n|upkeep\n|turn|5\n|\n|t:|1700904860\n|move|p2b: Muk|Minimize|p2b: Muk\n|-boost|p2b: Muk|evasion|2\n|move|p2a: Chansey|Soft-Boiled|p2a: Chansey\n|-heal|p2a: Chansey|81\/100\n|move|p1b: panda express|Surging Strikes|p2b: Muk|[miss]\n|-miss|p1b: panda express|p2b: Muk\n|move|p1a: Salamence lite|Knock Off|p2a: Chansey\n|-supereffective|p2a: Chansey\n|-damage|p2a: Chansey|57\/100\n|\n|-fieldend|move: Trick Room\n|upkeep\n|turn|6\n|\n|t:|1700904886\n|move|p1a: Salamence lite|Knock Off|p2a: Chansey|[miss]\n|-miss|p1a: Salamence lite|p2a: Chansey\n|move|p1b: panda express|Surging Strikes|p2b: Muk|[miss]\n|-miss|p1b: panda express|p2b: Muk\n|move|p2a: Chansey|Soft-Boiled|p2a: Chansey\n|-heal|p2a: Chansey|100\/100\n|move|p2b: Muk|Toxic|p1a: Salamence lite\n|-status|p1a: Salamence lite|tox\n|\n|-damage|p1a: Salamence lite|71\/100 tox|[from] psn\n|upkeep\n|turn|7\n|\n|t:|1700904903\n|move|p1a: Salamence lite|Knock Off|p2a: Chansey\n|-supereffective|p2a: Chansey\n|-damage|p2a: Chansey|75\/100\n|move|p1b: panda express|Surging Strikes|p2b: Muk|[miss]\n|-miss|p1b: panda express|p2b: Muk\n|move|p2a: Chansey|Seismic Toss|p1b: panda express\n|-damage|p1b: panda express|72\/100\n|move|p2b: Muk|Minimize|p2b: Muk\n|-boost|p2b: Muk|evasion|2\n|\n|-damage|p1a: Salamence lite|59\/100 tox|[from] psn\n|upkeep\n|turn|8\n|\n|t:|1700904921\n|move|p1a: Salamence lite|Breaking Swipe|p2b: Muk|[spread] \n|-miss|p1a: Salamence lite|p2a: Chansey\n|-miss|p1a: Salamence lite|p2b: Muk\n|move|p1b: panda express|Surging Strikes|p2b: Muk\n|-crit|p2b: Muk\n|-damage|p2b: Muk|61\/100\n|-crit|p2b: Muk\n|-damage|p2b: Muk|42\/100\n|-enditem|p2b: Muk|Sitrus Berry|[eat]\n|-heal|p2b: Muk|67\/100|[from] item: Sitrus Berry\n|-crit|p2b: Muk\n|-damage|p2b: Muk|50\/100\n|-hitcount|p2b: Muk|3\n|move|p2a: Chansey|Seismic Toss|p1b: panda express\n|-damage|p1b: panda express|43\/100\n|move|p2b: Muk|Knock Off|p1b: panda express\n|-resisted|p1b: panda express\n|-crit|p1b: panda express\n|-damage|p1b: panda express|16\/100\n|-status|p1b: panda express|psn|[from] ability: Poison Touch|[of] p2b: Muk\n|-enditem|p1b: panda express|Mystic Water|[from] move: Knock Off|[of] p2b: Muk\n|\n|-damage|p1a: Salamence lite|40\/100 tox|[from] psn\n|-damage|p1b: panda express|4\/100 psn|[from] psn\n|upkeep\n|turn|9\n|\n|t:|1700904949\n|move|p2b: Muk|Protect|p2b: Muk\n|-singleturn|p2b: Muk|Protect\n|move|p1a: Salamence lite|Breaking Swipe|p2b: Muk|[spread] p2a\n|-activate|p2b: Muk|move: Protect\n|-damage|p2a: Chansey|66\/100\n|-unboost|p2a: Chansey|atk|1\n|move|p1b: panda express|Surging Strikes|p2b: Muk\n|-crit|p2b: Muk\n|-damage|p2b: Muk|34\/100\n|-crit|p2b: Muk\n|-damage|p2b: Muk|17\/100\n|-crit|p2b: Muk\n|-damage|p2b: Muk|0 fnt\n|faint|p2b: Muk\n|-hitcount|p2: Muk|3\n|move|p2a: Chansey|Seismic Toss|p1a: Salamence lite\n|-damage|p1a: Salamence lite|17\/100 tox\n|\n|-damage|p1a: Salamence lite|0 fnt|[from] psn\n|faint|p1a: Salamence lite\n|-end|p1a: Salamence lite|Protosynthesis|[silent]\n|-damage|p1b: panda express|0 fnt|[from] psn\n|faint|p1b: panda express\n|upkeep\n|\n|t:|1700904974\n|switch|p1a: Ogerpon|Ogerpon, L50, F|100\/100\n|switch|p2b: Carbink|Carbink, L50|1\/100\n|turn|10\n|\n|t:|1700904990\n|-terastallize|p1a: Ogerpon|Grass\n|detailschange|p1a: Ogerpon|Ogerpon-Teal-Tera, L50, F, tera:Grass\n|-ability|p1a: Ogerpon|Embody Aspect (Teal)|boost\n|-boost|p1a: Ogerpon|spe|1\n|move|p1a: Ogerpon|Ivy Cudgel|p2a: Chansey|[miss]\n|-miss|p1a: Ogerpon|p2a: Chansey\n|move|p2a: Chansey|Seismic Toss|p1a: Ogerpon\n|-damage|p1a: Ogerpon|68\/100\n|move|p2b: Carbink|Trick Room|p2b: Carbink\n|-fieldstart|move: Trick Room|[of] p2b: Carbink\n|\n|upkeep\n|turn|11\n|\n|t:|1700905004\n|move|p2b: Carbink|Rock Slide|p1a: Ogerpon\n|-damage|p1a: Ogerpon|48\/100\n|move|p2a: Chansey|Seismic Toss|p1a: Ogerpon\n|-damage|p1a: Ogerpon|16\/100\n|move|p1a: Ogerpon|Ivy Cudgel|p2a: Chansey|[miss]\n|-miss|p1a: Ogerpon|p2a: Chansey\n|\n|upkeep\n|turn|12\n|inactive|Battle timer is ON: inactive players will automatically lose when time's up. (requested by StaffOfDesolation)\n|\n|t:|1700905039\n|move|p2b: Carbink|Rock Slide|p1a: Ogerpon\n|-damage|p1a: Ogerpon|0 fnt\n|faint|p1a: Ogerpon\n|\n|win|StaffOfDesolation\n|raw|KathyKane's rating: 1194 &rarr; <strong>1175<\/strong><br \/>(-19 for losing)\n|raw|StaffOfDesolation's rating: 1280 &rarr; <strong>1299<\/strong><br \/>(+19 for winning)\n","uploadtime":1700905044,"views":6,"p1id":"kathykane","p2id":"staffofdesolation","formatid":"gen9vgc2023regulatione","rating":1175,"private":0,"password":""}