{"id":"gen9vgc2023regulatione-1999706431","p1":"rojasgabriel","p2":"easty flaps","format":"[Gen 9] VGC 2023 Regulation E","log":"|j|\u2606rojasgabriel\n|j|\u2606easty flaps\n|t:|1701109529\n|gametype|doubles\n|player|p1|rojasgabriel|265|1057\n|player|p2|easty flaps|2|1070\n|teamsize|p1|6\n|teamsize|p2|6\n|gen|9\n|tier|[Gen 9] VGC 2023 Regulation E\n|rated|\n|rule|Species Clause: Limit one of each Pok\u00e9mon\n|rule|Item Clause: Limit one of each item\n|clearpoke\n|poke|p1|Ninetales-Alola, L50, M|\n|poke|p1|Cetitan, L50, F|\n|poke|p1|Baxcalibur, L50, F|\n|poke|p1|Landorus-Therian, L50, M|\n|poke|p1|Heatran, L50, M|\n|poke|p1|Rillaboom, L50, M|\n|poke|p2|Ogerpon-Hearthflame, L50, F|\n|poke|p2|Chien-Pao, L50|\n|poke|p2|Urshifu-*, L50, F|\n|poke|p2|Gholdengo, L50|\n|poke|p2|Rillaboom, L50, M|\n|poke|p2|Roaring Moon, L50|\n|teampreview|4\n|inactive|Battle timer is ON: inactive players will automatically lose when time's up. (requested by rojasgabriel)\neasty flaps has agreed to open team sheets.\nrojasgabriel has agreed to open team sheets.\n|inactive|easty flaps has 30 seconds left.\n|\n|t:|1701109586\n|start\n|switch|p1a: Ninetales|Ninetales-Alola, L50, M|100\/100\n|switch|p1b: Landorus|Landorus-Therian, L50, M|100\/100\n|switch|p2a: Gholdengo|Gholdengo, L50|100\/100\n|switch|p2b: Roaring Moon|Roaring Moon, L50|100\/100\n|-ability|p1b: Landorus|Intimidate|boost\n|-unboost|p2a: Gholdengo|atk|1\n|-unboost|p2b: Roaring Moon|atk|1\n|-weather|Snow|[from] ability: Snow Warning|[of] p1a: Ninetales\n|-enditem|p2b: Roaring Moon|Booster Energy\n|-activate|p2b: Roaring Moon|ability: Protosynthesis|[fromitem]\n|-start|p2b: Roaring Moon|protosynthesisspe\n|turn|1\n|\n|t:|1701109612\n|move|p2b: Roaring Moon|Tailwind|p2b: Roaring Moon\n|-sidestart|p2: easty flaps|move: Tailwind\n|move|p2a: Gholdengo|Make It Rain|p1a: Ninetales|[spread] p1a,p1b\n|-supereffective|p1a: Ninetales\n|-damage|p1a: Ninetales|0 fnt\n|-damage|p1b: Landorus|0 fnt\n|-unboost|p2a: Gholdengo|spa|1\n|faint|p1a: Ninetales\n|faint|p1b: Landorus\n|\n|-weather|Snow|[upkeep]\n|upkeep\n|\n|t:|1701109619\n|switch|p1a: Heatran|Heatran, L50, M|100\/100\n|switch|p1b: Baxcalibur|Baxcalibur, L50, F|100\/100\n|turn|2\n|\n|t:|1701109632\n|move|p1b: Baxcalibur|Protect|p1b: Baxcalibur\n|-singleturn|p1b: Baxcalibur|Protect\n|move|p2b: Roaring Moon|Knock Off|p1a: Heatran\n|-damage|p1a: Heatran|70\/100\n|-enditem|p1a: Heatran|Life Orb|[from] move: Knock Off|[of] p2b: Roaring Moon\n|move|p2a: Gholdengo|Make It Rain|p1b: Baxcalibur|[spread] p1a\n|-activate|p1b: Baxcalibur|move: Protect\n|-resisted|p1a: Heatran\n|-damage|p1a: Heatran|60\/100\n|-unboost|p2a: Gholdengo|spa|1\n|move|p1a: Heatran|Heat Wave|p2b: Roaring Moon|[spread] p2a,p2b\n|-supereffective|p2a: Gholdengo\n|-resisted|p2b: Roaring Moon\n|-damage|p2a: Gholdengo|8\/100\n|-damage|p2b: Roaring Moon|81\/100\n|\n|-weather|Snow|[upkeep]\n|upkeep\n|turn|3\n|\n|t:|1701109655\n|-terastallize|p1b: Baxcalibur|Poison\n|move|p2b: Roaring Moon|Knock Off|p1b: Baxcalibur\n|-damage|p1b: Baxcalibur|67\/100\n|-enditem|p1b: Baxcalibur|Loaded Dice|[from] move: Knock Off|[of] p2b: Roaring Moon\n|move|p2a: Gholdengo|Make It Rain|p1a: Heatran|[spread] p1a,p1b\n|-resisted|p1a: Heatran\n|-damage|p1a: Heatran|52\/100\n|-damage|p1b: Baxcalibur|35\/100\n|-unboost|p2a: Gholdengo|spa|1\n|move|p1b: Baxcalibur|Scale Shot|p2b: Roaring Moon\n|-supereffective|p2b: Roaring Moon\n|-damage|p2b: Roaring Moon|44\/100\n|-supereffective|p2b: Roaring Moon\n|-damage|p2b: Roaring Moon|4\/100\n|-supereffective|p2b: Roaring Moon\n|-damage|p2b: Roaring Moon|0 fnt\n|faint|p2b: Roaring Moon\n|-end|p2b: Roaring Moon|Protosynthesis|[silent]\n|-hitcount|p2: Roaring Moon|3\n|-unboost|p1b: Baxcalibur|def|1\n|-boost|p1b: Baxcalibur|spe|1\n|move|p1a: Heatran|Heat Wave|p2a: Gholdengo\n|-supereffective|p2a: Gholdengo\n|-damage|p2a: Gholdengo|0 fnt\n|faint|p2a: Gholdengo\n|\n|-weather|Snow|[upkeep]\n|-heal|p1b: Baxcalibur|41\/100|[from] ability: Ice Body\n|upkeep\n|inactive|easty flaps has 30 seconds left.\n|\n|t:|1701109681\n|switch|p2b: Ogerpon|Ogerpon-Hearthflame, L50, F|100\/100\n|switch|p2a: Chien-Pao|Chien-Pao, L50|100\/100\n|-ability|p2a: Chien-Pao|Sword of Ruin\n|-ability|p2b: Ogerpon|Mold Breaker\n|turn|4\n|\n|t:|1701109695\n|-terastallize|p2b: Ogerpon|Fire\n|detailschange|p2b: Ogerpon|Ogerpon-Hearthflame-Tera, L50, F, tera:Fire\n|-ability|p2b: Ogerpon|Embody Aspect (Hearthflame)|boost\n|-boost|p2b: Ogerpon|atk|1\n|move|p1a: Heatran|Protect|p1a: Heatran\n|-singleturn|p1a: Heatran|Protect\n|move|p2a: Chien-Pao|Sacred Sword|p1a: Heatran\n|-activate|p1a: Heatran|move: Protect\n|move|p2b: Ogerpon|Ivy Cudgel|p1b: Baxcalibur|[anim] Ivy Cudgel Fire\n|-damage|p1b: Baxcalibur|0 fnt\n|faint|p1b: Baxcalibur\n|\n|-weather|Snow|[upkeep]\n|-sideend|p2: easty flaps|move: Tailwind\n|upkeep\n|turn|5\n|\n|t:|1701109715\n|move|p2a: Chien-Pao|Sacred Sword|p1a: Heatran\n|-supereffective|p1a: Heatran\n|-damage|p1a: Heatran|0 fnt\n|faint|p1a: Heatran\n|\n|win|easty flaps\n|raw|rojasgabriel's rating: 1057 &rarr; <strong>1039<\/strong><br \/>(-18 for losing)\n|raw|easty flaps's rating: 1070 &rarr; <strong>1098<\/strong><br \/>(+28 for winning)\n|l|\u2606easty flaps\n","uploadtime":1701109726,"views":9,"p1id":"rojasgabriel","p2id":"eastyflaps","formatid":"gen9vgc2023regulatione","rating":1039,"private":0,"password":""}