{"id":"gen9vgc2023regulatione-1998098922","p1":"azubbang","p2":"iamapelican","format":"[Gen 9] VGC 2023 Regulation E","log":"|j|\u2606azubbang\n|j|\u2606iamapelican\n|n|\u2606azubbang|azubbang\n|n|\u2606iamapelican|iamapelican\n|html|View the match progress at <a href=\"\/game-bestof3-gen9vgc2023regulatione-1998095707\">game-bestof3-gen9vgc2023regulatione-1998095707<\/a>\n|t:|1700891083\n|gametype|doubles\n|player|p1|azubbang|nurse|\n|player|p2|iamapelican|rosa|\n|teamsize|p1|6\n|teamsize|p2|6\n|gen|9\n|tier|[Gen 9] VGC 2023 Regulation E\n|rule|Species Clause: Limit one of each Pok\u00e9mon\n|rule|Item Clause: Limit one of each item\n|clearpoke\n|poke|p1|Thundurus-Therian, L50, M|\n|poke|p1|Heatran, L50, M|\n|poke|p1|Roaring Moon, L50|\n|poke|p1|Ogerpon-Wellspring, L50, F|\n|poke|p1|Weezing, L50, F|\n|poke|p1|Landorus-Therian, L50, M|\n|poke|p2|Thundurus-Therian, L50, M|\n|poke|p2|Heatran, L50, M|\n|poke|p2|Roaring Moon, L50|\n|poke|p2|Ogerpon-Wellspring, L50, F|\n|poke|p2|Weezing, L50, M|\n|poke|p2|Landorus-Therian, L50, M|\n|teampreview|4\nazubbang has agreed to open team sheets.\niamapelican has agreed to open team sheets.\n|showteam|p1|Thundurus-Therian||AssaultVest|VoltAbsorb|Thunderbolt,WildboltStorm,GrassKnot,VoltSwitch|||M|||50|,,,,,Steel]Heatran||LifeOrb|FlashFire|Protect,HeatWave,FlashCannon,EarthPower|||M|||50|,,,,,Fairy]Roaring Moon||BoosterEnergy|Protosynthesis|Protect,KnockOff,Acrobatics,Tailwind||||||50|,,,,,Flying]Ogerpon-Wellspring||WellspringMask|WaterAbsorb|SpikyShield,IvyCudgel,HornLeech,SwordsDance|||F|||50|,,,,,Water]Weezing||SitrusBerry|NeutralizingGas|Protect,GunkShot,WillOWisp,Taunt|||F|||50|,,,,,Ghost]Landorus-Therian||ChoiceBand|Intimidate|StompingTantrum,RockTomb,TeraBlast,Uturn|||M|||50|,,,,,Ground\n|showteam|p2|Thundurus-Therian||AssaultVest|VoltAbsorb|Thunderbolt,WildboltStorm,GrassKnot,VoltSwitch|||M|||50|,,,,,Steel]Heatran||LifeOrb|FlashFire|Protect,HeatWave,FlashCannon,EarthPower|||M|||50|,,,,,Fairy]Roaring Moon||BoosterEnergy|Protosynthesis|Protect,KnockOff,Acrobatics,Tailwind||||||50|,,,,,Flying]Ogerpon-Wellspring||WellspringMask|WaterAbsorb|SpikyShield,IvyCudgel,HornLeech,SwordsDance|||F|||50|,,,,,Water]Weezing||SitrusBerry|NeutralizingGas|Protect,GunkShot,WillOWisp,Taunt|||M|||50|,,,,,Ghost]Landorus-Therian||ChoiceBand|Intimidate|StompingTantrum,RockTomb,TeraBlast,Uturn|||M|||50|,,,,,Ground\n|\n|t:|1700891157\n|start\n|switch|p1a: Landorus|Landorus-Therian, L50, M|100\/100\n|switch|p1b: Roaring Moon|Roaring Moon, L50|100\/100\n|switch|p2a: Heatran|Heatran, L50, M|100\/100\n|switch|p2b: Roaring Moon|Roaring Moon, L50|100\/100\n|-ability|p1a: Landorus|Intimidate|boost\n|-unboost|p2a: Heatran|atk|1\n|-unboost|p2b: Roaring Moon|atk|1\n|-enditem|p2b: Roaring Moon|Booster Energy\n|-activate|p2b: Roaring Moon|ability: Protosynthesis|[fromitem]\n|-start|p2b: Roaring Moon|protosynthesisspe\n|-enditem|p1b: Roaring Moon|Booster Energy\n|-activate|p1b: Roaring Moon|ability: Protosynthesis|[fromitem]\n|-start|p1b: Roaring Moon|protosynthesisspe\n|turn|1\n|\n|t:|1700891207\n|move|p2b: Roaring Moon|Protect|p2b: Roaring Moon\n|-singleturn|p2b: Roaring Moon|Protect\n|move|p2a: Heatran|Protect|p2a: Heatran\n|-singleturn|p2a: Heatran|Protect\n|move|p1b: Roaring Moon|Tailwind|p1b: Roaring Moon\n|-sidestart|p1: azubbang|move: Tailwind\n|move|p1a: Landorus|U-turn|p2b: Roaring Moon\n|-activate|p2b: Roaring Moon|move: Protect\n|\n|upkeep\n|turn|2\n|\n|t:|1700891287\n|-end|p2b: Roaring Moon|Protosynthesis|[silent]\n|switch|p2b: Thundurus|Thundurus-Therian, L50, M|100\/100\n|move|p1b: Roaring Moon|Knock Off|p2a: Heatran\n|-crit|p2a: Heatran\n|-damage|p2a: Heatran|32\/100\n|-enditem|p2a: Heatran|Life Orb|[from] move: Knock Off|[of] p1b: Roaring Moon\n|move|p1a: Landorus|U-turn|p2b: Thundurus\n|-resisted|p2b: Thundurus\n|-damage|p2b: Thundurus|71\/100\n|\n|t:|1700891307\n|switch|p1a: Heatran|Heatran, L50, M|100\/100|[from] U-turn\n|move|p2a: Heatran|Flash Cannon|p1a: Heatran\n|-resisted|p1a: Heatran\n|-damage|p1a: Heatran|92\/100\n|\n|upkeep\n|turn|3\n|\n|t:|1700891339\n|move|p2a: Heatran|Protect|p2a: Heatran\n|-singleturn|p2a: Heatran|Protect\n|move|p1b: Roaring Moon|Knock Off|p2b: Thundurus\n|-damage|p2b: Thundurus|0 fnt\n|-enditem|p2b: Thundurus|Assault Vest|[from] move: Knock Off|[of] p1b: Roaring Moon\n|faint|p2b: Thundurus\n|move|p1a: Heatran|Earth Power|p2a: Heatran\n|-activate|p2a: Heatran|move: Protect\n|\n|upkeep\n|\n|t:|1700891379\n|switch|p2b: Roaring Moon|Roaring Moon, L50|100\/100\n|turn|4\n|\n|t:|1700891472\n|switch|p2a: Ogerpon|Ogerpon-Wellspring, L50, F|100\/100\n|move|p1b: Roaring Moon|Knock Off|p2a: Ogerpon\n|-damage|p2a: Ogerpon|64\/100\n|move|p1a: Heatran|Earth Power|p2a: Ogerpon\n|-resisted|p2a: Ogerpon\n|-crit|p2a: Ogerpon\n|-damage|p2a: Ogerpon|36\/100\n|-damage|p1a: Heatran|82\/100|[from] item: Life Orb\n|move|p2b: Roaring Moon|Tailwind|p2b: Roaring Moon\n|-sidestart|p2: iamapelican|move: Tailwind\n|\n|-sideend|p1: azubbang|move: Tailwind\n|upkeep\n|turn|5\n|\n|t:|1700891524\n|switch|p1a: Ogerpon|Ogerpon-Wellspring, L50, F|100\/100\n|-terastallize|p2a: Ogerpon|Water\n|detailschange|p2a: Ogerpon|Ogerpon-Wellspring-Tera, L50, F, tera:Water\n|-ability|p2a: Ogerpon|Embody Aspect (Wellspring)|boost\n|-boost|p2a: Ogerpon|spd|1\n|move|p2b: Roaring Moon|Acrobatics|p1a: Ogerpon\n|-supereffective|p1a: Ogerpon\n|-damage|p1a: Ogerpon|10\/100\n|move|p2a: Ogerpon|Ivy Cudgel|p1a: Ogerpon|[anim] Ivy Cudgel Water\n|-heal|p1a: Ogerpon|34\/100|[from] ability: Water Absorb|[of] p2a: Ogerpon\n|move|p1b: Roaring Moon|Tailwind|p1b: Roaring Moon\n|-sidestart|p1: azubbang|move: Tailwind\n|\n|upkeep\n|turn|6\n|\n|t:|1700891611\n|move|p2a: Ogerpon|Spiky Shield|p2a: Ogerpon\n|-singleturn|p2a: Ogerpon|move: Protect\n|move|p1b: Roaring Moon|Acrobatics|p2a: Ogerpon\n|-activate|p2a: Ogerpon|move: Protect\n|-damage|p1b: Roaring Moon|88\/100|[from] Spiky Shield|[of] p2a: Ogerpon\n|move|p2b: Roaring Moon|Acrobatics|p1a: Ogerpon\n|-supereffective|p1a: Ogerpon\n|-damage|p1a: Ogerpon|0 fnt\n|faint|p1a: Ogerpon\n|\n|upkeep\n|\n|t:|1700891624\n|switch|p1a: Landorus|Landorus-Therian, L50, M|100\/100\n|-ability|p1a: Landorus|Intimidate|boost\n|-unboost|p2a: Ogerpon|atk|1\n|-unboost|p2b: Roaring Moon|atk|1\n|turn|7\n|\n|t:|1700891703\n|-terastallize|p1a: Landorus|Ground\n|move|p2a: Ogerpon|Spiky Shield|p2a: Ogerpon\n|-singleturn|p2a: Ogerpon|move: Protect\n|move|p1b: Roaring Moon|Acrobatics|p2a: Ogerpon\n|-activate|p2a: Ogerpon|move: Protect\n|-damage|p1b: Roaring Moon|76\/100|[from] Spiky Shield|[of] p2a: Ogerpon\n|move|p2b: Roaring Moon|Acrobatics|p1a: Landorus\n|-damage|p1a: Landorus|68\/100\n|move|p1a: Landorus|Stomping Tantrum|p2b: Roaring Moon\n|-damage|p2b: Roaring Moon|0 fnt\n|faint|p2b: Roaring Moon\n|-end|p2b: Roaring Moon|Protosynthesis|[silent]\n|\n|-sideend|p2: iamapelican|move: Tailwind\n|upkeep\n|\n|t:|1700891715\n|switch|p2b: Heatran|Heatran, L50, M|32\/100\n|turn|8\n|\n|t:|1700891729\n|move|p2a: Ogerpon|Spiky Shield||[still]\n|-fail|p2a: Ogerpon\n|move|p1b: Roaring Moon|Acrobatics|p2a: Ogerpon\n|-damage|p2a: Ogerpon|0 fnt\n|faint|p2a: Ogerpon\n|move|p1a: Landorus|Stomping Tantrum|p2b: Heatran\n|-supereffective|p2b: Heatran\n|-damage|p2b: Heatran|0 fnt\n|faint|p2b: Heatran\n|\n|win|azubbang\n","uploadtime":1700891758,"views":3,"p1id":"azubbang","p2id":"iamapelican","formatid":"gen9vgc2023regulatione","rating":0,"private":0,"password":""}