{"id":"gen9vgc2023regulatione-1993192599","p1":"LandorusPrime","p2":"eEmeraldl","format":"[Gen 9] VGC 2023 Regulation E","log":"|j|\u2606LandorusPrime\n|j|\u2606eEmeraldl\n|t:|1700276180\n|gametype|doubles\n|player|p1|LandorusPrime|steven|1232\n|player|p2|eEmeraldl|ethan|1196\n|teamsize|p1|6\n|teamsize|p2|6\n|gen|9\n|tier|[Gen 9] VGC 2023 Regulation E\n|rated|\n|rule|Species Clause: Limit one of each Pok\u00e9mon\n|rule|Item Clause: Limit one of each item\n|clearpoke\n|poke|p1|Flutter Mane, L50|\n|poke|p1|Chien-Pao, L50|\n|poke|p1|Tornadus, L50, M|\n|poke|p1|Rillaboom, L50, M|\n|poke|p1|Urshifu-*, L50, F|\n|poke|p1|Arcanine-Hisui, L50, M|\n|poke|p2|Landorus-Therian, L50, M|\n|poke|p2|Rillaboom, L50, F|\n|poke|p2|Gholdengo, L50|\n|poke|p2|Murkrow, L50, F|\n|poke|p2|Amoonguss, L50, M|\n|poke|p2|Urshifu-*, L50, F|\n|teampreview|4\n|inactive|Battle timer is ON: inactive players will automatically lose when time's up. (requested by eEmeraldl)\n|inactive|LandorusPrime has 60 seconds left.\n|inactive|eEmeraldl has 60 seconds left.\n|inactive|LandorusPrime has 30 seconds left.\n|inactive|LandorusPrime has 20 seconds left.\n|inactive|LandorusPrime has 15 seconds left.\n|inactive|LandorusPrime has 10 seconds left.\n|inactive|LandorusPrime has 5 seconds left.\n|\n|t:|1700276270\n|start\n|switch|p1a: Valeripsilon|Flutter Mane, L50|100\/100\n|switch|p1b: Urshifu|Urshifu-Rapid-Strike, L50, F|100\/100\n|switch|p2a: Landorus|Landorus-Therian, L50, M|100\/100\n|switch|p2b: Gholdengo|Gholdengo, L50|100\/100\n|-ability|p2a: Landorus|Intimidate|boost\n|-unboost|p1a: Valeripsilon|atk|1\n|-unboost|p1b: Urshifu|atk|1\n|-enditem|p1a: Valeripsilon|Booster Energy\n|-activate|p1a: Valeripsilon|ability: Protosynthesis|[fromitem]\n|-start|p1a: Valeripsilon|protosynthesisspa\n|turn|1\n|\n|t:|1700276290\n|-terastallize|p2a: Landorus|Flying\n|-terastallize|p1a: Valeripsilon|Fairy\n|move|p1b: Urshifu|Aqua Jet|p2a: Landorus\n|-damage|p2a: Landorus|81\/100\n|move|p2a: Landorus|Tera Blast|p1b: Urshifu|[anim] Tera Blast Flying\n|-supereffective|p1b: Urshifu\n|-damage|p1b: Urshifu|0 fnt\n|faint|p1b: Urshifu\n|move|p1a: Valeripsilon|Moonblast|p2a: Landorus\n|-damage|p2a: Landorus|0 fnt\n|faint|p2a: Landorus\n|move|p2b: Gholdengo|Make It Rain|p1a: Valeripsilon\n|-supereffective|p1a: Valeripsilon\n|-damage|p1a: Valeripsilon|0 fnt\n|-unboost|p2b: Gholdengo|spa|1\n|faint|p1a: Valeripsilon\n|-end|p1a: Valeripsilon|Protosynthesis|[silent]\n|\n|upkeep\n|\n|t:|1700276312\n|switch|p1a: Chien-Pao|Chien-Pao, L50|100\/100\n|switch|p1b: Arcanine-XVI|Arcanine-Hisui, L50, M|100\/100\n|switch|p2a: Amoonguss|Amoonguss, L50, M|100\/100\n|-ability|p1a: Chien-Pao|Sword of Ruin\n|-ability|p1b: Arcanine-XVI|Intimidate|boost\n|-unboost|p2a: Amoonguss|atk|1\n|-unboost|p2b: Gholdengo|atk|1\n|turn|2\n|inactive|eEmeraldl has 30 seconds left.\n|\n|t:|1700276340\n|move|p2a: Amoonguss|Rage Powder|p2a: Amoonguss\n|-singleturn|p2a: Amoonguss|move: Rage Powder\n|move|p1a: Chien-Pao|Icicle Crash|p2a: Amoonguss\n|-supereffective|p2a: Amoonguss\n|-damage|p2a: Amoonguss|14\/100\n|-enditem|p2a: Amoonguss|Sitrus Berry|[eat]\n|-heal|p2a: Amoonguss|39\/100|[from] item: Sitrus Berry\n|move|p1b: Arcanine-XVI|Flare Blitz|p2a: Amoonguss\n|-supereffective|p2a: Amoonguss\n|-damage|p2a: Amoonguss|0 fnt\n|faint|p2a: Amoonguss\n|-damage|p1b: Arcanine-XVI|84\/100|[from] Recoil\n|move|p2b: Gholdengo|Shadow Ball|p1a: Chien-Pao\n|-resisted|p1a: Chien-Pao\n|-damage|p1a: Chien-Pao|79\/100\n|\n|upkeep\n|\n|t:|1700276357\n|switch|p2a: Ursula|Urshifu, L50, F|100\/100\n|turn|3\n|\n|t:|1700276370\n|move|p2b: Gholdengo|Protect|p2b: Gholdengo\n|-singleturn|p2b: Gholdengo|Protect\n|move|p2a: Ursula|Sucker Punch|p1b: Arcanine-XVI\n|-damage|p1b: Arcanine-XVI|0 fnt\n|faint|p1b: Arcanine-XVI\n|-damage|p2a: Ursula|91\/100|[from] item: Life Orb\n|move|p1a: Chien-Pao|Icicle Crash|p2a: Ursula\n|-damage|p2a: Ursula|41\/100\n|\n|upkeep\n|turn|4\n|\n|t:|1700276391\n|move|p1a: Chien-Pao|Sacred Sword|p2a: Ursula\n|-supereffective|p2a: Ursula\n|-damage|p2a: Ursula|0 fnt\n|faint|p2a: Ursula\n|move|p2b: Gholdengo|Nasty Plot|p2b: Gholdengo\n|-boost|p2b: Gholdengo|spa|2\n|\n|upkeep\n|turn|5\n|\n|t:|1700276400\n|move|p1a: Chien-Pao|Sucker Punch|p2b: Gholdengo\n|-supereffective|p2b: Gholdengo\n|-damage|p2b: Gholdengo|12\/100\n|move|p2b: Gholdengo|Make It Rain|p1a: Chien-Pao\n|-supereffective|p1a: Chien-Pao\n|-damage|p1a: Chien-Pao|0 fnt\n|-unboost|p2b: Gholdengo|spa|1\n|faint|p1a: Chien-Pao\n|\n|win|eEmeraldl\n|raw|LandorusPrime's rating: 1232 &rarr; <strong>1204<\/strong><br \/>(-28 for losing)\n|raw|eEmeraldl's rating: 1196 &rarr; <strong>1224<\/strong><br \/>(+28 for winning)\n|l|\u2606LandorusPrime\n","uploadtime":1700276412,"views":13,"p1id":"landorusprime","p2id":"eemeraldl","formatid":"gen9vgc2023regulatione","rating":1204,"private":0,"password":""}