{"id":"gen9vgc2023regulatione-1996798308","p1":"RIKASLOVER","p2":"GeneralSkeltal","format":"[Gen 9] VGC 2023 Regulation E","log":"|j|\u2606RIKASLOVER\n|j|\u2606GeneralSkeltal\n|t:|1700727074\n|gametype|doubles\n|player|p1|RIKASLOVER|cynthia-masters|1326\n|player|p2|GeneralSkeltal|2|1264\n|teamsize|p1|6\n|teamsize|p2|6\n|gen|9\n|tier|[Gen 9] VGC 2023 Regulation E\n|rated|\n|rule|Species Clause: Limit one of each Pok\u00e9mon\n|rule|Item Clause: Limit one of each item\n|clearpoke\n|poke|p1|Tornadus, L50, M|\n|poke|p1|Arcanine-Hisui, L50, F|\n|poke|p1|Iron Hands, L50|\n|poke|p1|Amoonguss, L50, F|\n|poke|p1|Urshifu-*, L50, M|\n|poke|p1|Ogerpon-Wellspring, L50, F|\n|poke|p2|Avalugg, L50, M|\n|poke|p2|Goodra-Hisui, L50, M|\n|poke|p2|Ninetales-Alola, L50, F|\n|poke|p2|Sinistcha-Masterpiece, L50|\n|poke|p2|Flutter Mane, L50|\n|poke|p2|Salazzle, L50, F|\n|teampreview|4\n|inactive|Battle timer is ON: inactive players will automatically lose when time's up. (requested by RIKASLOVER)\n|\n|t:|1700727097\n|start\n|switch|p1a: Tornadus|Tornadus, L50, M|100\/100\n|switch|p1b: Arcanine|Arcanine-Hisui, L50, F|100\/100\n|switch|p2a: Ninetales|Ninetales-Alola, L50, F|100\/100\n|switch|p2b: Salazzle|Salazzle, L50, F|100\/100\n|-weather|Snow|[from] ability: Snow Warning|[of] p2a: Ninetales\n|-ability|p1b: Arcanine|Intimidate|boost\n|-unboost|p2a: Ninetales|atk|1\n|-fail|p2b: Salazzle|unboost|Attack|[from] ability: Oblivious|[of] p2b: Salazzle\n|turn|1\n|\n|t:|1700727115\n|move|p2b: Salazzle|Fake Out|p1a: Tornadus\n|-damage|p1a: Tornadus|92\/100\n|-damage|p2b: Salazzle|84\/100|[from] item: Rocky Helmet|[of] p1a: Tornadus\n|cant|p1a: Tornadus|flinch\n|move|p2a: Ninetales|Aurora Veil|p2a: Ninetales\n|-sidestart|p2: GeneralSkeltal|move: Aurora Veil\n|move|p1b: Arcanine|Rock Slide|p2a: Ninetales|[spread] p2b\n|-miss|p1b: Arcanine|p2a: Ninetales\n|-supereffective|p2b: Salazzle\n|-damage|p2b: Salazzle|0 fnt\n|faint|p2b: Salazzle\n|\n|-weather|Snow|[upkeep]\n|upkeep\n|\n|t:|1700727128\n|switch|p2b: Avalugg|Avalugg, L50, M|100\/100\n|turn|2\n|\n|t:|1700727135\n|move|p2a: Ninetales|Protect|p2a: Ninetales\n|-singleturn|p2a: Ninetales|Protect\n|move|p1a: Tornadus|Rain Dance|p1a: Tornadus\n|-weather|RainDance\n|move|p1b: Arcanine|Rock Slide|p2b: Avalugg|[spread] p2b\n|-activate|p2a: Ninetales|move: Protect\n|-supereffective|p2b: Avalugg\n|-crit|p2b: Avalugg\n|-damage|p2b: Avalugg|34\/100\n|cant|p2b: Avalugg|flinch\n|\n|-weather|RainDance|[upkeep]\n|-heal|p2b: Avalugg|40\/100|[from] item: Leftovers\n|upkeep\n|turn|3\n|inactive|GeneralSkeltal has 30 seconds left.\n|\n|t:|1700727167\n|move|p2b: Avalugg|Wide Guard|p2b: Avalugg\n|-singleturn|p2b: Avalugg|Wide Guard\n|move|p1a: Tornadus|Tailwind|p1a: Tornadus\n|-sidestart|p1: RIKASLOVER|move: Tailwind\n|move|p1b: Arcanine|Rock Slide|p2a: Ninetales|[spread] \n|-activate|p2a: Ninetales|move: Wide Guard\n|-activate|p2b: Avalugg|move: Wide Guard\n|move|p2a: Ninetales|Blizzard|p1a: Tornadus|[spread] p1b\n|-miss|p2a: Ninetales|p1a: Tornadus\n|-resisted|p1b: Arcanine\n|-damage|p1b: Arcanine|82\/100\n|\n|-weather|RainDance|[upkeep]\n|-heal|p2b: Avalugg|46\/100|[from] item: Leftovers\n|upkeep\n|turn|4\n|\n|t:|1700727186\n|switch|p1a: Iron Hands|Iron Hands, L50|100\/100\n|move|p2a: Ninetales|Protect|p2a: Ninetales\n|-singleturn|p2a: Ninetales|Protect\n|move|p1b: Arcanine|Rock Slide|p2b: Avalugg|[spread] p2b\n|-activate|p2a: Ninetales|move: Protect\n|-supereffective|p2b: Avalugg\n|-damage|p2b: Avalugg|18\/100\n|cant|p2b: Avalugg|flinch\n|\n|-weather|RainDance|[upkeep]\n|-heal|p2b: Avalugg|24\/100|[from] item: Leftovers\n|upkeep\n|turn|5\n|\n|t:|1700727205\n|switch|p2a: Sinistcha|Sinistcha-Masterpiece, L50|100\/100\n|-heal|p2b: Avalugg|49\/100|[from] ability: Hospitality|[of] p2a: Sinistcha\n|move|p1a: Iron Hands|Fake Out|p2b: Avalugg\n|-damage|p2b: Avalugg|44\/100\n|cant|p2b: Avalugg|flinch\n|move|p1b: Arcanine|Rock Slide|p2a: Sinistcha|[spread] p2a,p2b\n|-supereffective|p2b: Avalugg\n|-damage|p2a: Sinistcha|81\/100\n|-damage|p2b: Avalugg|14\/100\n|\n|-weather|RainDance|[upkeep]\n|-heal|p2b: Avalugg|20\/100|[from] item: Leftovers\n|-sideend|p2: GeneralSkeltal|move: Aurora Veil\n|upkeep\n|turn|6\n|inactive|GeneralSkeltal has 30 seconds left.\n|\n|t:|1700727235\n|switch|p1b: Tornadus|Tornadus, L50, M|92\/100\n|switch|p2b: Ninetales|Ninetales-Alola, L50, F|100\/100\n|-weather|Snow|[from] ability: Snow Warning|[of] p2b: Ninetales\n|move|p1a: Iron Hands|Drain Punch|p2b: Ninetales\n|-damage|p2b: Ninetales|62\/100\n|move|p2a: Sinistcha|Matcha Gotcha|p1b: Tornadus|[spread] p1a,p1b\n|-resisted|p1b: Tornadus\n|-damage|p1a: Iron Hands|87\/100\n|-heal|p2a: Sinistcha|90\/100|[from] drain|[of] p1a: Iron Hands\n|-damage|p1b: Tornadus|78\/100\n|-heal|p2a: Sinistcha|97\/100|[from] drain|[of] p1b: Tornadus\n|\n|-weather|Snow|[upkeep]\n|-sideend|p1: RIKASLOVER|move: Tailwind\n|upkeep\n|turn|7\n|inactive|GeneralSkeltal has 30 seconds left.\n|\n|t:|1700727262\n|switch|p2a: Avalugg|Avalugg, L50, M|20\/100\n|move|p1b: Tornadus|Rain Dance|p1b: Tornadus\n|-weather|RainDance\n|move|p2b: Ninetales|Dazzling Gleam|p1a: Iron Hands|[spread] p1a,p1b\n|-supereffective|p1a: Iron Hands\n|-damage|p1a: Iron Hands|61\/100\n|-damage|p1b: Tornadus|54\/100\n|move|p1a: Iron Hands|Heavy Slam|p2b: Ninetales\n|-supereffective|p2b: Ninetales\n|-damage|p2b: Ninetales|0 fnt\n|faint|p2b: Ninetales\n|\n|-weather|RainDance|[upkeep]\n|-heal|p2a: Avalugg|26\/100|[from] item: Leftovers\n|upkeep\n|\n|t:|1700727273\n|switch|p2b: Sinistcha|Sinistcha-Masterpiece, L50|97\/100\n|-heal|p2a: Avalugg|50\/100|[from] ability: Hospitality|[of] p2b: Sinistcha\n|turn|8\n|\n|t:|1700727290\n|move|p2a: Avalugg|Wide Guard|p2a: Avalugg\n|-singleturn|p2a: Avalugg|Wide Guard\n|move|p1b: Tornadus|Bleakwind Storm|p2a: Avalugg|[spread] \n|-activate|p2a: Avalugg|move: Wide Guard\n|-activate|p2b: Sinistcha|move: Wide Guard\n|move|p2b: Sinistcha|Strength Sap|p1a: Iron Hands\n|-unboost|p1a: Iron Hands|atk|1\n|-heal|p2b: Sinistcha|100\/100\n|move|p1a: Iron Hands|Drain Punch|p2a: Avalugg\n|-supereffective|p2a: Avalugg\n|-damage|p2a: Avalugg|18\/100\n|-heal|p1a: Iron Hands|74\/100|[from] drain|[of] p2a: Avalugg\n|\n|-weather|RainDance|[upkeep]\n|-heal|p2a: Avalugg|24\/100|[from] item: Leftovers\n|upkeep\n|turn|9\n|\n|t:|1700727313\n|move|p2a: Avalugg|Wide Guard|p2a: Avalugg\n|-singleturn|p2a: Avalugg|Wide Guard\n|move|p1b: Tornadus|Tailwind|p1b: Tornadus\n|-sidestart|p1: RIKASLOVER|move: Tailwind\n|move|p1a: Iron Hands|Drain Punch|p2a: Avalugg\n|-supereffective|p2a: Avalugg\n|-damage|p2a: Avalugg|0 fnt\n|-heal|p1a: Iron Hands|84\/100|[from] drain|[of] p2a: Avalugg\n|faint|p2a: Avalugg\n|move|p2b: Sinistcha|Matcha Gotcha|p1a: Iron Hands|[spread] p1a,p1b\n|-resisted|p1b: Tornadus\n|-damage|p1a: Iron Hands|70\/100\n|-damage|p1b: Tornadus|41\/100\n|\n|-weather|RainDance|[upkeep]\n|upkeep\n|turn|10\n|\n|t:|1700727335\n|-end|p1a: Iron Hands|Quark Drive|[silent]\n|switch|p1a: Arcanine|Arcanine-Hisui, L50, F|82\/100\n|-ability|p1a: Arcanine|Intimidate|boost\n|-unboost|p2b: Sinistcha|atk|1\n|-terastallize|p2b: Sinistcha|Dragon\n|move|p1b: Tornadus|Bleakwind Storm|p2b: Sinistcha\n|-damage|p2b: Sinistcha|35\/100\n|move|p2b: Sinistcha|Matcha Gotcha|p1b: Tornadus|[spread] p1a,p1b\n|-resisted|p1b: Tornadus\n|-damage|p1a: Arcanine|56\/100\n|-heal|p2b: Sinistcha|49\/100|[from] drain|[of] p1a: Arcanine\n|-damage|p1b: Tornadus|28\/100\n|-heal|p2b: Sinistcha|55\/100|[from] drain|[of] p1b: Tornadus\n|\n|-weather|RainDance|[upkeep]\n|upkeep\n|turn|11\n|\n|t:|1700727351\n|move|p1a: Arcanine|Extreme Speed|p2b: Sinistcha\n|-damage|p2b: Sinistcha|27\/100\n|-damage|p1a: Arcanine|39\/100|[from] item: Rocky Helmet|[of] p2b: Sinistcha\n|move|p1b: Tornadus|Bleakwind Storm|p2b: Sinistcha\n|-damage|p2b: Sinistcha|0 fnt\n|faint|p2b: Sinistcha\n|\n|win|RIKASLOVER\n|raw|RIKASLOVER's rating: 1326 &rarr; <strong>1342<\/strong><br \/>(+16 for winning)\n|raw|GeneralSkeltal's rating: 1264 &rarr; <strong>1243<\/strong><br \/>(-21 for losing)\n|l|\u2606GeneralSkeltal\n","uploadtime":1700727361,"views":7,"p1id":"rikaslover","p2id":"generalskeltal","formatid":"gen9vgc2023regulatione","rating":1243,"private":0,"password":""}