{"id":"gen9vgc2023regulatione-1989193915","p1":"izagamii","p2":"Kzjejzk","format":"[Gen 9] VGC 2023 Regulation E","log":"|j|\u2606izagamii\n|j|\u2606Kzjejzk\n|t:|1699822066\n|gametype|doubles\n|player|p1|izagamii|265|1055\n|player|p2|Kzjejzk|lance|1000\n|teamsize|p1|6\n|teamsize|p2|6\n|gen|9\n|tier|[Gen 9] VGC 2023 Regulation E\n|rated|\n|rule|Species Clause: Limit one of each Pok\u00e9mon\n|rule|Item Clause: Limit one of each item\n|clearpoke\n|poke|p1|Lilligant-Hisui, L50, F|\n|poke|p1|Torkoal, L50, F|\n|poke|p1|Armarouge, L50, F|\n|poke|p1|Indeedee-F, L50, F|\n|poke|p1|Hatterene, L50, F|\n|poke|p1|Ursaluna, L50, F|\n|poke|p2|Flutter Mane, L50|\n|poke|p2|Tornadus, L50, M|\n|poke|p2|Rillaboom, L50, F|\n|poke|p2|Garganacl, L50, M|\n|poke|p2|Arcanine-Hisui, L50, M|\n|poke|p2|Chien-Pao, L50|\n|teampreview|4\nizagamii rejected open team sheets.\n|\n|t:|1699822107\n|start\n|switch|p1a: Lilligant|Lilligant-Hisui, L50, F|100\/100\n|switch|p1b: Hatterene|Hatterene, L50, F|100\/100\n|switch|p2a: Tornadus|Tornadus, L50, M|100\/100\n|switch|p2b: Arcanine|Arcanine-Hisui, L50, M|100\/100\n|-ability|p2b: Arcanine|Intimidate|boost\n|-unboost|p1a: Lilligant|atk|1\n|-unboost|p1b: Hatterene|atk|1\n|turn|1\n|\n|t:|1699822139\n|move|p2a: Tornadus|Taunt|p1a: Lilligant\n|-start|p1a: Lilligant|move: Taunt\n|cant|p1a: Lilligant|move: Taunt|After You\n|move|p2b: Arcanine|Flare Blitz|p1b: Hatterene\n|-damage|p1b: Hatterene|5\/100\n|-damage|p2b: Arcanine|70\/100|[from] Recoil\n|move|p1b: Hatterene|Trick Room|p1b: Hatterene\n|-fieldstart|move: Trick Room|[of] p1b: Hatterene\n|\n|upkeep\n|turn|2\n|\n|t:|1699822169\n|switch|p2b: Garganacl|Garganacl, L50, M|100\/100\n|switch|p1a: Ursaluna|Ursaluna, L50, F|100\/100\n|move|p1b: Hatterene|Psyshock|p2b: Garganacl\n|-damage|p2b: Garganacl|58\/100\n|-damage|p1b: Hatterene|0 fnt|[from] item: Life Orb\n|faint|p1b: Hatterene\n|move|p2a: Tornadus|Bleakwind Storm|p1a: Ursaluna\n|-damage|p1a: Ursaluna|66\/100\n|\n|-status|p1a: Ursaluna|brn|[from] item: Flame Orb\n|upkeep\n|\n|t:|1699822180\n|switch|p1b: Armarouge|Armarouge, L50, F|100\/100\n|turn|3\n|\n|t:|1699822199\n|move|p2b: Garganacl|Protect|p2b: Garganacl\n|-singleturn|p2b: Garganacl|Protect\n|move|p1b: Armarouge|Wide Guard|p1b: Armarouge\n|-singleturn|p1b: Armarouge|Wide Guard\n|move|p2a: Tornadus|Taunt|p1a: Ursaluna\n|-start|p1a: Ursaluna|move: Taunt\n|move|p1a: Ursaluna|Facade|p2b: Garganacl\n|-activate|p2b: Garganacl|move: Protect\n|\n|-damage|p1a: Ursaluna|60\/100 brn|[from] brn\n|upkeep\n|turn|4\n|\n|t:|1699822214\n|-terastallize|p2b: Garganacl|Ghost\n|move|p2a: Tornadus|Taunt|p1b: Armarouge\n|-start|p1b: Armarouge|move: Taunt\n|move|p1a: Ursaluna|Facade|p2b: Garganacl\n|-immune|p2b: Garganacl\n|move|p2b: Garganacl|Salt Cure|p1a: Ursaluna\n|-resisted|p1a: Ursaluna\n|-damage|p1a: Ursaluna|55\/100 brn\n|-start|p1a: Ursaluna|Salt Cure\n|move|p1b: Armarouge|Expanding Force|p2a: Tornadus\n|-damage|p2a: Tornadus|59\/100\n|\n|-damage|p1a: Ursaluna|49\/100 brn|[from] brn\n|-damage|p1a: Ursaluna|36\/100 brn|[from] Salt Cure\n|upkeep\n|turn|5\n|\n|t:|1699822229\n|move|p2b: Garganacl|Protect|p2b: Garganacl\n|-singleturn|p2b: Garganacl|Protect\n|move|p1a: Ursaluna|Headlong Rush|p2b: Garganacl\n|-activate|p2b: Garganacl|move: Protect\n|move|p1b: Armarouge|Expanding Force|p2b: Garganacl\n|-activate|p2b: Garganacl|move: Protect\n|move|p2a: Tornadus|Bleakwind Storm|p1a: Ursaluna|[spread] p1a\n|-miss|p2a: Tornadus|p1b: Armarouge\n|-damage|p1a: Ursaluna|10\/100 brn\n|\n|-damage|p1a: Ursaluna|4\/100 brn|[from] brn\n|-damage|p1a: Ursaluna|0 fnt|[from] Salt Cure\n|faint|p1a: Ursaluna\n|-fieldend|move: Trick Room\n|upkeep\n|\n|t:|1699822232\n|switch|p1a: Lilligant|Lilligant-Hisui, L50, F|100\/100\n|turn|6\n|-message|izagamii forfeited.\n|\n|win|Kzjejzk\n|raw|izagamii's rating: 1055 &rarr; <strong>1034<\/strong><br \/>(-21 for losing)\n|raw|Kzjejzk's rating: 1000 &rarr; <strong>1046<\/strong><br \/>(+46 for winning)\n|l|\u2606izagamii\n","uploadtime":1699822254,"views":12,"p1id":"izagamii","p2id":"kzjejzk","formatid":"gen9vgc2023regulatione","rating":1034,"private":0,"password":""}