{"id":"gen9vgc2023regulatione-1988059460","p1":"Tosh_0819","p2":"Vengeful potato","format":"[Gen 9] VGC 2023 Regulation E","log":"|j|\u2606Tosh_0819\n|j|\u2606Vengeful potato\n|t:|1699664571\n|gametype|doubles\n|player|p1|Tosh_0819|ltsurge|1279\n|player|p2|Vengeful potato|swimmer|1236\n|teamsize|p1|6\n|teamsize|p2|5\n|gen|9\n|tier|[Gen 9] VGC 2023 Regulation E\n|rated|\n|rule|Species Clause: Limit one of each Pok\u00e9mon\n|rule|Item Clause: Limit one of each item\n|clearpoke\n|poke|p1|Zapdos-Galar, L50|\n|poke|p1|Milotic, L50, F|\n|poke|p1|Enamorus, L50, F|\n|poke|p1|Thundurus, L50, M|\n|poke|p1|Ogerpon-Hearthflame, L50, F|\n|poke|p1|Grimmsnarl, L50, M|\n|poke|p2|Dudunsparce-*, L50, M|\n|poke|p2|Weezing, L50, M|\n|poke|p2|Sinistcha-Masterpiece, L50|\n|poke|p2|Kleavor, L50, F|\n|poke|p2|Maushold-Four, L50|\n|teampreview|4\n|inactive|Battle timer is ON: inactive players will automatically lose when time's up. (requested by Tosh_0819)\n|\n|t:|1699664623\n|start\n|switch|p1a: Zapdos|Zapdos-Galar, L50|100\/100\n|switch|p1b: Ogerpon|Ogerpon-Hearthflame, L50, F|100\/100\n|switch|p2a: Dudunsparce|Dudunsparce, L50, M, shiny|100\/100\n|switch|p2b: Weezing|Weezing, L50, M, shiny|100\/100\n|-ability|p2b: Weezing|Neutralizing Gas\n|turn|1\n|inactive|Vengeful potato has 30 seconds left.\n|inactive|Vengeful potato has 20 seconds left.\n|\n|t:|1699664659\n|move|p1a: Zapdos|Thunderous Kick|p2a: Dudunsparce\n|-supereffective|p2a: Dudunsparce\n|-enditem|p2a: Dudunsparce|Chople Berry|[eat]\n|-enditem|p2a: Dudunsparce|Chople Berry|[weaken]\n|-damage|p2a: Dudunsparce|57\/100\n|-unboost|p2a: Dudunsparce|def|1\n|move|p1b: Ogerpon|Substitute|p1b: Ogerpon\n|-start|p1b: Ogerpon|Substitute\n|-damage|p1b: Ogerpon|76\/100\n|move|p2a: Dudunsparce|Glare|p1a: Zapdos\n|-status|p1a: Zapdos|par\n|move|p2b: Weezing|Gunk Shot|p1b: Ogerpon\n|-supereffective|p1b: Ogerpon\n|-end|p1b: Ogerpon|Substitute\n|\n|upkeep\n|turn|2\n|inactive|Tosh_0819 has 30 seconds left.\n|inactive|Vengeful potato has 30 seconds left.\n|\n|t:|1699664692\n|move|p2a: Dudunsparce|Protect|p2a: Dudunsparce\n|-singleturn|p2a: Dudunsparce|Protect\n|move|p1b: Ogerpon|Ivy Cudgel|p2a: Dudunsparce\n|-activate|p2a: Dudunsparce|move: Protect\n|move|p1a: Zapdos|Thunderous Kick|p2a: Dudunsparce\n|-activate|p2a: Dudunsparce|move: Protect\n|move|p2b: Weezing|Gunk Shot|p1b: Ogerpon|[miss]\n|-miss|p2b: Weezing|p1b: Ogerpon\n|\n|upkeep\n|turn|3\n|inactive|Vengeful potato has 30 seconds left.\n|inactive|Vengeful potato has 20 seconds left.\n|\n|t:|1699664730\n|switch|p2a: Sinistcha|Sinistcha-Masterpiece, L50, shiny|100\/100\n|move|p1b: Ogerpon|Encore||[still]\n|-fail|p1b: Ogerpon\n|move|p1a: Zapdos|Thunderous Kick|p2b: Weezing\n|-resisted|p2b: Weezing\n|-damage|p2b: Weezing|78\/100\n|-unboost|p2b: Weezing|def|1\n|move|p2b: Weezing|Gunk Shot|p1b: Ogerpon\n|-supereffective|p1b: Ogerpon\n|-damage|p1b: Ogerpon|0 fnt\n|faint|p1b: Ogerpon\n|\n|upkeep\n|\n|t:|1699664743\n|switch|p1b: Enamorus|Enamorus, L50, F|100\/100\n|turn|4\n|\n|t:|1699664765\n|switch|p1a: Milotic|Milotic, L50, F|100\/100\n|move|p1b: Enamorus|Earth Power|p2b: Weezing\n|-supereffective|p2b: Weezing\n|-damage|p2b: Weezing|8\/100\n|-enditem|p2b: Weezing|Mago Berry|[eat]\n|-heal|p2b: Weezing|41\/100|[from] item: Mago Berry\n|move|p2a: Sinistcha|Hex|p1a: Milotic\n|-damage|p1a: Milotic|74\/100\n|move|p2b: Weezing|Gunk Shot|p1b: Enamorus\n|-supereffective|p1b: Enamorus\n|-damage|p1b: Enamorus|0 fnt\n|faint|p1b: Enamorus\n|\n|-heal|p1a: Milotic|80\/100|[from] item: Leftovers\n|upkeep\n|\n|t:|1699664771\n|switch|p1b: Zapdos|Zapdos-Galar, L50|100\/100 par\n|turn|5\n|\n|t:|1699664785\n|switch|p2a: Dudunsparce|Dudunsparce, L50, M, shiny|57\/100\n|cant|p1b: Zapdos|par\n|move|p1a: Milotic|Coil|p1a: Milotic\n|-boost|p1a: Milotic|atk|1\n|-boost|p1a: Milotic|def|1\n|-boost|p1a: Milotic|accuracy|1\n|move|p2b: Weezing|Taunt|p1a: Milotic\n|-start|p1a: Milotic|move: Taunt\n|\n|-heal|p1a: Milotic|86\/100|[from] item: Leftovers\n|upkeep\n|turn|6\n|\n|t:|1699664795\n|move|p2a: Dudunsparce|Protect|p2a: Dudunsparce\n|-singleturn|p2a: Dudunsparce|Protect\n|move|p1b: Zapdos|Knock Off|p2a: Dudunsparce\n|-activate|p2a: Dudunsparce|move: Protect\n|move|p1a: Milotic|Scald|p2b: Weezing\n|-damage|p2b: Weezing|11\/100\n|move|p2b: Weezing|Haze|p2b: Weezing\n|-clearallboost\n|\n|-heal|p1a: Milotic|92\/100|[from] item: Leftovers\n|upkeep\n|turn|7\n|\n|t:|1699664807\n|move|p1b: Zapdos|Knock Off|p2a: Dudunsparce\n|-damage|p2a: Dudunsparce|34\/100\n|move|p1a: Milotic|Scald|p2b: Weezing\n|-damage|p2b: Weezing|0 fnt\n|faint|p2b: Weezing\n|-end|p2b: Weezing|ability: Neutralizing Gas\n|move|p2a: Dudunsparce|Glare|p1a: Milotic\n|-status|p1a: Milotic|par\n|\n|-heal|p1a: Milotic|98\/100 par|[from] item: Leftovers\n|upkeep\n|\n|t:|1699664817\n|switch|p2b: Sinistcha|Sinistcha-Masterpiece, L50, shiny|100\/100\n|-heal|p2a: Dudunsparce|59\/100|[from] ability: Hospitality|[of] p2b: Sinistcha\n|turn|8\n|\n|t:|1699664829\n|-terastallize|p1a: Milotic|Grass\n|move|p1b: Zapdos|Knock Off|p2b: Sinistcha\n|-supereffective|p2b: Sinistcha\n|-damage|p2b: Sinistcha|34\/100\n|-damage|p1b: Zapdos|84\/100 par|[from] item: Rocky Helmet|[of] p2b: Sinistcha\n|-enditem|p2b: Sinistcha|Rocky Helmet|[from] move: Knock Off|[of] p1b: Zapdos\n|move|p2a: Dudunsparce|Rock Slide|p1a: Milotic|[spread] p1a,p1b\n|-crit|p1b: Zapdos\n|-damage|p1a: Milotic|87\/100 par\n|-damage|p1b: Zapdos|57\/100 par\n|move|p2b: Sinistcha|Hex|p1b: Zapdos\n|-damage|p1b: Zapdos|0 fnt\n|faint|p1b: Zapdos\n|move|p1a: Milotic|Scald|p2a: Dudunsparce\n|-damage|p2a: Dudunsparce|33\/100\n|\n|-heal|p1a: Milotic|93\/100 par|[from] item: Leftovers\n|-end|p1a: Milotic|move: Taunt\n|upkeep\n|turn|9\n|\n|t:|1699664853\n|move|p2b: Sinistcha|Hex|p1a: Milotic\n|-damage|p1a: Milotic|40\/100 par\n|move|p2a: Dudunsparce|Rock Slide|p1a: Milotic\n|-damage|p1a: Milotic|26\/100 par\n|cant|p1a: Milotic|flinch\n|\n|-heal|p1a: Milotic|32\/100 par|[from] item: Leftovers\n|upkeep\n|turn|10\n|\n|t:|1699664862\n|move|p2b: Sinistcha|Hex|p1a: Milotic\n|-damage|p1a: Milotic|0 fnt\n|faint|p1a: Milotic\n|\n|win|Vengeful potato\n|raw|Tosh_0819's rating: 1279 &rarr; <strong>1251<\/strong><br \/>(-28 for losing)\n|raw|Vengeful potato's rating: 1236 &rarr; <strong>1264<\/strong><br \/>(+28 for winning)\n|l|\u2606Tosh_0819\n|c|\u2606Vengeful potato|Gg\n","uploadtime":1699664868,"views":17,"p1id":"tosh0819","p2id":"vengefulpotato","formatid":"gen9vgc2023regulatione","rating":1251,"private":0,"password":""}