{"id":"gen9vgc2023regulatione-1989881773","p1":"rennui-","p2":"Emirnent","format":"[Gen 9] VGC 2023 Regulation E","log":"|j|\u2606rennui-\n|j|\u2606Emirnent\n|t:|1699903549\n|gametype|doubles\n|player|p1|rennui-|erika|1535\n|player|p2|Emirnent|2|1833\n|teamsize|p1|6\n|teamsize|p2|6\n|gen|9\n|tier|[Gen 9] VGC 2023 Regulation E\n|rated|\n|rule|Species Clause: Limit one of each Pok\u00e9mon\n|rule|Item Clause: Limit one of each item\n|clearpoke\n|poke|p1|Flutter Mane, L50|\n|poke|p1|Chi-Yu, L50|\n|poke|p1|Torkoal, L50, F|\n|poke|p1|Ogerpon-Wellspring, L50, F|\n|poke|p1|Farigiraf, L50, M|\n|poke|p1|Iron Hands, L50|\n|poke|p2|Staraptor, L50, M|\n|poke|p2|Ursaluna, L50, M|\n|poke|p2|Cresselia, L50, F|\n|poke|p2|Urshifu-*, L50, F|\n|poke|p2|Farigiraf, L50, F|\n|poke|p2|Heatran, L50, F|\n|teampreview|4\n|j| Uva247\nrennui- has agreed to open team sheets.\n|inactive|Battle timer is ON: inactive players will automatically lose when time's up. (requested by Emirnent)\n|\n|t:|1699903595\n|start\n|switch|p1a: Flutter Mane|Flutter Mane, L50|100\/100\n|switch|p1b: Chi-Yu|Chi-Yu, L50|100\/100\n|switch|p2a: Cresselia|Cresselia, L50, F|100\/100\n|switch|p2b: Urshifu|Urshifu, L50, F|100\/100\n|-ability|p1b: Chi-Yu|Beads of Ruin\n|turn|1\n|\n|t:|1699903620\n|-terastallize|p1a: Flutter Mane|Fairy\n|-terastallize|p2a: Cresselia|Water\n|move|p1a: Flutter Mane|Dazzling Gleam|p2b: Urshifu|[spread] p2a,p2b\n|-supereffective|p2b: Urshifu\n|-crit|p2b: Urshifu\n|-damage|p2a: Cresselia|53\/100\n|-enditem|p2b: Urshifu|Focus Sash\n|-damage|p2b: Urshifu|1\/100\n|move|p2b: Urshifu|Close Combat|p1b: Chi-Yu\n|-supereffective|p1b: Chi-Yu\n|-damage|p1b: Chi-Yu|0 fnt\n|-unboost|p2b: Urshifu|def|1\n|-unboost|p2b: Urshifu|spd|1\n|faint|p1b: Chi-Yu\n|move|p2a: Cresselia|Trick Room|p2a: Cresselia\n|-fieldstart|move: Trick Room|[of] p2a: Cresselia\n|\n|upkeep\n|\n|t:|1699903635\n|switch|p1b: Ogerpon|Ogerpon-Wellspring, L50, F|100\/100\n|turn|2\n|inactive|Emirnent has 30 seconds left.\n|\n|t:|1699903667\n|switch|p2b: Ursaluna|Ursaluna, L50, M|100\/100\n|-end|p1a: Flutter Mane|Protosynthesis|[silent]\n|switch|p1a: Iron Hands|Iron Hands, L50|100\/100\n|move|p2a: Cresselia|Psychic|p1a: Iron Hands\n|-supereffective|p1a: Iron Hands\n|-damage|p1a: Iron Hands|72\/100\n|move|p1b: Ogerpon|Ivy Cudgel|p2b: Ursaluna\n|-supereffective|p2b: Ursaluna\n|-damage|p2b: Ursaluna|14\/100\n|\n|-status|p2b: Ursaluna|brn|[from] item: Flame Orb\n|upkeep\n|turn|3\n|\n|t:|1699903692\n|switch|p2a: Heatran|Heatran, L50, F|100\/100\n|move|p2b: Ursaluna|Protect|p2b: Ursaluna\n|-singleturn|p2b: Ursaluna|Protect\n|move|p1a: Iron Hands|Fake Out|p2b: Ursaluna\n|-activate|p2b: Ursaluna|move: Protect\n|move|p1b: Ogerpon|Horn Leech|p2a: Heatran\n|-resisted|p2a: Heatran\n|-damage|p2a: Heatran|91\/100\n|\n|-damage|p2b: Ursaluna|8\/100 brn|[from] brn\n|upkeep\n|turn|4\n|inactive|rennui- has 30 seconds left.\n|\n|t:|1699903717\n|switch|p2a: Cresselia|Cresselia, L50, F, tera:Water|53\/100\n|move|p2b: Ursaluna|Earthquake|p1a: Iron Hands|[spread] p1a,p1b\n|-immune|p2a: Cresselia|[from] ability: Levitate\n|-supereffective|p1a: Iron Hands\n|-resisted|p1b: Ogerpon\n|-damage|p1a: Iron Hands|0 fnt\n|-damage|p1b: Ogerpon|66\/100\n|faint|p1a: Iron Hands\n|-end|p1a: Iron Hands|Quark Drive|[silent]\n|move|p1b: Ogerpon|Ivy Cudgel|p2b: Ursaluna\n|-supereffective|p2b: Ursaluna\n|-crit|p2b: Ursaluna\n|-damage|p2b: Ursaluna|0 fnt\n|faint|p2b: Ursaluna\n|\n|upkeep\n|\n|t:|1699903725\n|switch|p2b: Heatran|Heatran, L50, F|91\/100\n|switch|p1a: Flutter Mane|Flutter Mane, L50, tera:Fairy|100\/100\n|turn|5\n|\n|t:|1699903733\n|move|p2b: Heatran|Flash Cannon|p1a: Flutter Mane\n|-supereffective|p1a: Flutter Mane\n|-damage|p1a: Flutter Mane|0 fnt\n|faint|p1a: Flutter Mane\n|-end|p1a: Flutter Mane|Protosynthesis|[silent]\n|-damage|p2b: Heatran|81\/100|[from] item: Life Orb\n|move|p2a: Cresselia|Lunar Blessing|p2a: Cresselia|[spread] p2a,p2b\n|-heal|p2a: Cresselia|78\/100\n|-heal|p2b: Heatran|100\/100\n|move|p1b: Ogerpon|Ivy Cudgel|p2b: Heatran\n|-supereffective|p2b: Heatran\n|-damage|p2b: Heatran|0 fnt\n|faint|p2b: Heatran\n|\n|-fieldend|move: Trick Room\n|upkeep\n|\n|t:|1699903738\n|switch|p2b: Urshifu|Urshifu, L50, F|1\/100\n|turn|6\n|\n|t:|1699903748\n|move|p2b: Urshifu|Close Combat|p1b: Ogerpon\n|-damage|p1b: Ogerpon|0 fnt\n|-unboost|p2b: Urshifu|def|1\n|-unboost|p2b: Urshifu|spd|1\n|faint|p1b: Ogerpon\n|\n|win|Emirnent\n|raw|rennui-'s rating: 1535 &rarr; <strong>1529<\/strong><br \/>(-6 for losing)\n|raw|Emirnent's rating: 1833 &rarr; <strong>1839<\/strong><br \/>(+6 for winning)\n|l|\u2606Emirnent\n","uploadtime":1699903774,"views":43,"p1id":"rennui","p2id":"emirnent","formatid":"gen9vgc2023regulatione","rating":1529,"private":0,"password":""}