{"id":"gen9vgc2023regulatione-1998964185","p1":"Jhan Franco","p2":"Yotesting","format":"[Gen 9] VGC 2023 Regulation E","log":"|j|\u2606Jhan Franco\n|j|\u2606Yotesting\n|t:|1701018448\n|gametype|doubles\n|player|p1|Jhan Franco|colress|1206\n|player|p2|Yotesting|101|1280\n|teamsize|p1|6\n|teamsize|p2|6\n|gen|9\n|tier|[Gen 9] VGC 2023 Regulation E\n|rated|\n|rule|Species Clause: Limit one of each Pok\u00e9mon\n|rule|Item Clause: Limit one of each item\n|clearpoke\n|poke|p1|Talonflame, L50, M|\n|poke|p1|Espathra, L50, F|\n|poke|p1|Iron Bundle, L50|\n|poke|p1|Hydreigon, L50, F|\n|poke|p1|Sandy Shocks, L50|\n|poke|p1|Torkoal, L50, M|\n|poke|p2|Ursaluna, L50, M|\n|poke|p2|Roaring Moon, L50|\n|poke|p2|Armarouge, L50, M|\n|poke|p2|Torkoal, L50, F|\n|poke|p2|Indeedee-F, L50, F|\n|poke|p2|Bronzong, L50|\n|teampreview|4\n|inactive|Battle timer is ON: inactive players will automatically lose when time's up. (requested by Jhan Franco)\n|inactive|Yotesting has 60 seconds left.\n|inactive|Yotesting has 30 seconds left.\n|\n|t:|1701018519\n|start\n|switch|p1a: \u2605Antares\u2605|Hydreigon, L50, F|100\/100\n|switch|p1b: \u2605Aldebran\u2605|Sandy Shocks, L50, shiny|100\/100\n|switch|p2a: Armarouge|Armarouge, L50, M|100\/100\n|switch|p2b: Roaring Moon|Roaring Moon, L50|100\/100\n|-enditem|p2b: Roaring Moon|Booster Energy\n|-activate|p2b: Roaring Moon|ability: Protosynthesis|[fromitem]\n|-start|p2b: Roaring Moon|protosynthesisspe\n|-enditem|p1b: \u2605Aldebran\u2605|Booster Energy\n|-activate|p1b: \u2605Aldebran\u2605|ability: Protosynthesis|[fromitem]\n|-start|p1b: \u2605Aldebran\u2605|protosynthesisspe\n|turn|1\n|\n|t:|1701018532\n|move|p2a: Armarouge|Endure|p2a: Armarouge\n|-singleturn|p2a: Armarouge|move: Endure\n|move|p2b: Roaring Moon|Earthquake|p1a: \u2605Antares\u2605|[spread] p2a,p1b\n|-immune|p1a: \u2605Antares\u2605|[from] ability: Levitate\n|-supereffective|p2a: Armarouge\n|-supereffective|p1b: \u2605Aldebran\u2605\n|-damage|p2a: Armarouge|45\/100\n|-damage|p1b: \u2605Aldebran\u2605|49\/100\n|-ability|p2a: Armarouge|Weak Armor|boost\n|-unboost|p2a: Armarouge|def|1\n|-boost|p2a: Armarouge|spe|2\n|-enditem|p2a: Armarouge|Weakness Policy\n|-boost|p2a: Armarouge|atk|2|[from] item: Weakness Policy\n|-boost|p2a: Armarouge|spa|2|[from] item: Weakness Policy\n|move|p1b: \u2605Aldebran\u2605|Gravity|p1b: \u2605Aldebran\u2605\n|-fieldstart|move: Gravity\n|move|p1a: \u2605Antares\u2605|Snarl|p2b: Roaring Moon|[spread] p2a,p2b\n|-supereffective|p2a: Armarouge\n|-resisted|p2b: Roaring Moon\n|-activate|p2a: Armarouge|move: Endure\n|-damage|p2a: Armarouge|1\/100\n|-damage|p2b: Roaring Moon|90\/100\n|-unboost|p2a: Armarouge|spa|1\n|-unboost|p2b: Roaring Moon|spa|1\n|\n|upkeep\n|turn|2\n|inactive|Jhan Franco has 30 seconds left.\n|inactive|Yotesting has 30 seconds left.\n|inactive|Yotesting has 20 seconds left.\n|inactive|Yotesting has 15 seconds left.\n|\n|t:|1701018575\n|move|p2b: Roaring Moon|U-turn|p1a: \u2605Antares\u2605\n|-supereffective|p1a: \u2605Antares\u2605\n|-damage|p1a: \u2605Antares\u2605|48\/100\n|\n|t:|1701018579\n|-end|p2b: Roaring Moon|Protosynthesis|[silent]\n|switch|p2b: Torkoal|Torkoal, L50, F|100\/100|[from] U-turn\n|-weather|SunnyDay|[from] ability: Drought|[of] p2b: Torkoal\n|move|p1b: \u2605Aldebran\u2605|Earth Power|p2a: Armarouge\n|-supereffective|p2a: Armarouge\n|-damage|p2a: Armarouge|0 fnt\n|faint|p2a: Armarouge\n|move|p1a: \u2605Antares\u2605|Snarl|p2b: Torkoal\n|-damage|p2b: Torkoal|65\/100\n|-unboost|p2b: Torkoal|spa|1\n|\n|-weather|SunnyDay|[upkeep]\n|upkeep\n|c|\u2606Yotesting|no fucking way\n|c|\u2606Yotesting|you won the fucking speed tie\n|c|\u2606Yotesting|come on\n|inactive|Yotesting has 30 seconds left.\n|c|\u2606Yotesting|im 252\n|inactive|Yotesting has 20 seconds left.\n|c|\u2606Yotesting|ofg\n|inactive|Yotesting has 15 seconds left.\n|\n|t:|1701018619\n|switch|p2a: Indeedee|Indeedee-F, L50, F|100\/100\n|-fieldstart|move: Psychic Terrain|[from] ability: Psychic Surge|[of] p2a: Indeedee\n|turn|3\n|c|\u2606Jhan Franco|Calla pichi\n|\n|t:|1701018634\n|switch|p2b: Roaring Moon|Roaring Moon, L50|90\/100\n|-activate|p2b: Roaring Moon|ability: Protosynthesis\n|-start|p2b: Roaring Moon|protosynthesisspe\n|-terastallize|p2a: Indeedee|Fairy\n|move|p1b: \u2605Aldebran\u2605|Earth Power|p2b: Roaring Moon\n|-damage|p2b: Roaring Moon|53\/100\n|move|p1a: \u2605Antares\u2605|Snarl|p2b: Roaring Moon|[spread] p2a,p2b\n|-resisted|p2a: Indeedee\n|-resisted|p2b: Roaring Moon\n|-damage|p2a: Indeedee|91\/100\n|-damage|p2b: Roaring Moon|43\/100\n|-unboost|p2a: Indeedee|spa|1\n|-unboost|p2b: Roaring Moon|spa|1\n|move|p2a: Indeedee|Trick Room|p2a: Indeedee\n|-fieldstart|move: Trick Room|[of] p2a: Indeedee\n|\n|-weather|SunnyDay|[upkeep]\n|upkeep\n|turn|4\n|c|\u2606Yotesting|calla to ma stronza\n|c|\u2606Yotesting|quella puttana succhia cazzi\n|n|\u203dYotesting|yotesting\n|c|&|\/log Yotesting was locked from talking by Artemis. (\u2606Yotesting: quella puttana succhia cazzi)\n|c|&|\/raw <small>This action was done automatically. Want to learn more about the AI? <a href=\"https:\/\/www.smogon.com\/forums\/threads\/3570628\/#post-9056769\">Visit the information thread<\/a>.<\/small>\n|c|\u2606Jhan Franco|Jajajaja\n|inactive|Yotesting has 30 seconds left.\n|\n|t:|1701018668\n|move|p2a: Indeedee|Dazzling Gleam|p1a: \u2605Antares\u2605|[spread] p1a,p1b\n|-supereffective|p1a: \u2605Antares\u2605\n|-damage|p1a: \u2605Antares\u2605|15\/100\n|-damage|p1b: \u2605Aldebran\u2605|36\/100\n|move|p1a: \u2605Antares\u2605|Snarl|p2a: Indeedee|[spread] p2a,p2b\n|-resisted|p2a: Indeedee\n|-resisted|p2b: Roaring Moon\n|-damage|p2a: Indeedee|82\/100\n|-damage|p2b: Roaring Moon|32\/100\n|-unboost|p2a: Indeedee|spa|1\n|-unboost|p2b: Roaring Moon|spa|1\n|move|p1b: \u2605Aldebran\u2605|Earth Power|p2a: Indeedee\n|-damage|p2a: Indeedee|47\/100\n|move|p2b: Roaring Moon|Earthquake|p1a: \u2605Antares\u2605|[spread] p2a,p1a,p1b\n|-supereffective|p1b: \u2605Aldebran\u2605\n|-damage|p2a: Indeedee|22\/100\n|-damage|p1a: \u2605Antares\u2605|0 fnt\n|-damage|p1b: \u2605Aldebran\u2605|0 fnt\n|faint|p1a: \u2605Antares\u2605\n|faint|p1b: \u2605Aldebran\u2605\n|-end|p1b: \u2605Aldebran\u2605|Protosynthesis|[silent]\n|\n|-weather|SunnyDay|[upkeep]\n|upkeep\n|\n|t:|1701018676\n|switch|p1a: Torkoal|Torkoal, L50, M|100\/100\n|switch|p1b: \u2605Sirius\u2605|Espathra, L50, F|100\/100\n|turn|5\n|\n|t:|1701018693\n|-terastallize|p1a: Torkoal|Fire\n|move|p2a: Indeedee|Follow Me|p2a: Indeedee\n|-singleturn|p2a: Indeedee|move: Follow Me\n|move|p1a: Torkoal|Eruption|p2b: Roaring Moon|[spread] p2a,p2b\n|-resisted|p2b: Roaring Moon\n|-damage|p2a: Indeedee|0 fnt\n|-damage|p2b: Roaring Moon|0 fnt\n|faint|p2a: Indeedee\n|faint|p2b: Roaring Moon\n|-end|p2b: Roaring Moon|Protosynthesis|[silent]\n|move|p1b: \u2605Sirius\u2605|Dazzling Gleam|p2: Indeedee|[notarget]\n|-fail|p1b: \u2605Sirius\u2605\n|\n|-weather|SunnyDay|[upkeep]\n|-fieldend|move: Gravity\n|-ability|p1b: \u2605Sirius\u2605|Speed Boost|boost\n|-boost|p1b: \u2605Sirius\u2605|spe|1\n|upkeep\n|\n|t:|1701018695\n|switch|p2a: Torkoal|Torkoal, L50, F|65\/100\n|turn|6\n|\n|t:|1701018711\n|move|p2a: Torkoal|Heat Wave|p1b: \u2605Sirius\u2605|[spread] p1a,p1b\n|-resisted|p1a: Torkoal\n|-damage|p1a: Torkoal|53\/100\n|-damage|p1b: \u2605Sirius\u2605|0 fnt\n|faint|p1b: \u2605Sirius\u2605\n|move|p1a: Torkoal|Earth Power|p2a: Torkoal\n|-supereffective|p2a: Torkoal\n|-damage|p2a: Torkoal|0 fnt\n|faint|p2a: Torkoal\n|\n|win|Jhan Franco\n|raw|Jhan Franco's rating: 1206 &rarr; <strong>1236<\/strong><br \/>(+30 for winning)\n|raw|Yotesting's rating: 1280 &rarr; <strong>1250<\/strong><br \/>(-30 for losing)\n","uploadtime":1701018657,"views":3,"p1id":"jhanfranco","p2id":"yotesting","formatid":"gen9vgc2023regulatione","rating":1236,"private":0,"password":""}