{"id":"gen9vgc2023regulatione-1998520360","p1":"Peridoxe","p2":"OceanVista","format":"[Gen 9] VGC 2023 Regulation E","log":"|j|\u2606Peridoxe\n|j|\u2606OceanVista\n|t:|1700951671\n|gametype|doubles\n|player|p1|Peridoxe|1|1342\n|player|p2|OceanVista|2|1291\n|teamsize|p1|6\n|teamsize|p2|6\n|gen|9\n|tier|[Gen 9] VGC 2023 Regulation E\n|rated|\n|rule|Species Clause: Limit one of each Pok\u00e9mon\n|rule|Item Clause: Limit one of each item\n|clearpoke\n|poke|p1|Amoonguss, L50, M|\n|poke|p1|Arcanine, L50, F|\n|poke|p1|Sylveon, L50, M|\n|poke|p1|Maushold, L50|\n|poke|p1|Mimikyu, L50, F|\n|poke|p1|Iron Hands, L50|\n|poke|p2|Arcanine-Hisui, L50, M|\n|poke|p2|Ogerpon-Wellspring, L50, F|\n|poke|p2|Landorus-Therian, L50, M|\n|poke|p2|Iron Hands, L50|\n|poke|p2|Flutter Mane, L50|\n|poke|p2|Chien-Pao, L50|\n|teampreview|4\n|c|\u2606OceanVista|glhf\n|c|\u2606Peridoxe|gl hf\n|l|\u2606OceanVista\n|player|p2|\n|j|\u2606OceanVista\n|player|p2|OceanVista|2\n|c|\u2606Peridoxe|Or not?\n|c|\u2606Peridoxe|Oh, ok\n|c|\u2606OceanVista|my b\n|c|\u2606Peridoxe|all g\n|\n|t:|1700951721\n|start\n|switch|p1a: Mimikyu|Mimikyu, L50, F|100\/100\n|switch|p1b: Iron Hands|Iron Hands, L50|100\/100\n|switch|p2a: Brian Hands|Iron Hands, L50|100\/100\n|switch|p2b: Rahhh|Landorus-Therian, L50, M|100\/100\n|-ability|p2b: Rahhh|Intimidate|boost\n|-unboost|p1a: Mimikyu|atk|1\n|-unboost|p1b: Iron Hands|atk|1\n|turn|1\n|\n|t:|1700951751\n|move|p1b: Iron Hands|Fake Out|p2a: Brian Hands\n|-damage|p2a: Brian Hands|94\/100\n|cant|p2a: Brian Hands|flinch\n|move|p2b: Rahhh|U-turn|p1a: Mimikyu\n|-activate|p1a: Mimikyu|ability: Disguise\n|-damage|p1a: Mimikyu|100\/100\n|detailschange|p1a: Mimikyu|Mimikyu-Busted, L50, F\n|-damage|p1a: Mimikyu|88\/100|[from] pokemon: Mimikyu-Busted\n|\n|t:|1700951763\n|switch|p2b: 50.87%|Flutter Mane, L50|100\/100|[from] U-turn\n|-enditem|p2b: 50.87%|Booster Energy\n|-activate|p2b: 50.87%|ability: Protosynthesis|[fromitem]\n|-start|p2b: 50.87%|protosynthesisspe\n|move|p1a: Mimikyu|Trick Room|p1a: Mimikyu\n|-fieldstart|move: Trick Room|[of] p1a: Mimikyu\n|\n|upkeep\n|turn|2\n|\n|t:|1700951781\n|switch|p1a: Amoonguss|Amoonguss, L50, M|100\/100\n|move|p2b: 50.87%|Protect|p2b: 50.87%\n|-singleturn|p2b: 50.87%|Protect\n|move|p2a: Brian Hands|Heavy Slam|p1a: Amoonguss\n|-damage|p1a: Amoonguss|60\/100\n|move|p1b: Iron Hands|Heavy Slam|p2b: 50.87%\n|-activate|p2b: 50.87%|move: Protect\n|\n|upkeep\n|turn|3\n|\n|t:|1700951817\n|-end|p2a: Brian Hands|Quark Drive|[silent]\n|switch|p2a: Snivy :)|Ogerpon-Wellspring, L50, F|100\/100\n|-end|p2b: 50.87%|Protosynthesis|[silent]\n|switch|p2b: Rahhh|Landorus-Therian, L50, M|100\/100\n|-ability|p2b: Rahhh|Intimidate|boost\n|-unboost|p1a: Amoonguss|atk|1\n|-unboost|p1b: Iron Hands|atk|1\n|move|p1a: Amoonguss|Spore|p2b: Rahhh\n|-status|p2b: Rahhh|slp|[from] move: Spore\n|move|p1b: Iron Hands|Drain Punch|p2a: Snivy :)\n|-damage|p2a: Snivy :)|76\/100\n|\n|upkeep\n|turn|4\n|\n|t:|1700951863\n|-end|p1b: Iron Hands|Quark Drive|[silent]\n|switch|p1b: Sylveon|Sylveon, L50, M|100\/100\n|switch|p2b: 50.87%|Flutter Mane, L50|100\/100\n|move|p1a: Amoonguss|Pollen Puff|p2a: Snivy :)\n|-supereffective|p2a: Snivy :)\n|-damage|p2a: Snivy :)|41\/100\n|move|p2a: Snivy :)|Horn Leech|p1b: Sylveon\n|-damage|p1b: Sylveon|54\/100\n|-heal|p2a: Snivy :)|66\/100|[from] drain|[of] p1b: Sylveon\n|\n|upkeep\n|turn|5\n|\n|t:|1700951889\n|move|p2a: Snivy :)|Follow Me|p2a: Snivy :)\n|-singleturn|p2a: Snivy :)|move: Follow Me\n|move|p1a: Amoonguss|Pollen Puff|p2a: Snivy :)\n|-supereffective|p2a: Snivy :)\n|-damage|p2a: Snivy :)|32\/100\n|move|p1b: Sylveon|Hyper Voice|p2a: Snivy :)|[spread] p2a,p2b\n|-damage|p2a: Snivy :)|0 fnt\n|-damage|p2b: 50.87%|60\/100\n|faint|p2a: Snivy :)\n|-enditem|p1b: Sylveon|Throat Spray\n|-boost|p1b: Sylveon|spa|1|[from] item: Throat Spray\n|move|p2b: 50.87%|Moonblast|p1b: Sylveon\n|-damage|p1b: Sylveon|16\/100\n|\n|-fieldend|move: Trick Room\n|upkeep\n|\n|t:|1700951903\n|switch|p2a: Brian Hands|Iron Hands, L50|94\/100\n|turn|6\n|\n|t:|1700951915\n|move|p2b: 50.87%|Protect|p2b: 50.87%\n|-singleturn|p2b: 50.87%|Protect\n|move|p1b: Sylveon|Protect|p1b: Sylveon\n|-singleturn|p1b: Sylveon|Protect\n|move|p1a: Amoonguss|Protect|p1a: Amoonguss\n|-singleturn|p1a: Amoonguss|Protect\n|move|p2a: Brian Hands|Fake Out|p1b: Sylveon\n|-activate|p1b: Sylveon|move: Protect\n|\n|upkeep\n|turn|7\n|\n|t:|1700951935\n|move|p1a: Amoonguss|Rage Powder|p1a: Amoonguss\n|-singleturn|p1a: Amoonguss|move: Rage Powder\n|move|p2b: 50.87%|Shadow Ball|p1a: Amoonguss\n|-damage|p1a: Amoonguss|24\/100\n|move|p1b: Sylveon|Hyper Voice|p2b: 50.87%|[spread] p2a,p2b\n|-supereffective|p2a: Brian Hands\n|-damage|p2a: Brian Hands|25\/100\n|-damage|p2b: 50.87%|0 fnt\n|faint|p2b: 50.87%\n|-end|p2b: 50.87%|Protosynthesis|[silent]\n|move|p2a: Brian Hands|Heavy Slam|p1a: Amoonguss\n|-crit|p1a: Amoonguss\n|-damage|p1a: Amoonguss|0 fnt\n|faint|p1a: Amoonguss\n|\n|upkeep\n|\n|t:|1700951948\n|switch|p2b: Rahhh|Landorus-Therian, L50, M|100\/100 slp\n|switch|p1a: Iron Hands|Iron Hands, L50|100\/100\n|-ability|p2b: Rahhh|Intimidate|boost\n|-unboost|p1a: Iron Hands|atk|1\n|-unboost|p1b: Sylveon|atk|1\n|turn|8\n|\n|t:|1700951978\n|move|p1a: Iron Hands|Fake Out|p2b: Rahhh\n|-damage|p2b: Rahhh|87\/100 slp\n|cant|p2b: Rahhh|slp\n|move|p1b: Sylveon|Hyper Voice|p2a: Brian Hands|[spread] p2a,p2b\n|-supereffective|p2a: Brian Hands\n|-damage|p2a: Brian Hands|0 fnt\n|-damage|p2b: Rahhh|9\/100 slp\n|faint|p2a: Brian Hands\n|-end|p2a: Brian Hands|Quark Drive|[silent]\n|\n|upkeep\n|turn|9\n|c|\u2606OceanVista|gg\n|c|\u2606OceanVista|wp\n|c|\u2606Peridoxe|gg\n|c|\u2606Peridoxe|Honestly thought I lost, but the spore saved me\n|\n|t:|1700952006\n|cant|p2b: Rahhh|slp\n|move|p1b: Sylveon|Hyper Voice|p2b: Rahhh\n|-damage|p2b: Rahhh|0 fnt\n|faint|p2b: Rahhh\n|\n|win|Peridoxe\n|raw|Peridoxe's rating: 1342 &rarr; <strong>1359<\/strong><br \/>(+17 for winning)\n|raw|OceanVista's rating: 1291 &rarr; <strong>1270<\/strong><br \/>(-21 for losing)\n|c|\u2606OceanVista|yeah\n|c|\u2606Peridoxe|I figured you had ogerpon\n|c|\u2606OceanVista|i tried to pedict the spore on flutter\n|c|\u2606Peridoxe|So predicted you'd dodge the obvious spore\n|c|\u2606Peridoxe|It was just a tough choice\n|c|\u2606OceanVista|wait\n|c|\u2606OceanVista|other way around\n|c|\u2606OceanVista|your hands could ohko my flutter\n|c|\u2606OceanVista|i thought you'd spore hands\n|l|\u2606OceanVista\n|c|\u2606Peridoxe|I know. But I knew you'd switch Flutter, and expect me to Spore the obvious Assault Vest Hands\n","uploadtime":1700952108,"views":20,"p1id":"peridoxe","p2id":"oceanvista","formatid":"gen9vgc2023regulatione","rating":1270,"private":0,"password":""}