{"id":"gen9vgc2023regulatione-1991686676","p1":"WillieDangerously","p2":"Gutts1","format":"[Gen 9] VGC 2023 Regulation E","log":"|j|\u2606WillieDangerously\n|j|\u2606Gutts1\n|t:|1700102641\n|gametype|doubles\n|player|p1|WillieDangerously|101|1191\n|player|p2|Gutts1|265|1096\n|teamsize|p1|6\n|teamsize|p2|6\n|gen|9\n|tier|[Gen 9] VGC 2023 Regulation E\n|rated|\n|rule|Species Clause: Limit one of each Pok\u00e9mon\n|rule|Item Clause: Limit one of each item\n|clearpoke\n|poke|p1|Iron Hands, L50|\n|poke|p1|Iron Bundle, L50|\n|poke|p1|Sinistcha, L50|\n|poke|p1|Landorus-Therian, L50, M|\n|poke|p1|Heatran, L50, M|\n|poke|p1|Ninetales-Alola, L50, F|\n|poke|p2|Ursaluna-Bloodmoon, L50, M|\n|poke|p2|Cresselia, L50, F|\n|poke|p2|Iron Bundle, L50|\n|poke|p2|Indeedee-F, L50, F|\n|poke|p2|Armarouge, L50, F|\n|poke|p2|Flamigo, L50, F|\n|teampreview|4\nGutts1 rejected open team sheets.\n|inactive|Battle timer is ON: inactive players will automatically lose when time's up. (requested by Gutts1)\n|inactive|WillieDangerously has 60 seconds left.\n|\n|t:|1700102691\n|start\n|switch|p1a: Sinistcha|Sinistcha, L50|100\/100\n|switch|p1b: Ninetales|Ninetales-Alola, L50, F|100\/100\n|switch|p2a: Iron Bundle|Iron Bundle, L50|100\/100\n|switch|p2b: Armarouge|Armarouge, L50, F|100\/100\n|-weather|Snow|[from] ability: Snow Warning|[of] p1b: Ninetales\n|-enditem|p2a: Iron Bundle|Booster Energy\n|-activate|p2a: Iron Bundle|ability: Quark Drive|[fromitem]\n|-start|p2a: Iron Bundle|quarkdrivespe\n|turn|1\n|inactive|Gutts1 has 30 seconds left.\n|inactive|Gutts1 has 20 seconds left.\n|\n|t:|1700102730\n|move|p2a: Iron Bundle|Flip Turn|p2b: Armarouge\n|-supereffective|p2b: Armarouge\n|-damage|p2b: Armarouge|72\/100\n|-ability|p2b: Armarouge|Weak Armor|boost\n|-unboost|p2b: Armarouge|def|1\n|-boost|p2b: Armarouge|spe|2\n|-enditem|p2b: Armarouge|Weakness Policy\n|-boost|p2b: Armarouge|atk|2|[from] item: Weakness Policy\n|-boost|p2b: Armarouge|spa|2|[from] item: Weakness Policy\n|\n|t:|1700102737\n|-end|p2a: Iron Bundle|Quark Drive|[silent]\n|switch|p2a: Indeedee|Indeedee-F, L50, F|100\/100|[from] Flip Turn\n|-fieldstart|move: Psychic Terrain|[from] ability: Psychic Surge|[of] p2a: Indeedee\n|move|p1b: Ninetales|Aurora Veil|p1b: Ninetales\n|-sidestart|p1: WillieDangerously|move: Aurora Veil\n|move|p2b: Armarouge|Expanding Force|p1b: Ninetales|[spread] p1a,p1b\n|-damage|p1a: Sinistcha|15\/100\n|-damage|p1b: Ninetales|0 fnt\n|-enditem|p1a: Sinistcha|Sitrus Berry|[eat]\n|-heal|p1a: Sinistcha|39\/100|[from] item: Sitrus Berry\n|faint|p1b: Ninetales\n|move|p1a: Sinistcha|Matcha Gotcha|p2a: Indeedee|[spread] p2a,p2b\n|-resisted|p2b: Armarouge\n|-damage|p2a: Indeedee|69\/100\n|-heal|p1a: Sinistcha|55\/100|[from] drain|[of] p2a: Indeedee\n|-damage|p2b: Armarouge|57\/100\n|-heal|p1a: Sinistcha|63\/100|[from] drain|[of] p2b: Armarouge\n|-status|p2a: Indeedee|brn\n|\n|-weather|Snow|[upkeep]\n|-damage|p2a: Indeedee|63\/100 brn|[from] brn\n|upkeep\n|\n|t:|1700102757\n|switch|p1b: Landorus|Landorus-Therian, L50, M|100\/100\n|-ability|p1b: Landorus|Intimidate|boost\n|-unboost|p2a: Indeedee|atk|1\n|-unboost|p2b: Armarouge|atk|1\n|turn|2\n|inactive|WillieDangerously has 30 seconds left.\n|\n|t:|1700102786\n|-terastallize|p1a: Sinistcha|Dark\n|move|p2b: Armarouge|Expanding Force|p1b: Landorus|[spread] p1b\n|-immune|p1a: Sinistcha\n|-damage|p1b: Landorus|0 fnt\n|faint|p1b: Landorus\n|move|p2a: Indeedee|Heal Pulse|p2b: Armarouge\n|-heal|p2b: Armarouge|100\/100\n|move|p1a: Sinistcha|Trick Room|p1a: Sinistcha\n|-fieldstart|move: Trick Room|[of] p1a: Sinistcha\n|\n|-weather|Snow|[upkeep]\n|-damage|p2a: Indeedee|57\/100 brn|[from] brn\n|upkeep\n|\n|t:|1700102794\n|switch|p1b: Heatran|Heatran, L50, M|100\/100\n|turn|3\n|\n|t:|1700102811\n|move|p2b: Armarouge|Protect|p2b: Armarouge\n|-singleturn|p2b: Armarouge|Protect\n|move|p1a: Sinistcha|Shadow Ball|p2b: Armarouge\n|-activate|p2b: Armarouge|move: Protect\n|move|p1b: Heatran|Flash Cannon|p2a: Indeedee\n|-damage|p2a: Indeedee|15\/100 brn\n|move|p2a: Indeedee|Trick Room|p2a: Indeedee\n|-fieldend|move: Trick Room\n|\n|-weather|Snow|[upkeep]\n|-damage|p2a: Indeedee|8\/100 brn|[from] brn\n|upkeep\n|turn|4\n|inactive|Gutts1 has 30 seconds left.\n|inactive|Gutts1 has 20 seconds left.\n|\n|t:|1700102846\n|move|p2a: Indeedee|Follow Me|p2a: Indeedee\n|-singleturn|p2a: Indeedee|move: Follow Me\n|move|p2b: Armarouge|Armor Cannon|p1a: Sinistcha\n|-damage|p1a: Sinistcha|0 fnt\n|-unboost|p2b: Armarouge|def|1\n|-unboost|p2b: Armarouge|spd|1\n|faint|p1a: Sinistcha\n|move|p1b: Heatran|Earth Power|p2a: Indeedee\n|-damage|p2a: Indeedee|0 fnt\n|faint|p2a: Indeedee\n|\n|-weather|Snow|[upkeep]\n|upkeep\n|\n|t:|1700102860\n|switch|p2a: Flamigo|Flamigo, L50, F|100\/100\n|-copyboost|p2a: Flamigo|p2b: Armarouge|[from] ability: Costar\n|turn|5\n|\n|t:|1700102874\n|move|p2a: Flamigo|Close Combat|p1b: Heatran\n|-supereffective|p1b: Heatran\n|-damage|p1b: Heatran|0 fnt\n|-unboost|p2a: Flamigo|def|1\n|-unboost|p2a: Flamigo|spd|1\n|faint|p1b: Heatran\n|\n|win|Gutts1\n|raw|WillieDangerously's rating: 1191 &rarr; <strong>1159<\/strong><br \/>(-32 for losing)\n|raw|Gutts1's rating: 1096 &rarr; <strong>1128<\/strong><br \/>(+32 for winning)\n","uploadtime":1700102877,"views":13,"p1id":"williedangerously","p2id":"gutts1","formatid":"gen9vgc2023regulatione","rating":1128,"private":0,"password":""}