{"id":"gen9vgc2023regulatione-1992288979","p1":"TrendanBrendan","p2":"valevela","format":"[Gen 9] VGC 2023 Regulation E","log":"|j|\u2606TrendanBrendan\n|j|\u2606valevela\n|t:|1700171279\n|gametype|doubles\n|player|p1|TrendanBrendan|elio|1136\n|player|p2|valevela|169|1215\n|teamsize|p1|6\n|teamsize|p2|5\n|gen|9\n|tier|[Gen 9] VGC 2023 Regulation E\n|rated|\n|rule|Species Clause: Limit one of each Pok\u00e9mon\n|rule|Item Clause: Limit one of each item\n|clearpoke\n|poke|p1|Okidogi, L50, M|\n|poke|p1|Ogerpon-Hearthflame, L50, F|\n|poke|p1|Tornadus, L50, M|\n|poke|p1|Flutter Mane, L50|\n|poke|p1|Arcanine-Hisui, L50, M|\n|poke|p1|Urshifu-*, L50, M|\n|poke|p2|Ursaluna-Bloodmoon, L50, M|\n|poke|p2|Arcanine-Hisui, L50, M|\n|poke|p2|Rillaboom, L50, F|\n|poke|p2|Iron Bundle, L50|\n|poke|p2|Farigiraf, L50, M|\n|teampreview|4\nTrendanBrendan has agreed to open team sheets.\n|\n|t:|1700171341\n|start\n|switch|p1a: Oki|Okidogi, L50, M|100\/100\n|switch|p1b: Urshifu|Urshifu-Rapid-Strike, L50, M|100\/100\n|switch|p2a: Ursaluna|Ursaluna-Bloodmoon, L50, M|100\/100\n|switch|p2b: Rillaboom|Rillaboom, L50, F|100\/100\n|-fieldstart|move: Grassy Terrain|[from] ability: Grassy Surge|[of] p2b: Rillaboom\n|turn|1\n|c|\u2606TrendanBrendan|glhf, im practicing for San Antonio : ]\n|\n|t:|1700171367\n|move|p2a: Ursaluna|Protect|p2a: Ursaluna\n|-singleturn|p2a: Ursaluna|Protect\n|move|p2b: Rillaboom|Grassy Glide|p1b: Urshifu\n|-supereffective|p1b: Urshifu\n|-crit|p1b: Urshifu\n|-damage|p1b: Urshifu|0 fnt\n|faint|p1b: Urshifu\n|move|p1a: Oki|Knock Off|p2a: Ursaluna\n|-activate|p2a: Ursaluna|move: Protect\n|\n|upkeep\n|\n|t:|1700171373\n|switch|p1b: Ogerpon|Ogerpon-Hearthflame, L50, F|100\/100\n|-ability|p1b: Ogerpon|Mold Breaker\n|turn|2\n|\n|t:|1700171388\n|-terastallize|p1b: Ogerpon|Fire\n|detailschange|p1b: Ogerpon|Ogerpon-Hearthflame-Tera, L50, F, tera:Fire\n|-ability|p1b: Ogerpon|Embody Aspect (Hearthflame)|boost\n|-boost|p1b: Ogerpon|atk|1\n|move|p1b: Ogerpon|Ivy Cudgel|p2a: Ursaluna|[anim] Ivy Cudgel Fire\n|-crit|p2a: Ursaluna\n|-damage|p2a: Ursaluna|0 fnt\n|faint|p2a: Ursaluna\n|move|p1a: Oki|Knock Off|p2b: Rillaboom\n|-damage|p2b: Rillaboom|69\/100\n|-enditem|p2b: Rillaboom|Assault Vest|[from] move: Knock Off|[of] p1a: Oki\n|move|p2b: Rillaboom|U-turn|p1b: Ogerpon\n|-resisted|p1b: Ogerpon\n|-damage|p1b: Ogerpon|88\/100\n|\n|t:|1700171401\n|switch|p2b: Iron Bundle|Iron Bundle, L50|100\/100|[from] U-turn\n|-enditem|p2b: Iron Bundle|Booster Energy\n|-activate|p2b: Iron Bundle|ability: Quark Drive|[fromitem]\n|-start|p2b: Iron Bundle|quarkdrivespe\n|\n|-heal|p1b: Ogerpon|94\/100|[from] Grassy Terrain\n|upkeep\n|\n|t:|1700171405\n|switch|p2a: Rillaboom|Rillaboom, L50, F|69\/100\n|turn|3\n|\n|t:|1700171418\n|move|p1b: Ogerpon|Spiky Shield|p1b: Ogerpon\n|-singleturn|p1b: Ogerpon|move: Protect\n|move|p2a: Rillaboom|Grassy Glide|p1a: Oki\n|-resisted|p1a: Oki\n|-crit|p1a: Oki\n|-damage|p1a: Oki|77\/100\n|move|p2b: Iron Bundle|Hydro Pump|p1a: Oki\n|-damage|p1a: Oki|25\/100\n|move|p1a: Oki|Bulk Up|p1a: Oki\n|-boost|p1a: Oki|atk|1\n|-boost|p1a: Oki|def|1\n|\n|-heal|p1b: Ogerpon|99\/100|[from] Grassy Terrain\n|-heal|p1a: Oki|32\/100|[from] Grassy Terrain\n|-heal|p1a: Oki|38\/100|[from] item: Leftovers\n|-heal|p2a: Rillaboom|75\/100|[from] Grassy Terrain\n|upkeep\n|turn|4\n|\n|t:|1700171442\n|move|p1b: Ogerpon|Follow Me|p1b: Ogerpon\n|-singleturn|p1b: Ogerpon|move: Follow Me\n|move|p2b: Iron Bundle|Encore|p1b: Ogerpon\n|-start|p1b: Ogerpon|Encore\n|move|p1a: Oki|Drain Punch|p2b: Iron Bundle\n|-supereffective|p2b: Iron Bundle\n|-damage|p2b: Iron Bundle|0 fnt\n|-heal|p1a: Oki|72\/100|[from] drain|[of] p2b: Iron Bundle\n|faint|p2b: Iron Bundle\n|-end|p2b: Iron Bundle|Quark Drive|[silent]\n|move|p2a: Rillaboom|Wood Hammer|p1b: Ogerpon\n|-resisted|p1b: Ogerpon\n|-damage|p1b: Ogerpon|61\/100\n|-damage|p2a: Rillaboom|64\/100|[from] Recoil\n|\n|-heal|p1b: Ogerpon|67\/100|[from] Grassy Terrain\n|-heal|p1a: Oki|79\/100|[from] Grassy Terrain\n|-heal|p1a: Oki|85\/100|[from] item: Leftovers\n|-heal|p2a: Rillaboom|69\/100|[from] Grassy Terrain\n|upkeep\n|\n|t:|1700171450\n|switch|p2b: Arcanine|Arcanine-Hisui, L50, M|100\/100\n|-ability|p2b: Arcanine|Intimidate|boost\n|-ability|p1a: Oki|Guard Dog|boost\n|-boost|p1a: Oki|atk|1\n|-unboost|p1b: Ogerpon|atk|1\n|turn|5\n|\n|t:|1700171463\n|move|p1b: Ogerpon|Follow Me|p1b: Ogerpon\n|-singleturn|p1b: Ogerpon|move: Follow Me\n|move|p2b: Arcanine|Rock Slide|p1a: Oki|[spread] p1a,p1b\n|-resisted|p1a: Oki\n|-supereffective|p1b: Ogerpon\n|-damage|p1a: Oki|73\/100\n|-damage|p1b: Ogerpon|0 fnt\n|faint|p1b: Ogerpon\n|cant|p1a: Oki|flinch\n|move|p2a: Rillaboom|Wood Hammer|p1a: Oki\n|-resisted|p1a: Oki\n|-damage|p1a: Oki|53\/100\n|-damage|p2a: Rillaboom|63\/100|[from] Recoil\n|\n|-heal|p1a: Oki|59\/100|[from] Grassy Terrain\n|-heal|p1a: Oki|66\/100|[from] item: Leftovers\n|-heal|p2a: Rillaboom|69\/100|[from] Grassy Terrain\n|-fieldend|move: Grassy Terrain\n|upkeep\n|\n|t:|1700171471\n|switch|p1b: Dori|Flutter Mane, L50|100\/100\n|turn|6\n|\n|t:|1700171489\n|move|p1b: Dori|Power Gem|p2b: Arcanine\n|-supereffective|p2b: Arcanine\n|-damage|p2b: Arcanine|3\/100\n|move|p2b: Arcanine|Rock Slide|p1a: Oki|[spread] p1a,p1b\n|-resisted|p1a: Oki\n|-damage|p1a: Oki|53\/100\n|-damage|p1b: Dori|43\/100\n|cant|p1a: Oki|flinch\n|move|p2a: Rillaboom|Wood Hammer|p1b: Dori\n|-damage|p1b: Dori|0 fnt\n|faint|p1b: Dori\n|-end|p1b: Dori|Protosynthesis|[silent]\n|-damage|p2a: Rillaboom|59\/100|[from] Recoil\n|\n|-heal|p1a: Oki|59\/100|[from] item: Leftovers\n|upkeep\n|turn|7\n|\n|t:|1700171500\n|-terastallize|p2a: Rillaboom|Grass\n|move|p2b: Arcanine|Rock Slide|p1a: Oki\n|-resisted|p1a: Oki\n|-damage|p1a: Oki|42\/100\n|move|p1a: Oki|Drain Punch|p2b: Arcanine\n|-supereffective|p2b: Arcanine\n|-damage|p2b: Arcanine|0 fnt\n|-heal|p1a: Oki|44\/100|[from] drain|[of] p2b: Arcanine\n|faint|p2b: Arcanine\n|move|p2a: Rillaboom|Wood Hammer|p1a: Oki\n|-resisted|p1a: Oki\n|-damage|p1a: Oki|21\/100\n|-damage|p2a: Rillaboom|52\/100|[from] Recoil\n|\n|-heal|p1a: Oki|28\/100|[from] item: Leftovers\n|upkeep\n|turn|8\n|c|\u2606TrendanBrendan|oh boy this might be a roll\n|\n|t:|1700171522\n|move|p1a: Oki|Poison Jab|p2a: Rillaboom\n|-supereffective|p2a: Rillaboom\n|-damage|p2a: Rillaboom|0 fnt\n|faint|p2a: Rillaboom\n|\n|win|TrendanBrendan\n|raw|TrendanBrendan's rating: 1136 &rarr; <strong>1167<\/strong><br \/>(+31 for winning)\n|raw|valevela's rating: 1215 &rarr; <strong>1184<\/strong><br \/>(-31 for losing)\n|c|\u2606TrendanBrendan|ggwp\n","uploadtime":1700171534,"views":21,"p1id":"trendanbrendan","p2id":"valevela","formatid":"gen9vgc2023regulatione","rating":1167,"private":0,"password":""}