{"id":"gen9vgc2023regulatione-1989076991","p1":"fang hider","p2":"Ampao","format":"[Gen 9] VGC 2023 Regulation E","log":"|j|\u2606fang hider\n|j|\u2606Ampao\n|t:|1699809655\n|gametype|doubles\n|player|p1|fang hider|2|1079\n|player|p2|Ampao|170|1071\n|teamsize|p1|6\n|teamsize|p2|6\n|gen|9\n|tier|[Gen 9] VGC 2023 Regulation E\n|rated|\n|rule|Species Clause: Limit one of each Pok\u00e9mon\n|rule|Item Clause: Limit one of each item\n|clearpoke\n|poke|p1|Iron Hands, L50|\n|poke|p1|Sinistcha-Masterpiece, L50|\n|poke|p1|Chien-Pao, L50|\n|poke|p1|Clefairy, L50, M|\n|poke|p1|Armarouge, L50, F|\n|poke|p1|Indeedee-F, L50, F|\n|poke|p2|Oranguru, L50, M|\n|poke|p2|Palafin, L50, F|\n|poke|p2|Grimmsnarl, L50, M|\n|poke|p2|Munkidori, L50, M|\n|poke|p2|Sneasler, L50, M|\n|poke|p2|Arcanine-Hisui, L50, F|\n|teampreview|4\n|c|\u2606fang hider|hi\n|l|\u2606Ampao\n|player|p2|\n|\n|t:|1699809680\n|start\n|switch|p1a: Armarouge|Armarouge, L50, F|100\/100\n|switch|p1b: Indeedee|Indeedee-F, L50, F|100\/100\n|switch|p2a: Grimmsnarl|Grimmsnarl, L50, M|100\/100\n|switch|p2b: Munkidori|Munkidori, L50, M|100\/100\n|-fieldstart|move: Psychic Terrain|[from] ability: Psychic Surge|[of] p1b: Indeedee\n|-enditem|p1b: Indeedee|Psychic Seed\n|-boost|p1b: Indeedee|spd|1|[from] item: Psychic Seed\n|turn|1\n|j|\u2606Ampao\n|player|p2|Ampao|170\n|\n|t:|1699809700\n|move|p1b: Indeedee|Follow Me|p1b: Indeedee\n|-singleturn|p1b: Indeedee|move: Follow Me\n|move|p2a: Grimmsnarl|Swagger|p1b: Indeedee\n|-activate|p1b: Indeedee|move: Psychic Terrain\n|move|p2b: Munkidori|Light Screen|p2b: Munkidori\n|-sidestart|p2: Ampao|move: Light Screen\n|move|p1a: Armarouge|Trick Room|p1a: Armarouge\n|-fieldstart|move: Trick Room|[of] p1a: Armarouge\n|\n|upkeep\n|turn|2\n|\n|t:|1699809723\n|move|p2a: Grimmsnarl|Spirit Break|p1b: Indeedee\n|-damage|p1b: Indeedee|66\/100\n|-unboost|p1b: Indeedee|spa|1\n|move|p1a: Armarouge|Armor Cannon|p2a: Grimmsnarl\n|-damage|p2a: Grimmsnarl|66\/100\n|-unboost|p1a: Armarouge|def|1\n|-unboost|p1a: Armarouge|spd|1\n|move|p1b: Indeedee|Psychic|p2b: Munkidori\n|-damage|p2b: Munkidori|84\/100\n|move|p2b: Munkidori|Sludge Wave|p1b: Indeedee|[spread] p2a,p1a,p1b\n|-supereffective|p2a: Grimmsnarl\n|-damage|p2a: Grimmsnarl|38\/100\n|-damage|p1a: Armarouge|43\/100\n|-damage|p1b: Indeedee|48\/100\n|\n|upkeep\n|turn|3\n|\n|t:|1699809747\n|switch|p1b: Sinistcha|Sinistcha-Masterpiece, L50, shiny|100\/100\n|-heal|p1a: Armarouge|68\/100|[from] ability: Hospitality|[of] p1b: Sinistcha\n|move|p1a: Armarouge|Protect|p1a: Armarouge\n|-singleturn|p1a: Armarouge|Protect\n|move|p2a: Grimmsnarl|Spirit Break|p1b: Sinistcha\n|-damage|p1b: Sinistcha|80\/100\n|-unboost|p1b: Sinistcha|spa|1\n|move|p2b: Munkidori|Sludge Wave|p1b: Sinistcha|[spread] p2a,p1b\n|-activate|p1a: Armarouge|move: Protect\n|-supereffective|p2a: Grimmsnarl\n|-damage|p2a: Grimmsnarl|8\/100\n|-damage|p1b: Sinistcha|42\/100\n|\n|-heal|p1b: Sinistcha|48\/100|[from] item: Leftovers\n|upkeep\n|turn|4\n|\n|t:|1699809778\n|switch|p2a: Arcanine|Arcanine-Hisui, L50, F|100\/100\n|switch|p1b: Indeedee|Indeedee-F, L50, F|48\/100\n|move|p1a: Armarouge|Armor Cannon|p2b: Munkidori\n|-damage|p2b: Munkidori|46\/100\n|-unboost|p1a: Armarouge|def|1\n|-unboost|p1a: Armarouge|spd|1\n|move|p2b: Munkidori|Sludge Wave|p1a: Armarouge|[spread] p2a,p1a,p1b\n|-resisted|p2a: Arcanine\n|-damage|p2a: Arcanine|88\/100\n|-damage|p1a: Armarouge|3\/100\n|-damage|p1b: Indeedee|20\/100\n|\n|upkeep\n|turn|5\n|\n|t:|1699809801\n|move|p1b: Indeedee|Follow Me|p1b: Indeedee\n|-singleturn|p1b: Indeedee|move: Follow Me\n|move|p1a: Armarouge|Armor Cannon|p2b: Munkidori\n|-damage|p2b: Munkidori|8\/100\n|-unboost|p1a: Armarouge|def|1\n|-unboost|p1a: Armarouge|spd|1\n|move|p2b: Munkidori|Sludge Wave|p1b: Indeedee|[spread] p2a,p1a,p1b\n|-resisted|p2a: Arcanine\n|-damage|p2a: Arcanine|74\/100\n|-damage|p1a: Armarouge|0 fnt\n|-damage|p1b: Indeedee|0 fnt\n|-status|p2a: Arcanine|tox|[from] ability: Toxic Chain|[of] p2b: Munkidori\n|faint|p1a: Armarouge\n|faint|p1b: Indeedee\n|move|p2a: Arcanine|Flare Blitz|p1: Armarouge|[notarget]\n|-fail|p2a: Arcanine\n|\n|-damage|p2a: Arcanine|68\/100 tox|[from] psn\n|-fieldend|move: Trick Room\n|-fieldend|move: Psychic Terrain\n|upkeep\n|\n|t:|1699809811\n|switch|p1b: Sinistcha|Sinistcha-Masterpiece, L50, shiny|48\/100\n|switch|p1a: Chien-Pao|Chien-Pao, L50|100\/100\n|-ability|p1a: Chien-Pao|Sword of Ruin\n|turn|6\n|\n|t:|1699809829\n|-terastallize|p1a: Chien-Pao|Poison\n|move|p2a: Arcanine|Flare Blitz|p1a: Chien-Pao\n|-damage|p1a: Chien-Pao|30\/100\n|move|p1a: Chien-Pao|Sacred Sword|p2a: Arcanine\n|-supereffective|p2a: Arcanine\n|-damage|p2a: Arcanine|0 fnt\n|faint|p2a: Arcanine\n|-damage|p1a: Chien-Pao|21\/100|[from] item: Life Orb\n|move|p2b: Munkidori|Sludge Wave|p1a: Chien-Pao|[spread] p1a,p1b\n|-resisted|p1a: Chien-Pao\n|-damage|p1a: Chien-Pao|0 fnt\n|-damage|p1b: Sinistcha|11\/100\n|faint|p1a: Chien-Pao\n|move|p1b: Sinistcha|Matcha Gotcha|p2b: Munkidori\n|-resisted|p2b: Munkidori\n|-damage|p2b: Munkidori|0 fnt\n|-heal|p1b: Sinistcha|15\/100|[from] drain|[of] p2b: Munkidori\n|faint|p2b: Munkidori\n|\n|-heal|p1b: Sinistcha|21\/100|[from] item: Leftovers\n|upkeep\n|\n|t:|1699809851\n|switch|p2b: Grimmsnarl|Grimmsnarl, L50, M|8\/100\n|switch|p2a: Sneasler|Sneasler, L50, M|100\/100\n|turn|7\n|-message|fang hider forfeited.\n|\n|win|Ampao\n|raw|fang hider's rating: 1079 &rarr; <strong>1057<\/strong><br \/>(-22 for losing)\n|raw|Ampao's rating: 1071 &rarr; <strong>1101<\/strong><br \/>(+30 for winning)\n|l|\u2606fang hider\n","uploadtime":1699809861,"views":10,"p1id":"fanghider","p2id":"ampao","formatid":"gen9vgc2023regulatione","rating":1057,"private":0,"password":""}