{"id":"gen9vgc2023regulatione-1989329917","p1":"Dr.Weoncito","p2":"Ec1lipse","format":"[Gen 9] VGC 2023 Regulation E","log":"|j|\u2606Dr.Weoncito\n|j|\u2606Ec1lipse\n|t:|1699837086\n|gametype|doubles\n|player|p1|Dr.Weoncito|169|1019\n|player|p2|Ec1lipse|iris-gen5bw2|1060\n|teamsize|p1|6\n|teamsize|p2|6\n|gen|9\n|tier|[Gen 9] VGC 2023 Regulation E\n|rated|\n|rule|Species Clause: Limit one of each Pok\u00e9mon\n|rule|Item Clause: Limit one of each item\n|clearpoke\n|poke|p1|Ninetales, L50, F|\n|poke|p1|Trevenant, L50, M|\n|poke|p1|Noivern, L50, M|\n|poke|p1|Ogerpon-Hearthflame, L50, F|\n|poke|p1|Arcanine-Hisui, L50, M|\n|poke|p1|Milotic, L50, F|\n|poke|p2|Chi-Yu, L50|\n|poke|p2|Milotic, L50, M|\n|poke|p2|Zapdos-Galar, L50|\n|poke|p2|Grimmsnarl, L50, M|\n|poke|p2|Lurantis, L50, F|\n|poke|p2|Fezandipiti, L50, M|\n|teampreview|4\n|inactive|Battle timer is ON: inactive players will automatically lose when time's up. (requested by Ec1lipse)\n|inactive|Ec1lipse has 60 seconds left.\n|\n|t:|1699837119\n|start\n|switch|p1a: Ninetales|Ninetales, L50, F, shiny|100\/100\n|switch|p1b: Arcanine|Arcanine-Hisui, L50, M, shiny|100\/100\n|switch|p2a: Chi-Yu|Chi-Yu, L50|100\/100\n|switch|p2b: Milotic|Milotic, L50, M|100\/100\n|-ability|p2a: Chi-Yu|Beads of Ruin\n|-weather|SunnyDay|[from] ability: Drought|[of] p1a: Ninetales\n|-ability|p1b: Arcanine|Intimidate|boost\n|-unboost|p2a: Chi-Yu|atk|1\n|-unboost|p2b: Milotic|atk|1\n|-ability|p2b: Milotic|Competitive|boost\n|-boost|p2b: Milotic|spa|2\n|turn|1\n|inactive|Dr.Weoncito has 30 seconds left.\n|\n|t:|1699837148\n|switch|p1a: Trevenant|Trevenant, L50, M, shiny|100\/100\n|-terastallize|p1b: Arcanine|Normal\n|move|p2a: Chi-Yu|Dark Pulse|p1a: Trevenant\n|-supereffective|p1a: Trevenant\n|-damage|p1a: Trevenant|2\/100\n|-enditem|p1a: Trevenant|Sitrus Berry|[eat]\n|-heal|p1a: Trevenant|27\/100|[from] item: Sitrus Berry\n|-damage|p2a: Chi-Yu|91\/100|[from] item: Life Orb\n|move|p1b: Arcanine|Rock Slide|p2b: Milotic|[spread] p2a,p2b\n|-supereffective|p2a: Chi-Yu\n|-damage|p2a: Chi-Yu|12\/100\n|-damage|p2b: Milotic|70\/100\n|move|p2b: Milotic|Scald|p1b: Arcanine\n|-damage|p1b: Arcanine|47\/100\n|-status|p1b: Arcanine|brn\n|\n|-weather|SunnyDay|[upkeep]\n|-heal|p1b: Arcanine|53\/100 brn|[from] item: Leftovers\n|-heal|p2b: Milotic|76\/100|[from] item: Leftovers\n|-damage|p1b: Arcanine|47\/100 brn|[from] brn\n|-item|p1a: Trevenant|Sitrus Berry|[from] ability: Harvest\n|upkeep\n|-enditem|p1a: Trevenant|Sitrus Berry|[eat]\n|-heal|p1a: Trevenant|52\/100|[from] item: Sitrus Berry\n|turn|2\n|inactive|Dr.Weoncito has 30 seconds left.\n|inactive|Ec1lipse has 30 seconds left.\n|inactive|Dr.Weoncito has 20 seconds left.\n|\n|t:|1699837185\n|move|p1b: Arcanine|Extreme Speed|p2a: Chi-Yu\n|-damage|p2a: Chi-Yu|0 fnt\n|faint|p2a: Chi-Yu\n|move|p2b: Milotic|Icy Wind|p1a: Trevenant|[spread] p1a,p1b\n|-supereffective|p1a: Trevenant\n|-damage|p1a: Trevenant|12\/100\n|-damage|p1b: Arcanine|20\/100 brn\n|-unboost|p1a: Trevenant|spe|1\n|-unboost|p1b: Arcanine|spe|1\n|move|p1a: Trevenant|Horn Leech|p2b: Milotic\n|-supereffective|p2b: Milotic\n|-damage|p2b: Milotic|20\/100\n|-heal|p1a: Trevenant|42\/100|[from] drain|[of] p2b: Milotic\n|\n|-weather|SunnyDay|[upkeep]\n|-heal|p2b: Milotic|26\/100|[from] item: Leftovers\n|-heal|p1b: Arcanine|26\/100 brn|[from] item: Leftovers\n|-damage|p1b: Arcanine|20\/100 brn|[from] brn\n|-item|p1a: Trevenant|Sitrus Berry|[from] ability: Harvest\n|upkeep\n|-enditem|p1a: Trevenant|Sitrus Berry|[eat]\n|-heal|p1a: Trevenant|67\/100|[from] item: Sitrus Berry\n|\n|t:|1699837206\n|switch|p2a: Fezandipiti|Fezandipiti, L50, M|100\/100\n|turn|3\n|\n|t:|1699837217\n|move|p2b: Milotic|Protect|p2b: Milotic\n|-singleturn|p2b: Milotic|Protect\n|move|p1a: Trevenant|Protect|p1a: Trevenant\n|-singleturn|p1a: Trevenant|Protect\n|move|p1b: Arcanine|Extreme Speed|p2b: Milotic\n|-activate|p2b: Milotic|move: Protect\n|move|p2a: Fezandipiti|Sludge Bomb|p1a: Trevenant\n|-activate|p1a: Trevenant|move: Protect\n|\n|-weather|SunnyDay|[upkeep]\n|-heal|p2b: Milotic|32\/100|[from] item: Leftovers\n|-heal|p1b: Arcanine|26\/100 brn|[from] item: Leftovers\n|-damage|p1b: Arcanine|20\/100 brn|[from] brn\n|-item|p1a: Trevenant|Sitrus Berry|[from] ability: Harvest\n|upkeep\n|turn|4\n|inactive|Dr.Weoncito has 30 seconds left.\n|\n|t:|1699837247\n|move|p1b: Arcanine|Extreme Speed|p2b: Milotic\n|-damage|p2b: Milotic|10\/100\n|move|p2a: Fezandipiti|Sludge Bomb|p1a: Trevenant\n|-damage|p1a: Trevenant|40\/100\n|-status|p1a: Trevenant|psn\n|-enditem|p1a: Trevenant|Sitrus Berry|[eat]\n|-heal|p1a: Trevenant|65\/100 psn|[from] item: Sitrus Berry\n|move|p2b: Milotic|Icy Wind|p1b: Arcanine|[spread] p1a\n|-miss|p2b: Milotic|p1b: Arcanine\n|-supereffective|p1a: Trevenant\n|-damage|p1a: Trevenant|23\/100 psn\n|-unboost|p1a: Trevenant|spe|1\n|move|p1a: Trevenant|Curse|p2a: Fezandipiti\n|-start|p2a: Fezandipiti|Curse|[of] p1a: Trevenant\n|-damage|p1a: Trevenant|0 fnt\n|faint|p1a: Trevenant\n|\n|-weather|SunnyDay|[upkeep]\n|-heal|p2b: Milotic|16\/100|[from] item: Leftovers\n|-heal|p1b: Arcanine|26\/100 brn|[from] item: Leftovers\n|-damage|p1b: Arcanine|20\/100 brn|[from] brn\n|-damage|p2a: Fezandipiti|76\/100|[from] Curse\n|upkeep\n|\n|t:|1699837269\n|switch|p1a: Ogerpon|Ogerpon-Hearthflame, L50, F|100\/100\n|-ability|p1a: Ogerpon|Mold Breaker\n|turn|5\n|\n|t:|1699837286\n|switch|p2a: Zapdos|Zapdos-Galar, L50|100\/100\n|move|p2b: Milotic|Protect|p2b: Milotic\n|-singleturn|p2b: Milotic|Protect\n|move|p1a: Ogerpon|Trailblaze|p2b: Milotic\n|-activate|p2b: Milotic|move: Protect\n|move|p1b: Arcanine|Flare Blitz|p2a: Zapdos\n|-damage|p2a: Zapdos|42\/100\n|-damage|p1b: Arcanine|2\/100 brn|[from] Recoil\n|\n|-weather|none\n|-heal|p2b: Milotic|22\/100|[from] item: Leftovers\n|-heal|p1b: Arcanine|8\/100 brn|[from] item: Leftovers\n|-damage|p1b: Arcanine|2\/100 brn|[from] brn\n|upkeep\n|turn|6\n|inactive|Dr.Weoncito has 30 seconds left.\n|\n|t:|1699837311\n|move|p1a: Ogerpon|Spiky Shield|p1a: Ogerpon\n|-singleturn|p1a: Ogerpon|move: Protect\n|move|p1b: Arcanine|Extreme Speed|p2b: Milotic\n|-damage|p2b: Milotic|0 fnt\n|faint|p2b: Milotic\n|move|p2a: Zapdos|Brave Bird|p1a: Ogerpon\n|-activate|p1a: Ogerpon|move: Protect\n|-damage|p2a: Zapdos|30\/100|[from] Spiky Shield|[of] p1a: Ogerpon\n|\n|-heal|p1b: Arcanine|8\/100 brn|[from] item: Leftovers\n|-damage|p1b: Arcanine|2\/100 brn|[from] brn\n|upkeep\n|\n|t:|1699837313\n|switch|p2b: Fezandipiti|Fezandipiti, L50, M|76\/100\n|turn|7\n|\n|t:|1699837331\n|move|p1b: Arcanine|Extreme Speed|p2a: Zapdos\n|-damage|p2a: Zapdos|4\/100\n|move|p1a: Ogerpon|Ivy Cudgel|p2b: Fezandipiti\n|-damage|p2b: Fezandipiti|8\/100\n|move|p2a: Zapdos|Brave Bird|p1a: Ogerpon\n|-supereffective|p1a: Ogerpon\n|-damage|p1a: Ogerpon|0 fnt\n|faint|p1a: Ogerpon\n|-damage|p2a: Zapdos|0 fnt|[from] Recoil\n|faint|p2a: Zapdos\n|move|p2b: Fezandipiti|Dazzling Gleam|p1b: Arcanine\n|-damage|p1b: Arcanine|0 fnt\n|faint|p1b: Arcanine\n|\n|upkeep\n|\n|t:|1699837350\n|switch|p1a: Ninetales|Ninetales, L50, F, shiny|100\/100\n|-weather|SunnyDay|[from] ability: Drought|[of] p1a: Ninetales\n|turn|8\n|\n|t:|1699837358\n|move|p1a: Ninetales|Hex|p2b: Fezandipiti\n|-damage|p2b: Fezandipiti|0 fnt\n|faint|p2b: Fezandipiti\n|\n|win|Dr.Weoncito\n|raw|Dr.Weoncito's rating: 1019 &rarr; <strong>1061<\/strong><br \/>(+42 for winning)\n|raw|Ec1lipse's rating: 1060 &rarr; <strong>1039<\/strong><br \/>(-21 for losing)\n|l|\u2606Ec1lipse\n","uploadtime":1699837367,"views":17,"p1id":"drweoncito","p2id":"ec1lipse","formatid":"gen9vgc2023regulatione","rating":1039,"private":0,"password":""}