{"id":"gen9vgc2023regulatione-1990233236","p1":"bway","p2":"smexydevvi","format":"[Gen 9] VGC 2023 Regulation E","log":"|j|\u2606bway\n|j|\u2606smexydevvi\n|t:|1699941556\n|gametype|doubles\n|player|p1|bway|266|1098\n|player|p2|smexydevvi|cynthia-gen4|1044\n|teamsize|p1|6\n|teamsize|p2|6\n|gen|9\n|tier|[Gen 9] VGC 2023 Regulation E\n|rated|\n|rule|Species Clause: Limit one of each Pok\u00e9mon\n|rule|Item Clause: Limit one of each item\n|clearpoke\n|poke|p1|Piplup, L50, F|\n|poke|p1|Farigiraf, L50, F|\n|poke|p1|Sinistcha, L50|\n|poke|p1|Iron Hands, L50|\n|poke|p1|Ogerpon-Hearthflame, L50, F|\n|poke|p1|Landorus-Therian, L50, M|\n|poke|p2|Arboliva, L50, M|\n|poke|p2|Ninetales, L50, F|\n|poke|p2|Vaporeon, L50, M|\n|poke|p2|Overqwil, L50, F|\n|poke|p2|Hatterene, L50, F|\n|poke|p2|Scream Tail, L50|\n|teampreview|4\nbway rejected open team sheets.\n|\n|t:|1699941589\n|start\n|switch|p1a: Farigiraf|Farigiraf, L50, F|100\/100\n|switch|p1b: Piplup|Piplup, L50, F|100\/100\n|switch|p2a: Scream Tail|Scream Tail, L50|100\/100\n|switch|p2b: Overqwil|Overqwil, L50, F|100\/100\n|-ability|p2b: Overqwil|Intimidate|boost\n|-unboost|p1a: Farigiraf|atk|1\n|-unboost|p1b: Piplup|atk|1\n|-ability|p1b: Piplup|Competitive|boost\n|-boost|p1b: Piplup|spa|2\n|turn|1\n|inactive|Battle timer is ON: inactive players will automatically lose when time's up. (requested by bway)\n|\n|t:|1699941616\n|move|p2a: Scream Tail|Thunder Wave|p1a: Farigiraf\n|-status|p1a: Farigiraf|par\n|move|p2b: Overqwil|Taunt|p1b: Piplup\n|-start|p1b: Piplup|move: Taunt\n|move|p1b: Piplup|Fling|p1a: Farigiraf\n|-supereffective|p1a: Farigiraf\n|-damage|p1a: Farigiraf|98\/100 par\n|-boost|p1a: Farigiraf|spa|1|[from] item: Petaya Berry\n|-enditem|p1a: Farigiraf|Weakness Policy\n|-boost|p1a: Farigiraf|atk|2|[from] item: Weakness Policy\n|-boost|p1a: Farigiraf|spa|2|[from] item: Weakness Policy\n|-enditem|p1b: Piplup|Petaya Berry|[from] move: Fling\n|move|p1a: Farigiraf|Trick Room|p1a: Farigiraf\n|-fieldstart|move: Trick Room|[of] p1a: Farigiraf\n|\n|upkeep\n|turn|2\n|inactive|bway has 30 seconds left.\n|\n|t:|1699941648\n|move|p1a: Farigiraf|Dazzling Gleam|p2b: Overqwil|[spread] p2a,p2b\n|-damage|p2a: Scream Tail|67\/100\n|-damage|p2b: Overqwil|20\/100\n|move|p1b: Piplup|Chilling Water|p2b: Overqwil\n|-damage|p2b: Overqwil|0 fnt\n|faint|p2b: Overqwil\n|move|p2a: Scream Tail|Encore|p1a: Farigiraf\n|-start|p1a: Farigiraf|Encore\n|\n|upkeep\n|\n|t:|1699941659\n|switch|p2b: Vaporeon|Vaporeon, L50, M|100\/100\n|turn|3\n|\n|t:|1699941677\n|move|p1a: Farigiraf|Dazzling Gleam|p2b: Vaporeon|[spread] p2a,p2b\n|-damage|p2a: Scream Tail|28\/100\n|-damage|p2b: Vaporeon|57\/100\n|move|p1b: Piplup|Chilling Water|p2a: Scream Tail\n|-damage|p2a: Scream Tail|10\/100\n|-unboost|p2a: Scream Tail|atk|1\n|-enditem|p2a: Scream Tail|Aguav Berry|[eat]\n|-heal|p2a: Scream Tail|43\/100|[from] item: Aguav Berry\n|move|p2b: Vaporeon|Calm Mind|p2b: Vaporeon\n|-boost|p2b: Vaporeon|spa|1\n|-boost|p2b: Vaporeon|spd|1\n|move|p2a: Scream Tail|Encore|p1b: Piplup\n|-start|p1b: Piplup|Encore\n|\n|-end|p1b: Piplup|move: Taunt\n|upkeep\n|turn|4\n|inactive|smexydevvi has 30 seconds left.\n|\n|t:|1699941706\n|-terastallize|p2b: Vaporeon|Steel\n|move|p1a: Farigiraf|Dazzling Gleam|p2a: Scream Tail|[spread] p2a,p2b\n|-resisted|p2b: Vaporeon\n|-damage|p2a: Scream Tail|10\/100\n|-damage|p2b: Vaporeon|44\/100\n|move|p1b: Piplup|Chilling Water|p2a: Scream Tail\n|-damage|p2a: Scream Tail|0 fnt\n|faint|p2a: Scream Tail\n|-end|p2a: Scream Tail|Protosynthesis|[silent]\n|move|p2b: Vaporeon|Calm Mind|p2b: Vaporeon\n|-boost|p2b: Vaporeon|spa|1\n|-boost|p2b: Vaporeon|spd|1\n|\n|upkeep\n|\n|t:|1699941717\n|switch|p2a: Hatterene|Hatterene, L50, F|100\/100\n|turn|5\n|\n|t:|1699941732\n|move|p1a: Farigiraf|Dazzling Gleam|p2a: Hatterene|[spread] p2a,p2b\n|-resisted|p2b: Vaporeon\n|-damage|p2a: Hatterene|70\/100\n|-damage|p2b: Vaporeon|34\/100\n|move|p1b: Piplup|Chilling Water|p2b: Vaporeon\n|-heal|p2b: Vaporeon|59\/100|[from] ability: Water Absorb|[of] p1b: Piplup\n|move|p2a: Hatterene|Giga Drain|p1b: Piplup\n|-supereffective|p1b: Piplup\n|-damage|p1b: Piplup|17\/100\n|-heal|p2a: Hatterene|100\/100|[from] drain|[of] p1b: Piplup\n|move|p2b: Vaporeon|Muddy Water|p1a: Farigiraf|[spread] p1a,p1b\n|-resisted|p1b: Piplup\n|-damage|p1a: Farigiraf|45\/100 par\n|-damage|p1b: Piplup|0 fnt\n|faint|p1b: Piplup\n|\n|-end|p1a: Farigiraf|Encore\n|-fieldend|move: Trick Room\n|upkeep\n|\n|t:|1699941748\n|switch|p1b: Ogerpon|Ogerpon-Hearthflame, L50, F|100\/100\n|-ability|p1b: Ogerpon|Mold Breaker\n|turn|6\n|\n|t:|1699941765\n|move|p1b: Ogerpon|Ivy Cudgel|p2b: Vaporeon\n|-supereffective|p2b: Vaporeon\n|-damage|p2b: Vaporeon|0 fnt\n|faint|p2b: Vaporeon\n|move|p2a: Hatterene|Mystical Fire|p1a: Farigiraf\n|-damage|p1a: Farigiraf|18\/100 par\n|-unboost|p1a: Farigiraf|spa|1\n|move|p1a: Farigiraf|Psychic|p2a: Hatterene\n|-resisted|p2a: Hatterene\n|-damage|p2a: Hatterene|71\/100\n|\n|upkeep\n|turn|7\n|-message|smexydevvi forfeited.\n|\n|win|bway\n|raw|bway's rating: 1098 &rarr; <strong>1119<\/strong><br \/>(+21 for winning)\n|raw|smexydevvi's rating: 1044 &rarr; <strong>1030<\/strong><br \/>(-14 for losing)\n|l|\u2606smexydevvi\n","uploadtime":1699941779,"views":7,"p1id":"bway","p2id":"smexydevvi","formatid":"gen9vgc2023regulatione","rating":1030,"private":0,"password":""}