{"id":"gen9vgc2023regulatione-1993963607","p1":"jyukai","p2":"Jungle211","format":"[Gen 9] VGC 2023 Regulation E","log":"|j|\u2606jyukai\n|j|\u2606Jungle211\n|t:|1700383906\n|gametype|doubles\n|player|p1|jyukai|lady|1380\n|player|p2|Jungle211|burglar|1250\n|teamsize|p1|6\n|teamsize|p2|6\n|gen|9\n|tier|[Gen 9] VGC 2023 Regulation E\n|rated|\n|rule|Species Clause: Limit one of each Pok\u00e9mon\n|rule|Item Clause: Limit one of each item\n|clearpoke\n|poke|p1|Dondozo, L50, M|\n|poke|p1|Iron Hands, L50|\n|poke|p1|Heatran, L50, F|\n|poke|p1|Ogerpon-Wellspring, L50, F|\n|poke|p1|Ursaluna-Bloodmoon, L50, M|\n|poke|p1|Sinistcha, L50|\n|poke|p2|Tornadus, L50, M|\n|poke|p2|Chi-Yu, L50|\n|poke|p2|Ogerpon-Wellspring, L50, F|\n|poke|p2|Iron Hands, L50|\n|poke|p2|Landorus-Therian, L50, M|\n|poke|p2|Farigiraf, L50, F|\n|teampreview|4\n|inactive|Battle timer is ON: inactive players will automatically lose when time's up. (requested by jyukai)\n|\n|t:|1700383957\n|start\n|switch|p1a: Dondozo|Dondozo, L50, M|100\/100\n|switch|p1b: Ogerpon|Ogerpon-Wellspring, L50, F|100\/100\n|switch|p2a: Landorus|Landorus-Therian, L50, M|100\/100\n|switch|p2b: Iron Hands|Iron Hands, L50|100\/100\n|-ability|p2a: Landorus|Intimidate|boost\n|-fail|p1a: Dondozo|unboost|Attack|[from] ability: Oblivious|[of] p1a: Dondozo\n|-unboost|p1b: Ogerpon|atk|1\n|turn|1\n|\n|t:|1700383973\n|switch|p1b: Sinistcha|Sinistcha, L50|100\/100\n|-terastallize|p2a: Landorus|Flying\n|move|p1a: Dondozo|Protect|p1a: Dondozo\n|-singleturn|p1a: Dondozo|Protect\n|move|p2b: Iron Hands|Fake Out|p1a: Dondozo\n|-activate|p1a: Dondozo|move: Protect\n|move|p2a: Landorus|Tera Blast|p1b: Sinistcha|[anim] Tera Blast Flying\n|-supereffective|p1b: Sinistcha\n|-damage|p1b: Sinistcha|0 fnt\n|faint|p1b: Sinistcha\n|\n|upkeep\n|\n|t:|1700383985\n|switch|p1b: Ogerpon|Ogerpon-Wellspring, L50, F|100\/100\n|turn|2\n|\n|t:|1700383996\n|-terastallize|p1b: Ogerpon|Water\n|detailschange|p1b: Ogerpon|Ogerpon-Wellspring-Tera, L50, F, tera:Water\n|-ability|p1b: Ogerpon|Embody Aspect (Wellspring)|boost\n|-boost|p1b: Ogerpon|spd|1\n|move|p2a: Landorus|Tera Blast|p1b: Ogerpon|[anim] Tera Blast Flying\n|-damage|p1b: Ogerpon|31\/100\n|move|p1b: Ogerpon|Ivy Cudgel|p2a: Landorus|[anim] Ivy Cudgel Water\n|-crit|p2a: Landorus\n|-damage|p2a: Landorus|0 fnt\n|faint|p2a: Landorus\n|move|p2b: Iron Hands|Wild Charge|p1b: Ogerpon\n|-supereffective|p1b: Ogerpon\n|-damage|p1b: Ogerpon|0 fnt\n|faint|p1b: Ogerpon\n|-damage|p2b: Iron Hands|94\/100|[from] Recoil\n|move|p1a: Dondozo|Yawn|p2b: Iron Hands\n|-start|p2b: Iron Hands|move: Yawn|[of] p1a: Dondozo\n|\n|upkeep\n|\n|t:|1700384012\n|switch|p2a: Ogerpon|Ogerpon-Wellspring, L50, F|100\/100\n|switch|p1b: Ursaluna|Ursaluna-Bloodmoon, L50, M|100\/100\n|turn|3\n|\n|t:|1700384028\n|move|p2a: Ogerpon|Spiky Shield|p2a: Ogerpon\n|-singleturn|p2a: Ogerpon|move: Protect\n|move|p1b: Ursaluna|Protect|p1b: Ursaluna\n|-singleturn|p1b: Ursaluna|Protect\n|move|p2b: Iron Hands|Wild Charge|p1a: Dondozo\n|-supereffective|p1a: Dondozo\n|-damage|p1a: Dondozo|35\/100\n|-damage|p2b: Iron Hands|76\/100|[from] Recoil\n|move|p1a: Dondozo|Yawn|p2a: Ogerpon\n|-activate|p2a: Ogerpon|move: Protect\n|\n|-end|p2b: Iron Hands|move: Yawn|[silent]\n|-status|p2b: Iron Hands|slp\n|upkeep\n|turn|4\n|\n|t:|1700384050\n|move|p2a: Ogerpon|Ivy Cudgel|p1b: Ursaluna|[anim] Ivy Cudgel Water\n|-supereffective|p1b: Ursaluna\n|-damage|p1b: Ursaluna|19\/100\n|move|p1b: Ursaluna|Hyper Voice|p2a: Ogerpon|[spread] p2a,p2b\n|-damage|p2a: Ogerpon|57\/100\n|-damage|p2b: Iron Hands|52\/100 slp\n|-enditem|p1b: Ursaluna|Throat Spray\n|-boost|p1b: Ursaluna|spa|1|[from] item: Throat Spray\n|cant|p2b: Iron Hands|slp\n|move|p1a: Dondozo|Yawn|p2a: Ogerpon\n|-start|p2a: Ogerpon|move: Yawn|[of] p1a: Dondozo\n|\n|upkeep\n|turn|5\n|\n|t:|1700384067\n|switch|p2a: Farigiraf|Farigiraf, L50, F|100\/100\n|move|p1b: Ursaluna|Protect|p1b: Ursaluna\n|-singleturn|p1b: Ursaluna|Protect\n|cant|p2b: Iron Hands|slp\n|move|p1a: Dondozo|Liquidation|p2b: Iron Hands\n|-damage|p2b: Iron Hands|31\/100 slp\n|\n|upkeep\n|turn|6\n|\n|t:|1700384078\n|move|p2a: Farigiraf|Hyper Voice|p1a: Dondozo|[spread] p1a,p1b\n|-damage|p1a: Dondozo|17\/100\n|-damage|p1b: Ursaluna|0 fnt\n|faint|p1b: Ursaluna\n|-curestatus|p2b: Iron Hands|slp|[msg]\n|move|p2b: Iron Hands|Wild Charge|p1a: Dondozo\n|-supereffective|p1a: Dondozo\n|-damage|p1a: Dondozo|0 fnt\n|faint|p1a: Dondozo\n|-damage|p2b: Iron Hands|26\/100|[from] Recoil\n|\n|win|Jungle211\n|raw|jyukai's rating: 1380 &rarr; <strong>1353<\/strong><br \/>(-27 for losing)\n|raw|Jungle211's rating: 1250 &rarr; <strong>1284<\/strong><br \/>(+34 for winning)\n|l|\u2606jyukai\n","uploadtime":1700384098,"views":13,"p1id":"jyukai","p2id":"jungle211","formatid":"gen9vgc2023regulatione","rating":1284,"private":0,"password":""}