{"id":"gen9vgc2023regulatione-1989147161","p1":"EpicDadGrillFail","p2":"Jadedragon61","format":"[Gen 9] VGC 2023 Regulation E","log":"|j|\u2606EpicDadGrillFail\n|j|\u2606Jadedragon61\n|n|\u2606EpicDadGrillFail|epicdadgrillfail\n|n|\u2606Jadedragon61|jadedragon61\n|html|View the match progress at <a href=\"\/game-bestof3-gen9vgc2023regulatione-1989139556\">game-bestof3-gen9vgc2023regulatione-1989139556<\/a>\n|t:|1699817243\n|gametype|doubles\n|player|p1|EpicDadGrillFail|guzma|\n|player|p2|Jadedragon61|colress|\n|teamsize|p1|6\n|teamsize|p2|6\n|gen|9\n|tier|[Gen 9] VGC 2023 Regulation E\n|rule|Species Clause: Limit one of each Pok\u00e9mon\n|rule|Item Clause: Limit one of each item\n|clearpoke\n|poke|p1|Moltres, L50|\n|poke|p1|Rotom-Mow, L50|\n|poke|p1|Azumarill, L50, M|\n|poke|p1|Kingambit, L50, M|\n|poke|p1|Cyclizar, L50, F|\n|poke|p1|Qwilfish-Hisui, L50, F|\n|poke|p2|Amoonguss, L50, F|\n|poke|p2|Tyranitar, L50, F|\n|poke|p2|Lycanroc, L50, F|\n|poke|p2|Salamence, L50, M|\n|poke|p2|Toxapex, L50, M|\n|poke|p2|Impidimp, L50, M|\n|teampreview|4\n|j| Pokemon_and_beer\n|c|\u2606Jadedragon61|that was truly a game of all time\n|c|\u2606EpicDadGrillFail|do not wish me good luck again\n|c|\u2606Jadedragon61|3 guilotinnes\n|c|\u2606EpicDadGrillFail|you do not know what you will unleah\n|c|\u2606EpicDadGrillFail|unleash\n|c|\u2606Jadedragon61|yes bad luck no fun\n|l| Pokemon_and_beer\n|c|\u2606EpicDadGrillFail|the blunder policy didn't even work\n|c|\u2606EpicDadGrillFail|shit game\n|c|\u2606Jadedragon61|what does that do?\n|c|\u2606EpicDadGrillFail|doubles speed if you miss\n|c|\u2606Jadedragon61|oh lol\n|j| OmegaAlpha01\n|c|\u2606Jadedragon61|couldnt miss though\n|\n|t:|1699817322\n|start\n|switch|p1a: Rotom|Rotom-Mow, L50|100\/100\n|switch|p1b: Azumarill|Azumarill, L50, M|100\/100\n|switch|p2a: 2Birds|Tyranitar, L50, F, shiny|100\/100\n|switch|p2b: 2Stones|Lycanroc, L50, F, shiny|100\/100\n|-weather|Sandstorm|[from] ability: Sand Stream|[of] p2a: 2Birds\n|turn|1\n|l| OmegaAlpha01\n|\n|t:|1699817338\n|move|p1b: Azumarill|Aqua Jet|p2b: 2Stones\n|-supereffective|p2b: 2Stones\n|-damage|p2b: 2Stones|0 fnt\n|faint|p2b: 2Stones\n|move|p1a: Rotom|Rain Dance|p1a: Rotom\n|-weather|RainDance\n|move|p2a: 2Birds|Rock Slide|p1b: Azumarill|[spread] p1a,p1b\n|-damage|p1a: Rotom|71\/100\n|-damage|p1b: Azumarill|76\/100\n|\n|-weather|RainDance|[upkeep]\n|upkeep\n|\n|t:|1699817344\n|switch|p2b: *insert bad joke*|Amoonguss, L50, F, shiny|100\/100\n|turn|2\n|\n|t:|1699817361\n|move|p2a: 2Birds|Protect|p2a: 2Birds\n|-singleturn|p2a: 2Birds|Protect\n|move|p1b: Azumarill|Aqua Jet|p2a: 2Birds\n|-activate|p2a: 2Birds|move: Protect\n|move|p1a: Rotom|Thunder|p2a: 2Birds\n|-activate|p2a: 2Birds|move: Protect\n|move|p2b: *insert bad joke*|Sludge Bomb|p1a: Rotom\n|-supereffective|p1a: Rotom\n|-damage|p1a: Rotom|0 fnt\n|faint|p1a: Rotom\n|-damage|p2b: *insert bad joke*|91\/100|[from] item: Life Orb\n|\n|-weather|RainDance|[upkeep]\n|upkeep\n|c|\u2606EpicDadGrillFail|i just realized\n|c|\u2606EpicDadGrillFail|lorb amoong\n|c|\u2606EpicDadGrillFail|based\n|\n|t:|1699817379\n|switch|p1a: Qwilfish|Qwilfish-Hisui, L50, F|100\/100\n|turn|3\n|c|\u2606Jadedragon61|yeah lol\n|c|\u2606Jadedragon61|i remembered someone brought that to worlds\n|\n|t:|1699817417\n|switch|p2a: Singles McGee|Toxapex, L50, M, shiny|100\/100\n|move|p1b: Azumarill|Aqua Jet|p2a: Singles McGee\n|-resisted|p2a: Singles McGee\n|-damage|p2a: Singles McGee|78\/100\n|move|p1a: Qwilfish|Liquidation|p2a: Singles McGee\n|-resisted|p2a: Singles McGee\n|-damage|p2a: Singles McGee|65\/100\n|-unboost|p2a: Singles McGee|def|1\n|move|p2b: *insert bad joke*|Spore|p1a: Qwilfish\n|-status|p1a: Qwilfish|slp|[from] move: Spore\n|\n|-weather|RainDance|[upkeep]\n|upkeep\n|turn|4\n|\n|t:|1699817439\n|move|p1b: Azumarill|Aqua Jet|p2a: Singles McGee\n|-resisted|p2a: Singles McGee\n|-damage|p2a: Singles McGee|33\/100\n|cant|p1a: Qwilfish|slp\n|move|p2a: Singles McGee|Sludge Bomb|p1b: Azumarill\n|-supereffective|p1b: Azumarill\n|-damage|p1b: Azumarill|0 fnt\n|faint|p1b: Azumarill\n|move|p2b: *insert bad joke*|Pollen Puff|p2a: Singles McGee\n|-heal|p2a: Singles McGee|83\/100\n|-damage|p2b: *insert bad joke*|81\/100|[from] item: Life Orb\n|\n|-weather|RainDance|[upkeep]\n|upkeep\n|c|\u2606Jadedragon61|banded azu\n|\n|t:|1699817447\n|switch|p1b: Kingambit|Kingambit, L50, M|100\/100\n|turn|5\n|\n|t:|1699817474\n|switch|p2a: 2Birds|Tyranitar, L50, F, shiny|100\/100\n|-weather|Sandstorm|[from] ability: Sand Stream|[of] p2a: 2Birds\n|cant|p1a: Qwilfish|slp\n|move|p1b: Kingambit|Guillotine|p2b: *insert bad joke*|[miss]\n|-miss|p1b: Kingambit|p2b: *insert bad joke*\n|move|p2b: *insert bad joke*|Spore|p1b: Kingambit\n|-status|p1b: Kingambit|slp|[from] move: Spore\n|\n|-weather|Sandstorm|[upkeep]\n|-damage|p1a: Qwilfish|95\/100 slp|[from] Sandstorm\n|-damage|p2b: *insert bad joke*|75\/100|[from] Sandstorm\n|upkeep\n|turn|6\n|j| Pokemon_and_beer\n|c|\u2606Jadedragon61|whew\n|\n|t:|1699817507\n|switch|p2b: Singles McGee|Toxapex, L50, M, shiny|83\/100\n|-terastallize|p1a: Qwilfish|Water\n|-curestatus|p1a: Qwilfish|slp|[msg]\n|move|p1a: Qwilfish|Liquidation|p2a: 2Birds\n|-supereffective|p2a: 2Birds\n|-damage|p2a: 2Birds|62\/100\n|cant|p1b: Kingambit|slp\n|move|p2a: 2Birds|Iron Defense|p2a: 2Birds\n|-boost|p2a: 2Birds|def|2\n|\n|-weather|Sandstorm|[upkeep]\n|-damage|p1a: Qwilfish|89\/100|[from] Sandstorm\n|-damage|p2b: Singles McGee|77\/100|[from] Sandstorm\n|-heal|p2a: 2Birds|68\/100|[from] item: Leftovers\n|upkeep\n|turn|7\n|l| Pokemon_and_beer\n|\n|t:|1699817529\n|-terastallize|p2a: 2Birds|Fighting\n|move|p1a: Qwilfish|Crunch|p2b: Singles McGee\n|-damage|p2b: Singles McGee|52\/100\n|-unboost|p2b: Singles McGee|def|1\n|cant|p1b: Kingambit|slp\n|move|p2a: 2Birds|Iron Defense|p2a: 2Birds\n|-boost|p2a: 2Birds|def|2\n|move|p2b: Singles McGee|Sludge Bomb|p1a: Qwilfish\n|-damage|p1a: Qwilfish|37\/100\n|\n|-weather|Sandstorm|[upkeep]\n|-damage|p1a: Qwilfish|31\/100|[from] Sandstorm\n|-damage|p2a: 2Birds|62\/100|[from] Sandstorm\n|-damage|p2b: Singles McGee|46\/100|[from] Sandstorm\n|-heal|p2a: 2Birds|68\/100|[from] item: Leftovers\n|upkeep\n|turn|8\n|\n|t:|1699817545\n|move|p1a: Qwilfish|Crunch|p2b: Singles McGee\n|-damage|p2b: Singles McGee|11\/100\n|cant|p1b: Kingambit|slp\n|move|p2a: 2Birds|Body Press|p1b: Kingambit\n|-supereffective|p1b: Kingambit\n|-damage|p1b: Kingambit|0 fnt\n|faint|p1b: Kingambit\n|move|p2b: Singles McGee|Sludge Bomb|p1a: Qwilfish\n|-damage|p1a: Qwilfish|0 fnt\n|faint|p1a: Qwilfish\n|\n|win|Jadedragon61\n|c|\u2606EpicDadGrillFail|ggs\n|c|\u2606Jadedragon61|gg?\n|j| Pokemon_and_beer\n|l| Pokemon_and_beer\n|c|\u2606EpicDadGrillFail|i will not let myself get a win this season\n|c|\u2606EpicDadGrillFail|it is not allowed\n|c|\u2606Jadedragon61|im so sad that the losing streak ended\n|c|\u2606Jadedragon61|i wanted to get to battle nikki for last\n|c|\u2606Jadedragon61|yo post your paste in general\n|c|\u2606EpicDadGrillFail|i will\n","uploadtime":1699817921,"views":17,"p1id":"epicdadgrillfail","p2id":"jadedragon61","formatid":"gen9vgc2023regulatione","rating":0,"private":0,"password":""}