{"id":"gen9vgc2023regulatione-1998284132","p1":"Willipino","p2":"Darioccccy","format":"[Gen 9] VGC 2023 Regulation E","log":"|j|\u2606Willipino\n|j|\u2606Darioccccy\n|t:|1700924548\n|gametype|doubles\n|player|p1|Willipino|2|1393\n|player|p2|Darioccccy|101|1440\n|teamsize|p1|6\n|teamsize|p2|6\n|gen|9\n|tier|[Gen 9] VGC 2023 Regulation E\n|rated|\n|rule|Species Clause: Limit one of each Pok\u00e9mon\n|rule|Item Clause: Limit one of each item\n|clearpoke\n|poke|p1|Tornadus, L50, M|\n|poke|p1|Heatran, L50, M|\n|poke|p1|Farigiraf, L50, F|\n|poke|p1|Rillaboom, L50, M|\n|poke|p1|Iron Bundle, L50|\n|poke|p1|Urshifu-*, L50, M|\n|poke|p2|Regidrago, L50|\n|poke|p2|Gholdengo, L50|\n|poke|p2|Urshifu-*, L50, F|\n|poke|p2|Rillaboom, L50, M|\n|poke|p2|Tornadus, L50, M|\n|poke|p2|Arcanine-Hisui, L50, F|\n|teampreview|4\nDarioccccy has agreed to open team sheets.\nWillipino has agreed to open team sheets.\n|inactive|Battle timer is ON: inactive players will automatically lose when time's up. (requested by Willipino)\n|\n|t:|1700924629\n|start\n|switch|p1a: Tornadus|Tornadus, L50, M|100\/100\n|switch|p1b: Heatran|Heatran, L50, M|100\/100\n|switch|p2a: Arcanine|Arcanine-Hisui, L50, F|100\/100\n|switch|p2b: Tornadus|Tornadus, L50, M|100\/100\n|-ability|p2a: Arcanine|Intimidate|boost\n|-unboost|p1a: Tornadus|atk|1\n|-unboost|p1b: Heatran|atk|1\n|turn|1\n|inactive|Willipino has 30 seconds left.\n|\n|t:|1700924658\n|switch|p2a: Rillaboom|Rillaboom, L50, M|100\/100\n|-fieldstart|move: Grassy Terrain|[from] ability: Grassy Surge|[of] p2a: Rillaboom\n|move|p1a: Tornadus|Tailwind|p1a: Tornadus\n|-sidestart|p1: Willipino|move: Tailwind\n|move|p2b: Tornadus|Tailwind|p2b: Tornadus\n|-sidestart|p2: Darioccccy|move: Tailwind\n|move|p1b: Heatran|Earth Power|p2a: Rillaboom\n|-resisted|p2a: Rillaboom\n|-damage|p2a: Rillaboom|84\/100\n|-damage|p1b: Heatran|90\/100|[from] item: Life Orb\n|\n|-heal|p1b: Heatran|96\/100|[from] Grassy Terrain\n|-heal|p2a: Rillaboom|90\/100|[from] Grassy Terrain\n|upkeep\n|turn|2\n|\n|t:|1700924674\n|-terastallize|p1b: Heatran|Fairy\n|move|p2a: Rillaboom|Fake Out|p1b: Heatran\n|-damage|p1b: Heatran|81\/100\n|move|p1a: Tornadus|Bleakwind Storm|p2a: Rillaboom|[spread] p2a\n|-miss|p1a: Tornadus|p2b: Tornadus\n|-supereffective|p2a: Rillaboom\n|-damage|p2a: Rillaboom|36\/100\n|move|p2b: Tornadus|Bleakwind Storm|p1a: Tornadus|[spread] p1a,p1b\n|-damage|p1a: Tornadus|70\/100\n|-damage|p1b: Heatran|49\/100\n|cant|p1b: Heatran|flinch\n|\n|-heal|p1b: Heatran|55\/100|[from] Grassy Terrain\n|-heal|p2a: Rillaboom|42\/100|[from] Grassy Terrain\n|upkeep\n|turn|3\n|inactive|Darioccccy has 30 seconds left.\n|\n|t:|1700924702\n|move|p2a: Rillaboom|Grassy Glide|p1b: Heatran\n|-damage|p1b: Heatran|12\/100\n|move|p1a: Tornadus|Bleakwind Storm|p2a: Rillaboom|[spread] p2a,p2b\n|-supereffective|p2a: Rillaboom\n|-damage|p2a: Rillaboom|0 fnt\n|-damage|p2b: Tornadus|55\/100\n|faint|p2a: Rillaboom\n|move|p2b: Tornadus|Bleakwind Storm|p1a: Tornadus|[spread] p1b\n|-miss|p2b: Tornadus|p1a: Tornadus\n|-damage|p1b: Heatran|0 fnt\n|faint|p1b: Heatran\n|\n|upkeep\n|\n|t:|1700924714\n|switch|p1b: Iron Bundle|Iron Bundle, L50, shiny|100\/100\n|switch|p2a: Arcanine|Arcanine-Hisui, L50, F|100\/100\n|-ability|p2a: Arcanine|Intimidate|boost\n|-unboost|p1a: Tornadus|atk|1\n|-unboost|p1b: Iron Bundle|atk|1\n|-enditem|p1b: Iron Bundle|Booster Energy\n|-activate|p1b: Iron Bundle|ability: Quark Drive|[fromitem]\n|-start|p1b: Iron Bundle|quarkdrivespe\n|turn|4\n|inactive|Willipino has 30 seconds left.\n|\n|t:|1700924744\n|switch|p1a: Rillaboom|Rillaboom, L50, M|100\/100\n|-terastallize|p2a: Arcanine|Water\n|move|p2b: Tornadus|Protect|p2b: Tornadus\n|-singleturn|p2b: Tornadus|Protect\n|move|p1b: Iron Bundle|Freeze-Dry|p2a: Arcanine\n|-supereffective|p2a: Arcanine\n|-damage|p2a: Arcanine|34\/100\n|-enditem|p2a: Arcanine|Sitrus Berry|[eat]\n|-heal|p2a: Arcanine|59\/100|[from] item: Sitrus Berry\n|move|p2a: Arcanine|Rock Slide|p1b: Iron Bundle|[spread] p1a,p1b\n|-supereffective|p1b: Iron Bundle\n|-damage|p1a: Rillaboom|75\/100\n|-damage|p1b: Iron Bundle|44\/100\n|\n|-heal|p1b: Iron Bundle|50\/100|[from] Grassy Terrain\n|-heal|p2a: Arcanine|65\/100|[from] Grassy Terrain\n|-heal|p1a: Rillaboom|81\/100|[from] Grassy Terrain\n|-sideend|p1: Willipino|move: Tailwind\n|-sideend|p2: Darioccccy|move: Tailwind\n|upkeep\n|turn|5\n|inactive|Willipino has 30 seconds left.\n|inactive|Darioccccy has 30 seconds left.\n|inactive|Willipino has 20 seconds left.\n|inactive|Darioccccy has 20 seconds left.\n|inactive|Willipino has 15 seconds left.\n|inactive|Darioccccy has 15 seconds left.\n|inactive|Willipino has 10 seconds left.\n|\n|t:|1700924790\n|move|p1a: Rillaboom|Fake Out|p2a: Arcanine\n|-damage|p2a: Arcanine|50\/100\n|cant|p2a: Arcanine|flinch\n|move|p1b: Iron Bundle|Freeze-Dry|p2a: Arcanine\n|-supereffective|p2a: Arcanine\n|-damage|p2a: Arcanine|0 fnt\n|faint|p2a: Arcanine\n|move|p2b: Tornadus|Bleakwind Storm|p1a: Rillaboom|[spread] p1a,p1b\n|-supereffective|p1a: Rillaboom\n|-damage|p1a: Rillaboom|7\/100\n|-damage|p1b: Iron Bundle|0 fnt\n|faint|p1b: Iron Bundle\n|-end|p1b: Iron Bundle|Quark Drive|[silent]\n|\n|-heal|p1a: Rillaboom|13\/100|[from] Grassy Terrain\n|-fieldend|move: Grassy Terrain\n|upkeep\n|\n|t:|1700924801\n|switch|p1b: Tornadus|Tornadus, L50, M|70\/100\n|switch|p2a: Urshifu|Urshifu-Rapid-Strike, L50, F|100\/100\n|turn|6\n|\n|t:|1700924828\n|move|p2b: Tornadus|Tailwind|p2b: Tornadus\n|-sidestart|p2: Darioccccy|move: Tailwind\n|move|p2a: Urshifu|Surging Strikes|p1a: Rillaboom\n|-resisted|p1a: Rillaboom\n|-crit|p1a: Rillaboom\n|-damage|p1a: Rillaboom|4\/100\n|-resisted|p1a: Rillaboom\n|-crit|p1a: Rillaboom\n|-damage|p1a: Rillaboom|0 fnt\n|faint|p1a: Rillaboom\n|-hitcount|p1: Rillaboom|2\n|move|p1b: Tornadus|Bleakwind Storm|p2b: Tornadus|[spread] p2a,p2b\n|-supereffective|p2a: Urshifu\n|-damage|p2a: Urshifu|0 fnt\n|-damage|p2b: Tornadus|8\/100\n|faint|p2a: Urshifu\n|\n|upkeep\n|turn|7\n|-message|Darioccccy forfeited.\n|\n|win|Willipino\n|raw|Willipino's rating: 1393 &rarr; <strong>1416<\/strong><br \/>(+23 for winning)\n|raw|Darioccccy's rating: 1440 &rarr; <strong>1417<\/strong><br \/>(-23 for losing)\n|l|\u2606Darioccccy\n","uploadtime":1700924850,"views":7,"p1id":"willipino","p2id":"darioccccy","formatid":"gen9vgc2023regulatione","rating":1416,"private":0,"password":""}