{"id":"gen9vgc2023regulatione-1992356433","p1":"bobforte22","p2":"VGC On Toast","format":"[Gen 9] VGC 2023 Regulation E","log":"|j|\u2606bobforte22\n|j|\u2606VGC On Toast\n|t:|1700178193\n|gametype|doubles\n|player|p1|bobforte22|pilot|1199\n|player|p2|VGC On Toast|101|1182\n|teamsize|p1|6\n|teamsize|p2|6\n|gen|9\n|tier|[Gen 9] VGC 2023 Regulation E\n|rated|\n|rule|Species Clause: Limit one of each Pok\u00e9mon\n|rule|Item Clause: Limit one of each item\n|clearpoke\n|poke|p1|Wo-Chien, L50|\n|poke|p1|Dragapult, L50, M|\n|poke|p1|Ting-Lu, L50|\n|poke|p1|Flutter Mane, L50|\n|poke|p1|Arcanine-Hisui, L50, F|\n|poke|p1|Gyarados, L50, M|\n|poke|p2|Slaking, L50, F|\n|poke|p2|Weezing-Galar, L50, F|\n|poke|p2|Landorus-Therian, L50, M|\n|poke|p2|Sinistcha, L50|\n|poke|p2|Swalot, L50, M|\n|poke|p2|Roaring Moon, L50|\n|teampreview|4\n|\n|t:|1700178238\n|start\n|switch|p1a: Dragapult|Dragapult, L50, M|100\/100\n|switch|p1b: Arcanine|Arcanine-Hisui, L50, F|100\/100\n|switch|p2a: Weezing|Weezing-Galar, L50, F, shiny|100\/100\n|switch|p2b: Slaking|Slaking, L50, F|100\/100\n|-ability|p2a: Weezing|Neutralizing Gas\n|turn|1\n|inactive|Battle timer is ON: inactive players will automatically lose when time's up. (requested by bobforte22)\n|\n|t:|1700178256\n|-terastallize|p2b: Slaking|Ghost\n|move|p2a: Weezing|Protect|p2a: Weezing\n|-singleturn|p2a: Weezing|Protect\n|move|p1a: Dragapult|Will-O-Wisp|p2b: Slaking\n|-status|p2b: Slaking|brn\n|move|p2b: Slaking|Tera Blast|p1a: Dragapult|[anim] Tera Blast Ghost\n|-supereffective|p1a: Dragapult\n|-damage|p1a: Dragapult|52\/100\n|move|p1b: Arcanine|Flare Blitz|p2a: Weezing\n|-activate|p2a: Weezing|move: Protect\n|\n|-damage|p2b: Slaking|94\/100 brn|[from] brn\n|upkeep\n|turn|2\n|inactive|VGC On Toast has 30 seconds left.\n|\n|t:|1700178283\n|-end|p2a: Weezing|ability: Neutralizing Gas\n|-ability|p1b: Arcanine|Intimidate|boost\n|-unboost|p2a: Weezing|atk|1\n|-unboost|p2b: Slaking|atk|1\n|switch|p2a: Landorus|Landorus-Therian, L50, M|100\/100\n|-ability|p2a: Landorus|Intimidate|boost\n|-unboost|p1a: Dragapult|atk|1\n|-unboost|p1b: Arcanine|atk|1\n|move|p1a: Dragapult|Protect|p1a: Dragapult\n|-singleturn|p1a: Dragapult|Protect\n|move|p2b: Slaking|Drain Punch|p1b: Arcanine\n|-supereffective|p1b: Arcanine\n|-damage|p1b: Arcanine|74\/100\n|-heal|p2b: Slaking|100\/100 brn|[from] drain|[of] p1b: Arcanine\n|move|p1b: Arcanine|Flare Blitz|p2a: Landorus\n|-damage|p2a: Landorus|33\/100\n|-damage|p1b: Arcanine|55\/100|[from] Recoil\n|\n|-damage|p2b: Slaking|94\/100 brn|[from] brn\n|upkeep\n|turn|3\n|inactive|bobforte22 has 30 seconds left.\n|inactive|VGC On Toast has 30 seconds left.\n|\n|t:|1700178317\n|switch|p1a: Ting-Lu|Ting-Lu, L50|100\/100\n|-ability|p1a: Ting-Lu|Vessel of Ruin\n|switch|p2b: Weezing|Weezing-Galar, L50, F, shiny|100\/100\n|-ability|p2b: Weezing|Neutralizing Gas\n|move|p2a: Landorus|Stomping Tantrum|p1b: Arcanine\n|-supereffective|p1b: Arcanine\n|-damage|p1b: Arcanine|0 fnt\n|faint|p1b: Arcanine\n|\n|upkeep\n|\n|t:|1700178330\n|switch|p1b: Dragapult|Dragapult, L50, M|52\/100\n|turn|4\n|\n|t:|1700178343\n|move|p2a: Landorus|Stomping Tantrum|p1b: Dragapult\n|-damage|p1b: Dragapult|9\/100\n|-damage|p2a: Landorus|17\/100|[from] item: Rocky Helmet|[of] p1b: Dragapult\n|move|p1b: Dragapult|Will-O-Wisp|p2a: Landorus\n|-status|p2a: Landorus|brn\n|move|p2b: Weezing|Will-O-Wisp|p1a: Ting-Lu\n|-status|p1a: Ting-Lu|brn\n|move|p1a: Ting-Lu|Stealth Rock|p2a: Landorus\n|-sidestart|p2: VGC On Toast|move: Stealth Rock\n|\n|-damage|p2a: Landorus|11\/100 brn|[from] brn\n|-damage|p1a: Ting-Lu|94\/100 brn|[from] brn\n|upkeep\n|turn|5\n|\n|t:|1700178366\n|move|p1b: Dragapult|Protect|p1b: Dragapult\n|-singleturn|p1b: Dragapult|Protect\n|move|p2a: Landorus|Stomping Tantrum|p1b: Dragapult\n|-activate|p1b: Dragapult|move: Protect\n|move|p2b: Weezing|Strange Steam|p1a: Ting-Lu\n|-supereffective|p1a: Ting-Lu\n|-damage|p1a: Ting-Lu|58\/100 brn\n|move|p1a: Ting-Lu|Whirlwind|p2b: Weezing\n|-end|p2b: Weezing|ability: Neutralizing Gas\n|-ability|p2a: Landorus|Intimidate|boost\n|-unboost|p1a: Ting-Lu|atk|1\n|-unboost|p1b: Dragapult|atk|1\n|-ability|p1a: Ting-Lu|Vessel of Ruin\n|drag|p2b: Slaking|Slaking, L50, F, tera:Ghost|94\/100 brn\n|-damage|p2b: Slaking|82\/100 brn|[from] Stealth Rock\n|\n|-damage|p2a: Landorus|5\/100 brn|[from] brn\n|-damage|p2b: Slaking|76\/100 brn|[from] brn\n|-damage|p1a: Ting-Lu|52\/100 brn|[from] brn\n|upkeep\n|turn|6\n|inactive|bobforte22 has 30 seconds left.\n|\n|t:|1700178392\n|switch|p1b: Wo-Chien|Wo-Chien, L50|100\/100\n|-ability|p1b: Wo-Chien|Tablets of Ruin\n|move|p2a: Landorus|Stomping Tantrum|p1b: Wo-Chien\n|-resisted|p1b: Wo-Chien\n|-damage|p1b: Wo-Chien|94\/100\n|move|p2b: Slaking|Drain Punch|p1a: Ting-Lu\n|-supereffective|p1a: Ting-Lu\n|-damage|p1a: Ting-Lu|39\/100 brn\n|-heal|p2b: Slaking|82\/100 brn|[from] drain|[of] p1a: Ting-Lu\n|move|p1a: Ting-Lu|Ruination|p2b: Slaking\n|-damage|p2b: Slaking|42\/100 brn\n|\n|-heal|p1b: Wo-Chien|100\/100|[from] item: Leftovers\n|-damage|p2a: Landorus|0 fnt|[from] brn\n|faint|p2a: Landorus\n|-damage|p2b: Slaking|36\/100 brn|[from] brn\n|-damage|p1a: Ting-Lu|33\/100 brn|[from] brn\n|upkeep\n|l|\u2606bobforte22\n|inactive|bobforte22 disconnected and has a minute to reconnect!\n|player|p1|\n|\n|t:|1700178415\n|switch|p2a: Weezing|Weezing-Galar, L50, F, shiny|100\/100\n|-ability|p2a: Weezing|Neutralizing Gas\n|-damage|p2a: Weezing|88\/100|[from] Stealth Rock\n|turn|7\n|j|\u2606bobforte22\n|inactive|bobforte22 reconnected and has 55 seconds left.\n|player|p1|bobforte22|pilot\n|\n|t:|1700178435\n|-terastallize|p1b: Wo-Chien|Fire\n|move|p2b: Slaking|Drain Punch|p1a: Ting-Lu\n|-supereffective|p1a: Ting-Lu\n|-damage|p1a: Ting-Lu|18\/100 brn\n|-heal|p2b: Slaking|44\/100 brn|[from] drain|[of] p1a: Ting-Lu\n|move|p1b: Wo-Chien|Leech Seed|p2b: Slaking\n|-start|p2b: Slaking|move: Leech Seed\n|move|p2a: Weezing|Strange Steam|p1b: Wo-Chien\n|-resisted|p1b: Wo-Chien\n|-damage|p1b: Wo-Chien|91\/100\n|move|p1a: Ting-Lu|Whirlwind|p2a: Weezing\n|-end|p2a: Weezing|ability: Neutralizing Gas\n|-ability|p1b: Wo-Chien|Tablets of Ruin\n|-ability|p1a: Ting-Lu|Vessel of Ruin\n|drag|p2a: Roaring Moon|Roaring Moon, L50|100\/100\n|-damage|p2a: Roaring Moon|88\/100|[from] Stealth Rock\n|-enditem|p2a: Roaring Moon|Booster Energy\n|-activate|p2a: Roaring Moon|ability: Protosynthesis|[fromitem]\n|-start|p2a: Roaring Moon|protosynthesisatk\n|\n|-heal|p1b: Wo-Chien|97\/100|[from] item: Leftovers\n|-damage|p2b: Slaking|31\/100 brn|[from] Leech Seed|[of] p1b: Wo-Chien\n|-heal|p1b: Wo-Chien|100\/100|[silent]\n|-damage|p2b: Slaking|25\/100 brn|[from] brn\n|-damage|p1a: Ting-Lu|12\/100 brn|[from] brn\n|upkeep\n|turn|8\n|inactive|bobforte22 has 30 seconds left.\n|inactive|VGC On Toast has 30 seconds left.\n|\n|t:|1700178469\n|move|p2a: Roaring Moon|Knock Off|p1b: Wo-Chien\n|-damage|p1b: Wo-Chien|62\/100\n|-enditem|p1b: Wo-Chien|Leftovers|[from] move: Knock Off|[of] p2a: Roaring Moon\n|cant|p2b: Slaking|ability: Truant\n|move|p1b: Wo-Chien|Leech Seed|p2a: Roaring Moon\n|-start|p2a: Roaring Moon|move: Leech Seed\n|move|p1a: Ting-Lu|Ruination|p2a: Roaring Moon\n|-damage|p2a: Roaring Moon|44\/100\n|\n|-damage|p2a: Roaring Moon|32\/100|[from] Leech Seed|[of] p1b: Wo-Chien\n|-heal|p1b: Wo-Chien|74\/100|[silent]\n|-damage|p2b: Slaking|13\/100 brn|[from] Leech Seed|[of] p1b: Wo-Chien\n|-heal|p1b: Wo-Chien|91\/100|[silent]\n|-damage|p2b: Slaking|7\/100 brn|[from] brn\n|-damage|p1a: Ting-Lu|6\/100 brn|[from] brn\n|upkeep\n|turn|9\n|inactive|VGC On Toast has 30 seconds left.\n|\n|t:|1700178496\n|-end|p2a: Roaring Moon|Protosynthesis|[silent]\n|switch|p2a: Weezing|Weezing-Galar, L50, F, shiny|88\/100\n|-ability|p2a: Weezing|Neutralizing Gas\n|-damage|p2a: Weezing|76\/100|[from] Stealth Rock\n|move|p1b: Wo-Chien|Protect|p1b: Wo-Chien\n|-singleturn|p1b: Wo-Chien|Protect\n|move|p2b: Slaking|High Horsepower|p1b: Wo-Chien\n|-activate|p1b: Wo-Chien|move: Protect\n|move|p1a: Ting-Lu|Ruination|p2a: Weezing|[miss]\n|-miss|p1a: Ting-Lu|p2a: Weezing\n|\n|-damage|p2b: Slaking|0 fnt|[from] Leech Seed|[of] p1b: Wo-Chien\n|-heal|p1b: Wo-Chien|98\/100|[silent]\n|faint|p2b: Slaking\n|-damage|p1a: Ting-Lu|0 fnt|[from] brn\n|faint|p1a: Ting-Lu\n|upkeep\n|\n|t:|1700178516\n|switch|p2b: Roaring Moon|Roaring Moon, L50|32\/100\n|switch|p1a: Dragapult|Dragapult, L50, M|9\/100\n|-damage|p2b: Roaring Moon|19\/100|[from] Stealth Rock\n|turn|10\n|\n|t:|1700178532\n|move|p1a: Dragapult|Protect|p1a: Dragapult\n|-singleturn|p1a: Dragapult|Protect\n|move|p2b: Roaring Moon|Protect|p2b: Roaring Moon\n|-singleturn|p2b: Roaring Moon|Protect\n|move|p1b: Wo-Chien|Leech Seed|p2a: Weezing\n|-start|p2a: Weezing|move: Leech Seed\n|move|p2a: Weezing|Strange Steam|p1a: Dragapult\n|-activate|p1a: Dragapult|move: Protect\n|\n|-damage|p2a: Weezing|64\/100|[from] Leech Seed|[of] p1b: Wo-Chien\n|-heal|p1b: Wo-Chien|100\/100|[silent]\n|upkeep\n|turn|11\n|\n|t:|1700178554\n|move|p1a: Dragapult|Dragon Claw|p2b: Roaring Moon\n|-supereffective|p2b: Roaring Moon\n|-damage|p2b: Roaring Moon|0 fnt\n|faint|p2b: Roaring Moon\n|-end|p2b: Roaring Moon|Protosynthesis|[silent]\n|move|p1b: Wo-Chien|Leech Seed||[still]\n|-fail|p1b: Wo-Chien\n|move|p2a: Weezing|Strange Steam|p1a: Dragapult\n|-supereffective|p1a: Dragapult\n|-damage|p1a: Dragapult|0 fnt\n|faint|p1a: Dragapult\n|\n|-damage|p2a: Weezing|52\/100|[from] Leech Seed|[of] p1b: Wo-Chien\n|upkeep\n|turn|12\n|\n|t:|1700178573\n|move|p1b: Wo-Chien|Protect|p1b: Wo-Chien\n|-singleturn|p1b: Wo-Chien|Protect\n|move|p2a: Weezing|Strange Steam|p1b: Wo-Chien\n|-activate|p1b: Wo-Chien|move: Protect\n|\n|-damage|p2a: Weezing|39\/100|[from] Leech Seed|[of] p1b: Wo-Chien\n|upkeep\n|-enditem|p2a: Weezing|Sitrus Berry|[eat]\n|-heal|p2a: Weezing|64\/100|[from] item: Sitrus Berry\n|turn|13\n|\n|t:|1700178586\n|move|p1b: Wo-Chien|Ruination|p2a: Weezing\n|-damage|p2a: Weezing|32\/100\n|move|p2a: Weezing|Strange Steam|p1b: Wo-Chien\n|-resisted|p1b: Wo-Chien\n|-crit|p1b: Wo-Chien\n|-damage|p1b: Wo-Chien|85\/100\n|\n|-damage|p2a: Weezing|20\/100|[from] Leech Seed|[of] p1b: Wo-Chien\n|-heal|p1b: Wo-Chien|96\/100|[silent]\n|upkeep\n|turn|14\n|\n|t:|1700178598\n|move|p1b: Wo-Chien|Ruination|p2a: Weezing\n|-damage|p2a: Weezing|10\/100\n|move|p2a: Weezing|Pain Split|p1b: Wo-Chien\n|-sethp|p1b: Wo-Chien|53\/100|[from] move: Pain Split|[silent]\n|-sethp|p2a: Weezing|59\/100|[from] move: Pain Split\n|\n|-damage|p2a: Weezing|46\/100|[from] Leech Seed|[of] p1b: Wo-Chien\n|-heal|p1b: Wo-Chien|64\/100|[silent]\n|upkeep\n|turn|15\n|\n|t:|1700178613\n|move|p1b: Wo-Chien|Ruination|p2a: Weezing\n|-damage|p2a: Weezing|24\/100\n|move|p2a: Weezing|Pain Split|p1b: Wo-Chien\n|-sethp|p1b: Wo-Chien|42\/100|[from] move: Pain Split|[silent]\n|-sethp|p2a: Weezing|47\/100|[from] move: Pain Split\n|\n|-damage|p2a: Weezing|35\/100|[from] Leech Seed|[of] p1b: Wo-Chien\n|-heal|p1b: Wo-Chien|53\/100|[silent]\n|upkeep\n|turn|16\n|inactive|VGC On Toast has 30 seconds left.\n|l|\u2606VGC On Toast\n|inactive|VGC On Toast disconnected and has a minute to reconnect!\n|player|p2|\n|inactive|VGC On Toast has 20 seconds left.\n|inactive|VGC On Toast has 15 seconds left.\n|inactive|VGC On Toast has 10 seconds left.\n|inactive|VGC On Toast has 5 seconds left.\n|j|\u2606VGC On Toast\n|inactive|VGC On Toast reconnected and has 5 seconds left.\n|player|p2|VGC On Toast|101\n|\n|t:|1700178668\n|move|p2a: Weezing|Protect|p2a: Weezing\n|-singleturn|p2a: Weezing|Protect\n|move|p1b: Wo-Chien|Ruination|p2a: Weezing\n|-activate|p2a: Weezing|move: Protect\n|\n|-damage|p2a: Weezing|23\/100|[from] Leech Seed|[of] p1b: Wo-Chien\n|-heal|p1b: Wo-Chien|64\/100|[silent]\n|upkeep\n|turn|17\n|\n|t:|1700178678\n|move|p1b: Wo-Chien|Protect|p1b: Wo-Chien\n|-singleturn|p1b: Wo-Chien|Protect\n|move|p2a: Weezing|Pain Split|p1b: Wo-Chien\n|-activate|p1b: Wo-Chien|move: Protect\n|\n|-damage|p2a: Weezing|10\/100|[from] Leech Seed|[of] p1b: Wo-Chien\n|-heal|p1b: Wo-Chien|75\/100|[silent]\n|upkeep\n|turn|18\n|\n|t:|1700178690\n|move|p1b: Wo-Chien|Protect||[still]\n|-fail|p1b: Wo-Chien\n|move|p2a: Weezing|Pain Split|p1b: Wo-Chien\n|-sethp|p1b: Wo-Chien|42\/100|[from] move: Pain Split|[silent]\n|-sethp|p2a: Weezing|47\/100|[from] move: Pain Split\n|\n|-damage|p2a: Weezing|35\/100|[from] Leech Seed|[of] p1b: Wo-Chien\n|-heal|p1b: Wo-Chien|53\/100|[silent]\n|upkeep\n|turn|19\n|\n|t:|1700178705\n|move|p1b: Wo-Chien|Ruination|p2a: Weezing\n|-damage|p2a: Weezing|18\/100\n|move|p2a: Weezing|Pain Split|p1b: Wo-Chien\n|-sethp|p1b: Wo-Chien|34\/100|[from] move: Pain Split|[silent]\n|-sethp|p2a: Weezing|38\/100|[from] move: Pain Split\n|\n|-damage|p2a: Weezing|26\/100|[from] Leech Seed|[of] p1b: Wo-Chien\n|-heal|p1b: Wo-Chien|45\/100|[silent]\n|upkeep\n|turn|20\n|\n|t:|1700178721\n|move|p1b: Wo-Chien|Ruination|p2a: Weezing\n|-damage|p2a: Weezing|13\/100\n|move|p2a: Weezing|Strange Steam|p1b: Wo-Chien\n|-resisted|p1b: Wo-Chien\n|-damage|p1b: Wo-Chien|36\/100\n|\n|-damage|p2a: Weezing|1\/100|[from] Leech Seed|[of] p1b: Wo-Chien\n|-heal|p1b: Wo-Chien|47\/100|[silent]\n|upkeep\n|turn|21\n|\n|t:|1700178731\n|move|p1b: Wo-Chien|Protect|p1b: Wo-Chien\n|-singleturn|p1b: Wo-Chien|Protect\n|move|p2a: Weezing|Pain Split|p1b: Wo-Chien\n|-activate|p1b: Wo-Chien|move: Protect\n|\n|-damage|p2a: Weezing|0 fnt|[from] Leech Seed|[of] p1b: Wo-Chien\n|-heal|p1b: Wo-Chien|47\/100|[silent]\n|faint|p2a: Weezing\n|-end|p2a: Weezing|ability: Neutralizing Gas\n|-ability|p1b: Wo-Chien|Tablets of Ruin\n|\n|win|bobforte22\n|upkeep\n|raw|bobforte22's rating: 1199 &rarr; <strong>1223<\/strong><br \/>(+24 for winning)\n|raw|VGC On Toast's rating: 1182 &rarr; <strong>1158<\/strong><br \/>(-24 for losing)\n|l|\u2606VGC On Toast\n","uploadtime":1700178744,"views":13,"p1id":"bobforte22","p2id":"vgcontoast","formatid":"gen9vgc2023regulatione","rating":1158,"private":0,"password":""}