{"id":"gen9vgc2023regulatione-1992627802","p1":"immagns","p2":"Joull","format":"[Gen 9] VGC 2023 Regulation E","log":"|j|\u2606immagns\n|j|\u2606Joull\n|t:|1700217099\n|gametype|doubles\n|player|p1|immagns|miriam|1135\n|player|p2|Joull|psychic-gen2|1064\n|teamsize|p1|6\n|teamsize|p2|6\n|gen|9\n|tier|[Gen 9] VGC 2023 Regulation E\n|rated|\n|rule|Species Clause: Limit one of each Pok\u00e9mon\n|rule|Item Clause: Limit one of each item\n|clearpoke\n|poke|p1|Rotom-Heat, L50|\n|poke|p1|Milotic, L50, F|\n|poke|p1|Landorus-Therian, L50, M|\n|poke|p1|Rillaboom, L50, M|\n|poke|p1|Sneasler, L50, M|\n|poke|p1|Flutter Mane, L50|\n|poke|p2|Arcanine-Hisui, L50, M|\n|poke|p2|Rillaboom, L50, M|\n|poke|p2|Flutter Mane, L50|\n|poke|p2|Urshifu-*, L50, M|\n|poke|p2|Pachirisu, L50, F|\n|poke|p2|Hydreigon, L50, F|\n|teampreview|4\nJoull rejected open team sheets.\n|\n|t:|1700217130\n|start\n|switch|p1a: Rotom|Rotom-Heat, L50|100\/100\n|switch|p1b: Milotic|Milotic, L50, F|100\/100\n|switch|p2a: Pachirisu|Pachirisu, L50, F, shiny|100\/100\n|switch|p2b: Hydreigon|Hydreigon, L50, F, shiny|100\/100\n|turn|1\n|\n|t:|1700217152\n|move|p2b: Hydreigon|Tailwind|p2b: Hydreigon\n|-sidestart|p2: Joull|move: Tailwind\n|move|p2a: Pachirisu|Nuzzle|p1b: Milotic\n|-supereffective|p1b: Milotic\n|-damage|p1b: Milotic|94\/100\n|-status|p1b: Milotic|par\n|move|p1a: Rotom|Overheat|p2a: Pachirisu\n|-damage|p2a: Pachirisu|43\/100\n|-unboost|p1a: Rotom|spa|2\n|move|p1b: Milotic|Icy Wind|p2a: Pachirisu|[spread] p2a,p2b\n|-supereffective|p2b: Hydreigon\n|-damage|p2a: Pachirisu|31\/100\n|-damage|p2b: Hydreigon|77\/100\n|-unboost|p2a: Pachirisu|spe|1\n|-unboost|p2b: Hydreigon|spe|1\n|\n|-heal|p1b: Milotic|99\/100 par|[from] item: Leftovers\n|upkeep\n|turn|2\n|\n|t:|1700217179\n|move|p2a: Pachirisu|Helping Hand|p2b: Hydreigon\n|-singleturn|p2b: Hydreigon|Helping Hand|[of] p2a: Pachirisu\n|move|p2b: Hydreigon|Dark Pulse|p1a: Rotom\n|-damage|p1a: Rotom|31\/100\n|-enditem|p1a: Rotom|Sitrus Berry|[eat]\n|-heal|p1a: Rotom|56\/100|[from] item: Sitrus Berry\n|move|p1a: Rotom|Overheat|p2a: Pachirisu\n|-damage|p2a: Pachirisu|2\/100\n|-unboost|p1a: Rotom|spa|2\n|cant|p1b: Milotic|par\n|\n|-heal|p1b: Milotic|100\/100 par|[from] item: Leftovers\n|upkeep\n|turn|3\n|\n|t:|1700217197\n|move|p1a: Rotom|Protect|p1a: Rotom\n|-singleturn|p1a: Rotom|Protect\n|move|p2b: Hydreigon|Dark Pulse|p1b: Milotic\n|-damage|p1b: Milotic|64\/100 par\n|move|p2a: Pachirisu|Super Fang|p1b: Milotic\n|-damage|p1b: Milotic|33\/100 par\n|cant|p1b: Milotic|flinch\n|\n|-heal|p1b: Milotic|39\/100 par|[from] item: Leftovers\n|upkeep\n|turn|4\n|\n|t:|1700217214\n|move|p2a: Pachirisu|Helping Hand|p2b: Hydreigon\n|-singleturn|p2b: Hydreigon|Helping Hand|[of] p2a: Pachirisu\n|cant|p1b: Milotic|par\n|move|p2b: Hydreigon|Dark Pulse|p1a: Rotom\n|-damage|p1a: Rotom|0 fnt\n|faint|p1a: Rotom\n|\n|-heal|p1b: Milotic|45\/100 par|[from] item: Leftovers\n|-sideend|p2: Joull|move: Tailwind\n|upkeep\n|\n|t:|1700217224\n|switch|p1a: Landorus|Landorus-Therian, L50, M|100\/100\n|-ability|p1a: Landorus|Intimidate|boost\n|-unboost|p2a: Pachirisu|atk|1\n|-unboost|p2b: Hydreigon|atk|1\n|turn|5\n|\n|t:|1700217231\n|move|p1a: Landorus|Rock Slide|p2b: Hydreigon|[spread] p2a,p2b\n|-damage|p2a: Pachirisu|0 fnt\n|-damage|p2b: Hydreigon|51\/100\n|faint|p2a: Pachirisu\n|move|p2b: Hydreigon|Tailwind|p2b: Hydreigon\n|-sidestart|p2: Joull|move: Tailwind\n|move|p1b: Milotic|Icy Wind|p2b: Hydreigon\n|-supereffective|p2b: Hydreigon\n|-damage|p2b: Hydreigon|20\/100\n|-unboost|p2b: Hydreigon|spe|1\n|\n|-heal|p1b: Milotic|50\/100 par|[from] item: Leftovers\n|upkeep\n|\n|t:|1700217245\n|switch|p2a: Urshifu|Urshifu-Rapid-Strike, L50, M|100\/100\n|turn|6\n|\n|t:|1700217256\n|switch|p2b: Arcanine|Arcanine-Hisui, L50, M|100\/100\n|-ability|p2b: Arcanine|Intimidate|boost\n|-unboost|p1a: Landorus|atk|1\n|-unboost|p1b: Milotic|atk|1\n|-ability|p1b: Milotic|Competitive|boost\n|-boost|p1b: Milotic|spa|2\n|-terastallize|p2a: Urshifu|Water\n|move|p2a: Urshifu|Surging Strikes|p1a: Landorus\n|-supereffective|p1a: Landorus\n|-crit|p1a: Landorus\n|-damage|p1a: Landorus|29\/100\n|-supereffective|p1a: Landorus\n|-crit|p1a: Landorus\n|-damage|p1a: Landorus|0 fnt\n|faint|p1a: Landorus\n|-hitcount|p1: Landorus|2\n|cant|p1b: Milotic|par\n|\n|-heal|p1b: Milotic|56\/100 par|[from] item: Leftovers\n|upkeep\n|\n|t:|1700217272\n|switch|p1a: Flutter Mane|Flutter Mane, L50|100\/100\n|-enditem|p1a: Flutter Mane|Booster Energy\n|-activate|p1a: Flutter Mane|ability: Protosynthesis|[fromitem]\n|-start|p1a: Flutter Mane|protosynthesisspa\n|turn|7\n|\n|t:|1700217283\n|move|p2a: Urshifu|Protect|p2a: Urshifu\n|-singleturn|p2a: Urshifu|Protect\n|move|p2b: Arcanine|Flare Blitz|p1a: Flutter Mane\n|-damage|p1a: Flutter Mane|15\/100\n|-damage|p2b: Arcanine|75\/100|[from] Recoil\n|move|p1a: Flutter Mane|Substitute|p1a: Flutter Mane\n|-fail|p1a: Flutter Mane|move: Substitute|[weak]\n|move|p1b: Milotic|Scald|p2a: Urshifu\n|-activate|p2a: Urshifu|move: Protect\n|\n|-heal|p1b: Milotic|62\/100 par|[from] item: Leftovers\n|upkeep\n|turn|8\n|-message|immagns forfeited.\n|\n|win|Joull\n|raw|immagns's rating: 1135 &rarr; <strong>1105<\/strong><br \/>(-30 for losing)\n|raw|Joull's rating: 1064 &rarr; <strong>1101<\/strong><br \/>(+37 for winning)\n|l|\u2606immagns\n","uploadtime":1700217302,"views":8,"p1id":"immagns","p2id":"joull","formatid":"gen9vgc2023regulatione","rating":1101,"private":0,"password":""}