{"id":"gen9vgc2023regulatione-1998582286","p1":"biddyboyy","p2":"Kzjrhzk","format":"[Gen 9] VGC 2023 Regulation E","log":"|j|\u2606biddyboyy\n|j|\u2606Kzjrhzk\n|t:|1700959144\n|gametype|doubles\n|player|p1|biddyboyy|gentleman-gen4dp|1247\n|player|p2|Kzjrhzk|lance|1211\n|teamsize|p1|6\n|teamsize|p2|6\n|gen|9\n|tier|[Gen 9] VGC 2023 Regulation E\n|rated|\n|rule|Species Clause: Limit one of each Pok\u00e9mon\n|rule|Item Clause: Limit one of each item\n|clearpoke\n|poke|p1|Flutter Mane, L50|\n|poke|p1|Iron Hands, L50|\n|poke|p1|Baxcalibur, L50, F|\n|poke|p1|Illumise, L50, F|\n|poke|p1|Sinistcha-Masterpiece, L50|\n|poke|p1|Arcanine-Hisui, L50, F|\n|poke|p2|Flutter Mane, L50|\n|poke|p2|Tornadus, L50, M|\n|poke|p2|Rillaboom, L50, M|\n|poke|p2|Garganacl, L50, F|\n|poke|p2|Arcanine-Hisui, L50, F|\n|poke|p2|Chien-Pao, L50|\n|teampreview|4\n|inactive|Battle timer is ON: inactive players will automatically lose when time's up. (requested by Kzjrhzk)\n|\n|t:|1700959170\n|start\n|switch|p1a: Illumise|Illumise, L50, F|100\/100\n|switch|p1b: Roboyama|Iron Hands, L50|100\/100\n|switch|p2a: Arcanine|Arcanine-Hisui, L50, F|100\/100\n|switch|p2b: Garganacl|Garganacl, L50, F|100\/100\n|-ability|p2a: Arcanine|Intimidate|boost\n|-unboost|p1a: Illumise|atk|1\n|-unboost|p1b: Roboyama|atk|1\n|-enditem|p1b: Roboyama|Booster Energy\n|-activate|p1b: Roboyama|ability: Quark Drive|[fromitem]\n|-start|p1b: Roboyama|quarkdriveatk\n|turn|1\n|\n|t:|1700959191\n|switch|p2a: Tornadus|Tornadus, L50, M|100\/100\n|-terastallize|p2b: Garganacl|Ghost\n|move|p1b: Roboyama|Fake Out|p2a: Tornadus\n|-damage|p2a: Tornadus|82\/100\n|-damage|p1b: Roboyama|84\/100|[from] item: Rocky Helmet|[of] p2a: Tornadus\n|move|p1a: Illumise|Tailwind|p1a: Illumise\n|-sidestart|p1: biddyboyy|move: Tailwind\n|move|p2b: Garganacl|Salt Cure|p1a: Illumise\n|-supereffective|p1a: Illumise\n|-damage|p1a: Illumise|73\/100\n|\n|upkeep\n|turn|2\n|inactive|biddyboyy has 30 seconds left.\n|inactive|Kzjrhzk has 30 seconds left.\n|\n|t:|1700959228\n|move|p1a: Illumise|Charm|p2b: Garganacl\n|-unboost|p2b: Garganacl|atk|2\n|move|p1b: Roboyama|Thunder Punch|p2a: Tornadus\n|-supereffective|p2a: Tornadus\n|-damage|p2a: Tornadus|0 fnt\n|-damage|p1b: Roboyama|67\/100|[from] item: Rocky Helmet|[of] p2a: Tornadus\n|faint|p2a: Tornadus\n|move|p2b: Garganacl|Salt Cure|p1b: Roboyama\n|-resisted|p1b: Roboyama\n|-damage|p1b: Roboyama|65\/100\n|-start|p1b: Roboyama|Salt Cure\n|\n|-damage|p1b: Roboyama|52\/100|[from] Salt Cure\n|upkeep\n|\n|t:|1700959238\n|switch|p2a: Arcanine|Arcanine-Hisui, L50, F|100\/100\n|-ability|p2a: Arcanine|Intimidate|boost\n|-unboost|p1a: Illumise|atk|1\n|-unboost|p1b: Roboyama|atk|1\n|turn|3\n|\n|t:|1700959254\n|switch|p2a: Flutter Mane|Flutter Mane, L50|100\/100\n|-enditem|p2a: Flutter Mane|Booster Energy\n|-activate|p2a: Flutter Mane|ability: Protosynthesis|[fromitem]\n|-start|p2a: Flutter Mane|protosynthesisspe\n|move|p1a: Illumise|Charm|p2a: Flutter Mane\n|-unboost|p2a: Flutter Mane|atk|2\n|move|p1b: Roboyama|Drain Punch|p2a: Flutter Mane\n|-immune|p2a: Flutter Mane\n|move|p2b: Garganacl|Salt Cure|p1b: Roboyama\n|-resisted|p1b: Roboyama\n|-damage|p1b: Roboyama|50\/100\n|\n|-damage|p1b: Roboyama|38\/100|[from] Salt Cure\n|upkeep\n|turn|4\n|inactive|biddyboyy has 30 seconds left.\n|\n|t:|1700959285\n|move|p2a: Flutter Mane|Substitute|p2a: Flutter Mane\n|-start|p2a: Flutter Mane|Substitute\n|-damage|p2a: Flutter Mane|76\/100\n|move|p1a: Illumise|Struggle Bug|p2a: Flutter Mane|[spread] p2a,p2b\n|-resisted|p2a: Flutter Mane\n|-activate|p2a: Flutter Mane|move: Substitute|[damage]\n|-resisted|p2b: Garganacl\n|-damage|p2b: Garganacl|97\/100\n|-unboost|p2b: Garganacl|spa|1\n|move|p1b: Roboyama|Thunder Punch|p2a: Flutter Mane\n|-end|p2a: Flutter Mane|Substitute\n|move|p2b: Garganacl|Salt Cure|p1a: Illumise\n|-supereffective|p1a: Illumise\n|-damage|p1a: Illumise|57\/100\n|\n|-damage|p1b: Roboyama|25\/100|[from] Salt Cure\n|-sideend|p1: biddyboyy|move: Tailwind\n|upkeep\n|turn|5\n|inactive|biddyboyy has 30 seconds left.\n|inactive|biddyboyy has 20 seconds left.\n|\n|t:|1700959320\n|move|p2a: Flutter Mane|Protect|p2a: Flutter Mane\n|-singleturn|p2a: Flutter Mane|Protect\n|move|p1a: Illumise|Tailwind|p1a: Illumise\n|-sidestart|p1: biddyboyy|move: Tailwind\n|move|p1b: Roboyama|Thunder Punch|p2a: Flutter Mane\n|-activate|p2a: Flutter Mane|move: Protect\n|move|p2b: Garganacl|Iron Defense|p2b: Garganacl\n|-boost|p2b: Garganacl|def|2\n|\n|-damage|p1b: Roboyama|13\/100|[from] Salt Cure\n|upkeep\n|turn|6\n|\n|t:|1700959342\n|-end|p1b: Roboyama|Quark Drive|[silent]\n|switch|p1b: Mane Not Gucci|Flutter Mane, L50|100\/100\n|move|p2a: Flutter Mane|Substitute|p2a: Flutter Mane\n|-start|p2a: Flutter Mane|Substitute\n|-damage|p2a: Flutter Mane|51\/100\n|move|p1a: Illumise|Struggle Bug|p2a: Flutter Mane|[spread] p2a,p2b\n|-resisted|p2a: Flutter Mane\n|-activate|p2a: Flutter Mane|move: Substitute|[damage]\n|-resisted|p2b: Garganacl\n|-damage|p2b: Garganacl|94\/100\n|-unboost|p2b: Garganacl|spa|1\n|move|p2b: Garganacl|Salt Cure|p1a: Illumise\n|-supereffective|p1a: Illumise\n|-damage|p1a: Illumise|42\/100\n|\n|upkeep\n|turn|7\n|inactive|biddyboyy has 30 seconds left.\n|\n|t:|1700959367\n|move|p2a: Flutter Mane|Protect|p2a: Flutter Mane\n|-singleturn|p2a: Flutter Mane|Protect\n|move|p1b: Mane Not Gucci|Shadow Ball|p2b: Garganacl\n|-supereffective|p2b: Garganacl\n|-damage|p2b: Garganacl|68\/100\n|move|p1a: Illumise|Struggle Bug|p2b: Garganacl|[spread] p2b\n|-activate|p2a: Flutter Mane|move: Protect\n|-resisted|p2b: Garganacl\n|-damage|p2b: Garganacl|64\/100\n|-unboost|p2b: Garganacl|spa|1\n|move|p2b: Garganacl|Salt Cure|p1b: Mane Not Gucci\n|-damage|p1b: Mane Not Gucci|87\/100\n|-start|p1b: Mane Not Gucci|Salt Cure\n|\n|-damage|p1b: Mane Not Gucci|75\/100|[from] Salt Cure\n|upkeep\n|turn|8\n|inactive|biddyboyy has 30 seconds left.\n|\n|t:|1700959398\n|move|p1a: Illumise|Helping Hand|p1b: Mane Not Gucci\n|-singleturn|p1b: Mane Not Gucci|Helping Hand|[of] p1a: Illumise\n|move|p1b: Mane Not Gucci|Dazzling Gleam|p2b: Garganacl|[spread] p2a,p2b\n|-end|p2a: Flutter Mane|Substitute\n|-damage|p2b: Garganacl|30\/100\n|-enditem|p2b: Garganacl|Sitrus Berry|[eat]\n|-heal|p2b: Garganacl|55\/100|[from] item: Sitrus Berry\n|move|p2a: Flutter Mane|Shadow Ball|p1b: Mane Not Gucci\n|-supereffective|p1b: Mane Not Gucci\n|-damage|p1b: Mane Not Gucci|0 fnt\n|faint|p1b: Mane Not Gucci\n|-end|p1b: Mane Not Gucci|Protosynthesis|[silent]\n|move|p2b: Garganacl|Salt Cure|p1a: Illumise\n|-supereffective|p1a: Illumise\n|-crit|p1a: Illumise\n|-damage|p1a: Illumise|0 fnt\n|faint|p1a: Illumise\n|\n|-sideend|p1: biddyboyy|move: Tailwind\n|upkeep\n|\n|t:|1700959417\n|switch|p1b: Roboyama|Iron Hands, L50|13\/100\n|switch|p1a: Baxcalibur|Baxcalibur, L50, F|100\/100\n|turn|9\n|inactive|biddyboyy has 30 seconds left.\n|\n|t:|1700959444\n|-terastallize|p1a: Baxcalibur|Steel\n|move|p2a: Flutter Mane|Protect|p2a: Flutter Mane\n|-singleturn|p2a: Flutter Mane|Protect\n|move|p1a: Baxcalibur|Iron Head|p2a: Flutter Mane\n|-activate|p2a: Flutter Mane|move: Protect\n|move|p1b: Roboyama|Thunder Punch|p2b: Garganacl\n|-damage|p2b: Garganacl|40\/100\n|move|p2b: Garganacl|Salt Cure|p1b: Roboyama\n|-resisted|p1b: Roboyama\n|-damage|p1b: Roboyama|11\/100\n|-start|p1b: Roboyama|Salt Cure\n|\n|-damage|p1b: Roboyama|0 fnt|[from] Salt Cure\n|faint|p1b: Roboyama\n|-end|p1b: Roboyama|Quark Drive|[silent]\n|upkeep\n|turn|10\n|\n|t:|1700959464\n|move|p2a: Flutter Mane|Substitute|p2a: Flutter Mane\n|-start|p2a: Flutter Mane|Substitute\n|-damage|p2a: Flutter Mane|27\/100\n|move|p1a: Baxcalibur|Iron Head|p2a: Flutter Mane\n|-supereffective|p2a: Flutter Mane\n|-end|p2a: Flutter Mane|Substitute\n|move|p2b: Garganacl|Recover|p2b: Garganacl\n|-heal|p2b: Garganacl|90\/100\n|\n|upkeep\n|turn|11\n|\n|t:|1700959477\n|move|p2a: Flutter Mane|Protect|p2a: Flutter Mane\n|-singleturn|p2a: Flutter Mane|Protect\n|move|p1a: Baxcalibur|Swords Dance|p1a: Baxcalibur\n|-boost|p1a: Baxcalibur|atk|2\n|move|p2b: Garganacl|Salt Cure|p1a: Baxcalibur\n|-resisted|p1a: Baxcalibur\n|-damage|p1a: Baxcalibur|97\/100\n|-start|p1a: Baxcalibur|Salt Cure\n|\n|-damage|p1a: Baxcalibur|72\/100|[from] Salt Cure\n|upkeep\n|turn|12\n|\n|t:|1700959489\n|move|p2a: Flutter Mane|Shadow Ball|p1a: Baxcalibur\n|-damage|p1a: Baxcalibur|25\/100\n|move|p1a: Baxcalibur|Icicle Spear|p2a: Flutter Mane\n|-damage|p2a: Flutter Mane|0 fnt\n|faint|p2a: Flutter Mane\n|-end|p2a: Flutter Mane|Protosynthesis|[silent]\n|-hitcount|p2: Flutter Mane|1\n|move|p2b: Garganacl|Iron Defense|p2b: Garganacl\n|-boost|p2b: Garganacl|def|2\n|\n|-damage|p1a: Baxcalibur|0 fnt|[from] Salt Cure\n|faint|p1a: Baxcalibur\n|\n|win|Kzjrhzk\n|upkeep\n|raw|biddyboyy's rating: 1247 &rarr; <strong>1219<\/strong><br \/>(-28 for losing)\n|raw|Kzjrhzk's rating: 1211 &rarr; <strong>1239<\/strong><br \/>(+28 for winning)\n","uploadtime":1700959501,"views":2,"p1id":"biddyboyy","p2id":"kzjrhzk","formatid":"gen9vgc2023regulatione","rating":1219,"private":0,"password":""}