{"id":"gen9vgc2023regulatione-1992776487","p1":"zexzyte","p2":"Sleeping Demons","format":"[Gen 9] VGC 2023 Regulation E","log":"|j|\u2606zexzyte\n|j|\u2606Sleeping Demons\n|t:|1700234478\n|gametype|doubles\n|player|p1|zexzyte|266|1127\n|player|p2|Sleeping Demons|266|1173\n|teamsize|p1|6\n|teamsize|p2|6\n|gen|9\n|tier|[Gen 9] VGC 2023 Regulation E\n|rated|\n|rule|Species Clause: Limit one of each Pok\u00e9mon\n|rule|Item Clause: Limit one of each item\n|clearpoke\n|poke|p1|Iron Hands, L50|\n|poke|p1|Flutter Mane, L50|\n|poke|p1|Heatran, L50, F|\n|poke|p1|Landorus-Therian, L50, M|\n|poke|p1|Arcanine-Hisui, L50, M|\n|poke|p1|Tornadus, L50, M|\n|poke|p2|Ursaluna-Bloodmoon, L50, M|\n|poke|p2|Oranguru, L50, F|\n|poke|p2|Torkoal, L50, M|\n|poke|p2|Maushold-Four, L50|\n|poke|p2|Urshifu-*, L50, F|\n|poke|p2|Bruxish, L50, F|\n|teampreview|4\n|inactive|Battle timer is ON: inactive players will automatically lose when time's up. (requested by zexzyte)\nzexzyte rejected open team sheets.\n|\n|t:|1700234501\n|start\n|switch|p1a: Tornadus|Tornadus, L50, M|100\/100\n|switch|p1b: Heatran|Heatran, L50, F|100\/100\n|switch|p2a: Maushold|Maushold-Four, L50, shiny|100\/100\n|switch|p2b: Oranguru|Oranguru, L50, F, shiny|100\/100\n|turn|1\n|inactive|zexzyte has 30 seconds left.\n|inactive|zexzyte has 20 seconds left.\n|inactive|zexzyte has 15 seconds left.\n|inactive|zexzyte has 10 seconds left.\n|\n|t:|1700234547\n|-terastallize|p2b: Oranguru|Water\n|move|p1a: Tornadus|Taunt|p2b: Oranguru\n|-start|p2b: Oranguru|move: Taunt\n|move|p2a: Maushold|Population Bomb|p1a: Tornadus\n|-damage|p1a: Tornadus|86\/100\n|-damage|p1a: Tornadus|71\/100\n|-damage|p1a: Tornadus|58\/100\n|-damage|p1a: Tornadus|45\/100\n|-damage|p1a: Tornadus|30\/100\n|-damage|p1a: Tornadus|15\/100\n|-damage|p1a: Tornadus|0 fnt\n|faint|p1a: Tornadus\n|-hitcount|p1: Tornadus|7\n|move|p1b: Heatran|Heat Wave|p2b: Oranguru|[spread] p2b\n|-miss|p1b: Heatran|p2a: Maushold\n|-resisted|p2b: Oranguru\n|-damage|p2b: Oranguru|84\/100\n|-damage|p1b: Heatran|91\/100|[from] item: Life Orb\n|cant|p2b: Oranguru|move: Taunt|Trick Room\n|\n|upkeep\n|\n|t:|1700234554\n|switch|p1a: Iron Hands|Iron Hands, L50|100\/100\n|turn|2\n|\n|t:|1700234569\n|switch|p2b: Bruxish|Bruxish, L50, F, shiny|100\/100\n|-terastallize|p1b: Heatran|Grass\n|move|p1a: Iron Hands|Fake Out||[still]\n|cant|p2b: Bruxish|ability: Dazzling|Fake Out|[of] p1a: Iron Hands\n|move|p2a: Maushold|U-turn|p1a: Iron Hands\n|-resisted|p1a: Iron Hands\n|-damage|p1a: Iron Hands|95\/100\n|\n|t:|1700234581\n|switch|p2a: Oranguru|Oranguru, L50, F, shiny, tera:Water|84\/100|[from] U-turn\n|move|p1b: Heatran|Tera Blast|p2b: Bruxish|[anim] Tera Blast Grass\n|-supereffective|p2b: Bruxish\n|-damage|p2b: Bruxish|0 fnt\n|faint|p2b: Bruxish\n|-damage|p1b: Heatran|81\/100|[from] item: Life Orb\n|\n|upkeep\n|\n|t:|1700234592\n|switch|p2b: Maushold|Maushold-Four, L50, shiny|100\/100\n|turn|3\n|\n|t:|1700234611\n|move|p2b: Maushold|Follow Me|p2b: Maushold\n|-singleturn|p2b: Maushold|move: Follow Me\n|move|p1b: Heatran|Tera Blast|p2b: Maushold|[anim] Tera Blast Grass\n|-damage|p2b: Maushold|11\/100\n|-damage|p1b: Heatran|72\/100|[from] item: Life Orb\n|move|p1a: Iron Hands|Drain Punch|p2b: Maushold\n|-supereffective|p2b: Maushold\n|-damage|p2b: Maushold|0 fnt\n|-heal|p1a: Iron Hands|98\/100|[from] drain|[of] p2b: Maushold\n|faint|p2b: Maushold\n|move|p2a: Oranguru|Trick Room|p2a: Oranguru\n|-fieldstart|move: Trick Room|[of] p2a: Oranguru\n|\n|upkeep\n|\n|t:|1700234619\n|switch|p2b: Ursaluna|Ursaluna-Bloodmoon, L50, M|100\/100\n|turn|4\n|\n|t:|1700234627\n|move|p2b: Ursaluna|Blood Moon|p1b: Heatran\n|-damage|p1b: Heatran|0 fnt\n|faint|p1b: Heatran\n|-damage|p2b: Ursaluna|91\/100|[from] item: Life Orb\n|move|p2a: Oranguru|Instruct|p2b: Ursaluna\n|-singleturn|p2b: Ursaluna|move: Instruct|[of] p2a: Oranguru\n|move|p2b: Ursaluna|Blood Moon|p1a: Iron Hands\n|-damage|p1a: Iron Hands|33\/100\n|-damage|p2b: Ursaluna|81\/100|[from] item: Life Orb\n|-hint|Some effects can force a Pokemon to use Blood Moon again in a row.\n|move|p1a: Iron Hands|Drain Punch|p2b: Ursaluna\n|-supereffective|p2b: Ursaluna\n|-damage|p2b: Ursaluna|13\/100\n|-heal|p1a: Iron Hands|60\/100|[from] drain|[of] p2b: Ursaluna\n|\n|upkeep\n|inactive|zexzyte has 30 seconds left.\n|inactive|zexzyte has 20 seconds left.\n|\n|t:|1700234663\n|switch|p1b: Landorus|Landorus-Therian, L50, M|100\/100\n|-ability|p1b: Landorus|Intimidate|boost\n|-fail|p2a: Oranguru|unboost|Attack|[from] ability: Inner Focus|[of] p2a: Oranguru\n|-unboost|p2b: Ursaluna|atk|1\n|turn|5\n|\n|t:|1700234677\n|move|p2b: Ursaluna|Hyper Voice|p1a: Iron Hands|[spread] p1a,p1b\n|-damage|p1a: Iron Hands|25\/100\n|-damage|p1b: Landorus|34\/100\n|-damage|p2b: Ursaluna|3\/100|[from] item: Life Orb\n|move|p2a: Oranguru|Instruct|p2b: Ursaluna\n|-singleturn|p2b: Ursaluna|move: Instruct|[of] p2a: Oranguru\n|move|p2b: Ursaluna|Hyper Voice|p1b: Landorus|[spread] p1a,p1b\n|-damage|p1a: Iron Hands|0 fnt\n|-damage|p1b: Landorus|0 fnt\n|faint|p1a: Iron Hands\n|-end|p1a: Iron Hands|Quark Drive|[silent]\n|faint|p1b: Landorus\n|-damage|p2b: Ursaluna|0 fnt|[from] item: Life Orb\n|faint|p2b: Ursaluna\n|\n|win|Sleeping Demons\n|raw|zexzyte's rating: 1127 &rarr; <strong>1105<\/strong><br \/>(-22 for losing)\n|raw|Sleeping Demons's rating: 1173 &rarr; <strong>1195<\/strong><br \/>(+22 for winning)\n|l|\u2606zexzyte\n","uploadtime":1700234694,"views":16,"p1id":"zexzyte","p2id":"sleepingdemons","formatid":"gen9vgc2023regulatione","rating":1105,"private":0,"password":""}