{"id":"gen9vgc2023regulatione-1995717602","p1":"Turdlauncher666","p2":"secretstudent","format":"[Gen 9] VGC 2023 Regulation E","log":"|j|\u2606Turdlauncher666\n|j|\u2606secretstudent\n|t:|1700596657\n|gametype|doubles\n|player|p1|Turdlauncher666|drayden|1061\n|player|p2|secretstudent|beauty|1103\n|teamsize|p1|6\n|teamsize|p2|6\n|gen|9\n|tier|[Gen 9] VGC 2023 Regulation E\n|rated|\n|rule|Species Clause: Limit one of each Pok\u00e9mon\n|rule|Item Clause: Limit one of each item\n|clearpoke\n|poke|p1|Indeedee-F, L50, F|\n|poke|p1|Armarouge, L50, M|\n|poke|p1|Hatterene, L50, F|\n|poke|p1|Ursaluna, L50, M|\n|poke|p1|Urshifu-*, L50, F|\n|poke|p1|Torkoal, L50, F|\n|poke|p2|Chien-Pao, L50|\n|poke|p2|Amoonguss, L50, M|\n|poke|p2|Hatterene, L50, F|\n|poke|p2|Gyarados, L50, F|\n|poke|p2|Volcarona, L50, M|\n|poke|p2|Ogerpon, L50, F|\n|teampreview|4\n|\n|t:|1700596701\n|start\n|switch|p1a: Armarouge|Armarouge, L50, M|100\/100\n|switch|p1b: Indeedee|Indeedee-F, L50, F|100\/100\n|switch|p2a: Volcarona|Volcarona, L50, M|100\/100\n|switch|p2b: Gyarados|Gyarados, L50, F|100\/100\n|-ability|p2b: Gyarados|Intimidate|boost\n|-unboost|p1a: Armarouge|atk|1\n|-unboost|p1b: Indeedee|atk|1\n|-fieldstart|move: Psychic Terrain|[from] ability: Psychic Surge|[of] p1b: Indeedee\n|-enditem|p1b: Indeedee|Psychic Seed\n|-boost|p1b: Indeedee|spd|1|[from] item: Psychic Seed\n|turn|1\n|\n|t:|1700596734\n|move|p1b: Indeedee|Follow Me|p1b: Indeedee\n|-singleturn|p1b: Indeedee|move: Follow Me\n|move|p2b: Gyarados|Waterfall|p1b: Indeedee\n|-damage|p1b: Indeedee|61\/100\n|move|p2a: Volcarona|Quiver Dance|p2a: Volcarona\n|-boost|p2a: Volcarona|spa|1\n|-boost|p2a: Volcarona|spd|1\n|-boost|p2a: Volcarona|spe|1\n|move|p1a: Armarouge|Trick Room|p1a: Armarouge\n|-fieldstart|move: Trick Room|[of] p1a: Armarouge\n|\n|upkeep\n|turn|2\n|\n|t:|1700596772\n|move|p1b: Indeedee|Helping Hand|p1a: Armarouge\n|-singleturn|p1a: Armarouge|Helping Hand|[of] p1b: Indeedee\n|move|p2b: Gyarados|Protect|p2b: Gyarados\n|-singleturn|p2b: Gyarados|Protect\n|move|p1a: Armarouge|Expanding Force|p2a: Volcarona|[spread] p2a\n|-activate|p2b: Gyarados|move: Protect\n|-damage|p2a: Volcarona|25\/100\n|move|p2a: Volcarona|Quiver Dance|p2a: Volcarona\n|-boost|p2a: Volcarona|spa|1\n|-boost|p2a: Volcarona|spd|1\n|-boost|p2a: Volcarona|spe|1\n|\n|-heal|p2a: Volcarona|32\/100|[from] item: Leftovers\n|upkeep\n|turn|3\n|\n|t:|1700596790\n|move|p1a: Armarouge|Expanding Force|p2b: Gyarados|[spread] p2a,p2b\n|-damage|p2a: Volcarona|0 fnt\n|-damage|p2b: Gyarados|15\/100\n|-enditem|p2b: Gyarados|Sitrus Berry|[eat]\n|-heal|p2b: Gyarados|39\/100|[from] item: Sitrus Berry\n|faint|p2a: Volcarona\n|move|p1b: Indeedee|Dazzling Gleam|p2b: Gyarados\n|-damage|p2b: Gyarados|19\/100\n|move|p2b: Gyarados|Taunt|p1b: Indeedee\n|-start|p1b: Indeedee|move: Taunt\n|\n|upkeep\n|\n|t:|1700596806\n|switch|p2a: Amoonguss|Amoonguss, L50, M|100\/100\n|turn|4\n|\n|t:|1700596817\n|move|p2b: Gyarados|Protect|p2b: Gyarados\n|-singleturn|p2b: Gyarados|Protect\n|move|p2a: Amoonguss|Spore|p1a: Armarouge\n|-status|p1a: Armarouge|slp|[from] move: Spore\n|cant|p1a: Armarouge|slp\n|move|p1b: Indeedee|Dazzling Gleam|p2a: Amoonguss|[spread] p2a\n|-activate|p2b: Gyarados|move: Protect\n|-resisted|p2a: Amoonguss\n|-damage|p2a: Amoonguss|95\/100\n|\n|upkeep\n|turn|5\n|\n|t:|1700596845\n|switch|p1b: Torkoal|Torkoal, L50, F|100\/100\n|-weather|SunnyDay|[from] ability: Drought|[of] p1b: Torkoal\n|move|p2a: Amoonguss|Pollen Puff|p2b: Gyarados\n|-heal|p2b: Gyarados|69\/100\n|cant|p1a: Armarouge|slp\n|move|p2b: Gyarados|Waterfall|p1a: Armarouge\n|-supereffective|p1a: Armarouge\n|-damage|p1a: Armarouge|63\/100 slp\n|\n|-weather|SunnyDay|[upkeep]\n|-fieldend|move: Trick Room\n|-fieldend|move: Psychic Terrain\n|upkeep\n|turn|6\n|\n|t:|1700596871\n|move|p2a: Amoonguss|Protect|p2a: Amoonguss\n|-singleturn|p2a: Amoonguss|Protect\n|move|p1b: Torkoal|Protect|p1b: Torkoal\n|-singleturn|p1b: Torkoal|Protect\n|move|p2b: Gyarados|Taunt|p1a: Armarouge\n|-start|p1a: Armarouge|move: Taunt\n|-curestatus|p1a: Armarouge|slp|[msg]\n|move|p1a: Armarouge|Expanding Force|p2a: Amoonguss\n|-activate|p2a: Amoonguss|move: Protect\n|\n|-weather|SunnyDay|[upkeep]\n|upkeep\n|turn|7\n|\n|t:|1700596935\n|switch|p1b: Indeedee|Indeedee-F, L50, F|61\/100\n|-fieldstart|move: Psychic Terrain|[from] ability: Psychic Surge|[of] p1b: Indeedee\n|-terastallize|p2a: Amoonguss|Water\n|move|p2b: Gyarados|Thunder Wave|p1b: Indeedee\n|-status|p1b: Indeedee|par\n|move|p1a: Armarouge|Expanding Force|p2a: Amoonguss|[spread] p2a,p2b\n|-crit|p2b: Gyarados\n|-damage|p2a: Amoonguss|28\/100\n|-damage|p2b: Gyarados|0 fnt\n|faint|p2b: Gyarados\n|move|p2a: Amoonguss|Spore|p1a: Armarouge\n|-status|p1a: Armarouge|slp|[from] move: Spore\n|\n|-weather|SunnyDay|[upkeep]\n|upkeep\n|\n|t:|1700596946\n|switch|p2b: Chien-Pao|Chien-Pao, L50|100\/100\n|-ability|p2b: Chien-Pao|Sword of Ruin\n|turn|8\n|\n|t:|1700596972\n|move|p2a: Amoonguss|Protect|p2a: Amoonguss\n|-singleturn|p2a: Amoonguss|Protect\n|move|p2b: Chien-Pao|Icicle Crash|p1a: Armarouge\n|-resisted|p1a: Armarouge\n|-damage|p1a: Armarouge|32\/100 slp\n|cant|p1a: Armarouge|slp\n|move|p1b: Indeedee|Trick Room|p1b: Indeedee\n|-fieldstart|move: Trick Room|[of] p1b: Indeedee\n|\n|-weather|SunnyDay|[upkeep]\n|-end|p1a: Armarouge|move: Taunt\n|upkeep\n|turn|9\n|\n|t:|1700596993\n|cant|p1b: Indeedee|par\n|move|p2a: Amoonguss|Pollen Puff|p1b: Indeedee\n|-supereffective|p1b: Indeedee\n|-damage|p1b: Indeedee|27\/100 par\n|cant|p1a: Armarouge|slp\n|move|p2b: Chien-Pao|Icicle Crash|p1b: Indeedee\n|-damage|p1b: Indeedee|0 fnt\n|faint|p1b: Indeedee\n|\n|-weather|none\n|upkeep\n|\n|t:|1700597007\n|switch|p1b: Torkoal|Torkoal, L50, F|100\/100\n|-weather|SunnyDay|[from] ability: Drought|[of] p1b: Torkoal\n|turn|10\n|\n|t:|1700597031\n|move|p2a: Amoonguss|Protect|p2a: Amoonguss\n|-singleturn|p2a: Amoonguss|Protect\n|move|p1b: Torkoal|Heat Wave|p2a: Amoonguss|[spread] p2b\n|-activate|p2a: Amoonguss|move: Protect\n|-supereffective|p2b: Chien-Pao\n|-enditem|p2b: Chien-Pao|Focus Sash\n|-damage|p2b: Chien-Pao|1\/100\n|-curestatus|p1a: Armarouge|slp|[msg]\n|move|p1a: Armarouge|Expanding Force|p2b: Chien-Pao|[spread] \n|-activate|p2a: Amoonguss|move: Protect\n|-immune|p2b: Chien-Pao\n|move|p2b: Chien-Pao|Sacred Sword|p1b: Torkoal\n|-damage|p1b: Torkoal|67\/100\n|\n|-weather|SunnyDay|[upkeep]\n|upkeep\n|turn|11\n|\n|t:|1700597046\n|move|p2a: Amoonguss|Protect||[still]\n|-fail|p2a: Amoonguss\n|move|p2b: Chien-Pao|Protect|p2b: Chien-Pao\n|-singleturn|p2b: Chien-Pao|Protect\n|move|p1b: Torkoal|Heat Wave|p2b: Chien-Pao|[spread] p2a\n|-activate|p2b: Chien-Pao|move: Protect\n|-resisted|p2a: Amoonguss\n|-damage|p2a: Amoonguss|1\/100\n|-enditem|p2a: Amoonguss|Iapapa Berry|[eat]\n|-heal|p2a: Amoonguss|35\/100|[from] item: Iapapa Berry\n|move|p1a: Armarouge|Expanding Force|p2a: Amoonguss|[spread] p2a\n|-activate|p2b: Chien-Pao|move: Protect\n|-damage|p2a: Amoonguss|0 fnt\n|faint|p2a: Amoonguss\n|\n|-weather|SunnyDay|[upkeep]\n|-fieldend|move: Psychic Terrain\n|upkeep\n|turn|12\n|c|\u2606secretstudent|gg wp\n|-message|secretstudent forfeited.\n|\n|win|Turdlauncher666\n|raw|Turdlauncher666's rating: 1061 &rarr; <strong>1096<\/strong><br \/>(+35 for winning)\n|raw|secretstudent's rating: 1103 &rarr; <strong>1075<\/strong><br \/>(-28 for losing)\n","uploadtime":1700597064,"views":0,"p1id":"turdlauncher666","p2id":"secretstudent","formatid":"gen9vgc2023regulatione","rating":1075,"private":0,"password":""}