{"id":"gen9vgc2023regulatione-1988658528","p1":"PSmonteiro","p2":"Rebornsan93","format":"[Gen 9] VGC 2023 Regulation E","log":"|j|\u2606PSmonteiro\n|j|\u2606Rebornsan93\n|n|\u2606PSmonteiro|psmonteiro\n|n|\u2606Rebornsan93|rebornsan93\n|html|View the match progress at <a href=\"\/game-bestof3-gen9vgc2023regulatione-1988658527\">game-bestof3-gen9vgc2023regulatione-1988658527<\/a>\n|t:|1699747204\n|gametype|doubles\n|player|p1|PSmonteiro|drayden|\n|player|p2|Rebornsan93|koga|\n|teamsize|p1|6\n|teamsize|p2|6\n|gen|9\n|tier|[Gen 9] VGC 2023 Regulation E\n|rule|Species Clause: Limit one of each Pok\u00e9mon\n|rule|Item Clause: Limit one of each item\n|clearpoke\n|poke|p1|Indeedee-F, L50, F|\n|poke|p1|Armarouge, L50, M|\n|poke|p1|Ursaluna, L50, F|\n|poke|p1|Glastrier, L50|\n|poke|p1|Kingambit, L50, M|\n|poke|p1|Sinistcha-Masterpiece, L50|\n|poke|p2|Iron Bundle, L50|\n|poke|p2|Arcanine-Hisui, L50, M|\n|poke|p2|Tyranitar, L50, F|\n|poke|p2|Kommo-o, L50, F|\n|poke|p2|Rillaboom, L50, F|\n|poke|p2|Flutter Mane, L50|\n|teampreview|4\nPSmonteiro has agreed to open team sheets.\n|j| Leon1das\nRebornsan93 has agreed to open team sheets.\n|showteam|p1|Indeedee-F||Leftovers|PsychicSurge|TrickRoom,Psychic,FollowMe,HealPulse|||F|||50|,,,,,Steel]Armarouge||TwistedSpoon|FlashFire|AllySwitch,ExpandingForce,ArmorCannon,WideGuard|||M|||50|,,,,,Psychic]Ursaluna||FlameOrb|Guts|Protect,Facade,HeadlongRush,ShadowClaw|||F|||50|,,,,,Ghost]Glastrier||AssaultVest|ChillingNeigh|Avalanche,TeraBlast,StompingTantrum,CloseCombat||||||50|,,,,,Water]Kingambit||LifeOrb|Defiant|Protect,KowtowCleave,IronHead,SuckerPunch|||M|||50|,,,,,Dark]Sinistcha-Masterpiece||RedCard|Hospitality|TrickRoom,Scald,MatchaGotcha,StrengthSap||||||50|,,,,,Grass\n|showteam|p2|Iron Bundle||BoosterEnergy|QuarkDrive|HydroPump,Protect,IcyWind,FreezeDry||||||50|,,,,,Ghost]Arcanine-Hisui||SitrusBerry|Intimidate|FlareBlitz,RockSlide,WillOWisp,Howl|||M|||50|,,,,,Water]Tyranitar||AssaultVest|SandStream|KnockOff,LowKick,RockSlide,TeraBlast|||F|||50|,,,,,Psychic]Kommo-o||Leftovers|Bulletproof|IronHead,IronDefense,Protect,BodyPress|||F|||50|,,,,,Steel]Rillaboom||MiracleSeed|GrassySurge|WoodHammer,FakeOut,Taunt,GrassyGlide|||F|||50|,,,,,Grass]Flutter Mane||ChoiceSpecs|Protosynthesis|DazzlingGleam,Psyshock,ShadowBall,Moonblast||||||50|,,,,,Fairy\n|c|\u2606Rebornsan93|na\n|c|\u2606Rebornsan93|kra\n|c|\u2606Rebornsan93|nao\n|j| ShimeNaruka\n|c| ShimeNaruka|podem ir\n|\n|t:|1699747305\n|start\n|switch|p1a: Indeedee|Indeedee-F, L50, F|100\/100\n|switch|p1b: Armarouge|Armarouge, L50, M|100\/100\n|switch|p2a: Arcanine|Arcanine-Hisui, L50, M|100\/100\n|switch|p2b: Rillaboom|Rillaboom, L50, F|100\/100\n|-ability|p2a: Arcanine|Intimidate|boost\n|-unboost|p1a: Indeedee|atk|1\n|-unboost|p1b: Armarouge|atk|1\n|-fieldstart|move: Grassy Terrain|[from] ability: Grassy Surge|[of] p2b: Rillaboom\n|-fieldstart|move: Psychic Terrain|[from] ability: Psychic Surge|[of] p1a: Indeedee\n|turn|1\n|\n|t:|1699747363\n|switch|p2b: Tyranitar|Tyranitar, L50, F|100\/100\n|-weather|Sandstorm|[from] ability: Sand Stream|[of] p2b: Tyranitar\n|-terastallize|p1b: Armarouge|Psychic\n|move|p1a: Indeedee|Follow Me|p1a: Indeedee\n|-singleturn|p1a: Indeedee|move: Follow Me\n|move|p2a: Arcanine|Rock Slide|p1b: Armarouge|[spread] \n|-miss|p2a: Arcanine|p1a: Indeedee\n|-miss|p2a: Arcanine|p1b: Armarouge\n|move|p1b: Armarouge|Expanding Force|p2a: Arcanine|[spread] p2a\n|-immune|p2b: Tyranitar\n|-damage|p2a: Arcanine|18\/100\n|-enditem|p2a: Arcanine|Sitrus Berry|[eat]\n|-heal|p2a: Arcanine|43\/100|[from] item: Sitrus Berry\n|\n|-weather|Sandstorm|[upkeep]\n|-damage|p1a: Indeedee|94\/100|[from] Sandstorm\n|-damage|p1b: Armarouge|95\/100|[from] Sandstorm\n|-heal|p1a: Indeedee|100\/100|[from] item: Leftovers\n|upkeep\n|turn|2\n|j| lucasarreguy\n|\n|t:|1699747414\n|move|p1a: Indeedee|Follow Me|p1a: Indeedee\n|-singleturn|p1a: Indeedee|move: Follow Me\n|move|p2a: Arcanine|Rock Slide|p1b: Armarouge|[spread] p1a,p1b\n|-damage|p1a: Indeedee|59\/100\n|-damage|p1b: Armarouge|72\/100\n|move|p1b: Armarouge|Expanding Force|p2a: Arcanine|[spread] p2a\n|-immune|p2b: Tyranitar\n|-damage|p2a: Arcanine|0 fnt\n|faint|p2a: Arcanine\n|move|p2b: Tyranitar|Low Kick|p1a: Indeedee\n|-damage|p1a: Indeedee|29\/100\n|\n|-weather|Sandstorm|[upkeep]\n|-damage|p1a: Indeedee|23\/100|[from] Sandstorm\n|-damage|p1b: Armarouge|66\/100|[from] Sandstorm\n|-heal|p1a: Indeedee|29\/100|[from] item: Leftovers\n|upkeep\n|\n|t:|1699747430\n|switch|p2a: Iron Bundle|Iron Bundle, L50|100\/100\n|-enditem|p2a: Iron Bundle|Booster Energy\n|-activate|p2a: Iron Bundle|ability: Quark Drive|[fromitem]\n|-start|p2a: Iron Bundle|quarkdrivespa\n|turn|3\n|\n|t:|1699747460\n|move|p1a: Indeedee|Follow Me|p1a: Indeedee\n|-singleturn|p1a: Indeedee|move: Follow Me\n|move|p2a: Iron Bundle|Freeze-Dry|p1a: Indeedee\n|-damage|p1a: Indeedee|0 fnt\n|faint|p1a: Indeedee\n|move|p1b: Armarouge|Expanding Force|p2b: Tyranitar|[spread] p2a\n|-immune|p2b: Tyranitar\n|-damage|p2a: Iron Bundle|0 fnt\n|faint|p2a: Iron Bundle\n|-end|p2a: Iron Bundle|Quark Drive|[silent]\n|move|p2b: Tyranitar|Knock Off|p1b: Armarouge\n|-supereffective|p1b: Armarouge\n|-damage|p1b: Armarouge|0 fnt\n|-enditem|p1b: Armarouge|Twisted Spoon|[from] move: Knock Off|[of] p2b: Tyranitar\n|faint|p1b: Armarouge\n|\n|-weather|Sandstorm|[upkeep]\n|upkeep\n|c|\u2606Rebornsan93|x2 no rio\n|\n|t:|1699747481\n|switch|p2a: Rillaboom|Rillaboom, L50, F|100\/100\n|switch|p1a: Ursaluna|Ursaluna, L50, F|100\/100\n|switch|p1b: Kingambit|Kingambit, L50, M|100\/100\n|-fieldstart|move: Grassy Terrain|[from] ability: Grassy Surge|[of] p2a: Rillaboom\n|turn|4\n|\n|t:|1699747513\n|move|p1a: Ursaluna|Protect|p1a: Ursaluna\n|-singleturn|p1a: Ursaluna|Protect\n|move|p2a: Rillaboom|Fake Out|p1a: Ursaluna\n|-activate|p1a: Ursaluna|move: Protect\n|move|p2b: Tyranitar|Low Kick|p1b: Kingambit\n|-supereffective|p1b: Kingambit\n|-damage|p1b: Kingambit|0 fnt\n|faint|p1b: Kingambit\n|\n|-weather|Sandstorm|[upkeep]\n|-damage|p2a: Rillaboom|95\/100|[from] Sandstorm\n|-heal|p2a: Rillaboom|100\/100|[from] Grassy Terrain\n|-status|p1a: Ursaluna|brn|[from] item: Flame Orb\n|upkeep\n|turn|5\n|\n|t:|1699747532\n|move|p2a: Rillaboom|Grassy Glide|p1a: Ursaluna\n|-supereffective|p1a: Ursaluna\n|-crit|p1a: Ursaluna\n|-damage|p1a: Ursaluna|4\/100 brn\n|move|p2b: Tyranitar|Knock Off|p1a: Ursaluna\n|-damage|p1a: Ursaluna|0 fnt\n|-enditem|p1a: Ursaluna|Flame Orb|[from] move: Knock Off|[of] p2b: Tyranitar\n|faint|p1a: Ursaluna\n|\n|win|Rebornsan93\n|c|&|\/uhtml prompt-rebornsan93,Rebornsan93 is ready for game 2!\n|inactive|PSmonteiro has 50 seconds to confirm battle start!\n|c|&|\/uhtml prompt-psmonteiro,PSmonteiro is ready for game 2!\nBoth players are ready! Starting next match!\n","uploadtime":1699747594,"views":15,"p1id":"psmonteiro","p2id":"rebornsan93","formatid":"gen9vgc2023regulatione","rating":0,"private":0,"password":""}