{"id":"gen9vgc2023regulatione-1989414135","p1":"skyingheaven","p2":"AWOLxSick","format":"[Gen 9] VGC 2023 Regulation E","log":"|j|\u2606skyingheaven\n|j|\u2606AWOLxSick\n|t:|1699847150\n|gametype|doubles\n|player|p1|skyingheaven|102|1407\n|player|p2|AWOLxSick|darach-caitlin|1490\n|teamsize|p1|6\n|teamsize|p2|6\n|gen|9\n|tier|[Gen 9] VGC 2023 Regulation E\n|rated|\n|rule|Species Clause: Limit one of each Pok\u00e9mon\n|rule|Item Clause: Limit one of each item\n|clearpoke\n|poke|p1|Chi-Yu, L50|\n|poke|p1|Iron Bundle, L50|\n|poke|p1|Ogerpon-Cornerstone, L50, F|\n|poke|p1|Landorus-Therian, L50, M|\n|poke|p1|Slowking, L50, M|\n|poke|p1|Clefairy, L50, F|\n|poke|p2|Sinistcha, L50|\n|poke|p2|Moltres-Galar, L50|\n|poke|p2|Arcanine-Hisui, L50, F|\n|poke|p2|Milotic, L50, F|\n|poke|p2|Munkidori, L50, M|\n|poke|p2|Iron Hands, L50|\n|teampreview|4\n|j| PcistaMasterRace\n|\n|t:|1699847199\n|start\n|switch|p1a: Slowking|Slowking, L50, M|100\/100\n|switch|p1b: Iron Bundle|Iron Bundle, L50|100\/100\n|switch|p2a: Munkidori|Munkidori, L50, M|100\/100\n|switch|p2b: Arcanine|Arcanine-Hisui, L50, F|100\/100\n|-item|p1a: Slowking|Covert Cloak|[from] ability: Frisk|[of] p2a: Munkidori|[identify]\n|-item|p1b: Iron Bundle|Focus Sash|[from] ability: Frisk|[of] p2a: Munkidori|[identify]\n|-ability|p2b: Arcanine|Intimidate|boost\n|-unboost|p1a: Slowking|atk|1\n|-unboost|p1b: Iron Bundle|atk|1\n|turn|1\n|\n|t:|1699847242\n|move|p1b: Iron Bundle|Protect|p1b: Iron Bundle\n|-singleturn|p1b: Iron Bundle|Protect\n|move|p2a: Munkidori|Fake Out|p1b: Iron Bundle\n|-activate|p1b: Iron Bundle|move: Protect\n|move|p2b: Arcanine|Rock Slide|p1b: Iron Bundle|[spread] p1a\n|-activate|p1b: Iron Bundle|move: Protect\n|-damage|p1a: Slowking|51\/100\n|move|p1a: Slowking|Chilly Reception|p1a: Slowking\n|-weather|Snow\n|\n|t:|1699847252\n|switch|p1a: Landorus|Landorus-Therian, L50, M|100\/100|[from] Chilly Reception\n|-ability|p1a: Landorus|Intimidate|boost\n|-unboost|p2a: Munkidori|atk|1\n|-unboost|p2b: Arcanine|atk|1\n|\n|-weather|Snow|[upkeep]\n|upkeep\n|turn|2\n|\n|t:|1699847279\n|switch|p2b: Milotic|Milotic, L50, F|100\/100\n|-terastallize|p1b: Iron Bundle|Water\n|move|p1a: Landorus|Stomping Tantrum|p2a: Munkidori\n|-supereffective|p2a: Munkidori\n|-enditem|p2a: Munkidori|Focus Sash\n|-damage|p2a: Munkidori|1\/100\n|move|p1b: Iron Bundle|Tera Blast|p2b: Milotic|[anim] Tera Blast Water\n|-resisted|p2b: Milotic\n|-damage|p2b: Milotic|78\/100\n|move|p2a: Munkidori|Parting Shot|p1a: Landorus\n|-unboost|p1a: Landorus|atk|1\n|-unboost|p1a: Landorus|spa|1\n|\n|t:|1699847298\n|switch|p2a: Arcanine|Arcanine-Hisui, L50, F|100\/100|[from] Parting Shot\n|-ability|p2a: Arcanine|Intimidate|boost\n|-unboost|p1a: Landorus|atk|1\n|-unboost|p1b: Iron Bundle|atk|1\n|\n|-weather|Snow|[upkeep]\n|upkeep\n|turn|3\n|\n|t:|1699847339\n|-end|p1b: Iron Bundle|Quark Drive|[silent]\n|switch|p1b: Slowking|Slowking, L50, M|84\/100\n|-terastallize|p2a: Arcanine|Fairy\n|move|p1a: Landorus|Stomping Tantrum|p2a: Arcanine\n|-damage|p2a: Arcanine|74\/100\n|move|p2b: Milotic|Icy Wind|p1b: Slowking|[spread] p1a,p1b\n|-supereffective|p1a: Landorus\n|-resisted|p1b: Slowking\n|-damage|p1a: Landorus|49\/100\n|-damage|p1b: Slowking|81\/100\n|-unboost|p1a: Landorus|spe|1\n|move|p2a: Arcanine|Tera Blast|p1a: Landorus|[anim] Tera Blast Fairy\n|-damage|p1a: Landorus|0 fnt\n|faint|p1a: Landorus\n|\n|-weather|Snow|[upkeep]\n|upkeep\n|\n|t:|1699847353\n|switch|p1a: Chi-Yu|Chi-Yu, L50|100\/100\n|-ability|p1a: Chi-Yu|Beads of Ruin\n|turn|4\n|\n|t:|1699847378\n|move|p1a: Chi-Yu|Protect|p1a: Chi-Yu\n|-singleturn|p1a: Chi-Yu|Protect\n|move|p2b: Milotic|Hypnosis|p1b: Slowking\n|-status|p1b: Slowking|slp|[from] move: Hypnosis\n|move|p2a: Arcanine|Tera Blast|p1a: Chi-Yu|[anim] Tera Blast Fairy\n|-activate|p1a: Chi-Yu|move: Protect\n|cant|p1b: Slowking|slp\n|\n|-weather|Snow|[upkeep]\n|upkeep\n|turn|5\n|\n|t:|1699847393\n|move|p1a: Chi-Yu|Flamethrower|p2a: Arcanine\n|-damage|p2a: Arcanine|0 fnt\n|faint|p2a: Arcanine\n|move|p2b: Milotic|Icy Wind|p1a: Chi-Yu|[spread] p1a,p1b\n|-resisted|p1a: Chi-Yu\n|-resisted|p1b: Slowking\n|-damage|p1a: Chi-Yu|94\/100\n|-damage|p1b: Slowking|76\/100 slp\n|-unboost|p1a: Chi-Yu|spe|1\n|cant|p1b: Slowking|slp\n|\n|-weather|none\n|upkeep\n|\n|t:|1699847411\n|switch|p2a: Moltres|Moltres-Galar, L50|100\/100\n|turn|6\n|\n|t:|1699847426\n|switch|p1b: Iron Bundle|Iron Bundle, L50, tera:Water|100\/100\n|move|p2b: Milotic|Scald|p1a: Chi-Yu\n|-supereffective|p1a: Chi-Yu\n|-damage|p1a: Chi-Yu|25\/100\n|move|p2a: Moltres|Nasty Plot|p2a: Moltres\n|-boost|p2a: Moltres|spa|2\n|move|p1a: Chi-Yu|Flamethrower|p2a: Moltres\n|-damage|p2a: Moltres|42\/100\n|-ability|p2a: Moltres|Berserk|boost\n|-boost|p2a: Moltres|spa|1\n|-enditem|p2a: Moltres|Sitrus Berry|[eat]\n|-heal|p2a: Moltres|67\/100|[from] item: Sitrus Berry\n|\n|upkeep\n|turn|7\n|\n|t:|1699847464\n|switch|p1a: Slowking|Slowking, L50, M|100\/100 slp\n|move|p1b: Iron Bundle|Protect|p1b: Iron Bundle\n|-singleturn|p1b: Iron Bundle|Protect\n|move|p2a: Moltres|Protect|p2a: Moltres\n|-singleturn|p2a: Moltres|Protect\n|move|p2b: Milotic|Icy Wind|p1a: Slowking|[spread] p1a\n|-activate|p1b: Iron Bundle|move: Protect\n|-resisted|p1a: Slowking\n|-damage|p1a: Slowking|97\/100 slp\n|\n|upkeep\n|turn|8\n|\n|t:|1699847500\n|switch|p1a: Chi-Yu|Chi-Yu, L50|25\/100\n|-ability|p1a: Chi-Yu|Beads of Ruin\n|move|p1b: Iron Bundle|Freeze-Dry|p2a: Moltres\n|-supereffective|p2a: Moltres\n|-damage|p2a: Moltres|0 fnt\n|faint|p2a: Moltres\n|move|p2b: Milotic|Icy Wind|p1a: Chi-Yu|[spread] p1a,p1b\n|-resisted|p1a: Chi-Yu\n|-resisted|p1b: Iron Bundle\n|-damage|p1a: Chi-Yu|18\/100\n|-damage|p1b: Iron Bundle|88\/100\n|-unboost|p1a: Chi-Yu|spe|1\n|-unboost|p1b: Iron Bundle|spe|1\n|\n|upkeep\n|\n|t:|1699847514\n|switch|p2a: Munkidori|Munkidori, L50, M|1\/100\n|-item|p1a: Chi-Yu|Charcoal|[from] ability: Frisk|[of] p2a: Munkidori|[identify]\n|-item|p1b: Iron Bundle|Focus Sash|[from] ability: Frisk|[of] p2a: Munkidori|[identify]\n|turn|9\n|\n|t:|1699847547\n|switch|p1a: Slowking|Slowking, L50, M|100\/100 slp\n|move|p1b: Iron Bundle|Protect|p1b: Iron Bundle\n|-singleturn|p1b: Iron Bundle|Protect\n|move|p2a: Munkidori|Sludge Bomb|p1b: Iron Bundle\n|-activate|p1b: Iron Bundle|move: Protect\n|move|p2b: Milotic|Scald|p1a: Slowking\n|-resisted|p1a: Slowking\n|-damage|p1a: Slowking|92\/100 slp\n|\n|upkeep\n|turn|10\n|\n|t:|1699847575\n|-end|p1b: Iron Bundle|Quark Drive|[silent]\n|switch|p1b: Chi-Yu|Chi-Yu, L50|18\/100\n|-ability|p1b: Chi-Yu|Beads of Ruin\n|move|p2a: Munkidori|Sludge Bomb|p1b: Chi-Yu\n|-damage|p1b: Chi-Yu|0 fnt\n|faint|p1b: Chi-Yu\n|move|p2b: Milotic|Icy Wind|p1a: Slowking\n|-resisted|p1a: Slowking\n|-damage|p1a: Slowking|87\/100 slp\n|-curestatus|p1a: Slowking|slp|[msg]\n|move|p1a: Slowking|Flamethrower|p2a: Munkidori\n|-damage|p2a: Munkidori|0 fnt\n|faint|p2a: Munkidori\n|\n|upkeep\n|\n|t:|1699847584\n|switch|p1b: Iron Bundle|Iron Bundle, L50, tera:Water|88\/100\n|turn|11\n|\n|t:|1699847597\n|move|p1b: Iron Bundle|Freeze-Dry|p2b: Milotic\n|-supereffective|p2b: Milotic\n|-damage|p2b: Milotic|26\/100\n|move|p2b: Milotic|Hypnosis|p1b: Iron Bundle\n|-status|p1b: Iron Bundle|slp|[from] move: Hypnosis\n|move|p1a: Slowking|Yawn|p2b: Milotic\n|-start|p2b: Milotic|move: Yawn|[of] p1a: Slowking\n|\n|upkeep\n|turn|12\n|\n|t:|1699847621\n|cant|p1b: Iron Bundle|slp\n|move|p2b: Milotic|Scald|p2: Munkidori|[notarget]\n|-fail|p2b: Milotic\n|move|p1a: Slowking|Flamethrower|p2b: Milotic\n|-resisted|p2b: Milotic\n|-damage|p2b: Milotic|18\/100\n|\n|-end|p2b: Milotic|move: Yawn|[silent]\n|-status|p2b: Milotic|slp\n|upkeep\n|turn|13\n|\n|t:|1699847632\n|-curestatus|p1b: Iron Bundle|slp|[msg]\n|move|p1b: Iron Bundle|Tera Blast|p2b: Milotic|[anim] Tera Blast Water\n|-resisted|p2b: Milotic\n|-damage|p2b: Milotic|0 fnt\n|faint|p2b: Milotic\n|\n|win|skyingheaven\n|raw|skyingheaven's rating: 1407 &rarr; <strong>1432<\/strong><br \/>(+25 for winning)\n|raw|AWOLxSick's rating: 1490 &rarr; <strong>1465<\/strong><br \/>(-25 for losing)\n|l|\u2606AWOLxSick\n|c|\u2606skyingheaven|Gg\n","uploadtime":1699847663,"views":17,"p1id":"skyingheaven","p2id":"awolxsick","formatid":"gen9vgc2023regulatione","rating":1432,"private":0,"password":""}