{"id":"gen9vgc2023regulatione-1997438459","p1":"Zeus_Swerve","p2":"ye979166426","format":"[Gen 9] VGC 2023 Regulation E","log":"|j|\u2606Zeus_Swerve\n|j|\u2606ye979166426\n|t:|1700805250\n|gametype|doubles\n|player|p1|Zeus_Swerve|1|1047\n|player|p2|ye979166426|giovanni|1047\n|teamsize|p1|6\n|teamsize|p2|6\n|gen|9\n|tier|[Gen 9] VGC 2023 Regulation E\n|rated|\n|rule|Species Clause: Limit one of each Pok\u00e9mon\n|rule|Item Clause: Limit one of each item\n|clearpoke\n|poke|p1|Iron Valiant, L50|\n|poke|p1|Okidogi, L50, M|\n|poke|p1|Tinkaton, L50, F|\n|poke|p1|Tatsugiri, L50, M|\n|poke|p1|Dondozo, L50, M|\n|poke|p1|Glimmora, L50, F|\n|poke|p2|Landorus-Therian, L50, M|\n|poke|p2|Dragapult, L50, M|\n|poke|p2|Regieleki, L50|\n|poke|p2|Forretress, L50, M|\n|poke|p2|Tyranitar, L50, M|\n|poke|p2|Garchomp, L50, M|\n|teampreview|4\n|\n|t:|1700805280\n|start\n|switch|p1a: Tatsugiri|Tatsugiri, L50, M|100\/100\n|switch|p1b: Dondozo|Dondozo, L50, M|100\/100\n|switch|p2a: Dragapult|Dragapult, L50, M|100\/100\n|switch|p2b: Regieleki|Regieleki, L50, shiny|100\/100\n|-activate|p1a: Tatsugiri|ability: Commander|[of] p1b: Dondozo\n|-boost|p1b: Dondozo|atk|2\n|-boost|p1b: Dondozo|spa|2\n|-boost|p1b: Dondozo|spe|2\n|-boost|p1b: Dondozo|def|2\n|-boost|p1b: Dondozo|spd|2\n|turn|1\n|inactive|Battle timer is ON: inactive players will automatically lose when time's up. (requested by Zeus_Swerve)\n|\n|t:|1700805305\n|move|p2b: Regieleki|Reflect|p2b: Regieleki\n|-sidestart|p2: ye979166426|Reflect\n|move|p2a: Dragapult|Will-O-Wisp|p1b: Dondozo\n|-status|p1b: Dondozo|brn\n|move|p1b: Dondozo|Order Up|p2a: Dragapult\n|-supereffective|p2a: Dragapult\n|-damage|p2a: Dragapult|63\/100\n|-boost|p1b: Dondozo|atk|1\n|\n|-damage|p1b: Dondozo|94\/100 brn|[from] brn\n|upkeep\n|turn|2\n|inactive|ye979166426 has 30 seconds left.\n|\n|t:|1700805332\n|move|p2b: Regieleki|Volt Switch|p1b: Dondozo\n|-supereffective|p1b: Dondozo\n|-damage|p1b: Dondozo|68\/100 brn\n|\n|t:|1700805335\n|switch|p2b: Landorus|Landorus-Therian, L50, M|100\/100|[from] Volt Switch\n|-ability|p2b: Landorus|Intimidate|boost\n|-unboost|p1a: Tatsugiri|atk|1\n|-unboost|p1b: Dondozo|atk|1\n|move|p2a: Dragapult|Dragon Dance|p2a: Dragapult\n|-boost|p2a: Dragapult|atk|1\n|-boost|p2a: Dragapult|spe|1\n|move|p1b: Dondozo|Order Up|p2a: Dragapult\n|-supereffective|p2a: Dragapult\n|-damage|p2a: Dragapult|27\/100\n|-boost|p1b: Dondozo|atk|1\n|\n|-damage|p1b: Dondozo|62\/100 brn|[from] brn\n|upkeep\n|turn|3\n|inactive|ye979166426 has 30 seconds left.\n|\n|t:|1700805360\n|move|p2a: Dragapult|Substitute|p2a: Dragapult\n|-start|p2a: Dragapult|Substitute\n|-damage|p2a: Dragapult|3\/100\n|-enditem|p2a: Dragapult|Salac Berry|[eat]\n|-boost|p2a: Dragapult|spe|1|[from] item: Salac Berry\n|move|p1b: Dondozo|Wave Crash|p2b: Landorus\n|-supereffective|p2b: Landorus\n|-damage|p2b: Landorus|10\/100\n|-damage|p1b: Dondozo|45\/100 brn|[from] item: Rocky Helmet|[of] p2b: Landorus\n|-enditem|p1b: Dondozo|Sitrus Berry|[eat]\n|-heal|p1b: Dondozo|70\/100 brn|[from] item: Sitrus Berry\n|-damage|p1b: Dondozo|44\/100 brn|[from] Recoil\n|move|p2b: Landorus|U-turn|p1b: Dondozo\n|-damage|p1b: Dondozo|33\/100 brn\n|\n|t:|1700805373\n|switch|p2b: Regieleki|Regieleki, L50, shiny|100\/100|[from] U-turn\n|\n|-damage|p1b: Dondozo|27\/100 brn|[from] brn\n|upkeep\n|turn|4\n|\n|t:|1700805385\n|-terastallize|p1b: Dondozo|Dragon\n|move|p2a: Dragapult|Baton Pass|p2a: Dragapult\n|\n|t:|1700805388\n|switch|p2a: Garchomp|Garchomp, L50, M|100\/100|[from] Baton Pass\n|move|p2b: Regieleki|Volt Switch|p1b: Dondozo\n|-resisted|p1b: Dondozo\n|-crit|p1b: Dondozo\n|-damage|p1b: Dondozo|8\/100 brn\n|\n|t:|1700805399\n|switch|p2b: Dragapult|Dragapult, L50, M|3\/100|[from] Volt Switch\n|move|p1b: Dondozo|Order Up|p2b: Dragapult\n|-supereffective|p2b: Dragapult\n|-damage|p2b: Dragapult|0 fnt\n|faint|p2b: Dragapult\n|-boost|p1b: Dondozo|atk|1\n|\n|-damage|p1b: Dondozo|2\/100 brn|[from] brn\n|upkeep\n|\n|t:|1700805411\n|switch|p2b: Regieleki|Regieleki, L50, shiny|100\/100\n|turn|5\n|\n|t:|1700805429\n|move|p2a: Garchomp|Stomping Tantrum|p1b: Dondozo\n|-damage|p1b: Dondozo|0 fnt\n|faint|p1b: Dondozo\n|move|p2b: Regieleki|Light Screen|p2b: Regieleki\n|-sidestart|p2: ye979166426|move: Light Screen\n|\n|upkeep\n|\n|t:|1700805440\n|switch|p1b: Iron Valiant|Iron Valiant, L50|100\/100\n|-enditem|p1b: Iron Valiant|Booster Energy\n|-activate|p1b: Iron Valiant|ability: Quark Drive|[fromitem]\n|-start|p1b: Iron Valiant|quarkdrivespe\n|turn|6\n|inactive|Zeus_Swerve has 30 seconds left.\n|inactive|ye979166426 has 30 seconds left.\n|\n|t:|1700805467\n|move|p2a: Garchomp|Stomping Tantrum|p1b: Iron Valiant\n|-damage|p1b: Iron Valiant|29\/100\n|move|p2b: Regieleki|Volt Switch|p1b: Iron Valiant\n|-crit|p1b: Iron Valiant\n|-damage|p1b: Iron Valiant|0 fnt\n|faint|p1b: Iron Valiant\n|-end|p1b: Iron Valiant|Quark Drive|[silent]\n|\n|t:|1700805475\n|switch|p2b: Landorus|Landorus-Therian, L50, M|10\/100|[from] Volt Switch\n|-ability|p2b: Landorus|Intimidate|boost\n|-unboost|p1a: Tatsugiri|atk|1\n|move|p1a: Tatsugiri|Counter||[still]\n|-fail|p1a: Tatsugiri\n|\n|upkeep\n|\n|t:|1700805481\n|switch|p1b: Tinkaton|Tinkaton, L50, F|100\/100\n|-ability|p1b: Tinkaton|Mold Breaker\n|turn|7\n|inactive|Zeus_Swerve has 30 seconds left.\n|inactive|ye979166426 has 30 seconds left.\n|\n|t:|1700805512\n|move|p2b: Landorus|Protect|p2b: Landorus\n|-singleturn|p2b: Landorus|Protect\n|move|p2a: Garchomp|Stomping Tantrum|p1b: Tinkaton\n|-supereffective|p1b: Tinkaton\n|-crit|p1b: Tinkaton\n|-damage|p1b: Tinkaton|0 fnt\n|faint|p1b: Tinkaton\n|move|p1a: Tatsugiri|Counter||[still]\n|-fail|p1a: Tatsugiri\n|\n|upkeep\n|turn|8\n|-message|Zeus_Swerve forfeited.\n|\n|win|ye979166426\n|raw|Zeus_Swerve's rating: 1047 &rarr; <strong>1030<\/strong><br \/>(-17 for losing)\n|raw|ye979166426's rating: 1047 &rarr; <strong>1080<\/strong><br \/>(+33 for winning)\n|l|\u2606Zeus_Swerve\n","uploadtime":1700805524,"views":16,"p1id":"zeusswerve","p2id":"ye979166426","formatid":"gen9vgc2023regulatione","rating":1030,"private":0,"password":""}