{"id":"gen9vgc2023regulatione-1992577687","p1":"ShinoTheRhino","p2":"sanlalala","format":"[Gen 9] VGC 2023 Regulation E","log":"|j|\u2606ShinoTheRhino\n|j|\u2606sanlalala\n|t:|1700208955\n|gametype|doubles\n|player|p1|ShinoTheRhino|steven|1132\n|player|p2|sanlalala|102|1076\n|teamsize|p1|6\n|teamsize|p2|6\n|gen|9\n|tier|[Gen 9] VGC 2023 Regulation E\n|rated|\n|rule|Species Clause: Limit one of each Pok\u00e9mon\n|rule|Item Clause: Limit one of each item\n|clearpoke\n|poke|p1|Ursaluna-Bloodmoon, L50, M|\n|poke|p1|Farigiraf, L50, F|\n|poke|p1|Torkoal, L50, F|\n|poke|p1|Urshifu-*, L50, M|\n|poke|p1|Amoonguss, L50, M|\n|poke|p1|Chien-Pao, L50|\n|poke|p2|Gholdengo, L50|\n|poke|p2|Iron Hands, L50|\n|poke|p2|Amoonguss, L50, M|\n|poke|p2|Iron Bundle, L50|\n|poke|p2|Pelipper, L50, F|\n|poke|p2|Salamence, L50, F|\n|teampreview|4\nShinoTheRhino rejected open team sheets.\n|inactive|Battle timer is ON: inactive players will automatically lose when time's up. (requested by ShinoTheRhino)\n|\n|t:|1700209053\n|start\n|switch|p1a: Farigiraf|Farigiraf, L50, F|100\/100\n|switch|p1b: Chien-Pao|Chien-Pao, L50|100\/100\n|switch|p2a: Iron Hands|Iron Hands, L50|100\/100\n|switch|p2b: Amoonguss|Amoonguss, L50, M|100\/100\n|-ability|p1b: Chien-Pao|Sword of Ruin\n|turn|1\n|\n|t:|1700209075\n|move|p2a: Iron Hands|Fake Out||[still]\n|cant|p1a: Farigiraf|ability: Armor Tail|Fake Out|[of] p2a: Iron Hands\n|move|p1b: Chien-Pao|Ice Spinner|p2b: Amoonguss\n|-supereffective|p2b: Amoonguss\n|-damage|p2b: Amoonguss|0 fnt\n|faint|p2b: Amoonguss\n|-damage|p1b: Chien-Pao|91\/100|[from] item: Life Orb\n|move|p1a: Farigiraf|Trick Room|p1a: Farigiraf\n|-fieldstart|move: Trick Room|[of] p1a: Farigiraf\n|\n|upkeep\n|inactive|sanlalala has 30 seconds left.\n|\n|t:|1700209102\n|switch|p2b: Salamence|Salamence, L50, F|100\/100\n|-ability|p2b: Salamence|Intimidate|boost\n|-unboost|p1a: Farigiraf|atk|1\n|-unboost|p1b: Chien-Pao|atk|1\n|turn|2\n|inactive|sanlalala has 30 seconds left.\n|\n|t:|1700209131\n|switch|p1b: Amoonguss|Amoonguss, L50, M|100\/100\n|move|p1a: Farigiraf|Dazzling Gleam|p2b: Salamence|[spread] p2a,p2b\n|-supereffective|p2a: Iron Hands\n|-supereffective|p2b: Salamence\n|-damage|p2a: Iron Hands|76\/100\n|-damage|p2b: Salamence|46\/100\n|move|p2a: Iron Hands|Drain Punch|p1b: Amoonguss\n|-resisted|p1b: Amoonguss\n|-damage|p1b: Amoonguss|78\/100\n|-heal|p2a: Iron Hands|87\/100|[from] drain|[of] p1b: Amoonguss\n|move|p2b: Salamence|Tailwind|p2b: Salamence\n|-sidestart|p2: sanlalala|move: Tailwind\n|\n|-heal|p1b: Amoonguss|84\/100|[from] item: Black Sludge\n|upkeep\n|turn|3\n|inactive|sanlalala has 30 seconds left.\n|inactive|sanlalala has 20 seconds left.\n|\n|t:|1700209168\n|switch|p2b: Gholdengo|Gholdengo, L50|100\/100\n|move|p1b: Amoonguss|Spore|p2a: Iron Hands\n|-status|p2a: Iron Hands|slp|[from] move: Spore\n|move|p1a: Farigiraf|Dazzling Gleam|p2a: Iron Hands|[spread] p2a,p2b\n|-supereffective|p2a: Iron Hands\n|-resisted|p2b: Gholdengo\n|-damage|p2a: Iron Hands|65\/100 slp\n|-damage|p2b: Gholdengo|91\/100\n|cant|p2a: Iron Hands|slp\n|\n|-heal|p1b: Amoonguss|90\/100|[from] item: Black Sludge\n|-heal|p2b: Gholdengo|97\/100|[from] item: Leftovers\n|upkeep\n|turn|4\n|inactive|ShinoTheRhino has 30 seconds left.\n|inactive|sanlalala has 30 seconds left.\n|inactive|ShinoTheRhino has 20 seconds left.\n|inactive|sanlalala has 20 seconds left.\n|inactive|ShinoTheRhino has 15 seconds left.\n|\n|t:|1700209212\n|switch|p1a: Torkoal|Torkoal, L50, F|100\/100\n|-weather|SunnyDay|[from] ability: Drought|[of] p1a: Torkoal\n|move|p1b: Amoonguss|Giga Drain|p2b: Gholdengo\n|-resisted|p2b: Gholdengo\n|-damage|p2b: Gholdengo|85\/100\n|-heal|p1b: Amoonguss|95\/100|[from] drain|[of] p2b: Gholdengo\n|-curestatus|p2a: Iron Hands|slp|[msg]\n|move|p2a: Iron Hands|Heavy Slam|p1b: Amoonguss\n|-damage|p1b: Amoonguss|47\/100\n|move|p2b: Gholdengo|Make It Rain|p1a: Torkoal|[spread] p1a,p1b\n|-resisted|p1a: Torkoal\n|-damage|p1a: Torkoal|68\/100\n|-damage|p1b: Amoonguss|16\/100\n|-unboost|p2b: Gholdengo|spa|1\n|\n|-weather|SunnyDay|[upkeep]\n|-heal|p1b: Amoonguss|22\/100|[from] item: Black Sludge\n|-heal|p2b: Gholdengo|91\/100|[from] item: Leftovers\n|upkeep\n|turn|5\n|inactive|ShinoTheRhino has 30 seconds left.\n|inactive|sanlalala has 30 seconds left.\n|inactive|sanlalala has 20 seconds left.\n|\n|t:|1700209249\n|move|p1a: Torkoal|Eruption|p2b: Gholdengo|[spread] p2a,p2b\n|-supereffective|p2b: Gholdengo\n|-damage|p2a: Iron Hands|39\/100\n|-damage|p2b: Gholdengo|0 fnt\n|faint|p2b: Gholdengo\n|move|p1b: Amoonguss|Spore|p2a: Iron Hands\n|-status|p2a: Iron Hands|slp|[from] move: Spore\n|cant|p2a: Iron Hands|slp\n|\n|-weather|SunnyDay|[upkeep]\n|-heal|p1b: Amoonguss|28\/100|[from] item: Black Sludge\n|-sideend|p2: sanlalala|move: Tailwind\n|-fieldend|move: Trick Room\n|upkeep\n|\n|t:|1700209260\n|switch|p2b: Salamence|Salamence, L50, F|46\/100\n|-ability|p2b: Salamence|Intimidate|boost\n|-unboost|p1a: Torkoal|atk|1\n|-unboost|p1b: Amoonguss|atk|1\n|turn|6\n|inactive|sanlalala has 30 seconds left.\n|\n|t:|1700209292\n|switch|p1a: Farigiraf|Farigiraf, L50, F|100\/100\n|move|p1b: Amoonguss|Rage Powder|p1b: Amoonguss\n|-singleturn|p1b: Amoonguss|move: Rage Powder\n|move|p2b: Salamence|Draco Meteor|p1b: Amoonguss|[miss]\n|-miss|p2b: Salamence|p1b: Amoonguss\n|cant|p2a: Iron Hands|slp\n|\n|-weather|SunnyDay|[upkeep]\n|-heal|p1b: Amoonguss|34\/100|[from] item: Black Sludge\n|upkeep\n|turn|7\n|-message|sanlalala forfeited.\n|\n|win|ShinoTheRhino\n|raw|ShinoTheRhino's rating: 1132 &rarr; <strong>1153<\/strong><br \/>(+21 for winning)\n|raw|sanlalala's rating: 1076 &rarr; <strong>1058<\/strong><br \/>(-18 for losing)\n|l|\u2606sanlalala\n","uploadtime":1700209312,"views":20,"p1id":"shinotherhino","p2id":"sanlalala","formatid":"gen9vgc2023regulatione","rating":1058,"private":0,"password":""}