{"id":"gen9vgc2023regulatione-1991665972","p1":"ragnar316","p2":"Ravvenn98","format":"[Gen 9] VGC 2023 Regulation E","log":"|j|\u2606ragnar316\n|j|\u2606Ravvenn98\n|t:|1700100241\n|gametype|doubles\n|player|p1|ragnar316|gentleman-gen4|1033\n|player|p2|Ravvenn98|clair|1000\n|teamsize|p1|6\n|teamsize|p2|6\n|gen|9\n|tier|[Gen 9] VGC 2023 Regulation E\n|rated|\n|rule|Species Clause: Limit one of each Pok\u00e9mon\n|rule|Item Clause: Limit one of each item\n|clearpoke\n|poke|p1|Arcanine, L50, M|\n|poke|p1|Gastrodon, L50, F|\n|poke|p1|Ninetales-Alola, L50, F|\n|poke|p1|Mimikyu, L50, M|\n|poke|p1|Muk-Alola, L50, M|\n|poke|p1|Zapdos-Galar, L50|\n|poke|p2|Houndstone, L50, M|\n|poke|p2|Tyranitar, L50, F|\n|poke|p2|Golem-Alola, L50, F|\n|poke|p2|Roaring Moon, L50|\n|poke|p2|Tornadus, L50, M|\n|poke|p2|Rabsca, L50, M|\n|teampreview|4\n|\n|t:|1700100267\n|start\n|switch|p1a: Ninetales|Ninetales-Alola, L50, F|100\/100\n|switch|p1b: Arcanine|Arcanine, L50, M, shiny|100\/100\n|switch|p2a: Tornadus|Tornadus, L50, M, shiny|100\/100\n|switch|p2b: Rabsca|Rabsca, L50, M|100\/100\n|-weather|Snow|[from] ability: Snow Warning|[of] p1a: Ninetales\n|-ability|p1b: Arcanine|Intimidate|boost\n|-unboost|p2a: Tornadus|atk|1\n|-unboost|p2b: Rabsca|atk|1\n|turn|1\n|\n|t:|1700100297\n|move|p2b: Rabsca|Protect|p2b: Rabsca\n|-singleturn|p2b: Rabsca|Protect\n|move|p2a: Tornadus|Rain Dance|p2a: Tornadus\n|-weather|RainDance\n|move|p1a: Ninetales|Aurora Veil||[still]\n|-fail|p1a: Ninetales\n|move|p1b: Arcanine|Heat Wave|p2a: Tornadus|[spread] p2a\n|-activate|p2b: Rabsca|move: Protect\n|-damage|p2a: Tornadus|83\/100\n|\n|-weather|RainDance|[upkeep]\n|upkeep\n|turn|2\n|\n|t:|1700100314\n|switch|p2b: Golem|Golem-Alola, L50, F|100\/100\n|move|p2a: Tornadus|Tailwind|p2a: Tornadus\n|-sidestart|p2: Ravvenn98|move: Tailwind\n|move|p1a: Ninetales|Freeze-Dry|p2a: Tornadus\n|-supereffective|p2a: Tornadus\n|-damage|p2a: Tornadus|20\/100\n|move|p1b: Arcanine|Snarl|p2b: Golem|[spread] p2a,p2b\n|-damage|p2a: Tornadus|7\/100\n|-damage|p2b: Golem|89\/100\n|-unboost|p2b: Golem|spa|1\n|\n|-weather|RainDance|[upkeep]\n|upkeep\n|turn|3\n|\n|t:|1700100332\n|-terastallize|p1a: Ninetales|Water\n|move|p2a: Tornadus|Bleakwind Storm|p1a: Ninetales|[spread] p1a,p1b\n|-damage|p1a: Ninetales|72\/100\n|-damage|p1b: Arcanine|62\/100\n|-unboost|p1a: Ninetales|spe|1\n|-unboost|p1b: Arcanine|spe|1\n|move|p2b: Golem|Explosion|p1a: Ninetales|[spread] p2a,p1a,p1b\n|-supereffective|p2a: Tornadus\n|-supereffective|p1a: Ninetales\n|-damage|p2a: Tornadus|0 fnt\n|-damage|p1a: Ninetales|0 fnt\n|-damage|p1b: Arcanine|0 fnt\n|faint|p2b: Golem\n|faint|p2a: Tornadus\n|faint|p1a: Ninetales\n|faint|p1b: Arcanine\n|\n|-weather|RainDance|[upkeep]\n|upkeep\n|\n|t:|1700100348\n|switch|p2a: Houndstone|Houndstone, L50, M|100\/100\n|switch|p1a: Gastrodon|Gastrodon, L50, F|100\/100\n|switch|p1b: Zapdos|Zapdos-Galar, L50|100\/100\n|switch|p2b: Rabsca|Rabsca, L50, M|100\/100\n|turn|4\n|\n|t:|1700100360\n|move|p1b: Zapdos|Protect|p1b: Zapdos\n|-singleturn|p1b: Zapdos|Protect\n|move|p2a: Houndstone|Last Respects|p1a: Gastrodon\n|-damage|p1a: Gastrodon|0 fnt\n|faint|p1a: Gastrodon\n|move|p2b: Rabsca|Revival Blessing|p2b: Rabsca\n|-enditem|p2b: Rabsca|Leppa Berry|[eat]\n|-activate|p2b: Rabsca|item: Leppa Berry|Revival Blessing|[consumed]\n|\n|t:|1700100368\n|-heal|p2: Golem|50\/100|[from] move: Revival Blessing\n|\n|-weather|RainDance|[upkeep]\n|upkeep\n|turn|5\n|-message|ragnar316 forfeited.\n|\n|win|Ravvenn98\n|raw|ragnar316's rating: 1033 &rarr; <strong>1017<\/strong><br \/>(-16 for losing)\n|raw|Ravvenn98's rating: 1000 &rarr; <strong>1044<\/strong><br \/>(+44 for winning)\n|l|\u2606ragnar316\n","uploadtime":1700100376,"views":15,"p1id":"ragnar316","p2id":"ravvenn98","formatid":"gen9vgc2023regulatione","rating":1017,"private":0,"password":""}