{"id":"gen9vgc2023regulatione-1993888355","p1":"RoyTan","p2":"Jop 33 in a row","format":"[Gen 9] VGC 2023 Regulation E","log":"|j|\u2606RoyTan\n|j|\u2606Jop 33 in a row\n|t:|1700370466\n|gametype|doubles\n|player|p1|RoyTan|hiker-gen4|1041\n|player|p2|Jop 33 in a row|lillie|1000\n|teamsize|p1|6\n|teamsize|p2|6\n|gen|9\n|tier|[Gen 9] VGC 2023 Regulation E\n|rated|\n|rule|Species Clause: Limit one of each Pok\u00e9mon\n|rule|Item Clause: Limit one of each item\n|clearpoke\n|poke|p1|Dondozo, L50, F|\n|poke|p1|Tatsugiri, L50, M|\n|poke|p1|Tornadus, L50, M|\n|poke|p1|Iron Hands, L50|\n|poke|p1|Glimmora, L50, F|\n|poke|p1|Flutter Mane, L50|\n|poke|p2|Moltres-Galar, L50|\n|poke|p2|Arcanine-Hisui, L50, M|\n|poke|p2|Munkidori, L50, M|\n|poke|p2|Sinistcha, L50|\n|poke|p2|Grimmsnarl, L50, M|\n|poke|p2|Milotic, L50, F|\n|teampreview|4\n|inactive|Battle timer is ON: inactive players will automatically lose when time's up. (requested by RoyTan)\n|l|\u2606RoyTan\n|inactive|RoyTan disconnected and has a minute to reconnect!\n|player|p1|\n|j|\u2606RoyTan\n|inactive|RoyTan reconnected and has 60 seconds left.\n|player|p1|RoyTan|hiker-gen4\n|\n|t:|1700370507\n|start\n|switch|p1a: Glimmora|Glimmora, L50, F|100\/100\n|switch|p1b: Flutter Mane|Flutter Mane, L50|100\/100\n|switch|p2a: Grimmsnarl|Grimmsnarl, L50, M, shiny|100\/100\n|switch|p2b: Munkidori|Munkidori, L50, M|100\/100\n|-item|p1a: Glimmora|Focus Sash|[from] ability: Frisk|[of] p2b: Munkidori|[identify]\n|-item|p1b: Flutter Mane|Booster Energy|[from] ability: Frisk|[of] p2b: Munkidori|[identify]\n|-enditem|p1b: Flutter Mane|Booster Energy\n|-activate|p1b: Flutter Mane|ability: Protosynthesis|[fromitem]\n|-start|p1b: Flutter Mane|protosynthesisspe\n|turn|1\n|inactive|Jop 33 in a row has 30 seconds left.\n|inactive|Jop 33 in a row has 20 seconds left.\n|inactive|Jop 33 in a row has 15 seconds left.\n|inactive|Jop 33 in a row has 10 seconds left.\n|\n|t:|1700370555\n|move|p1b: Flutter Mane|Protect|p1b: Flutter Mane\n|-singleturn|p1b: Flutter Mane|Protect\n|move|p1a: Glimmora|Spiky Shield|p1a: Glimmora\n|-singleturn|p1a: Glimmora|move: Protect\n|move|p2a: Grimmsnarl|Light Screen|p2a: Grimmsnarl\n|-sidestart|p2: Jop 33 in a row|move: Light Screen\n|move|p2b: Munkidori|Psychic|p1a: Glimmora\n|-activate|p1a: Glimmora|move: Protect\n|\n|upkeep\n|turn|2\n|\n|t:|1700370571\n|move|p2a: Grimmsnarl|Reflect|p2a: Grimmsnarl\n|-sidestart|p2: Jop 33 in a row|Reflect\n|move|p1b: Flutter Mane|Dazzling Gleam|p2a: Grimmsnarl|[spread] p2a,p2b\n|-supereffective|p2a: Grimmsnarl\n|-resisted|p2b: Munkidori\n|-damage|p2a: Grimmsnarl|53\/100\n|-damage|p2b: Munkidori|88\/100\n|move|p2b: Munkidori|Psychic|p1a: Glimmora\n|-supereffective|p1a: Glimmora\n|-enditem|p1a: Glimmora|Focus Sash\n|-damage|p1a: Glimmora|1\/100\n|move|p1a: Glimmora|Mortal Spin|p2b: Munkidori|[spread] p2a,p2b\n|-supereffective|p2a: Grimmsnarl\n|-resisted|p2b: Munkidori\n|-damage|p2a: Grimmsnarl|46\/100\n|-damage|p2b: Munkidori|86\/100\n|-status|p2a: Grimmsnarl|psn\n|\n|-damage|p2a: Grimmsnarl|34\/100 psn|[from] psn\n|upkeep\n|turn|3\n|inactive|RoyTan has 30 seconds left.\n|\n|t:|1700370599\n|-terastallize|p1b: Flutter Mane|Ghost\n|move|p1a: Glimmora|Spiky Shield|p1a: Glimmora\n|-singleturn|p1a: Glimmora|move: Protect\n|move|p2a: Grimmsnarl|Parting Shot|p1b: Flutter Mane\n|-unboost|p1b: Flutter Mane|atk|1\n|-unboost|p1b: Flutter Mane|spa|1\n|\n|t:|1700370610\n|switch|p2a: Moltres|Moltres-Galar, L50, shiny|100\/100|[from] Parting Shot\n|move|p1b: Flutter Mane|Shadow Ball|p2b: Munkidori\n|-supereffective|p2b: Munkidori\n|-damage|p2b: Munkidori|27\/100\n|move|p2b: Munkidori|Psychic|p1a: Glimmora\n|-activate|p1a: Glimmora|move: Protect\n|\n|upkeep\n|turn|4\n|\n|t:|1700370628\n|-terastallize|p2a: Moltres|Poison\n|move|p1b: Flutter Mane|Protect|p1b: Flutter Mane\n|-singleturn|p1b: Flutter Mane|Protect\n|move|p2b: Munkidori|Psychic|p1a: Glimmora\n|-supereffective|p1a: Glimmora\n|-damage|p1a: Glimmora|0 fnt\n|faint|p1a: Glimmora\n|move|p2a: Moltres|Nasty Plot|p2a: Moltres\n|-boost|p2a: Moltres|spa|2\n|\n|upkeep\n|\n|t:|1700370643\n|switch|p1a: Dondozo|Dondozo, L50, F|100\/100\n|turn|5\n|\n|t:|1700370652\n|move|p1b: Flutter Mane|Icy Wind|p2a: Moltres|[spread] p2a,p2b\n|-damage|p2a: Moltres|95\/100\n|-damage|p2b: Munkidori|19\/100\n|-unboost|p2a: Moltres|spe|1\n|-unboost|p2b: Munkidori|spe|1\n|move|p2b: Munkidori|Parting Shot|p1a: Dondozo\n|-unboost|p1a: Dondozo|atk|1\n|-unboost|p1a: Dondozo|spa|1\n|\n|t:|1700370661\n|switch|p2b: Grimmsnarl|Grimmsnarl, L50, M, shiny|34\/100 psn|[from] Parting Shot\n|move|p2a: Moltres|Fiery Wrath|p1a: Dondozo|[spread] p1a,p1b\n|-supereffective|p1b: Flutter Mane\n|-damage|p1a: Dondozo|63\/100\n|-damage|p1b: Flutter Mane|0 fnt\n|faint|p1b: Flutter Mane\n|-end|p1b: Flutter Mane|Protosynthesis|[silent]\n|cant|p1a: Dondozo|flinch\n|\n|-heal|p1a: Dondozo|69\/100|[from] item: Leftovers\n|-damage|p2b: Grimmsnarl|21\/100 psn|[from] psn\n|upkeep\n|\n|t:|1700370675\n|switch|p1b: Tatsugiri|Tatsugiri, L50, M|100\/100\n|-activate|p1b: Tatsugiri|ability: Commander|[of] p1a: Dondozo\n|-boost|p1a: Dondozo|atk|2\n|-boost|p1a: Dondozo|spa|2\n|-boost|p1a: Dondozo|spe|2\n|-boost|p1a: Dondozo|def|2\n|-boost|p1a: Dondozo|spd|2\n|turn|6\n|\n|t:|1700370680\n|move|p2b: Grimmsnarl|Parting Shot|p1a: Dondozo\n|-unboost|p1a: Dondozo|atk|1\n|-unboost|p1a: Dondozo|spa|1\n|\n|t:|1700370685\n|switch|p2b: Munkidori|Munkidori, L50, M|19\/100|[from] Parting Shot\n|-item|p1a: Dondozo|Leftovers|[from] ability: Frisk|[of] p2b: Munkidori|[identify]\n|-item|p1b: Tatsugiri|Ability Shield|[from] ability: Frisk|[of] p2b: Munkidori|[identify]\n|move|p1a: Dondozo|Substitute|p1a: Dondozo\n|-start|p1a: Dondozo|Substitute\n|-damage|p1a: Dondozo|44\/100\n|move|p2a: Moltres|Fiery Wrath|p1b: Tatsugiri|[spread] p1a\n|-miss|p2a: Moltres|p1b: Tatsugiri\n|-activate|p1a: Dondozo|move: Substitute|[damage]\n|\n|-heal|p1a: Dondozo|51\/100|[from] item: Leftovers\n|upkeep\n|turn|7\n|\n|t:|1700370702\n|move|p2b: Munkidori|Fake Out|p1a: Dondozo\n|-crit|p1a: Dondozo\n|-end|p1a: Dondozo|Substitute\n|move|p1a: Dondozo|Earthquake|p2a: Moltres|[spread] p2a,p2b\n|-miss|p1a: Dondozo|p1b: Tatsugiri\n|-supereffective|p2a: Moltres\n|-supereffective|p2b: Munkidori\n|-damage|p2a: Moltres|67\/100\n|-damage|p2b: Munkidori|0 fnt\n|faint|p2b: Munkidori\n|move|p2a: Moltres|Fiery Wrath|p1b: Tatsugiri|[spread] p1a\n|-miss|p2a: Moltres|p1b: Tatsugiri\n|-damage|p1a: Dondozo|31\/100\n|\n|-heal|p1a: Dondozo|37\/100|[from] item: Leftovers\n|upkeep\n|\n|t:|1700370713\n|switch|p2b: Sinistcha|Sinistcha, L50, shiny|100\/100\n|-heal|p2a: Moltres|92\/100|[from] ability: Hospitality|[of] p2b: Sinistcha\n|turn|8\n|\n|t:|1700370723\n|move|p1a: Dondozo|Protect|p1a: Dondozo\n|-singleturn|p1a: Dondozo|Protect\n|move|p2a: Moltres|Protect|p2a: Moltres\n|-singleturn|p2a: Moltres|Protect\n|move|p2b: Sinistcha|Trick Room|p2b: Sinistcha\n|-fieldstart|move: Trick Room|[of] p2b: Sinistcha\n|\n|-heal|p1a: Dondozo|43\/100|[from] item: Leftovers\n|-sideend|p2: Jop 33 in a row|move: Light Screen\n|upkeep\n|turn|9\n|\n|t:|1700370732\n|move|p2a: Moltres|Fiery Wrath|p1b: Tatsugiri|[spread] p1a\n|-miss|p2a: Moltres|p1b: Tatsugiri\n|-damage|p1a: Dondozo|24\/100\n|move|p2b: Sinistcha|Matcha Gotcha|p1b: Tatsugiri|[spread] p1a\n|-miss|p2b: Sinistcha|p1b: Tatsugiri\n|-supereffective|p1a: Dondozo\n|-damage|p1a: Dondozo|0 fnt\n|faint|p1a: Dondozo\n|\n|-sideend|p2: Jop 33 in a row|Reflect\n|upkeep\n|turn|10\n|\n|t:|1700370745\n|move|p2a: Moltres|Fiery Wrath|p1b: Tatsugiri\n|-damage|p1b: Tatsugiri|8\/100\n|move|p2b: Sinistcha|Matcha Gotcha|p1b: Tatsugiri\n|-damage|p1b: Tatsugiri|0 fnt\n|faint|p1b: Tatsugiri\n|\n|win|Jop 33 in a row\n|raw|RoyTan's rating: 1041 &rarr; <strong>1023<\/strong><br \/>(-18 for losing)\n|raw|Jop 33 in a row's rating: 1000 &rarr; <strong>1045<\/strong><br \/>(+45 for winning)\n|l|\u2606RoyTan\n","uploadtime":1700370755,"views":8,"p1id":"roytan","p2id":"jop33inarow","formatid":"gen9vgc2023regulatione","rating":1023,"private":0,"password":""}