{"id":"gen9vgc2023regulatione-1989375128","p1":"mocha_04","p2":"gabite-enjoyer2007","format":"[Gen 9] VGC 2023 Regulation E","log":"|j|\u2606mocha_04\n|j|\u2606gabite-enjoyer2007\n|t:|1699842362\n|gametype|doubles\n|player|p1|mocha_04|1|1193\n|player|p2|gabite-enjoyer2007|birdkeeper|1116\n|teamsize|p1|6\n|teamsize|p2|6\n|gen|9\n|tier|[Gen 9] VGC 2023 Regulation E\n|rated|\n|rule|Species Clause: Limit one of each Pok\u00e9mon\n|rule|Item Clause: Limit one of each item\n|clearpoke\n|poke|p1|Enamorus, L50, F|\n|poke|p1|Thundurus, L50, M|\n|poke|p1|Glastrier, L50|\n|poke|p1|Cresselia, L50, F|\n|poke|p1|Ursaluna-Bloodmoon, L50, M|\n|poke|p1|Fezandipiti, L50, M|\n|poke|p2|Rillaboom, L50, M|\n|poke|p2|Arcanine-Hisui, L50, M|\n|poke|p2|Urshifu-*, L50, M|\n|poke|p2|Roaring Moon, L50|\n|poke|p2|Gholdengo, L50|\n|poke|p2|Clefairy, L50, F|\n|teampreview|4\nmocha_04 rejected open team sheets.\n|inactive|Battle timer is ON: inactive players will automatically lose when time's up. (requested by mocha_04)\n|\n|t:|1699842389\n|start\n|switch|p1a: Thundurus|Thundurus, L50, M|100\/100\n|switch|p1b: Enamorus|Enamorus, L50, F|100\/100\n|switch|p2a: Roaring Moon|Roaring Moon, L50|100\/100\n|switch|p2b: Rillaboom|Rillaboom, L50, M|100\/100\n|-fieldstart|move: Grassy Terrain|[from] ability: Grassy Surge|[of] p2b: Rillaboom\n|-enditem|p2a: Roaring Moon|Booster Energy\n|-activate|p2a: Roaring Moon|ability: Protosynthesis|[fromitem]\n|-start|p2a: Roaring Moon|protosynthesisspe\n|turn|1\n|\n|t:|1699842407\n|move|p1b: Enamorus|Protect|p1b: Enamorus\n|-singleturn|p1b: Enamorus|Protect\n|move|p2b: Rillaboom|Fake Out|p1b: Enamorus\n|-activate|p1b: Enamorus|move: Protect\n|move|p1a: Thundurus|Scary Face|p2a: Roaring Moon\n|-hint|Since gen 7, Dark is immune to Prankster moves.\n|-immune|p2a: Roaring Moon\n|move|p2a: Roaring Moon|Tailwind|p2a: Roaring Moon\n|-sidestart|p2: gabite-enjoyer2007|move: Tailwind\n|\n|upkeep\n|turn|2\n|inactive|gabite-enjoyer2007 has 30 seconds left.\n|\n|t:|1699842433\n|move|p2b: Rillaboom|Grassy Glide|p1b: Enamorus\n|-resisted|p1b: Enamorus\n|-damage|p1b: Enamorus|72\/100\n|move|p2a: Roaring Moon|Acrobatics|p1b: Enamorus\n|-damage|p1b: Enamorus|5\/100\n|move|p1a: Thundurus|Wildbolt Storm|p2a: Roaring Moon|[spread] p2a,p2b\n|-resisted|p2a: Roaring Moon\n|-resisted|p2b: Rillaboom\n|-damage|p2a: Roaring Moon|81\/100\n|-damage|p2b: Rillaboom|87\/100\n|move|p1b: Enamorus|Dazzling Gleam|p2b: Rillaboom|[spread] p2a,p2b\n|-supereffective|p2a: Roaring Moon\n|-damage|p2a: Roaring Moon|0 fnt\n|-damage|p2b: Rillaboom|57\/100\n|faint|p2a: Roaring Moon\n|-end|p2a: Roaring Moon|Protosynthesis|[silent]\n|-damage|p1b: Enamorus|0 fnt|[from] item: Life Orb\n|faint|p1b: Enamorus\n|\n|-heal|p2b: Rillaboom|63\/100|[from] Grassy Terrain\n|upkeep\n|inactive|mocha_04 has 30 seconds left.\n|\n|t:|1699842460\n|switch|p2a: Gholdengo|Gholdengo, L50|100\/100\n|switch|p1b: Cresselia|Cresselia, L50, F|100\/100\n|turn|3\n|inactive|gabite-enjoyer2007 has 30 seconds left.\n|\n|t:|1699842486\n|move|p2b: Rillaboom|Grassy Glide|p1b: Cresselia\n|-damage|p1b: Cresselia|79\/100\n|move|p2a: Gholdengo|Nasty Plot|p2a: Gholdengo\n|-boost|p2a: Gholdengo|spa|2\n|move|p1a: Thundurus|Wildbolt Storm|p2a: Gholdengo|[spread] p2a,p2b\n|-resisted|p2b: Rillaboom\n|-damage|p2a: Gholdengo|56\/100\n|-damage|p2b: Rillaboom|49\/100\n|move|p1b: Cresselia|Trick Room|p1b: Cresselia\n|-fieldstart|move: Trick Room|[of] p1b: Cresselia\n|\n|-heal|p2b: Rillaboom|55\/100|[from] Grassy Terrain\n|-heal|p2a: Gholdengo|62\/100|[from] Grassy Terrain\n|-heal|p2a: Gholdengo|68\/100|[from] item: Leftovers\n|upkeep\n|turn|4\n|inactive|mocha_04 has 30 seconds left.\n|inactive|gabite-enjoyer2007 has 30 seconds left.\n|\n|t:|1699842518\n|-terastallize|p2a: Gholdengo|Dragon\n|move|p2b: Rillaboom|Grassy Glide|p1b: Cresselia\n|-damage|p1b: Cresselia|59\/100\n|move|p1b: Cresselia|Lunar Blessing|p1b: Cresselia|[spread] p1a,p1b\n|-heal|p1b: Cresselia|84\/100\n|move|p1a: Thundurus|Wildbolt Storm|p2a: Gholdengo|[spread] p2b\n|-miss|p1a: Thundurus|p2a: Gholdengo\n|-resisted|p2b: Rillaboom\n|-damage|p2b: Rillaboom|42\/100\n|-status|p2b: Rillaboom|par\n|move|p2a: Gholdengo|Make It Rain|p1a: Thundurus|[spread] p1a,p1b\n|-resisted|p1a: Thundurus\n|-damage|p1a: Thundurus|40\/100\n|-damage|p1b: Cresselia|28\/100\n|-unboost|p2a: Gholdengo|spa|1\n|\n|-heal|p2b: Rillaboom|48\/100 par|[from] Grassy Terrain\n|-heal|p2a: Gholdengo|74\/100|[from] Grassy Terrain\n|-heal|p2a: Gholdengo|81\/100|[from] item: Leftovers\n|-sideend|p2: gabite-enjoyer2007|move: Tailwind\n|upkeep\n|turn|5\n|inactive|mocha_04 has 30 seconds left.\n|inactive|gabite-enjoyer2007 has 30 seconds left.\n|\n|t:|1699842545\n|switch|p2b: Urshifu|Urshifu-Rapid-Strike, L50, M|100\/100\n|move|p1b: Cresselia|Lunar Blessing|p1b: Cresselia|[spread] p1a,p1b\n|-heal|p1a: Thundurus|65\/100\n|-heal|p1b: Cresselia|53\/100\n|move|p2a: Gholdengo|Shadow Ball|p1b: Cresselia\n|-supereffective|p1b: Cresselia\n|-damage|p1b: Cresselia|0 fnt\n|faint|p1b: Cresselia\n|move|p1a: Thundurus|Wildbolt Storm|p2b: Urshifu|[spread] p2a,p2b\n|-resisted|p2a: Gholdengo\n|-supereffective|p2b: Urshifu\n|-damage|p2a: Gholdengo|60\/100\n|-damage|p2b: Urshifu|0 fnt\n|-status|p2a: Gholdengo|par\n|faint|p2b: Urshifu\n|\n|-heal|p2a: Gholdengo|66\/100 par|[from] Grassy Terrain\n|-heal|p2a: Gholdengo|72\/100 par|[from] item: Leftovers\n|-fieldend|move: Grassy Terrain\n|upkeep\n|\n|t:|1699842563\n|switch|p1b: Ursaluna|Ursaluna-Bloodmoon, L50, M|100\/100\n|switch|p2b: Rillaboom|Rillaboom, L50, M|48\/100 par\n|-fieldstart|move: Grassy Terrain|[from] ability: Grassy Surge|[of] p2b: Rillaboom\n|turn|6\n|\n|t:|1699842580\n|move|p1b: Ursaluna|Protect|p1b: Ursaluna\n|-singleturn|p1b: Ursaluna|Protect\n|move|p2b: Rillaboom|Fake Out|p1b: Ursaluna\n|-activate|p1b: Ursaluna|move: Protect\n|move|p2a: Gholdengo|Nasty Plot|p2a: Gholdengo\n|-boost|p2a: Gholdengo|spa|2\n|move|p1a: Thundurus|Wildbolt Storm|p2a: Gholdengo|[spread] p2a,p2b\n|-resisted|p2a: Gholdengo\n|-resisted|p2b: Rillaboom\n|-damage|p2a: Gholdengo|50\/100 par\n|-damage|p2b: Rillaboom|35\/100 par\n|\n|-heal|p2b: Rillaboom|41\/100 par|[from] Grassy Terrain\n|-heal|p2a: Gholdengo|57\/100 par|[from] Grassy Terrain\n|-heal|p2a: Gholdengo|63\/100 par|[from] item: Leftovers\n|upkeep\n|turn|7\n|\n|t:|1699842601\n|-terastallize|p1b: Ursaluna|Normal\n|move|p2a: Gholdengo|Protect|p2a: Gholdengo\n|-singleturn|p2a: Gholdengo|Protect\n|move|p2b: Rillaboom|Grassy Glide|p1b: Ursaluna\n|-damage|p1b: Ursaluna|73\/100\n|move|p1b: Ursaluna|Hyper Voice|p2a: Gholdengo|[spread] p2b\n|-activate|p2a: Gholdengo|move: Protect\n|-damage|p2b: Rillaboom|3\/100 par\n|-enditem|p1b: Ursaluna|Throat Spray\n|-boost|p1b: Ursaluna|spa|1|[from] item: Throat Spray\n|move|p1a: Thundurus|Wildbolt Storm|p2b: Rillaboom|[spread] \n|-activate|p2a: Gholdengo|move: Protect\n|-miss|p1a: Thundurus|p2b: Rillaboom\n|\n|-heal|p1b: Ursaluna|79\/100|[from] Grassy Terrain\n|-heal|p2b: Rillaboom|9\/100 par|[from] Grassy Terrain\n|-heal|p2a: Gholdengo|69\/100 par|[from] Grassy Terrain\n|-heal|p2a: Gholdengo|75\/100 par|[from] item: Leftovers\n|-fieldend|move: Trick Room\n|upkeep\n|turn|8\n|\n|t:|1699842626\n|move|p1a: Thundurus|Wildbolt Storm|p2a: Gholdengo|[spread] p2a,p2b\n|-resisted|p2a: Gholdengo\n|-resisted|p2b: Rillaboom\n|-damage|p2a: Gholdengo|56\/100 par\n|-damage|p2b: Rillaboom|0 fnt\n|faint|p2b: Rillaboom\n|move|p2a: Gholdengo|Make It Rain|p1b: Ursaluna|[spread] p1a,p1b\n|-resisted|p1a: Thundurus\n|-damage|p1a: Thundurus|0 fnt\n|-damage|p1b: Ursaluna|0 fnt\n|-unboost|p2a: Gholdengo|spa|1\n|faint|p1a: Thundurus\n|faint|p1b: Ursaluna\n|\n|win|gabite-enjoyer2007\n|raw|mocha_04's rating: 1219 &rarr; <strong>1187<\/strong><br \/>(-32 for losing)\n|raw|gabite-enjoyer2007's rating: 1116 &rarr; <strong>1148<\/strong><br \/>(+32 for winning)\n|l|\u2606mocha_04\n","uploadtime":1699842654,"views":11,"p1id":"mocha04","p2id":"gabiteenjoyer2007","formatid":"gen9vgc2023regulatione","rating":1148,"private":0,"password":""}