{"id":"gen9vgc2023regulatione-1990435167","p1":"tythann","p2":"Fluffyboi_Games","format":"[Gen 9] VGC 2023 Regulation E","log":"|j|\u2606tythann\n|j|\u2606Fluffyboi_Games\n|t:|1699970685\n|gametype|doubles\n|player|p1|tythann|101|1079\n|player|p2|Fluffyboi_Games|colress|1101\n|teamsize|p1|6\n|teamsize|p2|6\n|gen|9\n|tier|[Gen 9] VGC 2023 Regulation E\n|rated|\n|rule|Species Clause: Limit one of each Pok\u00e9mon\n|rule|Item Clause: Limit one of each item\n|clearpoke\n|poke|p1|Haxorus, L50, F|\n|poke|p1|Flutter Mane, L50|\n|poke|p1|Iron Moth, L50|\n|poke|p1|Sinistcha-Masterpiece, L50|\n|poke|p1|Urshifu-*, L50, F|\n|poke|p1|Tyranitar, L50, M|\n|poke|p2|Sunflora, L50, M|\n|poke|p2|Torkoal, L50, F|\n|poke|p2|Farigiraf, L50, F|\n|poke|p2|Sneasler, L50, F|\n|poke|p2|Arcanine-Hisui, L50, F|\n|poke|p2|Indeedee-F, L50, F|\n|teampreview|4\ntythann has agreed to open team sheets.\n|\n|t:|1699970718\n|start\n|switch|p1a: Haxorus|Haxorus, L50, F|100\/100\n|switch|p1b: Flutter Mane|Flutter Mane, L50|100\/100\n|switch|p2a: Torkoal|Torkoal, L50, F|100\/100\n|switch|p2b: Indeedee|Indeedee-F, L50, F|100\/100\n|-ability|p1a: Haxorus|Unnerve\n|-fieldstart|move: Psychic Terrain|[from] ability: Psychic Surge|[of] p2b: Indeedee\n|-weather|SunnyDay|[from] ability: Drought|[of] p2a: Torkoal\n|-activate|p1b: Flutter Mane|ability: Protosynthesis\n|-start|p1b: Flutter Mane|protosynthesisspa\n|turn|1\n|\n|t:|1699970761\n|move|p1b: Flutter Mane|Protect|p1b: Flutter Mane\n|-singleturn|p1b: Flutter Mane|Protect\n|move|p1a: Haxorus|Stomping Tantrum|p2a: Torkoal\n|-supereffective|p2a: Torkoal\n|-damage|p2a: Torkoal|49\/100\n|move|p2a: Torkoal|Will-O-Wisp|p1a: Haxorus\n|-status|p1a: Haxorus|brn\n|move|p2b: Indeedee|Trick Room|p2b: Indeedee\n|-fieldstart|move: Trick Room|[of] p2b: Indeedee\n|-enditem|p2b: Indeedee|Room Service\n|-unboost|p2b: Indeedee|spe|1|[from] item: Room Service\n|\n|-weather|SunnyDay|[upkeep]\n|-damage|p1a: Haxorus|94\/100 brn|[from] brn\n|upkeep\n|turn|2\n|\n|t:|1699970811\n|move|p2a: Torkoal|Solar Beam||[still]\n|-prepare|p2a: Torkoal|Solar Beam\n|-anim|p2a: Torkoal|Solar Beam|p1b: Flutter Mane\n|-damage|p1b: Flutter Mane|64\/100\n|move|p2b: Indeedee|Heal Pulse|p2a: Torkoal\n|-heal|p2a: Torkoal|99\/100\n|move|p1a: Haxorus|Stomping Tantrum|p2a: Torkoal\n|-supereffective|p2a: Torkoal\n|-damage|p2a: Torkoal|75\/100\n|move|p1b: Flutter Mane|Trick Room|p1b: Flutter Mane\n|-fieldend|move: Trick Room\n|\n|-weather|SunnyDay|[upkeep]\n|-damage|p1a: Haxorus|88\/100 brn|[from] brn\n|upkeep\n|turn|3\n|\n|t:|1699970848\n|move|p2b: Indeedee|Follow Me|p2b: Indeedee\n|-singleturn|p2b: Indeedee|move: Follow Me\n|move|p1a: Haxorus|Stomping Tantrum|p2b: Indeedee\n|-crit|p2b: Indeedee\n|-damage|p2b: Indeedee|68\/100\n|move|p1b: Flutter Mane|Shadow Ball|p2b: Indeedee\n|-immune|p2b: Indeedee\n|move|p2a: Torkoal|Eruption|p1b: Flutter Mane|[spread] p1a,p1b\n|-resisted|p1a: Haxorus\n|-damage|p1a: Haxorus|48\/100 brn\n|-damage|p1b: Flutter Mane|3\/100\n|\n|-weather|SunnyDay|[upkeep]\n|-damage|p1a: Haxorus|42\/100 brn|[from] brn\n|upkeep\n|turn|4\n|\n|t:|1699970869\n|move|p2b: Indeedee|Follow Me|p2b: Indeedee\n|-singleturn|p2b: Indeedee|move: Follow Me\n|move|p1a: Haxorus|Stomping Tantrum|p2b: Indeedee\n|-damage|p2b: Indeedee|45\/100\n|move|p1b: Flutter Mane|Moonblast|p2b: Indeedee\n|-damage|p2b: Indeedee|0 fnt\n|faint|p2b: Indeedee\n|move|p2a: Torkoal|Eruption|p1a: Haxorus|[spread] p1a,p1b\n|-resisted|p1a: Haxorus\n|-damage|p1a: Haxorus|4\/100 brn\n|-damage|p1b: Flutter Mane|0 fnt\n|faint|p1b: Flutter Mane\n|-end|p1b: Flutter Mane|Protosynthesis|[silent]\n|\n|-weather|SunnyDay|[upkeep]\n|-damage|p1a: Haxorus|0 fnt|[from] brn\n|faint|p1a: Haxorus\n|upkeep\n|\n|t:|1699970889\n|switch|p1b: Urshifu|Urshifu-Rapid-Strike, L50, F|100\/100\n|switch|p1a: Sinistcha|Sinistcha-Masterpiece, L50|100\/100\n|switch|p2b: Farigiraf|Farigiraf, L50, F|100\/100\n|turn|5\n|\n|t:|1699970906\n|move|p1b: Urshifu|Surging Strikes|p2a: Torkoal\n|-supereffective|p2a: Torkoal\n|-crit|p2a: Torkoal\n|-damage|p2a: Torkoal|58\/100\n|-supereffective|p2a: Torkoal\n|-crit|p2a: Torkoal\n|-damage|p2a: Torkoal|39\/100\n|-supereffective|p2a: Torkoal\n|-crit|p2a: Torkoal\n|-damage|p2a: Torkoal|21\/100\n|-hitcount|p2a: Torkoal|3\n|move|p1a: Sinistcha|Matcha Gotcha|p2b: Farigiraf|[spread] p2a,p2b\n|-resisted|p2a: Torkoal\n|-damage|p2a: Torkoal|4\/100\n|-damage|p2b: Farigiraf|70\/100\n|move|p2a: Torkoal|Will-O-Wisp|p1b: Urshifu|[miss]\n|-miss|p2a: Torkoal|p1b: Urshifu\n|move|p2b: Farigiraf|Trick Room|p2b: Farigiraf\n|-fieldstart|move: Trick Room|[of] p2b: Farigiraf\n|\n|-weather|SunnyDay|[upkeep]\n|-fieldend|move: Psychic Terrain\n|upkeep\n|turn|6\n|\n|t:|1699970941\n|move|p1a: Sinistcha|Rage Powder|p1a: Sinistcha\n|-singleturn|p1a: Sinistcha|move: Rage Powder\n|move|p1b: Urshifu|Aqua Jet||[still]\n|cant|p2b: Farigiraf|ability: Armor Tail|Aqua Jet|[of] p1b: Urshifu\n|move|p2a: Torkoal|Will-O-Wisp|p1a: Sinistcha\n|-status|p1a: Sinistcha|brn\n|move|p2b: Farigiraf|Calm Mind|p2b: Farigiraf\n|-boost|p2b: Farigiraf|spa|1\n|-boost|p2b: Farigiraf|spd|1\n|\n|-weather|SunnyDay|[upkeep]\n|-damage|p1a: Sinistcha|94\/100 brn|[from] brn\n|upkeep\n|turn|7\n|\n|t:|1699970960\n|switch|p2a: Sunflora|Sunflora, L50, M|100\/100\n|move|p1a: Sinistcha|Rage Powder|p1a: Sinistcha\n|-singleturn|p1a: Sinistcha|move: Rage Powder\n|move|p2b: Farigiraf|Calm Mind|p2b: Farigiraf\n|-boost|p2b: Farigiraf|spa|1\n|-boost|p2b: Farigiraf|spd|1\n|move|p1b: Urshifu|Surging Strikes|p2a: Sunflora\n|-resisted|p2a: Sunflora\n|-crit|p2a: Sunflora\n|-damage|p2a: Sunflora|91\/100\n|-resisted|p2a: Sunflora\n|-crit|p2a: Sunflora\n|-damage|p2a: Sunflora|81\/100\n|-resisted|p2a: Sunflora\n|-crit|p2a: Sunflora\n|-damage|p2a: Sunflora|73\/100\n|-hitcount|p2a: Sunflora|3\n|\n|-weather|SunnyDay|[upkeep]\n|-damage|p2a: Sunflora|61\/100|[from] ability: Solar Power|[of] p2a: Sunflora\n|-heal|p1a: Sinistcha|100\/100 brn|[from] item: Leftovers\n|-damage|p1a: Sinistcha|94\/100 brn|[from] brn\n|upkeep\n|turn|8\n|\n|t:|1699970991\n|-terastallize|p2a: Sunflora|Fire\n|move|p1a: Sinistcha|Rage Powder|p1a: Sinistcha\n|-singleturn|p1a: Sinistcha|move: Rage Powder\n|move|p2a: Sunflora|Solar Beam||[still]\n|-prepare|p2a: Sunflora|Solar Beam\n|-anim|p2a: Sunflora|Solar Beam|p1a: Sinistcha\n|-resisted|p1a: Sinistcha\n|-damage|p1a: Sinistcha|54\/100 brn\n|move|p2b: Farigiraf|Stored Power|p1a: Sinistcha\n|-damage|p1a: Sinistcha|0 fnt\n|faint|p1a: Sinistcha\n|move|p1b: Urshifu|Swords Dance|p1b: Urshifu\n|-boost|p1b: Urshifu|atk|2\n|\n|-weather|none\n|upkeep\n|turn|9\n|\n|t:|1699971019\n|switch|p2a: Torkoal|Torkoal, L50, F|4\/100\n|-weather|SunnyDay|[from] ability: Drought|[of] p2a: Torkoal\n|move|p1b: Urshifu|Aqua Jet||[still]\n|cant|p2b: Farigiraf|ability: Armor Tail|Aqua Jet|[of] p1b: Urshifu\n|move|p2b: Farigiraf|Stored Power|p1b: Urshifu\n|-supereffective|p1b: Urshifu\n|-damage|p1b: Urshifu|0 fnt\n|faint|p1b: Urshifu\n|\n|win|Fluffyboi_Games\n|raw|tythann's rating: 1079 &rarr; <strong>1059<\/strong><br \/>(-20 for losing)\n|raw|Fluffyboi_Games's rating: 1101 &rarr; <strong>1124<\/strong><br \/>(+23 for winning)\n","uploadtime":1699971041,"views":9,"p1id":"tythann","p2id":"fluffyboigames","formatid":"gen9vgc2023regulatione","rating":1059,"private":0,"password":""}