{"id":"gen9vgc2023regulatione-1998841225","p1":"Quade Cooper?","p2":"It\u2019sJustKen VGC","format":"[Gen 9] VGC 2023 Regulation E","log":"|j|\u2606Quade Cooper?\n|j|\u2606It\u2019sJustKen VGC\n|t:|1701001393\n|gametype|doubles\n|player|p1|Quade Cooper?|unknown|\n|player|p2|It\u2019sJustKen VGC|turo|\n|teamsize|p1|6\n|teamsize|p2|6\n|gen|9\n|tier|[Gen 9] VGC 2023 Regulation E\n|rated|Tournament battle\n|rule|Species Clause: Limit one of each Pok\u00e9mon\n|rule|Item Clause: Limit one of each item\n|clearpoke\n|poke|p1|Dondozo, L50, F|\n|poke|p1|Heatran, L50, F|\n|poke|p1|Rillaboom, L50, M|\n|poke|p1|Salamence, L50, F|\n|poke|p1|Kingambit, L50, F|\n|poke|p1|Flutter Mane, L50|\n|poke|p2|Ting-Lu, L50|\n|poke|p2|Dondozo, L50, F|\n|poke|p2|Cresselia, L50, F|\n|poke|p2|Iron Hands, L50|\n|poke|p2|Dragonite, L50, M|\n|poke|p2|Gholdengo, L50|\n|teampreview|4\n|inactive|Battle timer is ON: inactive players will automatically lose when time's up. (requested by It\u2019sJustKen VGC)\n|inactive|It\u2019sJustKen VGC has 60 seconds left.\n|j| Topperlecat\n|l| Topperlecat\n|j| MattC (Banned)\n|\n|t:|1701001451\n|start\n|switch|p1a: Rillaboom|Rillaboom, L50, M|100\/100\n|switch|p1b: Kingambit|Kingambit, L50, F|100\/100\n|switch|p2a: Iron Hands|Iron Hands, L50, shiny|100\/100\n|switch|p2b: Cresselia|Cresselia, L50, F|100\/100\n|-fieldstart|move: Grassy Terrain|[from] ability: Grassy Surge|[of] p1a: Rillaboom\n|turn|1\n|c|\u2606It\u2019sJustKen VGC|Glhf\n|c| MattC (Banned)|timer stall\n|c| MattC (Banned)|uugh\n|c| MattC (Banned)|welp\n|c|\u2606Quade Cooper?|glhf\n|\n|t:|1701001469\n|switch|p2b: Ting-Lu|Ting-Lu, L50|100\/100\n|-ability|p2b: Ting-Lu|Vessel of Ruin\n|move|p1a: Rillaboom|Fake Out|p2a: Iron Hands\n|-damage|p2a: Iron Hands|91\/100\n|cant|p2a: Iron Hands|flinch\n|move|p1b: Kingambit|Swords Dance|p1b: Kingambit\n|-boost|p1b: Kingambit|atk|2\n|\n|-heal|p2a: Iron Hands|97\/100|[from] Grassy Terrain\n|upkeep\n|turn|2\n|c| MattC (Banned)|there is a solution folks!\n|\n|t:|1701001479\n|-terastallize|p2b: Ting-Lu|Grass\n|move|p1b: Kingambit|Protect|p1b: Kingambit\n|-singleturn|p1b: Kingambit|Protect\n|move|p1a: Rillaboom|Wood Hammer|p2a: Iron Hands\n|-damage|p2a: Iron Hands|42\/100\n|-damage|p1a: Rillaboom|80\/100|[from] Recoil\n|move|p2a: Iron Hands|Drain Punch|p1b: Kingambit\n|-activate|p1b: Kingambit|move: Protect\n|move|p2b: Ting-Lu|Sand Tomb|p1b: Kingambit\n|-activate|p1b: Kingambit|move: Protect\n|\n|-heal|p1a: Rillaboom|86\/100|[from] Grassy Terrain\n|-heal|p2a: Iron Hands|48\/100|[from] Grassy Terrain\n|upkeep\n|turn|3\n|\n|t:|1701001494\n|-end|p2a: Iron Hands|Quark Drive|[silent]\n|switch|p2a: Cresselia|Cresselia, L50, F|100\/100\n|-terastallize|p1b: Kingambit|Dark\n|move|p1a: Rillaboom|Wood Hammer|p2a: Cresselia\n|-damage|p2a: Cresselia|47\/100\n|-damage|p1a: Rillaboom|67\/100|[from] Recoil\n|move|p1b: Kingambit|Kowtow Cleave|p2b: Ting-Lu\n|-damage|p2b: Ting-Lu|7\/100\n|-enditem|p2b: Ting-Lu|Sitrus Berry|[eat]\n|-heal|p2b: Ting-Lu|32\/100|[from] item: Sitrus Berry\n|move|p2b: Ting-Lu|Sand Tomb|p1b: Kingambit\n|-damage|p1b: Kingambit|87\/100\n|-activate|p1b: Kingambit|move: Sand Tomb|[of] p2b: Ting-Lu\n|\n|-heal|p1a: Rillaboom|72\/100|[from] Grassy Terrain\n|-heal|p1b: Kingambit|93\/100|[from] Grassy Terrain\n|-heal|p2b: Ting-Lu|38\/100|[from] Grassy Terrain\n|-damage|p1b: Kingambit|81\/100|[from] move: Sand Tomb|[partiallytrapped]\n|upkeep\n|turn|4\n|\n|t:|1701001511\n|move|p2b: Ting-Lu|Protect|p2b: Ting-Lu\n|-singleturn|p2b: Ting-Lu|Protect\n|move|p1a: Rillaboom|Wood Hammer|p2a: Cresselia\n|-damage|p2a: Cresselia|0 fnt\n|faint|p2a: Cresselia\n|-damage|p1a: Rillaboom|55\/100|[from] Recoil\n|move|p1b: Kingambit|Kowtow Cleave|p2b: Ting-Lu\n|-activate|p2b: Ting-Lu|move: Protect\n|\n|-heal|p1a: Rillaboom|61\/100|[from] Grassy Terrain\n|-heal|p1b: Kingambit|86\/100|[from] Grassy Terrain\n|-heal|p2b: Ting-Lu|44\/100|[from] Grassy Terrain\n|-damage|p1b: Kingambit|74\/100|[from] move: Sand Tomb|[partiallytrapped]\n|upkeep\n|\n|t:|1701001517\n|switch|p2a: Iron Hands|Iron Hands, L50, shiny|48\/100\n|turn|5\n|j| fyfyyalt1\n|\n|t:|1701001539\n|move|p2b: Ting-Lu|Protect|p2b: Ting-Lu\n|-singleturn|p2b: Ting-Lu|Protect\n|move|p2a: Iron Hands|Fake Out|p1a: Rillaboom\n|-damage|p1a: Rillaboom|45\/100\n|cant|p1a: Rillaboom|flinch\n|move|p1b: Kingambit|Kowtow Cleave|p2b: Ting-Lu\n|-activate|p2b: Ting-Lu|move: Protect\n|\n|-heal|p1a: Rillaboom|51\/100|[from] Grassy Terrain\n|-heal|p2a: Iron Hands|54\/100|[from] Grassy Terrain\n|-heal|p1b: Kingambit|80\/100|[from] Grassy Terrain\n|-heal|p2b: Ting-Lu|50\/100|[from] Grassy Terrain\n|-damage|p1b: Kingambit|68\/100|[from] move: Sand Tomb|[partiallytrapped]\n|-fieldend|move: Grassy Terrain\n|upkeep\n|turn|6\n|\n|t:|1701001550\n|switch|p1a: Flutter Mane|Flutter Mane, L50|100\/100\n|move|p1b: Kingambit|Protect|p1b: Kingambit\n|-singleturn|p1b: Kingambit|Protect\n|move|p2a: Iron Hands|Drain Punch|p1b: Kingambit\n|-activate|p1b: Kingambit|move: Protect\n|move|p2b: Ting-Lu|Stomping Tantrum|p1b: Kingambit\n|-activate|p1b: Kingambit|move: Protect\n|\n|-damage|p1b: Kingambit|56\/100|[from] move: Sand Tomb|[partiallytrapped]\n|upkeep\n|turn|7\n|\n|t:|1701001561\n|-end|p2a: Iron Hands|Quark Drive|[silent]\n|switch|p2a: Dondozo|Dondozo, L50, F|100\/100\n|move|p1b: Kingambit|Sucker Punch||[still]\n|-fail|p1b: Kingambit\n|move|p1a: Flutter Mane|Moonblast|p2a: Dondozo\n|-damage|p2a: Dondozo|59\/100\n|-unboost|p2a: Dondozo|spa|1\n|move|p2b: Ting-Lu|Heavy Slam|p1a: Flutter Mane\n|-supereffective|p1a: Flutter Mane\n|-damage|p1a: Flutter Mane|0 fnt\n|faint|p1a: Flutter Mane\n|-end|p1a: Flutter Mane|Protosynthesis|[silent]\n|\n|-heal|p2a: Dondozo|65\/100|[from] item: Leftovers\n|-damage|p1b: Kingambit|44\/100|[from] move: Sand Tomb|[partiallytrapped]\n|upkeep\n|\n|t:|1701001566\n|switch|p1a: Rillaboom|Rillaboom, L50, M|51\/100\n|-fieldstart|move: Grassy Terrain|[from] ability: Grassy Surge|[of] p1a: Rillaboom\n|turn|8\n|\n|t:|1701001582\n|switch|p2a: Iron Hands|Iron Hands, L50, shiny|54\/100\n|move|p2b: Ting-Lu|Protect|p2b: Ting-Lu\n|-singleturn|p2b: Ting-Lu|Protect\n|move|p1a: Rillaboom|Wood Hammer|p2a: Iron Hands\n|-damage|p2a: Iron Hands|1\/100\n|-damage|p1a: Rillaboom|32\/100|[from] Recoil\n|move|p1b: Kingambit|Kowtow Cleave|p2b: Ting-Lu\n|-activate|p2b: Ting-Lu|move: Protect\n|\n|-heal|p1a: Rillaboom|37\/100|[from] Grassy Terrain\n|-heal|p2a: Iron Hands|7\/100|[from] Grassy Terrain\n|-heal|p1b: Kingambit|50\/100|[from] Grassy Terrain\n|-heal|p2b: Ting-Lu|56\/100|[from] Grassy Terrain\n|-end|p1b: Kingambit|Sand Tomb|[partiallytrapped]\n|upkeep\n|turn|9\n|\n|t:|1701001597\n|move|p1b: Kingambit|Protect|p1b: Kingambit\n|-singleturn|p1b: Kingambit|Protect\n|move|p2a: Iron Hands|Fake Out|p1a: Rillaboom\n|-damage|p1a: Rillaboom|22\/100\n|cant|p1a: Rillaboom|flinch\n|move|p2b: Ting-Lu|Sand Tomb|p1a: Rillaboom\n|-resisted|p1a: Rillaboom\n|-damage|p1a: Rillaboom|15\/100\n|-activate|p1a: Rillaboom|move: Sand Tomb|[of] p2b: Ting-Lu\n|\n|-heal|p1a: Rillaboom|20\/100|[from] Grassy Terrain\n|-heal|p2a: Iron Hands|14\/100|[from] Grassy Terrain\n|-heal|p1b: Kingambit|56\/100|[from] Grassy Terrain\n|-heal|p2b: Ting-Lu|61\/100|[from] Grassy Terrain\n|-damage|p1a: Rillaboom|8\/100|[from] move: Sand Tomb|[partiallytrapped]\n|upkeep\n|turn|10\n|\n|t:|1701001614\n|-end|p2a: Iron Hands|Quark Drive|[silent]\n|switch|p2a: Dondozo|Dondozo, L50, F|65\/100\n|move|p1a: Rillaboom|Grassy Glide|p2a: Dondozo\n|-supereffective|p2a: Dondozo\n|-damage|p2a: Dondozo|15\/100\n|move|p1b: Kingambit|Kowtow Cleave|p2b: Ting-Lu\n|-damage|p2b: Ting-Lu|0 fnt\n|faint|p2b: Ting-Lu\n|\n|-heal|p1a: Rillaboom|14\/100|[from] Grassy Terrain\n|-heal|p1b: Kingambit|61\/100|[from] Grassy Terrain\n|-heal|p2a: Dondozo|22\/100|[from] Grassy Terrain\n|-heal|p2a: Dondozo|28\/100|[from] item: Leftovers\n|-end|p1a: Rillaboom|Sand Tomb|[partiallytrapped]|[silent]\n|upkeep\n|\n|t:|1701001617\n|switch|p2b: Iron Hands|Iron Hands, L50, shiny|14\/100\n|turn|11\n|\n|t:|1701001624\n|move|p2b: Iron Hands|Fake Out|p1a: Rillaboom\n|-damage|p1a: Rillaboom|0 fnt\n|faint|p1a: Rillaboom\n|move|p1b: Kingambit|Sucker Punch||[still]\n|-fail|p1b: Kingambit\n|move|p2a: Dondozo|Yawn|p1b: Kingambit\n|-start|p1b: Kingambit|move: Yawn|[of] p2a: Dondozo\n|\n|-heal|p2b: Iron Hands|20\/100|[from] Grassy Terrain\n|-heal|p1b: Kingambit|67\/100|[from] Grassy Terrain\n|-heal|p2a: Dondozo|34\/100|[from] Grassy Terrain\n|-heal|p2a: Dondozo|40\/100|[from] item: Leftovers\n|upkeep\n|\n|t:|1701001626\n|switch|p1a: Heatran|Heatran, L50, F|100\/100\n|turn|12\n|\n|t:|1701001637\n|move|p2a: Dondozo|Protect|p2a: Dondozo\n|-singleturn|p2a: Dondozo|Protect\n|move|p1a: Heatran|Earth Power|p2b: Iron Hands\n|-supereffective|p2b: Iron Hands\n|-damage|p2b: Iron Hands|0 fnt\n|faint|p2b: Iron Hands\n|-end|p2b: Iron Hands|Quark Drive|[silent]\n|move|p1b: Kingambit|Kowtow Cleave|p2a: Dondozo\n|-activate|p2a: Dondozo|move: Protect\n|\n|-heal|p1b: Kingambit|73\/100|[from] Grassy Terrain\n|-heal|p2a: Dondozo|46\/100|[from] Grassy Terrain\n|-heal|p2a: Dondozo|52\/100|[from] item: Leftovers\n|-end|p1b: Kingambit|move: Yawn|[silent]\n|-status|p1b: Kingambit|slp\n|-fieldend|move: Grassy Terrain\n|upkeep\n|turn|13\n|\n|t:|1701001646\n|move|p1a: Heatran|Magma Storm|p2a: Dondozo\n|-resisted|p2a: Dondozo\n|-damage|p2a: Dondozo|31\/100\n|-activate|p2a: Dondozo|move: Magma Storm|[of] p1a: Heatran\n|cant|p1b: Kingambit|slp\n|move|p2a: Dondozo|Wave Crash|p1b: Kingambit\n|-damage|p1b: Kingambit|34\/100 slp\n|-damage|p2a: Dondozo|19\/100|[from] Recoil\n|\n|-heal|p2a: Dondozo|25\/100|[from] item: Leftovers\n|-damage|p2a: Dondozo|13\/100|[from] move: Magma Storm|[partiallytrapped]\n|upkeep\n|turn|14\n|c|\u2606It\u2019sJustKen VGC|Gg wp\n|\n|t:|1701001658\n|move|p1a: Heatran|Earth Power|p2a: Dondozo\n|-damage|p2a: Dondozo|0 fnt\n|faint|p2a: Dondozo\n|\n|win|Quade Cooper?\n|n|\u2606Quade Cooper?|quadecooper\n|n|\u2606It\u2019sJustKen VGC|itsjustkenvgc\n|n| MattC (Banned)|mattcbanned\n|n| fyfyyalt1|fyfyyalt1\n|c|\u2606Quade Cooper?|gg\n","uploadtime":1701001660,"views":1,"p1id":"quadecooper","p2id":"itsjustkenvgc","formatid":"gen9vgc2023regulatione","rating":0,"private":0,"password":""}