{"id":"gen9vgc2023regulatione-1996388349","p1":"UnraveledQuinn","p2":"Thehoppa117","format":"[Gen 9] VGC 2023 Regulation E","log":"|j|\u2606UnraveledQuinn\n|j|\u2606Thehoppa117\n|t:|1700677298\n|gametype|doubles\n|player|p1|UnraveledQuinn|102|1227\n|player|p2|Thehoppa117|benga|1215\n|teamsize|p1|6\n|teamsize|p2|6\n|gen|9\n|tier|[Gen 9] VGC 2023 Regulation E\n|rated|\n|rule|Species Clause: Limit one of each Pok\u00e9mon\n|rule|Item Clause: Limit one of each item\n|clearpoke\n|poke|p1|Flutter Mane, L50|\n|poke|p1|Chien-Pao, L50|\n|poke|p1|Urshifu-*, L50, M|\n|poke|p1|Zapdos, L50|\n|poke|p1|Gastrodon, L50, F|\n|poke|p1|Kingambit, L50, M|\n|poke|p2|Iron Jugulis, L50|\n|poke|p2|Iron Hands, L50|\n|poke|p2|Iron Moth, L50|\n|poke|p2|Ogerpon-Hearthflame, L50, F|\n|poke|p2|Flutter Mane, L50|\n|poke|p2|Sinistcha, L50|\n|teampreview|4\n|inactive|Battle timer is ON: inactive players will automatically lose when time's up. (requested by Thehoppa117)\n|inactive|UnraveledQuinn has 60 seconds left.\n|inactive|Thehoppa117 has 60 seconds left.\n|\n|t:|1700677349\n|start\n|switch|p1a: Urshifu|Urshifu-Rapid-Strike, L50, M|100\/100\n|switch|p1b: Zapdos|Zapdos, L50|100\/100\n|switch|p2a: Iron Jugulis|Iron Jugulis, L50|100\/100\n|switch|p2b: Iron Hands|Iron Hands, L50|100\/100\n|-enditem|p2a: Iron Jugulis|Booster Energy\n|-activate|p2a: Iron Jugulis|ability: Quark Drive|[fromitem]\n|-start|p2a: Iron Jugulis|quarkdrivespe\n|turn|1\n|inactive|UnraveledQuinn has 30 seconds left.\n|inactive|Thehoppa117 has 30 seconds left.\n|inactive|UnraveledQuinn has 20 seconds left.\n|inactive|UnraveledQuinn has 15 seconds left.\n|\n|t:|1700677390\n|move|p1a: Urshifu|Protect|p1a: Urshifu\n|-singleturn|p1a: Urshifu|Protect\n|move|p2a: Iron Jugulis|Electric Terrain|p2a: Iron Jugulis\n|-fieldstart|move: Electric Terrain\n|-activate|p2b: Iron Hands|ability: Quark Drive\n|-start|p2b: Iron Hands|quarkdriveatk\n|move|p1b: Zapdos|Thunderbolt|p2a: Iron Jugulis\n|-supereffective|p2a: Iron Jugulis\n|-damage|p2a: Iron Jugulis|14\/100\n|move|p2b: Iron Hands|Thunder Punch|p1a: Urshifu\n|-activate|p1a: Urshifu|move: Protect\n|\n|upkeep\n|turn|2\n|inactive|UnraveledQuinn has 30 seconds left.\n|\n|t:|1700677419\n|move|p1a: Urshifu|Aqua Jet|p2a: Iron Jugulis\n|-damage|p2a: Iron Jugulis|0 fnt\n|faint|p2a: Iron Jugulis\n|-end|p2a: Iron Jugulis|Quark Drive|[silent]\n|move|p1b: Zapdos|Hurricane|p2b: Iron Hands|[miss]\n|-miss|p1b: Zapdos|p2b: Iron Hands\n|move|p2b: Iron Hands|Thunder Punch|p1a: Urshifu\n|-supereffective|p1a: Urshifu\n|-damage|p1a: Urshifu|0 fnt\n|faint|p1a: Urshifu\n|\n|upkeep\n|\n|t:|1700677431\n|switch|p2a: Iron Moth|Iron Moth, L50|100\/100\n|switch|p1a: Flutter Mane|Flutter Mane, L50|100\/100\n|-activate|p2a: Iron Moth|ability: Quark Drive\n|-start|p2a: Iron Moth|quarkdrivespa\n|turn|3\n|\n|t:|1700677450\n|move|p2a: Iron Moth|Sludge Wave|p1a: Flutter Mane|[spread] p2b,p1a,p1b\n|-crit|p2b: Iron Hands\n|-damage|p2b: Iron Hands|48\/100\n|-damage|p1a: Flutter Mane|45\/100\n|-damage|p1b: Zapdos|49\/100\n|move|p1a: Flutter Mane|Dazzling Gleam|p2b: Iron Hands|[spread] p2a,p2b\n|-resisted|p2a: Iron Moth\n|-supereffective|p2b: Iron Hands\n|-damage|p2a: Iron Moth|88\/100\n|-damage|p2b: Iron Hands|0 fnt\n|faint|p2b: Iron Hands\n|-end|p2b: Iron Hands|Quark Drive|[silent]\n|move|p1b: Zapdos|Thunder Wave|p2a: Iron Moth\n|-status|p2a: Iron Moth|par\n|\n|upkeep\n|\n|t:|1700677459\n|switch|p2b: Ogerpon|Ogerpon-Hearthflame, L50, F|100\/100\n|-ability|p2b: Ogerpon|Mold Breaker\n|turn|4\n|\n|t:|1700677472\n|-end|p1a: Flutter Mane|Protosynthesis|[silent]\n|switch|p1a: Chien-Pao|Chien-Pao, L50|100\/100\n|-ability|p1a: Chien-Pao|Sword of Ruin\n|move|p2b: Ogerpon|Spiky Shield|p2b: Ogerpon\n|-singleturn|p2b: Ogerpon|move: Protect\n|move|p2a: Iron Moth|Sludge Wave|p1a: Chien-Pao|[spread] p1a,p1b\n|-activate|p2b: Ogerpon|move: Protect\n|-damage|p1a: Chien-Pao|11\/100\n|-damage|p1b: Zapdos|0 fnt\n|faint|p1b: Zapdos\n|\n|upkeep\n|\n|t:|1700677485\n|switch|p1b: Flutter Mane|Flutter Mane, L50|45\/100\n|turn|5\n|\n|t:|1700677498\n|-terastallize|p1a: Chien-Pao|Dark\n|-terastallize|p2b: Ogerpon|Fire\n|detailschange|p2b: Ogerpon|Ogerpon-Hearthflame-Tera, L50, F, tera:Fire\n|-ability|p2b: Ogerpon|Embody Aspect (Hearthflame)|boost\n|-boost|p2b: Ogerpon|atk|1\n|move|p1b: Flutter Mane|Shadow Ball|p2b: Ogerpon\n|-damage|p2b: Ogerpon|28\/100\n|-unboost|p2b: Ogerpon|spd|1\n|move|p1a: Chien-Pao|Crunch|p2a: Iron Moth\n|-damage|p2a: Iron Moth|0 fnt\n|faint|p2a: Iron Moth\n|-end|p2a: Iron Moth|Quark Drive|[silent]\n|move|p2b: Ogerpon|Ivy Cudgel|p1b: Flutter Mane|[anim] Ivy Cudgel Fire\n|-damage|p1b: Flutter Mane|0 fnt\n|faint|p1b: Flutter Mane\n|-end|p1b: Flutter Mane|Protosynthesis|[silent]\n|\n|-fieldend|move: Electric Terrain\n|upkeep\n|turn|6\n|\n|t:|1700677523\n|move|p2b: Ogerpon|Spiky Shield|p2b: Ogerpon\n|-singleturn|p2b: Ogerpon|move: Protect\n|move|p1a: Chien-Pao|Sucker Punch||[still]\n|-fail|p1a: Chien-Pao\n|\n|upkeep\n|turn|7\n|\n|t:|1700677535\n|move|p2b: Ogerpon|Spiky Shield||[still]\n|-fail|p2b: Ogerpon\n|move|p1a: Chien-Pao|Crunch|p2b: Ogerpon\n|-damage|p2b: Ogerpon|0 fnt\n|faint|p2b: Ogerpon\n|\n|win|UnraveledQuinn\n|raw|UnraveledQuinn's rating: 1227 &rarr; <strong>1251<\/strong><br \/>(+24 for winning)\n|raw|Thehoppa117's rating: 1215 &rarr; <strong>1191<\/strong><br \/>(-24 for losing)\n","uploadtime":1700677590,"views":6,"p1id":"unraveledquinn","p2id":"thehoppa117","formatid":"gen9vgc2023regulatione","rating":1191,"private":0,"password":""}