{"id":"gen9vgc2023regulatione-1992303456","p1":"Gilesbomb","p2":"anotherhito","format":"[Gen 9] VGC 2023 Regulation E","log":"|j|\u2606Gilesbomb\n|j|\u2606anotherhito\n|t:|1700172681\n|gametype|doubles\n|player|p1|Gilesbomb|2|1019\n|player|p2|anotherhito|brock|1035\n|teamsize|p1|6\n|teamsize|p2|5\n|gen|9\n|tier|[Gen 9] VGC 2023 Regulation E\n|rated|\n|rule|Species Clause: Limit one of each Pok\u00e9mon\n|rule|Item Clause: Limit one of each item\n|clearpoke\n|poke|p1|Torkoal, L50, M|\n|poke|p1|Kleavor, L50, F|\n|poke|p1|Iron Hands, L50|\n|poke|p1|Gholdengo, L50|\n|poke|p1|Clefairy, L50, F|\n|poke|p1|Lilligant-Hisui, L50, F|\n|poke|p2|Braviary-Hisui, L50, M|\n|poke|p2|Farigiraf, L50, F|\n|poke|p2|Azumarill, L50, F|\n|poke|p2|Jumpluff, L50, F|\n|poke|p2|Murkrow, L50, F|\n|teampreview|4\n|\n|t:|1700172717\n|start\n|switch|p1a: Kleavor|Kleavor, L50, F|100\/100\n|switch|p1b: Clefairy|Clefairy, L50, F|100\/100\n|switch|p2a: Azumarill|Azumarill, L50, F|100\/100\n|switch|p2b: Jumpluff|Jumpluff, L50, F|100\/100\n|turn|1\n|\n|t:|1700172747\n|move|p1b: Clefairy|Follow Me|p1b: Clefairy\n|-singleturn|p1b: Clefairy|move: Follow Me\n|move|p2b: Jumpluff|Sleep Powder|p1b: Clefairy\n|-status|p1b: Clefairy|slp|[from] move: Sleep Powder\n|move|p1a: Kleavor|Stone Axe|p2b: Jumpluff\n|-supereffective|p2b: Jumpluff\n|-enditem|p2b: Jumpluff|Focus Sash\n|-damage|p2b: Jumpluff|1\/100\n|-sidestart|p2: anotherhito|move: Stealth Rock\n|move|p2a: Azumarill|Belly Drum|p2a: Azumarill\n|-damage|p2a: Azumarill|50\/100\n|-setboost|p2a: Azumarill|atk|6|[from] move: Belly Drum\n|-enditem|p2a: Azumarill|Sitrus Berry|[eat]\n|-heal|p2a: Azumarill|75\/100|[from] item: Sitrus Berry\n|\n|upkeep\n|turn|2\n|\n|t:|1700172779\n|move|p1a: Kleavor|Protect|p1a: Kleavor\n|-singleturn|p1a: Kleavor|Protect\n|move|p2a: Azumarill|Aqua Jet|p1a: Kleavor\n|-activate|p1a: Kleavor|move: Protect\n|move|p2b: Jumpluff|Giga Drain|p1a: Kleavor\n|-activate|p1a: Kleavor|move: Protect\n|cant|p1b: Clefairy|slp\n|\n|upkeep\n|turn|3\n|\n|t:|1700172794\n|move|p1a: Kleavor|Protect||[still]\n|-fail|p1a: Kleavor\n|move|p2a: Azumarill|Aqua Jet|p1a: Kleavor\n|-supereffective|p1a: Kleavor\n|-damage|p1a: Kleavor|0 fnt\n|-damage|p2a: Azumarill|59\/100|[from] item: Rocky Helmet|[of] p1a: Kleavor\n|faint|p1a: Kleavor\n|move|p2b: Jumpluff|Giga Drain|p1b: Clefairy\n|-damage|p1b: Clefairy|86\/100 slp\n|-heal|p2b: Jumpluff|7\/100|[from] drain|[of] p1b: Clefairy\n|cant|p1b: Clefairy|slp\n|\n|upkeep\n|\n|t:|1700172809\n|switch|p1a: Lilligant|Lilligant-Hisui, L50, F|100\/100\n|turn|4\n|\n|t:|1700172833\n|-curestatus|p1b: Clefairy|slp|[msg]\n|move|p1b: Clefairy|Follow Me|p1b: Clefairy\n|-singleturn|p1b: Clefairy|move: Follow Me\n|move|p2b: Jumpluff|Pollen Puff|p1b: Clefairy\n|-resisted|p1b: Clefairy\n|-damage|p1b: Clefairy|80\/100\n|move|p1a: Lilligant|Ice Spinner|p2b: Jumpluff\n|-supereffective|p2b: Jumpluff\n|-damage|p2b: Jumpluff|0 fnt\n|faint|p2b: Jumpluff\n|move|p2a: Azumarill|Play Rough|p1b: Clefairy\n|-damage|p1b: Clefairy|0 fnt\n|faint|p1b: Clefairy\n|\n|upkeep\n|\n|t:|1700172850\n|switch|p2b: Murkrow|Murkrow, L50, F|100\/100\n|switch|p1b: Torkoal|Torkoal, L50, M|100\/100\n|-damage|p2b: Murkrow|76\/100|[from] Stealth Rock\n|-weather|SunnyDay|[from] ability: Drought|[of] p1b: Torkoal\n|turn|5\n|-activate|p1b: Torkoal|item: Quick Claw\n|\n|t:|1700172887\n|-terastallize|p1b: Torkoal|Fire\n|move|p2b: Murkrow|Quash|p1a: Lilligant\n|-activate|p1a: Lilligant|move: Quash\n|move|p1b: Torkoal|Eruption|p2b: Murkrow|[spread] p2a,p2b\n|-resisted|p2a: Azumarill\n|-damage|p2a: Azumarill|19\/100\n|-damage|p2b: Murkrow|2\/100\n|move|p2a: Azumarill|Play Rough|p1a: Lilligant\n|-supereffective|p1a: Lilligant\n|-damage|p1a: Lilligant|0 fnt\n|faint|p1a: Lilligant\n|\n|-weather|SunnyDay|[upkeep]\n|upkeep\n|turn|6\n|inactive|Battle timer is ON: inactive players will automatically lose when time's up. (requested by Gilesbomb)\n|\n|t:|1700172968\n|move|p2a: Azumarill|Protect|p2a: Azumarill\n|-singleturn|p2a: Azumarill|Protect\n|move|p2b: Murkrow|Foul Play|p1b: Torkoal\n|-damage|p1b: Torkoal|81\/100\n|move|p1b: Torkoal|Eruption|p2a: Azumarill|[spread] p2b\n|-activate|p2a: Azumarill|move: Protect\n|-damage|p2b: Murkrow|0 fnt\n|faint|p2b: Murkrow\n|\n|-weather|SunnyDay|[upkeep]\n|upkeep\n|\n|t:|1700172978\n|switch|p2b: Braviary|Braviary-Hisui, L50, M, shiny|100\/100\n|-damage|p2b: Braviary|76\/100|[from] Stealth Rock\n|turn|7\n|-activate|p1b: Torkoal|item: Quick Claw\n|\n|t:|1700172992\n|move|p2a: Azumarill|Aqua Jet|p1b: Torkoal\n|-supereffective|p1b: Torkoal\n|-damage|p1b: Torkoal|5\/100\n|move|p1b: Torkoal|Earth Power|p2a: Azumarill\n|-damage|p2a: Azumarill|0 fnt\n|faint|p2a: Azumarill\n|move|p2b: Braviary|Psychic|p1b: Torkoal\n|-damage|p1b: Torkoal|0 fnt\n|faint|p1b: Torkoal\n|\n|win|anotherhito\n|raw|Gilesbomb's rating: 1019 &rarr; <strong>1007<\/strong><br \/>(-12 for losing)\n|raw|anotherhito's rating: 1035 &rarr; <strong>1068<\/strong><br \/>(+33 for winning)\n|l|\u2606Gilesbomb\n","uploadtime":1700173013,"views":20,"p1id":"gilesbomb","p2id":"anotherhito","formatid":"gen9vgc2023regulatione","rating":1007,"private":0,"password":""}