{"id":"gen9vgc2023regulatione-1995135053","p1":"chriscanway","p2":"quarters_ou","format":"[Gen 9] VGC 2023 Regulation E","log":"|j|\u2606chriscanway\n|j|\u2606quarters_ou\n|n|\u2606chriscanway|chriscanway\n|n|\u2606quarters_ou|quartersou\n|html|View the match progress at <a href=\"\/game-bestof3-gen9vgc2023regulatione-1995135052\">game-bestof3-gen9vgc2023regulatione-1995135052<\/a>\n|t:|1700526458\n|gametype|doubles\n|player|p1|chriscanway|ethan|\n|player|p2|quarters_ou|1|\n|teamsize|p1|6\n|teamsize|p2|6\n|gen|9\n|tier|[Gen 9] VGC 2023 Regulation E\n|rule|Species Clause: Limit one of each Pok\u00e9mon\n|rule|Item Clause: Limit one of each item\n|clearpoke\n|poke|p1|Tornadus, L50, M|\n|poke|p1|Ogerpon-Wellspring, L50, F|\n|poke|p1|Iron Hands, L50|\n|poke|p1|Arcanine-Hisui, L50, F|\n|poke|p1|Urshifu-*, L50, M|\n|poke|p1|Landorus-Therian, L50, M|\n|poke|p2|Moltres-Galar, L50|\n|poke|p2|Sinistcha-Masterpiece, L50|\n|poke|p2|Ninetales-Alola, L50, M|\n|poke|p2|Landorus-Therian, L50, M|\n|poke|p2|Iron Hands, L50|\n|poke|p2|Heatran, L50, F|\n|teampreview|4\nchriscanway has agreed to open team sheets.\nquarters_ou has agreed to open team sheets.\n|showteam|p1|Tornadus||CovertCloak|Prankster|Taunt,IcyWind,BleakwindStorm,Tailwind|||M|||50|,,,,,Dark]Ogerpon-Wellspring||WellspringMask|WaterAbsorb|IvyCudgel,HornLeech,FollowMe,SpikyShield|||F|||50|,,,,,Water]Iron Hands||AssaultVest|QuarkDrive|FakeOut,WildCharge,DrainPunch,VoltSwitch||||||50|,,,,,Grass]Arcanine-Hisui||ChoiceBand|Intimidate|FlareBlitz,RockSlide,CloseCombat,ExtremeSpeed|||F|||50|,,,,,Normal]Urshifu||FocusSash|UnseenFist|WickedBlow,SuckerPunch,CloseCombat,Detect|||M|||50|,,,,,Dark]Landorus-Therian||ChoiceScarf|Intimidate|TeraBlast,RockSlide,Uturn,StompingTantrum|||M|||50|,,,,,Flying\n|showteam|p2|Moltres-Galar||SitrusBerry|Berserk|FieryWrath,AirSlash,NastyPlot,Protect||||||50|,,,,,Poison]Sinistcha-Masterpiece||RockyHelmet|Hospitality|MatchaGotcha,RagePowder,StrengthSap,TrickRoom||||||50|,,,,,Water]Ninetales-Alola||LightClay|SnowWarning|Moonblast,Blizzard,AuroraVeil,Protect|||M|||50|,,,,,Water]Landorus-Therian||ChoiceScarf|Intimidate|StompingTantrum,RockSlide,Uturn,TeraBlast|||M|||50|,,,,,Flying]Iron Hands||AssaultVest|QuarkDrive|FakeOut,WildCharge,DrainPunch,HeavySlam||||||50|,,,,,Water]Heatran||Leftovers|FlashFire|HeatWave,EarthPower,TeraBlast,Protect|||F|||50|,,,,,Grass\n|j| babiwi bewey\u2714\ufe0f\n|\n|t:|1700526538\n|start\n|switch|p1a: Tornadus|Tornadus, L50, M|100\/100\n|switch|p1b: Urshifu|Urshifu, L50, M|100\/100\n|switch|p2a: Sinistcha|Sinistcha-Masterpiece, L50|100\/100\n|switch|p2b: Landorus|Landorus-Therian, L50, M|100\/100\n|-ability|p2b: Landorus|Intimidate|boost\n|-unboost|p1a: Tornadus|atk|1\n|-unboost|p1b: Urshifu|atk|1\n|turn|1\n|\n|t:|1700526557\n|move|p2b: Landorus|U-turn|p1b: Urshifu\n|-damage|p1b: Urshifu|74\/100\n|\n|t:|1700526563\n|switch|p2b: Moltres|Moltres-Galar, L50|100\/100|[from] U-turn\n|move|p1a: Tornadus|Icy Wind|p2a: Sinistcha|[spread] p2a\n|-miss|p1a: Tornadus|p2b: Moltres\n|-supereffective|p2a: Sinistcha\n|-damage|p2a: Sinistcha|74\/100\n|-unboost|p2a: Sinistcha|spe|1\n|move|p1b: Urshifu|Wicked Blow|p2b: Moltres\n|-resisted|p2b: Moltres\n|-crit|p2b: Moltres\n|-damage|p2b: Moltres|73\/100\n|move|p2a: Sinistcha|Trick Room|p2a: Sinistcha\n|-fieldstart|move: Trick Room|[of] p2a: Sinistcha\n|\n|upkeep\n|turn|2\n|\n|t:|1700526612\n|switch|p1b: Arcanine|Arcanine-Hisui, L50, F|100\/100\n|-ability|p1b: Arcanine|Intimidate|boost\n|-unboost|p2a: Sinistcha|atk|1\n|-unboost|p2b: Moltres|atk|1\n|move|p2a: Sinistcha|Strength Sap|p1b: Arcanine\n|-unboost|p1b: Arcanine|atk|1\n|-heal|p2a: Sinistcha|100\/100\n|move|p2b: Moltres|Fiery Wrath|p1b: Arcanine|[spread] p1a,p1b\n|-damage|p1a: Tornadus|66\/100\n|-damage|p1b: Arcanine|65\/100\n|move|p1a: Tornadus|Icy Wind|p2b: Moltres|[spread] p2a,p2b\n|-supereffective|p2a: Sinistcha\n|-supereffective|p2b: Moltres\n|-damage|p2a: Sinistcha|70\/100\n|-damage|p2b: Moltres|54\/100\n|-unboost|p2a: Sinistcha|spe|1\n|-unboost|p2b: Moltres|spe|1\n|\n|upkeep\n|turn|3\n|\n|t:|1700526649\n|move|p1a: Tornadus|Taunt|p2a: Sinistcha\n|-start|p2a: Sinistcha|move: Taunt\n|move|p2a: Sinistcha|Matcha Gotcha|p1a: Tornadus|[spread] p1a\n|-miss|p2a: Sinistcha|p1b: Arcanine\n|-resisted|p1a: Tornadus\n|-damage|p1a: Tornadus|44\/100\n|-heal|p2a: Sinistcha|80\/100|[from] drain|[of] p1a: Tornadus\n|move|p2b: Moltres|Fiery Wrath|p1a: Tornadus|[spread] p1a,p1b\n|-damage|p1a: Tornadus|4\/100\n|-damage|p1b: Arcanine|33\/100\n|cant|p1b: Arcanine|flinch\n|\n|upkeep\n|turn|4\n|\n|t:|1700526678\n|switch|p1a: Urshifu|Urshifu, L50, M|74\/100\n|move|p2a: Sinistcha|Matcha Gotcha|p1b: Arcanine|[spread] p1a,p1b\n|-damage|p1a: Urshifu|30\/100\n|-heal|p2a: Sinistcha|100\/100|[from] drain|[of] p1a: Urshifu\n|-damage|p1b: Arcanine|0 fnt\n|faint|p1b: Arcanine\n|move|p2b: Moltres|Fiery Wrath|p1a: Urshifu\n|-resisted|p1a: Urshifu\n|-damage|p1a: Urshifu|15\/100\n|\n|upkeep\n|\n|t:|1700526684\n|switch|p1b: Tornadus|Tornadus, L50, M|4\/100\n|turn|5\n|\n|t:|1700526697\n|move|p1a: Urshifu|Detect|p1a: Urshifu\n|-singleturn|p1a: Urshifu|Protect\n|move|p2a: Sinistcha|Matcha Gotcha|p1a: Urshifu|[spread] p1b\n|-activate|p1a: Urshifu|move: Protect\n|-resisted|p1b: Tornadus\n|-damage|p1b: Tornadus|0 fnt\n|faint|p1b: Tornadus\n|move|p2b: Moltres|Fiery Wrath|p1a: Urshifu\n|-activate|p1a: Urshifu|move: Protect\n|\n|-end|p2a: Sinistcha|move: Taunt\n|-fieldend|move: Trick Room\n|upkeep\n|\n|t:|1700526699\n|switch|p1b: Landorus|Landorus-Therian, L50, M|100\/100\n|-ability|p1b: Landorus|Intimidate|boost\n|-unboost|p2a: Sinistcha|atk|1\n|-unboost|p2b: Moltres|atk|1\n|turn|6\n|\n|t:|1700526711\n|switch|p2b: Landorus|Landorus-Therian, L50, M|100\/100\n|-ability|p2b: Landorus|Intimidate|boost\n|-unboost|p1a: Urshifu|atk|1\n|-unboost|p1b: Landorus|atk|1\n|move|p1b: Landorus|Rock Slide|p2a: Sinistcha|[spread] p2a,p2b\n|-damage|p2a: Sinistcha|87\/100\n|-damage|p2b: Landorus|86\/100\n|move|p1a: Urshifu|Wicked Blow|p2a: Sinistcha\n|-supereffective|p2a: Sinistcha\n|-crit|p2a: Sinistcha\n|-damage|p2a: Sinistcha|0 fnt\n|-damage|p1a: Urshifu|0 fnt|[from] item: Rocky Helmet|[of] p2a: Sinistcha\n|faint|p2a: Sinistcha\n|faint|p1a: Urshifu\n|\n|upkeep\n|\n|t:|1700526722\n|switch|p2a: Moltres|Moltres-Galar, L50|54\/100\n|turn|7\n|-message|chriscanway forfeited.\n|\n|win|quarters_ou\n|c|&|\/uhtml prompt-chriscanway,chriscanway is ready for game 2!\n","uploadtime":1700526730,"views":3,"p1id":"chriscanway","p2id":"quartersou","formatid":"gen9vgc2023regulatione","rating":0,"private":0,"password":""}