{"id":"gen9vgc2023regulatione-1997467917","p1":"supernooper","p2":"Galaxia015","format":"[Gen 9] VGC 2023 Regulation E","log":"|j|\u2606supernooper\n|j|\u2606Galaxia015\n|t:|1700810588\n|gametype|doubles\n|player|p1|supernooper|guitarist|1054\n|player|p2|Galaxia015|ghetsis|1130\n|teamsize|p1|6\n|teamsize|p2|6\n|gen|9\n|tier|[Gen 9] VGC 2023 Regulation E\n|rated|\n|rule|Species Clause: Limit one of each Pok\u00e9mon\n|rule|Item Clause: Limit one of each item\n|clearpoke\n|poke|p1|Cyclizar, L50, F|\n|poke|p1|Dragonite, L50, M|\n|poke|p1|Milotic, L50, F|\n|poke|p1|Gholdengo, L50|\n|poke|p1|Arcanine-Hisui, L50, F|\n|poke|p1|Flutter Mane, L50|\n|poke|p2|Gyarados, L50, M|\n|poke|p2|Ursaluna-Bloodmoon, L50, M|\n|poke|p2|Okidogi, L50, M|\n|poke|p2|Skeledirge, L50, M|\n|poke|p2|Oranguru, L50, M|\n|poke|p2|Ogerpon-Wellspring, L50, F|\n|teampreview|4\nGalaxia015 has agreed to open team sheets.\n|inactive|Battle timer is ON: inactive players will automatically lose when time's up. (requested by Galaxia015)\nsupernooper rejected open team sheets.\n|\n|t:|1700810611\n|start\n|switch|p1a: Cyclizar|Cyclizar, L50, F|100\/100\n|switch|p1b: Arcanine|Arcanine-Hisui, L50, F|100\/100\n|switch|p2a: Oranguru|Oranguru, L50, M, shiny|100\/100\n|switch|p2b: Ogerpon|Ogerpon-Wellspring, L50, F|100\/100\n|-ability|p1b: Arcanine|Intimidate|boost\n|-fail|p2a: Oranguru|unboost|Attack|[from] ability: Inner Focus|[of] p2a: Oranguru\n|-unboost|p2b: Ogerpon|atk|1\n|turn|1\n|\n|t:|1700810623\n|move|p2b: Ogerpon|Follow Me|p2b: Ogerpon\n|-singleturn|p2b: Ogerpon|move: Follow Me\n|move|p1a: Cyclizar|Taunt|p2b: Ogerpon\n|-start|p2b: Ogerpon|move: Taunt\n|move|p1b: Arcanine|Snarl|p2b: Ogerpon|[spread] p2a,p2b\n|-supereffective|p2a: Oranguru\n|-damage|p2a: Oranguru|88\/100\n|-damage|p2b: Ogerpon|93\/100\n|-unboost|p2a: Oranguru|spa|1\n|-unboost|p2b: Ogerpon|spa|1\n|move|p2a: Oranguru|Trick Room|p2a: Oranguru\n|-fieldstart|move: Trick Room|[of] p2a: Oranguru\n|\n|upkeep\n|turn|2\n|\n|t:|1700810645\n|switch|p2b: Okidogi|Okidogi, L50, M|100\/100\n|move|p2a: Oranguru|Encore|p1b: Arcanine\n|-start|p1b: Arcanine|Encore\n|move|p1b: Arcanine|Snarl|p2b: Okidogi|[spread] p2a,p2b\n|-supereffective|p2a: Oranguru\n|-resisted|p2b: Okidogi\n|-crit|p2b: Okidogi\n|-damage|p2a: Oranguru|76\/100\n|-damage|p2b: Okidogi|96\/100\n|-unboost|p2a: Oranguru|spa|1\n|-unboost|p2b: Okidogi|spa|1\n|move|p1a: Cyclizar|Knock Off|p2a: Oranguru\n|-supereffective|p2a: Oranguru\n|-damage|p2a: Oranguru|43\/100\n|-enditem|p2a: Oranguru|Mental Herb|[from] move: Knock Off|[of] p1a: Cyclizar\n|\n|upkeep\n|turn|3\n|\n|t:|1700810666\n|switch|p1b: Flutter Mane|Flutter Mane, L50|100\/100\n|-enditem|p1b: Flutter Mane|Booster Energy\n|-activate|p1b: Flutter Mane|ability: Protosynthesis|[fromitem]\n|-start|p1b: Flutter Mane|protosynthesisspa\n|move|p2a: Oranguru|Psychic|p1a: Cyclizar\n|-damage|p1a: Cyclizar|79\/100\n|move|p2b: Okidogi|Drain Punch|p1a: Cyclizar\n|-supereffective|p1a: Cyclizar\n|-damage|p1a: Cyclizar|0 fnt\n|-heal|p2b: Okidogi|100\/100|[from] drain|[of] p1a: Cyclizar\n|faint|p1a: Cyclizar\n|\n|upkeep\n|\n|t:|1700810679\n|switch|p1a: Arcanine|Arcanine-Hisui, L50, F|100\/100\n|-ability|p1a: Arcanine|Intimidate|boost\n|-fail|p2a: Oranguru|unboost|Attack|[from] ability: Inner Focus|[of] p2a: Oranguru\n|-ability|p2b: Okidogi|Guard Dog|boost\n|-boost|p2b: Okidogi|atk|1\n|turn|4\n|\n|t:|1700810693\n|-terastallize|p1a: Arcanine|Fire\n|move|p2a: Oranguru|Instruct|p2b: Okidogi\n|-singleturn|p2b: Okidogi|move: Instruct|[of] p2a: Oranguru\n|move|p2b: Okidogi|Drain Punch|p1a: Arcanine\n|-damage|p1a: Arcanine|49\/100\n|move|p2b: Okidogi|Poison Jab|p1b: Flutter Mane\n|-damage|p1b: Flutter Mane|0 fnt\n|faint|p1b: Flutter Mane\n|-end|p1b: Flutter Mane|Protosynthesis|[silent]\n|move|p1a: Arcanine|Flare Blitz|p2b: Okidogi\n|-damage|p2b: Okidogi|46\/100\n|-damage|p1a: Arcanine|31\/100|[from] Recoil\n|\n|upkeep\n|\n|t:|1700810707\n|switch|p1b: Milotic|Milotic, L50, F|100\/100\n|turn|5\n|inactive|supernooper has 30 seconds left.\n|\n|t:|1700810740\n|move|p2a: Oranguru|Instruct|p2b: Okidogi\n|-singleturn|p2b: Okidogi|move: Instruct|[of] p2a: Oranguru\n|move|p2b: Okidogi|Poison Jab|p1b: Milotic\n|-damage|p1b: Milotic|25\/100\n|-status|p1b: Milotic|psn\n|move|p2b: Okidogi|Drain Punch|p1a: Arcanine\n|-damage|p1a: Arcanine|0 fnt\n|-heal|p2b: Okidogi|62\/100|[from] drain|[of] p1a: Arcanine\n|faint|p1a: Arcanine\n|move|p1b: Milotic|Scald|p2b: Okidogi\n|-damage|p2b: Okidogi|36\/100\n|-status|p2b: Okidogi|brn\n|\n|-damage|p1b: Milotic|12\/100 psn|[from] psn\n|-damage|p2b: Okidogi|30\/100 brn|[from] brn\n|-fieldend|move: Trick Room\n|upkeep\n|turn|6\n|\n|t:|1700810761\n|move|p1b: Milotic|Scald|p2b: Okidogi\n|-damage|p2b: Okidogi|4\/100 brn\n|move|p2b: Okidogi|Knock Off|p1b: Milotic\n|-damage|p1b: Milotic|0 fnt\n|-enditem|p1b: Milotic|Flame Orb|[from] move: Knock Off|[of] p2b: Okidogi\n|faint|p1b: Milotic\n|\n|win|Galaxia015\n|raw|supernooper's rating: 1054 &rarr; <strong>1040<\/strong><br \/>(-14 for losing)\n|raw|Galaxia015's rating: 1130 &rarr; <strong>1150<\/strong><br \/>(+20 for winning)\n|l|\u2606supernooper\n","uploadtime":1700810789,"views":14,"p1id":"supernooper","p2id":"galaxia015","formatid":"gen9vgc2023regulatione","rating":1040,"private":0,"password":""}