{"id":"gen9vgc2023regulatione-1997996868","p1":"Eleisson4","p2":"Fancy Cucudrula","format":"[Gen 9] VGC 2023 Regulation E","log":"|j|\u2606Eleisson4\n|j|\u2606Fancy Cucudrula\n|n|\u2606Eleisson4|eleisson4\n|n|\u2606Fancy Cucudrula|fancycucudrula\n|html|View the match progress at <a href=\"\/game-bestof3-gen9vgc2023regulatione-1997991942\">game-bestof3-gen9vgc2023regulatione-1997991942<\/a>\n|t:|1700876898\n|gametype|doubles\n|player|p1|Eleisson4|101|\n|player|p2|Fancy Cucudrula|valerie|\n|teamsize|p1|6\n|teamsize|p2|6\n|gen|9\n|tier|[Gen 9] VGC 2023 Regulation E\n|rule|Species Clause: Limit one of each Pok\u00e9mon\n|rule|Item Clause: Limit one of each item\n|clearpoke\n|poke|p1|Iron Hands, L50|\n|poke|p1|Flutter Mane, L50|\n|poke|p1|Heatran, L50, F|\n|poke|p1|Chien-Pao, L50|\n|poke|p1|Ogerpon-Wellspring, L50, F|\n|poke|p1|Amoonguss, L50, F|\n|poke|p2|Flutter Mane, L50|\n|poke|p2|Amoonguss, L50, M|\n|poke|p2|Heatran, L50, F|\n|poke|p2|Iron Hands, L50|\n|poke|p2|Landorus-Therian, L50, M|\n|poke|p2|Chien-Pao, L50|\n|teampreview|4\n|inactive|Battle timer is ON: inactive players will automatically lose when time's up. (requested by Fancy Cucudrula)\nFancy Cucudrula has agreed to open team sheets.\nEleisson4 has agreed to open team sheets.\n|showteam|p1|Iron Hands||BoosterEnergy|QuarkDrive|SwordsDance,IcePunch,WildCharge,DrainPunch||||||50|,,,,,Ground]Flutter Mane||ChoiceSpecs|Protosynthesis|MysticalFire,ShadowBall,DazzlingGleam,PowerGem||||||50|,,,,,Fairy]Heatran||SitrusBerry|FlashFire|HeatWave,FlashCannon,EarthPower,Protect|||F|||50|,,,,,Grass]Chien-Pao||FocusSash|SwordofRuin|IceSpinner,SuckerPunch,PsychicFangs,Protect||||||50|,,,,,Ghost]Ogerpon-Wellspring||WellspringMask|WaterAbsorb|IvyCudgel,HornLeech,Taunt,SpikyShield|||F|||50|,,,,,Water]Amoonguss||AguavBerry|Regenerator|Spore,RagePowder,PollenPuff,ClearSmog|||F|||50|,,,,,Water\n|showteam|p2|Flutter Mane||ChoiceSpecs|Protosynthesis|DazzlingGleam,Moonblast,ShadowBall,PerishSong||||||50|,,,,,Fairy]Amoonguss||RockyHelmet|Regenerator|RagePowder,PollenPuff,Spore,Protect|||M|||50|,,,,,Water]Heatran||SafetyGoggles|FlashFire|HeatWave,EarthPower,FlashCannon,Protect|||F|||50|,,,,,Fairy]Iron Hands||AssaultVest|QuarkDrive|DrainPunch,WildCharge,HeavySlam,FakeOut||||||50|,,,,,Water]Landorus-Therian||ChoiceScarf|Intimidate|StompingTantrum,TeraBlast,RockSlide,Uturn|||M|||50|,,,,,Flying]Chien-Pao||FocusSash|SwordofRuin|IceSpinner,SuckerPunch,Haze,Protect||||||50|,,,,,Ghost\n|inactive|Fancy Cucudrula has 30 seconds left.\n|inactive|Fancy Cucudrula has 20 seconds left.\n|inactive|Fancy Cucudrula has 15 seconds left.\n|\n|t:|1700876950\n|start\n|switch|p1a: Iron Hands|Iron Hands, L50, shiny|100\/100\n|switch|p1b: Heatran|Heatran, L50, F, shiny|100\/100\n|switch|p2a: Luquisha|Landorus-Therian, L50, M|100\/100\n|switch|p2b: Lawrence|Heatran, L50, F, shiny|100\/100\n|-ability|p2a: Luquisha|Intimidate|boost\n|-unboost|p1a: Iron Hands|atk|1\n|-unboost|p1b: Heatran|atk|1\n|-enditem|p1a: Iron Hands|Booster Energy\n|-activate|p1a: Iron Hands|ability: Quark Drive|[fromitem]\n|-start|p1a: Iron Hands|quarkdrivedef\n|turn|1\n|inactive|Fancy Cucudrula has 30 seconds left.\n|inactive|Fancy Cucudrula has 20 seconds left.\n|inactive|Fancy Cucudrula has 15 seconds left.\n|inactive|Fancy Cucudrula has 10 seconds left.\n|inactive|Fancy Cucudrula has 5 seconds left.\n|\n|t:|1700877001\n|switch|p2a: Brita Filter|Amoonguss, L50, M, shiny|100\/100\n|-terastallize|p2b: Lawrence|Fairy\n|move|p1b: Heatran|Protect|p1b: Heatran\n|-singleturn|p1b: Heatran|Protect\n|move|p2b: Lawrence|Earth Power|p1b: Heatran\n|-activate|p1b: Heatran|move: Protect\n|move|p1a: Iron Hands|Ice Punch|p2a: Brita Filter\n|-supereffective|p2a: Brita Filter\n|-damage|p2a: Brita Filter|77\/100\n|-damage|p1a: Iron Hands|84\/100|[from] item: Rocky Helmet|[of] p2a: Brita Filter\n|\n|upkeep\n|turn|2\n|\n|t:|1700877023\n|-terastallize|p1b: Heatran|Grass\n|move|p2b: Lawrence|Protect|p2b: Lawrence\n|-singleturn|p2b: Lawrence|Protect\n|move|p1b: Heatran|Heat Wave|p2b: Lawrence|[spread] \n|-activate|p2b: Lawrence|move: Protect\n|-miss|p1b: Heatran|p2a: Brita Filter\n|move|p1a: Iron Hands|Ice Punch|p2a: Brita Filter\n|-supereffective|p2a: Brita Filter\n|-damage|p2a: Brita Filter|52\/100\n|-damage|p1a: Iron Hands|67\/100|[from] item: Rocky Helmet|[of] p2a: Brita Filter\n|move|p2a: Brita Filter|Spore|p1a: Iron Hands\n|-status|p1a: Iron Hands|slp|[from] move: Spore\n|\n|upkeep\n|turn|3\n|inactive|Eleisson4 has 30 seconds left.\n|inactive|Fancy Cucudrula has 30 seconds left.\n|inactive|Eleisson4 has 20 seconds left.\n|inactive|Eleisson4 has 15 seconds left.\n|\n|t:|1700877064\n|-end|p1a: Iron Hands|Quark Drive|[silent]\n|switch|p1a: Ogerpon|Ogerpon-Wellspring, L50, F|100\/100\n|move|p2a: Brita Filter|Protect|p2a: Brita Filter\n|-singleturn|p2a: Brita Filter|Protect\n|move|p1b: Heatran|Heat Wave|p2b: Lawrence|[spread] \n|-activate|p2a: Brita Filter|move: Protect\n|-start|p2b: Lawrence|ability: Flash Fire\n|move|p2b: Lawrence|Earth Power|p1a: Ogerpon\n|-resisted|p1a: Ogerpon\n|-damage|p1a: Ogerpon|82\/100\n|\n|upkeep\n|turn|4\n|inactive|Eleisson4 has 30 seconds left.\n|inactive|Fancy Cucudrula has 30 seconds left.\n|inactive|Eleisson4 has 20 seconds left.\n|\n|t:|1700877104\n|switch|p2a: Luquisha|Landorus-Therian, L50, M|100\/100\n|-ability|p2a: Luquisha|Intimidate|boost\n|-unboost|p1a: Ogerpon|atk|1\n|-unboost|p1b: Heatran|atk|1\n|move|p1a: Ogerpon|Ivy Cudgel|p2b: Lawrence|[anim] Ivy Cudgel Water\n|-damage|p2b: Lawrence|65\/100\n|move|p1b: Heatran|Heat Wave|p2a: Luquisha|[spread] p2a\n|-immune|p2b: Lawrence|[from] ability: Flash Fire\n|-damage|p2a: Luquisha|60\/100\n|move|p2b: Lawrence|Flash Cannon|p1b: Heatran\n|-damage|p1b: Heatran|60\/100\n|-unboost|p1b: Heatran|spd|1\n|\n|upkeep\n|turn|5\n|inactive|Eleisson4 has 30 seconds left.\n|inactive|Eleisson4 has 20 seconds left.\n|\n|t:|1700877143\n|move|p1a: Ogerpon|Spiky Shield|p1a: Ogerpon\n|-singleturn|p1a: Ogerpon|move: Protect\n|move|p2a: Luquisha|U-turn|p1b: Heatran\n|-supereffective|p1b: Heatran\n|-damage|p1b: Heatran|8\/100\n|-enditem|p1b: Heatran|Sitrus Berry|[eat]\n|-heal|p1b: Heatran|32\/100|[from] item: Sitrus Berry\n|\n|t:|1700877149\n|switch|p2a: Brita Filter|Amoonguss, L50, M, shiny|85\/100|[from] U-turn\n|move|p1b: Heatran|Flash Cannon|p2b: Lawrence\n|-supereffective|p2b: Lawrence\n|-damage|p2b: Lawrence|0 fnt\n|faint|p2b: Lawrence\n|\n|upkeep\n|\n|t:|1700877155\n|switch|p2b: Jessica Wild|Chien-Pao, L50|100\/100\n|-ability|p2b: Jessica Wild|Sword of Ruin\n|turn|6\n|\n|t:|1700877170\n|switch|p1a: Iron Hands|Iron Hands, L50, shiny|67\/100 slp\n|move|p1b: Heatran|Protect|p1b: Heatran\n|-singleturn|p1b: Heatran|Protect\n|move|p2b: Jessica Wild|Ice Spinner|p1a: Iron Hands\n|-damage|p1a: Iron Hands|39\/100 slp\n|move|p2a: Brita Filter|Pollen Puff|p1b: Heatran\n|-activate|p1b: Heatran|move: Protect\n|\n|upkeep\n|turn|7\n|inactive|Eleisson4 has 30 seconds left.\n|inactive|Eleisson4 has 20 seconds left.\n|\n|t:|1700877208\n|move|p2a: Brita Filter|Rage Powder|p2a: Brita Filter\n|-singleturn|p2a: Brita Filter|move: Rage Powder\n|move|p2b: Jessica Wild|Ice Spinner|p1b: Heatran\n|-supereffective|p1b: Heatran\n|-damage|p1b: Heatran|0 fnt\n|faint|p1b: Heatran\n|cant|p1a: Iron Hands|slp\n|\n|upkeep\n|\n|t:|1700877219\n|switch|p1b: Chien-Pao|Chien-Pao, L50|100\/100\n|-ability|p1b: Chien-Pao|Sword of Ruin\n|turn|8\n|inactive|Fancy Cucudrula has 30 seconds left.\n|\n|t:|1700877244\n|move|p2b: Jessica Wild|Protect|p2b: Jessica Wild\n|-singleturn|p2b: Jessica Wild|Protect\n|move|p1b: Chien-Pao|Ice Spinner|p2a: Brita Filter\n|-supereffective|p2a: Brita Filter\n|-damage|p2a: Brita Filter|3\/100\n|-damage|p1b: Chien-Pao|84\/100|[from] item: Rocky Helmet|[of] p2a: Brita Filter\n|-curestatus|p1a: Iron Hands|slp|[msg]\n|move|p1a: Iron Hands|Ice Punch|p2a: Brita Filter\n|-supereffective|p2a: Brita Filter\n|-damage|p2a: Brita Filter|0 fnt\n|-damage|p1a: Iron Hands|23\/100|[from] item: Rocky Helmet|[of] p2a: Brita Filter\n|faint|p2a: Brita Filter\n|\n|upkeep\n|\n|t:|1700877254\n|switch|p2a: Luquisha|Landorus-Therian, L50, M|60\/100\n|-ability|p2a: Luquisha|Intimidate|boost\n|-unboost|p1a: Iron Hands|atk|1\n|-unboost|p1b: Chien-Pao|atk|1\n|turn|9\n|inactive|Eleisson4 has 30 seconds left.\n|inactive|Eleisson4 has 20 seconds left.\n|inactive|Fancy Cucudrula has 30 seconds left.\n|\n|t:|1700877291\n|move|p2a: Luquisha|Stomping Tantrum|p1b: Chien-Pao\n|-damage|p1b: Chien-Pao|30\/100\n|move|p1b: Chien-Pao|Ice Spinner|p2a: Luquisha\n|-supereffective|p2a: Luquisha\n|-damage|p2a: Luquisha|0 fnt\n|faint|p2a: Luquisha\n|move|p2b: Jessica Wild|Ice Spinner|p1a: Iron Hands\n|-damage|p1a: Iron Hands|0 fnt\n|faint|p1a: Iron Hands\n|-end|p1a: Iron Hands|Quark Drive|[silent]\n|\n|upkeep\n|\n|t:|1700877299\n|switch|p1a: Ogerpon|Ogerpon-Wellspring, L50, F|82\/100\n|turn|10\n|\n|t:|1700877316\n|move|p2b: Jessica Wild|Protect|p2b: Jessica Wild\n|-singleturn|p2b: Jessica Wild|Protect\n|move|p1b: Chien-Pao|Sucker Punch||[still]\n|-fail|p1b: Chien-Pao\n|move|p1a: Ogerpon|Ivy Cudgel|p2b: Jessica Wild|[anim] Ivy Cudgel Water\n|-activate|p2b: Jessica Wild|move: Protect\n|\n|upkeep\n|turn|11\n|\n|t:|1700877325\n|move|p2b: Jessica Wild|Sucker Punch|p1b: Chien-Pao\n|-resisted|p1b: Chien-Pao\n|-damage|p1b: Chien-Pao|9\/100\n|move|p1b: Chien-Pao|Sucker Punch||[still]\n|-fail|p1b: Chien-Pao\n|move|p1a: Ogerpon|Ivy Cudgel|p2b: Jessica Wild|[anim] Ivy Cudgel Water\n|-damage|p2b: Jessica Wild|23\/100\n|\n|upkeep\n|turn|12\n|\n|t:|1700877339\n|move|p2b: Jessica Wild|Sucker Punch|p1b: Chien-Pao\n|-resisted|p1b: Chien-Pao\n|-damage|p1b: Chien-Pao|0 fnt\n|faint|p1b: Chien-Pao\n|move|p1a: Ogerpon|Ivy Cudgel|p2b: Jessica Wild|[anim] Ivy Cudgel Water\n|-damage|p2b: Jessica Wild|0 fnt\n|faint|p2b: Jessica Wild\n|\n|win|Eleisson4\n|l|\u2606Eleisson4\n","uploadtime":1700877383,"views":13,"p1id":"eleisson4","p2id":"fancycucudrula","formatid":"gen9vgc2023regulatione","rating":0,"private":0,"password":""}