{"id":"gen9vgc2023regulatione-1994482925","p1":"Llort365","p2":"jdjdksjwbwb","format":"[Gen 9] VGC 2023 Regulation E","log":"|j|\u2606Llort365\n|j|\u2606jdjdksjwbwb\n|t:|1700449135\n|gametype|doubles\n|player|p1|Llort365|hilbert-wonderlauncher|1031\n|player|p2|jdjdksjwbwb|1|1000\n|teamsize|p1|6\n|teamsize|p2|6\n|gen|9\n|tier|[Gen 9] VGC 2023 Regulation E\n|rated|\n|rule|Species Clause: Limit one of each Pok\u00e9mon\n|rule|Item Clause: Limit one of each item\n|clearpoke\n|poke|p1|Tinkaton, L50, F|\n|poke|p1|Amoonguss, L50, F|\n|poke|p1|Ceruledge, L50, F|\n|poke|p1|Iron Bundle, L50|\n|poke|p1|Flutter Mane, L50|\n|poke|p1|Kingambit, L50, F|\n|poke|p2|Cinderace, L50, M|\n|poke|p2|Empoleon, L50, F|\n|poke|p2|Dudunsparce-*, L50, M|\n|poke|p2|Landorus-Therian, L50, M|\n|poke|p2|Regieleki, L50|\n|poke|p2|Ceruledge, L50, F|\n|teampreview|4\nLlort365 has agreed to open team sheets.\n|inactive|Battle timer is ON: inactive players will automatically lose when time's up. (requested by jdjdksjwbwb)\n|inactive|Llort365 has 60 seconds left.\n|\n|t:|1700449233\n|start\n|switch|p1a: Kingambit|Kingambit, L50, F|100\/100\n|switch|p1b: Iron Bundle|Iron Bundle, L50|100\/100\n|switch|p2a: Empoleon|Empoleon, L50, F|100\/100\n|switch|p2b: Cinderace|Cinderace, L50, M|100\/100\n|-enditem|p1b: Iron Bundle|Booster Energy\n|-activate|p1b: Iron Bundle|ability: Quark Drive|[fromitem]\n|-start|p1b: Iron Bundle|quarkdrivespe\n|turn|1\n|\n|t:|1700449255\n|-end|p1b: Iron Bundle|Quark Drive|[silent]\n|switch|p1b: Tinkaton|Tinkaton, L50, F|100\/100\n|-ability|p1b: Tinkaton|Mold Breaker\n|switch|p1a: Ceruledge|Ceruledge, L50, F|100\/100\n|move|p2b: Cinderace|Fire Pledge|p1a: Ceruledge\n|-waiting|p2b: Cinderace|p2a: Empoleon\n|move|p2a: Empoleon|Water Pledge|p1b: Tinkaton|[from]move: Fire Pledge\n|-combine\n|-damage|p1b: Tinkaton|56\/100\n|-sidestart|p2: jdjdksjwbwb|Water Pledge\n|\n|upkeep\n|turn|2\n|inactive|Llort365 has 30 seconds left.\n|inactive|jdjdksjwbwb has 30 seconds left.\n|\n|t:|1700449287\n|move|p1b: Tinkaton|Fake Out|p2a: Empoleon\n|-resisted|p2a: Empoleon\n|-damage|p2a: Empoleon|96\/100\n|move|p2b: Cinderace|U-turn|p1b: Tinkaton\n|-start|p2b: Cinderace|typechange|Bug|[from] ability: Libero\n|-resisted|p1b: Tinkaton\n|-damage|p1b: Tinkaton|46\/100\n|-damage|p2b: Cinderace|91\/100|[from] item: Life Orb\n|\n|t:|1700449301\n|switch|p2b: Dudunsparce|Dudunsparce-Three-Segment, L50, M|100\/100|[from] U-turn\n|move|p1a: Ceruledge|Bulk Up|p1a: Ceruledge\n|-boost|p1a: Ceruledge|atk|1\n|-boost|p1a: Ceruledge|def|1\n|cant|p2a: Empoleon|flinch\n|\n|upkeep\n|turn|3\n|inactive|Llort365 has 30 seconds left.\n|inactive|jdjdksjwbwb has 30 seconds left.\n|inactive|Llort365 has 20 seconds left.\n|inactive|Llort365 has 15 seconds left.\n|inactive|jdjdksjwbwb has 20 seconds left.\n|inactive|Llort365 has 10 seconds left.\n|\n|t:|1700449349\n|move|p1b: Tinkaton|Helping Hand|p1a: Ceruledge\n|-singleturn|p1a: Ceruledge|Helping Hand|[of] p1b: Tinkaton\n|move|p2b: Dudunsparce|Blizzard|p1a: Ceruledge|[spread] p1a,p1b\n|-resisted|p1a: Ceruledge\n|-resisted|p1b: Tinkaton\n|-damage|p1a: Ceruledge|94\/100\n|-damage|p1b: Tinkaton|41\/100\n|move|p1a: Ceruledge|Bitter Blade|p2a: Empoleon\n|-damage|p2a: Empoleon|0 fnt\n|-heal|p1a: Ceruledge|100\/100|[from] drain|[of] p2a: Empoleon\n|faint|p2a: Empoleon\n|\n|upkeep\n|\n|t:|1700449366\n|switch|p2a: Ceruledge|Ceruledge, L50, F|100\/100\n|turn|4\n|\n|t:|1700449387\n|switch|p1b: Kingambit|Kingambit, L50, F|100\/100\n|move|p1a: Ceruledge|Shadow Sneak|p2a: Ceruledge\n|-supereffective|p2a: Ceruledge\n|-damage|p2a: Ceruledge|29\/100\n|-damage|p1a: Ceruledge|84\/100|[from] item: Rocky Helmet|[of] p2a: Ceruledge\n|move|p2a: Ceruledge|Bulk Up|p2a: Ceruledge\n|-boost|p2a: Ceruledge|atk|1\n|-boost|p2a: Ceruledge|def|1\n|move|p2b: Dudunsparce|Rock Slide|p1a: Ceruledge|[spread] p1a,p1b\n|-supereffective|p1a: Ceruledge\n|-resisted|p1b: Kingambit\n|-damage|p1a: Ceruledge|65\/100\n|-damage|p1b: Kingambit|96\/100\n|\n|-sideend|p2: jdjdksjwbwb|Water Pledge\n|upkeep\n|turn|5\n|inactive|Llort365 has 30 seconds left.\n|\n|t:|1700449413\n|-terastallize|p1b: Kingambit|Dark\n|move|p2a: Ceruledge|Protect|p2a: Ceruledge\n|-singleturn|p2a: Ceruledge|Protect\n|move|p1a: Ceruledge|Shadow Sneak|p2a: Ceruledge\n|-activate|p2a: Ceruledge|move: Protect\n|move|p2b: Dudunsparce|Tailwind|p2b: Dudunsparce\n|-sidestart|p2: jdjdksjwbwb|move: Tailwind\n|move|p1b: Kingambit|Swords Dance|p1b: Kingambit\n|-boost|p1b: Kingambit|atk|2\n|\n|upkeep\n|turn|6\n|\n|t:|1700449437\n|-terastallize|p2a: Ceruledge|Grass\n|move|p2a: Ceruledge|Shadow Sneak|p1a: Ceruledge\n|-supereffective|p1a: Ceruledge\n|-damage|p1a: Ceruledge|22\/100\n|move|p1a: Ceruledge|Shadow Sneak|p2a: Ceruledge\n|-damage|p2a: Ceruledge|4\/100\n|-damage|p1a: Ceruledge|6\/100|[from] item: Rocky Helmet|[of] p2a: Ceruledge\n|move|p2b: Dudunsparce|Blizzard|p1a: Ceruledge|[spread] p1b\n|-miss|p2b: Dudunsparce|p1a: Ceruledge\n|-crit|p1b: Kingambit\n|-damage|p1b: Kingambit|74\/100\n|-status|p1b: Kingambit|frz\n|cant|p1b: Kingambit|frz\n|\n|upkeep\n|turn|7\n|inactive|Llort365 has 30 seconds left.\n|inactive|jdjdksjwbwb has 30 seconds left.\n|\n|t:|1700449464\n|switch|p1a: Iron Bundle|Iron Bundle, L50|100\/100\n|move|p2a: Ceruledge|Shadow Sneak|p1a: Iron Bundle\n|-damage|p1a: Iron Bundle|66\/100\n|move|p2b: Dudunsparce|Rock Slide|p1b: Kingambit|[spread] p1a\n|-miss|p2b: Dudunsparce|p1b: Kingambit\n|-supereffective|p1a: Iron Bundle\n|-damage|p1a: Iron Bundle|32\/100\n|cant|p1b: Kingambit|frz\n|\n|upkeep\n|turn|8\n|\n|t:|1700449482\n|move|p1a: Iron Bundle|Protect|p1a: Iron Bundle\n|-singleturn|p1a: Iron Bundle|Protect\n|move|p2a: Ceruledge|Bitter Blade|p1b: Kingambit\n|-damage|p1b: Kingambit|22\/100 frz\n|-heal|p2a: Ceruledge|35\/100|[from] drain|[of] p1b: Kingambit\n|-curestatus|p1b: Kingambit|frz|[msg]\n|move|p2b: Dudunsparce|Rock Slide|p1b: Kingambit|[spread] p1b\n|-activate|p1a: Iron Bundle|move: Protect\n|-damage|p1b: Kingambit|13\/100\n|move|p1b: Kingambit|Kowtow Cleave|p2a: Ceruledge\n|-damage|p2a: Ceruledge|0 fnt\n|-damage|p1b: Kingambit|0 fnt|[from] item: Rocky Helmet|[of] p2a: Ceruledge\n|faint|p2a: Ceruledge\n|faint|p1b: Kingambit\n|\n|-sideend|p2: jdjdksjwbwb|move: Tailwind\n|upkeep\n|\n|t:|1700449502\n|switch|p2a: Cinderace|Cinderace, L50, M|91\/100\n|switch|p1b: Tinkaton|Tinkaton, L50, F|41\/100\n|-ability|p1b: Tinkaton|Mold Breaker\n|turn|9\n|\n|t:|1700449529\n|move|p1b: Tinkaton|Fake Out|p2a: Cinderace\n|-damage|p2a: Cinderace|79\/100\n|move|p1a: Iron Bundle|Hydro Pump|p2a: Cinderace\n|-supereffective|p2a: Cinderace\n|-damage|p2a: Cinderace|0 fnt\n|faint|p2a: Cinderace\n|move|p2b: Dudunsparce|Tailwind|p2b: Dudunsparce\n|-sidestart|p2: jdjdksjwbwb|move: Tailwind\n|\n|upkeep\n|turn|10\n|\n|t:|1700449541\n|move|p1b: Tinkaton|Helping Hand|p1a: Iron Bundle\n|-singleturn|p1a: Iron Bundle|Helping Hand|[of] p1b: Tinkaton\n|move|p2b: Dudunsparce|Rock Slide|p1b: Tinkaton|[spread] p1a,p1b\n|-supereffective|p1a: Iron Bundle\n|-resisted|p1b: Tinkaton\n|-damage|p1a: Iron Bundle|4\/100\n|-damage|p1b: Tinkaton|34\/100\n|move|p1a: Iron Bundle|Freeze-Dry|p2b: Dudunsparce\n|-damage|p2b: Dudunsparce|49\/100\n|\n|upkeep\n|turn|11\n|\n|t:|1700449552\n|move|p1a: Iron Bundle|Protect|p1a: Iron Bundle\n|-singleturn|p1a: Iron Bundle|Protect\n|move|p2b: Dudunsparce|Rock Slide|p1b: Tinkaton|[spread] p1b\n|-activate|p1a: Iron Bundle|move: Protect\n|-resisted|p1b: Tinkaton\n|-damage|p1b: Tinkaton|28\/100\n|move|p1b: Tinkaton|Gigaton Hammer|p2b: Dudunsparce\n|-damage|p2b: Dudunsparce|10\/100\n|\n|upkeep\n|turn|12\n|-enditem|p2b: Dudunsparce|Custap Berry|[eat]\n|-activate|p2b: Dudunsparce|item: Custap Berry|[consumed]\n|\n|t:|1700449574\n|switch|p1b: Ceruledge|Ceruledge, L50, F|6\/100\n|move|p1a: Iron Bundle|Protect||[still]\n|-fail|p1a: Iron Bundle\n|move|p2b: Dudunsparce|Rock Slide|p1b: Ceruledge|[spread] p1a,p1b\n|-supereffective|p1a: Iron Bundle\n|-supereffective|p1b: Ceruledge\n|-damage|p1a: Iron Bundle|0 fnt\n|-damage|p1b: Ceruledge|0 fnt\n|faint|p1a: Iron Bundle\n|-end|p1a: Iron Bundle|Quark Drive|[silent]\n|faint|p1b: Ceruledge\n|\n|-sideend|p2: jdjdksjwbwb|move: Tailwind\n|upkeep\n|\n|t:|1700449589\n|switch|p1a: Tinkaton|Tinkaton, L50, F|28\/100\n|-ability|p1a: Tinkaton|Mold Breaker\n|turn|13\n|\n|t:|1700449596\n|move|p2b: Dudunsparce|Protect|p2b: Dudunsparce\n|-singleturn|p2b: Dudunsparce|Protect\n|move|p1a: Tinkaton|Gigaton Hammer|p2b: Dudunsparce\n|-activate|p2b: Dudunsparce|move: Protect\n|\n|upkeep\n|turn|14\n|inactive|jdjdksjwbwb has 30 seconds left.\n|\n|t:|1700449630\n|move|p2b: Dudunsparce|Rock Slide|p1a: Tinkaton|[miss]\n|-miss|p2b: Dudunsparce|p1a: Tinkaton\n|move|p1a: Tinkaton|Thunder Wave|p2b: Dudunsparce\n|-status|p2b: Dudunsparce|par\n|\n|upkeep\n|turn|15\n|-message|jdjdksjwbwb forfeited.\n|\n|win|Llort365\n|raw|Llort365's rating: 1031 &rarr; <strong>1063<\/strong><br \/>(+32 for winning)\n|raw|jdjdksjwbwb's rating: 1000 &rarr; <strong>1000<\/strong><br \/>(+0 for losing)\n|l|\u2606jdjdksjwbwb\n","uploadtime":1700449646,"views":7,"p1id":"llort365","p2id":"jdjdksjwbwb","formatid":"gen9vgc2023regulatione","rating":1000,"private":0,"password":""}