{"id":"gen9vgc2023regulatione-1995033469","p1":"LemVGC","p2":"Dysi2404","format":"[Gen 9] VGC 2023 Regulation E","log":"|j|\u2606LemVGC\n|j|\u2606Dysi2404\n|n|\u2606LemVGC|lemvgc\n|n|\u2606Dysi2404|dysi2404\n|html|View the match progress at <a href=\"\/game-bestof3-gen9vgc2023regulatione-1995018245\">game-bestof3-gen9vgc2023regulatione-1995018245<\/a>\n|t:|1700515434\n|gametype|doubles\n|player|p1|LemVGC|169|\n|player|p2|Dysi2404|n|\n|teamsize|p1|6\n|teamsize|p2|6\n|gen|9\n|tier|[Gen 9] VGC 2023 Regulation E\n|rule|Species Clause: Limit one of each Pok\u00e9mon\n|rule|Item Clause: Limit one of each item\n|clearpoke\n|poke|p1|Sinistcha, L50|\n|poke|p1|Ursaluna-Bloodmoon, L50, M|\n|poke|p1|Heatran, L50, M|\n|poke|p1|Gyarados, L50, M|\n|poke|p1|Iron Hands, L50|\n|poke|p1|Tinkaton, L50, F|\n|poke|p2|Gastrodon, L50, M|\n|poke|p2|Landorus-Therian, L50, M|\n|poke|p2|Heatran, L50, M|\n|poke|p2|Flutter Mane, L50|\n|poke|p2|Rillaboom, L50, M|\n|poke|p2|Kingambit, L50, M|\n|teampreview|4\n|j| Polpolpo\nDysi2404 has agreed to open team sheets.\nLemVGC has agreed to open team sheets.\n|showteam|p1|Sinistcha||RockyHelmet|Hospitality|MatchaGotcha,RagePowder,StrengthSap,TrickRoom||||||50|,,,,,Water]Ursaluna-Bloodmoon||Leftovers|MindsEye|BloodMoon,EarthPower,CalmMind,Protect|||M|||50|,,,,,Poison]Heatran||ShucaBerry|FlashFire|HeatWave,FlashCannon,EarthPower,Protect|||M|||50|,,,,,Fairy]Gyarados||SafetyGoggles|Intimidate|Waterfall,ThunderWave,Taunt,Protect|||M|||50|,,,,,Fairy]Iron Hands||AssaultVest|QuarkDrive|WildCharge,DrainPunch,HeavySlam,FakeOut||||||50|,,,,,Fire]Tinkaton||SitrusBerry|OwnTempo|FakeOut,GigatonHammer,PlayRough,KnockOff|||F|||50|,,,,,Water\n|showteam|p2|Gastrodon||SitrusBerry|StormDrain|EarthPower,IceBeam,Yawn,Protect|||M|||50|,,,,,Poison]Landorus-Therian||ChoiceScarf|Intimidate|StompingTantrum,TeraBlast,Uturn,RockSlide|||M|||50|,,,,,Flying]Heatran||Leftovers|FlashFire|MagmaStorm,EarthPower,Substitute,Protect|||M|||50|,,,,,Fairy]Flutter Mane||ChoiceSpecs|Protosynthesis|Moonblast,DazzlingGleam,ShadowBall,PerishSong||||||50|,,,,,Fairy]Rillaboom||MiracleSeed|GrassySurge|FakeOut,GrassyGlide,Protect,WoodHammer|||M|||50|,,,,,Fire]Kingambit||AssaultVest|Defiant|KowtowCleave,SuckerPunch,IronHead,TeraBlast|||M|||50|,,,,,Fairy\n|c|\u2606Dysi2404|gl\n|\n|t:|1700515559\n|start\n|switch|p1a: Ursaluna|Ursaluna-Bloodmoon, L50, M|100\/100\n|switch|p1b: Iron Hands|Iron Hands, L50|100\/100\n|switch|p2a: Rillaboom|Rillaboom, L50, M|100\/100\n|switch|p2b: Heatran|Heatran, L50, M|100\/100\n|-fieldstart|move: Grassy Terrain|[from] ability: Grassy Surge|[of] p2a: Rillaboom\n|turn|1\n|\n|t:|1700515594\n|move|p2a: Rillaboom|Fake Out|p1b: Iron Hands\n|-damage|p1b: Iron Hands|93\/100\n|cant|p1b: Iron Hands|flinch\n|move|p2b: Heatran|Substitute|p2b: Heatran\n|-start|p2b: Heatran|Substitute\n|-damage|p2b: Heatran|75\/100\n|move|p1a: Ursaluna|Calm Mind|p1a: Ursaluna\n|-boost|p1a: Ursaluna|spa|1\n|-boost|p1a: Ursaluna|spd|1\n|\n|-heal|p2b: Heatran|82\/100|[from] Grassy Terrain\n|-heal|p2b: Heatran|88\/100|[from] item: Leftovers\n|-heal|p1b: Iron Hands|99\/100|[from] Grassy Terrain\n|upkeep\n|turn|2\n|\n|t:|1700515724\n|-terastallize|p1a: Ursaluna|Poison\n|move|p2b: Heatran|Magma Storm|p1b: Iron Hands|[miss]\n|-miss|p2b: Heatran|p1b: Iron Hands\n|move|p2a: Rillaboom|Wood Hammer|p1b: Iron Hands\n|-damage|p1b: Iron Hands|40\/100\n|-damage|p2a: Rillaboom|77\/100|[from] Recoil\n|move|p1a: Ursaluna|Blood Moon|p2a: Rillaboom\n|-damage|p2a: Rillaboom|0 fnt\n|faint|p2a: Rillaboom\n|move|p1b: Iron Hands|Drain Punch|p2b: Heatran\n|-supereffective|p2b: Heatran\n|-end|p2b: Heatran|Substitute\n|-heal|p1b: Iron Hands|50\/100|[from] drain|[of] p2b: Heatran\n|\n|-heal|p2b: Heatran|94\/100|[from] Grassy Terrain\n|-heal|p2b: Heatran|100\/100|[from] item: Leftovers\n|-heal|p1b: Iron Hands|56\/100|[from] Grassy Terrain\n|upkeep\n|\n|t:|1700515754\n|switch|p2a: Landorus|Landorus-Therian, L50, M|100\/100\n|-ability|p2a: Landorus|Intimidate|boost\n|-unboost|p1a: Ursaluna|atk|1\n|-unboost|p1b: Iron Hands|atk|1\n|turn|3\n|\n|t:|1700515821\n|-end|p1b: Iron Hands|Quark Drive|[silent]\n|switch|p1b: Heatran|Heatran, L50, M|100\/100\n|-terastallize|p2b: Heatran|Fairy\n|move|p1a: Ursaluna|Protect|p1a: Ursaluna\n|-singleturn|p1a: Ursaluna|Protect\n|move|p2a: Landorus|U-turn|p1b: Heatran\n|-resisted|p1b: Heatran\n|-damage|p1b: Heatran|94\/100\n|\n|t:|1700515827\n|switch|p2a: Gastrodon|Gastrodon, L50, M|100\/100|[from] U-turn\n|move|p2b: Heatran|Magma Storm|p1b: Heatran\n|-start|p1b: Heatran|ability: Flash Fire\n|\n|-heal|p1b: Heatran|99\/100|[from] Grassy Terrain\n|upkeep\n|turn|4\n|\n|t:|1700515867\n|move|p2b: Heatran|Protect|p2b: Heatran\n|-singleturn|p2b: Heatran|Protect\n|move|p2a: Gastrodon|Protect|p2a: Gastrodon\n|-singleturn|p2a: Gastrodon|Protect\n|move|p1b: Heatran|Earth Power|p2a: Gastrodon\n|-activate|p2a: Gastrodon|move: Protect\n|move|p1a: Ursaluna|Blood Moon|p2a: Gastrodon\n|-activate|p2a: Gastrodon|move: Protect\n|\n|-heal|p1b: Heatran|100\/100|[from] Grassy Terrain\n|upkeep\n|turn|5\n|\n|t:|1700515931\n|move|p1b: Heatran|Flash Cannon|p2b: Heatran\n|-supereffective|p2b: Heatran\n|-damage|p2b: Heatran|28\/100\n|move|p2b: Heatran|Earth Power|p1b: Heatran\n|-supereffective|p1b: Heatran\n|-enditem|p1b: Heatran|Shuca Berry|[eat]\n|-enditem|p1b: Heatran|Shuca Berry|[weaken]\n|-damage|p1b: Heatran|34\/100\n|move|p1a: Ursaluna|Earth Power|p2b: Heatran\n|-damage|p2b: Heatran|0 fnt\n|faint|p2b: Heatran\n|move|p2a: Gastrodon|Earth Power|p1b: Heatran\n|-supereffective|p1b: Heatran\n|-damage|p1b: Heatran|0 fnt\n|faint|p1b: Heatran\n|\n|-fieldend|move: Grassy Terrain\n|upkeep\n|\n|t:|1700515950\n|switch|p1b: Iron Hands|Iron Hands, L50|56\/100\n|switch|p2b: Landorus|Landorus-Therian, L50, M|100\/100\n|-ability|p2b: Landorus|Intimidate|boost\n|-unboost|p1a: Ursaluna|atk|1\n|-unboost|p1b: Iron Hands|atk|1\n|turn|6\n|\n|t:|1700515965\n|move|p1b: Iron Hands|Fake Out|p2b: Landorus\n|-damage|p2b: Landorus|89\/100\n|cant|p2b: Landorus|flinch\n|move|p1a: Ursaluna|Blood Moon|p2b: Landorus\n|-damage|p2b: Landorus|0 fnt\n|faint|p2b: Landorus\n|move|p2a: Gastrodon|Yawn|p1a: Ursaluna\n|-start|p1a: Ursaluna|move: Yawn|[of] p2a: Gastrodon\n|\n|upkeep\n|turn|7\n|\n|t:|1700515976\n|move|p2a: Gastrodon|Protect|p2a: Gastrodon\n|-singleturn|p2a: Gastrodon|Protect\n|move|p1a: Ursaluna|Earth Power|p2a: Gastrodon\n|-activate|p2a: Gastrodon|move: Protect\n|move|p1b: Iron Hands|Drain Punch|p2a: Gastrodon\n|-activate|p2a: Gastrodon|move: Protect\n|\n|-end|p1a: Ursaluna|move: Yawn|[silent]\n|-status|p1a: Ursaluna|slp\n|upkeep\n|turn|8\n|\n|t:|1700515984\n|cant|p1a: Ursaluna|slp\n|move|p1b: Iron Hands|Drain Punch|p2a: Gastrodon\n|-crit|p2a: Gastrodon\n|-damage|p2a: Gastrodon|53\/100\n|-heal|p1b: Iron Hands|78\/100|[from] drain|[of] p2a: Gastrodon\n|move|p2a: Gastrodon|Earth Power|p1a: Ursaluna\n|-supereffective|p1a: Ursaluna\n|-damage|p1a: Ursaluna|60\/100 slp\n|\n|-heal|p1a: Ursaluna|65\/100 slp|[from] item: Leftovers\n|upkeep\n|turn|9\n|\n|t:|1700515992\n|cant|p1a: Ursaluna|slp\n|move|p1b: Iron Hands|Drain Punch|p2a: Gastrodon\n|-damage|p2a: Gastrodon|30\/100\n|-heal|p1b: Iron Hands|88\/100|[from] drain|[of] p2a: Gastrodon\n|-enditem|p2a: Gastrodon|Sitrus Berry|[eat]\n|-heal|p2a: Gastrodon|54\/100|[from] item: Sitrus Berry\n|move|p2a: Gastrodon|Earth Power|p1a: Ursaluna\n|-supereffective|p1a: Ursaluna\n|-damage|p1a: Ursaluna|29\/100 slp\n|\n|-heal|p1a: Ursaluna|35\/100 slp|[from] item: Leftovers\n|upkeep\n|turn|10\n|\n|t:|1700516003\n|-curestatus|p1a: Ursaluna|slp|[msg]\n|move|p1a: Ursaluna|Protect|p1a: Ursaluna\n|-singleturn|p1a: Ursaluna|Protect\n|move|p1b: Iron Hands|Drain Punch|p2a: Gastrodon\n|-damage|p2a: Gastrodon|32\/100\n|-heal|p1b: Iron Hands|98\/100|[from] drain|[of] p2a: Gastrodon\n|move|p2a: Gastrodon|Earth Power|p1a: Ursaluna\n|-activate|p1a: Ursaluna|move: Protect\n|\n|-heal|p1a: Ursaluna|41\/100|[from] item: Leftovers\n|upkeep\n|turn|11\n|\n|t:|1700516008\n|move|p1a: Ursaluna|Earth Power|p2a: Gastrodon\n|-damage|p2a: Gastrodon|0 fnt\n|faint|p2a: Gastrodon\n|\n|win|LemVGC\n|c|\u2606LemVGC|gg\n|c|\u2606Dysi2404|gg\n|c| Polpolpo|lem\n|c| Polpolpo|sei bellissimo\n|l| Polpolpo\n|c|\u2606LemVGC|grazie polpo anche tu\n","uploadtime":1700516066,"views":14,"p1id":"lemvgc","p2id":"dysi2404","formatid":"gen9vgc2023regulatione","rating":0,"private":0,"password":""}