{"id":"gen9vgc2023regulatione-1990180390","p1":"kidturtle","p2":"Cdogp","format":"[Gen 9] VGC 2023 Regulation E","log":"|j|\u2606kidturtle\n|j|\u2606Cdogp\n|t:|1699933718\n|gametype|doubles\n|player|p1|kidturtle|hoopster|\n|player|p2|Cdogp|backpacker|\n|teamsize|p1|6\n|teamsize|p2|6\n|gen|9\n|tier|[Gen 9] VGC 2023 Regulation E\n|rated|Tournament battle\n|rule|Species Clause: Limit one of each Pok\u00e9mon\n|rule|Item Clause: Limit one of each item\n|clearpoke\n|poke|p1|Ursaluna, L50, M|\n|poke|p1|Cresselia, L50, F|\n|poke|p1|Flutter Mane, L50|\n|poke|p1|Chi-Yu, L50|\n|poke|p1|Iron Hands, L50|\n|poke|p1|Urshifu-*, L50, M|\n|poke|p2|Flutter Mane, L50|\n|poke|p2|Amoonguss, L50, M|\n|poke|p2|Landorus-Therian, L50, M|\n|poke|p2|Urshifu-*, L50, F|\n|poke|p2|Iron Hands, L50|\n|poke|p2|Arcanine, L50, F|\n|teampreview|4\n|showteam|p1|Ursaluna||FlameOrb|Guts|Facade,Earthquake,SwordsDance,Protect|||M|||50|,,,,,Ghost]Cresselia||MentalHerb|Levitate|IceBeam,AllySwitch,LunarBlessing,TrickRoom|||F|||50|,,,,,Fairy]Flutter Mane||BoosterEnergy|Protosynthesis|IcyWind,ShadowBall,Moonblast,Protect||||||50|,,,,,Fairy]Chi-Yu||ChoiceSpecs|BeadsofRuin|BurningJealousy,DarkPulse,Overheat,Snarl||||||50|,,,,,Ghost]Iron Hands||SitrusBerry|QuarkDrive|DrainPunch,WildCharge,FakeOut,SwordsDance||||||50|,,,,,Fire]Urshifu||FocusSash|UnseenFist|Detect,WickedBlow,CloseCombat,SuckerPunch|||M|||50|,,,,,Dark\n|showteam|p2|Flutter Mane||ChoiceSpecs|Protosynthesis|DazzlingGleam,ShadowBall,Moonblast,EnergyBall||||||50|,,,,,Fairy]Amoonguss||MentalHerb|Regenerator|Spore,PollenPuff,RagePowder,Protect|||M|||50|,,,,,Water]Landorus-Therian||ClearAmulet|Intimidate|TeraBlast,Uturn,StompingTantrum,Protect|||M|||50|,,,,,Flying]Urshifu-Rapid-Strike||ChoiceScarf|UnseenFist|Uturn,SurgingStrikes,AquaJet,CloseCombat|||F|||50|,,,,,Water]Iron Hands||Leftovers|QuarkDrive|WildCharge,Detect,SwordsDance,DrainPunch||||||50|,,,,,Fire]Arcanine||SafetyGoggles|Intimidate|WillOWisp,FlareBlitz,Snarl,Protect|||F|||50|,,,,,Water\n|inactive|Battle timer is ON: inactive players will automatically lose when time's up. (requested by Cdogp)\n|j|%Radio Free C-Side\n|inactive|kidturtle has 60 seconds left.\n|\n|t:|1699933750\n|start\n|switch|p1a: Iron Hands|Iron Hands, L50|100\/100\n|switch|p1b: Cresselia|Cresselia, L50, F|100\/100\n|switch|p2a: Jimbe|Urshifu-Rapid-Strike, L50, F|100\/100\n|switch|p2b: Usopp|Amoonguss, L50, M|100\/100\n|turn|1\n|j| Tenseigt\n|\n|t:|1699933764\n|move|p1a: Iron Hands|Fake Out|p2b: Usopp\n|-damage|p2b: Usopp|87\/100\n|move|p2a: Jimbe|U-turn|p1b: Cresselia\n|-supereffective|p1b: Cresselia\n|-damage|p1b: Cresselia|71\/100\n|\n|t:|1699933769\n|switch|p2a: Chad|Iron Hands, L50|100\/100|[from] U-turn\n|cant|p2b: Usopp|flinch\n|move|p1b: Cresselia|Trick Room|p1b: Cresselia\n|-fieldstart|move: Trick Room|[of] p1b: Cresselia\n|\n|upkeep\n|turn|2\n|\n|t:|1699933788\n|-end|p1a: Iron Hands|Quark Drive|[silent]\n|switch|p1a: Ursaluna|Ursaluna, L50, M|100\/100\n|move|p2b: Usopp|Spore|p1b: Cresselia\n|-status|p1b: Cresselia|slp|[from] move: Spore\n|move|p2a: Chad|Swords Dance|p2a: Chad\n|-boost|p2a: Chad|atk|2\n|cant|p1b: Cresselia|slp\n|\n|-status|p1a: Ursaluna|brn|[from] item: Flame Orb\n|upkeep\n|turn|3\n|\n|t:|1699933808\n|move|p2b: Usopp|Rage Powder|p2b: Usopp\n|-singleturn|p2b: Usopp|move: Rage Powder\n|move|p1a: Ursaluna|Earthquake|p2b: Usopp|[spread] p2a,p2b\n|-immune|p1b: Cresselia|[from] ability: Levitate\n|-supereffective|p2a: Chad\n|-damage|p2a: Chad|10\/100\n|-damage|p2b: Usopp|29\/100\n|move|p2a: Chad|Wild Charge|p1a: Ursaluna\n|-immune|p1a: Ursaluna\n|cant|p1b: Cresselia|slp\n|\n|-heal|p2a: Chad|16\/100|[from] item: Leftovers\n|-damage|p1a: Ursaluna|95\/100 brn|[from] brn\n|upkeep\n|turn|4\n|c|\u2606Cdogp|Damn\n|j| bobforte22\n|c|\u2606kidturtle|gotcha\n|\n|t:|1699933831\n|move|p2b: Usopp|Protect|p2b: Usopp\n|-singleturn|p2b: Usopp|Protect\n|move|p2a: Chad|Detect|p2a: Chad\n|-singleturn|p2a: Chad|Protect\n|move|p1a: Ursaluna|Earthquake|p2a: Chad|[spread] \n|-activate|p2a: Chad|move: Protect\n|-activate|p2b: Usopp|move: Protect\n|-immune|p1b: Cresselia|[from] ability: Levitate\n|cant|p1b: Cresselia|slp\n|\n|-heal|p2a: Chad|22\/100|[from] item: Leftovers\n|-damage|p1a: Ursaluna|89\/100 brn|[from] brn\n|upkeep\n|turn|5\n|\n|t:|1699933846\n|move|p1a: Ursaluna|Earthquake|p2a: Chad|[spread] p2a,p2b\n|-immune|p1b: Cresselia|[from] ability: Levitate\n|-supereffective|p2a: Chad\n|-damage|p2a: Chad|0 fnt\n|-damage|p2b: Usopp|0 fnt\n|faint|p2a: Chad\n|-end|p2a: Chad|Quark Drive|[silent]\n|faint|p2b: Usopp\n|-curestatus|p1b: Cresselia|slp|[msg]\n|move|p1b: Cresselia|Lunar Blessing|p1b: Cresselia|[spread] p1a,p1b\n|-heal|p1a: Ursaluna|100\/100 brn\n|-curestatus|p1a: Ursaluna|brn|[msg]\n|-heal|p1b: Cresselia|97\/100\n|\n|-fieldend|move: Trick Room\n|-status|p1a: Ursaluna|brn|[from] item: Flame Orb\n|upkeep\n|\n|t:|1699933849\n|switch|p2a: Jimbe|Urshifu-Rapid-Strike, L50, F|100\/100\n|switch|p2b: Ace|Flutter Mane, L50|100\/100\n|turn|6\n|inactive|kidturtle has 30 seconds left.\n|\n|t:|1699933875\n|-terastallize|p2a: Jimbe|Water\n|-terastallize|p1a: Ursaluna|Ghost\n|move|p2a: Jimbe|Surging Strikes|p1a: Ursaluna\n|-crit|p1a: Ursaluna\n|-damage|p1a: Ursaluna|79\/100 brn\n|-crit|p1a: Ursaluna\n|-damage|p1a: Ursaluna|60\/100 brn\n|-crit|p1a: Ursaluna\n|-damage|p1a: Ursaluna|40\/100 brn\n|-hitcount|p1a: Ursaluna|3\n|move|p2b: Ace|Shadow Ball|p1b: Cresselia\n|-supereffective|p1b: Cresselia\n|-damage|p1b: Cresselia|24\/100\n|move|p1a: Ursaluna|Earthquake|p2b: Ace|[spread] p2a,p2b\n|-immune|p1b: Cresselia|[from] ability: Levitate\n|-damage|p2a: Jimbe|39\/100\n|-damage|p2b: Ace|0 fnt\n|faint|p2b: Ace\n|-end|p2b: Ace|Protosynthesis|[silent]\n|move|p1b: Cresselia|Trick Room|p1b: Cresselia\n|-fieldstart|move: Trick Room|[of] p1b: Cresselia\n|\n|-damage|p1a: Ursaluna|34\/100 brn|[from] brn\n|upkeep\n|turn|7\n|-message|Cdogp forfeited.\n|\n|win|kidturtle\n|n|\u2606kidturtle|kidturtle\n|n|\u2606Cdogp|cdogp\n|n| Radio Free C-Side|radiofreecside\n|n| Tenseigt|tenseigt\n|n| bobforte22|bobforte22\n|l|\u2606Cdogp\n","uploadtime":1699933892,"views":10,"p1id":"kidturtle","p2id":"cdogp","formatid":"gen9vgc2023regulatione","rating":0,"private":0,"password":""}