{"id":"gen9vgc2023regulatione-1993177293","p1":"Yamir0105","p2":"porygon peo","format":"[Gen 9] VGC 2023 Regulation E","log":"|j|\u2606Yamir0105\n|j|\u2606porygon peo\n|n|\u2606Yamir0105|yamir0105\n|n|\u2606porygon peo|porygonpeo\n|html|View the match progress at <a href=\"\/game-bestof3-gen9vgc2023regulatione-1993177292\">game-bestof3-gen9vgc2023regulatione-1993177292<\/a>\n|t:|1700274237\n|gametype|doubles\n|player|p1|Yamir0105|steven|\n|player|p2|porygon peo|170|\n|teamsize|p1|6\n|teamsize|p2|6\n|gen|9\n|tier|[Gen 9] VGC 2023 Regulation E\n|rule|Species Clause: Limit one of each Pok\u00e9mon\n|rule|Item Clause: Limit one of each item\n|clearpoke\n|poke|p1|Tornadus, L50, M|\n|poke|p1|Flutter Mane, L50|\n|poke|p1|Landorus-Therian, L50, M|\n|poke|p1|Heatran, L50, M|\n|poke|p1|Roaring Moon, L50|\n|poke|p1|Ogerpon-Wellspring, L50, F|\n|poke|p2|Landorus-Therian, L50, M|\n|poke|p2|Heatran, L50, M|\n|poke|p2|Ogerpon-Wellspring, L50, F|\n|poke|p2|Iron Hands, L50|\n|poke|p2|Farigiraf, L50, F|\n|poke|p2|Ninetales-Alola, L50, F|\n|teampreview|4\nporygon peo has agreed to open team sheets.\nYamir0105 has agreed to open team sheets.\n|showteam|p1|Tornadus||CovertCloak|Prankster|Tailwind,BleakwindStorm,SunnyDay,RainDance|||M|||50|,,,,,Dragon]Flutter Mane||ChoiceSpecs|Protosynthesis|Moonblast,ShadowBall,DazzlingGleam,TrickRoom||||||50|,,,,,Fairy]Landorus-Therian||ChoiceScarf|Intimidate|StompingTantrum,TeraBlast,RockSlide,Uturn|||M|||50|,,,,,Flying]Heatran||LifeOrb|FlashFire|HeatWave,FlashCannon,Protect,EarthPower|||M|||50|,,,,,Grass]Roaring Moon||BoosterEnergy|Protosynthesis|Acrobatics,KnockOff,Protect,DragonDance||||||50|,,,,,Flying]Ogerpon-Wellspring||WellspringMask|WaterAbsorb|IvyCudgel,WoodHammer,SpikyShield,FollowMe|||F|||50|,,,,,Water\n|showteam|p2|Landorus-Therian||ChoiceScarf|Intimidate|StompingTantrum,RockSlide,Uturn,TeraBlast|||M|||50|,,,,,Flying]Heatran||Leftovers|FlashFire|MagmaStorm,FlashCannon,EarthPower,Protect|||M|||50|,,,,,Grass]Ogerpon-Wellspring||WellspringMask|WaterAbsorb|IvyCudgel,WoodHammer,SwordsDance,SpikyShield|||F|||50|,,,,,Water]Iron Hands||AssaultVest|QuarkDrive|FakeOut,WildCharge,DrainPunch,HeavySlam||||||50|,,,,,Water]Farigiraf||RockyHelmet|ArmorTail|Psychic,DazzlingGleam,TrickRoom,Imprison|||F|||50|,,,,,Fairy]Ninetales-Alola||LightClay|SnowWarning|Moonblast,IcyWind,AuroraVeil,Protect|||F|||50|,,,,,Water\n|inactive|Battle timer is ON: inactive players will automatically lose when time's up. (requested by porygon peo)\n|inactive|Yamir0105 has 60 seconds left.\n|inactive|porygon peo has 60 seconds left.\n|\n|t:|1700274301\n|start\n|switch|p1a: Flutter Mane|Flutter Mane, L50|100\/100\n|switch|p1b: Landorus|Landorus-Therian, L50, M|100\/100\n|switch|p2a: Heatran|Heatran, L50, M|100\/100\n|switch|p2b: Ninetales|Ninetales-Alola, L50, F|100\/100\n|-ability|p1b: Landorus|Intimidate|boost\n|-unboost|p2a: Heatran|atk|1\n|-unboost|p2b: Ninetales|atk|1\n|-weather|Snow|[from] ability: Snow Warning|[of] p2b: Ninetales\n|turn|1\n|inactive|Yamir0105 has 30 seconds left.\n|\n|t:|1700274330\n|-terastallize|p1b: Landorus|Flying\n|move|p2b: Ninetales|Protect|p2b: Ninetales\n|-singleturn|p2b: Ninetales|Protect\n|move|p2a: Heatran|Protect|p2a: Heatran\n|-singleturn|p2a: Heatran|Protect\n|move|p1b: Landorus|Tera Blast|p2b: Ninetales|[anim] Tera Blast Flying\n|-activate|p2b: Ninetales|move: Protect\n|move|p1a: Flutter Mane|Moonblast|p2b: Ninetales\n|-activate|p2b: Ninetales|move: Protect\n|\n|-weather|Snow|[upkeep]\n|upkeep\n|turn|2\n|inactive|porygon peo has 30 seconds left.\n|\n|t:|1700274357\n|move|p1b: Landorus|Tera Blast|p2b: Ninetales|[anim] Tera Blast Flying\n|-damage|p2b: Ninetales|58\/100\n|move|p1a: Flutter Mane|Moonblast|p2b: Ninetales\n|-damage|p2b: Ninetales|0 fnt\n|faint|p2b: Ninetales\n|move|p2a: Heatran|Magma Storm|p1b: Landorus\n|-damage|p1b: Landorus|45\/100\n|-activate|p1b: Landorus|move: Magma Storm|[of] p2a: Heatran\n|\n|-weather|Snow|[upkeep]\n|-damage|p1b: Landorus|33\/100|[from] move: Magma Storm|[partiallytrapped]\n|upkeep\n|\n|t:|1700274367\n|switch|p2b: Landorus|Landorus-Therian, L50, M|100\/100\n|-ability|p2b: Landorus|Intimidate|boost\n|-unboost|p1a: Flutter Mane|atk|1\n|-unboost|p1b: Landorus|atk|1\n|turn|3\n|inactive|Yamir0105 has 30 seconds left.\n|\n|t:|1700274393\n|-terastallize|p2b: Landorus|Flying\n|move|p1b: Landorus|Tera Blast|p2b: Landorus|[anim] Tera Blast Flying\n|-damage|p2b: Landorus|59\/100\n|move|p2b: Landorus|Tera Blast|p1a: Flutter Mane|[anim] Tera Blast Flying\n|-damage|p1a: Flutter Mane|10\/100\n|move|p1a: Flutter Mane|Moonblast|p2b: Landorus\n|-damage|p2b: Landorus|0 fnt\n|faint|p2b: Landorus\n|move|p2a: Heatran|Earth Power|p1a: Flutter Mane\n|-damage|p1a: Flutter Mane|0 fnt\n|faint|p1a: Flutter Mane\n|-end|p1a: Flutter Mane|Protosynthesis|[silent]\n|\n|-weather|Snow|[upkeep]\n|-damage|p1b: Landorus|20\/100|[from] move: Magma Storm|[partiallytrapped]\n|upkeep\n|\n|t:|1700274414\n|switch|p1a: Heatran|Heatran, L50, M|100\/100\n|switch|p2b: Ogerpon|Ogerpon-Wellspring, L50, F|100\/100\n|turn|4\n|\n|t:|1700274435\n|move|p2b: Ogerpon|Spiky Shield|p2b: Ogerpon\n|-singleturn|p2b: Ogerpon|move: Protect\n|move|p2a: Heatran|Protect|p2a: Heatran\n|-singleturn|p2a: Heatran|Protect\n|move|p1b: Landorus|Tera Blast|p2b: Ogerpon|[anim] Tera Blast Flying\n|-activate|p2b: Ogerpon|move: Protect\n|move|p1a: Heatran|Earth Power|p2a: Heatran\n|-activate|p2a: Heatran|move: Protect\n|\n|-weather|Snow|[upkeep]\n|-damage|p1b: Landorus|8\/100|[from] move: Magma Storm|[partiallytrapped]\n|upkeep\n|turn|5\n|\n|t:|1700274453\n|move|p1b: Landorus|Tera Blast|p2b: Ogerpon|[anim] Tera Blast Flying\n|-supereffective|p2b: Ogerpon\n|-damage|p2b: Ogerpon|34\/100\n|move|p2b: Ogerpon|Ivy Cudgel|p1a: Heatran|[anim] Ivy Cudgel Water\n|-supereffective|p1a: Heatran\n|-crit|p1a: Heatran\n|-damage|p1a: Heatran|0 fnt\n|faint|p1a: Heatran\n|move|p2a: Heatran|Flash Cannon|p1b: Landorus\n|-damage|p1b: Landorus|0 fnt\n|faint|p1b: Landorus\n|\n|-weather|none\n|upkeep\n|\n|t:|1700274466\n|switch|p1b: Roaring Moon|Roaring Moon, L50|100\/100\n|-enditem|p1b: Roaring Moon|Booster Energy\n|-activate|p1b: Roaring Moon|ability: Protosynthesis|[fromitem]\n|-start|p1b: Roaring Moon|protosynthesisatk\n|turn|6\n|\n|t:|1700274479\n|move|p1b: Roaring Moon|Knock Off|p2a: Heatran\n|-damage|p2a: Heatran|47\/100\n|-enditem|p2a: Heatran|Leftovers|[from] move: Knock Off|[of] p1b: Roaring Moon\n|move|p2b: Ogerpon|Ivy Cudgel|p1b: Roaring Moon|[anim] Ivy Cudgel Water\n|-resisted|p1b: Roaring Moon\n|-damage|p1b: Roaring Moon|68\/100\n|move|p2a: Heatran|Magma Storm|p1b: Roaring Moon|[miss]\n|-miss|p2a: Heatran|p1b: Roaring Moon\n|\n|upkeep\n|turn|7\n|\n|t:|1700274496\n|move|p1b: Roaring Moon|Acrobatics|p2b: Ogerpon\n|-supereffective|p2b: Ogerpon\n|-damage|p2b: Ogerpon|0 fnt\n|faint|p2b: Ogerpon\n|move|p2a: Heatran|Magma Storm|p1b: Roaring Moon|[miss]\n|-miss|p2a: Heatran|p1b: Roaring Moon\n|\n|upkeep\n|turn|8\n|\n|t:|1700274509\n|move|p1b: Roaring Moon|Knock Off|p2a: Heatran\n|-damage|p2a: Heatran|12\/100\n|move|p2a: Heatran|Magma Storm|p1b: Roaring Moon|[miss]\n|-miss|p2a: Heatran|p1b: Roaring Moon\n|\n|upkeep\n|turn|9\n|-message|porygon peo forfeited.\n|\n|win|Yamir0105\n|l|\u2606porygon peo\n|c|&|\/uhtml prompt-porygonpeo,porygon peo is ready for game 2!\n|c|&|\/uhtml prompt-yamir0105,Yamir0105 is ready for game 2!\nBoth players are ready! Starting next match!\n","uploadtime":1700275060,"views":12,"p1id":"yamir0105","p2id":"porygonpeo","formatid":"gen9vgc2023regulatione","rating":0,"private":0,"password":""}