{"id":"gen9vgc2023regulatione-1998319972","p1":"KoKoKozy","p2":"NDUTS Shrimp","format":"[Gen 9] VGC 2023 Regulation E","log":"|j|\u2606KoKoKozy\n|j|\u2606NDUTS Shrimp\n|t:|1700929016\n|gametype|doubles\n|player|p1|KoKoKozy|backpacker|1081\n|player|p2|NDUTS Shrimp|ltsurge|1085\n|teamsize|p1|6\n|teamsize|p2|6\n|gen|9\n|tier|[Gen 9] VGC 2023 Regulation E\n|rated|\n|rule|Species Clause: Limit one of each Pok\u00e9mon\n|rule|Item Clause: Limit one of each item\n|clearpoke\n|poke|p1|Weezing, L50, M|\n|poke|p1|Landorus-Therian, L50, M|\n|poke|p1|Volcarona, L50, M|\n|poke|p1|Goodra-Hisui, L50, M|\n|poke|p1|Rillaboom, L50, F|\n|poke|p1|Sableye, L50, M|\n|poke|p2|Tornadus, L50, M|\n|poke|p2|Mamoswine, L50, F|\n|poke|p2|Heatran, L50, M|\n|poke|p2|Amoonguss, L50, F|\n|poke|p2|Hydreigon, L50, M|\n|poke|p2|Conkeldurr, L50, F|\n|teampreview|4\n|\n|t:|1700929077\n|start\n|switch|p1a: Weezing|Weezing, L50, M, shiny|100\/100\n|switch|p1b: Volcarona|Volcarona, L50, M|100\/100\n|switch|p2a: Mamoswine|Mamoswine, L50, F|100\/100\n|switch|p2b: Heatran|Heatran, L50, M|100\/100\n|-ability|p1a: Weezing|Neutralizing Gas\n|turn|1\n|\n|t:|1700929092\n|move|p2a: Mamoswine|Rock Slide|p1b: Volcarona|[spread] p1a,p1b\n|-supereffective|p1b: Volcarona\n|-damage|p1a: Weezing|85\/100\n|-damage|p1b: Volcarona|0 fnt\n|faint|p1b: Volcarona\n|move|p2b: Heatran|Substitute|p2b: Heatran\n|-start|p2b: Heatran|Substitute\n|-damage|p2b: Heatran|76\/100\n|cant|p1a: Weezing|flinch\n|\n|-heal|p2b: Heatran|82\/100|[from] item: Leftovers\n|upkeep\n|\n|t:|1700929103\n|switch|p1b: Goodra|Goodra-Hisui, L50, M|100\/100\n|turn|2\n|\n|t:|1700929115\n|switch|p2a: Hydreigon|Hydreigon, L50, M|100\/100\n|-terastallize|p1b: Goodra|Dragon\n|move|p2b: Heatran|Heat Wave|p1b: Goodra|[spread] p1a\n|-miss|p2b: Heatran|p1b: Goodra\n|-damage|p1a: Weezing|57\/100\n|move|p1b: Goodra|Shelter|p1b: Goodra\n|-boost|p1b: Goodra|def|2\n|move|p1a: Weezing|Will-O-Wisp|p2a: Hydreigon\n|-status|p2a: Hydreigon|brn\n|\n|-heal|p2b: Heatran|88\/100|[from] item: Leftovers\n|-damage|p2a: Hydreigon|94\/100 brn|[from] brn\n|upkeep\n|turn|3\n|\n|t:|1700929139\n|move|p2a: Hydreigon|Draco Meteor|p1b: Goodra|[miss]\n|-miss|p2a: Hydreigon|p1b: Goodra\n|move|p2b: Heatran|Earth Power|p1a: Weezing\n|-supereffective|p1a: Weezing\n|-damage|p1a: Weezing|4\/100\n|-enditem|p1a: Weezing|Sitrus Berry|[eat]\n|-heal|p1a: Weezing|29\/100|[from] item: Sitrus Berry\n|move|p1b: Goodra|Body Press|p2a: Hydreigon\n|-supereffective|p2a: Hydreigon\n|-damage|p2a: Hydreigon|0 fnt\n|faint|p2a: Hydreigon\n|move|p1a: Weezing|Sludge Bomb|p2b: Heatran\n|-immune|p2b: Heatran\n|\n|-heal|p2b: Heatran|94\/100|[from] item: Leftovers\n|upkeep\n|c|\u2606NDUTS Shrimp|that's\n|c|\u2606NDUTS Shrimp|uhh\n|c|\u2606NDUTS Shrimp|that's fine\n|\n|t:|1700929155\n|switch|p2a: Mamoswine|Mamoswine, L50, F|100\/100\n|turn|4\n|\n|t:|1700929171\n|-terastallize|p2b: Heatran|Grass\n|move|p2a: Mamoswine|Icicle Crash|p1b: Goodra\n|-supereffective|p1b: Goodra\n|-damage|p1b: Goodra|71\/100\n|move|p2b: Heatran|Earth Power|p1a: Weezing\n|-supereffective|p1a: Weezing\n|-damage|p1a: Weezing|0 fnt\n|faint|p1a: Weezing\n|-end|p1a: Weezing|ability: Neutralizing Gas\n|move|p1b: Goodra|Shelter|p1b: Goodra\n|-boost|p1b: Goodra|def|2\n|\n|-heal|p2b: Heatran|100\/100|[from] item: Leftovers\n|-heal|p1b: Goodra|76\/100|[from] item: Leftovers\n|upkeep\n|\n|t:|1700929184\n|switch|p1a: Sableye|Sableye, L50, M|100\/100\n|turn|5\n|\n|t:|1700929191\n|move|p1a: Sableye|Will-O-Wisp|p2a: Mamoswine\n|-status|p2a: Mamoswine|brn\n|move|p2a: Mamoswine|Icicle Crash|p1b: Goodra\n|-supereffective|p1b: Goodra\n|-crit|p1b: Goodra\n|-damage|p1b: Goodra|33\/100\n|move|p2b: Heatran|Earth Power|p1b: Goodra\n|-damage|p1b: Goodra|13\/100\n|move|p1b: Goodra|Life Dew||[still]|[spread] p1a,p1b\n|-fail|p1a: Sableye|heal\n|-heal|p1b: Goodra|38\/100\n|\n|-heal|p1b: Goodra|44\/100|[from] item: Leftovers\n|-damage|p2a: Mamoswine|95\/100 brn|[from] brn\n|upkeep\n|turn|6\n|\n|t:|1700929213\n|move|p1a: Sableye|Quash|p2a: Mamoswine\n|-activate|p2a: Mamoswine|move: Quash\n|move|p2b: Heatran|Earth Power|p1b: Goodra\n|-damage|p1b: Goodra|23\/100\n|move|p1b: Goodra|Body Press|p2a: Mamoswine\n|-supereffective|p2a: Mamoswine\n|-damage|p2a: Mamoswine|0 fnt\n|faint|p2a: Mamoswine\n|\n|-heal|p1b: Goodra|29\/100|[from] item: Leftovers\n|upkeep\n|\n|t:|1700929220\n|switch|p2a: Conkeldurr|Conkeldurr, L50, F|100\/100\n|turn|7\n|\n|t:|1700929254\n|move|p1a: Sableye|Will-O-Wisp|p2a: Conkeldurr\n|-status|p2a: Conkeldurr|brn\n|move|p2b: Heatran|Earth Power|p1b: Goodra\n|-damage|p1b: Goodra|12\/100\n|move|p1b: Goodra|Life Dew||[still]|[spread] p1a,p1b\n|-fail|p1a: Sableye|heal\n|-heal|p1b: Goodra|37\/100\n|move|p2a: Conkeldurr|Ice Punch|p1b: Goodra\n|-supereffective|p1b: Goodra\n|-damage|p1b: Goodra|29\/100\n|\n|-heal|p1b: Goodra|35\/100|[from] item: Leftovers\n|-damage|p2a: Conkeldurr|95\/100 brn|[from] brn\n|upkeep\n|turn|8\n|c|\u2606NDUTS Shrimp|no SpD drops? :(\n|\n|t:|1700929287\n|move|p1a: Sableye|Quash||[still]\n|-fail|p1a: Sableye\n|move|p2b: Heatran|Earth Power|p1b: Goodra\n|-damage|p1b: Goodra|17\/100\n|move|p1b: Goodra|Life Dew||[still]|[spread] p1a,p1b\n|-fail|p1a: Sableye|heal\n|-heal|p1b: Goodra|42\/100\n|move|p2a: Conkeldurr|Ice Punch|p1b: Goodra\n|-supereffective|p1b: Goodra\n|-damage|p1b: Goodra|34\/100\n|\n|-heal|p1b: Goodra|40\/100|[from] item: Leftovers\n|-damage|p2a: Conkeldurr|89\/100 brn|[from] brn\n|upkeep\n|turn|9\n|\n|t:|1700929306\n|move|p1a: Sableye|Fake Out||[still]\n|-hint|Fake Out only works on your first turn out.\n|-fail|p1a: Sableye\n|move|p2b: Heatran|Earth Power|p1b: Goodra\n|-damage|p1b: Goodra|21\/100\n|move|p1b: Goodra|Life Dew||[still]|[spread] p1a,p1b\n|-fail|p1a: Sableye|heal\n|-heal|p1b: Goodra|46\/100\n|move|p2a: Conkeldurr|Ice Punch|p1b: Goodra\n|-supereffective|p1b: Goodra\n|-damage|p1b: Goodra|39\/100\n|\n|-heal|p1b: Goodra|45\/100|[from] item: Leftovers\n|-damage|p2a: Conkeldurr|83\/100 brn|[from] brn\n|upkeep\n|turn|10\n|c|\u2606NDUTS Shrimp|or freezes tbh\n|\n|t:|1700929330\n|move|p1a: Sableye|Quash||[still]\n|-fail|p1a: Sableye\n|move|p2b: Heatran|Earth Power|p1b: Goodra\n|-damage|p1b: Goodra|26\/100\n|move|p1b: Goodra|Life Dew||[still]|[spread] p1a,p1b\n|-fail|p1a: Sableye|heal\n|-heal|p1b: Goodra|51\/100\n|move|p2a: Conkeldurr|Ice Punch|p1b: Goodra\n|-supereffective|p1b: Goodra\n|-damage|p1b: Goodra|43\/100\n|\n|-heal|p1b: Goodra|49\/100|[from] item: Leftovers\n|-damage|p2a: Conkeldurr|77\/100 brn|[from] brn\n|upkeep\n|turn|11\n|\n|t:|1700929355\n|move|p1a: Sableye|Taunt|p2a: Conkeldurr\n|-start|p2a: Conkeldurr|move: Taunt\n|move|p2b: Heatran|Earth Power|p1b: Goodra\n|-damage|p1b: Goodra|31\/100\n|move|p1b: Goodra|Life Dew||[still]|[spread] p1a,p1b\n|-fail|p1a: Sableye|heal\n|-heal|p1b: Goodra|56\/100\n|move|p2a: Conkeldurr|Ice Punch|p1b: Goodra\n|-supereffective|p1b: Goodra\n|-damage|p1b: Goodra|49\/100\n|\n|-heal|p1b: Goodra|55\/100|[from] item: Leftovers\n|-damage|p2a: Conkeldurr|72\/100 brn|[from] brn\n|upkeep\n|turn|12\n|\n|t:|1700929374\n|move|p1a: Sableye|Will-O-Wisp|p2b: Heatran\n|-start|p2b: Heatran|ability: Flash Fire\n|move|p2b: Heatran|Earth Power|p1b: Goodra\n|-crit|p1b: Goodra\n|-damage|p1b: Goodra|26\/100\n|move|p1b: Goodra|Life Dew||[still]|[spread] p1a,p1b\n|-fail|p1a: Sableye|heal\n|-heal|p1b: Goodra|51\/100\n|move|p2a: Conkeldurr|Ice Punch|p1b: Goodra\n|-supereffective|p1b: Goodra\n|-damage|p1b: Goodra|43\/100\n|\n|-heal|p1b: Goodra|49\/100|[from] item: Leftovers\n|-damage|p2a: Conkeldurr|66\/100 brn|[from] brn\n|upkeep\n|turn|13\n|\n|t:|1700929393\n|move|p1a: Sableye|Quash|p2a: Conkeldurr\n|-activate|p2a: Conkeldurr|move: Quash\n|move|p2b: Heatran|Earth Power|p1b: Goodra\n|-damage|p1b: Goodra|31\/100\n|move|p1b: Goodra|Life Dew||[still]|[spread] p1a,p1b\n|-fail|p1a: Sableye|heal\n|-heal|p1b: Goodra|56\/100\n|move|p2a: Conkeldurr|Ice Punch|p1b: Goodra\n|-supereffective|p1b: Goodra\n|-damage|p1b: Goodra|48\/100\n|\n|-heal|p1b: Goodra|54\/100|[from] item: Leftovers\n|-damage|p2a: Conkeldurr|60\/100 brn|[from] brn\n|-end|p2a: Conkeldurr|move: Taunt\n|upkeep\n|turn|14\n|\n|t:|1700929408\n|move|p1a: Sableye|Taunt|p2a: Conkeldurr\n|-start|p2a: Conkeldurr|move: Taunt\n|move|p2b: Heatran|Earth Power|p1b: Goodra\n|-damage|p1b: Goodra|34\/100\n|move|p1b: Goodra|Life Dew||[still]|[spread] p1a,p1b\n|-fail|p1a: Sableye|heal\n|-heal|p1b: Goodra|59\/100\n|move|p2a: Conkeldurr|Ice Punch|p1b: Goodra\n|-supereffective|p1b: Goodra\n|-damage|p1b: Goodra|51\/100\n|\n|-heal|p1b: Goodra|57\/100|[from] item: Leftovers\n|-damage|p2a: Conkeldurr|54\/100 brn|[from] brn\n|upkeep\n|turn|15\n|\n|t:|1700929427\n|move|p1a: Sableye|Quash|p2a: Conkeldurr\n|-activate|p2a: Conkeldurr|move: Quash\n|move|p2b: Heatran|Earth Power|p1b: Goodra\n|-damage|p1b: Goodra|38\/100\n|move|p1b: Goodra|Life Dew||[still]|[spread] p1a,p1b\n|-fail|p1a: Sableye|heal\n|-heal|p1b: Goodra|64\/100\n|move|p2a: Conkeldurr|Ice Punch|p1b: Goodra\n|-supereffective|p1b: Goodra\n|-damage|p1b: Goodra|56\/100\n|\n|-heal|p1b: Goodra|62\/100|[from] item: Leftovers\n|-damage|p2a: Conkeldurr|48\/100 brn|[from] brn\n|upkeep\n|turn|16\n|\n|t:|1700929457\n|move|p1a: Sableye|Quash|p2a: Conkeldurr\n|-activate|p2a: Conkeldurr|move: Quash\n|move|p2b: Heatran|Earth Power|p1b: Goodra\n|-damage|p1b: Goodra|44\/100\n|move|p1b: Goodra|Heavy Slam|p2a: Conkeldurr\n|-damage|p2a: Conkeldurr|28\/100 brn\n|move|p2a: Conkeldurr|Ice Punch|p1b: Goodra\n|-supereffective|p1b: Goodra\n|-damage|p1b: Goodra|36\/100\n|\n|-heal|p1b: Goodra|42\/100|[from] item: Leftovers\n|-damage|p2a: Conkeldurr|22\/100 brn|[from] brn\n|-end|p2a: Conkeldurr|move: Taunt\n|upkeep\n|turn|17\n|\n|t:|1700929472\n|move|p1a: Sableye|Taunt|p2a: Conkeldurr\n|-start|p2a: Conkeldurr|move: Taunt\n|move|p2b: Heatran|Earth Power|p1b: Goodra\n|-damage|p1b: Goodra|25\/100\n|move|p1b: Goodra|Life Dew||[still]|[spread] p1a,p1b\n|-fail|p1a: Sableye|heal\n|-heal|p1b: Goodra|50\/100\n|move|p2a: Conkeldurr|Drain Punch|p1b: Goodra\n|-damage|p1b: Goodra|44\/100\n|-heal|p2a: Conkeldurr|25\/100 brn|[from] drain|[of] p1b: Goodra\n|\n|-heal|p1b: Goodra|50\/100|[from] item: Leftovers\n|-damage|p2a: Conkeldurr|19\/100 brn|[from] brn\n|upkeep\n|turn|18\n|\n|t:|1700929492\n|move|p1a: Sableye|Taunt||[still]\n|-fail|p1a: Sableye\n|move|p2b: Heatran|Earth Power|p1b: Goodra\n|-damage|p1b: Goodra|33\/100\n|move|p1b: Goodra|Life Dew||[still]|[spread] p1a,p1b\n|-fail|p1a: Sableye|heal\n|-heal|p1b: Goodra|58\/100\n|move|p2a: Conkeldurr|Ice Punch|p1b: Goodra\n|-supereffective|p1b: Goodra\n|-damage|p1b: Goodra|50\/100\n|\n|-heal|p1b: Goodra|56\/100|[from] item: Leftovers\n|-damage|p2a: Conkeldurr|13\/100 brn|[from] brn\n|upkeep\n|turn|19\n|c|\u2606NDUTS Shrimp|this is a bit silly\n|\n|t:|1700929513\n|move|p1a: Sableye|Quash|p2a: Conkeldurr\n|-activate|p2a: Conkeldurr|move: Quash\n|move|p2b: Heatran|Heat Wave|p1a: Sableye|[spread] p1a,p1b\n|-resisted|p1b: Goodra\n|-damage|p1a: Sableye|50\/100\n|-damage|p1b: Goodra|41\/100\n|move|p1b: Goodra|Life Dew|p1b: Goodra|[spread] p1a,p1b\n|-heal|p1a: Sableye|75\/100\n|-heal|p1b: Goodra|66\/100\n|move|p2a: Conkeldurr|Ice Punch|p1b: Goodra\n|-supereffective|p1b: Goodra\n|-damage|p1b: Goodra|59\/100\n|\n|-heal|p1b: Goodra|65\/100|[from] item: Leftovers\n|-damage|p2a: Conkeldurr|7\/100 brn|[from] brn\n|-end|p2a: Conkeldurr|move: Taunt\n|upkeep\n|turn|20\n|\n|t:|1700929530\n|move|p1a: Sableye|Taunt|p2a: Conkeldurr\n|-start|p2a: Conkeldurr|move: Taunt\n|move|p2b: Heatran|Heat Wave|p1b: Goodra|[spread] p1a,p1b\n|-resisted|p1b: Goodra\n|-damage|p1a: Sableye|27\/100\n|-damage|p1b: Goodra|47\/100\n|-status|p1a: Sableye|brn\n|move|p1b: Goodra|Life Dew|p1b: Goodra|[spread] p1a,p1b\n|-heal|p1a: Sableye|52\/100 brn\n|-heal|p1b: Goodra|72\/100\n|move|p2a: Conkeldurr|Ice Punch|p1b: Goodra\n|-supereffective|p1b: Goodra\n|-damage|p1b: Goodra|64\/100\n|\n|-heal|p1b: Goodra|70\/100|[from] item: Leftovers\n|-damage|p1a: Sableye|46\/100 brn|[from] brn\n|-damage|p2a: Conkeldurr|1\/100 brn|[from] brn\n|upkeep\n|turn|21\n|\n|t:|1700929548\n|move|p1a: Sableye|Quash|p2a: Conkeldurr\n|-activate|p2a: Conkeldurr|move: Quash\n|move|p2b: Heatran|Heat Wave|p1a: Sableye|[spread] p1a,p1b\n|-resisted|p1b: Goodra\n|-damage|p1a: Sableye|0 fnt\n|-damage|p1b: Goodra|53\/100\n|faint|p1a: Sableye\n|move|p1b: Goodra|Life Dew|p1b: Goodra\n|-heal|p1b: Goodra|79\/100\n|move|p2a: Conkeldurr|Ice Punch|p1b: Goodra\n|-supereffective|p1b: Goodra\n|-damage|p1b: Goodra|71\/100\n|\n|-heal|p1b: Goodra|77\/100|[from] item: Leftovers\n|-damage|p2a: Conkeldurr|0 fnt|[from] brn\n|faint|p2a: Conkeldurr\n|upkeep\n|turn|22\n|\n|t:|1700929565\n|move|p2b: Heatran|Heat Wave|p1b: Goodra\n|-resisted|p1b: Goodra\n|-damage|p1b: Goodra|55\/100\n|move|p1b: Goodra|Life Dew|p1b: Goodra\n|-heal|p1b: Goodra|80\/100\n|\n|-heal|p1b: Goodra|86\/100|[from] item: Leftovers\n|upkeep\n|turn|23\n|\n|t:|1700929587\n|move|p2b: Heatran|Heat Wave|p1b: Goodra\n|-resisted|p1b: Goodra\n|-damage|p1b: Goodra|63\/100\n|move|p1b: Goodra|Body Press|p2b: Heatran\n|-crit|p2b: Heatran\n|-end|p2b: Heatran|Substitute\n|\n|-heal|p1b: Goodra|68\/100|[from] item: Leftovers\n|upkeep\n|turn|24\n|\n|t:|1700929610\n|move|p2b: Heatran|Substitute|p2b: Heatran\n|-start|p2b: Heatran|Substitute\n|-damage|p2b: Heatran|76\/100\n|move|p1b: Goodra|Body Press|p2b: Heatran\n|-end|p2b: Heatran|Substitute\n|\n|-heal|p2b: Heatran|82\/100|[from] item: Leftovers\n|-heal|p1b: Goodra|74\/100|[from] item: Leftovers\n|upkeep\n|turn|25\n|\n|t:|1700929622\n|move|p2b: Heatran|Heat Wave|p1b: Goodra\n|-resisted|p1b: Goodra\n|-damage|p1b: Goodra|52\/100\n|move|p1b: Goodra|Body Press|p2b: Heatran\n|-damage|p2b: Heatran|16\/100\n|\n|-heal|p2b: Heatran|22\/100|[from] item: Leftovers\n|-heal|p1b: Goodra|58\/100|[from] item: Leftovers\n|upkeep\n|turn|26\n|\n|t:|1700929637\n|move|p2b: Heatran|Protect|p2b: Heatran\n|-singleturn|p2b: Heatran|Protect\n|move|p1b: Goodra|Body Press|p2b: Heatran\n|-activate|p2b: Heatran|move: Protect\n|\n|-heal|p2b: Heatran|28\/100|[from] item: Leftovers\n|-heal|p1b: Goodra|64\/100|[from] item: Leftovers\n|upkeep\n|turn|27\n|\n|t:|1700929647\n|move|p2b: Heatran|Heat Wave|p1b: Goodra\n|-resisted|p1b: Goodra\n|-damage|p1b: Goodra|43\/100\n|move|p1b: Goodra|Body Press|p2b: Heatran\n|-damage|p2b: Heatran|0 fnt\n|faint|p2b: Heatran\n|\n|win|KoKoKozy\n|raw|KoKoKozy's rating: 1081 &rarr; <strong>1109<\/strong><br \/>(+28 for winning)\n|raw|NDUTS Shrimp's rating: 1085 &rarr; <strong>1062<\/strong><br \/>(-23 for losing)\n|c|\u2606KoKoKozy|gg;)\n|c|\u2606NDUTS Shrimp|Ye\n|c|\u2606NDUTS Shrimp|That was something\n|c|\u2606NDUTS Shrimp|lol\n|c|\u2606NDUTS Shrimp|NO freezes or burns over 30+ actions\n|c|\u2606NDUTS Shrimp|and the draco\n","uploadtime":1700929653,"views":3,"p1id":"kokokozy","p2id":"ndutsshrimp","formatid":"gen9vgc2023regulatione","rating":1062,"private":0,"password":""}