{"id":"gen9vgc2023regulatione-1989198072","p1":"12newb34","p2":"Kzjejzk","format":"[Gen 9] VGC 2023 Regulation E","log":"|j|\u260612newb34\n|j|\u2606Kzjejzk\n|t:|1699822489\n|gametype|doubles\n|player|p1|12newb34|266|1149\n|player|p2|Kzjejzk|lance|1083\n|teamsize|p1|6\n|teamsize|p2|6\n|gen|9\n|tier|[Gen 9] VGC 2023 Regulation E\n|rated|\n|rule|Species Clause: Limit one of each Pok\u00e9mon\n|rule|Item Clause: Limit one of each item\n|clearpoke\n|poke|p1|Heracross, L50, F|\n|poke|p1|Tornadus, L50, M|\n|poke|p1|Urshifu-*, L50, F|\n|poke|p1|Shiftry, L50, F|\n|poke|p1|Iron Bundle, L50|\n|poke|p1|Heatran, L50, F|\n|poke|p2|Flutter Mane, L50|\n|poke|p2|Tornadus, L50, M|\n|poke|p2|Rillaboom, L50, M|\n|poke|p2|Garganacl, L50, M|\n|poke|p2|Arcanine-Hisui, L50, F|\n|poke|p2|Chien-Pao, L50|\n|teampreview|4\n|inactive|Battle timer is ON: inactive players will automatically lose when time's up. (requested by 12newb34)\n|\n|t:|1699822503\n|start\n|switch|p1a: Go brrrrr|Tornadus, L50, M|100\/100\n|switch|p1b: Mega bug at home|Heracross, L50, F|100\/100\n|switch|p2a: Tornadus|Tornadus, L50, M|100\/100\n|switch|p2b: Garganacl|Garganacl, L50, M|100\/100\n|turn|1\n|\n|t:|1699822521\n|-terastallize|p1b: Mega bug at home|Grass\n|-terastallize|p2b: Garganacl|Ghost\n|move|p1a: Go brrrrr|Taunt|p2a: Tornadus\n|-start|p2a: Tornadus|move: Taunt\n|move|p1b: Mega bug at home|Rock Blast|p2a: Tornadus\n|-supereffective|p2a: Tornadus\n|-damage|p2a: Tornadus|80\/100\n|-supereffective|p2a: Tornadus\n|-damage|p2a: Tornadus|57\/100\n|-supereffective|p2a: Tornadus\n|-damage|p2a: Tornadus|35\/100\n|-supereffective|p2a: Tornadus\n|-damage|p2a: Tornadus|12\/100\n|-hitcount|p2a: Tornadus|4\n|move|p2a: Tornadus|Bleakwind Storm|p1b: Mega bug at home|[spread] p1a,p1b\n|-supereffective|p1b: Mega bug at home\n|-damage|p1a: Go brrrrr|65\/100\n|-damage|p1b: Mega bug at home|30\/100\n|move|p2b: Garganacl|Iron Defense|p2b: Garganacl\n|-boost|p2b: Garganacl|def|2\n|\n|upkeep\n|turn|2\n|inactive|12newb34 has 30 seconds left.\n|inactive|Kzjejzk has 30 seconds left.\n|\n|t:|1699822551\n|move|p1a: Go brrrrr|Bleakwind Storm|p2a: Tornadus|[spread] p2a,p2b\n|-damage|p2a: Tornadus|0 fnt\n|-damage|p2b: Garganacl|80\/100\n|faint|p2a: Tornadus\n|move|p1b: Mega bug at home|Bullet Seed|p2b: Garganacl\n|-damage|p2b: Garganacl|76\/100\n|-damage|p2b: Garganacl|72\/100\n|-damage|p2b: Garganacl|67\/100\n|-damage|p2b: Garganacl|62\/100\n|-damage|p2b: Garganacl|57\/100\n|-hitcount|p2b: Garganacl|5\n|move|p2b: Garganacl|Salt Cure|p1a: Go brrrrr\n|-supereffective|p1a: Go brrrrr\n|-damage|p1a: Go brrrrr|25\/100\n|\n|upkeep\n|\n|t:|1699822555\n|switch|p2a: Arcanine|Arcanine-Hisui, L50, F|100\/100\n|-ability|p2a: Arcanine|Intimidate|boost\n|-unboost|p1a: Go brrrrr|atk|1\n|-unboost|p1b: Mega bug at home|atk|1\n|turn|3\n|\n|t:|1699822571\n|move|p2a: Arcanine|Extreme Speed|p1b: Mega bug at home\n|-crit|p1b: Mega bug at home\n|-damage|p1b: Mega bug at home|0 fnt\n|faint|p1b: Mega bug at home\n|move|p1a: Go brrrrr|Tailwind|p1a: Go brrrrr\n|-sidestart|p1: 12newb34|move: Tailwind\n|move|p2b: Garganacl|Salt Cure|p1a: Go brrrrr\n|-supereffective|p1a: Go brrrrr\n|-damage|p1a: Go brrrrr|0 fnt\n|faint|p1a: Go brrrrr\n|\n|upkeep\n|\n|t:|1699822583\n|switch|p1a: What r those|Shiftry, L50, F|100\/100\n|switch|p1b: Deli bird|Iron Bundle, L50|100\/100\n|-ability|p1a: What r those|Wind Rider|boost\n|-boost|p1a: What r those|atk|1\n|-enditem|p1b: Deli bird|Booster Energy\n|-activate|p1b: Deli bird|ability: Quark Drive|[fromitem]\n|-start|p1b: Deli bird|quarkdrivespe\n|turn|4\n|\n|t:|1699822605\n|move|p2a: Arcanine|Extreme Speed|p1b: Deli bird\n|-damage|p1b: Deli bird|56\/100\n|move|p1b: Deli bird|Hydro Pump|p2a: Arcanine\n|-supereffective|p2a: Arcanine\n|-damage|p2a: Arcanine|0 fnt\n|faint|p2a: Arcanine\n|move|p1a: What r those|Knock Off|p2b: Garganacl\n|-supereffective|p2b: Garganacl\n|-damage|p2b: Garganacl|18\/100\n|-enditem|p2b: Garganacl|Sitrus Berry|[from] move: Knock Off|[of] p1a: What r those\n|move|p2b: Garganacl|Salt Cure|p1b: Deli bird\n|-supereffective|p1b: Deli bird\n|-crit|p1b: Deli bird\n|-damage|p1b: Deli bird|9\/100\n|-start|p1b: Deli bird|Salt Cure\n|\n|-damage|p1b: Deli bird|0 fnt|[from] Salt Cure\n|faint|p1b: Deli bird\n|-end|p1b: Deli bird|Quark Drive|[silent]\n|upkeep\n|\n|t:|1699822609\n|switch|p2a: Flutter Mane|Flutter Mane, L50|100\/100\n|-enditem|p2a: Flutter Mane|Booster Energy\n|-activate|p2a: Flutter Mane|ability: Protosynthesis|[fromitem]\n|-start|p2a: Flutter Mane|protosynthesisspe\n|turn|5\n|\n|t:|1699822630\n|move|p2a: Flutter Mane|Protect|p2a: Flutter Mane\n|-singleturn|p2a: Flutter Mane|Protect\n|move|p1a: What r those|Leaf Blade|p2a: Flutter Mane\n|-activate|p2a: Flutter Mane|move: Protect\n|move|p2b: Garganacl|Recover|p2b: Garganacl\n|-heal|p2b: Garganacl|69\/100\n|\n|upkeep\n|turn|6\n|\n|t:|1699822646\n|move|p2a: Flutter Mane|Moonblast|p1a: What r those\n|-supereffective|p1a: What r those\n|-damage|p1a: What r those|0 fnt\n|faint|p1a: What r those\n|\n|win|Kzjejzk\n|raw|12newb34's rating: 1149 &rarr; <strong>1119<\/strong><br \/>(-30 for losing)\n|raw|Kzjejzk's rating: 1083 &rarr; <strong>1116<\/strong><br \/>(+33 for winning)\n","uploadtime":1699822649,"views":11,"p1id":"12newb34","p2id":"kzjejzk","formatid":"gen9vgc2023regulatione","rating":1116,"private":0,"password":""}