{"id":"gen9vgc2023regulatione-1999676486","p1":"MorningElegy","p2":"viper pit","format":"[Gen 9] VGC 2023 Regulation E","log":"|j|\u2606MorningElegy\n|j|\u2606viper pit\n|n|\u2606MorningElegy|morningelegy\n|n|\u2606viper pit|viperpit\n|html|View the match progress at <a href=\"\/game-bestof3-gen9vgc2023regulatione-1999672419\">game-bestof3-gen9vgc2023regulatione-1999672419<\/a>\n|t:|1701106904\n|gametype|doubles\n|player|p1|MorningElegy|psychic-gen2|\n|player|p2|viper pit|roxie|\n|teamsize|p1|6\n|teamsize|p2|6\n|gen|9\n|tier|[Gen 9] VGC 2023 Regulation E\n|rated|Tournament battle\n|rule|Species Clause: Limit one of each Pok\u00e9mon\n|rule|Item Clause: Limit one of each item\n|clearpoke\n|poke|p1|Urshifu-*, L50, M|\n|poke|p1|Gholdengo, L50|\n|poke|p1|Salamence, L50, F|\n|poke|p1|Politoed, L50, F|\n|poke|p1|Gothitelle, L50, M|\n|poke|p1|Amoonguss, L50, M|\n|poke|p2|Heatran, L50, M|\n|poke|p2|Iron Bundle, L50|\n|poke|p2|Iron Hands, L50|\n|poke|p2|Amoonguss, L50, F|\n|poke|p2|Urshifu-*, L50, F|\n|poke|p2|Landorus-Therian, L50, M|\n|teampreview|4\n|showteam|p1|Urshifu-Rapid-Strike||ChoiceScarf|UnseenFist|SurgingStrikes,CloseCombat,Uturn,AquaJet|||M|||50|,,,,,Water]Gholdengo||MetalCoat|GoodasGold|MakeItRain,ShadowBall,NastyPlot,Protect||||||50|,,,,,Dragon]Salamence||CovertCloak|Intimidate|DracoMeteor,Hurricane,Tailwind,Protect|||F|||50|,,,,,Flying]Politoed||DampRock|Drizzle|MuddyWater,PerishSong,Encore,Protect|||F|||50|,,,,,Dark]Gothitelle||SitrusBerry|ShadowTag|Psychic,FakeOut,TrickRoom,Protect|||M|||50|,,,,,Fairy]Amoonguss||RockyHelmet|Regenerator|PollenPuff,Spore,RagePowder,Protect|||M|||50|,,,,,Water\n|showteam|p2|Heatran||LifeOrb|FlashFire|HeatWave,EarthPower,FlashCannon,Protect|||M|||50|,,,,,Fairy]Iron Bundle||BoosterEnergy|QuarkDrive|FreezeDry,IcyWind,HydroPump,Protect||||||50|,,,,,Ghost]Iron Hands||AssaultVest|QuarkDrive|FakeOut,VoltSwitch,WildCharge,DrainPunch||||||50|,,,,,Water]Amoonguss||RockyHelmet|Regenerator|Spore,RagePowder,LeafStorm,PollenPuff|||F|||50|,,,,,Water]Urshifu||BlackGlasses|UnseenFist|WickedBlow,SwordsDance,SuckerPunch,Protect|||F|||50|,,,,,Poison]Landorus-Therian||SafetyGoggles|Intimidate|TeraBlast,StompingTantrum,Uturn,Protect|||M|||50|,,,,,Flying\n|j| FBISurveillanceMan\n|j| phishie7\n|j| bloodcurseuk\n|\n|t:|1701106972\n|start\n|switch|p1a: Urshifu|Urshifu-Rapid-Strike, L50, M|100\/100\n|switch|p1b: Kami|Politoed, L50, F|100\/100\n|switch|p2a: Iron Bundle|Iron Bundle, L50|100\/100\n|switch|p2b: Iron Hands|Iron Hands, L50|100\/100\n|-weather|RainDance|[from] ability: Drizzle|[of] p1b: Kami\n|-enditem|p2a: Iron Bundle|Booster Energy\n|-activate|p2a: Iron Bundle|ability: Quark Drive|[fromitem]\n|-start|p2a: Iron Bundle|quarkdrivespe\n|turn|1\n|\n|t:|1701107030\n|switch|p1a: Tetsu|Amoonguss, L50, M, shiny|100\/100\n|move|p2b: Iron Hands|Fake Out|p1a: Tetsu\n|-damage|p1a: Tetsu|89\/100\n|-damage|p2b: Iron Hands|84\/100|[from] item: Rocky Helmet|[of] p1a: Tetsu\n|move|p2a: Iron Bundle|Freeze-Dry|p1a: Tetsu\n|-supereffective|p1a: Tetsu\n|-damage|p1a: Tetsu|37\/100\n|move|p1b: Kami|Encore|p2b: Iron Hands\n|-start|p2b: Iron Hands|Encore\n|\n|-weather|RainDance|[upkeep]\n|upkeep\n|turn|2\n|\n|t:|1701107052\n|-end|p2b: Iron Hands|Quark Drive|[silent]\n|switch|p2b: Amoonguss|Amoonguss, L50, F|100\/100\n|switch|p1a: K\u00f6zi|Gholdengo, L50|100\/100\n|move|p2a: Iron Bundle|Freeze-Dry|p1a: K\u00f6zi\n|-resisted|p1a: K\u00f6zi\n|-damage|p1a: K\u00f6zi|86\/100\n|move|p1b: Kami|Perish Song|p1b: Kami\n|-immune|p1a: K\u00f6zi|[from] ability: Good as Gold\n|-start|p1b: Kami|perish3|[silent]\n|-start|p2a: Iron Bundle|perish3|[silent]\n|-start|p2b: Amoonguss|perish3|[silent]\n|-fieldactivate|move: Perish Song\n|\n|-weather|RainDance|[upkeep]\n|-start|p2a: Iron Bundle|perish3\n|-start|p1b: Kami|perish3\n|-start|p2b: Amoonguss|perish3\n|upkeep\n|turn|3\n|j| eppendorf1.5\n|\n|t:|1701107077\n|-end|p2a: Iron Bundle|Quark Drive|[silent]\n|switch|p2a: Urshifu|Urshifu, L50, F|100\/100\n|switch|p1b: Tetsu|Amoonguss, L50, M, shiny|70\/100\n|move|p1a: K\u00f6zi|Protect|p1a: K\u00f6zi\n|-singleturn|p1a: K\u00f6zi|Protect\n|move|p2b: Amoonguss|Spore|p1b: Tetsu\n|-immune|p1b: Tetsu\n|\n|-weather|RainDance|[upkeep]\n|-start|p2b: Amoonguss|perish2\n|upkeep\n|turn|4\n|\n|t:|1701107119\n|switch|p2b: Iron Hands|Iron Hands, L50|84\/100\n|move|p2a: Urshifu|Protect|p2a: Urshifu\n|-singleturn|p2a: Urshifu|Protect\n|move|p1b: Tetsu|Rage Powder|p1b: Tetsu\n|-singleturn|p1b: Tetsu|move: Rage Powder\n|move|p1a: K\u00f6zi|Nasty Plot|p1a: K\u00f6zi\n|-boost|p1a: K\u00f6zi|spa|2\n|\n|-weather|RainDance|[upkeep]\n|upkeep\n|turn|5\n|j|%Radio Free C-Side\n|\n|t:|1701107150\n|switch|p1b: Urshifu|Urshifu-Rapid-Strike, L50, M|100\/100\n|-terastallize|p1a: K\u00f6zi|Dragon\n|move|p2b: Iron Hands|Fake Out|p1a: K\u00f6zi\n|-damage|p1a: K\u00f6zi|72\/100\n|move|p2a: Urshifu|Wicked Blow|p1a: K\u00f6zi\n|-crit|p1a: K\u00f6zi\n|-damage|p1a: K\u00f6zi|7\/100\n|cant|p1a: K\u00f6zi|flinch\n|\n|-weather|RainDance|[upkeep]\n|upkeep\n|turn|6\n|c|%Radio Free C-Side|gaming\n|\n|t:|1701107172\n|switch|p2a: Amoonguss|Amoonguss, L50, F|100\/100\n|move|p1b: Urshifu|Surging Strikes|p2a: Amoonguss\n|-resisted|p2a: Amoonguss\n|-crit|p2a: Amoonguss\n|-damage|p2a: Amoonguss|84\/100\n|-damage|p1b: Urshifu|84\/100|[from] item: Rocky Helmet|[of] p2a: Amoonguss\n|-resisted|p2a: Amoonguss\n|-crit|p2a: Amoonguss\n|-damage|p2a: Amoonguss|66\/100\n|-damage|p1b: Urshifu|68\/100|[from] item: Rocky Helmet|[of] p2a: Amoonguss\n|-resisted|p2a: Amoonguss\n|-crit|p2a: Amoonguss\n|-damage|p2a: Amoonguss|50\/100\n|-damage|p1b: Urshifu|51\/100|[from] item: Rocky Helmet|[of] p2a: Amoonguss\n|-hitcount|p2a: Amoonguss|3\n|move|p1a: K\u00f6zi|Nasty Plot|p1a: K\u00f6zi\n|-boost|p1a: K\u00f6zi|spa|2\n|move|p2b: Iron Hands|Volt Switch|p1a: K\u00f6zi\n|-resisted|p1a: K\u00f6zi\n|-damage|p1a: K\u00f6zi|1\/100\n|c|\u2606MorningElegy|huge icl\n|c|\u2606MorningElegy|god spread\n|\n|t:|1701107186\n|-end|p2b: Iron Hands|Quark Drive|[silent]\n|switch|p2b: Iron Bundle|Iron Bundle, L50|100\/100|[from] Volt Switch\n|\n|-weather|RainDance|[upkeep]\n|upkeep\n|turn|7\n|\n|t:|1701107205\n|move|p1a: K\u00f6zi|Protect|p1a: K\u00f6zi\n|-singleturn|p1a: K\u00f6zi|Protect\n|move|p2a: Amoonguss|Rage Powder|p2a: Amoonguss\n|-singleturn|p2a: Amoonguss|move: Rage Powder\n|move|p1b: Urshifu|Surging Strikes|p2a: Amoonguss\n|-resisted|p2a: Amoonguss\n|-crit|p2a: Amoonguss\n|-damage|p2a: Amoonguss|33\/100\n|-damage|p1b: Urshifu|35\/100|[from] item: Rocky Helmet|[of] p2a: Amoonguss\n|-resisted|p2a: Amoonguss\n|-crit|p2a: Amoonguss\n|-damage|p2a: Amoonguss|15\/100\n|-damage|p1b: Urshifu|18\/100|[from] item: Rocky Helmet|[of] p2a: Amoonguss\n|-resisted|p2a: Amoonguss\n|-crit|p2a: Amoonguss\n|-damage|p2a: Amoonguss|0 fnt\n|-damage|p1b: Urshifu|2\/100|[from] item: Rocky Helmet|[of] p2a: Amoonguss\n|faint|p2a: Amoonguss\n|-hitcount|p2: Amoonguss|3\n|move|p2b: Iron Bundle|Icy Wind|p1a: K\u00f6zi|[spread] p1b\n|-activate|p1a: K\u00f6zi|move: Protect\n|-resisted|p1b: Urshifu\n|-damage|p1b: Urshifu|0 fnt\n|faint|p1b: Urshifu\n|\n|-weather|RainDance|[upkeep]\n|upkeep\n|j| griddy - shrek\n|l| griddy - shrek\n|\n|t:|1701107222\n|switch|p1b: Tetsu|Amoonguss, L50, M, shiny|100\/100\n|switch|p2a: Iron Hands|Iron Hands, L50|84\/100\n|turn|8\n|j| Super Melusine\n|\n|t:|1701107265\n|move|p2a: Iron Hands|Fake Out|p1b: Tetsu\n|-damage|p1b: Tetsu|88\/100\n|-damage|p2a: Iron Hands|67\/100|[from] item: Rocky Helmet|[of] p1b: Tetsu\n|move|p2b: Iron Bundle|Freeze-Dry|p1a: K\u00f6zi\n|-supereffective|p1a: K\u00f6zi\n|-damage|p1a: K\u00f6zi|0 fnt\n|faint|p1a: K\u00f6zi\n|cant|p1b: Tetsu|flinch\n|\n|-weather|none\n|upkeep\n|c|\u2606MorningElegy|fair play\n|\n|t:|1701107275\n|switch|p1a: Kami|Politoed, L50, F|100\/100\n|-weather|RainDance|[from] ability: Drizzle|[of] p1a: Kami\n|turn|9\n|l|%Radio Free C-Side\n|l| eppendorf1.5\n|\n|t:|1701107299\n|move|p2b: Iron Bundle|Freeze-Dry|p1b: Tetsu\n|-supereffective|p1b: Tetsu\n|-crit|p1b: Tetsu\n|-damage|p1b: Tetsu|7\/100\n|move|p1a: Kami|Muddy Water|p2b: Iron Bundle|[spread] p2b\n|-miss|p1a: Kami|p2a: Iron Hands\n|-resisted|p2b: Iron Bundle\n|-damage|p2b: Iron Bundle|79\/100\n|move|p2a: Iron Hands|Volt Switch|p1a: Kami\n|-supereffective|p1a: Kami\n|-damage|p1a: Kami|73\/100\n|\n|t:|1701107303\n|-end|p2a: Iron Hands|Quark Drive|[silent]\n|switch|p2a: Urshifu|Urshifu, L50, F|100\/100|[from] Volt Switch\n|move|p1b: Tetsu|Spore|p2b: Iron Bundle\n|-status|p2b: Iron Bundle|slp|[from] move: Spore\n|\n|-weather|RainDance|[upkeep]\n|upkeep\n|turn|10\n|j| Copper05\n|\n|t:|1701107324\n|move|p1b: Tetsu|Rage Powder|p1b: Tetsu\n|-singleturn|p1b: Tetsu|move: Rage Powder\n|cant|p2b: Iron Bundle|slp\n|move|p2a: Urshifu|Wicked Blow|p1b: Tetsu\n|-crit|p1b: Tetsu\n|-damage|p1b: Tetsu|0 fnt\n|-damage|p2a: Urshifu|84\/100|[from] item: Rocky Helmet|[of] p1b: Tetsu\n|faint|p1b: Tetsu\n|move|p1a: Kami|Muddy Water|p2a: Urshifu|[spread] p2a,p2b\n|-resisted|p2b: Iron Bundle\n|-damage|p2a: Urshifu|44\/100\n|-damage|p2b: Iron Bundle|57\/100 slp\n|-unboost|p2a: Urshifu|accuracy|1\n|\n|-weather|RainDance|[upkeep]\n|upkeep\n|turn|11\n|j|%Radio Free C-Side\n|\n|t:|1701107336\n|switch|p2a: Iron Hands|Iron Hands, L50|67\/100\n|cant|p2b: Iron Bundle|slp\n|move|p1a: Kami|Muddy Water|p2a: Iron Hands|[spread] p2a\n|-miss|p1a: Kami|p2b: Iron Bundle\n|-crit|p2a: Iron Hands\n|-damage|p2a: Iron Hands|43\/100\n|-unboost|p2a: Iron Hands|accuracy|1\n|\n|-weather|RainDance|[upkeep]\n|upkeep\n|turn|12\n|\n|t:|1701107342\n|cant|p2b: Iron Bundle|slp\n|move|p1a: Kami|Muddy Water|p2b: Iron Bundle|[spread] p2a,p2b\n|-resisted|p2b: Iron Bundle\n|-damage|p2a: Iron Hands|27\/100\n|-damage|p2b: Iron Bundle|32\/100 slp\n|-unboost|p2b: Iron Bundle|accuracy|1\n|move|p2a: Iron Hands|Wild Charge|p1a: Kami\n|-supereffective|p1a: Kami\n|-damage|p1a: Kami|0 fnt\n|faint|p1a: Kami\n|-damage|p2a: Iron Hands|12\/100|[from] Recoil\n|\n|win|viper pit\n|c|\u2606viper pit|gg\n|c|\u2606MorningElegy|you tried poli\n|c|\u2606MorningElegy|ggs\n|l| Radio Free C-Side\n|l|\u2606viper pit\n|l| phishie7\n|l| bloodcurseuk\n|l| Copper05\n","uploadtime":1701107459,"views":4,"p1id":"morningelegy","p2id":"viperpit","formatid":"gen9vgc2023regulatione","rating":0,"private":0,"password":""}