{"id":"gen9vgc2023regulatione-1993469414","p1":"Dragmirejr","p2":"Skaddy","format":"[Gen 9] VGC 2023 Regulation E","log":"|j|\u2606Dragmirejr\n|j|\u2606Skaddy\n|t:|1700321713\n|gametype|doubles\n|player|p1|Dragmirejr|iris-gen5bw2|1088\n|player|p2|Skaddy|101|1000\n|teamsize|p1|6\n|teamsize|p2|6\n|gen|9\n|tier|[Gen 9] VGC 2023 Regulation E\n|rated|\n|rule|Species Clause: Limit one of each Pok\u00e9mon\n|rule|Item Clause: Limit one of each item\n|clearpoke\n|poke|p1|Flutter Mane, L50|\n|poke|p1|Iron Hands, L50|\n|poke|p1|Landorus-Therian, L50, M|\n|poke|p1|Ogerpon-Wellspring, L50, F|\n|poke|p1|Heatran, L50, M|\n|poke|p1|Chien-Pao, L50|\n|poke|p2|Murkrow, L50, M|\n|poke|p2|Gothitelle, L50, M|\n|poke|p2|Flutter Mane, L50|\n|poke|p2|Annihilape, L50, M|\n|poke|p2|Amoonguss, L50, F|\n|poke|p2|Garganacl, L50, M|\n|teampreview|4\nSkaddy rejected open team sheets.\n|inactive|Battle timer is ON: inactive players will automatically lose when time's up. (requested by Skaddy)\n|inactive|Dragmirejr has 60 seconds left.\n|\n|t:|1700321760\n|start\n|switch|p1a: Big Hands Big|Iron Hands, L50|100\/100\n|switch|p1b: He Train|Heatran, L50, M|100\/100\n|switch|p2a: Murkrow|Murkrow, L50, M|100\/100\n|switch|p2b: Gothitelle|Gothitelle, L50, M|100\/100\n|turn|1\n|inactive|Dragmirejr has 30 seconds left.\n|inactive|Dragmirejr has 20 seconds left.\n|\n|t:|1700321795\n|move|p2b: Gothitelle|Fake Out|p1a: Big Hands Big\n|-damage|p1a: Big Hands Big|97\/100\n|cant|p1a: Big Hands Big|flinch\n|move|p2a: Murkrow|Perish Song|p2a: Murkrow\n|-start|p1a: Big Hands Big|perish3|[silent]\n|-start|p1b: He Train|perish3|[silent]\n|-start|p2a: Murkrow|perish3|[silent]\n|-start|p2b: Gothitelle|perish3|[silent]\n|-fieldactivate|move: Perish Song\n|move|p1b: He Train|Heat Wave|p2b: Gothitelle|[spread] p2b\n|-miss|p1b: He Train|p2a: Murkrow\n|-damage|p2b: Gothitelle|68\/100\n|\n|-start|p2a: Murkrow|perish3\n|-start|p1b: He Train|perish3\n|-start|p2b: Gothitelle|perish3\n|-start|p1a: Big Hands Big|perish3\n|upkeep\n|turn|2\n|inactive|Dragmirejr has 30 seconds left.\n|\n|t:|1700321822\n|move|p2b: Gothitelle|Protect|p2b: Gothitelle\n|-singleturn|p2b: Gothitelle|Protect\n|move|p2a: Murkrow|Tailwind|p2a: Murkrow\n|-sidestart|p2: Skaddy|move: Tailwind\n|move|p1b: He Train|Heat Wave|p2b: Gothitelle|[spread] p2a\n|-activate|p2b: Gothitelle|move: Protect\n|-damage|p2a: Murkrow|56\/100\n|move|p1a: Big Hands Big|Wild Charge|p2a: Murkrow\n|-supereffective|p2a: Murkrow\n|-damage|p2a: Murkrow|0 fnt\n|faint|p2a: Murkrow\n|-damage|p1a: Big Hands Big|89\/100|[from] Recoil\n|\n|-start|p2b: Gothitelle|perish2\n|-start|p1b: He Train|perish2\n|-start|p1a: Big Hands Big|perish2\n|upkeep\n|\n|t:|1700321838\n|switch|p2a: Amoonguss|Amoonguss, L50, F|100\/100\n|turn|3\n|inactive|Dragmirejr has 30 seconds left.\n|\n|t:|1700321863\n|move|p2a: Amoonguss|Protect|p2a: Amoonguss\n|-singleturn|p2a: Amoonguss|Protect\n|move|p2b: Gothitelle|Future Sight|p1a: Big Hands Big\n|-start|p2b: Gothitelle|move: Future Sight\n|move|p1b: He Train|Earth Power|p2b: Gothitelle\n|-damage|p2b: Gothitelle|39\/100\n|move|p1a: Big Hands Big|Heavy Slam|p2b: Gothitelle\n|-damage|p2b: Gothitelle|0 fnt\n|faint|p2b: Gothitelle\n|\n|-start|p1b: He Train|perish1\n|-start|p1a: Big Hands Big|perish1\n|upkeep\n|\n|t:|1700321875\n|switch|p2b: Flutter Mane|Flutter Mane, L50|100\/100\n|turn|4\n|inactive|Dragmirejr has 30 seconds left.\n|\n|t:|1700321905\n|switch|p1b: BONK|Ogerpon-Wellspring, L50, F|100\/100\n|-end|p1a: Big Hands Big|Quark Drive|[silent]\n|switch|p1a: Maniac|Flutter Mane, L50|100\/100\n|move|p2b: Flutter Mane|Dazzling Gleam|p1a: Maniac|[spread] p1a,p1b\n|-damage|p1a: Maniac|61\/100\n|-damage|p1b: BONK|65\/100\n|move|p2a: Amoonguss|Spore|p1b: BONK\n|-immune|p1b: BONK\n|\n|upkeep\n|turn|5\n|inactive|Dragmirejr has 30 seconds left.\n|\n|t:|1700321938\n|move|p1a: Maniac|Protect|p1a: Maniac\n|-singleturn|p1a: Maniac|Protect\n|move|p2a: Amoonguss|Rage Powder|p2a: Amoonguss\n|-singleturn|p2a: Amoonguss|move: Rage Powder\n|move|p2b: Flutter Mane|Shadow Ball|p1a: Maniac\n|-activate|p1a: Maniac|move: Protect\n|move|p1b: BONK|Ivy Cudgel|p2b: Flutter Mane|[anim] Ivy Cudgel Water\n|-crit|p2b: Flutter Mane\n|-damage|p2b: Flutter Mane|0 fnt\n|faint|p2b: Flutter Mane\n|-end|p2b: Flutter Mane|Protosynthesis|[silent]\n|\n|-end|p1a: Maniac|move: Future Sight\n|-damage|p1a: Maniac|17\/100\n|-sideend|p2: Skaddy|move: Tailwind\n|upkeep\n|turn|6\n|-message|Skaddy forfeited.\n|\n|win|Dragmirejr\n|raw|Dragmirejr's rating: 1088 &rarr; <strong>1108<\/strong><br \/>(+20 for winning)\n|raw|Skaddy's rating: 1000 &rarr; <strong>1000<\/strong><br \/>(+0 for losing)\n|l|\u2606Skaddy\n","uploadtime":1700322053,"views":32,"p1id":"dragmirejr","p2id":"skaddy","formatid":"gen9vgc2023regulatione","rating":1000,"private":0,"password":""}