{"id":"gen9vgc2023regulatione-1999753083","p1":"IKill4Cookies95","p2":"whyismynamejeff","format":"[Gen 9] VGC 2023 Regulation E","log":"|j|\u2606IKill4Cookies95\n|j|\u2606whyismynamejeff\n|t:|1701113615\n|gametype|doubles\n|player|p1|IKill4Cookies95|riley|1208\n|player|p2|whyismynamejeff|colress|1144\n|teamsize|p1|6\n|teamsize|p2|6\n|gen|9\n|tier|[Gen 9] VGC 2023 Regulation E\n|rated|\n|rule|Species Clause: Limit one of each Pok\u00e9mon\n|rule|Item Clause: Limit one of each item\n|clearpoke\n|poke|p1|Dragonite, L50, M|\n|poke|p1|Charizard, L50, M|\n|poke|p1|Tornadus, L50, M|\n|poke|p1|Landorus-Therian, L50, M|\n|poke|p1|Volcarona, L50, M|\n|poke|p1|Chi-Yu, L50|\n|poke|p2|Farigiraf, L50, F|\n|poke|p2|Iron Hands, L50|\n|poke|p2|Urshifu-*, L50, M|\n|poke|p2|Chien-Pao, L50|\n|poke|p2|Tornadus, L50, M|\n|poke|p2|Flutter Mane, L50|\n|teampreview|4\n|inactive|Battle timer is ON: inactive players will automatically lose when time's up. (requested by IKill4Cookies95)\n|inactive|IKill4Cookies95 has 60 seconds left.\n|inactive|whyismynamejeff has 60 seconds left.\n|inactive|IKill4Cookies95 has 30 seconds left.\n|inactive|IKill4Cookies95 has 20 seconds left.\n|inactive|IKill4Cookies95 has 15 seconds left.\n|\n|t:|1701113691\n|start\n|switch|p1a: Volcarona|Volcarona, L50, M|100\/100\n|switch|p1b: Chi-Yu|Chi-Yu, L50|100\/100\n|switch|p2a: Sparky Hariyama|Iron Hands, L50, shiny|100\/100\n|switch|p2b: Sword Cat|Chien-Pao, L50|100\/100\n|-ability|p2b: Sword Cat|Sword of Ruin\n|-ability|p1b: Chi-Yu|Beads of Ruin\n|turn|1\n|inactive|IKill4Cookies95 has 30 seconds left.\n|inactive|whyismynamejeff has 30 seconds left.\n|inactive|IKill4Cookies95 has 20 seconds left.\n|inactive|IKill4Cookies95 has 15 seconds left.\n|\n|t:|1701113734\n|-terastallize|p1b: Chi-Yu|Ghost\n|move|p2a: Sparky Hariyama|Fake Out|p1b: Chi-Yu\n|-immune|p1b: Chi-Yu\n|move|p2b: Sword Cat|Crunch|p1a: Volcarona\n|-damage|p1a: Volcarona|10\/100\n|move|p1b: Chi-Yu|Reflect|p1b: Chi-Yu\n|-sidestart|p1: IKill4Cookies95|Reflect\n|move|p1a: Volcarona|Bug Buzz|p2b: Sword Cat\n|-supereffective|p2b: Sword Cat\n|-crit|p2b: Sword Cat\n|-enditem|p2b: Sword Cat|Focus Sash\n|-damage|p2b: Sword Cat|1\/100\n|\n|upkeep\n|turn|2\n|\n|t:|1701113759\n|move|p1a: Volcarona|Protect|p1a: Volcarona\n|-singleturn|p1a: Volcarona|Protect\n|move|p2b: Sword Cat|Sucker Punch|p1b: Chi-Yu\n|-supereffective|p1b: Chi-Yu\n|-damage|p1b: Chi-Yu|17\/100\n|move|p1b: Chi-Yu|Dark Pulse|p2b: Sword Cat\n|-resisted|p2b: Sword Cat\n|-damage|p2b: Sword Cat|0 fnt\n|faint|p2b: Sword Cat\n|move|p2a: Sparky Hariyama|Drain Punch|p1a: Volcarona\n|-activate|p1a: Volcarona|move: Protect\n|\n|upkeep\n|\n|t:|1701113772\n|switch|p2b: Big Misdreavus|Flutter Mane, L50|100\/100\n|turn|3\n|inactive|IKill4Cookies95 has 30 seconds left.\n|inactive|IKill4Cookies95 has 20 seconds left.\n|\n|t:|1701113808\n|move|p1a: Volcarona|Protect||[still]\n|-fail|p1a: Volcarona\n|move|p2b: Big Misdreavus|Dazzling Gleam|p1b: Chi-Yu|[spread] p1a,p1b\n|-resisted|p1a: Volcarona\n|-crit|p1b: Chi-Yu\n|-damage|p1a: Volcarona|0 fnt\n|-damage|p1b: Chi-Yu|0 fnt\n|faint|p1a: Volcarona\n|faint|p1b: Chi-Yu\n|move|p2a: Sparky Hariyama|Drain Punch|p1: Volcarona|[notarget]\n|-fail|p2a: Sparky Hariyama\n|\n|upkeep\n|inactive|IKill4Cookies95 has 30 seconds left.\n|\n|t:|1701113834\n|switch|p1b: Tornadus|Tornadus, L50, M|100\/100\n|switch|p1a: Charizard|Charizard, L50, M|100\/100\n|turn|4\n|inactive|whyismynamejeff has 30 seconds left.\n|inactive|whyismynamejeff has 20 seconds left.\n|\n|t:|1701113871\n|-end|p2b: Big Misdreavus|Protosynthesis|[silent]\n|switch|p2b: Water Bear|Urshifu-Rapid-Strike, L50, M|100\/100\n|move|p1b: Tornadus|Bleakwind Storm|p2a: Sparky Hariyama|[spread] p2b\n|-miss|p1b: Tornadus|p2a: Sparky Hariyama\n|-supereffective|p2b: Water Bear\n|-damage|p2b: Water Bear|0 fnt\n|faint|p2b: Water Bear\n|move|p1a: Charizard|Heat Wave|p2a: Sparky Hariyama\n|-damage|p2a: Sparky Hariyama|77\/100\n|move|p2a: Sparky Hariyama|Wild Charge|p1b: Tornadus\n|-supereffective|p1b: Tornadus\n|-damage|p1b: Tornadus|1\/100\n|-damage|p2a: Sparky Hariyama|61\/100|[from] Recoil\n|\n|upkeep\n|\n|t:|1701113882\n|switch|p2b: Big Misdreavus|Flutter Mane, L50|100\/100\n|turn|5\n|\n|t:|1701113889\n|move|p2b: Big Misdreavus|Dazzling Gleam|p1b: Tornadus|[spread] p1a,p1b\n|-resisted|p1a: Charizard\n|-damage|p1a: Charizard|69\/100\n|-damage|p1b: Tornadus|0 fnt\n|faint|p1b: Tornadus\n|move|p1a: Charizard|Heat Wave|p2a: Sparky Hariyama|[spread] p2a,p2b\n|-damage|p2a: Sparky Hariyama|45\/100\n|-damage|p2b: Big Misdreavus|69\/100\n|move|p2a: Sparky Hariyama|Wild Charge|p1a: Charizard\n|-supereffective|p1a: Charizard\n|-damage|p1a: Charizard|0 fnt\n|faint|p1a: Charizard\n|-damage|p2a: Sparky Hariyama|34\/100|[from] Recoil\n|\n|win|whyismynamejeff\n|raw|IKill4Cookies95's rating: 1208 &rarr; <strong>1178<\/strong><br \/>(-30 for losing)\n|raw|whyismynamejeff's rating: 1144 &rarr; <strong>1174<\/strong><br \/>(+30 for winning)\n|l|\u2606IKill4Cookies95\n","uploadtime":1701113903,"views":14,"p1id":"ikill4cookies95","p2id":"whyismynamejeff","formatid":"gen9vgc2023regulatione","rating":1174,"private":0,"password":""}