{"id":"gen9vgc2023regulatione-1996740377","p1":"mochipupusa","p2":"abcmaster11","format":"[Gen 9] VGC 2023 Regulation E","log":"|j|\u2606mochipupusa\n|j|\u2606abcmaster11\n|t:|1700717283\n|gametype|doubles\n|player|p1|mochipupusa|101|1307\n|player|p2|abcmaster11|acetrainer-gen4dp|1214\n|teamsize|p1|6\n|teamsize|p2|6\n|gen|9\n|tier|[Gen 9] VGC 2023 Regulation E\n|rated|\n|rule|Species Clause: Limit one of each Pok\u00e9mon\n|rule|Item Clause: Limit one of each item\n|clearpoke\n|poke|p1|Roaring Moon, L50|\n|poke|p1|Milotic, L50, F|\n|poke|p1|Landorus-Therian, L50, M|\n|poke|p1|Flutter Mane, L50|\n|poke|p1|Iron Hands, L50|\n|poke|p1|Ogerpon-Hearthflame, L50, F|\n|poke|p2|Okidogi, L50, M|\n|poke|p2|Rillaboom, L50, M|\n|poke|p2|Ninetales-Alola, L50, M|\n|poke|p2|Iron Bundle, L50|\n|poke|p2|Landorus-Therian, L50, M|\n|poke|p2|Farigiraf, L50, F|\n|teampreview|4\nmochipupusa has agreed to open team sheets.\nabcmaster11 has agreed to open team sheets.\n|inactive|Battle timer is ON: inactive players will automatically lose when time's up. (requested by abcmaster11)\n|\n|t:|1700717329\n|start\n|switch|p1a: Iron Hands|Iron Hands, L50|100\/100\n|switch|p1b: Ogerpon|Ogerpon-Hearthflame, L50, F|100\/100\n|switch|p2a: Ninetales|Ninetales-Alola, L50, M|100\/100\n|switch|p2b: Iron Bundle|Iron Bundle, L50|100\/100\n|-weather|Snow|[from] ability: Snow Warning|[of] p2a: Ninetales\n|-ability|p1b: Ogerpon|Mold Breaker\n|-enditem|p2b: Iron Bundle|Booster Energy\n|-activate|p2b: Iron Bundle|ability: Quark Drive|[fromitem]\n|-start|p2b: Iron Bundle|quarkdrivespe\n|turn|1\n|\n|t:|1700717352\n|move|p2b: Iron Bundle|Protect|p2b: Iron Bundle\n|-singleturn|p2b: Iron Bundle|Protect\n|move|p2a: Ninetales|Aurora Veil|p2a: Ninetales\n|-sidestart|p2: abcmaster11|move: Aurora Veil\n|move|p1b: Ogerpon|Ivy Cudgel|p2a: Ninetales|[anim] Ivy Cudgel Fire\n|-supereffective|p2a: Ninetales\n|-damage|p2a: Ninetales|29\/100\n|move|p1a: Iron Hands|Drain Punch|p2a: Ninetales\n|-damage|p2a: Ninetales|4\/100\n|\n|-weather|Snow|[upkeep]\n|upkeep\n|turn|2\n|\n|t:|1700717372\n|switch|p2a: Landorus|Landorus-Therian, L50, M|100\/100\n|-ability|p2a: Landorus|Intimidate|boost\n|-unboost|p1a: Iron Hands|atk|1\n|-unboost|p1b: Ogerpon|atk|1\n|move|p2b: Iron Bundle|Blizzard|p1b: Ogerpon|[spread] p1a,p1b\n|-damage|p1a: Iron Hands|76\/100\n|-damage|p1b: Ogerpon|51\/100\n|move|p1b: Ogerpon|Ivy Cudgel|p2a: Landorus|[anim] Ivy Cudgel Fire\n|-damage|p2a: Landorus|67\/100\n|move|p1a: Iron Hands|Drain Punch|p2b: Iron Bundle\n|-supereffective|p2b: Iron Bundle\n|-damage|p2b: Iron Bundle|73\/100\n|-heal|p1a: Iron Hands|84\/100|[from] drain|[of] p2b: Iron Bundle\n|\n|-weather|Snow|[upkeep]\n|upkeep\n|turn|3\n|\n|t:|1700717395\n|move|p1b: Ogerpon|Spiky Shield|p1b: Ogerpon\n|-singleturn|p1b: Ogerpon|move: Protect\n|move|p2b: Iron Bundle|Blizzard|p1a: Iron Hands|[spread] p1a\n|-activate|p1b: Ogerpon|move: Protect\n|-damage|p1a: Iron Hands|61\/100\n|move|p2a: Landorus|Rock Slide|p1a: Iron Hands|[spread] p1a\n|-activate|p1b: Ogerpon|move: Protect\n|-resisted|p1a: Iron Hands\n|-damage|p1a: Iron Hands|53\/100\n|move|p1a: Iron Hands|Heavy Slam|p2b: Iron Bundle\n|-damage|p2b: Iron Bundle|59\/100\n|\n|-weather|Snow|[upkeep]\n|upkeep\n|turn|4\n|inactive|mochipupusa has 30 seconds left.\n|\n|t:|1700717425\n|switch|p1b: Roaring Moon|Roaring Moon, L50|100\/100\n|-enditem|p1b: Roaring Moon|Booster Energy\n|-activate|p1b: Roaring Moon|ability: Protosynthesis|[fromitem]\n|-start|p1b: Roaring Moon|protosynthesisatk\n|-end|p1a: Iron Hands|Quark Drive|[silent]\n|switch|p1a: Milotic|Milotic, L50, F|100\/100\n|move|p2b: Iron Bundle|Blizzard|p1a: Milotic|[spread] p1a,p1b\n|-resisted|p1a: Milotic\n|-supereffective|p1b: Roaring Moon\n|-damage|p1a: Milotic|85\/100\n|-damage|p1b: Roaring Moon|28\/100\n|move|p2a: Landorus|Rock Slide|p1b: Roaring Moon|[spread] p1a,p1b\n|-damage|p1a: Milotic|66\/100\n|-damage|p1b: Roaring Moon|4\/100\n|\n|-weather|Snow|[upkeep]\n|-heal|p1a: Milotic|72\/100|[from] item: Leftovers\n|upkeep\n|turn|5\n|inactive|abcmaster11 has 30 seconds left.\n|\n|t:|1700717451\n|switch|p2a: Rillaboom|Rillaboom, L50, M|100\/100\n|-fieldstart|move: Grassy Terrain|[from] ability: Grassy Surge|[of] p2a: Rillaboom\n|move|p1b: Roaring Moon|Protect|p1b: Roaring Moon\n|-singleturn|p1b: Roaring Moon|Protect\n|move|p2b: Iron Bundle|Blizzard|p1b: Roaring Moon|[spread] p1a\n|-activate|p1b: Roaring Moon|move: Protect\n|-resisted|p1a: Milotic\n|-crit|p1a: Milotic\n|-damage|p1a: Milotic|47\/100\n|-status|p1a: Milotic|frz\n|cant|p1a: Milotic|frz\n|\n|-weather|none\n|-heal|p2b: Iron Bundle|65\/100|[from] Grassy Terrain\n|-heal|p1b: Roaring Moon|10\/100|[from] Grassy Terrain\n|-heal|p1a: Milotic|53\/100 frz|[from] Grassy Terrain\n|-heal|p1a: Milotic|59\/100 frz|[from] item: Leftovers\n|upkeep\n|turn|6\n|inactive|mochipupusa has 30 seconds left.\n|inactive|abcmaster11 has 30 seconds left.\n|inactive|mochipupusa has 20 seconds left.\n|inactive|mochipupusa has 15 seconds left.\n|\n|t:|1700717493\n|cant|p1a: Milotic|frz\n|move|p2a: Rillaboom|Fake Out|p1b: Roaring Moon\n|-damage|p1b: Roaring Moon|0 fnt\n|faint|p1b: Roaring Moon\n|-end|p1b: Roaring Moon|Protosynthesis|[silent]\n|move|p2b: Iron Bundle|Hydro Pump|p1a: Milotic\n|-resisted|p1a: Milotic\n|-damage|p1a: Milotic|37\/100 frz\n|\n|-heal|p2b: Iron Bundle|71\/100|[from] Grassy Terrain\n|-heal|p1a: Milotic|43\/100 frz|[from] Grassy Terrain\n|-heal|p1a: Milotic|49\/100 frz|[from] item: Leftovers\n|upkeep\n|\n|t:|1700717505\n|switch|p1b: Iron Hands|Iron Hands, L50|53\/100\n|turn|7\n|\n|t:|1700717522\n|move|p1b: Iron Hands|Fake Out|p2a: Rillaboom\n|-damage|p2a: Rillaboom|91\/100\n|move|p2b: Iron Bundle|Hydro Pump|p1b: Iron Hands\n|-damage|p1b: Iron Hands|22\/100\n|cant|p2a: Rillaboom|flinch\n|-curestatus|p1a: Milotic|frz|[msg]\n|move|p1a: Milotic|Icy Wind|p2a: Rillaboom|[spread] p2a,p2b\n|-supereffective|p2a: Rillaboom\n|-resisted|p2b: Iron Bundle\n|-damage|p2a: Rillaboom|78\/100\n|-damage|p2b: Iron Bundle|67\/100\n|-unboost|p2a: Rillaboom|spe|1\n|-unboost|p2b: Iron Bundle|spe|1\n|\n|-heal|p2b: Iron Bundle|73\/100|[from] Grassy Terrain\n|-heal|p1a: Milotic|55\/100|[from] Grassy Terrain\n|-heal|p1a: Milotic|61\/100|[from] item: Leftovers\n|-heal|p1b: Iron Hands|28\/100|[from] Grassy Terrain\n|-heal|p2a: Rillaboom|84\/100|[from] Grassy Terrain\n|upkeep\n|turn|8\n|inactive|mochipupusa has 30 seconds left.\n|\n|t:|1700717556\n|move|p1a: Milotic|Protect|p1a: Milotic\n|-singleturn|p1a: Milotic|Protect\n|move|p2a: Rillaboom|Grassy Glide|p1a: Milotic\n|-activate|p1a: Milotic|move: Protect\n|move|p2b: Iron Bundle|Hydro Pump|p1b: Iron Hands\n|-damage|p1b: Iron Hands|0 fnt\n|faint|p1b: Iron Hands\n|-end|p1b: Iron Hands|Quark Drive|[silent]\n|\n|-heal|p2b: Iron Bundle|79\/100|[from] Grassy Terrain\n|-heal|p1a: Milotic|67\/100|[from] Grassy Terrain\n|-heal|p1a: Milotic|73\/100|[from] item: Leftovers\n|-heal|p2a: Rillaboom|90\/100|[from] Grassy Terrain\n|-sideend|p2: abcmaster11|move: Aurora Veil\n|upkeep\n|\n|t:|1700717569\n|switch|p1b: Ogerpon|Ogerpon-Hearthflame, L50, F|51\/100\n|-ability|p1b: Ogerpon|Mold Breaker\n|turn|9\n|\n|t:|1700717581\n|-terastallize|p1a: Milotic|Dragon\n|move|p2a: Rillaboom|Grassy Glide|p1a: Milotic\n|-resisted|p1a: Milotic\n|-damage|p1a: Milotic|54\/100\n|move|p2b: Iron Bundle|Hydro Pump|p1b: Ogerpon\n|-damage|p1b: Ogerpon|0 fnt\n|faint|p1b: Ogerpon\n|move|p1a: Milotic|Icy Wind|p2b: Iron Bundle|[spread] p2a,p2b\n|-supereffective|p2a: Rillaboom\n|-resisted|p2b: Iron Bundle\n|-damage|p2a: Rillaboom|75\/100\n|-damage|p2b: Iron Bundle|73\/100\n|-unboost|p2a: Rillaboom|spe|1\n|-unboost|p2b: Iron Bundle|spe|1\n|\n|-heal|p2b: Iron Bundle|79\/100|[from] Grassy Terrain\n|-heal|p1a: Milotic|60\/100|[from] Grassy Terrain\n|-heal|p1a: Milotic|66\/100|[from] item: Leftovers\n|-heal|p2a: Rillaboom|80\/100|[from] Grassy Terrain\n|-fieldend|move: Grassy Terrain\n|upkeep\n|turn|10\n|\n|t:|1700717602\n|switch|p2a: Ninetales|Ninetales-Alola, L50, M|4\/100\n|-weather|Snow|[from] ability: Snow Warning|[of] p2a: Ninetales\n|move|p2b: Iron Bundle|Blizzard|p1a: Milotic\n|-supereffective|p1a: Milotic\n|-damage|p1a: Milotic|0 fnt\n|faint|p1a: Milotic\n|\n|win|abcmaster11\n|raw|mochipupusa's rating: 1307 &rarr; <strong>1282<\/strong><br \/>(-25 for losing)\n|raw|abcmaster11's rating: 1214 &rarr; <strong>1246<\/strong><br \/>(+32 for winning)\n","uploadtime":1700717613,"views":4,"p1id":"mochipupusa","p2id":"abcmaster11","formatid":"gen9vgc2023regulatione","rating":1246,"private":0,"password":""}