{"id":"gen9vgc2023regulatione-1996451073","p1":"wolfenite","p2":"Omega_Jirachi","format":"[Gen 9] VGC 2023 Regulation E","log":"|j|\u2606wolfenite\n|j|\u2606Omega_Jirachi\n|n|\u2606wolfenite|wolfenite\n|n|\u2606Omega_Jirachi|omegajirachi\n|html|View the match progress at <a href=\"\/game-bestof3-gen9vgc2023regulatione-1996451072\">game-bestof3-gen9vgc2023regulatione-1996451072<\/a>\n|t:|1700683255\n|gametype|doubles\n|player|p1|wolfenite|pokemonranger-gen4|\n|player|p2|Omega_Jirachi|cynthia-gen4|\n|teamsize|p1|6\n|teamsize|p2|6\n|gen|9\n|tier|[Gen 9] VGC 2023 Regulation E\n|rule|Species Clause: Limit one of each Pok\u00e9mon\n|rule|Item Clause: Limit one of each item\n|clearpoke\n|poke|p1|Ogerpon, L50, F|\n|poke|p1|Garchomp, L50, M|\n|poke|p1|Rotom-Wash, L50|\n|poke|p1|Chien-Pao, L50|\n|poke|p1|Orthworm, L50, F|\n|poke|p1|Chandelure, L50, M|\n|poke|p2|Ogerpon-Wellspring, L50, F|\n|poke|p2|Iron Hands, L50|\n|poke|p2|Sylveon, L50, F|\n|poke|p2|Arcanine, L50, M|\n|poke|p2|Typhlosion-Hisui, L50, F|\n|poke|p2|Magnezone, L50|\n|teampreview|4\n|inactive|Battle timer is ON: inactive players will automatically lose when time's up. (requested by wolfenite)\n|inactiveoff|Battle timer is now OFF.\n|c|\u2606Omega_Jirachi|Good luck have fun\n|c|\u2606Omega_Jirachi|https:\/\/pokepast.es\/a528f22d0f72ed8e\n|c|\u2606wolfenite|https:\/\/pokepast.es\/104917838af60e05\n|c|\u2606wolfenite|glhf\n|c|\u2606Omega_Jirachi|thats my terra sheet\n|j| Lkynmbr24\n|j| More Pao\n|j| GreeeenGator\n|\n|t:|1700683401\n|start\n|switch|p1a: Garchomp|Garchomp, L50, M|100\/100\n|switch|p1b: Chien-Pao|Chien-Pao, L50|100\/100\n|switch|p2a: Iron Hands|Iron Hands, L50, shiny|100\/100\n|switch|p2b: Sylveon|Sylveon, L50, F, shiny|100\/100\n|-ability|p1b: Chien-Pao|Sword of Ruin\n|turn|1\n|\n|t:|1700683421\n|move|p1b: Chien-Pao|Protect|p1b: Chien-Pao\n|-singleturn|p1b: Chien-Pao|Protect\n|move|p2a: Iron Hands|Fake Out|p1a: Garchomp\n|-damage|p1a: Garchomp|79\/100\n|-damage|p2a: Iron Hands|88\/100|[from] ability: Rough Skin|[of] p1a: Garchomp\n|cant|p1a: Garchomp|flinch\n|move|p2b: Sylveon|Hyper Voice|p1b: Chien-Pao|[spread] p1a\n|-activate|p1b: Chien-Pao|move: Protect\n|-supereffective|p1a: Garchomp\n|-damage|p1a: Garchomp|0 fnt\n|faint|p1a: Garchomp\n|-enditem|p2b: Sylveon|Throat Spray\n|-boost|p2b: Sylveon|spa|1|[from] item: Throat Spray\n|\n|upkeep\n|j| jrod7780\n|\n|t:|1700683436\n|switch|p1a: Chandelure|Chandelure, L50, M|100\/100\n|turn|2\n|\n|t:|1700683452\n|-end|p2a: Iron Hands|Quark Drive|[silent]\n|switch|p2a: Arcanine|Arcanine, L50, M, shiny|100\/100\n|-ability|p2a: Arcanine|Intimidate|boost\n|-unboost|p1a: Chandelure|atk|1\n|-unboost|p1b: Chien-Pao|atk|1\n|move|p2b: Sylveon|Protect|p2b: Sylveon\n|-singleturn|p2b: Sylveon|Protect\n|move|p1a: Chandelure|Shadow Ball|p2a: Arcanine\n|-damage|p2a: Arcanine|50\/100\n|move|p1b: Chien-Pao|Ice Spinner|p2a: Arcanine\n|-resisted|p2a: Arcanine\n|-damage|p2a: Arcanine|31\/100\n|\n|-heal|p2a: Arcanine|37\/100|[from] item: Leftovers\n|upkeep\n|turn|3\n|\n|t:|1700683519\n|move|p1a: Chandelure|Shadow Ball|p2a: Arcanine\n|-damage|p2a: Arcanine|0 fnt\n|faint|p2a: Arcanine\n|move|p1b: Chien-Pao|Ice Spinner|p2b: Sylveon\n|-damage|p2b: Sylveon|57\/100\n|move|p2b: Sylveon|Shadow Ball|p1a: Chandelure\n|-supereffective|p1a: Chandelure\n|-damage|p1a: Chandelure|0 fnt\n|faint|p1a: Chandelure\n|\n|upkeep\n|\n|t:|1700683537\n|switch|p2a: Iron Hands|Iron Hands, L50, shiny|88\/100\n|switch|p1a: Rotom|Rotom-Wash, L50|100\/100\n|turn|4\n|\n|t:|1700683545\n|move|p2a: Iron Hands|Fake Out|p1a: Rotom\n|-damage|p1a: Rotom|81\/100\n|move|p1b: Chien-Pao|Ice Spinner|p2b: Sylveon\n|-damage|p2b: Sylveon|14\/100\n|cant|p1a: Rotom|flinch\n|move|p2b: Sylveon|Hyper Voice|p1a: Rotom|[spread] p1a,p1b\n|-supereffective|p1b: Chien-Pao\n|-damage|p1a: Rotom|27\/100\n|-enditem|p1b: Chien-Pao|Focus Sash\n|-damage|p1b: Chien-Pao|1\/100\n|-enditem|p1a: Rotom|Sitrus Berry|[eat]\n|-heal|p1a: Rotom|52\/100|[from] item: Sitrus Berry\n|\n|upkeep\n|turn|5\n|\n|t:|1700683563\n|move|p2b: Sylveon|Protect|p2b: Sylveon\n|-singleturn|p2b: Sylveon|Protect\n|move|p1b: Chien-Pao|Sucker Punch||[still]\n|-fail|p1b: Chien-Pao\n|move|p1a: Rotom|Will-O-Wisp|p2a: Iron Hands\n|-status|p2a: Iron Hands|brn\n|move|p2a: Iron Hands|Drain Punch|p1a: Rotom\n|-damage|p1a: Rotom|24\/100\n|-heal|p2a: Iron Hands|98\/100 brn|[from] drain|[of] p1a: Rotom\n|\n|-damage|p2a: Iron Hands|92\/100 brn|[from] brn\n|upkeep\n|turn|6\n|j| Huxley187\n|\n|t:|1700683581\n|move|p1a: Rotom|Protect|p1a: Rotom\n|-singleturn|p1a: Rotom|Protect\n|move|p1b: Chien-Pao|Sucker Punch|p2b: Sylveon\n|-resisted|p2b: Sylveon\n|-damage|p2b: Sylveon|0 fnt\n|faint|p2b: Sylveon\n|move|p2a: Iron Hands|Drain Punch|p1a: Rotom\n|-activate|p1a: Rotom|move: Protect\n|\n|-damage|p2a: Iron Hands|86\/100 brn|[from] brn\n|upkeep\n|\n|t:|1700683586\n|switch|p2b: Ogerpon|Ogerpon-Wellspring, L50, F|100\/100\n|turn|7\n|\n|t:|1700683607\n|move|p2b: Ogerpon|Spiky Shield|p2b: Ogerpon\n|-singleturn|p2b: Ogerpon|move: Protect\n|move|p1b: Chien-Pao|Sucker Punch|p2a: Iron Hands\n|-resisted|p2a: Iron Hands\n|-crit|p2a: Iron Hands\n|-damage|p2a: Iron Hands|58\/100 brn\n|move|p1a: Rotom|Thunderbolt|p2b: Ogerpon\n|-activate|p2b: Ogerpon|move: Protect\n|move|p2a: Iron Hands|Drain Punch|p1a: Rotom\n|-damage|p1a: Rotom|0 fnt\n|-heal|p2a: Iron Hands|66\/100 brn|[from] drain|[of] p1a: Rotom\n|faint|p1a: Rotom\n|\n|-damage|p2a: Iron Hands|60\/100 brn|[from] brn\n|upkeep\n|turn|8\n|l| jrod7780\n|\n|t:|1700683623\n|move|p1b: Chien-Pao|Sucker Punch|p2a: Iron Hands\n|-resisted|p2a: Iron Hands\n|-damage|p2a: Iron Hands|48\/100 brn\n|-enditem|p2a: Iron Hands|Sitrus Berry|[eat]\n|-heal|p2a: Iron Hands|73\/100 brn|[from] item: Sitrus Berry\n|move|p2b: Ogerpon|Ivy Cudgel|p1b: Chien-Pao|[anim] Ivy Cudgel Water\n|-damage|p1b: Chien-Pao|0 fnt\n|faint|p1b: Chien-Pao\n|\n|win|Omega_Jirachi\n|c|\u2606wolfenite|gg\n|c|\u2606Omega_Jirachi|gg\n|inactive|wolfenite has 50 seconds to confirm battle start!\n|inactive|Omega_Jirachi has 50 seconds to confirm battle start!\n|l| GreeeenGator\n|c|&|\/uhtml prompt-wolfenite,wolfenite is ready for game 2!\n|l| Lkynmbr24\n|inactive|Omega_Jirachi has 40 seconds to confirm battle start!\n|c|&|\/uhtml prompt-omegajirachi,Omega_Jirachi is ready for game 2!\nBoth players are ready! Starting next match!\n|l|\u2606wolfenite\n|l| Huxley187\n","uploadtime":1700683633,"views":1,"p1id":"wolfenite","p2id":"omegajirachi","formatid":"gen9vgc2023regulatione","rating":0,"private":0,"password":""}