{"id":"gen9vgc2023regulatione-1988150382","p1":"josepoggg","p2":"DingusMcRingus","format":"[Gen 9] VGC 2023 Regulation E","log":"|j|\u2606josepoggg\n|j|\u2606DingusMcRingus\n|t:|1699676003\n|gametype|doubles\n|player|p1|josepoggg|nate|1248\n|player|p2|DingusMcRingus|ethan|1342\n|teamsize|p1|6\n|teamsize|p2|6\n|gen|9\n|tier|[Gen 9] VGC 2023 Regulation E\n|rated|\n|rule|Species Clause: Limit one of each Pok\u00e9mon\n|rule|Item Clause: Limit one of each item\n|clearpoke\n|poke|p1|Flutter Mane, L50|\n|poke|p1|Iron Hands, L50|\n|poke|p1|Ogerpon-Hearthflame, L50, F|\n|poke|p1|Tornadus, L50, M|\n|poke|p1|Urshifu-*, L50, M|\n|poke|p1|Landorus-Therian, L50, M|\n|poke|p2|Heatran, L50, M|\n|poke|p2|Landorus-Therian, L50, M|\n|poke|p2|Iron Hands, L50|\n|poke|p2|Iron Bundle, L50|\n|poke|p2|Rillaboom, L50, M|\n|poke|p2|Ogerpon-Hearthflame, L50, F|\n|teampreview|4\n|inactive|Battle timer is ON: inactive players will automatically lose when time's up. (requested by DingusMcRingus)\n|inactive|josepoggg also wants the timer to be on.\nDingusMcRingus has agreed to open team sheets.\n|inactive|josepoggg has 60 seconds left.\n|inactive|DingusMcRingus has 60 seconds left.\n|\n|t:|1699676047\n|start\n|switch|p1a: Flutter Mane|Flutter Mane, L50|100\/100\n|switch|p1b: Tornadus|Tornadus, L50, M|100\/100\n|switch|p2a: Heatran|Heatran, L50, M|100\/100\n|switch|p2b: Iron Bundle|Iron Bundle, L50|100\/100\n|-enditem|p2b: Iron Bundle|Booster Energy\n|-activate|p2b: Iron Bundle|ability: Quark Drive|[fromitem]\n|-start|p2b: Iron Bundle|quarkdrivespe\n|turn|1\n|\n|t:|1699676069\n|-end|p1a: Flutter Mane|Protosynthesis|[silent]\n|switch|p1a: Iron Hands|Iron Hands, L50|100\/100\n|move|p1b: Tornadus|Tailwind|p1b: Tornadus\n|-sidestart|p1: josepoggg|move: Tailwind\n|move|p2b: Iron Bundle|Icy Wind|p1a: Iron Hands|[spread] p1a,p1b\n|-supereffective|p1b: Tornadus\n|-damage|p1a: Iron Hands|89\/100\n|-damage|p1b: Tornadus|48\/100\n|-unboost|p1a: Iron Hands|spe|1\n|-unboost|p1b: Tornadus|spe|1\n|-enditem|p1b: Tornadus|Sitrus Berry|[eat]\n|-heal|p1b: Tornadus|72\/100|[from] item: Sitrus Berry\n|move|p2a: Heatran|Flash Cannon|p1a: Iron Hands\n|-resisted|p1a: Iron Hands\n|-damage|p1a: Iron Hands|74\/100\n|-unboost|p1a: Iron Hands|spd|1\n|-damage|p2a: Heatran|91\/100|[from] item: Life Orb\n|\n|upkeep\n|turn|2\n|inactive|DingusMcRingus has 30 seconds left.\n|inactive|josepoggg has 30 seconds left.\n|inactive|DingusMcRingus has 20 seconds left.\n|inactive|DingusMcRingus has 15 seconds left.\n|inactive|DingusMcRingus has 10 seconds left.\n|\n|t:|1699676116\n|-terastallize|p2a: Heatran|Bug\n|move|p1a: Iron Hands|Fake Out|p2b: Iron Bundle\n|-damage|p2b: Iron Bundle|81\/100\n|cant|p2b: Iron Bundle|flinch\n|move|p1b: Tornadus|Bleakwind Storm|p2a: Heatran|[spread] p2a,p2b\n|-supereffective|p2a: Heatran\n|-damage|p2a: Heatran|32\/100\n|-damage|p2b: Iron Bundle|8\/100\n|move|p2a: Heatran|Earth Power|p1a: Iron Hands\n|-supereffective|p1a: Iron Hands\n|-damage|p1a: Iron Hands|3\/100\n|-unboost|p1a: Iron Hands|spd|1\n|-damage|p2a: Heatran|22\/100|[from] item: Life Orb\n|\n|upkeep\n|turn|3\n|\n|t:|1699676137\n|move|p2a: Heatran|Protect|p2a: Heatran\n|-singleturn|p2a: Heatran|Protect\n|move|p2b: Iron Bundle|Icy Wind|p1a: Iron Hands|[spread] p1a,p1b\n|-supereffective|p1b: Tornadus\n|-damage|p1a: Iron Hands|0 fnt\n|-damage|p1b: Tornadus|20\/100\n|-unboost|p1b: Tornadus|spe|1\n|faint|p1a: Iron Hands\n|-end|p1a: Iron Hands|Quark Drive|[silent]\n|move|p1b: Tornadus|Bleakwind Storm|p2a: Heatran|[spread] \n|-activate|p2a: Heatran|move: Protect\n|-miss|p1b: Tornadus|p2b: Iron Bundle\n|\n|upkeep\n|\n|t:|1699676153\n|switch|p1a: Landorus|Landorus-Therian, L50, M|100\/100\n|-ability|p1a: Landorus|Intimidate|boost\n|-unboost|p2a: Heatran|atk|1\n|-unboost|p2b: Iron Bundle|atk|1\n|turn|4\n|\n|t:|1699676164\n|move|p1b: Tornadus|Sunny Day|p1b: Tornadus\n|-weather|SunnyDay\n|move|p1a: Landorus|Rock Slide|p2b: Iron Bundle|[spread] p2a,p2b\n|-supereffective|p2a: Heatran\n|-supereffective|p2b: Iron Bundle\n|-damage|p2a: Heatran|0 fnt\n|-damage|p2b: Iron Bundle|0 fnt\n|faint|p2a: Heatran\n|faint|p2b: Iron Bundle\n|-end|p2b: Iron Bundle|Quark Drive|[silent]\n|\n|-weather|SunnyDay|[upkeep]\n|-sideend|p1: josepoggg|move: Tailwind\n|upkeep\n|\n|t:|1699676168\n|switch|p2b: Rillaboom|Rillaboom, L50, M|100\/100\n|switch|p2a: Iron Hands|Iron Hands, L50|100\/100\n|-fieldstart|move: Grassy Terrain|[from] ability: Grassy Surge|[of] p2b: Rillaboom\n|turn|5\n|inactive|josepoggg has 30 seconds left.\n|inactive|DingusMcRingus has 30 seconds left.\n|\n|t:|1699676203\n|-terastallize|p1b: Tornadus|Ghost\n|move|p2b: Rillaboom|Fake Out|p1b: Tornadus\n|-immune|p1b: Tornadus\n|move|p1b: Tornadus|Tailwind|p1b: Tornadus\n|-sidestart|p1: josepoggg|move: Tailwind\n|move|p1a: Landorus|Rock Slide|p2a: Iron Hands|[spread] p2a,p2b\n|-resisted|p2a: Iron Hands\n|-damage|p2a: Iron Hands|94\/100\n|-damage|p2b: Rillaboom|82\/100\n|move|p2a: Iron Hands|Drain Punch|p1a: Landorus\n|-resisted|p1a: Landorus\n|-damage|p1a: Landorus|79\/100\n|-heal|p2a: Iron Hands|100\/100|[from] drain|[of] p1a: Landorus\n|\n|-weather|SunnyDay|[upkeep]\n|-heal|p1b: Tornadus|26\/100|[from] Grassy Terrain\n|-heal|p2b: Rillaboom|88\/100|[from] Grassy Terrain\n|upkeep\n|turn|6\n|\n|t:|1699676225\n|move|p2b: Rillaboom|Grassy Glide|p1a: Landorus\n|-damage|p1a: Landorus|36\/100\n|move|p1a: Landorus|Rock Slide|p2a: Iron Hands|[spread] p2a,p2b\n|-resisted|p2a: Iron Hands\n|-damage|p2a: Iron Hands|94\/100\n|-damage|p2b: Rillaboom|70\/100\n|move|p1b: Tornadus|Bleakwind Storm|p2a: Iron Hands|[spread] p2a,p2b\n|-supereffective|p2b: Rillaboom\n|-damage|p2a: Iron Hands|73\/100\n|-damage|p2b: Rillaboom|0 fnt\n|faint|p2b: Rillaboom\n|move|p2a: Iron Hands|Heavy Slam|p1a: Landorus\n|-damage|p1a: Landorus|0 fnt\n|faint|p1a: Landorus\n|\n|-weather|SunnyDay|[upkeep]\n|-heal|p1b: Tornadus|31\/100|[from] Grassy Terrain\n|-heal|p2a: Iron Hands|79\/100|[from] Grassy Terrain\n|upkeep\n|\n|t:|1699676245\n|switch|p1a: Flutter Mane|Flutter Mane, L50|100\/100\n|-activate|p1a: Flutter Mane|ability: Protosynthesis\n|-start|p1a: Flutter Mane|protosynthesisspa\n|turn|7\n|\n|t:|1699676252\n|move|p1a: Flutter Mane|Moonblast|p2a: Iron Hands\n|-supereffective|p2a: Iron Hands\n|-damage|p2a: Iron Hands|0 fnt\n|faint|p2a: Iron Hands\n|-end|p2a: Iron Hands|Quark Drive|[silent]\n|\n|win|josepoggg\n|raw|josepoggg's rating: 1248 &rarr; <strong>1280<\/strong><br \/>(+32 for winning)\n|raw|DingusMcRingus's rating: 1342 &rarr; <strong>1317<\/strong><br \/>(-25 for losing)\n","uploadtime":1699676269,"views":20,"p1id":"josepoggg","p2id":"dingusmcringus","formatid":"gen9vgc2023regulatione","rating":1280,"private":0,"password":""}