{"id":"gen9vgc2023regulatione-1995041031","p1":"jamahcs","p2":"MrRexx1511","format":"[Gen 9] VGC 2023 Regulation E","log":"|j|\u2606jamahcs\n|j|\u2606MrRexx1511\n|n|\u2606jamahcs|jamahcs\n|n|\u2606MrRexx1511|mrrexx1511\n|html|View the match progress at <a href=\"\/game-bestof7-gen9vgc2023regulatione-1995031291\">game-bestof7-gen9vgc2023regulatione-1995031291<\/a>\n|t:|1700516219\n|gametype|doubles\n|player|p1|jamahcs|cynthia-masters3|\n|player|p2|MrRexx1511|pokemonrangerf-gen4|\n|teamsize|p1|6\n|teamsize|p2|6\n|gen|9\n|tier|[Gen 9] VGC 2023 Regulation E\n|rule|Species Clause: Limit one of each Pok\u00e9mon\n|rule|Item Clause: Limit one of each item\n|clearpoke\n|poke|p1|Tornadus, L50, M|\n|poke|p1|Urshifu-*, L50, F|\n|poke|p1|Arcanine-Hisui, L50, M|\n|poke|p1|Iron Hands, L50|\n|poke|p1|Amoonguss, L50, M|\n|poke|p1|Flutter Mane, L50|\n|poke|p2|Urshifu-*, L50, F|\n|poke|p2|Regieleki, L50|\n|poke|p2|Indeedee-F, L50, F|\n|poke|p2|Tornadus, L50, M|\n|poke|p2|Arcanine-Hisui, L50, M|\n|poke|p2|Flutter Mane, L50|\n|teampreview|4\n|inactive|Battle timer is ON: inactive players will automatically lose when time's up. (requested by jamahcs)\nMrRexx1511 has agreed to open team sheets.\n|\n|t:|1700516245\n|start\n|switch|p1a: Arcanine|Arcanine-Hisui, L50, M|100\/100\n|switch|p1b: Amoonguss|Amoonguss, L50, M|100\/100\n|switch|p2a: Tornadus|Tornadus, L50, M|100\/100\n|switch|p2b: Arcanine|Arcanine-Hisui, L50, M|100\/100\n|-ability|p2b: Arcanine|Intimidate|boost\n|-unboost|p1a: Arcanine|atk|1\n|-unboost|p1b: Amoonguss|atk|1\n|-ability|p1a: Arcanine|Intimidate|boost\n|-unboost|p2a: Tornadus|atk|1\n|-unboost|p2b: Arcanine|atk|1\n|turn|1\n|inactive|MrRexx1511 has 30 seconds left.\n|\n|t:|1700516279\n|move|p1b: Amoonguss|Protect|p1b: Amoonguss\n|-singleturn|p1b: Amoonguss|Protect\n|move|p2a: Tornadus|Taunt|p1b: Amoonguss\n|-activate|p1b: Amoonguss|move: Protect\n|move|p2b: Arcanine|Rock Slide|p1a: Arcanine|[spread] p1a\n|-activate|p1b: Amoonguss|move: Protect\n|-supereffective|p1a: Arcanine\n|-damage|p1a: Arcanine|36\/100\n|move|p1a: Arcanine|Will-O-Wisp|p2b: Arcanine\n|-immune|p2b: Arcanine\n|\n|upkeep\n|turn|2\n|inactive|jamahcs has 30 seconds left.\n|inactive|MrRexx1511 has 30 seconds left.\n|\n|t:|1700516312\n|switch|p1a: Iron Hands|Iron Hands, L50|100\/100\n|switch|p1b: Flutter Mane|Flutter Mane, L50|100\/100\n|-enditem|p1b: Flutter Mane|Booster Energy\n|-activate|p1b: Flutter Mane|ability: Protosynthesis|[fromitem]\n|-start|p1b: Flutter Mane|protosynthesisspa\n|move|p2a: Tornadus|Taunt|p1b: Flutter Mane\n|-start|p1b: Flutter Mane|move: Taunt\n|move|p2b: Arcanine|Rock Slide|p1b: Flutter Mane|[spread] p1a,p1b\n|-resisted|p1a: Iron Hands\n|-damage|p1a: Iron Hands|90\/100\n|-damage|p1b: Flutter Mane|59\/100\n|\n|upkeep\n|turn|3\n|inactive|MrRexx1511 has 30 seconds left.\n|\n|t:|1700516347\n|move|p1a: Iron Hands|Fake Out|p2b: Arcanine\n|-resisted|p2b: Arcanine\n|-damage|p2b: Arcanine|92\/100\n|move|p1b: Flutter Mane|Shadow Ball|p2b: Arcanine\n|-damage|p2b: Arcanine|32\/100\n|-unboost|p2b: Arcanine|spd|1\n|move|p2a: Tornadus|Bleakwind Storm|p1a: Iron Hands|[spread] p1b\n|-miss|p2a: Tornadus|p1a: Iron Hands\n|-damage|p1b: Flutter Mane|26\/100\n|cant|p2b: Arcanine|flinch\n|\n|upkeep\n|turn|4\n|\n|t:|1700516367\n|-end|p1b: Flutter Mane|Protosynthesis|[silent]\n|switch|p1b: Arcanine|Arcanine-Hisui, L50, M|36\/100\n|-ability|p1b: Arcanine|Intimidate|boost\n|-unboost|p2a: Tornadus|atk|1\n|-unboost|p2b: Arcanine|atk|1\n|move|p2a: Tornadus|Tailwind|p2a: Tornadus\n|-sidestart|p2: MrRexx1511|move: Tailwind\n|move|p2b: Arcanine|Rock Slide|p1a: Iron Hands|[spread] p1a,p1b\n|-resisted|p1a: Iron Hands\n|-supereffective|p1b: Arcanine\n|-damage|p1a: Iron Hands|82\/100\n|-damage|p1b: Arcanine|0 fnt\n|faint|p1b: Arcanine\n|move|p1a: Iron Hands|Wild Charge|p2a: Tornadus\n|-supereffective|p2a: Tornadus\n|-damage|p2a: Tornadus|5\/100\n|-damage|p1a: Iron Hands|63\/100|[from] Recoil\n|\n|upkeep\n|\n|t:|1700516387\n|switch|p1b: Amoonguss|Amoonguss, L50, M|100\/100\n|turn|5\n|\n|t:|1700516409\n|switch|p2b: Flutter Mane|Flutter Mane, L50|100\/100\n|move|p1b: Amoonguss|Protect|p1b: Amoonguss\n|-singleturn|p1b: Amoonguss|Protect\n|move|p2a: Tornadus|Bleakwind Storm|p1a: Iron Hands|[spread] \n|-activate|p1b: Amoonguss|move: Protect\n|-miss|p2a: Tornadus|p1a: Iron Hands\n|move|p1a: Iron Hands|Drain Punch|p2a: Tornadus\n|-resisted|p2a: Tornadus\n|-crit|p2a: Tornadus\n|-damage|p2a: Tornadus|0 fnt\n|-heal|p1a: Iron Hands|65\/100|[from] drain|[of] p2a: Tornadus\n|faint|p2a: Tornadus\n|\n|upkeep\n|\n|t:|1700516424\n|switch|p2a: Arcanine|Arcanine-Hisui, L50, M|32\/100\n|-ability|p2a: Arcanine|Intimidate|boost\n|-unboost|p1a: Iron Hands|atk|1\n|-unboost|p1b: Amoonguss|atk|1\n|turn|6\n|inactive|jamahcs has 30 seconds left.\n|\n|t:|1700516451\n|-end|p1a: Iron Hands|Quark Drive|[silent]\n|switch|p1a: Flutter Mane|Flutter Mane, L50|26\/100\n|-terastallize|p2a: Arcanine|Flying\n|-terastallize|p1b: Amoonguss|Water\n|move|p2b: Flutter Mane|Moonblast|p1b: Amoonguss\n|-damage|p1b: Amoonguss|37\/100\n|-unboost|p1b: Amoonguss|spa|1\n|move|p2a: Arcanine|Tera Blast|p1a: Flutter Mane|[anim] Tera Blast Flying\n|-damage|p1a: Flutter Mane|0 fnt\n|faint|p1a: Flutter Mane\n|-end|p1a: Flutter Mane|Protosynthesis|[silent]\n|move|p1b: Amoonguss|Spore|p2b: Flutter Mane\n|-status|p2b: Flutter Mane|slp|[from] move: Spore\n|\n|upkeep\n|\n|t:|1700516466\n|switch|p1a: Iron Hands|Iron Hands, L50|65\/100\n|turn|7\n|\n|t:|1700516478\n|move|p1a: Iron Hands|Fake Out|p2a: Arcanine\n|-damage|p2a: Arcanine|13\/100\n|cant|p2b: Flutter Mane|slp\n|cant|p2a: Arcanine|flinch\n|move|p1b: Amoonguss|Spore|p2a: Arcanine\n|-status|p2a: Arcanine|slp|[from] move: Spore\n|\n|-sideend|p2: MrRexx1511|move: Tailwind\n|upkeep\n|turn|8\n|inactive|jamahcs has 30 seconds left.\n|inactive|jamahcs has 20 seconds left.\n|\n|t:|1700516515\n|cant|p2b: Flutter Mane|slp\n|cant|p2a: Arcanine|slp\n|move|p1a: Iron Hands|Wild Charge|p2b: Flutter Mane\n|-damage|p2b: Flutter Mane|16\/100 slp\n|-damage|p1a: Iron Hands|52\/100|[from] Recoil\n|move|p1b: Amoonguss|Pollen Puff|p1a: Iron Hands\n|-heal|p1a: Iron Hands|100\/100\n|\n|upkeep\n|turn|9\n|inactive|jamahcs has 30 seconds left.\n|\n|t:|1700516552\n|-curestatus|p2b: Flutter Mane|slp|[msg]\n|move|p2b: Flutter Mane|Moonblast|p1a: Iron Hands\n|-supereffective|p1a: Iron Hands\n|-damage|p1a: Iron Hands|25\/100\n|-unboost|p1a: Iron Hands|spa|1\n|-curestatus|p2a: Arcanine|slp|[msg]\n|move|p2a: Arcanine|Tera Blast|p1a: Iron Hands|[anim] Tera Blast Flying\n|-damage|p1a: Iron Hands|0 fnt\n|faint|p1a: Iron Hands\n|-end|p1a: Iron Hands|Quark Drive|[silent]\n|move|p1b: Amoonguss|Spore|p2b: Flutter Mane\n|-status|p2b: Flutter Mane|slp|[from] move: Spore\n|\n|upkeep\n|turn|10\n|-message|jamahcs forfeited.\n|\n|win|MrRexx1511\n|l|\u2606MrRexx1511\n","uploadtime":1700518057,"views":7,"p1id":"jamahcs","p2id":"mrrexx1511","formatid":"gen9vgc2023regulatione","rating":0,"private":0,"password":""}