{"id":"gen9vgc2023regulatione-1993551085","p1":"tt11823","p2":"Montendoz","format":"[Gen 9] VGC 2023 Regulation E","log":"|j|\u2606tt11823\n|j|\u2606Montendoz\n|t:|1700330802\n|gametype|doubles\n|player|p1|tt11823|waiter-gen9|1330\n|player|p2|Montendoz|266|1364\n|teamsize|p1|6\n|teamsize|p2|6\n|gen|9\n|tier|[Gen 9] VGC 2023 Regulation E\n|rated|\n|rule|Species Clause: Limit one of each Pok\u00e9mon\n|rule|Item Clause: Limit one of each item\n|clearpoke\n|poke|p1|Heatran, L50, M|\n|poke|p1|Iron Hands, L50|\n|poke|p1|Sinistcha, L50|\n|poke|p1|Goodra-Hisui, L50, M|\n|poke|p1|Urshifu-*, L50, F|\n|poke|p1|Tornadus, L50, M|\n|poke|p2|Tornadus, L50, M|\n|poke|p2|Urshifu-*, L50, F|\n|poke|p2|Flutter Mane, L50|\n|poke|p2|Tinkaton, L50, F|\n|poke|p2|Landorus-Therian, L50, M|\n|poke|p2|Sinistcha, L50|\n|teampreview|4\n|\n|t:|1700330829\n|start\n|switch|p1a: Tornadus|Tornadus, L50, M|100\/100\n|switch|p1b: Goodra|Goodra-Hisui, L50, M|100\/100\n|switch|p2a: Tornadus|Tornadus, L50, M|100\/100\n|switch|p2b: Tinkaton|Tinkaton, L50, F|100\/100\n|turn|1\n|\n|t:|1700330855\n|move|p2a: Tornadus|Swagger|p2b: Tinkaton\n|-boost|p2b: Tinkaton|atk|2\n|-immune|p2b: Tinkaton|confusion|[from] ability: Own Tempo\n|move|p1a: Tornadus|Icy Wind|p2b: Tinkaton|[spread] p2a,p2b\n|-supereffective|p2a: Tornadus\n|-resisted|p2b: Tinkaton\n|-damage|p2a: Tornadus|70\/100\n|-damage|p2b: Tinkaton|94\/100\n|-unboost|p2b: Tinkaton|spe|1\n|move|p2b: Tinkaton|Gigaton Hammer|p1a: Tornadus\n|-damage|p1a: Tornadus|0 fnt\n|faint|p1a: Tornadus\n|move|p1b: Goodra|Shelter|p1b: Goodra\n|-boost|p1b: Goodra|def|2\n|\n|upkeep\n|\n|t:|1700330869\n|switch|p1a: Iron Hands|Iron Hands, L50|100\/100\n|turn|2\n|\n|t:|1700330882\n|move|p2b: Tinkaton|Protect|p2b: Tinkaton\n|-singleturn|p2b: Tinkaton|Protect\n|move|p1a: Iron Hands|Fake Out|p2b: Tinkaton\n|-activate|p2b: Tinkaton|move: Protect\n|move|p2a: Tornadus|Tailwind|p2a: Tornadus\n|-sidestart|p2: Montendoz|move: Tailwind\n|move|p1b: Goodra|Body Press|p2b: Tinkaton\n|-activate|p2b: Tinkaton|move: Protect\n|\n|upkeep\n|turn|3\n|\n|t:|1700330914\n|move|p2a: Tornadus|Bleakwind Storm|p1a: Iron Hands|[spread] p1a\n|-miss|p2a: Tornadus|p1b: Goodra\n|-damage|p1a: Iron Hands|84\/100\n|move|p2b: Tinkaton|Play Rough|p1a: Iron Hands\n|-supereffective|p1a: Iron Hands\n|-damage|p1a: Iron Hands|0 fnt\n|faint|p1a: Iron Hands\n|-end|p1a: Iron Hands|Quark Drive|[silent]\n|move|p1b: Goodra|Body Press|p2b: Tinkaton\n|-damage|p2b: Tinkaton|23\/100\n|\n|upkeep\n|\n|t:|1700330924\n|switch|p1a: Heatran|Heatran, L50, M|100\/100\n|turn|4\n|\n|t:|1700330933\n|move|p2b: Tinkaton|Protect|p2b: Tinkaton\n|-singleturn|p2b: Tinkaton|Protect\n|move|p1a: Heatran|Protect|p1a: Heatran\n|-singleturn|p1a: Heatran|Protect\n|move|p2a: Tornadus|Rain Dance|p2a: Tornadus\n|-weather|RainDance\n|move|p1b: Goodra|Shelter|p1b: Goodra\n|-boost|p1b: Goodra|def|2\n|\n|-weather|RainDance|[upkeep]\n|upkeep\n|turn|5\n|\n|t:|1700330957\n|move|p1a: Heatran|Protect|p1a: Heatran\n|-singleturn|p1a: Heatran|Protect\n|move|p2a: Tornadus|Bleakwind Storm|p1b: Goodra|[spread] p1b\n|-activate|p1a: Heatran|move: Protect\n|-resisted|p1b: Goodra\n|-damage|p1b: Goodra|89\/100\n|-unboost|p1b: Goodra|spe|1\n|move|p2b: Tinkaton|Gigaton Hammer|p1a: Heatran\n|-activate|p1a: Heatran|move: Protect\n|move|p1b: Goodra|Body Press|p2b: Tinkaton\n|-damage|p2b: Tinkaton|0 fnt\n|faint|p2b: Tinkaton\n|\n|-weather|RainDance|[upkeep]\n|-sideend|p2: Montendoz|move: Tailwind\n|upkeep\n|\n|t:|1700330974\n|switch|p2b: Landorus|Landorus-Therian, L50, M|100\/100\n|-ability|p2b: Landorus|Intimidate|boost\n|-unboost|p1a: Heatran|atk|1\n|-unboost|p1b: Goodra|atk|1\n|turn|6\n|\n|t:|1700331000\n|-terastallize|p1a: Heatran|Grass\n|move|p2a: Tornadus|Tailwind|p2a: Tornadus\n|-sidestart|p2: Montendoz|move: Tailwind\n|move|p2b: Landorus|Earthquake|p1b: Goodra|[spread] p1a,p1b\n|-immune|p2a: Tornadus\n|-resisted|p1a: Heatran\n|-supereffective|p1b: Goodra\n|-damage|p1a: Heatran|82\/100\n|-damage|p1b: Goodra|68\/100\n|move|p1a: Heatran|Will-O-Wisp|p2b: Landorus\n|-status|p2b: Landorus|brn\n|move|p1b: Goodra|Body Press|p2a: Tornadus\n|-resisted|p2a: Tornadus\n|-damage|p2a: Tornadus|30\/100\n|\n|-weather|RainDance|[upkeep]\n|-heal|p1a: Heatran|88\/100|[from] item: Leftovers\n|-damage|p2b: Landorus|94\/100 brn|[from] brn\n|upkeep\n|turn|7\n|\n|t:|1700331036\n|move|p1a: Heatran|Protect|p1a: Heatran\n|-singleturn|p1a: Heatran|Protect\n|move|p2a: Tornadus|Bleakwind Storm|p1a: Heatran|[spread] p1b\n|-activate|p1a: Heatran|move: Protect\n|-resisted|p1b: Goodra\n|-damage|p1b: Goodra|58\/100\n|move|p2b: Landorus|Hammer Arm|p1a: Heatran\n|-activate|p1a: Heatran|move: Protect\n|move|p1b: Goodra|Body Press|p2a: Tornadus\n|-resisted|p2a: Tornadus\n|-damage|p2a: Tornadus|0 fnt\n|faint|p2a: Tornadus\n|\n|-weather|RainDance|[upkeep]\n|-heal|p1a: Heatran|94\/100|[from] item: Leftovers\n|-damage|p2b: Landorus|88\/100 brn|[from] brn\n|upkeep\n|\n|t:|1700331051\n|switch|p2a: Flutter Mane|Flutter Mane, L50|100\/100\n|turn|8\n|\n|t:|1700331080\n|-terastallize|p2a: Flutter Mane|Fairy\n|move|p2a: Flutter Mane|Dazzling Gleam|p1b: Goodra|[spread] p1a,p1b\n|-damage|p1a: Heatran|42\/100\n|-damage|p1b: Goodra|17\/100\n|move|p2b: Landorus|Stomping Tantrum|p1b: Goodra\n|-supereffective|p1b: Goodra\n|-damage|p1b: Goodra|5\/100\n|-damage|p2b: Landorus|72\/100 brn|[from] item: Rocky Helmet|[of] p1b: Goodra\n|move|p1a: Heatran|Earth Power|p2a: Flutter Mane\n|-damage|p2a: Flutter Mane|64\/100\n|move|p1b: Goodra|Heavy Slam|p2a: Flutter Mane\n|-supereffective|p2a: Flutter Mane\n|-damage|p2a: Flutter Mane|0 fnt\n|faint|p2a: Flutter Mane\n|-end|p2a: Flutter Mane|Protosynthesis|[silent]\n|\n|-weather|none\n|-heal|p1a: Heatran|48\/100|[from] item: Leftovers\n|-damage|p2b: Landorus|66\/100 brn|[from] brn\n|upkeep\n|turn|9\n|\n|t:|1700331099\n|move|p2b: Landorus|Earthquake|p1b: Goodra|[spread] p1a,p1b\n|-resisted|p1a: Heatran\n|-supereffective|p1b: Goodra\n|-damage|p1a: Heatran|38\/100\n|-damage|p1b: Goodra|0 fnt\n|faint|p1b: Goodra\n|move|p1a: Heatran|Heat Wave|p2b: Landorus\n|-damage|p2b: Landorus|28\/100 brn\n|\n|-heal|p1a: Heatran|44\/100|[from] item: Leftovers\n|-damage|p2b: Landorus|21\/100 brn|[from] brn\n|-sideend|p2: Montendoz|move: Tailwind\n|upkeep\n|turn|10\n|\n|t:|1700331111\n|move|p1a: Heatran|Protect|p1a: Heatran\n|-singleturn|p1a: Heatran|Protect\n|move|p2b: Landorus|Hammer Arm|p1a: Heatran\n|-activate|p1a: Heatran|move: Protect\n|\n|-heal|p1a: Heatran|50\/100|[from] item: Leftovers\n|-damage|p2b: Landorus|15\/100 brn|[from] brn\n|upkeep\n|turn|11\n|\n|t:|1700331120\n|move|p2b: Landorus|Hammer Arm|p1a: Heatran\n|-damage|p1a: Heatran|31\/100\n|-unboost|p2b: Landorus|spe|1\n|move|p1a: Heatran|Heat Wave|p2b: Landorus\n|-damage|p2b: Landorus|0 fnt\n|faint|p2b: Landorus\n|\n|win|tt11823\n|raw|tt11823's rating: 1330 &rarr; <strong>1352<\/strong><br \/>(+22 for winning)\n|raw|Montendoz's rating: 1364 &rarr; <strong>1342<\/strong><br \/>(-22 for losing)\n","uploadtime":1700331130,"views":7,"p1id":"tt11823","p2id":"montendoz","formatid":"gen9vgc2023regulatione","rating":1342,"private":0,"password":""}