{"id":"gen9vgc2023regulatione-1999866235","p1":"sadLouie","p2":"3DRyan","format":"[Gen 9] VGC 2023 Regulation E","log":"|j|\u2606sadLouie\n|j|\u26063DRyan\n|t:|1701124282\n|gametype|doubles\n|player|p1|sadLouie|170|1350\n|player|p2|3DRyan|265|1432\n|teamsize|p1|6\n|teamsize|p2|6\n|gen|9\n|tier|[Gen 9] VGC 2023 Regulation E\n|rated|\n|rule|Species Clause: Limit one of each Pok\u00e9mon\n|rule|Item Clause: Limit one of each item\n|clearpoke\n|poke|p1|Dragonite, L50, F|\n|poke|p1|Chien-Pao, L50|\n|poke|p1|Rillaboom, L50, F|\n|poke|p1|Heatran, L50, M|\n|poke|p1|Flutter Mane, L50|\n|poke|p1|Ogerpon-Wellspring, L50, F|\n|poke|p2|Tornadus, L50, M|\n|poke|p2|Arcanine-Hisui, L50, F|\n|poke|p2|Ogerpon-Wellspring, L50, F|\n|poke|p2|Gholdengo, L50|\n|poke|p2|Iron Hands, L50|\n|poke|p2|Farigiraf, L50, M|\n|teampreview|4\n|inactive|Battle timer is ON: inactive players will automatically lose when time's up. (requested by sadLouie)\n|inactive|sadLouie has 60 seconds left.\n|inactive|3DRyan has 60 seconds left.\n|inactive|3DRyan has 30 seconds left.\n|inactive|3DRyan has 20 seconds left.\n|inactive|3DRyan has 15 seconds left.\n|inactive|3DRyan has 10 seconds left.\n|\n|t:|1701124365\n|start\n|switch|p1a: Heatran|Heatran, L50, M|100\/100\n|switch|p1b: Ogerpon|Ogerpon-Wellspring, L50, F|100\/100\n|switch|p2a: Farigiraf|Farigiraf, L50, M|100\/100\n|switch|p2b: Iron Hands|Iron Hands, L50|100\/100\n|turn|1\n|inactive|3DRyan has 30 seconds left.\n|\n|t:|1701124394\n|move|p2b: Iron Hands|Fake Out|p1a: Heatran\n|-resisted|p1a: Heatran\n|-damage|p1a: Heatran|94\/100\n|move|p1b: Ogerpon|Ivy Cudgel|p2b: Iron Hands|[anim] Ivy Cudgel Water\n|-damage|p2b: Iron Hands|67\/100\n|cant|p1a: Heatran|flinch\n|move|p2a: Farigiraf|Trick Room|p2a: Farigiraf\n|-fieldstart|move: Trick Room|[of] p2a: Farigiraf\n|\n|upkeep\n|turn|2\n|\n|t:|1701124412\n|-terastallize|p1a: Heatran|Fairy\n|move|p2b: Iron Hands|Drain Punch|p1a: Heatran\n|-resisted|p1a: Heatran\n|-damage|p1a: Heatran|75\/100\n|-heal|p2b: Iron Hands|74\/100|[from] drain|[of] p1a: Heatran\n|move|p2a: Farigiraf|Psychic|p1b: Ogerpon\n|-damage|p1b: Ogerpon|53\/100\n|move|p1a: Heatran|Earth Power|p2b: Iron Hands\n|-supereffective|p2b: Iron Hands\n|-damage|p2b: Iron Hands|17\/100\n|move|p1b: Ogerpon|Ivy Cudgel|p2b: Iron Hands|[anim] Ivy Cudgel Water\n|-damage|p2b: Iron Hands|0 fnt\n|faint|p2b: Iron Hands\n|-end|p2b: Iron Hands|Quark Drive|[silent]\n|\n|upkeep\n|\n|t:|1701124435\n|switch|p2b: Ogerpon|Ogerpon-Wellspring, L50, F|100\/100\n|turn|3\n|\n|t:|1701124445\n|-terastallize|p2b: Ogerpon|Water\n|detailschange|p2b: Ogerpon|Ogerpon-Wellspring-Tera, L50, F, tera:Water\n|-ability|p2b: Ogerpon|Embody Aspect (Wellspring)|boost\n|-boost|p2b: Ogerpon|spd|1\n|move|p2a: Farigiraf|Psychic|p1a: Heatran\n|-damage|p1a: Heatran|53\/100\n|move|p1a: Heatran|Heat Wave|p2b: Ogerpon|[spread] p2a\n|-miss|p1a: Heatran|p2b: Ogerpon\n|-damage|p2a: Farigiraf|59\/100\n|move|p2b: Ogerpon|Ivy Cudgel|p1a: Heatran|[anim] Ivy Cudgel Water\n|-damage|p1a: Heatran|0 fnt\n|faint|p1a: Heatran\n|move|p1b: Ogerpon|Horn Leech|p2b: Ogerpon\n|-supereffective|p2b: Ogerpon\n|-damage|p2b: Ogerpon|7\/100\n|-heal|p1b: Ogerpon|100\/100|[from] drain|[of] p2b: Ogerpon\n|\n|upkeep\n|inactive|sadLouie has 30 seconds left.\n|\n|t:|1701124476\n|switch|p1a: Dragonite|Dragonite, L50, F|100\/100\n|turn|4\n|\n|t:|1701124497\n|move|p2a: Farigiraf|Dazzling Gleam|p1b: Ogerpon|[spread] p1a,p1b\n|-supereffective|p1a: Dragonite\n|-crit|p1a: Dragonite\n|-damage|p1a: Dragonite|42\/100\n|-damage|p1b: Ogerpon|81\/100\n|move|p1a: Dragonite|Outrage|p2b: Ogerpon\n|-damage|p2b: Ogerpon|0 fnt\n|faint|p2b: Ogerpon\n|move|p1b: Ogerpon|Horn Leech|p2a: Farigiraf\n|-damage|p2a: Farigiraf|19\/100\n|-heal|p1b: Ogerpon|100\/100|[from] drain|[of] p2a: Farigiraf\n|-enditem|p2a: Farigiraf|Sitrus Berry|[eat]\n|-heal|p2a: Farigiraf|44\/100|[from] item: Sitrus Berry\n|\n|upkeep\n|\n|t:|1701124511\n|switch|p2b: Arcanine|Arcanine-Hisui, L50, F|100\/100\n|-ability|p2b: Arcanine|Intimidate|boost\n|-fail|p1a: Dragonite|unboost|Attack|[from] ability: Inner Focus|[of] p1a: Dragonite\n|-unboost|p1b: Ogerpon|atk|1\n|turn|5\n|\n|t:|1701124522\n|move|p2a: Farigiraf|Psychic|p1b: Ogerpon\n|-crit|p1b: Ogerpon\n|-damage|p1b: Ogerpon|30\/100\n|move|p2b: Arcanine|Rock Slide|p1b: Ogerpon|[spread] p1a,p1b\n|-supereffective|p1a: Dragonite\n|-damage|p1a: Dragonite|0 fnt\n|-damage|p1b: Ogerpon|0 fnt\n|faint|p1a: Dragonite\n|faint|p1b: Ogerpon\n|\n|-fieldend|move: Trick Room\n|upkeep\n|\n|t:|1701124529\n|switch|p1b: Flutter Mane|Flutter Mane, L50|100\/100\n|turn|6\n|\n|t:|1701124538\n|move|p1b: Flutter Mane|Moonblast|p2b: Arcanine\n|-resisted|p2b: Arcanine\n|-damage|p2b: Arcanine|66\/100\n|-unboost|p2b: Arcanine|spa|1\n|move|p2b: Arcanine|Rock Slide|p1b: Flutter Mane\n|-damage|p1b: Flutter Mane|13\/100\n|move|p2a: Farigiraf|Trick Room|p2a: Farigiraf\n|-fieldstart|move: Trick Room|[of] p2a: Farigiraf\n|\n|upkeep\n|turn|7\n|\n|t:|1701124549\n|move|p2a: Farigiraf|Psychic|p1b: Flutter Mane\n|-damage|p1b: Flutter Mane|0 fnt\n|faint|p1b: Flutter Mane\n|-end|p1b: Flutter Mane|Protosynthesis|[silent]\n|\n|win|3DRyan\n|raw|sadLouie's rating: 1350 &rarr; <strong>1335<\/strong><br \/>(-15 for losing)\n|raw|3DRyan's rating: 1432 &rarr; <strong>1447<\/strong><br \/>(+15 for winning)\n|l|\u26063DRyan\n","uploadtime":1701124567,"views":3,"p1id":"sadlouie","p2id":"3dryan","formatid":"gen9vgc2023regulatione","rating":1335,"private":0,"password":""}