{"id":"gen9vgc2023regulatione-1989463784","p1":"wingwingy55","p2":"pookb","format":"[Gen 9] VGC 2023 Regulation E","log":"|j|\u2606wingwingy55\n|j|\u2606pookb\n|t:|1699854504\n|gametype|doubles\n|player|p1|wingwingy55|preschooler|1108\n|player|p2|pookb|lucas-gen4pt|1110\n|teamsize|p1|6\n|teamsize|p2|6\n|gen|9\n|tier|[Gen 9] VGC 2023 Regulation E\n|rated|\n|rule|Species Clause: Limit one of each Pok\u00e9mon\n|rule|Item Clause: Limit one of each item\n|clearpoke\n|poke|p1|Dragapult, L50, M|\n|poke|p1|Arcanine-Hisui, L50, M|\n|poke|p1|Ogerpon, L50, F|\n|poke|p1|Iron Hands, L50|\n|poke|p1|Chien-Pao, L50|\n|poke|p1|Gholdengo, L50|\n|poke|p2|Landorus-Therian, L50, M|\n|poke|p2|Tornadus, L50, M|\n|poke|p2|Great Tusk, L50|\n|poke|p2|Ogerpon-Hearthflame, L50, F|\n|poke|p2|Iron Bundle, L50|\n|poke|p2|Iron Hands, L50|\n|teampreview|4\n|inactive|Battle timer is ON: inactive players will automatically lose when time's up. (requested by pookb)\n|\n|t:|1699854530\n|start\n|switch|p1a: Chien-Pao|Chien-Pao, L50|100\/100\n|switch|p1b: Ogerpon|Ogerpon, L50, F|100\/100\n|switch|p2a: Iron Bundle|Iron Bundle, L50, shiny|100\/100\n|switch|p2b: Great Tusk|Great Tusk, L50|100\/100\n|-ability|p1a: Chien-Pao|Sword of Ruin\n|-enditem|p2a: Iron Bundle|Booster Energy\n|-activate|p2a: Iron Bundle|ability: Quark Drive|[fromitem]\n|-start|p2a: Iron Bundle|quarkdrivespe\n|turn|1\n|\n|t:|1699854554\n|move|p2a: Iron Bundle|Freeze-Dry|p1b: Ogerpon\n|-supereffective|p1b: Ogerpon\n|-damage|p1b: Ogerpon|15\/100\n|move|p1a: Chien-Pao|Icicle Crash|p2b: Great Tusk\n|-supereffective|p2b: Great Tusk\n|-damage|p2b: Great Tusk|14\/100\n|move|p1b: Ogerpon|Ivy Cudgel|p2a: Iron Bundle\n|-supereffective|p2a: Iron Bundle\n|-damage|p2a: Iron Bundle|0 fnt\n|faint|p2a: Iron Bundle\n|-end|p2a: Iron Bundle|Quark Drive|[silent]\n|cant|p2b: Great Tusk|flinch\n|\n|-heal|p2b: Great Tusk|20\/100|[from] item: Leftovers\n|upkeep\n|\n|t:|1699854569\n|switch|p2a: Iron Hands|Iron Hands, L50, shiny|100\/100\n|turn|2\n|\n|t:|1699854576\n|move|p1a: Chien-Pao|Protect|p1a: Chien-Pao\n|-singleturn|p1a: Chien-Pao|Protect\n|move|p1b: Ogerpon|Spiky Shield|p1b: Ogerpon\n|-singleturn|p1b: Ogerpon|move: Protect\n|move|p2a: Iron Hands|Fake Out|p1b: Ogerpon\n|-activate|p1b: Ogerpon|move: Protect\n|-damage|p2a: Iron Hands|88\/100|[from] Spiky Shield|[of] p1b: Ogerpon\n|move|p2b: Great Tusk|Close Combat|p1a: Chien-Pao\n|-activate|p1a: Chien-Pao|move: Protect\n|\n|-heal|p2b: Great Tusk|26\/100|[from] item: Leftovers\n|upkeep\n|turn|3\n|\n|t:|1699854601\n|move|p2b: Great Tusk|Protect|p2b: Great Tusk\n|-singleturn|p2b: Great Tusk|Protect\n|move|p1a: Chien-Pao|Ice Shard|p2b: Great Tusk\n|-activate|p2b: Great Tusk|move: Protect\n|move|p1b: Ogerpon|Stomping Tantrum|p2a: Iron Hands\n|-supereffective|p2a: Iron Hands\n|-damage|p2a: Iron Hands|41\/100\n|move|p2a: Iron Hands|Drain Punch|p1a: Chien-Pao\n|-supereffective|p1a: Chien-Pao\n|-enditem|p1a: Chien-Pao|Focus Sash\n|-damage|p1a: Chien-Pao|1\/100\n|-heal|p2a: Iron Hands|70\/100|[from] drain|[of] p1a: Chien-Pao\n|\n|-heal|p2b: Great Tusk|32\/100|[from] item: Leftovers\n|upkeep\n|turn|4\n|inactive|wingwingy55 has 30 seconds left.\n|inactive|pookb has 30 seconds left.\n|\n|t:|1699854630\n|move|p1a: Chien-Pao|Sucker Punch|p2a: Iron Hands\n|-resisted|p2a: Iron Hands\n|-damage|p2a: Iron Hands|55\/100\n|move|p1b: Ogerpon|Ivy Cudgel|p2b: Great Tusk\n|-supereffective|p2b: Great Tusk\n|-damage|p2b: Great Tusk|0 fnt\n|faint|p2b: Great Tusk\n|-end|p2b: Great Tusk|Protosynthesis|[silent]\n|move|p2a: Iron Hands|Rock Slide|p1b: Ogerpon|[spread] p1b\n|-miss|p2a: Iron Hands|p1a: Chien-Pao\n|-damage|p1b: Ogerpon|0 fnt\n|faint|p1b: Ogerpon\n|\n|upkeep\n|\n|t:|1699854648\n|switch|p1b: Rock Dog|Arcanine-Hisui, L50, M|100\/100\n|switch|p2b: Ogerpon|Ogerpon-Hearthflame, L50, F|100\/100\n|-ability|p2b: Ogerpon|Mold Breaker\n|-ability|p1b: Rock Dog|Intimidate|boost\n|-unboost|p2a: Iron Hands|atk|1\n|-unboost|p2b: Ogerpon|atk|1\n|turn|5\n|\n|t:|1699854665\n|-terastallize|p1b: Rock Dog|Fairy\n|move|p1a: Chien-Pao|Protect|p1a: Chien-Pao\n|-singleturn|p1a: Chien-Pao|Protect\n|move|p2b: Ogerpon|Spiky Shield|p2b: Ogerpon\n|-singleturn|p2b: Ogerpon|move: Protect\n|move|p1b: Rock Dog|Rock Slide|p2b: Ogerpon|[spread] p2a\n|-activate|p2b: Ogerpon|move: Protect\n|-resisted|p2a: Iron Hands\n|-damage|p2a: Iron Hands|37\/100\n|move|p2a: Iron Hands|Drain Punch|p1b: Rock Dog\n|-resisted|p1b: Rock Dog\n|-damage|p1b: Rock Dog|74\/100\n|-heal|p2a: Iron Hands|46\/100|[from] drain|[of] p1b: Rock Dog\n|\n|upkeep\n|turn|6\n|inactive|pookb has 30 seconds left.\n|\n|t:|1699854692\n|move|p1a: Chien-Pao|Icicle Crash|p2b: Ogerpon\n|-damage|p2b: Ogerpon|22\/100\n|move|p2b: Ogerpon|Ivy Cudgel|p1b: Rock Dog\n|-damage|p1b: Rock Dog|10\/100\n|move|p1b: Rock Dog|Rock Slide|p2b: Ogerpon|[spread] p2a,p2b\n|-resisted|p2a: Iron Hands\n|-supereffective|p2b: Ogerpon\n|-damage|p2a: Iron Hands|28\/100\n|-damage|p2b: Ogerpon|0 fnt\n|faint|p2b: Ogerpon\n|move|p2a: Iron Hands|Rock Slide|p1b: Rock Dog|[spread] p1a,p1b\n|-supereffective|p1a: Chien-Pao\n|-damage|p1a: Chien-Pao|0 fnt\n|-damage|p1b: Rock Dog|0 fnt\n|faint|p1a: Chien-Pao\n|faint|p1b: Rock Dog\n|\n|upkeep\n|\n|t:|1699854704\n|switch|p1b: Dragapult|Dragapult, L50, M, shiny|100\/100\n|turn|7\n|\n|t:|1699854712\n|-terastallize|p2a: Iron Hands|Fighting\n|move|p1b: Dragapult|Dragon Dance|p1b: Dragapult\n|-boost|p1b: Dragapult|atk|1\n|-boost|p1b: Dragapult|spe|1\n|move|p2a: Iron Hands|Rock Slide|p1b: Dragapult|[miss]\n|-miss|p2a: Iron Hands|p1b: Dragapult\n|\n|upkeep\n|turn|8\n|\n|t:|1699854721\n|move|p1b: Dragapult|Dragon Dance|p1b: Dragapult\n|-boost|p1b: Dragapult|atk|1\n|-boost|p1b: Dragapult|spe|1\n|move|p2a: Iron Hands|Rock Slide|p1b: Dragapult\n|-damage|p1b: Dragapult|75\/100\n|\n|upkeep\n|turn|9\n|\n|t:|1699854728\n|move|p1b: Dragapult|Dragon Darts|p2a: Iron Hands\n|-damage|p2a: Iron Hands|0 fnt\n|faint|p2a: Iron Hands\n|-end|p2a: Iron Hands|Quark Drive|[silent]\n|-damage|p1b: Dragapult|65\/100|[from] item: Life Orb\n|\n|win|wingwingy55\n|raw|wingwingy55's rating: 1108 &rarr; <strong>1133<\/strong><br \/>(+25 for winning)\n|raw|pookb's rating: 1110 &rarr; <strong>1085<\/strong><br \/>(-25 for losing)\n|l|\u2606pookb\n","uploadtime":1699854735,"views":12,"p1id":"wingwingy55","p2id":"pookb","formatid":"gen9vgc2023regulatione","rating":1085,"private":0,"password":""}