{"id":"gen9vgc2023regulatione-1988188345","p1":"texastrill713","p2":"SpiceCabinet","format":"[Gen 9] VGC 2023 Regulation E","log":"|j|\u2606texastrill713\n|j|\u2606SpiceCabinet\n|t:|1699681847\n|gametype|doubles\n|player|p1|texastrill713|lucas-gen4pt|1303\n|player|p2|SpiceCabinet|101|1304\n|teamsize|p1|6\n|teamsize|p2|6\n|gen|9\n|tier|[Gen 9] VGC 2023 Regulation E\n|rated|\n|rule|Species Clause: Limit one of each Pok\u00e9mon\n|rule|Item Clause: Limit one of each item\n|clearpoke\n|poke|p1|Tornadus, L50, M|\n|poke|p1|Chien-Pao, L50|\n|poke|p1|Amoonguss, L50, M|\n|poke|p1|Iron Hands, L50|\n|poke|p1|Flutter Mane, L50|\n|poke|p1|Landorus-Therian, L50, M|\n|poke|p2|Scream Tail, L50|\n|poke|p2|Tornadus, L50, M|\n|poke|p2|Urshifu-*, L50, M|\n|poke|p2|Ogerpon-Hearthflame, L50, F|\n|poke|p2|Arcanine-Hisui, L50, M|\n|poke|p2|Flutter Mane, L50|\n|teampreview|4\n|\n|t:|1699681882\n|start\n|switch|p1a: Iron Hands|Iron Hands, L50|100\/100\n|switch|p1b: Flutter Mane|Flutter Mane, L50|100\/100\n|switch|p2a: Tornadus|Tornadus, L50, M|100\/100\n|switch|p2b: Terrance|Flutter Mane, L50|100\/100\n|-enditem|p1b: Flutter Mane|Booster Energy\n|-activate|p1b: Flutter Mane|ability: Protosynthesis|[fromitem]\n|-start|p1b: Flutter Mane|protosynthesisspa\n|turn|1\n|\n|t:|1699681911\n|-terastallize|p1a: Iron Hands|Water\n|move|p2a: Tornadus|Protect|p2a: Tornadus\n|-singleturn|p2a: Tornadus|Protect\n|move|p2b: Terrance|Protect|p2b: Terrance\n|-singleturn|p2b: Terrance|Protect\n|move|p1b: Flutter Mane|Protect|p1b: Flutter Mane\n|-singleturn|p1b: Flutter Mane|Protect\n|move|p1a: Iron Hands|Heavy Slam|p2b: Terrance\n|-activate|p2b: Terrance|move: Protect\n|\n|upkeep\n|turn|2\n|\n|t:|1699681947\n|move|p2b: Terrance|Shadow Ball|p1b: Flutter Mane\n|-supereffective|p1b: Flutter Mane\n|-damage|p1b: Flutter Mane|14\/100\n|move|p2a: Tornadus|Bleakwind Storm|p1a: Iron Hands|[spread] p1a,p1b\n|-damage|p1a: Iron Hands|84\/100\n|-damage|p1b: Flutter Mane|0 fnt\n|-unboost|p1a: Iron Hands|spe|1\n|faint|p1b: Flutter Mane\n|-end|p1b: Flutter Mane|Protosynthesis|[silent]\n|move|p1a: Iron Hands|Heavy Slam|p2b: Terrance\n|-supereffective|p2b: Terrance\n|-enditem|p2b: Terrance|Focus Sash\n|-damage|p2b: Terrance|1\/100\n|\n|upkeep\n|\n|t:|1699681968\n|switch|p1b: Chien-Pao|Chien-Pao, L50|100\/100\n|-ability|p1b: Chien-Pao|Sword of Ruin\n|turn|3\n|\n|t:|1699681994\n|move|p2a: Tornadus|Protect|p2a: Tornadus\n|-singleturn|p2a: Tornadus|Protect\n|move|p1b: Chien-Pao|Protect|p1b: Chien-Pao\n|-singleturn|p1b: Chien-Pao|Protect\n|move|p2b: Terrance|Protect|p2b: Terrance\n|-singleturn|p2b: Terrance|Protect\n|move|p1a: Iron Hands|Wild Charge|p2a: Tornadus\n|-activate|p2a: Tornadus|move: Protect\n|\n|upkeep\n|turn|4\n|\n|t:|1699682030\n|-end|p2b: Terrance|Protosynthesis|[silent]\n|switch|p2b: Urshifu|Urshifu-Rapid-Strike, L50, M|100\/100\n|move|p2a: Tornadus|Tailwind|p2a: Tornadus\n|-sidestart|p2: SpiceCabinet|move: Tailwind\n|move|p1b: Chien-Pao|Icicle Crash|p2a: Tornadus\n|-supereffective|p2a: Tornadus\n|-damage|p2a: Tornadus|0 fnt\n|faint|p2a: Tornadus\n|-damage|p1b: Chien-Pao|91\/100|[from] item: Life Orb\n|move|p1a: Iron Hands|Heavy Slam|p2b: Urshifu\n|-resisted|p2b: Urshifu\n|-damage|p2b: Urshifu|82\/100\n|\n|upkeep\n|\n|t:|1699682051\n|switch|p2a: Itachi|Scream Tail, L50, shiny|100\/100\n|-enditem|p2a: Itachi|Booster Energy\n|-activate|p2a: Itachi|ability: Protosynthesis|[fromitem]\n|-start|p2a: Itachi|protosynthesisspe\n|turn|5\n|\n|t:|1699682107\n|move|p2a: Itachi|Encore|p1a: Iron Hands\n|-start|p1a: Iron Hands|Encore\n|move|p2b: Urshifu|Surging Strikes|p1b: Chien-Pao\n|-crit|p1b: Chien-Pao\n|-damage|p1b: Chien-Pao|56\/100\n|-crit|p1b: Chien-Pao\n|-damage|p1b: Chien-Pao|22\/100\n|-crit|p1b: Chien-Pao\n|-damage|p1b: Chien-Pao|0 fnt\n|faint|p1b: Chien-Pao\n|-hitcount|p1: Chien-Pao|3\n|move|p1a: Iron Hands|Heavy Slam|p2a: Itachi\n|-supereffective|p2a: Itachi\n|-damage|p2a: Itachi|32\/100\n|\n|upkeep\n|\n|t:|1699682121\n|switch|p1b: Landorus|Landorus-Therian, L50, M|100\/100\n|-ability|p1b: Landorus|Intimidate|boost\n|-unboost|p2a: Itachi|atk|1\n|-unboost|p2b: Urshifu|atk|1\n|turn|6\n|\n|t:|1699682139\n|move|p2a: Itachi|Disable|p1a: Iron Hands\n|-start|p1a: Iron Hands|Disable|Heavy Slam\n|move|p2b: Urshifu|Surging Strikes|p1b: Landorus\n|-supereffective|p1b: Landorus\n|-crit|p1b: Landorus\n|-damage|p1b: Landorus|47\/100\n|-supereffective|p1b: Landorus\n|-crit|p1b: Landorus\n|-damage|p1b: Landorus|0 fnt\n|faint|p1b: Landorus\n|-hitcount|p1: Landorus|2\n|cant|p1a: Iron Hands|Disable|Heavy Slam\n|\n|upkeep\n|turn|7\n|\n|t:|1699682158\n|move|p2a: Itachi|Howl|p2a: Itachi|[spread] p2a,p2b\n|-boost|p2a: Itachi|atk|1\n|-boost|p2b: Urshifu|atk|1\n|move|p2b: Urshifu|Close Combat|p1a: Iron Hands\n|-damage|p1a: Iron Hands|36\/100\n|-unboost|p2b: Urshifu|def|1\n|-unboost|p2b: Urshifu|spd|1\n|-activate|p1a: Iron Hands|move: Struggle\n|move|p1a: Iron Hands|Struggle|p2b: Urshifu\n|-damage|p2b: Urshifu|54\/100\n|-damage|p1a: Iron Hands|11\/100|[from] recoil\n|\n|-end|p1a: Iron Hands|Encore\n|-sideend|p2: SpiceCabinet|move: Tailwind\n|upkeep\n|turn|8\n|c|\u2606texastrill713|Whatever\n|c|\u2606SpiceCabinet|gg\n|\n|t:|1699682185\n|move|p2a: Itachi|Howl|p2a: Itachi|[spread] p2a,p2b\n|-boost|p2a: Itachi|atk|1\n|-boost|p2b: Urshifu|atk|1\n|move|p2b: Urshifu|Surging Strikes|p1a: Iron Hands\n|-resisted|p1a: Iron Hands\n|-crit|p1a: Iron Hands\n|-damage|p1a: Iron Hands|0 fnt\n|faint|p1a: Iron Hands\n|-end|p1a: Iron Hands|Quark Drive|[silent]\n|-hitcount|p1: Iron Hands|1\n|\n|win|SpiceCabinet\n|raw|texastrill713's rating: 1303 &rarr; <strong>1283<\/strong><br \/>(-20 for losing)\n|raw|SpiceCabinet's rating: 1304 &rarr; <strong>1324<\/strong><br \/>(+20 for winning)\n|c|\u2606texastrill713|Bs\n|c|\u2606SpiceCabinet|what is?\n|c|\u2606texastrill713|U\n|c|\u2606SpiceCabinet|what'd i do?\n|l|\u2606texastrill713\n","uploadtime":1699682309,"views":15,"p1id":"texastrill713","p2id":"spicecabinet","formatid":"gen9vgc2023regulatione","rating":1283,"private":0,"password":""}