{"id":"gen9vgc2023regulatione-1992523140","p1":"Bitce","p2":"eebgm","format":"[Gen 9] VGC 2023 Regulation E","log":"|j|\u2606Bitce\n|j|\u2606eebgm\n|t:|1700199180\n|gametype|doubles\n|player|p1|Bitce|170|\n|player|p2|eebgm|lady|\n|teamsize|p1|6\n|teamsize|p2|6\n|gen|9\n|tier|[Gen 9] VGC 2023 Regulation E\n|rated|Tournament battle\n|rule|Species Clause: Limit one of each Pok\u00e9mon\n|rule|Item Clause: Limit one of each item\n|clearpoke\n|poke|p1|Shiftry, L50, M|\n|poke|p1|Tornadus, L50, M|\n|poke|p1|Urshifu-*, L50, M|\n|poke|p1|Flutter Mane, L50|\n|poke|p1|Chi-Yu, L50|\n|poke|p1|Kommo-o, L50, M|\n|poke|p2|Armarouge, L50, F|\n|poke|p2|Indeedee-F, L50, F|\n|poke|p2|Sneasler, L50, M|\n|poke|p2|Landorus-Therian, L50, M|\n|poke|p2|Torkoal, L50, M|\n|poke|p2|Gallade, L50, M|\n|teampreview|4\n|showteam|p1|Shiftry||FocusSash|WindRider|LeafBlade,KnockOff,FakeOut,SuckerPunch|||M|||50|,,,,,Fairy]Tornadus||CovertCloak|Prankster|BleakwindStorm,Tailwind,Taunt,RainDance|||M|||50|,,,,,Dark]Urshifu-Rapid-Strike||MysticWater|UnseenFist|SurgingStrikes,CloseCombat,AquaJet,Protect|||M|||50|,,,,,Water]Flutter Mane||BoosterEnergy|Protosynthesis|DazzlingGleam,ShadowBall,Moonblast,Protect||||||50|,,,,,Fairy]Chi-Yu||LifeOrb|BeadsofRuin|HeatWave,DarkPulse,Overheat,Protect||||||50|,,,,,Ghost]Kommo-o||ThroatSpray|Overcoat|FlashCannon,ClangorousSoul,ClangingScales,Protect|||M|||50|,,,,,Steel\n|showteam|p2|Armarouge||WeaknessPolicy|WeakArmor|ExpandingForce,HeatWave,Endure,WideGuard|||F|||50|,,,,,Psychic]Indeedee-F||RockyHelmet|PsychicSurge|FollowMe,DazzlingGleam,TrickRoom,HelpingHand|||F|||50|,,,,,Fairy]Sneasler||PsychicSeed|Unburden|DireClaw,CloseCombat,RockSlide,SwordsDance|||M|||50|,,,,,Rock]Landorus-Therian||ChoiceScarf|Intimidate|Earthquake,Uturn,RockSlide,StompingTantrum|||M|||50|,,,,,Water]Torkoal||ChoiceSpecs|Drought|Eruption,HeatWave,Flamethrower,EarthPower|||M|||50|,,,,,Fire]Gallade||FocusSash|Sharpness|SacredSword,PsychoCut,ShadowSneak,TrickRoom|||M|||50|,,,,,Ghost\n|inactive|Battle timer is ON: inactive players will automatically lose when time's up. (requested by eebgm)\n|j| Frostyvap\n|j| Sunrose\n|l| Sunrose\n|inactive|Bitce has 60 seconds left.\n|inactive|eebgm has 60 seconds left.\n|j| KnighLt\n|l| KnighLt\n|\n|t:|1700199244\n|start\n|switch|p1a: Urshifu|Urshifu-Rapid-Strike, L50, M|100\/100\n|switch|p1b: Tornadus|Tornadus, L50, M|100\/100\n|switch|p2a: Landorus|Landorus-Therian, L50, M|100\/100\n|switch|p2b: Armarouge|Armarouge, L50, F|100\/100\n|-ability|p2a: Landorus|Intimidate|boost\n|-unboost|p1a: Urshifu|atk|1\n|-unboost|p1b: Tornadus|atk|1\n|turn|1\n|inactive|eebgm has 30 seconds left.\n|inactive|eebgm has 20 seconds left.\n|inactive|eebgm has 15 seconds left.\n|\n|t:|1700199284\n|-terastallize|p1a: Urshifu|Water\n|move|p1b: Tornadus|Tailwind|p1b: Tornadus\n|-sidestart|p1: Bitce|move: Tailwind\n|move|p1a: Urshifu|Surging Strikes|p2a: Landorus\n|-supereffective|p2a: Landorus\n|-crit|p2a: Landorus\n|-damage|p2a: Landorus|26\/100\n|-supereffective|p2a: Landorus\n|-crit|p2a: Landorus\n|-damage|p2a: Landorus|0 fnt\n|faint|p2a: Landorus\n|-hitcount|p2: Landorus|2\n|move|p2b: Armarouge|Expanding Force|p1a: Urshifu\n|-damage|p1a: Urshifu|42\/100\n|\n|upkeep\n|\n|t:|1700199294\n|switch|p2a: Indeedee|Indeedee-F, L50, F|100\/100\n|-fieldstart|move: Psychic Terrain|[from] ability: Psychic Surge|[of] p2a: Indeedee\n|turn|2\n|\n|t:|1700199316\n|-terastallize|p2b: Armarouge|Psychic\n|move|p2a: Indeedee|Follow Me|p2a: Indeedee\n|-singleturn|p2a: Indeedee|move: Follow Me\n|move|p1a: Urshifu|Surging Strikes|p2a: Indeedee\n|-crit|p2a: Indeedee\n|-damage|p2a: Indeedee|62\/100\n|-damage|p1a: Urshifu|26\/100|[from] item: Rocky Helmet|[of] p2a: Indeedee\n|-crit|p2a: Indeedee\n|-damage|p2a: Indeedee|26\/100\n|-damage|p1a: Urshifu|9\/100|[from] item: Rocky Helmet|[of] p2a: Indeedee\n|-crit|p2a: Indeedee\n|-damage|p2a: Indeedee|0 fnt\n|-damage|p1a: Urshifu|0 fnt|[from] item: Rocky Helmet|[of] p2a: Indeedee\n|faint|p2a: Indeedee\n|faint|p1a: Urshifu\n|-hitcount|p2: Indeedee|3\n|move|p1b: Tornadus|Bleakwind Storm|p2b: Armarouge|[miss]\n|-miss|p1b: Tornadus|p2b: Armarouge\n|move|p2b: Armarouge|Expanding Force|p1b: Tornadus\n|-damage|p1b: Tornadus|0 fnt\n|faint|p1b: Tornadus\n|\n|upkeep\n|\n|t:|1700199324\n|switch|p1a: Shiftry|Shiftry, L50, M|100\/100\n|switch|p1b: Chi-Yu|Chi-Yu, L50|100\/100\n|switch|p2a: Sneasler|Sneasler, L50, M|100\/100\n|-ability|p1b: Chi-Yu|Beads of Ruin\n|-ability|p1a: Shiftry|Wind Rider|boost\n|-boost|p1a: Shiftry|atk|1\n|-enditem|p2a: Sneasler|Psychic Seed\n|-boost|p2a: Sneasler|spd|1|[from] item: Psychic Seed\n|turn|3\n|inactive|eebgm has 30 seconds left.\n|inactive|eebgm has 20 seconds left.\n|inactive|eebgm has 15 seconds left.\n|inactive|eebgm has 10 seconds left.\n|\n|t:|1700199373\n|move|p1b: Chi-Yu|Protect|p1b: Chi-Yu\n|-singleturn|p1b: Chi-Yu|Protect\n|move|p2b: Armarouge|Endure|p2b: Armarouge\n|-singleturn|p2b: Armarouge|move: Endure\n|move|p2a: Sneasler|Dire Claw|p1a: Shiftry\n|-supereffective|p1a: Shiftry\n|-enditem|p1a: Shiftry|Focus Sash\n|-damage|p1a: Shiftry|1\/100\n|move|p1a: Shiftry|Knock Off|p2b: Armarouge\n|-supereffective|p2b: Armarouge\n|-activate|p2b: Armarouge|move: Endure\n|-damage|p2b: Armarouge|1\/100\n|-ability|p2b: Armarouge|Weak Armor|boost\n|-unboost|p2b: Armarouge|def|1\n|-boost|p2b: Armarouge|spe|2\n|-enditem|p2b: Armarouge|Weakness Policy\n|-boost|p2b: Armarouge|atk|2|[from] item: Weakness Policy\n|-boost|p2b: Armarouge|spa|2|[from] item: Weakness Policy\n|\n|upkeep\n|turn|4\n|\n|t:|1700199389\n|move|p2b: Armarouge|Wide Guard|p2b: Armarouge\n|-singleturn|p2b: Armarouge|Wide Guard\n|move|p1b: Chi-Yu|Heat Wave|p2a: Sneasler|[spread] \n|-activate|p2a: Sneasler|move: Wide Guard\n|-activate|p2b: Armarouge|move: Wide Guard\n|move|p2a: Sneasler|Rock Slide|p1a: Shiftry|[spread] p1a,p1b\n|-supereffective|p1b: Chi-Yu\n|-damage|p1a: Shiftry|0 fnt\n|-damage|p1b: Chi-Yu|46\/100\n|faint|p1a: Shiftry\n|\n|-sideend|p1: Bitce|move: Tailwind\n|upkeep\n|turn|5\n|j| PLSWIGIS\n|-message|Bitce forfeited.\n|\n|win|eebgm\n|n|\u2606Bitce|bitce\n|n|\u2606eebgm|eebgm\n|n| Frostyvap|frostyvap\n|n| PLSWIGIS|plswigis\n|l|\u2606Bitce\n|l| Frostyvap\n","uploadtime":1700199401,"views":11,"p1id":"bitce","p2id":"eebgm","formatid":"gen9vgc2023regulatione","rating":0,"private":0,"password":""}