{"id":"gen9vgc2023regulatione-1998650392","p1":"perceived slight","p2":"BobbyBottleservice","format":"[Gen 9] VGC 2023 Regulation E","log":"|j|\u2606perceived slight\n|j|\u2606BobbyBottleservice\n|t:|1700967636\n|gametype|doubles\n|player|p1|perceived slight|ninjaboy|1542\n|player|p2|BobbyBottleservice|jessiejames-gen1|1636\n|teamsize|p1|6\n|teamsize|p2|6\n|gen|9\n|tier|[Gen 9] VGC 2023 Regulation E\n|rated|\n|rule|Species Clause: Limit one of each Pok\u00e9mon\n|rule|Item Clause: Limit one of each item\n|clearpoke\n|poke|p1|Regieleki, L50|\n|poke|p1|Corviknight, L50, M|\n|poke|p1|Amoonguss, L50, F|\n|poke|p1|Urshifu-*, L50, F|\n|poke|p1|Dragapult, L50, M|\n|poke|p1|Ting-Lu, L50|\n|poke|p2|Dondozo, L50, M|\n|poke|p2|Tatsugiri, L50, M|\n|poke|p2|Iron Hands, L50|\n|poke|p2|Ogerpon, L50, F|\n|poke|p2|Glimmora, L50, M|\n|poke|p2|Thundurus, L50, M|\n|teampreview|4\nBobbyBottleservice has agreed to open team sheets.\nperceived slight has agreed to open team sheets.\n|\n|t:|1700967697\n|start\n|switch|p1a: Dragapult|Dragapult, L50, M|100\/100\n|switch|p1b: Urshifu|Urshifu-Rapid-Strike, L50, F|100\/100\n|switch|p2a: Thundurus|Thundurus, L50, M|100\/100\n|switch|p2b: Glimmora|Glimmora, L50, M, shiny|100\/100\n|turn|1\n|\n|t:|1700967732\n|switch|p1b: Regieleki|Regieleki, L50|100\/100\n|move|p2a: Thundurus|Thunder Wave|p1b: Regieleki\n|-immune|p1b: Regieleki\n|move|p1a: Dragapult|Dragon Darts|p2a: Thundurus\n|-damage|p2a: Thundurus|71\/100\n|-anim|p1a: Dragapult|Dragon Darts|p2b: Glimmora\n|-damage|p2b: Glimmora|70\/100\n|-activate|p2b: Glimmora|ability: Toxic Debris\n|-sidestart|p1: perceived slight|move: Toxic Spikes\n|move|p2b: Glimmora|Sludge Bomb|p1a: Dragapult\n|-resisted|p1a: Dragapult\n|-damage|p1a: Dragapult|68\/100\n|\n|upkeep\n|turn|2\n|\n|t:|1700967753\n|move|p1a: Dragapult|Protect|p1a: Dragapult\n|-singleturn|p1a: Dragapult|Protect\n|move|p2a: Thundurus|Eerie Impulse|p1b: Regieleki\n|-unboost|p1b: Regieleki|spa|2\n|move|p1b: Regieleki|Thunderbolt|p2a: Thundurus\n|-damage|p2a: Thundurus|44\/100\n|-enditem|p2a: Thundurus|Sitrus Berry|[eat]\n|-heal|p2a: Thundurus|68\/100|[from] item: Sitrus Berry\n|move|p2b: Glimmora|Sludge Bomb|p1b: Regieleki\n|-damage|p1b: Regieleki|7\/100\n|\n|upkeep\n|turn|3\n|\n|t:|1700967783\n|switch|p1a: Amoonguss|Amoonguss, L50, F|100\/100\n|-sideend|p1: perceived slight|move: Toxic Spikes|[of] p1a: Amoonguss\n|move|p2a: Thundurus|Thunder Wave|p1a: Amoonguss|[miss]\n|-miss|p2a: Thundurus|p1a: Amoonguss\n|move|p1b: Regieleki|Thunderbolt|p2a: Thundurus\n|-damage|p2a: Thundurus|38\/100\n|move|p2b: Glimmora|Sludge Bomb|p1b: Regieleki\n|-crit|p1b: Regieleki\n|-damage|p1b: Regieleki|0 fnt\n|faint|p1b: Regieleki\n|\n|upkeep\n|\n|t:|1700967804\n|switch|p1b: Dragapult|Dragapult, L50, M|68\/100\n|turn|4\n|\n|t:|1700967823\n|move|p2a: Thundurus|Taunt|p1a: Amoonguss\n|-start|p1a: Amoonguss|move: Taunt\n|move|p1b: Dragapult|Dragon Darts|p2a: Thundurus\n|-damage|p2a: Thundurus|5\/100\n|-anim|p1b: Dragapult|Dragon Darts|p2b: Glimmora\n|-damage|p2b: Glimmora|38\/100\n|-activate|p2b: Glimmora|ability: Toxic Debris\n|-sidestart|p1: perceived slight|move: Toxic Spikes\n|move|p2b: Glimmora|Sludge Bomb|p1b: Dragapult\n|-resisted|p1b: Dragapult\n|-damage|p1b: Dragapult|32\/100\n|-status|p1b: Dragapult|psn\n|move|p1a: Amoonguss|Clear Smog|p2a: Thundurus\n|-damage|p2a: Thundurus|0 fnt\n|-clearboost|p2a: Thundurus\n|faint|p2a: Thundurus\n|\n|-damage|p1b: Dragapult|20\/100 psn|[from] psn\n|upkeep\n|j| NEO004\n|\n|t:|1700967840\n|switch|p2a: Dondozo|Dondozo, L50, M|100\/100\n|turn|5\n|\n|t:|1700967852\n|move|p2a: Dondozo|Protect|p2a: Dondozo\n|-singleturn|p2a: Dondozo|Protect\n|move|p1b: Dragapult|Will-O-Wisp|p2a: Dondozo\n|-activate|p2a: Dondozo|move: Protect\n|move|p2b: Glimmora|Sludge Bomb|p1b: Dragapult\n|-resisted|p1b: Dragapult\n|-damage|p1b: Dragapult|0 fnt\n|faint|p1b: Dragapult\n|move|p1a: Amoonguss|Clear Smog|p2a: Dondozo\n|-activate|p2a: Dondozo|move: Protect\n|\n|upkeep\n|\n|t:|1700967866\n|switch|p1b: Urshifu|Urshifu-Rapid-Strike, L50, F|100\/100\n|-status|p1b: Urshifu|psn\n|turn|6\n|\n|t:|1700967872\n|switch|p2b: Tatsugiri|Tatsugiri, L50, M|100\/100\n|-activate|p2b: Tatsugiri|ability: Commander|[of] p2a: Dondozo\n|-boost|p2a: Dondozo|atk|2\n|-boost|p2a: Dondozo|spa|2\n|-boost|p2a: Dondozo|spe|2\n|-boost|p2a: Dondozo|def|2\n|-boost|p2a: Dondozo|spd|2\n|move|p1b: Urshifu|Surging Strikes|p2b: Tatsugiri|[miss]\n|-miss|p1b: Urshifu|p2b: Tatsugiri\n|move|p2a: Dondozo|Order Up|p1b: Urshifu\n|-damage|p1b: Urshifu|56\/100 psn\n|-boost|p2a: Dondozo|atk|1\n|move|p1a: Amoonguss|Clear Smog|p2a: Dondozo\n|-damage|p2a: Dondozo|93\/100\n|-clearboost|p2a: Dondozo\n|\n|-heal|p2a: Dondozo|99\/100|[from] item: Leftovers\n|-damage|p1b: Urshifu|43\/100 psn|[from] psn\n|-end|p1a: Amoonguss|move: Taunt\n|upkeep\n|turn|7\n|j| Dioxide8\n|\n|t:|1700967896\n|move|p1b: Urshifu|Surging Strikes|p2a: Dondozo\n|-resisted|p2a: Dondozo\n|-crit|p2a: Dondozo\n|-damage|p2a: Dondozo|93\/100\n|-resisted|p2a: Dondozo\n|-crit|p2a: Dondozo\n|-damage|p2a: Dondozo|86\/100\n|-resisted|p2a: Dondozo\n|-crit|p2a: Dondozo\n|-damage|p2a: Dondozo|78\/100\n|-hitcount|p2a: Dondozo|3\n|move|p2a: Dondozo|Order Up|p1b: Urshifu\n|-damage|p1b: Urshifu|17\/100 psn\n|-boost|p2a: Dondozo|atk|1\n|move|p1a: Amoonguss|Spore|p2a: Dondozo\n|-status|p2a: Dondozo|slp|[from] move: Spore\n|\n|-heal|p2a: Dondozo|85\/100 slp|[from] item: Leftovers\n|-damage|p1b: Urshifu|5\/100 psn|[from] psn\n|upkeep\n|turn|8\n|j| andy8105\n|j| mpudi\n|\n|t:|1700967920\n|-terastallize|p1b: Urshifu|Water\n|move|p1b: Urshifu|Surging Strikes|p2a: Dondozo\n|-resisted|p2a: Dondozo\n|-crit|p2a: Dondozo\n|-damage|p2a: Dondozo|76\/100 slp\n|-resisted|p2a: Dondozo\n|-crit|p2a: Dondozo\n|-damage|p2a: Dondozo|67\/100 slp\n|-resisted|p2a: Dondozo\n|-crit|p2a: Dondozo\n|-damage|p2a: Dondozo|57\/100 slp\n|-hitcount|p2a: Dondozo|3\n|cant|p2a: Dondozo|slp\n|move|p1a: Amoonguss|Pollen Puff|p1b: Urshifu\n|-heal|p1b: Urshifu|55\/100 psn\n|\n|-heal|p2a: Dondozo|64\/100 slp|[from] item: Leftovers\n|-damage|p1b: Urshifu|42\/100 psn|[from] psn\n|upkeep\n|turn|9\n|\n|t:|1700967941\n|move|p1b: Urshifu|Surging Strikes|p2a: Dondozo\n|-resisted|p2a: Dondozo\n|-crit|p2a: Dondozo\n|-damage|p2a: Dondozo|55\/100 slp\n|-resisted|p2a: Dondozo\n|-crit|p2a: Dondozo\n|-damage|p2a: Dondozo|45\/100 slp\n|-resisted|p2a: Dondozo\n|-crit|p2a: Dondozo\n|-damage|p2a: Dondozo|36\/100 slp\n|-hitcount|p2a: Dondozo|3\n|cant|p2a: Dondozo|slp\n|move|p1a: Amoonguss|Pollen Puff|p1b: Urshifu\n|-heal|p1b: Urshifu|92\/100 psn\n|\n|-heal|p2a: Dondozo|42\/100 slp|[from] item: Leftovers\n|-damage|p1b: Urshifu|80\/100 psn|[from] psn\n|upkeep\n|turn|10\n|\n|t:|1700967962\n|move|p1a: Amoonguss|Rage Powder|p1a: Amoonguss\n|-singleturn|p1a: Amoonguss|move: Rage Powder\n|move|p1b: Urshifu|Surging Strikes|p2a: Dondozo\n|-resisted|p2a: Dondozo\n|-crit|p2a: Dondozo\n|-damage|p2a: Dondozo|33\/100 slp\n|-resisted|p2a: Dondozo\n|-crit|p2a: Dondozo\n|-damage|p2a: Dondozo|23\/100 slp\n|-resisted|p2a: Dondozo\n|-crit|p2a: Dondozo\n|-damage|p2a: Dondozo|14\/100 slp\n|-hitcount|p2a: Dondozo|3\n|cant|p2a: Dondozo|slp\n|\n|-heal|p2a: Dondozo|20\/100 slp|[from] item: Leftovers\n|-damage|p1b: Urshifu|67\/100 psn|[from] psn\n|upkeep\n|turn|11\n|\n|t:|1700967984\n|move|p1b: Urshifu|Surging Strikes|p2a: Dondozo\n|-resisted|p2a: Dondozo\n|-crit|p2a: Dondozo\n|-damage|p2a: Dondozo|11\/100 slp\n|-resisted|p2a: Dondozo\n|-crit|p2a: Dondozo\n|-damage|p2a: Dondozo|2\/100 slp\n|-resisted|p2a: Dondozo\n|-crit|p2a: Dondozo\n|-damage|p2a: Dondozo|0 fnt\n|faint|p2a: Dondozo\n|-hitcount|p2: Dondozo|3\n|move|p1a: Amoonguss|Spore|p2b: Tatsugiri\n|-status|p2b: Tatsugiri|slp|[from] move: Spore\n|\n|-damage|p1b: Urshifu|55\/100 psn|[from] psn\n|upkeep\n|\n|t:|1700967987\n|switch|p2a: Glimmora|Glimmora, L50, M, shiny|38\/100\n|turn|12\n|inactive|Battle timer is ON: inactive players will automatically lose when time's up. (requested by BobbyBottleservice)\n|\n|t:|1700968006\n|-terastallize|p2a: Glimmora|Water\n|move|p1b: Urshifu|Surging Strikes|p2a: Glimmora\n|-resisted|p2a: Glimmora\n|-crit|p2a: Glimmora\n|-damage|p2a: Glimmora|17\/100\n|-activate|p2a: Glimmora|ability: Toxic Debris\n|-sidestart|p1: perceived slight|move: Toxic Spikes\n|-resisted|p2a: Glimmora\n|-crit|p2a: Glimmora\n|-damage|p2a: Glimmora|0 fnt\n|faint|p2a: Glimmora\n|-hitcount|p2: Glimmora|2\n|cant|p2b: Tatsugiri|slp\n|move|p1a: Amoonguss|Pollen Puff|p2b: Tatsugiri\n|-damage|p2b: Tatsugiri|80\/100 slp\n|\n|-damage|p1b: Urshifu|43\/100 psn|[from] psn\n|upkeep\n|turn|13\n|inactive|perceived slight has 30 seconds left.\n|\n|t:|1700968033\n|cant|p2b: Tatsugiri|slp\n|move|p1b: Urshifu|Surging Strikes|p2b: Tatsugiri\n|-resisted|p2b: Tatsugiri\n|-crit|p2b: Tatsugiri\n|-damage|p2b: Tatsugiri|67\/100 slp\n|-resisted|p2b: Tatsugiri\n|-crit|p2b: Tatsugiri\n|-damage|p2b: Tatsugiri|53\/100 slp\n|-resisted|p2b: Tatsugiri\n|-crit|p2b: Tatsugiri\n|-damage|p2b: Tatsugiri|40\/100 slp\n|-hitcount|p2b: Tatsugiri|3\n|move|p1a: Amoonguss|Pollen Puff|p2b: Tatsugiri\n|-damage|p2b: Tatsugiri|19\/100 slp\n|\n|-damage|p1b: Urshifu|30\/100 psn|[from] psn\n|upkeep\n|turn|14\n|\n|t:|1700968051\n|cant|p2b: Tatsugiri|slp\n|-activate|p1b: Urshifu|move: Struggle\n|move|p1b: Urshifu|Struggle|p2b: Tatsugiri\n|-damage|p2b: Tatsugiri|0 fnt\n|faint|p2b: Tatsugiri\n|-damage|p1b: Urshifu|5\/100 psn|[from] recoil\n|\n|win|perceived slight\n|raw|perceived slight's rating: 1542 &rarr; <strong>1567<\/strong><br \/>(+25 for winning)\n|raw|BobbyBottleservice's rating: 1636 &rarr; <strong>1611<\/strong><br \/>(-25 for losing)\n","uploadtime":1700968067,"views":18,"p1id":"perceivedslight","p2id":"bobbybottleservice","formatid":"gen9vgc2023regulatione","rating":1567,"private":0,"password":""}