{"id":"gen9vgc2023regulatione-1993280611","p1":"TheTalenAndersen","p2":"Datrevdo","format":"[Gen 9] VGC 2023 Regulation E","log":"|j|\u2606TheTalenAndersen\n|j|\u2606Datrevdo\n|n|\u2606TheTalenAndersen|thetalenandersen\n|n|\u2606Datrevdo|datrevdo\n|html|View the match progress at <a href=\"\/game-bestof3-gen9vgc2023regulatione-1993280610\">game-bestof3-gen9vgc2023regulatione-1993280610<\/a>\n|t:|1700289448\n|gametype|doubles\n|player|p1|TheTalenAndersen|acetrainer-gen4dp|\n|player|p2|Datrevdo|169|\n|teamsize|p1|6\n|teamsize|p2|6\n|gen|9\n|tier|[Gen 9] VGC 2023 Regulation E\n|rule|Species Clause: Limit one of each Pok\u00e9mon\n|rule|Item Clause: Limit one of each item\n|clearpoke\n|poke|p1|Rillaboom, L50, M|\n|poke|p1|Cresselia, L50, F|\n|poke|p1|Zapdos-Galar, L50|\n|poke|p1|Gallade, L50, M|\n|poke|p1|Vaporeon, L50, F|\n|poke|p1|Arcanine-Hisui, L50, M|\n|poke|p2|Iron Bundle, L50|\n|poke|p2|Furret, L50, F|\n|poke|p2|Armarouge, L50, M|\n|poke|p2|Indeedee, L50, M|\n|poke|p2|Garchomp, L50, F|\n|poke|p2|Hawlucha, L50, F|\n|teampreview|4\n|inactive|Battle timer is ON: inactive players will automatically lose when time's up. (requested by Datrevdo)\n|inactiveoff|Battle timer is now OFF.\n|c|\u2606Datrevdo|https:\/\/pokepast.es\/31fec1422e5c2483\n|c|\u2606TheTalenAndersen|https:\/\/pokepast.es\/10762b0c88c1e259\n|c|\u2606Datrevdo|game 1\n|c|\u2606Datrevdo|glhf!\n|c|\u2606TheTalenAndersen|glhf!\n|\n|t:|1700289535\n|start\n|switch|p1a: Fleetwood|Rillaboom, L50, M|100\/100\n|switch|p1b: Catha|Cresselia, L50, F, shiny|100\/100\n|switch|p2a: WAR CRIMINAL|Iron Bundle, L50|100\/100\n|switch|p2b: Armarouge|Armarouge, L50, M|100\/100\n|-fieldstart|move: Grassy Terrain|[from] ability: Grassy Surge|[of] p1a: Fleetwood\n|-enditem|p2a: WAR CRIMINAL|Booster Energy\n|-activate|p2a: WAR CRIMINAL|ability: Quark Drive|[fromitem]\n|-start|p2a: WAR CRIMINAL|quarkdrivespe\n|turn|1\n|\n|t:|1700289574\n|move|p2a: WAR CRIMINAL|Protect|p2a: WAR CRIMINAL\n|-singleturn|p2a: WAR CRIMINAL|Protect\n|move|p2b: Armarouge|Protect|p2b: Armarouge\n|-singleturn|p2b: Armarouge|Protect\n|move|p1a: Fleetwood|Grassy Glide|p2a: WAR CRIMINAL\n|-activate|p2a: WAR CRIMINAL|move: Protect\n|move|p1b: Catha|Trick Room|p1b: Catha\n|-fieldstart|move: Trick Room|[of] p1b: Catha\n|\n|upkeep\n|turn|2\n|\n|t:|1700289605\n|-end|p2a: WAR CRIMINAL|Quark Drive|[silent]\n|switch|p2a: Indeedee|Indeedee, L50, M|100\/100\n|-fieldstart|move: Psychic Terrain|[from] ability: Psychic Surge|[of] p2a: Indeedee\n|-terastallize|p1a: Fleetwood|Fire\n|-terastallize|p2b: Armarouge|Psychic\n|move|p1b: Catha|Moonblast|p2b: Armarouge\n|-damage|p2b: Armarouge|79\/100\n|move|p1a: Fleetwood|Grassy Glide|p2a: Indeedee\n|-damage|p2a: Indeedee|53\/100\n|move|p2b: Armarouge|Expanding Force|p1a: Fleetwood|[spread] p1a,p1b\n|-resisted|p1b: Catha\n|-damage|p1a: Fleetwood|42\/100\n|-damage|p1b: Catha|77\/100\n|\n|upkeep\n|turn|3\n|\n|t:|1700289642\n|move|p2b: Armarouge|Protect|p2b: Armarouge\n|-singleturn|p2b: Armarouge|Protect\n|move|p2a: Indeedee|Psyshock|p1a: Fleetwood\n|-damage|p1a: Fleetwood|0 fnt\n|faint|p1a: Fleetwood\n|move|p1b: Catha|Lunar Blessing|p1b: Catha\n|-heal|p1b: Catha|100\/100\n|\n|upkeep\n|\n|t:|1700289678\n|switch|p1a: Dream Girl|Vaporeon, L50, F, shiny|100\/100\n|turn|4\n|\n|t:|1700289709\n|move|p1a: Dream Girl|Ice Beam|p2b: Armarouge\n|-damage|p2b: Armarouge|48\/100\n|move|p2a: Indeedee|Psyshock|p1a: Dream Girl\n|-damage|p1a: Dream Girl|66\/100\n|move|p1b: Catha|Moonblast|p2a: Indeedee\n|-damage|p2a: Indeedee|35\/100\n|-unboost|p2a: Indeedee|spa|1\n|move|p2b: Armarouge|Expanding Force|p1a: Dream Girl|[spread] p1a,p1b\n|-resisted|p1b: Catha\n|-damage|p1a: Dream Girl|0 fnt\n|-damage|p1b: Catha|74\/100\n|faint|p1a: Dream Girl\n|\n|upkeep\n|\n|t:|1700289729\n|switch|p1a: Legend|Arcanine-Hisui, L50, M|100\/100\n|-ability|p1a: Legend|Intimidate|boost\n|-unboost|p2a: Indeedee|atk|1\n|-unboost|p2b: Armarouge|atk|1\n|turn|5\n|\n|t:|1700289754\n|move|p2b: Armarouge|Protect|p2b: Armarouge\n|-singleturn|p2b: Armarouge|Protect\n|move|p1a: Legend|Extreme Speed|p2a: Indeedee\n|-activate|p2a: Indeedee|move: Psychic Terrain\n|move|p2a: Indeedee|Psyshock|p1a: Legend\n|-damage|p1a: Legend|61\/100\n|move|p1b: Catha|Lunar Blessing|p1b: Catha|[spread] p1a,p1b\n|-heal|p1a: Legend|86\/100\n|-heal|p1b: Catha|99\/100\n|\n|-fieldend|move: Trick Room\n|upkeep\n|turn|6\n|\n|t:|1700289786\n|switch|p2b: Hawlucha|Hawlucha, L50, F|100\/100\n|-enditem|p2b: Hawlucha|Psychic Seed\n|-boost|p2b: Hawlucha|spd|1|[from] item: Psychic Seed\n|move|p1a: Legend|Extreme Speed|p2b: Hawlucha\n|-hint|Psychic Terrain doesn't affect Pok\u00e9mon immune to Ground.\n|-damage|p2b: Hawlucha|55\/100\n|move|p1b: Catha|Ice Beam|p2a: Indeedee\n|-damage|p2a: Indeedee|17\/100\n|move|p2a: Indeedee|Skill Swap|p1a: Legend\n|-activate|p2a: Indeedee|move: Skill Swap|Intimidate|Psychic Surge|[of] p1a: Legend\n|-ability|p2a: Indeedee|Intimidate|boost\n|-unboost|p1a: Legend|atk|1\n|-unboost|p1b: Catha|atk|1\n|\n|-fieldend|move: Psychic Terrain\n|upkeep\n|turn|7\n|\n|t:|1700289815\n|move|p2a: Indeedee|Helping Hand|p2b: Hawlucha\n|-singleturn|p2b: Hawlucha|Helping Hand|[of] p2a: Indeedee\n|move|p1a: Legend|Extreme Speed|p2a: Indeedee\n|-damage|p2a: Indeedee|0 fnt\n|faint|p2a: Indeedee\n|move|p2b: Hawlucha|Drain Punch|p1a: Legend\n|-supereffective|p1a: Legend\n|-damage|p1a: Legend|0 fnt\n|-heal|p2b: Hawlucha|96\/100|[from] drain|[of] p1a: Legend\n|faint|p1a: Legend\n|move|p1b: Catha|Ice Beam|p2b: Hawlucha\n|-supereffective|p2b: Hawlucha\n|-damage|p2b: Hawlucha|66\/100\n|\n|upkeep\n|\n|t:|1700289831\n|switch|p2a: WAR CRIMINAL|Iron Bundle, L50|100\/100\n|turn|8\n|\n|t:|1700289851\n|move|p2b: Hawlucha|Acrobatics|p1b: Catha\n|-damage|p1b: Catha|68\/100\n|move|p2a: WAR CRIMINAL|Hydro Pump|p1b: Catha\n|-crit|p1b: Catha\n|-damage|p1b: Catha|29\/100\n|move|p1b: Catha|Ice Beam|p2b: Hawlucha\n|-supereffective|p2b: Hawlucha\n|-damage|p2b: Hawlucha|37\/100\n|\n|upkeep\n|turn|9\n|\n|t:|1700289874\n|move|p2b: Hawlucha|Acrobatics|p1b: Catha\n|-damage|p1b: Catha|0 fnt\n|faint|p1b: Catha\n|\n|win|Datrevdo\n|c|&|\/uhtml prompt-datrevdo,Datrevdo is ready for game 2!\n|c|\u2606TheTalenAndersen|gg\n|inactive|TheTalenAndersen has 50 seconds to confirm battle start!\n|c|\u2606Datrevdo|gg!\n|inactive|TheTalenAndersen has 40 seconds to confirm battle start!\n|c|&|\/uhtml prompt-thetalenandersen,TheTalenAndersen is ready for game 2!\nBoth players are ready! Starting next match!\n","uploadtime":1700289979,"views":24,"p1id":"thetalenandersen","p2id":"datrevdo","formatid":"gen9vgc2023regulatione","rating":0,"private":0,"password":""}