{"id":"gen9vgc2023regulatione-1996744406","p1":"perceived slight","p2":"cooletsdewl","format":"[Gen 9] VGC 2023 Regulation E","log":"|j|\u2606perceived slight\n|j|\u2606cooletsdewl\n|t:|1700717924\n|gametype|doubles\n|player|p1|perceived slight|ninjaboy|1404\n|player|p2|cooletsdewl|clerkf|1417\n|teamsize|p1|6\n|teamsize|p2|6\n|gen|9\n|tier|[Gen 9] VGC 2023 Regulation E\n|rated|\n|rule|Species Clause: Limit one of each Pok\u00e9mon\n|rule|Item Clause: Limit one of each item\n|clearpoke\n|poke|p1|Regieleki, L50|\n|poke|p1|Corviknight, L50, M|\n|poke|p1|Amoonguss, L50, F|\n|poke|p1|Urshifu-*, L50, M|\n|poke|p1|Dragapult, L50, F|\n|poke|p1|Ting-Lu, L50|\n|poke|p2|Hatterene, L50, F|\n|poke|p2|Grimmsnarl, L50, M|\n|poke|p2|Iron Hands, L50|\n|poke|p2|Heatran, L50, M|\n|poke|p2|Farigiraf, L50, M|\n|poke|p2|Rillaboom, L50, M|\n|teampreview|4\n|inactive|Battle timer is ON: inactive players will automatically lose when time's up. (requested by cooletsdewl)\n|inactive|perceived slight has 60 seconds left.\n|\n|t:|1700717955\n|start\n|switch|p1a: Ting-Lu|Ting-Lu, L50|100\/100\n|switch|p1b: Dragapult|Dragapult, L50, F|100\/100\n|switch|p2a: Heatran|Heatran, L50, M|100\/100\n|switch|p2b: Hatterene|Hatterene, L50, F|100\/100\n|-ability|p1a: Ting-Lu|Vessel of Ruin\n|turn|1\n|inactive|cooletsdewl has 30 seconds left.\n|inactive|cooletsdewl has 20 seconds left.\n|\n|t:|1700717992\n|-terastallize|p2a: Heatran|Grass\n|-terastallize|p1a: Ting-Lu|Fire\n|move|p1b: Dragapult|Protect|p1b: Dragapult\n|-singleturn|p1b: Dragapult|Protect\n|move|p2a: Heatran|Tera Blast|p1a: Ting-Lu|[anim] Tera Blast Grass\n|-resisted|p1a: Ting-Lu\n|-damage|p1a: Ting-Lu|88\/100\n|move|p1a: Ting-Lu|Heavy Slam|p2b: Hatterene\n|-supereffective|p2b: Hatterene\n|-damage|p2b: Hatterene|11\/100\n|move|p2b: Hatterene|Trick Room|p2b: Hatterene\n|-fieldstart|move: Trick Room|[of] p2b: Hatterene\n|\n|upkeep\n|turn|2\n|inactive|perceived slight has 30 seconds left.\n|inactive|perceived slight has 20 seconds left.\n|\n|t:|1700718031\n|switch|p1b: Amoonguss|Amoonguss, L50, F|100\/100\n|move|p2b: Hatterene|Dazzling Gleam|p1b: Amoonguss|[spread] p1a,p1b\n|-resisted|p1a: Ting-Lu\n|-crit|p1a: Ting-Lu\n|-resisted|p1b: Amoonguss\n|-damage|p1a: Ting-Lu|71\/100\n|-damage|p1b: Amoonguss|89\/100\n|move|p1a: Ting-Lu|Heavy Slam|p2b: Hatterene\n|-supereffective|p2b: Hatterene\n|-damage|p2b: Hatterene|0 fnt\n|faint|p2b: Hatterene\n|move|p2a: Heatran|Earth Power|p1a: Ting-Lu\n|-supereffective|p1a: Ting-Lu\n|-damage|p1a: Ting-Lu|29\/100\n|-enditem|p1a: Ting-Lu|Sitrus Berry|[eat]\n|-heal|p1a: Ting-Lu|54\/100|[from] item: Sitrus Berry\n|\n|upkeep\n|\n|t:|1700718041\n|switch|p2b: Farigiraf|Farigiraf, L50, M|100\/100\n|turn|3\n|inactive|perceived slight has 30 seconds left.\n|\n|t:|1700718074\n|switch|p2b: Rillaboom|Rillaboom, L50, M|100\/100\n|-fieldstart|move: Grassy Terrain|[from] ability: Grassy Surge|[of] p2b: Rillaboom\n|move|p1a: Ting-Lu|Protect|p1a: Ting-Lu\n|-singleturn|p1a: Ting-Lu|Protect\n|move|p1b: Amoonguss|Spore|p2b: Rillaboom\n|-immune|p2b: Rillaboom\n|move|p2a: Heatran|Heat Wave|p1b: Amoonguss|[spread] p1b\n|-activate|p1a: Ting-Lu|move: Protect\n|-supereffective|p1b: Amoonguss\n|-damage|p1b: Amoonguss|34\/100\n|\n|-heal|p1b: Amoonguss|40\/100|[from] Grassy Terrain\n|-heal|p1a: Ting-Lu|60\/100|[from] Grassy Terrain\n|upkeep\n|turn|4\n|inactive|perceived slight has 30 seconds left.\n|\n|t:|1700718102\n|move|p1b: Amoonguss|Pollen Puff|p1a: Ting-Lu\n|-heal|p1a: Ting-Lu|100\/100\n|move|p1a: Ting-Lu|Heavy Slam|p2a: Heatran\n|-damage|p2a: Heatran|89\/100\n|move|p2b: Rillaboom|Stomping Tantrum|p1a: Ting-Lu\n|-supereffective|p1a: Ting-Lu\n|-damage|p1a: Ting-Lu|71\/100\n|move|p2a: Heatran|Heat Wave|p1a: Ting-Lu|[spread] p1a\n|-miss|p2a: Heatran|p1b: Amoonguss\n|-resisted|p1a: Ting-Lu\n|-damage|p1a: Ting-Lu|59\/100\n|\n|-heal|p1b: Amoonguss|46\/100|[from] Grassy Terrain\n|-heal|p1a: Ting-Lu|65\/100|[from] Grassy Terrain\n|-heal|p2a: Heatran|95\/100|[from] Grassy Terrain\n|upkeep\n|turn|5\n|inactive|perceived slight has 30 seconds left.\n|inactive|cooletsdewl has 30 seconds left.\n|inactive|cooletsdewl has 20 seconds left.\n|inactive|cooletsdewl has 15 seconds left.\n|inactive|cooletsdewl has 10 seconds left.\n|inactive|perceived slight has 20 seconds left.\n|inactive|perceived slight has 15 seconds left.\n|\n|t:|1700718162\n|switch|p1b: Dragapult|Dragapult, L50, F|100\/100\n|move|p1a: Ting-Lu|Heavy Slam|p2b: Rillaboom\n|-damage|p2b: Rillaboom|62\/100\n|move|p2b: Rillaboom|Stomping Tantrum|p1a: Ting-Lu\n|-supereffective|p1a: Ting-Lu\n|-damage|p1a: Ting-Lu|33\/100\n|move|p2a: Heatran|Heat Wave|p1a: Ting-Lu|[spread] p1a,p1b\n|-resisted|p1a: Ting-Lu\n|-resisted|p1b: Dragapult\n|-damage|p1a: Ting-Lu|21\/100\n|-damage|p1b: Dragapult|80\/100\n|\n|-heal|p1a: Ting-Lu|27\/100|[from] Grassy Terrain\n|-heal|p2b: Rillaboom|68\/100|[from] Grassy Terrain\n|-heal|p2b: Rillaboom|73\/100|[from] item: Leftovers\n|-heal|p2a: Heatran|100\/100|[from] Grassy Terrain\n|-heal|p1b: Dragapult|86\/100|[from] Grassy Terrain\n|-fieldend|move: Trick Room\n|upkeep\n|turn|6\n|inactive|perceived slight has 30 seconds left.\n|\n|t:|1700718189\n|move|p2a: Heatran|Protect|p2a: Heatran\n|-singleturn|p2a: Heatran|Protect\n|move|p1a: Ting-Lu|Protect|p1a: Ting-Lu\n|-singleturn|p1a: Ting-Lu|Protect\n|move|p1b: Dragapult|Will-O-Wisp|p2b: Rillaboom\n|-status|p2b: Rillaboom|brn\n|move|p2b: Rillaboom|Knock Off|p1b: Dragapult\n|-supereffective|p1b: Dragapult\n|-damage|p1b: Dragapult|40\/100\n|-enditem|p1b: Dragapult|Focus Sash|[from] move: Knock Off|[of] p2b: Rillaboom\n|\n|-heal|p1b: Dragapult|46\/100|[from] Grassy Terrain\n|-heal|p2b: Rillaboom|79\/100 brn|[from] Grassy Terrain\n|-heal|p2b: Rillaboom|85\/100 brn|[from] item: Leftovers\n|-heal|p1a: Ting-Lu|33\/100|[from] Grassy Terrain\n|-damage|p2b: Rillaboom|79\/100 brn|[from] brn\n|upkeep\n|turn|7\n|inactive|perceived slight has 30 seconds left.\n|inactive|cooletsdewl has 30 seconds left.\n|inactive|cooletsdewl has 20 seconds left.\n|inactive|cooletsdewl has 15 seconds left.\n|\n|t:|1700718234\n|switch|p1a: Urshifu|Urshifu-Rapid-Strike, L50, M|100\/100\n|move|p1b: Dragapult|Dragon Darts|p2a: Heatran\n|-damage|p2a: Heatran|81\/100\n|-anim|p1b: Dragapult|Dragon Darts|p2b: Rillaboom\n|-damage|p2b: Rillaboom|58\/100 brn\n|move|p2a: Heatran|Earth Power|p1a: Urshifu\n|-damage|p1a: Urshifu|53\/100\n|move|p2b: Rillaboom|Stomping Tantrum|p1a: Urshifu\n|-damage|p1a: Urshifu|40\/100\n|\n|-heal|p1a: Urshifu|45\/100|[from] Grassy Terrain\n|-heal|p1b: Dragapult|52\/100|[from] Grassy Terrain\n|-heal|p2a: Heatran|87\/100|[from] Grassy Terrain\n|-heal|p2b: Rillaboom|63\/100 brn|[from] Grassy Terrain\n|-heal|p2b: Rillaboom|69\/100 brn|[from] item: Leftovers\n|-damage|p2b: Rillaboom|63\/100 brn|[from] brn\n|-fieldend|move: Grassy Terrain\n|upkeep\n|turn|8\n|inactive|perceived slight has 30 seconds left.\n|\n|t:|1700718262\n|move|p1a: Urshifu|U-turn|p2a: Heatran\n|-supereffective|p2a: Heatran\n|-damage|p2a: Heatran|40\/100\n|-enditem|p2a: Heatran|Weakness Policy\n|-boost|p2a: Heatran|atk|2|[from] item: Weakness Policy\n|-boost|p2a: Heatran|spa|2|[from] item: Weakness Policy\n|\n|t:|1700718273\n|switch|p1a: Amoonguss|Amoonguss, L50, F|79\/100|[from] U-turn\n|move|p1b: Dragapult|Dragon Darts|p2a: Heatran\n|-damage|p2a: Heatran|19\/100\n|-anim|p1b: Dragapult|Dragon Darts|p2b: Rillaboom\n|-damage|p2b: Rillaboom|41\/100 brn\n|move|p2a: Heatran|Tera Blast|p1a: Amoonguss|[anim] Tera Blast Grass\n|-resisted|p1a: Amoonguss\n|-damage|p1a: Amoonguss|58\/100\n|move|p2b: Rillaboom|Wood Hammer|p1b: Dragapult\n|-resisted|p1b: Dragapult\n|-damage|p1b: Dragapult|31\/100\n|-damage|p2b: Rillaboom|35\/100 brn|[from] Recoil\n|\n|-heal|p2b: Rillaboom|41\/100 brn|[from] item: Leftovers\n|-damage|p2b: Rillaboom|35\/100 brn|[from] brn\n|upkeep\n|turn|9\n|j| yarcii\n|inactive|perceived slight has 30 seconds left.\n|inactive|cooletsdewl has 30 seconds left.\n|\n|t:|1700718303\n|move|p2a: Heatran|Protect|p2a: Heatran\n|-singleturn|p2a: Heatran|Protect\n|move|p1b: Dragapult|Dragon Darts|p2b: Rillaboom\n|-damage|p2b: Rillaboom|14\/100 brn\n|-anim|p1b: Dragapult|Dragon Darts|p2b: Rillaboom\n|-damage|p2b: Rillaboom|0 fnt\n|faint|p2b: Rillaboom\n|move|p1a: Amoonguss|Pollen Puff|p1b: Dragapult\n|-heal|p1b: Dragapult|80\/100\n|\n|upkeep\n|\n|t:|1700718309\n|switch|p2b: Farigiraf|Farigiraf, L50, M|100\/100\n|turn|10\n|\n|t:|1700718321\n|move|p1b: Dragapult|Dragon Darts|p2a: Heatran\n|-crit|p2a: Heatran\n|-damage|p2a: Heatran|0 fnt\n|-anim|p1b: Dragapult|Dragon Darts|p2b: Farigiraf\n|-damage|p2b: Farigiraf|79\/100\n|faint|p2a: Heatran\n|move|p1a: Amoonguss|Spore|p2b: Farigiraf\n|-status|p2b: Farigiraf|slp|[from] move: Spore\n|cant|p2b: Farigiraf|slp\n|\n|upkeep\n|turn|11\n|\n|t:|1700718334\n|move|p1b: Dragapult|Dragon Darts|p2b: Farigiraf\n|-damage|p2b: Farigiraf|56\/100 slp\n|-anim|p1b: Dragapult|Dragon Darts|p2b: Farigiraf\n|-damage|p2b: Farigiraf|32\/100 slp\n|move|p1a: Amoonguss|Pollen Puff|p2b: Farigiraf\n|-supereffective|p2b: Farigiraf\n|-damage|p2b: Farigiraf|0 fnt\n|faint|p2b: Farigiraf\n|\n|win|perceived slight\n|raw|perceived slight's rating: 1404 &rarr; <strong>1425<\/strong><br \/>(+21 for winning)\n|raw|cooletsdewl's rating: 1417 &rarr; <strong>1396<\/strong><br \/>(-21 for losing)\n|l|\u2606cooletsdewl\n","uploadtime":1700718347,"views":6,"p1id":"perceivedslight","p2id":"cooletsdewl","formatid":"gen9vgc2023regulatione","rating":1396,"private":0,"password":""}