{"id":"gen9vgc2023regulatione-1989993767","p1":"RandyDaRowlet","p2":"DegeneraVGC","format":"[Gen 9] VGC 2023 Regulation E","log":"|j|\u2606RandyDaRowlet\n|j|\u2606DegeneraVGC\n|t:|1699913464\n|gametype|doubles\n|player|p1|RandyDaRowlet|boarder|1068\n|player|p2|DegeneraVGC|266|1155\n|teamsize|p1|6\n|teamsize|p2|6\n|gen|9\n|tier|[Gen 9] VGC 2023 Regulation E\n|rated|\n|rule|Species Clause: Limit one of each Pok\u00e9mon\n|rule|Item Clause: Limit one of each item\n|clearpoke\n|poke|p1|Torkoal, L50, M|\n|poke|p1|Hatterene, L50, F|\n|poke|p1|Amoonguss, L50, F|\n|poke|p1|Armarouge, L50, M|\n|poke|p1|Skeledirge, L50, F|\n|poke|p1|Flutter Mane, L50|\n|poke|p2|Chien-Pao, L50|\n|poke|p2|Urshifu-*, L50, F|\n|poke|p2|Greninja-*, L50, F|\n|poke|p2|Arcanine-Hisui, L50, M|\n|poke|p2|Farigiraf, L50, M|\n|poke|p2|Decidueye, L50, M|\n|teampreview|4\n|\n|t:|1699913494\n|start\n|switch|p1a: Torkoal|Torkoal, L50, M|100\/100\n|switch|p1b: Hatterene|Hatterene, L50, F|100\/100\n|switch|p2a: Arcanine|Arcanine-Hisui, L50, M|100\/100\n|switch|p2b: Farigiraf|Farigiraf, L50, M|100\/100\n|-ability|p2a: Arcanine|Intimidate|boost\n|-unboost|p1a: Torkoal|atk|1\n|-unboost|p1b: Hatterene|atk|1\n|-weather|SunnyDay|[from] ability: Drought|[of] p1a: Torkoal\n|turn|1\n|\n|t:|1699913508\n|move|p2a: Arcanine|Rock Slide|p1a: Torkoal|[spread] p1a,p1b\n|-supereffective|p1a: Torkoal\n|-damage|p1a: Torkoal|38\/100\n|-damage|p1b: Hatterene|60\/100\n|move|p2b: Farigiraf|Imprison|p2b: Farigiraf\n|-start|p2b: Farigiraf|move: Imprison\n|cant|p1a: Torkoal|flinch\n|cant|p1b: Hatterene|move: Imprison|Trick Room\n|\n|-weather|SunnyDay|[upkeep]\n|upkeep\n|turn|2\n|\n|t:|1699913526\n|move|p2a: Arcanine|Rock Slide|p1b: Hatterene|[spread] p1a,p1b\n|-supereffective|p1a: Torkoal\n|-damage|p1a: Torkoal|0 fnt\n|-damage|p1b: Hatterene|20\/100\n|faint|p1a: Torkoal\n|move|p2b: Farigiraf|Hyper Voice|p1b: Hatterene\n|-crit|p1b: Hatterene\n|-damage|p1b: Hatterene|0 fnt\n|faint|p1b: Hatterene\n|\n|-weather|SunnyDay|[upkeep]\n|upkeep\n|\n|t:|1699913535\n|switch|p1b: Amoonguss|Amoonguss, L50, F, shiny|100\/100\n|switch|p1a: Skeledirge|Skeledirge, L50, F|100\/100\n|turn|3\n|\n|t:|1699913582\n|switch|p2a: Chien-Pao|Chien-Pao, L50|100\/100\n|-ability|p2a: Chien-Pao|Sword of Ruin\n|-terastallize|p1a: Skeledirge|Fire\n|move|p2b: Farigiraf|Protect|p2b: Farigiraf\n|-singleturn|p2b: Farigiraf|Protect\n|move|p1a: Skeledirge|Torch Song|p2b: Farigiraf\n|-activate|p2b: Farigiraf|move: Protect\n|move|p1b: Amoonguss|Toxic|p2a: Chien-Pao\n|-status|p2a: Chien-Pao|tox\n|\n|-weather|SunnyDay|[upkeep]\n|-damage|p2a: Chien-Pao|95\/100 tox|[from] psn\n|upkeep\n|turn|4\n|\n|t:|1699913608\n|move|p2a: Chien-Pao|Ice Spinner|p1b: Amoonguss\n|-supereffective|p1b: Amoonguss\n|-damage|p1b: Amoonguss|0 fnt\n|faint|p1b: Amoonguss\n|-damage|p2a: Chien-Pao|85\/100 tox|[from] item: Life Orb\n|move|p2b: Farigiraf|Hyper Voice|p1a: Skeledirge\n|-damage|p1a: Skeledirge|49\/100\n|move|p1a: Skeledirge|Torch Song|p2b: Farigiraf\n|-damage|p2b: Farigiraf|8\/100\n|-boost|p1a: Skeledirge|spa|1\n|-enditem|p2b: Farigiraf|Sitrus Berry|[eat]\n|-heal|p2b: Farigiraf|33\/100|[from] item: Sitrus Berry\n|-heal|p1a: Skeledirge|60\/100|[from] item: Shell Bell|[of] p2b: Farigiraf\n|\n|-weather|SunnyDay|[upkeep]\n|-damage|p2a: Chien-Pao|73\/100 tox|[from] psn\n|upkeep\n|turn|5\n|\n|t:|1699913635\n|move|p2a: Chien-Pao|Sucker Punch|p1a: Skeledirge\n|-damage|p1a: Skeledirge|7\/100\n|-damage|p2a: Chien-Pao|64\/100 tox|[from] item: Life Orb\n|move|p2b: Farigiraf|Hyper Voice|p1a: Skeledirge\n|-damage|p1a: Skeledirge|0 fnt\n|faint|p1a: Skeledirge\n|\n|win|DegeneraVGC\n|raw|RandyDaRowlet's rating: 1068 &rarr; <strong>1053<\/strong><br \/>(-15 for losing)\n|raw|DegeneraVGC's rating: 1155 &rarr; <strong>1174<\/strong><br \/>(+19 for winning)\n|l|\u2606RandyDaRowlet\n","uploadtime":1699913645,"views":13,"p1id":"randydarowlet","p2id":"degeneravgc","formatid":"gen9vgc2023regulatione","rating":1053,"private":0,"password":""}