{"id":"gen9vgc2023regulatione-1989234836","p1":"treymond765","p2":"wholesomeisland","format":"[Gen 9] VGC 2023 Regulation E","log":"|j|\u2606treymond765\n|j|\u2606wholesomeisland\n|t:|1699826357\n|gametype|doubles\n|player|p1|treymond765|101|1183\n|player|p2|wholesomeisland|102|1093\n|teamsize|p1|6\n|teamsize|p2|6\n|gen|9\n|tier|[Gen 9] VGC 2023 Regulation E\n|rated|\n|rule|Species Clause: Limit one of each Pok\u00e9mon\n|rule|Item Clause: Limit one of each item\n|clearpoke\n|poke|p1|Ogerpon, L50, F|\n|poke|p1|Kingambit, L50, F|\n|poke|p1|Goodra-Hisui, L50, F|\n|poke|p1|Sinistcha, L50|\n|poke|p1|Farigiraf, L50, F|\n|poke|p1|Arcanine-Hisui, L50, M|\n|poke|p2|Tornadus, L50, M|\n|poke|p2|Cresselia, L50, F|\n|poke|p2|Arcanine, L50, F|\n|poke|p2|Amoonguss, L50, F|\n|poke|p2|Garchomp, L50, F|\n|poke|p2|Iron Valiant, L50|\n|teampreview|4\n|inactive|Battle timer is ON: inactive players will automatically lose when time's up. (requested by wholesomeisland)\ntreymond765 rejected open team sheets.\n|inactive|treymond765 has 60 seconds left.\n|\n|t:|1699826397\n|start\n|switch|p1a: Goodra|Goodra-Hisui, L50, F|100\/100\n|switch|p1b: Ogerpon|Ogerpon, L50, F|100\/100\n|switch|p2a: Tornadus|Tornadus, L50, M, shiny|100\/100\n|switch|p2b: Cresselia|Cresselia, L50, F, shiny|100\/100\n|turn|1\n|\n|t:|1699826416\n|switch|p1b: Arcanine|Arcanine-Hisui, L50, M|100\/100\n|-ability|p1b: Arcanine|Intimidate|boost\n|-unboost|p2a: Tornadus|atk|1\n|-unboost|p2b: Cresselia|atk|1\n|move|p2a: Tornadus|Tailwind|p2a: Tornadus\n|-sidestart|p2: wholesomeisland|move: Tailwind\n|move|p2b: Cresselia|Calm Mind|p2b: Cresselia\n|-boost|p2b: Cresselia|spa|1\n|-boost|p2b: Cresselia|spd|1\n|move|p1a: Goodra|Flash Cannon|p2a: Tornadus\n|-damage|p2a: Tornadus|61\/100\n|\n|upkeep\n|turn|2\n|\n|t:|1699826434\n|move|p2a: Tornadus|Bleakwind Storm|p1a: Goodra|[spread] p1a,p1b\n|-resisted|p1a: Goodra\n|-resisted|p1b: Arcanine\n|-damage|p1a: Goodra|88\/100\n|-damage|p1b: Arcanine|78\/100\n|-unboost|p1b: Arcanine|spe|1\n|move|p2b: Cresselia|Dazzling Gleam|p1a: Goodra|[spread] p1a,p1b\n|-resisted|p1b: Arcanine\n|-damage|p1a: Goodra|72\/100\n|-damage|p1b: Arcanine|64\/100\n|move|p1b: Arcanine|Rock Slide|p2a: Tornadus|[spread] p2a,p2b\n|-supereffective|p2a: Tornadus\n|-crit|p2a: Tornadus\n|-damage|p2a: Tornadus|0 fnt\n|-damage|p2b: Cresselia|82\/100\n|faint|p2a: Tornadus\n|move|p1a: Goodra|Muddy Water|p2b: Cresselia\n|-damage|p2b: Cresselia|69\/100\n|\n|-heal|p2b: Cresselia|75\/100|[from] item: Leftovers\n|-heal|p1a: Goodra|78\/100|[from] item: Leftovers\n|upkeep\n|inactive|wholesomeisland has 30 seconds left.\n|\n|t:|1699826465\n|switch|p2a: Iron Valiant|Iron Valiant, L50|100\/100\n|turn|3\n|inactive|treymond765 has 30 seconds left.\n|inactive|treymond765 has 20 seconds left.\n|inactive|treymond765 has 15 seconds left.\n|\n|t:|1699826506\n|-terastallize|p1a: Goodra|Water\n|move|p2a: Iron Valiant|Close Combat|p1a: Goodra\n|-damage|p1a: Goodra|0 fnt\n|-unboost|p2a: Iron Valiant|def|1\n|-unboost|p2a: Iron Valiant|spd|1\n|faint|p1a: Goodra\n|move|p2b: Cresselia|Shadow Ball|p1b: Arcanine\n|-damage|p1b: Arcanine|29\/100\n|move|p1b: Arcanine|Will-O-Wisp|p2a: Iron Valiant\n|-status|p2a: Iron Valiant|brn\n|\n|-heal|p2b: Cresselia|82\/100|[from] item: Leftovers\n|-damage|p2a: Iron Valiant|94\/100 brn|[from] brn\n|upkeep\n|\n|t:|1699826524\n|switch|p1a: Ogerpon|Ogerpon, L50, F|100\/100\n|turn|4\n|inactive|wholesomeisland has 30 seconds left.\n|\n|t:|1699826552\n|move|p1b: Arcanine|Protect|p1b: Arcanine\n|-singleturn|p1b: Arcanine|Protect\n|move|p2a: Iron Valiant|Close Combat|p1b: Arcanine\n|-activate|p1b: Arcanine|move: Protect\n|move|p2b: Cresselia|Shadow Ball|p1a: Ogerpon\n|-damage|p1a: Ogerpon|65\/100\n|move|p1a: Ogerpon|Ivy Cudgel|p2a: Iron Valiant\n|-damage|p2a: Iron Valiant|2\/100 brn\n|\n|-heal|p2b: Cresselia|88\/100|[from] item: Leftovers\n|-damage|p2a: Iron Valiant|0 fnt|[from] brn\n|faint|p2a: Iron Valiant\n|-end|p2a: Iron Valiant|Quark Drive|[silent]\n|-sideend|p2: wholesomeisland|move: Tailwind\n|upkeep\n|\n|t:|1699826562\n|switch|p2a: Garchomp|Garchomp, L50, F|100\/100\n|turn|5\n|\n|t:|1699826582\n|move|p1a: Ogerpon|Follow Me|p1a: Ogerpon\n|-singleturn|p1a: Ogerpon|move: Follow Me\n|move|p2a: Garchomp|Earthquake|p1a: Ogerpon|[spread] p1a,p1b\n|-immune|p2b: Cresselia|[from] ability: Levitate\n|-resisted|p1a: Ogerpon\n|-supereffective|p1b: Arcanine\n|-damage|p1a: Ogerpon|38\/100\n|-damage|p1b: Arcanine|0 fnt\n|faint|p1b: Arcanine\n|move|p2b: Cresselia|Dazzling Gleam|p1a: Ogerpon\n|-damage|p1a: Ogerpon|2\/100\n|\n|-heal|p2b: Cresselia|94\/100|[from] item: Leftovers\n|upkeep\n|\n|t:|1699826593\n|switch|p1b: Kingambit|Kingambit, L50, F|100\/100\n|turn|6\n|\n|t:|1699826606\n|move|p1b: Kingambit|Sucker Punch|p2a: Garchomp\n|-damage|p2a: Garchomp|57\/100\n|-damage|p1b: Kingambit|88\/100|[from] ability: Rough Skin|[of] p2a: Garchomp\n|move|p1a: Ogerpon|Ivy Cudgel|p2a: Garchomp\n|-crit|p2a: Garchomp\n|-damage|p2a: Garchomp|0 fnt\n|faint|p2a: Garchomp\n|move|p2b: Cresselia|Dazzling Gleam|p1b: Kingambit|[spread] p1a,p1b\n|-damage|p1a: Ogerpon|0 fnt\n|-damage|p1b: Kingambit|68\/100\n|faint|p1a: Ogerpon\n|\n|-heal|p2b: Cresselia|99\/100|[from] item: Leftovers\n|upkeep\n|turn|7\n|\n|t:|1699826624\n|move|p2b: Cresselia|Dazzling Gleam|p1b: Kingambit\n|-damage|p1b: Kingambit|37\/100\n|move|p1b: Kingambit|Kowtow Cleave|p2b: Cresselia\n|-supereffective|p2b: Cresselia\n|-damage|p2b: Cresselia|23\/100\n|\n|-heal|p2b: Cresselia|29\/100|[from] item: Leftovers\n|upkeep\n|turn|8\n|inactive|wholesomeisland has 30 seconds left.\n|inactive|wholesomeisland has 20 seconds left.\n|inactive|wholesomeisland has 15 seconds left.\n|inactive|wholesomeisland has 10 seconds left.\n|\n|t:|1699826669\n|move|p1b: Kingambit|Sucker Punch|p2b: Cresselia\n|-supereffective|p2b: Cresselia\n|-damage|p2b: Cresselia|0 fnt\n|faint|p2b: Cresselia\n|\n|win|treymond765\n|raw|treymond765's rating: 1183 &rarr; <strong>1202<\/strong><br \/>(+19 for winning)\n|raw|wholesomeisland's rating: 1093 &rarr; <strong>1075<\/strong><br \/>(-18 for losing)\n","uploadtime":1699826677,"views":15,"p1id":"treymond765","p2id":"wholesomeisland","formatid":"gen9vgc2023regulatione","rating":1075,"private":0,"password":""}