{"id":"gen9vgc2023regulatione-1994200377","p1":"jrod7780","p2":"TreeDolphin","format":"[Gen 9] VGC 2023 Regulation E","log":"|j|\u2606jrod7780\n|j|\u2606TreeDolphin\n|n|\u2606jrod7780|jrod7780\n|n|\u2606TreeDolphin|treedolphin\n|html|View the match progress at <a href=\"\/game-bestof3-gen9vgc2023regulatione-1994200376\">game-bestof3-gen9vgc2023regulatione-1994200376<\/a>\n|t:|1700418196\n|gametype|doubles\n|player|p1|jrod7780|1|\n|player|p2|TreeDolphin|ingo|\n|teamsize|p1|6\n|teamsize|p2|6\n|gen|9\n|tier|[Gen 9] VGC 2023 Regulation E\n|rule|Species Clause: Limit one of each Pok\u00e9mon\n|rule|Item Clause: Limit one of each item\n|clearpoke\n|poke|p1|Tauros-Paldea-Blaze, L50, M|\n|poke|p1|Ogerpon, L50, F|\n|poke|p1|Ninetales-Alola, L50, M|\n|poke|p1|Landorus-Therian, L50, M|\n|poke|p1|Gallade, L50, M|\n|poke|p1|Vivillon-Fancy, L50, F|\n|poke|p2|Kommo-o, L50, F|\n|poke|p2|Volbeat, L50, M|\n|poke|p2|Tyranitar, L50, F|\n|poke|p2|Clefairy, L50, F|\n|poke|p2|Houndstone, L50, M|\n|poke|p2|Arcanine, L50, M|\n|teampreview|4\nTreeDolphin rejected open team sheets.\n|c|\u2606TreeDolphin|Glhf\n|c|\u2606jrod7780|cool with people watching this right?\n|c|\u2606TreeDolphin|https:\/\/pokepast.es\/200955d06bdba7d5\n|c|\u2606TreeDolphin|Yeah\n|c|\u2606jrod7780|https:\/\/pokepast.es\/eec22f073fb7ce04?fbclid=IwAR2LdbqWjWEkdN1cmbCpW5Cxm5y76glj59mB9LgnTmuNJbHgpULHR3GuQV0\n|j| Huxley187\n|j| Salivadora\n|c|\u2606TreeDolphin|Ogerpon Tera grass is a crazy pick ngl\n|c|\u2606TreeDolphin|i expected Tera steel\n|j| Raikia\n|l| Salivadora\n|c|\u2606jrod7780|who could have guess\n|j| JabsGR\n|c|\u2606TreeDolphin|Glhf\n|j| KeanuVGC\n|c| Huxley187|rooting for the person with a fire type intimidator\n|c| KeanuVGC|my students are gaming\n|\n|t:|1700418336\n|start\n|switch|p1a: Landorus|Landorus-Therian, L50, M|100\/100\n|switch|p1b: Ninetales|Ninetales-Alola, L50, M, shiny|100\/100\n|switch|p2a: Goat|Volbeat, L50, M|100\/100\n|switch|p2b: Kommo-o|Kommo-o, L50, F|100\/100\n|-weather|Snow|[from] ability: Snow Warning|[of] p1b: Ninetales\n|-ability|p1a: Landorus|Intimidate|boost\n|-unboost|p2a: Goat|atk|1\n|-unboost|p2b: Kommo-o|atk|1\n|turn|1\n|j| More Pao\n|\n|t:|1700418354\n|-terastallize|p1b: Ninetales|Flying\n|move|p2a: Goat|Rain Dance|p2a: Goat\n|-weather|RainDance\n|move|p1b: Ninetales|Howl|p1b: Ninetales|[spread] p1a,p1b\n|-boost|p1a: Landorus|atk|1\n|-boost|p1b: Ninetales|atk|1\n|-enditem|p1b: Ninetales|Throat Spray\n|-boost|p1b: Ninetales|spa|1|[from] item: Throat Spray\n|move|p1a: Landorus|Earthquake|p2b: Kommo-o|[spread] p2a,p2b\n|-immune|p1b: Ninetales\n|-resisted|p2a: Goat\n|-damage|p2a: Goat|47\/100\n|-damage|p2b: Kommo-o|41\/100\n|move|p2b: Kommo-o|Iron Defense|p2b: Kommo-o\n|-boost|p2b: Kommo-o|def|2\n|\n|-weather|RainDance|[upkeep]\n|-heal|p2b: Kommo-o|47\/100|[from] item: Leftovers\n|upkeep\n|turn|2\n|c| KeanuVGC|LMAO\n|c| Huxley187|huh\n|c| KeanuVGC|GOAT\n|\n|t:|1700418388\n|move|p2a: Goat|Tailwind|p2a: Goat\n|-sidestart|p2: TreeDolphin|move: Tailwind\n|move|p2b: Kommo-o|Body Press|p1a: Landorus\n|-resisted|p1a: Landorus\n|-damage|p1a: Landorus|56\/100\n|move|p1b: Ninetales|Moonblast|p2b: Kommo-o\n|-supereffective|p2b: Kommo-o\n|-damage|p2b: Kommo-o|0 fnt\n|faint|p2b: Kommo-o\n|move|p1a: Landorus|Earthquake|p2a: Goat|[spread] p2a\n|-immune|p1b: Ninetales\n|-resisted|p2a: Goat\n|-damage|p2a: Goat|0 fnt\n|faint|p2a: Goat\n|\n|-weather|RainDance|[upkeep]\n|upkeep\n|\n|t:|1700418396\n|switch|p2b: Houndstone|Houndstone, L50, M|100\/100\n|switch|p2a: Keanu|Tyranitar, L50, F|100\/100\n|-weather|Sandstorm|[from] ability: Sand Stream|[of] p2a: Keanu\n|turn|3\n|c| Huxley187|sorry to say it\n|c| Huxley187|but tree got outcooked\n|\n|t:|1700418420\n|switch|p1b: Ogerpon|Ogerpon, L50, F|100\/100\n|-terastallize|p2b: Houndstone|Ghost\n|move|p2b: Houndstone|Last Respects|p1a: Landorus\n|-damage|p1a: Landorus|0 fnt\n|faint|p1a: Landorus\n|move|p2a: Keanu|Rock Slide|p1b: Ogerpon\n|-damage|p1b: Ogerpon|63\/100\n|\n|-weather|Sandstorm|[upkeep]\n|-damage|p1b: Ogerpon|57\/100|[from] Sandstorm\n|upkeep\n|j| Salivadora\n|\n|t:|1700418431\n|switch|p1a: Ninetales|Ninetales-Alola, L50, M, shiny, tera:Flying|100\/100\n|-weather|Snow|[from] ability: Snow Warning|[of] p1a: Ninetales\n|turn|4\n|\n|t:|1700418445\n|move|p2b: Houndstone|Last Respects|p1b: Ogerpon\n|-damage|p1b: Ogerpon|0 fnt\n|faint|p1b: Ogerpon\n|move|p2a: Keanu|Rock Slide|p1a: Ninetales\n|-supereffective|p1a: Ninetales\n|-damage|p1a: Ninetales|24\/100\n|move|p1a: Ninetales|Aurora Veil|p1a: Ninetales\n|-sidestart|p1: jrod7780|move: Aurora Veil\n|\n|-weather|Snow|[upkeep]\n|upkeep\n|c| KeanuVGC|o\n|c| KeanuVGC|wait no\n|c| KeanuVGC|why no protect\n|\n|t:|1700418457\n|switch|p1b: Tauros|Tauros-Paldea-Blaze, L50, M|100\/100\n|-ability|p1b: Tauros|Intimidate|boost\n|-unboost|p2a: Keanu|atk|1\n|-unboost|p2b: Houndstone|atk|1\n|turn|5\n|\n|t:|1700418490\n|move|p1b: Tauros|Protect|p1b: Tauros\n|-singleturn|p1b: Tauros|Protect\n|move|p2b: Houndstone|Last Respects|p1b: Tauros\n|-activate|p1b: Tauros|move: Protect\n|move|p2a: Keanu|Rock Slide|p1a: Ninetales|[spread] p1a\n|-activate|p1b: Tauros|move: Protect\n|-supereffective|p1a: Ninetales\n|-damage|p1a: Ninetales|0 fnt\n|faint|p1a: Ninetales\n|\n|-weather|Snow|[upkeep]\n|-sideend|p2: TreeDolphin|move: Tailwind\n|upkeep\n|turn|6\n|\n|t:|1700418511\n|move|p2b: Houndstone|Last Respects|p1b: Tauros\n|-damage|p1b: Tauros|67\/100\n|move|p1b: Tauros|Close Combat|p2a: Keanu\n|-supereffective|p2a: Keanu\n|-damage|p2a: Keanu|0 fnt\n|-unboost|p1b: Tauros|def|1\n|-unboost|p1b: Tauros|spd|1\n|faint|p2a: Keanu\n|\n|-weather|Snow|[upkeep]\n|-heal|p1b: Tauros|73\/100|[from] item: Leftovers\n|upkeep\n|turn|7\n|\n|t:|1700418524\n|move|p2b: Houndstone|Last Respects|p1b: Tauros\n|-damage|p1b: Tauros|0 fnt\n|faint|p1b: Tauros\n|\n|win|TreeDolphin\n|c|\u2606TreeDolphin|Gg\n|c|&|\/uhtml prompt-treedolphin,TreeDolphin is ready for game 2!\n|inactive|jrod7780 has 50 seconds to confirm battle start!\n|c| Huxley187|nvm tree didnt get outcooked\n|inactive|jrod7780 has 40 seconds to confirm battle start!\n|c|&|\/uhtml prompt-jrod7780,jrod7780 is ready for game 2!\nBoth players are ready! Starting next match!\n|j| Darkbadger2606\n|l| Darkbadger2606\n|j| Darkbadger2606\n|l| Darkbadger2606\n|l| More Pao\n|l| Salivadora\n|j| Salivadora\n|l| Salivadora\n|l| KeanuVGC\n|j| KeanuVGC\n|j| Salivadora\n|l| KeanuVGC\n|l| Salivadora\n|l| Raikia\n|l|\u2606TreeDolphin\n|j|\u2606TreeDolphin\n|player|p2|TreeDolphin|ingo\n|l|\u2606TreeDolphin\n|player|p2|\n|j|\u2606TreeDolphin\n|player|p2|TreeDolphin|ingo\n","uploadtime":1700418552,"views":34,"p1id":"jrod7780","p2id":"treedolphin","formatid":"gen9vgc2023regulatione","rating":0,"private":0,"password":""}