{"id":"gen9vgc2023regulatione-1995823335","p1":"Nba is back","p2":"StarkHD","format":"[Gen 9] VGC 2023 Regulation E","log":"|j|\u2606Nba is back\n|j|\u2606StarkHD\n|t:|1700606660\n|gametype|doubles\n|player|p1|Nba is back|101|1441\n|player|p2|StarkHD|102|1485\n|teamsize|p1|6\n|teamsize|p2|6\n|gen|9\n|tier|[Gen 9] VGC 2023 Regulation E\n|rated|\n|rule|Species Clause: Limit one of each Pok\u00e9mon\n|rule|Item Clause: Limit one of each item\n|clearpoke\n|poke|p1|Tornadus, L50, M|\n|poke|p1|Ogerpon-Hearthflame, L50, F|\n|poke|p1|Landorus-Therian, L50, M|\n|poke|p1|Flutter Mane, L50|\n|poke|p1|Iron Hands, L50|\n|poke|p1|Farigiraf, L50, M|\n|poke|p2|Ninetales-Alola, L50, F|\n|poke|p2|Roaring Moon, L50|\n|poke|p2|Gholdengo, L50|\n|poke|p2|Heatran, L50, M|\n|poke|p2|Iron Hands, L50|\n|poke|p2|Ogerpon-Wellspring, L50, F|\n|teampreview|4\n|inactive|Battle timer is ON: inactive players will automatically lose when time's up. (requested by Nba is back)\n|\n|t:|1700606720\n|start\n|switch|p1a: Tornadus|Tornadus, L50, M|100\/100\n|switch|p1b: Landorus|Landorus-Therian, L50, M|100\/100\n|switch|p2a: Ogerpon|Ogerpon-Wellspring, L50, F|100\/100\n|switch|p2b: Roaring Moon|Roaring Moon, L50, shiny|100\/100\n|-ability|p1b: Landorus|Intimidate|boost\n|-unboost|p2a: Ogerpon|atk|1\n|-unboost|p2b: Roaring Moon|atk|1\n|-enditem|p2b: Roaring Moon|Booster Energy\n|-activate|p2b: Roaring Moon|ability: Protosynthesis|[fromitem]\n|-start|p2b: Roaring Moon|protosynthesisspe\n|turn|1\n|inactive|Nba is back has 30 seconds left.\n|inactive|Nba is back has 20 seconds left.\n|\n|t:|1700606758\n|move|p1a: Tornadus|Sunny Day|p1a: Tornadus\n|-weather|SunnyDay\n|move|p2b: Roaring Moon|Tailwind|p2b: Roaring Moon\n|-sidestart|p2: StarkHD|move: Tailwind\n|move|p2a: Ogerpon|Ivy Cudgel|p1b: Landorus|[anim] Ivy Cudgel Water\n|-supereffective|p1b: Landorus\n|-damage|p1b: Landorus|59\/100\n|move|p1b: Landorus|U-turn|p2b: Roaring Moon\n|-supereffective|p2b: Roaring Moon\n|-damage|p2b: Roaring Moon|50\/100\n|\n|t:|1700606767\n|switch|p1b: Flutter Mane|Flutter Mane, L50|100\/100|[from] U-turn\n|-activate|p1b: Flutter Mane|ability: Protosynthesis\n|-start|p1b: Flutter Mane|protosynthesisspa\n|\n|-weather|SunnyDay|[upkeep]\n|upkeep\n|turn|2\n|inactive|StarkHD has 30 seconds left.\n|\n|t:|1700606796\n|switch|p2a: Heatran|Heatran, L50, M|100\/100\n|move|p1a: Tornadus|Tailwind|p1a: Tornadus\n|-sidestart|p1: Nba is back|move: Tailwind\n|move|p2b: Roaring Moon|Knock Off|p1b: Flutter Mane\n|-crit|p1b: Flutter Mane\n|-damage|p1b: Flutter Mane|2\/100\n|-enditem|p1b: Flutter Mane|Choice Specs|[from] move: Knock Off|[of] p2b: Roaring Moon\n|move|p1b: Flutter Mane|Dazzling Gleam|p2a: Heatran|[spread] p2a,p2b\n|-resisted|p2a: Heatran\n|-supereffective|p2b: Roaring Moon\n|-damage|p2a: Heatran|92\/100\n|-damage|p2b: Roaring Moon|0 fnt\n|faint|p2b: Roaring Moon\n|-end|p2b: Roaring Moon|Protosynthesis|[silent]\n|\n|-weather|SunnyDay|[upkeep]\n|-heal|p2a: Heatran|98\/100|[from] item: Leftovers\n|upkeep\n|\n|t:|1700606812\n|switch|p2b: Iron Hands|Iron Hands, L50, shiny|100\/100\n|turn|3\n|\n|t:|1700606832\n|switch|p1a: Iron Hands|Iron Hands, L50|100\/100\n|-terastallize|p2a: Heatran|Fairy\n|move|p1b: Flutter Mane|Moonblast|p2b: Iron Hands\n|-supereffective|p2b: Iron Hands\n|-damage|p2b: Iron Hands|32\/100\n|move|p2a: Heatran|Heat Wave|p1a: Iron Hands|[spread] p1a,p1b\n|-damage|p1a: Iron Hands|64\/100\n|-damage|p1b: Flutter Mane|0 fnt\n|faint|p1b: Flutter Mane\n|-end|p1b: Flutter Mane|Protosynthesis|[silent]\n|move|p2b: Iron Hands|Wild Charge|p1a: Iron Hands\n|-resisted|p1a: Iron Hands\n|-damage|p1a: Iron Hands|48\/100\n|-damage|p2b: Iron Hands|28\/100|[from] Recoil\n|\n|-weather|SunnyDay|[upkeep]\n|-heal|p2a: Heatran|100\/100|[from] item: Leftovers\n|upkeep\n|\n|t:|1700606845\n|switch|p1b: Landorus|Landorus-Therian, L50, M|59\/100\n|-ability|p1b: Landorus|Intimidate|boost\n|-unboost|p2a: Heatran|atk|1\n|-unboost|p2b: Iron Hands|atk|1\n|turn|4\n|\n|t:|1700606861\n|-end|p2b: Iron Hands|Quark Drive|[silent]\n|switch|p2b: Ogerpon|Ogerpon-Wellspring, L50, F|100\/100\n|-terastallize|p1b: Landorus|Flying\n|move|p1b: Landorus|Tera Blast|p2a: Heatran|[anim] Tera Blast Flying\n|-crit|p2a: Heatran\n|-damage|p2a: Heatran|16\/100\n|move|p2a: Heatran|Heat Wave|p1b: Landorus|[spread] p1b\n|-miss|p2a: Heatran|p1a: Iron Hands\n|-damage|p1b: Landorus|0 fnt\n|faint|p1b: Landorus\n|move|p1a: Iron Hands|Heavy Slam|p2a: Heatran\n|-supereffective|p2a: Heatran\n|-damage|p2a: Heatran|0 fnt\n|faint|p2a: Heatran\n|\n|-weather|SunnyDay|[upkeep]\n|-sideend|p2: StarkHD|move: Tailwind\n|upkeep\n|\n|t:|1700606879\n|switch|p1b: Tornadus|Tornadus, L50, M|100\/100\n|switch|p2a: Iron Hands|Iron Hands, L50, shiny|28\/100\n|turn|5\n|\n|t:|1700606892\n|move|p2a: Iron Hands|Fake Out|p1a: Iron Hands\n|-damage|p1a: Iron Hands|39\/100\n|move|p1b: Tornadus|Bleakwind Storm|p2b: Ogerpon|[spread] p2a\n|-miss|p1b: Tornadus|p2b: Ogerpon\n|-damage|p2a: Iron Hands|9\/100\n|-unboost|p2a: Iron Hands|spe|1\n|move|p2b: Ogerpon|Horn Leech|p1a: Iron Hands\n|-damage|p1a: Iron Hands|6\/100\n|cant|p1a: Iron Hands|flinch\n|\n|-weather|none\n|-sideend|p1: Nba is back|move: Tailwind\n|upkeep\n|turn|6\n|\n|t:|1700606907\n|move|p2b: Ogerpon|Spiky Shield|p2b: Ogerpon\n|-singleturn|p2b: Ogerpon|move: Protect\n|move|p1b: Tornadus|Bleakwind Storm|p2a: Iron Hands|[spread] \n|-activate|p2b: Ogerpon|move: Protect\n|-miss|p1b: Tornadus|p2a: Iron Hands\n|move|p1a: Iron Hands|Drain Punch|p2a: Iron Hands\n|-damage|p2a: Iron Hands|0 fnt\n|-heal|p1a: Iron Hands|10\/100|[from] drain|[of] p2a: Iron Hands\n|faint|p2a: Iron Hands\n|-end|p2a: Iron Hands|Quark Drive|[silent]\n|\n|upkeep\n|turn|7\n|\n|t:|1700606928\n|move|p2b: Ogerpon|Horn Leech|p1a: Iron Hands\n|-damage|p1a: Iron Hands|0 fnt\n|faint|p1a: Iron Hands\n|-end|p1a: Iron Hands|Quark Drive|[silent]\n|move|p1b: Tornadus|Bleakwind Storm|p2b: Ogerpon\n|-supereffective|p2b: Ogerpon\n|-damage|p2b: Ogerpon|1\/100\n|\n|upkeep\n|turn|8\n|\n|t:|1700606940\n|move|p2b: Ogerpon|Ivy Cudgel|p1b: Tornadus|[anim] Ivy Cudgel Water\n|-damage|p1b: Tornadus|42\/100\n|move|p1b: Tornadus|Bleakwind Storm|p2b: Ogerpon\n|-supereffective|p2b: Ogerpon\n|-damage|p2b: Ogerpon|0 fnt\n|faint|p2b: Ogerpon\n|\n|win|Nba is back\n|raw|Nba is back's rating: 1441 &rarr; <strong>1464<\/strong><br \/>(+23 for winning)\n|raw|StarkHD's rating: 1485 &rarr; <strong>1462<\/strong><br \/>(-23 for losing)\n|l|\u2606Nba is back\n","uploadtime":1700606956,"views":7,"p1id":"nbaisback","p2id":"starkhd","formatid":"gen9vgc2023regulatione","rating":1462,"private":0,"password":""}