{"id":"gen9vgc2023regulatione-1988994075","p1":"twall255","p2":"Jinthewindmaster","format":"[Gen 9] VGC 2023 Regulation E","log":"|j|\u2606twall255\n|j|\u2606Jinthewindmaster\n|t:|1699799713\n|gametype|doubles\n|player|p1|twall255|101|1101\n|player|p2|Jinthewindmaster|bruno|1171\n|teamsize|p1|6\n|teamsize|p2|6\n|gen|9\n|tier|[Gen 9] VGC 2023 Regulation E\n|rated|\n|rule|Species Clause: Limit one of each Pok\u00e9mon\n|rule|Item Clause: Limit one of each item\n|clearpoke\n|poke|p1|Politoed, L50, M|\n|poke|p1|Florges-White, L50, F|\n|poke|p1|Urshifu-*, L50, M|\n|poke|p1|Gothitelle, L50, M|\n|poke|p1|Thundurus-Therian, L50, M|\n|poke|p1|Dudunsparce-*, L50, F|\n|poke|p2|Indeedee, L50, M|\n|poke|p2|Armarouge, L50, F|\n|poke|p2|Amoonguss, L50, M|\n|poke|p2|Iron Hands, L50|\n|poke|p2|Tornadus, L50, M|\n|poke|p2|Urshifu-*, L50, F|\n|teampreview|4\n|inactive|Battle timer is ON: inactive players will automatically lose when time's up. (requested by twall255)\n|inactive|twall255 has 60 seconds left.\n|inactive|Jinthewindmaster has 60 seconds left.\n|\n|t:|1699799766\n|start\n|switch|p1a: Gothitelle|Gothitelle, L50, M|100\/100\n|switch|p1b: Dudunsparce|Dudunsparce-Three-Segment, L50, F|100\/100\n|switch|p2a: Amoonguss|Amoonguss, L50, M, shiny|100\/100\n|switch|p2b: Iron Hands|Iron Hands, L50, shiny|100\/100\n|turn|1\n|inactive|twall255 has 30 seconds left.\n|\n|t:|1699799792\n|-terastallize|p1b: Dudunsparce|Poison\n|move|p1a: Gothitelle|Gravity|p1a: Gothitelle\n|-fieldstart|move: Gravity\n|move|p1b: Dudunsparce|Coil|p1b: Dudunsparce\n|-boost|p1b: Dudunsparce|atk|1\n|-boost|p1b: Dudunsparce|def|1\n|-boost|p1b: Dudunsparce|accuracy|1\n|move|p2b: Iron Hands|Swords Dance|p2b: Iron Hands\n|-boost|p2b: Iron Hands|atk|2\n|move|p2a: Amoonguss|Spore|p1b: Dudunsparce\n|-status|p1b: Dudunsparce|slp|[from] move: Spore\n|\n|upkeep\n|turn|2\n|inactive|Jinthewindmaster has 30 seconds left.\n|\n|t:|1699799820\n|-terastallize|p2a: Amoonguss|Fire\n|move|p1a: Gothitelle|Hypnosis|p2a: Amoonguss\n|-status|p2a: Amoonguss|slp|[from] move: Hypnosis\n|cant|p1b: Dudunsparce|slp\n|move|p2b: Iron Hands|Swords Dance|p2b: Iron Hands\n|-boost|p2b: Iron Hands|atk|2\n|cant|p2a: Amoonguss|slp\n|\n|upkeep\n|turn|3\n|\n|t:|1699799837\n|move|p2b: Iron Hands|Detect|p2b: Iron Hands\n|-singleturn|p2b: Iron Hands|Protect\n|move|p1a: Gothitelle|Hypnosis|p2b: Iron Hands\n|-activate|p2b: Iron Hands|move: Protect\n|cant|p1b: Dudunsparce|slp\n|cant|p2a: Amoonguss|slp\n|\n|upkeep\n|turn|4\n|\n|t:|1699799860\n|move|p2b: Iron Hands|Detect||[still]\n|-fail|p2b: Iron Hands\n|move|p1a: Gothitelle|Hypnosis|p2b: Iron Hands\n|-status|p2b: Iron Hands|slp|[from] move: Hypnosis\n|cant|p1b: Dudunsparce|slp\n|-curestatus|p2a: Amoonguss|slp|[msg]\n|move|p2a: Amoonguss|Spore|p1a: Gothitelle\n|-status|p1a: Gothitelle|slp|[from] move: Spore\n|\n|upkeep\n|turn|5\n|\n|t:|1699799884\n|cant|p2b: Iron Hands|slp\n|cant|p1a: Gothitelle|slp\n|-curestatus|p1b: Dudunsparce|slp|[msg]\n|move|p1b: Dudunsparce|Baton Pass|p1b: Dudunsparce\n|\n|t:|1699799891\n|switch|p1b: Politoed|Politoed, L50, M|100\/100|[from] Baton Pass\n|-weather|RainDance|[from] ability: Drizzle|[of] p1b: Politoed\n|move|p2a: Amoonguss|Spore|p1b: Politoed\n|-status|p1b: Politoed|slp|[from] move: Spore\n|\n|-weather|RainDance|[upkeep]\n|-fieldend|move: Gravity\n|upkeep\n|turn|6\n|\n|t:|1699799906\n|cant|p1b: Politoed|slp\n|cant|p1a: Gothitelle|slp\n|cant|p2b: Iron Hands|slp\n|move|p2a: Amoonguss|Pollen Puff|p1a: Gothitelle\n|-supereffective|p1a: Gothitelle\n|-damage|p1a: Gothitelle|72\/100 slp\n|-enditem|p1a: Gothitelle|Weakness Policy\n|-boost|p1a: Gothitelle|atk|2|[from] item: Weakness Policy\n|-boost|p1a: Gothitelle|spa|2|[from] item: Weakness Policy\n|\n|-weather|RainDance|[upkeep]\n|upkeep\n|turn|7\n|\n|t:|1699799930\n|cant|p1b: Politoed|slp\n|-curestatus|p1a: Gothitelle|slp|[msg]\n|move|p1a: Gothitelle|Future Sight|p2b: Iron Hands\n|-start|p1a: Gothitelle|move: Future Sight\n|-curestatus|p2b: Iron Hands|slp|[msg]\n|move|p2b: Iron Hands|Drain Punch|p1b: Politoed\n|-damage|p1b: Politoed|18\/100 slp\n|move|p2a: Amoonguss|Pollen Puff|p1a: Gothitelle\n|-supereffective|p1a: Gothitelle\n|-damage|p1a: Gothitelle|46\/100\n|\n|-weather|RainDance|[upkeep]\n|-heal|p1b: Politoed|24\/100 slp|[from] item: Leftovers\n|upkeep\n|turn|8\n|inactive|twall255 has 30 seconds left.\n|inactive|Jinthewindmaster has 30 seconds left.\n|\n|t:|1699799963\n|move|p2a: Amoonguss|Rage Powder|p2a: Amoonguss\n|-singleturn|p2a: Amoonguss|move: Rage Powder\n|cant|p1b: Politoed|slp\n|move|p1a: Gothitelle|Hypnosis|p2a: Amoonguss|[miss]\n|-miss|p1a: Gothitelle|p2a: Amoonguss\n|move|p2b: Iron Hands|Ice Punch|p1a: Gothitelle\n|-damage|p1a: Gothitelle|0 fnt\n|faint|p1a: Gothitelle\n|\n|-weather|RainDance|[upkeep]\n|-heal|p1b: Politoed|30\/100 slp|[from] item: Leftovers\n|upkeep\n|\n|t:|1699799979\n|switch|p1a: Thundurus|Thundurus-Therian, L50, M|100\/100\n|turn|9\n|inactive|Jinthewindmaster has 30 seconds left.\n|\n|t:|1699800010\n|-end|p2b: Iron Hands|Quark Drive|[silent]\n|switch|p2b: Indeedee|Indeedee, L50, M|100\/100\n|-fieldstart|move: Psychic Terrain|[from] ability: Psychic Surge|[of] p2b: Indeedee\n|move|p1a: Thundurus|Wildbolt Storm|p2a: Amoonguss|[spread] p2a,p2b\n|-damage|p2a: Amoonguss|67\/100\n|-damage|p2b: Indeedee|38\/100\n|-curestatus|p1b: Politoed|slp|[msg]\n|move|p1b: Politoed|Hydro Pump|p2a: Amoonguss\n|-supereffective|p2a: Amoonguss\n|-damage|p2a: Amoonguss|0 fnt\n|faint|p2a: Amoonguss\n|\n|-weather|none\n|-end|p2b: Indeedee|move: Future Sight\n|-resisted|p2b: Indeedee\n|-damage|p2b: Indeedee|2\/100\n|-heal|p1b: Politoed|36\/100|[from] item: Leftovers\n|upkeep\n|\n|t:|1699800028\n|switch|p2a: Armarouge|Armarouge, L50, F, shiny|100\/100\n|turn|10\n|\n|t:|1699800038\n|move|p1a: Thundurus|Wildbolt Storm|p2a: Armarouge|[spread] p2a\n|-miss|p1a: Thundurus|p2b: Indeedee\n|-damage|p2a: Armarouge|52\/100\n|move|p2b: Indeedee|After You|p2a: Armarouge\n|-activate|p2a: Armarouge|move: After You\n|move|p2a: Armarouge|Expanding Force|p1a: Thundurus|[spread] p1a,p1b\n|-damage|p1a: Thundurus|0 fnt\n|-damage|p1b: Politoed|0 fnt\n|faint|p1a: Thundurus\n|faint|p1b: Politoed\n|-damage|p2a: Armarouge|42\/100|[from] item: Life Orb\n|\n|upkeep\n|\n|t:|1699800051\n|switch|p1b: Dudunsparce|Dudunsparce-Three-Segment, L50, F, tera:Poison|100\/100\n|turn|11\n|\n|t:|1699800063\n|move|p2b: Indeedee|After You|p2a: Armarouge\n|-activate|p2a: Armarouge|move: After You\n|move|p2a: Armarouge|Expanding Force|p1b: Dudunsparce\n|-supereffective|p1b: Dudunsparce\n|-damage|p1b: Dudunsparce|0 fnt\n|faint|p1b: Dudunsparce\n|-damage|p2a: Armarouge|32\/100|[from] item: Life Orb\n|\n|win|Jinthewindmaster\n|raw|twall255's rating: 1101 &rarr; <strong>1081<\/strong><br \/>(-20 for losing)\n|raw|Jinthewindmaster's rating: 1171 &rarr; <strong>1191<\/strong><br \/>(+20 for winning)\n|l|\u2606twall255\n","uploadtime":1699800072,"views":13,"p1id":"twall255","p2id":"jinthewindmaster","formatid":"gen9vgc2023regulatione","rating":1081,"private":0,"password":""}