{"id":"gen9vgc2023regulatione-1989413988","p1":"gen8reallysucks","p2":"MangledGalah","format":"[Gen 9] VGC 2023 Regulation E","log":"|j|\u2606gen8reallysucks\n|j|\u2606MangledGalah\n|t:|1699847130\n|gametype|doubles\n|player|p1|gen8reallysucks|n|1398\n|player|p2|MangledGalah|linebacker|1447\n|teamsize|p1|6\n|teamsize|p2|6\n|gen|9\n|tier|[Gen 9] VGC 2023 Regulation E\n|rated|\n|rule|Species Clause: Limit one of each Pok\u00e9mon\n|rule|Item Clause: Limit one of each item\n|clearpoke\n|poke|p1|Wo-Chien, L50|\n|poke|p1|Heatran, L50, M|\n|poke|p1|Ogerpon-Wellspring, L50, F|\n|poke|p1|Flutter Mane, L50|\n|poke|p1|Cresselia, L50, F|\n|poke|p1|Roaring Moon, L50|\n|poke|p2|Regidrago, L50|\n|poke|p2|Meowscarada, L50, M|\n|poke|p2|Armarouge, L50, M|\n|poke|p2|Indeedee-F, L50, F|\n|poke|p2|Ursaluna, L50, M|\n|poke|p2|Cresselia, L50, F|\n|teampreview|4\n|inactive|Battle timer is ON: inactive players will automatically lose when time's up. (requested by MangledGalah)\n|\n|t:|1699847152\n|start\n|switch|p1a: The Ghost|Flutter Mane, L50|100\/100\n|switch|p1b: The Titan|Roaring Moon, L50|100\/100\n|switch|p2a: Meowscarada|Meowscarada, L50, M, shiny|100\/100\n|switch|p2b: Armarouge|Armarouge, L50, M, shiny|100\/100\n|-enditem|p1b: The Titan|Booster Energy\n|-activate|p1b: The Titan|ability: Protosynthesis|[fromitem]\n|-start|p1b: The Titan|protosynthesisspe\n|turn|1\n|\n|t:|1699847168\n|switch|p2b: Indeedee|Indeedee-F, L50, F, shiny|100\/100\n|-fieldstart|move: Psychic Terrain|[from] ability: Psychic Surge|[of] p2b: Indeedee\n|move|p1b: The Titan|Knock Off|p2b: Indeedee\n|-supereffective|p2b: Indeedee\n|-damage|p2b: Indeedee|0 fnt\n|-damage|p1b: The Titan|84\/100|[from] item: Rocky Helmet|[of] p2b: Indeedee\n|-enditem|p2b: Indeedee|Rocky Helmet|[from] move: Knock Off|[of] p1b: The Titan\n|faint|p2b: Indeedee\n|move|p1a: The Ghost|Moonblast|p2a: Meowscarada\n|-supereffective|p2a: Meowscarada\n|-crit|p2a: Meowscarada\n|-enditem|p2a: Meowscarada|Focus Sash\n|-damage|p2a: Meowscarada|1\/100\n|move|p2a: Meowscarada|Trick Room|p2a: Meowscarada\n|-fieldstart|move: Trick Room|[of] p2a: Meowscarada\n|\n|upkeep\n|\n|t:|1699847175\n|switch|p2b: Armarouge|Armarouge, L50, M, shiny|100\/100\n|turn|2\n|\n|t:|1699847188\n|-end|p1a: The Ghost|Protosynthesis|[silent]\n|switch|p1a: The Chef|Cresselia, L50, F|100\/100\n|move|p1b: The Titan|Protect|p1b: The Titan\n|-singleturn|p1b: The Titan|Protect\n|move|p2b: Armarouge|Heat Wave|p1b: The Titan|[spread] p1a\n|-activate|p1b: The Titan|move: Protect\n|-damage|p1a: The Chef|83\/100\n|move|p2a: Meowscarada|Flower Trick|p1a: The Chef\n|-crit|p1a: The Chef\n|-damage|p1a: The Chef|35\/100\n|\n|upkeep\n|turn|3\n|j| PcistaMasterRace\n|\n|t:|1699847208\n|move|p1a: The Chef|Lunar Blessing|p1a: The Chef|[spread] p1a,p1b\n|-heal|p1a: The Chef|60\/100\n|-heal|p1b: The Titan|100\/100\n|move|p2b: Armarouge|Heat Wave|p1a: The Chef|[spread] p1a,p1b\n|-resisted|p1b: The Titan\n|-damage|p1a: The Chef|43\/100\n|-damage|p1b: The Titan|87\/100\n|-status|p1a: The Chef|brn\n|-status|p1b: The Titan|brn\n|move|p2a: Meowscarada|Knock Off|p1a: The Chef\n|-supereffective|p1a: The Chef\n|-damage|p1a: The Chef|0 fnt\n|-enditem|p1a: The Chef|Mental Herb|[from] move: Knock Off|[of] p2a: Meowscarada\n|faint|p1a: The Chef\n|move|p1b: The Titan|Knock Off|p2b: Armarouge\n|-supereffective|p2b: Armarouge\n|-damage|p2b: Armarouge|51\/100\n|-ability|p2b: Armarouge|Weak Armor|boost\n|-unboost|p2b: Armarouge|def|1\n|-boost|p2b: Armarouge|spe|2\n|-enditem|p2b: Armarouge|Weakness Policy\n|-boost|p2b: Armarouge|atk|2|[from] item: Weakness Policy\n|-boost|p2b: Armarouge|spa|2|[from] item: Weakness Policy\n|\n|-damage|p1b: The Titan|81\/100 brn|[from] brn\n|upkeep\n|\n|t:|1699847223\n|switch|p1a: The Prince|Heatran, L50, M|100\/100\n|turn|4\n|\n|t:|1699847230\n|move|p2b: Armarouge|Protect|p2b: Armarouge\n|-singleturn|p2b: Armarouge|Protect\n|move|p1a: The Prince|Earth Power|p2b: Armarouge\n|-activate|p2b: Armarouge|move: Protect\n|move|p1b: The Titan|Acrobatics|p2a: Meowscarada\n|-supereffective|p2a: Meowscarada\n|-damage|p2a: Meowscarada|0 fnt\n|faint|p2a: Meowscarada\n|\n|-damage|p1b: The Titan|75\/100 brn|[from] brn\n|upkeep\n|\n|t:|1699847232\n|switch|p2a: Regidrago|Regidrago, L50, shiny|100\/100\n|turn|5\n|\n|t:|1699847242\n|move|p2a: Regidrago|Earth Power|p1a: The Prince\n|-supereffective|p1a: The Prince\n|-damage|p1a: The Prince|9\/100\n|move|p1a: The Prince|Earth Power|p2b: Armarouge\n|-supereffective|p2b: Armarouge\n|-damage|p2b: Armarouge|0 fnt\n|faint|p2b: Armarouge\n|move|p1b: The Titan|Knock Off|p2a: Regidrago\n|-damage|p2a: Regidrago|75\/100\n|-enditem|p2a: Regidrago|Leftovers|[from] move: Knock Off|[of] p1b: The Titan\n|\n|-damage|p1b: The Titan|69\/100 brn|[from] brn\n|-fieldend|move: Trick Room\n|-fieldend|move: Psychic Terrain\n|upkeep\n|turn|6\n|-message|MangledGalah forfeited.\n|\n|win|gen8reallysucks\n|raw|gen8reallysucks's rating: 1398 &rarr; <strong>1421<\/strong><br \/>(+23 for winning)\n|raw|MangledGalah's rating: 1447 &rarr; <strong>1424<\/strong><br \/>(-23 for losing)\n|l|\u2606MangledGalah\n|l|\u2606gen8reallysucks\n","uploadtime":1699847679,"views":17,"p1id":"gen8reallysucks","p2id":"mangledgalah","formatid":"gen9vgc2023regulatione","rating":1421,"private":0,"password":""}