{"id":"gen9vgc2023regulatione-2000016750","p1":"hsiung1000","p2":"BowDog!","format":"[Gen 9] VGC 2023 Regulation E","log":"|j|\u2606hsiung1000\n|j|\u2606BowDog!\n|t:|1701141607\n|gametype|doubles\n|player|p1|hsiung1000|170|1154\n|player|p2|BowDog!|winona|1203\n|teamsize|p1|6\n|teamsize|p2|6\n|gen|9\n|tier|[Gen 9] VGC 2023 Regulation E\n|rated|\n|rule|Species Clause: Limit one of each Pok\u00e9mon\n|rule|Item Clause: Limit one of each item\n|clearpoke\n|poke|p1|Medicham, L50, M|\n|poke|p1|Baxcalibur, L50, F|\n|poke|p1|Pelipper, L50, F|\n|poke|p1|Samurott-Hisui, L50, F|\n|poke|p1|Dugtrio, L50, M|\n|poke|p1|Amoonguss, L50, F|\n|poke|p2|Regidrago, L50|\n|poke|p2|Indeedee-F, L50, F|\n|poke|p2|Armarouge, L50, F|\n|poke|p2|Ursaluna, L50, F|\n|poke|p2|Torkoal, L50, F|\n|poke|p2|Lilligant-Hisui, L50, F|\n|teampreview|4\n|inactive|Battle timer is ON: inactive players will automatically lose when time's up. (requested by hsiung1000)\n|inactive|BowDog! has 60 seconds left.\n|\n|t:|1701141640\n|start\n|switch|p1a: Baxcalibur|Baxcalibur, L50, F|100\/100\n|switch|p1b: Samurott|Samurott-Hisui, L50, F|100\/100\n|switch|p2a: Armarouge|Armarouge, L50, F|100\/100\n|switch|p2b: Indeedee|Indeedee-F, L50, F|100\/100\n|-fieldstart|move: Psychic Terrain|[from] ability: Psychic Surge|[of] p2b: Indeedee\n|turn|1\n|inactive|hsiung1000 has 30 seconds left.\n|inactive|BowDog! has 30 seconds left.\n|\n|t:|1701141668\n|move|p1a: Baxcalibur|Protect|p1a: Baxcalibur\n|-singleturn|p1a: Baxcalibur|Protect\n|move|p2b: Indeedee|Follow Me|p2b: Indeedee\n|-singleturn|p2b: Indeedee|move: Follow Me\n|move|p1b: Samurott|Ceaseless Edge|p2b: Indeedee\n|-supereffective|p2b: Indeedee\n|-damage|p2b: Indeedee|11\/100\n|-damage|p1b: Samurott|84\/100|[from] item: Rocky Helmet|[of] p2b: Indeedee\n|-sidestart|p2: BowDog!|Spikes\n|move|p2a: Armarouge|Trick Room|p2a: Armarouge\n|-fieldstart|move: Trick Room|[of] p2a: Armarouge\n|\n|upkeep\n|turn|2\n|inactive|BowDog! has 30 seconds left.\n|\n|t:|1701141700\n|move|p2a: Armarouge|Expanding Force|p1b: Samurott|[spread] p1a\n|-immune|p1b: Samurott\n|-damage|p1a: Baxcalibur|23\/100\n|-damage|p2a: Armarouge|90\/100|[from] item: Life Orb\n|move|p2b: Indeedee|Dazzling Gleam|p1a: Baxcalibur|[spread] p1a,p1b\n|-supereffective|p1a: Baxcalibur\n|-supereffective|p1b: Samurott\n|-damage|p1a: Baxcalibur|0 fnt\n|-damage|p1b: Samurott|59\/100\n|faint|p1a: Baxcalibur\n|move|p1b: Samurott|Ceaseless Edge|p2a: Armarouge\n|-supereffective|p2a: Armarouge\n|-crit|p2a: Armarouge\n|-damage|p2a: Armarouge|0 fnt\n|-sidestart|p2: BowDog!|Spikes\n|faint|p2a: Armarouge\n|\n|upkeep\n|\n|t:|1701141720\n|switch|p2a: Torkoal|Torkoal, L50, F|100\/100\n|switch|p1a: Medicham|Medicham, L50, M|100\/100\n|-damage|p2a: Torkoal|84\/100|[from] Spikes\n|-weather|SunnyDay|[from] ability: Drought|[of] p2a: Torkoal\n|turn|3\n|inactive|BowDog! has 30 seconds left.\n|\n|t:|1701141750\n|switch|p1a: Pelipper|Pelipper, L50, F|100\/100\n|-weather|RainDance|[from] ability: Drizzle|[of] p1a: Pelipper\n|-terastallize|p2a: Torkoal|Fire\n|move|p2a: Torkoal|Eruption|p1b: Samurott|[spread] p1a,p1b\n|-resisted|p1a: Pelipper\n|-resisted|p1b: Samurott\n|-damage|p1a: Pelipper|72\/100\n|-damage|p1b: Samurott|44\/100\n|move|p2b: Indeedee|Dazzling Gleam|p1b: Samurott|[spread] p1a,p1b\n|-supereffective|p1b: Samurott\n|-damage|p1a: Pelipper|49\/100\n|-damage|p1b: Samurott|21\/100\n|move|p1b: Samurott|Aqua Cutter|p2a: Torkoal\n|-supereffective|p2a: Torkoal\n|-damage|p2a: Torkoal|0 fnt\n|faint|p2a: Torkoal\n|\n|-weather|RainDance|[upkeep]\n|upkeep\n|\n|t:|1701141767\n|switch|p2a: Regidrago|Regidrago, L50|100\/100\n|-damage|p2a: Regidrago|84\/100|[from] Spikes\n|turn|4\n|\n|t:|1701141787\n|move|p1a: Pelipper|Wide Guard|p1a: Pelipper\n|-singleturn|p1a: Pelipper|Wide Guard\n|move|p2b: Indeedee|Dazzling Gleam|p1b: Samurott|[spread] \n|-activate|p1a: Pelipper|move: Wide Guard\n|-activate|p1b: Samurott|move: Wide Guard\n|move|p1b: Samurott|Aqua Cutter|p2b: Indeedee\n|-damage|p2b: Indeedee|0 fnt\n|faint|p2b: Indeedee\n|move|p2a: Regidrago|Dragon Energy|p1a: Pelipper|[spread] \n|-activate|p1a: Pelipper|move: Wide Guard\n|-activate|p1b: Samurott|move: Wide Guard\n|\n|-weather|RainDance|[upkeep]\n|upkeep\n|turn|5\n|\n|t:|1701141804\n|move|p1a: Pelipper|Wide Guard|p1a: Pelipper\n|-singleturn|p1a: Pelipper|Wide Guard\n|move|p1b: Samurott|Aqua Cutter|p2a: Regidrago\n|-resisted|p2a: Regidrago\n|-damage|p2a: Regidrago|40\/100\n|move|p2a: Regidrago|Dragon Energy|p1a: Pelipper|[spread] \n|-activate|p1a: Pelipper|move: Wide Guard\n|-activate|p1b: Samurott|move: Wide Guard\n|\n|-weather|RainDance|[upkeep]\n|-fieldend|move: Trick Room\n|-fieldend|move: Psychic Terrain\n|upkeep\n|turn|6\n|\n|t:|1701141823\n|move|p1a: Pelipper|Wide Guard|p1a: Pelipper\n|-singleturn|p1a: Pelipper|Wide Guard\n|move|p1b: Samurott|Aqua Jet|p2a: Regidrago\n|-resisted|p2a: Regidrago\n|-damage|p2a: Regidrago|22\/100\n|move|p2a: Regidrago|Dragon Energy|p1a: Pelipper|[spread] \n|-activate|p1a: Pelipper|move: Wide Guard\n|-activate|p1b: Samurott|move: Wide Guard\n|\n|-weather|RainDance|[upkeep]\n|upkeep\n|turn|7\n|\n|t:|1701141837\n|move|p1a: Pelipper|Wide Guard|p1a: Pelipper\n|-singleturn|p1a: Pelipper|Wide Guard\n|move|p2a: Regidrago|Dragon Energy|p1a: Pelipper|[spread] \n|-activate|p1a: Pelipper|move: Wide Guard\n|-activate|p1b: Samurott|move: Wide Guard\n|move|p1b: Samurott|Ceaseless Edge|p2a: Regidrago\n|-damage|p2a: Regidrago|0 fnt\n|-sidestart|p2: BowDog!|Spikes\n|faint|p2a: Regidrago\n|\n|win|hsiung1000\n|raw|hsiung1000's rating: 1154 &rarr; <strong>1183<\/strong><br \/>(+29 for winning)\n|raw|BowDog!'s rating: 1203 &rarr; <strong>1174<\/strong><br \/>(-29 for losing)\n","uploadtime":1701141856,"views":1,"p1id":"hsiung1000","p2id":"bowdog","formatid":"gen9vgc2023regulatione","rating":1174,"private":0,"password":""}