{"id":"gen9vgc2023regulatione-1989363961","p1":"WhereisFr","p2":"tpw989","format":"[Gen 9] VGC 2023 Regulation E","log":"|j|\u2606WhereisFr\n|j|\u2606tpw989\n|t:|1699841051\n|gametype|doubles\n|player|p1|WhereisFr|scientist-gen4|1000\n|player|p2|tpw989|blackbelt|1037\n|teamsize|p1|6\n|teamsize|p2|6\n|gen|9\n|tier|[Gen 9] VGC 2023 Regulation E\n|rated|\n|rule|Species Clause: Limit one of each Pok\u00e9mon\n|rule|Item Clause: Limit one of each item\n|clearpoke\n|poke|p1|Medicham, L50, F|\n|poke|p1|Slaking, L50, F|\n|poke|p1|Cresselia, L50, F|\n|poke|p1|Ursaluna, L50, M|\n|poke|p1|Iron Hands, L50|\n|poke|p1|Flutter Mane, L50|\n|poke|p2|Oricorio, L50, F|\n|poke|p2|Volcarona, L50, F|\n|poke|p2|Dragapult, L50, F|\n|poke|p2|Milotic, L50, F|\n|poke|p2|Ninetales-Alola, L50, M|\n|poke|p2|Breloom, L50, M|\n|teampreview|4\n|inactive|Battle timer is ON: inactive players will automatically lose when time's up. (requested by WhereisFr)\n|\n|t:|1699841075\n|start\n|switch|p1a: Medicham|Medicham, L50, F|100\/100\n|switch|p1b: Slaking|Slaking, L50, F|100\/100\n|switch|p2a: Oricorio|Oricorio, L50, F, shiny|100\/100\n|switch|p2b: Volcarona|Volcarona, L50, F|100\/100\n|turn|1\n|\n|t:|1699841093\n|move|p2a: Oricorio|Protect|p2a: Oricorio\n|-singleturn|p2a: Oricorio|Protect\n|move|p1b: Slaking|Protect|p1b: Slaking\n|-singleturn|p1b: Slaking|Protect\n|move|p2b: Volcarona|Fiery Dance|p1b: Slaking\n|-activate|p1b: Slaking|move: Protect\n|move|p1a: Medicham|Trick Room|p1a: Medicham\n|-fieldstart|move: Trick Room|[of] p1a: Medicham\n|\n|upkeep\n|turn|2\n|\n|t:|1699841111\n|move|p1a: Medicham|Skill Swap|p1b: Slaking\n|-activate|p1a: Medicham|move: Skill Swap|||[of] p1b: Slaking\n|move|p1b: Slaking|Earthquake|p2a: Oricorio|[spread] p1a,p2b\n|-immune|p2a: Oricorio\n|-enditem|p1a: Medicham|Focus Sash\n|-damage|p1a: Medicham|1\/100\n|-damage|p2b: Volcarona|2\/100\n|-damage|p1b: Slaking|91\/100|[from] item: Life Orb\n|move|p2b: Volcarona|Quiver Dance|p2b: Volcarona\n|-boost|p2b: Volcarona|spa|1\n|-boost|p2b: Volcarona|spd|1\n|-boost|p2b: Volcarona|spe|1\n|-activate|p2a: Oricorio|ability: Dancer\n|move|p2a: Oricorio|Quiver Dance|p2a: Oricorio|[from]ability: Dancer\n|-boost|p2a: Oricorio|spa|1\n|-boost|p2a: Oricorio|spd|1\n|-boost|p2a: Oricorio|spe|1\n|move|p2a: Oricorio|Revelation Dance|p1b: Slaking\n|-damage|p1b: Slaking|35\/100\n|\n|upkeep\n|turn|3\n|inactive|tpw989 has 30 seconds left.\n|\n|t:|1699841142\n|move|p2a: Oricorio|Protect|p2a: Oricorio\n|-singleturn|p2a: Oricorio|Protect\n|cant|p1a: Medicham|ability: Truant\n|move|p1b: Slaking|Body Slam|p2a: Oricorio\n|-activate|p2a: Oricorio|move: Protect\n|move|p2b: Volcarona|Fiery Dance|p1a: Medicham\n|-damage|p1a: Medicham|0 fnt\n|faint|p1a: Medicham\n|-activate|p2a: Oricorio|ability: Dancer\n|move|p2a: Oricorio|Fiery Dance|p1b: Slaking|[from]ability: Dancer\n|-damage|p1b: Slaking|0 fnt\n|-boost|p2a: Oricorio|spa|1\n|faint|p1b: Slaking\n|\n|upkeep\n|\n|t:|1699841153\n|switch|p1a: Cresselia|Cresselia, L50, F|100\/100\n|switch|p1b: Ursaluna|Ursaluna, L50, M|100\/100\n|turn|4\n|\n|t:|1699841169\n|switch|p2b: Milotic|Milotic, L50, F, shiny|100\/100\n|-terastallize|p1b: Ursaluna|Rock\n|move|p1a: Cresselia|Helping Hand|p1b: Ursaluna\n|-singleturn|p1b: Ursaluna|Helping Hand|[of] p1a: Cresselia\n|move|p1b: Ursaluna|Rock Slide|p2a: Oricorio|[spread] p2a,p2b\n|-supereffective|p2a: Oricorio\n|-crit|p2b: Milotic\n|-damage|p2a: Oricorio|0 fnt\n|-damage|p2b: Milotic|11\/100\n|-enditem|p2b: Milotic|Sitrus Berry|[eat]\n|-heal|p2b: Milotic|36\/100|[from] item: Sitrus Berry\n|faint|p2a: Oricorio\n|\n|-status|p1b: Ursaluna|brn|[from] item: Flame Orb\n|upkeep\n|\n|t:|1699841183\n|switch|p2a: Dragapult|Dragapult, L50, F, shiny|100\/100\n|turn|5\n|\n|t:|1699841194\n|move|p1a: Cresselia|Helping Hand|p1b: Ursaluna\n|-singleturn|p1b: Ursaluna|Helping Hand|[of] p1a: Cresselia\n|move|p1b: Ursaluna|Rock Slide|p2b: Milotic|[spread] p2a,p2b\n|-damage|p2a: Dragapult|3\/100\n|-damage|p2b: Milotic|0 fnt\n|faint|p2b: Milotic\n|move|p2a: Dragapult|Dragon Darts|p1a: Cresselia\n|-damage|p1a: Cresselia|83\/100\n|-anim|p2a: Dragapult|Dragon Darts|p1b: Ursaluna\n|-damage|p1b: Ursaluna|77\/100 brn\n|-damage|p2a: Dragapult|0 fnt|[from] item: Life Orb\n|faint|p2a: Dragapult\n|\n|-damage|p1b: Ursaluna|71\/100 brn|[from] brn\n|-fieldend|move: Trick Room\n|upkeep\n|inactive|tpw989 has 30 seconds left.\n|-message|tpw989 forfeited.\n|\n|win|WhereisFr\n|raw|WhereisFr's rating: 1000 &rarr; <strong>1044<\/strong><br \/>(+44 for winning)\n|raw|tpw989's rating: 1037 &rarr; <strong>1020<\/strong><br \/>(-17 for losing)\n|l|\u2606tpw989\n","uploadtime":1699841228,"views":18,"p1id":"whereisfr","p2id":"tpw989","formatid":"gen9vgc2023regulatione","rating":1020,"private":0,"password":""}