{"id":"gen9vgc2023regulatione-1990082961","p1":"Adengul","p2":"Protostatus7","format":"[Gen 9] VGC 2023 Regulation E","log":"|j|\u2606Adengul\n|j|\u2606Protostatus7\n|t:|1699922704\n|gametype|doubles\n|player|p1|Adengul|clay|1051\n|player|p2|Protostatus7|steven|1058\n|teamsize|p1|6\n|teamsize|p2|6\n|gen|9\n|tier|[Gen 9] VGC 2023 Regulation E\n|rated|\n|rule|Species Clause: Limit one of each Pok\u00e9mon\n|rule|Item Clause: Limit one of each item\n|clearpoke\n|poke|p1|Kommo-o, L50, F|\n|poke|p1|Ogerpon, L50, F|\n|poke|p1|Clefairy, L50, F|\n|poke|p1|Sinistcha-Masterpiece, L50|\n|poke|p1|Tauros-Paldea-Blaze, L50, M|\n|poke|p1|Flutter Mane, L50|\n|poke|p2|Tornadus, L50, M|\n|poke|p2|Lilligant-Hisui, L50, F|\n|poke|p2|Haxorus, L50, M|\n|poke|p2|Rotom-Wash, L50|\n|poke|p2|Toedscruel, L50, F|\n|poke|p2|Arcanine-Hisui, L50, F|\n|teampreview|4\n|inactive|Battle timer is ON: inactive players will automatically lose when time's up. (requested by Protostatus7)\nProtostatus7 rejected open team sheets.\n|inactive|Adengul has 60 seconds left.\n|\n|t:|1699922791\n|start\n|switch|p1a: Flutter Mane|Flutter Mane, L50|100\/100\n|switch|p1b: Ogerpon|Ogerpon, L50, F|100\/100\n|switch|p2a: Toedscruel|Toedscruel, L50, F|100\/100\n|switch|p2b: Haxorus|Haxorus, L50, M|100\/100\n|-ability|p2b: Haxorus|Unnerve\n|turn|1\n|inactive|Protostatus7 has 30 seconds left.\n|inactive|Adengul has 30 seconds left.\n|\n|t:|1699922821\n|-terastallize|p2b: Haxorus|Fire\n|move|p1a: Flutter Mane|Icy Wind|p2b: Haxorus|[spread] p2a,p2b\n|-supereffective|p2a: Toedscruel\n|-resisted|p2b: Haxorus\n|-damage|p2a: Toedscruel|58\/100\n|-damage|p2b: Haxorus|89\/100\n|-unboost|p2a: Toedscruel|spe|1\n|-unboost|p2b: Haxorus|spe|1\n|move|p1b: Ogerpon|Ivy Cudgel|p2a: Toedscruel\n|-damage|p2a: Toedscruel|0 fnt\n|faint|p2a: Toedscruel\n|move|p2b: Haxorus|Swords Dance|p2b: Haxorus\n|-boost|p2b: Haxorus|atk|2\n|\n|upkeep\n|\n|t:|1699922834\n|switch|p2a: Tornadus|Tornadus, L50, M|100\/100\n|turn|2\n|\n|t:|1699922846\n|move|p2a: Tornadus|Tailwind|p2a: Tornadus\n|-sidestart|p2: Protostatus7|move: Tailwind\n|move|p2b: Haxorus|Poison Jab|p1a: Flutter Mane\n|-enditem|p1a: Flutter Mane|Focus Sash\n|-damage|p1a: Flutter Mane|1\/100\n|-damage|p2b: Haxorus|79\/100|[from] item: Life Orb\n|move|p1a: Flutter Mane|Icy Wind|p2b: Haxorus|[spread] p2b\n|-miss|p1a: Flutter Mane|p2a: Tornadus\n|-resisted|p2b: Haxorus\n|-damage|p2b: Haxorus|67\/100\n|-unboost|p2b: Haxorus|spe|1\n|move|p1b: Ogerpon|Ivy Cudgel|p2a: Tornadus\n|-resisted|p2a: Tornadus\n|-crit|p2a: Tornadus\n|-damage|p2a: Tornadus|40\/100\n|\n|upkeep\n|turn|3\n|\n|t:|1699922868\n|move|p2a: Tornadus|Bleakwind Storm|p1a: Flutter Mane|[spread] p1a,p1b\n|-crit|p1a: Flutter Mane\n|-supereffective|p1b: Ogerpon\n|-damage|p1a: Flutter Mane|0 fnt\n|-damage|p1b: Ogerpon|30\/100\n|faint|p1a: Flutter Mane\n|-end|p1a: Flutter Mane|Protosynthesis|[silent]\n|move|p1b: Ogerpon|Ivy Cudgel|p2a: Tornadus\n|-resisted|p2a: Tornadus\n|-damage|p2a: Tornadus|0 fnt\n|faint|p2a: Tornadus\n|move|p2b: Haxorus|Poison Jab|p1b: Ogerpon\n|-supereffective|p1b: Ogerpon\n|-damage|p1b: Ogerpon|0 fnt\n|faint|p1b: Ogerpon\n|-damage|p2b: Haxorus|57\/100|[from] item: Life Orb\n|\n|upkeep\n|\n|t:|1699922885\n|switch|p1a: Sinistcha|Sinistcha-Masterpiece, L50|100\/100\n|switch|p2a: Arcanine|Arcanine-Hisui, L50, F|100\/100\n|switch|p1b: Tauros|Tauros-Paldea-Blaze, L50, M|100\/100\n|-ability|p2a: Arcanine|Intimidate|boost\n|-unboost|p1a: Sinistcha|atk|1\n|-unboost|p1b: Tauros|atk|1\n|-ability|p1b: Tauros|Intimidate|boost\n|-unboost|p2a: Arcanine|atk|1\n|-unboost|p2b: Haxorus|atk|1\n|turn|4\n|inactive|Adengul has 30 seconds left.\n|inactive|Protostatus7 has 30 seconds left.\n|\n|t:|1699922913\n|move|p1a: Sinistcha|Rage Powder|p1a: Sinistcha\n|-singleturn|p1a: Sinistcha|move: Rage Powder\n|move|p2a: Arcanine|Flare Blitz|p1a: Sinistcha\n|-supereffective|p1a: Sinistcha\n|-damage|p1a: Sinistcha|33\/100\n|-damage|p2a: Arcanine|77\/100|[from] Recoil\n|move|p1b: Tauros|Wild Charge|p2b: Haxorus\n|-damage|p2b: Haxorus|33\/100\n|-damage|p1b: Tauros|95\/100|[from] Recoil\n|move|p2b: Haxorus|Poison Jab|p1a: Sinistcha\n|-damage|p1a: Sinistcha|0 fnt\n|faint|p1a: Sinistcha\n|-damage|p2b: Haxorus|23\/100|[from] item: Life Orb\n|\n|upkeep\n|turn|5\n|\n|t:|1699922933\n|move|p2a: Arcanine|Rock Slide|p1b: Tauros\n|-damage|p1b: Tauros|67\/100\n|cant|p1b: Tauros|flinch\n|move|p2b: Haxorus|Close Combat|p1b: Tauros\n|-damage|p1b: Tauros|0 fnt\n|-unboost|p2b: Haxorus|def|1\n|-unboost|p2b: Haxorus|spd|1\n|faint|p1b: Tauros\n|-damage|p2b: Haxorus|13\/100|[from] item: Life Orb\n|\n|win|Protostatus7\n|raw|Adengul's rating: 1051 &rarr; <strong>1034<\/strong><br \/>(-17 for losing)\n|raw|Protostatus7's rating: 1058 &rarr; <strong>1089<\/strong><br \/>(+31 for winning)\n|l|\u2606Adengul\n","uploadtime":1699922943,"views":9,"p1id":"adengul","p2id":"protostatus7","formatid":"gen9vgc2023regulatione","rating":1034,"private":0,"password":""}