{"id":"gen9vgc2023regulatione-1989968204","p1":"Scalonetapibe","p2":"carlosc1b19","format":"[Gen 9] VGC 2023 Regulation E","log":"|j|\u2606Scalonetapibe\n|j|\u2606carlosc1b19\n|n|\u2606Scalonetapibe|scalonetapibe\n|n|\u2606carlosc1b19|carlosc1b19\n|html|View the match progress at <a href=\"\/game-bestof3-gen9vgc2023regulatione-1989964450\">game-bestof3-gen9vgc2023regulatione-1989964450<\/a>\n|t:|1699911080\n|gametype|doubles\n|player|p1|Scalonetapibe|bruno|\n|player|p2|carlosc1b19|2|\n|teamsize|p1|6\n|teamsize|p2|6\n|gen|9\n|tier|[Gen 9] VGC 2023 Regulation E\n|rule|Species Clause: Limit one of each Pok\u00e9mon\n|rule|Item Clause: Limit one of each item\n|clearpoke\n|poke|p1|Gholdengo, L50|\n|poke|p1|Iron Hands, L50|\n|poke|p1|Amoonguss, L50, F|\n|poke|p1|Iron Bundle, L50|\n|poke|p1|Pelipper, L50, F|\n|poke|p1|Salamence, L50, F|\n|poke|p2|Tornadus, L50, M|\n|poke|p2|Flutter Mane, L50|\n|poke|p2|Rillaboom, L50, F|\n|poke|p2|Ogerpon-Hearthflame, L50, F|\n|poke|p2|Chien-Pao, L50|\n|poke|p2|Dragonite, L50, F|\n|teampreview|4\n|inactive|Battle timer is ON: inactive players will automatically lose when time's up. (requested by Scalonetapibe)\n|inactiveoff|Battle timer is now OFF.\ncarlosc1b19 has agreed to open team sheets.\nScalonetapibe has agreed to open team sheets.\n|showteam|p1|Gholdengo||Leftovers|GoodasGold|MakeItRain,NastyPlot,ShadowBall,Protect||||||50|,,,,,Dragon]Iron Hands||AssaultVest|QuarkDrive|FakeOut,HeavySlam,WildCharge,DrainPunch||||||50|,,,,,Water]Amoonguss||SitrusBerry|Regenerator|Spore,RagePowder,PollenPuff,Protect|||F|||50|,,,,,Water]Iron Bundle||BoosterEnergy|QuarkDrive|IcyWind,FreezeDry,HydroPump,Protect||||||50|,,,,,Ghost]Pelipper||FocusSash|Drizzle|Hurricane,WeatherBall,Protect,WideGuard|||F|||50|,,,,,Flying]Salamence||ChoiceScarf|Intimidate|Hurricane,DracoMeteor,Tailwind,AirSlash|||F|||50|,,,,,Flying\n|showteam|p2|Tornadus||CovertCloak|Prankster|BleakwindStorm,SunnyDay,Tailwind,Taunt|||M|||50|,,,,,Dark]Flutter Mane||ChoiceSpecs|Protosynthesis|Moonblast,ShadowBall,DazzlingGleam,EnergyBall||||||50|,,,,,Fairy]Rillaboom||AssaultVest|GrassySurge|StompingTantrum,WoodHammer,GrassyGlide,FakeOut|||F|||50|,,,,,Water]Ogerpon-Hearthflame||HearthflameMask|MoldBreaker|IvyCudgel,WoodHammer,GrassyGlide,SpikyShield|||F|||50|,,,,,Fire]Chien-Pao||FocusSash|SwordofRuin|IcicleCrash,Crunch,SuckerPunch,Protect||||||50|,,,,,Ghost]Dragonite||ChoiceBand|InnerFocus|ExtremeSpeed,Outrage,StompingTantrum,AquaJet|||F|||50|,,,,,Normal\n|c|\u2606carlosc1b19|gl hf\n|\n|t:|1699911120\n|start\n|switch|p1a: Iron Bundle|Iron Bundle, L50|100\/100\n|switch|p1b: Iron Hands|Iron Hands, L50|100\/100\n|switch|p2a: Brujita|Flutter Mane, L50|100\/100\n|switch|p2b: Ventisca|Tornadus, L50, M|100\/100\n|-enditem|p1a: Iron Bundle|Booster Energy\n|-activate|p1a: Iron Bundle|ability: Quark Drive|[fromitem]\n|-start|p1a: Iron Bundle|quarkdrivespe\n|turn|1\n|\n|t:|1699911156\n|move|p1a: Iron Bundle|Protect|p1a: Iron Bundle\n|-singleturn|p1a: Iron Bundle|Protect\n|move|p2b: Ventisca|Tailwind|p2b: Ventisca\n|-sidestart|p2: carlosc1b19|move: Tailwind\n|move|p2a: Brujita|Dazzling Gleam|p1b: Iron Hands|[spread] p1b\n|-activate|p1a: Iron Bundle|move: Protect\n|-supereffective|p1b: Iron Hands\n|-crit|p1b: Iron Hands\n|-damage|p1b: Iron Hands|33\/100\n|move|p1b: Iron Hands|Heavy Slam|p2a: Brujita\n|-supereffective|p2a: Brujita\n|-damage|p2a: Brujita|0 fnt\n|faint|p2a: Brujita\n|-end|p2a: Brujita|Protosynthesis|[silent]\n|\n|upkeep\n|\n|t:|1699911166\n|switch|p2a: Ogerpon|Ogerpon-Hearthflame, L50, F|100\/100\n|-ability|p2a: Ogerpon|Mold Breaker\n|turn|2\n|\n|t:|1699911186\n|move|p2a: Ogerpon|Spiky Shield|p2a: Ogerpon\n|-singleturn|p2a: Ogerpon|move: Protect\n|move|p2b: Ventisca|Bleakwind Storm|p1a: Iron Bundle|[spread] p1a,p1b\n|-damage|p1a: Iron Bundle|58\/100\n|-damage|p1b: Iron Hands|15\/100\n|-unboost|p1a: Iron Bundle|spe|1\n|move|p1a: Iron Bundle|Icy Wind|p2b: Ventisca|[spread] p2b\n|-activate|p2a: Ogerpon|move: Protect\n|-supereffective|p2b: Ventisca\n|-damage|p2b: Ventisca|64\/100\n|move|p1b: Iron Hands|Wild Charge|p2b: Ventisca\n|-supereffective|p2b: Ventisca\n|-damage|p2b: Ventisca|0 fnt\n|faint|p2b: Ventisca\n|-damage|p1b: Iron Hands|3\/100|[from] Recoil\n|\n|upkeep\n|\n|t:|1699911195\n|switch|p2b: Rillaboom|Rillaboom, L50, F|100\/100\n|-fieldstart|move: Grassy Terrain|[from] ability: Grassy Surge|[of] p2b: Rillaboom\n|turn|3\n|\n|t:|1699911207\n|-terastallize|p2a: Ogerpon|Fire\n|detailschange|p2a: Ogerpon|Ogerpon-Hearthflame-Tera, L50, F, tera:Fire\n|-ability|p2a: Ogerpon|Embody Aspect (Hearthflame)|boost\n|-boost|p2a: Ogerpon|atk|1\n|move|p1a: Iron Bundle|Protect|p1a: Iron Bundle\n|-singleturn|p1a: Iron Bundle|Protect\n|move|p2b: Rillaboom|Fake Out|p1b: Iron Hands\n|-crit|p1b: Iron Hands\n|-damage|p1b: Iron Hands|0 fnt\n|faint|p1b: Iron Hands\n|-end|p1b: Iron Hands|Quark Drive|[silent]\n|move|p2a: Ogerpon|Grassy Glide|p1a: Iron Bundle\n|-activate|p1a: Iron Bundle|move: Protect\n|\n|-heal|p1a: Iron Bundle|64\/100|[from] Grassy Terrain\n|upkeep\n|\n|t:|1699911225\n|switch|p1b: Salamence|Salamence, L50, F|100\/100\n|-ability|p1b: Salamence|Intimidate|boost\n|-unboost|p2a: Ogerpon|atk|1\n|-unboost|p2b: Rillaboom|atk|1\n|turn|4\n|\n|t:|1699911262\n|-end|p1a: Iron Bundle|Quark Drive|[silent]\n|switch|p1a: Pelipper|Pelipper, L50, F|100\/100\n|-weather|RainDance|[from] ability: Drizzle|[of] p1a: Pelipper\n|-terastallize|p1b: Salamence|Flying\n|move|p2a: Ogerpon|Grassy Glide|p1a: Pelipper\n|-damage|p1a: Pelipper|42\/100\n|move|p2b: Rillaboom|Grassy Glide|p1a: Pelipper\n|-damage|p1a: Pelipper|15\/100\n|move|p1b: Salamence|Hurricane|p2b: Rillaboom\n|-supereffective|p2b: Rillaboom\n|-damage|p2b: Rillaboom|6\/100\n|\n|-weather|RainDance|[upkeep]\n|-heal|p2b: Rillaboom|12\/100|[from] Grassy Terrain\n|-sideend|p2: carlosc1b19|move: Tailwind\n|upkeep\n|turn|5\n|\n|t:|1699911288\n|move|p1a: Pelipper|Protect|p1a: Pelipper\n|-singleturn|p1a: Pelipper|Protect\n|move|p2b: Rillaboom|Grassy Glide|p1a: Pelipper\n|-activate|p1a: Pelipper|move: Protect\n|move|p1b: Salamence|Hurricane|p2a: Ogerpon\n|-damage|p2a: Ogerpon|25\/100\n|move|p2a: Ogerpon|Wood Hammer|p1b: Salamence\n|-resisted|p1b: Salamence\n|-damage|p1b: Salamence|35\/100\n|-damage|p2a: Ogerpon|2\/100|[from] Recoil\n|\n|-weather|RainDance|[upkeep]\n|-heal|p2a: Ogerpon|9\/100|[from] Grassy Terrain\n|-heal|p2b: Rillaboom|17\/100|[from] Grassy Terrain\n|upkeep\n|turn|6\n|\n|t:|1699911299\n|move|p2a: Ogerpon|Spiky Shield|p2a: Ogerpon\n|-singleturn|p2a: Ogerpon|move: Protect\n|move|p2b: Rillaboom|Grassy Glide|p1a: Pelipper\n|-damage|p1a: Pelipper|0 fnt\n|faint|p1a: Pelipper\n|move|p1b: Salamence|Hurricane|p2b: Rillaboom\n|-supereffective|p2b: Rillaboom\n|-damage|p2b: Rillaboom|0 fnt\n|faint|p2b: Rillaboom\n|\n|-weather|RainDance|[upkeep]\n|-heal|p2a: Ogerpon|15\/100|[from] Grassy Terrain\n|upkeep\n|\n|t:|1699911304\n|switch|p1a: Iron Bundle|Iron Bundle, L50|64\/100\n|turn|7\n|\n|t:|1699911310\n|move|p2a: Ogerpon|Grassy Glide|p1a: Iron Bundle\n|-supereffective|p1a: Iron Bundle\n|-crit|p1a: Iron Bundle\n|-damage|p1a: Iron Bundle|0 fnt\n|faint|p1a: Iron Bundle\n|-end|p1a: Iron Bundle|Quark Drive|[silent]\n|move|p1b: Salamence|Hurricane|p2a: Ogerpon\n|-damage|p2a: Ogerpon|0 fnt\n|faint|p2a: Ogerpon\n|\n|win|Scalonetapibe\n|c|\u2606Scalonetapibe|gg\n|c|\u2606carlosc1b19|gg\n|l|\u2606carlosc1b19\n|l|\u2606Scalonetapibe\n|j|\u2606Scalonetapibe\n|player|p1|Scalonetapibe|bruno\n","uploadtime":1699911441,"views":16,"p1id":"scalonetapibe","p2id":"carlosc1b19","formatid":"gen9vgc2023regulatione","rating":0,"private":0,"password":""}