{"id":"gen9vgc2023regulatione-1994148687","p1":"mrmissouri25","p2":"Jugglenaut17","format":"[Gen 9] VGC 2023 Regulation E","log":"|j|\u2606mrmissouri25\n|j|\u2606Jugglenaut17\n|t:|1700412555\n|gametype|doubles\n|player|p1|mrmissouri25|2|1197\n|player|p2|Jugglenaut17|169|1128\n|teamsize|p1|6\n|teamsize|p2|6\n|gen|9\n|tier|[Gen 9] VGC 2023 Regulation E\n|rated|\n|rule|Species Clause: Limit one of each Pok\u00e9mon\n|rule|Item Clause: Limit one of each item\n|clearpoke\n|poke|p1|Slowking, L50, F|\n|poke|p1|Mudsdale, L50, F|\n|poke|p1|Roaring Moon, L50|\n|poke|p1|Iron Hands, L50|\n|poke|p1|Ninetales-Alola, L50, F|\n|poke|p1|Ogerpon-Hearthflame, L50, F|\n|poke|p2|Ogerpon-Cornerstone, L50, F|\n|poke|p2|Clefairy, L50, F|\n|poke|p2|Ninetales-Alola, L50, M|\n|poke|p2|Typhlosion-Hisui, L50, F|\n|poke|p2|Urshifu-*, L50, M|\n|poke|p2|Iron Bundle, L50|\n|teampreview|4\n|inactive|Battle timer is ON: inactive players will automatically lose when time's up. (requested by Jugglenaut17)\n|inactive|mrmissouri25 also wants the timer to be on.\n|inactive|mrmissouri25 has 60 seconds left.\n|inactive|Jugglenaut17 has 60 seconds left.\n|\n|t:|1700412586\n|start\n|switch|p1a: Slowking|Slowking, L50, F|100\/100\n|switch|p1b: Ninetales|Ninetales-Alola, L50, F|100\/100\n|switch|p2a: Iron Bundle|Iron Bundle, L50|100\/100\n|switch|p2b: Ogerpon|Ogerpon-Cornerstone, L50, F|100\/100\n|-weather|Snow|[from] ability: Snow Warning|[of] p1b: Ninetales\n|-enditem|p2a: Iron Bundle|Booster Energy\n|-activate|p2a: Iron Bundle|ability: Quark Drive|[fromitem]\n|-start|p2a: Iron Bundle|quarkdrivespe\n|turn|1\n|\n|t:|1700412602\n|-terastallize|p1a: Slowking|Dark\n|move|p2a: Iron Bundle|Aurora Veil|p2a: Iron Bundle\n|-sidestart|p2: Jugglenaut17|move: Aurora Veil\n|move|p2b: Ogerpon|Power Whip|p1a: Slowking\n|-damage|p1a: Slowking|45\/100\n|move|p1b: Ninetales|Aurora Veil|p1b: Ninetales\n|-sidestart|p1: mrmissouri25|move: Aurora Veil\n|move|p1a: Slowking|Trick Room|p1a: Slowking\n|-fieldstart|move: Trick Room|[of] p1a: Slowking\n|\n|-weather|Snow|[upkeep]\n|upkeep\n|turn|2\n|\n|t:|1700412623\n|move|p1a: Slowking|Scald|p2b: Ogerpon\n|-damage|p2b: Ogerpon|77\/100\n|move|p1b: Ninetales|Blizzard|p2a: Iron Bundle|[spread] p2a,p2b\n|-resisted|p2a: Iron Bundle\n|-supereffective|p2b: Ogerpon\n|-damage|p2a: Iron Bundle|92\/100\n|-damage|p2b: Ogerpon|31\/100\n|move|p2b: Ogerpon|Ivy Cudgel|p1a: Slowking|[anim] Ivy Cudgel Rock\n|-damage|p1a: Slowking|18\/100\n|move|p2a: Iron Bundle|Icy Wind|p1a: Slowking|[spread] p1a\n|-miss|p2a: Iron Bundle|p1b: Ninetales\n|-damage|p1a: Slowking|7\/100\n|\n|-weather|Snow|[upkeep]\n|upkeep\n|turn|3\n|inactive|mrmissouri25 has 30 seconds left.\n|inactive|Jugglenaut17 has 30 seconds left.\n|inactive|Jugglenaut17 has 20 seconds left.\n|\n|t:|1700412659\n|switch|p1a: Iron Hands|Iron Hands, L50|100\/100\n|move|p1b: Ninetales|Freeze-Dry|p2b: Ogerpon\n|-supereffective|p2b: Ogerpon\n|-damage|p2b: Ogerpon|0 fnt\n|faint|p2b: Ogerpon\n|move|p2a: Iron Bundle|Icy Wind|p1a: Iron Hands|[spread] p1a\n|-miss|p2a: Iron Bundle|p1b: Ninetales\n|-damage|p1a: Iron Hands|92\/100\n|-unboost|p1a: Iron Hands|spe|1\n|\n|-weather|Snow|[upkeep]\n|upkeep\n|\n|t:|1700412672\n|switch|p2b: Ninetales|Ninetales-Alola, L50, M|100\/100\n|turn|4\n|\n|t:|1700412689\n|-terastallize|p2b: Ninetales|Fire\n|move|p1a: Iron Hands|Drain Punch|p2a: Iron Bundle\n|-supereffective|p2a: Iron Bundle\n|-damage|p2a: Iron Bundle|47\/100\n|-heal|p1a: Iron Hands|100\/100|[from] drain|[of] p2a: Iron Bundle\n|move|p2b: Ninetales|Tera Blast|p1b: Ninetales|[anim] Tera Blast Fire\n|-supereffective|p1b: Ninetales\n|-damage|p1b: Ninetales|52\/100\n|move|p1b: Ninetales|Freeze-Dry|p2a: Iron Bundle\n|-damage|p2a: Iron Bundle|19\/100\n|move|p2a: Iron Bundle|Hydro Pump|p1a: Iron Hands\n|-damage|p1a: Iron Hands|77\/100\n|\n|-weather|Snow|[upkeep]\n|upkeep\n|turn|5\n|inactive|mrmissouri25 has 30 seconds left.\n|inactive|Jugglenaut17 has 30 seconds left.\n|inactive|Jugglenaut17 has 20 seconds left.\n|\n|t:|1700412728\n|switch|p1b: Slowking|Slowking, L50, F, tera:Dark|41\/100\n|switch|p2b: Urshifu|Urshifu-Rapid-Strike, L50, M|100\/100\n|move|p1a: Iron Hands|Drain Punch|p2b: Urshifu\n|-damage|p2b: Urshifu|71\/100\n|-heal|p1a: Iron Hands|87\/100|[from] drain|[of] p2b: Urshifu\n|move|p2a: Iron Bundle|Freeze-Dry|p1a: Iron Hands\n|-damage|p1a: Iron Hands|74\/100\n|\n|-weather|none\n|-sideend|p2: Jugglenaut17|move: Aurora Veil\n|-fieldend|move: Trick Room\n|upkeep\n|turn|6\n|\n|t:|1700412750\n|switch|p1b: Ninetales|Ninetales-Alola, L50, F|52\/100\n|-weather|Snow|[from] ability: Snow Warning|[of] p1b: Ninetales\n|move|p2a: Iron Bundle|Icy Wind|p1b: Ninetales|[spread] p1a,p1b\n|-resisted|p1b: Ninetales\n|-damage|p1a: Iron Hands|66\/100\n|-damage|p1b: Ninetales|43\/100\n|-unboost|p1a: Iron Hands|spe|1\n|-unboost|p1b: Ninetales|spe|1\n|move|p2b: Urshifu|Close Combat|p1b: Ninetales\n|-damage|p1b: Ninetales|3\/100\n|-unboost|p2b: Urshifu|def|1\n|-unboost|p2b: Urshifu|spd|1\n|move|p1a: Iron Hands|Wild Charge|p2b: Urshifu\n|-supereffective|p2b: Urshifu\n|-damage|p2b: Urshifu|0 fnt\n|faint|p2b: Urshifu\n|-damage|p1a: Iron Hands|54\/100|[from] Recoil\n|\n|-weather|Snow|[upkeep]\n|upkeep\n|\n|t:|1700412769\n|switch|p2b: Ninetales|Ninetales-Alola, L50, M, tera:Fire|100\/100\n|turn|7\n|\n|t:|1700412783\n|switch|p1b: Slowking|Slowking, L50, F, tera:Dark|74\/100\n|-end|p1a: Iron Hands|Quark Drive|[silent]\n|switch|p1a: Ogerpon|Ogerpon-Hearthflame, L50, F|100\/100\n|-ability|p1a: Ogerpon|Mold Breaker\n|move|p2a: Iron Bundle|Icy Wind|p1a: Ogerpon|[spread] p1a,p1b\n|-crit|p1a: Ogerpon\n|-damage|p1a: Ogerpon|62\/100\n|-damage|p1b: Slowking|62\/100\n|-unboost|p1a: Ogerpon|spe|1\n|move|p2b: Ninetales|Aurora Veil|p2b: Ninetales\n|-sidestart|p2: Jugglenaut17|move: Aurora Veil\n|\n|-weather|Snow|[upkeep]\n|upkeep\n|turn|8\n|inactive|Jugglenaut17 has 30 seconds left.\n|\n|t:|1700412810\n|move|p1a: Ogerpon|Protect|p1a: Ogerpon\n|-singleturn|p1a: Ogerpon|Protect\n|move|p2a: Iron Bundle|Hydro Pump|p1a: Ogerpon\n|-activate|p1a: Ogerpon|move: Protect\n|move|p2b: Ninetales|Blizzard|p1a: Ogerpon|[spread] p1b\n|-activate|p1a: Ogerpon|move: Protect\n|-damage|p1b: Slowking|47\/100\n|move|p1b: Slowking|Trick Room|p1b: Slowking\n|-fieldstart|move: Trick Room|[of] p1b: Slowking\n|\n|-weather|Snow|[upkeep]\n|-sideend|p1: mrmissouri25|move: Aurora Veil\n|upkeep\n|turn|9\n|\n|t:|1700412825\n|move|p1b: Slowking|Scald|p2b: Ninetales\n|-supereffective|p2b: Ninetales\n|-damage|p2b: Ninetales|57\/100\n|move|p1a: Ogerpon|Horn Leech|p2a: Iron Bundle\n|-supereffective|p2a: Iron Bundle\n|-damage|p2a: Iron Bundle|0 fnt\n|-heal|p1a: Ogerpon|71\/100|[from] drain|[of] p2a: Iron Bundle\n|faint|p2a: Iron Bundle\n|-end|p2a: Iron Bundle|Quark Drive|[silent]\n|move|p2b: Ninetales|Blizzard|p1b: Slowking|[spread] p1a,p1b\n|-damage|p1a: Ogerpon|31\/100\n|-damage|p1b: Slowking|19\/100\n|\n|-weather|Snow|[upkeep]\n|upkeep\n|turn|10\n|\n|t:|1700412848\n|move|p1b: Slowking|Scald|p2b: Ninetales\n|-supereffective|p2b: Ninetales\n|-damage|p2b: Ninetales|11\/100\n|move|p1a: Ogerpon|Horn Leech|p2b: Ninetales\n|-resisted|p2b: Ninetales\n|-damage|p2b: Ninetales|0 fnt\n|-heal|p1a: Ogerpon|36\/100|[from] drain|[of] p2b: Ninetales\n|faint|p2b: Ninetales\n|\n|win|mrmissouri25\n|raw|mrmissouri25's rating: 1197 &rarr; <strong>1217<\/strong><br \/>(+20 for winning)\n|raw|Jugglenaut17's rating: 1128 &rarr; <strong>1108<\/strong><br \/>(-20 for losing)\n|c|\u2606Jugglenaut17|gg\n|l|\u2606Jugglenaut17\n","uploadtime":1700412977,"views":7,"p1id":"mrmissouri25","p2id":"jugglenaut17","formatid":"gen9vgc2023regulatione","rating":1108,"private":0,"password":""}