{"id":"gen9vgc2023regulatione-1991794112","p1":"made of bliss","p2":"alfredd2640","format":"[Gen 9] VGC 2023 Regulation E","log":"|j|\u2606made of bliss\n|j|\u2606alfredd2640\n|t:|1700118567\n|gametype|doubles\n|player|p1|made of bliss|sabrina|1649\n|player|p2|alfredd2640|170|1654\n|teamsize|p1|6\n|teamsize|p2|6\n|gen|9\n|tier|[Gen 9] VGC 2023 Regulation E\n|rated|\n|rule|Species Clause: Limit one of each Pok\u00e9mon\n|rule|Item Clause: Limit one of each item\n|clearpoke\n|poke|p1|Rillaboom, L50, M|\n|poke|p1|Ogerpon-Hearthflame, L50, F|\n|poke|p1|Kingambit, L50, F|\n|poke|p1|Iron Bundle, L50|\n|poke|p1|Farigiraf, L50, M|\n|poke|p1|Urshifu-*, L50, F|\n|poke|p2|Lurantis, L50, F|\n|poke|p2|Grimmsnarl, L50, M|\n|poke|p2|Articuno-Galar, L50|\n|poke|p2|Basculegion, L50, M|\n|poke|p2|Arcanine-Hisui, L50, M|\n|poke|p2|Moltres, L50|\n|teampreview|4\n|inactive|Battle timer is ON: inactive players will automatically lose when time's up. (requested by alfredd2640)\n|inactive|made of bliss also wants the timer to be on.\nmade of bliss has agreed to open team sheets.\n|inactive|alfredd2640 has 60 seconds left.\n|\n|t:|1700118606\n|start\n|switch|p1a: Urshifu|Urshifu-Rapid-Strike, L50, F|100\/100\n|switch|p1b: Iron Bundle|Iron Bundle, L50|100\/100\n|switch|p2a: Articuno|Articuno-Galar, L50|100\/100\n|switch|p2b: Grimmsnarl|Grimmsnarl, L50, M|100\/100\n|-enditem|p1b: Iron Bundle|Booster Energy\n|-activate|p1b: Iron Bundle|ability: Quark Drive|[fromitem]\n|-start|p1b: Iron Bundle|quarkdrivespe\n|turn|1\n|\n|t:|1700118623\n|-terastallize|p1a: Urshifu|Water\n|move|p2b: Grimmsnarl|Fake Out|p1a: Urshifu\n|-damage|p1a: Urshifu|90\/100\n|move|p1b: Iron Bundle|Freeze-Dry|p2a: Articuno\n|-supereffective|p2a: Articuno\n|-damage|p2a: Articuno|39\/100\n|-enditem|p2a: Articuno|Sitrus Berry|[eat]\n|-heal|p2a: Articuno|63\/100|[from] item: Sitrus Berry\n|cant|p1a: Urshifu|flinch\n|move|p2a: Articuno|Trick Room|p2a: Articuno\n|-fieldstart|move: Trick Room|[of] p2a: Articuno\n|\n|upkeep\n|turn|2\n|j| wingedfarigiraf\n|\n|t:|1700118639\n|switch|p1a: Rillaboom|Rillaboom, L50, M|100\/100\n|-fieldstart|move: Grassy Terrain|[from] ability: Grassy Surge|[of] p1a: Rillaboom\n|-end|p1b: Iron Bundle|Quark Drive|[silent]\n|switch|p1b: Ogerpon|Ogerpon-Hearthflame, L50, F|100\/100\n|-ability|p1b: Ogerpon|Mold Breaker\n|move|p2b: Grimmsnarl|Fake Tears|p1a: Rillaboom\n|-unboost|p1a: Rillaboom|spd|2\n|move|p2a: Articuno|Freezing Glare|p1a: Rillaboom\n|-damage|p1a: Rillaboom|36\/100\n|\n|-heal|p1a: Rillaboom|42\/100|[from] Grassy Terrain\n|upkeep\n|turn|3\n|\n|t:|1700118662\n|switch|p2a: Moltres|Moltres, L50|100\/100\n|move|p2b: Grimmsnarl|Parting Shot|p1b: Ogerpon\n|-unboost|p1b: Ogerpon|atk|1\n|-unboost|p1b: Ogerpon|spa|1\n|\n|t:|1700118666\n|switch|p2b: Lurantis|Lurantis, L50, F|100\/100|[from] Parting Shot\n|move|p1a: Rillaboom|Grassy Glide|p2b: Lurantis\n|-resisted|p2b: Lurantis\n|-damage|p2b: Lurantis|81\/100\n|move|p1b: Ogerpon|Grassy Glide|p2b: Lurantis\n|-resisted|p2b: Lurantis\n|-damage|p2b: Lurantis|65\/100\n|\n|-heal|p2b: Lurantis|72\/100|[from] Grassy Terrain\n|-heal|p1a: Rillaboom|48\/100|[from] Grassy Terrain\n|upkeep\n|turn|4\n|\n|t:|1700118687\n|switch|p1a: Iron Bundle|Iron Bundle, L50|100\/100\n|move|p2b: Lurantis|Superpower|p1b: Ogerpon\n|-damage|p1b: Ogerpon|71\/100\n|-boost|p2b: Lurantis|atk|1\n|-boost|p2b: Lurantis|def|1\n|move|p2a: Moltres|Flamethrower|p1a: Iron Bundle\n|-damage|p1a: Iron Bundle|27\/100\n|move|p1b: Ogerpon|Ivy Cudgel|p2b: Lurantis|[anim] Ivy Cudgel Fire\n|-supereffective|p2b: Lurantis\n|-damage|p2b: Lurantis|21\/100\n|\n|-heal|p2b: Lurantis|27\/100|[from] Grassy Terrain\n|-heal|p1b: Ogerpon|76\/100|[from] Grassy Terrain\n|-heal|p1a: Iron Bundle|33\/100|[from] Grassy Terrain\n|upkeep\n|turn|5\n|j| Kamalla Hairless\n|inactive|alfredd2640 has 30 seconds left.\n|\n|t:|1700118713\n|move|p1a: Iron Bundle|Protect|p1a: Iron Bundle\n|-singleturn|p1a: Iron Bundle|Protect\n|move|p2b: Lurantis|Superpower|p2a: Moltres\n|-resisted|p2a: Moltres\n|-damage|p2a: Moltres|80\/100\n|-boost|p2b: Lurantis|atk|1\n|-boost|p2b: Lurantis|def|1\n|move|p2a: Moltres|Tailwind|p2a: Moltres\n|-sidestart|p2: alfredd2640|move: Tailwind\n|move|p1b: Ogerpon|Swords Dance|p1b: Ogerpon\n|-boost|p1b: Ogerpon|atk|2\n|\n|-heal|p2b: Lurantis|33\/100|[from] Grassy Terrain\n|-heal|p1b: Ogerpon|82\/100|[from] Grassy Terrain\n|-heal|p1a: Iron Bundle|39\/100|[from] Grassy Terrain\n|-fieldend|move: Trick Room\n|upkeep\n|turn|6\n|j| flawzy\n|\n|t:|1700118737\n|move|p2a: Moltres|Flamethrower|p1a: Iron Bundle\n|-damage|p1a: Iron Bundle|0 fnt\n|faint|p1a: Iron Bundle\n|-end|p1a: Iron Bundle|Quark Drive|[silent]\n|move|p1b: Ogerpon|Ivy Cudgel|p2b: Lurantis|[anim] Ivy Cudgel Fire\n|-supereffective|p2b: Lurantis\n|-crit|p2b: Lurantis\n|-damage|p2b: Lurantis|0 fnt\n|faint|p2b: Lurantis\n|\n|-heal|p1b: Ogerpon|88\/100|[from] Grassy Terrain\n|-fieldend|move: Grassy Terrain\n|upkeep\n|\n|t:|1700118749\n|switch|p1a: Rillaboom|Rillaboom, L50, M|48\/100\n|switch|p2b: Grimmsnarl|Grimmsnarl, L50, M|100\/100\n|-fieldstart|move: Grassy Terrain|[from] ability: Grassy Surge|[of] p1a: Rillaboom\n|turn|7\n|\n|t:|1700118770\n|switch|p1a: Urshifu|Urshifu-Rapid-Strike, L50, F, tera:Water|90\/100\n|move|p2b: Grimmsnarl|Fake Out|p1b: Ogerpon\n|-damage|p1b: Ogerpon|75\/100\n|move|p2a: Moltres|Air Slash|p1b: Ogerpon\n|-supereffective|p1b: Ogerpon\n|-damage|p1b: Ogerpon|9\/100\n|cant|p1b: Ogerpon|flinch\n|\n|-heal|p1a: Urshifu|97\/100|[from] Grassy Terrain\n|-heal|p1b: Ogerpon|15\/100|[from] Grassy Terrain\n|upkeep\n|turn|8\n|j| neusrel\n|inactive|made of bliss has 30 seconds left.\n|\n|t:|1700118797\n|-terastallize|p2a: Moltres|Grass\n|move|p1b: Ogerpon|Grassy Glide|p2b: Grimmsnarl\n|-damage|p2b: Grimmsnarl|34\/100\n|move|p2a: Moltres|Will-O-Wisp|p1a: Urshifu\n|-status|p1a: Urshifu|brn\n|move|p1a: Urshifu|Surging Strikes|p2b: Grimmsnarl\n|-crit|p2b: Grimmsnarl\n|-damage|p2b: Grimmsnarl|18\/100\n|-crit|p2b: Grimmsnarl\n|-damage|p2b: Grimmsnarl|1\/100\n|-crit|p2b: Grimmsnarl\n|-damage|p2b: Grimmsnarl|0 fnt\n|faint|p2b: Grimmsnarl\n|-hitcount|p2: Grimmsnarl|3\n|\n|-heal|p2a: Moltres|86\/100|[from] Grassy Terrain\n|-heal|p1a: Urshifu|100\/100 brn|[from] Grassy Terrain\n|-heal|p1b: Ogerpon|20\/100|[from] Grassy Terrain\n|-damage|p1a: Urshifu|94\/100 brn|[from] brn\n|-sideend|p2: alfredd2640|move: Tailwind\n|upkeep\n|\n|t:|1700118808\n|switch|p2b: Articuno|Articuno-Galar, L50|63\/100\n|turn|9\n|inactive|made of bliss has 30 seconds left.\n|\n|t:|1700118833\n|move|p1a: Urshifu|Surging Strikes|p2b: Articuno\n|-crit|p2b: Articuno\n|-damage|p2b: Articuno|51\/100\n|-crit|p2b: Articuno\n|-damage|p2b: Articuno|38\/100\n|-crit|p2b: Articuno\n|-damage|p2b: Articuno|27\/100\n|-hitcount|p2b: Articuno|3\n|move|p1b: Ogerpon|Ivy Cudgel|p2a: Moltres|[anim] Ivy Cudgel Fire\n|-supereffective|p2a: Moltres\n|-damage|p2a: Moltres|0 fnt\n|faint|p2a: Moltres\n|move|p2b: Articuno|Air Slash|p1b: Ogerpon\n|-supereffective|p1b: Ogerpon\n|-damage|p1b: Ogerpon|0 fnt\n|faint|p1b: Ogerpon\n|\n|-heal|p1a: Urshifu|100\/100 brn|[from] Grassy Terrain\n|-damage|p1a: Urshifu|94\/100 brn|[from] brn\n|upkeep\n|\n|t:|1700118843\n|switch|p1b: Rillaboom|Rillaboom, L50, M|48\/100\n|turn|10\n|\n|t:|1700118850\n|move|p1b: Rillaboom|Fake Out|p2b: Articuno\n|-damage|p2b: Articuno|15\/100\n|move|p1a: Urshifu|Surging Strikes|p2b: Articuno\n|-crit|p2b: Articuno\n|-damage|p2b: Articuno|4\/100\n|-crit|p2b: Articuno\n|-damage|p2b: Articuno|0 fnt\n|faint|p2b: Articuno\n|-hitcount|p2: Articuno|2\n|\n|win|made of bliss\n|raw|made of bliss's rating: 1649 &rarr; <strong>1669<\/strong><br \/>(+20 for winning)\n|raw|alfredd2640's rating: 1654 &rarr; <strong>1634<\/strong><br \/>(-20 for losing)\n|l|\u2606alfredd2640\n|l|\u2606made of bliss\n","uploadtime":1700118863,"views":20,"p1id":"madeofbliss","p2id":"alfredd2640","formatid":"gen9vgc2023regulatione","rating":1634,"private":0,"password":""}