{"id":"gen9vgc2023regulatione-1989112983","p1":"Valhala Alfa","p2":"Vaain","format":"[Gen 9] VGC 2023 Regulation E","log":"|j|\u2606Valhala Alfa\n|j|\u2606Vaain\n|t:|1699813600\n|gametype|doubles\n|player|p1|Valhala Alfa|silver|1287\n|player|p2|Vaain|170|1233\n|teamsize|p1|6\n|teamsize|p2|6\n|gen|9\n|tier|[Gen 9] VGC 2023 Regulation E\n|rated|\n|rule|Species Clause: Limit one of each Pok\u00e9mon\n|rule|Item Clause: Limit one of each item\n|clearpoke\n|poke|p1|Dondozo, L50, F|\n|poke|p1|Tatsugiri, L50, M|\n|poke|p1|Glimmora, L50, F|\n|poke|p1|Urshifu-*, L50, F|\n|poke|p1|Ogerpon-Wellspring, L50, F|\n|poke|p1|Chi-Yu, L50|\n|poke|p2|Iron Hands, L50|\n|poke|p2|Chien-Pao, L50|\n|poke|p2|Ogerpon-Wellspring, L50, F|\n|poke|p2|Arcanine-Hisui, L50, M|\n|poke|p2|Cresselia, L50, F|\n|poke|p2|Ursaluna-Bloodmoon, L50, M|\n|teampreview|4\n|inactive|Battle timer is ON: inactive players will automatically lose when time's up. (requested by Valhala Alfa)\nValhala Alfa has agreed to open team sheets.\n|inactive|Valhala Alfa has 60 seconds left.\n|\n|t:|1699813656\n|start\n|switch|p1a: Urshifu|Urshifu, L50, F|100\/100\n|switch|p1b: Chi-Yu|Chi-Yu, L50|100\/100\n|switch|p2a: Loona|Cresselia, L50, F, shiny|100\/100\n|switch|p2b: idk|Ursaluna-Bloodmoon, L50, M|100\/100\n|-ability|p1b: Chi-Yu|Beads of Ruin\n|turn|1\n|inactive|Vaain has 30 seconds left.\n|\n|t:|1699813683\n|move|p2a: Loona|Ally Switch|p2a: Loona\n|swap|p2a: Loona|1|[from] move: Ally Switch\n|move|p1b: Chi-Yu|Snarl|p2b: Loona|[spread] p2a,p2b\n|-supereffective|p2b: Loona\n|-damage|p2a: idk|73\/100\n|-damage|p2b: Loona|59\/100\n|-unboost|p2a: idk|spa|1\n|-unboost|p2b: Loona|spa|1\n|move|p1a: Urshifu|Wicked Blow|p2a: idk\n|-crit|p2a: idk\n|-damage|p2a: idk|30\/100\n|move|p2a: idk|Moonblast|p1a: Urshifu\n|-supereffective|p1a: Urshifu\n|-damage|p1a: Urshifu|0 fnt\n|faint|p1a: Urshifu\n|\n|upkeep\n|\n|t:|1699813695\n|switch|p1a: Dondozo|Dondozo, L50, F|100\/100\n|turn|2\n|\n|t:|1699813710\n|switch|p2a: Them Hands|Iron Hands, L50, shiny|100\/100\n|move|p1a: Dondozo|Protect|p1a: Dondozo\n|-singleturn|p1a: Dondozo|Protect\n|move|p1b: Chi-Yu|Snarl|p2b: Loona|[spread] p2a,p2b\n|-resisted|p2a: Them Hands\n|-supereffective|p2b: Loona\n|-damage|p2a: Them Hands|88\/100\n|-damage|p2b: Loona|15\/100\n|-unboost|p2a: Them Hands|spa|1\n|-unboost|p2b: Loona|spa|1\n|move|p2b: Loona|Light Screen|p2b: Loona\n|-sidestart|p2: Vaain|move: Light Screen\n|\n|-heal|p2a: Them Hands|94\/100|[from] item: Leftovers\n|upkeep\n|turn|3\n|\n|t:|1699813727\n|switch|p1b: Tatsugiri|Tatsugiri, L50, M|100\/100\n|-activate|p1b: Tatsugiri|ability: Commander|[of] p1a: Dondozo\n|-boost|p1a: Dondozo|atk|2\n|-boost|p1a: Dondozo|spa|2\n|-boost|p1a: Dondozo|spe|2\n|-boost|p1a: Dondozo|def|2\n|-boost|p1a: Dondozo|spd|2\n|-terastallize|p1a: Dondozo|Dragon\n|move|p2a: Them Hands|Fake Out|p1a: Dondozo\n|-damage|p1a: Dondozo|96\/100\n|cant|p1a: Dondozo|flinch\n|move|p2b: Loona|Reflect|p2b: Loona\n|-sidestart|p2: Vaain|Reflect\n|\n|-heal|p1a: Dondozo|100\/100|[from] item: Leftovers\n|-heal|p2a: Them Hands|99\/100|[from] item: Leftovers\n|upkeep\n|turn|4\n|\n|t:|1699813749\n|switch|p2b: hjhjhj|Ogerpon-Wellspring, L50, F|100\/100\n|move|p1a: Dondozo|Order Up|p2b: hjhjhj\n|-damage|p2b: hjhjhj|51\/100\n|-boost|p1a: Dondozo|atk|1\n|move|p2a: Them Hands|Body Press|p1a: Dondozo\n|-damage|p1a: Dondozo|89\/100\n|\n|-heal|p1a: Dondozo|95\/100|[from] item: Leftovers\n|-heal|p2a: Them Hands|100\/100|[from] item: Leftovers\n|upkeep\n|turn|5\n|\n|t:|1699813769\n|move|p1a: Dondozo|Order Up|p2b: hjhjhj\n|-damage|p2b: hjhjhj|0 fnt\n|faint|p2b: hjhjhj\n|-boost|p1a: Dondozo|atk|1\n|move|p2a: Them Hands|Thunder Punch|p1a: Dondozo\n|-resisted|p1a: Dondozo\n|-damage|p1a: Dondozo|90\/100\n|-status|p1a: Dondozo|par\n|\n|-heal|p1a: Dondozo|96\/100 par|[from] item: Leftovers\n|upkeep\n|\n|t:|1699813780\n|switch|p2b: Loona|Cresselia, L50, F, shiny|15\/100\n|turn|6\n|\n|t:|1699813787\n|-terastallize|p2b: Loona|Fairy\n|move|p2b: Loona|Dazzling Gleam|p1a: Dondozo|[spread] p1a\n|-miss|p2b: Loona|p1b: Tatsugiri\n|-supereffective|p1a: Dondozo\n|-damage|p1a: Dondozo|81\/100 par\n|move|p1a: Dondozo|Order Up|p2b: Loona\n|-immune|p2b: Loona\n|move|p2a: Them Hands|Body Press|p1a: Dondozo\n|-damage|p1a: Dondozo|70\/100 par\n|\n|-heal|p1a: Dondozo|76\/100 par|[from] item: Leftovers\n|upkeep\n|turn|7\n|\n|t:|1699813807\n|move|p2b: Loona|Ally Switch|p2b: Loona\n|swap|p2b: Loona|0|[from] move: Ally Switch\n|move|p1a: Dondozo|Order Up|p2a: Loona\n|-immune|p2a: Loona\n|move|p2b: Them Hands|Body Press|p1a: Dondozo\n|-damage|p1a: Dondozo|65\/100 par\n|\n|-heal|p1a: Dondozo|71\/100 par|[from] item: Leftovers\n|upkeep\n|turn|8\n|\n|t:|1699813819\n|move|p2a: Loona|Dazzling Gleam|p1b: Tatsugiri|[spread] p1a\n|-miss|p2a: Loona|p1b: Tatsugiri\n|-supereffective|p1a: Dondozo\n|-damage|p1a: Dondozo|55\/100 par\n|move|p1a: Dondozo|Earthquake|p2b: Them Hands|[spread] p2b\n|-miss|p1a: Dondozo|p1b: Tatsugiri\n|-immune|p2a: Loona|[from] ability: Levitate\n|-supereffective|p2b: Them Hands\n|-damage|p2b: Them Hands|61\/100\n|move|p2b: Them Hands|Body Press|p1a: Dondozo\n|-damage|p1a: Dondozo|43\/100 par\n|\n|-heal|p1a: Dondozo|50\/100 par|[from] item: Leftovers\n|-heal|p2b: Them Hands|67\/100|[from] item: Leftovers\n|upkeep\n|turn|9\n|\n|t:|1699813830\n|cant|p1a: Dondozo|par\n|move|p2a: Loona|Dazzling Gleam|p1b: Tatsugiri|[spread] p1a\n|-miss|p2a: Loona|p1b: Tatsugiri\n|-supereffective|p1a: Dondozo\n|-damage|p1a: Dondozo|34\/100 par\n|move|p2b: Them Hands|Body Press|p1a: Dondozo\n|-damage|p1a: Dondozo|21\/100 par\n|\n|-heal|p1a: Dondozo|27\/100 par|[from] item: Leftovers\n|-heal|p2b: Them Hands|73\/100|[from] item: Leftovers\n|-sideend|p2: Vaain|move: Light Screen\n|upkeep\n|turn|10\n|\n|t:|1699813841\n|move|p2a: Loona|Dazzling Gleam|p1a: Dondozo|[spread] p1a\n|-miss|p2a: Loona|p1b: Tatsugiri\n|-supereffective|p1a: Dondozo\n|-damage|p1a: Dondozo|12\/100 par\n|move|p1a: Dondozo|Earthquake|p2a: Loona|[spread] p2b\n|-miss|p1a: Dondozo|p1b: Tatsugiri\n|-immune|p2a: Loona|[from] ability: Levitate\n|-supereffective|p2b: Them Hands\n|-damage|p2b: Them Hands|36\/100\n|move|p2b: Them Hands|Body Press|p1a: Dondozo\n|-damage|p1a: Dondozo|0 fnt\n|faint|p1a: Dondozo\n|\n|-heal|p2b: Them Hands|42\/100|[from] item: Leftovers\n|-sideend|p2: Vaain|Reflect\n|upkeep\n|\n|t:|1699813851\n|switch|p1a: Chi-Yu|Chi-Yu, L50|100\/100\n|-ability|p1a: Chi-Yu|Beads of Ruin\n|turn|11\n|\n|t:|1699813867\n|move|p1a: Chi-Yu|Heat Wave|p2a: Loona|[spread] p2a\n|-miss|p1a: Chi-Yu|p2b: Them Hands\n|-damage|p2a: Loona|0 fnt\n|faint|p2a: Loona\n|move|p1b: Tatsugiri|Icy Wind|p2b: Them Hands\n|-damage|p2b: Them Hands|27\/100\n|-unboost|p2b: Them Hands|spe|1\n|move|p2b: Them Hands|Body Press|p1a: Chi-Yu\n|-supereffective|p1a: Chi-Yu\n|-damage|p1a: Chi-Yu|0 fnt\n|faint|p1a: Chi-Yu\n|\n|-heal|p2b: Them Hands|33\/100|[from] item: Leftovers\n|upkeep\n|\n|t:|1699813875\n|switch|p2a: idk|Ursaluna-Bloodmoon, L50, M|30\/100\n|turn|12\n|\n|t:|1699813883\n|move|p1b: Tatsugiri|Surf|p2b: Them Hands|[spread] p2a,p2b\n|-supereffective|p2a: idk\n|-damage|p2a: idk|0 fnt\n|-damage|p2b: Them Hands|12\/100\n|faint|p2a: idk\n|move|p2b: Them Hands|Thunder Punch|p1b: Tatsugiri\n|-damage|p1b: Tatsugiri|66\/100\n|-status|p1b: Tatsugiri|par\n|\n|-heal|p2b: Them Hands|18\/100|[from] item: Leftovers\n|upkeep\n|turn|13\n|\n|t:|1699813893\n|cant|p1b: Tatsugiri|par\n|move|p2b: Them Hands|Body Press|p1b: Tatsugiri\n|-damage|p1b: Tatsugiri|24\/100 par\n|\n|-heal|p2b: Them Hands|24\/100|[from] item: Leftovers\n|upkeep\n|turn|14\n|\n|t:|1699813900\n|move|p2b: Them Hands|Protect|p2b: Them Hands\n|-singleturn|p2b: Them Hands|Protect\n|move|p1b: Tatsugiri|Draco Meteor|p2b: Them Hands\n|-activate|p2b: Them Hands|move: Protect\n|\n|-heal|p2b: Them Hands|30\/100|[from] item: Leftovers\n|upkeep\n|turn|15\n|\n|t:|1699813905\n|cant|p1b: Tatsugiri|par\n|move|p2b: Them Hands|Body Press|p1b: Tatsugiri\n|-damage|p1b: Tatsugiri|0 fnt\n|faint|p1b: Tatsugiri\n|\n|win|Vaain\n|raw|Valhala Alfa's rating: 1287 &rarr; <strong>1258<\/strong><br \/>(-29 for losing)\n|raw|Vaain's rating: 1233 &rarr; <strong>1262<\/strong><br \/>(+29 for winning)\n|c|\u2606Valhala Alfa|holy fuck... hax\n","uploadtime":1699813918,"views":21,"p1id":"valhalaalfa","p2id":"vaain","formatid":"gen9vgc2023regulatione","rating":1258,"private":0,"password":""}