{"id":"gen9vgc2023regulatione-1988049134","p1":"heavenz11","p2":"ChrolloLucilfer24","format":"[Gen 9] VGC 2023 Regulation E","log":"|j|\u2606heavenz11\n|j|\u2606ChrolloLucilfer24\n|t:|1699663306\n|gametype|doubles\n|player|p1|heavenz11|swimmer-gen4dp|1216\n|player|p2|ChrolloLucilfer24|burglar|1313\n|teamsize|p1|6\n|teamsize|p2|6\n|gen|9\n|tier|[Gen 9] VGC 2023 Regulation E\n|rated|\n|rule|Species Clause: Limit one of each Pok\u00e9mon\n|rule|Item Clause: Limit one of each item\n|clearpoke\n|poke|p1|Tornadus, L50, M|\n|poke|p1|Urshifu-*, L50, F|\n|poke|p1|Farigiraf, L50, M|\n|poke|p1|Rillaboom, L50, M|\n|poke|p1|Heatran, L50, M|\n|poke|p1|Flutter Mane, L50|\n|poke|p2|Sneasler, L50, M|\n|poke|p2|Armarouge, L50, M|\n|poke|p2|Indeedee-F, L50, F|\n|poke|p2|Milotic, L50, M|\n|poke|p2|Glimmora, L50, F|\n|poke|p2|Kingambit, L50, F|\n|teampreview|4\n|\n|t:|1699663334\n|start\n|switch|p1a: Tornadus|Tornadus, L50, M|100\/100\n|switch|p1b: Urshifu|Urshifu-Rapid-Strike, L50, F|100\/100\n|switch|p2a: Glimmora|Glimmora, L50, F|100\/100\n|switch|p2b: Armarouge|Armarouge, L50, M|100\/100\n|turn|1\n|\n|t:|1699663358\n|switch|p2b: Indeedee|Indeedee-F, L50, F|100\/100\n|-fieldstart|move: Psychic Terrain|[from] ability: Psychic Surge|[of] p2b: Indeedee\n|-terastallize|p1b: Urshifu|Water\n|move|p1b: Urshifu|Surging Strikes|p2a: Glimmora\n|-supereffective|p2a: Glimmora\n|-crit|p2a: Glimmora\n|-damage|p2a: Glimmora|47\/100\n|-activate|p2a: Glimmora|ability: Toxic Debris\n|-sidestart|p1: heavenz11|move: Toxic Spikes\n|-supereffective|p2a: Glimmora\n|-crit|p2a: Glimmora\n|-damage|p2a: Glimmora|0 fnt\n|-activate|p2a: Glimmora|ability: Toxic Debris\n|-sidestart|p1: heavenz11|move: Toxic Spikes\n|faint|p2a: Glimmora\n|-hitcount|p2: Glimmora|2\n|move|p1a: Tornadus|Bleakwind Storm|p2b: Indeedee\n|-damage|p2b: Indeedee|62\/100\n|\n|upkeep\n|\n|t:|1699663371\n|switch|p2a: Sneasler|Sneasler, L50, M|100\/100\n|-enditem|p2a: Sneasler|Psychic Seed\n|-boost|p2a: Sneasler|spd|1|[from] item: Psychic Seed\n|turn|2\n|\n|t:|1699663393\n|-terastallize|p2a: Sneasler|Rock\n|move|p2b: Indeedee|Fake Out|p1b: Urshifu\n|-activate|p1b: Urshifu|move: Psychic Terrain\n|move|p1a: Tornadus|Tailwind|p1a: Tornadus\n|-sidestart|p1: heavenz11|move: Tailwind\n|move|p1b: Urshifu|Surging Strikes|p2a: Sneasler\n|-supereffective|p2a: Sneasler\n|-crit|p2a: Sneasler\n|-damage|p2a: Sneasler|20\/100\n|-supereffective|p2a: Sneasler\n|-crit|p2a: Sneasler\n|-damage|p2a: Sneasler|0 fnt\n|faint|p2a: Sneasler\n|-hitcount|p2: Sneasler|2\n|\n|upkeep\n|\n|t:|1699663401\n|switch|p2a: Armarouge|Armarouge, L50, M|100\/100\n|turn|3\n|\n|t:|1699663412\n|move|p2b: Indeedee|Helping Hand|p2a: Armarouge\n|-singleturn|p2a: Armarouge|Helping Hand|[of] p2b: Indeedee\n|move|p1b: Urshifu|Surging Strikes|p2b: Indeedee\n|-crit|p2b: Indeedee\n|-damage|p2b: Indeedee|31\/100\n|-damage|p1b: Urshifu|84\/100|[from] item: Rocky Helmet|[of] p2b: Indeedee\n|-crit|p2b: Indeedee\n|-damage|p2b: Indeedee|0 fnt\n|-damage|p1b: Urshifu|67\/100|[from] item: Rocky Helmet|[of] p2b: Indeedee\n|faint|p2b: Indeedee\n|-hitcount|p2: Indeedee|2\n|move|p1a: Tornadus|Bleakwind Storm|p2a: Armarouge\n|-damage|p2a: Armarouge|48\/100\n|move|p2a: Armarouge|Expanding Force|p1a: Tornadus|[spread] p1a,p1b\n|-damage|p1a: Tornadus|3\/100\n|-damage|p1b: Urshifu|0 fnt\n|faint|p1b: Urshifu\n|\n|upkeep\n|\n|t:|1699663434\n|switch|p1b: Flutter Mane|Flutter Mane, L50|100\/100\n|-status|p1b: Flutter Mane|tox\n|turn|4\n|\n|t:|1699663441\n|move|p2a: Armarouge|Protect|p2a: Armarouge\n|-singleturn|p2a: Armarouge|Protect\n|move|p1b: Flutter Mane|Thunderbolt|p2a: Armarouge\n|-activate|p2a: Armarouge|move: Protect\n|move|p1a: Tornadus|Bleakwind Storm|p2a: Armarouge\n|-activate|p2a: Armarouge|move: Protect\n|\n|-damage|p1b: Flutter Mane|94\/100 tox|[from] psn\n|upkeep\n|turn|5\n|\n|t:|1699663454\n|move|p1b: Flutter Mane|Thunderbolt|p2a: Armarouge\n|-damage|p2a: Armarouge|0 fnt\n|faint|p2a: Armarouge\n|\n|win|heavenz11\n|raw|heavenz11's rating: 1216 &rarr; <strong>1248<\/strong><br \/>(+32 for winning)\n|raw|ChrolloLucilfer24's rating: 1313 &rarr; <strong>1288<\/strong><br \/>(-25 for losing)\n","uploadtime":1699663456,"views":13,"p1id":"heavenz11","p2id":"chrollolucilfer24","formatid":"gen9vgc2023regulatione","rating":1248,"private":0,"password":""}