{"id":"gen9vgc2023regulatione-1989765480","p1":"Ayresbrun","p2":"MacaroniNCheese","format":"[Gen 9] VGC 2023 Regulation E","log":"|j|\u2606Ayresbrun\n|j|\u2606MacaroniNCheese\n|t:|1699893852\n|gametype|doubles\n|player|p1|Ayresbrun|266|1180\n|player|p2|MacaroniNCheese|crasherwake|1252\n|teamsize|p1|6\n|teamsize|p2|6\n|gen|9\n|tier|[Gen 9] VGC 2023 Regulation E\n|rated|\n|rule|Species Clause: Limit one of each Pok\u00e9mon\n|rule|Item Clause: Limit one of each item\n|clearpoke\n|poke|p1|Flutter Mane, L50|\n|poke|p1|Tornadus, L50, M|\n|poke|p1|Heatran, L50, F|\n|poke|p1|Rillaboom, L50, M|\n|poke|p1|Arcanine, L50, F|\n|poke|p1|Hydreigon, L50, M|\n|poke|p2|Ninetales-Alola, L50, F|\n|poke|p2|Arcanine-Hisui, L50, M|\n|poke|p2|Iron Hands, L50|\n|poke|p2|Urshifu-*, L50, F|\n|poke|p2|Garchomp, L50, M|\n|poke|p2|Tornadus, L50, M|\n|teampreview|4\n|inactive|Battle timer is ON: inactive players will automatically lose when time's up. (requested by MacaroniNCheese)\nAyresbrun has agreed to open team sheets.\n|inactive|Ayresbrun has 60 seconds left.\n|inactive|Ayresbrun has 30 seconds left.\n|inactive|Ayresbrun has 20 seconds left.\n|\n|t:|1699893927\n|start\n|switch|p1a: Arcanine|Arcanine, L50, F|100\/100\n|switch|p1b: Tornadus|Tornadus, L50, M|100\/100\n|switch|p2a: Ninetales|Ninetales-Alola, L50, F|100\/100\n|switch|p2b: Iron Hands|Iron Hands, L50|100\/100\n|-weather|Snow|[from] ability: Snow Warning|[of] p2a: Ninetales\n|-ability|p1a: Arcanine|Intimidate|boost\n|-unboost|p2a: Ninetales|atk|1\n|-unboost|p2b: Iron Hands|atk|1\n|turn|1\n|\n|t:|1699893944\n|move|p2b: Iron Hands|Fake Out|p1a: Arcanine\n|-damage|p1a: Arcanine|90\/100\n|move|p1b: Tornadus|Sunny Day|p1b: Tornadus\n|-weather|SunnyDay\n|move|p2a: Ninetales|Aurora Veil||[still]\n|-fail|p2a: Ninetales\n|cant|p1a: Arcanine|flinch\n|\n|-weather|SunnyDay|[upkeep]\n|upkeep\n|turn|2\n|\n|t:|1699893969\n|move|p1b: Tornadus|Tailwind|p1b: Tornadus\n|-sidestart|p1: Ayresbrun|move: Tailwind\n|move|p1a: Arcanine|Will-O-Wisp|p2b: Iron Hands\n|-status|p2b: Iron Hands|brn\n|move|p2a: Ninetales|Encore|p1b: Tornadus\n|-start|p1b: Tornadus|Encore\n|move|p2b: Iron Hands|Wild Charge|p1b: Tornadus\n|-supereffective|p1b: Tornadus\n|-damage|p1b: Tornadus|71\/100\n|-damage|p2b: Iron Hands|95\/100 brn|[from] Recoil\n|\n|-weather|SunnyDay|[upkeep]\n|-damage|p2b: Iron Hands|89\/100 brn|[from] brn\n|upkeep\n|turn|3\n|inactive|MacaroniNCheese has 30 seconds left.\n|\n|t:|1699893998\n|switch|p1b: Rillaboom|Rillaboom, L50, M|100\/100\n|-fieldstart|move: Grassy Terrain|[from] ability: Grassy Surge|[of] p1b: Rillaboom\n|switch|p2a: Tornadus|Tornadus, L50, M|100\/100\n|move|p1a: Arcanine|Flare Blitz|p2a: Tornadus\n|-damage|p2a: Tornadus|0 fnt\n|faint|p2a: Tornadus\n|-damage|p1a: Arcanine|64\/100|[from] Recoil\n|move|p2b: Iron Hands|Drain Punch|p1a: Arcanine\n|-damage|p1a: Arcanine|50\/100\n|-heal|p2b: Iron Hands|95\/100 brn|[from] drain|[of] p1a: Arcanine\n|-enditem|p1a: Arcanine|Sitrus Berry|[eat]\n|-heal|p1a: Arcanine|75\/100|[from] item: Sitrus Berry\n|\n|-weather|SunnyDay|[upkeep]\n|-heal|p1a: Arcanine|81\/100|[from] Grassy Terrain\n|-heal|p2b: Iron Hands|100\/100 brn|[from] Grassy Terrain\n|-damage|p2b: Iron Hands|95\/100 brn|[from] brn\n|upkeep\n|\n|t:|1699894011\n|switch|p2a: Ninetales|Ninetales-Alola, L50, F|100\/100\n|-weather|Snow|[from] ability: Snow Warning|[of] p2a: Ninetales\n|turn|4\n|inactive|MacaroniNCheese has 30 seconds left.\n|\n|t:|1699894036\n|switch|p1a: Tornadus|Tornadus, L50, M|71\/100\n|-end|p2b: Iron Hands|Quark Drive|[silent]\n|switch|p2b: Garchomp|Garchomp, L50, M|100\/100\n|-terastallize|p2a: Ninetales|Water\n|move|p1b: Rillaboom|Fake Out|p2a: Ninetales\n|-damage|p2a: Ninetales|82\/100\n|cant|p2a: Ninetales|flinch\n|\n|-weather|Snow|[upkeep]\n|-heal|p2a: Ninetales|88\/100|[from] Grassy Terrain\n|upkeep\n|turn|5\n|\n|t:|1699894058\n|switch|p1b: Arcanine|Arcanine, L50, F|81\/100\n|-ability|p1b: Arcanine|Intimidate|boost\n|-unboost|p2a: Ninetales|atk|1\n|-unboost|p2b: Garchomp|atk|1\n|move|p1a: Tornadus|Sunny Day|p1a: Tornadus\n|-weather|SunnyDay\n|move|p2a: Ninetales|Freeze-Dry|p1b: Arcanine\n|-resisted|p1b: Arcanine\n|-damage|p1b: Arcanine|69\/100\n|move|p2b: Garchomp|Rock Slide|p1b: Arcanine|[spread] p1a,p1b\n|-supereffective|p1a: Tornadus\n|-supereffective|p1b: Arcanine\n|-damage|p1a: Tornadus|46\/100\n|-damage|p1b: Arcanine|42\/100\n|\n|-weather|SunnyDay|[upkeep]\n|-heal|p1b: Arcanine|48\/100|[from] Grassy Terrain\n|-heal|p2a: Ninetales|94\/100|[from] Grassy Terrain\n|-sideend|p1: Ayresbrun|move: Tailwind\n|upkeep\n|turn|6\n|\n|t:|1699894079\n|switch|p2a: Iron Hands|Iron Hands, L50|95\/100 brn\n|move|p1b: Arcanine|Protect|p1b: Arcanine\n|-singleturn|p1b: Arcanine|Protect\n|move|p2b: Garchomp|Rock Slide|p1a: Tornadus|[spread] p1a\n|-activate|p1b: Arcanine|move: Protect\n|-supereffective|p1a: Tornadus\n|-damage|p1a: Tornadus|21\/100\n|move|p1a: Tornadus|Grass Knot|p2a: Iron Hands\n|-damage|p2a: Iron Hands|77\/100 brn\n|\n|-weather|SunnyDay|[upkeep]\n|-heal|p1b: Arcanine|54\/100|[from] Grassy Terrain\n|-heal|p2a: Iron Hands|83\/100 brn|[from] Grassy Terrain\n|-damage|p2a: Iron Hands|77\/100 brn|[from] brn\n|upkeep\n|turn|7\n|inactive|Ayresbrun has 30 seconds left.\n|inactive|Ayresbrun has 20 seconds left.\n|inactive|Ayresbrun has 15 seconds left.\n|\n|t:|1699894119\n|switch|p1b: Flutter Mane|Flutter Mane, L50|100\/100\n|-activate|p1b: Flutter Mane|ability: Protosynthesis\n|-start|p1b: Flutter Mane|protosynthesisspa\n|move|p1a: Tornadus|Tailwind|p1a: Tornadus\n|-sidestart|p1: Ayresbrun|move: Tailwind\n|move|p2b: Garchomp|Rock Slide|p1b: Flutter Mane|[spread] p1a,p1b\n|-supereffective|p1a: Tornadus\n|-damage|p1a: Tornadus|0 fnt\n|-damage|p1b: Flutter Mane|79\/100\n|faint|p1a: Tornadus\n|move|p2a: Iron Hands|Drain Punch|p1b: Flutter Mane\n|-immune|p1b: Flutter Mane\n|\n|-weather|SunnyDay|[upkeep]\n|-heal|p1b: Flutter Mane|84\/100|[from] Grassy Terrain\n|-heal|p2a: Iron Hands|83\/100 brn|[from] Grassy Terrain\n|-damage|p2a: Iron Hands|77\/100 brn|[from] brn\n|-fieldend|move: Grassy Terrain\n|upkeep\n|\n|t:|1699894138\n|switch|p1a: Rillaboom|Rillaboom, L50, M|100\/100\n|-fieldstart|move: Grassy Terrain|[from] ability: Grassy Surge|[of] p1a: Rillaboom\n|turn|8\n|inactive|MacaroniNCheese has 30 seconds left.\n|inactive|MacaroniNCheese has 20 seconds left.\n|\n|t:|1699894176\n|-end|p2a: Iron Hands|Quark Drive|[silent]\n|switch|p2a: Ninetales|Ninetales-Alola, L50, F, tera:Water|94\/100\n|-weather|Snow|[from] ability: Snow Warning|[of] p2a: Ninetales\n|-end|p1b: Flutter Mane|Protosynthesis\n|-terastallize|p1b: Flutter Mane|Fairy\n|move|p1a: Rillaboom|Fake Out|p2a: Ninetales\n|-damage|p2a: Ninetales|75\/100\n|move|p1b: Flutter Mane|Dazzling Gleam|p2a: Ninetales|[spread] p2a,p2b\n|-supereffective|p2b: Garchomp\n|-damage|p2a: Ninetales|9\/100\n|-damage|p2b: Garchomp|0 fnt\n|faint|p2b: Garchomp\n|\n|-weather|Snow|[upkeep]\n|-heal|p1b: Flutter Mane|90\/100|[from] Grassy Terrain\n|-heal|p2a: Ninetales|16\/100|[from] Grassy Terrain\n|upkeep\n|\n|t:|1699894190\n|switch|p2b: Iron Hands|Iron Hands, L50|77\/100 brn\n|turn|9\n|\n|t:|1699894202\n|-end|p1b: Flutter Mane|Protosynthesis|[silent]\n|switch|p1b: Arcanine|Arcanine, L50, F|54\/100\n|-ability|p1b: Arcanine|Intimidate|boost\n|-unboost|p2a: Ninetales|atk|1\n|-unboost|p2b: Iron Hands|atk|1\n|move|p2b: Iron Hands|Fake Out|p1b: Arcanine\n|-damage|p1b: Arcanine|49\/100\n|move|p1a: Rillaboom|Grassy Glide|p2a: Ninetales\n|-supereffective|p2a: Ninetales\n|-crit|p2a: Ninetales\n|-damage|p2a: Ninetales|0 fnt\n|faint|p2a: Ninetales\n|\n|-weather|Snow|[upkeep]\n|-heal|p1b: Arcanine|55\/100|[from] Grassy Terrain\n|-heal|p2b: Iron Hands|83\/100 brn|[from] Grassy Terrain\n|-damage|p2b: Iron Hands|77\/100 brn|[from] brn\n|upkeep\n|turn|10\n|-message|MacaroniNCheese forfeited.\n|\n|win|Ayresbrun\n|raw|Ayresbrun's rating: 1180 &rarr; <strong>1210<\/strong><br \/>(+30 for winning)\n|raw|MacaroniNCheese's rating: 1252 &rarr; <strong>1222<\/strong><br \/>(-30 for losing)\n|l|\u2606MacaroniNCheese\n","uploadtime":1699894219,"views":10,"p1id":"ayresbrun","p2id":"macaronincheese","formatid":"gen9vgc2023regulatione","rating":1210,"private":0,"password":""}