{"id":"gen9vgc2023regulatione-1996749638","p1":"toralf","p2":"xingshen","format":"[Gen 9] VGC 2023 Regulation E","log":"|j|\u2606toralf\n|j|\u2606xingshen\n|t:|1700718773\n|gametype|doubles\n|player|p1|toralf|169|1151\n|player|p2|xingshen|dawn|1084\n|teamsize|p1|6\n|teamsize|p2|6\n|gen|9\n|tier|[Gen 9] VGC 2023 Regulation E\n|rated|\n|rule|Species Clause: Limit one of each Pok\u00e9mon\n|rule|Item Clause: Limit one of each item\n|clearpoke\n|poke|p1|Weezing, L50, M|\n|poke|p1|Landorus-Therian, L50, M|\n|poke|p1|Roaring Moon, L50|\n|poke|p1|Flutter Mane, L50|\n|poke|p1|Iron Hands, L50|\n|poke|p1|Ogerpon-Wellspring, L50, F|\n|poke|p2|Arcanine-Hisui, L50, M|\n|poke|p2|Ogerpon-Cornerstone, L50, F|\n|poke|p2|Heatran, L50, M|\n|poke|p2|Lycanroc, L50, M|\n|poke|p2|Tyranitar, L50, F|\n|poke|p2|Tornadus, L50, M|\n|teampreview|4\n|\n|t:|1700718815\n|start\n|switch|p1a: Weezing|Weezing, L50, M|100\/100\n|switch|p1b: Roaring Moon|Roaring Moon, L50|100\/100\n|switch|p2a: Heatran|Heatran, L50, M|100\/100\n|switch|p2b: Tornadus|Tornadus, L50, M, shiny|100\/100\n|-ability|p1a: Weezing|Neutralizing Gas\n|-enditem|p1b: Roaring Moon|Booster Energy\n|-activate|p1b: Roaring Moon|ability: Protosynthesis|[fromitem]\n|-start|p1b: Roaring Moon|protosynthesisspe\n|turn|1\n|\n|t:|1700718840\n|switch|p2b: Arcanine|Arcanine-Hisui, L50, M|100\/100\n|move|p1b: Roaring Moon|Knock Off|p2a: Heatran\n|-damage|p2a: Heatran|60\/100\n|-enditem|p2a: Heatran|Leftovers|[from] move: Knock Off|[of] p1b: Roaring Moon\n|move|p2a: Heatran|Iron Defense|p2a: Heatran\n|-boost|p2a: Heatran|def|2\n|move|p1a: Weezing|Taunt|p2b: Arcanine\n|-start|p2b: Arcanine|move: Taunt\n|\n|upkeep\n|turn|2\n|\n|t:|1700718875\n|move|p1b: Roaring Moon|Knock Off|p2b: Arcanine\n|-damage|p2b: Arcanine|44\/100\n|-enditem|p2b: Arcanine|Choice Band|[from] move: Knock Off|[of] p1b: Roaring Moon\n|move|p2b: Arcanine|Rock Slide|p1b: Roaring Moon|[spread] p1a,p1b\n|-damage|p1a: Weezing|74\/100\n|-damage|p1b: Roaring Moon|61\/100\n|move|p2a: Heatran|Heat Wave|p1b: Roaring Moon|[spread] p1a,p1b\n|-resisted|p1b: Roaring Moon\n|-damage|p1a: Weezing|39\/100\n|-damage|p1b: Roaring Moon|43\/100\n|-status|p1a: Weezing|brn\n|-enditem|p1a: Weezing|Sitrus Berry|[eat]\n|-heal|p1a: Weezing|64\/100 brn|[from] item: Sitrus Berry\n|cant|p1a: Weezing|flinch\n|\n|-damage|p1a: Weezing|59\/100 brn|[from] brn\n|upkeep\n|turn|3\n|\n|t:|1700718898\n|move|p2b: Arcanine|Extreme Speed|p1b: Roaring Moon\n|-damage|p1b: Roaring Moon|10\/100\n|move|p1b: Roaring Moon|Tailwind|p1b: Roaring Moon\n|-sidestart|p1: toralf|move: Tailwind\n|move|p1a: Weezing|Sludge Bomb|p2b: Arcanine\n|-resisted|p2b: Arcanine\n|-damage|p2b: Arcanine|27\/100\n|move|p2a: Heatran|Heat Wave|p1a: Weezing|[spread] p1a,p1b\n|-resisted|p1b: Roaring Moon\n|-damage|p1a: Weezing|22\/100 brn\n|-damage|p1b: Roaring Moon|0 fnt\n|faint|p1b: Roaring Moon\n|-end|p1b: Roaring Moon|Protosynthesis|[silent]\n|\n|-damage|p1a: Weezing|16\/100 brn|[from] brn\n|-end|p2b: Arcanine|move: Taunt\n|upkeep\n|\n|t:|1700718916\n|switch|p1b: Landorus|Landorus-Therian, L50, M|100\/100\n|turn|4\n|\n|t:|1700718931\n|-end|p1a: Weezing|ability: Neutralizing Gas\n|-ability|p1b: Landorus|Intimidate|boost\n|-unboost|p2a: Heatran|atk|1\n|-unboost|p2b: Arcanine|atk|1\n|-ability|p2b: Arcanine|Intimidate|boost\n|-unboost|p1a: Weezing|atk|1\n|-unboost|p1b: Landorus|atk|1\n|switch|p1a: Flutter Mane|Flutter Mane, L50|100\/100\n|move|p2a: Heatran|Protect|p2a: Heatran\n|-singleturn|p2a: Heatran|Protect\n|move|p2b: Arcanine|Extreme Speed|p1a: Flutter Mane\n|-immune|p1a: Flutter Mane\n|move|p1b: Landorus|Stomping Tantrum|p2a: Heatran\n|-activate|p2a: Heatran|move: Protect\n|\n|upkeep\n|turn|5\n|\n|t:|1700718978\n|-terastallize|p2a: Heatran|Grass\n|move|p2b: Arcanine|Extreme Speed|p1b: Landorus\n|-damage|p1b: Landorus|77\/100\n|move|p1b: Landorus|Stomping Tantrum|p2b: Arcanine\n|-supereffective|p2b: Arcanine\n|-damage|p2b: Arcanine|0 fnt\n|faint|p2b: Arcanine\n|move|p1a: Flutter Mane|Thunderbolt|p2a: Heatran\n|-resisted|p2a: Heatran\n|-damage|p2a: Heatran|37\/100\n|move|p2a: Heatran|Heat Wave|p1a: Flutter Mane|[spread] p1a,p1b\n|-damage|p1a: Flutter Mane|61\/100\n|-damage|p1b: Landorus|24\/100\n|\n|upkeep\n|\n|t:|1700718995\n|switch|p2b: Tornadus|Tornadus, L50, M, shiny|100\/100\n|turn|6\n|\n|t:|1700719004\n|switch|p1b: Weezing|Weezing, L50, M|16\/100 brn\n|-ability|p1b: Weezing|Neutralizing Gas\n|move|p2a: Heatran|Protect|p2a: Heatran\n|-singleturn|p2a: Heatran|Protect\n|move|p1a: Flutter Mane|Thunderbolt|p2b: Tornadus\n|-supereffective|p2b: Tornadus\n|-damage|p2b: Tornadus|0 fnt\n|faint|p2b: Tornadus\n|\n|-damage|p1b: Weezing|10\/100 brn|[from] brn\n|-sideend|p1: toralf|move: Tailwind\n|upkeep\n|\n|t:|1700719018\n|switch|p2b: Lycanroc|Lycanroc, L50, M|100\/100\n|turn|7\n|\n|t:|1700719035\n|-end|p1a: Flutter Mane|Protosynthesis|[silent]\n|switch|p1a: Landorus|Landorus-Therian, L50, M|24\/100\n|move|p2b: Lycanroc|Accelerock|p1a: Landorus\n|-damage|p1a: Landorus|0 fnt\n|faint|p1a: Landorus\n|move|p2a: Heatran|Heat Wave|p1b: Weezing\n|-damage|p1b: Weezing|0 fnt\n|faint|p1b: Weezing\n|-end|p1b: Weezing|ability: Neutralizing Gas\n|\n|upkeep\n|\n|t:|1700719047\n|switch|p1b: Flutter Mane|Flutter Mane, L50|61\/100\n|turn|8\n|\n|t:|1700719055\n|-terastallize|p1b: Flutter Mane|Fairy\n|move|p2b: Lycanroc|Accelerock|p1b: Flutter Mane\n|-damage|p1b: Flutter Mane|17\/100\n|move|p1b: Flutter Mane|Dazzling Gleam|p2b: Lycanroc|[spread] p2a,p2b\n|-damage|p2a: Heatran|0 fnt\n|-enditem|p2b: Lycanroc|Focus Sash\n|-damage|p2b: Lycanroc|1\/100\n|faint|p2a: Heatran\n|\n|upkeep\n|turn|9\n|\n|t:|1700719067\n|move|p2b: Lycanroc|Accelerock|p1b: Flutter Mane\n|-damage|p1b: Flutter Mane|0 fnt\n|faint|p1b: Flutter Mane\n|-end|p1b: Flutter Mane|Protosynthesis|[silent]\n|\n|win|xingshen\n|raw|toralf's rating: 1151 &rarr; <strong>1121<\/strong><br \/>(-30 for losing)\n|raw|xingshen's rating: 1084 &rarr; <strong>1117<\/strong><br \/>(+33 for winning)\n|l|\u2606toralf\n","uploadtime":1700719076,"views":2,"p1id":"toralf","p2id":"xingshen","formatid":"gen9vgc2023regulatione","rating":1117,"private":0,"password":""}