{"id":"gen9vgc2023regulatione-1996578276","p1":"VeeGey","p2":"xdr4k300","format":"[Gen 9] VGC 2023 Regulation E","log":"|j|\u2606VeeGey\n|j|\u2606xdr4k300\n|t:|1700696434\n|gametype|doubles\n|player|p1|VeeGey|crasherwake|1051\n|player|p2|xdr4k300|roughneck-gen4|1107\n|teamsize|p1|6\n|teamsize|p2|6\n|gen|9\n|tier|[Gen 9] VGC 2023 Regulation E\n|rated|\n|rule|Species Clause: Limit one of each Pok\u00e9mon\n|rule|Item Clause: Limit one of each item\n|clearpoke\n|poke|p1|Meowscarada, L50, M|\n|poke|p1|Tauros-Paldea-Blaze, L50, M|\n|poke|p1|Corviknight, L50, F|\n|poke|p1|Stantler, L50, M|\n|poke|p1|Urshifu-*, L50, M|\n|poke|p1|Inteleon, L50, M|\n|poke|p2|Chi-Yu, L50|\n|poke|p2|Flutter Mane, L50|\n|poke|p2|Landorus-Therian, L50, M|\n|poke|p2|Rillaboom, L50, F|\n|poke|p2|Tornadus, L50, M|\n|poke|p2|Okidogi, L50, M|\n|teampreview|4\n|inactive|Battle timer is ON: inactive players will automatically lose when time's up. (requested by VeeGey)\n|inactive|xdr4k300 has 60 seconds left.\nVeeGey rejected open team sheets.\n|inactive|xdr4k300 has 30 seconds left.\n|inactive|xdr4k300 has 20 seconds left.\n|\n|t:|1700696507\n|start\n|switch|p1a: Stantler|Stantler, L50, M|100\/100\n|switch|p1b: Corviknight|Corviknight, L50, F|100\/100\n|switch|p2a: Tornadus|Tornadus, L50, M|100\/100\n|switch|p2b: Landorus|Landorus-Therian, L50, M|100\/100\n|-ability|p2b: Landorus|Intimidate|boost\n|-unboost|p1a: Stantler|atk|1\n|-unboost|p1b: Corviknight|atk|1\n|-ability|p1a: Stantler|Intimidate|boost\n|-unboost|p2a: Tornadus|atk|1\n|-unboost|p2b: Landorus|atk|1\n|-ability|p1b: Corviknight|Pressure\n|turn|1\n|\n|t:|1700696530\n|move|p2a: Tornadus|Taunt|p1a: Stantler\n|-start|p1a: Stantler|move: Taunt\n|move|p2b: Landorus|U-turn|p1a: Stantler\n|-damage|p1a: Stantler|79\/100\n|\n|t:|1700696536\n|switch|p2b: Okidogi|Okidogi, L50, M|100\/100|[from] U-turn\n|cant|p1a: Stantler|move: Taunt|Thunder Wave\n|move|p1b: Corviknight|Iron Defense|p1b: Corviknight\n|-boost|p1b: Corviknight|def|2\n|\n|upkeep\n|turn|2\n|\n|t:|1700696549\n|-terastallize|p2b: Okidogi|Dragon\n|move|p2a: Tornadus|Taunt|p1b: Corviknight\n|-start|p1b: Corviknight|move: Taunt\n|move|p2b: Okidogi|Bulk Up|p2b: Okidogi\n|-boost|p2b: Okidogi|atk|1\n|-boost|p2b: Okidogi|def|1\n|move|p1a: Stantler|Psyshield Bash|p2b: Okidogi\n|-damage|p2b: Okidogi|95\/100\n|-boost|p1a: Stantler|def|1\n|move|p1b: Corviknight|Body Press|p2a: Tornadus\n|-resisted|p2a: Tornadus\n|-damage|p2a: Tornadus|71\/100\n|\n|-heal|p2b: Okidogi|100\/100|[from] item: Leftovers\n|upkeep\n|turn|3\n|\n|t:|1700696572\n|move|p2a: Tornadus|Bleakwind Storm|p1b: Corviknight|[spread] p1a,p1b\n|-resisted|p1b: Corviknight\n|-damage|p1a: Stantler|61\/100\n|-damage|p1b: Corviknight|85\/100\n|-unboost|p1a: Stantler|spe|1\n|move|p2b: Okidogi|Bulk Up|p2b: Okidogi\n|-boost|p2b: Okidogi|atk|1\n|-boost|p2b: Okidogi|def|1\n|move|p1b: Corviknight|Body Press|p2b: Okidogi\n|-damage|p2b: Okidogi|79\/100\n|move|p1a: Stantler|Psyshield Bash|p2b: Okidogi\n|-damage|p2b: Okidogi|74\/100\n|-boost|p1a: Stantler|def|1\n|\n|-heal|p2b: Okidogi|80\/100|[from] item: Leftovers\n|-heal|p1b: Corviknight|91\/100|[from] item: Leftovers\n|-end|p1a: Stantler|move: Taunt\n|upkeep\n|turn|4\n|inactive|xdr4k300 has 30 seconds left.\n|\n|t:|1700696598\n|move|p2a: Tornadus|Taunt|p1a: Stantler\n|-start|p1a: Stantler|move: Taunt\n|move|p2b: Okidogi|Bulk Up|p2b: Okidogi\n|-boost|p2b: Okidogi|atk|1\n|-boost|p2b: Okidogi|def|1\n|move|p1b: Corviknight|Body Press|p2b: Okidogi\n|-damage|p2b: Okidogi|61\/100\n|cant|p1a: Stantler|move: Taunt|Thunder Wave\n|\n|-heal|p2b: Okidogi|67\/100|[from] item: Leftovers\n|-heal|p1b: Corviknight|97\/100|[from] item: Leftovers\n|-end|p1b: Corviknight|move: Taunt\n|upkeep\n|turn|5\n|\n|t:|1700696622\n|move|p2a: Tornadus|Taunt|p1b: Corviknight\n|-start|p1b: Corviknight|move: Taunt\n|move|p2b: Okidogi|Drain Punch|p1b: Corviknight\n|-damage|p1b: Corviknight|66\/100\n|-heal|p2b: Okidogi|84\/100|[from] drain|[of] p1b: Corviknight\n|move|p1b: Corviknight|Body Press|p2b: Okidogi\n|-damage|p2b: Okidogi|67\/100\n|move|p1a: Stantler|Psyshield Bash|p2b: Okidogi\n|-damage|p2b: Okidogi|64\/100\n|-boost|p1a: Stantler|def|1\n|\n|-heal|p2b: Okidogi|70\/100|[from] item: Leftovers\n|-heal|p1b: Corviknight|72\/100|[from] item: Leftovers\n|upkeep\n|turn|6\n|\n|t:|1700696643\n|move|p2a: Tornadus|Bleakwind Storm|p1a: Stantler|[spread] p1a,p1b\n|-resisted|p1b: Corviknight\n|-damage|p1a: Stantler|41\/100\n|-damage|p1b: Corviknight|58\/100\n|move|p2b: Okidogi|Drain Punch|p1b: Corviknight\n|-damage|p1b: Corviknight|30\/100\n|-heal|p2b: Okidogi|85\/100|[from] drain|[of] p1b: Corviknight\n|move|p1b: Corviknight|Body Press|p2a: Tornadus\n|-resisted|p2a: Tornadus\n|-damage|p2a: Tornadus|40\/100\n|move|p1a: Stantler|Psyshield Bash|p2b: Okidogi|[miss]\n|-miss|p1a: Stantler|p2b: Okidogi\n|\n|-heal|p2b: Okidogi|91\/100|[from] item: Leftovers\n|-heal|p1b: Corviknight|36\/100|[from] item: Leftovers\n|-end|p1a: Stantler|move: Taunt\n|upkeep\n|turn|7\n|\n|t:|1700696663\n|move|p2a: Tornadus|Taunt|p1a: Stantler\n|-start|p1a: Stantler|move: Taunt\n|move|p2b: Okidogi|Drain Punch|p1a: Stantler\n|-supereffective|p1a: Stantler\n|-damage|p1a: Stantler|0 fnt\n|-heal|p2b: Okidogi|100\/100|[from] drain|[of] p1a: Stantler\n|faint|p1a: Stantler\n|move|p1b: Corviknight|Body Press|p2a: Tornadus\n|-resisted|p2a: Tornadus\n|-crit|p2a: Tornadus\n|-damage|p2a: Tornadus|0 fnt\n|faint|p2a: Tornadus\n|\n|-heal|p1b: Corviknight|41\/100|[from] item: Leftovers\n|-end|p1b: Corviknight|move: Taunt\n|upkeep\n|\n|t:|1700696680\n|switch|p2a: Landorus|Landorus-Therian, L50, M|100\/100\n|switch|p1a: Inteleon|Inteleon, L50, M|100\/100\n|-ability|p2a: Landorus|Intimidate|boost\n|-unboost|p1a: Inteleon|atk|1\n|-unboost|p1b: Corviknight|atk|1\n|turn|8\n|\n|t:|1700696700\n|-terastallize|p1b: Corviknight|Ground\n|move|p2b: Okidogi|Protect|p2b: Okidogi\n|-singleturn|p2b: Okidogi|Protect\n|move|p1a: Inteleon|Ice Beam|p2b: Okidogi\n|-activate|p2b: Okidogi|move: Protect\n|move|p2a: Landorus|Rock Slide|p1b: Corviknight|[spread] p1a,p1b\n|-resisted|p1b: Corviknight\n|-damage|p1a: Inteleon|64\/100\n|-damage|p1b: Corviknight|38\/100\n|move|p1b: Corviknight|Roost|p1b: Corviknight\n|-heal|p1b: Corviknight|88\/100\n|\n|-heal|p1b: Corviknight|94\/100|[from] item: Leftovers\n|upkeep\n|turn|9\n|inactive|xdr4k300 has 30 seconds left.\n|inactive|xdr4k300 has 20 seconds left.\n|\n|t:|1700696736\n|move|p1a: Inteleon|Ice Beam|p2b: Okidogi\n|-supereffective|p2b: Okidogi\n|-crit|p2b: Okidogi\n|-damage|p2b: Okidogi|0 fnt\n|faint|p2b: Okidogi\n|move|p2a: Landorus|Stomping Tantrum|p1a: Inteleon\n|-damage|p1a: Inteleon|0 fnt\n|faint|p1a: Inteleon\n|move|p1b: Corviknight|Iron Defense|p1b: Corviknight\n|-boost|p1b: Corviknight|def|2\n|\n|-heal|p1b: Corviknight|99\/100|[from] item: Leftovers\n|upkeep\n|\n|t:|1700696749\n|switch|p1a: Urshifu|Urshifu, L50, M|100\/100\n|switch|p2b: Flutter Mane|Flutter Mane, L50|100\/100\n|turn|10\n|\n|t:|1700696761\n|move|p1a: Urshifu|Sucker Punch|p2b: Flutter Mane\n|-damage|p2b: Flutter Mane|30\/100\n|move|p2b: Flutter Mane|Energy Ball|p1b: Corviknight\n|-supereffective|p1b: Corviknight\n|-damage|p1b: Corviknight|29\/100\n|-damage|p2b: Flutter Mane|20\/100|[from] item: Life Orb\n|move|p2a: Landorus|Rock Slide|p1b: Corviknight|[spread] p1a\n|-miss|p2a: Landorus|p1b: Corviknight\n|-resisted|p1a: Urshifu\n|-damage|p1a: Urshifu|91\/100\n|move|p1b: Corviknight|Body Press|p2a: Landorus\n|-resisted|p2a: Landorus\n|-damage|p2a: Landorus|52\/100\n|\n|-heal|p1b: Corviknight|35\/100|[from] item: Leftovers\n|upkeep\n|turn|11\n|inactive|VeeGey has 30 seconds left.\n|\n|t:|1700696789\n|move|p2b: Flutter Mane|Protect|p2b: Flutter Mane\n|-singleturn|p2b: Flutter Mane|Protect\n|move|p1a: Urshifu|Sucker Punch|p2a: Landorus\n|-damage|p2a: Landorus|8\/100\n|move|p2a: Landorus|Rock Slide|p1b: Corviknight|[spread] p1a,p1b\n|-resisted|p1a: Urshifu\n|-resisted|p1b: Corviknight\n|-damage|p1a: Urshifu|80\/100\n|-damage|p1b: Corviknight|33\/100\n|move|p1b: Corviknight|Roost|p1b: Corviknight\n|-heal|p1b: Corviknight|83\/100\n|\n|-heal|p1b: Corviknight|89\/100|[from] item: Leftovers\n|upkeep\n|turn|12\n|\n|t:|1700696808\n|move|p2b: Flutter Mane|Protect|p2b: Flutter Mane\n|-singleturn|p2b: Flutter Mane|Protect\n|move|p1a: Urshifu|Sucker Punch||[still]\n|-fail|p1a: Urshifu\n|move|p2a: Landorus|Stomping Tantrum|p1a: Urshifu\n|-damage|p1a: Urshifu|43\/100\n|move|p1b: Corviknight|Body Press|p2a: Landorus\n|-resisted|p2a: Landorus\n|-damage|p2a: Landorus|0 fnt\n|faint|p2a: Landorus\n|\n|-heal|p1b: Corviknight|95\/100|[from] item: Leftovers\n|upkeep\n|turn|13\n|-message|xdr4k300 forfeited.\n|\n|win|VeeGey\n|raw|VeeGey's rating: 1051 &rarr; <strong>1089<\/strong><br \/>(+38 for winning)\n|raw|xdr4k300's rating: 1107 &rarr; <strong>1078<\/strong><br \/>(-29 for losing)\n|l|\u2606xdr4k300\n|c|\u2606VeeGey|Gg\n","uploadtime":1700696826,"views":6,"p1id":"veegey","p2id":"xdr4k300","formatid":"gen9vgc2023regulatione","rating":1078,"private":0,"password":""}