{"id":"gen9vgc2023regulatione-1998713518","p1":"CharlienoB","p2":"Junkman3713","format":"[Gen 9] VGC 2023 Regulation E","log":"|j|\u2606CharlienoB\n|j|\u2606Junkman3713\n|t:|1700976517\n|gametype|doubles\n|player|p1|CharlienoB|169|1126\n|player|p2|Junkman3713|170|1121\n|teamsize|p1|6\n|teamsize|p2|6\n|gen|9\n|tier|[Gen 9] VGC 2023 Regulation E\n|rated|\n|rule|Species Clause: Limit one of each Pok\u00e9mon\n|rule|Item Clause: Limit one of each item\n|clearpoke\n|poke|p1|Glimmora, L50, F|\n|poke|p1|Empoleon, L50, M|\n|poke|p1|Hippowdon, L50, M|\n|poke|p1|Arcanine-Hisui, L50, M|\n|poke|p1|Rillaboom, L50, M|\n|poke|p1|Hawlucha, L50, M|\n|poke|p2|Appletun, L50, M|\n|poke|p2|Oranguru, L50, F|\n|poke|p2|Ambipom, L50, M|\n|poke|p2|Empoleon, L50, F|\n|poke|p2|Flutter Mane, L50|\n|poke|p2|Iron Hands, L50|\n|teampreview|4\n|inactive|Battle timer is ON: inactive players will automatically lose when time's up. (requested by CharlienoB)\n|\n|t:|1700976554\n|start\n|switch|p1a: Arcanine|Arcanine-Hisui, L50, M|100\/100\n|switch|p1b: Rillaboom|Rillaboom, L50, M|100\/100\n|switch|p2a: Oranguru|Oranguru, L50, F|100\/100\n|switch|p2b: Flutter Mane|Flutter Mane, L50|100\/100\n|-ability|p1a: Arcanine|Intimidate|boost\n|-unboost|p2a: Oranguru|atk|1\n|-unboost|p2b: Flutter Mane|atk|1\n|-fieldstart|move: Grassy Terrain|[from] ability: Grassy Surge|[of] p1b: Rillaboom\n|-enditem|p2b: Flutter Mane|Booster Energy\n|-activate|p2a: Oranguru|ability: Symbiosis|Choice Specs|[of] p2b: Flutter Mane\n|-activate|p2b: Flutter Mane|ability: Protosynthesis|[fromitem]\n|-start|p2b: Flutter Mane|protosynthesisspe\n|turn|1\n|inactive|CharlienoB has 30 seconds left.\n|inactive|Junkman3713 has 30 seconds left.\n|inactive|Junkman3713 has 20 seconds left.\n|\n|t:|1700976591\n|-terastallize|p2b: Flutter Mane|Fairy\n|move|p2b: Flutter Mane|Mystical Fire|p1b: Rillaboom\n|-supereffective|p1b: Rillaboom\n|-crit|p1b: Rillaboom\n|-damage|p1b: Rillaboom|0 fnt\n|faint|p1b: Rillaboom\n|move|p1a: Arcanine|Flare Blitz|p2b: Flutter Mane\n|-crit|p2b: Flutter Mane\n|-damage|p2b: Flutter Mane|0 fnt\n|faint|p2b: Flutter Mane\n|-end|p2b: Flutter Mane|Protosynthesis|[silent]\n|-damage|p1a: Arcanine|78\/100|[from] Recoil\n|move|p2a: Oranguru|Yawn|p1a: Arcanine\n|-start|p1a: Arcanine|move: Yawn|[of] p2a: Oranguru\n|\n|-heal|p1a: Arcanine|84\/100|[from] Grassy Terrain\n|upkeep\n|\n|t:|1700976601\n|switch|p2b: Iron Hands|Iron Hands, L50|100\/100\n|switch|p1b: Hippowdon|Hippowdon, L50, M|100\/100\n|-weather|Sandstorm|[from] ability: Sand Stream|[of] p1b: Hippowdon\n|turn|2\n|\n|t:|1700976624\n|switch|p1a: Glimmora|Glimmora, L50, F|100\/100\n|move|p1b: Hippowdon|Protect|p1b: Hippowdon\n|-singleturn|p1b: Hippowdon|Protect\n|move|p2b: Iron Hands|Fake Out|p1b: Hippowdon\n|-activate|p1b: Hippowdon|move: Protect\n|move|p2a: Oranguru|Yawn|p1b: Hippowdon\n|-activate|p1b: Hippowdon|move: Protect\n|\n|-weather|Sandstorm|[upkeep]\n|-damage|p2a: Oranguru|94\/100|[from] Sandstorm\n|-damage|p2b: Iron Hands|94\/100|[from] Sandstorm\n|-heal|p2a: Oranguru|100\/100|[from] Grassy Terrain\n|-heal|p2b: Iron Hands|100\/100|[from] Grassy Terrain\n|upkeep\n|turn|3\n|\n|t:|1700976640\n|move|p2b: Iron Hands|Detect|p2b: Iron Hands\n|-singleturn|p2b: Iron Hands|Protect\n|move|p1a: Glimmora|Mortal Spin|p2a: Oranguru|[spread] p2a\n|-activate|p2b: Iron Hands|move: Protect\n|-damage|p2a: Oranguru|97\/100\n|-status|p2a: Oranguru|psn\n|move|p2a: Oranguru|Extrasensory|p1a: Glimmora\n|-supereffective|p1a: Glimmora\n|-damage|p1a: Glimmora|79\/100\n|move|p1b: Hippowdon|Substitute|p1b: Hippowdon\n|-start|p1b: Hippowdon|Substitute\n|-damage|p1b: Hippowdon|75\/100\n|\n|-weather|Sandstorm|[upkeep]\n|-damage|p2a: Oranguru|91\/100 psn|[from] Sandstorm\n|-damage|p2b: Iron Hands|94\/100|[from] Sandstorm\n|-heal|p1a: Glimmora|85\/100|[from] Grassy Terrain\n|-heal|p2a: Oranguru|97\/100 psn|[from] Grassy Terrain\n|-heal|p2b: Iron Hands|100\/100|[from] Grassy Terrain\n|-heal|p1b: Hippowdon|82\/100|[from] Grassy Terrain\n|-heal|p1b: Hippowdon|88\/100|[from] item: Leftovers\n|-damage|p2a: Oranguru|85\/100 psn|[from] psn\n|upkeep\n|turn|4\n|\n|t:|1700976660\n|move|p1a: Glimmora|Earth Power|p2b: Iron Hands\n|-supereffective|p2b: Iron Hands\n|-damage|p2b: Iron Hands|47\/100\n|move|p2a: Oranguru|Extrasensory|p1a: Glimmora\n|-supereffective|p1a: Glimmora\n|-damage|p1a: Glimmora|62\/100\n|move|p2b: Iron Hands|Drain Punch|p1a: Glimmora\n|-damage|p1a: Glimmora|22\/100\n|-heal|p2b: Iron Hands|61\/100|[from] drain|[of] p1a: Glimmora\n|-activate|p1a: Glimmora|ability: Toxic Debris\n|-sidestart|p2: Junkman3713|move: Toxic Spikes\n|move|p1b: Hippowdon|High Horsepower|p2b: Iron Hands\n|-supereffective|p2b: Iron Hands\n|-damage|p2b: Iron Hands|8\/100\n|-damage|p1b: Hippowdon|72\/100|[from] item: Rocky Helmet|[of] p2b: Iron Hands\n|\n|-weather|Sandstorm|[upkeep]\n|-damage|p2a: Oranguru|79\/100 psn|[from] Sandstorm\n|-damage|p2b: Iron Hands|2\/100|[from] Sandstorm\n|-heal|p1a: Glimmora|28\/100|[from] Grassy Terrain\n|-heal|p2a: Oranguru|85\/100 psn|[from] Grassy Terrain\n|-heal|p2b: Iron Hands|8\/100|[from] Grassy Terrain\n|-heal|p1b: Hippowdon|78\/100|[from] Grassy Terrain\n|-heal|p1b: Hippowdon|84\/100|[from] item: Leftovers\n|-damage|p2a: Oranguru|73\/100 psn|[from] psn\n|upkeep\n|turn|5\n|\n|t:|1700976681\n|switch|p1a: Arcanine|Arcanine-Hisui, L50, M|84\/100\n|-ability|p1a: Arcanine|Intimidate|boost\n|-unboost|p2a: Oranguru|atk|1\n|-unboost|p2b: Iron Hands|atk|1\n|move|p1b: Hippowdon|Protect|p1b: Hippowdon\n|-singleturn|p1b: Hippowdon|Protect\n|move|p2a: Oranguru|Yawn|p1b: Hippowdon\n|-activate|p1b: Hippowdon|move: Protect\n|move|p2b: Iron Hands|Drain Punch|p1a: Arcanine\n|-supereffective|p1a: Arcanine\n|-damage|p1a: Arcanine|19\/100\n|-heal|p2b: Iron Hands|31\/100|[from] drain|[of] p1a: Arcanine\n|-enditem|p1a: Arcanine|Sitrus Berry|[eat]\n|-heal|p1a: Arcanine|44\/100|[from] item: Sitrus Berry\n|\n|-weather|Sandstorm|[upkeep]\n|-damage|p2a: Oranguru|66\/100 psn|[from] Sandstorm\n|-damage|p2b: Iron Hands|25\/100|[from] Sandstorm\n|-heal|p1a: Arcanine|50\/100|[from] Grassy Terrain\n|-heal|p2a: Oranguru|73\/100 psn|[from] Grassy Terrain\n|-heal|p2b: Iron Hands|31\/100|[from] Grassy Terrain\n|-heal|p1b: Hippowdon|90\/100|[from] Grassy Terrain\n|-heal|p1b: Hippowdon|97\/100|[from] item: Leftovers\n|-damage|p2a: Oranguru|60\/100 psn|[from] psn\n|-fieldend|move: Grassy Terrain\n|upkeep\n|turn|6\n|inactive|Junkman3713 has 30 seconds left.\n|\n|t:|1700976708\n|move|p2b: Iron Hands|Detect|p2b: Iron Hands\n|-singleturn|p2b: Iron Hands|Protect\n|move|p1a: Arcanine|Rock Slide|p2a: Oranguru|[spread] p2a\n|-activate|p2b: Iron Hands|move: Protect\n|-damage|p2a: Oranguru|37\/100 psn\n|cant|p2a: Oranguru|flinch\n|move|p1b: Hippowdon|High Horsepower|p2b: Iron Hands\n|-activate|p2b: Iron Hands|move: Protect\n|\n|-weather|none\n|-heal|p1b: Hippowdon|100\/100|[from] item: Leftovers\n|-damage|p2a: Oranguru|25\/100 psn|[from] psn\n|upkeep\n|turn|7\n|\n|t:|1700976729\n|switch|p2a: Empoleon|Empoleon, L50, F|100\/100\n|move|p1a: Arcanine|Rock Slide|p2a: Empoleon|[spread] p2a\n|-miss|p1a: Arcanine|p2b: Iron Hands\n|-resisted|p2a: Empoleon\n|-damage|p2a: Empoleon|85\/100\n|move|p2b: Iron Hands|Drain Punch|p1a: Arcanine\n|-supereffective|p1a: Arcanine\n|-damage|p1a: Arcanine|0 fnt\n|-heal|p2b: Iron Hands|49\/100|[from] drain|[of] p1a: Arcanine\n|faint|p1a: Arcanine\n|move|p1b: Hippowdon|High Horsepower|p2b: Iron Hands\n|-supereffective|p2b: Iron Hands\n|-damage|p2b: Iron Hands|0 fnt\n|-damage|p1b: Hippowdon|84\/100|[from] item: Rocky Helmet|[of] p2b: Iron Hands\n|faint|p2b: Iron Hands\n|-end|p2b: Iron Hands|Quark Drive|[silent]\n|\n|-heal|p1b: Hippowdon|90\/100|[from] item: Leftovers\n|upkeep\n|\n|t:|1700976744\n|switch|p1a: Glimmora|Glimmora, L50, F|28\/100\n|switch|p2b: Oranguru|Oranguru, L50, F|25\/100 psn\n|turn|8\n|\n|t:|1700976761\n|-terastallize|p1a: Glimmora|Grass\n|move|p1a: Glimmora|Earth Power|p2a: Empoleon\n|-supereffective|p2a: Empoleon\n|-damage|p2a: Empoleon|49\/100\n|move|p2b: Oranguru|Instruct||[still]\n|-fail|p2b: Oranguru\n|move|p2a: Empoleon|Brine|p1a: Glimmora\n|-resisted|p1a: Glimmora\n|-damage|p1a: Glimmora|7\/100\n|move|p1b: Hippowdon|High Horsepower|p2b: Oranguru\n|-damage|p2b: Oranguru|0 fnt\n|faint|p2b: Oranguru\n|\n|-heal|p1b: Hippowdon|97\/100|[from] item: Leftovers\n|upkeep\n|turn|9\n|\n|t:|1700976772\n|move|p2a: Empoleon|Aqua Jet|p1a: Glimmora\n|-resisted|p1a: Glimmora\n|-damage|p1a: Glimmora|2\/100\n|-activate|p1a: Glimmora|ability: Toxic Debris\n|-sidestart|p2: Junkman3713|move: Toxic Spikes\n|move|p1a: Glimmora|Earth Power|p2a: Empoleon\n|-supereffective|p2a: Empoleon\n|-damage|p2a: Empoleon|12\/100\n|move|p1b: Hippowdon|High Horsepower|p2a: Empoleon\n|-supereffective|p2a: Empoleon\n|-damage|p2a: Empoleon|0 fnt\n|faint|p2a: Empoleon\n|\n|win|CharlienoB\n|raw|CharlienoB's rating: 1126 &rarr; <strong>1151<\/strong><br \/>(+25 for winning)\n|raw|Junkman3713's rating: 1121 &rarr; <strong>1096<\/strong><br \/>(-25 for losing)\n|l|\u2606Junkman3713\n","uploadtime":1700976788,"views":8,"p1id":"charlienob","p2id":"junkman3713","formatid":"gen9vgc2023regulatione","rating":1096,"private":0,"password":""}