{"id":"gen9vgc2023regulatione-1996578682","p1":"JohanDK","p2":"DurantBestSweeper","format":"[Gen 9] VGC 2023 Regulation E","log":"|j|\u2606JohanDK\n|j|\u2606DurantBestSweeper\n|t:|1700696481\n|gametype|doubles\n|player|p1|JohanDK|nate|1443\n|player|p2|DurantBestSweeper|guitarist|1465\n|teamsize|p1|6\n|teamsize|p2|5\n|gen|9\n|tier|[Gen 9] VGC 2023 Regulation E\n|rated|\n|rule|Species Clause: Limit one of each Pok\u00e9mon\n|rule|Item Clause: Limit one of each item\n|clearpoke\n|poke|p1|Grimmsnarl, L50, M|\n|poke|p1|Goodra-Hisui, L50, F|\n|poke|p1|Moltres-Galar, L50|\n|poke|p1|Landorus-Therian, L50, M|\n|poke|p1|Sinistcha-Masterpiece, L50|\n|poke|p1|Ting-Lu, L50|\n|poke|p2|Palafin, L50, M|\n|poke|p2|Heatran, L50, M|\n|poke|p2|Amoonguss, L50, F|\n|poke|p2|Flutter Mane, L50|\n|poke|p2|Roaring Moon, L50|\n|teampreview|4\n|inactive|Battle timer is ON: inactive players will automatically lose when time's up. (requested by DurantBestSweeper)\n|inactive|DurantBestSweeper has 60 seconds left.\n|\n|t:|1700696519\n|start\n|switch|p1a: Tepey\u00f3llotl|Landorus-Therian, L50, M|100\/100\n|switch|p1b: Caracol|Goodra-Hisui, L50, F|100\/100\n|switch|p2a: Amoonguss|Amoonguss, L50, F|100\/100\n|switch|p2b: Flutter Mane|Flutter Mane, L50|100\/100\n|-ability|p1a: Tepey\u00f3llotl|Intimidate|boost\n|-unboost|p2a: Amoonguss|atk|1\n|-unboost|p2b: Flutter Mane|atk|1\n|turn|1\n|\n|t:|1700696543\n|-end|p2b: Flutter Mane|Protosynthesis|[silent]\n|switch|p2b: Heatran|Heatran, L50, M|100\/100\n|-terastallize|p1a: Tepey\u00f3llotl|Flying\n|move|p1a: Tepey\u00f3llotl|Tera Blast|p2a: Amoonguss|[anim] Tera Blast Flying\n|-supereffective|p2a: Amoonguss\n|-damage|p2a: Amoonguss|0 fnt\n|faint|p2a: Amoonguss\n|move|p1b: Caracol|Heavy Slam|p2b: Heatran\n|-resisted|p2b: Heatran\n|-damage|p2b: Heatran|97\/100\n|\n|upkeep\n|\n|t:|1700696551\n|switch|p2a: Roaring Moon|Roaring Moon, L50|100\/100\n|-enditem|p2a: Roaring Moon|Booster Energy\n|-activate|p2a: Roaring Moon|ability: Protosynthesis|[fromitem]\n|-start|p2a: Roaring Moon|protosynthesisspe\n|turn|2\n|\n|t:|1700696572\n|move|p2a: Roaring Moon|Knock Off|p1b: Caracol\n|-damage|p1b: Caracol|65\/100\n|-enditem|p1b: Caracol|Leftovers|[from] move: Knock Off|[of] p2a: Roaring Moon\n|move|p1a: Tepey\u00f3llotl|Tera Blast|p2a: Roaring Moon|[anim] Tera Blast Flying\n|-damage|p2a: Roaring Moon|35\/100\n|move|p2b: Heatran|Earth Power|p1b: Caracol\n|-supereffective|p1b: Caracol\n|-damage|p1b: Caracol|20\/100\n|move|p1b: Caracol|Body Press|p2b: Heatran\n|-supereffective|p2b: Heatran\n|-damage|p2b: Heatran|58\/100\n|\n|upkeep\n|turn|3\n|\n|t:|1700696594\n|switch|p1a: Chai|Sinistcha-Masterpiece, L50|100\/100\n|-heal|p1b: Caracol|44\/100|[from] ability: Hospitality|[of] p1a: Chai\n|switch|p1b: Yveltalcito|Moltres-Galar, L50|100\/100\n|move|p2a: Roaring Moon|Knock Off|p1a: Chai\n|-supereffective|p1a: Chai\n|-damage|p1a: Chai|25\/100\n|-damage|p2a: Roaring Moon|18\/100|[from] item: Rocky Helmet|[of] p1a: Chai\n|-enditem|p1a: Chai|Rocky Helmet|[from] move: Knock Off|[of] p2a: Roaring Moon\n|move|p2b: Heatran|Heat Wave|p1a: Chai|[spread] p1a,p1b\n|-supereffective|p1a: Chai\n|-damage|p1a: Chai|0 fnt\n|-damage|p1b: Yveltalcito|72\/100\n|faint|p1a: Chai\n|\n|upkeep\n|\n|t:|1700696612\n|switch|p1a: Tepey\u00f3llotl|Landorus-Therian, L50, M, tera:Flying|100\/100\n|-ability|p1a: Tepey\u00f3llotl|Intimidate|boost\n|-unboost|p2a: Roaring Moon|atk|1\n|-unboost|p2b: Heatran|atk|1\n|turn|4\n|\n|t:|1700696621\n|-terastallize|p2b: Heatran|Fairy\n|move|p2a: Roaring Moon|Knock Off|p1a: Tepey\u00f3llotl\n|-damage|p1a: Tepey\u00f3llotl|67\/100\n|-enditem|p1a: Tepey\u00f3llotl|Choice Scarf|[from] move: Knock Off|[of] p2a: Roaring Moon\n|move|p1a: Tepey\u00f3llotl|U-turn|p2a: Roaring Moon\n|-supereffective|p2a: Roaring Moon\n|-damage|p2a: Roaring Moon|0 fnt\n|faint|p2a: Roaring Moon\n|-end|p2a: Roaring Moon|Protosynthesis|[silent]\n|\n|t:|1700696630\n|switch|p1a: Caracol|Goodra-Hisui, L50, F|44\/100|[from] U-turn\n|move|p1b: Yveltalcito|Tailwind|p1b: Yveltalcito\n|-sidestart|p1: JohanDK|move: Tailwind\n|move|p2b: Heatran|Flash Cannon|p1b: Yveltalcito\n|-damage|p1b: Yveltalcito|36\/100\n|-ability|p1b: Yveltalcito|Berserk|boost\n|-boost|p1b: Yveltalcito|spa|1\n|-enditem|p1b: Yveltalcito|Sitrus Berry|[eat]\n|-heal|p1b: Yveltalcito|61\/100|[from] item: Sitrus Berry\n|\n|upkeep\n|\n|t:|1700696635\n|switch|p2a: Flutter Mane|Flutter Mane, L50|100\/100\n|turn|5\n|\n|t:|1700696648\n|move|p1b: Yveltalcito|Fiery Wrath|p2b: Heatran|[spread] p2a,p2b\n|-resisted|p2b: Heatran\n|-damage|p2a: Flutter Mane|65\/100\n|-damage|p2b: Heatran|45\/100\n|move|p2a: Flutter Mane|Moonblast|p1a: Caracol\n|-damage|p1a: Caracol|3\/100\n|-unboost|p1a: Caracol|spa|1\n|move|p1a: Caracol|Heavy Slam|p2a: Flutter Mane\n|-supereffective|p2a: Flutter Mane\n|-crit|p2a: Flutter Mane\n|-damage|p2a: Flutter Mane|0 fnt\n|faint|p2a: Flutter Mane\n|-end|p2a: Flutter Mane|Protosynthesis|[silent]\n|cant|p2b: Heatran|flinch\n|\n|upkeep\n|turn|6\n|-message|DurantBestSweeper forfeited.\n|\n|win|JohanDK\n|raw|JohanDK's rating: 1443 &rarr; <strong>1464<\/strong><br \/>(+21 for winning)\n|raw|DurantBestSweeper's rating: 1465 &rarr; <strong>1444<\/strong><br \/>(-21 for losing)\n|l|\u2606JohanDK\n|l|\u2606DurantBestSweeper\n|j|\u2606JohanDK\n|player|p1|JohanDK|nate\n","uploadtime":1700697259,"views":8,"p1id":"johandk","p2id":"durantbestsweeper","formatid":"gen9vgc2023regulatione","rating":1444,"private":0,"password":""}