{"id":"gen9vgc2023regulatione-1989924177","p1":"LukeMT","p2":"Mr. Memer McMemes","format":"[Gen 9] VGC 2023 Regulation E","log":"|j|\u2606LukeMT\n|j|\u2606Mr. Memer McMemes\n|t:|1699907155\n|gametype|doubles\n|player|p1|LukeMT|169|1438\n|player|p2|Mr. Memer McMemes|102|1459\n|teamsize|p1|6\n|teamsize|p2|6\n|gen|9\n|tier|[Gen 9] VGC 2023 Regulation E\n|rated|\n|rule|Species Clause: Limit one of each Pok\u00e9mon\n|rule|Item Clause: Limit one of each item\n|clearpoke\n|poke|p1|Heatran, L50, F|\n|poke|p1|Chien-Pao, L50|\n|poke|p1|Dragonite, L50, F|\n|poke|p1|Farigiraf, L50, F|\n|poke|p1|Rillaboom, L50, F|\n|poke|p1|Urshifu-*, L50, F|\n|poke|p2|Chi-Yu, L50|\n|poke|p2|Iron Hands, L50|\n|poke|p2|Flutter Mane, L50|\n|poke|p2|Ogerpon-Hearthflame, L50, F|\n|poke|p2|Tornadus, L50, M|\n|poke|p2|Dragonite, L50, F|\n|teampreview|4\nLukeMT has agreed to open team sheets.\nMr. Memer McMemes has agreed to open team sheets.\n|inactive|Battle timer is ON: inactive players will automatically lose when time's up. (requested by LukeMT)\n|\n|t:|1699907205\n|start\n|switch|p1a: Chien-Pao|Chien-Pao, L50|100\/100\n|switch|p1b: Urshifu|Urshifu-Rapid-Strike, L50, F|100\/100\n|switch|p2a: Flutter Mane|Flutter Mane, L50|100\/100\n|switch|p2b: Chi-Yu|Chi-Yu, L50|100\/100\n|-ability|p1a: Chien-Pao|Sword of Ruin\n|-ability|p2b: Chi-Yu|Beads of Ruin\n|-enditem|p2a: Flutter Mane|Booster Energy\n|-activate|p2a: Flutter Mane|ability: Protosynthesis|[fromitem]\n|-start|p2a: Flutter Mane|protosynthesisspe\n|turn|1\n|\n|t:|1699907218\n|-terastallize|p1b: Urshifu|Water\n|-terastallize|p2b: Chi-Yu|Ghost\n|move|p1a: Chien-Pao|Sucker Punch|p2b: Chi-Yu\n|-supereffective|p2b: Chi-Yu\n|-damage|p2b: Chi-Yu|0 fnt\n|faint|p2b: Chi-Yu\n|move|p2a: Flutter Mane|Moonblast|p1b: Urshifu\n|-damage|p1b: Urshifu|31\/100\n|-unboost|p1b: Urshifu|spa|1\n|move|p1b: Urshifu|Surging Strikes|p2a: Flutter Mane\n|-crit|p2a: Flutter Mane\n|-damage|p2a: Flutter Mane|32\/100\n|-crit|p2a: Flutter Mane\n|-damage|p2a: Flutter Mane|0 fnt\n|faint|p2a: Flutter Mane\n|-end|p2a: Flutter Mane|Protosynthesis|[silent]\n|-hitcount|p2: Flutter Mane|2\n|\n|upkeep\n|\n|t:|1699907225\n|switch|p2a: Ogerpon|Ogerpon-Hearthflame, L50, F|100\/100\n|switch|p2b: Iron Hands|Iron Hands, L50|100\/100\n|-ability|p2a: Ogerpon|Mold Breaker\n|turn|2\n|\n|t:|1699907242\n|switch|p1b: Heatran|Heatran, L50, F|100\/100\n|move|p1a: Chien-Pao|Protect|p1a: Chien-Pao\n|-singleturn|p1a: Chien-Pao|Protect\n|move|p2b: Iron Hands|Fake Out|p1b: Heatran\n|-resisted|p1b: Heatran\n|-damage|p1b: Heatran|92\/100\n|move|p2a: Ogerpon|Horn Leech|p1b: Heatran\n|-resisted|p1b: Heatran\n|-crit|p1b: Heatran\n|-damage|p1b: Heatran|72\/100\n|\n|upkeep\n|turn|3\n|\n|t:|1699907263\n|move|p1a: Chien-Pao|Icicle Crash|p2b: Iron Hands\n|-damage|p2b: Iron Hands|64\/100\n|move|p2a: Ogerpon|Horn Leech|p1a: Chien-Pao\n|-damage|p1a: Chien-Pao|34\/100\n|move|p1b: Heatran|Earth Power|p2b: Iron Hands\n|-supereffective|p2b: Iron Hands\n|-damage|p2b: Iron Hands|28\/100\n|move|p2b: Iron Hands|Drain Punch|p1b: Heatran\n|-supereffective|p1b: Heatran\n|-damage|p1b: Heatran|0 fnt\n|-heal|p2b: Iron Hands|59\/100|[from] drain|[of] p1b: Heatran\n|faint|p1b: Heatran\n|\n|upkeep\n|\n|t:|1699907284\n|switch|p1b: Urshifu|Urshifu-Rapid-Strike, L50, F, tera:Water|31\/100\n|turn|4\n|inactive|LukeMT has 30 seconds left.\n|inactive|LukeMT has 20 seconds left.\n|inactive|LukeMT has 15 seconds left.\n|inactive|LukeMT has 10 seconds left.\n|\n|t:|1699907333\n|move|p1b: Urshifu|Surging Strikes|p2b: Iron Hands\n|-crit|p2b: Iron Hands\n|-damage|p2b: Iron Hands|31\/100\n|-crit|p2b: Iron Hands\n|-damage|p2b: Iron Hands|6\/100\n|-crit|p2b: Iron Hands\n|-damage|p2b: Iron Hands|0 fnt\n|faint|p2b: Iron Hands\n|-end|p2b: Iron Hands|Quark Drive|[silent]\n|-hitcount|p2: Iron Hands|3\n|move|p1a: Chien-Pao|Icicle Crash|p2a: Ogerpon\n|-damage|p2a: Ogerpon|42\/100\n|move|p2a: Ogerpon|Horn Leech|p1b: Urshifu\n|-supereffective|p1b: Urshifu\n|-damage|p1b: Urshifu|0 fnt\n|-heal|p2a: Ogerpon|59\/100|[from] drain|[of] p1b: Urshifu\n|faint|p1b: Urshifu\n|\n|upkeep\n|\n|t:|1699907346\n|switch|p1b: Dragonite|Dragonite, L50, F|100\/100\n|turn|5\n|\n|t:|1699907355\n|move|p2a: Ogerpon|Spiky Shield|p2a: Ogerpon\n|-singleturn|p2a: Ogerpon|move: Protect\n|move|p1b: Dragonite|Extreme Speed|p2a: Ogerpon\n|-activate|p2a: Ogerpon|move: Protect\n|-damage|p1b: Dragonite|88\/100|[from] Spiky Shield|[of] p2a: Ogerpon\n|move|p1a: Chien-Pao|Icicle Crash|p2a: Ogerpon\n|-activate|p2a: Ogerpon|move: Protect\n|\n|upkeep\n|turn|6\n|inactive|LukeMT has 30 seconds left.\n|\n|t:|1699907387\n|move|p1b: Dragonite|Extreme Speed|p2a: Ogerpon\n|-damage|p2a: Ogerpon|0 fnt\n|faint|p2a: Ogerpon\n|\n|win|LukeMT\n|raw|LukeMT's rating: 1438 &rarr; <strong>1459<\/strong><br \/>(+21 for winning)\n|raw|Mr. Memer McMemes's rating: 1459 &rarr; <strong>1438<\/strong><br \/>(-21 for losing)\n|l|\u2606Mr. Memer McMemes\n","uploadtime":1699907397,"views":7,"p1id":"lukemt","p2id":"mrmemermcmemes","formatid":"gen9vgc2023regulatione","rating":1438,"private":0,"password":""}