{"id":"gen9vgc2023regulatione-1991632666","p1":"Jard13255","p2":"weeeees","format":"[Gen 9] VGC 2023 Regulation E","log":"|j|\u2606Jard13255\n|j|\u2606weeeees\n|t:|1700096446\n|gametype|doubles\n|player|p1|Jard13255|psychic-gen4|1111\n|player|p2|weeeees|266|1037\n|teamsize|p1|6\n|teamsize|p2|6\n|gen|9\n|tier|[Gen 9] VGC 2023 Regulation E\n|rated|\n|rule|Species Clause: Limit one of each Pok\u00e9mon\n|rule|Item Clause: Limit one of each item\n|clearpoke\n|poke|p1|Gyarados, L50, F|\n|poke|p1|Garganacl, L50, M|\n|poke|p1|Sinistcha, L50|\n|poke|p1|Iron Hands, L50|\n|poke|p1|Grimmsnarl, L50, M|\n|poke|p1|Glimmora, L50, F|\n|poke|p2|Rillaboom, L50, F|\n|poke|p2|Farigiraf, L50, M|\n|poke|p2|Ogerpon-Hearthflame, L50, F|\n|poke|p2|Tornadus, L50, M|\n|poke|p2|Kingambit, L50, M|\n|poke|p2|Iron Bundle, L50|\n|teampreview|4\n|inactive|Battle timer is ON: inactive players will automatically lose when time's up. (requested by weeeees)\nJard13255 has agreed to open team sheets.\nweeeees rejected open team sheets.\n|inactive|Jard13255 has 60 seconds left.\n|\n|t:|1700096492\n|start\n|switch|p1a: Grimmsnarl|Grimmsnarl, L50, M|100\/100\n|switch|p1b: Glimmora|Glimmora, L50, F|100\/100\n|switch|p2a: Iron Bundle|Iron Bundle, L50|100\/100\n|switch|p2b: Tornadus|Tornadus, L50, M|100\/100\n|-enditem|p2a: Iron Bundle|Booster Energy\n|-activate|p2a: Iron Bundle|ability: Quark Drive|[fromitem]\n|-start|p2a: Iron Bundle|quarkdrivespe\n|turn|1\n|\n|t:|1700096512\n|-terastallize|p2b: Tornadus|Ghost\n|move|p2b: Tornadus|Snowscape|p2b: Tornadus\n|-weather|Snow\n|move|p1a: Grimmsnarl|Parting Shot|p2a: Iron Bundle\n|-unboost|p2a: Iron Bundle|atk|1\n|-unboost|p2a: Iron Bundle|spa|1\n|\n|t:|1700096522\n|switch|p1a: Iron Hands|Iron Hands, L50|100\/100|[from] Parting Shot\n|move|p2a: Iron Bundle|Hydro Pump|p1b: Glimmora\n|-supereffective|p1b: Glimmora\n|-damage|p1b: Glimmora|52\/100\n|move|p1b: Glimmora|Power Gem|p2a: Iron Bundle\n|-supereffective|p2a: Iron Bundle\n|-damage|p2a: Iron Bundle|0 fnt\n|faint|p2a: Iron Bundle\n|-end|p2a: Iron Bundle|Quark Drive|[silent]\n|\n|-weather|Snow|[upkeep]\n|upkeep\n|\n|t:|1700096537\n|switch|p2a: Farigiraf|Farigiraf, L50, M|100\/100\n|turn|2\n|\n|t:|1700096552\n|switch|p2b: Kingambit|Kingambit, L50, M|100\/100\n|-end|p1a: Iron Hands|Quark Drive|[silent]\n|switch|p1a: Sinistcha|Sinistcha, L50|100\/100\n|-heal|p1b: Glimmora|77\/100|[from] ability: Hospitality|[of] p1a: Sinistcha\n|move|p1b: Glimmora|Mortal Spin|p2a: Farigiraf|[spread] p2a\n|-immune|p2b: Kingambit\n|-damage|p2a: Farigiraf|96\/100\n|-status|p2a: Farigiraf|psn\n|move|p2a: Farigiraf|Psychic|p1b: Glimmora\n|-supereffective|p1b: Glimmora\n|-damage|p1b: Glimmora|17\/100\n|\n|-weather|Snow|[upkeep]\n|-damage|p2a: Farigiraf|84\/100 psn|[from] psn\n|upkeep\n|turn|3\n|inactive|Jard13255 has 30 seconds left.\n|\n|t:|1700096578\n|switch|p1b: Iron Hands|Iron Hands, L50|100\/100\n|move|p1a: Sinistcha|Matcha Gotcha|p2a: Farigiraf|[spread] p2a,p2b\n|-resisted|p2b: Kingambit\n|-damage|p2a: Farigiraf|61\/100 psn\n|-damage|p2b: Kingambit|89\/100\n|-status|p2b: Kingambit|brn\n|move|p2a: Farigiraf|Psychic|p1b: Iron Hands\n|-supereffective|p1b: Iron Hands\n|-damage|p1b: Iron Hands|46\/100\n|move|p2b: Kingambit|Kowtow Cleave|p1a: Sinistcha\n|-supereffective|p1a: Sinistcha\n|-damage|p1a: Sinistcha|58\/100\n|-damage|p2b: Kingambit|73\/100 brn|[from] item: Rocky Helmet|[of] p1a: Sinistcha\n|\n|-weather|Snow|[upkeep]\n|-damage|p2a: Farigiraf|49\/100 psn|[from] psn\n|-damage|p2b: Kingambit|67\/100 brn|[from] brn\n|upkeep\n|-enditem|p2a: Farigiraf|Sitrus Berry|[eat]\n|-heal|p2a: Farigiraf|74\/100 psn|[from] item: Sitrus Berry\n|turn|4\n|\n|t:|1700096600\n|-end|p1b: Iron Hands|Quark Drive|[silent]\n|switch|p1b: Grimmsnarl|Grimmsnarl, L50, M|100\/100\n|move|p1a: Sinistcha|Matcha Gotcha|p2b: Kingambit|[spread] p2a,p2b\n|-resisted|p2b: Kingambit\n|-damage|p2a: Farigiraf|50\/100 psn\n|-heal|p1a: Sinistcha|72\/100|[from] drain|[of] p2a: Farigiraf\n|-damage|p2b: Kingambit|55\/100 brn\n|-heal|p1a: Sinistcha|80\/100|[from] drain|[of] p2b: Kingambit\n|move|p2a: Farigiraf|Psychic|p1b: Grimmsnarl\n|-immune|p1b: Grimmsnarl\n|move|p2b: Kingambit|Kowtow Cleave|p1a: Sinistcha\n|-supereffective|p1a: Sinistcha\n|-damage|p1a: Sinistcha|36\/100\n|-damage|p2b: Kingambit|38\/100 brn|[from] item: Rocky Helmet|[of] p1a: Sinistcha\n|\n|-weather|Snow|[upkeep]\n|-damage|p2a: Farigiraf|38\/100 psn|[from] psn\n|-damage|p2b: Kingambit|32\/100 brn|[from] brn\n|upkeep\n|turn|5\n|\n|t:|1700096624\n|move|p1b: Grimmsnarl|Reflect|p1b: Grimmsnarl\n|-sidestart|p1: Jard13255|Reflect\n|move|p1a: Sinistcha|Strength Sap|p2a: Farigiraf\n|-unboost|p2a: Farigiraf|atk|1\n|-heal|p1a: Sinistcha|84\/100\n|move|p2a: Farigiraf|Dazzling Gleam|p1b: Grimmsnarl|[spread] p1a,p1b\n|-supereffective|p1b: Grimmsnarl\n|-damage|p1a: Sinistcha|67\/100\n|-damage|p1b: Grimmsnarl|62\/100\n|move|p2b: Kingambit|Iron Head|p1b: Grimmsnarl\n|-supereffective|p1b: Grimmsnarl\n|-damage|p1b: Grimmsnarl|34\/100\n|\n|-weather|none\n|-damage|p2a: Farigiraf|26\/100 psn|[from] psn\n|-damage|p2b: Kingambit|27\/100 brn|[from] brn\n|upkeep\n|turn|6\n|-message|weeeees forfeited.\n|\n|win|Jard13255\n|raw|Jard13255's rating: 1111 &rarr; <strong>1131<\/strong><br \/>(+20 for winning)\n|raw|weeeees's rating: 1037 &rarr; <strong>1025<\/strong><br \/>(-12 for losing)\n|l|\u2606weeeees\n","uploadtime":1700096641,"views":12,"p1id":"jard13255","p2id":"weeeees","formatid":"gen9vgc2023regulatione","rating":1025,"private":0,"password":""}