{"id":"gen9vgc2023regulatione-1994511618","p1":"razor Pikachu","p2":"fishuu","format":"[Gen 9] VGC 2023 Regulation E","log":"|j|\u2606razor Pikachu\n|j|\u2606fishuu\n|t:|1700452710\n|gametype|doubles\n|player|p1|razor Pikachu|266|1240\n|player|p2|fishuu|akari|1303\n|teamsize|p1|6\n|teamsize|p2|6\n|gen|9\n|tier|[Gen 9] VGC 2023 Regulation E\n|rated|\n|rule|Species Clause: Limit one of each Pok\u00e9mon\n|rule|Item Clause: Limit one of each item\n|clearpoke\n|poke|p1|Chi-Yu, L50|\n|poke|p1|Flutter Mane, L50|\n|poke|p1|Armarouge, L50, F|\n|poke|p1|Indeedee-F, L50, F|\n|poke|p1|Iron Hands, L50|\n|poke|p1|Chien-Pao, L50|\n|poke|p2|Mienshao, L50, M|\n|poke|p2|Flutter Mane, L50|\n|poke|p2|Landorus-Therian, L50, M|\n|poke|p2|Urshifu-*, L50, M|\n|poke|p2|Hydreigon, L50, F|\n|poke|p2|Ting-Lu, L50|\n|teampreview|4\n|inactive|Battle timer is ON: inactive players will automatically lose when time's up. (requested by fishuu)\n|inactive|fishuu has 60 seconds left.\n|\n|t:|1700452748\n|start\n|switch|p1a: Indeedee|Indeedee-F, L50, F|100\/100\n|switch|p1b: Armarouge|Armarouge, L50, F|100\/100\n|switch|p2a: Mienshao|Mienshao, L50, M|100\/100\n|switch|p2b: Flutter Mane|Flutter Mane, L50|100\/100\n|-fieldstart|move: Psychic Terrain|[from] ability: Psychic Surge|[of] p1a: Indeedee\n|-enditem|p1a: Indeedee|Psychic Seed\n|-boost|p1a: Indeedee|spd|1|[from] item: Psychic Seed\n|-enditem|p2b: Flutter Mane|Booster Energy\n|-activate|p2b: Flutter Mane|ability: Protosynthesis|[fromitem]\n|-start|p2b: Flutter Mane|protosynthesisspa\n|turn|1\n|\n|t:|1700452766\n|move|p1b: Armarouge|Protect|p1b: Armarouge\n|-singleturn|p1b: Armarouge|Protect\n|move|p2b: Flutter Mane|Dazzling Gleam|p1b: Armarouge|[spread] p1a\n|-activate|p1b: Armarouge|move: Protect\n|-damage|p1a: Indeedee|80\/100\n|move|p2a: Mienshao|Ice Spinner|p1a: Indeedee\n|-damage|p1a: Indeedee|51\/100\n|-fieldend|move: Psychic Terrain\n|move|p1a: Indeedee|Trick Room|p1a: Indeedee\n|-fieldstart|move: Trick Room|[of] p1a: Indeedee\n|\n|upkeep\n|turn|2\n|\n|t:|1700452788\n|move|p1a: Indeedee|Helping Hand|p1b: Armarouge\n|-singleturn|p1b: Armarouge|Helping Hand|[of] p1a: Indeedee\n|move|p2a: Mienshao|Wide Guard|p2a: Mienshao\n|-singleturn|p2a: Mienshao|Wide Guard\n|move|p1b: Armarouge|Expanding Force|p2a: Mienshao\n|-supereffective|p2a: Mienshao\n|-enditem|p2a: Mienshao|Focus Sash\n|-damage|p2a: Mienshao|1\/100\n|-damage|p1b: Armarouge|91\/100|[from] item: Life Orb\n|move|p2b: Flutter Mane|Calm Mind|p2b: Flutter Mane\n|-boost|p2b: Flutter Mane|spa|1\n|-boost|p2b: Flutter Mane|spd|1\n|\n|upkeep\n|turn|3\n|c|\u2606fishuu|Yo\n|c|\u2606fishuu|Ngl\n|c|\u2606fishuu|Im kinda slow\n|inactive|fishuu has 30 seconds left.\n|\n|t:|1700452818\n|move|p1a: Indeedee|Helping Hand|p1b: Armarouge\n|-singleturn|p1b: Armarouge|Helping Hand|[of] p1a: Indeedee\n|move|p2a: Mienshao|Wide Guard|p2a: Mienshao\n|-singleturn|p2a: Mienshao|Wide Guard\n|move|p1b: Armarouge|Expanding Force|p2b: Flutter Mane\n|-damage|p2b: Flutter Mane|50\/100\n|-damage|p1b: Armarouge|81\/100|[from] item: Life Orb\n|move|p2b: Flutter Mane|Dazzling Gleam|p1b: Armarouge|[spread] p1a,p1b\n|-resisted|p1b: Armarouge\n|-damage|p1a: Indeedee|20\/100\n|-damage|p1b: Armarouge|51\/100\n|\n|upkeep\n|turn|4\n|\n|t:|1700452839\n|move|p2b: Flutter Mane|Protect|p2b: Flutter Mane\n|-singleturn|p2b: Flutter Mane|Protect\n|move|p1b: Armarouge|Flash Cannon|p2b: Flutter Mane\n|-activate|p2b: Flutter Mane|move: Protect\n|move|p1a: Indeedee|Dazzling Gleam|p2b: Flutter Mane|[spread] p2a\n|-activate|p2b: Flutter Mane|move: Protect\n|-supereffective|p2a: Mienshao\n|-damage|p2a: Mienshao|0 fnt\n|faint|p2a: Mienshao\n|\n|upkeep\n|c|\u2606fishuu|FLASH CANNON?\n|\n|t:|1700452857\n|switch|p2a: Ting-Lu|Ting-Lu, L50|100\/100\n|-ability|p2a: Ting-Lu|Vessel of Ruin\n|turn|5\n|\n|t:|1700452867\n|move|p2a: Ting-Lu|Snarl|p1a: Indeedee|[spread] p1a,p1b\n|-supereffective|p1a: Indeedee\n|-supereffective|p1b: Armarouge\n|-damage|p1a: Indeedee|10\/100\n|-damage|p1b: Armarouge|34\/100\n|-unboost|p1a: Indeedee|spa|1\n|-unboost|p1b: Armarouge|spa|1\n|move|p1b: Armarouge|Flash Cannon|p2b: Flutter Mane\n|-supereffective|p2b: Flutter Mane\n|-damage|p2b: Flutter Mane|28\/100\n|-damage|p1b: Armarouge|24\/100|[from] item: Life Orb\n|move|p1a: Indeedee|Dazzling Gleam|p2b: Flutter Mane|[spread] p2a,p2b\n|-supereffective|p2a: Ting-Lu\n|-crit|p2b: Flutter Mane\n|-damage|p2a: Ting-Lu|92\/100\n|-damage|p2b: Flutter Mane|15\/100\n|move|p2b: Flutter Mane|Shadow Ball|p1b: Armarouge\n|-supereffective|p1b: Armarouge\n|-damage|p1b: Armarouge|0 fnt\n|faint|p1b: Armarouge\n|\n|-fieldend|move: Trick Room\n|upkeep\n|\n|t:|1700452881\n|switch|p1b: Flutter Mane|Flutter Mane, L50|100\/100\n|-enditem|p1b: Flutter Mane|Booster Energy\n|-activate|p1b: Flutter Mane|ability: Protosynthesis|[fromitem]\n|-start|p1b: Flutter Mane|protosynthesisspe\n|turn|6\n|\n|t:|1700452887\n|-terastallize|p1b: Flutter Mane|Fairy\n|move|p1a: Indeedee|Helping Hand|p1b: Flutter Mane\n|-singleturn|p1b: Flutter Mane|Helping Hand|[of] p1a: Indeedee\n|move|p2b: Flutter Mane|Protect|p2b: Flutter Mane\n|-singleturn|p2b: Flutter Mane|Protect\n|move|p1b: Flutter Mane|Dazzling Gleam|p2a: Ting-Lu|[spread] p2a\n|-activate|p2b: Flutter Mane|move: Protect\n|-supereffective|p2a: Ting-Lu\n|-damage|p2a: Ting-Lu|31\/100\n|-enditem|p2a: Ting-Lu|Sitrus Berry|[eat]\n|-heal|p2a: Ting-Lu|56\/100|[from] item: Sitrus Berry\n|move|p2a: Ting-Lu|Snarl|p1a: Indeedee|[spread] p1a,p1b\n|-supereffective|p1a: Indeedee\n|-resisted|p1b: Flutter Mane\n|-damage|p1a: Indeedee|0 fnt\n|-damage|p1b: Flutter Mane|96\/100\n|-unboost|p1b: Flutter Mane|spa|1\n|faint|p1a: Indeedee\n|\n|upkeep\n|\n|t:|1700452897\n|switch|p1a: Iron Hands|Iron Hands, L50|100\/100\n|turn|7\n|\n|t:|1700452905\n|move|p2a: Ting-Lu|Protect|p2a: Ting-Lu\n|-singleturn|p2a: Ting-Lu|Protect\n|move|p1b: Flutter Mane|Dazzling Gleam|p2b: Flutter Mane|[spread] p2b\n|-activate|p2a: Ting-Lu|move: Protect\n|-damage|p2b: Flutter Mane|4\/100\n|move|p2b: Flutter Mane|Dazzling Gleam|p1b: Flutter Mane|[spread] p1a,p1b\n|-supereffective|p1a: Iron Hands\n|-damage|p1a: Iron Hands|37\/100\n|-damage|p1b: Flutter Mane|49\/100\n|move|p1a: Iron Hands|Brick Break|p2a: Ting-Lu\n|-activate|p2a: Ting-Lu|move: Protect\n|\n|upkeep\n|turn|8\n|\n|t:|1700452920\n|-terastallize|p2a: Ting-Lu|Fairy\n|move|p1b: Flutter Mane|Dazzling Gleam|p2a: Ting-Lu|[spread] p2a,p2b\n|-damage|p2a: Ting-Lu|42\/100\n|-damage|p2b: Flutter Mane|0 fnt\n|faint|p2b: Flutter Mane\n|-end|p2b: Flutter Mane|Protosynthesis|[silent]\n|move|p1a: Iron Hands|Brick Break|p2a: Ting-Lu\n|-resisted|p2a: Ting-Lu\n|-damage|p2a: Ting-Lu|29\/100\n|move|p2a: Ting-Lu|Stomping Tantrum|p1a: Iron Hands\n|-supereffective|p1a: Iron Hands\n|-damage|p1a: Iron Hands|0 fnt\n|faint|p1a: Iron Hands\n|-end|p1a: Iron Hands|Quark Drive|[silent]\n|\n|upkeep\n|c|\u2606fishuu|Damn yo flutter mane weak as shit\n|c|\u2606fishuu|Lmao\n|-message|razor Pikachu forfeited.\n|\n|win|fishuu\n|raw|razor Pikachu's rating: 1240 &rarr; <strong>1219<\/strong><br \/>(-21 for losing)\n|raw|fishuu's rating: 1303 &rarr; <strong>1319<\/strong><br \/>(+16 for winning)\n","uploadtime":1700452928,"views":5,"p1id":"razorpikachu","p2id":"fishuu","formatid":"gen9vgc2023regulatione","rating":1219,"private":0,"password":""}