{"id":"gen9vgc2023regulatione-1990290484","p1":"kinglysquizz","p2":"rha1998","format":"[Gen 9] VGC 2023 Regulation E","log":"|j|\u2606kinglysquizz\n|j|\u2606rha1998\n|n|\u2606kinglysquizz|kinglysquizz\n|n|\u2606rha1998|rha1998\n|html|View the match progress at <a href=\"\/game-bestof3-gen9vgc2023regulatione-1990288310\">game-bestof3-gen9vgc2023regulatione-1990288310<\/a>\n|t:|1699951583\n|gametype|doubles\n|player|p1|kinglysquizz|265|\n|player|p2|rha1998|pokekid|\n|teamsize|p1|6\n|teamsize|p2|6\n|gen|9\n|tier|[Gen 9] VGC 2023 Regulation E\n|rule|Species Clause: Limit one of each Pok\u00e9mon\n|rule|Item Clause: Limit one of each item\n|clearpoke\n|poke|p1|Ogerpon-Hearthflame, L50, F|\n|poke|p1|Sinistcha, L50|\n|poke|p1|Fezandipiti, L50, M|\n|poke|p1|Thundurus, L50, M|\n|poke|p1|Kommo-o, L50, F|\n|poke|p1|Gyarados, L50, M|\n|poke|p2|Flutter Mane, L50|\n|poke|p2|Arcanine-Hisui, L50, F|\n|poke|p2|Roaring Moon, L50|\n|poke|p2|Ogerpon-Wellspring, L50, F|\n|poke|p2|Chien-Pao, L50|\n|poke|p2|Chi-Yu, L50|\n|teampreview|4\nrha1998 has agreed to open team sheets.\nkinglysquizz has agreed to open team sheets.\n|showteam|p1|Ogerpon-Hearthflame||HearthflameMask|MoldBreaker|IvyCudgel,HornLeech,Superpower,SpikyShield|||F|||50|,,,,,Fire]Sinistcha||SitrusBerry|Hospitality|RagePowder,MatchaGotcha,LifeDew,Protect||||||50|,,,,,Water]Fezandipiti||AssaultVest|ToxicChain|DazzlingGleam,Tailwind,IcyWind,Uturn|||M|||50|,,,,,Flying]Thundurus||WideLens|Prankster|Taunt,ThunderWave,SunnyDay,WildboltStorm|||M|||50|,,,,,Water]Kommo-o||ThroatSpray|Bulletproof|Protect,ClangorousSoul,ClangingScales,VacuumWave|||F|||50|,,,,,Steel]Gyarados||ChoiceScarf|Intimidate|Waterfall,IronHead,Earthquake,IceFang|||M|||50|,,,,,Ghost\n|showteam|p2|Flutter Mane||ChoiceSpecs|Protosynthesis|DazzlingGleam,Moonblast,ShadowBall,Thunderbolt||||||50|,,,,,Fairy]Arcanine-Hisui||SitrusBerry|Intimidate|WillOWisp,FlareBlitz,RockSlide,ExtremeSpeed|||F|||50|,,,,,Grass]Roaring Moon||BoosterEnergy|Protosynthesis|Protect,Acrobatics,KnockOff,Tailwind||||||50|,,,,,Flying]Ogerpon-Wellspring||WellspringMask|WaterAbsorb|SpikyShield,IvyCudgel,WoodHammer,FollowMe|||F|||50|,,,,,Water]Chien-Pao||FocusSash|SwordofRuin|Protect,IcicleCrash,SuckerPunch,SacredSword||||||50|,,,,,Ghost]Chi-Yu||LifeOrb|BeadsofRuin|Protect,Overheat,HeatWave,DarkPulse||||||50|,,,,,Ghost\n|j| JamiWami\n|\n|t:|1699951624\n|start\n|switch|p1a: Fezandipiti|Fezandipiti, L50, M|100\/100\n|switch|p1b: Ogerpon|Ogerpon-Hearthflame, L50, F|100\/100\n|switch|p2a: Roaring Moon|Roaring Moon, L50|100\/100\n|switch|p2b: Chien-Pao|Chien-Pao, L50|100\/100\n|-ability|p2b: Chien-Pao|Sword of Ruin\n|-ability|p1b: Ogerpon|Mold Breaker\n|-enditem|p2a: Roaring Moon|Booster Energy\n|-activate|p2a: Roaring Moon|ability: Protosynthesis|[fromitem]\n|-start|p2a: Roaring Moon|protosynthesisatk\n|turn|1\n|inactive|Battle timer is ON: inactive players will automatically lose when time's up. (requested by rha1998)\n|\n|t:|1699951651\n|move|p1b: Ogerpon|Spiky Shield|p1b: Ogerpon\n|-singleturn|p1b: Ogerpon|move: Protect\n|move|p2b: Chien-Pao|Icicle Crash|p1a: Fezandipiti|[miss]\n|-miss|p2b: Chien-Pao|p1a: Fezandipiti\n|move|p2a: Roaring Moon|Acrobatics|p1a: Fezandipiti\n|-damage|p1a: Fezandipiti|13\/100\n|move|p1a: Fezandipiti|Dazzling Gleam|p2a: Roaring Moon|[spread] p2a,p2b\n|-supereffective|p2a: Roaring Moon\n|-supereffective|p2b: Chien-Pao\n|-damage|p2a: Roaring Moon|25\/100\n|-damage|p2b: Chien-Pao|30\/100\n|-status|p2b: Chien-Pao|tox|[from] ability: Toxic Chain|[of] p1a: Fezandipiti\n|\n|-damage|p2b: Chien-Pao|24\/100 tox|[from] psn\n|upkeep\n|turn|2\n|inactive|kinglysquizz has 30 seconds left.\n|inactive|rha1998 has 30 seconds left.\n|inactive|kinglysquizz has 20 seconds left.\n|inactive|rha1998 has 20 seconds left.\n|\n|t:|1699951693\n|move|p2b: Chien-Pao|Sucker Punch|p1b: Ogerpon\n|-damage|p1b: Ogerpon|27\/100\n|move|p1b: Ogerpon|Horn Leech|p2a: Roaring Moon\n|-resisted|p2a: Roaring Moon\n|-damage|p2a: Roaring Moon|0 fnt\n|-heal|p1b: Ogerpon|44\/100|[from] drain|[of] p2a: Roaring Moon\n|faint|p2a: Roaring Moon\n|-end|p2a: Roaring Moon|Protosynthesis|[silent]\n|move|p1a: Fezandipiti|Icy Wind|p2b: Chien-Pao\n|-resisted|p2b: Chien-Pao\n|-damage|p2b: Chien-Pao|13\/100 tox\n|-unboost|p2b: Chien-Pao|spe|1\n|\n|-damage|p2b: Chien-Pao|1\/100 tox|[from] psn\n|upkeep\n|\n|t:|1699951716\n|switch|p2a: Arcanine|Arcanine-Hisui, L50, F|100\/100\n|-ability|p2a: Arcanine|Intimidate|boost\n|-unboost|p1a: Fezandipiti|atk|1\n|-unboost|p1b: Ogerpon|atk|1\n|turn|3\n|\n|t:|1699951733\n|switch|p1a: Sinistcha|Sinistcha, L50|100\/100\n|-heal|p1b: Ogerpon|68\/100|[from] ability: Hospitality|[of] p1a: Sinistcha\n|move|p1b: Ogerpon|Spiky Shield|p1b: Ogerpon\n|-singleturn|p1b: Ogerpon|move: Protect\n|move|p2a: Arcanine|Extreme Speed|p1a: Sinistcha\n|-immune|p1a: Sinistcha\n|move|p2b: Chien-Pao|Sucker Punch||[still]\n|-fail|p2b: Chien-Pao\n|\n|-damage|p2b: Chien-Pao|0 fnt|[from] psn\n|faint|p2b: Chien-Pao\n|upkeep\n|\n|t:|1699951746\n|switch|p2b: Flutter Mane|Flutter Mane, L50|100\/100\n|turn|4\n|inactive|rha1998 has 30 seconds left.\n|\n|t:|1699951779\n|-terastallize|p1b: Ogerpon|Fire\n|detailschange|p1b: Ogerpon|Ogerpon-Hearthflame-Tera, L50, F, tera:Fire\n|-ability|p1b: Ogerpon|Embody Aspect (Hearthflame)|boost\n|-boost|p1b: Ogerpon|atk|1\n|move|p1a: Sinistcha|Rage Powder|p1a: Sinistcha\n|-singleturn|p1a: Sinistcha|move: Rage Powder\n|move|p1b: Ogerpon|Ivy Cudgel|p2b: Flutter Mane\n|-damage|p2b: Flutter Mane|0 fnt\n|faint|p2b: Flutter Mane\n|-end|p2b: Flutter Mane|Protosynthesis|[silent]\n|move|p2a: Arcanine|Flare Blitz|p1a: Sinistcha\n|-supereffective|p1a: Sinistcha\n|-damage|p1a: Sinistcha|36\/100\n|-enditem|p1a: Sinistcha|Sitrus Berry|[eat]\n|-heal|p1a: Sinistcha|61\/100|[from] item: Sitrus Berry\n|-damage|p2a: Arcanine|81\/100|[from] Recoil\n|\n|upkeep\n|turn|5\n|inactive|kinglysquizz has 30 seconds left.\n|\n|t:|1699951811\n|switch|p1a: Fezandipiti|Fezandipiti, L50, M|13\/100\n|move|p1b: Ogerpon|Spiky Shield|p1b: Ogerpon\n|-singleturn|p1b: Ogerpon|move: Protect\n|move|p2a: Arcanine|Flare Blitz|p1a: Fezandipiti\n|-damage|p1a: Fezandipiti|0 fnt\n|faint|p1a: Fezandipiti\n|-damage|p2a: Arcanine|78\/100|[from] Recoil\n|\n|upkeep\n|\n|t:|1699951819\n|switch|p1a: Sinistcha|Sinistcha, L50|61\/100\n|-heal|p1b: Ogerpon|93\/100|[from] ability: Hospitality|[of] p1a: Sinistcha\n|turn|6\n|\n|t:|1699951832\n|move|p1a: Sinistcha|Protect|p1a: Sinistcha\n|-singleturn|p1a: Sinistcha|Protect\n|move|p1b: Ogerpon|Superpower|p2a: Arcanine\n|-supereffective|p2a: Arcanine\n|-damage|p2a: Arcanine|0 fnt\n|-unboost|p1b: Ogerpon|atk|1\n|-unboost|p1b: Ogerpon|def|1\n|faint|p2a: Arcanine\n|\n|win|kinglysquizz\n|c|&|\/uhtml prompt-rha1998,rha1998 is ready for game 3!\n|inactive|kinglysquizz has 50 seconds to confirm battle start!\n|c|&|\/uhtml prompt-kinglysquizz,kinglysquizz is ready for game 3!\nBoth players are ready! Starting next match!\n|l| JamiWami\n|player|p1|kinglysquizz|265\n","uploadtime":1699952227,"views":12,"p1id":"kinglysquizz","p2id":"rha1998","formatid":"gen9vgc2023regulatione","rating":0,"private":0,"password":""}