{"id":"gen9vgc2023regulatione-2000125037","p1":"Ferxious","p2":"finguhs","format":"[Gen 9] VGC 2023 Regulation E","log":"|j|\u2606Ferxious\n|j|\u2606finguhs\n|t:|1701159331\n|gametype|doubles\n|player|p1|Ferxious|266|1033\n|player|p2|finguhs|clair|1083\n|teamsize|p1|6\n|teamsize|p2|6\n|gen|9\n|tier|[Gen 9] VGC 2023 Regulation E\n|rated|\n|rule|Species Clause: Limit one of each Pok\u00e9mon\n|rule|Item Clause: Limit one of each item\n|clearpoke\n|poke|p1|Tauros-Paldea-Blaze, L50, M|\n|poke|p1|Tornadus, L50, M|\n|poke|p1|Iron Bundle, L50|\n|poke|p1|Urshifu-*, L50, F|\n|poke|p1|Farigiraf, L50, F|\n|poke|p1|Iron Hands, L50|\n|poke|p2|Sableye, L50, F|\n|poke|p2|Ninetales-Alola, L50, F|\n|poke|p2|Iron Bundle, L50|\n|poke|p2|Arcanine-Hisui, L50, M|\n|poke|p2|Tornadus, L50, M|\n|poke|p2|Flapple, L50, M|\n|teampreview|4\n|inactive|Battle timer is ON: inactive players will automatically lose when time's up. (requested by Ferxious)\nFerxious rejected open team sheets.\n|\n|t:|1701159370\n|start\n|switch|p1a: Tornadus|Tornadus, L50, M|100\/100\n|switch|p1b: Iron Bundle|Iron Bundle, L50|100\/100\n|switch|p2a: Tornadus|Tornadus, L50, M|100\/100\n|switch|p2b: Arcanine|Arcanine-Hisui, L50, M|100\/100\n|-ability|p2b: Arcanine|Intimidate|boost\n|-unboost|p1a: Tornadus|atk|1\n|-unboost|p1b: Iron Bundle|atk|1\n|-enditem|p1b: Iron Bundle|Booster Energy\n|-activate|p1b: Iron Bundle|ability: Quark Drive|[fromitem]\n|-start|p1b: Iron Bundle|quarkdrivespe\n|turn|1\n|\n|t:|1701159383\n|-terastallize|p2b: Arcanine|Fairy\n|move|p2a: Tornadus|Tailwind|p2a: Tornadus\n|-sidestart|p2: finguhs|move: Tailwind\n|move|p1a: Tornadus|Rain Dance|p1a: Tornadus\n|-weather|RainDance\n|move|p2b: Arcanine|Rock Slide|p1b: Iron Bundle|[spread] p1a,p1b\n|-supereffective|p1a: Tornadus\n|-supereffective|p1b: Iron Bundle\n|-damage|p1a: Tornadus|32\/100\n|-damage|p1b: Iron Bundle|22\/100\n|move|p1b: Iron Bundle|Encore|p2a: Tornadus\n|-start|p2a: Tornadus|Encore\n|\n|-weather|RainDance|[upkeep]\n|upkeep\n|turn|2\n|\n|t:|1701159400\n|switch|p2a: Sableye|Sableye, L50, F|100\/100\n|-end|p1b: Iron Bundle|Quark Drive|[silent]\n|switch|p1b: Tauros|Tauros-Paldea-Blaze, L50, M|100\/100\n|-ability|p1b: Tauros|Intimidate|boost\n|-unboost|p2a: Sableye|atk|1\n|-unboost|p2b: Arcanine|atk|1\n|move|p2b: Arcanine|Rock Slide|p1b: Tauros|[spread] p1a,p1b\n|-supereffective|p1a: Tornadus\n|-crit|p1a: Tornadus\n|-damage|p1a: Tornadus|0 fnt\n|-damage|p1b: Tauros|72\/100\n|faint|p1a: Tornadus\n|\n|-weather|RainDance|[upkeep]\n|upkeep\n|\n|t:|1701159415\n|switch|p1a: Urshifu|Urshifu-Rapid-Strike, L50, F|100\/100\n|turn|3\n|\n|t:|1701159428\n|switch|p1b: Iron Bundle|Iron Bundle, L50|22\/100\n|move|p2a: Sableye|Gravity|p2a: Sableye\n|-fieldstart|move: Gravity\n|move|p2b: Arcanine|Rock Slide|p1a: Urshifu|[spread] p1a,p1b\n|-resisted|p1a: Urshifu\n|-supereffective|p1b: Iron Bundle\n|-damage|p1a: Urshifu|87\/100\n|-damage|p1b: Iron Bundle|0 fnt\n|faint|p1b: Iron Bundle\n|-end|p1b: Iron Bundle|Quark Drive|[silent]\n|move|p1a: Urshifu|Swords Dance|p1a: Urshifu\n|-boost|p1a: Urshifu|atk|2\n|\n|-weather|RainDance|[upkeep]\n|upkeep\n|\n|t:|1701159439\n|switch|p1b: Tauros|Tauros-Paldea-Blaze, L50, M|72\/100\n|-ability|p1b: Tauros|Intimidate|boost\n|-unboost|p2a: Sableye|atk|1\n|-unboost|p2b: Arcanine|atk|1\n|turn|4\n|\n|t:|1701159445\n|switch|p2b: Tornadus|Tornadus, L50, M|100\/100\n|-terastallize|p1b: Tauros|Fairy\n|move|p1a: Urshifu|Protect|p1a: Urshifu\n|-singleturn|p1a: Urshifu|Protect\n|move|p2a: Sableye|Will-O-Wisp|p1a: Urshifu\n|-activate|p1a: Urshifu|move: Protect\n|move|p1b: Tauros|Tera Blast|p2a: Sableye|[anim] Tera Blast Fairy\n|-supereffective|p2a: Sableye\n|-damage|p2a: Sableye|24\/100\n|\n|-weather|RainDance|[upkeep]\n|-sideend|p2: finguhs|move: Tailwind\n|upkeep\n|turn|5\n|\n|t:|1701159463\n|move|p2b: Tornadus|Tailwind|p2b: Tornadus\n|-sidestart|p2: finguhs|move: Tailwind\n|move|p2a: Sableye|Will-O-Wisp|p1a: Urshifu\n|-status|p1a: Urshifu|brn\n|move|p1b: Tauros|Tera Blast|p2a: Sableye|[anim] Tera Blast Fairy\n|-supereffective|p2a: Sableye\n|-damage|p2a: Sableye|0 fnt\n|faint|p2a: Sableye\n|move|p1a: Urshifu|Surging Strikes|p2b: Tornadus\n|-crit|p2b: Tornadus\n|-damage|p2b: Tornadus|63\/100\n|-crit|p2b: Tornadus\n|-damage|p2b: Tornadus|27\/100\n|-crit|p2b: Tornadus\n|-damage|p2b: Tornadus|0 fnt\n|faint|p2b: Tornadus\n|-hitcount|p2: Tornadus|3\n|\n|-weather|none\n|-damage|p1a: Urshifu|81\/100 brn|[from] brn\n|upkeep\n|\n|t:|1701159471\n|switch|p2b: Iron Bundle|Iron Bundle, L50|100\/100\n|switch|p2a: Arcanine|Arcanine-Hisui, L50, M, tera:Fairy|100\/100\n|-ability|p2a: Arcanine|Intimidate|boost\n|-unboost|p1a: Urshifu|atk|1\n|-unboost|p1b: Tauros|atk|1\n|-enditem|p2b: Iron Bundle|Booster Energy\n|-activate|p2b: Iron Bundle|ability: Quark Drive|[fromitem]\n|-start|p2b: Iron Bundle|quarkdrivespe\n|turn|6\n|\n|t:|1701159492\n|move|p1a: Urshifu|Protect|p1a: Urshifu\n|-singleturn|p1a: Urshifu|Protect\n|move|p2b: Iron Bundle|Hydro Pump|p1a: Urshifu\n|-activate|p1a: Urshifu|move: Protect\n|move|p2a: Arcanine|Flare Blitz|p1b: Tauros\n|-damage|p1b: Tauros|0 fnt\n|faint|p1b: Tauros\n|-damage|p2a: Arcanine|77\/100|[from] Recoil\n|\n|-damage|p1a: Urshifu|76\/100 brn|[from] brn\n|upkeep\n|turn|7\n|\n|t:|1701159505\n|move|p2b: Iron Bundle|Hydro Pump|p1a: Urshifu\n|-resisted|p1a: Urshifu\n|-damage|p1a: Urshifu|38\/100 brn\n|move|p2a: Arcanine|Flare Blitz|p1a: Urshifu\n|-resisted|p1a: Urshifu\n|-damage|p1a: Urshifu|0 fnt\n|faint|p1a: Urshifu\n|-damage|p2a: Arcanine|63\/100|[from] Recoil\n|\n|win|finguhs\n|raw|Ferxious's rating: 1033 &rarr; <strong>1020<\/strong><br \/>(-13 for losing)\n|raw|finguhs's rating: 1083 &rarr; <strong>1107<\/strong><br \/>(+24 for winning)\n|l|\u2606Ferxious\n","uploadtime":1701159552,"views":16,"p1id":"ferxious","p2id":"finguhs","formatid":"gen9vgc2023regulatione","rating":1020,"private":0,"password":""}