{"id":"gen9vgc2023regulatione-1995728816","p1":"ShadowForce64","p2":"vivixification","format":"[Gen 9] VGC 2023 Regulation E","log":"|j|\u2606ShadowForce64\n|j|\u2606vivixification\n|t:|1700597678\n|gametype|doubles\n|player|p1|ShadowForce64|crasherwake|1359\n|player|p2|vivixification|dragontamer-gen9|1365\n|teamsize|p1|6\n|teamsize|p2|6\n|gen|9\n|tier|[Gen 9] VGC 2023 Regulation E\n|rated|\n|rule|Species Clause: Limit one of each Pok\u00e9mon\n|rule|Item Clause: Limit one of each item\n|clearpoke\n|poke|p1|Clefairy, L50, F|\n|poke|p1|Sinistcha, L50|\n|poke|p1|Landorus-Therian, L50, M|\n|poke|p1|Kommo-o, L50, M|\n|poke|p1|Tornadus, L50, M|\n|poke|p1|Volcarona, L50, F|\n|poke|p2|Tornadus, L50, M|\n|poke|p2|Scream Tail, L50|\n|poke|p2|Rillaboom, L50, M|\n|poke|p2|Iron Hands, L50|\n|poke|p2|Arcanine-Hisui, L50, F|\n|poke|p2|Urshifu-*, L50, F|\n|teampreview|4\n|inactive|Battle timer is ON: inactive players will automatically lose when time's up. (requested by vivixification)\n|inactive|vivixification has 60 seconds left.\n|\n|t:|1700597732\n|start\n|switch|p1a: Clefairy|Clefairy, L50, F|100\/100\n|switch|p1b: Volcarona|Volcarona, L50, F|100\/100\n|switch|p2a: Wrath|Tornadus, L50, M|100\/100\n|switch|p2b: Iron Hands|Iron Hands, L50|100\/100\n|turn|1\n|inactive|ShadowForce64 has 30 seconds left.\n|\n|t:|1700597762\n|move|p2b: Iron Hands|Fake Out|p1a: Clefairy\n|-damage|p1a: Clefairy|89\/100\n|move|p2a: Wrath|Taunt|p1b: Volcarona\n|-start|p1b: Volcarona|move: Taunt\n|cant|p1b: Volcarona|move: Taunt|Quiver Dance\n|cant|p1a: Clefairy|flinch\n|\n|upkeep\n|turn|2\n|\n|t:|1700597779\n|-end|p2b: Iron Hands|Quark Drive|[silent]\n|switch|p2b: Urshifu|Urshifu-Rapid-Strike, L50, F|100\/100\n|switch|p1a: Landorus|Landorus-Therian, L50, M|100\/100\n|-ability|p1a: Landorus|Intimidate|boost\n|-unboost|p2a: Wrath|atk|1\n|-unboost|p2b: Urshifu|atk|1\n|move|p2a: Wrath|Taunt|p1a: Landorus\n|-start|p1a: Landorus|move: Taunt\n|move|p1b: Volcarona|Fiery Dance|p2a: Wrath\n|-damage|p2a: Wrath|45\/100\n|-boost|p1b: Volcarona|spa|1\n|\n|upkeep\n|turn|3\n|inactive|ShadowForce64 has 30 seconds left.\n|inactive|vivixification has 30 seconds left.\n|inactive|vivixification has 20 seconds left.\n|\n|t:|1700597815\n|switch|p1a: Sinistcha|Sinistcha, L50|100\/100\n|-terastallize|p2b: Urshifu|Poison\n|move|p2a: Wrath|Tailwind|p2a: Wrath\n|-sidestart|p2: vivixification|move: Tailwind\n|move|p2b: Urshifu|Surging Strikes|p1b: Volcarona\n|-supereffective|p1b: Volcarona\n|-crit|p1b: Volcarona\n|-damage|p1b: Volcarona|62\/100\n|-supereffective|p1b: Volcarona\n|-crit|p1b: Volcarona\n|-damage|p1b: Volcarona|20\/100\n|-supereffective|p1b: Volcarona\n|-crit|p1b: Volcarona\n|-damage|p1b: Volcarona|0 fnt\n|faint|p1b: Volcarona\n|-hitcount|p1: Volcarona|3\n|\n|upkeep\n|\n|t:|1700597830\n|switch|p1b: Clefairy|Clefairy, L50, F|89\/100\n|turn|4\n|\n|t:|1700597844\n|move|p1a: Sinistcha|Rage Powder|p1a: Sinistcha\n|-singleturn|p1a: Sinistcha|move: Rage Powder\n|move|p2a: Wrath|Rain Dance|p2a: Wrath\n|-weather|RainDance\n|move|p2b: Urshifu|Surging Strikes|p1a: Sinistcha\n|-resisted|p1a: Sinistcha\n|-crit|p1a: Sinistcha\n|-damage|p1a: Sinistcha|91\/100\n|-damage|p2b: Urshifu|84\/100|[from] item: Rocky Helmet|[of] p1a: Sinistcha\n|-resisted|p1a: Sinistcha\n|-crit|p1a: Sinistcha\n|-damage|p1a: Sinistcha|82\/100\n|-damage|p2b: Urshifu|68\/100|[from] item: Rocky Helmet|[of] p1a: Sinistcha\n|-resisted|p1a: Sinistcha\n|-crit|p1a: Sinistcha\n|-damage|p1a: Sinistcha|71\/100\n|-damage|p2b: Urshifu|52\/100|[from] item: Rocky Helmet|[of] p1a: Sinistcha\n|-hitcount|p1a: Sinistcha|3\n|move|p1b: Clefairy|Heal Pulse|p1a: Sinistcha\n|-heal|p1a: Sinistcha|100\/100\n|\n|-weather|RainDance|[upkeep]\n|upkeep\n|turn|5\n|\n|t:|1700597864\n|switch|p2b: Gluttony|Rillaboom, L50, M, shiny|100\/100\n|-fieldstart|move: Grassy Terrain|[from] ability: Grassy Surge|[of] p2b: Gluttony\n|move|p1a: Sinistcha|Rage Powder|p1a: Sinistcha\n|-singleturn|p1a: Sinistcha|move: Rage Powder\n|move|p2a: Wrath|Taunt|p1a: Sinistcha\n|-start|p1a: Sinistcha|move: Taunt\n|move|p1b: Clefairy|Heal Pulse|p1a: Sinistcha\n|-fail|p1a: Sinistcha|heal\n|\n|-weather|RainDance|[upkeep]\n|-heal|p1b: Clefairy|95\/100|[from] Grassy Terrain\n|upkeep\n|turn|6\n|\n|t:|1700597889\n|move|p1b: Clefairy|Helping Hand|p1a: Sinistcha\n|-singleturn|p1a: Sinistcha|Helping Hand|[of] p1b: Clefairy\n|move|p2a: Wrath|Taunt|p1b: Clefairy\n|-start|p1b: Clefairy|move: Taunt\n|move|p2b: Gluttony|Wood Hammer|p1b: Clefairy\n|-damage|p1b: Clefairy|2\/100\n|-damage|p2b: Gluttony|73\/100|[from] Recoil\n|move|p1a: Sinistcha|Shadow Ball|p2b: Gluttony\n|-damage|p2b: Gluttony|3\/100\n|\n|-weather|RainDance|[upkeep]\n|-heal|p2b: Gluttony|9\/100|[from] Grassy Terrain\n|-heal|p1b: Clefairy|7\/100|[from] Grassy Terrain\n|-sideend|p2: vivixification|move: Tailwind\n|upkeep\n|turn|7\n|inactive|vivixification has 30 seconds left.\n|j| Ace5793\n|inactive|vivixification has 20 seconds left.\n|inactive|vivixification has 15 seconds left.\n|\n|t:|1700597934\n|switch|p2b: Iron Hands|Iron Hands, L50|100\/100\n|move|p2a: Wrath|Bleakwind Storm|p1a: Sinistcha|[spread] p1a,p1b\n|-supereffective|p1a: Sinistcha\n|-damage|p1a: Sinistcha|46\/100\n|-damage|p1b: Clefairy|0 fnt\n|faint|p1b: Clefairy\n|move|p1a: Sinistcha|Matcha Gotcha|p2b: Iron Hands|[spread] p2a,p2b\n|-resisted|p2a: Wrath\n|-crit|p2b: Iron Hands\n|-damage|p2a: Wrath|22\/100\n|-heal|p1a: Sinistcha|56\/100|[from] drain|[of] p2a: Wrath\n|-damage|p2b: Iron Hands|76\/100\n|-heal|p1a: Sinistcha|73\/100|[from] drain|[of] p2b: Iron Hands\n|\n|-weather|RainDance|[upkeep]\n|-heal|p1a: Sinistcha|79\/100|[from] Grassy Terrain\n|-heal|p2b: Iron Hands|83\/100|[from] Grassy Terrain\n|upkeep\n|\n|t:|1700597950\n|switch|p1b: Landorus|Landorus-Therian, L50, M|100\/100\n|-ability|p1b: Landorus|Intimidate|boost\n|-unboost|p2a: Wrath|atk|1\n|-unboost|p2b: Iron Hands|atk|1\n|turn|8\n|l| Ace5793\n|\n|t:|1700597970\n|-terastallize|p1a: Sinistcha|Fire\n|move|p2b: Iron Hands|Fake Out|p1b: Landorus\n|-damage|p1b: Landorus|90\/100\n|move|p2a: Wrath|Bleakwind Storm|p1b: Landorus|[spread] p1a,p1b\n|-damage|p1a: Sinistcha|38\/100\n|-damage|p1b: Landorus|46\/100\n|cant|p1b: Landorus|flinch\n|move|p1a: Sinistcha|Matcha Gotcha|p2a: Wrath|[spread] p2a,p2b\n|-resisted|p2a: Wrath\n|-damage|p2a: Wrath|0 fnt\n|-heal|p1a: Sinistcha|48\/100|[from] drain|[of] p2a: Wrath\n|-damage|p2b: Iron Hands|65\/100\n|-heal|p1a: Sinistcha|61\/100|[from] drain|[of] p2b: Iron Hands\n|faint|p2a: Wrath\n|\n|-weather|none\n|-heal|p2b: Iron Hands|71\/100|[from] Grassy Terrain\n|-heal|p1a: Sinistcha|67\/100|[from] Grassy Terrain\n|-end|p1a: Sinistcha|move: Taunt\n|upkeep\n|\n|t:|1700597986\n|switch|p2a: Urshifu|Urshifu-Rapid-Strike, L50, F, tera:Poison|52\/100\n|turn|9\n|\n|t:|1700597994\n|move|p1a: Sinistcha|Rage Powder|p1a: Sinistcha\n|-singleturn|p1a: Sinistcha|move: Rage Powder\n|move|p2a: Urshifu|Surging Strikes|p1a: Sinistcha\n|-supereffective|p1a: Sinistcha\n|-crit|p1a: Sinistcha\n|-damage|p1a: Sinistcha|30\/100\n|-damage|p2a: Urshifu|36\/100|[from] item: Rocky Helmet|[of] p1a: Sinistcha\n|-supereffective|p1a: Sinistcha\n|-crit|p1a: Sinistcha\n|-damage|p1a: Sinistcha|0 fnt\n|-damage|p2a: Urshifu|19\/100|[from] item: Rocky Helmet|[of] p1a: Sinistcha\n|faint|p1a: Sinistcha\n|-hitcount|p1: Sinistcha|2\n|move|p1b: Landorus|Stomping Tantrum|p2b: Iron Hands\n|-supereffective|p2b: Iron Hands\n|-crit|p2b: Iron Hands\n|-damage|p2b: Iron Hands|0 fnt\n|faint|p2b: Iron Hands\n|-end|p2b: Iron Hands|Quark Drive|[silent]\n|\n|-heal|p2a: Urshifu|26\/100|[from] Grassy Terrain\n|-fieldend|move: Grassy Terrain\n|upkeep\n|\n|t:|1700598000\n|switch|p2b: Gluttony|Rillaboom, L50, M, shiny|9\/100\n|-fieldstart|move: Grassy Terrain|[from] ability: Grassy Surge|[of] p2b: Gluttony\n|turn|10\n|\n|t:|1700598013\n|move|p2b: Gluttony|Fake Out|p1b: Landorus\n|-damage|p1b: Landorus|30\/100\n|move|p2a: Urshifu|Surging Strikes|p1b: Landorus\n|-supereffective|p1b: Landorus\n|-crit|p1b: Landorus\n|-damage|p1b: Landorus|0 fnt\n|faint|p1b: Landorus\n|-hitcount|p1: Landorus|1\n|\n|win|vivixification\n|raw|ShadowForce64's rating: 1359 &rarr; <strong>1339<\/strong><br \/>(-20 for losing)\n|raw|vivixification's rating: 1365 &rarr; <strong>1385<\/strong><br \/>(+20 for winning)\n|l|\u2606ShadowForce64\n","uploadtime":1700598020,"views":2,"p1id":"shadowforce64","p2id":"vivixification","formatid":"gen9vgc2023regulatione","rating":1339,"private":0,"password":""}