{"id":"gen9vgc2023regulatione-1992283192","p1":"TrendanBrendan","p2":"CoolerThanHot","format":"[Gen 9] VGC 2023 Regulation E","log":"|j|\u2606TrendanBrendan\n|j|\u2606CoolerThanHot\n|t:|1700170728\n|gametype|doubles\n|player|p1|TrendanBrendan|elio|1168\n|player|p2|CoolerThanHot|medium|1065\n|teamsize|p1|6\n|teamsize|p2|6\n|gen|9\n|tier|[Gen 9] VGC 2023 Regulation E\n|rated|\n|rule|Species Clause: Limit one of each Pok\u00e9mon\n|rule|Item Clause: Limit one of each item\n|clearpoke\n|poke|p1|Okidogi, L50, M|\n|poke|p1|Ogerpon-Hearthflame, L50, F|\n|poke|p1|Tornadus, L50, M|\n|poke|p1|Flutter Mane, L50|\n|poke|p1|Arcanine-Hisui, L50, M|\n|poke|p1|Urshifu-*, L50, M|\n|poke|p2|Weezing-Galar, L50, F|\n|poke|p2|Annihilape, L50, F|\n|poke|p2|Heatran, L50, M|\n|poke|p2|Toedscruel, L50, F|\n|poke|p2|Iron Hands, L50|\n|poke|p2|Greninja-*, L50, M|\n|teampreview|4\n|inactive|Battle timer is ON: inactive players will automatically lose when time's up. (requested by CoolerThanHot)\nTrendanBrendan has agreed to open team sheets.\nCoolerThanHot rejected open team sheets.\n|c|\u2606TrendanBrendan|Greninja is cool, would you mind telling me about it after the battle?\n|inactive|TrendanBrendan has 60 seconds left.\n|inactive|CoolerThanHot has 60 seconds left.\n|c|\u2606TrendanBrendan|I also love Weezing + Toedscruel\n|c|\u2606CoolerThanHot|Ya np\n|inactive|TrendanBrendan has 30 seconds left.\n|inactive|CoolerThanHot has 30 seconds left.\n|inactive|TrendanBrendan has 20 seconds left.\n|inactive|CoolerThanHot has 20 seconds left.\n|inactive|CoolerThanHot has 15 seconds left.\n|\n|t:|1700170804\n|start\n|switch|p1a: Urshifu|Urshifu-Rapid-Strike, L50, M|100\/100\n|switch|p1b: Dori|Flutter Mane, L50|100\/100\n|switch|p2a: Toedscruel|Toedscruel, L50, F|100\/100\n|switch|p2b: Iron Hands|Iron Hands, L50|100\/100\n|-enditem|p2b: Iron Hands|Booster Energy\n|-activate|p2b: Iron Hands|ability: Quark Drive|[fromitem]\n|-start|p2b: Iron Hands|quarkdriveatk\n|turn|1\n|inactive|TrendanBrendan has 30 seconds left.\n|inactive|CoolerThanHot has 30 seconds left.\n|inactive|CoolerThanHot has 20 seconds left.\n|\n|t:|1700170844\n|-terastallize|p2b: Iron Hands|Fire\n|move|p1a: Urshifu|U-turn|p2a: Toedscruel\n|-supereffective|p2a: Toedscruel\n|-damage|p2a: Toedscruel|25\/100\n|\n|t:|1700170856\n|switch|p1a: Ogerpon|Ogerpon-Hearthflame, L50, F|100\/100|[from] U-turn\n|-ability|p1a: Ogerpon|Mold Breaker\n|move|p1b: Dori|Moonblast|p2a: Toedscruel\n|-damage|p2a: Toedscruel|0 fnt\n|faint|p2a: Toedscruel\n|move|p2b: Iron Hands|Heavy Slam|p1b: Dori\n|-supereffective|p1b: Dori\n|-damage|p1b: Dori|0 fnt\n|faint|p1b: Dori\n|-end|p1b: Dori|Protosynthesis|[silent]\n|\n|upkeep\n|\n|t:|1700170873\n|switch|p1b: Urshifu|Urshifu-Rapid-Strike, L50, M|100\/100\n|switch|p2a: Annihilape|Annihilape, L50, F|100\/100\n|turn|2\n|inactive|CoolerThanHot has 30 seconds left.\n|inactive|CoolerThanHot has 20 seconds left.\n|\n|t:|1700170908\n|-terastallize|p1b: Urshifu|Water\n|move|p1a: Ogerpon|Follow Me|p1a: Ogerpon\n|-singleturn|p1a: Ogerpon|move: Follow Me\n|move|p1b: Urshifu|Surging Strikes|p2b: Iron Hands\n|-supereffective|p2b: Iron Hands\n|-crit|p2b: Iron Hands\n|-damage|p2b: Iron Hands|64\/100\n|-supereffective|p2b: Iron Hands\n|-crit|p2b: Iron Hands\n|-damage|p2b: Iron Hands|27\/100\n|-supereffective|p2b: Iron Hands\n|-crit|p2b: Iron Hands\n|-damage|p2b: Iron Hands|0 fnt\n|faint|p2b: Iron Hands\n|-end|p2b: Iron Hands|Quark Drive|[silent]\n|-hitcount|p2: Iron Hands|3\n|move|p2a: Annihilape|Bulldoze|p1b: Urshifu|[spread] p1a,p1b\n|-damage|p1a: Ogerpon|84\/100\n|-damage|p1b: Urshifu|85\/100\n|-unboost|p1a: Ogerpon|spe|1\n|-unboost|p1b: Urshifu|spe|1\n|\n|upkeep\n|\n|t:|1700170925\n|switch|p2b: Greninja|Greninja, L50, M|100\/100\n|turn|3\n|\n|t:|1700170936\n|move|p2b: Greninja|Water Shuriken|p2a: Annihilape\n|-damage|p2a: Annihilape|95\/100\n|-damage|p2a: Annihilape|90\/100\n|-crit|p2a: Annihilape\n|-damage|p2a: Annihilape|83\/100\n|-damage|p2a: Annihilape|79\/100\n|-damage|p2a: Annihilape|75\/100\n|-hitcount|p2a: Annihilape|5\n|move|p1b: Urshifu|Surging Strikes|p2b: Greninja\n|-resisted|p2b: Greninja\n|-crit|p2b: Greninja\n|-damage|p2b: Greninja|77\/100\n|-resisted|p2b: Greninja\n|-crit|p2b: Greninja\n|-damage|p2b: Greninja|51\/100\n|-resisted|p2b: Greninja\n|-crit|p2b: Greninja\n|-damage|p2b: Greninja|26\/100\n|-hitcount|p2b: Greninja|3\n|move|p2a: Annihilape|Rage Fist|p1b: Urshifu\n|-damage|p1b: Urshifu|0 fnt\n|faint|p1b: Urshifu\n|move|p1a: Ogerpon|Horn Leech|p2b: Greninja\n|-supereffective|p2b: Greninja\n|-damage|p2b: Greninja|0 fnt\n|-heal|p1a: Ogerpon|94\/100|[from] drain|[of] p2b: Greninja\n|faint|p2b: Greninja\n|\n|upkeep\n|c|\u2606TrendanBrendan|OH THAT'S SO SICK\n|c|\u2606CoolerThanHot|Thanks\n|\n|t:|1700170956\n|switch|p1b: Oki|Okidogi, L50, M|100\/100\n|turn|4\n|inactive|TrendanBrendan has 30 seconds left.\n|inactive|CoolerThanHot has 30 seconds left.\n|inactive|CoolerThanHot has 20 seconds left.\n|inactive|CoolerThanHot has 15 seconds left.\n|inactive|CoolerThanHot has 10 seconds left.\n|c|\u2606CoolerThanHot|(I thought greninja bond was legal and nat gas doesn\u2019t effect it so but it\u2019s band so\u2026\n|inactive|CoolerThanHot has 5 seconds left.\n|c|\u2606TrendanBrendan|I might give that a try on cart, I love seeing that idea for Gren\n|\n|t:|1700171007\n|move|p1b: Oki|Knock Off|p2a: Annihilape\n|-damage|p2a: Annihilape|41\/100\n|-enditem|p2a: Annihilape|Assault Vest|[from] move: Knock Off|[of] p1b: Oki\n|move|p2a: Annihilape|Rage Fist|p1a: Ogerpon\n|-damage|p1a: Ogerpon|0 fnt\n|faint|p1a: Ogerpon\n|\n|upkeep\n|turn|5\n|\n|t:|1700171024\n|move|p1b: Oki|Poison Jab|p2a: Annihilape\n|-resisted|p2a: Annihilape\n|-damage|p2a: Annihilape|21\/100\n|move|p2a: Annihilape|Rage Fist|p1b: Oki\n|-damage|p1b: Oki|0 fnt\n|faint|p1b: Oki\n|\n|win|CoolerThanHot\n|raw|TrendanBrendan's rating: 1168 &rarr; <strong>1136<\/strong><br \/>(-32 for losing)\n|raw|CoolerThanHot's rating: 1065 &rarr; <strong>1104<\/strong><br \/>(+39 for winning)\n|c|\u2606TrendanBrendan|ggwp\n|c|\u2606CoolerThanHot|gg\n|l|\u2606CoolerThanHot\n","uploadtime":1700171035,"views":30,"p1id":"trendanbrendan","p2id":"coolerthanhot","formatid":"gen9vgc2023regulatione","rating":1104,"private":0,"password":""}