{"id":"gen9vgc2023regulatione-1992534724","p1":"SaacLxnch","p2":"Shneakster","format":"[Gen 9] VGC 2023 Regulation E","log":"|j|\u2606SaacLxnch\n|j|\u2606Shneakster\n|t:|1700201196\n|gametype|doubles\n|player|p1|SaacLxnch|acetrainer-gen4|1140\n|player|p2|Shneakster|bianca|1072\n|teamsize|p1|6\n|teamsize|p2|6\n|gen|9\n|tier|[Gen 9] VGC 2023 Regulation E\n|rated|\n|rule|Species Clause: Limit one of each Pok\u00e9mon\n|rule|Item Clause: Limit one of each item\n|clearpoke\n|poke|p1|Landorus, L50, M|\n|poke|p1|Arcanine-Hisui, L50, F|\n|poke|p1|Gholdengo, L50|\n|poke|p1|Ogerpon-Wellspring, L50, F|\n|poke|p1|Roaring Moon, L50|\n|poke|p1|Iron Hands, L50|\n|poke|p2|Dusclops, L50, M|\n|poke|p2|Rillaboom, L50, M|\n|poke|p2|Hariyama, L50, M|\n|poke|p2|Iron Hands, L50|\n|poke|p2|Zapdos, L50|\n|poke|p2|Scizor, L50, M|\n|teampreview|4\n|inactive|Battle timer is ON: inactive players will automatically lose when time's up. (requested by Shneakster)\n|inactive|SaacLxnch has 60 seconds left.\n|inactive|SaacLxnch has 30 seconds left.\n|inactive|SaacLxnch has 20 seconds left.\n|inactive|SaacLxnch has 15 seconds left.\n|inactive|SaacLxnch has 10 seconds left.\n|\n|t:|1700201278\n|start\n|switch|p1a: Iron Hands|Iron Hands, L50|100\/100\n|switch|p1b: Landorus|Landorus, L50, M|100\/100\n|switch|p2a: CLOPS|Dusclops, L50, M, shiny|100\/100\n|switch|p2b: Sumo Hands|Hariyama, L50, M, shiny|100\/100\n|-item|p1a: Iron Hands|Assault Vest|[from] ability: Frisk|[of] p2a: CLOPS|[identify]\n|-item|p1b: Landorus|Life Orb|[from] ability: Frisk|[of] p2a: CLOPS|[identify]\n|turn|1\n|inactive|SaacLxnch has 30 seconds left.\n|\n|t:|1700201310\n|-end|p1a: Iron Hands|Quark Drive|[silent]\n|switch|p1a: Arcanine|Arcanine-Hisui, L50, F|100\/100\n|-ability|p1a: Arcanine|Intimidate|boost\n|-unboost|p2a: CLOPS|atk|1\n|-unboost|p2b: Sumo Hands|atk|1\n|switch|p2b: Zapdos|Zapdos, L50|100\/100\n|move|p1b: Landorus|Calm Mind|p1b: Landorus\n|-boost|p1b: Landorus|spa|1\n|-boost|p1b: Landorus|spd|1\n|move|p2a: CLOPS|Trick Room|p2a: CLOPS\n|-fieldstart|move: Trick Room|[of] p2a: CLOPS\n|\n|upkeep\n|turn|2\n|inactive|SaacLxnch has 30 seconds left.\n|inactive|SaacLxnch has 20 seconds left.\n|\n|t:|1700201350\n|move|p2a: CLOPS|Will-O-Wisp|p1b: Landorus|[miss]\n|-miss|p2a: CLOPS|p1b: Landorus\n|move|p1a: Arcanine|Flare Blitz|p2b: Zapdos\n|-damage|p2b: Zapdos|3\/100\n|-damage|p1a: Arcanine|69\/100|[from] Recoil\n|-enditem|p2b: Zapdos|Kee Berry|[eat]\n|-boost|p2b: Zapdos|def|1|[from] item: Kee Berry\n|move|p2b: Zapdos|Acrobatics|p1b: Landorus\n|-damage|p1b: Landorus|64\/100\n|move|p1b: Landorus|Earth Power|p2a: CLOPS\n|-damage|p2a: CLOPS|39\/100\n|\n|upkeep\n|turn|3\n|inactive|SaacLxnch has 30 seconds left.\n|inactive|Shneakster has 30 seconds left.\n|inactive|SaacLxnch has 20 seconds left.\n|inactive|SaacLxnch has 15 seconds left.\n|inactive|SaacLxnch has 10 seconds left.\n|\n|t:|1700201398\n|switch|p1a: Gholdengo|Gholdengo, L50|100\/100\n|switch|p2b: Iron Hands|Iron Hands, L50|100\/100\n|move|p1b: Landorus|Protect|p1b: Landorus\n|-singleturn|p1b: Landorus|Protect\n|move|p2a: CLOPS|Will-O-Wisp|p1b: Landorus\n|-activate|p1b: Landorus|move: Protect\n|\n|upkeep\n|turn|4\n|inactive|SaacLxnch has 30 seconds left.\n|inactive|Shneakster has 30 seconds left.\n|inactive|SaacLxnch has 20 seconds left.\n|inactive|SaacLxnch has 15 seconds left.\n|inactive|SaacLxnch has 10 seconds left.\n|\n|t:|1700201444\n|switch|p2a: Sumo Hands|Hariyama, L50, M, shiny|100\/100\n|move|p2b: Iron Hands|Fake Out|p1b: Landorus\n|-damage|p1b: Landorus|46\/100\n|move|p1a: Gholdengo|Nasty Plot|p1a: Gholdengo\n|-boost|p1a: Gholdengo|spa|2\n|cant|p1b: Landorus|flinch\n|\n|-status|p2a: Sumo Hands|brn|[from] item: Flame Orb\n|upkeep\n|turn|5\n|inactive|SaacLxnch has 30 seconds left.\n|inactive|Shneakster has 30 seconds left.\n|\n|t:|1700201476\n|switch|p1b: Arcanine|Arcanine-Hisui, L50, F|69\/100\n|-ability|p1b: Arcanine|Intimidate|boost\n|-unboost|p2a: Sumo Hands|atk|1\n|-unboost|p2b: Iron Hands|atk|1\n|-terastallize|p2a: Sumo Hands|Steel\n|move|p2a: Sumo Hands|Knock Off|p1a: Gholdengo\n|-supereffective|p1a: Gholdengo\n|-damage|p1a: Gholdengo|37\/100\n|-enditem|p1a: Gholdengo|Leftovers|[from] move: Knock Off|[of] p2a: Sumo Hands\n|move|p2b: Iron Hands|Heavy Slam|p1b: Arcanine\n|-damage|p1b: Arcanine|49\/100\n|move|p1a: Gholdengo|Nasty Plot|p1a: Gholdengo\n|-boost|p1a: Gholdengo|spa|2\n|\n|-damage|p2a: Sumo Hands|94\/100 brn|[from] brn\n|-fieldend|move: Trick Room\n|upkeep\n|turn|6\n|inactive|SaacLxnch has 30 seconds left.\n|\n|t:|1700201511\n|move|p1b: Arcanine|Flare Blitz|p2a: Sumo Hands\n|-supereffective|p2a: Sumo Hands\n|-damage|p2a: Sumo Hands|0 fnt\n|faint|p2a: Sumo Hands\n|-damage|p1b: Arcanine|10\/100|[from] Recoil\n|move|p1a: Gholdengo|Shadow Ball|p2b: Iron Hands\n|-damage|p2b: Iron Hands|37\/100\n|-unboost|p2b: Iron Hands|spd|1\n|move|p2b: Iron Hands|Drain Punch|p1b: Arcanine\n|-supereffective|p1b: Arcanine\n|-damage|p1b: Arcanine|0 fnt\n|-heal|p2b: Iron Hands|40\/100|[from] drain|[of] p1b: Arcanine\n|faint|p1b: Arcanine\n|\n|upkeep\n|\n|t:|1700201531\n|switch|p1b: Landorus|Landorus, L50, M|46\/100\n|switch|p2a: Zapdos|Zapdos, L50|3\/100\n|turn|7\n|inactive|SaacLxnch has 30 seconds left.\n|inactive|SaacLxnch has 20 seconds left.\n|inactive|SaacLxnch has 15 seconds left.\n|\n|t:|1700201575\n|switch|p1b: Iron Hands|Iron Hands, L50|100\/100\n|move|p2a: Zapdos|Roost|p2a: Zapdos\n|-heal|p2a: Zapdos|53\/100\n|-singleturn|p2a: Zapdos|move: Roost\n|move|p1a: Gholdengo|Make It Rain|p2b: Iron Hands|[spread] p2a,p2b\n|-resisted|p2a: Zapdos\n|-resisted|p2b: Iron Hands\n|-damage|p2a: Zapdos|0 fnt\n|-damage|p2b: Iron Hands|0 fnt\n|-unboost|p1a: Gholdengo|spa|1\n|faint|p2a: Zapdos\n|faint|p2b: Iron Hands\n|-end|p2b: Iron Hands|Quark Drive|[silent]\n|\n|upkeep\n|-message|Shneakster forfeited.\n|\n|win|SaacLxnch\n|raw|SaacLxnch's rating: 1140 &rarr; <strong>1160<\/strong><br \/>(+20 for winning)\n|raw|Shneakster's rating: 1072 &rarr; <strong>1055<\/strong><br \/>(-17 for losing)\n|l|\u2606Shneakster\n","uploadtime":1700201597,"views":12,"p1id":"saaclxnch","p2id":"shneakster","formatid":"gen9vgc2023regulatione","rating":1055,"private":0,"password":""}