{"id":"gen9vgc2023regulatione-1991596129","p1":"SpoonStealer","p2":"Mr.Shibatku","format":"[Gen 9] VGC 2023 Regulation E","log":"|j|\u2606SpoonStealer\n|j|\u2606Mr.Shibatku\n|t:|1700092321\n|gametype|doubles\n|player|p1|SpoonStealer|266|1408\n|player|p2|Mr.Shibatku|byron|1472\n|teamsize|p1|6\n|teamsize|p2|6\n|gen|9\n|tier|[Gen 9] VGC 2023 Regulation E\n|rated|\n|rule|Species Clause: Limit one of each Pok\u00e9mon\n|rule|Item Clause: Limit one of each item\n|clearpoke\n|poke|p1|Brambleghast, L50, F|\n|poke|p1|Tornadus, L50, M|\n|poke|p1|Basculegion, L50, M|\n|poke|p1|Ursaluna-Bloodmoon, L50, M|\n|poke|p1|Cinderace, L50, M|\n|poke|p1|Regieleki, L50|\n|poke|p2|Indeedee-F, L50, F|\n|poke|p2|Urshifu-*, L50, M|\n|poke|p2|Ursaluna-Bloodmoon, L50, M|\n|poke|p2|Tornadus, L50, M|\n|poke|p2|Armarouge, L50, F|\n|poke|p2|Flutter Mane, L50|\n|teampreview|4\n|\n|t:|1700092353\n|start\n|switch|p1a: Tornadus|Tornadus, L50, M|100\/100\n|switch|p1b: Brambleghast|Brambleghast, L50, F|100\/100\n|switch|p2a: Indeedee|Indeedee-F, L50, F|100\/100\n|switch|p2b: Armarouge|Armarouge, L50, F|100\/100\n|-fieldstart|move: Psychic Terrain|[from] ability: Psychic Surge|[of] p2a: Indeedee\n|turn|1\n|\n|t:|1700092366\n|move|p2a: Indeedee|Follow Me|p2a: Indeedee\n|-singleturn|p2a: Indeedee|move: Follow Me\n|move|p1a: Tornadus|Bleakwind Storm|p2a: Indeedee|[spread] p2a,p2b\n|-damage|p2a: Indeedee|64\/100\n|-damage|p2b: Armarouge|56\/100\n|-unboost|p2a: Indeedee|spe|1\n|move|p1b: Brambleghast|Power Whip|p2a: Indeedee|[miss]\n|-miss|p1b: Brambleghast|p2a: Indeedee\n|move|p2b: Armarouge|Trick Room|p2b: Armarouge\n|-fieldstart|move: Trick Room|[of] p2b: Armarouge\n|\n|upkeep\n|turn|2\n|\n|t:|1700092400\n|-terastallize|p2b: Armarouge|Psychic\n|move|p2a: Indeedee|Dazzling Gleam|p1a: Tornadus|[spread] p1a,p1b\n|-damage|p1a: Tornadus|83\/100\n|-damage|p1b: Brambleghast|76\/100\n|move|p2b: Armarouge|Expanding Force|p1b: Brambleghast|[spread] p1a,p1b\n|-damage|p1a: Tornadus|0 fnt\n|-damage|p1b: Brambleghast|0 fnt\n|faint|p1a: Tornadus\n|faint|p1b: Brambleghast\n|-damage|p2b: Armarouge|47\/100|[from] item: Life Orb\n|\n|upkeep\n|\n|t:|1700092405\n|switch|p1b: Ursaluna|Ursaluna-Bloodmoon, L50, M|100\/100\n|switch|p1a: Basculegion|Basculegion, L50, M|100\/100\n|turn|3\n|\n|t:|1700092443\n|-terastallize|p1b: Ursaluna|Normal\n|move|p1a: Basculegion|Protect|p1a: Basculegion\n|-singleturn|p1a: Basculegion|Protect\n|move|p2b: Armarouge|Wide Guard|p2b: Armarouge\n|-singleturn|p2b: Armarouge|Wide Guard\n|move|p1b: Ursaluna|Hyper Voice|p2b: Armarouge|[spread] \n|-activate|p2a: Indeedee|move: Wide Guard\n|-activate|p2b: Armarouge|move: Wide Guard\n|move|p2a: Indeedee|Trick Room|p2a: Indeedee\n|-fieldend|move: Trick Room\n|\n|upkeep\n|turn|4\n|\n|t:|1700092463\n|move|p2a: Indeedee|Follow Me|p2a: Indeedee\n|-singleturn|p2a: Indeedee|move: Follow Me\n|move|p1a: Basculegion|Wave Crash|p2a: Indeedee\n|-damage|p2a: Indeedee|0 fnt\n|faint|p2a: Indeedee\n|-damage|p1a: Basculegion|82\/100|[from] Recoil\n|-damage|p1a: Basculegion|72\/100|[from] item: Life Orb\n|move|p2b: Armarouge|Expanding Force|p1b: Ursaluna|[spread] p1a,p1b\n|-damage|p1a: Basculegion|0 fnt\n|-damage|p1b: Ursaluna|26\/100\n|faint|p1a: Basculegion\n|-damage|p2b: Armarouge|37\/100|[from] item: Life Orb\n|move|p1b: Ursaluna|Blood Moon|p2b: Armarouge\n|-damage|p2b: Armarouge|0 fnt\n|faint|p2b: Armarouge\n|\n|upkeep\n|\n|t:|1700092483\n|switch|p2b: Flutter Mane|Flutter Mane, L50|100\/100\n|switch|p2a: Ursaluna|Ursaluna-Bloodmoon, L50, M|100\/100\n|-enditem|p2b: Flutter Mane|Booster Energy\n|-activate|p2b: Flutter Mane|ability: Protosynthesis|[fromitem]\n|-start|p2b: Flutter Mane|protosynthesisspa\n|turn|5\n|c|\u2606SpoonStealer|Nice move undoing trick room, that move was sick\n|\n|t:|1700092497\n|move|p2b: Flutter Mane|Protect|p2b: Flutter Mane\n|-singleturn|p2b: Flutter Mane|Protect\n|move|p2a: Ursaluna|Blood Moon|p1b: Ursaluna\n|-damage|p1b: Ursaluna|0 fnt\n|faint|p1b: Ursaluna\n|\n|win|Mr.Shibatku\n|raw|SpoonStealer's rating: 1408 &rarr; <strong>1392<\/strong><br \/>(-16 for losing)\n|raw|Mr.Shibatku's rating: 1472 &rarr; <strong>1488<\/strong><br \/>(+16 for winning)\n|player|p2|Mr.Shibatku|byron\n","uploadtime":1700092512,"views":49,"p1id":"spoonstealer","p2id":"mrshibatku","formatid":"gen9vgc2023regulatione","rating":1392,"private":0,"password":""}