{"id":"gen9vgc2023regulatione-1992828760","p1":"NoPants1101","p2":"sadLouie","format":"[Gen 9] VGC 2023 Regulation E","log":"|j|\u2606NoPants1101\n|j|\u2606sadLouie\n|t:|1700239003\n|gametype|doubles\n|player|p1|NoPants1101|rei|1574\n|player|p2|sadLouie|102|1464\n|teamsize|p1|6\n|teamsize|p2|6\n|gen|9\n|tier|[Gen 9] VGC 2023 Regulation E\n|rated|\n|rule|Species Clause: Limit one of each Pok\u00e9mon\n|rule|Item Clause: Limit one of each item\n|clearpoke\n|poke|p1|Chien-Pao, L50|\n|poke|p1|Dragonite, L50, F|\n|poke|p1|Rillaboom, L50, M|\n|poke|p1|Kingambit, L50, M|\n|poke|p1|Ursaluna-Bloodmoon, L50, M|\n|poke|p1|Farigiraf, L50, F|\n|poke|p2|Dragonite, L50, F|\n|poke|p2|Chien-Pao, L50|\n|poke|p2|Rillaboom, L50, F|\n|poke|p2|Heatran, L50, M|\n|poke|p2|Flutter Mane, L50|\n|poke|p2|Ogerpon-Wellspring, L50, F|\n|teampreview|4\n|inactive|Battle timer is ON: inactive players will automatically lose when time's up. (requested by sadLouie)\n|j| WeezingEnjoyer\n|l| WeezingEnjoyer\n|inactive|NoPants1101 has 60 seconds left.\n|inactive|sadLouie has 60 seconds left.\n|\n|t:|1700239052\n|start\n|switch|p1a: Chien-Pao|Chien-Pao, L50|100\/100\n|switch|p1b: Dragonite|Dragonite, L50, F|100\/100\n|switch|p2a: Heatran|Heatran, L50, M|100\/100\n|switch|p2b: Ogerpon|Ogerpon-Wellspring, L50, F|100\/100\n|-ability|p1a: Chien-Pao|Sword of Ruin\n|turn|1\n|\n|t:|1700239070\n|-terastallize|p1b: Dragonite|Normal\n|move|p2b: Ogerpon|Spiky Shield|p2b: Ogerpon\n|-singleturn|p2b: Ogerpon|move: Protect\n|move|p1b: Dragonite|Extreme Speed|p2a: Heatran\n|-resisted|p2a: Heatran\n|-damage|p2a: Heatran|58\/100\n|move|p1a: Chien-Pao|Sacred Sword|p2a: Heatran\n|-supereffective|p2a: Heatran\n|-damage|p2a: Heatran|0 fnt\n|faint|p2a: Heatran\n|\n|upkeep\n|\n|t:|1700239083\n|switch|p2a: Flutter Mane|Flutter Mane, L50|100\/100\n|turn|2\n|\n|t:|1700239092\n|-terastallize|p2a: Flutter Mane|Fairy\n|move|p1b: Dragonite|Extreme Speed|p2b: Ogerpon\n|-damage|p2b: Ogerpon|11\/100\n|move|p2a: Flutter Mane|Dazzling Gleam|p1b: Dragonite|[spread] p1a,p1b\n|-supereffective|p1a: Chien-Pao\n|-enditem|p1a: Chien-Pao|Focus Sash\n|-damage|p1a: Chien-Pao|1\/100\n|-damage|p1b: Dragonite|47\/100\n|move|p1a: Chien-Pao|Icicle Crash|p2a: Flutter Mane\n|-damage|p2a: Flutter Mane|6\/100\n|move|p2b: Ogerpon|Ivy Cudgel|p1b: Dragonite|[anim] Ivy Cudgel Water\n|-damage|p1b: Dragonite|0 fnt\n|faint|p1b: Dragonite\n|\n|upkeep\n|\n|t:|1700239107\n|switch|p1b: Farigiraf|Farigiraf, L50, F|100\/100\n|turn|3\n|\n|t:|1700239117\n|move|p1a: Chien-Pao|Sucker Punch|p2a: Flutter Mane\n|-resisted|p2a: Flutter Mane\n|-damage|p2a: Flutter Mane|0 fnt\n|faint|p2a: Flutter Mane\n|-end|p2a: Flutter Mane|Protosynthesis|[silent]\n|move|p2b: Ogerpon|Horn Leech|p1b: Farigiraf\n|-damage|p1b: Farigiraf|47\/100\n|-heal|p2b: Ogerpon|45\/100|[from] drain|[of] p1b: Farigiraf\n|-enditem|p1b: Farigiraf|Sitrus Berry|[eat]\n|-heal|p1b: Farigiraf|72\/100|[from] item: Sitrus Berry\n|move|p1b: Farigiraf|Trick Room|p1b: Farigiraf\n|-fieldstart|move: Trick Room|[of] p1b: Farigiraf\n|\n|upkeep\n|\n|t:|1700239126\n|switch|p2a: Dragonite|Dragonite, L50, F|100\/100\n|turn|4\n|inactive|NoPants1101 has 30 seconds left.\n|\n|t:|1700239155\n|move|p2b: Ogerpon|Spiky Shield|p2b: Ogerpon\n|-singleturn|p2b: Ogerpon|move: Protect\n|move|p1a: Chien-Pao|Sucker Punch|p2a: Dragonite\n|-crit|p2a: Dragonite\n|-damage|p2a: Dragonite|20\/100\n|move|p1b: Farigiraf|Psychic|p2a: Dragonite\n|-damage|p2a: Dragonite|0 fnt\n|faint|p2a: Dragonite\n|\n|upkeep\n|turn|5\n|\n|t:|1700239166\n|move|p2b: Ogerpon|Spiky Shield|p2b: Ogerpon\n|-singleturn|p2b: Ogerpon|move: Protect\n|move|p1a: Chien-Pao|Sucker Punch||[still]\n|-fail|p1a: Chien-Pao\n|move|p1b: Farigiraf|Psychic|p2b: Ogerpon\n|-activate|p2b: Ogerpon|move: Protect\n|\n|upkeep\n|turn|6\n|\n|t:|1700239177\n|move|p2b: Ogerpon|Spiky Shield|p2b: Ogerpon\n|-singleturn|p2b: Ogerpon|move: Protect\n|move|p1a: Chien-Pao|Sucker Punch||[still]\n|-fail|p1a: Chien-Pao\n|move|p1b: Farigiraf|Nasty Plot|p1b: Farigiraf\n|-boost|p1b: Farigiraf|spa|2\n|\n|upkeep\n|turn|7\n|c|\u2606sadLouie|lol\n|\n|t:|1700239187\n|move|p2b: Ogerpon|Spiky Shield||[still]\n|-fail|p2b: Ogerpon\n|move|p1a: Chien-Pao|Sucker Punch||[still]\n|-fail|p1a: Chien-Pao\n|move|p1b: Farigiraf|Psychic|p2b: Ogerpon\n|-damage|p2b: Ogerpon|0 fnt\n|faint|p2b: Ogerpon\n|\n|win|NoPants1101\n|raw|NoPants1101's rating: 1574 &rarr; <strong>1588<\/strong><br \/>(+14 for winning)\n|raw|sadLouie's rating: 1464 &rarr; <strong>1450<\/strong><br \/>(-14 for losing)\n","uploadtime":1700239196,"views":16,"p1id":"nopants1101","p2id":"sadlouie","formatid":"gen9vgc2023regulatione","rating":1450,"private":0,"password":""}