{"id":"gen9vgc2023regulatione-1991354793","p1":"XinBluQAQ","p2":"maku8319","format":"[Gen 9] VGC 2023 Regulation E","log":"|j|\u2606XinBluQAQ\n|j|\u2606maku8319\n|n|\u2606XinBluQAQ|xinbluqaq\n|n|\u2606maku8319|maku8319\n|html|View the match progress at <a href=\"\/game-bestof3-gen9vgc2023regulatione-1991345338\">game-bestof3-gen9vgc2023regulatione-1991345338<\/a>\n|t:|1700070186\n|gametype|doubles\n|player|p1|XinBluQAQ|benga|\n|player|p2|maku8319|red|\n|teamsize|p1|6\n|teamsize|p2|6\n|gen|9\n|tier|[Gen 9] VGC 2023 Regulation E\n|rule|Species Clause: Limit one of each Pok\u00e9mon\n|rule|Item Clause: Limit one of each item\n|clearpoke\n|poke|p1|Grimmsnarl, L50, M|\n|poke|p1|Iron Hands, L50|\n|poke|p1|Landorus-Therian, L50, M|\n|poke|p1|Milotic, L50, M|\n|poke|p1|Gholdengo, L50|\n|poke|p1|Ogerpon-Hearthflame, L50, F|\n|poke|p2|Chi-Yu, L50|\n|poke|p2|Iron Hands, L50|\n|poke|p2|Landorus-Therian, L50, M|\n|poke|p2|Dusclops, L50, F|\n|poke|p2|Ogerpon-Wellspring, L50, F|\n|poke|p2|Ursaluna-Bloodmoon, L50, M|\n|teampreview|4\n|j| Aries83199\nmaku8319 has agreed to open team sheets.\n|\n|t:|1700070258\n|start\n|switch|p1a: Grimmsnarl|Grimmsnarl, L50, M|100\/100\n|switch|p1b: Iron Hands|Iron Hands, L50, shiny|100\/100\n|switch|p2a: Dusclops|Dusclops, L50, F|100\/100\n|switch|p2b: Landorus|Landorus-Therian, L50, M|100\/100\n|-ability|p2b: Landorus|Intimidate|boost\n|-unboost|p1a: Grimmsnarl|atk|1\n|-unboost|p1b: Iron Hands|atk|1\n|-item|p1a: Grimmsnarl|Roseli Berry|[from] ability: Frisk|[of] p2a: Dusclops|[identify]\n|-item|p1b: Iron Hands|Assault Vest|[from] ability: Frisk|[of] p2a: Dusclops|[identify]\n|turn|1\n|\n|t:|1700070287\n|-end|p1b: Iron Hands|Quark Drive|[silent]\n|switch|p1b: Landorus|Landorus-Therian, L50, M|100\/100\n|-ability|p1b: Landorus|Intimidate|boost\n|-unboost|p2a: Dusclops|atk|1\n|-unboost|p2b: Landorus|atk|1\n|move|p1a: Grimmsnarl|Thunder Wave|p2a: Dusclops\n|-status|p2a: Dusclops|par\n|move|p2b: Landorus|U-turn|p1b: Landorus\n|-resisted|p1b: Landorus\n|-damage|p1b: Landorus|90\/100\n|\n|t:|1700070296\n|switch|p2b: Ursaluna|Ursaluna-Bloodmoon, L50, M|100\/100|[from] U-turn\n|move|p2a: Dusclops|Trick Room|p2a: Dusclops\n|-fieldstart|move: Trick Room|[of] p2a: Dusclops\n|\n|upkeep\n|turn|2\n|\n|t:|1700070372\n|switch|p1b: Iron Hands|Iron Hands, L50, shiny|100\/100\n|move|p1a: Grimmsnarl|Parting Shot|p2b: Ursaluna\n|-unboost|p2b: Ursaluna|atk|1\n|-unboost|p2b: Ursaluna|spa|1\n|\n|t:|1700070378\n|switch|p1a: Landorus|Landorus-Therian, L50, M|90\/100|[from] Parting Shot\n|-ability|p1a: Landorus|Intimidate|boost\n|-unboost|p2a: Dusclops|atk|1\n|-unboost|p2b: Ursaluna|atk|1\n|move|p2a: Dusclops|Brick Break|p2b: Ursaluna\n|-supereffective|p2b: Ursaluna\n|-damage|p2b: Ursaluna|91\/100\n|-enditem|p2b: Ursaluna|Weakness Policy\n|-boost|p2b: Ursaluna|atk|2|[from] item: Weakness Policy\n|-boost|p2b: Ursaluna|spa|2|[from] item: Weakness Policy\n|move|p2b: Ursaluna|Blood Moon|p1b: Iron Hands\n|-damage|p1b: Iron Hands|20\/100\n|\n|upkeep\n|turn|3\n|\n|t:|1700070461\n|switch|p1a: Grimmsnarl|Grimmsnarl, L50, M|100\/100\n|move|p2b: Ursaluna|Protect|p2b: Ursaluna\n|-singleturn|p2b: Ursaluna|Protect\n|move|p2a: Dusclops|Will-O-Wisp|p1a: Grimmsnarl\n|-status|p1a: Grimmsnarl|brn\n|move|p1b: Iron Hands|Drain Punch|p2b: Ursaluna\n|-activate|p2b: Ursaluna|move: Protect\n|\n|-damage|p1a: Grimmsnarl|95\/100 brn|[from] brn\n|upkeep\n|turn|4\n|\n|t:|1700070491\n|-end|p1b: Iron Hands|Quark Drive|[silent]\n|switch|p1b: Ogerpon|Ogerpon-Hearthflame, L50, F|100\/100\n|-ability|p1b: Ogerpon|Mold Breaker\n|move|p1a: Grimmsnarl|Parting Shot|p2b: Ursaluna\n|-unboost|p2b: Ursaluna|atk|1\n|-unboost|p2b: Ursaluna|spa|1\n|\n|t:|1700070498\n|switch|p1a: Iron Hands|Iron Hands, L50, shiny|20\/100|[from] Parting Shot\n|move|p2a: Dusclops|Will-O-Wisp|p1b: Ogerpon\n|-immune|p1b: Ogerpon\n|move|p2b: Ursaluna|Hyper Voice|p1b: Ogerpon|[spread] p1a,p1b\n|-damage|p1a: Iron Hands|0 fnt\n|-damage|p1b: Ogerpon|58\/100\n|faint|p1a: Iron Hands\n|-end|p1a: Iron Hands|Quark Drive|[silent]\n|\n|upkeep\n|\n|t:|1700070507\n|switch|p1a: Grimmsnarl|Grimmsnarl, L50, M|95\/100 brn\n|turn|5\n|\n|t:|1700070532\n|switch|p2a: Landorus|Landorus-Therian, L50, M|100\/100\n|-ability|p2a: Landorus|Intimidate|boost\n|-unboost|p1a: Grimmsnarl|atk|1\n|-unboost|p1b: Ogerpon|atk|1\n|move|p1a: Grimmsnarl|Fake Out|p2b: Ursaluna\n|-damage|p2b: Ursaluna|89\/100\n|cant|p2b: Ursaluna|flinch\n|move|p1b: Ogerpon|Swords Dance|p1b: Ogerpon\n|-boost|p1b: Ogerpon|atk|2\n|\n|-damage|p1a: Grimmsnarl|89\/100 brn|[from] brn\n|-fieldend|move: Trick Room\n|upkeep\n|turn|6\n|\n|t:|1700070579\n|move|p1b: Ogerpon|Spiky Shield|p1b: Ogerpon\n|-singleturn|p1b: Ogerpon|move: Protect\n|move|p2b: Ursaluna|Protect|p2b: Ursaluna\n|-singleturn|p2b: Ursaluna|Protect\n|move|p1a: Grimmsnarl|Parting Shot|p2a: Landorus\n|-unboost|p2a: Landorus|atk|1\n|-unboost|p2a: Landorus|spa|1\n|\n|t:|1700070586\n|switch|p1a: Landorus|Landorus-Therian, L50, M|90\/100|[from] Parting Shot\n|-ability|p1a: Landorus|Intimidate|boost\n|-unboost|p2a: Landorus|atk|1\n|-unboost|p2b: Ursaluna|atk|1\n|move|p2a: Landorus|Stomping Tantrum|p1b: Ogerpon\n|-activate|p1b: Ogerpon|move: Protect\n|-damage|p2a: Landorus|88\/100|[from] Spiky Shield|[of] p1b: Ogerpon\n|\n|upkeep\n|turn|7\n|\n|t:|1700070682\n|switch|p2a: Iron Hands|Iron Hands, L50|100\/100\n|move|p1a: Landorus|U-turn|p2a: Iron Hands\n|-resisted|p2a: Iron Hands\n|-damage|p2a: Iron Hands|91\/100\n|\n|t:|1700070688\n|switch|p1a: Grimmsnarl|Grimmsnarl, L50, M|89\/100 brn|[from] U-turn\n|move|p1b: Ogerpon|Horn Leech|p2b: Ursaluna\n|-supereffective|p2b: Ursaluna\n|-damage|p2b: Ursaluna|0 fnt\n|-heal|p1b: Ogerpon|100\/100|[from] drain|[of] p2b: Ursaluna\n|faint|p2b: Ursaluna\n|\n|-damage|p1a: Grimmsnarl|83\/100 brn|[from] brn\n|upkeep\n|\n|t:|1700070697\n|switch|p2b: Landorus|Landorus-Therian, L50, M|88\/100\n|-ability|p2b: Landorus|Intimidate|boost\n|-unboost|p1a: Grimmsnarl|atk|1\n|-unboost|p1b: Ogerpon|atk|1\n|turn|8\n|\n|t:|1700070737\n|switch|p2b: Dusclops|Dusclops, L50, F|100\/100 par\n|-item|p1a: Grimmsnarl|Roseli Berry|[from] ability: Frisk|[of] p2b: Dusclops|[identify]\n|-item|p1b: Ogerpon|Hearthflame Mask|[from] ability: Frisk|[of] p2b: Dusclops|[identify]\n|-terastallize|p1b: Ogerpon|Fire\n|detailschange|p1b: Ogerpon|Ogerpon-Hearthflame-Tera, L50, F, tera:Fire\n|-ability|p1b: Ogerpon|Embody Aspect (Hearthflame)|boost\n|-boost|p1b: Ogerpon|atk|1\n|move|p1a: Grimmsnarl|Fake Out|p2b: Dusclops\n|-immune|p2b: Dusclops\n|move|p2a: Iron Hands|Fake Out|p1b: Ogerpon\n|-damage|p1b: Ogerpon|81\/100\n|cant|p1b: Ogerpon|flinch\n|\n|-damage|p1a: Grimmsnarl|77\/100 brn|[from] brn\n|upkeep\n|turn|9\n|\n|t:|1700070791\n|move|p1b: Ogerpon|Ivy Cudgel|p2a: Iron Hands|[anim] Ivy Cudgel Fire\n|-crit|p2a: Iron Hands\n|-damage|p2a: Iron Hands|0 fnt\n|faint|p2a: Iron Hands\n|-end|p2a: Iron Hands|Quark Drive|[silent]\n|move|p1a: Grimmsnarl|Spirit Break|p2b: Dusclops\n|-damage|p2b: Dusclops|94\/100 par\n|-unboost|p2b: Dusclops|spa|1\n|move|p2b: Dusclops|Trick Room|p2b: Dusclops\n|-fieldstart|move: Trick Room|[of] p2b: Dusclops\n|\n|-damage|p1a: Grimmsnarl|71\/100 brn|[from] brn\n|upkeep\n|\n|t:|1700070799\n|switch|p2a: Landorus|Landorus-Therian, L50, M|88\/100\n|-ability|p2a: Landorus|Intimidate|boost\n|-unboost|p1a: Grimmsnarl|atk|1\n|-unboost|p1b: Ogerpon|atk|1\n|turn|10\n|\n|t:|1700070838\n|move|p1a: Grimmsnarl|Spirit Break|p2a: Landorus\n|-damage|p2a: Landorus|80\/100\n|-unboost|p2a: Landorus|spa|1\n|move|p1b: Ogerpon|Ivy Cudgel|p2a: Landorus|[anim] Ivy Cudgel Fire\n|-damage|p2a: Landorus|0 fnt\n|faint|p2a: Landorus\n|move|p2b: Dusclops|Trick Room|p2b: Dusclops\n|-fieldend|move: Trick Room\n|\n|-damage|p1a: Grimmsnarl|65\/100 brn|[from] brn\n|upkeep\n|turn|11\n|\n|t:|1700070855\n|move|p1b: Ogerpon|Swords Dance|p1b: Ogerpon\n|-boost|p1b: Ogerpon|atk|2\n|move|p1a: Grimmsnarl|Spirit Break|p2b: Dusclops\n|-damage|p2b: Dusclops|89\/100 par\n|-unboost|p2b: Dusclops|spa|1\n|cant|p2b: Dusclops|par\n|\n|-damage|p1a: Grimmsnarl|59\/100 brn|[from] brn\n|upkeep\n|turn|12\n|\n|t:|1700070867\n|move|p1b: Ogerpon|Ivy Cudgel|p2b: Dusclops|[anim] Ivy Cudgel Fire\n|-damage|p2b: Dusclops|0 fnt\n|faint|p2b: Dusclops\n|\n|win|XinBluQAQ\n|l|\u2606maku8319\n|l| Aries83199\n","uploadtime":1700070953,"views":21,"p1id":"xinbluqaq","p2id":"maku8319","formatid":"gen9vgc2023regulatione","rating":0,"private":0,"password":""}