{"id":"gen9vgc2023regulatione-2000475816","p1":"The_AG_Is_Real","p2":"ilsommo359","format":"[Gen 9] VGC 2023 Regulation E","log":"|j|\u2606The_AG_Is_Real\n|j|\u2606ilsommo359\n|n|\u2606The_AG_Is_Real|theagisreal\n|n|\u2606ilsommo359|ilsommo359\n|html|View the match progress at <a href=\"\/game-bestof3-gen9vgc2023regulatione-2000471968\">game-bestof3-gen9vgc2023regulatione-2000471968<\/a>\n|t:|1701197958\n|gametype|doubles\n|player|p1|The_AG_Is_Real|candice|\n|player|p2|ilsommo359|1|\n|teamsize|p1|6\n|teamsize|p2|6\n|gen|9\n|tier|[Gen 9] VGC 2023 Regulation E\n|rule|Species Clause: Limit one of each Pok\u00e9mon\n|rule|Item Clause: Limit one of each item\n|clearpoke\n|poke|p1|Grimmsnarl, L50, M|\n|poke|p1|Arcanine-Hisui, L50, F|\n|poke|p1|Sinistcha, L50|\n|poke|p1|Ursaluna-Bloodmoon, L50, M|\n|poke|p1|Moltres-Galar, L50|\n|poke|p1|Farigiraf, L50, F|\n|poke|p2|Armarouge, L50, F|\n|poke|p2|Indeedee-F, L50, F|\n|poke|p2|Torkoal, L50, M|\n|poke|p2|Gastrodon-East, L50, F|\n|poke|p2|Iron Hands, L50|\n|poke|p2|Mimikyu, L50, F|\n|teampreview|4\n|inactive|Battle timer is ON: inactive players will automatically lose when time's up. (requested by The_AG_Is_Real)\nThe_AG_Is_Real has agreed to open team sheets.\n|inactive|The_AG_Is_Real has 60 seconds left.\nilsommo359 has agreed to open team sheets.\n|showteam|p1|Grimmsnarl||LightClay|Prankster|LightScreen,Reflect,ThunderWave,SpiritBreak|||M|||50|,,,,,Ghost]Arcanine-Hisui||AssaultVest|Intimidate|RockSlide,FlareBlitz,Snarl,ExtremeSpeed|||F|||50|,,,,,Fairy]Sinistcha||MiracleSeed|Hospitality|RagePowder,MatchaGotcha,StrengthSap,LifeDew||||||50|,,,,,Dragon]Ursaluna-Bloodmoon||Leftovers|MindsEye|CalmMind,EarthPower,HyperVoice,Protect|||M|||50|,,,,,Grass]Moltres-Galar||SitrusBerry|Berserk|NastyPlot,FieryWrath,AirSlash,Protect||||||50|,,,,,Poison]Farigiraf||RockyHelmet|ArmorTail|TrickRoom,HelpingHand,DazzlingGleam,Psychic|||F|||50|,,,,,Fairy\n|showteam|p2|Armarouge||LifeOrb|FlashFire|ExpandingForce,HeatWave,TrickRoom,TeraBlast|||F|||50|,,,,,Fairy]Indeedee-F||PsychicSeed|PsychicSurge|DazzlingGleam,HelpingHand,FollowMe,TrickRoom|||F|||50|,,,,,Grass]Torkoal||Charcoal|Drought|Eruption,HeatWave,EarthPower,Protect|||M|||50|,,,,,Fire]Gastrodon-East||SitrusBerry|StormDrain|EarthPower,MuddyWater,Recover,Protect|||F|||50|,,,,,Fire]Iron Hands||AssaultVest|QuarkDrive|WildCharge,DrainPunch,FakeOut,VoltSwitch||||||50|,,,,,Water]Mimikyu||RockyHelmet|Disguise|PlayRough,ShadowSneak,Taunt,TrickRoom|||F|||50|,,,,,Fire\n|\n|t:|1701198001\n|start\n|switch|p1a: Marceline|Moltres-Galar, L50|100\/100\n|switch|p1b: Jake The Dog|Arcanine-Hisui, L50, F, shiny|100\/100\n|switch|p2a: Mimikyu|Mimikyu, L50, F|100\/100\n|switch|p2b: Iron Hands|Iron Hands, L50|100\/100\n|-ability|p1b: Jake The Dog|Intimidate|boost\n|-unboost|p2a: Mimikyu|atk|1\n|-unboost|p2b: Iron Hands|atk|1\n|turn|1\n|\n|t:|1701198025\n|switch|p1a: The Lich|Grimmsnarl, L50, M|100\/100\n|move|p2b: Iron Hands|Fake Out|p1a: The Lich\n|-damage|p1a: The Lich|91\/100\n|move|p1b: Jake The Dog|Rock Slide|p2a: Mimikyu|[spread] p2a,p2b\n|-resisted|p2b: Iron Hands\n|-activate|p2a: Mimikyu|ability: Disguise\n|-damage|p2a: Mimikyu|100\/100\n|-damage|p2b: Iron Hands|91\/100\n|detailschange|p2a: Mimikyu|Mimikyu-Busted, L50, F\n|-damage|p2a: Mimikyu|88\/100|[from] pokemon: Mimikyu-Busted\n|move|p2a: Mimikyu|Trick Room|p2a: Mimikyu\n|-fieldstart|move: Trick Room|[of] p2a: Mimikyu\n|\n|upkeep\n|turn|2\n|inactive|The_AG_Is_Real has 30 seconds left.\n|\n|t:|1701198056\n|switch|p1b: BMO|Sinistcha, L50|100\/100\n|-heal|p1a: The Lich|100\/100|[from] ability: Hospitality|[of] p1b: BMO\n|move|p1a: The Lich|Reflect|p1a: The Lich\n|-sidestart|p1: The_AG_Is_Real|Reflect\n|move|p2b: Iron Hands|Drain Punch|p1b: BMO\n|-immune|p1b: BMO\n|move|p2a: Mimikyu|Play Rough|p1a: The Lich\n|-supereffective|p1a: The Lich\n|-damage|p1a: The Lich|70\/100\n|\n|upkeep\n|turn|3\n|inactive|ilsommo359 has 30 seconds left.\n|\n|t:|1701198091\n|move|p2b: Iron Hands|Wild Charge|p1a: The Lich\n|-crit|p1a: The Lich\n|-damage|p1a: The Lich|0 fnt\n|faint|p1a: The Lich\n|-damage|p2b: Iron Hands|76\/100|[from] Recoil\n|move|p1b: BMO|Matcha Gotcha|p2a: Mimikyu|[spread] p2a,p2b\n|-damage|p2a: Mimikyu|51\/100\n|-damage|p2b: Iron Hands|58\/100\n|move|p2a: Mimikyu|Taunt|p1b: BMO\n|-start|p1b: BMO|move: Taunt\n|\n|upkeep\n|\n|t:|1701198102\n|switch|p1a: Jake The Dog|Arcanine-Hisui, L50, F, shiny|100\/100\n|-ability|p1a: Jake The Dog|Intimidate|boost\n|-unboost|p2a: Mimikyu|atk|1\n|-unboost|p2b: Iron Hands|atk|1\n|turn|4\n|\n|t:|1701198115\n|switch|p1a: Marceline|Moltres-Galar, L50|100\/100\n|move|p2a: Mimikyu|Shadow Sneak|p1b: BMO\n|-supereffective|p1b: BMO\n|-damage|p1b: BMO|89\/100\n|move|p2b: Iron Hands|Drain Punch|p1a: Marceline\n|-damage|p1a: Marceline|84\/100\n|-heal|p2b: Iron Hands|65\/100|[from] drain|[of] p1a: Marceline\n|move|p1b: BMO|Matcha Gotcha|p2a: Mimikyu|[spread] p2a,p2b\n|-damage|p2a: Mimikyu|17\/100\n|-heal|p1b: BMO|100\/100|[from] drain|[of] p2a: Mimikyu\n|-damage|p2b: Iron Hands|47\/100\n|-status|p2b: Iron Hands|brn\n|\n|-damage|p2b: Iron Hands|41\/100 brn|[from] brn\n|upkeep\n|turn|5\n|inactive|ilsommo359 has 30 seconds left.\n|inactive|ilsommo359 has 20 seconds left.\n|inactive|ilsommo359 has 15 seconds left.\n|\n|t:|1701198157\n|-terastallize|p1a: Marceline|Poison\n|move|p2b: Iron Hands|Wild Charge|p1b: BMO\n|-resisted|p1b: BMO\n|-crit|p1b: BMO\n|-damage|p1b: BMO|84\/100\n|-damage|p2b: Iron Hands|38\/100 brn|[from] Recoil\n|move|p1b: BMO|Matcha Gotcha|p2a: Mimikyu|[spread] p2a,p2b\n|-damage|p2a: Mimikyu|0 fnt\n|-heal|p1b: BMO|91\/100|[from] drain|[of] p2a: Mimikyu\n|-damage|p2b: Iron Hands|21\/100 brn\n|-heal|p1b: BMO|100\/100|[from] drain|[of] p2b: Iron Hands\n|faint|p2a: Mimikyu\n|move|p1a: Marceline|Nasty Plot|p1a: Marceline\n|-boost|p1a: Marceline|spa|2\n|\n|-damage|p2b: Iron Hands|15\/100 brn|[from] brn\n|-fieldend|move: Trick Room\n|upkeep\n|\n|t:|1701198174\n|switch|p2a: Armarouge|Armarouge, L50, F, shiny|100\/100\n|turn|6\n|inactive|ilsommo359 has 30 seconds left.\n|\n|t:|1701198209\n|switch|p1b: Jake The Dog|Arcanine-Hisui, L50, F, shiny|100\/100\n|-ability|p1b: Jake The Dog|Intimidate|boost\n|-unboost|p2a: Armarouge|atk|1\n|-unboost|p2b: Iron Hands|atk|1\n|-terastallize|p2a: Armarouge|Fairy\n|move|p1a: Marceline|Protect|p1a: Marceline\n|-singleturn|p1a: Marceline|Protect\n|move|p2b: Iron Hands|Drain Punch|p1a: Marceline\n|-activate|p1a: Marceline|move: Protect\n|move|p2a: Armarouge|Trick Room|p2a: Armarouge\n|-fieldstart|move: Trick Room|[of] p2a: Armarouge\n|\n|-damage|p2b: Iron Hands|9\/100 brn|[from] brn\n|upkeep\n|turn|7\n|inactive|The_AG_Is_Real has 30 seconds left.\n|inactive|ilsommo359 has 30 seconds left.\n|\n|t:|1701198234\n|switch|p1a: BMO|Sinistcha, L50|100\/100\n|move|p2b: Iron Hands|Drain Punch|p1b: Jake The Dog\n|-supereffective|p1b: Jake The Dog\n|-damage|p1b: Jake The Dog|88\/100\n|-heal|p2b: Iron Hands|14\/100 brn|[from] drain|[of] p1b: Jake The Dog\n|move|p2a: Armarouge|Expanding Force|p1a: BMO\n|-damage|p1a: BMO|40\/100\n|-damage|p2a: Armarouge|91\/100|[from] item: Life Orb\n|move|p1b: Jake The Dog|Snarl|p2a: Armarouge|[spread] p2a,p2b\n|-resisted|p2a: Armarouge\n|-resisted|p2b: Iron Hands\n|-damage|p2a: Armarouge|86\/100\n|-damage|p2b: Iron Hands|12\/100 brn\n|-unboost|p2a: Armarouge|spa|1\n|-unboost|p2b: Iron Hands|spa|1\n|\n|-damage|p2b: Iron Hands|6\/100 brn|[from] brn\n|upkeep\n|turn|8\n|inactive|The_AG_Is_Real has 30 seconds left.\n|inactive|ilsommo359 has 30 seconds left.\n|inactive|The_AG_Is_Real has 20 seconds left.\n|inactive|The_AG_Is_Real has 15 seconds left.\n|\n|t:|1701198277\n|switch|p1a: Marceline|Moltres-Galar, L50, tera:Poison|84\/100\n|move|p2b: Iron Hands|Wild Charge|p1a: Marceline\n|-damage|p1a: Marceline|78\/100\n|-damage|p2b: Iron Hands|5\/100 brn|[from] Recoil\n|move|p2a: Armarouge|Expanding Force|p1b: Jake The Dog\n|-damage|p1b: Jake The Dog|62\/100\n|-damage|p2a: Armarouge|76\/100|[from] item: Life Orb\n|move|p1b: Jake The Dog|Snarl|p2a: Armarouge|[spread] p2a,p2b\n|-resisted|p2a: Armarouge\n|-resisted|p2b: Iron Hands\n|-damage|p2a: Armarouge|72\/100\n|-damage|p2b: Iron Hands|3\/100 brn\n|-unboost|p2a: Armarouge|spa|1\n|-unboost|p2b: Iron Hands|spa|1\n|\n|-damage|p2b: Iron Hands|0 fnt|[from] brn\n|faint|p2b: Iron Hands\n|-end|p2b: Iron Hands|Quark Drive|[silent]\n|upkeep\n|\n|t:|1701198293\n|switch|p2b: Torkoal|Torkoal, L50, M|100\/100\n|-weather|SunnyDay|[from] ability: Drought|[of] p2b: Torkoal\n|turn|9\n|\n|t:|1701198307\n|switch|p1a: BMO|Sinistcha, L50|40\/100\n|-heal|p1b: Jake The Dog|87\/100|[from] ability: Hospitality|[of] p1a: BMO\n|move|p2b: Torkoal|Eruption|p1b: Jake The Dog|[spread] p1a,p1b\n|-supereffective|p1a: BMO\n|-resisted|p1b: Jake The Dog\n|-damage|p1a: BMO|0 fnt\n|-damage|p1b: Jake The Dog|72\/100\n|faint|p1a: BMO\n|move|p2a: Armarouge|Expanding Force|p1b: Jake The Dog\n|-damage|p1b: Jake The Dog|52\/100\n|-damage|p2a: Armarouge|62\/100|[from] item: Life Orb\n|move|p1b: Jake The Dog|Snarl|p2b: Torkoal|[spread] p2a,p2b\n|-resisted|p2a: Armarouge\n|-crit|p2b: Torkoal\n|-damage|p2a: Armarouge|58\/100\n|-damage|p2b: Torkoal|85\/100\n|-unboost|p2a: Armarouge|spa|1\n|-unboost|p2b: Torkoal|spa|1\n|\n|-weather|SunnyDay|[upkeep]\n|-sideend|p1: The_AG_Is_Real|Reflect\n|upkeep\n|\n|t:|1701198317\n|switch|p1a: Marceline|Moltres-Galar, L50, tera:Poison|78\/100\n|turn|10\n|\n|t:|1701198330\n|move|p1a: Marceline|Protect|p1a: Marceline\n|-singleturn|p1a: Marceline|Protect\n|move|p2b: Torkoal|Earth Power|p1b: Jake The Dog\n|-supereffective|p1b: Jake The Dog\n|-damage|p1b: Jake The Dog|7\/100\n|-unboost|p1b: Jake The Dog|spd|1\n|move|p2a: Armarouge|Expanding Force|p1a: Marceline\n|-activate|p1a: Marceline|move: Protect\n|move|p1b: Jake The Dog|Snarl|p2a: Armarouge|[spread] p2a,p2b\n|-resisted|p2a: Armarouge\n|-damage|p2a: Armarouge|53\/100\n|-damage|p2b: Torkoal|73\/100\n|-unboost|p2a: Armarouge|spa|1\n|-unboost|p2b: Torkoal|spa|1\n|\n|-weather|SunnyDay|[upkeep]\n|-fieldend|move: Trick Room\n|upkeep\n|turn|11\n|\n|t:|1701198346\n|move|p2b: Torkoal|Protect|p2b: Torkoal\n|-singleturn|p2b: Torkoal|Protect\n|move|p1a: Marceline|Fiery Wrath|p2a: Armarouge|[spread] p2a\n|-activate|p2b: Torkoal|move: Protect\n|-resisted|p2a: Armarouge\n|-damage|p2a: Armarouge|37\/100\n|move|p1b: Jake The Dog|Rock Slide|p2a: Armarouge|[spread] p2a\n|-activate|p2b: Torkoal|move: Protect\n|-damage|p2a: Armarouge|13\/100\n|move|p2a: Armarouge|Heat Wave|p1a: Marceline|[spread] p1a,p1b\n|-resisted|p1b: Jake The Dog\n|-damage|p1a: Marceline|59\/100\n|-damage|p1b: Jake The Dog|0 fnt\n|faint|p1b: Jake The Dog\n|-damage|p2a: Armarouge|3\/100|[from] item: Life Orb\n|\n|-weather|SunnyDay|[upkeep]\n|upkeep\n|turn|12\n|inactive|ilsommo359 has 30 seconds left.\n|\n|t:|1701198375\n|move|p1a: Marceline|Fiery Wrath|p2a: Armarouge|[spread] p2a,p2b\n|-resisted|p2a: Armarouge\n|-damage|p2a: Armarouge|0 fnt\n|-damage|p2b: Torkoal|32\/100\n|faint|p2a: Armarouge\n|move|p2b: Torkoal|Earth Power|p1a: Marceline\n|-supereffective|p1a: Marceline\n|-damage|p1a: Marceline|40\/100\n|-ability|p1a: Marceline|Berserk|boost\n|-boost|p1a: Marceline|spa|1\n|-enditem|p1a: Marceline|Sitrus Berry|[eat]\n|-heal|p1a: Marceline|65\/100|[from] item: Sitrus Berry\n|\n|-weather|SunnyDay|[upkeep]\n|upkeep\n|turn|13\n|\n|t:|1701198382\n|move|p1a: Marceline|Fiery Wrath|p2b: Torkoal\n|-damage|p2b: Torkoal|0 fnt\n|faint|p2b: Torkoal\n|\n|win|The_AG_Is_Real\n|c|\u2606The_AG_Is_Real|gg\n|c|\u2606The_AG_Is_Real|wp :)\n","uploadtime":1701198390,"views":2,"p1id":"theagisreal","p2id":"ilsommo359","formatid":"gen9vgc2023regulatione","rating":0,"private":0,"password":""}