{"id":"gen9vgc2023regulatione-1989436031","p1":"Kzjhekz","p2":"CharjabugKing","format":"[Gen 9] VGC 2023 Regulation E","log":"|j|\u2606Kzjhekz\n|j|\u2606CharjabugKing\n|t:|1699850154\n|gametype|doubles\n|player|p1|Kzjhekz|lance|1000\n|player|p2|CharjabugKing|2|1035\n|teamsize|p1|6\n|teamsize|p2|6\n|gen|9\n|tier|[Gen 9] VGC 2023 Regulation E\n|rated|\n|rule|Species Clause: Limit one of each Pok\u00e9mon\n|rule|Item Clause: Limit one of each item\n|clearpoke\n|poke|p1|Flutter Mane, L50|\n|poke|p1|Tornadus, L50, M|\n|poke|p1|Rillaboom, L50, F|\n|poke|p1|Garganacl, L50, F|\n|poke|p1|Arcanine-Hisui, L50, F|\n|poke|p1|Chien-Pao, L50|\n|poke|p2|Regieleki, L50|\n|poke|p2|Landorus-Therian, L50, M|\n|poke|p2|Tornadus, L50, M|\n|poke|p2|Politoed, L50, M|\n|poke|p2|Rillaboom, L50, M|\n|poke|p2|Frosmoth, L50, M|\n|teampreview|4\n|\n|t:|1699850168\n|start\n|switch|p1a: Tornadus|Tornadus, L50, M|100\/100\n|switch|p1b: Garganacl|Garganacl, L50, F|100\/100\n|switch|p2a: Politoed|Politoed, L50, M|100\/100\n|switch|p2b: Rillaboom|Rillaboom, L50, M|100\/100\n|-fieldstart|move: Grassy Terrain|[from] ability: Grassy Surge|[of] p2b: Rillaboom\n|-enditem|p2b: Rillaboom|Grassy Seed\n|-boost|p2b: Rillaboom|def|1|[from] item: Grassy Seed\n|-weather|RainDance|[from] ability: Drizzle|[of] p2a: Politoed\n|turn|1\n|\n|t:|1699850187\n|-terastallize|p1b: Garganacl|Ghost\n|move|p2b: Rillaboom|Fake Out|p1a: Tornadus\n|-damage|p1a: Tornadus|84\/100\n|-damage|p2b: Rillaboom|84\/100|[from] item: Rocky Helmet|[of] p1a: Tornadus\n|cant|p1a: Tornadus|flinch\n|move|p2a: Politoed|Metronome|p2a: Politoed\n|move|p2a: Politoed|Flash Cannon|p1b: Garganacl|[from]move: Metronome\n|-damage|p1b: Garganacl|87\/100\n|move|p1b: Garganacl|Salt Cure|p2a: Politoed\n|-damage|p2a: Politoed|85\/100\n|-start|p2a: Politoed|Salt Cure\n|\n|-weather|RainDance|[upkeep]\n|-heal|p2b: Rillaboom|90\/100|[from] Grassy Terrain\n|-heal|p2a: Politoed|91\/100|[from] Grassy Terrain\n|-heal|p2a: Politoed|97\/100|[from] item: Leftovers\n|-heal|p1b: Garganacl|93\/100|[from] Grassy Terrain\n|-damage|p2a: Politoed|72\/100|[from] Salt Cure\n|upkeep\n|turn|2\n|\n|t:|1699850208\n|move|p2b: Rillaboom|Acrobatics|p1a: Tornadus\n|-damage|p1a: Tornadus|32\/100\n|-damage|p2b: Rillaboom|73\/100|[from] item: Rocky Helmet|[of] p1a: Tornadus\n|move|p1a: Tornadus|Bleakwind Storm|p2a: Politoed|[spread] p2a,p2b\n|-supereffective|p2b: Rillaboom\n|-damage|p2a: Politoed|52\/100\n|-damage|p2b: Rillaboom|0 fnt\n|faint|p2b: Rillaboom\n|move|p2a: Politoed|Metronome|p2a: Politoed\n|move|p2a: Politoed|Toxic|p1b: Garganacl|[from]move: Metronome\n|-immune|p1b: Garganacl|[from] ability: Purifying Salt\n|move|p1b: Garganacl|Salt Cure|p2a: Politoed\n|-damage|p2a: Politoed|36\/100\n|\n|-weather|RainDance|[upkeep]\n|-heal|p2a: Politoed|42\/100|[from] Grassy Terrain\n|-heal|p2a: Politoed|48\/100|[from] item: Leftovers\n|-heal|p1b: Garganacl|99\/100|[from] Grassy Terrain\n|-damage|p2a: Politoed|23\/100|[from] Salt Cure\n|upkeep\n|\n|t:|1699850222\n|switch|p2b: Tornadus|Tornadus, L50, M|100\/100\n|turn|3\n|\n|t:|1699850229\n|move|p1b: Garganacl|Protect|p1b: Garganacl\n|-singleturn|p1b: Garganacl|Protect\n|move|p2b: Tornadus|Tailwind|p2b: Tornadus\n|-sidestart|p2: CharjabugKing|move: Tailwind\n|move|p2a: Politoed|Metronome|p2a: Politoed\n|move|p2a: Politoed|Hypnosis|p1b: Garganacl|[from]move: Metronome\n|-activate|p1b: Garganacl|move: Protect\n|move|p1a: Tornadus|Bleakwind Storm|p2a: Politoed|[spread] p2a,p2b\n|-damage|p2a: Politoed|3\/100\n|-damage|p2b: Tornadus|57\/100\n|\n|-weather|RainDance|[upkeep]\n|-heal|p2a: Politoed|9\/100|[from] Grassy Terrain\n|-heal|p2a: Politoed|15\/100|[from] item: Leftovers\n|-heal|p1b: Garganacl|100\/100|[from] Grassy Terrain\n|-damage|p2a: Politoed|0 fnt|[from] Salt Cure\n|faint|p2a: Politoed\n|upkeep\n|\n|t:|1699850252\n|switch|p2a: Frosmoth|Frosmoth, L50, M|100\/100\n|turn|4\n|\n|t:|1699850264\n|-terastallize|p2a: Frosmoth|Water\n|move|p1a: Tornadus|Taunt|p2a: Frosmoth\n|-start|p2a: Frosmoth|move: Taunt\n|move|p2b: Tornadus|Bleakwind Storm|p1a: Tornadus|[spread] p1a,p1b\n|-damage|p1a: Tornadus|0 fnt\n|-damage|p1b: Garganacl|70\/100\n|faint|p1a: Tornadus\n|-damage|p2b: Tornadus|47\/100|[from] item: Life Orb\n|move|p2a: Frosmoth|Tera Blast|p1b: Garganacl|[anim] Tera Blast Water\n|-damage|p1b: Garganacl|28\/100\n|-enditem|p1b: Garganacl|Sitrus Berry|[eat]\n|-heal|p1b: Garganacl|52\/100|[from] item: Sitrus Berry\n|move|p1b: Garganacl|Salt Cure|p2a: Frosmoth\n|-damage|p2a: Frosmoth|80\/100\n|-start|p2a: Frosmoth|Salt Cure\n|\n|-weather|RainDance|[upkeep]\n|-heal|p2a: Frosmoth|86\/100|[from] Grassy Terrain\n|-heal|p1b: Garganacl|58\/100|[from] Grassy Terrain\n|-damage|p2a: Frosmoth|61\/100|[from] Salt Cure\n|upkeep\n|\n|t:|1699850275\n|switch|p1a: Rillaboom|Rillaboom, L50, F|100\/100\n|turn|5\n|\n|t:|1699850285\n|move|p1a: Rillaboom|Fake Out|p2b: Tornadus\n|-damage|p2b: Tornadus|26\/100\n|cant|p2b: Tornadus|flinch\n|move|p2a: Frosmoth|Ice Beam|p1a: Rillaboom\n|-supereffective|p1a: Rillaboom\n|-damage|p1a: Rillaboom|21\/100\n|move|p1b: Garganacl|Salt Cure|p2b: Tornadus\n|-supereffective|p2b: Tornadus\n|-damage|p2b: Tornadus|0 fnt\n|faint|p2b: Tornadus\n|\n|-weather|none\n|-heal|p2a: Frosmoth|67\/100|[from] Grassy Terrain\n|-heal|p1a: Rillaboom|27\/100|[from] Grassy Terrain\n|-heal|p1b: Garganacl|64\/100|[from] Grassy Terrain\n|-damage|p2a: Frosmoth|42\/100|[from] Salt Cure\n|-fieldend|move: Grassy Terrain\n|upkeep\n|turn|6\n|-message|CharjabugKing forfeited.\n|\n|win|Kzjhekz\n|raw|Kzjhekz's rating: 1000 &rarr; <strong>1044<\/strong><br \/>(+44 for winning)\n|raw|CharjabugKing's rating: 1035 &rarr; <strong>1018<\/strong><br \/>(-17 for losing)\n|l|\u2606CharjabugKing\n","uploadtime":1699850305,"views":11,"p1id":"kzjhekz","p2id":"charjabugking","formatid":"gen9vgc2023regulatione","rating":1018,"private":0,"password":""}