{"id":"gen9vgc2023regulatione-1989139557","p1":"EpicDadGrillFail","p2":"Jadedragon61","format":"[Gen 9] VGC 2023 Regulation E","log":"|j|\u2606EpicDadGrillFail\n|j|\u2606Jadedragon61\n|n|\u2606EpicDadGrillFail|epicdadgrillfail\n|n|\u2606Jadedragon61|jadedragon61\n|html|View the match progress at <a href=\"\/game-bestof3-gen9vgc2023regulatione-1989139556\">game-bestof3-gen9vgc2023regulatione-1989139556<\/a>\n|t:|1699816457\n|gametype|doubles\n|player|p1|EpicDadGrillFail|guzma|\n|player|p2|Jadedragon61|colress|\n|teamsize|p1|6\n|teamsize|p2|6\n|gen|9\n|tier|[Gen 9] VGC 2023 Regulation E\n|rule|Species Clause: Limit one of each Pok\u00e9mon\n|rule|Item Clause: Limit one of each item\n|clearpoke\n|poke|p1|Moltres, L50|\n|poke|p1|Rotom-Mow, L50|\n|poke|p1|Azumarill, L50, M|\n|poke|p1|Kingambit, L50, M|\n|poke|p1|Cyclizar, L50, F|\n|poke|p1|Qwilfish-Hisui, L50, F|\n|poke|p2|Amoonguss, L50, F|\n|poke|p2|Tyranitar, L50, F|\n|poke|p2|Lycanroc, L50, F|\n|poke|p2|Salamence, L50, M|\n|poke|p2|Toxapex, L50, M|\n|poke|p2|Impidimp, L50, M|\n|teampreview|4\n|c|\u2606EpicDadGrillFail|good luck and also have fun\n|c|\u2606EpicDadGrillFail|links or replays?\n|c|\u2606Jadedragon61|yeah i can get either\n|c|\u2606EpicDadGrillFail|ill do replays then\n|c|\u2606EpicDadGrillFail|can you get links>\n|c|\u2606EpicDadGrillFail|?\n|c|\u2606Jadedragon61|Give my computer a second to load\n|c|\u2606EpicDadGrillFail|_ o k\n|j| 4Azzy\n|c|\u2606Jadedragon61|i did the links\n|c|\u2606EpicDadGrillFail|yay\n|c|\u2606Jadedragon61|have an above average amount of luck and a large amount of fun\n|c| 4Azzy|gmaing\n|c|\u2606Jadedragon61|time to commit war crimes\n|c|\u2606Jadedragon61|impidump\n|\n|t:|1699816703\n|start\n|switch|p1a: Rotom|Rotom-Mow, L50|100\/100\n|switch|p1b: Azumarill|Azumarill, L50, M|100\/100\n|switch|p2a: 2Birds|Tyranitar, L50, F, shiny|100\/100\n|switch|p2b: 2Stones|Lycanroc, L50, F, shiny|100\/100\n|-weather|Sandstorm|[from] ability: Sand Stream|[of] p2a: 2Birds\n|turn|1\n|j| OmegaAlpha01\n|c|\u2606EpicDadGrillFail|impilimp\n|c|\u2606EpicDadGrillFail|I FORGOT NICKS\n|c|\u2606EpicDadGrillFail|NOOOOOO\n|\n|t:|1699816746\n|switch|p2b: Singles McGee|Toxapex, L50, M, shiny|100\/100\n|switch|p2a: *insert bad joke*|Amoonguss, L50, F, shiny|100\/100\n|move|p1b: Azumarill|Aqua Jet|p2b: Singles McGee\n|-resisted|p2b: Singles McGee\n|-damage|p2b: Singles McGee|86\/100\n|move|p1a: Rotom|Rain Dance|p1a: Rotom\n|-weather|RainDance\n|\n|-weather|RainDance|[upkeep]\n|upkeep\n|turn|2\n|c|\u2606Jadedragon61|im not mad im just dissapointed\n|\n|t:|1699816781\n|switch|p1b: Moltres|Moltres, L50|100\/100\n|-terastallize|p2b: Singles McGee|Fighting\n|move|p1a: Rotom|Thunder|p2b: Singles McGee\n|-damage|p2b: Singles McGee|38\/100\n|move|p2b: Singles McGee|Sludge Bomb|p1b: Moltres\n|-damage|p1b: Moltres|55\/100\n|-status|p1b: Moltres|psn\n|move|p2a: *insert bad joke*|Sludge Bomb|p1a: Rotom\n|-supereffective|p1a: Rotom\n|-damage|p1a: Rotom|20\/100\n|-damage|p2a: *insert bad joke*|91\/100|[from] item: Life Orb\n|\n|-weather|RainDance|[upkeep]\n|-damage|p1b: Moltres|43\/100 psn|[from] psn\n|upkeep\n|turn|3\n|\n|t:|1699816806\n|switch|p2b: 2Birds|Tyranitar, L50, F, shiny|100\/100\n|-weather|Sandstorm|[from] ability: Sand Stream|[of] p2b: 2Birds\n|move|p1b: Moltres|Hurricane|p2a: *insert bad joke*\n|-supereffective|p2a: *insert bad joke*\n|-damage|p2a: *insert bad joke*|0 fnt\n|faint|p2a: *insert bad joke*\n|move|p1a: Rotom|Thunder|p2b: 2Birds\n|-damage|p2b: 2Birds|69\/100\n|\n|-weather|Sandstorm|[upkeep]\n|-damage|p1b: Moltres|37\/100 psn|[from] Sandstorm\n|-damage|p1a: Rotom|14\/100|[from] Sandstorm\n|-heal|p2b: 2Birds|74\/100|[from] item: Leftovers\n|-damage|p1b: Moltres|24\/100 psn|[from] psn\n|upkeep\n|\n|t:|1699816816\n|switch|p2a: 2Stones|Lycanroc, L50, F, shiny|100\/100\n|turn|4\n|\n|t:|1699816838\n|move|p1a: Rotom|Protect|p1a: Rotom\n|-singleturn|p1a: Rotom|Protect\n|move|p2a: 2Stones|Rock Slide|p1b: Moltres|[spread] p1b\n|-activate|p1a: Rotom|move: Protect\n|-supereffective|p1b: Moltres\n|-damage|p1b: Moltres|0 fnt\n|faint|p1b: Moltres\n|move|p2b: 2Birds|Iron Defense|p2b: 2Birds\n|-boost|p2b: 2Birds|def|2\n|\n|-weather|Sandstorm|[upkeep]\n|-damage|p1a: Rotom|8\/100|[from] Sandstorm\n|-heal|p2b: 2Birds|80\/100|[from] item: Leftovers\n|upkeep\n|\n|t:|1699816847\n|switch|p1b: Azumarill|Azumarill, L50, M|100\/100\n|turn|5\n|\n|t:|1699816865\n|move|p1b: Azumarill|Aqua Jet|p2a: 2Stones\n|-supereffective|p2a: 2Stones\n|-damage|p2a: 2Stones|0 fnt\n|faint|p2a: 2Stones\n|move|p1a: Rotom|Rain Dance|p1a: Rotom\n|-weather|RainDance\n|move|p2b: 2Birds|Iron Defense|p2b: 2Birds\n|-boost|p2b: 2Birds|def|2\n|\n|-weather|RainDance|[upkeep]\n|-heal|p2b: 2Birds|86\/100|[from] item: Leftovers\n|upkeep\n|\n|t:|1699816872\n|switch|p2a: Singles McGee|Toxapex, L50, M, shiny, tera:Fighting|38\/100\n|turn|6\n|\n|t:|1699816889\n|move|p2b: 2Birds|Protect|p2b: 2Birds\n|-singleturn|p2b: 2Birds|Protect\n|move|p1b: Azumarill|Aqua Jet|p2a: Singles McGee\n|-damage|p2a: Singles McGee|0 fnt\n|faint|p2a: Singles McGee\n|move|p1a: Rotom|Leaf Storm|p2b: 2Birds\n|-activate|p2b: 2Birds|move: Protect\n|\n|-weather|RainDance|[upkeep]\n|-heal|p2b: 2Birds|92\/100|[from] item: Leftovers\n|upkeep\n|turn|7\n|c|\u2606Jadedragon61|ah shoot gg\n|\n|t:|1699816900\n|move|p1b: Azumarill|Aqua Jet|p2b: 2Birds\n|-supereffective|p2b: 2Birds\n|-damage|p2b: 2Birds|69\/100\n|move|p1a: Rotom|Leaf Storm|p2b: 2Birds\n|-supereffective|p2b: 2Birds\n|-damage|p2b: 2Birds|0 fnt\n|-unboost|p1a: Rotom|spa|2\n|faint|p2b: 2Birds\n|\n|win|EpicDadGrillFail\n|c|\u2606EpicDadGrillFail|gg\n|c|&|\/uhtml prompt-jadedragon61,Jadedragon61 is ready for game 2!\n|c|&|\/uhtml prompt-epicdadgrillfail,EpicDadGrillFail is ready for game 2!\nBoth players are ready! Starting next match!\n|l| OmegaAlpha01\n|l| 4Azzy\n|j| Pokemon_and_beer\n|l| Pokemon_and_beer\n|j| Pokemon_and_beer\n|l| Pokemon_and_beer\n","uploadtime":1699817722,"views":18,"p1id":"epicdadgrillfail","p2id":"jadedragon61","formatid":"gen9vgc2023regulatione","rating":0,"private":0,"password":""}