{"id":"gen9vgc2023regulatione-2000351666","p1":"Wo-Chielupa Deluxe","p2":"13dobe","format":"[Gen 9] VGC 2023 Regulation E","log":"|j|\u2606Wo-Chielupa Deluxe\n|j|\u260613dobe\n|t:|1701187459\n|gametype|doubles\n|player|p1|Wo-Chielupa Deluxe|ingo|1355\n|player|p2|13dobe|169|1396\n|teamsize|p1|6\n|teamsize|p2|6\n|gen|9\n|tier|[Gen 9] VGC 2023 Regulation E\n|rated|\n|rule|Species Clause: Limit one of each Pok\u00e9mon\n|rule|Item Clause: Limit one of each item\n|clearpoke\n|poke|p1|Indeedee-F, L50, F|\n|poke|p1|Armarouge, L50, M|\n|poke|p1|Urshifu-*, L50, M|\n|poke|p1|Tornadus, L50, M|\n|poke|p1|Arcanine-Hisui, L50, M|\n|poke|p1|Flutter Mane, L50|\n|poke|p2|Indeedee-F, L50, F|\n|poke|p2|Armarouge, L50, M|\n|poke|p2|Iron Bundle, L50|\n|poke|p2|Iron Valiant, L50|\n|poke|p2|Arcanine-Hisui, L50, M|\n|poke|p2|Flutter Mane, L50|\n|teampreview|4\n|l|\u2606Wo-Chielupa Deluxe\n|player|p1|\n|j|\u2606Wo-Chielupa Deluxe\n|player|p1|Wo-Chielupa Deluxe|ingo\n|\n|t:|1701187526\n|start\n|switch|p1a: Indeedee|Indeedee-F, L50, F|100\/100\n|switch|p1b: Arcanine|Arcanine-Hisui, L50, M|100\/100\n|switch|p2a: Iron Bundle|Iron Bundle, L50|100\/100\n|switch|p2b: Iron Valiant|Iron Valiant, L50|100\/100\n|-ability|p1b: Arcanine|Intimidate|boost\n|-unboost|p2a: Iron Bundle|atk|1\n|-unboost|p2b: Iron Valiant|atk|1\n|-fieldstart|move: Psychic Terrain|[from] ability: Psychic Surge|[of] p1a: Indeedee\n|-enditem|p2a: Iron Bundle|Booster Energy\n|-activate|p2a: Iron Bundle|ability: Quark Drive|[fromitem]\n|-start|p2a: Iron Bundle|quarkdrivespe\n|turn|1\n|\n|t:|1701187553\n|-terastallize|p1b: Arcanine|Water\n|move|p2a: Iron Bundle|Protect|p2a: Iron Bundle\n|-singleturn|p2a: Iron Bundle|Protect\n|move|p2b: Iron Valiant|Close Combat|p1a: Indeedee\n|-damage|p1a: Indeedee|56\/100\n|-unboost|p2b: Iron Valiant|def|1\n|-unboost|p2b: Iron Valiant|spd|1\n|move|p1b: Arcanine|Rock Slide|p2b: Iron Valiant|[spread] p2b\n|-activate|p2a: Iron Bundle|move: Protect\n|-resisted|p2b: Iron Valiant\n|-damage|p2b: Iron Valiant|78\/100\n|move|p1a: Indeedee|Trick Room|p1a: Indeedee\n|-fieldstart|move: Trick Room|[of] p1a: Indeedee\n|\n|upkeep\n|turn|2\n|c|\u260613dobe|Dang he fatt\n|\n|t:|1701187574\n|move|p2b: Iron Valiant|Wide Guard|p2b: Iron Valiant\n|-singleturn|p2b: Iron Valiant|Wide Guard\n|move|p1a: Indeedee|Dazzling Gleam|p2a: Iron Bundle|[spread] \n|-activate|p2a: Iron Bundle|move: Wide Guard\n|-activate|p2b: Iron Valiant|move: Wide Guard\n|move|p1b: Arcanine|Flare Blitz|p2a: Iron Bundle\n|-damage|p2a: Iron Bundle|33\/100\n|-damage|p1b: Arcanine|85\/100|[from] Recoil\n|move|p2a: Iron Bundle|Freeze-Dry|p1b: Arcanine\n|-supereffective|p1b: Arcanine\n|-damage|p1b: Arcanine|3\/100\n|-enditem|p1b: Arcanine|Sitrus Berry|[eat]\n|-heal|p1b: Arcanine|28\/100|[from] item: Sitrus Berry\n|\n|upkeep\n|turn|3\n|\n|t:|1701187591\n|-end|p2a: Iron Bundle|Quark Drive|[silent]\n|switch|p2a: Armarouge|Armarouge, L50, M|100\/100\n|move|p2b: Iron Valiant|Protect|p2b: Iron Valiant\n|-singleturn|p2b: Iron Valiant|Protect\n|move|p1a: Indeedee|Dazzling Gleam|p2b: Iron Valiant|[spread] p2a\n|-activate|p2b: Iron Valiant|move: Protect\n|-resisted|p2a: Armarouge\n|-damage|p2a: Armarouge|91\/100\n|move|p1b: Arcanine|Flare Blitz|p2a: Armarouge\n|-start|p2a: Armarouge|ability: Flash Fire\n|\n|upkeep\n|turn|4\n|\n|t:|1701187601\n|move|p1a: Indeedee|Helping Hand|p1b: Arcanine\n|-singleturn|p1b: Arcanine|Helping Hand|[of] p1a: Indeedee\n|move|p2b: Iron Valiant|Wide Guard|p2b: Iron Valiant\n|-singleturn|p2b: Iron Valiant|Wide Guard\n|move|p1b: Arcanine|Flare Blitz|p2b: Iron Valiant\n|-damage|p2b: Iron Valiant|0 fnt\n|faint|p2b: Iron Valiant\n|-end|p2b: Iron Valiant|Quark Drive|[silent]\n|-damage|p1b: Arcanine|7\/100|[from] Recoil\n|move|p2a: Armarouge|Expanding Force|p1b: Arcanine|[spread] p1a,p1b\n|-resisted|p1a: Indeedee\n|-damage|p1a: Indeedee|26\/100\n|-damage|p1b: Arcanine|0 fnt\n|faint|p1b: Arcanine\n|\n|upkeep\n|\n|t:|1701187622\n|switch|p1b: Flutter Mane|Flutter Mane, L50|100\/100\n|switch|p2b: Iron Bundle|Iron Bundle, L50|33\/100\n|turn|5\n|\n|t:|1701187634\n|-end|p2a: Armarouge|ability: Flash Fire|[silent]\n|switch|p2a: Indeedee|Indeedee-F, L50, F|100\/100\n|move|p2b: Iron Bundle|Protect|p2b: Iron Bundle\n|-singleturn|p2b: Iron Bundle|Protect\n|move|p1a: Indeedee|Follow Me|p1a: Indeedee\n|-singleturn|p1a: Indeedee|move: Follow Me\n|move|p1b: Flutter Mane|Moonblast|p2b: Iron Bundle\n|-activate|p2b: Iron Bundle|move: Protect\n|\n|-fieldend|move: Trick Room\n|-fieldend|move: Psychic Terrain\n|upkeep\n|turn|6\n|c|\u260613dobe|Interesting\n|\n|t:|1701187647\n|move|p2a: Indeedee|Helping Hand|p2b: Iron Bundle\n|-singleturn|p2b: Iron Bundle|Helping Hand|[of] p2a: Indeedee\n|move|p1a: Indeedee|Follow Me|p1a: Indeedee\n|-singleturn|p1a: Indeedee|move: Follow Me\n|move|p2b: Iron Bundle|Icy Wind|p1b: Flutter Mane|[spread] p1a,p1b\n|-damage|p1a: Indeedee|0 fnt\n|-damage|p1b: Flutter Mane|75\/100\n|-unboost|p1b: Flutter Mane|spe|1\n|faint|p1a: Indeedee\n|move|p1b: Flutter Mane|Moonblast|p2b: Iron Bundle\n|-damage|p2b: Iron Bundle|0 fnt\n|faint|p2b: Iron Bundle\n|-end|p2b: Iron Bundle|Quark Drive|[silent]\n|\n|upkeep\n|\n|t:|1701187654\n|switch|p2b: Armarouge|Armarouge, L50, M|91\/100\n|switch|p1a: Tornadus|Tornadus, L50, M|100\/100\n|turn|7\n|\n|t:|1701187670\n|move|p2a: Indeedee|Follow Me|p2a: Indeedee\n|-singleturn|p2a: Indeedee|move: Follow Me\n|move|p1a: Tornadus|Taunt|p2a: Indeedee\n|-start|p2a: Indeedee|move: Taunt\n|move|p2b: Armarouge|Armor Cannon|p1b: Flutter Mane\n|-damage|p1b: Flutter Mane|21\/100\n|-unboost|p2b: Armarouge|def|1\n|-unboost|p2b: Armarouge|spd|1\n|move|p1b: Flutter Mane|Moonblast|p2a: Indeedee\n|-damage|p2a: Indeedee|36\/100\n|-unboost|p2a: Indeedee|spa|1\n|\n|upkeep\n|turn|8\n|c|\u260613dobe|Dang good leave gg\n|-message|13dobe forfeited.\n|\n|win|Wo-Chielupa Deluxe\n|raw|Wo-Chielupa Deluxe's rating: 1355 &rarr; <strong>1377<\/strong><br \/>(+22 for winning)\n|raw|13dobe's rating: 1396 &rarr; <strong>1374<\/strong><br \/>(-22 for losing)\n|l|\u260613dobe\n","uploadtime":1701187691,"views":3,"p1id":"wochielupadeluxe","p2id":"13dobe","formatid":"gen9vgc2023regulatione","rating":1374,"private":0,"password":""}