{"id":"gen9vgc2023regulatione-1992760254","p1":"FAMOUS_WEIRDO","p2":"FSLYSOKOLY","format":"[Gen 9] VGC 2023 Regulation E","log":"|j|\u2606FAMOUS_WEIRDO\n|j|\u2606FSLYSOKOLY\n|t:|1700232987\n|gametype|doubles\n|player|p1|FAMOUS_WEIRDO|101|1227\n|player|p2|FSLYSOKOLY|dawn|1216\n|teamsize|p1|6\n|teamsize|p2|6\n|gen|9\n|tier|[Gen 9] VGC 2023 Regulation E\n|rated|\n|rule|Species Clause: Limit one of each Pok\u00e9mon\n|rule|Item Clause: Limit one of each item\n|clearpoke\n|poke|p1|Golem-Alola, L50, M|\n|poke|p1|Sinistcha, L50|\n|poke|p1|Dondozo, L50, M|\n|poke|p1|Iron Hands, L50|\n|poke|p1|Maushold, L50|\n|poke|p1|Rabsca, L50, F|\n|poke|p2|Ogerpon-Hearthflame, L50, F|\n|poke|p2|Arcanine-Hisui, L50, M|\n|poke|p2|Gastrodon, L50, F|\n|poke|p2|Cresselia, L50, F|\n|poke|p2|Iron Hands, L50|\n|poke|p2|Flutter Mane, L50|\n|teampreview|4\n|\n|t:|1700233022\n|start\n|switch|p1a: Golem|Golem-Alola, L50, M|100\/100\n|switch|p1b: Dondozo|Dondozo, L50, M|100\/100\n|switch|p2a: Cresselia|Cresselia, L50, F|100\/100\n|switch|p2b: Iron Hands|Iron Hands, L50|100\/100\n|turn|1\n|\n|t:|1700233048\n|move|p1a: Golem|Protect|p1a: Golem\n|-singleturn|p1a: Golem|Protect\n|move|p2a: Cresselia|Moonblast|p1a: Golem\n|-activate|p1a: Golem|move: Protect\n|move|p2b: Iron Hands|Drain Punch|p1a: Golem\n|-activate|p1a: Golem|move: Protect\n|move|p1b: Dondozo|Soak|p2b: Iron Hands\n|-start|p2b: Iron Hands|typechange|Water\n|\n|upkeep\n|turn|2\n|\n|t:|1700233078\n|-end|p2b: Iron Hands|Quark Drive|[silent]\n|switch|p2b: Ogerpon|Ogerpon-Hearthflame, L50, F|100\/100\n|-ability|p2b: Ogerpon|Mold Breaker\n|switch|p1b: Rabsca|Rabsca, L50, F|100\/100\n|move|p2a: Cresselia|Moonblast|p1a: Golem\n|-damage|p1a: Golem|78\/100\n|move|p1a: Golem|Explosion|p2b: Ogerpon|[spread] p2a,p2b\n|-activate|p1b: Rabsca|ability: Telepathy\n|-resisted|p2b: Ogerpon\n|-damage|p2a: Cresselia|17\/100\n|-damage|p2b: Ogerpon|11\/100\n|-enditem|p2a: Cresselia|Iapapa Berry|[eat]\n|-heal|p2a: Cresselia|51\/100|[from] item: Iapapa Berry\n|faint|p1a: Golem\n|\n|upkeep\n|\n|t:|1700233089\n|switch|p1a: Iron Hands|Iron Hands, L50|100\/100\n|turn|3\n|\n|t:|1700233103\n|move|p2b: Ogerpon|Spiky Shield|p2b: Ogerpon\n|-singleturn|p2b: Ogerpon|move: Protect\n|move|p1a: Iron Hands|Fake Out|p2b: Ogerpon\n|-activate|p2b: Ogerpon|move: Protect\n|-damage|p1a: Iron Hands|88\/100|[from] Spiky Shield|[of] p2b: Ogerpon\n|move|p2a: Cresselia|Trick Room|p2a: Cresselia\n|-fieldstart|move: Trick Room|[of] p2a: Cresselia\n|move|p1b: Rabsca|Trick Room|p1b: Rabsca\n|-fieldend|move: Trick Room\n|\n|upkeep\n|turn|4\n|\n|t:|1700233120\n|move|p2a: Cresselia|Ally Switch|p2a: Cresselia\n|swap|p2a: Cresselia|1|[from] move: Ally Switch\n|move|p2a: Ogerpon|Ivy Cudgel|p1b: Rabsca|[anim] Ivy Cudgel Fire\n|-supereffective|p1b: Rabsca\n|-damage|p1b: Rabsca|0 fnt\n|faint|p1b: Rabsca\n|move|p1a: Iron Hands|Drain Punch|p2b: Cresselia\n|-resisted|p2b: Cresselia\n|-damage|p2b: Cresselia|38\/100\n|-heal|p1a: Iron Hands|94\/100|[from] drain|[of] p2b: Cresselia\n|\n|upkeep\n|\n|t:|1700233129\n|switch|p1b: Dondozo|Dondozo, L50, M|100\/100\n|turn|5\n|\n|t:|1700233139\n|move|p2a: Ogerpon|Spiky Shield|p2a: Ogerpon\n|-singleturn|p2a: Ogerpon|move: Protect\n|move|p2b: Cresselia|Lunar Blessing|p2b: Cresselia|[spread] p2a,p2b\n|-heal|p2a: Ogerpon|36\/100\n|-heal|p2b: Cresselia|63\/100\n|move|p1a: Iron Hands|Drain Punch|p2a: Ogerpon\n|-activate|p2a: Ogerpon|move: Protect\n|-damage|p1a: Iron Hands|82\/100|[from] Spiky Shield|[of] p2a: Ogerpon\n|move|p1b: Dondozo|Wave Crash|p2b: Cresselia\n|-damage|p2b: Cresselia|34\/100\n|-damage|p1b: Dondozo|91\/100|[from] Recoil\n|\n|-heal|p1b: Dondozo|98\/100|[from] item: Leftovers\n|upkeep\n|turn|6\n|\n|t:|1700233160\n|-terastallize|p2a: Ogerpon|Fire\n|detailschange|p2a: Ogerpon|Ogerpon-Hearthflame-Tera, L50, F, tera:Fire\n|-ability|p2a: Ogerpon|Embody Aspect (Hearthflame)|boost\n|-boost|p2a: Ogerpon|atk|1\n|move|p2a: Ogerpon|Ivy Cudgel|p1a: Iron Hands|[anim] Ivy Cudgel Fire\n|-crit|p1a: Iron Hands\n|-damage|p1a: Iron Hands|0 fnt\n|faint|p1a: Iron Hands\n|-end|p1a: Iron Hands|Quark Drive|[silent]\n|move|p2b: Cresselia|Lunar Blessing|p2b: Cresselia|[spread] p2a,p2b\n|-heal|p2a: Ogerpon|60\/100\n|-heal|p2b: Cresselia|59\/100\n|move|p1b: Dondozo|Wave Crash|p2b: Cresselia\n|-damage|p2b: Cresselia|34\/100\n|-damage|p1b: Dondozo|90\/100|[from] Recoil\n|\n|-heal|p1b: Dondozo|96\/100|[from] item: Leftovers\n|upkeep\n|turn|7\n|-message|FAMOUS_WEIRDO forfeited.\n|\n|win|FSLYSOKOLY\n|raw|FAMOUS_WEIRDO's rating: 1227 &rarr; <strong>1201<\/strong><br \/>(-26 for losing)\n|raw|FSLYSOKOLY's rating: 1216 &rarr; <strong>1242<\/strong><br \/>(+26 for winning)\n|l|\u2606FAMOUS_WEIRDO\n","uploadtime":1700233187,"views":18,"p1id":"famousweirdo","p2id":"fslysokoly","formatid":"gen9vgc2023regulatione","rating":1201,"private":0,"password":""}