{"id":"gen9vgc2023regulatione-1998806741","p1":"Uppowuppo","p2":"Crumpet","format":"[Gen 9] VGC 2023 Regulation E","log":"|j|\u2606Uppowuppo\n|j|\u2606Crumpet\n|t:|1700994869\n|gametype|doubles\n|player|p1|Uppowuppo|1|1362\n|player|p2|Crumpet|102|1266\n|teamsize|p1|6\n|teamsize|p2|6\n|gen|9\n|tier|[Gen 9] VGC 2023 Regulation E\n|rated|\n|rule|Species Clause: Limit one of each Pok\u00e9mon\n|rule|Item Clause: Limit one of each item\n|clearpoke\n|poke|p1|Cresselia, L50, F|\n|poke|p1|Conkeldurr, L50, F|\n|poke|p1|Tyranitar, L50, M|\n|poke|p1|Heatran, L50, F|\n|poke|p1|Rotom-Wash, L50|\n|poke|p1|Scizor, L50, M|\n|poke|p2|Ogerpon-Hearthflame, L50, F|\n|poke|p2|Rillaboom, L50, F|\n|poke|p2|Gholdengo, L50|\n|poke|p2|Tornadus, L50, M|\n|poke|p2|Urshifu-*, L50, F|\n|poke|p2|Flutter Mane, L50|\n|teampreview|4\n|inactive|Battle timer is ON: inactive players will automatically lose when time's up. (requested by Uppowuppo)\n|\n|t:|1700994916\n|start\n|switch|p1a: Cresselia|Cresselia, L50, F|100\/100\n|switch|p1b: Scizor|Scizor, L50, M|100\/100\n|switch|p2a: Tornadus|Tornadus, L50, M|100\/100\n|switch|p2b: Urshifu|Urshifu-Rapid-Strike, L50, F|100\/100\n|turn|1\n|\n|t:|1700994932\n|move|p2a: Tornadus|Tailwind|p2a: Tornadus\n|-sidestart|p2: Crumpet|move: Tailwind\n|move|p2b: Urshifu|U-turn|p1a: Cresselia\n|-supereffective|p1a: Cresselia\n|-damage|p1a: Cresselia|60\/100\n|\n|t:|1700994941\n|switch|p2b: Gholdengo|Gholdengo, L50|100\/100|[from] U-turn\n|move|p1b: Scizor|Dual Wingbeat|p2b: Gholdengo\n|-resisted|p2b: Gholdengo\n|-damage|p2b: Gholdengo|86\/100\n|-resisted|p2b: Gholdengo\n|-damage|p2b: Gholdengo|71\/100\n|-hitcount|p2b: Gholdengo|2\n|-damage|p1b: Scizor|91\/100|[from] item: Life Orb\n|move|p1a: Cresselia|Trick Room|p1a: Cresselia\n|-fieldstart|move: Trick Room|[of] p1a: Cresselia\n|\n|-heal|p2b: Gholdengo|78\/100|[from] item: Leftovers\n|upkeep\n|turn|2\n|inactive|Uppowuppo has 30 seconds left.\n|inactive|Uppowuppo has 20 seconds left.\n|\n|t:|1700994979\n|switch|p1a: Heatran|Heatran, L50, F|100\/100\n|move|p2a: Tornadus|Rain Dance|p2a: Tornadus\n|-weather|RainDance\n|move|p1b: Scizor|Bug Bite|p2a: Tornadus\n|-resisted|p2a: Tornadus\n|-damage|p2a: Tornadus|55\/100\n|-damage|p1b: Scizor|81\/100|[from] item: Life Orb\n|move|p2b: Gholdengo|Nasty Plot|p2b: Gholdengo\n|-boost|p2b: Gholdengo|spa|2\n|\n|-weather|RainDance|[upkeep]\n|-heal|p2b: Gholdengo|84\/100|[from] item: Leftovers\n|upkeep\n|turn|3\n|\n|t:|1700995004\n|-terastallize|p2b: Gholdengo|Dragon\n|move|p1b: Scizor|Dual Wingbeat|p2a: Tornadus\n|-damage|p2a: Tornadus|19\/100\n|-damage|p2a: Tornadus|0 fnt\n|faint|p2a: Tornadus\n|-hitcount|p2: Tornadus|2\n|-damage|p1b: Scizor|72\/100|[from] item: Life Orb\n|move|p1a: Heatran|Earth Power|p2b: Gholdengo\n|-damage|p2b: Gholdengo|53\/100\n|move|p2b: Gholdengo|Shadow Ball|p1a: Heatran\n|-damage|p1a: Heatran|31\/100\n|\n|-weather|RainDance|[upkeep]\n|-heal|p1a: Heatran|37\/100|[from] item: Leftovers\n|-heal|p2b: Gholdengo|59\/100|[from] item: Leftovers\n|upkeep\n|\n|t:|1700995026\n|switch|p2a: Rillaboom|Rillaboom, L50, F|100\/100\n|-fieldstart|move: Grassy Terrain|[from] ability: Grassy Surge|[of] p2a: Rillaboom\n|turn|4\n|\n|t:|1700995040\n|move|p1a: Heatran|Protect|p1a: Heatran\n|-singleturn|p1a: Heatran|Protect\n|move|p2a: Rillaboom|Fake Out|p1a: Heatran\n|-activate|p1a: Heatran|move: Protect\n|move|p1b: Scizor|Dual Wingbeat|p2a: Rillaboom\n|-supereffective|p2a: Rillaboom\n|-damage|p2a: Rillaboom|46\/100\n|-supereffective|p2a: Rillaboom\n|-damage|p2a: Rillaboom|0 fnt\n|faint|p2a: Rillaboom\n|-hitcount|p2: Rillaboom|2\n|-damage|p1b: Scizor|62\/100|[from] item: Life Orb\n|move|p2b: Gholdengo|Shadow Ball|p1b: Scizor\n|-damage|p1b: Scizor|0 fnt\n|faint|p1b: Scizor\n|\n|-weather|RainDance|[upkeep]\n|-heal|p1a: Heatran|43\/100|[from] Grassy Terrain\n|-heal|p1a: Heatran|49\/100|[from] item: Leftovers\n|-heal|p2b: Gholdengo|66\/100|[from] Grassy Terrain\n|-heal|p2b: Gholdengo|72\/100|[from] item: Leftovers\n|-sideend|p2: Crumpet|move: Tailwind\n|upkeep\n|\n|t:|1700995064\n|switch|p1b: Cresselia|Cresselia, L50, F|60\/100\n|switch|p2a: Urshifu|Urshifu-Rapid-Strike, L50, F|100\/100\n|turn|5\n|inactive|Uppowuppo has 30 seconds left.\n|\n|t:|1700995095\n|-terastallize|p1a: Heatran|Fairy\n|move|p2b: Gholdengo|Protect|p2b: Gholdengo\n|-singleturn|p2b: Gholdengo|Protect\n|move|p1a: Heatran|Tera Blast|p2b: Gholdengo|[anim] Tera Blast Fairy\n|-activate|p2b: Gholdengo|move: Protect\n|move|p1b: Cresselia|Lunar Blessing|p1b: Cresselia|[spread] p1a,p1b\n|-heal|p1a: Heatran|74\/100\n|-heal|p1b: Cresselia|85\/100\n|move|p2a: Urshifu|Surging Strikes|p1b: Cresselia\n|-crit|p1b: Cresselia\n|-damage|p1b: Cresselia|57\/100\n|-crit|p1b: Cresselia\n|-damage|p1b: Cresselia|29\/100\n|-enditem|p1b: Cresselia|Sitrus Berry|[eat]\n|-heal|p1b: Cresselia|54\/100|[from] item: Sitrus Berry\n|-crit|p1b: Cresselia\n|-damage|p1b: Cresselia|25\/100\n|-hitcount|p1b: Cresselia|3\n|\n|-weather|RainDance|[upkeep]\n|-heal|p1a: Heatran|80\/100|[from] Grassy Terrain\n|-heal|p1a: Heatran|86\/100|[from] item: Leftovers\n|-heal|p2b: Gholdengo|78\/100|[from] Grassy Terrain\n|-heal|p2b: Gholdengo|84\/100|[from] item: Leftovers\n|-fieldend|move: Trick Room\n|upkeep\n|turn|6\n|inactive|Uppowuppo has 30 seconds left.\n|inactive|Crumpet has 30 seconds left.\n|\n|t:|1700995125\n|move|p2a: Urshifu|Surging Strikes|p1a: Heatran\n|-crit|p1a: Heatran\n|-damage|p1a: Heatran|49\/100\n|-crit|p1a: Heatran\n|-damage|p1a: Heatran|8\/100\n|-crit|p1a: Heatran\n|-damage|p1a: Heatran|0 fnt\n|faint|p1a: Heatran\n|-hitcount|p1: Heatran|3\n|move|p2b: Gholdengo|Make It Rain|p1b: Cresselia\n|-damage|p1b: Cresselia|0 fnt\n|-unboost|p2b: Gholdengo|spa|1\n|faint|p1b: Cresselia\n|\n|-weather|none\n|-heal|p2b: Gholdengo|91\/100|[from] Grassy Terrain\n|-heal|p2b: Gholdengo|97\/100|[from] item: Leftovers\n|upkeep\n|\n|t:|1700995141\n|switch|p1b: Rotom|Rotom-Wash, L50|100\/100\n|turn|7\n|\n|t:|1700995150\n|move|p2a: Urshifu|Surging Strikes|p1b: Rotom\n|-resisted|p1b: Rotom\n|-crit|p1b: Rotom\n|-damage|p1b: Rotom|86\/100\n|-resisted|p1b: Rotom\n|-crit|p1b: Rotom\n|-damage|p1b: Rotom|71\/100\n|-resisted|p1b: Rotom\n|-crit|p1b: Rotom\n|-damage|p1b: Rotom|57\/100\n|-hitcount|p1b: Rotom|3\n|move|p2b: Gholdengo|Shadow Ball|p1b: Rotom\n|-damage|p1b: Rotom|0 fnt\n|faint|p1b: Rotom\n|\n|win|Crumpet\n|raw|Uppowuppo's rating: 1362 &rarr; <strong>1337<\/strong><br \/>(-25 for losing)\n|raw|Crumpet's rating: 1266 &rarr; <strong>1298<\/strong><br \/>(+32 for winning)\n|l|\u2606Uppowuppo\n","uploadtime":1700995181,"views":15,"p1id":"uppowuppo","p2id":"crumpet","formatid":"gen9vgc2023regulatione","rating":1298,"private":0,"password":""}