{"id":"gen9vgc2023regulatione-1992165505","p1":"TheKnewNorm","p2":"AriesOwn","format":"[Gen 9] VGC 2023 Regulation E","log":"|j|\u2606TheKnewNorm\n|j|\u2606AriesOwn\n|t:|1700160441\n|gametype|doubles\n|player|p1|TheKnewNorm|shadowtriad|1129\n|player|p2|AriesOwn|n-masters3|1056\n|teamsize|p1|6\n|teamsize|p2|6\n|gen|9\n|tier|[Gen 9] VGC 2023 Regulation E\n|rated|\n|rule|Species Clause: Limit one of each Pok\u00e9mon\n|rule|Item Clause: Limit one of each item\n|clearpoke\n|poke|p1|Ogerpon-Wellspring, L50, F|\n|poke|p1|Glimmora, L50, M|\n|poke|p1|Clefairy, L50, F|\n|poke|p1|Weezing, L50, F|\n|poke|p1|Arcanine, L50, F|\n|poke|p1|Dragonite, L50, F|\n|poke|p2|Iron Valiant, L50|\n|poke|p2|Chien-Pao, L50|\n|poke|p2|Toxapex, L50, F|\n|poke|p2|Annihilape, L50, M|\n|poke|p2|Heatran, L50, F|\n|poke|p2|Dragapult, L50, F|\n|teampreview|4\nAriesOwn has agreed to open team sheets.\n|j| LoneBro\nTheKnewNorm has agreed to open team sheets.\n|\n|t:|1700160503\n|start\n|switch|p1a: Ogerpon|Ogerpon-Wellspring, L50, F|100\/100\n|switch|p1b: Weezing|Weezing, L50, F, shiny|100\/100\n|switch|p2a: Annihilape|Annihilape, L50, M|100\/100\n|switch|p2b: Dragapult|Dragapult, L50, F|100\/100\n|-ability|p1b: Weezing|Neutralizing Gas\n|turn|1\n|\n|t:|1700160531\n|move|p1a: Ogerpon|Protect|p1a: Ogerpon\n|-singleturn|p1a: Ogerpon|Protect\n|move|p1b: Weezing|Protect|p1b: Weezing\n|-singleturn|p1b: Weezing|Protect\n|move|p2b: Dragapult|Will-O-Wisp|p1a: Ogerpon\n|-activate|p1a: Ogerpon|move: Protect\n|move|p2a: Annihilape|Rock Slide|p1a: Ogerpon|[spread] \n|-activate|p1a: Ogerpon|move: Protect\n|-activate|p1b: Weezing|move: Protect\n|\n|upkeep\n|turn|2\n|c|\u2606AriesOwn|why did you choose protect over spiky shield on ogerpon?\n|\n|t:|1700160586\n|-terastallize|p1a: Ogerpon|Water\n|detailschange|p1a: Ogerpon|Ogerpon-Wellspring-Tera, L50, F, tera:Water\n|move|p2b: Dragapult|Shadow Ball|p1a: Ogerpon\n|-damage|p1a: Ogerpon|44\/100\n|-damage|p2b: Dragapult|91\/100|[from] item: Life Orb\n|move|p1a: Ogerpon|Swords Dance|p1a: Ogerpon\n|-boost|p1a: Ogerpon|atk|2\n|move|p2a: Annihilape|Phantom Force||[still]\n|-prepare|p2a: Annihilape|Phantom Force\n|move|p1b: Weezing|Will-O-Wisp|p2a: Annihilape|[miss]\n|-miss|p1b: Weezing|p2a: Annihilape\n|\n|upkeep\n|turn|3\n|\n|t:|1700160607\n|move|p2b: Dragapult|Shadow Ball|p1a: Ogerpon\n|-damage|p1a: Ogerpon|0 fnt\n|faint|p1a: Ogerpon\n|-damage|p2b: Dragapult|81\/100|[from] item: Life Orb\n|move|p2a: Annihilape|Phantom Force|p1b: Weezing|[from]lockedmove\n|-crit|p1b: Weezing\n|-damage|p1b: Weezing|39\/100\n|move|p1b: Weezing|Will-O-Wisp|p2a: Annihilape\n|-status|p2a: Annihilape|brn\n|\n|-heal|p1b: Weezing|45\/100|[from] item: Leftovers\n|-damage|p2a: Annihilape|95\/100 brn|[from] brn\n|upkeep\n|\n|t:|1700160623\n|switch|p1a: Dragonite|Dragonite, L50, F|100\/100\n|turn|4\n|l| LoneBro\n|\n|t:|1700160657\n|move|p2b: Dragapult|Shadow Ball|p1b: Weezing\n|-damage|p1b: Weezing|0 fnt\n|faint|p1b: Weezing\n|-end|p1b: Weezing|ability: Neutralizing Gas\n|-damage|p2b: Dragapult|71\/100|[from] item: Life Orb\n|move|p1a: Dragonite|Dragon Claw|p2b: Dragapult\n|-supereffective|p2b: Dragapult\n|-damage|p2b: Dragapult|0 fnt\n|faint|p2b: Dragapult\n|move|p2a: Annihilape|Ice Punch|p1a: Dragonite\n|-supereffective|p1a: Dragonite\n|-damage|p1a: Dragonite|73\/100\n|-damage|p2a: Annihilape|78\/100 brn|[from] item: Rocky Helmet|[of] p1a: Dragonite\n|\n|-damage|p2a: Annihilape|72\/100 brn|[from] brn\n|upkeep\n|\n|t:|1700160677\n|switch|p2b: Toxapex|Toxapex, L50, F|100\/100\n|switch|p1b: Arcanine|Arcanine, L50, F|100\/100\n|-ability|p1b: Arcanine|Intimidate|boost\n|-unboost|p2a: Annihilape|atk|1\n|-ability|p2a: Annihilape|Defiant|boost\n|-boost|p2a: Annihilape|atk|2\n|-unboost|p2b: Toxapex|atk|1\n|turn|5\n|\n|t:|1700160708\n|move|p1b: Arcanine|Close Combat|p2a: Annihilape\n|-immune|p2a: Annihilape\n|move|p1a: Dragonite|Dragon Claw|p2a: Annihilape\n|-damage|p2a: Annihilape|27\/100 brn\n|move|p2a: Annihilape|Phantom Force||[still]\n|-prepare|p2a: Annihilape|Phantom Force\n|move|p2b: Toxapex|Toxic|p1a: Dragonite\n|-status|p1a: Dragonite|tox\n|\n|-damage|p1a: Dragonite|67\/100 tox|[from] psn\n|-damage|p2a: Annihilape|21\/100 brn|[from] brn\n|upkeep\n|turn|6\n|\n|t:|1700160730\n|move|p1b: Arcanine|Protect|p1b: Arcanine\n|-singleturn|p1b: Arcanine|Protect\n|move|p1a: Dragonite|Protect|p1a: Dragonite\n|-singleturn|p1a: Dragonite|Protect\n|move|p2b: Toxapex|Baneful Bunker|p2b: Toxapex\n|-singleturn|p2b: Toxapex|move: Protect\n|move|p2a: Annihilape|Phantom Force|p1a: Dragonite|[from]lockedmove\n|-activate|p1a: Dragonite|move: Phantom Force|[broken]\n|-damage|p1a: Dragonite|23\/100 tox\n|-damage|p2a: Annihilape|5\/100 brn|[from] item: Rocky Helmet|[of] p1a: Dragonite\n|\n|-damage|p1a: Dragonite|11\/100 tox|[from] psn\n|-damage|p2a: Annihilape|0 fnt|[from] brn\n|faint|p2a: Annihilape\n|upkeep\n|\n|t:|1700160744\n|switch|p2a: Heatran|Heatran, L50, F|100\/100\n|turn|7\n|\n|t:|1700160771\n|-terastallize|p2a: Heatran|Grass\n|move|p1a: Dragonite|Extreme Speed|p2b: Toxapex\n|-damage|p2b: Toxapex|81\/100\n|move|p1b: Arcanine|Close Combat|p2a: Heatran\n|-damage|p2a: Heatran|66\/100\n|-unboost|p1b: Arcanine|def|1\n|-unboost|p1b: Arcanine|spd|1\n|move|p2a: Heatran|Earth Power|p1b: Arcanine\n|-supereffective|p1b: Arcanine\n|-damage|p1b: Arcanine|0 fnt\n|faint|p1b: Arcanine\n|move|p2b: Toxapex|Toxic|p1a: Dragonite\n|-fail|p1a: Dragonite|tox\n|\n|-heal|p2a: Heatran|72\/100|[from] item: Leftovers\n|-heal|p2b: Toxapex|87\/100|[from] item: Black Sludge\n|-damage|p1a: Dragonite|0 fnt|[from] psn\n|faint|p1a: Dragonite\n|\n|win|AriesOwn\n|upkeep\n|raw|TheKnewNorm's rating: 1129 &rarr; <strong>1099<\/strong><br \/>(-30 for losing)\n|raw|AriesOwn's rating: 1056 &rarr; <strong>1094<\/strong><br \/>(+38 for winning)\n|c|\u2606AriesOwn|gg\n|c|\u2606TheKnewNorm|gg\n|l|\u2606TheKnewNorm\n","uploadtime":1700160809,"views":10,"p1id":"theknewnorm","p2id":"ariesown","formatid":"gen9vgc2023regulatione","rating":1094,"private":0,"password":""}