{"id":"gen9vgc2023regulatione-1996880135","p1":"luk29powavgcwp","p2":"steelysspirit","format":"[Gen 9] VGC 2023 Regulation E","log":"|j|\u2606luk29powavgcwp\n|j|\u2606steelysspirit\n|t:|1700739519\n|gametype|doubles\n|player|p1|luk29powavgcwp|265|1341\n|player|p2|steelysspirit|2|1247\n|teamsize|p1|6\n|teamsize|p2|6\n|gen|9\n|tier|[Gen 9] VGC 2023 Regulation E\n|rated|\n|rule|Species Clause: Limit one of each Pok\u00e9mon\n|rule|Item Clause: Limit one of each item\n|clearpoke\n|poke|p1|Dondozo, L50, M|\n|poke|p1|Tatsugiri, L50, F|\n|poke|p1|Ninetales-Alola, L50, F|\n|poke|p1|Glimmora, L50, F|\n|poke|p1|Ogerpon-Hearthflame, L50, F|\n|poke|p1|Iron Hands, L50|\n|poke|p2|Rabsca, L50, F|\n|poke|p2|Iron Bundle, L50|\n|poke|p2|Iron Hands, L50|\n|poke|p2|Dragonite, L50, F|\n|poke|p2|Golem-Alola, L50, M|\n|poke|p2|Gliscor, L50, F|\n|teampreview|4\n|\n|t:|1700739606\n|start\n|switch|p1a: Ninetales|Ninetales-Alola, L50, F|100\/100\n|switch|p1b: Iron Hands|Iron Hands, L50|100\/100\n|switch|p2a: Iron Hands|Iron Hands, L50|100\/100\n|switch|p2b: Dragonite|Dragonite, L50, F|100\/100\n|-weather|Snow|[from] ability: Snow Warning|[of] p1a: Ninetales\n|turn|1\n|\n|t:|1700739635\n|-terastallize|p1a: Ninetales|Ghost\n|move|p2a: Iron Hands|Fake Out|p1a: Ninetales\n|-immune|p1a: Ninetales\n|move|p1a: Ninetales|Aurora Veil|p1a: Ninetales\n|-sidestart|p1: luk29powavgcwp|move: Aurora Veil\n|move|p2b: Dragonite|Iron Head|p1a: Ninetales\n|-damage|p1a: Ninetales|73\/100\n|-damage|p2b: Dragonite|91\/100|[from] item: Life Orb\n|move|p1b: Iron Hands|Wild Charge|p2b: Dragonite\n|-damage|p2b: Dragonite|31\/100\n|-damage|p1b: Iron Hands|90\/100|[from] Recoil\n|\n|-weather|Snow|[upkeep]\n|upkeep\n|turn|2\n|\n|t:|1700739656\n|-end|p1b: Iron Hands|Quark Drive|[silent]\n|switch|p1b: Dondozo|Dondozo, L50, M|100\/100\n|move|p2b: Dragonite|Protect|p2b: Dragonite\n|-singleturn|p2b: Dragonite|Protect\n|move|p1a: Ninetales|Blizzard|p2a: Iron Hands|[spread] p2a\n|-activate|p2b: Dragonite|move: Protect\n|-damage|p2a: Iron Hands|87\/100\n|move|p2a: Iron Hands|Wild Charge|p1a: Ninetales\n|-damage|p1a: Ninetales|32\/100\n|-damage|p2a: Iron Hands|79\/100|[from] Recoil\n|\n|-weather|Snow|[upkeep]\n|upkeep\n|turn|3\n|\n|t:|1700739693\n|switch|p1b: Iron Hands|Iron Hands, L50|90\/100\n|-terastallize|p2b: Dragonite|Normal\n|move|p2b: Dragonite|Extreme Speed|p1b: Iron Hands\n|-damage|p1b: Iron Hands|66\/100\n|-damage|p2b: Dragonite|21\/100|[from] item: Life Orb\n|move|p1a: Ninetales|Moonblast|p2a: Iron Hands\n|-supereffective|p2a: Iron Hands\n|-damage|p2a: Iron Hands|54\/100\n|move|p2a: Iron Hands|Wild Charge|p1b: Iron Hands\n|-resisted|p1b: Iron Hands\n|-damage|p1b: Iron Hands|54\/100\n|-damage|p2a: Iron Hands|51\/100|[from] Recoil\n|\n|-weather|Snow|[upkeep]\n|upkeep\n|turn|4\n|\n|t:|1700739722\n|move|p2b: Dragonite|Protect|p2b: Dragonite\n|-singleturn|p2b: Dragonite|Protect\n|move|p1a: Ninetales|Moonblast|p2a: Iron Hands\n|-supereffective|p2a: Iron Hands\n|-damage|p2a: Iron Hands|24\/100\n|move|p1b: Iron Hands|Drain Punch|p2a: Iron Hands\n|-damage|p2a: Iron Hands|0 fnt\n|-heal|p1b: Iron Hands|66\/100|[from] drain|[of] p2a: Iron Hands\n|faint|p2a: Iron Hands\n|-end|p2a: Iron Hands|Quark Drive|[silent]\n|\n|-weather|Snow|[upkeep]\n|upkeep\n|\n|t:|1700739734\n|switch|p2a: Golem|Golem-Alola, L50, M|100\/100\n|turn|5\n|inactive|Battle timer is ON: inactive players will automatically lose when time's up. (requested by luk29powavgcwp)\n|\n|t:|1700739776\n|switch|p2b: Iron Bundle|Iron Bundle, L50|100\/100\n|-enditem|p2b: Iron Bundle|Booster Energy\n|-activate|p2b: Iron Bundle|ability: Quark Drive|[fromitem]\n|-start|p2b: Iron Bundle|quarkdrivespe\n|move|p1a: Ninetales|Blizzard|p2b: Iron Bundle|[spread] p2a,p2b\n|-resisted|p2b: Iron Bundle\n|-damage|p2a: Golem|68\/100\n|-damage|p2b: Iron Bundle|88\/100\n|move|p1b: Iron Hands|Drain Punch|p2a: Golem\n|-supereffective|p2a: Golem\n|-damage|p2a: Golem|4\/100\n|-heal|p1b: Iron Hands|91\/100|[from] drain|[of] p2a: Golem\n|move|p2a: Golem|Body Slam|p1a: Ninetales\n|-damage|p1a: Ninetales|0 fnt\n|faint|p1a: Ninetales\n|\n|-weather|none\n|upkeep\n|inactive|luk29powavgcwp has 30 seconds left.\n|\n|t:|1700739807\n|switch|p1a: Dondozo|Dondozo, L50, M|100\/100\n|turn|6\n|\n|t:|1700739823\n|move|p2b: Iron Bundle|Protect|p2b: Iron Bundle\n|-singleturn|p2b: Iron Bundle|Protect\n|move|p1a: Dondozo|Protect|p1a: Dondozo\n|-singleturn|p1a: Dondozo|Protect\n|move|p2a: Golem|Protect|p2a: Golem\n|-singleturn|p2a: Golem|Protect\n|move|p1b: Iron Hands|Drain Punch|p2a: Golem\n|-activate|p2a: Golem|move: Protect\n|\n|upkeep\n|turn|7\n|inactive|luk29powavgcwp has 30 seconds left.\n|inactive|luk29powavgcwp has 20 seconds left.\n|inactive|luk29powavgcwp has 15 seconds left.\n|inactive|luk29powavgcwp has 10 seconds left.\n|inactive|luk29powavgcwp has 5 seconds left.\n|\n|t:|1700739874\n|-end|p1b: Iron Hands|Quark Drive|[silent]\n|switch|p1b: Tatsugiri|Tatsugiri, L50, F|100\/100\n|-activate|p1b: Tatsugiri|ability: Commander|[of] p1a: Dondozo\n|-boost|p1a: Dondozo|atk|2\n|-boost|p1a: Dondozo|spa|2\n|-boost|p1a: Dondozo|spe|2\n|-boost|p1a: Dondozo|def|2\n|-boost|p1a: Dondozo|spd|2\n|move|p2b: Iron Bundle|Encore|p1a: Dondozo\n|-start|p1a: Dondozo|Encore\n|move|p1a: Dondozo|Protect|p1a: Dondozo\n|-singleturn|p1a: Dondozo|Protect\n|move|p2a: Golem|Explosion|p1a: Dondozo|[spread] p2b\n|-miss|p2a: Golem|p1b: Tatsugiri\n|-activate|p1a: Dondozo|move: Protect\n|-supereffective|p2b: Iron Bundle\n|-damage|p2b: Iron Bundle|0 fnt\n|faint|p2a: Golem\n|faint|p2b: Iron Bundle\n|-end|p2b: Iron Bundle|Quark Drive|[silent]\n|\n|upkeep\n|-message|steelysspirit forfeited.\n|\n|win|luk29powavgcwp\n|raw|luk29powavgcwp's rating: 1341 &rarr; <strong>1356<\/strong><br \/>(+15 for winning)\n|raw|steelysspirit's rating: 1247 &rarr; <strong>1229<\/strong><br \/>(-18 for losing)\n|l|\u2606steelysspirit\n","uploadtime":1700739895,"views":7,"p1id":"luk29powavgcwp","p2id":"steelysspirit","formatid":"gen9vgc2023regulatione","rating":1229,"private":0,"password":""}