{"id":"gen9vgc2023regulatione-1994756799","p1":"Gin06134","p2":"perceived slight","format":"[Gen 9] VGC 2023 Regulation E","log":"|j|\u203dGin06134\n|j|\u2606perceived slight\n|t:|1700489659\n|gametype|doubles\n|player|p1|Gin06134|red|1514\n|player|p2|perceived slight|ninjaboy|1634\n|teamsize|p1|6\n|teamsize|p2|6\n|gen|9\n|tier|[Gen 9] VGC 2023 Regulation E\n|rated|\n|rule|Species Clause: Limit one of each Pok\u00e9mon\n|rule|Item Clause: Limit one of each item\n|clearpoke\n|poke|p1|Heatran, L50, M|\n|poke|p1|Gastrodon-East, L50, M|\n|poke|p1|Flutter Mane, L50|\n|poke|p1|Landorus-Therian, L50, M|\n|poke|p1|Iron Hands, L50|\n|poke|p1|Amoonguss, L50, M|\n|poke|p2|Heatran, L50, M|\n|poke|p2|Corviknight, L50, F|\n|poke|p2|Amoonguss, L50, M|\n|poke|p2|Urshifu-*, L50, F|\n|poke|p2|Dragapult, L50, F|\n|poke|p2|Ting-Lu, L50|\n|teampreview|4\n|inactive|Battle timer is ON: inactive players will automatically lose when time's up. (requested by Gin06134)\n|inactive|Gin06134 has 60 seconds left.\n|inactive|perceived slight has 60 seconds left.\n|\n|t:|1700489714\n|start\n|switch|p1a: Gastrodon|Gastrodon-East, L50, M|100\/100\n|switch|p1b: Heatran|Heatran, L50, M|100\/100\n|switch|p2a: Dragapult|Dragapult, L50, F|100\/100\n|switch|p2b: Ting-Lu|Ting-Lu, L50|100\/100\n|-ability|p2b: Ting-Lu|Vessel of Ruin\n|turn|1\n|\n|t:|1700489734\n|-terastallize|p1b: Heatran|Fairy\n|move|p2a: Dragapult|Protect|p2a: Dragapult\n|-singleturn|p2a: Dragapult|Protect\n|move|p1b: Heatran|Magma Storm|p2b: Ting-Lu\n|-damage|p2b: Ting-Lu|67\/100\n|-activate|p2b: Ting-Lu|move: Magma Storm|[of] p1b: Heatran\n|move|p1a: Gastrodon|Yawn|p2b: Ting-Lu\n|-start|p2b: Ting-Lu|move: Yawn|[of] p1a: Gastrodon\n|move|p2b: Ting-Lu|Stomping Tantrum|p1b: Heatran\n|-damage|p1b: Heatran|67\/100\n|\n|-damage|p2b: Ting-Lu|55\/100|[from] move: Magma Storm|[partiallytrapped]\n|upkeep\n|turn|2\n|\n|t:|1700489753\n|move|p1b: Heatran|Protect|p1b: Heatran\n|-singleturn|p1b: Heatran|Protect\n|move|p2a: Dragapult|Disable|p1a: Gastrodon\n|-start|p1a: Gastrodon|Disable|Yawn\n|cant|p1a: Gastrodon|Disable|Yawn\n|move|p2b: Ting-Lu|Heavy Slam|p1b: Heatran\n|-activate|p1b: Heatran|move: Protect\n|\n|-damage|p2b: Ting-Lu|42\/100|[from] move: Magma Storm|[partiallytrapped]\n|-end|p2b: Ting-Lu|move: Yawn|[silent]\n|-status|p2b: Ting-Lu|slp\n|upkeep\n|-enditem|p2b: Ting-Lu|Sitrus Berry|[eat]\n|-heal|p2b: Ting-Lu|67\/100 slp|[from] item: Sitrus Berry\n|turn|3\n|inactive|perceived slight has 30 seconds left.\n|\n|t:|1700489778\n|move|p2a: Dragapult|Dragon Darts|p1a: Gastrodon\n|-damage|p1a: Gastrodon|76\/100\n|-anim|p2a: Dragapult|Dragon Darts|p1a: Gastrodon\n|-damage|p1a: Gastrodon|53\/100\n|move|p1b: Heatran|Flash Cannon|p2b: Ting-Lu\n|-damage|p2b: Ting-Lu|42\/100 slp\n|move|p1a: Gastrodon|Ice Beam|p2b: Ting-Lu\n|-supereffective|p2b: Ting-Lu\n|-damage|p2b: Ting-Lu|12\/100 slp\n|cant|p2b: Ting-Lu|slp\n|\n|-heal|p1a: Gastrodon|59\/100|[from] item: Leftovers\n|-damage|p2b: Ting-Lu|0 fnt|[from] move: Magma Storm|[partiallytrapped]\n|faint|p2b: Ting-Lu\n|upkeep\n|\n|t:|1700489795\n|switch|p2b: Heatran|Heatran, L50, M|100\/100\n|turn|4\n|j| Zmlt\n|\n|t:|1700489807\n|switch|p1b: Iron Hands|Iron Hands, L50|100\/100\n|-terastallize|p2b: Heatran|Fairy\n|move|p2a: Dragapult|Dragon Darts|p1a: Gastrodon\n|-damage|p1a: Gastrodon|34\/100\n|-anim|p2a: Dragapult|Dragon Darts|p1b: Iron Hands\n|-crit|p1b: Iron Hands\n|-damage|p1b: Iron Hands|76\/100\n|move|p2b: Heatran|Earth Power|p1a: Gastrodon\n|-damage|p1a: Gastrodon|0 fnt\n|faint|p1a: Gastrodon\n|\n|upkeep\n|\n|t:|1700489819\n|switch|p1a: Flutter Mane|Flutter Mane, L50|100\/100\n|turn|5\n|\n|t:|1700489833\n|-end|p1a: Flutter Mane|Protosynthesis|[silent]\n|switch|p1a: Heatran|Heatran, L50, M, tera:Fairy|67\/100\n|move|p2a: Dragapult|Will-O-Wisp|p1b: Iron Hands\n|-status|p1b: Iron Hands|brn\n|move|p2b: Heatran|Flash Cannon|p1a: Heatran\n|-supereffective|p1a: Heatran\n|-damage|p1a: Heatran|0 fnt\n|faint|p1a: Heatran\n|move|p1b: Iron Hands|Volt Switch|p1: Heatran|[notarget]\n|-fail|p1b: Iron Hands\n|\n|-damage|p1b: Iron Hands|70\/100 brn|[from] brn\n|upkeep\n|inactive|Gin06134 has 30 seconds left.\n|inactive|Gin06134 has 20 seconds left.\n|inactive|Gin06134 has 15 seconds left.\n|inactive|Gin06134 has 10 seconds left.\n|inactive|Gin06134 has 5 seconds left.\n|\n|t:|1700489888\n|switch|p1a: Flutter Mane|Flutter Mane, L50|100\/100\n|turn|6\n|inactive|Gin06134 has 30 seconds left.\n|inactive|Gin06134 has 20 seconds left.\n|inactive|Gin06134 has 15 seconds left.\n|inactive|Gin06134 has 10 seconds left.\n|inactive|Gin06134 has 5 seconds left.\n|\n|t:|1700489943\n|move|p2a: Dragapult|Protect|p2a: Dragapult\n|-singleturn|p2a: Dragapult|Protect\n|move|p1b: Iron Hands|Fake Out||[still]\n|-hint|Fake Out only works on your first turn out.\n|-fail|p1b: Iron Hands\n|move|p1a: Flutter Mane|Moonblast|p2a: Dragapult\n|-activate|p2a: Dragapult|move: Protect\n|move|p2b: Heatran|Tera Blast|p1b: Iron Hands|[anim] Tera Blast Fairy\n|-supereffective|p1b: Iron Hands\n|-damage|p1b: Iron Hands|22\/100 brn\n|\n|-damage|p1b: Iron Hands|16\/100 brn|[from] brn\n|upkeep\n|turn|7\n|inactive|Gin06134 has 30 seconds left.\n|inactive|Gin06134 has 20 seconds left.\n|inactive|Gin06134 has 15 seconds left.\n|inactive|Gin06134 has 10 seconds left.\n|inactive|Gin06134 has 5 seconds left.\n|\n|t:|1700489998\n|move|p1b: Iron Hands|Fake Out||[still]\n|-hint|Fake Out only works on your first turn out.\n|-fail|p1b: Iron Hands\n|move|p2a: Dragapult|Disable|p1a: Flutter Mane\n|-start|p1a: Flutter Mane|Disable|Moonblast\n|cant|p1a: Flutter Mane|Disable|Moonblast\n|move|p2b: Heatran|Heat Wave|p1b: Iron Hands|[spread] p1a,p1b\n|-damage|p1a: Flutter Mane|60\/100\n|-damage|p1b: Iron Hands|0 fnt\n|faint|p1b: Iron Hands\n|-end|p1b: Iron Hands|Quark Drive|[silent]\n|\n|upkeep\n|turn|8\n|inactive|Gin06134 has 30 seconds left.\n|inactive|Gin06134 has 20 seconds left.\n|inactive|Gin06134 has 15 seconds left.\n|inactive|Gin06134 has 10 seconds left.\n|inactive|Gin06134 has 5 seconds left.\n|\n|t:|1700490053\n|move|p2a: Dragapult|Will-O-Wisp|p1a: Flutter Mane\n|-status|p1a: Flutter Mane|brn\n|-activate|p1a: Flutter Mane|move: Struggle\n|move|p1a: Flutter Mane|Struggle|p2b: Heatran\n|-damage|p2b: Heatran|98\/100\n|-damage|p1a: Flutter Mane|35\/100 brn|[from] recoil\n|move|p2b: Heatran|Flash Cannon|p1a: Flutter Mane\n|-supereffective|p1a: Flutter Mane\n|-damage|p1a: Flutter Mane|0 fnt\n|faint|p1a: Flutter Mane\n|-end|p1a: Flutter Mane|Protosynthesis|[silent]\n|\n|win|perceived slight\n|raw|Gin06134's rating: 1499 &rarr; <strong>1486<\/strong><br \/>(-13 for losing)\n|raw|perceived slight's rating: 1634 &rarr; <strong>1647<\/strong><br \/>(+13 for winning)\n|c|\u2606perceived slight|gg\n|c|\u2606perceived slight|never been at volt switch self target levels of tilt before. go have a cup of tea friend\n","uploadtime":1700490108,"views":1,"p1id":"gin06134","p2id":"perceivedslight","formatid":"gen9vgc2023regulatione","rating":1486,"private":0,"password":""}