{"id":"gen9vgc2023regulatione-1991764834","p1":"DingusMcRingus","p2":"avogadrotoast","format":"[Gen 9] VGC 2023 Regulation E","log":"|j|\u2606DingusMcRingus\n|j|\u2606avogadrotoast\n|t:|1700113228\n|gametype|doubles\n|player|p1|DingusMcRingus|ethan|1410\n|player|p2|avogadrotoast|101|1439\n|teamsize|p1|6\n|teamsize|p2|6\n|gen|9\n|tier|[Gen 9] VGC 2023 Regulation E\n|rated|\n|rule|Species Clause: Limit one of each Pok\u00e9mon\n|rule|Item Clause: Limit one of each item\n|clearpoke\n|poke|p1|Indeedee-F, L50, F|\n|poke|p1|Armarouge, L50, M|\n|poke|p1|Sneasler, L50, F|\n|poke|p1|Ogerpon-Wellspring, L50, F|\n|poke|p1|Ursaluna, L50, M|\n|poke|p1|Iron Bundle, L50|\n|poke|p2|Dusclops, L50, F|\n|poke|p2|Ursaluna-Bloodmoon, L50, M|\n|poke|p2|Sylveon, L50, M|\n|poke|p2|Indeedee-F, L50, F|\n|poke|p2|Dondozo, L50, M|\n|poke|p2|Tatsugiri, L50, M|\n|teampreview|4\n|inactive|Battle timer is ON: inactive players will automatically lose when time's up. (requested by DingusMcRingus)\n|\n|t:|1700113254\n|start\n|switch|p1a: Doingus|Indeedee-F, L50, F|100\/100\n|switch|p1b: Armarouge|Armarouge, L50, M|100\/100\n|switch|p2a: rainbow dash|Sylveon, L50, M|100\/100\n|switch|p2b: Dondozo|Dondozo, L50, M|100\/100\n|-fieldstart|move: Psychic Terrain|[from] ability: Psychic Surge|[of] p1a: Doingus\n|turn|1\n|inactive|avogadrotoast has 30 seconds left.\n|inactive|avogadrotoast has 20 seconds left.\n|inactive|avogadrotoast has 15 seconds left.\n|\n|t:|1700113297\n|-terastallize|p2a: rainbow dash|Fairy\n|move|p1a: Doingus|Helping Hand|p1b: Armarouge\n|-singleturn|p1b: Armarouge|Helping Hand|[of] p1a: Doingus\n|move|p2b: Dondozo|Protect|p2b: Dondozo\n|-singleturn|p2b: Dondozo|Protect\n|move|p2a: rainbow dash|Hyper Beam|p1a: Doingus\n|-damage|p1a: Doingus|0 fnt\n|-mustrecharge|p2a: rainbow dash\n|faint|p1a: Doingus\n|move|p1b: Armarouge|Expanding Force|p2a: rainbow dash|[spread] p2a\n|-activate|p2b: Dondozo|move: Protect\n|-damage|p2a: rainbow dash|2\/100\n|-damage|p1b: Armarouge|91\/100|[from] item: Life Orb\n|\n|upkeep\n|\n|t:|1700113305\n|switch|p1a: Sneasler|Sneasler, L50, F|100\/100\n|-enditem|p1a: Sneasler|Psychic Seed\n|-boost|p1a: Sneasler|spd|1|[from] item: Psychic Seed\n|turn|2\n|\n|t:|1700113324\n|switch|p2b: boo|Indeedee-F, L50, F|100\/100\n|move|p1a: Sneasler|Close Combat|p2b: boo\n|-damage|p2b: boo|21\/100\n|-unboost|p1a: Sneasler|def|1\n|-unboost|p1a: Sneasler|spd|1\n|-damage|p1a: Sneasler|84\/100|[from] item: Rocky Helmet|[of] p2b: boo\n|cant|p2a: rainbow dash|recharge\n|move|p1b: Armarouge|Expanding Force|p2a: rainbow dash|[spread] p2a,p2b\n|-resisted|p2b: boo\n|-damage|p2a: rainbow dash|0 fnt\n|-damage|p2b: boo|0 fnt\n|faint|p2a: rainbow dash\n|faint|p2b: boo\n|-damage|p1b: Armarouge|81\/100|[from] item: Life Orb\n|\n|upkeep\n|\n|t:|1700113331\n|switch|p2a: Dondozo|Dondozo, L50, M|100\/100\n|switch|p2b: Tatsugiri|Tatsugiri, L50, M|100\/100\n|-activate|p2b: Tatsugiri|ability: Commander|[of] p2a: Dondozo\n|-boost|p2a: Dondozo|atk|2\n|-boost|p2a: Dondozo|spa|2\n|-boost|p2a: Dondozo|spe|2\n|-boost|p2a: Dondozo|def|2\n|-boost|p2a: Dondozo|spd|2\n|turn|3\n|\n|t:|1700113344\n|-terastallize|p1b: Armarouge|Grass\n|move|p1a: Sneasler|Dire Claw|p2a: Dondozo\n|-damage|p2a: Dondozo|83\/100\n|-status|p2a: Dondozo|par\n|move|p2a: Dondozo|Earthquake|p1b: Armarouge|[spread] p1a,p1b\n|-miss|p2a: Dondozo|p2b: Tatsugiri\n|-supereffective|p1a: Sneasler\n|-resisted|p1b: Armarouge\n|-damage|p1a: Sneasler|0 fnt\n|-damage|p1b: Armarouge|58\/100\n|faint|p1a: Sneasler\n|move|p1b: Armarouge|Expanding Force|p2b: Tatsugiri|[spread] p2a\n|-miss|p1b: Armarouge|p2b: Tatsugiri\n|-damage|p2a: Dondozo|40\/100 par\n|-damage|p1b: Armarouge|48\/100|[from] item: Life Orb\n|\n|-heal|p2a: Dondozo|46\/100 par|[from] item: Leftovers\n|upkeep\n|\n|t:|1700113354\n|switch|p1a: Ogerpon|Ogerpon-Wellspring, L50, F|100\/100\n|turn|4\n|\n|t:|1700113369\n|move|p1a: Ogerpon|Horn Leech|p2a: Dondozo\n|-supereffective|p2a: Dondozo\n|-damage|p2a: Dondozo|14\/100 par\n|move|p2a: Dondozo|Order Up|p1b: Armarouge\n|-damage|p1b: Armarouge|0 fnt\n|faint|p1b: Armarouge\n|-boost|p2a: Dondozo|atk|1\n|\n|-heal|p2a: Dondozo|21\/100 par|[from] item: Leftovers\n|upkeep\n|turn|5\n|\n|t:|1700113388\n|move|p1a: Ogerpon|Horn Leech|p2a: Dondozo\n|-supereffective|p2a: Dondozo\n|-damage|p2a: Dondozo|0 fnt\n|faint|p2a: Dondozo\n|\n|-fieldend|move: Psychic Terrain\n|upkeep\n|turn|6\n|\n|t:|1700113401\n|move|p1a: Ogerpon|Horn Leech|p2b: Tatsugiri\n|-damage|p2b: Tatsugiri|34\/100\n|move|p2b: Tatsugiri|Counter|p1a: Ogerpon\n|-damage|p1a: Ogerpon|0 fnt\n|faint|p1a: Ogerpon\n|\n|win|avogadrotoast\n|raw|DingusMcRingus's rating: 1410 &rarr; <strong>1392<\/strong><br \/>(-18 for losing)\n|raw|avogadrotoast's rating: 1439 &rarr; <strong>1457<\/strong><br \/>(+18 for winning)\n|c|\u2606avogadrotoast|ggs\n|l|\u2606DingusMcRingus\n","uploadtime":1700113412,"views":32,"p1id":"dingusmcringus","p2id":"avogadrotoast","formatid":"gen9vgc2023regulatione","rating":1392,"private":0,"password":""}