{"id":"gen9vgc2023regulatione-1998633564","p1":"That_Leek","p2":"Achoque14","format":"[Gen 9] VGC 2023 Regulation E","log":"|j|\u2606That_Leek\n|j|\u2606Achoque14\n|t:|1700965523\n|gametype|doubles\n|player|p1|That_Leek|blue|1505\n|player|p2|Achoque14|2|1604\n|teamsize|p1|6\n|teamsize|p2|6\n|gen|9\n|tier|[Gen 9] VGC 2023 Regulation E\n|rated|\n|rule|Species Clause: Limit one of each Pok\u00e9mon\n|rule|Item Clause: Limit one of each item\n|clearpoke\n|poke|p1|Gholdengo, L50|\n|poke|p1|Ogerpon-Wellspring, L50, F|\n|poke|p1|Arcanine-Hisui, L50, F|\n|poke|p1|Chien-Pao, L50|\n|poke|p1|Scream Tail, L50|\n|poke|p1|Dragonite, L50, F|\n|poke|p2|Tornadus, L50, M|\n|poke|p2|Landorus-Therian, L50, M|\n|poke|p2|Gholdengo, L50|\n|poke|p2|Ogerpon-Wellspring, L50, F|\n|poke|p2|Heatran, L50, M|\n|poke|p2|Flutter Mane, L50|\n|teampreview|4\nThat_Leek has agreed to open team sheets.\n|\n|t:|1700965549\n|start\n|switch|p1a: Ogerpon|Ogerpon-Wellspring, L50, F|100\/100\n|switch|p1b: Scream Tail|Scream Tail, L50|100\/100\n|switch|p2a: Tornadus|Tornadus, L50, M, shiny|100\/100\n|switch|p2b: Landorus|Landorus-Therian, L50, M|100\/100\n|-ability|p2b: Landorus|Intimidate|boost\n|-unboost|p1a: Ogerpon|atk|1\n|-unboost|p1b: Scream Tail|atk|1\n|-enditem|p1b: Scream Tail|Booster Energy\n|-activate|p1b: Scream Tail|ability: Protosynthesis|[fromitem]\n|-start|p1b: Scream Tail|protosynthesisspe\n|turn|1\n|\n|t:|1700965564\n|switch|p1a: Arcanine|Arcanine-Hisui, L50, F|100\/100\n|-ability|p1a: Arcanine|Intimidate|boost\n|-unboost|p2a: Tornadus|atk|1\n|-unboost|p2b: Landorus|atk|1\n|-terastallize|p2b: Landorus|Flying\n|move|p2a: Tornadus|Tailwind|p2a: Tornadus\n|-sidestart|p2: Achoque14|move: Tailwind\n|move|p2b: Landorus|Tera Blast|p1b: Scream Tail|[anim] Tera Blast Flying\n|-damage|p1b: Scream Tail|53\/100\n|move|p1b: Scream Tail|Thunder Wave|p2a: Tornadus\n|-status|p2a: Tornadus|par\n|\n|upkeep\n|turn|2\n|\n|t:|1700965588\n|switch|p2b: Ogerpon|Ogerpon-Wellspring, L50, F|100\/100\n|cant|p2a: Tornadus|par\n|move|p1b: Scream Tail|Howl|p1b: Scream Tail|[spread] p1a,p1b\n|-boost|p1a: Arcanine|atk|1\n|-boost|p1b: Scream Tail|atk|1\n|move|p1a: Arcanine|Rock Slide|p2a: Tornadus|[spread] p2a,p2b\n|-supereffective|p2a: Tornadus\n|-damage|p2a: Tornadus|0 fnt\n|-damage|p2b: Ogerpon|21\/100\n|faint|p2a: Tornadus\n|\n|upkeep\n|\n|t:|1700965593\n|switch|p2a: Landorus|Landorus-Therian, L50, M, tera:Flying|100\/100\n|-ability|p2a: Landorus|Intimidate|boost\n|-unboost|p1a: Arcanine|atk|1\n|-unboost|p1b: Scream Tail|atk|1\n|turn|3\n|\n|t:|1700965615\n|switch|p1a: Ogerpon|Ogerpon-Wellspring, L50, F|100\/100\n|move|p2b: Ogerpon|Spiky Shield|p2b: Ogerpon\n|-singleturn|p2b: Ogerpon|move: Protect\n|move|p2a: Landorus|Earthquake|p1b: Scream Tail|[spread] p1a,p1b\n|-activate|p2b: Ogerpon|move: Protect\n|-resisted|p1a: Ogerpon\n|-damage|p1a: Ogerpon|70\/100\n|-damage|p1b: Scream Tail|7\/100\n|move|p1b: Scream Tail|Thunder Wave|p2a: Landorus\n|-status|p2a: Landorus|par\n|\n|upkeep\n|turn|4\n|\n|t:|1700965641\n|switch|p2a: Flutter Mane|Flutter Mane, L50|100\/100\n|move|p2b: Ogerpon|Ivy Cudgel|p1b: Scream Tail|[anim] Ivy Cudgel Water\n|-damage|p1b: Scream Tail|0 fnt\n|faint|p1b: Scream Tail\n|-end|p1b: Scream Tail|Protosynthesis|[silent]\n|move|p1a: Ogerpon|Horn Leech|p2b: Ogerpon\n|-damage|p2b: Ogerpon|0 fnt\n|-heal|p1a: Ogerpon|80\/100|[from] drain|[of] p2b: Ogerpon\n|faint|p2b: Ogerpon\n|\n|-sideend|p2: Achoque14|move: Tailwind\n|upkeep\n|\n|t:|1700965673\n|switch|p2b: Landorus|Landorus-Therian, L50, M, tera:Flying|100\/100 par\n|switch|p1b: Chien-Pao|Chien-Pao, L50|100\/100\n|-ability|p1b: Chien-Pao|Sword of Ruin\n|-ability|p2b: Landorus|Intimidate|boost\n|-unboost|p1a: Ogerpon|atk|1\n|-unboost|p1b: Chien-Pao|atk|1\n|turn|5\n|\n|t:|1700965683\n|switch|p1b: Arcanine|Arcanine-Hisui, L50, F|100\/100\n|-ability|p1b: Arcanine|Intimidate|boost\n|-unboost|p2a: Flutter Mane|atk|1\n|-unboost|p2b: Landorus|atk|1\n|move|p2a: Flutter Mane|Dazzling Gleam|p1a: Ogerpon|[spread] p1a,p1b\n|-resisted|p1b: Arcanine\n|-damage|p1a: Ogerpon|38\/100\n|-damage|p1b: Arcanine|71\/100\n|move|p1a: Ogerpon|Ivy Cudgel|p2a: Flutter Mane|[anim] Ivy Cudgel Water\n|-damage|p2a: Flutter Mane|41\/100\n|move|p2b: Landorus|Rock Slide|p1b: Arcanine|[spread] p1a,p1b\n|-supereffective|p1b: Arcanine\n|-damage|p1a: Ogerpon|18\/100\n|-damage|p1b: Arcanine|13\/100\n|\n|upkeep\n|turn|6\n|l|\u2606Achoque14\n|player|p2|\n|inactive|Battle timer is ON: inactive players will automatically lose when time's up. (requested by That_Leek)\n|j|\u2606Achoque14\n|inactive|Achoque14 reconnected and has 75 seconds left.\n|player|p2|Achoque14|2\n|\n|t:|1700965752\n|move|p1a: Ogerpon|Spiky Shield|p1a: Ogerpon\n|-singleturn|p1a: Ogerpon|move: Protect\n|move|p1b: Arcanine|Extreme Speed|p2b: Landorus\n|-damage|p2b: Landorus|55\/100 par\n|move|p2a: Flutter Mane|Dazzling Gleam|p1b: Arcanine|[spread] p1b\n|-activate|p1a: Ogerpon|move: Protect\n|-resisted|p1b: Arcanine\n|-damage|p1b: Arcanine|0 fnt\n|faint|p1b: Arcanine\n|move|p2b: Landorus|Rock Slide|p1a: Ogerpon\n|-activate|p1a: Ogerpon|move: Protect\n|\n|upkeep\n|\n|t:|1700965757\n|switch|p1b: Chien-Pao|Chien-Pao, L50|100\/100\n|-ability|p1b: Chien-Pao|Sword of Ruin\n|turn|7\n|inactive|Achoque14 has 30 seconds left.\n|\n|t:|1700965787\n|-terastallize|p1a: Ogerpon|Water\n|detailschange|p1a: Ogerpon|Ogerpon-Wellspring-Tera, L50, F, tera:Water\n|-ability|p1a: Ogerpon|Embody Aspect (Wellspring)|boost\n|-boost|p1a: Ogerpon|spd|1\n|move|p1b: Chien-Pao|Ice Spinner|p2a: Flutter Mane\n|-damage|p2a: Flutter Mane|0 fnt\n|faint|p2a: Flutter Mane\n|-end|p2a: Flutter Mane|Protosynthesis|[silent]\n|move|p1a: Ogerpon|Ivy Cudgel|p2b: Landorus|[anim] Ivy Cudgel Water\n|-damage|p2b: Landorus|0 fnt\n|faint|p2b: Landorus\n|\n|win|That_Leek\n|raw|That_Leek's rating: 1526 &rarr; <strong>1550<\/strong><br \/>(+24 for winning)\n|raw|Achoque14's rating: 1604 &rarr; <strong>1580<\/strong><br \/>(-24 for losing)\n|l|\u2606Achoque14\n","uploadtime":1700965804,"views":1,"p1id":"thatleek","p2id":"achoque14","formatid":"gen9vgc2023regulatione","rating":1550,"private":0,"password":""}