{"id":"gen9vgc2023regulatione-1988952318","p1":"MarsCava","p2":"Sleeping Demons","format":"[Gen 9] VGC 2023 Regulation E","log":"|j|\u2606MarsCava\n|j|\u2606Sleeping Demons\n|t:|1699793594\n|gametype|doubles\n|player|p1|MarsCava|1|1095\n|player|p2|Sleeping Demons|2|1021\n|teamsize|p1|6\n|teamsize|p2|6\n|gen|9\n|tier|[Gen 9] VGC 2023 Regulation E\n|rated|\n|rule|Species Clause: Limit one of each Pok\u00e9mon\n|rule|Item Clause: Limit one of each item\n|clearpoke\n|poke|p1|Empoleon, L50, F|\n|poke|p1|Regieleki, L50|\n|poke|p1|Dragonite, L50, F|\n|poke|p1|Ninetales-Alola, L50, M|\n|poke|p1|Ogerpon-Hearthflame, L50, F|\n|poke|p1|Landorus-Therian, L50, M|\n|poke|p2|Landorus-Therian, L50, M|\n|poke|p2|Flutter Mane, L50|\n|poke|p2|Ogerpon-Hearthflame, L50, F|\n|poke|p2|Rillaboom, L50, M|\n|poke|p2|Kingambit, L50, F|\n|poke|p2|Iron Hands, L50|\n|teampreview|4\n|inactive|Battle timer is ON: inactive players will automatically lose when time's up. (requested by MarsCava)\n|inactive|Sleeping Demons also wants the timer to be on.\n|inactive|MarsCava has 60 seconds left.\nSleeping Demons rejected open team sheets.\n|\n|t:|1699793644\n|start\n|switch|p1a: Empoleon|Empoleon, L50, F, shiny|100\/100\n|switch|p1b: Ninetales|Ninetales-Alola, L50, M|100\/100\n|switch|p2a: Iron Hands|Iron Hands, L50, shiny|100\/100\n|switch|p2b: Rillaboom|Rillaboom, L50, M, shiny|100\/100\n|-weather|Snow|[from] ability: Snow Warning|[of] p1b: Ninetales\n|-fieldstart|move: Grassy Terrain|[from] ability: Grassy Surge|[of] p2b: Rillaboom\n|turn|1\n|inactive|MarsCava has 30 seconds left.\n|\n|t:|1699793670\n|move|p2b: Rillaboom|Fake Out|p1b: Ninetales\n|-damage|p1b: Ninetales|89\/100\n|cant|p1b: Ninetales|flinch\n|move|p1a: Empoleon|Yawn|p2b: Rillaboom\n|-start|p2b: Rillaboom|move: Yawn|[of] p1a: Empoleon\n|move|p2a: Iron Hands|Heavy Slam|p1b: Ninetales\n|-supereffective|p1b: Ninetales\n|-damage|p1b: Ninetales|0 fnt\n|faint|p1b: Ninetales\n|\n|-weather|Snow|[upkeep]\n|upkeep\n|\n|t:|1699793684\n|switch|p1b: Ogerpon|Ogerpon-Hearthflame, L50, F|100\/100\n|-ability|p1b: Ogerpon|Mold Breaker\n|turn|2\n|inactive|Sleeping Demons has 30 seconds left.\n|inactive|MarsCava has 30 seconds left.\n|inactive|Sleeping Demons has 20 seconds left.\n|\n|t:|1699793720\n|-terastallize|p2b: Rillaboom|Fire\n|move|p1b: Ogerpon|Swords Dance|p1b: Ogerpon\n|-boost|p1b: Ogerpon|atk|2\n|move|p2b: Rillaboom|U-turn|p1b: Ogerpon\n|-damage|p1b: Ogerpon|69\/100\n|\n|t:|1699793733\n|switch|p2b: Kingambit|Kingambit, L50, F, shiny|100\/100|[from] U-turn\n|move|p1a: Empoleon|Yawn|p2b: Kingambit\n|-start|p2b: Kingambit|move: Yawn|[of] p1a: Empoleon\n|move|p2a: Iron Hands|Drain Punch|p1a: Empoleon\n|-supereffective|p1a: Empoleon\n|-crit|p1a: Empoleon\n|-damage|p1a: Empoleon|0 fnt\n|faint|p1a: Empoleon\n|\n|-weather|Snow|[upkeep]\n|-heal|p1b: Ogerpon|75\/100|[from] Grassy Terrain\n|upkeep\n|\n|t:|1699793742\n|switch|p1a: Dragonite|Dragonite, L50, F|100\/100\n|turn|3\n|\n|t:|1699793772\n|-terastallize|p1b: Ogerpon|Fire\n|detailschange|p1b: Ogerpon|Ogerpon-Hearthflame-Tera, L50, F, tera:Fire\n|-ability|p1b: Ogerpon|Embody Aspect (Hearthflame)|boost\n|-boost|p1b: Ogerpon|atk|1\n|move|p1b: Ogerpon|Ivy Cudgel|p2a: Iron Hands\n|-damage|p2a: Iron Hands|0 fnt\n|faint|p2a: Iron Hands\n|-end|p2a: Iron Hands|Quark Drive|[silent]\n|move|p1a: Dragonite|Stomping Tantrum|p2b: Kingambit\n|-supereffective|p2b: Kingambit\n|-damage|p2b: Kingambit|58\/100\n|move|p2b: Kingambit|Kowtow Cleave|p1b: Ogerpon\n|-damage|p1b: Ogerpon|18\/100\n|\n|-weather|Snow|[upkeep]\n|-heal|p1b: Ogerpon|24\/100|[from] Grassy Terrain\n|-heal|p2b: Kingambit|64\/100|[from] Grassy Terrain\n|-end|p2b: Kingambit|move: Yawn|[silent]\n|-status|p2b: Kingambit|slp\n|upkeep\n|\n|t:|1699793793\n|switch|p2a: Rillaboom|Rillaboom, L50, M, shiny, tera:Fire|100\/100\n|turn|4\n|\n|t:|1699793800\n|switch|p2b: Ogerpon|Ogerpon-Hearthflame, L50, F|100\/100\n|-ability|p2b: Ogerpon|Mold Breaker\n|move|p1b: Ogerpon|Spiky Shield|p1b: Ogerpon\n|-singleturn|p1b: Ogerpon|move: Protect\n|move|p2a: Rillaboom|Fake Out|p1b: Ogerpon\n|-activate|p1b: Ogerpon|move: Protect\n|-damage|p2a: Rillaboom|88\/100|[from] Spiky Shield|[of] p1b: Ogerpon\n|move|p1a: Dragonite|Stomping Tantrum|p2a: Rillaboom\n|-supereffective|p2a: Rillaboom\n|-damage|p2a: Rillaboom|23\/100\n|-enditem|p2a: Rillaboom|Sitrus Berry|[eat]\n|-heal|p2a: Rillaboom|48\/100|[from] item: Sitrus Berry\n|\n|-weather|Snow|[upkeep]\n|-heal|p1b: Ogerpon|30\/100|[from] Grassy Terrain\n|-heal|p2a: Rillaboom|54\/100|[from] Grassy Terrain\n|upkeep\n|turn|5\n|inactive|MarsCava has 30 seconds left.\n|inactive|MarsCava has 20 seconds left.\n|inactive|MarsCava has 15 seconds left.\n|\n|t:|1699793845\n|move|p2b: Ogerpon|Grassy Glide|p1b: Ogerpon\n|-resisted|p1b: Ogerpon\n|-damage|p1b: Ogerpon|5\/100\n|move|p2a: Rillaboom|Grassy Glide|p1b: Ogerpon\n|-resisted|p1b: Ogerpon\n|-crit|p1b: Ogerpon\n|-damage|p1b: Ogerpon|0 fnt\n|faint|p1b: Ogerpon\n|move|p1a: Dragonite|Stomping Tantrum|p2a: Rillaboom\n|-supereffective|p2a: Rillaboom\n|-crit|p2a: Rillaboom\n|-damage|p2a: Rillaboom|0 fnt\n|faint|p2a: Rillaboom\n|\n|-weather|none\n|-fieldend|move: Grassy Terrain\n|upkeep\n|\n|t:|1699793855\n|switch|p2a: Kingambit|Kingambit, L50, F, shiny|64\/100 slp\n|turn|6\n|\n|t:|1699793866\n|move|p2b: Ogerpon|Swords Dance|p2b: Ogerpon\n|-boost|p2b: Ogerpon|atk|2\n|move|p1a: Dragonite|Stomping Tantrum|p2b: Ogerpon\n|-damage|p2b: Ogerpon|63\/100\n|cant|p2a: Kingambit|slp\n|\n|upkeep\n|turn|7\n|\n|t:|1699793873\n|move|p2b: Ogerpon|Ivy Cudgel|p1a: Dragonite\n|-resisted|p1a: Dragonite\n|-damage|p1a: Dragonite|33\/100\n|move|p1a: Dragonite|Ice Spinner|p2a: Kingambit\n|-resisted|p2a: Kingambit\n|-damage|p2a: Kingambit|52\/100 slp\n|cant|p2a: Kingambit|slp\n|\n|upkeep\n|turn|8\n|-message|MarsCava forfeited.\n|\n|win|Sleeping Demons\n|raw|MarsCava's rating: 1095 &rarr; <strong>1066<\/strong><br \/>(-29 for losing)\n|raw|Sleeping Demons's rating: 1021 &rarr; <strong>1066<\/strong><br \/>(+45 for winning)\n|l|\u2606MarsCava\n","uploadtime":1699793889,"views":13,"p1id":"marscava","p2id":"sleepingdemons","formatid":"gen9vgc2023regulatione","rating":1066,"private":0,"password":""}