{"id":"gen9vgc2023regulatione-1996722085","p1":"cooletsdewl","p2":"mochipupusa","format":"[Gen 9] VGC 2023 Regulation E","log":"|j|\u2606cooletsdewl\n|j|\u2606mochipupusa\n|t:|1700714499\n|gametype|doubles\n|player|p1|cooletsdewl|clerkf|1402\n|player|p2|mochipupusa|101|1316\n|teamsize|p1|6\n|teamsize|p2|6\n|gen|9\n|tier|[Gen 9] VGC 2023 Regulation E\n|rated|\n|rule|Species Clause: Limit one of each Pok\u00e9mon\n|rule|Item Clause: Limit one of each item\n|clearpoke\n|poke|p1|Hatterene, L50, F|\n|poke|p1|Grimmsnarl, L50, M|\n|poke|p1|Iron Hands, L50|\n|poke|p1|Heatran, L50, M|\n|poke|p1|Farigiraf, L50, M|\n|poke|p1|Rillaboom, L50, M|\n|poke|p2|Roaring Moon, L50|\n|poke|p2|Milotic, L50, M|\n|poke|p2|Landorus-Therian, L50, M|\n|poke|p2|Flutter Mane, L50|\n|poke|p2|Iron Hands, L50|\n|poke|p2|Ogerpon-Hearthflame, L50, F|\n|teampreview|4\n|inactive|Battle timer is ON: inactive players will automatically lose when time's up. (requested by cooletsdewl)\nmochipupusa has agreed to open team sheets.\n|inactive|cooletsdewl has 60 seconds left.\n|inactive|mochipupusa has 60 seconds left.\n|\n|t:|1700714533\n|start\n|switch|p1a: Hatterene|Hatterene, L50, F|100\/100\n|switch|p1b: Rillaboom|Rillaboom, L50, M|100\/100\n|switch|p2a: Iron Hands|Iron Hands, L50|100\/100\n|switch|p2b: Ogerpon|Ogerpon-Hearthflame, L50, F|100\/100\n|-ability|p2b: Ogerpon|Mold Breaker\n|-fieldstart|move: Grassy Terrain|[from] ability: Grassy Surge|[of] p1b: Rillaboom\n|turn|1\n|inactive|mochipupusa has 30 seconds left.\n|\n|t:|1700714560\n|switch|p1b: Farigiraf|Farigiraf, L50, M|100\/100\n|move|p2a: Iron Hands|Fake Out||[still]\n|cant|p1b: Farigiraf|ability: Armor Tail|Fake Out|[of] p2a: Iron Hands\n|move|p2b: Ogerpon|Ivy Cudgel|p1a: Hatterene|[anim] Ivy Cudgel Fire\n|-damage|p1a: Hatterene|27\/100\n|move|p1a: Hatterene|Trick Room|p1a: Hatterene\n|-fieldstart|move: Trick Room|[of] p1a: Hatterene\n|\n|-heal|p1a: Hatterene|33\/100|[from] Grassy Terrain\n|upkeep\n|turn|2\n|\n|t:|1700714582\n|move|p1a: Hatterene|Dazzling Gleam|p2b: Ogerpon|[spread] p2a,p2b\n|-supereffective|p2a: Iron Hands\n|-resisted|p2b: Ogerpon\n|-damage|p2a: Iron Hands|68\/100\n|-damage|p2b: Ogerpon|83\/100\n|move|p1b: Farigiraf|Hyper Voice|p2a: Iron Hands|[spread] p2a,p2b\n|-crit|p2a: Iron Hands\n|-damage|p2a: Iron Hands|41\/100\n|-damage|p2b: Ogerpon|51\/100\n|-enditem|p1b: Farigiraf|Throat Spray\n|-boost|p1b: Farigiraf|spa|1|[from] item: Throat Spray\n|move|p2a: Iron Hands|Drain Punch|p1b: Farigiraf\n|-damage|p1b: Farigiraf|57\/100\n|-heal|p2a: Iron Hands|62\/100|[from] drain|[of] p1b: Farigiraf\n|move|p2b: Ogerpon|Ivy Cudgel|p1a: Hatterene|[anim] Ivy Cudgel Fire\n|-crit|p1a: Hatterene\n|-damage|p1a: Hatterene|0 fnt\n|faint|p1a: Hatterene\n|\n|-heal|p1b: Farigiraf|63\/100|[from] Grassy Terrain\n|-heal|p2a: Iron Hands|68\/100|[from] Grassy Terrain\n|-heal|p2b: Ogerpon|57\/100|[from] Grassy Terrain\n|upkeep\n|inactive|cooletsdewl has 30 seconds left.\n|\n|t:|1700714611\n|switch|p1a: Grimmsnarl|Grimmsnarl, L50, M|100\/100\n|-item|p2a: Iron Hands|Assault Vest|[from] ability: Frisk|[of] p1a: Grimmsnarl|[identify]\n|-item|p2b: Ogerpon|Hearthflame Mask|[from] ability: Frisk|[of] p1a: Grimmsnarl|[identify]\n|turn|3\n|\n|t:|1700714633\n|-terastallize|p1a: Grimmsnarl|Fire\n|move|p1b: Farigiraf|Psychic|p2b: Ogerpon\n|-damage|p2b: Ogerpon|0 fnt\n|faint|p2b: Ogerpon\n|move|p1a: Grimmsnarl|Play Rough|p2a: Iron Hands\n|-supereffective|p2a: Iron Hands\n|-damage|p2a: Iron Hands|0 fnt\n|faint|p2a: Iron Hands\n|-end|p2a: Iron Hands|Quark Drive|[silent]\n|\n|-heal|p1b: Farigiraf|69\/100|[from] Grassy Terrain\n|upkeep\n|\n|t:|1700714650\n|switch|p2a: Landorus|Landorus-Therian, L50, M|100\/100\n|switch|p2b: Roaring Moon|Roaring Moon, L50|100\/100\n|-ability|p2a: Landorus|Intimidate|boost\n|-unboost|p1a: Grimmsnarl|atk|1\n|-unboost|p1b: Farigiraf|atk|1\n|-enditem|p2b: Roaring Moon|Booster Energy\n|-activate|p2b: Roaring Moon|ability: Protosynthesis|[fromitem]\n|-start|p2b: Roaring Moon|protosynthesisatk\n|turn|4\n|inactive|mochipupusa has 30 seconds left.\n|\n|t:|1700714677\n|switch|p1a: Rillaboom|Rillaboom, L50, M|100\/100\n|-terastallize|p2b: Roaring Moon|Flying\n|move|p1b: Farigiraf|Hyper Voice|p2b: Roaring Moon|[spread] p2a,p2b\n|-damage|p2a: Landorus|50\/100\n|-damage|p2b: Roaring Moon|59\/100\n|move|p2b: Roaring Moon|Knock Off|p1a: Rillaboom\n|-damage|p1a: Rillaboom|38\/100\n|-enditem|p1a: Rillaboom|Leftovers|[from] move: Knock Off|[of] p2b: Roaring Moon\n|move|p2a: Landorus|Earthquake|p1a: Rillaboom|[spread] p1a,p1b\n|-immune|p2b: Roaring Moon\n|-resisted|p1a: Rillaboom\n|-damage|p1a: Rillaboom|28\/100\n|-damage|p1b: Farigiraf|49\/100\n|\n|-heal|p1b: Farigiraf|56\/100|[from] Grassy Terrain\n|-heal|p1a: Rillaboom|33\/100|[from] Grassy Terrain\n|upkeep\n|turn|5\n|inactive|cooletsdewl has 30 seconds left.\n|inactive|mochipupusa has 30 seconds left.\n|\n|t:|1700714705\n|move|p1b: Farigiraf|Psychic|p2b: Roaring Moon\n|-damage|p2b: Roaring Moon|7\/100\n|move|p1a: Rillaboom|Wood Hammer|p2a: Landorus\n|-damage|p2a: Landorus|0 fnt\n|faint|p2a: Landorus\n|-damage|p1a: Rillaboom|18\/100|[from] Recoil\n|move|p2b: Roaring Moon|Acrobatics|p1b: Farigiraf\n|-damage|p1b: Farigiraf|0 fnt\n|faint|p1b: Farigiraf\n|\n|-heal|p1a: Rillaboom|24\/100|[from] Grassy Terrain\n|-fieldend|move: Trick Room\n|-fieldend|move: Grassy Terrain\n|upkeep\n|\n|t:|1700714715\n|switch|p1b: Grimmsnarl|Grimmsnarl, L50, M, tera:Fire|100\/100\n|turn|6\n|inactive|mochipupusa has 30 seconds left.\n|\n|t:|1700714741\n|move|p1b: Grimmsnarl|Fake Out|p2b: Roaring Moon\n|-damage|p2b: Roaring Moon|0 fnt\n|faint|p2b: Roaring Moon\n|-end|p2b: Roaring Moon|Protosynthesis|[silent]\n|\n|win|cooletsdewl\n|raw|cooletsdewl's rating: 1402 &rarr; <strong>1417<\/strong><br \/>(+15 for winning)\n|raw|mochipupusa's rating: 1316 &rarr; <strong>1301<\/strong><br \/>(-15 for losing)\n","uploadtime":1700714747,"views":7,"p1id":"cooletsdewl","p2id":"mochipupusa","formatid":"gen9vgc2023regulatione","rating":1301,"private":0,"password":""}