{"id":"gen9vgc2023regulatione-1998702611","p1":"JDPhoenix","p2":"Jawcks","format":"[Gen 9] VGC 2023 Regulation E","log":"|j|\u2606JDPhoenix\n|j|\u2606Jawcks\n|t:|1700974806\n|gametype|doubles\n|player|p1|JDPhoenix|101|1263\n|player|p2|Jawcks|pokemonrangerf|1340\n|teamsize|p1|6\n|teamsize|p2|6\n|gen|9\n|tier|[Gen 9] VGC 2023 Regulation E\n|rated|\n|rule|Species Clause: Limit one of each Pok\u00e9mon\n|rule|Item Clause: Limit one of each item\n|clearpoke\n|poke|p1|Indeedee-F, L50, F|\n|poke|p1|Armarouge, L50, M|\n|poke|p1|Torkoal, L50, M|\n|poke|p1|Flutter Mane, L50|\n|poke|p1|Landorus-Therian, L50, M|\n|poke|p1|Lilligant-Hisui, L50, F|\n|poke|p2|Dragonite, L50, F|\n|poke|p2|Rillaboom, L50, F|\n|poke|p2|Cresselia, L50, F|\n|poke|p2|Heatran, L50, F|\n|poke|p2|Gastrodon-East, L50, F|\n|poke|p2|Ursaluna, L50, M|\n|teampreview|4\n|inactive|Battle timer is ON: inactive players will automatically lose when time's up. (requested by JDPhoenix)\n|inactive|Jawcks has 60 seconds left.\n|\n|t:|1700974845\n|start\n|switch|p1a: Indeedee|Indeedee-F, L50, F|100\/100\n|switch|p1b: Armarouge|Armarouge, L50, M|100\/100\n|switch|p2a: Dragonite|Dragonite, L50, F, shiny|100\/100\n|switch|p2b: Gastrodon|Gastrodon-East, L50, F, shiny|100\/100\n|-fieldstart|move: Psychic Terrain|[from] ability: Psychic Surge|[of] p1a: Indeedee\n|turn|1\n|\n|t:|1700974862\n|switch|p2b: Rillaboom|Rillaboom, L50, F, shiny|100\/100\n|-fieldstart|move: Grassy Terrain|[from] ability: Grassy Surge|[of] p2b: Rillaboom\n|-terastallize|p2a: Dragonite|Normal\n|move|p2a: Dragonite|Extreme Speed|p1b: Armarouge\n|-damage|p1b: Armarouge|32\/100\n|move|p1a: Indeedee|Follow Me|p1a: Indeedee\n|-singleturn|p1a: Indeedee|move: Follow Me\n|move|p1b: Armarouge|Trick Room|p1b: Armarouge\n|-fieldstart|move: Trick Room|[of] p1b: Armarouge\n|\n|-heal|p1b: Armarouge|38\/100|[from] Grassy Terrain\n|upkeep\n|turn|2\n|\n|t:|1700974886\n|-terastallize|p1b: Armarouge|Psychic\n|move|p1a: Indeedee|Helping Hand|p1b: Armarouge\n|-singleturn|p1b: Armarouge|Helping Hand|[of] p1a: Indeedee\n|move|p2b: Rillaboom|Fake Out|p1b: Armarouge\n|-damage|p1b: Armarouge|23\/100\n|move|p2a: Dragonite|Extreme Speed|p1a: Indeedee\n|-damage|p1a: Indeedee|4\/100\n|-damage|p2a: Dragonite|84\/100|[from] item: Rocky Helmet|[of] p1a: Indeedee\n|cant|p1b: Armarouge|flinch\n|\n|-heal|p1b: Armarouge|30\/100|[from] Grassy Terrain\n|-heal|p1a: Indeedee|10\/100|[from] Grassy Terrain\n|-heal|p2a: Dragonite|90\/100|[from] Grassy Terrain\n|upkeep\n|turn|3\n|inactive|JDPhoenix has 30 seconds left.\n|\n|t:|1700974919\n|move|p1a: Indeedee|Helping Hand|p1b: Armarouge\n|-singleturn|p1b: Armarouge|Helping Hand|[of] p1a: Indeedee\n|move|p2a: Dragonite|Extreme Speed|p1a: Indeedee\n|-damage|p1a: Indeedee|0 fnt\n|-damage|p2a: Dragonite|73\/100|[from] item: Rocky Helmet|[of] p1a: Indeedee\n|faint|p1a: Indeedee\n|move|p2b: Rillaboom|Grassy Glide|p1b: Armarouge\n|-damage|p1b: Armarouge|0 fnt\n|faint|p1b: Armarouge\n|\n|-heal|p2a: Dragonite|79\/100|[from] Grassy Terrain\n|upkeep\n|\n|t:|1700974934\n|switch|p1b: Flutter Mane|Flutter Mane, L50|100\/100\n|switch|p1a: Torkoal|Torkoal, L50, M|100\/100\n|-weather|SunnyDay|[from] ability: Drought|[of] p1a: Torkoal\n|-activate|p1b: Flutter Mane|ability: Protosynthesis\n|-start|p1b: Flutter Mane|protosynthesisspe\n|turn|4\n|\n|t:|1700974953\n|move|p2a: Dragonite|Extreme Speed|p1a: Torkoal\n|-damage|p1a: Torkoal|43\/100\n|move|p2b: Rillaboom|Grassy Glide|p1b: Flutter Mane\n|-damage|p1b: Flutter Mane|38\/100\n|move|p1a: Torkoal|Eruption|p2b: Rillaboom|[spread] p2a,p2b\n|-supereffective|p2b: Rillaboom\n|-damage|p2a: Dragonite|46\/100\n|-damage|p2b: Rillaboom|35\/100\n|move|p1b: Flutter Mane|Dazzling Gleam|p2b: Rillaboom|[spread] p2a,p2b\n|-damage|p2a: Dragonite|3\/100\n|-damage|p2b: Rillaboom|0 fnt\n|faint|p2b: Rillaboom\n|\n|-weather|SunnyDay|[upkeep]\n|-heal|p1a: Torkoal|49\/100|[from] Grassy Terrain\n|-heal|p2a: Dragonite|9\/100|[from] Grassy Terrain\n|-heal|p1b: Flutter Mane|44\/100|[from] Grassy Terrain\n|upkeep\n|\n|t:|1700974967\n|switch|p2b: Ursaluna|Ursaluna, L50, M, shiny|100\/100\n|turn|5\n|\n|t:|1700974978\n|move|p2a: Dragonite|Extreme Speed|p1a: Torkoal\n|-damage|p1a: Torkoal|0 fnt\n|faint|p1a: Torkoal\n|move|p2b: Ursaluna|Headlong Rush|p1b: Flutter Mane\n|-damage|p1b: Flutter Mane|0 fnt\n|-unboost|p2b: Ursaluna|def|1\n|-unboost|p2b: Ursaluna|spd|1\n|faint|p1b: Flutter Mane\n|-end|p1b: Flutter Mane|Protosynthesis|[silent]\n|\n|win|Jawcks\n|raw|JDPhoenix's rating: 1263 &rarr; <strong>1243<\/strong><br \/>(-20 for losing)\n|raw|Jawcks's rating: 1340 &rarr; <strong>1356<\/strong><br \/>(+16 for winning)\n|l|\u2606Jawcks\n","uploadtime":1700975055,"views":21,"p1id":"jdphoenix","p2id":"jawcks","formatid":"gen9vgc2023regulatione","rating":1243,"private":0,"password":""}