{"id":"gen9vgc2023regulatione-1989815473","p1":"RNG can't stop me","p2":"jjvvh0","format":"[Gen 9] VGC 2023 Regulation E","log":"|j|\u2606RNG can't stop me\n|j|\u2606jjvvh0\n|t:|1699898066\n|gametype|doubles\n|player|p1|RNG can't stop me|n|1480\n|player|p2|jjvvh0|lucas|1497\n|teamsize|p1|6\n|teamsize|p2|6\n|gen|9\n|tier|[Gen 9] VGC 2023 Regulation E\n|rated|\n|rule|Species Clause: Limit one of each Pok\u00e9mon\n|rule|Item Clause: Limit one of each item\n|clearpoke\n|poke|p1|Tornadus, L50, M|\n|poke|p1|Urshifu-*, L50, M|\n|poke|p1|Ogerpon-Wellspring, L50, F|\n|poke|p1|Farigiraf, L50, F|\n|poke|p1|Heatran, L50, M|\n|poke|p1|Landorus, L50, M|\n|poke|p2|Flutter Mane, L50|\n|poke|p2|Iron Hands, L50|\n|poke|p2|Landorus-Therian, L50, M|\n|poke|p2|Ogerpon-Wellspring, L50, F|\n|poke|p2|Kingambit, L50, F|\n|poke|p2|Chi-Yu, L50|\n|teampreview|4\nRNG can't stop me has agreed to open team sheets.\n|inactive|Battle timer is ON: inactive players will automatically lose when time's up. (requested by RNG can't stop me)\n|c|\u2606RNG can't stop me|gl hf\n|\n|t:|1699898112\n|start\n|switch|p1a: Jackie chan|Urshifu-Rapid-Strike, L50, M|100\/100\n|switch|p1b: Ramirez|Tornadus, L50, M|100\/100\n|switch|p2a: Ogerpon|Ogerpon-Wellspring, L50, F|100\/100\n|switch|p2b: Iron Hands|Iron Hands, L50|100\/100\n|turn|1\n|\n|t:|1699898136\n|switch|p1a: palindrome|Farigiraf, L50, F|100\/100\n|-terastallize|p2a: Ogerpon|Water\n|detailschange|p2a: Ogerpon|Ogerpon-Wellspring-Tera, L50, F, tera:Water\n|-ability|p2a: Ogerpon|Embody Aspect (Wellspring)|boost\n|-boost|p2a: Ogerpon|spd|1\n|move|p2b: Iron Hands|Fake Out||[still]\n|cant|p1a: palindrome|ability: Armor Tail|Fake Out|[of] p2b: Iron Hands\n|move|p1b: Ramirez|Rain Dance|p1b: Ramirez\n|-weather|RainDance\n|move|p2a: Ogerpon|Ivy Cudgel|p1b: Ramirez\n|-damage|p1b: Ramirez|0 fnt\n|faint|p1b: Ramirez\n|\n|-weather|RainDance|[upkeep]\n|upkeep\n|\n|t:|1699898149\n|switch|p1b: Sakuya|Ogerpon-Wellspring, L50, F|100\/100\n|turn|2\n|\n|t:|1699898168\n|move|p2a: Ogerpon|Spiky Shield|p2a: Ogerpon\n|-singleturn|p2a: Ogerpon|move: Protect\n|move|p1b: Sakuya|Ivy Cudgel|p2b: Iron Hands\n|-damage|p2b: Iron Hands|39\/100\n|move|p1a: palindrome|Psychic|p2b: Iron Hands\n|-supereffective|p2b: Iron Hands\n|-damage|p2b: Iron Hands|0 fnt\n|faint|p2b: Iron Hands\n|-end|p2b: Iron Hands|Quark Drive|[silent]\n|\n|-weather|RainDance|[upkeep]\n|upkeep\n|\n|t:|1699898181\n|switch|p2b: Flutter Mane|Flutter Mane, L50, shiny|100\/100\n|turn|3\n|\n|t:|1699898199\n|move|p1a: palindrome|Helping Hand|p1b: Sakuya\n|-singleturn|p1b: Sakuya|Helping Hand|[of] p1a: palindrome\n|move|p2b: Flutter Mane|Thunderbolt|p1b: Sakuya\n|-damage|p1b: Sakuya|55\/100\n|move|p1b: Sakuya|Horn Leech|p2b: Flutter Mane\n|-damage|p2b: Flutter Mane|0 fnt\n|-heal|p1b: Sakuya|100\/100|[from] drain|[of] p2b: Flutter Mane\n|faint|p2b: Flutter Mane\n|-end|p2b: Flutter Mane|Protosynthesis|[silent]\n|move|p2a: Ogerpon|Ivy Cudgel|p1a: palindrome\n|-damage|p1a: palindrome|15\/100\n|\n|-weather|RainDance|[upkeep]\n|upkeep\n|\n|t:|1699898211\n|switch|p2b: Chi-Yu|Chi-Yu, L50|100\/100\n|-ability|p2b: Chi-Yu|Beads of Ruin\n|turn|4\n|\n|t:|1699898222\n|-terastallize|p1b: Sakuya|Water\n|detailschange|p1b: Sakuya|Ogerpon-Wellspring-Tera, L50, F, tera:Water\n|-ability|p1b: Sakuya|Embody Aspect (Wellspring)|boost\n|-boost|p1b: Sakuya|spd|1\n|move|p1a: palindrome|Helping Hand|p1b: Sakuya\n|-singleturn|p1b: Sakuya|Helping Hand|[of] p1a: palindrome\n|move|p2b: Chi-Yu|Protect|p2b: Chi-Yu\n|-singleturn|p2b: Chi-Yu|Protect\n|move|p1b: Sakuya|Horn Leech|p2a: Ogerpon\n|-supereffective|p2a: Ogerpon\n|-damage|p2a: Ogerpon|0 fnt\n|faint|p2a: Ogerpon\n|\n|-weather|RainDance|[upkeep]\n|upkeep\n|turn|5\n|-message|jjvvh0 forfeited.\n|\n|win|RNG can't stop me\n|raw|RNG can&apos;t stop me's rating: 1480 &rarr; <strong>1501<\/strong><br \/>(+21 for winning)\n|raw|jjvvh0's rating: 1497 &rarr; <strong>1476<\/strong><br \/>(-21 for losing)\n|l|\u2606jjvvh0\n","uploadtime":1699898243,"views":7,"p1id":"rngcantstopme","p2id":"jjvvh0","formatid":"gen9vgc2023regulatione","rating":1476,"private":0,"password":""}