{"id":"gen9vgc2023regulatione-1990630013","p1":"MealwormDan","p2":"Granny Pie","format":"[Gen 9] VGC 2023 Regulation E","log":"|j|\u2606MealwormDan\n|j|\u2606Granny Pie\n|t:|1699987106\n|gametype|doubles\n|player|p1|MealwormDan|pokemonbreeder-gen4|1318\n|player|p2|Granny Pie|medium|1256\n|teamsize|p1|6\n|teamsize|p2|6\n|gen|9\n|tier|[Gen 9] VGC 2023 Regulation E\n|rated|\n|rule|Species Clause: Limit one of each Pok\u00e9mon\n|rule|Item Clause: Limit one of each item\n|clearpoke\n|poke|p1|Ninetales-Alola, L50, M|\n|poke|p1|Sinistcha, L50|\n|poke|p1|Volcarona, L50, M|\n|poke|p1|Gliscor, L50, M|\n|poke|p1|Iron Hands, L50|\n|poke|p1|Empoleon, L50, F|\n|poke|p2|Chi-Yu, L50|\n|poke|p2|Dipplin, L50, M|\n|poke|p2|Iron Bundle, L50|\n|poke|p2|Farigiraf, L50, F|\n|poke|p2|Iron Hands, L50|\n|poke|p2|Landorus-Therian, L50, M|\n|teampreview|4\nGranny Pie has agreed to open team sheets.\n|\n|t:|1699987155\n|start\n|switch|p1a: Ninetales|Ninetales-Alola, L50, M|100\/100\n|switch|p1b: Empoleon|Empoleon, L50, F|100\/100\n|switch|p2a: Hit the Heat Wave|Chi-Yu, L50|100\/100\n|switch|p2b: Iron Bunda|Iron Bundle, L50|100\/100\n|-weather|Snow|[from] ability: Snow Warning|[of] p1a: Ninetales\n|-ability|p2a: Hit the Heat Wave|Beads of Ruin\n|-enditem|p2b: Iron Bunda|Booster Energy\n|-activate|p2b: Iron Bunda|ability: Quark Drive|[fromitem]\n|-start|p2b: Iron Bunda|quarkdrivespe\n|turn|1\n|\n|t:|1699987199\n|move|p2b: Iron Bunda|Icy Wind|p1a: Ninetales|[spread] p1a\n|-miss|p2b: Iron Bunda|p1b: Empoleon\n|-resisted|p1a: Ninetales\n|-damage|p1a: Ninetales|83\/100\n|-unboost|p1a: Ninetales|spe|1\n|move|p2a: Hit the Heat Wave|Heat Wave|p1a: Ninetales|[spread] p1a,p1b\n|-supereffective|p1a: Ninetales\n|-damage|p1a: Ninetales|0 fnt\n|-damage|p1b: Empoleon|58\/100\n|faint|p1a: Ninetales\n|move|p1b: Empoleon|Hydro Pump|p2a: Hit the Heat Wave\n|-supereffective|p2a: Hit the Heat Wave\n|-enditem|p2a: Hit the Heat Wave|Focus Sash\n|-damage|p2a: Hit the Heat Wave|1\/100\n|-damage|p1b: Empoleon|48\/100|[from] item: Life Orb\n|\n|-weather|Snow|[upkeep]\n|upkeep\n|\n|t:|1699987216\n|switch|p1a: Sinistcha|Sinistcha, L50|100\/100\n|-heal|p1b: Empoleon|72\/100|[from] ability: Hospitality|[of] p1a: Sinistcha\n|turn|2\n|\n|t:|1699987227\n|-terastallize|p1a: Sinistcha|Dragon\n|move|p2b: Iron Bunda|Freeze-Dry|p1b: Empoleon\n|-damage|p1b: Empoleon|27\/100\n|move|p2a: Hit the Heat Wave|Heat Wave|p1a: Sinistcha|[spread] p1b\n|-miss|p2a: Hit the Heat Wave|p1a: Sinistcha\n|-damage|p1b: Empoleon|0 fnt\n|faint|p1b: Empoleon\n|move|p1a: Sinistcha|Matcha Gotcha|p2a: Hit the Heat Wave|[spread] p2a,p2b\n|-resisted|p2a: Hit the Heat Wave\n|-supereffective|p2b: Iron Bunda\n|-damage|p2a: Hit the Heat Wave|0 fnt\n|-damage|p2b: Iron Bunda|0 fnt\n|faint|p2a: Hit the Heat Wave\n|faint|p2b: Iron Bunda\n|-end|p2b: Iron Bunda|Quark Drive|[silent]\n|\n|-weather|Snow|[upkeep]\n|upkeep\n|\n|t:|1699987244\n|switch|p2b: Him|Iron Hands, L50|100\/100\n|switch|p2a: Little Dipper|Dipplin, L50, M|100\/100\n|switch|p1b: Gliscor|Gliscor, L50, M|100\/100\n|-ability|p2a: Little Dipper|Supersweet Syrup\n|-ability|p2a: Little Dipper|Supersweet Syrup|boost\n|-unboost|p1a: Sinistcha|evasion|1\n|-unboost|p1b: Gliscor|evasion|1\n|turn|3\n|\n|t:|1699987274\n|move|p2b: Him|Fake Out|p1a: Sinistcha\n|-damage|p1a: Sinistcha|88\/100\n|move|p1b: Gliscor|Swords Dance|p1b: Gliscor\n|-boost|p1b: Gliscor|atk|2\n|cant|p1a: Sinistcha|flinch\n|move|p2a: Little Dipper|Draco Meteor|p1a: Sinistcha\n|-supereffective|p1a: Sinistcha\n|-damage|p1a: Sinistcha|0 fnt\n|-unboost|p2a: Little Dipper|spa|2\n|faint|p1a: Sinistcha\n|\n|-weather|Snow|[upkeep]\n|-status|p1b: Gliscor|tox|[from] item: Toxic Orb\n|upkeep\n|turn|4\n|\n|t:|1699987293\n|-terastallize|p2b: Him|Water\n|move|p1b: Gliscor|Dual Wingbeat|p2a: Little Dipper|[miss]\n|-miss|p1b: Gliscor|p2a: Little Dipper\n|move|p2b: Him|Heavy Slam|p1b: Gliscor\n|-damage|p1b: Gliscor|64\/100 tox\n|move|p2a: Little Dipper|Syrup Bomb|p1b: Gliscor\n|-damage|p1b: Gliscor|53\/100 tox\n|-start|p1b: Gliscor|Syrup Bomb\n|\n|-weather|Snow|[upkeep]\n|-heal|p1b: Gliscor|65\/100 tox|[from] ability: Poison Heal\n|-unboost|p1b: Gliscor|spe|1\n|upkeep\n|turn|5\n|\n|t:|1699987309\n|move|p2a: Little Dipper|Protect|p2a: Little Dipper\n|-singleturn|p2a: Little Dipper|Protect\n|move|p2b: Him|Heavy Slam|p1b: Gliscor\n|-damage|p1b: Gliscor|33\/100 tox\n|move|p1b: Gliscor|Dual Wingbeat|p2a: Little Dipper\n|-activate|p2a: Little Dipper|move: Protect\n|\n|-weather|none\n|-heal|p1b: Gliscor|45\/100 tox|[from] ability: Poison Heal\n|-unboost|p1b: Gliscor|spe|1\n|upkeep\n|turn|6\n|\n|t:|1699987322\n|move|p2b: Him|Heavy Slam|p1b: Gliscor\n|-damage|p1b: Gliscor|8\/100 tox\n|move|p2a: Little Dipper|Draco Meteor|p1b: Gliscor\n|-damage|p1b: Gliscor|0 fnt\n|-unboost|p2a: Little Dipper|spa|2\n|faint|p1b: Gliscor\n|\n|win|Granny Pie\n|raw|MealwormDan's rating: 1318 &rarr; <strong>1294<\/strong><br \/>(-24 for losing)\n|raw|Granny Pie's rating: 1256 &rarr; <strong>1285<\/strong><br \/>(+29 for winning)\n","uploadtime":1699987327,"views":9,"p1id":"mealwormdan","p2id":"grannypie","formatid":"gen9vgc2023regulatione","rating":1285,"private":0,"password":""}