{"id":"gen9vgc2023regulatione-1994748916","p1":"AceJaydenV","p2":"Electry Games","format":"[Gen 9] VGC 2023 Regulation E","log":"|j|\u2606AceJaydenV\n|j|\u2606Electry Games\n|t:|1700488812\n|gametype|doubles\n|player|p1|AceJaydenV|266|1094\n|player|p2|Electry Games|waitress-gen4|1167\n|teamsize|p1|6\n|teamsize|p2|6\n|gen|9\n|tier|[Gen 9] VGC 2023 Regulation E\n|rated|\n|rule|Species Clause: Limit one of each Pok\u00e9mon\n|rule|Item Clause: Limit one of each item\n|clearpoke\n|poke|p1|Tornadus, L50, M|\n|poke|p1|Armarouge, L50, F|\n|poke|p1|Indeedee-F, L50, F|\n|poke|p1|Meowscarada, L50, F|\n|poke|p1|Urshifu-*, L50, F|\n|poke|p1|Maushold-Four, L50|\n|poke|p2|Tornadus, L50, M|\n|poke|p2|Landorus-Therian, L50, M|\n|poke|p2|Gholdengo, L50|\n|poke|p2|Ogerpon-Wellspring, L50, F|\n|poke|p2|Flutter Mane, L50|\n|poke|p2|Amoonguss, L50, M|\n|teampreview|4\n|inactive|Battle timer is ON: inactive players will automatically lose when time's up. (requested by Electry Games)\n|\n|t:|1700488844\n|start\n|switch|p1a: Indeedee|Indeedee-F, L50, F|100\/100\n|switch|p1b: Armarouge|Armarouge, L50, F|100\/100\n|switch|p2a: Flutter Mane|Flutter Mane, L50|100\/100\n|switch|p2b: Gholdengo|Gholdengo, L50|100\/100\n|-fieldstart|move: Psychic Terrain|[from] ability: Psychic Surge|[of] p1a: Indeedee\n|-enditem|p2a: Flutter Mane|Booster Energy\n|-activate|p2a: Flutter Mane|ability: Protosynthesis|[fromitem]\n|-start|p2a: Flutter Mane|protosynthesisspa\n|turn|1\n|inactive|AceJaydenV has 30 seconds left.\n|inactive|Electry Games has 30 seconds left.\n|inactive|AceJaydenV has 20 seconds left.\n|inactive|AceJaydenV has 15 seconds left.\n|inactive|AceJaydenV has 10 seconds left.\n|\n|t:|1700488890\n|move|p2b: Gholdengo|Protect|p2b: Gholdengo\n|-singleturn|p2b: Gholdengo|Protect\n|move|p1a: Indeedee|Follow Me|p1a: Indeedee\n|-singleturn|p1a: Indeedee|move: Follow Me\n|move|p2a: Flutter Mane|Shadow Ball|p1a: Indeedee\n|-immune|p1a: Indeedee\n|move|p1b: Armarouge|Armor Cannon|p2b: Gholdengo\n|-activate|p2b: Gholdengo|move: Protect\n|\n|upkeep\n|turn|2\n|\n|t:|1700488912\n|switch|p2b: Landorus|Landorus-Therian, L50, M|100\/100\n|-ability|p2b: Landorus|Intimidate|boost\n|-unboost|p1a: Indeedee|atk|1\n|-unboost|p1b: Armarouge|atk|1\n|move|p1a: Indeedee|Follow Me|p1a: Indeedee\n|-singleturn|p1a: Indeedee|move: Follow Me\n|move|p2a: Flutter Mane|Shadow Ball|p1a: Indeedee\n|-immune|p1a: Indeedee\n|move|p1b: Armarouge|Armor Cannon|p2b: Landorus\n|-damage|p2b: Landorus|25\/100\n|-unboost|p1b: Armarouge|def|1\n|-unboost|p1b: Armarouge|spd|1\n|\n|upkeep\n|turn|3\n|inactive|AceJaydenV has 30 seconds left.\n|inactive|Electry Games has 30 seconds left.\n|\n|t:|1700488944\n|move|p1a: Indeedee|Follow Me|p1a: Indeedee\n|-singleturn|p1a: Indeedee|move: Follow Me\n|move|p2b: Landorus|Rock Slide|p1a: Indeedee|[spread] p1a,p1b\n|-supereffective|p1b: Armarouge\n|-damage|p1a: Indeedee|78\/100\n|-damage|p1b: Armarouge|44\/100\n|move|p2a: Flutter Mane|Dazzling Gleam|p1a: Indeedee|[spread] p1a,p1b\n|-resisted|p1b: Armarouge\n|-damage|p1a: Indeedee|43\/100\n|-damage|p1b: Armarouge|7\/100\n|cant|p1b: Armarouge|flinch\n|\n|upkeep\n|turn|4\n|inactive|AceJaydenV has 30 seconds left.\n|inactive|AceJaydenV has 20 seconds left.\n|inactive|AceJaydenV has 15 seconds left.\n|\n|t:|1700488985\n|move|p1a: Indeedee|Protect|p1a: Indeedee\n|-singleturn|p1a: Indeedee|Protect\n|move|p2b: Landorus|Rock Slide|p1a: Indeedee|[spread] p1b\n|-activate|p1a: Indeedee|move: Protect\n|-supereffective|p1b: Armarouge\n|-damage|p1b: Armarouge|0 fnt\n|faint|p1b: Armarouge\n|move|p2a: Flutter Mane|Dazzling Gleam|p1a: Indeedee\n|-activate|p1a: Indeedee|move: Protect\n|\n|upkeep\n|\n|t:|1700489006\n|switch|p1b: Tornadus|Tornadus, L50, M|100\/100\n|turn|5\n|\n|t:|1700489022\n|-terastallize|p1b: Tornadus|Flying\n|move|p1a: Indeedee|Helping Hand|p1b: Tornadus\n|-singleturn|p1b: Tornadus|Helping Hand|[of] p1a: Indeedee\n|move|p2b: Landorus|Rock Slide|p1b: Tornadus|[spread] p1b\n|-miss|p2b: Landorus|p1a: Indeedee\n|-supereffective|p1b: Tornadus\n|-damage|p1b: Tornadus|43\/100\n|move|p2a: Flutter Mane|Dazzling Gleam|p1b: Tornadus|[spread] p1a,p1b\n|-damage|p1a: Indeedee|8\/100\n|-damage|p1b: Tornadus|0 fnt\n|faint|p1b: Tornadus\n|\n|-fieldend|move: Psychic Terrain\n|upkeep\n|\n|t:|1700489039\n|switch|p1b: Meowscarada|Meowscarada, L50, F|100\/100\n|turn|6\n|\n|t:|1700489061\n|move|p1a: Indeedee|Protect|p1a: Indeedee\n|-singleturn|p1a: Indeedee|Protect\n|move|p2b: Landorus|Rock Slide|p1a: Indeedee|[spread] p1b\n|-activate|p1a: Indeedee|move: Protect\n|-damage|p1b: Meowscarada|69\/100\n|cant|p1b: Meowscarada|flinch\n|move|p2a: Flutter Mane|Dazzling Gleam|p1a: Indeedee|[spread] p1b\n|-activate|p1a: Indeedee|move: Protect\n|-supereffective|p1b: Meowscarada\n|-damage|p1b: Meowscarada|0 fnt\n|faint|p1b: Meowscarada\n|\n|upkeep\n|turn|7\n|c|\u2606Electry Games|gg\n|inactive|AceJaydenV has 30 seconds left.\n|l|\u2606AceJaydenV\n|inactive|AceJaydenV disconnected and has a minute to reconnect!\n|player|p1|\n|inactive|AceJaydenV has 20 seconds left.\n|inactive|AceJaydenV has 15 seconds left.\n|inactive|AceJaydenV has 10 seconds left.\n|inactive|AceJaydenV has 5 seconds left.\n|-message|AceJaydenV lost due to inactivity.\n|\n|win|Electry Games\n|raw|AceJaydenV's rating: 1094 &rarr; <strong>1075<\/strong><br \/>(-19 for losing)\n|raw|Electry Games's rating: 1167 &rarr; <strong>1187<\/strong><br \/>(+20 for winning)\n","uploadtime":1700489120,"views":3,"p1id":"acejaydenv","p2id":"electrygames","formatid":"gen9vgc2023regulatione","rating":1075,"private":0,"password":""}