{"id":"gen9vgc2023regulatione-1999811051","p1":"Doc Positive","p2":"Kzjrkz","format":"[Gen 9] VGC 2023 Regulation E","log":"|j|\u2606Doc Positive\n|j|\u2606Kzjrkz\n|t:|1701118871\n|gametype|doubles\n|player|p1|Doc Positive|cyrus|1164\n|player|p2|Kzjrkz|lance|1148\n|teamsize|p1|6\n|teamsize|p2|6\n|gen|9\n|tier|[Gen 9] VGC 2023 Regulation E\n|rated|\n|rule|Species Clause: Limit one of each Pok\u00e9mon\n|rule|Item Clause: Limit one of each item\n|clearpoke\n|poke|p1|Cresselia, L50, F|\n|poke|p1|Ursaluna-Bloodmoon, L50, M|\n|poke|p1|Iron Hands, L50|\n|poke|p1|Ogerpon-Wellspring, L50, F|\n|poke|p1|Arcanine-Hisui, L50, M|\n|poke|p1|Flutter Mane, L50|\n|poke|p2|Flutter Mane, L50|\n|poke|p2|Tornadus, L50, M|\n|poke|p2|Rillaboom, L50, M|\n|poke|p2|Garganacl, L50, F|\n|poke|p2|Arcanine-Hisui, L50, F|\n|poke|p2|Chien-Pao, L50|\n|teampreview|4\n|inactive|Battle timer is ON: inactive players will automatically lose when time's up. (requested by Doc Positive)\n|inactive|Doc Positive has 60 seconds left.\n|\n|t:|1701118902\n|start\n|switch|p1a: Iron Hands|Iron Hands, L50|100\/100\n|switch|p1b: Flutter Mane|Flutter Mane, L50|100\/100\n|switch|p2a: Tornadus|Tornadus, L50, M|100\/100\n|switch|p2b: Garganacl|Garganacl, L50, F|100\/100\n|-enditem|p1b: Flutter Mane|Booster Energy\n|-activate|p1b: Flutter Mane|ability: Protosynthesis|[fromitem]\n|-start|p1b: Flutter Mane|protosynthesisspa\n|turn|1\n|c|\u2606Doc Positive|glfh\n|\n|t:|1701118918\n|-terastallize|p2b: Garganacl|Ghost\n|move|p1b: Flutter Mane|Moonblast|p2b: Garganacl\n|-damage|p2b: Garganacl|62\/100\n|move|p2a: Tornadus|Bleakwind Storm|p1b: Flutter Mane|[spread] p1a,p1b\n|-damage|p1a: Iron Hands|84\/100\n|-damage|p1b: Flutter Mane|69\/100\n|move|p1a: Iron Hands|Drain Punch|p2b: Garganacl\n|-immune|p2b: Garganacl\n|move|p2b: Garganacl|Salt Cure|p1b: Flutter Mane\n|-damage|p1b: Flutter Mane|48\/100\n|-start|p1b: Flutter Mane|Salt Cure\n|\n|-damage|p1b: Flutter Mane|36\/100|[from] Salt Cure\n|upkeep\n|turn|2\n|n|\u2606Kzjrkz|kzjrkz\n|c|\u2606Kzjrkz|glhf\n|\n|t:|1701118942\n|move|p2a: Tornadus|Tailwind|p2a: Tornadus\n|-sidestart|p2: Kzjrkz|move: Tailwind\n|move|p1b: Flutter Mane|Moonblast|p2b: Garganacl\n|-damage|p2b: Garganacl|22\/100\n|-unboost|p2b: Garganacl|spa|1\n|-enditem|p2b: Garganacl|Sitrus Berry|[eat]\n|-heal|p2b: Garganacl|46\/100|[from] item: Sitrus Berry\n|move|p2b: Garganacl|Iron Defense|p2b: Garganacl\n|-boost|p2b: Garganacl|def|2\n|move|p1a: Iron Hands|Wild Charge|p2a: Tornadus\n|-supereffective|p2a: Tornadus\n|-damage|p2a: Tornadus|0 fnt\n|-damage|p1a: Iron Hands|67\/100|[from] item: Rocky Helmet|[of] p2a: Tornadus\n|faint|p2a: Tornadus\n|-damage|p1a: Iron Hands|48\/100|[from] Recoil\n|\n|-damage|p1b: Flutter Mane|23\/100|[from] Salt Cure\n|upkeep\n|\n|t:|1701118956\n|switch|p2a: Arcanine|Arcanine-Hisui, L50, F|100\/100\n|-ability|p2a: Arcanine|Intimidate|boost\n|-unboost|p1a: Iron Hands|atk|1\n|-unboost|p1b: Flutter Mane|atk|1\n|turn|3\n|\n|t:|1701118964\n|move|p2a: Arcanine|Rock Slide|p1a: Iron Hands|[spread] p1a,p1b\n|-resisted|p1a: Iron Hands\n|-damage|p1a: Iron Hands|34\/100\n|-damage|p1b: Flutter Mane|0 fnt\n|faint|p1b: Flutter Mane\n|-end|p1b: Flutter Mane|Protosynthesis|[silent]\n|move|p2b: Garganacl|Recover|p2b: Garganacl\n|-heal|p2b: Garganacl|97\/100\n|cant|p1a: Iron Hands|flinch\n|\n|upkeep\n|\n|t:|1701118972\n|switch|p1b: Cresselia|Cresselia, L50, F|100\/100\n|turn|4\n|\n|t:|1701118978\n|switch|p2a: Rillaboom|Rillaboom, L50, M|100\/100\n|-fieldstart|move: Grassy Terrain|[from] ability: Grassy Surge|[of] p2a: Rillaboom\n|move|p2b: Garganacl|Salt Cure|p1b: Cresselia\n|-crit|p1b: Cresselia\n|-damage|p1b: Cresselia|89\/100\n|-start|p1b: Cresselia|Salt Cure\n|move|p1a: Iron Hands|Drain Punch|p2a: Rillaboom\n|-damage|p2a: Rillaboom|73\/100\n|-heal|p1a: Iron Hands|46\/100|[from] drain|[of] p2a: Rillaboom\n|move|p1b: Cresselia|Trick Room|p1b: Cresselia\n|-fieldstart|move: Trick Room|[of] p1b: Cresselia\n|\n|-heal|p1a: Iron Hands|52\/100|[from] Grassy Terrain\n|-heal|p2b: Garganacl|100\/100|[from] Grassy Terrain\n|-heal|p2a: Rillaboom|79\/100|[from] Grassy Terrain\n|-damage|p1b: Cresselia|76\/100|[from] Salt Cure\n|upkeep\n|turn|5\n|\n|t:|1701118998\n|move|p1a: Iron Hands|Heavy Slam|p2a: Rillaboom\n|-damage|p2a: Rillaboom|55\/100\n|move|p1b: Cresselia|Psychic|p2a: Rillaboom\n|-damage|p2a: Rillaboom|36\/100\n|move|p2b: Garganacl|Iron Defense|p2b: Garganacl\n|-boost|p2b: Garganacl|def|2\n|move|p2a: Rillaboom|Drain Punch|p1a: Iron Hands\n|-damage|p1a: Iron Hands|33\/100\n|-heal|p2a: Rillaboom|47\/100|[from] drain|[of] p1a: Iron Hands\n|\n|-heal|p1a: Iron Hands|39\/100|[from] Grassy Terrain\n|-heal|p2a: Rillaboom|53\/100|[from] Grassy Terrain\n|-damage|p1b: Cresselia|64\/100|[from] Salt Cure\n|-sideend|p2: Kzjrkz|move: Tailwind\n|upkeep\n|turn|6\n|\n|t:|1701119014\n|move|p2b: Garganacl|Salt Cure|p1b: Cresselia\n|-damage|p1b: Cresselia|56\/100\n|move|p1a: Iron Hands|Heavy Slam|p2a: Rillaboom\n|-damage|p2a: Rillaboom|28\/100\n|move|p2a: Rillaboom|Wood Hammer|p1b: Cresselia\n|-damage|p1b: Cresselia|0 fnt\n|faint|p1b: Cresselia\n|-damage|p2a: Rillaboom|8\/100|[from] Recoil\n|\n|-heal|p1a: Iron Hands|45\/100|[from] Grassy Terrain\n|-heal|p2a: Rillaboom|14\/100|[from] Grassy Terrain\n|upkeep\n|\n|t:|1701119026\n|switch|p1b: Ursaluna|Ursaluna-Bloodmoon, L50, M|100\/100\n|turn|7\n|\n|t:|1701119037\n|switch|p2a: Arcanine|Arcanine-Hisui, L50, F|100\/100\n|-ability|p2a: Arcanine|Intimidate|boost\n|-unboost|p1a: Iron Hands|atk|1\n|-unboost|p1b: Ursaluna|atk|1\n|-terastallize|p1b: Ursaluna|Grass\n|move|p2b: Garganacl|Salt Cure|p1b: Ursaluna\n|-damage|p1b: Ursaluna|89\/100\n|-start|p1b: Ursaluna|Salt Cure\n|move|p1b: Ursaluna|Blood Moon|p2b: Garganacl\n|-damage|p2b: Garganacl|48\/100\n|move|p1a: Iron Hands|Drain Punch|p2a: Arcanine\n|-supereffective|p2a: Arcanine\n|-damage|p2a: Arcanine|50\/100\n|-heal|p1a: Iron Hands|63\/100|[from] drain|[of] p2a: Arcanine\n|\n|-heal|p2b: Garganacl|54\/100|[from] Grassy Terrain\n|-heal|p1b: Ursaluna|95\/100|[from] Grassy Terrain\n|-heal|p1a: Iron Hands|69\/100|[from] Grassy Terrain\n|-heal|p2a: Arcanine|56\/100|[from] Grassy Terrain\n|-damage|p1b: Ursaluna|83\/100|[from] Salt Cure\n|upkeep\n|turn|8\n|inactive|Doc Positive has 30 seconds left.\n|\n|t:|1701119062\n|switch|p2a: Rillaboom|Rillaboom, L50, M|14\/100\n|move|p2b: Garganacl|Recover|p2b: Garganacl\n|-heal|p2b: Garganacl|100\/100\n|move|p1b: Ursaluna|Hyper Voice|p2a: Rillaboom|[spread] p2a,p2b\n|-damage|p2a: Rillaboom|0 fnt\n|-damage|p2b: Garganacl|77\/100\n|faint|p2a: Rillaboom\n|-enditem|p1b: Ursaluna|Throat Spray\n|-boost|p1b: Ursaluna|spa|1|[from] item: Throat Spray\n|move|p1a: Iron Hands|Drain Punch|p2b: Garganacl\n|-immune|p2b: Garganacl\n|\n|-heal|p2b: Garganacl|83\/100|[from] Grassy Terrain\n|-heal|p1b: Ursaluna|89\/100|[from] Grassy Terrain\n|-heal|p1a: Iron Hands|75\/100|[from] Grassy Terrain\n|-damage|p1b: Ursaluna|76\/100|[from] Salt Cure\n|-fieldend|move: Trick Room\n|-fieldend|move: Grassy Terrain\n|upkeep\n|-message|Doc Positive forfeited.\n|\n|win|Kzjrkz\n|raw|Doc Positive's rating: 1164 &rarr; <strong>1138<\/strong><br \/>(-26 for losing)\n|raw|Kzjrkz's rating: 1148 &rarr; <strong>1174<\/strong><br \/>(+26 for winning)\n|l|\u2606Doc Positive\n","uploadtime":1701119080,"views":3,"p1id":"docpositive","p2id":"kzjrkz","formatid":"gen9vgc2023regulatione","rating":1138,"private":0,"password":""}