{"id":"gen9vgc2023regulatione-1993208824","p1":"j1m13o","p2":"Akromancer","format":"[Gen 9] VGC 2023 Regulation E","log":"|j|\u2606j1m13o\n|j|\u2606Akromancer\n|t:|1700278286\n|gametype|doubles\n|player|p1|j1m13o|101|1210\n|player|p2|Akromancer|2|1293\n|teamsize|p1|6\n|teamsize|p2|6\n|gen|9\n|tier|[Gen 9] VGC 2023 Regulation E\n|rated|\n|rule|Species Clause: Limit one of each Pok\u00e9mon\n|rule|Item Clause: Limit one of each item\n|clearpoke\n|poke|p1|Ursaluna-Bloodmoon, L50, M|\n|poke|p1|Torkoal, L50, M|\n|poke|p1|Dusclops, L50, M|\n|poke|p1|Clefable, L50, M|\n|poke|p1|Glastrier, L50|\n|poke|p1|Urshifu-*, L50, F|\n|poke|p2|Ogerpon-Wellspring, L50, F|\n|poke|p2|Tornadus, L50, M|\n|poke|p2|Iron Hands, L50|\n|poke|p2|Gholdengo, L50|\n|poke|p2|Ursaluna, L50, M|\n|poke|p2|Rillaboom, L50, M|\n|teampreview|4\nj1m13o rejected open team sheets.\n|inactive|Battle timer is ON: inactive players will automatically lose when time's up. (requested by Akromancer)\n|\n|t:|1700278326\n|start\n|switch|p1a: Mr. Hands|Dusclops, L50, M|100\/100\n|switch|p1b: Urshifu|Urshifu-Rapid-Strike, L50, F|100\/100\n|switch|p2a: Tornadus|Tornadus, L50, M|100\/100\n|switch|p2b: Gholdengo|Gholdengo, L50|100\/100\n|-item|p2a: Tornadus|Covert Cloak|[from] ability: Frisk|[of] p1a: Mr. Hands|[identify]\n|-item|p2b: Gholdengo|Leftovers|[from] ability: Frisk|[of] p1a: Mr. Hands|[identify]\n|turn|1\n|inactive|Akromancer has 30 seconds left.\n|inactive|Akromancer has 20 seconds left.\n|\n|t:|1700278361\n|move|p1a: Mr. Hands|Protect|p1a: Mr. Hands\n|-singleturn|p1a: Mr. Hands|Protect\n|move|p2a: Tornadus|Tailwind|p2a: Tornadus\n|-sidestart|p2: Akromancer|move: Tailwind\n|move|p2b: Gholdengo|Nasty Plot|p2b: Gholdengo\n|-boost|p2b: Gholdengo|spa|2\n|move|p1b: Urshifu|Rock Slide|p2b: Gholdengo|[spread] \n|-miss|p1b: Urshifu|p2a: Tornadus\n|-miss|p1b: Urshifu|p2b: Gholdengo\n|\n|upkeep\n|turn|2\n|inactive|Akromancer has 30 seconds left.\n|inactive|Akromancer has 20 seconds left.\n|\n|t:|1700278397\n|move|p1b: Urshifu|Detect|p1b: Urshifu\n|-singleturn|p1b: Urshifu|Protect\n|move|p2a: Tornadus|Bleakwind Storm|p1b: Urshifu|[spread] p1a\n|-activate|p1b: Urshifu|move: Protect\n|-damage|p1a: Mr. Hands|83\/100\n|move|p2b: Gholdengo|Shadow Ball|p1a: Mr. Hands\n|-supereffective|p1a: Mr. Hands\n|-damage|p1a: Mr. Hands|2\/100\n|move|p1a: Mr. Hands|Trick Room|p1a: Mr. Hands\n|-fieldstart|move: Trick Room|[of] p1a: Mr. Hands\n|\n|upkeep\n|turn|3\n|inactive|j1m13o has 30 seconds left.\n|inactive|Akromancer has 30 seconds left.\n|\n|t:|1700278423\n|move|p1a: Mr. Hands|Taunt|p2a: Tornadus\n|-start|p2a: Tornadus|move: Taunt\n|move|p1b: Urshifu|Close Combat|p2b: Gholdengo\n|-immune|p2b: Gholdengo\n|move|p2b: Gholdengo|Shadow Ball|p1b: Urshifu\n|-damage|p1b: Urshifu|0 fnt\n|faint|p1b: Urshifu\n|move|p2a: Tornadus|Bleakwind Storm|p1a: Mr. Hands\n|-damage|p1a: Mr. Hands|0 fnt\n|faint|p1a: Mr. Hands\n|\n|upkeep\n|\n|t:|1700278431\n|switch|p1a: Ursaluna|Ursaluna-Bloodmoon, L50, M|100\/100\n|switch|p1b: Clefable|Clefable, L50, M|100\/100\n|turn|4\n|\n|t:|1700278455\n|-terastallize|p1a: Ursaluna|Normal\n|-terastallize|p2b: Gholdengo|Dragon\n|move|p1b: Clefable|Helping Hand|p1a: Ursaluna\n|-singleturn|p1a: Ursaluna|Helping Hand|[of] p1b: Clefable\n|move|p1a: Ursaluna|Hyper Voice|p2a: Tornadus|[spread] p2a,p2b\n|-enditem|p1a: Ursaluna|Normal Gem|[from] gem\n|-damage|p2a: Tornadus|10\/100\n|-damage|p2b: Gholdengo|0 fnt\n|faint|p2b: Gholdengo\n|move|p2a: Tornadus|Bleakwind Storm|p1a: Ursaluna|[spread] p1a,p1b\n|-crit|p1a: Ursaluna\n|-damage|p1a: Ursaluna|47\/100\n|-damage|p1b: Clefable|79\/100\n|-unboost|p1a: Ursaluna|spe|1\n|\n|-sideend|p2: Akromancer|move: Tailwind\n|upkeep\n|\n|t:|1700278469\n|switch|p2b: Ursaluna|Ursaluna, L50, M|100\/100\n|turn|5\n|\n|t:|1700278492\n|move|p1a: Ursaluna|Blood Moon|p2b: Ursaluna\n|-damage|p2b: Ursaluna|0 fnt\n|faint|p2b: Ursaluna\n|move|p1b: Clefable|Dazzling Gleam|p2a: Tornadus\n|-damage|p2a: Tornadus|0 fnt\n|faint|p2a: Tornadus\n|\n|upkeep\n|\n|t:|1700278499\n|switch|p2b: Ogerpon|Ogerpon-Wellspring, L50, F|100\/100\n|turn|6\n|\n|t:|1700278520\n|move|p1a: Ursaluna|Protect|p1a: Ursaluna\n|-singleturn|p1a: Ursaluna|Protect\n|move|p1b: Clefable|Dazzling Gleam|p2b: Ogerpon\n|-damage|p2b: Ogerpon|76\/100\n|move|p2b: Ogerpon|Ivy Cudgel|p1a: Ursaluna|[anim] Ivy Cudgel Water\n|-activate|p1a: Ursaluna|move: Protect\n|\n|-fieldend|move: Trick Room\n|upkeep\n|turn|7\n|\n|t:|1700278532\n|move|p1b: Clefable|Follow Me|p1b: Clefable\n|-singleturn|p1b: Clefable|move: Follow Me\n|move|p2b: Ogerpon|Ivy Cudgel|p1b: Clefable|[anim] Ivy Cudgel Water\n|-damage|p1b: Clefable|19\/100\n|move|p1a: Ursaluna|Blood Moon|p2b: Ogerpon\n|-damage|p2b: Ogerpon|0 fnt\n|faint|p2b: Ogerpon\n|\n|win|j1m13o\n|raw|j1m13o's rating: 1210 &rarr; <strong>1241<\/strong><br \/>(+31 for winning)\n|raw|Akromancer's rating: 1293 &rarr; <strong>1262<\/strong><br \/>(-31 for losing)\n|c|\u2606j1m13o|wp\n|l|\u2606Akromancer\n","uploadtime":1700278543,"views":16,"p1id":"j1m13o","p2id":"akromancer","formatid":"gen9vgc2023regulatione","rating":1241,"private":0,"password":""}