{"id":"gen9vgc2023regulatione-1990024068","p1":"Ryneek","p2":"Jdjdndndnd","format":"[Gen 9] VGC 2023 Regulation E","log":"|j|\u2606Ryneek\n|j|\u2606Jdjdndndnd\n|t:|1699916465\n|gametype|doubles\n|player|p1|Ryneek|170|1095\n|player|p2|Jdjdndndnd|2|1000\n|teamsize|p1|6\n|teamsize|p2|6\n|gen|9\n|tier|[Gen 9] VGC 2023 Regulation E\n|rated|\n|rule|Species Clause: Limit one of each Pok\u00e9mon\n|rule|Item Clause: Limit one of each item\n|clearpoke\n|poke|p1|Gastrodon, L50, F|\n|poke|p1|Toxicroak, L50, F|\n|poke|p1|Torkoal, L50, F|\n|poke|p1|Urshifu-*, L50, M|\n|poke|p1|Shiftry, L50, F|\n|poke|p1|Iron Hands, L50|\n|poke|p2|Azelf, L50|\n|poke|p2|Golem-Alola, L50, M|\n|poke|p2|Weezing-Galar, L50, M|\n|poke|p2|Rabsca, L50, M|\n|poke|p2|Iron Hands, L50|\n|poke|p2|Flutter Mane, L50|\n|teampreview|4\n|inactive|Battle timer is ON: inactive players will automatically lose when time's up. (requested by Jdjdndndnd)\n|\n|t:|1699916496\n|start\n|switch|p1a: Torkoal|Torkoal, L50, F|100\/100\n|switch|p1b: Shiftry|Shiftry, L50, F|100\/100\n|switch|p2a: Weezing|Weezing-Galar, L50, M|100\/100\n|switch|p2b: Rabsca|Rabsca, L50, M|100\/100\n|-fieldstart|move: Misty Terrain|[from] ability: Misty Surge|[of] p2a: Weezing\n|-weather|SunnyDay|[from] ability: Drought|[of] p1a: Torkoal\n|turn|1\n|\n|t:|1699916508\n|move|p2a: Weezing|Protect|p2a: Weezing\n|-singleturn|p2a: Weezing|Protect\n|move|p2b: Rabsca|Protect|p2b: Rabsca\n|-singleturn|p2b: Rabsca|Protect\n|move|p1b: Shiftry|Solar Beam||[still]\n|-prepare|p1b: Shiftry|Solar Beam\n|-anim|p1b: Shiftry|Solar Beam|p2a: Weezing\n|-activate|p2a: Weezing|move: Protect\n|move|p1a: Torkoal|Burning Jealousy|p2b: Rabsca|[spread] \n|-activate|p2a: Weezing|move: Protect\n|-activate|p2b: Rabsca|move: Protect\n|\n|-weather|SunnyDay|[upkeep]\n|upkeep\n|turn|2\n|\n|t:|1699916520\n|move|p1b: Shiftry|Dark Pulse|p2b: Rabsca\n|-supereffective|p2b: Rabsca\n|-damage|p2b: Rabsca|31\/100\n|-damage|p1b: Shiftry|91\/100|[from] item: Life Orb\n|move|p2a: Weezing|Misty Explosion|p1b: Shiftry|[spread] p1a,p1b\n|-activate|p2b: Rabsca|ability: Telepathy\n|-resisted|p1a: Torkoal\n|-supereffective|p1b: Shiftry\n|-damage|p1a: Torkoal|68\/100\n|-damage|p1b: Shiftry|0 fnt\n|faint|p2a: Weezing\n|faint|p1b: Shiftry\n|cant|p2b: Rabsca|flinch\n|move|p1a: Torkoal|Burning Jealousy|p2b: Rabsca\n|-supereffective|p2b: Rabsca\n|-damage|p2b: Rabsca|0 fnt\n|faint|p2b: Rabsca\n|\n|-weather|SunnyDay|[upkeep]\n|upkeep\n|\n|t:|1699916535\n|switch|p1b: Gastrodon|Gastrodon, L50, F|100\/100\n|switch|p2a: Azelf|Azelf, L50|100\/100\n|switch|p2b: Flutter Mane|Flutter Mane, L50|100\/100\n|-activate|p2b: Flutter Mane|ability: Protosynthesis\n|-start|p2b: Flutter Mane|protosynthesisspe\n|turn|3\n|\n|t:|1699916543\n|-terastallize|p2a: Azelf|Normal\n|move|p2b: Flutter Mane|Helping Hand|p2a: Azelf\n|-singleturn|p2a: Azelf|Helping Hand|[of] p2b: Flutter Mane\n|move|p2a: Azelf|Explosion|p1a: Torkoal|[spread] p1a,p1b\n|-immune|p2b: Flutter Mane\n|-damage|p1a: Torkoal|0 fnt\n|-damage|p1b: Gastrodon|0 fnt\n|faint|p2a: Azelf\n|faint|p1a: Torkoal\n|faint|p1b: Gastrodon\n|\n|-weather|SunnyDay|[upkeep]\n|upkeep\n|\n|t:|1699916552\n|switch|p1b: Urshifu|Urshifu-Rapid-Strike, L50, M|100\/100\n|turn|4\n|\n|t:|1699916560\n|move|p1b: Urshifu|Detect|p1b: Urshifu\n|-singleturn|p1b: Urshifu|Protect\n|move|p2b: Flutter Mane|Moonblast|p1b: Urshifu\n|-activate|p1b: Urshifu|move: Protect\n|\n|-weather|SunnyDay|[upkeep]\n|upkeep\n|turn|5\n|inactive|Jdjdndndnd has 30 seconds left.\n|\n|t:|1699916590\n|-terastallize|p1b: Urshifu|Steel\n|move|p2b: Flutter Mane|Moonblast|p1b: Urshifu\n|-resisted|p1b: Urshifu\n|-damage|p1b: Urshifu|62\/100\n|move|p1b: Urshifu|Surging Strikes|p2b: Flutter Mane\n|-crit|p2b: Flutter Mane\n|-damage|p2b: Flutter Mane|80\/100\n|-crit|p2b: Flutter Mane\n|-damage|p2b: Flutter Mane|59\/100\n|-crit|p2b: Flutter Mane\n|-damage|p2b: Flutter Mane|36\/100\n|-hitcount|p2b: Flutter Mane|3\n|\n|-weather|none\n|-end|p2b: Flutter Mane|Protosynthesis\n|-fieldend|Misty Terrain\n|upkeep\n|-enditem|p2b: Flutter Mane|Booster Energy\n|-activate|p2b: Flutter Mane|ability: Protosynthesis|[fromitem]\n|-start|p2b: Flutter Mane|protosynthesisspe\n|turn|6\n|\n|t:|1699916602\n|move|p2b: Flutter Mane|Shadow Ball|p1b: Urshifu\n|-damage|p1b: Urshifu|0 fnt\n|faint|p1b: Urshifu\n|\n|win|Jdjdndndnd\n|raw|Ryneek's rating: 1095 &rarr; <strong>1064<\/strong><br \/>(-31 for losing)\n|raw|Jdjdndndnd's rating: 1000 &rarr; <strong>1051<\/strong><br \/>(+51 for winning)\n","uploadtime":1699916609,"views":12,"p1id":"ryneek","p2id":"jdjdndndnd","formatid":"gen9vgc2023regulatione","rating":1051,"private":0,"password":""}