{"id":"gen9vgc2023regulatione-1997843185","p1":"LMac102103","p2":"Venefici","format":"[Gen 9] VGC 2023 Regulation E","log":"|j|\u2606LMac102103\n|j|\u2606Venefici\n|t:|1700858771\n|gametype|doubles\n|player|p1|LMac102103|2|1160\n|player|p2|Venefici|hugh|1111\n|teamsize|p1|6\n|teamsize|p2|6\n|gen|9\n|tier|[Gen 9] VGC 2023 Regulation E\n|rated|\n|rule|Species Clause: Limit one of each Pok\u00e9mon\n|rule|Item Clause: Limit one of each item\n|clearpoke\n|poke|p1|Flutter Mane, L50|\n|poke|p1|Iron Hands, L50|\n|poke|p1|Arcanine-Hisui, L50, F|\n|poke|p1|Ogerpon-Wellspring, L50, F|\n|poke|p1|Kingambit, L50, M|\n|poke|p1|Kommo-o, L50, M|\n|poke|p2|Volcarona, L50, M|\n|poke|p2|Sinistcha, L50|\n|poke|p2|Snorlax, L50, M|\n|poke|p2|Milotic, L50, M|\n|poke|p2|Indeedee-F, L50, F|\n|poke|p2|Iron Hands, L50|\n|teampreview|4\n|inactive|Battle timer is ON: inactive players will automatically lose when time's up. (requested by Venefici)\nLMac102103 has agreed to open team sheets.\n|\n|t:|1700858800\n|start\n|switch|p1a: Arcanine|Arcanine-Hisui, L50, F|100\/100\n|switch|p1b: Kingambit|Kingambit, L50, M, shiny|100\/100\n|switch|p2a: Indeedee|Indeedee-F, L50, F|100\/100\n|switch|p2b: Milotic|Milotic, L50, M|100\/100\n|-ability|p1a: Arcanine|Intimidate|boost\n|-unboost|p2a: Indeedee|atk|1\n|-unboost|p2b: Milotic|atk|1\n|-ability|p2b: Milotic|Competitive|boost\n|-boost|p2b: Milotic|spa|2\n|-fieldstart|move: Psychic Terrain|[from] ability: Psychic Surge|[of] p2a: Indeedee\n|turn|1\n|inactive|LMac102103 has 30 seconds left.\n|inactive|Venefici has 30 seconds left.\n|\n|t:|1700858831\n|switch|p1a: Iron Hands|Iron Hands, L50|100\/100\n|switch|p2a: Volcarona|Volcarona, L50, M|100\/100\n|-terastallize|p1b: Kingambit|Dark\n|move|p2b: Milotic|Coil|p2b: Milotic\n|-boost|p2b: Milotic|atk|1\n|-boost|p2b: Milotic|def|1\n|-boost|p2b: Milotic|accuracy|1\n|move|p1b: Kingambit|Swords Dance|p1b: Kingambit\n|-boost|p1b: Kingambit|atk|2\n|\n|upkeep\n|turn|2\n|inactive|LMac102103 has 30 seconds left.\n|inactive|LMac102103 has 20 seconds left.\n|inactive|Venefici has 30 seconds left.\n|\n|t:|1700858872\n|move|p2a: Volcarona|Quiver Dance|p2a: Volcarona\n|-boost|p2a: Volcarona|spa|1\n|-boost|p2a: Volcarona|spd|1\n|-boost|p2a: Volcarona|spe|1\n|move|p2b: Milotic|Hypnosis|p1b: Kingambit|[miss]\n|-miss|p2b: Milotic|p1b: Kingambit\n|move|p1a: Iron Hands|Drain Punch|p2b: Milotic\n|-damage|p2b: Milotic|72\/100\n|move|p1b: Kingambit|Swords Dance|p1b: Kingambit\n|-boost|p1b: Kingambit|atk|2\n|\n|upkeep\n|turn|3\n|\n|t:|1700858895\n|move|p2a: Volcarona|Fiery Dance|p1b: Kingambit\n|-damage|p1b: Kingambit|42\/100\n|-boost|p2a: Volcarona|spa|1\n|move|p2b: Milotic|Hypnosis|p1a: Iron Hands\n|-status|p1a: Iron Hands|slp|[from] move: Hypnosis\n|cant|p1a: Iron Hands|slp\n|move|p1b: Kingambit|Kowtow Cleave|p2b: Milotic\n|-damage|p2b: Milotic|0 fnt\n|faint|p2b: Milotic\n|\n|upkeep\n|\n|t:|1700858908\n|switch|p2b: Indeedee|Indeedee-F, L50, F|100\/100\n|turn|4\n|\n|t:|1700858928\n|move|p2b: Indeedee|Follow Me|p2b: Indeedee\n|-singleturn|p2b: Indeedee|move: Follow Me\n|move|p1b: Kingambit|Sucker Punch||[still]\n|-fail|p1b: Kingambit\n|move|p2a: Volcarona|Fiery Dance|p1b: Kingambit\n|-damage|p1b: Kingambit|0 fnt\n|-boost|p2a: Volcarona|spa|1\n|faint|p1b: Kingambit\n|cant|p1a: Iron Hands|slp\n|\n|upkeep\n|\n|t:|1700858940\n|switch|p1b: Kommo-o|Kommo-o, L50, M|100\/100\n|turn|5\n|\n|t:|1700858959\n|move|p2a: Volcarona|Fiery Dance|p1b: Kommo-o\n|-resisted|p1b: Kommo-o\n|-damage|p1b: Kommo-o|57\/100\n|-boost|p2a: Volcarona|spa|1\n|move|p1b: Kommo-o|Iron Defense|p1b: Kommo-o\n|-boost|p1b: Kommo-o|def|2\n|move|p2b: Indeedee|Dazzling Gleam|p1b: Kommo-o|[spread] p1a,p1b\n|-supereffective|p1a: Iron Hands\n|-supereffective|p1b: Kommo-o\n|-damage|p1a: Iron Hands|87\/100 slp\n|-damage|p1b: Kommo-o|9\/100\n|-curestatus|p1a: Iron Hands|slp|[msg]\n|move|p1a: Iron Hands|Wild Charge|p2b: Indeedee\n|-damage|p2b: Indeedee|53\/100\n|-damage|p1a: Iron Hands|70\/100|[from] item: Rocky Helmet|[of] p2b: Indeedee\n|-damage|p1a: Iron Hands|62\/100|[from] Recoil\n|\n|-heal|p1b: Kommo-o|15\/100|[from] item: Leftovers\n|-fieldend|move: Psychic Terrain\n|upkeep\n|turn|6\n|\n|t:|1700858980\n|move|p2b: Indeedee|Follow Me|p2b: Indeedee\n|-singleturn|p2b: Indeedee|move: Follow Me\n|move|p2a: Volcarona|Fiery Dance|p1b: Kommo-o\n|-resisted|p1b: Kommo-o\n|-damage|p1b: Kommo-o|0 fnt\n|faint|p1b: Kommo-o\n|move|p1a: Iron Hands|Wild Charge|p2b: Indeedee\n|-damage|p2b: Indeedee|8\/100\n|-damage|p1a: Iron Hands|45\/100|[from] item: Rocky Helmet|[of] p2b: Indeedee\n|-damage|p1a: Iron Hands|37\/100|[from] Recoil\n|\n|upkeep\n|\n|t:|1700858990\n|switch|p1b: Arcanine|Arcanine-Hisui, L50, F|100\/100\n|-ability|p1b: Arcanine|Intimidate|boost\n|-unboost|p2a: Volcarona|atk|1\n|-unboost|p2b: Indeedee|atk|1\n|turn|7\n|inactive|Venefici has 30 seconds left.\n|\n|t:|1700859015\n|switch|p2b: Iron Hands|Iron Hands, L50|100\/100\n|move|p1b: Arcanine|Extreme Speed|p2a: Volcarona\n|-damage|p2a: Volcarona|61\/100\n|move|p2a: Volcarona|Fiery Dance|p1a: Iron Hands\n|-damage|p1a: Iron Hands|0 fnt\n|faint|p1a: Iron Hands\n|-end|p1a: Iron Hands|Quark Drive|[silent]\n|\n|-heal|p2a: Volcarona|66\/100|[from] item: Leftovers\n|upkeep\n|turn|8\n|\n|t:|1700859037\n|move|p2b: Iron Hands|Fake Out|p1b: Arcanine\n|-resisted|p1b: Arcanine\n|-damage|p1b: Arcanine|91\/100\n|cant|p1b: Arcanine|flinch\n|move|p2a: Volcarona|Quiver Dance|p2a: Volcarona\n|-boost|p2a: Volcarona|spa|1\n|-boost|p2a: Volcarona|spd|1\n|-boost|p2a: Volcarona|spe|1\n|\n|-heal|p2a: Volcarona|72\/100|[from] item: Leftovers\n|upkeep\n|turn|9\n|inactive|Venefici has 30 seconds left.\n|\n|t:|1700859070\n|-terastallize|p2a: Volcarona|Dragon\n|move|p1b: Arcanine|Extreme Speed|p2a: Volcarona\n|-damage|p2a: Volcarona|32\/100\n|move|p2a: Volcarona|Fiery Dance|p1b: Arcanine\n|-resisted|p1b: Arcanine\n|-damage|p1b: Arcanine|49\/100\n|-boost|p2a: Volcarona|spa|1\n|move|p2b: Iron Hands|Drain Punch|p1b: Arcanine\n|-supereffective|p1b: Arcanine\n|-damage|p1b: Arcanine|0 fnt\n|faint|p1b: Arcanine\n|\n|win|Venefici\n|raw|LMac102103's rating: 1160 &rarr; <strong>1131<\/strong><br \/>(-29 for losing)\n|raw|Venefici's rating: 1111 &rarr; <strong>1140<\/strong><br \/>(+29 for winning)\n","uploadtime":1700859084,"views":5,"p1id":"lmac102103","p2id":"venefici","formatid":"gen9vgc2023regulatione","rating":1131,"private":0,"password":""}