{"id":"gen9vgc2023regulatione-1991456172","p1":"PhantomOrionVgc","p2":"reyvaj99","format":"[Gen 9] VGC 2023 Regulation E","log":"|j|\u2606PhantomOrionVgc\n|j|\u2606reyvaj99\n|t:|1700078654\n|gametype|doubles\n|player|p1|PhantomOrionVgc|caitlin-masters|1372\n|player|p2|reyvaj99|1|1370\n|teamsize|p1|6\n|teamsize|p2|6\n|gen|9\n|tier|[Gen 9] VGC 2023 Regulation E\n|rated|\n|rule|Species Clause: Limit one of each Pok\u00e9mon\n|rule|Item Clause: Limit one of each item\n|clearpoke\n|poke|p1|Farigiraf, L50, F|\n|poke|p1|Baxcalibur, L50, F|\n|poke|p1|Ninetales-Alola, L50, M|\n|poke|p1|Heatran, L50, F|\n|poke|p1|Weezing-Galar, L50, M|\n|poke|p1|Iron Hands, L50|\n|poke|p2|Urshifu-*, L50, M|\n|poke|p2|Iron Hands, L50|\n|poke|p2|Flutter Mane, L50|\n|poke|p2|Ogerpon-Hearthflame, L50, F|\n|poke|p2|Cresselia, L50, F|\n|poke|p2|Salamence, L50, M|\n|teampreview|4\n|\n|t:|1700078695\n|start\n|switch|p1a: Ninetales|Ninetales-Alola, L50, M|100\/100\n|switch|p1b: Iron Hands|Iron Hands, L50|100\/100\n|switch|p2a: Cresselia|Cresselia, L50, F|100\/100\n|switch|p2b: Urshifu|Urshifu, L50, M|100\/100\n|-weather|Snow|[from] ability: Snow Warning|[of] p1a: Ninetales\n|turn|1\n|\n|t:|1700078712\n|move|p2b: Urshifu|Detect|p2b: Urshifu\n|-singleturn|p2b: Urshifu|Protect\n|move|p1a: Ninetales|Aurora Veil|p1a: Ninetales\n|-sidestart|p1: PhantomOrionVgc|move: Aurora Veil\n|move|p2a: Cresselia|Calm Mind|p2a: Cresselia\n|-boost|p2a: Cresselia|spa|1\n|-boost|p2a: Cresselia|spd|1\n|move|p1b: Iron Hands|Drain Punch|p2b: Urshifu\n|-activate|p2b: Urshifu|move: Protect\n|\n|-weather|Snow|[upkeep]\n|upkeep\n|turn|2\n|\n|t:|1700078734\n|switch|p1a: Weezing|Weezing-Galar, L50, M|100\/100\n|-ability|p1a: Weezing|Neutralizing Gas\n|-terastallize|p2b: Urshifu|Poison\n|move|p2b: Urshifu|Wicked Blow|p1a: Weezing\n|-resisted|p1a: Weezing\n|-crit|p1a: Weezing\n|-damage|p1a: Weezing|74\/100\n|move|p2a: Cresselia|Calm Mind|p2a: Cresselia\n|-boost|p2a: Cresselia|spa|1\n|-boost|p2a: Cresselia|spd|1\n|move|p1b: Iron Hands|Drain Punch|p2b: Urshifu\n|-resisted|p2b: Urshifu\n|-damage|p2b: Urshifu|81\/100\n|\n|-weather|Snow|[upkeep]\n|upkeep\n|turn|3\n|\n|t:|1700078758\n|move|p2b: Urshifu|Wicked Blow|p1a: Weezing\n|-resisted|p1a: Weezing\n|-crit|p1a: Weezing\n|-damage|p1a: Weezing|48\/100\n|move|p2a: Cresselia|Calm Mind|p2a: Cresselia\n|-boost|p2a: Cresselia|spa|1\n|-boost|p2a: Cresselia|spd|1\n|move|p1a: Weezing|Clear Smog|p2a: Cresselia\n|-damage|p2a: Cresselia|96\/100\n|-clearboost|p2a: Cresselia\n|move|p1b: Iron Hands|Wild Charge|p2b: Urshifu\n|-damage|p2b: Urshifu|30\/100\n|-damage|p1b: Iron Hands|92\/100|[from] Recoil\n|\n|-weather|Snow|[upkeep]\n|upkeep\n|turn|4\n|\n|t:|1700078777\n|move|p2b: Urshifu|Wicked Blow|p1a: Weezing\n|-resisted|p1a: Weezing\n|-crit|p1a: Weezing\n|-damage|p1a: Weezing|23\/100\n|move|p2a: Cresselia|Lunar Blessing|p2a: Cresselia|[spread] p2a,p2b\n|-heal|p2a: Cresselia|100\/100\n|-heal|p2b: Urshifu|55\/100\n|move|p1a: Weezing|Pain Split|p2a: Cresselia\n|-sethp|p2a: Cresselia|59\/100|[from] move: Pain Split|[silent]\n|-sethp|p1a: Weezing|77\/100|[from] move: Pain Split\n|move|p1b: Iron Hands|Wild Charge|p2b: Urshifu\n|-damage|p2b: Urshifu|7\/100\n|-damage|p1b: Iron Hands|83\/100|[from] Recoil\n|\n|-weather|Snow|[upkeep]\n|upkeep\n|turn|5\n|\n|t:|1700078816\n|switch|p2b: Iron Hands|Iron Hands, L50|100\/100\n|move|p2a: Cresselia|Lunar Blessing|p2a: Cresselia|[spread] p2a,p2b\n|-heal|p2a: Cresselia|84\/100\n|move|p1a: Weezing|Will-O-Wisp|p2b: Iron Hands\n|-status|p2b: Iron Hands|brn\n|move|p1b: Iron Hands|Wild Charge|p2a: Cresselia\n|-damage|p2a: Cresselia|52\/100\n|-damage|p1b: Iron Hands|67\/100|[from] item: Rocky Helmet|[of] p2a: Cresselia\n|-damage|p1b: Iron Hands|60\/100|[from] Recoil\n|\n|-weather|none\n|-damage|p2b: Iron Hands|94\/100 brn|[from] brn\n|upkeep\n|turn|6\n|\n|t:|1700078858\n|-end|p1b: Iron Hands|Quark Drive|[silent]\n|switch|p1b: Baxcalibur|Baxcalibur, L50, F|100\/100\n|move|p2a: Cresselia|Lunar Blessing|p2a: Cresselia|[spread] p2a,p2b\n|-heal|p2a: Cresselia|77\/100\n|-heal|p2b: Iron Hands|100\/100 brn\n|-curestatus|p2b: Iron Hands|brn|[msg]\n|move|p1a: Weezing|Will-O-Wisp|p2b: Iron Hands\n|-status|p2b: Iron Hands|brn\n|move|p2b: Iron Hands|Heavy Slam|p1a: Weezing\n|-supereffective|p1a: Weezing\n|-damage|p1a: Weezing|56\/100\n|\n|-damage|p2b: Iron Hands|94\/100 brn|[from] brn\n|upkeep\n|turn|7\n|\n|t:|1700078884\n|-terastallize|p1b: Baxcalibur|Poison\n|move|p1b: Baxcalibur|Swords Dance|p1b: Baxcalibur\n|-boost|p1b: Baxcalibur|atk|2\n|move|p2a: Cresselia|Calm Mind|p2a: Cresselia\n|-boost|p2a: Cresselia|spa|1\n|-boost|p2a: Cresselia|spd|1\n|move|p1a: Weezing|Pain Split|p2a: Cresselia\n|-sethp|p2a: Cresselia|60\/100|[from] move: Pain Split|[silent]\n|-sethp|p1a: Weezing|78\/100|[from] move: Pain Split\n|move|p2b: Iron Hands|Heavy Slam|p1a: Weezing\n|-supereffective|p1a: Weezing\n|-damage|p1a: Weezing|59\/100\n|\n|-damage|p2b: Iron Hands|88\/100 brn|[from] brn\n|upkeep\n|turn|8\n|\n|t:|1700078915\n|move|p1b: Baxcalibur|Scale Shot|p2b: Iron Hands\n|-damage|p2b: Iron Hands|72\/100 brn\n|-damage|p2b: Iron Hands|54\/100 brn\n|-damage|p2b: Iron Hands|36\/100 brn\n|-damage|p2b: Iron Hands|19\/100 brn\n|-damage|p2b: Iron Hands|0 fnt\n|faint|p2b: Iron Hands\n|-end|p2b: Iron Hands|Quark Drive|[silent]\n|-hitcount|p2: Iron Hands|5\n|-unboost|p1b: Baxcalibur|def|1\n|-boost|p1b: Baxcalibur|spe|1\n|move|p2a: Cresselia|Moonblast|p1a: Weezing\n|-resisted|p1a: Weezing\n|-damage|p1a: Weezing|46\/100\n|-unboost|p1a: Weezing|spa|1\n|move|p1a: Weezing|Clear Smog|p2a: Cresselia\n|-damage|p2a: Cresselia|54\/100\n|-clearboost|p2a: Cresselia\n|\n|-sideend|p1: PhantomOrionVgc|move: Aurora Veil\n|upkeep\n|\n|t:|1700078938\n|switch|p2b: Salamence|Salamence, L50, M|100\/100\n|turn|9\n|\n|t:|1700078953\n|move|p1b: Baxcalibur|Icicle Spear|p2b: Salamence\n|-supereffective|p2b: Salamence\n|-damage|p2b: Salamence|0 fnt\n|faint|p2b: Salamence\n|-hitcount|p2: Salamence|1\n|move|p2a: Cresselia|Thunder Wave|p1b: Baxcalibur\n|-status|p1b: Baxcalibur|par\n|move|p1a: Weezing|Pain Split|p2a: Cresselia\n|-sethp|p2a: Cresselia|45\/100|[from] move: Pain Split|[silent]\n|-sethp|p1a: Weezing|59\/100|[from] move: Pain Split\n|\n|upkeep\n|\n|t:|1700078964\n|switch|p2b: Urshifu|Urshifu, L50, M, tera:Poison|7\/100\n|turn|10\n|\n|t:|1700078977\n|move|p2b: Urshifu|Detect|p2b: Urshifu\n|-singleturn|p2b: Urshifu|Protect\n|move|p1b: Baxcalibur|Icicle Spear|p2a: Cresselia\n|-damage|p2a: Cresselia|30\/100\n|-damage|p2a: Cresselia|14\/100\n|-damage|p2a: Cresselia|0 fnt\n|faint|p2a: Cresselia\n|-hitcount|p2: Cresselia|3\n|move|p1a: Weezing|Will-O-Wisp|p2b: Urshifu\n|-activate|p2b: Urshifu|move: Protect\n|\n|upkeep\n|turn|11\n|\n|t:|1700078991\n|move|p2b: Urshifu|Wicked Blow|p1a: Weezing\n|-resisted|p1a: Weezing\n|-crit|p1a: Weezing\n|-damage|p1a: Weezing|34\/100\n|move|p1b: Baxcalibur|Icicle Spear|p2b: Urshifu\n|-damage|p2b: Urshifu|0 fnt\n|faint|p2b: Urshifu\n|-hitcount|p2: Urshifu|1\n|\n|win|PhantomOrionVgc\n|raw|PhantomOrionVgc's rating: 1372 &rarr; <strong>1392<\/strong><br \/>(+20 for winning)\n|raw|reyvaj99's rating: 1370 &rarr; <strong>1350<\/strong><br \/>(-20 for losing)\n|l|\u2606reyvaj99\n","uploadtime":1700078997,"views":11,"p1id":"phantomorionvgc","p2id":"reyvaj99","formatid":"gen9vgc2023regulatione","rating":1350,"private":0,"password":""}