{"id":"gen9vgc2023regulatione-1995345499","p1":"Lukyaq","p2":"Ringocc","format":"[Gen 9] VGC 2023 Regulation E","log":"|j|\u2606Lukyaq\n|j|\u2606Ringocc\n|t:|1700557346\n|gametype|doubles\n|player|p1|Lukyaq|pokefan-gen4|1583\n|player|p2|Ringocc|swimmerf-gen4dp|1737\n|teamsize|p1|6\n|teamsize|p2|6\n|gen|9\n|tier|[Gen 9] VGC 2023 Regulation E\n|rated|\n|rule|Species Clause: Limit one of each Pok\u00e9mon\n|rule|Item Clause: Limit one of each item\n|clearpoke\n|poke|p1|Annihilape, L50, F|\n|poke|p1|Cresselia, L50, F|\n|poke|p1|Ninetales-Alola, L50, M|\n|poke|p1|Maushold-Four, L50|\n|poke|p1|Ogerpon-Wellspring, L50, F|\n|poke|p1|Chien-Pao, L50|\n|poke|p2|Flutter Mane, L50|\n|poke|p2|Urshifu-*, L50, M|\n|poke|p2|Landorus-Therian, L50, M|\n|poke|p2|Tornadus, L50, M|\n|poke|p2|Rillaboom, L50, M|\n|poke|p2|Iron Hands, L50|\n|teampreview|4\n|\n|t:|1700557378\n|start\n|switch|p1a: Annihilape|Annihilape, L50, F|100\/100\n|switch|p1b: Maushold|Maushold-Four, L50|100\/100\n|switch|p2a: Iron Hands|Iron Hands, L50|100\/100\n|switch|p2b: Flutter Mane|Flutter Mane, L50|100\/100\n|turn|1\n|\n|t:|1700557398\n|move|p1b: Maushold|Protect|p1b: Maushold\n|-singleturn|p1b: Maushold|Protect\n|move|p1a: Annihilape|Protect|p1a: Annihilape\n|-singleturn|p1a: Annihilape|Protect\n|move|p2a: Iron Hands|Fake Out|p1b: Maushold\n|-activate|p1b: Maushold|move: Protect\n|move|p2b: Flutter Mane|Moonblast|p1b: Maushold\n|-activate|p1b: Maushold|move: Protect\n|\n|upkeep\n|turn|2\n|inactive|Battle timer is ON: inactive players will automatically lose when time's up. (requested by Ringocc)\n|\n|t:|1700557425\n|-terastallize|p1a: Annihilape|Fire\n|move|p1b: Maushold|Protect||[still]\n|-fail|p1b: Maushold\n|move|p2b: Flutter Mane|Moonblast|p1b: Maushold\n|-damage|p1b: Maushold|12\/100\n|-unboost|p1b: Maushold|spa|1\n|move|p1a: Annihilape|Rage Fist|p2b: Flutter Mane\n|-supereffective|p2b: Flutter Mane\n|-damage|p2b: Flutter Mane|39\/100\n|move|p2a: Iron Hands|Drain Punch|p1b: Maushold\n|-supereffective|p1b: Maushold\n|-damage|p1b: Maushold|0 fnt\n|faint|p1b: Maushold\n|\n|upkeep\n|inactive|Lukyaq has 30 seconds left.\n|\n|t:|1700557452\n|switch|p1b: Cresselia|Cresselia, L50, F|100\/100\n|turn|3\n|\n|t:|1700557467\n|move|p1b: Cresselia|Ally Switch|p1b: Cresselia\n|swap|p1b: Cresselia|0|[from] move: Ally Switch\n|move|p2b: Flutter Mane|Moonblast|p1b: Annihilape\n|-resisted|p1b: Annihilape\n|-damage|p1b: Annihilape|72\/100\n|-unboost|p1b: Annihilape|spa|1\n|-ability|p1b: Annihilape|Defiant|boost\n|-boost|p1b: Annihilape|atk|2\n|move|p1b: Annihilape|Rage Fist|p2b: Flutter Mane\n|-supereffective|p2b: Flutter Mane\n|-damage|p2b: Flutter Mane|0 fnt\n|faint|p2b: Flutter Mane\n|-end|p2b: Flutter Mane|Protosynthesis|[silent]\n|move|p2a: Iron Hands|Wild Charge|p1b: Annihilape\n|-damage|p1b: Annihilape|27\/100\n|-damage|p2a: Iron Hands|91\/100|[from] Recoil\n|\n|-heal|p1b: Annihilape|33\/100|[from] item: Leftovers\n|upkeep\n|\n|t:|1700557487\n|switch|p2b: Urshifu|Urshifu-Rapid-Strike, L50, M|100\/100\n|turn|4\n|inactive|Lukyaq has 30 seconds left.\n|\n|t:|1700557514\n|switch|p1b: Chien-Pao|Chien-Pao, L50|100\/100\n|-ability|p1b: Chien-Pao|Sword of Ruin\n|move|p2b: Urshifu|Close Combat|p1b: Chien-Pao\n|-supereffective|p1b: Chien-Pao\n|-enditem|p1b: Chien-Pao|Focus Sash\n|-damage|p1b: Chien-Pao|1\/100\n|-unboost|p2b: Urshifu|def|1\n|-unboost|p2b: Urshifu|spd|1\n|move|p1a: Cresselia|Icy Wind|p2b: Urshifu|[spread] p2a,p2b\n|-resisted|p2b: Urshifu\n|-damage|p2a: Iron Hands|86\/100\n|-damage|p2b: Urshifu|92\/100\n|-unboost|p2a: Iron Hands|spe|1\n|-unboost|p2b: Urshifu|spe|1\n|move|p2a: Iron Hands|Wild Charge|p1b: Chien-Pao\n|-damage|p1b: Chien-Pao|0 fnt\n|faint|p1b: Chien-Pao\n|-damage|p2a: Iron Hands|86\/100|[from] Recoil\n|\n|upkeep\n|\n|t:|1700557531\n|switch|p1b: Annihilape|Annihilape, L50, F, tera:Fire|33\/100\n|turn|5\n|inactive|Lukyaq has 30 seconds left.\n|inactive|Lukyaq has 20 seconds left.\n|\n|t:|1700557566\n|move|p2b: Urshifu|Detect|p2b: Urshifu\n|-singleturn|p2b: Urshifu|Protect\n|move|p1a: Cresselia|Lunar Blessing|p1a: Cresselia|[spread] p1a,p1b\n|-heal|p1b: Annihilape|58\/100\n|move|p1b: Annihilape|Rage Fist|p2b: Urshifu\n|-activate|p2b: Urshifu|move: Protect\n|move|p2a: Iron Hands|Wild Charge|p1b: Annihilape\n|-damage|p1b: Annihilape|11\/100\n|-damage|p2a: Iron Hands|76\/100|[from] Recoil\n|\n|-heal|p1b: Annihilape|17\/100|[from] item: Leftovers\n|upkeep\n|turn|6\n|inactive|Lukyaq has 30 seconds left.\n|\n|t:|1700557596\n|switch|p2b: Rillaboom|Rillaboom, L50, M|100\/100\n|-fieldstart|move: Grassy Terrain|[from] ability: Grassy Surge|[of] p2b: Rillaboom\n|move|p1a: Cresselia|Ally Switch|p1a: Cresselia\n|swap|p1a: Cresselia|1|[from] move: Ally Switch\n|move|p1a: Annihilape|Rage Fist|p2a: Iron Hands\n|-damage|p2a: Iron Hands|14\/100\n|move|p2a: Iron Hands|Wild Charge|p1b: Cresselia\n|-damage|p1b: Cresselia|65\/100\n|-damage|p2a: Iron Hands|6\/100|[from] Recoil\n|\n|-heal|p1a: Annihilape|23\/100|[from] Grassy Terrain\n|-heal|p1a: Annihilape|29\/100|[from] item: Leftovers\n|-heal|p2a: Iron Hands|12\/100|[from] Grassy Terrain\n|upkeep\n|turn|7\n|inactive|Lukyaq has 30 seconds left.\n|inactive|Ringocc has 30 seconds left.\n|inactive|Lukyaq has 20 seconds left.\n|inactive|Ringocc has 20 seconds left.\n|inactive|Ringocc has 15 seconds left.\n|inactive|Ringocc has 10 seconds left.\n|\n|t:|1700557644\n|-terastallize|p2b: Rillaboom|Grass\n|move|p2a: Iron Hands|Fake Out||[still]\n|-hint|Fake Out only works on your first turn out.\n|-fail|p2a: Iron Hands\n|move|p1b: Cresselia|Lunar Blessing|p1b: Cresselia|[spread] p1a,p1b\n|-heal|p1a: Annihilape|54\/100\n|-heal|p1b: Cresselia|90\/100\n|move|p1a: Annihilape|Rage Fist|p2a: Iron Hands\n|-damage|p2a: Iron Hands|0 fnt\n|faint|p2a: Iron Hands\n|-end|p2a: Iron Hands|Quark Drive|[silent]\n|move|p2b: Rillaboom|Wood Hammer|p1b: Cresselia\n|-damage|p1b: Cresselia|14\/100\n|-damage|p2b: Rillaboom|71\/100|[from] Recoil\n|\n|-heal|p1a: Annihilape|60\/100|[from] Grassy Terrain\n|-heal|p1a: Annihilape|66\/100|[from] item: Leftovers\n|-heal|p2b: Rillaboom|78\/100|[from] Grassy Terrain\n|upkeep\n|\n|t:|1700557665\n|switch|p2a: Urshifu|Urshifu-Rapid-Strike, L50, M|92\/100\n|turn|8\n|inactive|Lukyaq has 30 seconds left.\n|j| 74zlfh\n|inactive|Lukyaq has 20 seconds left.\n|inactive|Lukyaq has 15 seconds left.\n|inactive|Lukyaq has 10 seconds left.\n|inactive|Lukyaq has 5 seconds left.\n|\n|t:|1700557718\n|move|p1b: Cresselia|Ally Switch|p1b: Cresselia\n|swap|p1b: Cresselia|0|[from] move: Ally Switch\n|move|p2b: Rillaboom|Grassy Glide|p1b: Annihilape\n|-resisted|p1b: Annihilape\n|-damage|p1b: Annihilape|38\/100\n|move|p2a: Urshifu|Surging Strikes|p1b: Annihilape\n|-supereffective|p1b: Annihilape\n|-crit|p1b: Annihilape\n|-damage|p1b: Annihilape|0 fnt\n|faint|p1b: Annihilape\n|-hitcount|p1: Annihilape|1\n|\n|-heal|p2a: Urshifu|98\/100|[from] Grassy Terrain\n|-heal|p2b: Rillaboom|84\/100|[from] Grassy Terrain\n|upkeep\n|turn|9\n|inactive|Ringocc has 30 seconds left.\n|c|\u2606Lukyaq|Shit\n|\n|t:|1700557751\n|move|p2b: Rillaboom|Grassy Glide|p1a: Cresselia\n|-damage|p1a: Cresselia|0 fnt\n|faint|p1a: Cresselia\n|\n|win|Ringocc\n|raw|Lukyaq's rating: 1583 &rarr; <strong>1571<\/strong><br \/>(-12 for losing)\n|raw|Ringocc's rating: 1737 &rarr; <strong>1749<\/strong><br \/>(+12 for winning)\n|c|\u2606Lukyaq|I had to protect cressi\n|c|\u2606Lukyaq|Then I would have won\n|c|\u2606Lukyaq|Glide block and kill urshifu with ape\n|c|\u2606Lukyaq|Well gg\n|l|\u2606Lukyaq\n|l|\u2606Ringocc\n","uploadtime":1700559107,"views":2,"p1id":"lukyaq","p2id":"ringocc","formatid":"gen9vgc2023regulatione","rating":1571,"private":0,"password":""}