{"id":"gen9vgc2023regulatione-1988400118","p1":"gen8reallysucks","p2":"BlindMagneton","format":"[Gen 9] VGC 2023 Regulation E","log":"|j|\u2606gen8reallysucks\n|j|\u2606BlindMagneton\n|t:|1699718703\n|gametype|doubles\n|player|p1|gen8reallysucks|n|1418\n|player|p2|BlindMagneton|wattson|1299\n|teamsize|p1|6\n|teamsize|p2|6\n|gen|9\n|tier|[Gen 9] VGC 2023 Regulation E\n|rated|\n|rule|Species Clause: Limit one of each Pok\u00e9mon\n|rule|Item Clause: Limit one of each item\n|clearpoke\n|poke|p1|Wo-Chien, L50|\n|poke|p1|Volcarona, L50, F|\n|poke|p1|Landorus, L50, M|\n|poke|p1|Roaring Moon, L50|\n|poke|p1|Flutter Mane, L50|\n|poke|p1|Iron Hands, L50|\n|poke|p2|Zoroark-Hisui, L50, F|\n|poke|p2|Grimmsnarl, L50, M|\n|poke|p2|Magnezone, L50|\n|poke|p2|Ogerpon-Wellspring, L50, F|\n|poke|p2|Farigiraf, L50, F|\n|poke|p2|Salamence, L50, F|\n|teampreview|4\n|\n|t:|1699718785\n|start\n|switch|p1a: Wo-Chienough|Wo-Chien, L50|100\/100\n|switch|p1b: Volcarona|Volcarona, L50, F, shiny|100\/100\n|switch|p2a: Grimmsnarl|Grimmsnarl, L50, M|100\/100\n|switch|p2b: Magnezone|Magnezone, L50|100\/100\n|-ability|p1a: Wo-Chienough|Tablets of Ruin\n|turn|1\n|\n|t:|1699718826\n|move|p2a: Grimmsnarl|Thunder Wave|p1b: Volcarona\n|-status|p1b: Volcarona|par\n|move|p2b: Magnezone|Icy Wind|p1b: Volcarona|[spread] p1a,p1b\n|-supereffective|p1a: Wo-Chienough\n|-resisted|p1b: Volcarona\n|-damage|p1a: Wo-Chienough|82\/100\n|-damage|p1b: Volcarona|94\/100 par\n|-unboost|p1a: Wo-Chienough|spe|1\n|-unboost|p1b: Volcarona|spe|1\n|move|p1a: Wo-Chienough|Leech Seed|p2b: Magnezone\n|-start|p2b: Magnezone|move: Leech Seed\n|cant|p1b: Volcarona|par\n|\n|-heal|p1a: Wo-Chienough|87\/100|[from] item: Leftovers\n|-damage|p2b: Magnezone|88\/100|[from] Leech Seed|[of] p1a: Wo-Chienough\n|-heal|p1a: Wo-Chienough|96\/100|[silent]\n|upkeep\n|turn|2\n|\n|t:|1699718869\n|move|p2a: Grimmsnarl|Parting Shot|p1b: Volcarona\n|-unboost|p1b: Volcarona|atk|1\n|-unboost|p1b: Volcarona|spa|1\n|\n|t:|1699718872\n|switch|p2a: Ogerpon|Ogerpon-Wellspring, L50, F|100\/100|[from] Parting Shot\n|move|p2b: Magnezone|Hex|p1b: Volcarona\n|-damage|p1b: Volcarona|24\/100 par\n|move|p1a: Wo-Chienough|Leech Seed|p2a: Ogerpon\n|-immune|p2a: Ogerpon\n|move|p1b: Volcarona|Flamethrower|p2b: Magnezone\n|-damage|p2b: Magnezone|25\/100\n|replace|p2b: Zoroark|Zoroark-Hisui, L50, F\n|-end|p2b: Zoroark|Illusion\n|\n|-heal|p1a: Wo-Chienough|100\/100|[from] item: Leftovers\n|-damage|p2b: Zoroark|13\/100|[from] Leech Seed|[of] p1a: Wo-Chienough\n|upkeep\n|turn|3\n|\n|t:|1699718899\n|move|p2b: Zoroark|Hex|p1b: Volcarona\n|-damage|p1b: Volcarona|0 fnt\n|faint|p1b: Volcarona\n|move|p2a: Ogerpon|Encore|p1a: Wo-Chienough\n|-start|p1a: Wo-Chienough|Encore\n|move|p1a: Wo-Chienough|Leech Seed||[still]\n|-fail|p1a: Wo-Chienough\n|\n|-damage|p2b: Zoroark|0 fnt|[from] Leech Seed|[of] p1a: Wo-Chienough\n|faint|p2b: Zoroark\n|upkeep\n|\n|t:|1699718926\n|switch|p2b: Grimmsnarl|Grimmsnarl, L50, M|100\/100\n|switch|p1b: Flutter Mane|Flutter Mane, L50|100\/100\n|turn|4\n|\n|t:|1699718989\n|-end|p1b: Flutter Mane|Protosynthesis|[silent]\n|switch|p1b: Landorus|Landorus, L50, M|100\/100\n|move|p2b: Grimmsnarl|Fake Out|p1a: Wo-Chienough\n|-damage|p1a: Wo-Chienough|94\/100\n|move|p2a: Ogerpon|Ivy Cudgel|p1b: Landorus\n|-supereffective|p1b: Landorus\n|-damage|p1b: Landorus|0 fnt\n|faint|p1b: Landorus\n|cant|p1a: Wo-Chienough|flinch\n|\n|-heal|p1a: Wo-Chienough|99\/100|[from] item: Leftovers\n|upkeep\n|\n|t:|1699719003\n|switch|p1b: Flutter Mane|Flutter Mane, L50|100\/100\n|turn|5\n|\n|t:|1699719016\n|-terastallize|p1b: Flutter Mane|Fairy\n|move|p2a: Ogerpon|Spiky Shield|p2a: Ogerpon\n|-singleturn|p2a: Ogerpon|move: Protect\n|move|p2b: Grimmsnarl|Parting Shot|p1b: Flutter Mane\n|-unboost|p1b: Flutter Mane|atk|1\n|-unboost|p1b: Flutter Mane|spa|1\n|\n|t:|1699719019\n|switch|p2b: Magnezone|Magnezone, L50|100\/100|[from] Parting Shot\n|move|p1b: Flutter Mane|Energy Ball|p2a: Ogerpon\n|-activate|p2a: Ogerpon|move: Protect\n|move|p1a: Wo-Chienough|Leech Seed|p2b: Magnezone\n|-start|p2b: Magnezone|move: Leech Seed\n|\n|-heal|p1a: Wo-Chienough|100\/100|[from] item: Leftovers\n|-damage|p2b: Magnezone|88\/100|[from] Leech Seed|[of] p1a: Wo-Chienough\n|-end|p1a: Wo-Chienough|Encore\n|upkeep\n|turn|6\n|\n|t:|1699719050\n|switch|p2a: Grimmsnarl|Grimmsnarl, L50, M|100\/100\n|move|p1b: Flutter Mane|Energy Ball|p2a: Grimmsnarl\n|-damage|p2a: Grimmsnarl|72\/100\n|move|p2b: Magnezone|Flash Cannon|p1b: Flutter Mane\n|-supereffective|p1b: Flutter Mane\n|-damage|p1b: Flutter Mane|13\/100\n|move|p1a: Wo-Chienough|Substitute|p1a: Wo-Chienough\n|-start|p1a: Wo-Chienough|Substitute\n|-damage|p1a: Wo-Chienough|76\/100\n|\n|-heal|p1a: Wo-Chienough|82\/100|[from] item: Leftovers\n|-damage|p2b: Magnezone|75\/100|[from] Leech Seed|[of] p1a: Wo-Chienough\n|-heal|p1a: Wo-Chienough|93\/100|[silent]\n|upkeep\n|turn|7\n|\n|t:|1699719072\n|switch|p2b: Ogerpon|Ogerpon-Wellspring, L50, F|100\/100\n|move|p2a: Grimmsnarl|Fake Out|p1b: Flutter Mane\n|-damage|p1b: Flutter Mane|0 fnt\n|faint|p1b: Flutter Mane\n|-end|p1b: Flutter Mane|Protosynthesis|[silent]\n|move|p1a: Wo-Chienough|Leech Seed|p2a: Grimmsnarl\n|-start|p2a: Grimmsnarl|move: Leech Seed\n|\n|-heal|p1a: Wo-Chienough|98\/100|[from] item: Leftovers\n|-damage|p2a: Grimmsnarl|60\/100|[from] Leech Seed|[of] p1a: Wo-Chienough\n|-heal|p1a: Wo-Chienough|100\/100|[silent]\n|upkeep\n|turn|8\n|\n|t:|1699719087\n|move|p2b: Ogerpon|Encore|p1a: Wo-Chienough\n|-start|p1a: Wo-Chienough|Encore\n|move|p2a: Grimmsnarl|Spirit Break|p1a: Wo-Chienough\n|-supereffective|p1a: Wo-Chienough\n|-end|p1a: Wo-Chienough|Substitute\n|move|p1a: Wo-Chienough|Leech Seed||[still]\n|-fail|p1a: Wo-Chienough\n|\n|-damage|p2a: Grimmsnarl|48\/100|[from] Leech Seed|[of] p1a: Wo-Chienough\n|upkeep\n|turn|9\n|-message|gen8reallysucks forfeited.\n|\n|win|BlindMagneton\n|raw|gen8reallysucks's rating: 1418 &rarr; <strong>1391<\/strong><br \/>(-27 for losing)\n|raw|BlindMagneton's rating: 1299 &rarr; <strong>1332<\/strong><br \/>(+33 for winning)\n|l|\u2606gen8reallysucks\n","uploadtime":1699719101,"views":31,"p1id":"gen8reallysucks","p2id":"blindmagneton","formatid":"gen9vgc2023regulatione","rating":1332,"private":0,"password":""}