{"id":"gen9vgc2023regulatione-1989779829","p1":"starling01","p2":"itsE","format":"[Gen 9] VGC 2023 Regulation E","log":"|j|\u2606starling01\n|j|\u203ditsE\n|n|\u2606starling01|starling01\n|n|\u203ditsE|itse\n|html|View the match progress at <a href=\"\/game-bestof3-gen9vgc2023regulatione-1989774379\">game-bestof3-gen9vgc2023regulatione-1989774379<\/a>\n|t:|1699895080\n|gametype|doubles\n|player|p1|starling01|hilda|\n|player|p2|itsE|jogger|\n|teamsize|p1|6\n|teamsize|p2|6\n|gen|9\n|tier|[Gen 9] VGC 2023 Regulation E\n|rule|Species Clause: Limit one of each Pok\u00e9mon\n|rule|Item Clause: Limit one of each item\n|clearpoke\n|poke|p1|Indeedee-F, L50, F|\n|poke|p1|Armarouge, L50, F|\n|poke|p1|Talonflame, L50, F|\n|poke|p1|Tyranitar, L50, F|\n|poke|p1|Ursaluna-Bloodmoon, L50, M|\n|poke|p1|Kommo-o, L50, F|\n|poke|p2|Kommo-o, L50, F|\n|poke|p2|Garganacl, L50, F|\n|poke|p2|Gholdengo, L50|\n|poke|p2|Meowscarada, L50, F|\n|poke|p2|Fezandipiti, L50, M|\n|poke|p2|Okidogi, L50, M|\n|teampreview|4\n|inactive|Battle timer is ON: inactive players will automatically lose when time's up. (requested by itsE)\nstarling01 has agreed to open team sheets.\nitsE has agreed to open team sheets.\n|showteam|p1|Indeedee-F||FocusSash|PsychicSurge|FollowMe,TrickRoom,HelpingHand,DazzlingGleam|||F|||50|,,,,,Fairy]Armarouge||TwistedSpoon|FlashFire|ExpandingForce,ArmorCannon,TrickRoom,Protect|||F|||50|,,,,,Psychic]Talonflame||CovertCloak|GaleWings|Tailwind,WillOWisp,BraveBird,Uturn|||F|||50|,,,,,Flying]Tyranitar||WeaknessPolicy|SandStream|RockSlide,KnockOff,Protect,TeraBlast|||F|||50|,,,,,Flying]Ursaluna-Bloodmoon||SilkScarf|MindsEye|HyperVoice,BloodMoon,EarthPower,Protect|||M|||50|,,,,,Normal]Kommo-o||Leftovers|Soundproof|BodyPress,IronDefense,Protect,IronHead|||F|||50|,,,,,Steel\n|showteam|p2|Kommo-o||ThroatSpray|Soundproof|ClangorousSoul,Boomburst,ClangingScales,Flamethrower|||F|||50|,,,,,Steel]Garganacl||Leftovers|PurifyingSalt|SaltCure,Recover,WideGuard,Protect|||F|||50|,,,,,Dragon]Gholdengo||ChoiceSpecs|GoodasGold|MakeItRain,ShadowBall,PowerGem,FocusBlast||||||50|,,,,,Fairy]Meowscarada||FocusSash|Overgrow|FlowerTrick,KnockOff,SuckerPunch,Protect|||F|||50|,,,,,Dark]Fezandipiti||KingsRock|ToxicChain|BeatUp,Protect,DazzlingGleam,Tailwind|||M|||50|,,,,,Poison]Okidogi||AssaultVest|ToxicChain|Snarl,KnockOff,DrainPunch,PoisonJab|||M|||50|,,,,,Dark\n|inactiveoff|Battle timer is now OFF.\n|\n|t:|1699895150\n|start\n|switch|p1a: Talonflame|Talonflame, L50, F|100\/100\n|switch|p1b: Ursaluna|Ursaluna-Bloodmoon, L50, M|100\/100\n|switch|p2a: Gholdengo|Gholdengo, L50|100\/100\n|switch|p2b: Fezandipiti|Fezandipiti, L50, M|100\/100\n|turn|1\n|\n|t:|1699895181\n|move|p1a: Talonflame|Tailwind|p1a: Talonflame\n|-sidestart|p1: starling01|move: Tailwind\n|move|p2a: Gholdengo|Focus Blast|p1b: Ursaluna\n|-supereffective|p1b: Ursaluna\n|-damage|p1b: Ursaluna|0 fnt\n|faint|p1b: Ursaluna\n|move|p2b: Fezandipiti|Tailwind|p2b: Fezandipiti\n|-sidestart|p2: itsE|move: Tailwind\n|\n|upkeep\n|c|\u2606starling01|lovely\n|\n|t:|1699895225\n|switch|p1b: Armarouge|Armarouge, L50, F|100\/100\n|turn|2\n|\n|t:|1699895252\n|switch|p2a: Garganacl|Garganacl, L50, F|100\/100\n|move|p1a: Talonflame|Will-O-Wisp|p2b: Fezandipiti\n|-status|p2b: Fezandipiti|brn\n|move|p2b: Fezandipiti|Beat Up|p1b: Armarouge\n|-supereffective|p1b: Armarouge\n|-damage|p1b: Armarouge|97\/100\n|-supereffective|p1b: Armarouge\n|-damage|p1b: Armarouge|94\/100\n|-supereffective|p1b: Armarouge\n|-damage|p1b: Armarouge|91\/100\n|-supereffective|p1b: Armarouge\n|-damage|p1b: Armarouge|88\/100\n|-hitcount|p1b: Armarouge|4\n|cant|p1b: Armarouge|flinch\n|\n|-damage|p2b: Fezandipiti|94\/100 brn|[from] brn\n|upkeep\n|turn|3\n|\n|t:|1699895283\n|-terastallize|p1b: Armarouge|Psychic\n|move|p1a: Talonflame|Will-O-Wisp|p2a: Garganacl|[miss]\n|-miss|p1a: Talonflame|p2a: Garganacl\n|move|p2b: Fezandipiti|Beat Up|p1b: Armarouge\n|-supereffective|p1b: Armarouge\n|-damage|p1b: Armarouge|85\/100\n|-supereffective|p1b: Armarouge\n|-damage|p1b: Armarouge|82\/100\n|-supereffective|p1b: Armarouge\n|-damage|p1b: Armarouge|79\/100\n|-status|p1b: Armarouge|tox|[from] ability: Toxic Chain|[of] p2b: Fezandipiti\n|-supereffective|p1b: Armarouge\n|-damage|p1b: Armarouge|76\/100 tox\n|-hitcount|p1b: Armarouge|4\n|move|p1b: Armarouge|Expanding Force|p2b: Fezandipiti\n|-supereffective|p2b: Fezandipiti\n|-damage|p2b: Fezandipiti|8\/100 brn\n|move|p2a: Garganacl|Salt Cure|p1b: Armarouge\n|-damage|p1b: Armarouge|63\/100 tox\n|-start|p1b: Armarouge|Salt Cure\n|\n|-damage|p1b: Armarouge|57\/100 tox|[from] psn\n|-damage|p2b: Fezandipiti|2\/100 brn|[from] brn\n|-damage|p1b: Armarouge|45\/100 tox|[from] Salt Cure\n|upkeep\n|turn|4\n|\n|t:|1699895322\n|move|p1a: Talonflame|Will-O-Wisp|p2a: Garganacl|[miss]\n|-miss|p1a: Talonflame|p2a: Garganacl\n|move|p2b: Fezandipiti|Beat Up|p1a: Talonflame\n|-damage|p1a: Talonflame|99\/100\n|-damage|p1a: Talonflame|97\/100\n|-damage|p1a: Talonflame|95\/100\n|-damage|p1a: Talonflame|93\/100\n|-hitcount|p1a: Talonflame|4\n|move|p1b: Armarouge|Expanding Force|p2a: Garganacl\n|-damage|p2a: Garganacl|39\/100\n|move|p2a: Garganacl|Salt Cure|p1a: Talonflame\n|-supereffective|p1a: Talonflame\n|-crit|p1a: Talonflame\n|-damage|p1a: Talonflame|0 fnt\n|faint|p1a: Talonflame\n|\n|-heal|p2a: Garganacl|44\/100|[from] item: Leftovers\n|-damage|p1b: Armarouge|34\/100 tox|[from] psn\n|-damage|p2b: Fezandipiti|0 fnt|[from] brn\n|faint|p2b: Fezandipiti\n|-damage|p1b: Armarouge|22\/100 tox|[from] Salt Cure\n|-sideend|p2: itsE|move: Tailwind\n|-sideend|p1: starling01|move: Tailwind\n|upkeep\n|\n|t:|1699895335\n|switch|p1a: Indeedee|Indeedee-F, L50, F|100\/100\n|switch|p2b: Meowscarada|Meowscarada, L50, F|100\/100\n|-fieldstart|move: Psychic Terrain|[from] ability: Psychic Surge|[of] p1a: Indeedee\n|turn|5\n|\n|t:|1699895345\n|move|p2a: Garganacl|Wide Guard|p2a: Garganacl\n|-singleturn|p2a: Garganacl|Wide Guard\n|move|p2b: Meowscarada|Knock Off|p1b: Armarouge\n|-supereffective|p1b: Armarouge\n|-damage|p1b: Armarouge|0 fnt\n|-enditem|p1b: Armarouge|Twisted Spoon|[from] move: Knock Off|[of] p2b: Meowscarada\n|faint|p1b: Armarouge\n|move|p1a: Indeedee|Dazzling Gleam|p2a: Garganacl|[spread] \n|-activate|p2a: Garganacl|move: Wide Guard\n|-activate|p2b: Meowscarada|move: Wide Guard\n|\n|-heal|p2a: Garganacl|50\/100|[from] item: Leftovers\n|upkeep\n|turn|6\n|\n|t:|1699895372\n|move|p2b: Meowscarada|Knock Off|p1a: Indeedee\n|-supereffective|p1a: Indeedee\n|-damage|p1a: Indeedee|4\/100\n|-enditem|p1a: Indeedee|Focus Sash|[from] move: Knock Off|[of] p2b: Meowscarada\n|move|p1a: Indeedee|Dazzling Gleam|p2b: Meowscarada|[spread] p2a,p2b\n|-supereffective|p2b: Meowscarada\n|-damage|p2a: Garganacl|39\/100\n|-damage|p2b: Meowscarada|62\/100\n|move|p2a: Garganacl|Salt Cure|p1a: Indeedee\n|-damage|p1a: Indeedee|0 fnt\n|faint|p1a: Indeedee\n|\n|win|itsE\n|c|\u2606starling01|gg\n","uploadtime":1699895396,"views":8,"p1id":"starling01","p2id":"itse","formatid":"gen9vgc2023regulatione","rating":0,"private":0,"password":""}