{"id":"gen9vgc2023regulatione-1995320609","p1":"djksks","p2":"BigE3L","format":"[Gen 9] VGC 2023 Regulation E","log":"|j|\u2606djksks\n|j|\u2606BigE3L\n|t:|1700553183\n|gametype|doubles\n|player|p1|djksks|sage|1188\n|player|p2|BigE3L|ingo|1119\n|teamsize|p1|6\n|teamsize|p2|6\n|gen|9\n|tier|[Gen 9] VGC 2023 Regulation E\n|rated|\n|rule|Species Clause: Limit one of each Pok\u00e9mon\n|rule|Item Clause: Limit one of each item\n|clearpoke\n|poke|p1|Ogerpon-Wellspring, L50, F|\n|poke|p1|Flutter Mane, L50|\n|poke|p1|Landorus-Therian, L50, M|\n|poke|p1|Heatran, L50, M|\n|poke|p1|Iron Hands, L50|\n|poke|p1|Amoonguss, L50, M|\n|poke|p2|Pelipper, L50, F|\n|poke|p2|Golduck, L50, F|\n|poke|p2|Chien-Pao, L50|\n|poke|p2|Dondozo, L50, M|\n|poke|p2|Tatsugiri, L50, F|\n|poke|p2|Falinks, L50|\n|teampreview|4\n|inactive|Battle timer is ON: inactive players will automatically lose when time's up. (requested by BigE3L)\n|\n|t:|1700553220\n|start\n|switch|p1a: Amoonguss|Amoonguss, L50, M, shiny|100\/100\n|switch|p1b: Iron Hands|Iron Hands, L50, shiny|100\/100\n|switch|p2a: Pelipper|Pelipper, L50, F|100\/100\n|switch|p2b: Golduck|Golduck, L50, F|100\/100\n|-weather|RainDance|[from] ability: Drizzle|[of] p2a: Pelipper\n|turn|1\n|\n|t:|1700553241\n|move|p1b: Iron Hands|Fake Out|p2b: Golduck\n|-damage|p2b: Golduck|79\/100\n|cant|p2b: Golduck|flinch\n|move|p2a: Pelipper|Hurricane|p1a: Amoonguss\n|-supereffective|p1a: Amoonguss\n|-damage|p1a: Amoonguss|32\/100\n|-enditem|p1a: Amoonguss|Sitrus Berry|[eat]\n|-heal|p1a: Amoonguss|57\/100|[from] item: Sitrus Berry\n|move|p1a: Amoonguss|Spore|p2a: Pelipper\n|-status|p2a: Pelipper|slp|[from] move: Spore\n|\n|-weather|RainDance|[upkeep]\n|upkeep\n|turn|2\n|\n|t:|1700553256\n|switch|p2a: Dondozo|Dondozo, L50, M|100\/100\n|move|p2b: Golduck|Simple Beam|p2a: Dondozo\n|-endability|p2a: Dondozo|Oblivious|[from] move: Simple Beam\n|-ability|p2a: Dondozo|Simple|[from] move: Simple Beam\n|move|p1b: Iron Hands|Wild Charge|p2a: Dondozo\n|-supereffective|p2a: Dondozo\n|-damage|p2a: Dondozo|30\/100\n|-damage|p1b: Iron Hands|81\/100|[from] Recoil\n|move|p1a: Amoonguss|Spore|p2b: Golduck\n|-status|p2b: Golduck|slp|[from] move: Spore\n|\n|-weather|RainDance|[upkeep]\n|-heal|p2a: Dondozo|36\/100|[from] item: Leftovers\n|upkeep\n|turn|3\n|inactive|djksks has 30 seconds left.\n|\n|t:|1700553288\n|switch|p2b: Tatsugiri|Tatsugiri, L50, F|100\/100\n|-activate|p2b: Tatsugiri|ability: Commander|[of] p2a: Dondozo\n|-boost|p2a: Dondozo|atk|4\n|-boost|p2a: Dondozo|spa|4\n|-boost|p2a: Dondozo|spe|4\n|-boost|p2a: Dondozo|def|4\n|-boost|p2a: Dondozo|spd|4\n|move|p2a: Dondozo|Protect|p2a: Dondozo\n|-singleturn|p2a: Dondozo|Protect\n|move|p1b: Iron Hands|Wild Charge|p2a: Dondozo\n|-activate|p2a: Dondozo|move: Protect\n|move|p1a: Amoonguss|Pollen Puff|p1b: Iron Hands\n|-heal|p1b: Iron Hands|100\/100\n|\n|-weather|RainDance|[upkeep]\n|-heal|p2a: Dondozo|42\/100|[from] item: Leftovers\n|upkeep\n|turn|4\n|\n|t:|1700553313\n|-end|p1b: Iron Hands|Quark Drive|[silent]\n|switch|p1b: Ogerpon|Ogerpon-Wellspring, L50, F|100\/100\n|-terastallize|p2a: Dondozo|Grass\n|move|p1a: Amoonguss|Protect|p1a: Amoonguss\n|-singleturn|p1a: Amoonguss|Protect\n|move|p2a: Dondozo|Earthquake|p1a: Amoonguss|[spread] p1b\n|-miss|p2a: Dondozo|p2b: Tatsugiri\n|-activate|p1a: Amoonguss|move: Protect\n|-resisted|p1b: Ogerpon\n|-damage|p1b: Ogerpon|58\/100\n|\n|-weather|RainDance|[upkeep]\n|-heal|p2a: Dondozo|48\/100|[from] item: Leftovers\n|upkeep\n|turn|5\n|inactive|djksks has 30 seconds left.\n|inactive|djksks has 20 seconds left.\n|\n|t:|1700553350\n|move|p2a: Dondozo|Protect|p2a: Dondozo\n|-singleturn|p2a: Dondozo|Protect\n|move|p1b: Ogerpon|Ivy Cudgel|p2a: Dondozo|[anim] Ivy Cudgel Water\n|-activate|p2a: Dondozo|move: Protect\n|move|p1a: Amoonguss|Pollen Puff|p1b: Ogerpon\n|-heal|p1b: Ogerpon|100\/100\n|\n|-weather|RainDance|[upkeep]\n|-heal|p2a: Dondozo|55\/100|[from] item: Leftovers\n|upkeep\n|turn|6\n|\n|t:|1700553366\n|move|p1a: Amoonguss|Protect|p1a: Amoonguss\n|-singleturn|p1a: Amoonguss|Protect\n|move|p2a: Dondozo|Order Up|p1b: Ogerpon\n|-damage|p1b: Ogerpon|18\/100\n|-boost|p2a: Dondozo|atk|2\n|move|p1b: Ogerpon|Ivy Cudgel|p2a: Dondozo|[anim] Ivy Cudgel Water\n|-resisted|p2a: Dondozo\n|-damage|p2a: Dondozo|45\/100\n|\n|-weather|RainDance|[upkeep]\n|-heal|p2a: Dondozo|51\/100|[from] item: Leftovers\n|upkeep\n|turn|7\n|\n|t:|1700553384\n|move|p1b: Ogerpon|Follow Me|p1b: Ogerpon\n|-singleturn|p1b: Ogerpon|move: Follow Me\n|move|p2a: Dondozo|Earthquake|p1a: Amoonguss|[spread] p1a,p1b\n|-miss|p2a: Dondozo|p2b: Tatsugiri\n|-resisted|p1b: Ogerpon\n|-damage|p1a: Amoonguss|0 fnt\n|-damage|p1b: Ogerpon|0 fnt\n|faint|p1a: Amoonguss\n|faint|p1b: Ogerpon\n|\n|-weather|RainDance|[upkeep]\n|-heal|p2a: Dondozo|58\/100|[from] item: Leftovers\n|upkeep\n|\n|t:|1700553389\n|switch|p1b: Iron Hands|Iron Hands, L50, shiny|100\/100\n|switch|p1a: Flutter Mane|Flutter Mane, L50|100\/100\n|-enditem|p1a: Flutter Mane|Booster Energy\n|-activate|p1a: Flutter Mane|ability: Protosynthesis|[fromitem]\n|-start|p1a: Flutter Mane|protosynthesisspe\n|turn|8\n|inactive|djksks has 30 seconds left.\n|\n|t:|1700553416\n|move|p1a: Flutter Mane|Moonblast|p2a: Dondozo\n|-damage|p2a: Dondozo|42\/100\n|-unboost|p2a: Dondozo|spa|2\n|move|p2a: Dondozo|Earthquake|p1a: Flutter Mane|[spread] p1a,p1b\n|-miss|p2a: Dondozo|p2b: Tatsugiri\n|-supereffective|p1b: Iron Hands\n|-damage|p1a: Flutter Mane|0 fnt\n|-damage|p1b: Iron Hands|0 fnt\n|faint|p1a: Flutter Mane\n|-end|p1a: Flutter Mane|Protosynthesis|[silent]\n|faint|p1b: Iron Hands\n|-end|p1b: Iron Hands|Quark Drive|[silent]\n|\n|win|BigE3L\n|raw|djksks's rating: 1188 &rarr; <strong>1158<\/strong><br \/>(-30 for losing)\n|raw|BigE3L's rating: 1119 &rarr; <strong>1149<\/strong><br \/>(+30 for winning)\n","uploadtime":1700553434,"views":16,"p1id":"djksks","p2id":"bige3l","formatid":"gen9vgc2023regulatione","rating":1149,"private":0,"password":""}