{"id":"gen9vgc2023regulatione-1991432025","p1":"starkhd","p2":"Angelotti03503","format":"[Gen 9] VGC 2023 Regulation E","log":"|j|\u2606starkhd\n|j|\u2606Angelotti03503\n|t:|1700076596\n|gametype|doubles\n|player|p1|starkhd|1|1429\n|player|p2|Angelotti03503|101|1367\n|teamsize|p1|6\n|teamsize|p2|6\n|gen|9\n|tier|[Gen 9] VGC 2023 Regulation E\n|rated|\n|rule|Species Clause: Limit one of each Pok\u00e9mon\n|rule|Item Clause: Limit one of each item\n|clearpoke\n|poke|p1|Ninetales-Alola, L50, F|\n|poke|p1|Roaring Moon, L50|\n|poke|p1|Gholdengo, L50|\n|poke|p1|Heatran, L50, F|\n|poke|p1|Iron Hands, L50|\n|poke|p1|Ogerpon-Wellspring, L50, F|\n|poke|p2|Urshifu-*, L50, F|\n|poke|p2|Arcanine-Hisui, L50, M|\n|poke|p2|Tornadus, L50, M|\n|poke|p2|Iron Hands, L50|\n|poke|p2|Sinistcha, L50|\n|poke|p2|Chien-Pao, L50|\n|teampreview|4\n|inactive|Battle timer is ON: inactive players will automatically lose when time's up. (requested by Angelotti03503)\n|inactive|Angelotti03503 has 60 seconds left.\n|\n|t:|1700076632\n|start\n|switch|p1a: Roaring Moon|Roaring Moon, L50, shiny|100\/100\n|switch|p1b: Ninetales|Ninetales-Alola, L50, F, shiny|100\/100\n|switch|p2a: Sinistcha|Sinistcha, L50|100\/100\n|switch|p2b: Iron Hands|Iron Hands, L50|100\/100\n|-weather|Snow|[from] ability: Snow Warning|[of] p1b: Ninetales\n|-enditem|p1a: Roaring Moon|Booster Energy\n|-activate|p1a: Roaring Moon|ability: Protosynthesis|[fromitem]\n|-start|p1a: Roaring Moon|protosynthesisspe\n|turn|1\n|\n|t:|1700076654\n|-terastallize|p1b: Ninetales|Ghost\n|move|p2b: Iron Hands|Fake Out|p1a: Roaring Moon\n|-damage|p1a: Roaring Moon|84\/100\n|cant|p1a: Roaring Moon|flinch\n|move|p1b: Ninetales|Blizzard|p2a: Sinistcha|[spread] p2a,p2b\n|-supereffective|p2a: Sinistcha\n|-damage|p2a: Sinistcha|26\/100\n|-damage|p2b: Iron Hands|75\/100\n|-status|p2a: Sinistcha|frz\n|-enditem|p2a: Sinistcha|Sitrus Berry|[eat]\n|-heal|p2a: Sinistcha|51\/100 frz|[from] item: Sitrus Berry\n|cant|p2a: Sinistcha|frz\n|\n|-weather|Snow|[upkeep]\n|upkeep\n|turn|2\n|\n|t:|1700076675\n|-terastallize|p2a: Sinistcha|Steel\n|move|p1a: Roaring Moon|Tailwind|p1a: Roaring Moon\n|-sidestart|p1: starkhd|move: Tailwind\n|move|p1b: Ninetales|Moonblast|p2b: Iron Hands\n|-supereffective|p2b: Iron Hands\n|-damage|p2b: Iron Hands|17\/100\n|-curestatus|p2a: Sinistcha|frz|[from] move: Matcha Gotcha\n|move|p2a: Sinistcha|Matcha Gotcha|p1b: Ninetales|[spread] p1a,p1b\n|-resisted|p1a: Roaring Moon\n|-damage|p1a: Roaring Moon|74\/100\n|-heal|p2a: Sinistcha|57\/100|[from] drain|[of] p1a: Roaring Moon\n|-damage|p1b: Ninetales|68\/100\n|-heal|p2a: Sinistcha|71\/100|[from] drain|[of] p1b: Ninetales\n|move|p2b: Iron Hands|Ice Punch|p1a: Roaring Moon\n|-supereffective|p1a: Roaring Moon\n|-damage|p1a: Roaring Moon|18\/100\n|\n|-weather|Snow|[upkeep]\n|upkeep\n|turn|3\n|inactive|starkhd has 30 seconds left.\n|\n|t:|1700076704\n|-end|p2b: Iron Hands|Quark Drive|[silent]\n|switch|p2b: Tornadus|Tornadus, L50, M|100\/100\n|move|p1a: Roaring Moon|Knock Off|p2b: Tornadus\n|-crit|p2b: Tornadus\n|-damage|p2b: Tornadus|28\/100\n|-enditem|p2b: Tornadus|Sharp Beak|[from] move: Knock Off|[of] p1a: Roaring Moon\n|move|p1b: Ninetales|Blizzard|p2a: Sinistcha|[spread] p2a,p2b\n|-resisted|p2a: Sinistcha\n|-supereffective|p2b: Tornadus\n|-damage|p2a: Sinistcha|52\/100\n|-damage|p2b: Tornadus|0 fnt\n|faint|p2b: Tornadus\n|move|p2a: Sinistcha|Matcha Gotcha|p1b: Ninetales|[spread] p1a,p1b\n|-resisted|p1a: Roaring Moon\n|-damage|p1a: Roaring Moon|7\/100\n|-heal|p2a: Sinistcha|58\/100|[from] drain|[of] p1a: Roaring Moon\n|-damage|p1b: Ninetales|38\/100\n|-heal|p2a: Sinistcha|71\/100|[from] drain|[of] p1b: Ninetales\n|-status|p1a: Roaring Moon|brn\n|-status|p1b: Ninetales|brn\n|\n|-weather|Snow|[upkeep]\n|-damage|p1a: Roaring Moon|0 fnt|[from] brn\n|faint|p1a: Roaring Moon\n|-end|p1a: Roaring Moon|Protosynthesis|[silent]\n|-damage|p1b: Ninetales|32\/100 brn|[from] brn\n|upkeep\n|\n|t:|1700076714\n|switch|p1a: Heatran|Heatran, L50, F|100\/100\n|switch|p2b: Iron Hands|Iron Hands, L50|17\/100\n|turn|4\n|inactive|Angelotti03503 has 30 seconds left.\n|inactive|Angelotti03503 has 20 seconds left.\n|inactive|Angelotti03503 has 15 seconds left.\n|inactive|Angelotti03503 has 10 seconds left.\n|\n|t:|1700076760\n|move|p2b: Iron Hands|Fake Out|p1a: Heatran\n|-resisted|p1a: Heatran\n|-damage|p1a: Heatran|94\/100\n|move|p1b: Ninetales|Moonblast|p2b: Iron Hands\n|-supereffective|p2b: Iron Hands\n|-damage|p2b: Iron Hands|0 fnt\n|faint|p2b: Iron Hands\n|-end|p2b: Iron Hands|Quark Drive|[silent]\n|cant|p1a: Heatran|flinch\n|move|p2a: Sinistcha|Matcha Gotcha|p1b: Ninetales|[spread] p1a,p1b\n|-resisted|p1a: Heatran\n|-damage|p1a: Heatran|88\/100\n|-heal|p2a: Sinistcha|74\/100|[from] drain|[of] p1a: Heatran\n|-damage|p1b: Ninetales|0 fnt\n|-heal|p2a: Sinistcha|87\/100|[from] drain|[of] p1b: Ninetales\n|faint|p1b: Ninetales\n|\n|-weather|Snow|[upkeep]\n|-heal|p1a: Heatran|94\/100|[from] item: Leftovers\n|upkeep\n|\n|t:|1700076766\n|switch|p1b: Iron Hands|Iron Hands, L50, shiny|100\/100\n|switch|p2b: Arcanine|Arcanine-Hisui, L50, M|100\/100\n|-ability|p2b: Arcanine|Intimidate|boost\n|-unboost|p1a: Heatran|atk|1\n|-unboost|p1b: Iron Hands|atk|1\n|turn|5\n|\n|t:|1700076785\n|move|p1b: Iron Hands|Fake Out|p2b: Arcanine\n|-resisted|p2b: Arcanine\n|-damage|p2b: Arcanine|95\/100\n|move|p1a: Heatran|Earth Power|p2b: Arcanine\n|-supereffective|p2b: Arcanine\n|-damage|p2b: Arcanine|0 fnt\n|faint|p2b: Arcanine\n|move|p2a: Sinistcha|Matcha Gotcha|p1b: Iron Hands|[spread] p1a,p1b\n|-resisted|p1a: Heatran\n|-damage|p1a: Heatran|88\/100\n|-heal|p2a: Sinistcha|90\/100|[from] drain|[of] p1a: Heatran\n|-damage|p1b: Iron Hands|86\/100\n|-heal|p2a: Sinistcha|99\/100|[from] drain|[of] p1b: Iron Hands\n|-status|p1b: Iron Hands|brn\n|\n|-weather|none\n|-heal|p1a: Heatran|94\/100|[from] item: Leftovers\n|-damage|p1b: Iron Hands|80\/100 brn|[from] brn\n|-sideend|p1: starkhd|move: Tailwind\n|upkeep\n|turn|6\n|\n|t:|1700076802\n|move|p1a: Heatran|Heat Wave|p2a: Sinistcha\n|-supereffective|p2a: Sinistcha\n|-damage|p2a: Sinistcha|45\/100\n|move|p2a: Sinistcha|Nasty Plot|p2a: Sinistcha\n|-boost|p2a: Sinistcha|spa|2\n|move|p1b: Iron Hands|Drain Punch|p2a: Sinistcha\n|-supereffective|p2a: Sinistcha\n|-damage|p2a: Sinistcha|24\/100\n|-heal|p1b: Iron Hands|88\/100 brn|[from] drain|[of] p2a: Sinistcha\n|\n|-heal|p1a: Heatran|100\/100|[from] item: Leftovers\n|-damage|p1b: Iron Hands|82\/100 brn|[from] brn\n|upkeep\n|turn|7\n|\n|t:|1700076807\n|move|p1a: Heatran|Heat Wave|p2a: Sinistcha\n|-supereffective|p2a: Sinistcha\n|-damage|p2a: Sinistcha|0 fnt\n|faint|p2a: Sinistcha\n|\n|win|starkhd\n|raw|starkhd's rating: 1429 &rarr; <strong>1445<\/strong><br \/>(+16 for winning)\n|raw|Angelotti03503's rating: 1367 &rarr; <strong>1351<\/strong><br \/>(-16 for losing)\n|l|\u2606Angelotti03503\n","uploadtime":1700076818,"views":15,"p1id":"starkhd","p2id":"angelotti03503","formatid":"gen9vgc2023regulatione","rating":1351,"private":0,"password":""}