{"id":"gen9vgc2023regulatione-2000567994","p1":"LUISD13G0com","p2":"Aquarsene","format":"[Gen 9] VGC 2023 Regulation E","log":"|j|\u2606LUISD13G0com\n|j|\u2606Aquarsene\n|t:|1701206095\n|gametype|doubles\n|player|p1|LUISD13G0com|blaine|1044\n|player|p2|Aquarsene|170|1020\n|teamsize|p1|6\n|teamsize|p2|6\n|gen|9\n|tier|[Gen 9] VGC 2023 Regulation E\n|rated|\n|rule|Species Clause: Limit one of each Pok\u00e9mon\n|rule|Item Clause: Limit one of each item\n|clearpoke\n|poke|p1|Chesnaught, L50, F|\n|poke|p1|Pelipper, L50, M|\n|poke|p1|Electrode-Hisui, L50|\n|poke|p1|Appletun, L50, M|\n|poke|p1|Tornadus, L50, M|\n|poke|p1|Muk-Alola, L50, F|\n|poke|p2|Murkrow, L50, F|\n|poke|p2|Great Tusk, L50|\n|poke|p2|Hydreigon, L50, F|\n|poke|p2|Ninetales-Alola, L50, M|\n|poke|p2|Articuno, L50|\n|poke|p2|Palafin, L50, M|\n|teampreview|4\n|inactive|Battle timer is ON: inactive players will automatically lose when time's up. (requested by Aquarsene)\n|\n|t:|1701206146\n|start\n|switch|p1a: Electrode|Electrode-Hisui, L50|100\/100\n|switch|p1b: Appletun|Appletun, L50, M|100\/100\n|switch|p2a: Palafin|Palafin, L50, M|100\/100\n|switch|p2b: Ninetales|Ninetales-Alola, L50, M|100\/100\n|-weather|Snow|[from] ability: Snow Warning|[of] p2b: Ninetales\n|turn|1\n|\n|t:|1701206167\n|detailschange|p2a: Palafin|Palafin-Hero, L50, M\n|switch|p2a: Articuno|Articuno, L50|100\/100\n|move|p1a: Electrode|Volt Switch|p2b: Ninetales\n|-damage|p2b: Ninetales|59\/100\n|\n|t:|1701206172\n|switch|p1a: Pelipper|Pelipper, L50, M|100\/100|[from] Volt Switch\n|-weather|RainDance|[from] ability: Drizzle|[of] p1a: Pelipper\n|move|p2b: Ninetales|Blizzard|p1a: Pelipper|[spread] p1b\n|-miss|p2b: Ninetales|p1a: Pelipper\n|-supereffective|p1b: Appletun\n|-damage|p1b: Appletun|51\/100\n|move|p1b: Appletun|Apple Acid|p1a: Pelipper\n|-damage|p1a: Pelipper|40\/100\n|-unboost|p1a: Pelipper|spd|1\n|\n|-weather|RainDance|[upkeep]\n|-heal|p1b: Appletun|57\/100|[from] item: Leftovers\n|upkeep\n|turn|2\n|c|\u2606LUISD13G0com|missclicked\n|inactive|LUISD13G0com has 30 seconds left.\n|inactive|Aquarsene has 30 seconds left.\n|\n|t:|1701206204\n|switch|p2b: Palafin|Palafin-Hero, L50, M|100\/100\n|-activate|p2b: Palafin|ability: Zero to Hero\n|switch|p1a: Muk|Muk-Alola, L50, F|100\/100\n|move|p1b: Appletun|Protect|p1b: Appletun\n|-singleturn|p1b: Appletun|Protect\n|move|p2a: Articuno|Icy Wind|p1b: Appletun|[spread] p1a\n|-activate|p1b: Appletun|move: Protect\n|-damage|p1a: Muk|86\/100\n|-unboost|p1a: Muk|spe|1\n|\n|-weather|RainDance|[upkeep]\n|-heal|p1b: Appletun|63\/100|[from] item: Leftovers\n|-heal|p1a: Muk|92\/100|[from] item: Black Sludge\n|upkeep\n|turn|3\n|\n|t:|1701206229\n|switch|p2b: Ninetales|Ninetales-Alola, L50, M|59\/100\n|-weather|Snow|[from] ability: Snow Warning|[of] p2b: Ninetales\n|move|p2a: Articuno|Blizzard|p1b: Appletun|[spread] p1a,p1b\n|-supereffective|p1b: Appletun\n|-damage|p1a: Muk|63\/100\n|-damage|p1b: Appletun|0 fnt\n|-status|p1a: Muk|frz\n|faint|p1b: Appletun\n|cant|p1a: Muk|frz\n|\n|-weather|Snow|[upkeep]\n|-heal|p1a: Muk|69\/100 frz|[from] item: Black Sludge\n|upkeep\n|\n|t:|1701206241\n|switch|p1b: Electrode|Electrode-Hisui, L50|100\/100\n|turn|4\n|\n|t:|1701206249\n|move|p1b: Electrode|Thunderbolt|p2a: Articuno\n|-supereffective|p2a: Articuno\n|-damage|p2a: Articuno|14\/100\n|move|p2b: Ninetales|Blizzard|p1a: Muk|[spread] p1a,p1b\n|-supereffective|p1b: Electrode\n|-damage|p1a: Muk|48\/100 frz\n|-damage|p1b: Electrode|24\/100\n|move|p2a: Articuno|Icy Wind|p1a: Muk|[spread] p1a\n|-miss|p2a: Articuno|p1b: Electrode\n|-damage|p1a: Muk|32\/100 frz\n|-unboost|p1a: Muk|spe|1\n|cant|p1a: Muk|frz\n|\n|-weather|Snow|[upkeep]\n|-heal|p1a: Muk|38\/100 frz|[from] item: Black Sludge\n|upkeep\n|turn|5\n|\n|t:|1701206272\n|move|p1b: Electrode|Thunderbolt|p2a: Articuno|[miss]\n|-miss|p1b: Electrode|p2a: Articuno\n|move|p2b: Ninetales|Aurora Veil|p2b: Ninetales\n|-sidestart|p2: Aquarsene|move: Aurora Veil\n|move|p2a: Articuno|Roost|p2a: Articuno\n|-heal|p2a: Articuno|64\/100\n|-singleturn|p2a: Articuno|move: Roost\n|cant|p1a: Muk|frz\n|\n|-weather|Snow|[upkeep]\n|-heal|p1a: Muk|44\/100 frz|[from] item: Black Sludge\n|upkeep\n|turn|6\n|-message|LUISD13G0com forfeited.\n|\n|win|Aquarsene\n|raw|LUISD13G0com's rating: 1044 &rarr; <strong>1026<\/strong><br \/>(-18 for losing)\n|raw|Aquarsene's rating: 1020 &rarr; <strong>1060<\/strong><br \/>(+40 for winning)\n|l|\u2606LUISD13G0com\n","uploadtime":1701206292,"views":0,"p1id":"luisd13g0com","p2id":"aquarsene","formatid":"gen9vgc2023regulatione","rating":1026,"private":0,"password":""}