{"id":"gen9vgc2023regulatione-1998193417","p1":"BluFalconTwitch","p2":"Justyoujustyou","format":"[Gen 9] VGC 2023 Regulation E","log":"|j|\u2606BluFalconTwitch\n|j|\u2606Justyoujustyou\n|t:|1700910099\n|gametype|doubles\n|player|p1|BluFalconTwitch|102|1155\n|player|p2|Justyoujustyou|170|1200\n|teamsize|p1|6\n|teamsize|p2|6\n|gen|9\n|tier|[Gen 9] VGC 2023 Regulation E\n|rated|\n|rule|Species Clause: Limit one of each Pok\u00e9mon\n|rule|Item Clause: Limit one of each item\n|clearpoke\n|poke|p1|Dragonite, L50, F|\n|poke|p1|Chien-Pao, L50|\n|poke|p1|Tornadus, L50, M|\n|poke|p1|Urshifu-*, L50, F|\n|poke|p1|Gholdengo, L50|\n|poke|p1|Rillaboom, L50, M|\n|poke|p2|Tornadus, L50, M|\n|poke|p2|Ogerpon-Wellspring, L50, F|\n|poke|p2|Flutter Mane, L50|\n|poke|p2|Iron Hands, L50|\n|poke|p2|Arcanine-Hisui, L50, M|\n|poke|p2|Urshifu-*, L50, M|\n|teampreview|4\nBluFalconTwitch has agreed to open team sheets.\n|\n|t:|1700910125\n|start\n|switch|p1a: Tornadus|Tornadus, L50, M|100\/100\n|switch|p1b: Urshifu|Urshifu-Rapid-Strike, L50, F|100\/100\n|switch|p2a: Ogerpon|Ogerpon-Wellspring, L50, F|100\/100\n|switch|p2b: Arcanine|Arcanine-Hisui, L50, M|100\/100\n|-ability|p2b: Arcanine|Intimidate|boost\n|-unboost|p1a: Tornadus|atk|1\n|-unboost|p1b: Urshifu|atk|1\n|turn|1\n|\n|t:|1700910147\n|-terastallize|p2b: Arcanine|Fairy\n|move|p2a: Ogerpon|Spiky Shield|p2a: Ogerpon\n|-singleturn|p2a: Ogerpon|move: Protect\n|move|p1a: Tornadus|Tailwind|p1a: Tornadus\n|-sidestart|p1: BluFalconTwitch|move: Tailwind\n|move|p1b: Urshifu|Surging Strikes|p2b: Arcanine\n|-crit|p2b: Arcanine\n|-damage|p2b: Arcanine|68\/100\n|-crit|p2b: Arcanine\n|-damage|p2b: Arcanine|36\/100\n|-crit|p2b: Arcanine\n|-damage|p2b: Arcanine|6\/100\n|-hitcount|p2b: Arcanine|3\n|move|p2b: Arcanine|Rock Slide|p1a: Tornadus|[spread] p1a,p1b\n|-supereffective|p1a: Tornadus\n|-resisted|p1b: Urshifu\n|-damage|p1a: Tornadus|12\/100\n|-damage|p1b: Urshifu|79\/100\n|\n|upkeep\n|turn|2\n|\n|t:|1700910187\n|switch|p2b: Iron Hands|Iron Hands, L50|100\/100\n|move|p1b: Urshifu|Detect|p1b: Urshifu\n|-singleturn|p1b: Urshifu|Protect\n|move|p1a: Tornadus|Bleakwind Storm|p2a: Ogerpon|[spread] p2a\n|-miss|p1a: Tornadus|p2b: Iron Hands\n|-supereffective|p2a: Ogerpon\n|-damage|p2a: Ogerpon|24\/100\n|move|p2a: Ogerpon|Trailblaze|p1a: Tornadus\n|-resisted|p1a: Tornadus\n|-damage|p1a: Tornadus|0 fnt\n|-boost|p2a: Ogerpon|spe|1\n|faint|p1a: Tornadus\n|\n|upkeep\n|\n|t:|1700910204\n|switch|p1a: Rillaboom|Rillaboom, L50, M|100\/100\n|turn|3\n|\n|t:|1700910239\n|-terastallize|p1b: Urshifu|Water\n|move|p1a: Rillaboom|Fake Out|p2a: Ogerpon\n|-damage|p2a: Ogerpon|7\/100\n|move|p2b: Iron Hands|Fake Out|p1b: Urshifu\n|-damage|p1b: Urshifu|65\/100\n|cant|p1b: Urshifu|flinch\n|cant|p2a: Ogerpon|flinch\n|\n|upkeep\n|turn|4\n|\n|t:|1700910255\n|move|p1b: Urshifu|Surging Strikes|p2b: Iron Hands\n|-crit|p2b: Iron Hands\n|-damage|p2b: Iron Hands|76\/100\n|-crit|p2b: Iron Hands\n|-damage|p2b: Iron Hands|50\/100\n|-crit|p2b: Iron Hands\n|-damage|p2b: Iron Hands|26\/100\n|-hitcount|p2b: Iron Hands|3\n|move|p2a: Ogerpon|Ivy Cudgel|p1b: Urshifu|[anim] Ivy Cudgel Water\n|-resisted|p1b: Urshifu\n|-damage|p1b: Urshifu|40\/100\n|move|p1a: Rillaboom|Grassy Glide|p2a: Ogerpon\n|-damage|p2a: Ogerpon|0 fnt\n|faint|p2a: Ogerpon\n|move|p2b: Iron Hands|Wild Charge|p1b: Urshifu\n|-supereffective|p1b: Urshifu\n|-damage|p1b: Urshifu|0 fnt\n|faint|p1b: Urshifu\n|-damage|p2b: Iron Hands|18\/100|[from] Recoil\n|\n|-sideend|p1: BluFalconTwitch|move: Tailwind\n|upkeep\n|\n|t:|1700910274\n|switch|p2a: Flutter Mane|Flutter Mane, L50|100\/100\n|switch|p1b: Dragonite|Dragonite, L50, F, shiny|100\/100\n|turn|5\n|\n|t:|1700910288\n|-end|p2b: Iron Hands|Quark Drive|[silent]\n|switch|p2b: Arcanine|Arcanine-Hisui, L50, M, tera:Fairy|6\/100\n|-ability|p2b: Arcanine|Intimidate|boost\n|-unboost|p1a: Rillaboom|atk|1\n|-fail|p1b: Dragonite|unboost|Attack|[from] ability: Inner Focus|[of] p1b: Dragonite\n|move|p1b: Dragonite|Extreme Speed|p2b: Arcanine\n|-damage|p2b: Arcanine|0 fnt\n|faint|p2b: Arcanine\n|move|p2a: Flutter Mane|Dazzling Gleam|p1a: Rillaboom|[spread] p1a,p1b\n|-supereffective|p1b: Dragonite\n|-damage|p1a: Rillaboom|57\/100\n|-damage|p1b: Dragonite|44\/100\n|move|p1a: Rillaboom|Wood Hammer|p2a: Flutter Mane\n|-damage|p2a: Flutter Mane|27\/100\n|-damage|p1a: Rillaboom|39\/100|[from] Recoil\n|\n|upkeep\n|\n|t:|1700910303\n|switch|p2b: Iron Hands|Iron Hands, L50|18\/100\n|turn|6\n|\n|t:|1700910314\n|move|p2b: Iron Hands|Fake Out|p1a: Rillaboom\n|-damage|p1a: Rillaboom|27\/100\n|move|p1b: Dragonite|Extreme Speed|p2b: Iron Hands\n|-damage|p2b: Iron Hands|0 fnt\n|faint|p2b: Iron Hands\n|-end|p2b: Iron Hands|Quark Drive|[silent]\n|move|p2a: Flutter Mane|Dazzling Gleam|p1a: Rillaboom|[spread] p1a,p1b\n|-supereffective|p1b: Dragonite\n|-damage|p1a: Rillaboom|0 fnt\n|-damage|p1b: Dragonite|0 fnt\n|faint|p1a: Rillaboom\n|faint|p1b: Dragonite\n|\n|win|Justyoujustyou\n|raw|BluFalconTwitch's rating: 1155 &rarr; <strong>1133<\/strong><br \/>(-22 for losing)\n|raw|Justyoujustyou's rating: 1200 &rarr; <strong>1222<\/strong><br \/>(+22 for winning)\n|l|\u2606BluFalconTwitch\n","uploadtime":1700910335,"views":10,"p1id":"blufalcontwitch","p2id":"justyoujustyou","formatid":"gen9vgc2023regulatione","rating":1133,"private":0,"password":""}