{"id":"gen9vgc2023regulatione-1993278090","p1":"UglyShiny","p2":"1 Time cp","format":"[Gen 9] VGC 2023 Regulation E","log":"|j|\u2606UglyShiny\n|j|\u26061 Time cp\n|t:|1700288988\n|gametype|doubles\n|player|p1|UglyShiny|preschooler|1095\n|player|p2|1 Time cp|lucas|1000\n|teamsize|p1|6\n|teamsize|p2|6\n|gen|9\n|tier|[Gen 9] VGC 2023 Regulation E\n|rated|\n|rule|Species Clause: Limit one of each Pok\u00e9mon\n|rule|Item Clause: Limit one of each item\n|clearpoke\n|poke|p1|Azumarill, L50, F|\n|poke|p1|Shiftry, L50, M|\n|poke|p1|Talonflame, L50, M|\n|poke|p1|Garchomp, L50, M|\n|poke|p1|Cresselia, L50, F|\n|poke|p1|Gholdengo, L50|\n|poke|p2|Enamorus, L50, F|\n|poke|p2|Passimian, L50, M|\n|poke|p2|Dugtrio-Alola, L50, M|\n|poke|p2|Tornadus, L50, M|\n|poke|p2|Farigiraf, L50, M|\n|poke|p2|Rillaboom, L50, M|\n|teampreview|4\n|\n|t:|1700289039\n|start\n|switch|p1a: Gholdengo|Gholdengo, L50|100\/100\n|switch|p1b: Cresselia|Cresselia, L50, F|100\/100\n|switch|p2a: Enamorus|Enamorus, L50, F|100\/100\n|switch|p2b: Passimian|Passimian, L50, M|100\/100\n|turn|1\n|inactive|Battle timer is ON: inactive players will automatically lose when time's up. (requested by 1 Time cp)\n|\n|t:|1700289066\n|move|p1a: Gholdengo|Protect|p1a: Gholdengo\n|-singleturn|p1a: Gholdengo|Protect\n|move|p2b: Passimian|Protect|p2b: Passimian\n|-singleturn|p2b: Passimian|Protect\n|move|p2a: Enamorus|Misty Explosion|p1b: Cresselia|[spread] p1b\n|-activate|p2b: Passimian|move: Protect\n|-activate|p1a: Gholdengo|move: Protect\n|-damage|p1b: Cresselia|67\/100\n|faint|p2a: Enamorus\n|-ability|p2b: Passimian|Contrary|[from] ability: Receiver|[of] p2a: Enamorus\n|move|p1b: Cresselia|Thunder Wave|p2b: Passimian\n|-activate|p2b: Passimian|move: Protect\n|\n|upkeep\n|\n|t:|1700289081\n|switch|p2a: Dugtrio|Dugtrio-Alola, L50, M|100\/100\n|turn|2\n|\n|t:|1700289105\n|switch|p1a: Shiftry|Shiftry, L50, M|100\/100\n|move|p2a: Dugtrio|Charm|p2b: Passimian\n|-boost|p2b: Passimian|atk|2\n|move|p2b: Passimian|Close Combat|p1b: Cresselia\n|-resisted|p1b: Cresselia\n|-damage|p1b: Cresselia|33\/100\n|-boost|p2b: Passimian|def|1\n|-boost|p2b: Passimian|spd|1\n|move|p1b: Cresselia|Thunder Wave|p2b: Passimian\n|-status|p2b: Passimian|par\n|\n|upkeep\n|turn|3\n|\n|t:|1700289128\n|-terastallize|p2b: Passimian|Fire\n|move|p2a: Dugtrio|Charm|p2b: Passimian\n|-boost|p2b: Passimian|atk|2\n|move|p1a: Shiftry|Knock Off|p2b: Passimian\n|-damage|p2b: Passimian|74\/100 par\n|-enditem|p2b: Passimian|Leftovers|[from] move: Knock Off|[of] p1a: Shiftry\n|move|p1b: Cresselia|Lunar Blessing|p1b: Cresselia|[spread] p1a,p1b\n|-heal|p1b: Cresselia|58\/100\n|move|p2b: Passimian|Close Combat|p1b: Cresselia\n|-resisted|p1b: Cresselia\n|-damage|p1b: Cresselia|3\/100\n|-boost|p2b: Passimian|def|1\n|-boost|p2b: Passimian|spd|1\n|\n|upkeep\n|turn|4\n|inactive|UglyShiny has 30 seconds left.\n|\n|t:|1700289155\n|move|p2a: Dugtrio|Charm|p2b: Passimian\n|-boost|p2b: Passimian|atk|2\n|move|p1a: Shiftry|Leaf Blade|p2a: Dugtrio\n|-damage|p2a: Dugtrio|37\/100\n|-ability|p2a: Dugtrio|Tangling Hair\n|-unboost|p1a: Shiftry|spe|1\n|move|p1b: Cresselia|Lunar Blessing|p1b: Cresselia|[spread] p1a,p1b\n|-heal|p1b: Cresselia|28\/100\n|move|p2b: Passimian|Drain Punch|p1a: Shiftry\n|-supereffective|p1a: Shiftry\n|-enditem|p1a: Shiftry|Chople Berry|[eat]\n|-enditem|p1a: Shiftry|Chople Berry|[weaken]\n|-damage|p1a: Shiftry|0 fnt\n|-heal|p2b: Passimian|100\/100 par|[from] drain|[of] p1a: Shiftry\n|faint|p1a: Shiftry\n|\n|upkeep\n|inactive|UglyShiny has 30 seconds left.\n|\n|t:|1700289182\n|switch|p1a: Gholdengo|Gholdengo, L50|100\/100\n|turn|5\n|\n|t:|1700289194\n|move|p2a: Dugtrio|Charm|p1b: Cresselia\n|-unboost|p1b: Cresselia|atk|2\n|move|p1a: Gholdengo|Power Gem|p2b: Passimian\n|-supereffective|p2b: Passimian\n|-damage|p2b: Passimian|69\/100 par\n|move|p1b: Cresselia|Moonblast|p2b: Passimian\n|-resisted|p2b: Passimian\n|-damage|p2b: Passimian|64\/100 par\n|move|p2b: Passimian|Close Combat|p1b: Cresselia\n|-resisted|p1b: Cresselia\n|-crit|p1b: Cresselia\n|-damage|p1b: Cresselia|0 fnt\n|-boost|p2b: Passimian|def|1\n|-boost|p2b: Passimian|spd|1\n|faint|p1b: Cresselia\n|\n|upkeep\n|\n|t:|1700289209\n|switch|p1b: Azumarill|Azumarill, L50, F|100\/100\n|turn|6\n|inactive|UglyShiny has 30 seconds left.\n|\n|t:|1700289238\n|move|p2b: Passimian|Protect|p2b: Passimian\n|-singleturn|p2b: Passimian|Protect\n|move|p1b: Azumarill|Aqua Jet|p2a: Dugtrio\n|-supereffective|p2a: Dugtrio\n|-damage|p2a: Dugtrio|0 fnt\n|-ability|p2a: Dugtrio|Tangling Hair\n|-unboost|p1b: Azumarill|spe|1\n|faint|p2a: Dugtrio\n|move|p1a: Gholdengo|Power Gem|p2b: Passimian\n|-activate|p2b: Passimian|move: Protect\n|\n|upkeep\n|\n|t:|1700289249\n|switch|p2a: Tornadus|Tornadus, L50, M|100\/100\n|turn|7\n|\n|t:|1700289269\n|move|p1b: Azumarill|Aqua Jet|p2a: Tornadus\n|-damage|p2a: Tornadus|58\/100\n|move|p2a: Tornadus|Bleakwind Storm|p1b: Azumarill|[spread] p1a,p1b\n|-resisted|p1a: Gholdengo\n|-damage|p1a: Gholdengo|80\/100\n|-damage|p1b: Azumarill|59\/100\n|move|p1a: Gholdengo|Power Gem|p2a: Tornadus\n|-supereffective|p2a: Tornadus\n|-damage|p2a: Tornadus|0 fnt\n|faint|p2a: Tornadus\n|move|p2b: Passimian|Drain Punch|p1b: Azumarill\n|-resisted|p1b: Azumarill\n|-damage|p1b: Azumarill|0 fnt\n|-heal|p2b: Passimian|95\/100 par|[from] drain|[of] p1b: Azumarill\n|faint|p1b: Azumarill\n|\n|upkeep\n|turn|8\n|\n|t:|1700289287\n|move|p1a: Gholdengo|Power Gem|p2b: Passimian\n|-supereffective|p2b: Passimian\n|-damage|p2b: Passimian|69\/100 par\n|move|p2b: Passimian|Iron Head|p1a: Gholdengo\n|-resisted|p1a: Gholdengo\n|-damage|p1a: Gholdengo|25\/100\n|\n|upkeep\n|turn|9\n|\n|t:|1700289296\n|move|p1a: Gholdengo|Power Gem|p2b: Passimian\n|-supereffective|p2b: Passimian\n|-damage|p2b: Passimian|42\/100 par\n|move|p2b: Passimian|Iron Head|p1a: Gholdengo\n|-resisted|p1a: Gholdengo\n|-damage|p1a: Gholdengo|0 fnt\n|faint|p1a: Gholdengo\n|\n|win|1 Time cp\n|raw|UglyShiny's rating: 1095 &rarr; <strong>1064<\/strong><br \/>(-31 for losing)\n|raw|1 Time cp's rating: 1000 &rarr; <strong>1051<\/strong><br \/>(+51 for winning)\n","uploadtime":1700289306,"views":9,"p1id":"uglyshiny","p2id":"1timecp","formatid":"gen9vgc2023regulatione","rating":1051,"private":0,"password":""}