{"id":"gen9vgc2023regulatione-1988344660","p1":"BROKE1TH","p2":"previouslyunnamed","format":"[Gen 9] VGC 2023 Regulation E","log":"|j|\u2606BROKE1TH\n|j|\u2606previouslyunnamed\n|t:|1699711637\n|gametype|doubles\n|player|p1|BROKE1TH|unknown|1543\n|player|p2|previouslyunnamed|ryuki|1535\n|teamsize|p1|6\n|teamsize|p2|6\n|gen|9\n|tier|[Gen 9] VGC 2023 Regulation E\n|rated|\n|rule|Species Clause: Limit one of each Pok\u00e9mon\n|rule|Item Clause: Limit one of each item\n|clearpoke\n|poke|p1|Armarouge, L50, M|\n|poke|p1|Iron Bundle, L50|\n|poke|p1|Indeedee-F, L50, F|\n|poke|p1|Farigiraf, L50, M|\n|poke|p1|Lilligant-Hisui, L50, F|\n|poke|p1|Torkoal, L50, M|\n|poke|p2|Farigiraf, L50, M|\n|poke|p2|Ursaluna, L50, F|\n|poke|p2|Flutter Mane, L50|\n|poke|p2|Heatran, L50, M|\n|poke|p2|Urshifu-*, L50, M|\n|poke|p2|Tornadus, L50, M|\n|teampreview|4\n|inactive|Battle timer is ON: inactive players will automatically lose when time's up. (requested by BROKE1TH)\n|inactive|previouslyunnamed also wants the timer to be on.\n|inactive|BROKE1TH has 60 seconds left.\n|\n|t:|1699711678\n|start\n|switch|p1a: Sir Toast|Armarouge, L50, M|100\/100\n|switch|p1b: Indeed.com|Indeedee-F, L50, F|100\/100\n|switch|p2a: Tornadus|Tornadus, L50, M, shiny|100\/100\n|switch|p2b: Flutter Mane|Flutter Mane, L50|100\/100\n|-fieldstart|move: Psychic Terrain|[from] ability: Psychic Surge|[of] p1b: Indeed.com\n|turn|1\n|inactive|BROKE1TH has 30 seconds left.\n|inactive|previouslyunnamed has 30 seconds left.\n|inactive|BROKE1TH has 20 seconds left.\n|inactive|previouslyunnamed has 20 seconds left.\n|inactive|BROKE1TH has 15 seconds left.\n|inactive|previouslyunnamed has 15 seconds left.\n|inactive|BROKE1TH has 10 seconds left.\n|inactive|previouslyunnamed has 10 seconds left.\n|j| powerjehun\n|inactive|previouslyunnamed has 5 seconds left.\n|\n|t:|1699711733\n|-terastallize|p1a: Sir Toast|Psychic\n|move|p1b: Indeed.com|Follow Me|p1b: Indeed.com\n|-singleturn|p1b: Indeed.com|move: Follow Me\n|move|p2a: Tornadus|Sunny Day|p2a: Tornadus\n|-weather|SunnyDay\n|-activate|p2b: Flutter Mane|ability: Protosynthesis\n|-start|p2b: Flutter Mane|protosynthesisspa\n|move|p2b: Flutter Mane|Moonblast|p1b: Indeed.com\n|-damage|p1b: Indeed.com|0 fnt\n|faint|p1b: Indeed.com\n|move|p1a: Sir Toast|Expanding Force|p2b: Flutter Mane|[spread] p2a,p2b\n|-damage|p2a: Tornadus|7\/100\n|-damage|p2b: Flutter Mane|18\/100\n|\n|-weather|SunnyDay|[upkeep]\n|upkeep\n|inactive|BROKE1TH has 30 seconds left.\n|inactive|BROKE1TH has 20 seconds left.\n|\n|t:|1699711772\n|switch|p1b: Vegan|Lilligant-Hisui, L50, F|100\/100\n|turn|2\n|c|\u2606previouslyunnamed|yo its powerjehunn\n|c|\u2606previouslyunnamed|no way\n|c|\u2606previouslyunnamed|fan\n|inactive|BROKE1TH has 30 seconds left.\n|c| powerjehun|? oh\n|\n|t:|1699711803\n|move|p2a: Tornadus|Tailwind|p2a: Tornadus\n|-sidestart|p2: previouslyunnamed|move: Tailwind\n|move|p2b: Flutter Mane|Moonblast|p1a: Sir Toast\n|-damage|p1a: Sir Toast|0 fnt\n|faint|p1a: Sir Toast\n|move|p1b: Vegan|Solar Blade||[still]\n|-prepare|p1b: Vegan|Solar Blade\n|-anim|p1b: Vegan|Solar Blade|p2b: Flutter Mane\n|-damage|p2b: Flutter Mane|0 fnt\n|faint|p2b: Flutter Mane\n|-end|p2b: Flutter Mane|Protosynthesis|[silent]\n|\n|-weather|SunnyDay|[upkeep]\n|upkeep\n|c| powerjehun|nice to meet you\n|\n|t:|1699711828\n|switch|p2b: Heatran|Heatran, L50, M|100\/100\n|switch|p1a: Mellow Bowser|Torkoal, L50, M|100\/100\n|turn|3\n|inactive|BROKE1TH has 30 seconds left.\n|c|\u2606previouslyunnamed|could we talk after this\n|c|\u2606previouslyunnamed|lol\n|\n|t:|1699711861\n|move|p2a: Tornadus|Protect|p2a: Tornadus\n|-singleturn|p2a: Tornadus|Protect\n|move|p2b: Heatran|Protect|p2b: Heatran\n|-singleturn|p2b: Heatran|Protect\n|move|p1b: Vegan|Encore|p2a: Tornadus\n|-activate|p2a: Tornadus|move: Protect\n|move|p1a: Mellow Bowser|Earth Power|p2b: Heatran\n|-activate|p2b: Heatran|move: Protect\n|\n|-weather|SunnyDay|[upkeep]\n|upkeep\n|turn|4\n|inactive|previouslyunnamed has 30 seconds left.\n|\n|t:|1699711888\n|switch|p2a: Urshifu|Urshifu, L50, M|100\/100\n|-terastallize|p2b: Heatran|Fairy\n|move|p1b: Vegan|Encore|p2b: Heatran\n|-start|p2b: Heatran|Encore\n|move|p2b: Heatran|Protect||[still]\n|-fail|p2b: Heatran\n|move|p1a: Mellow Bowser|Earth Power|p2b: Heatran\n|-damage|p2b: Heatran|76\/100\n|\n|-weather|SunnyDay|[upkeep]\n|upkeep\n|turn|5\n|\n|t:|1699711907\n|switch|p2b: Tornadus|Tornadus, L50, M, shiny|7\/100\n|move|p2a: Urshifu|Detect|p2a: Urshifu\n|-singleturn|p2a: Urshifu|Protect\n|move|p1b: Vegan|Close Combat|p2a: Urshifu\n|-activate|p2a: Urshifu|move: Protect\n|move|p1a: Mellow Bowser|Solar Beam||[still]\n|-prepare|p1a: Mellow Bowser|Solar Beam\n|-anim|p1a: Mellow Bowser|Solar Beam|p2b: Tornadus\n|-resisted|p2b: Tornadus\n|-damage|p2b: Tornadus|0 fnt\n|faint|p2b: Tornadus\n|\n|-weather|none\n|-sideend|p2: previouslyunnamed|move: Tailwind\n|-fieldend|move: Psychic Terrain\n|upkeep\n|\n|t:|1699711922\n|switch|p2b: Heatran|Heatran, L50, M, tera:Fairy|76\/100\n|turn|6\n|\n|t:|1699711933\n|move|p2a: Urshifu|Sucker Punch|p1a: Mellow Bowser\n|-damage|p1a: Mellow Bowser|72\/100\n|move|p1b: Vegan|Close Combat|p2a: Urshifu\n|-supereffective|p2a: Urshifu\n|-enditem|p2a: Urshifu|Focus Sash\n|-damage|p2a: Urshifu|1\/100\n|-unboost|p1b: Vegan|def|1\n|-unboost|p1b: Vegan|spd|1\n|move|p2b: Heatran|Heat Wave|p1a: Mellow Bowser|[spread] p1a,p1b\n|-resisted|p1a: Mellow Bowser\n|-supereffective|p1b: Vegan\n|-damage|p1a: Mellow Bowser|38\/100\n|-enditem|p1b: Vegan|Focus Sash\n|-damage|p1b: Vegan|1\/100\n|-damage|p2b: Heatran|66\/100|[from] item: Life Orb\n|move|p1a: Mellow Bowser|Earth Power|p2b: Heatran\n|-damage|p2b: Heatran|41\/100\n|\n|upkeep\n|turn|7\n|inactive|BROKE1TH has 30 seconds left.\n|inactive|BROKE1TH has 20 seconds left.\n|\n|t:|1699711973\n|move|p2a: Urshifu|Sucker Punch||[still]\n|-fail|p2a: Urshifu\n|move|p1b: Vegan|After You|p1a: Mellow Bowser\n|-activate|p1a: Mellow Bowser|move: After You\n|move|p1a: Mellow Bowser|Earth Power|p2a: Urshifu\n|-damage|p2a: Urshifu|0 fnt\n|faint|p2a: Urshifu\n|move|p2b: Heatran|Earth Power|p1a: Mellow Bowser\n|-supereffective|p1a: Mellow Bowser\n|-damage|p1a: Mellow Bowser|0 fnt\n|faint|p1a: Mellow Bowser\n|-damage|p2b: Heatran|32\/100|[from] item: Life Orb\n|\n|upkeep\n|turn|8\n|\n|t:|1699711989\n|move|p1b: Vegan|Close Combat|p2b: Heatran\n|-resisted|p2b: Heatran\n|-damage|p2b: Heatran|3\/100\n|-unboost|p1b: Vegan|def|1\n|-unboost|p1b: Vegan|spd|1\n|move|p2b: Heatran|Flash Cannon|p1b: Vegan\n|-damage|p1b: Vegan|0 fnt\n|faint|p1b: Vegan\n|-damage|p2b: Heatran|0 fnt|[from] item: Life Orb\n|faint|p2b: Heatran\n|\n|win|previouslyunnamed\n|raw|BROKE1TH's rating: 1543 &rarr; <strong>1523<\/strong><br \/>(-20 for losing)\n|raw|previouslyunnamed's rating: 1535 &rarr; <strong>1555<\/strong><br \/>(+20 for winning)\n|l|\u2606BROKE1TH\n|c|\u2606previouslyunnamed|u still there\n","uploadtime":1699712007,"views":15,"p1id":"broke1th","p2id":"previouslyunnamed","formatid":"gen9vgc2023regulatione","rating":1523,"private":0,"password":""}