{"id":"gen9vgc2023regulatione-1990383798","p1":"Mortipherus","p2":"GlatiasY","format":"[Gen 9] VGC 2023 Regulation E","log":"|j|\u2606Mortipherus\n|j|\u2606GlatiasY\n|t:|1699965091\n|gametype|doubles\n|player|p1|Mortipherus|biker-gen4|1135\n|player|p2|GlatiasY|102|1067\n|teamsize|p1|6\n|teamsize|p2|6\n|gen|9\n|tier|[Gen 9] VGC 2023 Regulation E\n|rated|\n|rule|Species Clause: Limit one of each Pok\u00e9mon\n|rule|Item Clause: Limit one of each item\n|clearpoke\n|poke|p1|Revavroom, L50, F|\n|poke|p1|Landorus-Therian, L50, M|\n|poke|p1|Iron Hands, L50|\n|poke|p1|Flutter Mane, L50|\n|poke|p1|Arcanine-Hisui, L50, M|\n|poke|p1|Ogerpon-Wellspring, L50, F|\n|poke|p2|Cresselia, L50, F|\n|poke|p2|Wo-Chien, L50|\n|poke|p2|Gholdengo, L50|\n|poke|p2|Conkeldurr, L50, F|\n|poke|p2|Scizor, L50, F|\n|poke|p2|Garganacl, L50, F|\n|teampreview|4\nMortipherus has agreed to open team sheets.\n|inactive|Battle timer is ON: inactive players will automatically lose when time's up. (requested by Mortipherus)\n|j| fheopjgaoijfaofjo\n|inactive|GlatiasY has 60 seconds left.\n|\n|t:|1699965151\n|start\n|switch|p1a: Revavroom|Revavroom, L50, F, shiny|100\/100\n|switch|p1b: Flutter Mane|Flutter Mane, L50, shiny|100\/100\n|switch|p2a: Cresselia|Cresselia, L50, F|100\/100\n|switch|p2b: Conkeldurr|Conkeldurr, L50, F|100\/100\n|-enditem|p1b: Flutter Mane|Booster Energy\n|-activate|p1b: Flutter Mane|ability: Protosynthesis|[fromitem]\n|-start|p1b: Flutter Mane|protosynthesisspa\n|turn|1\n|inactive|Mortipherus has 30 seconds left.\n|inactive|Mortipherus has 20 seconds left.\n|\n|t:|1699965189\n|move|p2b: Conkeldurr|Protect|p2b: Conkeldurr\n|-singleturn|p2b: Conkeldurr|Protect\n|move|p1b: Flutter Mane|Shadow Ball|p2a: Cresselia\n|-supereffective|p2a: Cresselia\n|-damage|p2a: Cresselia|48\/100\n|move|p1a: Revavroom|Iron Head|p2a: Cresselia\n|-damage|p2a: Cresselia|18\/100\n|move|p2a: Cresselia|Trick Room|p2a: Cresselia\n|-fieldstart|move: Trick Room|[of] p2a: Cresselia\n|\n|-status|p2b: Conkeldurr|brn|[from] item: Flame Orb\n|upkeep\n|turn|2\n|\n|t:|1699965212\n|switch|p2b: Wo-Chien|Wo-Chien, L50|100\/100\n|-ability|p2b: Wo-Chien|Tablets of Ruin\n|move|p1a: Revavroom|Protect|p1a: Revavroom\n|-singleturn|p1a: Revavroom|Protect\n|move|p2a: Cresselia|Skill Swap|p2b: Wo-Chien\n|-activate|p2a: Cresselia|move: Skill Swap|||[of] p2b: Wo-Chien\n|-ability|p2a: Cresselia|Tablets of Ruin\n|move|p1b: Flutter Mane|Shadow Ball|p2a: Cresselia\n|-supereffective|p2a: Cresselia\n|-damage|p2a: Cresselia|0 fnt\n|faint|p2a: Cresselia\n|\n|upkeep\n|\n|t:|1699965224\n|switch|p2a: Garganacl|Garganacl, L50, F|100\/100\n|turn|3\n|\n|t:|1699965237\n|-end|p1b: Flutter Mane|Protosynthesis|[silent]\n|switch|p1b: Arcanine|Arcanine-Hisui, L50, M, shiny|100\/100\n|-ability|p1b: Arcanine|Intimidate|boost\n|-unboost|p2a: Garganacl|atk|1\n|-unboost|p2b: Wo-Chien|atk|1\n|-terastallize|p2b: Wo-Chien|Poison\n|move|p2a: Garganacl|Salt Cure|p1a: Revavroom\n|-resisted|p1a: Revavroom\n|-damage|p1a: Revavroom|95\/100\n|-start|p1a: Revavroom|Salt Cure\n|move|p2b: Wo-Chien|Leech Seed|p1b: Arcanine\n|-start|p1b: Arcanine|move: Leech Seed\n|move|p1a: Revavroom|Poison Jab|p2b: Wo-Chien\n|-resisted|p2b: Wo-Chien\n|-damage|p2b: Wo-Chien|86\/100\n|\n|-heal|p2b: Wo-Chien|92\/100|[from] item: Leftovers\n|-damage|p1b: Arcanine|88\/100|[from] Leech Seed|[of] p2b: Wo-Chien\n|-heal|p2b: Wo-Chien|100\/100|[silent]\n|-damage|p1a: Revavroom|71\/100|[from] Salt Cure\n|upkeep\n|turn|4\n|\n|t:|1699965259\n|switch|p1a: Landorus|Landorus-Therian, L50, M|100\/100\n|-ability|p1a: Landorus|Intimidate|boost\n|-unboost|p2a: Garganacl|atk|1\n|-unboost|p2b: Wo-Chien|atk|1\n|move|p2a: Garganacl|Salt Cure|p1b: Arcanine\n|-supereffective|p1b: Arcanine\n|-damage|p1b: Arcanine|71\/100\n|-start|p1b: Arcanine|Salt Cure\n|move|p2b: Wo-Chien|Substitute|p2b: Wo-Chien\n|-start|p2b: Wo-Chien|Substitute\n|-damage|p2b: Wo-Chien|76\/100\n|move|p1b: Arcanine|Rock Slide|p2a: Garganacl|[spread] p2a,p2b\n|-end|p2b: Wo-Chien|Substitute\n|-damage|p2a: Garganacl|70\/100\n|\n|-heal|p2b: Wo-Chien|82\/100|[from] item: Leftovers\n|-damage|p1b: Arcanine|58\/100|[from] Leech Seed|[of] p2b: Wo-Chien\n|-heal|p2b: Wo-Chien|93\/100|[silent]\n|-damage|p1b: Arcanine|46\/100|[from] Salt Cure\n|upkeep\n|turn|5\n|inactive|Mortipherus has 30 seconds left.\n|inactive|GlatiasY has 30 seconds left.\n|\n|t:|1699965290\n|switch|p1b: Flutter Mane|Flutter Mane, L50, shiny|100\/100\n|move|p2a: Garganacl|Salt Cure|p1a: Landorus\n|-damage|p1a: Landorus|93\/100\n|-start|p1a: Landorus|Salt Cure\n|move|p2b: Wo-Chien|Leech Seed|p1a: Landorus\n|-start|p1a: Landorus|move: Leech Seed\n|move|p1a: Landorus|Stomping Tantrum|p2a: Garganacl\n|-supereffective|p2a: Garganacl\n|-damage|p2a: Garganacl|11\/100\n|-damage|p1a: Landorus|76\/100|[from] item: Rocky Helmet|[of] p2a: Garganacl\n|\n|-heal|p2b: Wo-Chien|99\/100|[from] item: Leftovers\n|-damage|p1a: Landorus|64\/100|[from] Leech Seed|[of] p2b: Wo-Chien\n|-heal|p2b: Wo-Chien|100\/100|[silent]\n|-damage|p1a: Landorus|51\/100|[from] Salt Cure\n|-fieldend|move: Trick Room\n|upkeep\n|turn|6\n|\n|t:|1699965312\n|move|p2a: Garganacl|Protect|p2a: Garganacl\n|-singleturn|p2a: Garganacl|Protect\n|move|p1a: Landorus|Stomping Tantrum|p2b: Wo-Chien\n|-immune|p2b: Wo-Chien|[from] ability: Levitate\n|move|p1b: Flutter Mane|Shadow Ball|p2a: Garganacl\n|-activate|p2a: Garganacl|move: Protect\n|move|p2b: Wo-Chien|Leech Seed|p1b: Flutter Mane\n|-start|p1b: Flutter Mane|move: Leech Seed\n|\n|-damage|p1a: Landorus|39\/100|[from] Leech Seed|[of] p2b: Wo-Chien\n|-damage|p1b: Flutter Mane|89\/100|[from] Leech Seed|[of] p2b: Wo-Chien\n|-damage|p1a: Landorus|26\/100|[from] Salt Cure\n|upkeep\n|turn|7\n|\n|t:|1699965339\n|switch|p1a: Revavroom|Revavroom, L50, F, shiny|71\/100\n|move|p1b: Flutter Mane|Shadow Ball|p2a: Garganacl\n|-damage|p2a: Garganacl|0 fnt\n|faint|p2a: Garganacl\n|move|p2b: Wo-Chien|Substitute|p2b: Wo-Chien\n|-start|p2b: Wo-Chien|Substitute\n|-damage|p2b: Wo-Chien|76\/100\n|\n|-heal|p2b: Wo-Chien|82\/100|[from] item: Leftovers\n|-damage|p1b: Flutter Mane|77\/100|[from] Leech Seed|[of] p2b: Wo-Chien\n|-heal|p2b: Wo-Chien|90\/100|[silent]\n|upkeep\n|\n|t:|1699965352\n|switch|p2a: Conkeldurr|Conkeldurr, L50, F|100\/100 brn\n|turn|8\n|inactive|GlatiasY has 30 seconds left.\n|\n|t:|1699965385\n|-end|p1b: Flutter Mane|Protosynthesis|[silent]\n|switch|p1b: Arcanine|Arcanine-Hisui, L50, M, shiny|46\/100\n|-ability|p1b: Arcanine|Intimidate|boost\n|-unboost|p2a: Conkeldurr|atk|1\n|-immune|p2b: Wo-Chien\n|move|p1a: Revavroom|Shift Gear|p1a: Revavroom\n|-boost|p1a: Revavroom|spe|2\n|-boost|p1a: Revavroom|atk|1\n|move|p2b: Wo-Chien|Pollen Puff|p2a: Conkeldurr\n|-immune|p2a: Conkeldurr\n|move|p2a: Conkeldurr|Ice Punch|p1b: Arcanine\n|-resisted|p1b: Arcanine\n|-damage|p1b: Arcanine|27\/100\n|\n|-heal|p2b: Wo-Chien|96\/100|[from] item: Leftovers\n|-damage|p2a: Conkeldurr|94\/100 brn|[from] brn\n|upkeep\n|turn|9\n|inactive|Mortipherus has 30 seconds left.\n|inactive|Mortipherus has 20 seconds left.\n|inactive|Mortipherus has 15 seconds left.\n|\n|t:|1699965429\n|move|p1b: Arcanine|Extreme Speed|p2b: Wo-Chien\n|-end|p2b: Wo-Chien|Substitute\n|move|p1a: Revavroom|Iron Head|p2b: Wo-Chien\n|-damage|p2b: Wo-Chien|52\/100\n|move|p2b: Wo-Chien|Leech Seed|p1a: Revavroom\n|-start|p1a: Revavroom|move: Leech Seed\n|move|p2a: Conkeldurr|Drain Punch|p1b: Arcanine\n|-supereffective|p1b: Arcanine\n|-damage|p1b: Arcanine|0 fnt\n|-heal|p2a: Conkeldurr|100\/100 brn|[from] drain|[of] p1b: Arcanine\n|faint|p1b: Arcanine\n|\n|-heal|p2b: Wo-Chien|58\/100|[from] item: Leftovers\n|-damage|p1a: Revavroom|58\/100|[from] Leech Seed|[of] p2b: Wo-Chien\n|-heal|p2b: Wo-Chien|69\/100|[silent]\n|-damage|p2a: Conkeldurr|94\/100 brn|[from] brn\n|upkeep\n|\n|t:|1699965447\n|switch|p1b: Landorus|Landorus-Therian, L50, M|26\/100\n|-ability|p1b: Landorus|Intimidate|boost\n|-unboost|p2a: Conkeldurr|atk|1\n|-unboost|p2b: Wo-Chien|atk|1\n|turn|10\n|\n|t:|1699965459\n|-terastallize|p1b: Landorus|Flying\n|move|p1a: Revavroom|Iron Head|p2b: Wo-Chien\n|-damage|p2b: Wo-Chien|29\/100\n|move|p1b: Landorus|Tera Blast|p2a: Conkeldurr|[anim] Tera Blast Flying\n|-supereffective|p2a: Conkeldurr\n|-damage|p2a: Conkeldurr|0 fnt\n|faint|p2a: Conkeldurr\n|move|p2b: Wo-Chien|Substitute|p2b: Wo-Chien\n|-start|p2b: Wo-Chien|Substitute\n|-damage|p2b: Wo-Chien|5\/100\n|\n|-heal|p2b: Wo-Chien|10\/100|[from] item: Leftovers\n|-damage|p1a: Revavroom|46\/100|[from] Leech Seed|[of] p2b: Wo-Chien\n|-heal|p2b: Wo-Chien|22\/100|[silent]\n|upkeep\n|turn|11\n|\n|t:|1699965476\n|move|p2b: Wo-Chien|Protect|p2b: Wo-Chien\n|-singleturn|p2b: Wo-Chien|Protect\n|move|p1a: Revavroom|Iron Head|p2b: Wo-Chien\n|-activate|p2b: Wo-Chien|move: Protect\n|move|p1b: Landorus|Tera Blast|p2b: Wo-Chien|[anim] Tera Blast Flying\n|-activate|p2b: Wo-Chien|move: Protect\n|\n|-heal|p2b: Wo-Chien|28\/100|[from] item: Leftovers\n|-damage|p1a: Revavroom|34\/100|[from] Leech Seed|[of] p2b: Wo-Chien\n|-heal|p2b: Wo-Chien|39\/100|[silent]\n|upkeep\n|turn|12\n|\n|t:|1699965496\n|move|p1a: Revavroom|Iron Head|p2b: Wo-Chien\n|-end|p2b: Wo-Chien|Substitute\n|move|p1b: Landorus|Tera Blast|p2b: Wo-Chien|[anim] Tera Blast Flying\n|-damage|p2b: Wo-Chien|2\/100\n|move|p2b: Wo-Chien|Leech Seed|p1b: Landorus\n|-start|p1b: Landorus|move: Leech Seed\n|\n|-heal|p2b: Wo-Chien|7\/100|[from] item: Leftovers\n|-damage|p1a: Revavroom|21\/100|[from] Leech Seed|[of] p2b: Wo-Chien\n|-heal|p2b: Wo-Chien|19\/100|[silent]\n|-damage|p1b: Landorus|14\/100|[from] Leech Seed|[of] p2b: Wo-Chien\n|-heal|p2b: Wo-Chien|31\/100|[silent]\n|upkeep\n|turn|13\n|\n|t:|1699965514\n|switch|p1b: Flutter Mane|Flutter Mane, L50, shiny|77\/100\n|move|p2b: Wo-Chien|Protect|p2b: Wo-Chien\n|-singleturn|p2b: Wo-Chien|Protect\n|move|p1a: Revavroom|Shift Gear|p1a: Revavroom\n|-boost|p1a: Revavroom|spe|2\n|-boost|p1a: Revavroom|atk|1\n|\n|-heal|p2b: Wo-Chien|37\/100|[from] item: Leftovers\n|-damage|p1a: Revavroom|9\/100|[from] Leech Seed|[of] p2b: Wo-Chien\n|-heal|p2b: Wo-Chien|49\/100|[silent]\n|upkeep\n|turn|14\n|\n|t:|1699965528\n|move|p2b: Wo-Chien|Protect||[still]\n|-fail|p2b: Wo-Chien\n|move|p1a: Revavroom|Iron Head|p2b: Wo-Chien\n|-damage|p2b: Wo-Chien|0 fnt\n|faint|p2b: Wo-Chien\n|\n|win|Mortipherus\n|raw|Mortipherus's rating: 1135 &rarr; <strong>1155<\/strong><br \/>(+20 for winning)\n|raw|GlatiasY's rating: 1067 &rarr; <strong>1051<\/strong><br \/>(-16 for losing)\n|l|\u2606GlatiasY\n|l|\u2606Mortipherus\n|j|\u2606Mortipherus\n|player|p1|Mortipherus|biker-gen4\n","uploadtime":1699965583,"views":22,"p1id":"mortipherus","p2id":"glatiasy","formatid":"gen9vgc2023regulatione","rating":1051,"private":0,"password":""}