{"id":"gen9vgc2023regulatione-1991388725","p1":"misoup29","p2":"Bolsa_25","format":"[Gen 9] VGC 2023 Regulation E","log":"|j|\u2606misoup29\n|j|\u2606Bolsa_25\n|t:|1700072986\n|gametype|doubles\n|player|p1|misoup29|102|1506\n|player|p2|Bolsa_25|tate|1460\n|teamsize|p1|6\n|teamsize|p2|6\n|gen|9\n|tier|[Gen 9] VGC 2023 Regulation E\n|rated|\n|rule|Species Clause: Limit one of each Pok\u00e9mon\n|rule|Item Clause: Limit one of each item\n|clearpoke\n|poke|p1|Landorus-Therian, L50, M|\n|poke|p1|Ogerpon-Wellspring, L50, F|\n|poke|p1|Weezing, L50, F|\n|poke|p1|Iron Hands, L50|\n|poke|p1|Flutter Mane, L50|\n|poke|p1|Roaring Moon, L50|\n|poke|p2|Indeedee-F, L50, F|\n|poke|p2|Ting-Lu, L50|\n|poke|p2|Armarouge, L50, F|\n|poke|p2|Torkoal, L50, F|\n|poke|p2|Hatterene, L50, F|\n|poke|p2|Glastrier, L50|\n|teampreview|4\n|inactive|Battle timer is ON: inactive players will automatically lose when time's up. (requested by misoup29)\n|inactive|misoup29 has 60 seconds left.\n|\n|t:|1700073039\n|start\n|switch|p1a: Weezing|Weezing, L50, F, shiny|100\/100\n|switch|p1b: Iron Hands|Iron Hands, L50|100\/100\n|switch|p2a: Indeedee|Indeedee-F, L50, F|100\/100\n|switch|p2b: Hatterene|Hatterene, L50, F|100\/100\n|-ability|p1a: Weezing|Neutralizing Gas\n|turn|1\n|\n|t:|1700073059\n|move|p1a: Weezing|Protect|p1a: Weezing\n|-singleturn|p1a: Weezing|Protect\n|move|p2b: Hatterene|Protect|p2b: Hatterene\n|-singleturn|p2b: Hatterene|Protect\n|move|p1b: Iron Hands|Heavy Slam|p2b: Hatterene\n|-activate|p2b: Hatterene|move: Protect\n|move|p2a: Indeedee|Trick Room|p2a: Indeedee\n|-fieldstart|move: Trick Room|[of] p2a: Indeedee\n|\n|upkeep\n|turn|2\n|inactive|misoup29 has 30 seconds left.\n|\n|t:|1700073087\n|-terastallize|p1a: Weezing|Ghost\n|move|p2a: Indeedee|Follow Me|p2a: Indeedee\n|-singleturn|p2a: Indeedee|move: Follow Me\n|move|p2b: Hatterene|Psychic|p1a: Weezing\n|-damage|p1a: Weezing|34\/100\n|-enditem|p1a: Weezing|Sitrus Berry|[eat]\n|-heal|p1a: Weezing|59\/100|[from] item: Sitrus Berry\n|move|p1a: Weezing|Sludge Bomb|p2a: Indeedee\n|-damage|p2a: Indeedee|73\/100\n|move|p1b: Iron Hands|Heavy Slam|p2a: Indeedee\n|-damage|p2a: Indeedee|29\/100\n|\n|upkeep\n|turn|3\n|\n|t:|1700073106\n|move|p2a: Indeedee|Helping Hand|p2b: Hatterene\n|-singleturn|p2b: Hatterene|Helping Hand|[of] p2a: Indeedee\n|move|p1a: Weezing|Protect|p1a: Weezing\n|-singleturn|p1a: Weezing|Protect\n|move|p2b: Hatterene|Psychic|p1b: Iron Hands\n|-supereffective|p1b: Iron Hands\n|-damage|p1b: Iron Hands|5\/100\n|move|p1b: Iron Hands|Heavy Slam|p2b: Hatterene\n|-supereffective|p2b: Hatterene\n|-damage|p2b: Hatterene|5\/100\n|\n|upkeep\n|turn|4\n|inactive|misoup29 has 30 seconds left.\n|\n|t:|1700073134\n|-end|p1b: Iron Hands|Quark Drive|[silent]\n|switch|p1b: Flutter Mane|Flutter Mane, L50|100\/100\n|move|p2b: Hatterene|Psychic|p1a: Weezing\n|-damage|p1a: Weezing|0 fnt\n|faint|p1a: Weezing\n|-end|p1a: Weezing|ability: Neutralizing Gas\n|-fieldstart|move: Psychic Terrain|[from] ability: Psychic Surge|[of] p2a: Indeedee\n|-enditem|p2a: Indeedee|Psychic Seed\n|-boost|p2a: Indeedee|spd|1|[from] item: Psychic Seed\n|move|p2a: Indeedee|Dazzling Gleam|p1b: Flutter Mane\n|-damage|p1b: Flutter Mane|81\/100\n|\n|upkeep\n|\n|t:|1700073148\n|switch|p1a: Landorus|Landorus-Therian, L50, M|100\/100\n|-ability|p1a: Landorus|Intimidate|boost\n|-unboost|p2a: Indeedee|atk|1\n|-unboost|p2b: Hatterene|atk|1\n|turn|5\n|\n|t:|1700073168\n|switch|p1a: Iron Hands|Iron Hands, L50|5\/100\n|move|p2a: Indeedee|Follow Me|p2a: Indeedee\n|-singleturn|p2a: Indeedee|move: Follow Me\n|move|p2b: Hatterene|Psychic|p1b: Flutter Mane\n|-damage|p1b: Flutter Mane|0 fnt\n|faint|p1b: Flutter Mane\n|-end|p1b: Flutter Mane|Protosynthesis|[silent]\n|\n|-fieldend|move: Trick Room\n|upkeep\n|\n|t:|1700073179\n|switch|p1b: Landorus|Landorus-Therian, L50, M|100\/100\n|-ability|p1b: Landorus|Intimidate|boost\n|-unboost|p2a: Indeedee|atk|1\n|-unboost|p2b: Hatterene|atk|1\n|turn|6\n|\n|t:|1700073188\n|move|p1b: Landorus|Rock Slide|p2a: Indeedee|[spread] p2a,p2b\n|-damage|p2a: Indeedee|7\/100\n|-damage|p2b: Hatterene|0 fnt\n|faint|p2b: Hatterene\n|move|p1a: Iron Hands|Heavy Slam|p2a: Indeedee\n|-damage|p2a: Indeedee|0 fnt\n|faint|p2a: Indeedee\n|\n|upkeep\n|\n|t:|1700073191\n|switch|p2a: Glastrier|Glastrier, L50|100\/100\n|switch|p2b: Torkoal|Torkoal, L50, F|100\/100\n|-weather|SunnyDay|[from] ability: Drought|[of] p2b: Torkoal\n|turn|7\n|\n|t:|1700073205\n|-terastallize|p2a: Glastrier|Ghost\n|move|p1b: Landorus|Rock Slide|p2b: Torkoal|[spread] p2a,p2b\n|-crit|p2a: Glastrier\n|-supereffective|p2b: Torkoal\n|-damage|p2a: Glastrier|78\/100\n|-damage|p2b: Torkoal|68\/100\n|move|p1a: Iron Hands|Drain Punch|p2a: Glastrier\n|-immune|p2a: Glastrier\n|cant|p2a: Glastrier|flinch\n|cant|p2b: Torkoal|flinch\n|\n|-weather|SunnyDay|[upkeep]\n|upkeep\n|turn|8\n|\n|t:|1700073226\n|move|p1b: Landorus|Rock Slide|p2b: Torkoal|[spread] p2a,p2b\n|-supereffective|p2b: Torkoal\n|-damage|p2a: Glastrier|61\/100\n|-damage|p2b: Torkoal|34\/100\n|move|p1a: Iron Hands|Drain Punch|p2b: Torkoal\n|-damage|p2b: Torkoal|1\/100\n|-heal|p1a: Iron Hands|18\/100|[from] drain|[of] p2b: Torkoal\n|cant|p2a: Glastrier|flinch\n|move|p2b: Torkoal|Heat Wave|p1b: Landorus|[spread] p1a,p1b\n|-damage|p1a: Iron Hands|0 fnt\n|-damage|p1b: Landorus|4\/100\n|faint|p1a: Iron Hands\n|-end|p1a: Iron Hands|Quark Drive|[silent]\n|\n|-weather|SunnyDay|[upkeep]\n|-fieldend|move: Psychic Terrain\n|upkeep\n|turn|9\n|\n|t:|1700073243\n|move|p1b: Landorus|Rock Slide|p2a: Glastrier|[spread] p2b\n|-miss|p1b: Landorus|p2a: Glastrier\n|-supereffective|p2b: Torkoal\n|-damage|p2b: Torkoal|0 fnt\n|faint|p2b: Torkoal\n|move|p2a: Glastrier|Heavy Slam|p1b: Landorus\n|-damage|p1b: Landorus|0 fnt\n|faint|p1b: Landorus\n|\n|win|Bolsa_25\n|raw|misoup29's rating: 1506 &rarr; <strong>1483<\/strong><br \/>(-23 for losing)\n|raw|Bolsa_25's rating: 1460 &rarr; <strong>1483<\/strong><br \/>(+23 for winning)\n|c|\u2606Bolsa_25|gg\n","uploadtime":1700073255,"views":39,"p1id":"misoup29","p2id":"bolsa25","formatid":"gen9vgc2023regulatione","rating":1483,"private":0,"password":""}