{"id":"gen9vgc2023regulatione-1999720867","p1":"NDUTS Shrimp","p2":"biggoosegagaga","format":"[Gen 9] VGC 2023 Regulation E","log":"|j|\u203dNDUTS Shrimp\n|j|\u2606biggoosegagaga\n|t:|1701110796\n|gametype|doubles\n|player|p1|NDUTS Shrimp|169|1324\n|player|p2|biggoosegagaga|266|1336\n|teamsize|p1|6\n|teamsize|p2|6\n|gen|9\n|tier|[Gen 9] VGC 2023 Regulation E\n|rated|\n|rule|Species Clause: Limit one of each Pok\u00e9mon\n|rule|Item Clause: Limit one of each item\n|clearpoke\n|poke|p1|Weezing, L50, M|\n|poke|p1|Flutter Mane, L50|\n|poke|p1|Roaring Moon, L50|\n|poke|p1|Urshifu-*, L50, F|\n|poke|p1|Chi-Yu, L50|\n|poke|p1|Ting-Lu, L50|\n|poke|p2|Hatterene, L50, F|\n|poke|p2|Indeedee-F, L50, F|\n|poke|p2|Ursaluna-Bloodmoon, L50, M|\n|poke|p2|Ogerpon-Hearthflame, L50, F|\n|poke|p2|Lilligant-Hisui, L50, F|\n|poke|p2|Torkoal, L50, M|\n|teampreview|4\n|\n|t:|1701110844\n|start\n|switch|p1a: Weezing|Weezing, L50, M, shiny|100\/100\n|switch|p1b: Roaring Moon|Roaring Moon, L50|100\/100\n|switch|p2a: Lilligant|Lilligant-Hisui, L50, F, shiny|100\/100\n|switch|p2b: Torkoal|Torkoal, L50, M|100\/100\n|-ability|p1a: Weezing|Neutralizing Gas\n|-enditem|p1b: Roaring Moon|Booster Energy\n|-activate|p1b: Roaring Moon|ability: Protosynthesis|[fromitem]\n|-start|p1b: Roaring Moon|protosynthesisatk\n|turn|1\n|\n|t:|1701110902\n|switch|p2a: Ursaluna|Ursaluna-Bloodmoon, L50, M|100\/100\n|-terastallize|p1b: Roaring Moon|Fairy\n|move|p2b: Torkoal|Protect|p2b: Torkoal\n|-singleturn|p2b: Torkoal|Protect\n|move|p1b: Roaring Moon|Knock Off|p2b: Torkoal\n|-activate|p2b: Torkoal|move: Protect\n|move|p1a: Weezing|Taunt|p2a: Ursaluna\n|-start|p2a: Ursaluna|move: Taunt\n|\n|upkeep\n|turn|2\n|\n|t:|1701110955\n|switch|p2b: Ogerpon|Ogerpon-Hearthflame, L50, F|100\/100\n|move|p1b: Roaring Moon|Knock Off|p2a: Ursaluna\n|-damage|p2a: Ursaluna|51\/100\n|-enditem|p2a: Ursaluna|Throat Spray|[from] move: Knock Off|[of] p1b: Roaring Moon\n|move|p1a: Weezing|Sludge Bomb|p2b: Ogerpon\n|-supereffective|p2b: Ogerpon\n|-damage|p2b: Ogerpon|31\/100\n|move|p2a: Ursaluna|Hyper Voice|p1a: Weezing|[spread] p1a,p1b\n|-damage|p1a: Weezing|58\/100\n|-damage|p1b: Roaring Moon|61\/100\n|\n|upkeep\n|turn|3\n|\n|t:|1701110990\n|-end|p1a: Weezing|ability: Neutralizing Gas\n|-ability|p2b: Ogerpon|Mold Breaker\n|switch|p1a: Ting-Lu|Ting-Lu, L50|100\/100\n|-ability|p1a: Ting-Lu|Vessel of Ruin\n|move|p2b: Ogerpon|Spiky Shield|p2b: Ogerpon\n|-singleturn|p2b: Ogerpon|move: Protect\n|move|p1b: Roaring Moon|Acrobatics|p2b: Ogerpon\n|-activate|p2b: Ogerpon|move: Protect\n|-damage|p1b: Roaring Moon|48\/100|[from] Spiky Shield|[of] p2b: Ogerpon\n|move|p2a: Ursaluna|Blood Moon|p1b: Roaring Moon\n|-damage|p1b: Roaring Moon|0 fnt\n|faint|p1b: Roaring Moon\n|-end|p1b: Roaring Moon|Protosynthesis|[silent]\n|\n|-end|p2a: Ursaluna|move: Taunt\n|upkeep\n|\n|t:|1701111004\n|switch|p1b: Flutter Mane|Flutter Mane, L50|100\/100\n|turn|4\n|\n|t:|1701111029\n|switch|p2b: Lilligant|Lilligant-Hisui, L50, F, shiny|100\/100\n|switch|p1a: Weezing|Weezing, L50, M, shiny|58\/100\n|-ability|p1a: Weezing|Neutralizing Gas\n|switch|p2a: Torkoal|Torkoal, L50, M|100\/100\n|move|p1b: Flutter Mane|Moonblast|p2b: Lilligant\n|-supereffective|p2b: Lilligant\n|-enditem|p2b: Lilligant|Focus Sash\n|-damage|p2b: Lilligant|1\/100\n|-unboost|p2b: Lilligant|spa|1\n|\n|upkeep\n|turn|5\n|\n|t:|1701111086\n|-terastallize|p2a: Torkoal|Fire\n|move|p1b: Flutter Mane|Moonblast|p2b: Lilligant\n|-supereffective|p2b: Lilligant\n|-damage|p2b: Lilligant|0 fnt\n|faint|p2b: Lilligant\n|move|p1a: Weezing|Pain Split|p2a: Torkoal\n|-sethp|p2a: Torkoal|77\/100|[from] move: Pain Split|[silent]\n|-sethp|p1a: Weezing|83\/100|[from] move: Pain Split\n|move|p2a: Torkoal|Eruption|p1b: Flutter Mane|[spread] p1a,p1b\n|-damage|p1a: Weezing|22\/100\n|-damage|p1b: Flutter Mane|39\/100\n|-enditem|p1a: Weezing|Sitrus Berry|[eat]\n|-heal|p1a: Weezing|47\/100|[from] item: Sitrus Berry\n|\n|upkeep\n|\n|t:|1701111107\n|switch|p2b: Ogerpon|Ogerpon-Hearthflame, L50, F|31\/100\n|turn|6\n|\n|t:|1701111113\n|move|p2b: Ogerpon|Follow Me|p2b: Ogerpon\n|-singleturn|p2b: Ogerpon|move: Follow Me\n|move|p1b: Flutter Mane|Moonblast|p2b: Ogerpon\n|-resisted|p2b: Ogerpon\n|-damage|p2b: Ogerpon|0 fnt\n|faint|p2b: Ogerpon\n|move|p1a: Weezing|Sludge Bomb|p2a: Torkoal\n|-damage|p2a: Torkoal|39\/100\n|move|p2a: Torkoal|Eruption|p1a: Weezing|[spread] p1a,p1b\n|-damage|p1a: Weezing|18\/100\n|-damage|p1b: Flutter Mane|6\/100\n|\n|upkeep\n|\n|t:|1701111124\n|switch|p2b: Ursaluna|Ursaluna-Bloodmoon, L50, M|51\/100\n|turn|7\n|\n|t:|1701111147\n|move|p2b: Ursaluna|Protect|p2b: Ursaluna\n|-singleturn|p2b: Ursaluna|Protect\n|move|p1b: Flutter Mane|Moonblast|p2a: Torkoal\n|-resisted|p2a: Torkoal\n|-damage|p2a: Torkoal|0 fnt\n|faint|p2a: Torkoal\n|move|p1a: Weezing|Pain Split|p2b: Ursaluna\n|-activate|p2b: Ursaluna|move: Protect\n|\n|upkeep\n|turn|8\n|\n|t:|1701111156\n|move|p1b: Flutter Mane|Moonblast|p2b: Ursaluna\n|-damage|p2b: Ursaluna|0 fnt\n|faint|p2b: Ursaluna\n|\n|win|NDUTS Shrimp\n|raw|NDUTS Shrimp's rating: 1324 &rarr; <strong>1345<\/strong><br \/>(+21 for winning)\n|raw|biggoosegagaga's rating: 1336 &rarr; <strong>1315<\/strong><br \/>(-21 for losing)\n|l|\u2606biggoosegagaga\n","uploadtime":1701111190,"views":18,"p1id":"ndutsshrimp","p2id":"biggoosegagaga","formatid":"gen9vgc2023regulatione","rating":1315,"private":0,"password":""}