{"id":"gen9vgc2023regulatione-1990492325","p1":"Tutkan","p2":"trickrich","format":"[Gen 9] VGC 2023 Regulation E","log":"|j|\u2606Tutkan\n|j|\u2606trickrich\n|t:|1699975853\n|gametype|doubles\n|player|p1|Tutkan|265|1325\n|player|p2|trickrich|ninjaboy|1269\n|teamsize|p1|6\n|teamsize|p2|6\n|gen|9\n|tier|[Gen 9] VGC 2023 Regulation E\n|rated|\n|rule|Species Clause: Limit one of each Pok\u00e9mon\n|rule|Item Clause: Limit one of each item\n|clearpoke\n|poke|p1|Heatran, L50, M|\n|poke|p1|Chien-Pao, L50|\n|poke|p1|Dragonite, L50, M|\n|poke|p1|Urshifu-*, L50, M|\n|poke|p1|Flutter Mane, L50|\n|poke|p1|Tornadus, L50, M|\n|poke|p2|Empoleon, L50, F|\n|poke|p2|Regieleki, L50|\n|poke|p2|Landorus-Therian, L50, M|\n|poke|p2|Dragonite, L50, F|\n|poke|p2|Ninetales-Alola, L50, M|\n|poke|p2|Ogerpon-Hearthflame, L50, F|\n|teampreview|4\nTutkan has agreed to open team sheets.\n|inactive|Battle timer is ON: inactive players will automatically lose when time's up. (requested by trickrich)\n|\n|t:|1699975918\n|start\n|switch|p1a: Chien-Pao|Chien-Pao, L50|100\/100\n|switch|p1b: Dragonite|Dragonite, L50, M|100\/100\n|switch|p2a: Regieleki|Regieleki, L50|100\/100\n|switch|p2b: Empoleon|Empoleon, L50, F|100\/100\n|-ability|p1a: Chien-Pao|Sword of Ruin\n|turn|1\n|inactive|Tutkan has 30 seconds left.\n|inactive|trickrich has 30 seconds left.\n|\n|t:|1699975952\n|move|p1a: Chien-Pao|Sucker Punch|p2a: Regieleki\n|-damage|p2a: Regieleki|44\/100\n|move|p2a: Regieleki|Electroweb|p1a: Chien-Pao|[spread] p1a,p1b\n|-damage|p1a: Chien-Pao|64\/100\n|-damage|p1b: Dragonite|81\/100\n|-unboost|p1a: Chien-Pao|spe|1\n|-unboost|p1b: Dragonite|spe|1\n|move|p2b: Empoleon|Yawn|p1a: Chien-Pao\n|-start|p1a: Chien-Pao|move: Yawn|[of] p2b: Empoleon\n|move|p1b: Dragonite|Stomping Tantrum|p2a: Regieleki\n|-supereffective|p2a: Regieleki\n|-damage|p2a: Regieleki|0 fnt\n|faint|p2a: Regieleki\n|\n|upkeep\n|\n|t:|1699975969\n|switch|p2a: Dragonite|Dragonite, L50, F|100\/100\n|turn|2\n|\n|t:|1699975984\n|switch|p1a: Flutter Mane|Flutter Mane, L50|100\/100\n|-enditem|p1a: Flutter Mane|Booster Energy\n|-activate|p1a: Flutter Mane|ability: Protosynthesis|[fromitem]\n|-start|p1a: Flutter Mane|protosynthesisspa\n|move|p2b: Empoleon|Helping Hand|p2a: Dragonite\n|-singleturn|p2a: Dragonite|Helping Hand|[of] p2b: Empoleon\n|move|p2a: Dragonite|Extreme Speed|p1b: Dragonite\n|-damage|p1b: Dragonite|31\/100\n|move|p1b: Dragonite|Stomping Tantrum|p2b: Empoleon\n|-supereffective|p2b: Empoleon\n|-damage|p2b: Empoleon|25\/100\n|-enditem|p2b: Empoleon|Sitrus Berry|[eat]\n|-heal|p2b: Empoleon|50\/100|[from] item: Sitrus Berry\n|\n|upkeep\n|turn|3\n|inactive|Tutkan has 30 seconds left.\n|inactive|trickrich has 30 seconds left.\n|inactive|Tutkan has 20 seconds left.\n|inactive|trickrich has 20 seconds left.\n|inactive|Tutkan has 15 seconds left.\n|inactive|trickrich has 15 seconds left.\n|inactive|Tutkan has 10 seconds left.\n|inactive|trickrich has 10 seconds left.\n|\n|t:|1699976033\n|switch|p2b: Landorus|Landorus-Therian, L50, M|100\/100\n|-ability|p2b: Landorus|Intimidate|boost\n|-unboost|p1a: Flutter Mane|atk|1\n|-fail|p1b: Dragonite|unboost|Attack|[from] ability: Inner Focus|[of] p1b: Dragonite\n|switch|p1b: Tornadus|Tornadus, L50, M|100\/100\n|-terastallize|p2a: Dragonite|Flying\n|move|p1a: Flutter Mane|Thunderbolt|p2b: Landorus\n|-immune|p2b: Landorus\n|move|p2a: Dragonite|Tera Blast|p1a: Flutter Mane|[anim] Tera Blast Flying\n|-damage|p1a: Flutter Mane|0 fnt\n|faint|p1a: Flutter Mane\n|-end|p1a: Flutter Mane|Protosynthesis|[silent]\n|\n|upkeep\n|\n|t:|1699976049\n|switch|p1a: Chien-Pao|Chien-Pao, L50|64\/100\n|-ability|p1a: Chien-Pao|Sword of Ruin\n|turn|4\n|\n|t:|1699976072\n|move|p1b: Tornadus|Tailwind|p1b: Tornadus\n|-sidestart|p1: Tutkan|move: Tailwind\n|move|p1a: Chien-Pao|Ice Spinner|p2b: Landorus\n|-supereffective|p2b: Landorus\n|-damage|p2b: Landorus|0 fnt\n|faint|p2b: Landorus\n|move|p2a: Dragonite|Ice Spinner|p1b: Tornadus\n|-supereffective|p1b: Tornadus\n|-damage|p1b: Tornadus|0 fnt\n|faint|p1b: Tornadus\n|\n|upkeep\n|\n|t:|1699976081\n|switch|p1b: Dragonite|Dragonite, L50, M|31\/100\n|switch|p2b: Empoleon|Empoleon, L50, F|50\/100\n|turn|5\n|inactive|Tutkan has 30 seconds left.\n|inactive|trickrich has 30 seconds left.\n|inactive|Tutkan has 20 seconds left.\n|inactive|Tutkan has 15 seconds left.\n|\n|t:|1699976122\n|-terastallize|p1b: Dragonite|Normal\n|move|p2b: Empoleon|Helping Hand|p2a: Dragonite\n|-singleturn|p2a: Dragonite|Helping Hand|[of] p2b: Empoleon\n|move|p1b: Dragonite|Extreme Speed|p2a: Dragonite\n|-damage|p2a: Dragonite|53\/100\n|move|p2a: Dragonite|Extreme Speed|p1a: Chien-Pao\n|-damage|p1a: Chien-Pao|6\/100\n|move|p1a: Chien-Pao|Crunch|p2b: Empoleon\n|-damage|p2b: Empoleon|10\/100\n|-unboost|p2b: Empoleon|def|1\n|-ability|p2b: Empoleon|Competitive|boost\n|-boost|p2b: Empoleon|spa|2\n|\n|upkeep\n|turn|6\n|inactive|Tutkan has 30 seconds left.\n|inactive|trickrich has 30 seconds left.\n|inactive|trickrich has 20 seconds left.\n|\n|t:|1699976159\n|move|p1a: Chien-Pao|Protect|p1a: Chien-Pao\n|-singleturn|p1a: Chien-Pao|Protect\n|move|p1b: Dragonite|Extreme Speed|p2a: Dragonite\n|-damage|p2a: Dragonite|0 fnt\n|faint|p2a: Dragonite\n|move|p2b: Empoleon|Flash Cannon|p1b: Dragonite\n|-damage|p1b: Dragonite|0 fnt\n|faint|p1b: Dragonite\n|\n|upkeep\n|turn|7\n|\n|t:|1699976169\n|move|p1a: Chien-Pao|Sucker Punch|p2b: Empoleon\n|-damage|p2b: Empoleon|0 fnt\n|faint|p2b: Empoleon\n|\n|win|Tutkan\n|raw|Tutkan's rating: 1325 &rarr; <strong>1342<\/strong><br \/>(+17 for winning)\n|raw|trickrich's rating: 1269 &rarr; <strong>1248<\/strong><br \/>(-21 for losing)\n|l|\u2606trickrich\n","uploadtime":1699976181,"views":11,"p1id":"tutkan","p2id":"trickrich","formatid":"gen9vgc2023regulatione","rating":1248,"private":0,"password":""}