{"id":"gen9vgc2023regulatione-1994825313","p1":"Bo waleed","p2":"MisterGX","format":"[Gen 9] VGC 2023 Regulation E","log":"|j|\u2606Bo waleed\n|j|\u2606MisterGX\n|n|\u2606Bo waleed|bowaleed\n|n|\u2606MisterGX|mistergx\n|html|View the match progress at <a href=\"\/game-bestof3-gen9vgc2023regulatione-1994821094\">game-bestof3-gen9vgc2023regulatione-1994821094<\/a>\n|t:|1700496283\n|gametype|doubles\n|player|p1|Bo waleed|101|\n|player|p2|MisterGX|#vgcplzoruas|\n|teamsize|p1|6\n|teamsize|p2|6\n|gen|9\n|tier|[Gen 9] VGC 2023 Regulation E\n|rule|Species Clause: Limit one of each Pok\u00e9mon\n|rule|Item Clause: Limit one of each item\n|clearpoke\n|poke|p1|Oranguru, L50, M|\n|poke|p1|Ursaluna-Bloodmoon, L50, M|\n|poke|p1|Torkoal, L50, M|\n|poke|p1|Lilligant-Hisui, L50, F|\n|poke|p1|Iron Hands, L50|\n|poke|p1|Ogerpon-Hearthflame, L50, F|\n|poke|p2|Gholdengo, L50|\n|poke|p2|Amoonguss, L50, F|\n|poke|p2|Tornadus, L50, M|\n|poke|p2|Urshifu-*, L50, F|\n|poke|p2|Landorus-Therian, L50, M|\n|poke|p2|Chien-Pao, L50|\n|teampreview|4\nMisterGX has agreed to open team sheets.\n|c|\u2606MisterGX|Hf!\n|c|\u2606Bo waleed|Awesome fist game man \ud83e\udd23\n|c|\u2606Bo waleed|Read me like a book\n|\n|t:|1700496382\n|start\n|switch|p1a: Iron Hands|Iron Hands, L50|100\/100\n|switch|p1b: Ogerpon|Ogerpon-Hearthflame, L50, F|100\/100\n|switch|p2a: Gholdengo|Gholdengo, L50|100\/100\n|switch|p2b: Amoonguss|Amoonguss, L50, F, shiny|100\/100\n|-ability|p1b: Ogerpon|Mold Breaker\n|-enditem|p1a: Iron Hands|Booster Energy\n|-activate|p1a: Iron Hands|ability: Quark Drive|[fromitem]\n|-start|p1a: Iron Hands|quarkdriveatk\n|turn|1\n|c|\u2606MisterGX|Oh haha\n|c|\u2606Bo waleed|Damn i forgot the open sheet\n|c|\u2606Bo waleed|my bad\n|c|\u2606MisterGX|All good\n|c|\u2606Bo waleed|u wanna stat over?\n|\n|t:|1700496486\n|switch|p2b: Urshifu|Urshifu-Rapid-Strike, L50, F|100\/100\n|-terastallize|p1b: Ogerpon|Fire\n|detailschange|p1b: Ogerpon|Ogerpon-Hearthflame-Tera, L50, F, tera:Fire\n|-ability|p1b: Ogerpon|Embody Aspect (Hearthflame)|boost\n|-boost|p1b: Ogerpon|atk|1\n|-terastallize|p2a: Gholdengo|Dragon\n|move|p1a: Iron Hands|Fake Out|p2b: Urshifu\n|-damage|p2b: Urshifu|81\/100\n|move|p1b: Ogerpon|Swords Dance|p1b: Ogerpon\n|-boost|p1b: Ogerpon|atk|2\n|move|p2a: Gholdengo|Shadow Ball|p1b: Ogerpon\n|-damage|p1b: Ogerpon|43\/100\n|\n|upkeep\n|turn|2\n|\n|t:|1700496511\n|switch|p2b: Amoonguss|Amoonguss, L50, F, shiny|100\/100\n|move|p1b: Ogerpon|Spiky Shield|p1b: Ogerpon\n|-singleturn|p1b: Ogerpon|move: Protect\n|move|p2a: Gholdengo|Nasty Plot|p2a: Gholdengo\n|-boost|p2a: Gholdengo|spa|2\n|move|p1a: Iron Hands|Wild Charge|p2b: Amoonguss\n|-resisted|p2b: Amoonguss\n|-damage|p2b: Amoonguss|73\/100\n|-damage|p1a: Iron Hands|84\/100|[from] item: Rocky Helmet|[of] p2b: Amoonguss\n|-damage|p1a: Iron Hands|78\/100|[from] Recoil\n|\n|upkeep\n|turn|3\n|\n|t:|1700496540\n|switch|p1b: Torkoal|Torkoal, L50, M|100\/100\n|-weather|SunnyDay|[from] ability: Drought|[of] p1b: Torkoal\n|move|p2b: Amoonguss|Rage Powder|p2b: Amoonguss\n|-singleturn|p2b: Amoonguss|move: Rage Powder\n|move|p2a: Gholdengo|Shadow Ball|p1a: Iron Hands\n|-damage|p1a: Iron Hands|13\/100\n|-unboost|p1a: Iron Hands|spd|1\n|move|p1a: Iron Hands|Drain Punch|p2b: Amoonguss\n|-resisted|p2b: Amoonguss\n|-damage|p2b: Amoonguss|53\/100\n|-heal|p1a: Iron Hands|22\/100|[from] drain|[of] p2b: Amoonguss\n|-damage|p1a: Iron Hands|6\/100|[from] item: Rocky Helmet|[of] p2b: Amoonguss\n|\n|-weather|SunnyDay|[upkeep]\n|upkeep\n|turn|4\n|\n|t:|1700496562\n|-end|p1a: Iron Hands|Quark Drive|[silent]\n|switch|p1a: Lilligant|Lilligant-Hisui, L50, F|100\/100\n|move|p1b: Torkoal|Protect|p1b: Torkoal\n|-singleturn|p1b: Torkoal|Protect\n|move|p2a: Gholdengo|Make It Rain|p1b: Torkoal|[spread] p1a\n|-activate|p1b: Torkoal|move: Protect\n|-enditem|p1a: Lilligant|Focus Sash\n|-damage|p1a: Lilligant|1\/100\n|-unboost|p2a: Gholdengo|spa|1\n|move|p2b: Amoonguss|Spore|p1b: Torkoal\n|-activate|p1b: Torkoal|move: Protect\n|\n|-weather|SunnyDay|[upkeep]\n|upkeep\n|turn|5\n|\n|t:|1700496605\n|move|p1a: Lilligant|After You|p1b: Torkoal\n|-activate|p1b: Torkoal|move: After You\n|move|p1b: Torkoal|Eruption|p2a: Gholdengo|[spread] p2a,p2b\n|-resisted|p2a: Gholdengo\n|-supereffective|p2b: Amoonguss\n|-damage|p2a: Gholdengo|54\/100\n|-damage|p2b: Amoonguss|0 fnt\n|faint|p2b: Amoonguss\n|move|p2a: Gholdengo|Shadow Ball|p1b: Torkoal\n|-damage|p1b: Torkoal|11\/100\n|\n|-weather|SunnyDay|[upkeep]\n|-heal|p2a: Gholdengo|60\/100|[from] item: Leftovers\n|upkeep\n|\n|t:|1700496617\n|switch|p2b: Tornadus|Tornadus, L50, M|100\/100\n|turn|6\n|\n|t:|1700496631\n|switch|p1b: Iron Hands|Iron Hands, L50|6\/100\n|move|p2a: Gholdengo|Protect|p2a: Gholdengo\n|-singleturn|p2a: Gholdengo|Protect\n|move|p1a: Lilligant|Sleep Powder|p2b: Tornadus\n|-status|p2b: Tornadus|slp|[from] move: Sleep Powder\n|cant|p2b: Tornadus|slp\n|\n|-weather|SunnyDay|[upkeep]\n|-heal|p2a: Gholdengo|66\/100|[from] item: Leftovers\n|upkeep\n|turn|7\n|\n|t:|1700496648\n|move|p1b: Iron Hands|Fake Out|p2a: Gholdengo\n|-damage|p2a: Gholdengo|51\/100\n|move|p1a: Lilligant|Close Combat|p2a: Gholdengo\n|-damage|p2a: Gholdengo|0 fnt\n|-unboost|p1a: Lilligant|def|1\n|-unboost|p1a: Lilligant|spd|1\n|faint|p2a: Gholdengo\n|cant|p2b: Tornadus|slp\n|\n|-weather|none\n|upkeep\n|\n|t:|1700496655\n|switch|p2a: Urshifu|Urshifu-Rapid-Strike, L50, F|81\/100\n|turn|8\n|\n|t:|1700496668\n|move|p2a: Urshifu|Aqua Jet|p1a: Lilligant\n|-resisted|p1a: Lilligant\n|-damage|p1a: Lilligant|0 fnt\n|faint|p1a: Lilligant\n|-damage|p2a: Urshifu|71\/100|[from] item: Life Orb\n|-curestatus|p2b: Tornadus|slp|[msg]\n|move|p2b: Tornadus|Bleakwind Storm|p1b: Iron Hands\n|-damage|p1b: Iron Hands|0 fnt\n|faint|p1b: Iron Hands\n|-end|p1b: Iron Hands|Quark Drive|[silent]\n|\n|upkeep\n|\n|t:|1700496681\n|switch|p1a: Ogerpon|Ogerpon-Hearthflame-Tera, L50, F, tera:Fire|43\/100\n|switch|p1b: Torkoal|Torkoal, L50, M|11\/100\n|-ability|p1a: Ogerpon|Embody Aspect (Hearthflame)|boost\n|-boost|p1a: Ogerpon|atk|1\n|-weather|SunnyDay|[from] ability: Drought|[of] p1b: Torkoal\n|turn|9\n|\n|t:|1700496697\n|move|p2a: Urshifu|Protect|p2a: Urshifu\n|-singleturn|p2a: Urshifu|Protect\n|move|p2b: Tornadus|Rain Dance|p2b: Tornadus\n|-weather|RainDance\n|move|p1a: Ogerpon|Wood Hammer|p2a: Urshifu\n|-activate|p2a: Urshifu|move: Protect\n|move|p1b: Torkoal|Flamethrower|p2b: Tornadus\n|-damage|p2b: Tornadus|74\/100\n|\n|-weather|RainDance|[upkeep]\n|upkeep\n|turn|10\n|\n|t:|1700496727\n|move|p2a: Urshifu|Aqua Jet|p1a: Ogerpon\n|-supereffective|p1a: Ogerpon\n|-damage|p1a: Ogerpon|0 fnt\n|faint|p1a: Ogerpon\n|-damage|p2a: Urshifu|62\/100|[from] item: Life Orb\n|move|p2b: Tornadus|Bleakwind Storm|p1b: Torkoal\n|-damage|p1b: Torkoal|0 fnt\n|faint|p1b: Torkoal\n|\n|win|MisterGX\n|c|\u2606MisterGX|Ggs wp\n|c|\u2606Bo waleed|Gg buddy \ud83d\udc4c\ud83c\udffb\n|c|\u2606MisterGX|Soz if I don't respond to chat quickly, playing on phone\n|c|\u2606MisterGX|My laptop busted \ud83d\ude2d\n|c|\u2606Bo waleed|Ya me too np \ud83e\udd23\n|c|\u2606MisterGX|Oh haha\n","uploadtime":1700496785,"views":9,"p1id":"bowaleed","p2id":"mistergx","formatid":"gen9vgc2023regulatione","rating":0,"private":0,"password":""}