{"id":"gen9vgc2023regulatione-1993693086","p1":"Icy Kirby Ronin","p2":"Piriko.","format":"[Gen 9] VGC 2023 Regulation E","log":"|j|\u2606Icy Kirby Ronin\n|j|\u2606Piriko.\n|n|\u2606Icy Kirby Ronin|icykirbyronin\n|n|\u2606Piriko.|piriko\n|html|View the match progress at <a href=\"\/game-bestof3-gen9vgc2023regulatione-1993693085\">game-bestof3-gen9vgc2023regulatione-1993693085<\/a>\n|t:|1700346244\n|gametype|doubles\n|player|p1|Icy Kirby Ronin|bianca-pwt|\n|player|p2|Piriko.|alder|\n|teamsize|p1|6\n|teamsize|p2|6\n|gen|9\n|tier|[Gen 9] VGC 2023 Regulation E\n|rule|Species Clause: Limit one of each Pok\u00e9mon\n|rule|Item Clause: Limit one of each item\n|clearpoke\n|poke|p1|Ursaluna, L50, M|\n|poke|p1|Cresselia, L50, F|\n|poke|p1|Iron Hands, L50|\n|poke|p1|Dragonite, L50, M|\n|poke|p1|Flutter Mane, L50|\n|poke|p1|Urshifu-*, L50, M|\n|poke|p2|Urshifu-*, L50, F|\n|poke|p2|Landorus-Therian, L50, M|\n|poke|p2|Gholdengo, L50|\n|poke|p2|Chien-Pao, L50|\n|poke|p2|Rillaboom, L50, F|\n|poke|p2|Tornadus, L50, M|\n|teampreview|4\n|inactive|Battle timer is ON: inactive players will automatically lose when time's up. (requested by Icy Kirby Ronin)\nPiriko. rejected open team sheets.\n|c|\u2606Piriko.|Ay no.\n|c|\u2606Piriko.|Dios me libre.\n|c|\u2606Icy Kirby Ronin|No soy bueno relax\n|c|\u2606Piriko.|Buena suerte, \u00a1Demos nuestros corazones!\n|c|\u2606Icy Kirby Ronin|Buena suerte\n|inactive|Icy Kirby Ronin has 60 seconds left.\n|inactive|Piriko. has 60 seconds left.\n|\n|t:|1700346296\n|start\n|switch|p1a: Future Hariyama|Iron Hands, L50|100\/100\n|switch|p1b: Queen Moon|Cresselia, L50, F|100\/100\n|switch|p2a: Cola rica|Tornadus, L50, M|100\/100\n|switch|p2b: Arriba|Gholdengo, L50|100\/100\n|turn|1\n|\n|t:|1700346309\n|switch|p2b: Perrito Terihan|Landorus-Therian, L50, M|100\/100\n|-ability|p2b: Perrito Terihan|Intimidate|boost\n|-unboost|p1a: Future Hariyama|atk|1\n|-unboost|p1b: Queen Moon|atk|1\n|move|p2a: Cola rica|Protect|p2a: Cola rica\n|-singleturn|p2a: Cola rica|Protect\n|move|p1a: Future Hariyama|Fake Out|p2a: Cola rica\n|-activate|p2a: Cola rica|move: Protect\n|move|p1b: Queen Moon|Trick Room|p1b: Queen Moon\n|-fieldstart|move: Trick Room|[of] p1b: Queen Moon\n|\n|upkeep\n|turn|2\n|\n|t:|1700346332\n|-end|p1a: Future Hariyama|Quark Drive|[silent]\n|switch|p1a: N0T BL00DM00N|Ursaluna, L50, M, shiny|100\/100\n|move|p1b: Queen Moon|Moonblast|p2b: Perrito Terihan\n|-damage|p2b: Perrito Terihan|77\/100\n|move|p2a: Cola rica|Bleakwind Storm|p1a: N0T BL00DM00N|[spread] p1a\n|-miss|p2a: Cola rica|p1b: Queen Moon\n|-damage|p1a: N0T BL00DM00N|68\/100\n|move|p2b: Perrito Terihan|Earthquake|p1a: N0T BL00DM00N|[spread] p1a\n|-immune|p2a: Cola rica\n|-immune|p1b: Queen Moon|[from] ability: Levitate\n|-damage|p1a: N0T BL00DM00N|20\/100\n|\n|-status|p1a: N0T BL00DM00N|brn|[from] item: Flame Orb\n|upkeep\n|turn|3\n|\n|t:|1700346354\n|switch|p2b: Arriba|Gholdengo, L50|100\/100\n|move|p2a: Cola rica|Protect|p2a: Cola rica\n|-singleturn|p2a: Cola rica|Protect\n|move|p1a: N0T BL00DM00N|Facade|p2b: Arriba\n|-immune|p2b: Arriba\n|move|p1b: Queen Moon|Lunar Blessing|p1b: Queen Moon|[spread] p1a,p1b\n|-heal|p1a: N0T BL00DM00N|45\/100 brn\n|-curestatus|p1a: N0T BL00DM00N|brn|[msg]\n|\n|-status|p1a: N0T BL00DM00N|brn|[from] item: Flame Orb\n|upkeep\n|turn|4\n|inactive|Icy Kirby Ronin has 30 seconds left.\n|\n|t:|1700346381\n|move|p1a: N0T BL00DM00N|Earthquake|p2a: Cola rica|[spread] p2b\n|-immune|p1b: Queen Moon|[from] ability: Levitate\n|-immune|p2a: Cola rica\n|-supereffective|p2b: Arriba\n|-damage|p2b: Arriba|0 fnt\n|faint|p2b: Arriba\n|move|p1b: Queen Moon|Lunar Blessing|p1b: Queen Moon|[spread] p1a,p1b\n|-heal|p1a: N0T BL00DM00N|70\/100 brn\n|-curestatus|p1a: N0T BL00DM00N|brn|[msg]\n|move|p2a: Cola rica|Bleakwind Storm|p1a: N0T BL00DM00N|[spread] p1a,p1b\n|-damage|p1a: N0T BL00DM00N|36\/100\n|-damage|p1b: Queen Moon|79\/100\n|-unboost|p1a: N0T BL00DM00N|spe|1\n|\n|-status|p1a: N0T BL00DM00N|brn|[from] item: Flame Orb\n|upkeep\n|\n|t:|1700346390\n|switch|p2b: Eco|Rillaboom, L50, F|100\/100\n|-fieldstart|move: Grassy Terrain|[from] ability: Grassy Surge|[of] p2b: Eco\n|turn|5\n|inactive|Icy Kirby Ronin has 30 seconds left.\n|inactive|Icy Kirby Ronin has 20 seconds left.\n|inactive|Icy Kirby Ronin has 15 seconds left.\n|inactive|Icy Kirby Ronin has 10 seconds left.\n|inactive|Icy Kirby Ronin has 5 seconds left.\n|\n|t:|1700346446\n|move|p2b: Eco|Fake Out|p1a: N0T BL00DM00N\n|-damage|p1a: N0T BL00DM00N|25\/100 brn\n|cant|p1a: N0T BL00DM00N|flinch\n|move|p1b: Queen Moon|Lunar Blessing|p1b: Queen Moon|[spread] p1a,p1b\n|-heal|p1a: N0T BL00DM00N|50\/100 brn\n|-curestatus|p1a: N0T BL00DM00N|brn|[msg]\n|-heal|p1b: Queen Moon|100\/100\n|move|p2a: Cola rica|Bleakwind Storm|p1b: Queen Moon|[spread] p1a,p1b\n|-damage|p1a: N0T BL00DM00N|14\/100\n|-damage|p1b: Queen Moon|76\/100\n|-unboost|p1b: Queen Moon|spe|1\n|\n|-heal|p1a: N0T BL00DM00N|20\/100|[from] Grassy Terrain\n|-fieldend|move: Trick Room\n|-status|p1a: N0T BL00DM00N|brn|[from] item: Flame Orb\n|upkeep\n|turn|6\n|\n|t:|1700346468\n|move|p1a: N0T BL00DM00N|Protect|p1a: N0T BL00DM00N\n|-singleturn|p1a: N0T BL00DM00N|Protect\n|move|p2b: Eco|Grassy Glide|p1a: N0T BL00DM00N\n|-activate|p1a: N0T BL00DM00N|move: Protect\n|move|p2a: Cola rica|Bleakwind Storm|p1a: N0T BL00DM00N|[spread] p1b\n|-activate|p1a: N0T BL00DM00N|move: Protect\n|-damage|p1b: Queen Moon|51\/100\n|-unboost|p1b: Queen Moon|spe|1\n|move|p1b: Queen Moon|Trick Room|p1b: Queen Moon\n|-fieldstart|move: Trick Room|[of] p1b: Queen Moon\n|\n|-heal|p1a: N0T BL00DM00N|26\/100 brn|[from] Grassy Terrain\n|-damage|p1a: N0T BL00DM00N|20\/100 brn|[from] brn\n|upkeep\n|turn|7\n|\n|t:|1700346491\n|move|p1b: Queen Moon|Ally Switch|p1b: Queen Moon\n|swap|p1b: Queen Moon|0|[from] move: Ally Switch\n|move|p2b: Eco|Grassy Glide|p1a: Queen Moon\n|-damage|p1a: Queen Moon|30\/100\n|move|p1b: N0T BL00DM00N|Facade|p2b: Eco\n|-damage|p2b: Eco|0 fnt\n|faint|p2b: Eco\n|move|p2a: Cola rica|Bleakwind Storm|p1a: Queen Moon|[spread] p1a,p1b\n|-crit|p1b: N0T BL00DM00N\n|-damage|p1a: Queen Moon|5\/100\n|-damage|p1b: N0T BL00DM00N|0 fnt\n|faint|p1b: N0T BL00DM00N\n|\n|upkeep\n|\n|t:|1700346501\n|switch|p1b: Not LANDORUS-T|Dragonite, L50, M|100\/100\n|switch|p2b: Perrito Terihan|Landorus-Therian, L50, M|77\/100\n|-ability|p2b: Perrito Terihan|Intimidate|boost\n|-unboost|p1a: Queen Moon|atk|1\n|-fail|p1b: Not LANDORUS-T|unboost|Attack|[from] ability: Inner Focus|[of] p1b: Not LANDORUS-T\n|turn|8\n|\n|t:|1700346516\n|-terastallize|p2b: Perrito Terihan|Rock\n|move|p1a: Queen Moon|Moonblast|p2b: Perrito Terihan\n|-damage|p2b: Perrito Terihan|55\/100\n|move|p2a: Cola rica|Icy Wind|p1b: Not LANDORUS-T|[spread] p1a,p1b\n|-supereffective|p1b: Not LANDORUS-T\n|-damage|p1a: Queen Moon|0 fnt\n|-damage|p1b: Not LANDORUS-T|41\/100\n|-unboost|p1b: Not LANDORUS-T|spe|1\n|faint|p1a: Queen Moon\n|move|p1b: Not LANDORUS-T|Ice Spinner|p2b: Perrito Terihan\n|-damage|p2b: Perrito Terihan|2\/100\n|-fieldend|move: Grassy Terrain\n|move|p2b: Perrito Terihan|Rock Slide|p1b: Not LANDORUS-T\n|-supereffective|p1b: Not LANDORUS-T\n|-damage|p1b: Not LANDORUS-T|0 fnt\n|faint|p1b: Not LANDORUS-T\n|\n|upkeep\n|inactive|Icy Kirby Ronin has 30 seconds left.\n|inactive|Icy Kirby Ronin has 20 seconds left.\n|inactive|Icy Kirby Ronin has 15 seconds left.\n|inactive|Icy Kirby Ronin has 10 seconds left.\n|inactive|Icy Kirby Ronin has 5 seconds left.\n|\n|t:|1700346571\n|switch|p1a: Future Hariyama|Iron Hands, L50|100\/100\n|turn|9\n|inactive|Icy Kirby Ronin has 30 seconds left.\n|inactive|Icy Kirby Ronin has 20 seconds left.\n|inactive|Icy Kirby Ronin has 15 seconds left.\n|inactive|Icy Kirby Ronin has 10 seconds left.\n|inactive|Icy Kirby Ronin has 5 seconds left.\n|\n|t:|1700346626\n|move|p1a: Future Hariyama|Fake Out|p2b: Perrito Terihan\n|-resisted|p2b: Perrito Terihan\n|-damage|p2b: Perrito Terihan|0 fnt\n|faint|p2b: Perrito Terihan\n|move|p2a: Cola rica|Bleakwind Storm|p1a: Future Hariyama\n|-damage|p1a: Future Hariyama|75\/100\n|\n|upkeep\n|turn|10\n|\n|t:|1700346643\n|-terastallize|p1a: Future Hariyama|Water\n|move|p2a: Cola rica|Protect|p2a: Cola rica\n|-singleturn|p2a: Cola rica|Protect\n|move|p1a: Future Hariyama|Wild Charge|p2a: Cola rica\n|-activate|p2a: Cola rica|move: Protect\n|\n|-fieldend|move: Trick Room\n|upkeep\n|turn|11\n|\n|t:|1700346651\n|move|p2a: Cola rica|Bleakwind Storm|p1a: Future Hariyama\n|-crit|p1a: Future Hariyama\n|-damage|p1a: Future Hariyama|35\/100\n|move|p1a: Future Hariyama|Wild Charge|p2a: Cola rica\n|-supereffective|p2a: Cola rica\n|-damage|p2a: Cola rica|0 fnt\n|faint|p2a: Cola rica\n|-damage|p1a: Future Hariyama|16\/100|[from] Recoil\n|\n|win|Icy Kirby Ronin\n|c|\u2606Piriko.|GG.\n|c|&|\/uhtml prompt-icykirbyronin,Icy Kirby Ronin is ready for game 2!\n|c|&|\/uhtml prompt-piriko,Piriko. is ready for game 2!\nBoth players are ready! Starting next match!\n","uploadtime":1700346948,"views":20,"p1id":"icykirbyronin","p2id":"piriko","formatid":"gen9vgc2023regulatione","rating":0,"private":0,"password":""}