{"id":"gen9vgc2023regulatione-1997808674","p1":"VnillaBryce","p2":"samo00001","format":"[Gen 9] VGC 2023 Regulation E","log":"|j|\u2606VnillaBryce\n|j|\u2606samo00001\n|t:|1700854962\n|gametype|doubles\n|player|p1|VnillaBryce|169|1119\n|player|p2|samo00001|2|1175\n|teamsize|p1|6\n|teamsize|p2|6\n|gen|9\n|tier|[Gen 9] VGC 2023 Regulation E\n|rated|\n|rule|Species Clause: Limit one of each Pok\u00e9mon\n|rule|Item Clause: Limit one of each item\n|clearpoke\n|poke|p1|Sinistcha-Masterpiece, L50|\n|poke|p1|Arcanine-Hisui, L50, F|\n|poke|p1|Grimmsnarl, L50, M|\n|poke|p1|Garganacl, L50, M|\n|poke|p1|Toxtricity, L50, M|\n|poke|p1|Ursaluna, L50, M|\n|poke|p2|Iron Valiant, L50|\n|poke|p2|Arcanine, L50, M|\n|poke|p2|Rillaboom, L50, M|\n|poke|p2|Gholdengo, L50|\n|poke|p2|Thundurus, L50, M|\n|poke|p2|Urshifu-*, L50, F|\n|teampreview|4\n|\n|t:|1700855003\n|start\n|switch|p1a: Sinistcha|Sinistcha-Masterpiece, L50|100\/100\n|switch|p1b: Toxtricity|Toxtricity, L50, M|100\/100\n|switch|p2a: Urshifu|Urshifu-Rapid-Strike, L50, F|100\/100\n|switch|p2b: Thundurus|Thundurus, L50, M|100\/100\n|turn|1\n|\n|t:|1700855024\n|switch|p2a: Arcanine|Arcanine, L50, M|100\/100\n|-ability|p2a: Arcanine|Intimidate|boost\n|-unboost|p1a: Sinistcha|atk|1\n|-unboost|p1b: Toxtricity|atk|1\n|-terastallize|p2b: Thundurus|Flying\n|-terastallize|p1b: Toxtricity|Normal\n|move|p1a: Sinistcha|Rage Powder|p1a: Sinistcha\n|-singleturn|p1a: Sinistcha|move: Rage Powder\n|move|p2b: Thundurus|Tera Blast|p1a: Sinistcha|[anim] Tera Blast Flying\n|-supereffective|p1a: Sinistcha\n|-damage|p1a: Sinistcha|0 fnt\n|faint|p1a: Sinistcha\n|move|p1b: Toxtricity|Boomburst|p2a: Arcanine|[spread] p2a,p2b\n|-damage|p2a: Arcanine|41\/100\n|-damage|p2b: Thundurus|31\/100\n|-enditem|p1b: Toxtricity|Throat Spray\n|-boost|p1b: Toxtricity|spa|1|[from] item: Throat Spray\n|\n|upkeep\n|\n|t:|1700855042\n|switch|p1a: Garganacl|Garganacl, L50, M|100\/100\n|turn|2\n|\n|t:|1700855056\n|move|p2b: Thundurus|Eerie Impulse|p1b: Toxtricity\n|-unboost|p1b: Toxtricity|spa|2\n|move|p2a: Arcanine|Snarl|p1b: Toxtricity|[spread] p1a,p1b\n|-damage|p1a: Garganacl|94\/100\n|-damage|p1b: Toxtricity|94\/100\n|-unboost|p1a: Garganacl|spa|1\n|-unboost|p1b: Toxtricity|spa|1\n|move|p1b: Toxtricity|Overdrive|p2b: Thundurus|[spread] p2a,p2b\n|-supereffective|p2b: Thundurus\n|-damage|p2a: Arcanine|23\/100\n|-damage|p2b: Thundurus|0 fnt\n|-enditem|p2a: Arcanine|Aguav Berry|[eat]\n|-heal|p2a: Arcanine|56\/100|[from] item: Aguav Berry\n|faint|p2b: Thundurus\n|move|p1a: Garganacl|Iron Defense|p1a: Garganacl\n|-boost|p1a: Garganacl|def|2\n|\n|-heal|p1a: Garganacl|99\/100|[from] item: Leftovers\n|upkeep\n|\n|t:|1700855074\n|switch|p2b: Urshifu|Urshifu-Rapid-Strike, L50, F|100\/100\n|turn|3\n|\n|t:|1700855088\n|move|p2b: Urshifu|Surging Strikes|p1a: Garganacl\n|-supereffective|p1a: Garganacl\n|-crit|p1a: Garganacl\n|-damage|p1a: Garganacl|68\/100\n|-supereffective|p1a: Garganacl\n|-crit|p1a: Garganacl\n|-damage|p1a: Garganacl|38\/100\n|-supereffective|p1a: Garganacl\n|-crit|p1a: Garganacl\n|-damage|p1a: Garganacl|11\/100\n|-hitcount|p1a: Garganacl|3\n|move|p2a: Arcanine|Snarl|p1a: Garganacl|[spread] p1a,p1b\n|-crit|p1a: Garganacl\n|-damage|p1a: Garganacl|1\/100\n|-damage|p1b: Toxtricity|88\/100\n|-unboost|p1a: Garganacl|spa|1\n|-unboost|p1b: Toxtricity|spa|1\n|move|p1b: Toxtricity|Overdrive|p2a: Arcanine|[spread] p2a,p2b\n|-supereffective|p2b: Urshifu\n|-damage|p2a: Arcanine|44\/100\n|-damage|p2b: Urshifu|51\/100\n|move|p1a: Garganacl|Salt Cure|p2b: Urshifu\n|-resisted|p2b: Urshifu\n|-damage|p2b: Urshifu|44\/100\n|-start|p2b: Urshifu|Salt Cure\n|\n|-heal|p1a: Garganacl|7\/100|[from] item: Leftovers\n|-damage|p2b: Urshifu|19\/100|[from] Salt Cure\n|upkeep\n|turn|4\n|\n|t:|1700855115\n|move|p2b: Urshifu|Aqua Jet|p1a: Garganacl\n|-supereffective|p1a: Garganacl\n|-damage|p1a: Garganacl|0 fnt\n|faint|p1a: Garganacl\n|move|p2a: Arcanine|Flamethrower|p1b: Toxtricity\n|-damage|p1b: Toxtricity|48\/100\n|move|p1b: Toxtricity|Boomburst|p2b: Urshifu|[spread] p2a,p2b\n|-damage|p2a: Arcanine|19\/100\n|-damage|p2b: Urshifu|0 fnt\n|faint|p2b: Urshifu\n|\n|upkeep\n|\n|t:|1700855126\n|switch|p2b: Iron Valiant|Iron Valiant, L50|100\/100\n|switch|p1a: Arcanine|Arcanine-Hisui, L50, F|100\/100\n|-ability|p1a: Arcanine|Intimidate|boost\n|-unboost|p2a: Arcanine|atk|1\n|-unboost|p2b: Iron Valiant|atk|1\n|-enditem|p2b: Iron Valiant|Booster Energy\n|-activate|p2b: Iron Valiant|ability: Quark Drive|[fromitem]\n|-start|p2b: Iron Valiant|quarkdrivespe\n|turn|5\n|\n|t:|1700855149\n|move|p1a: Arcanine|Protect|p1a: Arcanine\n|-singleturn|p1a: Arcanine|Protect\n|move|p2b: Iron Valiant|Close Combat|p1a: Arcanine\n|-activate|p1a: Arcanine|move: Protect\n|move|p2a: Arcanine|Snarl|p1a: Arcanine|[spread] p1b\n|-activate|p1a: Arcanine|move: Protect\n|-damage|p1b: Toxtricity|42\/100\n|-unboost|p1b: Toxtricity|spa|1\n|move|p1b: Toxtricity|Boomburst|p2b: Iron Valiant|[spread] p2a,p2b\n|-activate|p1a: Arcanine|move: Protect\n|-damage|p2a: Arcanine|0 fnt\n|-damage|p2b: Iron Valiant|58\/100\n|faint|p2a: Arcanine\n|\n|upkeep\n|turn|6\n|\n|t:|1700855173\n|move|p2b: Iron Valiant|Drain Punch|p1a: Arcanine\n|-supereffective|p1a: Arcanine\n|-damage|p1a: Arcanine|30\/100\n|-heal|p2b: Iron Valiant|98\/100|[from] drain|[of] p1a: Arcanine\n|-enditem|p1a: Arcanine|Sitrus Berry|[eat]\n|-heal|p1a: Arcanine|55\/100|[from] item: Sitrus Berry\n|move|p1a: Arcanine|Rock Slide|p2b: Iron Valiant\n|-resisted|p2b: Iron Valiant\n|-damage|p2b: Iron Valiant|74\/100\n|move|p1b: Toxtricity|Overdrive|p2b: Iron Valiant\n|-damage|p2b: Iron Valiant|44\/100\n|\n|upkeep\n|turn|7\n|\n|t:|1700855193\n|move|p2b: Iron Valiant|Close Combat|p1b: Toxtricity\n|-supereffective|p1b: Toxtricity\n|-damage|p1b: Toxtricity|0 fnt\n|-unboost|p2b: Iron Valiant|def|1\n|-unboost|p2b: Iron Valiant|spd|1\n|faint|p1b: Toxtricity\n|move|p1a: Arcanine|Rock Slide|p2b: Iron Valiant\n|-resisted|p2b: Iron Valiant\n|-damage|p2b: Iron Valiant|8\/100\n|\n|upkeep\n|turn|8\n|\n|t:|1700855207\n|move|p2b: Iron Valiant|Close Combat|p1a: Arcanine\n|-supereffective|p1a: Arcanine\n|-damage|p1a: Arcanine|0 fnt\n|-unboost|p2b: Iron Valiant|def|1\n|-unboost|p2b: Iron Valiant|spd|1\n|faint|p1a: Arcanine\n|\n|win|samo00001\n|raw|VnillaBryce's rating: 1119 &rarr; <strong>1098<\/strong><br \/>(-21 for losing)\n|raw|samo00001's rating: 1175 &rarr; <strong>1196<\/strong><br \/>(+21 for winning)\n|l|\u2606VnillaBryce\n","uploadtime":1700855215,"views":3,"p1id":"vnillabryce","p2id":"samo00001","formatid":"gen9vgc2023regulatione","rating":1098,"private":0,"password":""}