{"id":"gen9vgc2023regulatione-1998536716","p1":"gbglass","p2":"meesterkrebs","format":"[Gen 9] VGC 2023 Regulation E","log":"|j|\u2606gbglass\n|j|\u2606meesterkrebs\n|t:|1700953588\n|gametype|doubles\n|player|p1|gbglass|101|1105\n|player|p2|meesterkrebs|steven|1181\n|teamsize|p1|6\n|teamsize|p2|6\n|gen|9\n|tier|[Gen 9] VGC 2023 Regulation E\n|rated|\n|rule|Species Clause: Limit one of each Pok\u00e9mon\n|rule|Item Clause: Limit one of each item\n|clearpoke\n|poke|p1|Urshifu-*, L50, M|\n|poke|p1|Landorus-Therian, L50, M|\n|poke|p1|Baxcalibur, L50, M|\n|poke|p1|Ninetales-Alola, L50, M|\n|poke|p1|Iron Hands, L50|\n|poke|p1|Chi-Yu, L50|\n|poke|p2|Urshifu-*, L50, F|\n|poke|p2|Gholdengo, L50|\n|poke|p2|Arcanine, L50, F|\n|poke|p2|Rillaboom, L50, M|\n|poke|p2|Sableye, L50, M|\n|poke|p2|Iron Bundle, L50|\n|teampreview|4\ngbglass rejected open team sheets.\n|inactive|Battle timer is ON: inactive players will automatically lose when time's up. (requested by gbglass)\n|\n|t:|1700953665\n|start\n|switch|p1a: Baxcalibur|Baxcalibur, L50, M|100\/100\n|switch|p1b: Ninetales|Ninetales-Alola, L50, M|100\/100\n|switch|p2a: Sableye|Sableye, L50, M|100\/100\n|switch|p2b: Rillaboom|Rillaboom, L50, M|100\/100\n|-weather|Snow|[from] ability: Snow Warning|[of] p1b: Ninetales\n|-fieldstart|move: Grassy Terrain|[from] ability: Grassy Surge|[of] p2b: Rillaboom\n|turn|1\n|inactive|meesterkrebs has 30 seconds left.\n|inactive|meesterkrebs has 20 seconds left.\n|\n|t:|1700953705\n|move|p2b: Rillaboom|Fake Out|p1a: Baxcalibur\n|-damage|p1a: Baxcalibur|91\/100\n|move|p2a: Sableye|Will-O-Wisp|p1b: Ninetales\n|-status|p1b: Ninetales|brn\n|move|p1b: Ninetales|Aurora Veil|p1b: Ninetales\n|-sidestart|p1: gbglass|move: Aurora Veil\n|cant|p1a: Baxcalibur|flinch\n|\n|-weather|Snow|[upkeep]\n|-heal|p1a: Baxcalibur|97\/100|[from] ability: Ice Body\n|-heal|p1a: Baxcalibur|100\/100|[from] Grassy Terrain\n|-damage|p1b: Ninetales|94\/100 brn|[from] brn\n|upkeep\n|turn|2\n|\n|t:|1700953726\n|switch|p2b: Gholdengo|Gholdengo, L50|100\/100\n|move|p2a: Sableye|Encore|p1b: Ninetales\n|-start|p1b: Ninetales|Encore\n|move|p1b: Ninetales|Aurora Veil||[still]\n|-fail|p1b: Ninetales\n|move|p1a: Baxcalibur|Swords Dance|p1a: Baxcalibur\n|-boost|p1a: Baxcalibur|atk|2\n|\n|-weather|Snow|[upkeep]\n|-heal|p1b: Ninetales|100\/100 brn|[from] Grassy Terrain\n|-damage|p1b: Ninetales|94\/100 brn|[from] brn\n|upkeep\n|turn|3\n|\n|t:|1700953751\n|switch|p1b: Landorus|Landorus-Therian, L50, M|100\/100\n|-ability|p1b: Landorus|Intimidate|boost\n|-unboost|p2a: Sableye|atk|1\n|-unboost|p2b: Gholdengo|atk|1\n|-terastallize|p1a: Baxcalibur|Flying\n|move|p2a: Sableye|Encore|p1a: Baxcalibur\n|-start|p1a: Baxcalibur|Encore\n|move|p1a: Baxcalibur|Swords Dance|p1a: Baxcalibur\n|-boost|p1a: Baxcalibur|atk|2\n|move|p2b: Gholdengo|Nasty Plot|p2b: Gholdengo\n|-boost|p2b: Gholdengo|spa|2\n|\n|-weather|Snow|[upkeep]\n|upkeep\n|turn|4\n|inactive|meesterkrebs has 30 seconds left.\n|\n|t:|1700953782\n|-terastallize|p2b: Gholdengo|Fairy\n|move|p2a: Sableye|Will-O-Wisp|p1b: Landorus\n|-status|p1b: Landorus|brn\n|move|p1b: Landorus|Earthquake|p2a: Sableye|[spread] p2a,p2b\n|-immune|p1a: Baxcalibur\n|-damage|p2a: Sableye|81\/100\n|-damage|p2b: Gholdengo|89\/100\n|-damage|p1b: Landorus|91\/100 brn|[from] item: Life Orb\n|move|p1a: Baxcalibur|Swords Dance|p1a: Baxcalibur\n|-boost|p1a: Baxcalibur|atk|2\n|move|p2b: Gholdengo|Dazzling Gleam|p1b: Landorus|[spread] p1a,p1b\n|-damage|p1a: Baxcalibur|62\/100\n|-damage|p1b: Landorus|36\/100 brn\n|\n|-weather|Snow|[upkeep]\n|-heal|p1a: Baxcalibur|67\/100|[from] ability: Ice Body\n|-heal|p2b: Gholdengo|95\/100|[from] Grassy Terrain\n|-heal|p2b: Gholdengo|100\/100|[from] item: Leftovers\n|-heal|p2a: Sableye|86\/100|[from] Grassy Terrain\n|-damage|p1b: Landorus|30\/100 brn|[from] brn\n|upkeep\n|turn|5\n|inactive|gbglass has 30 seconds left.\n|inactive|meesterkrebs has 30 seconds left.\n|inactive|meesterkrebs has 20 seconds left.\n|\n|t:|1700953817\n|move|p2a: Sableye|Will-O-Wisp|p1a: Baxcalibur\n|-status|p1a: Baxcalibur|brn\n|move|p1b: Landorus|U-turn|p2a: Sableye\n|-damage|p2a: Sableye|62\/100\n|-damage|p1b: Landorus|21\/100 brn|[from] item: Life Orb\n|\n|t:|1700953827\n|switch|p1b: Urshifu|Urshifu-Rapid-Strike, L50, M|100\/100|[from] U-turn\n|move|p1a: Baxcalibur|Swords Dance|p1a: Baxcalibur\n|-boost|p1a: Baxcalibur|atk|0\n|move|p2b: Gholdengo|Make It Rain|p1b: Urshifu|[spread] p1a,p1b\n|-resisted|p1b: Urshifu\n|-damage|p1a: Baxcalibur|4\/100 brn\n|-damage|p1b: Urshifu|59\/100\n|-unboost|p2b: Gholdengo|spa|1\n|\n|-weather|none\n|-heal|p1b: Urshifu|64\/100|[from] Grassy Terrain\n|-heal|p2a: Sableye|68\/100|[from] Grassy Terrain\n|-damage|p1a: Baxcalibur|0 fnt|[from] brn\n|faint|p1a: Baxcalibur\n|-sideend|p1: gbglass|move: Aurora Veil\n|-fieldend|move: Grassy Terrain\n|upkeep\n|\n|t:|1700953846\n|switch|p1a: Ninetales|Ninetales-Alola, L50, M|94\/100 brn\n|-weather|Snow|[from] ability: Snow Warning|[of] p1a: Ninetales\n|turn|6\n|\n|t:|1700953858\n|move|p2a: Sableye|Will-O-Wisp|p1b: Urshifu\n|-status|p1b: Urshifu|brn\n|move|p1a: Ninetales|Moonblast|p2a: Sableye\n|-supereffective|p2a: Sableye\n|-enditem|p2a: Sableye|Roseli Berry|[eat]\n|-enditem|p2a: Sableye|Roseli Berry|[weaken]\n|-damage|p2a: Sableye|39\/100\n|move|p1b: Urshifu|Surging Strikes|p2b: Gholdengo\n|-crit|p2b: Gholdengo\n|-damage|p2b: Gholdengo|90\/100\n|-crit|p2b: Gholdengo\n|-damage|p2b: Gholdengo|80\/100\n|-crit|p2b: Gholdengo\n|-damage|p2b: Gholdengo|69\/100\n|-hitcount|p2b: Gholdengo|3\n|move|p2b: Gholdengo|Dazzling Gleam|p1b: Urshifu|[spread] p1a,p1b\n|-supereffective|p1b: Urshifu\n|-damage|p1a: Ninetales|39\/100 brn\n|-damage|p1b: Urshifu|0 fnt\n|faint|p1b: Urshifu\n|\n|-weather|Snow|[upkeep]\n|-heal|p1a: Ninetales|45\/100 brn|[from] item: Leftovers\n|-heal|p2b: Gholdengo|75\/100|[from] item: Leftovers\n|-damage|p1a: Ninetales|39\/100 brn|[from] brn\n|upkeep\n|-message|gbglass forfeited.\n|\n|win|meesterkrebs\n|raw|gbglass's rating: 1105 &rarr; <strong>1085<\/strong><br \/>(-20 for losing)\n|raw|meesterkrebs's rating: 1181 &rarr; <strong>1201<\/strong><br \/>(+20 for winning)\n|l|\u2606gbglass\n","uploadtime":1700953883,"views":24,"p1id":"gbglass","p2id":"meesterkrebs","formatid":"gen9vgc2023regulatione","rating":1085,"private":0,"password":""}