{"id":"gen9vgc2023regulatione-1992263129","p1":"bug catcher camec","p2":"Krjazkz","format":"[Gen 9] VGC 2023 Regulation E","log":"|j|\u2606bug catcher camec\n|j|\u2606Krjazkz\n|t:|1700168859\n|gametype|doubles\n|player|p1|bug catcher camec|bugcatcher-gen4dp|1043\n|player|p2|Krjazkz|lance|1045\n|teamsize|p1|6\n|teamsize|p2|6\n|gen|9\n|tier|[Gen 9] VGC 2023 Regulation E\n|rated|\n|rule|Species Clause: Limit one of each Pok\u00e9mon\n|rule|Item Clause: Limit one of each item\n|clearpoke\n|poke|p1|Scizor, L50, F|\n|poke|p1|Lokix, L50, F|\n|poke|p1|Slither Wing, L50|\n|poke|p1|Volcarona, L50, F|\n|poke|p1|Frosmoth, L50, F|\n|poke|p1|Yanmega, L50, M|\n|poke|p2|Flutter Mane, L50|\n|poke|p2|Tornadus, L50, M|\n|poke|p2|Rillaboom, L50, F|\n|poke|p2|Garganacl, L50, F|\n|poke|p2|Arcanine-Hisui, L50, M|\n|poke|p2|Chien-Pao, L50|\n|teampreview|4\nbug catcher camec rejected open team sheets.\n|\n|t:|1700168886\n|start\n|switch|p1a: Lokix|Lokix, L50, F, shiny|100\/100\n|switch|p1b: Scizor|Scizor, L50, F|100\/100\n|switch|p2a: Tornadus|Tornadus, L50, M|100\/100\n|switch|p2b: Garganacl|Garganacl, L50, F|100\/100\n|turn|1\n|\n|t:|1700168906\n|-terastallize|p2b: Garganacl|Ghost\n|move|p1a: Lokix|First Impression|p2a: Tornadus\n|-resisted|p2a: Tornadus\n|-damage|p2a: Tornadus|39\/100\n|-damage|p1a: Lokix|84\/100|[from] item: Rocky Helmet|[of] p2a: Tornadus\n|-damage|p1a: Lokix|74\/100|[from] item: Life Orb\n|move|p2a: Tornadus|Tailwind|p2a: Tornadus\n|-sidestart|p2: Krjazkz|move: Tailwind\n|move|p2b: Garganacl|Salt Cure|p1b: Scizor\n|-damage|p1b: Scizor|90\/100\n|-start|p1b: Scizor|Salt Cure\n|move|p1b: Scizor|Swords Dance|p1b: Scizor\n|-boost|p1b: Scizor|atk|2\n|\n|-damage|p1b: Scizor|65\/100|[from] Salt Cure\n|upkeep\n|turn|2\n|\n|t:|1700168927\n|move|p1a: Lokix|Sucker Punch||[still]\n|-fail|p1a: Lokix\n|move|p1b: Scizor|Bullet Punch|p2a: Tornadus\n|-damage|p2a: Tornadus|0 fnt\n|-damage|p1b: Scizor|49\/100|[from] item: Rocky Helmet|[of] p2a: Tornadus\n|faint|p2a: Tornadus\n|move|p2b: Garganacl|Iron Defense|p2b: Garganacl\n|-boost|p2b: Garganacl|def|2\n|\n|-damage|p1b: Scizor|24\/100|[from] Salt Cure\n|upkeep\n|\n|t:|1700168933\n|switch|p2a: Arcanine|Arcanine-Hisui, L50, M|100\/100\n|-ability|p2a: Arcanine|Intimidate|boost\n|-unboost|p1a: Lokix|atk|1\n|-unboost|p1b: Scizor|atk|1\n|turn|3\n|\n|t:|1700168948\n|switch|p1b: Volcarona|Volcarona, L50, F|100\/100\n|move|p1a: Lokix|Protect|p1a: Lokix\n|-singleturn|p1a: Lokix|Protect\n|move|p2a: Arcanine|Extreme Speed|p1b: Volcarona\n|-damage|p1b: Volcarona|39\/100\n|move|p2b: Garganacl|Salt Cure|p1a: Lokix\n|-activate|p1a: Lokix|move: Protect\n|\n|-heal|p1b: Volcarona|45\/100|[from] item: Leftovers\n|upkeep\n|turn|4\n|\n|t:|1700168969\n|move|p2a: Arcanine|Extreme Speed|p1b: Volcarona\n|-damage|p1b: Volcarona|0 fnt\n|faint|p1b: Volcarona\n|move|p1a: Lokix|Sucker Punch|p2b: Garganacl\n|-supereffective|p2b: Garganacl\n|-damage|p2b: Garganacl|80\/100\n|-damage|p1a: Lokix|65\/100|[from] item: Life Orb\n|move|p2b: Garganacl|Salt Cure|p1a: Lokix\n|-supereffective|p1a: Lokix\n|-damage|p1a: Lokix|24\/100\n|-start|p1a: Lokix|Salt Cure\n|\n|-damage|p1a: Lokix|11\/100|[from] Salt Cure\n|-sideend|p2: Krjazkz|move: Tailwind\n|upkeep\n|\n|t:|1700168982\n|switch|p1b: Slither Wing|Slither Wing, L50|100\/100\n|-enditem|p1b: Slither Wing|Booster Energy\n|-activate|p1b: Slither Wing|ability: Protosynthesis|[fromitem]\n|-start|p1b: Slither Wing|protosynthesisatk\n|turn|5\n|\n|t:|1700169007\n|-terastallize|p1b: Slither Wing|Flying\n|move|p2a: Arcanine|Extreme Speed|p1b: Slither Wing\n|-damage|p1b: Slither Wing|51\/100\n|move|p1a: Lokix|Taunt|p2b: Garganacl\n|-start|p2b: Garganacl|move: Taunt\n|move|p1b: Slither Wing|Trailblaze|p2b: Garganacl\n|-damage|p2b: Garganacl|72\/100\n|-boost|p1b: Slither Wing|spe|1\n|move|p2b: Garganacl|Salt Cure|p1b: Slither Wing\n|-supereffective|p1b: Slither Wing\n|-damage|p1b: Slither Wing|12\/100\n|-start|p1b: Slither Wing|Salt Cure\n|\n|-damage|p1b: Slither Wing|0 fnt|[from] Salt Cure\n|faint|p1b: Slither Wing\n|-end|p1b: Slither Wing|Protosynthesis|[silent]\n|-damage|p1a: Lokix|0 fnt|[from] Salt Cure\n|faint|p1a: Lokix\n|upkeep\n|-message|bug catcher camec forfeited.\n|\n|win|Krjazkz\n|raw|bug catcher camec's rating: 1043 &rarr; <strong>1027<\/strong><br \/>(-16 for losing)\n|raw|Krjazkz's rating: 1045 &rarr; <strong>1078<\/strong><br \/>(+33 for winning)\n|l|\u2606bug catcher camec\n","uploadtime":1700169033,"views":14,"p1id":"bugcatchercamec","p2id":"krjazkz","formatid":"gen9vgc2023regulatione","rating":1027,"private":0,"password":""}