{"id":"gen9vgc2023regulatione-1991465419","p1":"ggttmmhh","p2":"previouslyunnamed","format":"[Gen 9] VGC 2023 Regulation E","log":"|j|\u2606ggttmmhh\n|j|\u2606previouslyunnamed\n|t:|1700079481\n|gametype|doubles\n|player|p1|ggttmmhh|1|1724\n|player|p2|previouslyunnamed|ryuki|1640\n|teamsize|p1|6\n|teamsize|p2|6\n|gen|9\n|tier|[Gen 9] VGC 2023 Regulation E\n|rated|\n|rule|Species Clause: Limit one of each Pok\u00e9mon\n|rule|Item Clause: Limit one of each item\n|clearpoke\n|poke|p1|Weezing, L50, M|\n|poke|p1|Iron Hands, L50|\n|poke|p1|Roaring Moon, L50|\n|poke|p1|Flutter Mane, L50|\n|poke|p1|Landorus-Therian, L50, M|\n|poke|p1|Ogerpon-Wellspring, L50, F|\n|poke|p2|Indeedee-F, L50, F|\n|poke|p2|Armarouge, L50, F|\n|poke|p2|Ogerpon-Cornerstone, L50, F|\n|poke|p2|Oranguru, L50, M|\n|poke|p2|Enamorus-Therian, L50, F|\n|poke|p2|Ursaluna, L50, F|\n|teampreview|4\n|inactive|Battle timer is ON: inactive players will automatically lose when time's up. (requested by previouslyunnamed)\n|j| DominikMysterioVGC\n|c|\u2606previouslyunnamed|gl\n|j| Fayds\n|c|\u2606previouslyunnamed|was jp dominik\n|c|\u2606previouslyunnamed|up*\n|inactive|ggttmmhh has 60 seconds left.\n|inactive|previouslyunnamed has 60 seconds left.\n|c| DominikMysterioVGC|hello\n|c|\u2606previouslyunnamed|i was just 1750 i dropped hard lol\n|c| DominikMysterioVGC|oof\n|c| DominikMysterioVGC|had that this morning\n|inactive|ggttmmhh has 30 seconds left.\n|inactive|ggttmmhh has 20 seconds left.\nggttmmhh has agreed to open team sheets.\n|c| DominikMysterioVGC|managed to get back on track in the last hour or so\n|inactive|ggttmmhh has 15 seconds left.\n|inactive|ggttmmhh has 10 seconds left.\n|inactive|ggttmmhh has 5 seconds left.\n|c|\u2606previouslyunnamed|nice\n|\n|t:|1700079570\n|start\n|switch|p1a: Weezing|Weezing, L50, M|100\/100\n|switch|p1b: Iron Hands|Iron Hands, L50|100\/100\n|switch|p2a: Oranguru|Oranguru, L50, M, shiny|100\/100\n|switch|p2b: Ogerpon|Ogerpon-Cornerstone, L50, F|100\/100\n|-ability|p1a: Weezing|Neutralizing Gas\n|turn|1\n|c|\u2606previouslyunnamed|this guy was a top ladder player\n|inactive|ggttmmhh has 30 seconds left.\n|inactive|previouslyunnamed has 30 seconds left.\n|inactive|ggttmmhh has 20 seconds left.\n|c|\u2606previouslyunnamed|he was first\n|inactive|ggttmmhh has 15 seconds left.\n|inactive|ggttmmhh has 10 seconds left.\n|c|\u2606previouslyunnamed|idk what happened\n|\n|t:|1700079619\n|move|p2b: Ogerpon|Follow Me|p2b: Ogerpon\n|-singleturn|p2b: Ogerpon|move: Follow Me\n|move|p1a: Weezing|Taunt|p2b: Ogerpon\n|-start|p2b: Ogerpon|move: Taunt\n|move|p1b: Iron Hands|Heavy Slam|p2b: Ogerpon\n|-supereffective|p2b: Ogerpon\n|-damage|p2b: Ogerpon|0 fnt\n|faint|p2b: Ogerpon\n|move|p2a: Oranguru|Trick Room|p2a: Oranguru\n|-fieldstart|move: Trick Room|[of] p2a: Oranguru\n|\n|upkeep\n|\n|t:|1700079638\n|switch|p2b: Enamorus|Enamorus-Therian, L50, F|100\/100\n|turn|2\n|inactive|ggttmmhh has 30 seconds left.\n|\n|t:|1700079663\n|-terastallize|p2b: Enamorus|Fairy\n|-terastallize|p1b: Iron Hands|Fire\n|move|p2b: Enamorus|Dazzling Gleam|p1a: Weezing|[spread] p1a,p1b\n|-resisted|p1a: Weezing\n|-resisted|p1b: Iron Hands\n|-damage|p1a: Weezing|64\/100\n|-damage|p1b: Iron Hands|83\/100\n|move|p2a: Oranguru|Instruct|p2b: Enamorus\n|-singleturn|p2b: Enamorus|move: Instruct|[of] p2a: Oranguru\n|move|p2b: Enamorus|Dazzling Gleam|p1a: Weezing|[spread] p1a,p1b\n|-resisted|p1a: Weezing\n|-resisted|p1b: Iron Hands\n|-damage|p1a: Weezing|26\/100\n|-damage|p1b: Iron Hands|66\/100\n|-enditem|p1a: Weezing|Sitrus Berry|[eat]\n|-heal|p1a: Weezing|51\/100|[from] item: Sitrus Berry\n|move|p1b: Iron Hands|Heavy Slam|p2b: Enamorus\n|-supereffective|p2b: Enamorus\n|-damage|p2b: Enamorus|21\/100\n|move|p1a: Weezing|Gunk Shot|p2b: Enamorus\n|-supereffective|p2b: Enamorus\n|-damage|p2b: Enamorus|0 fnt\n|faint|p2b: Enamorus\n|\n|upkeep\n|c| DominikMysterioVGC|kinda rude to talk like that in front of him smh\n|\n|t:|1700079670\n|switch|p2b: Ursaluna|Ursaluna, L50, F, shiny|100\/100\n|turn|3\n|c| DominikMysterioVGC|ranks are just ranks anyway\n|c|\u2606previouslyunnamed|what i ment it in to disrespect\n|inactive|ggttmmhh has 30 seconds left.\n|c| DominikMysterioVGC|yy i'm not gonna get offended on his behalf either LMAO\n|inactive|ggttmmhh has 20 seconds left.\n|inactive|ggttmmhh has 15 seconds left.\n|inactive|ggttmmhh has 10 seconds left.\n|\n|t:|1700079718\n|-end|p1b: Iron Hands|Quark Drive|[silent]\n|switch|p1b: Ogerpon|Ogerpon-Wellspring, L50, F|100\/100\n|move|p1a: Weezing|Protect|p1a: Weezing\n|-singleturn|p1a: Weezing|Protect\n|move|p2b: Ursaluna|Headlong Rush|p1b: Ogerpon\n|-resisted|p1b: Ogerpon\n|-damage|p1b: Ogerpon|69\/100\n|-unboost|p2b: Ursaluna|def|1\n|-unboost|p2b: Ursaluna|spd|1\n|move|p2a: Oranguru|Instruct|p2b: Ursaluna\n|-singleturn|p2b: Ursaluna|move: Instruct|[of] p2a: Oranguru\n|move|p2b: Ursaluna|Headlong Rush|p1b: Ogerpon\n|-resisted|p1b: Ogerpon\n|-damage|p1b: Ogerpon|32\/100\n|-unboost|p2b: Ursaluna|def|1\n|-unboost|p2b: Ursaluna|spd|1\n|\n|-status|p2b: Ursaluna|brn|[from] item: Flame Orb\n|upkeep\n|turn|4\n|inactive|ggttmmhh has 30 seconds left.\n|j| RM20VGC777\n|inactive|ggttmmhh has 20 seconds left.\n|inactive|ggttmmhh has 15 seconds left.\n|inactive|ggttmmhh has 10 seconds left.\n|c|\u2606previouslyunnamed|i need to get my elo back\n|inactive|ggttmmhh has 5 seconds left.\n|\n|t:|1700079769\n|-end|p1a: Weezing|ability: Neutralizing Gas\n|switch|p1a: Flutter Mane|Flutter Mane, L50|100\/100\n|move|p2b: Ursaluna|Headlong Rush|p1a: Flutter Mane\n|-damage|p1a: Flutter Mane|0 fnt\n|-unboost|p2b: Ursaluna|def|1\n|-unboost|p2b: Ursaluna|spd|1\n|faint|p1a: Flutter Mane\n|-end|p1a: Flutter Mane|Protosynthesis|[silent]\n|move|p2a: Oranguru|Instruct|p2b: Ursaluna\n|-singleturn|p2b: Ursaluna|move: Instruct|[of] p2a: Oranguru\n|move|p2b: Ursaluna|Headlong Rush|p1b: Ogerpon\n|-resisted|p1b: Ogerpon\n|-damage|p1b: Ogerpon|0 fnt\n|-unboost|p2b: Ursaluna|def|1\n|-unboost|p2b: Ursaluna|spd|1\n|faint|p1b: Ogerpon\n|\n|-damage|p2b: Ursaluna|95\/100 brn|[from] brn\n|upkeep\n|\n|t:|1700079786\n|switch|p1b: Iron Hands|Iron Hands, L50, tera:Fire|66\/100\n|switch|p1a: Weezing|Weezing, L50, M|51\/100\n|-ability|p1a: Weezing|Neutralizing Gas\n|turn|5\n|\n|t:|1700079806\n|move|p2b: Ursaluna|Protect|p2b: Ursaluna\n|-singleturn|p2b: Ursaluna|Protect\n|move|p1b: Iron Hands|Fake Out|p2b: Ursaluna\n|-activate|p2b: Ursaluna|move: Protect\n|move|p2a: Oranguru|Encore|p1b: Iron Hands\n|-start|p1b: Iron Hands|Encore\n|move|p1a: Weezing|Taunt|p2a: Oranguru\n|-start|p2a: Oranguru|move: Taunt\n|\n|-damage|p2b: Ursaluna|89\/100 brn|[from] brn\n|-fieldend|move: Trick Room\n|upkeep\n|turn|6\n|\n|t:|1700079826\n|move|p1b: Iron Hands|Fake Out||[still]\n|-hint|Fake Out only works on your first turn out.\n|-fail|p1b: Iron Hands\n|move|p1a: Weezing|Gunk Shot|p2b: Ursaluna\n|-resisted|p2b: Ursaluna\n|-damage|p2b: Ursaluna|54\/100 brn\n|move|p2a: Oranguru|Psychic|p1a: Weezing\n|-supereffective|p1a: Weezing\n|-damage|p1a: Weezing|0 fnt\n|faint|p1a: Weezing\n|-end|p1a: Weezing|ability: Neutralizing Gas\n|move|p2b: Ursaluna|Headlong Rush|p1b: Iron Hands\n|-supereffective|p1b: Iron Hands\n|-damage|p1b: Iron Hands|0 fnt\n|-unboost|p2b: Ursaluna|def|1\n|-unboost|p2b: Ursaluna|spd|1\n|faint|p1b: Iron Hands\n|-end|p1b: Iron Hands|Quark Drive|[silent]\n|\n|win|previouslyunnamed\n|raw|ggttmmhh's rating: 1724 &rarr; <strong>1699<\/strong><br \/>(-25 for losing)\n|raw|previouslyunnamed's rating: 1640 &rarr; <strong>1665<\/strong><br \/>(+25 for winning)\n|l|\u2606ggttmmhh\n|c|\u2606previouslyunnamed|gg\n","uploadtime":1700079844,"views":12,"p1id":"ggttmmhh","p2id":"previouslyunnamed","formatid":"gen9vgc2023regulatione","rating":1665,"private":0,"password":""}