{"id":"gen9vgc2023regulatione-1990251652","p1":"LameLiarLeo","p2":"GR4YGH0ST","format":"[Gen 9] VGC 2023 Regulation E","log":"|j|\u2606LameLiarLeo\n|j|\u2606GR4YGH0ST\n|t:|1699944839\n|gametype|doubles\n|player|p1|LameLiarLeo|caitlin|1419\n|player|p2|GR4YGH0ST|1|1512\n|teamsize|p1|6\n|teamsize|p2|6\n|gen|9\n|tier|[Gen 9] VGC 2023 Regulation E\n|rated|\n|rule|Species Clause: Limit one of each Pok\u00e9mon\n|rule|Item Clause: Limit one of each item\n|clearpoke\n|poke|p1|Iron Valiant, L50|\n|poke|p1|Gholdengo, L50|\n|poke|p1|Ogerpon-Wellspring, L50, F|\n|poke|p1|Rillaboom, L50, M|\n|poke|p1|Heatran, L50, M|\n|poke|p1|Ninetales-Alola, L50, F|\n|poke|p2|Chien-Pao, L50|\n|poke|p2|Dragonite, L50, F|\n|poke|p2|Heatran, L50, M|\n|poke|p2|Farigiraf, L50, M|\n|poke|p2|Rillaboom, L50, F|\n|poke|p2|Urshifu-*, L50, F|\n|teampreview|4\n|\n|t:|1699944920\n|start\n|switch|p1a: Ninetales|Ninetales-Alola, L50, F|100\/100\n|switch|p1b: Iron Valiant|Iron Valiant, L50|100\/100\n|switch|p2a: Dragonite|Dragonite, L50, F|100\/100\n|switch|p2b: Chien-Pao|Chien-Pao, L50|100\/100\n|-ability|p2b: Chien-Pao|Sword of Ruin\n|-weather|Snow|[from] ability: Snow Warning|[of] p1a: Ninetales\n|-enditem|p1b: Iron Valiant|Booster Energy\n|-activate|p1b: Iron Valiant|ability: Quark Drive|[fromitem]\n|-start|p1b: Iron Valiant|quarkdrivespe\n|turn|1\n|\n|t:|1699944987\n|-terastallize|p1b: Iron Valiant|Ghost\n|move|p1a: Ninetales|Protect|p1a: Ninetales\n|-singleturn|p1a: Ninetales|Protect\n|move|p2a: Dragonite|Extreme Speed|p1b: Iron Valiant\n|-immune|p1b: Iron Valiant\n|move|p1b: Iron Valiant|Close Combat|p2a: Dragonite\n|-resisted|p2a: Dragonite\n|-damage|p2a: Dragonite|63\/100\n|-unboost|p1b: Iron Valiant|def|1\n|-unboost|p1b: Iron Valiant|spd|1\n|move|p2b: Chien-Pao|Icicle Crash|p1b: Iron Valiant\n|-damage|p1b: Iron Valiant|3\/100\n|\n|-weather|Snow|[upkeep]\n|upkeep\n|turn|2\n|\n|t:|1699945023\n|move|p2a: Dragonite|Extreme Speed|p1a: Ninetales\n|-damage|p1a: Ninetales|55\/100\n|move|p2b: Chien-Pao|Sucker Punch||[still]\n|-fail|p2b: Chien-Pao\n|move|p1b: Iron Valiant|Disable|p2b: Chien-Pao\n|-start|p2b: Chien-Pao|Disable|Sucker Punch\n|move|p1a: Ninetales|Icy Wind|p2a: Dragonite|[spread] p2a,p2b\n|-supereffective|p2a: Dragonite\n|-resisted|p2b: Chien-Pao\n|-damage|p2a: Dragonite|13\/100\n|-damage|p2b: Chien-Pao|90\/100\n|-unboost|p2a: Dragonite|spe|1\n|-unboost|p2b: Chien-Pao|spe|1\n|\n|-weather|Snow|[upkeep]\n|upkeep\n|turn|3\n|j| PLSWIGIS\n|\n|t:|1699945051\n|move|p2b: Chien-Pao|Protect|p2b: Chien-Pao\n|-singleturn|p2b: Chien-Pao|Protect\n|move|p2a: Dragonite|Extreme Speed|p1a: Ninetales\n|-damage|p1a: Ninetales|7\/100\n|-enditem|p1a: Ninetales|Sitrus Berry|[eat]\n|-heal|p1a: Ninetales|32\/100|[from] item: Sitrus Berry\n|move|p1b: Iron Valiant|Moonblast|p2b: Chien-Pao\n|-activate|p2b: Chien-Pao|move: Protect\n|move|p1a: Ninetales|Icy Wind|p2b: Chien-Pao|[spread] p2a\n|-activate|p2b: Chien-Pao|move: Protect\n|-supereffective|p2a: Dragonite\n|-damage|p2a: Dragonite|0 fnt\n|faint|p2a: Dragonite\n|\n|-weather|Snow|[upkeep]\n|upkeep\n|\n|t:|1699945069\n|switch|p2a: Urshifu|Urshifu-Rapid-Strike, L50, F|100\/100\n|turn|4\n|\n|t:|1699945082\n|move|p1b: Iron Valiant|Close Combat|p2b: Chien-Pao\n|-supereffective|p2b: Chien-Pao\n|-crit|p2b: Chien-Pao\n|-damage|p2b: Chien-Pao|0 fnt\n|-unboost|p1b: Iron Valiant|def|1\n|-unboost|p1b: Iron Valiant|spd|1\n|faint|p2b: Chien-Pao\n|move|p2a: Urshifu|Surging Strikes|p1a: Ninetales\n|-crit|p1a: Ninetales\n|-damage|p1a: Ninetales|16\/100\n|-crit|p1a: Ninetales\n|-damage|p1a: Ninetales|0 fnt\n|faint|p1a: Ninetales\n|-hitcount|p1: Ninetales|2\n|\n|-weather|Snow|[upkeep]\n|upkeep\n|\n|t:|1699945094\n|switch|p2b: Heatran|Heatran, L50, M|100\/100\n|switch|p1a: Rillaboom|Rillaboom, L50, M|100\/100\n|-fieldstart|move: Grassy Terrain|[from] ability: Grassy Surge|[of] p1a: Rillaboom\n|turn|5\n|\n|t:|1699945110\n|-terastallize|p2b: Heatran|Fairy\n|move|p1a: Rillaboom|Fake Out|p2b: Heatran\n|-damage|p2b: Heatran|89\/100\n|move|p1b: Iron Valiant|Moonblast|p2a: Urshifu\n|-supereffective|p2a: Urshifu\n|-damage|p2a: Urshifu|0 fnt\n|faint|p2a: Urshifu\n|cant|p2b: Heatran|flinch\n|\n|-weather|none\n|-heal|p1b: Iron Valiant|9\/100|[from] Grassy Terrain\n|-heal|p2b: Heatran|95\/100|[from] Grassy Terrain\n|upkeep\n|turn|6\n|-message|GR4YGH0ST forfeited.\n|\n|win|LameLiarLeo\n|raw|LameLiarLeo's rating: 1419 &rarr; <strong>1444<\/strong><br \/>(+25 for winning)\n|raw|GR4YGH0ST's rating: 1512 &rarr; <strong>1487<\/strong><br \/>(-25 for losing)\n|l|\u2606GR4YGH0ST\n|l| PLSWIGIS\n","uploadtime":1699945121,"views":39,"p1id":"lameliarleo","p2id":"gr4ygh0st","formatid":"gen9vgc2023regulatione","rating":1444,"private":0,"password":""}