{"id":"gen9vgc2023regulatione-1995184229","p1":"benjc","p2":"JayMcG1010","format":"[Gen 9] VGC 2023 Regulation E","log":"|j|\u2606benjc\n|j|\u2606JayMcG1010\n|n|\u2606benjc|benjc\n|n|\u2606JayMcG1010|jaymcg1010\n|html|View the match progress at <a href=\"\/game-bestof3-gen9vgc2023regulatione-1995184228\">game-bestof3-gen9vgc2023regulatione-1995184228<\/a>\n|t:|1700532025\n|gametype|doubles\n|player|p1|benjc|preschooler|\n|player|p2|JayMcG1010|265|\n|teamsize|p1|6\n|teamsize|p2|6\n|gen|9\n|tier|[Gen 9] VGC 2023 Regulation E\n|rule|Species Clause: Limit one of each Pok\u00e9mon\n|rule|Item Clause: Limit one of each item\n|clearpoke\n|poke|p1|Ting-Lu, L50|\n|poke|p1|Poltchageist, L50|\n|poke|p1|Eelektross, L50, M|\n|poke|p1|Salazzle, L50, F|\n|poke|p1|Scizor, L50, F|\n|poke|p1|Gyarados, L50, M|\n|poke|p2|Crocalor, L50, F|\n|poke|p2|Kommo-o, L50, M|\n|poke|p2|Gholdengo, L50|\n|poke|p2|Ogerpon-Cornerstone, L50, F|\n|poke|p2|Grimmsnarl, L50, M|\n|poke|p2|Wyrdeer, L50, F|\n|teampreview|4\n|inactive|Battle timer is ON: inactive players will automatically lose when time's up. (requested by benjc)\n|inactiveoff|Battle timer is now OFF.\n|c|\u2606JayMcG1010|glhf!\nJayMcG1010 rejected open team sheets.\n|c|\u2606benjc|gl hf!\n|\n|t:|1700532098\n|start\n|switch|p1a: Poltchageist|Poltchageist, L50|100\/100\n|switch|p1b: Scizor|Scizor, L50, F|100\/100\n|switch|p2a: EggThief|Ogerpon-Cornerstone, L50, F|100\/100\n|switch|p2b: PsychicFrog|Crocalor, L50, F, shiny|100\/100\n|turn|1\n|\n|t:|1700532160\n|move|p2a: EggThief|Spiky Shield|p2a: EggThief\n|-singleturn|p2a: EggThief|move: Protect\n|move|p2b: PsychicFrog|Will-O-Wisp|p1b: Scizor\n|-status|p1b: Scizor|brn\n|move|p1b: Scizor|U-turn|p2a: EggThief\n|-activate|p2a: EggThief|move: Protect\n|-damage|p1b: Scizor|88\/100 brn|[from] Spiky Shield|[of] p2a: EggThief\n|move|p1a: Poltchageist|Trick Room|p1a: Poltchageist\n|-fieldstart|move: Trick Room|[of] p1a: Poltchageist\n|\n|-damage|p1b: Scizor|82\/100 brn|[from] brn\n|upkeep\n|turn|2\n|\n|t:|1700532190\n|switch|p2a: AxolotolBird|Kommo-o, L50, M|100\/100\n|move|p1a: Poltchageist|Night Shade|p2a: AxolotolBird\n|-damage|p2a: AxolotolBird|73\/100\n|move|p1b: Scizor|U-turn|p2a: AxolotolBird\n|-resisted|p2a: AxolotolBird\n|-damage|p2a: AxolotolBird|63\/100\n|\n|t:|1700532206\n|switch|p1b: Eelektross|Eelektross, L50, M|100\/100|[from] U-turn\n|move|p2b: PsychicFrog|Will-O-Wisp|p1b: Eelektross\n|-status|p1b: Eelektross|brn\n|\n|-heal|p2a: AxolotolBird|69\/100|[from] item: Leftovers\n|-damage|p1b: Eelektross|95\/100 brn|[from] brn\n|upkeep\n|turn|3\n|\n|t:|1700532219\n|switch|p2a: AWeirdDeer|Wyrdeer, L50, F, shiny|100\/100\n|-ability|p2a: AWeirdDeer|Intimidate|boost\n|-unboost|p1a: Poltchageist|atk|1\n|-unboost|p1b: Eelektross|atk|1\n|move|p1a: Poltchageist|Rage Powder|p1a: Poltchageist\n|-singleturn|p1a: Poltchageist|move: Rage Powder\n|move|p1b: Eelektross|Bulk Up|p1b: Eelektross\n|-boost|p1b: Eelektross|atk|1\n|-boost|p1b: Eelektross|def|1\n|-enditem|p2a: AWeirdDeer|Mirror Herb\n|-boost|p2a: AWeirdDeer|atk|1|[from] item: Mirror Herb\n|-boost|p2a: AWeirdDeer|def|1|[from] item: Mirror Herb\n|move|p2b: PsychicFrog|Heat Wave|p1b: Eelektross|[spread] p1a,p1b\n|-supereffective|p1a: Poltchageist\n|-damage|p1a: Poltchageist|58\/100\n|-damage|p1b: Eelektross|73\/100 brn\n|-status|p1a: Poltchageist|brn\n|\n|-damage|p1a: Poltchageist|52\/100 brn|[from] brn\n|-damage|p1b: Eelektross|67\/100 brn|[from] brn\n|upkeep\n|turn|4\n|\n|t:|1700532243\n|switch|p1b: Ting-Lu|Ting-Lu, L50|100\/100\n|-ability|p1b: Ting-Lu|Vessel of Ruin\n|move|p1a: Poltchageist|Night Shade|p2b: PsychicFrog\n|-damage|p2b: PsychicFrog|72\/100\n|move|p2b: PsychicFrog|Heat Wave|p1a: Poltchageist|[spread] p1a,p1b\n|-supereffective|p1a: Poltchageist\n|-damage|p1a: Poltchageist|22\/100 brn\n|-damage|p1b: Ting-Lu|89\/100\n|move|p2a: AWeirdDeer|Psyshield Bash|p1b: Ting-Lu\n|-immune|p1b: Ting-Lu\n|\n|-heal|p1b: Ting-Lu|95\/100|[from] item: Leftovers\n|-damage|p1a: Poltchageist|16\/100 brn|[from] brn\n|upkeep\n|turn|5\n|c|\u2606benjc|im getting COOKED\n|\n|t:|1700532302\n|switch|p1a: Eelektross|Eelektross, L50, M|67\/100 brn\n|move|p2a: AWeirdDeer|Protect|p2a: AWeirdDeer\n|-singleturn|p2a: AWeirdDeer|Protect\n|move|p1b: Ting-Lu|Fissure|p2a: AWeirdDeer\n|-activate|p2a: AWeirdDeer|move: Protect\n|move|p2b: PsychicFrog|Will-O-Wisp|p1b: Ting-Lu\n|-status|p1b: Ting-Lu|brn\n|\n|-heal|p1b: Ting-Lu|100\/100 brn|[from] item: Leftovers\n|-damage|p1b: Ting-Lu|94\/100 brn|[from] brn\n|-damage|p1a: Eelektross|61\/100 brn|[from] brn\n|-fieldend|move: Trick Room\n|upkeep\n|turn|6\n|\n|t:|1700532325\n|move|p2a: AWeirdDeer|Psyshield Bash|p1a: Eelektross\n|-damage|p1a: Eelektross|17\/100 brn\n|-boost|p2a: AWeirdDeer|def|1\n|-enditem|p1a: Eelektross|Mirror Herb\n|-boost|p1a: Eelektross|def|1|[from] item: Mirror Herb\n|move|p2b: PsychicFrog|Heat Wave|p1b: Ting-Lu|[spread] p1a,p1b\n|-damage|p1a: Eelektross|1\/100 brn\n|-damage|p1b: Ting-Lu|83\/100 brn\n|move|p1a: Eelektross|Bulk Up|p1a: Eelektross\n|-boost|p1a: Eelektross|atk|1\n|-boost|p1a: Eelektross|def|1\n|move|p1b: Ting-Lu|Ruination|p2a: AWeirdDeer\n|-damage|p2a: AWeirdDeer|51\/100\n|\n|-heal|p1b: Ting-Lu|89\/100 brn|[from] item: Leftovers\n|-damage|p1a: Eelektross|0 fnt|[from] brn\n|faint|p1a: Eelektross\n|-damage|p1b: Ting-Lu|83\/100 brn|[from] brn\n|upkeep\n|c|\u2606JayMcG1010|spiderman pointing meme lmao\n|c|\u2606benjc|damn free reveal\n|\n|t:|1700532367\n|switch|p1a: Scizor|Scizor, L50, F|82\/100 brn\n|turn|7\n|\n|t:|1700532379\n|move|p2a: AWeirdDeer|Protect|p2a: AWeirdDeer\n|-singleturn|p2a: AWeirdDeer|Protect\n|move|p2b: PsychicFrog|Heat Wave|p1b: Ting-Lu|[spread] p1a\n|-miss|p2b: PsychicFrog|p1b: Ting-Lu\n|-supereffective|p1a: Scizor\n|-damage|p1a: Scizor|4\/100 brn\n|move|p1a: Scizor|U-turn|p2a: AWeirdDeer\n|-activate|p2a: AWeirdDeer|move: Protect\n|move|p1b: Ting-Lu|Fissure|p2b: PsychicFrog\n|-damage|p2b: PsychicFrog|0 fnt\n|faint|p2b: PsychicFrog\n|-ohko\n|\n|-heal|p1b: Ting-Lu|89\/100 brn|[from] item: Leftovers\n|-damage|p1a: Scizor|0 fnt|[from] brn\n|faint|p1a: Scizor\n|-damage|p1b: Ting-Lu|83\/100 brn|[from] brn\n|upkeep\n|c|\u2606benjc|I think ive attacked into every one of ur protects\n|\n|t:|1700532402\n|switch|p2b: EggThief|Ogerpon-Cornerstone, L50, F|100\/100\n|switch|p1a: Poltchageist|Poltchageist, L50|16\/100 brn\n|-heal|p1b: Ting-Lu|100\/100 brn|[from] ability: Hospitality|[of] p1a: Poltchageist\n|turn|8\n|\n|t:|1700532418\n|move|p1b: Ting-Lu|Protect|p1b: Ting-Lu\n|-singleturn|p1b: Ting-Lu|Protect\n|move|p2b: EggThief|Ivy Cudgel|p1a: Poltchageist|[anim] Ivy Cudgel Rock\n|-damage|p1a: Poltchageist|0 fnt\n|faint|p1a: Poltchageist\n|move|p2a: AWeirdDeer|Facade|p1b: Ting-Lu\n|-activate|p1b: Ting-Lu|move: Protect\n|\n|-damage|p1b: Ting-Lu|94\/100 brn|[from] brn\n|upkeep\n|turn|9\n|\n|t:|1700532434\n|move|p2b: EggThief|Spiky Shield|p2b: EggThief\n|-singleturn|p2b: EggThief|move: Protect\n|move|p2a: AWeirdDeer|Protect|p2a: AWeirdDeer\n|-singleturn|p2a: AWeirdDeer|Protect\n|move|p1b: Ting-Lu|Fissure|p2a: AWeirdDeer\n|-activate|p2a: AWeirdDeer|move: Protect\n|\n|-heal|p1b: Ting-Lu|100\/100 brn|[from] item: Leftovers\n|-damage|p1b: Ting-Lu|94\/100 brn|[from] brn\n|upkeep\n|turn|10\n|\n|t:|1700532446\n|move|p2b: EggThief|Wood Hammer|p1b: Ting-Lu\n|-supereffective|p1b: Ting-Lu\n|-damage|p1b: Ting-Lu|30\/100 brn\n|-damage|p2b: EggThief|65\/100|[from] Recoil\n|move|p2a: AWeirdDeer|Facade|p1b: Ting-Lu\n|-damage|p1b: Ting-Lu|10\/100 brn\n|move|p1b: Ting-Lu|Fissure|p2a: AWeirdDeer\n|-damage|p2a: AWeirdDeer|0 fnt\n|faint|p2a: AWeirdDeer\n|-ohko\n|\n|-heal|p1b: Ting-Lu|16\/100 brn|[from] item: Leftovers\n|-damage|p1b: Ting-Lu|10\/100 brn|[from] brn\n|upkeep\n|c|\u2606JayMcG1010|omg lmao\n|\n|t:|1700532459\n|switch|p2a: AxolotolBird|Kommo-o, L50, M|69\/100\n|turn|11\n|c|\u2606benjc|its still so over lmao\n|\n|t:|1700532470\n|move|p1b: Ting-Lu|Protect|p1b: Ting-Lu\n|-singleturn|p1b: Ting-Lu|Protect\n|move|p2b: EggThief|Wood Hammer|p1b: Ting-Lu\n|-activate|p1b: Ting-Lu|move: Protect\n|move|p2a: AxolotolBird|Draco Meteor|p1b: Ting-Lu\n|-activate|p1b: Ting-Lu|move: Protect\n|\n|-heal|p2a: AxolotolBird|75\/100|[from] item: Leftovers\n|-heal|p1b: Ting-Lu|16\/100 brn|[from] item: Leftovers\n|-damage|p1b: Ting-Lu|10\/100 brn|[from] brn\n|upkeep\n|turn|12\n|c|\u2606JayMcG1010|ggs!\n|\n|t:|1700532483\n|move|p2b: EggThief|Wood Hammer|p1b: Ting-Lu\n|-supereffective|p1b: Ting-Lu\n|-damage|p1b: Ting-Lu|0 fnt\n|faint|p1b: Ting-Lu\n|-damage|p2b: EggThief|60\/100|[from] Recoil\n|\n|win|JayMcG1010\n|c|&|\/uhtml prompt-benjc,benjc is ready for game 2!\n|c|&|\/uhtml prompt-jaymcg1010,JayMcG1010 is ready for game 2!\nBoth players are ready! Starting next match!\n","uploadtime":1700533087,"views":26,"p1id":"benjc","p2id":"jaymcg1010","formatid":"gen9vgc2023regulatione","rating":0,"private":0,"password":""}