{"id":"gen9vgc2023regulatione-1995834572","p1":"luk29powavgcwp","p2":"Fripp70!","format":"[Gen 9] VGC 2023 Regulation E","log":"|j|\u2606luk29powavgcwp\n|j|\u2606Fripp70!\n|t:|1700607832\n|gametype|doubles\n|player|p1|luk29powavgcwp|2|1148\n|player|p2|Fripp70!|swimmerf|1176\n|teamsize|p1|6\n|teamsize|p2|6\n|gen|9\n|tier|[Gen 9] VGC 2023 Regulation E\n|rated|\n|rule|Species Clause: Limit one of each Pok\u00e9mon\n|rule|Item Clause: Limit one of each item\n|clearpoke\n|poke|p1|Urshifu-*, L50, M|\n|poke|p1|Tornadus, L50, M|\n|poke|p1|Arcanine-Hisui, L50, F|\n|poke|p1|Iron Hands, L50|\n|poke|p1|Flutter Mane, L50|\n|poke|p1|Ceruledge, L50, M|\n|poke|p2|Farigiraf, L50, M|\n|poke|p2|Hariyama, L50, M|\n|poke|p2|Chandelure, L50, F|\n|poke|p2|Trevenant, L50, F|\n|poke|p2|Palafin, L50, M|\n|poke|p2|Nosepass, L50, F|\n|teampreview|4\n|inactive|Battle timer is ON: inactive players will automatically lose when time's up. (requested by Fripp70!)\nFripp70! rejected open team sheets.\n|inactive|luk29powavgcwp has 60 seconds left.\n|inactive|luk29powavgcwp has 30 seconds left.\n|\n|t:|1700607914\n|start\n|switch|p1a: Ceruledge|Ceruledge, L50, M|100\/100\n|switch|p1b: Flutter Mane|Flutter Mane, L50|100\/100\n|switch|p2a: Farigiraf|Farigiraf, L50, M, shiny|100\/100\n|switch|p2b: Hariyama|Hariyama, L50, M, shiny|100\/100\n|-enditem|p1b: Flutter Mane|Booster Energy\n|-activate|p1b: Flutter Mane|ability: Protosynthesis|[fromitem]\n|-start|p1b: Flutter Mane|protosynthesisspa\n|turn|1\n|inactive|luk29powavgcwp has 30 seconds left.\n|inactive|luk29powavgcwp has 20 seconds left.\n|\n|t:|1700607951\n|move|p2b: Hariyama|Wide Guard|p2b: Hariyama\n|-singleturn|p2b: Hariyama|Wide Guard\n|move|p1b: Flutter Mane|Imprison|p1b: Flutter Mane\n|-start|p1b: Flutter Mane|move: Imprison\n|move|p1a: Ceruledge|Bulk Up|p1a: Ceruledge\n|-boost|p1a: Ceruledge|atk|1\n|-boost|p1a: Ceruledge|def|1\n|cant|p2a: Farigiraf|move: Imprison|Trick Room\n|\n|-status|p2b: Hariyama|brn|[from] item: Flame Orb\n|upkeep\n|turn|2\n|inactive|luk29powavgcwp has 30 seconds left.\n|inactive|luk29powavgcwp has 20 seconds left.\n|inactive|luk29powavgcwp has 15 seconds left.\n|inactive|luk29powavgcwp has 10 seconds left.\n|inactive|luk29powavgcwp has 5 seconds left.\n|\n|t:|1700608003\n|-terastallize|p1a: Ceruledge|Grass\n|move|p1b: Flutter Mane|Moonblast|p2b: Hariyama\n|-supereffective|p2b: Hariyama\n|-damage|p2b: Hariyama|0 fnt\n|faint|p2b: Hariyama\n|move|p1a: Ceruledge|Bulk Up|p1a: Ceruledge\n|-boost|p1a: Ceruledge|atk|1\n|-boost|p1a: Ceruledge|def|1\n|move|p2a: Farigiraf|Psychic|p1b: Flutter Mane\n|-damage|p1b: Flutter Mane|65\/100\n|\n|upkeep\n|\n|t:|1700608012\n|switch|p2b: Chandelure|Chandelure, L50, F, shiny|100\/100\n|turn|3\n|inactive|luk29powavgcwp has 30 seconds left.\n|inactive|Fripp70! has 30 seconds left.\n|\n|t:|1700608040\n|-terastallize|p2b: Chandelure|Grass\n|move|p1b: Flutter Mane|Moonblast|p2a: Farigiraf\n|-damage|p2a: Farigiraf|47\/100\n|-unboost|p2a: Farigiraf|spa|1\n|move|p1a: Ceruledge|Bitter Blade|p2a: Farigiraf\n|-damage|p2a: Farigiraf|0 fnt\n|faint|p2a: Farigiraf\n|move|p2b: Chandelure|Clear Smog|p1a: Ceruledge\n|-supereffective|p1a: Ceruledge\n|-damage|p1a: Ceruledge|50\/100\n|-clearboost|p1a: Ceruledge\n|\n|upkeep\n|\n|t:|1700608051\n|switch|p2a: Trevenant|Trevenant, L50, F, shiny|100\/100\n|-item|p1a: Ceruledge|Clear Amulet|[from] ability: Frisk|[of] p2a: Trevenant|[identify]\n|turn|4\n|inactive|luk29powavgcwp has 30 seconds left.\n|inactive|luk29powavgcwp has 20 seconds left.\n|inactive|luk29powavgcwp has 15 seconds left.\n|inactive|luk29powavgcwp has 10 seconds left.\n|\n|t:|1700608097\n|move|p1a: Ceruledge|Protect|p1a: Ceruledge\n|-singleturn|p1a: Ceruledge|Protect\n|move|p1b: Flutter Mane|Shadow Ball|p2b: Chandelure\n|-damage|p2b: Chandelure|47\/100\n|-unboost|p2b: Chandelure|spd|1\n|move|p2b: Chandelure|Clear Smog|p1a: Ceruledge\n|-activate|p1a: Ceruledge|move: Protect\n|move|p2a: Trevenant|Ingrain|p2a: Trevenant\n|-start|p2a: Trevenant|move: Ingrain\n|\n|upkeep\n|turn|5\n|inactive|luk29powavgcwp has 30 seconds left.\n|\n|t:|1700608125\n|move|p1b: Flutter Mane|Shadow Ball|p2b: Chandelure\n|-damage|p2b: Chandelure|0 fnt\n|faint|p2b: Chandelure\n|move|p1a: Ceruledge|Bitter Blade|p2a: Trevenant\n|-supereffective|p2a: Trevenant\n|-damage|p2a: Trevenant|0 fnt\n|-heal|p1a: Ceruledge|100\/100|[from] drain|[of] p2a: Trevenant\n|faint|p2a: Trevenant\n|\n|win|luk29powavgcwp\n|raw|luk29powavgcwp's rating: 1148 &rarr; <strong>1175<\/strong><br \/>(+27 for winning)\n|raw|Fripp70!'s rating: 1176 &rarr; <strong>1149<\/strong><br \/>(-27 for losing)\n|l|\u2606Fripp70!\n","uploadtime":1700608138,"views":7,"p1id":"luk29powavgcwp","p2id":"fripp70","formatid":"gen9vgc2023regulatione","rating":1149,"private":0,"password":""}