{"id":"gen9vgc2023regulatione-1991032730","p1":"Kalickey","p2":"CharlienoB","format":"[Gen 9] VGC 2023 Regulation E","log":"|j|\u2606Kalickey\n|j|\u2606CharlienoB\n|t:|1700031478\n|gametype|doubles\n|player|p1|Kalickey|102|1281\n|player|p2|CharlienoB|169|1182\n|teamsize|p1|6\n|teamsize|p2|6\n|gen|9\n|tier|[Gen 9] VGC 2023 Regulation E\n|rated|\n|rule|Species Clause: Limit one of each Pok\u00e9mon\n|rule|Item Clause: Limit one of each item\n|clearpoke\n|poke|p1|Dragonite, L50, M|\n|poke|p1|Scizor, L50, M|\n|poke|p1|Murkrow, L50, M|\n|poke|p1|Gholdengo, L50|\n|poke|p1|Arcanine-Hisui, L50, F|\n|poke|p1|Landorus-Therian, L50, M|\n|poke|p2|Espathra, L50, F|\n|poke|p2|Clefairy, L50, F|\n|poke|p2|Gholdengo, L50|\n|poke|p2|Rillaboom, L50, F|\n|poke|p2|Arcanine-Hisui, L50, F|\n|poke|p2|Ogerpon-Wellspring, L50, F|\n|teampreview|4\n|inactive|Battle timer is ON: inactive players will automatically lose when time's up. (requested by Kalickey)\n|inactive|Kalickey has 60 seconds left.\n|inactive|Kalickey has 30 seconds left.\n|inactive|Kalickey has 20 seconds left.\n|inactive|Kalickey has 15 seconds left.\n|\n|t:|1700031558\n|start\n|switch|p1a: Landorus|Landorus-Therian, L50, M|100\/100\n|switch|p1b: Scizor|Scizor, L50, M, shiny|100\/100\n|switch|p2a: Rillaboom|Rillaboom, L50, F|100\/100\n|switch|p2b: Arcanine|Arcanine-Hisui, L50, F|100\/100\n|-fieldstart|move: Grassy Terrain|[from] ability: Grassy Surge|[of] p2a: Rillaboom\n|-ability|p2b: Arcanine|Intimidate|boost\n|-unboost|p1a: Landorus|atk|1\n|-fail|p1b: Scizor|unboost|[from] item: Clear Amulet|[of] p1b: Scizor\n|-ability|p1a: Landorus|Intimidate|boost\n|-unboost|p2a: Rillaboom|atk|1\n|-unboost|p2b: Arcanine|atk|1\n|turn|1\n|inactive|Kalickey has 30 seconds left.\n|inactive|CharlienoB has 30 seconds left.\n|inactive|Kalickey has 20 seconds left.\n|inactive|CharlienoB has 20 seconds left.\n|\n|t:|1700031601\n|switch|p1a: Arcanine|Arcanine-Hisui, L50, F|100\/100\n|-ability|p1a: Arcanine|Intimidate|boost\n|-unboost|p2a: Rillaboom|atk|1\n|-unboost|p2b: Arcanine|atk|1\n|-terastallize|p1b: Scizor|Fire\n|move|p2a: Rillaboom|Wood Hammer|p1b: Scizor\n|-resisted|p1b: Scizor\n|-damage|p1b: Scizor|80\/100\n|-damage|p2a: Rillaboom|94\/100|[from] Recoil\n|move|p2b: Arcanine|Flare Blitz|p1b: Scizor\n|-resisted|p1b: Scizor\n|-damage|p1b: Scizor|58\/100\n|-damage|p2b: Arcanine|94\/100|[from] Recoil\n|move|p1b: Scizor|Dual Wingbeat|p2a: Rillaboom\n|-supereffective|p2a: Rillaboom\n|-damage|p2a: Rillaboom|41\/100\n|-supereffective|p2a: Rillaboom\n|-damage|p2a: Rillaboom|0 fnt\n|faint|p2a: Rillaboom\n|-hitcount|p2: Rillaboom|2\n|\n|-heal|p2b: Arcanine|99\/100|[from] Grassy Terrain\n|-heal|p1b: Scizor|64\/100|[from] Grassy Terrain\n|upkeep\n|\n|t:|1700031626\n|switch|p2a: Ogerpon|Ogerpon-Wellspring, L50, F|100\/100\n|turn|2\n|inactive|Kalickey has 30 seconds left.\n|\n|t:|1700031652\n|switch|p2b: Espathra|Espathra, L50, F|100\/100\n|switch|p1b: Landorus|Landorus-Therian, L50, M|100\/100\n|-ability|p1b: Landorus|Intimidate|boost\n|-unboost|p2a: Ogerpon|atk|1\n|-unboost|p2b: Espathra|atk|1\n|-terastallize|p2a: Ogerpon|Water\n|detailschange|p2a: Ogerpon|Ogerpon-Wellspring-Tera, L50, F, tera:Water\n|-ability|p2a: Ogerpon|Embody Aspect (Wellspring)|boost\n|-boost|p2a: Ogerpon|spd|1\n|move|p1a: Arcanine|Will-O-Wisp|p2a: Ogerpon\n|-status|p2a: Ogerpon|brn\n|move|p2a: Ogerpon|Ivy Cudgel|p1a: Arcanine|[anim] Ivy Cudgel Water\n|-supereffective|p1a: Arcanine\n|-crit|p1a: Arcanine\n|-damage|p1a: Arcanine|0 fnt\n|faint|p1a: Arcanine\n|\n|-damage|p2a: Ogerpon|95\/100 brn|[from] brn\n|upkeep\n|\n|t:|1700031675\n|switch|p1a: Dragonite|Dragonite, L50, M|100\/100\n|turn|3\n|\n|t:|1700031694\n|move|p2b: Espathra|Protect|p2b: Espathra\n|-singleturn|p2b: Espathra|Protect\n|move|p2a: Ogerpon|Ivy Cudgel|p1b: Landorus|[anim] Ivy Cudgel Water\n|-supereffective|p1b: Landorus\n|-damage|p1b: Landorus|52\/100\n|move|p1b: Landorus|Earthquake|p2a: Ogerpon|[spread] p2a\n|-activate|p2b: Espathra|move: Protect\n|-immune|p1a: Dragonite\n|-damage|p2a: Ogerpon|63\/100 brn\n|move|p1a: Dragonite|Outrage|p2a: Ogerpon\n|-damage|p2a: Ogerpon|0 fnt\n|faint|p2a: Ogerpon\n|\n|-ability|p2b: Espathra|Speed Boost|boost\n|-boost|p2b: Espathra|spe|1\n|upkeep\n|\n|t:|1700031712\n|switch|p2a: Arcanine|Arcanine-Hisui, L50, F|99\/100\n|-ability|p2a: Arcanine|Intimidate|boost\n|-fail|p1a: Dragonite|unboost|Attack|[from] ability: Inner Focus|[of] p1a: Dragonite\n|-unboost|p1b: Landorus|atk|1\n|turn|4\n|\n|t:|1700031726\n|move|p2b: Espathra|Hypnosis|p1a: Dragonite\n|-status|p1a: Dragonite|slp|[from] move: Hypnosis\n|move|p2a: Arcanine|Rock Slide|p1b: Landorus|[spread] p1a,p1b\n|-supereffective|p1a: Dragonite\n|-damage|p1a: Dragonite|16\/100 slp\n|-damage|p1b: Landorus|10\/100\n|move|p1b: Landorus|Earthquake|p2b: Espathra|[spread] p2a,p2b\n|-immune|p1a: Dragonite\n|-supereffective|p2a: Arcanine\n|-damage|p2a: Arcanine|30\/100\n|-damage|p2b: Espathra|87\/100\n|cant|p1a: Dragonite|slp\n|\n|-heal|p2b: Espathra|93\/100|[from] Grassy Terrain\n|-heal|p2a: Arcanine|36\/100|[from] Grassy Terrain\n|-ability|p2b: Espathra|Speed Boost|boost\n|-boost|p2b: Espathra|spe|1\n|upkeep\n|turn|5\n|inactive|Kalickey has 30 seconds left.\n|\n|t:|1700031752\n|move|p2b: Espathra|Hypnosis|p1b: Landorus|[miss]\n|-miss|p2b: Espathra|p1b: Landorus\n|move|p2a: Arcanine|Rock Slide|p1b: Landorus|[spread] p1b\n|-miss|p2a: Arcanine|p1a: Dragonite\n|-crit|p1b: Landorus\n|-damage|p1b: Landorus|0 fnt\n|faint|p1b: Landorus\n|cant|p1a: Dragonite|slp\n|\n|-heal|p2b: Espathra|99\/100|[from] Grassy Terrain\n|-heal|p2a: Arcanine|43\/100|[from] Grassy Terrain\n|-fieldend|move: Grassy Terrain\n|-ability|p2b: Espathra|Speed Boost|boost\n|-boost|p2b: Espathra|spe|1\n|upkeep\n|\n|t:|1700031766\n|switch|p1b: Scizor|Scizor, L50, M, shiny, tera:Fire|64\/100\n|turn|6\n|\n|t:|1700031782\n|move|p1b: Scizor|Bullet Punch|p2a: Arcanine\n|-damage|p2a: Arcanine|7\/100\n|move|p2b: Espathra|Hypnosis|p1b: Scizor|[miss]\n|-miss|p2b: Espathra|p1b: Scizor\n|move|p2a: Arcanine|Rock Slide|p1a: Dragonite|[spread] p1a,p1b\n|-supereffective|p1a: Dragonite\n|-supereffective|p1b: Scizor\n|-damage|p1a: Dragonite|0 fnt\n|-damage|p1b: Scizor|0 fnt\n|faint|p1a: Dragonite\n|faint|p1b: Scizor\n|\n|win|CharlienoB\n|raw|Kalickey's rating: 1281 &rarr; <strong>1249<\/strong><br \/>(-32 for losing)\n|raw|CharlienoB's rating: 1182 &rarr; <strong>1214<\/strong><br \/>(+32 for winning)\n","uploadtime":1700031812,"views":11,"p1id":"kalickey","p2id":"charlienob","formatid":"gen9vgc2023regulatione","rating":1214,"private":0,"password":""}