{"id":"gen9vgc2023regulatione-2000030126","p1":"Tripothy","p2":"FuniPlagueMan","format":"[Gen 9] VGC 2023 Regulation E","log":"|j|\u2606Tripothy\n|j|\u2606FuniPlagueMan\n|t:|1701143338\n|gametype|doubles\n|player|p1|Tripothy|2|1102\n|player|p2|FuniPlagueMan|roxie|1063\n|teamsize|p1|6\n|teamsize|p2|6\n|gen|9\n|tier|[Gen 9] VGC 2023 Regulation E\n|rated|\n|rule|Species Clause: Limit one of each Pok\u00e9mon\n|rule|Item Clause: Limit one of each item\n|clearpoke\n|poke|p1|Ninetales-Alola, L50, M|\n|poke|p1|Empoleon, L50, M|\n|poke|p1|Roaring Moon, L50|\n|poke|p1|Sinistcha, L50|\n|poke|p1|Urshifu-*, L50, F|\n|poke|p1|Arcanine-Hisui, L50, F|\n|poke|p2|Gothitelle, L50, M|\n|poke|p2|Flutter Mane, L50|\n|poke|p2|Scream Tail, L50|\n|poke|p2|Arcanine-Hisui, L50, M|\n|poke|p2|Amoonguss, L50, M|\n|poke|p2|Palafin, L50, F|\n|teampreview|4\n|inactive|Battle timer is ON: inactive players will automatically lose when time's up. (requested by FuniPlagueMan)\n|inactive|Tripothy has 60 seconds left.\nFuniPlagueMan has agreed to open team sheets.\n|\n|t:|1701143387\n|start\n|switch|p1a: Ninetales|Ninetales-Alola, L50, M|100\/100\n|switch|p1b: Empoleon|Empoleon, L50, M|100\/100\n|switch|p2a: Gothitelle|Gothitelle, L50, M|100\/100\n|switch|p2b: Scream Tail|Scream Tail, L50|100\/100\n|-weather|Snow|[from] ability: Snow Warning|[of] p1a: Ninetales\n|-enditem|p2b: Scream Tail|Booster Energy\n|-activate|p2b: Scream Tail|ability: Protosynthesis|[fromitem]\n|-start|p2b: Scream Tail|protosynthesisspe\n|turn|1\n|inactive|Tripothy has 30 seconds left.\n|inactive|Tripothy has 20 seconds left.\n|inactive|Tripothy has 15 seconds left.\n|inactive|Tripothy has 10 seconds left.\n|\n|t:|1701143432\n|move|p2a: Gothitelle|Fake Out|p1b: Empoleon\n|-resisted|p1b: Empoleon\n|-damage|p1b: Empoleon|97\/100\n|move|p2b: Scream Tail|Perish Song|p2b: Scream Tail\n|-start|p1a: Ninetales|perish3|[silent]\n|-start|p1b: Empoleon|perish3|[silent]\n|-start|p2a: Gothitelle|perish3|[silent]\n|-start|p2b: Scream Tail|perish3|[silent]\n|-fieldactivate|move: Perish Song\n|move|p1a: Ninetales|Blizzard|p2a: Gothitelle|[spread] p2a,p2b\n|-damage|p2a: Gothitelle|81\/100\n|-damage|p2b: Scream Tail|84\/100\n|cant|p1b: Empoleon|flinch\n|\n|-weather|Snow|[upkeep]\n|-start|p2b: Scream Tail|perish3\n|-start|p1a: Ninetales|perish3\n|-start|p1b: Empoleon|perish3\n|-start|p2a: Gothitelle|perish3\n|upkeep\n|turn|2\n|inactive|Tripothy has 30 seconds left.\n|l|\u2606FuniPlagueMan\n|inactive|FuniPlagueMan disconnected and has a minute to reconnect!\n|player|p2|\n|inactive|Tripothy has 20 seconds left.\n|j|\u2606FuniPlagueMan\n|inactive|FuniPlagueMan reconnected.\n|player|p2|FuniPlagueMan|roxie\n|inactive|Tripothy has 15 seconds left.\n|\n|t:|1701143474\n|-terastallize|p1a: Ninetales|Ghost\n|move|p2b: Scream Tail|Protect|p2b: Scream Tail\n|-singleturn|p2b: Scream Tail|Protect\n|move|p2a: Gothitelle|Protect|p2a: Gothitelle\n|-singleturn|p2a: Gothitelle|Protect\n|move|p1a: Ninetales|Blizzard|p2a: Gothitelle|[spread] \n|-activate|p2a: Gothitelle|move: Protect\n|-activate|p2b: Scream Tail|move: Protect\n|move|p1b: Empoleon|Flash Cannon|p2a: Gothitelle\n|-activate|p2a: Gothitelle|move: Protect\n|\n|-weather|Snow|[upkeep]\n|-start|p2b: Scream Tail|perish2\n|-start|p1a: Ninetales|perish2\n|-start|p1b: Empoleon|perish2\n|-start|p2a: Gothitelle|perish2\n|upkeep\n|turn|3\n|l|\u2606FuniPlagueMan\n|inactive|FuniPlagueMan disconnected and has a minute to reconnect!\n|player|p2|\n|j|\u2606FuniPlagueMan\n|inactive|FuniPlagueMan reconnected and has 50 seconds left.\n|player|p2|FuniPlagueMan|roxie\n|inactive|Tripothy has 30 seconds left.\n|inactive|FuniPlagueMan has 30 seconds left.\n|inactive|Tripothy has 20 seconds left.\n|inactive|FuniPlagueMan has 20 seconds left.\n|\n|t:|1701143512\n|switch|p1a: Urshifu|Urshifu, L50, F|100\/100\n|move|p2b: Scream Tail|Disable|p1b: Empoleon\n|-start|p1b: Empoleon|Disable|Flash Cannon\n|move|p1b: Empoleon|Hydro Pump|p2a: Gothitelle\n|-damage|p2a: Gothitelle|37\/100\n|-enditem|p2a: Gothitelle|Sitrus Berry|[eat]\n|-heal|p2a: Gothitelle|62\/100|[from] item: Sitrus Berry\n|move|p2a: Gothitelle|Heal Pulse|p2b: Scream Tail\n|-heal|p2b: Scream Tail|100\/100\n|\n|-weather|Snow|[upkeep]\n|-start|p2b: Scream Tail|perish1\n|-start|p1b: Empoleon|perish1\n|-start|p2a: Gothitelle|perish1\n|upkeep\n|turn|4\n|inactive|Tripothy has 30 seconds left.\n|inactive|Tripothy has 20 seconds left.\n|inactive|Tripothy has 15 seconds left.\n|inactive|Tripothy has 10 seconds left.\n|inactive|Tripothy has 5 seconds left.\n|\n|t:|1701143563\n|-end|p2b: Scream Tail|Protosynthesis|[silent]\n|switch|p2b: Palafin|Palafin, L50, F|100\/100\n|switch|p2a: Arcanine|Arcanine-Hisui, L50, M|100\/100\n|-ability|p2a: Arcanine|Intimidate|boost\n|-unboost|p1a: Urshifu|atk|1\n|-unboost|p1b: Empoleon|atk|1\n|-ability|p1b: Empoleon|Competitive|boost\n|-boost|p1b: Empoleon|spa|2\n|move|p1a: Urshifu|Wicked Blow|p2a: Arcanine\n|-crit|p2a: Arcanine\n|-damage|p2a: Arcanine|25\/100\n|move|p1b: Empoleon|Hydro Pump|p2a: Arcanine\n|-supereffective|p2a: Arcanine\n|-damage|p2a: Arcanine|0 fnt\n|faint|p2a: Arcanine\n|\n|-weather|Snow|[upkeep]\n|-start|p1b: Empoleon|perish0\n|upkeep\n|faint|p1b: Empoleon\n|\n|t:|1701143584\n|switch|p2a: Scream Tail|Scream Tail, L50|100\/100\n|switch|p1b: Sinistcha|Sinistcha, L50|100\/100\n|turn|5\n|inactive|Tripothy has 30 seconds left.\n|inactive|FuniPlagueMan has 30 seconds left.\n|\n|t:|1701143617\n|move|p2a: Scream Tail|Perish Song|p2a: Scream Tail\n|-start|p1a: Urshifu|perish3|[silent]\n|-start|p1b: Sinistcha|perish3|[silent]\n|-start|p2a: Scream Tail|perish3|[silent]\n|-start|p2b: Palafin|perish3|[silent]\n|-fieldactivate|move: Perish Song\n|move|p1a: Urshifu|Wicked Blow|p2a: Scream Tail\n|-crit|p2a: Scream Tail\n|-damage|p2a: Scream Tail|55\/100\n|move|p2b: Palafin|Close Combat|p1a: Urshifu\n|-supereffective|p1a: Urshifu\n|-damage|p1a: Urshifu|45\/100\n|-unboost|p2b: Palafin|def|1\n|-unboost|p2b: Palafin|spd|1\n|move|p1b: Sinistcha|Matcha Gotcha|p2b: Palafin|[spread] p2a,p2b\n|-supereffective|p2b: Palafin\n|-damage|p2a: Scream Tail|32\/100\n|-damage|p2b: Palafin|0 fnt\n|faint|p2b: Palafin\n|\n|-weather|none\n|-start|p2a: Scream Tail|perish3\n|-start|p1a: Urshifu|perish3\n|-start|p1b: Sinistcha|perish3\n|upkeep\n|\n|t:|1701143631\n|switch|p2b: Gothitelle|Gothitelle, L50, M|62\/100\n|turn|6\n|\n|t:|1701143644\n|move|p2b: Gothitelle|Protect|p2b: Gothitelle\n|-singleturn|p2b: Gothitelle|Protect\n|move|p2a: Scream Tail|Play Rough|p1a: Urshifu\n|-supereffective|p1a: Urshifu\n|-damage|p1a: Urshifu|0 fnt\n|faint|p1a: Urshifu\n|move|p1b: Sinistcha|Matcha Gotcha|p2a: Scream Tail|[spread] p2a\n|-activate|p2b: Gothitelle|move: Protect\n|-damage|p2a: Scream Tail|10\/100\n|-status|p2a: Scream Tail|brn\n|\n|-damage|p2a: Scream Tail|5\/100 brn|[from] brn\n|-start|p2a: Scream Tail|perish2\n|-start|p1b: Sinistcha|perish2\n|upkeep\n|\n|t:|1701143660\n|switch|p1a: Ninetales|Ninetales-Alola, L50, M, tera:Ghost|100\/100\n|-weather|Snow|[from] ability: Snow Warning|[of] p1a: Ninetales\n|turn|7\n|inactive|FuniPlagueMan has 30 seconds left.\n|inactive|FuniPlagueMan has 20 seconds left.\n|inactive|FuniPlagueMan has 15 seconds left.\n|\n|t:|1701143701\n|-terastallize|p2b: Gothitelle|Steel\n|move|p1a: Ninetales|Blizzard|p2a: Scream Tail|[spread] p2a,p2b\n|-resisted|p2b: Gothitelle\n|-damage|p2a: Scream Tail|0 fnt\n|-damage|p2b: Gothitelle|53\/100\n|-status|p2b: Gothitelle|frz\n|faint|p2a: Scream Tail\n|-end|p2a: Scream Tail|Protosynthesis|[silent]\n|move|p1b: Sinistcha|Matcha Gotcha|p2b: Gothitelle\n|-resisted|p2b: Gothitelle\n|-damage|p2b: Gothitelle|36\/100 frz\n|-curestatus|p2b: Gothitelle|frz|[msg]\n|move|p2b: Gothitelle|Psychic|p1a: Ninetales\n|-damage|p1a: Ninetales|70\/100\n|\n|-weather|Snow|[upkeep]\n|-start|p1b: Sinistcha|perish1\n|upkeep\n|turn|8\n|\n|t:|1701143725\n|move|p2b: Gothitelle|Protect|p2b: Gothitelle\n|-singleturn|p2b: Gothitelle|Protect\n|move|p1a: Ninetales|Blizzard|p2b: Gothitelle\n|-activate|p2b: Gothitelle|move: Protect\n|move|p1b: Sinistcha|Matcha Gotcha|p2b: Gothitelle\n|-activate|p2b: Gothitelle|move: Protect\n|\n|-weather|Snow|[upkeep]\n|-start|p1b: Sinistcha|perish0\n|faint|p1b: Sinistcha\n|upkeep\n|turn|9\n|\n|t:|1701143739\n|move|p1a: Ninetales|Blizzard|p2b: Gothitelle\n|-resisted|p2b: Gothitelle\n|-damage|p2b: Gothitelle|25\/100\n|move|p2b: Gothitelle|Psychic|p1a: Ninetales\n|-damage|p1a: Ninetales|37\/100\n|\n|-weather|Snow|[upkeep]\n|upkeep\n|turn|10\n|c|\u2606Tripothy|ah\n|inactive|Tripothy has 30 seconds left.\n|c|\u2606FuniPlagueMan|Ah indeed\n|c|\u2606Tripothy|i think if I had veil'd turn 10 when you prtected\n|inactive|Tripothy has 20 seconds left.\n|c|\u2606Tripothy|i could have maybe traded this out\n|inactive|Tripothy has 15 seconds left.\n|inactive|Tripothy has 10 seconds left.\n|\n|t:|1701143785\n|move|p2b: Gothitelle|Protect|p2b: Gothitelle\n|-singleturn|p2b: Gothitelle|Protect\n|move|p1a: Ninetales|Moonblast|p2b: Gothitelle\n|-activate|p2b: Gothitelle|move: Protect\n|\n|-weather|Snow|[upkeep]\n|upkeep\n|turn|11\n|c|\u2606FuniPlagueMan|Perhaps\n|c|\u2606FuniPlagueMan|good game friend\n|\n|t:|1701143795\n|move|p1a: Ninetales|Moonblast|p2b: Gothitelle\n|-resisted|p2b: Gothitelle\n|-damage|p2b: Gothitelle|15\/100\n|-unboost|p2b: Gothitelle|spa|1\n|move|p2b: Gothitelle|Psychic|p1a: Ninetales\n|-damage|p1a: Ninetales|17\/100\n|\n|-weather|none\n|upkeep\n|turn|12\n|c|\u2606Tripothy|could still crit\n|c|\u2606Tripothy|or special attack like that\n|\n|t:|1701143808\n|move|p1a: Ninetales|Blizzard|p2b: Gothitelle\n|-resisted|p2b: Gothitelle\n|-damage|p2b: Gothitelle|2\/100\n|-status|p2b: Gothitelle|frz\n|-curestatus|p2b: Gothitelle|frz|[msg]\n|move|p2b: Gothitelle|Psychic|p1a: Ninetales\n|-damage|p1a: Ninetales|0 fnt\n|faint|p1a: Ninetales\n|\n|win|FuniPlagueMan\n|raw|Tripothy's rating: 1102 &rarr; <strong>1074<\/strong><br \/>(-28 for losing)\n|raw|FuniPlagueMan's rating: 1063 &rarr; <strong>1097<\/strong><br \/>(+34 for winning)\n|c|\u2606FuniPlagueMan|OOF\n|c|\u2606FuniPlagueMan|GG\n|c|\u2606Tripothy|luck was almost there\n","uploadtime":1701143823,"views":6,"p1id":"tripothy","p2id":"funiplagueman","formatid":"gen9vgc2023regulatione","rating":1074,"private":0,"password":""}