{"id":"gen9vgc2023regulatione-1989728406","p1":"tsaxpas2","p2":"KING OF ALBANIA","format":"[Gen 9] VGC 2023 Regulation E","log":"|j|\u2606tsaxpas2\n|j|\u2606KING OF ALBANIA\n|n|\u2606tsaxpas2|tsaxpas2\n|n|\u2606KING OF ALBANIA|kingofalbania\n|html|View the match progress at <a href=\"\/game-bestof3-gen9vgc2023regulatione-1989725400\">game-bestof3-gen9vgc2023regulatione-1989725400<\/a>\n|t:|1699890652\n|gametype|doubles\n|player|p1|tsaxpas2|cynthia-gen4|\n|player|p2|KING OF ALBANIA|266|\n|teamsize|p1|6\n|teamsize|p2|6\n|gen|9\n|tier|[Gen 9] VGC 2023 Regulation E\n|rule|Species Clause: Limit one of each Pok\u00e9mon\n|rule|Item Clause: Limit one of each item\n|clearpoke\n|poke|p1|Greninja-*, L50, M|\n|poke|p1|Palossand, L50, M|\n|poke|p1|Flamigo, L50, M|\n|poke|p1|Dondozo, L50, F|\n|poke|p1|Tatsugiri, L50, F|\n|poke|p1|Regieleki, L50|\n|poke|p2|Ogerpon-Hearthflame, L50, F|\n|poke|p2|Chien-Pao, L50|\n|poke|p2|Urshifu-*, L50, F|\n|poke|p2|Gholdengo, L50|\n|poke|p2|Rillaboom, L50, M|\n|poke|p2|Roaring Moon, L50|\n|teampreview|4\nKING OF ALBANIA has agreed to open team sheets.\n|inactive|Battle timer is ON: inactive players will automatically lose when time's up. (requested by KING OF ALBANIA)\n|\n|t:|1699890680\n|start\n|switch|p1a: Greninja|Greninja, L50, M|100\/100\n|switch|p1b: Palossand|Palossand, L50, M|100\/100\n|switch|p2a: Roaring Moon|Roaring Moon, L50|100\/100\n|switch|p2b: Chien-Pao|Chien-Pao, L50|100\/100\n|-ability|p2b: Chien-Pao|Sword of Ruin\n|-enditem|p2a: Roaring Moon|Booster Energy\n|-activate|p2a: Roaring Moon|ability: Protosynthesis|[fromitem]\n|-start|p2a: Roaring Moon|protosynthesisspe\n|turn|1\n|\n|t:|1699890700\n|move|p1a: Greninja|Water Shuriken|p1b: Palossand\n|-start|p1a: Greninja|typechange|Water|[from] ability: Protean\n|-supereffective|p1b: Palossand\n|-damage|p1b: Palossand|87\/100\n|-ability|p1b: Palossand|Water Compaction|boost\n|-boost|p1b: Palossand|def|2\n|-enditem|p1b: Palossand|Weakness Policy\n|-boost|p1b: Palossand|atk|2|[from] item: Weakness Policy\n|-boost|p1b: Palossand|spa|2|[from] item: Weakness Policy\n|-supereffective|p1b: Palossand\n|-damage|p1b: Palossand|74\/100\n|-ability|p1b: Palossand|Water Compaction|boost\n|-boost|p1b: Palossand|def|2\n|-supereffective|p1b: Palossand\n|-damage|p1b: Palossand|62\/100\n|-ability|p1b: Palossand|Water Compaction|boost\n|-boost|p1b: Palossand|def|2\n|-hitcount|p1b: Palossand|3\n|move|p2a: Roaring Moon|Knock Off|p1b: Palossand\n|-supereffective|p1b: Palossand\n|-damage|p1b: Palossand|42\/100\n|move|p2b: Chien-Pao|Sacred Sword|p1a: Greninja\n|-damage|p1a: Greninja|37\/100\n|move|p1b: Palossand|Shore Up|p1b: Palossand\n|-heal|p1b: Palossand|92\/100\n|\n|upkeep\n|turn|2\n|inactive|KING OF ALBANIA has 30 seconds left.\n|\n|t:|1699890727\n|move|p2b: Chien-Pao|Sucker Punch|p1a: Greninja\n|-damage|p1a: Greninja|0 fnt\n|faint|p1a: Greninja\n|move|p2a: Roaring Moon|Tailwind|p2a: Roaring Moon\n|-sidestart|p2: KING OF ALBANIA|move: Tailwind\n|move|p1b: Palossand|Earth Power|p2b: Chien-Pao\n|-enditem|p2b: Chien-Pao|Focus Sash\n|-damage|p2b: Chien-Pao|1\/100\n|\n|upkeep\n|\n|t:|1699890735\n|switch|p1a: Flamigo|Flamigo, L50, M|100\/100\n|-copyboost|p1a: Flamigo|p1b: Palossand|[from] ability: Costar\n|turn|3\n|\n|t:|1699890748\n|-terastallize|p2a: Roaring Moon|Flying\n|move|p2b: Chien-Pao|Sucker Punch|p1a: Flamigo\n|-resisted|p1a: Flamigo\n|-damage|p1a: Flamigo|92\/100\n|move|p2a: Roaring Moon|Acrobatics|p1a: Flamigo\n|-supereffective|p1a: Flamigo\n|-damage|p1a: Flamigo|35\/100\n|move|p1a: Flamigo|Close Combat|p2a: Roaring Moon\n|-resisted|p2a: Roaring Moon\n|-damage|p2a: Roaring Moon|8\/100\n|-unboost|p1a: Flamigo|def|1\n|-unboost|p1a: Flamigo|spd|1\n|-enditem|p1a: Flamigo|White Herb\n|-clearnegativeboost|p1a: Flamigo|[silent]\n|move|p1b: Palossand|Earth Power|p2b: Chien-Pao\n|-damage|p2b: Chien-Pao|0 fnt\n|faint|p2b: Chien-Pao\n|\n|upkeep\n|\n|t:|1699890757\n|switch|p2b: Rillaboom|Rillaboom, L50, M|100\/100\n|-fieldstart|move: Grassy Terrain|[from] ability: Grassy Surge|[of] p2b: Rillaboom\n|turn|4\n|\n|t:|1699890765\n|move|p1a: Flamigo|Protect|p1a: Flamigo\n|-singleturn|p1a: Flamigo|Protect\n|move|p2a: Roaring Moon|Acrobatics|p1a: Flamigo\n|-activate|p1a: Flamigo|move: Protect\n|move|p2b: Rillaboom|Wood Hammer|p1b: Palossand\n|-supereffective|p1b: Palossand\n|-damage|p1b: Palossand|57\/100\n|-damage|p2b: Rillaboom|90\/100|[from] Recoil\n|move|p1b: Palossand|Shadow Ball|p2a: Roaring Moon\n|-damage|p2a: Roaring Moon|0 fnt\n|faint|p2a: Roaring Moon\n|-end|p2a: Roaring Moon|Protosynthesis|[silent]\n|\n|-heal|p2b: Rillaboom|96\/100|[from] Grassy Terrain\n|-heal|p1b: Palossand|63\/100|[from] Grassy Terrain\n|upkeep\n|\n|t:|1699890773\n|switch|p2a: Gholdengo|Gholdengo, L50|100\/100\n|turn|5\n|\n|t:|1699890787\n|-terastallize|p1b: Palossand|Grass\n|move|p2a: Gholdengo|Make It Rain|p1a: Flamigo|[spread] p1a,p1b\n|-damage|p1a: Flamigo|0 fnt\n|-damage|p1b: Palossand|15\/100\n|-unboost|p2a: Gholdengo|spa|1\n|faint|p1a: Flamigo\n|move|p2b: Rillaboom|Wood Hammer|p1b: Palossand\n|-resisted|p1b: Palossand\n|-damage|p1b: Palossand|5\/100\n|-damage|p2b: Rillaboom|93\/100|[from] Recoil\n|move|p1b: Palossand|Shadow Ball|p2a: Gholdengo\n|-supereffective|p2a: Gholdengo\n|-damage|p2a: Gholdengo|0 fnt\n|faint|p2a: Gholdengo\n|\n|-heal|p2b: Rillaboom|99\/100|[from] Grassy Terrain\n|-heal|p1b: Palossand|11\/100|[from] Grassy Terrain\n|-sideend|p2: KING OF ALBANIA|move: Tailwind\n|upkeep\n|\n|t:|1699890801\n|switch|p1a: Regieleki|Regieleki, L50|100\/100\n|turn|6\n|\n|t:|1699890812\n|move|p2b: Rillaboom|Grassy Glide|p1b: Palossand\n|-resisted|p1b: Palossand\n|-damage|p1b: Palossand|7\/100\n|move|p1a: Regieleki|Wild Charge|p2b: Rillaboom\n|-resisted|p2b: Rillaboom\n|-damage|p2b: Rillaboom|74\/100\n|-damage|p1a: Regieleki|92\/100|[from] Recoil\n|move|p1b: Palossand|Shadow Ball|p2b: Rillaboom\n|-damage|p2b: Rillaboom|26\/100\n|\n|-heal|p1a: Regieleki|98\/100|[from] Grassy Terrain\n|-heal|p2b: Rillaboom|31\/100|[from] Grassy Terrain\n|-heal|p1b: Palossand|14\/100|[from] Grassy Terrain\n|upkeep\n|turn|7\n|\n|t:|1699890825\n|move|p1a: Regieleki|Electroweb|p2b: Rillaboom\n|-resisted|p2b: Rillaboom\n|-damage|p2b: Rillaboom|24\/100\n|-unboost|p2b: Rillaboom|spe|1\n|move|p2b: Rillaboom|Wood Hammer|p1b: Palossand\n|-resisted|p1b: Palossand\n|-damage|p1b: Palossand|4\/100\n|-damage|p2b: Rillaboom|21\/100|[from] Recoil\n|move|p1b: Palossand|Shore Up|p1b: Palossand\n|-heal|p1b: Palossand|54\/100\n|\n|-heal|p1a: Regieleki|100\/100|[from] Grassy Terrain\n|-heal|p2b: Rillaboom|27\/100|[from] Grassy Terrain\n|-heal|p1b: Palossand|60\/100|[from] Grassy Terrain\n|upkeep\n|turn|8\n|-message|KING OF ALBANIA forfeited.\n|\n|win|tsaxpas2\n|l|\u2606KING OF ALBANIA\n","uploadtime":1699890947,"views":6,"p1id":"tsaxpas2","p2id":"kingofalbania","formatid":"gen9vgc2023regulatione","rating":0,"private":0,"password":""}