{"id":"gen9vgc2023regulatione-1993745836","p1":"SpudyDucky13","p2":"qwedddd","format":"[Gen 9] VGC 2023 Regulation E","log":"|j|\u2606SpudyDucky13\n|j|\u2606qwedddd\n|t:|1700352271\n|gametype|doubles\n|player|p1|SpudyDucky13|blaine|1058\n|player|p2|qwedddd|170|1001\n|teamsize|p1|6\n|teamsize|p2|6\n|gen|9\n|tier|[Gen 9] VGC 2023 Regulation E\n|rated|\n|rule|Species Clause: Limit one of each Pok\u00e9mon\n|rule|Item Clause: Limit one of each item\n|clearpoke\n|poke|p1|Landorus-Therian, L50, M|\n|poke|p1|Heatran, L50, M|\n|poke|p1|Sinistcha, L50|\n|poke|p1|Urshifu-*, L50, M|\n|poke|p1|Grimmsnarl, L50, M|\n|poke|p1|Iron Hands, L50|\n|poke|p2|Espathra, L50, M|\n|poke|p2|Ninetales, L50, F|\n|poke|p2|Sandy Shocks, L50|\n|poke|p2|Maushold-Four, L50|\n|poke|p2|Chien-Pao, L50|\n|poke|p2|Ogerpon-Wellspring, L50, F|\n|teampreview|4\nSpudyDucky13 has agreed to open team sheets.\n|inactive|Battle timer is ON: inactive players will automatically lose when time's up. (requested by SpudyDucky13)\n|\n|t:|1700352315\n|start\n|switch|p1a: Grimace|Grimmsnarl, L50, M|100\/100\n|switch|p1b: Hotpocket|Heatran, L50, M|100\/100\n|switch|p2a: Sandy Shocks|Sandy Shocks, L50|100\/100\n|switch|p2b: Maushold|Maushold-Four, L50|100\/100\n|-enditem|p2a: Sandy Shocks|Booster Energy\n|-activate|p2a: Sandy Shocks|ability: Protosynthesis|[fromitem]\n|-start|p2a: Sandy Shocks|protosynthesisspe\n|turn|1\n|\n|t:|1700352337\n|move|p2b: Maushold|Protect|p2b: Maushold\n|-singleturn|p2b: Maushold|Protect\n|move|p1a: Grimace|Light Screen|p1a: Grimace\n|-sidestart|p1: SpudyDucky13|move: Light Screen\n|move|p2a: Sandy Shocks|Gravity|p2a: Sandy Shocks\n|-fieldstart|move: Gravity\n|move|p1b: Hotpocket|Earth Power|p2a: Sandy Shocks\n|-supereffective|p2a: Sandy Shocks\n|-damage|p2a: Sandy Shocks|0 fnt\n|faint|p2a: Sandy Shocks\n|-end|p2a: Sandy Shocks|Protosynthesis|[silent]\n|-damage|p1b: Hotpocket|91\/100|[from] item: Life Orb\n|\n|upkeep\n|\n|t:|1700352344\n|switch|p2a: Ogerpon|Ogerpon-Wellspring, L50, F|100\/100\n|turn|2\n|\n|t:|1700352352\n|move|p1a: Grimace|Reflect|p1a: Grimace\n|-sidestart|p1: SpudyDucky13|Reflect\n|move|p2b: Maushold|Population Bomb|p1a: Grimace\n|-damage|p1a: Grimace|92\/100\n|-damage|p1a: Grimace|83\/100\n|-damage|p1a: Grimace|74\/100\n|-damage|p1a: Grimace|65\/100\n|-damage|p1a: Grimace|57\/100\n|-damage|p1a: Grimace|50\/100\n|-damage|p1a: Grimace|42\/100\n|-damage|p1a: Grimace|32\/100\n|-damage|p1a: Grimace|24\/100\n|-damage|p1a: Grimace|15\/100\n|-hitcount|p1a: Grimace|10\n|move|p2a: Ogerpon|Swords Dance|p2a: Ogerpon\n|-boost|p2a: Ogerpon|atk|2\n|move|p1b: Hotpocket|Heat Wave|p2a: Ogerpon|[spread] p2a,p2b\n|-damage|p2a: Ogerpon|56\/100\n|-damage|p2b: Maushold|22\/100\n|-damage|p1b: Hotpocket|81\/100|[from] item: Life Orb\n|\n|upkeep\n|turn|3\n|inactive|SpudyDucky13 has 30 seconds left.\n|inactive|qwedddd has 30 seconds left.\n|\n|t:|1700352383\n|move|p2a: Ogerpon|Spiky Shield|p2a: Ogerpon\n|-singleturn|p2a: Ogerpon|move: Protect\n|move|p1a: Grimace|Parting Shot|p2a: Ogerpon\n|-activate|p2a: Ogerpon|move: Protect\n|move|p2b: Maushold|Population Bomb|p1a: Grimace\n|-damage|p1a: Grimace|7\/100\n|-damage|p1a: Grimace|0 fnt\n|faint|p1a: Grimace\n|-hitcount|p1: Grimace|2\n|move|p1b: Hotpocket|Heat Wave|p2b: Maushold|[spread] p2b\n|-activate|p2a: Ogerpon|move: Protect\n|-damage|p2b: Maushold|0 fnt\n|faint|p2b: Maushold\n|-damage|p1b: Hotpocket|72\/100|[from] item: Life Orb\n|\n|upkeep\n|\n|t:|1700352398\n|switch|p2b: Chien-Pao|Chien-Pao, L50|100\/100\n|switch|p1a: Soft Feet|Iron Hands, L50|100\/100\n|-ability|p2b: Chien-Pao|Sword of Ruin\n|turn|4\n|\n|t:|1700352421\n|move|p2b: Chien-Pao|Protect|p2b: Chien-Pao\n|-singleturn|p2b: Chien-Pao|Protect\n|move|p1a: Soft Feet|Fake Out|p2b: Chien-Pao\n|-activate|p2b: Chien-Pao|move: Protect\n|move|p2a: Ogerpon|Ivy Cudgel|p1b: Hotpocket|[anim] Ivy Cudgel Water\n|-supereffective|p1b: Hotpocket\n|-damage|p1b: Hotpocket|0 fnt\n|faint|p1b: Hotpocket\n|\n|upkeep\n|\n|t:|1700352433\n|switch|p1b: Tea & Crumpets|Sinistcha, L50|100\/100\n|turn|5\n|\n|t:|1700352450\n|move|p2b: Chien-Pao|Ice Spinner|p1b: Tea & Crumpets\n|-supereffective|p1b: Tea & Crumpets\n|-damage|p1b: Tea & Crumpets|7\/100\n|-damage|p2b: Chien-Pao|91\/100|[from] item: Life Orb\n|move|p2a: Ogerpon|Horn Leech|p1a: Soft Feet\n|-damage|p1a: Soft Feet|48\/100\n|-heal|p2a: Ogerpon|92\/100|[from] drain|[of] p1a: Soft Feet\n|move|p1b: Tea & Crumpets|Nasty Plot|p1b: Tea & Crumpets\n|-boost|p1b: Tea & Crumpets|spa|2\n|move|p1a: Soft Feet|Wild Charge|p2a: Ogerpon\n|-damage|p2a: Ogerpon|23\/100\n|-damage|p1a: Soft Feet|36\/100|[from] Recoil\n|\n|-fieldend|move: Gravity\n|upkeep\n|turn|6\n|c|\u2606qwedddd|gg\n|inactive|SpudyDucky13 has 30 seconds left.\n|\n|t:|1700352475\n|move|p2b: Chien-Pao|Sucker Punch|p1b: Tea & Crumpets\n|-supereffective|p1b: Tea & Crumpets\n|-damage|p1b: Tea & Crumpets|0 fnt\n|faint|p1b: Tea & Crumpets\n|-damage|p2b: Chien-Pao|81\/100|[from] item: Life Orb\n|move|p2a: Ogerpon|Horn Leech|p1a: Soft Feet\n|-damage|p1a: Soft Feet|0 fnt\n|-heal|p2a: Ogerpon|49\/100|[from] drain|[of] p1a: Soft Feet\n|faint|p1a: Soft Feet\n|-end|p1a: Soft Feet|Quark Drive|[silent]\n|\n|win|qwedddd\n|raw|SpudyDucky13's rating: 1058 &rarr; <strong>1036<\/strong><br \/>(-22 for losing)\n|raw|qwedddd's rating: 1001 &rarr; <strong>1047<\/strong><br \/>(+46 for winning)\n","uploadtime":1700352483,"views":9,"p1id":"spudyducky13","p2id":"qwedddd","formatid":"gen9vgc2023regulatione","rating":1036,"private":0,"password":""}