{"id":"gen9vgc2023regulatione-1992834380","p1":"plokkk","p2":"hnefl","format":"[Gen 9] VGC 2023 Regulation E","log":"|j|\u2606plokkk\n|j|\u2606hnefl\n|t:|1700239472\n|gametype|doubles\n|player|p1|plokkk|2|1203\n|player|p2|hnefl|266|1302\n|teamsize|p1|6\n|teamsize|p2|6\n|gen|9\n|tier|[Gen 9] VGC 2023 Regulation E\n|rated|\n|rule|Species Clause: Limit one of each Pok\u00e9mon\n|rule|Item Clause: Limit one of each item\n|clearpoke\n|poke|p1|Wyrdeer, L50, F|\n|poke|p1|Ogerpon, L50, F|\n|poke|p1|Milotic, L50, F|\n|poke|p1|Flamigo, L50, F|\n|poke|p1|Okidogi, L50, M|\n|poke|p1|Ninetales-Alola, L50, F|\n|poke|p2|Flutter Mane, L50|\n|poke|p2|Chi-Yu, L50|\n|poke|p2|Tornadus, L50, M|\n|poke|p2|Gholdengo, L50|\n|poke|p2|Landorus-Therian, L50, M|\n|poke|p2|Ogerpon-Hearthflame, L50, F|\n|teampreview|4\n|\n|t:|1700239503\n|start\n|switch|p1a: Wyrdeer|Wyrdeer, L50, F|100\/100\n|switch|p1b: Ogerpon|Ogerpon, L50, F|100\/100\n|switch|p2a: Tornadus|Tornadus, L50, M|100\/100\n|switch|p2b: Flutter Mane|Flutter Mane, L50|100\/100\n|-ability|p1a: Wyrdeer|Intimidate|boost\n|-unboost|p2a: Tornadus|atk|1\n|-unboost|p2b: Flutter Mane|atk|1\n|turn|1\n|\n|t:|1700239519\n|-terastallize|p2b: Flutter Mane|Fairy\n|move|p2a: Tornadus|Taunt|p1a: Wyrdeer\n|-start|p1a: Wyrdeer|move: Taunt\n|-enditem|p1a: Wyrdeer|Mental Herb\n|-end|p1a: Wyrdeer|move: Taunt\n|move|p2b: Flutter Mane|Moonblast|p1a: Wyrdeer\n|-damage|p1a: Wyrdeer|0 fnt\n|faint|p1a: Wyrdeer\n|move|p1b: Ogerpon|Ivy Cudgel|p2b: Flutter Mane\n|-damage|p2b: Flutter Mane|0 fnt\n|faint|p2b: Flutter Mane\n|-end|p2b: Flutter Mane|Protosynthesis|[silent]\n|-damage|p1b: Ogerpon|91\/100|[from] item: Life Orb\n|\n|upkeep\n|\n|t:|1700239530\n|switch|p2b: Chi-Yu|Chi-Yu, L50|100\/100\n|switch|p1a: Milotic|Milotic, L50, F|100\/100\n|-ability|p2b: Chi-Yu|Beads of Ruin\n|turn|2\n|\n|t:|1700239541\n|-terastallize|p1b: Ogerpon|Grass\n|detailschange|p1b: Ogerpon|Ogerpon-Teal-Tera, L50, F, tera:Grass\n|-ability|p1b: Ogerpon|Embody Aspect (Teal)|boost\n|-boost|p1b: Ogerpon|spe|1\n|move|p2a: Tornadus|Sunny Day|p2a: Tornadus\n|-weather|SunnyDay\n|move|p1b: Ogerpon|Stomping Tantrum|p2b: Chi-Yu\n|-supereffective|p2b: Chi-Yu\n|-damage|p2b: Chi-Yu|0 fnt\n|faint|p2b: Chi-Yu\n|-damage|p1b: Ogerpon|81\/100|[from] item: Life Orb\n|move|p1a: Milotic|Ice Beam|p2a: Tornadus\n|-supereffective|p2a: Tornadus\n|-damage|p2a: Tornadus|38\/100\n|\n|-weather|SunnyDay|[upkeep]\n|upkeep\n|\n|t:|1700239545\n|switch|p2b: Ogerpon|Ogerpon-Hearthflame, L50, F|100\/100\n|-ability|p2b: Ogerpon|Mold Breaker\n|turn|3\n|\n|t:|1700239563\n|switch|p1a: Flamigo|Flamigo, L50, F|100\/100\n|-copyboost|p1a: Flamigo|p1b: Ogerpon|[from] ability: Costar\n|move|p2a: Tornadus|Tailwind|p2a: Tornadus\n|-sidestart|p2: hnefl|move: Tailwind\n|move|p2b: Ogerpon|Ivy Cudgel|p1b: Ogerpon|[anim] Ivy Cudgel Fire\n|-supereffective|p1b: Ogerpon\n|-crit|p1b: Ogerpon\n|-damage|p1b: Ogerpon|0 fnt\n|faint|p1b: Ogerpon\n|\n|-weather|SunnyDay|[upkeep]\n|upkeep\n|\n|t:|1700239572\n|switch|p1b: Milotic|Milotic, L50, F|100\/100\n|turn|4\n|\n|t:|1700239586\n|move|p2a: Tornadus|Taunt|p1b: Milotic\n|-start|p1b: Milotic|move: Taunt\n|move|p2b: Ogerpon|Ivy Cudgel|p1a: Flamigo|[anim] Ivy Cudgel Fire\n|-damage|p1a: Flamigo|0 fnt\n|faint|p1a: Flamigo\n|move|p1b: Milotic|Ice Beam|p2a: Tornadus\n|-supereffective|p2a: Tornadus\n|-damage|p2a: Tornadus|0 fnt\n|faint|p2a: Tornadus\n|\n|-weather|SunnyDay|[upkeep]\n|upkeep\n|turn|5\n|\n|t:|1700239596\n|move|p2b: Ogerpon|Horn Leech|p1b: Milotic\n|-supereffective|p1b: Milotic\n|-damage|p1b: Milotic|13\/100\n|move|p1b: Milotic|Scald|p2b: Ogerpon\n|-damage|p2b: Ogerpon|79\/100\n|\n|-weather|SunnyDay|[upkeep]\n|upkeep\n|turn|6\n|-message|plokkk forfeited.\n|\n|win|hnefl\n|raw|plokkk's rating: 1203 &rarr; <strong>1185<\/strong><br \/>(-18 for losing)\n|raw|hnefl's rating: 1302 &rarr; <strong>1316<\/strong><br \/>(+14 for winning)\n|l|\u2606plokkk\n","uploadtime":1700239606,"views":14,"p1id":"plokkk","p2id":"hnefl","formatid":"gen9vgc2023regulatione","rating":1185,"private":0,"password":""}