{"id":"gen9vgc2023regulatione-1995923594","p1":"mdzz1215","p2":"hvac goon","format":"[Gen 9] VGC 2023 Regulation E","log":"|j|\u2606mdzz1215\n|j|\u2606hvac goon\n|t:|1700617900\n|gametype|doubles\n|player|p1|mdzz1215|lucas|1227\n|player|p2|hvac goon|265|1281\n|teamsize|p1|6\n|teamsize|p2|6\n|gen|9\n|tier|[Gen 9] VGC 2023 Regulation E\n|rated|\n|rule|Species Clause: Limit one of each Pok\u00e9mon\n|rule|Item Clause: Limit one of each item\n|clearpoke\n|poke|p1|Garganacl, L50, M|\n|poke|p1|Gastrodon, L50, F|\n|poke|p1|Toxapex, L50, F|\n|poke|p1|Cresselia, L50, F|\n|poke|p1|Goodra-Hisui, L50, F|\n|poke|p1|Grimmsnarl, L50, M|\n|poke|p2|Dondozo, L50, F|\n|poke|p2|Tatsugiri, L50, M|\n|poke|p2|Landorus-Therian, L50, M|\n|poke|p2|Iron Bundle, L50|\n|poke|p2|Urshifu-*, L50, F|\n|poke|p2|Rillaboom, L50, F|\n|teampreview|4\n|inactive|Battle timer is ON: inactive players will automatically lose when time's up. (requested by hvac goon)\n|\n|t:|1700617918\n|start\n|switch|p1a: Toxapex|Toxapex, L50, F|100\/100\n|switch|p1b: Grimmsnarl|Grimmsnarl, L50, M|100\/100\n|switch|p2a: Urshifu|Urshifu-Rapid-Strike, L50, F|100\/100\n|switch|p2b: Rillaboom|Rillaboom, L50, F|100\/100\n|-fieldstart|move: Grassy Terrain|[from] ability: Grassy Surge|[of] p2b: Rillaboom\n|turn|1\n|\n|t:|1700617935\n|move|p2b: Rillaboom|Fake Out|p1a: Toxapex\n|-damage|p1a: Toxapex|87\/100\n|move|p1b: Grimmsnarl|Fake Out|p2a: Urshifu\n|-damage|p2a: Urshifu|89\/100\n|cant|p2a: Urshifu|flinch\n|cant|p1a: Toxapex|flinch\n|\n|-heal|p2a: Urshifu|95\/100|[from] Grassy Terrain\n|-heal|p1a: Toxapex|93\/100|[from] Grassy Terrain\n|-heal|p1a: Toxapex|99\/100|[from] item: Black Sludge\n|upkeep\n|turn|2\n|\n|t:|1700617951\n|move|p1b: Grimmsnarl|Parting Shot|p2b: Rillaboom\n|-unboost|p2b: Rillaboom|atk|1\n|-unboost|p2b: Rillaboom|spa|1\n|\n|t:|1700617953\n|switch|p1b: Goodra|Goodra-Hisui, L50, F|100\/100|[from] Parting Shot\n|move|p2a: Urshifu|Surging Strikes|p1b: Goodra\n|-resisted|p1b: Goodra\n|-damage|p1b: Goodra|93\/100\n|-resisted|p1b: Goodra\n|-damage|p1b: Goodra|87\/100\n|-resisted|p1b: Goodra\n|-damage|p1b: Goodra|80\/100\n|-hitcount|p1b: Goodra|3\n|-damage|p2a: Urshifu|86\/100|[from] item: Life Orb\n|move|p2b: Rillaboom|Wood Hammer|p1a: Toxapex\n|-damage|p1a: Toxapex|55\/100\n|-damage|p2b: Rillaboom|89\/100|[from] Recoil\n|move|p1a: Toxapex|Toxic|p2a: Urshifu\n|-status|p2a: Urshifu|tox\n|\n|-heal|p2a: Urshifu|92\/100 tox|[from] Grassy Terrain\n|-heal|p2b: Rillaboom|95\/100|[from] Grassy Terrain\n|-heal|p1b: Goodra|86\/100|[from] Grassy Terrain\n|-heal|p1b: Goodra|91\/100|[from] item: Leftovers\n|-heal|p1a: Toxapex|60\/100|[from] Grassy Terrain\n|-heal|p1a: Toxapex|66\/100|[from] item: Black Sludge\n|-damage|p2a: Urshifu|86\/100 tox|[from] psn\n|upkeep\n|turn|3\n|inactive|hvac goon has 30 seconds left.\n|\n|t:|1700617983\n|-terastallize|p1b: Goodra|Fairy\n|move|p2a: Urshifu|Close Combat|p1b: Goodra\n|-resisted|p1b: Goodra\n|-damage|p1b: Goodra|60\/100\n|-unboost|p2a: Urshifu|def|1\n|-unboost|p2a: Urshifu|spd|1\n|-damage|p2a: Urshifu|76\/100 tox|[from] item: Life Orb\n|move|p2b: Rillaboom|High Horsepower|p1a: Toxapex\n|-supereffective|p1a: Toxapex\n|-damage|p1a: Toxapex|30\/100\n|move|p1b: Goodra|Acid Armor|p1b: Goodra\n|-boost|p1b: Goodra|def|2\n|move|p1a: Toxapex|Toxic|p2b: Rillaboom\n|-status|p2b: Rillaboom|tox\n|\n|-heal|p2a: Urshifu|82\/100 tox|[from] Grassy Terrain\n|-heal|p2b: Rillaboom|100\/100 tox|[from] Grassy Terrain\n|-heal|p1b: Goodra|66\/100|[from] Grassy Terrain\n|-heal|p1b: Goodra|72\/100|[from] item: Leftovers\n|-heal|p1a: Toxapex|36\/100|[from] Grassy Terrain\n|-heal|p1a: Toxapex|42\/100|[from] item: Black Sludge\n|-damage|p2a: Urshifu|70\/100 tox|[from] psn\n|-damage|p2b: Rillaboom|95\/100 tox|[from] psn\n|upkeep\n|turn|4\n|inactive|hvac goon has 30 seconds left.\n|\n|t:|1700618009\n|switch|p1a: Cresselia|Cresselia, L50, F|100\/100\n|move|p2a: Urshifu|Surging Strikes|p1a: Cresselia\n|-crit|p1a: Cresselia\n|-damage|p1a: Cresselia|81\/100\n|-crit|p1a: Cresselia\n|-damage|p1a: Cresselia|62\/100\n|-crit|p1a: Cresselia\n|-damage|p1a: Cresselia|43\/100\n|-hitcount|p1a: Cresselia|3\n|-damage|p2a: Urshifu|60\/100 tox|[from] item: Life Orb\n|move|p2b: Rillaboom|High Horsepower|p1a: Cresselia\n|-immune|p1a: Cresselia|[from] ability: Levitate\n|move|p1b: Goodra|Acid Armor|p1b: Goodra\n|-boost|p1b: Goodra|def|2\n|\n|-heal|p2a: Urshifu|66\/100 tox|[from] Grassy Terrain\n|-heal|p2b: Rillaboom|100\/100 tox|[from] Grassy Terrain\n|-heal|p1b: Goodra|78\/100|[from] Grassy Terrain\n|-heal|p1b: Goodra|84\/100|[from] item: Leftovers\n|-damage|p2a: Urshifu|48\/100 tox|[from] psn\n|-damage|p2b: Rillaboom|89\/100 tox|[from] psn\n|upkeep\n|turn|5\n|inactive|hvac goon has 30 seconds left.\n|\n|t:|1700618036\n|switch|p1a: Toxapex|Toxapex, L50, F|75\/100\n|move|p2a: Urshifu|Surging Strikes|p1a: Toxapex\n|-resisted|p1a: Toxapex\n|-crit|p1a: Toxapex\n|-damage|p1a: Toxapex|64\/100\n|-resisted|p1a: Toxapex\n|-crit|p1a: Toxapex\n|-damage|p1a: Toxapex|53\/100\n|-resisted|p1a: Toxapex\n|-crit|p1a: Toxapex\n|-damage|p1a: Toxapex|41\/100\n|-hitcount|p1a: Toxapex|3\n|-damage|p2a: Urshifu|38\/100 tox|[from] item: Life Orb\n|move|p2b: Rillaboom|Wood Hammer|p1b: Goodra\n|-damage|p1b: Goodra|71\/100\n|-damage|p2b: Rillaboom|85\/100 tox|[from] Recoil\n|move|p1b: Goodra|Acid Armor|p1b: Goodra\n|-boost|p1b: Goodra|def|2\n|\n|-heal|p2a: Urshifu|44\/100 tox|[from] Grassy Terrain\n|-heal|p2b: Rillaboom|91\/100 tox|[from] Grassy Terrain\n|-heal|p1b: Goodra|77\/100|[from] Grassy Terrain\n|-heal|p1b: Goodra|83\/100|[from] item: Leftovers\n|-heal|p1a: Toxapex|46\/100|[from] Grassy Terrain\n|-heal|p1a: Toxapex|52\/100|[from] item: Black Sludge\n|-damage|p2a: Urshifu|19\/100 tox|[from] psn\n|-damage|p2b: Rillaboom|73\/100 tox|[from] psn\n|-fieldend|move: Grassy Terrain\n|upkeep\n|turn|6\n|n|!hvac goon|hvacgoon\n|inactive|hvac goon has 30 seconds left.\n|inactive|hvac goon has 20 seconds left.\n|inactive|hvac goon has 15 seconds left.\n|\n|t:|1700618076\n|move|p1a: Toxapex|Baneful Bunker|p1a: Toxapex\n|-singleturn|p1a: Toxapex|move: Protect\n|move|p2a: Urshifu|Close Combat|p1a: Toxapex\n|-resisted|p1a: Toxapex\n|-damage|p1a: Toxapex|15\/100\n|-unboost|p2a: Urshifu|def|1\n|-unboost|p2a: Urshifu|spd|1\n|-damage|p2a: Urshifu|10\/100 tox|[from] item: Life Orb\n|move|p2b: Rillaboom|High Horsepower|p1a: Toxapex\n|-activate|p1a: Toxapex|move: Protect\n|move|p1b: Goodra|Body Press|p2b: Rillaboom\n|-damage|p2b: Rillaboom|0 fnt\n|faint|p2b: Rillaboom\n|\n|-heal|p1b: Goodra|89\/100|[from] item: Leftovers\n|-heal|p1a: Toxapex|21\/100|[from] item: Black Sludge\n|-damage|p2a: Urshifu|0 fnt|[from] psn\n|faint|p2a: Urshifu\n|upkeep\n|-message|hvac goon forfeited.\n|\n|win|mdzz1215\n|raw|mdzz1215's rating: 1227 &rarr; <strong>1256<\/strong><br \/>(+29 for winning)\n|raw|hvac goon's rating: 1281 &rarr; <strong>1252<\/strong><br \/>(-29 for losing)\n","uploadtime":1700618059,"views":10,"p1id":"mdzz1215","p2id":"hvacgoon","formatid":"gen9vgc2023regulatione","rating":1252,"private":0,"password":""}