{"id":"gen9vgc2023regulatione-1993176693","p1":"CanuckChum","p2":"The Carkol Rider","format":"[Gen 9] VGC 2023 Regulation E","log":"|j|\u2606CanuckChum\n|j|\u2606The Carkol Rider\n|n|\u2606CanuckChum|canuckchum\n|n|\u2606The Carkol Rider|thecarkolrider\n|html|View the match progress at <a href=\"\/game-bestof3-gen9vgc2023regulatione-1993172853\">game-bestof3-gen9vgc2023regulatione-1993172853<\/a>\n|t:|1700274162\n|gametype|doubles\n|player|p1|CanuckChum|colress|\n|player|p2|The Carkol Rider|grimsley|\n|teamsize|p1|6\n|teamsize|p2|6\n|gen|9\n|tier|[Gen 9] VGC 2023 Regulation E\n|rule|Species Clause: Limit one of each Pok\u00e9mon\n|rule|Item Clause: Limit one of each item\n|clearpoke\n|poke|p1|Weezing, L50, M|\n|poke|p1|Ogerpon-Wellspring, L50, F|\n|poke|p1|Heatran, L50, F|\n|poke|p1|Landorus-Therian, L50, M|\n|poke|p1|Fezandipiti, L50, M|\n|poke|p1|Empoleon, L50, M|\n|poke|p2|Kommo-o, L50, F|\n|poke|p2|Ogerpon-Hearthflame, L50, F|\n|poke|p2|Tornadus, L50, M|\n|poke|p2|Sandy Shocks, L50|\n|poke|p2|Espathra, L50, M|\n|poke|p2|Poltchageist, L50|\n|teampreview|4\n|c|\u2606The Carkol Rider|glhf\n|j| Fernanch\n|c|\u2606CanuckChum|glhf\n|j| iPetBigfoot\n|l| Fernanch\n|\n|t:|1700274231\n|start\n|switch|p1a: Penguin Brave|Empoleon, L50, M|100\/100\n|switch|p1b: Sadge|Ogerpon-Wellspring, L50, F|100\/100\n|switch|p2a: Sandy Shocks|Sandy Shocks, L50|100\/100\n|switch|p2b: Espathra|Espathra, L50, M|100\/100\n|-enditem|p2a: Sandy Shocks|Booster Energy\n|-activate|p2a: Sandy Shocks|ability: Protosynthesis|[fromitem]\n|-start|p2a: Sandy Shocks|protosynthesisspe\n|turn|1\n|\n|t:|1700274275\n|move|p2a: Sandy Shocks|Gravity|p2a: Sandy Shocks\n|-fieldstart|move: Gravity\n|move|p1b: Sadge|Ivy Cudgel|p2a: Sandy Shocks|[anim] Ivy Cudgel Water\n|-supereffective|p2a: Sandy Shocks\n|-damage|p2a: Sandy Shocks|0 fnt\n|faint|p2a: Sandy Shocks\n|-end|p2a: Sandy Shocks|Protosynthesis|[silent]\n|move|p2b: Espathra|Hypnosis|p1a: Penguin Brave\n|-status|p1a: Penguin Brave|slp|[from] move: Hypnosis\n|cant|p1a: Penguin Brave|slp\n|\n|-ability|p2b: Espathra|Speed Boost|boost\n|-boost|p2b: Espathra|spe|1\n|upkeep\n|\n|t:|1700274282\n|switch|p2a: Ogerpon|Ogerpon-Hearthflame, L50, F|100\/100\n|-ability|p2a: Ogerpon|Mold Breaker\n|turn|2\n|\n|t:|1700274315\n|-terastallize|p2a: Ogerpon|Fire\n|detailschange|p2a: Ogerpon|Ogerpon-Hearthflame-Tera, L50, F, tera:Fire\n|-ability|p2a: Ogerpon|Embody Aspect (Hearthflame)|boost\n|-boost|p2a: Ogerpon|atk|1\n|move|p2b: Espathra|Hypnosis|p1b: Sadge\n|-status|p1b: Sadge|slp|[from] move: Hypnosis\n|cant|p1b: Sadge|slp\n|move|p2a: Ogerpon|Ivy Cudgel|p1a: Penguin Brave|[anim] Ivy Cudgel Fire\n|-damage|p1a: Penguin Brave|0 fnt\n|faint|p1a: Penguin Brave\n|\n|-ability|p2b: Espathra|Speed Boost|boost\n|-boost|p2b: Espathra|spe|1\n|upkeep\n|\n|t:|1700274349\n|switch|p1a: Pollution B|Weezing, L50, M|100\/100\n|-ability|p1a: Pollution B|Neutralizing Gas\n|turn|3\n|\n|t:|1700274360\n|move|p2b: Espathra|Lumina Crash|p1a: Pollution B\n|-supereffective|p1a: Pollution B\n|-damage|p1a: Pollution B|0 fnt\n|faint|p1a: Pollution B\n|-end|p1a: Pollution B|ability: Neutralizing Gas\n|-curestatus|p1b: Sadge|slp|[msg]\n|move|p1b: Sadge|Ivy Cudgel|p2a: Ogerpon|[anim] Ivy Cudgel Water\n|-supereffective|p2a: Ogerpon\n|-damage|p2a: Ogerpon|0 fnt\n|faint|p2a: Ogerpon\n|\n|-ability|p2b: Espathra|Speed Boost|boost\n|-boost|p2b: Espathra|spe|1\n|upkeep\n|\n|t:|1700274373\n|switch|p2a: Kommo-o|Kommo-o, L50, F|100\/100\n|switch|p1a: Djinn Buster|Landorus-Therian, L50, M|100\/100\n|-ability|p1a: Djinn Buster|Intimidate|boost\n|-unboost|p2a: Kommo-o|atk|1\n|-unboost|p2b: Espathra|atk|1\n|turn|4\n|j| Fernanch\n|\n|t:|1700274402\n|-terastallize|p1a: Djinn Buster|Ghost\n|move|p2a: Kommo-o|Protect|p2a: Kommo-o\n|-singleturn|p2a: Kommo-o|Protect\n|move|p2b: Espathra|Hypnosis|p1a: Djinn Buster\n|-status|p1a: Djinn Buster|slp|[from] move: Hypnosis\n|cant|p1a: Djinn Buster|slp\n|move|p1b: Sadge|Knock Off|p2b: Espathra\n|-supereffective|p2b: Espathra\n|-enditem|p2b: Espathra|Focus Sash\n|-damage|p2b: Espathra|1\/100\n|\n|-ability|p2b: Espathra|Speed Boost|boost\n|-boost|p2b: Espathra|spe|1\n|upkeep\n|turn|5\n|\n|t:|1700274430\n|move|p2b: Espathra|Hypnosis|p1b: Sadge\n|-status|p1b: Sadge|slp|[from] move: Hypnosis\n|-curestatus|p1a: Djinn Buster|slp|[msg]\n|move|p1a: Djinn Buster|Tera Blast|p2b: Espathra|[anim] Tera Blast Ghost\n|-supereffective|p2b: Espathra\n|-damage|p2b: Espathra|0 fnt\n|faint|p2b: Espathra\n|cant|p1b: Sadge|slp\n|move|p2a: Kommo-o|Iron Defense|p2a: Kommo-o\n|-boost|p2a: Kommo-o|def|2\n|\n|-fieldend|move: Gravity\n|upkeep\n|turn|6\n|\n|t:|1700274445\n|move|p1a: Djinn Buster|Tera Blast|p2a: Kommo-o|[anim] Tera Blast Ghost\n|-damage|p2a: Kommo-o|84\/100\n|cant|p1b: Sadge|slp\n|move|p2a: Kommo-o|Body Press|p1b: Sadge\n|-damage|p1b: Sadge|0 fnt\n|faint|p1b: Sadge\n|\n|-heal|p2a: Kommo-o|90\/100|[from] item: Leftovers\n|upkeep\n|turn|7\n|\n|t:|1700274453\n|move|p2a: Kommo-o|Protect|p2a: Kommo-o\n|-singleturn|p2a: Kommo-o|Protect\n|move|p1a: Djinn Buster|Tera Blast|p2a: Kommo-o|[anim] Tera Blast Ghost\n|-activate|p2a: Kommo-o|move: Protect\n|\n|-heal|p2a: Kommo-o|96\/100|[from] item: Leftovers\n|upkeep\n|turn|8\n|c|\u2606The Carkol Rider|this is gonna take a bit\n|\n|t:|1700274459\n|move|p1a: Djinn Buster|Tera Blast|p2a: Kommo-o|[anim] Tera Blast Ghost\n|-damage|p2a: Kommo-o|78\/100\n|move|p2a: Kommo-o|Iron Defense|p2a: Kommo-o\n|-boost|p2a: Kommo-o|def|2\n|\n|-heal|p2a: Kommo-o|84\/100|[from] item: Leftovers\n|upkeep\n|turn|9\n|\n|t:|1700274465\n|move|p2a: Kommo-o|Protect|p2a: Kommo-o\n|-singleturn|p2a: Kommo-o|Protect\n|move|p1a: Djinn Buster|Tera Blast|p2a: Kommo-o|[anim] Tera Blast Ghost\n|-activate|p2a: Kommo-o|move: Protect\n|\n|-heal|p2a: Kommo-o|90\/100|[from] item: Leftovers\n|upkeep\n|turn|10\n|c|\u2606CanuckChum|lol\n|\n|t:|1700274472\n|move|p1a: Djinn Buster|Tera Blast|p2a: Kommo-o|[anim] Tera Blast Ghost\n|-damage|p2a: Kommo-o|78\/100\n|move|p2a: Kommo-o|Iron Defense|p2a: Kommo-o\n|-boost|p2a: Kommo-o|def|2\n|\n|-heal|p2a: Kommo-o|84\/100|[from] item: Leftovers\n|upkeep\n|turn|11\n|\n|t:|1700274477\n|move|p2a: Kommo-o|Protect|p2a: Kommo-o\n|-singleturn|p2a: Kommo-o|Protect\n|move|p1a: Djinn Buster|Tera Blast|p2a: Kommo-o|[anim] Tera Blast Ghost\n|-activate|p2a: Kommo-o|move: Protect\n|\n|-heal|p2a: Kommo-o|90\/100|[from] item: Leftovers\n|upkeep\n|turn|12\n|\n|t:|1700274482\n|move|p1a: Djinn Buster|Tera Blast|p2a: Kommo-o|[anim] Tera Blast Ghost\n|-damage|p2a: Kommo-o|82\/100\n|move|p2a: Kommo-o|Iron Head|p1a: Djinn Buster\n|-damage|p1a: Djinn Buster|87\/100\n|\n|-heal|p2a: Kommo-o|88\/100|[from] item: Leftovers\n|upkeep\n|turn|13\n|c| Fernanch|What is last\n|c| Fernanch|Oh\n|\n|t:|1700274495\n|move|p2a: Kommo-o|Protect|p2a: Kommo-o\n|-singleturn|p2a: Kommo-o|Protect\n|move|p1a: Djinn Buster|Tera Blast|p2a: Kommo-o|[anim] Tera Blast Ghost\n|-activate|p2a: Kommo-o|move: Protect\n|\n|-heal|p2a: Kommo-o|94\/100|[from] item: Leftovers\n|upkeep\n|turn|14\n|\n|t:|1700274499\n|move|p1a: Djinn Buster|Tera Blast|p2a: Kommo-o|[anim] Tera Blast Ghost\n|-damage|p2a: Kommo-o|85\/100\n|move|p2a: Kommo-o|Iron Head|p1a: Djinn Buster\n|-damage|p1a: Djinn Buster|71\/100\n|\n|-heal|p2a: Kommo-o|91\/100|[from] item: Leftovers\n|upkeep\n|turn|15\n|\n|t:|1700274504\n|move|p2a: Kommo-o|Protect|p2a: Kommo-o\n|-singleturn|p2a: Kommo-o|Protect\n|move|p1a: Djinn Buster|Tera Blast|p2a: Kommo-o|[anim] Tera Blast Ghost\n|-activate|p2a: Kommo-o|move: Protect\n|\n|-heal|p2a: Kommo-o|97\/100|[from] item: Leftovers\n|upkeep\n|turn|16\n|c| iPetBigfoot|All my homies love pp stall endgames\n|\n|t:|1700274508\n|move|p1a: Djinn Buster|Tera Blast|p2a: Kommo-o|[anim] Tera Blast Ghost\n|-damage|p2a: Kommo-o|89\/100\n|move|p2a: Kommo-o|Iron Head|p1a: Djinn Buster\n|-damage|p1a: Djinn Buster|57\/100\n|\n|-heal|p2a: Kommo-o|95\/100|[from] item: Leftovers\n|upkeep\n|turn|17\n|\n|t:|1700274512\n|move|p2a: Kommo-o|Protect|p2a: Kommo-o\n|-singleturn|p2a: Kommo-o|Protect\n|move|p1a: Djinn Buster|Tera Blast|p2a: Kommo-o|[anim] Tera Blast Ghost\n|-activate|p2a: Kommo-o|move: Protect\n|\n|-heal|p2a: Kommo-o|100\/100|[from] item: Leftovers\n|upkeep\n|turn|18\n|c|\u2606The Carkol Rider|its either I stall or we get a 3rd game\n|c| Fernanch|It is not pp stall\n|\n|t:|1700274521\n|move|p1a: Djinn Buster|Tera Blast|p2a: Kommo-o|[anim] Tera Blast Ghost\n|-damage|p2a: Kommo-o|92\/100\n|move|p2a: Kommo-o|Iron Head|p1a: Djinn Buster\n|-damage|p1a: Djinn Buster|43\/100\n|\n|-heal|p2a: Kommo-o|98\/100|[from] item: Leftovers\n|upkeep\n|turn|19\n|c| Fernanch|It is progress\n|c| Fernanch|Very very slow progress\n|c|\u2606The Carkol Rider|in reality this is quicker\n|\n|t:|1700274529\n|move|p2a: Kommo-o|Protect|p2a: Kommo-o\n|-singleturn|p2a: Kommo-o|Protect\n|move|p1a: Djinn Buster|Tera Blast|p2a: Kommo-o|[anim] Tera Blast Ghost\n|-activate|p2a: Kommo-o|move: Protect\n|\n|-heal|p2a: Kommo-o|100\/100|[from] item: Leftovers\n|upkeep\n|turn|20\n|\n|t:|1700274533\n|move|p1a: Djinn Buster|Tera Blast|p2a: Kommo-o|[anim] Tera Blast Ghost\n|-damage|p2a: Kommo-o|92\/100\n|move|p2a: Kommo-o|Iron Head|p1a: Djinn Buster\n|-crit|p1a: Djinn Buster\n|-damage|p1a: Djinn Buster|11\/100\n|\n|-heal|p2a: Kommo-o|98\/100|[from] item: Leftovers\n|upkeep\n|turn|21\n|\n|t:|1700274536\n|-activate|p1a: Djinn Buster|move: Struggle\n|move|p1a: Djinn Buster|Struggle|p2a: Kommo-o\n|-damage|p2a: Kommo-o|94\/100\n|-damage|p1a: Djinn Buster|0 fnt|[from] recoil\n|faint|p1a: Djinn Buster\n|\n|win|The Carkol Rider\n|c|\u2606CanuckChum|He's struggling out here\n|c|\u2606The Carkol Rider|gg\n|c|\u2606CanuckChum|gg\n|l| iPetBigfoot\n","uploadtime":1700274548,"views":29,"p1id":"canuckchum","p2id":"thecarkolrider","formatid":"gen9vgc2023regulatione","rating":0,"private":0,"password":""}