{"id":"gen9vgc2023regulatione-1996241653","p1":"1 Time cp","p2":"Nth Dimensional","format":"[Gen 9] VGC 2023 Regulation E","log":"|j|\u26061 Time cp\n|j|\u2606Nth Dimensional\n|t:|1700663080\n|gametype|doubles\n|player|p1|1 Time cp|lucas|1314\n|player|p2|Nth Dimensional|2|1339\n|teamsize|p1|6\n|teamsize|p2|6\n|gen|9\n|tier|[Gen 9] VGC 2023 Regulation E\n|rated|\n|rule|Species Clause: Limit one of each Pok\u00e9mon\n|rule|Item Clause: Limit one of each item\n|clearpoke\n|poke|p1|Infernape, L50, F|\n|poke|p1|Dondozo, L50, F|\n|poke|p1|Tatsugiri, L50, F|\n|poke|p1|Dragonite, L50, F|\n|poke|p1|Chien-Pao, L50|\n|poke|p1|Ogerpon, L50, F|\n|poke|p2|Rillaboom, L50, F|\n|poke|p2|Ogerpon-Hearthflame, L50, F|\n|poke|p2|Milotic, L50, M|\n|poke|p2|Landorus-Therian, L50, M|\n|poke|p2|Tornadus, L50, M|\n|poke|p2|Urshifu-*, L50, F|\n|teampreview|4\nNth Dimensional has agreed to open team sheets.\n|inactive|Battle timer is ON: inactive players will automatically lose when time's up. (requested by 1 Time cp)\n|inactiveoff|Battle timer is now OFF.\n1 Time cp has agreed to open team sheets.\n|\n|t:|1700663200\n|start\n|switch|p1a: Dragonite|Dragonite, L50, F, shiny|100\/100\n|switch|p1b: Ogerpon|Ogerpon, L50, F|100\/100\n|switch|p2a: Tornadus|Tornadus, L50, M|100\/100\n|switch|p2b: Milotic|Milotic, L50, M|100\/100\n|turn|1\n|\n|t:|1700663229\n|move|p1b: Ogerpon|Spiky Shield|p1b: Ogerpon\n|-singleturn|p1b: Ogerpon|move: Protect\n|move|p2a: Tornadus|Tailwind|p2a: Tornadus\n|-sidestart|p2: Nth Dimensional|move: Tailwind\n|move|p2b: Milotic|Hypnosis|p1b: Ogerpon\n|-activate|p1b: Ogerpon|move: Protect\n|move|p1a: Dragonite|Outrage|p2a: Tornadus\n|-damage|p2a: Tornadus|0 fnt\n|-damage|p1a: Dragonite|84\/100|[from] item: Rocky Helmet|[of] p2a: Tornadus\n|faint|p2a: Tornadus\n|\n|upkeep\n|\n|t:|1700663268\n|switch|p2a: Landorus|Landorus-Therian, L50, M|100\/100\n|-ability|p2a: Landorus|Intimidate|boost\n|-fail|p1a: Dragonite|unboost|Attack|[from] ability: Inner Focus|[of] p1a: Dragonite\n|-unboost|p1b: Ogerpon|atk|1\n|-ability|p1b: Ogerpon|Defiant|boost\n|-boost|p1b: Ogerpon|atk|2\n|turn|2\n|\n|t:|1700663291\n|switch|p1b: Dondozo|Dondozo, L50, F, shiny|100\/100\n|-terastallize|p2b: Milotic|Dragon\n|move|p2a: Landorus|Rock Slide|p1a: Dragonite|[spread] p1a,p1b\n|-supereffective|p1a: Dragonite\n|-damage|p1a: Dragonite|42\/100\n|-damage|p1b: Dondozo|85\/100\n|move|p2b: Milotic|Hypnosis|p1a: Dragonite\n|-status|p1a: Dragonite|slp|[from] move: Hypnosis\n|cant|p1a: Dragonite|slp\n|\n|-heal|p1b: Dondozo|91\/100|[from] item: Leftovers\n|-start|p1a: Dragonite|confusion|[fatigue]\n|upkeep\n|turn|3\n|\n|t:|1700663329\n|move|p2a: Landorus|Rock Slide|p1a: Dragonite|[spread] p1a,p1b\n|-supereffective|p1a: Dragonite\n|-damage|p1a: Dragonite|3\/100 slp\n|-damage|p1b: Dondozo|76\/100\n|move|p2b: Milotic|Hypnosis|p1b: Dondozo\n|-status|p1b: Dondozo|slp|[from] move: Hypnosis\n|-curestatus|p1a: Dragonite|slp|[msg]\n|-activate|p1a: Dragonite|confusion\n|move|p1a: Dragonite|Outrage|p2a: Landorus\n|-damage|p2a: Landorus|0 fnt\n|faint|p2a: Landorus\n|cant|p1b: Dondozo|slp\n|\n|-heal|p1b: Dondozo|82\/100 slp|[from] item: Leftovers\n|upkeep\n|\n|t:|1700663342\n|switch|p2a: Ogerpon|Ogerpon-Hearthflame, L50, F|100\/100\n|-ability|p2a: Ogerpon|Mold Breaker\n|turn|4\n|\n|t:|1700663372\n|-terastallize|p1b: Dondozo|Dragon\n|move|p2a: Ogerpon|Horn Leech|p1b: Dondozo\n|-resisted|p1b: Dondozo\n|-damage|p1b: Dondozo|68\/100 slp\n|move|p2b: Milotic|Icy Wind|p1a: Dragonite|[spread] p1a,p1b\n|-supereffective|p1a: Dragonite\n|-supereffective|p1b: Dondozo\n|-damage|p1a: Dragonite|0 fnt\n|-damage|p1b: Dondozo|49\/100 slp\n|-unboost|p1b: Dondozo|spe|1\n|faint|p1a: Dragonite\n|cant|p1b: Dondozo|slp\n|\n|-heal|p1b: Dondozo|55\/100 slp|[from] item: Leftovers\n|-sideend|p2: Nth Dimensional|move: Tailwind\n|upkeep\n|\n|t:|1700663386\n|switch|p1a: Chien-Pao|Chien-Pao, L50|100\/100\n|-ability|p1a: Chien-Pao|Sword of Ruin\n|turn|5\n|\n|t:|1700663405\n|move|p1a: Chien-Pao|Icicle Crash|p2b: Milotic\n|-supereffective|p2b: Milotic\n|-damage|p2b: Milotic|0 fnt\n|faint|p2b: Milotic\n|move|p2a: Ogerpon|Ivy Cudgel|p1a: Chien-Pao|[anim] Ivy Cudgel Fire\n|-supereffective|p1a: Chien-Pao\n|-enditem|p1a: Chien-Pao|Focus Sash\n|-damage|p1a: Chien-Pao|1\/100\n|cant|p1b: Dondozo|slp\n|\n|-heal|p1b: Dondozo|61\/100 slp|[from] item: Leftovers\n|upkeep\n|turn|6\n|-message|Nth Dimensional forfeited.\n|\n|win|1 Time cp\n|raw|1 Time cp's rating: 1314 &rarr; <strong>1335<\/strong><br \/>(+21 for winning)\n|raw|Nth Dimensional's rating: 1339 &rarr; <strong>1318<\/strong><br \/>(-21 for losing)\n|l|\u2606Nth Dimensional\n","uploadtime":1700663445,"views":16,"p1id":"1timecp","p2id":"nthdimensional","formatid":"gen9vgc2023regulatione","rating":1318,"private":0,"password":""}