{"id":"gen9vgc2023regulatione-1995066563","p1":"Pauliii23","p2":"TobiYume","format":"[Gen 9] VGC 2023 Regulation E","log":"|j|\u2606Pauliii23\n|j|\u2606TobiYume\n|n|\u2606Pauliii23|pauliii23\n|n|\u2606TobiYume|tobiyume\n|html|View the match progress at <a href=\"\/game-bestof3-gen9vgc2023regulatione-1995066562\">game-bestof3-gen9vgc2023regulatione-1995066562<\/a>\n|t:|1700518899\n|gametype|doubles\n|player|p1|Pauliii23|101|\n|player|p2|TobiYume|n|\n|teamsize|p1|6\n|teamsize|p2|6\n|gen|9\n|tier|[Gen 9] VGC 2023 Regulation E\n|rule|Species Clause: Limit one of each Pok\u00e9mon\n|rule|Item Clause: Limit one of each item\n|clearpoke\n|poke|p1|Gholdengo, L50|\n|poke|p1|Chien-Pao, L50|\n|poke|p1|Landorus-Therian, L50, M|\n|poke|p1|Tornadus, L50, M|\n|poke|p1|Amoonguss, L50, M|\n|poke|p1|Urshifu-*, L50, M|\n|poke|p2|Arcanine-Hisui, L50, M|\n|poke|p2|Urshifu-*, L50, M|\n|poke|p2|Rillaboom, L50, M|\n|poke|p2|Moltres-Galar, L50|\n|poke|p2|Ninetales-Alola, L50, F|\n|poke|p2|Sinistcha, L50|\n|teampreview|4\nTobiYume has agreed to open team sheets.\nPauliii23 has agreed to open team sheets.\n|showteam|p1|Gholdengo||LifeOrb|GoodasGold|MakeItRain,ShadowBall,NastyPlot,Protect||||||50|,,,,,Water]Chien-Pao||FocusSash|SwordofRuin|IceSpinner,SuckerPunch,SacredSword,Protect||||||50|,,,,,Ice]Landorus-Therian||ChoiceBand|Intimidate|StompingTantrum,Earthquake,RockSlide,Uturn|||M|||50|,,,,,Water]Tornadus||SitrusBerry|Prankster|BleakwindStorm,Tailwind,Taunt,RainDance|||M|||50|,,,,,Ghost]Amoonguss||RockyHelmet|Regenerator|Spore,RagePowder,PollenPuff,ClearSmog|||M|||50|,,,,,Water]Urshifu-Rapid-Strike||SafetyGoggles|UnseenFist|SurgingStrikes,CloseCombat,AquaJet,Detect|||M|||50|,,,,,Water\n|showteam|p2|Arcanine-Hisui||SafetyGoggles|Intimidate|FlareBlitz,RockSlide,ExtremeSpeed,WillOWisp|||M|||50|,,,,,Water]Urshifu-Rapid-Strike||ChoiceScarf|UnseenFist|SurgingStrikes,CloseCombat,IceSpinner,Uturn|||M|||50|,,,,,Water]Rillaboom||AssaultVest|GrassySurge|FakeOut,GrassyGlide,WoodHammer,Uturn|||M|||50|,,,,,Fire]Moltres-Galar||SitrusBerry|Berserk|FieryWrath,AirSlash,NastyPlot,Protect||||||50|,,,,,Poison]Ninetales-Alola||LightClay|SnowWarning|AuroraVeil,IcyWind,Moonblast,HelpingHand|||F|||50|,,,,,Water]Sinistcha||RockyHelmet|Hospitality|MatchaGotcha,LifeDew,TrickRoom,RagePowder||||||50|,,,,,Fire\n|\n|t:|1700518983\n|start\n|switch|p1a: Urshifu|Urshifu-Rapid-Strike, L50, M|100\/100\n|switch|p1b: Tornadus|Tornadus, L50, M|100\/100\n|switch|p2a: Rillaboom|Rillaboom, L50, M|100\/100\n|switch|p2b: Arcanine|Arcanine-Hisui, L50, M|100\/100\n|-ability|p2b: Arcanine|Intimidate|boost\n|-unboost|p1a: Urshifu|atk|1\n|-unboost|p1b: Tornadus|atk|1\n|-fieldstart|move: Grassy Terrain|[from] ability: Grassy Surge|[of] p2a: Rillaboom\n|turn|1\n|\n|t:|1700518996\n|move|p2a: Rillaboom|Fake Out|p1a: Urshifu\n|-damage|p1a: Urshifu|87\/100\n|cant|p1a: Urshifu|flinch\n|move|p2b: Arcanine|Will-O-Wisp|p1a: Urshifu\n|-status|p1a: Urshifu|brn\n|move|p1b: Tornadus|Bleakwind Storm|p2b: Arcanine|[spread] p2b\n|-miss|p1b: Tornadus|p2a: Rillaboom\n|-resisted|p2b: Arcanine\n|-damage|p2b: Arcanine|86\/100\n|-unboost|p2b: Arcanine|spe|1\n|\n|-heal|p1a: Urshifu|94\/100 brn|[from] Grassy Terrain\n|-heal|p2b: Arcanine|92\/100|[from] Grassy Terrain\n|-damage|p1a: Urshifu|87\/100 brn|[from] brn\n|upkeep\n|turn|2\n|\n|t:|1700519018\n|-terastallize|p1a: Urshifu|Water\n|move|p2b: Arcanine|Extreme Speed|p1a: Urshifu\n|-damage|p1a: Urshifu|64\/100 brn\n|move|p1b: Tornadus|Rain Dance|p1b: Tornadus\n|-weather|RainDance\n|move|p2a: Rillaboom|Grassy Glide|p1a: Urshifu\n|-supereffective|p1a: Urshifu\n|-damage|p1a: Urshifu|0 fnt\n|faint|p1a: Urshifu\n|\n|-weather|RainDance|[upkeep]\n|-heal|p2b: Arcanine|98\/100|[from] Grassy Terrain\n|upkeep\n|\n|t:|1700519027\n|switch|p1a: Chien-Pao|Chien-Pao, L50|100\/100\n|-ability|p1a: Chien-Pao|Sword of Ruin\n|turn|3\n|\n|t:|1700519039\n|move|p2a: Rillaboom|Grassy Glide|p1a: Chien-Pao\n|-damage|p1a: Chien-Pao|53\/100\n|move|p1a: Chien-Pao|Sacred Sword|p2b: Arcanine\n|-supereffective|p2b: Arcanine\n|-damage|p2b: Arcanine|7\/100\n|move|p1b: Tornadus|Bleakwind Storm|p2a: Rillaboom|[spread] p2a,p2b\n|-supereffective|p2a: Rillaboom\n|-resisted|p2b: Arcanine\n|-damage|p2a: Rillaboom|56\/100\n|-damage|p2b: Arcanine|0 fnt\n|faint|p2b: Arcanine\n|\n|-weather|RainDance|[upkeep]\n|-heal|p1a: Chien-Pao|59\/100|[from] Grassy Terrain\n|-heal|p2a: Rillaboom|62\/100|[from] Grassy Terrain\n|upkeep\n|\n|t:|1700519055\n|switch|p2b: Urshifu|Urshifu-Rapid-Strike, L50, M|100\/100\n|turn|4\n|\n|t:|1700519067\n|-terastallize|p2b: Urshifu|Water\n|move|p2a: Rillaboom|Grassy Glide|p1a: Chien-Pao\n|-damage|p1a: Chien-Pao|8\/100\n|move|p2b: Urshifu|Surging Strikes|p1b: Tornadus\n|-crit|p1b: Tornadus\n|-damage|p1b: Tornadus|46\/100\n|-enditem|p1b: Tornadus|Sitrus Berry|[eat]\n|-heal|p1b: Tornadus|70\/100|[from] item: Sitrus Berry\n|-crit|p1b: Tornadus\n|-damage|p1b: Tornadus|18\/100\n|-crit|p1b: Tornadus\n|-damage|p1b: Tornadus|0 fnt\n|faint|p1b: Tornadus\n|-hitcount|p1: Tornadus|3\n|move|p1a: Chien-Pao|Ice Spinner|p2a: Rillaboom\n|-supereffective|p2a: Rillaboom\n|-damage|p2a: Rillaboom|0 fnt\n|-fieldend|move: Grassy Terrain\n|faint|p2a: Rillaboom\n|\n|-weather|RainDance|[upkeep]\n|upkeep\n|\n|t:|1700519085\n|switch|p1b: Gholdengo|Gholdengo, L50|100\/100\n|switch|p2a: Sinistcha|Sinistcha, L50|100\/100\n|turn|5\n|\n|t:|1700519099\n|move|p1a: Chien-Pao|Sucker Punch|p2b: Urshifu\n|-crit|p2b: Urshifu\n|-damage|p2b: Urshifu|28\/100\n|move|p2b: Urshifu|Surging Strikes|p1a: Chien-Pao\n|-crit|p1a: Chien-Pao\n|-damage|p1a: Chien-Pao|0 fnt\n|faint|p1a: Chien-Pao\n|-hitcount|p1: Chien-Pao|1\n|move|p1b: Gholdengo|Make It Rain|p2b: Urshifu|[spread] p2a,p2b\n|-resisted|p2b: Urshifu\n|-damage|p2a: Sinistcha|45\/100\n|-damage|p2b: Urshifu|0 fnt\n|-unboost|p1b: Gholdengo|spa|1\n|faint|p2b: Urshifu\n|-damage|p1b: Gholdengo|91\/100|[from] item: Life Orb\n|move|p2a: Sinistcha|Matcha Gotcha|p1b: Gholdengo\n|-resisted|p1b: Gholdengo\n|-damage|p1b: Gholdengo|76\/100\n|-heal|p2a: Sinistcha|53\/100|[from] drain|[of] p1b: Gholdengo\n|\n|-weather|RainDance|[upkeep]\n|upkeep\n|turn|6\n|\n|t:|1700519118\n|move|p1b: Gholdengo|Shadow Ball|p2a: Sinistcha\n|-supereffective|p2a: Sinistcha\n|-damage|p2a: Sinistcha|0 fnt\n|faint|p2a: Sinistcha\n|-damage|p1b: Gholdengo|66\/100|[from] item: Life Orb\n|\n|win|Pauliii23\n|c|&|\/uhtml prompt-tobiyume,TobiYume is ready for game 2!\n|c|&|\/uhtml prompt-pauliii23,Pauliii23 is ready for game 2!\nBoth players are ready! Starting next match!\n|l|\u2606Pauliii23\n","uploadtime":1700519438,"views":2,"p1id":"pauliii23","p2id":"tobiyume","formatid":"gen9vgc2023regulatione","rating":0,"private":0,"password":""}