{"id":"gen9vgc2023regulatione-2000527277","p1":"Nakafuyu Yuki","p2":"JeanRyuPR","format":"[Gen 9] VGC 2023 Regulation E","log":"|j|\u2606Nakafuyu Yuki\n|j|\u2606JeanRyuPR\n|n|\u2606Nakafuyu Yuki|nakafuyuyuki\n|n|\u2606JeanRyuPR|jeanryupr\n|html|View the match progress at <a href=\"\/game-bestof3-gen9vgc2023regulatione-2000527276\">game-bestof3-gen9vgc2023regulatione-2000527276<\/a>\n|t:|1701202383\n|gametype|doubles\n|player|p1|Nakafuyu Yuki|serena-masters3|\n|player|p2|JeanRyuPR|265|\n|teamsize|p1|6\n|teamsize|p2|6\n|gen|9\n|tier|[Gen 9] VGC 2023 Regulation E\n|rule|Species Clause: Limit one of each Pok\u00e9mon\n|rule|Item Clause: Limit one of each item\n|clearpoke\n|poke|p1|Indeedee-F, L50, F|\n|poke|p1|Armarouge, L50, F|\n|poke|p1|Ursaluna, L50, F|\n|poke|p1|Gardevoir, L50, F|\n|poke|p1|Torkoal, L50, F|\n|poke|p1|Ogerpon-Wellspring, L50, F|\n|poke|p2|Roaring Moon, L50|\n|poke|p2|Iron Hands, L50|\n|poke|p2|Ogerpon-Wellspring, L50, F|\n|poke|p2|Heatran, L50, M|\n|poke|p2|Arcanine-Hisui, L50, M|\n|poke|p2|Tornadus, L50, M|\n|teampreview|4\n|inactive|Battle timer is ON: inactive players will automatically lose when time's up. (requested by Nakafuyu Yuki)\nNakafuyu Yuki has agreed to open team sheets.\n|inactive|JeanRyuPR has 60 seconds left.\nJeanRyuPR has agreed to open team sheets.\n|showteam|p1|Indeedee-F||PsychicSeed|PsychicSurge|DazzlingGleam,HelpingHand,FollowMe,TrickRoom|||F|||50|,,,,,Water]Armarouge||MindPlate|FlashFire|HeatWave,ExpandingForce,WideGuard,TrickRoom|||F|||50|,,,,,Grass]Ursaluna||FlameOrb|Guts|HeadlongRush,Earthquake,Facade,Protect|||F|||50|,,,,,Ghost]Gardevoir||LifeOrb|Telepathy|DazzlingGleam,Moonblast,TrickRoom,Protect|||F|||50|,,,,,Fairy]Torkoal||Charcoal|Drought|Eruption,HeatWave,EarthPower,Protect|||F|||50|,,,,,Fire]Ogerpon-Wellspring||WellspringMask|WaterAbsorb|IvyCudgel,WoodHammer,FollowMe,SpikyShield|||F|||50|,,,,,Water\n|showteam|p2|Roaring Moon||BoosterEnergy|Protosynthesis|KnockOff,Protect,BreakingSwipe,TeraBlast||||||50|,,,,,Poison]Iron Hands||AssaultVest|QuarkDrive|DrainPunch,WildCharge,HeavySlam,FakeOut||||||50|,,,,,Water]Ogerpon-Wellspring||WellspringMask|WaterAbsorb|IvyCudgel,SpikyShield,WoodHammer,SwordsDance|||F|||50|,,,,,Water]Heatran||ZoomLens|FlashFire|MagmaStorm,EarthPower,FlashCannon,Protect|||M|||50|,,,,,Fairy]Arcanine-Hisui||ChoiceBand|Intimidate|RockSlide,ExtremeSpeed,FlareBlitz,TeraBlast|||M|||50|,,,,,Grass]Tornadus||CovertCloak|Prankster|BleakwindStorm,IcyWind,Taunt,Tailwind|||M|||50|,,,,,Ghost\n|\n|t:|1701202438\n|start\n|switch|p1a: Indeedee|Indeedee-F, L50, F|100\/100\n|switch|p1b: Armarouge|Armarouge, L50, F|100\/100\n|switch|p2a: Tornadus|Tornadus, L50, M|100\/100\n|switch|p2b: Roaring Moon|Roaring Moon, L50|100\/100\n|-fieldstart|move: Psychic Terrain|[from] ability: Psychic Surge|[of] p1a: Indeedee\n|-enditem|p1a: Indeedee|Psychic Seed\n|-boost|p1a: Indeedee|spd|1|[from] item: Psychic Seed\n|-enditem|p2b: Roaring Moon|Booster Energy\n|-activate|p2b: Roaring Moon|ability: Protosynthesis|[fromitem]\n|-start|p2b: Roaring Moon|protosynthesisatk\n|turn|1\n|\n|t:|1701202456\n|move|p1a: Indeedee|Follow Me|p1a: Indeedee\n|-singleturn|p1a: Indeedee|move: Follow Me\n|move|p2b: Roaring Moon|Knock Off|p1a: Indeedee\n|-supereffective|p1a: Indeedee\n|-damage|p1a: Indeedee|9\/100\n|move|p2a: Tornadus|Bleakwind Storm|p1a: Indeedee|[spread] p1a,p1b\n|-damage|p1a: Indeedee|0 fnt\n|-damage|p1b: Armarouge|56\/100\n|-unboost|p1b: Armarouge|spe|1\n|faint|p1a: Indeedee\n|move|p1b: Armarouge|Trick Room|p1b: Armarouge\n|-fieldstart|move: Trick Room|[of] p1b: Armarouge\n|\n|upkeep\n|\n|t:|1701202467\n|switch|p1a: Gardevoir|Gardevoir, L50, F, shiny|100\/100\n|turn|2\n|\n|t:|1701202485\n|-end|p2b: Roaring Moon|Protosynthesis|[silent]\n|switch|p2b: Heatran|Heatran, L50, M|100\/100\n|-terastallize|p1a: Gardevoir|Fairy\n|move|p1b: Armarouge|Expanding Force|p2b: Heatran|[spread] p2a,p2b\n|-resisted|p2b: Heatran\n|-damage|p2a: Tornadus|3\/100\n|-damage|p2b: Heatran|69\/100\n|move|p1a: Gardevoir|Dazzling Gleam|p2b: Heatran|[spread] p2a,p2b\n|-resisted|p2b: Heatran\n|-damage|p2a: Tornadus|0 fnt\n|-damage|p2b: Heatran|58\/100\n|faint|p2a: Tornadus\n|-damage|p1a: Gardevoir|91\/100|[from] item: Life Orb\n|\n|upkeep\n|\n|t:|1701202497\n|switch|p2a: Iron Hands|Iron Hands, L50|100\/100\n|turn|3\n|\n|t:|1701202510\n|-terastallize|p2a: Iron Hands|Water\n|move|p1b: Armarouge|Expanding Force|p2b: Heatran|[spread] p2a,p2b\n|-resisted|p2b: Heatran\n|-damage|p2a: Iron Hands|58\/100\n|-damage|p2b: Heatran|26\/100\n|move|p1a: Gardevoir|Moonblast|p2a: Iron Hands\n|-damage|p2a: Iron Hands|9\/100\n|-damage|p1a: Gardevoir|81\/100|[from] item: Life Orb\n|move|p2a: Iron Hands|Heavy Slam|p1a: Gardevoir\n|-supereffective|p1a: Gardevoir\n|-damage|p1a: Gardevoir|0 fnt\n|faint|p1a: Gardevoir\n|move|p2b: Heatran|Earth Power|p1b: Armarouge\n|-supereffective|p1b: Armarouge\n|-damage|p1b: Armarouge|0 fnt\n|faint|p1b: Armarouge\n|\n|upkeep\n|\n|t:|1701202520\n|switch|p1a: Ursaluna|Ursaluna, L50, F|100\/100\n|turn|4\n|\n|t:|1701202541\n|move|p1a: Ursaluna|Earthquake|p2b: Heatran|[spread] p2a,p2b\n|-supereffective|p2b: Heatran\n|-damage|p2a: Iron Hands|0 fnt\n|-damage|p2b: Heatran|0 fnt\n|faint|p2a: Iron Hands\n|-end|p2a: Iron Hands|Quark Drive|[silent]\n|faint|p2b: Heatran\n|\n|-status|p1a: Ursaluna|brn|[from] item: Flame Orb\n|upkeep\n|\n|t:|1701202550\n|switch|p2a: Roaring Moon|Roaring Moon, L50|100\/100\n|turn|5\n|\n|t:|1701202563\n|move|p2a: Roaring Moon|Protect|p2a: Roaring Moon\n|-singleturn|p2a: Roaring Moon|Protect\n|move|p1a: Ursaluna|Facade|p2a: Roaring Moon\n|-activate|p2a: Roaring Moon|move: Protect\n|\n|-damage|p1a: Ursaluna|95\/100 brn|[from] brn\n|-fieldend|move: Trick Room\n|-fieldend|move: Psychic Terrain\n|upkeep\n|turn|6\n|\n|t:|1701202574\n|move|p2a: Roaring Moon|Breaking Swipe|p1a: Ursaluna\n|-crit|p1a: Ursaluna\n|-damage|p1a: Ursaluna|56\/100 brn\n|-unboost|p1a: Ursaluna|atk|1\n|move|p1a: Ursaluna|Facade|p2a: Roaring Moon\n|-damage|p2a: Roaring Moon|5\/100\n|\n|-damage|p1a: Ursaluna|50\/100 brn|[from] brn\n|upkeep\n|turn|7\n|\n|t:|1701202583\n|move|p2a: Roaring Moon|Protect|p2a: Roaring Moon\n|-singleturn|p2a: Roaring Moon|Protect\n|move|p1a: Ursaluna|Facade|p2a: Roaring Moon\n|-activate|p2a: Roaring Moon|move: Protect\n|\n|-damage|p1a: Ursaluna|44\/100 brn|[from] brn\n|upkeep\n|turn|8\n|\n|t:|1701202599\n|move|p2a: Roaring Moon|Knock Off|p1a: Ursaluna\n|-damage|p1a: Ursaluna|2\/100 brn\n|-enditem|p1a: Ursaluna|Flame Orb|[from] move: Knock Off|[of] p2a: Roaring Moon\n|move|p1a: Ursaluna|Facade|p2a: Roaring Moon\n|-crit|p2a: Roaring Moon\n|-damage|p2a: Roaring Moon|0 fnt\n|faint|p2a: Roaring Moon\n|-end|p2a: Roaring Moon|Protosynthesis|[silent]\n|\n|win|Nakafuyu Yuki\n|c|&|\/uhtml prompt-nakafuyuyuki,Nakafuyu Yuki is ready for game 2!\n|c|&|\/uhtml prompt-jeanryupr,JeanRyuPR is ready for game 2!\nBoth players are ready! Starting next match!\n","uploadtime":1701202746,"views":2,"p1id":"nakafuyuyuki","p2id":"jeanryupr","formatid":"gen9vgc2023regulatione","rating":0,"private":0,"password":""}