{"id":"gen9vgc2023regulatione-1996283861","p1":"CP Spike","p2":"Bulba9933","format":"[Gen 9] VGC 2023 Regulation E","log":"|j|\u2606CP Spike\n|j|\u2606Bulba9933\n|t:|1700667378\n|gametype|doubles\n|player|p1|CP Spike|265|1047\n|player|p2|Bulba9933|170|1013\n|teamsize|p1|6\n|teamsize|p2|6\n|gen|9\n|tier|[Gen 9] VGC 2023 Regulation E\n|rated|\n|rule|Species Clause: Limit one of each Pok\u00e9mon\n|rule|Item Clause: Limit one of each item\n|clearpoke\n|poke|p1|Ceruledge, L50, M|\n|poke|p1|Armarouge, L50, M|\n|poke|p1|Indeedee-F, L50, F|\n|poke|p1|Zoroark-Hisui, L50, F|\n|poke|p1|Toxtricity, L50, F|\n|poke|p1|Tatsugiri-Stretchy, L50, M|\n|poke|p2|Politoed, L50, F|\n|poke|p2|Gothitelle, L50, M|\n|poke|p2|Flutter Mane, L50|\n|poke|p2|Amoonguss, L50, F|\n|poke|p2|Kingambit, L50, F|\n|poke|p2|Arcanine-Hisui, L50, F|\n|teampreview|4\n|\n|t:|1700667407\n|start\n|switch|p1a: Armarouge|Armarouge, L50, M|100\/100\n|switch|p1b: Indeedee|Indeedee-F, L50, F|100\/100\n|switch|p2a: Flutter Mane|Flutter Mane, L50, shiny|100\/100\n|switch|p2b: Gothitelle|Gothitelle, L50, M, shiny|100\/100\n|-fieldstart|move: Psychic Terrain|[from] ability: Psychic Surge|[of] p1b: Indeedee\n|turn|1\n|\n|t:|1700667432\n|move|p1b: Indeedee|Follow Me|p1b: Indeedee\n|-singleturn|p1b: Indeedee|move: Follow Me\n|move|p2a: Flutter Mane|Perish Song|p2a: Flutter Mane\n|-start|p1a: Armarouge|perish3|[silent]\n|-start|p1b: Indeedee|perish3|[silent]\n|-start|p2a: Flutter Mane|perish3|[silent]\n|-start|p2b: Gothitelle|perish3|[silent]\n|-fieldactivate|move: Perish Song\n|move|p1a: Armarouge|Armor Cannon|p2a: Flutter Mane\n|-damage|p2a: Flutter Mane|13\/100\n|-unboost|p1a: Armarouge|def|1\n|-unboost|p1a: Armarouge|spd|1\n|-damage|p1a: Armarouge|91\/100|[from] item: Life Orb\n|move|p2b: Gothitelle|Trick Room|p2b: Gothitelle\n|-fieldstart|move: Trick Room|[of] p2b: Gothitelle\n|\n|-start|p2b: Gothitelle|perish3\n|-start|p1a: Armarouge|perish3\n|-start|p1b: Indeedee|perish3\n|-start|p2a: Flutter Mane|perish3\n|upkeep\n|turn|2\n|\n|t:|1700667455\n|move|p1b: Indeedee|Helping Hand|p1a: Armarouge\n|-singleturn|p1a: Armarouge|Helping Hand|[of] p1b: Indeedee\n|move|p2b: Gothitelle|Protect|p2b: Gothitelle\n|-singleturn|p2b: Gothitelle|Protect\n|move|p2a: Flutter Mane|Protect|p2a: Flutter Mane\n|-singleturn|p2a: Flutter Mane|Protect\n|move|p1a: Armarouge|Expanding Force|p2b: Gothitelle|[spread] \n|-activate|p2a: Flutter Mane|move: Protect\n|-activate|p2b: Gothitelle|move: Protect\n|\n|-start|p2b: Gothitelle|perish2\n|-start|p1a: Armarouge|perish2\n|-start|p1b: Indeedee|perish2\n|-start|p2a: Flutter Mane|perish2\n|upkeep\n|turn|3\n|\n|t:|1700667485\n|-end|p2a: Flutter Mane|Protosynthesis|[silent]\n|switch|p2a: Kingambit|Kingambit, L50, F, shiny|100\/100\n|move|p1b: Indeedee|Helping Hand|p1a: Armarouge\n|-singleturn|p1a: Armarouge|Helping Hand|[of] p1b: Indeedee\n|move|p2b: Gothitelle|Psychic|p1b: Indeedee\n|-resisted|p1b: Indeedee\n|-damage|p1b: Indeedee|83\/100\n|move|p1a: Armarouge|Expanding Force|p2a: Kingambit|[spread] p2b\n|-immune|p2a: Kingambit\n|-resisted|p2b: Gothitelle\n|-damage|p2b: Gothitelle|54\/100\n|-damage|p1a: Armarouge|81\/100|[from] item: Life Orb\n|\n|-start|p2b: Gothitelle|perish1\n|-start|p1a: Armarouge|perish1\n|-start|p1b: Indeedee|perish1\n|upkeep\n|turn|4\n|\n|t:|1700667513\n|move|p2a: Kingambit|Protect|p2a: Kingambit\n|-singleturn|p2a: Kingambit|Protect\n|move|p2b: Gothitelle|Protect|p2b: Gothitelle\n|-singleturn|p2b: Gothitelle|Protect\n|move|p1b: Indeedee|Follow Me|p1b: Indeedee\n|-singleturn|p1b: Indeedee|move: Follow Me\n|move|p1a: Armarouge|Destiny Bond|p1a: Armarouge\n|-singlemove|p1a: Armarouge|Destiny Bond\n|\n|-start|p2b: Gothitelle|perish0\n|-start|p1a: Armarouge|perish0\n|-start|p1b: Indeedee|perish0\n|faint|p2b: Gothitelle\n|faint|p1a: Armarouge\n|faint|p1b: Indeedee\n|upkeep\n|\n|t:|1700667526\n|switch|p2b: Flutter Mane|Flutter Mane, L50, shiny|13\/100\n|switch|p1a: Ceruledge|Ceruledge, L50, M|100\/100\n|switch|p1b: Toxtricity|Toxtricity, L50, F|100\/100\n|-item|p1b: Toxtricity|Air Balloon\n|turn|5\n|\n|t:|1700667571\n|-terastallize|p1a: Ceruledge|Grass\n|move|p2a: Kingambit|Swords Dance|p2a: Kingambit\n|-boost|p2a: Kingambit|atk|2\n|move|p1b: Toxtricity|Gunk Shot|p2b: Flutter Mane\n|-damage|p2b: Flutter Mane|0 fnt\n|faint|p2b: Flutter Mane\n|-end|p2b: Flutter Mane|Protosynthesis|[silent]\n|move|p1a: Ceruledge|Bitter Blade|p2a: Kingambit\n|-supereffective|p2a: Kingambit\n|-damage|p2a: Kingambit|34\/100\n|\n|-fieldend|move: Trick Room\n|-fieldend|move: Psychic Terrain\n|upkeep\n|\n|t:|1700667583\n|switch|p2b: Amoonguss|Amoonguss, L50, F, shiny|100\/100\n|turn|6\n|\n|t:|1700667605\n|-terastallize|p2b: Amoonguss|Dark\n|move|p2b: Amoonguss|Rage Powder|p2b: Amoonguss\n|-singleturn|p2b: Amoonguss|move: Rage Powder\n|move|p1a: Ceruledge|Bitter Blade|p2b: Amoonguss\n|-damage|p2b: Amoonguss|57\/100\n|-damage|p1a: Ceruledge|84\/100|[from] item: Rocky Helmet|[of] p2b: Amoonguss\n|move|p1b: Toxtricity|Thunderbolt|p2b: Amoonguss\n|-damage|p2b: Amoonguss|24\/100\n|move|p2a: Kingambit|Kowtow Cleave|p1a: Ceruledge\n|-damage|p1a: Ceruledge|0 fnt\n|faint|p1a: Ceruledge\n|\n|upkeep\n|turn|7\n|\n|t:|1700667622\n|move|p2b: Amoonguss|Rage Powder|p2b: Amoonguss\n|-singleturn|p2b: Amoonguss|move: Rage Powder\n|move|p1b: Toxtricity|Thunderbolt|p2b: Amoonguss\n|-damage|p2b: Amoonguss|0 fnt\n|faint|p2b: Amoonguss\n|move|p2a: Kingambit|Kowtow Cleave|p1b: Toxtricity\n|-damage|p1b: Toxtricity|0 fnt\n|-enditem|p1b: Toxtricity|Air Balloon\n|faint|p1b: Toxtricity\n|\n|win|Bulba9933\n|raw|CP Spike's rating: 1047 &rarr; <strong>1028<\/strong><br \/>(-19 for losing)\n|raw|Bulba9933's rating: 1013 &rarr; <strong>1055<\/strong><br \/>(+42 for winning)\n|c|\u2606CP Spike|gg\n","uploadtime":1700667636,"views":10,"p1id":"cpspike","p2id":"bulba9933","formatid":"gen9vgc2023regulatione","rating":1028,"private":0,"password":""}