{"id":"gen9vgc2023regulatione-1990936884","p1":"MarioAGV","p2":"christianfinity","format":"[Gen 9] VGC 2023 Regulation E","log":"|j|\u2606MarioAGV\n|j|\u2606christianfinity\n|t:|1700017157\n|gametype|doubles\n|player|p1|MarioAGV|benga|\n|player|p2|christianfinity|youngathlete|\n|teamsize|p1|6\n|teamsize|p2|6\n|gen|9\n|tier|[Gen 9] VGC 2023 Regulation E\n|rated|Tournament battle\n|rule|Species Clause: Limit one of each Pok\u00e9mon\n|rule|Item Clause: Limit one of each item\n|clearpoke\n|poke|p1|Slither Wing, L50|\n|poke|p1|Empoleon, L50, M|\n|poke|p1|Grimmsnarl, L50, M|\n|poke|p1|Rillaboom, L50, F|\n|poke|p1|Flutter Mane, L50|\n|poke|p1|Landorus-Therian, L50, M|\n|poke|p2|Flutter Mane, L50|\n|poke|p2|Iron Hands, L50|\n|poke|p2|Landorus-Therian, L50, M|\n|poke|p2|Ogerpon-Wellspring, L50, F|\n|poke|p2|Heatran, L50, F|\n|poke|p2|Amoonguss, L50, M|\n|teampreview|4\n|showteam|p1|Slither Wing||BoosterEnergy|Protosynthesis|CloseCombat,FlameCharge,BulkUp,Protect||||||50|,,,,,Fire]Empoleon||LifeOrb|Competitive|HydroPump,FlashCannon,TeraBlast,Protect|||M|||50|,,,,,Electric]Grimmsnarl||LightClay|Prankster|SpiritBreak,Reflect,LightScreen,ThunderWave|||M|||50|,,,,,Ghost]Rillaboom||MiracleSeed|GrassySurge|FakeOut,GrassyGlide,WoodHammer,Protect|||F|||50|,,,,,Grass]Flutter Mane||ChoiceSpecs|Protosynthesis|Moonblast,ShadowBall,DazzlingGleam,IcyWind||||||50|,,,,,Fairy]Landorus-Therian||ChoiceScarf|Intimidate|StompingTantrum,TeraBlast,RockSlide,Uturn|||M|||50|,,,,,Flying\n|showteam|p2|Flutter Mane||ChoiceSpecs|Protosynthesis|Moonblast,DazzlingGleam,ShadowBall,EnergyBall||||||50|,,,,,Grass]Iron Hands||AssaultVest|QuarkDrive|FakeOut,DrainPunch,WildCharge,VoltSwitch||||||50|,,,,,Fairy]Landorus-Therian||ChoiceScarf|Intimidate|StompingTantrum,TeraBlast,RockTomb,Uturn|||M|||50|,,,,,Flying]Ogerpon-Wellspring||WellspringMask|WaterAbsorb|SwordsDance,IvyCudgel,HornLeech,SpikyShield|||F|||50|,,,,,Water]Heatran||Leftovers|FlashFire|HeatWave,EarthPower,Substitute,Protect|||F|||50|,,,,,Fairy]Amoonguss||SitrusBerry|Regenerator|Spore,RagePowder,PollenPuff,Protect|||M|||50|,,,,,Water\n|j| moonybunny\n|j| Lorul\n|l| Lorul\n|j| EmceeMikey\n|c|\u2606MarioAGV|glhf\n|j| ale cog\n|\n|t:|1700017250\n|start\n|switch|p1a: Rillaboom|Rillaboom, L50, F|100\/100\n|switch|p1b: Slither Wing|Slither Wing, L50|100\/100\n|switch|p2a: Heatran|Heatran, L50, F|100\/100\n|switch|p2b: Flutter Mane|Flutter Mane, L50, shiny|100\/100\n|-fieldstart|move: Grassy Terrain|[from] ability: Grassy Surge|[of] p1a: Rillaboom\n|-enditem|p1b: Slither Wing|Booster Energy\n|-activate|p1b: Slither Wing|ability: Protosynthesis|[fromitem]\n|-start|p1b: Slither Wing|protosynthesisatk\n|turn|1\n|\n|t:|1700017275\n|switch|p2a: Landorus|Landorus-Therian, L50, M|100\/100\n|-ability|p2a: Landorus|Intimidate|boost\n|-unboost|p1a: Rillaboom|atk|1\n|-unboost|p1b: Slither Wing|atk|1\n|-terastallize|p1b: Slither Wing|Fire\n|move|p1a: Rillaboom|Fake Out|p2a: Landorus\n|-damage|p2a: Landorus|89\/100\n|move|p2b: Flutter Mane|Moonblast|p1a: Rillaboom\n|-damage|p1a: Rillaboom|13\/100\n|move|p1b: Slither Wing|Flame Charge|p2b: Flutter Mane\n|-damage|p2b: Flutter Mane|61\/100\n|-boost|p1b: Slither Wing|spe|1\n|\n|-heal|p2b: Flutter Mane|67\/100|[from] Grassy Terrain\n|-heal|p1a: Rillaboom|19\/100|[from] Grassy Terrain\n|upkeep\n|turn|2\n|j| Lorul\n|\n|t:|1700017316\n|switch|p1a: Landorus|Landorus-Therian, L50, M|100\/100\n|-ability|p1a: Landorus|Intimidate|boost\n|-unboost|p2a: Landorus|atk|1\n|-unboost|p2b: Flutter Mane|atk|1\n|move|p1b: Slither Wing|Protect|p1b: Slither Wing\n|-singleturn|p1b: Slither Wing|Protect\n|move|p2a: Landorus|Stomping Tantrum|p1b: Slither Wing\n|-activate|p1b: Slither Wing|move: Protect\n|move|p2b: Flutter Mane|Moonblast|p1a: Landorus\n|-damage|p1a: Landorus|24\/100\n|-unboost|p1a: Landorus|spa|1\n|\n|-heal|p2b: Flutter Mane|72\/100|[from] Grassy Terrain\n|upkeep\n|turn|3\n|j| EsterPesto\n|l| EsterPesto\n|j| EsterPesto\n|\n|t:|1700017340\n|move|p2a: Landorus|Stomping Tantrum|p1b: Slither Wing\n|-supereffective|p1b: Slither Wing\n|-damage|p1b: Slither Wing|32\/100\n|move|p1b: Slither Wing|Bulk Up|p1b: Slither Wing\n|-boost|p1b: Slither Wing|atk|1\n|-boost|p1b: Slither Wing|def|1\n|move|p1a: Landorus|Stomping Tantrum|p2b: Flutter Mane\n|-damage|p2b: Flutter Mane|12\/100\n|move|p2b: Flutter Mane|Moonblast|p1b: Slither Wing\n|-resisted|p1b: Slither Wing\n|-damage|p1b: Slither Wing|0 fnt\n|faint|p1b: Slither Wing\n|-end|p1b: Slither Wing|Protosynthesis|[silent]\n|\n|-heal|p2b: Flutter Mane|18\/100|[from] Grassy Terrain\n|upkeep\n|\n|t:|1700017350\n|switch|p1b: Rillaboom|Rillaboom, L50, F|19\/100\n|turn|4\n|\n|t:|1700017407\n|-end|p2b: Flutter Mane|Protosynthesis|[silent]\n|switch|p2b: Iron Hands|Iron Hands, L50|100\/100\n|move|p1b: Rillaboom|Fake Out|p2a: Landorus\n|-damage|p2a: Landorus|72\/100\n|cant|p2a: Landorus|flinch\n|move|p1a: Landorus|Stomping Tantrum|p2b: Iron Hands\n|-supereffective|p2b: Iron Hands\n|-damage|p2b: Iron Hands|44\/100\n|\n|-heal|p1b: Rillaboom|25\/100|[from] Grassy Terrain\n|-heal|p2b: Iron Hands|50\/100|[from] Grassy Terrain\n|upkeep\n|turn|5\n|\n|t:|1700017440\n|switch|p1a: Empoleon|Empoleon, L50, M|100\/100\n|-terastallize|p2b: Iron Hands|Fairy\n|move|p1b: Rillaboom|Protect|p1b: Rillaboom\n|-singleturn|p1b: Rillaboom|Protect\n|move|p2a: Landorus|Stomping Tantrum|p1b: Rillaboom\n|-activate|p1b: Rillaboom|move: Protect\n|move|p2b: Iron Hands|Drain Punch|p1b: Rillaboom\n|-activate|p1b: Rillaboom|move: Protect\n|\n|-heal|p1b: Rillaboom|31\/100|[from] Grassy Terrain\n|-heal|p2b: Iron Hands|56\/100|[from] Grassy Terrain\n|-fieldend|move: Grassy Terrain\n|upkeep\n|turn|6\n|\n|t:|1700017482\n|switch|p2a: Flutter Mane|Flutter Mane, L50, shiny|18\/100\n|switch|p1b: Landorus|Landorus-Therian, L50, M|24\/100\n|-ability|p1b: Landorus|Intimidate|boost\n|-unboost|p2a: Flutter Mane|atk|1\n|-unboost|p2b: Iron Hands|atk|1\n|move|p1a: Empoleon|Flash Cannon|p2b: Iron Hands\n|-supereffective|p2b: Iron Hands\n|-damage|p2b: Iron Hands|7\/100\n|-damage|p1a: Empoleon|91\/100|[from] item: Life Orb\n|move|p2b: Iron Hands|Volt Switch|p1a: Empoleon\n|-supereffective|p1a: Empoleon\n|-damage|p1a: Empoleon|66\/100\n|\n|t:|1700017495\n|-end|p2b: Iron Hands|Quark Drive|[silent]\n|switch|p2b: Landorus|Landorus-Therian, L50, M|72\/100|[from] Volt Switch\n|-ability|p2b: Landorus|Intimidate|boost\n|-unboost|p1a: Empoleon|atk|1\n|-ability|p1a: Empoleon|Competitive|boost\n|-boost|p1a: Empoleon|spa|2\n|-unboost|p1b: Landorus|atk|1\n|\n|upkeep\n|turn|7\n|\n|t:|1700017508\n|move|p1a: Empoleon|Protect|p1a: Empoleon\n|-singleturn|p1a: Empoleon|Protect\n|move|p2b: Landorus|Rock Tomb|p1b: Landorus\n|-damage|p1b: Landorus|0 fnt\n|faint|p1b: Landorus\n|move|p2a: Flutter Mane|Shadow Ball|p1a: Empoleon\n|-activate|p1a: Empoleon|move: Protect\n|\n|upkeep\n|\n|t:|1700017513\n|switch|p1b: Rillaboom|Rillaboom, L50, F|31\/100\n|-fieldstart|move: Grassy Terrain|[from] ability: Grassy Surge|[of] p1b: Rillaboom\n|turn|8\n|\n|t:|1700017536\n|move|p1b: Rillaboom|Grassy Glide|p2a: Flutter Mane\n|-damage|p2a: Flutter Mane|0 fnt\n|faint|p2a: Flutter Mane\n|-end|p2a: Flutter Mane|Protosynthesis|[silent]\n|move|p2b: Landorus|Rock Tomb|p1a: Empoleon\n|-resisted|p1a: Empoleon\n|-damage|p1a: Empoleon|55\/100\n|-unboost|p1a: Empoleon|spe|1\n|-ability|p1a: Empoleon|Competitive|boost\n|-boost|p1a: Empoleon|spa|2\n|move|p1a: Empoleon|Flash Cannon|p2b: Landorus\n|-damage|p2b: Landorus|0 fnt\n|faint|p2b: Landorus\n|-damage|p1a: Empoleon|45\/100|[from] item: Life Orb\n|\n|-heal|p1b: Rillaboom|37\/100|[from] Grassy Terrain\n|-heal|p1a: Empoleon|51\/100|[from] Grassy Terrain\n|upkeep\n|\n|t:|1700017543\n|switch|p2a: Iron Hands|Iron Hands, L50, tera:Fairy|7\/100\n|switch|p2b: Heatran|Heatran, L50, F|100\/100\n|turn|9\n|\n|t:|1700017553\n|move|p1b: Rillaboom|Protect|p1b: Rillaboom\n|-singleturn|p1b: Rillaboom|Protect\n|move|p1a: Empoleon|Protect|p1a: Empoleon\n|-singleturn|p1a: Empoleon|Protect\n|move|p2a: Iron Hands|Fake Out|p1a: Empoleon\n|-activate|p1a: Empoleon|move: Protect\n|move|p2b: Heatran|Substitute|p2b: Heatran\n|-start|p2b: Heatran|Substitute\n|-damage|p2b: Heatran|76\/100\n|\n|-heal|p1b: Rillaboom|43\/100|[from] Grassy Terrain\n|-heal|p2b: Heatran|82\/100|[from] Grassy Terrain\n|-heal|p2b: Heatran|88\/100|[from] item: Leftovers\n|-heal|p2a: Iron Hands|13\/100|[from] Grassy Terrain\n|-heal|p1a: Empoleon|57\/100|[from] Grassy Terrain\n|upkeep\n|turn|10\n|\n|t:|1700017571\n|move|p1b: Rillaboom|Grassy Glide|p2a: Iron Hands\n|-damage|p2a: Iron Hands|0 fnt\n|faint|p2a: Iron Hands\n|-end|p2a: Iron Hands|Quark Drive|[silent]\n|move|p2b: Heatran|Earth Power|p1a: Empoleon\n|-supereffective|p1a: Empoleon\n|-damage|p1a: Empoleon|0 fnt\n|faint|p1a: Empoleon\n|\n|-heal|p1b: Rillaboom|49\/100|[from] Grassy Terrain\n|-heal|p2b: Heatran|94\/100|[from] Grassy Terrain\n|-heal|p2b: Heatran|100\/100|[from] item: Leftovers\n|upkeep\n|turn|11\n|c|\u2606MarioAGV|oooo\n|c|\u2606MarioAGV|ggwp\n|c|\u2606christianfinity|gg\n|\n|t:|1700017585\n|move|p1b: Rillaboom|Wood Hammer|p2b: Heatran\n|-resisted|p2b: Heatran\n|-crit|p2b: Heatran\n|-end|p2b: Heatran|Substitute\n|-damage|p1b: Rillaboom|41\/100|[from] Recoil|[of] p2b: Heatran\n|move|p2b: Heatran|Heat Wave|p1b: Rillaboom|[miss]\n|-miss|p2b: Heatran|p1b: Rillaboom\n|\n|-heal|p1b: Rillaboom|47\/100|[from] Grassy Terrain\n|upkeep\n|turn|12\n|c|\u2606christianfinity|o not yet lol\n|\n|t:|1700017594\n|move|p1b: Rillaboom|Wood Hammer|p2b: Heatran\n|-resisted|p2b: Heatran\n|-damage|p2b: Heatran|76\/100\n|-damage|p1b: Rillaboom|39\/100|[from] Recoil\n|move|p2b: Heatran|Heat Wave|p1b: Rillaboom\n|-supereffective|p1b: Rillaboom\n|-damage|p1b: Rillaboom|0 fnt\n|faint|p1b: Rillaboom\n|\n|win|christianfinity\n|n|\u2606MarioAGV|marioagv\n|n|\u2606christianfinity|christianfinity\n|n| moonybunny|moonybunny\n|n| EmceeMikey|emceemikey\n|n| ale cog|alecog\n|n| Lorul|lorul\n|n| EsterPesto|esterpesto\n","uploadtime":1700017595,"views":31,"p1id":"marioagv","p2id":"christianfinity","formatid":"gen9vgc2023regulatione","rating":0,"private":0,"password":""}