{"id":"gen9vgc2023regulatione-1994096855","p1":"E.E.E Guzma","p2":"Nishikinoeriko","format":"[Gen 9] VGC 2023 Regulation E","log":"|j|\u2606E.E.E Guzma\n|j|\u2606Nishikinoeriko\n|t:|1700406402\n|gametype|doubles\n|player|p1|E.E.E Guzma|guzma|1407\n|player|p2|Nishikinoeriko|rosa|1372\n|teamsize|p1|6\n|teamsize|p2|6\n|gen|9\n|tier|[Gen 9] VGC 2023 Regulation E\n|rated|\n|rule|Species Clause: Limit one of each Pok\u00e9mon\n|rule|Item Clause: Limit one of each item\n|clearpoke\n|poke|p1|Ogerpon-Wellspring, L50, F|\n|poke|p1|Flutter Mane, L50|\n|poke|p1|Iron Hands, L50|\n|poke|p1|Chi-Yu, L50|\n|poke|p1|Tornadus, L50, M|\n|poke|p1|Iron Bundle, L50|\n|poke|p2|Grimmsnarl, L50, M|\n|poke|p2|Iron Hands, L50|\n|poke|p2|Rillaboom, L50, F|\n|poke|p2|Dondozo, L50, M|\n|poke|p2|Cresselia, L50, F|\n|poke|p2|Heatran, L50, M|\n|teampreview|4\n|inactive|Battle timer is ON: inactive players will automatically lose when time's up. (requested by E.E.E Guzma)\n|inactive|E.E.E Guzma has 60 seconds left.\n|inactive|Nishikinoeriko has 60 seconds left.\n|inactive|Nishikinoeriko has 30 seconds left.\n|inactive|Nishikinoeriko has 20 seconds left.\n|inactive|Nishikinoeriko has 15 seconds left.\n|inactive|Nishikinoeriko has 10 seconds left.\n|inactive|Nishikinoeriko has 5 seconds left.\n|\n|t:|1700406508\n|start\n|switch|p1a: Chi-Yu|Chi-Yu, L50|100\/100\n|switch|p1b: Iron Hands|Iron Hands, L50|100\/100\n|switch|p2a: Grimmsnarl|Grimmsnarl, L50, M|100\/100\n|switch|p2b: Iron Hands|Iron Hands, L50|100\/100\n|-ability|p1a: Chi-Yu|Beads of Ruin\n|turn|1\n|inactive|Nishikinoeriko has 30 seconds left.\n|inactive|Nishikinoeriko has 20 seconds left.\n|inactive|Nishikinoeriko has 15 seconds left.\n|inactive|Nishikinoeriko has 10 seconds left.\n|inactive|Nishikinoeriko has 5 seconds left.\n|\n|t:|1700406563\n|-terastallize|p1a: Chi-Yu|Fire\n|move|p2b: Iron Hands|Fake Out|p1a: Chi-Yu\n|-damage|p1a: Chi-Yu|76\/100\n|move|p2a: Grimmsnarl|Sucker Punch|p1a: Chi-Yu\n|-damage|p1a: Chi-Yu|29\/100\n|cant|p1a: Chi-Yu|flinch\n|move|p1b: Iron Hands|Heavy Slam|p2a: Grimmsnarl\n|-supereffective|p2a: Grimmsnarl\n|-damage|p2a: Grimmsnarl|10\/100\n|\n|upkeep\n|turn|2\n|inactive|Nishikinoeriko has 30 seconds left.\n|\n|t:|1700406592\n|switch|p1a: Iron Bundle|Iron Bundle, L50|100\/100\n|-enditem|p1a: Iron Bundle|Booster Energy\n|-activate|p1a: Iron Bundle|ability: Quark Drive|[fromitem]\n|-start|p1a: Iron Bundle|quarkdrivespe\n|move|p2a: Grimmsnarl|Sucker Punch||[still]\n|-fail|p2a: Grimmsnarl\n|move|p1b: Iron Hands|Heavy Slam|p2a: Grimmsnarl\n|-supereffective|p2a: Grimmsnarl\n|-damage|p2a: Grimmsnarl|0 fnt\n|faint|p2a: Grimmsnarl\n|move|p2b: Iron Hands|Drain Punch|p1b: Iron Hands\n|-damage|p1b: Iron Hands|70\/100\n|\n|upkeep\n|\n|t:|1700406595\n|switch|p2a: Rillaboom|Rillaboom, L50, F|100\/100\n|-fieldstart|move: Grassy Terrain|[from] ability: Grassy Surge|[of] p2a: Rillaboom\n|turn|3\n|\n|t:|1700406615\n|move|p1a: Iron Bundle|Protect|p1a: Iron Bundle\n|-singleturn|p1a: Iron Bundle|Protect\n|move|p2a: Rillaboom|Fake Out|p1a: Iron Bundle\n|-activate|p1a: Iron Bundle|move: Protect\n|move|p1b: Iron Hands|Drain Punch|p2b: Iron Hands\n|-damage|p2b: Iron Hands|76\/100\n|-heal|p1b: Iron Hands|83\/100|[from] drain|[of] p2b: Iron Hands\n|move|p2b: Iron Hands|Drain Punch|p1b: Iron Hands\n|-damage|p1b: Iron Hands|54\/100\n|-heal|p2b: Iron Hands|90\/100|[from] drain|[of] p1b: Iron Hands\n|\n|-heal|p1b: Iron Hands|60\/100|[from] Grassy Terrain\n|-heal|p2b: Iron Hands|96\/100|[from] Grassy Terrain\n|upkeep\n|turn|4\n|\n|t:|1700406637\n|move|p2a: Rillaboom|Grassy Glide|p1a: Iron Bundle\n|-supereffective|p1a: Iron Bundle\n|-damage|p1a: Iron Bundle|9\/100\n|move|p1a: Iron Bundle|Encore|p2a: Rillaboom\n|-start|p2a: Rillaboom|Encore\n|move|p1b: Iron Hands|Drain Punch|p2b: Iron Hands\n|-damage|p2b: Iron Hands|72\/100\n|-heal|p1b: Iron Hands|72\/100|[from] drain|[of] p2b: Iron Hands\n|move|p2b: Iron Hands|Drain Punch|p1a: Iron Bundle\n|-supereffective|p1a: Iron Bundle\n|-damage|p1a: Iron Bundle|0 fnt\n|-heal|p2b: Iron Hands|75\/100|[from] drain|[of] p1a: Iron Bundle\n|faint|p1a: Iron Bundle\n|-end|p1a: Iron Bundle|Quark Drive|[silent]\n|\n|-heal|p1b: Iron Hands|78\/100|[from] Grassy Terrain\n|-heal|p2b: Iron Hands|81\/100|[from] Grassy Terrain\n|upkeep\n|\n|t:|1700406651\n|switch|p1a: Flutter Mane|Flutter Mane, L50|100\/100\n|turn|5\n|\n|t:|1700406666\n|-end|p2b: Iron Hands|Quark Drive|[silent]\n|switch|p2b: Dondozo|Dondozo, L50, M|100\/100\n|move|p1a: Flutter Mane|Protect|p1a: Flutter Mane\n|-singleturn|p1a: Flutter Mane|Protect\n|move|p2a: Rillaboom|Grassy Glide|p1a: Flutter Mane\n|-activate|p1a: Flutter Mane|move: Protect\n|move|p1b: Iron Hands|Drain Punch|p2a: Rillaboom\n|-damage|p2a: Rillaboom|59\/100\n|-heal|p1b: Iron Hands|96\/100|[from] drain|[of] p2a: Rillaboom\n|\n|-heal|p2a: Rillaboom|65\/100|[from] Grassy Terrain\n|-heal|p1b: Iron Hands|100\/100|[from] Grassy Terrain\n|upkeep\n|turn|6\n|\n|t:|1700406688\n|-end|p1b: Iron Hands|Quark Drive|[silent]\n|switch|p1b: Chi-Yu|Chi-Yu, L50, tera:Fire|29\/100\n|-ability|p1b: Chi-Yu|Beads of Ruin\n|move|p2b: Dondozo|Protect|p2b: Dondozo\n|-singleturn|p2b: Dondozo|Protect\n|move|p2a: Rillaboom|Grassy Glide|p1a: Flutter Mane\n|-enditem|p1a: Flutter Mane|Focus Sash\n|-damage|p1a: Flutter Mane|1\/100\n|move|p1a: Flutter Mane|Moonblast|p2a: Rillaboom\n|-damage|p2a: Rillaboom|0 fnt\n|faint|p2a: Rillaboom\n|\n|-heal|p1a: Flutter Mane|7\/100|[from] Grassy Terrain\n|-heal|p1b: Chi-Yu|35\/100|[from] Grassy Terrain\n|upkeep\n|\n|t:|1700406701\n|switch|p2a: Iron Hands|Iron Hands, L50|81\/100\n|turn|7\n|\n|t:|1700406716\n|-terastallize|p2a: Iron Hands|Fire\n|move|p1a: Flutter Mane|Protect|p1a: Flutter Mane\n|-singleturn|p1a: Flutter Mane|Protect\n|move|p1b: Chi-Yu|Protect|p1b: Chi-Yu\n|-singleturn|p1b: Chi-Yu|Protect\n|move|p2a: Iron Hands|Fake Out|p1b: Chi-Yu\n|-activate|p1b: Chi-Yu|move: Protect\n|move|p2b: Dondozo|Wave Crash|p1a: Flutter Mane\n|-activate|p1a: Flutter Mane|move: Protect\n|\n|-heal|p1a: Flutter Mane|14\/100|[from] Grassy Terrain\n|-heal|p1b: Chi-Yu|41\/100|[from] Grassy Terrain\n|-heal|p2a: Iron Hands|87\/100|[from] Grassy Terrain\n|-fieldend|move: Grassy Terrain\n|upkeep\n|turn|8\n|\n|t:|1700406740\n|move|p2b: Dondozo|Protect|p2b: Dondozo\n|-singleturn|p2b: Dondozo|Protect\n|move|p1a: Flutter Mane|Shadow Ball|p2a: Iron Hands\n|-damage|p2a: Iron Hands|58\/100\n|-unboost|p2a: Iron Hands|spd|1\n|move|p1b: Chi-Yu|Overheat|p2a: Iron Hands\n|-resisted|p2a: Iron Hands\n|-damage|p2a: Iron Hands|0 fnt\n|-unboost|p1b: Chi-Yu|spa|2\n|faint|p2a: Iron Hands\n|-end|p2a: Iron Hands|Quark Drive|[silent]\n|-damage|p1b: Chi-Yu|31\/100|[from] item: Life Orb\n|\n|upkeep\n|turn|9\n|-message|Nishikinoeriko forfeited.\n|\n|win|E.E.E Guzma\n|raw|E.E.E Guzma's rating: 1407 &rarr; <strong>1425<\/strong><br \/>(+18 for winning)\n|raw|Nishikinoeriko's rating: 1372 &rarr; <strong>1354<\/strong><br \/>(-18 for losing)\n|l|\u2606Nishikinoeriko\n","uploadtime":1700406810,"views":6,"p1id":"eeeguzma","p2id":"nishikinoeriko","formatid":"gen9vgc2023regulatione","rating":1354,"private":0,"password":""}