{"id":"gen9vgc2023regulatione-1996874882","p1":"LPSR","p2":"Gennaro Legit VGC","format":"[Gen 9] VGC 2023 Regulation E","log":"|j|\u2606LPSR\n|j|\u2606Gennaro Legit VGC\n|t:|1700738782\n|gametype|doubles\n|player|p1|LPSR|lucas-gen4pt|1426\n|player|p2|Gennaro Legit VGC|youngster-gen4dp|1316\n|teamsize|p1|6\n|teamsize|p2|6\n|gen|9\n|tier|[Gen 9] VGC 2023 Regulation E\n|rated|\n|rule|Species Clause: Limit one of each Pok\u00e9mon\n|rule|Item Clause: Limit one of each item\n|clearpoke\n|poke|p1|Farigiraf, L50, M|\n|poke|p1|Iron Bundle, L50|\n|poke|p1|Iron Hands, L50|\n|poke|p1|Landorus-Therian, L50, M|\n|poke|p1|Rillaboom, L50, F|\n|poke|p1|Heatran, L50, F|\n|poke|p2|Arcanine-Hisui, L50, M|\n|poke|p2|Chien-Pao, L50|\n|poke|p2|Rillaboom, L50, F|\n|poke|p2|Gholdengo, L50|\n|poke|p2|Tornadus, L50, M|\n|poke|p2|Urshifu-*, L50, F|\n|teampreview|4\nGennaro Legit VGC has agreed to open team sheets.\n|inactive|Battle timer is ON: inactive players will automatically lose when time's up. (requested by LPSR)\nLPSR has agreed to open team sheets.\n|inactive|LPSR has 30 seconds left.\n|inactive|Gennaro Legit VGC has 30 seconds left.\n|inactive|LPSR has 20 seconds left.\n|inactive|Gennaro Legit VGC has 20 seconds left.\n|inactive|LPSR has 15 seconds left.\n|inactive|Gennaro Legit VGC has 15 seconds left.\n|\n|t:|1700738840\n|start\n|switch|p1a: Heatran|Heatran, L50, F|100\/100\n|switch|p1b: Rillaboom|Rillaboom, L50, F|100\/100\n|switch|p2a: Gholdengo|Gholdengo, L50|100\/100\n|switch|p2b: Rillaboom|Rillaboom, L50, F|100\/100\n|-fieldstart|move: Grassy Terrain|[from] ability: Grassy Surge|[of] p1b: Rillaboom\n|turn|1\n|\n|t:|1700738857\n|-terastallize|p2a: Gholdengo|Dragon\n|move|p2b: Rillaboom|Fake Out|p1a: Heatran\n|-resisted|p1a: Heatran\n|-damage|p1a: Heatran|94\/100\n|move|p2a: Gholdengo|Nasty Plot|p2a: Gholdengo\n|-boost|p2a: Gholdengo|spa|2\n|move|p1b: Rillaboom|U-turn|p2a: Gholdengo\n|-damage|p2a: Gholdengo|78\/100\n|\n|t:|1700738869\n|switch|p1b: Iron Hands|Iron Hands, L50|100\/100|[from] U-turn\n|cant|p1a: Heatran|flinch\n|\n|-heal|p2a: Gholdengo|84\/100|[from] Grassy Terrain\n|-heal|p2a: Gholdengo|90\/100|[from] item: Leftovers\n|-heal|p1a: Heatran|99\/100|[from] Grassy Terrain\n|upkeep\n|turn|2\n|\n|t:|1700738887\n|switch|p2b: Arcanine|Arcanine-Hisui, L50, M, shiny|100\/100\n|-ability|p2b: Arcanine|Intimidate|boost\n|-unboost|p1a: Heatran|atk|1\n|-fail|p1b: Iron Hands|unboost|[from] item: Clear Amulet|[of] p1b: Iron Hands\n|move|p2a: Gholdengo|Protect|p2a: Gholdengo\n|-singleturn|p2a: Gholdengo|Protect\n|move|p1a: Heatran|Flash Cannon|p2a: Gholdengo\n|-activate|p2a: Gholdengo|move: Protect\n|move|p1b: Iron Hands|Ice Punch|p2a: Gholdengo\n|-activate|p2a: Gholdengo|move: Protect\n|\n|-heal|p2a: Gholdengo|96\/100|[from] Grassy Terrain\n|-heal|p2a: Gholdengo|100\/100|[from] item: Leftovers\n|-heal|p1a: Heatran|100\/100|[from] Grassy Terrain\n|upkeep\n|turn|3\n|\n|t:|1700738911\n|move|p2b: Arcanine|Extreme Speed|p1b: Iron Hands\n|-damage|p1b: Iron Hands|74\/100\n|move|p2a: Gholdengo|Shadow Ball|p1b: Iron Hands\n|-damage|p1b: Iron Hands|27\/100\n|move|p1a: Heatran|Earth Power|p2b: Arcanine\n|-supereffective|p2b: Arcanine\n|-damage|p2b: Arcanine|0 fnt\n|faint|p2b: Arcanine\n|move|p1b: Iron Hands|Ice Punch|p2a: Gholdengo\n|-supereffective|p2a: Gholdengo\n|-damage|p2a: Gholdengo|54\/100\n|\n|-heal|p2a: Gholdengo|60\/100|[from] Grassy Terrain\n|-heal|p2a: Gholdengo|66\/100|[from] item: Leftovers\n|-heal|p1b: Iron Hands|33\/100|[from] Grassy Terrain\n|upkeep\n|\n|t:|1700738927\n|switch|p2b: Urshifu|Urshifu-Rapid-Strike, L50, F|100\/100\n|turn|4\n|\n|t:|1700738943\n|-end|p1b: Iron Hands|Quark Drive|[silent]\n|switch|p1b: Rillaboom|Rillaboom, L50, F|100\/100\n|-terastallize|p1a: Heatran|Grass\n|move|p2b: Urshifu|Surging Strikes|p1b: Rillaboom\n|-resisted|p1b: Rillaboom\n|-crit|p1b: Rillaboom\n|-damage|p1b: Rillaboom|88\/100\n|-resisted|p1b: Rillaboom\n|-crit|p1b: Rillaboom\n|-damage|p1b: Rillaboom|76\/100\n|-resisted|p1b: Rillaboom\n|-crit|p1b: Rillaboom\n|-damage|p1b: Rillaboom|64\/100\n|-hitcount|p1b: Rillaboom|3\n|move|p2a: Gholdengo|Make It Rain|p1a: Heatran|[spread] p1a,p1b\n|-damage|p1a: Heatran|55\/100\n|-damage|p1b: Rillaboom|0 fnt\n|-unboost|p2a: Gholdengo|spa|1\n|faint|p1b: Rillaboom\n|move|p1a: Heatran|Tera Blast|p2b: Urshifu|[anim] Tera Blast Grass\n|-supereffective|p2b: Urshifu\n|-damage|p2b: Urshifu|0 fnt\n|faint|p2b: Urshifu\n|\n|-heal|p2a: Gholdengo|71\/100|[from] Grassy Terrain\n|-heal|p2a: Gholdengo|77\/100|[from] item: Leftovers\n|-heal|p1a: Heatran|61\/100|[from] Grassy Terrain\n|upkeep\n|\n|t:|1700738967\n|switch|p2b: Rillaboom|Rillaboom, L50, F|100\/100\n|switch|p1b: Landorus|Landorus-Therian, L50, M|100\/100\n|-ability|p1b: Landorus|Intimidate|boost\n|-unboost|p2a: Gholdengo|atk|1\n|-unboost|p2b: Rillaboom|atk|1\n|turn|5\n|inactive|Gennaro Legit VGC has 30 seconds left.\n|\n|t:|1700738993\n|move|p1b: Landorus|U-turn|p2b: Rillaboom\n|-supereffective|p2b: Rillaboom\n|-crit|p2b: Rillaboom\n|-damage|p2b: Rillaboom|25\/100\n|\n|t:|1700738996\n|switch|p1b: Iron Hands|Iron Hands, L50|33\/100|[from] U-turn\n|move|p2a: Gholdengo|Nasty Plot|p2a: Gholdengo\n|-boost|p2a: Gholdengo|spa|2\n|move|p1a: Heatran|Heat Wave|p2a: Gholdengo|[spread] p2a,p2b\n|-resisted|p2a: Gholdengo\n|-supereffective|p2b: Rillaboom\n|-damage|p2a: Gholdengo|58\/100\n|-damage|p2b: Rillaboom|0 fnt\n|faint|p2b: Rillaboom\n|\n|-heal|p2a: Gholdengo|63\/100|[from] Grassy Terrain\n|-heal|p2a: Gholdengo|69\/100|[from] item: Leftovers\n|-heal|p1a: Heatran|68\/100|[from] Grassy Terrain\n|-heal|p1b: Iron Hands|39\/100|[from] Grassy Terrain\n|-fieldend|move: Grassy Terrain\n|upkeep\n|turn|6\n|\n|t:|1700739017\n|move|p2a: Gholdengo|Make It Rain|p1b: Iron Hands|[spread] p1a,p1b\n|-resisted|p1b: Iron Hands\n|-damage|p1a: Heatran|9\/100\n|-damage|p1b: Iron Hands|3\/100\n|-unboost|p2a: Gholdengo|spa|1\n|move|p1a: Heatran|Flash Cannon|p2a: Gholdengo\n|-damage|p2a: Gholdengo|26\/100\n|move|p1b: Iron Hands|Ice Punch|p2a: Gholdengo\n|-supereffective|p2a: Gholdengo\n|-damage|p2a: Gholdengo|0 fnt\n|faint|p2a: Gholdengo\n|\n|win|LPSR\n|raw|LPSR's rating: 1426 &rarr; <strong>1440<\/strong><br \/>(+14 for winning)\n|raw|Gennaro Legit VGC's rating: 1316 &rarr; <strong>1302<\/strong><br \/>(-14 for losing)\n","uploadtime":1700739050,"views":4,"p1id":"lpsr","p2id":"gennarolegitvgc","formatid":"gen9vgc2023regulatione","rating":1302,"private":0,"password":""}