{"id":"gen9vgc2023regulatione-1997863484","p1":"xingshen","p2":"Ceofaruk","format":"[Gen 9] VGC 2023 Regulation E","log":"|j|\u2606xingshen\n|j|\u2606Ceofaruk\n|t:|1700861084\n|gametype|doubles\n|player|p1|xingshen|102|1134\n|player|p2|Ceofaruk|1|1053\n|teamsize|p1|6\n|teamsize|p2|6\n|gen|9\n|tier|[Gen 9] VGC 2023 Regulation E\n|rated|\n|rule|Species Clause: Limit one of each Pok\u00e9mon\n|rule|Item Clause: Limit one of each item\n|clearpoke\n|poke|p1|Dondozo, L50, F|\n|poke|p1|Dragapult, L50, F|\n|poke|p1|Urshifu-*, L50, F|\n|poke|p1|Amoonguss, L50, M|\n|poke|p1|Tatsugiri, L50, M|\n|poke|p1|Ogerpon-Cornerstone, L50, F|\n|poke|p2|Scyther, L50, F|\n|poke|p2|Tyranitar, L50, M|\n|poke|p2|Arcanine-Hisui, L50, F|\n|poke|p2|Gastrodon, L50, F|\n|poke|p2|Quaquaval, L50, F|\n|poke|p2|Rillaboom, L50, M|\n|teampreview|4\n|inactive|Battle timer is ON: inactive players will automatically lose when time's up. (requested by Ceofaruk)\n|\n|t:|1700861126\n|start\n|switch|p1a: Dondozo|Dondozo, L50, F|100\/100\n|switch|p1b: Urshifu|Urshifu, L50, F|100\/100\n|switch|p2a: Gastrodon|Gastrodon, L50, F|100\/100\n|switch|p2b: Rillaboom|Rillaboom, L50, M|100\/100\n|-fieldstart|move: Grassy Terrain|[from] ability: Grassy Surge|[of] p2b: Rillaboom\n|turn|1\n|inactive|xingshen has 30 seconds left.\n|\n|t:|1700861156\n|move|p1a: Dondozo|Protect|p1a: Dondozo\n|-singleturn|p1a: Dondozo|Protect\n|move|p2b: Rillaboom|Fake Out|p1b: Urshifu\n|-crit|p1b: Urshifu\n|-damage|p1b: Urshifu|79\/100\n|cant|p1b: Urshifu|flinch\n|move|p2a: Gastrodon|Yawn|p1a: Dondozo\n|-activate|p1a: Dondozo|move: Protect\n|\n|-heal|p1b: Urshifu|86\/100|[from] Grassy Terrain\n|upkeep\n|turn|2\n|inactive|xingshen has 30 seconds left.\n|inactive|Ceofaruk has 30 seconds left.\n|inactive|xingshen has 20 seconds left.\n|inactive|xingshen has 15 seconds left.\n|inactive|xingshen has 10 seconds left.\n|inactive|Ceofaruk has 20 seconds left.\n|inactive|Ceofaruk has 15 seconds left.\n|\n|t:|1700861206\n|-terastallize|p1a: Dondozo|Fire\n|move|p1b: Urshifu|Wicked Blow|p2a: Gastrodon\n|-crit|p2a: Gastrodon\n|-damage|p2a: Gastrodon|41\/100\n|move|p2b: Rillaboom|Wood Hammer|p1a: Dondozo\n|-resisted|p1a: Dondozo\n|-damage|p1a: Dondozo|76\/100\n|-damage|p2b: Rillaboom|90\/100|[from] Recoil\n|move|p1a: Dondozo|Yawn|p2a: Gastrodon\n|-start|p2a: Gastrodon|move: Yawn|[of] p1a: Dondozo\n|move|p2a: Gastrodon|Yawn|p1a: Dondozo\n|-start|p1a: Dondozo|move: Yawn|[of] p2a: Gastrodon\n|\n|-heal|p1b: Urshifu|92\/100|[from] Grassy Terrain\n|-heal|p2b: Rillaboom|96\/100|[from] Grassy Terrain\n|-heal|p1a: Dondozo|82\/100|[from] Grassy Terrain\n|-heal|p2a: Gastrodon|47\/100|[from] Grassy Terrain\n|-heal|p2a: Gastrodon|53\/100|[from] item: Leftovers\n|upkeep\n|turn|3\n|inactive|xingshen has 30 seconds left.\n|inactive|Ceofaruk has 30 seconds left.\n|inactive|xingshen has 20 seconds left.\n|\n|t:|1700861241\n|switch|p1a: Ogerpon|Ogerpon-Cornerstone, L50, F|100\/100\n|switch|p2a: Quaquaval|Quaquaval, L50, F|100\/100\n|move|p1b: Urshifu|Wicked Blow|p2b: Rillaboom\n|-crit|p2b: Rillaboom\n|-damage|p2b: Rillaboom|35\/100\n|-enditem|p2b: Rillaboom|Sitrus Berry|[eat]\n|-heal|p2b: Rillaboom|60\/100|[from] item: Sitrus Berry\n|move|p2b: Rillaboom|Wood Hammer|p1b: Urshifu\n|-damage|p1b: Urshifu|4\/100\n|-damage|p2b: Rillaboom|35\/100|[from] Recoil\n|\n|-heal|p1b: Urshifu|11\/100|[from] Grassy Terrain\n|-heal|p2b: Rillaboom|41\/100|[from] Grassy Terrain\n|upkeep\n|turn|4\n|inactive|xingshen has 30 seconds left.\n|inactive|Ceofaruk has 30 seconds left.\n|inactive|Ceofaruk has 20 seconds left.\n|inactive|Ceofaruk has 15 seconds left.\n|\n|t:|1700861285\n|-terastallize|p2a: Quaquaval|Fire\n|move|p1b: Urshifu|Sucker Punch|p2b: Rillaboom\n|-damage|p2b: Rillaboom|0 fnt\n|faint|p2b: Rillaboom\n|move|p1a: Ogerpon|Horn Leech|p2a: Quaquaval\n|-resisted|p2a: Quaquaval\n|-damage|p2a: Quaquaval|67\/100\n|move|p2a: Quaquaval|Aqua Step|p1b: Urshifu\n|-damage|p1b: Urshifu|0 fnt\n|-boost|p2a: Quaquaval|spe|1\n|faint|p1b: Urshifu\n|-ability|p2a: Quaquaval|Moxie|boost\n|-boost|p2a: Quaquaval|atk|1\n|\n|-heal|p2a: Quaquaval|73\/100|[from] Grassy Terrain\n|upkeep\n|\n|t:|1700861306\n|switch|p1b: Dondozo|Dondozo, L50, F, tera:Fire|82\/100\n|switch|p2b: Arcanine|Arcanine-Hisui, L50, F|100\/100\n|-ability|p2b: Arcanine|Intimidate|boost\n|-unboost|p1a: Ogerpon|atk|1\n|-fail|p1b: Dondozo|unboost|Attack|[from] ability: Oblivious|[of] p1b: Dondozo\n|turn|5\n|inactive|xingshen has 30 seconds left.\n|\n|t:|1700861335\n|switch|p1a: Tatsugiri|Tatsugiri, L50, M|100\/100\n|-activate|p1a: Tatsugiri|ability: Commander|[of] p1b: Dondozo\n|-boost|p1b: Dondozo|atk|2\n|-boost|p1b: Dondozo|spa|2\n|-boost|p1b: Dondozo|spe|2\n|-boost|p1b: Dondozo|def|2\n|-boost|p1b: Dondozo|spd|2\n|move|p2a: Quaquaval|Aqua Step|p1a: Tatsugiri|[miss]\n|-miss|p2a: Quaquaval|p1a: Tatsugiri\n|move|p2b: Arcanine|Rock Slide|p1a: Tatsugiri|[spread] p1b\n|-miss|p2b: Arcanine|p1a: Tatsugiri\n|-supereffective|p1b: Dondozo\n|-damage|p1b: Dondozo|58\/100\n|-enditem|p1b: Dondozo|Weakness Policy\n|-boost|p1b: Dondozo|atk|2|[from] item: Weakness Policy\n|-boost|p1b: Dondozo|spa|2|[from] item: Weakness Policy\n|move|p1b: Dondozo|Earthquake|p2b: Arcanine|[spread] p2a,p2b\n|-miss|p1b: Dondozo|p1a: Tatsugiri\n|-supereffective|p2a: Quaquaval\n|-supereffective|p2b: Arcanine\n|-damage|p2a: Quaquaval|8\/100\n|-damage|p2b: Arcanine|0 fnt\n|faint|p2b: Arcanine\n|\n|-heal|p2a: Quaquaval|14\/100|[from] Grassy Terrain\n|-heal|p1b: Dondozo|64\/100|[from] Grassy Terrain\n|-fieldend|move: Grassy Terrain\n|upkeep\n|\n|t:|1700861360\n|switch|p2b: Gastrodon|Gastrodon, L50, F|53\/100\n|turn|6\n|\n|t:|1700861372\n|move|p2a: Quaquaval|Aqua Step|p2b: Gastrodon\n|-activate|p2b: Gastrodon|ability: Storm Drain\n|-ability|p2b: Gastrodon|Storm Drain|boost\n|-boost|p2b: Gastrodon|spa|1\n|move|p1b: Dondozo|Earthquake|p2b: Gastrodon|[spread] p2a,p2b\n|-miss|p1b: Dondozo|p1a: Tatsugiri\n|-supereffective|p2a: Quaquaval\n|-damage|p2a: Quaquaval|0 fnt\n|-damage|p2b: Gastrodon|0 fnt\n|faint|p2a: Quaquaval\n|faint|p2b: Gastrodon\n|\n|win|xingshen\n|raw|xingshen's rating: 1134 &rarr; <strong>1153<\/strong><br \/>(+19 for winning)\n|raw|Ceofaruk's rating: 1053 &rarr; <strong>1039<\/strong><br \/>(-14 for losing)\n|l|\u2606Ceofaruk\n","uploadtime":1700861387,"views":7,"p1id":"xingshen","p2id":"ceofaruk","formatid":"gen9vgc2023regulatione","rating":1039,"private":0,"password":""}