{"id":"gen9vgc2023regulatione-1999276600","p1":"J4ce","p2":"BOhm11","format":"[Gen 9] VGC 2023 Regulation E","log":"|j|\u2606J4ce\n|j|\u2606BOhm11\n|n|\u2606J4ce|j4ce\n|n|\u2606BOhm11|bohm11\n|html|View the match progress at <a href=\"\/game-bestof3-gen9vgc2023regulatione-1999276599\">game-bestof3-gen9vgc2023regulatione-1999276599<\/a>\n|t:|1701053983\n|gametype|doubles\n|player|p1|J4ce|sordward|\n|player|p2|BOhm11|169|\n|teamsize|p1|6\n|teamsize|p2|6\n|gen|9\n|tier|[Gen 9] VGC 2023 Regulation E\n|rule|Species Clause: Limit one of each Pok\u00e9mon\n|rule|Item Clause: Limit one of each item\n|clearpoke\n|poke|p1|Roaring Moon, L50|\n|poke|p1|Scizor, L50, M|\n|poke|p1|Weezing-Galar, L50, F|\n|poke|p1|Slaking, L50, M|\n|poke|p1|Delphox, L50, F|\n|poke|p1|Avalugg-Hisui, L50, F|\n|poke|p2|Fezandipiti, L50, M|\n|poke|p2|Iron Bundle, L50|\n|poke|p2|Slowking, L50, F|\n|poke|p2|Sandslash-Alola, L50, F|\n|poke|p2|Baxcalibur, L50, F|\n|poke|p2|Abomasnow, L50, M|\n|teampreview|4\n|c|\u2606BOhm11|g1 glhf!\n|c|\u2606J4ce|glhf!\n|j| JDBspectator\n|j| sucabaVGC\n|c|\u2606BOhm11|ooo we've got spectators\n|j| BBRAFF\n|\n|t:|1701054129\n|start\n|switch|p1a: Aizawa|Weezing-Galar, L50, F|100\/100\n|switch|p1b: Baloo|Slaking, L50, M|100\/100\n|switch|p2a: Iron Bundle|Iron Bundle, L50|100\/100\n|switch|p2b: Abomasnow|Abomasnow, L50, M|100\/100\n|-ability|p1a: Aizawa|Neutralizing Gas\n|-block|p2b: Abomasnow|item: Ability Shield\n|-weather|Snow|[from] ability: Snow Warning|[of] p2b: Abomasnow\n|-enditem|p2a: Iron Bundle|Booster Energy\n|-activate|p2a: Iron Bundle|ability: Quark Drive|[fromitem]\n|-start|p2a: Iron Bundle|quarkdrivespe\n|turn|1\n|\n|t:|1701054208\n|-terastallize|p1b: Baloo|Electric\n|move|p2a: Iron Bundle|Freeze-Dry|p1b: Baloo\n|-damage|p1b: Baloo|74\/100\n|move|p1b: Baloo|Wild Charge|p2a: Iron Bundle\n|-supereffective|p2a: Iron Bundle\n|-damage|p2a: Iron Bundle|15\/100\n|-damage|p1b: Baloo|60\/100|[from] Recoil\n|move|p1a: Aizawa|Dazzling Gleam|p2b: Abomasnow|[spread] p2a,p2b\n|-crit|p2b: Abomasnow\n|-damage|p2a: Iron Bundle|0 fnt\n|-damage|p2b: Abomasnow|72\/100\n|faint|p2a: Iron Bundle\n|-end|p2a: Iron Bundle|Quark Drive|[silent]\n|move|p2b: Abomasnow|Aurora Veil|p2b: Abomasnow\n|-sidestart|p2: BOhm11|move: Aurora Veil\n|\n|-weather|Snow|[upkeep]\n|upkeep\n|c|\u2606BOhm11|lol I knew it\n|\n|t:|1701054229\n|switch|p2a: Scarf Season|Fezandipiti, L50, M|100\/100\n|turn|2\n|c|\u2606BOhm11|I told heaven during prep\n|c|\u2606J4ce|Y'all were preppin together?\n|c|\u2606J4ce|Damn\n|c|\u2606J4ce|I should've asked someone for help\n|c|\u2606J4ce|2 brains vs 1 is messed up\n|c|\u2606BOhm11|lmao\n|c|\u2606J4ce|Jk jk\n|\n|t:|1701054304\n|move|p1b: Baloo|Fire Punch|p2b: Abomasnow\n|-supereffective|p2b: Abomasnow\n|-damage|p2b: Abomasnow|15\/100\n|move|p2a: Scarf Season|Charm|p1b: Baloo\n|-unboost|p1b: Baloo|atk|2\n|move|p1a: Aizawa|Dazzling Gleam|p2a: Scarf Season|[spread] p2a,p2b\n|-resisted|p2a: Scarf Season\n|-damage|p2a: Scarf Season|96\/100\n|-damage|p2b: Abomasnow|2\/100\n|move|p2b: Abomasnow|Blizzard|p1a: Aizawa|[spread] p1a,p1b\n|-crit|p1a: Aizawa\n|-damage|p1a: Aizawa|50\/100\n|-damage|p1b: Baloo|36\/100\n|-enditem|p1a: Aizawa|Sitrus Berry|[eat]\n|-heal|p1a: Aizawa|75\/100|[from] item: Sitrus Berry\n|\n|-weather|Snow|[upkeep]\n|-heal|p2a: Scarf Season|100\/100|[from] item: Leftovers\n|upkeep\n|turn|3\n|\n|t:|1701054339\n|-terastallize|p2a: Scarf Season|Fire\n|move|p1b: Baloo|Fire Punch|p2b: Abomasnow\n|-supereffective|p2b: Abomasnow\n|-damage|p2b: Abomasnow|0 fnt\n|faint|p2b: Abomasnow\n|move|p2a: Scarf Season|Heat Wave|p1b: Baloo|[spread] p1a,p1b\n|-damage|p1a: Aizawa|54\/100\n|-damage|p1b: Baloo|19\/100\n|move|p1a: Aizawa|Taunt|p2a: Scarf Season\n|-start|p2a: Scarf Season|move: Taunt\n|\n|-weather|Snow|[upkeep]\n|upkeep\n|\n|t:|1701054349\n|switch|p2b: Baxcalibur|Baxcalibur, L50, F|100\/100\n|turn|4\n|l| BBRAFF\n|\n|t:|1701054438\n|move|p1b: Baloo|Wild Charge|p2a: Scarf Season\n|-damage|p2a: Scarf Season|80\/100\n|-damage|p1b: Baloo|15\/100|[from] Recoil\n|move|p2a: Scarf Season|Heat Wave|p1b: Baloo|[spread] p1a,p1b\n|-crit|p1b: Baloo\n|-damage|p1a: Aizawa|34\/100\n|-damage|p1b: Baloo|0 fnt\n|faint|p1b: Baloo\n|move|p2b: Baxcalibur|Iron Head|p1a: Aizawa\n|-supereffective|p1a: Aizawa\n|-damage|p1a: Aizawa|0 fnt\n|faint|p1a: Aizawa\n|-end|p1a: Aizawa|ability: Neutralizing Gas\n|\n|-weather|Snow|[upkeep]\n|-heal|p2a: Scarf Season|87\/100|[from] item: Leftovers\n|upkeep\n|\n|t:|1701054449\n|switch|p1b: Toothless|Roaring Moon, L50|100\/100\n|switch|p1a: Iron Man|Scizor, L50, M|100\/100\n|-enditem|p1b: Toothless|Booster Energy\n|-activate|p1b: Toothless|ability: Protosynthesis|[fromitem]\n|-start|p1b: Toothless|protosynthesisatk\n|turn|5\n|j| Prof. Mismag\n|\n|t:|1701054518\n|move|p1a: Iron Man|Bullet Punch|p2b: Baxcalibur\n|-supereffective|p2b: Baxcalibur\n|-damage|p2b: Baxcalibur|64\/100\n|move|p1b: Toothless|Dragon Claw|p2b: Baxcalibur\n|-supereffective|p2b: Baxcalibur\n|-damage|p2b: Baxcalibur|20\/100\n|move|p2a: Scarf Season|Heat Wave|p1a: Iron Man|[spread] p1a,p1b\n|-supereffective|p1a: Iron Man\n|-resisted|p1b: Toothless\n|-damage|p1a: Iron Man|0 fnt\n|-damage|p1b: Toothless|91\/100\n|-status|p1b: Toothless|brn\n|faint|p1a: Iron Man\n|move|p2b: Baxcalibur|Glaive Rush|p1b: Toothless\n|-supereffective|p1b: Toothless\n|-damage|p1b: Toothless|0 fnt\n|-singlemove|p2b: Baxcalibur|Glaive Rush|[silent]\n|faint|p1b: Toothless\n|-end|p1b: Toothless|Protosynthesis|[silent]\n|\n|win|BOhm11\n|c|\u2606J4ce|gg!\n|c|\u2606BOhm11|gg!\n|inactive|J4ce has 50 seconds to confirm battle start!\n|inactive|BOhm11 has 50 seconds to confirm battle start!\n|c|&|\/uhtml prompt-j4ce,J4ce is ready for game 2!\n|c|&|\/uhtml prompt-bohm11,BOhm11 is ready for game 2!\nBoth players are ready! Starting next match!\n|l| Prof. Mismag\n|j| BBRAFF\n|j| Tuxmux\n|j| Smsy9\n|l| BBRAFF\n|l| Smsy9\n|l|\u2606J4ce\n|l| Tuxmux\n","uploadtime":1701054914,"views":54,"p1id":"j4ce","p2id":"bohm11","formatid":"gen9vgc2023regulatione","rating":0,"private":0,"password":""}