{"id":"gen9vgc2023regulatione-1994904130","p1":"FozzieBozzie","p2":"huffingkoffinggas","format":"[Gen 9] VGC 2023 Regulation E","log":"|j|\u2606FozzieBozzie\n|j|\u2606huffingkoffinggas\n|t:|1700503320\n|gametype|doubles\n|player|p1|FozzieBozzie|lucas|1293\n|player|p2|huffingkoffinggas|medium|1235\n|teamsize|p1|6\n|teamsize|p2|6\n|gen|9\n|tier|[Gen 9] VGC 2023 Regulation E\n|rated|\n|rule|Species Clause: Limit one of each Pok\u00e9mon\n|rule|Item Clause: Limit one of each item\n|clearpoke\n|poke|p1|Cresselia, L50, F|\n|poke|p1|Ursaluna-Bloodmoon, L50, M|\n|poke|p1|Ogerpon-Hearthflame, L50, F|\n|poke|p1|Iron Hands, L50|\n|poke|p1|Sinistcha-Masterpiece, L50|\n|poke|p1|Hatterene, L50, F|\n|poke|p2|Ursaluna-Bloodmoon, L50, M|\n|poke|p2|Iron Bundle, L50|\n|poke|p2|Sableye, L50, M|\n|poke|p2|Landorus, L50, M|\n|poke|p2|Tyranitar, L50, M|\n|poke|p2|Sinistcha-Masterpiece, L50|\n|teampreview|4\n|inactive|Battle timer is ON: inactive players will automatically lose when time's up. (requested by huffingkoffinggas)\n|\n|t:|1700503350\n|start\n|switch|p1a: Cresselia|Cresselia, L50, F|100\/100\n|switch|p1b: Iron Hands|Iron Hands, L50|100\/100\n|switch|p2a: Landorus|Landorus, L50, M|100\/100\n|switch|p2b: Sinistcha|Sinistcha-Masterpiece, L50|100\/100\n|turn|1\n|\n|t:|1700503368\n|move|p2a: Landorus|Protect|p2a: Landorus\n|-singleturn|p2a: Landorus|Protect\n|move|p1b: Iron Hands|Fake Out|p2a: Landorus\n|-activate|p2a: Landorus|move: Protect\n|move|p2b: Sinistcha|Calm Mind|p2b: Sinistcha\n|-boost|p2b: Sinistcha|spa|1\n|-boost|p2b: Sinistcha|spd|1\n|move|p1a: Cresselia|Trick Room|p1a: Cresselia\n|-fieldstart|move: Trick Room|[of] p1a: Cresselia\n|\n|upkeep\n|turn|2\n|inactive|FozzieBozzie has 30 seconds left.\n|inactive|huffingkoffinggas has 30 seconds left.\n|inactive|FozzieBozzie has 20 seconds left.\n|\n|t:|1700503404\n|move|p2b: Sinistcha|Rage Powder|p2b: Sinistcha\n|-singleturn|p2b: Sinistcha|move: Rage Powder\n|move|p1b: Iron Hands|Drain Punch|p2b: Sinistcha\n|-immune|p2b: Sinistcha\n|move|p1a: Cresselia|Psychic|p2b: Sinistcha\n|-damage|p2b: Sinistcha|83\/100\n|-unboost|p2b: Sinistcha|spd|1\n|move|p2a: Landorus|Hammer Arm|p1b: Iron Hands\n|-damage|p1b: Iron Hands|70\/100\n|-unboost|p2a: Landorus|spe|1\n|-damage|p2a: Landorus|91\/100|[from] item: Life Orb\n|\n|upkeep\n|turn|3\n|inactive|FozzieBozzie has 30 seconds left.\n|\n|t:|1700503439\n|move|p1b: Iron Hands|Drain Punch|p2a: Landorus\n|-resisted|p2a: Landorus\n|-damage|p2a: Landorus|62\/100\n|-heal|p1b: Iron Hands|79\/100|[from] drain|[of] p2a: Landorus\n|move|p2b: Sinistcha|Matcha Gotcha|p1b: Iron Hands|[spread] p1a,p1b\n|-damage|p1a: Cresselia|73\/100\n|-heal|p2b: Sinistcha|99\/100|[from] drain|[of] p1a: Cresselia\n|-damage|p1b: Iron Hands|55\/100\n|-heal|p2b: Sinistcha|100\/100|[from] drain|[of] p1b: Iron Hands\n|move|p1a: Cresselia|Psychic|p2b: Sinistcha\n|-damage|p2b: Sinistcha|72\/100\n|move|p2a: Landorus|Hammer Arm|p1b: Iron Hands|[miss]\n|-miss|p2a: Landorus|p1b: Iron Hands\n|\n|-heal|p1a: Cresselia|79\/100|[from] item: Leftovers\n|upkeep\n|turn|4\n|inactive|FozzieBozzie has 30 seconds left.\n|inactive|huffingkoffinggas has 30 seconds left.\n|\n|t:|1700503466\n|switch|p1a: Sinistcha|Sinistcha-Masterpiece, L50|100\/100\n|-heal|p1b: Iron Hands|80\/100|[from] ability: Hospitality|[of] p1a: Sinistcha\n|move|p2b: Sinistcha|Rage Powder|p2b: Sinistcha\n|-singleturn|p2b: Sinistcha|move: Rage Powder\n|move|p1b: Iron Hands|Drain Punch|p2b: Sinistcha\n|-immune|p2b: Sinistcha\n|move|p2a: Landorus|Hammer Arm|p1b: Iron Hands\n|-damage|p1b: Iron Hands|52\/100\n|-unboost|p2a: Landorus|spe|1\n|-damage|p2a: Landorus|53\/100|[from] item: Life Orb\n|\n|upkeep\n|turn|5\n|inactive|huffingkoffinggas has 30 seconds left.\n|\n|t:|1700503492\n|switch|p2a: Tyranitar|Tyranitar, L50, M|100\/100\n|-weather|Sandstorm|[from] ability: Sand Stream|[of] p2a: Tyranitar\n|move|p1b: Iron Hands|Wild Charge|p2b: Sinistcha\n|-resisted|p2b: Sinistcha\n|-damage|p2b: Sinistcha|44\/100\n|-damage|p1b: Iron Hands|35\/100|[from] item: Rocky Helmet|[of] p2b: Sinistcha\n|-damage|p1b: Iron Hands|31\/100|[from] Recoil\n|move|p2b: Sinistcha|Calm Mind|p2b: Sinistcha\n|-boost|p2b: Sinistcha|spa|1\n|-boost|p2b: Sinistcha|spd|1\n|move|p1a: Sinistcha|Matcha Gotcha|p2a: Tyranitar|[spread] p2a,p2b\n|-supereffective|p2a: Tyranitar\n|-resisted|p2b: Sinistcha\n|-damage|p2a: Tyranitar|82\/100\n|-damage|p2b: Sinistcha|37\/100\n|\n|-weather|Sandstorm|[upkeep]\n|-damage|p1b: Iron Hands|25\/100|[from] Sandstorm\n|-damage|p2b: Sinistcha|31\/100|[from] Sandstorm\n|-damage|p1a: Sinistcha|94\/100|[from] Sandstorm\n|-fieldend|move: Trick Room\n|upkeep\n|turn|6\n|inactive|FozzieBozzie has 30 seconds left.\n|inactive|huffingkoffinggas has 30 seconds left.\n|\n|t:|1700503517\n|-terastallize|p2a: Tyranitar|Psychic\n|move|p1a: Sinistcha|Matcha Gotcha|p2b: Sinistcha|[spread] p2a,p2b\n|-resisted|p2b: Sinistcha\n|-damage|p2a: Tyranitar|66\/100\n|-heal|p1a: Sinistcha|100\/100|[from] drain|[of] p2a: Tyranitar\n|-damage|p2b: Sinistcha|22\/100\n|move|p2b: Sinistcha|Matcha Gotcha|p1a: Sinistcha|[spread] p1a,p1b\n|-resisted|p1a: Sinistcha\n|-damage|p1a: Sinistcha|74\/100\n|-heal|p2b: Sinistcha|36\/100|[from] drain|[of] p1a: Sinistcha\n|-damage|p1b: Iron Hands|0 fnt\n|-heal|p2b: Sinistcha|54\/100|[from] drain|[of] p1b: Iron Hands\n|faint|p1b: Iron Hands\n|-end|p1b: Iron Hands|Quark Drive|[silent]\n|move|p2a: Tyranitar|Tera Blast|p1a: Sinistcha|[anim] Tera Blast Psychic\n|-damage|p1a: Sinistcha|38\/100\n|\n|-weather|Sandstorm|[upkeep]\n|-damage|p1a: Sinistcha|32\/100|[from] Sandstorm\n|-damage|p2b: Sinistcha|48\/100|[from] Sandstorm\n|-damage|p2a: Tyranitar|60\/100|[from] Sandstorm\n|upkeep\n|inactive|FozzieBozzie has 30 seconds left.\n|\n|t:|1700503548\n|switch|p1b: Ursaluna|Ursaluna-Bloodmoon, L50, M|100\/100\n|turn|7\n|\n|t:|1700503565\n|move|p1b: Ursaluna|Blood Moon|p2b: Sinistcha\n|-damage|p2b: Sinistcha|0 fnt\n|faint|p2b: Sinistcha\n|-damage|p1b: Ursaluna|90\/100|[from] item: Life Orb\n|move|p2a: Tyranitar|Knock Off|p1b: Ursaluna\n|-damage|p1b: Ursaluna|59\/100\n|-enditem|p1b: Ursaluna|Life Orb|[from] move: Knock Off|[of] p2a: Tyranitar\n|move|p1a: Sinistcha|Trick Room|p1a: Sinistcha\n|-fieldstart|move: Trick Room|[of] p1a: Sinistcha\n|\n|-weather|Sandstorm|[upkeep]\n|-damage|p2a: Tyranitar|54\/100|[from] Sandstorm\n|-damage|p1a: Sinistcha|26\/100|[from] Sandstorm\n|upkeep\n|\n|t:|1700503578\n|switch|p2b: Ursaluna|Ursaluna-Bloodmoon, L50, M|100\/100\n|turn|8\n|\n|t:|1700503596\n|-terastallize|p1b: Ursaluna|Water\n|move|p1a: Sinistcha|Rage Powder|p1a: Sinistcha\n|-singleturn|p1a: Sinistcha|move: Rage Powder\n|move|p2b: Ursaluna|Hyper Voice|p1b: Ursaluna|[spread] p1a,p1b\n|-damage|p1a: Sinistcha|0 fnt\n|-damage|p1b: Ursaluna|12\/100\n|faint|p1a: Sinistcha\n|-enditem|p2b: Ursaluna|Throat Spray\n|-boost|p2b: Ursaluna|spa|1|[from] item: Throat Spray\n|move|p2a: Tyranitar|Rock Slide|p1b: Ursaluna\n|-damage|p1b: Ursaluna|0 fnt\n|faint|p1b: Ursaluna\n|\n|-weather|Sandstorm|[upkeep]\n|-damage|p2a: Tyranitar|48\/100|[from] Sandstorm\n|upkeep\n|\n|t:|1700503616\n|switch|p1a: Cresselia|Cresselia, L50, F|79\/100\n|turn|9\n|\n|t:|1700503624\n|move|p2b: Ursaluna|Hyper Voice|p1a: Cresselia\n|-crit|p1a: Cresselia\n|-damage|p1a: Cresselia|8\/100\n|move|p2a: Tyranitar|Knock Off|p1a: Cresselia\n|-supereffective|p1a: Cresselia\n|-damage|p1a: Cresselia|0 fnt\n|-enditem|p1a: Cresselia|Leftovers|[from] move: Knock Off|[of] p2a: Tyranitar\n|faint|p1a: Cresselia\n|\n|win|huffingkoffinggas\n|raw|FozzieBozzie's rating: 1293 &rarr; <strong>1264<\/strong><br \/>(-29 for losing)\n|raw|huffingkoffinggas's rating: 1235 &rarr; <strong>1264<\/strong><br \/>(+29 for winning)\n","uploadtime":1700503631,"views":22,"p1id":"fozziebozzie","p2id":"huffingkoffinggas","formatid":"gen9vgc2023regulatione","rating":1264,"private":0,"password":""}