{"id":"gen9vgc2023regulatione-1991997869","p1":"lu__thewriter","p2":"Superandry","format":"[Gen 9] VGC 2023 Regulation E","log":"|j|\u2606lu__thewriter\n|j|\u2606Superandry\n|t:|1700146341\n|gametype|doubles\n|player|p1|lu__thewriter|101|1289\n|player|p2|Superandry|palmer|1346\n|teamsize|p1|6\n|teamsize|p2|6\n|gen|9\n|tier|[Gen 9] VGC 2023 Regulation E\n|rated|\n|rule|Species Clause: Limit one of each Pok\u00e9mon\n|rule|Item Clause: Limit one of each item\n|clearpoke\n|poke|p1|Urshifu-*, L50, M|\n|poke|p1|Tornadus, L50, M|\n|poke|p1|Chien-Pao, L50|\n|poke|p1|Flutter Mane, L50|\n|poke|p1|Amoonguss, L50, M|\n|poke|p1|Dragonite, L50, M|\n|poke|p2|Heatran, L50, F|\n|poke|p2|Urshifu-*, L50, M|\n|poke|p2|Farigiraf, L50, F|\n|poke|p2|Dragonite, L50, F|\n|poke|p2|Chien-Pao, L50|\n|poke|p2|Rillaboom, L50, F|\n|teampreview|4\n|inactive|Battle timer is ON: inactive players will automatically lose when time's up. (requested by Superandry)\n|inactive|lu__thewriter has 60 seconds left.\n|inactive|Superandry has 60 seconds left.\n|\n|t:|1700146385\n|start\n|switch|p1a: Chien-Pao|Chien-Pao, L50|100\/100\n|switch|p1b: Dragonite|Dragonite, L50, M|100\/100\n|switch|p2a: Chien-Pao|Chien-Pao, L50|100\/100\n|switch|p2b: Dragonite|Dragonite, L50, F|100\/100\n|-ability|p1a: Chien-Pao|Sword of Ruin\n|-ability|p2a: Chien-Pao|Sword of Ruin\n|turn|1\n|inactive|lu__thewriter has 30 seconds left.\n|\n|t:|1700146417\n|switch|p2b: Farigiraf|Farigiraf, L50, F|100\/100\n|-terastallize|p2a: Chien-Pao|Ghost\n|-terastallize|p1b: Dragonite|Normal\n|move|p1b: Dragonite|Extreme Speed||[still]\n|cant|p2b: Farigiraf|ability: Armor Tail|Extreme Speed|[of] p1b: Dragonite\n|move|p2a: Chien-Pao|Sacred Sword|p1b: Dragonite\n|-supereffective|p1b: Dragonite\n|-damage|p1b: Dragonite|14\/100\n|move|p1a: Chien-Pao|Ice Spinner|p2b: Farigiraf\n|-damage|p2b: Farigiraf|54\/100\n|-damage|p1a: Chien-Pao|84\/100|[from] item: Rocky Helmet|[of] p2b: Farigiraf\n|\n|upkeep\n|turn|2\n|inactive|Superandry has 30 seconds left.\n|\n|t:|1700146447\n|switch|p1b: Tornadus|Tornadus, L50, M|100\/100\n|move|p1a: Chien-Pao|Sucker Punch||[still]\n|cant|p2b: Farigiraf|ability: Armor Tail|Sucker Punch|[of] p1a: Chien-Pao\n|move|p2a: Chien-Pao|Sacred Sword|p1a: Chien-Pao\n|-supereffective|p1a: Chien-Pao\n|-damage|p1a: Chien-Pao|0 fnt\n|faint|p1a: Chien-Pao\n|move|p2b: Farigiraf|Psychic|p1b: Tornadus\n|-damage|p1b: Tornadus|51\/100\n|\n|upkeep\n|\n|t:|1700146462\n|switch|p1a: Urshifu|Urshifu-Rapid-Strike, L50, M|100\/100\n|turn|3\n|\n|t:|1700146481\n|switch|p2a: Rillaboom|Rillaboom, L50, F|100\/100\n|-fieldstart|move: Grassy Terrain|[from] ability: Grassy Surge|[of] p2a: Rillaboom\n|move|p1b: Tornadus|Tailwind|p1b: Tornadus\n|-sidestart|p1: lu__thewriter|move: Tailwind\n|move|p1a: Urshifu|Surging Strikes|p2b: Farigiraf\n|-crit|p2b: Farigiraf\n|-damage|p2b: Farigiraf|37\/100\n|-damage|p1a: Urshifu|84\/100|[from] item: Rocky Helmet|[of] p2b: Farigiraf\n|-crit|p2b: Farigiraf\n|-damage|p2b: Farigiraf|21\/100\n|-damage|p1a: Urshifu|68\/100|[from] item: Rocky Helmet|[of] p2b: Farigiraf\n|-crit|p2b: Farigiraf\n|-damage|p2b: Farigiraf|5\/100\n|-damage|p1a: Urshifu|52\/100|[from] item: Rocky Helmet|[of] p2b: Farigiraf\n|-hitcount|p2b: Farigiraf|3\n|move|p2b: Farigiraf|Trick Room|p2b: Farigiraf\n|-fieldstart|move: Trick Room|[of] p2b: Farigiraf\n|\n|-heal|p2b: Farigiraf|11\/100|[from] Grassy Terrain\n|-heal|p1a: Urshifu|58\/100|[from] Grassy Terrain\n|upkeep\n|turn|4\n|inactive|lu__thewriter has 30 seconds left.\n|inactive|Superandry has 30 seconds left.\n|inactive|lu__thewriter has 20 seconds left.\n|inactive|lu__thewriter has 15 seconds left.\n|inactive|lu__thewriter has 10 seconds left.\n|inactive|lu__thewriter has 5 seconds left.\n|\n|t:|1700146536\n|move|p2a: Rillaboom|Fake Out|p1b: Tornadus\n|-damage|p1b: Tornadus|30\/100\n|move|p2b: Farigiraf|Psychic|p1a: Urshifu\n|-supereffective|p1a: Urshifu\n|-damage|p1a: Urshifu|0 fnt\n|faint|p1a: Urshifu\n|move|p1b: Tornadus|Bleakwind Storm|p2a: Rillaboom|[spread] p2a\n|-miss|p1b: Tornadus|p2b: Farigiraf\n|-supereffective|p2a: Rillaboom\n|-damage|p2a: Rillaboom|19\/100\n|\n|-heal|p2b: Farigiraf|17\/100|[from] Grassy Terrain\n|-heal|p2a: Rillaboom|25\/100|[from] Grassy Terrain\n|upkeep\n|\n|t:|1700146551\n|switch|p1a: Dragonite|Dragonite, L50, M, tera:Normal|14\/100\n|turn|5\n|\n|t:|1700146563\n|move|p2b: Farigiraf|Psychic|p1b: Tornadus\n|-damage|p1b: Tornadus|0 fnt\n|faint|p1b: Tornadus\n|move|p2a: Rillaboom|Wood Hammer|p1a: Dragonite\n|-damage|p1a: Dragonite|0 fnt\n|faint|p1a: Dragonite\n|-damage|p2a: Rillaboom|21\/100|[from] Recoil\n|\n|win|Superandry\n|raw|lu__thewriter's rating: 1289 &rarr; <strong>1268<\/strong><br \/>(-21 for losing)\n|raw|Superandry's rating: 1346 &rarr; <strong>1363<\/strong><br \/>(+17 for winning)\n|l|\u2606lu__thewriter\n","uploadtime":1700146581,"views":23,"p1id":"luthewriter","p2id":"superandry","formatid":"gen9vgc2023regulatione","rating":1268,"private":0,"password":""}