{"id":"gen9vgc2023regulatione-1988467997","p1":"MonstaMeatball","p2":"Tessera","format":"[Gen 9] VGC 2023 Regulation E","log":"|j|\u2606MonstaMeatball\n|j|\u2606Tessera\n|n|\u2606MonstaMeatball|monstameatball\n|n|\u2606Tessera|tessera\n|html|View the match progress at <a href=\"\/game-bestof3-gen9vgc2023regulatione-1988467996\">game-bestof3-gen9vgc2023regulatione-1988467996<\/a>\n|t:|1699726125\n|gametype|doubles\n|player|p1|MonstaMeatball|169|\n|player|p2|Tessera|lass-gen4dp|\n|teamsize|p1|6\n|teamsize|p2|6\n|gen|9\n|tier|[Gen 9] VGC 2023 Regulation E\n|rule|Species Clause: Limit one of each Pok\u00e9mon\n|rule|Item Clause: Limit one of each item\n|clearpoke\n|poke|p1|Urshifu-*, L50, M|\n|poke|p1|Tornadus, L50, M|\n|poke|p1|Regidrago, L50|\n|poke|p1|Rillaboom, L50, M|\n|poke|p1|Arcanine-Hisui, L50, F|\n|poke|p1|Gholdengo, L50|\n|poke|p2|Iron Hands, L50|\n|poke|p2|Flutter Mane, L50|\n|poke|p2|Roaring Moon, L50|\n|poke|p2|Amoonguss, L50, M|\n|poke|p2|Heatran, L50, F|\n|poke|p2|Landorus-Therian, L50, M|\n|teampreview|4\n|inactive|Battle timer is ON: inactive players will automatically lose when time's up. (requested by Tessera)\nTessera has agreed to open team sheets.\nMonstaMeatball has agreed to open team sheets.\n|showteam|p1|Urshifu-Rapid-Strike||ChoiceScarf|UnseenFist|SurgingStrikes,CloseCombat,AquaJet,Uturn|||M|||50|,,,,,Poison]Tornadus||RockyHelmet|Prankster|BleakwindStorm,RainDance,Tailwind,Protect|||M|||50|,,,,,Ghost]Regidrago||DragonFang|DragonsMaw|DragonEnergy,DracoMeteor,TeraBlast,Protect||||||50|,,,,,Steel]Rillaboom||AssaultVest|GrassySurge|FakeOut,WoodHammer,HighHorsepower,GrassyGlide|||M|||50|,,,,,Fire]Arcanine-Hisui||SitrusBerry|Intimidate|FlareBlitz,ExtremeSpeed,RockSlide,WillOWisp|||F|||50|,,,,,Water]Gholdengo||LifeOrb|GoodasGold|MakeItRain,ShadowBall,NastyPlot,Protect||||||50|,,,,,Flying\n|showteam|p2|Iron Hands||AssaultVest|QuarkDrive|DrainPunch,WildCharge,VoltSwitch,FakeOut||||||50|,,,,,Water]Flutter Mane||ChoiceSpecs|Protosynthesis|Moonblast,ShadowBall,DazzlingGleam,PerishSong||||||50|,,,,,Fairy]Roaring Moon||BoosterEnergy|Protosynthesis|Acrobatics,KnockOff,DragonDance,Protect||||||50|,,,,,Flying]Amoonguss||RockyHelmet|Regenerator|RagePowder,Spore,PollenPuff,Protect|||M|||50|,,,,,Fire]Heatran||Leftovers|FlashFire|HeatWave,EarthPower,Substitute,Protect|||F|||50|,,,,,Fairy]Landorus-Therian||ChoiceScarf|Intimidate|RockSlide,Uturn,StompingTantrum,TeraBlast|||M|||50|,,,,,Flying\n|inactive|MonstaMeatball has 30 seconds left.\n|inactive|Tessera has 30 seconds left.\n|inactive|MonstaMeatball has 20 seconds left.\n|\n|t:|1699726186\n|start\n|switch|p1a: Kyogai|Rillaboom, L50, M|100\/100\n|switch|p1b: Homura|Arcanine-Hisui, L50, F|100\/100\n|switch|p2a: Iron Hands|Iron Hands, L50|100\/100\n|switch|p2b: Heatran|Heatran, L50, F|100\/100\n|-ability|p1b: Homura|Intimidate|boost\n|-unboost|p2a: Iron Hands|atk|1\n|-unboost|p2b: Heatran|atk|1\n|-fieldstart|move: Grassy Terrain|[from] ability: Grassy Surge|[of] p1a: Kyogai\n|turn|1\n|inactive|MonstaMeatball has 30 seconds left.\n|\n|t:|1699726214\n|-end|p2a: Iron Hands|Quark Drive|[silent]\n|switch|p2a: Amoonguss|Amoonguss, L50, M|100\/100\n|move|p2b: Heatran|Protect|p2b: Heatran\n|-singleturn|p2b: Heatran|Protect\n|move|p1a: Kyogai|Fake Out|p2b: Heatran\n|-activate|p2b: Heatran|move: Protect\n|move|p1b: Homura|Will-O-Wisp|p2a: Amoonguss\n|-status|p2a: Amoonguss|brn\n|\n|-damage|p2a: Amoonguss|95\/100 brn|[from] brn\n|upkeep\n|turn|2\n|inactive|Tessera has 30 seconds left.\n|\n|t:|1699726248\n|switch|p2b: Roaring Moon|Roaring Moon, L50|100\/100\n|-enditem|p2b: Roaring Moon|Booster Energy\n|-activate|p2b: Roaring Moon|ability: Protosynthesis|[fromitem]\n|-start|p2b: Roaring Moon|protosynthesisatk\n|-terastallize|p2a: Amoonguss|Fire\n|move|p1b: Homura|Flare Blitz|p2a: Amoonguss\n|-resisted|p2a: Amoonguss\n|-damage|p2a: Amoonguss|70\/100 brn\n|-damage|p1b: Homura|84\/100|[from] item: Rocky Helmet|[of] p2a: Amoonguss\n|-damage|p1b: Homura|75\/100|[from] Recoil\n|move|p1a: Kyogai|High Horsepower|p2b: Roaring Moon\n|-damage|p2b: Roaring Moon|55\/100\n|move|p2a: Amoonguss|Spore|p1b: Homura\n|-status|p1b: Homura|slp|[from] move: Spore\n|\n|-heal|p2b: Roaring Moon|62\/100|[from] Grassy Terrain\n|-heal|p1b: Homura|81\/100 slp|[from] Grassy Terrain\n|-heal|p2a: Amoonguss|76\/100 brn|[from] Grassy Terrain\n|-damage|p2a: Amoonguss|70\/100 brn|[from] brn\n|upkeep\n|turn|3\n|inactive|MonstaMeatball has 30 seconds left.\n|\n|t:|1699726281\n|switch|p2a: Iron Hands|Iron Hands, L50|100\/100\n|-terastallize|p1a: Kyogai|Fire\n|move|p2b: Roaring Moon|Dragon Dance|p2b: Roaring Moon\n|-boost|p2b: Roaring Moon|atk|1\n|-boost|p2b: Roaring Moon|spe|1\n|cant|p1b: Homura|slp\n|move|p1a: Kyogai|High Horsepower|p2a: Iron Hands\n|-supereffective|p2a: Iron Hands\n|-crit|p2a: Iron Hands\n|-damage|p2a: Iron Hands|25\/100\n|\n|-heal|p2b: Roaring Moon|68\/100|[from] Grassy Terrain\n|-heal|p1b: Homura|87\/100 slp|[from] Grassy Terrain\n|-heal|p2a: Iron Hands|31\/100|[from] Grassy Terrain\n|upkeep\n|turn|4\n|inactive|MonstaMeatball has 30 seconds left.\n|inactive|Tessera has 30 seconds left.\n|\n|t:|1699726306\n|move|p2a: Iron Hands|Fake Out|p1b: Homura\n|-resisted|p1b: Homura\n|-damage|p1b: Homura|80\/100 slp\n|move|p2b: Roaring Moon|Knock Off|p1b: Homura\n|-damage|p1b: Homura|0 fnt\n|-enditem|p1b: Homura|Sitrus Berry|[from] move: Knock Off|[of] p2b: Roaring Moon\n|faint|p1b: Homura\n|move|p1a: Kyogai|High Horsepower|p2a: Iron Hands\n|-supereffective|p2a: Iron Hands\n|-damage|p2a: Iron Hands|0 fnt\n|faint|p2a: Iron Hands\n|-end|p2a: Iron Hands|Quark Drive|[silent]\n|\n|-heal|p2b: Roaring Moon|74\/100|[from] Grassy Terrain\n|upkeep\n|\n|t:|1699726317\n|switch|p1b: Garou|Urshifu-Rapid-Strike, L50, M|100\/100\n|switch|p2a: Amoonguss|Amoonguss, L50, M, tera:Fire|100\/100 brn\n|turn|5\n|\n|t:|1699726326\n|move|p2a: Amoonguss|Rage Powder|p2a: Amoonguss\n|-singleturn|p2a: Amoonguss|move: Rage Powder\n|move|p2b: Roaring Moon|Acrobatics|p1b: Garou\n|-supereffective|p1b: Garou\n|-damage|p1b: Garou|0 fnt\n|faint|p1b: Garou\n|move|p1a: Kyogai|High Horsepower|p2a: Amoonguss\n|-supereffective|p2a: Amoonguss\n|-damage|p2a: Amoonguss|37\/100 brn\n|-damage|p1a: Kyogai|84\/100|[from] item: Rocky Helmet|[of] p2a: Amoonguss\n|\n|-heal|p2b: Roaring Moon|80\/100|[from] Grassy Terrain\n|-heal|p1a: Kyogai|90\/100|[from] Grassy Terrain\n|-heal|p2a: Amoonguss|43\/100 brn|[from] Grassy Terrain\n|-damage|p2a: Amoonguss|37\/100 brn|[from] brn\n|-fieldend|move: Grassy Terrain\n|upkeep\n|\n|t:|1699726333\n|switch|p1b: Chuuni|Regidrago, L50|100\/100\n|turn|6\n|\n|t:|1699726339\n|move|p2a: Amoonguss|Rage Powder|p2a: Amoonguss\n|-singleturn|p2a: Amoonguss|move: Rage Powder\n|move|p2b: Roaring Moon|Knock Off|p1a: Kyogai\n|-damage|p1a: Kyogai|0 fnt\n|-enditem|p1a: Kyogai|Assault Vest|[from] move: Knock Off|[of] p2b: Roaring Moon\n|faint|p1a: Kyogai\n|move|p1b: Chuuni|Draco Meteor|p2a: Amoonguss\n|-crit|p2a: Amoonguss\n|-damage|p2a: Amoonguss|0 fnt\n|-unboost|p1b: Chuuni|spa|2\n|faint|p2a: Amoonguss\n|\n|upkeep\n|\n|t:|1699726347\n|switch|p2a: Heatran|Heatran, L50, F|100\/100\n|turn|7\n|\n|t:|1699726351\n|move|p2b: Roaring Moon|Knock Off|p1b: Chuuni\n|-damage|p1b: Chuuni|0 fnt\n|-enditem|p1b: Chuuni|Dragon Fang|[from] move: Knock Off|[of] p2b: Roaring Moon\n|faint|p1b: Chuuni\n|\n|win|Tessera\n|l|\u2606MonstaMeatball\n|inactive|MonstaMeatball has 50 seconds to confirm battle start!\n|inactive|Tessera has 50 seconds to confirm battle start!\n|inactive|MonstaMeatball has 40 seconds to confirm battle start!\n|inactive|Tessera has 40 seconds to confirm battle start!\n|inactive|MonstaMeatball has 30 seconds to confirm battle start!\n|inactive|Tessera has 30 seconds to confirm battle start!\n|inactive|MonstaMeatball has 20 seconds to confirm battle start!\n|inactive|Tessera has 20 seconds to confirm battle start!\n|inactive|MonstaMeatball has 10 seconds to confirm battle start!\n|inactive|Tessera has 10 seconds to confirm battle start!\nBoth players are ready! Starting next match!\n|j|\u2606MonstaMeatball\n|player|p1|MonstaMeatball|169\n","uploadtime":1699726357,"views":15,"p1id":"monstameatball","p2id":"tessera","formatid":"gen9vgc2023regulatione","rating":0,"private":0,"password":""}