{"id":"gen9vgc2023regulatione-1991804544","p1":"Xumillas","p2":"hsiung1000","format":"[Gen 9] VGC 2023 Regulation E","log":"|j|\u2606Xumillas\n|j|\u2606hsiung1000\n|t:|1700120509\n|gametype|doubles\n|player|p1|Xumillas|1|1242\n|player|p2|hsiung1000|265|1155\n|teamsize|p1|6\n|teamsize|p2|6\n|gen|9\n|tier|[Gen 9] VGC 2023 Regulation E\n|rated|\n|rule|Species Clause: Limit one of each Pok\u00e9mon\n|rule|Item Clause: Limit one of each item\n|clearpoke\n|poke|p1|Kommo-o, L50, M|\n|poke|p1|Tyranitar, L50, M|\n|poke|p1|Rillaboom, L50, F|\n|poke|p1|Flutter Mane, L50|\n|poke|p1|Arcanine-Hisui, L50, F|\n|poke|p1|Iron Bundle, L50|\n|poke|p2|Palafin, L50, F|\n|poke|p2|Raichu, L50, F|\n|poke|p2|Cacturne, L50, F|\n|poke|p2|Sinistcha-Masterpiece, L50|\n|poke|p2|Indeedee-F, L50, F|\n|poke|p2|Volbeat, L50, M|\n|teampreview|4\n|inactive|Battle timer is ON: inactive players will automatically lose when time's up. (requested by hsiung1000)\n|inactive|Xumillas has 60 seconds left.\n|\n|t:|1700120543\n|start\n|switch|p1a: Kommo-o|Kommo-o, L50, M|100\/100\n|switch|p1b: Iron Bundle|Iron Bundle, L50|100\/100\n|switch|p2a: Raichu|Raichu, L50, F|100\/100\n|switch|p2b: Volbeat|Volbeat, L50, M|100\/100\n|-enditem|p1b: Iron Bundle|Booster Energy\n|-activate|p1b: Iron Bundle|ability: Quark Drive|[fromitem]\n|-start|p1b: Iron Bundle|quarkdrivespe\n|turn|1\n|\n|t:|1700120561\n|move|p2a: Raichu|Fake Out|p1b: Iron Bundle\n|-damage|p1b: Iron Bundle|90\/100\n|move|p2b: Volbeat|Tail Glow|p2b: Volbeat\n|-boost|p2b: Volbeat|spa|3\n|cant|p1b: Iron Bundle|flinch\n|move|p1a: Kommo-o|Iron Defense|p1a: Kommo-o\n|-boost|p1a: Kommo-o|def|2\n|\n|upkeep\n|turn|2\n|\n|t:|1700120577\n|move|p2b: Volbeat|Encore|p1a: Kommo-o\n|-start|p1a: Kommo-o|Encore\n|move|p1b: Iron Bundle|Freeze-Dry|p2b: Volbeat\n|-damage|p2b: Volbeat|70\/100\n|move|p2a: Raichu|Volt Switch|p1b: Iron Bundle\n|-supereffective|p1b: Iron Bundle\n|-damage|p1b: Iron Bundle|0 fnt\n|faint|p1b: Iron Bundle\n|-end|p1b: Iron Bundle|Quark Drive|[silent]\n|\n|t:|1700120586\n|switch|p2a: Cacturne|Cacturne, L50, F|100\/100|[from] Volt Switch\n|move|p1a: Kommo-o|Iron Defense|p1a: Kommo-o\n|-boost|p1a: Kommo-o|def|2\n|\n|upkeep\n|\n|t:|1700120592\n|switch|p1b: Arcanine|Arcanine-Hisui, L50, F|100\/100\n|-ability|p1b: Arcanine|Intimidate|boost\n|-unboost|p2a: Cacturne|atk|1\n|-unboost|p2b: Volbeat|atk|1\n|turn|3\n|\n|t:|1700120607\n|move|p2b: Volbeat|Baton Pass|p2b: Volbeat\n|\n|t:|1700120609\n|switch|p2b: Palafin|Palafin, L50, F|100\/100|[from] Baton Pass\n|move|p2a: Cacturne|Sucker Punch|p1b: Arcanine\n|-damage|p1b: Arcanine|75\/100\n|move|p1b: Arcanine|Rock Slide|p2b: Palafin|[spread] p2a,p2b\n|-damage|p2a: Cacturne|67\/100\n|-damage|p2b: Palafin|74\/100\n|move|p1a: Kommo-o|Iron Defense|p1a: Kommo-o\n|-boost|p1a: Kommo-o|def|2\n|\n|upkeep\n|turn|4\n|inactive|hsiung1000 has 30 seconds left.\n|\n|t:|1700120636\n|switch|p1b: Rillaboom|Rillaboom, L50, F|100\/100\n|-fieldstart|move: Grassy Terrain|[from] ability: Grassy Surge|[of] p1b: Rillaboom\n|move|p2a: Cacturne|Sucker Punch||[still]\n|-fail|p2a: Cacturne\n|move|p2b: Palafin|Draining Kiss|p1a: Kommo-o\n|-supereffective|p1a: Kommo-o\n|-damage|p1a: Kommo-o|0 fnt\n|-heal|p2b: Palafin|100\/100|[from] drain|[of] p1a: Kommo-o\n|faint|p1a: Kommo-o\n|\n|-heal|p2a: Cacturne|73\/100|[from] Grassy Terrain\n|upkeep\n|\n|t:|1700120647\n|switch|p1a: Arcanine|Arcanine-Hisui, L50, F|75\/100\n|-ability|p1a: Arcanine|Intimidate|boost\n|-unboost|p2a: Cacturne|atk|1\n|-unboost|p2b: Palafin|atk|1\n|turn|5\n|\n|t:|1700120669\n|detailschange|p2b: Palafin|Palafin-Hero, L50, F\n|switch|p2b: Raichu|Raichu, L50, F|100\/100\n|switch|p2a: Volbeat|Volbeat, L50, M|70\/100\n|move|p1b: Rillaboom|Fake Out|p2b: Raichu\n|-damage|p2b: Raichu|68\/100\n|move|p1a: Arcanine|Flare Blitz|p2a: Volbeat\n|-supereffective|p2a: Volbeat\n|-damage|p2a: Volbeat|0 fnt\n|faint|p2a: Volbeat\n|-damage|p1a: Arcanine|56\/100|[from] Recoil\n|\n|-heal|p2b: Raichu|74\/100|[from] Grassy Terrain\n|-heal|p1a: Arcanine|61\/100|[from] Grassy Terrain\n|upkeep\n|\n|t:|1700120687\n|switch|p2a: Palafin|Palafin-Hero, L50, F|100\/100\n|-activate|p2a: Palafin|ability: Zero to Hero\n|turn|6\n|\n|t:|1700120700\n|switch|p2a: Cacturne|Cacturne, L50, F|73\/100\n|-terastallize|p1a: Arcanine|Water\n|move|p2b: Raichu|Surf|p1b: Rillaboom|[spread] p1a,p1b\n|-heal|p2a: Cacturne|98\/100|[from] ability: Water Absorb|[of] p2b: Raichu\n|-resisted|p1a: Arcanine\n|-resisted|p1b: Rillaboom\n|-damage|p1a: Arcanine|51\/100\n|-damage|p1b: Rillaboom|88\/100\n|move|p1a: Arcanine|Flare Blitz|p2b: Raichu\n|-damage|p2b: Raichu|0 fnt\n|faint|p2b: Raichu\n|-damage|p1a: Arcanine|35\/100|[from] Recoil\n|-enditem|p1a: Arcanine|Sitrus Berry|[eat]\n|-heal|p1a: Arcanine|60\/100|[from] item: Sitrus Berry\n|move|p1b: Rillaboom|Wood Hammer|p2a: Cacturne\n|-resisted|p2a: Cacturne\n|-damage|p2a: Cacturne|26\/100\n|-damage|p1b: Rillaboom|67\/100|[from] Recoil\n|\n|-heal|p1a: Arcanine|66\/100|[from] Grassy Terrain\n|-heal|p1b: Rillaboom|73\/100|[from] Grassy Terrain\n|-heal|p2a: Cacturne|33\/100|[from] Grassy Terrain\n|upkeep\n|\n|t:|1700120722\n|switch|p2b: Palafin|Palafin-Hero, L50, F|100\/100\n|turn|7\n|\n|t:|1700120737\n|-terastallize|p2b: Palafin|Normal\n|move|p2a: Cacturne|Sucker Punch|p1b: Rillaboom\n|-crit|p1b: Rillaboom\n|-damage|p1b: Rillaboom|26\/100\n|move|p1a: Arcanine|Flare Blitz|p2a: Cacturne\n|-supereffective|p2a: Cacturne\n|-damage|p2a: Cacturne|0 fnt\n|faint|p2a: Cacturne\n|-damage|p1a: Arcanine|57\/100|[from] Recoil\n|move|p2b: Palafin|Boomburst|p1b: Rillaboom|[spread] p1a,p1b\n|-damage|p1a: Arcanine|0 fnt\n|-damage|p1b: Rillaboom|0 fnt\n|faint|p1a: Arcanine\n|faint|p1b: Rillaboom\n|\n|win|hsiung1000\n|raw|Xumillas's rating: 1242 &rarr; <strong>1211<\/strong><br \/>(-31 for losing)\n|raw|hsiung1000's rating: 1155 &rarr; <strong>1186<\/strong><br \/>(+31 for winning)\n|l|\u2606Xumillas\n","uploadtime":1700121379,"views":17,"p1id":"xumillas","p2id":"hsiung1000","formatid":"gen9vgc2023regulatione","rating":1186,"private":0,"password":""}