{"id":"gen9vgc2023regulatione-1992039751","p1":"clamps1","p2":"bigbfps","format":"[Gen 9] VGC 2023 Regulation E","log":"|j|\u2606clamps1\n|j|\u2606bigbfps\n|t:|1700149994\n|gametype|doubles\n|player|p1|clamps1|102|1091\n|player|p2|bigbfps|1|1142\n|teamsize|p1|6\n|teamsize|p2|6\n|gen|9\n|tier|[Gen 9] VGC 2023 Regulation E\n|rated|\n|rule|Species Clause: Limit one of each Pok\u00e9mon\n|rule|Item Clause: Limit one of each item\n|clearpoke\n|poke|p1|Ursaluna-Bloodmoon, L50, M|\n|poke|p1|Dusclops, L50, M|\n|poke|p1|Heatran, L50, F|\n|poke|p1|Farigiraf, L50, M|\n|poke|p1|Arcanine-Hisui, L50, M|\n|poke|p1|Flutter Mane, L50|\n|poke|p2|Charizard, L50, M|\n|poke|p2|Torkoal, L50, F|\n|poke|p2|Urshifu-*, L50, M|\n|poke|p2|Ogerpon-Wellspring, L50, F|\n|poke|p2|Ursaluna, L50, F|\n|poke|p2|Farigiraf, L50, M|\n|teampreview|4\n|inactive|Battle timer is ON: inactive players will automatically lose when time's up. (requested by bigbfps)\n|\n|t:|1700150024\n|start\n|switch|p1a: Farigiraf|Farigiraf, L50, M|100\/100\n|switch|p1b: Ursaluna|Ursaluna-Bloodmoon, L50, M|100\/100\n|switch|p2a: Farigiraf|Farigiraf, L50, M, shiny|100\/100\n|switch|p2b: Ursaluna|Ursaluna, L50, F, shiny|100\/100\n|turn|1\n|\n|t:|1700150044\n|move|p2b: Ursaluna|Protect|p2b: Ursaluna\n|-singleturn|p2b: Ursaluna|Protect\n|move|p1a: Farigiraf|Ally Switch|p1a: Farigiraf\n|swap|p1a: Farigiraf|1|[from] move: Ally Switch\n|move|p2a: Farigiraf|Imprison|p2a: Farigiraf\n|-start|p2a: Farigiraf|move: Imprison\n|move|p1a: Ursaluna|Blood Moon|p2b: Ursaluna\n|-activate|p2b: Ursaluna|move: Protect\n|\n|-status|p2b: Ursaluna|brn|[from] item: Flame Orb\n|upkeep\n|turn|2\n|\n|t:|1700150066\n|switch|p1b: Heatran|Heatran, L50, F|100\/100\n|switch|p1a: Arcanine|Arcanine-Hisui, L50, M|100\/100\n|-ability|p1a: Arcanine|Intimidate|boost\n|-unboost|p2a: Farigiraf|atk|1\n|-unboost|p2b: Ursaluna|atk|1\n|move|p2a: Farigiraf|Dazzling Gleam|p1b: Heatran|[spread] p1a,p1b\n|-resisted|p1a: Arcanine\n|-resisted|p1b: Heatran\n|-damage|p1a: Arcanine|90\/100\n|-damage|p1b: Heatran|97\/100\n|move|p2b: Ursaluna|Facade|p1b: Heatran\n|-resisted|p1b: Heatran\n|-damage|p1b: Heatran|60\/100\n|\n|-heal|p1b: Heatran|66\/100|[from] item: Leftovers\n|-damage|p2b: Ursaluna|95\/100 brn|[from] brn\n|upkeep\n|turn|3\n|\n|t:|1700150088\n|move|p2b: Ursaluna|Protect|p2b: Ursaluna\n|-singleturn|p2b: Ursaluna|Protect\n|move|p1a: Arcanine|Rock Slide|p2a: Farigiraf|[spread] p2a\n|-activate|p2b: Ursaluna|move: Protect\n|-damage|p2a: Farigiraf|67\/100\n|move|p1b: Heatran|Heat Wave|p2b: Ursaluna|[spread] p2a\n|-activate|p2b: Ursaluna|move: Protect\n|-crit|p2a: Farigiraf\n|-damage|p2a: Farigiraf|4\/100\n|-enditem|p2a: Farigiraf|Sitrus Berry|[eat]\n|-heal|p2a: Farigiraf|29\/100|[from] item: Sitrus Berry\n|cant|p2a: Farigiraf|flinch\n|\n|-heal|p1b: Heatran|72\/100|[from] item: Leftovers\n|-damage|p2b: Ursaluna|89\/100 brn|[from] brn\n|upkeep\n|turn|4\n|inactive|bigbfps has 30 seconds left.\n|inactive|bigbfps has 20 seconds left.\n|inactive|bigbfps has 15 seconds left.\n|inactive|bigbfps has 10 seconds left.\n|inactive|bigbfps has 5 seconds left.\n|\n|t:|1700150142\n|move|p1a: Arcanine|Rock Slide|p2b: Ursaluna|[spread] p2a,p2b\n|-resisted|p2b: Ursaluna\n|-damage|p2a: Farigiraf|0 fnt\n|-damage|p2b: Ursaluna|74\/100 brn\n|faint|p2a: Farigiraf\n|move|p1b: Heatran|Heat Wave|p2b: Ursaluna\n|-damage|p2b: Ursaluna|26\/100 brn\n|move|p2b: Ursaluna|High Horsepower|p1a: Arcanine\n|-supereffective|p1a: Arcanine\n|-damage|p1a: Arcanine|0 fnt\n|faint|p1a: Arcanine\n|\n|-heal|p1b: Heatran|78\/100|[from] item: Leftovers\n|-damage|p2b: Ursaluna|20\/100 brn|[from] brn\n|upkeep\n|\n|t:|1700150160\n|switch|p1a: Farigiraf|Farigiraf, L50, M|100\/100\n|switch|p2a: Ogerpon|Ogerpon-Wellspring, L50, F|100\/100\n|turn|5\n|\n|t:|1700150178\n|move|p1b: Heatran|Protect|p1b: Heatran\n|-singleturn|p1b: Heatran|Protect\n|move|p2b: Ursaluna|Protect|p2b: Ursaluna\n|-singleturn|p2b: Ursaluna|Protect\n|move|p2a: Ogerpon|Ivy Cudgel|p1a: Farigiraf|[anim] Ivy Cudgel Water\n|-damage|p1a: Farigiraf|38\/100\n|move|p1a: Farigiraf|Trick Room|p1a: Farigiraf\n|-fieldstart|move: Trick Room|[of] p1a: Farigiraf\n|\n|-heal|p1b: Heatran|84\/100|[from] item: Leftovers\n|-damage|p2b: Ursaluna|14\/100 brn|[from] brn\n|upkeep\n|turn|6\n|inactive|bigbfps has 30 seconds left.\n|\n|t:|1700150212\n|-terastallize|p1b: Heatran|Grass\n|-terastallize|p2a: Ogerpon|Water\n|detailschange|p2a: Ogerpon|Ogerpon-Wellspring-Tera, L50, F, tera:Water\n|-ability|p2a: Ogerpon|Embody Aspect (Wellspring)|boost\n|-boost|p2a: Ogerpon|spd|1\n|move|p2b: Ursaluna|Facade|p1b: Heatran\n|-damage|p1b: Heatran|8\/100\n|move|p1a: Farigiraf|Psychic|p2b: Ursaluna\n|-damage|p2b: Ursaluna|0 fnt\n|faint|p2b: Ursaluna\n|move|p1b: Heatran|Heat Wave|p2a: Ogerpon\n|-resisted|p2a: Ogerpon\n|-damage|p2a: Ogerpon|83\/100\n|-status|p2a: Ogerpon|brn\n|move|p2a: Ogerpon|Ivy Cudgel|p1a: Farigiraf|[anim] Ivy Cudgel Water\n|-damage|p1a: Farigiraf|0 fnt\n|faint|p1a: Farigiraf\n|\n|-heal|p1b: Heatran|14\/100|[from] item: Leftovers\n|-damage|p2a: Ogerpon|78\/100 brn|[from] brn\n|upkeep\n|\n|t:|1700150232\n|switch|p2b: Urshifu|Urshifu, L50, M|100\/100\n|switch|p1a: Ursaluna|Ursaluna-Bloodmoon, L50, M|100\/100\n|turn|7\n|\n|t:|1700150250\n|move|p2b: Urshifu|Sucker Punch|p1a: Ursaluna\n|-damage|p1a: Ursaluna|75\/100\n|move|p1a: Ursaluna|Blood Moon|p2a: Ogerpon\n|-damage|p2a: Ogerpon|15\/100 brn\n|move|p1b: Heatran|Tera Blast|p2b: Urshifu|[anim] Tera Blast Grass\n|-crit|p2b: Urshifu\n|-enditem|p2b: Urshifu|Focus Sash\n|-damage|p2b: Urshifu|1\/100\n|move|p2a: Ogerpon|Ivy Cudgel|p1b: Heatran|[anim] Ivy Cudgel Water\n|-resisted|p1b: Heatran\n|-damage|p1b: Heatran|0 fnt\n|faint|p1b: Heatran\n|\n|-damage|p2a: Ogerpon|9\/100 brn|[from] brn\n|upkeep\n|turn|8\n|\n|t:|1700150272\n|move|p2b: Urshifu|Protect|p2b: Urshifu\n|-singleturn|p2b: Urshifu|Protect\n|move|p1a: Ursaluna|Earth Power|p2a: Ogerpon\n|-damage|p2a: Ogerpon|0 fnt\n|faint|p2a: Ogerpon\n|\n|upkeep\n|turn|9\n|\n|t:|1700150282\n|move|p2b: Urshifu|Protect||[still]\n|-fail|p2b: Urshifu\n|move|p1a: Ursaluna|Moonblast|p2b: Urshifu\n|-supereffective|p2b: Urshifu\n|-damage|p2b: Urshifu|0 fnt\n|faint|p2b: Urshifu\n|\n|win|clamps1\n|raw|clamps1's rating: 1091 &rarr; <strong>1121<\/strong><br \/>(+30 for winning)\n|raw|bigbfps's rating: 1142 &rarr; <strong>1113<\/strong><br \/>(-29 for losing)\n|c|\u2606clamps1|gg\n|c|\u2606bigbfps|gg\n","uploadtime":1700150292,"views":26,"p1id":"clamps1","p2id":"bigbfps","formatid":"gen9vgc2023regulatione","rating":1113,"private":0,"password":""}