{"id":"gen9vgc2023regulatione-1994549799","p1":"MasterMicah","p2":"Protostatus7","format":"[Gen 9] VGC 2023 Regulation E","log":"|j|\u2606MasterMicah\n|j|\u2606Protostatus7\n|t:|1700458212\n|gametype|doubles\n|player|p1|MasterMicah|elesa|1055\n|player|p2|Protostatus7|nate|1119\n|teamsize|p1|6\n|teamsize|p2|6\n|gen|9\n|tier|[Gen 9] VGC 2023 Regulation E\n|rated|\n|rule|Species Clause: Limit one of each Pok\u00e9mon\n|rule|Item Clause: Limit one of each item\n|clearpoke\n|poke|p1|Empoleon, L50, M|\n|poke|p1|Sinistcha, L50|\n|poke|p1|Gliscor, L50, M|\n|poke|p1|Slither Wing, L50|\n|poke|p1|Eelektross, L50, F|\n|poke|p1|Masquerain, L50, M|\n|poke|p2|Milotic, L50, M|\n|poke|p2|Rillaboom, L50, M|\n|poke|p2|Arcanine-Hisui, L50, M|\n|poke|p2|Urshifu-*, L50, M|\n|poke|p2|Enamorus, L50, F|\n|poke|p2|Thundurus, L50, M|\n|teampreview|4\n|inactive|Battle timer is ON: inactive players will automatically lose when time's up. (requested by MasterMicah)\n|\n|t:|1700458247\n|start\n|switch|p1a: Father Garcia|Masquerain, L50, M|100\/100\n|switch|p1b: Major Melon|Sinistcha, L50|100\/100\n|switch|p2a: Thundurus|Thundurus, L50, M|100\/100\n|switch|p2b: Enamorus|Enamorus, L50, F|100\/100\n|-ability|p1a: Father Garcia|Intimidate|boost\n|-unboost|p2a: Thundurus|atk|1\n|-boost|p2b: Enamorus|atk|1\n|turn|1\n|inactive|MasterMicah has 30 seconds left.\n|\n|t:|1700458277\n|move|p2a: Thundurus|Taunt|p1a: Father Garcia\n|-start|p1a: Father Garcia|move: Taunt\n|move|p2b: Enamorus|Tailwind|p2b: Enamorus\n|-sidestart|p2: Protostatus7|move: Tailwind\n|cant|p1a: Father Garcia|move: Taunt|Sticky Web\n|move|p1b: Major Melon|Shadow Ball|p2b: Enamorus\n|-damage|p2b: Enamorus|52\/100\n|\n|upkeep\n|turn|2\n|\n|t:|1700458296\n|switch|p1a: Emperor|Empoleon, L50, M, shiny|100\/100\n|move|p2a: Thundurus|Eerie Impulse|p1b: Major Melon\n|-unboost|p1b: Major Melon|spa|2\n|move|p2b: Enamorus|Dazzling Gleam|p1a: Emperor|[spread] p1a,p1b\n|-resisted|p1a: Emperor\n|-damage|p1a: Emperor|80\/100\n|-damage|p1b: Major Melon|52\/100\n|-damage|p2b: Enamorus|42\/100|[from] item: Life Orb\n|move|p1b: Major Melon|Shadow Ball|p2b: Enamorus\n|-damage|p2b: Enamorus|18\/100\n|\n|-heal|p1a: Emperor|86\/100|[from] item: Leftovers\n|upkeep\n|turn|3\n|\n|t:|1700458320\n|switch|p1b: Tityus|Gliscor, L50, M, shiny|100\/100\n|move|p2b: Enamorus|Protect|p2b: Enamorus\n|-singleturn|p2b: Enamorus|Protect\n|move|p2a: Thundurus|Thunderbolt|p1a: Emperor\n|-supereffective|p1a: Emperor\n|-damage|p1a: Emperor|14\/100\n|move|p1a: Emperor|Flash Cannon|p2b: Enamorus\n|-activate|p2b: Enamorus|move: Protect\n|\n|-heal|p1a: Emperor|19\/100|[from] item: Leftovers\n|-status|p1b: Tityus|tox|[from] item: Toxic Orb\n|upkeep\n|turn|4\n|inactive|MasterMicah has 30 seconds left.\n|\n|t:|1700458345\n|switch|p1a: Major Melon|Sinistcha, L50|52\/100\n|-terastallize|p1b: Tityus|Fairy\n|move|p2a: Thundurus|Eerie Impulse|p2b: Enamorus\n|-boost|p2b: Enamorus|spa|2\n|move|p2b: Enamorus|Dazzling Gleam|p1a: Major Melon|[spread] p1a,p1b\n|-damage|p1a: Major Melon|0 fnt\n|-damage|p1b: Tityus|16\/100 tox\n|faint|p1a: Major Melon\n|-damage|p2b: Enamorus|8\/100|[from] item: Life Orb\n|move|p1b: Tityus|Knock Off|p2b: Enamorus\n|-resisted|p2b: Enamorus\n|-damage|p2b: Enamorus|0 fnt\n|-enditem|p2b: Enamorus|Life Orb|[from] move: Knock Off|[of] p1b: Tityus\n|faint|p2b: Enamorus\n|\n|-heal|p1b: Tityus|29\/100 tox|[from] ability: Poison Heal\n|-sideend|p2: Protostatus7|move: Tailwind\n|upkeep\n|\n|t:|1700458364\n|switch|p2b: Milotic|Milotic, L50, M, shiny|100\/100\n|switch|p1a: Emperor|Empoleon, L50, M, shiny|19\/100\n|turn|5\n|\n|t:|1700458380\n|move|p1b: Tityus|Protect|p1b: Tityus\n|-singleturn|p1b: Tityus|Protect\n|move|p1a: Emperor|Protect|p1a: Emperor\n|-singleturn|p1a: Emperor|Protect\n|move|p2a: Thundurus|Thunderbolt|p1a: Emperor\n|-activate|p1a: Emperor|move: Protect\n|move|p2b: Milotic|Scald|p1b: Tityus\n|-activate|p1b: Tityus|move: Protect\n|\n|-heal|p1a: Emperor|25\/100|[from] item: Leftovers\n|-heal|p1b: Tityus|41\/100 tox|[from] ability: Poison Heal\n|upkeep\n|turn|6\n|\n|t:|1700458403\n|switch|p1a: Father Garcia|Masquerain, L50, M|100\/100\n|-ability|p1a: Father Garcia|Intimidate|boost\n|-unboost|p2a: Thundurus|atk|1\n|-unboost|p2b: Milotic|atk|1\n|-ability|p2b: Milotic|Competitive|boost\n|-boost|p2b: Milotic|spa|2\n|move|p2a: Thundurus|Thunderbolt|p1a: Father Garcia\n|-supereffective|p1a: Father Garcia\n|-damage|p1a: Father Garcia|6\/100\n|move|p1b: Tityus|Swords Dance|p1b: Tityus\n|-boost|p1b: Tityus|atk|2\n|move|p2b: Milotic|Scald|p1b: Tityus\n|-damage|p1b: Tityus|0 fnt\n|faint|p1b: Tityus\n|\n|upkeep\n|c|\u2606MasterMicah|opps\n|\n|t:|1700458422\n|switch|p1b: Emperor|Empoleon, L50, M, shiny|25\/100\n|turn|7\n|\n|t:|1700458433\n|move|p2a: Thundurus|Thunderbolt|p1b: Emperor\n|-supereffective|p1b: Emperor\n|-damage|p1b: Emperor|0 fnt\n|faint|p1b: Emperor\n|move|p1a: Father Garcia|Bug Buzz|p2a: Thundurus\n|-resisted|p2a: Thundurus\n|-damage|p2a: Thundurus|83\/100\n|move|p2b: Milotic|Icy Wind|p1a: Father Garcia\n|-supereffective|p1a: Father Garcia\n|-damage|p1a: Father Garcia|0 fnt\n|faint|p1a: Father Garcia\n|\n|win|Protostatus7\n|raw|MasterMicah's rating: 1055 &rarr; <strong>1040<\/strong><br \/>(-15 for losing)\n|raw|Protostatus7's rating: 1119 &rarr; <strong>1139<\/strong><br \/>(+20 for winning)\n","uploadtime":1700458438,"views":25,"p1id":"mastermicah","p2id":"protostatus7","formatid":"gen9vgc2023regulatione","rating":1040,"private":0,"password":""}