{"id":"gen9vgc2023regulatione-1990108711","p1":"DustyDoggoVGC","p2":"ClubSandwichBread","format":"[Gen 9] VGC 2023 Regulation E","log":"|j|\u2606DustyDoggoVGC\n|j|\u2606ClubSandwichBread\n|t:|1699925450\n|gametype|doubles\n|player|p1|DustyDoggoVGC|unknown|1042\n|player|p2|ClubSandwichBread|swimmer-gen4dp|1000\n|teamsize|p1|6\n|teamsize|p2|6\n|gen|9\n|tier|[Gen 9] VGC 2023 Regulation E\n|rated|\n|rule|Species Clause: Limit one of each Pok\u00e9mon\n|rule|Item Clause: Limit one of each item\n|clearpoke\n|poke|p1|Ogerpon-Cornerstone, L50, F|\n|poke|p1|Sinistcha-Masterpiece, L50|\n|poke|p1|Clefairy, L50, F|\n|poke|p1|Kommo-o, L50, F|\n|poke|p1|Snorlax, L50, M|\n|poke|p1|Roaring Moon, L50|\n|poke|p2|Amoonguss, L50, F|\n|poke|p2|Roaring Moon, L50|\n|poke|p2|Tornadus, L50, M|\n|poke|p2|Urshifu-*, L50, F|\n|poke|p2|Arcanine-Hisui, L50, M|\n|poke|p2|Tinkaton, L50, F|\n|teampreview|4\n|inactive|Battle timer is ON: inactive players will automatically lose when time's up. (requested by ClubSandwichBread)\n|inactive|DustyDoggoVGC also wants the timer to be on.\nClubSandwichBread has agreed to open team sheets.\n|inactive|ClubSandwichBread has 60 seconds left.\nDustyDoggoVGC rejected open team sheets.\n|\n|t:|1699925496\n|start\n|switch|p1a: Snorlax|Snorlax, L50, M|100\/100\n|switch|p1b: Sinistcha|Sinistcha-Masterpiece, L50|100\/100\n|switch|p2a: Tornadus|Tornadus, L50, M|100\/100\n|switch|p2b: Urshifu|Urshifu-Rapid-Strike, L50, F|100\/100\n|turn|1\n|inactive|DustyDoggoVGC has 30 seconds left.\n|inactive|ClubSandwichBread has 30 seconds left.\n|\n|t:|1699925531\n|move|p1b: Sinistcha|Rage Powder|p1b: Sinistcha\n|-singleturn|p1b: Sinistcha|move: Rage Powder\n|move|p2a: Tornadus|Taunt|p1b: Sinistcha\n|-start|p1b: Sinistcha|move: Taunt\n|move|p2b: Urshifu|Close Combat|p1b: Sinistcha\n|-immune|p1b: Sinistcha\n|move|p1a: Snorlax|Belly Drum|p1a: Snorlax\n|-damage|p1a: Snorlax|51\/100\n|-setboost|p1a: Snorlax|atk|6|[from] move: Belly Drum\n|\n|upkeep\n|turn|2\n|\n|t:|1699925554\n|-terastallize|p2b: Urshifu|Water\n|move|p2a: Tornadus|Rain Dance|p2a: Tornadus\n|-weather|RainDance\n|move|p2b: Urshifu|Surging Strikes|p1a: Snorlax\n|-crit|p1a: Snorlax\n|-damage|p1a: Snorlax|9\/100\n|-enditem|p1a: Snorlax|Iapapa Berry|[eat]\n|-heal|p1a: Snorlax|42\/100|[from] item: Iapapa Berry\n|-crit|p1a: Snorlax\n|-damage|p1a: Snorlax|0 fnt\n|faint|p1a: Snorlax\n|-hitcount|p1: Snorlax|2\n|move|p1b: Sinistcha|Matcha Gotcha|p2a: Tornadus|[spread] p2b\n|-miss|p1b: Sinistcha|p2a: Tornadus\n|-supereffective|p2b: Urshifu\n|-crit|p2b: Urshifu\n|-enditem|p2b: Urshifu|Focus Sash\n|-damage|p2b: Urshifu|1\/100\n|\n|-weather|RainDance|[upkeep]\n|upkeep\n|inactive|DustyDoggoVGC has 30 seconds left.\n|\n|t:|1699925583\n|switch|p1a: Kommo-o|Kommo-o, L50, F|100\/100\n|turn|3\n|inactive|DustyDoggoVGC has 30 seconds left.\n|\n|t:|1699925617\n|move|p2a: Tornadus|Bleakwind Storm|p1b: Sinistcha|[spread] p1a,p1b\n|-supereffective|p1a: Kommo-o\n|-supereffective|p1b: Sinistcha\n|-damage|p1a: Kommo-o|59\/100\n|-damage|p1b: Sinistcha|39\/100\n|move|p2b: Urshifu|Surging Strikes|p1a: Kommo-o\n|-resisted|p1a: Kommo-o\n|-crit|p1a: Kommo-o\n|-damage|p1a: Kommo-o|41\/100\n|-resisted|p1a: Kommo-o\n|-crit|p1a: Kommo-o\n|-damage|p1a: Kommo-o|22\/100\n|-resisted|p1a: Kommo-o\n|-crit|p1a: Kommo-o\n|-damage|p1a: Kommo-o|5\/100\n|-hitcount|p1a: Kommo-o|3\n|move|p1a: Kommo-o|Clanging Scales|p2a: Tornadus|[spread] p2a,p2b\n|-damage|p2a: Tornadus|58\/100\n|-damage|p2b: Urshifu|0 fnt\n|faint|p2b: Urshifu\n|-unboost|p1a: Kommo-o|def|1\n|move|p1b: Sinistcha|Matcha Gotcha|p2a: Tornadus|[miss]\n|-miss|p1b: Sinistcha|p2a: Tornadus\n|\n|-weather|RainDance|[upkeep]\n|upkeep\n|\n|t:|1699925640\n|switch|p2b: Roaring Moon|Roaring Moon, L50|100\/100\n|-enditem|p2b: Roaring Moon|Booster Energy\n|-activate|p2b: Roaring Moon|ability: Protosynthesis|[fromitem]\n|-start|p2b: Roaring Moon|protosynthesisatk\n|turn|4\n|\n|t:|1699925655\n|switch|p1b: Ogerpon|Ogerpon-Cornerstone, L50, F|100\/100\n|move|p2a: Tornadus|Tailwind|p2a: Tornadus\n|-sidestart|p2: ClubSandwichBread|move: Tailwind\n|move|p2b: Roaring Moon|Acrobatics|p1a: Kommo-o\n|-supereffective|p1a: Kommo-o\n|-damage|p1a: Kommo-o|0 fnt\n|faint|p1a: Kommo-o\n|\n|-weather|RainDance|[upkeep]\n|upkeep\n|\n|t:|1699925665\n|switch|p1a: Sinistcha|Sinistcha-Masterpiece, L50|39\/100\n|turn|5\n|\n|t:|1699925682\n|-terastallize|p1b: Ogerpon|Rock\n|detailschange|p1b: Ogerpon|Ogerpon-Cornerstone-Tera, L50, F, tera:Rock\n|-ability|p1b: Ogerpon|Embody Aspect (Cornerstone)|boost\n|-boost|p1b: Ogerpon|def|1\n|move|p1a: Sinistcha|Rage Powder|p1a: Sinistcha\n|-singleturn|p1a: Sinistcha|move: Rage Powder\n|move|p2a: Tornadus|Bleakwind Storm|p1a: Sinistcha|[spread] p1a,p1b\n|-supereffective|p1a: Sinistcha\n|-resisted|p1b: Ogerpon\n|-damage|p1a: Sinistcha|0 fnt\n|-damage|p1b: Ogerpon|85\/100\n|-unboost|p1b: Ogerpon|spe|1\n|faint|p1a: Sinistcha\n|move|p2b: Roaring Moon|Knock Off|p1b: Ogerpon\n|-damage|p1b: Ogerpon|45\/100\n|move|p1b: Ogerpon|Ivy Cudgel|p2a: Tornadus\n|-supereffective|p2a: Tornadus\n|-damage|p2a: Tornadus|0 fnt\n|faint|p2a: Tornadus\n|\n|-weather|RainDance|[upkeep]\n|upkeep\n|\n|t:|1699925698\n|switch|p2a: Arcanine|Arcanine-Hisui, L50, M|100\/100\n|-ability|p2a: Arcanine|Intimidate|boost\n|-unboost|p1b: Ogerpon|atk|1\n|turn|6\n|\n|t:|1699925708\n|move|p1b: Ogerpon|Protect|p1b: Ogerpon\n|-singleturn|p1b: Ogerpon|Protect\n|move|p2b: Roaring Moon|Knock Off|p1b: Ogerpon\n|-activate|p1b: Ogerpon|move: Protect\n|move|p2a: Arcanine|Rock Slide|p1b: Ogerpon\n|-activate|p1b: Ogerpon|move: Protect\n|\n|-weather|none\n|upkeep\n|turn|7\n|inactive|DustyDoggoVGC has 30 seconds left.\n|\n|t:|1699925733\n|move|p2b: Roaring Moon|Knock Off|p1b: Ogerpon\n|-damage|p1b: Ogerpon|10\/100\n|move|p2a: Arcanine|Rock Slide|p1b: Ogerpon\n|-damage|p1b: Ogerpon|0 fnt\n|faint|p1b: Ogerpon\n|\n|win|ClubSandwichBread\n|raw|DustyDoggoVGC's rating: 1042 &rarr; <strong>1024<\/strong><br \/>(-18 for losing)\n|raw|ClubSandwichBread's rating: 1000 &rarr; <strong>1045<\/strong><br \/>(+45 for winning)\n|l|\u2606DustyDoggoVGC\n","uploadtime":1699925742,"views":10,"p1id":"dustydoggovgc","p2id":"clubsandwichbread","formatid":"gen9vgc2023regulatione","rating":1024,"private":0,"password":""}