{"id":"gen9vgc2023regulatione-1991749454","p1":"HeffNastyy","p2":"llamasnail","format":"[Gen 9] VGC 2023 Regulation E","log":"|j|\u2606HeffNastyy\n|j|\u2606llamasnail\n|t:|1700110746\n|gametype|doubles\n|player|p1|HeffNastyy|1|1439\n|player|p2|llamasnail|266|1364\n|teamsize|p1|6\n|teamsize|p2|6\n|gen|9\n|tier|[Gen 9] VGC 2023 Regulation E\n|rated|\n|rule|Species Clause: Limit one of each Pok\u00e9mon\n|rule|Item Clause: Limit one of each item\n|clearpoke\n|poke|p1|Tornadus, L50, M|\n|poke|p1|Arcanine-Hisui, L50, F|\n|poke|p1|Gholdengo, L50|\n|poke|p1|Urshifu-*, L50, F|\n|poke|p1|Rillaboom, L50, F|\n|poke|p1|Baxcalibur, L50, M|\n|poke|p2|Enamorus-Therian, L50, F|\n|poke|p2|Indeedee-F, L50, F|\n|poke|p2|Armarouge, L50, M|\n|poke|p2|Urshifu-*, L50, M|\n|poke|p2|Ogerpon-Cornerstone, L50, F|\n|poke|p2|Iron Hands, L50|\n|teampreview|4\n|inactive|Battle timer is ON: inactive players will automatically lose when time's up. (requested by HeffNastyy)\nHeffNastyy has agreed to open team sheets.\nllamasnail has agreed to open team sheets.\n|inactive|HeffNastyy has 30 seconds left.\n|inactive|llamasnail has 30 seconds left.\n|inactive|llamasnail has 20 seconds left.\n|inactive|llamasnail has 15 seconds left.\n|\n|t:|1700110825\n|start\n|switch|p1a: Arcanine|Arcanine-Hisui, L50, F|100\/100\n|switch|p1b: Gholdengo|Gholdengo, L50|100\/100\n|switch|p2a: Indeedee|Indeedee-F, L50, F|100\/100\n|switch|p2b: Armarouge|Armarouge, L50, M|100\/100\n|-ability|p1a: Arcanine|Intimidate|boost\n|-unboost|p2a: Indeedee|atk|1\n|-unboost|p2b: Armarouge|atk|1\n|-fieldstart|move: Psychic Terrain|[from] ability: Psychic Surge|[of] p2a: Indeedee\n|-enditem|p2a: Indeedee|Psychic Seed\n|-boost|p2a: Indeedee|spd|1|[from] item: Psychic Seed\n|turn|1\n|inactive|HeffNastyy has 30 seconds left.\n|inactive|llamasnail has 30 seconds left.\n|inactive|HeffNastyy has 20 seconds left.\n|inactive|HeffNastyy has 15 seconds left.\n|inactive|HeffNastyy has 10 seconds left.\n|\n|t:|1700110874\n|-terastallize|p1b: Gholdengo|Dragon\n|move|p2b: Armarouge|Wide Guard|p2b: Armarouge\n|-singleturn|p2b: Armarouge|Wide Guard\n|move|p1b: Gholdengo|Shadow Ball|p2b: Armarouge\n|-supereffective|p2b: Armarouge\n|-damage|p2b: Armarouge|0 fnt\n|faint|p2b: Armarouge\n|-damage|p1b: Gholdengo|91\/100|[from] item: Life Orb\n|move|p1a: Arcanine|Head Smash|p2a: Indeedee|[miss]\n|-miss|p1a: Arcanine|p2a: Indeedee\n|move|p2a: Indeedee|Trick Room|p2a: Indeedee\n|-fieldstart|move: Trick Room|[of] p2a: Indeedee\n|\n|upkeep\n|c|\u2606llamasnail|oh lol\n|\n|t:|1700110888\n|switch|p2b: Enamorus|Enamorus-Therian, L50, F|100\/100\n|turn|2\n|c|\u2606HeffNastyy|geez called the wide guard and head smash fails me yet again\n|c|\u2606llamasnail|yeah\n|inactive|HeffNastyy has 30 seconds left.\n|c|\u2606llamasnail|I mean the follow me trick room was way safer\n|inactive|HeffNastyy has 20 seconds left.\n|inactive|HeffNastyy has 15 seconds left.\n|c|\u2606llamasnail|but trick room wide guard is so much more satisfying\n|\n|t:|1700110929\n|move|p2a: Indeedee|Follow Me|p2a: Indeedee\n|-singleturn|p2a: Indeedee|move: Follow Me\n|move|p2b: Enamorus|Dazzling Gleam|p1b: Gholdengo|[spread] p1a,p1b\n|-resisted|p1a: Arcanine\n|-supereffective|p1b: Gholdengo\n|-damage|p1a: Arcanine|74\/100\n|-damage|p1b: Gholdengo|0 fnt\n|faint|p1b: Gholdengo\n|move|p1a: Arcanine|Head Smash|p2a: Indeedee|[miss]\n|-miss|p1a: Arcanine|p2a: Indeedee\n|\n|upkeep\n|c|\u2606HeffNastyy|i hate this move lol\n|c|\u2606HeffNastyy|last 3 times i have clicked it all miss\n|inactive|HeffNastyy has 30 seconds left.\n|c|\u2606llamasnail|I mean that time I kind of wanted you to kill\n|\n|t:|1700110964\n|switch|p1b: Baxcalibur|Baxcalibur, L50, M|100\/100\n|turn|3\n|\n|t:|1700110974\n|move|p2a: Indeedee|Follow Me|p2a: Indeedee\n|-singleturn|p2a: Indeedee|move: Follow Me\n|move|p2b: Enamorus|Dazzling Gleam|p1b: Baxcalibur|[spread] p1a,p1b\n|-resisted|p1a: Arcanine\n|-supereffective|p1b: Baxcalibur\n|-damage|p1a: Arcanine|47\/100\n|-damage|p1b: Baxcalibur|1\/100\n|move|p1a: Arcanine|Head Smash|p2a: Indeedee\n|-damage|p2a: Indeedee|0 fnt\n|faint|p2a: Indeedee\n|-damage|p1a: Arcanine|0 fnt|[from] Recoil\n|faint|p1a: Arcanine\n|move|p1b: Baxcalibur|Icicle Spear|p2b: Enamorus\n|-supereffective|p2b: Enamorus\n|-damage|p2b: Enamorus|74\/100\n|-supereffective|p2b: Enamorus\n|-damage|p2b: Enamorus|47\/100\n|-supereffective|p2b: Enamorus\n|-damage|p2b: Enamorus|21\/100\n|-supereffective|p2b: Enamorus\n|-damage|p2b: Enamorus|0 fnt\n|faint|p2b: Enamorus\n|-hitcount|p2: Enamorus|4\n|\n|upkeep\n|\n|t:|1700110993\n|switch|p2a: Iron Hands|Iron Hands, L50|100\/100\n|switch|p1a: Rillaboom|Rillaboom, L50, F|100\/100\n|-fieldstart|move: Grassy Terrain|[from] ability: Grassy Surge|[of] p1a: Rillaboom\n|turn|4\n|\n|t:|1700111003\n|move|p1b: Baxcalibur|Protect|p1b: Baxcalibur\n|-singleturn|p1b: Baxcalibur|Protect\n|move|p2a: Iron Hands|Fake Out|p1b: Baxcalibur\n|-activate|p1b: Baxcalibur|move: Protect\n|move|p1a: Rillaboom|Fake Out|p2a: Iron Hands\n|-damage|p2a: Iron Hands|91\/100\n|\n|-heal|p2a: Iron Hands|97\/100|[from] Grassy Terrain\n|-heal|p1b: Baxcalibur|7\/100|[from] Grassy Terrain\n|upkeep\n|turn|5\n|\n|t:|1700111021\n|move|p1b: Baxcalibur|Protect||[still]\n|-fail|p1b: Baxcalibur\n|move|p2a: Iron Hands|Drain Punch|p1b: Baxcalibur\n|-supereffective|p1b: Baxcalibur\n|-crit|p1b: Baxcalibur\n|-damage|p1b: Baxcalibur|0 fnt\n|-heal|p2a: Iron Hands|99\/100|[from] drain|[of] p1b: Baxcalibur\n|faint|p1b: Baxcalibur\n|move|p1a: Rillaboom|Wood Hammer|p2a: Iron Hands\n|-damage|p2a: Iron Hands|50\/100\n|-damage|p1a: Rillaboom|80\/100|[from] Recoil\n|\n|-heal|p2a: Iron Hands|56\/100|[from] Grassy Terrain\n|-heal|p1a: Rillaboom|85\/100|[from] Grassy Terrain\n|-fieldend|move: Trick Room\n|upkeep\n|turn|6\n|\n|t:|1700111038\n|move|p1a: Rillaboom|Wood Hammer|p2a: Iron Hands\n|-damage|p2a: Iron Hands|0 fnt\n|faint|p2a: Iron Hands\n|-end|p2a: Iron Hands|Quark Drive|[silent]\n|-damage|p1a: Rillaboom|62\/100|[from] Recoil\n|\n|win|HeffNastyy\n|raw|HeffNastyy's rating: 1439 &rarr; <strong>1454<\/strong><br \/>(+15 for winning)\n|raw|llamasnail's rating: 1346 &rarr; <strong>1331<\/strong><br \/>(-15 for losing)\n|c|\u2606llamasnail|gg you still won lol\n|c|\u2606HeffNastyy|gg lol\n|c|\u2606llamasnail|mad surprised dazzling glema didn't kill\n|l|\u2606llamasnail\n|c|\u2606HeffNastyy|yeah that invisible focus sash lol\n","uploadtime":1700111074,"views":28,"p1id":"heffnastyy","p2id":"llamasnail","formatid":"gen9vgc2023regulatione","rating":1331,"private":0,"password":""}