{"id":"gen9vgc2023regulatione-1990044551","p1":"Hi its joe","p2":"HydraulikToad","format":"[Gen 9] VGC 2023 Regulation E","log":"|j|\u2606Hi its joe\n|j|\u2606HydraulikToad\n|t:|1699918576\n|gametype|doubles\n|player|p1|Hi its joe|palmer|1363\n|player|p2|HydraulikToad|janine|1354\n|teamsize|p1|6\n|teamsize|p2|6\n|gen|9\n|tier|[Gen 9] VGC 2023 Regulation E\n|rated|\n|rule|Species Clause: Limit one of each Pok\u00e9mon\n|rule|Item Clause: Limit one of each item\n|clearpoke\n|poke|p1|Amoonguss, L50, M|\n|poke|p1|Tornadus, L50, M|\n|poke|p1|Urshifu-*, L50, M|\n|poke|p1|Arcanine-Hisui, L50, M|\n|poke|p1|Chien-Pao, L50|\n|poke|p1|Gholdengo, L50|\n|poke|p2|Muk-Alola, L50, M|\n|poke|p2|Scovillain, L50, F|\n|poke|p2|Sableye, L50, F|\n|poke|p2|Garganacl, L50, M|\n|poke|p2|Gliscor, L50, M|\n|poke|p2|Goodra-Hisui, L50, M|\n|teampreview|4\n|inactive|Battle timer is ON: inactive players will automatically lose when time's up. (requested by HydraulikToad)\n|\n|t:|1699918605\n|start\n|switch|p1a: Gholdengo|Gholdengo, L50|100\/100\n|switch|p1b: Arcanine|Arcanine-Hisui, L50, M|100\/100\n|switch|p2a: Muk|Muk-Alola, L50, M|100\/100\n|switch|p2b: Scovillain|Scovillain, L50, F|100\/100\n|-ability|p1b: Arcanine|Intimidate|boost\n|-unboost|p2a: Muk|atk|1\n|-unboost|p2b: Scovillain|atk|1\n|turn|1\n|\n|t:|1699918620\n|move|p1b: Arcanine|Rock Slide|p2a: Muk|[spread] p2a,p2b\n|-supereffective|p2b: Scovillain\n|-damage|p2a: Muk|66\/100\n|-damage|p2b: Scovillain|0 fnt\n|faint|p2b: Scovillain\n|-ability|p2a: Muk|Moody|[from] ability: Power of Alchemy|[of] p2b: Scovillain\n|move|p1a: Gholdengo|Nasty Plot|p1a: Gholdengo\n|-boost|p1a: Gholdengo|spa|2\n|move|p2a: Muk|Minimize|p2a: Muk\n|-boost|p2a: Muk|evasion|2\n|\n|-heal|p2a: Muk|72\/100|[from] item: Leftovers\n|-ability|p2a: Muk|Moody|boost\n|-boost|p2a: Muk|spa|2\n|-unboost|p2a: Muk|def|1\n|upkeep\n|\n|t:|1699918634\n|switch|p2b: Garganacl|Garganacl, L50, M|100\/100\n|turn|2\n|\n|t:|1699918655\n|move|p2b: Garganacl|Wide Guard|p2b: Garganacl\n|-singleturn|p2b: Garganacl|Wide Guard\n|move|p1b: Arcanine|Rock Slide|p2a: Muk|[spread] \n|-activate|p2a: Muk|move: Wide Guard\n|-activate|p2b: Garganacl|move: Wide Guard\n|move|p1a: Gholdengo|Make It Rain|p2b: Garganacl|[spread] \n|-activate|p2a: Muk|move: Wide Guard\n|-activate|p2b: Garganacl|move: Wide Guard\n|move|p2a: Muk|Toxic|p1b: Arcanine\n|-status|p1b: Arcanine|tox\n|\n|-heal|p2a: Muk|78\/100|[from] item: Leftovers\n|-damage|p1b: Arcanine|95\/100 tox|[from] psn\n|-ability|p2a: Muk|Moody|boost\n|-boost|p2a: Muk|spd|2\n|-unboost|p2a: Muk|atk|1\n|upkeep\n|turn|3\n|\n|t:|1699918677\n|switch|p1b: Urshifu|Urshifu-Rapid-Strike, L50, M|100\/100\n|-terastallize|p2b: Garganacl|Ghost\n|move|p1a: Gholdengo|Protect|p1a: Gholdengo\n|-singleturn|p1a: Gholdengo|Protect\n|move|p2a: Muk|Minimize|p2a: Muk\n|-boost|p2a: Muk|evasion|2\n|move|p2b: Garganacl|Salt Cure|p1a: Gholdengo\n|-activate|p1a: Gholdengo|move: Protect\n|\n|-heal|p2a: Muk|84\/100|[from] item: Leftovers\n|-ability|p2a: Muk|Moody|boost\n|-boost|p2a: Muk|spe|2\n|-unboost|p2a: Muk|spa|1\n|upkeep\n|turn|4\n|inactive|HydraulikToad has 30 seconds left.\n|\n|t:|1699918714\n|move|p1b: Urshifu|Surging Strikes|p2b: Garganacl\n|-crit|p2b: Garganacl\n|-damage|p2b: Garganacl|83\/100\n|-crit|p2b: Garganacl\n|-damage|p2b: Garganacl|65\/100\n|-crit|p2b: Garganacl\n|-damage|p2b: Garganacl|48\/100\n|-enditem|p2b: Garganacl|Sitrus Berry|[eat]\n|-heal|p2b: Garganacl|72\/100|[from] item: Sitrus Berry\n|-hitcount|p2b: Garganacl|3\n|move|p2a: Muk|Toxic|p1b: Urshifu\n|-status|p1b: Urshifu|tox\n|move|p1a: Gholdengo|Make It Rain|p2a: Muk|[spread] p2a,p2b\n|-crit|p2b: Garganacl\n|-damage|p2a: Muk|51\/100\n|-damage|p2b: Garganacl|0 fnt\n|-unboost|p1a: Gholdengo|spa|1\n|faint|p2b: Garganacl\n|\n|-heal|p2a: Muk|58\/100|[from] item: Leftovers\n|-damage|p1b: Urshifu|95\/100 tox|[from] psn\n|-ability|p2a: Muk|Moody|boost\n|-boost|p2a: Muk|spd|2\n|-unboost|p2a: Muk|spa|1\n|upkeep\n|\n|t:|1699918723\n|switch|p2b: Goodra|Goodra-Hisui, L50, M|100\/100\n|turn|5\n|\n|t:|1699918743\n|move|p1b: Urshifu|Surging Strikes|p2a: Muk|[miss]\n|-miss|p1b: Urshifu|p2a: Muk\n|move|p2a: Muk|Minimize|p2a: Muk\n|-boost|p2a: Muk|evasion|2\n|move|p1a: Gholdengo|Nasty Plot|p1a: Gholdengo\n|-boost|p1a: Gholdengo|spa|2\n|move|p2b: Goodra|Life Dew||[still]|[spread] p2a,p2b\n|-heal|p2a: Muk|83\/100\n|-fail|p2b: Goodra|heal\n|\n|-heal|p2a: Muk|89\/100|[from] item: Leftovers\n|-damage|p1b: Urshifu|83\/100 tox|[from] psn\n|-ability|p2a: Muk|Moody|boost\n|-boost|p2a: Muk|spa|2\n|-unboost|p2a: Muk|spd|1\n|upkeep\n|turn|6\n|\n|t:|1699918765\n|move|p1b: Urshifu|Surging Strikes|p2a: Muk|[miss]\n|-miss|p1b: Urshifu|p2a: Muk\n|move|p2a: Muk|Knock Off|p1b: Urshifu\n|-resisted|p1b: Urshifu\n|-damage|p1b: Urshifu|73\/100 tox\n|-enditem|p1b: Urshifu|Mystic Water|[from] move: Knock Off|[of] p2a: Muk\n|move|p1a: Gholdengo|Make It Rain|p2a: Muk|[spread] p2b\n|-miss|p1a: Gholdengo|p2a: Muk\n|-resisted|p2b: Goodra\n|-damage|p2b: Goodra|72\/100\n|-unboost|p1a: Gholdengo|spa|1\n|move|p2b: Goodra|Body Press|p1b: Urshifu\n|-damage|p1b: Urshifu|55\/100 tox\n|\n|-heal|p2a: Muk|95\/100|[from] item: Leftovers\n|-damage|p1b: Urshifu|38\/100 tox|[from] psn\n|-ability|p2a: Muk|Moody|boost\n|-boost|p2a: Muk|spa|2\n|-unboost|p2a: Muk|atk|1\n|upkeep\n|turn|7\n|inactive|Hi its joe has 30 seconds left.\n|\n|t:|1699918794\n|move|p1b: Urshifu|Surging Strikes|p2a: Muk|[miss]\n|-miss|p1b: Urshifu|p2a: Muk\n|move|p2a: Muk|Knock Off|p1a: Gholdengo\n|-supereffective|p1a: Gholdengo\n|-damage|p1a: Gholdengo|74\/100\n|-enditem|p1a: Gholdengo|Leftovers|[from] move: Knock Off|[of] p2a: Muk\n|move|p1a: Gholdengo|Shadow Ball|p2b: Goodra\n|-damage|p2b: Goodra|31\/100\n|move|p2b: Goodra|Life Dew|p2b: Goodra|[spread] p2a,p2b\n|-heal|p2a: Muk|100\/100\n|-heal|p2b: Goodra|56\/100\n|\n|-damage|p1b: Urshifu|15\/100 tox|[from] psn\n|-ability|p2a: Muk|Moody|boost\n|-boost|p2a: Muk|def|2\n|-unboost|p2a: Muk|spe|1\n|upkeep\n|turn|8\n|inactive|HydraulikToad has 30 seconds left.\n|\n|t:|1699918829\n|move|p2b: Goodra|Protect|p2b: Goodra\n|-singleturn|p2b: Goodra|Protect\n|move|p1b: Urshifu|Surging Strikes|p2a: Muk|[miss]\n|-miss|p1b: Urshifu|p2a: Muk\n|move|p1a: Gholdengo|Nasty Plot|p1a: Gholdengo\n|-boost|p1a: Gholdengo|spa|2\n|move|p2a: Muk|Knock Off|p1a: Gholdengo\n|-supereffective|p1a: Gholdengo\n|-damage|p1a: Gholdengo|58\/100\n|\n|-damage|p1b: Urshifu|0 fnt|[from] psn\n|faint|p1b: Urshifu\n|-ability|p2a: Muk|Moody|boost\n|-boost|p2a: Muk|spd|2\n|-unboost|p2a: Muk|spe|1\n|upkeep\n|\n|t:|1699918843\n|switch|p1b: Tornadus|Tornadus, L50, M, shiny|100\/100\n|turn|9\n|\n|t:|1699918853\n|move|p1b: Tornadus|Rain Dance|p1b: Tornadus\n|-weather|RainDance\n|move|p1a: Gholdengo|Shadow Ball|p2b: Goodra\n|-damage|p2b: Goodra|0 fnt\n|faint|p2b: Goodra\n|move|p2a: Muk|Toxic|p1b: Tornadus\n|-status|p1b: Tornadus|tox\n|\n|-weather|RainDance|[upkeep]\n|-damage|p1b: Tornadus|95\/100 tox|[from] psn\n|-ability|p2a: Muk|Moody|boost\n|-boost|p2a: Muk|def|2\n|-unboost|p2a: Muk|spd|1\n|upkeep\n|turn|10\n|\n|t:|1699918867\n|move|p2a: Muk|Protect|p2a: Muk\n|-singleturn|p2a: Muk|Protect\n|move|p1b: Tornadus|Bleakwind Storm|p2a: Muk\n|-activate|p2a: Muk|move: Protect\n|move|p1a: Gholdengo|Make It Rain|p2a: Muk\n|-activate|p2a: Muk|move: Protect\n|\n|-weather|RainDance|[upkeep]\n|-damage|p1b: Tornadus|83\/100 tox|[from] psn\n|-ability|p2a: Muk|Moody|boost\n|-boost|p2a: Muk|def|2\n|-unboost|p2a: Muk|atk|1\n|upkeep\n|turn|11\n|inactive|HydraulikToad has 30 seconds left.\n|\n|t:|1699918899\n|move|p1b: Tornadus|Bleakwind Storm|p2a: Muk\n|-damage|p2a: Muk|89\/100\n|move|p1a: Gholdengo|Nasty Plot|p1a: Gholdengo\n|-boost|p1a: Gholdengo|spa|2\n|move|p2a: Muk|Knock Off|p1b: Tornadus\n|-damage|p1b: Tornadus|68\/100 tox\n|-enditem|p1b: Tornadus|Mental Herb|[from] move: Knock Off|[of] p2a: Muk\n|\n|-weather|RainDance|[upkeep]\n|-heal|p2a: Muk|95\/100|[from] item: Leftovers\n|-damage|p1b: Tornadus|50\/100 tox|[from] psn\n|-ability|p2a: Muk|Moody|boost\n|-boost|p2a: Muk|spe|2\n|-unboost|p2a: Muk|def|1\n|upkeep\n|turn|12\n|\n|t:|1699918914\n|switch|p1b: Arcanine|Arcanine-Hisui, L50, M|95\/100 tox\n|-ability|p1b: Arcanine|Intimidate|boost\n|-unboost|p2a: Muk|atk|1\n|move|p2a: Muk|Protect|p2a: Muk\n|-singleturn|p2a: Muk|Protect\n|move|p1a: Gholdengo|Make It Rain|p2a: Muk\n|-activate|p2a: Muk|move: Protect\n|\n|-weather|RainDance|[upkeep]\n|-heal|p2a: Muk|100\/100|[from] item: Leftovers\n|-damage|p1b: Arcanine|89\/100 tox|[from] psn\n|-ability|p2a: Muk|Moody|boost\n|-boost|p2a: Muk|def|2\n|-unboost|p2a: Muk|spa|1\n|upkeep\n|turn|13\n|inactive|Hi its joe has 30 seconds left.\n|inactive|Hi its joe has 20 seconds left.\n|inactive|Hi its joe has 15 seconds left.\n|\n|t:|1699918955\n|move|p2a: Muk|Knock Off|p1a: Gholdengo\n|-supereffective|p1a: Gholdengo\n|-damage|p1a: Gholdengo|44\/100\n|move|p1b: Arcanine|Head Smash|p2a: Muk|[miss]\n|-miss|p1b: Arcanine|p2a: Muk\n|move|p1a: Gholdengo|Make It Rain|p2a: Muk|[miss]\n|-miss|p1a: Gholdengo|p2a: Muk\n|\n|-weather|none\n|-damage|p1b: Arcanine|77\/100 tox|[from] psn\n|-ability|p2a: Muk|Moody|boost\n|-boost|p2a: Muk|spe|2\n|-unboost|p2a: Muk|spd|1\n|upkeep\n|turn|14\n|\n|t:|1699918987\n|switch|p1b: Tornadus|Tornadus, L50, M, shiny|50\/100 tox\n|move|p2a: Muk|Protect|p2a: Muk\n|-singleturn|p2a: Muk|Protect\n|move|p1a: Gholdengo|Make It Rain|p2a: Muk\n|-activate|p2a: Muk|move: Protect\n|\n|-damage|p1b: Tornadus|44\/100 tox|[from] psn\n|-ability|p2a: Muk|Moody|boost\n|-boost|p2a: Muk|atk|2\n|-unboost|p2a: Muk|spe|1\n|upkeep\n|turn|15\n|\n|t:|1699919000\n|move|p1b: Tornadus|Rain Dance|p1b: Tornadus\n|-weather|RainDance\n|move|p2a: Muk|Knock Off|p1a: Gholdengo\n|-supereffective|p1a: Gholdengo\n|-damage|p1a: Gholdengo|27\/100\n|move|p1a: Gholdengo|Make It Rain|p2a: Muk|[miss]\n|-miss|p1a: Gholdengo|p2a: Muk\n|\n|-weather|RainDance|[upkeep]\n|-damage|p1b: Tornadus|32\/100 tox|[from] psn\n|-ability|p2a: Muk|Moody|boost\n|-boost|p2a: Muk|atk|2\n|-unboost|p2a: Muk|spa|1\n|upkeep\n|turn|16\n|-message|Hi its joe forfeited.\n|\n|win|HydraulikToad\n|raw|Hi its joe's rating: 1363 &rarr; <strong>1342<\/strong><br \/>(-21 for losing)\n|raw|HydraulikToad's rating: 1354 &rarr; <strong>1375<\/strong><br \/>(+21 for winning)\n|l|\u2606Hi its joe\n","uploadtime":1699919037,"views":19,"p1id":"hiitsjoe","p2id":"hydrauliktoad","formatid":"gen9vgc2023regulatione","rating":1342,"private":0,"password":""}