{"id":"gen9vgc2023regulatione-1998982692","p1":"NerdyBrain123","p2":"SinistchaChaSlide","format":"[Gen 9] VGC 2023 Regulation E","log":"|j|\u2606NerdyBrain123\n|j|\u2606SinistchaChaSlide\n|n|\u2606NerdyBrain123|nerdybrain123\n|n|\u2606SinistchaChaSlide|sinistchachaslide\n|html|View the match progress at <a href=\"\/game-bestof3-gen9vgc2023regulatione-1998982691\">game-bestof3-gen9vgc2023regulatione-1998982691<\/a>\n|t:|1701020554\n|gametype|doubles\n|player|p1|NerdyBrain123|scientist|\n|player|p2|SinistchaChaSlide|wattson|\n|teamsize|p1|6\n|teamsize|p2|6\n|gen|9\n|tier|[Gen 9] VGC 2023 Regulation E\n|rule|Species Clause: Limit one of each Pok\u00e9mon\n|rule|Item Clause: Limit one of each item\n|clearpoke\n|poke|p1|Lucario, L50, M|\n|poke|p1|Gholdengo, L50|\n|poke|p1|Volcarona, L50, M|\n|poke|p1|Overqwil, L50, M|\n|poke|p1|Pikachu, L50, M|\n|poke|p1|Salamence, L50, M|\n|poke|p2|Zoroark-Hisui, L50, F|\n|poke|p2|Inteleon, L50, F|\n|poke|p2|Altaria, L50, M|\n|poke|p2|Zapdos, L50|\n|poke|p2|Gothitelle, L50, M|\n|poke|p2|Urshifu-*, L50, F|\n|teampreview|4\nSinistchaChaSlide rejected open team sheets.\n|\n|t:|1701020646\n|start\n|switch|p1a: Blueberry Slush|Lucario, L50, M|100\/100\n|switch|p1b: Mac n' Cheese|Gholdengo, L50|100\/100\n|switch|p2a: Mediium Rare Beef|Urshifu, L50, F|100\/100\n|switch|p2b: Crispy Bacon|Zapdos, L50|100\/100\n|turn|1\n|\n|t:|1701020693\n|switch|p1b: Crab Wonton|Volcarona, L50, M|100\/100\n|move|p2a: Mediium Rare Beef|Protect|p2a: Mediium Rare Beef\n|-singleturn|p2a: Mediium Rare Beef|Protect\n|move|p1a: Blueberry Slush|Aura Sphere|p2a: Mediium Rare Beef\n|-activate|p2a: Mediium Rare Beef|move: Protect\n|move|p2b: Crispy Bacon|Tailwind|p2b: Crispy Bacon\n|-sidestart|p2: SinistchaChaSlide|move: Tailwind\n|\n|upkeep\n|turn|2\n|\n|t:|1701020733\n|-terastallize|p2a: Mediium Rare Beef|Electric\n|move|p1b: Crab Wonton|Rage Powder|p1b: Crab Wonton\n|-singleturn|p1b: Crab Wonton|move: Rage Powder\n|move|p2a: Mediium Rare Beef|Rock Slide|p1b: Crab Wonton|[spread] p1a,p1b\n|-resisted|p1a: Blueberry Slush\n|-crit|p1a: Blueberry Slush\n|-supereffective|p1b: Crab Wonton\n|-damage|p1a: Blueberry Slush|91\/100\n|-damage|p1b: Crab Wonton|28\/100\n|-enditem|p1b: Crab Wonton|Sitrus Berry|[eat]\n|-heal|p1b: Crab Wonton|53\/100|[from] item: Sitrus Berry\n|move|p2b: Crispy Bacon|Hurricane|p1b: Crab Wonton\n|-supereffective|p1b: Crab Wonton\n|-damage|p1b: Crab Wonton|0 fnt\n|faint|p1b: Crab Wonton\n|move|p1a: Blueberry Slush|Aura Sphere|p2a: Mediium Rare Beef\n|-damage|p2a: Mediium Rare Beef|51\/100\n|\n|upkeep\n|\n|t:|1701020749\n|switch|p1b: Glacier Freeze|Salamence, L50, M|100\/100\n|-ability|p1b: Glacier Freeze|Intimidate|boost\n|-unboost|p2a: Mediium Rare Beef|atk|1\n|-unboost|p2b: Crispy Bacon|atk|1\n|turn|3\n|\n|t:|1701020765\n|switch|p1a: Mac n' Cheese|Gholdengo, L50|100\/100\n|move|p2a: Mediium Rare Beef|Protect|p2a: Mediium Rare Beef\n|-singleturn|p2a: Mediium Rare Beef|Protect\n|move|p2b: Crispy Bacon|Thunderbolt|p1b: Glacier Freeze\n|-damage|p1b: Glacier Freeze|63\/100\n|move|p1b: Glacier Freeze|Dragon Dance|p1b: Glacier Freeze\n|-boost|p1b: Glacier Freeze|atk|1\n|-boost|p1b: Glacier Freeze|spe|1\n|\n|upkeep\n|turn|4\n|\n|t:|1701020821\n|-terastallize|p1a: Mac n' Cheese|Water\n|move|p2a: Mediium Rare Beef|Wicked Blow|p1a: Mac n' Cheese\n|-crit|p1a: Mac n' Cheese\n|-damage|p1a: Mac n' Cheese|48\/100\n|move|p2b: Crispy Bacon|Thunderbolt|p1b: Glacier Freeze\n|-damage|p1b: Glacier Freeze|25\/100\n|move|p1b: Glacier Freeze|Dual Wingbeat|p2a: Mediium Rare Beef\n|-resisted|p2a: Mediium Rare Beef\n|-damage|p2a: Mediium Rare Beef|31\/100\n|-resisted|p2a: Mediium Rare Beef\n|-damage|p2a: Mediium Rare Beef|7\/100\n|-hitcount|p2a: Mediium Rare Beef|2\n|-damage|p1b: Glacier Freeze|15\/100|[from] item: Life Orb\n|move|p1a: Mac n' Cheese|Nasty Plot|p1a: Mac n' Cheese\n|-boost|p1a: Mac n' Cheese|spa|2\n|\n|-heal|p1a: Mac n' Cheese|55\/100|[from] item: Leftovers\n|-sideend|p2: SinistchaChaSlide|move: Tailwind\n|upkeep\n|turn|5\n|\n|t:|1701020847\n|move|p2a: Mediium Rare Beef|Sucker Punch||[still]\n|-fail|p2a: Mediium Rare Beef\n|move|p1b: Glacier Freeze|Dragon Dance|p1b: Glacier Freeze\n|-boost|p1b: Glacier Freeze|atk|1\n|-boost|p1b: Glacier Freeze|spe|1\n|move|p2b: Crispy Bacon|Thunderbolt|p1a: Mac n' Cheese\n|-supereffective|p1a: Mac n' Cheese\n|-damage|p1a: Mac n' Cheese|0 fnt\n|faint|p1a: Mac n' Cheese\n|\n|upkeep\n|\n|t:|1701020855\n|switch|p1a: Blueberry Slush|Lucario, L50, M|91\/100\n|turn|6\n|\n|t:|1701020870\n|move|p1a: Blueberry Slush|Vacuum Wave|p2a: Mediium Rare Beef\n|-damage|p2a: Mediium Rare Beef|0 fnt\n|faint|p2a: Mediium Rare Beef\n|move|p1b: Glacier Freeze|Dual Wingbeat|p2b: Crispy Bacon\n|-resisted|p2b: Crispy Bacon\n|-damage|p2b: Crispy Bacon|78\/100\n|-damage|p1b: Glacier Freeze|0 fnt|[from] item: Rocky Helmet|[of] p2b: Crispy Bacon\n|faint|p1b: Glacier Freeze\n|-hitcount|p2b: Crispy Bacon|1\n|move|p2b: Crispy Bacon|Hurricane|p1a: Blueberry Slush|[miss]\n|-miss|p2b: Crispy Bacon|p1a: Blueberry Slush\n|\n|upkeep\n|\n|t:|1701020877\n|switch|p2a: Spicy Mustard|Gothitelle, L50, M|100\/100\n|turn|7\n|\n|t:|1701020885\n|move|p2a: Spicy Mustard|Fake Out|p1a: Blueberry Slush\n|-resisted|p1a: Blueberry Slush\n|-damage|p1a: Blueberry Slush|88\/100\n|move|p1a: Blueberry Slush|Vacuum Wave|p2a: Spicy Mustard\n|-resisted|p2a: Spicy Mustard\n|-damage|p2a: Spicy Mustard|94\/100\n|move|p2b: Crispy Bacon|Hurricane|p1a: Blueberry Slush\n|-damage|p1a: Blueberry Slush|21\/100\n|-start|p1a: Blueberry Slush|confusion\n|\n|upkeep\n|turn|8\n|\n|t:|1701020895\n|-activate|p1a: Blueberry Slush|confusion\n|move|p1a: Blueberry Slush|Vacuum Wave|p2a: Spicy Mustard\n|-resisted|p2a: Spicy Mustard\n|-damage|p2a: Spicy Mustard|88\/100\n|move|p2b: Crispy Bacon|Thunderbolt|p1a: Blueberry Slush\n|-damage|p1a: Blueberry Slush|0 fnt\n|faint|p1a: Blueberry Slush\n|\n|win|SinistchaChaSlide\n|c|\u2606NerdyBrain123|ggs!\n","uploadtime":1701020904,"views":11,"p1id":"nerdybrain123","p2id":"sinistchachaslide","formatid":"gen9vgc2023regulatione","rating":0,"private":0,"password":""}