{"id":"gen9vgc2023regulatione-1990956712","p1":"CryBabyMachine","p2":"Astra15","format":"[Gen 9] VGC 2023 Regulation E","log":"|j|\u2606CryBabyMachine\n|j|\u2606Astra15\n|t:|1700019595\n|gametype|doubles\n|player|p1|CryBabyMachine|clerkf|1209\n|player|p2|Astra15|hugh|1222\n|teamsize|p1|6\n|teamsize|p2|6\n|gen|9\n|tier|[Gen 9] VGC 2023 Regulation E\n|rated|\n|rule|Species Clause: Limit one of each Pok\u00e9mon\n|rule|Item Clause: Limit one of each item\n|clearpoke\n|poke|p1|Chi-Yu, L50|\n|poke|p1|Flutter Mane, L50|\n|poke|p1|Iron Bundle, L50|\n|poke|p1|Tornadus, L50, M|\n|poke|p1|Chien-Pao, L50|\n|poke|p1|Sneasler, L50, M|\n|poke|p2|Politoed, L50, M|\n|poke|p2|Tornadus, L50, M|\n|poke|p2|Basculegion, L50, M|\n|poke|p2|Iron Hands, L50|\n|poke|p2|Ogerpon-Wellspring, L50, F|\n|poke|p2|Landorus-Therian, L50, M|\n|teampreview|4\nAstra15 rejected open team sheets.\n|\n|t:|1700019632\n|start\n|switch|p1a: Iron Bundle|Iron Bundle, L50|100\/100\n|switch|p1b: Sneasler|Sneasler, L50, M|100\/100\n|switch|p2a: Politoed|Politoed, L50, M|100\/100\n|switch|p2b: Ogerpon|Ogerpon-Wellspring, L50, F|100\/100\n|-weather|RainDance|[from] ability: Drizzle|[of] p2a: Politoed\n|-enditem|p1a: Iron Bundle|Booster Energy\n|-activate|p1a: Iron Bundle|ability: Quark Drive|[fromitem]\n|-start|p1a: Iron Bundle|quarkdrivespe\n|turn|1\n|\n|t:|1700019663\n|move|p2b: Ogerpon|Spiky Shield|p2b: Ogerpon\n|-singleturn|p2b: Ogerpon|move: Protect\n|move|p1b: Sneasler|Fake Out|p2a: Politoed\n|-enditem|p1b: Sneasler|Normal Gem|[from] gem\n|-damage|p2a: Politoed|80\/100\n|move|p1a: Iron Bundle|Freeze-Dry|p2b: Ogerpon\n|-activate|p2b: Ogerpon|move: Protect\n|cant|p2a: Politoed|flinch\n|\n|-weather|RainDance|[upkeep]\n|-heal|p2a: Politoed|86\/100|[from] item: Leftovers\n|upkeep\n|turn|2\n|\n|t:|1700019689\n|-terastallize|p1b: Sneasler|Flying\n|move|p1b: Sneasler|Acrobatics|p2b: Ogerpon\n|-supereffective|p2b: Ogerpon\n|-damage|p2b: Ogerpon|16\/100\n|move|p1a: Iron Bundle|Freeze-Dry|p2a: Politoed\n|-supereffective|p2a: Politoed\n|-damage|p2a: Politoed|35\/100\n|move|p2b: Ogerpon|Ivy Cudgel|p1b: Sneasler|[anim] Ivy Cudgel Water\n|-damage|p1b: Sneasler|0 fnt\n|faint|p1b: Sneasler\n|move|p2a: Politoed|Earth Power|p1a: Iron Bundle\n|-damage|p1a: Iron Bundle|64\/100\n|\n|-weather|RainDance|[upkeep]\n|-heal|p2a: Politoed|41\/100|[from] item: Leftovers\n|upkeep\n|\n|t:|1700019706\n|switch|p1b: Flutter Mane|Flutter Mane, L50|100\/100\n|turn|3\n|\n|t:|1700019713\n|move|p1a: Iron Bundle|Freeze-Dry|p2a: Politoed\n|-supereffective|p2a: Politoed\n|-damage|p2a: Politoed|0 fnt\n|faint|p2a: Politoed\n|move|p1b: Flutter Mane|Dazzling Gleam|p2b: Ogerpon\n|-damage|p2b: Ogerpon|0 fnt\n|faint|p2b: Ogerpon\n|\n|-weather|RainDance|[upkeep]\n|upkeep\n|\n|t:|1700019720\n|switch|p2b: Iron Hands|Iron Hands, L50|100\/100\n|switch|p2a: Basculegion|Basculegion, L50, M|100\/100\n|turn|4\n|\n|t:|1700019734\n|-terastallize|p2a: Basculegion|Ghost\n|move|p1a: Iron Bundle|Protect|p1a: Iron Bundle\n|-singleturn|p1a: Iron Bundle|Protect\n|move|p2a: Basculegion|Last Respects|p1b: Flutter Mane\n|-supereffective|p1b: Flutter Mane\n|-damage|p1b: Flutter Mane|0 fnt\n|faint|p1b: Flutter Mane\n|-end|p1b: Flutter Mane|Protosynthesis|[silent]\n|move|p2b: Iron Hands|Drain Punch|p1a: Iron Bundle\n|-activate|p1a: Iron Bundle|move: Protect\n|\n|-weather|RainDance|[upkeep]\n|upkeep\n|\n|t:|1700019754\n|switch|p1b: Chien-Pao|Chien-Pao, L50|100\/100\n|-ability|p1b: Chien-Pao|Sword of Ruin\n|turn|5\n|\n|t:|1700019764\n|move|p2a: Basculegion|Last Respects|p1a: Iron Bundle\n|-damage|p1a: Iron Bundle|0 fnt\n|faint|p1a: Iron Bundle\n|-end|p1a: Iron Bundle|Quark Drive|[silent]\n|move|p1b: Chien-Pao|Crunch|p2a: Basculegion\n|-supereffective|p2a: Basculegion\n|-damage|p2a: Basculegion|0 fnt\n|faint|p2a: Basculegion\n|move|p2b: Iron Hands|Drain Punch|p1b: Chien-Pao\n|-supereffective|p1b: Chien-Pao\n|-enditem|p1b: Chien-Pao|Focus Sash\n|-damage|p1b: Chien-Pao|1\/100\n|-damage|p2b: Iron Hands|91\/100|[from] item: Life Orb\n|\n|-weather|none\n|upkeep\n|turn|6\n|\n|t:|1700019780\n|move|p1b: Chien-Pao|Ice Spinner|p2b: Iron Hands\n|-damage|p2b: Iron Hands|57\/100\n|move|p2b: Iron Hands|Drain Punch|p1b: Chien-Pao\n|-supereffective|p1b: Chien-Pao\n|-damage|p1b: Chien-Pao|0 fnt\n|-heal|p2b: Iron Hands|57\/100|[from] drain|[of] p1b: Chien-Pao\n|faint|p1b: Chien-Pao\n|-damage|p2b: Iron Hands|47\/100|[from] item: Life Orb\n|\n|win|Astra15\n|raw|CryBabyMachine's rating: 1209 &rarr; <strong>1185<\/strong><br \/>(-24 for losing)\n|raw|Astra15's rating: 1222 &rarr; <strong>1246<\/strong><br \/>(+24 for winning)\n","uploadtime":1700019847,"views":11,"p1id":"crybabymachine","p2id":"astra15","formatid":"gen9vgc2023regulatione","rating":1185,"private":0,"password":""}