{"id":"gen9vgc2023regulatione-1998507983","p1":"newusernovice","p2":"CALAMELLA","format":"[Gen 9] VGC 2023 Regulation E","log":"|j|\u2606newusernovice\n|j|\u2606CALAMELLA\n|t:|1700950244\n|gametype|doubles\n|player|p1|newusernovice|brawly|1439\n|player|p2|CALAMELLA|drayden|1365\n|teamsize|p1|6\n|teamsize|p2|6\n|gen|9\n|tier|[Gen 9] VGC 2023 Regulation E\n|rated|\n|rule|Species Clause: Limit one of each Pok\u00e9mon\n|rule|Item Clause: Limit one of each item\n|clearpoke\n|poke|p1|Regieleki, L50|\n|poke|p1|Indeedee-F, L50, F|\n|poke|p1|Flutter Mane, L50|\n|poke|p1|Chi-Yu, L50|\n|poke|p1|Tornadus, L50, M|\n|poke|p1|Ogerpon-Wellspring, L50, F|\n|poke|p2|Ursaluna-Bloodmoon, L50, M|\n|poke|p2|Dusclops, L50, M|\n|poke|p2|Ogerpon-Hearthflame, L50, F|\n|poke|p2|Rillaboom, L50, F|\n|poke|p2|Urshifu-*, L50, M|\n|poke|p2|Iron Hands, L50|\n|teampreview|4\n|inactive|Battle timer is ON: inactive players will automatically lose when time's up. (requested by newusernovice)\n|inactive|CALAMELLA has 60 seconds left.\n|\n|t:|1700950277\n|start\n|switch|p1a: Flutter Mane|Flutter Mane, L50|100\/100\n|switch|p1b: Chi-Yu|Chi-Yu, L50|100\/100\n|switch|p2a: Ogerpon|Ogerpon-Hearthflame, L50, F|100\/100\n|switch|p2b: Dusclops|Dusclops, L50, M|100\/100\n|-ability|p1b: Chi-Yu|Beads of Ruin\n|-ability|p2a: Ogerpon|Mold Breaker\n|-ability|p2b: Dusclops|Pressure\n|turn|1\n|\n|t:|1700950300\n|-terastallize|p1b: Chi-Yu|Fire\n|move|p2a: Ogerpon|Follow Me|p2a: Ogerpon\n|-singleturn|p2a: Ogerpon|move: Follow Me\n|move|p1a: Flutter Mane|Moonblast|p2a: Ogerpon\n|-resisted|p2a: Ogerpon\n|-damage|p2a: Ogerpon|63\/100\n|move|p1b: Chi-Yu|Overheat|p2a: Ogerpon\n|-damage|p2a: Ogerpon|0 fnt\n|-unboost|p1b: Chi-Yu|spa|2\n|faint|p2a: Ogerpon\n|-damage|p1b: Chi-Yu|91\/100|[from] item: Life Orb\n|move|p2b: Dusclops|Trick Room|p2b: Dusclops\n|-fieldstart|move: Trick Room|[of] p2b: Dusclops\n|\n|upkeep\n|\n|t:|1700950315\n|switch|p2a: Ursaluna|Ursaluna-Bloodmoon, L50, M|100\/100\n|turn|2\n|\n|t:|1700950333\n|move|p2a: Ursaluna|Protect|p2a: Ursaluna\n|-singleturn|p2a: Ursaluna|Protect\n|move|p1b: Chi-Yu|Protect|p1b: Chi-Yu\n|-singleturn|p1b: Chi-Yu|Protect\n|move|p1a: Flutter Mane|Protect|p1a: Flutter Mane\n|-singleturn|p1a: Flutter Mane|Protect\n|move|p2b: Dusclops|Trick Room|p2b: Dusclops\n|-fieldend|move: Trick Room\n|\n|upkeep\n|turn|3\n|c|\u2606CALAMELLA|missclick\n|inactive|newusernovice has 30 seconds left.\n|inactive|CALAMELLA has 30 seconds left.\n|\n|t:|1700950368\n|-terastallize|p2b: Dusclops|Dark\n|move|p1a: Flutter Mane|Moonblast|p2a: Ursaluna\n|-damage|p2a: Ursaluna|19\/100\n|-unboost|p2a: Ursaluna|spa|1\n|move|p1b: Chi-Yu|Overheat|p2a: Ursaluna\n|-damage|p2a: Ursaluna|0 fnt\n|-unboost|p1b: Chi-Yu|spa|2\n|faint|p2a: Ursaluna\n|-damage|p1b: Chi-Yu|81\/100|[from] item: Life Orb\n|move|p2b: Dusclops|Trick Room|p2b: Dusclops\n|-fieldstart|move: Trick Room|[of] p2b: Dusclops\n|\n|upkeep\n|\n|t:|1700950382\n|switch|p2a: Iron Hands|Iron Hands, L50|100\/100\n|turn|4\n|\n|t:|1700950398\n|move|p1b: Chi-Yu|Protect|p1b: Chi-Yu\n|-singleturn|p1b: Chi-Yu|Protect\n|move|p1a: Flutter Mane|Protect|p1a: Flutter Mane\n|-singleturn|p1a: Flutter Mane|Protect\n|move|p2b: Dusclops|Night Shade|p1a: Flutter Mane\n|-activate|p1a: Flutter Mane|move: Protect\n|move|p2a: Iron Hands|Wild Charge|p1a: Flutter Mane\n|-activate|p1a: Flutter Mane|move: Protect\n|\n|upkeep\n|turn|5\n|\n|t:|1700950418\n|switch|p1b: Ogerpon|Ogerpon-Wellspring, L50, F|100\/100\n|-end|p1a: Flutter Mane|Protosynthesis|[silent]\n|switch|p1a: Indeedee|Indeedee-F, L50, F|100\/100\n|-fieldstart|move: Psychic Terrain|[from] ability: Psychic Surge|[of] p1a: Indeedee\n|move|p2b: Dusclops|Night Shade|p1a: Indeedee\n|-immune|p1a: Indeedee\n|move|p2a: Iron Hands|Wild Charge|p1a: Indeedee\n|-damage|p1a: Indeedee|54\/100\n|-damage|p2a: Iron Hands|92\/100|[from] Recoil\n|\n|upkeep\n|turn|6\n|\n|t:|1700950440\n|move|p1a: Indeedee|Protect|p1a: Indeedee\n|-singleturn|p1a: Indeedee|Protect\n|move|p2b: Dusclops|Will-O-Wisp|p1b: Ogerpon|[miss]\n|-miss|p2b: Dusclops|p1b: Ogerpon\n|move|p2a: Iron Hands|Wild Charge|p1a: Indeedee\n|-activate|p1a: Indeedee|move: Protect\n|move|p1b: Ogerpon|Swords Dance|p1b: Ogerpon\n|-boost|p1b: Ogerpon|atk|2\n|\n|upkeep\n|turn|7\n|-message|CALAMELLA forfeited.\n|\n|win|newusernovice\n|raw|newusernovice's rating: 1439 &rarr; <strong>1455<\/strong><br \/>(+16 for winning)\n|raw|CALAMELLA's rating: 1365 &rarr; <strong>1349<\/strong><br \/>(-16 for losing)\n|l|\u2606CALAMELLA\n","uploadtime":1700950473,"views":6,"p1id":"newusernovice","p2id":"calamella","formatid":"gen9vgc2023regulatione","rating":1349,"private":0,"password":""}