{"id":"gen9vgc2023regulatione-1991172110","p1":"Iono1119","p2":"maku8319","format":"[Gen 9] VGC 2023 Regulation E","log":"|j|\u2606Iono1119\n|j|\u2606maku8319\n|n|\u2606Iono1119|iono1119\n|n|\u2606maku8319|maku8319\n|html|View the match progress at <a href=\"\/game-bestof3-gen9vgc2023regulatione-1991172109\">game-bestof3-gen9vgc2023regulatione-1991172109<\/a>\n|t:|1700053259\n|gametype|doubles\n|player|p1|Iono1119|265|\n|player|p2|maku8319|red|\n|teamsize|p1|6\n|teamsize|p2|6\n|gen|9\n|tier|[Gen 9] VGC 2023 Regulation E\n|rule|Species Clause: Limit one of each Pok\u00e9mon\n|rule|Item Clause: Limit one of each item\n|clearpoke\n|poke|p1|Landorus-Therian, L50, M|\n|poke|p1|Okidogi, L50, M|\n|poke|p1|Iron Hands, L50|\n|poke|p1|Ogerpon-Wellspring, L50, F|\n|poke|p1|Grimmsnarl, L50, M|\n|poke|p1|Moltres-Galar, L50|\n|poke|p2|Landorus-Therian, L50, M|\n|poke|p2|Ogerpon-Wellspring, L50, F|\n|poke|p2|Iron Hands, L50|\n|poke|p2|Cresselia, L50, F|\n|poke|p2|Heatran, L50, F|\n|poke|p2|Flutter Mane, L50|\n|teampreview|4\n|inactive|Battle timer is ON: inactive players will automatically lose when time's up. (requested by Iono1119)\n|inactive|Iono1119 has 60 seconds left.\n|inactive|maku8319 has 60 seconds left.\nIono1119 has agreed to open team sheets.\nmaku8319 has agreed to open team sheets.\n|showteam|p1|Landorus-Therian||ChoiceScarf|Intimidate|StompingTantrum,RockSlide,TeraBlast,Uturn|||M|||50|,,,,,Flying]Okidogi||Leftovers|GuardDog|DrainPunch,PoisonJab,BulkUp,Protect|||M|||50|,,,,,Water]Iron Hands||AssaultVest|QuarkDrive|DrainPunch,WildCharge,HeavySlam,FakeOut||||||50|,,,,,Grass]Ogerpon-Wellspring||WellspringMask|WaterAbsorb|IvyCudgel,HornLeech,FollowMe,SpikyShield|||F|||50|,,,,,Water]Grimmsnarl||LightClay|Prankster|SpiritBreak,Reflect,LightScreen,PartingShot|||M|||50|,,,,,Fire]Moltres-Galar||SitrusBerry|Berserk|FieryWrath,AirSlash,NastyPlot,Protect||||||50|,,,,,Poison\n|showteam|p2|Landorus-Therian||ChoiceScarf|Intimidate|StompingTantrum,TeraBlast,Uturn,RockSlide|||M|||50|,,,,,Flying]Ogerpon-Wellspring||WellspringMask|WaterAbsorb|IvyCudgel,HornLeech,FollowMe,SpikyShield|||F|||50|,,,,,Water]Iron Hands||AssaultVest|QuarkDrive|WildCharge,DrainPunch,HeavySlam,FakeOut||||||50|,,,,,Grass]Cresselia||RockyHelmet|Levitate|Moonblast,HelpingHand,LunarBlessing,TrickRoom|||F|||50|,,,,,Fairy]Heatran||Leftovers|FlashFire|HeatWave,EarthPower,Substitute,Protect|||F|||50|,,,,,Grass]Flutter Mane||ChoiceSpecs|Protosynthesis|Moonblast,DazzlingGleam,ShadowBall,PowerGem||||||50|,,,,,Fairy\n|inactiveoff|Battle timer is now OFF.\n|\n|t:|1700053335\n|start\n|switch|p1a: Grimmsnarl|Grimmsnarl, L50, M|100\/100\n|switch|p1b: Moltres|Moltres-Galar, L50|100\/100\n|switch|p2a: Emilia|Flutter Mane, L50, shiny|100\/100\n|switch|p2b: Iron Hands|Iron Hands, L50, shiny|100\/100\n|turn|1\n|inactive|Battle timer is ON: inactive players will automatically lose when time's up. (requested by Iono1119)\n|\n|t:|1700053377\n|-end|p2b: Iron Hands|Quark Drive|[silent]\n|switch|p2b: Landorus|Landorus-Therian, L50, M|100\/100\n|-ability|p2b: Landorus|Intimidate|boost\n|-unboost|p1a: Grimmsnarl|atk|1\n|-unboost|p1b: Moltres|atk|1\n|-terastallize|p1b: Moltres|Poison\n|move|p1a: Grimmsnarl|Light Screen|p1a: Grimmsnarl\n|-sidestart|p1: Iono1119|move: Light Screen\n|move|p2a: Emilia|Shadow Ball|p1b: Moltres\n|-damage|p1b: Moltres|71\/100\n|-unboost|p1b: Moltres|spd|1\n|move|p1b: Moltres|Nasty Plot|p1b: Moltres\n|-boost|p1b: Moltres|spa|2\n|\n|upkeep\n|turn|2\n|\n|t:|1700053401\n|move|p1a: Grimmsnarl|Parting Shot|p2b: Landorus\n|-unboost|p2b: Landorus|atk|1\n|-unboost|p2b: Landorus|spa|1\n|\n|t:|1700053404\n|switch|p1a: Landorus|Landorus-Therian, L50, M|100\/100|[from] Parting Shot\n|-ability|p1a: Landorus|Intimidate|boost\n|-unboost|p2a: Emilia|atk|1\n|-unboost|p2b: Landorus|atk|1\n|move|p2b: Landorus|Stomping Tantrum|p1b: Moltres\n|-supereffective|p1b: Moltres\n|-damage|p1b: Moltres|30\/100\n|-ability|p1b: Moltres|Berserk|boost\n|-boost|p1b: Moltres|spa|1\n|-enditem|p1b: Moltres|Sitrus Berry|[eat]\n|-heal|p1b: Moltres|55\/100|[from] item: Sitrus Berry\n|move|p2a: Emilia|Shadow Ball|p1b: Moltres\n|-damage|p1b: Moltres|12\/100\n|-ability|p1b: Moltres|Berserk|boost\n|-boost|p1b: Moltres|spa|1\n|move|p1b: Moltres|Fiery Wrath|p2a: Emilia|[spread] p2a,p2b\n|-damage|p2a: Emilia|22\/100\n|-damage|p2b: Landorus|12\/100\n|\n|upkeep\n|turn|3\n|inactive|maku8319 has 30 seconds left.\n|\n|t:|1700053433\n|-end|p2a: Emilia|Protosynthesis|[silent]\n|switch|p2a: Ogerpon|Ogerpon-Wellspring, L50, F|100\/100\n|move|p1b: Moltres|Protect|p1b: Moltres\n|-singleturn|p1b: Moltres|Protect\n|move|p1a: Landorus|Rock Slide|p2b: Landorus|[spread] p2a,p2b\n|-damage|p2a: Ogerpon|79\/100\n|-damage|p2b: Landorus|0 fnt\n|faint|p2b: Landorus\n|\n|upkeep\n|\n|t:|1700053439\n|switch|p2b: Iron Hands|Iron Hands, L50, shiny|100\/100\n|turn|4\n|inactive|maku8319 has 30 seconds left.\n|\n|t:|1700053465\n|switch|p1a: \u63a8\u3057\u306e\u692a|Ogerpon-Wellspring, L50, F|100\/100\n|move|p2a: Ogerpon|Ivy Cudgel|p1b: Moltres|[anim] Ivy Cudgel Water\n|-damage|p1b: Moltres|0 fnt\n|faint|p1b: Moltres\n|move|p2b: Iron Hands|Drain Punch|p1a: \u63a8\u3057\u306e\u692a\n|-damage|p1a: \u63a8\u3057\u306e\u692a|60\/100\n|\n|upkeep\n|\n|t:|1700053475\n|switch|p1b: Grimmsnarl|Grimmsnarl, L50, M|100\/100\n|turn|5\n|\n|t:|1700053489\n|switch|p2a: Emilia|Flutter Mane, L50, shiny|22\/100\n|move|p1a: \u63a8\u3057\u306e\u692a|Spiky Shield|p1a: \u63a8\u3057\u306e\u692a\n|-singleturn|p1a: \u63a8\u3057\u306e\u692a|move: Protect\n|move|p1b: Grimmsnarl|Reflect|p1b: Grimmsnarl\n|-sidestart|p1: Iono1119|Reflect\n|move|p2b: Iron Hands|Drain Punch|p1a: \u63a8\u3057\u306e\u692a\n|-activate|p1a: \u63a8\u3057\u306e\u692a|move: Protect\n|-damage|p2b: Iron Hands|88\/100|[from] Spiky Shield|[of] p1a: \u63a8\u3057\u306e\u692a\n|\n|upkeep\n|turn|6\n|inactive|maku8319 has 30 seconds left.\n|\n|t:|1700053516\n|-end|p2a: Emilia|Protosynthesis|[silent]\n|switch|p2a: Ogerpon|Ogerpon-Wellspring, L50, F|79\/100\n|move|p1b: Grimmsnarl|Parting Shot|p2b: Iron Hands\n|-unboost|p2b: Iron Hands|atk|1\n|-unboost|p2b: Iron Hands|spa|1\n|\n|t:|1700053521\n|switch|p1b: Landorus|Landorus-Therian, L50, M|100\/100|[from] Parting Shot\n|-ability|p1b: Landorus|Intimidate|boost\n|-unboost|p2a: Ogerpon|atk|1\n|-unboost|p2b: Iron Hands|atk|1\n|move|p1a: \u63a8\u3057\u306e\u692a|Horn Leech|p2a: Ogerpon\n|-damage|p2a: Ogerpon|35\/100\n|-heal|p1a: \u63a8\u3057\u306e\u692a|82\/100|[from] drain|[of] p2a: Ogerpon\n|move|p2b: Iron Hands|Drain Punch|p1a: \u63a8\u3057\u306e\u692a\n|-damage|p1a: \u63a8\u3057\u306e\u692a|68\/100\n|-heal|p2b: Iron Hands|94\/100|[from] drain|[of] p1a: \u63a8\u3057\u306e\u692a\n|\n|upkeep\n|turn|7\n|\n|t:|1700053545\n|move|p2a: Ogerpon|Spiky Shield|p2a: Ogerpon\n|-singleturn|p2a: Ogerpon|move: Protect\n|move|p1b: Landorus|Rock Slide|p2a: Ogerpon|[spread] p2b\n|-activate|p2a: Ogerpon|move: Protect\n|-resisted|p2b: Iron Hands\n|-damage|p2b: Iron Hands|85\/100\n|move|p1a: \u63a8\u3057\u306e\u692a|Horn Leech|p2a: Ogerpon\n|-activate|p2a: Ogerpon|move: Protect\n|-damage|p1a: \u63a8\u3057\u306e\u692a|56\/100|[from] Spiky Shield|[of] p2a: Ogerpon\n|move|p2b: Iron Hands|Drain Punch|p1a: \u63a8\u3057\u306e\u692a\n|-damage|p1a: \u63a8\u3057\u306e\u692a|43\/100\n|-heal|p2b: Iron Hands|90\/100|[from] drain|[of] p1a: \u63a8\u3057\u306e\u692a\n|\n|upkeep\n|turn|8\n|\n|t:|1700053569\n|switch|p1b: Grimmsnarl|Grimmsnarl, L50, M|100\/100\n|move|p1a: \u63a8\u3057\u306e\u692a|Spiky Shield|p1a: \u63a8\u3057\u306e\u692a\n|-singleturn|p1a: \u63a8\u3057\u306e\u692a|move: Protect\n|move|p2a: Ogerpon|Horn Leech|p1a: \u63a8\u3057\u306e\u692a\n|-activate|p1a: \u63a8\u3057\u306e\u692a|move: Protect\n|-damage|p2a: Ogerpon|22\/100|[from] Spiky Shield|[of] p1a: \u63a8\u3057\u306e\u692a\n|move|p2b: Iron Hands|Drain Punch|p1a: \u63a8\u3057\u306e\u692a\n|-activate|p1a: \u63a8\u3057\u306e\u692a|move: Protect\n|-damage|p2b: Iron Hands|78\/100|[from] Spiky Shield|[of] p1a: \u63a8\u3057\u306e\u692a\n|\n|-sideend|p1: Iono1119|move: Light Screen\n|upkeep\n|turn|9\n|\n|t:|1700053590\n|switch|p2a: Emilia|Flutter Mane, L50, shiny|22\/100\n|move|p1b: Grimmsnarl|Parting Shot|p2a: Emilia\n|-unboost|p2a: Emilia|atk|1\n|-unboost|p2a: Emilia|spa|1\n|\n|t:|1700053596\n|switch|p1b: Landorus|Landorus-Therian, L50, M|100\/100|[from] Parting Shot\n|-ability|p1b: Landorus|Intimidate|boost\n|-unboost|p2a: Emilia|atk|1\n|-unboost|p2b: Iron Hands|atk|1\n|move|p1a: \u63a8\u3057\u306e\u692a|Horn Leech|p2b: Iron Hands\n|-damage|p2b: Iron Hands|51\/100\n|-heal|p1a: \u63a8\u3057\u306e\u692a|61\/100|[from] drain|[of] p2b: Iron Hands\n|move|p2b: Iron Hands|Drain Punch|p1a: \u63a8\u3057\u306e\u692a\n|-damage|p1a: \u63a8\u3057\u306e\u692a|50\/100\n|-heal|p2b: Iron Hands|55\/100|[from] drain|[of] p1a: \u63a8\u3057\u306e\u692a\n|\n|upkeep\n|turn|10\n|inactive|maku8319 has 30 seconds left.\n|\n|t:|1700053631\n|-end|p2a: Emilia|Protosynthesis|[silent]\n|switch|p2a: Ogerpon|Ogerpon-Wellspring, L50, F|22\/100\n|move|p1b: Landorus|Stomping Tantrum|p2a: Ogerpon\n|-resisted|p2a: Ogerpon\n|-damage|p2a: Ogerpon|0 fnt\n|faint|p2a: Ogerpon\n|move|p1a: \u63a8\u3057\u306e\u692a|Horn Leech|p2b: Iron Hands\n|-damage|p2b: Iron Hands|27\/100\n|-heal|p1a: \u63a8\u3057\u306e\u692a|68\/100|[from] drain|[of] p2b: Iron Hands\n|move|p2b: Iron Hands|Drain Punch|p1a: \u63a8\u3057\u306e\u692a\n|-damage|p1a: \u63a8\u3057\u306e\u692a|56\/100\n|-heal|p2b: Iron Hands|32\/100|[from] drain|[of] p1a: \u63a8\u3057\u306e\u692a\n|\n|upkeep\n|\n|t:|1700053635\n|switch|p2a: Emilia|Flutter Mane, L50, shiny|22\/100\n|turn|11\n|\n|t:|1700053651\n|move|p1a: \u63a8\u3057\u306e\u692a|Spiky Shield|p1a: \u63a8\u3057\u306e\u692a\n|-singleturn|p1a: \u63a8\u3057\u306e\u692a|move: Protect\n|move|p1b: Landorus|Stomping Tantrum|p2a: Emilia\n|-damage|p2a: Emilia|0 fnt\n|faint|p2a: Emilia\n|-end|p2a: Emilia|Protosynthesis|[silent]\n|move|p2b: Iron Hands|Wild Charge|p1a: \u63a8\u3057\u306e\u692a\n|-activate|p1a: \u63a8\u3057\u306e\u692a|move: Protect\n|-damage|p2b: Iron Hands|20\/100|[from] Spiky Shield|[of] p1a: \u63a8\u3057\u306e\u692a\n|\n|upkeep\n|turn|12\n|\n|t:|1700053659\n|move|p1b: Landorus|Stomping Tantrum|p2b: Iron Hands\n|-supereffective|p2b: Iron Hands\n|-damage|p2b: Iron Hands|0 fnt\n|faint|p2b: Iron Hands\n|-end|p2b: Iron Hands|Quark Drive|[silent]\n|\n|win|Iono1119\n|c|&|\/uhtml prompt-maku8319,maku8319 is ready for game 2!\n|c|&|\/uhtml prompt-iono1119,Iono1119 is ready for game 2!\nBoth players are ready! Starting next match!\n|l|\u2606Iono1119\n","uploadtime":1700054451,"views":9,"p1id":"iono1119","p2id":"maku8319","formatid":"gen9vgc2023regulatione","rating":0,"private":0,"password":""}