{"id":"gen9vgc2023regulatione-2000513066","p1":"SerSanDo","p2":"Tiger58","format":"[Gen 9] VGC 2023 Regulation E","log":"|j|\u2606SerSanDo\n|j|\u2606Tiger58\n|t:|1701201102\n|gametype|doubles\n|player|p1|SerSanDo|ninjaboy|1322\n|player|p2|Tiger58|101|1397\n|teamsize|p1|6\n|teamsize|p2|6\n|gen|9\n|tier|[Gen 9] VGC 2023 Regulation E\n|rated|\n|rule|Species Clause: Limit one of each Pok\u00e9mon\n|rule|Item Clause: Limit one of each item\n|clearpoke\n|poke|p1|Tornadus, L50, M|\n|poke|p1|Regidrago, L50|\n|poke|p1|Gholdengo, L50|\n|poke|p1|Urshifu-*, L50, F|\n|poke|p1|Rillaboom, L50, F|\n|poke|p1|Arcanine-Hisui, L50, M|\n|poke|p2|Luxray, L50, M|\n|poke|p2|Sinistcha, L50|\n|poke|p2|Cresselia, L50, F|\n|poke|p2|Garganacl, L50, M|\n|poke|p2|Palafin, L50, M|\n|poke|p2|Scizor, L50, M|\n|teampreview|4\n|\n|t:|1701201144\n|start\n|switch|p1a: Tornadus|Tornadus, L50, M|100\/100\n|switch|p1b: Urshifu|Urshifu-Rapid-Strike, L50, F|100\/100\n|switch|p2a: Palafin|Palafin, L50, M|100\/100\n|switch|p2b: Luxray|Luxray, L50, M|100\/100\n|-ability|p2b: Luxray|Intimidate|boost\n|-unboost|p1a: Tornadus|atk|1\n|-unboost|p1b: Urshifu|atk|1\n|turn|1\n|\n|t:|1701201167\n|move|p1a: Tornadus|Tailwind|p1a: Tornadus\n|-sidestart|p1: SerSanDo|move: Tailwind\n|move|p1b: Urshifu|U-turn|p2a: Palafin\n|-damage|p2a: Palafin|78\/100\n|\n|t:|1701201172\n|switch|p1b: Rillaboom|Rillaboom, L50, F|100\/100|[from] U-turn\n|-fieldstart|move: Grassy Terrain|[from] ability: Grassy Surge|[of] p1b: Rillaboom\n|move|p2a: Palafin|Flip Turn|p1a: Tornadus\n|-damage|p1a: Tornadus|71\/100\n|-damage|p2a: Palafin|61\/100|[from] item: Rocky Helmet|[of] p1a: Tornadus\n|\n|t:|1701201185\n|detailschange|p2a: Palafin|Palafin-Hero, L50, M\n|switch|p2a: Scizor|Scizor, L50, M|100\/100|[from] Flip Turn\n|move|p2b: Luxray|Volt Switch|p1b: Rillaboom\n|-resisted|p1b: Rillaboom\n|-damage|p1b: Rillaboom|92\/100\n|\n|t:|1701201192\n|switch|p2b: Palafin|Palafin-Hero, L50, M|61\/100|[from] Volt Switch\n|-activate|p2b: Palafin|ability: Zero to Hero\n|\n|-heal|p1b: Rillaboom|98\/100|[from] Grassy Terrain\n|-heal|p2b: Palafin|67\/100|[from] Grassy Terrain\n|upkeep\n|turn|2\n|\n|t:|1701201213\n|move|p2b: Palafin|Protect|p2b: Palafin\n|-singleturn|p2b: Palafin|Protect\n|move|p1a: Tornadus|Bleakwind Storm|p2a: Scizor|[spread] \n|-activate|p2b: Palafin|move: Protect\n|-miss|p1a: Tornadus|p2a: Scizor\n|move|p1b: Rillaboom|Wood Hammer|p2b: Palafin\n|-activate|p2b: Palafin|move: Protect\n|move|p2a: Scizor|U-turn|p1b: Rillaboom\n|-supereffective|p1b: Rillaboom\n|-damage|p1b: Rillaboom|0 fnt\n|faint|p1b: Rillaboom\n|\n|t:|1701201229\n|switch|p2a: Cresselia|Cresselia, L50, F|100\/100|[from] U-turn\n|\n|-heal|p2b: Palafin|72\/100|[from] Grassy Terrain\n|upkeep\n|\n|t:|1701201236\n|switch|p1b: Arcanine|Arcanine-Hisui, L50, M|100\/100\n|-ability|p1b: Arcanine|Intimidate|boost\n|-unboost|p2a: Cresselia|atk|1\n|-unboost|p2b: Palafin|atk|1\n|turn|3\n|\n|t:|1701201255\n|-terastallize|p1b: Arcanine|Fairy\n|-terastallize|p2b: Palafin|Water\n|move|p1a: Tornadus|Taunt|p2a: Cresselia\n|-start|p2a: Cresselia|move: Taunt\n|move|p2b: Palafin|Jet Punch|p1b: Arcanine\n|-damage|p1b: Arcanine|52\/100\n|move|p1b: Arcanine|Tera Blast|p2b: Palafin|[anim] Tera Blast Fairy\n|-damage|p2b: Palafin|11\/100\n|cant|p2a: Cresselia|move: Taunt|Lunar Blessing\n|\n|-heal|p1b: Arcanine|58\/100|[from] Grassy Terrain\n|-heal|p2b: Palafin|16\/100|[from] Grassy Terrain\n|upkeep\n|turn|4\n|\n|t:|1701201271\n|switch|p2a: Luxray|Luxray, L50, M|100\/100\n|-ability|p2a: Luxray|Intimidate|boost\n|-unboost|p1a: Tornadus|atk|1\n|-unboost|p1b: Arcanine|atk|1\n|move|p2b: Palafin|Protect|p2b: Palafin\n|-singleturn|p2b: Palafin|Protect\n|move|p1a: Tornadus|Bleakwind Storm|p2b: Palafin|[spread] p2a\n|-activate|p2b: Palafin|move: Protect\n|-resisted|p2a: Luxray\n|-damage|p2a: Luxray|88\/100\n|move|p1b: Arcanine|Tera Blast|p2a: Luxray|[anim] Tera Blast Fairy\n|-damage|p2a: Luxray|44\/100\n|\n|-heal|p1b: Arcanine|64\/100|[from] Grassy Terrain\n|-heal|p2b: Palafin|22\/100|[from] Grassy Terrain\n|-heal|p2a: Luxray|50\/100|[from] Grassy Terrain\n|-sideend|p1: SerSanDo|move: Tailwind\n|upkeep\n|turn|5\n|\n|t:|1701201300\n|move|p2a: Luxray|Protect|p2a: Luxray\n|-singleturn|p2a: Luxray|Protect\n|move|p1a: Tornadus|Tailwind|p1a: Tornadus\n|-sidestart|p1: SerSanDo|move: Tailwind\n|move|p1b: Arcanine|Tera Blast|p2b: Palafin|[anim] Tera Blast Fairy\n|-damage|p2b: Palafin|0 fnt\n|faint|p2b: Palafin\n|\n|-heal|p1b: Arcanine|70\/100|[from] Grassy Terrain\n|-heal|p2a: Luxray|56\/100|[from] Grassy Terrain\n|-fieldend|move: Grassy Terrain\n|upkeep\n|\n|t:|1701201307\n|switch|p2b: Scizor|Scizor, L50, M|100\/100\n|turn|6\n|\n|t:|1701201320\n|switch|p1b: Urshifu|Urshifu-Rapid-Strike, L50, F|100\/100\n|move|p2b: Scizor|Bullet Punch|p1b: Urshifu\n|-resisted|p1b: Urshifu\n|-damage|p1b: Urshifu|74\/100\n|move|p1a: Tornadus|Bleakwind Storm|p2a: Luxray|[spread] p2a,p2b\n|-resisted|p2a: Luxray\n|-damage|p2a: Luxray|43\/100\n|-damage|p2b: Scizor|64\/100\n|-unboost|p2a: Luxray|spe|1\n|move|p2a: Luxray|Volt Switch|p1a: Tornadus\n|-supereffective|p1a: Tornadus\n|-damage|p1a: Tornadus|9\/100\n|\n|t:|1701201324\n|switch|p2a: Cresselia|Cresselia, L50, F|100\/100|[from] Volt Switch\n|\n|upkeep\n|turn|7\n|\n|t:|1701201357\n|switch|p2b: Luxray|Luxray, L50, M|43\/100\n|-ability|p2b: Luxray|Intimidate|boost\n|-unboost|p1a: Tornadus|atk|1\n|-unboost|p1b: Urshifu|atk|1\n|move|p1a: Tornadus|Taunt|p2a: Cresselia\n|-start|p2a: Cresselia|move: Taunt\n|move|p1b: Urshifu|U-turn|p2a: Cresselia\n|-supereffective|p2a: Cresselia\n|-damage|p2a: Cresselia|78\/100\n|\n|t:|1701201366\n|switch|p1b: Arcanine|Arcanine-Hisui, L50, M, tera:Fairy|70\/100|[from] U-turn\n|-ability|p1b: Arcanine|Intimidate|boost\n|-unboost|p2a: Cresselia|atk|1\n|-unboost|p2b: Luxray|atk|1\n|move|p2a: Cresselia|Moonblast|p1b: Arcanine\n|-damage|p1b: Arcanine|50\/100\n|-unboost|p1b: Arcanine|spa|1\n|\n|-heal|p2a: Cresselia|84\/100|[from] item: Leftovers\n|upkeep\n|turn|8\n|\n|t:|1701201391\n|move|p1a: Tornadus|Bleakwind Storm|p2b: Luxray|[spread] p2a,p2b\n|-resisted|p2b: Luxray\n|-damage|p2a: Cresselia|67\/100\n|-damage|p2b: Luxray|30\/100\n|move|p1b: Arcanine|Tera Blast|p2b: Luxray|[anim] Tera Blast Fairy\n|-damage|p2b: Luxray|0 fnt\n|faint|p2b: Luxray\n|move|p2a: Cresselia|Moonblast|p1a: Tornadus\n|-damage|p1a: Tornadus|0 fnt\n|faint|p1a: Tornadus\n|\n|-heal|p2a: Cresselia|74\/100|[from] item: Leftovers\n|-sideend|p1: SerSanDo|move: Tailwind\n|upkeep\n|\n|t:|1701201404\n|switch|p1a: Urshifu|Urshifu-Rapid-Strike, L50, F|74\/100\n|switch|p2b: Scizor|Scizor, L50, M|64\/100\n|turn|9\n|\n|t:|1701201418\n|move|p2b: Scizor|Bullet Punch|p1b: Arcanine\n|-supereffective|p1b: Arcanine\n|-damage|p1b: Arcanine|0 fnt\n|faint|p1b: Arcanine\n|move|p1a: Urshifu|Surging Strikes|p2b: Scizor\n|-crit|p2b: Scizor\n|-damage|p2b: Scizor|43\/100\n|-crit|p2b: Scizor\n|-damage|p2b: Scizor|21\/100\n|-crit|p2b: Scizor\n|-damage|p2b: Scizor|1\/100\n|-hitcount|p2b: Scizor|3\n|move|p2a: Cresselia|Moonblast|p1a: Urshifu\n|-supereffective|p1a: Urshifu\n|-damage|p1a: Urshifu|30\/100\n|-unboost|p1a: Urshifu|spa|1\n|\n|-heal|p2a: Cresselia|80\/100|[from] item: Leftovers\n|-end|p2a: Cresselia|move: Taunt\n|upkeep\n|turn|10\n|c|\u2606SerSanDo|gg\n|c|\u2606Tiger58|gg\n|\n|t:|1701201437\n|move|p2b: Scizor|Bullet Punch|p1a: Urshifu\n|-resisted|p1a: Urshifu\n|-damage|p1a: Urshifu|4\/100\n|move|p1a: Urshifu|Surging Strikes|p2a: Cresselia\n|-crit|p2a: Cresselia\n|-damage|p2a: Cresselia|64\/100\n|-crit|p2a: Cresselia\n|-damage|p2a: Cresselia|48\/100\n|-crit|p2a: Cresselia\n|-damage|p2a: Cresselia|33\/100\n|-hitcount|p2a: Cresselia|3\n|move|p2a: Cresselia|Moonblast|p1a: Urshifu\n|-supereffective|p1a: Urshifu\n|-damage|p1a: Urshifu|0 fnt\n|faint|p1a: Urshifu\n|\n|win|Tiger58\n|raw|SerSanDo's rating: 1322 &rarr; <strong>1306<\/strong><br \/>(-16 for losing)\n|raw|Tiger58's rating: 1397 &rarr; <strong>1413<\/strong><br \/>(+16 for winning)\n|l|\u2606Tiger58\n","uploadtime":1701201468,"views":0,"p1id":"sersando","p2id":"tiger58","formatid":"gen9vgc2023regulatione","rating":1306,"private":0,"password":""}