{"id":"gen9vgc2023regulatione-1989971347","p1":"ejejr34","p2":"DoggoGGO","format":"[Gen 9] VGC 2023 Regulation E","log":"|j|\u2606ejejr34\n|j|\u2606DoggoGGO\n|t:|1699911365\n|gametype|doubles\n|player|p1|ejejr34|101|1000\n|player|p2|DoggoGGO|pokemonrangerf|1046\n|teamsize|p1|6\n|teamsize|p2|6\n|gen|9\n|tier|[Gen 9] VGC 2023 Regulation E\n|rated|\n|rule|Species Clause: Limit one of each Pok\u00e9mon\n|rule|Item Clause: Limit one of each item\n|clearpoke\n|poke|p1|Roaring Moon, L50|\n|poke|p1|Ninetales-Alola, L50, M|\n|poke|p1|Landorus-Therian, L50, M|\n|poke|p1|Iron Hands, L50|\n|poke|p1|Milotic, L50, F|\n|poke|p1|Ogerpon-Hearthflame, L50, F|\n|poke|p2|Jolteon, L50, F|\n|poke|p2|Dudunsparce-*, L50, F|\n|poke|p2|Sinistcha, L50|\n|poke|p2|Clefairy, L50, M|\n|poke|p2|Arcanine-Hisui, L50, M|\n|poke|p2|Flutter Mane, L50|\n|teampreview|4\n|\n|t:|1699911394\n|start\n|switch|p1a: Serpents Kiss|Milotic, L50, F|100\/100\n|switch|p1b: Floating Tigre|Landorus-Therian, L50, M|100\/100\n|switch|p2a: The Boy :)|Jolteon, L50, F|100\/100\n|switch|p2b: Nightmare|Dudunsparce, L50, F, shiny|100\/100\n|-ability|p1b: Floating Tigre|Intimidate|boost\n|-unboost|p2a: The Boy :)|atk|1\n|-unboost|p2b: Nightmare|atk|1\n|-ability|p2b: Nightmare|Rattled|boost\n|-boost|p2b: Nightmare|spe|1\n|turn|1\n|\n|t:|1699911424\n|switch|p1a: Up Above|Roaring Moon, L50|100\/100\n|-enditem|p1a: Up Above|Booster Energy\n|-activate|p1a: Up Above|ability: Protosynthesis|[fromitem]\n|-start|p1a: Up Above|protosynthesisatk\n|-terastallize|p2b: Nightmare|Psychic\n|move|p1b: Floating Tigre|Stomping Tantrum|p2a: The Boy :)\n|-supereffective|p2a: The Boy :)\n|-damage|p2a: The Boy :)|0 fnt\n|faint|p2a: The Boy :)\n|move|p2b: Nightmare|Stored Power|p1a: Up Above\n|-immune|p1a: Up Above\n|\n|upkeep\n|\n|t:|1699911451\n|switch|p2a: 4x Weakness Guy|Arcanine-Hisui, L50, M|100\/100\n|-ability|p2a: 4x Weakness Guy|Intimidate|boost\n|-unboost|p1a: Up Above|atk|1\n|-unboost|p1b: Floating Tigre|atk|1\n|turn|2\n|\n|t:|1699911492\n|switch|p1b: Serpents Kiss|Milotic, L50, F|100\/100\n|move|p1a: Up Above|Protect|p1a: Up Above\n|-singleturn|p1a: Up Above|Protect\n|move|p2b: Nightmare|Protect|p2b: Nightmare\n|-singleturn|p2b: Nightmare|Protect\n|move|p2a: 4x Weakness Guy|Close Combat|p1a: Up Above\n|-activate|p1a: Up Above|move: Protect\n|\n|upkeep\n|turn|3\n|\n|t:|1699911526\n|-terastallize|p1a: Up Above|Flying\n|move|p2a: 4x Weakness Guy|Close Combat|p1a: Up Above\n|-resisted|p1a: Up Above\n|-damage|p1a: Up Above|72\/100\n|-unboost|p2a: 4x Weakness Guy|def|1\n|-unboost|p2a: 4x Weakness Guy|spd|1\n|move|p1a: Up Above|Knock Off|p2b: Nightmare\n|-supereffective|p2b: Nightmare\n|-damage|p2b: Nightmare|10\/100\n|-ability|p2b: Nightmare|Rattled|boost\n|-boost|p2b: Nightmare|spe|1\n|-enditem|p2b: Nightmare|Weakness Policy\n|-boost|p2b: Nightmare|atk|2|[from] item: Weakness Policy\n|-boost|p2b: Nightmare|spa|2|[from] item: Weakness Policy\n|move|p2b: Nightmare|Shadow Ball|p1b: Serpents Kiss\n|-damage|p1b: Serpents Kiss|68\/100\n|move|p1b: Serpents Kiss|Scald|p2a: 4x Weakness Guy\n|-supereffective|p2a: 4x Weakness Guy\n|-damage|p2a: 4x Weakness Guy|0 fnt\n|faint|p2a: 4x Weakness Guy\n|\n|upkeep\n|\n|t:|1699911547\n|switch|p2a: The Tea Sis|Sinistcha, L50|100\/100\n|-heal|p2b: Nightmare|35\/100|[from] ability: Hospitality|[of] p2a: The Tea Sis\n|turn|4\n|\n|t:|1699911564\n|move|p2b: Nightmare|Stored Power|p1a: Up Above\n|-damage|p1a: Up Above|0 fnt\n|faint|p1a: Up Above\n|-end|p1a: Up Above|Protosynthesis|[silent]\n|move|p1b: Serpents Kiss|Icy Wind|p2a: The Tea Sis|[spread] p2a,p2b\n|-supereffective|p2a: The Tea Sis\n|-damage|p2a: The Tea Sis|74\/100\n|-damage|p2b: Nightmare|23\/100\n|-unboost|p2a: The Tea Sis|spe|1\n|-unboost|p2b: Nightmare|spe|1\n|move|p2a: The Tea Sis|Matcha Gotcha|p1b: Serpents Kiss\n|-supereffective|p1b: Serpents Kiss\n|-damage|p1b: Serpents Kiss|15\/100\n|-heal|p2a: The Tea Sis|100\/100|[from] drain|[of] p1b: Serpents Kiss\n|-enditem|p1b: Serpents Kiss|Sitrus Berry|[eat]\n|-heal|p1b: Serpents Kiss|40\/100|[from] item: Sitrus Berry\n|\n|upkeep\n|\n|t:|1699911584\n|switch|p1a: Floating Tigre|Landorus-Therian, L50, M|100\/100\n|-ability|p1a: Floating Tigre|Intimidate|boost\n|-unboost|p2a: The Tea Sis|atk|1\n|-unboost|p2b: Nightmare|atk|1\n|-ability|p2b: Nightmare|Rattled|boost\n|-boost|p2b: Nightmare|spe|1\n|turn|5\n|\n|t:|1699911616\n|move|p1b: Serpents Kiss|Protect|p1b: Serpents Kiss\n|-singleturn|p1b: Serpents Kiss|Protect\n|move|p2a: The Tea Sis|Rage Powder|p2a: The Tea Sis\n|-singleturn|p2a: The Tea Sis|move: Rage Powder\n|move|p1a: Floating Tigre|U-turn|p2a: The Tea Sis\n|-damage|p2a: The Tea Sis|79\/100\n|\n|t:|1699911629\n|switch|p1a: Fault|Iron Hands, L50|100\/100|[from] U-turn\n|move|p2b: Nightmare|Stored Power|p1a: Fault\n|-supereffective|p1a: Fault\n|-damage|p1a: Fault|24\/100\n|\n|-heal|p2a: The Tea Sis|85\/100|[from] item: Leftovers\n|upkeep\n|turn|6\n|\n|t:|1699911649\n|move|p2b: Nightmare|Protect|p2b: Nightmare\n|-singleturn|p2b: Nightmare|Protect\n|move|p1a: Fault|Fake Out|p2b: Nightmare\n|-activate|p2b: Nightmare|move: Protect\n|move|p1b: Serpents Kiss|Recover|p1b: Serpents Kiss\n|-heal|p1b: Serpents Kiss|90\/100\n|move|p2a: The Tea Sis|Matcha Gotcha|p1b: Serpents Kiss|[spread] p1a,p1b\n|-crit|p1a: Fault\n|-supereffective|p1b: Serpents Kiss\n|-damage|p1a: Fault|5\/100\n|-heal|p2a: The Tea Sis|98\/100|[from] drain|[of] p1a: Fault\n|-damage|p1b: Serpents Kiss|55\/100\n|-heal|p2a: The Tea Sis|100\/100|[from] drain|[of] p1b: Serpents Kiss\n|\n|upkeep\n|turn|7\n|\n|t:|1699911672\n|move|p2a: The Tea Sis|Protect|p2a: The Tea Sis\n|-singleturn|p2a: The Tea Sis|Protect\n|move|p2b: Nightmare|Boomburst|p1a: Fault|[spread] p1a,p1b\n|-activate|p2a: The Tea Sis|move: Protect\n|-damage|p1a: Fault|0 fnt\n|-damage|p1b: Serpents Kiss|0 fnt\n|faint|p1a: Fault\n|-end|p1a: Fault|Quark Drive|[silent]\n|faint|p1b: Serpents Kiss\n|\n|upkeep\n|\n|t:|1699911741\n|switch|p1b: Floating Tigre|Landorus-Therian, L50, M|100\/100\n|-ability|p1b: Floating Tigre|Intimidate|boost\n|-unboost|p2a: The Tea Sis|atk|1\n|-unboost|p2b: Nightmare|atk|1\n|-ability|p2b: Nightmare|Rattled|boost\n|-boost|p2b: Nightmare|spe|1\n|turn|8\n|\n|t:|1699911753\n|move|p2a: The Tea Sis|Rage Powder|p2a: The Tea Sis\n|-singleturn|p2a: The Tea Sis|move: Rage Powder\n|move|p2b: Nightmare|Stored Power|p1b: Floating Tigre\n|-damage|p1b: Floating Tigre|0 fnt\n|faint|p1b: Floating Tigre\n|\n|win|DoggoGGO\n|raw|ejejr34's rating: 1000 &rarr; <strong>1000<\/strong><br \/>(+0 for losing)\n|raw|DoggoGGO's rating: 1046 &rarr; <strong>1075<\/strong><br \/>(+29 for winning)\n|l|\u2606ejejr34\n","uploadtime":1699911768,"views":28,"p1id":"ejejr34","p2id":"doggoggo","formatid":"gen9vgc2023regulatione","rating":1000,"private":0,"password":""}