{"id":"gen9vgc2023regulatione-1998679881","p1":"Gobrantester","p2":"That_Leek","format":"[Gen 9] VGC 2023 Regulation E","log":"|j|\u2606Gobrantester\n|j|\u2606That_Leek\n|t:|1700971546\n|gametype|doubles\n|player|p1|Gobrantester|giovanni|1516\n|player|p2|That_Leek|blue-masters|1570\n|teamsize|p1|6\n|teamsize|p2|6\n|gen|9\n|tier|[Gen 9] VGC 2023 Regulation E\n|rated|\n|rule|Species Clause: Limit one of each Pok\u00e9mon\n|rule|Item Clause: Limit one of each item\n|clearpoke\n|poke|p1|Iron Hands, L50|\n|poke|p1|Weezing, L50, M|\n|poke|p1|Urshifu-*, L50, M|\n|poke|p1|Ninetales, L50, F|\n|poke|p1|Flutter Mane, L50|\n|poke|p1|Chi-Yu, L50|\n|poke|p2|Gholdengo, L50|\n|poke|p2|Ogerpon-Wellspring, L50, F|\n|poke|p2|Arcanine-Hisui, L50, F|\n|poke|p2|Chien-Pao, L50|\n|poke|p2|Scream Tail, L50|\n|poke|p2|Dragonite, L50, M|\n|teampreview|4\n|inactive|Battle timer is ON: inactive players will automatically lose when time's up. (requested by Gobrantester)\n|inactive|That_Leek has 60 seconds left.\nThat_Leek has agreed to open team sheets.\n|\n|t:|1700971602\n|start\n|switch|p1a: Iron Hands|Iron Hands, L50|100\/100\n|switch|p1b: Weezing|Weezing, L50, M|100\/100\n|switch|p2a: Arcanine|Arcanine-Hisui, L50, F|100\/100\n|switch|p2b: Scream Tail|Scream Tail, L50|100\/100\n|-ability|p1b: Weezing|Neutralizing Gas\n|-enditem|p2b: Scream Tail|Booster Energy\n|-activate|p2b: Scream Tail|ability: Protosynthesis|[fromitem]\n|-start|p2b: Scream Tail|protosynthesisspe\n|turn|1\n|\n|t:|1700971619\n|switch|p2a: Ogerpon|Ogerpon-Wellspring, L50, F|100\/100\n|move|p1a: Iron Hands|Fake Out|p2b: Scream Tail\n|-damage|p2b: Scream Tail|89\/100\n|cant|p2b: Scream Tail|flinch\n|move|p1b: Weezing|Taunt|p2b: Scream Tail\n|-start|p2b: Scream Tail|move: Taunt\n|\n|upkeep\n|turn|2\n|\n|t:|1700971639\n|move|p2a: Ogerpon|Spiky Shield|p2a: Ogerpon\n|-singleturn|p2a: Ogerpon|move: Protect\n|move|p2b: Scream Tail|Play Rough|p1a: Iron Hands|[miss]\n|-miss|p2b: Scream Tail|p1a: Iron Hands\n|move|p1b: Weezing|Sludge Bomb|p2a: Ogerpon\n|-activate|p2a: Ogerpon|move: Protect\n|move|p1a: Iron Hands|Drain Punch|p2a: Ogerpon\n|-activate|p2a: Ogerpon|move: Protect\n|-damage|p1a: Iron Hands|88\/100|[from] Spiky Shield|[of] p2a: Ogerpon\n|\n|upkeep\n|turn|3\n|c|\u2606That_Leek|II love this so much\n|\n|t:|1700971657\n|-terastallize|p2a: Ogerpon|Water\n|detailschange|p2a: Ogerpon|Ogerpon-Wellspring-Tera, L50, F, tera:Water\n|move|p2b: Scream Tail|Play Rough|p1a: Iron Hands\n|-supereffective|p1a: Iron Hands\n|-damage|p1a: Iron Hands|58\/100\n|move|p2a: Ogerpon|Ivy Cudgel|p1b: Weezing|[anim] Ivy Cudgel Water\n|-damage|p1b: Weezing|31\/100\n|-enditem|p1b: Weezing|Sitrus Berry|[eat]\n|-heal|p1b: Weezing|56\/100|[from] item: Sitrus Berry\n|move|p1b: Weezing|Sludge Bomb|p2b: Scream Tail\n|-supereffective|p2b: Scream Tail\n|-damage|p2b: Scream Tail|50\/100\n|move|p1a: Iron Hands|Wild Charge|p2b: Scream Tail\n|-damage|p2b: Scream Tail|10\/100\n|-damage|p1a: Iron Hands|49\/100|[from] Recoil\n|\n|upkeep\n|turn|4\n|j| Braindeadmeta\n|inactive|Gobrantester has 30 seconds left.\n|j| Natsoph\n|inactive|Gobrantester has 20 seconds left.\n|inactive|Gobrantester has 15 seconds left.\n|\n|t:|1700971700\n|move|p2a: Ogerpon|Spiky Shield|p2a: Ogerpon\n|-singleturn|p2a: Ogerpon|move: Protect\n|move|p1b: Weezing|Protect|p1b: Weezing\n|-singleturn|p1b: Weezing|Protect\n|move|p2b: Scream Tail|Play Rough|p1a: Iron Hands\n|-supereffective|p1a: Iron Hands\n|-damage|p1a: Iron Hands|18\/100\n|-unboost|p1a: Iron Hands|atk|1\n|move|p1a: Iron Hands|Volt Switch|p2b: Scream Tail\n|-damage|p2b: Scream Tail|1\/100\n|j| sprocke123\n|\n|t:|1700971713\n|-end|p1a: Iron Hands|Quark Drive|[silent]\n|switch|p1a: Flutter Mane|Flutter Mane, L50|100\/100|[from] Volt Switch\n|\n|-end|p2b: Scream Tail|move: Taunt\n|upkeep\n|turn|5\n|c| Natsoph|1hp!\n|c|\u2606That_Leek|yup\n|c|\u2606That_Leek|that's scream tail\n|\n|t:|1700971732\n|-terastallize|p1a: Flutter Mane|Fairy\n|move|p2b: Scream Tail|Thunder Wave|p1a: Flutter Mane\n|-status|p1a: Flutter Mane|par\n|move|p2a: Ogerpon|Ivy Cudgel|p1a: Flutter Mane|[anim] Ivy Cudgel Water\n|-damage|p1a: Flutter Mane|0 fnt\n|faint|p1a: Flutter Mane\n|-end|p1a: Flutter Mane|Protosynthesis|[silent]\n|move|p1b: Weezing|Sludge Bomb|p2a: Ogerpon\n|-damage|p2a: Ogerpon|73\/100\n|\n|upkeep\n|-message|Gobrantester forfeited.\n|\n|win|That_Leek\n|raw|Gobrantester's rating: 1516 &rarr; <strong>1499<\/strong><br \/>(-17 for losing)\n|raw|That_Leek's rating: 1570 &rarr; <strong>1587<\/strong><br \/>(+17 for winning)\n|l|\u2606Gobrantester\n|c| Natsoph|Gg\n|c|\u2606That_Leek|gg\n|l| Braindeadmeta\n|c| Natsoph|Almost 1600 nice\n|l| sprocke123\n|c|\u2606That_Leek|I was at 1700s\n|c| Natsoph|Cool\n|c|\u2606That_Leek|but I tilted\n|c| Natsoph|im 1550 rn\n|c|\u2606That_Leek|nice\n|c| Natsoph|i titled to 1250 yesterday lol\n|c|\u2606That_Leek|dam\n|c|\u2606That_Leek|tilt is crazy\n|c| Natsoph|youll get badk up dw\n","uploadtime":1700971764,"views":2,"p1id":"gobrantester","p2id":"thatleek","formatid":"gen9vgc2023regulatione","rating":1499,"private":0,"password":""}