{"id":"gen9vgc2023regulatione-1988502424","p1":"xdr4k300","p2":"Vengeful potato","format":"[Gen 9] VGC 2023 Regulation E","log":"|j|\u2606xdr4k300\n|j|\u2606Vengeful potato\n|t:|1699729820\n|gametype|doubles\n|player|p1|xdr4k300|roughneck-gen4|1350\n|player|p2|Vengeful potato|swimmer|1366\n|teamsize|p1|6\n|teamsize|p2|4\n|gen|9\n|tier|[Gen 9] VGC 2023 Regulation E\n|rated|\n|rule|Species Clause: Limit one of each Pok\u00e9mon\n|rule|Item Clause: Limit one of each item\n|clearpoke\n|poke|p1|Staraptor, L50, F|\n|poke|p1|Urshifu-*, L50, M|\n|poke|p1|Farigiraf, L50, M|\n|poke|p1|Ursaluna, L50, M|\n|poke|p1|Scream Tail, L50|\n|poke|p1|Torkoal, L50, F|\n|poke|p2|Articuno-Galar, L50|\n|poke|p2|Maushold, L50|\n|poke|p2|Decidueye-Hisui, L50, M|\n|poke|p2|Stonjourner, L50, F|\n|teampreview|4\n|inactive|Battle timer is ON: inactive players will automatically lose when time's up. (requested by xdr4k300)\nxdr4k300 has agreed to open team sheets.\nVengeful potato has agreed to open team sheets.\n|\n|t:|1699729858\n|start\n|switch|p1a: Urshifu|Urshifu, L50, M|100\/100\n|switch|p1b: Scream Tail|Scream Tail, L50|100\/100\n|switch|p2a: The Rizzler\ud83d\ude0e|Articuno-Galar, L50, shiny|100\/100\n|switch|p2b: Despereaux|Maushold, L50, shiny|100\/100\n|turn|1\n|\n|t:|1699729878\n|-terastallize|p1a: Urshifu|Dark\n|move|p1b: Scream Tail|Helping Hand|p1a: Urshifu\n|-singleturn|p1a: Urshifu|Helping Hand|[of] p1b: Scream Tail\n|move|p2b: Despereaux|Follow Me|p2b: Despereaux\n|-singleturn|p2b: Despereaux|move: Follow Me\n|move|p1a: Urshifu|Wicked Blow|p2b: Despereaux\n|-crit|p2b: Despereaux\n|-damage|p2b: Despereaux|0 fnt\n|-damage|p1a: Urshifu|84\/100|[from] item: Rocky Helmet|[of] p2b: Despereaux\n|faint|p2b: Despereaux\n|move|p2a: The Rizzler\ud83d\ude0e|Air Slash|p1a: Urshifu\n|-damage|p1a: Urshifu|35\/100\n|\n|upkeep\n|\n|t:|1699729902\n|switch|p2b: Robin DaBank|Decidueye-Hisui, L50, M, shiny|100\/100\n|turn|2\n|\n|t:|1699729923\n|move|p1a: Urshifu|Sucker Punch|p2a: The Rizzler\ud83d\ude0e\n|-supereffective|p2a: The Rizzler\ud83d\ude0e\n|-damage|p2a: The Rizzler\ud83d\ude0e|15\/100\n|move|p1b: Scream Tail|Dazzling Gleam|p2b: Robin DaBank|[spread] p2a,p2b\n|-supereffective|p2b: Robin DaBank\n|-damage|p2a: The Rizzler\ud83d\ude0e|3\/100\n|-damage|p2b: Robin DaBank|70\/100\n|move|p2a: The Rizzler\ud83d\ude0e|Air Slash|p1b: Scream Tail|[miss]\n|-miss|p2a: The Rizzler\ud83d\ude0e|p1b: Scream Tail\n|move|p2b: Robin DaBank|Bullet Seed|p1a: Urshifu\n|-damage|p1a: Urshifu|22\/100\n|-damage|p1a: Urshifu|10\/100\n|-damage|p1a: Urshifu|0 fnt\n|faint|p1a: Urshifu\n|-hitcount|p1: Urshifu|3\n|\n|upkeep\n|\n|t:|1699729942\n|switch|p1a: Ursaluna|Ursaluna, L50, M|100\/100\n|turn|3\n|\n|t:|1699729955\n|move|p1a: Ursaluna|Protect|p1a: Ursaluna\n|-singleturn|p1a: Ursaluna|Protect\n|move|p2b: Robin DaBank|Swords Dance|p2b: Robin DaBank\n|-boost|p2b: Robin DaBank|atk|2\n|move|p1b: Scream Tail|Trick Room|p1b: Scream Tail\n|-fieldstart|move: Trick Room|[of] p1b: Scream Tail\n|move|p2a: The Rizzler\ud83d\ude0e|Trick Room|p2a: The Rizzler\ud83d\ude0e\n|-fieldend|move: Trick Room\n|\n|-status|p1a: Ursaluna|brn|[from] item: Flame Orb\n|upkeep\n|turn|4\n|c|\u2606xdr4k300|Gg\n|\n|t:|1699729978\n|switch|p1a: Staraptor|Staraptor, L50, F|100\/100\n|-ability|p1a: Staraptor|Intimidate|boost\n|-unboost|p2a: The Rizzler\ud83d\ude0e|atk|1\n|-ability|p2a: The Rizzler\ud83d\ude0e|Competitive|boost\n|-boost|p2a: The Rizzler\ud83d\ude0e|spa|2\n|-fail|p2b: Robin DaBank|unboost|Attack|[from] ability: Scrappy|[of] p2b: Robin DaBank\n|move|p1b: Scream Tail|Dazzling Gleam|p2a: The Rizzler\ud83d\ude0e|[spread] p2a,p2b\n|-supereffective|p2b: Robin DaBank\n|-damage|p2a: The Rizzler\ud83d\ude0e|0 fnt\n|-damage|p2b: Robin DaBank|39\/100\n|faint|p2a: The Rizzler\ud83d\ude0e\n|move|p2b: Robin DaBank|Bullet Seed|p1a: Staraptor\n|-resisted|p1a: Staraptor\n|-damage|p1a: Staraptor|85\/100\n|-resisted|p1a: Staraptor\n|-damage|p1a: Staraptor|69\/100\n|-resisted|p1a: Staraptor\n|-damage|p1a: Staraptor|54\/100\n|-resisted|p1a: Staraptor\n|-damage|p1a: Staraptor|39\/100\n|-hitcount|p1a: Staraptor|4\n|\n|upkeep\n|\n|t:|1699729987\n|switch|p2a: Best Rock|Stonjourner, L50, F, shiny|100\/100\n|turn|5\n|\n|t:|1699730002\n|-terastallize|p2a: Best Rock|Grass\n|move|p1a: Staraptor|Close Combat|p2a: Best Rock\n|-damage|p2a: Best Rock|75\/100\n|-unboost|p1a: Staraptor|def|1\n|-unboost|p1a: Staraptor|spd|1\n|move|p1b: Scream Tail|Dazzling Gleam|p2a: Best Rock|[spread] p2a,p2b\n|-supereffective|p2b: Robin DaBank\n|-damage|p2a: Best Rock|39\/100\n|-damage|p2b: Robin DaBank|12\/100\n|move|p2b: Robin DaBank|Bullet Seed|p1b: Scream Tail\n|-damage|p1b: Scream Tail|77\/100\n|-damage|p1b: Scream Tail|54\/100\n|-damage|p1b: Scream Tail|32\/100\n|-damage|p1b: Scream Tail|8\/100\n|-hitcount|p1b: Scream Tail|4\n|move|p2a: Best Rock|Rock Slide|p1a: Staraptor|[spread] p1a,p1b\n|-supereffective|p1a: Staraptor\n|-damage|p1a: Staraptor|0 fnt\n|-damage|p1b: Scream Tail|0 fnt\n|faint|p1a: Staraptor\n|faint|p1b: Scream Tail\n|-end|p1b: Scream Tail|Protosynthesis|[silent]\n|\n|upkeep\n|c|\u2606Vengeful potato|Gg\n|\n|t:|1699730025\n|switch|p1a: Ursaluna|Ursaluna, L50, M|100\/100 brn\n|turn|6\n|c|\u2606xdr4k300|Gg\n|\n|t:|1699730036\n|move|p2a: Best Rock|High Horsepower|p1a: Ursaluna\n|-damage|p1a: Ursaluna|76\/100 brn\n|move|p2b: Robin DaBank|Bullet Seed|p1a: Ursaluna\n|-supereffective|p1a: Ursaluna\n|-damage|p1a: Ursaluna|34\/100 brn\n|-supereffective|p1a: Ursaluna\n|-damage|p1a: Ursaluna|0 fnt\n|faint|p1a: Ursaluna\n|-hitcount|p1: Ursaluna|2\n|\n|win|Vengeful potato\n|raw|xdr4k300's rating: 1350 &rarr; <strong>1331<\/strong><br \/>(-19 for losing)\n|raw|Vengeful potato's rating: 1366 &rarr; <strong>1385<\/strong><br \/>(+19 for winning)\n","uploadtime":1699730042,"views":16,"p1id":"xdr4k300","p2id":"vengefulpotato","formatid":"gen9vgc2023regulatione","rating":1331,"private":0,"password":""}