{"id":"gen9vgc2023regulatione-1992902249","p1":"kavonpokebros","p2":"Centi_Caduceus","format":"[Gen 9] VGC 2023 Regulation E","log":"|j|\u2606kavonpokebros\n|j|\u2606Centi_Caduceus\n|t:|1700245327\n|gametype|doubles\n|player|p1|kavonpokebros|worker-gen4|1028\n|player|p2|Centi_Caduceus|170|1000\n|teamsize|p1|6\n|teamsize|p2|6\n|gen|9\n|tier|[Gen 9] VGC 2023 Regulation E\n|rated|\n|rule|Species Clause: Limit one of each Pok\u00e9mon\n|rule|Item Clause: Limit one of each item\n|clearpoke\n|poke|p1|Persian-Alola, L50, F|\n|poke|p1|Arcanine, L50, F|\n|poke|p1|Milotic, L50, M|\n|poke|p1|Mimikyu, L50, M|\n|poke|p1|Appletun, L50, M|\n|poke|p1|Sneasler, L50, M|\n|poke|p2|Charjabug, L50, M|\n|poke|p2|Landorus, L50, M|\n|poke|p2|Braviary-Hisui, L50, M|\n|poke|p2|Bellibolt, L50, F|\n|poke|p2|Spectrier, L50|\n|poke|p2|Chi-Yu, L50|\n|teampreview|4\n|\n|t:|1700245343\n|start\n|switch|p1a: Persian|Persian-Alola, L50, F|100\/100\n|switch|p1b: Sneasler|Sneasler, L50, M|100\/100\n|switch|p2a: Charjabug|Charjabug, L50, M|100\/100\n|switch|p2b: Spectrier|Spectrier, L50|100\/100\n|turn|1\n|\n|t:|1700245364\n|move|p2b: Spectrier|Protect|p2b: Spectrier\n|-singleturn|p2b: Spectrier|Protect\n|move|p2a: Charjabug|Protect|p2a: Charjabug\n|-singleturn|p2a: Charjabug|Protect\n|move|p1a: Persian|Fake Out|p2b: Spectrier\n|-activate|p2b: Spectrier|move: Protect\n|move|p1b: Sneasler|Dire Claw|p2a: Charjabug\n|-activate|p2a: Charjabug|move: Protect\n|\n|upkeep\n|turn|2\n|\n|t:|1700245396\n|switch|p1b: Arcanine|Arcanine, L50, F|100\/100\n|-ability|p1b: Arcanine|Intimidate|boost\n|-unboost|p2a: Charjabug|atk|1\n|-unboost|p2b: Spectrier|atk|1\n|move|p2b: Spectrier|Draining Kiss|p1a: Persian\n|-supereffective|p1a: Persian\n|-damage|p1a: Persian|25\/100\n|move|p1a: Persian|Snarl|p2b: Spectrier|[spread] p2a,p2b\n|-supereffective|p2b: Spectrier\n|-damage|p2a: Charjabug|91\/100\n|-damage|p2b: Spectrier|75\/100\n|-unboost|p2a: Charjabug|spa|1\n|-unboost|p2b: Spectrier|spa|1\n|move|p2a: Charjabug|Mud Shot|p1b: Arcanine\n|-supereffective|p1b: Arcanine\n|-damage|p1b: Arcanine|88\/100\n|-unboost|p1b: Arcanine|spe|1\n|\n|upkeep\n|turn|3\n|\n|t:|1700245422\n|switch|p1a: Sneasler|Sneasler, L50, M|100\/100\n|move|p2a: Charjabug|Protect|p2a: Charjabug\n|-singleturn|p2a: Charjabug|Protect\n|move|p2b: Spectrier|Draining Kiss|p1a: Sneasler\n|-damage|p1a: Sneasler|78\/100\n|-heal|p2b: Spectrier|92\/100|[from] drain|[of] p1a: Sneasler\n|move|p1b: Arcanine|Flare Blitz|p2b: Spectrier\n|-damage|p2b: Spectrier|0 fnt\n|faint|p2b: Spectrier\n|-damage|p1b: Arcanine|61\/100|[from] Recoil\n|\n|upkeep\n|\n|t:|1700245436\n|switch|p2b: Braviary|Braviary-Hisui, L50, M|100\/100\n|turn|4\n|\n|t:|1700245456\n|-terastallize|p1a: Sneasler|Poison\n|-terastallize|p2b: Braviary|Psychic\n|move|p1a: Sneasler|Lash Out|p2b: Braviary\n|-supereffective|p2b: Braviary\n|-damage|p2b: Braviary|7\/100\n|move|p1b: Arcanine|Flare Blitz|p2a: Charjabug\n|-supereffective|p2a: Charjabug\n|-damage|p2a: Charjabug|32\/100\n|-damage|p1b: Arcanine|45\/100|[from] Recoil\n|move|p2b: Braviary|Esper Wing|p1a: Sneasler\n|-supereffective|p1a: Sneasler\n|-damage|p1a: Sneasler|0 fnt\n|faint|p1a: Sneasler\n|move|p2a: Charjabug|Thunder Wave|p1b: Arcanine\n|-status|p1b: Arcanine|par\n|\n|upkeep\n|\n|t:|1700245475\n|switch|p1a: Persian|Persian-Alola, L50, F|25\/100\n|turn|5\n|\n|t:|1700245517\n|move|p2a: Charjabug|Protect|p2a: Charjabug\n|-singleturn|p2a: Charjabug|Protect\n|move|p1a: Persian|Snarl|p2a: Charjabug|[spread] p2b\n|-activate|p2a: Charjabug|move: Protect\n|-supereffective|p2b: Braviary\n|-damage|p2b: Braviary|0 fnt\n|faint|p2b: Braviary\n|move|p1b: Arcanine|Flare Blitz|p2a: Charjabug\n|-activate|p2a: Charjabug|move: Protect\n|\n|upkeep\n|\n|t:|1700245523\n|switch|p2b: Bellibolt|Bellibolt, L50, F|100\/100\n|turn|6\n|\n|t:|1700245543\n|move|p1a: Persian|Parting Shot|p2b: Bellibolt\n|-unboost|p2b: Bellibolt|atk|1\n|-unboost|p2b: Bellibolt|spa|1\n|\n|t:|1700245547\n|switch|p1a: Milotic|Milotic, L50, M|100\/100|[from] Parting Shot\n|move|p2b: Bellibolt|Muddy Water|p1b: Arcanine|[spread] p1a,p1b\n|-resisted|p1a: Milotic\n|-supereffective|p1b: Arcanine\n|-damage|p1a: Milotic|95\/100\n|-damage|p1b: Arcanine|19\/100 par\n|-unboost|p1b: Arcanine|accuracy|1\n|move|p2a: Charjabug|Mud Shot|p1b: Arcanine\n|-supereffective|p1b: Arcanine\n|-damage|p1b: Arcanine|6\/100 par\n|-unboost|p1b: Arcanine|spe|1\n|move|p1b: Arcanine|Flare Blitz|p2a: Charjabug\n|-supereffective|p2a: Charjabug\n|-damage|p2a: Charjabug|0 fnt\n|faint|p2a: Charjabug\n|-damage|p1b: Arcanine|0 fnt|[from] Recoil\n|faint|p1b: Arcanine\n|\n|upkeep\n|-message|Centi_Caduceus forfeited.\n|\n|win|kavonpokebros\n|raw|kavonpokebros's rating: 1028 &rarr; <strong>1061<\/strong><br \/>(+33 for winning)\n|raw|Centi_Caduceus's rating: 1000 &rarr; <strong>1000<\/strong><br \/>(+0 for losing)\n|l|\u2606Centi_Caduceus\n","uploadtime":1700245571,"views":10,"p1id":"kavonpokebros","p2id":"centicaduceus","formatid":"gen9vgc2023regulatione","rating":1000,"private":0,"password":""}