{"id":"gen9vgc2023regulatione-1995893585","p1":"Chaotic Raos","p2":"AGSilver935","format":"[Gen 9] VGC 2023 Regulation E","log":"|j|\u2606Chaotic Raos\n|j|\u2606AGSilver935\n|n|\u2606Chaotic Raos|chaoticraos\n|n|\u2606AGSilver935|agsilver935\n|html|View the match progress at <a href=\"\/game-bestof3-gen9vgc2023regulatione-1995893584\">game-bestof3-gen9vgc2023regulatione-1995893584<\/a>\n|t:|1700614463\n|gametype|doubles\n|player|p1|Chaotic Raos|2|\n|player|p2|AGSilver935|ghetsis|\n|teamsize|p1|6\n|teamsize|p2|6\n|gen|9\n|tier|[Gen 9] VGC 2023 Regulation E\n|rule|Species Clause: Limit one of each Pok\u00e9mon\n|rule|Item Clause: Limit one of each item\n|clearpoke\n|poke|p1|Basculegion, L50, M|\n|poke|p1|Sableye, L50, M|\n|poke|p1|Politoed, L50, M|\n|poke|p1|Scizor, L50, M|\n|poke|p1|Rillaboom, L50, M|\n|poke|p1|Rotom-Heat, L50|\n|poke|p2|Tornadus, L50, M|\n|poke|p2|Urshifu-*, L50, M|\n|poke|p2|Regidrago, L50|\n|poke|p2|Gholdengo, L50|\n|poke|p2|Rillaboom, L50, F|\n|poke|p2|Arcanine-Hisui, L50, F|\n|teampreview|4\nAGSilver935 has agreed to open team sheets.\nChaotic Raos has agreed to open team sheets.\n|showteam|p1|Basculegion||MysticWater|SwiftSwim|AquaJet,LastRespects,WaveCrash,Protect|||M|||50|,,,,,Water]Sableye||RoseliBerry|Prankster|RainDance,FoulPlay,WillOWisp,Quash|||M|||50|,,,,,Steel]Politoed||SitrusBerry|Drizzle|IcyWind,HydroPump,Protect,HelpingHand|||M|||50|,,,,,Grass]Scizor||ClearAmulet|Technician|BulletPunch,Uturn,DualWingbeat,Protect|||M|||50|,,,,,Flying]Rillaboom||AssaultVest|GrassySurge|FakeOut,GrassyGlide,WoodHammer,HighHorsepower|||M|||50|,,,,,Fire]Rotom-Heat||ChoiceScarf|Levitate|Thunder,Overheat,VoltSwitch,TeraBlast||||||50|,,,,,Fairy\n|showteam|p2|Tornadus||RockyHelmet|Prankster|BleakwindStorm,RainDance,Protect,Tailwind|||M|||50|,,,,,Steel]Urshifu-Rapid-Strike||ChoiceScarf|UnseenFist|SurgingStrikes,AquaJet,Uturn,CloseCombat|||M|||50|,,,,,Water]Regidrago||DragonFang|DragonsMaw|DragonEnergy,DracoMeteor,Protect,EarthPower||||||50|,,,,,Steel]Gholdengo||MetalCoat|GoodasGold|MakeItRain,ShadowBall,Protect,NastyPlot||||||50|,,,,,Dragon]Rillaboom||AssaultVest|GrassySurge|WoodHammer,Uturn,GrassyGlide,FakeOut|||F|||50|,,,,,Grass]Arcanine-Hisui||SitrusBerry|Intimidate|RockSlide,ExtremeSpeed,WillOWisp,FlareBlitz|||F|||50|,,,,,Water\n|c|\u2606Chaotic Raos|glhf!\n|c|\u2606Chaotic Raos|Game 1\n|c|\u2606AGSilver935|Good luck!\n|\n|t:|1700614540\n|start\n|switch|p1a: King Kong|Rillaboom, L50, M|100\/100\n|switch|p1b: Pasty Maker|Rotom-Heat, L50, shiny|100\/100\n|switch|p2a: Tornadus|Tornadus, L50, M|100\/100\n|switch|p2b: Gholdengo|Gholdengo, L50|100\/100\n|-fieldstart|move: Grassy Terrain|[from] ability: Grassy Surge|[of] p1a: King Kong\n|turn|1\n|\n|t:|1700614568\n|-terastallize|p2b: Gholdengo|Dragon\n|move|p2a: Tornadus|Protect|p2a: Tornadus\n|-singleturn|p2a: Tornadus|Protect\n|move|p1b: Pasty Maker|Volt Switch|p2a: Tornadus\n|-activate|p2a: Tornadus|move: Protect\n|move|p2b: Gholdengo|Nasty Plot|p2b: Gholdengo\n|-boost|p2b: Gholdengo|spa|2\n|move|p1a: King Kong|High Horsepower|p2b: Gholdengo\n|-damage|p2b: Gholdengo|69\/100\n|\n|-heal|p2b: Gholdengo|75\/100|[from] Grassy Terrain\n|upkeep\n|turn|2\n|\n|t:|1700614617\n|move|p1b: Pasty Maker|Volt Switch|p2a: Tornadus\n|-supereffective|p2a: Tornadus\n|-damage|p2a: Tornadus|16\/100\n|\n|t:|1700614622\n|switch|p1b: Tahm Kench|Politoed, L50, M|100\/100|[from] Volt Switch\n|-weather|RainDance|[from] ability: Drizzle|[of] p1b: Tahm Kench\n|move|p2a: Tornadus|Bleakwind Storm|p1a: King Kong|[spread] p1a,p1b\n|-supereffective|p1a: King Kong\n|-damage|p1a: King Kong|47\/100\n|-damage|p1b: Tahm Kench|78\/100\n|-unboost|p1a: King Kong|spe|1\n|move|p2b: Gholdengo|Nasty Plot|p2b: Gholdengo\n|-boost|p2b: Gholdengo|spa|2\n|move|p1a: King Kong|Wood Hammer|p2b: Gholdengo\n|-resisted|p2b: Gholdengo\n|-damage|p2b: Gholdengo|30\/100\n|-damage|p1a: King Kong|34\/100|[from] Recoil\n|\n|-weather|RainDance|[upkeep]\n|-heal|p2b: Gholdengo|36\/100|[from] Grassy Terrain\n|-heal|p1b: Tahm Kench|84\/100|[from] Grassy Terrain\n|-heal|p1a: King Kong|40\/100|[from] Grassy Terrain\n|upkeep\n|turn|3\n|\n|t:|1700614658\n|switch|p1a: Pasty Maker|Rotom-Heat, L50, shiny|100\/100\n|move|p2a: Tornadus|Bleakwind Storm|p1a: Pasty Maker|[spread] p1a,p1b\n|-resisted|p1a: Pasty Maker\n|-damage|p1a: Pasty Maker|79\/100\n|-damage|p1b: Tahm Kench|62\/100\n|-unboost|p1a: Pasty Maker|spe|1\n|move|p2b: Gholdengo|Make It Rain|p1a: Pasty Maker|[spread] p1a,p1b\n|-resisted|p1a: Pasty Maker\n|-resisted|p1b: Tahm Kench\n|-damage|p1a: Pasty Maker|16\/100\n|-damage|p1b: Tahm Kench|2\/100\n|-unboost|p2b: Gholdengo|spa|1\n|-enditem|p1b: Tahm Kench|Sitrus Berry|[eat]\n|-heal|p1b: Tahm Kench|27\/100|[from] item: Sitrus Berry\n|move|p1b: Tahm Kench|Icy Wind|p2b: Gholdengo|[spread] p2a,p2b\n|-supereffective|p2a: Tornadus\n|-supereffective|p2b: Gholdengo\n|-damage|p2a: Tornadus|0 fnt\n|-damage|p2b: Gholdengo|18\/100\n|-unboost|p2b: Gholdengo|spe|1\n|faint|p2a: Tornadus\n|\n|-weather|RainDance|[upkeep]\n|-heal|p1b: Tahm Kench|33\/100|[from] Grassy Terrain\n|-heal|p2b: Gholdengo|24\/100|[from] Grassy Terrain\n|upkeep\n|\n|t:|1700614683\n|switch|p2a: Arcanine|Arcanine-Hisui, L50, F|100\/100\n|-ability|p2a: Arcanine|Intimidate|boost\n|-unboost|p1a: Pasty Maker|atk|1\n|-unboost|p1b: Tahm Kench|atk|1\n|turn|4\n|\n|t:|1700614709\n|move|p1a: Pasty Maker|Tera Blast|p2b: Gholdengo\n|-damage|p2b: Gholdengo|0 fnt\n|faint|p2b: Gholdengo\n|move|p2a: Arcanine|Rock Slide|p1b: Tahm Kench|[spread] p1a,p1b\n|-supereffective|p1a: Pasty Maker\n|-damage|p1a: Pasty Maker|0 fnt\n|-damage|p1b: Tahm Kench|3\/100\n|faint|p1a: Pasty Maker\n|move|p1b: Tahm Kench|Hydro Pump|p2a: Arcanine|[miss]\n|-miss|p1b: Tahm Kench|p2a: Arcanine\n|\n|-weather|RainDance|[upkeep]\n|-heal|p1b: Tahm Kench|9\/100|[from] Grassy Terrain\n|upkeep\n|\n|t:|1700614721\n|switch|p1a: Legion|Basculegion, L50, M|100\/100\n|switch|p2b: Rillaboom|Rillaboom, L50, F|100\/100\n|turn|5\n|\n|t:|1700614746\n|switch|p1b: King Kong|Rillaboom, L50, M|40\/100\n|move|p1a: Legion|Protect|p1a: Legion\n|-singleturn|p1a: Legion|Protect\n|move|p2b: Rillaboom|Grassy Glide|p1a: Legion\n|-activate|p1a: Legion|move: Protect\n|move|p2a: Arcanine|Will-O-Wisp|p1b: King Kong|[miss]\n|-miss|p2a: Arcanine|p1b: King Kong\n|\n|-weather|RainDance|[upkeep]\n|-heal|p1b: King Kong|45\/100|[from] Grassy Terrain\n|-fieldend|move: Grassy Terrain\n|upkeep\n|turn|6\n|j| muzikal\n|\n|t:|1700614775\n|move|p1b: King Kong|Fake Out|p2b: Rillaboom\n|-damage|p2b: Rillaboom|86\/100\n|move|p1a: Legion|Wave Crash|p2a: Arcanine\n|-supereffective|p2a: Arcanine\n|-damage|p2a: Arcanine|0 fnt\n|faint|p2a: Arcanine\n|-damage|p1a: Legion|71\/100|[from] Recoil\n|cant|p2b: Rillaboom|flinch\n|\n|-weather|none\n|upkeep\n|turn|7\n|\n|t:|1700614790\n|move|p1a: Legion|Protect|p1a: Legion\n|-singleturn|p1a: Legion|Protect\n|move|p2b: Rillaboom|Wood Hammer|p1a: Legion\n|-activate|p1a: Legion|move: Protect\n|move|p1b: King Kong|Wood Hammer|p2b: Rillaboom\n|-resisted|p2b: Rillaboom\n|-damage|p2b: Rillaboom|54\/100\n|-damage|p1b: King Kong|35\/100|[from] Recoil\n|\n|upkeep\n|turn|8\n|j| Bauerdad\n|\n|t:|1700614805\n|switch|p1a: Tahm Kench|Politoed, L50, M|9\/100\n|-weather|RainDance|[from] ability: Drizzle|[of] p1a: Tahm Kench\n|move|p2b: Rillaboom|Wood Hammer|p1a: Tahm Kench\n|-supereffective|p1a: Tahm Kench\n|-damage|p1a: Tahm Kench|0 fnt\n|faint|p1a: Tahm Kench\n|-damage|p2b: Rillaboom|51\/100|[from] Recoil\n|move|p1b: King Kong|Wood Hammer|p2b: Rillaboom\n|-resisted|p2b: Rillaboom\n|-damage|p2b: Rillaboom|22\/100\n|-damage|p1b: King Kong|25\/100|[from] Recoil\n|\n|-weather|RainDance|[upkeep]\n|upkeep\n|\n|t:|1700614818\n|switch|p1a: Legion|Basculegion, L50, M|71\/100\n|turn|9\n|\n|t:|1700614826\n|move|p1a: Legion|Last Respects|p2b: Rillaboom\n|-damage|p2b: Rillaboom|0 fnt\n|faint|p2b: Rillaboom\n|\n|win|Chaotic Raos\n|c|\u2606AGSilver935|gg\n|c|\u2606Chaotic Raos|gg\n|c|&|\/uhtml prompt-chaoticraos,Chaotic Raos is ready for game 2!\n|inactive|AGSilver935 has 50 seconds to confirm battle start!\n|c|&|\/uhtml prompt-agsilver935,AGSilver935 is ready for game 2!\nBoth players are ready! Starting next match!\n|l| Bauerdad\n|l|\u2606AGSilver935\n|l| muzikal\n","uploadtime":1700614832,"views":8,"p1id":"chaoticraos","p2id":"agsilver935","formatid":"gen9vgc2023regulatione","rating":0,"private":0,"password":""}