{"id":"gen9vgc2023regulatione-1998001374","p1":"OmegaAlpha01","p2":"Cozy Snail","format":"[Gen 9] VGC 2023 Regulation E","log":"|j|\u2606OmegaAlpha01\n|j|\u2606Cozy Snail\n|n|\u2606OmegaAlpha01|omegaalpha01\n|n|\u2606Cozy Snail|cozysnail\n|html|View the match progress at <a href=\"\/game-bestof3-gen9vgc2023regulatione-1998001373\">game-bestof3-gen9vgc2023regulatione-1998001373<\/a>\n|t:|1700877456\n|gametype|doubles\n|player|p1|OmegaAlpha01|caitlin|\n|player|p2|Cozy Snail|fisherman-gen4|\n|teamsize|p1|6\n|teamsize|p2|6\n|gen|9\n|tier|[Gen 9] VGC 2023 Regulation E\n|rule|Species Clause: Limit one of each Pok\u00e9mon\n|rule|Item Clause: Limit one of each item\n|clearpoke\n|poke|p1|Ninetales-Alola, L50, M|\n|poke|p1|Baxcalibur, L50, F|\n|poke|p1|Skiploom, L50, M|\n|poke|p1|Mesprit, L50|\n|poke|p1|Meowscarada, L50, F|\n|poke|p1|Glaceon, L50, F|\n|poke|p2|Heatran, L50, F|\n|poke|p2|Landorus-Therian, L50, M|\n|poke|p2|Illumise, L50, F|\n|poke|p2|Drednaw, L50, M|\n|poke|p2|Enamorus-Therian, L50, F|\n|poke|p2|Vikavolt, L50, F|\n|teampreview|4\n|c|\u2606Cozy Snail|hi there!\n|c|\u2606OmegaAlpha01|heloo\n|c|\u2606OmegaAlpha01|glhf my friend!\nOmegaAlpha01 rejected open team sheets.\n|l|\u2606OmegaAlpha01\n|player|p1|\n|c|\u2606Cozy Snail|glhf :)\n|j|\u2606OmegaAlpha01\n|player|p1|OmegaAlpha01|caitlin\n|c|\u2606Cozy Snail|how do you get the cool avatar?\n|c|\u2606Cozy Snail|just out of curiousity\n|c|\u2606OmegaAlpha01|chat self \/avatar and the option you want\n|c|\u2606OmegaAlpha01|i forget how to find the list though\n|j| Cmholde2\n|\n|t:|1700877634\n|start\n|switch|p1a: Gun|Meowscarada, L50, F|100\/100\n|switch|p1b: LCQ|Glaceon, L50, F|100\/100\n|switch|p2a: Illumise|Illumise, L50, F, shiny|100\/100\n|switch|p2b: Drednaw|Drednaw, L50, M|100\/100\n|turn|1\n|\n|t:|1700877669\n|switch|p2b: Heatran|Heatran, L50, F, shiny|100\/100\n|move|p2a: Illumise|Tailwind|p2a: Illumise\n|-sidestart|p2: Cozy Snail|move: Tailwind\n|move|p1a: Gun|Flower Trick|p2b: Heatran\n|-start|p1a: Gun|typechange|Grass|[from] ability: Protean\n|-resisted|p2b: Heatran\n|-crit|p2b: Heatran\n|-damage|p2b: Heatran|90\/100\n|move|p1b: LCQ|Freeze-Dry|p2b: Heatran\n|-resisted|p2b: Heatran\n|-damage|p2b: Heatran|80\/100\n|\n|upkeep\n|turn|2\n|\n|t:|1700877711\n|move|p2b: Heatran|Heat Wave|p1a: Gun|[spread] p1a,p1b\n|-supereffective|p1a: Gun\n|-supereffective|p1b: LCQ\n|-damage|p1a: Gun|0 fnt\n|-damage|p1b: LCQ|22\/100\n|faint|p1a: Gun\n|-damage|p2b: Heatran|71\/100|[from] item: Life Orb\n|move|p2a: Illumise|Struggle Bug|p1b: LCQ\n|-damage|p1b: LCQ|11\/100\n|-unboost|p1b: LCQ|spa|1\n|move|p1b: LCQ|Blizzard|p2a: Illumise|[spread] p2a,p2b\n|-resisted|p2b: Heatran\n|-damage|p2a: Illumise|70\/100\n|-damage|p2b: Heatran|64\/100\n|\n|upkeep\n|\n|t:|1700877723\n|switch|p1a: See ... Me?|Ninetales-Alola, L50, M|100\/100\n|-weather|Snow|[from] ability: Snow Warning|[of] p1a: See ... Me?\n|turn|3\n|\n|t:|1700877736\n|-terastallize|p1a: See ... Me?|Ghost\n|move|p2a: Illumise|Rain Dance|p2a: Illumise\n|-weather|RainDance\n|move|p2b: Heatran|Flash Cannon|p1a: See ... Me?\n|-damage|p1a: See ... Me?|30\/100\n|-damage|p2b: Heatran|54\/100|[from] item: Life Orb\n|move|p1a: See ... Me?|Aurora Veil||[still]\n|-fail|p1a: See ... Me?\n|move|p1b: LCQ|Blizzard|p2b: Heatran|[spread] p2b\n|-miss|p1b: LCQ|p2a: Illumise\n|-resisted|p2b: Heatran\n|-damage|p2b: Heatran|48\/100\n|\n|-weather|RainDance|[upkeep]\n|upkeep\n|turn|4\n|\n|t:|1700877758\n|move|p2a: Illumise|Encore|p1a: See ... Me?\n|-start|p1a: See ... Me?|Encore\n|move|p2b: Heatran|Flash Cannon|p1b: LCQ\n|-supereffective|p1b: LCQ\n|-damage|p1b: LCQ|0 fnt\n|faint|p1b: LCQ\n|-damage|p2b: Heatran|39\/100|[from] item: Life Orb\n|move|p1a: See ... Me?|Aurora Veil||[still]\n|-fail|p1a: See ... Me?\n|\n|-weather|RainDance|[upkeep]\n|-sideend|p2: Cozy Snail|move: Tailwind\n|upkeep\n|\n|t:|1700877762\n|switch|p1b: To Be Feared|Baxcalibur, L50, F|100\/100\n|turn|5\n|\n|t:|1700877775\n|move|p2a: Illumise|Tailwind|p2a: Illumise\n|-sidestart|p2: Cozy Snail|move: Tailwind\n|move|p2b: Heatran|Flash Cannon|p1b: To Be Feared\n|-supereffective|p1b: To Be Feared\n|-damage|p1b: To Be Feared|0 fnt\n|faint|p1b: To Be Feared\n|-damage|p2b: Heatran|29\/100|[from] item: Life Orb\n|move|p1a: See ... Me?|Aurora Veil||[still]\n|-fail|p1a: See ... Me?\n|\n|-weather|RainDance|[upkeep]\n|upkeep\n|turn|6\n|\n|t:|1700877789\n|move|p2b: Heatran|Flash Cannon|p1a: See ... Me?\n|-damage|p1a: See ... Me?|0 fnt\n|faint|p1a: See ... Me?\n|-damage|p2b: Heatran|20\/100|[from] item: Life Orb\n|\n|win|Cozy Snail\n|c|&|\/uhtml prompt-omegaalpha01,OmegaAlpha01 is ready for game 2!\n|c|\u2606Cozy Snail|gg\n|l| Cmholde2\n|c|\u2606OmegaAlpha01|gg\n|inactive|Cozy Snail has 50 seconds to confirm battle start!\n|c|&|\/uhtml prompt-cozysnail,Cozy Snail is ready for game 2!\nBoth players are ready! Starting next match!\n","uploadtime":1700878424,"views":7,"p1id":"omegaalpha01","p2id":"cozysnail","formatid":"gen9vgc2023regulatione","rating":0,"private":0,"password":""}