{"id":"gen9vgc2023regulatione-1988894293","p1":"ukgseklfus","p2":"J-combat","format":"[Gen 9] VGC 2023 Regulation E","log":"|j|\u2606ukgseklfus\n|j|\u2606J-combat\n|t:|1699782820\n|gametype|doubles\n|player|p1|ukgseklfus|102|1109\n|player|p2|J-combat|chili|1170\n|teamsize|p1|6\n|teamsize|p2|6\n|gen|9\n|tier|[Gen 9] VGC 2023 Regulation E\n|rated|\n|rule|Species Clause: Limit one of each Pok\u00e9mon\n|rule|Item Clause: Limit one of each item\n|clearpoke\n|poke|p1|Empoleon, L50, M|\n|poke|p1|Tyranitar, L50, M|\n|poke|p1|Sinistcha, L50|\n|poke|p1|Arcanine-Hisui, L50, M|\n|poke|p1|Corviknight, L50, F|\n|poke|p1|Flutter Mane, L50|\n|poke|p2|Tornadus, L50, M|\n|poke|p2|Arcanine, L50, M|\n|poke|p2|Torterra, L50, M|\n|poke|p2|Flutter Mane, L50|\n|poke|p2|Chien-Pao, L50|\n|poke|p2|Ogerpon-Hearthflame, L50, F|\n|teampreview|4\n|inactive|Battle timer is ON: inactive players will automatically lose when time's up. (requested by J-combat)\nJ-combat has agreed to open team sheets.\n|inactive|ukgseklfus has 60 seconds left.\n|c|\u2606J-combat|Gday mate\n|\n|t:|1699782863\n|start\n|switch|p1a: Empoleon|Empoleon, L50, M|100\/100\n|switch|p1b: Tyranitar|Tyranitar, L50, M|100\/100\n|switch|p2a: Arcanine|Arcanine, L50, M, shiny|100\/100\n|switch|p2b: Flutter Mane|Flutter Mane, L50|100\/100\n|-ability|p2a: Arcanine|Intimidate|boost\n|-unboost|p1a: Empoleon|atk|1\n|-ability|p1a: Empoleon|Competitive|boost\n|-boost|p1a: Empoleon|spa|2\n|-unboost|p1b: Tyranitar|atk|1\n|-weather|Sandstorm|[from] ability: Sand Stream|[of] p1b: Tyranitar\n|-enditem|p2b: Flutter Mane|Booster Energy\n|-activate|p2b: Flutter Mane|ability: Protosynthesis|[fromitem]\n|-start|p2b: Flutter Mane|protosynthesisspe\n|turn|1\n|\n|t:|1699782884\n|switch|p1b: Arcanine|Arcanine-Hisui, L50, M|100\/100\n|-ability|p1b: Arcanine|Intimidate|boost\n|-unboost|p2a: Arcanine|atk|1\n|-unboost|p2b: Flutter Mane|atk|1\n|-terastallize|p2b: Flutter Mane|Ghost\n|move|p2b: Flutter Mane|Thunderbolt|p1a: Empoleon\n|-supereffective|p1a: Empoleon\n|-damage|p1a: Empoleon|40\/100\n|-status|p1a: Empoleon|par\n|move|p2a: Arcanine|Will-O-Wisp|p1b: Arcanine\n|-immune|p1b: Arcanine\n|move|p1a: Empoleon|Flash Cannon|p2b: Flutter Mane\n|-damage|p2b: Flutter Mane|20\/100\n|\n|-weather|Sandstorm|[upkeep]\n|-damage|p2b: Flutter Mane|14\/100|[from] Sandstorm\n|-damage|p2a: Arcanine|94\/100|[from] Sandstorm\n|upkeep\n|turn|2\n|inactive|ukgseklfus has 30 seconds left.\n|\n|t:|1699782913\n|switch|p1a: Tyranitar|Tyranitar, L50, M|100\/100\n|move|p2b: Flutter Mane|Thunderbolt|p1a: Tyranitar\n|-damage|p1a: Tyranitar|88\/100\n|move|p2a: Arcanine|Flare Blitz|p1b: Arcanine\n|-resisted|p1b: Arcanine\n|-damage|p1b: Arcanine|93\/100\n|-damage|p2a: Arcanine|91\/100|[from] Recoil\n|move|p1b: Arcanine|Rock Slide|p2b: Flutter Mane|[spread] p2a,p2b\n|-supereffective|p2a: Arcanine\n|-damage|p2a: Arcanine|25\/100\n|-damage|p2b: Flutter Mane|0 fnt\n|faint|p2b: Flutter Mane\n|-end|p2b: Flutter Mane|Protosynthesis|[silent]\n|\n|-weather|Sandstorm|[upkeep]\n|-damage|p2a: Arcanine|19\/100|[from] Sandstorm\n|upkeep\n|\n|t:|1699782922\n|switch|p2b: Chien-Pao|Chien-Pao, L50|100\/100\n|-ability|p2b: Chien-Pao|Sword of Ruin\n|turn|3\n|\n|t:|1699782940\n|switch|p1a: Flutter Mane|Flutter Mane, L50|100\/100\n|move|p2b: Chien-Pao|Sacred Sword|p1a: Flutter Mane\n|-immune|p1a: Flutter Mane\n|move|p2a: Arcanine|Rest|p2a: Arcanine\n|-status|p2a: Arcanine|slp|[from] move: Rest\n|-heal|p2a: Arcanine|100\/100 slp|[silent]\n|move|p1b: Arcanine|Rock Slide|p2b: Chien-Pao|[spread] p2a,p2b\n|-supereffective|p2a: Arcanine\n|-supereffective|p2b: Chien-Pao\n|-damage|p2a: Arcanine|24\/100 slp\n|-damage|p2b: Chien-Pao|37\/100\n|\n|-weather|Sandstorm|[upkeep]\n|-damage|p2b: Chien-Pao|31\/100|[from] Sandstorm\n|-damage|p1a: Flutter Mane|94\/100|[from] Sandstorm\n|-damage|p2a: Arcanine|18\/100 slp|[from] Sandstorm\n|upkeep\n|turn|4\n|inactive|ukgseklfus has 30 seconds left.\n|\n|t:|1699782967\n|-terastallize|p1b: Arcanine|Water\n|move|p1a: Flutter Mane|Protect|p1a: Flutter Mane\n|-singleturn|p1a: Flutter Mane|Protect\n|move|p2b: Chien-Pao|Sucker Punch||[still]\n|-fail|p2b: Chien-Pao\n|cant|p2a: Arcanine|slp\n|move|p2a: Arcanine|Sleep Talk|p2a: Arcanine\n|move|p2a: Arcanine|Flare Blitz|p1b: Arcanine|[from]move: Sleep Talk\n|-resisted|p1b: Arcanine\n|-damage|p1b: Arcanine|73\/100\n|-damage|p2a: Arcanine|10\/100 slp|[from] Recoil\n|move|p1b: Arcanine|Rock Slide|p2b: Chien-Pao|[spread] p2a\n|-miss|p1b: Arcanine|p2b: Chien-Pao\n|-supereffective|p2a: Arcanine\n|-damage|p2a: Arcanine|0 fnt\n|faint|p2a: Arcanine\n|\n|-weather|Sandstorm|[upkeep]\n|-damage|p2b: Chien-Pao|25\/100|[from] Sandstorm\n|-damage|p1a: Flutter Mane|88\/100|[from] Sandstorm\n|-damage|p1b: Arcanine|67\/100|[from] Sandstorm\n|upkeep\n|\n|t:|1699782971\n|switch|p2a: Tortoise|Torterra, L50, M|100\/100\n|turn|5\n|inactive|ukgseklfus has 30 seconds left.\n|\n|t:|1699782998\n|-end|p1a: Flutter Mane|Protosynthesis|[silent]\n|switch|p1a: Empoleon|Empoleon, L50, M|40\/100 par\n|move|p2b: Chien-Pao|Sucker Punch||[still]\n|-fail|p2b: Chien-Pao\n|move|p1b: Arcanine|Will-O-Wisp|p2a: Tortoise\n|-status|p2a: Tortoise|brn\n|move|p2a: Tortoise|Shell Smash|p2a: Tortoise\n|-unboost|p2a: Tortoise|def|1\n|-unboost|p2a: Tortoise|spd|1\n|-boost|p2a: Tortoise|atk|2\n|-boost|p2a: Tortoise|spa|2\n|-boost|p2a: Tortoise|spe|2\n|-enditem|p2a: Tortoise|White Herb\n|-clearnegativeboost|p2a: Tortoise|[silent]\n|\n|-weather|none\n|-damage|p2a: Tortoise|95\/100 brn|[from] brn\n|upkeep\n|turn|6\n|\n|t:|1699783020\n|move|p1b: Arcanine|Protect|p1b: Arcanine\n|-singleturn|p1b: Arcanine|Protect\n|move|p2a: Tortoise|Wood Hammer|p1b: Arcanine\n|-activate|p1b: Arcanine|move: Protect\n|move|p2b: Chien-Pao|Sacred Sword|p1a: Empoleon\n|-supereffective|p1a: Empoleon\n|-damage|p1a: Empoleon|0 fnt\n|faint|p1a: Empoleon\n|-damage|p2b: Chien-Pao|15\/100|[from] item: Life Orb\n|\n|-damage|p2a: Tortoise|89\/100 brn|[from] brn\n|upkeep\n|\n|t:|1699783035\n|switch|p1a: Flutter Mane|Flutter Mane, L50|88\/100\n|turn|7\n|\n|t:|1699783049\n|move|p1a: Flutter Mane|Protect|p1a: Flutter Mane\n|-singleturn|p1a: Flutter Mane|Protect\n|move|p2a: Tortoise|Wood Hammer|p1b: Arcanine\n|-supereffective|p1b: Arcanine\n|-damage|p1b: Arcanine|0 fnt\n|faint|p1b: Arcanine\n|-damage|p2a: Tortoise|63\/100 brn|[from] Recoil\n|move|p2b: Chien-Pao|Ice Spinner|p1a: Flutter Mane\n|-activate|p1a: Flutter Mane|move: Protect\n|\n|-damage|p2a: Tortoise|57\/100 brn|[from] brn\n|upkeep\n|\n|t:|1699783060\n|switch|p1b: Tyranitar|Tyranitar, L50, M|88\/100\n|-weather|Sandstorm|[from] ability: Sand Stream|[of] p1b: Tyranitar\n|turn|8\n|\n|t:|1699783076\n|move|p2a: Tortoise|Wood Hammer|p1a: Flutter Mane\n|-damage|p1a: Flutter Mane|0 fnt\n|faint|p1a: Flutter Mane\n|-end|p1a: Flutter Mane|Protosynthesis|[silent]\n|-damage|p2a: Tortoise|32\/100 brn|[from] Recoil\n|move|p2b: Chien-Pao|Sacred Sword|p1b: Tyranitar\n|-supereffective|p1b: Tyranitar\n|-damage|p1b: Tyranitar|0 fnt\n|faint|p1b: Tyranitar\n|-damage|p2b: Chien-Pao|5\/100|[from] item: Life Orb\n|\n|win|J-combat\n|raw|ukgseklfus's rating: 1109 &rarr; <strong>1088<\/strong><br \/>(-21 for losing)\n|raw|J-combat's rating: 1170 &rarr; <strong>1191<\/strong><br \/>(+21 for winning)\n|l|\u2606ukgseklfus\n","uploadtime":1699783094,"views":16,"p1id":"ukgseklfus","p2id":"jcombat","formatid":"gen9vgc2023regulatione","rating":1088,"private":0,"password":""}