{"id":"gen9vgc2023regulatione-1988698550","p1":"Prf.Anu","p2":"BicoSamurai","format":"[Gen 9] VGC 2023 Regulation E","log":"|j|\u2606Prf.Anu\n|j|\u2606BicoSamurai\n|t:|1699752074\n|gametype|doubles\n|player|p1|Prf.Anu|unknown|1151\n|player|p2|BicoSamurai|wallace|1213\n|teamsize|p1|6\n|teamsize|p2|6\n|gen|9\n|tier|[Gen 9] VGC 2023 Regulation E\n|rated|\n|rule|Species Clause: Limit one of each Pok\u00e9mon\n|rule|Item Clause: Limit one of each item\n|clearpoke\n|poke|p1|Tornadus, L50, M|\n|poke|p1|Indeedee-F, L50, F|\n|poke|p1|Chi-Yu, L50|\n|poke|p1|Flutter Mane, L50|\n|poke|p1|Iron Hands, L50|\n|poke|p1|Chien-Pao, L50|\n|poke|p2|Volcarona, L50, F|\n|poke|p2|Arcanine-Hisui, L50, M|\n|poke|p2|Kingambit, L50, F|\n|poke|p2|Milotic, L50, M|\n|poke|p2|Iron Hands, L50|\n|poke|p2|Stantler, L50, M|\n|teampreview|4\n|inactive|Battle timer is ON: inactive players will automatically lose when time's up. (requested by Prf.Anu)\nPrf.Anu rejected open team sheets.\n|inactive|BicoSamurai has 60 seconds left.\n|\n|t:|1699752123\n|start\n|switch|p1a: Tornadus|Tornadus, L50, M, shiny|100\/100\n|switch|p1b: Indeedee|Indeedee-F, L50, F, shiny|100\/100\n|switch|p2a: Stantler|Stantler, L50, M|100\/100\n|switch|p2b: Milotic|Milotic, L50, M|100\/100\n|-ability|p2a: Stantler|Intimidate|boost\n|-unboost|p1a: Tornadus|atk|1\n|-unboost|p1b: Indeedee|atk|1\n|-fieldstart|move: Psychic Terrain|[from] ability: Psychic Surge|[of] p1b: Indeedee\n|turn|1\n|\n|t:|1699752148\n|move|p1a: Tornadus|Bleakwind Storm|p2a: Stantler|[spread] p2a,p2b\n|-damage|p2a: Stantler|74\/100\n|-damage|p2b: Milotic|76\/100\n|-unboost|p2a: Stantler|spe|1\n|move|p2b: Milotic|Icy Wind|p1a: Tornadus|[spread] p1b\n|-miss|p2b: Milotic|p1a: Tornadus\n|-damage|p1b: Indeedee|90\/100\n|-unboost|p1b: Indeedee|spe|1\n|move|p2a: Stantler|Skill Swap|p1a: Tornadus\n|-activate|p2a: Stantler|move: Skill Swap|Prankster|Intimidate|[of] p1a: Tornadus\n|-ability|p1a: Tornadus|Intimidate|boost\n|-unboost|p2a: Stantler|atk|1\n|-unboost|p2b: Milotic|atk|1\n|-ability|p2b: Milotic|Competitive|boost\n|-boost|p2b: Milotic|spa|2\n|move|p1b: Indeedee|Hyper Voice|p2a: Stantler|[spread] p2a,p2b\n|-damage|p2a: Stantler|53\/100\n|-damage|p2b: Milotic|58\/100\n|\n|-heal|p2b: Milotic|64\/100|[from] item: Leftovers\n|-heal|p1b: Indeedee|95\/100|[from] item: Leftovers\n|upkeep\n|turn|2\n|inactive|Prf.Anu has 30 seconds left.\n|inactive|BicoSamurai has 30 seconds left.\n|\n|t:|1699752176\n|-terastallize|p1a: Tornadus|Ground\n|move|p1b: Indeedee|Follow Me|p1b: Indeedee\n|-singleturn|p1b: Indeedee|move: Follow Me\n|move|p2a: Stantler|Thunder Wave|p1b: Indeedee\n|-activate|p1b: Indeedee|move: Psychic Terrain\n|move|p1a: Tornadus|Tailwind|p1a: Tornadus\n|-sidestart|p1: Prf.Anu|move: Tailwind\n|move|p2b: Milotic|Icy Wind|p1b: Indeedee|[spread] p1a,p1b\n|-supereffective|p1a: Tornadus\n|-damage|p1a: Tornadus|45\/100\n|-damage|p1b: Indeedee|73\/100\n|-unboost|p1a: Tornadus|spe|1\n|-unboost|p1b: Indeedee|spe|1\n|\n|-heal|p2b: Milotic|70\/100|[from] item: Leftovers\n|-heal|p1b: Indeedee|79\/100|[from] item: Leftovers\n|upkeep\n|turn|3\n|inactive|BicoSamurai has 30 seconds left.\n|\n|t:|1699752202\n|move|p2a: Stantler|Helping Hand|p2b: Milotic\n|-singleturn|p2b: Milotic|Helping Hand|[of] p2a: Stantler\n|move|p1b: Indeedee|Follow Me|p1b: Indeedee\n|-singleturn|p1b: Indeedee|move: Follow Me\n|move|p1a: Tornadus|Sunny Day|p1a: Tornadus\n|-weather|SunnyDay\n|move|p2b: Milotic|Icy Wind|p1b: Indeedee|[spread] p1b\n|-miss|p2b: Milotic|p1a: Tornadus\n|-crit|p1b: Indeedee\n|-damage|p1b: Indeedee|28\/100\n|-unboost|p1b: Indeedee|spe|1\n|\n|-weather|SunnyDay|[upkeep]\n|-heal|p2b: Milotic|76\/100|[from] item: Leftovers\n|-heal|p1b: Indeedee|34\/100|[from] item: Leftovers\n|upkeep\n|turn|4\n|\n|t:|1699752223\n|move|p2a: Stantler|Helping Hand|p2b: Milotic\n|-singleturn|p2b: Milotic|Helping Hand|[of] p2a: Stantler\n|move|p1a: Tornadus|Bleakwind Storm|p2b: Milotic|[spread] p2a,p2b\n|-damage|p2a: Stantler|27\/100\n|-damage|p2b: Milotic|49\/100\n|-unboost|p2a: Stantler|spe|1\n|-unboost|p2b: Milotic|spe|1\n|-ability|p2b: Milotic|Competitive|boost\n|-boost|p2b: Milotic|spa|2\n|move|p1b: Indeedee|Hyper Voice|p2a: Stantler|[spread] p2a,p2b\n|-damage|p2a: Stantler|8\/100\n|-damage|p2b: Milotic|29\/100\n|move|p2b: Milotic|Icy Wind|p1b: Indeedee|[spread] p1a,p1b\n|-supereffective|p1a: Tornadus\n|-damage|p1a: Tornadus|0 fnt\n|-damage|p1b: Indeedee|0 fnt\n|faint|p1a: Tornadus\n|faint|p1b: Indeedee\n|\n|-weather|SunnyDay|[upkeep]\n|-heal|p2b: Milotic|35\/100|[from] item: Leftovers\n|upkeep\n|\n|t:|1699752240\n|switch|p1a: Chi-Yu|Chi-Yu, L50|100\/100\n|switch|p1b: Flutter Mane|Flutter Mane, L50, shiny|100\/100\n|-activate|p1b: Flutter Mane|ability: Protosynthesis\n|-start|p1b: Flutter Mane|protosynthesisspa\n|-ability|p1a: Chi-Yu|Beads of Ruin\n|turn|5\n|inactive|BicoSamurai has 30 seconds left.\n|\n|t:|1699752268\n|move|p2a: Stantler|Thunder Wave|p1b: Flutter Mane\n|-activate|p1b: Flutter Mane|move: Psychic Terrain\n|move|p1b: Flutter Mane|Dazzling Gleam|p2b: Milotic|[spread] p2a,p2b\n|-damage|p2a: Stantler|0 fnt\n|-damage|p2b: Milotic|0 fnt\n|faint|p2a: Stantler\n|faint|p2b: Milotic\n|-damage|p1b: Flutter Mane|91\/100|[from] item: Life Orb\n|move|p1a: Chi-Yu|Heat Wave|p2: Stantler|[notarget]\n|-fail|p1a: Chi-Yu\n|\n|-weather|SunnyDay|[upkeep]\n|-sideend|p1: Prf.Anu|move: Tailwind\n|-fieldend|move: Psychic Terrain\n|upkeep\n|\n|t:|1699752277\n|switch|p2a: Arcanine|Arcanine-Hisui, L50, M, shiny|100\/100\n|switch|p2b: Kingambit|Kingambit, L50, F|100\/100\n|-ability|p2a: Arcanine|Intimidate|boost\n|-unboost|p1a: Chi-Yu|atk|1\n|-unboost|p1b: Flutter Mane|atk|1\n|turn|6\n|inactive|BicoSamurai has 30 seconds left.\n|\n|t:|1699752308\n|-terastallize|p2b: Kingambit|Fire\n|move|p1b: Flutter Mane|Dazzling Gleam|p2a: Arcanine|[spread] p2a,p2b\n|-resisted|p2a: Arcanine\n|-resisted|p2b: Kingambit\n|-damage|p2a: Arcanine|59\/100\n|-damage|p2b: Kingambit|63\/100\n|-damage|p1b: Flutter Mane|82\/100|[from] item: Life Orb\n|move|p1a: Chi-Yu|Heat Wave|p2b: Kingambit|[spread] p2a,p2b\n|-resisted|p2a: Arcanine\n|-resisted|p2b: Kingambit\n|-damage|p2a: Arcanine|36\/100\n|-damage|p2b: Kingambit|19\/100\n|move|p2a: Arcanine|Flare Blitz|p1b: Flutter Mane\n|-damage|p1b: Flutter Mane|0 fnt\n|faint|p1b: Flutter Mane\n|-end|p1b: Flutter Mane|Protosynthesis|[silent]\n|-damage|p2a: Arcanine|17\/100|[from] Recoil\n|move|p2b: Kingambit|Kowtow Cleave|p1a: Chi-Yu\n|-resisted|p1a: Chi-Yu\n|-damage|p1a: Chi-Yu|63\/100\n|\n|-weather|SunnyDay|[upkeep]\n|upkeep\n|turn|7\n|\n|t:|1699752330\n|move|p2b: Kingambit|Sucker Punch|p1a: Chi-Yu\n|-resisted|p1a: Chi-Yu\n|-damage|p1a: Chi-Yu|33\/100\n|move|p1a: Chi-Yu|Heat Wave|p2b: Kingambit|[spread] p2a,p2b\n|-resisted|p2a: Arcanine\n|-resisted|p2b: Kingambit\n|-damage|p2a: Arcanine|0 fnt\n|-damage|p2b: Kingambit|0 fnt\n|faint|p2a: Arcanine\n|faint|p2b: Kingambit\n|\n|win|Prf.Anu\n|raw|Prf.Anu's rating: 1151 &rarr; <strong>1180<\/strong><br \/>(+29 for winning)\n|raw|BicoSamurai's rating: 1213 &rarr; <strong>1184<\/strong><br \/>(-29 for losing)\n|l|\u2606BicoSamurai\n","uploadtime":1699752343,"views":14,"p1id":"prfanu","p2id":"bicosamurai","formatid":"gen9vgc2023regulatione","rating":1180,"private":0,"password":""}