{"id":"gen9vgc2023regulatione-1993903665","p1":"agbsrvwrevwrvwr","p2":"Krjzhzk","format":"[Gen 9] VGC 2023 Regulation E","log":"|j|\u2606agbsrvwrevwrvwr\n|j|\u2606Krjzhzk\n|t:|1700372837\n|gametype|doubles\n|player|p1|agbsrvwrevwrvwr|102|1119\n|player|p2|Krjzhzk|lance|1213\n|teamsize|p1|6\n|teamsize|p2|6\n|gen|9\n|tier|[Gen 9] VGC 2023 Regulation E\n|rated|\n|rule|Species Clause: Limit one of each Pok\u00e9mon\n|rule|Item Clause: Limit one of each item\n|clearpoke\n|poke|p1|Dusclops, L50, M|\n|poke|p1|Flutter Mane, L50|\n|poke|p1|Iron Hands, L50|\n|poke|p1|Landorus-Therian, L50, M|\n|poke|p1|Heatran, L50, F|\n|poke|p1|Torkoal, L50, F|\n|poke|p2|Flutter Mane, L50|\n|poke|p2|Tornadus, L50, M|\n|poke|p2|Rillaboom, L50, F|\n|poke|p2|Garganacl, L50, M|\n|poke|p2|Arcanine-Hisui, L50, F|\n|poke|p2|Chien-Pao, L50|\n|teampreview|4\n|inactive|Battle timer is ON: inactive players will automatically lose when time's up. (requested by agbsrvwrevwrvwr)\n|inactive|agbsrvwrevwrvwr has 60 seconds left.\n|\n|t:|1700372891\n|start\n|switch|p1a: Heatran|Heatran, L50, F|100\/100\n|switch|p1b: Landorus|Landorus-Therian, L50, M|100\/100\n|switch|p2a: Tornadus|Tornadus, L50, M|100\/100\n|switch|p2b: Garganacl|Garganacl, L50, M|100\/100\n|-ability|p1b: Landorus|Intimidate|boost\n|-unboost|p2a: Tornadus|atk|1\n|-unboost|p2b: Garganacl|atk|1\n|turn|1\n|inactive|agbsrvwrevwrvwr has 30 seconds left.\n|\n|t:|1700372919\n|-terastallize|p2b: Garganacl|Ghost\n|move|p2a: Tornadus|Tailwind|p2a: Tornadus\n|-sidestart|p2: Krjzhzk|move: Tailwind\n|move|p1b: Landorus|Stomping Tantrum|p2b: Garganacl\n|-damage|p2b: Garganacl|70\/100\n|move|p2b: Garganacl|Salt Cure|p1a: Heatran\n|-damage|p1a: Heatran|92\/100\n|-start|p1a: Heatran|Salt Cure\n|move|p1a: Heatran|Heat Wave|p2b: Garganacl|[spread] p2a,p2b\n|-crit|p2b: Garganacl\n|-damage|p2a: Tornadus|69\/100\n|-damage|p2b: Garganacl|28\/100\n|-status|p2a: Tornadus|brn\n|-enditem|p2b: Garganacl|Sitrus Berry|[eat]\n|-heal|p2b: Garganacl|53\/100|[from] item: Sitrus Berry\n|\n|-damage|p2a: Tornadus|63\/100 brn|[from] brn\n|-damage|p1a: Heatran|68\/100|[from] Salt Cure\n|upkeep\n|turn|2\n|inactive|agbsrvwrevwrvwr has 30 seconds left.\n|inactive|agbsrvwrevwrvwr has 20 seconds left.\n|inactive|agbsrvwrevwrvwr has 15 seconds left.\n|\n|t:|1700372962\n|move|p2b: Garganacl|Protect|p2b: Garganacl\n|-singleturn|p2b: Garganacl|Protect\n|move|p2a: Tornadus|Bleakwind Storm|p1a: Heatran|[spread] p1a,p1b\n|-resisted|p1a: Heatran\n|-damage|p1a: Heatran|59\/100\n|-damage|p1b: Landorus|56\/100\n|-unboost|p1b: Landorus|spe|1\n|move|p1b: Landorus|Stomping Tantrum|p2b: Garganacl\n|-activate|p2b: Garganacl|move: Protect\n|move|p1a: Heatran|Power Gem|p2a: Tornadus\n|-supereffective|p2a: Tornadus\n|-damage|p2a: Tornadus|11\/100 brn\n|\n|-damage|p2a: Tornadus|5\/100 brn|[from] brn\n|-damage|p1a: Heatran|34\/100|[from] Salt Cure\n|upkeep\n|turn|3\n|\n|t:|1700372986\n|switch|p1a: Dusclops|Dusclops, L50, M|100\/100\n|-item|p2a: Tornadus|Rocky Helmet|[from] ability: Frisk|[of] p1a: Dusclops|[identify]\n|move|p2a: Tornadus|Bleakwind Storm|p1b: Landorus|[spread] p1a,p1b\n|-damage|p1a: Dusclops|82\/100\n|-damage|p1b: Landorus|14\/100\n|-unboost|p1a: Dusclops|spe|1\n|move|p1b: Landorus|Stomping Tantrum|p2b: Garganacl\n|-damage|p2b: Garganacl|19\/100\n|move|p2b: Garganacl|Recover|p2b: Garganacl\n|-heal|p2b: Garganacl|69\/100\n|\n|-damage|p2a: Tornadus|0 fnt|[from] brn\n|faint|p2a: Tornadus\n|upkeep\n|\n|t:|1700373000\n|switch|p2a: Rillaboom|Rillaboom, L50, F|100\/100\n|-fieldstart|move: Grassy Terrain|[from] ability: Grassy Surge|[of] p2a: Rillaboom\n|turn|4\n|inactive|agbsrvwrevwrvwr has 30 seconds left.\n|inactive|Krjzhzk has 30 seconds left.\n|\n|t:|1700373048\n|switch|p1b: Heatran|Heatran, L50, F|34\/100\n|move|p2a: Rillaboom|Wood Hammer|p1a: Dusclops\n|-damage|p1a: Dusclops|35\/100\n|-damage|p2a: Rillaboom|89\/100|[from] Recoil\n|move|p2b: Garganacl|Recover|p2b: Garganacl\n|-heal|p2b: Garganacl|100\/100\n|move|p1a: Dusclops|Trick Room|p1a: Dusclops\n|-fieldstart|move: Trick Room|[of] p1a: Dusclops\n|\n|-heal|p1a: Dusclops|41\/100|[from] Grassy Terrain\n|-heal|p1b: Heatran|40\/100|[from] Grassy Terrain\n|-heal|p2a: Rillaboom|95\/100|[from] Grassy Terrain\n|-sideend|p2: Krjzhzk|move: Tailwind\n|upkeep\n|turn|5\n|inactive|agbsrvwrevwrvwr has 30 seconds left.\n|inactive|agbsrvwrevwrvwr has 20 seconds left.\n|inactive|agbsrvwrevwrvwr has 15 seconds left.\n|inactive|agbsrvwrevwrvwr has 10 seconds left.\n|inactive|agbsrvwrevwrvwr has 5 seconds left.\n|\n|t:|1700373098\n|switch|p2a: Arcanine|Arcanine-Hisui, L50, F|100\/100\n|-ability|p2a: Arcanine|Intimidate|boost\n|-unboost|p1a: Dusclops|atk|1\n|-unboost|p1b: Heatran|atk|1\n|move|p1a: Dusclops|Pain Split|p2b: Garganacl\n|-sethp|p2b: Garganacl|65\/100|[from] move: Pain Split|[silent]\n|-sethp|p1a: Dusclops|91\/100|[from] move: Pain Split\n|move|p2b: Garganacl|Salt Cure|p1b: Heatran\n|-damage|p1b: Heatran|32\/100\n|-start|p1b: Heatran|Salt Cure\n|move|p1b: Heatran|Flash Cannon|p2b: Garganacl\n|-damage|p2b: Garganacl|31\/100\n|\n|-heal|p1a: Dusclops|97\/100|[from] Grassy Terrain\n|-heal|p2b: Garganacl|37\/100|[from] Grassy Terrain\n|-heal|p1b: Heatran|38\/100|[from] Grassy Terrain\n|-damage|p1b: Heatran|13\/100|[from] Salt Cure\n|upkeep\n|turn|6\n|inactive|agbsrvwrevwrvwr has 30 seconds left.\n|inactive|agbsrvwrevwrvwr has 20 seconds left.\n|inactive|agbsrvwrevwrvwr has 15 seconds left.\n|inactive|agbsrvwrevwrvwr has 10 seconds left.\n|\n|t:|1700373147\n|move|p2a: Arcanine|Extreme Speed|p1b: Heatran\n|-resisted|p1b: Heatran\n|-damage|p1b: Heatran|0 fnt\n|faint|p1b: Heatran\n|move|p1a: Dusclops|Pain Split|p1: Heatran|[notarget]\n|-fail|p1a: Dusclops\n|move|p2b: Garganacl|Recover|p2b: Garganacl\n|-heal|p2b: Garganacl|87\/100\n|\n|-heal|p1a: Dusclops|100\/100|[from] Grassy Terrain\n|-heal|p2b: Garganacl|93\/100|[from] Grassy Terrain\n|upkeep\n|\n|t:|1700373155\n|switch|p1b: Iron Hands|Iron Hands, L50|100\/100\n|turn|7\n|inactive|agbsrvwrevwrvwr has 30 seconds left.\n|\n|t:|1700373181\n|switch|p2a: Rillaboom|Rillaboom, L50, F|95\/100\n|move|p1a: Dusclops|Will-O-Wisp|p2a: Rillaboom\n|-status|p2a: Rillaboom|brn\n|move|p1b: Iron Hands|Swords Dance|p1b: Iron Hands\n|-boost|p1b: Iron Hands|atk|2\n|move|p2b: Garganacl|Iron Defense|p2b: Garganacl\n|-boost|p2b: Garganacl|def|2\n|\n|-heal|p2b: Garganacl|99\/100|[from] Grassy Terrain\n|-heal|p2a: Rillaboom|100\/100 brn|[from] Grassy Terrain\n|-damage|p2a: Rillaboom|95\/100 brn|[from] brn\n|upkeep\n|turn|8\n|\n|t:|1700373203\n|move|p2a: Rillaboom|Fake Out|p1b: Iron Hands\n|-damage|p1b: Iron Hands|96\/100\n|move|p1a: Dusclops|Night Shade|p2b: Garganacl\n|-damage|p2b: Garganacl|74\/100\n|cant|p1b: Iron Hands|flinch\n|move|p2b: Garganacl|Salt Cure|p1b: Iron Hands\n|-resisted|p1b: Iron Hands\n|-damage|p1b: Iron Hands|92\/100\n|-start|p1b: Iron Hands|Salt Cure\n|\n|-heal|p1b: Iron Hands|98\/100|[from] Grassy Terrain\n|-heal|p2b: Garganacl|80\/100|[from] Grassy Terrain\n|-heal|p2a: Rillaboom|100\/100 brn|[from] Grassy Terrain\n|-damage|p2a: Rillaboom|95\/100 brn|[from] brn\n|-damage|p1b: Iron Hands|86\/100|[from] Salt Cure\n|-fieldend|move: Trick Room\n|-fieldend|move: Grassy Terrain\n|upkeep\n|turn|9\n|\n|t:|1700373219\n|move|p2a: Rillaboom|Wood Hammer|p1b: Iron Hands\n|-damage|p1b: Iron Hands|62\/100\n|-damage|p2a: Rillaboom|86\/100 brn|[from] Recoil\n|move|p2b: Garganacl|Iron Defense|p2b: Garganacl\n|-boost|p2b: Garganacl|def|2\n|move|p1b: Iron Hands|Swords Dance|p1b: Iron Hands\n|-boost|p1b: Iron Hands|atk|2\n|move|p1a: Dusclops|Night Shade|p2b: Garganacl\n|-damage|p2b: Garganacl|56\/100\n|\n|-damage|p2a: Rillaboom|80\/100 brn|[from] brn\n|-damage|p1b: Iron Hands|50\/100|[from] Salt Cure\n|upkeep\n|turn|10\n|\n|t:|1700373232\n|move|p2a: Rillaboom|Wood Hammer|p1b: Iron Hands\n|-damage|p1b: Iron Hands|27\/100\n|-damage|p2a: Rillaboom|71\/100 brn|[from] Recoil\n|move|p2b: Garganacl|Recover|p2b: Garganacl\n|-heal|p2b: Garganacl|100\/100\n|move|p1b: Iron Hands|Drain Punch|p2a: Rillaboom\n|-crit|p2a: Rillaboom\n|-damage|p2a: Rillaboom|0 fnt\n|-heal|p1b: Iron Hands|56\/100|[from] drain|[of] p2a: Rillaboom\n|faint|p2a: Rillaboom\n|move|p1a: Dusclops|Trick Room|p1a: Dusclops\n|-fieldstart|move: Trick Room|[of] p1a: Dusclops\n|\n|-damage|p1b: Iron Hands|44\/100|[from] Salt Cure\n|upkeep\n|\n|t:|1700373235\n|switch|p2a: Arcanine|Arcanine-Hisui, L50, F|100\/100\n|-ability|p2a: Arcanine|Intimidate|boost\n|-unboost|p1a: Dusclops|atk|1\n|-unboost|p1b: Iron Hands|atk|1\n|turn|11\n|\n|t:|1700373256\n|move|p2a: Arcanine|Extreme Speed|p1b: Iron Hands\n|-damage|p1b: Iron Hands|19\/100\n|move|p1a: Dusclops|Night Shade|p2b: Garganacl\n|-damage|p2b: Garganacl|76\/100\n|move|p1b: Iron Hands|Drain Punch|p2a: Arcanine\n|-supereffective|p2a: Arcanine\n|-damage|p2a: Arcanine|0 fnt\n|-heal|p1b: Iron Hands|53\/100|[from] drain|[of] p2a: Arcanine\n|faint|p2a: Arcanine\n|move|p2b: Garganacl|Iron Defense|p2b: Garganacl\n|-boost|p2b: Garganacl|def|2\n|\n|-damage|p1b: Iron Hands|40\/100|[from] Salt Cure\n|upkeep\n|turn|12\n|\n|t:|1700373277\n|move|p1a: Dusclops|Night Shade|p2b: Garganacl\n|-damage|p2b: Garganacl|52\/100\n|move|p1b: Iron Hands|Wild Charge|p2b: Garganacl\n|-damage|p2b: Garganacl|30\/100\n|-damage|p1b: Iron Hands|36\/100|[from] Recoil\n|move|p2b: Garganacl|Recover|p2b: Garganacl\n|-heal|p2b: Garganacl|80\/100\n|\n|-damage|p1b: Iron Hands|23\/100|[from] Salt Cure\n|upkeep\n|turn|13\n|inactive|agbsrvwrevwrvwr has 30 seconds left.\n|\n|t:|1700373302\n|move|p1a: Dusclops|Night Shade|p2b: Garganacl\n|-damage|p2b: Garganacl|56\/100\n|move|p1b: Iron Hands|Swords Dance|p1b: Iron Hands\n|-boost|p1b: Iron Hands|atk|2\n|move|p2b: Garganacl|Recover|p2b: Garganacl\n|-heal|p2b: Garganacl|100\/100\n|\n|-damage|p1b: Iron Hands|11\/100|[from] Salt Cure\n|upkeep\n|turn|14\n|\n|t:|1700373310\n|move|p2b: Garganacl|Protect|p2b: Garganacl\n|-singleturn|p2b: Garganacl|Protect\n|move|p1a: Dusclops|Night Shade|p2b: Garganacl\n|-activate|p2b: Garganacl|move: Protect\n|move|p1b: Iron Hands|Wild Charge|p2b: Garganacl\n|-activate|p2b: Garganacl|move: Protect\n|\n|-damage|p1b: Iron Hands|0 fnt|[from] Salt Cure\n|faint|p1b: Iron Hands\n|-end|p1b: Iron Hands|Quark Drive|[silent]\n|-fieldend|move: Trick Room\n|upkeep\n|\n|t:|1700373315\n|switch|p1b: Landorus|Landorus-Therian, L50, M|14\/100\n|-ability|p1b: Landorus|Intimidate|boost\n|-unboost|p2b: Garganacl|atk|1\n|turn|15\n|\n|t:|1700373340\n|-terastallize|p1b: Landorus|Flying\n|move|p1b: Landorus|Tera Blast|p2b: Garganacl|[anim] Tera Blast Flying\n|-damage|p2b: Garganacl|88\/100\n|move|p2b: Garganacl|Salt Cure|p1b: Landorus\n|-supereffective|p1b: Landorus\n|-damage|p1b: Landorus|0 fnt\n|faint|p1b: Landorus\n|move|p1a: Dusclops|Night Shade|p2b: Garganacl\n|-damage|p2b: Garganacl|64\/100\n|\n|upkeep\n|turn|16\n|\n|t:|1700373348\n|move|p2b: Garganacl|Salt Cure|p1a: Dusclops\n|-damage|p1a: Dusclops|96\/100\n|-start|p1a: Dusclops|Salt Cure\n|move|p1a: Dusclops|Night Shade|p2b: Garganacl\n|-damage|p2b: Garganacl|40\/100\n|\n|-damage|p1a: Dusclops|84\/100|[from] Salt Cure\n|upkeep\n|turn|17\n|inactive|agbsrvwrevwrvwr has 30 seconds left.\n|\n|t:|1700373365\n|move|p2b: Garganacl|Protect|p2b: Garganacl\n|-singleturn|p2b: Garganacl|Protect\n|move|p1a: Dusclops|Trick Room|p1a: Dusclops\n|-fieldstart|move: Trick Room|[of] p1a: Dusclops\n|\n|-damage|p1a: Dusclops|72\/100|[from] Salt Cure\n|upkeep\n|turn|18\n|inactive|agbsrvwrevwrvwr has 25 seconds left this turn.\n|inactive|agbsrvwrevwrvwr has 20 seconds left.\n|\n|t:|1700373372\n|move|p1a: Dusclops|Night Shade|p2b: Garganacl\n|-damage|p2b: Garganacl|15\/100\n|move|p2b: Garganacl|Recover|p2b: Garganacl\n|-heal|p2b: Garganacl|66\/100\n|\n|-damage|p1a: Dusclops|60\/100|[from] Salt Cure\n|upkeep\n|turn|19\n|inactive|agbsrvwrevwrvwr has 20 seconds left this turn.\n|inactive|agbsrvwrevwrvwr has 15 seconds left.\n|inactive|agbsrvwrevwrvwr has 10 seconds left.\n|\n|t:|1700373385\n|move|p2b: Garganacl|Protect|p2b: Garganacl\n|-singleturn|p2b: Garganacl|Protect\n|move|p1a: Dusclops|Pain Split|p2b: Garganacl\n|-activate|p2b: Garganacl|move: Protect\n|\n|-damage|p1a: Dusclops|47\/100|[from] Salt Cure\n|upkeep\n|turn|20\n|inactive|agbsrvwrevwrvwr has 10 seconds left this turn.\n|\n|t:|1700373392\n|move|p2b: Garganacl|Protect||[still]\n|-fail|p2b: Garganacl\n|move|p1a: Dusclops|Pain Split|p2b: Garganacl\n|-sethp|p2b: Garganacl|50\/100|[from] move: Pain Split|[silent]\n|-sethp|p1a: Dusclops|70\/100|[from] move: Pain Split\n|\n|-damage|p1a: Dusclops|58\/100|[from] Salt Cure\n|upkeep\n|turn|21\n|inactive|agbsrvwrevwrvwr has 10 seconds left this turn.\n|inactive|agbsrvwrevwrvwr has 5 seconds left.\n|-message|agbsrvwrevwrvwr lost due to inactivity.\n|\n|win|Krjzhzk\n|raw|agbsrvwrevwrvwr's rating: 1119 &rarr; <strong>1101<\/strong><br \/>(-18 for losing)\n|raw|Krjzhzk's rating: 1213 &rarr; <strong>1231<\/strong><br \/>(+18 for winning)\n","uploadtime":1700373405,"views":9,"p1id":"agbsrvwrevwrvwr","p2id":"krjzhzk","formatid":"gen9vgc2023regulatione","rating":1101,"private":0,"password":""}