{"id":"gen9vgc2023regulatione-1998791131","p1":"Zeldro","p2":"squigsquag","format":"[Gen 9] VGC 2023 Regulation E","log":"|j|\u2606Zeldro\n|j|\u2606squigsquag\n|t:|1700991638\n|gametype|doubles\n|player|p1|Zeldro|alder|1133\n|player|p2|squigsquag|266|1153\n|teamsize|p1|6\n|teamsize|p2|6\n|gen|9\n|tier|[Gen 9] VGC 2023 Regulation E\n|rated|\n|rule|Species Clause: Limit one of each Pok\u00e9mon\n|rule|Item Clause: Limit one of each item\n|clearpoke\n|poke|p1|Ogerpon-Hearthflame, L50, F|\n|poke|p1|Flutter Mane, L50|\n|poke|p1|Iron Hands, L50|\n|poke|p1|Tornadus, L50, M|\n|poke|p1|Chien-Pao, L50|\n|poke|p1|Landorus-Therian, L50, M|\n|poke|p2|Iron Bundle, L50|\n|poke|p2|Hawlucha, L50, F|\n|poke|p2|Garganacl, L50, M|\n|poke|p2|Sinistcha-Masterpiece, L50|\n|poke|p2|Toxapex, L50, M|\n|poke|p2|Goodra-Hisui, L50, M|\n|teampreview|4\n|c|\u2606Zeldro|the evil in a pokemon team\n|c|\u2606Zeldro|lol\n|\n|t:|1700991722\n|start\n|switch|p1a: Tornadus|Tornadus, L50, M|100\/100\n|switch|p1b: Iron Hands|Iron Hands, L50|100\/100\n|switch|p2a: Goodra|Goodra-Hisui, L50, M|100\/100\n|switch|p2b: Iron Bundle|Iron Bundle, L50|100\/100\n|-enditem|p1b: Iron Hands|Booster Energy\n|-activate|p1b: Iron Hands|ability: Quark Drive|[fromitem]\n|-start|p1b: Iron Hands|quarkdriveatk\n|turn|1\n|inactive|Battle timer is ON: inactive players will automatically lose when time's up. (requested by Zeldro)\n|inactive|squigsquag has 60 seconds left.\n|\n|t:|1700991760\n|move|p1b: Iron Hands|Fake Out|p2b: Iron Bundle\n|-damage|p2b: Iron Bundle|81\/100\n|move|p1a: Tornadus|Tailwind|p1a: Tornadus\n|-sidestart|p1: Zeldro|move: Tailwind\n|cant|p2b: Iron Bundle|flinch\n|move|p2a: Goodra|Acid Armor|p2a: Goodra\n|-boost|p2a: Goodra|def|2\n|\n|upkeep\n|turn|2\n|\n|t:|1700991781\n|move|p1a: Tornadus|Sunny Day|p1a: Tornadus\n|-weather|SunnyDay\n|move|p2b: Iron Bundle|Freeze-Dry|p1a: Tornadus\n|-supereffective|p1a: Tornadus\n|-damage|p1a: Tornadus|22\/100\n|move|p1b: Iron Hands|Drain Punch|p2b: Iron Bundle\n|-supereffective|p2b: Iron Bundle\n|-damage|p2b: Iron Bundle|0 fnt\n|faint|p2b: Iron Bundle\n|-end|p2b: Iron Bundle|Quark Drive|[silent]\n|move|p2a: Goodra|Acid Armor|p2a: Goodra\n|-boost|p2a: Goodra|def|2\n|\n|-weather|SunnyDay|[upkeep]\n|upkeep\n|\n|t:|1700991800\n|switch|p2b: Toxapex|Toxapex, L50, M|100\/100\n|turn|3\n|\n|t:|1700991822\n|switch|p1a: Ogerpon|Ogerpon-Hearthflame, L50, F|100\/100\n|-ability|p1a: Ogerpon|Mold Breaker\n|-terastallize|p2b: Toxapex|Dragon\n|move|p1b: Iron Hands|Drain Punch|p2a: Goodra\n|-supereffective|p2a: Goodra\n|-damage|p2a: Goodra|64\/100\n|move|p2a: Goodra|Heavy Slam|p1a: Ogerpon\n|-resisted|p1a: Ogerpon\n|-damage|p1a: Ogerpon|72\/100\n|move|p2b: Toxapex|Infestation|p1b: Iron Hands\n|-resisted|p1b: Iron Hands\n|-damage|p1b: Iron Hands|99\/100\n|-activate|p1b: Iron Hands|move: Infestation|[of] p2b: Toxapex\n|\n|-weather|SunnyDay|[upkeep]\n|-heal|p2a: Goodra|70\/100|[from] item: Leftovers\n|-damage|p1b: Iron Hands|83\/100|[from] move: Infestation|[partiallytrapped]\n|upkeep\n|turn|4\n|inactive|Zeldro has 30 seconds left.\n|inactive|squigsquag has 30 seconds left.\n|\n|t:|1700991857\n|move|p1a: Ogerpon|Swords Dance|p1a: Ogerpon\n|-boost|p1a: Ogerpon|atk|2\n|move|p1b: Iron Hands|Drain Punch|p2a: Goodra\n|-supereffective|p2a: Goodra\n|-damage|p2a: Goodra|35\/100\n|-heal|p1b: Iron Hands|97\/100|[from] drain|[of] p2a: Goodra\n|move|p2a: Goodra|Body Press|p1a: Ogerpon\n|-damage|p1a: Ogerpon|0 fnt\n|faint|p1a: Ogerpon\n|move|p2b: Toxapex|Infestation|p1b: Iron Hands\n|-resisted|p1b: Iron Hands\n|-damage|p1b: Iron Hands|95\/100\n|\n|-weather|SunnyDay|[upkeep]\n|-heal|p2a: Goodra|41\/100|[from] item: Leftovers\n|-damage|p1b: Iron Hands|79\/100|[from] move: Infestation|[partiallytrapped]\n|-sideend|p1: Zeldro|move: Tailwind\n|upkeep\n|\n|t:|1700991873\n|switch|p1a: Tornadus|Tornadus, L50, M|22\/100\n|turn|5\n|\n|t:|1700991881\n|move|p1a: Tornadus|Tailwind|p1a: Tornadus\n|-sidestart|p1: Zeldro|move: Tailwind\n|move|p1b: Iron Hands|Drain Punch|p2a: Goodra\n|-supereffective|p2a: Goodra\n|-damage|p2a: Goodra|5\/100\n|-heal|p1b: Iron Hands|93\/100|[from] drain|[of] p2a: Goodra\n|move|p2a: Goodra|Life Dew||[still]|[spread] p2a,p2b\n|-heal|p2a: Goodra|30\/100\n|-fail|p2b: Toxapex|heal\n|move|p2b: Toxapex|Infestation|p1a: Tornadus\n|-resisted|p1a: Tornadus\n|-damage|p1a: Tornadus|21\/100\n|-activate|p1a: Tornadus|move: Infestation|[of] p2b: Toxapex\n|\n|-weather|SunnyDay|[upkeep]\n|-heal|p2a: Goodra|36\/100|[from] item: Leftovers\n|-damage|p1a: Tornadus|4\/100|[from] move: Infestation|[partiallytrapped]\n|-damage|p1b: Iron Hands|77\/100|[from] move: Infestation|[partiallytrapped]\n|upkeep\n|turn|6\n|inactive|squigsquag has 30 seconds left.\n|\n|t:|1700991909\n|move|p1a: Tornadus|Icy Wind|p2b: Toxapex|[spread] p2a,p2b\n|-supereffective|p2b: Toxapex\n|-damage|p2a: Goodra|30\/100\n|-damage|p2b: Toxapex|81\/100\n|-unboost|p2a: Goodra|spe|1\n|-unboost|p2b: Toxapex|spe|1\n|move|p1b: Iron Hands|Drain Punch|p2a: Goodra\n|-supereffective|p2a: Goodra\n|-damage|p2a: Goodra|0 fnt\n|-heal|p1b: Iron Hands|88\/100|[from] drain|[of] p2a: Goodra\n|faint|p2a: Goodra\n|move|p2b: Toxapex|Chilling Water|p1b: Iron Hands\n|-damage|p1b: Iron Hands|85\/100\n|-unboost|p1b: Iron Hands|atk|1\n|\n|-weather|none\n|-damage|p1a: Tornadus|0 fnt|[from] move: Infestation|[partiallytrapped]\n|faint|p1a: Tornadus\n|-damage|p1b: Iron Hands|68\/100|[from] move: Infestation|[partiallytrapped]\n|upkeep\n|\n|t:|1700991929\n|switch|p1a: Landorus|Landorus-Therian, L50, M|100\/100\n|switch|p2a: Hawlucha|Hawlucha, L50, F|100\/100\n|-ability|p1a: Landorus|Intimidate|boost\n|-unboost|p2a: Hawlucha|atk|1\n|-unboost|p2b: Toxapex|atk|1\n|turn|7\n|\n|t:|1700991952\n|-terastallize|p1b: Iron Hands|Flying\n|move|p2a: Hawlucha|Detect|p2a: Hawlucha\n|-singleturn|p2a: Hawlucha|Protect\n|move|p1a: Landorus|Rock Slide|p2a: Hawlucha|[spread] p2b\n|-activate|p2a: Hawlucha|move: Protect\n|-damage|p2b: Toxapex|68\/100\n|move|p1b: Iron Hands|Drain Punch|p2b: Toxapex\n|-damage|p2b: Toxapex|47\/100\n|-heal|p1b: Iron Hands|75\/100|[from] drain|[of] p2b: Toxapex\n|move|p2b: Toxapex|Chilling Water|p1a: Landorus\n|-supereffective|p1a: Landorus\n|-damage|p1a: Landorus|81\/100\n|-unboost|p1a: Landorus|atk|1\n|\n|-damage|p1b: Iron Hands|59\/100|[from] move: Infestation|[partiallytrapped]\n|upkeep\n|turn|8\n|inactive|squigsquag has 30 seconds left.\n|inactive|squigsquag has 20 seconds left.\n|inactive|Zeldro has 30 seconds left.\n|\n|t:|1700991993\n|move|p2b: Toxapex|Baneful Bunker|p2b: Toxapex\n|-singleturn|p2b: Toxapex|move: Protect\n|move|p1a: Landorus|Stomping Tantrum|p2b: Toxapex\n|-activate|p2b: Toxapex|move: Protect\n|-status|p1a: Landorus|psn\n|move|p2a: Hawlucha|Swords Dance|p2a: Hawlucha\n|-boost|p2a: Hawlucha|atk|2\n|move|p1b: Iron Hands|Wild Charge|p2a: Hawlucha\n|-supereffective|p2a: Hawlucha\n|-damage|p2a: Hawlucha|0 fnt\n|faint|p2a: Hawlucha\n|-damage|p1b: Iron Hands|43\/100|[from] Recoil\n|\n|-damage|p1a: Landorus|68\/100 psn|[from] psn\n|-end|p1b: Iron Hands|Infestation|[partiallytrapped]\n|-sideend|p1: Zeldro|move: Tailwind\n|upkeep\n|turn|9\n|c|\u2606Zeldro|gg\n|\n|t:|1700992014\n|move|p1a: Landorus|Stomping Tantrum|p2b: Toxapex\n|-damage|p2b: Toxapex|30\/100\n|move|p1b: Iron Hands|Drain Punch|p2b: Toxapex\n|-damage|p2b: Toxapex|7\/100\n|-heal|p1b: Iron Hands|51\/100|[from] drain|[of] p2b: Toxapex\n|move|p2b: Toxapex|Recover|p2b: Toxapex\n|-heal|p2b: Toxapex|57\/100\n|\n|-damage|p1a: Landorus|56\/100 psn|[from] psn\n|upkeep\n|turn|10\n|c|\u2606Zeldro|nice team\n|\n|t:|1700992034\n|move|p1a: Landorus|Stomping Tantrum|p2b: Toxapex\n|-damage|p2b: Toxapex|40\/100\n|move|p1b: Iron Hands|Volt Switch|p2b: Toxapex\n|-resisted|p2b: Toxapex\n|-damage|p2b: Toxapex|34\/100\n|move|p2b: Toxapex|Infestation|p1b: Iron Hands\n|-resisted|p1b: Iron Hands\n|-damage|p1b: Iron Hands|49\/100\n|-activate|p1b: Iron Hands|move: Infestation|[of] p2b: Toxapex\n|\n|-damage|p1a: Landorus|44\/100 psn|[from] psn\n|-damage|p1b: Iron Hands|33\/100|[from] move: Infestation|[partiallytrapped]\n|upkeep\n|turn|11\n|\n|t:|1700992048\n|move|p2b: Toxapex|Baneful Bunker|p2b: Toxapex\n|-singleturn|p2b: Toxapex|move: Protect\n|move|p1a: Landorus|Stomping Tantrum|p2b: Toxapex\n|-activate|p2b: Toxapex|move: Protect\n|move|p1b: Iron Hands|Drain Punch|p2b: Toxapex\n|-activate|p2b: Toxapex|move: Protect\n|-status|p1b: Iron Hands|psn\n|\n|-damage|p1a: Landorus|32\/100 psn|[from] psn\n|-damage|p1b: Iron Hands|21\/100 psn|[from] psn\n|-damage|p1b: Iron Hands|5\/100 psn|[from] move: Infestation|[partiallytrapped]\n|upkeep\n|turn|12\n|\n|t:|1700992064\n|move|p1a: Landorus|Stomping Tantrum|p2b: Toxapex\n|-damage|p2b: Toxapex|16\/100\n|move|p1b: Iron Hands|Wild Charge|p2b: Toxapex\n|-resisted|p2b: Toxapex\n|-damage|p2b: Toxapex|4\/100\n|-damage|p1b: Iron Hands|3\/100 psn|[from] Recoil\n|move|p2b: Toxapex|Recover|p2b: Toxapex\n|-heal|p2b: Toxapex|54\/100\n|\n|-damage|p1a: Landorus|20\/100 psn|[from] psn\n|-damage|p1b: Iron Hands|0 fnt|[from] psn\n|faint|p1b: Iron Hands\n|-end|p1b: Iron Hands|Quark Drive|[silent]\n|upkeep\n|turn|13\n|c|\u2606Zeldro|gg\n|c|\u2606Zeldro|wrong move\n|c|\u2606Zeldro|my bad\n|inactive|Zeldro has 30 seconds left.\n|-message|Zeldro forfeited.\n|\n|win|squigsquag\n|raw|Zeldro's rating: 1133 &rarr; <strong>1109<\/strong><br \/>(-24 for losing)\n|raw|squigsquag's rating: 1153 &rarr; <strong>1177<\/strong><br \/>(+24 for winning)\n|l|\u2606Zeldro\n","uploadtime":1700992104,"views":8,"p1id":"zeldro","p2id":"squigsquag","formatid":"gen9vgc2023regulatione","rating":1109,"private":0,"password":""}