{"id":"gen9vgc2023regulatione-1993998304","p1":"DaWests","p2":"Daehkcarc420","format":"[Gen 9] VGC 2023 Regulation E","log":"|j|\u2606DaWests\n|j|\u2606Daehkcarc420\n|t:|1700390784\n|gametype|doubles\n|player|p1|DaWests|argenta|1091\n|player|p2|Daehkcarc420|2|1054\n|teamsize|p1|6\n|teamsize|p2|6\n|gen|9\n|tier|[Gen 9] VGC 2023 Regulation E\n|rated|\n|rule|Species Clause: Limit one of each Pok\u00e9mon\n|rule|Item Clause: Limit one of each item\n|clearpoke\n|poke|p1|Volcarona, L50, M|\n|poke|p1|Oranguru, L50, M|\n|poke|p1|Iron Hands, L50|\n|poke|p1|Milotic, L50, F|\n|poke|p1|Ogerpon, L50, F|\n|poke|p1|Ting-Lu, L50|\n|poke|p2|Lurantis, L50, M|\n|poke|p2|Goodra-Hisui, L50, M|\n|poke|p2|Armarouge, L50, M|\n|poke|p2|Indeedee-F, L50, F|\n|poke|p2|Sinistcha, L50|\n|poke|p2|Dusclops, L50, F|\n|teampreview|4\n|inactive|Battle timer is ON: inactive players will automatically lose when time's up. (requested by Daehkcarc420)\n|\n|t:|1700390801\n|start\n|switch|p1a: Ting-Lu|Ting-Lu, L50|100\/100\n|switch|p1b: Milotic|Milotic, L50, F|100\/100\n|switch|p2a: Indeedee|Indeedee-F, L50, F|100\/100\n|switch|p2b: Armarouge|Armarouge, L50, M|100\/100\n|-fieldstart|move: Psychic Terrain|[from] ability: Psychic Surge|[of] p2a: Indeedee\n|-ability|p1a: Ting-Lu|Vessel of Ruin\n|turn|1\n|inactive|DaWests has 30 seconds left.\n|inactive|DaWests has 20 seconds left.\n|inactive|DaWests has 15 seconds left.\n|\n|t:|1700390842\n|move|p2a: Indeedee|Follow Me|p2a: Indeedee\n|-singleturn|p2a: Indeedee|move: Follow Me\n|move|p1b: Milotic|Hypnosis|p2a: Indeedee\n|-status|p2a: Indeedee|slp|[from] move: Hypnosis\n|move|p1a: Ting-Lu|Stomping Tantrum|p2a: Indeedee\n|-damage|p2a: Indeedee|43\/100 slp\n|move|p2b: Armarouge|Trick Room|p2b: Armarouge\n|-fieldstart|move: Trick Room|[of] p2b: Armarouge\n|\n|upkeep\n|turn|2\n|\n|t:|1700390864\n|-terastallize|p2b: Armarouge|Psychic\n|cant|p2a: Indeedee|slp\n|move|p1a: Ting-Lu|Stomping Tantrum|p2a: Indeedee\n|-damage|p2a: Indeedee|0 fnt\n|faint|p2a: Indeedee\n|move|p2b: Armarouge|Expanding Force|p1b: Milotic|[spread] p1b\n|-immune|p1a: Ting-Lu\n|-damage|p1b: Milotic|48\/100\n|move|p1b: Milotic|Hydro Pump|p2b: Armarouge\n|-damage|p2b: Armarouge|59\/100\n|\n|upkeep\n|\n|t:|1700390879\n|switch|p2a: Lurantis|Lurantis, L50, M|100\/100\n|turn|3\n|\n|t:|1700390899\n|move|p1a: Ting-Lu|Stomping Tantrum|p2b: Armarouge\n|-damage|p2b: Armarouge|25\/100\n|move|p2a: Lurantis|Superpower|p1a: Ting-Lu\n|-supereffective|p1a: Ting-Lu\n|-damage|p1a: Ting-Lu|58\/100\n|-boost|p2a: Lurantis|atk|1\n|-boost|p2a: Lurantis|def|1\n|move|p2b: Armarouge|Expanding Force|p1a: Ting-Lu|[spread] p1b\n|-immune|p1a: Ting-Lu\n|-damage|p1b: Milotic|0 fnt\n|faint|p1b: Milotic\n|\n|-heal|p1a: Ting-Lu|64\/100|[from] item: Leftovers\n|upkeep\n|inactive|DaWests has 30 seconds left.\n|\n|t:|1700390929\n|switch|p1b: Iron Hands|Iron Hands, L50|100\/100\n|turn|4\n|\n|t:|1700390951\n|move|p1b: Iron Hands|Rock Slide|p2a: Lurantis|[spread] p2a,p2b\n|-damage|p2a: Lurantis|85\/100\n|-damage|p2b: Armarouge|7\/100\n|move|p2a: Lurantis|Superpower|p1a: Ting-Lu\n|-supereffective|p1a: Ting-Lu\n|-damage|p1a: Ting-Lu|0 fnt\n|-boost|p2a: Lurantis|atk|1\n|-boost|p2a: Lurantis|def|1\n|faint|p1a: Ting-Lu\n|cant|p2b: Armarouge|flinch\n|\n|upkeep\n|\n|t:|1700390961\n|switch|p1a: Ogerpon|Ogerpon, L50, F|100\/100\n|turn|5\n|\n|t:|1700390984\n|-terastallize|p1a: Ogerpon|Grass\n|detailschange|p1a: Ogerpon|Ogerpon-Teal-Tera, L50, F, tera:Grass\n|-ability|p1a: Ogerpon|Embody Aspect (Teal)|boost\n|-boost|p1a: Ogerpon|spe|1\n|move|p1b: Iron Hands|Rock Slide|p2a: Lurantis|[spread] p2a,p2b\n|-damage|p2a: Lurantis|75\/100\n|-damage|p2b: Armarouge|0 fnt\n|faint|p2b: Armarouge\n|move|p2a: Lurantis|Superpower|p1b: Iron Hands\n|-damage|p1b: Iron Hands|57\/100\n|-boost|p2a: Lurantis|atk|1\n|-boost|p2a: Lurantis|def|1\n|move|p1a: Ogerpon|Ivy Cudgel|p2a: Lurantis\n|-resisted|p2a: Lurantis\n|-crit|p2a: Lurantis\n|-damage|p2a: Lurantis|24\/100\n|-enditem|p2a: Lurantis|Aguav Berry|[eat]\n|-heal|p2a: Lurantis|57\/100|[from] item: Aguav Berry\n|\n|-fieldend|move: Trick Room\n|-fieldend|move: Psychic Terrain\n|upkeep\n|\n|t:|1700390994\n|switch|p2b: Sinistcha|Sinistcha, L50|100\/100\n|-heal|p2a: Lurantis|82\/100|[from] ability: Hospitality|[of] p2b: Sinistcha\n|turn|6\n|\n|t:|1700391017\n|move|p1a: Ogerpon|Ivy Cudgel|p2a: Lurantis\n|-resisted|p2a: Lurantis\n|-damage|p2a: Lurantis|66\/100\n|move|p2b: Sinistcha|Strength Sap|p2a: Lurantis\n|-boost|p2a: Lurantis|atk|1\n|move|p2a: Lurantis|Superpower|p1b: Iron Hands\n|-damage|p1b: Iron Hands|0 fnt\n|-boost|p2a: Lurantis|atk|1\n|-boost|p2a: Lurantis|def|1\n|faint|p1b: Iron Hands\n|-end|p1b: Iron Hands|Quark Drive|[silent]\n|\n|upkeep\n|turn|7\n|\n|t:|1700391031\n|move|p1a: Ogerpon|Ivy Cudgel|p2a: Lurantis\n|-resisted|p2a: Lurantis\n|-damage|p2a: Lurantis|54\/100\n|move|p2b: Sinistcha|Life Dew||[still]|[spread] p2a,p2b\n|-heal|p2a: Lurantis|78\/100\n|-fail|p2b: Sinistcha|heal\n|move|p2a: Lurantis|Superpower|p1a: Ogerpon\n|-crit|p1a: Ogerpon\n|-damage|p1a: Ogerpon|0 fnt\n|-boost|p2a: Lurantis|atk|1\n|-boost|p2a: Lurantis|def|1\n|faint|p1a: Ogerpon\n|\n|win|Daehkcarc420\n|raw|DaWests's rating: 1091 &rarr; <strong>1065<\/strong><br \/>(-26 for losing)\n|raw|Daehkcarc420's rating: 1054 &rarr; <strong>1089<\/strong><br \/>(+35 for winning)\n|l|\u2606DaWests\n","uploadtime":1700391051,"views":10,"p1id":"dawests","p2id":"daehkcarc420","formatid":"gen9vgc2023regulatione","rating":1065,"private":0,"password":""}