{"id":"gen9vgc2023regulatione-1999874642","p1":"KumpelXD","p2":"T0pAz777","format":"[Gen 9] VGC 2023 Regulation E","log":"|j|\u2606KumpelXD\n|j|\u2606T0pAz777\n|t:|1701125151\n|gametype|doubles\n|player|p1|KumpelXD|169|1304\n|player|p2|T0pAz777|acetrainersnow|1365\n|teamsize|p1|6\n|teamsize|p2|6\n|gen|9\n|tier|[Gen 9] VGC 2023 Regulation E\n|rated|\n|rule|Species Clause: Limit one of each Pok\u00e9mon\n|rule|Item Clause: Limit one of each item\n|clearpoke\n|poke|p1|Empoleon, L50, F|\n|poke|p1|Landorus-Therian, L50, M|\n|poke|p1|Ninetales-Alola, L50, F|\n|poke|p1|Iron Hands, L50|\n|poke|p1|Ogerpon-Cornerstone, L50, F|\n|poke|p1|Hydreigon, L50, M|\n|poke|p2|Flutter Mane, L50|\n|poke|p2|Regieleki, L50|\n|poke|p2|Landorus-Therian, L50, M|\n|poke|p2|Iron Bundle, L50|\n|poke|p2|Ogerpon-Hearthflame, L50, F|\n|poke|p2|Tornadus, L50, M|\n|teampreview|4\n|inactive|Battle timer is ON: inactive players will automatically lose when time's up. (requested by KumpelXD)\nKumpelXD has agreed to open team sheets.\n|inactive|KumpelXD has 60 seconds left.\n|inactive|T0pAz777 has 60 seconds left.\n|inactive|KumpelXD has 30 seconds left.\n|inactive|KumpelXD has 20 seconds left.\n|\n|t:|1701125222\n|start\n|switch|p1a: Hydreigon|Hydreigon, L50, M|100\/100\n|switch|p1b: Ogerpon|Ogerpon-Cornerstone, L50, F|100\/100\n|switch|p2a: Tornadus|Tornadus, L50, M, shiny|100\/100\n|switch|p2b: Iron Bundle|Iron Bundle, L50|100\/100\n|-enditem|p2b: Iron Bundle|Booster Energy\n|-activate|p2b: Iron Bundle|ability: Quark Drive|[fromitem]\n|-start|p2b: Iron Bundle|quarkdrivespe\n|turn|1\n|inactive|T0pAz777 has 30 seconds left.\n|inactive|T0pAz777 has 20 seconds left.\n|inactive|T0pAz777 has 15 seconds left.\n|inactive|T0pAz777 has 10 seconds left.\n|inactive|T0pAz777 has 5 seconds left.\n|\n|t:|1701125273\n|move|p2a: Tornadus|Tailwind|p2a: Tornadus\n|-sidestart|p2: T0pAz777|move: Tailwind\n|move|p2b: Iron Bundle|Ice Beam|p1a: Hydreigon\n|-supereffective|p1a: Hydreigon\n|-damage|p1a: Hydreigon|0 fnt\n|faint|p1a: Hydreigon\n|move|p1b: Ogerpon|Ivy Cudgel|p2a: Tornadus|[anim] Ivy Cudgel Rock\n|-supereffective|p2a: Tornadus\n|-damage|p2a: Tornadus|0 fnt\n|faint|p2a: Tornadus\n|\n|upkeep\n|\n|t:|1701125297\n|switch|p2a: Landorus|Landorus-Therian, L50, M|100\/100\n|switch|p1a: Empoleon|Empoleon, L50, F|100\/100\n|-ability|p2a: Landorus|Intimidate|boost\n|-unboost|p1a: Empoleon|atk|1\n|-ability|p1a: Empoleon|Competitive|boost\n|-boost|p1a: Empoleon|spa|2\n|-unboost|p1b: Ogerpon|atk|1\n|turn|2\n|inactive|T0pAz777 has 30 seconds left.\n|\n|t:|1701125331\n|switch|p1b: Iron Hands|Iron Hands, L50|100\/100\n|-terastallize|p1a: Empoleon|Flying\n|move|p2b: Iron Bundle|Ice Beam|p1b: Iron Hands\n|-damage|p1b: Iron Hands|79\/100\n|move|p2a: Landorus|Stomping Tantrum|p1a: Empoleon\n|-immune|p1a: Empoleon\n|move|p1a: Empoleon|Flash Cannon|p2b: Iron Bundle\n|-damage|p2b: Iron Bundle|0 fnt\n|faint|p2b: Iron Bundle\n|-end|p2b: Iron Bundle|Quark Drive|[silent]\n|\n|upkeep\n|inactive|T0pAz777 has 30 seconds left.\n|\n|t:|1701125356\n|switch|p2b: Flutter Mane|Flutter Mane, L50|100\/100\n|turn|3\n|inactive|KumpelXD has 30 seconds left.\n|\n|t:|1701125385\n|move|p1b: Iron Hands|Fake Out|p2b: Flutter Mane\n|-immune|p2b: Flutter Mane\n|move|p2b: Flutter Mane|Moonblast|p1b: Iron Hands\n|-supereffective|p1b: Iron Hands\n|-damage|p1b: Iron Hands|18\/100\n|move|p2a: Landorus|Rock Slide|p1b: Iron Hands|[spread] p1a,p1b\n|-supereffective|p1a: Empoleon\n|-resisted|p1b: Iron Hands\n|-damage|p1a: Empoleon|53\/100\n|-damage|p1b: Iron Hands|10\/100\n|move|p1a: Empoleon|Flash Cannon|p2b: Flutter Mane\n|-supereffective|p2b: Flutter Mane\n|-enditem|p2b: Flutter Mane|Focus Sash\n|-damage|p2b: Flutter Mane|1\/100\n|\n|-heal|p1a: Empoleon|59\/100|[from] item: Leftovers\n|upkeep\n|turn|4\n|inactive|T0pAz777 has 30 seconds left.\n|inactive|T0pAz777 has 20 seconds left.\n|\n|t:|1701125422\n|move|p1a: Empoleon|Protect|p1a: Empoleon\n|-singleturn|p1a: Empoleon|Protect\n|move|p2b: Flutter Mane|Moonblast|p1a: Empoleon\n|-activate|p1a: Empoleon|move: Protect\n|move|p2a: Landorus|Rock Slide|p1a: Empoleon|[spread] p1b\n|-activate|p1a: Empoleon|move: Protect\n|-resisted|p1b: Iron Hands\n|-damage|p1b: Iron Hands|2\/100\n|cant|p1b: Iron Hands|flinch\n|\n|-heal|p1a: Empoleon|65\/100|[from] item: Leftovers\n|-sideend|p2: T0pAz777|move: Tailwind\n|upkeep\n|turn|5\n|inactive|KumpelXD has 30 seconds left.\n|\n|t:|1701125456\n|move|p2b: Flutter Mane|Moonblast|p1a: Empoleon\n|-damage|p1a: Empoleon|25\/100\n|move|p2a: Landorus|Rock Slide|p1a: Empoleon|[spread] p1a,p1b\n|-supereffective|p1a: Empoleon\n|-resisted|p1b: Iron Hands\n|-damage|p1a: Empoleon|0 fnt\n|-damage|p1b: Iron Hands|0 fnt\n|faint|p1a: Empoleon\n|faint|p1b: Iron Hands\n|-end|p1b: Iron Hands|Quark Drive|[silent]\n|\n|upkeep\n|\n|t:|1701125465\n|switch|p1b: Ogerpon|Ogerpon-Cornerstone, L50, F|100\/100\n|turn|6\n|inactive|T0pAz777 has 30 seconds left.\n|\n|t:|1701125491\n|move|p2b: Flutter Mane|Moonblast|p1b: Ogerpon\n|-damage|p1b: Ogerpon|30\/100\n|move|p1b: Ogerpon|U-turn|p2b: Flutter Mane\n|-resisted|p2b: Flutter Mane\n|-damage|p2b: Flutter Mane|0 fnt\n|faint|p2b: Flutter Mane\n|-end|p2b: Flutter Mane|Protosynthesis|[silent]\n|move|p2a: Landorus|Stomping Tantrum|p1b: Ogerpon\n|-damage|p1b: Ogerpon|0 fnt\n|faint|p1b: Ogerpon\n|\n|win|T0pAz777\n|raw|KumpelXD's rating: 1304 &rarr; <strong>1287<\/strong><br \/>(-17 for losing)\n|raw|T0pAz777's rating: 1365 &rarr; <strong>1382<\/strong><br \/>(+17 for winning)\n","uploadtime":1701125499,"views":4,"p1id":"kumpelxd","p2id":"t0paz777","formatid":"gen9vgc2023regulatione","rating":1287,"private":0,"password":""}