{"id":"gen9vgc2023regulatione-1990492268","p1":"liampurcell","p2":"Jippt351","format":"[Gen 9] VGC 2023 Regulation E","log":"|j|\u2606liampurcell\n|j|\u2606Jippt351\n|t:|1699975847\n|gametype|doubles\n|player|p1|liampurcell|n|1399\n|player|p2|Jippt351|lucas|1367\n|teamsize|p1|6\n|teamsize|p2|6\n|gen|9\n|tier|[Gen 9] VGC 2023 Regulation E\n|rated|\n|rule|Species Clause: Limit one of each Pok\u00e9mon\n|rule|Item Clause: Limit one of each item\n|clearpoke\n|poke|p1|Chien-Pao, L50|\n|poke|p1|Rillaboom, L50, F|\n|poke|p1|Arcanine-Hisui, L50, F|\n|poke|p1|Urshifu-*, L50, F|\n|poke|p1|Tornadus, L50, M|\n|poke|p1|Flutter Mane, L50|\n|poke|p2|Tornadus, L50, M|\n|poke|p2|Flutter Mane, L50|\n|poke|p2|Regidrago, L50|\n|poke|p2|Heatran, L50, F|\n|poke|p2|Urshifu-*, L50, M|\n|poke|p2|Farigiraf, L50, M|\n|teampreview|4\n|inactive|Battle timer is ON: inactive players will automatically lose when time's up. (requested by liampurcell)\n|inactive|Jippt351 also wants the timer to be on.\nliampurcell has agreed to open team sheets.\n|l|\u2606Jippt351\n|inactive|Jippt351 disconnected and has a minute to reconnect!\n|player|p2|\n|inactive|liampurcell has 60 seconds left.\n|j|\u2606Jippt351\n|inactive|Jippt351 reconnected and has 60 seconds left.\n|player|p2|Jippt351|lucas\n|\n|t:|1699975892\n|start\n|switch|p1a: Rillaboom|Rillaboom, L50, F|100\/100\n|switch|p1b: Flutter Mane|Flutter Mane, L50|100\/100\n|switch|p2a: Tornadus|Tornadus, L50, M|100\/100\n|switch|p2b: Heatran|Heatran, L50, F|100\/100\n|-fieldstart|move: Grassy Terrain|[from] ability: Grassy Surge|[of] p1a: Rillaboom\n|-enditem|p1b: Flutter Mane|Booster Energy\n|-activate|p1b: Flutter Mane|ability: Protosynthesis|[fromitem]\n|-start|p1b: Flutter Mane|protosynthesisspa\n|turn|1\n|\n|t:|1699975913\n|-terastallize|p2a: Tornadus|Ghost\n|move|p1a: Rillaboom|Fake Out|p2b: Heatran\n|-resisted|p2b: Heatran\n|-damage|p2b: Heatran|95\/100\n|move|p2a: Tornadus|Tailwind|p2a: Tornadus\n|-sidestart|p2: Jippt351|move: Tailwind\n|cant|p2b: Heatran|flinch\n|move|p1b: Flutter Mane|Moonblast|p2a: Tornadus\n|-damage|p2a: Tornadus|15\/100\n|\n|-heal|p2a: Tornadus|21\/100|[from] Grassy Terrain\n|-heal|p2b: Heatran|100\/100|[from] Grassy Terrain\n|upkeep\n|turn|2\n|\n|t:|1699975927\n|move|p1b: Flutter Mane|Protect|p1b: Flutter Mane\n|-singleturn|p1b: Flutter Mane|Protect\n|move|p1a: Rillaboom|Grassy Glide|p2a: Tornadus\n|-damage|p2a: Tornadus|0 fnt\n|faint|p2a: Tornadus\n|move|p2b: Heatran|Heat Wave|p1a: Rillaboom|[spread] p1a\n|-activate|p1b: Flutter Mane|move: Protect\n|-supereffective|p1a: Rillaboom\n|-damage|p1a: Rillaboom|15\/100\n|-damage|p2b: Heatran|91\/100|[from] item: Life Orb\n|\n|-heal|p2b: Heatran|97\/100|[from] Grassy Terrain\n|-heal|p1a: Rillaboom|21\/100|[from] Grassy Terrain\n|upkeep\n|l|\u2606Jippt351\n|inactive|Jippt351 disconnected and has a minute to reconnect!\n|player|p2|\n|inactive|Jippt351 has 30 seconds left.\n|j|\u2606Jippt351\n|inactive|Jippt351 reconnected and has 30 seconds left.\n|player|p2|Jippt351|lucas\n|\n|t:|1699975956\n|switch|p2a: Flutter Mane|Flutter Mane, L50|100\/100\n|-enditem|p2a: Flutter Mane|Booster Energy\n|-activate|p2a: Flutter Mane|ability: Protosynthesis|[fromitem]\n|-start|p2a: Flutter Mane|protosynthesisspa\n|turn|3\n|\n|t:|1699975978\n|-end|p1b: Flutter Mane|Protosynthesis|[silent]\n|switch|p1b: Arcanine|Arcanine-Hisui, L50, F|100\/100\n|-ability|p1b: Arcanine|Intimidate|boost\n|-unboost|p2a: Flutter Mane|atk|1\n|-unboost|p2b: Heatran|atk|1\n|move|p1a: Rillaboom|Grassy Glide|p2a: Flutter Mane\n|-damage|p2a: Flutter Mane|36\/100\n|move|p2a: Flutter Mane|Shadow Ball|p1b: Arcanine\n|-damage|p1b: Arcanine|44\/100\n|move|p2b: Heatran|Heat Wave|p1a: Rillaboom|[spread] p1a,p1b\n|-supereffective|p1a: Rillaboom\n|-resisted|p1b: Arcanine\n|-damage|p1a: Rillaboom|0 fnt\n|-damage|p1b: Arcanine|31\/100\n|faint|p1a: Rillaboom\n|-damage|p2b: Heatran|87\/100|[from] item: Life Orb\n|\n|-heal|p2a: Flutter Mane|42\/100|[from] Grassy Terrain\n|-heal|p2b: Heatran|93\/100|[from] Grassy Terrain\n|-heal|p1b: Arcanine|37\/100|[from] Grassy Terrain\n|upkeep\n|l|\u2606Jippt351\n|inactive|Jippt351 disconnected and has a minute to reconnect!\n|player|p2|\n|\n|t:|1699975999\n|switch|p1a: Urshifu|Urshifu-Rapid-Strike, L50, F|100\/100\n|turn|4\n|j|\u2606Jippt351\n|inactive|Jippt351 reconnected and has 55 seconds left.\n|player|p2|Jippt351|lucas\n|\n|t:|1699976017\n|-terastallize|p1a: Urshifu|Water\n|move|p2a: Flutter Mane|Dazzling Gleam|p1b: Arcanine|[spread] p1a,p1b\n|-crit|p1a: Urshifu\n|-resisted|p1b: Arcanine\n|-damage|p1a: Urshifu|17\/100\n|-damage|p1b: Arcanine|14\/100\n|move|p2b: Heatran|Earth Power|p1b: Arcanine\n|-supereffective|p1b: Arcanine\n|-damage|p1b: Arcanine|0 fnt\n|faint|p1b: Arcanine\n|-damage|p2b: Heatran|84\/100|[from] item: Life Orb\n|move|p1a: Urshifu|Surging Strikes|p2b: Heatran\n|-supereffective|p2b: Heatran\n|-crit|p2b: Heatran\n|-damage|p2b: Heatran|13\/100\n|-supereffective|p2b: Heatran\n|-crit|p2b: Heatran\n|-damage|p2b: Heatran|0 fnt\n|faint|p2b: Heatran\n|-hitcount|p2: Heatran|2\n|\n|-heal|p2a: Flutter Mane|47\/100|[from] Grassy Terrain\n|-heal|p1a: Urshifu|23\/100|[from] Grassy Terrain\n|-sideend|p2: Jippt351|move: Tailwind\n|upkeep\n|\n|t:|1699976032\n|switch|p1b: Flutter Mane|Flutter Mane, L50|100\/100\n|switch|p2b: Urshifu|Urshifu, L50, M|100\/100\n|turn|5\n|l|\u2606Jippt351\n|inactive|Jippt351 disconnected and has a minute to reconnect!\n|player|p2|\n|j|\u2606Jippt351\n|inactive|Jippt351 reconnected and has 35 seconds left.\n|player|p2|Jippt351|lucas\n|inactive|Jippt351 has 30 seconds left.\n|\n|t:|1699976059\n|move|p1a: Urshifu|Aqua Jet|p2a: Flutter Mane\n|-crit|p2a: Flutter Mane\n|-damage|p2a: Flutter Mane|0 fnt\n|faint|p2a: Flutter Mane\n|-end|p2a: Flutter Mane|Protosynthesis|[silent]\n|move|p2b: Urshifu|Iron Head|p1b: Flutter Mane\n|-supereffective|p1b: Flutter Mane\n|-damage|p1b: Flutter Mane|1\/100\n|cant|p1b: Flutter Mane|flinch\n|\n|-heal|p1b: Flutter Mane|7\/100|[from] Grassy Terrain\n|-heal|p1a: Urshifu|29\/100|[from] Grassy Terrain\n|-fieldend|move: Grassy Terrain\n|upkeep\n|turn|6\n|\n|t:|1699976075\n|move|p2b: Urshifu|Iron Head|p1b: Flutter Mane\n|-supereffective|p1b: Flutter Mane\n|-damage|p1b: Flutter Mane|0 fnt\n|faint|p1b: Flutter Mane\n|-end|p1b: Flutter Mane|Protosynthesis|[silent]\n|move|p1a: Urshifu|Surging Strikes|p2b: Urshifu\n|-crit|p2b: Urshifu\n|-damage|p2b: Urshifu|63\/100\n|-crit|p2b: Urshifu\n|-damage|p2b: Urshifu|27\/100\n|-crit|p2b: Urshifu\n|-damage|p2b: Urshifu|0 fnt\n|faint|p2b: Urshifu\n|-hitcount|p2: Urshifu|3\n|\n|win|liampurcell\n|raw|liampurcell's rating: 1399 &rarr; <strong>1417<\/strong><br \/>(+18 for winning)\n|raw|Jippt351's rating: 1367 &rarr; <strong>1349<\/strong><br \/>(-18 for losing)\n","uploadtime":1699976087,"views":18,"p1id":"liampurcell","p2id":"jippt351","formatid":"gen9vgc2023regulatione","rating":1349,"private":0,"password":""}