{"id":"gen9vgc2023regulatione-1991432763","p1":"bwahacough","p2":"previouslyunnamed","format":"[Gen 9] VGC 2023 Regulation E","log":"|j|\u2606bwahacough\n|j|\u2606previouslyunnamed\n|t:|1700076656\n|gametype|doubles\n|player|p1|bwahacough|medium|1749\n|player|p2|previouslyunnamed|ryuki|1709\n|teamsize|p1|6\n|teamsize|p2|6\n|gen|9\n|tier|[Gen 9] VGC 2023 Regulation E\n|rated|\n|rule|Species Clause: Limit one of each Pok\u00e9mon\n|rule|Item Clause: Limit one of each item\n|clearpoke\n|poke|p1|Lycanroc-Dusk, L50, M|\n|poke|p1|Tornadus, L50, M|\n|poke|p1|Urshifu-*, L50, F|\n|poke|p1|Farigiraf, L50, F|\n|poke|p1|Sinistcha, L50|\n|poke|p1|Iron Bundle, L50|\n|poke|p2|Iron Hands, L50|\n|poke|p2|Landorus-Therian, L50, M|\n|poke|p2|Chi-Yu, L50|\n|poke|p2|Flutter Mane, L50|\n|poke|p2|Cresselia, L50, F|\n|poke|p2|Amoonguss, L50, F|\n|teampreview|4\n|inactive|Battle timer is ON: inactive players will automatically lose when time's up. (requested by previouslyunnamed)\n|c|\u2606previouslyunnamed|ok gl\npreviouslyunnamed has agreed to open team sheets.\n|inactive|bwahacough has 60 seconds left.\n|inactive|previouslyunnamed has 60 seconds left.\nbwahacough has agreed to open team sheets.\n|c|\u2606bwahacough|u2\n|c|\u2606previouslyunnamed|u know emirnent?\n|c|\u2606previouslyunnamed|he said he helped u build this team\n|c|\u2606bwahacough|Not personally\n|inactive|previouslyunnamed has 30 seconds left.\n|c|\u2606previouslyunnamed|oh ok\n|c|\u2606bwahacough|Well, glad he helped\n|j| Wadzo\n|inactive|previouslyunnamed has 20 seconds left.\n|inactive|previouslyunnamed has 15 seconds left.\n|inactive|previouslyunnamed has 10 seconds left.\n|\n|t:|1700076736\n|start\n|switch|p1a: Tornadus|Tornadus, L50, M, shiny|100\/100\n|switch|p1b: Urshifu|Urshifu-Rapid-Strike, L50, F|100\/100\n|switch|p2a: Iron Hands|Iron Hands, L50|100\/100\n|switch|p2b: Flutter Mane|Flutter Mane, L50|100\/100\n|-enditem|p2b: Flutter Mane|Booster Energy\n|-activate|p2b: Flutter Mane|ability: Protosynthesis|[fromitem]\n|-start|p2b: Flutter Mane|protosynthesisspe\n|turn|1\n|j| neusrel\n|l| neusrel\n|\n|t:|1700076752\n|-end|p2b: Flutter Mane|Protosynthesis|[silent]\n|switch|p2b: Amoonguss|Amoonguss, L50, F, shiny|100\/100\n|-terastallize|p1b: Urshifu|Steel\n|move|p1a: Tornadus|Rain Dance|p1a: Tornadus\n|-weather|RainDance\n|move|p1b: Urshifu|Surging Strikes|p2a: Iron Hands\n|-crit|p2a: Iron Hands\n|-damage|p2a: Iron Hands|69\/100\n|-crit|p2a: Iron Hands\n|-damage|p2a: Iron Hands|37\/100\n|-crit|p2a: Iron Hands\n|-damage|p2a: Iron Hands|2\/100\n|-hitcount|p2a: Iron Hands|3\n|move|p2a: Iron Hands|Wild Charge|p1a: Tornadus\n|-supereffective|p1a: Tornadus\n|-damage|p1a: Tornadus|0 fnt\n|faint|p1a: Tornadus\n|-damage|p2a: Iron Hands|0 fnt|[from] Recoil\n|faint|p2a: Iron Hands\n|-end|p2a: Iron Hands|Quark Drive|[silent]\n|\n|-weather|RainDance|[upkeep]\n|upkeep\n|j| Asacado\n|\n|t:|1700076762\n|switch|p1a: Lycanroc|Lycanroc-Dusk, L50, M|100\/100\n|switch|p2a: Landorus|Landorus-Therian, L50, M|100\/100\n|-ability|p2a: Landorus|Intimidate|boost\n|-unboost|p1a: Lycanroc|atk|1\n|-unboost|p1b: Urshifu|atk|1\n|turn|2\n|\n|t:|1700076780\n|switch|p1b: Sinistcha|Sinistcha, L50, shiny|100\/100\n|move|p2b: Amoonguss|Rage Powder|p2b: Amoonguss\n|-singleturn|p2b: Amoonguss|move: Rage Powder\n|move|p2a: Landorus|Stomping Tantrum|p1b: Sinistcha\n|-resisted|p1b: Sinistcha\n|-damage|p1b: Sinistcha|82\/100\n|move|p1a: Lycanroc|Rock Slide|p2a: Landorus|[spread] p2a,p2b\n|-damage|p2a: Landorus|80\/100\n|-damage|p2b: Amoonguss|85\/100\n|\n|-weather|RainDance|[upkeep]\n|upkeep\n|turn|3\n|\n|t:|1700076790\n|move|p2a: Landorus|Stomping Tantrum|p1a: Lycanroc\n|-supereffective|p1a: Lycanroc\n|-enditem|p1a: Lycanroc|Focus Sash\n|-damage|p1a: Lycanroc|1\/100\n|move|p1a: Lycanroc|Rock Slide|p2b: Amoonguss|[spread] p2b\n|-miss|p1a: Lycanroc|p2a: Landorus\n|-damage|p2b: Amoonguss|69\/100\n|move|p1b: Sinistcha|Matcha Gotcha|p2b: Amoonguss|[spread] p2a,p2b\n|-resisted|p2b: Amoonguss\n|-damage|p2a: Landorus|47\/100\n|-heal|p1b: Sinistcha|99\/100|[from] drain|[of] p2a: Landorus\n|-damage|p2b: Amoonguss|64\/100\n|-heal|p1b: Sinistcha|100\/100|[from] drain|[of] p2b: Amoonguss\n|-status|p2b: Amoonguss|brn\n|move|p2b: Amoonguss|Spore|p1a: Lycanroc\n|-status|p1a: Lycanroc|slp|[from] move: Spore\n|\n|-weather|RainDance|[upkeep]\n|-damage|p2b: Amoonguss|58\/100 brn|[from] brn\n|upkeep\n|turn|4\n|\n|t:|1700076811\n|switch|p2a: Flutter Mane|Flutter Mane, L50|100\/100\n|cant|p1a: Lycanroc|slp\n|move|p1b: Sinistcha|Matcha Gotcha|p2b: Amoonguss|[spread] p2a,p2b\n|-resisted|p2b: Amoonguss\n|-damage|p2a: Flutter Mane|73\/100\n|-damage|p2b: Amoonguss|52\/100 brn\n|move|p2b: Amoonguss|Pollen Puff|p1b: Sinistcha\n|-damage|p1b: Sinistcha|83\/100\n|\n|-weather|RainDance|[upkeep]\n|-damage|p2b: Amoonguss|46\/100 brn|[from] brn\n|upkeep\n|-enditem|p2b: Amoonguss|Sitrus Berry|[eat]\n|-heal|p2b: Amoonguss|70\/100 brn|[from] item: Sitrus Berry\n|turn|5\n|\n|t:|1700076829\n|move|p1b: Sinistcha|Protect|p1b: Sinistcha\n|-singleturn|p1b: Sinistcha|Protect\n|move|p2a: Flutter Mane|Icy Wind|p1b: Sinistcha|[spread] p1a\n|-activate|p1b: Sinistcha|move: Protect\n|-damage|p1a: Lycanroc|0 fnt\n|faint|p1a: Lycanroc\n|move|p2b: Amoonguss|Pollen Puff|p2a: Flutter Mane\n|-heal|p2a: Flutter Mane|100\/100\n|\n|-weather|none\n|-damage|p2b: Amoonguss|64\/100 brn|[from] brn\n|upkeep\n|\n|t:|1700076832\n|switch|p1a: Urshifu|Urshifu-Rapid-Strike, L50, F, tera:Steel|100\/100\n|turn|6\n|\n|t:|1700076840\n|move|p2b: Amoonguss|Rage Powder|p2b: Amoonguss\n|-singleturn|p2b: Amoonguss|move: Rage Powder\n|move|p2a: Flutter Mane|Icy Wind|p1b: Sinistcha|[spread] p1a,p1b\n|-resisted|p1a: Urshifu\n|-supereffective|p1b: Sinistcha\n|-damage|p1a: Urshifu|90\/100\n|-damage|p1b: Sinistcha|54\/100\n|-unboost|p1a: Urshifu|spe|1\n|-unboost|p1b: Sinistcha|spe|1\n|move|p1a: Urshifu|Surging Strikes|p2b: Amoonguss\n|-resisted|p2b: Amoonguss\n|-crit|p2b: Amoonguss\n|-damage|p2b: Amoonguss|52\/100 brn\n|-resisted|p2b: Amoonguss\n|-crit|p2b: Amoonguss\n|-damage|p2b: Amoonguss|39\/100 brn\n|-resisted|p2b: Amoonguss\n|-crit|p2b: Amoonguss\n|-damage|p2b: Amoonguss|27\/100 brn\n|-hitcount|p2b: Amoonguss|3\n|move|p1b: Sinistcha|Shadow Ball|p2a: Flutter Mane\n|-supereffective|p2a: Flutter Mane\n|-damage|p2a: Flutter Mane|24\/100\n|\n|-damage|p2b: Amoonguss|21\/100 brn|[from] brn\n|upkeep\n|turn|7\n|j| neusrel\n|\n|t:|1700076857\n|move|p2b: Amoonguss|Rage Powder|p2b: Amoonguss\n|-singleturn|p2b: Amoonguss|move: Rage Powder\n|move|p2a: Flutter Mane|Shadow Ball|p1b: Sinistcha\n|-supereffective|p1b: Sinistcha\n|-damage|p1b: Sinistcha|0 fnt\n|faint|p1b: Sinistcha\n|move|p1a: Urshifu|Surging Strikes|p2b: Amoonguss\n|-resisted|p2b: Amoonguss\n|-crit|p2b: Amoonguss\n|-damage|p2b: Amoonguss|8\/100 brn\n|-resisted|p2b: Amoonguss\n|-crit|p2b: Amoonguss\n|-damage|p2b: Amoonguss|0 fnt\n|faint|p2b: Amoonguss\n|-hitcount|p2: Amoonguss|2\n|\n|upkeep\n|j| Nightwind Husky\n|-message|bwahacough forfeited.\n|\n|win|previouslyunnamed\n|raw|bwahacough's rating: 1726 &rarr; <strong>1705<\/strong><br \/>(-21 for losing)\n|raw|previouslyunnamed's rating: 1709 &rarr; <strong>1730<\/strong><br \/>(+21 for winning)\n|l|\u2606bwahacough\n","uploadtime":1700076884,"views":18,"p1id":"bwahacough","p2id":"previouslyunnamed","formatid":"gen9vgc2023regulatione","rating":1705,"private":0,"password":""}