{"id":"gen9vgc2023regulatione-1992343709","p1":"Omega_Jirachi","p2":"KicksGG","format":"[Gen 9] VGC 2023 Regulation E","log":"|j|\u2606Omega_Jirachi\n|j|\u2606KicksGG\n|n|\u2606Omega_Jirachi|omegajirachi\n|n|\u2606KicksGG|kicksgg\n|html|View the match progress at <a href=\"\/game-bestof3-gen9vgc2023regulatione-1992332489\">game-bestof3-gen9vgc2023regulatione-1992332489<\/a>\n|t:|1700176800\n|gametype|doubles\n|player|p1|Omega_Jirachi|cynthia-gen4|\n|player|p2|KicksGG|plasmagrunt-gen5bw|\n|teamsize|p1|6\n|teamsize|p2|6\n|gen|9\n|tier|[Gen 9] VGC 2023 Regulation E\n|rule|Species Clause: Limit one of each Pok\u00e9mon\n|rule|Item Clause: Limit one of each item\n|clearpoke\n|poke|p1|Ogerpon-Wellspring, L50, F|\n|poke|p1|Iron Hands, L50|\n|poke|p1|Noivern, L50, M|\n|poke|p1|Scyther, L50, F|\n|poke|p1|Magnezone, L50|\n|poke|p1|Arcanine, L50, M|\n|poke|p2|Amoonguss, L50, M|\n|poke|p2|Glimmora, L50, M|\n|poke|p2|Crawdaunt, L50, M|\n|poke|p2|Roaring Moon, L50|\n|poke|p2|Heracross, L50, M|\n|poke|p2|Clefable, L50, F|\n|teampreview|4\n|j| JabsGR\n|j| monowhiteteam\n|j| Luckiest Ludicolo\n|j| Raikia\n|j| 42beets\n|j| Huxley187\n|j| Lkynmbr24\n|c| Huxley187|Rooting for the person with a mon with a 4x ground weakness\n|c| monowhiteteam|lol\n|\n|t:|1700176885\n|start\n|switch|p1a: Iron Hands|Iron Hands, L50, shiny|100\/100\n|switch|p1b: Noivern|Noivern, L50, M|100\/100\n|switch|p2a: Crawdaunt|Crawdaunt, L50, M, shiny|100\/100\n|switch|p2b: Glimmora|Glimmora, L50, M|100\/100\n|-item|p2a: Crawdaunt|Life Orb|[from] ability: Frisk|[of] p1b: Noivern|[identify]\n|-item|p2b: Glimmora|Assault Vest|[from] ability: Frisk|[of] p1b: Noivern|[identify]\n|turn|1\n|c|\u2606Omega_Jirachi|finally know what that is lol\n|c|\u2606Omega_Jirachi|glhf\n|c|\u2606KicksGG|glhf\n|\n|t:|1700176959\n|-terastallize|p1b: Noivern|Dragon\n|move|p1a: Iron Hands|Fake Out|p2a: Crawdaunt\n|-damage|p2a: Crawdaunt|77\/100\n|move|p1b: Noivern|Psychic|p2b: Glimmora\n|-supereffective|p2b: Glimmora\n|-damage|p2b: Glimmora|54\/100\n|-damage|p1b: Noivern|91\/100|[from] item: Life Orb\n|move|p2b: Glimmora|Power Gem|p1b: Noivern\n|-damage|p1b: Noivern|47\/100\n|cant|p2a: Crawdaunt|flinch\n|\n|upkeep\n|turn|2\n|\n|t:|1700177002\n|move|p2a: Crawdaunt|Aqua Jet|p1b: Noivern\n|-resisted|p1b: Noivern\n|-damage|p1b: Noivern|24\/100\n|-damage|p2a: Crawdaunt|68\/100|[from] item: Life Orb\n|move|p1b: Noivern|Draco Meteor|p2b: Glimmora\n|-damage|p2b: Glimmora|0 fnt\n|-unboost|p1b: Noivern|spa|2\n|faint|p2b: Glimmora\n|-damage|p1b: Noivern|15\/100|[from] item: Life Orb\n|move|p1a: Iron Hands|Drain Punch|p2a: Crawdaunt\n|-supereffective|p2a: Crawdaunt\n|-damage|p2a: Crawdaunt|0 fnt\n|faint|p2a: Crawdaunt\n|\n|upkeep\n|\n|t:|1700177019\n|switch|p2b: Heracross|Heracross, L50, M|100\/100\n|switch|p2a: Amoonguss|Amoonguss, L50, M|100\/100\n|turn|3\n|\n|t:|1700177046\n|-terastallize|p2a: Amoonguss|Water\n|move|p2a: Amoonguss|Rage Powder|p2a: Amoonguss\n|-singleturn|p2a: Amoonguss|move: Rage Powder\n|move|p1b: Noivern|Tailwind|p1b: Noivern\n|-sidestart|p1: Omega_Jirachi|move: Tailwind\n|move|p1a: Iron Hands|Wild Charge|p2a: Amoonguss\n|-supereffective|p2a: Amoonguss\n|-damage|p2a: Amoonguss|16\/100\n|-enditem|p2a: Amoonguss|Sitrus Berry|[eat]\n|-heal|p2a: Amoonguss|41\/100|[from] item: Sitrus Berry\n|-damage|p1a: Iron Hands|80\/100|[from] Recoil\n|move|p2b: Heracross|Swords Dance|p2b: Heracross\n|-boost|p2b: Heracross|atk|2\n|\n|-status|p2b: Heracross|brn|[from] item: Flame Orb\n|upkeep\n|turn|4\n|\n|t:|1700177124\n|switch|p1b: Magnezone|Magnezone, L50, shiny|100\/100\n|move|p1a: Iron Hands|Wild Charge|p2a: Amoonguss\n|-supereffective|p2a: Amoonguss\n|-damage|p2a: Amoonguss|0 fnt\n|faint|p2a: Amoonguss\n|-damage|p1a: Iron Hands|70\/100|[from] Recoil\n|move|p2b: Heracross|Facade|p1b: Magnezone\n|-resisted|p1b: Magnezone\n|-damage|p1b: Magnezone|46\/100\n|\n|-damage|p2b: Heracross|95\/100 brn|[from] brn\n|upkeep\n|turn|5\n|j| Salivadora\n|\n|t:|1700177144\n|move|p1b: Magnezone|Thunderbolt|p2b: Heracross\n|-damage|p2b: Heracross|53\/100 brn\n|move|p1a: Iron Hands|Wild Charge|p2b: Heracross\n|-damage|p2b: Heracross|0 fnt\n|faint|p2b: Heracross\n|-damage|p1a: Iron Hands|60\/100|[from] Recoil\n|\n|win|Omega_Jirachi\n|c|\u2606KicksGG|Ggs\n|c|\u2606Omega_Jirachi|gg great set\n|c| Huxley187|Gg\n|l| Salivadora\n|l| JabsGR\n","uploadtime":1700177159,"views":21,"p1id":"omegajirachi","p2id":"kicksgg","formatid":"gen9vgc2023regulatione","rating":0,"private":0,"password":""}