{"id":"gen9vgc2023regulatione-1990539817","p1":"SlimySocket","p2":"Kzjrzhzk","format":"[Gen 9] VGC 2023 Regulation E","log":"|j|\u2606SlimySocket\n|j|\u2606Kzjrzhzk\n|t:|1699979818\n|gametype|doubles\n|player|p1|SlimySocket|2|1000\n|player|p2|Kzjrzhzk|lance|1000\n|teamsize|p1|6\n|teamsize|p2|6\n|gen|9\n|tier|[Gen 9] VGC 2023 Regulation E\n|rated|\n|rule|Species Clause: Limit one of each Pok\u00e9mon\n|rule|Item Clause: Limit one of each item\n|clearpoke\n|poke|p1|Annihilape, L50, F|\n|poke|p1|Sinistcha, L50|\n|poke|p1|Urshifu-*, L50, M|\n|poke|p1|Chien-Pao, L50|\n|poke|p1|Flutter Mane, L50|\n|poke|p1|Cresselia, L50, F|\n|poke|p2|Flutter Mane, L50|\n|poke|p2|Tornadus, L50, M|\n|poke|p2|Rillaboom, L50, M|\n|poke|p2|Garganacl, L50, M|\n|poke|p2|Arcanine-Hisui, L50, F|\n|poke|p2|Chien-Pao, L50|\n|teampreview|4\n|\n|t:|1699979839\n|start\n|switch|p1a: Annihilape|Annihilape, L50, F|100\/100\n|switch|p1b: Flutter Mane|Flutter Mane, L50, shiny|100\/100\n|switch|p2a: Tornadus|Tornadus, L50, M|100\/100\n|switch|p2b: Garganacl|Garganacl, L50, M|100\/100\n|-enditem|p1b: Flutter Mane|Booster Energy\n|-activate|p1b: Flutter Mane|ability: Protosynthesis|[fromitem]\n|-start|p1b: Flutter Mane|protosynthesisspe\n|turn|1\n|\n|t:|1699979858\n|-terastallize|p2b: Garganacl|Ghost\n|move|p1b: Flutter Mane|Protect|p1b: Flutter Mane\n|-singleturn|p1b: Flutter Mane|Protect\n|move|p2a: Tornadus|Taunt|p1a: Annihilape\n|-start|p1a: Annihilape|move: Taunt\n|cant|p1a: Annihilape|move: Taunt|Bulk Up\n|move|p2b: Garganacl|Iron Defense|p2b: Garganacl\n|-boost|p2b: Garganacl|def|2\n|\n|upkeep\n|turn|2\n|\n|t:|1699979877\n|move|p2a: Tornadus|Tailwind|p2a: Tornadus\n|-sidestart|p2: Kzjrzhzk|move: Tailwind\n|move|p1b: Flutter Mane|Moonblast|p2b: Garganacl\n|-damage|p2b: Garganacl|73\/100\n|move|p2b: Garganacl|Salt Cure|p1b: Flutter Mane\n|-damage|p1b: Flutter Mane|79\/100\n|-start|p1b: Flutter Mane|Salt Cure\n|move|p1a: Annihilape|Drain Punch|p2b: Garganacl\n|-immune|p2b: Garganacl\n|\n|-damage|p1b: Flutter Mane|67\/100|[from] Salt Cure\n|upkeep\n|turn|3\n|\n|t:|1699979895\n|move|p1b: Flutter Mane|Moonblast|p2b: Garganacl\n|-damage|p2b: Garganacl|44\/100\n|-unboost|p2b: Garganacl|spa|1\n|-enditem|p2b: Garganacl|Sitrus Berry|[eat]\n|-heal|p2b: Garganacl|69\/100|[from] item: Sitrus Berry\n|move|p2a: Tornadus|Bleakwind Storm|p1b: Flutter Mane|[spread] p1a,p1b\n|-supereffective|p1a: Annihilape\n|-damage|p1a: Annihilape|56\/100\n|-damage|p1b: Flutter Mane|39\/100\n|move|p2b: Garganacl|Salt Cure|p1a: Annihilape\n|-resisted|p1a: Annihilape\n|-damage|p1a: Annihilape|50\/100\n|-start|p1a: Annihilape|Salt Cure\n|move|p1a: Annihilape|Rage Fist|p2b: Garganacl\n|-supereffective|p2b: Garganacl\n|-damage|p2b: Garganacl|48\/100\n|\n|-heal|p1a: Annihilape|56\/100|[from] item: Leftovers\n|-damage|p1b: Flutter Mane|27\/100|[from] Salt Cure\n|-damage|p1a: Annihilape|43\/100|[from] Salt Cure\n|-end|p1a: Annihilape|move: Taunt\n|upkeep\n|turn|4\n|\n|t:|1699979920\n|move|p2b: Garganacl|Protect|p2b: Garganacl\n|-singleturn|p2b: Garganacl|Protect\n|move|p1b: Flutter Mane|Shadow Ball|p2b: Garganacl\n|-activate|p2b: Garganacl|move: Protect\n|move|p2a: Tornadus|Bleakwind Storm|p1b: Flutter Mane|[spread] p1a\n|-miss|p2a: Tornadus|p1b: Flutter Mane\n|-supereffective|p1a: Annihilape\n|-damage|p1a: Annihilape|3\/100\n|move|p1a: Annihilape|Drain Punch|p2b: Garganacl\n|-activate|p2b: Garganacl|move: Protect\n|\n|-heal|p1a: Annihilape|9\/100|[from] item: Leftovers\n|-damage|p1b: Flutter Mane|15\/100|[from] Salt Cure\n|-damage|p1a: Annihilape|0 fnt|[from] Salt Cure\n|faint|p1a: Annihilape\n|upkeep\n|\n|t:|1699979925\n|switch|p1a: Sinistcha|Sinistcha, L50|100\/100\n|-heal|p1b: Flutter Mane|39\/100|[from] ability: Hospitality|[of] p1a: Sinistcha\n|turn|5\n|\n|t:|1699979955\n|move|p1a: Sinistcha|Rage Powder|p1a: Sinistcha\n|-singleturn|p1a: Sinistcha|move: Rage Powder\n|move|p1b: Flutter Mane|Moonblast|p2b: Garganacl\n|-damage|p2b: Garganacl|22\/100\n|move|p2a: Tornadus|Bleakwind Storm|p1b: Flutter Mane|[spread] p1a,p1b\n|-supereffective|p1a: Sinistcha\n|-crit|p1a: Sinistcha\n|-damage|p1a: Sinistcha|4\/100\n|-damage|p1b: Flutter Mane|13\/100\n|move|p2b: Garganacl|Recover|p2b: Garganacl\n|-heal|p2b: Garganacl|72\/100\n|\n|-damage|p1b: Flutter Mane|0 fnt|[from] Salt Cure\n|faint|p1b: Flutter Mane\n|-end|p1b: Flutter Mane|Protosynthesis|[silent]\n|-sideend|p2: Kzjrzhzk|move: Tailwind\n|upkeep\n|\n|t:|1699979968\n|switch|p1b: Cresselia|Cresselia, L50, F|100\/100\n|turn|6\n|\n|t:|1699979974\n|move|p2a: Tornadus|Taunt|p1b: Cresselia\n|-start|p1b: Cresselia|move: Taunt\n|-enditem|p1b: Cresselia|Mental Herb\n|-end|p1b: Cresselia|move: Taunt\n|move|p1b: Cresselia|Psychic|p2b: Garganacl\n|-damage|p2b: Garganacl|56\/100\n|move|p1a: Sinistcha|Matcha Gotcha|p2b: Garganacl|[spread] p2b\n|-miss|p1a: Sinistcha|p2a: Tornadus\n|-damage|p2b: Garganacl|38\/100\n|-heal|p1a: Sinistcha|15\/100|[from] drain|[of] p2b: Garganacl\n|move|p2b: Garganacl|Salt Cure|p1a: Sinistcha\n|-damage|p1a: Sinistcha|2\/100\n|-start|p1a: Sinistcha|Salt Cure\n|\n|-damage|p1a: Sinistcha|0 fnt|[from] Salt Cure\n|faint|p1a: Sinistcha\n|upkeep\n|turn|7\n|-message|SlimySocket forfeited.\n|\n|win|Kzjrzhzk\n|raw|SlimySocket's rating: 1000 &rarr; <strong>1000<\/strong><br \/>(+0 for losing)\n|raw|Kzjrzhzk's rating: 1000 &rarr; <strong>1040<\/strong><br \/>(+40 for winning)\n|l|\u2606SlimySocket\n","uploadtime":1699979982,"views":12,"p1id":"slimysocket","p2id":"kzjrzhzk","formatid":"gen9vgc2023regulatione","rating":1000,"private":0,"password":""}