{"id":"gen9vgc2023regulatione-1995812594","p1":"TyL8","p2":"Bulbasaurteam35","format":"[Gen 9] VGC 2023 Regulation E","log":"|j|\u2606TyL8\n|j|\u2606Bulbasaurteam35\n|t:|1700605581\n|gametype|doubles\n|player|p1|TyL8|dawn|1513\n|player|p2|Bulbasaurteam35|pokemaniac|1384\n|teamsize|p1|6\n|teamsize|p2|6\n|gen|9\n|tier|[Gen 9] VGC 2023 Regulation E\n|rated|\n|rule|Species Clause: Limit one of each Pok\u00e9mon\n|rule|Item Clause: Limit one of each item\n|clearpoke\n|poke|p1|Ninetales-Alola, L50, F|\n|poke|p1|Glastrier, L50|\n|poke|p1|Farigiraf, L50, F|\n|poke|p1|Rillaboom, L50, F|\n|poke|p1|Ting-Lu, L50|\n|poke|p1|Arcanine-Hisui, L50, F|\n|poke|p2|Ninetales-Alola, L50, M|\n|poke|p2|Iron Bundle, L50|\n|poke|p2|Chi-Yu, L50|\n|poke|p2|Dachsbun, L50, F|\n|poke|p2|Rillaboom, L50, M|\n|poke|p2|Ogerpon-Hearthflame, L50, F|\n|teampreview|4\n|inactive|Battle timer is ON: inactive players will automatically lose when time's up. (requested by Bulbasaurteam35)\n|inactive|TyL8 also wants the timer to be on.\n|inactive|TyL8 has 60 seconds left.\n|inactive|Bulbasaurteam35 has 60 seconds left.\n|\n|t:|1700605625\n|start\n|switch|p1a: Glastrier|Glastrier, L50|100\/100\n|switch|p1b: Farigiraf|Farigiraf, L50, F, shiny|100\/100\n|switch|p2a: Chi-Yu|Chi-Yu, L50|100\/100\n|switch|p2b: Iron Bundle|Iron Bundle, L50|100\/100\n|-ability|p2a: Chi-Yu|Beads of Ruin\n|-enditem|p2b: Iron Bundle|Booster Energy\n|-activate|p2b: Iron Bundle|ability: Quark Drive|[fromitem]\n|-start|p2b: Iron Bundle|quarkdrivespe\n|turn|1\n|inactive|Bulbasaurteam35 has 30 seconds left.\n|inactive|Bulbasaurteam35 has 20 seconds left.\n|inactive|Bulbasaurteam35 has 15 seconds left.\n|\n|t:|1700605665\n|-end|p2b: Iron Bundle|Quark Drive|[silent]\n|switch|p2b: Dachsbun|Dachsbun, L50, F|100\/100\n|-terastallize|p1a: Glastrier|Dragon\n|move|p2a: Chi-Yu|Lava Plume|p1b: Farigiraf|[spread] p1a,p1b\n|-ability|p2b: Dachsbun|Well-Baked Body|boost\n|-boost|p2b: Dachsbun|def|2\n|-resisted|p1a: Glastrier\n|-crit|p1a: Glastrier\n|-damage|p1a: Glastrier|81\/100\n|-damage|p1b: Farigiraf|64\/100\n|move|p1a: Glastrier|Iron Defense|p1a: Glastrier\n|-boost|p1a: Glastrier|def|2\n|move|p1b: Farigiraf|Trick Room|p1b: Farigiraf\n|-fieldstart|move: Trick Room|[of] p1b: Farigiraf\n|\n|-heal|p1a: Glastrier|87\/100|[from] item: Leftovers\n|upkeep\n|turn|2\n|inactive|TyL8 has 30 seconds left.\n|inactive|Bulbasaurteam35 has 30 seconds left.\n|inactive|Bulbasaurteam35 has 20 seconds left.\n|inactive|Bulbasaurteam35 has 15 seconds left.\n|inactive|Bulbasaurteam35 has 10 seconds left.\n|\n|t:|1700605712\n|move|p2b: Dachsbun|Protect|p2b: Dachsbun\n|-singleturn|p2b: Dachsbun|Protect\n|move|p1a: Glastrier|Iron Defense|p1a: Glastrier\n|-boost|p1a: Glastrier|def|2\n|move|p1b: Farigiraf|Dazzling Gleam|p2a: Chi-Yu|[spread] p2a\n|-activate|p2b: Dachsbun|move: Protect\n|-damage|p2a: Chi-Yu|86\/100\n|move|p2a: Chi-Yu|Lava Plume|p1b: Farigiraf|[spread] p1a,p1b\n|-activate|p2b: Dachsbun|move: Protect\n|-resisted|p1a: Glastrier\n|-damage|p1a: Glastrier|74\/100\n|-damage|p1b: Farigiraf|27\/100\n|-enditem|p1b: Farigiraf|Sitrus Berry|[eat]\n|-heal|p1b: Farigiraf|52\/100|[from] item: Sitrus Berry\n|\n|-heal|p1a: Glastrier|81\/100|[from] item: Leftovers\n|upkeep\n|turn|3\n|inactive|TyL8 has 30 seconds left.\n|inactive|Bulbasaurteam35 has 30 seconds left.\n|\n|t:|1700605740\n|-terastallize|p2a: Chi-Yu|Ghost\n|move|p1a: Glastrier|Body Press|p2a: Chi-Yu\n|-immune|p2a: Chi-Yu\n|move|p1b: Farigiraf|Nasty Plot|p1b: Farigiraf\n|-boost|p1b: Farigiraf|spa|2\n|move|p2b: Dachsbun|Substitute|p2b: Dachsbun\n|-start|p2b: Dachsbun|Substitute\n|-damage|p2b: Dachsbun|76\/100\n|move|p2a: Chi-Yu|Lava Plume|p1a: Glastrier|[spread] p1a,p1b\n|-ability|p2b: Dachsbun|Well-Baked Body|boost\n|-boost|p2b: Dachsbun|def|2\n|-resisted|p1a: Glastrier\n|-damage|p1a: Glastrier|67\/100\n|-damage|p1b: Farigiraf|17\/100\n|\n|-heal|p1a: Glastrier|73\/100|[from] item: Leftovers\n|-heal|p2b: Dachsbun|82\/100|[from] item: Leftovers\n|upkeep\n|turn|4\n|\n|t:|1700605763\n|move|p1a: Glastrier|Icicle Crash|p2a: Chi-Yu\n|-damage|p2a: Chi-Yu|32\/100\n|move|p1b: Farigiraf|Dazzling Gleam|p2a: Chi-Yu|[spread] p2a,p2b\n|-end|p2b: Dachsbun|Substitute\n|-damage|p2a: Chi-Yu|1\/100\n|move|p2b: Dachsbun|Body Press|p1a: Glastrier\n|-damage|p1a: Glastrier|56\/100\n|move|p2a: Chi-Yu|Lava Plume|p1b: Farigiraf|[spread] p1a,p1b\n|-ability|p2b: Dachsbun|Well-Baked Body|boost\n|-boost|p2b: Dachsbun|def|2\n|-resisted|p1a: Glastrier\n|-damage|p1a: Glastrier|42\/100\n|-damage|p1b: Farigiraf|0 fnt\n|faint|p1b: Farigiraf\n|\n|-heal|p1a: Glastrier|48\/100|[from] item: Leftovers\n|-heal|p2b: Dachsbun|88\/100|[from] item: Leftovers\n|upkeep\n|\n|t:|1700605782\n|switch|p1b: Arcanine|Arcanine-Hisui, L50, F|100\/100\n|-ability|p1b: Arcanine|Intimidate|boost\n|-unboost|p2a: Chi-Yu|atk|1\n|-unboost|p2b: Dachsbun|atk|1\n|turn|5\n|\n|t:|1700605801\n|switch|p2a: Iron Bundle|Iron Bundle, L50|100\/100\n|move|p1a: Glastrier|Iron Defense|p1a: Glastrier\n|-boost|p1a: Glastrier|def|2\n|move|p2b: Dachsbun|Body Press|p1b: Arcanine\n|-supereffective|p1b: Arcanine\n|-damage|p1b: Arcanine|0 fnt\n|faint|p1b: Arcanine\n|\n|-heal|p1a: Glastrier|55\/100|[from] item: Leftovers\n|-heal|p2b: Dachsbun|94\/100|[from] item: Leftovers\n|-fieldend|move: Trick Room\n|upkeep\n|\n|t:|1700605810\n|switch|p1b: Ting-Lu|Ting-Lu, L50|100\/100\n|-ability|p1b: Ting-Lu|Vessel of Ruin\n|turn|6\n|\n|t:|1700605826\n|move|p2a: Iron Bundle|Encore|p1a: Glastrier\n|-start|p1a: Glastrier|Encore\n|move|p2b: Dachsbun|Body Press|p1b: Ting-Lu\n|-supereffective|p1b: Ting-Lu\n|-damage|p1b: Ting-Lu|0 fnt\n|faint|p1b: Ting-Lu\n|move|p1a: Glastrier|Iron Defense|p1a: Glastrier\n|-boost|p1a: Glastrier|def|0\n|\n|-heal|p2b: Dachsbun|100\/100|[from] item: Leftovers\n|-heal|p1a: Glastrier|61\/100|[from] item: Leftovers\n|upkeep\n|turn|7\n|-message|TyL8 forfeited.\n|\n|win|Bulbasaurteam35\n|raw|TyL8's rating: 1513 &rarr; <strong>1486<\/strong><br \/>(-27 for losing)\n|raw|Bulbasaurteam35's rating: 1384 &rarr; <strong>1411<\/strong><br \/>(+27 for winning)\n|l|\u2606TyL8\n","uploadtime":1700605836,"views":15,"p1id":"tyl8","p2id":"bulbasaurteam35","formatid":"gen9vgc2023regulatione","rating":1411,"private":0,"password":""}