{"id":"gen9vgc2023regulatione-1997019231","p1":"drubird","p2":"dubabugger","format":"[Gen 9] VGC 2023 Regulation E","log":"|j|\u2606drubird\n|j|\u2606dubabugger\n|t:|1700756298\n|gametype|doubles\n|player|p1|drubird|2|1199\n|player|p2|dubabugger|zinnia|1285\n|teamsize|p1|6\n|teamsize|p2|6\n|gen|9\n|tier|[Gen 9] VGC 2023 Regulation E\n|rated|\n|rule|Species Clause: Limit one of each Pok\u00e9mon\n|rule|Item Clause: Limit one of each item\n|clearpoke\n|poke|p1|Kommo-o, L50, M|\n|poke|p1|Tyranitar, L50, M|\n|poke|p1|Rillaboom, L50, M|\n|poke|p1|Flutter Mane, L50|\n|poke|p1|Arcanine-Hisui, L50, F|\n|poke|p1|Iron Bundle, L50|\n|poke|p2|Brambleghast, L50, M|\n|poke|p2|Tornadus, L50, M|\n|poke|p2|Rillaboom, L50, F|\n|poke|p2|Urshifu-*, L50, M|\n|poke|p2|Iron Hands, L50|\n|poke|p2|Flutter Mane, L50|\n|teampreview|4\n|\n|t:|1700756312\n|start\n|switch|p1a: Iron Bundle|Iron Bundle, L50|100\/100\n|switch|p1b: Arcanine|Arcanine-Hisui, L50, F|100\/100\n|switch|p2a: Tornadus|Tornadus, L50, M|100\/100\n|switch|p2b: Brambleghast|Brambleghast, L50, M|100\/100\n|-ability|p1b: Arcanine|Intimidate|boost\n|-unboost|p2a: Tornadus|atk|1\n|-unboost|p2b: Brambleghast|atk|1\n|-enditem|p1a: Iron Bundle|Booster Energy\n|-activate|p1a: Iron Bundle|ability: Quark Drive|[fromitem]\n|-start|p1a: Iron Bundle|quarkdrivespe\n|turn|1\n|\n|t:|1700756332\n|move|p2a: Tornadus|Tailwind|p2a: Tornadus\n|-sidestart|p2: dubabugger|move: Tailwind\n|-ability|p2b: Brambleghast|Wind Rider|boost\n|-boost|p2b: Brambleghast|atk|1\n|move|p1a: Iron Bundle|Freeze-Dry|p2b: Brambleghast\n|-supereffective|p2b: Brambleghast\n|-enditem|p2b: Brambleghast|Focus Sash\n|-damage|p2b: Brambleghast|1\/100\n|move|p2b: Brambleghast|Strength Sap|p1b: Arcanine\n|-unboost|p1b: Arcanine|atk|1\n|-heal|p2b: Brambleghast|100\/100\n|move|p1b: Arcanine|Rock Slide|p2a: Tornadus|[spread] p2a,p2b\n|-supereffective|p2a: Tornadus\n|-damage|p2a: Tornadus|64\/100\n|-damage|p2b: Brambleghast|76\/100\n|\n|upkeep\n|turn|2\n|\n|t:|1700756361\n|switch|p2a: Rillaboom|Rillaboom, L50, F|100\/100\n|-fieldstart|move: Grassy Terrain|[from] ability: Grassy Surge|[of] p2a: Rillaboom\n|move|p2b: Brambleghast|Grassy Glide|p1a: Iron Bundle\n|-supereffective|p1a: Iron Bundle\n|-damage|p1a: Iron Bundle|13\/100\n|move|p1a: Iron Bundle|Freeze-Dry|p2b: Brambleghast\n|-supereffective|p2b: Brambleghast\n|-damage|p2b: Brambleghast|0 fnt\n|faint|p2b: Brambleghast\n|move|p1b: Arcanine|Rock Slide|p2a: Rillaboom\n|-damage|p2a: Rillaboom|80\/100\n|\n|-heal|p1a: Iron Bundle|20\/100|[from] Grassy Terrain\n|-heal|p2a: Rillaboom|86\/100|[from] Grassy Terrain\n|upkeep\n|\n|t:|1700756368\n|switch|p2b: Urshifu|Urshifu-Rapid-Strike, L50, M|100\/100\n|turn|3\n|\n|t:|1700756398\n|-end|p1a: Iron Bundle|Quark Drive|[silent]\n|switch|p1a: Rillaboom|Rillaboom, L50, M|100\/100\n|-terastallize|p2b: Urshifu|Water\n|-terastallize|p1b: Arcanine|Water\n|move|p2a: Rillaboom|Grassy Glide|p1a: Rillaboom\n|-resisted|p1a: Rillaboom\n|-damage|p1a: Rillaboom|78\/100\n|move|p2b: Urshifu|Surging Strikes|p1b: Arcanine\n|-resisted|p1b: Arcanine\n|-crit|p1b: Arcanine\n|-damage|p1b: Arcanine|81\/100\n|-resisted|p1b: Arcanine\n|-crit|p1b: Arcanine\n|-damage|p1b: Arcanine|62\/100\n|-resisted|p1b: Arcanine\n|-crit|p1b: Arcanine\n|-damage|p1b: Arcanine|43\/100\n|-enditem|p1b: Arcanine|Sitrus Berry|[eat]\n|-heal|p1b: Arcanine|68\/100|[from] item: Sitrus Berry\n|-hitcount|p1b: Arcanine|3\n|move|p1b: Arcanine|Flare Blitz|p2a: Rillaboom\n|-supereffective|p2a: Rillaboom\n|-damage|p2a: Rillaboom|28\/100\n|-status|p2a: Rillaboom|brn\n|-damage|p1b: Arcanine|50\/100|[from] Recoil\n|\n|-heal|p2a: Rillaboom|34\/100 brn|[from] Grassy Terrain\n|-heal|p1b: Arcanine|56\/100|[from] Grassy Terrain\n|-heal|p1a: Rillaboom|84\/100|[from] Grassy Terrain\n|-damage|p2a: Rillaboom|28\/100 brn|[from] brn\n|upkeep\n|turn|4\n|c|\u2606dubabugger|The fuck, man\n|c|\u2606dubabugger|bullshit i say\n|\n|t:|1700756435\n|move|p2b: Urshifu|Detect|p2b: Urshifu\n|-singleturn|p2b: Urshifu|Protect\n|move|p2a: Rillaboom|Grassy Glide|p1b: Arcanine\n|-supereffective|p1b: Arcanine\n|-damage|p1b: Arcanine|8\/100\n|move|p1a: Rillaboom|Grassy Glide|p2b: Urshifu\n|-activate|p2b: Urshifu|move: Protect\n|move|p1b: Arcanine|Flare Blitz|p2a: Rillaboom\n|-supereffective|p2a: Rillaboom\n|-damage|p2a: Rillaboom|0 fnt\n|faint|p2a: Rillaboom\n|-damage|p1b: Arcanine|0 fnt|[from] Recoil\n|faint|p1b: Arcanine\n|\n|-heal|p1a: Rillaboom|90\/100|[from] Grassy Terrain\n|-sideend|p2: dubabugger|move: Tailwind\n|upkeep\n|\n|t:|1700756452\n|switch|p1b: Iron Bundle|Iron Bundle, L50|20\/100\n|switch|p2a: Tornadus|Tornadus, L50, M|64\/100\n|turn|5\n|\n|t:|1700756471\n|move|p2a: Tornadus|Tailwind|p2a: Tornadus\n|-sidestart|p2: dubabugger|move: Tailwind\n|move|p2b: Urshifu|Aqua Jet|p1b: Iron Bundle\n|-resisted|p1b: Iron Bundle\n|-damage|p1b: Iron Bundle|0 fnt\n|faint|p1b: Iron Bundle\n|-end|p1b: Iron Bundle|Quark Drive|[silent]\n|move|p1a: Rillaboom|Grassy Glide|p2b: Urshifu\n|-supereffective|p2b: Urshifu\n|-damage|p2b: Urshifu|8\/100\n|\n|-heal|p2b: Urshifu|14\/100|[from] Grassy Terrain\n|-heal|p1a: Rillaboom|96\/100|[from] Grassy Terrain\n|upkeep\n|\n|t:|1700756481\n|switch|p1b: Flutter Mane|Flutter Mane, L50|100\/100\n|turn|6\n|\n|t:|1700756497\n|move|p2a: Tornadus|Rain Dance|p2a: Tornadus\n|-weather|RainDance\n|move|p2b: Urshifu|Aqua Jet|p1b: Flutter Mane\n|-damage|p1b: Flutter Mane|0 fnt\n|faint|p1b: Flutter Mane\n|-end|p1b: Flutter Mane|Protosynthesis|[silent]\n|move|p1a: Rillaboom|Grassy Glide|p2b: Urshifu\n|-supereffective|p2b: Urshifu\n|-damage|p2b: Urshifu|0 fnt\n|faint|p2b: Urshifu\n|\n|-weather|RainDance|[upkeep]\n|-heal|p1a: Rillaboom|100\/100|[from] Grassy Terrain\n|-fieldend|move: Grassy Terrain\n|upkeep\n|turn|7\n|\n|t:|1700756515\n|move|p2a: Tornadus|Hurricane|p1a: Rillaboom\n|-supereffective|p1a: Rillaboom\n|-damage|p1a: Rillaboom|0 fnt\n|faint|p1a: Rillaboom\n|\n|win|dubabugger\n|raw|drubird's rating: 1199 &rarr; <strong>1180<\/strong><br \/>(-19 for losing)\n|raw|dubabugger's rating: 1285 &rarr; <strong>1304<\/strong><br \/>(+19 for winning)\n|l|\u2606drubird\n","uploadtime":1700756566,"views":0,"p1id":"drubird","p2id":"dubabugger","formatid":"gen9vgc2023regulatione","rating":1180,"private":0,"password":""}