{"id":"gen9vgc2023regulatione-1998114940","p1":"Lukyaq","p2":"superinsaiyan18","format":"[Gen 9] VGC 2023 Regulation E","log":"|j|\u2606Lukyaq\n|j|\u2606superinsaiyan18\n|t:|1700893947\n|gametype|doubles\n|player|p1|Lukyaq|pokefan-gen4|1439\n|player|p2|superinsaiyan18|guitarist|1481\n|teamsize|p1|6\n|teamsize|p2|6\n|gen|9\n|tier|[Gen 9] VGC 2023 Regulation E\n|rated|\n|rule|Species Clause: Limit one of each Pok\u00e9mon\n|rule|Item Clause: Limit one of each item\n|clearpoke\n|poke|p1|Annihilape, L50, M|\n|poke|p1|Cresselia, L50, F|\n|poke|p1|Maushold-Four, L50|\n|poke|p1|Ogerpon-Wellspring, L50, F|\n|poke|p1|Armarouge, L50, F|\n|poke|p1|Indeedee-F, L50, F|\n|poke|p2|Goodra-Hisui, L50, F|\n|poke|p2|Ting-Lu, L50|\n|poke|p2|Arcanine-Hisui, L50, M|\n|poke|p2|Farigiraf, L50, F|\n|poke|p2|Sinistcha-Masterpiece, L50|\n|poke|p2|Ursaluna-Bloodmoon, L50, M|\n|teampreview|4\nsuperinsaiyan18 rejected open team sheets.\n|inactive|Battle timer is ON: inactive players will automatically lose when time's up. (requested by superinsaiyan18)\n|\n|t:|1700893982\n|start\n|switch|p1a: Armarouge|Armarouge, L50, F|100\/100\n|switch|p1b: Indeedee|Indeedee-F, L50, F|100\/100\n|switch|p2a: Goodra|Goodra-Hisui, L50, F|100\/100\n|switch|p2b: Ursaluna|Ursaluna-Bloodmoon, L50, M|100\/100\n|-fieldstart|move: Psychic Terrain|[from] ability: Psychic Surge|[of] p1b: Indeedee\n|turn|1\n|inactive|Lukyaq has 30 seconds left.\n|inactive|superinsaiyan18 has 30 seconds left.\n|inactive|Lukyaq has 20 seconds left.\n|inactive|Lukyaq has 15 seconds left.\n|inactive|Lukyaq has 10 seconds left.\n|\n|t:|1700894030\n|-terastallize|p1a: Armarouge|Psychic\n|-terastallize|p2b: Ursaluna|Normal\n|move|p1b: Indeedee|Helping Hand|p1a: Armarouge\n|-singleturn|p1a: Armarouge|Helping Hand|[of] p1b: Indeedee\n|move|p1a: Armarouge|Expanding Force|p2a: Goodra|[spread] p2a,p2b\n|-resisted|p2a: Goodra\n|-damage|p2a: Goodra|56\/100\n|-damage|p2b: Ursaluna|0 fnt\n|faint|p2b: Ursaluna\n|move|p2a: Goodra|Shelter|p2a: Goodra\n|-boost|p2a: Goodra|def|2\n|\n|-heal|p2a: Goodra|62\/100|[from] item: Leftovers\n|upkeep\n|\n|t:|1700894041\n|switch|p2b: Ting-Lu|Ting-Lu, L50|100\/100\n|-ability|p2b: Ting-Lu|Vessel of Ruin\n|turn|2\n|\n|t:|1700894065\n|move|p1a: Armarouge|Endure|p1a: Armarouge\n|-singleturn|p1a: Armarouge|move: Endure\n|move|p1b: Indeedee|Dazzling Gleam|p2a: Goodra|[spread] p2a,p2b\n|-supereffective|p2b: Ting-Lu\n|-damage|p2a: Goodra|55\/100\n|-damage|p2b: Ting-Lu|92\/100\n|move|p2a: Goodra|Body Press|p1b: Indeedee\n|-damage|p1b: Indeedee|56\/100\n|-damage|p2a: Goodra|39\/100|[from] item: Rocky Helmet|[of] p1b: Indeedee\n|move|p2b: Ting-Lu|Lash Out|p1a: Armarouge\n|-supereffective|p1a: Armarouge\n|-damage|p1a: Armarouge|32\/100\n|-ability|p1a: Armarouge|Weak Armor|boost\n|-unboost|p1a: Armarouge|def|1\n|-boost|p1a: Armarouge|spe|2\n|-enditem|p1a: Armarouge|Weakness Policy\n|-boost|p1a: Armarouge|atk|2|[from] item: Weakness Policy\n|-boost|p1a: Armarouge|spa|2|[from] item: Weakness Policy\n|\n|-heal|p2a: Goodra|45\/100|[from] item: Leftovers\n|upkeep\n|turn|3\n|inactive|Lukyaq has 30 seconds left.\n|inactive|superinsaiyan18 has 30 seconds left.\n|\n|t:|1700894093\n|move|p1b: Indeedee|Helping Hand|p1a: Armarouge\n|-singleturn|p1a: Armarouge|Helping Hand|[of] p1b: Indeedee\n|move|p2a: Goodra|Protect|p2a: Goodra\n|-singleturn|p2a: Goodra|Protect\n|move|p1a: Armarouge|Heat Wave|p2b: Ting-Lu|[spread] p2b\n|-activate|p2a: Goodra|move: Protect\n|-damage|p2b: Ting-Lu|51\/100\n|move|p2b: Ting-Lu|Lash Out|p1a: Armarouge\n|-supereffective|p1a: Armarouge\n|-damage|p1a: Armarouge|0 fnt\n|faint|p1a: Armarouge\n|\n|-heal|p2a: Goodra|51\/100|[from] item: Leftovers\n|upkeep\n|\n|t:|1700894108\n|switch|p1a: Annihilape|Annihilape, L50, M|100\/100\n|turn|4\n|\n|t:|1700894123\n|switch|p1b: Cresselia|Cresselia, L50, F|100\/100\n|move|p1a: Annihilape|Bulk Up|p1a: Annihilape\n|-boost|p1a: Annihilape|atk|1\n|-boost|p1a: Annihilape|def|1\n|move|p2a: Goodra|Shelter|p2a: Goodra\n|-boost|p2a: Goodra|def|2\n|move|p2b: Ting-Lu|Fissure|p1a: Annihilape\n|-damage|p1a: Annihilape|0 fnt\n|faint|p1a: Annihilape\n|-ohko\n|\n|-heal|p2a: Goodra|57\/100|[from] item: Leftovers\n|upkeep\n|\n|t:|1700894137\n|switch|p1a: Indeedee|Indeedee-F, L50, F|56\/100\n|turn|5\n|\n|t:|1700894150\n|move|p2a: Goodra|Protect|p2a: Goodra\n|-singleturn|p2a: Goodra|Protect\n|move|p1b: Cresselia|Icy Wind|p2a: Goodra|[spread] \n|-activate|p2a: Goodra|move: Protect\n|-miss|p1b: Cresselia|p2b: Ting-Lu\n|move|p1a: Indeedee|Dazzling Gleam|p2a: Goodra|[spread] p2b\n|-activate|p2a: Goodra|move: Protect\n|-supereffective|p2b: Ting-Lu\n|-damage|p2b: Ting-Lu|42\/100\n|move|p2b: Ting-Lu|Lash Out|p1b: Cresselia\n|-supereffective|p1b: Cresselia\n|-damage|p1b: Cresselia|59\/100\n|\n|-heal|p2a: Goodra|63\/100|[from] item: Leftovers\n|-fieldend|move: Psychic Terrain\n|upkeep\n|turn|6\n|\n|t:|1700894170\n|move|p1b: Cresselia|Lunar Blessing|p1b: Cresselia|[spread] p1a,p1b\n|-heal|p1a: Indeedee|81\/100\n|-heal|p1b: Cresselia|84\/100\n|move|p1a: Indeedee|Dazzling Gleam|p2a: Goodra|[spread] p2a,p2b\n|-supereffective|p2b: Ting-Lu\n|-damage|p2a: Goodra|57\/100\n|-damage|p2b: Ting-Lu|33\/100\n|move|p2a: Goodra|Shelter|p2a: Goodra\n|-boost|p2a: Goodra|def|2\n|move|p2b: Ting-Lu|Lash Out|p1b: Cresselia\n|-supereffective|p1b: Cresselia\n|-damage|p1b: Cresselia|46\/100\n|\n|-heal|p2a: Goodra|63\/100|[from] item: Leftovers\n|upkeep\n|turn|7\n|\n|t:|1700894185\n|move|p1b: Cresselia|Icy Wind|p2b: Ting-Lu|[spread] p2a,p2b\n|-supereffective|p2b: Ting-Lu\n|-damage|p2a: Goodra|58\/100\n|-damage|p2b: Ting-Lu|28\/100\n|-unboost|p2a: Goodra|spe|1\n|-unboost|p2b: Ting-Lu|spe|1\n|move|p1a: Indeedee|Dazzling Gleam|p2b: Ting-Lu|[spread] p2a,p2b\n|-supereffective|p2b: Ting-Lu\n|-damage|p2a: Goodra|52\/100\n|-damage|p2b: Ting-Lu|17\/100\n|move|p2a: Goodra|Body Press|p1a: Indeedee\n|-damage|p1a: Indeedee|0 fnt\n|-damage|p2a: Goodra|35\/100|[from] item: Rocky Helmet|[of] p1a: Indeedee\n|faint|p1a: Indeedee\n|move|p2b: Ting-Lu|Lash Out|p1b: Cresselia\n|-supereffective|p1b: Cresselia\n|-damage|p1b: Cresselia|0 fnt\n|faint|p1b: Cresselia\n|\n|win|superinsaiyan18\n|raw|Lukyaq's rating: 1439 &rarr; <strong>1421<\/strong><br \/>(-18 for losing)\n|raw|superinsaiyan18's rating: 1481 &rarr; <strong>1499<\/strong><br \/>(+18 for winning)\n|l|\u2606Lukyaq\n","uploadtime":1700894220,"views":12,"p1id":"lukyaq","p2id":"superinsaiyan18","formatid":"gen9vgc2023regulatione","rating":1421,"private":0,"password":""}