{"id":"gen9vgc2023regulatione-1989754066","p1":"Mr.CCCC","p2":"Best Unkle Dan","format":"[Gen 9] VGC 2023 Regulation E","log":"|j|\u2606Mr.CCCC\n|j|\u2606Best Unkle Dan\n|t:|1699892885\n|gametype|doubles\n|player|p1|Mr.CCCC|clemont|1082\n|player|p2|Best Unkle Dan|170|1000\n|teamsize|p1|6\n|teamsize|p2|6\n|gen|9\n|tier|[Gen 9] VGC 2023 Regulation E\n|rated|\n|rule|Species Clause: Limit one of each Pok\u00e9mon\n|rule|Item Clause: Limit one of each item\n|clearpoke\n|poke|p1|Sableye, L50, M|\n|poke|p1|Jigglypuff, L50, F|\n|poke|p1|Cresselia, L50, F|\n|poke|p1|Ursaluna-Bloodmoon, L50, M|\n|poke|p1|Hatterene, L50, F|\n|poke|p1|Iron Hands, L50|\n|poke|p2|Iron Hands, L50|\n|poke|p2|Rillaboom, L50, F|\n|poke|p2|Politoed, L50, F|\n|poke|p2|Ludicolo, L50, F|\n|poke|p2|Palafin, L50, M|\n|poke|p2|Tornadus, L50, M|\n|teampreview|4\n|inactive|Battle timer is ON: inactive players will automatically lose when time's up. (requested by Best Unkle Dan)\n|inactive|Mr.CCCC also wants the timer to be on.\n|\n|t:|1699892908\n|start\n|switch|p1a: Hatterene|Hatterene, L50, F|100\/100\n|switch|p1b: Jigglypuff|Jigglypuff, L50, F, shiny|100\/100\n|switch|p2a: Palafin|Palafin, L50, M|100\/100\n|switch|p2b: Rillaboom|Rillaboom, L50, F|100\/100\n|-fieldstart|move: Grassy Terrain|[from] ability: Grassy Surge|[of] p2b: Rillaboom\n|turn|1\n|\n|t:|1699892918\n|move|p1b: Jigglypuff|Protect|p1b: Jigglypuff\n|-singleturn|p1b: Jigglypuff|Protect\n|move|p2b: Rillaboom|Fake Out|p1a: Hatterene\n|-damage|p1a: Hatterene|89\/100\n|move|p2a: Palafin|Flip Turn|p1a: Hatterene\n|-damage|p1a: Hatterene|65\/100\n|\n|t:|1699892926\n|detailschange|p2a: Palafin|Palafin-Hero, L50, M\n|switch|p2a: Politoed|Politoed, L50, F|100\/100|[from] Flip Turn\n|-weather|RainDance|[from] ability: Drizzle|[of] p2a: Politoed\n|move|p1a: Hatterene|Trick Room|p1a: Hatterene\n|-fieldstart|move: Trick Room|[of] p1a: Hatterene\n|\n|-weather|RainDance|[upkeep]\n|-heal|p1a: Hatterene|71\/100|[from] Grassy Terrain\n|upkeep\n|turn|2\n|\n|t:|1699892940\n|move|p1b: Jigglypuff|Sing|p2a: Politoed\n|-status|p2a: Politoed|slp|[from] move: Sing\n|move|p1a: Hatterene|Gravity|p1a: Hatterene\n|-fieldstart|move: Gravity\n|cant|p2a: Politoed|slp\n|move|p2b: Rillaboom|Wood Hammer|p1a: Hatterene\n|-damage|p1a: Hatterene|0 fnt\n|faint|p1a: Hatterene\n|-damage|p2b: Rillaboom|79\/100|[from] Recoil\n|\n|-weather|RainDance|[upkeep]\n|-heal|p2b: Rillaboom|84\/100|[from] Grassy Terrain\n|upkeep\n|\n|t:|1699892945\n|switch|p1a: Ursaluna|Ursaluna-Bloodmoon, L50, M|100\/100\n|turn|3\n|\n|t:|1699892963\n|-terastallize|p1a: Ursaluna|Normal\n|move|p2b: Rillaboom|Grassy Glide|p1a: Ursaluna\n|-damage|p1a: Ursaluna|79\/100\n|move|p1b: Jigglypuff|Sing|p2b: Rillaboom\n|-status|p2b: Rillaboom|slp|[from] move: Sing\n|move|p1a: Ursaluna|Hyper Voice|p2a: Politoed|[spread] p2a,p2b\n|-damage|p2a: Politoed|51\/100 slp\n|-damage|p2b: Rillaboom|7\/100 slp\n|-enditem|p1a: Ursaluna|Throat Spray\n|-boost|p1a: Ursaluna|spa|1|[from] item: Throat Spray\n|cant|p2a: Politoed|slp\n|\n|-weather|RainDance|[upkeep]\n|-heal|p1a: Ursaluna|85\/100|[from] Grassy Terrain\n|-heal|p2a: Politoed|57\/100 slp|[from] Grassy Terrain\n|-heal|p2b: Rillaboom|12\/100 slp|[from] Grassy Terrain\n|upkeep\n|turn|4\n|\n|t:|1699892972\n|move|p1b: Jigglypuff|Helping Hand|p1a: Ursaluna\n|-singleturn|p1a: Ursaluna|Helping Hand|[of] p1b: Jigglypuff\n|move|p1a: Ursaluna|Hyper Voice|p2a: Politoed|[spread] p2a,p2b\n|-damage|p2a: Politoed|0 fnt\n|-damage|p2b: Rillaboom|0 fnt\n|faint|p2a: Politoed\n|faint|p2b: Rillaboom\n|\n|-weather|RainDance|[upkeep]\n|-heal|p1a: Ursaluna|91\/100|[from] Grassy Terrain\n|upkeep\n|\n|t:|1699892982\n|switch|p2a: Palafin|Palafin-Hero, L50, M|100\/100\n|switch|p2b: Iron Hands|Iron Hands, L50|100\/100\n|-activate|p2a: Palafin|ability: Zero to Hero\n|turn|5\n|\n|t:|1699892994\n|-terastallize|p2a: Palafin|Water\n|move|p1a: Ursaluna|Protect|p1a: Ursaluna\n|-singleturn|p1a: Ursaluna|Protect\n|move|p2b: Iron Hands|Fake Out|p1a: Ursaluna\n|-activate|p1a: Ursaluna|move: Protect\n|move|p2a: Palafin|Jet Punch|p1a: Ursaluna\n|-activate|p1a: Ursaluna|move: Protect\n|move|p1b: Jigglypuff|Sing|p2a: Palafin\n|-status|p2a: Palafin|slp|[from] move: Sing\n|\n|-weather|none\n|-heal|p1a: Ursaluna|97\/100|[from] Grassy Terrain\n|-fieldend|move: Trick Room\n|-fieldend|move: Grassy Terrain\n|upkeep\n|turn|6\n|\n|t:|1699893001\n|cant|p2a: Palafin|slp\n|move|p2b: Iron Hands|Drain Punch|p1a: Ursaluna\n|-supereffective|p1a: Ursaluna\n|-damage|p1a: Ursaluna|47\/100\n|move|p1a: Ursaluna|Hyper Voice|p2a: Palafin|[spread] p2a,p2b\n|-damage|p2a: Palafin|12\/100 slp\n|-damage|p2b: Iron Hands|47\/100\n|move|p1b: Jigglypuff|Sing|p2b: Iron Hands\n|-status|p2b: Iron Hands|slp|[from] move: Sing\n|\n|-fieldend|move: Gravity\n|upkeep\n|turn|7\n|-message|Best Unkle Dan forfeited.\n|\n|win|Mr.CCCC\n|raw|Mr.CCCC's rating: 1082 &rarr; <strong>1103<\/strong><br \/>(+21 for winning)\n|raw|Best Unkle Dan's rating: 1000 &rarr; <strong>1000<\/strong><br \/>(+0 for losing)\n|l|\u2606Best Unkle Dan\n","uploadtime":1699893018,"views":9,"p1id":"mrcccc","p2id":"bestunkledan","formatid":"gen9vgc2023regulatione","rating":1000,"private":0,"password":""}