{"id":"gen9vgc2023regulatione-1993766317","p1":"gurupatak","p2":"Plopy14","format":"[Gen 9] VGC 2023 Regulation E","log":"|j|\u2606gurupatak\n|j|\u2606Plopy14\n|t:|1700354723\n|gametype|doubles\n|player|p1|gurupatak|102|\n|player|p2|Plopy14|tuber-gen3|\n|teamsize|p1|6\n|teamsize|p2|6\n|gen|9\n|tier|[Gen 9] VGC 2023 Regulation E\n|rated|Tournament battle\n|rule|Species Clause: Limit one of each Pok\u00e9mon\n|rule|Item Clause: Limit one of each item\n|clearpoke\n|poke|p1|Dondozo, L50, M|\n|poke|p1|Tatsugiri, L50, F|\n|poke|p1|Ninetales-Alola, L50, M|\n|poke|p1|Glimmora, L50, F|\n|poke|p1|Ogerpon-Hearthflame, L50, F|\n|poke|p1|Iron Hands, L50|\n|poke|p2|Arcanine-Hisui, L50, M|\n|poke|p2|Gholdengo, L50|\n|poke|p2|Roaring Moon, L50|\n|poke|p2|Iron Hands, L50|\n|poke|p2|Ogerpon, L50, F|\n|poke|p2|Urshifu-*, L50, M|\n|teampreview|4\n|showteam|p1|Dondozo||Leftovers|Unaware|Earthquake,OrderUp,WaveCrash,Protect|||M|||50|,,,,,Dragon]Tatsugiri||ChoiceScarf|Commander|MuddyWater,DracoMeteor,IcyWind,TeraBlast|||F|||50|,,,,,Steel]Ninetales-Alola||LightClay|SnowWarning|Blizzard,Moonblast,AuroraVeil,Protect|||M|||50|,,,,,Ghost]Glimmora||SitrusBerry|ToxicDebris|MortalSpin,PowerGem,SludgeBomb,SpikyShield|||F|||50|,,,,,Grass]Ogerpon-Hearthflame||HearthflameMask|MoldBreaker|IvyCudgel,HornLeech,SwordsDance,SpikyShield|||F|||50|,,,,,Fire]Iron Hands||AssaultVest|QuarkDrive|FakeOut,WildCharge,DrainPunch,HeavySlam||||||50|,,,,,Fire\n|showteam|p2|Arcanine-Hisui||ChoiceBand|Intimidate|FlareBlitz,RockSlide,ExtremeSpeed,TeraBlast|||M|||50|,,,,,Fairy]Gholdengo||MetalCoat|GoodasGold|MakeItRain,ShadowBall,NastyPlot,Protect||||||50|,,,,,Dragon]Roaring Moon||BoosterEnergy|Protosynthesis|KnockOff,BreakingSwipe,Tailwind,Protect||||||50|,,,,,Poison]Iron Hands||AssaultVest|QuarkDrive|FakeOut,WildCharge,HeavySlam,DrainPunch||||||50|,,,,,Water]Ogerpon||RazorClaw|Defiant|IvyCudgel,StompingTantrum,FollowMe,SpikyShield|||F|||50|,,,,,Grass]Urshifu-Rapid-Strike||MysticWater|UnseenFist|SurgingStrikes,CloseCombat,AquaJet,Detect|||M|||50|,,,,,Water\n|j| FatalEspresso\n|j| Mambae2\n|c|\u2606gurupatak|nooooo\n|c|\u2606gurupatak|glhf\n|j| roowee\n|inactive|Battle timer is ON: inactive players will automatically lose when time's up. (requested by gurupatak)\n|l| roowee\n|\n|t:|1700354761\n|start\n|switch|p1a: Ninetales|Ninetales-Alola, L50, M|100\/100\n|switch|p1b: Dondozo|Dondozo, L50, M|100\/100\n|switch|p2a: Gholdengo|Gholdengo, L50|100\/100\n|switch|p2b: Arcanine|Arcanine-Hisui, L50, M|100\/100\n|-weather|Snow|[from] ability: Snow Warning|[of] p1a: Ninetales\n|-ability|p2b: Arcanine|Intimidate|boost\n|-unboost|p1a: Ninetales|atk|1\n|-unboost|p1b: Dondozo|atk|1\n|turn|1\n|inactive|Plopy14 has 30 seconds left.\n|inactive|Plopy14 has 20 seconds left.\n|inactive|Plopy14 has 15 seconds left.\n|j| Flarefox_7\n|inactive|Plopy14 has 10 seconds left.\n|inactive|Plopy14 has 5 seconds left.\n|\n|t:|1700354816\n|move|p1b: Dondozo|Protect|p1b: Dondozo\n|-singleturn|p1b: Dondozo|Protect\n|move|p1a: Ninetales|Aurora Veil|p1a: Ninetales\n|-sidestart|p1: gurupatak|move: Aurora Veil\n|move|p2a: Gholdengo|Make It Rain|p1a: Ninetales|[spread] p1a\n|-activate|p1b: Dondozo|move: Protect\n|-supereffective|p1a: Ninetales\n|-damage|p1a: Ninetales|0 fnt\n|-unboost|p2a: Gholdengo|spa|1\n|faint|p1a: Ninetales\n|move|p2b: Arcanine|Flare Blitz|p1b: Dondozo\n|-activate|p1b: Dondozo|move: Protect\n|\n|-weather|Snow|[upkeep]\n|upkeep\n|\n|t:|1700354822\n|switch|p1a: Tatsugiri|Tatsugiri, L50, F|100\/100\n|-activate|p1a: Tatsugiri|ability: Commander|[of] p1b: Dondozo\n|-boost|p1b: Dondozo|atk|2\n|-boost|p1b: Dondozo|spa|2\n|-boost|p1b: Dondozo|spe|2\n|-boost|p1b: Dondozo|def|2\n|-boost|p1b: Dondozo|spd|2\n|turn|2\n|\n|t:|1700354828\n|switch|p2a: Ogerpon|Ogerpon, L50, F|100\/100\n|switch|p2b: Urshifu|Urshifu-Rapid-Strike, L50, M|100\/100\n|move|p1b: Dondozo|Earthquake|p2b: Urshifu|[spread] p2a,p2b\n|-miss|p1b: Dondozo|p1a: Tatsugiri\n|-resisted|p2a: Ogerpon\n|-damage|p2a: Ogerpon|79\/100\n|-damage|p2b: Urshifu|68\/100\n|\n|-weather|Snow|[upkeep]\n|upkeep\n|turn|3\n|j| MattC (Banned)\n|\n|t:|1700354837\n|switch|p2b: Arcanine|Arcanine-Hisui, L50, M|100\/100\n|-ability|p2b: Arcanine|Intimidate|boost\n|-unboost|p1a: Tatsugiri|atk|1\n|-unboost|p1b: Dondozo|atk|1\n|-terastallize|p1b: Dondozo|Dragon\n|move|p2a: Ogerpon|Spiky Shield|p2a: Ogerpon\n|-singleturn|p2a: Ogerpon|move: Protect\n|move|p1b: Dondozo|Order Up|p2b: Arcanine\n|-damage|p2b: Arcanine|56\/100\n|-boost|p1b: Dondozo|atk|1\n|\n|-weather|Snow|[upkeep]\n|upkeep\n|turn|4\n|c| MattC (Banned)|Its ALWAYS this dondozo type shit man\n|c| MattC (Banned)|Why bro\n|\n|t:|1700354850\n|-terastallize|p2b: Arcanine|Fairy\n|move|p1b: Dondozo|Order Up|p2a: Ogerpon\n|-damage|p2a: Ogerpon|17\/100\n|-boost|p1b: Dondozo|atk|1\n|move|p2a: Ogerpon|Ivy Cudgel|p1b: Dondozo\n|-resisted|p1b: Dondozo\n|-crit|p1b: Dondozo\n|-damage|p1b: Dondozo|77\/100\n|move|p2b: Arcanine|Tera Blast|p1b: Dondozo|[anim] Tera Blast Fairy\n|-supereffective|p1b: Dondozo\n|-damage|p1b: Dondozo|49\/100\n|\n|-weather|Snow|[upkeep]\n|-heal|p1b: Dondozo|55\/100|[from] item: Leftovers\n|upkeep\n|turn|5\n|\n|t:|1700354864\n|switch|p2a: Urshifu|Urshifu-Rapid-Strike, L50, M|68\/100\n|move|p1b: Dondozo|Protect|p1b: Dondozo\n|-singleturn|p1b: Dondozo|Protect\n|move|p2b: Arcanine|Tera Blast|p1b: Dondozo|[anim] Tera Blast Fairy\n|-activate|p1b: Dondozo|move: Protect\n|\n|-weather|none\n|-heal|p1b: Dondozo|61\/100|[from] item: Leftovers\n|upkeep\n|turn|6\n|\n|t:|1700354874\n|switch|p2b: Ogerpon|Ogerpon, L50, F|17\/100\n|move|p1b: Dondozo|Earthquake|p2a: Urshifu|[spread] p2a,p2b\n|-miss|p1b: Dondozo|p1a: Tatsugiri\n|-resisted|p2b: Ogerpon\n|-damage|p2a: Urshifu|24\/100\n|-damage|p2b: Ogerpon|0 fnt\n|faint|p2b: Ogerpon\n|move|p2a: Urshifu|Surging Strikes|p1b: Dondozo\n|-resisted|p1b: Dondozo\n|-crit|p1b: Dondozo\n|-damage|p1b: Dondozo|52\/100\n|-resisted|p1b: Dondozo\n|-crit|p1b: Dondozo\n|-damage|p1b: Dondozo|42\/100\n|-resisted|p1b: Dondozo\n|-crit|p1b: Dondozo\n|-damage|p1b: Dondozo|32\/100\n|-hitcount|p1b: Dondozo|3\n|\n|-heal|p1b: Dondozo|38\/100|[from] item: Leftovers\n|upkeep\n|c| FatalEspresso|It's just that strong a core.\n|\n|t:|1700354881\n|switch|p2b: Arcanine|Arcanine-Hisui, L50, M, tera:Fairy|56\/100\n|-ability|p2b: Arcanine|Intimidate|boost\n|-unboost|p1a: Tatsugiri|atk|1\n|-unboost|p1b: Dondozo|atk|1\n|turn|7\n|\n|t:|1700354892\n|move|p1b: Dondozo|Wave Crash|p2b: Arcanine\n|-crit|p2b: Arcanine\n|-damage|p2b: Arcanine|0 fnt\n|faint|p2b: Arcanine\n|-damage|p1b: Dondozo|23\/100|[from] Recoil\n|move|p2a: Urshifu|Surging Strikes|p1b: Dondozo\n|-resisted|p1b: Dondozo\n|-crit|p1b: Dondozo\n|-damage|p1b: Dondozo|13\/100\n|-resisted|p1b: Dondozo\n|-crit|p1b: Dondozo\n|-damage|p1b: Dondozo|5\/100\n|-resisted|p1b: Dondozo\n|-crit|p1b: Dondozo\n|-damage|p1b: Dondozo|0 fnt\n|faint|p1b: Dondozo\n|-hitcount|p1: Dondozo|3\n|\n|upkeep\n|c| FatalEspresso|Why you gotta carry haze or clear smog.\n|j| Gentle Alt\n|c| Flarefox_7|dozo's probably the best team for bo1\n|\n|t:|1700354907\n|switch|p2b: Gholdengo|Gholdengo, L50|100\/100\n|switch|p1b: Ogerpon|Ogerpon-Hearthflame, L50, F|100\/100\n|-ability|p1b: Ogerpon|Mold Breaker\n|turn|8\n|c| MattC (Banned)|Dondozo\n|c| MattC (Banned)|More like\n|c|\u2606Plopy14|welp now I lose lol\n|c| MattC (Banned)|Don bullshit\n|\n|t:|1700354919\n|move|p2a: Urshifu|Detect|p2a: Urshifu\n|-singleturn|p2a: Urshifu|Protect\n|move|p1a: Tatsugiri|Draco Meteor|p2a: Urshifu\n|-activate|p2a: Urshifu|move: Protect\n|move|p2b: Gholdengo|Nasty Plot|p2b: Gholdengo\n|-boost|p2b: Gholdengo|spa|2\n|move|p1b: Ogerpon|Ivy Cudgel|p2b: Gholdengo|[anim] Ivy Cudgel Fire\n|-supereffective|p2b: Gholdengo\n|-crit|p2b: Gholdengo\n|-damage|p2b: Gholdengo|0 fnt\n|faint|p2b: Gholdengo\n|\n|-sideend|p1: gurupatak|move: Aurora Veil\n|upkeep\n|turn|9\n|c|\u2606gurupatak|gg\n|\n|t:|1700354933\n|move|p1a: Tatsugiri|Draco Meteor|p2a: Urshifu\n|-damage|p2a: Urshifu|0 fnt\n|-unboost|p1a: Tatsugiri|spa|2\n|faint|p2a: Urshifu\n|\n|win|gurupatak\n|n|\u2606gurupatak|gurupatak\n|n|\u2606Plopy14|plopy14\n|n| FatalEspresso|fatalespresso\n|n| Mambae2|mambae2\n|n| Flarefox_7|flarefox7\n|n| MattC (Banned)|mattcbanned\n|n| Gentle Alt|gentlealt\n","uploadtime":1700354934,"views":30,"p1id":"gurupatak","p2id":"plopy14","formatid":"gen9vgc2023regulatione","rating":0,"private":0,"password":""}