{"id":"gen9vgc2023regulatione-1990296649","p1":"5Sscreen","p2":"jinx38346","format":"[Gen 9] VGC 2023 Regulation E","log":"|j|\u26065Sscreen\n|j|\u2606jinx38346\n|t:|1699952581\n|gametype|doubles\n|player|p1|5Sscreen|pokekid|1101\n|player|p2|jinx38346|265|1131\n|teamsize|p1|6\n|teamsize|p2|6\n|gen|9\n|tier|[Gen 9] VGC 2023 Regulation E\n|rated|\n|rule|Species Clause: Limit one of each Pok\u00e9mon\n|rule|Item Clause: Limit one of each item\n|clearpoke\n|poke|p1|Annihilape, L50, M|\n|poke|p1|Sinistcha, L50|\n|poke|p1|Grimmsnarl, L50, M|\n|poke|p1|Landorus-Therian, L50, M|\n|poke|p1|Bellibolt, L50, M|\n|poke|p1|Corviknight, L50, M|\n|poke|p2|Flutter Mane, L50|\n|poke|p2|Tornadus, L50, M|\n|poke|p2|Iron Hands, L50|\n|poke|p2|Umbreon, L50, M|\n|poke|p2|Chi-Yu, L50|\n|poke|p2|Weezing, L50, M|\n|teampreview|4\n|inactive|Battle timer is ON: inactive players will automatically lose when time's up. (requested by jinx38346)\n|inactive|jinx38346 has 60 seconds left.\n|\n|t:|1699952624\n|start\n|switch|p1a: Grimmsnarl|Grimmsnarl, L50, M, shiny|100\/100\n|switch|p1b: Landorus|Landorus-Therian, L50, M|100\/100\n|switch|p2a: Tornadus|Tornadus, L50, M, shiny|100\/100\n|switch|p2b: Weezing|Weezing, L50, M, shiny|100\/100\n|-ability|p2b: Weezing|Neutralizing Gas\n|turn|1\n|\n|t:|1699952646\n|move|p1b: Landorus|U-turn|p2a: Tornadus\n|-resisted|p2a: Tornadus\n|-damage|p2a: Tornadus|76\/100\n|\n|t:|1699952650\n|switch|p1b: Annihilape|Annihilape, L50, M|100\/100|[from] U-turn\n|move|p2a: Tornadus|Tailwind|p2a: Tornadus\n|-sidestart|p2: jinx38346|move: Tailwind\n|move|p2b: Weezing|Toxic Spikes|p1a: Grimmsnarl\n|-sidestart|p1: 5Sscreen|move: Toxic Spikes\n|move|p1a: Grimmsnarl|Light Screen|p1a: Grimmsnarl\n|-sidestart|p1: 5Sscreen|move: Light Screen\n|\n|upkeep\n|turn|2\n|\n|t:|1699952668\n|move|p1b: Annihilape|Protect|p1b: Annihilape\n|-singleturn|p1b: Annihilape|Protect\n|move|p2a: Tornadus|Tailwind||[still]\n|-fail|p2a: Tornadus\n|move|p2b: Weezing|Will-O-Wisp|p1b: Annihilape\n|-activate|p1b: Annihilape|move: Protect\n|move|p1a: Grimmsnarl|Reflect|p1a: Grimmsnarl\n|-sidestart|p1: 5Sscreen|Reflect\n|\n|upkeep\n|turn|3\n|\n|t:|1699952691\n|-terastallize|p1b: Annihilape|Fire\n|move|p2a: Tornadus|Bleakwind Storm|p1b: Annihilape|[spread] p1a,p1b\n|-damage|p1a: Grimmsnarl|80\/100\n|-damage|p1b: Annihilape|80\/100\n|move|p2b: Weezing|Will-O-Wisp|p1b: Annihilape\n|-immune|p1b: Annihilape\n|move|p1b: Annihilape|Drain Punch|p2b: Weezing\n|-resisted|p2b: Weezing\n|-damage|p2b: Weezing|83\/100\n|-heal|p1b: Annihilape|87\/100|[from] drain|[of] p2b: Weezing\n|move|p1a: Grimmsnarl|Thunder Wave|p2a: Tornadus\n|-status|p2a: Tornadus|par\n|\n|-heal|p2b: Weezing|89\/100|[from] item: Black Sludge\n|-heal|p1b: Annihilape|93\/100|[from] item: Leftovers\n|upkeep\n|turn|4\n|inactive|5Sscreen has 30 seconds left.\n|inactive|jinx38346 has 30 seconds left.\n|\n|t:|1699952726\n|cant|p2a: Tornadus|par\n|move|p2b: Weezing|Will-O-Wisp|p1a: Grimmsnarl\n|-status|p1a: Grimmsnarl|brn\n|move|p1b: Annihilape|Rage Fist|p2a: Tornadus\n|-damage|p2a: Tornadus|8\/100 par\n|move|p1a: Grimmsnarl|Parting Shot|p2a: Tornadus\n|-unboost|p2a: Tornadus|atk|1\n|-unboost|p2a: Tornadus|spa|1\n|\n|t:|1699952738\n|switch|p1a: Landorus|Landorus-Therian, L50, M|100\/100|[from] Parting Shot\n|\n|-heal|p2b: Weezing|95\/100|[from] item: Black Sludge\n|-heal|p1b: Annihilape|99\/100|[from] item: Leftovers\n|-sideend|p2: jinx38346|move: Tailwind\n|upkeep\n|turn|5\n|\n|t:|1699952753\n|move|p1a: Landorus|Stomping Tantrum|p2b: Weezing\n|-supereffective|p2b: Weezing\n|-damage|p2b: Weezing|11\/100\n|move|p1b: Annihilape|Rage Fist|p2b: Weezing\n|-damage|p2b: Weezing|0 fnt\n|faint|p2b: Weezing\n|-end|p2b: Weezing|ability: Neutralizing Gas\n|-ability|p1a: Landorus|Intimidate|boost\n|-unboost|p2a: Tornadus|atk|1\n|move|p2a: Tornadus|Tailwind|p2a: Tornadus\n|-sidestart|p2: jinx38346|move: Tailwind\n|\n|-heal|p1b: Annihilape|100\/100|[from] item: Leftovers\n|upkeep\n|\n|t:|1699952776\n|switch|p2b: Chi-Yu|Chi-Yu, L50|100\/100\n|-ability|p2b: Chi-Yu|Beads of Ruin\n|turn|6\n|\n|t:|1699952793\n|move|p2b: Chi-Yu|Protect|p2b: Chi-Yu\n|-singleturn|p2b: Chi-Yu|Protect\n|move|p2a: Tornadus|Sunny Day|p2a: Tornadus\n|-weather|SunnyDay\n|move|p1a: Landorus|Stomping Tantrum|p2b: Chi-Yu\n|-activate|p2b: Chi-Yu|move: Protect\n|move|p1b: Annihilape|Drain Punch|p2b: Chi-Yu\n|-activate|p2b: Chi-Yu|move: Protect\n|\n|-weather|SunnyDay|[upkeep]\n|upkeep\n|turn|7\n|\n|t:|1699952817\n|-terastallize|p2b: Chi-Yu|Ghost\n|move|p2b: Chi-Yu|Heat Wave|p1a: Landorus|[spread] p1a,p1b\n|-resisted|p1b: Annihilape\n|-damage|p1a: Landorus|9\/100\n|-damage|p1b: Annihilape|70\/100\n|-damage|p2b: Chi-Yu|90\/100|[from] item: Life Orb\n|move|p1a: Landorus|Stomping Tantrum|p2b: Chi-Yu\n|-damage|p2b: Chi-Yu|14\/100\n|move|p2a: Tornadus|Bleakwind Storm|p1a: Landorus|[spread] p1a,p1b\n|-crit|p1b: Annihilape\n|-damage|p1a: Landorus|0 fnt\n|-damage|p1b: Annihilape|9\/100\n|faint|p1a: Landorus\n|move|p1b: Annihilape|Drain Punch|p2b: Chi-Yu\n|-immune|p2b: Chi-Yu\n|\n|-weather|SunnyDay|[upkeep]\n|-heal|p1b: Annihilape|15\/100|[from] item: Leftovers\n|upkeep\n|\n|t:|1699952832\n|switch|p1a: Sinistcha|Sinistcha, L50|100\/100\n|-status|p1a: Sinistcha|psn\n|-heal|p1b: Annihilape|40\/100|[from] ability: Hospitality|[of] p1a: Sinistcha\n|turn|8\n|\n|t:|1699952850\n|switch|p1b: Grimmsnarl|Grimmsnarl, L50, M, shiny|80\/100 brn\n|move|p1a: Sinistcha|Protect|p1a: Sinistcha\n|-singleturn|p1a: Sinistcha|Protect\n|move|p2b: Chi-Yu|Heat Wave|p1a: Sinistcha|[spread] p1b\n|-activate|p1a: Sinistcha|move: Protect\n|-damage|p1b: Grimmsnarl|18\/100 brn\n|-damage|p2b: Chi-Yu|4\/100|[from] item: Life Orb\n|move|p2a: Tornadus|Bleakwind Storm|p1a: Sinistcha|[spread] \n|-activate|p1a: Sinistcha|move: Protect\n|-miss|p2a: Tornadus|p1b: Grimmsnarl\n|\n|-weather|SunnyDay|[upkeep]\n|-damage|p1a: Sinistcha|88\/100 psn|[from] psn\n|-damage|p1b: Grimmsnarl|12\/100 brn|[from] brn\n|-sideend|p1: 5Sscreen|move: Light Screen\n|-sideend|p2: jinx38346|move: Tailwind\n|upkeep\n|turn|9\n|inactive|5Sscreen has 30 seconds left.\n|\n|t:|1699952880\n|move|p2b: Chi-Yu|Protect|p2b: Chi-Yu\n|-singleturn|p2b: Chi-Yu|Protect\n|move|p2a: Tornadus|Tailwind|p2a: Tornadus\n|-sidestart|p2: jinx38346|move: Tailwind\n|move|p1b: Grimmsnarl|Light Screen|p1b: Grimmsnarl\n|-sidestart|p1: 5Sscreen|move: Light Screen\n|move|p1a: Sinistcha|Hex|p2b: Chi-Yu\n|-activate|p2b: Chi-Yu|move: Protect\n|\n|-weather|SunnyDay|[upkeep]\n|-damage|p1a: Sinistcha|76\/100 psn|[from] psn\n|-damage|p1b: Grimmsnarl|6\/100 brn|[from] brn\n|-sideend|p1: 5Sscreen|Reflect\n|upkeep\n|turn|10\n|inactive|5Sscreen has 30 seconds left.\n|\n|t:|1699952910\n|switch|p2b: Iron Hands|Iron Hands, L50, shiny|100\/100\n|switch|p1a: Annihilape|Annihilape, L50, M, tera:Fire|40\/100\n|-status|p1a: Annihilape|psn\n|move|p1b: Grimmsnarl|Parting Shot|p2a: Tornadus\n|-unboost|p2a: Tornadus|atk|1\n|-unboost|p2a: Tornadus|spa|1\n|\n|t:|1699952918\n|switch|p1b: Sinistcha|Sinistcha, L50|76\/100 psn|[from] Parting Shot\n|-heal|p1a: Annihilape|65\/100 psn|[from] ability: Hospitality|[of] p1b: Sinistcha\n|move|p2a: Tornadus|Bleakwind Storm|p1a: Annihilape|[spread] p1a\n|-miss|p2a: Tornadus|p1b: Sinistcha\n|-damage|p1a: Annihilape|55\/100 psn\n|\n|-weather|none\n|-heal|p1a: Annihilape|61\/100 psn|[from] item: Leftovers\n|-damage|p1a: Annihilape|49\/100 psn|[from] psn\n|-damage|p1b: Sinistcha|63\/100 psn|[from] psn\n|upkeep\n|turn|11\n|\n|t:|1699952940\n|move|p1a: Annihilape|Protect|p1a: Annihilape\n|-singleturn|p1a: Annihilape|Protect\n|move|p2b: Iron Hands|Fake Out|p1a: Annihilape\n|-activate|p1a: Annihilape|move: Protect\n|move|p2a: Tornadus|Sunny Day|p2a: Tornadus\n|-weather|SunnyDay\n|move|p1b: Sinistcha|Matcha Gotcha|p2a: Tornadus|[spread] p2a,p2b\n|-resisted|p2a: Tornadus\n|-damage|p2a: Tornadus|0 fnt\n|-heal|p1b: Sinistcha|67\/100 psn|[from] drain|[of] p2a: Tornadus\n|-damage|p2b: Iron Hands|87\/100\n|-heal|p1b: Sinistcha|76\/100 psn|[from] drain|[of] p2b: Iron Hands\n|faint|p2a: Tornadus\n|\n|-weather|SunnyDay|[upkeep]\n|-heal|p1a: Annihilape|55\/100 psn|[from] item: Leftovers\n|-damage|p1a: Annihilape|42\/100 psn|[from] psn\n|-damage|p1b: Sinistcha|63\/100 psn|[from] psn\n|upkeep\n|\n|t:|1699952955\n|switch|p2a: Chi-Yu|Chi-Yu, L50, tera:Ghost|4\/100\n|-ability|p2a: Chi-Yu|Beads of Ruin\n|turn|12\n|inactive|5Sscreen has 30 seconds left.\n|inactive|5Sscreen has 20 seconds left.\n|\n|t:|1699952994\n|switch|p1a: Grimmsnarl|Grimmsnarl, L50, M, shiny|6\/100 brn\n|move|p1b: Sinistcha|Protect|p1b: Sinistcha\n|-singleturn|p1b: Sinistcha|Protect\n|move|p2a: Chi-Yu|Heat Wave|p1b: Sinistcha|[spread] p1a\n|-activate|p1b: Sinistcha|move: Protect\n|-crit|p1a: Grimmsnarl\n|-damage|p1a: Grimmsnarl|0 fnt\n|faint|p1a: Grimmsnarl\n|-damage|p2a: Chi-Yu|0 fnt|[from] item: Life Orb\n|faint|p2a: Chi-Yu\n|move|p2b: Iron Hands|Wild Charge|p1b: Sinistcha\n|-activate|p1b: Sinistcha|move: Protect\n|\n|-weather|SunnyDay|[upkeep]\n|-damage|p1b: Sinistcha|51\/100 psn|[from] psn\n|-sideend|p2: jinx38346|move: Tailwind\n|upkeep\n|\n|t:|1699953009\n|switch|p1a: Annihilape|Annihilape, L50, M, tera:Fire|42\/100 psn\n|turn|13\n|\n|t:|1699953020\n|move|p1b: Sinistcha|Rage Powder|p1b: Sinistcha\n|-singleturn|p1b: Sinistcha|move: Rage Powder\n|move|p1a: Annihilape|Rage Fist|p2b: Iron Hands\n|-damage|p2b: Iron Hands|0 fnt\n|faint|p2b: Iron Hands\n|-end|p2b: Iron Hands|Quark Drive|[silent]\n|\n|win|5Sscreen\n|raw|5Sscreen's rating: 1101 &rarr; <strong>1128<\/strong><br \/>(+27 for winning)\n|raw|jinx38346's rating: 1131 &rarr; <strong>1104<\/strong><br \/>(-27 for losing)\n|l|\u2606jinx38346\n|c|\u26065Sscreen|GG\n","uploadtime":1699953030,"views":19,"p1id":"5sscreen","p2id":"jinx38346","formatid":"gen9vgc2023regulatione","rating":1104,"private":0,"password":""}