{"id":"gen9vgc2023regulatione-2000262884","p1":"Giestgreninja","p2":"MadMat48","format":"[Gen 9] VGC 2023 Regulation E","log":"|j|\u2606Giestgreninja\n|j|\u2606MadMat48\n|t:|1701178981\n|gametype|doubles\n|player|p1|Giestgreninja|masamune-conquest|1319\n|player|p2|MadMat48|lance|1379\n|teamsize|p1|6\n|teamsize|p2|6\n|gen|9\n|tier|[Gen 9] VGC 2023 Regulation E\n|rated|\n|rule|Species Clause: Limit one of each Pok\u00e9mon\n|rule|Item Clause: Limit one of each item\n|clearpoke\n|poke|p1|Tornadus, L50, M|\n|poke|p1|Flutter Mane, L50|\n|poke|p1|Ogerpon-Hearthflame, L50, F|\n|poke|p1|Chien-Pao, L50|\n|poke|p1|Dragonite, L50, M|\n|poke|p1|Urshifu-*, L50, F|\n|poke|p2|Scizor, L50, F|\n|poke|p2|Sinistcha-Masterpiece, L50|\n|poke|p2|Cloyster, L50, M|\n|poke|p2|Arcanine-Hisui, L50, F|\n|poke|p2|Iron Hands, L50|\n|poke|p2|Sableye, L50, F|\n|teampreview|4\n|inactive|Battle timer is ON: inactive players will automatically lose when time's up. (requested by MadMat48)\nGiestgreninja has agreed to open team sheets.\n|inactive|Giestgreninja has 60 seconds left.\n|inactive|MadMat48 has 60 seconds left.\n|inactive|Giestgreninja has 30 seconds left.\n|inactive|Giestgreninja has 20 seconds left.\n|inactive|Giestgreninja has 15 seconds left.\n|inactive|Giestgreninja has 10 seconds left.\n|\n|t:|1701179063\n|start\n|switch|p1a: Saturn|Tornadus, L50, M|100\/100\n|switch|p1b: Mercury|Urshifu-Rapid-Strike, L50, F|100\/100\n|switch|p2a: Sableye|Sableye, L50, F|100\/100\n|switch|p2b: Arcanine|Arcanine-Hisui, L50, F|100\/100\n|-ability|p2b: Arcanine|Intimidate|boost\n|-unboost|p1a: Saturn|atk|1\n|-unboost|p1b: Mercury|atk|1\n|turn|1\n|inactive|Giestgreninja has 30 seconds left.\n|\n|t:|1701179088\n|-terastallize|p1b: Mercury|Water\n|move|p2a: Sableye|Fake Out|p1b: Mercury\n|-damage|p1b: Mercury|93\/100\n|move|p1a: Saturn|Tailwind|p1a: Saturn\n|-sidestart|p1: Giestgreninja|move: Tailwind\n|cant|p1b: Mercury|flinch\n|move|p2b: Arcanine|Will-O-Wisp|p1b: Mercury\n|-status|p1b: Mercury|brn\n|\n|-damage|p1b: Mercury|87\/100 brn|[from] brn\n|upkeep\n|turn|2\n|\n|t:|1701179112\n|-terastallize|p2b: Arcanine|Water\n|move|p2a: Sableye|Thunder Wave|p1a: Saturn\n|-status|p1a: Saturn|par\n|move|p1b: Mercury|Surging Strikes|p2b: Arcanine\n|-resisted|p2b: Arcanine\n|-crit|p2b: Arcanine\n|-damage|p2b: Arcanine|92\/100\n|-resisted|p2b: Arcanine\n|-crit|p2b: Arcanine\n|-damage|p2b: Arcanine|85\/100\n|-resisted|p2b: Arcanine\n|-crit|p2b: Arcanine\n|-damage|p2b: Arcanine|78\/100\n|-hitcount|p2b: Arcanine|3\n|move|p2b: Arcanine|Rock Slide|p1a: Saturn|[spread] p1a,p1b\n|-supereffective|p1a: Saturn\n|-damage|p1a: Saturn|60\/100 par\n|-damage|p1b: Mercury|65\/100 brn\n|move|p1a: Saturn|Bleakwind Storm|p2b: Arcanine|[spread] p2b\n|-miss|p1a: Saturn|p2a: Sableye\n|-damage|p2b: Arcanine|48\/100\n|-enditem|p2b: Arcanine|Sitrus Berry|[eat]\n|-heal|p2b: Arcanine|73\/100|[from] item: Sitrus Berry\n|\n|-damage|p1b: Mercury|59\/100 brn|[from] brn\n|upkeep\n|turn|3\n|\n|t:|1701179126\n|switch|p1b: Jupiter|Dragonite, L50, M|100\/100\n|switch|p1a: Neptune|Chien-Pao, L50|100\/100\n|-ability|p1a: Neptune|Sword of Ruin\n|move|p2b: Arcanine|Rock Slide|p1b: Jupiter|[spread] p1a,p1b\n|-supereffective|p1a: Neptune\n|-supereffective|p1b: Jupiter\n|-damage|p1a: Neptune|46\/100\n|-damage|p1b: Jupiter|39\/100\n|move|p2a: Sableye|Snarl|p1b: Jupiter|[spread] p1a,p1b\n|-resisted|p1a: Neptune\n|-damage|p1a: Neptune|33\/100\n|-damage|p1b: Jupiter|24\/100\n|-unboost|p1a: Neptune|spa|1\n|-unboost|p1b: Jupiter|spa|1\n|\n|upkeep\n|turn|4\n|inactive|Giestgreninja has 30 seconds left.\n|inactive|MadMat48 has 30 seconds left.\n|\n|t:|1701179165\n|switch|p2b: Iron Hands|Iron Hands, L50|100\/100\n|move|p1b: Jupiter|Extreme Speed|p2b: Iron Hands\n|-damage|p2b: Iron Hands|58\/100\n|move|p2a: Sableye|Thunder Wave|p1b: Jupiter\n|-status|p1b: Jupiter|par\n|move|p1a: Neptune|Icicle Crash|p2a: Sableye\n|-enditem|p2a: Sableye|Focus Sash\n|-damage|p2a: Sableye|1\/100\n|\n|-sideend|p1: Giestgreninja|move: Tailwind\n|upkeep\n|turn|5\n|inactive|Giestgreninja has 30 seconds left.\n|inactive|MadMat48 has 30 seconds left.\n|\n|t:|1701179191\n|move|p1b: Jupiter|Extreme Speed|p2b: Iron Hands\n|-damage|p2b: Iron Hands|14\/100\n|move|p2a: Sableye|Thunder Wave|p1a: Neptune\n|-hint|Since gen 7, Dark is immune to Prankster moves.\n|-immune|p1a: Neptune\n|move|p1a: Neptune|Icicle Crash|p2b: Iron Hands\n|-damage|p2b: Iron Hands|0 fnt\n|faint|p2b: Iron Hands\n|-end|p2b: Iron Hands|Quark Drive|[silent]\n|\n|upkeep\n|\n|t:|1701179201\n|switch|p2b: Arcanine|Arcanine-Hisui, L50, F, tera:Water|73\/100\n|-ability|p2b: Arcanine|Intimidate|boost\n|-unboost|p1a: Neptune|atk|1\n|-fail|p1b: Jupiter|unboost|Attack|[from] ability: Inner Focus|[of] p1b: Jupiter\n|turn|6\n|\n|t:|1701179215\n|switch|p2a: Scizor|Scizor, L50, F|100\/100\n|move|p1b: Jupiter|Extreme Speed|p2b: Arcanine\n|-damage|p2b: Arcanine|4\/100\n|move|p1a: Neptune|Sucker Punch|p2b: Arcanine\n|-damage|p2b: Arcanine|0 fnt\n|faint|p2b: Arcanine\n|\n|upkeep\n|\n|t:|1701179220\n|switch|p2b: Sableye|Sableye, L50, F|1\/100\n|turn|7\n|\n|t:|1701179232\n|move|p1b: Jupiter|Extreme Speed|p2a: Scizor\n|-resisted|p2a: Scizor\n|-damage|p2a: Scizor|67\/100\n|move|p2a: Scizor|Bullet Punch|p1a: Neptune\n|-supereffective|p1a: Neptune\n|-damage|p1a: Neptune|0 fnt\n|faint|p1a: Neptune\n|move|p2b: Sableye|Snarl|p1b: Jupiter\n|-damage|p1b: Jupiter|6\/100 par\n|-unboost|p1b: Jupiter|spa|1\n|\n|upkeep\n|\n|t:|1701179239\n|switch|p1a: Mercury|Urshifu-Rapid-Strike, L50, F, tera:Water|59\/100 brn\n|turn|8\n|\n|t:|1701179248\n|cant|p1b: Jupiter|par\n|move|p2a: Scizor|Bullet Punch|p1a: Mercury\n|-resisted|p1a: Mercury\n|-damage|p1a: Mercury|36\/100 brn\n|move|p1a: Mercury|Surging Strikes|p2a: Scizor\n|-crit|p2a: Scizor\n|-damage|p2a: Scizor|52\/100\n|-crit|p2a: Scizor\n|-damage|p2a: Scizor|37\/100\n|-crit|p2a: Scizor\n|-damage|p2a: Scizor|21\/100\n|-hitcount|p2a: Scizor|3\n|move|p2b: Sableye|Snarl|p1b: Jupiter|[spread] p1a,p1b\n|-damage|p1a: Mercury|14\/100 brn\n|-damage|p1b: Jupiter|0 fnt\n|-unboost|p1a: Mercury|spa|1\n|faint|p1b: Jupiter\n|\n|-damage|p1a: Mercury|8\/100 brn|[from] brn\n|upkeep\n|\n|t:|1701179259\n|switch|p1b: Saturn|Tornadus, L50, M|60\/100 par\n|turn|9\n|\n|t:|1701179268\n|move|p2a: Scizor|Bullet Punch|p1b: Saturn\n|-damage|p1b: Saturn|12\/100 par\n|move|p1a: Mercury|Surging Strikes|p2b: Sableye\n|-crit|p2b: Sableye\n|-damage|p2b: Sableye|0 fnt\n|faint|p2b: Sableye\n|-hitcount|p2: Sableye|1\n|move|p1b: Saturn|Bleakwind Storm|p2a: Scizor|[miss]\n|-miss|p1b: Saturn|p2a: Scizor\n|\n|-damage|p1a: Mercury|2\/100 brn|[from] brn\n|upkeep\n|turn|10\n|\n|t:|1701179276\n|move|p2a: Scizor|Bullet Punch|p1a: Mercury\n|-resisted|p1a: Mercury\n|-damage|p1a: Mercury|0 fnt\n|faint|p1a: Mercury\n|move|p1b: Saturn|Bleakwind Storm|p2a: Scizor\n|-damage|p2a: Scizor|0 fnt\n|faint|p2a: Scizor\n|\n|win|Giestgreninja\n|raw|Giestgreninja's rating: 1319 &rarr; <strong>1342<\/strong><br \/>(+23 for winning)\n|raw|MadMat48's rating: 1379 &rarr; <strong>1356<\/strong><br \/>(-23 for losing)\n|l|\u2606MadMat48\n","uploadtime":1701179283,"views":1,"p1id":"giestgreninja","p2id":"madmat48","formatid":"gen9vgc2023regulatione","rating":1342,"private":0,"password":""}