{"id":"gen9vgc2023regulatione-1994361795","p1":"Emirnent","p2":"previouslyunnamed","format":"[Gen 9] VGC 2023 Regulation E","log":"|j|\u2606Emirnent\n|j|\u2606previouslyunnamed\n|t:|1700435223\n|gametype|doubles\n|player|p1|Emirnent|101|1554\n|player|p2|previouslyunnamed|heroine2-conquest|1626\n|teamsize|p1|6\n|teamsize|p2|6\n|gen|9\n|tier|[Gen 9] VGC 2023 Regulation E\n|rated|\n|rule|Species Clause: Limit one of each Pok\u00e9mon\n|rule|Item Clause: Limit one of each item\n|clearpoke\n|poke|p1|Armarouge, L50, M|\n|poke|p1|Ursaluna, L50, M|\n|poke|p1|Torkoal, L50, M|\n|poke|p1|Roaring Moon, L50|\n|poke|p1|Bronzong, L50|\n|poke|p1|Indeedee-F, L50, F|\n|poke|p2|Armarouge, L50, F|\n|poke|p2|Ursaluna, L50, M|\n|poke|p2|Torkoal, L50, F|\n|poke|p2|Roaring Moon, L50|\n|poke|p2|Bronzong, L50|\n|poke|p2|Indeedee-F, L50, F|\n|teampreview|4\n|inactive|Battle timer is ON: inactive players will automatically lose when time's up. (requested by previouslyunnamed)\n|c|\u2606previouslyunnamed|fuck\n|c|\u2606Emirnent|lol\n|c|\u2606previouslyunnamed|lol\n|j| thomas shelby 1\n|inactive|Emirnent has 60 seconds left.\n|inactive|previouslyunnamed has 60 seconds left.\n|c|\u2606previouslyunnamed|gl\n|c|\u2606Emirnent|u2\n|n|\u2606previouslyunnamed|previouslyunnamed\n|\n|t:|1700435273\n|start\n|switch|p1a: Bell EV|Bronzong, L50|100\/100\n|switch|p1b: Carinhoso|Ursaluna, L50, M|100\/100\n|switch|p2a: The Boss|Armarouge, L50, F|100\/100\n|switch|p2b: Big Boss|Roaring Moon, L50|100\/100\n|-enditem|p2b: Big Boss|Booster Energy\n|-activate|p2b: Big Boss|ability: Protosynthesis|[fromitem]\n|-start|p2b: Big Boss|protosynthesisspe\n|turn|1\n|inactive|previouslyunnamed has 30 seconds left.\n|inactive|previouslyunnamed has 20 seconds left.\n|c|\u2606previouslyunnamed|now knock off would be nice\n|inactive|previouslyunnamed has 15 seconds left.\n|\n|t:|1700435317\n|move|p2b: Big Boss|U-turn|p1a: Bell EV\n|-damage|p1a: Bell EV|83\/100\n|\n|t:|1700435321\n|-end|p2b: Big Boss|Protosynthesis|[silent]\n|switch|p2b: Gio Jr.|Indeedee-F, L50, F|100\/100|[from] U-turn\n|-fieldstart|move: Psychic Terrain|[from] ability: Psychic Surge|[of] p2b: Gio Jr.\n|move|p2a: The Boss|Heat Wave|p1a: Bell EV|[spread] p1a,p1b\n|-supereffective|p1a: Bell EV\n|-damage|p1a: Bell EV|19\/100\n|-damage|p1b: Carinhoso|66\/100\n|move|p1b: Carinhoso|Earthquake|p2b: Gio Jr.|[spread] p2a,p2b\n|-immune|p1a: Bell EV|[from] ability: Levitate\n|-supereffective|p2a: The Boss\n|-crit|p2a: The Boss\n|-damage|p2a: The Boss|0 fnt\n|-damage|p2b: Gio Jr.|59\/100\n|faint|p2a: The Boss\n|move|p1a: Bell EV|Trick Room|p1a: Bell EV\n|-fieldstart|move: Trick Room|[of] p1a: Bell EV\n|\n|-status|p1b: Carinhoso|brn|[from] item: Flame Orb\n|upkeep\n|c|\u2606Emirnent|thats what im saying\n|\n|t:|1700435335\n|switch|p2a: Carinhoso|Ursaluna, L50, M|100\/100\n|turn|2\n|\n|t:|1700435349\n|move|p2a: Carinhoso|Protect|p2a: Carinhoso\n|-singleturn|p2a: Carinhoso|Protect\n|move|p1a: Bell EV|Iron Defense|p1a: Bell EV\n|-boost|p1a: Bell EV|def|2\n|move|p1b: Carinhoso|Earthquake|p2b: Gio Jr.|[spread] p2b\n|-activate|p2a: Carinhoso|move: Protect\n|-immune|p1a: Bell EV|[from] ability: Levitate\n|-damage|p2b: Gio Jr.|1\/100\n|move|p2b: Gio Jr.|Trick Room|p2b: Gio Jr.\n|-fieldend|move: Trick Room\n|\n|-damage|p1b: Carinhoso|60\/100 brn|[from] brn\n|-status|p2a: Carinhoso|brn|[from] item: Flame Orb\n|upkeep\n|turn|3\n|\n|t:|1700435372\n|move|p2b: Gio Jr.|Dazzling Gleam|p1a: Bell EV|[spread] p1a,p1b\n|-resisted|p1a: Bell EV\n|-damage|p1a: Bell EV|14\/100\n|-damage|p1b: Carinhoso|48\/100 brn\n|move|p2a: Carinhoso|Facade|p1a: Bell EV\n|-resisted|p1a: Bell EV\n|-damage|p1a: Bell EV|0 fnt\n|faint|p1a: Bell EV\n|move|p1b: Carinhoso|Earthquake|p2b: Gio Jr.|[spread] p2a,p2b\n|-damage|p2a: Carinhoso|55\/100 brn\n|-damage|p2b: Gio Jr.|0 fnt\n|faint|p2b: Gio Jr.\n|\n|-damage|p2a: Carinhoso|49\/100 brn|[from] brn\n|-damage|p1b: Carinhoso|42\/100 brn|[from] brn\n|upkeep\n|\n|t:|1700435388\n|switch|p2b: Big Boss|Roaring Moon, L50|100\/100\n|switch|p1a: Big Boss|Roaring Moon, L50|100\/100\n|-enditem|p1a: Big Boss|Booster Energy\n|-activate|p1a: Big Boss|ability: Protosynthesis|[fromitem]\n|-start|p1a: Big Boss|protosynthesisspe\n|turn|4\n|\n|t:|1700435397\n|move|p2a: Carinhoso|Protect|p2a: Carinhoso\n|-singleturn|p2a: Carinhoso|Protect\n|move|p1a: Big Boss|Breaking Swipe|p2b: Big Boss|[spread] p2b\n|-activate|p2a: Carinhoso|move: Protect\n|-supereffective|p2b: Big Boss\n|-damage|p2b: Big Boss|43\/100\n|-unboost|p2b: Big Boss|atk|1\n|move|p2b: Big Boss|Tailwind|p2b: Big Boss\n|-sidestart|p2: previouslyunnamed|move: Tailwind\n|move|p1b: Carinhoso|Facade|p2a: Carinhoso\n|-activate|p2a: Carinhoso|move: Protect\n|\n|-damage|p2a: Carinhoso|43\/100 brn|[from] brn\n|-damage|p1b: Carinhoso|36\/100 brn|[from] brn\n|upkeep\n|turn|5\n|\n|t:|1700435416\n|move|p2b: Big Boss|Breaking Swipe|p1b: Carinhoso|[spread] p1a,p1b\n|-supereffective|p1a: Big Boss\n|-damage|p1a: Big Boss|64\/100\n|-damage|p1b: Carinhoso|26\/100 brn\n|-unboost|p1a: Big Boss|atk|1\n|-unboost|p1b: Carinhoso|atk|1\n|move|p1a: Big Boss|Tailwind|p1a: Big Boss\n|-sidestart|p1: Emirnent|move: Tailwind\n|move|p2a: Carinhoso|Earthquake|p1a: Big Boss|[spread] p2b,p1a,p1b\n|-damage|p2b: Big Boss|0 fnt\n|-damage|p1a: Big Boss|0 fnt\n|-damage|p1b: Carinhoso|0 fnt\n|faint|p2b: Big Boss\n|-end|p2b: Big Boss|Protosynthesis|[silent]\n|faint|p1a: Big Boss\n|-end|p1a: Big Boss|Protosynthesis|[silent]\n|faint|p1b: Carinhoso\n|\n|-damage|p2a: Carinhoso|37\/100 brn|[from] brn\n|-fieldend|move: Psychic Terrain\n|upkeep\n|\n|t:|1700435425\n|switch|p1b: RJ|Torkoal, L50, M|100\/100\n|-weather|SunnyDay|[from] ability: Drought|[of] p1b: RJ\n|turn|6\n|c|\u2606previouslyunnamed|gg\n|c|\u2606Emirnent|gg\n|\n|t:|1700435435\n|-terastallize|p1b: RJ|Fire\n|move|p2a: Carinhoso|Earthquake|p1b: RJ\n|-supereffective|p1b: RJ\n|-damage|p1b: RJ|0 fnt\n|faint|p1b: RJ\n|\n|win|previouslyunnamed\n|raw|Emirnent's rating: 1554 &rarr; <strong>1538<\/strong><br \/>(-16 for losing)\n|raw|previouslyunnamed's rating: 1626 &rarr; <strong>1642<\/strong><br \/>(+16 for winning)\n|l|\u2606Emirnent\n","uploadtime":1700435442,"views":6,"p1id":"emirnent","p2id":"previouslyunnamed","formatid":"gen9vgc2023regulatione","rating":1538,"private":0,"password":""}