{"id":"gen9vgc2023regulatione-1998488244","p1":"LadyTetra777","p2":"ezekial37","format":"[Gen 9] VGC 2023 Regulation E","log":"|j|\u2606LadyTetra777\n|j|\u2606ezekial37\n|t:|1700947987\n|gametype|doubles\n|player|p1|LadyTetra777|266|1000\n|player|p2|ezekial37|102|1017\n|teamsize|p1|6\n|teamsize|p2|6\n|gen|9\n|tier|[Gen 9] VGC 2023 Regulation E\n|rated|\n|rule|Species Clause: Limit one of each Pok\u00e9mon\n|rule|Item Clause: Limit one of each item\n|clearpoke\n|poke|p1|Roaring Moon, L50|\n|poke|p1|Weezing, L50, M|\n|poke|p1|Arcanine-Hisui, L50, F|\n|poke|p1|Urshifu-*, L50, F|\n|poke|p1|Iron Hands, L50|\n|poke|p1|Flutter Mane, L50|\n|poke|p2|Dragapult, L50, M|\n|poke|p2|Gastrodon, L50, M|\n|poke|p2|Sylveon, L50, M|\n|poke|p2|Hawlucha, L50, F|\n|poke|p2|Flutter Mane, L50|\n|poke|p2|Oranguru, L50, M|\n|teampreview|4\n|c|\u2606LadyTetra777|good luck :)\nLadyTetra777 has agreed to open team sheets.\n|\n|t:|1700948029\n|start\n|switch|p1a: Roaring Moon|Roaring Moon, L50|100\/100\n|switch|p1b: Weezing|Weezing, L50, M|100\/100\n|switch|p2a: Flutter Mane|Flutter Mane, L50|100\/100\n|switch|p2b: Dragapult|Dragapult, L50, M, shiny|100\/100\n|-ability|p1b: Weezing|Neutralizing Gas\n|-enditem|p2a: Flutter Mane|Booster Energy\n|-activate|p2a: Flutter Mane|ability: Protosynthesis|[fromitem]\n|-start|p2a: Flutter Mane|protosynthesisspe\n|-enditem|p1a: Roaring Moon|Booster Energy\n|-activate|p1a: Roaring Moon|ability: Protosynthesis|[fromitem]\n|-start|p1a: Roaring Moon|protosynthesisatk\n|turn|1\n|\n|t:|1700948088\n|-terastallize|p2b: Dragapult|Water\n|-terastallize|p1a: Roaring Moon|Poison\n|move|p2a: Flutter Mane|Psyshock|p1b: Weezing\n|-supereffective|p1b: Weezing\n|-damage|p1b: Weezing|53\/100\n|move|p2b: Dragapult|Surf|p1a: Roaring Moon|[spread] p2a,p1a,p1b\n|-damage|p2a: Flutter Mane|70\/100\n|-damage|p1a: Roaring Moon|70\/100\n|-damage|p1b: Weezing|24\/100\n|move|p1a: Roaring Moon|Tailwind|p1a: Roaring Moon\n|-sidestart|p1: LadyTetra777|move: Tailwind\n|move|p1b: Weezing|Sludge Bomb|p2a: Flutter Mane\n|-damage|p2a: Flutter Mane|41\/100\n|\n|-heal|p1b: Weezing|30\/100|[from] item: Black Sludge\n|upkeep\n|turn|2\n|\n|t:|1700948114\n|move|p1b: Weezing|Protect|p1b: Weezing\n|-singleturn|p1b: Weezing|Protect\n|move|p1a: Roaring Moon|Knock Off|p2a: Flutter Mane\n|-crit|p2a: Flutter Mane\n|-damage|p2a: Flutter Mane|0 fnt\n|faint|p2a: Flutter Mane\n|-end|p2a: Flutter Mane|Protosynthesis|[silent]\n|move|p2b: Dragapult|Surf|p1a: Roaring Moon|[spread] p1a\n|-activate|p1b: Weezing|move: Protect\n|-damage|p1a: Roaring Moon|37\/100\n|\n|-heal|p1b: Weezing|36\/100|[from] item: Black Sludge\n|upkeep\n|\n|t:|1700948129\n|switch|p2a: Gastrodon|Gastrodon, L50, M|100\/100\n|turn|3\n|\n|t:|1700948143\n|move|p1a: Roaring Moon|Acrobatics|p2b: Dragapult\n|-damage|p2b: Dragapult|43\/100\n|move|p2b: Dragapult|Surf|p1a: Roaring Moon|[spread] p2a,p1a,p1b\n|-damage|p2a: Gastrodon|69\/100\n|-damage|p1a: Roaring Moon|7\/100\n|-damage|p1b: Weezing|6\/100\n|move|p1b: Weezing|Taunt|p2a: Gastrodon\n|-start|p2a: Gastrodon|move: Taunt\n|move|p2a: Gastrodon|Muddy Water|p1b: Weezing|[spread] p1a,p1b\n|-damage|p1a: Roaring Moon|0 fnt\n|-damage|p1b: Weezing|0 fnt\n|faint|p1a: Roaring Moon\n|-end|p1a: Roaring Moon|Protosynthesis|[silent]\n|faint|p1b: Weezing\n|-end|p1b: Weezing|ability: Neutralizing Gas\n|\n|upkeep\n|\n|t:|1700948156\n|switch|p1a: Iron Hands|Iron Hands, L50|100\/100\n|switch|p1b: Flutter Mane|Flutter Mane, L50|100\/100\n|turn|4\n|\n|t:|1700948177\n|switch|p2b: Oranguru|Oranguru, L50, M|100\/100\n|move|p1a: Iron Hands|Fake Out|p2b: Oranguru\n|-damage|p2b: Oranguru|86\/100\n|move|p1b: Flutter Mane|Energy Ball|p2a: Gastrodon\n|-supereffective|p2a: Gastrodon\n|-damage|p2a: Gastrodon|0 fnt\n|faint|p2a: Gastrodon\n|\n|-sideend|p1: LadyTetra777|move: Tailwind\n|upkeep\n|\n|t:|1700948188\n|switch|p2a: Dragapult|Dragapult, L50, M, shiny, tera:Water|43\/100\n|turn|5\n|inactive|Battle timer is ON: inactive players will automatically lose when time's up. (requested by LadyTetra777)\n|inactive|ezekial37 has 60 seconds left.\n|inactive|ezekial37 has 30 seconds left.\n|inactive|ezekial37 has 20 seconds left.\n|inactive|ezekial37 has 15 seconds left.\n|inactive|ezekial37 has 10 seconds left.\n|inactive|ezekial37 has 5 seconds left.\n|\n|t:|1700948347\n|move|p2a: Dragapult|Surf|p1b: Flutter Mane|[spread] p2b,p1a,p1b\n|-damage|p2b: Oranguru|60\/100\n|-damage|p1a: Iron Hands|82\/100\n|-damage|p1b: Flutter Mane|68\/100\n|move|p1b: Flutter Mane|Energy Ball|p2a: Dragapult\n|-supereffective|p2a: Dragapult\n|-damage|p2a: Dragapult|0 fnt\n|faint|p2a: Dragapult\n|move|p2b: Oranguru|Light Screen|p2b: Oranguru\n|-sidestart|p2: ezekial37|move: Light Screen\n|move|p1a: Iron Hands|Drain Punch|p2b: Oranguru\n|-damage|p2b: Oranguru|26\/100\n|-heal|p1a: Iron Hands|95\/100|[from] drain|[of] p2b: Oranguru\n|\n|upkeep\n|turn|6\n|inactive|ezekial37 has 30 seconds left.\n|inactive|ezekial37 has 20 seconds left.\n|inactive|ezekial37 has 15 seconds left.\n|inactive|ezekial37 has 10 seconds left.\n|inactive|ezekial37 has 5 seconds left.\n|\n|t:|1700948402\n|move|p1b: Flutter Mane|Energy Ball|p2b: Oranguru\n|-damage|p2b: Oranguru|0 fnt\n|faint|p2b: Oranguru\n|\n|win|LadyTetra777\n|raw|LadyTetra777's rating: 1000 &rarr; <strong>1047<\/strong><br \/>(+47 for winning)\n|raw|ezekial37's rating: 1058 &rarr; <strong>1036<\/strong><br \/>(-22 for losing)\n","uploadtime":1700948417,"views":7,"p1id":"ladytetra777","p2id":"ezekial37","formatid":"gen9vgc2023regulatione","rating":1036,"private":0,"password":""}