{"id":"gen9vgc2023regulatione-1988177215","p1":"FourLi","p2":"Jackietreehorn321","format":"[Gen 9] VGC 2023 Regulation E","log":"|j|\u2606FourLi\n|j|\u2606Jackietreehorn321\n|t:|1699680022\n|gametype|doubles\n|player|p1|FourLi|dawn|1313\n|player|p2|Jackietreehorn321|265|1322\n|teamsize|p1|6\n|teamsize|p2|6\n|gen|9\n|tier|[Gen 9] VGC 2023 Regulation E\n|rated|\n|rule|Species Clause: Limit one of each Pok\u00e9mon\n|rule|Item Clause: Limit one of each item\n|clearpoke\n|poke|p1|Volcarona, L50, F|\n|poke|p1|Rabsca, L50, F|\n|poke|p1|Scizor, L50, M|\n|poke|p1|Frosmoth, L50, F|\n|poke|p1|Vivillon, L50, F|\n|poke|p1|Kleavor, L50, M|\n|poke|p2|Ninetales-Alola, L50, F|\n|poke|p2|Moltres-Galar, L50|\n|poke|p2|Annihilape, L50, M|\n|poke|p2|Rillaboom, L50, M|\n|poke|p2|Farigiraf, L50, M|\n|poke|p2|Glimmora, L50, F|\n|teampreview|4\n|\n|t:|1699680084\n|start\n|switch|p1a: Kleavor|Kleavor, L50, M, shiny|100\/100\n|switch|p1b: Vivillon|Vivillon, L50, F, shiny|100\/100\n|switch|p2a: Ninetales|Ninetales-Alola, L50, F|100\/100\n|switch|p2b: Glimmora|Glimmora, L50, F|100\/100\n|-weather|Snow|[from] ability: Snow Warning|[of] p2a: Ninetales\n|turn|1\n|\n|t:|1699680112\n|-terastallize|p2a: Ninetales|Water\n|move|p1a: Kleavor|Stone Axe|p2a: Ninetales\n|-damage|p2a: Ninetales|39\/100\n|-sidestart|p2: Jackietreehorn321|move: Stealth Rock\n|move|p2a: Ninetales|Aurora Veil|p2a: Ninetales\n|-sidestart|p2: Jackietreehorn321|move: Aurora Veil\n|move|p1b: Vivillon|Sleep Powder|p2b: Glimmora\n|-status|p2b: Glimmora|slp|[from] move: Sleep Powder\n|cant|p2b: Glimmora|slp\n|\n|-weather|Snow|[upkeep]\n|upkeep\n|turn|2\n|inactive|Battle timer is ON: inactive players will automatically lose when time's up. (requested by Jackietreehorn321)\n|\n|t:|1699680169\n|switch|p1a: Volcarona|Volcarona, L50, F, shiny|100\/100\n|move|p2a: Ninetales|Blizzard|p1b: Vivillon|[spread] p1a,p1b\n|-resisted|p1a: Volcarona\n|-supereffective|p1b: Vivillon\n|-damage|p1a: Volcarona|90\/100\n|-damage|p1b: Vivillon|3\/100\n|move|p1b: Vivillon|Tailwind|p1b: Vivillon\n|-sidestart|p1: FourLi|move: Tailwind\n|cant|p2b: Glimmora|slp\n|\n|-weather|Snow|[upkeep]\n|upkeep\n|turn|3\n|inactive|FourLi has 30 seconds left.\n|\n|t:|1699680200\n|move|p1b: Vivillon|Hurricane|p2a: Ninetales\n|-damage|p2a: Ninetales|7\/100\n|-start|p2a: Ninetales|confusion\n|move|p1a: Volcarona|Quiver Dance|p1a: Volcarona\n|-boost|p1a: Volcarona|spa|1\n|-boost|p1a: Volcarona|spd|1\n|-boost|p1a: Volcarona|spe|1\n|-activate|p2a: Ninetales|confusion\n|move|p2a: Ninetales|Blizzard|p1b: Vivillon|[spread] p1a,p1b\n|-resisted|p1a: Volcarona\n|-supereffective|p1b: Vivillon\n|-damage|p1a: Volcarona|83\/100\n|-damage|p1b: Vivillon|0 fnt\n|faint|p1b: Vivillon\n|cant|p2b: Glimmora|slp\n|\n|-weather|Snow|[upkeep]\n|upkeep\n|\n|t:|1699680221\n|switch|p1b: Frosmoth|Frosmoth, L50, F, shiny|100\/100\n|turn|4\n|\n|t:|1699680243\n|-terastallize|p1a: Volcarona|Water\n|move|p1b: Frosmoth|Wide Guard|p1b: Frosmoth\n|-singleturn|p1b: Frosmoth|Wide Guard\n|move|p1a: Volcarona|Tera Blast|p2b: Glimmora|[anim] Tera Blast Water\n|-supereffective|p2b: Glimmora\n|-damage|p2b: Glimmora|14\/100 slp\n|-activate|p2a: Ninetales|confusion\n|-damage|p2a: Ninetales|0 fnt|[from] confusion\n|faint|p2a: Ninetales\n|-curestatus|p2b: Glimmora|slp|[msg]\n|move|p2b: Glimmora|Power Gem|p1b: Frosmoth\n|-supereffective|p1b: Frosmoth\n|-damage|p1b: Frosmoth|15\/100\n|\n|-weather|Snow|[upkeep]\n|upkeep\n|\n|t:|1699680266\n|switch|p2a: Moltres|Moltres-Galar, L50|100\/100\n|-damage|p2a: Moltres|76\/100|[from] Stealth Rock\n|turn|5\n|inactive|FourLi has 30 seconds left.\n|inactive|Jackietreehorn321 has 30 seconds left.\n|\n|t:|1699680294\n|move|p2b: Glimmora|Spiky Shield|p2b: Glimmora\n|-singleturn|p2b: Glimmora|move: Protect\n|move|p1a: Volcarona|Fiery Dance|p2a: Moltres\n|-damage|p2a: Moltres|45\/100\n|-boost|p1a: Volcarona|spa|1\n|-ability|p2a: Moltres|Berserk|boost\n|-boost|p2a: Moltres|spa|1\n|-enditem|p2a: Moltres|Sitrus Berry|[eat]\n|-heal|p2a: Moltres|70\/100|[from] item: Sitrus Berry\n|move|p1b: Frosmoth|Ice Beam|p2a: Moltres\n|-supereffective|p2a: Moltres\n|-damage|p2a: Moltres|33\/100\n|-ability|p2a: Moltres|Berserk|boost\n|-boost|p2a: Moltres|spa|1\n|move|p2a: Moltres|Nasty Plot|p2a: Moltres\n|-boost|p2a: Moltres|spa|2\n|\n|-weather|none\n|-sideend|p1: FourLi|move: Tailwind\n|upkeep\n|turn|6\n|inactive|FourLi has 30 seconds left.\n|inactive|FourLi has 20 seconds left.\n|\n|t:|1699680330\n|move|p1b: Frosmoth|Wide Guard|p1b: Frosmoth\n|-singleturn|p1b: Frosmoth|Wide Guard\n|move|p1a: Volcarona|Giga Drain|p2b: Glimmora\n|-damage|p2b: Glimmora|0 fnt\n|-heal|p1a: Volcarona|90\/100|[from] drain|[of] p2b: Glimmora\n|faint|p2b: Glimmora\n|move|p2a: Moltres|Fiery Wrath|p1b: Frosmoth|[spread] \n|-activate|p1a: Volcarona|move: Wide Guard\n|-activate|p1b: Frosmoth|move: Wide Guard\n|\n|upkeep\n|\n|t:|1699680340\n|switch|p2b: Annihilape|Annihilape, L50, M|100\/100\n|-damage|p2b: Annihilape|94\/100|[from] Stealth Rock\n|turn|7\n|\n|t:|1699680357\n|move|p1b: Frosmoth|Wide Guard|p1b: Frosmoth\n|-singleturn|p1b: Frosmoth|Wide Guard\n|move|p1a: Volcarona|Fiery Dance|p2a: Moltres\n|-damage|p2a: Moltres|0 fnt\n|-boost|p1a: Volcarona|spa|1\n|faint|p2a: Moltres\n|move|p2b: Annihilape|Drain Punch|p1b: Frosmoth\n|-damage|p1b: Frosmoth|0 fnt\n|-heal|p2b: Annihilape|100\/100|[from] drain|[of] p1b: Frosmoth\n|faint|p1b: Frosmoth\n|\n|upkeep\n|\n|t:|1699680370\n|switch|p1b: Kleavor|Kleavor, L50, M, shiny|100\/100\n|turn|8\n|\n|t:|1699680394\n|move|p1a: Volcarona|Fiery Dance|p2b: Annihilape\n|-damage|p2b: Annihilape|44\/100\n|move|p1b: Kleavor|Aerial Ace|p2b: Annihilape\n|-supereffective|p2b: Annihilape\n|-damage|p2b: Annihilape|0 fnt\n|faint|p2b: Annihilape\n|\n|win|FourLi\n|raw|FourLi's rating: 1313 &rarr; <strong>1334<\/strong><br \/>(+21 for winning)\n|raw|Jackietreehorn321's rating: 1322 &rarr; <strong>1301<\/strong><br \/>(-21 for losing)\n|l|\u2606Jackietreehorn321\n","uploadtime":1699680443,"views":17,"p1id":"fourli","p2id":"jackietreehorn321","formatid":"gen9vgc2023regulatione","rating":1301,"private":0,"password":""}