{"id":"gen9vgc2023regulatione-1998742754","p1":"jazz hansd","p2":"KingGio360","format":"[Gen 9] VGC 2023 Regulation E","log":"|j|\u2606jazz hansd\n|j|\u2606KingGio360\n|t:|1700981636\n|gametype|doubles\n|player|p1|jazz hansd|265|1069\n|player|p2|KingGio360|169|1047\n|teamsize|p1|6\n|teamsize|p2|6\n|gen|9\n|tier|[Gen 9] VGC 2023 Regulation E\n|rated|\n|rule|Species Clause: Limit one of each Pok\u00e9mon\n|rule|Item Clause: Limit one of each item\n|clearpoke\n|poke|p1|Dragonite, L50, M|\n|poke|p1|Grimmsnarl, L50, M|\n|poke|p1|Ting-Lu, L50|\n|poke|p1|Toxapex, L50, F|\n|poke|p1|Goodra-Hisui, L50, M|\n|poke|p1|Iron Bundle, L50|\n|poke|p2|Pelipper, L50, M|\n|poke|p2|Ludicolo, L50, F|\n|poke|p2|Sinistcha, L50|\n|poke|p2|Landorus-Therian, L50, M|\n|poke|p2|Goodra-Hisui, L50, M|\n|poke|p2|Braviary-Hisui, L50, M|\n|teampreview|4\n|\n|t:|1700981690\n|start\n|switch|p1a: Dragonite|Dragonite, L50, M|100\/100\n|switch|p1b: Grimmsnarl|Grimmsnarl, L50, M|100\/100\n|switch|p2a: Pelipper|Pelipper, L50, M|100\/100\n|switch|p2b: Ludicolo|Ludicolo, L50, F|100\/100\n|-weather|RainDance|[from] ability: Drizzle|[of] p2a: Pelipper\n|turn|1\n|\n|t:|1700981716\n|-terastallize|p1a: Dragonite|Normal\n|move|p2b: Ludicolo|Fake Out|p1b: Grimmsnarl\n|-crit|p1b: Grimmsnarl\n|-damage|p1b: Grimmsnarl|90\/100\n|move|p1b: Grimmsnarl|Fake Out|p2b: Ludicolo\n|-damage|p2b: Ludicolo|90\/100\n|move|p1a: Dragonite|Extreme Speed|p2b: Ludicolo\n|-damage|p2b: Ludicolo|42\/100\n|move|p2a: Pelipper|U-turn|p2b: Ludicolo\n|-supereffective|p2b: Ludicolo\n|-damage|p2b: Ludicolo|27\/100\n|-enditem|p2b: Ludicolo|Weakness Policy\n|-boost|p2b: Ludicolo|atk|2|[from] item: Weakness Policy\n|-boost|p2b: Ludicolo|spa|2|[from] item: Weakness Policy\n|\n|t:|1700981731\n|switch|p2a: Sinistcha|Sinistcha, L50|100\/100|[from] U-turn\n|-heal|p2b: Ludicolo|51\/100|[from] ability: Hospitality|[of] p2a: Sinistcha\n|\n|-weather|RainDance|[upkeep]\n|upkeep\n|turn|2\n|\n|t:|1700981760\n|move|p1a: Dragonite|Extreme Speed|p2b: Ludicolo\n|-damage|p2b: Ludicolo|3\/100\n|move|p2a: Sinistcha|Rage Powder|p2a: Sinistcha\n|-singleturn|p2a: Sinistcha|move: Rage Powder\n|move|p1b: Grimmsnarl|Light Screen|p1b: Grimmsnarl\n|-sidestart|p1: jazz hansd|move: Light Screen\n|move|p2b: Ludicolo|Weather Ball|p1a: Dragonite\n|-damage|p1a: Dragonite|48\/100\n|\n|-weather|RainDance|[upkeep]\n|upkeep\n|turn|3\n|\n|t:|1700981802\n|switch|p2b: Pelipper|Pelipper, L50, M|100\/100\n|switch|p2a: Braviary|Braviary-Hisui, L50, M|100\/100\n|switch|p1b: Goodra|Goodra-Hisui, L50, M|100\/100\n|move|p1a: Dragonite|Extreme Speed|p2b: Pelipper\n|-damage|p2b: Pelipper|43\/100\n|\n|-weather|RainDance|[upkeep]\n|upkeep\n|turn|4\n|\n|t:|1700981833\n|move|p1a: Dragonite|Extreme Speed|p2b: Pelipper\n|-damage|p2b: Pelipper|0 fnt\n|faint|p2b: Pelipper\n|move|p2a: Braviary|Hurricane|p1a: Dragonite\n|-damage|p1a: Dragonite|19\/100\n|move|p1b: Goodra|Acid Armor|p1b: Goodra\n|-boost|p1b: Goodra|def|2\n|\n|-weather|RainDance|[upkeep]\n|upkeep\n|\n|t:|1700981846\n|switch|p2b: Ludicolo|Ludicolo, L50, F|3\/100\n|turn|5\n|\n|t:|1700981860\n|switch|p2b: Sinistcha|Sinistcha, L50|100\/100\n|move|p1a: Dragonite|Extreme Speed|p2b: Sinistcha\n|-immune|p2b: Sinistcha\n|move|p2a: Braviary|Hurricane|p1a: Dragonite\n|-damage|p1a: Dragonite|0 fnt\n|faint|p1a: Dragonite\n|move|p1b: Goodra|Heavy Slam|p2a: Braviary\n|-damage|p2a: Braviary|64\/100\n|\n|-weather|RainDance|[upkeep]\n|upkeep\n|\n|t:|1700981874\n|switch|p1a: Iron Bundle|Iron Bundle, L50|100\/100\n|-enditem|p1a: Iron Bundle|Booster Energy\n|-activate|p1a: Iron Bundle|ability: Quark Drive|[fromitem]\n|-start|p1a: Iron Bundle|quarkdrivespe\n|turn|6\n|\n|t:|1700981903\n|move|p2a: Braviary|Protect|p2a: Braviary\n|-singleturn|p2a: Braviary|Protect\n|move|p1a: Iron Bundle|Encore||[still]\n|-fail|p1a: Iron Bundle\n|move|p2b: Sinistcha|Matcha Gotcha|p1b: Goodra|[spread] p1a\n|-ability|p1b: Goodra|Sap Sipper|boost\n|-boost|p1b: Goodra|atk|1\n|-supereffective|p1a: Iron Bundle\n|-damage|p1a: Iron Bundle|14\/100\n|move|p1b: Goodra|Heavy Slam|p2a: Braviary\n|-activate|p2a: Braviary|move: Protect\n|\n|-weather|RainDance|[upkeep]\n|-sideend|p1: jazz hansd|move: Light Screen\n|upkeep\n|turn|7\n|\n|t:|1700981933\n|move|p1a: Iron Bundle|U-turn|p2b: Sinistcha\n|-damage|p2b: Sinistcha|87\/100\n|-damage|p1a: Iron Bundle|0 fnt|[from] item: Rocky Helmet|[of] p2b: Sinistcha\n|faint|p1a: Iron Bundle\n|-end|p1a: Iron Bundle|Quark Drive|[silent]\n|move|p2b: Sinistcha|Matcha Gotcha|p1b: Goodra\n|-ability|p1b: Goodra|Sap Sipper|boost\n|-boost|p1b: Goodra|atk|1\n|move|p2a: Braviary|Roost|p2a: Braviary\n|-heal|p2a: Braviary|100\/100\n|-singleturn|p2a: Braviary|move: Roost\n|move|p1b: Goodra|Heavy Slam|p2b: Sinistcha\n|-damage|p2b: Sinistcha|0 fnt\n|-damage|p1b: Goodra|84\/100|[from] item: Rocky Helmet|[of] p2b: Sinistcha\n|faint|p2b: Sinistcha\n|\n|-weather|RainDance|[upkeep]\n|-heal|p1b: Goodra|90\/100|[from] item: Leftovers\n|upkeep\n|\n|t:|1700981954\n|switch|p1a: Grimmsnarl|Grimmsnarl, L50, M|90\/100\n|switch|p2b: Ludicolo|Ludicolo, L50, F|3\/100\n|turn|8\n|\n|t:|1700981969\n|move|p2b: Ludicolo|Fake Out|p1b: Goodra\n|-resisted|p1b: Goodra\n|-damage|p1b: Goodra|89\/100\n|move|p2a: Braviary|Hurricane|p1a: Grimmsnarl\n|-damage|p1a: Grimmsnarl|28\/100\n|cant|p1b: Goodra|flinch\n|move|p1a: Grimmsnarl|Spirit Break|p2a: Braviary\n|-damage|p2a: Braviary|70\/100\n|-unboost|p2a: Braviary|spa|1\n|\n|-weather|none\n|-heal|p1b: Goodra|95\/100|[from] item: Leftovers\n|upkeep\n|turn|9\n|\n|t:|1700981995\n|move|p2b: Ludicolo|Ice Beam|p1a: Grimmsnarl\n|-damage|p1a: Grimmsnarl|4\/100\n|move|p2a: Braviary|Hurricane|p1a: Grimmsnarl\n|-damage|p1a: Grimmsnarl|0 fnt\n|faint|p1a: Grimmsnarl\n|move|p1b: Goodra|Heavy Slam|p2a: Braviary\n|-damage|p2a: Braviary|0 fnt\n|faint|p2a: Braviary\n|\n|-heal|p1b: Goodra|100\/100|[from] item: Leftovers\n|upkeep\n|turn|10\n|\n|t:|1700982017\n|move|p2b: Ludicolo|Ice Beam|p1b: Goodra\n|-crit|p1b: Goodra\n|-damage|p1b: Goodra|81\/100\n|move|p1b: Goodra|Acid Armor|p1b: Goodra\n|-boost|p1b: Goodra|def|2\n|\n|-heal|p1b: Goodra|87\/100|[from] item: Leftovers\n|upkeep\n|turn|11\n|\n|t:|1700982027\n|move|p2b: Ludicolo|Ice Beam|p1b: Goodra\n|-damage|p1b: Goodra|72\/100\n|-status|p1b: Goodra|frz\n|cant|p1b: Goodra|frz\n|\n|-heal|p1b: Goodra|78\/100 frz|[from] item: Leftovers\n|upkeep\n|turn|12\n|\n|t:|1700982037\n|move|p2b: Ludicolo|Ice Beam|p1b: Goodra\n|-damage|p1b: Goodra|63\/100 frz\n|cant|p1b: Goodra|frz\n|\n|-heal|p1b: Goodra|69\/100 frz|[from] item: Leftovers\n|upkeep\n|turn|13\n|\n|t:|1700982046\n|move|p2b: Ludicolo|Ice Beam|p1b: Goodra\n|-crit|p1b: Goodra\n|-damage|p1b: Goodra|49\/100 frz\n|cant|p1b: Goodra|frz\n|\n|-heal|p1b: Goodra|55\/100 frz|[from] item: Leftovers\n|upkeep\n|turn|14\n|\n|t:|1700982054\n|move|p2b: Ludicolo|Ice Beam|p1b: Goodra\n|-damage|p1b: Goodra|40\/100 frz\n|cant|p1b: Goodra|frz\n|\n|-heal|p1b: Goodra|46\/100 frz|[from] item: Leftovers\n|upkeep\n|turn|15\n|\n|t:|1700982063\n|move|p2b: Ludicolo|Ice Beam|p1b: Goodra\n|-damage|p1b: Goodra|32\/100 frz\n|cant|p1b: Goodra|frz\n|\n|-heal|p1b: Goodra|38\/100 frz|[from] item: Leftovers\n|upkeep\n|turn|16\n|\n|t:|1700982072\n|cant|p1b: Goodra|frz\n|move|p2b: Ludicolo|Ice Beam|p1b: Goodra\n|-damage|p1b: Goodra|24\/100 frz\n|\n|-heal|p1b: Goodra|30\/100 frz|[from] item: Leftovers\n|upkeep\n|turn|17\n|\n|t:|1700982081\n|move|p2b: Ludicolo|Ice Beam|p1b: Goodra\n|-damage|p1b: Goodra|17\/100 frz\n|cant|p1b: Goodra|frz\n|\n|-heal|p1b: Goodra|23\/100 frz|[from] item: Leftovers\n|upkeep\n|turn|18\n|\n|t:|1700982089\n|move|p2b: Ludicolo|Ice Beam|p1b: Goodra\n|-damage|p1b: Goodra|8\/100 frz\n|cant|p1b: Goodra|frz\n|\n|-heal|p1b: Goodra|14\/100 frz|[from] item: Leftovers\n|upkeep\n|turn|19\n|c|\u2606jazz hansd|Bruhhh\n|\n|t:|1700982104\n|move|p2b: Ludicolo|Ice Beam|p1b: Goodra\n|-damage|p1b: Goodra|1\/100 frz\n|cant|p1b: Goodra|frz\n|\n|-heal|p1b: Goodra|7\/100 frz|[from] item: Leftovers\n|upkeep\n|turn|20\n|\n|t:|1700982112\n|-curestatus|p1b: Goodra|frz|[msg]\n|move|p1b: Goodra|Protect|p1b: Goodra\n|-singleturn|p1b: Goodra|Protect\n|move|p2b: Ludicolo|Ice Beam|p1b: Goodra\n|-activate|p1b: Goodra|move: Protect\n|\n|-heal|p1b: Goodra|13\/100|[from] item: Leftovers\n|upkeep\n|turn|21\n|\n|t:|1700982123\n|move|p2b: Ludicolo|Ice Beam|p1b: Goodra\n|-damage|p1b: Goodra|0 fnt\n|faint|p1b: Goodra\n|\n|win|KingGio360\n|raw|jazz hansd's rating: 1069 &rarr; <strong>1047<\/strong><br \/>(-22 for losing)\n|raw|KingGio360's rating: 1047 &rarr; <strong>1082<\/strong><br \/>(+35 for winning)\n|l|\u2606jazz hansd\n","uploadtime":1700982154,"views":41,"p1id":"jazzhansd","p2id":"kinggio360","formatid":"gen9vgc2023regulatione","rating":1047,"private":0,"password":""}