{"id":"gen9vgc2023regulatione-1998360005","p1":"TobiYume","p2":"Jesuuuus","format":"[Gen 9] VGC 2023 Regulation E","log":"|j|\u2606TobiYume\n|j|\u2606Jesuuuus\n|n|\u2606TobiYume|tobiyume\n|n|\u2606Jesuuuus|jesuuuus\n|html|View the match progress at <a href=\"\/game-bestof3-gen9vgc2023regulatione-1998355186\">game-bestof3-gen9vgc2023regulatione-1998355186<\/a>\n|t:|1700933617\n|gametype|doubles\n|player|p1|TobiYume|n|\n|player|p2|Jesuuuus|alec-anime|\n|teamsize|p1|6\n|teamsize|p2|6\n|gen|9\n|tier|[Gen 9] VGC 2023 Regulation E\n|rule|Species Clause: Limit one of each Pok\u00e9mon\n|rule|Item Clause: Limit one of each item\n|clearpoke\n|poke|p1|Kommo-o, L50, F|\n|poke|p1|Arcanine-Hisui, L50, M|\n|poke|p1|Rillaboom, L50, M|\n|poke|p1|Moltres-Galar, L50|\n|poke|p1|Ninetales-Alola, L50, F|\n|poke|p1|Sinistcha, L50|\n|poke|p2|Ogerpon, L50, F|\n|poke|p2|Arcanine-Hisui, L50, F|\n|poke|p2|Flutter Mane, L50|\n|poke|p2|Iron Hands, L50|\n|poke|p2|Iron Bundle, L50|\n|poke|p2|Farigiraf, L50, F|\n|teampreview|4\nTobiYume has agreed to open team sheets.\nJesuuuus has agreed to open team sheets.\n|showteam|p1|Kommo-o||Leftovers|Bulletproof|IronDefense,BodyPress,IronHead,Protect|||F|||50|,,,,,Steel]Arcanine-Hisui||SafetyGoggles|Intimidate|FlareBlitz,RockSlide,ExtremeSpeed,WillOWisp|||M|||50|,,,,,Water]Rillaboom||AssaultVest|GrassySurge|FakeOut,GrassyGlide,WoodHammer,Uturn|||M|||50|,,,,,Fire]Moltres-Galar||SitrusBerry|Berserk|FieryWrath,AirSlash,NastyPlot,Protect||||||50|,,,,,Poison]Ninetales-Alola||LightClay|SnowWarning|AuroraVeil,IcyWind,Moonblast,HelpingHand|||F|||50|,,,,,Water]Sinistcha||RockyHelmet|Hospitality|MatchaGotcha,LifeDew,TrickRoom,RagePowder||||||50|,,,,,Fairy\n|showteam|p2|Ogerpon||LifeOrb|Defiant|IvyCudgel,Encore,StompingTantrum,SpikyShield|||F|||50|,,,,,Grass]Arcanine-Hisui||SafetyGoggles|Intimidate|ExtremeSpeed,RockSlide,FlareBlitz,Protect|||F|||50|,,,,,Psychic]Flutter Mane||ChoiceSpecs|Protosynthesis|Moonblast,DazzlingGleam,ShadowBall,IcyWind||||||50|,,,,,Fairy]Iron Hands||AssaultVest|QuarkDrive|DrainPunch,WildCharge,HeavySlam,FakeOut||||||50|,,,,,Water]Iron Bundle||BoosterEnergy|QuarkDrive|IcyWind,HydroPump,FreezeDry,Protect||||||50|,,,,,Grass]Farigiraf||SitrusBerry|ArmorTail|Imprison,TrickRoom,HyperVoice,Psychic|||F|||50|,,,,,Fairy\n|\n|t:|1700933641\n|start\n|switch|p1a: Rillaboom|Rillaboom, L50, M|100\/100\n|switch|p1b: Ninetales|Ninetales-Alola, L50, F|100\/100\n|switch|p2a: Lala|Iron Hands, L50|100\/100\n|switch|p2b: Po|Arcanine-Hisui, L50, F|100\/100\n|-weather|Snow|[from] ability: Snow Warning|[of] p1b: Ninetales\n|-ability|p2b: Po|Intimidate|boost\n|-unboost|p1a: Rillaboom|atk|1\n|-unboost|p1b: Ninetales|atk|1\n|-fieldstart|move: Grassy Terrain|[from] ability: Grassy Surge|[of] p1a: Rillaboom\n|turn|1\n|\n|t:|1700933660\n|switch|p1a: Arcanine|Arcanine-Hisui, L50, M|100\/100\n|-ability|p1a: Arcanine|Intimidate|boost\n|-unboost|p2a: Lala|atk|1\n|-unboost|p2b: Po|atk|1\n|move|p2a: Lala|Fake Out|p1b: Ninetales\n|-damage|p1b: Ninetales|90\/100\n|cant|p1b: Ninetales|flinch\n|move|p2b: Po|Flare Blitz|p1a: Arcanine\n|-resisted|p1a: Arcanine\n|-damage|p1a: Arcanine|89\/100\n|-damage|p2b: Po|96\/100|[from] Recoil\n|\n|-weather|Snow|[upkeep]\n|-heal|p1b: Ninetales|96\/100|[from] Grassy Terrain\n|-heal|p1a: Arcanine|95\/100|[from] Grassy Terrain\n|-heal|p2b: Po|100\/100|[from] Grassy Terrain\n|upkeep\n|turn|2\n|\n|t:|1700933686\n|move|p2b: Po|Protect|p2b: Po\n|-singleturn|p2b: Po|Protect\n|move|p1b: Ninetales|Aurora Veil|p1b: Ninetales\n|-sidestart|p1: TobiYume|move: Aurora Veil\n|move|p1a: Arcanine|Rock Slide|p2b: Po|[spread] \n|-activate|p2b: Po|move: Protect\n|-miss|p1a: Arcanine|p2a: Lala\n|move|p2a: Lala|Heavy Slam|p1b: Ninetales\n|-supereffective|p1b: Ninetales\n|-damage|p1b: Ninetales|20\/100\n|\n|-weather|Snow|[upkeep]\n|-heal|p1b: Ninetales|26\/100|[from] Grassy Terrain\n|-heal|p1a: Arcanine|100\/100|[from] Grassy Terrain\n|upkeep\n|turn|3\n|\n|t:|1700933705\n|move|p1b: Ninetales|Moonblast|p2a: Lala\n|-supereffective|p2a: Lala\n|-damage|p2a: Lala|63\/100\n|-unboost|p2a: Lala|spa|1\n|move|p1a: Arcanine|Will-O-Wisp|p2a: Lala\n|-status|p2a: Lala|brn\n|move|p2b: Po|Rock Slide|p1a: Arcanine|[spread] p1a,p1b\n|-supereffective|p1a: Arcanine\n|-supereffective|p1b: Ninetales\n|-damage|p1a: Arcanine|75\/100\n|-damage|p1b: Ninetales|2\/100\n|move|p2a: Lala|Drain Punch|p1a: Arcanine\n|-supereffective|p1a: Arcanine\n|-damage|p1a: Arcanine|52\/100\n|-heal|p2a: Lala|73\/100 brn|[from] drain|[of] p1a: Arcanine\n|\n|-weather|Snow|[upkeep]\n|-heal|p1b: Ninetales|8\/100|[from] Grassy Terrain\n|-heal|p1a: Arcanine|58\/100|[from] Grassy Terrain\n|-heal|p2a: Lala|79\/100 brn|[from] Grassy Terrain\n|-damage|p2a: Lala|73\/100 brn|[from] brn\n|upkeep\n|turn|4\n|\n|t:|1700933729\n|move|p1b: Ninetales|Helping Hand|p1a: Arcanine\n|-singleturn|p1a: Arcanine|Helping Hand|[of] p1b: Ninetales\n|move|p1a: Arcanine|Rock Slide|p2b: Po|[spread] \n|-miss|p1a: Arcanine|p2a: Lala\n|-miss|p1a: Arcanine|p2b: Po\n|move|p2b: Po|Rock Slide|p1b: Ninetales|[spread] p1a,p1b\n|-supereffective|p1a: Arcanine\n|-supereffective|p1b: Ninetales\n|-damage|p1a: Arcanine|29\/100\n|-damage|p1b: Ninetales|0 fnt\n|faint|p1b: Ninetales\n|move|p2a: Lala|Drain Punch|p1a: Arcanine\n|-supereffective|p1a: Arcanine\n|-damage|p1a: Arcanine|7\/100\n|-heal|p2a: Lala|82\/100 brn|[from] drain|[of] p1a: Arcanine\n|\n|-weather|Snow|[upkeep]\n|-heal|p1a: Arcanine|13\/100|[from] Grassy Terrain\n|-heal|p2a: Lala|88\/100 brn|[from] Grassy Terrain\n|-damage|p2a: Lala|82\/100 brn|[from] brn\n|upkeep\n|\n|t:|1700933739\n|switch|p1b: Sinistcha|Sinistcha, L50|100\/100\n|-heal|p1a: Arcanine|38\/100|[from] ability: Hospitality|[of] p1b: Sinistcha\n|turn|5\n|\n|t:|1700933763\n|switch|p2b: Dipsy|Ogerpon, L50, F|100\/100\n|move|p1a: Arcanine|Rock Slide|p2a: Lala|[spread] p2a,p2b\n|-resisted|p2a: Lala\n|-damage|p2a: Lala|74\/100 brn\n|-damage|p2b: Dipsy|72\/100\n|move|p1b: Sinistcha|Matcha Gotcha|p2a: Lala|[spread] p2a,p2b\n|-resisted|p2b: Dipsy\n|-damage|p2a: Lala|57\/100 brn\n|-damage|p2b: Dipsy|52\/100\n|cant|p2a: Lala|flinch\n|\n|-weather|none\n|-heal|p2b: Dipsy|58\/100|[from] Grassy Terrain\n|-heal|p1a: Arcanine|44\/100|[from] Grassy Terrain\n|-heal|p2a: Lala|63\/100 brn|[from] Grassy Terrain\n|-damage|p2a: Lala|57\/100 brn|[from] brn\n|-fieldend|move: Grassy Terrain\n|upkeep\n|turn|6\n|\n|t:|1700933787\n|-end|p2a: Lala|Quark Drive|[silent]\n|switch|p2a: Tinky Winky|Flutter Mane, L50|100\/100\n|move|p2b: Dipsy|Ivy Cudgel|p1a: Arcanine\n|-damage|p1a: Arcanine|0 fnt\n|faint|p1a: Arcanine\n|-damage|p2b: Dipsy|49\/100|[from] item: Life Orb\n|move|p1b: Sinistcha|Life Dew||[still]\n|-fail|p1b: Sinistcha|heal\n|\n|upkeep\n|\n|t:|1700933792\n|switch|p1a: Rillaboom|Rillaboom, L50, M|100\/100\n|-fieldstart|move: Grassy Terrain|[from] ability: Grassy Surge|[of] p1a: Rillaboom\n|turn|7\n|\n|t:|1700933805\n|-end|p2a: Tinky Winky|Protosynthesis|[silent]\n|switch|p2a: Po|Arcanine-Hisui, L50, F|100\/100\n|-ability|p2a: Po|Intimidate|boost\n|-unboost|p1a: Rillaboom|atk|1\n|-unboost|p1b: Sinistcha|atk|1\n|move|p1a: Rillaboom|Grassy Glide|p2a: Po\n|-damage|p2a: Po|72\/100\n|move|p2b: Dipsy|Encore|p1a: Rillaboom\n|-start|p1a: Rillaboom|Encore\n|move|p1b: Sinistcha|Matcha Gotcha|p2b: Dipsy|[spread] p2a,p2b\n|-resisted|p2b: Dipsy\n|-damage|p2a: Po|34\/100\n|-damage|p2b: Dipsy|29\/100\n|\n|-heal|p2b: Dipsy|35\/100|[from] Grassy Terrain\n|-heal|p2a: Po|40\/100|[from] Grassy Terrain\n|upkeep\n|turn|8\n|\n|t:|1700933822\n|switch|p2a: Lala|Iron Hands, L50|57\/100 brn\n|move|p2b: Dipsy|Spiky Shield|p2b: Dipsy\n|-singleturn|p2b: Dipsy|move: Protect\n|move|p1a: Rillaboom|Grassy Glide|p2b: Dipsy\n|-activate|p2b: Dipsy|move: Protect\n|-damage|p1a: Rillaboom|88\/100|[from] Spiky Shield|[of] p2b: Dipsy\n|move|p1b: Sinistcha|Matcha Gotcha|p2a: Lala|[spread] p2a\n|-activate|p2b: Dipsy|move: Protect\n|-damage|p2a: Lala|39\/100 brn\n|\n|-heal|p2b: Dipsy|41\/100|[from] Grassy Terrain\n|-heal|p1a: Rillaboom|94\/100|[from] Grassy Terrain\n|-heal|p2a: Lala|45\/100 brn|[from] Grassy Terrain\n|-damage|p2a: Lala|39\/100 brn|[from] brn\n|upkeep\n|turn|9\n|\n|t:|1700933837\n|-end|p2a: Lala|Quark Drive|[silent]\n|switch|p2a: Po|Arcanine-Hisui, L50, F|40\/100\n|-ability|p2a: Po|Intimidate|boost\n|-unboost|p1a: Rillaboom|atk|1\n|-unboost|p1b: Sinistcha|atk|1\n|move|p1a: Rillaboom|Grassy Glide|p2b: Dipsy\n|-resisted|p2b: Dipsy\n|-damage|p2b: Dipsy|30\/100\n|move|p2b: Dipsy|Ivy Cudgel|p1a: Rillaboom\n|-resisted|p1a: Rillaboom\n|-damage|p1a: Rillaboom|68\/100\n|-damage|p2b: Dipsy|20\/100|[from] item: Life Orb\n|move|p1b: Sinistcha|Matcha Gotcha|p2b: Dipsy|[spread] p2b\n|-miss|p1b: Sinistcha|p2a: Po\n|-resisted|p2b: Dipsy\n|-damage|p2b: Dipsy|0 fnt\n|faint|p2b: Dipsy\n|\n|-heal|p2a: Po|46\/100|[from] Grassy Terrain\n|-heal|p1a: Rillaboom|74\/100|[from] Grassy Terrain\n|-sideend|p1: TobiYume|move: Aurora Veil\n|upkeep\n|\n|t:|1700933848\n|switch|p2b: Tinky Winky|Flutter Mane, L50|100\/100\n|turn|10\n|\n|t:|1700933860\n|-terastallize|p1b: Sinistcha|Fairy\n|move|p1a: Rillaboom|Grassy Glide|p2b: Tinky Winky\n|-damage|p2b: Tinky Winky|69\/100\n|move|p2b: Tinky Winky|Shadow Ball|p1b: Sinistcha\n|-damage|p1b: Sinistcha|45\/100\n|move|p2a: Po|Flare Blitz|p1a: Rillaboom\n|-supereffective|p1a: Rillaboom\n|-crit|p1a: Rillaboom\n|-damage|p1a: Rillaboom|0 fnt\n|faint|p1a: Rillaboom\n|-damage|p2a: Po|19\/100|[from] Recoil\n|move|p1b: Sinistcha|Matcha Gotcha|p2a: Po|[spread] p2a,p2b\n|-damage|p2a: Po|0 fnt\n|-heal|p1b: Sinistcha|55\/100|[from] drain|[of] p2a: Po\n|-damage|p2b: Tinky Winky|37\/100\n|-heal|p1b: Sinistcha|68\/100|[from] drain|[of] p2b: Tinky Winky\n|faint|p2a: Po\n|\n|-heal|p2b: Tinky Winky|43\/100|[from] Grassy Terrain\n|-heal|p1b: Sinistcha|74\/100|[from] Grassy Terrain\n|upkeep\n|\n|t:|1700933869\n|switch|p2a: Lala|Iron Hands, L50|39\/100 brn\n|turn|11\n|\n|t:|1700933879\n|move|p2a: Lala|Fake Out|p1b: Sinistcha\n|-damage|p1b: Sinistcha|67\/100\n|-damage|p2a: Lala|22\/100 brn|[from] item: Rocky Helmet|[of] p1b: Sinistcha\n|move|p2b: Tinky Winky|Shadow Ball|p1b: Sinistcha\n|-damage|p1b: Sinistcha|9\/100\n|cant|p1b: Sinistcha|flinch\n|\n|-heal|p2b: Tinky Winky|49\/100|[from] Grassy Terrain\n|-heal|p1b: Sinistcha|15\/100|[from] Grassy Terrain\n|-heal|p2a: Lala|28\/100 brn|[from] Grassy Terrain\n|-damage|p2a: Lala|22\/100 brn|[from] brn\n|-fieldend|move: Grassy Terrain\n|upkeep\n|turn|12\n|\n|t:|1700933886\n|move|p2b: Tinky Winky|Shadow Ball|p1b: Sinistcha\n|-damage|p1b: Sinistcha|0 fnt\n|faint|p1b: Sinistcha\n|\n|win|Jesuuuus\n|c|\u2606Jesuuuus|gg wp\n|c|\u2606TobiYume|gg\n|j| Muddyswamppert\n|l| Muddyswamppert\n|c|\u2606TobiYume|nice naming theme btw\n","uploadtime":1700933910,"views":0,"p1id":"tobiyume","p2id":"jesuuuus","formatid":"gen9vgc2023regulatione","rating":0,"private":0,"password":""}