{"id":"gen9vgc2023regulatione-1992282465","p1":"REDIVGC","p2":"thefriending","format":"[Gen 9] VGC 2023 Regulation E","log":"|j|\u2606REDIVGC\n|j|\u2606thefriending\n|n|\u2606REDIVGC|redivgc\n|n|\u2606thefriending|thefriending\n|html|View the match progress at <a href=\"\/game-bestof3-gen9vgc2023regulatione-1992282464\">game-bestof3-gen9vgc2023regulatione-1992282464<\/a>\n|t:|1700170659\n|gametype|doubles\n|player|p1|REDIVGC|170|\n|player|p2|thefriending|265|\n|teamsize|p1|6\n|teamsize|p2|6\n|gen|9\n|tier|[Gen 9] VGC 2023 Regulation E\n|rule|Species Clause: Limit one of each Pok\u00e9mon\n|rule|Item Clause: Limit one of each item\n|clearpoke\n|poke|p1|Chi-Yu, L50|\n|poke|p1|Landorus-Therian, L50, M|\n|poke|p1|Amoonguss, L50, F|\n|poke|p1|Illumise, L50, F|\n|poke|p1|Empoleon, L50, M|\n|poke|p1|Indeedee, L50, M|\n|poke|p2|Iron Bundle, L50|\n|poke|p2|Iron Hands, L50|\n|poke|p2|Kommo-o, L50, M|\n|poke|p2|Clefairy, L50, F|\n|poke|p2|Ceruledge, L50, M|\n|poke|p2|Sableye, L50, F|\n|teampreview|4\nthefriending rejected open team sheets.\n|c|\u2606thefriending|Can you get the link please?\n|c|\u2606REDIVGC|yh grabbing now\n|c|\u2606thefriending|Thanks\n|c|\u2606REDIVGC|glhf\n|c|\u2606thefriending|Glhf!\n|\n|t:|1700170767\n|start\n|switch|p1a: Indeedee|Indeedee, L50, M|100\/100\n|switch|p1b: Empoleon|Empoleon, L50, M|100\/100\n|switch|p2a: Kommo-o|Kommo-o, L50, M|100\/100\n|switch|p2b: Iron Bundle|Iron Bundle, L50|100\/100\n|-fieldstart|move: Psychic Terrain|[from] ability: Psychic Surge|[of] p1a: Indeedee\n|-enditem|p1a: Indeedee|Psychic Seed\n|-boost|p1a: Indeedee|spd|1|[from] item: Psychic Seed\n|-enditem|p2b: Iron Bundle|Booster Energy\n|-activate|p2b: Iron Bundle|ability: Quark Drive|[fromitem]\n|-start|p2b: Iron Bundle|quarkdrivespe\n|turn|1\n|\n|t:|1700170839\n|move|p2a: Kommo-o|Protect|p2a: Kommo-o\n|-singleturn|p2a: Kommo-o|Protect\n|move|p1b: Empoleon|Protect|p1b: Empoleon\n|-singleturn|p1b: Empoleon|Protect\n|move|p2b: Iron Bundle|Freeze-Dry|p1a: Indeedee\n|-damage|p1a: Indeedee|69\/100\n|move|p1a: Indeedee|Psychic|p2a: Kommo-o\n|-activate|p2a: Kommo-o|move: Protect\n|\n|upkeep\n|turn|2\n|\n|t:|1700170874\n|move|p2b: Iron Bundle|Freeze-Dry|p1a: Indeedee\n|-damage|p1a: Indeedee|33\/100\n|move|p1a: Indeedee|Psychic|p2a: Kommo-o\n|-supereffective|p2a: Kommo-o\n|-damage|p2a: Kommo-o|0 fnt\n|faint|p2a: Kommo-o\n|move|p1b: Empoleon|Flash Cannon|p2b: Iron Bundle\n|-damage|p2b: Iron Bundle|0 fnt\n|faint|p2b: Iron Bundle\n|-end|p2b: Iron Bundle|Quark Drive|[silent]\n|-damage|p1b: Empoleon|91\/100|[from] item: Life Orb\n|\n|upkeep\n|\n|t:|1700170886\n|switch|p2b: Iron Hands|Iron Hands, L50|100\/100\n|switch|p2a: Clefairy|Clefairy, L50, F|100\/100\n|turn|3\n|c|\u2606REDIVGC|damn my penguin stronk\n|\n|t:|1700170931\n|-terastallize|p1b: Empoleon|Steel\n|move|p2a: Clefairy|Follow Me|p2a: Clefairy\n|-singleturn|p2a: Clefairy|move: Follow Me\n|move|p1a: Indeedee|Psychic|p2a: Clefairy\n|-damage|p2a: Clefairy|62\/100\n|move|p1b: Empoleon|Flash Cannon|p2a: Clefairy\n|-supereffective|p2a: Clefairy\n|-damage|p2a: Clefairy|0 fnt\n|faint|p2a: Clefairy\n|-damage|p1b: Empoleon|81\/100|[from] item: Life Orb\n|move|p2b: Iron Hands|Drain Punch|p1a: Indeedee\n|-crit|p1a: Indeedee\n|-damage|p1a: Indeedee|0 fnt\n|faint|p1a: Indeedee\n|\n|upkeep\n|\n|t:|1700170945\n|switch|p1a: Amoonguss|Amoonguss, L50, F|100\/100\n|turn|4\n|\n|t:|1700170956\n|-terastallize|p2b: Iron Hands|Grass\n|move|p1a: Amoonguss|Rage Powder|p1a: Amoonguss\n|-singleturn|p1a: Amoonguss|move: Rage Powder\n|move|p1b: Empoleon|Hydro Pump|p2b: Iron Hands\n|-resisted|p2b: Iron Hands\n|-damage|p2b: Iron Hands|80\/100\n|-damage|p1b: Empoleon|71\/100|[from] item: Life Orb\n|move|p2b: Iron Hands|Drain Punch|p1b: Empoleon\n|-supereffective|p1b: Empoleon\n|-damage|p1b: Empoleon|0 fnt\n|-heal|p2b: Iron Hands|100\/100|[from] drain|[of] p1b: Empoleon\n|faint|p1b: Empoleon\n|\n|upkeep\n|\n|t:|1700170964\n|switch|p1b: Chi-Yu|Chi-Yu, L50|100\/100\n|-ability|p1b: Chi-Yu|Beads of Ruin\n|turn|5\n|\n|t:|1700170975\n|move|p1b: Chi-Yu|Overheat|p2b: Iron Hands\n|-supereffective|p2b: Iron Hands\n|-damage|p2b: Iron Hands|0 fnt\n|-unboost|p1b: Chi-Yu|spa|2\n|faint|p2b: Iron Hands\n|-end|p2b: Iron Hands|Quark Drive|[silent]\n|\n|win|REDIVGC\n|c|\u2606REDIVGC|ggs\n|c|&|\/uhtml prompt-redivgc,REDIVGC is ready for game 2!\n|inactive|thefriending has 50 seconds to confirm battle start!\n|c|\u2606thefriending|Gg\n|c|&|\/uhtml prompt-thefriending,thefriending is ready for game 2!\nBoth players are ready! Starting next match!\n","uploadtime":1700171828,"views":17,"p1id":"redivgc","p2id":"thefriending","formatid":"gen9vgc2023regulatione","rating":0,"private":0,"password":""}