{"id":"gen9vgc2023regulatione-1989126160","p1":"bigg.mac210","p2":"WilfredVGC","format":"[Gen 9] VGC 2023 Regulation E","log":"|j|\u2606bigg.mac210\n|j|\u2606WilfredVGC\n|t:|1699815030\n|gametype|doubles\n|player|p1|bigg.mac210|170|\n|player|p2|WilfredVGC|sabrina-masters|\n|teamsize|p1|6\n|teamsize|p2|6\n|gen|9\n|tier|[Gen 9] VGC 2023 Regulation E\n|rule|Species Clause: Limit one of each Pok\u00e9mon\n|rule|Item Clause: Limit one of each item\n|clearpoke\n|poke|p1|Jumpluff, L50, M|\n|poke|p1|Charizard, L50, F|\n|poke|p1|Ninetales, L50, M|\n|poke|p1|Orthworm, L50, M|\n|poke|p1|Mudsdale, L50, M|\n|poke|p1|Ambipom, L50, M|\n|poke|p2|Abomasnow, L50, F|\n|poke|p2|Gastrodon, L50, M|\n|poke|p2|Mimikyu, L50, F|\n|poke|p2|Urshifu-*, L50, F|\n|poke|p2|Brute Bonnet, L50|\n|poke|p2|Ting-Lu, L50|\n|teampreview|4\n|\n|t:|1699815068\n|start\n|switch|p1a: Jumpluff|Jumpluff, L50, M|100\/100\n|switch|p1b: Ambipom|Ambipom, L50, M|100\/100\n|switch|p2a: Wilfredasnow|Abomasnow, L50, F|100\/100\n|switch|p2b: Wilfredfu|Urshifu, L50, F|100\/100\n|-weather|Snow|[from] ability: Snow Warning|[of] p2a: Wilfredasnow\n|turn|1\n|\n|t:|1699815091\n|-terastallize|p2b: Wilfredfu|Dark\n|move|p1b: Ambipom|Fake Out|p2a: Wilfredasnow\n|-damage|p2a: Wilfredasnow|77\/100\n|move|p1a: Jumpluff|Tailwind|p1a: Jumpluff\n|-sidestart|p1: bigg.mac210|move: Tailwind\n|move|p2b: Wilfredfu|Wicked Blow|p1a: Jumpluff\n|-crit|p1a: Jumpluff\n|-damage|p1a: Jumpluff|0 fnt\n|faint|p1a: Jumpluff\n|cant|p2a: Wilfredasnow|flinch\n|\n|-weather|Snow|[upkeep]\n|upkeep\n|\n|t:|1699815103\n|switch|p1a: Charizard|Charizard, L50, F|100\/100\n|turn|2\n|\n|t:|1699815111\n|switch|p1b: Ninetales|Ninetales, L50, M|100\/100\n|-weather|SunnyDay|[from] ability: Drought|[of] p1b: Ninetales\n|switch|p2a: Ting-Lu|Ting-Lu, L50|100\/100\n|-ability|p2a: Ting-Lu|Vessel of Ruin\n|-terastallize|p1a: Charizard|Fire\n|move|p1a: Charizard|Heat Wave|p2a: Ting-Lu|[spread] p2a,p2b\n|-damage|p2a: Ting-Lu|69\/100\n|-damage|p2b: Wilfredfu|16\/100\n|-status|p2a: Ting-Lu|brn\n|move|p2b: Wilfredfu|Wicked Blow|p1a: Charizard\n|-crit|p1a: Charizard\n|-damage|p1a: Charizard|0 fnt\n|faint|p1a: Charizard\n|\n|-weather|SunnyDay|[upkeep]\n|-damage|p2a: Ting-Lu|63\/100 brn|[from] brn\n|upkeep\n|\n|t:|1699815128\n|switch|p1a: Ambipom|Ambipom, L50, M|100\/100\n|turn|3\n|\n|t:|1699815166\n|switch|p2b: Wilfredgastro|Gastrodon, L50, M|100\/100\n|move|p1a: Ambipom|Fake Out|p2b: Wilfredgastro\n|-damage|p2b: Wilfredgastro|74\/100\n|move|p1b: Ninetales|Overheat|p2b: Wilfredgastro\n|-resisted|p2b: Wilfredgastro\n|-damage|p2b: Wilfredgastro|48\/100\n|-unboost|p1b: Ninetales|spa|2\n|move|p2a: Ting-Lu|Fissure|p1b: Ninetales|[miss]\n|-miss|p2a: Ting-Lu|p1b: Ninetales\n|\n|-weather|SunnyDay|[upkeep]\n|-heal|p2b: Wilfredgastro|54\/100|[from] item: Leftovers\n|-damage|p2a: Ting-Lu|57\/100 brn|[from] brn\n|upkeep\n|turn|4\n|\n|t:|1699815182\n|switch|p2a: Wilfredasnow|Abomasnow, L50, F|77\/100\n|-weather|Snow|[from] ability: Snow Warning|[of] p2a: Wilfredasnow\n|move|p1b: Ninetales|Helping Hand|p1a: Ambipom\n|-singleturn|p1a: Ambipom|Helping Hand|[of] p1b: Ninetales\n|move|p1a: Ambipom|Double Hit|p2b: Wilfredgastro\n|-damage|p2b: Wilfredgastro|21\/100\n|-damage|p2b: Wilfredgastro|0 fnt\n|faint|p2b: Wilfredgastro\n|-hitcount|p2: Wilfredgastro|2\n|\n|-weather|Snow|[upkeep]\n|-sideend|p1: bigg.mac210|move: Tailwind\n|upkeep\n|\n|t:|1699815189\n|switch|p2b: Ting-Lu|Ting-Lu, L50|57\/100 brn\n|-ability|p2b: Ting-Lu|Vessel of Ruin\n|turn|5\n|\n|t:|1699815210\n|move|p1b: Ninetales|Helping Hand|p1a: Ambipom\n|-singleturn|p1a: Ambipom|Helping Hand|[of] p1b: Ninetales\n|move|p1a: Ambipom|Double Hit|p2b: Ting-Lu\n|-damage|p2b: Ting-Lu|35\/100 brn\n|-damage|p2b: Ting-Lu|13\/100 brn\n|-hitcount|p2b: Ting-Lu|2\n|move|p2a: Wilfredasnow|Aurora Veil|p2a: Wilfredasnow\n|-sidestart|p2: WilfredVGC|move: Aurora Veil\n|move|p2b: Ting-Lu|Fissure|p1b: Ninetales|[miss]\n|-miss|p2b: Ting-Lu|p1b: Ninetales\n|\n|-weather|Snow|[upkeep]\n|-damage|p2b: Ting-Lu|7\/100 brn|[from] brn\n|upkeep\n|turn|6\n|\n|t:|1699815235\n|move|p1a: Ambipom|Double Hit|p2b: Ting-Lu\n|-damage|p2b: Ting-Lu|0 fnt\n|faint|p2b: Ting-Lu\n|-hitcount|p2: Ting-Lu|1\n|move|p1b: Ninetales|Overheat|p2a: Wilfredasnow\n|-supereffective|p2a: Wilfredasnow\n|-damage|p2a: Wilfredasnow|3\/100\n|-unboost|p1b: Ninetales|spa|2\n|move|p2a: Wilfredasnow|Blizzard|p1a: Ambipom|[spread] p1a,p1b\n|-resisted|p1b: Ninetales\n|-damage|p1a: Ambipom|42\/100\n|-damage|p1b: Ninetales|78\/100\n|\n|-weather|Snow|[upkeep]\n|upkeep\n|\n|t:|1699815241\n|switch|p2b: Wilfredfu|Urshifu, L50, F, tera:Dark|16\/100\n|turn|7\n|\n|t:|1699815250\n|move|p2b: Wilfredfu|Sucker Punch|p1a: Ambipom\n|-damage|p1a: Ambipom|0 fnt\n|faint|p1a: Ambipom\n|move|p1b: Ninetales|Overheat|p2a: Wilfredasnow\n|-supereffective|p2a: Wilfredasnow\n|-damage|p2a: Wilfredasnow|0 fnt\n|-unboost|p1b: Ninetales|spa|2\n|faint|p2a: Wilfredasnow\n|\n|-weather|Snow|[upkeep]\n|upkeep\n|turn|8\n|\n|t:|1699815263\n|move|p2b: Wilfredfu|Sucker Punch|p1b: Ninetales\n|-damage|p1b: Ninetales|0 fnt\n|faint|p1b: Ninetales\n|\n|win|WilfredVGC\n","uploadtime":1699815268,"views":24,"p1id":"biggmac210","p2id":"wilfredvgc","formatid":"gen9vgc2023regulatione","rating":0,"private":0,"password":""}