{"id":"gen9vgc2023regulatione-1995246614","p1":"Jazz hansd","p2":"Politoed tream","format":"[Gen 9] VGC 2023 Regulation E","log":"|j|\u2606Jazz hansd\n|j|\u2606Politoed tream\n|t:|1700539641\n|gametype|doubles\n|player|p1|Jazz hansd|hiker-gen4|1011\n|player|p2|Politoed tream|169|1000\n|teamsize|p1|6\n|teamsize|p2|6\n|gen|9\n|tier|[Gen 9] VGC 2023 Regulation E\n|rated|\n|rule|Species Clause: Limit one of each Pok\u00e9mon\n|rule|Item Clause: Limit one of each item\n|clearpoke\n|poke|p1|Gholdengo, L50|\n|poke|p1|Amoonguss, L50, F|\n|poke|p1|Snorlax, L50, M|\n|poke|p1|Indeedee, L50, M|\n|poke|p1|Sinistcha, L50|\n|poke|p1|Arcanine-Hisui, L50, F|\n|poke|p2|Politoed, L50, F|\n|poke|p2|Milotic, L50, F|\n|poke|p2|Landorus-Therian, L50, M|\n|poke|p2|Meowscarada, L50, F|\n|poke|p2|Charizard, L50, M|\n|poke|p2|Iron Hands, L50|\n|teampreview|4\nPolitoed tream has agreed to open team sheets.\n|\n|t:|1700539691\n|start\n|switch|p1a: Amoonguss|Amoonguss, L50, F|100\/100\n|switch|p1b: Snorlax|Snorlax, L50, M|100\/100\n|switch|p2a: Politoed|Politoed, L50, F|100\/100\n|switch|p2b: Milotic|Milotic, L50, F|100\/100\n|-weather|RainDance|[from] ability: Drizzle|[of] p2a: Politoed\n|turn|1\n|\n|t:|1700539732\n|-terastallize|p1b: Snorlax|Fairy\n|move|p2b: Milotic|Coil|p2b: Milotic\n|-boost|p2b: Milotic|atk|1\n|-boost|p2b: Milotic|def|1\n|-boost|p2b: Milotic|accuracy|1\n|move|p2a: Politoed|Earth Power|p1a: Amoonguss\n|-damage|p1a: Amoonguss|81\/100\n|move|p1a: Amoonguss|Spore|p2b: Milotic\n|-status|p2b: Milotic|slp|[from] move: Spore\n|move|p1b: Snorlax|Belly Drum|p1b: Snorlax\n|-damage|p1b: Snorlax|50\/100\n|-setboost|p1b: Snorlax|atk|6|[from] move: Belly Drum\n|-enditem|p1b: Snorlax|Sitrus Berry|[eat]\n|-heal|p1b: Snorlax|75\/100|[from] item: Sitrus Berry\n|\n|-weather|RainDance|[upkeep]\n|upkeep\n|turn|2\n|\n|t:|1700539807\n|switch|p1a: Sinistcha|Sinistcha, L50|100\/100\n|-heal|p1b: Snorlax|99\/100|[from] ability: Hospitality|[of] p1a: Sinistcha\n|cant|p2b: Milotic|slp\n|move|p2a: Politoed|Ice Beam|p1b: Snorlax\n|-damage|p1b: Snorlax|85\/100\n|move|p1b: Snorlax|Facade|p2a: Politoed\n|-damage|p2a: Politoed|0 fnt\n|faint|p2a: Politoed\n|\n|-weather|RainDance|[upkeep]\n|upkeep\n|\n|t:|1700539827\n|switch|p2a: Charizard|Charizard, L50, M|100\/100\n|turn|3\n|\n|t:|1700539841\n|move|p1b: Snorlax|Protect|p1b: Snorlax\n|-singleturn|p1b: Snorlax|Protect\n|move|p2a: Charizard|Hurricane|p1a: Sinistcha\n|-supereffective|p1a: Sinistcha\n|-enditem|p1a: Sinistcha|Focus Sash\n|-damage|p1a: Sinistcha|1\/100\n|cant|p2b: Milotic|slp\n|move|p1a: Sinistcha|Trick Room|p1a: Sinistcha\n|-fieldstart|move: Trick Room|[of] p1a: Sinistcha\n|\n|-weather|RainDance|[upkeep]\n|upkeep\n|turn|4\n|\n|t:|1700539861\n|move|p1b: Snorlax|Surf|p2b: Milotic|[spread] p1a,p2a,p2b\n|-resisted|p1a: Sinistcha\n|-supereffective|p2a: Charizard\n|-resisted|p2b: Milotic\n|-damage|p1a: Sinistcha|0 fnt\n|-damage|p2a: Charizard|65\/100\n|-damage|p2b: Milotic|95\/100 slp\n|faint|p1a: Sinistcha\n|cant|p2b: Milotic|slp\n|move|p2a: Charizard|Heat Wave|p1b: Snorlax\n|-damage|p1b: Snorlax|74\/100\n|\n|-weather|RainDance|[upkeep]\n|upkeep\n|\n|t:|1700539871\n|switch|p1a: Amoonguss|Amoonguss, L50, F|100\/100\n|turn|5\n|\n|t:|1700539889\n|move|p1b: Snorlax|Facade|p2b: Milotic\n|-damage|p2b: Milotic|3\/100 slp\n|-start|p1b: Snorlax|Attract|[from] ability: Cute Charm|[of] p2b: Milotic\n|move|p1a: Amoonguss|Pollen Puff|p1b: Snorlax\n|-heal|p1b: Snorlax|100\/100\n|-curestatus|p2b: Milotic|slp|[msg]\n|move|p2b: Milotic|Coil|p2b: Milotic\n|-boost|p2b: Milotic|atk|1\n|-boost|p2b: Milotic|def|1\n|-boost|p2b: Milotic|accuracy|1\n|move|p2a: Charizard|Hurricane|p1a: Amoonguss\n|-supereffective|p1a: Amoonguss\n|-damage|p1a: Amoonguss|26\/100\n|\n|-weather|RainDance|[upkeep]\n|upkeep\n|turn|6\n|\n|t:|1700539933\n|-activate|p1b: Snorlax|move: Attract|[of] p2b: Milotic\n|move|p1b: Snorlax|Facade|p2b: Milotic\n|-damage|p2b: Milotic|0 fnt\n|faint|p2b: Milotic\n|-end|p1b: Snorlax|Attract|[silent]\n|move|p1a: Amoonguss|Spore|p2a: Charizard\n|-status|p2a: Charizard|slp|[from] move: Spore\n|cant|p2a: Charizard|slp\n|\n|-weather|RainDance|[upkeep]\n|upkeep\n|\n|t:|1700539949\n|switch|p2b: Iron Hands|Iron Hands, L50|100\/100\n|turn|7\n|\n|t:|1700539998\n|move|p2b: Iron Hands|Fake Out|p1a: Amoonguss\n|-damage|p1a: Amoonguss|11\/100\n|-damage|p2b: Iron Hands|84\/100|[from] item: Rocky Helmet|[of] p1a: Amoonguss\n|move|p1b: Snorlax|Facade|p2a: Charizard\n|-damage|p2a: Charizard|0 fnt\n|faint|p2a: Charizard\n|cant|p1a: Amoonguss|flinch\n|\n|-weather|RainDance|[upkeep]\n|-fieldend|move: Trick Room\n|upkeep\n|turn|8\n|\n|t:|1700540015\n|move|p2b: Iron Hands|Ice Punch|p1a: Amoonguss\n|-supereffective|p1a: Amoonguss\n|-damage|p1a: Amoonguss|0 fnt\n|faint|p1a: Amoonguss\n|move|p1b: Snorlax|Facade|p2b: Iron Hands\n|-crit|p2b: Iron Hands\n|-damage|p2b: Iron Hands|0 fnt\n|faint|p2b: Iron Hands\n|-end|p2b: Iron Hands|Quark Drive|[silent]\n|\n|win|Jazz hansd\n|raw|Jazz hansd's rating: 1011 &rarr; <strong>1048<\/strong><br \/>(+37 for winning)\n|raw|Politoed tream's rating: 1000 &rarr; <strong>1000<\/strong><br \/>(+0 for losing)\n|l|\u2606Politoed tream\n","uploadtime":1700540063,"views":5,"p1id":"jazzhansd","p2id":"politoedtream","formatid":"gen9vgc2023regulatione","rating":1000,"private":0,"password":""}