{"id":"gen9vgc2023regulatione-1991355366","p1":"olivermaul","p2":"Andresid","format":"[Gen 9] VGC 2023 Regulation E","log":"|j|\u2606olivermaul\n|j|\u2606Andresid\n|t:|1700070234\n|gametype|doubles\n|player|p1|olivermaul|brawly|1118\n|player|p2|Andresid|benga|1122\n|teamsize|p1|6\n|teamsize|p2|6\n|gen|9\n|tier|[Gen 9] VGC 2023 Regulation E\n|rated|\n|rule|Species Clause: Limit one of each Pok\u00e9mon\n|rule|Item Clause: Limit one of each item\n|clearpoke\n|poke|p1|Iron Bundle, L50|\n|poke|p1|Amoonguss, L50, M|\n|poke|p1|Arcanine-Hisui, L50, F|\n|poke|p1|Enamorus, L50, F|\n|poke|p1|Gholdengo, L50|\n|poke|p1|Regieleki, L50|\n|poke|p2|Flutter Mane, L50|\n|poke|p2|Landorus-Therian, L50, M|\n|poke|p2|Tornadus, L50, M|\n|poke|p2|Urshifu-*, L50, M|\n|poke|p2|Empoleon, L50, M|\n|poke|p2|Rillaboom, L50, F|\n|teampreview|4\n|inactive|Battle timer is ON: inactive players will automatically lose when time's up. (requested by olivermaul)\n|\n|t:|1700070270\n|start\n|switch|p1a: Enamorus|Enamorus, L50, F|100\/100\n|switch|p1b: Regieleki|Regieleki, L50|100\/100\n|switch|p2a: Tornadus|Tornadus, L50, M|100\/100\n|switch|p2b: Rillaboom|Rillaboom, L50, F|100\/100\n|-fieldstart|move: Grassy Terrain|[from] ability: Grassy Surge|[of] p2b: Rillaboom\n|turn|1\n|inactive|Andresid has 30 seconds left.\n|\n|t:|1700070303\n|-terastallize|p1b: Regieleki|Ghost\n|move|p2a: Tornadus|Tailwind|p2a: Tornadus\n|-sidestart|p2: Andresid|move: Tailwind\n|move|p2b: Rillaboom|Grassy Glide|p1b: Regieleki\n|-crit|p1b: Regieleki\n|-damage|p1b: Regieleki|18\/100\n|move|p1b: Regieleki|Electroweb|p2a: Tornadus|[spread] p2a,p2b\n|-supereffective|p2a: Tornadus\n|-resisted|p2b: Rillaboom\n|-damage|p2a: Tornadus|58\/100\n|-damage|p2b: Rillaboom|91\/100\n|-unboost|p2a: Tornadus|spe|1\n|-unboost|p2b: Rillaboom|spe|1\n|move|p1a: Enamorus|Tailwind|p1a: Enamorus\n|-sidestart|p1: olivermaul|move: Tailwind\n|\n|-heal|p1b: Regieleki|24\/100|[from] Grassy Terrain\n|-heal|p2b: Rillaboom|97\/100|[from] Grassy Terrain\n|upkeep\n|turn|2\n|\n|t:|1700070326\n|move|p1b: Regieleki|Protect|p1b: Regieleki\n|-singleturn|p1b: Regieleki|Protect\n|move|p2b: Rillaboom|Grassy Glide|p1b: Regieleki\n|-activate|p1b: Regieleki|move: Protect\n|move|p1a: Enamorus|Superpower|p2b: Rillaboom\n|-damage|p2b: Rillaboom|69\/100\n|-boost|p1a: Enamorus|atk|1\n|-boost|p1a: Enamorus|def|1\n|move|p2a: Tornadus|Bleakwind Storm|p1a: Enamorus|[spread] p1a\n|-activate|p1b: Regieleki|move: Protect\n|-damage|p1a: Enamorus|67\/100\n|\n|-heal|p1b: Regieleki|30\/100|[from] Grassy Terrain\n|-heal|p2b: Rillaboom|75\/100|[from] Grassy Terrain\n|upkeep\n|turn|3\n|inactive|olivermaul has 30 seconds left.\n|inactive|Andresid has 30 seconds left.\n|\n|t:|1700070358\n|move|p2b: Rillaboom|Grassy Glide|p1b: Regieleki\n|-damage|p1b: Regieleki|0 fnt\n|faint|p1b: Regieleki\n|move|p1a: Enamorus|Superpower|p2b: Rillaboom\n|-damage|p2b: Rillaboom|28\/100\n|-boost|p1a: Enamorus|atk|1\n|-boost|p1a: Enamorus|def|1\n|-heal|p1a: Enamorus|73\/100|[from] item: Shell Bell|[of] p2b: Rillaboom\n|move|p2a: Tornadus|Bleakwind Storm|p1a: Enamorus\n|-damage|p1a: Enamorus|29\/100\n|\n|-heal|p2b: Rillaboom|34\/100|[from] Grassy Terrain\n|upkeep\n|\n|t:|1700070371\n|switch|p1b: Iron Bundle|Iron Bundle, L50|100\/100\n|-enditem|p1b: Iron Bundle|Booster Energy\n|-activate|p1b: Iron Bundle|ability: Quark Drive|[fromitem]\n|-start|p1b: Iron Bundle|quarkdrivespe\n|turn|4\n|\n|t:|1700070389\n|move|p2b: Rillaboom|Grassy Glide|p1b: Iron Bundle\n|-supereffective|p1b: Iron Bundle\n|-damage|p1b: Iron Bundle|29\/100\n|move|p1b: Iron Bundle|Icy Wind|p2b: Rillaboom|[spread] p2a,p2b\n|-supereffective|p2a: Tornadus\n|-supereffective|p2b: Rillaboom\n|-damage|p2a: Tornadus|17\/100\n|-damage|p2b: Rillaboom|0 fnt\n|-unboost|p2a: Tornadus|spe|1\n|faint|p2b: Rillaboom\n|move|p1a: Enamorus|Play Rough|p2a: Tornadus\n|-damage|p2a: Tornadus|0 fnt\n|-damage|p1a: Enamorus|13\/100|[from] item: Rocky Helmet|[of] p2a: Tornadus\n|faint|p2a: Tornadus\n|-heal|p1a: Enamorus|14\/100|[from] item: Shell Bell|[of] p2: Tornadus\n|\n|-heal|p1b: Iron Bundle|35\/100|[from] Grassy Terrain\n|-sideend|p1: olivermaul|move: Tailwind\n|-sideend|p2: Andresid|move: Tailwind\n|upkeep\n|\n|t:|1700070411\n|switch|p2a: Urshifu|Urshifu-Rapid-Strike, L50, M|100\/100\n|switch|p2b: Landorus|Landorus-Therian, L50, M|100\/100\n|-ability|p2b: Landorus|Intimidate|boost\n|-boost|p1a: Enamorus|atk|1\n|-unboost|p1b: Iron Bundle|atk|1\n|turn|5\n|\n|t:|1700070429\n|move|p2a: Urshifu|Aqua Jet|p1a: Enamorus\n|-damage|p1a: Enamorus|1\/100\n|move|p1b: Iron Bundle|Freeze-Dry|p2b: Landorus\n|-supereffective|p2b: Landorus\n|-damage|p2b: Landorus|0 fnt\n|faint|p2b: Landorus\n|move|p1a: Enamorus|Play Rough|p2a: Urshifu\n|-supereffective|p2a: Urshifu\n|-damage|p2a: Urshifu|0 fnt\n|faint|p2a: Urshifu\n|-heal|p1a: Enamorus|14\/100|[from] item: Shell Bell|[of] p2: Urshifu\n|\n|win|olivermaul\n|raw|olivermaul's rating: 1118 &rarr; <strong>1143<\/strong><br \/>(+25 for winning)\n|raw|Andresid's rating: 1122 &rarr; <strong>1097<\/strong><br \/>(-25 for losing)\n","uploadtime":1700070438,"views":19,"p1id":"olivermaul","p2id":"andresid","formatid":"gen9vgc2023regulatione","rating":1097,"private":0,"password":""}