{"id":"gen9vgc2023regulatione-1990237390","p1":"eeqwer","p2":"belac121","format":"[Gen 9] VGC 2023 Regulation E","log":"|j|\u2606eeqwer\n|j|\u2606belac121\n|t:|1699942267\n|gametype|doubles\n|player|p1|eeqwer|lady|\n|player|p2|belac121|clemont|\n|teamsize|p1|6\n|teamsize|p2|6\n|gen|9\n|tier|[Gen 9] VGC 2023 Regulation E\n|rated|Tournament battle\n|rule|Species Clause: Limit one of each Pok\u00e9mon\n|rule|Item Clause: Limit one of each item\n|clearpoke\n|poke|p1|Ogerpon-Wellspring, L50, F|\n|poke|p1|Roaring Moon, L50|\n|poke|p1|Farigiraf, L50, F|\n|poke|p1|Ursaluna-Bloodmoon, L50, M|\n|poke|p1|Indeedee-F, L50, F|\n|poke|p1|Armarouge, L50, F|\n|poke|p2|Tornadus, L50, M|\n|poke|p2|Regidrago, L50|\n|poke|p2|Amoonguss, L50, M|\n|poke|p2|Iron Bundle, L50|\n|poke|p2|Iron Hands, L50|\n|poke|p2|Chi-Yu, L50|\n|teampreview|4\n|showteam|p1|Ogerpon-Wellspring||WellspringMask|WaterAbsorb|IvyCudgel,HornLeech,SwordsDance,SpikyShield|||F|||50|,,,,,Water]Roaring Moon||BoosterEnergy|Protosynthesis|KnockOff,Acrobatics,Earthquake,Uturn||||||50|,,,,,Flying]Farigiraf||SitrusBerry|ArmorTail|HyperVoice,AllySwitch,TrickRoom,Imprison|||F|||50|,,,,,Fairy]Ursaluna-Bloodmoon||ThroatSpray|MindsEye|BloodMoon,HyperVoice,EarthPower,VacuumWave|||M|||50|,,,,,Normal]Indeedee-F||RockyHelmet|PsychicSurge|FollowMe,DazzlingGleam,TrickRoom,HelpingHand|||F|||50|,,,,,Fairy]Armarouge||WeaknessPolicy|WeakArmor|ExpandingForce,HeatWave,Endure,WideGuard|||F|||50|,,,,,Psychic\n|showteam|p2|Tornadus||CovertCloak|Prankster|BleakwindStorm,Tailwind,Taunt,Protect|||M|||50|,,,,,Dragon]Regidrago||DragonFang|DragonsMaw|DragonEnergy,DracoMeteor,EarthPower,Protect||||||50|,,,,,Steel]Amoonguss||MentalHerb|Regenerator|Spore,PollenPuff,RagePowder,Protect|||M|||50|,,,,,Water]Iron Bundle||BoosterEnergy|QuarkDrive|IcyWind,FreezeDry,HydroPump,Protect||||||50|,,,,,Water]Iron Hands||AssaultVest|QuarkDrive|FakeOut,WildCharge,DrainPunch,HeavySlam||||||50|,,,,,Fire]Chi-Yu||ChoiceSpecs|BeadsofRuin|HeatWave,Overheat,DarkPulse,TeraBlast||||||50|,,,,,Grass\n|inactive|Battle timer is ON: inactive players will automatically lose when time's up. (requested by eeqwer)\n|inactive|eeqwer has 60 seconds left.\n|\n|t:|1699942309\n|start\n|switch|p1a: Roaring Moon|Roaring Moon, L50|100\/100\n|switch|p1b: Armarouge|Armarouge, L50, F|100\/100\n|switch|p2a: Iron Bundle|Iron Bundle, L50|100\/100\n|switch|p2b: Regidrago|Regidrago, L50, shiny|100\/100\n|-enditem|p2a: Iron Bundle|Booster Energy\n|-activate|p2a: Iron Bundle|ability: Quark Drive|[fromitem]\n|-start|p2a: Iron Bundle|quarkdrivespe\n|-enditem|p1a: Roaring Moon|Booster Energy\n|-activate|p1a: Roaring Moon|ability: Protosynthesis|[fromitem]\n|-start|p1a: Roaring Moon|protosynthesisspe\n|turn|1\n|\n|t:|1699942333\n|move|p1b: Armarouge|Wide Guard|p1b: Armarouge\n|-singleturn|p1b: Armarouge|Wide Guard\n|move|p2a: Iron Bundle|Icy Wind|p1a: Roaring Moon|[spread] \n|-activate|p1a: Roaring Moon|move: Wide Guard\n|-activate|p1b: Armarouge|move: Wide Guard\n|move|p1a: Roaring Moon|Knock Off|p2b: Regidrago\n|-damage|p2b: Regidrago|53\/100\n|-enditem|p2b: Regidrago|Dragon Fang|[from] move: Knock Off|[of] p1a: Roaring Moon\n|move|p2b: Regidrago|Dragon Energy|p1b: Armarouge|[spread] \n|-activate|p1a: Roaring Moon|move: Wide Guard\n|-activate|p1b: Armarouge|move: Wide Guard\n|\n|upkeep\n|turn|2\n|j| Flarefox_7\n|inactive|eeqwer has 30 seconds left.\n|\n|t:|1699942365\n|switch|p1b: Ogerpon|Ogerpon-Wellspring, L50, F|100\/100\n|-terastallize|p1a: Roaring Moon|Flying\n|move|p2a: Iron Bundle|Icy Wind|p1a: Roaring Moon|[spread] p1a,p1b\n|-supereffective|p1a: Roaring Moon\n|-damage|p1a: Roaring Moon|71\/100\n|-damage|p1b: Ogerpon|84\/100\n|-unboost|p1a: Roaring Moon|spe|1\n|-unboost|p1b: Ogerpon|spe|1\n|move|p1a: Roaring Moon|Acrobatics|p2b: Regidrago\n|-damage|p2b: Regidrago|0 fnt\n|faint|p2b: Regidrago\n|\n|upkeep\n|\n|t:|1699942381\n|switch|p2b: Iron Hands|Iron Hands, L50|100\/100\n|turn|3\n|\n|t:|1699942400\n|-end|p1a: Roaring Moon|Protosynthesis|[silent]\n|switch|p1a: Indeedee|Indeedee-F, L50, F|100\/100\n|-fieldstart|move: Psychic Terrain|[from] ability: Psychic Surge|[of] p1a: Indeedee\n|move|p2b: Iron Hands|Fake Out|p1a: Indeedee\n|-activate|p1a: Indeedee|move: Psychic Terrain\n|move|p2a: Iron Bundle|Freeze-Dry|p1b: Ogerpon\n|-supereffective|p1b: Ogerpon\n|-damage|p1b: Ogerpon|0 fnt\n|faint|p1b: Ogerpon\n|\n|upkeep\n|\n|t:|1699942413\n|switch|p1b: Roaring Moon|Roaring Moon, L50, tera:Flying|71\/100\n|turn|4\n|\n|t:|1699942435\n|switch|p1a: Armarouge|Armarouge, L50, F|100\/100\n|move|p2a: Iron Bundle|Protect|p2a: Iron Bundle\n|-singleturn|p2a: Iron Bundle|Protect\n|move|p1b: Roaring Moon|Earthquake|p2a: Iron Bundle|[spread] p1a,p2b\n|-activate|p2a: Iron Bundle|move: Protect\n|-supereffective|p1a: Armarouge\n|-supereffective|p2b: Iron Hands\n|-damage|p1a: Armarouge|43\/100\n|-damage|p2b: Iron Hands|70\/100\n|-ability|p1a: Armarouge|Weak Armor|boost\n|-unboost|p1a: Armarouge|def|1\n|-boost|p1a: Armarouge|spe|2\n|-enditem|p1a: Armarouge|Weakness Policy\n|-boost|p1a: Armarouge|atk|2|[from] item: Weakness Policy\n|-boost|p1a: Armarouge|spa|2|[from] item: Weakness Policy\n|move|p2b: Iron Hands|Wild Charge|p1b: Roaring Moon\n|-supereffective|p1b: Roaring Moon\n|-damage|p1b: Roaring Moon|0 fnt\n|faint|p1b: Roaring Moon\n|-end|p1b: Roaring Moon|Protosynthesis|[silent]\n|-damage|p2b: Iron Hands|56\/100|[from] Recoil\n|\n|upkeep\n|\n|t:|1699942442\n|switch|p1b: Indeedee|Indeedee-F, L50, F|100\/100\n|turn|5\n|inactive|belac121 has 30 seconds left.\n|\n|t:|1699942476\n|-end|p2b: Iron Hands|Quark Drive|[silent]\n|switch|p2b: Chi-Yu|Chi-Yu, L50|100\/100\n|-ability|p2b: Chi-Yu|Beads of Ruin\n|move|p1b: Indeedee|Follow Me|p1b: Indeedee\n|-singleturn|p1b: Indeedee|move: Follow Me\n|move|p2a: Iron Bundle|Icy Wind|p1b: Indeedee|[spread] p1a,p1b\n|-resisted|p1a: Armarouge\n|-damage|p1a: Armarouge|28\/100\n|-damage|p1b: Indeedee|80\/100\n|-unboost|p1a: Armarouge|spe|1\n|-unboost|p1b: Indeedee|spe|1\n|move|p1a: Armarouge|Expanding Force|p2a: Iron Bundle|[spread] p2a\n|-immune|p2b: Chi-Yu\n|-damage|p2a: Iron Bundle|0 fnt\n|faint|p2a: Iron Bundle\n|-end|p2a: Iron Bundle|Quark Drive|[silent]\n|\n|upkeep\n|\n|t:|1699942487\n|switch|p2a: Iron Hands|Iron Hands, L50|56\/100\n|turn|6\n|inactive|eeqwer has 30 seconds left.\n|inactive|belac121 has 30 seconds left.\n|\n|t:|1699942519\n|-terastallize|p2a: Iron Hands|Fire\n|move|p1b: Indeedee|Follow Me|p1b: Indeedee\n|-singleturn|p1b: Indeedee|move: Follow Me\n|move|p1a: Armarouge|Expanding Force|p2a: Iron Hands|[spread] p2a\n|-immune|p2b: Chi-Yu\n|-damage|p2a: Iron Hands|0 fnt\n|faint|p2a: Iron Hands\n|-end|p2a: Iron Hands|Quark Drive|[silent]\n|move|p2b: Chi-Yu|Dark Pulse|p1b: Indeedee\n|-supereffective|p1b: Indeedee\n|-crit|p1b: Indeedee\n|-damage|p1b: Indeedee|0 fnt\n|faint|p1b: Indeedee\n|\n|upkeep\n|turn|7\n|\n|t:|1699942534\n|move|p1a: Armarouge|Heat Wave|p2b: Chi-Yu\n|-resisted|p2b: Chi-Yu\n|-damage|p2b: Chi-Yu|34\/100\n|move|p2b: Chi-Yu|Dark Pulse|p1a: Armarouge\n|-supereffective|p1a: Armarouge\n|-damage|p1a: Armarouge|0 fnt\n|faint|p1a: Armarouge\n|\n|win|belac121\n|n|\u2606eeqwer|eeqwer\n|n|\u2606belac121|belac121\n|n| Flarefox_7|flarefox7\n","uploadtime":1699942535,"views":13,"p1id":"eeqwer","p2id":"belac121","formatid":"gen9vgc2023regulatione","rating":0,"private":0,"password":""}