{"id":"gen9vgc2023regulatione-1988390761","p1":"Harry_Styles2","p2":"PritzShow","format":"[Gen 9] VGC 2023 Regulation E","log":"|j|\u2606Harry_Styles2\n|j|\u2606PritzShow\n|t:|1699717614\n|gametype|doubles\n|player|p1|Harry_Styles2|102|1595\n|player|p2|PritzShow|fisherman-gen4|1735\n|teamsize|p1|6\n|teamsize|p2|6\n|gen|9\n|tier|[Gen 9] VGC 2023 Regulation E\n|rated|\n|rule|Species Clause: Limit one of each Pok\u00e9mon\n|rule|Item Clause: Limit one of each item\n|clearpoke\n|poke|p1|Lycanroc, L50, F|\n|poke|p1|Tyranitar, L50, M|\n|poke|p1|Roaring Moon, L50|\n|poke|p1|Amoonguss, L50, M|\n|poke|p1|Gothitelle, L50, F|\n|poke|p1|Thundurus-Therian, L50, M|\n|poke|p2|Flutter Mane, L50|\n|poke|p2|Landorus-Therian, L50, M|\n|poke|p2|Ogerpon-Wellspring, L50, F|\n|poke|p2|Kingambit, L50, F|\n|poke|p2|Weezing, L50, F|\n|poke|p2|Grimmsnarl, L50, M|\n|teampreview|4\n|inactive|Battle timer is ON: inactive players will automatically lose when time's up. (requested by Harry_Styles2)\n|inactive|PritzShow also wants the timer to be on.\n|inactive|Harry_Styles2 has 60 seconds left.\n|inactive|Harry_Styles2 has 30 seconds left.\n|inactive|Harry_Styles2 has 20 seconds left.\n|\n|t:|1699717686\n|start\n|switch|p1a: Gothitelle|Gothitelle, L50, F|100\/100\n|switch|p1b: Roaring Moon|Roaring Moon, L50|100\/100\n|switch|p2a: Landorus|Landorus-Therian, L50, M|100\/100\n|switch|p2b: Weezing|Weezing, L50, F|100\/100\n|-ability|p2b: Weezing|Neutralizing Gas\n|-block|p2a: Landorus|item: Ability Shield\n|-ability|p2a: Landorus|Intimidate|boost\n|-unboost|p1a: Gothitelle|atk|1\n|-fail|p1b: Roaring Moon|unboost|[from] item: Clear Amulet|[of] p1b: Roaring Moon\n|turn|1\n|inactive|Harry_Styles2 has 30 seconds left.\n|\n|t:|1699717719\n|move|p1a: Gothitelle|Fake Out|p2a: Landorus\n|-crit|p2a: Landorus\n|-damage|p2a: Landorus|91\/100\n|move|p1b: Roaring Moon|Knock Off|p2a: Landorus\n|-damage|p2a: Landorus|24\/100\n|-enditem|p2a: Landorus|Ability Shield|[from] move: Knock Off|[of] p1b: Roaring Moon\n|cant|p2a: Landorus|flinch\n|move|p2b: Weezing|Will-O-Wisp|p1b: Roaring Moon\n|-status|p1b: Roaring Moon|brn\n|\n|-damage|p1b: Roaring Moon|95\/100 brn|[from] brn\n|upkeep\n|turn|2\n|inactive|Harry_Styles2 has 30 seconds left.\n|\n|t:|1699717751\n|move|p2b: Weezing|Protect|p2b: Weezing\n|-singleturn|p2b: Weezing|Protect\n|move|p1b: Roaring Moon|Knock Off|p2a: Landorus\n|-damage|p2a: Landorus|0 fnt\n|faint|p2a: Landorus\n|move|p1a: Gothitelle|Psychic|p2b: Weezing\n|-activate|p2b: Weezing|move: Protect\n|\n|-damage|p1b: Roaring Moon|89\/100 brn|[from] brn\n|upkeep\n|\n|t:|1699717761\n|switch|p2a: Kingambit|Kingambit, L50, F|100\/100\n|turn|3\n|\n|t:|1699717782\n|move|p2a: Kingambit|Sucker Punch|p1a: Gothitelle\n|-supereffective|p1a: Gothitelle\n|-damage|p1a: Gothitelle|4\/100\n|-enditem|p1a: Gothitelle|Sitrus Berry|[eat]\n|-heal|p1a: Gothitelle|29\/100|[from] item: Sitrus Berry\n|move|p1b: Roaring Moon|Stomping Tantrum|p2b: Weezing\n|-supereffective|p2b: Weezing\n|-damage|p2b: Weezing|74\/100\n|move|p1a: Gothitelle|Psychic|p2b: Weezing\n|-supereffective|p2b: Weezing\n|-damage|p2b: Weezing|14\/100\n|-enditem|p2b: Weezing|Sitrus Berry|[eat]\n|-heal|p2b: Weezing|39\/100|[from] item: Sitrus Berry\n|move|p2b: Weezing|Will-O-Wisp|p1a: Gothitelle\n|-status|p1a: Gothitelle|brn\n|\n|-damage|p1b: Roaring Moon|83\/100 brn|[from] brn\n|-damage|p1a: Gothitelle|23\/100 brn|[from] brn\n|upkeep\n|turn|4\n|\n|t:|1699717804\n|move|p2b: Weezing|Protect|p2b: Weezing\n|-singleturn|p2b: Weezing|Protect\n|move|p1b: Roaring Moon|Knock Off|p2a: Kingambit\n|-resisted|p2a: Kingambit\n|-damage|p2a: Kingambit|90\/100\n|-enditem|p2a: Kingambit|Black Glasses|[from] move: Knock Off|[of] p1b: Roaring Moon\n|move|p1a: Gothitelle|Taunt|p2b: Weezing\n|-activate|p2b: Weezing|move: Protect\n|move|p2a: Kingambit|Kowtow Cleave|p1a: Gothitelle\n|-supereffective|p1a: Gothitelle\n|-damage|p1a: Gothitelle|0 fnt\n|faint|p1a: Gothitelle\n|\n|-damage|p1b: Roaring Moon|77\/100 brn|[from] brn\n|upkeep\n|\n|t:|1699717823\n|switch|p1a: Tyranitar|Tyranitar, L50, M|100\/100\n|turn|5\n|\n|t:|1699717838\n|move|p1b: Roaring Moon|Stomping Tantrum|p2b: Weezing\n|-supereffective|p2b: Weezing\n|-damage|p2b: Weezing|10\/100\n|move|p1a: Tyranitar|Low Kick|p2a: Kingambit\n|-supereffective|p2a: Kingambit\n|-damage|p2a: Kingambit|0 fnt\n|faint|p2a: Kingambit\n|move|p2b: Weezing|Will-O-Wisp|p1a: Tyranitar|[miss]\n|-miss|p2b: Weezing|p1a: Tyranitar\n|\n|-damage|p1b: Roaring Moon|71\/100 brn|[from] brn\n|upkeep\n|j| Kid Kommy\n|\n|t:|1699717845\n|switch|p2a: Ogerpon|Ogerpon-Wellspring, L50, F|100\/100\n|turn|6\n|\n|t:|1699717867\n|-terastallize|p2a: Ogerpon|Water\n|detailschange|p2a: Ogerpon|Ogerpon-Wellspring-Tera, L50, F, tera:Water\n|move|p2b: Weezing|Protect|p2b: Weezing\n|-singleturn|p2b: Weezing|Protect\n|move|p2a: Ogerpon|Ivy Cudgel|p1a: Tyranitar\n|-supereffective|p1a: Tyranitar\n|-damage|p1a: Tyranitar|0 fnt\n|faint|p1a: Tyranitar\n|move|p1b: Roaring Moon|Knock Off|p2b: Weezing\n|-activate|p2b: Weezing|move: Protect\n|\n|-damage|p1b: Roaring Moon|65\/100 brn|[from] brn\n|upkeep\n|\n|t:|1699717873\n|switch|p1a: Thundurus|Thundurus-Therian, L50, M|100\/100\n|turn|7\n|\n|t:|1699717891\n|move|p1a: Thundurus|Wildbolt Storm|p2a: Ogerpon|[spread] p2a\n|-miss|p1a: Thundurus|p2b: Weezing\n|-supereffective|p2a: Ogerpon\n|-damage|p2a: Ogerpon|0 fnt\n|faint|p2a: Ogerpon\n|move|p1b: Roaring Moon|Iron Head|p2b: Weezing\n|-damage|p2b: Weezing|0 fnt\n|faint|p2b: Weezing\n|-end|p2b: Weezing|ability: Neutralizing Gas\n|\n|win|Harry_Styles2\n|raw|Harry_Styles2's rating: 1595 &rarr; <strong>1623<\/strong><br \/>(+28 for winning)\n|raw|PritzShow's rating: 1735 &rarr; <strong>1707<\/strong><br \/>(-28 for losing)\n|c|\u2606PritzShow|gg\n|l|\u2606PritzShow\n|c|\u2606Harry_Styles2|gg\n","uploadtime":1699717909,"views":9,"p1id":"harrystyles2","p2id":"pritzshow","formatid":"gen9vgc2023regulatione","rating":1623,"private":0,"password":""}