{"id":"gen9vgc2023regulatione-1995793236","p1":"Hxhfhfhuuf","p2":"secretstudent","format":"[Gen 9] VGC 2023 Regulation E","log":"|j|\u2606Hxhfhfhuuf\n|j|\u2606secretstudent\n|t:|1700603706\n|gametype|doubles\n|player|p1|Hxhfhfhuuf|102|1063\n|player|p2|secretstudent|beauty|1138\n|teamsize|p1|6\n|teamsize|p2|6\n|gen|9\n|tier|[Gen 9] VGC 2023 Regulation E\n|rated|\n|rule|Species Clause: Limit one of each Pok\u00e9mon\n|rule|Item Clause: Limit one of each item\n|clearpoke\n|poke|p1|Snorlax, L50, M|\n|poke|p1|Sinistcha-Masterpiece, L50|\n|poke|p1|Kommo-o, L50, M|\n|poke|p1|Clefairy, L50, M|\n|poke|p1|Landorus-Therian, L50, M|\n|poke|p1|Iron Hands, L50|\n|poke|p2|Chien-Pao, L50|\n|poke|p2|Amoonguss, L50, F|\n|poke|p2|Hatterene, L50, F|\n|poke|p2|Gyarados, L50, F|\n|poke|p2|Volcarona, L50, M|\n|poke|p2|Ogerpon, L50, F|\n|teampreview|4\n|inactive|Battle timer is ON: inactive players will automatically lose when time's up. (requested by Hxhfhfhuuf)\n|inactive|Hxhfhfhuuf has 60 seconds left.\n|inactive|secretstudent has 60 seconds left.\n|inactive|Hxhfhfhuuf has 30 seconds left.\n|inactive|Hxhfhfhuuf has 20 seconds left.\n|inactive|Hxhfhfhuuf has 15 seconds left.\n|inactive|Hxhfhfhuuf has 10 seconds left.\n|\n|t:|1700603788\n|start\n|switch|p1a: Snorlax|Snorlax, L50, M, shiny|100\/100\n|switch|p1b: Clefairy|Clefairy, L50, M, shiny|100\/100\n|switch|p2a: Ogerpon|Ogerpon, L50, F|100\/100\n|switch|p2b: Gyarados|Gyarados, L50, F|100\/100\n|-ability|p2b: Gyarados|Intimidate|boost\n|-unboost|p1a: Snorlax|atk|1\n|-unboost|p1b: Clefairy|atk|1\n|turn|1\n|inactive|Hxhfhfhuuf has 30 seconds left.\n|inactive|Hxhfhfhuuf has 20 seconds left.\n|inactive|Hxhfhfhuuf has 15 seconds left.\n|inactive|Hxhfhfhuuf has 10 seconds left.\n|inactive|Hxhfhfhuuf has 5 seconds left.\n|\n|t:|1700603839\n|-terastallize|p2a: Ogerpon|Grass\n|detailschange|p2a: Ogerpon|Ogerpon-Teal-Tera, L50, F, tera:Grass\n|-ability|p2a: Ogerpon|Embody Aspect (Teal)|boost\n|-boost|p2a: Ogerpon|spe|1\n|move|p1b: Clefairy|Follow Me|p1b: Clefairy\n|-singleturn|p1b: Clefairy|move: Follow Me\n|move|p2a: Ogerpon|Ivy Cudgel|p1b: Clefairy\n|-damage|p1b: Clefairy|21\/100\n|-damage|p2a: Ogerpon|91\/100|[from] item: Life Orb\n|move|p2b: Gyarados|Taunt|p1b: Clefairy\n|-start|p1b: Clefairy|move: Taunt\n|move|p1a: Snorlax|Belly Drum|p1a: Snorlax\n|-damage|p1a: Snorlax|50\/100\n|-setboost|p1a: Snorlax|atk|6|[from] move: Belly Drum\n|-enditem|p1a: Snorlax|Sitrus Berry|[eat]\n|-heal|p1a: Snorlax|75\/100|[from] item: Sitrus Berry\n|\n|upkeep\n|turn|2\n|\n|t:|1700603862\n|move|p2a: Ogerpon|Ivy Cudgel|p1a: Snorlax\n|-damage|p1a: Snorlax|28\/100\n|-damage|p2a: Ogerpon|81\/100|[from] item: Life Orb\n|move|p2b: Gyarados|Waterfall|p1a: Snorlax\n|-damage|p1a: Snorlax|4\/100\n|-activate|p1b: Clefairy|move: Struggle\n|move|p1b: Clefairy|Struggle|p2b: Gyarados\n|-damage|p2b: Gyarados|96\/100\n|-damage|p1b: Clefairy|0 fnt|[from] recoil\n|faint|p1b: Clefairy\n|move|p1a: Snorlax|Facade|p2a: Ogerpon\n|-damage|p2a: Ogerpon|0 fnt\n|faint|p2a: Ogerpon\n|\n|upkeep\n|\n|t:|1700603884\n|switch|p2a: Volcarona|Volcarona, L50, M|100\/100\n|switch|p1b: Sinistcha|Sinistcha-Masterpiece, L50|100\/100\n|-heal|p1a: Snorlax|29\/100|[from] ability: Hospitality|[of] p1b: Sinistcha\n|turn|3\n|\n|t:|1700603902\n|switch|p1b: Iron Hands|Iron Hands, L50|100\/100\n|move|p1a: Snorlax|Protect|p1a: Snorlax\n|-singleturn|p1a: Snorlax|Protect\n|move|p2b: Gyarados|Waterfall|p1a: Snorlax\n|-activate|p1a: Snorlax|move: Protect\n|move|p2a: Volcarona|Heat Wave|p1b: Iron Hands|[spread] p1b\n|-activate|p1a: Snorlax|move: Protect\n|-damage|p1b: Iron Hands|82\/100\n|\n|upkeep\n|turn|4\n|inactive|Hxhfhfhuuf has 30 seconds left.\n|inactive|Hxhfhfhuuf has 20 seconds left.\n|inactive|Hxhfhfhuuf has 15 seconds left.\n|\n|t:|1700603946\n|-terastallize|p1a: Snorlax|Water\n|move|p2b: Gyarados|Protect|p2b: Gyarados\n|-singleturn|p2b: Gyarados|Protect\n|move|p2a: Volcarona|Protect|p2a: Volcarona\n|-singleturn|p2a: Volcarona|Protect\n|move|p1b: Iron Hands|Fake Out|p2a: Volcarona\n|-activate|p2a: Volcarona|move: Protect\n|move|p1a: Snorlax|Facade|p2a: Volcarona\n|-activate|p2a: Volcarona|move: Protect\n|\n|upkeep\n|turn|5\n|\n|t:|1700603965\n|-end|p1b: Iron Hands|Quark Drive|[silent]\n|switch|p1b: Sinistcha|Sinistcha-Masterpiece, L50|100\/100\n|-heal|p1a: Snorlax|54\/100|[from] ability: Hospitality|[of] p1b: Sinistcha\n|move|p1a: Snorlax|Protect|p1a: Snorlax\n|-singleturn|p1a: Snorlax|Protect\n|move|p2b: Gyarados|Thunder Wave|p1a: Snorlax\n|-activate|p1a: Snorlax|move: Protect\n|move|p2a: Volcarona|Giga Drain|p1a: Snorlax\n|-activate|p1a: Snorlax|move: Protect\n|\n|upkeep\n|turn|6\n|inactive|Hxhfhfhuuf has 30 seconds left.\n|inactive|secretstudent has 30 seconds left.\n|inactive|Hxhfhfhuuf has 20 seconds left.\n|inactive|Hxhfhfhuuf has 15 seconds left.\n|inactive|Hxhfhfhuuf has 10 seconds left.\n|inactive|Hxhfhfhuuf has 5 seconds left.\n|\n|t:|1700604017\n|move|p2a: Volcarona|Protect|p2a: Volcarona\n|-singleturn|p2a: Volcarona|Protect\n|move|p1b: Sinistcha|Rage Powder|p1b: Sinistcha\n|-singleturn|p1b: Sinistcha|move: Rage Powder\n|move|p2b: Gyarados|Thunder Wave|p1b: Sinistcha\n|-status|p1b: Sinistcha|par\n|move|p1a: Snorlax|Facade|p2a: Volcarona\n|-activate|p2a: Volcarona|move: Protect\n|\n|upkeep\n|turn|7\n|inactive|secretstudent has 30 seconds left.\n|inactive|secretstudent has 20 seconds left.\n|inactive|secretstudent has 15 seconds left.\n|\n|t:|1700604062\n|switch|p2a: Chien-Pao|Chien-Pao, L50|100\/100\n|-ability|p2a: Chien-Pao|Sword of Ruin\n|move|p1a: Snorlax|Protect|p1a: Snorlax\n|-singleturn|p1a: Snorlax|Protect\n|move|p2b: Gyarados|Taunt|p1a: Snorlax\n|-activate|p1a: Snorlax|move: Protect\n|move|p1b: Sinistcha|Trick Room|p1b: Sinistcha\n|-fieldstart|move: Trick Room|[of] p1b: Sinistcha\n|\n|upkeep\n|turn|8\n|\n|t:|1700604084\n|move|p2a: Chien-Pao|Sucker Punch|p1a: Snorlax\n|-damage|p1a: Snorlax|14\/100\n|cant|p1b: Sinistcha|par\n|move|p1a: Snorlax|Facade|p2a: Chien-Pao\n|-crit|p2a: Chien-Pao\n|-enditem|p2a: Chien-Pao|Focus Sash\n|-damage|p2a: Chien-Pao|1\/100\n|move|p2b: Gyarados|Taunt|p1a: Snorlax\n|-start|p1a: Snorlax|move: Taunt\n|\n|upkeep\n|turn|9\n|inactive|Hxhfhfhuuf has 30 seconds left.\n|inactive|Hxhfhfhuuf has 20 seconds left.\n|inactive|secretstudent has 30 seconds left.\n|\n|t:|1700604125\n|move|p2a: Chien-Pao|Sucker Punch|p1a: Snorlax\n|-damage|p1a: Snorlax|0 fnt\n|faint|p1a: Snorlax\n|move|p1b: Sinistcha|Matcha Gotcha|p2a: Chien-Pao|[spread] p2a\n|-miss|p1b: Sinistcha|p2b: Gyarados\n|-damage|p2a: Chien-Pao|0 fnt\n|faint|p2a: Chien-Pao\n|move|p2b: Gyarados|Waterfall|p1b: Sinistcha\n|-resisted|p1b: Sinistcha\n|-damage|p1b: Sinistcha|83\/100 par\n|\n|upkeep\n|\n|t:|1700604137\n|switch|p1a: Iron Hands|Iron Hands, L50|82\/100\n|switch|p2a: Volcarona|Volcarona, L50, M|100\/100\n|turn|10\n|\n|t:|1700604151\n|move|p2a: Volcarona|Protect|p2a: Volcarona\n|-singleturn|p2a: Volcarona|Protect\n|move|p2b: Gyarados|Protect|p2b: Gyarados\n|-singleturn|p2b: Gyarados|Protect\n|cant|p1b: Sinistcha|par\n|move|p1a: Iron Hands|Wild Charge|p2b: Gyarados\n|-activate|p2b: Gyarados|move: Protect\n|\n|upkeep\n|turn|11\n|\n|t:|1700604163\n|move|p2b: Gyarados|Protect|p2b: Gyarados\n|-singleturn|p2b: Gyarados|Protect\n|cant|p1b: Sinistcha|par\n|move|p1a: Iron Hands|Wild Charge|p2b: Gyarados\n|-activate|p2b: Gyarados|move: Protect\n|move|p2a: Volcarona|Quiver Dance|p2a: Volcarona\n|-boost|p2a: Volcarona|spa|1\n|-boost|p2a: Volcarona|spd|1\n|-boost|p2a: Volcarona|spe|1\n|\n|-fieldend|move: Trick Room\n|upkeep\n|turn|12\n|\n|t:|1700604179\n|move|p2a: Volcarona|Heat Wave|p1a: Iron Hands|[spread] p1a,p1b\n|-supereffective|p1b: Sinistcha\n|-damage|p1a: Iron Hands|52\/100\n|-damage|p1b: Sinistcha|0 fnt\n|faint|p1b: Sinistcha\n|move|p2b: Gyarados|Waterfall|p1a: Iron Hands\n|-damage|p1a: Iron Hands|20\/100\n|move|p1a: Iron Hands|Wild Charge|p2b: Gyarados\n|-supereffective|p2b: Gyarados\n|-damage|p2b: Gyarados|0 fnt\n|faint|p2b: Gyarados\n|-damage|p1a: Iron Hands|2\/100|[from] Recoil\n|\n|upkeep\n|turn|13\n|\n|t:|1700604187\n|move|p2a: Volcarona|Giga Drain|p1a: Iron Hands\n|-damage|p1a: Iron Hands|0 fnt\n|faint|p1a: Iron Hands\n|-end|p1a: Iron Hands|Quark Drive|[silent]\n|\n|win|secretstudent\n|raw|Hxhfhfhuuf's rating: 1063 &rarr; <strong>1048<\/strong><br \/>(-15 for losing)\n|raw|secretstudent's rating: 1138 &rarr; <strong>1158<\/strong><br \/>(+20 for winning)\n|l|\u2606Hxhfhfhuuf\n","uploadtime":1700604190,"views":0,"p1id":"hxhfhfhuuf","p2id":"secretstudent","formatid":"gen9vgc2023regulatione","rating":1048,"private":0,"password":""}