{"id":"gen9vgc2023regulatione-1994920195","p1":"beastista","p2":"Feyitomi","format":"[Gen 9] VGC 2023 Regulation E","log":"|j|\u2606beastista\n|j|\u2606Feyitomi\n|t:|1700504757\n|gametype|doubles\n|player|p1|beastista|bugcatcher-gen4dp|1527\n|player|p2|Feyitomi|169|1536\n|teamsize|p1|6\n|teamsize|p2|6\n|gen|9\n|tier|[Gen 9] VGC 2023 Regulation E\n|rated|\n|rule|Species Clause: Limit one of each Pok\u00e9mon\n|rule|Item Clause: Limit one of each item\n|clearpoke\n|poke|p1|Urshifu-*, L50, F|\n|poke|p1|Vaporeon, L50, F|\n|poke|p1|Kilowattrel, L50, M|\n|poke|p1|Salazzle, L50, F|\n|poke|p1|Rillaboom, L50, M|\n|poke|p1|Scream Tail, L50|\n|poke|p2|Tornadus, L50, M|\n|poke|p2|Flutter Mane, L50|\n|poke|p2|Raichu, L50, M|\n|poke|p2|Urshifu-*, L50, F|\n|poke|p2|Pelipper, L50, F|\n|poke|p2|Rillaboom, L50, M|\n|teampreview|4\n|inactive|Battle timer is ON: inactive players will automatically lose when time's up. (requested by Feyitomi)\n|\n|t:|1700504795\n|start\n|switch|p1a: Vaporeon|Vaporeon, L50, F|100\/100\n|switch|p1b: Urshifu|Urshifu, L50, F|100\/100\n|switch|p2a: Raichu|Raichu, L50, M|100\/100\n|switch|p2b: Rillaboom|Rillaboom, L50, M|100\/100\n|-fieldstart|move: Grassy Terrain|[from] ability: Grassy Surge|[of] p2b: Rillaboom\n|turn|1\n|\n|t:|1700504817\n|switch|p1b: twind? Protect?|Kilowattrel, L50, M|100\/100\n|move|p1a: Vaporeon|Protect|p1a: Vaporeon\n|-singleturn|p1a: Vaporeon|Protect\n|move|p2a: Raichu|Fake Out|p1b: twind? Protect?\n|-damage|p1b: twind? Protect?|90\/100\n|move|p2b: Rillaboom|Wood Hammer|p1a: Vaporeon\n|-activate|p1a: Vaporeon|move: Protect\n|\n|upkeep\n|turn|2\n|\n|t:|1700504837\n|-terastallize|p1a: Vaporeon|Dragon\n|move|p2a: Raichu|Helping Hand|p2b: Rillaboom\n|-singleturn|p2b: Rillaboom|Helping Hand|[of] p2a: Raichu\n|move|p1b: twind? Protect?|Air Slash|p2b: Rillaboom\n|-supereffective|p2b: Rillaboom\n|-damage|p2b: Rillaboom|64\/100\n|move|p2b: Rillaboom|Wood Hammer|p1b: twind? Protect?\n|-resisted|p1b: twind? Protect?\n|-damage|p1b: twind? Protect?|4\/100\n|-enditem|p1b: twind? Protect?|Sitrus Berry|[eat]\n|-heal|p1b: twind? Protect?|29\/100|[from] item: Sitrus Berry\n|-damage|p2b: Rillaboom|39\/100|[from] Recoil\n|move|p1a: Vaporeon|Calm Mind|p1a: Vaporeon\n|-boost|p1a: Vaporeon|spa|1\n|-boost|p1a: Vaporeon|spd|1\n|\n|-heal|p2b: Rillaboom|45\/100|[from] Grassy Terrain\n|upkeep\n|turn|3\n|\n|t:|1700504859\n|move|p2b: Rillaboom|Grassy Glide|p1b: twind? Protect?\n|-resisted|p1b: twind? Protect?\n|-damage|p1b: twind? Protect?|6\/100\n|move|p2a: Raichu|Nuzzle|p1a: Vaporeon\n|-resisted|p1a: Vaporeon\n|-damage|p1a: Vaporeon|98\/100\n|-status|p1a: Vaporeon|par\n|move|p1b: twind? Protect?|Air Slash|p2b: Rillaboom\n|-supereffective|p2b: Rillaboom\n|-damage|p2b: Rillaboom|6\/100\n|move|p1a: Vaporeon|Calm Mind|p1a: Vaporeon\n|-boost|p1a: Vaporeon|spa|1\n|-boost|p1a: Vaporeon|spd|1\n|\n|-heal|p2b: Rillaboom|12\/100|[from] Grassy Terrain\n|-heal|p1a: Vaporeon|100\/100 par|[from] Grassy Terrain\n|upkeep\n|turn|4\n|inactive|Feyitomi has 30 seconds left.\n|inactive|Feyitomi has 20 seconds left.\n|\n|t:|1700504898\n|switch|p2a: Pelipper|Pelipper, L50, F|100\/100\n|-weather|RainDance|[from] ability: Drizzle|[of] p2a: Pelipper\n|switch|p1b: Rillaboom|Rillaboom, L50, M|100\/100\n|move|p2b: Rillaboom|Grassy Glide|p1b: Rillaboom\n|-resisted|p1b: Rillaboom\n|-damage|p1b: Rillaboom|82\/100\n|move|p1a: Vaporeon|Muddy Water|p2a: Pelipper|[spread] p2b\n|-miss|p1a: Vaporeon|p2a: Pelipper\n|-resisted|p2b: Rillaboom\n|-damage|p2b: Rillaboom|0 fnt\n|faint|p2b: Rillaboom\n|\n|-weather|RainDance|[upkeep]\n|-heal|p1b: Rillaboom|88\/100|[from] Grassy Terrain\n|upkeep\n|\n|t:|1700504916\n|switch|p2b: Tornadus|Tornadus, L50, M|100\/100\n|turn|5\n|\n|t:|1700504935\n|-terastallize|p2b: Tornadus|Flying\n|move|p2a: Pelipper|Wide Guard|p2a: Pelipper\n|-singleturn|p2a: Pelipper|Wide Guard\n|move|p2b: Tornadus|Bleakwind Storm|p1a: Vaporeon|[spread] p1a,p1b\n|-supereffective|p1b: Rillaboom\n|-damage|p1a: Vaporeon|68\/100 par\n|-damage|p1b: Rillaboom|0 fnt\n|faint|p1b: Rillaboom\n|cant|p1a: Vaporeon|par\n|\n|-weather|RainDance|[upkeep]\n|-heal|p1a: Vaporeon|73\/100 par|[from] Grassy Terrain\n|-heal|p1a: Vaporeon|79\/100 par|[from] item: Leftovers\n|-fieldend|move: Grassy Terrain\n|upkeep\n|\n|t:|1700504946\n|switch|p1b: twind? Protect?|Kilowattrel, L50, M|6\/100\n|turn|6\n|\n|t:|1700504956\n|switch|p2b: Raichu|Raichu, L50, M|100\/100\n|move|p1b: twind? Protect?|Air Slash|p2b: Raichu\n|-resisted|p2b: Raichu\n|-damage|p2b: Raichu|80\/100\n|move|p2a: Pelipper|Hurricane|p1b: twind? Protect?\n|-resisted|p1b: twind? Protect?\n|-damage|p1b: twind? Protect?|0 fnt\n|faint|p1b: twind? Protect?\n|cant|p1a: Vaporeon|par\n|\n|-weather|RainDance|[upkeep]\n|-heal|p1a: Vaporeon|85\/100 par|[from] item: Leftovers\n|upkeep\n|\n|t:|1700504967\n|switch|p1b: Urshifu|Urshifu, L50, F|100\/100\n|turn|7\n|\n|t:|1700504982\n|move|p2b: Raichu|Fake Out|p1b: Urshifu\n|-damage|p1b: Urshifu|94\/100\n|cant|p1b: Urshifu|flinch\n|move|p2a: Pelipper|Hurricane|p1b: Urshifu\n|-supereffective|p1b: Urshifu\n|-damage|p1b: Urshifu|46\/100\n|move|p1a: Vaporeon|Ice Beam|p2a: Pelipper\n|-damage|p2a: Pelipper|40\/100\n|\n|-weather|RainDance|[upkeep]\n|-heal|p1a: Vaporeon|91\/100 par|[from] item: Leftovers\n|upkeep\n|turn|8\n|\n|t:|1700505005\n|move|p2b: Raichu|Nuzzle|p1b: Urshifu\n|-damage|p1b: Urshifu|40\/100\n|-status|p1b: Urshifu|par\n|move|p2a: Pelipper|Hurricane|p1b: Urshifu\n|-supereffective|p1b: Urshifu\n|-damage|p1b: Urshifu|0 fnt\n|faint|p1b: Urshifu\n|cant|p1a: Vaporeon|par\n|\n|-weather|none\n|-heal|p1a: Vaporeon|97\/100 par|[from] item: Leftovers\n|upkeep\n|turn|9\n|inactive|Feyitomi has 30 seconds left.\n|inactive|Feyitomi has 20 seconds left.\n|inactive|Feyitomi has 15 seconds left.\n|inactive|Feyitomi has 10 seconds left.\n|\n|t:|1700505051\n|move|p2b: Raichu|Thunderbolt|p1a: Vaporeon\n|-resisted|p1a: Vaporeon\n|-damage|p1a: Vaporeon|90\/100 par\n|move|p2a: Pelipper|Hurricane|p1a: Vaporeon|[miss]\n|-miss|p2a: Pelipper|p1a: Vaporeon\n|cant|p1a: Vaporeon|par\n|\n|-heal|p1a: Vaporeon|95\/100 par|[from] item: Leftovers\n|upkeep\n|turn|10\n|\n|t:|1700505063\n|move|p2b: Raichu|Thunderbolt|p1a: Vaporeon\n|-resisted|p1a: Vaporeon\n|-damage|p1a: Vaporeon|88\/100 par\n|move|p2a: Pelipper|Hurricane|p1a: Vaporeon|[miss]\n|-miss|p2a: Pelipper|p1a: Vaporeon\n|move|p1a: Vaporeon|Ice Beam|p2a: Pelipper\n|-damage|p2a: Pelipper|0 fnt\n|faint|p2a: Pelipper\n|\n|-heal|p1a: Vaporeon|94\/100 par|[from] item: Leftovers\n|upkeep\n|j| havecoffee1\n|l| havecoffee1\n|\n|t:|1700505075\n|switch|p2a: Tornadus|Tornadus, L50, M, tera:Flying|100\/100\n|turn|11\n|\n|t:|1700505089\n|move|p2b: Raichu|Helping Hand|p2a: Tornadus\n|-singleturn|p2a: Tornadus|Helping Hand|[of] p2b: Raichu\n|move|p2a: Tornadus|Hurricane|p1a: Vaporeon|[miss]\n|-miss|p2a: Tornadus|p1a: Vaporeon\n|cant|p1a: Vaporeon|par\n|\n|-heal|p1a: Vaporeon|99\/100 par|[from] item: Leftovers\n|upkeep\n|turn|12\n|\n|t:|1700505100\n|move|p2b: Raichu|Helping Hand|p2a: Tornadus\n|-singleturn|p2a: Tornadus|Helping Hand|[of] p2b: Raichu\n|move|p2a: Tornadus|Hurricane|p1a: Vaporeon|[miss]\n|-miss|p2a: Tornadus|p1a: Vaporeon\n|move|p1a: Vaporeon|Ice Beam|p2a: Tornadus\n|-supereffective|p2a: Tornadus\n|-damage|p2a: Tornadus|0 fnt\n|faint|p2a: Tornadus\n|\n|-heal|p1a: Vaporeon|100\/100 par|[from] item: Leftovers\n|upkeep\n|turn|13\n|-message|Feyitomi forfeited.\n|\n|win|beastista\n|raw|beastista's rating: 1527 &rarr; <strong>1548<\/strong><br \/>(+21 for winning)\n|raw|Feyitomi's rating: 1536 &rarr; <strong>1515<\/strong><br \/>(-21 for losing)\n|l|\u2606Feyitomi\n","uploadtime":1700505142,"views":4,"p1id":"beastista","p2id":"feyitomi","formatid":"gen9vgc2023regulatione","rating":1515,"private":0,"password":""}