{"id":"gen9vgc2023regulatione-1992386939","p1":"StrawberryBalloons","p2":"OhanoVirtuoso","format":"[Gen 9] VGC 2023 Regulation E","log":"|j|\u2606StrawberryBalloons\n|j|\u2606OhanoVirtuoso\n|t:|1700181652\n|gametype|doubles\n|player|p1|StrawberryBalloons|265|1119\n|player|p2|OhanoVirtuoso|102|1048\n|teamsize|p1|6\n|teamsize|p2|6\n|gen|9\n|tier|[Gen 9] VGC 2023 Regulation E\n|rated|\n|rule|Species Clause: Limit one of each Pok\u00e9mon\n|rule|Item Clause: Limit one of each item\n|clearpoke\n|poke|p1|Glastrier, L50|\n|poke|p1|Articuno-Galar, L50|\n|poke|p1|Pelipper, L50, F|\n|poke|p1|Ogerpon-Wellspring, L50, F|\n|poke|p1|Raichu, L50, F|\n|poke|p1|Sableye, L50, F|\n|poke|p2|Urshifu-*, L50, M|\n|poke|p2|Enamorus-Therian, L50, F|\n|poke|p2|Farigiraf, L50, F|\n|poke|p2|Iron Hands, L50|\n|poke|p2|Weezing-Galar, L50, F|\n|poke|p2|Arcanine-Hisui, L50, F|\n|teampreview|4\n|inactive|Battle timer is ON: inactive players will automatically lose when time's up. (requested by StrawberryBalloons)\n|inactive|StrawberryBalloons has 60 seconds left.\n|inactive|StrawberryBalloons has 30 seconds left.\n|\n|t:|1700181719\n|start\n|switch|p1a: Articuno|Articuno-Galar, L50|100\/100\n|switch|p1b: Ogerpon|Ogerpon-Wellspring, L50, F|100\/100\n|switch|p2a: Farigiraf|Farigiraf, L50, F|100\/100\n|switch|p2b: Enamorus|Enamorus-Therian, L50, F|100\/100\n|turn|1\n|inactive|StrawberryBalloons has 30 seconds left.\n|\n|t:|1700181747\n|move|p2b: Enamorus|Protect|p2b: Enamorus\n|-singleturn|p2b: Enamorus|Protect\n|move|p1b: Ogerpon|Swords Dance|p1b: Ogerpon\n|-boost|p1b: Ogerpon|atk|2\n|move|p1a: Articuno|Trick Room|p1a: Articuno\n|-fieldstart|move: Trick Room|[of] p1a: Articuno\n|move|p2a: Farigiraf|Trick Room|p2a: Farigiraf\n|-fieldend|move: Trick Room\n|\n|upkeep\n|turn|2\n|inactive|OhanoVirtuoso has 30 seconds left.\n|inactive|OhanoVirtuoso has 20 seconds left.\n|\n|t:|1700181785\n|move|p1b: Ogerpon|Ivy Cudgel|p2b: Enamorus|[anim] Ivy Cudgel Water\n|-crit|p2b: Enamorus\n|-damage|p2b: Enamorus|0 fnt\n|faint|p2b: Enamorus\n|move|p1a: Articuno|Freezing Glare|p2a: Farigiraf\n|-resisted|p2a: Farigiraf\n|-damage|p2a: Farigiraf|78\/100\n|move|p2a: Farigiraf|Trick Room|p2a: Farigiraf\n|-fieldstart|move: Trick Room|[of] p2a: Farigiraf\n|\n|upkeep\n|\n|t:|1700181791\n|switch|p2b: Weezing|Weezing-Galar, L50, F|100\/100\n|-fieldstart|move: Misty Terrain|[from] ability: Misty Surge|[of] p2b: Weezing\n|turn|3\n|\n|t:|1700181808\n|-terastallize|p1b: Ogerpon|Water\n|detailschange|p1b: Ogerpon|Ogerpon-Wellspring-Tera, L50, F, tera:Water\n|-ability|p1b: Ogerpon|Embody Aspect (Wellspring)|boost\n|-boost|p1b: Ogerpon|spd|1\n|move|p2b: Weezing|Misty Explosion|p1b: Ogerpon|[spread] p2a,p1a,p1b\n|-damage|p2a: Farigiraf|7\/100\n|-damage|p1a: Articuno|36\/100\n|-damage|p1b: Ogerpon|44\/100\n|faint|p2b: Weezing\n|move|p2a: Farigiraf|Imprison|p2a: Farigiraf\n|-start|p2a: Farigiraf|move: Imprison\n|move|p1b: Ogerpon|Ivy Cudgel|p2a: Farigiraf|[anim] Ivy Cudgel Water\n|-damage|p2a: Farigiraf|0 fnt\n|faint|p2a: Farigiraf\n|move|p1a: Articuno|Trick Room|p1a: Articuno\n|-fieldend|move: Trick Room\n|\n|upkeep\n|\n|t:|1700181815\n|switch|p2b: Iron Hands|Iron Hands, L50|100\/100\n|turn|4\n|\n|t:|1700181827\n|move|p1b: Ogerpon|Spiky Shield|p1b: Ogerpon\n|-singleturn|p1b: Ogerpon|move: Protect\n|move|p2b: Iron Hands|Fake Out|p1b: Ogerpon\n|-activate|p1b: Ogerpon|move: Protect\n|-damage|p2b: Iron Hands|88\/100|[from] Spiky Shield|[of] p1b: Ogerpon\n|move|p1a: Articuno|Freezing Glare|p2b: Iron Hands\n|-supereffective|p2b: Iron Hands\n|-crit|p2b: Iron Hands\n|-damage|p2b: Iron Hands|18\/100\n|\n|upkeep\n|turn|5\n|-message|OhanoVirtuoso forfeited.\n|\n|win|StrawberryBalloons\n|raw|StrawberryBalloons's rating: 1119 &rarr; <strong>1139<\/strong><br \/>(+20 for winning)\n|raw|OhanoVirtuoso's rating: 1048 &rarr; <strong>1034<\/strong><br \/>(-14 for losing)\n|l|\u2606OhanoVirtuoso\n","uploadtime":1700181838,"views":29,"p1id":"strawberryballoons","p2id":"ohanovirtuoso","formatid":"gen9vgc2023regulatione","rating":1034,"private":0,"password":""}