{"id":"gen9vgc2023regulatione-1989027920","p1":"S0ggySandwich","p2":"Ozwald McFly","format":"[Gen 9] VGC 2023 Regulation E","log":"|j|\u2606S0ggySandwich\n|j|\u2606Ozwald McFly\n|t:|1699803975\n|gametype|doubles\n|player|p1|S0ggySandwich|hilbert|1286\n|player|p2|Ozwald McFly|birdkeeper-gen4dp|1359\n|teamsize|p1|6\n|teamsize|p2|6\n|gen|9\n|tier|[Gen 9] VGC 2023 Regulation E\n|rated|\n|rule|Species Clause: Limit one of each Pok\u00e9mon\n|rule|Item Clause: Limit one of each item\n|clearpoke\n|poke|p1|Overqwil, L50, M|\n|poke|p1|Pelipper, L50, M|\n|poke|p1|Tornadus, L50, M|\n|poke|p1|Basculegion-F, L50, F|\n|poke|p1|Landorus-Therian, L50, M|\n|poke|p1|Sandy Shocks, L50|\n|poke|p2|Noctowl, L50, F|\n|poke|p2|Sandy Shocks, L50|\n|poke|p2|Espeon, L50, F|\n|poke|p2|Indeedee-F, L50, F|\n|poke|p2|Iron Hands, L50|\n|poke|p2|Decidueye-Hisui, L50, M|\n|teampreview|4\n|inactive|Battle timer is ON: inactive players will automatically lose when time's up. (requested by S0ggySandwich)\n|\n|t:|1699804002\n|start\n|switch|p1a: Pelipper|Pelipper, L50, M|100\/100\n|switch|p1b: Basculegion|Basculegion-F, L50, F|100\/100\n|switch|p2a: Indeedee|Indeedee-F, L50, F|100\/100\n|switch|p2b: Espeon|Espeon, L50, F|100\/100\n|-fieldstart|move: Psychic Terrain|[from] ability: Psychic Surge|[of] p2a: Indeedee\n|-weather|RainDance|[from] ability: Drizzle|[of] p1a: Pelipper\n|turn|1\n|inactive|S0ggySandwich has 30 seconds left.\n|inactive|S0ggySandwich has 20 seconds left.\n|\n|t:|1699804040\n|switch|p2b: Iron Hands|Iron Hands, L50|100\/100\n|move|p1b: Basculegion|Shadow Ball|p2b: Iron Hands\n|-damage|p2b: Iron Hands|70\/100\n|move|p1a: Pelipper|Hurricane|p2a: Indeedee\n|-damage|p2a: Indeedee|68\/100\n|move|p2a: Indeedee|Trick Room|p2a: Indeedee\n|-fieldstart|move: Trick Room|[of] p2a: Indeedee\n|\n|-weather|RainDance|[upkeep]\n|upkeep\n|turn|2\n|\n|t:|1699804058\n|switch|p1b: Landorus|Landorus-Therian, L50, M|100\/100\n|-ability|p1b: Landorus|Intimidate|boost\n|-unboost|p2a: Indeedee|atk|1\n|-unboost|p2b: Iron Hands|atk|1\n|move|p2b: Iron Hands|Wild Charge|p1b: Landorus\n|-immune|p1b: Landorus\n|move|p1a: Pelipper|Chilling Water|p2b: Iron Hands\n|-damage|p2b: Iron Hands|55\/100\n|-unboost|p2b: Iron Hands|atk|1\n|move|p2a: Indeedee|Psyshock|p1a: Pelipper\n|-damage|p1a: Pelipper|74\/100\n|\n|-weather|RainDance|[upkeep]\n|upkeep\n|turn|3\n|inactive|S0ggySandwich has 30 seconds left.\n|\n|t:|1699804090\n|move|p2a: Indeedee|Helping Hand|p2b: Iron Hands\n|-singleturn|p2b: Iron Hands|Helping Hand|[of] p2a: Indeedee\n|move|p2b: Iron Hands|Wild Charge|p1a: Pelipper\n|-supereffective|p1a: Pelipper\n|-damage|p1a: Pelipper|0 fnt\n|faint|p1a: Pelipper\n|-damage|p2b: Iron Hands|42\/100|[from] Recoil\n|move|p1b: Landorus|Stomping Tantrum|p2b: Iron Hands\n|-supereffective|p2b: Iron Hands\n|-damage|p2b: Iron Hands|0 fnt\n|faint|p2b: Iron Hands\n|-end|p2b: Iron Hands|Quark Drive|[silent]\n|\n|-weather|RainDance|[upkeep]\n|upkeep\n|\n|t:|1699804105\n|switch|p2b: Decidueye|Decidueye-Hisui, L50, M, shiny|100\/100\n|switch|p1a: Overqwil|Overqwil, L50, M|100\/100\n|turn|4\n|\n|t:|1699804124\n|-terastallize|p2b: Decidueye|Fighting\n|move|p2a: Indeedee|Helping Hand|p2b: Decidueye\n|-singleturn|p2b: Decidueye|Helping Hand|[of] p2a: Indeedee\n|move|p2b: Decidueye|Leaf Blade|p1b: Landorus\n|-damage|p1b: Landorus|18\/100\n|move|p1b: Landorus|Stomping Tantrum|p2a: Indeedee\n|-damage|p2a: Indeedee|27\/100\n|-enditem|p2a: Indeedee|Sitrus Berry|[eat]\n|-heal|p2a: Indeedee|52\/100|[from] item: Sitrus Berry\n|move|p1a: Overqwil|Poison Jab|p2b: Decidueye\n|-damage|p2b: Decidueye|56\/100\n|-status|p2b: Decidueye|psn\n|\n|-weather|RainDance|[upkeep]\n|-damage|p2b: Decidueye|44\/100 psn|[from] psn\n|upkeep\n|turn|5\n|inactive|S0ggySandwich has 30 seconds left.\n|\n|t:|1699804149\n|move|p2b: Decidueye|Triple Arrows|p1a: Overqwil\n|-crit|p1a: Overqwil\n|-damage|p1a: Overqwil|0 fnt\n|faint|p1a: Overqwil\n|move|p2a: Indeedee|Psyshock|p1b: Landorus\n|-damage|p1b: Landorus|0 fnt\n|faint|p1b: Landorus\n|\n|-weather|none\n|-damage|p2b: Decidueye|31\/100 psn|[from] psn\n|-fieldend|move: Trick Room\n|-fieldend|move: Psychic Terrain\n|upkeep\n|\n|t:|1699804159\n|switch|p1b: Basculegion|Basculegion-F, L50, F|100\/100\n|turn|6\n|\n|t:|1699804170\n|-terastallize|p1b: Basculegion|Bug\n|move|p1b: Basculegion|Tera Blast|p2a: Indeedee|[anim] Tera Blast Bug\n|-supereffective|p2a: Indeedee\n|-crit|p2a: Indeedee\n|-damage|p2a: Indeedee|0 fnt\n|faint|p2a: Indeedee\n|move|p2b: Decidueye|Leaf Blade|p1b: Basculegion\n|-resisted|p1b: Basculegion\n|-crit|p1b: Basculegion\n|-damage|p1b: Basculegion|53\/100\n|\n|-damage|p2b: Decidueye|19\/100 psn|[from] psn\n|upkeep\n|\n|t:|1699804179\n|switch|p2a: Espeon|Espeon, L50, F|100\/100\n|turn|7\n|\n|t:|1699804185\n|move|p2a: Espeon|Psychic|p1b: Basculegion\n|-damage|p1b: Basculegion|0 fnt\n|faint|p1b: Basculegion\n|\n|win|Ozwald McFly\n|raw|S0ggySandwich's rating: 1286 &rarr; <strong>1266<\/strong><br \/>(-20 for losing)\n|raw|Ozwald McFly's rating: 1359 &rarr; <strong>1375<\/strong><br \/>(+16 for winning)\n|l|\u2606S0ggySandwich\n","uploadtime":1699804195,"views":9,"p1id":"s0ggysandwich","p2id":"ozwaldmcfly","formatid":"gen9vgc2023regulatione","rating":1266,"private":0,"password":""}