{"id":"gen9vgc2023regulatione-1993879474","p1":"Papa lays","p2":"EchoShadowYT","format":"[Gen 9] VGC 2023 Regulation E","log":"|j|\u2606Papa lays\n|j|\u2606EchoShadowYT\n|t:|1700369159\n|gametype|doubles\n|player|p1|Papa lays|artist-gen4|1395\n|player|p2|EchoShadowYT|janine|1380\n|teamsize|p1|6\n|teamsize|p2|6\n|gen|9\n|tier|[Gen 9] VGC 2023 Regulation E\n|rated|\n|rule|Species Clause: Limit one of each Pok\u00e9mon\n|rule|Item Clause: Limit one of each item\n|clearpoke\n|poke|p1|Maushold-Four, L50|\n|poke|p1|Sinistcha-Masterpiece, L50|\n|poke|p1|Politoed, L50, M|\n|poke|p1|Mudsdale, L50, M|\n|poke|p1|Thundurus, L50, M|\n|poke|p1|Ogerpon-Wellspring, L50, F|\n|poke|p2|Goodra-Hisui, L50, F|\n|poke|p2|Ninetales-Alola, L50, F|\n|poke|p2|Iron Bundle, L50|\n|poke|p2|Landorus-Therian, L50, M|\n|poke|p2|Rillaboom, L50, F|\n|poke|p2|Heatran, L50, F|\n|teampreview|4\n|inactive|Battle timer is ON: inactive players will automatically lose when time's up. (requested by Papa lays)\n|inactive|Papa lays has 60 seconds left.\n|inactive|Papa lays has 30 seconds left.\n|\n|t:|1700369221\n|start\n|switch|p1a: Maushold|Maushold-Four, L50|100\/100\n|switch|p1b: Mudsdale|Mudsdale, L50, M|100\/100\n|switch|p2a: Iron Bundle|Iron Bundle, L50|100\/100\n|switch|p2b: Ninetales|Ninetales-Alola, L50, F|100\/100\n|-weather|Snow|[from] ability: Snow Warning|[of] p2b: Ninetales\n|-enditem|p2a: Iron Bundle|Booster Energy\n|-activate|p2a: Iron Bundle|ability: Quark Drive|[fromitem]\n|-start|p2a: Iron Bundle|quarkdrivespe\n|turn|1\n|\n|t:|1700369243\n|switch|p1a: Politoed|Politoed, L50, M|100\/100\n|-weather|RainDance|[from] ability: Drizzle|[of] p1a: Politoed\n|-terastallize|p1b: Mudsdale|Steel\n|move|p2a: Iron Bundle|Protect|p2a: Iron Bundle\n|-singleturn|p2a: Iron Bundle|Protect\n|move|p2b: Ninetales|Aurora Veil||[still]\n|-fail|p2b: Ninetales\n|move|p1b: Mudsdale|Heavy Slam|p2b: Ninetales\n|-supereffective|p2b: Ninetales\n|-crit|p2b: Ninetales\n|-damage|p2b: Ninetales|0 fnt\n|faint|p2b: Ninetales\n|\n|-weather|RainDance|[upkeep]\n|upkeep\n|\n|t:|1700369260\n|switch|p2b: Rillaboom|Rillaboom, L50, F|100\/100\n|-fieldstart|move: Grassy Terrain|[from] ability: Grassy Surge|[of] p2b: Rillaboom\n|turn|2\n|\n|t:|1700369274\n|switch|p1b: Sinistcha|Sinistcha-Masterpiece, L50|100\/100\n|move|p1a: Politoed|Protect|p1a: Politoed\n|-singleturn|p1a: Politoed|Protect\n|move|p2b: Rillaboom|Fake Out|p1b: Sinistcha\n|-immune|p1b: Sinistcha\n|move|p2a: Iron Bundle|Freeze-Dry|p1a: Politoed\n|-activate|p1a: Politoed|move: Protect\n|\n|-weather|RainDance|[upkeep]\n|upkeep\n|turn|3\n|\n|t:|1700369294\n|switch|p2b: Heatran|Heatran, L50, F|100\/100\n|switch|p1b: Maushold|Maushold-Four, L50|100\/100\n|switch|p1a: Mudsdale|Mudsdale, L50, M, tera:Steel|100\/100\n|move|p2a: Iron Bundle|Encore||[still]\n|-fail|p2a: Iron Bundle\n|\n|-weather|RainDance|[upkeep]\n|upkeep\n|turn|4\n|\n|t:|1700369315\n|-terastallize|p2a: Iron Bundle|Ghost\n|move|p2a: Iron Bundle|Icy Wind|p1b: Maushold|[spread] p1a,p1b\n|-resisted|p1a: Mudsdale\n|-crit|p1a: Mudsdale\n|-damage|p1a: Mudsdale|96\/100\n|-damage|p1b: Maushold|76\/100\n|-unboost|p1a: Mudsdale|spe|1\n|-unboost|p1b: Maushold|spe|1\n|-ability|p1a: Mudsdale|Stamina|boost\n|-boost|p1a: Mudsdale|def|1\n|move|p1b: Maushold|Population Bomb|p1a: Mudsdale\n|-resisted|p1a: Mudsdale\n|-damage|p1a: Mudsdale|95\/100\n|-ability|p1a: Mudsdale|Stamina|boost\n|-boost|p1a: Mudsdale|def|1\n|-hitcount|p1a: Mudsdale|1\n|move|p2b: Heatran|Earth Power|p1a: Mudsdale\n|-supereffective|p1a: Mudsdale\n|-damage|p1a: Mudsdale|73\/100\n|-ability|p1a: Mudsdale|Stamina|boost\n|-boost|p1a: Mudsdale|def|1\n|move|p1a: Mudsdale|Body Press|p2b: Heatran\n|-supereffective|p2b: Heatran\n|-damage|p2b: Heatran|23\/100\n|-enditem|p2b: Heatran|Sitrus Berry|[eat]\n|-heal|p2b: Heatran|48\/100|[from] item: Sitrus Berry\n|\n|-weather|RainDance|[upkeep]\n|-heal|p1b: Maushold|82\/100|[from] Grassy Terrain\n|-heal|p2b: Heatran|54\/100|[from] Grassy Terrain\n|-heal|p1a: Mudsdale|79\/100|[from] Grassy Terrain\n|upkeep\n|turn|5\n|inactive|Papa lays has 30 seconds left.\n|inactive|EchoShadowYT has 30 seconds left.\n|\n|t:|1700369345\n|switch|p2b: Rillaboom|Rillaboom, L50, F|100\/100\n|move|p1b: Maushold|Follow Me|p1b: Maushold\n|-singleturn|p1b: Maushold|move: Follow Me\n|move|p2a: Iron Bundle|Freeze-Dry|p1b: Maushold\n|-damage|p1b: Maushold|41\/100\n|move|p1a: Mudsdale|Body Press|p2b: Rillaboom\n|-damage|p2b: Rillaboom|61\/100\n|\n|-weather|none\n|-heal|p1b: Maushold|47\/100|[from] Grassy Terrain\n|-heal|p2b: Rillaboom|67\/100|[from] Grassy Terrain\n|-heal|p1a: Mudsdale|85\/100|[from] Grassy Terrain\n|upkeep\n|turn|6\n|inactive|Papa lays has 30 seconds left.\n|\n|t:|1700369372\n|move|p1b: Maushold|Protect|p1b: Maushold\n|-singleturn|p1b: Maushold|Protect\n|move|p2a: Iron Bundle|Freeze-Dry|p1b: Maushold\n|-activate|p1b: Maushold|move: Protect\n|move|p2b: Rillaboom|High Horsepower|p1a: Mudsdale\n|-supereffective|p1a: Mudsdale\n|-damage|p1a: Mudsdale|64\/100\n|-ability|p1a: Mudsdale|Stamina|boost\n|-boost|p1a: Mudsdale|def|1\n|move|p1a: Mudsdale|Body Press|p2b: Rillaboom\n|-damage|p2b: Rillaboom|15\/100\n|\n|-heal|p1b: Maushold|54\/100|[from] Grassy Terrain\n|-heal|p2b: Rillaboom|22\/100|[from] Grassy Terrain\n|-heal|p1a: Mudsdale|70\/100|[from] Grassy Terrain\n|-fieldend|move: Grassy Terrain\n|upkeep\n|turn|7\n|\n|t:|1700369392\n|move|p1b: Maushold|Follow Me|p1b: Maushold\n|-singleturn|p1b: Maushold|move: Follow Me\n|move|p2a: Iron Bundle|Freeze-Dry|p1b: Maushold\n|-damage|p1b: Maushold|12\/100\n|move|p2b: Rillaboom|High Horsepower|p1b: Maushold\n|-damage|p1b: Maushold|0 fnt\n|faint|p1b: Maushold\n|move|p1a: Mudsdale|Body Press|p2b: Rillaboom\n|-damage|p2b: Rillaboom|0 fnt\n|faint|p2b: Rillaboom\n|\n|upkeep\n|\n|t:|1700369404\n|switch|p1b: Politoed|Politoed, L50, M|100\/100\n|switch|p2b: Heatran|Heatran, L50, F|54\/100\n|-weather|RainDance|[from] ability: Drizzle|[of] p1b: Politoed\n|turn|8\n|\n|t:|1700369417\n|move|p2a: Iron Bundle|Freeze-Dry|p1b: Politoed\n|-supereffective|p1b: Politoed\n|-damage|p1b: Politoed|47\/100\n|move|p2b: Heatran|Earth Power|p1a: Mudsdale\n|-supereffective|p1a: Mudsdale\n|-damage|p1a: Mudsdale|40\/100\n|-ability|p1a: Mudsdale|Stamina|boost\n|-boost|p1a: Mudsdale|def|1\n|move|p1b: Politoed|Perish Song|p1b: Politoed\n|-start|p1a: Mudsdale|perish3|[silent]\n|-start|p1b: Politoed|perish3|[silent]\n|-start|p2a: Iron Bundle|perish3|[silent]\n|-start|p2b: Heatran|perish3|[silent]\n|-fieldactivate|move: Perish Song\n|move|p1a: Mudsdale|Body Press|p2b: Heatran\n|-supereffective|p2b: Heatran\n|-damage|p2b: Heatran|0 fnt\n|faint|p2b: Heatran\n|\n|-weather|RainDance|[upkeep]\n|-heal|p1b: Politoed|54\/100|[from] item: Leftovers\n|-start|p2a: Iron Bundle|perish3\n|-start|p1b: Politoed|perish3\n|-start|p1a: Mudsdale|perish3\n|upkeep\n|turn|9\n|-message|EchoShadowYT forfeited.\n|\n|win|Papa lays\n|raw|Papa lays's rating: 1395 &rarr; <strong>1414<\/strong><br \/>(+19 for winning)\n|raw|EchoShadowYT's rating: 1380 &rarr; <strong>1361<\/strong><br \/>(-19 for losing)\n|l|\u2606EchoShadowYT\n","uploadtime":1700369442,"views":7,"p1id":"papalays","p2id":"echoshadowyt","formatid":"gen9vgc2023regulatione","rating":1361,"private":0,"password":""}