{"id":"gen9vgc2023regulatione-1993518367","p1":"Rexluser","p2":"Sonichu_0","format":"[Gen 9] VGC 2023 Regulation E","log":"|j|\u2606Rexluser\n|j|\u2606Sonichu_0\n|t:|1700327257\n|gametype|doubles\n|player|p1|Rexluser|265|1033\n|player|p2|Sonichu_0|hilbert|1010\n|teamsize|p1|6\n|teamsize|p2|6\n|gen|9\n|tier|[Gen 9] VGC 2023 Regulation E\n|rated|\n|rule|Species Clause: Limit one of each Pok\u00e9mon\n|rule|Item Clause: Limit one of each item\n|clearpoke\n|poke|p1|Enamorus, L50, F|\n|poke|p1|Passimian, L50, F|\n|poke|p1|Dugtrio-Alola, L50, M|\n|poke|p1|Tornadus, L50, M|\n|poke|p1|Farigiraf, L50, M|\n|poke|p1|Rillaboom, L50, M|\n|poke|p2|Falinks, L50|\n|poke|p2|Indeedee-F, L50, F|\n|poke|p2|Torkoal, L50, M|\n|poke|p2|Leafeon, L50, M|\n|poke|p2|Urshifu-*, L50, M|\n|poke|p2|Ogerpon-Cornerstone, L50, F|\n|teampreview|4\n|inactive|Battle timer is ON: inactive players will automatically lose when time's up. (requested by Rexluser)\n|\n|t:|1700327283\n|start\n|switch|p1a: Enamorus|Enamorus, L50, F|100\/100\n|switch|p1b: Passimian|Passimian, L50, F|100\/100\n|switch|p2a: Torkoal|Torkoal, L50, M|100\/100\n|switch|p2b: Leafeon|Leafeon, L50, M|100\/100\n|-weather|SunnyDay|[from] ability: Drought|[of] p2a: Torkoal\n|turn|1\n|\n|t:|1700327293\n|-terastallize|p2b: Leafeon|Rock\n|move|p2a: Torkoal|Helping Hand|p2b: Leafeon\n|-singleturn|p2b: Leafeon|Helping Hand|[of] p2a: Torkoal\n|move|p1b: Passimian|Protect|p1b: Passimian\n|-singleturn|p1b: Passimian|Protect\n|move|p2b: Leafeon|Tera Blast|p1a: Enamorus|[anim] Tera Blast Rock\n|-supereffective|p1a: Enamorus\n|-damage|p1a: Enamorus|0 fnt\n|faint|p1a: Enamorus\n|-ability|p1b: Passimian|Contrary|[from] ability: Receiver|[of] p1a: Enamorus\n|\n|-weather|SunnyDay|[upkeep]\n|upkeep\n|\n|t:|1700327308\n|switch|p1a: Dugtrio|Dugtrio-Alola, L50, M|100\/100\n|turn|2\n|\n|t:|1700327317\n|move|p2b: Leafeon|Solar Blade||[still]\n|-prepare|p2b: Leafeon|Solar Blade\n|-anim|p2b: Leafeon|Solar Blade|p1b: Passimian\n|-damage|p1b: Passimian|41\/100\n|move|p1a: Dugtrio|Charm|p1b: Passimian\n|-boost|p1b: Passimian|atk|2\n|move|p1b: Passimian|Close Combat|p2b: Leafeon\n|-supereffective|p2b: Leafeon\n|-damage|p2b: Leafeon|0 fnt\n|-boost|p1b: Passimian|def|1\n|-boost|p1b: Passimian|spd|1\n|faint|p2b: Leafeon\n|move|p2a: Torkoal|Heat Wave|p1a: Dugtrio|[spread] p1a,p1b\n|-supereffective|p1a: Dugtrio\n|-damage|p1a: Dugtrio|0 fnt\n|-damage|p1b: Passimian|13\/100\n|faint|p1a: Dugtrio\n|\n|-weather|SunnyDay|[upkeep]\n|-heal|p1b: Passimian|20\/100|[from] item: Leftovers\n|upkeep\n|\n|t:|1700327336\n|switch|p1a: Tornadus|Tornadus, L50, M|100\/100\n|switch|p2b: Urshifu|Urshifu, L50, M|100\/100\n|turn|3\n|\n|t:|1700327345\n|move|p2a: Torkoal|Protect|p2a: Torkoal\n|-singleturn|p2a: Torkoal|Protect\n|move|p2b: Urshifu|Sucker Punch|p1b: Passimian\n|-resisted|p1b: Passimian\n|-damage|p1b: Passimian|7\/100\n|move|p1a: Tornadus|Tailwind|p1a: Tornadus\n|-sidestart|p1: Rexluser|move: Tailwind\n|move|p1b: Passimian|Drain Punch|p2b: Urshifu\n|-supereffective|p2b: Urshifu\n|-damage|p2b: Urshifu|0 fnt\n|-heal|p1b: Passimian|52\/100|[from] drain|[of] p2b: Urshifu\n|faint|p2b: Urshifu\n|\n|-weather|SunnyDay|[upkeep]\n|-heal|p1b: Passimian|59\/100|[from] item: Leftovers\n|upkeep\n|\n|t:|1700327355\n|switch|p2b: Indeedee|Indeedee-F, L50, F|100\/100\n|-fieldstart|move: Psychic Terrain|[from] ability: Psychic Surge|[of] p2b: Indeedee\n|turn|4\n|c|\u2606Sonichu_0|Gg i guess\n|\n|t:|1700327373\n|-terastallize|p1b: Passimian|Fire\n|move|p2b: Indeedee|Follow Me|p2b: Indeedee\n|-singleturn|p2b: Indeedee|move: Follow Me\n|move|p1a: Tornadus|Bleakwind Storm|p2b: Indeedee|[spread] p2a,p2b\n|-damage|p2a: Torkoal|65\/100\n|-damage|p2b: Indeedee|63\/100\n|move|p1b: Passimian|Close Combat|p2b: Indeedee\n|-damage|p2b: Indeedee|0 fnt\n|-boost|p1b: Passimian|def|1\n|-boost|p1b: Passimian|spd|1\n|faint|p2b: Indeedee\n|move|p2a: Torkoal|Heat Wave|p1b: Passimian|[spread] p1a,p1b\n|-resisted|p1b: Passimian\n|-damage|p1a: Tornadus|48\/100\n|-damage|p1b: Passimian|49\/100\n|\n|-weather|SunnyDay|[upkeep]\n|-heal|p1b: Passimian|55\/100|[from] item: Leftovers\n|upkeep\n|turn|5\n|-message|Sonichu_0 forfeited.\n|\n|win|Rexluser\n|raw|Rexluser's rating: 1033 &rarr; <strong>1066<\/strong><br \/>(+33 for winning)\n|raw|Sonichu_0's rating: 1010 &rarr; <strong>1000<\/strong><br \/>(-10 for losing)\n|l|\u2606Sonichu_0\n","uploadtime":1700327389,"views":8,"p1id":"rexluser","p2id":"sonichu0","formatid":"gen9vgc2023regulatione","rating":1000,"private":0,"password":""}