{"id":"gen9vgc2023regulatione-1996765547","p1":"Bugsileus","p2":"buzhouliumo","format":"[Gen 9] VGC 2023 Regulation E","log":"|j|\u2606Bugsileus\n|j|\u2606buzhouliumo\n|t:|1700721521\n|gametype|doubles\n|player|p1|Bugsileus|bugsy|1068\n|player|p2|buzhouliumo|hilda|1094\n|teamsize|p1|6\n|teamsize|p2|6\n|gen|9\n|tier|[Gen 9] VGC 2023 Regulation E\n|rated|\n|rule|Species Clause: Limit one of each Pok\u00e9mon\n|rule|Item Clause: Limit one of each item\n|clearpoke\n|poke|p1|Dedenne, L50, M|\n|poke|p1|Toxtricity, L50, M|\n|poke|p1|Typhlosion-Hisui, L50, M|\n|poke|p1|Tornadus, L50, M|\n|poke|p1|Brambleghast, L50, F|\n|poke|p1|Ampharos, L50, F|\n|poke|p2|Gholdengo, L50|\n|poke|p2|Iron Hands, L50|\n|poke|p2|Amoonguss, L50, F|\n|poke|p2|Iron Bundle, L50|\n|poke|p2|Pelipper, L50, M|\n|poke|p2|Salamence, L50, M|\n|teampreview|4\n|inactive|Battle timer is ON: inactive players will automatically lose when time's up. (requested by buzhouliumo)\nBugsileus rejected open team sheets.\n|\n|t:|1700721547\n|start\n|switch|p1a: Dedenne|Dedenne, L50, M|100\/100\n|switch|p1b: Toxtricity|Toxtricity, L50, M|100\/100\n|switch|p2a: Salamence|Salamence, L50, M|100\/100\n|switch|p2b: Gholdengo|Gholdengo, L50|100\/100\n|-ability|p2a: Salamence|Intimidate|boost\n|-unboost|p1a: Dedenne|atk|1\n|-unboost|p1b: Toxtricity|atk|1\n|turn|1\n|\n|t:|1700721568\n|move|p2a: Salamence|Tailwind|p2a: Salamence\n|-sidestart|p2: buzhouliumo|move: Tailwind\n|move|p2b: Gholdengo|Nasty Plot|p2b: Gholdengo\n|-boost|p2b: Gholdengo|spa|2\n|move|p1a: Dedenne|Nuzzle|p2a: Salamence\n|-damage|p2a: Salamence|96\/100\n|-status|p2a: Salamence|par\n|move|p1b: Toxtricity|Hex|p2a: Salamence\n|-damage|p2a: Salamence|0 fnt\n|faint|p2a: Salamence\n|-damage|p1b: Toxtricity|91\/100|[from] item: Life Orb\n|\n|upkeep\n|\n|t:|1700721589\n|switch|p2a: Pelipper|Pelipper, L50, M|100\/100\n|-weather|RainDance|[from] ability: Drizzle|[of] p2a: Pelipper\n|turn|2\n|\n|t:|1700721607\n|move|p2a: Pelipper|Protect|p2a: Pelipper\n|-singleturn|p2a: Pelipper|Protect\n|move|p2b: Gholdengo|Shadow Ball|p1b: Toxtricity\n|-damage|p1b: Toxtricity|0 fnt\n|faint|p1b: Toxtricity\n|move|p1a: Dedenne|Nuzzle|p2b: Gholdengo\n|-damage|p2b: Gholdengo|97\/100\n|-status|p2b: Gholdengo|par\n|\n|-weather|RainDance|[upkeep]\n|-heal|p2b: Gholdengo|100\/100 par|[from] item: Leftovers\n|upkeep\n|\n|t:|1700721615\n|switch|p1b: Tornadus|Tornadus, L50, M|100\/100\n|turn|3\n|\n|t:|1700721625\n|move|p2a: Pelipper|Protect||[still]\n|-fail|p2a: Pelipper\n|move|p1b: Tornadus|Sunny Day|p1b: Tornadus\n|-weather|SunnyDay\n|move|p1a: Dedenne|Nuzzle|p2a: Pelipper\n|-supereffective|p2a: Pelipper\n|-damage|p2a: Pelipper|84\/100\n|-status|p2a: Pelipper|par\n|move|p2b: Gholdengo|Make It Rain|p1b: Tornadus|[spread] p1a,p1b\n|-damage|p1a: Dedenne|0 fnt\n|-damage|p1b: Tornadus|0 fnt\n|-unboost|p2b: Gholdengo|spa|1\n|faint|p1a: Dedenne\n|faint|p1b: Tornadus\n|\n|-weather|SunnyDay|[upkeep]\n|upkeep\n|\n|t:|1700721643\n|switch|p1a: Typhlosion|Typhlosion-Hisui, L50, M|100\/100\n|-item|p2a: Pelipper|Focus Sash|[from] ability: Frisk|[of] p1a: Typhlosion|[identify]\n|-item|p2b: Gholdengo|Leftovers|[from] ability: Frisk|[of] p1a: Typhlosion|[identify]\n|turn|4\n|\n|t:|1700721659\n|switch|p2a: Iron Bundle|Iron Bundle, L50|100\/100\n|-enditem|p2a: Iron Bundle|Booster Energy\n|-activate|p2a: Iron Bundle|ability: Quark Drive|[fromitem]\n|-start|p2a: Iron Bundle|quarkdrivespe\n|-terastallize|p1a: Typhlosion|Fire\n|move|p2b: Gholdengo|Protect|p2b: Gholdengo\n|-singleturn|p2b: Gholdengo|Protect\n|move|p1a: Typhlosion|Eruption|p2a: Iron Bundle|[spread] p2a\n|-activate|p2b: Gholdengo|move: Protect\n|-damage|p2a: Iron Bundle|0 fnt\n|faint|p2a: Iron Bundle\n|-end|p2a: Iron Bundle|Quark Drive|[silent]\n|\n|-weather|SunnyDay|[upkeep]\n|-sideend|p2: buzhouliumo|move: Tailwind\n|upkeep\n|\n|t:|1700721674\n|switch|p2a: Pelipper|Pelipper, L50, M|84\/100 par\n|-weather|RainDance|[from] ability: Drizzle|[of] p2a: Pelipper\n|turn|5\n|\n|t:|1700721683\n|move|p2a: Pelipper|Wide Guard|p2a: Pelipper\n|-singleturn|p2a: Pelipper|Wide Guard\n|move|p1a: Typhlosion|Infernal Parade|p2a: Pelipper\n|-damage|p2a: Pelipper|0 fnt\n|faint|p2a: Pelipper\n|move|p2b: Gholdengo|Shadow Ball|p1a: Typhlosion\n|-damage|p1a: Typhlosion|19\/100\n|\n|-weather|RainDance|[upkeep]\n|upkeep\n|turn|6\n|\n|t:|1700721693\n|-terastallize|p2b: Gholdengo|Dragon\n|move|p1a: Typhlosion|Infernal Parade|p2b: Gholdengo\n|-damage|p2b: Gholdengo|35\/100 par\n|cant|p2b: Gholdengo|par\n|\n|-weather|RainDance|[upkeep]\n|-heal|p2b: Gholdengo|41\/100 par|[from] item: Leftovers\n|upkeep\n|turn|7\n|\n|t:|1700721701\n|move|p1a: Typhlosion|Infernal Parade|p2b: Gholdengo\n|-damage|p2b: Gholdengo|0 fnt\n|faint|p2b: Gholdengo\n|\n|win|Bugsileus\n|raw|Bugsileus's rating: 1068 &rarr; <strong>1100<\/strong><br \/>(+32 for winning)\n|raw|buzhouliumo's rating: 1094 &rarr; <strong>1068<\/strong><br \/>(-26 for losing)\n|c|\u2606Bugsileus|WHEW\n|c|\u2606Bugsileus|gg\n|l|\u2606buzhouliumo\n","uploadtime":1700721754,"views":1,"p1id":"bugsileus","p2id":"buzhouliumo","formatid":"gen9vgc2023regulatione","rating":1068,"private":0,"password":""}