{"id":"gen9vgc2023regulatione-1988162590","p1":"AlphaTheDemonWolf","p2":"LyneysBestFan","format":"[Gen 9] VGC 2023 Regulation E","log":"|j|\u2606AlphaTheDemonWolf\n|j|\u2606LyneysBestFan\n|t:|1699677771\n|gametype|doubles\n|player|p1|AlphaTheDemonWolf|1|1000\n|player|p2|LyneysBestFan|169|1000\n|teamsize|p1|6\n|teamsize|p2|6\n|gen|9\n|tier|[Gen 9] VGC 2023 Regulation E\n|rated|\n|rule|Species Clause: Limit one of each Pok\u00e9mon\n|rule|Item Clause: Limit one of each item\n|clearpoke\n|poke|p1|Arcanine, L50, M|\n|poke|p1|Regieleki, L50|\n|poke|p1|Urshifu-*, L50, M|\n|poke|p1|Kingambit, L50, M|\n|poke|p1|Sinistcha, L50|\n|poke|p1|Kommo-o, L50, F|\n|poke|p2|Kommo-o, L50, M|\n|poke|p2|Clefairy, L50, F|\n|poke|p2|Espeon, L50, M|\n|poke|p2|Flamigo, L50, F|\n|poke|p2|Ogerpon-Hearthflame, L50, F|\n|poke|p2|Ninetales-Alola, L50, F|\n|teampreview|4\n|c|\u2606LyneysBestFan|glhf\nLyneysBestFan has agreed to open team sheets.\nAlphaTheDemonWolf has agreed to open team sheets.\n|\n|t:|1699677939\n|start\n|switch|p1a: Kommo-o|Kommo-o, L50, F|100\/100\n|switch|p1b: Urshifu|Urshifu-Rapid-Strike, L50, M|100\/100\n|switch|p2a: Kommo-o|Kommo-o, L50, M, shiny|100\/100\n|switch|p2b: Clefairy|Clefairy, L50, F|100\/100\n|turn|1\n|inactive|Battle timer is ON: inactive players will automatically lose when time's up. (requested by AlphaTheDemonWolf)\n|\n|t:|1699677953\n|move|p2b: Clefairy|Follow Me|p2b: Clefairy\n|-singleturn|p2b: Clefairy|move: Follow Me\n|move|p1b: Urshifu|Iron Head|p2b: Clefairy\n|-supereffective|p2b: Clefairy\n|-damage|p2b: Clefairy|38\/100\n|move|p2a: Kommo-o|Clangorous Soul|p2a: Kommo-o\n|-boost|p2a: Kommo-o|atk|1\n|-boost|p2a: Kommo-o|def|1\n|-boost|p2a: Kommo-o|spa|1\n|-boost|p2a: Kommo-o|spd|1\n|-boost|p2a: Kommo-o|spe|1\n|-damage|p2a: Kommo-o|68\/100\n|-enditem|p2a: Kommo-o|Throat Spray\n|-boost|p2a: Kommo-o|spa|1|[from] item: Throat Spray\n|move|p1a: Kommo-o|Flash Cannon|p2b: Clefairy\n|-supereffective|p2b: Clefairy\n|-damage|p2b: Clefairy|3\/100\n|-damage|p1a: Kommo-o|90\/100|[from] item: Life Orb\n|\n|upkeep\n|turn|2\n|inactive|AlphaTheDemonWolf has 30 seconds left.\n|inactive|LyneysBestFan has 30 seconds left.\n|inactive|AlphaTheDemonWolf has 20 seconds left.\n|inactive|AlphaTheDemonWolf has 15 seconds left.\n|inactive|AlphaTheDemonWolf has 10 seconds left.\n|\n|t:|1699678002\n|switch|p1b: Regieleki|Regieleki, L50|100\/100\n|move|p2b: Clefairy|Helping Hand|p2a: Kommo-o\n|-singleturn|p2a: Kommo-o|Helping Hand|[of] p2b: Clefairy\n|move|p2a: Kommo-o|Boomburst|p1b: Regieleki|[spread] p2b,p1a,p1b\n|-damage|p2b: Clefairy|0 fnt\n|-damage|p1a: Kommo-o|0 fnt\n|-enditem|p1b: Regieleki|Focus Sash\n|-damage|p1b: Regieleki|1\/100\n|faint|p2b: Clefairy\n|faint|p1a: Kommo-o\n|\n|upkeep\n|\n|t:|1699678012\n|switch|p1a: Urshifu|Urshifu-Rapid-Strike, L50, M|100\/100\n|switch|p2b: Espeon|Espeon, L50, M|100\/100\n|turn|3\n|\n|t:|1699678032\n|move|p1b: Regieleki|Electroweb|p2a: Kommo-o|[spread] p2a,p2b\n|-resisted|p2a: Kommo-o\n|-damage|p2a: Kommo-o|58\/100\n|-damage|p2b: Espeon|66\/100\n|-unboost|p2a: Kommo-o|spe|1\n|-unboost|p2b: Espeon|spe|1\n|move|p1a: Urshifu|Surging Strikes|p2b: Espeon\n|-crit|p2b: Espeon\n|-damage|p2b: Espeon|23\/100\n|-crit|p2b: Espeon\n|-damage|p2b: Espeon|0 fnt\n|faint|p2b: Espeon\n|-hitcount|p2: Espeon|2\n|move|p2a: Kommo-o|Hyper Voice|p1a: Urshifu|[spread] p1a,p1b\n|-damage|p1a: Urshifu|43\/100\n|-damage|p1b: Regieleki|0 fnt\n|faint|p1b: Regieleki\n|\n|upkeep\n|\n|t:|1699678046\n|switch|p1b: Kingambit|Kingambit, L50, M|100\/100\n|switch|p2b: Flamigo|Flamigo, L50, F|100\/100\n|-copyboost|p2b: Flamigo|p2a: Kommo-o|[from] ability: Costar\n|turn|4\n|\n|t:|1699678058\n|move|p1b: Kingambit|Protect|p1b: Kingambit\n|-singleturn|p1b: Kingambit|Protect\n|move|p1a: Urshifu|Surging Strikes|p2a: Kommo-o\n|-resisted|p2a: Kommo-o\n|-crit|p2a: Kommo-o\n|-damage|p2a: Kommo-o|48\/100\n|-resisted|p2a: Kommo-o\n|-crit|p2a: Kommo-o\n|-damage|p2a: Kommo-o|38\/100\n|-resisted|p2a: Kommo-o\n|-crit|p2a: Kommo-o\n|-damage|p2a: Kommo-o|28\/100\n|-hitcount|p2a: Kommo-o|3\n|move|p2b: Flamigo|Acrobatics|p1a: Urshifu\n|-supereffective|p1a: Urshifu\n|-damage|p1a: Urshifu|0 fnt\n|faint|p1a: Urshifu\n|move|p2a: Kommo-o|Drain Punch|p1b: Kingambit\n|-activate|p1b: Kingambit|move: Protect\n|\n|upkeep\n|turn|5\n|\n|t:|1699678076\n|-terastallize|p1b: Kingambit|Dark\n|move|p1b: Kingambit|Sucker Punch|p2a: Kommo-o\n|-resisted|p2a: Kommo-o\n|-damage|p2a: Kommo-o|10\/100\n|move|p2b: Flamigo|Close Combat|p1b: Kingambit\n|-supereffective|p1b: Kingambit\n|-damage|p1b: Kingambit|0 fnt\n|-unboost|p2b: Flamigo|def|1\n|-unboost|p2b: Flamigo|spd|1\n|faint|p1b: Kingambit\n|\n|win|LyneysBestFan\n|raw|AlphaTheDemonWolf's rating: 1000 &rarr; <strong>1000<\/strong><br \/>(+0 for losing)\n|raw|LyneysBestFan's rating: 1000 &rarr; <strong>1040<\/strong><br \/>(+40 for winning)\n|l|\u2606AlphaTheDemonWolf\n|c|\u2606LyneysBestFan|gg\n","uploadtime":1699678101,"views":15,"p1id":"alphathedemonwolf","p2id":"lyneysbestfan","formatid":"gen9vgc2023regulatione","rating":1000,"private":0,"password":""}