{"id":"gen9vgc2023regulatione-1998645776","p1":"TonyPajamas16","p2":"That_Leek","format":"[Gen 9] VGC 2023 Regulation E","log":"|j|\u2606TonyPajamas16\n|j|\u2606That_Leek\n|t:|1700967045\n|gametype|doubles\n|player|p1|TonyPajamas16|psychicf-gen4|1447\n|player|p2|That_Leek|blue|1553\n|teamsize|p1|6\n|teamsize|p2|6\n|gen|9\n|tier|[Gen 9] VGC 2023 Regulation E\n|rated|\n|rule|Species Clause: Limit one of each Pok\u00e9mon\n|rule|Item Clause: Limit one of each item\n|clearpoke\n|poke|p1|Scream Tail, L50|\n|poke|p1|Spectrier, L50|\n|poke|p1|Milotic, L50, F|\n|poke|p1|Ogerpon-Hearthflame, L50, F|\n|poke|p1|Sneasler, L50, M|\n|poke|p1|Rillaboom, L50, M|\n|poke|p2|Gholdengo, L50|\n|poke|p2|Ogerpon-Wellspring, L50, F|\n|poke|p2|Arcanine-Hisui, L50, F|\n|poke|p2|Chien-Pao, L50|\n|poke|p2|Scream Tail, L50|\n|poke|p2|Dragonite, L50, F|\n|teampreview|4\nThat_Leek has agreed to open team sheets.\nTonyPajamas16 has agreed to open team sheets.\n|inactive|Battle timer is ON: inactive players will automatically lose when time's up. (requested by That_Leek)\n|\n|t:|1700967135\n|start\n|switch|p1a: Ogerpon|Ogerpon-Hearthflame, L50, F|100\/100\n|switch|p1b: Rillaboom|Rillaboom, L50, M|100\/100\n|switch|p2a: Gholdengo|Gholdengo, L50|100\/100\n|switch|p2b: Ogerpon|Ogerpon-Wellspring, L50, F|100\/100\n|-ability|p1a: Ogerpon|Mold Breaker\n|-fieldstart|move: Grassy Terrain|[from] ability: Grassy Surge|[of] p1b: Rillaboom\n|turn|1\n|\n|t:|1700967156\n|move|p2b: Ogerpon|Spiky Shield|p2b: Ogerpon\n|-singleturn|p2b: Ogerpon|move: Protect\n|move|p2a: Gholdengo|Protect|p2a: Gholdengo\n|-singleturn|p2a: Gholdengo|Protect\n|move|p1b: Rillaboom|Fake Out|p2b: Ogerpon\n|-activate|p2b: Ogerpon|move: Protect\n|-damage|p1b: Rillaboom|88\/100|[from] Spiky Shield|[of] p2b: Ogerpon\n|move|p1a: Ogerpon|Ivy Cudgel|p2a: Gholdengo|[anim] Ivy Cudgel Fire\n|-activate|p2a: Gholdengo|move: Protect\n|\n|-heal|p1b: Rillaboom|94\/100|[from] Grassy Terrain\n|upkeep\n|turn|2\n|inactive|That_Leek has 30 seconds left.\n|inactive|That_Leek has 20 seconds left.\n|inactive|That_Leek has 15 seconds left.\n|inactive|That_Leek has 10 seconds left.\n|inactive|That_Leek has 5 seconds left.\n|\n|t:|1700967211\n|move|p1b: Rillaboom|Grassy Glide|p2a: Gholdengo\n|-resisted|p2a: Gholdengo\n|-damage|p2a: Gholdengo|84\/100\n|move|p1a: Ogerpon|Ivy Cudgel|p2a: Gholdengo|[anim] Ivy Cudgel Fire\n|-supereffective|p2a: Gholdengo\n|-damage|p2a: Gholdengo|0 fnt\n|faint|p2a: Gholdengo\n|move|p2b: Ogerpon|Ivy Cudgel|p1b: Rillaboom|[anim] Ivy Cudgel Water\n|-resisted|p1b: Rillaboom\n|-damage|p1b: Rillaboom|70\/100\n|\n|-heal|p1b: Rillaboom|76\/100|[from] Grassy Terrain\n|upkeep\n|c|\u2606That_Leek|oh I timed out\n|c|\u2606That_Leek|dam\n|\n|t:|1700967225\n|switch|p2a: Arcanine|Arcanine-Hisui, L50, F|100\/100\n|-ability|p2a: Arcanine|Intimidate|boost\n|-unboost|p1a: Ogerpon|atk|1\n|-unboost|p1b: Rillaboom|atk|1\n|turn|3\n|inactive|TonyPajamas16 has 30 seconds left.\n|\n|t:|1700967253\n|move|p1a: Ogerpon|Follow Me|p1a: Ogerpon\n|-singleturn|p1a: Ogerpon|move: Follow Me\n|move|p2b: Ogerpon|Follow Me|p2b: Ogerpon\n|-singleturn|p2b: Ogerpon|move: Follow Me\n|move|p2a: Arcanine|Rock Slide|p1b: Rillaboom|[spread] p1b\n|-miss|p2a: Arcanine|p1a: Ogerpon\n|-damage|p1b: Rillaboom|36\/100\n|cant|p1b: Rillaboom|flinch\n|\n|-heal|p1b: Rillaboom|42\/100|[from] Grassy Terrain\n|upkeep\n|turn|4\n|inactive|That_Leek has 30 seconds left.\n|inactive|That_Leek has 20 seconds left.\n|\n|t:|1700967288\n|move|p1a: Ogerpon|Spiky Shield|p1a: Ogerpon\n|-singleturn|p1a: Ogerpon|move: Protect\n|move|p2b: Ogerpon|Follow Me|p2b: Ogerpon\n|-singleturn|p2b: Ogerpon|move: Follow Me\n|move|p2a: Arcanine|Rock Slide|p1b: Rillaboom|[spread] p1b\n|-activate|p1a: Ogerpon|move: Protect\n|-damage|p1b: Rillaboom|1\/100\n|move|p1b: Rillaboom|U-turn|p2b: Ogerpon\n|-supereffective|p2b: Ogerpon\n|-damage|p2b: Ogerpon|72\/100\n|\n|t:|1700967302\n|switch|p1b: Milotic|Milotic, L50, F|100\/100|[from] U-turn\n|\n|-heal|p2b: Ogerpon|78\/100|[from] Grassy Terrain\n|upkeep\n|turn|5\n|inactive|That_Leek has 30 seconds left.\n|\n|t:|1700967332\n|switch|p1a: Rillaboom|Rillaboom, L50, M|1\/100\n|-terastallize|p1b: Milotic|Dragon\n|move|p2a: Arcanine|Rock Slide|p1b: Milotic|[spread] p1a,p1b\n|-damage|p1a: Rillaboom|0 fnt\n|-damage|p1b: Milotic|63\/100\n|faint|p1a: Rillaboom\n|move|p2b: Ogerpon|Horn Leech|p1b: Milotic\n|-resisted|p1b: Milotic\n|-damage|p1b: Milotic|38\/100\n|-heal|p2b: Ogerpon|91\/100|[from] drain|[of] p1b: Milotic\n|move|p1b: Milotic|Coil|p1b: Milotic\n|-boost|p1b: Milotic|atk|1\n|-boost|p1b: Milotic|def|1\n|-boost|p1b: Milotic|accuracy|1\n|\n|-heal|p2b: Ogerpon|97\/100|[from] Grassy Terrain\n|-heal|p1b: Milotic|44\/100|[from] Grassy Terrain\n|-heal|p1b: Milotic|50\/100|[from] item: Leftovers\n|-fieldend|move: Grassy Terrain\n|upkeep\n|inactive|TonyPajamas16 has 30 seconds left.\n|\n|t:|1700967361\n|switch|p1a: Ogerpon|Ogerpon-Hearthflame, L50, F|100\/100\n|-ability|p1a: Ogerpon|Mold Breaker\n|turn|6\n|\n|t:|1700967385\n|move|p2b: Ogerpon|Follow Me|p2b: Ogerpon\n|-singleturn|p2b: Ogerpon|move: Follow Me\n|move|p1a: Ogerpon|Wood Hammer|p2b: Ogerpon\n|-damage|p2b: Ogerpon|26\/100\n|-damage|p1a: Ogerpon|72\/100|[from] Recoil\n|move|p2a: Arcanine|Rock Slide|p1a: Ogerpon|[spread] p1a,p1b\n|-supereffective|p1a: Ogerpon\n|-damage|p1a: Ogerpon|0 fnt\n|-damage|p1b: Milotic|26\/100\n|faint|p1a: Ogerpon\n|cant|p1b: Milotic|flinch\n|\n|-heal|p1b: Milotic|32\/100|[from] item: Leftovers\n|upkeep\n|\n|t:|1700967395\n|switch|p1a: Spectrier|Spectrier, L50|100\/100\n|turn|7\n|inactive|That_Leek has 30 seconds left.\n|\n|t:|1700967426\n|-terastallize|p2a: Arcanine|Fairy\n|move|p2b: Ogerpon|Follow Me|p2b: Ogerpon\n|-singleturn|p2b: Ogerpon|move: Follow Me\n|move|p1a: Spectrier|Hex|p2b: Ogerpon\n|-damage|p2b: Ogerpon|0 fnt\n|faint|p2b: Ogerpon\n|-ability|p1a: Spectrier|Grim Neigh|boost\n|-boost|p1a: Spectrier|spa|1\n|move|p2a: Arcanine|Rock Slide|p1a: Spectrier|[spread] p1a,p1b\n|-damage|p1a: Spectrier|35\/100\n|-damage|p1b: Milotic|6\/100\n|-enditem|p1a: Spectrier|Sitrus Berry|[eat]\n|-heal|p1a: Spectrier|60\/100|[from] item: Sitrus Berry\n|move|p1b: Milotic|Scald|p2a: Arcanine\n|-damage|p2a: Arcanine|66\/100\n|\n|-heal|p1b: Milotic|12\/100|[from] item: Leftovers\n|upkeep\n|\n|t:|1700967433\n|switch|p2b: Chien-Pao|Chien-Pao, L50|100\/100\n|-ability|p2b: Chien-Pao|Sword of Ruin\n|turn|8\n|\n|t:|1700967454\n|move|p2b: Chien-Pao|Ice Spinner|p1b: Milotic\n|-supereffective|p1b: Milotic\n|-damage|p1b: Milotic|0 fnt\n|faint|p1b: Milotic\n|move|p1a: Spectrier|Will-O-Wisp|p2a: Arcanine\n|-status|p2a: Arcanine|brn\n|move|p2a: Arcanine|Rock Slide|p1a: Spectrier\n|-damage|p1a: Spectrier|0 fnt\n|faint|p1a: Spectrier\n|\n|win|That_Leek\n|raw|TonyPajamas16's rating: 1447 &rarr; <strong>1434<\/strong><br \/>(-13 for losing)\n|raw|That_Leek's rating: 1569 &rarr; <strong>1582<\/strong><br \/>(+13 for winning)\n|l|\u2606TonyPajamas16\n","uploadtime":1700967532,"views":3,"p1id":"tonypajamas16","p2id":"thatleek","formatid":"gen9vgc2023regulatione","rating":1434,"private":0,"password":""}