{"id":"gen9vgc2023regulatione-1988739752","p1":"greenlightdmp","p2":"foiledfeline","format":"[Gen 9] VGC 2023 Regulation E","log":"|j|\u2606greenlightdmp\n|j|\u2606foiledfeline\n|t:|1699757034\n|gametype|doubles\n|player|p1|greenlightdmp|2|1590\n|player|p2|foiledfeline|steven|1658\n|teamsize|p1|6\n|teamsize|p2|6\n|gen|9\n|tier|[Gen 9] VGC 2023 Regulation E\n|rated|\n|rule|Species Clause: Limit one of each Pok\u00e9mon\n|rule|Item Clause: Limit one of each item\n|clearpoke\n|poke|p1|Landorus-Therian, L50, M|\n|poke|p1|Iron Bundle, L50|\n|poke|p1|Heatran, L50, M|\n|poke|p1|Amoonguss, L50, F|\n|poke|p1|Urshifu-*, L50, M|\n|poke|p1|Iron Hands, L50|\n|poke|p2|Indeedee-F, L50, F|\n|poke|p2|Armarouge, L50, M|\n|poke|p2|Sneasler, L50, F|\n|poke|p2|Annihilape, L50, M|\n|poke|p2|Chi-Yu, L50|\n|poke|p2|Iron Bundle, L50|\n|teampreview|4\n|inactive|Battle timer is ON: inactive players will automatically lose when time's up. (requested by greenlightdmp)\nfoiledfeline has agreed to open team sheets.\n|inactive|greenlightdmp has 60 seconds left.\n|\n|t:|1699757096\n|start\n|switch|p1a: Urshifu|Urshifu, L50, M|100\/100\n|switch|p1b: Amoonguss|Amoonguss, L50, F|100\/100\n|switch|p2a: Annihilape|Annihilape, L50, M|100\/100\n|switch|p2b: Armarouge|Armarouge, L50, M|100\/100\n|turn|1\n|j| White653\n|inactive|foiledfeline has 30 seconds left.\n|inactive|greenlightdmp has 30 seconds left.\n|\n|t:|1699757128\n|move|p1b: Amoonguss|Rage Powder|p1b: Amoonguss\n|-singleturn|p1b: Amoonguss|move: Rage Powder\n|move|p2a: Annihilape|Earthquake|p1a: Urshifu|[spread] p2b,p1a,p1b\n|-supereffective|p2b: Armarouge\n|-damage|p2b: Armarouge|43\/100\n|-damage|p1a: Urshifu|80\/100\n|-damage|p1b: Amoonguss|82\/100\n|-ability|p2b: Armarouge|Weak Armor|boost\n|-unboost|p2b: Armarouge|def|1\n|-boost|p2b: Armarouge|spe|2\n|-enditem|p2b: Armarouge|Weakness Policy\n|-boost|p2b: Armarouge|atk|2|[from] item: Weakness Policy\n|-boost|p2b: Armarouge|spa|2|[from] item: Weakness Policy\n|move|p2b: Armarouge|Heat Wave|p1a: Urshifu|[spread] p1b\n|-miss|p2b: Armarouge|p1a: Urshifu\n|-supereffective|p1b: Amoonguss\n|-damage|p1b: Amoonguss|0 fnt\n|faint|p1b: Amoonguss\n|move|p1a: Urshifu|Wicked Blow|p2b: Armarouge\n|-supereffective|p2b: Armarouge\n|-crit|p2b: Armarouge\n|-damage|p2b: Armarouge|0 fnt\n|faint|p2b: Armarouge\n|\n|upkeep\n|inactive|greenlightdmp has 30 seconds left.\n|inactive|foiledfeline has 30 seconds left.\n|\n|t:|1699757154\n|switch|p2b: Indeedee|Indeedee-F, L50, F|100\/100\n|switch|p1b: Iron Bundle|Iron Bundle, L50|100\/100\n|-fieldstart|move: Psychic Terrain|[from] ability: Psychic Surge|[of] p2b: Indeedee\n|-enditem|p1b: Iron Bundle|Booster Energy\n|-activate|p1b: Iron Bundle|ability: Quark Drive|[fromitem]\n|-start|p1b: Iron Bundle|quarkdrivespe\n|turn|2\n|\n|t:|1699757173\n|switch|p2a: Sneasler|Sneasler, L50, F|100\/100\n|-enditem|p2a: Sneasler|Psychic Seed\n|-boost|p2a: Sneasler|spd|1|[from] item: Psychic Seed\n|-terastallize|p2b: Indeedee|Fairy\n|move|p1b: Iron Bundle|Protect|p1b: Iron Bundle\n|-singleturn|p1b: Iron Bundle|Protect\n|move|p1a: Urshifu|Detect|p1a: Urshifu\n|-singleturn|p1a: Urshifu|Protect\n|move|p2b: Indeedee|Dazzling Gleam|p1a: Urshifu|[spread] \n|-activate|p1a: Urshifu|move: Protect\n|-activate|p1b: Iron Bundle|move: Protect\n|\n|upkeep\n|turn|3\n|l| White653\n|inactive|greenlightdmp has 30 seconds left.\n|inactive|greenlightdmp has 20 seconds left.\n|inactive|greenlightdmp has 15 seconds left.\n|\n|t:|1699757215\n|-terastallize|p1b: Iron Bundle|Ghost\n|move|p2b: Indeedee|Follow Me|p2b: Indeedee\n|-singleturn|p2b: Indeedee|move: Follow Me\n|move|p2a: Sneasler|Close Combat|p1b: Iron Bundle\n|-immune|p1b: Iron Bundle\n|move|p1b: Iron Bundle|Icy Wind|p2a: Sneasler|[spread] p2a,p2b\n|-crit|p2a: Sneasler\n|-damage|p2a: Sneasler|61\/100\n|-damage|p2b: Indeedee|82\/100\n|-unboost|p2a: Sneasler|spe|1\n|-unboost|p2b: Indeedee|spe|1\n|move|p1a: Urshifu|Wicked Blow|p2b: Indeedee\n|-resisted|p2b: Indeedee\n|-crit|p2b: Indeedee\n|-damage|p2b: Indeedee|50\/100\n|\n|upkeep\n|turn|4\n|inactive|greenlightdmp has 30 seconds left.\n|inactive|foiledfeline has 30 seconds left.\n|j| Therazer456\n|inactive|foiledfeline has 20 seconds left.\n|inactive|foiledfeline has 15 seconds left.\n|\n|t:|1699757256\n|move|p2a: Sneasler|Protect|p2a: Sneasler\n|-singleturn|p2a: Sneasler|Protect\n|move|p1a: Urshifu|Detect|p1a: Urshifu\n|-singleturn|p1a: Urshifu|Protect\n|move|p1b: Iron Bundle|Hydro Pump|p2b: Indeedee\n|-damage|p2b: Indeedee|0 fnt\n|faint|p2b: Indeedee\n|\n|upkeep\n|\n|t:|1699757265\n|switch|p2b: Annihilape|Annihilape, L50, M|100\/100\n|turn|5\n|inactive|greenlightdmp has 30 seconds left.\n|inactive|greenlightdmp has 20 seconds left.\n|\n|t:|1699757302\n|move|p1b: Iron Bundle|Hydro Pump|p2a: Sneasler\n|-damage|p2a: Sneasler|12\/100\n|move|p2b: Annihilape|Close Combat|p1a: Urshifu\n|-supereffective|p1a: Urshifu\n|-damage|p1a: Urshifu|0 fnt\n|-unboost|p2b: Annihilape|def|1\n|-unboost|p2b: Annihilape|spd|1\n|faint|p1a: Urshifu\n|move|p2a: Sneasler|Acrobatics|p1b: Iron Bundle\n|-crit|p1b: Iron Bundle\n|-damage|p1b: Iron Bundle|34\/100\n|\n|upkeep\n|j| Bigdjill\n|\n|t:|1699757315\n|switch|p1a: Heatran|Heatran, L50, M, shiny|100\/100\n|turn|6\n|\n|t:|1699757331\n|move|p1b: Iron Bundle|Icy Wind|p2b: Annihilape|[spread] p2a,p2b\n|-damage|p2a: Sneasler|0 fnt\n|-damage|p2b: Annihilape|67\/100\n|-unboost|p2b: Annihilape|spe|1\n|-ability|p2b: Annihilape|Defiant|boost\n|-boost|p2b: Annihilape|atk|2\n|faint|p2a: Sneasler\n|move|p2b: Annihilape|Close Combat|p1a: Heatran\n|-supereffective|p1a: Heatran\n|-damage|p1a: Heatran|0 fnt\n|-unboost|p2b: Annihilape|def|1\n|-unboost|p2b: Annihilape|spd|1\n|faint|p1a: Heatran\n|\n|-fieldend|move: Psychic Terrain\n|upkeep\n|turn|7\n|inactive|foiledfeline has 30 seconds left.\n|\n|t:|1699757359\n|move|p1b: Iron Bundle|Freeze-Dry|p2b: Annihilape\n|-damage|p2b: Annihilape|0 fnt\n|faint|p2b: Annihilape\n|\n|win|greenlightdmp\n|raw|greenlightdmp's rating: 1590 &rarr; <strong>1614<\/strong><br \/>(+24 for winning)\n|raw|foiledfeline's rating: 1658 &rarr; <strong>1634<\/strong><br \/>(-24 for losing)\n","uploadtime":1699757366,"views":17,"p1id":"greenlightdmp","p2id":"foiledfeline","formatid":"gen9vgc2023regulatione","rating":1614,"private":0,"password":""}