{"id":"gen9vgc2023regulatione-1990188997","p1":"Lordry222","p2":"Damoria","format":"[Gen 9] VGC 2023 Regulation E","log":"|j|\u2606Lordry222\n|j|\u2606Damoria\n|t:|1699934844\n|gametype|doubles\n|player|p1|Lordry222|steven|1557\n|player|p2|Damoria|veteran|1502\n|teamsize|p1|6\n|teamsize|p2|6\n|gen|9\n|tier|[Gen 9] VGC 2023 Regulation E\n|rated|\n|rule|Species Clause: Limit one of each Pok\u00e9mon\n|rule|Item Clause: Limit one of each item\n|clearpoke\n|poke|p1|Moltres-Galar, L50|\n|poke|p1|Sinistcha-Masterpiece, L50|\n|poke|p1|Iron Hands, L50|\n|poke|p1|Ninetales-Alola, L50, F|\n|poke|p1|Arcanine-Hisui, L50, M|\n|poke|p1|Urshifu-*, L50, M|\n|poke|p2|Ogerpon-Wellspring, L50, F|\n|poke|p2|Rillaboom, L50, M|\n|poke|p2|Iron Hands, L50|\n|poke|p2|Gholdengo, L50|\n|poke|p2|Tornadus-Therian, L50, M|\n|poke|p2|Arcanine-Hisui, L50, M|\n|teampreview|4\n|\n|t:|1699934914\n|start\n|switch|p1a: Iron Hands|Iron Hands, L50, shiny|100\/100\n|switch|p1b: Arcanine|Arcanine-Hisui, L50, M|100\/100\n|switch|p2a: Arcanine|Arcanine-Hisui, L50, M|100\/100\n|switch|p2b: Rillaboom|Rillaboom, L50, M|100\/100\n|-ability|p2a: Arcanine|Intimidate|boost\n|-unboost|p1a: Iron Hands|atk|1\n|-unboost|p1b: Arcanine|atk|1\n|-ability|p1b: Arcanine|Intimidate|boost\n|-unboost|p2a: Arcanine|atk|1\n|-unboost|p2b: Rillaboom|atk|1\n|-fieldstart|move: Grassy Terrain|[from] ability: Grassy Surge|[of] p2b: Rillaboom\n|turn|1\n|j| neusrel\n|\n|t:|1699934949\n|switch|p2a: Gholdengo|Gholdengo, L50|100\/100\n|switch|p1b: Sinistcha|Sinistcha-Masterpiece, L50|100\/100\n|move|p2b: Rillaboom|Fake Out|p1b: Sinistcha\n|-immune|p1b: Sinistcha\n|move|p1a: Iron Hands|Drain Punch|p2a: Gholdengo\n|-immune|p2a: Gholdengo\n|\n|upkeep\n|turn|2\n|c|\u2606Damoria|Wow\n|j| meowmeowjoe\n|c|\u2606Damoria|lol\n|\n|t:|1699934986\n|move|p2a: Gholdengo|Protect|p2a: Gholdengo\n|-singleturn|p2a: Gholdengo|Protect\n|move|p2b: Rillaboom|Knock Off|p1b: Sinistcha\n|-supereffective|p1b: Sinistcha\n|-damage|p1b: Sinistcha|59\/100\n|-damage|p2b: Rillaboom|84\/100|[from] item: Rocky Helmet|[of] p1b: Sinistcha\n|-enditem|p1b: Sinistcha|Rocky Helmet|[from] move: Knock Off|[of] p2b: Rillaboom\n|move|p1b: Sinistcha|Strength Sap|p2b: Rillaboom\n|-unboost|p2b: Rillaboom|atk|1\n|-heal|p1b: Sinistcha|100\/100\n|move|p1a: Iron Hands|Wild Charge|p2a: Gholdengo\n|-activate|p2a: Gholdengo|move: Protect\n|\n|-heal|p2b: Rillaboom|90\/100|[from] Grassy Terrain\n|upkeep\n|turn|3\n|\n|t:|1699935027\n|switch|p2b: Iron Hands|Iron Hands, L50|100\/100\n|switch|p1b: Arcanine|Arcanine-Hisui, L50, M|100\/100\n|-ability|p1b: Arcanine|Intimidate|boost\n|-unboost|p2a: Gholdengo|atk|1\n|-unboost|p2b: Iron Hands|atk|1\n|move|p2a: Gholdengo|Shadow Ball|p1b: Arcanine\n|-damage|p1b: Arcanine|56\/100\n|move|p1a: Iron Hands|Wild Charge|p2a: Gholdengo\n|-damage|p2a: Gholdengo|69\/100\n|-damage|p1a: Iron Hands|95\/100|[from] Recoil\n|\n|-heal|p1b: Arcanine|62\/100|[from] Grassy Terrain\n|-heal|p2a: Gholdengo|75\/100|[from] Grassy Terrain\n|-heal|p2a: Gholdengo|82\/100|[from] item: Leftovers\n|-heal|p1a: Iron Hands|100\/100|[from] Grassy Terrain\n|upkeep\n|turn|4\n|\n|t:|1699935094\n|switch|p1b: Sinistcha|Sinistcha-Masterpiece, L50|100\/100\n|move|p2a: Gholdengo|Protect|p2a: Gholdengo\n|-singleturn|p2a: Gholdengo|Protect\n|move|p2b: Iron Hands|Drain Punch|p1b: Sinistcha\n|-immune|p1b: Sinistcha\n|move|p1a: Iron Hands|Wild Charge|p2a: Gholdengo\n|-activate|p2a: Gholdengo|move: Protect\n|\n|-heal|p2a: Gholdengo|88\/100|[from] Grassy Terrain\n|-heal|p2a: Gholdengo|94\/100|[from] item: Leftovers\n|upkeep\n|turn|5\n|\n|t:|1699935115\n|switch|p1b: Moltres|Moltres-Galar, L50|100\/100\n|-end|p2b: Iron Hands|Quark Drive|[silent]\n|switch|p2b: Arcanine|Arcanine-Hisui, L50, M|100\/100\n|-ability|p2b: Arcanine|Intimidate|boost\n|-unboost|p1a: Iron Hands|atk|1\n|-unboost|p1b: Moltres|atk|1\n|move|p2a: Gholdengo|Shadow Ball|p1b: Moltres\n|-resisted|p1b: Moltres\n|-damage|p1b: Moltres|81\/100\n|move|p1a: Iron Hands|Wild Charge|p2a: Gholdengo\n|-damage|p2a: Gholdengo|72\/100\n|-damage|p1a: Iron Hands|96\/100|[from] Recoil\n|\n|-heal|p2a: Gholdengo|79\/100|[from] Grassy Terrain\n|-heal|p2a: Gholdengo|85\/100|[from] item: Leftovers\n|-heal|p1a: Iron Hands|100\/100|[from] Grassy Terrain\n|-fieldend|move: Grassy Terrain\n|upkeep\n|turn|6\n|\n|t:|1699935156\n|switch|p2a: Iron Hands|Iron Hands, L50|100\/100\n|-terastallize|p1b: Moltres|Poison\n|-terastallize|p2b: Arcanine|Fairy\n|move|p1b: Moltres|Fiery Wrath|p2b: Arcanine|[spread] p2a,p2b\n|-resisted|p2a: Iron Hands\n|-resisted|p2b: Arcanine\n|-damage|p2a: Iron Hands|92\/100\n|-damage|p2b: Arcanine|81\/100\n|move|p2b: Arcanine|Rock Slide|p1a: Iron Hands|[spread] p1a,p1b\n|-resisted|p1a: Iron Hands\n|-damage|p1a: Iron Hands|88\/100\n|-damage|p1b: Moltres|34\/100\n|-ability|p1b: Moltres|Berserk|boost\n|-boost|p1b: Moltres|spa|1\n|-enditem|p1b: Moltres|Sitrus Berry|[eat]\n|-heal|p1b: Moltres|58\/100|[from] item: Sitrus Berry\n|move|p1a: Iron Hands|Drain Punch|p2b: Arcanine\n|-resisted|p2b: Arcanine\n|-damage|p2b: Arcanine|69\/100\n|-heal|p1a: Iron Hands|92\/100|[from] drain|[of] p2b: Arcanine\n|\n|upkeep\n|turn|7\n|\n|t:|1699935188\n|-end|p1a: Iron Hands|Quark Drive|[silent]\n|switch|p1a: Sinistcha|Sinistcha-Masterpiece, L50|100\/100\n|-heal|p1b: Moltres|83\/100|[from] ability: Hospitality|[of] p1a: Sinistcha\n|move|p1b: Moltres|Protect|p1b: Moltres\n|-singleturn|p1b: Moltres|Protect\n|move|p2a: Iron Hands|Fake Out|p1b: Moltres\n|-activate|p1b: Moltres|move: Protect\n|move|p2b: Arcanine|Rock Slide|p1b: Moltres|[spread] p1a\n|-activate|p1b: Moltres|move: Protect\n|-crit|p1a: Sinistcha\n|-damage|p1a: Sinistcha|45\/100\n|\n|upkeep\n|turn|8\n|\n|t:|1699935213\n|switch|p1a: Arcanine|Arcanine-Hisui, L50, M|62\/100\n|-ability|p1a: Arcanine|Intimidate|boost\n|-unboost|p2a: Iron Hands|atk|1\n|-unboost|p2b: Arcanine|atk|1\n|move|p1b: Moltres|Nasty Plot|p1b: Moltres\n|-boost|p1b: Moltres|spa|2\n|move|p2b: Arcanine|Rock Slide|p1a: Arcanine|[spread] p1a,p1b\n|-supereffective|p1a: Arcanine\n|-damage|p1a: Arcanine|0 fnt\n|-damage|p1b: Moltres|49\/100\n|faint|p1a: Arcanine\n|-ability|p1b: Moltres|Berserk|boost\n|-boost|p1b: Moltres|spa|1\n|move|p2a: Iron Hands|Wild Charge|p1b: Moltres\n|-damage|p1b: Moltres|7\/100\n|-damage|p2a: Iron Hands|84\/100|[from] Recoil\n|\n|upkeep\n|\n|t:|1699935235\n|switch|p1a: Sinistcha|Sinistcha-Masterpiece, L50|45\/100\n|-heal|p1b: Moltres|32\/100|[from] ability: Hospitality|[of] p1a: Sinistcha\n|turn|9\n|\n|t:|1699935250\n|switch|p1a: Iron Hands|Iron Hands, L50, shiny|92\/100\n|move|p1b: Moltres|Protect|p1b: Moltres\n|-singleturn|p1b: Moltres|Protect\n|move|p2b: Arcanine|Rock Slide|p1a: Iron Hands|[spread] p1a\n|-activate|p1b: Moltres|move: Protect\n|-resisted|p1a: Iron Hands\n|-damage|p1a: Iron Hands|84\/100\n|move|p2a: Iron Hands|Wild Charge|p1a: Iron Hands\n|-resisted|p1a: Iron Hands\n|-damage|p1a: Iron Hands|73\/100\n|-damage|p2a: Iron Hands|81\/100|[from] Recoil\n|\n|upkeep\n|turn|10\n|\n|t:|1699935278\n|move|p1a: Iron Hands|Fake Out|p2a: Iron Hands\n|-damage|p2a: Iron Hands|70\/100\n|move|p1b: Moltres|Air Slash|p2b: Arcanine\n|-damage|p2b: Arcanine|0 fnt\n|faint|p2b: Arcanine\n|cant|p2a: Iron Hands|flinch\n|\n|upkeep\n|\n|t:|1699935307\n|switch|p2b: Rillaboom|Rillaboom, L50, M|90\/100\n|-fieldstart|move: Grassy Terrain|[from] ability: Grassy Surge|[of] p2b: Rillaboom\n|turn|11\n|\n|t:|1699935338\n|-end|p1a: Iron Hands|Quark Drive|[silent]\n|switch|p1a: Sinistcha|Sinistcha-Masterpiece, L50|45\/100\n|-heal|p1b: Moltres|57\/100|[from] ability: Hospitality|[of] p1a: Sinistcha\n|move|p1b: Moltres|Protect|p1b: Moltres\n|-singleturn|p1b: Moltres|Protect\n|move|p2b: Rillaboom|Fake Out|p1b: Moltres\n|-activate|p1b: Moltres|move: Protect\n|move|p2a: Iron Hands|Wild Charge|p1a: Sinistcha\n|-resisted|p1a: Sinistcha\n|-damage|p1a: Sinistcha|31\/100\n|-damage|p2a: Iron Hands|68\/100|[from] Recoil\n|\n|-heal|p1b: Moltres|63\/100|[from] Grassy Terrain\n|-heal|p2b: Rillaboom|96\/100|[from] Grassy Terrain\n|-heal|p1a: Sinistcha|38\/100|[from] Grassy Terrain\n|-heal|p2a: Iron Hands|74\/100|[from] Grassy Terrain\n|upkeep\n|turn|12\n|l| neusrel\n|\n|t:|1699935375\n|move|p1a: Sinistcha|Rage Powder|p1a: Sinistcha\n|-singleturn|p1a: Sinistcha|move: Rage Powder\n|move|p2b: Rillaboom|Grassy Glide|p1b: Moltres\n|-resisted|p1b: Moltres\n|-damage|p1b: Moltres|34\/100\n|-ability|p1b: Moltres|Berserk|boost\n|-boost|p1b: Moltres|spa|1\n|move|p1b: Moltres|Air Slash|p2b: Rillaboom\n|-supereffective|p2b: Rillaboom\n|-damage|p2b: Rillaboom|0 fnt\n|faint|p2b: Rillaboom\n|move|p2a: Iron Hands|Wild Charge|p1a: Sinistcha\n|-resisted|p1a: Sinistcha\n|-damage|p1a: Sinistcha|23\/100\n|-damage|p2a: Iron Hands|71\/100|[from] Recoil\n|\n|-heal|p1b: Moltres|40\/100|[from] Grassy Terrain\n|-heal|p1a: Sinistcha|29\/100|[from] Grassy Terrain\n|-heal|p2a: Iron Hands|77\/100|[from] Grassy Terrain\n|upkeep\n|\n|t:|1699935393\n|switch|p2b: Gholdengo|Gholdengo, L50|85\/100\n|turn|13\n|\n|t:|1699935414\n|switch|p1a: Iron Hands|Iron Hands, L50, shiny|73\/100\n|move|p1b: Moltres|Protect|p1b: Moltres\n|-singleturn|p1b: Moltres|Protect\n|move|p2b: Gholdengo|Protect|p2b: Gholdengo\n|-singleturn|p2b: Gholdengo|Protect\n|move|p2a: Iron Hands|Heavy Slam|p1b: Moltres\n|-activate|p1b: Moltres|move: Protect\n|\n|-heal|p1b: Moltres|46\/100|[from] Grassy Terrain\n|-heal|p2b: Gholdengo|91\/100|[from] Grassy Terrain\n|-heal|p2b: Gholdengo|97\/100|[from] item: Leftovers\n|-heal|p2a: Iron Hands|83\/100|[from] Grassy Terrain\n|-heal|p1a: Iron Hands|79\/100|[from] Grassy Terrain\n|upkeep\n|turn|14\n|\n|t:|1699935466\n|-end|p1a: Iron Hands|Quark Drive|[silent]\n|switch|p1a: Sinistcha|Sinistcha-Masterpiece, L50|29\/100\n|-heal|p1b: Moltres|70\/100|[from] ability: Hospitality|[of] p1a: Sinistcha\n|move|p1b: Moltres|Fiery Wrath|p2a: Iron Hands|[spread] p2a,p2b\n|-resisted|p2a: Iron Hands\n|-supereffective|p2b: Gholdengo\n|-damage|p2a: Iron Hands|57\/100\n|-damage|p2b: Gholdengo|0 fnt\n|faint|p2b: Gholdengo\n|move|p2a: Iron Hands|Wild Charge|p1b: Moltres\n|-damage|p1b: Moltres|28\/100\n|-damage|p2a: Iron Hands|49\/100|[from] Recoil\n|-ability|p1b: Moltres|Berserk|boost\n|-boost|p1b: Moltres|spa|1\n|\n|-heal|p1b: Moltres|34\/100|[from] Grassy Terrain\n|-heal|p1a: Sinistcha|35\/100|[from] Grassy Terrain\n|-heal|p2a: Iron Hands|55\/100|[from] Grassy Terrain\n|upkeep\n|turn|15\n|-message|Damoria forfeited.\n|\n|win|Lordry222\n|raw|Lordry222's rating: 1557 &rarr; <strong>1574<\/strong><br \/>(+17 for winning)\n|raw|Damoria's rating: 1502 &rarr; <strong>1485<\/strong><br \/>(-17 for losing)\n|l|\u2606Damoria\n|l|\u2606Lordry222\n","uploadtime":1699935762,"views":10,"p1id":"lordry222","p2id":"damoria","formatid":"gen9vgc2023regulatione","rating":1485,"private":0,"password":""}