{"id":"gen9vgc2023regulatione-1999371516","p1":"haamgamer07","p2":"epom158","format":"[Gen 9] VGC 2023 Regulation E","log":"|j|\u2606haamgamer07\n|j|\u2606epom158\n|t:|1701068751\n|gametype|doubles\n|player|p1|haamgamer07|101|1344\n|player|p2|epom158|n|1447\n|teamsize|p1|6\n|teamsize|p2|6\n|gen|9\n|tier|[Gen 9] VGC 2023 Regulation E\n|rated|\n|rule|Species Clause: Limit one of each Pok\u00e9mon\n|rule|Item Clause: Limit one of each item\n|clearpoke\n|poke|p1|Flutter Mane, L50|\n|poke|p1|Iron Hands, L50|\n|poke|p1|Ogerpon-Hearthflame, L50, F|\n|poke|p1|Cresselia, L50, F|\n|poke|p1|Ursaluna, L50, F|\n|poke|p1|Empoleon, L50, F|\n|poke|p2|Iron Hands, L50|\n|poke|p2|Flutter Mane, L50|\n|poke|p2|Urshifu-*, L50, F|\n|poke|p2|Heatran, L50, M|\n|poke|p2|Amoonguss, L50, M|\n|poke|p2|Roaring Moon, L50|\n|teampreview|4\nepom158 has agreed to open team sheets.\n|inactive|Battle timer is ON: inactive players will automatically lose when time's up. (requested by haamgamer07)\n|inactive|haamgamer07 has 60 seconds left.\n|\n|t:|1701068807\n|start\n|switch|p1a: Flutter Mane|Flutter Mane, L50|100\/100\n|switch|p1b: Ogerpon|Ogerpon-Hearthflame, L50, F|100\/100\n|switch|p2a: Roaring Moon|Roaring Moon, L50|100\/100\n|switch|p2b: Flutter Mane|Flutter Mane, L50|100\/100\n|-ability|p1b: Ogerpon|Mold Breaker\n|-enditem|p2a: Roaring Moon|Booster Energy\n|-activate|p2a: Roaring Moon|ability: Protosynthesis|[fromitem]\n|-start|p2a: Roaring Moon|protosynthesisatk\n|turn|1\n|\n|t:|1701068832\n|-terastallize|p2a: Roaring Moon|Flying\n|move|p1b: Ogerpon|Follow Me|p1b: Ogerpon\n|-singleturn|p1b: Ogerpon|move: Follow Me\n|move|p2b: Flutter Mane|Shadow Ball|p1b: Ogerpon\n|-damage|p1b: Ogerpon|35\/100\n|-unboost|p1b: Ogerpon|spd|1\n|move|p2a: Roaring Moon|Acrobatics|p1b: Ogerpon\n|-supereffective|p1b: Ogerpon\n|-damage|p1b: Ogerpon|0 fnt\n|faint|p1b: Ogerpon\n|move|p1a: Flutter Mane|Trick Room|p1a: Flutter Mane\n|-fieldstart|move: Trick Room|[of] p1a: Flutter Mane\n|\n|upkeep\n|\n|t:|1701068853\n|switch|p1b: Iron Hands|Iron Hands, L50|100\/100\n|turn|2\n|\n|t:|1701068865\n|-end|p2b: Flutter Mane|Protosynthesis|[silent]\n|switch|p2b: Iron Hands|Iron Hands, L50|100\/100\n|move|p2a: Roaring Moon|Protect|p2a: Roaring Moon\n|-singleturn|p2a: Roaring Moon|Protect\n|move|p1b: Iron Hands|Fake Out|p2a: Roaring Moon\n|-activate|p2a: Roaring Moon|move: Protect\n|move|p1a: Flutter Mane|Shadow Ball|p2b: Iron Hands\n|-damage|p2b: Iron Hands|73\/100\n|\n|upkeep\n|turn|3\n|\n|t:|1701068885\n|move|p2b: Iron Hands|Fake Out|p1b: Iron Hands\n|-damage|p1b: Iron Hands|89\/100\n|cant|p1b: Iron Hands|flinch\n|move|p2a: Roaring Moon|Knock Off|p1a: Flutter Mane\n|-enditem|p1a: Flutter Mane|Focus Sash\n|-damage|p1a: Flutter Mane|1\/100\n|move|p1a: Flutter Mane|Shadow Ball|p2a: Roaring Moon\n|-damage|p2a: Roaring Moon|57\/100\n|\n|upkeep\n|turn|4\n|inactive|haamgamer07 has 30 seconds left.\n|inactive|epom158 has 30 seconds left.\n|\n|t:|1701068916\n|move|p2a: Roaring Moon|Protect|p2a: Roaring Moon\n|-singleturn|p2a: Roaring Moon|Protect\n|move|p1a: Flutter Mane|Protect|p1a: Flutter Mane\n|-singleturn|p1a: Flutter Mane|Protect\n|move|p2b: Iron Hands|Drain Punch|p1b: Iron Hands\n|-damage|p1b: Iron Hands|58\/100\n|-heal|p2b: Iron Hands|88\/100|[from] drain|[of] p1b: Iron Hands\n|move|p1b: Iron Hands|Swords Dance|p1b: Iron Hands\n|-boost|p1b: Iron Hands|atk|2\n|\n|upkeep\n|turn|5\n|\n|t:|1701068936\n|-end|p2a: Roaring Moon|Protosynthesis|[silent]\n|switch|p2a: Flutter Mane|Flutter Mane, L50|100\/100\n|-end|p1a: Flutter Mane|Protosynthesis|[silent]\n|switch|p1a: Ursaluna|Ursaluna, L50, F|100\/100\n|move|p2b: Iron Hands|Heavy Slam|p1a: Ursaluna\n|-damage|p1a: Ursaluna|86\/100\n|move|p1b: Iron Hands|Wild Charge|p2a: Flutter Mane\n|-damage|p2a: Flutter Mane|0 fnt\n|faint|p2a: Flutter Mane\n|-end|p2a: Flutter Mane|Protosynthesis|[silent]\n|-damage|p1b: Iron Hands|44\/100|[from] Recoil\n|-enditem|p1b: Iron Hands|Sitrus Berry|[eat]\n|-heal|p1b: Iron Hands|68\/100|[from] item: Sitrus Berry\n|\n|-fieldend|move: Trick Room\n|-status|p1a: Ursaluna|brn|[from] item: Flame Orb\n|upkeep\n|\n|t:|1701068947\n|switch|p2a: Urshifu|Urshifu-Rapid-Strike, L50, F|100\/100\n|turn|6\n|inactive|haamgamer07 has 30 seconds left.\n|inactive|haamgamer07 has 20 seconds left.\n|inactive|haamgamer07 has 15 seconds left.\n|inactive|haamgamer07 has 10 seconds left.\n|\n|t:|1701068995\n|-terastallize|p1a: Ursaluna|Ghost\n|move|p2a: Urshifu|Surging Strikes|p1a: Ursaluna\n|-crit|p1a: Ursaluna\n|-damage|p1a: Ursaluna|69\/100 brn\n|-crit|p1a: Ursaluna\n|-damage|p1a: Ursaluna|50\/100 brn\n|-crit|p1a: Ursaluna\n|-damage|p1a: Ursaluna|33\/100 brn\n|-hitcount|p1a: Ursaluna|3\n|move|p1b: Iron Hands|Drain Punch|p2b: Iron Hands\n|-damage|p2b: Iron Hands|30\/100\n|-heal|p1b: Iron Hands|97\/100|[from] drain|[of] p2b: Iron Hands\n|move|p2b: Iron Hands|Drain Punch|p1b: Iron Hands\n|-damage|p1b: Iron Hands|67\/100\n|-heal|p2b: Iron Hands|45\/100|[from] drain|[of] p1b: Iron Hands\n|move|p1a: Ursaluna|Facade|p2a: Urshifu\n|-damage|p2a: Urshifu|0 fnt\n|faint|p2a: Urshifu\n|\n|-damage|p1a: Ursaluna|28\/100 brn|[from] brn\n|upkeep\n|\n|t:|1701069011\n|switch|p2a: Roaring Moon|Roaring Moon, L50, tera:Flying|57\/100\n|turn|7\n|\n|t:|1701069027\n|move|p1a: Ursaluna|Protect|p1a: Ursaluna\n|-singleturn|p1a: Ursaluna|Protect\n|move|p2a: Roaring Moon|Knock Off|p1a: Ursaluna\n|-activate|p1a: Ursaluna|move: Protect\n|move|p1b: Iron Hands|Wild Charge|p2a: Roaring Moon\n|-supereffective|p2a: Roaring Moon\n|-damage|p2a: Roaring Moon|0 fnt\n|faint|p2a: Roaring Moon\n|-end|p2a: Roaring Moon|Protosynthesis|[silent]\n|-damage|p1b: Iron Hands|56\/100|[from] Recoil\n|move|p2b: Iron Hands|Drain Punch|p1b: Iron Hands\n|-damage|p1b: Iron Hands|25\/100\n|-heal|p2b: Iron Hands|61\/100|[from] drain|[of] p1b: Iron Hands\n|\n|-damage|p1a: Ursaluna|22\/100 brn|[from] brn\n|upkeep\n|turn|8\n|-message|epom158 forfeited.\n|\n|win|haamgamer07\n|raw|haamgamer07's rating: 1344 &rarr; <strong>1370<\/strong><br \/>(+26 for winning)\n|raw|epom158's rating: 1447 &rarr; <strong>1421<\/strong><br \/>(-26 for losing)\n|l|\u2606epom158\n","uploadtime":1701069047,"views":15,"p1id":"haamgamer07","p2id":"epom158","formatid":"gen9vgc2023regulatione","rating":1370,"private":0,"password":""}