{"id":"gen9vgc2023regulatione-1987938670","p1":"zanethrillseek","p2":"heavenz11","format":"[Gen 9] VGC 2023 Regulation E","log":"|j|\u2606zanethrillseek\n|j|\u2606heavenz11\n|t:|1699651116\n|gametype|doubles\n|player|p1|zanethrillseek|hilbert-wonderlauncher|1202\n|player|p2|heavenz11|swimmer-gen4dp|1109\n|teamsize|p1|6\n|teamsize|p2|6\n|gen|9\n|tier|[Gen 9] VGC 2023 Regulation E\n|rated|\n|rule|Species Clause: Limit one of each Pok\u00e9mon\n|rule|Item Clause: Limit one of each item\n|clearpoke\n|poke|p1|Tornadus, L50, M|\n|poke|p1|Chien-Pao, L50|\n|poke|p1|Rillaboom, L50, F|\n|poke|p1|Arcanine-Hisui, L50, M|\n|poke|p1|Flutter Mane, L50|\n|poke|p1|Urshifu-*, L50, M|\n|poke|p2|Tornadus, L50, M|\n|poke|p2|Urshifu-*, L50, F|\n|poke|p2|Farigiraf, L50, F|\n|poke|p2|Rillaboom, L50, F|\n|poke|p2|Heatran, L50, M|\n|poke|p2|Flutter Mane, L50|\n|teampreview|4\n|\n|t:|1699651161\n|start\n|switch|p1a: Tornadus|Tornadus, L50, M|100\/100\n|switch|p1b: Urshifu|Urshifu-Rapid-Strike, L50, M|100\/100\n|switch|p2a: Farigiraf|Farigiraf, L50, F|100\/100\n|switch|p2b: Heatran|Heatran, L50, M|100\/100\n|turn|1\n|\n|t:|1699651207\n|switch|p2b: Rillaboom|Rillaboom, L50, F|100\/100\n|-fieldstart|move: Grassy Terrain|[from] ability: Grassy Surge|[of] p2b: Rillaboom\n|-terastallize|p1b: Urshifu|Water\n|move|p1a: Tornadus|Rain Dance|p1a: Tornadus\n|-weather|RainDance\n|move|p1b: Urshifu|Surging Strikes|p2b: Rillaboom\n|-resisted|p2b: Rillaboom\n|-crit|p2b: Rillaboom\n|-damage|p2b: Rillaboom|74\/100\n|-resisted|p2b: Rillaboom\n|-crit|p2b: Rillaboom\n|-damage|p2b: Rillaboom|49\/100\n|-resisted|p2b: Rillaboom\n|-crit|p2b: Rillaboom\n|-damage|p2b: Rillaboom|26\/100\n|-hitcount|p2b: Rillaboom|3\n|move|p2a: Farigiraf|Trick Room|p2a: Farigiraf\n|-fieldstart|move: Trick Room|[of] p2a: Farigiraf\n|\n|-weather|RainDance|[upkeep]\n|-heal|p2b: Rillaboom|31\/100|[from] Grassy Terrain\n|upkeep\n|turn|2\n|\n|t:|1699651249\n|move|p2b: Rillaboom|Grassy Glide|p1b: Urshifu\n|-supereffective|p1b: Urshifu\n|-crit|p1b: Urshifu\n|-damage|p1b: Urshifu|0 fnt\n|faint|p1b: Urshifu\n|move|p2a: Farigiraf|Psyshock|p1a: Tornadus\n|-damage|p1a: Tornadus|65\/100\n|move|p1a: Tornadus|Bleakwind Storm|p2b: Rillaboom|[spread] p2a,p2b\n|-supereffective|p2b: Rillaboom\n|-damage|p2a: Farigiraf|67\/100\n|-damage|p2b: Rillaboom|0 fnt\n|-unboost|p2a: Farigiraf|spe|1\n|faint|p2b: Rillaboom\n|\n|-weather|RainDance|[upkeep]\n|-heal|p2a: Farigiraf|74\/100|[from] Grassy Terrain\n|upkeep\n|\n|t:|1699651269\n|switch|p2b: Heatran|Heatran, L50, M|100\/100\n|switch|p1b: Rillaboom|Rillaboom, L50, F|100\/100\n|turn|3\n|\n|t:|1699651308\n|move|p2a: Farigiraf|Psyshock|p1b: Rillaboom\n|-damage|p1b: Rillaboom|62\/100\n|move|p2b: Heatran|Heat Wave|p1b: Rillaboom|[spread] p1a\n|-miss|p2b: Heatran|p1b: Rillaboom\n|-damage|p1a: Tornadus|42\/100\n|move|p1b: Rillaboom|High Horsepower|p2b: Heatran\n|-supereffective|p2b: Heatran\n|-damage|p2b: Heatran|0 fnt\n|faint|p2b: Heatran\n|move|p1a: Tornadus|Bleakwind Storm|p2a: Farigiraf\n|-damage|p2a: Farigiraf|34\/100\n|-enditem|p2a: Farigiraf|Sitrus Berry|[eat]\n|-heal|p2a: Farigiraf|58\/100|[from] item: Sitrus Berry\n|\n|-weather|RainDance|[upkeep]\n|-heal|p2a: Farigiraf|64\/100|[from] Grassy Terrain\n|-heal|p1b: Rillaboom|68\/100|[from] Grassy Terrain\n|upkeep\n|\n|t:|1699651324\n|switch|p2b: Urshifu|Urshifu-Rapid-Strike, L50, F|100\/100\n|turn|4\n|\n|t:|1699651347\n|-terastallize|p2b: Urshifu|Water\n|move|p2a: Farigiraf|Psyshock|p1b: Rillaboom\n|-damage|p1b: Rillaboom|28\/100\n|move|p1b: Rillaboom|Wood Hammer|p2b: Urshifu\n|-supereffective|p2b: Urshifu\n|-damage|p2b: Urshifu|0 fnt\n|faint|p2b: Urshifu\n|-damage|p1b: Rillaboom|0 fnt|[from] Recoil\n|faint|p1b: Rillaboom\n|move|p1a: Tornadus|Bleakwind Storm|p2a: Farigiraf\n|-damage|p2a: Farigiraf|18\/100\n|-unboost|p2a: Farigiraf|spe|1\n|\n|-weather|RainDance|[upkeep]\n|-heal|p2a: Farigiraf|24\/100|[from] Grassy Terrain\n|upkeep\n|\n|t:|1699651363\n|switch|p1b: Chien-Pao|Chien-Pao, L50|100\/100\n|-ability|p1b: Chien-Pao|Sword of Ruin\n|turn|5\n|\n|t:|1699651417\n|move|p1a: Tornadus|Bleakwind Storm|p2a: Farigiraf\n|-damage|p2a: Farigiraf|0 fnt\n|faint|p2a: Farigiraf\n|\n|win|zanethrillseek\n|raw|zanethrillseek's rating: 1202 &rarr; <strong>1220<\/strong><br \/>(+18 for winning)\n|raw|heavenz11's rating: 1109 &rarr; <strong>1091<\/strong><br \/>(-18 for losing)\n","uploadtime":1699651423,"views":12,"p1id":"zanethrillseek","p2id":"heavenz11","formatid":"gen9vgc2023regulatione","rating":1091,"private":0,"password":""}