{"id":"gen9vgc2023regulatione-1995234426","p1":"Pokon98","p2":"leafyarrow","format":"[Gen 9] VGC 2023 Regulation E","log":"|j|\u2606Pokon98\n|j|\u2606leafyarrow\n|t:|1700537992\n|gametype|doubles\n|player|p1|Pokon98|li|1136\n|player|p2|leafyarrow|selene|1231\n|teamsize|p1|6\n|teamsize|p2|6\n|gen|9\n|tier|[Gen 9] VGC 2023 Regulation E\n|rated|\n|rule|Species Clause: Limit one of each Pok\u00e9mon\n|rule|Item Clause: Limit one of each item\n|clearpoke\n|poke|p1|Pelipper, L50, M|\n|poke|p1|Ludicolo, L50, F|\n|poke|p1|Sinistcha-Masterpiece, L50|\n|poke|p1|Iron Hands, L50|\n|poke|p1|Dragonite, L50, F|\n|poke|p1|Kingambit, L50, F|\n|poke|p2|Enamorus-Therian, L50, F|\n|poke|p2|Ursaluna, L50, M|\n|poke|p2|Indeedee-F, L50, F|\n|poke|p2|Armarouge, L50, M|\n|poke|p2|Gallade, L50, M|\n|poke|p2|Staraptor, L50, M|\n|teampreview|4\nleafyarrow has agreed to open team sheets.\nPokon98 has agreed to open team sheets.\n|\n|t:|1700538055\n|start\n|switch|p1a: Pelipper|Pelipper, L50, M|100\/100\n|switch|p1b: Ludicolo|Ludicolo, L50, F|100\/100\n|switch|p2a: Indeedee|Indeedee-F, L50, F|100\/100\n|switch|p2b: Gallade|Gallade, L50, M|100\/100\n|-weather|RainDance|[from] ability: Drizzle|[of] p1a: Pelipper\n|-fieldstart|move: Psychic Terrain|[from] ability: Psychic Surge|[of] p2a: Indeedee\n|-enditem|p2a: Indeedee|Psychic Seed\n|-boost|p2a: Indeedee|spd|1|[from] item: Psychic Seed\n|turn|1\n|\n|t:|1700538078\n|move|p2a: Indeedee|Follow Me|p2a: Indeedee\n|-singleturn|p2a: Indeedee|move: Follow Me\n|move|p1b: Ludicolo|Weather Ball|p2a: Indeedee\n|-damage|p2a: Indeedee|45\/100\n|-damage|p1b: Ludicolo|91\/100|[from] item: Life Orb\n|move|p1a: Pelipper|Hurricane|p2a: Indeedee\n|-damage|p2a: Indeedee|12\/100\n|move|p2b: Gallade|Trick Room|p2b: Gallade\n|-fieldstart|move: Trick Room|[of] p2b: Gallade\n|\n|-weather|RainDance|[upkeep]\n|upkeep\n|turn|2\n|\n|t:|1700538115\n|move|p2a: Indeedee|Helping Hand|p2b: Gallade\n|-singleturn|p2b: Gallade|Helping Hand|[of] p2a: Indeedee\n|move|p1a: Pelipper|Helping Hand|p1b: Ludicolo\n|-singleturn|p1b: Ludicolo|Helping Hand|[of] p1a: Pelipper\n|move|p2b: Gallade|Psycho Cut|p1a: Pelipper\n|-damage|p1a: Pelipper|0 fnt\n|faint|p1a: Pelipper\n|move|p1b: Ludicolo|Weather Ball|p2b: Gallade\n|-damage|p2b: Gallade|0 fnt\n|faint|p2b: Gallade\n|-damage|p1b: Ludicolo|81\/100|[from] item: Life Orb\n|\n|-weather|RainDance|[upkeep]\n|upkeep\n|\n|t:|1700538148\n|switch|p2b: Enamorus|Enamorus-Therian, L50, F|100\/100\n|switch|p1a: Iron Hands|Iron Hands, L50|100\/100\n|turn|3\n|\n|t:|1700538180\n|-terastallize|p2b: Enamorus|Fairy\n|-terastallize|p1a: Iron Hands|Grass\n|move|p2a: Indeedee|Helping Hand|p2b: Enamorus\n|-singleturn|p2b: Enamorus|Helping Hand|[of] p2a: Indeedee\n|move|p2b: Enamorus|Moonblast|p1a: Iron Hands\n|-damage|p1a: Iron Hands|0 fnt\n|faint|p1a: Iron Hands\n|-end|p1a: Iron Hands|Quark Drive|[silent]\n|move|p1b: Ludicolo|Weather Ball|p2a: Indeedee\n|-damage|p2a: Indeedee|0 fnt\n|faint|p2a: Indeedee\n|-damage|p1b: Ludicolo|72\/100|[from] item: Life Orb\n|\n|-weather|RainDance|[upkeep]\n|upkeep\n|\n|t:|1700538194\n|switch|p1a: Kingambit|Kingambit, L50, F|100\/100\n|switch|p2a: Armarouge|Armarouge, L50, M|100\/100\n|turn|4\n|\n|t:|1700538225\n|move|p2a: Armarouge|Protect|p2a: Armarouge\n|-singleturn|p2a: Armarouge|Protect\n|move|p1a: Kingambit|Sucker Punch||[still]\n|-fail|p1a: Kingambit\n|move|p2b: Enamorus|Moonblast|p1a: Kingambit\n|-damage|p1a: Kingambit|0 fnt\n|faint|p1a: Kingambit\n|move|p1b: Ludicolo|Weather Ball|p2b: Enamorus\n|-damage|p2b: Enamorus|12\/100\n|-damage|p1b: Ludicolo|62\/100|[from] item: Life Orb\n|\n|-weather|RainDance|[upkeep]\n|upkeep\n|turn|5\n|\n|t:|1700538239\n|move|p1b: Ludicolo|Protect|p1b: Ludicolo\n|-singleturn|p1b: Ludicolo|Protect\n|move|p2b: Enamorus|Moonblast|p1b: Ludicolo\n|-activate|p1b: Ludicolo|move: Protect\n|move|p2a: Armarouge|Expanding Force|p1b: Ludicolo\n|-activate|p1b: Ludicolo|move: Protect\n|\n|-weather|RainDance|[upkeep]\n|-fieldend|move: Trick Room\n|-fieldend|move: Psychic Terrain\n|upkeep\n|turn|6\n|\n|t:|1700538262\n|move|p1b: Ludicolo|Weather Ball|p2b: Enamorus\n|-damage|p2b: Enamorus|0 fnt\n|faint|p2b: Enamorus\n|-damage|p1b: Ludicolo|52\/100|[from] item: Life Orb\n|move|p2a: Armarouge|Expanding Force|p1b: Ludicolo\n|-damage|p1b: Ludicolo|0 fnt\n|faint|p1b: Ludicolo\n|\n|win|leafyarrow\n|raw|Pokon98's rating: 1136 &rarr; <strong>1118<\/strong><br \/>(-18 for losing)\n|raw|leafyarrow's rating: 1231 &rarr; <strong>1249<\/strong><br \/>(+18 for winning)\n|l|\u2606Pokon98\n","uploadtime":1700538272,"views":29,"p1id":"pokon98","p2id":"leafyarrow","formatid":"gen9vgc2023regulatione","rating":1118,"private":0,"password":""}