{"id":"gen9vgc2023regulatione-2000053639","p1":"tyranitrev","p2":"cleto92","format":"[Gen 9] VGC 2023 Regulation E","log":"|j|\u2606tyranitrev\n|j|\u2606cleto92\n|t:|1701146703\n|gametype|doubles\n|player|p1|tyranitrev|169|1181\n|player|p2|cleto92|linebacker|1095\n|teamsize|p1|6\n|teamsize|p2|6\n|gen|9\n|tier|[Gen 9] VGC 2023 Regulation E\n|rated|\n|rule|Species Clause: Limit one of each Pok\u00e9mon\n|rule|Item Clause: Limit one of each item\n|clearpoke\n|poke|p1|Arcanine-Hisui, L50, M|\n|poke|p1|Articuno-Galar, L50|\n|poke|p1|Gholdengo, L50|\n|poke|p1|Iron Hands, L50|\n|poke|p1|Roaring Moon, L50|\n|poke|p1|Urshifu-*, L50, F|\n|poke|p2|Amoonguss, L50, F|\n|poke|p2|Iron Hands, L50|\n|poke|p2|Cresselia, L50, F|\n|poke|p2|Landorus-Therian, L50, M|\n|poke|p2|Weezing, L50, F|\n|poke|p2|Milotic, L50, M|\n|teampreview|4\n|\n|t:|1701146752\n|start\n|switch|p1a: Iron Hands|Iron Hands, L50|100\/100\n|switch|p1b: Roaring Moon|Roaring Moon, L50|100\/100\n|switch|p2a: Milotic|Milotic, L50, M, shiny|100\/100\n|switch|p2b: Iron Hands|Iron Hands, L50, shiny|100\/100\n|-enditem|p1b: Roaring Moon|Booster Energy\n|-activate|p1b: Roaring Moon|ability: Protosynthesis|[fromitem]\n|-start|p1b: Roaring Moon|protosynthesisspe\n|turn|1\n|\n|t:|1701146792\n|switch|p2a: Landorus|Landorus-Therian, L50, M, shiny|100\/100\n|-ability|p2a: Landorus|Intimidate|boost\n|-unboost|p1a: Iron Hands|atk|1\n|-unboost|p1b: Roaring Moon|atk|1\n|move|p1a: Iron Hands|Fake Out|p2b: Iron Hands\n|-damage|p2b: Iron Hands|92\/100\n|cant|p2b: Iron Hands|flinch\n|move|p1b: Roaring Moon|Tailwind|p1b: Roaring Moon\n|-sidestart|p1: tyranitrev|move: Tailwind\n|\n|upkeep\n|turn|2\n|\n|t:|1701146823\n|-end|p1a: Iron Hands|Quark Drive|[silent]\n|switch|p1a: Arcanine|Arcanine-Hisui, L50, M|100\/100\n|-ability|p1a: Arcanine|Intimidate|boost\n|-unboost|p2a: Landorus|atk|1\n|-unboost|p2b: Iron Hands|atk|1\n|switch|p2a: Weezing|Weezing, L50, F, shiny|100\/100\n|-ability|p2a: Weezing|Neutralizing Gas\n|move|p1b: Roaring Moon|Protect|p1b: Roaring Moon\n|-singleturn|p1b: Roaring Moon|Protect\n|move|p2b: Iron Hands|Drain Punch|p1b: Roaring Moon\n|-activate|p1b: Roaring Moon|move: Protect\n|\n|upkeep\n|turn|3\n|\n|t:|1701146853\n|-end|p1b: Roaring Moon|Protosynthesis|[silent]\n|switch|p1b: Iron Hands|Iron Hands, L50|100\/100\n|-end|p2b: Iron Hands|Quark Drive|[silent]\n|switch|p2b: Milotic|Milotic, L50, M, shiny|100\/100\n|-terastallize|p1a: Arcanine|Fairy\n|move|p1a: Arcanine|Tera Blast|p2b: Milotic|[anim] Tera Blast Fairy\n|-damage|p2b: Milotic|57\/100\n|move|p2a: Weezing|Will-O-Wisp|p1b: Iron Hands\n|-status|p1b: Iron Hands|brn\n|\n|-heal|p2b: Milotic|63\/100|[from] item: Leftovers\n|-damage|p1b: Iron Hands|94\/100 brn|[from] brn\n|upkeep\n|turn|4\n|\n|t:|1701146896\n|move|p2b: Milotic|Protect|p2b: Milotic\n|-singleturn|p2b: Milotic|Protect\n|move|p1a: Arcanine|Tera Blast|p2b: Milotic|[anim] Tera Blast Fairy\n|-activate|p2b: Milotic|move: Protect\n|move|p1b: Iron Hands|Wild Charge|p2b: Milotic\n|-activate|p2b: Milotic|move: Protect\n|move|p2a: Weezing|Sludge Bomb|p1b: Iron Hands\n|-damage|p1b: Iron Hands|78\/100 brn\n|\n|-heal|p2b: Milotic|69\/100|[from] item: Leftovers\n|-damage|p1b: Iron Hands|72\/100 brn|[from] brn\n|-sideend|p1: tyranitrev|move: Tailwind\n|upkeep\n|turn|5\n|\n|t:|1701146926\n|switch|p2b: Landorus|Landorus-Therian, L50, M, shiny|100\/100\n|-ability|p2b: Landorus|Intimidate|boost\n|-unboost|p1a: Arcanine|atk|1\n|-unboost|p1b: Iron Hands|atk|1\n|move|p1a: Arcanine|Tera Blast|p2b: Landorus|[anim] Tera Blast Fairy\n|-damage|p2b: Landorus|60\/100\n|move|p1b: Iron Hands|Close Combat|p2b: Landorus\n|-resisted|p2b: Landorus\n|-damage|p2b: Landorus|49\/100\n|-unboost|p1b: Iron Hands|def|1\n|-unboost|p1b: Iron Hands|spd|1\n|move|p2a: Weezing|Will-O-Wisp|p1a: Arcanine|[miss]\n|-miss|p2a: Weezing|p1a: Arcanine\n|\n|-damage|p1b: Iron Hands|66\/100 brn|[from] brn\n|upkeep\n|turn|6\n|\n|t:|1701146962\n|switch|p1a: Roaring Moon|Roaring Moon, L50|100\/100\n|move|p2b: Landorus|Protect|p2b: Landorus\n|-singleturn|p2b: Landorus|Protect\n|move|p1b: Iron Hands|Ice Punch|p2b: Landorus\n|-activate|p2b: Landorus|move: Protect\n|move|p2a: Weezing|Sludge Bomb|p1a: Roaring Moon\n|-damage|p1a: Roaring Moon|76\/100\n|-status|p1a: Roaring Moon|psn\n|\n|-damage|p1a: Roaring Moon|64\/100 psn|[from] psn\n|-damage|p1b: Iron Hands|60\/100 brn|[from] brn\n|upkeep\n|turn|7\n|\n|t:|1701147003\n|move|p2a: Weezing|Protect|p2a: Weezing\n|-singleturn|p2a: Weezing|Protect\n|move|p1a: Roaring Moon|Tailwind|p1a: Roaring Moon\n|-sidestart|p1: tyranitrev|move: Tailwind\n|move|p1b: Iron Hands|Wild Charge|p2b: Landorus\n|-immune|p2b: Landorus\n|move|p2b: Landorus|U-turn|p1a: Roaring Moon\n|-supereffective|p1a: Roaring Moon\n|-damage|p1a: Roaring Moon|18\/100 psn\n|\n|t:|1701147015\n|switch|p2b: Iron Hands|Iron Hands, L50, shiny|92\/100|[from] U-turn\n|\n|-damage|p1a: Roaring Moon|6\/100 psn|[from] psn\n|-damage|p1b: Iron Hands|54\/100 brn|[from] brn\n|upkeep\n|turn|8\n|\n|t:|1701147038\n|-end|p1a: Roaring Moon|Protosynthesis|[silent]\n|switch|p1a: Arcanine|Arcanine-Hisui, L50, M, tera:Fairy|100\/100\n|-end|p1b: Iron Hands|Quark Drive|[silent]\n|switch|p1b: Articuno|Articuno-Galar, L50|100\/100\n|move|p2b: Iron Hands|Fake Out|p1a: Arcanine\n|-damage|p1a: Arcanine|81\/100\n|move|p2a: Weezing|Sludge Bomb|p1b: Articuno\n|-damage|p1b: Articuno|76\/100\n|\n|upkeep\n|turn|9\n|\n|t:|1701147072\n|-terastallize|p2a: Weezing|Fire\n|move|p1a: Arcanine|Rock Slide|p2b: Iron Hands|[spread] p2a,p2b\n|-supereffective|p2a: Weezing\n|-resisted|p2b: Iron Hands\n|-damage|p2a: Weezing|31\/100\n|-damage|p2b: Iron Hands|77\/100\n|-enditem|p2a: Weezing|Sitrus Berry|[eat]\n|-heal|p2a: Weezing|56\/100|[from] item: Sitrus Berry\n|move|p1b: Articuno|Freezing Glare|p2b: Iron Hands\n|-supereffective|p2b: Iron Hands\n|-damage|p2b: Iron Hands|33\/100\n|move|p2a: Weezing|Will-O-Wisp|p1a: Arcanine\n|-status|p1a: Arcanine|brn\n|move|p2b: Iron Hands|Wild Charge|p1b: Articuno\n|-supereffective|p1b: Articuno\n|-damage|p1b: Articuno|0 fnt\n|-damage|p2b: Iron Hands|17\/100|[from] item: Rocky Helmet|[of] p1b: Articuno\n|faint|p1b: Articuno\n|-damage|p2b: Iron Hands|1\/100|[from] Recoil\n|\n|-damage|p1a: Arcanine|75\/100 brn|[from] brn\n|upkeep\n|\n|t:|1701147097\n|switch|p1b: Iron Hands|Iron Hands, L50|54\/100 brn\n|turn|10\n|\n|t:|1701147124\n|-end|p2b: Iron Hands|Quark Drive|[silent]\n|switch|p2b: Landorus|Landorus-Therian, L50, M, shiny|49\/100\n|-ability|p2b: Landorus|Intimidate|boost\n|-unboost|p1a: Arcanine|atk|1\n|-unboost|p1b: Iron Hands|atk|1\n|move|p2a: Weezing|Protect|p2a: Weezing\n|-singleturn|p2a: Weezing|Protect\n|move|p1a: Arcanine|Rock Slide|p2a: Weezing|[spread] p2b\n|-activate|p2a: Weezing|move: Protect\n|-damage|p2b: Landorus|36\/100\n|move|p1b: Iron Hands|Ice Punch|p2b: Landorus\n|-supereffective|p2b: Landorus\n|-damage|p2b: Landorus|0 fnt\n|faint|p2b: Landorus\n|\n|-damage|p1a: Arcanine|69\/100 brn|[from] brn\n|-damage|p1b: Iron Hands|48\/100 brn|[from] brn\n|-sideend|p1: tyranitrev|move: Tailwind\n|upkeep\n|\n|t:|1701147144\n|switch|p2b: Iron Hands|Iron Hands, L50, shiny|1\/100\n|turn|11\n|\n|t:|1701147171\n|move|p2b: Iron Hands|Fake Out|p1a: Arcanine\n|-damage|p1a: Arcanine|50\/100 brn\n|cant|p1a: Arcanine|flinch\n|move|p1b: Iron Hands|Close Combat|p2a: Weezing\n|-damage|p2a: Weezing|38\/100\n|-unboost|p1b: Iron Hands|def|1\n|-unboost|p1b: Iron Hands|spd|1\n|move|p2a: Weezing|Sludge Bomb|p1a: Arcanine\n|-supereffective|p1a: Arcanine\n|-damage|p1a: Arcanine|0 fnt\n|faint|p1a: Arcanine\n|\n|-damage|p1b: Iron Hands|42\/100 brn|[from] brn\n|upkeep\n|\n|t:|1701147180\n|switch|p1a: Roaring Moon|Roaring Moon, L50|6\/100 psn\n|turn|12\n|\n|t:|1701147198\n|move|p2a: Weezing|Protect|p2a: Weezing\n|-singleturn|p2a: Weezing|Protect\n|move|p1a: Roaring Moon|Breaking Swipe|p2a: Weezing|[spread] p2b\n|-activate|p2a: Weezing|move: Protect\n|-damage|p2b: Iron Hands|0 fnt\n|faint|p2b: Iron Hands\n|-end|p2b: Iron Hands|Quark Drive|[silent]\n|move|p1b: Iron Hands|Close Combat|p2a: Weezing\n|-activate|p2a: Weezing|move: Protect\n|\n|-damage|p1a: Roaring Moon|0 fnt|[from] psn\n|faint|p1a: Roaring Moon\n|-end|p1a: Roaring Moon|Protosynthesis|[silent]\n|-damage|p1b: Iron Hands|35\/100 brn|[from] brn\n|upkeep\n|\n|t:|1701147215\n|switch|p2b: Milotic|Milotic, L50, M, shiny|69\/100\n|turn|13\n|-message|tyranitrev forfeited.\n|\n|win|cleto92\n|raw|tyranitrev's rating: 1181 &rarr; <strong>1150<\/strong><br \/>(-31 for losing)\n|raw|cleto92's rating: 1095 &rarr; <strong>1127<\/strong><br \/>(+32 for winning)\n","uploadtime":1701147224,"views":7,"p1id":"tyranitrev","p2id":"cleto92","formatid":"gen9vgc2023regulatione","rating":1127,"private":0,"password":""}