{"id":"gen9vgc2023regulatione-1989143303","p1":"Wertypt123","p2":"OceanRayClark","format":"[Gen 9] VGC 2023 Regulation E","log":"|j|\u2606Wertypt123\n|j|\u2606OceanRayClark\n|t:|1699816841\n|gametype|doubles\n|player|p1|Wertypt123|169|1066\n|player|p2|OceanRayClark|marshal|1116\n|teamsize|p1|6\n|teamsize|p2|6\n|gen|9\n|tier|[Gen 9] VGC 2023 Regulation E\n|rated|\n|rule|Species Clause: Limit one of each Pok\u00e9mon\n|rule|Item Clause: Limit one of each item\n|clearpoke\n|poke|p1|Iron Valiant, L50|\n|poke|p1|Grimmsnarl, L50, M|\n|poke|p1|Amoonguss, L50, M|\n|poke|p1|Chandelure, L50, F|\n|poke|p1|Chien-Pao, L50|\n|poke|p1|Salamence, L50, F|\n|poke|p2|Annihilape, L50, M|\n|poke|p2|Gallade, L50, M|\n|poke|p2|Iron Hands, L50|\n|poke|p2|Glimmora, L50, F|\n|poke|p2|Ninetales-Alola, L50, F|\n|poke|p2|Haxorus, L50, M|\n|teampreview|4\nOceanRayClark rejected open team sheets.\n|\n|t:|1699816883\n|start\n|switch|p1a: Chandelure|Chandelure, L50, F, shiny|100\/100\n|switch|p1b: Chien-Pao|Chien-Pao, L50|100\/100\n|switch|p2a: Princess|Ninetales-Alola, L50, F|100\/100\n|switch|p2b: Milky Rose\ud83c\udf39|Glimmora, L50, F|100\/100\n|-ability|p1b: Chien-Pao|Sword of Ruin\n|-weather|Snow|[from] ability: Snow Warning|[of] p2a: Princess\n|turn|1\n|inactive|Battle timer is ON: inactive players will automatically lose when time's up. (requested by OceanRayClark)\n|c|\u2606OceanRayClark|Good Luck :)\n|inactive|Wertypt123 has 60 seconds left.\n|c|\u2606Wertypt123|you too :)\n|\n|t:|1699816933\n|move|p1b: Chien-Pao|Ice Spinner|p2a: Princess\n|-resisted|p2a: Princess\n|-damage|p2a: Princess|67\/100\n|move|p2a: Princess|Dazzling Gleam|p1b: Chien-Pao|[spread] p1a,p1b\n|-resisted|p1a: Chandelure\n|-supereffective|p1b: Chien-Pao\n|-damage|p1a: Chandelure|84\/100\n|-damage|p1b: Chien-Pao|35\/100\n|move|p1a: Chandelure|Heat Wave|p2b: Milky Rose\ud83c\udf39|[spread] p2a,p2b\n|-supereffective|p2a: Princess\n|-resisted|p2b: Milky Rose\ud83c\udf39\n|-damage|p2a: Princess|0 fnt\n|-damage|p2b: Milky Rose\ud83c\udf39|73\/100\n|faint|p2a: Princess\n|-damage|p1a: Chandelure|75\/100|[from] item: Life Orb\n|move|p2b: Milky Rose\ud83c\udf39|Power Gem|p1b: Chien-Pao\n|-supereffective|p1b: Chien-Pao\n|-damage|p1b: Chien-Pao|0 fnt\n|faint|p1b: Chien-Pao\n|\n|-weather|Snow|[upkeep]\n|-heal|p2b: Milky Rose\ud83c\udf39|78\/100|[from] item: Black Sludge\n|upkeep\n|inactive|Wertypt123 has 30 seconds left.\n|inactive|Wertypt123 has 20 seconds left.\n|\n|t:|1699816969\n|switch|p1b: Salamence|Salamence, L50, F|100\/100\n|switch|p2a: Draco|Haxorus, L50, M, shiny|100\/100\n|-ability|p1b: Salamence|Intimidate|boost\n|-unboost|p2a: Draco|atk|1\n|-unboost|p2b: Milky Rose\ud83c\udf39|atk|1\n|-ability|p2a: Draco|Mold Breaker\n|turn|2\n|\n|t:|1699816988\n|-terastallize|p2a: Draco|Steel\n|move|p2b: Milky Rose\ud83c\udf39|Spiky Shield|p2b: Milky Rose\ud83c\udf39\n|-singleturn|p2b: Milky Rose\ud83c\udf39|move: Protect\n|move|p1b: Salamence|Dragon Claw|p2a: Draco\n|-resisted|p2a: Draco\n|-damage|p2a: Draco|74\/100\n|move|p1a: Chandelure|Energy Ball|p2b: Milky Rose\ud83c\udf39\n|-activate|p2b: Milky Rose\ud83c\udf39|move: Protect\n|move|p2a: Draco|Earthquake|p1a: Chandelure|[spread] p1a\n|-activate|p2b: Milky Rose\ud83c\udf39|move: Protect\n|-immune|p1b: Salamence\n|-supereffective|p1a: Chandelure\n|-damage|p1a: Chandelure|0 fnt\n|faint|p1a: Chandelure\n|\n|-weather|Snow|[upkeep]\n|-heal|p2b: Milky Rose\ud83c\udf39|84\/100|[from] item: Black Sludge\n|upkeep\n|inactive|Wertypt123 has 30 seconds left.\n|\n|t:|1699817021\n|switch|p1a: Grimmsnarl|Grimmsnarl, L50, M|100\/100\n|turn|3\n|\n|t:|1699817039\n|move|p1a: Grimmsnarl|Fake Out|p2a: Draco\n|-resisted|p2a: Draco\n|-damage|p2a: Draco|68\/100\n|move|p1b: Salamence|Dragon Claw|p2a: Draco\n|-resisted|p2a: Draco\n|-damage|p2a: Draco|42\/100\n|cant|p2a: Draco|flinch\n|move|p2b: Milky Rose\ud83c\udf39|Dazzling Gleam|p1a: Grimmsnarl|[spread] p1a,p1b\n|-supereffective|p1a: Grimmsnarl\n|-supereffective|p1b: Salamence\n|-damage|p1a: Grimmsnarl|60\/100\n|-damage|p1b: Salamence|65\/100\n|\n|-weather|Snow|[upkeep]\n|-heal|p2b: Milky Rose\ud83c\udf39|90\/100|[from] item: Black Sludge\n|upkeep\n|turn|4\n|\n|t:|1699817055\n|move|p1b: Salamence|Iron Head|p2b: Milky Rose\ud83c\udf39\n|-supereffective|p2b: Milky Rose\ud83c\udf39\n|-damage|p2b: Milky Rose\ud83c\udf39|32\/100\n|-activate|p2b: Milky Rose\ud83c\udf39|ability: Toxic Debris\n|-sidestart|p1: Wertypt123|move: Toxic Spikes\n|move|p2a: Draco|Dragon Claw|p1b: Salamence\n|-supereffective|p1b: Salamence\n|-damage|p1b: Salamence|0 fnt\n|faint|p1b: Salamence\n|cant|p2b: Milky Rose\ud83c\udf39|flinch\n|move|p1a: Grimmsnarl|Leech Life|p2a: Draco\n|-resisted|p2a: Draco\n|-damage|p2a: Draco|30\/100\n|-heal|p1a: Grimmsnarl|65\/100|[from] drain|[of] p2a: Draco\n|\n|-weather|Snow|[upkeep]\n|-heal|p2b: Milky Rose\ud83c\udf39|38\/100|[from] item: Black Sludge\n|upkeep\n|turn|5\n|c|\u2606Wertypt123|gg\n|\n|t:|1699817074\n|move|p2a: Draco|Tera Blast|p1a: Grimmsnarl|[anim] Tera Blast Steel\n|-supereffective|p1a: Grimmsnarl\n|-damage|p1a: Grimmsnarl|0 fnt\n|faint|p1a: Grimmsnarl\n|\n|win|OceanRayClark\n|raw|Wertypt123's rating: 1066 &rarr; <strong>1049<\/strong><br \/>(-17 for losing)\n|raw|OceanRayClark's rating: 1116 &rarr; <strong>1137<\/strong><br \/>(+21 for winning)\n|c|\u2606OceanRayClark|GG\n|c|\u2606OceanRayClark|thanks\n","uploadtime":1699817080,"views":22,"p1id":"wertypt123","p2id":"oceanrayclark","formatid":"gen9vgc2023regulatione","rating":1049,"private":0,"password":""}