{"id":"gen9vgc2023regulatione-1994804685","p1":"JacobMR527","p2":"Aphro Ray Koga","format":"[Gen 9] VGC 2023 Regulation E","log":"|j|\u2606JacobMR527\n|j|\u2606Aphro Ray Koga\n|n|\u2606JacobMR527|jacobmr527\n|n|\u2606Aphro Ray Koga|aphroraykoga\n|html|View the match progress at <a href=\"\/game-bestof3-gen9vgc2023regulatione-1994800297\">game-bestof3-gen9vgc2023regulatione-1994800297<\/a>\n|t:|1700494398\n|gametype|doubles\n|player|p1|JacobMR527|volo|\n|player|p2|Aphro Ray Koga|marlon|\n|teamsize|p1|6\n|teamsize|p2|6\n|gen|9\n|tier|[Gen 9] VGC 2023 Regulation E\n|rated|Tournament battle\n|rule|Species Clause: Limit one of each Pok\u00e9mon\n|rule|Item Clause: Limit one of each item\n|clearpoke\n|poke|p1|Flutter Mane, L50|\n|poke|p1|Iron Hands, L50|\n|poke|p1|Arcanine-Hisui, L50, F|\n|poke|p1|Ogerpon-Wellspring, L50, F|\n|poke|p1|Chien-Pao, L50|\n|poke|p1|Ting-Lu, L50|\n|poke|p2|Charizard, L50, F|\n|poke|p2|Gastrodon-East, L50, M|\n|poke|p2|Tornadus, L50, M|\n|poke|p2|Brambleghast, L50, F|\n|poke|p2|Pelipper, L50, F|\n|poke|p2|Ludicolo, L50, F|\n|teampreview|4\n|showteam|p1|Flutter Mane||BoosterEnergy|Protosynthesis|Moonblast,ShadowBall,DazzlingGleam,Protect||||||50|,,,,,Fairy]Iron Hands||Leftovers|QuarkDrive|DrainPunch,FakeOut,WildCharge,HeavySlam||||||50|,,,,,Grass]Arcanine-Hisui||ChoiceBand|Intimidate|FlareBlitz,HeadSmash,ExtremeSpeed,RockSlide|||F|||50|,,,,,Normal]Ogerpon-Wellspring||WellspringMask|WaterAbsorb|IvyCudgel,SpikyShield,FollowMe,HornLeech|||F|||50|,,,,,Water]Chien-Pao||FocusSash|SwordofRuin|IcicleCrash,SacredSword,SuckerPunch,Protect||||||50|,,,,,Ghost]Ting-Lu||AssaultVest|VesselofRuin|Fissure,StompingTantrum,HeavySlam,BodyPress||||||50|,,,,,Poison\n|showteam|p2|Charizard||LifeOrb|SolarPower|SolarBeam,HeatWave,Hurricane,Protect|||F|||50|,,,,,Grass]Gastrodon-East||Leftovers|StormDrain|MuddyWater,SludgeBomb,Protect,EarthPower|||M|||50|,,,,,Poison]Tornadus||CovertCloak|Prankster|BleakwindStorm,WeatherBall,SunnyDay,Tailwind|||M|||50|,,,,,Flying]Brambleghast||LoadedDice|WindRider|PhantomForce,StrengthSap,Protect,BulletSeed|||F|||50|,,,,,Grass]Pelipper||FocusSash|Drizzle|Hurricane,WideGuard,Tailwind,Surf|||F|||50|,,,,,Steel]Ludicolo||AssaultVest|SwiftSwim|GigaDrain,Surf,Blizzard,FakeOut|||F|||50|,,,,,Water\n|inactive|Battle timer is ON: inactive players will automatically lose when time's up. (requested by Aphro Ray Koga)\n|inactive|JacobMR527 also wants the timer to be on.\n|j| Red Fang X\n|\n|t:|1700494425\n|start\n|switch|p1a: LIL KABUKI GAL|Ogerpon-Wellspring, L50, F|100\/100\n|switch|p1b: Madam Hairspray|Flutter Mane, L50|100\/100\n|switch|p2a: Tornadus|Tornadus, L50, M|100\/100\n|switch|p2b: Brambleghast|Brambleghast, L50, F|100\/100\n|-enditem|p1b: Madam Hairspray|Booster Energy\n|-activate|p1b: Madam Hairspray|ability: Protosynthesis|[fromitem]\n|-start|p1b: Madam Hairspray|protosynthesisspe\n|turn|1\n|\n|t:|1700494447\n|-terastallize|p1b: Madam Hairspray|Fairy\n|move|p1a: LIL KABUKI GAL|Follow Me|p1a: LIL KABUKI GAL\n|-singleturn|p1a: LIL KABUKI GAL|move: Follow Me\n|move|p2a: Tornadus|Tailwind|p2a: Tornadus\n|-sidestart|p2: Aphro Ray Koga|move: Tailwind\n|-ability|p2b: Brambleghast|Wind Rider|boost\n|-boost|p2b: Brambleghast|atk|1\n|move|p2b: Brambleghast|Bullet Seed|p1a: LIL KABUKI GAL\n|-damage|p1a: LIL KABUKI GAL|75\/100\n|-damage|p1a: LIL KABUKI GAL|51\/100\n|-damage|p1a: LIL KABUKI GAL|29\/100\n|-damage|p1a: LIL KABUKI GAL|6\/100\n|-damage|p1a: LIL KABUKI GAL|0 fnt\n|faint|p1a: LIL KABUKI GAL\n|-hitcount|p1: LIL KABUKI GAL|5\n|move|p1b: Madam Hairspray|Moonblast|p2b: Brambleghast\n|-damage|p2b: Brambleghast|0 fnt\n|faint|p2b: Brambleghast\n|\n|upkeep\n|\n|t:|1700494458\n|switch|p1a: Mr Eggs|Iron Hands, L50|100\/100\n|switch|p2b: Pelipper|Pelipper, L50, F|100\/100\n|-weather|RainDance|[from] ability: Drizzle|[of] p2b: Pelipper\n|turn|2\n|\n|t:|1700494471\n|move|p2b: Pelipper|Wide Guard|p2b: Pelipper\n|-singleturn|p2b: Pelipper|Wide Guard\n|move|p1a: Mr Eggs|Fake Out|p2b: Pelipper\n|-damage|p2b: Pelipper|83\/100\n|move|p2a: Tornadus|Bleakwind Storm|p1a: Mr Eggs|[spread] p1a,p1b\n|-damage|p1a: Mr Eggs|73\/100\n|-damage|p1b: Madam Hairspray|63\/100\n|move|p1b: Madam Hairspray|Moonblast|p2a: Tornadus\n|-damage|p2a: Tornadus|0 fnt\n|faint|p2a: Tornadus\n|\n|-weather|RainDance|[upkeep]\n|-heal|p1a: Mr Eggs|79\/100|[from] item: Leftovers\n|upkeep\n|\n|t:|1700494482\n|switch|p2a: Ludicolo|Ludicolo, L50, F|100\/100\n|turn|3\n|\n|t:|1700494498\n|-terastallize|p2b: Pelipper|Steel\n|move|p1b: Madam Hairspray|Protect|p1b: Madam Hairspray\n|-singleturn|p1b: Madam Hairspray|Protect\n|move|p2a: Ludicolo|Fake Out|p1a: Mr Eggs\n|-damage|p1a: Mr Eggs|74\/100\n|move|p2b: Pelipper|Surf|p1b: Madam Hairspray|[spread] p2a,p1a\n|-activate|p1b: Madam Hairspray|move: Protect\n|-resisted|p2a: Ludicolo\n|-damage|p2a: Ludicolo|92\/100\n|-damage|p1a: Mr Eggs|39\/100\n|cant|p1a: Mr Eggs|flinch\n|\n|-weather|RainDance|[upkeep]\n|-heal|p1a: Mr Eggs|45\/100|[from] item: Leftovers\n|upkeep\n|turn|4\n|\n|t:|1700494516\n|move|p2a: Ludicolo|Giga Drain|p1a: Mr Eggs\n|-crit|p1a: Mr Eggs\n|-damage|p1a: Mr Eggs|10\/100\n|-heal|p2a: Ludicolo|100\/100|[from] drain|[of] p1a: Mr Eggs\n|move|p1b: Madam Hairspray|Moonblast|p2a: Ludicolo\n|-damage|p2a: Ludicolo|42\/100\n|move|p2b: Pelipper|Surf|p1b: Madam Hairspray|[spread] p2a,p1a,p1b\n|-resisted|p2a: Ludicolo\n|-damage|p2a: Ludicolo|34\/100\n|-damage|p1a: Mr Eggs|0 fnt\n|-damage|p1b: Madam Hairspray|12\/100\n|faint|p1a: Mr Eggs\n|-end|p1a: Mr Eggs|Quark Drive|[silent]\n|\n|-weather|RainDance|[upkeep]\n|-sideend|p2: Aphro Ray Koga|move: Tailwind\n|upkeep\n|\n|t:|1700494523\n|switch|p1a: French vanilla|Chien-Pao, L50|100\/100\n|-ability|p1a: French vanilla|Sword of Ruin\n|turn|5\n|\n|t:|1700494528\n|move|p1a: French vanilla|Sucker Punch|p2a: Ludicolo\n|-damage|p2a: Ludicolo|0 fnt\n|faint|p2a: Ludicolo\n|move|p1b: Madam Hairspray|Shadow Ball|p2b: Pelipper\n|-damage|p2b: Pelipper|27\/100\n|move|p2b: Pelipper|Surf|p1a: French vanilla|[spread] p1a,p1b\n|-crit|p1a: French vanilla\n|-enditem|p1a: French vanilla|Focus Sash\n|-damage|p1a: French vanilla|1\/100\n|-damage|p1b: Madam Hairspray|0 fnt\n|faint|p1b: Madam Hairspray\n|-end|p1b: Madam Hairspray|Protosynthesis|[silent]\n|\n|-weather|RainDance|[upkeep]\n|upkeep\n|turn|6\n|\n|t:|1700494533\n|move|p1a: French vanilla|Sacred Sword|p2b: Pelipper\n|-supereffective|p2b: Pelipper\n|-damage|p2b: Pelipper|0 fnt\n|faint|p2b: Pelipper\n|\n|win|JacobMR527\n|c|\u2606JacobMR527|ggwp\n|c|\u2606Aphro Ray Koga|Ggwp\n|l|\u2606Aphro Ray Koga\n|l|\u2606JacobMR527\n|l| Red Fang X\n|j|\u2606JacobMR527\n|player|p1|JacobMR527|volo\n","uploadtime":1700494993,"views":4,"p1id":"jacobmr527","p2id":"aphroraykoga","formatid":"gen9vgc2023regulatione","rating":0,"private":0,"password":""}