{"id":"gen9vgc2023regulatione-1990914612","p1":"Starlightkoma","p2":"hyperoidyt","format":"[Gen 9] VGC 2023 Regulation E","log":"|j|\u2606Starlightkoma\n|j|\u2606hyperoidyt\n|n|\u2606Starlightkoma|starlightkoma\n|n|\u2606hyperoidyt|hyperoidyt\n|html|View the match progress at <a href=\"\/game-bestof3-gen9vgc2023regulatione-1990911131\">game-bestof3-gen9vgc2023regulatione-1990911131<\/a>\n|t:|1700014600\n|gametype|doubles\n|player|p1|Starlightkoma|102|\n|player|p2|hyperoidyt|hilda|\n|teamsize|p1|6\n|teamsize|p2|6\n|gen|9\n|tier|[Gen 9] VGC 2023 Regulation E\n|rule|Species Clause: Limit one of each Pok\u00e9mon\n|rule|Item Clause: Limit one of each item\n|clearpoke\n|poke|p1|Roaring Moon, L50|\n|poke|p1|Palafin, L50, F|\n|poke|p1|Flutter Mane, L50|\n|poke|p1|Rillaboom, L50, M|\n|poke|p1|Volbeat, L50, M|\n|poke|p1|Decidueye-Hisui, L50, M|\n|poke|p2|Ogerpon-Wellspring, L50, F|\n|poke|p2|Tornadus, L50, M|\n|poke|p2|Brambleghast, L50, M|\n|poke|p2|Forretress, L50, M|\n|poke|p2|Politoed, L50, F|\n|poke|p2|Yanmega, L50, M|\n|teampreview|4\nStarlightkoma rejected open team sheets.\n|\n|t:|1700014662\n|start\n|switch|p1a: Cetus|Palafin, L50, F|100\/100\n|switch|p1b: Mmmm....|Rillaboom, L50, M|100\/100\n|switch|p2a: Tornadus|Tornadus, L50, M|100\/100\n|switch|p2b: Brambleghast|Brambleghast, L50, M|100\/100\n|-fieldstart|move: Grassy Terrain|[from] ability: Grassy Surge|[of] p1b: Mmmm....\n|turn|1\n|\n|t:|1700014680\n|detailschange|p1a: Cetus|Palafin-Hero, L50, F\n|switch|p1a: Bug Rave|Volbeat, L50, M|100\/100\n|-terastallize|p2b: Brambleghast|Flying\n|move|p1b: Mmmm....|Fake Out|p2a: Tornadus\n|-damage|p2a: Tornadus|83\/100\n|move|p2a: Tornadus|Tailwind|p2a: Tornadus\n|-sidestart|p2: hyperoidyt|move: Tailwind\n|-ability|p2b: Brambleghast|Wind Rider|boost\n|-boost|p2b: Brambleghast|atk|1\n|move|p2b: Brambleghast|Tera Blast|p1b: Mmmm....|[anim] Tera Blast Flying\n|-supereffective|p1b: Mmmm....\n|-damage|p1b: Mmmm....|0 fnt\n|faint|p1b: Mmmm....\n|-damage|p2b: Brambleghast|91\/100|[from] item: Life Orb\n|\n|upkeep\n|\n|t:|1700014693\n|switch|p1b: Tier0|Roaring Moon, L50|100\/100\n|-enditem|p1b: Tier0|Booster Energy\n|-activate|p1b: Tier0|ability: Protosynthesis|[fromitem]\n|-start|p1b: Tier0|protosynthesisatk\n|turn|2\n|\n|t:|1700014719\n|move|p1a: Bug Rave|Tailwind|p1a: Bug Rave\n|-sidestart|p1: Starlightkoma|move: Tailwind\n|move|p2a: Tornadus|Bleakwind Storm|p1b: Tier0|[spread] p1a\n|-miss|p2a: Tornadus|p1b: Tier0\n|-supereffective|p1a: Bug Rave\n|-damage|p1a: Bug Rave|50\/100\n|-unboost|p1a: Bug Rave|spe|1\n|move|p1b: Tier0|Breaking Swipe|p2a: Tornadus|[spread] p2a,p2b\n|-damage|p2a: Tornadus|35\/100\n|-damage|p2b: Brambleghast|30\/100\n|-unboost|p2b: Brambleghast|atk|1\n|move|p2b: Brambleghast|Tera Blast|p1b: Tier0|[anim] Tera Blast Flying\n|-damage|p1b: Tier0|38\/100\n|-damage|p2b: Brambleghast|20\/100|[from] item: Life Orb\n|\n|-heal|p1b: Tier0|44\/100|[from] Grassy Terrain\n|-heal|p1a: Bug Rave|56\/100|[from] Grassy Terrain\n|upkeep\n|turn|3\n|\n|t:|1700014747\n|move|p2b: Brambleghast|Protect|p2b: Brambleghast\n|-singleturn|p2b: Brambleghast|Protect\n|move|p1a: Bug Rave|Taunt|p2a: Tornadus\n|-start|p2a: Tornadus|move: Taunt\n|move|p2a: Tornadus|Bleakwind Storm|p1a: Bug Rave|[spread] p1a,p1b\n|-supereffective|p1a: Bug Rave\n|-damage|p1a: Bug Rave|6\/100\n|-damage|p1b: Tier0|18\/100\n|-unboost|p1b: Tier0|spe|1\n|move|p1b: Tier0|Breaking Swipe|p2a: Tornadus|[spread] p2a\n|-activate|p2b: Brambleghast|move: Protect\n|-damage|p2a: Tornadus|0 fnt\n|faint|p2a: Tornadus\n|\n|-heal|p1b: Tier0|24\/100|[from] Grassy Terrain\n|-heal|p1a: Bug Rave|12\/100|[from] Grassy Terrain\n|upkeep\n|\n|t:|1700014765\n|switch|p2a: Ogerpon|Ogerpon-Wellspring, L50, F|100\/100\n|turn|4\n|\n|t:|1700014795\n|move|p2b: Brambleghast|Protect||[still]\n|-fail|p2b: Brambleghast\n|move|p1b: Tier0|Protect|p1b: Tier0\n|-singleturn|p1b: Tier0|Protect\n|move|p2a: Ogerpon|Ivy Cudgel|p1b: Tier0|[anim] Ivy Cudgel Water\n|-activate|p1b: Tier0|move: Protect\n|move|p1a: Bug Rave|Bug Buzz|p2a: Ogerpon\n|-supereffective|p2a: Ogerpon\n|-damage|p2a: Ogerpon|54\/100\n|\n|-heal|p2a: Ogerpon|60\/100|[from] Grassy Terrain\n|-heal|p1b: Tier0|30\/100|[from] Grassy Terrain\n|-heal|p1a: Bug Rave|17\/100|[from] Grassy Terrain\n|-sideend|p2: hyperoidyt|move: Tailwind\n|upkeep\n|turn|5\n|\n|t:|1700014835\n|move|p1b: Tier0|Acrobatics|p2b: Brambleghast\n|-damage|p2b: Brambleghast|0 fnt\n|faint|p2b: Brambleghast\n|move|p2a: Ogerpon|Ivy Cudgel|p1b: Tier0|[anim] Ivy Cudgel Water\n|-resisted|p1b: Tier0\n|-damage|p1b: Tier0|0 fnt\n|faint|p1b: Tier0\n|-end|p1b: Tier0|Protosynthesis|[silent]\n|move|p1a: Bug Rave|Bug Buzz|p2a: Ogerpon\n|-supereffective|p2a: Ogerpon\n|-damage|p2a: Ogerpon|14\/100\n|\n|-heal|p2a: Ogerpon|20\/100|[from] Grassy Terrain\n|-heal|p1a: Bug Rave|23\/100|[from] Grassy Terrain\n|-sideend|p1: Starlightkoma|move: Tailwind\n|-fieldend|move: Grassy Terrain\n|upkeep\n|\n|t:|1700014847\n|switch|p1b: Cetus|Palafin-Hero, L50, F|100\/100\n|switch|p2b: Yanmega|Yanmega, L50, M|100\/100\n|-activate|p1b: Cetus|ability: Zero to Hero\n|turn|6\n|\n|t:|1700014870\n|-terastallize|p1b: Cetus|Water\n|move|p2a: Ogerpon|Spiky Shield|p2a: Ogerpon\n|-singleturn|p2a: Ogerpon|move: Protect\n|move|p2b: Yanmega|Protect|p2b: Yanmega\n|-singleturn|p2b: Yanmega|Protect\n|move|p1b: Cetus|Wave Crash|p2b: Yanmega\n|-activate|p2b: Yanmega|move: Protect\n|move|p1a: Bug Rave|Bug Buzz|p2a: Ogerpon\n|-activate|p2a: Ogerpon|move: Protect\n|\n|-ability|p2b: Yanmega|Speed Boost|boost\n|-boost|p2b: Yanmega|spe|1\n|upkeep\n|turn|7\n|\n|t:|1700014895\n|move|p1a: Bug Rave|Tailwind|p1a: Bug Rave\n|-sidestart|p1: Starlightkoma|move: Tailwind\n|move|p1b: Cetus|Wave Crash|p2b: Yanmega\n|-damage|p2b: Yanmega|0 fnt\n|faint|p2b: Yanmega\n|-damage|p1b: Cetus|72\/100|[from] Recoil\n|move|p2a: Ogerpon|Seed Bomb|p1b: Cetus\n|-supereffective|p1b: Cetus\n|-damage|p1b: Cetus|0 fnt\n|faint|p1b: Cetus\n|\n|upkeep\n|turn|8\n|\n|t:|1700014907\n|move|p2a: Ogerpon|Ivy Cudgel|p1a: Bug Rave|[anim] Ivy Cudgel Water\n|-damage|p1a: Bug Rave|0 fnt\n|faint|p1a: Bug Rave\n|\n|win|hyperoidyt\n|c|&|\/uhtml prompt-starlightkoma,Starlightkoma is ready for game 3!\n|c|&|\/uhtml prompt-hyperoidyt,hyperoidyt is ready for game 3!\nBoth players are ready! Starting next match!\n","uploadtime":1700015124,"views":38,"p1id":"starlightkoma","p2id":"hyperoidyt","formatid":"gen9vgc2023regulatione","rating":0,"private":0,"password":""}