{"id":"gen9vgc2023regulatione-1990639643","p1":"Inferno prodigy","p2":"MichaelderBeste24","format":"[Gen 9] VGC 2023 Regulation E","log":"|j|\u2606Inferno prodigy\n|j|\u2606MichaelderBeste24\n|t:|1699987887\n|gametype|doubles\n|player|p1|Inferno prodigy|102|\n|player|p2|MichaelderBeste24|102|\n|teamsize|p1|6\n|teamsize|p2|6\n|gen|9\n|tier|[Gen 9] VGC 2023 Regulation E\n|rule|Species Clause: Limit one of each Pok\u00e9mon\n|rule|Item Clause: Limit one of each item\n|clearpoke\n|poke|p1|Arcanine-Hisui, L50, M|\n|poke|p1|Tornadus, L50, M|\n|poke|p1|Flutter Mane, L50|\n|poke|p1|Iron Hands, L50|\n|poke|p1|Ogerpon-Wellspring, L50, F|\n|poke|p1|Urshifu-*, L50, M|\n|poke|p2|Iron Hands, L50|\n|poke|p2|Ursaluna, L50, F|\n|poke|p2|Urshifu-*, L50, M|\n|poke|p2|Heatran, L50, F|\n|poke|p2|Cresselia, L50, F|\n|poke|p2|Flutter Mane, L50|\n|teampreview|4\nMichaelderBeste24 has agreed to open team sheets.\nInferno prodigy has agreed to open team sheets.\n|showteam|p1|Arcanine-Hisui||ChoiceBand|Intimidate|FlareBlitz,RockSlide,ExtremeSpeed,TeraBlast|||M|||50|,,,,,Fairy]Tornadus||CovertCloak|Prankster|Tailwind,BleakwindStorm,SunnyDay,Taunt|||M|||50|,,,,,Steel]Flutter Mane||ChoiceSpecs|Protosynthesis|DazzlingGleam,Moonblast,ShadowBall,Thunderbolt||||||50|,,,,,Fairy]Iron Hands||AssaultVest|QuarkDrive|FakeOut,WildCharge,DrainPunch,HeavySlam||||||50|,,,,,Fire]Ogerpon-Wellspring||WellspringMask|WaterAbsorb|IvyCudgel,HornLeech,SwordsDance,SpikyShield|||F|||50|,,,,,Water]Urshifu||FocusSash|UnseenFist|WickedBlow,CloseCombat,SuckerPunch,Detect|||M|||50|,,,,,Dark\n|showteam|p2|Iron Hands||AssaultVest|QuarkDrive|VoltSwitch,DrainPunch,WildCharge,FakeOut||||||50|,,,,,Fire]Ursaluna||FlameOrb|Guts|Protect,Facade,Earthquake,SwordsDance|||F|||50|,,,,,Ghost]Urshifu||FocusSash|UnseenFist|WickedBlow,SuckerPunch,CloseCombat,Protect|||M|||50|,,,,,Dark]Heatran||LifeOrb|FlashFire|HeatWave,Protect,FlashCannon,EarthPower|||F|||50|,,,,,Grass]Cresselia||SafetyGoggles|Levitate|TrickRoom,LunarBlessing,IceBeam,AllySwitch|||F|||50|,,,,,Dark]Flutter Mane||BoosterEnergy|Protosynthesis|IcyWind,Moonblast,EnergyBall,Protect||||||50|,,,,,Grass\n|c|\u2606Inferno prodigy|Glhf\n|c|\u2606MichaelderBeste24|i start timer\n|inactive|Battle timer is ON: inactive players will automatically lose when time's up. (requested by MichaelderBeste24)\n|c|\u2606MichaelderBeste24|u2\n|inactive|MichaelderBeste24 has 60 seconds left.\n|\n|t:|1699987944\n|start\n|switch|p1a: Iron Hands|Iron Hands, L50|100\/100\n|switch|p1b: Ogerpon|Ogerpon-Wellspring, L50, F|100\/100\n|switch|p2a: Iron Hands|Iron Hands, L50|100\/100\n|switch|p2b: Cresselia|Cresselia, L50, F, shiny|100\/100\n|turn|1\n|\n|t:|1699987969\n|move|p1a: Iron Hands|Fake Out|p2a: Iron Hands\n|-damage|p2a: Iron Hands|90\/100\n|move|p1b: Ogerpon|Swords Dance|p1b: Ogerpon\n|-boost|p1b: Ogerpon|atk|2\n|cant|p2a: Iron Hands|flinch\n|move|p2b: Cresselia|Trick Room|p2b: Cresselia\n|-fieldstart|move: Trick Room|[of] p2b: Cresselia\n|\n|upkeep\n|turn|2\n|inactive|Inferno prodigy has 30 seconds left.\n|\n|t:|1699987995\n|-terastallize|p1b: Ogerpon|Water\n|detailschange|p1b: Ogerpon|Ogerpon-Wellspring-Tera, L50, F, tera:Water\n|-ability|p1b: Ogerpon|Embody Aspect (Wellspring)|boost\n|-boost|p1b: Ogerpon|spd|1\n|move|p2a: Iron Hands|Volt Switch|p1a: Iron Hands\n|-resisted|p1a: Iron Hands\n|-damage|p1a: Iron Hands|97\/100\n|\n|t:|1699988002\n|-end|p2a: Iron Hands|Quark Drive|[silent]\n|switch|p2a: Ursaluna|Ursaluna, L50, F|100\/100|[from] Volt Switch\n|move|p1a: Iron Hands|Drain Punch|p2a: Ursaluna\n|-supereffective|p2a: Ursaluna\n|-damage|p2a: Ursaluna|32\/100\n|-heal|p1a: Iron Hands|100\/100|[from] drain|[of] p2a: Ursaluna\n|move|p2b: Cresselia|Lunar Blessing|p2b: Cresselia|[spread] p2a,p2b\n|-heal|p2a: Ursaluna|57\/100\n|move|p1b: Ogerpon|Ivy Cudgel|p2b: Cresselia|[anim] Ivy Cudgel Water\n|-damage|p2b: Cresselia|4\/100\n|\n|-status|p2a: Ursaluna|brn|[from] item: Flame Orb\n|upkeep\n|turn|3\n|\n|t:|1699988026\n|-end|p1a: Iron Hands|Quark Drive|[silent]\n|switch|p1a: Arcanine|Arcanine-Hisui, L50, M|100\/100\n|-ability|p1a: Arcanine|Intimidate|boost\n|-unboost|p2a: Ursaluna|atk|1\n|-unboost|p2b: Cresselia|atk|1\n|-terastallize|p2a: Ursaluna|Ghost\n|move|p1b: Ogerpon|Spiky Shield|p1b: Ogerpon\n|-singleturn|p1b: Ogerpon|move: Protect\n|move|p2b: Cresselia|Ally Switch|p2b: Cresselia\n|swap|p2b: Cresselia|0|[from] move: Ally Switch\n|move|p2b: Ursaluna|Swords Dance|p2b: Ursaluna\n|-boost|p2b: Ursaluna|atk|2\n|\n|-damage|p2b: Ursaluna|51\/100 brn|[from] brn\n|upkeep\n|turn|4\n|inactive|Inferno prodigy has 30 seconds left.\n|\n|t:|1699988057\n|switch|p1b: Urshifu|Urshifu, L50, M|100\/100\n|move|p1a: Arcanine|Extreme Speed|p2a: Cresselia\n|-damage|p2a: Cresselia|0 fnt\n|faint|p2a: Cresselia\n|move|p2b: Ursaluna|Facade|p1b: Urshifu\n|-enditem|p1b: Urshifu|Focus Sash\n|-damage|p1b: Urshifu|1\/100\n|\n|-damage|p2b: Ursaluna|45\/100 brn|[from] brn\n|upkeep\n|inactive|MichaelderBeste24 has 30 seconds left.\n|inactive|MichaelderBeste24 has 20 seconds left.\n|inactive|MichaelderBeste24 has 15 seconds left.\n|\n|t:|1699988102\n|switch|p2a: Iron Hands|Iron Hands, L50|90\/100\n|turn|5\n|\n|t:|1699988110\n|switch|p2b: Urshifu|Urshifu, L50, M|100\/100\n|switch|p1a: Iron Hands|Iron Hands, L50|100\/100\n|move|p1b: Urshifu|Detect|p1b: Urshifu\n|-singleturn|p1b: Urshifu|Protect\n|move|p2a: Iron Hands|Drain Punch|p1a: Iron Hands\n|-damage|p1a: Iron Hands|72\/100\n|-heal|p2a: Iron Hands|100\/100|[from] drain|[of] p1a: Iron Hands\n|\n|-fieldend|move: Trick Room\n|upkeep\n|turn|6\n|\n|t:|1699988131\n|move|p2b: Urshifu|Protect|p2b: Urshifu\n|-singleturn|p2b: Urshifu|Protect\n|move|p1a: Iron Hands|Fake Out|p2a: Iron Hands\n|-damage|p2a: Iron Hands|89\/100\n|move|p1b: Urshifu|Close Combat|p2b: Urshifu\n|-supereffective|p2b: Urshifu\n|-enditem|p2b: Urshifu|Focus Sash\n|-damage|p2b: Urshifu|1\/100\n|-unboost|p1b: Urshifu|def|1\n|-unboost|p1b: Urshifu|spd|1\n|cant|p2a: Iron Hands|flinch\n|\n|upkeep\n|turn|7\n|\n|t:|1699988150\n|switch|p2b: Ursaluna|Ursaluna, L50, F, tera:Ghost|45\/100 brn\n|move|p1b: Urshifu|Sucker Punch||[still]\n|-fail|p1b: Urshifu\n|move|p1a: Iron Hands|Drain Punch|p2a: Iron Hands\n|-damage|p2a: Iron Hands|59\/100\n|-heal|p1a: Iron Hands|88\/100|[from] drain|[of] p2a: Iron Hands\n|move|p2a: Iron Hands|Volt Switch|p1b: Urshifu\n|-damage|p1b: Urshifu|0 fnt\n|faint|p1b: Urshifu\n|\n|t:|1699988156\n|-end|p2a: Iron Hands|Quark Drive|[silent]\n|switch|p2a: Urshifu|Urshifu, L50, M|1\/100|[from] Volt Switch\n|\n|-damage|p2b: Ursaluna|39\/100 brn|[from] brn\n|upkeep\n|\n|t:|1699988176\n|switch|p1b: Arcanine|Arcanine-Hisui, L50, M|100\/100\n|-ability|p1b: Arcanine|Intimidate|boost\n|-unboost|p2a: Urshifu|atk|1\n|-unboost|p2b: Ursaluna|atk|1\n|turn|8\n|\n|t:|1699988189\n|switch|p2a: Iron Hands|Iron Hands, L50|59\/100\n|move|p2b: Ursaluna|Protect|p2b: Ursaluna\n|-singleturn|p2b: Ursaluna|Protect\n|move|p1b: Arcanine|Flare Blitz|p2b: Ursaluna\n|-activate|p2b: Ursaluna|move: Protect\n|move|p1a: Iron Hands|Wild Charge|p2b: Ursaluna\n|-activate|p2b: Ursaluna|move: Protect\n|\n|-damage|p2b: Ursaluna|33\/100 brn|[from] brn\n|upkeep\n|turn|9\n|\n|t:|1699988199\n|move|p2a: Iron Hands|Fake Out|p1a: Iron Hands\n|-damage|p1a: Iron Hands|77\/100\n|move|p1b: Arcanine|Flare Blitz|p2b: Ursaluna\n|-damage|p2b: Ursaluna|0 fnt\n|faint|p2b: Ursaluna\n|-damage|p1b: Arcanine|86\/100|[from] Recoil\n|cant|p1a: Iron Hands|flinch\n|\n|upkeep\n|\n|t:|1699988204\n|switch|p2b: Urshifu|Urshifu, L50, M|1\/100\n|turn|10\n|\n|t:|1699988212\n|switch|p1b: Ogerpon|Ogerpon-Wellspring-Tera, L50, F, tera:Water|100\/100\n|-ability|p1b: Ogerpon|Embody Aspect (Wellspring)|boost\n|-boost|p1b: Ogerpon|spd|1\n|move|p2b: Urshifu|Protect|p2b: Urshifu\n|-singleturn|p2b: Urshifu|Protect\n|move|p1a: Iron Hands|Drain Punch|p2a: Iron Hands\n|-damage|p2a: Iron Hands|27\/100\n|-heal|p1a: Iron Hands|93\/100|[from] drain|[of] p2a: Iron Hands\n|move|p2a: Iron Hands|Drain Punch|p1b: Ogerpon\n|-damage|p1b: Ogerpon|57\/100\n|-heal|p2a: Iron Hands|44\/100|[from] drain|[of] p1b: Ogerpon\n|\n|upkeep\n|turn|11\n|\n|t:|1699988224\n|move|p2b: Urshifu|Sucker Punch|p1b: Ogerpon\n|-damage|p1b: Ogerpon|14\/100\n|move|p1b: Ogerpon|Ivy Cudgel|p2a: Iron Hands|[anim] Ivy Cudgel Water\n|-damage|p2a: Iron Hands|0 fnt\n|faint|p2a: Iron Hands\n|-end|p2a: Iron Hands|Quark Drive|[silent]\n|move|p1a: Iron Hands|Drain Punch|p2b: Urshifu\n|-supereffective|p2b: Urshifu\n|-damage|p2b: Urshifu|0 fnt\n|-heal|p1a: Iron Hands|94\/100|[from] drain|[of] p2b: Urshifu\n|faint|p2b: Urshifu\n|\n|win|Inferno prodigy\n|l|\u2606Inferno prodigy\n|j|\u2606Inferno prodigy\n|player|p1|Inferno prodigy|102\n|l|\u2606Inferno prodigy\n|player|p1|\n","uploadtime":1699988953,"views":39,"p1id":"infernoprodigy","p2id":"michaelderbeste24","formatid":"gen9vgc2023regulatione","rating":0,"private":0,"password":""}