{"id":"gen9vgc2023regulatione-1997961956","p1":"WTFisThisEffinTeam","p2":"Pyrus 1045","format":"[Gen 9] VGC 2023 Regulation E","log":"|j|\u2606WTFisThisEffinTeam\n|j|\u2606Pyrus 1045\n|t:|1700872622\n|gametype|doubles\n|player|p1|WTFisThisEffinTeam|170|1075\n|player|p2|Pyrus 1045|266|1113\n|teamsize|p1|6\n|teamsize|p2|6\n|gen|9\n|tier|[Gen 9] VGC 2023 Regulation E\n|rated|\n|rule|Species Clause: Limit one of each Pok\u00e9mon\n|rule|Item Clause: Limit one of each item\n|clearpoke\n|poke|p1|Salamence, L50, M|\n|poke|p1|Ogerpon-Cornerstone, L50, F|\n|poke|p1|Conkeldurr, L50, M|\n|poke|p1|Torkoal, L50, M|\n|poke|p1|Flutter Mane, L50|\n|poke|p1|Dusclops, L50, M|\n|poke|p2|Arcanine-Hisui, L50, F|\n|poke|p2|Ogerpon-Wellspring, L50, F|\n|poke|p2|Tornadus, L50, M|\n|poke|p2|Flutter Mane, L50|\n|poke|p2|Ursaluna-Bloodmoon, L50, M|\n|poke|p2|Iron Hands, L50|\n|teampreview|4\n|inactive|Battle timer is ON: inactive players will automatically lose when time's up. (requested by WTFisThisEffinTeam)\n|\n|t:|1700872658\n|start\n|switch|p1a: Ogerpon|Ogerpon-Cornerstone, L50, F|100\/100\n|switch|p1b: Dusclops|Dusclops, L50, M|100\/100\n|switch|p2a: Tornadus|Tornadus, L50, M|100\/100\n|switch|p2b: Iron Hands|Iron Hands, L50|100\/100\n|-item|p2a: Tornadus|Covert Cloak|[from] ability: Frisk|[of] p1b: Dusclops|[identify]\n|-item|p2b: Iron Hands|Assault Vest|[from] ability: Frisk|[of] p1b: Dusclops|[identify]\n|turn|1\n|\n|t:|1700872674\n|move|p2b: Iron Hands|Fake Out|p1a: Ogerpon\n|-resisted|p1a: Ogerpon\n|-damage|p1a: Ogerpon|92\/100\n|move|p2a: Tornadus|Taunt|p1b: Dusclops\n|-start|p1b: Dusclops|move: Taunt\n|cant|p1a: Ogerpon|flinch\n|move|p1b: Dusclops|Night Shade|p2a: Tornadus\n|-damage|p2a: Tornadus|74\/100\n|\n|upkeep\n|turn|2\n|\n|t:|1700872692\n|move|p2a: Tornadus|Tailwind|p2a: Tornadus\n|-sidestart|p2: Pyrus 1045|move: Tailwind\n|move|p2b: Iron Hands|Drain Punch|p1a: Ogerpon\n|-supereffective|p1a: Ogerpon\n|-damage|p1a: Ogerpon|0 fnt\n|faint|p1a: Ogerpon\n|move|p1b: Dusclops|Night Shade|p2a: Tornadus\n|-damage|p2a: Tornadus|47\/100\n|\n|upkeep\n|\n|t:|1700872704\n|switch|p1a: Conkeldurr|Conkeldurr, L50, M|100\/100\n|turn|3\n|\n|t:|1700872719\n|move|p2a: Tornadus|Bleakwind Storm|p1b: Dusclops|[spread] p1b\n|-miss|p2a: Tornadus|p1a: Conkeldurr\n|-crit|p1b: Dusclops\n|-damage|p1b: Dusclops|74\/100\n|-unboost|p1b: Dusclops|spe|1\n|move|p2b: Iron Hands|Wild Charge|p1b: Dusclops\n|-damage|p1b: Dusclops|41\/100\n|-damage|p2b: Iron Hands|96\/100|[from] Recoil\n|move|p1a: Conkeldurr|Ice Punch|p2a: Tornadus\n|-supereffective|p2a: Tornadus\n|-damage|p2a: Tornadus|0 fnt\n|faint|p2a: Tornadus\n|move|p1b: Dusclops|Night Shade|p2b: Iron Hands\n|-damage|p2b: Iron Hands|77\/100\n|\n|-end|p1b: Dusclops|move: Taunt\n|upkeep\n|\n|t:|1700872735\n|switch|p2a: Ursaluna|Ursaluna-Bloodmoon, L50, M|100\/100\n|turn|4\n|inactive|WTFisThisEffinTeam has 30 seconds left.\n|\n|t:|1700872766\n|move|p2a: Ursaluna|Blood Moon|p1a: Conkeldurr\n|-damage|p1a: Conkeldurr|47\/100\n|move|p2b: Iron Hands|Wild Charge|p1b: Dusclops\n|-damage|p1b: Dusclops|10\/100\n|-damage|p2b: Iron Hands|72\/100|[from] Recoil\n|move|p1a: Conkeldurr|Drain Punch|p2a: Ursaluna\n|-supereffective|p2a: Ursaluna\n|-damage|p2a: Ursaluna|37\/100\n|-heal|p1a: Conkeldurr|80\/100|[from] drain|[of] p2a: Ursaluna\n|move|p1b: Dusclops|Trick Room|p1b: Dusclops\n|-fieldstart|move: Trick Room|[of] p1b: Dusclops\n|\n|-heal|p2a: Ursaluna|43\/100|[from] item: Leftovers\n|upkeep\n|turn|5\n|inactive|WTFisThisEffinTeam has 30 seconds left.\n|inactive|Pyrus 1045 has 30 seconds left.\n|inactive|WTFisThisEffinTeam has 20 seconds left.\n|inactive|Pyrus 1045 has 20 seconds left.\n|\n|t:|1700872806\n|move|p2a: Ursaluna|Protect|p2a: Ursaluna\n|-singleturn|p2a: Ursaluna|Protect\n|move|p1b: Dusclops|Will-O-Wisp|p1a: Conkeldurr\n|-status|p1a: Conkeldurr|brn\n|move|p1a: Conkeldurr|High Horsepower|p2b: Iron Hands\n|-supereffective|p2b: Iron Hands\n|-damage|p2b: Iron Hands|1\/100\n|move|p2b: Iron Hands|Wild Charge|p1a: Conkeldurr\n|-damage|p1a: Conkeldurr|29\/100 brn\n|-damage|p2b: Iron Hands|0 fnt|[from] Recoil\n|faint|p2b: Iron Hands\n|-end|p2b: Iron Hands|Quark Drive|[silent]\n|\n|-heal|p2a: Ursaluna|49\/100|[from] item: Leftovers\n|-damage|p1a: Conkeldurr|23\/100 brn|[from] brn\n|-sideend|p2: Pyrus 1045|move: Tailwind\n|upkeep\n|\n|t:|1700872817\n|switch|p2b: Ogerpon|Ogerpon-Wellspring, L50, F|100\/100\n|turn|6\n|inactive|WTFisThisEffinTeam has 30 seconds left.\n|\n|t:|1700872842\n|-terastallize|p2a: Ursaluna|Ground\n|move|p2b: Ogerpon|Follow Me|p2b: Ogerpon\n|-singleturn|p2b: Ogerpon|move: Follow Me\n|move|p1b: Dusclops|Night Shade|p2b: Ogerpon\n|-damage|p2b: Ogerpon|68\/100\n|move|p1a: Conkeldurr|Drain Punch|p2b: Ogerpon\n|-damage|p2b: Ogerpon|0 fnt\n|-heal|p1a: Conkeldurr|48\/100 brn|[from] drain|[of] p2b: Ogerpon\n|faint|p2b: Ogerpon\n|move|p2a: Ursaluna|Hyper Voice|p1b: Dusclops|[spread] p1a,p1b\n|-crit|p1a: Conkeldurr\n|-damage|p1a: Conkeldurr|8\/100 brn\n|-damage|p1b: Dusclops|0 fnt\n|faint|p1b: Dusclops\n|\n|-heal|p2a: Ursaluna|55\/100|[from] item: Leftovers\n|-damage|p1a: Conkeldurr|2\/100 brn|[from] brn\n|upkeep\n|\n|t:|1700872855\n|switch|p1b: Torkoal|Torkoal, L50, M|100\/100\n|-weather|SunnyDay|[from] ability: Drought|[of] p1b: Torkoal\n|turn|7\n|\n|t:|1700872867\n|move|p2a: Ursaluna|Protect|p2a: Ursaluna\n|-singleturn|p2a: Ursaluna|Protect\n|move|p1b: Torkoal|Yawn|p2a: Ursaluna\n|-activate|p2a: Ursaluna|move: Protect\n|move|p1a: Conkeldurr|Ice Punch|p2a: Ursaluna\n|-activate|p2a: Ursaluna|move: Protect\n|\n|-weather|SunnyDay|[upkeep]\n|-heal|p2a: Ursaluna|60\/100|[from] item: Leftovers\n|-damage|p1a: Conkeldurr|0 fnt|[from] brn\n|faint|p1a: Conkeldurr\n|upkeep\n|turn|8\n|\n|t:|1700872888\n|-terastallize|p1b: Torkoal|Fire\n|move|p1b: Torkoal|Eruption|p2a: Ursaluna\n|-damage|p2a: Ursaluna|0 fnt\n|faint|p2a: Ursaluna\n|\n|win|WTFisThisEffinTeam\n|raw|WTFisThisEffinTeam's rating: 1075 &rarr; <strong>1107<\/strong><br \/>(+32 for winning)\n|raw|Pyrus 1045's rating: 1113 &rarr; <strong>1085<\/strong><br \/>(-28 for losing)\n|l|\u2606WTFisThisEffinTeam\n","uploadtime":1700872901,"views":2,"p1id":"wtfisthiseffinteam","p2id":"pyrus1045","formatid":"gen9vgc2023regulatione","rating":1085,"private":0,"password":""}