{"id":"gen9vgc2023regulatione-1990165237","p1":"Owebbb","p2":"Ozwald McFly","format":"[Gen 9] VGC 2023 Regulation E","log":"|j|\u2606Owebbb\n|j|\u2606Ozwald McFly\n|t:|1699931793\n|gametype|doubles\n|player|p1|Owebbb|170|1117\n|player|p2|Ozwald McFly|birdkeeper-gen4dp|1202\n|teamsize|p1|6\n|teamsize|p2|6\n|gen|9\n|tier|[Gen 9] VGC 2023 Regulation E\n|rated|\n|rule|Species Clause: Limit one of each Pok\u00e9mon\n|rule|Item Clause: Limit one of each item\n|clearpoke\n|poke|p1|Urshifu-*, L50, F|\n|poke|p1|Politoed, L50, F|\n|poke|p1|Heatran, L50, F|\n|poke|p1|Ditto, L50|\n|poke|p1|Toedscool, L50, F|\n|poke|p1|Zapdos-Galar, L50|\n|poke|p2|Noctowl, L50, F|\n|poke|p2|Sandy Shocks, L50|\n|poke|p2|Espeon, L50, F|\n|poke|p2|Indeedee-F, L50, F|\n|poke|p2|Iron Hands, L50|\n|poke|p2|Decidueye-Hisui, L50, M|\n|teampreview|4\n|\n|t:|1699931837\n|start\n|switch|p1a: Urshifu|Urshifu-Rapid-Strike, L50, F|100\/100\n|switch|p1b: Politoed|Politoed, L50, F|100\/100\n|switch|p2a: Iron Hands|Iron Hands, L50|100\/100\n|switch|p2b: Indeedee|Indeedee-F, L50, F|100\/100\n|-weather|RainDance|[from] ability: Drizzle|[of] p1b: Politoed\n|-fieldstart|move: Psychic Terrain|[from] ability: Psychic Surge|[of] p2b: Indeedee\n|turn|1\n|\n|t:|1699931855\n|move|p1a: Urshifu|Detect|p1a: Urshifu\n|-singleturn|p1a: Urshifu|Protect\n|move|p1b: Politoed|Encore||[still]\n|-fail|p1b: Politoed\n|move|p2a: Iron Hands|Wild Charge|p1a: Urshifu\n|-activate|p1a: Urshifu|move: Protect\n|move|p2b: Indeedee|Trick Room|p2b: Indeedee\n|-fieldstart|move: Trick Room|[of] p2b: Indeedee\n|\n|-weather|RainDance|[upkeep]\n|upkeep\n|turn|2\n|\n|t:|1699931879\n|switch|p2b: Decidueye|Decidueye-Hisui, L50, M, shiny|100\/100\n|switch|p1a: Heatran|Heatran, L50, F|100\/100\n|move|p1b: Politoed|Protect|p1b: Politoed\n|-singleturn|p1b: Politoed|Protect\n|move|p2a: Iron Hands|Wild Charge|p1a: Heatran\n|-damage|p1a: Heatran|52\/100\n|-damage|p2a: Iron Hands|90\/100|[from] Recoil\n|\n|-weather|RainDance|[upkeep]\n|upkeep\n|turn|3\n|\n|t:|1699931902\n|-terastallize|p2b: Decidueye|Fighting\n|-terastallize|p1a: Heatran|Grass\n|move|p2a: Iron Hands|Wild Charge|p1b: Politoed\n|-supereffective|p1b: Politoed\n|-damage|p1b: Politoed|0 fnt\n|faint|p1b: Politoed\n|-damage|p2a: Iron Hands|69\/100|[from] Recoil\n|move|p2b: Decidueye|Triple Arrows|p1a: Heatran\n|-damage|p1a: Heatran|0 fnt\n|faint|p1a: Heatran\n|\n|-weather|RainDance|[upkeep]\n|upkeep\n|\n|t:|1699931912\n|switch|p1a: Ditto|Ditto, L50|100\/100\n|switch|p1b: Urshifu|Urshifu-Rapid-Strike, L50, F|100\/100\n|-transform|p1a: Ditto|p2b: Decidueye|[from] ability: Imposter\n|-start|p1a: Ditto|typechange|Grass\/Fighting|[silent]\n|turn|4\n|\n|t:|1699931939\n|move|p1b: Urshifu|Detect|p1b: Urshifu\n|-singleturn|p1b: Urshifu|Protect\n|move|p2a: Iron Hands|Wild Charge|p1b: Urshifu\n|-activate|p1b: Urshifu|move: Protect\n|move|p2b: Decidueye|Triple Arrows|p1a: Ditto\n|-crit|p1a: Ditto\n|-damage|p1a: Ditto|0 fnt\n|faint|p1a: Ditto\n|\n|-weather|RainDance|[upkeep]\n|upkeep\n|turn|5\n|\n|t:|1699931950\n|move|p1b: Urshifu|Detect||[still]\n|-fail|p1b: Urshifu\n|move|p2a: Iron Hands|Wild Charge|p1b: Urshifu\n|-supereffective|p1b: Urshifu\n|-damage|p1b: Urshifu|0 fnt\n|faint|p1b: Urshifu\n|-damage|p2a: Iron Hands|49\/100|[from] Recoil\n|\n|win|Ozwald McFly\n|raw|Owebbb's rating: 1117 &rarr; <strong>1098<\/strong><br \/>(-19 for losing)\n|raw|Ozwald McFly's rating: 1202 &rarr; <strong>1221<\/strong><br \/>(+19 for winning)\n","uploadtime":1699931963,"views":10,"p1id":"owebbb","p2id":"ozwaldmcfly","formatid":"gen9vgc2023regulatione","rating":1098,"private":0,"password":""}