{"id":"gen9vgc2023regulatione-1992765743","p1":"RiverCheetah","p2":"Jadedragon61","format":"[Gen 9] VGC 2023 Regulation E","log":"|j|\u2606RiverCheetah\n|j|\u2606Jadedragon61\n|t:|1700233504\n|gametype|doubles\n|player|p1|RiverCheetah|volkner|1261\n|player|p2|Jadedragon61|colress|1331\n|teamsize|p1|6\n|teamsize|p2|6\n|gen|9\n|tier|[Gen 9] VGC 2023 Regulation E\n|rated|\n|rule|Species Clause: Limit one of each Pok\u00e9mon\n|rule|Item Clause: Limit one of each item\n|clearpoke\n|poke|p1|Urshifu-*, L50, M|\n|poke|p1|Clefairy, L50, M|\n|poke|p1|Iron Hands, L50|\n|poke|p1|Tornadus, L50, M|\n|poke|p1|Arcanine-Hisui, L50, F|\n|poke|p1|Gholdengo, L50|\n|poke|p2|Landorus-Therian, L50, M|\n|poke|p2|Flutter Mane, L50|\n|poke|p2|Iron Hands, L50|\n|poke|p2|Heatran, L50, M|\n|poke|p2|Chien-Pao, L50|\n|poke|p2|Ogerpon-Wellspring, L50, F|\n|teampreview|4\n|inactive|Battle timer is ON: inactive players will automatically lose when time's up. (requested by Jadedragon61)\n|\n|t:|1700233529\n|start\n|switch|p1a: Urshifu|Urshifu, L50, M|100\/100\n|switch|p1b: Tornadus|Tornadus, L50, M|100\/100\n|switch|p2a: Atsui|Iron Hands, L50, shiny|100\/100\n|switch|p2b: Mizumi oni|Ogerpon-Wellspring, L50, F|100\/100\n|turn|1\n|\n|t:|1700233542\n|move|p1a: Urshifu|Protect|p1a: Urshifu\n|-singleturn|p1a: Urshifu|Protect\n|move|p1b: Tornadus|Tailwind|p1b: Tornadus\n|-sidestart|p1: RiverCheetah|move: Tailwind\n|move|p2b: Mizumi oni|Ivy Cudgel|p1b: Tornadus|[anim] Ivy Cudgel Water\n|-damage|p1b: Tornadus|26\/100\n|move|p2a: Atsui|Drain Punch|p1a: Urshifu\n|-activate|p1a: Urshifu|move: Protect\n|\n|upkeep\n|turn|2\n|\n|t:|1700233557\n|switch|p2b: Yogan Ka\u0113ru|Heatran, L50, M, shiny|100\/100\n|-terastallize|p1a: Urshifu|Dark\n|move|p1b: Tornadus|Protect|p1b: Tornadus\n|-singleturn|p1b: Tornadus|Protect\n|move|p1a: Urshifu|Wicked Blow|p2b: Yogan Ka\u0113ru\n|-crit|p2b: Yogan Ka\u0113ru\n|-damage|p2b: Yogan Ka\u0113ru|22\/100\n|move|p2a: Atsui|Drain Punch|p1a: Urshifu\n|-supereffective|p1a: Urshifu\n|-damage|p1a: Urshifu|18\/100\n|\n|upkeep\n|turn|3\n|inactive|Jadedragon61 has 30 seconds left.\n|\n|t:|1700233586\n|switch|p1a: Clefairy|Clefairy, L50, M|100\/100\n|move|p1b: Tornadus|Bleakwind Storm|p2b: Yogan Ka\u0113ru|[spread] p2a,p2b\n|-resisted|p2b: Yogan Ka\u0113ru\n|-damage|p2a: Atsui|79\/100\n|-damage|p2b: Yogan Ka\u0113ru|7\/100\n|move|p2b: Yogan Ka\u0113ru|Heat Wave|p1a: Clefairy|[spread] p1a,p1b\n|-crit|p1a: Clefairy\n|-damage|p1a: Clefairy|41\/100\n|-damage|p1b: Tornadus|0 fnt\n|faint|p1b: Tornadus\n|-damage|p2b: Yogan Ka\u0113ru|0 fnt|[from] item: Life Orb\n|faint|p2b: Yogan Ka\u0113ru\n|move|p2a: Atsui|Wild Charge|p1a: Clefairy\n|-damage|p1a: Clefairy|0 fnt\n|faint|p1a: Clefairy\n|-damage|p2a: Atsui|71\/100|[from] Recoil\n|\n|upkeep\n|inactive|RiverCheetah has 30 seconds left.\n|\n|t:|1700233612\n|switch|p1b: Urshifu|Urshifu, L50, M, tera:Dark|18\/100\n|switch|p2b: Kur\u012bmuk\u014dn|Landorus-Therian, L50, M, shiny|100\/100\n|switch|p1a: Iron Hands|Iron Hands, L50|100\/100\n|-ability|p2b: Kur\u012bmuk\u014dn|Intimidate|boost\n|-unboost|p1a: Iron Hands|atk|1\n|-unboost|p1b: Urshifu|atk|1\n|turn|4\n|\n|t:|1700233622\n|switch|p2b: Mizumi oni|Ogerpon-Wellspring, L50, F|100\/100\n|move|p1a: Iron Hands|Fake Out|p2a: Atsui\n|-damage|p2a: Atsui|64\/100\n|move|p1b: Urshifu|Wicked Blow|p2b: Mizumi oni\n|-crit|p2b: Mizumi oni\n|-damage|p2b: Mizumi oni|0 fnt\n|faint|p2b: Mizumi oni\n|cant|p2a: Atsui|flinch\n|\n|-sideend|p1: RiverCheetah|move: Tailwind\n|upkeep\n|\n|t:|1700233630\n|switch|p2b: Kur\u012bmuk\u014dn|Landorus-Therian, L50, M, shiny|100\/100\n|-ability|p2b: Kur\u012bmuk\u014dn|Intimidate|boost\n|-unboost|p1a: Iron Hands|atk|1\n|-unboost|p1b: Urshifu|atk|1\n|turn|5\n|\n|t:|1700233648\n|move|p2b: Kur\u012bmuk\u014dn|Stomping Tantrum|p1b: Urshifu\n|-damage|p1b: Urshifu|0 fnt\n|faint|p1b: Urshifu\n|move|p1a: Iron Hands|Drain Punch|p2a: Atsui\n|-damage|p2a: Atsui|50\/100\n|move|p2a: Atsui|Drain Punch|p1a: Iron Hands\n|-crit|p1a: Iron Hands\n|-damage|p1a: Iron Hands|53\/100\n|-heal|p2a: Atsui|74\/100|[from] drain|[of] p1a: Iron Hands\n|\n|upkeep\n|turn|6\n|-message|RiverCheetah forfeited.\n|\n|win|Jadedragon61\n|raw|RiverCheetah's rating: 1261 &rarr; <strong>1241<\/strong><br \/>(-20 for losing)\n|raw|Jadedragon61's rating: 1331 &rarr; <strong>1347<\/strong><br \/>(+16 for winning)\n|l|\u2606RiverCheetah\n","uploadtime":1700233664,"views":16,"p1id":"rivercheetah","p2id":"jadedragon61","formatid":"gen9vgc2023regulatione","rating":1241,"private":0,"password":""}