{"id":"gen9vgc2023regulatione-1992743666","p1":"Ranposintern","p2":"mattress375","format":"[Gen 9] VGC 2023 Regulation E","log":"|j|\u2606Ranposintern\n|j|\u2606mattress375\n|t:|1700231367\n|gametype|doubles\n|player|p1|Ranposintern|ghetsis|\n|player|p2|mattress375|misty|\n|teamsize|p1|6\n|teamsize|p2|6\n|gen|9\n|tier|[Gen 9] VGC 2023 Regulation E\n|rule|Species Clause: Limit one of each Pok\u00e9mon\n|rule|Item Clause: Limit one of each item\n|clearpoke\n|poke|p1|Vulpix, L50, M|\n|poke|p1|Weepinbell, L50, M|\n|poke|p1|Dusclops, L50, F|\n|poke|p1|Fraxure, L50, F|\n|poke|p1|Ursaring, L50, F|\n|poke|p1|Foongus, L50, M|\n|poke|p2|Gothorita, L50, F|\n|poke|p2|Murkrow, L50, M|\n|poke|p2|Foongus, L50, F|\n|poke|p2|Clefairy, L50, M|\n|poke|p2|Haunter, L50, M|\n|poke|p2|Mienfoo, L50, M|\n|teampreview|4\n|\n|t:|1700231380\n|start\n|switch|p1a: Foongus|Foongus, L50, M, shiny|100\/100\n|switch|p1b: Dusclops|Dusclops, L50, F, shiny|100\/100\n|switch|p2a: Haunter|Haunter, L50, M|100\/100\n|switch|p2b: Gothorita|Gothorita, L50, F|100\/100\n|-ability|p1b: Dusclops|Pressure\n|turn|1\n|\n|t:|1700231412\n|-terastallize|p2b: Gothorita|Fairy\n|move|p2b: Gothorita|Fake Out|p1a: Foongus\n|-damage|p1a: Foongus|93\/100\n|move|p2a: Haunter|Perish Song|p2a: Haunter\n|-start|p1a: Foongus|perish3|[silent]\n|-start|p1b: Dusclops|perish3|[silent]\n|-start|p2a: Haunter|perish3|[silent]\n|-start|p2b: Gothorita|perish3|[silent]\n|-fieldactivate|move: Perish Song\n|move|p1b: Dusclops|Dark Pulse|p2a: Haunter\n|-supereffective|p2a: Haunter\n|-damage|p2a: Haunter|44\/100\n|cant|p1a: Foongus|flinch\n|\n|-heal|p1a: Foongus|99\/100|[from] item: Leftovers\n|-start|p2a: Haunter|perish3\n|-start|p2b: Gothorita|perish3\n|-start|p1b: Dusclops|perish3\n|-start|p1a: Foongus|perish3\n|upkeep\n|turn|2\n|\n|t:|1700231435\n|move|p2a: Haunter|Protect|p2a: Haunter\n|-singleturn|p2a: Haunter|Protect\n|move|p2b: Gothorita|Protect|p2b: Gothorita\n|-singleturn|p2b: Gothorita|Protect\n|move|p1b: Dusclops|Dark Pulse|p2a: Haunter\n|-activate|p2a: Haunter|move: Protect\n|move|p1a: Foongus|Spore|p2b: Gothorita\n|-activate|p2b: Gothorita|move: Protect\n|\n|-heal|p1a: Foongus|100\/100|[from] item: Leftovers\n|-start|p2a: Haunter|perish2\n|-start|p2b: Gothorita|perish2\n|-start|p1b: Dusclops|perish2\n|-start|p1a: Foongus|perish2\n|upkeep\n|turn|3\n|\n|t:|1700231462\n|switch|p2a: Foongus|Foongus, L50, F|100\/100\n|move|p1a: Foongus|Rage Powder|p1a: Foongus\n|-singleturn|p1a: Foongus|move: Rage Powder\n|move|p2b: Gothorita|Psychic|p1a: Foongus\n|-supereffective|p1a: Foongus\n|-damage|p1a: Foongus|39\/100\n|move|p1b: Dusclops|Trick Room|p1b: Dusclops\n|-fieldstart|move: Trick Room|[of] p1b: Dusclops\n|\n|-heal|p1a: Foongus|45\/100|[from] item: Leftovers\n|-start|p1a: Foongus|perish1\n|-start|p1b: Dusclops|perish1\n|-start|p2b: Gothorita|perish1\n|upkeep\n|turn|4\n|\n|t:|1700231484\n|switch|p1b: Fraxure|Fraxure, L50, F, shiny|100\/100\n|-ability|p1b: Fraxure|Mold Breaker\n|switch|p2b: Haunter|Haunter, L50, M|44\/100\n|move|p1a: Foongus|Spore|p2b: Haunter\n|-activate|p2b: Haunter|item: Safety Goggles|Spore\n|move|p2a: Foongus|Pollen Puff|p2b: Haunter\n|-heal|p2b: Haunter|94\/100\n|\n|-heal|p1a: Foongus|52\/100|[from] item: Leftovers\n|-start|p1a: Foongus|perish0\n|faint|p1a: Foongus\n|upkeep\n|\n|t:|1700231500\n|switch|p1a: Bilaler|Ursaring, L50, F, shiny|100\/100\n|turn|5\n|\n|t:|1700231516\n|move|p2a: Foongus|Spore|p1a: Bilaler\n|-status|p1a: Bilaler|slp|[from] move: Spore\n|cant|p1a: Bilaler|slp\n|move|p1b: Fraxure|Substitute|p1b: Fraxure\n|-start|p1b: Fraxure|Substitute\n|-damage|p1b: Fraxure|76\/100\n|move|p2b: Haunter|Perish Song|p2b: Haunter\n|-start|p1a: Bilaler|perish3|[silent]\n|-start|p1b: Fraxure|perish3|[silent]\n|-start|p2a: Foongus|perish3|[silent]\n|-start|p2b: Haunter|perish3|[silent]\n|-fieldactivate|move: Perish Song\n|\n|-start|p2a: Foongus|perish3\n|-start|p1a: Bilaler|perish3\n|-start|p1b: Fraxure|perish3\n|-start|p2b: Haunter|perish3\n|upkeep\n|turn|6\n|\n|t:|1700231536\n|switch|p2b: Gothorita|Gothorita, L50, F, tera:Fairy|100\/100\n|move|p2a: Foongus|Rage Powder|p2a: Foongus\n|-singleturn|p2a: Foongus|move: Rage Powder\n|cant|p1a: Bilaler|slp\n|move|p1b: Fraxure|Outrage|p2a: Foongus\n|-damage|p2a: Foongus|14\/100\n|\n|-start|p2a: Foongus|perish2\n|-start|p1a: Bilaler|perish2\n|-start|p1b: Fraxure|perish2\n|upkeep\n|turn|7\n|\n|t:|1700231555\n|move|p2a: Foongus|Protect|p2a: Foongus\n|-singleturn|p2a: Foongus|Protect\n|move|p2b: Gothorita|Fake Out|p1b: Fraxure\n|-activate|p1b: Fraxure|move: Substitute|[damage]\n|cant|p1a: Bilaler|slp\n|move|p1b: Fraxure|Outrage|p2a: Foongus|[from]lockedmove\n|-activate|p2a: Foongus|move: Protect\n|\n|-start|p2a: Foongus|perish1\n|-start|p1a: Bilaler|perish1\n|-start|p1b: Fraxure|perish1\n|-fieldend|move: Trick Room\n|upkeep\n|turn|8\n|\n|t:|1700231584\n|switch|p2a: Murkrow|Murkrow, L50, M|100\/100\n|move|p2b: Gothorita|Protect|p2b: Gothorita\n|-singleturn|p2b: Gothorita|Protect\n|move|p1b: Fraxure|Bulldoze|p2a: Murkrow|[spread] p1a\n|-activate|p2b: Gothorita|move: Protect\n|-immune|p2a: Murkrow\n|-damage|p1a: Bilaler|84\/100 slp\n|-unboost|p1a: Bilaler|spe|1\n|-curestatus|p1a: Bilaler|slp|[msg]\n|move|p1a: Bilaler|Ice Punch|p2b: Gothorita\n|-activate|p2b: Gothorita|move: Protect\n|\n|-start|p1b: Fraxure|perish0\n|-start|p1a: Bilaler|perish0\n|faint|p1b: Fraxure\n|faint|p1a: Bilaler\n|upkeep\n|\n|t:|1700231610\n|switch|p1b: Dusclops|Dusclops, L50, F, shiny|100\/100\n|-ability|p1b: Dusclops|Pressure\n|turn|9\n|\n|t:|1700231624\n|-terastallize|p1b: Dusclops|Dark\n|move|p2a: Murkrow|Perish Song|p2a: Murkrow\n|-start|p1b: Dusclops|perish3|[silent]\n|-start|p2a: Murkrow|perish3|[silent]\n|-start|p2b: Gothorita|perish3|[silent]\n|-fieldactivate|move: Perish Song\n|move|p2b: Gothorita|Psychic|p1b: Dusclops\n|-immune|p1b: Dusclops\n|move|p1b: Dusclops|Dark Pulse|p2b: Gothorita\n|-resisted|p2b: Gothorita\n|-damage|p2b: Gothorita|91\/100\n|\n|-start|p2a: Murkrow|perish3\n|-start|p2b: Gothorita|perish3\n|-start|p1b: Dusclops|perish3\n|upkeep\n|turn|10\n|\n|t:|1700231640\n|move|p2a: Murkrow|Protect|p2a: Murkrow\n|-singleturn|p2a: Murkrow|Protect\n|move|p2b: Gothorita|Protect|p2b: Gothorita\n|-singleturn|p2b: Gothorita|Protect\n|move|p1b: Dusclops|Poltergeist|p2b: Gothorita\n|-activate|p2b: Gothorita|move: Protect\n|\n|-start|p2a: Murkrow|perish2\n|-start|p2b: Gothorita|perish2\n|-start|p1b: Dusclops|perish2\n|upkeep\n|turn|11\n|\n|t:|1700231664\n|move|p2a: Murkrow|Foul Play|p1b: Dusclops\n|-resisted|p1b: Dusclops\n|-damage|p1b: Dusclops|93\/100\n|move|p2b: Gothorita|Heal Pulse|p1b: Dusclops\n|-heal|p1b: Dusclops|100\/100\n|move|p1b: Dusclops|Poltergeist|p2b: Gothorita\n|-activate|p2b: Gothorita|move: Poltergeist|Kasib Berry\n|-crit|p2b: Gothorita\n|-damage|p2b: Gothorita|42\/100\n|\n|-start|p2a: Murkrow|perish1\n|-start|p2b: Gothorita|perish1\n|-start|p1b: Dusclops|perish1\n|upkeep\n|turn|12\n|\n|t:|1700231679\n|move|p2a: Murkrow|Protect|p2a: Murkrow\n|-singleturn|p2a: Murkrow|Protect\n|move|p2b: Gothorita|Protect|p2b: Gothorita\n|-singleturn|p2b: Gothorita|Protect\n|move|p1b: Dusclops|Protect||[still]\n|-fail|p1b: Dusclops\n|\n|-start|p2a: Murkrow|perish0\n|-start|p2b: Gothorita|perish0\n|-start|p1b: Dusclops|perish0\n|faint|p2a: Murkrow\n|faint|p2b: Gothorita\n|faint|p1b: Dusclops\n|\n|win|mattress375\n|upkeep\n|l|\u2606Ranposintern\n","uploadtime":1700231697,"views":24,"p1id":"ranposintern","p2id":"mattress375","formatid":"gen9vgc2023regulatione","rating":0,"private":0,"password":""}