{"id":"gen9vgc2023regulatione-1990770797","p1":"Kemils","p2":"karnisbroken","format":"[Gen 9] VGC 2023 Regulation E","log":"|j|\u2606Kemils\n|j|\u2606karnisbroken\n|t:|1699999227\n|gametype|doubles\n|player|p1|Kemils|roxie|\n|player|p2|karnisbroken|169|\n|teamsize|p1|6\n|teamsize|p2|6\n|gen|9\n|tier|[Gen 9] VGC 2023 Regulation E\n|rated|Tournament battle\n|rule|Species Clause: Limit one of each Pok\u00e9mon\n|rule|Item Clause: Limit one of each item\n|clearpoke\n|poke|p1|Goodra-Hisui, L50, M|\n|poke|p1|Flutter Mane, L50|\n|poke|p1|Ogerpon-Hearthflame, L50, F|\n|poke|p1|Rillaboom, L50, F|\n|poke|p1|Urshifu-*, L50, M|\n|poke|p1|Grimmsnarl, L50, M|\n|poke|p2|Ogerpon-Wellspring, L50, F|\n|poke|p2|Tornadus, L50, M|\n|poke|p2|Urshifu-*, L50, F|\n|poke|p2|Rillaboom, L50, M|\n|poke|p2|Ursaluna-Bloodmoon, L50, M|\n|poke|p2|Cresselia, L50, F|\n|teampreview|4\n|showteam|p1|Goodra-Hisui||Leftovers|ShellArmor|BodyPress,HeavySlam,Shelter,Protect|||M|||50|,,,,,Fairy]Flutter Mane||BoosterEnergy|Protosynthesis|Moonblast,IcyWind,ShadowBall,Protect||||||50|,,,,,Fairy]Ogerpon-Hearthflame||HearthflameMask|MoldBreaker|IvyCudgel,GrassyGlide,SwordsDance,SpikyShield|||F|||50|,,,,,Fire]Rillaboom||AssaultVest|GrassySurge|WoodHammer,GrassyGlide,HighHorsepower,FakeOut|||F|||50|,,,,,Fire]Urshifu-Rapid-Strike||ChoiceScarf|UnseenFist|SurgingStrikes,AquaJet,Uturn,CloseCombat|||M|||50|,,,,,Water]Grimmsnarl||LightClay|Prankster|SpiritBreak,ThunderWave,Reflect,LightScreen|||M|||50|,,,,,Ghost\n|showteam|p2|Ogerpon-Wellspring||WellspringMask|WaterAbsorb|FollowMe,SpikyShield,IvyCudgel,HornLeech|||F|||50|,,,,,Water]Tornadus||CovertCloak|Prankster|Taunt,IcyWind,BleakwindStorm,Tailwind|||M|||50|,,,,,Dark]Urshifu||BlackGlasses|UnseenFist|WickedBlow,IronHead,Protect,DrainPunch|||F|||50|,,,,,Dark]Rillaboom||AssaultVest|GrassySurge|KnockOff,GrassyGlide,HighHorsepower,FakeOut|||M|||50|,,,,,Fire]Ursaluna-Bloodmoon||SilkScarf|MindsEye|EarthPower,BloodMoon,HyperVoice,Protect|||M|||50|,,,,,Ghost]Cresselia||MentalHerb|Levitate|LunarBlessing,TrickRoom,Psychic,HelpingHand|||F|||50|,,,,,Fairy\n|j|+crystalninetales\n|c|\u2606Kemils|glhf\n|\n|t:|1699999312\n|start\n|switch|p1a: Rillaboom|Rillaboom, L50, F|100\/100\n|switch|p1b: Ogerpon|Ogerpon-Hearthflame, L50, F|100\/100\n|switch|p2a: Tornadus|Tornadus, L50, M|100\/100\n|switch|p2b: Ursaluna|Ursaluna-Bloodmoon, L50, M|100\/100\n|-ability|p1b: Ogerpon|Mold Breaker\n|-fieldstart|move: Grassy Terrain|[from] ability: Grassy Surge|[of] p1a: Rillaboom\n|turn|1\n|\n|t:|1699999338\n|switch|p2b: Rillaboom|Rillaboom, L50, M|100\/100\n|-terastallize|p1b: Ogerpon|Fire\n|detailschange|p1b: Ogerpon|Ogerpon-Hearthflame-Tera, L50, F, tera:Fire\n|-ability|p1b: Ogerpon|Embody Aspect (Hearthflame)|boost\n|-boost|p1b: Ogerpon|atk|1\n|move|p1a: Rillaboom|Fake Out|p2b: Rillaboom\n|-damage|p2b: Rillaboom|88\/100\n|move|p2a: Tornadus|Bleakwind Storm|p1a: Rillaboom|[spread] p1a,p1b\n|-supereffective|p1a: Rillaboom\n|-crit|p1a: Rillaboom\n|-crit|p1b: Ogerpon\n|-damage|p1a: Rillaboom|34\/100\n|-damage|p1b: Ogerpon|44\/100\n|-unboost|p1a: Rillaboom|spe|1\n|move|p1b: Ogerpon|Ivy Cudgel|p2a: Tornadus|[anim] Ivy Cudgel Fire\n|-damage|p2a: Tornadus|0 fnt\n|faint|p2a: Tornadus\n|\n|-heal|p1b: Ogerpon|50\/100|[from] Grassy Terrain\n|-heal|p2b: Rillaboom|94\/100|[from] Grassy Terrain\n|-heal|p1a: Rillaboom|40\/100|[from] Grassy Terrain\n|upkeep\n|\n|t:|1699999359\n|switch|p2a: Ogerpon|Ogerpon-Wellspring, L50, F|100\/100\n|turn|2\n|\n|t:|1699999394\n|move|p2a: Ogerpon|Spiky Shield|p2a: Ogerpon\n|-singleturn|p2a: Ogerpon|move: Protect\n|move|p1b: Ogerpon|Ivy Cudgel|p2b: Rillaboom|[anim] Ivy Cudgel Fire\n|-supereffective|p2b: Rillaboom\n|-damage|p2b: Rillaboom|0 fnt\n|faint|p2b: Rillaboom\n|move|p1a: Rillaboom|Wood Hammer|p2a: Ogerpon\n|-activate|p2a: Ogerpon|move: Protect\n|-damage|p1a: Rillaboom|28\/100|[from] Spiky Shield|[of] p2a: Ogerpon\n|\n|-heal|p1b: Ogerpon|56\/100|[from] Grassy Terrain\n|-heal|p1a: Rillaboom|33\/100|[from] Grassy Terrain\n|upkeep\n|\n|t:|1699999401\n|switch|p2b: Ursaluna|Ursaluna-Bloodmoon, L50, M|100\/100\n|turn|3\n|\n|t:|1699999411\n|-terastallize|p2b: Ursaluna|Ghost\n|move|p2a: Ogerpon|Ivy Cudgel|p1b: Ogerpon|[anim] Ivy Cudgel Water\n|-supereffective|p1b: Ogerpon\n|-damage|p1b: Ogerpon|0 fnt\n|faint|p1b: Ogerpon\n|move|p2b: Ursaluna|Hyper Voice|p1a: Rillaboom\n|-damage|p1a: Rillaboom|0 fnt\n|faint|p1a: Rillaboom\n|\n|upkeep\n|\n|t:|1699999420\n|switch|p1b: Flutter Mane|Flutter Mane, L50|100\/100\n|switch|p1a: Urshifu|Urshifu-Rapid-Strike, L50, M|100\/100\n|-enditem|p1b: Flutter Mane|Booster Energy\n|-activate|p1b: Flutter Mane|ability: Protosynthesis|[fromitem]\n|-start|p1b: Flutter Mane|protosynthesisspe\n|turn|4\n|\n|t:|1699999448\n|move|p2b: Ursaluna|Protect|p2b: Ursaluna\n|-singleturn|p2b: Ursaluna|Protect\n|move|p1b: Flutter Mane|Shadow Ball|p2b: Ursaluna\n|-activate|p2b: Ursaluna|move: Protect\n|move|p1a: Urshifu|Surging Strikes|p2b: Ursaluna\n|-crit|p2b: Ursaluna\n|-damage|p2b: Ursaluna|85\/100\n|-crit|p2b: Ursaluna\n|-damage|p2b: Ursaluna|71\/100\n|-crit|p2b: Ursaluna\n|-damage|p2b: Ursaluna|56\/100\n|-hitcount|p2b: Ursaluna|3\n|move|p2a: Ogerpon|Horn Leech|p1a: Urshifu\n|-supereffective|p1a: Urshifu\n|-damage|p1a: Urshifu|0 fnt\n|faint|p1a: Urshifu\n|\n|-heal|p2b: Ursaluna|62\/100|[from] Grassy Terrain\n|upkeep\n|turn|5\n|c|\u2606Kemils|ggs\n|\n|t:|1699999467\n|move|p1b: Flutter Mane|Moonblast|p2a: Ogerpon\n|-damage|p2a: Ogerpon|49\/100\n|move|p2a: Ogerpon|Ivy Cudgel|p1b: Flutter Mane|[anim] Ivy Cudgel Water\n|-damage|p1b: Flutter Mane|17\/100\n|move|p2b: Ursaluna|Blood Moon|p1b: Flutter Mane\n|-damage|p1b: Flutter Mane|0 fnt\n|faint|p1b: Flutter Mane\n|-end|p1b: Flutter Mane|Protosynthesis|[silent]\n|\n|win|karnisbroken\n|n|\u2606Kemils|kemils\n|n|\u2606karnisbroken|karnisbroken\n|n| crystalninetales|crystalninetales\n","uploadtime":1699999469,"views":9,"p1id":"kemils","p2id":"karnisbroken","formatid":"gen9vgc2023regulatione","rating":0,"private":0,"password":""}