{"id":"gen9vgc2023regulatione-1988232978","p1":"slickfast","p2":"cl123","format":"[Gen 9] VGC 2023 Regulation E","log":"|j|\u2606slickfast\n|j|\u2606cl123\n|t:|1699690620\n|gametype|doubles\n|player|p1|slickfast|101|1279\n|player|p2|cl123|102|1292\n|teamsize|p1|6\n|teamsize|p2|6\n|gen|9\n|tier|[Gen 9] VGC 2023 Regulation E\n|rated|\n|rule|Species Clause: Limit one of each Pok\u00e9mon\n|rule|Item Clause: Limit one of each item\n|clearpoke\n|poke|p1|Arcanine-Hisui, L50, F|\n|poke|p1|Torterra, L50, F|\n|poke|p1|Milotic, L50, F|\n|poke|p1|Clefairy, L50, M|\n|poke|p1|Farigiraf, L50, M|\n|poke|p1|Urshifu-*, L50, F|\n|poke|p2|Chien-Pao, L50|\n|poke|p2|Tinkaton, L50, F|\n|poke|p2|Chi-Yu, L50|\n|poke|p2|Tornadus, L50, M|\n|poke|p2|Dragonite, L50, M|\n|poke|p2|Munkidori, L50, M|\n|teampreview|4\n|inactive|Battle timer is ON: inactive players will automatically lose when time's up. (requested by slickfast)\n|\n|t:|1699690720\n|start\n|switch|p1a: Farigiraf|Farigiraf, L50, M|100\/100\n|switch|p1b: Arcanine|Arcanine-Hisui, L50, F|100\/100\n|switch|p2a: Tornadus|Tornadus, L50, M|100\/100\n|switch|p2b: Tinkaton|Tinkaton, L50, F|100\/100\n|-ability|p1b: Arcanine|Intimidate|boost\n|-unboost|p2a: Tornadus|atk|1\n|-fail|p2b: Tinkaton|unboost|Attack|[from] ability: Own Tempo|[of] p2b: Tinkaton\n|turn|1\n|inactive|cl123 has 30 seconds left.\n|inactive|cl123 has 20 seconds left.\n|inactive|cl123 has 15 seconds left.\n|inactive|cl123 has 10 seconds left.\n|inactive|slickfast has 30 seconds left.\n|\n|t:|1699690778\n|switch|p2b: Dragonite|Dragonite, L50, M|100\/100\n|move|p2a: Tornadus|Tailwind|p2a: Tornadus\n|-sidestart|p2: cl123|move: Tailwind\n|move|p1b: Arcanine|Rock Slide|p2a: Tornadus|[spread] p2a,p2b\n|-supereffective|p2a: Tornadus\n|-supereffective|p2b: Dragonite\n|-damage|p2a: Tornadus|38\/100\n|-damage|p2b: Dragonite|50\/100\n|move|p1a: Farigiraf|Trick Room|p1a: Farigiraf\n|-fieldstart|move: Trick Room|[of] p1a: Farigiraf\n|\n|upkeep\n|turn|2\n|inactive|cl123 has 30 seconds left.\n|\n|t:|1699690810\n|switch|p2a: Tinkaton|Tinkaton, L50, F|100\/100\n|-terastallize|p2b: Dragonite|Normal\n|move|p1a: Farigiraf|Nasty Plot|p1a: Farigiraf\n|-boost|p1a: Farigiraf|spa|2\n|move|p1b: Arcanine|Rock Slide|p2b: Dragonite|[spread] p2a\n|-miss|p1b: Arcanine|p2b: Dragonite\n|-resisted|p2a: Tinkaton\n|-damage|p2a: Tinkaton|88\/100\n|move|p2b: Dragonite|Outrage|p1b: Arcanine\n|-damage|p1b: Arcanine|0 fnt\n|faint|p1b: Arcanine\n|\n|upkeep\n|\n|t:|1699690826\n|switch|p1b: Torterra|Torterra, L50, F|100\/100\n|turn|3\n|inactive|cl123 has 30 seconds left.\n|\n|t:|1699690856\n|move|p1b: Torterra|Swords Dance|p1b: Torterra\n|-boost|p1b: Torterra|atk|2\n|move|p1a: Farigiraf|Psyshock|p2b: Dragonite\n|-damage|p2b: Dragonite|0 fnt\n|faint|p2b: Dragonite\n|move|p2a: Tinkaton|Gigaton Hammer|p1a: Farigiraf\n|-damage|p1a: Farigiraf|69\/100\n|\n|upkeep\n|\n|t:|1699690875\n|switch|p2b: Tornadus|Tornadus, L50, M|38\/100\n|turn|4\n|inactive|cl123 has 30 seconds left.\n|\n|t:|1699690901\n|-terastallize|p1b: Torterra|Water\n|move|p2b: Tornadus|Swagger|p2a: Tinkaton|[miss]\n|-miss|p2b: Tornadus|p2a: Tinkaton\n|move|p1b: Torterra|High Horsepower|p2a: Tinkaton\n|-supereffective|p2a: Tinkaton\n|-damage|p2a: Tinkaton|0 fnt\n|faint|p2a: Tinkaton\n|move|p1a: Farigiraf|Psyshock|p2b: Tornadus\n|-damage|p2b: Tornadus|0 fnt\n|faint|p2b: Tornadus\n|\n|-sideend|p2: cl123|move: Tailwind\n|upkeep\n|\n|t:|1699690923\n|switch|p2b: Chien-Pao|Chien-Pao, L50|100\/100\n|-ability|p2b: Chien-Pao|Sword of Ruin\n|turn|5\n|\n|t:|1699690939\n|move|p2b: Chien-Pao|Protect|p2b: Chien-Pao\n|-singleturn|p2b: Chien-Pao|Protect\n|move|p1b: Torterra|Bullet Seed|p2b: Chien-Pao\n|-activate|p2b: Chien-Pao|move: Protect\n|move|p1a: Farigiraf|Hyper Voice|p2b: Chien-Pao\n|-activate|p2b: Chien-Pao|move: Protect\n|\n|-fieldend|move: Trick Room\n|upkeep\n|turn|6\n|\n|t:|1699690955\n|move|p2b: Chien-Pao|Ice Spinner|p1a: Farigiraf\n|-damage|p1a: Farigiraf|24\/100\n|move|p1b: Torterra|Bullet Seed|p2b: Chien-Pao\n|-damage|p2b: Chien-Pao|68\/100\n|-damage|p2b: Chien-Pao|35\/100\n|-damage|p2b: Chien-Pao|0 fnt\n|faint|p2b: Chien-Pao\n|-hitcount|p2: Chien-Pao|3\n|\n|win|slickfast\n|raw|slickfast's rating: 1279 &rarr; <strong>1305<\/strong><br \/>(+26 for winning)\n|raw|cl123's rating: 1292 &rarr; <strong>1266<\/strong><br \/>(-26 for losing)\n|l|\u2606slickfast\n","uploadtime":1699690973,"views":30,"p1id":"slickfast","p2id":"cl123","formatid":"gen9vgc2023regulatione","rating":1266,"private":0,"password":""}