{"id":"gen9vgc2023regulatione-1995947797","p1":"Ultra35","p2":"Bigsoccerman24","format":"[Gen 9] VGC 2023 Regulation E","log":"|j|\u2606Ultra35\n|j|\u2606Bigsoccerman24\n|t:|1700620766\n|gametype|doubles\n|player|p1|Ultra35|102|1357\n|player|p2|Bigsoccerman24|102|1266\n|teamsize|p1|6\n|teamsize|p2|6\n|gen|9\n|tier|[Gen 9] VGC 2023 Regulation E\n|rated|\n|rule|Species Clause: Limit one of each Pok\u00e9mon\n|rule|Item Clause: Limit one of each item\n|clearpoke\n|poke|p1|Ninetales-Alola, L50, F|\n|poke|p1|Dragonite, L50, M|\n|poke|p1|Dondozo, L50, M|\n|poke|p1|Glimmora, L50, F|\n|poke|p1|Tatsugiri-Stretchy, L50, M|\n|poke|p1|Iron Hands, L50|\n|poke|p2|Amoonguss, L50, M|\n|poke|p2|Arcanine-Hisui, L50, M|\n|poke|p2|Urshifu-*, L50, M|\n|poke|p2|Tornadus, L50, M|\n|poke|p2|Iron Hands, L50|\n|poke|p2|Gholdengo, L50|\n|teampreview|4\n|inactive|Battle timer is ON: inactive players will automatically lose when time's up. (requested by Bigsoccerman24)\n|\n|t:|1700620795\n|start\n|switch|p1a: Ninetales|Ninetales-Alola, L50, F|100\/100\n|switch|p1b: Iron Hands|Iron Hands, L50|100\/100\n|switch|p2a: Tornadus|Tornadus, L50, M|100\/100\n|switch|p2b: Urshifu|Urshifu-Rapid-Strike, L50, M|100\/100\n|-weather|Snow|[from] ability: Snow Warning|[of] p1a: Ninetales\n|turn|1\n|inactive|Ultra35 has 30 seconds left.\n|inactive|Ultra35 has 20 seconds left.\n|inactive|Ultra35 has 15 seconds left.\n|\n|t:|1700620839\n|-terastallize|p2a: Tornadus|Ghost\n|move|p2b: Urshifu|Detect|p2b: Urshifu\n|-singleturn|p2b: Urshifu|Protect\n|move|p1b: Iron Hands|Fake Out|p2b: Urshifu\n|-activate|p2b: Urshifu|move: Protect\n|move|p2a: Tornadus|Rain Dance|p2a: Tornadus\n|-weather|RainDance\n|move|p1a: Ninetales|Aurora Veil||[still]\n|-fail|p1a: Ninetales\n|\n|-weather|RainDance|[upkeep]\n|upkeep\n|turn|2\n|\n|t:|1700620851\n|switch|p1a: Tatsugiri|Tatsugiri-Stretchy, L50, M|100\/100\n|-end|p1b: Iron Hands|Quark Drive|[silent]\n|switch|p1b: Dondozo|Dondozo, L50, M|100\/100\n|-activate|p1a: Tatsugiri|ability: Commander|[of] p1b: Dondozo\n|-boost|p1b: Dondozo|atk|2\n|-boost|p1b: Dondozo|spa|2\n|-boost|p1b: Dondozo|spe|2\n|-boost|p1b: Dondozo|def|2\n|-boost|p1b: Dondozo|spd|2\n|move|p2b: Urshifu|Surging Strikes|p1a: Tatsugiri|[miss]\n|-miss|p2b: Urshifu|p1a: Tatsugiri\n|move|p2a: Tornadus|Bleakwind Storm|p1a: Tatsugiri|[spread] p1b\n|-miss|p2a: Tornadus|p1a: Tatsugiri\n|-damage|p1b: Dondozo|83\/100\n|\n|-weather|RainDance|[upkeep]\n|-heal|p1b: Dondozo|89\/100|[from] item: Leftovers\n|upkeep\n|turn|3\n|inactive|Ultra35 has 30 seconds left.\n|\n|t:|1700620877\n|switch|p2b: Amoonguss|Amoonguss, L50, M|100\/100\n|move|p2a: Tornadus|Tailwind|p2a: Tornadus\n|-sidestart|p2: Bigsoccerman24|move: Tailwind\n|move|p1b: Dondozo|Order Up|p2a: Tornadus\n|-damage|p2a: Tornadus|47\/100\n|-boost|p1b: Dondozo|spe|1\n|\n|-weather|RainDance|[upkeep]\n|-heal|p1b: Dondozo|95\/100|[from] item: Leftovers\n|upkeep\n|turn|4\n|\n|t:|1700620887\n|move|p1b: Dondozo|Protect|p1b: Dondozo\n|-singleturn|p1b: Dondozo|Protect\n|move|p2a: Tornadus|Bleakwind Storm|p1b: Dondozo|[spread] \n|-miss|p2a: Tornadus|p1a: Tatsugiri\n|-activate|p1b: Dondozo|move: Protect\n|move|p2b: Amoonguss|Spore|p1b: Dondozo\n|-activate|p1b: Dondozo|move: Protect\n|\n|-weather|RainDance|[upkeep]\n|-heal|p1b: Dondozo|100\/100|[from] item: Leftovers\n|upkeep\n|turn|5\n|\n|t:|1700620901\n|-terastallize|p1b: Dondozo|Grass\n|move|p2a: Tornadus|Protect|p2a: Tornadus\n|-singleturn|p2a: Tornadus|Protect\n|move|p1b: Dondozo|Order Up|p2a: Tornadus\n|-activate|p2a: Tornadus|move: Protect\n|move|p2b: Amoonguss|Spore|p1b: Dondozo\n|-immune|p1b: Dondozo\n|\n|-weather|none\n|upkeep\n|turn|6\n|\n|t:|1700620914\n|switch|p2a: Gholdengo|Gholdengo, L50|100\/100\n|move|p1b: Dondozo|Order Up|p2a: Gholdengo\n|-resisted|p2a: Gholdengo\n|-damage|p2a: Gholdengo|77\/100\n|-boost|p1b: Dondozo|spe|1\n|move|p2b: Amoonguss|Pollen Puff|p1b: Dondozo\n|-supereffective|p1b: Dondozo\n|-damage|p1b: Dondozo|82\/100\n|\n|-heal|p2a: Gholdengo|83\/100|[from] item: Leftovers\n|-heal|p1b: Dondozo|88\/100|[from] item: Leftovers\n|-sideend|p2: Bigsoccerman24|move: Tailwind\n|upkeep\n|turn|7\n|\n|t:|1700620928\n|move|p1b: Dondozo|Wave Crash|p2a: Gholdengo\n|-damage|p2a: Gholdengo|0 fnt\n|faint|p2a: Gholdengo\n|-damage|p1b: Dondozo|66\/100|[from] Recoil\n|move|p2b: Amoonguss|Pollen Puff|p2: Gholdengo|[notarget]\n|-fail|p2b: Amoonguss\n|\n|-heal|p1b: Dondozo|72\/100|[from] item: Leftovers\n|upkeep\n|\n|t:|1700620934\n|switch|p2a: Tornadus|Tornadus, L50, M, tera:Ghost|47\/100\n|turn|8\n|\n|t:|1700620941\n|move|p1b: Dondozo|Order Up|p2a: Tornadus\n|-damage|p2a: Tornadus|0 fnt\n|faint|p2a: Tornadus\n|-boost|p1b: Dondozo|spe|1\n|move|p2b: Amoonguss|Pollen Puff|p2: Tornadus|[notarget]\n|-fail|p2b: Amoonguss\n|\n|-heal|p1b: Dondozo|78\/100|[from] item: Leftovers\n|upkeep\n|-message|Bigsoccerman24 forfeited.\n|\n|win|Ultra35\n|raw|Ultra35's rating: 1357 &rarr; <strong>1372<\/strong><br \/>(+15 for winning)\n|raw|Bigsoccerman24's rating: 1266 &rarr; <strong>1247<\/strong><br \/>(-19 for losing)\n|l|\u2606Bigsoccerman24\n","uploadtime":1700620952,"views":11,"p1id":"ultra35","p2id":"bigsoccerman24","formatid":"gen9vgc2023regulatione","rating":1247,"private":0,"password":""}