{"id":"gen9vgc2023regulatione-2000676054","p1":"BraddingtonWA","p2":"Hyon","format":"[Gen 9] VGC 2023 Regulation E","log":"|j|\u2606BraddingtonWA\n|j|\u2606Hyon\n|t:|1701217545\n|gametype|doubles\n|player|p1|BraddingtonWA|hilda|1206\n|player|p2|Hyon|1|1147\n|teamsize|p1|6\n|teamsize|p2|6\n|gen|9\n|tier|[Gen 9] VGC 2023 Regulation E\n|rated|\n|rule|Species Clause: Limit one of each Pok\u00e9mon\n|rule|Item Clause: Limit one of each item\n|clearpoke\n|poke|p1|Roaring Moon, L50|\n|poke|p1|Armarouge, L50, M|\n|poke|p1|Indeedee-F, L50, F|\n|poke|p1|Landorus-Therian, L50, M|\n|poke|p1|Torkoal, L50, M|\n|poke|p1|Ogerpon-Wellspring, L50, F|\n|poke|p2|Cresselia, L50, F|\n|poke|p2|Conkeldurr, L50, M|\n|poke|p2|Dragapult, L50, F|\n|poke|p2|Empoleon, L50, M|\n|poke|p2|Skeledirge, L50, F|\n|poke|p2|Ursaluna, L50, M|\n|teampreview|4\n|inactive|Battle timer is ON: inactive players will automatically lose when time's up. (requested by Hyon)\n|\n|t:|1701217602\n|start\n|switch|p1a: Roaring Moon|Roaring Moon, L50|100\/100\n|switch|p1b: Indeedee|Indeedee-F, L50, F|100\/100\n|switch|p2a: Dragapult|Dragapult, L50, F, shiny|100\/100\n|switch|p2b: Empoleon|Empoleon, L50, M, shiny|100\/100\n|-fieldstart|move: Psychic Terrain|[from] ability: Psychic Surge|[of] p1b: Indeedee\n|-enditem|p1a: Roaring Moon|Booster Energy\n|-activate|p1a: Roaring Moon|ability: Protosynthesis|[fromitem]\n|-start|p1a: Roaring Moon|protosynthesisspe\n|turn|1\n|inactive|Hyon has 30 seconds left.\n|\n|t:|1701217635\n|-terastallize|p2a: Dragapult|Ghost\n|move|p1b: Indeedee|Follow Me|p1b: Indeedee\n|-singleturn|p1b: Indeedee|move: Follow Me\n|move|p1a: Roaring Moon|Knock Off|p2a: Dragapult\n|-supereffective|p2a: Dragapult\n|-damage|p2a: Dragapult|0 fnt\n|-enditem|p2a: Dragapult|Choice Band|[from] move: Knock Off|[of] p1a: Roaring Moon\n|faint|p2a: Dragapult\n|move|p2b: Empoleon|Flash Cannon|p1b: Indeedee\n|-damage|p1b: Indeedee|63\/100\n|\n|upkeep\n|\n|t:|1701217648\n|switch|p2a: Conkeldurr|Conkeldurr, L50, M, shiny|100\/100\n|turn|2\n|\n|t:|1701217673\n|move|p1b: Indeedee|Follow Me|p1b: Indeedee\n|-singleturn|p1b: Indeedee|move: Follow Me\n|move|p1a: Roaring Moon|Knock Off|p2a: Conkeldurr\n|-resisted|p2a: Conkeldurr\n|-damage|p2a: Conkeldurr|76\/100\n|-enditem|p2a: Conkeldurr|Sitrus Berry|[from] move: Knock Off|[of] p1a: Roaring Moon\n|move|p2b: Empoleon|Ice Beam|p1b: Indeedee\n|-damage|p1b: Indeedee|36\/100\n|move|p2a: Conkeldurr|Knock Off|p1b: Indeedee\n|-supereffective|p1b: Indeedee\n|-damage|p1b: Indeedee|0 fnt\n|-enditem|p1b: Indeedee|Safety Goggles|[from] move: Knock Off|[of] p2a: Conkeldurr\n|faint|p1b: Indeedee\n|\n|upkeep\n|\n|t:|1701217688\n|switch|p1b: Landorus|Landorus-Therian, L50, M|100\/100\n|-ability|p1b: Landorus|Intimidate|boost\n|-unboost|p2a: Conkeldurr|atk|1\n|-unboost|p2b: Empoleon|atk|1\n|-ability|p2b: Empoleon|Competitive|boost\n|-boost|p2b: Empoleon|spa|2\n|turn|3\n|inactive|BraddingtonWA has 30 seconds left.\n|\n|t:|1701217722\n|switch|p1b: Ogerpon|Ogerpon-Wellspring, L50, F|100\/100\n|switch|p2a: Ursaluna|Ursaluna, L50, M, shiny|100\/100\n|move|p1a: Roaring Moon|Breaking Swipe|p2a: Ursaluna|[spread] p2a,p2b\n|-resisted|p2b: Empoleon\n|-damage|p2a: Ursaluna|82\/100\n|-damage|p2b: Empoleon|88\/100\n|-unboost|p2a: Ursaluna|atk|1\n|-unboost|p2b: Empoleon|atk|1\n|-ability|p2b: Empoleon|Competitive|boost\n|-boost|p2b: Empoleon|spa|2\n|move|p2b: Empoleon|Ice Beam|p1a: Roaring Moon\n|-supereffective|p1a: Roaring Moon\n|-damage|p1a: Roaring Moon|0 fnt\n|faint|p1a: Roaring Moon\n|-end|p1a: Roaring Moon|Protosynthesis|[silent]\n|\n|-heal|p2b: Empoleon|94\/100|[from] item: Leftovers\n|-status|p2a: Ursaluna|brn|[from] item: Flame Orb\n|upkeep\n|\n|t:|1701217742\n|switch|p1a: Landorus|Landorus-Therian, L50, M|100\/100\n|-ability|p1a: Landorus|Intimidate|boost\n|-unboost|p2a: Ursaluna|atk|1\n|-unboost|p2b: Empoleon|atk|1\n|-ability|p2b: Empoleon|Competitive|boost\n|-boost|p2b: Empoleon|spa|2\n|turn|4\n|\n|t:|1701217757\n|move|p2b: Empoleon|Protect|p2b: Empoleon\n|-singleturn|p2b: Empoleon|Protect\n|move|p1a: Landorus|Stomping Tantrum|p2b: Empoleon\n|-activate|p2b: Empoleon|move: Protect\n|move|p1b: Ogerpon|Horn Leech|p2b: Empoleon\n|-activate|p2b: Empoleon|move: Protect\n|move|p2a: Ursaluna|Facade|p1b: Ogerpon\n|-damage|p1b: Ogerpon|30\/100\n|\n|-heal|p2b: Empoleon|99\/100|[from] item: Leftovers\n|-damage|p2a: Ursaluna|76\/100 brn|[from] brn\n|upkeep\n|turn|5\n|inactive|BraddingtonWA has 30 seconds left.\n|inactive|Hyon has 30 seconds left.\n|inactive|Hyon has 20 seconds left.\n|\n|t:|1701217793\n|move|p2b: Empoleon|Protect||[still]\n|-fail|p2b: Empoleon\n|move|p1a: Landorus|Stomping Tantrum|p2b: Empoleon\n|-supereffective|p2b: Empoleon\n|-damage|p2b: Empoleon|5\/100\n|move|p1b: Ogerpon|Horn Leech|p2a: Ursaluna\n|-supereffective|p2a: Ursaluna\n|-damage|p2a: Ursaluna|12\/100 brn\n|-heal|p1b: Ogerpon|78\/100|[from] drain|[of] p2a: Ursaluna\n|move|p2a: Ursaluna|Facade|p1b: Ogerpon\n|-damage|p1b: Ogerpon|7\/100\n|\n|-heal|p2b: Empoleon|11\/100|[from] item: Leftovers\n|-damage|p2a: Ursaluna|6\/100 brn|[from] brn\n|-fieldend|move: Psychic Terrain\n|upkeep\n|turn|6\n|inactive|Hyon has 30 seconds left.\n|\n|t:|1701217819\n|move|p2a: Ursaluna|Protect|p2a: Ursaluna\n|-singleturn|p2a: Ursaluna|Protect\n|move|p1a: Landorus|Stomping Tantrum|p2a: Ursaluna\n|-activate|p2a: Ursaluna|move: Protect\n|move|p1b: Ogerpon|Horn Leech|p2b: Empoleon\n|-damage|p2b: Empoleon|0 fnt\n|-heal|p1b: Ogerpon|13\/100|[from] drain|[of] p2b: Empoleon\n|faint|p2b: Empoleon\n|\n|-damage|p2a: Ursaluna|0 fnt|[from] brn\n|faint|p2a: Ursaluna\n|upkeep\n|\n|t:|1701217835\n|switch|p2a: Conkeldurr|Conkeldurr, L50, M, shiny|76\/100\n|turn|7\n|\n|t:|1701217856\n|move|p2a: Conkeldurr|Mach Punch|p1b: Ogerpon\n|-damage|p1b: Ogerpon|0 fnt\n|faint|p1b: Ogerpon\n|move|p1a: Landorus|Stomping Tantrum|p2a: Conkeldurr\n|-damage|p2a: Conkeldurr|36\/100\n|\n|upkeep\n|turn|8\n|\n|t:|1701217866\n|move|p1a: Landorus|Stomping Tantrum|p2a: Conkeldurr\n|-damage|p2a: Conkeldurr|2\/100\n|move|p2a: Conkeldurr|Drain Punch|p1a: Landorus\n|-resisted|p1a: Landorus\n|-damage|p1a: Landorus|69\/100\n|-heal|p2a: Conkeldurr|14\/100|[from] drain|[of] p1a: Landorus\n|\n|upkeep\n|turn|9\n|\n|t:|1701217877\n|move|p1a: Landorus|Stomping Tantrum|p2a: Conkeldurr\n|-damage|p2a: Conkeldurr|0 fnt\n|faint|p2a: Conkeldurr\n|\n|win|BraddingtonWA\n|raw|BraddingtonWA's rating: 1206 &rarr; <strong>1227<\/strong><br \/>(+21 for winning)\n|raw|Hyon's rating: 1147 &rarr; <strong>1126<\/strong><br \/>(-21 for losing)\n","uploadtime":1701217889,"views":3,"p1id":"braddingtonwa","p2id":"hyon","formatid":"gen9vgc2023regulatione","rating":1126,"private":0,"password":""}