{"id":"gen9vgc2023regulatione-1994704847","p1":"humanbacon","p2":"Th3D3b","format":"[Gen 9] VGC 2023 Regulation E","log":"|j|\u2606humanbacon\n|j|\u2606Th3D3b\n|t:|1700483538\n|gametype|doubles\n|player|p1|humanbacon|benga|1326\n|player|p2|Th3D3b|266|1367\n|teamsize|p1|6\n|teamsize|p2|6\n|gen|9\n|tier|[Gen 9] VGC 2023 Regulation E\n|rated|\n|rule|Species Clause: Limit one of each Pok\u00e9mon\n|rule|Item Clause: Limit one of each item\n|clearpoke\n|poke|p1|Clodsire, L50, M|\n|poke|p1|Chien-Pao, L50|\n|poke|p1|Shiftry, L50, F|\n|poke|p1|Flutter Mane, L50|\n|poke|p1|Arcanine, L50, F|\n|poke|p1|Milotic, L50, F|\n|poke|p2|Roaring Moon, L50|\n|poke|p2|Urshifu-*, L50, F|\n|poke|p2|Gholdengo, L50|\n|poke|p2|Brambleghast, L50, F|\n|poke|p2|Arcanine-Hisui, L50, F|\n|poke|p2|Iron Hands, L50|\n|teampreview|4\n|inactive|Battle timer is ON: inactive players will automatically lose when time's up. (requested by Th3D3b)\n|inactive|Th3D3b has 60 seconds left.\n|\n|t:|1700483576\n|start\n|switch|p1a: Flutter Mane|Flutter Mane, L50|100\/100\n|switch|p1b: Arcanine|Arcanine, L50, F|100\/100\n|switch|p2a: Roaring Moon|Roaring Moon, L50|100\/100\n|switch|p2b: Gholdengo|Gholdengo, L50|100\/100\n|-ability|p1b: Arcanine|Intimidate|boost\n|-unboost|p2a: Roaring Moon|atk|1\n|-unboost|p2b: Gholdengo|atk|1\n|-enditem|p2a: Roaring Moon|Booster Energy\n|-activate|p2a: Roaring Moon|ability: Protosynthesis|[fromitem]\n|-start|p2a: Roaring Moon|protosynthesisspe\n|-enditem|p1a: Flutter Mane|Booster Energy\n|-activate|p1a: Flutter Mane|ability: Protosynthesis|[fromitem]\n|-start|p1a: Flutter Mane|protosynthesisspe\n|turn|1\n|\n|t:|1700483596\n|-terastallize|p2a: Roaring Moon|Poison\n|move|p2b: Gholdengo|Protect|p2b: Gholdengo\n|-singleturn|p2b: Gholdengo|Protect\n|move|p2a: Roaring Moon|Tailwind|p2a: Roaring Moon\n|-sidestart|p2: Th3D3b|move: Tailwind\n|move|p1a: Flutter Mane|Icy Wind|p2b: Gholdengo|[spread] p2a\n|-activate|p2b: Gholdengo|move: Protect\n|-damage|p2a: Roaring Moon|87\/100\n|-unboost|p2a: Roaring Moon|spe|1\n|move|p1b: Arcanine|Snarl|p2b: Gholdengo|[spread] p2a\n|-activate|p2b: Gholdengo|move: Protect\n|-damage|p2a: Roaring Moon|77\/100\n|-unboost|p2a: Roaring Moon|spa|1\n|\n|upkeep\n|turn|2\n|inactive|Th3D3b has 30 seconds left.\n|\n|t:|1700483623\n|move|p1a: Flutter Mane|Protect|p1a: Flutter Mane\n|-singleturn|p1a: Flutter Mane|Protect\n|move|p2a: Roaring Moon|Knock Off|p1a: Flutter Mane\n|-activate|p1a: Flutter Mane|move: Protect\n|move|p2b: Gholdengo|Shadow Ball|p1a: Flutter Mane\n|-activate|p1a: Flutter Mane|move: Protect\n|move|p1b: Arcanine|Snarl|p2b: Gholdengo|[spread] p2a\n|-miss|p1b: Arcanine|p2b: Gholdengo\n|-damage|p2a: Roaring Moon|68\/100\n|-unboost|p2a: Roaring Moon|spa|1\n|\n|upkeep\n|turn|3\n|\n|t:|1700483639\n|move|p2a: Roaring Moon|Knock Off|p1a: Flutter Mane\n|-damage|p1a: Flutter Mane|60\/100\n|move|p1a: Flutter Mane|Shadow Ball|p2b: Gholdengo\n|-supereffective|p2b: Gholdengo\n|-damage|p2b: Gholdengo|19\/100\n|move|p2b: Gholdengo|Shadow Ball|p1a: Flutter Mane\n|-supereffective|p1a: Flutter Mane\n|-damage|p1a: Flutter Mane|0 fnt\n|faint|p1a: Flutter Mane\n|-end|p1a: Flutter Mane|Protosynthesis|[silent]\n|move|p1b: Arcanine|Will-O-Wisp|p2a: Roaring Moon\n|-status|p2a: Roaring Moon|brn\n|\n|-heal|p2b: Gholdengo|25\/100|[from] item: Leftovers\n|-damage|p2a: Roaring Moon|62\/100 brn|[from] brn\n|upkeep\n|\n|t:|1700483657\n|switch|p1a: Chien-Pao|Chien-Pao, L50|100\/100\n|-ability|p1a: Chien-Pao|Sword of Ruin\n|turn|4\n|\n|t:|1700483668\n|move|p2a: Roaring Moon|Breaking Swipe|p1a: Chien-Pao|[spread] p1a,p1b\n|-damage|p1a: Chien-Pao|91\/100\n|-damage|p1b: Arcanine|90\/100\n|-unboost|p1a: Chien-Pao|atk|1\n|-unboost|p1b: Arcanine|atk|1\n|move|p2b: Gholdengo|Make It Rain|p1a: Chien-Pao|[spread] p1a,p1b\n|-supereffective|p1a: Chien-Pao\n|-resisted|p1b: Arcanine\n|-damage|p1a: Chien-Pao|0 fnt\n|-damage|p1b: Arcanine|69\/100\n|-unboost|p2b: Gholdengo|spa|1\n|faint|p1a: Chien-Pao\n|move|p1b: Arcanine|Flamethrower|p2b: Gholdengo\n|-supereffective|p2b: Gholdengo\n|-damage|p2b: Gholdengo|0 fnt\n|faint|p2b: Gholdengo\n|\n|-damage|p2a: Roaring Moon|56\/100 brn|[from] brn\n|-sideend|p2: Th3D3b|move: Tailwind\n|upkeep\n|\n|t:|1700483687\n|switch|p1a: Clodsire|Clodsire, L50, M|100\/100\n|switch|p2b: Iron Hands|Iron Hands, L50|100\/100\n|turn|5\n|\n|t:|1700483702\n|move|p2b: Iron Hands|Fake Out|p1b: Arcanine\n|-damage|p1b: Arcanine|53\/100\n|move|p2a: Roaring Moon|Tailwind|p2a: Roaring Moon\n|-sidestart|p2: Th3D3b|move: Tailwind\n|cant|p1b: Arcanine|flinch\n|move|p1a: Clodsire|Curse|p1a: Clodsire\n|-unboost|p1a: Clodsire|spe|1\n|-boost|p1a: Clodsire|atk|1\n|-boost|p1a: Clodsire|def|1\n|\n|-damage|p2a: Roaring Moon|50\/100 brn|[from] brn\n|upkeep\n|turn|6\n|\n|t:|1700483718\n|move|p2a: Roaring Moon|Knock Off|p1a: Clodsire\n|-damage|p1a: Clodsire|91\/100\n|-enditem|p1a: Clodsire|Leftovers|[from] move: Knock Off|[of] p2a: Roaring Moon\n|move|p1b: Arcanine|Will-O-Wisp|p2b: Iron Hands\n|-status|p2b: Iron Hands|brn\n|move|p2b: Iron Hands|Wild Charge|p1b: Arcanine\n|-crit|p1b: Arcanine\n|-damage|p1b: Arcanine|19\/100\n|-damage|p2b: Iron Hands|94\/100 brn|[from] Recoil\n|move|p1a: Clodsire|Curse|p1a: Clodsire\n|-unboost|p1a: Clodsire|spe|1\n|-boost|p1a: Clodsire|atk|1\n|-boost|p1a: Clodsire|def|1\n|\n|-damage|p2a: Roaring Moon|44\/100 brn|[from] brn\n|-damage|p2b: Iron Hands|88\/100 brn|[from] brn\n|upkeep\n|turn|7\n|inactive|Th3D3b has 30 seconds left.\n|\n|t:|1700483744\n|move|p1b: Arcanine|Protect|p1b: Arcanine\n|-singleturn|p1b: Arcanine|Protect\n|move|p2a: Roaring Moon|Breaking Swipe|p1b: Arcanine|[spread] p1a\n|-activate|p1b: Arcanine|move: Protect\n|-damage|p1a: Clodsire|88\/100\n|-unboost|p1a: Clodsire|atk|1\n|move|p2b: Iron Hands|Drain Punch|p1a: Clodsire\n|-resisted|p1a: Clodsire\n|-damage|p1a: Clodsire|84\/100\n|-heal|p2b: Iron Hands|90\/100 brn|[from] drain|[of] p1a: Clodsire\n|move|p1a: Clodsire|Stomping Tantrum|p2a: Roaring Moon\n|-supereffective|p2a: Roaring Moon\n|-damage|p2a: Roaring Moon|0 fnt\n|faint|p2a: Roaring Moon\n|-end|p2a: Roaring Moon|Protosynthesis|[silent]\n|\n|-damage|p2b: Iron Hands|84\/100 brn|[from] brn\n|upkeep\n|\n|t:|1700483757\n|switch|p2a: Brambleghast|Brambleghast, L50, F|100\/100\n|-ability|p2a: Brambleghast|Wind Rider|boost\n|-boost|p2a: Brambleghast|atk|1\n|turn|8\n|\n|t:|1700483768\n|-terastallize|p1a: Clodsire|Fire\n|move|p2a: Brambleghast|Shadow Sneak|p1b: Arcanine\n|-damage|p1b: Arcanine|0 fnt\n|faint|p1b: Arcanine\n|move|p2b: Iron Hands|Drain Punch|p1a: Clodsire\n|-damage|p1a: Clodsire|76\/100\n|-heal|p2b: Iron Hands|87\/100 brn|[from] drain|[of] p1a: Clodsire\n|move|p1a: Clodsire|Curse|p1a: Clodsire\n|-unboost|p1a: Clodsire|spe|1\n|-boost|p1a: Clodsire|atk|1\n|-boost|p1a: Clodsire|def|1\n|\n|-damage|p2b: Iron Hands|81\/100 brn|[from] brn\n|-sideend|p2: Th3D3b|move: Tailwind\n|upkeep\n|turn|9\n|\n|t:|1700483785\n|move|p2a: Brambleghast|Seed Bomb|p1a: Clodsire\n|-resisted|p1a: Clodsire\n|-damage|p1a: Clodsire|65\/100\n|move|p2b: Iron Hands|Drain Punch|p1a: Clodsire\n|-damage|p1a: Clodsire|59\/100\n|-heal|p2b: Iron Hands|84\/100 brn|[from] drain|[of] p1a: Clodsire\n|move|p1a: Clodsire|Poison Jab|p2a: Brambleghast\n|-enditem|p2a: Brambleghast|Focus Sash\n|-damage|p2a: Brambleghast|1\/100\n|\n|-damage|p2b: Iron Hands|78\/100 brn|[from] brn\n|upkeep\n|turn|10\n|inactive|Th3D3b has 30 seconds left.\n|\n|t:|1700483820\n|move|p2a: Brambleghast|Seed Bomb|p1a: Clodsire\n|-resisted|p1a: Clodsire\n|-damage|p1a: Clodsire|49\/100\n|move|p2b: Iron Hands|Wild Charge|p1a: Clodsire\n|-damage|p1a: Clodsire|40\/100\n|-damage|p2b: Iron Hands|76\/100 brn|[from] Recoil\n|move|p1a: Clodsire|Poison Jab|p2a: Brambleghast\n|-damage|p2a: Brambleghast|0 fnt\n|faint|p2a: Brambleghast\n|\n|-damage|p2b: Iron Hands|70\/100 brn|[from] brn\n|upkeep\n|turn|11\n|\n|t:|1700483831\n|move|p2b: Iron Hands|Drain Punch|p1a: Clodsire\n|-damage|p1a: Clodsire|34\/100\n|-heal|p2b: Iron Hands|73\/100 brn|[from] drain|[of] p1a: Clodsire\n|move|p1a: Clodsire|Stomping Tantrum|p2b: Iron Hands\n|-supereffective|p2b: Iron Hands\n|-damage|p2b: Iron Hands|4\/100 brn\n|\n|-damage|p2b: Iron Hands|0 fnt|[from] brn\n|faint|p2b: Iron Hands\n|-end|p2b: Iron Hands|Quark Drive|[silent]\n|\n|win|humanbacon\n|upkeep\n|raw|humanbacon's rating: 1326 &rarr; <strong>1348<\/strong><br \/>(+22 for winning)\n|raw|Th3D3b's rating: 1367 &rarr; <strong>1345<\/strong><br \/>(-22 for losing)\n|l|\u2606Th3D3b\n","uploadtime":1700483844,"views":5,"p1id":"humanbacon","p2id":"th3d3b","formatid":"gen9vgc2023regulatione","rating":1345,"private":0,"password":""}