{"id":"gen9vgc2023regulatione-1994878047","p1":"bishmii","p2":"That_Leek","format":"[Gen 9] VGC 2023 Regulation E","log":"|j|\u2606bishmii\n|j|\u2606That_Leek\n|t:|1700501006\n|gametype|doubles\n|player|p1|bishmii|266|1493\n|player|p2|That_Leek|blue|1601\n|teamsize|p1|6\n|teamsize|p2|6\n|gen|9\n|tier|[Gen 9] VGC 2023 Regulation E\n|rated|\n|rule|Species Clause: Limit one of each Pok\u00e9mon\n|rule|Item Clause: Limit one of each item\n|clearpoke\n|poke|p1|Chien-Pao, L50|\n|poke|p1|Tornadus, L50, M|\n|poke|p1|Dragapult, L50, F|\n|poke|p1|Flutter Mane, L50|\n|poke|p1|Ogerpon-Wellspring, L50, F|\n|poke|p1|Rillaboom, L50, M|\n|poke|p2|Gholdengo, L50|\n|poke|p2|Ogerpon-Wellspring, L50, F|\n|poke|p2|Arcanine-Hisui, L50, F|\n|poke|p2|Chien-Pao, L50|\n|poke|p2|Scream Tail, L50|\n|poke|p2|Dragonite, L50, F|\n|teampreview|4\n|inactive|Battle timer is ON: inactive players will automatically lose when time's up. (requested by bishmii)\nThat_Leek has agreed to open team sheets.\n|inactive|bishmii has 60 seconds left.\nbishmii has agreed to open team sheets.\n|\n|t:|1700501068\n|start\n|switch|p1a: Tornadus|Tornadus, L50, M|100\/100\n|switch|p1b: Dragapult|Dragapult, L50, F|100\/100\n|switch|p2a: Scream Tail|Scream Tail, L50|100\/100\n|switch|p2b: Arcanine|Arcanine-Hisui, L50, F|100\/100\n|-ability|p2b: Arcanine|Intimidate|boost\n|-unboost|p1a: Tornadus|atk|1\n|-fail|p1b: Dragapult|unboost|[from] ability: Clear Body|[of] p1b: Dragapult\n|-enditem|p2a: Scream Tail|Booster Energy\n|-activate|p2a: Scream Tail|ability: Protosynthesis|[fromitem]\n|-start|p2a: Scream Tail|protosynthesisspe\n|turn|1\n|inactive|bishmii has 30 seconds left.\n|inactive|That_Leek has 30 seconds left.\n|inactive|bishmii has 20 seconds left.\n|\n|t:|1700501107\n|-terastallize|p1b: Dragapult|Ghost\n|-terastallize|p2b: Arcanine|Fairy\n|move|p1a: Tornadus|Tailwind|p1a: Tornadus\n|-sidestart|p1: bishmii|move: Tailwind\n|move|p1b: Dragapult|Phantom Force||[still]\n|-prepare|p1b: Dragapult|Phantom Force\n|move|p2a: Scream Tail|Thunder Wave|p1b: Dragapult|[miss]\n|-miss|p2a: Scream Tail|p1b: Dragapult\n|move|p2b: Arcanine|Rock Slide|p1b: Dragapult|[spread] \n|-miss|p2b: Arcanine|p1b: Dragapult\n|-miss|p2b: Arcanine|p1a: Tornadus\n|\n|upkeep\n|turn|2\n|c|\u2606That_Leek|bruhh\n|inactive|bishmii has 30 seconds left.\n|inactive|bishmii has 20 seconds left.\n|inactive|bishmii has 15 seconds left.\n|inactive|bishmii has 10 seconds left.\n|\n|t:|1700501153\n|move|p1b: Dragapult|Phantom Force|p2a: Scream Tail|[from]lockedmove\n|-supereffective|p2a: Scream Tail\n|-damage|p2a: Scream Tail|0 fnt\n|faint|p2a: Scream Tail\n|-end|p2a: Scream Tail|Protosynthesis|[silent]\n|move|p1a: Tornadus|Bleakwind Storm|p2b: Arcanine\n|-damage|p2b: Arcanine|33\/100\n|move|p2b: Arcanine|Rock Slide|p1b: Dragapult|[spread] p1a,p1b\n|-supereffective|p1a: Tornadus\n|-damage|p1a: Tornadus|0 fnt\n|-damage|p1b: Dragapult|43\/100\n|faint|p1a: Tornadus\n|\n|upkeep\n|\n|t:|1700501171\n|switch|p1a: Rillaboom|Rillaboom, L50, M|100\/100\n|switch|p2a: Chien-Pao|Chien-Pao, L50|100\/100\n|-fieldstart|move: Grassy Terrain|[from] ability: Grassy Surge|[of] p1a: Rillaboom\n|-ability|p2a: Chien-Pao|Sword of Ruin\n|turn|3\n|inactive|bishmii has 30 seconds left.\n|inactive|bishmii has 20 seconds left.\n|\n|t:|1700501209\n|move|p2a: Chien-Pao|Protect|p2a: Chien-Pao\n|-singleturn|p2a: Chien-Pao|Protect\n|move|p1a: Rillaboom|Fake Out|p2a: Chien-Pao\n|-activate|p2a: Chien-Pao|move: Protect\n|move|p1b: Dragapult|Phantom Force||[still]\n|-prepare|p1b: Dragapult|Phantom Force\n|move|p2b: Arcanine|Rock Slide|p1b: Dragapult|[spread] p1a\n|-miss|p2b: Arcanine|p1b: Dragapult\n|-damage|p1a: Rillaboom|48\/100\n|\n|-heal|p1a: Rillaboom|53\/100|[from] Grassy Terrain\n|-heal|p2b: Arcanine|40\/100|[from] Grassy Terrain\n|upkeep\n|turn|4\n|\n|t:|1700501222\n|move|p1a: Rillaboom|Grassy Glide|p2a: Chien-Pao\n|-damage|p2a: Chien-Pao|46\/100\n|move|p1b: Dragapult|Phantom Force|p2b: Arcanine|[from]lockedmove\n|-damage|p2b: Arcanine|0 fnt\n|faint|p2b: Arcanine\n|move|p2a: Chien-Pao|Ice Spinner|p1a: Rillaboom\n|-supereffective|p1a: Rillaboom\n|-damage|p1a: Rillaboom|0 fnt\n|-fieldend|move: Grassy Terrain\n|faint|p1a: Rillaboom\n|\n|-sideend|p1: bishmii|move: Tailwind\n|upkeep\n|\n|t:|1700501233\n|switch|p2b: Gholdengo|Gholdengo, L50|100\/100\n|switch|p1a: Chien-Pao|Chien-Pao, L50|100\/100\n|-ability|p1a: Chien-Pao|Sword of Ruin\n|turn|5\n|\n|t:|1700501245\n|move|p2a: Chien-Pao|Sucker Punch|p1b: Dragapult\n|-supereffective|p1b: Dragapult\n|-crit|p1b: Dragapult\n|-damage|p1b: Dragapult|0 fnt\n|faint|p1b: Dragapult\n|move|p1a: Chien-Pao|Sucker Punch||[still]\n|-fail|p1a: Chien-Pao\n|move|p2b: Gholdengo|Make It Rain|p1a: Chien-Pao\n|-supereffective|p1a: Chien-Pao\n|-enditem|p1a: Chien-Pao|Focus Sash\n|-damage|p1a: Chien-Pao|1\/100\n|-unboost|p2b: Gholdengo|spa|1\n|\n|upkeep\n|turn|6\n|\n|t:|1700501252\n|move|p2a: Chien-Pao|Sucker Punch|p1a: Chien-Pao\n|-resisted|p1a: Chien-Pao\n|-damage|p1a: Chien-Pao|0 fnt\n|faint|p1a: Chien-Pao\n|\n|win|That_Leek\n|raw|bishmii's rating: 1493 &rarr; <strong>1479<\/strong><br \/>(-14 for losing)\n|raw|That_Leek's rating: 1601 &rarr; <strong>1615<\/strong><br \/>(+14 for winning)\n","uploadtime":1700501260,"views":2,"p1id":"bishmii","p2id":"thatleek","formatid":"gen9vgc2023regulatione","rating":1479,"private":0,"password":""}