{"id":"gen9vgc2023regulatione-1993174215","p1":"TorinBlackheart","p2":"Dat1Nedyak","format":"[Gen 9] VGC 2023 Regulation E","log":"|j|\u2606TorinBlackheart\n|j|\u2606Dat1Nedyak\n|n|\u2606TorinBlackheart|torinblackheart\n|n|\u2606Dat1Nedyak|dat1nedyak\n|html|View the match progress at <a href=\"\/game-bestof3-gen9vgc2023regulatione-1993174214\">game-bestof3-gen9vgc2023regulatione-1993174214<\/a>\n|t:|1700273847\n|gametype|doubles\n|player|p1|TorinBlackheart|102|\n|player|p2|Dat1Nedyak|ninjaboy|\n|teamsize|p1|6\n|teamsize|p2|6\n|gen|9\n|tier|[Gen 9] VGC 2023 Regulation E\n|rule|Species Clause: Limit one of each Pok\u00e9mon\n|rule|Item Clause: Limit one of each item\n|clearpoke\n|poke|p1|Kommo-o, L50, M|\n|poke|p1|Scream Tail, L50|\n|poke|p1|Snorlax, L50, M|\n|poke|p1|Gothitelle, L50, F|\n|poke|p1|Dipplin, L50, F|\n|poke|p1|Torterra, L50, F|\n|poke|p2|Mimikyu, L50, M|\n|poke|p2|Chesnaught, L50, M|\n|poke|p2|Cloyster, L50, F|\n|poke|p2|Ursaluna, L50, M|\n|poke|p2|Garganacl, L50, F|\n|poke|p2|Heatran, L50, M|\n|teampreview|4\n|c|\u2606TorinBlackheart|https:\/\/pokepast.es\/782acf379176c84e\n|c|\u2606TorinBlackheart|glhf\n|c|\u2606Dat1Nedyak|https:\/\/pokepast.es\/4ce00db8754d9d61\nTorinBlackheart rejected open team sheets.\n|c|\u2606Dat1Nedyak|glhf\n|\n|t:|1700273912\n|start\n|switch|p1a: Snorlax|Snorlax, L50, M, shiny|100\/100\n|switch|p1b: Scream Tail|Scream Tail, L50|100\/100\n|switch|p2a: Magma|Heatran, L50, M|100\/100\n|switch|p2b: Thorns|Chesnaught, L50, M|100\/100\n|-enditem|p1b: Scream Tail|Booster Energy\n|-activate|p1b: Scream Tail|ability: Protosynthesis|[fromitem]\n|-start|p1b: Scream Tail|protosynthesisspd\n|turn|1\n|\n|t:|1700273940\n|move|p1b: Scream Tail|Protect|p1b: Scream Tail\n|-singleturn|p1b: Scream Tail|Protect\n|move|p2a: Magma|Flash Cannon|p1b: Scream Tail\n|-activate|p1b: Scream Tail|move: Protect\n|move|p2b: Thorns|Close Combat|p1a: Snorlax\n|-supereffective|p1a: Snorlax\n|-damage|p1a: Snorlax|0 fnt\n|-unboost|p2b: Thorns|def|1\n|-unboost|p2b: Thorns|spd|1\n|faint|p1a: Snorlax\n|\n|upkeep\n|\n|t:|1700273951\n|switch|p1a: Gothitelle|Gothitelle, L50, F, shiny|100\/100\n|turn|2\n|\n|t:|1700273972\n|move|p1a: Gothitelle|Fake Out|p2a: Magma\n|-resisted|p2a: Magma\n|-damage|p2a: Magma|97\/100\n|cant|p2a: Magma|flinch\n|move|p1b: Scream Tail|Perish Song|p1b: Scream Tail\n|-start|p1a: Gothitelle|perish3|[silent]\n|-start|p1b: Scream Tail|perish3|[silent]\n|-start|p2a: Magma|perish3|[silent]\n|-start|p2b: Thorns|perish3|[silent]\n|-fieldactivate|move: Perish Song\n|move|p2b: Thorns|Wood Hammer|p1a: Gothitelle\n|-damage|p1a: Gothitelle|36\/100\n|-damage|p2b: Thorns|81\/100|[from] Recoil\n|\n|-heal|p1a: Gothitelle|42\/100|[from] item: Leftovers\n|-start|p2a: Magma|perish3\n|-start|p1b: Scream Tail|perish3\n|-start|p2b: Thorns|perish3\n|-start|p1a: Gothitelle|perish3\n|upkeep\n|turn|3\n|\n|t:|1700273993\n|-end|p1b: Scream Tail|Protosynthesis|[silent]\n|switch|p1b: Kommo-o|Kommo-o, L50, M, shiny|100\/100\n|move|p1a: Gothitelle|Protect|p1a: Gothitelle\n|-singleturn|p1a: Gothitelle|Protect\n|move|p2a: Magma|Heat Wave|p1a: Gothitelle|[spread] p1b\n|-activate|p1a: Gothitelle|move: Protect\n|-resisted|p1b: Kommo-o\n|-damage|p1b: Kommo-o|74\/100\n|-damage|p2a: Magma|88\/100|[from] item: Life Orb\n|move|p2b: Thorns|Wood Hammer|p1a: Gothitelle\n|-activate|p1a: Gothitelle|move: Protect\n|\n|-heal|p1a: Gothitelle|48\/100|[from] item: Leftovers\n|-start|p2a: Magma|perish2\n|-start|p2b: Thorns|perish2\n|-start|p1a: Gothitelle|perish2\n|upkeep\n|turn|4\n|\n|t:|1700274034\n|move|p1a: Gothitelle|Protect|p1a: Gothitelle\n|-singleturn|p1a: Gothitelle|Protect\n|move|p1b: Kommo-o|Aura Sphere|p2a: Magma\n|-supereffective|p2a: Magma\n|-damage|p2a: Magma|22\/100\n|move|p2a: Magma|Earth Power|p1a: Gothitelle\n|-activate|p1a: Gothitelle|move: Protect\n|move|p2b: Thorns|Dragon Claw|p1b: Kommo-o\n|-supereffective|p1b: Kommo-o\n|-damage|p1b: Kommo-o|18\/100\n|\n|-heal|p1a: Gothitelle|54\/100|[from] item: Leftovers\n|-start|p2a: Magma|perish1\n|-start|p2b: Thorns|perish1\n|-start|p1a: Gothitelle|perish1\n|upkeep\n|turn|5\n|\n|t:|1700274069\n|switch|p1b: Scream Tail|Scream Tail, L50|100\/100\n|move|p2a: Magma|Earth Power|p1b: Scream Tail\n|-damage|p1b: Scream Tail|79\/100\n|-damage|p2a: Magma|12\/100|[from] item: Life Orb\n|move|p2b: Thorns|Dragon Claw|p1b: Scream Tail\n|-immune|p1b: Scream Tail\n|move|p1a: Gothitelle|Psychic|p2b: Thorns\n|-supereffective|p2b: Thorns\n|-damage|p2b: Thorns|12\/100\n|\n|-heal|p1a: Gothitelle|60\/100|[from] item: Leftovers\n|-start|p2a: Magma|perish0\n|-start|p2b: Thorns|perish0\n|-start|p1a: Gothitelle|perish0\n|upkeep\n|faint|p2a: Magma\n|faint|p2b: Thorns\n|faint|p1a: Gothitelle\n|\n|t:|1700274086\n|switch|p2a: Wall|Ursaluna, L50, M|100\/100\n|switch|p2b: Mimi|Mimikyu, L50, M, shiny|100\/100\n|switch|p1a: Kommo-o|Kommo-o, L50, M, shiny|18\/100\n|turn|6\n|\n|t:|1700274105\n|-terastallize|p1a: Kommo-o|Normal\n|move|p1b: Scream Tail|Protect|p1b: Scream Tail\n|-singleturn|p1b: Scream Tail|Protect\n|move|p2a: Wall|Protect|p2a: Wall\n|-singleturn|p2a: Wall|Protect\n|move|p2b: Mimi|Play Rough|p1a: Kommo-o\n|-damage|p1a: Kommo-o|0 fnt\n|faint|p1a: Kommo-o\n|\n|-status|p2a: Wall|brn|[from] item: Flame Orb\n|upkeep\n|turn|7\n|\n|t:|1700274119\n|-terastallize|p2a: Wall|Normal\n|move|p2b: Mimi|Swords Dance|p2b: Mimi\n|-boost|p2b: Mimi|atk|2\n|move|p1b: Scream Tail|Dazzling Gleam|p2a: Wall|[spread] p2a,p2b\n|-damage|p2a: Wall|87\/100 brn\n|-activate|p2b: Mimi|ability: Disguise\n|-damage|p2b: Mimi|100\/100\n|detailschange|p2b: Mimi|Mimikyu-Busted, L50, M, shiny\n|-damage|p2b: Mimi|88\/100|[from] pokemon: Mimikyu-Busted\n|move|p2a: Wall|Facade|p1b: Scream Tail\n|-damage|p1b: Scream Tail|0 fnt\n|faint|p1b: Scream Tail\n|-end|p1b: Scream Tail|Protosynthesis|[silent]\n|\n|win|Dat1Nedyak\n|c|&|\/uhtml prompt-torinblackheart,TorinBlackheart is ready for game 2!\n|inactive|Dat1Nedyak has 50 seconds to confirm battle start!\n|c|&|\/uhtml prompt-dat1nedyak,Dat1Nedyak is ready for game 2!\nBoth players are ready! Starting next match!\n|l|\u2606TorinBlackheart\n","uploadtime":1700274406,"views":12,"p1id":"torinblackheart","p2id":"dat1nedyak","formatid":"gen9vgc2023regulatione","rating":0,"private":0,"password":""}