{"id":"gen9vgc2023regulatione-1998176603","p1":"vlopes777","p2":"ojetepeludo","format":"[Gen 9] VGC 2023 Regulation E","log":"|j|\u2606vlopes777\n|j|\u2606ojetepeludo\n|t:|1700906756\n|gametype|doubles\n|player|p1|vlopes777|pokekid|1258\n|player|p2|ojetepeludo|1|1293\n|teamsize|p1|6\n|teamsize|p2|6\n|gen|9\n|tier|[Gen 9] VGC 2023 Regulation E\n|rated|\n|rule|Species Clause: Limit one of each Pok\u00e9mon\n|rule|Item Clause: Limit one of each item\n|clearpoke\n|poke|p1|Landorus-Therian, L50, M|\n|poke|p1|Tornadus, L50, M|\n|poke|p1|Iron Hands, L50|\n|poke|p1|Amoonguss, L50, F|\n|poke|p1|Heatran, L50, F|\n|poke|p1|Flutter Mane, L50|\n|poke|p2|Iron Hands, L50|\n|poke|p2|Landorus-Therian, L50, M|\n|poke|p2|Moltres-Galar, L50|\n|poke|p2|Clefairy, L50, F|\n|poke|p2|Sinistcha, L50|\n|poke|p2|Heatran, L50, M|\n|teampreview|4\n|inactive|Battle timer is ON: inactive players will automatically lose when time's up. (requested by vlopes777)\nvlopes777 has agreed to open team sheets.\n|inactive|vlopes777 has 60 seconds left.\n|inactive|ojetepeludo has 60 seconds left.\n|\n|t:|1700906805\n|start\n|switch|p1a: Iron Hands|Iron Hands, L50|100\/100\n|switch|p1b: D\u00e9m\u00e9t\u00e9ros|Landorus-Therian, L50, M|100\/100\n|switch|p2a: Moltres|Moltres-Galar, L50, shiny|100\/100\n|switch|p2b: Landorus|Landorus-Therian, L50, M|100\/100\n|-ability|p1b: D\u00e9m\u00e9t\u00e9ros|Intimidate|boost\n|-unboost|p2a: Moltres|atk|1\n|-fail|p2b: Landorus|unboost|[from] item: Clear Amulet|[of] p2b: Landorus\n|-ability|p2b: Landorus|Intimidate|boost\n|-unboost|p1a: Iron Hands|atk|1\n|-unboost|p1b: D\u00e9m\u00e9t\u00e9ros|atk|1\n|turn|1\n|\n|t:|1700906830\n|move|p1a: Iron Hands|Fake Out|p2a: Moltres\n|-damage|p2a: Moltres|92\/100\n|move|p1b: D\u00e9m\u00e9t\u00e9ros|U-turn|p2a: Moltres\n|-damage|p2a: Moltres|73\/100\n|\n|t:|1700906843\n|switch|p1b: Flutter Mane|Flutter Mane, L50|100\/100|[from] U-turn\n|move|p2b: Landorus|Stomping Tantrum|p1a: Iron Hands\n|-supereffective|p1a: Iron Hands\n|-damage|p1a: Iron Hands|48\/100\n|cant|p2a: Moltres|flinch\n|\n|upkeep\n|turn|2\n|\n|t:|1700906866\n|switch|p2a: Heatran|Heatran, L50, M|100\/100\n|-end|p1a: Iron Hands|Quark Drive|[silent]\n|switch|p1a: D\u00e9m\u00e9t\u00e9ros|Landorus-Therian, L50, M|100\/100\n|-ability|p1a: D\u00e9m\u00e9t\u00e9ros|Intimidate|boost\n|-unboost|p2a: Heatran|atk|1\n|-fail|p2b: Landorus|unboost|[from] item: Clear Amulet|[of] p2b: Landorus\n|-terastallize|p1b: Flutter Mane|Fairy\n|move|p2b: Landorus|Protect|p2b: Landorus\n|-singleturn|p2b: Landorus|Protect\n|move|p1b: Flutter Mane|Dazzling Gleam|p2a: Heatran|[spread] p2a\n|-activate|p2b: Landorus|move: Protect\n|-resisted|p2a: Heatran\n|-damage|p2a: Heatran|89\/100\n|\n|-heal|p2a: Heatran|95\/100|[from] item: Leftovers\n|upkeep\n|turn|3\n|inactive|vlopes777 has 30 seconds left.\n|inactive|ojetepeludo has 30 seconds left.\n|inactive|vlopes777 has 20 seconds left.\n|inactive|vlopes777 has 15 seconds left.\n|\n|t:|1700906907\n|-end|p1b: Flutter Mane|Protosynthesis|[silent]\n|switch|p1b: Amoonguss|Amoonguss, L50, F|100\/100\n|-terastallize|p2a: Heatran|Grass\n|move|p1a: D\u00e9m\u00e9t\u00e9ros|Stomping Tantrum|p2a: Heatran\n|-resisted|p2a: Heatran\n|-damage|p2a: Heatran|76\/100\n|move|p2b: Landorus|Rock Slide|p1b: Amoonguss|[spread] p1a,p1b\n|-damage|p1a: D\u00e9m\u00e9t\u00e9ros|77\/100\n|-damage|p1b: Amoonguss|83\/100\n|move|p2a: Heatran|Flash Cannon|p1b: Amoonguss\n|-damage|p1b: Amoonguss|42\/100\n|-enditem|p1b: Amoonguss|Sitrus Berry|[eat]\n|-heal|p1b: Amoonguss|66\/100|[from] item: Sitrus Berry\n|\n|-heal|p2a: Heatran|82\/100|[from] item: Leftovers\n|upkeep\n|turn|4\n|inactive|vlopes777 has 30 seconds left.\n|inactive|ojetepeludo has 30 seconds left.\n|\n|t:|1700906940\n|move|p1a: D\u00e9m\u00e9t\u00e9ros|Stomping Tantrum|p2b: Landorus\n|-immune|p2b: Landorus\n|move|p2b: Landorus|Rock Slide|p1b: Amoonguss|[spread] p1b\n|-miss|p2b: Landorus|p1a: D\u00e9m\u00e9t\u00e9ros\n|-damage|p1b: Amoonguss|48\/100\n|move|p2a: Heatran|Heat Wave|p1b: Amoonguss|[spread] p1b\n|-miss|p2a: Heatran|p1a: D\u00e9m\u00e9t\u00e9ros\n|-supereffective|p1b: Amoonguss\n|-damage|p1b: Amoonguss|0 fnt\n|faint|p1b: Amoonguss\n|\n|-heal|p2a: Heatran|88\/100|[from] item: Leftovers\n|upkeep\n|inactive|vlopes777 has 30 seconds left.\n|\n|t:|1700906965\n|switch|p1b: Flutter Mane|Flutter Mane, L50, tera:Fairy|100\/100\n|turn|5\n|\n|t:|1700906975\n|move|p2b: Landorus|Protect|p2b: Landorus\n|-singleturn|p2b: Landorus|Protect\n|move|p1a: D\u00e9m\u00e9t\u00e9ros|Stomping Tantrum|p2a: Heatran\n|-resisted|p2a: Heatran\n|-damage|p2a: Heatran|50\/100\n|move|p1b: Flutter Mane|Dazzling Gleam|p2b: Landorus|[spread] p2a\n|-activate|p2b: Landorus|move: Protect\n|-damage|p2a: Heatran|2\/100\n|move|p2a: Heatran|Flash Cannon|p1b: Flutter Mane\n|-supereffective|p1b: Flutter Mane\n|-damage|p1b: Flutter Mane|18\/100\n|\n|-heal|p2a: Heatran|8\/100|[from] item: Leftovers\n|upkeep\n|turn|6\n|inactive|vlopes777 has 30 seconds left.\n|\n|t:|1700907004\n|switch|p1a: Iron Hands|Iron Hands, L50|48\/100\n|move|p2a: Heatran|Protect|p2a: Heatran\n|-singleturn|p2a: Heatran|Protect\n|move|p1b: Flutter Mane|Dazzling Gleam|p2b: Landorus|[spread] p2b\n|-activate|p2a: Heatran|move: Protect\n|-damage|p2b: Landorus|22\/100\n|move|p2b: Landorus|Rock Slide|p1a: Iron Hands|[spread] p1a,p1b\n|-resisted|p1a: Iron Hands\n|-damage|p1a: Iron Hands|42\/100\n|-damage|p1b: Flutter Mane|0 fnt\n|faint|p1b: Flutter Mane\n|-end|p1b: Flutter Mane|Protosynthesis|[silent]\n|\n|-heal|p2a: Heatran|14\/100|[from] item: Leftovers\n|upkeep\n|\n|t:|1700907018\n|switch|p1b: D\u00e9m\u00e9t\u00e9ros|Landorus-Therian, L50, M|77\/100\n|-ability|p1b: D\u00e9m\u00e9t\u00e9ros|Intimidate|boost\n|-unboost|p2a: Heatran|atk|1\n|-fail|p2b: Landorus|unboost|[from] item: Clear Amulet|[of] p2b: Landorus\n|turn|7\n|inactive|vlopes777 has 30 seconds left.\n|inactive|vlopes777 has 20 seconds left.\n|\n|t:|1700907057\n|switch|p2b: Iron Hands|Iron Hands, L50|100\/100\n|move|p1a: Iron Hands|Fake Out|p2b: Iron Hands\n|-damage|p2b: Iron Hands|92\/100\n|move|p1b: D\u00e9m\u00e9t\u00e9ros|Rock Tomb|p2b: Iron Hands\n|-resisted|p2b: Iron Hands\n|-damage|p2b: Iron Hands|85\/100\n|-unboost|p2b: Iron Hands|spe|1\n|move|p2a: Heatran|Heat Wave|p1a: Iron Hands|[spread] p1b\n|-miss|p2a: Heatran|p1a: Iron Hands\n|-damage|p1b: D\u00e9m\u00e9t\u00e9ros|29\/100\n|\n|-heal|p2a: Heatran|20\/100|[from] item: Leftovers\n|upkeep\n|turn|8\n|\n|t:|1700907074\n|move|p1b: D\u00e9m\u00e9t\u00e9ros|Rock Tomb|p2a: Heatran\n|-damage|p2a: Heatran|2\/100\n|-unboost|p2a: Heatran|spe|1\n|move|p1a: Iron Hands|Drain Punch|p2b: Iron Hands\n|-damage|p2b: Iron Hands|64\/100\n|-heal|p1a: Iron Hands|53\/100|[from] drain|[of] p2b: Iron Hands\n|move|p2a: Heatran|Heat Wave|p1a: Iron Hands|[spread] p1a,p1b\n|-damage|p1a: Iron Hands|34\/100\n|-damage|p1b: D\u00e9m\u00e9t\u00e9ros|0 fnt\n|faint|p1b: D\u00e9m\u00e9t\u00e9ros\n|move|p2b: Iron Hands|Drain Punch|p1a: Iron Hands\n|-damage|p1a: Iron Hands|5\/100\n|-heal|p2b: Iron Hands|78\/100|[from] drain|[of] p1a: Iron Hands\n|\n|-heal|p2a: Heatran|8\/100|[from] item: Leftovers\n|upkeep\n|turn|9\n|\n|t:|1700907093\n|move|p1a: Iron Hands|Wild Charge|p2a: Heatran\n|-resisted|p2a: Heatran\n|-damage|p2a: Heatran|0 fnt\n|faint|p2a: Heatran\n|-damage|p1a: Iron Hands|3\/100|[from] Recoil\n|move|p2b: Iron Hands|Drain Punch|p1a: Iron Hands\n|-damage|p1a: Iron Hands|0 fnt\n|-heal|p2b: Iron Hands|79\/100|[from] drain|[of] p1a: Iron Hands\n|faint|p1a: Iron Hands\n|-end|p1a: Iron Hands|Quark Drive|[silent]\n|\n|win|ojetepeludo\n|raw|vlopes777's rating: 1258 &rarr; <strong>1236<\/strong><br \/>(-22 for losing)\n|raw|ojetepeludo's rating: 1293 &rarr; <strong>1315<\/strong><br \/>(+22 for winning)\n|l|\u2606ojetepeludo\n","uploadtime":1700907104,"views":8,"p1id":"vlopes777","p2id":"ojetepeludo","formatid":"gen9vgc2023regulatione","rating":1236,"private":0,"password":""}