{"id":"gen9vgc2023regulatione-1996026627","p1":"Anirudhthe","p2":"zenekboys","format":"[Gen 9] VGC 2023 Regulation E","log":"|j|\u2606Anirudhthe\n|j|\u2606zenekboys\n|t:|1700631458\n|gametype|doubles\n|player|p1|Anirudhthe|169|1086\n|player|p2|zenekboys|gambler|1179\n|teamsize|p1|6\n|teamsize|p2|6\n|gen|9\n|tier|[Gen 9] VGC 2023 Regulation E\n|rated|\n|rule|Species Clause: Limit one of each Pok\u00e9mon\n|rule|Item Clause: Limit one of each item\n|clearpoke\n|poke|p1|Sinistcha, L50|\n|poke|p1|Kommo-o, L50, M|\n|poke|p1|Gholdengo, L50|\n|poke|p1|Landorus-Therian, L50, M|\n|poke|p1|Urshifu-*, L50, M|\n|poke|p1|Flutter Mane, L50|\n|poke|p2|Flutter Mane, L50|\n|poke|p2|Ogerpon-Wellspring, L50, F|\n|poke|p2|Dragapult, L50, F|\n|poke|p2|Iron Bundle, L50|\n|poke|p2|Kingambit, L50, F|\n|poke|p2|Pawmot, L50, M|\n|teampreview|4\n|\n|t:|1700631526\n|start\n|switch|p1a: Kommo-o|Kommo-o, L50, M|100\/100\n|switch|p1b: Sinistcha|Sinistcha, L50|100\/100\n|switch|p2a: Iron Bundle|Iron Bundle, L50, shiny|100\/100\n|switch|p2b: Flutter Mane|Flutter Mane, L50|100\/100\n|-enditem|p2a: Iron Bundle|Booster Energy\n|-activate|p2a: Iron Bundle|ability: Quark Drive|[fromitem]\n|-start|p2a: Iron Bundle|quarkdrivespe\n|turn|1\n|\n|t:|1700631551\n|-terastallize|p1a: Kommo-o|Steel\n|move|p2a: Iron Bundle|Icy Wind|p1a: Kommo-o|[spread] p1a,p1b\n|-resisted|p1a: Kommo-o\n|-supereffective|p1b: Sinistcha\n|-damage|p1a: Kommo-o|87\/100\n|-damage|p1b: Sinistcha|59\/100\n|-unboost|p1a: Kommo-o|spe|1\n|-unboost|p1b: Sinistcha|spe|1\n|move|p2b: Flutter Mane|Dazzling Gleam|p1b: Sinistcha|[spread] p1a,p1b\n|-resisted|p1a: Kommo-o\n|-damage|p1a: Kommo-o|61\/100\n|-damage|p1b: Sinistcha|19\/100\n|move|p1a: Kommo-o|Flash Cannon|p2b: Flutter Mane\n|-supereffective|p2b: Flutter Mane\n|-damage|p2b: Flutter Mane|14\/100\n|move|p1b: Sinistcha|Matcha Gotcha|p2a: Iron Bundle|[spread] p2a\n|-miss|p1b: Sinistcha|p2b: Flutter Mane\n|-supereffective|p2a: Iron Bundle\n|-damage|p2a: Iron Bundle|8\/100\n|-heal|p1b: Sinistcha|54\/100|[from] drain|[of] p2a: Iron Bundle\n|\n|upkeep\n|turn|2\n|\n|t:|1700631585\n|move|p1b: Sinistcha|Rage Powder|p1b: Sinistcha\n|-singleturn|p1b: Sinistcha|move: Rage Powder\n|move|p2a: Iron Bundle|Hydro Pump|p1b: Sinistcha\n|-resisted|p1b: Sinistcha\n|-crit|p1b: Sinistcha\n|-damage|p1b: Sinistcha|11\/100\n|move|p2b: Flutter Mane|Shadow Ball|p1b: Sinistcha\n|-supereffective|p1b: Sinistcha\n|-damage|p1b: Sinistcha|0 fnt\n|faint|p1b: Sinistcha\n|move|p1a: Kommo-o|Flash Cannon|p2b: Flutter Mane\n|-supereffective|p2b: Flutter Mane\n|-damage|p2b: Flutter Mane|0 fnt\n|faint|p2b: Flutter Mane\n|-end|p2b: Flutter Mane|Protosynthesis|[silent]\n|\n|upkeep\n|\n|t:|1700631601\n|switch|p2b: Ogerpon|Ogerpon-Wellspring, L50, F|100\/100\n|switch|p1b: Urshifu|Urshifu-Rapid-Strike, L50, M|100\/100\n|turn|3\n|\n|t:|1700631632\n|move|p2a: Iron Bundle|Protect|p2a: Iron Bundle\n|-singleturn|p2a: Iron Bundle|Protect\n|move|p1b: Urshifu|Aqua Jet|p2a: Iron Bundle\n|-resisted|p2a: Iron Bundle\n|-damage|p2a: Iron Bundle|0 fnt\n|faint|p2a: Iron Bundle\n|-end|p2a: Iron Bundle|Quark Drive|[silent]\n|move|p2b: Ogerpon|Ivy Cudgel|p1a: Kommo-o|[anim] Ivy Cudgel Water\n|-damage|p1a: Kommo-o|2\/100\n|move|p1a: Kommo-o|Clanging Scales|p2b: Ogerpon\n|-damage|p2b: Ogerpon|52\/100\n|-unboost|p1a: Kommo-o|def|1\n|-enditem|p1a: Kommo-o|Throat Spray\n|-boost|p1a: Kommo-o|spa|1|[from] item: Throat Spray\n|\n|upkeep\n|\n|t:|1700631648\n|switch|p2a: Kingambit|Kingambit, L50, F, shiny|100\/100\n|turn|4\n|\n|t:|1700631663\n|-terastallize|p2a: Kingambit|Fairy\n|move|p1a: Kommo-o|Protect|p1a: Kommo-o\n|-singleturn|p1a: Kommo-o|Protect\n|move|p1b: Urshifu|Surging Strikes|p2a: Kingambit\n|-crit|p2a: Kingambit\n|-damage|p2a: Kingambit|85\/100\n|-crit|p2a: Kingambit\n|-damage|p2a: Kingambit|68\/100\n|-crit|p2a: Kingambit\n|-damage|p2a: Kingambit|52\/100\n|-hitcount|p2a: Kingambit|3\n|move|p2b: Ogerpon|Ivy Cudgel|p1a: Kommo-o|[anim] Ivy Cudgel Water\n|-activate|p1a: Kommo-o|move: Protect\n|move|p2a: Kingambit|Tera Blast|p1b: Urshifu|[anim] Tera Blast Fairy\n|-supereffective|p1b: Urshifu\n|-damage|p1b: Urshifu|11\/100\n|\n|upkeep\n|turn|5\n|\n|t:|1700631700\n|move|p1a: Kommo-o|Protect|p1a: Kommo-o\n|-singleturn|p1a: Kommo-o|Protect\n|move|p2b: Ogerpon|Follow Me|p2b: Ogerpon\n|-singleturn|p2b: Ogerpon|move: Follow Me\n|move|p1b: Urshifu|Surging Strikes|p2b: Ogerpon\n|-heal|p2b: Ogerpon|76\/100|[from] ability: Water Absorb|[of] p1b: Urshifu\n|move|p2a: Kingambit|Tera Blast|p1b: Urshifu|[anim] Tera Blast Fairy\n|-supereffective|p1b: Urshifu\n|-damage|p1b: Urshifu|0 fnt\n|faint|p1b: Urshifu\n|\n|upkeep\n|\n|t:|1700631712\n|switch|p1b: Landorus|Landorus-Therian, L50, M|100\/100\n|-ability|p1b: Landorus|Intimidate|boost\n|-unboost|p2a: Kingambit|atk|1\n|-ability|p2a: Kingambit|Defiant|boost\n|-boost|p2a: Kingambit|atk|2\n|-unboost|p2b: Ogerpon|atk|1\n|turn|6\n|\n|t:|1700631730\n|move|p2a: Kingambit|Sucker Punch|p1a: Kommo-o\n|-damage|p1a: Kommo-o|0 fnt\n|faint|p1a: Kommo-o\n|move|p2b: Ogerpon|Ivy Cudgel|p1b: Landorus|[anim] Ivy Cudgel Water\n|-supereffective|p1b: Landorus\n|-damage|p1b: Landorus|30\/100\n|move|p1b: Landorus|Earthquake|p2b: Ogerpon|[spread] p2a,p2b\n|-resisted|p2b: Ogerpon\n|-crit|p2b: Ogerpon\n|-damage|p2a: Kingambit|16\/100\n|-damage|p2b: Ogerpon|38\/100\n|\n|upkeep\n|turn|7\n|-message|Anirudhthe forfeited.\n|\n|win|zenekboys\n|raw|Anirudhthe's rating: 1086 &rarr; <strong>1069<\/strong><br \/>(-17 for losing)\n|raw|zenekboys's rating: 1179 &rarr; <strong>1197<\/strong><br \/>(+18 for winning)\n|l|\u2606Anirudhthe\n","uploadtime":1700631756,"views":6,"p1id":"anirudhthe","p2id":"zenekboys","formatid":"gen9vgc2023regulatione","rating":1069,"private":0,"password":""}