{"id":"gen9vgc2023regulatione-2000549348","p1":"Nakafuyu Yuki","p2":"Fireboule","format":"[Gen 9] VGC 2023 Regulation E","log":"|j|\u2606Nakafuyu Yuki\n|j|\u2606Fireboule\n|n|\u2606Nakafuyu Yuki|nakafuyuyuki\n|n|\u2606Fireboule|fireboule\n|html|View the match progress at <a href=\"\/game-bestof3-gen9vgc2023regulatione-2000544373\">game-bestof3-gen9vgc2023regulatione-2000544373<\/a>\n|t:|1701204393\n|gametype|doubles\n|player|p1|Nakafuyu Yuki|serena-masters3|\n|player|p2|Fireboule|265|\n|teamsize|p1|6\n|teamsize|p2|6\n|gen|9\n|tier|[Gen 9] VGC 2023 Regulation E\n|rule|Species Clause: Limit one of each Pok\u00e9mon\n|rule|Item Clause: Limit one of each item\n|clearpoke\n|poke|p1|Indeedee-F, L50, F|\n|poke|p1|Armarouge, L50, F|\n|poke|p1|Ursaluna, L50, F|\n|poke|p1|Gardevoir, L50, F|\n|poke|p1|Torkoal, L50, F|\n|poke|p1|Ogerpon-Wellspring, L50, F|\n|poke|p2|Arcanine-Hisui, L50, M|\n|poke|p2|Grimmsnarl, L50, M|\n|poke|p2|Okidogi, L50, M|\n|poke|p2|Gholdengo, L50|\n|poke|p2|Ogerpon-Wellspring, L50, F|\n|poke|p2|Iron Bundle, L50|\n|teampreview|4\n|inactive|Battle timer is ON: inactive players will automatically lose when time's up. (requested by Nakafuyu Yuki)\nFireboule has agreed to open team sheets.\nNakafuyu Yuki has agreed to open team sheets.\n|showteam|p1|Indeedee-F||PsychicSeed|PsychicSurge|DazzlingGleam,HelpingHand,FollowMe,TrickRoom|||F|||50|,,,,,Water]Armarouge||MindPlate|FlashFire|HeatWave,ExpandingForce,WideGuard,TrickRoom|||F|||50|,,,,,Grass]Ursaluna||FlameOrb|Guts|HeadlongRush,Earthquake,Facade,Protect|||F|||50|,,,,,Ghost]Gardevoir||LifeOrb|Telepathy|DazzlingGleam,Moonblast,TrickRoom,Protect|||F|||50|,,,,,Fairy]Torkoal||Charcoal|Drought|Eruption,HeatWave,EarthPower,Protect|||F|||50|,,,,,Fire]Ogerpon-Wellspring||WellspringMask|WaterAbsorb|IvyCudgel,WoodHammer,FollowMe,SpikyShield|||F|||50|,,,,,Water\n|showteam|p2|Arcanine-Hisui||AssaultVest|Intimidate|ExtremeSpeed,RockSlide,Snarl,FlareBlitz|||M|||50|,,,,,Dragon]Grimmsnarl||LightClay|Prankster|SpiritBreak,ThunderWave,Reflect,LightScreen|||M|||50|,,,,,Ghost]Okidogi||Leftovers|GuardDog|GunkShot,Protect,DrainPunch,BulkUp|||M|||50|,,,,,Fairy]Gholdengo||SitrusBerry|GoodasGold|MakeItRain,Protect,ShadowBall,NastyPlot||||||50|,,,,,Dragon]Ogerpon-Wellspring||WellspringMask|WaterAbsorb|FollowMe,HornLeech,IvyCudgel,SpikyShield|||F|||50|,,,,,Water]Iron Bundle||BoosterEnergy|QuarkDrive|Protect,ChillingWater,IcyWind,FreezeDry||||||50|,,,,,Grass\n|\n|t:|1701204417\n|start\n|switch|p1a: Indeedee|Indeedee-F, L50, F|100\/100\n|switch|p1b: Armarouge|Armarouge, L50, F|100\/100\n|switch|p2a: \u30aa\u30fc\u30ed\u30f3\u30b2|Grimmsnarl, L50, M, shiny|100\/100\n|switch|p2b: \u30a6\u30a4\u30f3\u30c7\u30a3|Arcanine-Hisui, L50, M|100\/100\n|-ability|p2b: \u30a6\u30a4\u30f3\u30c7\u30a3|Intimidate|boost\n|-unboost|p1a: Indeedee|atk|1\n|-unboost|p1b: Armarouge|atk|1\n|-fieldstart|move: Psychic Terrain|[from] ability: Psychic Surge|[of] p1a: Indeedee\n|-enditem|p1a: Indeedee|Psychic Seed\n|-boost|p1a: Indeedee|spd|1|[from] item: Psychic Seed\n|turn|1\n|\n|t:|1701204437\n|move|p1b: Armarouge|Wide Guard|p1b: Armarouge\n|-singleturn|p1b: Armarouge|Wide Guard\n|move|p2b: \u30a6\u30a4\u30f3\u30c7\u30a3|Snarl|p1a: Indeedee|[spread] \n|-activate|p1a: Indeedee|move: Wide Guard\n|-activate|p1b: Armarouge|move: Wide Guard\n|move|p2a: \u30aa\u30fc\u30ed\u30f3\u30b2|Spirit Break|p1b: Armarouge\n|-resisted|p1b: Armarouge\n|-damage|p1b: Armarouge|86\/100\n|-unboost|p1b: Armarouge|spa|1\n|move|p1a: Indeedee|Trick Room|p1a: Indeedee\n|-fieldstart|move: Trick Room|[of] p1a: Indeedee\n|\n|upkeep\n|turn|2\n|inactive|Fireboule has 30 seconds left.\n|\n|t:|1701204462\n|switch|p1a: Ursaluna|Ursaluna, L50, F|100\/100\n|move|p1b: Armarouge|Wide Guard|p1b: Armarouge\n|-singleturn|p1b: Armarouge|Wide Guard\n|move|p2a: \u30aa\u30fc\u30ed\u30f3\u30b2|Light Screen|p2a: \u30aa\u30fc\u30ed\u30f3\u30b2\n|-sidestart|p2: Fireboule|move: Light Screen\n|move|p2b: \u30a6\u30a4\u30f3\u30c7\u30a3|Flare Blitz|p1a: Ursaluna\n|-damage|p1a: Ursaluna|57\/100\n|-damage|p2b: \u30a6\u30a4\u30f3\u30c7\u30a3|82\/100|[from] Recoil\n|\n|-status|p1a: Ursaluna|brn|[from] item: Flame Orb\n|upkeep\n|turn|3\n|\n|t:|1701204480\n|-terastallize|p2b: \u30a6\u30a4\u30f3\u30c7\u30a3|Dragon\n|move|p2a: \u30aa\u30fc\u30ed\u30f3\u30b2|Reflect|p2a: \u30aa\u30fc\u30ed\u30f3\u30b2\n|-sidestart|p2: Fireboule|Reflect\n|move|p1a: Ursaluna|Earthquake|p2b: \u30a6\u30a4\u30f3\u30c7\u30a3|[spread] p1b,p2a,p2b\n|-supereffective|p1b: Armarouge\n|-damage|p1b: Armarouge|0 fnt\n|-damage|p2a: \u30aa\u30fc\u30ed\u30f3\u30b2|60\/100\n|-damage|p2b: \u30a6\u30a4\u30f3\u30c7\u30a3|38\/100\n|faint|p1b: Armarouge\n|move|p2b: \u30a6\u30a4\u30f3\u30c7\u30a3|Flare Blitz|p1a: Ursaluna\n|-damage|p1a: Ursaluna|11\/100 brn\n|-damage|p2b: \u30a6\u30a4\u30f3\u30c7\u30a3|19\/100|[from] Recoil\n|\n|-damage|p1a: Ursaluna|6\/100 brn|[from] brn\n|upkeep\n|\n|t:|1701204486\n|switch|p1b: Gardevoir|Gardevoir, L50, F, shiny|100\/100\n|turn|4\n|\n|t:|1701204504\n|-terastallize|p1b: Gardevoir|Fairy\n|move|p1a: Ursaluna|Earthquake|p2b: \u30a6\u30a4\u30f3\u30c7\u30a3|[spread] p2a,p2b\n|-activate|p1b: Gardevoir|ability: Telepathy\n|-damage|p2a: \u30aa\u30fc\u30ed\u30f3\u30b2|20\/100\n|-damage|p2b: \u30a6\u30a4\u30f3\u30c7\u30a3|0 fnt\n|faint|p2b: \u30a6\u30a4\u30f3\u30c7\u30a3\n|move|p1b: Gardevoir|Dazzling Gleam|p2a: \u30aa\u30fc\u30ed\u30f3\u30b2\n|-supereffective|p2a: \u30aa\u30fc\u30ed\u30f3\u30b2\n|-damage|p2a: \u30aa\u30fc\u30ed\u30f3\u30b2|0 fnt\n|faint|p2a: \u30aa\u30fc\u30ed\u30f3\u30b2\n|-damage|p1b: Gardevoir|91\/100|[from] item: Life Orb\n|\n|-damage|p1a: Ursaluna|0 fnt|[from] brn\n|faint|p1a: Ursaluna\n|upkeep\n|\n|t:|1701204517\n|switch|p1a: Indeedee|Indeedee-F, L50, F|100\/100\n|switch|p2a: Ogerpon|Ogerpon-Wellspring, L50, F|100\/100\n|switch|p2b: Gholdengo|Gholdengo, L50|100\/100\n|turn|5\n|\n|t:|1701204531\n|move|p2b: Gholdengo|Make It Rain|p1a: Indeedee|[spread] p1a,p1b\n|-supereffective|p1b: Gardevoir\n|-damage|p1a: Indeedee|52\/100\n|-damage|p1b: Gardevoir|0 fnt\n|-unboost|p2b: Gholdengo|spa|1\n|faint|p1b: Gardevoir\n|move|p2a: Ogerpon|Ivy Cudgel|p1a: Indeedee|[anim] Ivy Cudgel Water\n|-damage|p1a: Indeedee|0 fnt\n|faint|p1a: Indeedee\n|\n|win|Fireboule\n|c|\u2606Nakafuyu Yuki|gg\n|c|\u2606Fireboule|gg\n","uploadtime":1701204590,"views":1,"p1id":"nakafuyuyuki","p2id":"fireboule","formatid":"gen9vgc2023regulatione","rating":0,"private":0,"password":""}