{"id":"gen9vgc2023regulatione-1999461456","p1":"Ur goona","p2":"Lavenderawa","format":"[Gen 9] VGC 2023 Regulation E","log":"|j|\u2606Ur goona\n|j|\u2606Lavenderawa\n|t:|1701084154\n|gametype|doubles\n|player|p1|Ur goona|101|1463\n|player|p2|Lavenderawa|rosa|1496\n|teamsize|p1|6\n|teamsize|p2|6\n|gen|9\n|tier|[Gen 9] VGC 2023 Regulation E\n|rated|\n|rule|Species Clause: Limit one of each Pok\u00e9mon\n|rule|Item Clause: Limit one of each item\n|clearpoke\n|poke|p1|Dusclops, L50, F|\n|poke|p1|Ursaluna-Bloodmoon, L50, M|\n|poke|p1|Iron Hands, L50|\n|poke|p1|Ogerpon-Wellspring, L50, F|\n|poke|p1|Landorus-Therian, L50, M|\n|poke|p1|Chi-Yu, L50|\n|poke|p2|Flutter Mane, L50|\n|poke|p2|Iron Hands, L50|\n|poke|p2|Ogerpon-Hearthflame, L50, F|\n|poke|p2|Iron Bundle, L50|\n|poke|p2|Ursaluna-Bloodmoon, L50, M|\n|poke|p2|Farigiraf, L50, F|\n|teampreview|4\n|inactive|Battle timer is ON: inactive players will automatically lose when time's up. (requested by Ur goona)\n|\n|t:|1701084180\n|start\n|switch|p1a: Ogerpon|Ogerpon-Wellspring, L50, F|100\/100\n|switch|p1b: Dusclops|Dusclops, L50, F|100\/100\n|switch|p2a: Iron Bundle|Iron Bundle, L50|100\/100\n|switch|p2b: Ogerpon|Ogerpon-Hearthflame, L50, F|100\/100\n|-ability|p2b: Ogerpon|Mold Breaker\n|-ability|p1b: Dusclops|Pressure\n|-enditem|p2a: Iron Bundle|Booster Energy\n|-activate|p2a: Iron Bundle|ability: Quark Drive|[fromitem]\n|-start|p2a: Iron Bundle|quarkdrivespe\n|turn|1\n|inactive|Lavenderawa has 30 seconds left.\n|\n|t:|1701084206\n|-end|p2a: Iron Bundle|Quark Drive|[silent]\n|switch|p2a: Ursaluna|Ursaluna-Bloodmoon, L50, M|100\/100\n|move|p2b: Ogerpon|Spiky Shield|p2b: Ogerpon\n|-singleturn|p2b: Ogerpon|move: Protect\n|move|p1a: Ogerpon|Follow Me|p1a: Ogerpon\n|-singleturn|p1a: Ogerpon|move: Follow Me\n|move|p1b: Dusclops|Trick Room|p1b: Dusclops\n|-fieldstart|move: Trick Room|[of] p1b: Dusclops\n|\n|upkeep\n|turn|2\n|\n|t:|1701084218\n|switch|p2b: Iron Hands|Iron Hands, L50|100\/100\n|move|p1b: Dusclops|Will-O-Wisp|p2a: Ursaluna\n|-status|p2a: Ursaluna|brn\n|move|p2a: Ursaluna|Hyper Voice|p1a: Ogerpon|[spread] p1a,p1b\n|-damage|p1a: Ogerpon|54\/100\n|-damage|p1b: Dusclops|68\/100\n|-damage|p2a: Ursaluna|91\/100 brn|[from] item: Life Orb\n|move|p1a: Ogerpon|Ivy Cudgel|p2a: Ursaluna|[anim] Ivy Cudgel Water\n|-supereffective|p2a: Ursaluna\n|-damage|p2a: Ursaluna|4\/100 brn\n|\n|-damage|p2a: Ursaluna|0 fnt|[from] brn\n|faint|p2a: Ursaluna\n|upkeep\n|\n|t:|1701084229\n|switch|p2a: Ogerpon|Ogerpon-Hearthflame, L50, F|100\/100\n|-ability|p2a: Ogerpon|Mold Breaker\n|turn|3\n|\n|t:|1701084244\n|-end|p2b: Iron Hands|Quark Drive|[silent]\n|switch|p2b: Iron Bundle|Iron Bundle, L50|100\/100\n|move|p1b: Dusclops|Will-O-Wisp|p2b: Iron Bundle\n|-status|p2b: Iron Bundle|brn\n|move|p1a: Ogerpon|Ivy Cudgel|p2a: Ogerpon|[anim] Ivy Cudgel Water\n|-damage|p2a: Ogerpon|36\/100\n|move|p2a: Ogerpon|Horn Leech|p1a: Ogerpon\n|-damage|p1a: Ogerpon|9\/100\n|-heal|p2a: Ogerpon|62\/100|[from] drain|[of] p1a: Ogerpon\n|\n|-damage|p2b: Iron Bundle|95\/100 brn|[from] brn\n|upkeep\n|turn|4\n|j| Zonco\n|\n|t:|1701084266\n|-end|p2b: Iron Bundle|Quark Drive|[silent]\n|switch|p2b: Iron Hands|Iron Hands, L50|100\/100\n|move|p2a: Ogerpon|Spiky Shield|p2a: Ogerpon\n|-singleturn|p2a: Ogerpon|move: Protect\n|move|p1b: Dusclops|Brick Break|p2b: Iron Hands\n|-damage|p2b: Iron Hands|90\/100\n|move|p1a: Ogerpon|Horn Leech|p2b: Iron Hands\n|-damage|p2b: Iron Hands|57\/100\n|-heal|p1a: Ogerpon|29\/100|[from] drain|[of] p2b: Iron Hands\n|\n|upkeep\n|turn|5\n|inactive|Lavenderawa has 30 seconds left.\n|\n|t:|1701084299\n|move|p1a: Ogerpon|Spiky Shield|p1a: Ogerpon\n|-singleturn|p1a: Ogerpon|move: Protect\n|move|p1b: Dusclops|Will-O-Wisp|p2b: Iron Hands\n|-status|p2b: Iron Hands|brn\n|move|p2b: Iron Hands|Wild Charge|p1a: Ogerpon\n|-activate|p1a: Ogerpon|move: Protect\n|-damage|p2b: Iron Hands|45\/100 brn|[from] Spiky Shield|[of] p1a: Ogerpon\n|move|p2a: Ogerpon|Ivy Cudgel|p1b: Dusclops|[anim] Ivy Cudgel Fire\n|-damage|p1b: Dusclops|39\/100\n|\n|-damage|p2b: Iron Hands|39\/100 brn|[from] brn\n|-fieldend|move: Trick Room\n|upkeep\n|turn|6\n|\n|t:|1701084318\n|switch|p1a: Ursaluna|Ursaluna-Bloodmoon, L50, M|100\/100\n|move|p2a: Ogerpon|Ivy Cudgel|p1b: Dusclops|[anim] Ivy Cudgel Fire\n|-damage|p1b: Dusclops|11\/100\n|move|p2b: Iron Hands|Wild Charge|p1b: Dusclops\n|-damage|p1b: Dusclops|0 fnt\n|faint|p1b: Dusclops\n|-damage|p2b: Iron Hands|37\/100 brn|[from] Recoil\n|\n|-damage|p2b: Iron Hands|31\/100 brn|[from] brn\n|upkeep\n|\n|t:|1701084332\n|switch|p1b: Chi-Yu|Chi-Yu, L50|100\/100\n|-ability|p1b: Chi-Yu|Beads of Ruin\n|turn|7\n|\n|t:|1701084352\n|move|p2a: Ogerpon|Spiky Shield|p2a: Ogerpon\n|-singleturn|p2a: Ogerpon|move: Protect\n|move|p1b: Chi-Yu|Heat Wave|p2a: Ogerpon|[spread] p2b\n|-activate|p2a: Ogerpon|move: Protect\n|-damage|p2b: Iron Hands|0 fnt\n|faint|p2b: Iron Hands\n|-end|p2b: Iron Hands|Quark Drive|[silent]\n|move|p1a: Ursaluna|Hyper Voice|p2a: Ogerpon\n|-activate|p2a: Ogerpon|move: Protect\n|\n|upkeep\n|\n|t:|1701084357\n|switch|p2b: Iron Bundle|Iron Bundle, L50|95\/100 brn\n|turn|8\n|\n|t:|1701084368\n|move|p1a: Ursaluna|Protect|p1a: Ursaluna\n|-singleturn|p1a: Ursaluna|Protect\n|move|p2b: Iron Bundle|Freeze-Dry|p1a: Ursaluna\n|-activate|p1a: Ursaluna|move: Protect\n|move|p2a: Ogerpon|Stomping Tantrum|p1b: Chi-Yu\n|-supereffective|p1b: Chi-Yu\n|-damage|p1b: Chi-Yu|8\/100\n|move|p1b: Chi-Yu|Heat Wave|p2b: Iron Bundle|[spread] p2a,p2b\n|-damage|p2a: Ogerpon|0 fnt\n|-damage|p2b: Iron Bundle|0 fnt\n|faint|p2a: Ogerpon\n|faint|p2b: Iron Bundle\n|-end|p2b: Iron Bundle|Quark Drive|[silent]\n|\n|win|Ur goona\n|raw|Ur goona's rating: 1463 &rarr; <strong>1485<\/strong><br \/>(+22 for winning)\n|raw|Lavenderawa's rating: 1496 &rarr; <strong>1474<\/strong><br \/>(-22 for losing)\n|l|\u2606Lavenderawa\n","uploadtime":1701084386,"views":1,"p1id":"urgoona","p2id":"lavenderawa","formatid":"gen9vgc2023regulatione","rating":1474,"private":0,"password":""}