{"id":"gen9vgc2023regulatione-1992588677","p1":"That_Leek","p2":"Mukisgreat52","format":"[Gen 9] VGC 2023 Regulation E","log":"|j|\u2606That_Leek\n|j|\u2606Mukisgreat52\n|t:|1700210777\n|gametype|doubles\n|player|p1|That_Leek|blue|\n|player|p2|Mukisgreat52|2|\n|teamsize|p1|6\n|teamsize|p2|6\n|gen|9\n|tier|[Gen 9] VGC 2023 Regulation E\n|rated|Tournament battle\n|rule|Species Clause: Limit one of each Pok\u00e9mon\n|rule|Item Clause: Limit one of each item\n|clearpoke\n|poke|p1|Gholdengo, L50|\n|poke|p1|Ogerpon-Wellspring, L50, F|\n|poke|p1|Arcanine-Hisui, L50, F|\n|poke|p1|Chien-Pao, L50|\n|poke|p1|Scream Tail, L50|\n|poke|p1|Dragonite, L50, M|\n|poke|p2|Iron Hands, L50|\n|poke|p2|Landorus-Therian, L50, M|\n|poke|p2|Heatran, L50, M|\n|poke|p2|Flutter Mane, L50|\n|poke|p2|Amoonguss, L50, M|\n|poke|p2|Kingambit, L50, F|\n|teampreview|4\n|showteam|p1|Gholdengo||SitrusBerry|GoodasGold|MakeItRain,ShadowBall,NastyPlot,Protect||||||50|,,,,,Water]Ogerpon-Wellspring||WellspringMask|WaterAbsorb|IvyCudgel,SpikyShield,FollowMe,HornLeech|||F|||50|,,,,,Water]Arcanine-Hisui||ChoiceBand|Intimidate|RockSlide,ExtremeSpeed,FlareBlitz,TeraBlast|||F|||50|,,,,,Fairy]Chien-Pao||FocusSash|SwordofRuin|SuckerPunch,IceSpinner,Protect,SacredSword||||||50|,,,,,Ghost]Scream Tail||BoosterEnergy|Protosynthesis|Howl,ThunderWave,Disable,PlayRough||||||50|,,,,,Steel]Dragonite||AssaultVest|InnerFocus|ExtremeSpeed,AerialAce,DragonClaw,StompingTantrum|||M|||50|,,,,,Poison\n|showteam|p2|Iron Hands||AssaultVest|QuarkDrive|HeavySlam,FakeOut,WildCharge,DrainPunch||||||50|,,,,,Water]Landorus-Therian||ChoiceScarf|Intimidate|StompingTantrum,TeraBlast,Uturn,RockSlide|||M|||50|,,,,,Flying]Heatran||SafetyGoggles|FlashFire|FlashCannon,HeatWave,EarthPower,Protect|||M|||50|,,,,,Fairy]Flutter Mane||ChoiceSpecs|Protosynthesis|DazzlingGleam,Moonblast,ShadowBall,MistyTerrain||||||50|,,,,,Fairy]Amoonguss||RockyHelmet|Regenerator|Protect,Spore,RagePowder,PollenPuff|||M|||50|,,,,,Water]Kingambit||DreadPlate|Defiant|KowtowCleave,SuckerPunch,SwordsDance,Protect|||F|||50|,,,,,Dark\n|j|%Therazer456\n|\n|t:|1700210808\n|start\n|switch|p1a: Ogerpon|Ogerpon-Wellspring, L50, F|100\/100\n|switch|p1b: Scream Tail|Scream Tail, L50|100\/100\n|switch|p2a: Kingambit|Kingambit, L50, F|100\/100\n|switch|p2b: Landorus|Landorus-Therian, L50, M|100\/100\n|-ability|p2b: Landorus|Intimidate|boost\n|-unboost|p1a: Ogerpon|atk|1\n|-unboost|p1b: Scream Tail|atk|1\n|-enditem|p1b: Scream Tail|Booster Energy\n|-activate|p1b: Scream Tail|ability: Protosynthesis|[fromitem]\n|-start|p1b: Scream Tail|protosynthesisspe\n|turn|1\n|\n|t:|1700210860\n|switch|p1a: Arcanine|Arcanine-Hisui, L50, F|100\/100\n|-ability|p1a: Arcanine|Intimidate|boost\n|-unboost|p2a: Kingambit|atk|1\n|-ability|p2a: Kingambit|Defiant|boost\n|-boost|p2a: Kingambit|atk|2\n|-unboost|p2b: Landorus|atk|1\n|move|p1b: Scream Tail|Thunder Wave|p2a: Kingambit\n|-status|p2a: Kingambit|par\n|move|p2b: Landorus|U-turn|p1a: Arcanine\n|-resisted|p1a: Arcanine\n|-damage|p1a: Arcanine|90\/100\n|\n|t:|1700210874\n|switch|p2b: Iron Hands|Iron Hands, L50|100\/100|[from] U-turn\n|cant|p2a: Kingambit|par\n|\n|upkeep\n|turn|2\n|\n|t:|1700210895\n|-terastallize|p1a: Arcanine|Fairy\n|move|p2b: Iron Hands|Fake Out|p1a: Arcanine\n|-damage|p1a: Arcanine|70\/100\n|move|p1b: Scream Tail|Howl|p1b: Scream Tail|[spread] p1a,p1b\n|-boost|p1a: Arcanine|atk|1\n|-boost|p1b: Scream Tail|atk|1\n|cant|p1a: Arcanine|flinch\n|move|p2a: Kingambit|Kowtow Cleave|p1a: Arcanine\n|-resisted|p1a: Arcanine\n|-damage|p1a: Arcanine|17\/100\n|\n|upkeep\n|turn|3\n|\n|t:|1700210913\n|switch|p1a: Ogerpon|Ogerpon-Wellspring, L50, F|100\/100\n|cant|p2a: Kingambit|par\n|move|p1b: Scream Tail|Howl|p1b: Scream Tail|[spread] p1a,p1b\n|-boost|p1a: Ogerpon|atk|1\n|-boost|p1b: Scream Tail|atk|1\n|move|p2b: Iron Hands|Heavy Slam|p1b: Scream Tail\n|-supereffective|p1b: Scream Tail\n|-damage|p1b: Scream Tail|38\/100\n|\n|upkeep\n|turn|4\n|\n|t:|1700210927\n|move|p1b: Scream Tail|Disable|p2b: Iron Hands\n|-start|p2b: Iron Hands|Disable|Heavy Slam\n|move|p1a: Ogerpon|Ivy Cudgel|p2a: Kingambit|[anim] Ivy Cudgel Water\n|-damage|p2a: Kingambit|40\/100 par\n|cant|p2b: Iron Hands|Disable|Heavy Slam\n|move|p2a: Kingambit|Kowtow Cleave|p1a: Ogerpon\n|-damage|p1a: Ogerpon|15\/100\n|\n|upkeep\n|turn|5\n|\n|t:|1700210952\n|move|p1a: Ogerpon|Spiky Shield|p1a: Ogerpon\n|-singleturn|p1a: Ogerpon|move: Protect\n|cant|p2a: Kingambit|par\n|move|p1b: Scream Tail|Disable|p2a: Kingambit\n|-start|p2a: Kingambit|Disable|Kowtow Cleave\n|move|p2b: Iron Hands|Wild Charge|p1b: Scream Tail\n|-damage|p1b: Scream Tail|5\/100\n|-damage|p2b: Iron Hands|93\/100|[from] Recoil\n|\n|upkeep\n|turn|6\n|\n|t:|1700210967\n|cant|p2a: Kingambit|par\n|move|p1b: Scream Tail|Howl|p1b: Scream Tail|[spread] p1a,p1b\n|-boost|p1a: Ogerpon|atk|1\n|-boost|p1b: Scream Tail|atk|1\n|move|p1a: Ogerpon|Horn Leech|p2b: Iron Hands\n|-damage|p2b: Iron Hands|27\/100\n|-heal|p1a: Ogerpon|56\/100|[from] drain|[of] p2b: Iron Hands\n|move|p2b: Iron Hands|Wild Charge|p1b: Scream Tail\n|-damage|p1b: Scream Tail|0 fnt\n|faint|p1b: Scream Tail\n|-end|p1b: Scream Tail|Protosynthesis|[silent]\n|-damage|p2b: Iron Hands|26\/100|[from] Recoil\n|\n|upkeep\n|\n|t:|1700210976\n|switch|p1b: Chien-Pao|Chien-Pao, L50|100\/100\n|-ability|p1b: Chien-Pao|Sword of Ruin\n|turn|7\n|\n|t:|1700210987\n|-end|p2b: Iron Hands|Quark Drive|[silent]\n|switch|p2b: Landorus|Landorus-Therian, L50, M|100\/100\n|-ability|p2b: Landorus|Intimidate|boost\n|-unboost|p1a: Ogerpon|atk|1\n|-unboost|p1b: Chien-Pao|atk|1\n|cant|p2a: Kingambit|par\n|move|p1b: Chien-Pao|Sacred Sword|p2a: Kingambit\n|-supereffective|p2a: Kingambit\n|-damage|p2a: Kingambit|0 fnt\n|faint|p2a: Kingambit\n|move|p1a: Ogerpon|Horn Leech|p2b: Landorus\n|-damage|p2b: Landorus|0 fnt\n|-heal|p1a: Ogerpon|99\/100|[from] drain|[of] p2b: Landorus\n|faint|p2b: Landorus\n|\n|upkeep\n|\n|t:|1700210997\n|switch|p2b: Amoonguss|Amoonguss, L50, M|100\/100\n|switch|p2a: Iron Hands|Iron Hands, L50|26\/100\n|turn|8\n|\n|t:|1700211004\n|move|p1b: Chien-Pao|Protect|p1b: Chien-Pao\n|-singleturn|p1b: Chien-Pao|Protect\n|move|p1a: Ogerpon|Spiky Shield|p1a: Ogerpon\n|-singleturn|p1a: Ogerpon|move: Protect\n|move|p2a: Iron Hands|Drain Punch|p1b: Chien-Pao\n|-activate|p1b: Chien-Pao|move: Protect\n|move|p2b: Amoonguss|Pollen Puff|p2a: Iron Hands\n|-heal|p2a: Iron Hands|76\/100\n|\n|upkeep\n|turn|9\n|\n|t:|1700211018\n|switch|p1b: Arcanine|Arcanine-Hisui, L50, F, tera:Fairy|17\/100\n|-ability|p1b: Arcanine|Intimidate|boost\n|-unboost|p2a: Iron Hands|atk|1\n|-unboost|p2b: Amoonguss|atk|1\n|move|p1a: Ogerpon|Ivy Cudgel|p2a: Iron Hands|[anim] Ivy Cudgel Water\n|-damage|p2a: Iron Hands|12\/100\n|move|p2a: Iron Hands|Drain Punch|p1a: Ogerpon\n|-damage|p1a: Ogerpon|74\/100\n|-heal|p2a: Iron Hands|23\/100|[from] drain|[of] p1a: Ogerpon\n|move|p2b: Amoonguss|Pollen Puff|p1a: Ogerpon\n|-supereffective|p1a: Ogerpon\n|-damage|p1a: Ogerpon|40\/100\n|\n|upkeep\n|turn|10\n|\n|t:|1700211038\n|-terastallize|p2b: Amoonguss|Water\n|move|p1b: Arcanine|Flare Blitz|p2b: Amoonguss\n|-resisted|p2b: Amoonguss\n|-damage|p2b: Amoonguss|67\/100\n|-damage|p1b: Arcanine|0 fnt|[from] item: Rocky Helmet|[of] p2b: Amoonguss\n|faint|p1b: Arcanine\n|move|p1a: Ogerpon|Ivy Cudgel|p2a: Iron Hands|[anim] Ivy Cudgel Water\n|-damage|p2a: Iron Hands|0 fnt\n|faint|p2a: Iron Hands\n|-end|p2a: Iron Hands|Quark Drive|[silent]\n|move|p2b: Amoonguss|Pollen Puff|p1a: Ogerpon\n|-supereffective|p1a: Ogerpon\n|-damage|p1a: Ogerpon|6\/100\n|\n|upkeep\n|\n|t:|1700211043\n|switch|p1b: Chien-Pao|Chien-Pao, L50|100\/100\n|-ability|p1b: Chien-Pao|Sword of Ruin\n|turn|11\n|-message|Mukisgreat52 forfeited.\n|\n|win|That_Leek\n|n|\u2606That_Leek|thatleek\n|n|\u2606Mukisgreat52|mukisgreat52\n|n| Therazer456|therazer456\n|l|\u2606Mukisgreat52\n|l| Therazer456\n","uploadtime":1700211058,"views":11,"p1id":"thatleek","p2id":"mukisgreat52","formatid":"gen9vgc2023regulatione","rating":0,"private":0,"password":""}