{"id":"gen9vgc2023regulatione-1991245783","p1":"TreeDolphin","p2":"The Creative Act","format":"[Gen 9] VGC 2023 Regulation E","log":"|j|\u2606TreeDolphin\n|j|\u2606The Creative Act\n|t:|1700060858\n|gametype|doubles\n|player|p1|TreeDolphin|ingo|\n|player|p2|The Creative Act|101|\n|teamsize|p1|6\n|teamsize|p2|6\n|gen|9\n|tier|[Gen 9] VGC 2023 Regulation E\n|rule|Species Clause: Limit one of each Pok\u00e9mon\n|rule|Item Clause: Limit one of each item\n|clearpoke\n|poke|p1|Tornadus, L50, M|\n|poke|p1|Ogerpon-Hearthflame, L50, F|\n|poke|p1|Flutter Mane, L50|\n|poke|p1|Urshifu-*, L50, M|\n|poke|p1|Landorus-Therian, L50, M|\n|poke|p1|Iron Hands, L50|\n|poke|p2|Tornadus, L50, M|\n|poke|p2|Ogerpon-Hearthflame, L50, F|\n|poke|p2|Flutter Mane, L50|\n|poke|p2|Urshifu-*, L50, F|\n|poke|p2|Landorus-Therian, L50, M|\n|poke|p2|Iron Hands, L50|\n|teampreview|4\n|l|\u2606TreeDolphin\n|player|p1|\n|j|\u2606TreeDolphin\n|player|p1|TreeDolphin|ingo\n|\n|t:|1700060914\n|start\n|switch|p1a: Tornadus|Tornadus, L50, M|100\/100\n|switch|p1b: Ogerpon|Ogerpon-Hearthflame, L50, F|100\/100\n|switch|p2a: Flutter Mane|Flutter Mane, L50|100\/100\n|switch|p2b: Iron Hands|Iron Hands, L50|100\/100\n|-ability|p1b: Ogerpon|Mold Breaker\n|-enditem|p2a: Flutter Mane|Booster Energy\n|-activate|p2a: Flutter Mane|ability: Protosynthesis|[fromitem]\n|-start|p2a: Flutter Mane|protosynthesisspe\n|turn|1\n|\n|t:|1700060949\n|move|p1b: Ogerpon|Spiky Shield|p1b: Ogerpon\n|-singleturn|p1b: Ogerpon|move: Protect\n|move|p2b: Iron Hands|Fake Out|p1b: Ogerpon\n|-activate|p1b: Ogerpon|move: Protect\n|-damage|p2b: Iron Hands|88\/100|[from] Spiky Shield|[of] p1b: Ogerpon\n|move|p1a: Tornadus|Tailwind|p1a: Tornadus\n|-sidestart|p1: TreeDolphin|move: Tailwind\n|move|p2a: Flutter Mane|Moonblast|p1a: Tornadus\n|-damage|p1a: Tornadus|44\/100\n|\n|upkeep\n|turn|2\n|\n|t:|1700060972\n|-terastallize|p1b: Ogerpon|Fire\n|detailschange|p1b: Ogerpon|Ogerpon-Hearthflame-Tera, L50, F, tera:Fire\n|-ability|p1b: Ogerpon|Embody Aspect (Hearthflame)|boost\n|-boost|p1b: Ogerpon|atk|1\n|move|p2a: Flutter Mane|Protect|p2a: Flutter Mane\n|-singleturn|p2a: Flutter Mane|Protect\n|move|p1a: Tornadus|Sunny Day|p1a: Tornadus\n|-weather|SunnyDay\n|move|p1b: Ogerpon|Ivy Cudgel|p2b: Iron Hands|[anim] Ivy Cudgel Fire\n|-damage|p2b: Iron Hands|0 fnt\n|faint|p2b: Iron Hands\n|-end|p2b: Iron Hands|Quark Drive|[silent]\n|\n|-weather|SunnyDay|[upkeep]\n|upkeep\n|\n|t:|1700060985\n|switch|p2b: Ogerpon|Ogerpon-Hearthflame, L50, F|100\/100\n|-ability|p2b: Ogerpon|Mold Breaker\n|turn|3\n|\n|t:|1700061004\n|move|p2b: Ogerpon|Spiky Shield|p2b: Ogerpon\n|-singleturn|p2b: Ogerpon|move: Protect\n|move|p1b: Ogerpon|Ivy Cudgel|p2a: Flutter Mane|[anim] Ivy Cudgel Fire\n|-damage|p2a: Flutter Mane|0 fnt\n|faint|p2a: Flutter Mane\n|-end|p2a: Flutter Mane|Protosynthesis|[silent]\n|move|p1a: Tornadus|Bleakwind Storm|p2b: Ogerpon\n|-activate|p2b: Ogerpon|move: Protect\n|\n|-weather|SunnyDay|[upkeep]\n|upkeep\n|\n|t:|1700061014\n|switch|p2a: Tornadus|Tornadus, L50, M|100\/100\n|turn|4\n|\n|t:|1700061021\n|move|p2b: Ogerpon|Spiky Shield||[still]\n|-fail|p2b: Ogerpon\n|move|p1a: Tornadus|Taunt|p2a: Tornadus\n|-start|p2a: Tornadus|move: Taunt\n|move|p1b: Ogerpon|Ivy Cudgel|p2b: Ogerpon|[anim] Ivy Cudgel Fire\n|-damage|p2b: Ogerpon|0 fnt\n|faint|p2b: Ogerpon\n|move|p2a: Tornadus|Bleakwind Storm|p1b: Ogerpon|[spread] p1a,p1b\n|-damage|p1a: Tornadus|6\/100\n|-damage|p1b: Ogerpon|57\/100\n|\n|-weather|SunnyDay|[upkeep]\n|-sideend|p1: TreeDolphin|move: Tailwind\n|upkeep\n|turn|5\n|\n|t:|1700061036\n|-terastallize|p2a: Tornadus|Dark\n|move|p1b: Ogerpon|Ivy Cudgel|p2a: Tornadus|[anim] Ivy Cudgel Fire\n|-damage|p2a: Tornadus|0 fnt\n|faint|p2a: Tornadus\n|\n|win|TreeDolphin\n|l|\u2606TreeDolphin\n|c|\u2606The Creative Act|gg\n|l|\u2606The Creative Act\n|j|\u2606TreeDolphin\n|player|p1|TreeDolphin|ingo\n","uploadtime":1700061198,"views":15,"p1id":"treedolphin","p2id":"thecreativeact","formatid":"gen9vgc2023regulatione","rating":0,"private":0,"password":""}