{"id":"gen9vgc2023regulatione-1996211312","p1":"Thorlandxl","p2":"OZasquense","format":"[Gen 9] VGC 2023 Regulation E","log":"|j|\u203dThorlandxl\n|j|\u2606OZasquense\n|t:|1700659652\n|gametype|doubles\n|player|p1|Thorlandxl|266|1089\n|player|p2|OZasquense|rocketgrunt|1000\n|teamsize|p1|6\n|teamsize|p2|6\n|gen|9\n|tier|[Gen 9] VGC 2023 Regulation E\n|rated|\n|rule|Species Clause: Limit one of each Pok\u00e9mon\n|rule|Item Clause: Limit one of each item\n|clearpoke\n|poke|p1|Barraskewda, L50, M|\n|poke|p1|Ninetales-Alola, L50, M|\n|poke|p1|Garganacl, L50, F|\n|poke|p1|Clefable, L50, M|\n|poke|p1|Mimikyu, L50, M|\n|poke|p1|Slaking, L50, M|\n|poke|p2|Iron Hands, L50|\n|poke|p2|Conkeldurr, L50, M|\n|poke|p2|Flutter Mane, L50|\n|poke|p2|Enamorus-Therian, L50, F|\n|poke|p2|Indeedee-F, L50, F|\n|poke|p2|Ditto, L50|\n|teampreview|4\n|inactive|Battle timer is ON: inactive players will automatically lose when time's up. (requested by OZasquense)\nOZasquense has agreed to open team sheets.\n|\n|t:|1700659695\n|start\n|switch|p1a: Barraskewda|Barraskewda, L50, M|100\/100\n|switch|p1b: Garganacl|Garganacl, L50, F|100\/100\n|switch|p2a: Iron Hands|Iron Hands, L50|100\/100\n|switch|p2b: Conkeldurr|Conkeldurr, L50, M|100\/100\n|turn|1\n|\n|t:|1700659710\n|-terastallize|p2b: Conkeldurr|Fighting\n|move|p2a: Iron Hands|Fake Out|p1a: Barraskewda\n|-damage|p1a: Barraskewda|69\/100\n|cant|p1a: Barraskewda|flinch\n|move|p2b: Conkeldurr|Drain Punch|p1b: Garganacl\n|-supereffective|p1b: Garganacl\n|-damage|p1b: Garganacl|10\/100\n|move|p1b: Garganacl|Salt Cure|p2a: Iron Hands\n|-resisted|p2a: Iron Hands\n|-damage|p2a: Iron Hands|93\/100\n|-start|p2a: Iron Hands|Salt Cure\n|\n|-damage|p2a: Iron Hands|81\/100|[from] Salt Cure\n|upkeep\n|turn|2\n|\n|t:|1700659732\n|move|p1a: Barraskewda|Psychic Fangs|p2a: Iron Hands\n|-supereffective|p2a: Iron Hands\n|-damage|p2a: Iron Hands|43\/100\n|move|p2a: Iron Hands|Wild Charge|p1a: Barraskewda\n|-supereffective|p1a: Barraskewda\n|-damage|p1a: Barraskewda|0 fnt\n|faint|p1a: Barraskewda\n|-damage|p2a: Iron Hands|34\/100|[from] Recoil\n|move|p2b: Conkeldurr|Drain Punch|p1b: Garganacl\n|-supereffective|p1b: Garganacl\n|-damage|p1b: Garganacl|0 fnt\n|faint|p1b: Garganacl\n|\n|-damage|p2a: Iron Hands|22\/100|[from] Salt Cure\n|upkeep\n|\n|t:|1700659739\n|switch|p1a: Slaking|Slaking, L50, M|100\/100\n|switch|p1b: Mimikyu|Mimikyu, L50, M|100\/100\n|turn|3\n|inactive|Thorlandxl has 30 seconds left.\n|\n|t:|1700659766\n|-end|p2a: Iron Hands|Quark Drive|[silent]\n|switch|p2a: Ditto|Ditto, L50|100\/100\n|-transform|p2a: Ditto|p1b: Mimikyu|[from] ability: Imposter\n|-terastallize|p1a: Slaking|Fairy\n|move|p1b: Mimikyu|Swords Dance|p1b: Mimikyu\n|-boost|p1b: Mimikyu|atk|2\n|move|p1a: Slaking|Giga Impact|p2a: Ditto\n|-immune|p2a: Ditto\n|move|p2b: Conkeldurr|Knock Off|p1b: Mimikyu\n|-activate|p1b: Mimikyu|ability: Disguise\n|-damage|p1b: Mimikyu|100\/100\n|-enditem|p1b: Mimikyu|Mental Herb|[from] move: Knock Off|[of] p2b: Conkeldurr\n|detailschange|p1b: Mimikyu|Mimikyu-Busted, L50, M\n|-damage|p1b: Mimikyu|88\/100|[from] pokemon: Mimikyu-Busted\n|\n|upkeep\n|turn|4\n|\n|t:|1700659786\n|move|p2a: Ditto|Shadow Claw|p1b: Mimikyu\n|-supereffective|p1b: Mimikyu\n|-damage|p1b: Mimikyu|0 fnt\n|faint|p1b: Mimikyu\n|-damage|p2a: Ditto|91\/100|[from] item: Life Orb\n|cant|p1a: Slaking|ability: Truant\n|move|p2b: Conkeldurr|Knock Off|p1a: Slaking\n|-resisted|p1a: Slaking\n|-damage|p1a: Slaking|86\/100\n|-enditem|p1a: Slaking|Silk Scarf|[from] move: Knock Off|[of] p2b: Conkeldurr\n|\n|upkeep\n|turn|5\n|\n|t:|1700659799\n|move|p2a: Ditto|Play Rough|p1a: Slaking\n|-damage|p1a: Slaking|46\/100\n|-damage|p2a: Ditto|81\/100|[from] item: Life Orb\n|move|p1a: Slaking|Giga Impact|p2b: Conkeldurr\n|-damage|p2b: Conkeldurr|12\/100\n|-mustrecharge|p1a: Slaking\n|move|p2b: Conkeldurr|Drain Punch|p1a: Slaking\n|-resisted|p1a: Slaking\n|-crit|p1a: Slaking\n|-damage|p1a: Slaking|8\/100\n|-heal|p2b: Conkeldurr|33\/100|[from] drain|[of] p1a: Slaking\n|\n|upkeep\n|turn|6\n|\n|t:|1700659815\n|move|p2a: Ditto|Play Rough|p1a: Slaking\n|-damage|p1a: Slaking|0 fnt\n|faint|p1a: Slaking\n|-damage|p2a: Ditto|71\/100|[from] item: Life Orb\n|\n|win|OZasquense\n|raw|Thorlandxl's rating: 1089 &rarr; <strong>1060<\/strong><br \/>(-29 for losing)\n|raw|OZasquense's rating: 1000 &rarr; <strong>1050<\/strong><br \/>(+50 for winning)\n|l|\u203dThorlandxl\n","uploadtime":1700659829,"views":15,"p1id":"thorlandxl","p2id":"ozasquense","formatid":"gen9vgc2023regulatione","rating":1050,"private":0,"password":""}