{"id":"gen9vgc2023regulatione-1993708561","p1":"Residue Theorem","p2":"MasterofMetapods5","format":"[Gen 9] VGC 2023 Regulation E","log":"|j|\u2606Residue Theorem\n|j|\u2606MasterofMetapods5\n|t:|1700347960\n|gametype|doubles\n|player|p1|Residue Theorem|roxie|\n|player|p2|MasterofMetapods5|lance|\n|teamsize|p1|6\n|teamsize|p2|6\n|gen|9\n|tier|[Gen 9] VGC 2023 Regulation E\n|rated|Tournament battle\n|rule|Species Clause: Limit one of each Pok\u00e9mon\n|rule|Item Clause: Limit one of each item\n|clearpoke\n|poke|p1|Flutter Mane, L50|\n|poke|p1|Baxcalibur, L50, F|\n|poke|p1|Amoonguss, L50, M|\n|poke|p1|Kingambit, L50, M|\n|poke|p1|Landorus-Therian, L50, M|\n|poke|p1|Farigiraf, L50, F|\n|poke|p2|Flutter Mane, L50|\n|poke|p2|Tyranitar, L50, F|\n|poke|p2|Landorus-Therian, L50, M|\n|poke|p2|Baxcalibur, L50, M|\n|poke|p2|Urshifu-*, L50, F|\n|poke|p2|Heatran, L50, M|\n|teampreview|4\n|showteam|p1|Flutter Mane||PixiePlate|Protosynthesis|DazzlingGleam,Moonblast,Substitute,Protect||||||50|,,,,,Fairy]Baxcalibur||AssaultVest|ThermalExchange|IceShard,IcicleCrash,GlaiveRush,HighHorsepower|||F|||50|,,,,,Poison]Amoonguss||SitrusBerry|Regenerator|LeafStorm,PollenPuff,Spore,RagePowder|||M|||50|,,,,,Water]Kingambit||BlackGlasses|Defiant|SuckerPunch,KowtowCleave,SwordsDance,Protect|||M|||50|,,,,,Fire]Landorus-Therian||SafetyGoggles|Intimidate|StompingTantrum,TeraBlast,Taunt,Protect|||M|||50|,,,,,Flying]Farigiraf||RockyHelmet|ArmorTail|HelpingHand,Psychic,DazzlingGleam,TrickRoom|||F|||50|,,,,,Water\n|showteam|p2|Flutter Mane||BoosterEnergy|Protosynthesis|Protect,Moonblast,ShadowBall,IcyWind||||||50|,,,,,Fairy]Tyranitar||WeaknessPolicy|SandStream|RockSlide,Taunt,Protect,KnockOff|||F|||50|,,,,,Rock]Landorus-Therian||AssaultVest|Intimidate|SandsearStorm,TeraBlast,Uturn,RockSlide|||M|||50|,,,,,Flying]Baxcalibur||LoadedDice|ThermalExchange|ScaleShot,IcicleSpear,SwordsDance,Protect|||M|||50|,,,,,Fairy]Urshifu-Rapid-Strike||SafetyGoggles|UnseenFist|SurgingStrikes,CloseCombat,AquaJet,Detect|||F|||50|,,,,,Water]Heatran||Leftovers|FlashFire|HeatWave,EarthPower,Protect,TeraBlast|||M|||50|,,,,,Grass\n|c|\u2606MasterofMetapods5|glhf\n|j| Outero\n|j| Flarefox_7\n|\n|t:|1700348008\n|start\n|switch|p1a: Landorus|Landorus-Therian, L50, M|100\/100\n|switch|p1b: Kingambit|Kingambit, L50, M|100\/100\n|switch|p2a: Landorus|Landorus-Therian, L50, M|100\/100\n|switch|p2b: Urshifu|Urshifu-Rapid-Strike, L50, F|100\/100\n|-ability|p2a: Landorus|Intimidate|boost\n|-unboost|p1a: Landorus|atk|1\n|-unboost|p1b: Kingambit|atk|1\n|-ability|p1b: Kingambit|Defiant|boost\n|-boost|p1b: Kingambit|atk|2\n|-ability|p1a: Landorus|Intimidate|boost\n|-unboost|p2a: Landorus|atk|1\n|-unboost|p2b: Urshifu|atk|1\n|turn|1\n|\n|t:|1700348023\n|switch|p1a: Baxcalibur|Baxcalibur, L50, F|100\/100\n|-terastallize|p2b: Urshifu|Water\n|move|p1b: Kingambit|Sucker Punch|p2a: Landorus\n|-damage|p2a: Landorus|25\/100\n|move|p2b: Urshifu|Surging Strikes|p1b: Kingambit\n|-crit|p1b: Kingambit\n|-damage|p1b: Kingambit|78\/100\n|-crit|p1b: Kingambit\n|-damage|p1b: Kingambit|57\/100\n|-crit|p1b: Kingambit\n|-damage|p1b: Kingambit|35\/100\n|-hitcount|p1b: Kingambit|3\n|move|p2a: Landorus|Rock Slide|p1a: Baxcalibur|[spread] p1a,p1b\n|-supereffective|p1a: Baxcalibur\n|-resisted|p1b: Kingambit\n|-damage|p1a: Baxcalibur|84\/100\n|-damage|p1b: Kingambit|31\/100\n|\n|upkeep\n|turn|2\n|\n|t:|1700348033\n|switch|p2a: Tyranitar|Tyranitar, L50, F|100\/100\n|-weather|Sandstorm|[from] ability: Sand Stream|[of] p2a: Tyranitar\n|move|p1b: Kingambit|Sucker Punch|p2b: Urshifu\n|-damage|p2b: Urshifu|30\/100\n|move|p2b: Urshifu|Surging Strikes|p1b: Kingambit\n|-crit|p1b: Kingambit\n|-damage|p1b: Kingambit|6\/100\n|-crit|p1b: Kingambit\n|-damage|p1b: Kingambit|0 fnt\n|faint|p1b: Kingambit\n|-hitcount|p1: Kingambit|2\n|move|p1a: Baxcalibur|Glaive Rush|p2b: Urshifu\n|-damage|p2b: Urshifu|0 fnt\n|-singlemove|p1a: Baxcalibur|Glaive Rush|[silent]\n|faint|p2b: Urshifu\n|\n|-weather|Sandstorm|[upkeep]\n|-damage|p1a: Baxcalibur|78\/100|[from] Sandstorm\n|upkeep\n|\n|t:|1700348046\n|switch|p2b: Heatran|Heatran, L50, M|100\/100\n|switch|p1b: Landorus|Landorus-Therian, L50, M|100\/100\n|-ability|p1b: Landorus|Intimidate|boost\n|-unboost|p2a: Tyranitar|atk|1\n|-unboost|p2b: Heatran|atk|1\n|turn|3\n|\n|t:|1700348053\n|switch|p1b: Flutter Mane|Flutter Mane, L50|100\/100\n|switch|p2b: Landorus|Landorus-Therian, L50, M|25\/100\n|-ability|p2b: Landorus|Intimidate|boost\n|-unboost|p1a: Baxcalibur|atk|1\n|-unboost|p1b: Flutter Mane|atk|1\n|move|p1a: Baxcalibur|High Horsepower|p2b: Landorus\n|-immune|p2b: Landorus\n|move|p2a: Tyranitar|Rock Slide|p1b: Flutter Mane|[spread] p1a,p1b\n|-supereffective|p1a: Baxcalibur\n|-damage|p1a: Baxcalibur|46\/100\n|-damage|p1b: Flutter Mane|71\/100\n|\n|-weather|Sandstorm|[upkeep]\n|-damage|p1b: Flutter Mane|65\/100|[from] Sandstorm\n|-damage|p1a: Baxcalibur|40\/100|[from] Sandstorm\n|upkeep\n|turn|4\n|\n|t:|1700348074\n|switch|p1a: Landorus|Landorus-Therian, L50, M|100\/100\n|-ability|p1a: Landorus|Intimidate|boost\n|-unboost|p2a: Tyranitar|atk|1\n|-unboost|p2b: Landorus|atk|1\n|move|p1b: Flutter Mane|Protect|p1b: Flutter Mane\n|-singleturn|p1b: Flutter Mane|Protect\n|move|p2b: Landorus|Sandsear Storm|p1a: Landorus|[spread] \n|-activate|p1b: Flutter Mane|move: Protect\n|-immune|p1a: Landorus\n|move|p2a: Tyranitar|Rock Slide|p1b: Flutter Mane|[spread] \n|-activate|p1b: Flutter Mane|move: Protect\n|-miss|p2a: Tyranitar|p1a: Landorus\n|\n|-weather|Sandstorm|[upkeep]\n|-damage|p1b: Flutter Mane|59\/100|[from] Sandstorm\n|upkeep\n|turn|5\n|\n|t:|1700348093\n|switch|p2a: Heatran|Heatran, L50, M|100\/100\n|-terastallize|p1b: Flutter Mane|Fairy\n|move|p1b: Flutter Mane|Dazzling Gleam|p2a: Heatran|[spread] p2a,p2b\n|-resisted|p2a: Heatran\n|-damage|p2a: Heatran|89\/100\n|-damage|p2b: Landorus|0 fnt\n|faint|p2b: Landorus\n|move|p1a: Landorus|Stomping Tantrum|p2a: Heatran\n|-supereffective|p2a: Heatran\n|-damage|p2a: Heatran|0 fnt\n|faint|p2a: Heatran\n|\n|-weather|Sandstorm|[upkeep]\n|-damage|p1b: Flutter Mane|53\/100|[from] Sandstorm\n|upkeep\n|\n|t:|1700348096\n|switch|p2b: Tyranitar|Tyranitar, L50, F|100\/100\n|turn|6\n|c|\u2606MasterofMetapods5|gg\n|\n|t:|1700348110\n|move|p1b: Flutter Mane|Moonblast|p2b: Tyranitar\n|-supereffective|p2b: Tyranitar\n|-damage|p2b: Tyranitar|6\/100\n|-enditem|p2b: Tyranitar|Weakness Policy\n|-boost|p2b: Tyranitar|atk|2|[from] item: Weakness Policy\n|-boost|p2b: Tyranitar|spa|2|[from] item: Weakness Policy\n|move|p1a: Landorus|Stomping Tantrum|p2b: Tyranitar\n|-supereffective|p2b: Tyranitar\n|-damage|p2b: Tyranitar|0 fnt\n|faint|p2b: Tyranitar\n|\n|win|Residue Theorem\n|n|\u2606Residue Theorem|residuetheorem\n|n|\u2606MasterofMetapods5|masterofmetapods5\n|n| Outero|outero\n|n| Flarefox_7|flarefox7\n","uploadtime":1700348111,"views":8,"p1id":"residuetheorem","p2id":"masterofmetapods5","formatid":"gen9vgc2023regulatione","rating":0,"private":0,"password":""}