{"id":"gen9vgc2023regulatione-1999585570","p1":"taco_bowl_mx","p2":"Dagnuel","format":"[Gen 9] VGC 2023 Regulation E","log":"|j|\u2606taco_bowl_mx\n|j|\u2606Dagnuel\n|t:|1701098660\n|gametype|doubles\n|player|p1|taco_bowl_mx|dawn-gen4pt|1373\n|player|p2|Dagnuel|265|1334\n|teamsize|p1|6\n|teamsize|p2|6\n|gen|9\n|tier|[Gen 9] VGC 2023 Regulation E\n|rated|\n|rule|Species Clause: Limit one of each Pok\u00e9mon\n|rule|Item Clause: Limit one of each item\n|clearpoke\n|poke|p1|Flutter Mane, L50|\n|poke|p1|Chien-Pao, L50|\n|poke|p1|Iron Hands, L50|\n|poke|p1|Heatran, L50, M|\n|poke|p1|Ogerpon-Wellspring, L50, F|\n|poke|p1|Landorus-Therian, L50, M|\n|poke|p2|Ursaluna, L50, M|\n|poke|p2|Roaring Moon, L50|\n|poke|p2|Armarouge, L50, F|\n|poke|p2|Torkoal, L50, F|\n|poke|p2|Indeedee-F, L50, F|\n|poke|p2|Bronzong, L50|\n|teampreview|4\ntaco_bowl_mx has agreed to open team sheets.\n|inactive|Battle timer is ON: inactive players will automatically lose when time's up. (requested by taco_bowl_mx)\n|\n|t:|1701098682\n|start\n|switch|p1a: Iron Hands|Iron Hands, L50, shiny|100\/100\n|switch|p1b: Chien-Pao|Chien-Pao, L50|100\/100\n|switch|p2a: Roaring Moon|Roaring Moon, L50|100\/100\n|switch|p2b: Armarouge|Armarouge, L50, F|100\/100\n|-ability|p1b: Chien-Pao|Sword of Ruin\n|-enditem|p2a: Roaring Moon|Booster Energy\n|-activate|p2a: Roaring Moon|ability: Protosynthesis|[fromitem]\n|-start|p2a: Roaring Moon|protosynthesisspe\n|turn|1\n|\n|t:|1701098700\n|move|p2b: Armarouge|Endure|p2b: Armarouge\n|-singleturn|p2b: Armarouge|move: Endure\n|move|p2a: Roaring Moon|Tailwind|p2a: Roaring Moon\n|-sidestart|p2: Dagnuel|move: Tailwind\n|move|p1b: Chien-Pao|Ice Spinner|p2a: Roaring Moon\n|-supereffective|p2a: Roaring Moon\n|-damage|p2a: Roaring Moon|0 fnt\n|faint|p2a: Roaring Moon\n|-end|p2a: Roaring Moon|Protosynthesis|[silent]\n|move|p1a: Iron Hands|Drain Punch|p2b: Armarouge\n|-resisted|p2b: Armarouge\n|-damage|p2b: Armarouge|71\/100\n|-ability|p2b: Armarouge|Weak Armor|boost\n|-unboost|p2b: Armarouge|def|1\n|-boost|p2b: Armarouge|spe|2\n|\n|upkeep\n|\n|t:|1701098710\n|switch|p2a: Indeedee|Indeedee-F, L50, F|100\/100\n|-fieldstart|move: Psychic Terrain|[from] ability: Psychic Surge|[of] p2a: Indeedee\n|turn|2\n|inactive|taco_bowl_mx has 30 seconds left.\n|inactive|Dagnuel has 30 seconds left.\n|inactive|Dagnuel has 20 seconds left.\n|\n|t:|1701098747\n|-terastallize|p1a: Iron Hands|Water\n|move|p2a: Indeedee|Helping Hand|p2b: Armarouge\n|-singleturn|p2b: Armarouge|Helping Hand|[of] p2a: Indeedee\n|move|p2b: Armarouge|Expanding Force|p1b: Chien-Pao|[spread] p1a\n|-immune|p1b: Chien-Pao\n|-damage|p1a: Iron Hands|45\/100\n|move|p1b: Chien-Pao|Ice Spinner|p2a: Indeedee\n|-damage|p2a: Indeedee|54\/100\n|-fieldend|move: Psychic Terrain\n|move|p1a: Iron Hands|Drain Punch|p2a: Indeedee\n|-damage|p2a: Indeedee|0 fnt\n|-heal|p1a: Iron Hands|65\/100|[from] drain|[of] p2a: Indeedee\n|faint|p2a: Indeedee\n|\n|upkeep\n|\n|t:|1701098751\n|switch|p2a: Ursaluna|Ursaluna, L50, M|100\/100\n|turn|3\n|inactive|taco_bowl_mx has 30 seconds left.\n|\n|t:|1701098776\n|-end|p1a: Iron Hands|Quark Drive|[silent]\n|switch|p1a: Ogerpon|Ogerpon-Wellspring, L50, F|100\/100\n|-terastallize|p2a: Ursaluna|Ghost\n|move|p2b: Armarouge|Heat Wave|p1a: Ogerpon|[spread] p1a,p1b\n|-crit|p1a: Ogerpon\n|-supereffective|p1b: Chien-Pao\n|-damage|p1a: Ogerpon|44\/100\n|-enditem|p1b: Chien-Pao|Focus Sash\n|-damage|p1b: Chien-Pao|1\/100\n|move|p1b: Chien-Pao|Haze|p1b: Chien-Pao\n|-clearallboost\n|move|p2a: Ursaluna|Facade|p1b: Chien-Pao\n|-damage|p1b: Chien-Pao|0 fnt\n|faint|p1b: Chien-Pao\n|\n|-status|p2a: Ursaluna|brn|[from] item: Flame Orb\n|upkeep\n|inactive|taco_bowl_mx has 30 seconds left.\n|\n|t:|1701098805\n|switch|p1b: Iron Hands|Iron Hands, L50, shiny, tera:Water|65\/100\n|turn|4\n|\n|t:|1701098822\n|move|p2b: Armarouge|Endure|p2b: Armarouge\n|-singleturn|p2b: Armarouge|move: Endure\n|move|p1b: Iron Hands|Fake Out|p2b: Armarouge\n|-damage|p2b: Armarouge|55\/100\n|-ability|p2b: Armarouge|Weak Armor|boost\n|-unboost|p2b: Armarouge|def|1\n|-boost|p2b: Armarouge|spe|2\n|move|p1a: Ogerpon|Ivy Cudgel|p2a: Ursaluna|[anim] Ivy Cudgel Water\n|-crit|p2a: Ursaluna\n|-damage|p2a: Ursaluna|41\/100 brn\n|move|p2a: Ursaluna|Facade|p1b: Iron Hands\n|-damage|p1b: Iron Hands|0 fnt\n|faint|p1b: Iron Hands\n|-end|p1b: Iron Hands|Quark Drive|[silent]\n|\n|-damage|p2a: Ursaluna|35\/100 brn|[from] brn\n|-sideend|p2: Dagnuel|move: Tailwind\n|upkeep\n|\n|t:|1701098837\n|switch|p1b: Heatran|Heatran, L50, M|100\/100\n|turn|5\n|\n|t:|1701098856\n|move|p1a: Ogerpon|Spiky Shield|p1a: Ogerpon\n|-singleturn|p1a: Ogerpon|move: Protect\n|move|p1b: Heatran|Protect|p1b: Heatran\n|-singleturn|p1b: Heatran|Protect\n|move|p2b: Armarouge|Expanding Force|p1a: Ogerpon\n|-activate|p1a: Ogerpon|move: Protect\n|move|p2a: Ursaluna|Facade|p1b: Heatran\n|-activate|p1b: Heatran|move: Protect\n|\n|-damage|p2a: Ursaluna|29\/100 brn|[from] brn\n|upkeep\n|turn|6\n|inactive|taco_bowl_mx has 30 seconds left.\n|inactive|taco_bowl_mx has 20 seconds left.\n|\n|t:|1701098894\n|move|p1a: Ogerpon|Follow Me|p1a: Ogerpon\n|-singleturn|p1a: Ogerpon|move: Follow Me\n|move|p2b: Armarouge|Expanding Force|p1a: Ogerpon\n|-damage|p1a: Ogerpon|1\/100\n|move|p1b: Heatran|Heat Wave|p2a: Ursaluna|[spread] p2b\n|-miss|p1b: Heatran|p2a: Ursaluna\n|-resisted|p2b: Armarouge\n|-damage|p2b: Armarouge|28\/100\n|move|p2a: Ursaluna|Earthquake|p1b: Heatran|[spread] p2b,p1a,p1b\n|-supereffective|p2b: Armarouge\n|-crit|p2b: Armarouge\n|-resisted|p1a: Ogerpon\n|-supereffective|p1b: Heatran\n|-damage|p2b: Armarouge|0 fnt\n|-damage|p1a: Ogerpon|0 fnt\n|-damage|p1b: Heatran|0 fnt\n|faint|p2b: Armarouge\n|faint|p1a: Ogerpon\n|faint|p1b: Heatran\n|\n|win|Dagnuel\n|raw|taco_bowl_mx's rating: 1373 &rarr; <strong>1351<\/strong><br \/>(-22 for losing)\n|raw|Dagnuel's rating: 1334 &rarr; <strong>1356<\/strong><br \/>(+22 for winning)\n","uploadtime":1701098910,"views":13,"p1id":"tacobowlmx","p2id":"dagnuel","formatid":"gen9vgc2023regulatione","rating":1351,"private":0,"password":""}