{"id":"gen9vgc2023regulatione-1991443338","p1":"Lordry222","p2":"beastista","format":"[Gen 9] VGC 2023 Regulation E","log":"|j|\u2606Lordry222\n|j|\u2606beastista\n|t:|1700077540\n|gametype|doubles\n|player|p1|Lordry222|steven|1448\n|player|p2|beastista|bugcatcher-gen4dp|1561\n|teamsize|p1|6\n|teamsize|p2|6\n|gen|9\n|tier|[Gen 9] VGC 2023 Regulation E\n|rated|\n|rule|Species Clause: Limit one of each Pok\u00e9mon\n|rule|Item Clause: Limit one of each item\n|clearpoke\n|poke|p1|Moltres-Galar, L50|\n|poke|p1|Sinistcha-Masterpiece, L50|\n|poke|p1|Iron Hands, L50|\n|poke|p1|Ninetales-Alola, L50, M|\n|poke|p1|Arcanine-Hisui, L50, M|\n|poke|p1|Urshifu-*, L50, F|\n|poke|p2|Kilowattrel, L50, F|\n|poke|p2|Urshifu-*, L50, F|\n|poke|p2|Sandaconda, L50, F|\n|poke|p2|Scream Tail, L50|\n|poke|p2|Rillaboom, L50, M|\n|poke|p2|Vaporeon, L50, M|\n|teampreview|4\n|inactive|Battle timer is ON: inactive players will automatically lose when time's up. (requested by beastista)\n|\n|t:|1700077584\n|start\n|switch|p1a: Ninetales|Ninetales-Alola, L50, M|100\/100\n|switch|p1b: Iron Hands|Iron Hands, L50, shiny|100\/100\n|switch|p2a: Urshifu|Urshifu, L50, F|100\/100\n|switch|p2b: Scream Tail|Scream Tail, L50|100\/100\n|-weather|Snow|[from] ability: Snow Warning|[of] p1a: Ninetales\n|-enditem|p2b: Scream Tail|Booster Energy\n|-activate|p2b: Scream Tail|ability: Protosynthesis|[fromitem]\n|-start|p2b: Scream Tail|protosynthesisspe\n|turn|1\n|\n|t:|1700077608\n|-terastallize|p2a: Urshifu|Fairy\n|move|p1b: Iron Hands|Fake Out|p2a: Urshifu\n|-damage|p2a: Urshifu|89\/100\n|move|p2b: Scream Tail|Thunder Wave|p1a: Ninetales|[miss]\n|-miss|p2b: Scream Tail|p1a: Ninetales\n|move|p1a: Ninetales|Aurora Veil|p1a: Ninetales\n|-sidestart|p1: Lordry222|move: Aurora Veil\n|cant|p2a: Urshifu|flinch\n|\n|-weather|Snow|[upkeep]\n|upkeep\n|turn|2\n|inactive|Lordry222 has 30 seconds left.\n|\n|t:|1700077633\n|move|p2b: Scream Tail|Encore|p1b: Iron Hands\n|-start|p1b: Iron Hands|Encore\n|move|p1a: Ninetales|Blizzard|p2b: Scream Tail|[spread] p2a,p2b\n|-damage|p2a: Urshifu|69\/100\n|-damage|p2b: Scream Tail|84\/100\n|move|p2a: Urshifu|Poison Jab|p1a: Ninetales\n|-supereffective|p1a: Ninetales\n|-damage|p1a: Ninetales|75\/100\n|move|p1b: Iron Hands|Fake Out||[still]\n|-hint|Fake Out only works on your first turn out.\n|-fail|p1b: Iron Hands\n|\n|-weather|Snow|[upkeep]\n|upkeep\n|turn|3\n|inactive|Lordry222 has 30 seconds left.\n|\n|t:|1700077659\n|-end|p1b: Iron Hands|Quark Drive|[silent]\n|switch|p1b: Sinistcha|Sinistcha-Masterpiece, L50|100\/100\n|-heal|p1a: Ninetales|100\/100|[from] ability: Hospitality|[of] p1b: Sinistcha\n|move|p2b: Scream Tail|Disable|p1a: Ninetales\n|-start|p1a: Ninetales|Disable|Blizzard\n|cant|p1a: Ninetales|Disable|Blizzard\n|move|p2a: Urshifu|Wicked Blow|p1b: Sinistcha\n|-supereffective|p1b: Sinistcha\n|-crit|p1b: Sinistcha\n|-damage|p1b: Sinistcha|0 fnt\n|-damage|p2a: Urshifu|52\/100|[from] item: Rocky Helmet|[of] p1b: Sinistcha\n|faint|p1b: Sinistcha\n|\n|-weather|Snow|[upkeep]\n|upkeep\n|\n|t:|1700077671\n|switch|p1b: Iron Hands|Iron Hands, L50, shiny|100\/100\n|turn|4\n|\n|t:|1700077683\n|move|p2b: Scream Tail|Encore|p1a: Ninetales\n|-start|p1a: Ninetales|Encore\n|cant|p1a: Ninetales|Disable|Blizzard\n|move|p2a: Urshifu|Drain Punch|p1b: Iron Hands\n|-damage|p1b: Iron Hands|85\/100\n|-heal|p2a: Urshifu|62\/100|[from] drain|[of] p1b: Iron Hands\n|move|p1b: Iron Hands|Heavy Slam|p2a: Urshifu\n|-supereffective|p2a: Urshifu\n|-damage|p2a: Urshifu|18\/100\n|\n|-weather|Snow|[upkeep]\n|upkeep\n|turn|5\n|\n|t:|1700077706\n|switch|p1a: Moltres|Moltres-Galar, L50|100\/100\n|move|p2b: Scream Tail|Disable|p1b: Iron Hands\n|-start|p1b: Iron Hands|Disable|Heavy Slam\n|move|p2a: Urshifu|Poison Jab|p1a: Moltres\n|-damage|p1a: Moltres|79\/100\n|cant|p1b: Iron Hands|Disable|Heavy Slam\n|\n|-weather|none\n|upkeep\n|turn|6\n|inactive|Lordry222 has 30 seconds left.\n|inactive|Lordry222 has 20 seconds left.\n|\n|t:|1700077743\n|-terastallize|p1a: Moltres|Poison\n|move|p2b: Scream Tail|Thunder Wave|p1a: Moltres\n|-status|p1a: Moltres|par\n|move|p2a: Urshifu|Drain Punch|p1b: Iron Hands\n|-damage|p1b: Iron Hands|68\/100\n|-heal|p2a: Urshifu|30\/100|[from] drain|[of] p1b: Iron Hands\n|move|p1a: Moltres|Nasty Plot|p1a: Moltres\n|-boost|p1a: Moltres|spa|2\n|move|p1b: Iron Hands|Wild Charge|p2a: Urshifu\n|-crit|p2a: Urshifu\n|-damage|p2a: Urshifu|0 fnt\n|faint|p2a: Urshifu\n|-damage|p1b: Iron Hands|62\/100|[from] Recoil\n|\n|upkeep\n|\n|t:|1700077761\n|switch|p2a: Rillaboom|Rillaboom, L50, M|100\/100\n|-fieldstart|move: Grassy Terrain|[from] ability: Grassy Surge|[of] p2a: Rillaboom\n|turn|7\n|inactive|Lordry222 has 30 seconds left.\n|\n|t:|1700077788\n|-end|p1b: Iron Hands|Quark Drive|[silent]\n|switch|p1b: Ninetales|Ninetales-Alola, L50, M|100\/100\n|-weather|Snow|[from] ability: Snow Warning|[of] p1b: Ninetales\n|move|p2b: Scream Tail|Encore|p1a: Moltres\n|-start|p1a: Moltres|Encore\n|move|p2a: Rillaboom|Stomping Tantrum|p1b: Ninetales\n|-damage|p1b: Ninetales|81\/100\n|move|p1a: Moltres|Nasty Plot|p1a: Moltres\n|-boost|p1a: Moltres|spa|2\n|\n|-weather|Snow|[upkeep]\n|-heal|p2b: Scream Tail|90\/100|[from] Grassy Terrain\n|-heal|p1b: Ninetales|87\/100|[from] Grassy Terrain\n|-heal|p1a: Moltres|85\/100 par|[from] Grassy Terrain\n|upkeep\n|turn|8\n|\n|t:|1700077804\n|switch|p1b: Iron Hands|Iron Hands, L50, shiny|62\/100\n|move|p2b: Scream Tail|Thunder Wave|p1b: Iron Hands\n|-immune|p1b: Iron Hands\n|move|p2a: Rillaboom|Stomping Tantrum|p1a: Moltres\n|-supereffective|p1a: Moltres\n|-damage|p1a: Moltres|15\/100 par\n|-ability|p1a: Moltres|Berserk|boost\n|-boost|p1a: Moltres|spa|1\n|-enditem|p1a: Moltres|Sitrus Berry|[eat]\n|-heal|p1a: Moltres|40\/100 par|[from] item: Sitrus Berry\n|cant|p1a: Moltres|par\n|\n|-weather|Snow|[upkeep]\n|-heal|p2b: Scream Tail|96\/100|[from] Grassy Terrain\n|-heal|p1a: Moltres|46\/100 par|[from] Grassy Terrain\n|-heal|p1b: Iron Hands|68\/100|[from] Grassy Terrain\n|-sideend|p1: Lordry222|move: Aurora Veil\n|upkeep\n|turn|9\n|inactive|Lordry222 has 30 seconds left.\n|\n|t:|1700077835\n|switch|p1a: Ninetales|Ninetales-Alola, L50, M|87\/100\n|move|p1b: Iron Hands|Fake Out|p2a: Rillaboom\n|-damage|p2a: Rillaboom|86\/100\n|move|p2b: Scream Tail|Dazzling Gleam|p1b: Iron Hands|[spread] p1a,p1b\n|-supereffective|p1b: Iron Hands\n|-damage|p1a: Ninetales|75\/100\n|-damage|p1b: Iron Hands|51\/100\n|cant|p2a: Rillaboom|flinch\n|\n|-weather|Snow|[upkeep]\n|-heal|p2b: Scream Tail|100\/100|[from] Grassy Terrain\n|-heal|p1a: Ninetales|81\/100|[from] Grassy Terrain\n|-heal|p2a: Rillaboom|92\/100|[from] Grassy Terrain\n|-heal|p1b: Iron Hands|58\/100|[from] Grassy Terrain\n|upkeep\n|turn|10\n|\n|t:|1700077859\n|switch|p2a: Kilowattrel|Kilowattrel, L50, F|100\/100\n|move|p2b: Scream Tail|Thunder Wave|p1a: Ninetales\n|-status|p1a: Ninetales|par\n|move|p1b: Iron Hands|Heavy Slam|p2b: Scream Tail\n|-supereffective|p2b: Scream Tail\n|-damage|p2b: Scream Tail|32\/100\n|move|p1a: Ninetales|Blizzard|p2b: Scream Tail|[spread] p2a,p2b\n|-supereffective|p2a: Kilowattrel\n|-damage|p2a: Kilowattrel|13\/100\n|-damage|p2b: Scream Tail|14\/100\n|\n|-weather|Snow|[upkeep]\n|-heal|p2b: Scream Tail|20\/100|[from] Grassy Terrain\n|-heal|p1b: Iron Hands|64\/100|[from] Grassy Terrain\n|-heal|p1a: Ninetales|87\/100 par|[from] Grassy Terrain\n|upkeep\n|turn|11\n|inactive|Lordry222 has 30 seconds left.\n|\n|t:|1700077891\n|move|p2b: Scream Tail|Disable|p1a: Ninetales\n|-start|p1a: Ninetales|Disable|Blizzard\n|move|p2a: Kilowattrel|Endeavor|p1b: Iron Hands\n|-damage|p1b: Iron Hands|8\/100\n|move|p1b: Iron Hands|Wild Charge|p2a: Kilowattrel\n|-heal|p2a: Kilowattrel|38\/100|[from] ability: Volt Absorb|[of] p1b: Iron Hands\n|move|p1a: Ninetales|Aurora Veil|p1a: Ninetales\n|-sidestart|p1: Lordry222|move: Aurora Veil\n|\n|-weather|none\n|-heal|p2b: Scream Tail|26\/100|[from] Grassy Terrain\n|-heal|p1b: Iron Hands|14\/100|[from] Grassy Terrain\n|-heal|p1a: Ninetales|93\/100 par|[from] Grassy Terrain\n|-fieldend|move: Grassy Terrain\n|upkeep\n|turn|12\n|\n|t:|1700077910\n|move|p2b: Scream Tail|Encore|p1a: Ninetales\n|-start|p1a: Ninetales|Encore\n|move|p2a: Kilowattrel|Hurricane|p1b: Iron Hands|[miss]\n|-miss|p2a: Kilowattrel|p1b: Iron Hands\n|move|p1b: Iron Hands|Heavy Slam|p2b: Scream Tail\n|-supereffective|p2b: Scream Tail\n|-damage|p2b: Scream Tail|0 fnt\n|faint|p2b: Scream Tail\n|-end|p2b: Scream Tail|Protosynthesis|[silent]\n|move|p1a: Ninetales|Aurora Veil||[still]\n|-fail|p1a: Ninetales\n|\n|upkeep\n|\n|t:|1700077917\n|switch|p2b: Rillaboom|Rillaboom, L50, M|92\/100\n|-fieldstart|move: Grassy Terrain|[from] ability: Grassy Surge|[of] p2b: Rillaboom\n|turn|13\n|\n|t:|1700077933\n|switch|p1a: Moltres|Moltres-Galar, L50, tera:Poison|46\/100 par\n|move|p2a: Kilowattrel|Hurricane|p1b: Iron Hands\n|-damage|p1b: Iron Hands|0 fnt\n|faint|p1b: Iron Hands\n|-end|p1b: Iron Hands|Quark Drive|[silent]\n|move|p2b: Rillaboom|Wood Hammer|p1a: Moltres\n|-resisted|p1a: Moltres\n|-damage|p1a: Moltres|0 fnt\n|faint|p1a: Moltres\n|-damage|p2b: Rillaboom|80\/100|[from] Recoil\n|\n|-heal|p2b: Rillaboom|85\/100|[from] Grassy Terrain\n|upkeep\n|\n|t:|1700077949\n|switch|p1b: Ninetales|Ninetales-Alola, L50, M|93\/100 par\n|-weather|Snow|[from] ability: Snow Warning|[of] p1b: Ninetales\n|turn|14\n|\n|t:|1700077957\n|move|p2a: Kilowattrel|Endeavor|p1b: Ninetales\n|-damage|p1b: Ninetales|31\/100 par\n|move|p2b: Rillaboom|Wood Hammer|p1b: Ninetales\n|-damage|p1b: Ninetales|0 fnt\n|faint|p1b: Ninetales\n|-damage|p2b: Rillaboom|77\/100|[from] Recoil\n|\n|win|beastista\n|raw|Lordry222's rating: 1448 &rarr; <strong>1434<\/strong><br \/>(-14 for losing)\n|raw|beastista's rating: 1561 &rarr; <strong>1575<\/strong><br \/>(+14 for winning)\n|l|\u2606Lordry222\n","uploadtime":1700077971,"views":13,"p1id":"lordry222","p2id":"beastista","formatid":"gen9vgc2023regulatione","rating":1434,"private":0,"password":""}