{"id":"gen9vgc2023regulatione-1999526174","p1":"poglu","p2":"BigSalta","format":"[Gen 9] VGC 2023 Regulation E","log":"|j|\u2606poglu\n|j|\u2606BigSalta\n|t:|1701092594\n|gametype|doubles\n|player|p1|poglu|caitlin|1435\n|player|p2|BigSalta|cynthia|1603\n|teamsize|p1|6\n|teamsize|p2|6\n|gen|9\n|tier|[Gen 9] VGC 2023 Regulation E\n|rated|\n|rule|Species Clause: Limit one of each Pok\u00e9mon\n|rule|Item Clause: Limit one of each item\n|clearpoke\n|poke|p1|Kingambit, L50, F|\n|poke|p1|Iron Hands, L50|\n|poke|p1|Sinistcha, L50|\n|poke|p1|Urshifu-*, L50, M|\n|poke|p1|Heatran, L50, F|\n|poke|p1|Enamorus-Therian, L50, F|\n|poke|p2|Amoonguss, L50, F|\n|poke|p2|Roaring Moon, L50|\n|poke|p2|Heatran, L50, F|\n|poke|p2|Landorus-Therian, L50, M|\n|poke|p2|Iron Hands, L50|\n|poke|p2|Flutter Mane, L50|\n|teampreview|4\nBigSalta has agreed to open team sheets.\n|inactive|Battle timer is ON: inactive players will automatically lose when time's up. (requested by BigSalta)\n|inactive|poglu has 60 seconds left.\n|\n|t:|1701092731\n|start\n|switch|p1a: Sinistcha|Sinistcha, L50|100\/100\n|switch|p1b: Iron Hands|Iron Hands, L50|100\/100\n|switch|p2a: Amoonguss|Amoonguss, L50, F|100\/100\n|switch|p2b: Iron Hands|Iron Hands, L50|100\/100\n|turn|1\n|\n|t:|1701092746\n|-end|p1b: Iron Hands|Quark Drive|[silent]\n|switch|p1b: Enamorus|Enamorus-Therian, L50, F|100\/100\n|move|p2b: Iron Hands|Fake Out|p1b: Enamorus\n|-damage|p1b: Enamorus|87\/100\n|move|p2a: Amoonguss|Spore|p1b: Enamorus\n|-immune|p1b: Enamorus|[from] ability: Overcoat\n|move|p1a: Sinistcha|Trick Room|p1a: Sinistcha\n|-fieldstart|move: Trick Room|[of] p1a: Sinistcha\n|\n|upkeep\n|turn|2\n|inactive|BigSalta has 30 seconds left.\n|inactive|BigSalta has 20 seconds left.\n|inactive|BigSalta has 15 seconds left.\n|inactive|BigSalta has 10 seconds left.\n|\n|t:|1701092795\n|switch|p2a: Heatran|Heatran, L50, F|100\/100\n|move|p1b: Enamorus|Psychic|p2b: Iron Hands\n|-supereffective|p2b: Iron Hands\n|-damage|p2b: Iron Hands|50\/100\n|move|p2b: Iron Hands|Volt Switch|p1b: Enamorus\n|-supereffective|p1b: Enamorus\n|-damage|p1b: Enamorus|61\/100\n|\n|t:|1701092811\n|-end|p2b: Iron Hands|Quark Drive|[silent]\n|switch|p2b: Flutter Mane|Flutter Mane, L50|100\/100|[from] Volt Switch\n|move|p1a: Sinistcha|Shadow Ball|p2b: Flutter Mane\n|-supereffective|p2b: Flutter Mane\n|-damage|p2b: Flutter Mane|25\/100\n|\n|upkeep\n|turn|3\n|\n|t:|1701092832\n|switch|p1b: Iron Hands|Iron Hands, L50|100\/100\n|-terastallize|p1a: Sinistcha|Fire\n|move|p2a: Heatran|Heat Wave|p1a: Sinistcha|[spread] p1a,p1b\n|-resisted|p1a: Sinistcha\n|-damage|p1a: Sinistcha|79\/100\n|-damage|p1b: Iron Hands|80\/100\n|move|p1a: Sinistcha|Shadow Ball|p2b: Flutter Mane\n|-supereffective|p2b: Flutter Mane\n|-damage|p2b: Flutter Mane|0 fnt\n|faint|p2b: Flutter Mane\n|-end|p2b: Flutter Mane|Protosynthesis|[silent]\n|\n|-heal|p1a: Sinistcha|84\/100|[from] item: Leftovers\n|upkeep\n|\n|t:|1701092847\n|switch|p2b: Amoonguss|Amoonguss, L50, F|100\/100\n|turn|4\n|inactive|poglu has 30 seconds left.\n|inactive|poglu has 20 seconds left.\n|inactive|BigSalta has 30 seconds left.\n|\n|t:|1701092884\n|-end|p1b: Iron Hands|Quark Drive|[silent]\n|switch|p1b: Enamorus|Enamorus-Therian, L50, F|61\/100\n|switch|p1a: Heatran|Heatran, L50, F|100\/100\n|move|p2b: Amoonguss|Rage Powder|p2b: Amoonguss\n|-singleturn|p2b: Amoonguss|move: Rage Powder\n|move|p2a: Heatran|Heat Wave|p1a: Heatran|[spread] p1b\n|-start|p1a: Heatran|ability: Flash Fire\n|-damage|p1b: Enamorus|28\/100\n|\n|upkeep\n|turn|5\n|\n|t:|1701092909\n|switch|p1b: Iron Hands|Iron Hands, L50|80\/100\n|switch|p2a: Iron Hands|Iron Hands, L50|50\/100\n|move|p1a: Heatran|Protect|p1a: Heatran\n|-singleturn|p1a: Heatran|Protect\n|move|p2b: Amoonguss|Pollen Puff|p2a: Iron Hands\n|-heal|p2a: Iron Hands|99\/100\n|\n|-fieldend|move: Trick Room\n|upkeep\n|turn|6\n|\n|t:|1701092930\n|move|p2a: Iron Hands|Fake Out|p1b: Iron Hands\n|-damage|p1b: Iron Hands|68\/100\n|cant|p1b: Iron Hands|flinch\n|move|p1a: Heatran|Heat Wave|p2b: Amoonguss|[spread] p2a,p2b\n|-supereffective|p2b: Amoonguss\n|-damage|p2a: Iron Hands|65\/100\n|-damage|p2b: Amoonguss|0 fnt\n|faint|p2b: Amoonguss\n|\n|upkeep\n|\n|t:|1701092933\n|switch|p2b: Heatran|Heatran, L50, F|100\/100\n|turn|7\n|inactive|BigSalta has 30 seconds left.\n|\n|t:|1701092963\n|-terastallize|p2a: Iron Hands|Water\n|move|p1a: Heatran|Protect|p1a: Heatran\n|-singleturn|p1a: Heatran|Protect\n|move|p2b: Heatran|Heat Wave|p1b: Iron Hands|[spread] p1b\n|-activate|p1a: Heatran|move: Protect\n|-damage|p1b: Iron Hands|46\/100\n|move|p2a: Iron Hands|Drain Punch|p1b: Iron Hands\n|-damage|p1b: Iron Hands|13\/100\n|-heal|p2a: Iron Hands|80\/100|[from] drain|[of] p1b: Iron Hands\n|move|p1b: Iron Hands|Drain Punch|p2b: Heatran\n|-supereffective|p2b: Heatran\n|-damage|p2b: Heatran|25\/100\n|-heal|p1b: Iron Hands|46\/100|[from] drain|[of] p2b: Heatran\n|\n|upkeep\n|turn|8\n|inactive|poglu has 30 seconds left.\n|inactive|BigSalta has 30 seconds left.\n|inactive|poglu has 20 seconds left.\n|\n|t:|1701093000\n|-end|p1a: Heatran|ability: Flash Fire|[silent]\n|switch|p1a: Sinistcha|Sinistcha, L50, tera:Fire|84\/100\n|-heal|p1b: Iron Hands|70\/100|[from] ability: Hospitality|[of] p1a: Sinistcha\n|move|p2b: Heatran|Earth Power|p1a: Sinistcha\n|-supereffective|p1a: Sinistcha\n|-damage|p1a: Sinistcha|10\/100\n|move|p2a: Iron Hands|Drain Punch|p1b: Iron Hands\n|-damage|p1b: Iron Hands|40\/100\n|-heal|p2a: Iron Hands|95\/100|[from] drain|[of] p1b: Iron Hands\n|move|p1b: Iron Hands|Drain Punch|p2b: Heatran\n|-supereffective|p2b: Heatran\n|-damage|p2b: Heatran|0 fnt\n|-heal|p1b: Iron Hands|50\/100|[from] drain|[of] p2b: Heatran\n|faint|p2b: Heatran\n|\n|-heal|p1a: Sinistcha|15\/100|[from] item: Leftovers\n|upkeep\n|turn|9\n|l|\u2606BigSalta\n|inactive|BigSalta disconnected and has a minute to reconnect!\n|player|p2|\n|\n|t:|1701093022\n|-end|p1b: Iron Hands|Quark Drive|[silent]\n|switch|p1b: Enamorus|Enamorus-Therian, L50, F|28\/100\n|move|p1a: Sinistcha|Protect|p1a: Sinistcha\n|-singleturn|p1a: Sinistcha|Protect\n|move|p2a: Iron Hands|Drain Punch|p1a: Sinistcha\n|-activate|p1a: Sinistcha|move: Protect\n|\n|-heal|p1a: Sinistcha|21\/100|[from] item: Leftovers\n|upkeep\n|turn|10\n|inactive|BigSalta has 30 seconds left.\n|inactive|BigSalta has 20 seconds left.\n|inactive|BigSalta has 15 seconds left.\n|inactive|BigSalta has 10 seconds left.\n|inactive|BigSalta has 5 seconds left.\n|-message|BigSalta lost due to inactivity.\n|\n|win|poglu\n|raw|poglu's rating: 1435 &rarr; <strong>1464<\/strong><br \/>(+29 for winning)\n|raw|BigSalta's rating: 1603 &rarr; <strong>1574<\/strong><br \/>(-29 for losing)\n","uploadtime":1701093317,"views":12,"p1id":"poglu","p2id":"bigsalta","formatid":"gen9vgc2023regulatione","rating":1464,"private":0,"password":""}