{"id":"gen9vgc2023regulatione-1991706874","p1":"jahoy","p2":"Agr3atNam3","format":"[Gen 9] VGC 2023 Regulation E","log":"|j|\u2606jahoy\n|j|\u2606Agr3atNam3\n|t:|1700105036\n|gametype|doubles\n|player|p1|jahoy|pokemaniac|1055\n|player|p2|Agr3atNam3|169|1171\n|teamsize|p1|6\n|teamsize|p2|6\n|gen|9\n|tier|[Gen 9] VGC 2023 Regulation E\n|rated|\n|rule|Species Clause: Limit one of each Pok\u00e9mon\n|rule|Item Clause: Limit one of each item\n|clearpoke\n|poke|p1|Ursaluna-Bloodmoon, L50, M|\n|poke|p1|Farigiraf, L50, F|\n|poke|p1|Clefairy, L50, F|\n|poke|p1|Urshifu-*, L50, M|\n|poke|p1|Okidogi, L50, M|\n|poke|p1|Ogerpon-Hearthflame, L50, F|\n|poke|p2|Slowking, L50, F|\n|poke|p2|Brute Bonnet, L50|\n|poke|p2|Torkoal, L50, M|\n|poke|p2|Oranguru, L50, F|\n|poke|p2|Magnezone, L50|\n|poke|p2|Hariyama, L50, F|\n|teampreview|4\n|inactive|Battle timer is ON: inactive players will automatically lose when time's up. (requested by jahoy)\n|\n|t:|1700105063\n|start\n|switch|p1a: Farigiraf|Farigiraf, L50, F|100\/100\n|switch|p1b: Clefairy|Clefairy, L50, F|100\/100\n|switch|p2a: Oranguru|Oranguru, L50, F|100\/100\n|switch|p2b: Magnezone|Magnezone, L50|100\/100\n|turn|1\n|\n|t:|1700105079\n|move|p1b: Clefairy|Follow Me|p1b: Clefairy\n|-singleturn|p1b: Clefairy|move: Follow Me\n|move|p2a: Oranguru|Instruct|p1b: Clefairy\n|-singleturn|p1b: Clefairy|move: Instruct|[of] p2a: Oranguru\n|move|p1b: Clefairy|Follow Me||[still]\n|-fail|p1b: Clefairy\n|move|p2b: Magnezone|Flash Cannon|p1b: Clefairy\n|-supereffective|p1b: Clefairy\n|-damage|p1b: Clefairy|11\/100\n|move|p1a: Farigiraf|Trick Room|p1a: Farigiraf\n|-fieldstart|move: Trick Room|[of] p1a: Farigiraf\n|\n|upkeep\n|turn|2\n|inactive|Agr3atNam3 has 30 seconds left.\n|\n|t:|1700105107\n|move|p1b: Clefairy|Follow Me|p1b: Clefairy\n|-singleturn|p1b: Clefairy|move: Follow Me\n|move|p2b: Magnezone|Thunderbolt|p1b: Clefairy\n|-damage|p1b: Clefairy|0 fnt\n|faint|p1b: Clefairy\n|move|p2a: Oranguru|Instruct|p2b: Magnezone\n|-singleturn|p2b: Magnezone|move: Instruct|[of] p2a: Oranguru\n|move|p2b: Magnezone|Thunderbolt|p1a: Farigiraf\n|-damage|p1a: Farigiraf|53\/100\n|move|p1a: Farigiraf|Nasty Plot|p1a: Farigiraf\n|-boost|p1a: Farigiraf|spa|2\n|\n|upkeep\n|\n|t:|1700105118\n|switch|p1b: Ursaluna|Ursaluna-Bloodmoon, L50, M|100\/100\n|turn|3\n|\n|t:|1700105137\n|-terastallize|p2b: Magnezone|Water\n|move|p1b: Ursaluna|Earth Power|p2b: Magnezone\n|-damage|p2b: Magnezone|49\/100\n|-unboost|p2b: Magnezone|spd|1\n|-damage|p1b: Ursaluna|91\/100|[from] item: Life Orb\n|move|p2b: Magnezone|Tera Blast|p1b: Ursaluna|[anim] Tera Blast Water\n|-supereffective|p1b: Ursaluna\n|-damage|p1b: Ursaluna|0 fnt\n|faint|p1b: Ursaluna\n|move|p2a: Oranguru|Encore|p1a: Farigiraf\n|-start|p1a: Farigiraf|Encore\n|move|p1a: Farigiraf|Nasty Plot|p1a: Farigiraf\n|-boost|p1a: Farigiraf|spa|2\n|\n|upkeep\n|\n|t:|1700105151\n|switch|p1b: Okidogi|Okidogi, L50, M|100\/100\n|turn|4\n|\n|t:|1700105171\n|-terastallize|p1b: Okidogi|Water\n|move|p2b: Magnezone|Tera Blast|p1b: Okidogi|[anim] Tera Blast Water\n|-resisted|p1b: Okidogi\n|-damage|p1b: Okidogi|86\/100\n|move|p2a: Oranguru|Psychic|p1b: Okidogi\n|-crit|p1b: Okidogi\n|-damage|p1b: Okidogi|58\/100\n|move|p1a: Farigiraf|Nasty Plot|p1a: Farigiraf\n|-boost|p1a: Farigiraf|spa|2\n|move|p1b: Okidogi|Snarl|p2a: Oranguru|[spread] p2a,p2b\n|-supereffective|p2a: Oranguru\n|-damage|p2a: Oranguru|91\/100\n|-damage|p2b: Magnezone|43\/100\n|-unboost|p2a: Oranguru|spa|1\n|-unboost|p2b: Magnezone|spa|1\n|\n|upkeep\n|turn|5\n|inactive|jahoy has 30 seconds left.\n|inactive|Agr3atNam3 has 30 seconds left.\n|\n|t:|1700105198\n|move|p2b: Magnezone|Thunderbolt|p1b: Okidogi\n|-supereffective|p1b: Okidogi\n|-damage|p1b: Okidogi|12\/100\n|move|p2a: Oranguru|Instruct|p2b: Magnezone\n|-singleturn|p2b: Magnezone|move: Instruct|[of] p2a: Oranguru\n|move|p2b: Magnezone|Thunderbolt|p1b: Okidogi\n|-supereffective|p1b: Okidogi\n|-damage|p1b: Okidogi|0 fnt\n|faint|p1b: Okidogi\n|move|p1a: Farigiraf|Nasty Plot|p1a: Farigiraf\n|-boost|p1a: Farigiraf|spa|0\n|\n|-end|p1a: Farigiraf|Encore\n|-fieldend|move: Trick Room\n|upkeep\n|turn|6\n|\n|t:|1700105217\n|move|p1a: Farigiraf|Dazzling Gleam|p2b: Magnezone|[spread] p2a,p2b\n|-damage|p2a: Oranguru|39\/100\n|-damage|p2b: Magnezone|0 fnt\n|faint|p2b: Magnezone\n|move|p2a: Oranguru|Trick Room|p2a: Oranguru\n|-fieldstart|move: Trick Room|[of] p2a: Oranguru\n|\n|upkeep\n|\n|t:|1700105222\n|switch|p2b: Torkoal|Torkoal, L50, M|100\/100\n|-weather|SunnyDay|[from] ability: Drought|[of] p2b: Torkoal\n|turn|7\n|\n|t:|1700105230\n|move|p2b: Torkoal|Eruption|p1a: Farigiraf\n|-damage|p1a: Farigiraf|0 fnt\n|faint|p1a: Farigiraf\n|\n|win|Agr3atNam3\n|raw|jahoy's rating: 1055 &rarr; <strong>1043<\/strong><br \/>(-12 for losing)\n|raw|Agr3atNam3's rating: 1171 &rarr; <strong>1188<\/strong><br \/>(+17 for winning)\n|l|\u2606jahoy\n","uploadtime":1700105248,"views":21,"p1id":"jahoy","p2id":"agr3atnam3","formatid":"gen9vgc2023regulatione","rating":1043,"private":0,"password":""}