{"id":"gen9vgc2023regulatione-1989143224","p1":"QueenFluffyShadow","p2":"Drago2010","format":"[Gen 9] VGC 2023 Regulation E","log":"|j|\u2606QueenFluffyShadow\n|j|\u2606Drago2010\n|t:|1699816833\n|gametype|doubles\n|player|p1|QueenFluffyShadow|fantina|1025\n|player|p2|Drago2010|ghetsis|1110\n|teamsize|p1|6\n|teamsize|p2|6\n|gen|9\n|tier|[Gen 9] VGC 2023 Regulation E\n|rated|\n|rule|Species Clause: Limit one of each Pok\u00e9mon\n|rule|Item Clause: Limit one of each item\n|clearpoke\n|poke|p1|Moltres-Galar, L50|\n|poke|p1|Arcanine-Hisui, L50, M|\n|poke|p1|Munkidori, L50, M|\n|poke|p1|Sinistcha, L50|\n|poke|p1|Grimmsnarl, L50, M|\n|poke|p1|Milotic, L50, M|\n|poke|p2|Sinistcha, L50|\n|poke|p2|Flutter Mane, L50|\n|poke|p2|Iron Hands, L50|\n|poke|p2|Ogerpon-Hearthflame, L50, F|\n|poke|p2|Fezandipiti, L50, M|\n|poke|p2|Arcanine-Hisui, L50, M|\n|teampreview|4\n|inactive|Battle timer is ON: inactive players will automatically lose when time's up. (requested by Drago2010)\nDrago2010 has agreed to open team sheets.\n|\n|t:|1699816882\n|start\n|switch|p1a: Grimmsnarl|Grimmsnarl, L50, M, shiny|100\/100\n|switch|p1b: Arcanine|Arcanine-Hisui, L50, M|100\/100\n|switch|p2a: koreanname|Flutter Mane, L50|100\/100\n|switch|p2b: Iron Musk|Iron Hands, L50|100\/100\n|-ability|p1b: Arcanine|Intimidate|boost\n|-unboost|p2a: koreanname|atk|1\n|-unboost|p2b: Iron Musk|atk|1\n|-enditem|p2a: koreanname|Booster Energy\n|-activate|p2a: koreanname|ability: Protosynthesis|[fromitem]\n|-start|p2a: koreanname|protosynthesisspe\n|turn|1\n|inactive|Drago2010 has 30 seconds left.\n|\n|t:|1699816908\n|move|p2b: Iron Musk|Fake Out|p1b: Arcanine\n|-resisted|p1b: Arcanine\n|-damage|p1b: Arcanine|94\/100\n|move|p1a: Grimmsnarl|Reflect|p1a: Grimmsnarl\n|-sidestart|p1: QueenFluffyShadow|Reflect\n|move|p2a: koreanname|Shadow Ball|p1b: Arcanine\n|-damage|p1b: Arcanine|60\/100\n|cant|p1b: Arcanine|flinch\n|\n|upkeep\n|turn|2\n|\n|t:|1699816928\n|move|p1a: Grimmsnarl|Light Screen|p1a: Grimmsnarl\n|-sidestart|p1: QueenFluffyShadow|move: Light Screen\n|move|p2a: koreanname|Shadow Ball|p1b: Arcanine\n|-damage|p1b: Arcanine|41\/100\n|move|p1b: Arcanine|Flare Blitz|p2a: koreanname\n|-damage|p2a: koreanname|0 fnt\n|faint|p2a: koreanname\n|-end|p2a: koreanname|Protosynthesis|[silent]\n|-damage|p1b: Arcanine|19\/100|[from] Recoil\n|move|p2b: Iron Musk|Drain Punch|p1b: Arcanine\n|-supereffective|p1b: Arcanine\n|-damage|p1b: Arcanine|0 fnt\n|faint|p1b: Arcanine\n|\n|upkeep\n|\n|t:|1699816940\n|switch|p2a: Ogerpon|Ogerpon-Hearthflame, L50, F|100\/100\n|switch|p1b: Munkidori|Munkidori, L50, M|100\/100\n|-ability|p2a: Ogerpon|Mold Breaker\n|-item|p2a: Ogerpon|Hearthflame Mask|[from] ability: Frisk|[of] p1b: Munkidori|[identify]\n|-item|p2b: Iron Musk|Assault Vest|[from] ability: Frisk|[of] p1b: Munkidori|[identify]\n|turn|3\n|\n|t:|1699816967\n|move|p1b: Munkidori|Fake Out|p2a: Ogerpon\n|-damage|p2a: Ogerpon|92\/100\n|move|p1a: Grimmsnarl|Parting Shot|p2a: Ogerpon\n|-unboost|p2a: Ogerpon|atk|1\n|-unboost|p2a: Ogerpon|spa|1\n|\n|t:|1699816975\n|switch|p1a: Sinistcha|Sinistcha, L50|100\/100|[from] Parting Shot\n|cant|p2a: Ogerpon|flinch\n|move|p2b: Iron Musk|Heavy Slam|p1a: Sinistcha\n|-damage|p1a: Sinistcha|83\/100\n|-damage|p2b: Iron Musk|84\/100|[from] item: Rocky Helmet|[of] p1a: Sinistcha\n|\n|upkeep\n|turn|4\n|inactive|QueenFluffyShadow has 30 seconds left.\n|inactive|QueenFluffyShadow has 20 seconds left.\n|inactive|QueenFluffyShadow has 15 seconds left.\n|\n|t:|1699817015\n|switch|p2a: da perfect|Sinistcha, L50|100\/100\n|-heal|p2b: Iron Musk|100\/100|[from] ability: Hospitality|[of] p2a: da perfect\n|-terastallize|p1b: Munkidori|Poison\n|move|p1a: Sinistcha|Rage Powder|p1a: Sinistcha\n|-singleturn|p1a: Sinistcha|move: Rage Powder\n|move|p1b: Munkidori|Sludge Bomb|p2a: da perfect\n|-damage|p2a: da perfect|29\/100\n|move|p2b: Iron Musk|Wild Charge|p1a: Sinistcha\n|-resisted|p1a: Sinistcha\n|-damage|p1a: Sinistcha|73\/100\n|-damage|p2b: Iron Musk|84\/100|[from] item: Rocky Helmet|[of] p1a: Sinistcha\n|-damage|p2b: Iron Musk|82\/100|[from] Recoil\n|\n|upkeep\n|turn|5\n|inactive|QueenFluffyShadow has 30 seconds left.\n|inactive|QueenFluffyShadow has 20 seconds left.\n|\n|t:|1699817051\n|-end|p2b: Iron Musk|Quark Drive|[silent]\n|switch|p2b: Ogerpon|Ogerpon-Hearthflame, L50, F|92\/100\n|-ability|p2b: Ogerpon|Mold Breaker\n|move|p1a: Sinistcha|Rage Powder|p1a: Sinistcha\n|-singleturn|p1a: Sinistcha|move: Rage Powder\n|move|p2a: da perfect|Rage Powder|p2a: da perfect\n|-singleturn|p2a: da perfect|move: Rage Powder\n|move|p1b: Munkidori|Sludge Bomb|p2a: da perfect\n|-damage|p2a: da perfect|0 fnt\n|faint|p2a: da perfect\n|\n|upkeep\n|\n|t:|1699817061\n|switch|p2a: Iron Musk|Iron Hands, L50|82\/100\n|turn|6\n|inactive|QueenFluffyShadow has 30 seconds left.\n|\n|t:|1699817094\n|-terastallize|p2b: Ogerpon|Fire\n|detailschange|p2b: Ogerpon|Ogerpon-Hearthflame-Tera, L50, F, tera:Fire\n|-ability|p2b: Ogerpon|Embody Aspect (Hearthflame)|boost\n|-boost|p2b: Ogerpon|atk|1\n|move|p2b: Ogerpon|Ivy Cudgel|p1b: Munkidori\n|-enditem|p1b: Munkidori|Focus Sash\n|-damage|p1b: Munkidori|1\/100\n|move|p1b: Munkidori|Sludge Bomb|p2b: Ogerpon\n|-damage|p2b: Ogerpon|16\/100\n|move|p1a: Sinistcha|Life Dew|p1a: Sinistcha|[spread] p1a,p1b\n|-heal|p1a: Sinistcha|98\/100\n|-heal|p1b: Munkidori|26\/100\n|move|p2a: Iron Musk|Heavy Slam|p1b: Munkidori\n|-damage|p1b: Munkidori|0 fnt\n|faint|p1b: Munkidori\n|\n|upkeep\n|\n|t:|1699817110\n|switch|p1b: Grimmsnarl|Grimmsnarl, L50, M, shiny|100\/100\n|turn|7\n|\n|t:|1699817117\n|move|p2b: Ogerpon|Ivy Cudgel|p1a: Sinistcha\n|-supereffective|p1a: Sinistcha\n|-damage|p1a: Sinistcha|0 fnt\n|faint|p1a: Sinistcha\n|move|p1b: Grimmsnarl|Low Kick|p2b: Ogerpon\n|-damage|p2b: Ogerpon|0 fnt\n|faint|p2b: Ogerpon\n|move|p2a: Iron Musk|Heavy Slam|p1b: Grimmsnarl\n|-supereffective|p1b: Grimmsnarl\n|-damage|p1b: Grimmsnarl|41\/100\n|\n|upkeep\n|turn|8\n|-message|QueenFluffyShadow forfeited.\n|\n|win|Drago2010\n|raw|QueenFluffyShadow's rating: 1025 &rarr; <strong>1015<\/strong><br \/>(-10 for losing)\n|raw|Drago2010's rating: 1110 &rarr; <strong>1129<\/strong><br \/>(+19 for winning)\n|l|\u2606Drago2010\n","uploadtime":1699817141,"views":7,"p1id":"queenfluffyshadow","p2id":"drago2010","formatid":"gen9vgc2023regulatione","rating":1015,"private":0,"password":""}