{"id":"gen9vgc2023regulatione-1996894620","p1":"Ytterby","p2":"qiuqiuchan","format":"[Gen 9] VGC 2023 Regulation E","log":"|j|\u2606Ytterby\n|j|\u2606qiuqiuchan\n|t:|1700741538\n|gametype|doubles\n|player|p1|Ytterby|brycenman|1353\n|player|p2|qiuqiuchan|dawn|1271\n|teamsize|p1|6\n|teamsize|p2|6\n|gen|9\n|tier|[Gen 9] VGC 2023 Regulation E\n|rated|\n|rule|Species Clause: Limit one of each Pok\u00e9mon\n|rule|Item Clause: Limit one of each item\n|clearpoke\n|poke|p1|Indeedee-F, L50, F|\n|poke|p1|Armarouge, L50, F|\n|poke|p1|Weezing, L50, M|\n|poke|p1|Torkoal, L50, F|\n|poke|p1|Enamorus-Therian, L50, F|\n|poke|p1|Amoonguss, L50, F|\n|poke|p2|Flutter Mane, L50|\n|poke|p2|Urshifu-*, L50, M|\n|poke|p2|Landorus-Therian, L50, M|\n|poke|p2|Tornadus, L50, M|\n|poke|p2|Rillaboom, L50, M|\n|poke|p2|Heatran, L50, M|\n|teampreview|4\nYtterby has agreed to open team sheets.\n|\n|t:|1700741580\n|start\n|switch|p1a: Indeedee|Indeedee-F, L50, F|100\/100\n|switch|p1b: Armarouge|Armarouge, L50, F|100\/100\n|switch|p2a: Heatran|Heatran, L50, M|100\/100\n|switch|p2b: Tornadus|Tornadus, L50, M|100\/100\n|-fieldstart|move: Psychic Terrain|[from] ability: Psychic Surge|[of] p1a: Indeedee\n|-enditem|p1a: Indeedee|Psychic Seed\n|-boost|p1a: Indeedee|spd|1|[from] item: Psychic Seed\n|turn|1\n|\n|t:|1700741590\n|switch|p2b: Rillaboom|Rillaboom, L50, M|100\/100\n|-fieldstart|move: Grassy Terrain|[from] ability: Grassy Surge|[of] p2b: Rillaboom\n|move|p1a: Indeedee|Follow Me|p1a: Indeedee\n|-singleturn|p1a: Indeedee|move: Follow Me\n|move|p2a: Heatran|Earth Power|p1a: Indeedee\n|-damage|p1a: Indeedee|82\/100\n|-unboost|p1a: Indeedee|spd|1\n|move|p1b: Armarouge|Trick Room|p1b: Armarouge\n|-fieldstart|move: Trick Room|[of] p1b: Armarouge\n|\n|-heal|p1a: Indeedee|88\/100|[from] Grassy Terrain\n|upkeep\n|turn|2\n|\n|t:|1700741631\n|switch|p1b: Enamorus|Enamorus-Therian, L50, F|100\/100\n|switch|p1a: Torkoal|Torkoal, L50, F|100\/100\n|-weather|SunnyDay|[from] ability: Drought|[of] p1a: Torkoal\n|move|p2a: Heatran|Heat Wave|p1a: Torkoal|[spread] p1a,p1b\n|-resisted|p1a: Torkoal\n|-damage|p1a: Torkoal|63\/100\n|-damage|p1b: Enamorus|68\/100\n|move|p2b: Rillaboom|Knock Off|p1b: Enamorus\n|-resisted|p1b: Enamorus\n|-crit|p1b: Enamorus\n|-damage|p1b: Enamorus|47\/100\n|-enditem|p1b: Enamorus|Assault Vest|[from] move: Knock Off|[of] p2b: Rillaboom\n|\n|-weather|SunnyDay|[upkeep]\n|-heal|p1a: Torkoal|69\/100|[from] Grassy Terrain\n|upkeep\n|turn|3\n|\n|t:|1700741656\n|switch|p2b: Tornadus|Tornadus, L50, M|100\/100\n|-terastallize|p2a: Heatran|Fairy\n|move|p1a: Torkoal|Flamethrower|p2b: Tornadus\n|-damage|p2b: Tornadus|6\/100\n|move|p1b: Enamorus|Earth Power|p2a: Heatran\n|-damage|p2a: Heatran|74\/100\n|move|p2a: Heatran|Heat Wave|p1a: Torkoal|[spread] p1a,p1b\n|-resisted|p1a: Torkoal\n|-damage|p1a: Torkoal|37\/100\n|-damage|p1b: Enamorus|0 fnt\n|faint|p1b: Enamorus\n|\n|-weather|SunnyDay|[upkeep]\n|-heal|p1a: Torkoal|43\/100|[from] Grassy Terrain\n|-heal|p2a: Heatran|81\/100|[from] Grassy Terrain\n|-heal|p2a: Heatran|87\/100|[from] item: Leftovers\n|upkeep\n|\n|t:|1700741675\n|switch|p1b: Armarouge|Armarouge, L50, F|100\/100\n|turn|4\n|\n|t:|1700741691\n|-terastallize|p1b: Armarouge|Grass\n|move|p2b: Tornadus|Rain Dance|p2b: Tornadus\n|-weather|RainDance\n|move|p1a: Torkoal|Flamethrower|p2b: Tornadus\n|-damage|p2b: Tornadus|0 fnt\n|faint|p2b: Tornadus\n|move|p1b: Armarouge|Expanding Force|p2a: Heatran\n|-crit|p2a: Heatran\n|-damage|p2a: Heatran|17\/100\n|-damage|p1b: Armarouge|91\/100|[from] item: Life Orb\n|move|p2a: Heatran|Earth Power|p1b: Armarouge\n|-resisted|p1b: Armarouge\n|-crit|p1b: Armarouge\n|-damage|p1b: Armarouge|65\/100\n|\n|-weather|RainDance|[upkeep]\n|-heal|p1a: Torkoal|49\/100|[from] Grassy Terrain\n|-heal|p1b: Armarouge|70\/100|[from] Grassy Terrain\n|-heal|p2a: Heatran|23\/100|[from] Grassy Terrain\n|-heal|p2a: Heatran|30\/100|[from] item: Leftovers\n|upkeep\n|\n|t:|1700741701\n|switch|p2b: Rillaboom|Rillaboom, L50, M|100\/100\n|turn|5\n|\n|t:|1700741721\n|switch|p1a: Indeedee|Indeedee-F, L50, F|88\/100\n|-fieldstart|move: Psychic Terrain|[from] ability: Psychic Surge|[of] p1a: Indeedee\n|move|p1b: Armarouge|Expanding Force|p2a: Heatran|[spread] p2a,p2b\n|-damage|p2a: Heatran|0 fnt\n|-damage|p2b: Rillaboom|40\/100\n|faint|p2a: Heatran\n|-damage|p1b: Armarouge|61\/100|[from] item: Life Orb\n|move|p2b: Rillaboom|Wood Hammer|p1b: Armarouge\n|-resisted|p1b: Armarouge\n|-damage|p1b: Armarouge|35\/100\n|-damage|p2b: Rillaboom|32\/100|[from] Recoil\n|\n|-weather|RainDance|[upkeep]\n|-fieldend|move: Trick Room\n|upkeep\n|\n|t:|1700741732\n|switch|p2a: Landorus|Landorus-Therian, L50, M|100\/100\n|-ability|p2a: Landorus|Intimidate|boost\n|-unboost|p1a: Indeedee|atk|1\n|-unboost|p1b: Armarouge|atk|1\n|turn|6\n|\n|t:|1700741750\n|move|p1a: Indeedee|Follow Me|p1a: Indeedee\n|-singleturn|p1a: Indeedee|move: Follow Me\n|move|p2a: Landorus|U-turn|p1a: Indeedee\n|-supereffective|p1a: Indeedee\n|-damage|p1a: Indeedee|43\/100\n|move|p2b: Rillaboom|Wood Hammer|p1a: Indeedee\n|-damage|p1a: Indeedee|0 fnt\n|faint|p1a: Indeedee\n|-damage|p2b: Rillaboom|19\/100|[from] Recoil\n|move|p1b: Armarouge|Trick Room|p1b: Armarouge\n|-fieldstart|move: Trick Room|[of] p1b: Armarouge\n|\n|-weather|RainDance|[upkeep]\n|upkeep\n|\n|t:|1700741761\n|switch|p1a: Torkoal|Torkoal, L50, F|49\/100\n|-weather|SunnyDay|[from] ability: Drought|[of] p1a: Torkoal\n|turn|7\n|\n|t:|1700741772\n|move|p1a: Torkoal|Flamethrower|p2a: Landorus\n|-crit|p2a: Landorus\n|-damage|p2a: Landorus|0 fnt\n|faint|p2a: Landorus\n|move|p1b: Armarouge|Expanding Force|p2b: Rillaboom\n|-damage|p2b: Rillaboom|0 fnt\n|faint|p2b: Rillaboom\n|-damage|p1b: Armarouge|25\/100|[from] item: Life Orb\n|\n|win|Ytterby\n|raw|Ytterby's rating: 1353 &rarr; <strong>1368<\/strong><br \/>(+15 for winning)\n|raw|qiuqiuchan's rating: 1271 &rarr; <strong>1252<\/strong><br \/>(-19 for losing)\n|l|\u2606qiuqiuchan\n|c|\u2606Ytterby|ggwp\n","uploadtime":1700741791,"views":5,"p1id":"ytterby","p2id":"qiuqiuchan","formatid":"gen9vgc2023regulatione","rating":1252,"private":0,"password":""}