{"id":"gen9vgc2023regulatione-1997740865","p1":"Red18Champ","p2":"Meta Warriors","format":"[Gen 9] VGC 2023 Regulation E","log":"|j|\u2606Red18Champ\n|j|\u2606Meta Warriors\n|t:|1700847688\n|gametype|doubles\n|player|p1|Red18Champ|170|1138\n|player|p2|Meta Warriors|paulo-masters|1105\n|teamsize|p1|6\n|teamsize|p2|6\n|gen|9\n|tier|[Gen 9] VGC 2023 Regulation E\n|rated|\n|rule|Species Clause: Limit one of each Pok\u00e9mon\n|rule|Item Clause: Limit one of each item\n|clearpoke\n|poke|p1|Sinistcha, L50|\n|poke|p1|Urshifu-*, L50, F|\n|poke|p1|Kommo-o, L50, F|\n|poke|p1|Arcanine-Hisui, L50, F|\n|poke|p1|Iron Hands, L50|\n|poke|p1|Tornadus, L50, M|\n|poke|p2|Sneasler, L50, F|\n|poke|p2|Rillaboom, L50, F|\n|poke|p2|Urshifu-*, L50, F|\n|poke|p2|Tornadus, L50, M|\n|poke|p2|Brambleghast, L50, M|\n|poke|p2|Landorus-Therian, L50, M|\n|teampreview|4\n|inactive|Battle timer is ON: inactive players will automatically lose when time's up. (requested by Meta Warriors)\n|inactive|Red18Champ also wants the timer to be on.\nRed18Champ has agreed to open team sheets.\n|inactive|Red18Champ has 60 seconds left.\n|\n|t:|1700847722\n|start\n|switch|p1a: Kommo-o|Kommo-o, L50, F|100\/100\n|switch|p1b: Arcanine|Arcanine-Hisui, L50, F|100\/100\n|switch|p2a: Tornadus|Tornadus, L50, M|100\/100\n|switch|p2b: Landorus|Landorus-Therian, L50, M|100\/100\n|-ability|p1b: Arcanine|Intimidate|boost\n|-unboost|p2a: Tornadus|atk|1\n|-unboost|p2b: Landorus|atk|1\n|-ability|p2b: Landorus|Intimidate|boost\n|-unboost|p1a: Kommo-o|atk|1\n|-unboost|p1b: Arcanine|atk|1\n|turn|1\n|\n|t:|1700847743\n|-terastallize|p1a: Kommo-o|Steel\n|-terastallize|p2a: Tornadus|Steel\n|move|p2a: Tornadus|Tailwind|p2a: Tornadus\n|-sidestart|p2: Meta Warriors|move: Tailwind\n|move|p2b: Landorus|Earthquake|p1b: Arcanine|[spread] p2a,p1a,p1b\n|-supereffective|p2a: Tornadus\n|-supereffective|p1a: Kommo-o\n|-supereffective|p1b: Arcanine\n|-damage|p2a: Tornadus|25\/100\n|-damage|p1a: Kommo-o|47\/100\n|-damage|p1b: Arcanine|0 fnt\n|faint|p1b: Arcanine\n|move|p1a: Kommo-o|Clangorous Soul|p1a: Kommo-o\n|-boost|p1a: Kommo-o|atk|1\n|-boost|p1a: Kommo-o|def|1\n|-boost|p1a: Kommo-o|spa|1\n|-boost|p1a: Kommo-o|spd|1\n|-boost|p1a: Kommo-o|spe|1\n|-damage|p1a: Kommo-o|15\/100\n|-enditem|p1a: Kommo-o|Throat Spray\n|-boost|p1a: Kommo-o|spa|1|[from] item: Throat Spray\n|\n|upkeep\n|\n|t:|1700847753\n|switch|p1b: Sinistcha|Sinistcha, L50|100\/100\n|-heal|p1a: Kommo-o|39\/100|[from] ability: Hospitality|[of] p1b: Sinistcha\n|turn|2\n|\n|t:|1700847772\n|move|p2a: Tornadus|Protect|p2a: Tornadus\n|-singleturn|p2a: Tornadus|Protect\n|move|p1b: Sinistcha|Rage Powder|p1b: Sinistcha\n|-singleturn|p1b: Sinistcha|move: Rage Powder\n|move|p2b: Landorus|Earthquake|p1a: Kommo-o|[spread] p1a,p1b\n|-activate|p2a: Tornadus|move: Protect\n|-supereffective|p1a: Kommo-o\n|-resisted|p1b: Sinistcha\n|-damage|p1a: Kommo-o|3\/100\n|-damage|p1b: Sinistcha|90\/100\n|move|p1a: Kommo-o|Clanging Scales|p2a: Tornadus|[spread] p2b\n|-activate|p2a: Tornadus|move: Protect\n|-damage|p2b: Landorus|22\/100\n|-unboost|p1a: Kommo-o|def|1\n|\n|-heal|p2b: Landorus|28\/100|[from] item: Leftovers\n|upkeep\n|turn|3\n|\n|t:|1700847785\n|move|p1a: Kommo-o|Protect|p1a: Kommo-o\n|-singleturn|p1a: Kommo-o|Protect\n|move|p2a: Tornadus|Rain Dance|p2a: Tornadus\n|-weather|RainDance\n|move|p2b: Landorus|Earthquake|p1a: Kommo-o|[spread] p2a,p1b\n|-activate|p1a: Kommo-o|move: Protect\n|-supereffective|p2a: Tornadus\n|-resisted|p1b: Sinistcha\n|-damage|p2a: Tornadus|0 fnt\n|-damage|p1b: Sinistcha|81\/100\n|faint|p2a: Tornadus\n|move|p1b: Sinistcha|Matcha Gotcha|p2b: Landorus\n|-damage|p2b: Landorus|0 fnt\n|-heal|p1b: Sinistcha|95\/100|[from] drain|[of] p2b: Landorus\n|faint|p2b: Landorus\n|\n|-weather|RainDance|[upkeep]\n|upkeep\n|\n|t:|1700847791\n|switch|p2b: Rillaboom|Rillaboom, L50, F|100\/100\n|switch|p2a: Sneasler|Sneasler, L50, F|100\/100\n|-fieldstart|move: Grassy Terrain|[from] ability: Grassy Surge|[of] p2b: Rillaboom\n|-enditem|p2a: Sneasler|Grassy Seed\n|-boost|p2a: Sneasler|def|1|[from] item: Grassy Seed\n|turn|4\n|inactive|Red18Champ has 30 seconds left.\n|inactive|Red18Champ has 20 seconds left.\n|\n|t:|1700847828\n|move|p1a: Kommo-o|Protect|p1a: Kommo-o\n|-singleturn|p1a: Kommo-o|Protect\n|move|p2b: Rillaboom|Fake Out|p1a: Kommo-o\n|-activate|p1a: Kommo-o|move: Protect\n|move|p1b: Sinistcha|Rage Powder|p1b: Sinistcha\n|-singleturn|p1b: Sinistcha|move: Rage Powder\n|move|p2a: Sneasler|Dire Claw|p1b: Sinistcha\n|-damage|p1b: Sinistcha|62\/100\n|-status|p1b: Sinistcha|psn\n|\n|-weather|RainDance|[upkeep]\n|-heal|p1a: Kommo-o|9\/100|[from] Grassy Terrain\n|-heal|p1b: Sinistcha|68\/100 psn|[from] Grassy Terrain\n|-damage|p1b: Sinistcha|56\/100 psn|[from] psn\n|-sideend|p2: Meta Warriors|move: Tailwind\n|upkeep\n|turn|5\n|\n|t:|1700847852\n|switch|p1b: Urshifu|Urshifu-Rapid-Strike, L50, F|100\/100\n|move|p2b: Rillaboom|Grassy Glide|p1a: Kommo-o\n|-resisted|p1a: Kommo-o\n|-damage|p1a: Kommo-o|0 fnt\n|faint|p1a: Kommo-o\n|move|p2a: Sneasler|Acrobatics|p1b: Urshifu\n|-supereffective|p1b: Urshifu\n|-damage|p1b: Urshifu|15\/100\n|\n|-weather|RainDance|[upkeep]\n|-heal|p1b: Urshifu|20\/100|[from] Grassy Terrain\n|upkeep\n|\n|t:|1700847862\n|switch|p1a: Sinistcha|Sinistcha, L50|56\/100 psn\n|-heal|p1b: Urshifu|45\/100|[from] ability: Hospitality|[of] p1a: Sinistcha\n|turn|6\n|\n|t:|1700847876\n|move|p1a: Sinistcha|Rage Powder|p1a: Sinistcha\n|-singleturn|p1a: Sinistcha|move: Rage Powder\n|move|p2a: Sneasler|Acrobatics|p1a: Sinistcha\n|-supereffective|p1a: Sinistcha\n|-damage|p1a: Sinistcha|0 fnt\n|faint|p1a: Sinistcha\n|move|p1b: Urshifu|Surging Strikes|p2a: Sneasler\n|-crit|p2a: Sneasler\n|-damage|p2a: Sneasler|48\/100\n|-crit|p2a: Sneasler\n|-damage|p2a: Sneasler|0 fnt\n|faint|p2a: Sneasler\n|-hitcount|p2: Sneasler|2\n|move|p2b: Rillaboom|U-turn|p1b: Urshifu\n|-resisted|p1b: Urshifu\n|-damage|p1b: Urshifu|32\/100\n|\n|-weather|RainDance|[upkeep]\n|-heal|p1b: Urshifu|38\/100|[from] Grassy Terrain\n|upkeep\n|turn|7\n|\n|t:|1700847889\n|move|p2b: Rillaboom|Grassy Glide|p1b: Urshifu\n|-supereffective|p1b: Urshifu\n|-damage|p1b: Urshifu|0 fnt\n|faint|p1b: Urshifu\n|\n|win|Meta Warriors\n|raw|Red18Champ's rating: 1138 &rarr; <strong>1111<\/strong><br \/>(-27 for losing)\n|raw|Meta Warriors's rating: 1105 &rarr; <strong>1132<\/strong><br \/>(+27 for winning)\n|l|\u2606Red18Champ\n|c|\u2606Meta Warriors|gg\n","uploadtime":1700847895,"views":0,"p1id":"red18champ","p2id":"metawarriors","formatid":"gen9vgc2023regulatione","rating":1111,"private":0,"password":""}