{"id":"gen9vgc2023regulatione-1994309289","p1":"Osprey11","p2":"Pink_SSB","format":"[Gen 9] VGC 2023 Regulation E","log":"|j|\u2606Osprey11\n|j|\u2606Pink_SSB\n|n|\u2606Osprey11|osprey11\n|n|\u2606Pink_SSB|pinkssb\n|html|View the match progress at <a href=\"\/game-bestof3-gen9vgc2023regulatione-1994298543\">game-bestof3-gen9vgc2023regulatione-1994298543<\/a>\n|t:|1700429581\n|gametype|doubles\n|player|p1|Osprey11|101|\n|player|p2|Pink_SSB|1|\n|teamsize|p1|6\n|teamsize|p2|6\n|gen|9\n|tier|[Gen 9] VGC 2023 Regulation E\n|rule|Species Clause: Limit one of each Pok\u00e9mon\n|rule|Item Clause: Limit one of each item\n|clearpoke\n|poke|p1|Moltres-Galar, L50|\n|poke|p1|Sinistcha, L50|\n|poke|p1|Iron Hands, L50|\n|poke|p1|Ogerpon-Wellspring, L50, F|\n|poke|p1|Arcanine-Hisui, L50, M|\n|poke|p1|Tornadus, L50, M|\n|poke|p2|Eiscue, L50, F|\n|poke|p2|Iron Hands, L50|\n|poke|p2|Sinistcha, L50|\n|poke|p2|Landorus-Therian, L50, M|\n|poke|p2|Heatran, L50, F|\n|poke|p2|Flutter Mane, L50|\n|teampreview|4\n|\n|t:|1700429604\n|start\n|switch|p1a: Moltres|Moltres-Galar, L50|100\/100\n|switch|p1b: Iron Hands|Iron Hands, L50|100\/100\n|switch|p2a: Brian's Sippy Cup|Sinistcha, L50|100\/100\n|switch|p2b: Uncle Lando|Landorus-Therian, L50, M|100\/100\n|-ability|p2b: Uncle Lando|Intimidate|boost\n|-unboost|p1a: Moltres|atk|1\n|-unboost|p1b: Iron Hands|atk|1\n|turn|1\n|inactive|Battle timer is ON: inactive players will automatically lose when time's up. (requested by Pink_SSB)\n|\n|t:|1700429623\n|move|p2b: Uncle Lando|Rock Slide|p1a: Moltres|[spread] p1a,p1b\n|-supereffective|p1a: Moltres\n|-crit|p1a: Moltres\n|-resisted|p1b: Iron Hands\n|-damage|p1a: Moltres|53\/100\n|-damage|p1b: Iron Hands|93\/100\n|move|p1a: Moltres|Nasty Plot|p1a: Moltres\n|-boost|p1a: Moltres|spa|2\n|move|p1b: Iron Hands|Heavy Slam|p2a: Brian's Sippy Cup\n|-damage|p2a: Brian's Sippy Cup|74\/100\n|-damage|p1b: Iron Hands|77\/100|[from] item: Rocky Helmet|[of] p2a: Brian's Sippy Cup\n|move|p2a: Brian's Sippy Cup|Trick Room|p2a: Brian's Sippy Cup\n|-fieldstart|move: Trick Room|[of] p2a: Brian's Sippy Cup\n|\n|-heal|p1a: Moltres|59\/100|[from] item: Leftovers\n|upkeep\n|turn|2\n|\n|t:|1700429645\n|-end|p1b: Iron Hands|Quark Drive|[silent]\n|switch|p1b: Sinistcha|Sinistcha, L50|100\/100\n|-heal|p1a: Moltres|84\/100|[from] ability: Hospitality|[of] p1b: Sinistcha\n|switch|p2a: Brian Hands|Iron Hands, L50|100\/100\n|switch|p2b: Tera-Ass|Heatran, L50, F|100\/100\n|move|p1a: Moltres|Fiery Wrath|p2b: Tera-Ass|[spread] p2a,p2b\n|-resisted|p2a: Brian Hands\n|-damage|p2a: Brian Hands|87\/100\n|-damage|p2b: Tera-Ass|58\/100\n|\n|-heal|p2b: Tera-Ass|64\/100|[from] item: Leftovers\n|-heal|p1a: Moltres|90\/100|[from] item: Leftovers\n|upkeep\n|turn|3\n|\n|t:|1700429661\n|switch|p1b: Iron Hands|Iron Hands, L50|77\/100\n|move|p1a: Moltres|Protect|p1a: Moltres\n|-singleturn|p1a: Moltres|Protect\n|move|p2a: Brian Hands|Wild Charge|p1a: Moltres\n|-activate|p1a: Moltres|move: Protect\n|move|p2b: Tera-Ass|Heat Wave|p1b: Iron Hands|[spread] p1b\n|-activate|p1a: Moltres|move: Protect\n|-damage|p1b: Iron Hands|58\/100\n|\n|-heal|p2b: Tera-Ass|70\/100|[from] item: Leftovers\n|-heal|p1a: Moltres|96\/100|[from] item: Leftovers\n|upkeep\n|turn|4\n|\n|t:|1700429682\n|-end|p2a: Brian Hands|Quark Drive|[silent]\n|switch|p2a: Brian's Sippy Cup|Sinistcha, L50|74\/100\n|-heal|p2b: Tera-Ass|95\/100|[from] ability: Hospitality|[of] p2a: Brian's Sippy Cup\n|move|p2b: Tera-Ass|Protect|p2b: Tera-Ass\n|-singleturn|p2b: Tera-Ass|Protect\n|move|p1b: Iron Hands|Fake Out|p2a: Brian's Sippy Cup\n|-immune|p2a: Brian's Sippy Cup\n|move|p1a: Moltres|Fiery Wrath|p2a: Brian's Sippy Cup|[spread] p2a\n|-activate|p2b: Tera-Ass|move: Protect\n|-supereffective|p2a: Brian's Sippy Cup\n|-damage|p2a: Brian's Sippy Cup|0 fnt\n|faint|p2a: Brian's Sippy Cup\n|\n|-heal|p2b: Tera-Ass|100\/100|[from] item: Leftovers\n|-heal|p1a: Moltres|100\/100|[from] item: Leftovers\n|upkeep\n|\n|t:|1700429688\n|switch|p2a: Brian Hands|Iron Hands, L50|87\/100\n|turn|5\n|\n|t:|1700429709\n|move|p2a: Brian Hands|Fake Out|p1b: Iron Hands\n|-damage|p1b: Iron Hands|47\/100\n|cant|p1b: Iron Hands|flinch\n|move|p2b: Tera-Ass|Heat Wave|p1a: Moltres|[spread] p1a,p1b\n|-damage|p1a: Moltres|70\/100\n|-damage|p1b: Iron Hands|28\/100\n|move|p1a: Moltres|Fiery Wrath|p2b: Tera-Ass|[spread] p2a,p2b\n|-resisted|p2a: Brian Hands\n|-damage|p2a: Brian Hands|74\/100\n|-damage|p2b: Tera-Ass|53\/100\n|\n|-heal|p2b: Tera-Ass|59\/100|[from] item: Leftovers\n|-heal|p1a: Moltres|76\/100|[from] item: Leftovers\n|-fieldend|move: Trick Room\n|upkeep\n|turn|6\n|\n|t:|1700429725\n|-end|p1b: Iron Hands|Quark Drive|[silent]\n|switch|p1b: Arcanine|Arcanine-Hisui, L50, M|100\/100\n|-ability|p1b: Arcanine|Intimidate|boost\n|-unboost|p2a: Brian Hands|atk|1\n|-unboost|p2b: Tera-Ass|atk|1\n|move|p2b: Tera-Ass|Protect|p2b: Tera-Ass\n|-singleturn|p2b: Tera-Ass|Protect\n|move|p1a: Moltres|Fiery Wrath|p2b: Tera-Ass|[spread] p2a\n|-activate|p2b: Tera-Ass|move: Protect\n|-resisted|p2a: Brian Hands\n|-damage|p2a: Brian Hands|60\/100\n|move|p2a: Brian Hands|Drain Punch|p1b: Arcanine\n|-supereffective|p1b: Arcanine\n|-damage|p1b: Arcanine|52\/100\n|-heal|p2a: Brian Hands|80\/100|[from] drain|[of] p1b: Arcanine\n|\n|-heal|p1a: Moltres|82\/100|[from] item: Leftovers\n|-heal|p2b: Tera-Ass|65\/100|[from] item: Leftovers\n|upkeep\n|turn|7\n|inactive|Pink_SSB has 30 seconds left.\n|\n|t:|1700429759\n|move|p1b: Arcanine|Will-O-Wisp|p2a: Brian Hands\n|-status|p2a: Brian Hands|brn\n|move|p1a: Moltres|Fiery Wrath|p2a: Brian Hands|[spread] p2a,p2b\n|-resisted|p2a: Brian Hands\n|-crit|p2b: Tera-Ass\n|-damage|p2a: Brian Hands|67\/100 brn\n|-damage|p2b: Tera-Ass|4\/100\n|move|p2b: Tera-Ass|Heat Wave|p1a: Moltres|[spread] p1a,p1b\n|-resisted|p1b: Arcanine\n|-damage|p1a: Moltres|54\/100\n|-damage|p1b: Arcanine|43\/100\n|-enditem|p1b: Arcanine|Sitrus Berry|[eat]\n|-heal|p1b: Arcanine|68\/100|[from] item: Sitrus Berry\n|move|p2a: Brian Hands|Wild Charge|p1a: Moltres\n|-supereffective|p1a: Moltres\n|-damage|p1a: Moltres|28\/100\n|-damage|p2a: Brian Hands|62\/100 brn|[from] Recoil\n|-ability|p1a: Moltres|Berserk|boost\n|-boost|p1a: Moltres|spa|1\n|\n|-heal|p1a: Moltres|35\/100|[from] item: Leftovers\n|-heal|p2b: Tera-Ass|10\/100|[from] item: Leftovers\n|-damage|p2a: Brian Hands|56\/100 brn|[from] brn\n|upkeep\n|turn|8\n|\n|t:|1700429781\n|switch|p1b: Sinistcha|Sinistcha, L50|100\/100\n|-heal|p1a: Moltres|59\/100|[from] ability: Hospitality|[of] p1b: Sinistcha\n|move|p2b: Tera-Ass|Protect|p2b: Tera-Ass\n|-singleturn|p2b: Tera-Ass|Protect\n|move|p1a: Moltres|Fiery Wrath|p2b: Tera-Ass|[spread] p2a\n|-activate|p2b: Tera-Ass|move: Protect\n|-resisted|p2a: Brian Hands\n|-damage|p2a: Brian Hands|38\/100 brn\n|move|p2a: Brian Hands|Drain Punch|p1b: Sinistcha\n|-immune|p1b: Sinistcha\n|\n|-heal|p1a: Moltres|65\/100|[from] item: Leftovers\n|-heal|p2b: Tera-Ass|16\/100|[from] item: Leftovers\n|-damage|p2a: Brian Hands|32\/100 brn|[from] brn\n|upkeep\n|turn|9\n|\n|t:|1700429802\n|move|p1b: Sinistcha|Rage Powder|p1b: Sinistcha\n|-singleturn|p1b: Sinistcha|move: Rage Powder\n|move|p1a: Moltres|Fiery Wrath|p2b: Tera-Ass|[spread] p2a,p2b\n|-resisted|p2a: Brian Hands\n|-damage|p2a: Brian Hands|17\/100 brn\n|-damage|p2b: Tera-Ass|0 fnt\n|faint|p2b: Tera-Ass\n|move|p2a: Brian Hands|Wild Charge|p1b: Sinistcha\n|-resisted|p1b: Sinistcha\n|-damage|p1b: Sinistcha|92\/100\n|-damage|p2a: Brian Hands|15\/100 brn|[from] Recoil\n|\n|-heal|p1a: Moltres|72\/100|[from] item: Leftovers\n|-damage|p2a: Brian Hands|9\/100 brn|[from] brn\n|upkeep\n|\n|t:|1700429806\n|switch|p2b: Uncle Lando|Landorus-Therian, L50, M|100\/100\n|-ability|p2b: Uncle Lando|Intimidate|boost\n|-unboost|p1a: Moltres|atk|1\n|-unboost|p1b: Sinistcha|atk|1\n|turn|10\n|\n|t:|1700429819\n|-terastallize|p2b: Uncle Lando|Flying\n|move|p2b: Uncle Lando|Tera Blast|p1a: Moltres|[anim] Tera Blast Flying\n|-damage|p1a: Moltres|26\/100\n|-ability|p1a: Moltres|Berserk|boost\n|-boost|p1a: Moltres|spa|1\n|move|p1a: Moltres|Fiery Wrath|p2a: Brian Hands|[spread] p2a,p2b\n|-resisted|p2a: Brian Hands\n|-damage|p2a: Brian Hands|0 fnt\n|-damage|p2b: Uncle Lando|5\/100\n|faint|p2a: Brian Hands\n|-end|p2a: Brian Hands|Quark Drive|[silent]\n|move|p1b: Sinistcha|Trick Room|p1b: Sinistcha\n|-fieldstart|move: Trick Room|[of] p1b: Sinistcha\n|\n|-heal|p1a: Moltres|32\/100|[from] item: Leftovers\n|upkeep\n|turn|11\n|-message|Pink_SSB forfeited.\n|\n|win|Osprey11\n|l|\u2606Pink_SSB\n","uploadtime":1700429843,"views":5,"p1id":"osprey11","p2id":"pinkssb","formatid":"gen9vgc2023regulatione","rating":0,"private":0,"password":""}