{"id":"gen9vgc2023regulatione-1998493585","p1":"jimminy\/0","p2":"LadyTetra777","format":"[Gen 9] VGC 2023 Regulation E","log":"|j|\u2606jimminy\/0\n|j|\u2606LadyTetra777\n|t:|1700948591\n|gametype|doubles\n|player|p1|jimminy\/0|266|1038\n|player|p2|LadyTetra777|clair|1047\n|teamsize|p1|6\n|teamsize|p2|6\n|gen|9\n|tier|[Gen 9] VGC 2023 Regulation E\n|rated|\n|rule|Species Clause: Limit one of each Pok\u00e9mon\n|rule|Item Clause: Limit one of each item\n|clearpoke\n|poke|p1|Charizard, L50, M|\n|poke|p1|Flutter Mane, L50|\n|poke|p1|Iron Bundle, L50|\n|poke|p1|Torkoal, L50, M|\n|poke|p1|Rillaboom, L50, F|\n|poke|p1|Iron Hands, L50|\n|poke|p2|Roaring Moon, L50|\n|poke|p2|Weezing, L50, F|\n|poke|p2|Arcanine-Hisui, L50, M|\n|poke|p2|Urshifu-*, L50, M|\n|poke|p2|Iron Hands, L50|\n|poke|p2|Flutter Mane, L50|\n|teampreview|4\njimminy\/0 has agreed to open team sheets.\nLadyTetra777 has agreed to open team sheets.\n|\n|t:|1700948656\n|start\n|switch|p1a: Flutter Mane|Flutter Mane, L50|100\/100\n|switch|p1b: Charizard|Charizard, L50, M|100\/100\n|switch|p2a: Roaring Moon|Roaring Moon, L50|100\/100\n|switch|p2b: Weezing|Weezing, L50, F|100\/100\n|-ability|p2b: Weezing|Neutralizing Gas\n|-enditem|p2a: Roaring Moon|Booster Energy\n|-activate|p2a: Roaring Moon|ability: Protosynthesis|[fromitem]\n|-start|p2a: Roaring Moon|protosynthesisatk\n|turn|1\n|c|\u2606LadyTetra777|good luck :)\n|c|\u2606jimminy\/0|i'm losing but thanks\n|\n|t:|1700948709\n|move|p2a: Roaring Moon|Knock Off|p1a: Flutter Mane\n|-enditem|p1a: Flutter Mane|Focus Sash\n|-damage|p1a: Flutter Mane|1\/100\n|move|p1b: Charizard|Heat Wave|p2b: Weezing|[spread] p2a,p2b\n|-resisted|p2a: Roaring Moon\n|-damage|p2a: Roaring Moon|79\/100\n|-damage|p2b: Weezing|61\/100\n|-damage|p1b: Charizard|91\/100|[from] item: Life Orb\n|move|p1a: Flutter Mane|Moonblast|p2a: Roaring Moon\n|-supereffective|p2a: Roaring Moon\n|-damage|p2a: Roaring Moon|0 fnt\n|faint|p2a: Roaring Moon\n|-end|p2a: Roaring Moon|Protosynthesis|[silent]\n|move|p2b: Weezing|Sludge Bomb|p1b: Charizard\n|-damage|p1b: Charizard|51\/100\n|\n|-heal|p2b: Weezing|67\/100|[from] item: Black Sludge\n|upkeep\n|c|\u2606jimminy\/0|my evs are bad\n|\n|t:|1700948725\n|switch|p2a: Arcanine|Arcanine-Hisui, L50, M|100\/100\n|-ability|p2a: Arcanine|Intimidate|boost\n|-unboost|p1a: Flutter Mane|atk|1\n|-unboost|p1b: Charizard|atk|1\n|turn|2\n|\n|t:|1700948741\n|-end|p1a: Flutter Mane|Protosynthesis|[silent]\n|switch|p1a: Iron Bundle|Iron Bundle, L50|100\/100\n|-enditem|p1a: Iron Bundle|Booster Energy\n|-activate|p1a: Iron Bundle|ability: Quark Drive|[fromitem]\n|-start|p1a: Iron Bundle|quarkdrivespe\n|move|p1b: Charizard|Protect|p1b: Charizard\n|-singleturn|p1b: Charizard|Protect\n|move|p2b: Weezing|Protect|p2b: Weezing\n|-singleturn|p2b: Weezing|Protect\n|move|p2a: Arcanine|Rock Slide|p1b: Charizard|[spread] p1a\n|-activate|p1b: Charizard|move: Protect\n|-supereffective|p1a: Iron Bundle\n|-damage|p1a: Iron Bundle|40\/100\n|\n|-heal|p2b: Weezing|73\/100|[from] item: Black Sludge\n|upkeep\n|turn|3\n|\n|t:|1700948789\n|switch|p2a: Iron Hands|Iron Hands, L50|100\/100\n|move|p1a: Iron Bundle|Freeze-Dry|p2a: Iron Hands\n|-damage|p2a: Iron Hands|79\/100\n|move|p1b: Charizard|Heat Wave|p2a: Iron Hands|[spread] p2a,p2b\n|-damage|p2a: Iron Hands|54\/100\n|-damage|p2b: Weezing|32\/100\n|-damage|p1b: Charizard|41\/100|[from] item: Life Orb\n|move|p2b: Weezing|Sludge Bomb|p1b: Charizard\n|-damage|p1b: Charizard|3\/100\n|\n|-heal|p2b: Weezing|38\/100|[from] item: Black Sludge\n|upkeep\n|turn|4\n|\n|t:|1700948847\n|-end|p1a: Iron Bundle|Quark Drive|[silent]\n|switch|p1a: Torkoal|Torkoal, L50, M|100\/100\n|-end|p2a: Iron Hands|Quark Drive|[silent]\n|switch|p2a: Arcanine|Arcanine-Hisui, L50, M|100\/100\n|-ability|p2a: Arcanine|Intimidate|boost\n|-unboost|p1a: Torkoal|atk|1\n|-unboost|p1b: Charizard|atk|1\n|-terastallize|p1b: Charizard|Ghost\n|move|p2b: Weezing|Protect|p2b: Weezing\n|-singleturn|p2b: Weezing|Protect\n|move|p1b: Charizard|Heat Wave|p2a: Arcanine|[spread] \n|-activate|p2b: Weezing|move: Protect\n|-miss|p1b: Charizard|p2a: Arcanine\n|\n|-heal|p2b: Weezing|44\/100|[from] item: Black Sludge\n|upkeep\n|turn|5\n|\n|t:|1700948871\n|-terastallize|p2a: Arcanine|Fairy\n|move|p1b: Charizard|Dragon Pulse|p2a: Arcanine\n|-immune|p2a: Arcanine\n|move|p2a: Arcanine|Rock Slide|p1a: Torkoal|[spread] p1a,p1b\n|-supereffective|p1a: Torkoal\n|-crit|p1b: Charizard\n|-damage|p1a: Torkoal|59\/100\n|-damage|p1b: Charizard|0 fnt\n|faint|p1b: Charizard\n|move|p2b: Weezing|Sludge Bomb|p1a: Torkoal\n|-damage|p1a: Torkoal|21\/100\n|cant|p1a: Torkoal|flinch\n|\n|-heal|p2b: Weezing|49\/100|[from] item: Black Sludge\n|upkeep\n|\n|t:|1700948886\n|switch|p1b: Iron Bundle|Iron Bundle, L50|40\/100\n|turn|6\n|\n|t:|1700948909\n|move|p2b: Weezing|Protect|p2b: Weezing\n|-singleturn|p2b: Weezing|Protect\n|move|p1b: Iron Bundle|Hydro Pump|p2a: Arcanine|[miss]\n|-miss|p1b: Iron Bundle|p2a: Arcanine\n|move|p2a: Arcanine|Rock Slide|p1b: Iron Bundle|[spread] p1a,p1b\n|-supereffective|p1a: Torkoal\n|-supereffective|p1b: Iron Bundle\n|-damage|p1a: Torkoal|0 fnt\n|-damage|p1b: Iron Bundle|0 fnt\n|faint|p1a: Torkoal\n|faint|p1b: Iron Bundle\n|-end|p1b: Iron Bundle|Quark Drive|[silent]\n|\n|-heal|p2b: Weezing|55\/100|[from] item: Black Sludge\n|upkeep\n|-message|jimminy\/0 forfeited.\n|\n|win|LadyTetra777\n|raw|jimminy&#x2f;0's rating: 1038 &rarr; <strong>1023<\/strong><br \/>(-15 for losing)\n|raw|LadyTetra777's rating: 1047 &rarr; <strong>1079<\/strong><br \/>(+32 for winning)\n|l|\u2606jimminy\/0\n","uploadtime":1700948936,"views":38,"p1id":"jimminy0","p2id":"ladytetra777","formatid":"gen9vgc2023regulatione","rating":1023,"private":0,"password":""}