{"id":"gen9vgc2023regulatione-1990953131","p1":"ironknuckle23","p2":"NovaSirius","format":"[Gen 9] VGC 2023 Regulation E","log":"|j|\u2606ironknuckle23\n|j|\u203dNovaSirius\n|n|\u2606ironknuckle23|ironknuckle23\n|n|\u203dNovaSirius|novasirius\n|html|View the match progress at <a href=\"\/game-bestof3-gen9vgc2023regulatione-1990953130\">game-bestof3-gen9vgc2023regulatione-1990953130<\/a>\n|t:|1700019145\n|gametype|doubles\n|player|p1|ironknuckle23|2|\n|player|p2|NovaSirius|clair|\n|teamsize|p1|6\n|teamsize|p2|6\n|gen|9\n|tier|[Gen 9] VGC 2023 Regulation E\n|rule|Species Clause: Limit one of each Pok\u00e9mon\n|rule|Item Clause: Limit one of each item\n|clearpoke\n|poke|p1|Flutter Mane, L50|\n|poke|p1|Roaring Moon, L50|\n|poke|p1|Clefairy, L50, M|\n|poke|p1|Lumineon, L50, F|\n|poke|p1|Rotom-Mow, L50|\n|poke|p1|Moltres, L50|\n|poke|p2|Munkidori, L50, M|\n|poke|p2|Pincurchin, L50, M|\n|poke|p2|Iron Bundle, L50|\n|poke|p2|Iron Valiant, L50|\n|poke|p2|Krookodile, L50, F|\n|poke|p2|Amoonguss, L50, F|\n|teampreview|4\nironknuckle23 rejected open team sheets.\n|c|\u2606ironknuckle23|hey hey!\n|c|\u2606ironknuckle23|gl hf!\n|j| matthewssandslash\n|j| Memes4.0\n|c|\u2606ironknuckle23|I seriously have very little idea what the monkey does\n|l| matthewssandslash\n|j| matthewssandslash\n|c| matthewssandslash|GL HF\n|c| Memes4.0|It does monke things\n|c| Memes4.0|Hope that helps\n|\n|t:|1700019267\n|start\n|switch|p1a: Flutter Mane|Flutter Mane, L50|100\/100\n|switch|p1b: Roaring Moon|Roaring Moon, L50|100\/100\n|switch|p2a: Munkidori|Munkidori, L50, M|100\/100\n|switch|p2b: Pincurchin|Pincurchin, L50, M|100\/100\n|-item|p1a: Flutter Mane|Booster Energy|[from] ability: Frisk|[of] p2a: Munkidori|[identify]\n|-item|p1b: Roaring Moon|Clear Amulet|[from] ability: Frisk|[of] p2a: Munkidori|[identify]\n|-fieldstart|move: Electric Terrain|[from] ability: Electric Surge|[of] p2b: Pincurchin\n|-enditem|p1a: Flutter Mane|Booster Energy\n|-activate|p1a: Flutter Mane|ability: Protosynthesis|[fromitem]\n|-start|p1a: Flutter Mane|protosynthesisspa\n|turn|1\n|\n|t:|1700019302\n|move|p1b: Roaring Moon|Protect|p1b: Roaring Moon\n|-singleturn|p1b: Roaring Moon|Protect\n|move|p2a: Munkidori|Fake Out|p1b: Roaring Moon\n|-activate|p1b: Roaring Moon|move: Protect\n|move|p1a: Flutter Mane|Dazzling Gleam|p2b: Pincurchin|[spread] p2a,p2b\n|-resisted|p2a: Munkidori\n|-damage|p2a: Munkidori|76\/100\n|-damage|p2b: Pincurchin|44\/100\n|move|p2b: Pincurchin|Thunder Wave|p1a: Flutter Mane\n|-status|p1a: Flutter Mane|par\n|\n|upkeep\n|turn|2\n|\n|t:|1700019330\n|move|p1b: Roaring Moon|Knock Off|p2a: Munkidori\n|-supereffective|p2a: Munkidori\n|-damage|p2a: Munkidori|0 fnt\n|-enditem|p2a: Munkidori|Covert Cloak|[from] move: Knock Off|[of] p1b: Roaring Moon\n|faint|p2a: Munkidori\n|move|p1a: Flutter Mane|Dazzling Gleam|p2b: Pincurchin\n|-damage|p2b: Pincurchin|0 fnt\n|faint|p2b: Pincurchin\n|\n|upkeep\n|\n|t:|1700019337\n|switch|p2a: Iron Bundle|Iron Bundle, L50|100\/100\n|switch|p2b: Iron Valiant|Iron Valiant, L50|100\/100\n|-activate|p2b: Iron Valiant|ability: Quark Drive\n|-start|p2b: Iron Valiant|quarkdrivespe\n|-activate|p2a: Iron Bundle|ability: Quark Drive\n|-start|p2a: Iron Bundle|quarkdrivespe\n|turn|3\n|\n|t:|1700019355\n|-terastallize|p2b: Iron Valiant|Steel\n|move|p1b: Roaring Moon|Protect|p1b: Roaring Moon\n|-singleturn|p1b: Roaring Moon|Protect\n|move|p2b: Iron Valiant|Tera Blast|p1a: Flutter Mane|[anim] Tera Blast Steel\n|-supereffective|p1a: Flutter Mane\n|-damage|p1a: Flutter Mane|0 fnt\n|faint|p1a: Flutter Mane\n|-end|p1a: Flutter Mane|Protosynthesis|[silent]\n|move|p2a: Iron Bundle|Ice Beam|p1b: Roaring Moon\n|-activate|p1b: Roaring Moon|move: Protect\n|\n|upkeep\n|\n|t:|1700019376\n|switch|p1a: Moltres|Moltres, L50, shiny|100\/100\n|turn|4\n|\n|t:|1700019387\n|-end|p1b: Roaring Moon|Protosynthesis|[silent]\n|switch|p1b: Lumineon|Lumineon, L50, F|100\/100\n|move|p2b: Iron Valiant|Tera Blast|p1b: Lumineon|[anim] Tera Blast Steel\n|-resisted|p1b: Lumineon\n|-damage|p1b: Lumineon|81\/100\n|move|p2a: Iron Bundle|Hydro Pump|p1b: Lumineon\n|-activate|p1b: Lumineon|ability: Storm Drain\n|-ability|p1b: Lumineon|Storm Drain|boost\n|-boost|p1b: Lumineon|spa|1\n|move|p1a: Moltres|Heat Wave|p2a: Iron Bundle|[spread] p2b\n|-miss|p1a: Moltres|p2a: Iron Bundle\n|-supereffective|p2b: Iron Valiant\n|-damage|p2b: Iron Valiant|0 fnt\n|faint|p2b: Iron Valiant\n|-end|p2b: Iron Valiant|Quark Drive|[silent]\n|\n|upkeep\n|turn|5\n|c| matthewssandslash|Insane play\n|\n|t:|1700019426\n|move|p1b: Lumineon|Helping Hand|p1a: Moltres\n|-singleturn|p1a: Moltres|Helping Hand|[of] p1b: Lumineon\n|move|p2a: Iron Bundle|Ice Beam|p1a: Moltres\n|-damage|p1a: Moltres|64\/100\n|-damage|p2a: Iron Bundle|91\/100|[from] item: Life Orb\n|move|p1a: Moltres|Ancient Power|p2a: Iron Bundle\n|-supereffective|p2a: Iron Bundle\n|-damage|p2a: Iron Bundle|0 fnt\n|faint|p2a: Iron Bundle\n|-end|p2a: Iron Bundle|Quark Drive|[silent]\n|\n|win|ironknuckle23\n|inactive|ironknuckle23 has 50 seconds to confirm battle start!\n|inactive|NovaSirius has 50 seconds to confirm battle start!\n|c|&|\/uhtml prompt-novasirius,NovaSirius is ready for game 2!\n|c|\u2606ironknuckle23|gg!\n|c|&|\/uhtml prompt-ironknuckle23,ironknuckle23 is ready for game 2!\nBoth players are ready! Starting next match!\n|l|\u203dNovaSirius\n|l| Memes4.0\n|l|\u2606ironknuckle23\n","uploadtime":1700021135,"views":37,"p1id":"ironknuckle23","p2id":"novasirius","formatid":"gen9vgc2023regulatione","rating":0,"private":0,"password":""}