{"id":"gen9vgc2023regulatione-1995976443","p1":"SupaJello","p2":"slugma the god","format":"[Gen 9] VGC 2023 Regulation E","log":"|j|\u2606SupaJello\n|j|\u2606slugma the god\n|t:|1700624307\n|gametype|doubles\n|player|p1|SupaJello|hilbert|\n|player|p2|slugma the god|2|\n|teamsize|p1|6\n|teamsize|p2|6\n|gen|9\n|tier|[Gen 9] VGC 2023 Regulation E\n|rated|Tournament battle\n|rule|Species Clause: Limit one of each Pok\u00e9mon\n|rule|Item Clause: Limit one of each item\n|clearpoke\n|poke|p1|Ursaluna-Bloodmoon, L50, M|\n|poke|p1|Dusclops, L50, F|\n|poke|p1|Iron Hands, L50|\n|poke|p1|Landorus-Therian, L50, M|\n|poke|p1|Amoonguss, L50, M|\n|poke|p1|Chien-Pao, L50|\n|poke|p2|Sneasler, L50, M|\n|poke|p2|Rillaboom, L50, F|\n|poke|p2|Ogerpon-Hearthflame, L50, F|\n|poke|p2|Okidogi, L50, M|\n|poke|p2|Landorus-Therian, L50, M|\n|poke|p2|Flutter Mane, L50|\n|teampreview|4\n|showteam|p1|Ursaluna-Bloodmoon||ThroatSpray|MindsEye|HyperVoice,Protect,BloodMoon,EarthPower|||M|||50|,,,,,Dragon]Dusclops||Eviolite|Pressure|TrickRoom,WillOWisp,NightShade,PainSplit|||F|||50|,,,,,Dark]Iron Hands||AssaultVest|QuarkDrive|DrainPunch,FakeOut,HeavySlam,WildCharge||||||50|,,,,,Water]Landorus-Therian||ChoiceScarf|Intimidate|TeraBlast,StompingTantrum,RockSlide,Uturn|||M|||50|,,,,,Flying]Amoonguss||MentalHerb|Regenerator|Spore,RagePowder,PollenPuff,LeafStorm|||M|||50|,,,,,Water]Chien-Pao||FocusSash|SwordofRuin|Protect,IcicleCrash,Crunch,SacredSword||||||50|,,,,,Ghost\n|showteam|p2|Sneasler||GrassySeed|Unburden|DireClaw,SwordsDance,CloseCombat,Acrobatics|||M|||50|,,,,,Flying]Rillaboom||AssaultVest|GrassySurge|GrassyGlide,HighHorsepower,Uturn,FakeOut|||F|||50|,,,,,Grass]Ogerpon-Hearthflame||HearthflameMask|MoldBreaker|SwordsDance,GrassyGlide,IvyCudgel,SpikyShield|||F|||50|,,,,,Fire]Okidogi||RockyHelmet|ToxicChain|Snarl,Taunt,GunkShot,CloseCombat|||M|||50|,,,,,Poison]Landorus-Therian||ChoiceBand|Intimidate|Uturn,Earthquake,Crunch,StoneEdge|||M|||50|,,,,,Ground]Flutter Mane||BoosterEnergy|Protosynthesis|Hex,DazzlingGleam,EnergyBall,Protect||||||50|,,,,,Ghost\n|inactive|Battle timer is ON: inactive players will automatically lose when time's up. (requested by SupaJello)\n|inactive|slugma the god also wants the timer to be on.\n|j| moonybunny\n|j| kdnsjfq\n|\n|t:|1700624335\n|start\n|switch|p1a: Dusclops|Dusclops, L50, F|100\/100\n|switch|p1b: Landorus|Landorus-Therian, L50, M|100\/100\n|switch|p2a: Sneasler|Sneasler, L50, M|100\/100\n|switch|p2b: Rillaboom|Rillaboom, L50, F|100\/100\n|-ability|p1b: Landorus|Intimidate|boost\n|-unboost|p2a: Sneasler|atk|1\n|-unboost|p2b: Rillaboom|atk|1\n|-fieldstart|move: Grassy Terrain|[from] ability: Grassy Surge|[of] p2b: Rillaboom\n|-enditem|p2a: Sneasler|Grassy Seed\n|-boost|p2a: Sneasler|def|1|[from] item: Grassy Seed\n|-ability|p1a: Dusclops|Pressure\n|turn|1\n|\n|t:|1700624353\n|-terastallize|p2a: Sneasler|Flying\n|move|p2b: Rillaboom|Fake Out|p1b: Landorus\n|-damage|p1b: Landorus|88\/100\n|move|p2a: Sneasler|Swords Dance|p2a: Sneasler\n|-boost|p2a: Sneasler|atk|2\n|cant|p1b: Landorus|flinch\n|move|p1a: Dusclops|Trick Room|p1a: Dusclops\n|-fieldstart|move: Trick Room|[of] p1a: Dusclops\n|\n|upkeep\n|turn|2\n|\n|t:|1700624371\n|move|p2b: Rillaboom|Grassy Glide|p1b: Landorus\n|-damage|p1b: Landorus|59\/100\n|move|p1a: Dusclops|Will-O-Wisp|p2a: Sneasler\n|-status|p2a: Sneasler|brn\n|move|p1b: Landorus|U-turn|p2b: Rillaboom\n|-supereffective|p2b: Rillaboom\n|-damage|p2b: Rillaboom|47\/100\n|\n|t:|1700624380\n|switch|p1b: Iron Hands|Iron Hands, L50|100\/100|[from] U-turn\n|move|p2a: Sneasler|Acrobatics|p1a: Dusclops\n|-damage|p1a: Dusclops|73\/100\n|\n|-heal|p1a: Dusclops|79\/100|[from] Grassy Terrain\n|-heal|p2b: Rillaboom|53\/100|[from] Grassy Terrain\n|-damage|p2a: Sneasler|95\/100 brn|[from] brn\n|upkeep\n|turn|3\n|\n|t:|1700624392\n|move|p1b: Iron Hands|Fake Out|p2a: Sneasler\n|-damage|p2a: Sneasler|77\/100 brn\n|move|p2b: Rillaboom|Grassy Glide|p1a: Dusclops\n|-damage|p1a: Dusclops|63\/100\n|move|p1a: Dusclops|Will-O-Wisp|p2b: Rillaboom\n|-status|p2b: Rillaboom|brn\n|cant|p2a: Sneasler|flinch\n|\n|-heal|p1a: Dusclops|69\/100|[from] Grassy Terrain\n|-heal|p2b: Rillaboom|59\/100 brn|[from] Grassy Terrain\n|-damage|p2b: Rillaboom|53\/100 brn|[from] brn\n|-damage|p2a: Sneasler|71\/100 brn|[from] brn\n|upkeep\n|turn|4\n|\n|t:|1700624403\n|move|p1a: Dusclops|Night Shade|p2b: Rillaboom\n|-damage|p2b: Rillaboom|29\/100 brn\n|move|p1b: Iron Hands|Wild Charge|p2a: Sneasler\n|-supereffective|p2a: Sneasler\n|-damage|p2a: Sneasler|0 fnt\n|faint|p2a: Sneasler\n|-damage|p1b: Iron Hands|89\/100|[from] Recoil\n|move|p2b: Rillaboom|High Horsepower|p1b: Iron Hands\n|-supereffective|p1b: Iron Hands\n|-damage|p1b: Iron Hands|74\/100\n|\n|-heal|p1a: Dusclops|74\/100|[from] Grassy Terrain\n|-heal|p1b: Iron Hands|80\/100|[from] Grassy Terrain\n|-heal|p2b: Rillaboom|35\/100 brn|[from] Grassy Terrain\n|-damage|p2b: Rillaboom|29\/100 brn|[from] brn\n|upkeep\n|\n|t:|1700624406\n|switch|p2a: Ogerpon|Ogerpon-Hearthflame, L50, F|100\/100\n|-ability|p2a: Ogerpon|Mold Breaker\n|turn|5\n|\n|t:|1700624419\n|-end|p1b: Iron Hands|Quark Drive|[silent]\n|switch|p1b: Landorus|Landorus-Therian, L50, M|59\/100\n|-ability|p1b: Landorus|Intimidate|boost\n|-unboost|p2a: Ogerpon|atk|1\n|-unboost|p2b: Rillaboom|atk|1\n|switch|p2b: Okidogi|Okidogi, L50, M|100\/100\n|move|p2a: Ogerpon|Spiky Shield|p2a: Ogerpon\n|-singleturn|p2a: Ogerpon|move: Protect\n|move|p1a: Dusclops|Night Shade|p2b: Okidogi\n|-damage|p2b: Okidogi|72\/100\n|\n|-heal|p1a: Dusclops|80\/100|[from] Grassy Terrain\n|-heal|p2b: Okidogi|79\/100|[from] Grassy Terrain\n|-fieldend|move: Trick Room\n|-fieldend|move: Grassy Terrain\n|upkeep\n|turn|6\n|\n|t:|1700624439\n|-terastallize|p1b: Landorus|Flying\n|move|p1b: Landorus|Tera Blast|p2a: Ogerpon|[anim] Tera Blast Flying\n|-supereffective|p2a: Ogerpon\n|-damage|p2a: Ogerpon|0 fnt\n|faint|p2a: Ogerpon\n|move|p2b: Okidogi|Taunt|p1a: Dusclops\n|-start|p1a: Dusclops|move: Taunt\n|cant|p1a: Dusclops|move: Taunt|Will-O-Wisp\n|\n|upkeep\n|\n|t:|1700624446\n|switch|p2a: Rillaboom|Rillaboom, L50, F|29\/100 brn\n|-fieldstart|move: Grassy Terrain|[from] ability: Grassy Surge|[of] p2a: Rillaboom\n|turn|7\n|-message|slugma the god forfeited.\n|\n|win|SupaJello\n|n|\u2606SupaJello|supajello\n|n|\u2606slugma the god|slugmathegod\n|n| moonybunny|moonybunny\n|n| kdnsjfq|kdnsjfq\n","uploadtime":1700624450,"views":0,"p1id":"supajello","p2id":"slugmathegod","formatid":"gen9vgc2023regulatione","rating":0,"private":0,"password":""}