{"id":"gen9vgc2023regulatione-1990937530","p1":"hjgklm3k","p2":"Pokepane","format":"[Gen 9] VGC 2023 Regulation E","log":"|j|\u2606hjgklm3k\n|j|\u2606Pokepane\n|t:|1700017232\n|gametype|doubles\n|player|p1|hjgklm3k|1|1271\n|player|p2|Pokepane|parasollady-gen4|1232\n|teamsize|p1|6\n|teamsize|p2|6\n|gen|9\n|tier|[Gen 9] VGC 2023 Regulation E\n|rated|\n|rule|Species Clause: Limit one of each Pok\u00e9mon\n|rule|Item Clause: Limit one of each item\n|clearpoke\n|poke|p1|Tornadus, L50, M|\n|poke|p1|Ogerpon-Hearthflame, L50, F|\n|poke|p1|Flutter Mane, L50|\n|poke|p1|Dragonite, L50, F|\n|poke|p1|Chi-Yu, L50|\n|poke|p1|Iron Bundle, L50|\n|poke|p2|Thundurus-Therian, L50, M|\n|poke|p2|Politoed, L50, M|\n|poke|p2|Golem-Alola, L50, F|\n|poke|p2|Amoonguss, L50, F|\n|poke|p2|Chi-Yu, L50|\n|poke|p2|Salamence, L50, F|\n|teampreview|4\n|l|\u2606hjgklm3k\n|player|p1|\n|j|\u2606hjgklm3k\n|player|p1|hjgklm3k|1\n|inactive|Battle timer is ON: inactive players will automatically lose when time's up. (requested by Pokepane)\n|\n|t:|1700017295\n|start\n|switch|p1a: Tornadus|Tornadus, L50, M|100\/100\n|switch|p1b: Flutter Mane|Flutter Mane, L50|100\/100\n|switch|p2a: Golem|Golem-Alola, L50, F|100\/100\n|switch|p2b: Amoonguss|Amoonguss, L50, F|100\/100\n|turn|1\n|\n|t:|1700017317\n|-end|p1b: Flutter Mane|Protosynthesis|[silent]\n|switch|p1b: Dragonite|Dragonite, L50, F|100\/100\n|move|p2b: Amoonguss|Protect|p2b: Amoonguss\n|-singleturn|p2b: Amoonguss|Protect\n|move|p1a: Tornadus|Taunt|p2b: Amoonguss\n|-activate|p2b: Amoonguss|move: Protect\n|move|p2a: Golem|Explosion|p1b: Dragonite|[spread] p1a,p1b\n|-activate|p2b: Amoonguss|move: Protect\n|-supereffective|p1a: Tornadus\n|-damage|p1a: Tornadus|0 fnt\n|-damage|p1b: Dragonite|0 fnt\n|faint|p2a: Golem\n|faint|p1a: Tornadus\n|faint|p1b: Dragonite\n|\n|upkeep\n|\n|t:|1700017333\n|switch|p1a: Chi-Yu|Chi-Yu, L50|100\/100\n|switch|p1b: Flutter Mane|Flutter Mane, L50|100\/100\n|switch|p2a: Salamence|Salamence, L50, F|100\/100\n|-ability|p1a: Chi-Yu|Beads of Ruin\n|-ability|p2a: Salamence|Intimidate|boost\n|-unboost|p1a: Chi-Yu|atk|1\n|-unboost|p1b: Flutter Mane|atk|1\n|turn|2\n|\n|t:|1700017351\n|switch|p2b: Politoed|Politoed, L50, M|100\/100\n|-weather|RainDance|[from] ability: Drizzle|[of] p2b: Politoed\n|-terastallize|p2a: Salamence|Steel\n|move|p1b: Flutter Mane|Dazzling Gleam|p2a: Salamence|[spread] p2a,p2b\n|-resisted|p2a: Salamence\n|-damage|p2a: Salamence|62\/100\n|-damage|p2b: Politoed|44\/100\n|move|p2a: Salamence|Hurricane|p1b: Flutter Mane\n|-damage|p1b: Flutter Mane|5\/100\n|-start|p1b: Flutter Mane|confusion\n|-damage|p2a: Salamence|52\/100|[from] item: Life Orb\n|move|p1a: Chi-Yu|Heat Wave|p2a: Salamence|[spread] p2a,p2b\n|-supereffective|p2a: Salamence\n|-resisted|p2b: Politoed\n|-damage|p2a: Salamence|0 fnt\n|-damage|p2b: Politoed|30\/100\n|faint|p2a: Salamence\n|-damage|p1a: Chi-Yu|90\/100|[from] item: Life Orb\n|\n|-weather|RainDance|[upkeep]\n|-heal|p2b: Politoed|36\/100|[from] item: Leftovers\n|upkeep\n|\n|t:|1700017370\n|switch|p2a: Amoonguss|Amoonguss, L50, F|100\/100\n|turn|3\n|\n|t:|1700017390\n|-activate|p1b: Flutter Mane|confusion\n|-damage|p1b: Flutter Mane|0 fnt|[from] confusion\n|faint|p1b: Flutter Mane\n|-end|p1b: Flutter Mane|Protosynthesis|[silent]\n|move|p1a: Chi-Yu|Dark Pulse|p2b: Politoed\n|-damage|p2b: Politoed|0 fnt\n|faint|p2b: Politoed\n|-damage|p1a: Chi-Yu|80\/100|[from] item: Life Orb\n|move|p2a: Amoonguss|Spore|p1a: Chi-Yu\n|-status|p1a: Chi-Yu|slp|[from] move: Spore\n|\n|-weather|RainDance|[upkeep]\n|upkeep\n|turn|4\n|\n|t:|1700017402\n|cant|p1a: Chi-Yu|slp\n|move|p2a: Amoonguss|Pollen Puff|p1a: Chi-Yu\n|-damage|p1a: Chi-Yu|60\/100 slp\n|\n|-weather|RainDance|[upkeep]\n|upkeep\n|turn|5\n|\n|t:|1700017410\n|-curestatus|p1a: Chi-Yu|slp|[msg]\n|move|p1a: Chi-Yu|Psychic|p2a: Amoonguss\n|-supereffective|p2a: Amoonguss\n|-damage|p2a: Amoonguss|26\/100\n|-enditem|p2a: Amoonguss|Sitrus Berry|[eat]\n|-heal|p2a: Amoonguss|51\/100|[from] item: Sitrus Berry\n|-damage|p1a: Chi-Yu|50\/100|[from] item: Life Orb\n|move|p2a: Amoonguss|Pollen Puff|p1a: Chi-Yu\n|-damage|p1a: Chi-Yu|30\/100\n|\n|-weather|RainDance|[upkeep]\n|upkeep\n|turn|6\n|c|\u2606Pokepane|gg\n|\n|t:|1700017424\n|move|p1a: Chi-Yu|Psychic|p2a: Amoonguss\n|-supereffective|p2a: Amoonguss\n|-damage|p2a: Amoonguss|0 fnt\n|faint|p2a: Amoonguss\n|-damage|p1a: Chi-Yu|20\/100|[from] item: Life Orb\n|\n|win|hjgklm3k\n|raw|hjgklm3k's rating: 1271 &rarr; <strong>1293<\/strong><br \/>(+22 for winning)\n|raw|Pokepane's rating: 1232 &rarr; <strong>1210<\/strong><br \/>(-22 for losing)\n","uploadtime":1700017430,"views":13,"p1id":"hjgklm3k","p2id":"pokepane","formatid":"gen9vgc2023regulatione","rating":1210,"private":0,"password":""}