{"id":"gen9vgc2023regulatione-1991968912","p1":"poglu","p2":"luckyttar96","format":"[Gen 9] VGC 2023 Regulation E","log":"|j|\u2606poglu\n|j|\u2606luckyttar96\n|t:|1700143620\n|gametype|doubles\n|player|p1|poglu|caitlin|1368\n|player|p2|luckyttar96|giovanni|1414\n|teamsize|p1|6\n|teamsize|p2|6\n|gen|9\n|tier|[Gen 9] VGC 2023 Regulation E\n|rated|\n|rule|Species Clause: Limit one of each Pok\u00e9mon\n|rule|Item Clause: Limit one of each item\n|clearpoke\n|poke|p1|Kingambit, L50, M|\n|poke|p1|Iron Hands, L50|\n|poke|p1|Sinistcha, L50|\n|poke|p1|Urshifu-*, L50, F|\n|poke|p1|Heatran, L50, F|\n|poke|p1|Enamorus-Therian, L50, F|\n|poke|p2|Dragapult, L50, F|\n|poke|p2|Chien-Pao, L50|\n|poke|p2|Heatran, L50, M|\n|poke|p2|Farigiraf, L50, F|\n|poke|p2|Ursaluna-Bloodmoon, L50, M|\n|poke|p2|Ogerpon-Wellspring, L50, F|\n|teampreview|4\n|inactive|Battle timer is ON: inactive players will automatically lose when time's up. (requested by poglu)\n|\n|t:|1700143675\n|start\n|switch|p1a: Kingambit|Kingambit, L50, M|100\/100\n|switch|p1b: Urshifu|Urshifu-Rapid-Strike, L50, F|100\/100\n|switch|p2a: Dragapult|Dragapult, L50, F|100\/100\n|switch|p2b: Heatran|Heatran, L50, M|100\/100\n|turn|1\n|inactive|luckyttar96 has 30 seconds left.\n|\n|t:|1700143708\n|switch|p2b: Farigiraf|Farigiraf, L50, F|100\/100\n|switch|p1b: Iron Hands|Iron Hands, L50|100\/100\n|-terastallize|p2a: Dragapult|Ghost\n|-terastallize|p1a: Kingambit|Dark\n|move|p2a: Dragapult|Tera Blast|p1b: Iron Hands|[anim] Tera Blast Ghost\n|-damage|p1b: Iron Hands|43\/100\n|move|p1a: Kingambit|Swords Dance|p1a: Kingambit\n|-boost|p1a: Kingambit|atk|2\n|\n|upkeep\n|turn|2\n|inactive|luckyttar96 has 30 seconds left.\n|\n|t:|1700143734\n|-end|p1b: Iron Hands|Quark Drive|[silent]\n|switch|p1b: Urshifu|Urshifu-Rapid-Strike, L50, F|100\/100\n|move|p2a: Dragapult|Tera Blast|p1b: Urshifu|[anim] Tera Blast Ghost\n|-damage|p1b: Urshifu|26\/100\n|move|p2b: Farigiraf|Nasty Plot|p2b: Farigiraf\n|-boost|p2b: Farigiraf|spa|2\n|move|p1a: Kingambit|Kowtow Cleave|p2b: Farigiraf\n|-supereffective|p2b: Farigiraf\n|-damage|p2b: Farigiraf|0 fnt\n|-damage|p1a: Kingambit|84\/100|[from] item: Rocky Helmet|[of] p2b: Farigiraf\n|faint|p2b: Farigiraf\n|\n|upkeep\n|\n|t:|1700143747\n|switch|p2b: Chien-Pao|Chien-Pao, L50|100\/100\n|-ability|p2b: Chien-Pao|Sword of Ruin\n|turn|3\n|\n|t:|1700143758\n|switch|p2a: Heatran|Heatran, L50, M|100\/100\n|move|p1a: Kingambit|Protect|p1a: Kingambit\n|-singleturn|p1a: Kingambit|Protect\n|move|p2b: Chien-Pao|Sucker Punch|p1b: Urshifu\n|-resisted|p1b: Urshifu\n|-damage|p1b: Urshifu|3\/100\n|move|p1b: Urshifu|Aqua Jet|p2b: Chien-Pao\n|-damage|p2b: Chien-Pao|71\/100\n|\n|upkeep\n|turn|4\n|\n|t:|1700143778\n|switch|p1b: Sinistcha|Sinistcha, L50|100\/100\n|-heal|p1a: Kingambit|100\/100|[from] ability: Hospitality|[of] p1b: Sinistcha\n|move|p2b: Chien-Pao|Sacred Sword|p1a: Kingambit\n|-supereffective|p1a: Kingambit\n|-damage|p1a: Kingambit|39\/100\n|move|p2a: Heatran|Heat Wave|p1a: Kingambit|[spread] p1a,p1b\n|-supereffective|p1b: Sinistcha\n|-damage|p1a: Kingambit|2\/100\n|-damage|p1b: Sinistcha|11\/100\n|move|p1a: Kingambit|Kowtow Cleave|p2b: Chien-Pao\n|-resisted|p2b: Chien-Pao\n|-damage|p2b: Chien-Pao|0 fnt\n|faint|p2b: Chien-Pao\n|\n|-heal|p1b: Sinistcha|17\/100|[from] item: Leftovers\n|upkeep\n|\n|t:|1700143788\n|switch|p2b: Dragapult|Dragapult, L50, F, tera:Ghost|100\/100\n|turn|5\n|\n|t:|1700143796\n|switch|p1b: Urshifu|Urshifu-Rapid-Strike, L50, F|3\/100\n|move|p1a: Kingambit|Protect|p1a: Kingambit\n|-singleturn|p1a: Kingambit|Protect\n|move|p2b: Dragapult|Dragon Darts|p1b: Urshifu\n|-damage|p1b: Urshifu|0 fnt\n|faint|p1b: Urshifu\n|move|p2a: Heatran|Heat Wave|p1a: Kingambit\n|-activate|p1a: Kingambit|move: Protect\n|\n|upkeep\n|\n|t:|1700143814\n|switch|p1b: Iron Hands|Iron Hands, L50|43\/100\n|turn|6\n|\n|t:|1700143821\n|move|p1b: Iron Hands|Fake Out|p2a: Heatran\n|-resisted|p2a: Heatran\n|-damage|p2a: Heatran|93\/100\n|move|p1a: Kingambit|Sucker Punch|p2b: Dragapult\n|-supereffective|p2b: Dragapult\n|-damage|p2b: Dragapult|0 fnt\n|faint|p2b: Dragapult\n|cant|p2a: Heatran|flinch\n|\n|upkeep\n|turn|7\n|\n|t:|1700143834\n|move|p1a: Kingambit|Sucker Punch|p2a: Heatran\n|-damage|p2a: Heatran|0 fnt\n|faint|p2a: Heatran\n|\n|win|poglu\n|raw|poglu's rating: 1368 &rarr; <strong>1391<\/strong><br \/>(+23 for winning)\n|raw|luckyttar96's rating: 1414 &rarr; <strong>1391<\/strong><br \/>(-23 for losing)\n|l|\u2606luckyttar96\n","uploadtime":1700143843,"views":38,"p1id":"poglu","p2id":"luckyttar96","formatid":"gen9vgc2023regulatione","rating":1391,"private":0,"password":""}