{"id":"gen9vgc2023regulatione-1999564348","p1":"KilliamFerair","p2":"bgiivtcict","format":"[Gen 9] VGC 2023 Regulation E","log":"|j|\u2606KilliamFerair\n|j|\u2606bgiivtcict\n|t:|1701096594\n|gametype|doubles\n|player|p1|KilliamFerair|volo|1124\n|player|p2|bgiivtcict|265|1188\n|teamsize|p1|6\n|teamsize|p2|6\n|gen|9\n|tier|[Gen 9] VGC 2023 Regulation E\n|rated|\n|rule|Species Clause: Limit one of each Pok\u00e9mon\n|rule|Item Clause: Limit one of each item\n|clearpoke\n|poke|p1|Snorlax, L50, F|\n|poke|p1|Iron Hands, L50|\n|poke|p1|Sinistcha, L50|\n|poke|p1|Clefairy, L50, F|\n|poke|p1|Landorus-Therian, L50, M|\n|poke|p1|Kommo-o, L50, M|\n|poke|p2|Sableye, L50, F|\n|poke|p2|Espathra, L50, F|\n|poke|p2|Iron Hands, L50|\n|poke|p2|Flutter Mane, L50|\n|poke|p2|Chi-Yu, L50|\n|poke|p2|Landorus, L50, M|\n|teampreview|4\n|inactive|Battle timer is ON: inactive players will automatically lose when time's up. (requested by KilliamFerair)\n|\n|t:|1701096610\n|start\n|switch|p1a: Betty Boop|Kommo-o, L50, M|100\/100\n|switch|p1b: Howdy|Iron Hands, L50|100\/100\n|switch|p2a: Sableye|Sableye, L50, F, shiny|100\/100\n|switch|p2b: Espathra|Espathra, L50, F, shiny|100\/100\n|turn|1\n|\n|t:|1701096626\n|move|p1b: Howdy|Fake Out|p2b: Espathra\n|-damage|p2b: Espathra|82\/100\n|move|p2a: Sableye|Gravity|p2a: Sableye\n|-fieldstart|move: Gravity\n|cant|p2b: Espathra|flinch\n|move|p1a: Betty Boop|Clangorous Soul|p1a: Betty Boop\n|-boost|p1a: Betty Boop|atk|1\n|-boost|p1a: Betty Boop|def|1\n|-boost|p1a: Betty Boop|spa|1\n|-boost|p1a: Betty Boop|spd|1\n|-boost|p1a: Betty Boop|spe|1\n|-damage|p1a: Betty Boop|68\/100\n|-enditem|p1a: Betty Boop|Throat Spray\n|-boost|p1a: Betty Boop|spa|1|[from] item: Throat Spray\n|\n|-ability|p2b: Espathra|Speed Boost|boost\n|-boost|p2b: Espathra|spe|1\n|upkeep\n|turn|2\n|inactive|KilliamFerair has 30 seconds left.\n|inactive|KilliamFerair has 20 seconds left.\n|inactive|KilliamFerair has 15 seconds left.\n|\n|t:|1701096670\n|-end|p1b: Howdy|Quark Drive|[silent]\n|switch|p1b: Nummy Nummy Num|Sinistcha, L50|100\/100\n|-heal|p1a: Betty Boop|93\/100|[from] ability: Hospitality|[of] p1b: Nummy Nummy Num\n|move|p1a: Betty Boop|Protect|p1a: Betty Boop\n|-singleturn|p1a: Betty Boop|Protect\n|move|p2a: Sableye|Quash|p1a: Betty Boop\n|-activate|p1a: Betty Boop|move: Protect\n|move|p2b: Espathra|Hypnosis|p1a: Betty Boop\n|-activate|p1a: Betty Boop|move: Protect\n|\n|-ability|p2b: Espathra|Speed Boost|boost\n|-boost|p2b: Espathra|spe|1\n|upkeep\n|turn|3\n|\n|t:|1701096688\n|move|p1b: Nummy Nummy Num|Rage Powder|p1b: Nummy Nummy Num\n|-singleturn|p1b: Nummy Nummy Num|move: Rage Powder\n|move|p2a: Sableye|Quash||[still]\n|-fail|p2a: Sableye\n|move|p2b: Espathra|Hypnosis|p1b: Nummy Nummy Num\n|-status|p1b: Nummy Nummy Num|slp|[from] move: Hypnosis\n|move|p1a: Betty Boop|Clanging Scales|p2b: Espathra|[spread] p2a,p2b\n|-damage|p2a: Sableye|0 fnt\n|-damage|p2b: Espathra|0 fnt\n|faint|p2a: Sableye\n|faint|p2b: Espathra\n|-unboost|p1a: Betty Boop|def|1\n|\n|upkeep\n|\n|t:|1701096699\n|switch|p2b: Chi-Yu|Chi-Yu, L50|100\/100\n|switch|p2a: Landorus|Landorus, L50, M, shiny|100\/100\n|-ability|p2b: Chi-Yu|Beads of Ruin\n|turn|4\n|\n|t:|1701096720\n|-terastallize|p2a: Landorus|Steel\n|move|p2b: Chi-Yu|Protect|p2b: Chi-Yu\n|-singleturn|p2b: Chi-Yu|Protect\n|cant|p1b: Nummy Nummy Num|slp\n|move|p1a: Betty Boop|Clanging Scales|p2a: Landorus|[spread] p2a\n|-activate|p2b: Chi-Yu|move: Protect\n|-resisted|p2a: Landorus\n|-damage|p2a: Landorus|37\/100\n|-unboost|p1a: Betty Boop|def|1\n|move|p2a: Landorus|Sandsear Storm|p1b: Nummy Nummy Num|[spread] p1a,p1b\n|-resisted|p1b: Nummy Nummy Num\n|-damage|p1a: Betty Boop|26\/100\n|-damage|p1b: Nummy Nummy Num|61\/100 slp\n|\n|upkeep\n|turn|5\n|inactive|KilliamFerair has 30 seconds left.\n|inactive|KilliamFerair has 20 seconds left.\n|inactive|KilliamFerair has 15 seconds left.\n|\n|t:|1701096762\n|move|p1a: Betty Boop|Clanging Scales|p2a: Landorus|[spread] p2a,p2b\n|-resisted|p2a: Landorus\n|-crit|p2a: Landorus\n|-damage|p2a: Landorus|0 fnt\n|-damage|p2b: Chi-Yu|11\/100\n|faint|p2a: Landorus\n|-unboost|p1a: Betty Boop|def|1\n|move|p2b: Chi-Yu|Heat Wave|p1a: Betty Boop|[spread] p1a,p1b\n|-resisted|p1a: Betty Boop\n|-supereffective|p1b: Nummy Nummy Num\n|-damage|p1a: Betty Boop|2\/100\n|-damage|p1b: Nummy Nummy Num|0 fnt\n|faint|p1b: Nummy Nummy Num\n|\n|-fieldend|move: Gravity\n|upkeep\n|-message|bgiivtcict forfeited.\n|\n|win|KilliamFerair\n|raw|KilliamFerair's rating: 1124 &rarr; <strong>1154<\/strong><br \/>(+30 for winning)\n|raw|bgiivtcict's rating: 1188 &rarr; <strong>1158<\/strong><br \/>(-30 for losing)\n|l|\u2606bgiivtcict\n","uploadtime":1701096779,"views":4,"p1id":"killiamferair","p2id":"bgiivtcict","formatid":"gen9vgc2023regulatione","rating":1154,"private":0,"password":""}