{"id":"gen9vgc2023regulatione-1995270975","p1":"FunnyOwl27","p2":"Zart2015","format":"[Gen 9] VGC 2023 Regulation E","log":"|j|\u2606FunnyOwl27\n|j|\u2606Zart2015\n|t:|1700544506\n|gametype|doubles\n|player|p1|FunnyOwl27|giovanni|1098\n|player|p2|Zart2015|proton|1007\n|teamsize|p1|6\n|teamsize|p2|6\n|gen|9\n|tier|[Gen 9] VGC 2023 Regulation E\n|rated|\n|rule|Species Clause: Limit one of each Pok\u00e9mon\n|rule|Item Clause: Limit one of each item\n|clearpoke\n|poke|p1|Revavroom, L50, F|\n|poke|p1|Gyarados, L50, F|\n|poke|p1|Clefairy, L50, F|\n|poke|p1|Zapdos, L50|\n|poke|p1|Iron Moth, L50|\n|poke|p1|Rillaboom, L50, M|\n|poke|p2|Iron Valiant, L50|\n|poke|p2|Iron Treads, L50|\n|poke|p2|Iron Bundle, L50|\n|poke|p2|Iron Hands, L50|\n|poke|p2|Sableye, L50, F|\n|poke|p2|Pincurchin, L50, M|\n|teampreview|4\n|\n|t:|1700544532\n|start\n|switch|p1a: Clefairy|Clefairy, L50, F|100\/100\n|switch|p1b: Revavroom|Revavroom, L50, F|100\/100\n|switch|p2a: Iron Valiant|Iron Valiant, L50|100\/100\n|switch|p2b: Sableye|Sableye, L50, F|100\/100\n|turn|1\n|inactive|Battle timer is ON: inactive players will automatically lose when time's up. (requested by Zart2015)\n|\n|t:|1700544548\n|move|p1a: Clefairy|Follow Me|p1a: Clefairy\n|-singleturn|p1a: Clefairy|move: Follow Me\n|move|p2b: Sableye|Gravity|p2b: Sableye\n|-fieldstart|move: Gravity\n|move|p2a: Iron Valiant|Hypnosis|p1a: Clefairy\n|-status|p1a: Clefairy|slp|[from] move: Hypnosis\n|move|p1b: Revavroom|Shift Gear|p1b: Revavroom\n|-boost|p1b: Revavroom|spe|2\n|-boost|p1b: Revavroom|atk|1\n|\n|upkeep\n|turn|2\n|inactive|FunnyOwl27 has 30 seconds left.\n|inactive|FunnyOwl27 has 20 seconds left.\n|inactive|FunnyOwl27 has 15 seconds left.\n|inactive|FunnyOwl27 has 10 seconds left.\n|inactive|FunnyOwl27 has 5 seconds left.\n|\n|t:|1700544599\n|switch|p1a: Rillaboom|Rillaboom, L50, M|100\/100\n|-fieldstart|move: Grassy Terrain|[from] ability: Grassy Surge|[of] p1a: Rillaboom\n|move|p2b: Sableye|Quash|p1b: Revavroom\n|-activate|p1b: Revavroom|move: Quash\n|move|p2a: Iron Valiant|Hypnosis|p1b: Revavroom\n|-status|p1b: Revavroom|slp|[from] move: Hypnosis\n|cant|p1b: Revavroom|slp\n|\n|upkeep\n|turn|3\n|inactive|FunnyOwl27 has 30 seconds left.\n|\n|t:|1700544625\n|switch|p2b: Pincurchin|Pincurchin, L50, M|100\/100\n|-fieldstart|move: Electric Terrain|[from] ability: Electric Surge|[of] p2b: Pincurchin\n|-activate|p2a: Iron Valiant|ability: Quark Drive\n|-start|p2a: Iron Valiant|quarkdrivespe\n|move|p1a: Rillaboom|Fake Out|p2a: Iron Valiant\n|-damage|p2a: Iron Valiant|82\/100\n|cant|p2a: Iron Valiant|flinch\n|-curestatus|p1b: Revavroom|slp|[msg]\n|move|p1b: Revavroom|Poison Jab|p2b: Pincurchin\n|-damage|p2b: Pincurchin|25\/100\n|-enditem|p2b: Pincurchin|Sitrus Berry|[eat]\n|-heal|p2b: Pincurchin|50\/100|[from] item: Sitrus Berry\n|\n|upkeep\n|turn|4\n|inactive|FunnyOwl27 has 30 seconds left.\n|inactive|Zart2015 has 30 seconds left.\n|inactive|FunnyOwl27 has 20 seconds left.\n|inactive|Zart2015 has 20 seconds left.\n|inactive|Zart2015 has 15 seconds left.\n|inactive|Zart2015 has 10 seconds left.\n|\n|t:|1700544671\n|move|p1b: Revavroom|Protect|p1b: Revavroom\n|-singleturn|p1b: Revavroom|Protect\n|move|p2b: Pincurchin|Sucker Punch||[still]\n|-fail|p2b: Pincurchin\n|move|p2a: Iron Valiant|Focus Blast|p1b: Revavroom\n|-activate|p1b: Revavroom|move: Protect\n|move|p1a: Rillaboom|U-turn|p2a: Iron Valiant\n|-resisted|p2a: Iron Valiant\n|-damage|p2a: Iron Valiant|74\/100\n|\n|t:|1700544688\n|switch|p1a: Iron Moth|Iron Moth, L50|100\/100|[from] U-turn\n|-activate|p1a: Iron Moth|ability: Quark Drive\n|-start|p1a: Iron Moth|quarkdrivespa\n|\n|upkeep\n|turn|5\n|\n|t:|1700544706\n|switch|p1b: Clefairy|Clefairy, L50, F|100\/100 slp\n|move|p2b: Pincurchin|Sucker Punch||[still]\n|-fail|p2b: Pincurchin\n|move|p2a: Iron Valiant|Focus Blast|p1b: Clefairy\n|-resisted|p1b: Clefairy\n|-damage|p1b: Clefairy|76\/100 slp\n|move|p1a: Iron Moth|Heat Wave|p2b: Pincurchin|[spread] p2a,p2b\n|-damage|p2a: Iron Valiant|0 fnt\n|-damage|p2b: Pincurchin|0 fnt\n|faint|p2a: Iron Valiant\n|-end|p2a: Iron Valiant|Quark Drive|[silent]\n|faint|p2b: Pincurchin\n|\n|-fieldend|move: Gravity\n|upkeep\n|\n|t:|1700544724\n|switch|p2a: Iron Bundle|Iron Bundle, L50|100\/100\n|switch|p2b: Sableye|Sableye, L50, F|100\/100\n|-activate|p2a: Iron Bundle|ability: Quark Drive\n|-start|p2a: Iron Bundle|quarkdrivespe\n|turn|6\n|inactive|Zart2015 has 30 seconds left.\n|\n|t:|1700544751\n|move|p1a: Iron Moth|Protect|p1a: Iron Moth\n|-singleturn|p1a: Iron Moth|Protect\n|move|p2b: Sableye|Disable|p1a: Iron Moth\n|-activate|p1a: Iron Moth|move: Protect\n|move|p2a: Iron Bundle|Blizzard|p1b: Clefairy|[spread] p1b\n|-activate|p1a: Iron Moth|move: Protect\n|-damage|p1b: Clefairy|38\/100 slp\n|cant|p1b: Clefairy|slp\n|\n|upkeep\n|turn|7\n|\n|t:|1700544775\n|-end|p1a: Iron Moth|Quark Drive|[silent]\n|switch|p1a: Rillaboom|Rillaboom, L50, M|100\/100\n|-fieldstart|move: Grassy Terrain|[from] ability: Grassy Surge|[of] p1a: Rillaboom\n|-end|p2a: Iron Bundle|Quark Drive\n|move|p2b: Sableye|Helping Hand|p2a: Iron Bundle\n|-singleturn|p2a: Iron Bundle|Helping Hand|[of] p2b: Sableye\n|move|p2a: Iron Bundle|Blizzard|p1a: Rillaboom|[spread] p1b\n|-miss|p2a: Iron Bundle|p1a: Rillaboom\n|-damage|p1b: Clefairy|0 fnt\n|faint|p1b: Clefairy\n|\n|upkeep\n|\n|t:|1700544790\n|switch|p1b: Revavroom|Revavroom, L50, F|100\/100\n|turn|8\n|\n|t:|1700544801\n|move|p2a: Iron Bundle|Protect|p2a: Iron Bundle\n|-singleturn|p2a: Iron Bundle|Protect\n|move|p1a: Rillaboom|Fake Out|p2a: Iron Bundle\n|-activate|p2a: Iron Bundle|move: Protect\n|move|p2b: Sableye|Gravity|p2b: Sableye\n|-fieldstart|move: Gravity\n|move|p1b: Revavroom|Shift Gear|p1b: Revavroom\n|-boost|p1b: Revavroom|spe|2\n|-boost|p1b: Revavroom|atk|1\n|\n|upkeep\n|turn|9\n|\n|t:|1700544821\n|move|p1a: Rillaboom|Grassy Glide|p2a: Iron Bundle\n|-supereffective|p2a: Iron Bundle\n|-damage|p2a: Iron Bundle|0 fnt\n|faint|p2a: Iron Bundle\n|-end|p2a: Iron Bundle|Quark Drive|[silent]\n|move|p2b: Sableye|Quash|p1b: Revavroom\n|-activate|p1b: Revavroom|move: Quash\n|move|p1b: Revavroom|Poison Jab|p2b: Sableye\n|-resisted|p2b: Sableye\n|-damage|p2b: Sableye|70\/100\n|\n|-heal|p2b: Sableye|76\/100|[from] Grassy Terrain\n|upkeep\n|turn|10\n|-message|Zart2015 forfeited.\n|\n|win|FunnyOwl27\n|raw|FunnyOwl27's rating: 1098 &rarr; <strong>1117<\/strong><br \/>(+19 for winning)\n|raw|Zart2015's rating: 1007 &rarr; <strong>1000<\/strong><br \/>(-7 for losing)\n|l|\u2606Zart2015\n","uploadtime":1700544833,"views":17,"p1id":"funnyowl27","p2id":"zart2015","formatid":"gen9vgc2023regulatione","rating":1000,"private":0,"password":""}