{"id":"gen9vgc2023regulatione-1995464125","p1":"BlesseyTheBlissey","p2":"Holibrand","format":"[Gen 9] VGC 2023 Regulation E","log":"|j|\u2606BlesseyTheBlissey\n|j|\u2606Holibrand\n|t:|1700573745\n|gametype|doubles\n|player|p1|BlesseyTheBlissey|dawn-gen4pt|1251\n|player|p2|Holibrand|pokemonbreeder-gen4|1154\n|teamsize|p1|6\n|teamsize|p2|6\n|gen|9\n|tier|[Gen 9] VGC 2023 Regulation E\n|rated|\n|rule|Species Clause: Limit one of each Pok\u00e9mon\n|rule|Item Clause: Limit one of each item\n|clearpoke\n|poke|p1|Florges-Blue, L50, F|\n|poke|p1|Iron Hands, L50|\n|poke|p1|Sinistcha, L50|\n|poke|p1|Grimmsnarl, L50, M|\n|poke|p1|Toxtricity, L50, F|\n|poke|p1|Electrode-Hisui, L50|\n|poke|p2|Urshifu-*, L50, M|\n|poke|p2|Regieleki, L50|\n|poke|p2|Gholdengo, L50|\n|poke|p2|Landorus-Therian, L50, M|\n|poke|p2|Rillaboom, L50, M|\n|poke|p2|Chi-Yu, L50|\n|teampreview|4\n|inactive|Battle timer is ON: inactive players will automatically lose when time's up. (requested by Holibrand)\n|inactive|Holibrand has 60 seconds left.\n|\n|t:|1700573792\n|start\n|switch|p1a: Florges|Florges-Blue, L50, F|100\/100\n|switch|p1b: Iron Hands|Iron Hands, L50|100\/100\n|switch|p2a: Rillaboom|Rillaboom, L50, M, shiny|100\/100\n|switch|p2b: Gholdengo|Gholdengo, L50|100\/100\n|-fieldstart|move: Grassy Terrain|[from] ability: Grassy Surge|[of] p2a: Rillaboom\n|turn|1\n|inactive|BlesseyTheBlissey has 30 seconds left.\n|\n|t:|1700573821\n|move|p2a: Rillaboom|Fake Out|p1b: Iron Hands\n|-damage|p1b: Iron Hands|91\/100\n|move|p2b: Gholdengo|Psychic|p1b: Iron Hands\n|-supereffective|p1b: Iron Hands\n|-damage|p1b: Iron Hands|43\/100\n|-unboost|p1b: Iron Hands|spd|1\n|-enditem|p1b: Iron Hands|Sitrus Berry|[eat]\n|-heal|p1b: Iron Hands|68\/100|[from] item: Sitrus Berry\n|-activate|p1a: Florges|ability: Symbiosis|Leftovers|[of] p1b: Iron Hands\n|move|p1a: Florges|Moonblast|p2b: Gholdengo\n|-resisted|p2b: Gholdengo\n|-damage|p2b: Gholdengo|80\/100\n|-unboost|p2b: Gholdengo|spa|1\n|-enditem|p2b: Gholdengo|White Herb\n|-clearnegativeboost|p2b: Gholdengo|[silent]\n|cant|p1b: Iron Hands|flinch\n|\n|-heal|p2b: Gholdengo|86\/100|[from] Grassy Terrain\n|-heal|p1b: Iron Hands|74\/100|[from] Grassy Terrain\n|-heal|p1b: Iron Hands|80\/100|[from] item: Leftovers\n|upkeep\n|turn|2\n|inactive|BlesseyTheBlissey has 30 seconds left.\n|\n|t:|1700573850\n|-terastallize|p2b: Gholdengo|Steel\n|-terastallize|p1b: Iron Hands|Flying\n|move|p2b: Gholdengo|Make It Rain|p1a: Florges|[spread] p1a,p1b\n|-supereffective|p1a: Florges\n|-damage|p1a: Florges|12\/100\n|-damage|p1b: Iron Hands|4\/100\n|-unboost|p2b: Gholdengo|spa|1\n|move|p2a: Rillaboom|High Horsepower|p1b: Iron Hands\n|-immune|p1b: Iron Hands\n|move|p1a: Florges|Pollen Puff|p1b: Iron Hands\n|-heal|p1b: Iron Hands|54\/100\n|move|p1b: Iron Hands|Belly Drum|p1b: Iron Hands\n|-damage|p1b: Iron Hands|4\/100\n|-setboost|p1b: Iron Hands|atk|6|[from] move: Belly Drum\n|\n|-heal|p2b: Gholdengo|92\/100|[from] Grassy Terrain\n|-heal|p1a: Florges|18\/100|[from] Grassy Terrain\n|-heal|p1b: Iron Hands|10\/100|[from] item: Leftovers\n|upkeep\n|turn|3\n|inactive|BlesseyTheBlissey has 30 seconds left.\n|\n|t:|1700573883\n|switch|p2b: Chi-Yu|Chi-Yu, L50|100\/100\n|-ability|p2b: Chi-Yu|Beads of Ruin\n|switch|p1a: Sinistcha|Sinistcha, L50|100\/100\n|-heal|p1b: Iron Hands|35\/100|[from] ability: Hospitality|[of] p1a: Sinistcha\n|move|p1b: Iron Hands|Detect|p1b: Iron Hands\n|-singleturn|p1b: Iron Hands|Protect\n|move|p2a: Rillaboom|Grassy Glide|p1b: Iron Hands\n|-activate|p1b: Iron Hands|move: Protect\n|\n|-heal|p1b: Iron Hands|41\/100|[from] item: Leftovers\n|upkeep\n|turn|4\n|inactive|BlesseyTheBlissey has 30 seconds left.\n|inactive|Holibrand has 30 seconds left.\n|inactive|BlesseyTheBlissey has 20 seconds left.\n|inactive|BlesseyTheBlissey has 15 seconds left.\n|inactive|BlesseyTheBlissey has 10 seconds left.\n|\n|t:|1700573929\n|move|p2a: Rillaboom|Grassy Glide|p1b: Iron Hands\n|-resisted|p1b: Iron Hands\n|-damage|p1b: Iron Hands|30\/100\n|move|p2b: Chi-Yu|Heat Wave|p1a: Sinistcha|[spread] p1a,p1b\n|-supereffective|p1a: Sinistcha\n|-damage|p1a: Sinistcha|12\/100\n|-damage|p1b: Iron Hands|0 fnt\n|faint|p1b: Iron Hands\n|-end|p1b: Iron Hands|Quark Drive|[silent]\n|move|p1a: Sinistcha|Trick Room|p1a: Sinistcha\n|-fieldstart|move: Trick Room|[of] p1a: Sinistcha\n|\n|-heal|p1a: Sinistcha|18\/100|[from] Grassy Terrain\n|upkeep\n|\n|t:|1700573952\n|switch|p1b: Florges|Florges-Blue, L50, F|18\/100\n|turn|5\n|\n|t:|1700573972\n|move|p2b: Chi-Yu|Protect|p2b: Chi-Yu\n|-singleturn|p2b: Chi-Yu|Protect\n|move|p2a: Rillaboom|Grassy Glide|p1a: Sinistcha\n|-resisted|p1a: Sinistcha\n|-damage|p1a: Sinistcha|0 fnt\n|-damage|p2a: Rillaboom|84\/100|[from] item: Rocky Helmet|[of] p1a: Sinistcha\n|faint|p1a: Sinistcha\n|move|p1b: Florges|Moonblast|p2b: Chi-Yu\n|-activate|p2b: Chi-Yu|move: Protect\n|\n|-heal|p1b: Florges|24\/100|[from] Grassy Terrain\n|-heal|p2a: Rillaboom|90\/100|[from] Grassy Terrain\n|-fieldend|move: Grassy Terrain\n|upkeep\n|\n|t:|1700573984\n|switch|p1a: Grimmsnarl|Grimmsnarl, L50, M|100\/100\n|turn|6\n|\n|t:|1700574007\n|move|p1a: Grimmsnarl|Fake Out|p2a: Rillaboom\n|-damage|p2a: Rillaboom|78\/100\n|move|p1b: Florges|Moonblast|p2b: Chi-Yu\n|-damage|p2b: Chi-Yu|66\/100\n|cant|p2a: Rillaboom|flinch\n|move|p2b: Chi-Yu|Nasty Plot|p2b: Chi-Yu\n|-boost|p2b: Chi-Yu|spa|2\n|\n|upkeep\n|turn|7\n|\n|t:|1700574030\n|move|p2b: Chi-Yu|Protect|p2b: Chi-Yu\n|-singleturn|p2b: Chi-Yu|Protect\n|move|p1a: Grimmsnarl|Spirit Break|p2b: Chi-Yu\n|-activate|p2b: Chi-Yu|move: Protect\n|move|p1b: Florges|Moonblast|p2b: Chi-Yu\n|-activate|p2b: Chi-Yu|move: Protect\n|move|p2a: Rillaboom|Knock Off|p1a: Grimmsnarl\n|-resisted|p1a: Grimmsnarl\n|-damage|p1a: Grimmsnarl|94\/100\n|-enditem|p1a: Grimmsnarl|Light Clay|[from] move: Knock Off|[of] p2a: Rillaboom\n|\n|upkeep\n|turn|8\n|\n|t:|1700574055\n|switch|p2a: Landorus|Landorus-Therian, L50, M|100\/100\n|-ability|p2a: Landorus|Intimidate|boost\n|-unboost|p1a: Grimmsnarl|atk|1\n|-unboost|p1b: Florges|atk|1\n|move|p1a: Grimmsnarl|Spirit Break|p2a: Landorus\n|-damage|p2a: Landorus|79\/100\n|-unboost|p2a: Landorus|spa|1\n|move|p1b: Florges|Moonblast|p2a: Landorus\n|-damage|p2a: Landorus|21\/100\n|-enditem|p2a: Landorus|Sitrus Berry|[eat]\n|-heal|p2a: Landorus|45\/100|[from] item: Sitrus Berry\n|move|p2b: Chi-Yu|Heat Wave|p1b: Florges|[spread] p1a,p1b\n|-damage|p1a: Grimmsnarl|0 fnt\n|-damage|p1b: Florges|0 fnt\n|faint|p1a: Grimmsnarl\n|faint|p1b: Florges\n|\n|win|Holibrand\n|raw|BlesseyTheBlissey's rating: 1251 &rarr; <strong>1219<\/strong><br \/>(-32 for losing)\n|raw|Holibrand's rating: 1154 &rarr; <strong>1186<\/strong><br \/>(+32 for winning)\n|l|\u2606BlesseyTheBlissey\n|l|\u2606Holibrand\n|j|\u2606Holibrand\n|player|p2|Holibrand|pokemonbreeder-gen4\n","uploadtime":1700574205,"views":11,"p1id":"blesseytheblissey","p2id":"holibrand","formatid":"gen9vgc2023regulatione","rating":1186,"private":0,"password":""}