{"id":"gen9vgc2023regulatione-1988688372","p1":"daigotsu","p2":"RockyZ2000","format":"[Gen 9] VGC 2023 Regulation E","log":"|j|\u2606daigotsu\n|j|\u2606RockyZ2000\n|t:|1699750824\n|gametype|doubles\n|player|p1|daigotsu|gambler|1525\n|player|p2|RockyZ2000|misty|1488\n|teamsize|p1|6\n|teamsize|p2|6\n|gen|9\n|tier|[Gen 9] VGC 2023 Regulation E\n|rated|\n|rule|Species Clause: Limit one of each Pok\u00e9mon\n|rule|Item Clause: Limit one of each item\n|clearpoke\n|poke|p1|Sneasler, L50, F|\n|poke|p1|Iron Valiant, L50|\n|poke|p1|Indeedee-F, L50, F|\n|poke|p1|Armarouge, L50, M|\n|poke|p1|Ursaluna-Bloodmoon, L50, M|\n|poke|p1|Tatsugiri, L50, F|\n|poke|p2|Cresselia, L50, F|\n|poke|p2|Ursaluna-Bloodmoon, L50, M|\n|poke|p2|Iron Hands, L50|\n|poke|p2|Ogerpon-Wellspring, L50, F|\n|poke|p2|Arcanine-Hisui, L50, M|\n|poke|p2|Flutter Mane, L50|\n|teampreview|4\n|inactive|Battle timer is ON: inactive players will automatically lose when time's up. (requested by RockyZ2000)\n|inactive|daigotsu has 60 seconds left.\n|inactive|RockyZ2000 has 60 seconds left.\n|\n|t:|1699750868\n|start\n|switch|p1a: Indeedee|Indeedee-F, L50, F|100\/100\n|switch|p1b: Armarouge|Armarouge, L50, M|100\/100\n|switch|p2a: Ursaluna|Ursaluna-Bloodmoon, L50, M|100\/100\n|switch|p2b: Ogerpon|Ogerpon-Wellspring, L50, F|100\/100\n|-fieldstart|move: Psychic Terrain|[from] ability: Psychic Surge|[of] p1a: Indeedee\n|turn|1\n|inactive|daigotsu has 30 seconds left.\n|\n|t:|1699750899\n|-terastallize|p2b: Ogerpon|Water\n|detailschange|p2b: Ogerpon|Ogerpon-Wellspring-Tera, L50, F, tera:Water\n|-ability|p2b: Ogerpon|Embody Aspect (Wellspring)|boost\n|-boost|p2b: Ogerpon|spd|1\n|-terastallize|p1b: Armarouge|Grass\n|move|p2b: Ogerpon|Follow Me|p2b: Ogerpon\n|-singleturn|p2b: Ogerpon|move: Follow Me\n|move|p1a: Indeedee|Follow Me|p1a: Indeedee\n|-singleturn|p1a: Indeedee|move: Follow Me\n|move|p1b: Armarouge|Expanding Force|p2b: Ogerpon|[spread] p2a,p2b\n|-damage|p2a: Ursaluna|20\/100\n|-damage|p2b: Ogerpon|46\/100\n|-damage|p1b: Armarouge|91\/100|[from] item: Life Orb\n|move|p2a: Ursaluna|Hyper Voice|p1a: Indeedee|[spread] p1a,p1b\n|-damage|p1a: Indeedee|75\/100\n|-damage|p1b: Armarouge|48\/100\n|-enditem|p2a: Ursaluna|Throat Spray\n|-boost|p2a: Ursaluna|spa|1|[from] item: Throat Spray\n|\n|upkeep\n|turn|2\n|\n|t:|1699750923\n|move|p2a: Ursaluna|Protect|p2a: Ursaluna\n|-singleturn|p2a: Ursaluna|Protect\n|move|p1a: Indeedee|Follow Me|p1a: Indeedee\n|-singleturn|p1a: Indeedee|move: Follow Me\n|move|p2b: Ogerpon|Ivy Cudgel|p1a: Indeedee\n|-damage|p1a: Indeedee|0 fnt\n|faint|p1a: Indeedee\n|move|p1b: Armarouge|Expanding Force|p2a: Ursaluna|[spread] p2b\n|-activate|p2a: Ursaluna|move: Protect\n|-damage|p2b: Ogerpon|0 fnt\n|faint|p2b: Ogerpon\n|-damage|p1b: Armarouge|39\/100|[from] item: Life Orb\n|\n|upkeep\n|\n|t:|1699750938\n|switch|p2b: Cresselia|Cresselia, L50, F|100\/100\n|switch|p1a: Sneasler|Sneasler, L50, F|100\/100\n|-enditem|p1a: Sneasler|Psychic Seed\n|-boost|p1a: Sneasler|spd|1|[from] item: Psychic Seed\n|turn|3\n|\n|t:|1699750952\n|move|p1a: Sneasler|Dire Claw|p2b: Cresselia\n|-damage|p2b: Cresselia|70\/100\n|-status|p2b: Cresselia|par\n|move|p1b: Armarouge|Expanding Force|p2b: Cresselia|[spread] p2a,p2b\n|-resisted|p2b: Cresselia\n|-damage|p2a: Ursaluna|0 fnt\n|-damage|p2b: Cresselia|47\/100 par\n|faint|p2a: Ursaluna\n|-damage|p1b: Armarouge|29\/100|[from] item: Life Orb\n|move|p2b: Cresselia|Psychic|p1a: Sneasler\n|-supereffective|p1a: Sneasler\n|-damage|p1a: Sneasler|15\/100\n|\n|upkeep\n|\n|t:|1699750965\n|switch|p2a: Iron Hands|Iron Hands, L50|100\/100\n|turn|4\n|\n|t:|1699750976\n|move|p1a: Sneasler|Dire Claw|p2a: Iron Hands\n|-damage|p2a: Iron Hands|67\/100\n|move|p1b: Armarouge|Expanding Force|p2a: Iron Hands|[spread] p2a,p2b\n|-supereffective|p2a: Iron Hands\n|-resisted|p2b: Cresselia\n|-damage|p2a: Iron Hands|0 fnt\n|-damage|p2b: Cresselia|22\/100 par\n|faint|p2a: Iron Hands\n|-end|p2a: Iron Hands|Quark Drive|[silent]\n|-damage|p1b: Armarouge|19\/100|[from] item: Life Orb\n|move|p2b: Cresselia|Psychic|p1b: Armarouge\n|-damage|p1b: Armarouge|0 fnt\n|faint|p1b: Armarouge\n|\n|upkeep\n|\n|t:|1699750985\n|switch|p1b: Ursaluna|Ursaluna-Bloodmoon, L50, M|100\/100\n|turn|5\n|\n|t:|1699750989\n|move|p1a: Sneasler|Dire Claw|p2b: Cresselia\n|-damage|p2b: Cresselia|0 fnt\n|faint|p2b: Cresselia\n|\n|win|daigotsu\n|raw|daigotsu's rating: 1525 &rarr; <strong>1543<\/strong><br \/>(+18 for winning)\n|raw|RockyZ2000's rating: 1488 &rarr; <strong>1470<\/strong><br \/>(-18 for losing)\n|l|\u2606RockyZ2000\n","uploadtime":1699751015,"views":13,"p1id":"daigotsu","p2id":"rockyz2000","formatid":"gen9vgc2023regulatione","rating":1470,"private":0,"password":""}