{"id":"gen9vgc2023regulatione-1994494886","p1":"Moxiemencefan21","p2":"yuanyangjun","format":"[Gen 9] VGC 2023 Regulation E","log":"|j|\u2606Moxiemencefan21\n|j|\u2606yuanyangjun\n|t:|1700450585\n|gametype|doubles\n|player|p1|Moxiemencefan21|1|1533\n|player|p2|yuanyangjun|dawn|1636\n|teamsize|p1|6\n|teamsize|p2|6\n|gen|9\n|tier|[Gen 9] VGC 2023 Regulation E\n|rated|\n|rule|Species Clause: Limit one of each Pok\u00e9mon\n|rule|Item Clause: Limit one of each item\n|clearpoke\n|poke|p1|Urshifu-*, L50, F|\n|poke|p1|Moltres-Galar, L50|\n|poke|p1|Chi-Yu, L50|\n|poke|p1|Tornadus, L50, M|\n|poke|p1|Rillaboom, L50, F|\n|poke|p1|Flutter Mane, L50|\n|poke|p2|Landorus-Therian, L50, M|\n|poke|p2|Tornadus, L50, M|\n|poke|p2|Kingambit, L50, M|\n|poke|p2|Urshifu-*, L50, F|\n|poke|p2|Flutter Mane, L50|\n|poke|p2|Ogerpon-Hearthflame, L50, F|\n|teampreview|4\n|\n|t:|1700450657\n|start\n|switch|p1a: Tornadus|Tornadus, L50, M|100\/100\n|switch|p1b: Chi-Yu|Chi-Yu, L50|100\/100\n|switch|p2a: Tornadus|Tornadus, L50, M, shiny|100\/100\n|switch|p2b: Landorus|Landorus-Therian, L50, M, shiny|100\/100\n|-ability|p2b: Landorus|Intimidate|boost\n|-unboost|p1a: Tornadus|atk|1\n|-unboost|p1b: Chi-Yu|atk|1\n|-ability|p1b: Chi-Yu|Beads of Ruin\n|turn|1\n|\n|t:|1700450686\n|-terastallize|p2b: Landorus|Flying\n|move|p1b: Chi-Yu|Protect|p1b: Chi-Yu\n|-singleturn|p1b: Chi-Yu|Protect\n|move|p1a: Tornadus|Tailwind|p1a: Tornadus\n|-sidestart|p1: Moxiemencefan21|move: Tailwind\n|move|p2a: Tornadus|Tailwind|p2a: Tornadus\n|-sidestart|p2: yuanyangjun|move: Tailwind\n|move|p2b: Landorus|Tera Blast|p1b: Chi-Yu|[anim] Tera Blast Flying\n|-activate|p1b: Chi-Yu|move: Protect\n|\n|upkeep\n|turn|2\n|\n|t:|1700450717\n|move|p2b: Landorus|Tera Blast|p1b: Chi-Yu|[anim] Tera Blast Flying\n|-enditem|p1b: Chi-Yu|Focus Sash\n|-damage|p1b: Chi-Yu|1\/100\n|move|p1a: Tornadus|Bleakwind Storm|p2b: Landorus|[spread] p2a,p2b\n|-damage|p2a: Tornadus|50\/100\n|-damage|p2b: Landorus|40\/100\n|-unboost|p2a: Tornadus|spe|1\n|-unboost|p2b: Landorus|spe|1\n|move|p1b: Chi-Yu|Heat Wave|p2b: Landorus|[spread] p2a,p2b\n|-damage|p2a: Tornadus|0 fnt\n|-damage|p2b: Landorus|0 fnt\n|faint|p2a: Tornadus\n|faint|p2b: Landorus\n|\n|upkeep\n|\n|t:|1700450730\n|switch|p2b: Urshifu|Urshifu-Rapid-Strike, L50, F|100\/100\n|switch|p2a: Flutter Mane|Flutter Mane, L50, shiny|100\/100\n|turn|3\n|\n|t:|1700450783\n|move|p1a: Tornadus|Sunny Day|p1a: Tornadus\n|-weather|SunnyDay\n|-activate|p2a: Flutter Mane|ability: Protosynthesis\n|-start|p2a: Flutter Mane|protosynthesisspe\n|move|p2a: Flutter Mane|Dazzling Gleam|p1a: Tornadus|[spread] p1a,p1b\n|-damage|p1a: Tornadus|34\/100\n|-damage|p1b: Chi-Yu|0 fnt\n|faint|p1b: Chi-Yu\n|move|p2b: Urshifu|Surging Strikes|p1a: Tornadus\n|-crit|p1a: Tornadus\n|-damage|p1a: Tornadus|20\/100\n|-crit|p1a: Tornadus\n|-damage|p1a: Tornadus|6\/100\n|-crit|p1a: Tornadus\n|-damage|p1a: Tornadus|0 fnt\n|faint|p1a: Tornadus\n|-hitcount|p1: Tornadus|3\n|\n|-weather|SunnyDay|[upkeep]\n|upkeep\n|\n|t:|1700450794\n|switch|p1a: Sammy zayn|Rillaboom, L50, F|100\/100\n|switch|p1b: Keanu Reeves|Flutter Mane, L50|100\/100\n|-activate|p1b: Keanu Reeves|ability: Protosynthesis\n|-start|p1b: Keanu Reeves|protosynthesisspe\n|-fieldstart|move: Grassy Terrain|[from] ability: Grassy Surge|[of] p1a: Sammy zayn\n|turn|4\n|\n|t:|1700450812\n|-terastallize|p1a: Sammy zayn|Grass\n|move|p2b: Urshifu|Protect|p2b: Urshifu\n|-singleturn|p2b: Urshifu|Protect\n|move|p1a: Sammy zayn|Grassy Glide|p2a: Flutter Mane\n|-damage|p2a: Flutter Mane|0 fnt\n|faint|p2a: Flutter Mane\n|-end|p2a: Flutter Mane|Protosynthesis|[silent]\n|move|p1b: Keanu Reeves|Moonblast|p2b: Urshifu\n|-activate|p2b: Urshifu|move: Protect\n|\n|-weather|SunnyDay|[upkeep]\n|-sideend|p2: yuanyangjun|move: Tailwind\n|-sideend|p1: Moxiemencefan21|move: Tailwind\n|upkeep\n|turn|5\n|-message|yuanyangjun forfeited.\n|\n|win|Moxiemencefan21\n|raw|Moxiemencefan21's rating: 1533 &rarr; <strong>1559<\/strong><br \/>(+26 for winning)\n|raw|yuanyangjun's rating: 1636 &rarr; <strong>1610<\/strong><br \/>(-26 for losing)\n","uploadtime":1700450837,"views":22,"p1id":"moxiemencefan21","p2id":"yuanyangjun","formatid":"gen9vgc2023regulatione","rating":1559,"private":0,"password":""}