{"id":"gen9vgc2023regulatione-1996420677","p1":"iPetBigfoot","p2":"Fernanch","format":"[Gen 9] VGC 2023 Regulation E","log":"|j|\u2606iPetBigfoot\n|j|\u2606Fernanch\n|n|\u2606iPetBigfoot|ipetbigfoot\n|n|\u2606Fernanch|fernanch\n|html|View the match progress at <a href=\"\/game-bestof3-gen9vgc2023regulatione-1996420676\">game-bestof3-gen9vgc2023regulatione-1996420676<\/a>\n|t:|1700680337\n|gametype|doubles\n|player|p1|iPetBigfoot|carmine-festival|\n|player|p2|Fernanch|waiter-gen4dp|\n|teamsize|p1|6\n|teamsize|p2|6\n|gen|9\n|tier|[Gen 9] VGC 2023 Regulation E\n|rule|Species Clause: Limit one of each Pok\u00e9mon\n|rule|Item Clause: Limit one of each item\n|clearpoke\n|poke|p1|Ogerpon-Cornerstone, L50, F|\n|poke|p1|Hatterene, L50, F|\n|poke|p1|Iron Hands, L50|\n|poke|p1|Murkrow, L50, M|\n|poke|p1|Ursaluna-Bloodmoon, L50, M|\n|poke|p1|Pincurchin, L50, F|\n|poke|p2|Tornadus, L50, M|\n|poke|p2|Chi-Yu, L50|\n|poke|p2|Gothitelle, L50, F|\n|poke|p2|Ogerpon-Wellspring, L50, F|\n|poke|p2|Rillaboom, L50, M|\n|poke|p2|Jigglypuff, L50, F|\n|teampreview|4\n|c|\u2606Fernanch|Glhf\nFernanch rejected open team sheets.\n|\n|t:|1700680397\n|start\n|switch|p1a: Ogerpon|Ogerpon-Cornerstone, L50, F|100\/100\n|switch|p1b: Hatterene|Hatterene, L50, F|100\/100\n|switch|p2a: Gothitelle|Gothitelle, L50, F|100\/100\n|switch|p2b: Chi-Yu|Chi-Yu, L50|100\/100\n|-ability|p2b: Chi-Yu|Beads of Ruin\n|turn|1\n|j| Kerthwack\n|\n|t:|1700680426\n|move|p2b: Chi-Yu|Protect|p2b: Chi-Yu\n|-singleturn|p2b: Chi-Yu|Protect\n|move|p1a: Ogerpon|Spiky Shield|p1a: Ogerpon\n|-singleturn|p1a: Ogerpon|move: Protect\n|move|p1b: Hatterene|Protect|p1b: Hatterene\n|-singleturn|p1b: Hatterene|Protect\n|move|p2a: Gothitelle|Imprison|p2a: Gothitelle\n|-start|p2a: Gothitelle|move: Imprison\n|\n|upkeep\n|turn|2\n|c| Kerthwack|Ooh\n|\n|t:|1700680453\n|switch|p2b: Ogerpon|Ogerpon-Wellspring, L50, F|100\/100\n|-terastallize|p1a: Ogerpon|Rock\n|detailschange|p1a: Ogerpon|Ogerpon-Cornerstone-Tera, L50, F, tera:Rock\n|-ability|p1a: Ogerpon|Embody Aspect (Cornerstone)|boost\n|-boost|p1a: Ogerpon|def|1\n|move|p2a: Gothitelle|Protect|p2a: Gothitelle\n|-singleturn|p2a: Gothitelle|Protect\n|move|p1a: Ogerpon|Ivy Cudgel|p2b: Ogerpon|[anim] Ivy Cudgel Rock\n|-crit|p2b: Ogerpon\n|-damage|p2b: Ogerpon|0 fnt\n|faint|p2b: Ogerpon\n|move|p1b: Hatterene|Dazzling Gleam|p2a: Gothitelle\n|-activate|p2a: Gothitelle|move: Protect\n|\n|upkeep\n|\n|t:|1700680469\n|switch|p2b: Rillaboom|Rillaboom, L50, M|100\/100\n|-fieldstart|move: Grassy Terrain|[from] ability: Grassy Surge|[of] p2b: Rillaboom\n|turn|3\n|\n|t:|1700680477\n|switch|p2a: Chi-Yu|Chi-Yu, L50|100\/100\n|-ability|p2a: Chi-Yu|Beads of Ruin\n|move|p1a: Ogerpon|Spiky Shield|p1a: Ogerpon\n|-singleturn|p1a: Ogerpon|move: Protect\n|move|p2b: Rillaboom|Grassy Glide|p1a: Ogerpon\n|-activate|p1a: Ogerpon|move: Protect\n|-damage|p2b: Rillaboom|88\/100|[from] Spiky Shield|[of] p1a: Ogerpon\n|move|p1b: Hatterene|Psychic|p2b: Rillaboom\n|-damage|p2b: Rillaboom|0 fnt\n|faint|p2b: Rillaboom\n|-damage|p1b: Hatterene|91\/100|[from] item: Life Orb\n|\n|-heal|p1b: Hatterene|97\/100|[from] Grassy Terrain\n|upkeep\n|\n|t:|1700680483\n|switch|p2b: Gothitelle|Gothitelle, L50, F|100\/100\n|turn|4\n|\n|t:|1700680500\n|move|p2b: Gothitelle|Fake Out|p1a: Ogerpon\n|-resisted|p1a: Ogerpon\n|-damage|p1a: Ogerpon|98\/100\n|move|p2a: Chi-Yu|Dark Pulse|p1a: Ogerpon\n|-damage|p1a: Ogerpon|19\/100\n|-damage|p2a: Chi-Yu|90\/100|[from] item: Life Orb\n|cant|p1a: Ogerpon|flinch\n|move|p1b: Hatterene|Dazzling Gleam|p2a: Chi-Yu|[spread] p2a,p2b\n|-damage|p2a: Chi-Yu|38\/100\n|-damage|p2b: Gothitelle|59\/100\n|-damage|p1b: Hatterene|87\/100|[from] item: Life Orb\n|\n|-heal|p2a: Chi-Yu|44\/100|[from] Grassy Terrain\n|-heal|p1a: Ogerpon|25\/100|[from] Grassy Terrain\n|-heal|p2b: Gothitelle|65\/100|[from] Grassy Terrain\n|-heal|p1b: Hatterene|93\/100|[from] Grassy Terrain\n|upkeep\n|turn|5\n|c|\u2606Fernanch|gg\n|-message|Fernanch forfeited.\n|\n|win|iPetBigfoot\n|c|&|\/uhtml prompt-fernanch,Fernanch is ready for game 2!\n|c|&|\/uhtml prompt-ipetbigfoot,iPetBigfoot is ready for game 2!\nBoth players are ready! Starting next match!\n|l| Kerthwack\n","uploadtime":1700680752,"views":10,"p1id":"ipetbigfoot","p2id":"fernanch","formatid":"gen9vgc2023regulatione","rating":0,"private":0,"password":""}