{"id":"gen9vgc2023regulatione-1989915913","p1":"KingOfGreed64","p2":"TheOrthwormJim","format":"[Gen 9] VGC 2023 Regulation E","log":"|j|\u2606KingOfGreed64\n|j|\u2606TheOrthwormJim\n|t:|1699906445\n|gametype|doubles\n|player|p1|KingOfGreed64|guzma|1180\n|player|p2|TheOrthwormJim|larry|1228\n|teamsize|p1|6\n|teamsize|p2|6\n|gen|9\n|tier|[Gen 9] VGC 2023 Regulation E\n|rated|\n|rule|Species Clause: Limit one of each Pok\u00e9mon\n|rule|Item Clause: Limit one of each item\n|clearpoke\n|poke|p1|Tropius, L50, F|\n|poke|p1|Torkoal, L50, M|\n|poke|p1|Grimmsnarl, L50, M|\n|poke|p1|Glimmora, L50, M|\n|poke|p1|Flutter Mane, L50|\n|poke|p1|Roaring Moon, L50|\n|poke|p2|Milotic, L50, F|\n|poke|p2|Urshifu-*, L50, M|\n|poke|p2|Ninetales-Alola, L50, F|\n|poke|p2|Iron Hands, L50|\n|poke|p2|Arcanine-Hisui, L50, M|\n|poke|p2|Iron Bundle, L50|\n|teampreview|4\n|inactive|Battle timer is ON: inactive players will automatically lose when time's up. (requested by TheOrthwormJim)\n|inactive|TheOrthwormJim has 60 seconds left.\n|\n|t:|1699906497\n|start\n|switch|p1a: Lorccan|Grimmsnarl, L50, M, shiny|100\/100\n|switch|p1b: a|Glimmora, L50, M|100\/100\n|switch|p2a: Milotic|Milotic, L50, F|100\/100\n|switch|p2b: Urshifu|Urshifu, L50, M|100\/100\n|turn|1\n|\n|t:|1699906508\n|move|p1a: Lorccan|Light Screen|p1a: Lorccan\n|-sidestart|p1: KingOfGreed64|move: Light Screen\n|move|p2b: Urshifu|Close Combat|p1a: Lorccan\n|-damage|p1a: Lorccan|32\/100\n|-unboost|p2b: Urshifu|def|1\n|-unboost|p2b: Urshifu|spd|1\n|move|p1b: a|Mortal Spin|p2b: Urshifu|[spread] p2a,p2b\n|-damage|p2a: Milotic|96\/100\n|-damage|p2b: Urshifu|93\/100\n|-status|p2a: Milotic|psn\n|-status|p2b: Urshifu|psn\n|move|p2a: Milotic|Scald|p1b: a\n|-supereffective|p1b: a\n|-damage|p1b: a|65\/100\n|\n|-damage|p2b: Urshifu|81\/100 psn|[from] psn\n|-damage|p2a: Milotic|84\/100 psn|[from] psn\n|upkeep\n|turn|2\n|\n|t:|1699906530\n|move|p1a: Lorccan|Reflect|p1a: Lorccan\n|-sidestart|p1: KingOfGreed64|Reflect\n|move|p2b: Urshifu|Close Combat|p1a: Lorccan\n|-damage|p1a: Lorccan|0 fnt\n|-unboost|p2b: Urshifu|def|1\n|-unboost|p2b: Urshifu|spd|1\n|faint|p1a: Lorccan\n|move|p1b: a|Venoshock|p2b: Urshifu\n|-damage|p2b: Urshifu|0 fnt\n|faint|p2b: Urshifu\n|move|p2a: Milotic|Scald|p1b: a\n|-supereffective|p1b: a\n|-damage|p1b: a|32\/100\n|\n|-damage|p2a: Milotic|71\/100 psn|[from] psn\n|upkeep\n|\n|t:|1699906546\n|switch|p2b: Iron Hands|Iron Hands, L50|100\/100\n|switch|p1a: banana|Tropius, L50, F, shiny|100\/100\n|turn|3\n|\n|t:|1699906567\n|move|p1a: banana|Protect|p1a: banana\n|-singleturn|p1a: banana|Protect\n|move|p2b: Iron Hands|Fake Out|p1b: a\n|-resisted|p1b: a\n|-damage|p1b: a|26\/100\n|-activate|p1b: a|ability: Toxic Debris\n|-sidestart|p2: TheOrthwormJim|move: Toxic Spikes\n|cant|p1b: a|flinch\n|move|p2a: Milotic|Scald|p1b: a\n|-supereffective|p1b: a\n|-damage|p1b: a|0 fnt\n|faint|p1b: a\n|\n|-damage|p2a: Milotic|59\/100 psn|[from] psn\n|upkeep\n|\n|t:|1699906573\n|switch|p1b: LA|Torkoal, L50, M, shiny|100\/100\n|-weather|SunnyDay|[from] ability: Drought|[of] p1b: LA\n|turn|4\n|\n|t:|1699906586\n|move|p2a: Milotic|Helping Hand|p2b: Iron Hands\n|-singleturn|p2b: Iron Hands|Helping Hand|[of] p2a: Milotic\n|move|p2b: Iron Hands|Stomping Tantrum|p1b: LA\n|-supereffective|p1b: LA\n|-damage|p1b: LA|53\/100\n|move|p1a: banana|Substitute|p1a: banana\n|-start|p1a: banana|Substitute\n|-damage|p1a: banana|75\/100\n|move|p1b: LA|Yawn|p2b: Iron Hands\n|-start|p2b: Iron Hands|move: Yawn|[of] p1b: LA\n|\n|-weather|SunnyDay|[upkeep]\n|-heal|p1b: LA|59\/100|[from] item: Leftovers\n|-damage|p2a: Milotic|47\/100 psn|[from] psn\n|upkeep\n|turn|5\n|\n|t:|1699906609\n|-end|p2b: Iron Hands|Quark Drive|[silent]\n|switch|p2b: Arcanine|Arcanine-Hisui, L50, M|100\/100\n|-status|p2b: Arcanine|psn\n|-ability|p2b: Arcanine|Intimidate|boost\n|-immune|p1a: banana\n|-unboost|p1b: LA|atk|1\n|move|p2a: Milotic|Life Dew||[still]|[spread] p2a,p2b\n|-heal|p2a: Milotic|72\/100 psn\n|-fail|p2b: Arcanine|heal\n|move|p1a: banana|Leech Seed|p2a: Milotic\n|-start|p2a: Milotic|move: Leech Seed\n|move|p1b: LA|Eruption|p2a: Milotic|[spread] p2a,p2b\n|-resisted|p2a: Milotic\n|-crit|p2a: Milotic\n|-resisted|p2b: Arcanine\n|-damage|p2a: Milotic|60\/100 psn\n|-damage|p2b: Arcanine|91\/100 psn\n|\n|-weather|SunnyDay|[upkeep]\n|-heal|p1b: LA|65\/100|[from] item: Leftovers\n|-damage|p2a: Milotic|48\/100 psn|[from] Leech Seed|[of] p1a: banana\n|-heal|p1a: banana|88\/100|[silent]\n|-damage|p2b: Arcanine|79\/100 psn|[from] psn\n|-damage|p2a: Milotic|35\/100 psn|[from] psn\n|upkeep\n|turn|6\n|inactive|TheOrthwormJim has 30 seconds left.\n|\n|t:|1699906641\n|move|p2a: Milotic|Helping Hand|p2b: Arcanine\n|-singleturn|p2b: Arcanine|Helping Hand|[of] p2a: Milotic\n|move|p2b: Arcanine|Rock Slide|p1a: banana|[spread] p1a,p1b\n|-supereffective|p1a: banana\n|-end|p1a: banana|Substitute\n|-supereffective|p1b: LA\n|-damage|p1b: LA|0 fnt\n|faint|p1b: LA\n|move|p1a: banana|Leech Seed|p2b: Arcanine\n|-start|p2b: Arcanine|move: Leech Seed\n|\n|-weather|SunnyDay|[upkeep]\n|-damage|p2b: Arcanine|66\/100 psn|[from] Leech Seed|[of] p1a: banana\n|-heal|p1a: banana|99\/100|[silent]\n|-damage|p2a: Milotic|23\/100 psn|[from] Leech Seed|[of] p1a: banana\n|-heal|p1a: banana|100\/100|[silent]\n|-damage|p2b: Arcanine|54\/100 psn|[from] psn\n|-damage|p2a: Milotic|10\/100 psn|[from] psn\n|upkeep\n|turn|7\n|\n|t:|1699906657\n|switch|p2b: Iron Hands|Iron Hands, L50|100\/100\n|-status|p2b: Iron Hands|psn\n|move|p2a: Milotic|Life Dew||[still]|[spread] p2a,p2b\n|-heal|p2a: Milotic|36\/100 psn\n|-fail|p2b: Iron Hands|heal\n|move|p1a: banana|Substitute|p1a: banana\n|-start|p1a: banana|Substitute\n|-damage|p1a: banana|75\/100\n|\n|-weather|SunnyDay|[upkeep]\n|-damage|p2a: Milotic|23\/100 psn|[from] Leech Seed|[of] p1a: banana\n|-heal|p1a: banana|88\/100|[silent]\n|-damage|p2a: Milotic|11\/100 psn|[from] psn\n|-damage|p2b: Iron Hands|88\/100 psn|[from] psn\n|upkeep\n|turn|8\n|inactive|TheOrthwormJim has 30 seconds left.\n|\n|t:|1699906683\n|move|p2a: Milotic|Scald|p1a: banana\n|-resisted|p1a: banana\n|-activate|p1a: banana|move: Substitute|[damage]\n|move|p2b: Iron Hands|Heavy Slam|p1a: banana\n|-activate|p1a: banana|move: Substitute|[damage]\n|move|p1a: banana|Leech Seed|p2b: Iron Hands\n|-start|p2b: Iron Hands|move: Leech Seed\n|\n|-weather|none\n|-damage|p2a: Milotic|0 fnt|[from] Leech Seed|[of] p1a: banana\n|-heal|p1a: banana|98\/100|[silent]\n|faint|p2a: Milotic\n|-damage|p2b: Iron Hands|76\/100 psn|[from] Leech Seed|[of] p1a: banana\n|-heal|p1a: banana|100\/100|[silent]\n|-damage|p2b: Iron Hands|64\/100 psn|[from] psn\n|-sideend|p1: KingOfGreed64|move: Light Screen\n|upkeep\n|\n|t:|1699906691\n|switch|p2a: Arcanine|Arcanine-Hisui, L50, M|54\/100 psn\n|-ability|p2a: Arcanine|Intimidate|boost\n|-immune|p1a: banana\n|turn|9\n|\n|t:|1699906697\n|move|p2a: Arcanine|Flare Blitz|p1a: banana\n|-supereffective|p1a: banana\n|-end|p1a: banana|Substitute\n|-damage|p2a: Arcanine|52\/100 psn|[from] Recoil|[of] p1a: banana\n|move|p2b: Iron Hands|Heavy Slam|p1a: banana\n|-damage|p1a: banana|84\/100\n|move|p1a: banana|Leech Seed|p2a: Arcanine\n|-start|p2a: Arcanine|move: Leech Seed\n|\n|-damage|p2a: Arcanine|39\/100 psn|[from] Leech Seed|[of] p1a: banana\n|-heal|p1a: banana|95\/100|[silent]\n|-damage|p2b: Iron Hands|52\/100 psn|[from] Leech Seed|[of] p1a: banana\n|-heal|p1a: banana|100\/100|[silent]\n|-damage|p2a: Arcanine|27\/100 psn|[from] psn\n|-damage|p2b: Iron Hands|39\/100 psn|[from] psn\n|-sideend|p1: KingOfGreed64|Reflect\n|upkeep\n|turn|10\n|\n|t:|1699906709\n|move|p1a: banana|Protect|p1a: banana\n|-singleturn|p1a: banana|Protect\n|move|p2a: Arcanine|Flare Blitz|p1a: banana\n|-activate|p1a: banana|move: Protect\n|move|p2b: Iron Hands|Heavy Slam|p1a: banana\n|-activate|p1a: banana|move: Protect\n|\n|-damage|p2a: Arcanine|15\/100 psn|[from] Leech Seed|[of] p1a: banana\n|-damage|p2b: Iron Hands|27\/100 psn|[from] Leech Seed|[of] p1a: banana\n|-damage|p2a: Arcanine|2\/100 psn|[from] psn\n|-damage|p2b: Iron Hands|15\/100 psn|[from] psn\n|upkeep\n|turn|11\n|\n|t:|1699906716\n|-terastallize|p1a: banana|Fire\n|move|p2a: Arcanine|Flare Blitz|p1a: banana\n|-resisted|p1a: banana\n|-damage|p1a: banana|69\/100\n|-damage|p2a: Arcanine|0 fnt|[from] Recoil\n|faint|p2a: Arcanine\n|move|p2b: Iron Hands|Heavy Slam|p1a: banana\n|-resisted|p1a: banana\n|-damage|p1a: banana|57\/100\n|move|p1a: banana|Substitute|p1a: banana\n|-start|p1a: banana|Substitute\n|-damage|p1a: banana|32\/100\n|-enditem|p1a: banana|Sitrus Berry|[eat]\n|-heal|p1a: banana|57\/100|[from] item: Sitrus Berry\n|\n|-damage|p2b: Iron Hands|3\/100 psn|[from] Leech Seed|[of] p1a: banana\n|-heal|p1a: banana|71\/100|[silent]\n|-damage|p2b: Iron Hands|0 fnt|[from] psn\n|faint|p2b: Iron Hands\n|-end|p2b: Iron Hands|Quark Drive|[silent]\n|\n|win|KingOfGreed64\n|upkeep\n|raw|KingOfGreed64's rating: 1180 &rarr; <strong>1208<\/strong><br \/>(+28 for winning)\n|raw|TheOrthwormJim's rating: 1228 &rarr; <strong>1200<\/strong><br \/>(-28 for losing)\n|c|\u2606TheOrthwormJim|ggs\n|c|\u2606KingOfGreed64|gg\n|l|\u2606TheOrthwormJim\n","uploadtime":1699906738,"views":6,"p1id":"kingofgreed64","p2id":"theorthwormjim","formatid":"gen9vgc2023regulatione","rating":1200,"private":0,"password":""}