{"id":"gen9vgc2023regulatione-1988539768","p1":"justin tang fan","p2":"tastethekoalabear","format":"[Gen 9] VGC 2023 Regulation E","log":"|j|\u2606justin tang fan\n|j|\u2606tastethekoalabear\n|n|\u2606justin tang fan|justintangfan\n|n|\u2606tastethekoalabear|tastethekoalabear\n|html|View the match progress at <a href=\"\/game-bestof3-gen9vgc2023regulatione-1988537871\">game-bestof3-gen9vgc2023regulatione-1988537871<\/a>\n|t:|1699733867\n|gametype|doubles\n|player|p1|justin tang fan|lucas|\n|player|p2|tastethekoalabear|170|\n|teamsize|p1|6\n|teamsize|p2|6\n|gen|9\n|tier|[Gen 9] VGC 2023 Regulation E\n|rule|Species Clause: Limit one of each Pok\u00e9mon\n|rule|Item Clause: Limit one of each item\n|clearpoke\n|poke|p1|Urshifu-*, L50, F|\n|poke|p1|Rillaboom, L50, M|\n|poke|p1|Sylveon, L50, F|\n|poke|p1|Typhlosion-Hisui, L50, F|\n|poke|p1|Kleavor, L50, F|\n|poke|p1|Drifblim, L50, M|\n|poke|p2|Volbeat, L50, M|\n|poke|p2|Magnezone, L50|\n|poke|p2|Ogerpon-Hearthflame, L50, F|\n|poke|p2|Brambleghast, L50, F|\n|poke|p2|Tauros-Paldea-Aqua, L50, M|\n|poke|p2|Chi-Yu, L50|\n|teampreview|4\n|\n|t:|1699733915\n|start\n|switch|p1a: Rillaboom|Rillaboom, L50, M|100\/100\n|switch|p1b: Urshifu|Urshifu-Rapid-Strike, L50, F|100\/100\n|switch|p2a: The Beat|Volbeat, L50, M|100\/100\n|switch|p2b: The Fish|Chi-Yu, L50|100\/100\n|-ability|p2b: The Fish|Beads of Ruin\n|-fieldstart|move: Grassy Terrain|[from] ability: Grassy Surge|[of] p1a: Rillaboom\n|turn|1\n|\n|t:|1699733935\n|-terastallize|p2b: The Fish|Ghost\n|-terastallize|p1a: Rillaboom|Fire\n|move|p1a: Rillaboom|Fake Out|p2a: The Beat\n|-damage|p2a: The Beat|81\/100\n|move|p2a: The Beat|Tailwind|p2a: The Beat\n|-sidestart|p2: tastethekoalabear|move: Tailwind\n|move|p2b: The Fish|Heat Wave|p1b: Urshifu|[spread] p1a,p1b\n|-resisted|p1a: Rillaboom\n|-resisted|p1b: Urshifu\n|-crit|p1b: Urshifu\n|-damage|p1a: Rillaboom|57\/100\n|-damage|p1b: Urshifu|19\/100\n|move|p1b: Urshifu|Surging Strikes|p2b: The Fish\n|-crit|p2b: The Fish\n|-damage|p2b: The Fish|64\/100\n|-crit|p2b: The Fish\n|-damage|p2b: The Fish|27\/100\n|-crit|p2b: The Fish\n|-damage|p2b: The Fish|0 fnt\n|faint|p2b: The Fish\n|-hitcount|p2: The Fish|3\n|\n|-heal|p1b: Urshifu|25\/100|[from] Grassy Terrain\n|-heal|p2a: The Beat|86\/100|[from] Grassy Terrain\n|-heal|p1a: Rillaboom|63\/100|[from] Grassy Terrain\n|upkeep\n|\n|t:|1699733956\n|switch|p2b: The Bull|Tauros-Paldea-Aqua, L50, M|100\/100\n|turn|2\n|\n|t:|1699733972\n|move|p2a: The Beat|Encore|p1a: Rillaboom\n|-start|p1a: Rillaboom|Encore\n|move|p1a: Rillaboom|Fake Out||[still]\n|-hint|Fake Out only works on your first turn out.\n|-fail|p1a: Rillaboom\n|move|p2b: The Bull|High Horsepower|p1b: Urshifu\n|-damage|p1b: Urshifu|0 fnt\n|faint|p1b: Urshifu\n|\n|-heal|p2a: The Beat|92\/100|[from] Grassy Terrain\n|-heal|p1a: Rillaboom|69\/100|[from] Grassy Terrain\n|upkeep\n|\n|t:|1699733981\n|switch|p1b: Drifblim|Drifblim, L50, M, shiny|100\/100\n|-enditem|p1b: Drifblim|Grassy Seed\n|-boost|p1b: Drifblim|def|1|[from] item: Grassy Seed\n|turn|3\n|\n|t:|1699734004\n|switch|p1a: Kleavor|Kleavor, L50, F|100\/100\n|move|p2a: The Beat|Helping Hand|p2b: The Bull\n|-singleturn|p2b: The Bull|Helping Hand|[of] p2a: The Beat\n|move|p2b: The Bull|Raging Bull|p1b: Drifblim\n|-damage|p1b: Drifblim|47\/100\n|move|p1b: Drifblim|Acrobatics|p2b: The Bull\n|-supereffective|p2b: The Bull\n|-damage|p2b: The Bull|19\/100\n|\n|-heal|p2b: The Bull|25\/100|[from] Grassy Terrain\n|-heal|p2a: The Beat|98\/100|[from] Grassy Terrain\n|upkeep\n|turn|4\n|\n|t:|1699734025\n|move|p2a: The Beat|Helping Hand|p2b: The Bull\n|-singleturn|p2b: The Bull|Helping Hand|[of] p2a: The Beat\n|move|p2b: The Bull|Raging Bull|p1a: Kleavor\n|-supereffective|p1a: Kleavor\n|-damage|p1a: Kleavor|0 fnt\n|faint|p1a: Kleavor\n|move|p1b: Drifblim|Tailwind|p1b: Drifblim\n|-sidestart|p1: justin tang fan|move: Tailwind\n|\n|-heal|p2b: The Bull|31\/100|[from] Grassy Terrain\n|-heal|p2a: The Beat|100\/100|[from] Grassy Terrain\n|-sideend|p2: tastethekoalabear|move: Tailwind\n|upkeep\n|\n|t:|1699734032\n|switch|p1a: Rillaboom|Rillaboom, L50, M, tera:Fire|69\/100\n|turn|5\n|\n|t:|1699734042\n|move|p1a: Rillaboom|Grassy Glide|p2b: The Bull\n|-supereffective|p2b: The Bull\n|-damage|p2b: The Bull|0 fnt\n|faint|p2b: The Bull\n|move|p2a: The Beat|Tailwind|p2a: The Beat\n|-sidestart|p2: tastethekoalabear|move: Tailwind\n|move|p1b: Drifblim|Acrobatics|p2a: The Beat\n|-supereffective|p2a: The Beat\n|-damage|p2a: The Beat|19\/100\n|\n|-heal|p1a: Rillaboom|75\/100|[from] Grassy Terrain\n|-heal|p2a: The Beat|24\/100|[from] Grassy Terrain\n|-fieldend|move: Grassy Terrain\n|upkeep\n|\n|t:|1699734048\n|switch|p2b: The Pon|Ogerpon-Hearthflame, L50, F|100\/100\n|-ability|p2b: The Pon|Mold Breaker\n|turn|6\n|\n|t:|1699734073\n|move|p2b: The Pon|Spiky Shield|p2b: The Pon\n|-singleturn|p2b: The Pon|move: Protect\n|move|p2a: The Beat|Encore|p1a: Rillaboom\n|-start|p1a: Rillaboom|Encore\n|move|p1b: Drifblim|Destiny Bond|p1b: Drifblim\n|-singlemove|p1b: Drifblim|Destiny Bond\n|move|p1a: Rillaboom|Grassy Glide|p2a: The Beat\n|-resisted|p2a: The Beat\n|-damage|p2a: The Beat|0 fnt\n|faint|p2a: The Beat\n|\n|upkeep\n|turn|7\n|\n|t:|1699734089\n|move|p1b: Drifblim|Acrobatics|p2b: The Pon\n|-supereffective|p2b: The Pon\n|-damage|p2b: The Pon|11\/100\n|move|p2b: The Pon|Ivy Cudgel|p1a: Rillaboom\n|-resisted|p1a: Rillaboom\n|-damage|p1a: Rillaboom|45\/100\n|move|p1a: Rillaboom|Grassy Glide|p2b: The Pon\n|-resisted|p2b: The Pon\n|-damage|p2b: The Pon|0 fnt\n|faint|p2b: The Pon\n|\n|win|justin tang fan\n|c|&|\/uhtml prompt-justintangfan,justin tang fan is ready for game 3!\n|c|&|\/uhtml prompt-tastethekoalabear,tastethekoalabear is ready for game 3!\nBoth players are ready! Starting next match!\n|l|\u2606tastethekoalabear\n","uploadtime":1699734330,"views":26,"p1id":"justintangfan","p2id":"tastethekoalabear","formatid":"gen9vgc2023regulatione","rating":0,"private":0,"password":""}