{"id":"gen9vgc2023regulatione-1992903216","p1":"CarmiCorn","p2":"BenevolentWhale","format":"[Gen 9] VGC 2023 Regulation E","log":"|j|\u2606CarmiCorn\n|j|\u2606BenevolentWhale\n|t:|1700245416\n|gametype|doubles\n|player|p1|CarmiCorn|swimmer-gen4dp|\n|player|p2|BenevolentWhale|1|\n|teamsize|p1|6\n|teamsize|p2|6\n|gen|9\n|tier|[Gen 9] VGC 2023 Regulation E\n|rule|Species Clause: Limit one of each Pok\u00e9mon\n|rule|Item Clause: Limit one of each item\n|clearpoke\n|poke|p1|Wigglytuff, L50, M|\n|poke|p1|Morgrem, L50, M|\n|poke|p1|Gastrodon, L50, M|\n|poke|p1|Goodra, L50, F|\n|poke|p1|Noivern, L50, F|\n|poke|p1|Pawmot, L50, F|\n|poke|p2|Qwilfish, L50, F|\n|poke|p2|Murkrow, L50, F|\n|poke|p2|Farigiraf, L50, F|\n|poke|p2|Gholdengo, L50|\n|poke|p2|Polteageist, L50|\n|poke|p2|Blissey, L50, F|\n|teampreview|4\nBenevolentWhale rejected open team sheets.\n|\n|t:|1700245492\n|start\n|switch|p1a: HIM|Wigglytuff, L50, M|100\/100\n|switch|p1b: Mint Mobile|Noivern, L50, F, shiny|100\/100\n|switch|p2a: \ud835\udde4\ud835\uddea\ud835\udddc\ud835\udddf \ud835\udff0\ud835\udff1.|Qwilfish, L50, F, shiny|100\/100\n|switch|p2b: \uff34\uff28\uff25 \uff37\uff2f\uff32\uff24|Murkrow, L50, F|100\/100\n|-item|p2a: \ud835\udde4\ud835\uddea\ud835\udddc\ud835\udddf \ud835\udff0\ud835\udff1.|Loaded Dice|[from] ability: Frisk|[of] p1b: Mint Mobile|[identify]\n|-item|p2b: \uff34\uff28\uff25 \uff37\uff2f\uff32\uff24|Eviolite|[from] ability: Frisk|[of] p1b: Mint Mobile|[identify]\n|-ability|p2a: \ud835\udde4\ud835\uddea\ud835\udddc\ud835\udddf \ud835\udff0\ud835\udff1.|Intimidate|boost\n|-unboost|p1a: HIM|atk|1\n|-ability|p1a: HIM|Competitive|boost\n|-boost|p1a: HIM|spa|2\n|-unboost|p1b: Mint Mobile|atk|1\n|turn|1\n|c|\u2606BenevolentWhale|HIM\n|\n|t:|1700245597\n|-terastallize|p2a: \ud835\udde4\ud835\uddea\ud835\udddc\ud835\udddf \ud835\udff0\ud835\udff1.|Dragon\n|-terastallize|p1a: HIM|Dark\n|move|p2b: \uff34\uff28\uff25 \uff37\uff2f\uff32\uff24|Tailwind|p2b: \uff34\uff28\uff25 \uff37\uff2f\uff32\uff24\n|-sidestart|p2: BenevolentWhale|move: Tailwind\n|move|p2a: \ud835\udde4\ud835\uddea\ud835\udddc\ud835\udddf \ud835\udff0\ud835\udff1.|Scale Shot|p1b: Mint Mobile\n|-supereffective|p1b: Mint Mobile\n|-damage|p1b: Mint Mobile|75\/100\n|-supereffective|p1b: Mint Mobile\n|-damage|p1b: Mint Mobile|47\/100\n|-enditem|p1b: Mint Mobile|Sitrus Berry|[eat]\n|-heal|p1b: Mint Mobile|72\/100|[from] item: Sitrus Berry\n|-supereffective|p1b: Mint Mobile\n|-damage|p1b: Mint Mobile|43\/100\n|-supereffective|p1b: Mint Mobile\n|-damage|p1b: Mint Mobile|17\/100\n|-supereffective|p1b: Mint Mobile\n|-damage|p1b: Mint Mobile|0 fnt\n|faint|p1b: Mint Mobile\n|-hitcount|p1: Mint Mobile|5\n|-unboost|p2a: \ud835\udde4\ud835\uddea\ud835\udddc\ud835\udddf \ud835\udff0\ud835\udff1.|def|1\n|-boost|p2a: \ud835\udde4\ud835\uddea\ud835\udddc\ud835\udddf \ud835\udff0\ud835\udff1.|spe|1\n|move|p1a: HIM|Thunderbolt|p2b: \uff34\uff28\uff25 \uff37\uff2f\uff32\uff24\n|-supereffective|p2b: \uff34\uff28\uff25 \uff37\uff2f\uff32\uff24\n|-damage|p2b: \uff34\uff28\uff25 \uff37\uff2f\uff32\uff24|11\/100\n|\n|upkeep\n|\n|t:|1700245626\n|switch|p1b: Emo Phase|Morgrem, L50, M|100\/100\n|turn|2\n|\n|t:|1700245728\n|move|p1b: Emo Phase|Fake Out|p2b: \uff34\uff28\uff25 \uff37\uff2f\uff32\uff24\n|-damage|p2b: \uff34\uff28\uff25 \uff37\uff2f\uff32\uff24|2\/100\n|move|p2a: \ud835\udde4\ud835\uddea\ud835\udddc\ud835\udddf \ud835\udff0\ud835\udff1.|Flip Turn|p1a: HIM\n|-damage|p1a: HIM|67\/100\n|\n|t:|1700245761\n|switch|p2a: \ud83e\udd92|Farigiraf, L50, F|100\/100|[from] Flip Turn\n|cant|p2b: \uff34\uff28\uff25 \uff37\uff2f\uff32\uff24|flinch\n|move|p1a: HIM|Thunderbolt|p2a: \ud83e\udd92\n|-damage|p2a: \ud83e\udd92|62\/100\n|\n|upkeep\n|turn|3\n|\n|t:|1700245824\n|move|p1b: Emo Phase|Light Screen|p1b: Emo Phase\n|-sidestart|p1: CarmiCorn|move: Light Screen\n|move|p2b: \uff34\uff28\uff25 \uff37\uff2f\uff32\uff24|U-turn|p1a: HIM\n|-supereffective|p1a: HIM\n|-damage|p1a: HIM|27\/100\n|-enditem|p1a: HIM|Weakness Policy\n|-boost|p1a: HIM|atk|2|[from] item: Weakness Policy\n|-boost|p1a: HIM|spa|2|[from] item: Weakness Policy\n|\n|t:|1700245831\n|switch|p2b: Scrambler|Blissey, L50, F|100\/100|[from] U-turn\n|move|p2a: \ud83e\udd92|Dazzling Gleam|p1a: HIM|[spread] p1a,p1b\n|-supereffective|p1a: HIM\n|-supereffective|p1b: Emo Phase\n|-damage|p1a: HIM|0 fnt\n|-damage|p1b: Emo Phase|77\/100\n|faint|p1a: HIM\n|\n|upkeep\n|\n|t:|1700245838\n|switch|p1a: The Kid|Pawmot, L50, F|100\/100\n|turn|4\n|\n|t:|1700245900\n|move|p1b: Emo Phase|Misty Terrain|p1b: Emo Phase\n|-fieldstart|move: Misty Terrain\n|move|p1a: The Kid|Close Combat|p2b: Scrambler\n|-supereffective|p2b: Scrambler\n|-damage|p2b: Scrambler|0 fnt\n|-unboost|p1a: The Kid|def|1\n|-unboost|p1a: The Kid|spd|1\n|faint|p2b: Scrambler\n|move|p2a: \ud83e\udd92|Psychic|p1a: The Kid\n|-supereffective|p1a: The Kid\n|-enditem|p1a: The Kid|Focus Sash\n|-damage|p1a: The Kid|1\/100\n|\n|-sideend|p2: BenevolentWhale|move: Tailwind\n|upkeep\n|\n|t:|1700245915\n|switch|p2b: \uff34\uff28\uff25 \uff37\uff2f\uff32\uff24|Murkrow, L50, F|2\/100\n|turn|5\n|\n|t:|1700245976\n|move|p2b: \uff34\uff28\uff25 \uff37\uff2f\uff32\uff24|Tailwind|p2b: \uff34\uff28\uff25 \uff37\uff2f\uff32\uff24\n|-sidestart|p2: BenevolentWhale|move: Tailwind\n|move|p1b: Emo Phase|Reflect|p1b: Emo Phase\n|-sidestart|p1: CarmiCorn|Reflect\n|move|p1a: The Kid|Close Combat|p2a: \ud83e\udd92\n|-damage|p2a: \ud83e\udd92|2\/100\n|-unboost|p1a: The Kid|def|1\n|-unboost|p1a: The Kid|spd|1\n|move|p2a: \ud83e\udd92|Psychic|p1a: The Kid\n|-supereffective|p1a: The Kid\n|-damage|p1a: The Kid|0 fnt\n|faint|p1a: The Kid\n|\n|upkeep\n|turn|6\n|\n|t:|1700246005\n|move|p2b: \uff34\uff28\uff25 \uff37\uff2f\uff32\uff24|Protect|p2b: \uff34\uff28\uff25 \uff37\uff2f\uff32\uff24\n|-singleturn|p2b: \uff34\uff28\uff25 \uff37\uff2f\uff32\uff24|Protect\n|move|p1b: Emo Phase|Fake Out||[still]\n|cant|p2a: \ud83e\udd92|ability: Armor Tail|Fake Out|[of] p1b: Emo Phase\n|move|p2a: \ud83e\udd92|Dazzling Gleam|p1b: Emo Phase\n|-supereffective|p1b: Emo Phase\n|-damage|p1b: Emo Phase|44\/100\n|\n|upkeep\n|turn|7\n|\n|t:|1700246046\n|move|p1b: Emo Phase|Light Screen||[still]\n|-fail|p1b: Emo Phase\n|move|p2b: \uff34\uff28\uff25 \uff37\uff2f\uff32\uff24|Dark Pulse|p1b: Emo Phase\n|-resisted|p1b: Emo Phase\n|-damage|p1b: Emo Phase|41\/100\n|move|p2a: \ud83e\udd92|Dazzling Gleam|p1b: Emo Phase\n|-supereffective|p1b: Emo Phase\n|-damage|p1b: Emo Phase|13\/100\n|\n|-sideend|p1: CarmiCorn|move: Light Screen\n|upkeep\n|turn|8\n|\n|t:|1700246064\n|move|p2b: \uff34\uff28\uff25 \uff37\uff2f\uff32\uff24|Protect|p2b: \uff34\uff28\uff25 \uff37\uff2f\uff32\uff24\n|-singleturn|p2b: \uff34\uff28\uff25 \uff37\uff2f\uff32\uff24|Protect\n|move|p1b: Emo Phase|Light Screen|p1b: Emo Phase\n|-sidestart|p1: CarmiCorn|move: Light Screen\n|move|p2a: \ud83e\udd92|Dazzling Gleam|p1b: Emo Phase\n|-supereffective|p1b: Emo Phase\n|-damage|p1b: Emo Phase|0 fnt\n|faint|p1b: Emo Phase\n|\n|win|BenevolentWhale\n","uploadtime":1700246074,"views":33,"p1id":"carmicorn","p2id":"benevolentwhale","formatid":"gen9vgc2023regulatione","rating":0,"private":0,"password":""}