{"id":"gen9vgc2023regulatione-1998592174","p1":"Neutralist","p2":"KingA3","format":"[Gen 9] VGC 2023 Regulation E","log":"|j|\u2606Neutralist\n|j|\u2606KingA3\n|t:|1700960369\n|gametype|doubles\n|player|p1|Neutralist|266|1308\n|player|p2|KingA3|266|1351\n|teamsize|p1|6\n|teamsize|p2|6\n|gen|9\n|tier|[Gen 9] VGC 2023 Regulation E\n|rated|\n|rule|Species Clause: Limit one of each Pok\u00e9mon\n|rule|Item Clause: Limit one of each item\n|clearpoke\n|poke|p1|Baxcalibur, L50, M|\n|poke|p1|Ninetales-Alola, L50, F|\n|poke|p1|Ogerpon-Wellspring, L50, F|\n|poke|p1|Rillaboom, L50, F|\n|poke|p1|Heatran, L50, M|\n|poke|p1|Moltres-Galar, L50|\n|poke|p2|Indeedee-F, L50, F|\n|poke|p2|Armarouge, L50, M|\n|poke|p2|Ursaluna, L50, M|\n|poke|p2|Urshifu-*, L50, M|\n|poke|p2|Torkoal, L50, M|\n|poke|p2|Iron Hands, L50|\n|teampreview|4\nNeutralist has agreed to open team sheets.\n|inactive|Battle timer is ON: inactive players will automatically lose when time's up. (requested by KingA3)\n|\n|t:|1700960392\n|start\n|switch|p1a: Skillseal|Ninetales-Alola, L50, F|100\/100\n|switch|p1b: GLAVENUS|Baxcalibur, L50, M|100\/100\n|switch|p2a: Indeedee|Indeedee-F, L50, F|100\/100\n|switch|p2b: Armarouge|Armarouge, L50, M|100\/100\n|-weather|Snow|[from] ability: Snow Warning|[of] p1a: Skillseal\n|-fieldstart|move: Psychic Terrain|[from] ability: Psychic Surge|[of] p2a: Indeedee\n|-enditem|p2a: Indeedee|Psychic Seed\n|-boost|p2a: Indeedee|spd|1|[from] item: Psychic Seed\n|turn|1\n|\n|t:|1700960416\n|move|p1b: GLAVENUS|Protect|p1b: GLAVENUS\n|-singleturn|p1b: GLAVENUS|Protect\n|move|p2a: Indeedee|Follow Me|p2a: Indeedee\n|-singleturn|p2a: Indeedee|move: Follow Me\n|move|p1a: Skillseal|Aurora Veil|p1a: Skillseal\n|-sidestart|p1: Neutralist|move: Aurora Veil\n|move|p2b: Armarouge|Trick Room|p2b: Armarouge\n|-fieldstart|move: Trick Room|[of] p2b: Armarouge\n|\n|-weather|Snow|[upkeep]\n|upkeep\n|turn|2\n|\n|t:|1700960433\n|move|p2a: Indeedee|Helping Hand|p2b: Armarouge\n|-singleturn|p2b: Armarouge|Helping Hand|[of] p2a: Indeedee\n|move|p2b: Armarouge|Expanding Force|p1a: Skillseal|[spread] p1a,p1b\n|-damage|p1a: Skillseal|19\/100\n|-damage|p1b: GLAVENUS|20\/100\n|move|p1b: GLAVENUS|Swords Dance|p1b: GLAVENUS\n|-boost|p1b: GLAVENUS|atk|2\n|move|p1a: Skillseal|Encore|p2a: Indeedee\n|-start|p2a: Indeedee|Encore\n|\n|-weather|Snow|[upkeep]\n|-heal|p1b: GLAVENUS|26\/100|[from] ability: Ice Body\n|upkeep\n|turn|3\n|\n|t:|1700960454\n|switch|p1b: Hellmanns|Heatran, L50, M|100\/100\n|switch|p1a: L'monki|Rillaboom, L50, F|100\/100\n|-fieldstart|move: Grassy Terrain|[from] ability: Grassy Surge|[of] p1a: L'monki\n|move|p2a: Indeedee|Helping Hand|p2b: Armarouge\n|-singleturn|p2b: Armarouge|Helping Hand|[of] p2a: Indeedee\n|move|p2b: Armarouge|Heat Wave|p1b: Hellmanns|[spread] p1a\n|-start|p1b: Hellmanns|ability: Flash Fire\n|-supereffective|p1a: L'monki\n|-damage|p1a: L'monki|39\/100\n|\n|-weather|Snow|[upkeep]\n|-heal|p1a: L'monki|45\/100|[from] Grassy Terrain\n|upkeep\n|turn|4\n|inactive|KingA3 has 30 seconds left.\n|\n|t:|1700960483\n|-terastallize|p2b: Armarouge|Grass\n|move|p2a: Indeedee|Helping Hand|p2b: Armarouge\n|-singleturn|p2b: Armarouge|Helping Hand|[of] p2a: Indeedee\n|move|p1a: L'monki|Fake Out|p2b: Armarouge\n|-damage|p2b: Armarouge|87\/100\n|cant|p2b: Armarouge|flinch\n|move|p1b: Hellmanns|Heat Wave|p2a: Indeedee|[spread] p2a\n|-start|p2b: Armarouge|ability: Flash Fire\n|-crit|p2a: Indeedee\n|-damage|p2a: Indeedee|3\/100\n|-damage|p1b: Hellmanns|91\/100|[from] item: Life Orb\n|\n|-weather|Snow|[upkeep]\n|-heal|p2b: Armarouge|94\/100|[from] Grassy Terrain\n|-heal|p2a: Indeedee|9\/100|[from] Grassy Terrain\n|-heal|p1a: L'monki|51\/100|[from] Grassy Terrain\n|-heal|p1b: Hellmanns|97\/100|[from] Grassy Terrain\n|upkeep\n|turn|5\n|inactive|KingA3 has 30 seconds left.\n|\n|t:|1700960510\n|switch|p1a: Skillseal|Ninetales-Alola, L50, F|19\/100\n|move|p2a: Indeedee|Helping Hand|p2b: Armarouge\n|-singleturn|p2b: Armarouge|Helping Hand|[of] p2a: Indeedee\n|move|p1b: Hellmanns|Protect|p1b: Hellmanns\n|-singleturn|p1b: Hellmanns|Protect\n|move|p2b: Armarouge|Expanding Force|p1a: Skillseal\n|-damage|p1a: Skillseal|0 fnt\n|faint|p1a: Skillseal\n|\n|-weather|none\n|-heal|p2b: Armarouge|99\/100|[from] Grassy Terrain\n|-heal|p2a: Indeedee|15\/100|[from] Grassy Terrain\n|-heal|p1b: Hellmanns|100\/100|[from] Grassy Terrain\n|-end|p2a: Indeedee|Encore\n|-fieldend|move: Trick Room\n|upkeep\n|\n|t:|1700960513\n|switch|p1a: L'monki|Rillaboom, L50, F|51\/100\n|turn|6\n|\n|t:|1700960533\n|move|p1a: L'monki|Fake Out|p2a: Indeedee\n|-damage|p2a: Indeedee|0 fnt\n|faint|p2a: Indeedee\n|move|p1b: Hellmanns|Flash Cannon|p2b: Armarouge\n|-damage|p2b: Armarouge|46\/100\n|-damage|p1b: Hellmanns|91\/100|[from] item: Life Orb\n|move|p2b: Armarouge|Trick Room|p2b: Armarouge\n|-fieldstart|move: Trick Room|[of] p2b: Armarouge\n|\n|-heal|p2b: Armarouge|53\/100|[from] Grassy Terrain\n|-heal|p1a: L'monki|57\/100|[from] Grassy Terrain\n|-heal|p1b: Hellmanns|97\/100|[from] Grassy Terrain\n|upkeep\n|\n|t:|1700960549\n|switch|p2a: Ursaluna|Ursaluna, L50, M|100\/100\n|turn|7\n|\n|t:|1700960567\n|-terastallize|p1b: Hellmanns|Fairy\n|move|p1a: L'monki|Grassy Glide|p2a: Ursaluna\n|-supereffective|p2a: Ursaluna\n|-damage|p2a: Ursaluna|41\/100\n|move|p2a: Ursaluna|Headlong Rush|p1b: Hellmanns\n|-damage|p1b: Hellmanns|58\/100\n|-unboost|p2a: Ursaluna|def|1\n|-unboost|p2a: Ursaluna|spd|1\n|move|p2b: Armarouge|Expanding Force|p1a: L'monki\n|-damage|p1a: L'monki|30\/100\n|move|p1b: Hellmanns|Flash Cannon|p2b: Armarouge\n|-damage|p2b: Armarouge|2\/100\n|-damage|p1b: Hellmanns|49\/100|[from] item: Life Orb\n|\n|-heal|p2a: Ursaluna|47\/100|[from] Grassy Terrain\n|-heal|p2b: Armarouge|8\/100|[from] Grassy Terrain\n|-heal|p1a: L'monki|36\/100|[from] Grassy Terrain\n|-heal|p1b: Hellmanns|55\/100|[from] Grassy Terrain\n|-fieldend|move: Grassy Terrain\n|-status|p2a: Ursaluna|brn|[from] item: Flame Orb\n|upkeep\n|turn|8\n|inactive|KingA3 has 30 seconds left.\n|inactive|Neutralist has 30 seconds left.\n|\n|t:|1700960601\n|switch|p1a: GLAVENUS|Baxcalibur, L50, M|26\/100\n|move|p1b: Hellmanns|Protect|p1b: Hellmanns\n|-singleturn|p1b: Hellmanns|Protect\n|move|p2a: Ursaluna|Facade|p1b: Hellmanns\n|-activate|p1b: Hellmanns|move: Protect\n|move|p2b: Armarouge|Heat Wave|p1a: GLAVENUS|[spread] p1a\n|-activate|p1b: Hellmanns|move: Protect\n|-damage|p1a: GLAVENUS|0 fnt\n|faint|p1a: GLAVENUS\n|\n|-damage|p2a: Ursaluna|41\/100 brn|[from] brn\n|-sideend|p1: Neutralist|move: Aurora Veil\n|upkeep\n|\n|t:|1700960604\n|switch|p1a: L'monki|Rillaboom, L50, F|36\/100\n|-fieldstart|move: Grassy Terrain|[from] ability: Grassy Surge|[of] p1a: L'monki\n|turn|9\n|inactive|KingA3 has 30 seconds left.\n|\n|t:|1700960642\n|-end|p2b: Armarouge|ability: Flash Fire|[silent]\n|switch|p2b: Torkoal|Torkoal, L50, M|100\/100\n|-weather|SunnyDay|[from] ability: Drought|[of] p2b: Torkoal\n|move|p2a: Ursaluna|Protect|p2a: Ursaluna\n|-singleturn|p2a: Ursaluna|Protect\n|move|p1a: L'monki|Grassy Glide|p2a: Ursaluna\n|-activate|p2a: Ursaluna|move: Protect\n|move|p1b: Hellmanns|Flash Cannon|p2b: Torkoal\n|-resisted|p2b: Torkoal\n|-damage|p2b: Torkoal|67\/100\n|-damage|p1b: Hellmanns|45\/100|[from] item: Life Orb\n|\n|-weather|SunnyDay|[upkeep]\n|-heal|p2b: Torkoal|73\/100|[from] Grassy Terrain\n|-heal|p2a: Ursaluna|47\/100 brn|[from] Grassy Terrain\n|-heal|p1a: L'monki|42\/100|[from] Grassy Terrain\n|-heal|p1b: Hellmanns|51\/100|[from] Grassy Terrain\n|-damage|p2a: Ursaluna|41\/100 brn|[from] brn\n|upkeep\n|turn|10\n|\n|t:|1700960667\n|switch|p2a: Armarouge|Armarouge, L50, M, tera:Grass|8\/100\n|move|p1b: Hellmanns|Protect|p1b: Hellmanns\n|-singleturn|p1b: Hellmanns|Protect\n|move|p1a: L'monki|Grassy Glide|p2a: Armarouge\n|-resisted|p2a: Armarouge\n|-damage|p2a: Armarouge|0 fnt\n|faint|p2a: Armarouge\n|move|p2b: Torkoal|Heat Wave|p1a: L'monki|[spread] p1a\n|-activate|p1b: Hellmanns|move: Protect\n|-supereffective|p1a: L'monki\n|-damage|p1a: L'monki|0 fnt\n|faint|p1a: L'monki\n|\n|-weather|SunnyDay|[upkeep]\n|-heal|p2b: Torkoal|79\/100|[from] Grassy Terrain\n|-heal|p1b: Hellmanns|57\/100|[from] Grassy Terrain\n|-fieldend|move: Trick Room\n|upkeep\n|\n|t:|1700960686\n|switch|p2a: Ursaluna|Ursaluna, L50, M|41\/100 brn\n|turn|11\n|\n|t:|1700960696\n|move|p1b: Hellmanns|Heat Wave|p2b: Torkoal|[spread] p2a,p2b\n|-resisted|p2b: Torkoal\n|-damage|p2a: Ursaluna|0 fnt\n|-damage|p2b: Torkoal|20\/100\n|faint|p2a: Ursaluna\n|-damage|p1b: Hellmanns|47\/100|[from] item: Life Orb\n|move|p2b: Torkoal|Earth Power|p1b: Hellmanns\n|-crit|p1b: Hellmanns\n|-damage|p1b: Hellmanns|12\/100\n|\n|-weather|SunnyDay|[upkeep]\n|-heal|p1b: Hellmanns|18\/100|[from] Grassy Terrain\n|-heal|p2b: Torkoal|26\/100|[from] Grassy Terrain\n|upkeep\n|turn|12\n|\n|t:|1700960712\n|move|p1b: Hellmanns|Heat Wave|p2b: Torkoal|[miss]\n|-miss|p1b: Hellmanns|p2b: Torkoal\n|move|p2b: Torkoal|Earth Power|p1b: Hellmanns\n|-damage|p1b: Hellmanns|0 fnt\n|faint|p1b: Hellmanns\n|\n|win|KingA3\n|raw|Neutralist's rating: 1308 &rarr; <strong>1290<\/strong><br \/>(-18 for losing)\n|raw|KingA3's rating: 1351 &rarr; <strong>1369<\/strong><br \/>(+18 for winning)\n|c|\u2606Neutralist|gg\n|c|\u2606KingA3|gg\n","uploadtime":1700960726,"views":10,"p1id":"neutralist","p2id":"kinga3","formatid":"gen9vgc2023regulatione","rating":1290,"private":0,"password":""}