{"id":"gen9vgc2023regulatione-1991800872","p1":"Choruto","p2":"Animeredneck","format":"[Gen 9] VGC 2023 Regulation E","log":"|j|\u2606Choruto\n|j|\u2606Animeredneck\n|t:|1700119844\n|gametype|doubles\n|player|p1|Choruto|fisherman|\n|player|p2|Animeredneck|sage|\n|teamsize|p1|6\n|teamsize|p2|6\n|gen|9\n|tier|[Gen 9] VGC 2023 Regulation E\n|rated|Tournament battle\n|rule|Species Clause: Limit one of each Pok\u00e9mon\n|rule|Item Clause: Limit one of each item\n|clearpoke\n|poke|p1|Farigiraf, L50, F|\n|poke|p1|Sylveon, L50, F|\n|poke|p1|Arcanine-Hisui, L50, M|\n|poke|p1|Urshifu-*, L50, M|\n|poke|p1|Rillaboom, L50, M|\n|poke|p1|Tornadus, L50, M|\n|poke|p2|Arcanine-Hisui, L50, M|\n|poke|p2|Chien-Pao, L50|\n|poke|p2|Urshifu-*, L50, M|\n|poke|p2|Rillaboom, L50, F|\n|poke|p2|Flutter Mane, L50|\n|poke|p2|Tornadus, L50, M|\n|teampreview|4\n|showteam|p1|Farigiraf||SitrusBerry|ArmorTail|Psychic,HyperVoice,TrickRoom,Imprison|||F|||50|,,,,,Fairy]Sylveon||ChoiceSpecs|Pixilate|HyperVoice,SleepTalk,QuickAttack,HyperBeam|||F|||50|,,,,,Fairy]Arcanine-Hisui||ChoiceBand|Intimidate|FlareBlitz,RockSlide,TeraBlast,ExtremeSpeed|||M|||50|,,,,,Fairy]Urshifu-Rapid-Strike||ChoiceScarf|UnseenFist|SurgingStrikes,CloseCombat,AquaJet,Uturn|||M|||50|,,,,,Water]Rillaboom||AssaultVest|GrassySurge|WoodHammer,HighHorsepower,GrassyGlide,FakeOut|||M|||50|,,,,,Water]Tornadus||SkyPlate|Prankster|BleakwindStorm,Tailwind,Taunt,RainDance|||M|||50|,,,,,Flying\n|showteam|p2|Arcanine-Hisui||ChoiceBand|Intimidate|FlareBlitz,HeadSmash,RockSlide,ExtremeSpeed|||M|||50|,,,,,Normal]Chien-Pao||FocusSash|SwordofRuin|SuckerPunch,IcicleCrash,SacredSword,Protect||||||50|,,,,,Ghost]Urshifu-Rapid-Strike||MysticWater|UnseenFist|SurgingStrikes,AquaJet,CloseCombat,Detect|||M|||50|,,,,,Water]Rillaboom||AssaultVest|GrassySurge|WoodHammer,GrassyGlide,Uturn,FakeOut|||F|||50|,,,,,Fire]Flutter Mane||BoosterEnergy|Protosynthesis|ShadowBall,Moonblast,DazzlingGleam,Protect||||||50|,,,,,Fairy]Tornadus||RockyHelmet|Prankster|BleakwindStorm,Taunt,Tailwind,RainDance|||M|||50|,,,,,Ghost\n|c|\u2606Animeredneck|glhf\n|c|\u2606Choruto|glhf\n|j| Grewt\n|j| Fair Playz Gamer\n|\n|t:|1700119938\n|start\n|switch|p1a: Cherry|Farigiraf, L50, F|100\/100\n|switch|p1b: Halibut|Rillaboom, L50, M, shiny|100\/100\n|switch|p2a: Tornadus|Tornadus, L50, M|100\/100\n|switch|p2b: Arcanine|Arcanine-Hisui, L50, M|100\/100\n|-ability|p2b: Arcanine|Intimidate|boost\n|-unboost|p1a: Cherry|atk|1\n|-unboost|p1b: Halibut|atk|1\n|-fieldstart|move: Grassy Terrain|[from] ability: Grassy Surge|[of] p1b: Halibut\n|turn|1\n|\n|t:|1700119971\n|move|p1b: Halibut|Fake Out|p2b: Arcanine\n|-resisted|p2b: Arcanine\n|-damage|p2b: Arcanine|95\/100\n|cant|p2b: Arcanine|flinch\n|move|p2a: Tornadus|Bleakwind Storm|p1a: Cherry|[spread] p1a,p1b\n|-supereffective|p1b: Halibut\n|-damage|p1a: Cherry|70\/100\n|-damage|p1b: Halibut|50\/100\n|-unboost|p1a: Cherry|spe|1\n|-unboost|p1b: Halibut|spe|1\n|move|p1a: Cherry|Trick Room|p1a: Cherry\n|-fieldstart|move: Trick Room|[of] p1a: Cherry\n|\n|-heal|p1a: Cherry|76\/100|[from] Grassy Terrain\n|-heal|p1b: Halibut|56\/100|[from] Grassy Terrain\n|-heal|p2b: Arcanine|100\/100|[from] Grassy Terrain\n|upkeep\n|turn|2\n|c| Fair Playz Gamer|Does a lot for av\n|\n|t:|1700120001\n|switch|p2b: Rillaboom|Rillaboom, L50, F|100\/100\n|move|p1a: Cherry|Psychic|p2a: Tornadus\n|-damage|p2a: Tornadus|60\/100\n|move|p1b: Halibut|High Horsepower|p2b: Rillaboom\n|-resisted|p2b: Rillaboom\n|-damage|p2b: Rillaboom|89\/100\n|move|p2a: Tornadus|Bleakwind Storm|p1a: Cherry|[spread] p1a,p1b\n|-supereffective|p1b: Halibut\n|-damage|p1a: Cherry|45\/100\n|-damage|p1b: Halibut|11\/100\n|-unboost|p1a: Cherry|spe|1\n|-enditem|p1a: Cherry|Sitrus Berry|[eat]\n|-heal|p1a: Cherry|70\/100|[from] item: Sitrus Berry\n|\n|-heal|p1a: Cherry|76\/100|[from] Grassy Terrain\n|-heal|p1b: Halibut|17\/100|[from] Grassy Terrain\n|-heal|p2b: Rillaboom|95\/100|[from] Grassy Terrain\n|upkeep\n|turn|3\n|\n|t:|1700120037\n|switch|p1b: Angel|Sylveon, L50, F, shiny|100\/100\n|move|p1a: Cherry|Psychic|p2a: Tornadus\n|-damage|p2a: Tornadus|23\/100\n|-unboost|p2a: Tornadus|spd|1\n|move|p2b: Rillaboom|U-turn|p1a: Cherry\n|-supereffective|p1a: Cherry\n|-damage|p1a: Cherry|32\/100\n|\n|t:|1700120050\n|switch|p2b: Urshifu|Urshifu-Rapid-Strike, L50, M|100\/100|[from] U-turn\n|move|p2a: Tornadus|Bleakwind Storm|p1b: Angel|[spread] p1a,p1b\n|-damage|p1a: Cherry|0 fnt\n|-damage|p1b: Angel|76\/100\n|-unboost|p1b: Angel|spe|1\n|faint|p1a: Cherry\n|\n|-heal|p1b: Angel|82\/100|[from] Grassy Terrain\n|upkeep\n|\n|t:|1700120077\n|switch|p1a: Napoleon|Urshifu-Rapid-Strike, L50, M|100\/100\n|turn|4\n|\n|t:|1700120106\n|switch|p2a: Rillaboom|Rillaboom, L50, F|95\/100\n|-terastallize|p1b: Angel|Fairy\n|-terastallize|p2b: Urshifu|Water\n|move|p1b: Angel|Hyper Voice|p2a: Rillaboom|[spread] p2a,p2b\n|-damage|p2a: Rillaboom|41\/100\n|-damage|p2b: Urshifu|7\/100\n|move|p2b: Urshifu|Surging Strikes|p1b: Angel\n|-crit|p1b: Angel\n|-damage|p1b: Angel|46\/100\n|-crit|p1b: Angel\n|-damage|p1b: Angel|9\/100\n|-crit|p1b: Angel\n|-damage|p1b: Angel|0 fnt\n|faint|p1b: Angel\n|-hitcount|p1: Angel|3\n|move|p1a: Napoleon|Surging Strikes|p2b: Urshifu\n|-resisted|p2b: Urshifu\n|-crit|p2b: Urshifu\n|-damage|p2b: Urshifu|0 fnt\n|faint|p2b: Urshifu\n|-hitcount|p2: Urshifu|1\n|\n|-heal|p2a: Rillaboom|47\/100|[from] Grassy Terrain\n|upkeep\n|\n|t:|1700120129\n|switch|p1b: Halibut|Rillaboom, L50, M, shiny|17\/100\n|switch|p2b: Arcanine|Arcanine-Hisui, L50, M|100\/100\n|-ability|p2b: Arcanine|Intimidate|boost\n|-unboost|p1a: Napoleon|atk|1\n|-unboost|p1b: Halibut|atk|1\n|turn|5\n|l| Grewt\n|j|%Eeveon7\u2764\n|\n|t:|1700120175\n|switch|p2b: Tornadus|Tornadus, L50, M|23\/100\n|move|p1b: Halibut|Fake Out|p2a: Rillaboom\n|-damage|p2a: Rillaboom|37\/100\n|cant|p2a: Rillaboom|flinch\n|move|p1a: Napoleon|Surging Strikes|p2b: Tornadus\n|-crit|p2b: Tornadus\n|-damage|p2b: Tornadus|3\/100\n|-damage|p1a: Napoleon|84\/100|[from] item: Rocky Helmet|[of] p2b: Tornadus\n|-crit|p2b: Tornadus\n|-damage|p2b: Tornadus|0 fnt\n|-damage|p1a: Napoleon|67\/100|[from] item: Rocky Helmet|[of] p2b: Tornadus\n|faint|p2b: Tornadus\n|-hitcount|p2: Tornadus|2\n|\n|-heal|p2a: Rillaboom|43\/100|[from] Grassy Terrain\n|-heal|p1b: Halibut|23\/100|[from] Grassy Terrain\n|-heal|p1a: Napoleon|73\/100|[from] Grassy Terrain\n|-fieldend|move: Trick Room\n|-fieldend|move: Grassy Terrain\n|upkeep\n|\n|t:|1700120190\n|switch|p2b: Arcanine|Arcanine-Hisui, L50, M|100\/100\n|-ability|p2b: Arcanine|Intimidate|boost\n|-unboost|p1a: Napoleon|atk|1\n|-unboost|p1b: Halibut|atk|1\n|turn|6\n|\n|t:|1700120200\n|move|p2b: Arcanine|Extreme Speed|p1b: Halibut\n|-damage|p1b: Halibut|0 fnt\n|faint|p1b: Halibut\n|move|p1a: Napoleon|Surging Strikes|p2b: Arcanine\n|-supereffective|p2b: Arcanine\n|-crit|p2b: Arcanine\n|-damage|p2b: Arcanine|0 fnt\n|faint|p2b: Arcanine\n|-hitcount|p2: Arcanine|1\n|move|p2a: Rillaboom|Grassy Glide|p1a: Napoleon\n|-supereffective|p1a: Napoleon\n|-damage|p1a: Napoleon|19\/100\n|\n|upkeep\n|turn|7\n|c| Fair Playz Gamer|Winnable?\n|c|\u2606Choruto|Nah\n|c|\u2606Choruto|ggs\n|c| Fair Playz Gamer|May ko\n|\n|t:|1700120214\n|move|p1a: Napoleon|Surging Strikes|p2a: Rillaboom\n|-resisted|p2a: Rillaboom\n|-crit|p2a: Rillaboom\n|-damage|p2a: Rillaboom|34\/100\n|-resisted|p2a: Rillaboom\n|-crit|p2a: Rillaboom\n|-damage|p2a: Rillaboom|23\/100\n|-resisted|p2a: Rillaboom\n|-crit|p2a: Rillaboom\n|-damage|p2a: Rillaboom|13\/100\n|-hitcount|p2a: Rillaboom|3\n|move|p2a: Rillaboom|Grassy Glide|p1a: Napoleon\n|-supereffective|p1a: Napoleon\n|-damage|p1a: Napoleon|0 fnt\n|faint|p1a: Napoleon\n|\n|win|Animeredneck\n|n|\u2606Choruto|choruto\n|n|\u2606Animeredneck|animeredneck\n|n| Fair Playz Gamer|fairplayzgamer\n|n|+Eeveon7\u2764|eeveon7\n|l|+Eeveon7\u2764\n|c| Fair Playz Gamer|ok\n|c|\u2606Choruto|it wont\n|c|\u2606Animeredneck|ggs\n|l|\u2606Choruto\n|l| Fair Playz Gamer\n","uploadtime":1700120298,"views":20,"p1id":"choruto","p2id":"animeredneck","formatid":"gen9vgc2023regulatione","rating":0,"private":0,"password":""}