{"id":"gen9vgc2023regulatione-1995927149","p1":"Ludwigxzc","p2":"sadLouie","format":"[Gen 9] VGC 2023 Regulation E","log":"|j|\u2606Ludwigxzc\n|j|\u2606sadLouie\n|t:|1700618302\n|gametype|doubles\n|player|p1|Ludwigxzc|2|1408\n|player|p2|sadLouie|101|1403\n|teamsize|p1|6\n|teamsize|p2|6\n|gen|9\n|tier|[Gen 9] VGC 2023 Regulation E\n|rated|\n|rule|Species Clause: Limit one of each Pok\u00e9mon\n|rule|Item Clause: Limit one of each item\n|clearpoke\n|poke|p1|Ogerpon-Wellspring, L50, F|\n|poke|p1|Arcanine-Hisui, L50, M|\n|poke|p1|Tornadus, L50, M|\n|poke|p1|Iron Hands, L50|\n|poke|p1|Urshifu-*, L50, M|\n|poke|p1|Chi-Yu, L50|\n|poke|p2|Dragonite, L50, M|\n|poke|p2|Chien-Pao, L50|\n|poke|p2|Rillaboom, L50, M|\n|poke|p2|Heatran, L50, F|\n|poke|p2|Flutter Mane, L50|\n|poke|p2|Ogerpon-Wellspring, L50, F|\n|teampreview|4\n|inactive|Battle timer is ON: inactive players will automatically lose when time's up. (requested by sadLouie)\n|inactive|Ludwigxzc also wants the timer to be on.\n|\n|t:|1700618326\n|start\n|switch|p1a: Tornadus|Tornadus, L50, M|100\/100\n|switch|p1b: Urshifu|Urshifu-Rapid-Strike, L50, M|100\/100\n|switch|p2a: Dragonite|Dragonite, L50, M|100\/100\n|switch|p2b: Chien-Pao|Chien-Pao, L50|100\/100\n|-ability|p2b: Chien-Pao|Sword of Ruin\n|turn|1\n|\n|t:|1700618339\n|switch|p1a: Arcanine|Arcanine-Hisui, L50, M|100\/100\n|-ability|p1a: Arcanine|Intimidate|boost\n|-fail|p2a: Dragonite|unboost|Attack|[from] ability: Inner Focus|[of] p2a: Dragonite\n|-unboost|p2b: Chien-Pao|atk|1\n|-terastallize|p2a: Dragonite|Normal\n|move|p1b: Urshifu|Detect|p1b: Urshifu\n|-singleturn|p1b: Urshifu|Protect\n|move|p2a: Dragonite|Extreme Speed|p1b: Urshifu\n|-activate|p1b: Urshifu|move: Protect\n|move|p2b: Chien-Pao|Sucker Punch||[still]\n|-fail|p2b: Chien-Pao\n|\n|upkeep\n|turn|2\n|j| FatalEspresso\n|inactive|Ludwigxzc has 30 seconds left.\n|inactive|Ludwigxzc has 20 seconds left.\n|inactive|Ludwigxzc has 15 seconds left.\n|inactive|Ludwigxzc has 10 seconds left.\n|\n|t:|1700618387\n|switch|p1a: Tornadus|Tornadus, L50, M|100\/100\n|move|p2a: Dragonite|Extreme Speed|p1b: Urshifu\n|-damage|p1b: Urshifu|13\/100\n|move|p2b: Chien-Pao|Sucker Punch|p1b: Urshifu\n|-resisted|p1b: Urshifu\n|-damage|p1b: Urshifu|0 fnt\n|faint|p1b: Urshifu\n|\n|upkeep\n|\n|t:|1700618396\n|switch|p1b: Arcanine|Arcanine-Hisui, L50, M|100\/100\n|-ability|p1b: Arcanine|Intimidate|boost\n|-fail|p2a: Dragonite|unboost|Attack|[from] ability: Inner Focus|[of] p2a: Dragonite\n|-unboost|p2b: Chien-Pao|atk|1\n|turn|3\n|\n|t:|1700618418\n|-terastallize|p1a: Tornadus|Steel\n|move|p2b: Chien-Pao|Protect|p2b: Chien-Pao\n|-singleturn|p2b: Chien-Pao|Protect\n|move|p2a: Dragonite|Extreme Speed|p1a: Tornadus\n|-resisted|p1a: Tornadus\n|-crit|p1a: Tornadus\n|-damage|p1a: Tornadus|26\/100\n|move|p1b: Arcanine|Rock Slide|p2b: Chien-Pao|[spread] p2a\n|-activate|p2b: Chien-Pao|move: Protect\n|-crit|p2a: Dragonite\n|-damage|p2a: Dragonite|17\/100\n|move|p1a: Tornadus|Bleakwind Storm|p2a: Dragonite|[spread] p2a\n|-activate|p2b: Chien-Pao|move: Protect\n|-damage|p2a: Dragonite|0 fnt\n|faint|p2a: Dragonite\n|\n|upkeep\n|l| FatalEspresso\n|\n|t:|1700618437\n|switch|p2a: Heatran|Heatran, L50, F|100\/100\n|turn|4\n|\n|t:|1700618445\n|switch|p2b: Ogerpon|Ogerpon-Wellspring, L50, F|100\/100\n|move|p1a: Tornadus|Tailwind|p1a: Tornadus\n|-sidestart|p1: Ludwigxzc|move: Tailwind\n|move|p1b: Arcanine|Rock Slide|p2a: Heatran|[spread] p2a,p2b\n|-damage|p2a: Heatran|64\/100\n|-damage|p2b: Ogerpon|57\/100\n|move|p2a: Heatran|Heat Wave|p1b: Arcanine|[spread] p1a,p1b\n|-supereffective|p1a: Tornadus\n|-resisted|p1b: Arcanine\n|-damage|p1a: Tornadus|0 fnt\n|-damage|p1b: Arcanine|90\/100\n|faint|p1a: Tornadus\n|\n|upkeep\n|\n|t:|1700618456\n|switch|p1a: Ogerpon|Ogerpon-Wellspring, L50, F|100\/100\n|turn|5\n|\n|t:|1700618470\n|move|p1a: Ogerpon|Follow Me|p1a: Ogerpon\n|-singleturn|p1a: Ogerpon|move: Follow Me\n|move|p2b: Ogerpon|Follow Me|p2b: Ogerpon\n|-singleturn|p2b: Ogerpon|move: Follow Me\n|move|p1b: Arcanine|Rock Slide|p2b: Ogerpon|[spread] p2a\n|-miss|p1b: Arcanine|p2b: Ogerpon\n|-damage|p2a: Heatran|31\/100\n|move|p2a: Heatran|Earth Power|p1a: Ogerpon\n|-resisted|p1a: Ogerpon\n|-damage|p1a: Ogerpon|85\/100\n|\n|upkeep\n|turn|6\n|\n|t:|1700618484\n|switch|p2a: Chien-Pao|Chien-Pao, L50|100\/100\n|-ability|p2a: Chien-Pao|Sword of Ruin\n|move|p1a: Ogerpon|Power Whip|p2a: Chien-Pao\n|-damage|p2a: Chien-Pao|2\/100\n|move|p1b: Arcanine|Rock Slide|p2b: Ogerpon|[spread] p2a,p2b\n|-supereffective|p2a: Chien-Pao\n|-damage|p2a: Chien-Pao|0 fnt\n|-damage|p2b: Ogerpon|0 fnt\n|faint|p2a: Chien-Pao\n|faint|p2b: Ogerpon\n|\n|upkeep\n|\n|t:|1700618494\n|switch|p2b: Heatran|Heatran, L50, F|31\/100\n|turn|7\n|\n|t:|1700618501\n|move|p1a: Ogerpon|Ivy Cudgel|p2b: Heatran|[anim] Ivy Cudgel Water\n|-supereffective|p2b: Heatran\n|-damage|p2b: Heatran|0 fnt\n|faint|p2b: Heatran\n|\n|win|Ludwigxzc\n|raw|Ludwigxzc's rating: 1408 &rarr; <strong>1428<\/strong><br \/>(+20 for winning)\n|raw|sadLouie's rating: 1403 &rarr; <strong>1383<\/strong><br \/>(-20 for losing)\n|l|\u2606sadLouie\n","uploadtime":1700618519,"views":11,"p1id":"ludwigxzc","p2id":"sadlouie","formatid":"gen9vgc2023regulatione","rating":1383,"private":0,"password":""}