{"id":"gen9vgc2023regulatione-1990189967","p1":"Mashi's","p2":"leafyarrow","format":"[Gen 9] VGC 2023 Regulation E","log":"|j|\u2606Mashi's\n|j|\u2606leafyarrow\n|t:|1699934975\n|gametype|doubles\n|player|p1|Mashi's|lady-gen4|1284\n|player|p2|leafyarrow|leaf-masters|1341\n|teamsize|p1|6\n|teamsize|p2|6\n|gen|9\n|tier|[Gen 9] VGC 2023 Regulation E\n|rated|\n|rule|Species Clause: Limit one of each Pok\u00e9mon\n|rule|Item Clause: Limit one of each item\n|clearpoke\n|poke|p1|Volcarona, L50, F|\n|poke|p1|Goodra-Hisui, L50, F|\n|poke|p1|Vaporeon, L50, F|\n|poke|p1|Slither Wing, L50|\n|poke|p1|Ursaluna, L50, F|\n|poke|p1|Armarouge, L50, F|\n|poke|p2|Enamorus-Therian, L50, F|\n|poke|p2|Ursaluna, L50, M|\n|poke|p2|Indeedee-F, L50, F|\n|poke|p2|Armarouge, L50, M|\n|poke|p2|Ogerpon-Cornerstone, L50, F|\n|poke|p2|Iron Hands, L50|\n|teampreview|4\nleafyarrow has agreed to open team sheets.\n|inactive|Battle timer is ON: inactive players will automatically lose when time's up. (requested by Mashi's)\nMashi's has agreed to open team sheets.\n|inactive|Mashi's has 30 seconds left.\n|inactive|leafyarrow has 30 seconds left.\n|inactive|Mashi's has 20 seconds left.\n|inactive|Mashi's has 15 seconds left.\n|\n|t:|1699935026\n|start\n|switch|p1a: Slither Wing|Slither Wing, L50|100\/100\n|switch|p1b: Vaporeon|Vaporeon, L50, F|100\/100\n|switch|p2a: Indeedee|Indeedee-F, L50, F|100\/100\n|switch|p2b: Armarouge|Armarouge, L50, M|100\/100\n|-fieldstart|move: Psychic Terrain|[from] ability: Psychic Surge|[of] p2a: Indeedee\n|-enditem|p2a: Indeedee|Psychic Seed\n|-boost|p2a: Indeedee|spd|1|[from] item: Psychic Seed\n|turn|1\n|inactive|Mashi's has 30 seconds left.\n|\n|t:|1699935059\n|-terastallize|p1a: Slither Wing|Electric\n|move|p2a: Indeedee|Follow Me|p2a: Indeedee\n|-singleturn|p2a: Indeedee|move: Follow Me\n|move|p1a: Slither Wing|Leech Life|p2a: Indeedee\n|-supereffective|p2a: Indeedee\n|-damage|p2a: Indeedee|6\/100\n|move|p1b: Vaporeon|Scald|p2a: Indeedee\n|-damage|p2a: Indeedee|0 fnt\n|faint|p2a: Indeedee\n|move|p2b: Armarouge|Trick Room|p2b: Armarouge\n|-fieldstart|move: Trick Room|[of] p2b: Armarouge\n|\n|upkeep\n|\n|t:|1699935080\n|switch|p2a: Enamorus|Enamorus-Therian, L50, F|100\/100\n|turn|2\n|inactive|Mashi's has 30 seconds left.\n|inactive|Mashi's has 20 seconds left.\n|\n|t:|1699935119\n|-end|p1a: Slither Wing|Protosynthesis|[silent]\n|switch|p1a: Ursaluna|Ursaluna, L50, F|100\/100\n|move|p2a: Enamorus|Dazzling Gleam|p1b: Vaporeon|[spread] p1a,p1b\n|-damage|p1a: Ursaluna|65\/100\n|-damage|p1b: Vaporeon|58\/100\n|move|p1b: Vaporeon|Scald|p2b: Armarouge\n|-supereffective|p2b: Armarouge\n|-damage|p2b: Armarouge|31\/100\n|move|p2b: Armarouge|Expanding Force|p1a: Ursaluna|[spread] p1a,p1b\n|-damage|p1a: Ursaluna|9\/100\n|-damage|p1b: Vaporeon|0 fnt\n|faint|p1b: Vaporeon\n|-damage|p2b: Armarouge|21\/100|[from] item: Life Orb\n|\n|-status|p1a: Ursaluna|brn|[from] item: Flame Orb\n|upkeep\n|\n|t:|1699935133\n|switch|p1b: Slither Wing|Slither Wing, L50, tera:Electric|100\/100\n|turn|3\n|inactive|Mashi's has 30 seconds left.\n|inactive|leafyarrow has 30 seconds left.\n|inactive|Mashi's has 20 seconds left.\n|\n|t:|1699935172\n|-terastallize|p2a: Enamorus|Fairy\n|move|p2a: Enamorus|Dazzling Gleam|p1b: Slither Wing|[spread] p1a,p1b\n|-damage|p1a: Ursaluna|0 fnt\n|-damage|p1b: Slither Wing|58\/100\n|faint|p1a: Ursaluna\n|move|p2b: Armarouge|Expanding Force|p1b: Slither Wing\n|-damage|p1b: Slither Wing|0 fnt\n|faint|p1b: Slither Wing\n|-end|p1b: Slither Wing|Protosynthesis|[silent]\n|-damage|p2b: Armarouge|12\/100|[from] item: Life Orb\n|\n|upkeep\n|\n|t:|1699935185\n|switch|p1b: Goodra|Goodra-Hisui, L50, F|100\/100\n|turn|4\n|\n|t:|1699935202\n|switch|p2a: Ursaluna|Ursaluna, L50, M|100\/100\n|move|p1b: Goodra|Heavy Slam|p2a: Ursaluna\n|-damage|p2a: Ursaluna|90\/100\n|move|p2b: Armarouge|Armor Cannon|p1b: Goodra\n|-damage|p1b: Goodra|50\/100\n|-unboost|p2b: Armarouge|def|1\n|-unboost|p2b: Armarouge|spd|1\n|-damage|p2b: Armarouge|2\/100|[from] item: Life Orb\n|\n|-heal|p1b: Goodra|56\/100|[from] item: Leftovers\n|-status|p2a: Ursaluna|brn|[from] item: Flame Orb\n|upkeep\n|turn|5\n|c|\u2606Mashi's|gg\n|-message|Mashi's forfeited.\n|\n|win|leafyarrow\n|raw|Mashi&apos;s's rating: 1284 &rarr; <strong>1263<\/strong><br \/>(-21 for losing)\n|raw|leafyarrow's rating: 1341 &rarr; <strong>1358<\/strong><br \/>(+17 for winning)\n|l|\u2606Mashi's\n","uploadtime":1699935220,"views":32,"p1id":"mashis","p2id":"leafyarrow","formatid":"gen9vgc2023regulatione","rating":1263,"private":0,"password":""}