{"id":"gen9vgc2023regulatione-1988715390","p1":"KogaAoi","p2":"NekrosM0S","format":"[Gen 9] VGC 2023 Regulation E","log":"|j|\u2606KogaAoi\n|j|\u2606NekrosM0S\n|t:|1699754072\n|gametype|doubles\n|player|p1|KogaAoi|266|1146\n|player|p2|NekrosM0S|colress|1166\n|teamsize|p1|6\n|teamsize|p2|6\n|gen|9\n|tier|[Gen 9] VGC 2023 Regulation E\n|rated|\n|rule|Species Clause: Limit one of each Pok\u00e9mon\n|rule|Item Clause: Limit one of each item\n|clearpoke\n|poke|p1|Roaring Moon, L50|\n|poke|p1|Amoonguss, L50, M|\n|poke|p1|Iron Hands, L50|\n|poke|p1|Flutter Mane, L50|\n|poke|p1|Landorus-Therian, L50, M|\n|poke|p1|Heatran, L50, M|\n|poke|p2|Iron Moth, L50|\n|poke|p2|Flutter Mane, L50|\n|poke|p2|Iron Hands, L50|\n|poke|p2|Landorus-Therian, L50, M|\n|poke|p2|Ogerpon-Cornerstone, L50, F|\n|poke|p2|Gholdengo, L50|\n|teampreview|4\nNekrosM0S has agreed to open team sheets.\nKogaAoi has agreed to open team sheets.\n|\n|t:|1699754143\n|start\n|switch|p1a: Landorus|Landorus-Therian, L50, M|100\/100\n|switch|p1b: Iron Hands|Iron Hands, L50|100\/100\n|switch|p2a: Landorus|Landorus-Therian, L50, M|100\/100\n|switch|p2b: Iron Hands|Iron Hands, L50, shiny|100\/100\n|-ability|p2a: Landorus|Intimidate|boost\n|-unboost|p1a: Landorus|atk|1\n|-unboost|p1b: Iron Hands|atk|1\n|-ability|p1a: Landorus|Intimidate|boost\n|-unboost|p2a: Landorus|atk|1\n|-unboost|p2b: Iron Hands|atk|1\n|turn|1\n|\n|t:|1699754194\n|move|p1b: Iron Hands|Fake Out|p2a: Landorus\n|-damage|p2a: Landorus|87\/100\n|move|p2b: Iron Hands|Fake Out|p1b: Iron Hands\n|-damage|p1b: Iron Hands|94\/100\n|cant|p2a: Landorus|flinch\n|move|p1a: Landorus|U-turn|p2b: Iron Hands\n|-resisted|p2b: Iron Hands\n|-damage|p2b: Iron Hands|93\/100\n|\n|t:|1699754202\n|switch|p1a: Flutter Mane|Flutter Mane, L50|100\/100|[from] U-turn\n|\n|upkeep\n|turn|2\n|\n|t:|1699754225\n|-end|p1b: Iron Hands|Quark Drive|[silent]\n|switch|p1b: Landorus|Landorus-Therian, L50, M|100\/100\n|-ability|p1b: Landorus|Intimidate|boost\n|-unboost|p2a: Landorus|atk|1\n|-unboost|p2b: Iron Hands|atk|1\n|-terastallize|p2b: Iron Hands|Fire\n|move|p2a: Landorus|Stomping Tantrum|p1b: Landorus\n|-immune|p1b: Landorus\n|move|p1a: Flutter Mane|Moonblast|p2a: Landorus\n|-damage|p2a: Landorus|0 fnt\n|faint|p2a: Landorus\n|move|p2b: Iron Hands|Heavy Slam|p1a: Flutter Mane\n|-supereffective|p1a: Flutter Mane\n|-damage|p1a: Flutter Mane|6\/100\n|\n|upkeep\n|\n|t:|1699754240\n|switch|p2a: Iron Moth|Iron Moth, L50, shiny|100\/100\n|-enditem|p2a: Iron Moth|Booster Energy\n|-activate|p2a: Iron Moth|ability: Quark Drive|[fromitem]\n|-start|p2a: Iron Moth|quarkdrivespe\n|turn|3\n|\n|t:|1699754260\n|-end|p1a: Flutter Mane|Protosynthesis|[silent]\n|switch|p1a: Heatran|Heatran, L50, M|100\/100\n|move|p2a: Iron Moth|Heat Wave|p1a: Heatran|[spread] p1b\n|-start|p1a: Heatran|ability: Flash Fire\n|-damage|p1b: Landorus|53\/100\n|-status|p1b: Landorus|brn\n|move|p1b: Landorus|Stomping Tantrum|p2a: Iron Moth\n|-supereffective|p2a: Iron Moth\n|-damage|p2a: Iron Moth|0 fnt\n|faint|p2a: Iron Moth\n|-end|p2a: Iron Moth|Quark Drive|[silent]\n|move|p2b: Iron Hands|Drain Punch|p1b: Landorus\n|-resisted|p1b: Landorus\n|-damage|p1b: Landorus|40\/100 brn\n|-heal|p2b: Iron Hands|97\/100|[from] drain|[of] p1b: Landorus\n|\n|-damage|p1b: Landorus|35\/100 brn|[from] brn\n|upkeep\n|\n|t:|1699754278\n|switch|p2a: Flutter Mane|Flutter Mane, L50, shiny|100\/100\n|turn|4\n|\n|t:|1699754295\n|move|p1b: Landorus|Stomping Tantrum|p2a: Flutter Mane\n|-damage|p2a: Flutter Mane|52\/100\n|move|p2a: Flutter Mane|Shadow Ball|p1b: Landorus\n|-damage|p1b: Landorus|0 fnt\n|faint|p1b: Landorus\n|move|p1a: Heatran|Flash Cannon|p2a: Flutter Mane\n|-supereffective|p2a: Flutter Mane\n|-damage|p2a: Flutter Mane|0 fnt\n|faint|p2a: Flutter Mane\n|-end|p2a: Flutter Mane|Protosynthesis|[silent]\n|move|p2b: Iron Hands|Drain Punch|p1a: Heatran\n|-supereffective|p1a: Heatran\n|-damage|p1a: Heatran|64\/100\n|-heal|p2b: Iron Hands|100\/100|[from] drain|[of] p1a: Heatran\n|\n|-heal|p1a: Heatran|70\/100|[from] item: Leftovers\n|upkeep\n|inactive|Battle timer is ON: inactive players will automatically lose when time's up. (requested by KogaAoi)\n|\n|t:|1699754313\n|switch|p1b: Flutter Mane|Flutter Mane, L50|6\/100\n|turn|5\n|\n|t:|1699754319\n|move|p1b: Flutter Mane|Power Gem|p2b: Iron Hands\n|-supereffective|p2b: Iron Hands\n|-damage|p2b: Iron Hands|57\/100\n|move|p1a: Heatran|Earth Power|p2b: Iron Hands\n|-supereffective|p2b: Iron Hands\n|-damage|p2b: Iron Hands|22\/100\n|move|p2b: Iron Hands|Heavy Slam|p1b: Flutter Mane\n|-supereffective|p1b: Flutter Mane\n|-damage|p1b: Flutter Mane|0 fnt\n|faint|p1b: Flutter Mane\n|-end|p1b: Flutter Mane|Protosynthesis|[silent]\n|\n|-heal|p1a: Heatran|76\/100|[from] item: Leftovers\n|upkeep\n|\n|t:|1699754330\n|switch|p1b: Iron Hands|Iron Hands, L50|94\/100\n|turn|6\n|\n|t:|1699754336\n|move|p1a: Heatran|Earth Power|p2b: Iron Hands\n|-supereffective|p2b: Iron Hands\n|-damage|p2b: Iron Hands|0 fnt\n|faint|p2b: Iron Hands\n|-end|p2b: Iron Hands|Quark Drive|[silent]\n|\n|win|KogaAoi\n|raw|KogaAoi's rating: 1146 &rarr; <strong>1172<\/strong><br \/>(+26 for winning)\n|raw|NekrosM0S's rating: 1166 &rarr; <strong>1140<\/strong><br \/>(-26 for losing)\n","uploadtime":1699754341,"views":11,"p1id":"kogaaoi","p2id":"nekrosm0s","formatid":"gen9vgc2023regulatione","rating":1140,"private":0,"password":""}