{"id":"gen9vgc2023regulatione-1990208098","p1":"carpe_panem","p2":"zakmancho","format":"[Gen 9] VGC 2023 Regulation E","log":"|j|\u2606carpe_panem\n|j|\u2606zakmancho\n|t:|1699937550\n|gametype|doubles\n|player|p1|carpe_panem|265|1123\n|player|p2|zakmancho|102|1120\n|teamsize|p1|6\n|teamsize|p2|6\n|gen|9\n|tier|[Gen 9] VGC 2023 Regulation E\n|rated|\n|rule|Species Clause: Limit one of each Pok\u00e9mon\n|rule|Item Clause: Limit one of each item\n|clearpoke\n|poke|p1|Torterra, L50, M|\n|poke|p1|Grimmsnarl, L50, M|\n|poke|p1|Urshifu-*, L50, M|\n|poke|p1|Cresselia, L50, F|\n|poke|p1|Ursaluna-Bloodmoon, L50, M|\n|poke|p1|Dusclops, L50, M|\n|poke|p2|Tyranitar, L50, M|\n|poke|p2|Ogerpon-Wellspring, L50, F|\n|poke|p2|Ursaluna-Bloodmoon, L50, M|\n|poke|p2|Rillaboom, L50, F|\n|poke|p2|Urshifu-*, L50, M|\n|poke|p2|Flutter Mane, L50|\n|teampreview|4\n|inactive|Battle timer is ON: inactive players will automatically lose when time's up. (requested by zakmancho)\n|inactive|carpe_panem has 60 seconds left.\n|\n|t:|1699937586\n|start\n|switch|p1a: Torterra|Torterra, L50, M|100\/100\n|switch|p1b: Grimmsnarl|Grimmsnarl, L50, M|100\/100\n|switch|p2a: Rillaboom|Rillaboom, L50, F|100\/100\n|switch|p2b: Ursaluna|Ursaluna-Bloodmoon, L50, M|100\/100\n|-fieldstart|move: Grassy Terrain|[from] ability: Grassy Surge|[of] p2a: Rillaboom\n|turn|1\n|\n|t:|1699937611\n|-terastallize|p2b: Ursaluna|Steel\n|move|p2a: Rillaboom|Fake Out|p1a: Torterra\n|-damage|p1a: Torterra|89\/100\n|move|p1b: Grimmsnarl|Light Screen|p1b: Grimmsnarl\n|-sidestart|p1: carpe_panem|move: Light Screen\n|cant|p1a: Torterra|flinch\n|move|p2b: Ursaluna|Calm Mind|p2b: Ursaluna\n|-boost|p2b: Ursaluna|spa|1\n|-boost|p2b: Ursaluna|spd|1\n|\n|-heal|p1a: Torterra|95\/100|[from] Grassy Terrain\n|upkeep\n|turn|2\n|\n|t:|1699937630\n|move|p1b: Grimmsnarl|Parting Shot|p2b: Ursaluna\n|-unboost|p2b: Ursaluna|atk|1\n|-unboost|p2b: Ursaluna|spa|1\n|\n|t:|1699937639\n|switch|p1b: Cresselia|Cresselia, L50, F|100\/100|[from] Parting Shot\n|move|p2a: Rillaboom|U-turn|p1a: Torterra\n|-supereffective|p1a: Torterra\n|-damage|p1a: Torterra|56\/100\n|\n|t:|1699937653\n|switch|p2a: Tyranitar|Tyranitar, L50, M|100\/100|[from] U-turn\n|-weather|Sandstorm|[from] ability: Sand Stream|[of] p2a: Tyranitar\n|move|p1a: Torterra|Amnesia|p1a: Torterra\n|-boost|p1a: Torterra|spd|2\n|move|p2b: Ursaluna|Calm Mind|p2b: Ursaluna\n|-boost|p2b: Ursaluna|spa|1\n|-boost|p2b: Ursaluna|spd|1\n|\n|-weather|Sandstorm|[upkeep]\n|-damage|p1b: Cresselia|94\/100|[from] Sandstorm\n|-heal|p1a: Torterra|62\/100|[from] Grassy Terrain\n|upkeep\n|turn|3\n|inactive|zakmancho has 30 seconds left.\n|\n|t:|1699937684\n|move|p2a: Tyranitar|Knock Off|p1a: Torterra\n|-damage|p1a: Torterra|21\/100\n|-enditem|p1a: Torterra|Sitrus Berry|[from] move: Knock Off|[of] p2a: Tyranitar\n|move|p1b: Cresselia|Lunar Blessing|p1b: Cresselia|[spread] p1a,p1b\n|-heal|p1a: Torterra|46\/100\n|-heal|p1b: Cresselia|100\/100\n|move|p1a: Torterra|Iron Defense|p1a: Torterra\n|-boost|p1a: Torterra|def|2\n|move|p2b: Ursaluna|Blood Moon|p1b: Cresselia\n|-damage|p1b: Cresselia|56\/100\n|\n|-weather|Sandstorm|[upkeep]\n|-damage|p1b: Cresselia|49\/100|[from] Sandstorm\n|-heal|p1a: Torterra|51\/100|[from] Grassy Terrain\n|upkeep\n|turn|4\n|inactive|carpe_panem has 30 seconds left.\n|\n|t:|1699937717\n|move|p2a: Tyranitar|Knock Off|p1b: Cresselia\n|-supereffective|p1b: Cresselia\n|-damage|p1b: Cresselia|0 fnt\n|-enditem|p1b: Cresselia|Mental Herb|[from] move: Knock Off|[of] p2a: Tyranitar\n|faint|p1b: Cresselia\n|move|p1a: Torterra|Iron Defense|p1a: Torterra\n|-boost|p1a: Torterra|def|2\n|move|p2b: Ursaluna|Calm Mind|p2b: Ursaluna\n|-boost|p2b: Ursaluna|spa|1\n|-boost|p2b: Ursaluna|spd|1\n|\n|-weather|Sandstorm|[upkeep]\n|-heal|p1a: Torterra|57\/100|[from] Grassy Terrain\n|upkeep\n|\n|t:|1699937735\n|switch|p1b: Grimmsnarl|Grimmsnarl, L50, M|100\/100\n|turn|5\n|\n|t:|1699937751\n|move|p1b: Grimmsnarl|Parting Shot|p2b: Ursaluna\n|-unboost|p2b: Ursaluna|atk|1\n|-unboost|p2b: Ursaluna|spa|1\n|\n|t:|1699937756\n|switch|p1b: Urshifu|Urshifu, L50, M|100\/100|[from] Parting Shot\n|move|p2a: Tyranitar|Knock Off|p1b: Urshifu\n|-resisted|p1b: Urshifu\n|-damage|p1b: Urshifu|87\/100\n|-enditem|p1b: Urshifu|Focus Sash|[from] move: Knock Off|[of] p2a: Tyranitar\n|move|p1a: Torterra|Body Press|p2b: Ursaluna\n|-supereffective|p2b: Ursaluna\n|-damage|p2b: Ursaluna|8\/100\n|move|p2b: Ursaluna|Calm Mind|p2b: Ursaluna\n|-boost|p2b: Ursaluna|spa|1\n|-boost|p2b: Ursaluna|spd|1\n|\n|-weather|Sandstorm|[upkeep]\n|-damage|p1b: Urshifu|81\/100|[from] Sandstorm\n|-heal|p1b: Urshifu|87\/100|[from] Grassy Terrain\n|-heal|p1a: Torterra|63\/100|[from] Grassy Terrain\n|-heal|p2b: Ursaluna|14\/100|[from] Grassy Terrain\n|-heal|p2b: Ursaluna|20\/100|[from] item: Leftovers\n|-fieldend|move: Grassy Terrain\n|upkeep\n|turn|6\n|inactive|carpe_panem has 30 seconds left.\n|inactive|zakmancho has 30 seconds left.\n|\n|t:|1699937787\n|switch|p2a: Ogerpon|Ogerpon-Wellspring, L50, F|100\/100\n|move|p1b: Urshifu|Close Combat|p2a: Ogerpon\n|-damage|p2a: Ogerpon|28\/100\n|-unboost|p1b: Urshifu|def|1\n|-unboost|p1b: Urshifu|spd|1\n|move|p1a: Torterra|Body Press|p2b: Ursaluna\n|-supereffective|p2b: Ursaluna\n|-damage|p2b: Ursaluna|0 fnt\n|faint|p2b: Ursaluna\n|\n|-weather|none\n|upkeep\n|\n|t:|1699937798\n|switch|p2b: Rillaboom|Rillaboom, L50, F|100\/100\n|-fieldstart|move: Grassy Terrain|[from] ability: Grassy Surge|[of] p2b: Rillaboom\n|turn|7\n|\n|t:|1699937824\n|move|p2b: Rillaboom|Fake Out|p1b: Urshifu\n|-damage|p1b: Urshifu|64\/100\n|cant|p1b: Urshifu|flinch\n|move|p2a: Ogerpon|Ivy Cudgel|p1a: Torterra\n|-damage|p1a: Torterra|50\/100\n|move|p1a: Torterra|Body Press|p2b: Rillaboom\n|-damage|p2b: Rillaboom|18\/100\n|\n|-heal|p1b: Urshifu|70\/100|[from] Grassy Terrain\n|-heal|p2b: Rillaboom|23\/100|[from] Grassy Terrain\n|-heal|p2a: Ogerpon|34\/100|[from] Grassy Terrain\n|-heal|p1a: Torterra|56\/100|[from] Grassy Terrain\n|upkeep\n|turn|8\n|inactive|zakmancho has 30 seconds left.\n|\n|t:|1699937852\n|move|p1b: Urshifu|Sucker Punch|p2b: Rillaboom\n|-damage|p2b: Rillaboom|0 fnt\n|faint|p2b: Rillaboom\n|move|p2a: Ogerpon|Ivy Cudgel|p1a: Torterra\n|-damage|p1a: Torterra|43\/100\n|move|p1a: Torterra|Body Press|p2a: Ogerpon\n|-damage|p2a: Ogerpon|0 fnt\n|faint|p2a: Ogerpon\n|\n|-heal|p1b: Urshifu|76\/100|[from] Grassy Terrain\n|-heal|p1a: Torterra|49\/100|[from] Grassy Terrain\n|-sideend|p1: carpe_panem|move: Light Screen\n|upkeep\n|-message|zakmancho forfeited.\n|\n|win|carpe_panem\n|raw|carpe_panem's rating: 1123 &rarr; <strong>1148<\/strong><br \/>(+25 for winning)\n|raw|zakmancho's rating: 1120 &rarr; <strong>1095<\/strong><br \/>(-25 for losing)\n|l|\u2606zakmancho\n","uploadtime":1699937870,"views":8,"p1id":"carpepanem","p2id":"zakmancho","formatid":"gen9vgc2023regulatione","rating":1095,"private":0,"password":""}