{"id":"gen9vgc2023regulatione-2000073231","p1":"SCRUMPTIOUSBREAD","p2":"hunter16k","format":"[Gen 9] VGC 2023 Regulation E","log":"|j|\u2606SCRUMPTIOUSBREAD\n|j|\u2606hunter16k\n|n|\u2606SCRUMPTIOUSBREAD|scrumptiousbread\n|n|\u2606hunter16k|hunter16k\n|html|View the match progress at <a href=\"\/game-bestof3-gen9vgc2023regulatione-2000069253\">game-bestof3-gen9vgc2023regulatione-2000069253<\/a>\n|t:|1701149825\n|gametype|doubles\n|player|p1|SCRUMPTIOUSBREAD|lance|\n|player|p2|hunter16k|skyla|\n|teamsize|p1|6\n|teamsize|p2|6\n|gen|9\n|tier|[Gen 9] VGC 2023 Regulation E\n|rule|Species Clause: Limit one of each Pok\u00e9mon\n|rule|Item Clause: Limit one of each item\n|clearpoke\n|poke|p1|Espathra, L50, M|\n|poke|p1|Raichu, L50, M|\n|poke|p1|Ogerpon-Wellspring, L50, F|\n|poke|p1|Okidogi, L50, M|\n|poke|p1|Arcanine-Hisui, L50, M|\n|poke|p1|Dragapult, L50, M|\n|poke|p2|Dragonite, L50, F|\n|poke|p2|Scizor, L50, M|\n|poke|p2|Arcanine, L50, F|\n|poke|p2|Milotic, L50, M|\n|poke|p2|Regieleki, L50|\n|poke|p2|Mesprit, L50|\n|teampreview|4\nSCRUMPTIOUSBREAD rejected open team sheets.\n|\n|t:|1701149873\n|start\n|switch|p1a: Gorochu|Raichu, L50, M, shiny|100\/100\n|switch|p1b: Duke|Arcanine-Hisui, L50, M|100\/100\n|switch|p2a: tirpseM|Mesprit, L50, shiny|100\/100\n|switch|p2b: ikeleigeR|Regieleki, L50, shiny|100\/100\n|-ability|p1b: Duke|Intimidate|boost\n|-unboost|p2a: tirpseM|atk|1\n|-unboost|p2b: ikeleigeR|atk|1\n|turn|1\n|\n|t:|1701149905\n|switch|p1b: Whisper|Dragapult, L50, M, shiny|100\/100\n|move|p1a: Gorochu|Fake Out|p2a: tirpseM\n|-damage|p2a: tirpseM|94\/100\n|cant|p2a: tirpseM|flinch\n|move|p2b: ikeleigeR|Electroweb|p1b: Whisper|[spread] p1b\n|-ability|p1a: Gorochu|Lightning Rod|boost\n|-boost|p1a: Gorochu|spa|1\n|-resisted|p1b: Whisper\n|-damage|p1b: Whisper|86\/100\n|-unboost|p1b: Whisper|spe|1\n|\n|upkeep\n|turn|2\n|\n|t:|1701149931\n|-terastallize|p2a: tirpseM|Steel\n|move|p1b: Whisper|Protect|p1b: Whisper\n|-singleturn|p1b: Whisper|Protect\n|move|p2b: ikeleigeR|Volt Switch|p1a: Gorochu\n|-activate|p1a: Gorochu|ability: Lightning Rod\n|-ability|p1a: Gorochu|Lightning Rod|boost\n|-boost|p1a: Gorochu|spa|1\n|move|p1a: Gorochu|Thunderbolt|p2a: tirpseM\n|-damage|p2a: tirpseM|21\/100\n|-status|p2a: tirpseM|par\n|-enditem|p2a: tirpseM|Sitrus Berry|[eat]\n|-heal|p2a: tirpseM|46\/100 par|[from] item: Sitrus Berry\n|cant|p2a: tirpseM|par\n|\n|upkeep\n|turn|3\n|c|\u2606hunter16k|Im so dumb\n|c|\u2606SCRUMPTIOUSBREAD|f\n|\n|t:|1701149981\n|switch|p2b: rozicS|Scizor, L50, M, shiny|100\/100\n|move|p2a: tirpseM|Ally Switch|p2a: tirpseM\n|swap|p2a: tirpseM|1|[from] move: Ally Switch\n|move|p1a: Gorochu|Thunderbolt|p2a: rozicS\n|-damage|p2a: rozicS|14\/100\n|move|p1b: Whisper|Light Screen|p1b: Whisper\n|-sidestart|p1: SCRUMPTIOUSBREAD|move: Light Screen\n|\n|upkeep\n|turn|4\n|\n|t:|1701150081\n|switch|p1b: Duke|Arcanine-Hisui, L50, M|100\/100\n|-ability|p1b: Duke|Intimidate|boost\n|-unboost|p2a: rozicS|atk|1\n|-unboost|p2b: tirpseM|atk|1\n|move|p2a: rozicS|Bullet Punch|p1a: Gorochu\n|-resisted|p1a: Gorochu\n|-damage|p1a: Gorochu|84\/100\n|move|p1a: Gorochu|Thunderbolt|p2b: tirpseM\n|-damage|p2b: tirpseM|0 fnt\n|faint|p2b: tirpseM\n|\n|upkeep\n|\n|t:|1701150095\n|switch|p2b: citoliM|Milotic, L50, M, shiny|100\/100\n|turn|5\n|\n|t:|1701150105\n|move|p2b: citoliM|Protect|p2b: citoliM\n|-singleturn|p2b: citoliM|Protect\n|move|p2a: rozicS|Bullet Punch|p1b: Duke\n|-damage|p1b: Duke|75\/100\n|move|p1a: Gorochu|Thunderbolt|p2b: citoliM\n|-activate|p2b: citoliM|move: Protect\n|move|p1b: Duke|Rock Slide|p2b: citoliM|[spread] p2a\n|-activate|p2b: citoliM|move: Protect\n|-damage|p2a: rozicS|0 fnt\n|faint|p2a: rozicS\n|\n|upkeep\n|\n|t:|1701150117\n|switch|p2a: ikeleigeR|Regieleki, L50, shiny|100\/100\n|turn|6\n|\n|t:|1701150129\n|move|p2a: ikeleigeR|Protect|p2a: ikeleigeR\n|-singleturn|p2a: ikeleigeR|Protect\n|move|p1a: Gorochu|Thunderbolt|p2b: citoliM\n|-supereffective|p2b: citoliM\n|-damage|p2b: citoliM|0 fnt\n|faint|p2b: citoliM\n|move|p1b: Duke|Rock Slide|p2a: ikeleigeR\n|-activate|p2a: ikeleigeR|move: Protect\n|\n|upkeep\n|turn|7\n|\n|t:|1701150154\n|move|p2a: ikeleigeR|Tera Blast|p1a: Gorochu\n|-damage|p1a: Gorochu|62\/100\n|move|p1a: Gorochu|Thunderbolt|p2a: ikeleigeR\n|-resisted|p2a: ikeleigeR\n|-damage|p2a: ikeleigeR|30\/100\n|move|p1b: Duke|Flare Blitz|p2a: ikeleigeR\n|-damage|p2a: ikeleigeR|0 fnt\n|faint|p2a: ikeleigeR\n|-damage|p1b: Duke|68\/100|[from] Recoil\n|\n|win|SCRUMPTIOUSBREAD\n|c|&|\/uhtml prompt-hunter16k,hunter16k is ready for game 3!\n|inactive|SCRUMPTIOUSBREAD has 50 seconds to confirm battle start!\n|c|&|\/uhtml prompt-scrumptiousbread,SCRUMPTIOUSBREAD is ready for game 3!\nBoth players are ready! Starting next match!\n","uploadtime":1701150900,"views":12,"p1id":"scrumptiousbread","p2id":"hunter16k","formatid":"gen9vgc2023regulatione","rating":0,"private":0,"password":""}