{"id":"gen9vgc2023regulatione-1996291550","p1":"halfax","p2":"ThePhantom_356","format":"[Gen 9] VGC 2023 Regulation E","log":"|j|\u2606halfax\n|j|\u2606ThePhantom_356\n|t:|1700668122\n|gametype|doubles\n|player|p1|halfax|101|1086\n|player|p2|ThePhantom_356|fantina|1000\n|teamsize|p1|6\n|teamsize|p2|6\n|gen|9\n|tier|[Gen 9] VGC 2023 Regulation E\n|rated|\n|rule|Species Clause: Limit one of each Pok\u00e9mon\n|rule|Item Clause: Limit one of each item\n|clearpoke\n|poke|p1|Moltres-Galar, L50|\n|poke|p1|Sinistcha, L50|\n|poke|p1|Grimmsnarl, L50, M|\n|poke|p1|Munkidori, L50, M|\n|poke|p1|Arcanine-Hisui, L50, M|\n|poke|p1|Milotic, L50, M|\n|poke|p2|Hatterene, L50, F|\n|poke|p2|Indeedee-F, L50, F|\n|poke|p2|Torkoal, L50, F|\n|poke|p2|Ursaluna, L50, F|\n|poke|p2|Lilligant-Hisui, L50, F|\n|poke|p2|Flutter Mane, L50|\n|teampreview|4\n|inactive|Battle timer is ON: inactive players will automatically lose when time's up. (requested by halfax)\n|inactive|ThePhantom_356 has 60 seconds left.\n|inactive|ThePhantom_356 has 30 seconds left.\n|\n|t:|1700668195\n|start\n|switch|p1a: Moltres|Moltres-Galar, L50|100\/100\n|switch|p1b: Munkidori|Munkidori, L50, M|100\/100\n|switch|p2a: Tiffany|Lilligant-Hisui, L50, F, shiny|100\/100\n|switch|p2b: Torq|Torkoal, L50, F|100\/100\n|-item|p2a: Tiffany|Focus Sash|[from] ability: Frisk|[of] p1b: Munkidori|[identify]\n|-item|p2b: Torq|Charcoal|[from] ability: Frisk|[of] p1b: Munkidori|[identify]\n|-weather|SunnyDay|[from] ability: Drought|[of] p2b: Torq\n|turn|1\n|inactive|halfax has 30 seconds left.\n|inactive|ThePhantom_356 has 30 seconds left.\n|inactive|halfax has 20 seconds left.\n|inactive|halfax has 15 seconds left.\n|\n|t:|1700668238\n|switch|p2a: Wednesday|Flutter Mane, L50|100\/100\n|-activate|p2a: Wednesday|ability: Protosynthesis\n|-start|p2a: Wednesday|protosynthesisspe\n|-terastallize|p1b: Munkidori|Poison\n|-terastallize|p2b: Torq|Fire\n|move|p1a: Moltres|Protect|p1a: Moltres\n|-singleturn|p1a: Moltres|Protect\n|move|p1b: Munkidori|Sludge Bomb|p2a: Wednesday\n|-damage|p2a: Wednesday|45\/100\n|move|p2b: Torq|Heat Wave|p1b: Munkidori|[spread] p1b\n|-activate|p1a: Moltres|move: Protect\n|-damage|p1b: Munkidori|10\/100\n|\n|-weather|SunnyDay|[upkeep]\n|upkeep\n|turn|2\n|inactive|halfax has 30 seconds left.\n|inactive|halfax has 20 seconds left.\n|inactive|halfax has 15 seconds left.\n|\n|t:|1700668282\n|move|p2a: Wednesday|Dazzling Gleam|p1b: Munkidori|[spread] p1a,p1b\n|-supereffective|p1a: Moltres\n|-resisted|p1b: Munkidori\n|-damage|p1a: Moltres|24\/100\n|-damage|p1b: Munkidori|0 fnt\n|faint|p1b: Munkidori\n|-ability|p1a: Moltres|Berserk|boost\n|-boost|p1a: Moltres|spa|1\n|-enditem|p1a: Moltres|Sitrus Berry|[eat]\n|-heal|p1a: Moltres|49\/100|[from] item: Sitrus Berry\n|move|p1a: Moltres|Fiery Wrath|p2b: Torq|[spread] p2a,p2b\n|-damage|p2a: Wednesday|5\/100\n|-damage|p2b: Torq|41\/100\n|move|p2b: Torq|Heat Wave|p1a: Moltres|[miss]\n|-miss|p2b: Torq|p1a: Moltres\n|\n|-weather|SunnyDay|[upkeep]\n|upkeep\n|\n|t:|1700668299\n|switch|p1b: Sinistcha|Sinistcha, L50|100\/100\n|-heal|p1a: Moltres|74\/100|[from] ability: Hospitality|[of] p1b: Sinistcha\n|turn|3\n|\n|t:|1700668315\n|switch|p2b: Cecilia|Indeedee-F, L50, F|100\/100\n|-fieldstart|move: Psychic Terrain|[from] ability: Psychic Surge|[of] p2b: Cecilia\n|move|p2a: Wednesday|Dazzling Gleam|p1b: Sinistcha|[spread] p1a,p1b\n|-supereffective|p1a: Moltres\n|-damage|p1a: Moltres|0 fnt\n|-damage|p1b: Sinistcha|48\/100\n|faint|p1a: Moltres\n|move|p1b: Sinistcha|Life Dew|p1b: Sinistcha\n|-heal|p1b: Sinistcha|73\/100\n|\n|-weather|SunnyDay|[upkeep]\n|upkeep\n|\n|t:|1700668328\n|switch|p1a: Arcanine|Arcanine-Hisui, L50, M|100\/100\n|-ability|p1a: Arcanine|Intimidate|boost\n|-unboost|p2a: Wednesday|atk|1\n|-unboost|p2b: Cecilia|atk|1\n|turn|4\n|\n|t:|1700668338\n|move|p2b: Cecilia|Helping Hand|p2a: Wednesday\n|-singleturn|p2a: Wednesday|Helping Hand|[of] p2b: Cecilia\n|move|p2a: Wednesday|Dazzling Gleam|p1a: Arcanine|[spread] p1a,p1b\n|-resisted|p1a: Arcanine\n|-damage|p1a: Arcanine|72\/100\n|-damage|p1b: Sinistcha|0 fnt\n|faint|p1b: Sinistcha\n|move|p1a: Arcanine|Flare Blitz|p2b: Cecilia\n|-damage|p2b: Cecilia|19\/100\n|-status|p2b: Cecilia|brn\n|-damage|p1a: Arcanine|44\/100|[from] Recoil\n|\n|-weather|SunnyDay|[upkeep]\n|-damage|p2b: Cecilia|12\/100 brn|[from] brn\n|upkeep\n|turn|5\n|\n|t:|1700668358\n|move|p2b: Cecilia|Helping Hand|p2a: Wednesday\n|-singleturn|p2a: Wednesday|Helping Hand|[of] p2b: Cecilia\n|move|p2a: Wednesday|Dazzling Gleam|p1a: Arcanine\n|-resisted|p1a: Arcanine\n|-damage|p1a: Arcanine|10\/100\n|move|p1a: Arcanine|Rock Slide|p2b: Cecilia|[spread] p2a\n|-miss|p1a: Arcanine|p2b: Cecilia\n|-damage|p2a: Wednesday|0 fnt\n|faint|p2a: Wednesday\n|-end|p2a: Wednesday|Protosynthesis|[silent]\n|\n|-weather|none\n|-damage|p2b: Cecilia|6\/100 brn|[from] brn\n|upkeep\n|-message|halfax forfeited.\n|\n|win|ThePhantom_356\n|raw|halfax's rating: 1086 &rarr; <strong>1058<\/strong><br \/>(-28 for losing)\n|raw|ThePhantom_356's rating: 1000 &rarr; <strong>1050<\/strong><br \/>(+50 for winning)\n|l|\u2606halfax\n","uploadtime":1700668373,"views":12,"p1id":"halfax","p2id":"thephantom356","formatid":"gen9vgc2023regulatione","rating":1050,"private":0,"password":""}