{"id":"gen9vgc2023regulatione-1999860191","p1":"WishNM","p2":"Razorgliscor472","format":"[Gen 9] VGC 2023 Regulation E","log":"|j|\u2606WishNM\n|j|\u2606Razorgliscor472\n|n|\u2606WishNM|wishnm\n|n|\u2606Razorgliscor472|razorgliscor472\n|html|View the match progress at <a href=\"\/game-bestof3-gen9vgc2023regulatione-1999856505\">game-bestof3-gen9vgc2023regulatione-1999856505<\/a>\n|t:|1701123649\n|gametype|doubles\n|player|p1|WishNM|n|\n|player|p2|Razorgliscor472|101|\n|teamsize|p1|6\n|teamsize|p2|6\n|gen|9\n|tier|[Gen 9] VGC 2023 Regulation E\n|rule|Species Clause: Limit one of each Pok\u00e9mon\n|rule|Item Clause: Limit one of each item\n|clearpoke\n|poke|p1|Annihilape, L50, F|\n|poke|p1|Maushold-Four, L50|\n|poke|p1|Zoroark-Hisui, L50, F|\n|poke|p1|Krookodile, L50, F|\n|poke|p1|Ninetales-Alola, L50, F|\n|poke|p1|Heatran, L50, F|\n|poke|p2|Urshifu-*, L50, M|\n|poke|p2|Murkrow, L50, M|\n|poke|p2|Indeedee-F, L50, F|\n|poke|p2|Ursaring, L50, M|\n|poke|p2|Gholdengo, L50|\n|poke|p2|Overqwil, L50, M|\n|teampreview|4\n|c|\u2606Razorgliscor472|Yeah its bo3\n|j| Fernanch\nWishNM rejected open team sheets.\n|\n|t:|1701123719\n|start\n|switch|p1a: Annihilape|Annihilape, L50, F|100\/100\n|switch|p1b: Maushold|Maushold-Four, L50|100\/100\n|switch|p2a: Ursaring|Ursaring, L50, M|100\/100\n|switch|p2b: Murkrow|Murkrow, L50, M|100\/100\n|turn|1\n|\n|t:|1701123740\n|move|p2b: Murkrow|Tailwind|p2b: Murkrow\n|-sidestart|p2: Razorgliscor472|move: Tailwind\n|move|p2a: Ursaring|Close Combat|p1b: Maushold\n|-supereffective|p1b: Maushold\n|-crit|p1b: Maushold\n|-enditem|p1b: Maushold|Chople Berry|[eat]\n|-enditem|p1b: Maushold|Chople Berry|[weaken]\n|-damage|p1b: Maushold|39\/100\n|-unboost|p2a: Ursaring|def|1\n|-unboost|p2a: Ursaring|spd|1\n|move|p1b: Maushold|Beat Up|p1a: Annihilape\n|-damage|p1a: Annihilape|99\/100\n|-damage|p1a: Annihilape|97\/100\n|-damage|p1a: Annihilape|95\/100\n|-damage|p1a: Annihilape|93\/100\n|-hitcount|p1a: Annihilape|4\n|move|p1a: Annihilape|Drain Punch|p2a: Ursaring\n|-supereffective|p2a: Ursaring\n|-damage|p2a: Ursaring|0 fnt\n|-heal|p1a: Annihilape|100\/100|[from] drain|[of] p2a: Ursaring\n|faint|p2a: Ursaring\n|\n|upkeep\n|\n|t:|1701123751\n|switch|p2a: Urshifu|Urshifu-Rapid-Strike, L50, M|100\/100\n|turn|2\n|c| Fernanch|Man\n|\n|t:|1701123807\n|move|p2b: Murkrow|Protect|p2b: Murkrow\n|-singleturn|p2b: Murkrow|Protect\n|move|p2a: Urshifu|Surging Strikes|p1b: Maushold\n|-crit|p1b: Maushold\n|-damage|p1b: Maushold|18\/100\n|-crit|p1b: Maushold\n|-damage|p1b: Maushold|0 fnt\n|faint|p1b: Maushold\n|-hitcount|p1: Maushold|2\n|move|p1a: Annihilape|Bulk Up|p1a: Annihilape\n|-boost|p1a: Annihilape|atk|1\n|-boost|p1a: Annihilape|def|1\n|\n|upkeep\n|\n|t:|1701123827\n|switch|p1b: Heatran|Heatran, L50, F|100\/100\n|turn|3\n|\n|t:|1701123859\n|-terastallize|p2a: Urshifu|Water\n|move|p1b: Heatran|Protect|p1b: Heatran\n|-singleturn|p1b: Heatran|Protect\n|move|p2a: Urshifu|Surging Strikes|p1a: Annihilape\n|-crit|p1a: Annihilape\n|-damage|p1a: Annihilape|78\/100\n|-crit|p1a: Annihilape\n|-damage|p1a: Annihilape|58\/100\n|-crit|p1a: Annihilape\n|-damage|p1a: Annihilape|33\/100\n|-hitcount|p1a: Annihilape|3\n|move|p2b: Murkrow|Foul Play|p1a: Annihilape\n|-damage|p1a: Annihilape|6\/100\n|move|p1a: Annihilape|Rage Fist|p2a: Urshifu\n|-damage|p2a: Urshifu|0 fnt\n|faint|p2a: Urshifu\n|\n|-heal|p1a: Annihilape|12\/100|[from] item: Leftovers\n|upkeep\n|\n|t:|1701123875\n|switch|p2a: Indeedee|Indeedee-F, L50, F|100\/100\n|-fieldstart|move: Psychic Terrain|[from] ability: Psychic Surge|[of] p2a: Indeedee\n|-enditem|p2a: Indeedee|Psychic Seed\n|-boost|p2a: Indeedee|spd|1|[from] item: Psychic Seed\n|turn|4\n|c| Fernanch|Dang, almost\n|c| Fernanch|Also this rolls are crazy\n|c|\u2606Razorgliscor472|Holy shit this team is ass into Lape\n|\n|t:|1701123913\n|move|p1a: Annihilape|Protect|p1a: Annihilape\n|-singleturn|p1a: Annihilape|Protect\n|move|p2b: Murkrow|Foul Play|p1b: Heatran\n|-damage|p1b: Heatran|84\/100\n|-damage|p2b: Murkrow|84\/100|[from] item: Rocky Helmet|[of] p1b: Heatran\n|move|p2a: Indeedee|Dazzling Gleam|p1b: Heatran|[spread] p1b\n|-activate|p1a: Annihilape|move: Protect\n|-resisted|p1b: Heatran\n|-damage|p1b: Heatran|81\/100\n|move|p1b: Heatran|Magma Storm|p2b: Murkrow|[miss]\n|-miss|p1b: Heatran|p2b: Murkrow\n|\n|-heal|p1a: Annihilape|18\/100|[from] item: Leftovers\n|-sideend|p2: Razorgliscor472|move: Tailwind\n|upkeep\n|turn|5\n|c|\u2606WishNM|I think I saw that Magma Storm fly by my window\n|c| Fernanch|Dang\n|c| Fernanch|Brazil rn\n|\n|t:|1701123994\n|-terastallize|p1a: Annihilape|Water\n|move|p2b: Murkrow|Foul Play|p1a: Annihilape\n|-damage|p1a: Annihilape|0 fnt\n|faint|p1a: Annihilape\n|move|p1b: Heatran|Magma Storm|p2b: Murkrow\n|-damage|p2b: Murkrow|25\/100\n|-activate|p2b: Murkrow|move: Magma Storm|[of] p1b: Heatran\n|move|p2a: Indeedee|Dazzling Gleam|p1b: Heatran\n|-resisted|p1b: Heatran\n|-damage|p1b: Heatran|77\/100\n|\n|-damage|p2b: Murkrow|13\/100|[from] move: Magma Storm|[partiallytrapped]\n|upkeep\n|\n|t:|1701124005\n|switch|p1a: Krookodile|Krookodile, L50, F|100\/100\n|-ability|p1a: Krookodile|Intimidate|boost\n|-unboost|p2a: Indeedee|atk|1\n|-unboost|p2b: Murkrow|atk|1\n|turn|6\n|\n|t:|1701124036\n|move|p1a: Krookodile|Knock Off|p2a: Indeedee\n|-supereffective|p2a: Indeedee\n|-damage|p2a: Indeedee|28\/100\n|move|p2b: Murkrow|Foul Play|p1b: Heatran\n|-damage|p1b: Heatran|62\/100\n|-damage|p2b: Murkrow|0 fnt|[from] item: Rocky Helmet|[of] p1b: Heatran\n|faint|p2b: Murkrow\n|move|p1b: Heatran|Magma Storm|p2a: Indeedee\n|-damage|p2a: Indeedee|2\/100\n|-activate|p2a: Indeedee|move: Magma Storm|[of] p1b: Heatran\n|move|p2a: Indeedee|Dazzling Gleam|p1a: Krookodile|[spread] p1a,p1b\n|-supereffective|p1a: Krookodile\n|-resisted|p1b: Heatran\n|-damage|p1a: Krookodile|70\/100\n|-damage|p1b: Heatran|59\/100\n|\n|-damage|p2a: Indeedee|0 fnt|[from] move: Magma Storm|[partiallytrapped]\n|faint|p2a: Indeedee\n|\n|win|WishNM\n|upkeep\n|c|\u2606Razorgliscor472|Ggs\n|c|\u2606WishNM|ggs\n|l|\u2606Razorgliscor472\n","uploadtime":1701124078,"views":8,"p1id":"wishnm","p2id":"razorgliscor472","formatid":"gen9vgc2023regulatione","rating":0,"private":0,"password":""}