{"id":"gen9vgc2023regulatione-1994650723","p1":"Deadhead Omega","p2":"GUAN0603","format":"[Gen 9] VGC 2023 Regulation E","log":"|j|\u2606Deadhead Omega\n|j|\u2606GUAN0603\n|t:|1700475571\n|gametype|doubles\n|player|p1|Deadhead Omega|benga|1472\n|player|p2|GUAN0603|unknown|1364\n|teamsize|p1|6\n|teamsize|p2|6\n|gen|9\n|tier|[Gen 9] VGC 2023 Regulation E\n|rated|\n|rule|Species Clause: Limit one of each Pok\u00e9mon\n|rule|Item Clause: Limit one of each item\n|clearpoke\n|poke|p1|Amoonguss, L50, F|\n|poke|p1|Tornadus, L50, M|\n|poke|p1|Iron Hands, L50|\n|poke|p1|Arcanine-Hisui, L50, M|\n|poke|p1|Gholdengo, L50|\n|poke|p1|Urshifu-*, L50, M|\n|poke|p2|Murkrow, L50, F|\n|poke|p2|Urshifu-*, L50, M|\n|poke|p2|Tsareena, L50, F|\n|poke|p2|Flutter Mane, L50|\n|poke|p2|Iron Bundle, L50|\n|poke|p2|Chi-Yu, L50|\n|teampreview|4\nGUAN0603 has agreed to open team sheets.\n|inactive|Battle timer is ON: inactive players will automatically lose when time's up. (requested by GUAN0603)\nDeadhead Omega has agreed to open team sheets.\n|inactive|Deadhead Omega has 30 seconds left.\n|inactive|GUAN0603 has 30 seconds left.\n|inactive|Deadhead Omega has 20 seconds left.\n|inactive|Deadhead Omega has 15 seconds left.\n|\n|t:|1700475627\n|start\n|switch|p1a: Tornadus|Tornadus, L50, M|100\/100\n|switch|p1b: Gholdengo|Gholdengo, L50|100\/100\n|switch|p2a: \u58de\u4efd\u5b50|Murkrow, L50, F|100\/100\n|switch|p2b: \u5ee2\u589f\u5361\u5230\u9670|Flutter Mane, L50|100\/100\n|turn|1\n|\n|t:|1700475652\n|move|p1b: Gholdengo|Protect|p1b: Gholdengo\n|-singleturn|p1b: Gholdengo|Protect\n|move|p2a: \u58de\u4efd\u5b50|Tailwind|p2a: \u58de\u4efd\u5b50\n|-sidestart|p2: GUAN0603|move: Tailwind\n|move|p1a: Tornadus|Tailwind|p1a: Tornadus\n|-sidestart|p1: Deadhead Omega|move: Tailwind\n|move|p2b: \u5ee2\u589f\u5361\u5230\u9670|Dazzling Gleam|p1b: Gholdengo|[spread] p1a\n|-activate|p1b: Gholdengo|move: Protect\n|-damage|p1a: Tornadus|60\/100\n|-damage|p2b: \u5ee2\u589f\u5361\u5230\u9670|91\/100|[from] item: Life Orb\n|\n|upkeep\n|turn|2\n|inactive|GUAN0603 has 30 seconds left.\n|inactive|GUAN0603 has 20 seconds left.\n|\n|t:|1700475687\n|move|p1a: Tornadus|Protect|p1a: Tornadus\n|-singleturn|p1a: Tornadus|Protect\n|move|p2a: \u58de\u4efd\u5b50|Sunny Day|p2a: \u58de\u4efd\u5b50\n|-weather|SunnyDay\n|-activate|p2b: \u5ee2\u589f\u5361\u5230\u9670|ability: Protosynthesis\n|-start|p2b: \u5ee2\u589f\u5361\u5230\u9670|protosynthesisspe\n|move|p2b: \u5ee2\u589f\u5361\u5230\u9670|Dazzling Gleam|p1a: Tornadus|[spread] p1b\n|-activate|p1a: Tornadus|move: Protect\n|-resisted|p1b: Gholdengo\n|-damage|p1b: Gholdengo|84\/100\n|-damage|p2b: \u5ee2\u589f\u5361\u5230\u9670|82\/100|[from] item: Life Orb\n|move|p1b: Gholdengo|Nasty Plot|p1b: Gholdengo\n|-boost|p1b: Gholdengo|spa|2\n|\n|-weather|SunnyDay|[upkeep]\n|-heal|p1b: Gholdengo|90\/100|[from] item: Leftovers\n|upkeep\n|turn|3\n|inactive|Deadhead Omega has 30 seconds left.\n|\n|t:|1700475715\n|-terastallize|p1b: Gholdengo|Dragon\n|move|p2a: \u58de\u4efd\u5b50|Quash|p1a: Tornadus\n|-activate|p1a: Tornadus|move: Quash\n|move|p2b: \u5ee2\u589f\u5361\u5230\u9670|Shadow Ball|p1a: Tornadus\n|-damage|p1a: Tornadus|0 fnt\n|faint|p1a: Tornadus\n|-damage|p2b: \u5ee2\u589f\u5361\u5230\u9670|72\/100|[from] item: Life Orb\n|move|p1b: Gholdengo|Make It Rain|p2a: \u58de\u4efd\u5b50|[spread] p2a,p2b\n|-supereffective|p2b: \u5ee2\u589f\u5361\u5230\u9670\n|-enditem|p2a: \u58de\u4efd\u5b50|Focus Sash\n|-damage|p2a: \u58de\u4efd\u5b50|1\/100\n|-damage|p2b: \u5ee2\u589f\u5361\u5230\u9670|0 fnt\n|-unboost|p1b: Gholdengo|spa|1\n|faint|p2b: \u5ee2\u589f\u5361\u5230\u9670\n|-end|p2b: \u5ee2\u589f\u5361\u5230\u9670|Protosynthesis|[silent]\n|\n|-weather|SunnyDay|[upkeep]\n|-heal|p1b: Gholdengo|96\/100|[from] item: Leftovers\n|upkeep\n|\n|t:|1700475732\n|switch|p2b: \u6d6a\u6f2b\u56e0\u5b50|Chi-Yu, L50|100\/100\n|switch|p1a: Iron Hands|Iron Hands, L50|100\/100\n|-ability|p2b: \u6d6a\u6f2b\u56e0\u5b50|Beads of Ruin\n|turn|4\n|inactive|GUAN0603 has 30 seconds left.\n|\n|t:|1700475759\n|-terastallize|p2b: \u6d6a\u6f2b\u56e0\u5b50|Fire\n|move|p1a: Iron Hands|Fake Out|p2a: \u58de\u4efd\u5b50\n|-damage|p2a: \u58de\u4efd\u5b50|0 fnt\n|faint|p2a: \u58de\u4efd\u5b50\n|move|p2b: \u6d6a\u6f2b\u56e0\u5b50|Heat Wave|p1b: Gholdengo|[spread] p1a\n|-miss|p2b: \u6d6a\u6f2b\u56e0\u5b50|p1b: Gholdengo\n|-damage|p1a: Iron Hands|26\/100\n|move|p1b: Gholdengo|Nasty Plot|p1b: Gholdengo\n|-boost|p1b: Gholdengo|spa|2\n|\n|-weather|SunnyDay|[upkeep]\n|-heal|p1b: Gholdengo|100\/100|[from] item: Leftovers\n|-sideend|p2: GUAN0603|move: Tailwind\n|-sideend|p1: Deadhead Omega|move: Tailwind\n|upkeep\n|\n|t:|1700475771\n|switch|p2a: \u52de\u52d5\u795e\u9df9|Iron Bundle, L50, shiny|100\/100\n|-enditem|p2a: \u52de\u52d5\u795e\u9df9|Booster Energy\n|-activate|p2a: \u52de\u52d5\u795e\u9df9|ability: Quark Drive|[fromitem]\n|-start|p2a: \u52de\u52d5\u795e\u9df9|quarkdrivespe\n|turn|5\n|inactive|Deadhead Omega has 30 seconds left.\n|\n|t:|1700475799\n|-end|p1a: Iron Hands|Quark Drive|[silent]\n|switch|p1a: Arcanine|Arcanine-Hisui, L50, M|100\/100\n|-ability|p1a: Arcanine|Intimidate|boost\n|-unboost|p2a: \u52de\u52d5\u795e\u9df9|atk|1\n|-unboost|p2b: \u6d6a\u6f2b\u56e0\u5b50|atk|1\n|move|p1b: Gholdengo|Protect|p1b: Gholdengo\n|-singleturn|p1b: Gholdengo|Protect\n|move|p2a: \u52de\u52d5\u795e\u9df9|Freeze-Dry|p1b: Gholdengo\n|-activate|p1b: Gholdengo|move: Protect\n|move|p2b: \u6d6a\u6f2b\u56e0\u5b50|Heat Wave|p1b: Gholdengo|[spread] \n|-activate|p1b: Gholdengo|move: Protect\n|-miss|p2b: \u6d6a\u6f2b\u56e0\u5b50|p1a: Arcanine\n|\n|-weather|SunnyDay|[upkeep]\n|upkeep\n|turn|6\n|inactive|Deadhead Omega has 30 seconds left.\n|inactive|GUAN0603 has 30 seconds left.\n|\n|t:|1700475833\n|move|p2a: \u52de\u52d5\u795e\u9df9|Freeze-Dry|p1b: Gholdengo\n|-supereffective|p1b: Gholdengo\n|-crit|p1b: Gholdengo\n|-damage|p1b: Gholdengo|0 fnt\n|faint|p1b: Gholdengo\n|move|p2b: \u6d6a\u6f2b\u56e0\u5b50|Heat Wave|p1a: Arcanine\n|-resisted|p1a: Arcanine\n|-damage|p1a: Arcanine|50\/100\n|move|p1a: Arcanine|Flare Blitz|p2a: \u52de\u52d5\u795e\u9df9\n|-damage|p2a: \u52de\u52d5\u795e\u9df9|0 fnt\n|faint|p2a: \u52de\u52d5\u795e\u9df9\n|-end|p2a: \u52de\u52d5\u795e\u9df9|Quark Drive|[silent]\n|-damage|p1a: Arcanine|25\/100|[from] Recoil\n|\n|-weather|none\n|upkeep\n|\n|t:|1700475844\n|switch|p1b: Iron Hands|Iron Hands, L50|26\/100\n|turn|7\n|\n|t:|1700475858\n|move|p1b: Iron Hands|Fake Out|p2b: \u6d6a\u6f2b\u56e0\u5b50\n|-damage|p2b: \u6d6a\u6f2b\u56e0\u5b50|82\/100\n|cant|p2b: \u6d6a\u6f2b\u56e0\u5b50|flinch\n|move|p1a: Arcanine|Flare Blitz|p2b: \u6d6a\u6f2b\u56e0\u5b50\n|-resisted|p2b: \u6d6a\u6f2b\u56e0\u5b50\n|-damage|p2b: \u6d6a\u6f2b\u56e0\u5b50|22\/100\n|-damage|p1a: Arcanine|8\/100|[from] Recoil\n|\n|upkeep\n|turn|8\n|\n|t:|1700475869\n|move|p2b: \u6d6a\u6f2b\u56e0\u5b50|Heat Wave|p1b: Iron Hands|[spread] p1a,p1b\n|-resisted|p1a: Arcanine\n|-damage|p1a: Arcanine|0 fnt\n|-damage|p1b: Iron Hands|0 fnt\n|faint|p1a: Arcanine\n|faint|p1b: Iron Hands\n|-end|p1b: Iron Hands|Quark Drive|[silent]\n|\n|win|GUAN0603\n|raw|Deadhead Omega's rating: 1472 &rarr; <strong>1446<\/strong><br \/>(-26 for losing)\n|raw|GUAN0603's rating: 1364 &rarr; <strong>1390<\/strong><br \/>(+26 for winning)\n|l|\u2606Deadhead Omega\n","uploadtime":1700475878,"views":23,"p1id":"deadheadomega","p2id":"guan0603","formatid":"gen9vgc2023regulatione","rating":1390,"private":0,"password":""}