{"id":"gen9vgc2023regulatione-1994122644","p1":"dointi","p2":"lovedbysatan","format":"[Gen 9] VGC 2023 Regulation E","log":"|j|\u2606dointi\n|j|\u2606lovedbysatan\n|t:|1700409552\n|gametype|doubles\n|player|p1|dointi|170|1046\n|player|p2|lovedbysatan|169|1140\n|teamsize|p1|6\n|teamsize|p2|6\n|gen|9\n|tier|[Gen 9] VGC 2023 Regulation E\n|rated|\n|rule|Species Clause: Limit one of each Pok\u00e9mon\n|rule|Item Clause: Limit one of each item\n|clearpoke\n|poke|p1|Farigiraf, L50, M|\n|poke|p1|Iron Hands, L50|\n|poke|p1|Ursaluna-Bloodmoon, L50, M|\n|poke|p1|Carbink, L50|\n|poke|p1|Dondozo, L50, F|\n|poke|p1|Tatsugiri, L50, M|\n|poke|p2|Flutter Mane, L50|\n|poke|p2|Iron Hands, L50|\n|poke|p2|Landorus-Therian, L50, M|\n|poke|p2|Kommo-o, L50, F|\n|poke|p2|Sinistcha, L50|\n|poke|p2|Urshifu-*, L50, M|\n|teampreview|4\n|inactive|Battle timer is ON: inactive players will automatically lose when time's up. (requested by lovedbysatan)\n|\n|t:|1700409571\n|start\n|switch|p1a: Iron Hands|Iron Hands, L50|100\/100\n|switch|p1b: Carbink|Carbink, L50|100\/100\n|switch|p2a: Landorus|Landorus-Therian, L50, M|100\/100\n|switch|p2b: Urshifu|Urshifu-Rapid-Strike, L50, M|100\/100\n|-ability|p2a: Landorus|Intimidate|boost\n|-unboost|p1a: Iron Hands|atk|1\n|-unboost|p1b: Carbink|atk|1\n|turn|1\n|\n|t:|1700409588\n|-terastallize|p1b: Carbink|Water\n|move|p1a: Iron Hands|Fake Out|p2a: Landorus\n|-damage|p2a: Landorus|87\/100\n|cant|p2a: Landorus|flinch\n|move|p2b: Urshifu|Close Combat|p1b: Carbink\n|-damage|p1b: Carbink|47\/100\n|-unboost|p2b: Urshifu|def|1\n|-unboost|p2b: Urshifu|spd|1\n|move|p1b: Carbink|Trick Room|p1b: Carbink\n|-fieldstart|move: Trick Room|[of] p1b: Carbink\n|\n|upkeep\n|turn|2\n|inactive|dointi has 30 seconds left.\n|\n|t:|1700409617\n|switch|p2b: Sinistcha|Sinistcha, L50|100\/100\n|-heal|p2a: Landorus|100\/100|[from] ability: Hospitality|[of] p2b: Sinistcha\n|switch|p2a: Iron Hands|Iron Hands, L50|100\/100\n|move|p1a: Iron Hands|Swords Dance|p1a: Iron Hands\n|-boost|p1a: Iron Hands|atk|2\n|move|p1b: Carbink|Guard Split|p1a: Iron Hands\n|-activate|p1b: Carbink|move: Guard Split|[of] p1a: Iron Hands\n|\n|upkeep\n|turn|3\n|inactive|dointi has 30 seconds left.\n|\n|t:|1700409647\n|move|p2a: Iron Hands|Fake Out|p1a: Iron Hands\n|-damage|p1a: Iron Hands|92\/100\n|cant|p1a: Iron Hands|flinch\n|move|p1b: Carbink|Dazzling Gleam|p2b: Sinistcha|[spread] p2a,p2b\n|-supereffective|p2a: Iron Hands\n|-damage|p2a: Iron Hands|84\/100\n|-damage|p2b: Sinistcha|90\/100\n|move|p2b: Sinistcha|Matcha Gotcha|p1b: Carbink|[spread] p1a,p1b\n|-supereffective|p1b: Carbink\n|-damage|p1a: Iron Hands|77\/100\n|-heal|p2b: Sinistcha|99\/100|[from] drain|[of] p1a: Iron Hands\n|-damage|p1b: Carbink|0 fnt\n|-heal|p2b: Sinistcha|100\/100|[from] drain|[of] p1b: Carbink\n|faint|p1b: Carbink\n|\n|upkeep\n|\n|t:|1700409659\n|switch|p1b: Ursaluna|Ursaluna-Bloodmoon, L50, M|100\/100\n|turn|4\n|\n|t:|1700409676\n|move|p1a: Iron Hands|Swords Dance|p1a: Iron Hands\n|-boost|p1a: Iron Hands|atk|2\n|move|p1b: Ursaluna|Earth Power|p2a: Iron Hands\n|-supereffective|p2a: Iron Hands\n|-damage|p2a: Iron Hands|20\/100\n|move|p2a: Iron Hands|Drain Punch|p1b: Ursaluna\n|-supereffective|p1b: Ursaluna\n|-damage|p1b: Ursaluna|27\/100\n|-heal|p2a: Iron Hands|48\/100|[from] drain|[of] p1b: Ursaluna\n|move|p2b: Sinistcha|Matcha Gotcha|p1b: Ursaluna|[spread] p1a,p1b\n|-supereffective|p1b: Ursaluna\n|-damage|p1a: Iron Hands|63\/100\n|-damage|p1b: Ursaluna|0 fnt\n|faint|p1b: Ursaluna\n|\n|upkeep\n|\n|t:|1700409689\n|switch|p1b: Farigiraf|Farigiraf, L50, M|100\/100\n|turn|5\n|\n|t:|1700409704\n|move|p1a: Iron Hands|Drain Punch|p2a: Iron Hands\n|-damage|p2a: Iron Hands|0 fnt\n|-heal|p1a: Iron Hands|89\/100|[from] drain|[of] p2a: Iron Hands\n|faint|p2a: Iron Hands\n|-end|p2a: Iron Hands|Quark Drive|[silent]\n|move|p1b: Farigiraf|Nasty Plot|p1b: Farigiraf\n|-boost|p1b: Farigiraf|spa|2\n|move|p2b: Sinistcha|Strength Sap|p1a: Iron Hands\n|-unboost|p1a: Iron Hands|atk|1\n|\n|-fieldend|move: Trick Room\n|upkeep\n|\n|t:|1700409720\n|switch|p2a: Urshifu|Urshifu-Rapid-Strike, L50, M|100\/100\n|turn|6\n|\n|t:|1700409728\n|move|p2b: Sinistcha|Rage Powder|p2b: Sinistcha\n|-singleturn|p2b: Sinistcha|move: Rage Powder\n|move|p2a: Urshifu|Close Combat|p1b: Farigiraf\n|-damage|p1b: Farigiraf|49\/100\n|-unboost|p2a: Urshifu|def|1\n|-unboost|p2a: Urshifu|spd|1\n|-enditem|p1b: Farigiraf|Sitrus Berry|[eat]\n|-heal|p1b: Farigiraf|74\/100|[from] item: Sitrus Berry\n|move|p1a: Iron Hands|Thunder Punch|p2a: Urshifu\n|-supereffective|p2a: Urshifu\n|-damage|p2a: Urshifu|0 fnt\n|faint|p2a: Urshifu\n|move|p1b: Farigiraf|Trick Room|p1b: Farigiraf\n|-fieldstart|move: Trick Room|[of] p1b: Farigiraf\n|\n|upkeep\n|\n|t:|1700409744\n|switch|p2a: Landorus|Landorus-Therian, L50, M|100\/100\n|-ability|p2a: Landorus|Intimidate|boost\n|-unboost|p1a: Iron Hands|atk|1\n|-unboost|p1b: Farigiraf|atk|1\n|turn|7\n|\n|t:|1700409765\n|move|p1a: Iron Hands|Swords Dance|p1a: Iron Hands\n|-boost|p1a: Iron Hands|atk|2\n|move|p1b: Farigiraf|Dazzling Gleam|p2b: Sinistcha|[spread] p2a,p2b\n|-damage|p2a: Landorus|59\/100\n|-damage|p2b: Sinistcha|74\/100\n|move|p2b: Sinistcha|Strength Sap|p1a: Iron Hands\n|-unboost|p1a: Iron Hands|atk|1\n|-heal|p2b: Sinistcha|100\/100\n|move|p2a: Landorus|Stomping Tantrum|p1a: Iron Hands\n|-supereffective|p1a: Iron Hands\n|-damage|p1a: Iron Hands|41\/100\n|\n|upkeep\n|turn|8\n|\n|t:|1700409785\n|move|p1a: Iron Hands|Drain Punch|p2a: Landorus\n|-resisted|p2a: Landorus\n|-damage|p2a: Landorus|11\/100\n|-heal|p1a: Iron Hands|58\/100|[from] drain|[of] p2a: Landorus\n|move|p1b: Farigiraf|Dazzling Gleam|p2a: Landorus|[spread] p2a,p2b\n|-damage|p2a: Landorus|0 fnt\n|-damage|p2b: Sinistcha|71\/100\n|faint|p2a: Landorus\n|move|p2b: Sinistcha|Strength Sap|p1a: Iron Hands\n|-unboost|p1a: Iron Hands|atk|1\n|-heal|p2b: Sinistcha|100\/100\n|\n|upkeep\n|turn|9\n|\n|t:|1700409807\n|move|p1a: Iron Hands|Swords Dance|p1a: Iron Hands\n|-boost|p1a: Iron Hands|atk|2\n|move|p1b: Farigiraf|Nasty Plot|p1b: Farigiraf\n|-boost|p1b: Farigiraf|spa|2\n|move|p2b: Sinistcha|Matcha Gotcha|p1b: Farigiraf|[spread] p1a,p1b\n|-damage|p1a: Iron Hands|45\/100\n|-damage|p1b: Farigiraf|49\/100\n|-status|p1b: Farigiraf|brn\n|\n|-damage|p1b: Farigiraf|43\/100 brn|[from] brn\n|upkeep\n|turn|10\n|\n|t:|1700409822\n|move|p1a: Iron Hands|Thunder Punch|p2b: Sinistcha\n|-resisted|p2b: Sinistcha\n|-damage|p2b: Sinistcha|52\/100\n|-damage|p1a: Iron Hands|28\/100|[from] item: Rocky Helmet|[of] p2b: Sinistcha\n|move|p1b: Farigiraf|Dazzling Gleam|p2b: Sinistcha\n|-damage|p2b: Sinistcha|0 fnt\n|faint|p2b: Sinistcha\n|\n|win|dointi\n|raw|dointi's rating: 1046 &rarr; <strong>1088<\/strong><br \/>(+42 for winning)\n|raw|lovedbysatan's rating: 1140 &rarr; <strong>1108<\/strong><br \/>(-32 for losing)\n|l|\u2606lovedbysatan\n","uploadtime":1700409835,"views":20,"p1id":"dointi","p2id":"lovedbysatan","formatid":"gen9vgc2023regulatione","rating":1088,"private":0,"password":""}