{"id":"gen9vgc2023regulatione-1998246950","p1":"Sjfjfj","p2":"turtle lover 069","format":"[Gen 9] VGC 2023 Regulation E","log":"|j|\u2606Sjfjfj\n|j|\u2606turtle lover 069\n|t:|1700919340\n|gametype|doubles\n|player|p1|Sjfjfj|unknown|1000\n|player|p2|turtle lover 069|unknown|1075\n|teamsize|p1|6\n|teamsize|p2|6\n|gen|9\n|tier|[Gen 9] VGC 2023 Regulation E\n|rated|\n|rule|Species Clause: Limit one of each Pok\u00e9mon\n|rule|Item Clause: Limit one of each item\n|clearpoke\n|poke|p1|Flutter Mane, L50|\n|poke|p1|Chi-Yu, L50|\n|poke|p1|Dragonite, L50, M|\n|poke|p1|Chien-Pao, L50|\n|poke|p1|Murkrow, L50, M|\n|poke|p1|Gholdengo, L50|\n|poke|p2|Roaring Moon, L50|\n|poke|p2|Flutter Mane, L50|\n|poke|p2|Landorus-Therian, L50, M|\n|poke|p2|Arcanine-Hisui, L50, F|\n|poke|p2|Chien-Pao, L50|\n|poke|p2|Iron Hands, L50|\n|teampreview|4\n|inactive|Battle timer is ON: inactive players will automatically lose when time's up. (requested by Sjfjfj)\n|inactive|turtle lover 069 also wants the timer to be on.\n|inactive|Sjfjfj has 60 seconds left.\n|\n|t:|1700919372\n|start\n|switch|p1a: Itachi|Murkrow, L50, M|100\/100\n|switch|p1b: The FED|Gholdengo, L50|100\/100\n|switch|p2a: Landorus|Landorus-Therian, L50, M|100\/100\n|switch|p2b: Chien-Pao|Chien-Pao, L50|100\/100\n|-ability|p2a: Landorus|Intimidate|boost\n|-unboost|p1a: Itachi|atk|1\n|-unboost|p1b: The FED|atk|1\n|-ability|p2b: Chien-Pao|Sword of Ruin\n|turn|1\n|\n|t:|1700919386\n|-terastallize|p1b: The FED|Steel\n|move|p2b: Chien-Pao|Protect|p2b: Chien-Pao\n|-singleturn|p2b: Chien-Pao|Protect\n|move|p1a: Itachi|Tailwind|p1a: Itachi\n|-sidestart|p1: Sjfjfj|move: Tailwind\n|move|p1b: The FED|Make It Rain|p2b: Chien-Pao|[spread] p2a\n|-activate|p2b: Chien-Pao|move: Protect\n|-damage|p2a: Landorus|0 fnt\n|-unboost|p1b: The FED|spa|1\n|faint|p2a: Landorus\n|\n|upkeep\n|\n|t:|1700919399\n|switch|p2a: Iron Hands|Iron Hands, L50|100\/100\n|turn|2\n|inactive|Sjfjfj has 30 seconds left.\n|\n|t:|1700919431\n|switch|p1b: Ex-Wife|Flutter Mane, L50|100\/100\n|-enditem|p1b: Ex-Wife|Booster Energy\n|-activate|p1b: Ex-Wife|ability: Protosynthesis|[fromitem]\n|-start|p1b: Ex-Wife|protosynthesisspe\n|move|p2a: Iron Hands|Fake Out|p1b: Ex-Wife\n|-immune|p1b: Ex-Wife\n|move|p1a: Itachi|Foul Play|p2b: Chien-Pao\n|-resisted|p2b: Chien-Pao\n|-crit|p2b: Chien-Pao\n|-damage|p2b: Chien-Pao|51\/100\n|move|p2b: Chien-Pao|Swords Dance|p2b: Chien-Pao\n|-boost|p2b: Chien-Pao|atk|2\n|\n|upkeep\n|turn|3\n|\n|t:|1700919443\n|move|p1b: Ex-Wife|Protect|p1b: Ex-Wife\n|-singleturn|p1b: Ex-Wife|Protect\n|move|p2b: Chien-Pao|Protect|p2b: Chien-Pao\n|-singleturn|p2b: Chien-Pao|Protect\n|move|p1a: Itachi|Foul Play|p2b: Chien-Pao\n|-activate|p2b: Chien-Pao|move: Protect\n|move|p2a: Iron Hands|Heavy Slam|p1b: Ex-Wife\n|-activate|p1b: Ex-Wife|move: Protect\n|\n|upkeep\n|turn|4\n|inactive|Sjfjfj has 30 seconds left.\n|\n|t:|1700919476\n|move|p2b: Chien-Pao|Sucker Punch|p1b: Ex-Wife\n|-damage|p1b: Ex-Wife|0 fnt\n|faint|p1b: Ex-Wife\n|-end|p1b: Ex-Wife|Protosynthesis|[silent]\n|-damage|p2b: Chien-Pao|42\/100|[from] item: Life Orb\n|move|p1a: Itachi|Foul Play|p2b: Chien-Pao\n|-resisted|p2b: Chien-Pao\n|-damage|p2b: Chien-Pao|0 fnt\n|faint|p2b: Chien-Pao\n|move|p2a: Iron Hands|Wild Charge|p1a: Itachi\n|-supereffective|p1a: Itachi\n|-damage|p1a: Itachi|0 fnt\n|faint|p1a: Itachi\n|-damage|p2a: Iron Hands|86\/100|[from] Recoil\n|\n|-sideend|p1: Sjfjfj|move: Tailwind\n|upkeep\n|\n|t:|1700919483\n|switch|p2b: Flutter Mane|Flutter Mane, L50|100\/100\n|switch|p1b: Vermithor|Dragonite, L50, M|100\/100\n|switch|p1a: The FED|Gholdengo, L50, tera:Steel|100\/100\n|turn|5\n|inactive|Sjfjfj has 30 seconds left.\n|inactive|Sjfjfj has 20 seconds left.\n|inactive|Sjfjfj has 15 seconds left.\n|\n|t:|1700919525\n|-terastallize|p2b: Flutter Mane|Fairy\n|move|p1b: Vermithor|Extreme Speed|p2a: Iron Hands\n|-damage|p2a: Iron Hands|55\/100\n|move|p2b: Flutter Mane|Moonblast|p1b: Vermithor\n|-supereffective|p1b: Vermithor\n|-damage|p1b: Vermithor|0 fnt\n|faint|p1b: Vermithor\n|move|p1a: The FED|Make It Rain|p2a: Iron Hands|[spread] p2a,p2b\n|-resisted|p2a: Iron Hands\n|-crit|p2a: Iron Hands\n|-supereffective|p2b: Flutter Mane\n|-damage|p2a: Iron Hands|12\/100\n|-damage|p2b: Flutter Mane|0 fnt\n|-unboost|p1a: The FED|spa|1\n|faint|p2b: Flutter Mane\n|-end|p2b: Flutter Mane|Protosynthesis|[silent]\n|move|p2a: Iron Hands|Drain Punch|p1a: The FED\n|-supereffective|p1a: The FED\n|-damage|p1a: The FED|16\/100\n|-heal|p2a: Iron Hands|41\/100|[from] drain|[of] p1a: The FED\n|\n|upkeep\n|turn|6\n|\n|t:|1700919534\n|move|p1a: The FED|Make It Rain|p2a: Iron Hands\n|-resisted|p2a: Iron Hands\n|-damage|p2a: Iron Hands|17\/100\n|-unboost|p1a: The FED|spa|1\n|move|p2a: Iron Hands|Drain Punch|p1a: The FED\n|-supereffective|p1a: The FED\n|-damage|p1a: The FED|0 fnt\n|-heal|p2a: Iron Hands|23\/100|[from] drain|[of] p1a: The FED\n|faint|p1a: The FED\n|\n|win|turtle lover 069\n|raw|Sjfjfj's rating: 1000 &rarr; <strong>1000<\/strong><br \/>(+0 for losing)\n|raw|turtle lover 069's rating: 1075 &rarr; <strong>1098<\/strong><br \/>(+23 for winning)\n|l|\u2606Sjfjfj\n","uploadtime":1700919548,"views":0,"p1id":"sjfjfj","p2id":"turtlelover069","formatid":"gen9vgc2023regulatione","rating":1000,"private":0,"password":""}