{"id":"gen9vgc2023regulatione-1995445011","p1":"miniat","p2":"Resok","format":"[Gen 9] VGC 2023 Regulation E","log":"|j|\u2606miniat\n|j|\u2606Resok\n|t:|1700571593\n|gametype|doubles\n|player|p1|miniat|cress|1308\n|player|p2|Resok|170|1289\n|teamsize|p1|6\n|teamsize|p2|6\n|gen|9\n|tier|[Gen 9] VGC 2023 Regulation E\n|rated|\n|rule|Species Clause: Limit one of each Pok\u00e9mon\n|rule|Item Clause: Limit one of each item\n|clearpoke\n|poke|p1|Grimmsnarl, L50, M|\n|poke|p1|Wyrdeer, L50, M|\n|poke|p1|Okidogi, L50, M|\n|poke|p1|Iron Hands, L50|\n|poke|p1|Enamorus-Therian, L50, F|\n|poke|p1|Ogerpon, L50, F|\n|poke|p2|Charizard, L50, M|\n|poke|p2|Chi-Yu, L50|\n|poke|p2|Torkoal, L50, M|\n|poke|p2|Bruxish, L50, F|\n|poke|p2|Murkrow, L50, F|\n|poke|p2|Milotic, L50, F|\n|teampreview|4\n|inactive|Battle timer is ON: inactive players will automatically lose when time's up. (requested by Resok)\n|\n|t:|1700571633\n|start\n|switch|p1a: Grimmsnarl|Grimmsnarl, L50, M|100\/100\n|switch|p1b: Iron Hands|Iron Hands, L50|100\/100\n|switch|p2a: Torkoal|Torkoal, L50, M|100\/100\n|switch|p2b: Charizard|Charizard, L50, M|100\/100\n|-weather|SunnyDay|[from] ability: Drought|[of] p2a: Torkoal\n|turn|1\n|\n|t:|1700571650\n|switch|p2a: Bruxish|Bruxish, L50, F|100\/100\n|-terastallize|p2b: Charizard|Fire\n|-terastallize|p1b: Iron Hands|Fire\n|move|p1a: Grimmsnarl|Light Screen|p1a: Grimmsnarl\n|-sidestart|p1: miniat|move: Light Screen\n|move|p2b: Charizard|Heat Wave|p1b: Iron Hands|[spread] p1a,p1b\n|-resisted|p1b: Iron Hands\n|-damage|p1a: Grimmsnarl|31\/100\n|-damage|p1b: Iron Hands|83\/100\n|move|p1b: Iron Hands|Wild Charge|p2b: Charizard\n|-damage|p2b: Charizard|30\/100\n|-damage|p1b: Iron Hands|73\/100|[from] Recoil\n|\n|-weather|SunnyDay|[upkeep]\n|-damage|p2b: Charizard|18\/100|[from] ability: Solar Power|[of] p2b: Charizard\n|upkeep\n|turn|2\n|inactive|Resok has 30 seconds left.\n|\n|t:|1700571678\n|move|p1a: Grimmsnarl|Reflect|p1a: Grimmsnarl\n|-sidestart|p1: miniat|Reflect\n|move|p2b: Charizard|Heat Wave|p1a: Grimmsnarl|[spread] p1a,p1b\n|-resisted|p1b: Iron Hands\n|-damage|p1a: Grimmsnarl|0 fnt\n|-damage|p1b: Iron Hands|56\/100\n|faint|p1a: Grimmsnarl\n|move|p1b: Iron Hands|Drain Punch|p2b: Charizard\n|-damage|p2b: Charizard|0 fnt\n|-heal|p1b: Iron Hands|62\/100|[from] drain|[of] p2b: Charizard\n|faint|p2b: Charizard\n|move|p2a: Bruxish|Trick Room|p2a: Bruxish\n|-fieldstart|move: Trick Room|[of] p2a: Bruxish\n|\n|-weather|SunnyDay|[upkeep]\n|upkeep\n|\n|t:|1700571691\n|switch|p1a: Enamorus|Enamorus-Therian, L50, F|100\/100\n|switch|p2b: Torkoal|Torkoal, L50, M|100\/100\n|turn|3\n|\n|t:|1700571710\n|move|p2a: Bruxish|Aqua Jet|p2b: Torkoal\n|-supereffective|p2b: Torkoal\n|-damage|p2b: Torkoal|86\/100\n|-enditem|p2b: Torkoal|Weakness Policy\n|-boost|p2b: Torkoal|atk|2|[from] item: Weakness Policy\n|-boost|p2b: Torkoal|spa|2|[from] item: Weakness Policy\n|move|p2b: Torkoal|Eruption|p1a: Enamorus|[spread] p1a,p1b\n|-resisted|p1b: Iron Hands\n|-damage|p1a: Enamorus|17\/100\n|-damage|p1b: Iron Hands|41\/100\n|move|p1a: Enamorus|Earth Power|p2b: Torkoal\n|-supereffective|p2b: Torkoal\n|-damage|p2b: Torkoal|0 fnt\n|faint|p2b: Torkoal\n|move|p1b: Iron Hands|Drain Punch|p2a: Bruxish\n|-resisted|p2a: Bruxish\n|-crit|p2a: Bruxish\n|-damage|p2a: Bruxish|58\/100\n|-heal|p1b: Iron Hands|56\/100|[from] drain|[of] p2a: Bruxish\n|\n|-weather|SunnyDay|[upkeep]\n|upkeep\n|\n|t:|1700571729\n|switch|p2b: Chi-Yu|Chi-Yu, L50|100\/100\n|-ability|p2b: Chi-Yu|Beads of Ruin\n|turn|4\n|\n|t:|1700571742\n|move|p2b: Chi-Yu|Protect|p2b: Chi-Yu\n|-singleturn|p2b: Chi-Yu|Protect\n|move|p1a: Enamorus|Earth Power|p2b: Chi-Yu\n|-activate|p2b: Chi-Yu|move: Protect\n|move|p1b: Iron Hands|Drain Punch|p2b: Chi-Yu\n|-activate|p2b: Chi-Yu|move: Protect\n|move|p2a: Bruxish|Psychic Fangs|p1a: Enamorus\n|-sideend|p1: miniat|Reflect\n|-sideend|p1: miniat|move: Light Screen\n|-damage|p1a: Enamorus|0 fnt\n|faint|p1a: Enamorus\n|\n|-weather|SunnyDay|[upkeep]\n|upkeep\n|\n|t:|1700571744\n|switch|p1a: Ogerpon|Ogerpon, L50, F|100\/100\n|turn|5\n|\n|t:|1700571768\n|move|p1b: Iron Hands|Drain Punch|p2b: Chi-Yu\n|-supereffective|p2b: Chi-Yu\n|-damage|p2b: Chi-Yu|0 fnt\n|-heal|p1b: Iron Hands|82\/100|[from] drain|[of] p2b: Chi-Yu\n|faint|p2b: Chi-Yu\n|move|p2a: Bruxish|Psychic Fangs|p1b: Iron Hands\n|-damage|p1b: Iron Hands|52\/100\n|move|p1a: Ogerpon|Ivy Cudgel|p2a: Bruxish\n|-supereffective|p2a: Bruxish\n|-damage|p2a: Bruxish|0 fnt\n|faint|p2a: Bruxish\n|\n|win|miniat\n|raw|miniat's rating: 1308 &rarr; <strong>1327<\/strong><br \/>(+19 for winning)\n|raw|Resok's rating: 1289 &rarr; <strong>1265<\/strong><br \/>(-24 for losing)\n|l|\u2606Resok\n","uploadtime":1700571807,"views":23,"p1id":"miniat","p2id":"resok","formatid":"gen9vgc2023regulatione","rating":1265,"private":0,"password":""}