{"id":"gen9vgc2023regulatione-1995147503","p1":"Ludwigxzc","p2":"4dudes1trickroom","format":"[Gen 9] VGC 2023 Regulation E","log":"|j|\u2606Ludwigxzc\n|j|\u26064dudes1trickroom\n|t:|1700527869\n|gametype|doubles\n|player|p1|Ludwigxzc|bruno-gen2|1474\n|player|p2|4dudes1trickroom|2|1445\n|teamsize|p1|6\n|teamsize|p2|6\n|gen|9\n|tier|[Gen 9] VGC 2023 Regulation E\n|rated|\n|rule|Species Clause: Limit one of each Pok\u00e9mon\n|rule|Item Clause: Limit one of each item\n|clearpoke\n|poke|p1|Ogerpon-Wellspring, L50, F|\n|poke|p1|Arcanine-Hisui, L50, F|\n|poke|p1|Tornadus, L50, M|\n|poke|p1|Iron Hands, L50|\n|poke|p1|Urshifu-*, L50, M|\n|poke|p1|Chi-Yu, L50|\n|poke|p2|Oranguru, L50, M|\n|poke|p2|Farigiraf, L50, M|\n|poke|p2|Clefairy, L50, M|\n|poke|p2|Ursaluna-Bloodmoon, L50, M|\n|poke|p2|Enamorus-Therian, L50, F|\n|poke|p2|Urshifu-*, L50, F|\n|teampreview|4\n|inactive|Battle timer is ON: inactive players will automatically lose when time's up. (requested by Ludwigxzc)\n|inactive|Ludwigxzc has 60 seconds left.\n|inactive|4dudes1trickroom has 60 seconds left.\n|\n|t:|1700527925\n|start\n|switch|p1a: Tornadus|Tornadus, L50, M|100\/100\n|switch|p1b: Chi-Yu|Chi-Yu, L50|100\/100\n|switch|p2a: Oranguru|Oranguru, L50, M|100\/100\n|switch|p2b: Clefairy|Clefairy, L50, M|100\/100\n|-ability|p1b: Chi-Yu|Beads of Ruin\n|turn|1\n|\n|t:|1700527941\n|move|p2b: Clefairy|Follow Me|p2b: Clefairy\n|-singleturn|p2b: Clefairy|move: Follow Me\n|move|p1b: Chi-Yu|Heat Wave|p2a: Oranguru|[spread] p2b\n|-miss|p1b: Chi-Yu|p2a: Oranguru\n|-damage|p2b: Clefairy|58\/100\n|move|p1a: Tornadus|Bleakwind Storm|p2a: Oranguru|[spread] p2a,p2b\n|-damage|p2a: Oranguru|71\/100\n|-damage|p2b: Clefairy|20\/100\n|-unboost|p2a: Oranguru|spe|1\n|move|p2a: Oranguru|Trick Room|p2a: Oranguru\n|-fieldstart|move: Trick Room|[of] p2a: Oranguru\n|\n|upkeep\n|turn|2\n|\n|t:|1700527965\n|move|p2b: Clefairy|Follow Me|p2b: Clefairy\n|-singleturn|p2b: Clefairy|move: Follow Me\n|move|p2a: Oranguru|Encore|p1a: Tornadus\n|-start|p1a: Tornadus|Encore\n|move|p1a: Tornadus|Bleakwind Storm|p2a: Oranguru|[spread] p2a,p2b\n|-damage|p2a: Oranguru|43\/100\n|-damage|p2b: Clefairy|0 fnt\n|faint|p2b: Clefairy\n|move|p1b: Chi-Yu|Heat Wave|p2a: Oranguru\n|-damage|p2a: Oranguru|0 fnt\n|faint|p2a: Oranguru\n|\n|upkeep\n|\n|t:|1700527971\n|switch|p2b: Enamorus|Enamorus-Therian, L50, F|100\/100\n|switch|p2a: Ursaluna|Ursaluna-Bloodmoon, L50, M|100\/100\n|turn|3\n|inactive|4dudes1trickroom has 30 seconds left.\n|\n|t:|1700528004\n|-terastallize|p2b: Enamorus|Fairy\n|-terastallize|p1a: Tornadus|Steel\n|move|p2b: Enamorus|Dazzling Gleam|p1a: Tornadus|[spread] p1a,p1b\n|-resisted|p1a: Tornadus\n|-damage|p1a: Tornadus|45\/100\n|-damage|p1b: Chi-Yu|17\/100\n|move|p2a: Ursaluna|Hyper Voice|p1a: Tornadus|[spread] p1a,p1b\n|-resisted|p1a: Tornadus\n|-damage|p1a: Tornadus|14\/100\n|-damage|p1b: Chi-Yu|0 fnt\n|faint|p1b: Chi-Yu\n|move|p1a: Tornadus|Bleakwind Storm|p2a: Ursaluna|[spread] p2b\n|-miss|p1a: Tornadus|p2a: Ursaluna\n|-damage|p2b: Enamorus|67\/100\n|\n|upkeep\n|\n|t:|1700528020\n|switch|p1b: Urshifu|Urshifu-Rapid-Strike, L50, M|100\/100\n|turn|4\n|\n|t:|1700528036\n|switch|p1a: Ogerpon|Ogerpon-Wellspring, L50, F|100\/100\n|move|p1b: Urshifu|Detect|p1b: Urshifu\n|-singleturn|p1b: Urshifu|Protect\n|move|p2b: Enamorus|Dazzling Gleam|p1b: Urshifu|[spread] p1a\n|-activate|p1b: Urshifu|move: Protect\n|-damage|p1a: Ogerpon|33\/100\n|move|p2a: Ursaluna|Hyper Voice|p1b: Urshifu|[spread] p1a\n|-activate|p1b: Urshifu|move: Protect\n|-damage|p1a: Ogerpon|0 fnt\n|faint|p1a: Ogerpon\n|\n|upkeep\n|\n|t:|1700528050\n|switch|p1a: Tornadus|Tornadus, L50, M, tera:Steel|14\/100\n|turn|5\n|\n|t:|1700528058\n|move|p1a: Tornadus|Rain Dance|p1a: Tornadus\n|-weather|RainDance\n|move|p1b: Urshifu|Aqua Jet|p2b: Enamorus\n|-damage|p2b: Enamorus|31\/100\n|move|p2b: Enamorus|Dazzling Gleam|p1a: Tornadus|[spread] p1a,p1b\n|-resisted|p1a: Tornadus\n|-supereffective|p1b: Urshifu\n|-damage|p1a: Tornadus|0 fnt\n|-damage|p1b: Urshifu|0 fnt\n|faint|p1a: Tornadus\n|faint|p1b: Urshifu\n|\n|win|4dudes1trickroom\n|raw|Ludwigxzc's rating: 1474 &rarr; <strong>1452<\/strong><br \/>(-22 for losing)\n|raw|4dudes1trickroom's rating: 1445 &rarr; <strong>1467<\/strong><br \/>(+22 for winning)\n|c|\u26064dudes1trickroom|gg wp\n|l|\u2606Ludwigxzc\n","uploadtime":1700528068,"views":4,"p1id":"ludwigxzc","p2id":"4dudes1trickroom","formatid":"gen9vgc2023regulatione","rating":1452,"private":0,"password":""}