{"id":"gen9vgc2023regulatione-1991209966","p1":"CanTownMayor","p2":"Cbutty","format":"[Gen 9] VGC 2023 Regulation E","log":"|j|\u2606CanTownMayor\n|j|\u2606Cbutty\n|t:|1700057451\n|gametype|doubles\n|player|p1|CanTownMayor|1|1208\n|player|p2|Cbutty|acetrainer|1170\n|teamsize|p1|6\n|teamsize|p2|6\n|gen|9\n|tier|[Gen 9] VGC 2023 Regulation E\n|rated|\n|rule|Species Clause: Limit one of each Pok\u00e9mon\n|rule|Item Clause: Limit one of each item\n|clearpoke\n|poke|p1|Gyarados, L50, M|\n|poke|p1|Tsareena, L50, F|\n|poke|p1|Arcanine, L50, M|\n|poke|p1|Glimmora, L50, F|\n|poke|p1|Samurott-Hisui, L50, F|\n|poke|p1|Clefable, L50, F|\n|poke|p2|Chi-Yu, L50|\n|poke|p2|Flutter Mane, L50|\n|poke|p2|Iron Bundle, L50|\n|poke|p2|Iron Hands, L50|\n|poke|p2|Landorus-Therian, L50, M|\n|poke|p2|Amoonguss, L50, F|\n|teampreview|4\n|inactive|Battle timer is ON: inactive players will automatically lose when time's up. (requested by Cbutty)\n|inactive|CanTownMayor has 60 seconds left.\n|\n|t:|1700057483\n|start\n|switch|p1a: Samurott|Samurott-Hisui, L50, F|100\/100\n|switch|p1b: Glimmora|Glimmora, L50, F|100\/100\n|switch|p2a: Chi-Yu|Chi-Yu, L50|100\/100\n|switch|p2b: Iron Hands|Iron Hands, L50|100\/100\n|-ability|p2a: Chi-Yu|Beads of Ruin\n|turn|1\n|\n|t:|1700057499\n|move|p2b: Iron Hands|Fake Out|p1b: Glimmora\n|-resisted|p1b: Glimmora\n|-damage|p1b: Glimmora|92\/100\n|-activate|p1b: Glimmora|ability: Toxic Debris\n|-sidestart|p2: Cbutty|move: Toxic Spikes\n|move|p1a: Samurott|Aqua Jet|p2a: Chi-Yu\n|-supereffective|p2a: Chi-Yu\n|-damage|p2a: Chi-Yu|51\/100\n|cant|p1b: Glimmora|flinch\n|move|p2a: Chi-Yu|Nasty Plot|p2a: Chi-Yu\n|-boost|p2a: Chi-Yu|spa|2\n|\n|-heal|p2a: Chi-Yu|57\/100|[from] item: Leftovers\n|upkeep\n|turn|2\n|\n|t:|1700057526\n|-terastallize|p2a: Chi-Yu|Ghost\n|move|p1a: Samurott|Aqua Jet|p2a: Chi-Yu\n|-damage|p2a: Chi-Yu|33\/100\n|move|p1b: Glimmora|Power Gem|p2a: Chi-Yu\n|-damage|p2a: Chi-Yu|0 fnt\n|faint|p2a: Chi-Yu\n|move|p2b: Iron Hands|Wild Charge|p1a: Samurott\n|-supereffective|p1a: Samurott\n|-damage|p1a: Samurott|2\/100\n|-enditem|p1a: Samurott|Sitrus Berry|[eat]\n|-heal|p1a: Samurott|27\/100|[from] item: Sitrus Berry\n|-damage|p2b: Iron Hands|81\/100|[from] Recoil\n|\n|upkeep\n|\n|t:|1700057534\n|switch|p2a: Landorus|Landorus-Therian, L50, M|100\/100\n|-ability|p2a: Landorus|Intimidate|boost\n|-unboost|p1a: Samurott|atk|1\n|-unboost|p1b: Glimmora|atk|1\n|turn|3\n|inactive|CanTownMayor has 30 seconds left.\n|\n|t:|1700057563\n|move|p1a: Samurott|Aqua Jet|p2a: Landorus\n|-supereffective|p2a: Landorus\n|-damage|p2a: Landorus|73\/100\n|move|p2a: Landorus|Stomping Tantrum|p1b: Glimmora\n|-supereffective|p1b: Glimmora\n|-damage|p1b: Glimmora|0 fnt\n|-activate|p1b: Glimmora|ability: Toxic Debris\n|-sidestart|p2: Cbutty|move: Toxic Spikes\n|faint|p1b: Glimmora\n|move|p2b: Iron Hands|Wild Charge|p1a: Samurott\n|-supereffective|p1a: Samurott\n|-damage|p1a: Samurott|0 fnt\n|faint|p1a: Samurott\n|-damage|p2b: Iron Hands|76\/100|[from] Recoil\n|\n|upkeep\n|\n|t:|1700057570\n|switch|p1b: Clefable|Clefable, L50, F|100\/100\n|switch|p1a: Gyarados|Gyarados, L50, M|100\/100\n|-ability|p1a: Gyarados|Intimidate|boost\n|-unboost|p2a: Landorus|atk|1\n|-unboost|p2b: Iron Hands|atk|1\n|turn|4\n|\n|t:|1700057579\n|switch|p2a: Amoonguss|Amoonguss, L50, F|100\/100\n|-sideend|p2: Cbutty|move: Toxic Spikes|[of] p2a: Amoonguss\n|-terastallize|p1a: Gyarados|Ground\n|move|p1b: Clefable|Cosmic Power|p1b: Clefable\n|-boost|p1b: Clefable|def|1\n|-boost|p1b: Clefable|spd|1\n|move|p2b: Iron Hands|Heavy Slam|p1b: Clefable\n|-supereffective|p1b: Clefable\n|-damage|p1b: Clefable|70\/100\n|move|p1a: Gyarados|Dragon Tail|p2b: Iron Hands\n|-damage|p2b: Iron Hands|63\/100\n|-end|p2b: Iron Hands|Quark Drive|[silent]\n|drag|p2b: Landorus|Landorus-Therian, L50, M|73\/100\n|-ability|p2b: Landorus|Intimidate|boost\n|-unboost|p1a: Gyarados|atk|1\n|-unboost|p1b: Clefable|atk|1\n|\n|-heal|p1b: Clefable|76\/100|[from] item: Leftovers\n|upkeep\n|turn|5\n|\n|t:|1700057598\n|move|p2b: Landorus|Rock Slide|p1b: Clefable|[spread] p1a,p1b\n|-resisted|p1a: Gyarados\n|-damage|p1a: Gyarados|89\/100\n|-damage|p1b: Clefable|64\/100\n|move|p1a: Gyarados|Taunt|p2a: Amoonguss\n|-start|p2a: Amoonguss|move: Taunt\n|cant|p1b: Clefable|flinch\n|cant|p2a: Amoonguss|move: Taunt|Spore\n|\n|-heal|p1b: Clefable|70\/100|[from] item: Leftovers\n|upkeep\n|turn|6\n|\n|t:|1700057609\n|move|p2b: Landorus|Rock Slide|p1b: Clefable|[spread] p1a,p1b\n|-resisted|p1a: Gyarados\n|-damage|p1a: Gyarados|79\/100\n|-damage|p1b: Clefable|58\/100\n|move|p1a: Gyarados|Thunder Wave|p2a: Amoonguss\n|-status|p2a: Amoonguss|par\n|move|p1b: Clefable|Cosmic Power|p1b: Clefable\n|-boost|p1b: Clefable|def|1\n|-boost|p1b: Clefable|spd|1\n|move|p2a: Amoonguss|Pollen Puff|p2b: Landorus\n|-heal|p2b: Landorus|100\/100\n|\n|-heal|p1b: Clefable|64\/100|[from] item: Leftovers\n|upkeep\n|turn|7\n|\n|t:|1700057626\n|move|p2b: Landorus|Rock Slide|p1b: Clefable|[spread] p1a,p1b\n|-resisted|p1a: Gyarados\n|-damage|p1a: Gyarados|68\/100\n|-damage|p1b: Clefable|55\/100\n|cant|p1a: Gyarados|flinch\n|cant|p1b: Clefable|flinch\n|move|p2a: Amoonguss|Pollen Puff|p2b: Landorus\n|-immune|p2b: Landorus\n|\n|-heal|p1b: Clefable|61\/100|[from] item: Leftovers\n|-end|p2a: Amoonguss|move: Taunt\n|upkeep\n|turn|8\n|\n|t:|1700057642\n|switch|p2b: Iron Hands|Iron Hands, L50|63\/100\n|move|p2a: Amoonguss|Protect|p2a: Amoonguss\n|-singleturn|p2a: Amoonguss|Protect\n|move|p1a: Gyarados|Taunt|p2a: Amoonguss\n|-activate|p2a: Amoonguss|move: Protect\n|move|p1b: Clefable|Cosmic Power|p1b: Clefable\n|-boost|p1b: Clefable|def|1\n|-boost|p1b: Clefable|spd|1\n|\n|-heal|p1b: Clefable|67\/100|[from] item: Leftovers\n|upkeep\n|turn|9\n|\n|t:|1700057656\n|move|p2b: Iron Hands|Fake Out|p1a: Gyarados\n|-damage|p1a: Gyarados|53\/100\n|-damage|p2b: Iron Hands|47\/100|[from] item: Rocky Helmet|[of] p1a: Gyarados\n|cant|p1a: Gyarados|flinch\n|move|p1b: Clefable|Moonlight|p1b: Clefable\n|-heal|p1b: Clefable|100\/100\n|move|p2a: Amoonguss|Spore|p1b: Clefable\n|-status|p1b: Clefable|slp|[from] move: Spore\n|\n|upkeep\n|turn|10\n|\n|t:|1700057673\n|move|p1a: Gyarados|Taunt|p2a: Amoonguss\n|-start|p2a: Amoonguss|move: Taunt\n|cant|p1b: Clefable|slp\n|move|p2b: Iron Hands|Heavy Slam|p1b: Clefable\n|-supereffective|p1b: Clefable\n|-damage|p1b: Clefable|68\/100 slp\n|move|p2a: Amoonguss|Pollen Puff|p2b: Iron Hands\n|-heal|p2b: Iron Hands|96\/100\n|\n|-heal|p1b: Clefable|74\/100 slp|[from] item: Leftovers\n|upkeep\n|turn|11\n|\n|t:|1700057682\n|switch|p2a: Landorus|Landorus-Therian, L50, M|100\/100\n|-ability|p2a: Landorus|Intimidate|boost\n|-unboost|p1a: Gyarados|atk|1\n|-unboost|p1b: Clefable|atk|1\n|move|p1a: Gyarados|Taunt|p2b: Iron Hands\n|-start|p2b: Iron Hands|move: Taunt\n|-curestatus|p1b: Clefable|slp|[msg]\n|move|p1b: Clefable|Calm Mind|p1b: Clefable\n|-boost|p1b: Clefable|spa|1\n|-boost|p1b: Clefable|spd|1\n|move|p2b: Iron Hands|Heavy Slam|p1b: Clefable\n|-supereffective|p1b: Clefable\n|-damage|p1b: Clefable|41\/100\n|\n|-heal|p1b: Clefable|47\/100|[from] item: Leftovers\n|upkeep\n|turn|12\n|\n|t:|1700057695\n|move|p2a: Landorus|Stomping Tantrum|p1b: Clefable\n|-damage|p1b: Clefable|31\/100\n|move|p1a: Gyarados|Waterfall|p2a: Landorus\n|-supereffective|p2a: Landorus\n|-damage|p2a: Landorus|60\/100\n|move|p1b: Clefable|Moonlight|p1b: Clefable\n|-heal|p1b: Clefable|81\/100\n|move|p2b: Iron Hands|Heavy Slam|p1b: Clefable\n|-supereffective|p1b: Clefable\n|-damage|p1b: Clefable|50\/100\n|\n|-heal|p1b: Clefable|56\/100|[from] item: Leftovers\n|upkeep\n|turn|13\n|inactive|CanTownMayor has 30 seconds left.\n|\n|t:|1700057722\n|move|p2a: Landorus|Stomping Tantrum|p1a: Gyarados\n|-damage|p1a: Gyarados|9\/100\n|-damage|p2a: Landorus|43\/100|[from] item: Rocky Helmet|[of] p1a: Gyarados\n|move|p1a: Gyarados|Waterfall|p2a: Landorus\n|-supereffective|p2a: Landorus\n|-damage|p2a: Landorus|6\/100\n|move|p1b: Clefable|Moonlight|p1b: Clefable\n|-heal|p1b: Clefable|100\/100\n|move|p2b: Iron Hands|Drain Punch|p1a: Gyarados\n|-damage|p1a: Gyarados|0 fnt\n|-heal|p2b: Iron Hands|99\/100|[from] drain|[of] p1a: Gyarados\n|-damage|p2b: Iron Hands|84\/100|[from] item: Rocky Helmet|[of] p1a: Gyarados\n|faint|p1a: Gyarados\n|\n|-end|p2b: Iron Hands|move: Taunt\n|upkeep\n|turn|14\n|\n|t:|1700057732\n|move|p2a: Landorus|Stomping Tantrum|p1b: Clefable\n|-damage|p1b: Clefable|86\/100\n|move|p1b: Clefable|Stored Power|p2b: Iron Hands\n|-supereffective|p2b: Iron Hands\n|-damage|p2b: Iron Hands|25\/100\n|move|p2b: Iron Hands|Heavy Slam|p1b: Clefable\n|-supereffective|p1b: Clefable\n|-damage|p1b: Clefable|54\/100\n|\n|-heal|p1b: Clefable|60\/100|[from] item: Leftovers\n|upkeep\n|turn|15\n|\n|t:|1700057741\n|-end|p2b: Iron Hands|Quark Drive|[silent]\n|switch|p2b: Amoonguss|Amoonguss, L50, F|100\/100 par\n|move|p2a: Landorus|Stomping Tantrum|p1b: Clefable\n|-damage|p1b: Clefable|44\/100\n|move|p1b: Clefable|Stored Power|p2b: Amoonguss\n|-supereffective|p2b: Amoonguss\n|-damage|p2b: Amoonguss|0 fnt\n|faint|p2b: Amoonguss\n|\n|-heal|p1b: Clefable|50\/100|[from] item: Leftovers\n|upkeep\n|\n|t:|1700057743\n|switch|p2b: Iron Hands|Iron Hands, L50|25\/100\n|turn|16\n|\n|t:|1700057748\n|move|p2b: Iron Hands|Fake Out|p1b: Clefable\n|-damage|p1b: Clefable|44\/100\n|move|p2a: Landorus|Stomping Tantrum|p1b: Clefable\n|-damage|p1b: Clefable|29\/100\n|cant|p1b: Clefable|flinch\n|\n|-heal|p1b: Clefable|35\/100|[from] item: Leftovers\n|upkeep\n|turn|17\n|\n|t:|1700057756\n|move|p2a: Landorus|Stomping Tantrum|p1b: Clefable\n|-damage|p1b: Clefable|20\/100\n|move|p1b: Clefable|Stored Power|p2b: Iron Hands\n|-supereffective|p2b: Iron Hands\n|-damage|p2b: Iron Hands|0 fnt\n|faint|p2b: Iron Hands\n|-end|p2b: Iron Hands|Quark Drive|[silent]\n|\n|-heal|p1b: Clefable|26\/100|[from] item: Leftovers\n|upkeep\n|turn|18\n|\n|t:|1700057762\n|move|p2a: Landorus|Stomping Tantrum|p1b: Clefable\n|-damage|p1b: Clefable|11\/100\n|move|p1b: Clefable|Moonlight|p1b: Clefable\n|-heal|p1b: Clefable|61\/100\n|\n|-heal|p1b: Clefable|67\/100|[from] item: Leftovers\n|upkeep\n|turn|19\n|\n|t:|1700057765\n|move|p2a: Landorus|Stomping Tantrum|p1b: Clefable\n|-damage|p1b: Clefable|51\/100\n|move|p1b: Clefable|Stored Power|p2a: Landorus\n|-damage|p2a: Landorus|0 fnt\n|faint|p2a: Landorus\n|\n|win|CanTownMayor\n|raw|CanTownMayor's rating: 1208 &rarr; <strong>1230<\/strong><br \/>(+22 for winning)\n|raw|Cbutty's rating: 1170 &rarr; <strong>1148<\/strong><br \/>(-22 for losing)\n","uploadtime":1700057770,"views":21,"p1id":"cantownmayor","p2id":"cbutty","formatid":"gen9vgc2023regulatione","rating":1148,"private":0,"password":""}