{"id":"gen9vgc2023regulatione-1989725401","p1":"tsaxpas2","p2":"KING OF ALBANIA","format":"[Gen 9] VGC 2023 Regulation E","log":"|j|\u2606tsaxpas2\n|j|\u2606KING OF ALBANIA\n|n|\u2606tsaxpas2|tsaxpas2\n|n|\u2606KING OF ALBANIA|kingofalbania\n|html|View the match progress at <a href=\"\/game-bestof3-gen9vgc2023regulatione-1989725400\">game-bestof3-gen9vgc2023regulatione-1989725400<\/a>\n|t:|1699890383\n|gametype|doubles\n|player|p1|tsaxpas2|cynthia-gen4|\n|player|p2|KING OF ALBANIA|266|\n|teamsize|p1|6\n|teamsize|p2|6\n|gen|9\n|tier|[Gen 9] VGC 2023 Regulation E\n|rule|Species Clause: Limit one of each Pok\u00e9mon\n|rule|Item Clause: Limit one of each item\n|clearpoke\n|poke|p1|Greninja-*, L50, M|\n|poke|p1|Palossand, L50, M|\n|poke|p1|Flamigo, L50, M|\n|poke|p1|Dondozo, L50, F|\n|poke|p1|Tatsugiri, L50, F|\n|poke|p1|Regieleki, L50|\n|poke|p2|Ogerpon-Hearthflame, L50, F|\n|poke|p2|Chien-Pao, L50|\n|poke|p2|Urshifu-*, L50, F|\n|poke|p2|Gholdengo, L50|\n|poke|p2|Rillaboom, L50, M|\n|poke|p2|Roaring Moon, L50|\n|teampreview|4\n|inactive|Battle timer is ON: inactive players will automatically lose when time's up. (requested by KING OF ALBANIA)\n|\n|t:|1699890422\n|start\n|switch|p1a: Tatsugiri|Tatsugiri, L50, F|100\/100\n|switch|p1b: Regieleki|Regieleki, L50|100\/100\n|switch|p2a: Roaring Moon|Roaring Moon, L50|100\/100\n|switch|p2b: Urshifu|Urshifu-Rapid-Strike, L50, F|100\/100\n|-enditem|p2a: Roaring Moon|Booster Energy\n|-activate|p2a: Roaring Moon|ability: Protosynthesis|[fromitem]\n|-start|p2a: Roaring Moon|protosynthesisspe\n|turn|1\n|inactive|KING OF ALBANIA has 30 seconds left.\n|inactive|KING OF ALBANIA has 20 seconds left.\n|inactive|KING OF ALBANIA has 15 seconds left.\n|\n|t:|1699890463\n|switch|p2b: Rillaboom|Rillaboom, L50, M|100\/100\n|-fieldstart|move: Grassy Terrain|[from] ability: Grassy Surge|[of] p2b: Rillaboom\n|move|p1a: Tatsugiri|Endure|p1a: Tatsugiri\n|-singleturn|p1a: Tatsugiri|move: Endure\n|move|p1b: Regieleki|Explosion|p2b: Rillaboom|[spread] p1a,p2a,p2b\n|-crit|p2b: Rillaboom\n|-activate|p1a: Tatsugiri|move: Endure\n|-damage|p1a: Tatsugiri|1\/100\n|-damage|p2a: Roaring Moon|37\/100\n|-damage|p2b: Rillaboom|24\/100\n|faint|p1b: Regieleki\n|move|p2a: Roaring Moon|Tailwind|p2a: Roaring Moon\n|-sidestart|p2: KING OF ALBANIA|move: Tailwind\n|\n|-heal|p2a: Roaring Moon|44\/100|[from] Grassy Terrain\n|-heal|p2b: Rillaboom|30\/100|[from] Grassy Terrain\n|-heal|p1a: Tatsugiri|7\/100|[from] Grassy Terrain\n|-status|p1a: Tatsugiri|tox|[from] item: Toxic Orb\n|upkeep\n|\n|t:|1699890479\n|switch|p1b: Dondozo|Dondozo, L50, F|100\/100\n|-activate|p1a: Tatsugiri|ability: Commander|[of] p1b: Dondozo\n|-boost|p1b: Dondozo|atk|2\n|-boost|p1b: Dondozo|spa|2\n|-boost|p1b: Dondozo|spe|2\n|-boost|p1b: Dondozo|def|2\n|-boost|p1b: Dondozo|spd|2\n|turn|2\n|\n|t:|1699890490\n|-terastallize|p1b: Dondozo|Dragon\n|move|p2b: Rillaboom|Fake Out|p1b: Dondozo\n|-damage|p1b: Dondozo|95\/100\n|move|p2a: Roaring Moon|Knock Off|p1b: Dondozo\n|-damage|p1b: Dondozo|78\/100\n|-enditem|p1b: Dondozo|Leftovers|[from] move: Knock Off|[of] p2a: Roaring Moon\n|cant|p1b: Dondozo|flinch\n|\n|-heal|p2a: Roaring Moon|50\/100|[from] Grassy Terrain\n|-heal|p2b: Rillaboom|36\/100|[from] Grassy Terrain\n|-heal|p1b: Dondozo|84\/100|[from] Grassy Terrain\n|-heal|p1a: Tatsugiri|12\/100 tox|[from] Grassy Terrain\n|-damage|p1a: Tatsugiri|7\/100 tox|[from] psn\n|upkeep\n|turn|3\n|inactive|KING OF ALBANIA has 30 seconds left.\n|\n|t:|1699890516\n|move|p2a: Roaring Moon|Protect|p2a: Roaring Moon\n|-singleturn|p2a: Roaring Moon|Protect\n|move|p2b: Rillaboom|Wood Hammer|p1b: Dondozo\n|-resisted|p1b: Dondozo\n|-damage|p1b: Dondozo|71\/100\n|-damage|p2b: Rillaboom|31\/100|[from] Recoil\n|move|p1b: Dondozo|Earthquake|p2b: Rillaboom|[spread] p2b\n|-miss|p1b: Dondozo|p1a: Tatsugiri\n|-activate|p2a: Roaring Moon|move: Protect\n|-resisted|p2b: Rillaboom\n|-damage|p2b: Rillaboom|20\/100\n|\n|-heal|p2a: Roaring Moon|56\/100|[from] Grassy Terrain\n|-heal|p2b: Rillaboom|26\/100|[from] Grassy Terrain\n|-heal|p1b: Dondozo|77\/100|[from] Grassy Terrain\n|-heal|p1a: Tatsugiri|12\/100 tox|[from] Grassy Terrain\n|-damage|p1a: Tatsugiri|1\/100 tox|[from] psn\n|upkeep\n|turn|4\n|\n|t:|1699890536\n|-end|p2a: Roaring Moon|Protosynthesis|[silent]\n|switch|p2a: Gholdengo|Gholdengo, L50|100\/100\n|move|p2b: Rillaboom|Grassy Glide|p1b: Dondozo\n|-resisted|p1b: Dondozo\n|-damage|p1b: Dondozo|70\/100\n|move|p1b: Dondozo|Order Up|p2a: Gholdengo\n|-resisted|p2a: Gholdengo\n|-damage|p2a: Gholdengo|69\/100\n|-boost|p1b: Dondozo|atk|1\n|\n|-heal|p2a: Gholdengo|76\/100|[from] Grassy Terrain\n|-heal|p2a: Gholdengo|82\/100|[from] item: Leftovers\n|-heal|p2b: Rillaboom|32\/100|[from] Grassy Terrain\n|-heal|p1b: Dondozo|77\/100|[from] Grassy Terrain\n|-heal|p1a: Tatsugiri|7\/100 tox|[from] Grassy Terrain\n|-damage|p1a: Tatsugiri|0 fnt|[from] psn\n|faint|p1a: Tatsugiri\n|-sideend|p2: KING OF ALBANIA|move: Tailwind\n|upkeep\n|\n|t:|1699890548\n|switch|p1a: Flamigo|Flamigo, L50, M|100\/100\n|-copyboost|p1a: Flamigo|p1b: Dondozo|[from] ability: Costar\n|turn|5\n|inactive|KING OF ALBANIA has 30 seconds left.\n|\n|t:|1699890582\n|move|p2a: Gholdengo|Protect|p2a: Gholdengo\n|-singleturn|p2a: Gholdengo|Protect\n|move|p2b: Rillaboom|Grassy Glide|p1b: Dondozo\n|-resisted|p1b: Dondozo\n|-damage|p1b: Dondozo|70\/100\n|move|p1a: Flamigo|Tailwind|p1a: Flamigo\n|-sidestart|p1: tsaxpas2|move: Tailwind\n|move|p1b: Dondozo|Earthquake|p2b: Rillaboom|[spread] p2b\n|-activate|p2a: Gholdengo|move: Protect\n|-immune|p1a: Flamigo\n|-resisted|p2b: Rillaboom\n|-damage|p2b: Rillaboom|17\/100\n|\n|-heal|p1b: Dondozo|76\/100|[from] Grassy Terrain\n|-heal|p2a: Gholdengo|88\/100|[from] Grassy Terrain\n|-heal|p2a: Gholdengo|94\/100|[from] item: Leftovers\n|-heal|p2b: Rillaboom|23\/100|[from] Grassy Terrain\n|-fieldend|move: Grassy Terrain\n|upkeep\n|turn|6\n|inactive|KING OF ALBANIA has 30 seconds left.\n|\n|t:|1699890615\n|move|p1a: Flamigo|Brave Bird|p2b: Rillaboom\n|-supereffective|p2b: Rillaboom\n|-damage|p2b: Rillaboom|0 fnt\n|faint|p2b: Rillaboom\n|-damage|p1a: Flamigo|90\/100|[from] Recoil\n|move|p1b: Dondozo|Earthquake|p2a: Gholdengo|[spread] p2a\n|-immune|p1a: Flamigo\n|-supereffective|p2a: Gholdengo\n|-damage|p2a: Gholdengo|0 fnt\n|faint|p2a: Gholdengo\n|\n|upkeep\n|\n|t:|1699890619\n|switch|p2a: Urshifu|Urshifu-Rapid-Strike, L50, F|100\/100\n|switch|p2b: Roaring Moon|Roaring Moon, L50|56\/100\n|turn|7\n|inactive|KING OF ALBANIA has 30 seconds left.\n|\n|t:|1699890648\n|-terastallize|p2a: Urshifu|Water\n|move|p1a: Flamigo|Brave Bird|p2a: Urshifu\n|-damage|p2a: Urshifu|0 fnt\n|faint|p2a: Urshifu\n|-damage|p1a: Flamigo|52\/100|[from] Recoil\n|move|p1b: Dondozo|Order Up|p2b: Roaring Moon\n|-supereffective|p2b: Roaring Moon\n|-damage|p2b: Roaring Moon|0 fnt\n|faint|p2b: Roaring Moon\n|-end|p2b: Roaring Moon|Protosynthesis|[silent]\n|\n|win|tsaxpas2\n|c|&|\/uhtml prompt-tsaxpas2,tsaxpas2 is ready for game 2!\n|c|&|\/uhtml prompt-kingofalbania,KING OF ALBANIA is ready for game 2!\nBoth players are ready! Starting next match!\n|l|\u2606KING OF ALBANIA\n","uploadtime":1699890922,"views":35,"p1id":"tsaxpas2","p2id":"kingofalbania","formatid":"gen9vgc2023regulatione","rating":0,"private":0,"password":""}