{"id":"gen9vgc2023regulatione-1993750445","p1":"JeanRyuPR","p2":"King32bit","format":"[Gen 9] VGC 2023 Regulation E","log":"|j|\u2606JeanRyuPR\n|j|\u2606King32bit\n|t:|1700352823\n|gametype|doubles\n|player|p1|JeanRyuPR|169|\n|player|p2|King32bit|lance|\n|teamsize|p1|6\n|teamsize|p2|6\n|gen|9\n|tier|[Gen 9] VGC 2023 Regulation E\n|rule|Species Clause: Limit one of each Pok\u00e9mon\n|rule|Item Clause: Limit one of each item\n|clearpoke\n|poke|p1|Roaring Moon, L50|\n|poke|p1|Iron Hands, L50|\n|poke|p1|Ogerpon-Wellspring, L50, F|\n|poke|p1|Heatran, L50, F|\n|poke|p1|Landorus-Therian, L50, M|\n|poke|p1|Tornadus, L50, M|\n|poke|p2|Dondozo, L50, F|\n|poke|p2|Heatran, L50, M|\n|poke|p2|Urshifu-*, L50, F|\n|poke|p2|Salamence, L50, M|\n|poke|p2|Flutter Mane, L50|\n|poke|p2|Rillaboom, L50, F|\n|teampreview|4\nJeanRyuPR has agreed to open team sheets.\nKing32bit has agreed to open team sheets.\n|showteam|p1|Roaring Moon||BoosterEnergy|Protosynthesis|KnockOff,Protect,BreakingSwipe,Outrage||||||50|,,,,,Dragon]Iron Hands||AssaultVest|QuarkDrive|DrainPunch,WildCharge,HeavySlam,FakeOut||||||50|,,,,,Water]Ogerpon-Wellspring||WellspringMask|WaterAbsorb|IvyCudgel,SpikyShield,HornLeech,SwordsDance|||F|||50|,,,,,Water]Heatran||ZoomLens|FlashFire|MagmaStorm,EarthPower,FlashCannon,Protect|||F|||50|,,,,,Fire]Landorus-Therian||ChoiceScarf|Intimidate|Uturn,RockSlide,TeraBlast,StompingTantrum|||M|||50|,,,,,Flying]Tornadus||CovertCloak|Prankster|BleakwindStorm,SunnyDay,Taunt,Tailwind|||M|||50|,,,,,Ghost\n|showteam|p2|Dondozo||Leftovers|Oblivious|Protect,HeavySlam,WaveCrash,Yawn|||F|||50|,,,,,Poison]Heatran||SitrusBerry|FlashFire|MagmaStorm,EarthPower,FlashCannon,Protect|||M|||50|,,,,,Grass]Urshifu||FocusSash|UnseenFist|Detect,WickedBlow,SuckerPunch,CloseCombat|||F|||50|,,,,,Dark]Salamence||RockyHelmet|Intimidate|Tailwind,Roost,DracoMeteor,AirSlash|||M|||50|,,,,,Water]Flutter Mane||ChoiceSpecs|Protosynthesis|DazzlingGleam,Moonblast,ShadowBall,PerishSong||||||50|,,,,,Fairy]Rillaboom||AssaultVest|GrassySurge|FakeOut,WoodHammer,GrassyGlide,HighHorsepower|||F|||50|,,,,,Ghost\n|c|\u2606JeanRyuPR|game 2\n|\n|t:|1700352905\n|start\n|switch|p1a: Tornadus|Tornadus, L50, M|100\/100\n|switch|p1b: Ogerpon|Ogerpon-Wellspring, L50, F|100\/100\n|switch|p2a: Rillaboom|Rillaboom, L50, F|100\/100\n|switch|p2b: Flutter Mane|Flutter Mane, L50|100\/100\n|-fieldstart|move: Grassy Terrain|[from] ability: Grassy Surge|[of] p2a: Rillaboom\n|turn|1\n|\n|t:|1700352935\n|-terastallize|p2b: Flutter Mane|Fairy\n|move|p1b: Ogerpon|Spiky Shield|p1b: Ogerpon\n|-singleturn|p1b: Ogerpon|move: Protect\n|move|p2b: Flutter Mane|Dazzling Gleam|p1b: Ogerpon|[spread] p1a\n|-activate|p1b: Ogerpon|move: Protect\n|-damage|p1a: Tornadus|9\/100\n|move|p1a: Tornadus|Bleakwind Storm|p2a: Rillaboom|[spread] p2a,p2b\n|-supereffective|p2a: Rillaboom\n|-damage|p2a: Rillaboom|38\/100\n|-damage|p2b: Flutter Mane|65\/100\n|-unboost|p2a: Rillaboom|spe|1\n|-unboost|p2b: Flutter Mane|spe|1\n|move|p2a: Rillaboom|Wood Hammer|p1b: Ogerpon\n|-activate|p1b: Ogerpon|move: Protect\n|-damage|p2a: Rillaboom|26\/100|[from] Spiky Shield|[of] p1b: Ogerpon\n|\n|-heal|p2b: Flutter Mane|71\/100|[from] Grassy Terrain\n|-heal|p2a: Rillaboom|32\/100|[from] Grassy Terrain\n|upkeep\n|turn|2\n|\n|t:|1700352966\n|move|p1a: Tornadus|Tailwind|p1a: Tornadus\n|-sidestart|p1: JeanRyuPR|move: Tailwind\n|move|p2a: Rillaboom|Grassy Glide|p1b: Ogerpon\n|-damage|p1b: Ogerpon|58\/100\n|move|p1b: Ogerpon|Ivy Cudgel|p2b: Flutter Mane|[anim] Ivy Cudgel Water\n|-damage|p2b: Flutter Mane|0 fnt\n|faint|p2b: Flutter Mane\n|-end|p2b: Flutter Mane|Protosynthesis|[silent]\n|\n|-heal|p1b: Ogerpon|64\/100|[from] Grassy Terrain\n|-heal|p2a: Rillaboom|38\/100|[from] Grassy Terrain\n|upkeep\n|\n|t:|1700352981\n|switch|p2b: Salamence|Salamence, L50, M|100\/100\n|-ability|p2b: Salamence|Intimidate|boost\n|-unboost|p1a: Tornadus|atk|1\n|-unboost|p1b: Ogerpon|atk|1\n|turn|3\n|\n|t:|1700353001\n|switch|p1b: Iron Hands|Iron Hands, L50|100\/100\n|move|p1a: Tornadus|Bleakwind Storm|p2a: Rillaboom|[spread] p2a,p2b\n|-supereffective|p2a: Rillaboom\n|-damage|p2a: Rillaboom|0 fnt\n|-damage|p2b: Salamence|51\/100\n|faint|p2a: Rillaboom\n|move|p2b: Salamence|Air Slash|p1a: Tornadus|[miss]\n|-miss|p2b: Salamence|p1a: Tornadus\n|\n|upkeep\n|\n|t:|1700353010\n|switch|p2a: Urshifu|Urshifu, L50, F|100\/100\n|turn|4\n|\n|t:|1700353035\n|move|p1a: Tornadus|Bleakwind Storm|p2a: Urshifu|[spread] p2b\n|-miss|p1a: Tornadus|p2a: Urshifu\n|-damage|p2b: Salamence|0 fnt\n|faint|p2b: Salamence\n|move|p2a: Urshifu|Close Combat|p1a: Tornadus\n|-resisted|p1a: Tornadus\n|-damage|p1a: Tornadus|0 fnt\n|-unboost|p2a: Urshifu|def|1\n|-unboost|p2a: Urshifu|spd|1\n|faint|p1a: Tornadus\n|move|p1b: Iron Hands|Drain Punch|p2a: Urshifu\n|-supereffective|p2a: Urshifu\n|-enditem|p2a: Urshifu|Focus Sash\n|-damage|p2a: Urshifu|1\/100\n|\n|-heal|p2a: Urshifu|7\/100|[from] Grassy Terrain\n|upkeep\n|\n|t:|1700353050\n|switch|p1a: Roaring Moon|Roaring Moon, L50|100\/100\n|-enditem|p1a: Roaring Moon|Booster Energy\n|-activate|p1a: Roaring Moon|ability: Protosynthesis|[fromitem]\n|-start|p1a: Roaring Moon|protosynthesisatk\n|turn|5\n|\n|t:|1700353061\n|move|p2a: Urshifu|Detect|p2a: Urshifu\n|-singleturn|p2a: Urshifu|Protect\n|move|p1a: Roaring Moon|Breaking Swipe|p2a: Urshifu\n|-activate|p2a: Urshifu|move: Protect\n|move|p1b: Iron Hands|Drain Punch|p2a: Urshifu\n|-activate|p2a: Urshifu|move: Protect\n|\n|-heal|p2a: Urshifu|14\/100|[from] Grassy Terrain\n|-sideend|p1: JeanRyuPR|move: Tailwind\n|-fieldend|move: Grassy Terrain\n|upkeep\n|turn|6\n|\n|t:|1700353076\n|move|p1a: Roaring Moon|Breaking Swipe|p2a: Urshifu\n|-damage|p2a: Urshifu|0 fnt\n|faint|p2a: Urshifu\n|\n|win|JeanRyuPR\n","uploadtime":1700353082,"views":19,"p1id":"jeanryupr","p2id":"king32bit","formatid":"gen9vgc2023regulatione","rating":0,"private":0,"password":""}