{"id":"gen9vgc2023regulatione-1995048903","p1":"DiegoF271","p2":"The pickled artist","format":"[Gen 9] VGC 2023 Regulation E","log":"|j|\u2606DiegoF271\n|j|\u203dThe pickled artist\n|t:|1700517044\n|gametype|doubles\n|player|p1|DiegoF271|1|1363\n|player|p2|The pickled artist|red|1287\n|teamsize|p1|6\n|teamsize|p2|6\n|gen|9\n|tier|[Gen 9] VGC 2023 Regulation E\n|rated|\n|rule|Species Clause: Limit one of each Pok\u00e9mon\n|rule|Item Clause: Limit one of each item\n|clearpoke\n|poke|p1|Iron Hands, L50|\n|poke|p1|Ogerpon-Hearthflame, L50, F|\n|poke|p1|Milotic, L50, M|\n|poke|p1|Glastrier, L50|\n|poke|p1|Ninetales-Alola, L50, F|\n|poke|p1|Volcarona, L50, M|\n|poke|p2|Gastrodon-East, L50, M|\n|poke|p2|Kingambit, L50, M|\n|poke|p2|Tinkaton, L50, F|\n|poke|p2|Iron Hands, L50|\n|poke|p2|Ribombee, L50, F|\n|poke|p2|Iron Moth, L50|\n|teampreview|4\n|\n|t:|1700517078\n|start\n|switch|p1a: Ogerpon|Ogerpon-Hearthflame, L50, F|100\/100\n|switch|p1b: Iron Hands|Iron Hands, L50, shiny|100\/100\n|switch|p2a: Tinkaton|Tinkaton, L50, F|100\/100\n|switch|p2b: Iron Hands|Iron Hands, L50|100\/100\n|-ability|p1a: Ogerpon|Mold Breaker\n|turn|1\n|\n|t:|1700517096\n|-end|p1b: Iron Hands|Quark Drive|[silent]\n|switch|p1b: Volcarona|Volcarona, L50, M|100\/100\n|move|p1a: Ogerpon|Spiky Shield|p1a: Ogerpon\n|-singleturn|p1a: Ogerpon|move: Protect\n|move|p2a: Tinkaton|Fake Out|p1a: Ogerpon\n|-activate|p1a: Ogerpon|move: Protect\n|-damage|p2a: Tinkaton|88\/100|[from] Spiky Shield|[of] p1a: Ogerpon\n|move|p2b: Iron Hands|Swords Dance|p2b: Iron Hands\n|-boost|p2b: Iron Hands|atk|2\n|\n|upkeep\n|turn|2\n|\n|t:|1700517115\n|-terastallize|p1a: Ogerpon|Fire\n|detailschange|p1a: Ogerpon|Ogerpon-Hearthflame-Tera, L50, F, tera:Fire\n|-ability|p1a: Ogerpon|Embody Aspect (Hearthflame)|boost\n|-boost|p1a: Ogerpon|atk|1\n|-enditem|p2a: Tinkaton|Mirror Herb\n|-boost|p2a: Tinkaton|atk|1|[from] item: Mirror Herb\n|move|p2a: Tinkaton|Rock Slide|p1b: Volcarona|[spread] p1a,p1b\n|-supereffective|p1a: Ogerpon\n|-supereffective|p1b: Volcarona\n|-damage|p1a: Ogerpon|50\/100\n|-damage|p1b: Volcarona|0 fnt\n|faint|p1b: Volcarona\n|move|p1a: Ogerpon|Ivy Cudgel|p2b: Iron Hands|[anim] Ivy Cudgel Fire\n|-damage|p2b: Iron Hands|12\/100\n|-enditem|p2b: Iron Hands|Sitrus Berry|[eat]\n|-heal|p2b: Iron Hands|37\/100|[from] item: Sitrus Berry\n|move|p2b: Iron Hands|Drain Punch|p1a: Ogerpon\n|-damage|p1a: Ogerpon|0 fnt\n|-heal|p2b: Iron Hands|53\/100|[from] drain|[of] p1a: Ogerpon\n|faint|p1a: Ogerpon\n|\n|upkeep\n|\n|t:|1700517134\n|switch|p1a: Iron Hands|Iron Hands, L50, shiny|100\/100\n|switch|p1b: Milotic|Milotic, L50, M|100\/100\n|turn|3\n|\n|t:|1700517149\n|move|p2a: Tinkaton|Gigaton Hammer|p1a: Iron Hands\n|-resisted|p1a: Iron Hands\n|-damage|p1a: Iron Hands|74\/100\n|move|p1b: Milotic|Scald|p2b: Iron Hands\n|-damage|p2b: Iron Hands|19\/100\n|-status|p2b: Iron Hands|brn\n|move|p2b: Iron Hands|Drain Punch|p1b: Milotic\n|-damage|p1b: Milotic|51\/100\n|-heal|p2b: Iron Hands|37\/100 brn|[from] drain|[of] p1b: Milotic\n|move|p1a: Iron Hands|Drain Punch|p2b: Iron Hands\n|-damage|p2b: Iron Hands|6\/100 brn\n|-heal|p1a: Iron Hands|92\/100|[from] drain|[of] p2b: Iron Hands\n|\n|-damage|p2b: Iron Hands|0 fnt|[from] brn\n|faint|p2b: Iron Hands\n|-end|p2b: Iron Hands|Quark Drive|[silent]\n|upkeep\n|\n|t:|1700517166\n|switch|p2b: Iron Moth|Iron Moth, L50|100\/100\n|-enditem|p2b: Iron Moth|Booster Energy\n|-activate|p2b: Iron Moth|ability: Quark Drive|[fromitem]\n|-start|p2b: Iron Moth|quarkdrivespa\n|turn|4\n|\n|t:|1700517188\n|-terastallize|p2b: Iron Moth|Ground\n|move|p2b: Iron Moth|Tera Blast|p1a: Iron Hands|[anim] Tera Blast Ground\n|-supereffective|p1a: Iron Hands\n|-damage|p1a: Iron Hands|25\/100\n|move|p2a: Tinkaton|Play Rough|p1a: Iron Hands\n|-supereffective|p1a: Iron Hands\n|-damage|p1a: Iron Hands|0 fnt\n|faint|p1a: Iron Hands\n|-end|p1a: Iron Hands|Quark Drive|[silent]\n|move|p1b: Milotic|Scald|p2b: Iron Moth\n|-supereffective|p2b: Iron Moth\n|-damage|p2b: Iron Moth|30\/100\n|-status|p2b: Iron Moth|brn\n|\n|-damage|p2b: Iron Moth|24\/100 brn|[from] brn\n|upkeep\n|turn|5\n|\n|t:|1700517206\n|move|p2b: Iron Moth|Energy Ball|p1b: Milotic\n|-supereffective|p1b: Milotic\n|-damage|p1b: Milotic|0 fnt\n|faint|p1b: Milotic\n|\n|win|The pickled artist\n|raw|DiegoF271's rating: 1363 &rarr; <strong>1339<\/strong><br \/>(-24 for losing)\n|raw|The pickled artist's rating: 1287 &rarr; <strong>1317<\/strong><br \/>(+30 for winning)\n","uploadtime":1700517214,"views":3,"p1id":"diegof271","p2id":"thepickledartist","formatid":"gen9vgc2023regulatione","rating":1317,"private":0,"password":""}