{"id":"gen9vgc2023regulatione-1999166119","p1":"Luckiest Ludicolo","p2":"Cruzer108","format":"[Gen 9] VGC 2023 Regulation E","log":"|j|\u2606Luckiest Ludicolo\n|j|\u2606Cruzer108\n|n|\u2606Luckiest Ludicolo|luckiestludicolo\n|n|\u2606Cruzer108|cruzer108\n|html|View the match progress at <a href=\"\/game-bestof3-gen9vgc2023regulatione-1999166118\">game-bestof3-gen9vgc2023regulatione-1999166118<\/a>\n|t:|1701040480\n|gametype|doubles\n|player|p1|Luckiest Ludicolo|pokemaniac|\n|player|p2|Cruzer108|giovanni|\n|teamsize|p1|6\n|teamsize|p2|6\n|gen|9\n|tier|[Gen 9] VGC 2023 Regulation E\n|rule|Species Clause: Limit one of each Pok\u00e9mon\n|rule|Item Clause: Limit one of each item\n|clearpoke\n|poke|p1|Ursaluna-Bloodmoon, L50, M|\n|poke|p1|Frosmoth, L50, M|\n|poke|p1|Gardevoir, L50, M|\n|poke|p1|Iron Jugulis, L50|\n|poke|p1|Ceruledge, L50, M|\n|poke|p1|Ogerpon, L50, F|\n|poke|p2|Iron Hands, L50|\n|poke|p2|Flutter Mane, L50|\n|poke|p2|Pachirisu, L50, F|\n|poke|p2|Greninja-*, L50, M|\n|poke|p2|Arcanine, L50, F|\n|poke|p2|Klefki, L50, F|\n|teampreview|4\n|c|\u2606Luckiest Ludicolo|https:\/\/pokepast.es\/b0d0c6bec2bd63f0\n|c|\u2606Luckiest Ludicolo|glhf!\n|c|\u2606Cruzer108|https:\/\/pokepast.es\/547524a027169edb\n|j| Omega_Jirachi\nLuckiest Ludicolo rejected open team sheets.\n|c|\u2606Cruzer108|gl hf as well\n|c|\u2606Cruzer108|Hey Sj want me to post this in general?\n|c|\u2606Luckiest Ludicolo|you can, I don't mind\n|j| ML Lacius\n|j| Squirly\n|j| Salivadora\n|j| Raikia\n|j| LookItUpVGC\n|c| Salivadora|This mf is talking to me about Persona instead of doing his match smh\n|c|\u2606Cruzer108|im choosing stfu\n|c|\u2606Cruzer108|i also got a naming scheme\n|c|\u2606Cruzer108|Pretty obvious\n|\n|t:|1701040719\n|start\n|switch|p1a: Promised Land|Ogerpon, L50, F|100\/100\n|switch|p1b: Starlight|Gardevoir, L50, M|100\/100\n|switch|p2a: Zain|Arcanine, L50, F|100\/100\n|switch|p2b: Mango|Iron Hands, L50|100\/100\n|-ability|p2a: Zain|Intimidate|boost\n|-unboost|p1a: Promised Land|atk|1\n|-ability|p1a: Promised Land|Defiant|boost\n|-boost|p1a: Promised Land|atk|2\n|-unboost|p1b: Starlight|atk|1\n|-ability|p1b: Starlight|Intimidate|boost\n|-unboost|p2a: Zain|atk|1\n|-unboost|p2b: Mango|atk|1\n|-ability|p1b: Starlight|Intimidate|[from] ability: Trace|[of] p2a: Zain\n|turn|1\n|c| Raikia|mmmmmmmeleeeeeee\n|j| Lkynmbr24\n|c|\u2606Cruzer108|i forget that it has defiant\n|c|\u2606Cruzer108|honestly\n|\n|t:|1701040758\n|move|p1a: Promised Land|Spiky Shield|p1a: Promised Land\n|-singleturn|p1a: Promised Land|move: Protect\n|move|p2b: Mango|Fake Out|p1a: Promised Land\n|-activate|p1a: Promised Land|move: Protect\n|-damage|p2b: Mango|88\/100|[from] Spiky Shield|[of] p1a: Promised Land\n|move|p2a: Zain|Flare Blitz|p1a: Promised Land\n|-activate|p1a: Promised Land|move: Protect\n|-damage|p2a: Zain|88\/100|[from] Spiky Shield|[of] p1a: Promised Land\n|move|p1b: Starlight|Reflect|p1b: Starlight\n|-sidestart|p1: Luckiest Ludicolo|Reflect\n|\n|upkeep\n|turn|2\n|\n|t:|1701040786\n|switch|p1a: Unchain the Light|Ceruledge, L50, M|100\/100\n|-end|p2b: Mango|Quark Drive|[silent]\n|switch|p2b: HungryBox|Pachirisu, L50, F|100\/100\n|move|p2a: Zain|Flare Blitz|p1a: Unchain the Light\n|-start|p1a: Unchain the Light|ability: Flash Fire\n|move|p1b: Starlight|Light Screen|p1b: Starlight\n|-sidestart|p1: Luckiest Ludicolo|move: Light Screen\n|\n|upkeep\n|turn|3\n|c| Salivadora|Raikia are you fine with this short break from Persona for match\n|c|\u2606Cruzer108|yea im failing really bad rn\n|c|\u2606Cruzer108|also idk sjs theme\n|\n|t:|1701040831\n|switch|p2a: Mango|Iron Hands, L50|88\/100\n|move|p1b: Starlight|Icy Wind|p2a: Mango|[spread] p2a,p2b\n|-damage|p2a: Mango|78\/100\n|-damage|p2b: HungryBox|87\/100\n|-unboost|p2a: Mango|spe|1\n|-unboost|p2b: HungryBox|spe|1\n|move|p1a: Unchain the Light|Swords Dance|p1a: Unchain the Light\n|-boost|p1a: Unchain the Light|atk|2\n|move|p2b: HungryBox|Nuzzle|p1a: Unchain the Light\n|-damage|p1a: Unchain the Light|97\/100\n|-status|p1a: Unchain the Light|par\n|\n|upkeep\n|turn|4\n|\n|t:|1701040865\n|move|p2a: Mango|Fake Out|p1b: Starlight\n|-damage|p1b: Starlight|84\/100\n|cant|p1b: Starlight|flinch\n|move|p2b: HungryBox|Fake Tears|p1a: Unchain the Light\n|-fail|p1a: Unchain the Light|unboost|[from] item: Clear Amulet|[of] p1a: Unchain the Light\n|move|p1a: Unchain the Light|Bitter Blade|p2b: HungryBox\n|-damage|p2b: HungryBox|0 fnt\n|-heal|p1a: Unchain the Light|100\/100 par|[from] drain|[of] p2b: HungryBox\n|-damage|p1a: Unchain the Light|84\/100 par|[from] item: Rocky Helmet|[of] p2b: HungryBox\n|faint|p2b: HungryBox\n|\n|upkeep\n|c|\u2606Cruzer108|interesting\n|\n|t:|1701040877\n|switch|p2b: Amsa|Greninja, L50, M|100\/100\n|turn|5\n|c| LookItUpVGC|now what makes hungrybox a pachirisu\n|c|\u2606Cruzer108|it was the cutest mon on the team\n|c|\u2606Cruzer108|and the most frail\n|c| Lkynmbr24|It needs to be Puff, lol.\n|c|\u2606Cruzer108|amsa should be obvious\n|\n|t:|1701040921\n|move|p2b: Amsa|Hydro Pump|p1a: Unchain the Light\n|-start|p2b: Amsa|typechange|Water|[from] ability: Protean\n|-supereffective|p1a: Unchain the Light\n|-damage|p1a: Unchain the Light|0 fnt\n|faint|p1a: Unchain the Light\n|move|p1b: Starlight|Icy Wind|p2a: Mango|[spread] p2a,p2b\n|-resisted|p2b: Amsa\n|-damage|p2a: Mango|66\/100\n|-damage|p2b: Amsa|92\/100\n|-unboost|p2a: Mango|spe|1\n|-unboost|p2b: Amsa|spe|1\n|move|p2a: Mango|Wild Charge|p1b: Starlight\n|-damage|p1b: Starlight|27\/100\n|-damage|p2a: Mango|57\/100|[from] Recoil\n|\n|upkeep\n|c| Salivadora|Tbh Hands fits Hbox better\n|\n|t:|1701040932\n|switch|p1a: Promised Land|Ogerpon, L50, F|100\/100\n|turn|6\n|\n|t:|1701040949\n|-terastallize|p2b: Amsa|Ice\n|move|p1a: Promised Land|Ivy Cudgel|p2b: Amsa\n|-damage|p2b: Amsa|19\/100\n|move|p1b: Starlight|Moonblast|p2a: Mango\n|-supereffective|p2a: Mango\n|-damage|p2a: Mango|0 fnt\n|faint|p2a: Mango\n|-end|p2a: Mango|Quark Drive|[silent]\n|move|p2b: Amsa|Taunt|p1a: Promised Land\n|-start|p1a: Promised Land|move: Taunt\n|\n|upkeep\n|\n|t:|1701040955\n|switch|p2a: Zain|Arcanine, L50, F|88\/100\n|-ability|p2a: Zain|Intimidate|boost\n|-unboost|p1a: Promised Land|atk|1\n|-ability|p1a: Promised Land|Defiant|boost\n|-boost|p1a: Promised Land|atk|2\n|-unboost|p1b: Starlight|atk|1\n|turn|7\n|c| Salivadora|Amsa I say could\u2019ve fit pachi\n|c|\u2606Cruzer108|but yoshis a dinosaur so frog is similar\n|\n|t:|1701041005\n|move|p2a: Zain|Flare Blitz|p1a: Promised Land\n|-supereffective|p1a: Promised Land\n|-damage|p1a: Promised Land|17\/100\n|-enditem|p1a: Promised Land|Sitrus Berry|[eat]\n|-heal|p1a: Promised Land|42\/100|[from] item: Sitrus Berry\n|-damage|p2a: Zain|57\/100|[from] Recoil\n|move|p1a: Promised Land|Ivy Cudgel|p2b: Amsa\n|-damage|p2b: Amsa|0 fnt\n|faint|p2b: Amsa\n|move|p1b: Starlight|Moonblast|p2a: Zain\n|-resisted|p2a: Zain\n|-damage|p2a: Zain|41\/100\n|\n|upkeep\n|turn|8\n|c| LookItUpVGC|i cant say i think of dinosaurs and frogs as incredibly similar\n|c| LookItUpVGC|especially when it is a ninja frog\n|\n|t:|1701041019\n|move|p2a: Zain|Flare Blitz|p1a: Promised Land\n|-supereffective|p1a: Promised Land\n|-damage|p1a: Promised Land|0 fnt\n|faint|p1a: Promised Land\n|-damage|p2a: Zain|26\/100|[from] Recoil\n|move|p1b: Starlight|Moonblast|p2a: Zain\n|-resisted|p2a: Zain\n|-damage|p2a: Zain|10\/100\n|\n|-sideend|p1: Luckiest Ludicolo|Reflect\n|upkeep\n|\n|t:|1701041021\n|switch|p1a: Ghost in the Moon|Ursaluna-Bloodmoon, L50, M|100\/100\n|turn|9\n|c|\u2606Cruzer108|theres the bear\n|c| Salivadora|Greninja could\u2019ve been M2K\n|\n|t:|1701041028\n|move|p2a: Zain|Close Combat|p1a: Ghost in the Moon\n|-supereffective|p1a: Ghost in the Moon\n|-damage|p1a: Ghost in the Moon|48\/100\n|-unboost|p2a: Zain|def|1\n|-unboost|p2a: Zain|spd|1\n|move|p1b: Starlight|Moonblast|p2a: Zain\n|-resisted|p2a: Zain\n|-damage|p2a: Zain|0 fnt\n|faint|p2a: Zain\n|\n|win|Luckiest Ludicolo\n|c|\u2606Luckiest Ludicolo|gg!\n|c|\u2606Cruzer108|yea yea\n|c|\u2606Cruzer108|gg\n","uploadtime":1701041036,"views":22,"p1id":"luckiestludicolo","p2id":"cruzer108","formatid":"gen9vgc2023regulatione","rating":0,"private":0,"password":""}