{"id":"gen9vgc2023regulatione-1996500361","p1":"secretstudent","p2":"SdJUB","format":"[Gen 9] VGC 2023 Regulation E","log":"|j|\u2606secretstudent\n|j|\u2606SdJUB\n|t:|1700688073\n|gametype|doubles\n|player|p1|secretstudent|beauty|1112\n|player|p2|SdJUB|giovanni|1144\n|teamsize|p1|6\n|teamsize|p2|6\n|gen|9\n|tier|[Gen 9] VGC 2023 Regulation E\n|rated|\n|rule|Species Clause: Limit one of each Pok\u00e9mon\n|rule|Item Clause: Limit one of each item\n|clearpoke\n|poke|p1|Chien-Pao, L50|\n|poke|p1|Amoonguss, L50, M|\n|poke|p1|Hatterene, L50, F|\n|poke|p1|Gyarados, L50, M|\n|poke|p1|Volcarona, L50, F|\n|poke|p1|Ogerpon, L50, F|\n|poke|p2|Flutter Mane, L50|\n|poke|p2|Iron Bundle, L50|\n|poke|p2|Torkoal, L50, F|\n|poke|p2|Lilligant-Hisui, L50, F|\n|poke|p2|Arcanine-Hisui, L50, M|\n|poke|p2|Urshifu-*, L50, M|\n|teampreview|4\n|inactive|Battle timer is ON: inactive players will automatically lose when time's up. (requested by SdJUB)\n|inactive|secretstudent has 60 seconds left.\n|inactive|SdJUB has 60 seconds left.\n|\n|t:|1700688105\n|start\n|switch|p1a: Chien-Pao|Chien-Pao, L50|100\/100\n|switch|p1b: Volcarona|Volcarona, L50, F|100\/100\n|switch|p2a: Arcanine|Arcanine-Hisui, L50, M, shiny|100\/100\n|switch|p2b: Urshifu|Urshifu, L50, M|100\/100\n|-ability|p1a: Chien-Pao|Sword of Ruin\n|turn|1\n|inactive|secretstudent has 30 seconds left.\n|\n|t:|1700688137\n|switch|p1a: Hatterene|Hatterene, L50, F|100\/100\n|-terastallize|p1b: Volcarona|Dragon\n|move|p2b: Urshifu|Protect|p2b: Urshifu\n|-singleturn|p2b: Urshifu|Protect\n|move|p2a: Arcanine|Protect|p2a: Arcanine\n|-singleturn|p2a: Arcanine|Protect\n|move|p1b: Volcarona|Quiver Dance|p1b: Volcarona\n|-boost|p1b: Volcarona|spa|1\n|-boost|p1b: Volcarona|spd|1\n|-boost|p1b: Volcarona|spe|1\n|\n|upkeep\n|turn|2\n|inactive|SdJUB has 30 seconds left.\n|inactive|secretstudent has 30 seconds left.\n|inactive|SdJUB has 20 seconds left.\n|inactive|SdJUB has 15 seconds left.\n|\n|t:|1700688178\n|move|p2b: Urshifu|Sucker Punch|p1a: Hatterene\n|-damage|p1a: Hatterene|57\/100\n|move|p1b: Volcarona|Giga Drain|p2a: Arcanine\n|-damage|p2a: Arcanine|55\/100\n|move|p2a: Arcanine|Flare Blitz|p1a: Hatterene\n|-damage|p1a: Hatterene|0 fnt\n|faint|p1a: Hatterene\n|\n|upkeep\n|\n|t:|1700688203\n|switch|p1a: Ogerpon|Ogerpon, L50, F|100\/100\n|turn|3\n|\n|t:|1700688217\n|move|p1b: Volcarona|Quiver Dance|p1b: Volcarona\n|-boost|p1b: Volcarona|spa|1\n|-boost|p1b: Volcarona|spd|1\n|-boost|p1b: Volcarona|spe|1\n|move|p1a: Ogerpon|Stomping Tantrum|p2a: Arcanine\n|-supereffective|p2a: Arcanine\n|-damage|p2a: Arcanine|0 fnt\n|faint|p2a: Arcanine\n|-damage|p1a: Ogerpon|91\/100|[from] item: Life Orb\n|move|p2b: Urshifu|Wicked Blow|p1b: Volcarona\n|-crit|p1b: Volcarona\n|-damage|p1b: Volcarona|24\/100\n|\n|-heal|p1b: Volcarona|30\/100|[from] item: Leftovers\n|upkeep\n|\n|t:|1700688226\n|switch|p2a: Flutter Mane|Flutter Mane, L50, shiny|100\/100\n|turn|4\n|\n|t:|1700688241\n|move|p1b: Volcarona|Giga Drain|p2b: Urshifu\n|-crit|p2b: Urshifu\n|-damage|p2b: Urshifu|0 fnt\n|-heal|p1b: Volcarona|76\/100|[from] drain|[of] p2b: Urshifu\n|faint|p2b: Urshifu\n|move|p2a: Flutter Mane|Moonblast|p1b: Volcarona\n|-supereffective|p1b: Volcarona\n|-damage|p1b: Volcarona|14\/100\n|-damage|p2a: Flutter Mane|90\/100|[from] item: Life Orb\n|move|p1a: Ogerpon|Ivy Cudgel|p2a: Flutter Mane\n|-crit|p2a: Flutter Mane\n|-damage|p2a: Flutter Mane|0 fnt\n|faint|p2a: Flutter Mane\n|-end|p2a: Flutter Mane|Protosynthesis|[silent]\n|-damage|p1a: Ogerpon|81\/100|[from] item: Life Orb\n|\n|-heal|p1b: Volcarona|20\/100|[from] item: Leftovers\n|upkeep\n|\n|t:|1700688251\n|switch|p2b: Torkoal|Torkoal, L50, F, shiny|100\/100\n|-weather|SunnyDay|[from] ability: Drought|[of] p2b: Torkoal\n|turn|5\n|\n|t:|1700688281\n|move|p1b: Volcarona|Heat Wave|p2b: Torkoal\n|-resisted|p2b: Torkoal\n|-damage|p2b: Torkoal|1\/100\n|move|p1a: Ogerpon|Stomping Tantrum|p2b: Torkoal\n|-supereffective|p2b: Torkoal\n|-damage|p2b: Torkoal|0 fnt\n|faint|p2b: Torkoal\n|-damage|p1a: Ogerpon|71\/100|[from] item: Life Orb\n|\n|win|secretstudent\n|raw|secretstudent's rating: 1112 &rarr; <strong>1139<\/strong><br \/>(+27 for winning)\n|raw|SdJUB's rating: 1144 &rarr; <strong>1117<\/strong><br \/>(-27 for losing)\n","uploadtime":1700688295,"views":1,"p1id":"secretstudent","p2id":"sdjub","formatid":"gen9vgc2023regulatione","rating":1117,"private":0,"password":""}