{"id":"gen9vgc2023regulatione-1994111601","p1":"whyismynamejeff","p2":"regirock16","format":"[Gen 9] VGC 2023 Regulation E","log":"|j|\u2606whyismynamejeff\n|j|\u2606regirock16\n|t:|1700408222\n|gametype|doubles\n|player|p1|whyismynamejeff|colress|1114\n|player|p2|regirock16|265|1104\n|teamsize|p1|6\n|teamsize|p2|6\n|gen|9\n|tier|[Gen 9] VGC 2023 Regulation E\n|rated|\n|rule|Species Clause: Limit one of each Pok\u00e9mon\n|rule|Item Clause: Limit one of each item\n|clearpoke\n|poke|p1|Urshifu-*, L50, F|\n|poke|p1|Gholdengo, L50|\n|poke|p1|Amoonguss, L50, F|\n|poke|p1|Farigiraf, L50, F|\n|poke|p1|Pelipper, L50, M|\n|poke|p1|Iron Hands, L50|\n|poke|p2|Cresselia, L50, F|\n|poke|p2|Ursaluna, L50, F|\n|poke|p2|Sinistcha-Masterpiece, L50|\n|poke|p2|Clefairy, L50, M|\n|poke|p2|Vikavolt, L50, F|\n|poke|p2|Heatran, L50, F|\n|teampreview|4\n|c|\u2606regirock16|CAN YOU SURVIVE 5 TURNS IN TRICK ROOM\n|c|\u2606regirock16|GLHF\n|\n|t:|1700408284\n|start\n|switch|p1a: Farigiraf|Farigiraf, L50, F|100\/100\n|switch|p1b: Iron Hands|Iron Hands, L50|100\/100\n|switch|p2a: Cresselia|Cresselia, L50, F|100\/100\n|switch|p2b: Ursaluna|Ursaluna, L50, F|100\/100\n|turn|1\n|c|\u2606whyismynamejeff|i cant :(\n|c|\u2606whyismynamejeff|ok can i\n|c|\u2606whyismynamejeff|idk\n|\n|t:|1700408318\n|-terastallize|p1b: Iron Hands|Grass\n|move|p1a: Farigiraf|Helping Hand|p1b: Iron Hands\n|-singleturn|p1b: Iron Hands|Helping Hand|[of] p1a: Farigiraf\n|move|p1b: Iron Hands|Drain Punch|p2b: Ursaluna\n|-supereffective|p2b: Ursaluna\n|-damage|p2b: Ursaluna|7\/100\n|move|p2b: Ursaluna|Facade|p1a: Farigiraf\n|-damage|p1a: Farigiraf|58\/100\n|-damage|p2b: Ursaluna|0 fnt|[from] item: Rocky Helmet|[of] p1a: Farigiraf\n|faint|p2b: Ursaluna\n|move|p2a: Cresselia|Trick Room|p2a: Cresselia\n|-fieldstart|move: Trick Room|[of] p2a: Cresselia\n|\n|upkeep\n|\n|t:|1700408333\n|switch|p2b: Heatran|Heatran, L50, F|100\/100\n|turn|2\n|c|\u2606regirock16|NOOOO\n|\n|t:|1700408348\n|move|p2a: Cresselia|Helping Hand|p2b: Heatran\n|-singleturn|p2b: Heatran|Helping Hand|[of] p2a: Cresselia\n|move|p1b: Iron Hands|Drain Punch|p2b: Heatran\n|-supereffective|p2b: Heatran\n|-damage|p2b: Heatran|25\/100\n|move|p1a: Farigiraf|Dazzling Gleam|p2b: Heatran|[spread] p2a,p2b\n|-resisted|p2b: Heatran\n|-damage|p2a: Cresselia|89\/100\n|-damage|p2b: Heatran|20\/100\n|move|p2b: Heatran|Heat Wave|p1b: Iron Hands|[spread] p1a,p1b\n|-supereffective|p1b: Iron Hands\n|-damage|p1a: Farigiraf|0 fnt\n|-damage|p1b: Iron Hands|24\/100\n|faint|p1a: Farigiraf\n|\n|-heal|p2a: Cresselia|95\/100|[from] item: Leftovers\n|upkeep\n|\n|t:|1700408361\n|switch|p1a: Urshifu|Urshifu-Rapid-Strike, L50, F|100\/100\n|turn|3\n|\n|t:|1700408375\n|-end|p1b: Iron Hands|Quark Drive|[silent]\n|switch|p1b: Amoonguss|Amoonguss, L50, F|100\/100\n|-terastallize|p2a: Cresselia|Fairy\n|move|p2b: Heatran|Protect|p2b: Heatran\n|-singleturn|p2b: Heatran|Protect\n|move|p2a: Cresselia|Dazzling Gleam|p1b: Amoonguss|[spread] p1a,p1b\n|-supereffective|p1a: Urshifu\n|-resisted|p1b: Amoonguss\n|-damage|p1a: Urshifu|45\/100\n|-damage|p1b: Amoonguss|92\/100\n|move|p1a: Urshifu|Surging Strikes|p2b: Heatran\n|-supereffective|p2b: Heatran\n|-crit|p2b: Heatran\n|-damage|p2b: Heatran|0 fnt\n|faint|p2b: Heatran\n|-hitcount|p2: Heatran|1\n|\n|-heal|p2a: Cresselia|100\/100|[from] item: Leftovers\n|upkeep\n|\n|t:|1700408393\n|switch|p2b: Sinistcha|Sinistcha-Masterpiece, L50|100\/100\n|turn|4\n|\n|t:|1700408411\n|move|p1b: Amoonguss|Rage Powder|p1b: Amoonguss\n|-singleturn|p1b: Amoonguss|move: Rage Powder\n|move|p2b: Sinistcha|Matcha Gotcha|p1a: Urshifu|[spread] p1a,p1b\n|-supereffective|p1a: Urshifu\n|-resisted|p1b: Amoonguss\n|-damage|p1a: Urshifu|0 fnt\n|-damage|p1b: Amoonguss|87\/100\n|faint|p1a: Urshifu\n|move|p2a: Cresselia|Dazzling Gleam|p1b: Amoonguss\n|-resisted|p1b: Amoonguss\n|-damage|p1b: Amoonguss|76\/100\n|\n|upkeep\n|\n|t:|1700408421\n|switch|p1a: Iron Hands|Iron Hands, L50, tera:Grass|24\/100\n|turn|5\n|\n|t:|1700408428\n|move|p1b: Amoonguss|Rage Powder|p1b: Amoonguss\n|-singleturn|p1b: Amoonguss|move: Rage Powder\n|move|p1a: Iron Hands|Heavy Slam|p2a: Cresselia\n|-supereffective|p2a: Cresselia\n|-damage|p2a: Cresselia|37\/100\n|move|p2b: Sinistcha|Matcha Gotcha|p1a: Iron Hands|[spread] p1a,p1b\n|-resisted|p1a: Iron Hands\n|-resisted|p1b: Amoonguss\n|-damage|p1a: Iron Hands|17\/100\n|-damage|p1b: Amoonguss|70\/100\n|move|p2a: Cresselia|Dazzling Gleam|p1b: Amoonguss|[spread] p1a,p1b\n|-resisted|p1b: Amoonguss\n|-damage|p1a: Iron Hands|6\/100\n|-damage|p1b: Amoonguss|62\/100\n|\n|-heal|p2a: Cresselia|43\/100|[from] item: Leftovers\n|-fieldend|move: Trick Room\n|upkeep\n|turn|6\n|\n|t:|1700408449\n|move|p2a: Cresselia|Dazzling Gleam|p1b: Amoonguss|[spread] p1a,p1b\n|-resisted|p1b: Amoonguss\n|-damage|p1a: Iron Hands|0 fnt\n|-damage|p1b: Amoonguss|55\/100\n|faint|p1a: Iron Hands\n|-end|p1a: Iron Hands|Quark Drive|[silent]\n|move|p2b: Sinistcha|Matcha Gotcha|p1b: Amoonguss\n|-resisted|p1b: Amoonguss\n|-damage|p1b: Amoonguss|47\/100\n|-enditem|p1b: Amoonguss|Sitrus Berry|[eat]\n|-heal|p1b: Amoonguss|72\/100|[from] item: Sitrus Berry\n|move|p1b: Amoonguss|Pollen Puff|p1: Iron Hands|[notarget]\n|-fail|p1b: Amoonguss\n|\n|-heal|p2a: Cresselia|49\/100|[from] item: Leftovers\n|upkeep\n|turn|7\n|\n|t:|1700408466\n|move|p2a: Cresselia|Lunar Blessing|p2a: Cresselia|[spread] p2a,p2b\n|-heal|p2a: Cresselia|74\/100\n|move|p2b: Sinistcha|Matcha Gotcha|p1b: Amoonguss\n|-resisted|p1b: Amoonguss\n|-damage|p1b: Amoonguss|65\/100\n|move|p1b: Amoonguss|Pollen Puff|p2b: Sinistcha\n|-crit|p2b: Sinistcha\n|-damage|p2b: Sinistcha|77\/100\n|\n|-heal|p2a: Cresselia|80\/100|[from] item: Leftovers\n|upkeep\n|turn|8\n|c|\u2606whyismynamejeff|hmm\n|\n|t:|1700408489\n|move|p2a: Cresselia|Lunar Blessing|p2a: Cresselia|[spread] p2a,p2b\n|-heal|p2a: Cresselia|100\/100\n|-heal|p2b: Sinistcha|100\/100\n|move|p2b: Sinistcha|Matcha Gotcha|p1b: Amoonguss\n|-resisted|p1b: Amoonguss\n|-damage|p1b: Amoonguss|58\/100\n|move|p1b: Amoonguss|Spore|p2a: Cresselia\n|-status|p2a: Cresselia|slp|[from] move: Spore\n|\n|upkeep\n|turn|9\n|c|\u2606whyismynamejeff|what if i goo\n|c|\u2606regirock16|stop nooo\n|c|\u2606whyismynamejeff|i am gon lose either way\n|c|\u2606whyismynamejeff|unless\n|\n|t:|1700408519\n|cant|p2a: Cresselia|slp\n|move|p2b: Sinistcha|Matcha Gotcha|p1b: Amoonguss\n|-resisted|p1b: Amoonguss\n|-damage|p1b: Amoonguss|50\/100\n|move|p1b: Amoonguss|Pollen Puff|p2b: Sinistcha\n|-damage|p2b: Sinistcha|86\/100\n|\n|upkeep\n|turn|10\n|\n|t:|1700408535\n|cant|p2a: Cresselia|slp\n|move|p2b: Sinistcha|Matcha Gotcha|p1b: Amoonguss\n|-resisted|p1b: Amoonguss\n|-damage|p1b: Amoonguss|43\/100\n|-heal|p2b: Sinistcha|91\/100|[from] drain|[of] p1b: Amoonguss\n|-status|p1b: Amoonguss|brn\n|move|p1b: Amoonguss|Pollen Puff|p2b: Sinistcha\n|-damage|p2b: Sinistcha|75\/100\n|\n|-damage|p1b: Amoonguss|37\/100 brn|[from] brn\n|upkeep\n|turn|11\n|c|\u2606regirock16|yessss\n|\n|t:|1700408552\n|-curestatus|p2a: Cresselia|slp|[msg]\n|move|p2a: Cresselia|Dazzling Gleam|p1b: Amoonguss\n|-resisted|p1b: Amoonguss\n|-damage|p1b: Amoonguss|26\/100 brn\n|move|p2b: Sinistcha|Matcha Gotcha|p1b: Amoonguss\n|-resisted|p1b: Amoonguss\n|-damage|p1b: Amoonguss|19\/100 brn\n|-heal|p2b: Sinistcha|80\/100|[from] drain|[of] p1b: Amoonguss\n|move|p1b: Amoonguss|Pollen Puff|p2b: Sinistcha\n|-damage|p2b: Sinistcha|65\/100\n|\n|-damage|p1b: Amoonguss|13\/100 brn|[from] brn\n|upkeep\n|turn|12\n|c|\u2606regirock16|ggs\n|\n|t:|1700408567\n|move|p1b: Amoonguss|Rage Powder|p1b: Amoonguss\n|-singleturn|p1b: Amoonguss|move: Rage Powder\n|move|p2a: Cresselia|Dazzling Gleam|p1b: Amoonguss\n|-resisted|p1b: Amoonguss\n|-damage|p1b: Amoonguss|2\/100 brn\n|move|p2b: Sinistcha|Strength Sap|p1b: Amoonguss\n|-unboost|p1b: Amoonguss|atk|1\n|-heal|p2b: Sinistcha|100\/100\n|\n|-damage|p1b: Amoonguss|0 fnt|[from] brn\n|faint|p1b: Amoonguss\n|\n|win|regirock16\n|upkeep\n|raw|whyismynamejeff's rating: 1114 &rarr; <strong>1088<\/strong><br \/>(-26 for losing)\n|raw|regirock16's rating: 1104 &rarr; <strong>1130<\/strong><br \/>(+26 for winning)\n|c|\u2606whyismynamejeff|ggs\n","uploadtime":1700408583,"views":11,"p1id":"whyismynamejeff","p2id":"regirock16","formatid":"gen9vgc2023regulatione","rating":1088,"private":0,"password":""}