{"id":"gen9vgc2023regulatione-1992426350","p1":"Tempest brute","p2":"Fairynanbawan","format":"[Gen 9] VGC 2023 Regulation E","log":"|j|\u2606Tempest brute\n|j|\u2606Fairynanbawan\n|t:|1700186177\n|gametype|doubles\n|player|p1|Tempest brute|veteran|1610\n|player|p2|Fairynanbawan|265|1632\n|teamsize|p1|6\n|teamsize|p2|6\n|gen|9\n|tier|[Gen 9] VGC 2023 Regulation E\n|rated|\n|rule|Species Clause: Limit one of each Pok\u00e9mon\n|rule|Item Clause: Limit one of each item\n|clearpoke\n|poke|p1|Iron Valiant, L50|\n|poke|p1|Ting-Lu, L50|\n|poke|p1|Ogerpon-Hearthflame, L50, F|\n|poke|p1|Rotom-Wash, L50|\n|poke|p1|Gholdengo, L50|\n|poke|p1|Dragonite, L50, F|\n|poke|p2|Ninetales-Alola, L50, F|\n|poke|p2|Iron Bundle, L50|\n|poke|p2|Armarouge, L50, M|\n|poke|p2|Indeedee-F, L50, F|\n|poke|p2|Sneasler, L50, M|\n|poke|p2|Mamoswine, L50, M|\n|teampreview|4\n|j| thomas shelby 1\n|c| thomas shelby 1|nice team Fairynanbawan\n|\n|t:|1700186238\n|start\n|switch|p1a: Gholdengo|Gholdengo, L50|100\/100\n|switch|p1b: Ogerpon|Ogerpon-Hearthflame, L50, F|100\/100\n|switch|p2a: Grinch|Armarouge, L50, M|100\/100\n|switch|p2b: Santa Claus|Iron Bundle, L50|100\/100\n|-ability|p1b: Ogerpon|Mold Breaker\n|-enditem|p2b: Santa Claus|Booster Energy\n|-activate|p2b: Santa Claus|ability: Quark Drive|[fromitem]\n|-start|p2b: Santa Claus|quarkdrivespe\n|turn|1\n|\n|t:|1700186251\n|switch|p1b: Klefki Lu|Ting-Lu, L50|100\/100\n|-ability|p1b: Klefki Lu|Vessel of Ruin\n|-terastallize|p2a: Grinch|Psychic\n|move|p2b: Santa Claus|U-turn|p2a: Grinch\n|-supereffective|p2a: Grinch\n|-damage|p2a: Grinch|77\/100\n|-ability|p2a: Grinch|Weak Armor|boost\n|-unboost|p2a: Grinch|def|1\n|-boost|p2a: Grinch|spe|2\n|-enditem|p2a: Grinch|Weakness Policy\n|-boost|p2a: Grinch|atk|2|[from] item: Weakness Policy\n|-boost|p2a: Grinch|spa|2|[from] item: Weakness Policy\n|\n|t:|1700186253\n|-end|p2b: Santa Claus|Quark Drive|[silent]\n|switch|p2b: Cindy Lou|Indeedee-F, L50, F|100\/100|[from] U-turn\n|-fieldstart|move: Psychic Terrain|[from] ability: Psychic Surge|[of] p2b: Cindy Lou\n|move|p2a: Grinch|Expanding Force|p1a: Gholdengo|[spread] p1a\n|-immune|p1b: Klefki Lu\n|-resisted|p1a: Gholdengo\n|-damage|p1a: Gholdengo|52\/100\n|move|p1a: Gholdengo|Shadow Ball|p2a: Grinch\n|-supereffective|p2a: Grinch\n|-damage|p2a: Grinch|10\/100\n|\n|upkeep\n|turn|2\n|\n|t:|1700186308\n|move|p1a: Gholdengo|Protect|p1a: Gholdengo\n|-singleturn|p1a: Gholdengo|Protect\n|move|p2b: Cindy Lou|Follow Me|p2b: Cindy Lou\n|-singleturn|p2b: Cindy Lou|move: Follow Me\n|move|p2a: Grinch|Expanding Force|p1a: Gholdengo|[spread] \n|-activate|p1a: Gholdengo|move: Protect\n|-immune|p1b: Klefki Lu\n|move|p1b: Klefki Lu|Whirlwind|p2b: Cindy Lou\n|drag|p2b: Santa Claus|Iron Bundle, L50|100\/100\n|\n|upkeep\n|turn|3\n|\n|t:|1700186329\n|move|p2a: Grinch|Armor Cannon|p1b: Klefki Lu\n|-damage|p1b: Klefki Lu|36\/100\n|-unboost|p2a: Grinch|def|1\n|-unboost|p2a: Grinch|spd|1\n|move|p2b: Santa Claus|Freeze-Dry|p1b: Klefki Lu\n|-supereffective|p1b: Klefki Lu\n|-damage|p1b: Klefki Lu|0 fnt\n|faint|p1b: Klefki Lu\n|move|p1a: Gholdengo|Recover|p1a: Gholdengo\n|-heal|p1a: Gholdengo|100\/100\n|\n|upkeep\n|\n|t:|1700186338\n|switch|p1b: Ogerpon|Ogerpon-Hearthflame, L50, F|100\/100\n|-ability|p1b: Ogerpon|Mold Breaker\n|turn|4\n|\n|t:|1700186348\n|move|p1b: Ogerpon|Spiky Shield|p1b: Ogerpon\n|-singleturn|p1b: Ogerpon|move: Protect\n|move|p2a: Grinch|Expanding Force|p1b: Ogerpon|[spread] p1a\n|-activate|p1b: Ogerpon|move: Protect\n|-resisted|p1a: Gholdengo\n|-damage|p1a: Gholdengo|31\/100\n|move|p2b: Santa Claus|Hydro Pump|p1a: Gholdengo|[miss]\n|-miss|p2b: Santa Claus|p1a: Gholdengo\n|move|p1a: Gholdengo|Make It Rain|p2b: Santa Claus|[spread] p2a,p2b\n|-damage|p2a: Grinch|0 fnt\n|-damage|p2b: Santa Claus|16\/100\n|-unboost|p1a: Gholdengo|spa|1\n|faint|p2a: Grinch\n|\n|upkeep\n|\n|t:|1700186354\n|switch|p2a: Rudolph|Mamoswine, L50, M|100\/100\n|turn|5\n|\n|t:|1700186374\n|move|p2b: Santa Claus|Hydro Pump|p1a: Gholdengo\n|-damage|p1a: Gholdengo|0 fnt\n|faint|p1a: Gholdengo\n|move|p1b: Ogerpon|Horn Leech|p2a: Rudolph\n|-supereffective|p2a: Rudolph\n|-damage|p2a: Rudolph|23\/100\n|move|p2a: Rudolph|High Horsepower|p1b: Ogerpon\n|-damage|p1b: Ogerpon|43\/100\n|\n|-fieldend|move: Psychic Terrain\n|upkeep\n|\n|t:|1700186382\n|switch|p1a: Mimi \"Incen\" Rotom|Rotom-Wash, L50|100\/100\n|turn|6\n|\n|t:|1700186395\n|switch|p2a: Cindy Lou|Indeedee-F, L50, F|100\/100\n|-fieldstart|move: Psychic Terrain|[from] ability: Psychic Surge|[of] p2a: Cindy Lou\n|move|p2b: Santa Claus|Protect|p2b: Santa Claus\n|-singleturn|p2b: Santa Claus|Protect\n|move|p1b: Ogerpon|Horn Leech|p2a: Cindy Lou\n|-damage|p2a: Cindy Lou|65\/100\n|-heal|p1b: Ogerpon|60\/100|[from] drain|[of] p2a: Cindy Lou\n|-damage|p1b: Ogerpon|44\/100|[from] item: Rocky Helmet|[of] p2a: Cindy Lou\n|move|p1a: Mimi \"Incen\" Rotom|Thunderbolt|p2b: Santa Claus\n|-activate|p2b: Santa Claus|move: Protect\n|\n|upkeep\n|turn|7\n|\n|t:|1700186407\n|move|p2a: Cindy Lou|Follow Me|p2a: Cindy Lou\n|-singleturn|p2a: Cindy Lou|move: Follow Me\n|move|p2b: Santa Claus|Freeze-Dry|p1a: Mimi \"Incen\" Rotom\n|-supereffective|p1a: Mimi \"Incen\" Rotom\n|-damage|p1a: Mimi \"Incen\" Rotom|30\/100\n|-enditem|p1a: Mimi \"Incen\" Rotom|Sitrus Berry|[eat]\n|-heal|p1a: Mimi \"Incen\" Rotom|55\/100|[from] item: Sitrus Berry\n|move|p1b: Ogerpon|Horn Leech|p2a: Cindy Lou\n|-damage|p2a: Cindy Lou|32\/100\n|-heal|p1b: Ogerpon|60\/100|[from] drain|[of] p2a: Cindy Lou\n|-damage|p1b: Ogerpon|44\/100|[from] item: Rocky Helmet|[of] p2a: Cindy Lou\n|move|p1a: Mimi \"Incen\" Rotom|Hydro Pump|p2a: Cindy Lou|[miss]\n|-miss|p1a: Mimi \"Incen\" Rotom|p2a: Cindy Lou\n|\n|upkeep\n|turn|8\n|\n|t:|1700186427\n|move|p1a: Mimi \"Incen\" Rotom|Protect|p1a: Mimi \"Incen\" Rotom\n|-singleturn|p1a: Mimi \"Incen\" Rotom|Protect\n|move|p2a: Cindy Lou|Follow Me|p2a: Cindy Lou\n|-singleturn|p2a: Cindy Lou|move: Follow Me\n|move|p2b: Santa Claus|Freeze-Dry|p1b: Ogerpon\n|-damage|p1b: Ogerpon|18\/100\n|move|p1b: Ogerpon|Horn Leech|p2a: Cindy Lou\n|-damage|p2a: Cindy Lou|0 fnt\n|-heal|p1b: Ogerpon|33\/100|[from] drain|[of] p2a: Cindy Lou\n|-damage|p1b: Ogerpon|17\/100|[from] item: Rocky Helmet|[of] p2a: Cindy Lou\n|faint|p2a: Cindy Lou\n|\n|upkeep\n|\n|t:|1700186429\n|switch|p2a: Rudolph|Mamoswine, L50, M|23\/100\n|turn|9\n|\n|t:|1700186440\n|move|p2b: Santa Claus|Freeze-Dry|p1a: Mimi \"Incen\" Rotom\n|-supereffective|p1a: Mimi \"Incen\" Rotom\n|-damage|p1a: Mimi \"Incen\" Rotom|0 fnt\n|faint|p1a: Mimi \"Incen\" Rotom\n|move|p1b: Ogerpon|Horn Leech|p2a: Rudolph\n|-supereffective|p2a: Rudolph\n|-damage|p2a: Rudolph|0 fnt\n|-heal|p1b: Ogerpon|30\/100|[from] drain|[of] p2a: Rudolph\n|faint|p2a: Rudolph\n|\n|upkeep\n|turn|10\n|\n|t:|1700186450\n|move|p1b: Ogerpon|Spiky Shield|p1b: Ogerpon\n|-singleturn|p1b: Ogerpon|move: Protect\n|move|p2b: Santa Claus|Hydro Pump|p1b: Ogerpon\n|-activate|p1b: Ogerpon|move: Protect\n|\n|-fieldend|move: Psychic Terrain\n|upkeep\n|turn|11\n|\n|t:|1700186456\n|move|p2b: Santa Claus|Hydro Pump|p1b: Ogerpon\n|-damage|p1b: Ogerpon|0 fnt\n|faint|p1b: Ogerpon\n|\n|win|Fairynanbawan\n|raw|Tempest brute's rating: 1590 &rarr; <strong>1572<\/strong><br \/>(-18 for losing)\n|raw|Fairynanbawan's rating: 1632 &rarr; <strong>1650<\/strong><br \/>(+18 for winning)\n|l|\u2606Tempest brute\n|l| thomas shelby 1\n","uploadtime":1700186476,"views":27,"p1id":"tempestbrute","p2id":"fairynanbawan","formatid":"gen9vgc2023regulatione","rating":1572,"private":0,"password":""}