{"id":"gen9vgc2023regulatione-1991145925","p1":"kojiminori1","p2":"Smoggy__","format":"[Gen 9] VGC 2023 Regulation E","log":"|j|\u2606kojiminori1\n|j|\u2606Smoggy__\n|t:|1700049851\n|gametype|doubles\n|player|p1|kojiminori1|266|1506\n|player|p2|Smoggy__|1|1599\n|teamsize|p1|6\n|teamsize|p2|6\n|gen|9\n|tier|[Gen 9] VGC 2023 Regulation E\n|rated|\n|rule|Species Clause: Limit one of each Pok\u00e9mon\n|rule|Item Clause: Limit one of each item\n|clearpoke\n|poke|p1|Iron Bundle, L50|\n|poke|p1|Regieleki, L50|\n|poke|p1|Urshifu-*, L50, F|\n|poke|p1|Ogerpon-Hearthflame, L50, F|\n|poke|p1|Rillaboom, L50, M|\n|poke|p1|Landorus, L50, M|\n|poke|p2|Tornadus, L50, M|\n|poke|p2|Regidrago, L50|\n|poke|p2|Urshifu-*, L50, F|\n|poke|p2|Farigiraf, L50, M|\n|poke|p2|Flutter Mane, L50|\n|poke|p2|Arcanine-Hisui, L50, F|\n|teampreview|4\n|inactive|Battle timer is ON: inactive players will automatically lose when time's up. (requested by kojiminori1)\nSmoggy__ has agreed to open team sheets.\n|inactive|Smoggy__ has 60 seconds left.\n|\n|t:|1700049883\n|start\n|switch|p1a: Iron Bundle|Iron Bundle, L50|100\/100\n|switch|p1b: Ogerpon|Ogerpon-Hearthflame, L50, F|100\/100\n|switch|p2a: Tornadus|Tornadus, L50, M|100\/100\n|switch|p2b: Flutter Mane|Flutter Mane, L50|100\/100\n|-ability|p1b: Ogerpon|Mold Breaker\n|-enditem|p1a: Iron Bundle|Booster Energy\n|-activate|p1a: Iron Bundle|ability: Quark Drive|[fromitem]\n|-start|p1a: Iron Bundle|quarkdrivespe\n|-enditem|p2b: Flutter Mane|Booster Energy\n|-activate|p2b: Flutter Mane|ability: Protosynthesis|[fromitem]\n|-start|p2b: Flutter Mane|protosynthesisspa\n|turn|1\n|inactive|kojiminori1 has 30 seconds left.\n|\n|t:|1700049912\n|-terastallize|p2b: Flutter Mane|Water\n|-terastallize|p1b: Ogerpon|Fire\n|detailschange|p1b: Ogerpon|Ogerpon-Hearthflame-Tera, L50, F, tera:Fire\n|-ability|p1b: Ogerpon|Embody Aspect (Hearthflame)|boost\n|-boost|p1b: Ogerpon|atk|1\n|move|p2a: Tornadus|Tailwind|p2a: Tornadus\n|-sidestart|p2: Smoggy__|move: Tailwind\n|move|p2b: Flutter Mane|Moonblast|p1a: Iron Bundle\n|-crit|p1a: Iron Bundle\n|-damage|p1a: Iron Bundle|0 fnt\n|faint|p1a: Iron Bundle\n|-end|p1a: Iron Bundle|Quark Drive|[silent]\n|move|p1b: Ogerpon|Ivy Cudgel|p2b: Flutter Mane|[anim] Ivy Cudgel Fire\n|-resisted|p2b: Flutter Mane\n|-damage|p2b: Flutter Mane|0 fnt\n|faint|p2b: Flutter Mane\n|-end|p2b: Flutter Mane|Protosynthesis|[silent]\n|\n|upkeep\n|\n|t:|1700049930\n|switch|p1a: Rillaboom|Rillaboom, L50, M|100\/100\n|switch|p2b: Regidrago|Regidrago, L50|100\/100\n|-fieldstart|move: Grassy Terrain|[from] ability: Grassy Surge|[of] p1a: Rillaboom\n|turn|2\n|\n|t:|1700049939\n|move|p2a: Tornadus|Protect|p2a: Tornadus\n|-singleturn|p2a: Tornadus|Protect\n|move|p2b: Regidrago|Protect|p2b: Regidrago\n|-singleturn|p2b: Regidrago|Protect\n|move|p1a: Rillaboom|Fake Out|p2b: Regidrago\n|-activate|p2b: Regidrago|move: Protect\n|move|p1b: Ogerpon|Ivy Cudgel|p2a: Tornadus|[anim] Ivy Cudgel Fire\n|-activate|p2a: Tornadus|move: Protect\n|\n|upkeep\n|turn|3\n|\n|t:|1700049956\n|move|p1b: Ogerpon|Grassy Glide|p2b: Regidrago\n|-resisted|p2b: Regidrago\n|-damage|p2b: Regidrago|62\/100\n|move|p1a: Rillaboom|Grassy Glide|p2b: Regidrago\n|-resisted|p2b: Regidrago\n|-damage|p2b: Regidrago|40\/100\n|move|p2a: Tornadus|Bleakwind Storm|p1b: Ogerpon|[spread] p1a,p1b\n|-supereffective|p1a: Rillaboom\n|-damage|p1a: Rillaboom|35\/100\n|-damage|p1b: Ogerpon|58\/100\n|-unboost|p1a: Rillaboom|spe|1\n|move|p2b: Regidrago|Dragon Energy|p1a: Rillaboom|[spread] p1a,p1b\n|-damage|p1a: Rillaboom|6\/100\n|-damage|p1b: Ogerpon|11\/100\n|\n|-heal|p2b: Regidrago|46\/100|[from] Grassy Terrain\n|-heal|p1b: Ogerpon|17\/100|[from] Grassy Terrain\n|-heal|p1a: Rillaboom|12\/100|[from] Grassy Terrain\n|upkeep\n|turn|4\n|j| stridesvgc\n|inactive|kojiminori1 has 30 seconds left.\n|inactive|Smoggy__ has 30 seconds left.\n|inactive|kojiminori1 has 20 seconds left.\n|inactive|Smoggy__ has 20 seconds left.\n|inactive|kojiminori1 has 15 seconds left.\n|inactive|kojiminori1 has 10 seconds left.\n|\n|t:|1700050001\n|move|p1b: Ogerpon|Spiky Shield|p1b: Ogerpon\n|-singleturn|p1b: Ogerpon|move: Protect\n|move|p1a: Rillaboom|Grassy Glide|p2b: Regidrago\n|-resisted|p2b: Regidrago\n|-damage|p2b: Regidrago|24\/100\n|move|p2a: Tornadus|Bleakwind Storm|p1b: Ogerpon|[spread] p1a\n|-activate|p1b: Ogerpon|move: Protect\n|-supereffective|p1a: Rillaboom\n|-damage|p1a: Rillaboom|0 fnt\n|faint|p1a: Rillaboom\n|move|p2b: Regidrago|Earth Power|p1b: Ogerpon\n|-activate|p1b: Ogerpon|move: Protect\n|\n|-heal|p2b: Regidrago|31\/100|[from] Grassy Terrain\n|-heal|p1b: Ogerpon|23\/100|[from] Grassy Terrain\n|-sideend|p2: Smoggy__|move: Tailwind\n|upkeep\n|\n|t:|1700050018\n|switch|p1a: Urshifu|Urshifu, L50, F|100\/100\n|turn|5\n|\n|t:|1700050039\n|move|p2a: Tornadus|Tailwind|p2a: Tornadus\n|-sidestart|p2: Smoggy__|move: Tailwind\n|move|p1a: Urshifu|Sucker Punch|p2b: Regidrago\n|-damage|p2b: Regidrago|0 fnt\n|faint|p2b: Regidrago\n|move|p1b: Ogerpon|Ivy Cudgel|p2a: Tornadus|[anim] Ivy Cudgel Fire\n|-enditem|p2a: Tornadus|Focus Sash\n|-damage|p2a: Tornadus|1\/100\n|\n|-heal|p1b: Ogerpon|29\/100|[from] Grassy Terrain\n|upkeep\n|j| bomberROAR\n|\n|t:|1700050045\n|switch|p2b: Arcanine|Arcanine-Hisui, L50, F|100\/100\n|-ability|p2b: Arcanine|Intimidate|boost\n|-unboost|p1a: Urshifu|atk|1\n|-unboost|p1b: Ogerpon|atk|1\n|turn|6\n|inactive|kojiminori1 has 30 seconds left.\n|inactive|kojiminori1 has 20 seconds left.\n|inactive|kojiminori1 has 15 seconds left.\n|\n|t:|1700050087\n|move|p1b: Ogerpon|Spiky Shield|p1b: Ogerpon\n|-singleturn|p1b: Ogerpon|move: Protect\n|move|p2b: Arcanine|Extreme Speed|p1b: Ogerpon\n|-activate|p1b: Ogerpon|move: Protect\n|-damage|p2b: Arcanine|88\/100|[from] Spiky Shield|[of] p1b: Ogerpon\n|move|p2a: Tornadus|Bleakwind Storm|p1b: Ogerpon|[spread] p1a\n|-activate|p1b: Ogerpon|move: Protect\n|-supereffective|p1a: Urshifu\n|-enditem|p1a: Urshifu|Focus Sash\n|-damage|p1a: Urshifu|1\/100\n|-unboost|p1a: Urshifu|spe|1\n|move|p1a: Urshifu|Wicked Blow|p2b: Arcanine\n|-crit|p2b: Arcanine\n|-damage|p2b: Arcanine|7\/100\n|\n|-heal|p2b: Arcanine|14\/100|[from] Grassy Terrain\n|-heal|p1b: Ogerpon|35\/100|[from] Grassy Terrain\n|-heal|p1a: Urshifu|7\/100|[from] Grassy Terrain\n|-fieldend|move: Grassy Terrain\n|upkeep\n|turn|7\n|inactive|kojiminori1 has 30 seconds left.\n|inactive|Smoggy__ has 30 seconds left.\n|\n|t:|1700050118\n|move|p2b: Arcanine|Extreme Speed|p1a: Urshifu\n|-damage|p1a: Urshifu|0 fnt\n|faint|p1a: Urshifu\n|move|p2a: Tornadus|Bleakwind Storm|p1b: Ogerpon\n|-damage|p1b: Ogerpon|0 fnt\n|faint|p1b: Ogerpon\n|\n|win|Smoggy__\n|raw|kojiminori1's rating: 1506 &rarr; <strong>1491<\/strong><br \/>(-15 for losing)\n|raw|Smoggy__'s rating: 1599 &rarr; <strong>1614<\/strong><br \/>(+15 for winning)\n|l|\u2606kojiminori1\n","uploadtime":1700050129,"views":9,"p1id":"kojiminori1","p2id":"smoggy","formatid":"gen9vgc2023regulatione","rating":1491,"private":0,"password":""}