{"id":"gen9vgc2023regulatione-1988443096","p1":"varanoluano","p2":"sobablue","format":"[Gen 9] VGC 2023 Regulation E","log":"|j|\u2606varanoluano\n|j|\u2606sobablue\n|t:|1699723467\n|gametype|doubles\n|player|p1|varanoluano|clown|1115\n|player|p2|sobablue|lady-gen4|1086\n|teamsize|p1|6\n|teamsize|p2|6\n|gen|9\n|tier|[Gen 9] VGC 2023 Regulation E\n|rated|\n|rule|Species Clause: Limit one of each Pok\u00e9mon\n|rule|Item Clause: Limit one of each item\n|clearpoke\n|poke|p1|Baxcalibur, L50, M|\n|poke|p1|Heatran, L50, F|\n|poke|p1|Enamorus-Therian, L50, F|\n|poke|p1|Roaring Moon, L50|\n|poke|p1|Torkoal, L50, F|\n|poke|p1|Grafaiai, L50, M|\n|poke|p2|Arcanine-Hisui, L50, F|\n|poke|p2|Gholdengo, L50|\n|poke|p2|Rillaboom, L50, M|\n|poke|p2|Urshifu-*, L50, F|\n|poke|p2|Tornadus, L50, M|\n|poke|p2|Chien-Pao, L50|\n|teampreview|4\n|j| SlimeSenshiGalaxy\n|\n|t:|1699723519\n|start\n|switch|p1a: Torkoal|Torkoal, L50, F|100\/100\n|switch|p1b: Roaring Moon|Roaring Moon, L50|100\/100\n|switch|p2a: Arcanine|Arcanine-Hisui, L50, F, shiny|100\/100\n|switch|p2b: Chien-Pao|Chien-Pao, L50|100\/100\n|-ability|p2b: Chien-Pao|Sword of Ruin\n|-ability|p2a: Arcanine|Intimidate|boost\n|-unboost|p1a: Torkoal|atk|1\n|-unboost|p1b: Roaring Moon|atk|1\n|-weather|SunnyDay|[from] ability: Drought|[of] p1a: Torkoal\n|-activate|p1b: Roaring Moon|ability: Protosynthesis\n|-start|p1b: Roaring Moon|protosynthesisspe\n|turn|1\n|inactive|Battle timer is ON: inactive players will automatically lose when time's up. (requested by varanoluano)\n|l| SlimeSenshiGalaxy\n|inactive|sobablue has 60 seconds left.\n|\n|t:|1699723568\n|move|p1b: Roaring Moon|Protect|p1b: Roaring Moon\n|-singleturn|p1b: Roaring Moon|Protect\n|move|p2b: Chien-Pao|Icicle Crash|p1b: Roaring Moon\n|-activate|p1b: Roaring Moon|move: Protect\n|move|p2a: Arcanine|Head Smash|p1a: Torkoal\n|-supereffective|p1a: Torkoal\n|-damage|p1a: Torkoal|0 fnt\n|-damage|p2a: Arcanine|84\/100|[from] item: Rocky Helmet|[of] p1a: Torkoal\n|faint|p1a: Torkoal\n|-damage|p2a: Arcanine|32\/100|[from] Recoil\n|\n|-weather|SunnyDay|[upkeep]\n|upkeep\n|j| SlimeSenshiGalaxy\n|inactive|varanoluano has 30 seconds left.\n|inactive|varanoluano has 20 seconds left.\n|inactive|varanoluano has 15 seconds left.\n|inactive|varanoluano has 10 seconds left.\n|inactive|varanoluano has 5 seconds left.\n|\n|t:|1699723619\n|switch|p1a: Baxcalibur|Baxcalibur, L50, M|100\/100\n|turn|2\n|inactive|sobablue has 30 seconds left.\n|inactive|varanoluano has 30 seconds left.\n|inactive|sobablue has 20 seconds left.\n|\n|t:|1699723654\n|switch|p2a: Rillaboom|Rillaboom, L50, M|100\/100\n|-fieldstart|move: Grassy Terrain|[from] ability: Grassy Surge|[of] p2a: Rillaboom\n|-terastallize|p1a: Baxcalibur|Water\n|move|p1b: Roaring Moon|Knock Off|p2a: Rillaboom\n|-damage|p2a: Rillaboom|35\/100\n|-enditem|p2a: Rillaboom|Assault Vest|[from] move: Knock Off|[of] p1b: Roaring Moon\n|-damage|p1b: Roaring Moon|90\/100|[from] item: Life Orb\n|move|p2b: Chien-Pao|Sacred Sword|p1a: Baxcalibur\n|-damage|p1a: Baxcalibur|66\/100\n|move|p1a: Baxcalibur|Breaking Swipe|p2b: Chien-Pao|[spread] p2a,p2b\n|-crit|p2a: Rillaboom\n|-damage|p2a: Rillaboom|0 fnt\n|-damage|p2b: Chien-Pao|70\/100\n|-unboost|p2b: Chien-Pao|atk|1\n|faint|p2a: Rillaboom\n|\n|-weather|SunnyDay|[upkeep]\n|-heal|p1b: Roaring Moon|97\/100|[from] Grassy Terrain\n|-heal|p2b: Chien-Pao|75\/100|[from] Grassy Terrain\n|-heal|p1a: Baxcalibur|72\/100|[from] Grassy Terrain\n|upkeep\n|l| SlimeSenshiGalaxy\n|\n|t:|1699723678\n|switch|p2a: Arcanine|Arcanine-Hisui, L50, F, shiny|32\/100\n|-ability|p2a: Arcanine|Intimidate|boost\n|-unboost|p1a: Baxcalibur|atk|1\n|-unboost|p1b: Roaring Moon|atk|1\n|turn|3\n|\n|t:|1699723701\n|-terastallize|p2a: Arcanine|Normal\n|move|p1b: Roaring Moon|Protect|p1b: Roaring Moon\n|-singleturn|p1b: Roaring Moon|Protect\n|move|p2a: Arcanine|Extreme Speed|p1a: Baxcalibur\n|-damage|p1a: Baxcalibur|4\/100\n|move|p2b: Chien-Pao|Sucker Punch|p1a: Baxcalibur\n|-damage|p1a: Baxcalibur|0 fnt\n|faint|p1a: Baxcalibur\n|\n|-weather|SunnyDay|[upkeep]\n|-heal|p1b: Roaring Moon|100\/100|[from] Grassy Terrain\n|-heal|p2b: Chien-Pao|81\/100|[from] Grassy Terrain\n|-heal|p2a: Arcanine|38\/100|[from] Grassy Terrain\n|upkeep\n|\n|t:|1699723718\n|switch|p1a: Enamorus|Enamorus-Therian, L50, F|100\/100\n|turn|4\n|\n|t:|1699723737\n|switch|p2a: Urshifu|Urshifu-Rapid-Strike, L50, F|100\/100\n|move|p2b: Chien-Pao|Protect|p2b: Chien-Pao\n|-singleturn|p2b: Chien-Pao|Protect\n|move|p1a: Enamorus|Protect|p1a: Enamorus\n|-singleturn|p1a: Enamorus|Protect\n|move|p1b: Roaring Moon|Acrobatics|p2a: Urshifu\n|-supereffective|p2a: Urshifu\n|-damage|p2a: Urshifu|63\/100\n|-damage|p1b: Roaring Moon|90\/100|[from] item: Life Orb\n|\n|-weather|SunnyDay|[upkeep]\n|-heal|p1b: Roaring Moon|97\/100|[from] Grassy Terrain\n|-heal|p2a: Urshifu|69\/100|[from] Grassy Terrain\n|-heal|p2b: Chien-Pao|87\/100|[from] Grassy Terrain\n|upkeep\n|turn|5\n|inactive|sobablue has 30 seconds left.\n|\n|t:|1699723768\n|move|p1b: Roaring Moon|Scale Shot|p2b: Chien-Pao|[miss]\n|-miss|p1b: Roaring Moon|p2b: Chien-Pao\n|move|p2a: Urshifu|Ice Spinner|p1a: Enamorus\n|-supereffective|p1a: Enamorus\n|-damage|p1a: Enamorus|33\/100\n|-fieldend|move: Grassy Terrain\n|-enditem|p1a: Enamorus|Red Card|[of] p2a: Urshifu\n|drag|p2a: Arcanine|Arcanine-Hisui, L50, F, shiny, tera:Normal|38\/100\n|-ability|p2a: Arcanine|Intimidate|boost\n|-unboost|p1a: Enamorus|atk|1\n|-unboost|p1b: Roaring Moon|atk|1\n|move|p2b: Chien-Pao|Icicle Crash|p1a: Enamorus\n|-supereffective|p1a: Enamorus\n|-damage|p1a: Enamorus|0 fnt\n|faint|p1a: Enamorus\n|\n|-weather|none\n|-end|p1b: Roaring Moon|Protosynthesis\n|upkeep\n|turn|6\n|-message|varanoluano forfeited.\n|\n|win|sobablue\n|raw|varanoluano's rating: 1115 &rarr; <strong>1088<\/strong><br \/>(-27 for losing)\n|raw|sobablue's rating: 1086 &rarr; <strong>1115<\/strong><br \/>(+29 for winning)\n|l|\u2606varanoluano\n","uploadtime":1699723793,"views":58,"p1id":"varanoluano","p2id":"sobablue","formatid":"gen9vgc2023regulatione","rating":1088,"private":0,"password":""}