{"id":"gen9vgc2023regulatione-1994425804","p1":"MCsquidzy","p2":"Frontier Brain Z","format":"[Gen 9] VGC 2023 Regulation E","log":"|j|\u2606MCsquidzy\n|j|\u2606Frontier Brain Z\n|t:|1700442554\n|gametype|doubles\n|player|p1|MCsquidzy|wattson|1456\n|player|p2|Frontier Brain Z|shadowtriad|1346\n|teamsize|p1|6\n|teamsize|p2|6\n|gen|9\n|tier|[Gen 9] VGC 2023 Regulation E\n|rated|\n|rule|Species Clause: Limit one of each Pok\u00e9mon\n|rule|Item Clause: Limit one of each item\n|clearpoke\n|poke|p1|Tyranitar, L50, F|\n|poke|p1|Arcanine-Hisui, L50, F|\n|poke|p1|Kommo-o, L50, M|\n|poke|p1|Rillaboom, L50, F|\n|poke|p1|Flutter Mane, L50|\n|poke|p1|Tornadus, L50, M|\n|poke|p2|Sinistcha-Masterpiece, L50|\n|poke|p2|Ogerpon-Wellspring, L50, F|\n|poke|p2|Kingambit, L50, M|\n|poke|p2|Ceruledge, L50, M|\n|poke|p2|Thundurus, L50, M|\n|poke|p2|Mienshao, L50, M|\n|teampreview|4\n|inactive|Battle timer is ON: inactive players will automatically lose when time's up. (requested by MCsquidzy)\n|inactive|Frontier Brain Z has 60 seconds left.\n|\n|t:|1700442708\n|start\n|switch|p1a: Kommo-o|Kommo-o, L50, M, shiny|100\/100\n|switch|p1b: Rillaboom|Rillaboom, L50, F|100\/100\n|switch|p2a: Thundurus|Thundurus, L50, M|100\/100\n|switch|p2b: Ogerpon|Ogerpon-Wellspring, L50, F|100\/100\n|-fieldstart|move: Grassy Terrain|[from] ability: Grassy Surge|[of] p1b: Rillaboom\n|turn|1\n|inactive|Frontier Brain Z has 30 seconds left.\n|inactive|Frontier Brain Z has 20 seconds left.\n|\n|t:|1700442746\n|switch|p2a: Sinistcha|Sinistcha-Masterpiece, L50|100\/100\n|switch|p2b: Ceruledge|Ceruledge, L50, M, shiny|100\/100\n|move|p1b: Rillaboom|Fake Out|p2a: Sinistcha\n|-immune|p2a: Sinistcha\n|move|p1a: Kommo-o|Iron Defense|p1a: Kommo-o\n|-boost|p1a: Kommo-o|def|2\n|\n|upkeep\n|turn|2\n|inactive|Frontier Brain Z has 30 seconds left.\n|\n|t:|1700442779\n|-terastallize|p1b: Rillaboom|Fire\n|move|p2b: Ceruledge|Bulk Up|p2b: Ceruledge\n|-boost|p2b: Ceruledge|atk|1\n|-boost|p2b: Ceruledge|def|1\n|move|p1b: Rillaboom|High Horsepower|p2b: Ceruledge\n|-supereffective|p2b: Ceruledge\n|-damage|p2b: Ceruledge|40\/100\n|move|p1a: Kommo-o|Iron Head|p2a: Sinistcha\n|-damage|p2a: Sinistcha|79\/100\n|-damage|p1a: Kommo-o|84\/100|[from] item: Rocky Helmet|[of] p2a: Sinistcha\n|cant|p2a: Sinistcha|flinch\n|\n|-heal|p2b: Ceruledge|46\/100|[from] Grassy Terrain\n|-heal|p1a: Kommo-o|90\/100|[from] Grassy Terrain\n|-heal|p1a: Kommo-o|96\/100|[from] item: Leftovers\n|-heal|p2a: Sinistcha|85\/100|[from] Grassy Terrain\n|upkeep\n|turn|3\n|inactive|MCsquidzy has 30 seconds left.\n|inactive|Frontier Brain Z has 30 seconds left.\n|inactive|Frontier Brain Z has 20 seconds left.\n|inactive|Frontier Brain Z has 15 seconds left.\n|inactive|Frontier Brain Z has 10 seconds left.\n|\n|t:|1700442827\n|move|p2a: Sinistcha|Rage Powder|p2a: Sinistcha\n|-singleturn|p2a: Sinistcha|move: Rage Powder\n|move|p2b: Ceruledge|Poltergeist|p1b: Rillaboom|[miss]\n|-miss|p2b: Ceruledge|p1b: Rillaboom\n|move|p1b: Rillaboom|High Horsepower|p2a: Sinistcha\n|-resisted|p2a: Sinistcha\n|-damage|p2a: Sinistcha|68\/100\n|-damage|p1b: Rillaboom|84\/100|[from] item: Rocky Helmet|[of] p2a: Sinistcha\n|move|p1a: Kommo-o|Iron Head|p2a: Sinistcha\n|-damage|p2a: Sinistcha|48\/100\n|-damage|p1a: Kommo-o|80\/100|[from] item: Rocky Helmet|[of] p2a: Sinistcha\n|\n|-heal|p2b: Ceruledge|52\/100|[from] Grassy Terrain\n|-heal|p1b: Rillaboom|90\/100|[from] Grassy Terrain\n|-heal|p1a: Kommo-o|86\/100|[from] Grassy Terrain\n|-heal|p1a: Kommo-o|92\/100|[from] item: Leftovers\n|-heal|p2a: Sinistcha|54\/100|[from] Grassy Terrain\n|upkeep\n|turn|4\n|\n|t:|1700442848\n|switch|p1b: Tyranitar|Tyranitar, L50, F|100\/100\n|-weather|Sandstorm|[from] ability: Sand Stream|[of] p1b: Tyranitar\n|move|p2b: Ceruledge|Bitter Blade|p1a: Kommo-o\n|-resisted|p1a: Kommo-o\n|-damage|p1a: Kommo-o|80\/100\n|-heal|p2b: Ceruledge|58\/100|[from] drain|[of] p1a: Kommo-o\n|move|p1a: Kommo-o|Iron Head|p2a: Sinistcha\n|-damage|p2a: Sinistcha|34\/100\n|-damage|p1a: Kommo-o|64\/100|[from] item: Rocky Helmet|[of] p2a: Sinistcha\n|move|p2a: Sinistcha|Strength Sap|p1b: Tyranitar\n|-unboost|p1b: Tyranitar|atk|1\n|-heal|p2a: Sinistcha|100\/100\n|\n|-weather|Sandstorm|[upkeep]\n|-damage|p2b: Ceruledge|52\/100|[from] Sandstorm\n|-damage|p2a: Sinistcha|95\/100|[from] Sandstorm\n|-heal|p2b: Ceruledge|58\/100|[from] Grassy Terrain\n|-heal|p1a: Kommo-o|70\/100|[from] Grassy Terrain\n|-heal|p1a: Kommo-o|76\/100|[from] item: Leftovers\n|-heal|p2a: Sinistcha|100\/100|[from] Grassy Terrain\n|upkeep\n|turn|5\n|\n|t:|1700442866\n|switch|p2b: Ogerpon|Ogerpon-Wellspring, L50, F|100\/100\n|move|p1b: Tyranitar|Rock Slide|p2a: Sinistcha|[spread] p2a,p2b\n|-damage|p2a: Sinistcha|79\/100\n|-damage|p2b: Ogerpon|75\/100\n|move|p1a: Kommo-o|Iron Head|p2a: Sinistcha\n|-damage|p2a: Sinistcha|60\/100\n|-damage|p1a: Kommo-o|59\/100|[from] item: Rocky Helmet|[of] p2a: Sinistcha\n|move|p2a: Sinistcha|Matcha Gotcha|p1a: Kommo-o|[spread] p1a,p1b\n|-resisted|p1a: Kommo-o\n|-supereffective|p1b: Tyranitar\n|-damage|p1a: Kommo-o|42\/100\n|-heal|p2a: Sinistcha|69\/100|[from] drain|[of] p1a: Kommo-o\n|-damage|p1b: Tyranitar|58\/100\n|-heal|p2a: Sinistcha|91\/100|[from] drain|[of] p1b: Tyranitar\n|-status|p1a: Kommo-o|brn\n|\n|-weather|Sandstorm|[upkeep]\n|-damage|p2b: Ogerpon|69\/100|[from] Sandstorm\n|-damage|p2a: Sinistcha|85\/100|[from] Sandstorm\n|-heal|p2b: Ogerpon|75\/100|[from] Grassy Terrain\n|-heal|p1b: Tyranitar|65\/100|[from] Grassy Terrain\n|-heal|p1a: Kommo-o|48\/100 brn|[from] Grassy Terrain\n|-heal|p1a: Kommo-o|54\/100 brn|[from] item: Leftovers\n|-heal|p2a: Sinistcha|91\/100|[from] Grassy Terrain\n|-damage|p1a: Kommo-o|48\/100 brn|[from] brn\n|-fieldend|move: Grassy Terrain\n|upkeep\n|turn|6\n|inactive|Frontier Brain Z has 30 seconds left.\n|inactive|Frontier Brain Z has 20 seconds left.\n|inactive|Frontier Brain Z has 15 seconds left.\n|inactive|Frontier Brain Z has 10 seconds left.\n|\n|t:|1700442912\n|move|p2b: Ogerpon|Spiky Shield|p2b: Ogerpon\n|-singleturn|p2b: Ogerpon|move: Protect\n|move|p1b: Tyranitar|Knock Off|p2a: Sinistcha\n|-supereffective|p2a: Sinistcha\n|-damage|p2a: Sinistcha|20\/100\n|-damage|p1b: Tyranitar|48\/100|[from] item: Rocky Helmet|[of] p2a: Sinistcha\n|-enditem|p2a: Sinistcha|Rocky Helmet|[from] move: Knock Off|[of] p1b: Tyranitar\n|move|p1a: Kommo-o|Body Press|p2b: Ogerpon\n|-activate|p2b: Ogerpon|move: Protect\n|-damage|p1a: Kommo-o|36\/100 brn|[from] Spiky Shield|[of] p2b: Ogerpon\n|move|p2a: Sinistcha|Matcha Gotcha|p1b: Tyranitar|[spread] p1b\n|-miss|p2a: Sinistcha|p1a: Kommo-o\n|-supereffective|p1b: Tyranitar\n|-damage|p1b: Tyranitar|20\/100\n|-heal|p2a: Sinistcha|35\/100|[from] drain|[of] p1b: Tyranitar\n|\n|-weather|Sandstorm|[upkeep]\n|-damage|p2b: Ogerpon|69\/100|[from] Sandstorm\n|-damage|p2a: Sinistcha|29\/100|[from] Sandstorm\n|-heal|p1a: Kommo-o|42\/100 brn|[from] item: Leftovers\n|-damage|p1a: Kommo-o|36\/100 brn|[from] brn\n|upkeep\n|turn|7\n|inactive|MCsquidzy has 30 seconds left.\n|inactive|Frontier Brain Z has 30 seconds left.\n|inactive|MCsquidzy has 20 seconds left.\n|inactive|Frontier Brain Z has 20 seconds left.\n|inactive|MCsquidzy has 15 seconds left.\n|inactive|Frontier Brain Z has 15 seconds left.\n|inactive|MCsquidzy has 10 seconds left.\n|\n|t:|1700442961\n|switch|p2a: Thundurus|Thundurus, L50, M|100\/100\n|move|p2b: Ogerpon|Horn Leech|p1b: Tyranitar\n|-supereffective|p1b: Tyranitar\n|-damage|p1b: Tyranitar|0 fnt\n|-heal|p2b: Ogerpon|78\/100|[from] drain|[of] p1b: Tyranitar\n|faint|p1b: Tyranitar\n|move|p1a: Kommo-o|Iron Head|p2a: Thundurus\n|-resisted|p2a: Thundurus\n|-damage|p2a: Thundurus|95\/100\n|\n|-weather|Sandstorm|[upkeep]\n|-damage|p2a: Thundurus|89\/100|[from] Sandstorm\n|-damage|p2b: Ogerpon|72\/100|[from] Sandstorm\n|-heal|p1a: Kommo-o|42\/100 brn|[from] item: Leftovers\n|-damage|p1a: Kommo-o|36\/100 brn|[from] brn\n|upkeep\n|\n|t:|1700442971\n|switch|p1b: Flutter Mane|Flutter Mane, L50, shiny|100\/100\n|turn|8\n|\n|t:|1700442987\n|move|p2b: Ogerpon|Spiky Shield|p2b: Ogerpon\n|-singleturn|p2b: Ogerpon|move: Protect\n|move|p2a: Thundurus|Eerie Impulse|p1b: Flutter Mane\n|-unboost|p1b: Flutter Mane|spa|2\n|move|p1b: Flutter Mane|Moonblast|p2b: Ogerpon\n|-activate|p2b: Ogerpon|move: Protect\n|move|p1a: Kommo-o|Body Press|p2b: Ogerpon\n|-activate|p2b: Ogerpon|move: Protect\n|-damage|p1a: Kommo-o|24\/100 brn|[from] Spiky Shield|[of] p2b: Ogerpon\n|\n|-weather|none\n|-heal|p1a: Kommo-o|30\/100 brn|[from] item: Leftovers\n|-damage|p1a: Kommo-o|24\/100 brn|[from] brn\n|upkeep\n|turn|9\n|-message|MCsquidzy forfeited.\n|\n|win|Frontier Brain Z\n|raw|MCsquidzy's rating: 1456 &rarr; <strong>1430<\/strong><br \/>(-26 for losing)\n|raw|Frontier Brain Z's rating: 1346 &rarr; <strong>1372<\/strong><br \/>(+26 for winning)\n|l|\u2606MCsquidzy\n","uploadtime":1700443264,"views":4,"p1id":"mcsquidzy","p2id":"frontierbrainz","formatid":"gen9vgc2023regulatione","rating":1372,"private":0,"password":""}