{"id":"gen9vgc2023regulatione-1999879345","p1":"ChronusEna","p2":"Willipino","format":"[Gen 9] VGC 2023 Regulation E","log":"|j|\u2606ChronusEna\n|j|\u2606Willipino\n|t:|1701125635\n|gametype|doubles\n|player|p1|ChronusEna|benga|1124\n|player|p2|Willipino|1|1152\n|teamsize|p1|6\n|teamsize|p2|6\n|gen|9\n|tier|[Gen 9] VGC 2023 Regulation E\n|rated|\n|rule|Species Clause: Limit one of each Pok\u00e9mon\n|rule|Item Clause: Limit one of each item\n|clearpoke\n|poke|p1|Gengar, L50, M|\n|poke|p1|Armarouge, L50, M|\n|poke|p1|Brute Bonnet, L50|\n|poke|p1|Torkoal, L50, M|\n|poke|p1|Iron Hands, L50|\n|poke|p1|Indeedee-F, L50, F|\n|poke|p2|Flutter Mane, L50|\n|poke|p2|Gholdengo, L50|\n|poke|p2|Tornadus, L50, M|\n|poke|p2|Heatran, L50, M|\n|poke|p2|Urshifu-*, L50, M|\n|poke|p2|Farigiraf, L50, F|\n|teampreview|4\n|inactive|Battle timer is ON: inactive players will automatically lose when time's up. (requested by ChronusEna)\n|\n|t:|1701125652\n|start\n|switch|p1a: Torkoal|Torkoal, L50, M|100\/100\n|switch|p1b: Gengar|Gengar, L50, M|100\/100\n|switch|p2a: Urshifu|Urshifu, L50, M|100\/100\n|switch|p2b: Farigiraf|Farigiraf, L50, F|100\/100\n|-weather|SunnyDay|[from] ability: Drought|[of] p1a: Torkoal\n|turn|1\n|inactive|Willipino has 30 seconds left.\n|\n|t:|1701125686\n|move|p2b: Farigiraf|Helping Hand|p2a: Urshifu\n|-singleturn|p2a: Urshifu|Helping Hand|[of] p2b: Farigiraf\n|move|p1a: Torkoal|Protect|p1a: Torkoal\n|-singleturn|p1a: Torkoal|Protect\n|move|p2a: Urshifu|Close Combat|p1a: Torkoal\n|-crit|p1a: Torkoal\n|-damage|p1a: Torkoal|0 fnt\n|-unboost|p2a: Urshifu|def|1\n|-unboost|p2a: Urshifu|spd|1\n|faint|p1a: Torkoal\n|move|p1b: Gengar|Trick Room|p1b: Gengar\n|-fieldstart|move: Trick Room|[of] p1b: Gengar\n|\n|-weather|SunnyDay|[upkeep]\n|upkeep\n|inactive|ChronusEna has 30 seconds left.\n|inactive|ChronusEna has 20 seconds left.\n|inactive|ChronusEna has 15 seconds left.\n|\n|t:|1701125729\n|switch|p1a: Armarouge|Armarouge, L50, M|100\/100\n|turn|2\n|\n|t:|1701125748\n|switch|p2a: Flutter Mane|Flutter Mane, L50|100\/100\n|-activate|p2a: Flutter Mane|ability: Protosynthesis\n|-start|p2a: Flutter Mane|protosynthesisspa\n|-terastallize|p1a: Armarouge|Fire\n|move|p1a: Armarouge|Armor Cannon|p2a: Flutter Mane\n|-crit|p2a: Flutter Mane\n|-enditem|p2a: Flutter Mane|Focus Sash\n|-damage|p2a: Flutter Mane|1\/100\n|-unboost|p1a: Armarouge|def|1\n|-unboost|p1a: Armarouge|spd|1\n|move|p2b: Farigiraf|Imprison|p2b: Farigiraf\n|-start|p2b: Farigiraf|move: Imprison\n|move|p1b: Gengar|Sludge Bomb|p2b: Farigiraf\n|-damage|p2b: Farigiraf|42\/100\n|\n|-weather|SunnyDay|[upkeep]\n|upkeep\n|turn|3\n|inactive|Willipino has 30 seconds left.\n|\n|t:|1701125777\n|move|p2a: Flutter Mane|Protect|p2a: Flutter Mane\n|-singleturn|p2a: Flutter Mane|Protect\n|move|p1a: Armarouge|Heat Wave|p2b: Farigiraf|[spread] \n|-activate|p2a: Flutter Mane|move: Protect\n|-miss|p1a: Armarouge|p2b: Farigiraf\n|move|p1b: Gengar|Shadow Ball|p2b: Farigiraf\n|-immune|p2b: Farigiraf\n|move|p2b: Farigiraf|Trick Room|p2b: Farigiraf\n|-fieldend|move: Trick Room\n|\n|-weather|SunnyDay|[upkeep]\n|upkeep\n|turn|4\n|inactive|Willipino has 30 seconds left.\n|inactive|Willipino has 20 seconds left.\n|inactive|Willipino has 15 seconds left.\n|\n|t:|1701125820\n|move|p2a: Flutter Mane|Power Gem|p1a: Armarouge\n|-supereffective|p1a: Armarouge\n|-damage|p1a: Armarouge|0 fnt\n|faint|p1a: Armarouge\n|move|p1b: Gengar|Sludge Bomb|p2b: Farigiraf\n|-damage|p2b: Farigiraf|0 fnt\n|faint|p2b: Farigiraf\n|\n|-weather|SunnyDay|[upkeep]\n|upkeep\n|\n|t:|1701125831\n|switch|p2b: Urshifu|Urshifu, L50, M|100\/100\n|switch|p1a: Brute Bonnet|Brute Bonnet, L50|100\/100\n|-activate|p1a: Brute Bonnet|ability: Protosynthesis\n|-start|p1a: Brute Bonnet|protosynthesisatk\n|turn|5\n|\n|t:|1701125850\n|-terastallize|p2b: Urshifu|Poison\n|move|p2b: Urshifu|Wicked Blow|p1b: Gengar\n|-supereffective|p1b: Gengar\n|-crit|p1b: Gengar\n|-enditem|p1b: Gengar|Focus Sash\n|-damage|p1b: Gengar|1\/100\n|-start|p2b: Urshifu|Disable|Wicked Blow|[from] ability: Cursed Body|[of] p1b: Gengar\n|move|p2a: Flutter Mane|Power Gem|p1a: Brute Bonnet\n|-damage|p1a: Brute Bonnet|69\/100\n|move|p1b: Gengar|Sludge Bomb|p2a: Flutter Mane\n|-damage|p2a: Flutter Mane|0 fnt\n|faint|p2a: Flutter Mane\n|-end|p2a: Flutter Mane|Protosynthesis|[silent]\n|move|p1a: Brute Bonnet|Spore|p2b: Urshifu\n|-status|p2b: Urshifu|slp|[from] move: Spore\n|\n|-weather|SunnyDay|[upkeep]\n|upkeep\n|\n|t:|1701125862\n|switch|p2a: Gholdengo|Gholdengo, L50|100\/100\n|turn|6\n|\n|t:|1701125880\n|cant|p2b: Urshifu|slp\n|move|p1b: Gengar|Destiny Bond|p1b: Gengar\n|-singlemove|p1b: Gengar|Destiny Bond\n|move|p2a: Gholdengo|Make It Rain|p1b: Gengar|[spread] p1a,p1b\n|-damage|p1a: Brute Bonnet|13\/100\n|-damage|p1b: Gengar|0 fnt\n|-unboost|p2a: Gholdengo|spa|1\n|faint|p1b: Gengar\n|-activate|p1b: Gengar|move: Destiny Bond\n|faint|p2a: Gholdengo\n|move|p1a: Brute Bonnet|Seed Bomb|p2b: Urshifu\n|-resisted|p2b: Urshifu\n|-damage|p2b: Urshifu|67\/100 slp\n|-damage|p1a: Brute Bonnet|3\/100|[from] item: Life Orb\n|\n|-weather|SunnyDay|[upkeep]\n|upkeep\n|turn|7\n|inactive|ChronusEna has 30 seconds left.\n|inactive|ChronusEna has 20 seconds left.\n|inactive|ChronusEna has 15 seconds left.\n|inactive|ChronusEna has 10 seconds left.\n|inactive|ChronusEna has 5 seconds left.\n|\n|t:|1701125935\n|move|p1a: Brute Bonnet|Rage Powder|p1a: Brute Bonnet\n|-singleturn|p1a: Brute Bonnet|move: Rage Powder\n|-curestatus|p2b: Urshifu|slp|[msg]\n|-activate|p2b: Urshifu|move: Struggle\n|move|p2b: Urshifu|Struggle|p1a: Brute Bonnet\n|-damage|p1a: Brute Bonnet|0 fnt\n|faint|p1a: Brute Bonnet\n|-end|p1a: Brute Bonnet|Protosynthesis|[silent]\n|-damage|p2b: Urshifu|42\/100|[from] recoil\n|\n|win|Willipino\n|raw|ChronusEna's rating: 1124 &rarr; <strong>1101<\/strong><br \/>(-23 for losing)\n|raw|Willipino's rating: 1152 &rarr; <strong>1175<\/strong><br \/>(+23 for winning)\n|l|\u2606ChronusEna\n","uploadtime":1701125954,"views":12,"p1id":"chronusena","p2id":"willipino","formatid":"gen9vgc2023regulatione","rating":1101,"private":0,"password":""}