{"id":"gen9vgc2023regulatione-1996734060","p1":"mochipupusa","p2":"perceived slight","format":"[Gen 9] VGC 2023 Regulation E","log":"|j|\u2606mochipupusa\n|j|\u2606perceived slight\n|t:|1700716304\n|gametype|doubles\n|player|p1|mochipupusa|101|1313\n|player|p2|perceived slight|ninjaboy|1391\n|teamsize|p1|6\n|teamsize|p2|6\n|gen|9\n|tier|[Gen 9] VGC 2023 Regulation E\n|rated|\n|rule|Species Clause: Limit one of each Pok\u00e9mon\n|rule|Item Clause: Limit one of each item\n|clearpoke\n|poke|p1|Roaring Moon, L50|\n|poke|p1|Milotic, L50, M|\n|poke|p1|Landorus-Therian, L50, M|\n|poke|p1|Flutter Mane, L50|\n|poke|p1|Iron Hands, L50|\n|poke|p1|Ogerpon-Hearthflame, L50, F|\n|poke|p2|Regieleki, L50|\n|poke|p2|Corviknight, L50, M|\n|poke|p2|Amoonguss, L50, M|\n|poke|p2|Urshifu-*, L50, M|\n|poke|p2|Dragapult, L50, M|\n|poke|p2|Ting-Lu, L50|\n|teampreview|4\nmochipupusa has agreed to open team sheets.\n|j| buckmatic\n|c|\u2606mochipupusa|hi buck\n|\n|t:|1700716346\n|start\n|switch|p1a: Landorus|Landorus-Therian, L50, M|100\/100\n|switch|p1b: Iron Hands|Iron Hands, L50|100\/100\n|switch|p2a: Regieleki|Regieleki, L50|100\/100\n|switch|p2b: Dragapult|Dragapult, L50, M|100\/100\n|-ability|p1a: Landorus|Intimidate|boost\n|-unboost|p2a: Regieleki|atk|1\n|-fail|p2b: Dragapult|unboost|[from] ability: Clear Body|[of] p2b: Dragapult\n|turn|1\n|c| buckmatic|hi\n|\n|t:|1700716380\n|-terastallize|p2a: Regieleki|Ice\n|move|p2a: Regieleki|Tera Blast|p1a: Landorus|[anim] Tera Blast Ice\n|-supereffective|p1a: Landorus\n|-damage|p1a: Landorus|0 fnt\n|faint|p1a: Landorus\n|move|p2b: Dragapult|Will-O-Wisp|p1b: Iron Hands\n|-status|p1b: Iron Hands|brn\n|move|p1b: Iron Hands|Drain Punch|p2a: Regieleki\n|-supereffective|p2a: Regieleki\n|-damage|p2a: Regieleki|41\/100\n|\n|-damage|p1b: Iron Hands|95\/100 brn|[from] brn\n|upkeep\n|\n|t:|1700716397\n|switch|p1a: Flutter Mane|Flutter Mane, L50|100\/100\n|turn|2\n|\n|t:|1700716407\n|switch|p2a: Amoonguss|Amoonguss, L50, M|100\/100\n|-terastallize|p1a: Flutter Mane|Fairy\n|move|p2b: Dragapult|Protect|p2b: Dragapult\n|-singleturn|p2b: Dragapult|Protect\n|move|p1a: Flutter Mane|Moonblast|p2b: Dragapult\n|-activate|p2b: Dragapult|move: Protect\n|move|p1b: Iron Hands|Drain Punch|p2a: Amoonguss\n|-resisted|p2a: Amoonguss\n|-damage|p2a: Amoonguss|94\/100\n|-heal|p1b: Iron Hands|98\/100 brn|[from] drain|[of] p2a: Amoonguss\n|-damage|p1b: Iron Hands|82\/100 brn|[from] item: Rocky Helmet|[of] p2a: Amoonguss\n|\n|-damage|p1b: Iron Hands|76\/100 brn|[from] brn\n|upkeep\n|turn|3\n|\n|t:|1700716433\n|move|p2b: Dragapult|Disable|p1a: Flutter Mane\n|-start|p1a: Flutter Mane|Disable|Moonblast\n|cant|p1a: Flutter Mane|Disable|Moonblast\n|move|p1b: Iron Hands|Heavy Slam|p2a: Amoonguss\n|-damage|p2a: Amoonguss|77\/100\n|-damage|p1b: Iron Hands|59\/100 brn|[from] item: Rocky Helmet|[of] p2a: Amoonguss\n|move|p2a: Amoonguss|Spore|p1a: Flutter Mane\n|-status|p1a: Flutter Mane|slp|[from] move: Spore\n|\n|-damage|p1b: Iron Hands|54\/100 brn|[from] brn\n|upkeep\n|turn|4\n|\n|t:|1700716459\n|move|p2b: Dragapult|Dragon Darts|p1b: Iron Hands\n|-damage|p1b: Iron Hands|37\/100 brn\n|-anim|p2b: Dragapult|Dragon Darts|p1b: Iron Hands\n|-damage|p1b: Iron Hands|19\/100 brn\n|cant|p1a: Flutter Mane|slp\n|move|p1b: Iron Hands|Wild Charge|p2b: Dragapult\n|-resisted|p2b: Dragapult\n|-damage|p2b: Dragapult|84\/100\n|-damage|p1b: Iron Hands|16\/100 brn|[from] Recoil\n|move|p2a: Amoonguss|Spore|p1a: Flutter Mane\n|-fail|p1a: Flutter Mane|slp\n|\n|-damage|p1b: Iron Hands|11\/100 brn|[from] brn\n|upkeep\n|turn|5\n|c|\u2606mochipupusa|this was brutal\n|\n|t:|1700716480\n|switch|p2a: Urshifu|Urshifu-Rapid-Strike, L50, M|100\/100\n|move|p2b: Dragapult|Dragon Darts|p1b: Iron Hands\n|-damage|p1b: Iron Hands|0 fnt\n|faint|p1b: Iron Hands\n|-end|p1b: Iron Hands|Quark Drive|[silent]\n|cant|p1a: Flutter Mane|slp\n|\n|upkeep\n|\n|t:|1700716488\n|switch|p1b: Roaring Moon|Roaring Moon, L50|100\/100\n|-enditem|p1b: Roaring Moon|Booster Energy\n|-activate|p1b: Roaring Moon|ability: Protosynthesis|[fromitem]\n|-start|p1b: Roaring Moon|protosynthesisatk\n|turn|6\n|\n|t:|1700716501\n|move|p2a: Urshifu|Surging Strikes|p1a: Flutter Mane\n|-crit|p1a: Flutter Mane\n|-damage|p1a: Flutter Mane|67\/100 slp\n|-crit|p1a: Flutter Mane\n|-damage|p1a: Flutter Mane|36\/100 slp\n|-crit|p1a: Flutter Mane\n|-damage|p1a: Flutter Mane|4\/100 slp\n|-hitcount|p1a: Flutter Mane|3\n|move|p2b: Dragapult|Dragon Darts|p1b: Roaring Moon\n|-supereffective|p1b: Roaring Moon\n|-damage|p1b: Roaring Moon|43\/100\n|-anim|p2b: Dragapult|Dragon Darts|p1b: Roaring Moon\n|-supereffective|p1b: Roaring Moon\n|-damage|p1b: Roaring Moon|0 fnt\n|faint|p1b: Roaring Moon\n|-end|p1b: Roaring Moon|Protosynthesis|[silent]\n|-curestatus|p1a: Flutter Mane|slp|[msg]\n|move|p1a: Flutter Mane|Shadow Ball|p2b: Dragapult\n|-supereffective|p2b: Dragapult\n|-damage|p2b: Dragapult|0 fnt\n|faint|p2b: Dragapult\n|\n|-end|p1a: Flutter Mane|Disable\n|upkeep\n|\n|t:|1700716523\n|switch|p2b: Regieleki|Regieleki, L50, tera:Ice|41\/100\n|turn|7\n|\n|t:|1700716529\n|move|p2b: Regieleki|Thunderbolt|p1a: Flutter Mane\n|-damage|p1a: Flutter Mane|0 fnt\n|faint|p1a: Flutter Mane\n|-end|p1a: Flutter Mane|Protosynthesis|[silent]\n|\n|win|perceived slight\n|raw|mochipupusa's rating: 1313 &rarr; <strong>1297<\/strong><br \/>(-16 for losing)\n|raw|perceived slight's rating: 1391 &rarr; <strong>1407<\/strong><br \/>(+16 for winning)\n|c|\u2606mochipupusa|gg\n|c|\u2606mochipupusa|buf\n","uploadtime":1700716540,"views":5,"p1id":"mochipupusa","p2id":"perceivedslight","formatid":"gen9vgc2023regulatione","rating":1297,"private":0,"password":""}