{"id":"gen9vgc2023regulatione-1993205268","p1":"PokeLucho","p2":"Ludwigxzc","format":"[Gen 9] VGC 2023 Regulation E","log":"|j|\u2606PokeLucho\n|j|\u2606Ludwigxzc\n|t:|1700277821\n|gametype|doubles\n|player|p1|PokeLucho|steven|1373\n|player|p2|Ludwigxzc|169|1376\n|teamsize|p1|6\n|teamsize|p2|6\n|gen|9\n|tier|[Gen 9] VGC 2023 Regulation E\n|rated|\n|rule|Species Clause: Limit one of each Pok\u00e9mon\n|rule|Item Clause: Limit one of each item\n|clearpoke\n|poke|p1|Flutter Mane, L50|\n|poke|p1|Urshifu-*, L50, M|\n|poke|p1|Tornadus, L50, M|\n|poke|p1|Heatran, L50, M|\n|poke|p1|Dragonite, L50, M|\n|poke|p1|Sinistcha-Masterpiece, L50|\n|poke|p2|Ogerpon-Wellspring, L50, F|\n|poke|p2|Arcanine-Hisui, L50, F|\n|poke|p2|Tornadus, L50, M|\n|poke|p2|Iron Hands, L50|\n|poke|p2|Urshifu-*, L50, F|\n|poke|p2|Chi-Yu, L50|\n|teampreview|4\n|inactive|Battle timer is ON: inactive players will automatically lose when time's up. (requested by Ludwigxzc)\n|inactive|PokeLucho has 60 seconds left.\n|\n|t:|1700277861\n|start\n|switch|p1a: Heatran|Heatran, L50, M|100\/100\n|switch|p1b: Tornadus|Tornadus, L50, M|100\/100\n|switch|p2a: Tornadus|Tornadus, L50, M|100\/100\n|switch|p2b: Chi-Yu|Chi-Yu, L50|100\/100\n|-ability|p2b: Chi-Yu|Beads of Ruin\n|turn|1\n|inactive|PokeLucho has 30 seconds left.\n|inactive|Ludwigxzc has 30 seconds left.\n|inactive|Ludwigxzc has 20 seconds left.\n|inactive|Ludwigxzc has 15 seconds left.\n|inactive|Ludwigxzc has 10 seconds left.\n|\n|t:|1700277908\n|move|p1b: Tornadus|Taunt|p2a: Tornadus\n|-start|p2a: Tornadus|move: Taunt\n|cant|p2a: Tornadus|move: Taunt|Tailwind\n|move|p2b: Chi-Yu|Overheat|p1b: Tornadus\n|-damage|p1b: Tornadus|2\/100\n|-unboost|p2b: Chi-Yu|spa|2\n|move|p1a: Heatran|Heat Wave|p2b: Chi-Yu|[spread] p2a,p2b\n|-resisted|p2b: Chi-Yu\n|-damage|p2a: Tornadus|27\/100\n|-damage|p2b: Chi-Yu|73\/100\n|-damage|p1a: Heatran|91\/100|[from] item: Life Orb\n|\n|upkeep\n|turn|2\n|inactive|PokeLucho has 30 seconds left.\n|\n|t:|1700277936\n|switch|p2a: Urshifu|Urshifu-Rapid-Strike, L50, F|100\/100\n|move|p1b: Tornadus|Sunny Day|p1b: Tornadus\n|-weather|SunnyDay\n|move|p2b: Chi-Yu|Overheat|p1b: Tornadus\n|-damage|p1b: Tornadus|0 fnt\n|-unboost|p2b: Chi-Yu|spa|2\n|faint|p1b: Tornadus\n|move|p1a: Heatran|Heat Wave|p2b: Chi-Yu|[spread] p2a,p2b\n|-resisted|p2a: Urshifu\n|-resisted|p2b: Chi-Yu\n|-damage|p2a: Urshifu|34\/100\n|-damage|p2b: Chi-Yu|35\/100\n|-damage|p1a: Heatran|82\/100|[from] item: Life Orb\n|\n|-weather|SunnyDay|[upkeep]\n|upkeep\n|\n|t:|1700277950\n|switch|p1b: Flutter Mane|Flutter Mane, L50|100\/100\n|-activate|p1b: Flutter Mane|ability: Protosynthesis\n|-start|p1b: Flutter Mane|protosynthesisspa\n|turn|3\n|inactive|PokeLucho has 30 seconds left.\n|\n|t:|1700277976\n|-terastallize|p1b: Flutter Mane|Water\n|move|p2a: Urshifu|Detect|p2a: Urshifu\n|-singleturn|p2a: Urshifu|Protect\n|move|p2b: Chi-Yu|Overheat|p1b: Flutter Mane\n|-resisted|p1b: Flutter Mane\n|-damage|p1b: Flutter Mane|78\/100\n|-unboost|p2b: Chi-Yu|spa|2\n|move|p1b: Flutter Mane|Dazzling Gleam|p2b: Chi-Yu|[spread] p2b\n|-activate|p2a: Urshifu|move: Protect\n|-damage|p2b: Chi-Yu|0 fnt\n|faint|p2b: Chi-Yu\n|move|p1a: Heatran|Heat Wave|p2a: Urshifu\n|-activate|p2a: Urshifu|move: Protect\n|\n|-weather|SunnyDay|[upkeep]\n|upkeep\n|\n|t:|1700277992\n|switch|p2b: Tornadus|Tornadus, L50, M|27\/100\n|turn|4\n|inactive|Ludwigxzc has 30 seconds left.\n|inactive|Ludwigxzc has 20 seconds left.\n|\n|t:|1700278030\n|-terastallize|p2a: Urshifu|Water\n|move|p2b: Tornadus|Tailwind|p2b: Tornadus\n|-sidestart|p2: Ludwigxzc|move: Tailwind\n|move|p2a: Urshifu|Surging Strikes|p1a: Heatran\n|-supereffective|p1a: Heatran\n|-crit|p1a: Heatran\n|-damage|p1a: Heatran|50\/100\n|-supereffective|p1a: Heatran\n|-crit|p1a: Heatran\n|-damage|p1a: Heatran|21\/100\n|-supereffective|p1a: Heatran\n|-crit|p1a: Heatran\n|-damage|p1a: Heatran|0 fnt\n|faint|p1a: Heatran\n|-hitcount|p1: Heatran|3\n|move|p1b: Flutter Mane|Dazzling Gleam|p2a: Urshifu|[spread] p2a,p2b\n|-damage|p2a: Urshifu|0 fnt\n|-damage|p2b: Tornadus|0 fnt\n|faint|p2a: Urshifu\n|faint|p2b: Tornadus\n|\n|-weather|SunnyDay|[upkeep]\n|upkeep\n|inactive|Ludwigxzc has 30 seconds left.\n|inactive|Ludwigxzc has 20 seconds left.\n|inactive|Ludwigxzc has 15 seconds left.\n|inactive|Ludwigxzc has 10 seconds left.\n|\n|t:|1700278078\n|switch|p2a: Ogerpon|Ogerpon-Wellspring, L50, F|100\/100\n|switch|p1a: Dragonite|Dragonite, L50, M|100\/100\n|turn|5\n|\n|t:|1700278087\n|move|p2a: Ogerpon|Spiky Shield|p2a: Ogerpon\n|-singleturn|p2a: Ogerpon|move: Protect\n|move|p1b: Flutter Mane|Dazzling Gleam|p2a: Ogerpon\n|-activate|p2a: Ogerpon|move: Protect\n|move|p1a: Dragonite|Outrage|p2a: Ogerpon\n|-activate|p2a: Ogerpon|move: Protect\n|-damage|p1a: Dragonite|88\/100|[from] Spiky Shield|[of] p2a: Ogerpon\n|\n|-weather|SunnyDay|[upkeep]\n|upkeep\n|turn|6\n|\n|t:|1700278097\n|move|p2a: Ogerpon|Power Whip|p1b: Flutter Mane\n|-supereffective|p1b: Flutter Mane\n|-damage|p1b: Flutter Mane|0 fnt\n|faint|p1b: Flutter Mane\n|-end|p1b: Flutter Mane|Protosynthesis|[silent]\n|move|p1a: Dragonite|Outrage|p2a: Ogerpon\n|-damage|p2a: Ogerpon|33\/100\n|\n|-weather|none\n|upkeep\n|turn|7\n|\n|t:|1700278106\n|move|p2a: Ogerpon|Spiky Shield|p2a: Ogerpon\n|-singleturn|p2a: Ogerpon|move: Protect\n|move|p1a: Dragonite|Outrage|p2a: Ogerpon|[from]lockedmove\n|-activate|p2a: Ogerpon|move: Protect\n|-damage|p1a: Dragonite|76\/100|[from] Spiky Shield|[of] p2a: Ogerpon\n|-start|p1a: Dragonite|confusion|[fatigue]\n|\n|-sideend|p2: Ludwigxzc|move: Tailwind\n|upkeep\n|turn|8\n|\n|t:|1700278116\n|move|p2a: Ogerpon|Ivy Cudgel|p1a: Dragonite|[anim] Ivy Cudgel Water\n|-resisted|p1a: Dragonite\n|-damage|p1a: Dragonite|50\/100\n|-activate|p1a: Dragonite|confusion\n|-damage|p1a: Dragonite|35\/100|[from] confusion\n|\n|upkeep\n|turn|9\n|\n|t:|1700278127\n|move|p2a: Ogerpon|Spiky Shield|p2a: Ogerpon\n|-singleturn|p2a: Ogerpon|move: Protect\n|-activate|p1a: Dragonite|confusion\n|-damage|p1a: Dragonite|18\/100|[from] confusion\n|\n|upkeep\n|turn|10\n|\n|t:|1700278134\n|-activate|p1a: Dragonite|confusion\n|move|p1a: Dragonite|Extreme Speed|p2a: Ogerpon\n|-damage|p2a: Ogerpon|3\/100\n|move|p2a: Ogerpon|Ivy Cudgel|p1a: Dragonite|[anim] Ivy Cudgel Water\n|-resisted|p1a: Dragonite\n|-damage|p1a: Dragonite|0 fnt\n|faint|p1a: Dragonite\n|\n|win|Ludwigxzc\n|raw|PokeLucho's rating: 1373 &rarr; <strong>1353<\/strong><br \/>(-20 for losing)\n|raw|Ludwigxzc's rating: 1376 &rarr; <strong>1396<\/strong><br \/>(+20 for winning)\n|l|\u2606PokeLucho\n","uploadtime":1700278154,"views":40,"p1id":"pokelucho","p2id":"ludwigxzc","formatid":"gen9vgc2023regulatione","rating":1353,"private":0,"password":""}