{"id":"gen9vgc2023regulatione-1988102455","p1":"Bot#0132465","p2":"bobforte22","format":"[Gen 9] VGC 2023 Regulation E","log":"|j|\u2606Bot#0132465\n|j|\u2606bobforte22\n|t:|1699669799\n|gametype|doubles\n|player|p1|Bot#0132465|red|\n|player|p2|bobforte22|pilot|\n|teamsize|p1|6\n|teamsize|p2|6\n|gen|9\n|tier|[Gen 9] VGC 2023 Regulation E\n|rated|Tournament battle\n|rule|Species Clause: Limit one of each Pok\u00e9mon\n|rule|Item Clause: Limit one of each item\n|clearpoke\n|poke|p1|Okidogi, L50, M|\n|poke|p1|Ursaluna-Bloodmoon, L50, M|\n|poke|p1|Sinistcha-Masterpiece, L50|\n|poke|p1|Ogerpon-Hearthflame, L50, F|\n|poke|p1|Clefairy, L50, F|\n|poke|p1|Milotic, L50, M|\n|poke|p2|Chi-Yu, L50|\n|poke|p2|Pelipper, L50, M|\n|poke|p2|Jolteon, L50, M|\n|poke|p2|Iron Hands, L50|\n|poke|p2|Basculegion, L50, M|\n|poke|p2|Iron Bundle, L50|\n|teampreview|4\n|showteam|p1|Okidogi||LifeOrb|GuardDog|DrainPunch,PoisonJab,BulkUp,IcePunch|||M|||50|,,,,,Poison]Ursaluna-Bloodmoon||AssaultVest|MindsEye|BloodMoon,VacuumWave,HyperVoice,Moonblast|||M|||50|,,,,,Ghost]Sinistcha-Masterpiece||FocusSash|Hospitality|TrickRoom,MatchaGotcha,Scald,ShadowBall||||||50|,,,,,Fire]Ogerpon-Hearthflame||HearthflameMask|MoldBreaker|IvyCudgel,HornLeech,KnockOff,SpikyShield|||F|||50|,,,,,Fire]Clefairy||Eviolite|FriendGuard|FollowMe,HealPulse,HelpingHand,Moonblast|||F|||50|,,,,,Grass]Milotic||RockyHelmet|Competitive|Scald,IceBeam,Haze,LifeDew|||M|||50|,,,,,Water\n|showteam|p2|Chi-Yu||ChoiceSpecs|BeadsofRuin|DarkPulse,HeatWave,Flamethrower,TeraBlast||||||50|,,,,,Ghost]Pelipper||EjectPack|Drizzle|Tailwind,AirSlash,HydroPump,Protect|||M|||50|,,,,,Grass]Jolteon||LifeOrb|VoltAbsorb|FakeTears,Protect,LightScreen,Thunderbolt|||M|||50|,,,,,Grass]Iron Hands||AssaultVest|QuarkDrive|FakeOut,TeraBlast,DrainPunch,WildCharge||||||50|,,,,,Fire]Basculegion||ChoiceBand|SwiftSwim|AquaJet,WaveCrash,HeadSmash,LastRespects|||M|||50|,,,,,Fire]Iron Bundle||CovertCloak|QuarkDrive|FreezeDry,HydroPump,Protect,Encore||||||50|,,,,,Steel\n|c|\u2606bobforte22|Glhf\n|c|\u2606Bot#0132465|Glhf\n|j| Riokei_showdown\n|inactive|Battle timer is ON: inactive players will automatically lose when time's up. (requested by bobforte22)\n|j| child Pikachu\n|inactive|Bot#0132465 has 60 seconds left.\n|\n|t:|1699669879\n|start\n|switch|p1a: Sinistcha|Sinistcha-Masterpiece, L50, shiny|100\/100\n|switch|p1b: Clefairy|Clefairy, L50, F, shiny|100\/100\n|switch|p2a: Chi-Yu|Chi-Yu, L50|100\/100\n|switch|p2b: Jolteon|Jolteon, L50, M|100\/100\n|-ability|p2a: Chi-Yu|Beads of Ruin\n|turn|1\n|inactive|Bot#0132465 has 30 seconds left.\n|\n|t:|1699669911\n|switch|p1a: Ogerpon|Ogerpon-Hearthflame, L50, F|100\/100\n|-ability|p1a: Ogerpon|Mold Breaker\n|move|p2b: Jolteon|Fake Tears|p1a: Ogerpon\n|-unboost|p1a: Ogerpon|spd|2\n|move|p2a: Chi-Yu|Heat Wave|p1b: Clefairy|[spread] p1a,p1b\n|-damage|p1a: Ogerpon|0 fnt\n|-damage|p1b: Clefairy|41\/100\n|faint|p1a: Ogerpon\n|move|p1b: Clefairy|Moonblast|p2a: Chi-Yu\n|-damage|p2a: Chi-Yu|79\/100\n|\n|upkeep\n|\n|t:|1699669926\n|switch|p1a: Sinistcha|Sinistcha-Masterpiece, L50, shiny|100\/100\n|-heal|p1b: Clefairy|66\/100|[from] ability: Hospitality|[of] p1a: Sinistcha\n|turn|2\n|\n|t:|1699669941\n|-terastallize|p1a: Sinistcha|Fire\n|move|p2b: Jolteon|Light Screen|p2b: Jolteon\n|-sidestart|p2: bobforte22|move: Light Screen\n|move|p2a: Chi-Yu|Heat Wave|p1b: Clefairy|[spread] p1a,p1b\n|-resisted|p1a: Sinistcha\n|-damage|p1a: Sinistcha|66\/100\n|-damage|p1b: Clefairy|10\/100\n|move|p1b: Clefairy|Moonblast|p2a: Chi-Yu\n|-crit|p2a: Chi-Yu\n|-damage|p2a: Chi-Yu|44\/100\n|move|p1a: Sinistcha|Trick Room|p1a: Sinistcha\n|-fieldstart|move: Trick Room|[of] p1a: Sinistcha\n|\n|upkeep\n|turn|3\n|\n|t:|1699669964\n|move|p1b: Clefairy|Helping Hand|p1a: Sinistcha\n|-singleturn|p1a: Sinistcha|Helping Hand|[of] p1b: Clefairy\n|move|p1a: Sinistcha|Matcha Gotcha|p2b: Jolteon|[spread] p2a\n|-miss|p1a: Sinistcha|p2b: Jolteon\n|-resisted|p2a: Chi-Yu\n|-damage|p2a: Chi-Yu|27\/100\n|-heal|p1a: Sinistcha|74\/100|[from] drain|[of] p2a: Chi-Yu\n|move|p2a: Chi-Yu|Heat Wave|p1a: Sinistcha|[spread] p1a,p1b\n|-resisted|p1a: Sinistcha\n|-damage|p1a: Sinistcha|42\/100\n|-damage|p1b: Clefairy|0 fnt\n|faint|p1b: Clefairy\n|move|p2b: Jolteon|Thunderbolt|p1a: Sinistcha\n|-damage|p1a: Sinistcha|0 fnt\n|faint|p1a: Sinistcha\n|-damage|p2b: Jolteon|91\/100|[from] item: Life Orb\n|\n|upkeep\n|\n|t:|1699669982\n|switch|p1b: Ursaluna|Ursaluna-Bloodmoon, L50, M|100\/100\n|turn|4\n|l| Riokei_showdown\n|\n|t:|1699669991\n|move|p1b: Ursaluna|Blood Moon|p2b: Jolteon\n|-damage|p2b: Jolteon|28\/100\n|move|p2a: Chi-Yu|Heat Wave|p1b: Ursaluna\n|-damage|p1b: Ursaluna|38\/100\n|move|p2b: Jolteon|Fake Tears|p1b: Ursaluna\n|-unboost|p1b: Ursaluna|spd|2\n|\n|upkeep\n|turn|5\n|\n|t:|1699670011\n|switch|p2a: Iron Bundle|Iron Bundle, L50|100\/100\n|move|p1b: Ursaluna|Hyper Voice|p2a: Iron Bundle|[spread] p2a,p2b\n|-damage|p2a: Iron Bundle|62\/100\n|-damage|p2b: Jolteon|3\/100\n|move|p2b: Jolteon|Fake Tears|p1b: Ursaluna\n|-unboost|p1b: Ursaluna|spd|2\n|\n|upkeep\n|turn|6\n|j| ootama\n|\n|t:|1699670027\n|move|p2b: Jolteon|Protect|p2b: Jolteon\n|-singleturn|p2b: Jolteon|Protect\n|move|p2a: Iron Bundle|Protect|p2a: Iron Bundle\n|-singleturn|p2a: Iron Bundle|Protect\n|move|p1b: Ursaluna|Blood Moon|p2a: Iron Bundle\n|-activate|p2a: Iron Bundle|move: Protect\n|\n|-sideend|p2: bobforte22|move: Light Screen\n|-fieldend|move: Trick Room\n|upkeep\n|turn|7\n|\n|t:|1699670050\n|move|p1b: Ursaluna|Vacuum Wave|p2a: Iron Bundle\n|-supereffective|p2a: Iron Bundle\n|-damage|p2a: Iron Bundle|16\/100\n|move|p2a: Iron Bundle|Freeze-Dry|p1b: Ursaluna\n|-supereffective|p1b: Ursaluna\n|-damage|p1b: Ursaluna|0 fnt\n|faint|p1b: Ursaluna\n|\n|win|bobforte22\n|n|\u2606Bot#0132465|bot0132465\n|n|\u2606bobforte22|bobforte22\n|n| child Pikachu|childpikachu\n|n| ootama|ootama\n|c|\u2606bobforte22|Gg\n","uploadtime":1699670060,"views":21,"p1id":"bot0132465","p2id":"bobforte22","formatid":"gen9vgc2023regulatione","rating":0,"private":0,"password":""}