{"id":"gen9vgc2023regulatione-1997471399","p1":"WumboDoctrine","p2":"5Sscreen","format":"[Gen 9] VGC 2023 Regulation E","log":"|j|\u2606WumboDoctrine\n|j|\u26065Sscreen\n|t:|1700811202\n|gametype|doubles\n|player|p1|WumboDoctrine|rosa|1333\n|player|p2|5Sscreen|pokekid|1269\n|teamsize|p1|6\n|teamsize|p2|6\n|gen|9\n|tier|[Gen 9] VGC 2023 Regulation E\n|rated|\n|rule|Species Clause: Limit one of each Pok\u00e9mon\n|rule|Item Clause: Limit one of each item\n|clearpoke\n|poke|p1|Roaring Moon, L50|\n|poke|p1|Ogerpon-Cornerstone, L50, F|\n|poke|p1|Dragapult, L50, F|\n|poke|p1|Arcanine-Hisui, L50, M|\n|poke|p1|Gholdengo, L50|\n|poke|p1|Chien-Pao, L50|\n|poke|p2|Annihilape, L50, F|\n|poke|p2|Sinistcha, L50|\n|poke|p2|Grimmsnarl, L50, M|\n|poke|p2|Landorus-Therian, L50, M|\n|poke|p2|Bellibolt, L50, M|\n|poke|p2|Corviknight, L50, M|\n|teampreview|4\n|\n|t:|1700811222\n|start\n|switch|p1a: Gholdengo|Gholdengo, L50|100\/100\n|switch|p1b: Roaring Moon|Roaring Moon, L50|100\/100\n|switch|p2a: Grimmsnarl|Grimmsnarl, L50, M, shiny|100\/100\n|switch|p2b: Landorus|Landorus-Therian, L50, M|100\/100\n|-ability|p2b: Landorus|Intimidate|boost\n|-unboost|p1a: Gholdengo|atk|1\n|-unboost|p1b: Roaring Moon|atk|1\n|-enditem|p1b: Roaring Moon|Booster Energy\n|-activate|p1b: Roaring Moon|ability: Protosynthesis|[fromitem]\n|-start|p1b: Roaring Moon|protosynthesisspe\n|turn|1\n|inactive|Battle timer is ON: inactive players will automatically lose when time's up. (requested by WumboDoctrine)\n|\n|t:|1700811247\n|move|p2a: Grimmsnarl|Light Screen|p2a: Grimmsnarl\n|-sidestart|p2: 5Sscreen|move: Light Screen\n|move|p1b: Roaring Moon|Tailwind|p1b: Roaring Moon\n|-sidestart|p1: WumboDoctrine|move: Tailwind\n|move|p1a: Gholdengo|Trick|p2a: Grimmsnarl\n|-activate|p1a: Gholdengo|move: Trick|[of] p2a: Grimmsnarl\n|-item|p2a: Grimmsnarl|Choice Scarf|[from] move: Trick\n|-item|p1a: Gholdengo|Light Clay|[from] move: Trick\n|move|p2b: Landorus|Stomping Tantrum|p1a: Gholdengo\n|-supereffective|p1a: Gholdengo\n|-damage|p1a: Gholdengo|0 fnt\n|faint|p1a: Gholdengo\n|\n|upkeep\n|\n|t:|1700811259\n|switch|p1a: Ogerpon|Ogerpon-Cornerstone, L50, F|100\/100\n|turn|2\n|inactive|WumboDoctrine has 30 seconds left.\n|\n|t:|1700811291\n|move|p1a: Ogerpon|Spiky Shield|p1a: Ogerpon\n|-singleturn|p1a: Ogerpon|move: Protect\n|move|p2a: Grimmsnarl|Parting Shot|p1a: Ogerpon\n|-activate|p1a: Ogerpon|move: Protect\n|move|p1b: Roaring Moon|Breaking Swipe|p2b: Landorus|[spread] p2b\n|-immune|p2a: Grimmsnarl\n|-damage|p2b: Landorus|82\/100\n|-unboost|p2b: Landorus|atk|1\n|move|p2b: Landorus|Stomping Tantrum|p1a: Ogerpon\n|-activate|p1a: Ogerpon|move: Protect\n|-damage|p2b: Landorus|70\/100|[from] Spiky Shield|[of] p1a: Ogerpon\n|\n|upkeep\n|turn|3\n|inactive|5Sscreen has 30 seconds left.\n|\n|t:|1700811324\n|switch|p1a: Chien-Pao|Chien-Pao, L50|100\/100\n|-ability|p1a: Chien-Pao|Sword of Ruin\n|switch|p2b: Bellibolt|Bellibolt, L50, M, shiny|100\/100\n|move|p2a: Grimmsnarl|Parting Shot|p1a: Chien-Pao\n|-hint|Since gen 7, Dark is immune to Prankster moves.\n|-immune|p1a: Chien-Pao\n|move|p1b: Roaring Moon|Breaking Swipe|p2a: Grimmsnarl|[spread] p2b\n|-immune|p2a: Grimmsnarl\n|-damage|p2b: Bellibolt|85\/100\n|-unboost|p2b: Bellibolt|atk|1\n|-start|p2b: Bellibolt|Charge|Breaking Swipe|[from] ability: Electromorphosis\n|\n|upkeep\n|turn|4\n|inactive|WumboDoctrine has 30 seconds left.\n|inactive|5Sscreen has 30 seconds left.\n|\n|t:|1700811350\n|-end|p1b: Roaring Moon|Protosynthesis|[silent]\n|switch|p1b: Ogerpon|Ogerpon-Cornerstone, L50, F|100\/100\n|switch|p2a: Landorus|Landorus-Therian, L50, M|70\/100\n|-ability|p2a: Landorus|Intimidate|boost\n|-unboost|p1a: Chien-Pao|atk|1\n|-unboost|p1b: Ogerpon|atk|1\n|-terastallize|p2b: Bellibolt|Water\n|move|p1a: Chien-Pao|Crunch|p2b: Bellibolt\n|-damage|p2b: Bellibolt|60\/100\n|-start|p2b: Bellibolt|Charge|Crunch|[from] ability: Electromorphosis\n|move|p2b: Bellibolt|Parabolic Charge|p1b: Ogerpon|[spread] p1a,p1b\n|-immune|p2a: Landorus\n|-resisted|p1b: Ogerpon\n|-damage|p1a: Chien-Pao|42\/100\n|-heal|p2b: Bellibolt|81\/100|[from] drain|[of] p1a: Chien-Pao\n|-damage|p1b: Ogerpon|77\/100\n|-heal|p2b: Bellibolt|89\/100|[from] drain|[of] p1b: Ogerpon\n|-end|p2b: Bellibolt|Charge|[silent]\n|\n|-sideend|p1: WumboDoctrine|move: Tailwind\n|upkeep\n|turn|5\n|inactive|WumboDoctrine has 30 seconds left.\n|inactive|5Sscreen has 30 seconds left.\n|\n|t:|1700811380\n|move|p1a: Chien-Pao|Ice Spinner|p2a: Landorus\n|-supereffective|p2a: Landorus\n|-damage|p2a: Landorus|0 fnt\n|faint|p2a: Landorus\n|move|p1b: Ogerpon|Horn Leech|p2b: Bellibolt\n|-supereffective|p2b: Bellibolt\n|-damage|p2b: Bellibolt|27\/100\n|-heal|p1b: Ogerpon|100\/100|[from] drain|[of] p2b: Bellibolt\n|-start|p2b: Bellibolt|Charge|Horn Leech|[from] ability: Electromorphosis\n|move|p2b: Bellibolt|Parabolic Charge|p1a: Chien-Pao|[spread] p1a,p1b\n|-resisted|p1b: Ogerpon\n|-damage|p1a: Chien-Pao|0 fnt\n|-heal|p2b: Bellibolt|42\/100|[from] drain|[of] p1a: Chien-Pao\n|-damage|p1b: Ogerpon|78\/100\n|-heal|p2b: Bellibolt|50\/100|[from] drain|[of] p1b: Ogerpon\n|faint|p1a: Chien-Pao\n|-end|p2b: Bellibolt|Charge|[silent]\n|\n|upkeep\n|\n|t:|1700811398\n|switch|p1a: Roaring Moon|Roaring Moon, L50|100\/100\n|switch|p2a: Grimmsnarl|Grimmsnarl, L50, M, shiny|100\/100\n|turn|6\n|\n|t:|1700811418\n|-terastallize|p1a: Roaring Moon|Flying\n|move|p1b: Ogerpon|Spiky Shield|p1b: Ogerpon\n|-singleturn|p1b: Ogerpon|move: Protect\n|move|p2a: Grimmsnarl|Parting Shot|p1b: Ogerpon\n|-activate|p1b: Ogerpon|move: Protect\n|move|p1a: Roaring Moon|Acrobatics|p2b: Bellibolt\n|-damage|p2b: Bellibolt|8\/100\n|-start|p2b: Bellibolt|Charge|Acrobatics|[from] ability: Electromorphosis\n|move|p2b: Bellibolt|Parabolic Charge|p1a: Roaring Moon|[spread] p2a,p1a\n|-activate|p1b: Ogerpon|move: Protect\n|-supereffective|p1a: Roaring Moon\n|-damage|p2a: Grimmsnarl|80\/100\n|-heal|p2b: Bellibolt|18\/100|[from] drain|[of] p2a: Grimmsnarl\n|-damage|p1a: Roaring Moon|26\/100\n|-heal|p2b: Bellibolt|49\/100|[from] drain|[of] p1a: Roaring Moon\n|-end|p2b: Bellibolt|Charge|[silent]\n|\n|upkeep\n|turn|7\n|inactive|WumboDoctrine has 30 seconds left.\n|inactive|5Sscreen has 30 seconds left.\n|\n|t:|1700811445\n|switch|p2a: Sinistcha|Sinistcha, L50|100\/100\n|-heal|p2b: Bellibolt|74\/100|[from] ability: Hospitality|[of] p2a: Sinistcha\n|move|p1a: Roaring Moon|Acrobatics|p2b: Bellibolt\n|-damage|p2b: Bellibolt|30\/100\n|-start|p2b: Bellibolt|Charge|Acrobatics|[from] ability: Electromorphosis\n|move|p1b: Ogerpon|Ivy Cudgel|p2b: Bellibolt|[anim] Ivy Cudgel Rock\n|-damage|p2b: Bellibolt|0 fnt\n|faint|p2b: Bellibolt\n|\n|upkeep\n|\n|t:|1700811455\n|switch|p2b: Grimmsnarl|Grimmsnarl, L50, M, shiny|80\/100\n|turn|8\n|\n|t:|1700811466\n|move|p1b: Ogerpon|Spiky Shield|p1b: Ogerpon\n|-singleturn|p1b: Ogerpon|move: Protect\n|move|p2a: Sinistcha|Protect|p2a: Sinistcha\n|-singleturn|p2a: Sinistcha|Protect\n|move|p1a: Roaring Moon|Acrobatics|p2a: Sinistcha\n|-activate|p2a: Sinistcha|move: Protect\n|move|p2b: Grimmsnarl|Spirit Break|p1a: Roaring Moon\n|-damage|p1a: Roaring Moon|0 fnt\n|faint|p1a: Roaring Moon\n|-end|p1a: Roaring Moon|Protosynthesis|[silent]\n|\n|-sideend|p2: 5Sscreen|move: Light Screen\n|upkeep\n|turn|9\n|-message|WumboDoctrine forfeited.\n|\n|win|5Sscreen\n|raw|WumboDoctrine's rating: 1333 &rarr; <strong>1309<\/strong><br \/>(-24 for losing)\n|raw|5Sscreen's rating: 1269 &rarr; <strong>1299<\/strong><br \/>(+30 for winning)\n|l|\u2606WumboDoctrine\n","uploadtime":1700811480,"views":6,"p1id":"wumbodoctrine","p2id":"5sscreen","formatid":"gen9vgc2023regulatione","rating":1299,"private":0,"password":""}