{"id":"gen9vgc2023regulatione-1988857057","p1":"moonybunny","p2":"bobforte22","format":"[Gen 9] VGC 2023 Regulation E","log":"|j|\u2606moonybunny\n|j|\u2606bobforte22\n|t:|1699774987\n|gametype|doubles\n|player|p1|moonybunny|sightseerf|\n|player|p2|bobforte22|pilot|\n|teamsize|p1|6\n|teamsize|p2|6\n|gen|9\n|tier|[Gen 9] VGC 2023 Regulation E\n|rated|Tournament battle\n|rule|Species Clause: Limit one of each Pok\u00e9mon\n|rule|Item Clause: Limit one of each item\n|clearpoke\n|poke|p1|Sylveon, L50, M|\n|poke|p1|Ursaluna-Bloodmoon, L50, M|\n|poke|p1|Sinistcha, L50|\n|poke|p1|Cresselia, L50, F|\n|poke|p1|Iron Hands, L50|\n|poke|p1|Ogerpon-Wellspring, L50, F|\n|poke|p2|Chi-Yu, L50|\n|poke|p2|Jolteon, L50, M|\n|poke|p2|Iron Hands, L50|\n|poke|p2|Iron Bundle, L50|\n|poke|p2|Arcanine, L50, M|\n|poke|p2|Iron Jugulis, L50|\n|teampreview|4\n|showteam|p1|Sylveon||ChoiceSpecs|Pixilate|HyperVoice,TeraBlast,SleepTalk,Copycat|||M|||50|,,,,,Water]Ursaluna-Bloodmoon||LifeOrb|MindsEye|BloodMoon,EarthPower,HyperVoice,Protect|||M|||50|,,,,,Normal]Sinistcha||SitrusBerry|Hospitality|TrickRoom,StrengthSap,MatchaGotcha,RagePowder||||||50|,,,,,Dark]Cresselia||SafetyGoggles|Levitate|TrickRoom,LunarBlessing,HelpingHand,IceBeam|||F|||50|,,,,,Fairy]Iron Hands||AssaultVest|QuarkDrive|FakeOut,VoltSwitch,DrainPunch,WildCharge||||||50|,,,,,Fire]Ogerpon-Wellspring||WellspringMask|WaterAbsorb|SwordsDance,IvyCudgel,HornLeech,SpikyShield|||F|||50|,,,,,Water\n|showteam|p2|Chi-Yu||ChoiceSpecs|BeadsofRuin|DarkPulse,HeatWave,Flamethrower,TeraBlast||||||50|,,,,,Ghost]Jolteon||LifeOrb|VoltAbsorb|FakeTears,Protect,LightScreen,Thunderbolt|||M|||50|,,,,,Grass]Iron Hands||AssaultVest|QuarkDrive|FakeOut,TeraBlast,DrainPunch,WildCharge||||||50|,,,,,Fire]Iron Bundle||CovertCloak|QuarkDrive|FreezeDry,HydroPump,Protect,Encore||||||50|,,,,,Fairy]Arcanine||RockyHelmet|Intimidate|FlareBlitz,WillOWisp,Protect,Roar|||M|||50|,,,,,Water]Iron Jugulis||ChoiceScarf|QuarkDrive|HydroPump,DarkPulse,AirSlash,EarthPower||||||50|,,,,,Water\n|c|\u2606moonybunny|glhf\n|c|\u2606bobforte22|U2\n|\n|t:|1699775050\n|start\n|switch|p1a: Iron Hands|Iron Hands, L50|100\/100\n|switch|p1b: Cresselia|Cresselia, L50, F|100\/100\n|switch|p2a: Chi-Yu|Chi-Yu, L50|100\/100\n|switch|p2b: Jolteon|Jolteon, L50, M|100\/100\n|-ability|p2a: Chi-Yu|Beads of Ruin\n|turn|1\n|inactive|Battle timer is ON: inactive players will automatically lose when time's up. (requested by bobforte22)\n|inactive|bobforte22 has 60 seconds left.\n|\n|t:|1699775085\n|-terastallize|p2a: Chi-Yu|Ghost\n|move|p1a: Iron Hands|Fake Out|p2b: Jolteon\n|-damage|p2b: Jolteon|80\/100\n|cant|p2b: Jolteon|flinch\n|move|p2a: Chi-Yu|Dark Pulse|p1b: Cresselia\n|-supereffective|p1b: Cresselia\n|-crit|p1b: Cresselia\n|-damage|p1b: Cresselia|0 fnt\n|faint|p1b: Cresselia\n|\n|upkeep\n|c|\u2606moonybunny|man.\n|\n|t:|1699775095\n|switch|p1b: Sylveon|Sylveon, L50, M|100\/100\n|turn|2\n|c|\u2606moonybunny|just the most unfortunate crit possible\n|\n|t:|1699775112\n|switch|p2a: Arcanine|Arcanine, L50, M, shiny|100\/100\n|-ability|p2a: Arcanine|Intimidate|boost\n|-unboost|p1a: Iron Hands|atk|1\n|-unboost|p1b: Sylveon|atk|1\n|move|p2b: Jolteon|Light Screen|p2b: Jolteon\n|-sidestart|p2: bobforte22|move: Light Screen\n|move|p1a: Iron Hands|Drain Punch|p2b: Jolteon\n|-damage|p2b: Jolteon|41\/100\n|move|p1b: Sylveon|Hyper Voice|p2a: Arcanine|[spread] p2a,p2b\n|-resisted|p2a: Arcanine\n|-damage|p2a: Arcanine|81\/100\n|-damage|p2b: Jolteon|3\/100\n|\n|upkeep\n|turn|3\n|\n|t:|1699775131\n|move|p2b: Jolteon|Protect|p2b: Jolteon\n|-singleturn|p2b: Jolteon|Protect\n|move|p2a: Arcanine|Will-O-Wisp|p1a: Iron Hands|[miss]\n|-miss|p2a: Arcanine|p1a: Iron Hands\n|move|p1a: Iron Hands|Drain Punch|p2a: Arcanine\n|-damage|p2a: Arcanine|52\/100\n|-damage|p1a: Iron Hands|84\/100|[from] item: Rocky Helmet|[of] p2a: Arcanine\n|move|p1b: Sylveon|Hyper Voice|p2a: Arcanine|[spread] p2a\n|-activate|p2b: Jolteon|move: Protect\n|-resisted|p2a: Arcanine\n|-damage|p2a: Arcanine|33\/100\n|\n|upkeep\n|turn|4\n|\n|t:|1699775152\n|-end|p1a: Iron Hands|Quark Drive|[silent]\n|switch|p1a: Ursaluna|Ursaluna-Bloodmoon, L50, M|100\/100\n|move|p2b: Jolteon|Fake Tears|p1a: Ursaluna\n|-unboost|p1a: Ursaluna|spd|2\n|move|p2a: Arcanine|Flare Blitz|p1b: Sylveon\n|-damage|p1b: Sylveon|39\/100\n|-damage|p2a: Arcanine|11\/100|[from] Recoil\n|move|p1b: Sylveon|Hyper Voice|p2a: Arcanine|[spread] p2a,p2b\n|-resisted|p2a: Arcanine\n|-damage|p2a: Arcanine|0 fnt\n|-damage|p2b: Jolteon|0 fnt\n|faint|p2a: Arcanine\n|faint|p2b: Jolteon\n|\n|upkeep\n|\n|t:|1699775163\n|switch|p2b: Chi-Yu|Chi-Yu, L50, tera:Ghost|100\/100\n|switch|p2a: Iron Hands|Iron Hands, L50|100\/100\n|-ability|p2b: Chi-Yu|Beads of Ruin\n|turn|5\n|\n|t:|1699775180\n|switch|p1a: Iron Hands|Iron Hands, L50|84\/100\n|-terastallize|p1b: Sylveon|Water\n|move|p2a: Iron Hands|Fake Out|p1b: Sylveon\n|-damage|p1b: Sylveon|23\/100\n|move|p2b: Chi-Yu|Heat Wave|p1b: Sylveon|[spread] p1a,p1b\n|-crit|p1a: Iron Hands\n|-resisted|p1b: Sylveon\n|-damage|p1a: Iron Hands|20\/100\n|-damage|p1b: Sylveon|0 fnt\n|faint|p1b: Sylveon\n|\n|upkeep\n|\n|t:|1699775194\n|switch|p1b: Ursaluna|Ursaluna-Bloodmoon, L50, M|100\/100\n|turn|6\n|\n|t:|1699775203\n|move|p2b: Chi-Yu|Heat Wave|p1b: Ursaluna|[spread] p1a\n|-miss|p2b: Chi-Yu|p1b: Ursaluna\n|-damage|p1a: Iron Hands|0 fnt\n|faint|p1a: Iron Hands\n|-end|p1a: Iron Hands|Quark Drive|[silent]\n|move|p2a: Iron Hands|Drain Punch|p1b: Ursaluna\n|-supereffective|p1b: Ursaluna\n|-damage|p1b: Ursaluna|39\/100\n|move|p1b: Ursaluna|Blood Moon|p2b: Chi-Yu\n|-damage|p2b: Chi-Yu|28\/100\n|-damage|p1b: Ursaluna|30\/100|[from] item: Life Orb\n|\n|-sideend|p2: bobforte22|move: Light Screen\n|upkeep\n|turn|7\n|c|\u2606moonybunny|gg\n|c|\u2606moonybunny|the two crits really fucked me u\n|c|\u2606moonybunny|up\n|c|\u2606bobforte22|Gg\n|\n|t:|1699775222\n|move|p1b: Ursaluna|Protect|p1b: Ursaluna\n|-singleturn|p1b: Ursaluna|Protect\n|move|p2b: Chi-Yu|Heat Wave|p1b: Ursaluna\n|-activate|p1b: Ursaluna|move: Protect\n|move|p2a: Iron Hands|Drain Punch|p1b: Ursaluna\n|-activate|p1b: Ursaluna|move: Protect\n|\n|upkeep\n|turn|8\n|c|\u2606bobforte22|Ya rough\n|\n|t:|1699775233\n|move|p2b: Chi-Yu|Heat Wave|p1b: Ursaluna|[miss]\n|-miss|p2b: Chi-Yu|p1b: Ursaluna\n|move|p2a: Iron Hands|Drain Punch|p1b: Ursaluna\n|-supereffective|p1b: Ursaluna\n|-damage|p1b: Ursaluna|0 fnt\n|faint|p1b: Ursaluna\n|\n|win|bobforte22\n|n|\u2606moonybunny|moonybunny\n|n|\u2606bobforte22|bobforte22\n","uploadtime":1699775243,"views":11,"p1id":"moonybunny","p2id":"bobforte22","formatid":"gen9vgc2023regulatione","rating":0,"private":0,"password":""}