{"id":"gen9vgc2023regulatione-1991203389","p1":"Hydragetv","p2":"KoltynJ","format":"[Gen 9] VGC 2023 Regulation E","log":"|j|\u2606Hydragetv\n|j|\u2606KoltynJ\n|t:|1700056764\n|gametype|doubles\n|player|p1|Hydragetv|steven|1074\n|player|p2|KoltynJ|n|1084\n|teamsize|p1|6\n|teamsize|p2|6\n|gen|9\n|tier|[Gen 9] VGC 2023 Regulation E\n|rated|\n|rule|Species Clause: Limit one of each Pok\u00e9mon\n|rule|Item Clause: Limit one of each item\n|clearpoke\n|poke|p1|Amoonguss, L50, M|\n|poke|p1|Iron Hands, L50|\n|poke|p1|Arcanine-Hisui, L50, M|\n|poke|p1|Tornadus, L50, M|\n|poke|p1|Urshifu-*, L50, M|\n|poke|p1|Gholdengo, L50|\n|poke|p2|Florges-Yellow, L50, F|\n|poke|p2|Iron Hands, L50|\n|poke|p2|Landorus-Therian, L50, M|\n|poke|p2|Heatran, L50, F|\n|poke|p2|Gyarados, L50, M|\n|poke|p2|Ogerpon-Hearthflame, L50, F|\n|teampreview|4\n|c|\u2606KoltynJ|Gl\nKoltynJ has agreed to open team sheets.\n|\n|t:|1700056808\n|start\n|switch|p1a: Amoonguss|Amoonguss, L50, M|100\/100\n|switch|p1b: Iron Hands|Iron Hands, L50|100\/100\n|switch|p2a: Ogerpon|Ogerpon-Hearthflame, L50, F|100\/100\n|switch|p2b: Landorus|Landorus-Therian, L50, M|100\/100\n|-ability|p2b: Landorus|Intimidate|boost\n|-unboost|p1a: Amoonguss|atk|1\n|-unboost|p1b: Iron Hands|atk|1\n|-ability|p2a: Ogerpon|Mold Breaker\n|turn|1\n|inactive|Battle timer is ON: inactive players will automatically lose when time's up. (requested by Hydragetv)\n|inactive|Hydragetv has 60 seconds left.\n|\n|t:|1700056847\n|-terastallize|p2b: Landorus|Flying\n|-terastallize|p1a: Amoonguss|Water\n|move|p2a: Ogerpon|Spiky Shield|p2a: Ogerpon\n|-singleturn|p2a: Ogerpon|move: Protect\n|move|p1b: Iron Hands|Fake Out|p2b: Landorus\n|-damage|p2b: Landorus|86\/100\n|cant|p2b: Landorus|flinch\n|move|p1a: Amoonguss|Spore|p2b: Landorus\n|-status|p2b: Landorus|slp|[from] move: Spore\n|\n|upkeep\n|turn|2\n|inactive|Hydragetv has 30 seconds left.\n|inactive|Hydragetv has 20 seconds left.\n|inactive|Hydragetv has 15 seconds left.\n|inactive|Hydragetv has 10 seconds left.\n|\n|t:|1700056893\n|switch|p2b: Florges|Florges-Yellow, L50, F|100\/100\n|move|p1a: Amoonguss|Protect|p1a: Amoonguss\n|-singleturn|p1a: Amoonguss|Protect\n|move|p2a: Ogerpon|Power Whip|p1a: Amoonguss\n|-activate|p1a: Amoonguss|move: Protect\n|move|p1b: Iron Hands|Drain Punch|p2a: Ogerpon\n|-damage|p2a: Ogerpon|63\/100\n|\n|upkeep\n|turn|3\n|inactive|Hydragetv has 30 seconds left.\n|\n|t:|1700056927\n|switch|p2a: Iron Hands|Iron Hands, L50|100\/100\n|-enditem|p2a: Iron Hands|Booster Energy\n|-activate|p2b: Florges|ability: Symbiosis|Assault Vest|[of] p2a: Iron Hands\n|-activate|p2a: Iron Hands|ability: Quark Drive|[fromitem]\n|-start|p2a: Iron Hands|quarkdriveatk\n|switch|p1a: Arcanine|Arcanine-Hisui, L50, M|100\/100\n|-ability|p1a: Arcanine|Intimidate|boost\n|-unboost|p2a: Iron Hands|atk|1\n|-unboost|p2b: Florges|atk|1\n|move|p2b: Florges|Giga Drain|p1a: Arcanine\n|-damage|p1a: Arcanine|77\/100\n|move|p1b: Iron Hands|Heavy Slam|p2b: Florges\n|-supereffective|p2b: Florges\n|-damage|p2b: Florges|21\/100\n|\n|upkeep\n|turn|4\n|inactive|Hydragetv has 30 seconds left.\n|inactive|KoltynJ has 30 seconds left.\n|inactive|Hydragetv has 20 seconds left.\n|inactive|KoltynJ has 20 seconds left.\n|inactive|Hydragetv has 15 seconds left.\n|inactive|KoltynJ has 15 seconds left.\n|inactive|Hydragetv has 10 seconds left.\n|inactive|Hydragetv has 5 seconds left.\n|\n|t:|1700056977\n|switch|p1a: Amoonguss|Amoonguss, L50, M, tera:Water|100\/100\n|move|p2a: Iron Hands|Fake Out|p1a: Amoonguss\n|-damage|p1a: Amoonguss|90\/100\n|-damage|p2a: Iron Hands|84\/100|[from] item: Rocky Helmet|[of] p1a: Amoonguss\n|move|p2b: Florges|Moonblast|p1b: Iron Hands\n|-supereffective|p1b: Iron Hands\n|-damage|p1b: Iron Hands|60\/100\n|move|p1b: Iron Hands|Drain Punch|p2a: Iron Hands\n|-damage|p2a: Iron Hands|65\/100\n|-heal|p1b: Iron Hands|70\/100|[from] drain|[of] p2a: Iron Hands\n|\n|upkeep\n|turn|5\n|inactive|Hydragetv has 30 seconds left.\n|inactive|KoltynJ has 30 seconds left.\n|inactive|Hydragetv has 20 seconds left.\n|\n|t:|1700057015\n|switch|p1a: Arcanine|Arcanine-Hisui, L50, M|77\/100\n|-ability|p1a: Arcanine|Intimidate|boost\n|-unboost|p2a: Iron Hands|atk|1\n|-unboost|p2b: Florges|atk|1\n|move|p2b: Florges|Giga Drain|p1a: Arcanine\n|-damage|p1a: Arcanine|55\/100\n|-heal|p2b: Florges|31\/100|[from] drain|[of] p1a: Arcanine\n|move|p1b: Iron Hands|Heavy Slam|p2b: Florges\n|-supereffective|p2b: Florges\n|-damage|p2b: Florges|0 fnt\n|faint|p2b: Florges\n|move|p2a: Iron Hands|Drain Punch|p1b: Iron Hands\n|-damage|p1b: Iron Hands|49\/100\n|-heal|p2a: Iron Hands|75\/100|[from] drain|[of] p1b: Iron Hands\n|\n|upkeep\n|\n|t:|1700057033\n|switch|p2b: Landorus|Landorus-Therian, L50, M, tera:Flying|86\/100 slp\n|-ability|p2b: Landorus|Intimidate|boost\n|-unboost|p1a: Arcanine|atk|1\n|-unboost|p1b: Iron Hands|atk|1\n|turn|6\n|\n|t:|1700057057\n|-end|p1b: Iron Hands|Quark Drive|[silent]\n|switch|p1b: Amoonguss|Amoonguss, L50, M, tera:Water|100\/100\n|cant|p2b: Landorus|slp\n|move|p1a: Arcanine|Rock Slide|p2b: Landorus|[spread] p2a,p2b\n|-resisted|p2a: Iron Hands\n|-supereffective|p2b: Landorus\n|-damage|p2a: Iron Hands|66\/100\n|-damage|p2b: Landorus|21\/100 slp\n|cant|p2a: Iron Hands|flinch\n|\n|upkeep\n|turn|7\n|inactive|Hydragetv has 30 seconds left.\n|inactive|KoltynJ has 30 seconds left.\n|inactive|KoltynJ has 20 seconds left.\n|inactive|KoltynJ has 15 seconds left.\n|\n|t:|1700057098\n|move|p1b: Amoonguss|Rage Powder|p1b: Amoonguss\n|-singleturn|p1b: Amoonguss|move: Rage Powder\n|cant|p2b: Landorus|slp\n|move|p1a: Arcanine|Rock Slide|p2a: Iron Hands|[spread] p2a,p2b\n|-resisted|p2a: Iron Hands\n|-supereffective|p2b: Landorus\n|-damage|p2a: Iron Hands|56\/100\n|-damage|p2b: Landorus|0 fnt\n|faint|p2b: Landorus\n|cant|p2a: Iron Hands|flinch\n|\n|upkeep\n|\n|t:|1700057110\n|switch|p2b: Ogerpon|Ogerpon-Hearthflame, L50, F|63\/100\n|-ability|p2b: Ogerpon|Mold Breaker\n|turn|8\n|\n|t:|1700057129\n|switch|p1a: Urshifu|Urshifu-Rapid-Strike, L50, M|100\/100\n|switch|p1b: Iron Hands|Iron Hands, L50|49\/100\n|move|p2b: Ogerpon|Swords Dance|p2b: Ogerpon\n|-boost|p2b: Ogerpon|atk|2\n|move|p2a: Iron Hands|Wild Charge|p1b: Iron Hands\n|-resisted|p1b: Iron Hands\n|-damage|p1b: Iron Hands|38\/100\n|-damage|p2a: Iron Hands|53\/100|[from] Recoil\n|\n|upkeep\n|turn|9\n|\n|t:|1700057154\n|move|p2b: Ogerpon|Spiky Shield|p2b: Ogerpon\n|-singleturn|p2b: Ogerpon|move: Protect\n|move|p1b: Iron Hands|Fake Out|p2b: Ogerpon\n|-activate|p2b: Ogerpon|move: Protect\n|-damage|p1b: Iron Hands|25\/100|[from] Spiky Shield|[of] p2b: Ogerpon\n|move|p1a: Urshifu|Surging Strikes|p2b: Ogerpon\n|-crit|p2b: Ogerpon\n|-damage|p2b: Ogerpon|34\/100\n|-crit|p2b: Ogerpon\n|-damage|p2b: Ogerpon|4\/100\n|-crit|p2b: Ogerpon\n|-damage|p2b: Ogerpon|0 fnt\n|faint|p2b: Ogerpon\n|-hitcount|p2: Ogerpon|3\n|move|p2a: Iron Hands|Wild Charge|p1a: Urshifu\n|-supereffective|p1a: Urshifu\n|-damage|p1a: Urshifu|28\/100\n|-damage|p2a: Iron Hands|40\/100|[from] Recoil\n|\n|upkeep\n|turn|10\n|\n|t:|1700057177\n|-end|p1b: Iron Hands|Quark Drive|[silent]\n|switch|p1b: Arcanine|Arcanine-Hisui, L50, M|55\/100\n|-ability|p1b: Arcanine|Intimidate|boost\n|-unboost|p2a: Iron Hands|atk|1\n|move|p1a: Urshifu|Surging Strikes|p2a: Iron Hands\n|-crit|p2a: Iron Hands\n|-damage|p2a: Iron Hands|26\/100\n|-crit|p2a: Iron Hands\n|-damage|p2a: Iron Hands|11\/100\n|-crit|p2a: Iron Hands\n|-damage|p2a: Iron Hands|0 fnt\n|faint|p2a: Iron Hands\n|-end|p2a: Iron Hands|Quark Drive|[silent]\n|-hitcount|p2: Iron Hands|3\n|\n|win|Hydragetv\n|raw|Hydragetv's rating: 1074 &rarr; <strong>1104<\/strong><br \/>(+30 for winning)\n|raw|KoltynJ's rating: 1084 &rarr; <strong>1061<\/strong><br \/>(-23 for losing)\n","uploadtime":1700057193,"views":14,"p1id":"hydragetv","p2id":"koltynj","formatid":"gen9vgc2023regulatione","rating":1061,"private":0,"password":""}