{"id":"gen9vgc2023regulatione-1995587989","p1":"zenekboys","p2":"Nfnfnfjf","format":"[Gen 9] VGC 2023 Regulation E","log":"|j|\u2606zenekboys\n|j|\u2606Nfnfnfjf\n|t:|1700585315\n|gametype|doubles\n|player|p1|zenekboys|265|1072\n|player|p2|Nfnfnfjf|2|1037\n|teamsize|p1|6\n|teamsize|p2|6\n|gen|9\n|tier|[Gen 9] VGC 2023 Regulation E\n|rated|\n|rule|Species Clause: Limit one of each Pok\u00e9mon\n|rule|Item Clause: Limit one of each item\n|clearpoke\n|poke|p1|Flutter Mane, L50|\n|poke|p1|Lucario, L50, M|\n|poke|p1|Ogerpon-Wellspring, L50, F|\n|poke|p1|Dragapult, L50, F|\n|poke|p1|Iron Bundle, L50|\n|poke|p1|Kingambit, L50, F|\n|poke|p2|Arcanine-Hisui, L50, F|\n|poke|p2|Empoleon, L50, M|\n|poke|p2|Rillaboom, L50, F|\n|poke|p2|Sinistcha-Masterpiece, L50|\n|poke|p2|Ogerpon-Hearthflame, L50, F|\n|poke|p2|Tornadus, L50, M|\n|teampreview|4\n|inactive|Battle timer is ON: inactive players will automatically lose when time's up. (requested by Nfnfnfjf)\n|\n|t:|1700585375\n|start\n|switch|p1a: Iron Bundle|Iron Bundle, L50, shiny|100\/100\n|switch|p1b: Dragapult|Dragapult, L50, F, shiny|100\/100\n|switch|p2a: Arcanine|Arcanine-Hisui, L50, F|100\/100\n|switch|p2b: Tornadus|Tornadus, L50, M|100\/100\n|-ability|p2a: Arcanine|Intimidate|boost\n|-unboost|p1a: Iron Bundle|atk|1\n|-fail|p1b: Dragapult|unboost|[from] ability: Clear Body|[of] p1b: Dragapult\n|-enditem|p1a: Iron Bundle|Booster Energy\n|-activate|p1a: Iron Bundle|ability: Quark Drive|[fromitem]\n|-start|p1a: Iron Bundle|quarkdrivespe\n|turn|1\n|inactive|Nfnfnfjf has 30 seconds left.\n|\n|t:|1700585408\n|move|p2b: Tornadus|Tailwind|p2b: Tornadus\n|-sidestart|p2: Nfnfnfjf|move: Tailwind\n|move|p1a: Iron Bundle|Icy Wind|p2b: Tornadus|[spread] p2a,p2b\n|-resisted|p2a: Arcanine\n|-supereffective|p2b: Tornadus\n|-damage|p2a: Arcanine|88\/100\n|-damage|p2b: Tornadus|39\/100\n|-unboost|p2a: Arcanine|spe|1\n|-unboost|p2b: Tornadus|spe|1\n|move|p1b: Dragapult|U-turn|p2b: Tornadus\n|-resisted|p2b: Tornadus\n|-damage|p2b: Tornadus|13\/100\n|\n|t:|1700585420\n|switch|p1b: Ogerpon|Ogerpon-Wellspring, L50, F|100\/100|[from] U-turn\n|move|p2a: Arcanine|Rock Slide|p1b: Ogerpon|[spread] p1a,p1b\n|-supereffective|p1a: Iron Bundle\n|-damage|p1a: Iron Bundle|28\/100\n|-damage|p1b: Ogerpon|72\/100\n|\n|upkeep\n|turn|2\n|inactive|zenekboys has 30 seconds left.\n|\n|t:|1700585449\n|move|p2b: Tornadus|Sunny Day|p2b: Tornadus\n|-weather|SunnyDay\n|move|p1a: Iron Bundle|Hydro Pump|p2a: Arcanine\n|-supereffective|p2a: Arcanine\n|-damage|p2a: Arcanine|0 fnt\n|faint|p2a: Arcanine\n|move|p1b: Ogerpon|Ivy Cudgel|p2b: Tornadus|[anim] Ivy Cudgel Water\n|-damage|p2b: Tornadus|0 fnt\n|faint|p2b: Tornadus\n|\n|-weather|SunnyDay|[upkeep]\n|upkeep\n|\n|t:|1700585457\n|switch|p2b: Empoleon|Empoleon, L50, M|100\/100\n|switch|p2a: Ogerpon|Ogerpon-Hearthflame, L50, F|100\/100\n|-ability|p2a: Ogerpon|Mold Breaker\n|turn|3\n|inactive|zenekboys has 30 seconds left.\n|inactive|Nfnfnfjf has 30 seconds left.\n|\n|t:|1700585493\n|-terastallize|p2a: Ogerpon|Fire\n|detailschange|p2a: Ogerpon|Ogerpon-Hearthflame-Tera, L50, F, tera:Fire\n|-ability|p2a: Ogerpon|Embody Aspect (Hearthflame)|boost\n|-boost|p2a: Ogerpon|atk|1\n|move|p1b: Ogerpon|Spiky Shield|p1b: Ogerpon\n|-singleturn|p1b: Ogerpon|move: Protect\n|move|p2a: Ogerpon|Ivy Cudgel|p1b: Ogerpon|[anim] Ivy Cudgel Fire\n|-activate|p1b: Ogerpon|move: Protect\n|move|p2b: Empoleon|Flash Cannon|p1a: Iron Bundle\n|-damage|p1a: Iron Bundle|0 fnt\n|faint|p1a: Iron Bundle\n|-end|p1a: Iron Bundle|Quark Drive|[silent]\n|\n|-weather|SunnyDay|[upkeep]\n|upkeep\n|\n|t:|1700585514\n|switch|p1a: Flutter Mane|Flutter Mane, L50|100\/100\n|-activate|p1a: Flutter Mane|ability: Protosynthesis\n|-start|p1a: Flutter Mane|protosynthesisspa\n|turn|4\n|inactive|zenekboys has 30 seconds left.\n|\n|t:|1700585545\n|switch|p1b: Dragapult|Dragapult, L50, F, shiny|100\/100\n|move|p2a: Ogerpon|Ivy Cudgel|p1b: Dragapult|[anim] Ivy Cudgel Fire\n|-resisted|p1b: Dragapult\n|-damage|p1b: Dragapult|0 fnt\n|faint|p1b: Dragapult\n|move|p2b: Empoleon|Flash Cannon|p1a: Flutter Mane\n|-supereffective|p1a: Flutter Mane\n|-damage|p1a: Flutter Mane|20\/100\n|move|p1a: Flutter Mane|Thunderbolt|p2b: Empoleon\n|-supereffective|p2b: Empoleon\n|-damage|p2b: Empoleon|6\/100\n|\n|-weather|SunnyDay|[upkeep]\n|-sideend|p2: Nfnfnfjf|move: Tailwind\n|upkeep\n|\n|t:|1700585560\n|switch|p1b: Ogerpon|Ogerpon-Wellspring, L50, F|72\/100\n|turn|5\n|\n|t:|1700585574\n|-terastallize|p1b: Ogerpon|Water\n|detailschange|p1b: Ogerpon|Ogerpon-Wellspring-Tera, L50, F, tera:Water\n|-ability|p1b: Ogerpon|Embody Aspect (Wellspring)|boost\n|-boost|p1b: Ogerpon|spd|1\n|move|p1a: Flutter Mane|Dazzling Gleam|p2b: Empoleon|[spread] p2a,p2b\n|-resisted|p2a: Ogerpon\n|-resisted|p2b: Empoleon\n|-damage|p2a: Ogerpon|71\/100\n|-damage|p2b: Empoleon|0 fnt\n|faint|p2b: Empoleon\n|move|p2a: Ogerpon|Ivy Cudgel|p1a: Flutter Mane|[anim] Ivy Cudgel Fire\n|-damage|p1a: Flutter Mane|0 fnt\n|faint|p1a: Flutter Mane\n|-end|p1a: Flutter Mane|Protosynthesis|[silent]\n|move|p1b: Ogerpon|Ivy Cudgel|p2a: Ogerpon|[anim] Ivy Cudgel Water\n|-supereffective|p2a: Ogerpon\n|-damage|p2a: Ogerpon|0 fnt\n|faint|p2a: Ogerpon\n|\n|win|zenekboys\n|raw|zenekboys's rating: 1049 &rarr; <strong>1081<\/strong><br \/>(+32 for winning)\n|raw|Nfnfnfjf's rating: 1037 &rarr; <strong>1022<\/strong><br \/>(-15 for losing)\n","uploadtime":1700585597,"views":5,"p1id":"zenekboys","p2id":"nfnfnfjf","formatid":"gen9vgc2023regulatione","rating":1022,"private":0,"password":""}