{"id":"gen9vgc2023regulatione-1993463799","p1":"seguace del culto","p2":"ArcixVGC","format":"[Gen 9] VGC 2023 Regulation E","log":"|j|\u2606seguace del culto\n|j|\u2606ArcixVGC\n|n|\u2606seguace del culto|seguacedelculto\n|n|\u2606ArcixVGC|arcixvgc\n|html|View the match progress at <a href=\"\/game-bestof3-gen9vgc2023regulatione-1993463798\">game-bestof3-gen9vgc2023regulatione-1993463798<\/a>\n|t:|1700321042\n|gametype|doubles\n|player|p1|seguace del culto|lucas|\n|player|p2|ArcixVGC|blackbelt|\n|teamsize|p1|6\n|teamsize|p2|6\n|gen|9\n|tier|[Gen 9] VGC 2023 Regulation E\n|rule|Species Clause: Limit one of each Pok\u00e9mon\n|rule|Item Clause: Limit one of each item\n|clearpoke\n|poke|p1|Dusclops, L50, F|\n|poke|p1|Ursaluna-Bloodmoon, L50, M|\n|poke|p1|Chi-Yu, L50|\n|poke|p1|Iron Hands, L50|\n|poke|p1|Landorus-Therian, L50, M|\n|poke|p1|Amoonguss, L50, F|\n|poke|p2|Chien-Pao, L50|\n|poke|p2|Arcanine-Hisui, L50, M|\n|poke|p2|Urshifu-*, L50, M|\n|poke|p2|Tornadus, L50, M|\n|poke|p2|Rillaboom, L50, M|\n|poke|p2|Flutter Mane, L50|\n|teampreview|4\nArcixVGC has agreed to open team sheets.\n|c|\u2606ArcixVGC|gl\n|c|\u2606seguace del culto|u2\nseguace del culto has agreed to open team sheets.\n|showteam|p1|Dusclops||Eviolite|Pressure|NightShade,WillOWisp,TrickRoom,PainSplit|||F|||50|,,,,,Fairy]Ursaluna-Bloodmoon||SilkScarf|MindsEye|HyperVoice,BloodMoon,EarthPower,Protect|||M|||50|,,,,,Normal]Chi-Yu||ChoiceSpecs|BeadsofRuin|HeatWave,DarkPulse,Overheat,Snarl||||||50|,,,,,Ghost]Iron Hands||AssaultVest|QuarkDrive|DrainPunch,WildCharge,HeavySlam,FakeOut||||||50|,,,,,Fire]Landorus-Therian||ChoiceScarf|Intimidate|StompingTantrum,Uturn,RockSlide,TeraBlast|||M|||50|,,,,,Flying]Amoonguss||RockyHelmet|Regenerator|SludgeBomb,Protect,RagePowder,Spore|||F|||50|,,,,,Water\n|showteam|p2|Chien-Pao||FocusSash|SwordofRuin|SuckerPunch,IcicleCrash,SacredSword,Protect||||||50|,,,,,Ghost]Arcanine-Hisui||ChoiceBand|Intimidate|ExtremeSpeed,FlareBlitz,RockSlide,TeraBlast|||M|||50|,,,,,Fairy]Urshifu-Rapid-Strike||MysticWater|UnseenFist|SurgingStrikes,Protect,CloseCombat,AquaJet|||M|||50|,,,,,Water]Tornadus||SitrusBerry|Prankster|BleakwindStorm,Tailwind,Taunt,RainDance|||M|||50|,,,,,Ghost]Rillaboom||AssaultVest|GrassySurge|FakeOut,WoodHammer,GrassyGlide,Uturn|||M|||50|,,,,,Fire]Flutter Mane||BoosterEnergy|Protosynthesis|Moonblast,ShadowBall,DazzlingGleam,Protect||||||50|,,,,,Fairy\n|j| Crudo de fava\n|j| stecca\n|j| Jenny Nencioni\n|l| Crudo de fava\n|\n|t:|1700321170\n|start\n|switch|p1a: Iron Hands|Iron Hands, L50, shiny|100\/100\n|switch|p1b: Chi-Yu|Chi-Yu, L50|100\/100\n|switch|p2a: Tornadus|Tornadus, L50, M|100\/100\n|switch|p2b: Arcanine|Arcanine-Hisui, L50, M|100\/100\n|-ability|p1b: Chi-Yu|Beads of Ruin\n|-ability|p2b: Arcanine|Intimidate|boost\n|-unboost|p1a: Iron Hands|atk|1\n|-unboost|p1b: Chi-Yu|atk|1\n|turn|1\n|j| Crudo de fava\n|\n|t:|1700321246\n|move|p1a: Iron Hands|Fake Out|p2b: Arcanine\n|-resisted|p2b: Arcanine\n|-damage|p2b: Arcanine|95\/100\n|move|p2a: Tornadus|Rain Dance|p2a: Tornadus\n|-weather|RainDance\n|move|p1b: Chi-Yu|Dark Pulse|p2b: Arcanine\n|-damage|p2b: Arcanine|1\/100\n|cant|p2b: Arcanine|flinch\n|\n|-weather|RainDance|[upkeep]\n|upkeep\n|turn|2\n|\n|t:|1700321272\n|switch|p1b: Dusclops|Dusclops, L50, F|100\/100\n|-ability|p1b: Dusclops|Pressure\n|move|p2a: Tornadus|Tailwind|p2a: Tornadus\n|-sidestart|p2: ArcixVGC|move: Tailwind\n|move|p2b: Arcanine|Rock Slide|p1a: Iron Hands|[spread] p1a\n|-miss|p2b: Arcanine|p1b: Dusclops\n|-resisted|p1a: Iron Hands\n|-damage|p1a: Iron Hands|87\/100\n|move|p1a: Iron Hands|Drain Punch|p2b: Arcanine\n|-supereffective|p2b: Arcanine\n|-damage|p2b: Arcanine|0 fnt\n|-heal|p1a: Iron Hands|87\/100|[from] drain|[of] p2b: Arcanine\n|faint|p2b: Arcanine\n|\n|-weather|RainDance|[upkeep]\n|upkeep\n|\n|t:|1700321295\n|switch|p2b: Rillaboom|Rillaboom, L50, M|100\/100\n|-fieldstart|move: Grassy Terrain|[from] ability: Grassy Surge|[of] p2b: Rillaboom\n|turn|3\n|\n|t:|1700321315\n|move|p2b: Rillaboom|Fake Out|p1a: Iron Hands\n|-damage|p1a: Iron Hands|78\/100\n|move|p2a: Tornadus|Taunt|p1b: Dusclops\n|-start|p1b: Dusclops|move: Taunt\n|cant|p1a: Iron Hands|flinch\n|move|p1b: Dusclops|Night Shade|p2a: Tornadus\n|-damage|p2a: Tornadus|73\/100\n|\n|-weather|RainDance|[upkeep]\n|-heal|p1a: Iron Hands|84\/100|[from] Grassy Terrain\n|upkeep\n|turn|4\n|\n|t:|1700321335\n|move|p2a: Tornadus|Bleakwind Storm|p1b: Dusclops|[spread] p1a,p1b\n|-damage|p1a: Iron Hands|68\/100\n|-damage|p1b: Dusclops|78\/100\n|move|p2b: Rillaboom|Wood Hammer|p1a: Iron Hands\n|-damage|p1a: Iron Hands|19\/100\n|-damage|p2b: Rillaboom|81\/100|[from] Recoil\n|move|p1a: Iron Hands|Wild Charge|p2a: Tornadus\n|-supereffective|p2a: Tornadus\n|-damage|p2a: Tornadus|2\/100\n|-enditem|p2a: Tornadus|Sitrus Berry|[eat]\n|-heal|p2a: Tornadus|27\/100|[from] item: Sitrus Berry\n|-damage|p1a: Iron Hands|6\/100|[from] Recoil\n|move|p1b: Dusclops|Night Shade|p2a: Tornadus\n|-damage|p2a: Tornadus|0 fnt\n|faint|p2a: Tornadus\n|\n|-weather|RainDance|[upkeep]\n|-heal|p2b: Rillaboom|86\/100|[from] Grassy Terrain\n|-heal|p1a: Iron Hands|12\/100|[from] Grassy Terrain\n|-heal|p1b: Dusclops|84\/100|[from] Grassy Terrain\n|upkeep\n|l| Jenny Nencioni\n|\n|t:|1700321350\n|switch|p2a: Chien-Pao|Chien-Pao, L50|100\/100\n|-ability|p2a: Chien-Pao|Sword of Ruin\n|turn|5\n|\n|t:|1700321378\n|move|p2a: Chien-Pao|Icicle Crash|p1b: Dusclops|[miss]\n|-miss|p2a: Chien-Pao|p1b: Dusclops\n|move|p2b: Rillaboom|Wood Hammer|p1a: Iron Hands\n|-damage|p1a: Iron Hands|0 fnt\n|faint|p1a: Iron Hands\n|-end|p1a: Iron Hands|Quark Drive|[silent]\n|-damage|p2b: Rillaboom|82\/100|[from] Recoil\n|move|p1b: Dusclops|Night Shade|p2a: Chien-Pao\n|-damage|p2a: Chien-Pao|68\/100\n|\n|-weather|none\n|-heal|p2a: Chien-Pao|74\/100|[from] Grassy Terrain\n|-heal|p2b: Rillaboom|87\/100|[from] Grassy Terrain\n|-heal|p1b: Dusclops|90\/100|[from] Grassy Terrain\n|-end|p1b: Dusclops|move: Taunt\n|-sideend|p2: ArcixVGC|move: Tailwind\n|upkeep\n|\n|t:|1700321385\n|switch|p1a: Amoonguss|Amoonguss, L50, F, shiny|100\/100\n|turn|6\n|\n|t:|1700321397\n|move|p2a: Chien-Pao|Icicle Crash|p1b: Dusclops|[miss]\n|-miss|p2a: Chien-Pao|p1b: Dusclops\n|move|p2b: Rillaboom|Wood Hammer|p1b: Dusclops\n|-damage|p1b: Dusclops|35\/100\n|-damage|p2b: Rillaboom|74\/100|[from] Recoil\n|move|p1a: Amoonguss|Spore|p2a: Chien-Pao\n|-status|p2a: Chien-Pao|slp|[from] move: Spore\n|move|p1b: Dusclops|Will-O-Wisp|p2b: Rillaboom\n|-status|p2b: Rillaboom|brn\n|\n|-heal|p2a: Chien-Pao|80\/100 slp|[from] Grassy Terrain\n|-heal|p2b: Rillaboom|80\/100 brn|[from] Grassy Terrain\n|-heal|p1b: Dusclops|41\/100|[from] Grassy Terrain\n|-damage|p2b: Rillaboom|74\/100 brn|[from] brn\n|upkeep\n|turn|7\n|\n|t:|1700321409\n|switch|p1b: Chi-Yu|Chi-Yu, L50|100\/100\n|-ability|p1b: Chi-Yu|Beads of Ruin\n|cant|p2a: Chien-Pao|slp\n|move|p2b: Rillaboom|Wood Hammer|p1b: Chi-Yu\n|-resisted|p1b: Chi-Yu\n|-damage|p1b: Chi-Yu|64\/100\n|-damage|p2b: Rillaboom|65\/100 brn|[from] Recoil\n|move|p1a: Amoonguss|Sludge Bomb|p2a: Chien-Pao\n|-damage|p2a: Chien-Pao|24\/100 slp\n|\n|-heal|p2a: Chien-Pao|30\/100 slp|[from] Grassy Terrain\n|-heal|p1b: Chi-Yu|70\/100|[from] Grassy Terrain\n|-heal|p2b: Rillaboom|71\/100 brn|[from] Grassy Terrain\n|-damage|p2b: Rillaboom|65\/100 brn|[from] brn\n|-fieldend|move: Grassy Terrain\n|upkeep\n|turn|8\n|\n|t:|1700321424\n|-terastallize|p2b: Rillaboom|Fire\n|-curestatus|p2a: Chien-Pao|slp|[msg]\n|move|p2a: Chien-Pao|Protect|p2a: Chien-Pao\n|-singleturn|p2a: Chien-Pao|Protect\n|move|p1a: Amoonguss|Rage Powder|p1a: Amoonguss\n|-singleturn|p1a: Amoonguss|move: Rage Powder\n|move|p1b: Chi-Yu|Heat Wave|p2a: Chien-Pao|[spread] p2b\n|-activate|p2a: Chien-Pao|move: Protect\n|-resisted|p2b: Rillaboom\n|-damage|p2b: Rillaboom|37\/100 brn\n|move|p2b: Rillaboom|Wood Hammer|p1a: Amoonguss\n|-resisted|p1a: Amoonguss\n|-damage|p1a: Amoonguss|92\/100\n|-damage|p2b: Rillaboom|21\/100 brn|[from] item: Rocky Helmet|[of] p1a: Amoonguss\n|-damage|p2b: Rillaboom|18\/100 brn|[from] Recoil\n|\n|-damage|p2b: Rillaboom|12\/100 brn|[from] brn\n|upkeep\n|turn|9\n|\n|t:|1700321434\n|move|p1a: Amoonguss|Rage Powder|p1a: Amoonguss\n|-singleturn|p1a: Amoonguss|move: Rage Powder\n|move|p2a: Chien-Pao|Icicle Crash|p1a: Amoonguss\n|-supereffective|p1a: Amoonguss\n|-damage|p1a: Amoonguss|0 fnt\n|faint|p1a: Amoonguss\n|move|p1b: Chi-Yu|Heat Wave|p2b: Rillaboom|[spread] p2a,p2b\n|-supereffective|p2a: Chien-Pao\n|-resisted|p2b: Rillaboom\n|-damage|p2a: Chien-Pao|0 fnt\n|-damage|p2b: Rillaboom|0 fnt\n|faint|p2a: Chien-Pao\n|faint|p2b: Rillaboom\n|\n|win|seguace del culto\n|c|&|\/uhtml prompt-arcixvgc,ArcixVGC is ready for game 2!\n|c|&|\/uhtml prompt-seguacedelculto,seguace del culto is ready for game 2!\nBoth players are ready! Starting next match!\n","uploadtime":1700321441,"views":17,"p1id":"seguacedelculto","p2id":"arcixvgc","formatid":"gen9vgc2023regulatione","rating":0,"private":0,"password":""}