{"id":"gen9vgc2023regulatione-1998895289","p1":"meesterkrebs","p2":"Galcyon","format":"[Gen 9] VGC 2023 Regulation E","log":"|j|\u2606meesterkrebs\n|j|\u2606Galcyon\n|t:|1701009927\n|gametype|doubles\n|player|p1|meesterkrebs|steven|1224\n|player|p2|Galcyon|170|1117\n|teamsize|p1|6\n|teamsize|p2|6\n|gen|9\n|tier|[Gen 9] VGC 2023 Regulation E\n|rated|\n|rule|Species Clause: Limit one of each Pok\u00e9mon\n|rule|Item Clause: Limit one of each item\n|clearpoke\n|poke|p1|Urshifu-*, L50, M|\n|poke|p1|Gholdengo, L50|\n|poke|p1|Arcanine, L50, F|\n|poke|p1|Rillaboom, L50, M|\n|poke|p1|Sableye, L50, F|\n|poke|p1|Iron Bundle, L50|\n|poke|p2|Indeedee-F, L50, F|\n|poke|p2|Armarouge, L50, M|\n|poke|p2|Sinistcha, L50|\n|poke|p2|Ursaluna-Bloodmoon, L50, M|\n|poke|p2|Iron Valiant, L50|\n|poke|p2|Empoleon, L50, M|\n|teampreview|4\n|inactive|Battle timer is ON: inactive players will automatically lose when time's up. (requested by Galcyon)\nGalcyon rejected open team sheets.\n|inactive|meesterkrebs has 60 seconds left.\n|\n|t:|1701010012\n|start\n|switch|p1a: Urshifu|Urshifu-Rapid-Strike, L50, M|100\/100\n|switch|p1b: Sableye|Sableye, L50, F|100\/100\n|switch|p2a: Iron Valiant|Iron Valiant, L50|100\/100\n|switch|p2b: Empoleon|Empoleon, L50, M|100\/100\n|-enditem|p2a: Iron Valiant|Booster Energy\n|-activate|p2a: Iron Valiant|ability: Quark Drive|[fromitem]\n|-start|p2a: Iron Valiant|quarkdriveatk\n|turn|1\n|inactive|Galcyon has 30 seconds left.\n|inactive|Galcyon has 20 seconds left.\n|inactive|Galcyon has 15 seconds left.\n|\n|t:|1701010054\n|move|p1a: Urshifu|Detect|p1a: Urshifu\n|-singleturn|p1a: Urshifu|Protect\n|move|p1b: Sableye|Will-O-Wisp|p2a: Iron Valiant\n|-status|p2a: Iron Valiant|brn\n|move|p2b: Empoleon|Water Pledge|p1b: Sableye\n|-damage|p1b: Sableye|54\/100\n|move|p2a: Iron Valiant|Trick Room|p2a: Iron Valiant\n|-fieldstart|move: Trick Room|[of] p2a: Iron Valiant\n|\n|-damage|p2a: Iron Valiant|94\/100 brn|[from] brn\n|upkeep\n|turn|2\n|inactive|meesterkrebs has 30 seconds left.\n|\n|t:|1701010085\n|-terastallize|p1a: Urshifu|Water\n|-terastallize|p2a: Iron Valiant|Fairy\n|move|p1b: Sableye|Encore|p2a: Iron Valiant\n|-start|p2a: Iron Valiant|Encore\n|move|p2b: Empoleon|Steel Beam|p1a: Urshifu\n|-resisted|p1a: Urshifu\n|-damage|p1a: Urshifu|66\/100\n|-damage|p2b: Empoleon|50\/100|[from] steelbeam\n|-enditem|p2b: Empoleon|Sitrus Berry|[eat]\n|-heal|p2b: Empoleon|75\/100|[from] item: Sitrus Berry\n|move|p1a: Urshifu|Surging Strikes|p2b: Empoleon\n|-resisted|p2b: Empoleon\n|-crit|p2b: Empoleon\n|-damage|p2b: Empoleon|60\/100\n|-resisted|p2b: Empoleon\n|-crit|p2b: Empoleon\n|-damage|p2b: Empoleon|43\/100\n|-resisted|p2b: Empoleon\n|-crit|p2b: Empoleon\n|-damage|p2b: Empoleon|27\/100\n|-hitcount|p2b: Empoleon|3\n|move|p2a: Iron Valiant|Trick Room|p2a: Iron Valiant\n|-fieldend|move: Trick Room\n|\n|-damage|p2a: Iron Valiant|88\/100 brn|[from] brn\n|upkeep\n|turn|3\n|inactive|Galcyon has 30 seconds left.\n|\n|t:|1701010112\n|switch|p2b: Indeedee|Indeedee-F, L50, F|100\/100\n|-fieldstart|move: Psychic Terrain|[from] ability: Psychic Surge|[of] p2b: Indeedee\n|-enditem|p2b: Indeedee|Psychic Seed\n|-boost|p2b: Indeedee|spd|1|[from] item: Psychic Seed\n|move|p1b: Sableye|Disable|p2a: Iron Valiant\n|-activate|p2a: Iron Valiant|move: Psychic Terrain\n|move|p1a: Urshifu|Surging Strikes|p2b: Indeedee\n|-crit|p2b: Indeedee\n|-damage|p2b: Indeedee|56\/100\n|-crit|p2b: Indeedee\n|-damage|p2b: Indeedee|9\/100\n|-crit|p2b: Indeedee\n|-damage|p2b: Indeedee|0 fnt\n|faint|p2b: Indeedee\n|-hitcount|p2: Indeedee|3\n|move|p2a: Iron Valiant|Trick Room|p2a: Iron Valiant\n|-fieldstart|move: Trick Room|[of] p2a: Iron Valiant\n|\n|-damage|p2a: Iron Valiant|82\/100 brn|[from] brn\n|upkeep\n|\n|t:|1701010131\n|switch|p2b: Armarouge|Armarouge, L50, M|100\/100\n|turn|4\n|\n|t:|1701010154\n|switch|p1b: Rillaboom|Rillaboom, L50, M|100\/100\n|-fieldstart|move: Grassy Terrain|[from] ability: Grassy Surge|[of] p1b: Rillaboom\n|-end|p2a: Iron Valiant|Quark Drive|[silent]\n|switch|p2a: Empoleon|Empoleon, L50, M|27\/100\n|move|p1a: Urshifu|Aqua Jet|p2b: Armarouge\n|-supereffective|p2b: Armarouge\n|-crit|p2b: Armarouge\n|-damage|p2b: Armarouge|0 fnt\n|faint|p2b: Armarouge\n|\n|-heal|p2a: Empoleon|32\/100|[from] Grassy Terrain\n|-heal|p1a: Urshifu|72\/100|[from] Grassy Terrain\n|upkeep\n|\n|t:|1701010170\n|switch|p2b: Iron Valiant|Iron Valiant, L50, tera:Fairy|82\/100 brn\n|turn|5\n|-message|Galcyon forfeited.\n|\n|win|meesterkrebs\n|raw|meesterkrebs's rating: 1224 &rarr; <strong>1242<\/strong><br \/>(+18 for winning)\n|raw|Galcyon's rating: 1117 &rarr; <strong>1099<\/strong><br \/>(-18 for losing)\n|l|\u2606Galcyon\n","uploadtime":1701010191,"views":23,"p1id":"meesterkrebs","p2id":"galcyon","formatid":"gen9vgc2023regulatione","rating":1099,"private":0,"password":""}