{"id":"gen9vgc2023regulatione-1995135408","p1":"Fairlytesting","p2":"fresh bread","format":"[Gen 9] VGC 2023 Regulation E","log":"|j|\u2606Fairlytesting\n|j|\u2606fresh bread\n|t:|1700526497\n|gametype|doubles\n|player|p1|Fairlytesting|2|1162\n|player|p2|fresh bread|170|1173\n|teamsize|p1|6\n|teamsize|p2|6\n|gen|9\n|tier|[Gen 9] VGC 2023 Regulation E\n|rated|\n|rule|Species Clause: Limit one of each Pok\u00e9mon\n|rule|Item Clause: Limit one of each item\n|clearpoke\n|poke|p1|Flutter Mane, L50|\n|poke|p1|Sylveon, L50, F|\n|poke|p1|Hatterene, L50, F|\n|poke|p1|Azumarill, L50, F|\n|poke|p1|Mimikyu, L50, M|\n|poke|p1|Clefairy, L50, M|\n|poke|p2|Baxcalibur, L50, M|\n|poke|p2|Ninetales-Alola, L50, M|\n|poke|p2|Heatran, L50, M|\n|poke|p2|Ogerpon-Wellspring, L50, F|\n|poke|p2|Landorus-Therian, L50, M|\n|poke|p2|Iron Hands, L50|\n|teampreview|4\n|inactive|Battle timer is ON: inactive players will automatically lose when time's up. (requested by Fairlytesting)\n|\n|t:|1700526539\n|start\n|switch|p1a: Hatterene|Hatterene, L50, F|100\/100\n|switch|p1b: Clefairy|Clefairy, L50, M|100\/100\n|switch|p2a: Ninetales|Ninetales-Alola, L50, M|100\/100\n|switch|p2b: Iron Hands|Iron Hands, L50|100\/100\n|-weather|Snow|[from] ability: Snow Warning|[of] p2a: Ninetales\n|turn|1\n|\n|t:|1700526562\n|-terastallize|p1a: Hatterene|Fire\n|move|p2b: Iron Hands|Fake Out|p1a: Hatterene\n|-damage|p1a: Hatterene|86\/100\n|move|p2a: Ninetales|Aurora Veil|p2a: Ninetales\n|-sidestart|p2: fresh bread|move: Aurora Veil\n|move|p1b: Clefairy|Life Dew||[still]|[spread] p1a,p1b\n|-heal|p1a: Hatterene|100\/100\n|-fail|p1b: Clefairy|heal\n|cant|p1a: Hatterene|flinch\n|\n|-weather|Snow|[upkeep]\n|upkeep\n|turn|2\n|inactive|fresh bread has 30 seconds left.\n|\n|t:|1700526588\n|move|p2a: Ninetales|Icy Wind|p1a: Hatterene|[spread] p1a,p1b\n|-resisted|p1a: Hatterene\n|-damage|p1a: Hatterene|96\/100\n|-damage|p1b: Clefairy|93\/100\n|-unboost|p1a: Hatterene|spe|1\n|-unboost|p1b: Clefairy|spe|1\n|move|p2b: Iron Hands|Drain Punch|p1a: Hatterene\n|-damage|p1a: Hatterene|61\/100\n|move|p1b: Clefairy|Fake Tears|p2b: Iron Hands\n|-unboost|p2b: Iron Hands|spd|2\n|move|p1a: Hatterene|Trick Room|p1a: Hatterene\n|-fieldstart|move: Trick Room|[of] p1a: Hatterene\n|\n|-weather|Snow|[upkeep]\n|upkeep\n|turn|3\n|\n|t:|1700526604\n|move|p2a: Ninetales|Protect|p2a: Ninetales\n|-singleturn|p2a: Ninetales|Protect\n|move|p1a: Hatterene|Dazzling Gleam|p2b: Iron Hands|[spread] p2b\n|-activate|p2a: Ninetales|move: Protect\n|-supereffective|p2b: Iron Hands\n|-damage|p2b: Iron Hands|52\/100\n|move|p1b: Clefairy|Life Dew|p1b: Clefairy|[spread] p1a,p1b\n|-heal|p1a: Hatterene|86\/100\n|-heal|p1b: Clefairy|100\/100\n|move|p2b: Iron Hands|Heavy Slam|p1b: Clefairy\n|-supereffective|p1b: Clefairy\n|-damage|p1b: Clefairy|0 fnt\n|faint|p1b: Clefairy\n|\n|-weather|Snow|[upkeep]\n|upkeep\n|\n|t:|1700526618\n|switch|p1b: Sylveon|Sylveon, L50, F, shiny|100\/100\n|turn|4\n|\n|t:|1700526634\n|move|p1a: Hatterene|Psyshock|p2b: Iron Hands\n|-supereffective|p2b: Iron Hands\n|-damage|p2b: Iron Hands|11\/100\n|move|p1b: Sylveon|Calm Mind|p1b: Sylveon\n|-boost|p1b: Sylveon|spa|1\n|-boost|p1b: Sylveon|spd|1\n|move|p2b: Iron Hands|Drain Punch|p1a: Hatterene\n|-damage|p1a: Hatterene|41\/100\n|-heal|p2b: Iron Hands|27\/100|[from] drain|[of] p1a: Hatterene\n|move|p2a: Ninetales|Icy Wind|p1b: Sylveon|[spread] p1a,p1b\n|-resisted|p1a: Hatterene\n|-damage|p1a: Hatterene|35\/100\n|-damage|p1b: Sylveon|95\/100\n|-unboost|p1a: Hatterene|spe|1\n|-unboost|p1b: Sylveon|spe|1\n|\n|-weather|Snow|[upkeep]\n|upkeep\n|turn|5\n|\n|t:|1700526653\n|move|p2a: Ninetales|Protect|p2a: Ninetales\n|-singleturn|p2a: Ninetales|Protect\n|move|p1a: Hatterene|Dazzling Gleam|p2a: Ninetales|[spread] p2b\n|-activate|p2a: Ninetales|move: Protect\n|-supereffective|p2b: Iron Hands\n|-damage|p2b: Iron Hands|0 fnt\n|faint|p2b: Iron Hands\n|-end|p2b: Iron Hands|Quark Drive|[silent]\n|move|p1b: Sylveon|Calm Mind|p1b: Sylveon\n|-boost|p1b: Sylveon|spa|1\n|-boost|p1b: Sylveon|spd|1\n|\n|-weather|none\n|upkeep\n|\n|t:|1700526665\n|switch|p2b: Ogerpon|Ogerpon-Wellspring, L50, F|100\/100\n|turn|6\n|\n|t:|1700526675\n|move|p2b: Ogerpon|Spiky Shield|p2b: Ogerpon\n|-singleturn|p2b: Ogerpon|move: Protect\n|move|p1a: Hatterene|Psyshock|p2b: Ogerpon\n|-activate|p2b: Ogerpon|move: Protect\n|move|p1b: Sylveon|Hyper Voice|p2a: Ninetales|[spread] p2a\n|-activate|p2b: Ogerpon|move: Protect\n|-damage|p2a: Ninetales|51\/100\n|move|p2a: Ninetales|Icy Wind|p1a: Hatterene|[spread] p1a,p1b\n|-resisted|p1a: Hatterene\n|-damage|p1a: Hatterene|29\/100\n|-damage|p1b: Sylveon|90\/100\n|-unboost|p1a: Hatterene|spe|1\n|-unboost|p1b: Sylveon|spe|1\n|\n|-fieldend|move: Trick Room\n|upkeep\n|turn|7\n|\n|t:|1700526694\n|-terastallize|p2b: Ogerpon|Water\n|detailschange|p2b: Ogerpon|Ogerpon-Wellspring-Tera, L50, F, tera:Water\n|-ability|p2b: Ogerpon|Embody Aspect (Wellspring)|boost\n|-boost|p2b: Ogerpon|spd|1\n|move|p2a: Ninetales|Icy Wind|p1a: Hatterene|[spread] \n|-miss|p2a: Ninetales|p1a: Hatterene\n|-miss|p2a: Ninetales|p1b: Sylveon\n|move|p2b: Ogerpon|Ivy Cudgel|p1b: Sylveon|[anim] Ivy Cudgel Water\n|-damage|p1b: Sylveon|14\/100\n|move|p1b: Sylveon|Hyper Voice|p2a: Ninetales|[spread] p2a,p2b\n|-damage|p2a: Ninetales|0 fnt\n|-damage|p2b: Ogerpon|64\/100\n|faint|p2a: Ninetales\n|move|p1a: Hatterene|Trick Room|p1a: Hatterene\n|-fieldstart|move: Trick Room|[of] p1a: Hatterene\n|\n|upkeep\n|\n|t:|1700526707\n|switch|p2a: Baxcalibur|Baxcalibur, L50, M|100\/100\n|turn|8\n|\n|t:|1700526721\n|move|p2a: Baxcalibur|Protect|p2a: Baxcalibur\n|-singleturn|p2a: Baxcalibur|Protect\n|move|p1a: Hatterene|Psyshock|p2b: Ogerpon\n|-crit|p2b: Ogerpon\n|-damage|p2b: Ogerpon|0 fnt\n|faint|p2b: Ogerpon\n|move|p1b: Sylveon|Hyper Voice|p2a: Baxcalibur\n|-activate|p2a: Baxcalibur|move: Protect\n|\n|-sideend|p2: fresh bread|move: Aurora Veil\n|upkeep\n|turn|9\n|\n|t:|1700526733\n|move|p1a: Hatterene|Dazzling Gleam|p2a: Baxcalibur\n|-supereffective|p2a: Baxcalibur\n|-damage|p2a: Baxcalibur|5\/100\n|move|p1b: Sylveon|Hyper Voice|p2a: Baxcalibur\n|-supereffective|p2a: Baxcalibur\n|-damage|p2a: Baxcalibur|0 fnt\n|faint|p2a: Baxcalibur\n|\n|win|Fairlytesting\n|raw|Fairlytesting's rating: 1162 &rarr; <strong>1188<\/strong><br \/>(+26 for winning)\n|raw|fresh bread's rating: 1173 &rarr; <strong>1147<\/strong><br \/>(-26 for losing)\n|l|\u2606fresh bread\n","uploadtime":1700526744,"views":2,"p1id":"fairlytesting","p2id":"freshbread","formatid":"gen9vgc2023regulatione","rating":1147,"private":0,"password":""}