{"id":"gen9vgc2023regulatione-1988247310","p1":"Don dozzo","p2":"ArianaGrandeBaddie","format":"[Gen 9] VGC 2023 Regulation E","log":"|j|\u2606Don dozzo\n|j|\u2606ArianaGrandeBaddie\n|t:|1699693797\n|gametype|doubles\n|player|p1|Don dozzo|169|1262\n|player|p2|ArianaGrandeBaddie|266|1258\n|teamsize|p1|6\n|teamsize|p2|6\n|gen|9\n|tier|[Gen 9] VGC 2023 Regulation E\n|rated|\n|rule|Species Clause: Limit one of each Pok\u00e9mon\n|rule|Item Clause: Limit one of each item\n|clearpoke\n|poke|p1|Urshifu-*, L50, F|\n|poke|p1|Salamence, L50, F|\n|poke|p1|Cresselia, L50, F|\n|poke|p1|Ogerpon-Hearthflame, L50, F|\n|poke|p1|Thundurus, L50, M|\n|poke|p1|Ting-Lu, L50|\n|poke|p2|Flutter Mane, L50|\n|poke|p2|Iron Hands, L50|\n|poke|p2|Urshifu-*, L50, M|\n|poke|p2|Chien-Pao, L50|\n|poke|p2|Ogerpon, L50, F|\n|poke|p2|Milotic, L50, F|\n|teampreview|4\nArianaGrandeBaddie rejected open team sheets.\n|inactive|Battle timer is ON: inactive players will automatically lose when time's up. (requested by ArianaGrandeBaddie)\n|inactive|Don dozzo has 60 seconds left.\n|\n|t:|1699693863\n|start\n|switch|p1a: Ogerpon|Ogerpon-Hearthflame, L50, F|100\/100\n|switch|p1b: Urshifu|Urshifu-Rapid-Strike, L50, F|100\/100\n|switch|p2a: Iron Hands|Iron Hands, L50|100\/100\n|switch|p2b: Milotic|Milotic, L50, F|100\/100\n|-ability|p1a: Ogerpon|Mold Breaker\n|turn|1\n|\n|t:|1699693887\n|switch|p1b: Cresselia|Cresselia, L50, F|100\/100\n|move|p2a: Iron Hands|Fake Out|p1b: Cresselia\n|-damage|p1b: Cresselia|92\/100\n|move|p1a: Ogerpon|Horn Leech|p2b: Milotic\n|-supereffective|p2b: Milotic\n|-damage|p2b: Milotic|41\/100\n|move|p2b: Milotic|Hypnosis|p1b: Cresselia\n|-status|p1b: Cresselia|slp|[from] move: Hypnosis\n|\n|upkeep\n|turn|2\n|inactive|Don dozzo has 30 seconds left.\n|\n|t:|1699693914\n|-terastallize|p2b: Milotic|Grass\n|move|p1a: Ogerpon|Horn Leech|p2b: Milotic\n|-resisted|p2b: Milotic\n|-damage|p2b: Milotic|26\/100\n|cant|p1b: Cresselia|slp\n|move|p2b: Milotic|Hypnosis|p1a: Ogerpon|[miss]\n|-miss|p2b: Milotic|p1a: Ogerpon\n|move|p2a: Iron Hands|Drain Punch|p1a: Ogerpon\n|-damage|p1a: Ogerpon|65\/100\n|\n|upkeep\n|turn|3\n|\n|t:|1699693937\n|move|p1a: Ogerpon|Spiky Shield|p1a: Ogerpon\n|-singleturn|p1a: Ogerpon|move: Protect\n|move|p2b: Milotic|Protect|p2b: Milotic\n|-singleturn|p2b: Milotic|Protect\n|cant|p1b: Cresselia|slp\n|move|p2a: Iron Hands|Drain Punch|p1a: Ogerpon\n|-activate|p1a: Ogerpon|move: Protect\n|-damage|p2a: Iron Hands|88\/100|[from] Spiky Shield|[of] p1a: Ogerpon\n|\n|upkeep\n|turn|4\n|inactive|Don dozzo has 30 seconds left.\n|\n|t:|1699693968\n|switch|p2b: Urshifu|Urshifu-Rapid-Strike, L50, M|100\/100\n|cant|p1b: Cresselia|slp\n|move|p1a: Ogerpon|Ivy Cudgel|p2b: Urshifu\n|-resisted|p2b: Urshifu\n|-damage|p2b: Urshifu|74\/100\n|move|p2a: Iron Hands|Wild Charge|p1a: Ogerpon\n|-resisted|p1a: Ogerpon\n|-damage|p1a: Ogerpon|44\/100\n|-damage|p2a: Iron Hands|84\/100|[from] Recoil\n|\n|upkeep\n|turn|5\n|inactive|Don dozzo has 30 seconds left.\n|inactive|ArianaGrandeBaddie has 30 seconds left.\n|inactive|Don dozzo has 20 seconds left.\n|inactive|ArianaGrandeBaddie has 20 seconds left.\n|\n|t:|1699694007\n|switch|p1a: Urshifu|Urshifu-Rapid-Strike, L50, F|100\/100\n|move|p2b: Urshifu|Surging Strikes|p1a: Urshifu\n|-resisted|p1a: Urshifu\n|-crit|p1a: Urshifu\n|-damage|p1a: Urshifu|90\/100\n|-resisted|p1a: Urshifu\n|-crit|p1a: Urshifu\n|-damage|p1a: Urshifu|80\/100\n|-resisted|p1a: Urshifu\n|-crit|p1a: Urshifu\n|-damage|p1a: Urshifu|70\/100\n|-hitcount|p1a: Urshifu|3\n|-curestatus|p1b: Cresselia|slp|[msg]\n|move|p1b: Cresselia|Psychic|p2b: Urshifu\n|-supereffective|p2b: Urshifu\n|-damage|p2b: Urshifu|2\/100\n|move|p2a: Iron Hands|Wild Charge|p1b: Cresselia\n|-damage|p1b: Cresselia|66\/100\n|-damage|p2a: Iron Hands|78\/100|[from] Recoil\n|\n|upkeep\n|turn|6\n|inactive|Don dozzo has 30 seconds left.\n|\n|t:|1699694035\n|-terastallize|p1a: Urshifu|Grass\n|move|p2b: Urshifu|Surging Strikes|p1b: Cresselia\n|-crit|p1b: Cresselia\n|-damage|p1b: Cresselia|54\/100\n|-crit|p1b: Cresselia\n|-damage|p1b: Cresselia|40\/100\n|-crit|p1b: Cresselia\n|-damage|p1b: Cresselia|28\/100\n|-hitcount|p1b: Cresselia|3\n|move|p1a: Urshifu|Trailblaze|p2b: Urshifu\n|-supereffective|p2b: Urshifu\n|-damage|p2b: Urshifu|0 fnt\n|-boost|p1a: Urshifu|spe|1\n|faint|p2b: Urshifu\n|move|p1b: Cresselia|Lunar Blessing|p1b: Cresselia|[spread] p1a,p1b\n|-heal|p1a: Urshifu|95\/100\n|-heal|p1b: Cresselia|53\/100\n|move|p2a: Iron Hands|Wild Charge|p1a: Urshifu\n|-resisted|p1a: Urshifu\n|-damage|p1a: Urshifu|70\/100\n|-damage|p2a: Iron Hands|73\/100|[from] Recoil\n|\n|upkeep\n|\n|t:|1699694050\n|switch|p2b: Milotic|Milotic, L50, F, tera:Grass|26\/100\n|turn|7\n|\n|t:|1699694069\n|move|p2b: Milotic|Protect|p2b: Milotic\n|-singleturn|p2b: Milotic|Protect\n|move|p1a: Urshifu|Surging Strikes|p2a: Iron Hands\n|-crit|p2a: Iron Hands\n|-damage|p2a: Iron Hands|57\/100\n|-crit|p2a: Iron Hands\n|-damage|p2a: Iron Hands|40\/100\n|-crit|p2a: Iron Hands\n|-damage|p2a: Iron Hands|24\/100\n|-hitcount|p2a: Iron Hands|3\n|move|p1b: Cresselia|Psychic|p2a: Iron Hands\n|-supereffective|p2a: Iron Hands\n|-damage|p2a: Iron Hands|0 fnt\n|faint|p2a: Iron Hands\n|-end|p2a: Iron Hands|Quark Drive|[silent]\n|\n|upkeep\n|\n|t:|1699694080\n|switch|p2a: Flutter Mane|Flutter Mane, L50|100\/100\n|turn|8\n|\n|t:|1699694097\n|move|p1b: Cresselia|Ally Switch|p1b: Cresselia\n|swap|p1b: Cresselia|0|[from] move: Ally Switch\n|move|p1b: Urshifu|Surging Strikes|p2a: Flutter Mane\n|-crit|p2a: Flutter Mane\n|-damage|p2a: Flutter Mane|66\/100\n|-crit|p2a: Flutter Mane\n|-damage|p2a: Flutter Mane|34\/100\n|-crit|p2a: Flutter Mane\n|-damage|p2a: Flutter Mane|3\/100\n|-hitcount|p2a: Flutter Mane|3\n|move|p2a: Flutter Mane|Moonblast|p1a: Cresselia\n|-damage|p1a: Cresselia|7\/100\n|move|p2b: Milotic|Hypnosis|p1b: Urshifu|[miss]\n|-miss|p2b: Milotic|p1b: Urshifu\n|\n|upkeep\n|turn|9\n|-message|ArianaGrandeBaddie forfeited.\n|\n|win|Don dozzo\n|raw|Don dozzo's rating: 1262 &rarr; <strong>1287<\/strong><br \/>(+25 for winning)\n|raw|ArianaGrandeBaddie's rating: 1258 &rarr; <strong>1233<\/strong><br \/>(-25 for losing)\n|l|\u2606ArianaGrandeBaddie\n","uploadtime":1699694127,"views":12,"p1id":"dondozzo","p2id":"arianagrandebaddie","formatid":"gen9vgc2023regulatione","rating":1233,"private":0,"password":""}