{"id":"gen9vgc2023regulatione-1987905247","p1":"Hipolymer","p2":"AratzEnp","format":"[Gen 9] VGC 2023 Regulation E","log":"|j|\u2606Hipolymer\n|j|\u2606AratzEnp\n|t:|1699647779\n|gametype|doubles\n|player|p1|Hipolymer|pokemaniac|1372\n|player|p2|AratzEnp|red|1421\n|teamsize|p1|6\n|teamsize|p2|6\n|gen|9\n|tier|[Gen 9] VGC 2023 Regulation E\n|rated|\n|rule|Species Clause: Limit one of each Pok\u00e9mon\n|rule|Item Clause: Limit one of each item\n|clearpoke\n|poke|p1|Scream Tail, L50|\n|poke|p1|Chien-Pao, L50|\n|poke|p1|Arcanine-Hisui, L50, M|\n|poke|p1|Rillaboom, L50, F|\n|poke|p1|Urshifu-*, L50, F|\n|poke|p1|Gothitelle, L50, F|\n|poke|p2|Flutter Mane, L50|\n|poke|p2|Iron Hands, L50|\n|poke|p2|Kingambit, L50, F|\n|poke|p2|Landorus-Therian, L50, M|\n|poke|p2|Iron Bundle, L50|\n|poke|p2|Heatran, L50, M|\n|teampreview|4\n|inactive|Battle timer is ON: inactive players will automatically lose when time's up. (requested by Hipolymer)\nAratzEnp has agreed to open team sheets.\n|inactive|Hipolymer has 60 seconds left.\n|inactive|AratzEnp has 60 seconds left.\n|l|\u2606AratzEnp\n|inactive|AratzEnp disconnected and has a minute to reconnect!\n|player|p2|\n|j|\u2606AratzEnp\n|inactive|AratzEnp reconnected and has 40 seconds left.\n|player|p2|AratzEnp|red\n|inactive|AratzEnp has 30 seconds left.\n|\n|t:|1699647848\n|start\n|switch|p1a: Rillaboom|Rillaboom, L50, F|100\/100\n|switch|p1b: Urshifu|Urshifu-Rapid-Strike, L50, F|100\/100\n|switch|p2a: El|Flutter Mane, L50|100\/100\n|switch|p2b: Morcilla|Iron Bundle, L50|100\/100\n|-fieldstart|move: Grassy Terrain|[from] ability: Grassy Surge|[of] p1a: Rillaboom\n|-enditem|p2b: Morcilla|Booster Energy\n|-activate|p2b: Morcilla|ability: Quark Drive|[fromitem]\n|-start|p2b: Morcilla|quarkdrivespe\n|turn|1\n|inactive|Hipolymer has 30 seconds left.\n|inactive|Hipolymer has 20 seconds left.\n|inactive|Hipolymer has 15 seconds left.\n|\n|t:|1699647890\n|switch|p1b: Chien-Pao|Chien-Pao, L50|100\/100\n|-ability|p1b: Chien-Pao|Sword of Ruin\n|-terastallize|p2b: Morcilla|Ghost\n|move|p1a: Rillaboom|Grassy Glide|p2a: El\n|-damage|p2a: El|4\/100\n|move|p2b: Morcilla|Icy Wind|p1a: Rillaboom|[spread] p1a,p1b\n|-supereffective|p1a: Rillaboom\n|-resisted|p1b: Chien-Pao\n|-damage|p1a: Rillaboom|56\/100\n|-damage|p1b: Chien-Pao|88\/100\n|-unboost|p1a: Rillaboom|spe|1\n|-unboost|p1b: Chien-Pao|spe|1\n|move|p2a: El|Moonblast|p1b: Chien-Pao\n|-supereffective|p1b: Chien-Pao\n|-damage|p1b: Chien-Pao|0 fnt\n|faint|p1b: Chien-Pao\n|\n|-heal|p2a: El|10\/100|[from] Grassy Terrain\n|-heal|p1a: Rillaboom|62\/100|[from] Grassy Terrain\n|upkeep\n|inactive|Hipolymer has 30 seconds left.\n|\n|t:|1699647916\n|switch|p1b: Scream Tail|Scream Tail, L50|100\/100\n|-enditem|p1b: Scream Tail|Booster Energy\n|-activate|p1b: Scream Tail|ability: Protosynthesis|[fromitem]\n|-start|p1b: Scream Tail|protosynthesisspe\n|turn|2\n|\n|t:|1699647941\n|-end|p2a: El|Protosynthesis|[silent]\n|switch|p2a: Contraataca|Heatran, L50, M|100\/100\n|move|p2b: Morcilla|Protect|p2b: Morcilla\n|-singleturn|p2b: Morcilla|Protect\n|move|p1b: Scream Tail|Play Rough|p2a: Contraataca\n|-resisted|p2a: Contraataca\n|-damage|p2a: Contraataca|95\/100\n|move|p1a: Rillaboom|Wood Hammer|p2b: Morcilla\n|-activate|p2b: Morcilla|move: Protect\n|\n|-heal|p2a: Contraataca|100\/100|[from] Grassy Terrain\n|-heal|p1a: Rillaboom|68\/100|[from] Grassy Terrain\n|upkeep\n|turn|3\n|inactive|Hipolymer has 30 seconds left.\n|inactive|AratzEnp has 30 seconds left.\n|inactive|Hipolymer has 20 seconds left.\n|inactive|AratzEnp has 20 seconds left.\n|inactive|Hipolymer has 15 seconds left.\n|inactive|Hipolymer has 10 seconds left.\n|inactive|Hipolymer has 5 seconds left.\n|\n|t:|1699647993\n|move|p1a: Rillaboom|Grassy Glide|p2b: Morcilla\n|-damage|p2b: Morcilla|56\/100\n|move|p2b: Morcilla|Icy Wind|p1a: Rillaboom|[spread] p1a,p1b\n|-supereffective|p1a: Rillaboom\n|-damage|p1a: Rillaboom|28\/100\n|-damage|p1b: Scream Tail|89\/100\n|-unboost|p1a: Rillaboom|spe|1\n|-unboost|p1b: Scream Tail|spe|1\n|move|p1b: Scream Tail|Howl|p1b: Scream Tail|[spread] p1a,p1b\n|-boost|p1a: Rillaboom|atk|1\n|-boost|p1b: Scream Tail|atk|1\n|move|p2a: Contraataca|Flamethrower|p1a: Rillaboom\n|-supereffective|p1a: Rillaboom\n|-damage|p1a: Rillaboom|0 fnt\n|faint|p1a: Rillaboom\n|\n|-heal|p2b: Morcilla|62\/100|[from] Grassy Terrain\n|-heal|p1b: Scream Tail|95\/100|[from] Grassy Terrain\n|upkeep\n|\n|t:|1699647999\n|switch|p1a: Urshifu|Urshifu-Rapid-Strike, L50, F|100\/100\n|turn|4\n|\n|t:|1699648017\n|switch|p2a: El|Flutter Mane, L50|10\/100\n|-terastallize|p1a: Urshifu|Water\n|move|p2b: Morcilla|Icy Wind|p1a: Urshifu|[spread] p1b\n|-miss|p2b: Morcilla|p1a: Urshifu\n|-damage|p1b: Scream Tail|84\/100\n|-unboost|p1b: Scream Tail|spe|1\n|move|p1a: Urshifu|Surging Strikes|p2b: Morcilla\n|-crit|p2b: Morcilla\n|-damage|p2b: Morcilla|37\/100\n|-crit|p2b: Morcilla\n|-damage|p2b: Morcilla|11\/100\n|-crit|p2b: Morcilla\n|-damage|p2b: Morcilla|0 fnt\n|faint|p2b: Morcilla\n|-end|p2b: Morcilla|Quark Drive|[silent]\n|-hitcount|p2: Morcilla|3\n|move|p1b: Scream Tail|Howl|p1b: Scream Tail|[spread] p1a,p1b\n|-boost|p1a: Urshifu|atk|1\n|-boost|p1b: Scream Tail|atk|1\n|\n|-heal|p2a: El|16\/100|[from] Grassy Terrain\n|-heal|p1b: Scream Tail|90\/100|[from] Grassy Terrain\n|upkeep\n|c|\u2606AratzEnp|xd\n|c|\u2606AratzEnp|xd\n|c|\u2606AratzEnp|xd\n|c|\u2606AratzEnp|xd\n|\n|t:|1699648037\n|switch|p2b: Imperio|Iron Hands, L50|100\/100\n|turn|5\n|inactive|Hipolymer has 30 seconds left.\n|\n|t:|1699648072\n|move|p2b: Imperio|Fake Out|p1a: Urshifu\n|-damage|p1a: Urshifu|86\/100\n|cant|p1a: Urshifu|flinch\n|move|p2a: El|Moonblast|p1a: Urshifu\n|-damage|p1a: Urshifu|15\/100\n|move|p1b: Scream Tail|Play Rough|p2a: El\n|-damage|p2a: El|0 fnt\n|faint|p2a: El\n|-end|p2a: El|Protosynthesis|[silent]\n|\n|-heal|p1a: Urshifu|21\/100|[from] Grassy Terrain\n|-heal|p1b: Scream Tail|96\/100|[from] Grassy Terrain\n|-fieldend|move: Grassy Terrain\n|upkeep\n|\n|t:|1699648082\n|switch|p2a: Contraataca|Heatran, L50, M|100\/100\n|turn|6\n|\n|t:|1699648091\n|move|p1a: Urshifu|Surging Strikes|p2a: Contraataca\n|-supereffective|p2a: Contraataca\n|-crit|p2a: Contraataca\n|-damage|p2a: Contraataca|21\/100\n|-enditem|p2a: Contraataca|Sitrus Berry|[eat]\n|-heal|p2a: Contraataca|46\/100|[from] item: Sitrus Berry\n|-supereffective|p2a: Contraataca\n|-crit|p2a: Contraataca\n|-damage|p2a: Contraataca|0 fnt\n|faint|p2a: Contraataca\n|-hitcount|p2: Contraataca|2\n|move|p1b: Scream Tail|Howl|p1b: Scream Tail|[spread] p1a,p1b\n|-boost|p1a: Urshifu|atk|1\n|-boost|p1b: Scream Tail|atk|1\n|move|p2b: Imperio|Wild Charge|p1a: Urshifu\n|-supereffective|p1a: Urshifu\n|-damage|p1a: Urshifu|0 fnt\n|faint|p1a: Urshifu\n|-damage|p2b: Imperio|97\/100|[from] Recoil\n|\n|upkeep\n|turn|7\n|\n|t:|1699648096\n|move|p1b: Scream Tail|Play Rough|p2b: Imperio\n|-supereffective|p2b: Imperio\n|-damage|p2b: Imperio|27\/100\n|move|p2b: Imperio|Heavy Slam|p1b: Scream Tail\n|-supereffective|p1b: Scream Tail\n|-damage|p1b: Scream Tail|30\/100\n|\n|upkeep\n|turn|8\n|\n|t:|1699648103\n|move|p1b: Scream Tail|Play Rough|p2b: Imperio\n|-supereffective|p2b: Imperio\n|-damage|p2b: Imperio|0 fnt\n|faint|p2b: Imperio\n|-end|p2b: Imperio|Quark Drive|[silent]\n|\n|win|Hipolymer\n|raw|Hipolymer's rating: 1372 &rarr; <strong>1395<\/strong><br \/>(+23 for winning)\n|raw|AratzEnp's rating: 1421 &rarr; <strong>1398<\/strong><br \/>(-23 for losing)\n|l|\u2606AratzEnp\n|c|\u2606Hipolymer|:)\n","uploadtime":1699648132,"views":37,"p1id":"hipolymer","p2id":"aratzenp","formatid":"gen9vgc2023regulatione","rating":1395,"private":0,"password":""}