{"id":"gen9vgc2023regulatione-1988398721","p1":"LinkDF","p2":"StarkHD","format":"[Gen 9] VGC 2023 Regulation E","log":"|j|\u2606LinkDF\n|j|\u2606StarkHD\n|t:|1699718539\n|gametype|doubles\n|player|p1|LinkDF|pokemaniac|1251\n|player|p2|StarkHD|101|1331\n|teamsize|p1|6\n|teamsize|p2|6\n|gen|9\n|tier|[Gen 9] VGC 2023 Regulation E\n|rated|\n|rule|Species Clause: Limit one of each Pok\u00e9mon\n|rule|Item Clause: Limit one of each item\n|clearpoke\n|poke|p1|Iron Hands, L50|\n|poke|p1|Ogerpon-Hearthflame, L50, F|\n|poke|p1|Rillaboom, L50, F|\n|poke|p1|Empoleon, L50, M|\n|poke|p1|Urshifu-*, L50, M|\n|poke|p1|Glastrier, L50|\n|poke|p2|Ninetales-Alola, L50, F|\n|poke|p2|Roaring Moon, L50|\n|poke|p2|Gholdengo, L50|\n|poke|p2|Heatran, L50, F|\n|poke|p2|Iron Hands, L50|\n|poke|p2|Ogerpon-Wellspring, L50, F|\n|teampreview|4\n|inactive|Battle timer is ON: inactive players will automatically lose when time's up. (requested by StarkHD)\n|\n|t:|1699718596\n|start\n|switch|p1a: Rillaboom|Rillaboom, L50, F|100\/100\n|switch|p1b: Empoleon|Empoleon, L50, M|100\/100\n|switch|p2a: Roaring Moon|Roaring Moon, L50, shiny|100\/100\n|switch|p2b: Gholdengo|Gholdengo, L50, shiny|100\/100\n|-fieldstart|move: Grassy Terrain|[from] ability: Grassy Surge|[of] p1a: Rillaboom\n|-enditem|p2a: Roaring Moon|Booster Energy\n|-activate|p2a: Roaring Moon|ability: Protosynthesis|[fromitem]\n|-start|p2a: Roaring Moon|protosynthesisspe\n|turn|1\n|inactive|LinkDF has 30 seconds left.\n|inactive|LinkDF has 20 seconds left.\n|inactive|LinkDF has 15 seconds left.\n|inactive|LinkDF has 10 seconds left.\n|inactive|LinkDF has 5 seconds left.\n|\n|t:|1699718646\n|-terastallize|p1a: Rillaboom|Fire\n|move|p2a: Roaring Moon|Protect|p2a: Roaring Moon\n|-singleturn|p2a: Roaring Moon|Protect\n|move|p2b: Gholdengo|Make It Rain|p1b: Empoleon|[spread] p1a,p1b\n|-resisted|p1a: Rillaboom\n|-resisted|p1b: Empoleon\n|-damage|p1a: Rillaboom|55\/100\n|-damage|p1b: Empoleon|86\/100\n|-unboost|p2b: Gholdengo|spa|1\n|move|p1a: Rillaboom|Grass Pledge|p2a: Roaring Moon\n|-waiting|p1a: Rillaboom|p1b: Empoleon\n|move|p1b: Empoleon|Water Pledge|p2a: Roaring Moon|[from]move: Grass Pledge\n|-activate|p2a: Roaring Moon|move: Protect\n|\n|-heal|p1a: Rillaboom|60\/100|[from] Grassy Terrain\n|-heal|p1b: Empoleon|92\/100|[from] Grassy Terrain\n|upkeep\n|turn|2\n|inactive|LinkDF has 30 seconds left.\n|inactive|StarkHD has 30 seconds left.\n|inactive|StarkHD has 20 seconds left.\n|inactive|StarkHD has 15 seconds left.\n|\n|t:|1699718689\n|-terastallize|p2a: Roaring Moon|Poison\n|move|p2a: Roaring Moon|Knock Off|p1b: Empoleon\n|-damage|p1b: Empoleon|43\/100\n|-enditem|p1b: Empoleon|Assault Vest|[from] move: Knock Off|[of] p2a: Roaring Moon\n|move|p2b: Gholdengo|Make It Rain|p1a: Rillaboom|[spread] p1a,p1b\n|-resisted|p1a: Rillaboom\n|-resisted|p1b: Empoleon\n|-damage|p1a: Rillaboom|31\/100\n|-damage|p1b: Empoleon|29\/100\n|-unboost|p2b: Gholdengo|spa|1\n|move|p1a: Rillaboom|Knock Off|p2b: Gholdengo\n|-supereffective|p2b: Gholdengo\n|-damage|p2b: Gholdengo|35\/100\n|-enditem|p2b: Gholdengo|Choice Specs|[from] move: Knock Off|[of] p1a: Rillaboom\n|move|p1b: Empoleon|Flash Cannon|p2a: Roaring Moon\n|-damage|p2a: Roaring Moon|64\/100\n|\n|-heal|p2a: Roaring Moon|70\/100|[from] Grassy Terrain\n|-heal|p2b: Gholdengo|41\/100|[from] Grassy Terrain\n|-heal|p1a: Rillaboom|37\/100|[from] Grassy Terrain\n|-heal|p1b: Empoleon|34\/100|[from] Grassy Terrain\n|upkeep\n|turn|3\n|inactive|LinkDF has 30 seconds left.\n|inactive|LinkDF has 20 seconds left.\n|inactive|StarkHD has 30 seconds left.\n|inactive|LinkDF has 15 seconds left.\n|inactive|LinkDF has 10 seconds left.\n|\n|t:|1699718738\n|switch|p2b: Iron Hands|Iron Hands, L50, shiny|100\/100\n|move|p2a: Roaring Moon|Tailwind|p2a: Roaring Moon\n|-sidestart|p2: StarkHD|move: Tailwind\n|move|p1a: Rillaboom|Wood Hammer|p2b: Iron Hands\n|-damage|p2b: Iron Hands|33\/100\n|-damage|p1a: Rillaboom|11\/100|[from] Recoil\n|move|p1b: Empoleon|Water Pledge|p2a: Roaring Moon\n|-damage|p2a: Roaring Moon|35\/100\n|\n|-heal|p2a: Roaring Moon|41\/100|[from] Grassy Terrain\n|-heal|p2b: Iron Hands|39\/100|[from] Grassy Terrain\n|-heal|p1a: Rillaboom|17\/100|[from] Grassy Terrain\n|-heal|p1b: Empoleon|40\/100|[from] Grassy Terrain\n|upkeep\n|turn|4\n|inactive|LinkDF has 30 seconds left.\n|inactive|StarkHD has 30 seconds left.\n|\n|t:|1699718765\n|move|p2a: Roaring Moon|Knock Off|p1a: Rillaboom\n|-damage|p1a: Rillaboom|0 fnt\n|-enditem|p1a: Rillaboom|Miracle Seed|[from] move: Knock Off|[of] p2a: Roaring Moon\n|faint|p1a: Rillaboom\n|move|p2b: Iron Hands|Drain Punch|p1b: Empoleon\n|-supereffective|p1b: Empoleon\n|-damage|p1b: Empoleon|0 fnt\n|-heal|p2b: Iron Hands|53\/100|[from] drain|[of] p1b: Empoleon\n|faint|p1b: Empoleon\n|\n|-heal|p2a: Roaring Moon|47\/100|[from] Grassy Terrain\n|-heal|p2b: Iron Hands|59\/100|[from] Grassy Terrain\n|upkeep\n|\n|t:|1699718777\n|switch|p1a: Iron Hands|Iron Hands, L50|100\/100\n|switch|p1b: Ogerpon|Ogerpon-Hearthflame, L50, F|100\/100\n|-ability|p1b: Ogerpon|Mold Breaker\n|-enditem|p1a: Iron Hands|Grassy Seed\n|-boost|p1a: Iron Hands|def|1|[from] item: Grassy Seed\n|turn|5\n|inactive|LinkDF has 30 seconds left.\n|\n|t:|1699718804\n|move|p1a: Iron Hands|Fake Out|p2b: Iron Hands\n|-damage|p2b: Iron Hands|50\/100\n|move|p2a: Roaring Moon|Breaking Swipe|p1a: Iron Hands|[spread] p1a,p1b\n|-damage|p1a: Iron Hands|91\/100\n|-damage|p1b: Ogerpon|76\/100\n|-unboost|p1a: Iron Hands|atk|1\n|-unboost|p1b: Ogerpon|atk|1\n|move|p1b: Ogerpon|Ivy Cudgel|p2a: Roaring Moon\n|-crit|p2a: Roaring Moon\n|-damage|p2a: Roaring Moon|0 fnt\n|faint|p2a: Roaring Moon\n|-end|p2a: Roaring Moon|Protosynthesis|[silent]\n|cant|p2b: Iron Hands|flinch\n|\n|-heal|p1b: Ogerpon|82\/100|[from] Grassy Terrain\n|-heal|p2b: Iron Hands|56\/100|[from] Grassy Terrain\n|-heal|p1a: Iron Hands|98\/100|[from] Grassy Terrain\n|-fieldend|move: Grassy Terrain\n|upkeep\n|inactive|StarkHD has 30 seconds left.\n|\n|t:|1699718833\n|switch|p2a: Ogerpon|Ogerpon-Wellspring, L50, F|100\/100\n|turn|6\n|\n|t:|1699718855\n|move|p1b: Ogerpon|Spiky Shield|p1b: Ogerpon\n|-singleturn|p1b: Ogerpon|move: Protect\n|move|p2a: Ogerpon|Horn Leech|p1a: Iron Hands\n|-damage|p1a: Iron Hands|75\/100\n|move|p2b: Iron Hands|Drain Punch|p1a: Iron Hands\n|-damage|p1a: Iron Hands|57\/100\n|-heal|p2b: Iron Hands|65\/100|[from] drain|[of] p1a: Iron Hands\n|move|p1a: Iron Hands|Swords Dance|p1a: Iron Hands\n|-boost|p1a: Iron Hands|atk|2\n|\n|-sideend|p2: StarkHD|move: Tailwind\n|upkeep\n|turn|7\n|\n|t:|1699718874\n|move|p1b: Ogerpon|Stomping Tantrum|p2b: Iron Hands\n|-supereffective|p2b: Iron Hands\n|-damage|p2b: Iron Hands|40\/100\n|move|p2a: Ogerpon|Ivy Cudgel|p1b: Ogerpon\n|-damage|p1b: Ogerpon|10\/100\n|move|p2b: Iron Hands|Drain Punch|p1b: Ogerpon\n|-damage|p1b: Ogerpon|0 fnt\n|-heal|p2b: Iron Hands|44\/100|[from] drain|[of] p1b: Ogerpon\n|faint|p1b: Ogerpon\n|move|p1a: Iron Hands|Drain Punch|p2a: Ogerpon\n|-damage|p2a: Ogerpon|38\/100\n|-heal|p1a: Iron Hands|80\/100|[from] drain|[of] p2a: Ogerpon\n|\n|upkeep\n|turn|8\n|\n|t:|1699718892\n|move|p2a: Ogerpon|Horn Leech|p1a: Iron Hands\n|-damage|p1a: Iron Hands|60\/100\n|-heal|p2a: Ogerpon|51\/100|[from] drain|[of] p1a: Iron Hands\n|move|p2b: Iron Hands|Drain Punch|p1a: Iron Hands\n|-damage|p1a: Iron Hands|43\/100\n|-heal|p2b: Iron Hands|53\/100|[from] drain|[of] p1a: Iron Hands\n|move|p1a: Iron Hands|Swords Dance|p1a: Iron Hands\n|-boost|p1a: Iron Hands|atk|2\n|\n|upkeep\n|turn|9\n|\n|t:|1699718905\n|-end|p2b: Iron Hands|Quark Drive|[silent]\n|switch|p2b: Gholdengo|Gholdengo, L50, shiny|41\/100\n|move|p2a: Ogerpon|Horn Leech|p1a: Iron Hands\n|-damage|p1a: Iron Hands|22\/100\n|-heal|p2a: Ogerpon|66\/100|[from] drain|[of] p1a: Iron Hands\n|move|p1a: Iron Hands|Drain Punch|p2b: Gholdengo\n|-immune|p2b: Gholdengo\n|\n|upkeep\n|turn|10\n|\n|t:|1699718917\n|move|p2a: Ogerpon|Horn Leech|p1a: Iron Hands\n|-damage|p1a: Iron Hands|1\/100\n|-heal|p2a: Ogerpon|81\/100|[from] drain|[of] p1a: Iron Hands\n|move|p2b: Gholdengo|Shadow Ball|p1a: Iron Hands\n|-damage|p1a: Iron Hands|0 fnt\n|faint|p1a: Iron Hands\n|-end|p1a: Iron Hands|Quark Drive|[silent]\n|\n|win|StarkHD\n|raw|LinkDF's rating: 1251 &rarr; <strong>1232<\/strong><br \/>(-19 for losing)\n|raw|StarkHD's rating: 1331 &rarr; <strong>1346<\/strong><br \/>(+15 for winning)\n","uploadtime":1699718929,"views":25,"p1id":"linkdf","p2id":"starkhd","formatid":"gen9vgc2023regulatione","rating":1232,"private":0,"password":""}