{"id":"gen9vgc2023regulatione-1989881494","p1":"RileyBrielle","p2":"ChienPaoVGC1","format":"[Gen 9] VGC 2023 Regulation E","log":"|j|\u2606RileyBrielle\n|j|\u203dChienPaoVGC1\n|t:|1699903526\n|gametype|doubles\n|player|p1|RileyBrielle|dawn-gen4pt|1028\n|player|p2|ChienPaoVGC1|marnie-league|1027\n|teamsize|p1|6\n|teamsize|p2|6\n|gen|9\n|tier|[Gen 9] VGC 2023 Regulation E\n|rated|\n|rule|Species Clause: Limit one of each Pok\u00e9mon\n|rule|Item Clause: Limit one of each item\n|clearpoke\n|poke|p1|Roaring Moon, L50|\n|poke|p1|Landorus-Therian, L50, M|\n|poke|p1|Amoonguss, L50, F|\n|poke|p1|Ogerpon-Wellspring, L50, F|\n|poke|p1|Flutter Mane, L50|\n|poke|p1|Iron Hands, L50|\n|poke|p2|Chien-Pao, L50|\n|poke|p2|Milotic, L50, M|\n|poke|p2|Landorus-Therian, L50, M|\n|poke|p2|Flutter Mane, L50|\n|poke|p2|Iron Hands, L50|\n|poke|p2|Ogerpon-Hearthflame, L50, F|\n|teampreview|4\n|inactive|Battle timer is ON: inactive players will automatically lose when time's up. (requested by RileyBrielle)\nChienPaoVGC1 has agreed to open team sheets.\n|inactive|ChienPaoVGC1 has 60 seconds left.\n|\n|t:|1699903590\n|start\n|switch|p1a: Ogerpon|Ogerpon-Wellspring, L50, F|100\/100\n|switch|p1b: Amoonguss|Amoonguss, L50, F|100\/100\n|switch|p2a: Chien-Pao|Chien-Pao, L50|100\/100\n|switch|p2b: Milotic|Milotic, L50, M|100\/100\n|-ability|p2a: Chien-Pao|Sword of Ruin\n|turn|1\n|\n|t:|1699903610\n|move|p2a: Chien-Pao|Icicle Crash|p1b: Amoonguss|[miss]\n|-miss|p2a: Chien-Pao|p1b: Amoonguss\n|move|p1a: Ogerpon|Horn Leech|p2b: Milotic\n|-supereffective|p2b: Milotic\n|-damage|p2b: Milotic|16\/100\n|move|p2b: Milotic|Coil|p2b: Milotic\n|-boost|p2b: Milotic|atk|1\n|-boost|p2b: Milotic|def|1\n|-boost|p2b: Milotic|accuracy|1\n|move|p1b: Amoonguss|Spore|p2a: Chien-Pao\n|-status|p2a: Chien-Pao|slp|[from] move: Spore\n|\n|-heal|p2b: Milotic|22\/100|[from] item: Leftovers\n|upkeep\n|turn|2\n|\n|t:|1699903632\n|move|p2b: Milotic|Protect|p2b: Milotic\n|-singleturn|p2b: Milotic|Protect\n|move|p1b: Amoonguss|Rage Powder|p1b: Amoonguss\n|-singleturn|p1b: Amoonguss|move: Rage Powder\n|cant|p2a: Chien-Pao|slp\n|move|p1a: Ogerpon|Horn Leech|p2b: Milotic\n|-activate|p2b: Milotic|move: Protect\n|\n|-heal|p2b: Milotic|28\/100|[from] item: Leftovers\n|upkeep\n|turn|3\n|\n|t:|1699903652\n|-terastallize|p2b: Milotic|Grass\n|cant|p2a: Chien-Pao|slp\n|move|p1a: Ogerpon|Swords Dance|p1a: Ogerpon\n|-boost|p1a: Ogerpon|atk|2\n|move|p2b: Milotic|Hypnosis|p1a: Ogerpon\n|-status|p1a: Ogerpon|slp|[from] move: Hypnosis\n|move|p1b: Amoonguss|Spore|p2b: Milotic\n|-immune|p2b: Milotic\n|\n|-heal|p2b: Milotic|34\/100|[from] item: Leftovers\n|upkeep\n|turn|4\n|c|\u2606RileyBrielle|great read\n|inactive|ChienPaoVGC1 has 30 seconds left.\n|\n|t:|1699903679\n|move|p2b: Milotic|Protect|p2b: Milotic\n|-singleturn|p2b: Milotic|Protect\n|move|p1b: Amoonguss|Rage Powder|p1b: Amoonguss\n|-singleturn|p1b: Amoonguss|move: Rage Powder\n|cant|p2a: Chien-Pao|slp\n|cant|p1a: Ogerpon|slp\n|\n|-heal|p2b: Milotic|40\/100|[from] item: Leftovers\n|upkeep\n|turn|5\n|\n|t:|1699903695\n|cant|p1a: Ogerpon|slp\n|move|p1b: Amoonguss|Protect|p1b: Amoonguss\n|-singleturn|p1b: Amoonguss|Protect\n|-curestatus|p2a: Chien-Pao|slp|[msg]\n|move|p2a: Chien-Pao|Icicle Crash|p1b: Amoonguss\n|-activate|p1b: Amoonguss|move: Protect\n|move|p2b: Milotic|Coil|p2b: Milotic\n|-boost|p2b: Milotic|atk|1\n|-boost|p2b: Milotic|def|1\n|-boost|p2b: Milotic|accuracy|1\n|\n|-heal|p2b: Milotic|46\/100|[from] item: Leftovers\n|upkeep\n|turn|6\n|inactive|ChienPaoVGC1 has 30 seconds left.\n|\n|t:|1699903721\n|move|p2b: Milotic|Protect|p2b: Milotic\n|-singleturn|p2b: Milotic|Protect\n|move|p1b: Amoonguss|Rage Powder|p1b: Amoonguss\n|-singleturn|p1b: Amoonguss|move: Rage Powder\n|move|p2a: Chien-Pao|Icicle Crash|p1b: Amoonguss|[miss]\n|-miss|p2a: Chien-Pao|p1b: Amoonguss\n|cant|p1a: Ogerpon|slp\n|\n|-heal|p2b: Milotic|52\/100|[from] item: Leftovers\n|upkeep\n|turn|7\n|\n|t:|1699903744\n|move|p2a: Chien-Pao|Icicle Crash|p1b: Amoonguss\n|-supereffective|p1b: Amoonguss\n|-damage|p1b: Amoonguss|0 fnt\n|faint|p1b: Amoonguss\n|-curestatus|p1a: Ogerpon|slp|[msg]\n|move|p1a: Ogerpon|Horn Leech|p2b: Milotic\n|-resisted|p2b: Milotic\n|-damage|p2b: Milotic|32\/100\n|move|p2b: Milotic|Hypnosis|p1a: Ogerpon\n|-status|p1a: Ogerpon|slp|[from] move: Hypnosis\n|\n|-heal|p2b: Milotic|38\/100|[from] item: Leftovers\n|upkeep\n|\n|t:|1699903761\n|switch|p1b: Landorus|Landorus-Therian, L50, M|100\/100\n|-ability|p1b: Landorus|Intimidate|boost\n|-unboost|p2a: Chien-Pao|atk|1\n|-unboost|p2b: Milotic|atk|1\n|-ability|p2b: Milotic|Competitive|boost\n|-boost|p2b: Milotic|spa|2\n|turn|8\n|inactive|ChienPaoVGC1 has 30 seconds left.\n|inactive|ChienPaoVGC1 has 20 seconds left.\n|inactive|ChienPaoVGC1 has 15 seconds left.\n|\n|t:|1699903802\n|-terastallize|p1b: Landorus|Flying\n|move|p1b: Landorus|Tera Blast|p2b: Milotic|[anim] Tera Blast Flying\n|-supereffective|p2b: Milotic\n|-damage|p2b: Milotic|0 fnt\n|faint|p2b: Milotic\n|move|p2a: Chien-Pao|Icicle Crash|p1b: Landorus\n|-supereffective|p1b: Landorus\n|-damage|p1b: Landorus|9\/100\n|cant|p1a: Ogerpon|slp\n|\n|upkeep\n|\n|t:|1699903812\n|switch|p2b: Iron Hands|Iron Hands, L50|100\/100\n|turn|9\n|\n|t:|1699903822\n|move|p2b: Iron Hands|Fake Out|p1b: Landorus\n|-damage|p1b: Landorus|0 fnt\n|faint|p1b: Landorus\n|move|p2a: Chien-Pao|Icicle Crash|p1a: Ogerpon|[miss]\n|-miss|p2a: Chien-Pao|p1a: Ogerpon\n|cant|p1a: Ogerpon|slp\n|\n|upkeep\n|\n|t:|1699903830\n|switch|p1b: Roaring Moon|Roaring Moon, L50, shiny|100\/100\n|-enditem|p1b: Roaring Moon|Booster Energy\n|-activate|p1b: Roaring Moon|ability: Protosynthesis|[fromitem]\n|-start|p1b: Roaring Moon|protosynthesisatk\n|turn|10\n|\n|t:|1699903841\n|switch|p2a: Landorus|Landorus-Therian, L50, M|100\/100\n|-ability|p2a: Landorus|Intimidate|boost\n|-unboost|p1a: Ogerpon|atk|1\n|-unboost|p1b: Roaring Moon|atk|1\n|move|p1b: Roaring Moon|Tailwind|p1b: Roaring Moon\n|-sidestart|p1: RileyBrielle|move: Tailwind\n|-curestatus|p1a: Ogerpon|slp|[msg]\n|move|p1a: Ogerpon|Ivy Cudgel|p2b: Iron Hands\n|-damage|p2b: Iron Hands|49\/100\n|move|p2b: Iron Hands|Drain Punch|p1b: Roaring Moon\n|-supereffective|p1b: Roaring Moon\n|-damage|p1b: Roaring Moon|0 fnt\n|-heal|p2b: Iron Hands|87\/100|[from] drain|[of] p1b: Roaring Moon\n|faint|p1b: Roaring Moon\n|-end|p1b: Roaring Moon|Protosynthesis|[silent]\n|\n|upkeep\n|turn|11\n|\n|t:|1699903862\n|move|p1a: Ogerpon|Ivy Cudgel|p2a: Landorus\n|-supereffective|p2a: Landorus\n|-damage|p2a: Landorus|0 fnt\n|faint|p2a: Landorus\n|move|p2b: Iron Hands|Wild Charge|p1a: Ogerpon\n|-damage|p1a: Ogerpon|48\/100\n|-damage|p2b: Iron Hands|77\/100|[from] Recoil\n|\n|upkeep\n|\n|t:|1699903868\n|switch|p2a: Chien-Pao|Chien-Pao, L50|100\/100\n|-ability|p2a: Chien-Pao|Sword of Ruin\n|turn|12\n|\n|t:|1699903874\n|move|p1a: Ogerpon|Ivy Cudgel|p2b: Iron Hands\n|-damage|p2b: Iron Hands|14\/100\n|move|p2a: Chien-Pao|Icicle Crash|p1a: Ogerpon\n|-damage|p1a: Ogerpon|0 fnt\n|faint|p1a: Ogerpon\n|\n|win|ChienPaoVGC1\n|raw|RileyBrielle's rating: 1028 &rarr; <strong>1014<\/strong><br \/>(-14 for losing)\n|raw|ChienPaoVGC1's rating: 1027 &rarr; <strong>1063<\/strong><br \/>(+36 for winning)\n|c|\u2606RileyBrielle|gg\n|l|\u2606RileyBrielle\n","uploadtime":1699903920,"views":24,"p1id":"rileybrielle","p2id":"chienpaovgc1","formatid":"gen9vgc2023regulatione","rating":1014,"private":0,"password":""}