{"id":"gen9vgc2023regulatione-1996527859","p1":"Gregory2","p2":"Holibrand","format":"[Gen 9] VGC 2023 Regulation E","log":"|j|\u2606Gregory2\n|j|\u2606Holibrand\n|t:|1700690878\n|gametype|doubles\n|player|p1|Gregory2|170|1074\n|player|p2|Holibrand|pokemonbreeder-gen4|1134\n|teamsize|p1|6\n|teamsize|p2|6\n|gen|9\n|tier|[Gen 9] VGC 2023 Regulation E\n|rated|\n|rule|Species Clause: Limit one of each Pok\u00e9mon\n|rule|Item Clause: Limit one of each item\n|clearpoke\n|poke|p1|Tornadus, L50, M|\n|poke|p1|Flutter Mane, L50|\n|poke|p1|Rillaboom, L50, F|\n|poke|p1|Ogerpon-Hearthflame, L50, F|\n|poke|p1|Chien-Pao, L50|\n|poke|p1|Dragonite, L50, F|\n|poke|p2|Chi-Yu, L50|\n|poke|p2|Amoonguss, L50, M|\n|poke|p2|Rillaboom, L50, F|\n|poke|p2|Flutter Mane, L50|\n|poke|p2|Landorus-Therian, L50, M|\n|poke|p2|Tornadus, L50, M|\n|teampreview|4\n|inactive|Battle timer is ON: inactive players will automatically lose when time's up. (requested by Holibrand)\nGregory2 has agreed to open team sheets.\n|inactive|Gregory2 has 60 seconds left.\n|inactive|Gregory2 has 30 seconds left.\n|inactive|Gregory2 has 20 seconds left.\n|inactive|Gregory2 has 15 seconds left.\n|inactive|Gregory2 has 10 seconds left.\n|\n|t:|1700690961\n|start\n|switch|p1a: Dragonite|Dragonite, L50, F|100\/100\n|switch|p1b: Brujita|Flutter Mane, L50|100\/100\n|switch|p2a: Amoonguss|Amoonguss, L50, M|100\/100\n|switch|p2b: Chi-Yu|Chi-Yu, L50|100\/100\n|-ability|p2b: Chi-Yu|Beads of Ruin\n|turn|1\n|inactive|Gregory2 has 30 seconds left.\n|inactive|Gregory2 has 20 seconds left.\n|\n|t:|1700691000\n|move|p2a: Amoonguss|Rage Powder|p2a: Amoonguss\n|-singleturn|p2a: Amoonguss|move: Rage Powder\n|move|p1b: Brujita|Moonblast|p2a: Amoonguss\n|-resisted|p2a: Amoonguss\n|-damage|p2a: Amoonguss|65\/100\n|-unboost|p2a: Amoonguss|spa|1\n|-damage|p1b: Brujita|91\/100|[from] item: Life Orb\n|move|p2b: Chi-Yu|Nasty Plot|p2b: Chi-Yu\n|-boost|p2b: Chi-Yu|spa|2\n|move|p1a: Dragonite|Stomping Tantrum|p2a: Amoonguss\n|-damage|p2a: Amoonguss|28\/100\n|\n|upkeep\n|turn|2\n|inactive|Holibrand has 30 seconds left.\n|inactive|Gregory2 has 30 seconds left.\n|\n|t:|1700691035\n|switch|p2a: Tornadus|Tornadus, L50, M|100\/100\n|move|p2b: Chi-Yu|Protect|p2b: Chi-Yu\n|-singleturn|p2b: Chi-Yu|Protect\n|move|p1b: Brujita|Moonblast|p2a: Tornadus\n|-damage|p2a: Tornadus|0 fnt\n|faint|p2a: Tornadus\n|-damage|p1b: Brujita|81\/100|[from] item: Life Orb\n|move|p1a: Dragonite|Stomping Tantrum|p2b: Chi-Yu\n|-activate|p2b: Chi-Yu|move: Protect\n|\n|upkeep\n|\n|t:|1700691044\n|switch|p2a: Amoonguss|Amoonguss, L50, M|61\/100\n|turn|3\n|\n|t:|1700691058\n|switch|p1a: Ogerpon|Ogerpon-Hearthflame, L50, F|100\/100\n|-ability|p1a: Ogerpon|Mold Breaker\n|move|p2a: Amoonguss|Rage Powder|p2a: Amoonguss\n|-singleturn|p2a: Amoonguss|move: Rage Powder\n|move|p1b: Brujita|Moonblast|p2a: Amoonguss\n|-resisted|p2a: Amoonguss\n|-damage|p2a: Amoonguss|30\/100\n|-unboost|p2a: Amoonguss|spa|1\n|-damage|p1b: Brujita|72\/100|[from] item: Life Orb\n|move|p2b: Chi-Yu|Heat Wave|p1a: Ogerpon|[spread] p1a,p1b\n|-damage|p1a: Ogerpon|0 fnt\n|-damage|p1b: Brujita|0 fnt\n|faint|p1a: Ogerpon\n|faint|p1b: Brujita\n|-end|p1b: Brujita|Protosynthesis|[silent]\n|-damage|p2b: Chi-Yu|91\/100|[from] item: Life Orb\n|\n|upkeep\n|\n|t:|1700691069\n|switch|p1b: Dragonite|Dragonite, L50, F|100\/100\n|switch|p1a: Chien-Pao|Chien-Pao, L50|100\/100\n|-ability|p1a: Chien-Pao|Sword of Ruin\n|turn|4\n|\n|t:|1700691080\n|-terastallize|p2b: Chi-Yu|Dark\n|move|p1a: Chien-Pao|Protect|p1a: Chien-Pao\n|-singleturn|p1a: Chien-Pao|Protect\n|move|p2a: Amoonguss|Rage Powder|p2a: Amoonguss\n|-singleturn|p2a: Amoonguss|move: Rage Powder\n|move|p2b: Chi-Yu|Snarl|p1a: Chien-Pao|[spread] p1b\n|-activate|p1a: Chien-Pao|move: Protect\n|-damage|p1b: Dragonite|0 fnt\n|faint|p1b: Dragonite\n|-damage|p2b: Chi-Yu|81\/100|[from] item: Life Orb\n|\n|upkeep\n|turn|5\n|-message|Gregory2 forfeited.\n|\n|win|Holibrand\n|raw|Gregory2's rating: 1074 &rarr; <strong>1057<\/strong><br \/>(-17 for losing)\n|raw|Holibrand's rating: 1134 &rarr; <strong>1155<\/strong><br \/>(+21 for winning)\n|l|\u2606Gregory2\n","uploadtime":1700691172,"views":12,"p1id":"gregory2","p2id":"holibrand","formatid":"gen9vgc2023regulatione","rating":1057,"private":0,"password":""}