{"id":"gen9vgc2023regulatione-1995651799","p1":"Mortipherus","p2":"Sans45910","format":"[Gen 9] VGC 2023 Regulation E","log":"|j|\u2606Mortipherus\n|j|\u2606Sans45910\n|n|\u2606Mortipherus|mortipherus\n|n|\u2606Sans45910|sans45910\n|html|View the match progress at <a href=\"\/game-bestof3-gen9vgc2023regulatione-1995651798\">game-bestof3-gen9vgc2023regulatione-1995651798<\/a>\n|t:|1700590919\n|gametype|doubles\n|player|p1|Mortipherus|biker-gen4|\n|player|p2|Sans45910|nate|\n|teamsize|p1|6\n|teamsize|p2|6\n|gen|9\n|tier|[Gen 9] VGC 2023 Regulation E\n|rule|Species Clause: Limit one of each Pok\u00e9mon\n|rule|Item Clause: Limit one of each item\n|clearpoke\n|poke|p1|Gholdengo, L50|\n|poke|p1|Roaring Moon, L50|\n|poke|p1|Iron Hands, L50|\n|poke|p1|Ogerpon-Hearthflame, L50, F|\n|poke|p1|Landorus-Therian, L50, M|\n|poke|p1|Flutter Mane, L50|\n|poke|p2|Scizor, L50, M|\n|poke|p2|Ogerpon-Wellspring, L50, F|\n|poke|p2|Chien-Pao, L50|\n|poke|p2|Tornadus, L50, M|\n|poke|p2|Landorus-Therian, L50, M|\n|poke|p2|Sandy Shocks, L50|\n|teampreview|4\nSans45910 has agreed to open team sheets.\nMortipherus has agreed to open team sheets.\n|showteam|p1|Gholdengo||Leftovers|GoodasGold|Protect,NastyPlot,MakeItRain,ShadowBall||||||50|,,,,,Dragon]Roaring Moon||BoosterEnergy|Protosynthesis|Protect,Tailwind,KnockOff,Acrobatics||||||50|,,,,,Flying]Iron Hands||AssaultVest|QuarkDrive|FakeOut,DrainPunch,WildCharge,HeavySlam||||||50|,,,,,Fire]Ogerpon-Hearthflame||HearthflameMask|MoldBreaker|SpikyShield,SwordsDance,IvyCudgel,HornLeech|||F|||50|,,,,,Fire]Landorus-Therian||ChoiceScarf|Intimidate|StompingTantrum,TeraBlast,RockSlide,Uturn|||M|||50|,,,,,Flying]Flutter Mane||FairyFeather|Protosynthesis|Protect,Substitute,Moonblast,ShadowBall||||||50|,,,,,Fairy\n|showteam|p2|Scizor||ClearAmulet|Technician|BulletPunch,BugBite,Protect,DualWingbeat|||M|||50|,,,,,Dragon]Ogerpon-Wellspring||WellspringMask|WaterAbsorb|IvyCudgel,SpikyShield,HornLeech,FollowMe|||F|||50|,,,,,Water]Chien-Pao||FocusSash|SwordofRuin|SuckerPunch,IceSpinner,Protect,ThroatChop||||||50|,,,,,Dark]Tornadus||MentalHerb|Prankster|BleakwindStorm,Taunt,Tailwind,IcyWind|||M|||50|,,,,,Ghost]Landorus-Therian||ChoiceScarf|Intimidate|Uturn,TeraBlast,StompingTantrum,RockSlide|||M|||50|,,,,,Flying]Sandy Shocks||BoosterEnergy|Protosynthesis|TeraBlast,Thunderbolt,EarthPower,Protect||||||50|,,,,,Ice\n|\n|t:|1700590960\n|start\n|switch|p1a: Gholdengo|Gholdengo, L50|100\/100\n|switch|p1b: Roaring Moon|Roaring Moon, L50, shiny|100\/100\n|switch|p2a: Scizor|Scizor, L50, M|100\/100\n|switch|p2b: Tornadus|Tornadus, L50, M|100\/100\n|-enditem|p1b: Roaring Moon|Booster Energy\n|-activate|p1b: Roaring Moon|ability: Protosynthesis|[fromitem]\n|-start|p1b: Roaring Moon|protosynthesisspe\n|turn|1\n|\n|t:|1700590986\n|switch|p2b: Landorus|Landorus-Therian, L50, M|100\/100\n|-ability|p2b: Landorus|Intimidate|boost\n|-unboost|p1a: Gholdengo|atk|1\n|-unboost|p1b: Roaring Moon|atk|1\n|move|p1b: Roaring Moon|Tailwind|p1b: Roaring Moon\n|-sidestart|p1: Mortipherus|move: Tailwind\n|move|p1a: Gholdengo|Nasty Plot|p1a: Gholdengo\n|-boost|p1a: Gholdengo|spa|2\n|move|p2a: Scizor|Bug Bite|p1b: Roaring Moon\n|-supereffective|p1b: Roaring Moon\n|-crit|p1b: Roaring Moon\n|-damage|p1b: Roaring Moon|0 fnt\n|faint|p1b: Roaring Moon\n|-end|p1b: Roaring Moon|Protosynthesis|[silent]\n|\n|upkeep\n|\n|t:|1700591000\n|switch|p1b: Landorus|Landorus-Therian, L50, M|100\/100\n|-ability|p1b: Landorus|Intimidate|boost\n|-fail|p2a: Scizor|unboost|[from] item: Clear Amulet|[of] p2a: Scizor\n|-unboost|p2b: Landorus|atk|1\n|turn|2\n|\n|t:|1700591023\n|switch|p2b: Tornadus|Tornadus, L50, M|100\/100\n|move|p2a: Scizor|Protect|p2a: Scizor\n|-singleturn|p2a: Scizor|Protect\n|move|p1b: Landorus|U-turn|p2b: Tornadus\n|-resisted|p2b: Tornadus\n|-damage|p2b: Tornadus|85\/100\n|\n|t:|1700591043\n|switch|p1b: Iron Hands|Iron Hands, L50|100\/100|[from] U-turn\n|move|p1a: Gholdengo|Make It Rain|p2a: Scizor|[spread] p2b\n|-activate|p2a: Scizor|move: Protect\n|-damage|p2b: Tornadus|4\/100\n|-unboost|p1a: Gholdengo|spa|1\n|\n|upkeep\n|turn|3\n|\n|t:|1700591066\n|move|p1b: Iron Hands|Fake Out|p2b: Tornadus\n|-damage|p2b: Tornadus|0 fnt\n|faint|p2b: Tornadus\n|move|p1a: Gholdengo|Shadow Ball|p2a: Scizor\n|-damage|p2a: Scizor|28\/100\n|move|p2a: Scizor|Dual Wingbeat|p1b: Iron Hands\n|-damage|p1b: Iron Hands|86\/100\n|-damage|p1b: Iron Hands|69\/100\n|-hitcount|p1b: Iron Hands|2\n|\n|upkeep\n|\n|t:|1700591073\n|switch|p2b: Chien-Pao|Chien-Pao, L50|100\/100\n|-ability|p2b: Chien-Pao|Sword of Ruin\n|turn|4\n|\n|t:|1700591094\n|-terastallize|p1a: Gholdengo|Dragon\n|move|p2b: Chien-Pao|Protect|p2b: Chien-Pao\n|-singleturn|p2b: Chien-Pao|Protect\n|move|p2a: Scizor|Protect|p2a: Scizor\n|-singleturn|p2a: Scizor|Protect\n|move|p1a: Gholdengo|Make It Rain|p2a: Scizor|[spread] \n|-activate|p2a: Scizor|move: Protect\n|-activate|p2b: Chien-Pao|move: Protect\n|move|p1b: Iron Hands|Drain Punch|p2b: Chien-Pao\n|-activate|p2b: Chien-Pao|move: Protect\n|\n|-sideend|p1: Mortipherus|move: Tailwind\n|upkeep\n|turn|5\n|\n|t:|1700591134\n|switch|p2b: Landorus|Landorus-Therian, L50, M|100\/100\n|-ability|p2b: Landorus|Intimidate|boost\n|-unboost|p1a: Gholdengo|atk|1\n|-unboost|p1b: Iron Hands|atk|1\n|move|p1a: Gholdengo|Protect|p1a: Gholdengo\n|-singleturn|p1a: Gholdengo|Protect\n|move|p2a: Scizor|Dual Wingbeat|p1b: Iron Hands\n|-damage|p1b: Iron Hands|53\/100\n|-damage|p1b: Iron Hands|37\/100\n|-hitcount|p1b: Iron Hands|2\n|move|p1b: Iron Hands|Drain Punch|p2b: Landorus\n|-resisted|p2b: Landorus\n|-damage|p2b: Landorus|83\/100\n|-heal|p1b: Iron Hands|43\/100|[from] drain|[of] p2b: Landorus\n|\n|upkeep\n|turn|6\n|\n|t:|1700591165\n|-end|p1b: Iron Hands|Quark Drive|[silent]\n|switch|p1b: Landorus|Landorus-Therian, L50, M|100\/100\n|-ability|p1b: Landorus|Intimidate|boost\n|-fail|p2a: Scizor|unboost|[from] item: Clear Amulet|[of] p2a: Scizor\n|-unboost|p2b: Landorus|atk|1\n|move|p2b: Landorus|Stomping Tantrum|p1b: Landorus\n|-immune|p1b: Landorus\n|move|p1a: Gholdengo|Make It Rain|p2a: Scizor|[spread] p2a,p2b\n|-resisted|p2a: Scizor\n|-damage|p2a: Scizor|0 fnt\n|-damage|p2b: Landorus|0 fnt\n|-unboost|p1a: Gholdengo|spa|1\n|faint|p2a: Scizor\n|faint|p2b: Landorus\n|\n|upkeep\n|\n|t:|1700591172\n|switch|p2b: Chien-Pao|Chien-Pao, L50|100\/100\n|-ability|p2b: Chien-Pao|Sword of Ruin\n|turn|7\n|\n|t:|1700591191\n|switch|p1b: Iron Hands|Iron Hands, L50|43\/100\n|move|p2b: Chien-Pao|Ice Spinner|p1b: Iron Hands\n|-damage|p1b: Iron Hands|6\/100\n|move|p1a: Gholdengo|Make It Rain|p2b: Chien-Pao\n|-supereffective|p2b: Chien-Pao\n|-enditem|p2b: Chien-Pao|Focus Sash\n|-damage|p2b: Chien-Pao|1\/100\n|-unboost|p1a: Gholdengo|spa|1\n|\n|upkeep\n|turn|8\n|c|\u2606Sans45910|gg\n|\n|t:|1700591206\n|move|p2b: Chien-Pao|Protect|p2b: Chien-Pao\n|-singleturn|p2b: Chien-Pao|Protect\n|move|p1b: Iron Hands|Fake Out|p2b: Chien-Pao\n|-activate|p2b: Chien-Pao|move: Protect\n|move|p1a: Gholdengo|Nasty Plot|p1a: Gholdengo\n|-boost|p1a: Gholdengo|spa|2\n|\n|upkeep\n|turn|9\n|\n|t:|1700591218\n|move|p2b: Chien-Pao|Ice Spinner|p1a: Gholdengo\n|-supereffective|p1a: Gholdengo\n|-damage|p1a: Gholdengo|12\/100\n|move|p1a: Gholdengo|Shadow Ball|p2b: Chien-Pao\n|-resisted|p2b: Chien-Pao\n|-damage|p2b: Chien-Pao|0 fnt\n|faint|p2b: Chien-Pao\n|\n|win|Mortipherus\n|c|&|\/uhtml prompt-sans45910,Sans45910 is ready for game 2!\n|inactive|Mortipherus has 50 seconds to confirm battle start!\n|c|&|\/uhtml prompt-mortipherus,Mortipherus is ready for game 2!\nBoth players are ready! Starting next match!\n","uploadtime":1700591547,"views":3,"p1id":"mortipherus","p2id":"sans45910","formatid":"gen9vgc2023regulatione","rating":0,"private":0,"password":""}