{"id":"gen9vgc2023regulatione-1997397467","p1":"bobforte22","p2":"Maestro KillerX","format":"[Gen 9] VGC 2023 Regulation E","log":"|j|\u2606bobforte22\n|j|\u2606Maestro KillerX\n|t:|1700798928\n|gametype|doubles\n|player|p1|bobforte22|pilot|1136\n|player|p2|Maestro KillerX|gambler|1046\n|teamsize|p1|6\n|teamsize|p2|6\n|gen|9\n|tier|[Gen 9] VGC 2023 Regulation E\n|rated|\n|rule|Species Clause: Limit one of each Pok\u00e9mon\n|rule|Item Clause: Limit one of each item\n|clearpoke\n|poke|p1|Wo-Chien, L50|\n|poke|p1|Dragapult, L50, M|\n|poke|p1|Ting-Lu, L50|\n|poke|p1|Flutter Mane, L50|\n|poke|p1|Arcanine-Hisui, L50, F|\n|poke|p1|Gyarados, L50, M|\n|poke|p2|Dusknoir, L50, M|\n|poke|p2|Toxapex, L50, M|\n|poke|p2|Breloom, L50, M|\n|poke|p2|Iron Hands, L50|\n|poke|p2|Azumarill, L50, F|\n|poke|p2|Copperajah, L50, M|\n|teampreview|4\n|inactive|Battle timer is ON: inactive players will automatically lose when time's up. (requested by Maestro KillerX)\nMaestro KillerX has agreed to open team sheets.\n|inactive|bobforte22 has 60 seconds left.\n|\n|t:|1700798982\n|start\n|switch|p1a: Dragapult|Dragapult, L50, M|100\/100\n|switch|p1b: Wo-Chien|Wo-Chien, L50|100\/100\n|switch|p2a: Dusknoir|Dusknoir, L50, M, shiny|100\/100\n|switch|p2b: Toxapex|Toxapex, L50, M|100\/100\n|-ability|p1b: Wo-Chien|Tablets of Ruin\n|-item|p1a: Dragapult|Rocky Helmet|[from] ability: Frisk|[of] p2a: Dusknoir|[identify]\n|-item|p1b: Wo-Chien|Leftovers|[from] ability: Frisk|[of] p2a: Dusknoir|[identify]\n|turn|1\n|inactive|Maestro KillerX has 30 seconds left.\n|\n|t:|1700799010\n|move|p2b: Toxapex|Baneful Bunker|p2b: Toxapex\n|-singleturn|p2b: Toxapex|move: Protect\n|move|p1a: Dragapult|Will-O-Wisp|p2a: Dusknoir\n|-status|p2a: Dusknoir|brn\n|move|p1b: Wo-Chien|Leech Seed|p2a: Dusknoir\n|-start|p2a: Dusknoir|move: Leech Seed\n|move|p2a: Dusknoir|Trick Room|p2a: Dusknoir\n|-fieldstart|move: Trick Room|[of] p2a: Dusknoir\n|\n|-damage|p2a: Dusknoir|88\/100 brn|[from] Leech Seed|[of] p1b: Wo-Chien\n|-damage|p2a: Dusknoir|82\/100 brn|[from] brn\n|upkeep\n|turn|2\n|inactive|bobforte22 has 30 seconds left.\n|\n|t:|1700799036\n|switch|p1a: Arcanine|Arcanine-Hisui, L50, F|100\/100\n|-ability|p1a: Arcanine|Intimidate|boost\n|-unboost|p2a: Dusknoir|atk|1\n|-unboost|p2b: Toxapex|atk|1\n|move|p2b: Toxapex|Toxic Spikes|p1b: Wo-Chien\n|-sidestart|p1: bobforte22|move: Toxic Spikes\n|move|p2a: Dusknoir|Trick|p1a: Arcanine\n|-activate|p2a: Dusknoir|move: Trick|[of] p1a: Arcanine\n|-item|p1a: Arcanine|Flame Orb|[from] move: Trick\n|-item|p2a: Dusknoir|Choice Band|[from] move: Trick\n|move|p1b: Wo-Chien|Leech Seed|p2b: Toxapex\n|-start|p2b: Toxapex|move: Leech Seed\n|\n|-damage|p2b: Toxapex|88\/100|[from] Leech Seed|[of] p1b: Wo-Chien\n|-damage|p2a: Dusknoir|70\/100 brn|[from] Leech Seed|[of] p1b: Wo-Chien\n|-damage|p2a: Dusknoir|64\/100 brn|[from] brn\n|upkeep\n|turn|3\n|inactive|Maestro KillerX has 30 seconds left.\n|\n|t:|1700799065\n|move|p2b: Toxapex|Baneful Bunker|p2b: Toxapex\n|-singleturn|p2b: Toxapex|move: Protect\n|move|p2a: Dusknoir|Trick|p1b: Wo-Chien\n|-activate|p2a: Dusknoir|move: Trick|[of] p1b: Wo-Chien\n|-item|p1b: Wo-Chien|Choice Band|[from] move: Trick\n|-item|p2a: Dusknoir|Leftovers|[from] move: Trick\n|move|p1b: Wo-Chien|Ruination|p2a: Dusknoir\n|-damage|p2a: Dusknoir|32\/100 brn\n|move|p1a: Arcanine|Flare Blitz|p2a: Dusknoir\n|-damage|p2a: Dusknoir|0 fnt\n|faint|p2a: Dusknoir\n|-damage|p1a: Arcanine|94\/100|[from] Recoil\n|\n|-damage|p2b: Toxapex|76\/100|[from] Leech Seed|[of] p1b: Wo-Chien\n|upkeep\n|inactive|Maestro KillerX has 30 seconds left.\n|inactive|Maestro KillerX has 20 seconds left.\n|inactive|Maestro KillerX has 15 seconds left.\n|\n|t:|1700799107\n|switch|p2a: Copperajah|Copperajah, L50, M|100\/100\n|turn|4\n|\n|t:|1700799123\n|-terastallize|p2a: Copperajah|Fire\n|-terastallize|p1a: Arcanine|Steel\n|move|p2b: Toxapex|Toxic Spikes|p1a: Arcanine\n|-sidestart|p1: bobforte22|move: Toxic Spikes\n|move|p1b: Wo-Chien|Ruination|p2b: Toxapex\n|-damage|p2b: Toxapex|39\/100\n|move|p1a: Arcanine|Flare Blitz|p2a: Copperajah\n|-resisted|p2a: Copperajah\n|-crit|p2a: Copperajah\n|-damage|p2a: Copperajah|77\/100\n|-damage|p1a: Arcanine|85\/100|[from] Recoil\n|move|p2a: Copperajah|Whirlwind|p1a: Arcanine\n|drag|p1a: Dragapult|Dragapult, L50, M|100\/100\n|-status|p1a: Dragapult|tox\n|\n|-heal|p2a: Copperajah|83\/100|[from] item: Leftovers\n|-damage|p2b: Toxapex|27\/100|[from] Leech Seed|[of] p1b: Wo-Chien\n|-damage|p1a: Dragapult|95\/100 tox|[from] psn\n|upkeep\n|turn|5\n|inactive|bobforte22 has 30 seconds left.\n|inactive|Maestro KillerX has 30 seconds left.\n|\n|t:|1700799158\n|move|p1a: Dragapult|Protect|p1a: Dragapult\n|-singleturn|p1a: Dragapult|Protect\n|move|p2a: Copperajah|Heat Crash|p1b: Wo-Chien\n|-supereffective|p1b: Wo-Chien\n|-damage|p1b: Wo-Chien|40\/100\n|move|p2b: Toxapex|Haze|p2b: Toxapex\n|-clearallboost\n|move|p1b: Wo-Chien|Ruination|p2a: Copperajah\n|-damage|p2a: Copperajah|42\/100\n|\n|-heal|p2a: Copperajah|48\/100|[from] item: Leftovers\n|-damage|p2b: Toxapex|15\/100|[from] Leech Seed|[of] p1b: Wo-Chien\n|-heal|p1b: Wo-Chien|50\/100|[silent]\n|-damage|p1a: Dragapult|83\/100 tox|[from] psn\n|-fieldend|move: Trick Room\n|upkeep\n|turn|6\n|inactive|Maestro KillerX has 30 seconds left.\n|\n|t:|1700799186\n|move|p2b: Toxapex|Baneful Bunker|p2b: Toxapex\n|-singleturn|p2b: Toxapex|move: Protect\n|move|p1a: Dragapult|Dragon Claw|p2b: Toxapex\n|-activate|p2b: Toxapex|move: Protect\n|move|p1b: Wo-Chien|Ruination|p2a: Copperajah\n|-damage|p2a: Copperajah|25\/100\n|move|p2a: Copperajah|Heat Crash|p1b: Wo-Chien\n|-supereffective|p1b: Wo-Chien\n|-damage|p1b: Wo-Chien|0 fnt\n|faint|p1b: Wo-Chien\n|\n|-heal|p2a: Copperajah|31\/100|[from] item: Leftovers\n|-damage|p1a: Dragapult|65\/100 tox|[from] psn\n|upkeep\n|\n|t:|1700799191\n|switch|p1b: Gyarados|Gyarados, L50, M|100\/100\n|-ability|p1b: Gyarados|Intimidate|boost\n|-unboost|p2a: Copperajah|atk|1\n|-unboost|p2b: Toxapex|atk|1\n|turn|7\n|inactive|Maestro KillerX has 30 seconds left.\n|inactive|Maestro KillerX has 20 seconds left.\n|\n|t:|1700799228\n|switch|p2a: Breloom|Breloom, L50, M, shiny|100\/100\n|move|p1a: Dragapult|Dragon Claw|p2b: Toxapex\n|-damage|p2b: Toxapex|0 fnt\n|-damage|p1a: Dragapult|49\/100 tox|[from] item: Rocky Helmet|[of] p2b: Toxapex\n|faint|p2b: Toxapex\n|move|p1b: Gyarados|Waterfall|p2a: Breloom\n|-resisted|p2a: Breloom\n|-damage|p2a: Breloom|80\/100\n|\n|-damage|p1a: Dragapult|25\/100 tox|[from] psn\n|-status|p2a: Breloom|tox|[from] item: Toxic Orb\n|upkeep\n|\n|t:|1700799244\n|switch|p2b: Copperajah|Copperajah, L50, M, tera:Fire|31\/100\n|turn|8\n|\n|t:|1700799266\n|move|p1b: Gyarados|Protect|p1b: Gyarados\n|-singleturn|p1b: Gyarados|Protect\n|move|p1a: Dragapult|Will-O-Wisp|p2a: Breloom|[miss]\n|-miss|p1a: Dragapult|p2a: Breloom\n|move|p2a: Breloom|Spore|p1b: Gyarados\n|-activate|p1b: Gyarados|move: Protect\n|move|p2b: Copperajah|Heavy Slam|p1a: Dragapult\n|-crit|p1a: Dragapult\n|-damage|p1a: Dragapult|0 fnt\n|-damage|p2b: Copperajah|14\/100|[from] item: Rocky Helmet|[of] p1a: Dragapult\n|faint|p1a: Dragapult\n|\n|-heal|p2b: Copperajah|20\/100|[from] item: Leftovers\n|-heal|p2a: Breloom|92\/100 tox|[from] ability: Poison Heal\n|upkeep\n|\n|t:|1700799277\n|switch|p1a: Arcanine|Arcanine-Hisui, L50, F, tera:Steel|85\/100\n|-ability|p1a: Arcanine|Intimidate|boost\n|-unboost|p2a: Breloom|atk|1\n|-unboost|p2b: Copperajah|atk|1\n|turn|9\n|inactive|bobforte22 has 30 seconds left.\n|\n|t:|1700799302\n|move|p2a: Breloom|Protect|p2a: Breloom\n|-singleturn|p2a: Breloom|Protect\n|move|p1a: Arcanine|Rock Slide|p2b: Copperajah|[spread] p2b\n|-activate|p2a: Breloom|move: Protect\n|-supereffective|p2b: Copperajah\n|-damage|p2b: Copperajah|0 fnt\n|faint|p2b: Copperajah\n|move|p1b: Gyarados|Waterfall|p2a: Breloom\n|-activate|p2a: Breloom|move: Protect\n|\n|-heal|p2a: Breloom|100\/100 tox|[from] ability: Poison Heal\n|-status|p1a: Arcanine|brn|[from] item: Flame Orb\n|upkeep\n|turn|10\n|inactive|Maestro KillerX has 30 seconds left.\n|\n|t:|1700799330\n|move|p1a: Arcanine|Flare Blitz|p2a: Breloom\n|-supereffective|p2a: Breloom\n|-damage|p2a: Breloom|38\/100 tox\n|-damage|p1a: Arcanine|70\/100 brn|[from] Recoil\n|move|p1b: Gyarados|Taunt|p2a: Breloom\n|-start|p2a: Breloom|move: Taunt\n|move|p2a: Breloom|Drain Punch|p1a: Arcanine\n|-supereffective|p1a: Arcanine\n|-damage|p1a: Arcanine|21\/100 brn\n|-heal|p2a: Breloom|74\/100 tox|[from] drain|[of] p1a: Arcanine\n|\n|-heal|p2a: Breloom|86\/100 tox|[from] ability: Poison Heal\n|-damage|p1a: Arcanine|15\/100 brn|[from] brn\n|upkeep\n|turn|11\n|inactive|Maestro KillerX has 30 seconds left.\n|\n|t:|1700799363\n|move|p1a: Arcanine|Flare Blitz|p2a: Breloom\n|-supereffective|p2a: Breloom\n|-damage|p2a: Breloom|17\/100 tox\n|-damage|p1a: Arcanine|0 fnt|[from] Recoil\n|faint|p1a: Arcanine\n|move|p1b: Gyarados|Waterfall|p2a: Breloom\n|-resisted|p2a: Breloom\n|-damage|p2a: Breloom|0 fnt\n|faint|p2a: Breloom\n|\n|win|bobforte22\n|raw|bobforte22's rating: 1136 &rarr; <strong>1155<\/strong><br \/>(+19 for winning)\n|raw|Maestro KillerX's rating: 1046 &rarr; <strong>1033<\/strong><br \/>(-13 for losing)\n","uploadtime":1700799374,"views":7,"p1id":"bobforte22","p2id":"maestrokillerx","formatid":"gen9vgc2023regulatione","rating":1033,"private":0,"password":""}