{"id":"gen9vgc2023regulatione-1992232112","p1":"AlexVBF","p2":"bluflier","format":"[Gen 9] VGC 2023 Regulation E","log":"|j|\u2606AlexVBF\n|j|\u2606bluflier\n|t:|1700166061\n|gametype|doubles\n|player|p1|AlexVBF|lady|1130\n|player|p2|bluflier|169|1168\n|teamsize|p1|6\n|teamsize|p2|6\n|gen|9\n|tier|[Gen 9] VGC 2023 Regulation E\n|rated|\n|rule|Species Clause: Limit one of each Pok\u00e9mon\n|rule|Item Clause: Limit one of each item\n|clearpoke\n|poke|p1|Arcanine-Hisui, L50, M|\n|poke|p1|Rillaboom, L50, M|\n|poke|p1|Flutter Mane, L50|\n|poke|p1|Ogerpon-Wellspring, L50, F|\n|poke|p1|Landorus-Therian, L50, M|\n|poke|p1|Chien-Pao, L50|\n|poke|p2|Ogerpon-Wellspring, L50, F|\n|poke|p2|Chi-Yu, L50|\n|poke|p2|Glastrier, L50|\n|poke|p2|Iron Hands, L50|\n|poke|p2|Zapdos, L50|\n|poke|p2|Landorus-Therian, L50, M|\n|teampreview|4\n|\n|t:|1700166102\n|start\n|switch|p1a: Rillaboom|Rillaboom, L50, M|100\/100\n|switch|p1b: Landorus|Landorus-Therian, L50, M|100\/100\n|switch|p2a: Landorus|Landorus-Therian, L50, M|100\/100\n|switch|p2b: Iron Hands|Iron Hands, L50|100\/100\n|-ability|p1b: Landorus|Intimidate|boost\n|-unboost|p2a: Landorus|atk|1\n|-unboost|p2b: Iron Hands|atk|1\n|-ability|p2a: Landorus|Intimidate|boost\n|-unboost|p1a: Rillaboom|atk|1\n|-unboost|p1b: Landorus|atk|1\n|-fieldstart|move: Grassy Terrain|[from] ability: Grassy Surge|[of] p1a: Rillaboom\n|turn|1\n|\n|t:|1700166156\n|move|p1a: Rillaboom|Fake Out|p2b: Iron Hands\n|-damage|p2b: Iron Hands|94\/100\n|cant|p2b: Iron Hands|flinch\n|move|p1b: Landorus|Stomping Tantrum|p2b: Iron Hands\n|-supereffective|p2b: Iron Hands\n|-damage|p2b: Iron Hands|60\/100\n|move|p2a: Landorus|U-turn|p1a: Rillaboom\n|-supereffective|p1a: Rillaboom\n|-damage|p1a: Rillaboom|64\/100\n|\n|t:|1700166168\n|switch|p2a: Chi-Yu|Chi-Yu, L50|100\/100|[from] U-turn\n|-ability|p2a: Chi-Yu|Beads of Ruin\n|\n|-heal|p1a: Rillaboom|70\/100|[from] Grassy Terrain\n|-heal|p2b: Iron Hands|66\/100|[from] Grassy Terrain\n|upkeep\n|turn|2\n|\n|t:|1700166187\n|-end|p2b: Iron Hands|Quark Drive|[silent]\n|switch|p2b: Ogerpon|Ogerpon-Wellspring, L50, F|100\/100\n|move|p2a: Chi-Yu|Protect|p2a: Chi-Yu\n|-singleturn|p2a: Chi-Yu|Protect\n|move|p1b: Landorus|Stomping Tantrum|p2a: Chi-Yu\n|-activate|p2a: Chi-Yu|move: Protect\n|move|p1a: Rillaboom|High Horsepower|p2a: Chi-Yu\n|-activate|p2a: Chi-Yu|move: Protect\n|\n|-heal|p1a: Rillaboom|75\/100|[from] Grassy Terrain\n|upkeep\n|turn|3\n|\n|t:|1700166217\n|switch|p1a: Flutter Mane|Flutter Mane, L50|100\/100\n|-terastallize|p2a: Chi-Yu|Grass\n|move|p1b: Landorus|Stomping Tantrum|p2a: Chi-Yu\n|-resisted|p2a: Chi-Yu\n|-damage|p2a: Chi-Yu|78\/100\n|move|p2b: Ogerpon|Ivy Cudgel|p1b: Landorus|[anim] Ivy Cudgel Water\n|-supereffective|p1b: Landorus\n|-damage|p1b: Landorus|0 fnt\n|faint|p1b: Landorus\n|move|p2a: Chi-Yu|Heat Wave|p1a: Flutter Mane\n|-damage|p1a: Flutter Mane|0 fnt\n|faint|p1a: Flutter Mane\n|-end|p1a: Flutter Mane|Protosynthesis|[silent]\n|-damage|p2a: Chi-Yu|68\/100|[from] item: Life Orb\n|\n|-heal|p2a: Chi-Yu|74\/100|[from] Grassy Terrain\n|upkeep\n|\n|t:|1700166232\n|switch|p1a: Rillaboom|Rillaboom, L50, M|75\/100\n|switch|p1b: Chien-Pao|Chien-Pao, L50|100\/100\n|-ability|p1b: Chien-Pao|Sword of Ruin\n|turn|4\n|\n|t:|1700166259\n|move|p2a: Chi-Yu|Protect|p2a: Chi-Yu\n|-singleturn|p2a: Chi-Yu|Protect\n|move|p1a: Rillaboom|Grassy Glide|p2b: Ogerpon\n|-damage|p2b: Ogerpon|36\/100\n|move|p1b: Chien-Pao|Icicle Crash|p2b: Ogerpon\n|-damage|p2b: Ogerpon|0 fnt\n|faint|p2b: Ogerpon\n|\n|-heal|p1a: Rillaboom|81\/100|[from] Grassy Terrain\n|-heal|p2a: Chi-Yu|80\/100|[from] Grassy Terrain\n|upkeep\n|\n|t:|1700166271\n|switch|p2b: Iron Hands|Iron Hands, L50|66\/100\n|turn|5\n|\n|t:|1700166284\n|-terastallize|p1b: Chien-Pao|Ghost\n|move|p2b: Iron Hands|Fake Out|p1b: Chien-Pao\n|-immune|p1b: Chien-Pao\n|move|p1b: Chien-Pao|Icicle Crash|p2a: Chi-Yu\n|-supereffective|p2a: Chi-Yu\n|-damage|p2a: Chi-Yu|0 fnt\n|faint|p2a: Chi-Yu\n|move|p1a: Rillaboom|High Horsepower|p2b: Iron Hands\n|-supereffective|p2b: Iron Hands\n|-damage|p2b: Iron Hands|11\/100\n|\n|-heal|p1a: Rillaboom|87\/100|[from] Grassy Terrain\n|-heal|p2b: Iron Hands|17\/100|[from] Grassy Terrain\n|-fieldend|move: Grassy Terrain\n|upkeep\n|\n|t:|1700166296\n|switch|p2a: Landorus|Landorus-Therian, L50, M|100\/100\n|-ability|p2a: Landorus|Intimidate|boost\n|-unboost|p1a: Rillaboom|atk|1\n|-unboost|p1b: Chien-Pao|atk|1\n|turn|6\n|\n|t:|1700166312\n|move|p2a: Landorus|Stomping Tantrum|p1b: Chien-Pao\n|-damage|p1b: Chien-Pao|40\/100\n|move|p1b: Chien-Pao|Icicle Crash|p2a: Landorus\n|-supereffective|p2a: Landorus\n|-damage|p2a: Landorus|0 fnt\n|faint|p2a: Landorus\n|move|p1a: Rillaboom|High Horsepower|p2b: Iron Hands\n|-supereffective|p2b: Iron Hands\n|-damage|p2b: Iron Hands|0 fnt\n|faint|p2b: Iron Hands\n|-end|p2b: Iron Hands|Quark Drive|[silent]\n|\n|win|AlexVBF\n|raw|AlexVBF's rating: 1130 &rarr; <strong>1158<\/strong><br \/>(+28 for winning)\n|raw|bluflier's rating: 1168 &rarr; <strong>1140<\/strong><br \/>(-28 for losing)\n","uploadtime":1700166340,"views":9,"p1id":"alexvbf","p2id":"bluflier","formatid":"gen9vgc2023regulatione","rating":1140,"private":0,"password":""}