{"id":"gen9vgc2023regulatione-1996547291","p1":"Scrubbadubba","p2":"shimst3r","format":"[Gen 9] VGC 2023 Regulation E","log":"|j|\u2606Scrubbadubba\n|j|\u2606shimst3r\n|t:|1700692925\n|gametype|doubles\n|player|p1|Scrubbadubba|170|1110\n|player|p2|shimst3r|clown|1082\n|teamsize|p1|6\n|teamsize|p2|6\n|gen|9\n|tier|[Gen 9] VGC 2023 Regulation E\n|rated|\n|rule|Species Clause: Limit one of each Pok\u00e9mon\n|rule|Item Clause: Limit one of each item\n|clearpoke\n|poke|p1|Breloom, L50, M|\n|poke|p1|Thundurus, L50, M|\n|poke|p1|Flutter Mane, L50|\n|poke|p1|Roaring Moon, L50|\n|poke|p1|Iron Hands, L50|\n|poke|p1|Heatran, L50, F|\n|poke|p2|Amoonguss, L50, F|\n|poke|p2|Arcanine-Hisui, L50, M|\n|poke|p2|Farigiraf, L50, M|\n|poke|p2|Flutter Mane, L50|\n|poke|p2|Gothitelle, L50, F|\n|poke|p2|Snorlax, L50, F|\n|teampreview|4\nshimst3r rejected open team sheets.\n|\n|t:|1700692957\n|start\n|switch|p1a: Breloom|Breloom, L50, M|100\/100\n|switch|p1b: Roaring Moon|Roaring Moon, L50|100\/100\n|switch|p2a: Gothitelle|Gothitelle, L50, F|100\/100\n|switch|p2b: Snorlax|Snorlax, L50, F|100\/100\n|-enditem|p1b: Roaring Moon|Booster Energy\n|-activate|p1b: Roaring Moon|ability: Protosynthesis|[fromitem]\n|-start|p1b: Roaring Moon|protosynthesisatk\n|turn|1\n|\n|t:|1700692980\n|-terastallize|p1a: Breloom|Fairy\n|move|p2a: Gothitelle|Fake Out|p1a: Breloom\n|-damage|p1a: Breloom|92\/100\n|move|p1b: Roaring Moon|Knock Off|p2a: Gothitelle\n|-supereffective|p2a: Gothitelle\n|-damage|p2a: Gothitelle|0 fnt\n|-enditem|p2a: Gothitelle|Leftovers|[from] move: Knock Off|[of] p1b: Roaring Moon\n|faint|p2a: Gothitelle\n|cant|p1a: Breloom|flinch\n|move|p2b: Snorlax|Curse|p2b: Snorlax\n|-unboost|p2b: Snorlax|spe|1\n|-boost|p2b: Snorlax|atk|1\n|-boost|p2b: Snorlax|def|1\n|\n|upkeep\n|\n|t:|1700692997\n|switch|p2a: Arcanine|Arcanine-Hisui, L50, M|100\/100\n|-ability|p2a: Arcanine|Intimidate|boost\n|-unboost|p1a: Breloom|atk|1\n|-unboost|p1b: Roaring Moon|atk|1\n|turn|2\n|\n|t:|1700693016\n|switch|p1a: Iron Hands|Iron Hands, L50|100\/100\n|move|p1b: Roaring Moon|Tailwind|p1b: Roaring Moon\n|-sidestart|p1: Scrubbadubba|move: Tailwind\n|move|p2a: Arcanine|Rock Slide|p1a: Iron Hands|[spread] p1a\n|-miss|p2a: Arcanine|p1b: Roaring Moon\n|-resisted|p1a: Iron Hands\n|-damage|p1a: Iron Hands|89\/100\n|move|p2b: Snorlax|Curse|p2b: Snorlax\n|-unboost|p2b: Snorlax|spe|1\n|-boost|p2b: Snorlax|atk|1\n|-boost|p2b: Snorlax|def|1\n|\n|upkeep\n|turn|3\n|\n|t:|1700693035\n|move|p1a: Iron Hands|Fake Out|p2a: Arcanine\n|-resisted|p2a: Arcanine\n|-damage|p2a: Arcanine|93\/100\n|move|p1b: Roaring Moon|Breaking Swipe|p2b: Snorlax|[spread] p2a,p2b\n|-damage|p2a: Arcanine|68\/100\n|-damage|p2b: Snorlax|93\/100\n|-unboost|p2a: Arcanine|atk|1\n|-unboost|p2b: Snorlax|atk|1\n|cant|p2a: Arcanine|flinch\n|move|p2b: Snorlax|High Horsepower|p1a: Iron Hands\n|-supereffective|p1a: Iron Hands\n|-damage|p1a: Iron Hands|34\/100\n|\n|upkeep\n|turn|4\n|\n|t:|1700693064\n|switch|p2a: Amoonguss|Amoonguss, L50, F|100\/100\n|move|p1b: Roaring Moon|Knock Off|p2b: Snorlax\n|-damage|p2b: Snorlax|75\/100\n|-enditem|p2b: Snorlax|Wiki Berry|[from] move: Knock Off|[of] p1b: Roaring Moon\n|move|p1a: Iron Hands|Drain Punch|p2b: Snorlax\n|-supereffective|p2b: Snorlax\n|-damage|p2b: Snorlax|48\/100\n|-heal|p1a: Iron Hands|48\/100|[from] drain|[of] p2b: Snorlax\n|move|p2b: Snorlax|High Horsepower|p1a: Iron Hands\n|-supereffective|p1a: Iron Hands\n|-damage|p1a: Iron Hands|0 fnt\n|faint|p1a: Iron Hands\n|-end|p1a: Iron Hands|Quark Drive|[silent]\n|\n|upkeep\n|\n|t:|1700693084\n|switch|p1a: Breloom|Breloom, L50, M, tera:Fairy|92\/100\n|turn|5\n|\n|t:|1700693108\n|move|p2a: Amoonguss|Rage Powder|p2a: Amoonguss\n|-singleturn|p2a: Amoonguss|move: Rage Powder\n|move|p1a: Breloom|Mach Punch|p2a: Amoonguss\n|-resisted|p2a: Amoonguss\n|-damage|p2a: Amoonguss|88\/100\n|-damage|p1a: Breloom|75\/100|[from] item: Rocky Helmet|[of] p2a: Amoonguss\n|move|p1b: Roaring Moon|Acrobatics|p2a: Amoonguss\n|-supereffective|p2a: Amoonguss\n|-damage|p2a: Amoonguss|32\/100\n|-damage|p1b: Roaring Moon|84\/100|[from] item: Rocky Helmet|[of] p2a: Amoonguss\n|move|p2b: Snorlax|Curse|p2b: Snorlax\n|-unboost|p2b: Snorlax|spe|1\n|-boost|p2b: Snorlax|atk|1\n|-boost|p2b: Snorlax|def|1\n|\n|-sideend|p1: Scrubbadubba|move: Tailwind\n|upkeep\n|turn|6\n|\n|t:|1700693131\n|switch|p2a: Arcanine|Arcanine-Hisui, L50, M|68\/100\n|-ability|p2a: Arcanine|Intimidate|boost\n|-unboost|p1a: Breloom|atk|1\n|-unboost|p1b: Roaring Moon|atk|1\n|move|p1b: Roaring Moon|Acrobatics|p2a: Arcanine\n|-resisted|p2a: Arcanine\n|-damage|p2a: Arcanine|52\/100\n|move|p1a: Breloom|Spore|p2b: Snorlax\n|-status|p2b: Snorlax|slp|[from] move: Spore\n|cant|p2b: Snorlax|slp\n|\n|upkeep\n|turn|7\n|\n|t:|1700693166\n|switch|p2a: Amoonguss|Amoonguss, L50, F|66\/100\n|move|p1a: Breloom|Mach Punch|p2a: Amoonguss\n|-resisted|p2a: Amoonguss\n|-crit|p2a: Amoonguss\n|-damage|p2a: Amoonguss|48\/100\n|-damage|p1a: Breloom|59\/100|[from] item: Rocky Helmet|[of] p2a: Amoonguss\n|move|p1b: Roaring Moon|Breaking Swipe|p2a: Amoonguss|[spread] p2a,p2b\n|-damage|p2a: Amoonguss|36\/100\n|-damage|p2b: Snorlax|42\/100 slp\n|-unboost|p2a: Amoonguss|atk|1\n|-unboost|p2b: Snorlax|atk|1\n|-damage|p1b: Roaring Moon|67\/100|[from] item: Rocky Helmet|[of] p2a: Amoonguss\n|-curestatus|p2b: Snorlax|slp|[msg]\n|move|p2b: Snorlax|Double-Edge|p1a: Breloom\n|-damage|p1a: Breloom|0 fnt\n|faint|p1a: Breloom\n|-damage|p2b: Snorlax|31\/100|[from] Recoil\n|\n|upkeep\n|\n|t:|1700693177\n|switch|p1a: Heatran|Heatran, L50, F|100\/100\n|turn|8\n|\n|t:|1700693191\n|move|p2a: Amoonguss|Rage Powder|p2a: Amoonguss\n|-singleturn|p2a: Amoonguss|move: Rage Powder\n|move|p1b: Roaring Moon|Acrobatics|p2a: Amoonguss\n|-supereffective|p2a: Amoonguss\n|-damage|p2a: Amoonguss|0 fnt\n|-damage|p1b: Roaring Moon|50\/100|[from] item: Rocky Helmet|[of] p2a: Amoonguss\n|faint|p2a: Amoonguss\n|move|p1a: Heatran|Heat Wave|p2b: Snorlax\n|-damage|p2b: Snorlax|5\/100\n|move|p2b: Snorlax|High Horsepower|p1a: Heatran\n|-supereffective|p1a: Heatran\n|-damage|p1a: Heatran|0 fnt\n|faint|p1a: Heatran\n|\n|upkeep\n|\n|t:|1700693204\n|switch|p2a: Arcanine|Arcanine-Hisui, L50, M|52\/100\n|-ability|p2a: Arcanine|Intimidate|boost\n|-unboost|p1b: Roaring Moon|atk|1\n|turn|9\n|-message|Scrubbadubba forfeited.\n|\n|win|shimst3r\n|raw|Scrubbadubba's rating: 1110 &rarr; <strong>1083<\/strong><br \/>(-27 for losing)\n|raw|shimst3r's rating: 1082 &rarr; <strong>1112<\/strong><br \/>(+30 for winning)\n|l|\u2606Scrubbadubba\n","uploadtime":1700693215,"views":16,"p1id":"scrubbadubba","p2id":"shimst3r","formatid":"gen9vgc2023regulatione","rating":1083,"private":0,"password":""}