{"id":"gen9vgc2023regulatione-1988483471","p1":"iBalistaTityTwista","p2":"FunnyOwl27","format":"[Gen 9] VGC 2023 Regulation E","log":"|j|\u2606iBalistaTityTwista\n|j|\u2606FunnyOwl27\n|t:|1699727804\n|gametype|doubles\n|player|p1|iBalistaTityTwista|alder|1086\n|player|p2|FunnyOwl27|giovanni|1129\n|teamsize|p1|6\n|teamsize|p2|6\n|gen|9\n|tier|[Gen 9] VGC 2023 Regulation E\n|rated|\n|rule|Species Clause: Limit one of each Pok\u00e9mon\n|rule|Item Clause: Limit one of each item\n|clearpoke\n|poke|p1|Furret, L50, M|\n|poke|p1|Tornadus, L50, M|\n|poke|p1|Clefairy, L50, F|\n|poke|p1|Flutter Mane, L50|\n|poke|p1|Landorus-Therian, L50, M|\n|poke|p1|Ogerpon-Hearthflame, L50, F|\n|poke|p2|Munkidori, L50, M|\n|poke|p2|Chi-Yu, L50|\n|poke|p2|Rillaboom, L50, F|\n|poke|p2|Sneasler, L50, F|\n|poke|p2|Tornadus, L50, M|\n|poke|p2|Iron Bundle, L50|\n|teampreview|4\n|inactive|Battle timer is ON: inactive players will automatically lose when time's up. (requested by iBalistaTityTwista)\niBalistaTityTwista has agreed to open team sheets.\n|inactive|FunnyOwl27 has 60 seconds left.\n|\n|t:|1699727842\n|start\n|switch|p1a: franklin delano|Tornadus, L50, M|100\/100\n|switch|p1b: eleanor roosevelt|Flutter Mane, L50|100\/100\n|switch|p2a: Rillaboom|Rillaboom, L50, F|100\/100\n|switch|p2b: Tornadus|Tornadus, L50, M|100\/100\n|-fieldstart|move: Grassy Terrain|[from] ability: Grassy Surge|[of] p2a: Rillaboom\n|-enditem|p1b: eleanor roosevelt|Booster Energy\n|-activate|p1b: eleanor roosevelt|ability: Protosynthesis|[fromitem]\n|-start|p1b: eleanor roosevelt|protosynthesisspa\n|turn|1\n|inactive|FunnyOwl27 has 30 seconds left.\n|\n|t:|1699727869\n|move|p1a: franklin delano|Taunt|p2b: Tornadus\n|-start|p2b: Tornadus|move: Taunt\n|-enditem|p2b: Tornadus|Mental Herb\n|-end|p2b: Tornadus|move: Taunt\n|move|p2b: Tornadus|Scary Face|p1b: eleanor roosevelt\n|-unboost|p1b: eleanor roosevelt|spe|2\n|move|p2a: Rillaboom|Wood Hammer|p1b: eleanor roosevelt\n|-damage|p1b: eleanor roosevelt|0 fnt\n|faint|p1b: eleanor roosevelt\n|-end|p1b: eleanor roosevelt|Protosynthesis|[silent]\n|-damage|p2a: Rillaboom|76\/100|[from] Recoil\n|\n|-heal|p2a: Rillaboom|82\/100|[from] Grassy Terrain\n|upkeep\n|\n|t:|1699727880\n|switch|p1b: pepenipst|Clefairy, L50, F|100\/100\n|turn|2\n|\n|t:|1699727894\n|switch|p2b: Sneasler|Sneasler, L50, F|100\/100\n|-enditem|p2b: Sneasler|Grassy Seed\n|-boost|p2b: Sneasler|def|1|[from] item: Grassy Seed\n|move|p1b: pepenipst|Protect|p1b: pepenipst\n|-singleturn|p1b: pepenipst|Protect\n|move|p1a: franklin delano|Tailwind|p1a: franklin delano\n|-sidestart|p1: iBalistaTityTwista|move: Tailwind\n|move|p2a: Rillaboom|Knock Off|p1b: pepenipst\n|-activate|p1b: pepenipst|move: Protect\n|\n|-heal|p2a: Rillaboom|88\/100|[from] Grassy Terrain\n|upkeep\n|turn|3\n|\n|t:|1699727912\n|move|p1b: pepenipst|Helping Hand|p1a: franklin delano\n|-singleturn|p1a: franklin delano|Helping Hand|[of] p1b: pepenipst\n|move|p2b: Sneasler|Swords Dance|p2b: Sneasler\n|-boost|p2b: Sneasler|atk|2\n|move|p1a: franklin delano|Bleakwind Storm|p2b: Sneasler|[spread] p2a,p2b\n|-supereffective|p2a: Rillaboom\n|-supereffective|p2b: Sneasler\n|-damage|p2a: Rillaboom|0 fnt\n|-damage|p2b: Sneasler|0 fnt\n|faint|p2a: Rillaboom\n|faint|p2b: Sneasler\n|\n|upkeep\n|\n|t:|1699727920\n|switch|p2b: Tornadus|Tornadus, L50, M|100\/100\n|switch|p2a: Iron Bundle|Iron Bundle, L50|100\/100\n|-enditem|p2a: Iron Bundle|Booster Energy\n|-activate|p2a: Iron Bundle|ability: Quark Drive|[fromitem]\n|-start|p2a: Iron Bundle|quarkdrivespe\n|turn|4\n|inactive|iBalistaTityTwista has 30 seconds left.\n|\n|t:|1699727952\n|move|p1b: pepenipst|Follow Me|p1b: pepenipst\n|-singleturn|p1b: pepenipst|move: Follow Me\n|move|p1a: franklin delano|Taunt|p2b: Tornadus\n|-start|p2b: Tornadus|move: Taunt\n|move|p2a: Iron Bundle|Encore|p1b: pepenipst\n|-start|p1b: pepenipst|Encore\n|move|p2b: Tornadus|Bleakwind Storm|p1b: pepenipst|[spread] p1a,p1b\n|-damage|p1a: franklin delano|77\/100\n|-damage|p1b: pepenipst|73\/100\n|\n|-heal|p1b: pepenipst|80\/100|[from] Grassy Terrain\n|upkeep\n|turn|5\n|\n|t:|1699727964\n|move|p1b: pepenipst|Follow Me|p1b: pepenipst\n|-singleturn|p1b: pepenipst|move: Follow Me\n|move|p2a: Iron Bundle|Icy Wind|p1b: pepenipst|[spread] p1a,p1b\n|-supereffective|p1a: franklin delano\n|-damage|p1a: franklin delano|50\/100\n|-damage|p1b: pepenipst|66\/100\n|-unboost|p1a: franklin delano|spe|1\n|-unboost|p1b: pepenipst|spe|1\n|-enditem|p1a: franklin delano|Sitrus Berry|[eat]\n|-heal|p1a: franklin delano|75\/100|[from] item: Sitrus Berry\n|move|p1a: franklin delano|Bleakwind Storm|p2a: Iron Bundle|[spread] p2b\n|-miss|p1a: franklin delano|p2a: Iron Bundle\n|-damage|p2b: Tornadus|64\/100\n|move|p2b: Tornadus|Bleakwind Storm|p1b: pepenipst|[spread] p1a\n|-miss|p2b: Tornadus|p1b: pepenipst\n|-damage|p1a: franklin delano|52\/100\n|-unboost|p1a: franklin delano|spe|1\n|\n|-heal|p1b: pepenipst|72\/100|[from] Grassy Terrain\n|-sideend|p1: iBalistaTityTwista|move: Tailwind\n|upkeep\n|turn|6\n|\n|t:|1699727986\n|move|p1b: pepenipst|Follow Me|p1b: pepenipst\n|-singleturn|p1b: pepenipst|move: Follow Me\n|move|p2a: Iron Bundle|Freeze-Dry|p1b: pepenipst\n|-damage|p1b: pepenipst|47\/100\n|-status|p1b: pepenipst|frz\n|move|p2b: Tornadus|Bleakwind Storm|p1b: pepenipst|[spread] p1b\n|-miss|p2b: Tornadus|p1a: franklin delano\n|-damage|p1b: pepenipst|23\/100 frz\n|move|p1a: franklin delano|Bleakwind Storm|p2b: Tornadus|[spread] p2a\n|-miss|p1a: franklin delano|p2b: Tornadus\n|-damage|p2a: Iron Bundle|41\/100\n|\n|-heal|p2a: Iron Bundle|47\/100|[from] Grassy Terrain\n|-heal|p1b: pepenipst|29\/100 frz|[from] Grassy Terrain\n|-end|p2b: Tornadus|move: Taunt\n|upkeep\n|turn|7\n|\n|t:|1699728009\n|cant|p1b: pepenipst|frz\n|move|p2b: Tornadus|Tailwind|p2b: Tornadus\n|-sidestart|p2: FunnyOwl27|move: Tailwind\n|move|p2a: Iron Bundle|Freeze-Dry|p1a: franklin delano\n|-supereffective|p1a: franklin delano\n|-damage|p1a: franklin delano|6\/100\n|move|p1a: franklin delano|Bleakwind Storm|p2b: Tornadus|[spread] p2a,p2b\n|-damage|p2a: Iron Bundle|0 fnt\n|-damage|p2b: Tornadus|32\/100\n|-unboost|p2b: Tornadus|spe|1\n|faint|p2a: Iron Bundle\n|-end|p2a: Iron Bundle|Quark Drive|[silent]\n|\n|-heal|p1b: pepenipst|35\/100 frz|[from] Grassy Terrain\n|-end|p1b: pepenipst|Encore\n|upkeep\n|turn|8\n|\n|t:|1699728030\n|move|p1a: franklin delano|Protect|p1a: franklin delano\n|-singleturn|p1a: franklin delano|Protect\n|move|p2b: Tornadus|Bleakwind Storm|p1a: franklin delano|[spread] p1b\n|-activate|p1a: franklin delano|move: Protect\n|-crit|p1b: pepenipst\n|-damage|p1b: pepenipst|0 fnt\n|faint|p1b: pepenipst\n|\n|-fieldend|move: Grassy Terrain\n|upkeep\n|\n|t:|1699728033\n|switch|p1b: harry s truman|Furret, L50, M, shiny|100\/100\n|turn|9\n|\n|t:|1699728042\n|move|p1a: franklin delano|Tailwind|p1a: franklin delano\n|-sidestart|p1: iBalistaTityTwista|move: Tailwind\n|move|p1b: harry s truman|Tidy Up|p1b: harry s truman\n|-boost|p1b: harry s truman|atk|1\n|-boost|p1b: harry s truman|spe|1\n|move|p2b: Tornadus|Bleakwind Storm|p1b: harry s truman|[spread] p1a,p1b\n|-damage|p1a: franklin delano|0 fnt\n|-damage|p1b: harry s truman|43\/100\n|-unboost|p1b: harry s truman|spe|1\n|faint|p1a: franklin delano\n|\n|upkeep\n|turn|10\n|\n|t:|1699728052\n|-terastallize|p1b: harry s truman|Normal\n|-terastallize|p2b: Tornadus|Flying\n|move|p1b: harry s truman|Last Resort|p2b: Tornadus\n|-damage|p2b: Tornadus|0 fnt\n|faint|p2b: Tornadus\n|\n|win|iBalistaTityTwista\n|raw|iBalistaTityTwista's rating: 1086 &rarr; <strong>1116<\/strong><br \/>(+30 for winning)\n|raw|FunnyOwl27's rating: 1129 &rarr; <strong>1101<\/strong><br \/>(-28 for losing)\n|l|\u2606FunnyOwl27\n","uploadtime":1699728060,"views":29,"p1id":"ibalistatitytwista","p2id":"funnyowl27","formatid":"gen9vgc2023regulatione","rating":1101,"private":0,"password":""}