{"id":"gen9vgc2023regulatione-1998979747","p1":"Silverskar","p2":"xingshen","format":"[Gen 9] VGC 2023 Regulation E","log":"|j|\u2606Silverskar\n|j|\u2606xingshen\n|t:|1701020226\n|gametype|doubles\n|player|p1|Silverskar|266|1217\n|player|p2|xingshen|1|1239\n|teamsize|p1|6\n|teamsize|p2|6\n|gen|9\n|tier|[Gen 9] VGC 2023 Regulation E\n|rated|\n|rule|Species Clause: Limit one of each Pok\u00e9mon\n|rule|Item Clause: Limit one of each item\n|clearpoke\n|poke|p1|Regieleki, L50|\n|poke|p1|Charizard, L50, M|\n|poke|p1|Tornadus, L50, M|\n|poke|p1|Urshifu-*, L50, F|\n|poke|p1|Flutter Mane, L50|\n|poke|p1|Oranguru, L50, M|\n|poke|p2|Dondozo, L50, M|\n|poke|p2|Flutter Mane, L50|\n|poke|p2|Urshifu-*, L50, M|\n|poke|p2|Amoonguss, L50, M|\n|poke|p2|Tatsugiri, L50, M|\n|poke|p2|Ogerpon-Cornerstone, L50, F|\n|teampreview|4\n|inactive|Battle timer is ON: inactive players will automatically lose when time's up. (requested by Silverskar)\n|\n|t:|1701020257\n|start\n|switch|p1a: Flutter Mane|Flutter Mane, L50|100\/100\n|switch|p1b: Oranguru|Oranguru, L50, M|100\/100\n|switch|p2a: Dondozo|Dondozo, L50, M|100\/100\n|switch|p2b: Amoonguss|Amoonguss, L50, M|100\/100\n|-enditem|p1a: Flutter Mane|Booster Energy\n|-activate|p1b: Oranguru|ability: Symbiosis|Choice Scarf|[of] p1a: Flutter Mane\n|-activate|p1a: Flutter Mane|ability: Protosynthesis|[fromitem]\n|-start|p1a: Flutter Mane|protosynthesisspa\n|turn|1\n|inactive|xingshen has 30 seconds left.\n|\n|t:|1701020288\n|-terastallize|p1a: Flutter Mane|Fairy\n|move|p2a: Dondozo|Protect|p2a: Dondozo\n|-singleturn|p2a: Dondozo|Protect\n|move|p1a: Flutter Mane|Dazzling Gleam|p2a: Dondozo|[spread] p2b\n|-activate|p2a: Dondozo|move: Protect\n|-resisted|p2b: Amoonguss\n|-crit|p2b: Amoonguss\n|-damage|p2b: Amoonguss|56\/100\n|move|p1b: Oranguru|Instruct|p1a: Flutter Mane\n|-singleturn|p1a: Flutter Mane|move: Instruct|[of] p1b: Oranguru\n|move|p1a: Flutter Mane|Dazzling Gleam|p2a: Dondozo|[spread] p2b\n|-activate|p2a: Dondozo|move: Protect\n|-resisted|p2b: Amoonguss\n|-damage|p2b: Amoonguss|28\/100\n|move|p2b: Amoonguss|Spore|p1a: Flutter Mane\n|-status|p1a: Flutter Mane|slp|[from] move: Spore\n|\n|upkeep\n|turn|2\n|inactive|xingshen has 30 seconds left.\n|\n|t:|1701020322\n|switch|p2b: Tatsugiri|Tatsugiri, L50, M|100\/100\n|-activate|p2b: Tatsugiri|ability: Commander|[of] p2a: Dondozo\n|-boost|p2a: Dondozo|atk|2\n|-boost|p2a: Dondozo|spa|2\n|-boost|p2a: Dondozo|spe|2\n|-boost|p2a: Dondozo|def|2\n|-boost|p2a: Dondozo|spd|2\n|cant|p1a: Flutter Mane|slp\n|move|p2a: Dondozo|Yawn|p1b: Oranguru\n|-start|p1b: Oranguru|move: Yawn|[of] p2a: Dondozo\n|move|p1b: Oranguru|Energy Ball|p2a: Dondozo\n|-supereffective|p2a: Dondozo\n|-damage|p2a: Dondozo|83\/100\n|-enditem|p2a: Dondozo|Weakness Policy\n|-boost|p2a: Dondozo|atk|2|[from] item: Weakness Policy\n|-boost|p2a: Dondozo|spa|2|[from] item: Weakness Policy\n|\n|upkeep\n|turn|3\n|\n|t:|1701020342\n|cant|p1a: Flutter Mane|slp\n|move|p2a: Dondozo|Earthquake|p1b: Oranguru|[spread] p1a,p1b\n|-miss|p2a: Dondozo|p2b: Tatsugiri\n|-damage|p1a: Flutter Mane|0 fnt\n|-damage|p1b: Oranguru|37\/100\n|faint|p1a: Flutter Mane\n|-end|p1a: Flutter Mane|Protosynthesis|[silent]\n|move|p1b: Oranguru|Instruct|p1: Flutter Mane|[notarget]\n|-fail|p1b: Oranguru\n|\n|-end|p1b: Oranguru|move: Yawn|[silent]\n|-status|p1b: Oranguru|slp\n|upkeep\n|inactive|Silverskar has 30 seconds left.\n|\n|t:|1701020369\n|switch|p1a: Regieleki|Regieleki, L50, shiny|100\/100\n|turn|4\n|c|\u2606Silverskar|nah, i`d win\n|\n|t:|1701020381\n|-terastallize|p2a: Dondozo|Fire\n|move|p1a: Regieleki|Protect|p1a: Regieleki\n|-singleturn|p1a: Regieleki|Protect\n|move|p2a: Dondozo|Wave Crash|p1a: Regieleki\n|-activate|p1a: Regieleki|move: Protect\n|cant|p1b: Oranguru|slp\n|\n|upkeep\n|turn|5\n|\n|t:|1701020395\n|move|p1a: Regieleki|Thunder|p2a: Dondozo|[miss]\n|-miss|p1a: Regieleki|p2a: Dondozo\n|move|p2a: Dondozo|Wave Crash|p1a: Regieleki\n|-damage|p1a: Regieleki|0 fnt\n|faint|p1a: Regieleki\n|-damage|p2a: Dondozo|59\/100|[from] Recoil\n|cant|p1b: Oranguru|slp\n|\n|upkeep\n|\n|t:|1701020398\n|switch|p1a: Charizard|Charizard, L50, M|100\/100\n|turn|6\n|\n|t:|1701020411\n|move|p1a: Charizard|Hurricane|p2a: Dondozo\n|-damage|p2a: Dondozo|29\/100\n|move|p2a: Dondozo|Wave Crash|p1a: Charizard\n|-supereffective|p1a: Charizard\n|-damage|p1a: Charizard|0 fnt\n|faint|p1a: Charizard\n|-damage|p2a: Dondozo|9\/100|[from] Recoil\n|-curestatus|p1b: Oranguru|slp|[msg]\n|move|p1b: Oranguru|Instruct|p1: Charizard|[notarget]\n|-fail|p1b: Oranguru\n|\n|upkeep\n|turn|7\n|\n|t:|1701020429\n|move|p2a: Dondozo|Earthquake|p1b: Oranguru|[spread] p1b\n|-miss|p2a: Dondozo|p2b: Tatsugiri\n|-damage|p1b: Oranguru|0 fnt\n|faint|p1b: Oranguru\n|\n|win|xingshen\n|raw|Silverskar's rating: 1217 &rarr; <strong>1194<\/strong><br \/>(-23 for losing)\n|raw|xingshen's rating: 1239 &rarr; <strong>1262<\/strong><br \/>(+23 for winning)\n|l|\u2606Silverskar\n","uploadtime":1701020441,"views":4,"p1id":"silverskar","p2id":"xingshen","formatid":"gen9vgc2023regulatione","rating":1194,"private":0,"password":""}