{"id":"gen9vgc2023regulatione-1996129113","p1":"ggigigiugiugi","p2":"TheInevitable731","format":"[Gen 9] VGC 2023 Regulation E","log":"|j|\u2606ggigigiugiugi\n|j|\u2606TheInevitable731\n|t:|1700648574\n|gametype|doubles\n|player|p1|ggigigiugiugi|1|1083\n|player|p2|TheInevitable731|riley|1114\n|teamsize|p1|6\n|teamsize|p2|6\n|gen|9\n|tier|[Gen 9] VGC 2023 Regulation E\n|rated|\n|rule|Species Clause: Limit one of each Pok\u00e9mon\n|rule|Item Clause: Limit one of each item\n|clearpoke\n|poke|p1|Umbreon, L50, M|\n|poke|p1|Slaking, L50, F|\n|poke|p1|Weezing, L50, M|\n|poke|p1|Flutter Mane, L50|\n|poke|p1|Rillaboom, L50, M|\n|poke|p1|Cresselia, L50, F|\n|poke|p2|Clefairy, L50, M|\n|poke|p2|Kingambit, L50, M|\n|poke|p2|Cresselia, L50, F|\n|poke|p2|Kommo-o, L50, F|\n|poke|p2|Landorus-Therian, L50, M|\n|poke|p2|Rillaboom, L50, F|\n|teampreview|4\n|\n|t:|1700648617\n|start\n|switch|p1a: Weezing|Weezing, L50, M|100\/100\n|switch|p1b: Slaking|Slaking, L50, F|100\/100\n|switch|p2a: Kommo-o|Kommo-o, L50, F|100\/100\n|switch|p2b: Clefairy|Clefairy, L50, M|100\/100\n|-ability|p1a: Weezing|Neutralizing Gas\n|turn|1\n|inactive|Battle timer is ON: inactive players will automatically lose when time's up. (requested by ggigigiugiugi)\n|\n|t:|1700648645\n|move|p2b: Clefairy|Follow Me|p2b: Clefairy\n|-singleturn|p2b: Clefairy|move: Follow Me\n|move|p1b: Slaking|Drain Punch|p2b: Clefairy\n|-resisted|p2b: Clefairy\n|-damage|p2b: Clefairy|88\/100\n|move|p2a: Kommo-o|Clangorous Soul|p2a: Kommo-o\n|-boost|p2a: Kommo-o|atk|1\n|-boost|p2a: Kommo-o|def|1\n|-boost|p2a: Kommo-o|spa|1\n|-boost|p2a: Kommo-o|spd|1\n|-boost|p2a: Kommo-o|spe|1\n|-damage|p2a: Kommo-o|68\/100\n|-enditem|p2a: Kommo-o|Throat Spray\n|-boost|p2a: Kommo-o|spa|1|[from] item: Throat Spray\n|move|p1a: Weezing|Sludge Bomb|p2b: Clefairy\n|-supereffective|p2b: Clefairy\n|-damage|p2b: Clefairy|39\/100\n|\n|upkeep\n|turn|2\n|\n|t:|1700648666\n|move|p2b: Clefairy|Helping Hand|p2a: Kommo-o\n|-singleturn|p2a: Kommo-o|Helping Hand|[of] p2b: Clefairy\n|move|p2a: Kommo-o|Clanging Scales|p1a: Weezing|[spread] p1a,p1b\n|-damage|p1a: Weezing|0 fnt\n|-damage|p1b: Slaking|24\/100\n|faint|p1a: Weezing\n|-end|p1a: Weezing|ability: Neutralizing Gas\n|-unboost|p2a: Kommo-o|def|1\n|move|p1b: Slaking|Poison Jab|p2b: Clefairy\n|-supereffective|p2b: Clefairy\n|-damage|p2b: Clefairy|0 fnt\n|faint|p2b: Clefairy\n|\n|upkeep\n|inactive|ggigigiugiugi has 30 seconds left.\n|\n|t:|1700648691\n|switch|p1a: Umbreon|Umbreon, L50, M|100\/100\n|switch|p2b: Rillaboom|Rillaboom, L50, F|100\/100\n|-fieldstart|move: Grassy Terrain|[from] ability: Grassy Surge|[of] p2b: Rillaboom\n|turn|3\n|\n|t:|1700648708\n|move|p2b: Rillaboom|Fake Out|p1a: Umbreon\n|-damage|p1a: Umbreon|89\/100\n|move|p2a: Kommo-o|Clanging Scales|p1a: Umbreon|[spread] p1a,p1b\n|-damage|p1a: Umbreon|48\/100\n|-damage|p1b: Slaking|0 fnt\n|faint|p1b: Slaking\n|-unboost|p2a: Kommo-o|def|1\n|cant|p1a: Umbreon|flinch\n|\n|-heal|p2a: Kommo-o|73\/100|[from] Grassy Terrain\n|-heal|p1a: Umbreon|54\/100|[from] Grassy Terrain\n|-heal|p1a: Umbreon|60\/100|[from] item: Leftovers\n|upkeep\n|\n|t:|1700648723\n|switch|p1b: Rillaboom|Rillaboom, L50, M|100\/100\n|turn|4\n|\n|t:|1700648744\n|move|p2a: Kommo-o|Protect|p2a: Kommo-o\n|-singleturn|p2a: Kommo-o|Protect\n|move|p1b: Rillaboom|Wood Hammer|p2b: Rillaboom\n|-resisted|p2b: Rillaboom\n|-damage|p2b: Rillaboom|42\/100\n|-damage|p1b: Rillaboom|80\/100|[from] Recoil\n|move|p2b: Rillaboom|U-turn|p1a: Umbreon\n|-supereffective|p1a: Umbreon\n|-damage|p1a: Umbreon|20\/100\n|\n|t:|1700648752\n|switch|p2b: Landorus|Landorus-Therian, L50, M|100\/100|[from] U-turn\n|-ability|p2b: Landorus|Intimidate|boost\n|-unboost|p1a: Umbreon|atk|1\n|-unboost|p1b: Rillaboom|atk|1\n|move|p1a: Umbreon|Roar|p2a: Kommo-o\n|drag|p2a: Rillaboom|Rillaboom, L50, F|42\/100\n|\n|-heal|p1b: Rillaboom|86\/100|[from] Grassy Terrain\n|-heal|p2a: Rillaboom|48\/100|[from] Grassy Terrain\n|-heal|p1a: Umbreon|26\/100|[from] Grassy Terrain\n|-heal|p1a: Umbreon|32\/100|[from] item: Leftovers\n|upkeep\n|turn|5\n|\n|t:|1700648772\n|-terastallize|p2b: Landorus|Flying\n|move|p2a: Rillaboom|Grassy Glide|p1a: Umbreon\n|-damage|p1a: Umbreon|5\/100\n|move|p2b: Landorus|Tera Blast|p1b: Rillaboom|[anim] Tera Blast Flying\n|-supereffective|p1b: Rillaboom\n|-damage|p1b: Rillaboom|0 fnt\n|faint|p1b: Rillaboom\n|move|p1a: Umbreon|Yawn|p2b: Landorus\n|-start|p2b: Landorus|move: Yawn|[of] p1a: Umbreon\n|\n|-heal|p2a: Rillaboom|54\/100|[from] Grassy Terrain\n|-heal|p1a: Umbreon|11\/100|[from] Grassy Terrain\n|-heal|p1a: Umbreon|17\/100|[from] item: Leftovers\n|upkeep\n|turn|6\n|-message|ggigigiugiugi forfeited.\n|\n|win|TheInevitable731\n|raw|ggigigiugiugi's rating: 1083 &rarr; <strong>1063<\/strong><br \/>(-20 for losing)\n|raw|TheInevitable731's rating: 1114 &rarr; <strong>1137<\/strong><br \/>(+23 for winning)\n|l|\u2606ggigigiugiugi\n","uploadtime":1700648789,"views":7,"p1id":"ggigigiugiugi","p2id":"theinevitable731","formatid":"gen9vgc2023regulatione","rating":1063,"private":0,"password":""}