{"id":"gen9vgc2023regulatione-1995156307","p1":"TheCornPop","p2":"Blacksus","format":"[Gen 9] VGC 2023 Regulation E","log":"|j|\u2606TheCornPop\n|j|\u2606Blacksus\n|t:|1700528858\n|gametype|doubles\n|player|p1|TheCornPop|boarder|1402\n|player|p2|Blacksus|102|1505\n|teamsize|p1|6\n|teamsize|p2|6\n|gen|9\n|tier|[Gen 9] VGC 2023 Regulation E\n|rated|\n|rule|Species Clause: Limit one of each Pok\u00e9mon\n|rule|Item Clause: Limit one of each item\n|clearpoke\n|poke|p1|Baxcalibur, L50, F|\n|poke|p1|Ninetales-Alola, L50, M|\n|poke|p1|Chi-Yu, L50|\n|poke|p1|Ogerpon-Wellspring, L50, F|\n|poke|p1|Iron Hands, L50|\n|poke|p1|Gholdengo, L50|\n|poke|p2|Glimmora, L50, M|\n|poke|p2|Iron Hands, L50|\n|poke|p2|Dondozo, L50, F|\n|poke|p2|Tatsugiri, L50, M|\n|poke|p2|Amoonguss, L50, F|\n|poke|p2|Landorus-Therian, L50, M|\n|teampreview|4\n|j| ShakenJacob3\n|\n|t:|1700528898\n|start\n|switch|p1a: Chi-Yu|Chi-Yu, L50|100\/100\n|switch|p1b: Baxcalibur|Baxcalibur, L50, F|100\/100\n|switch|p2a: Glimmora|Glimmora, L50, M|100\/100\n|switch|p2b: Iron Hands|Iron Hands, L50|100\/100\n|-ability|p1a: Chi-Yu|Beads of Ruin\n|turn|1\n|l| ShakenJacob3\n|j| meowmeowjoe\n|\n|t:|1700528937\n|switch|p1b: Gholdengo|Gholdengo, L50|100\/100\n|-terastallize|p1a: Chi-Yu|Ghost\n|move|p2b: Iron Hands|Fake Out|p1a: Chi-Yu\n|-immune|p1a: Chi-Yu\n|move|p1a: Chi-Yu|Overheat|p2b: Iron Hands\n|-damage|p2b: Iron Hands|28\/100\n|-unboost|p1a: Chi-Yu|spa|2\n|move|p2a: Glimmora|Mortal Spin|p1b: Gholdengo|[spread] p1a\n|-immune|p1b: Gholdengo\n|-resisted|p1a: Chi-Yu\n|-crit|p1a: Chi-Yu\n|-damage|p1a: Chi-Yu|96\/100\n|-status|p1a: Chi-Yu|psn\n|\n|-damage|p1a: Chi-Yu|84\/100 psn|[from] psn\n|upkeep\n|turn|2\n|\n|t:|1700528967\n|switch|p1a: Baxcalibur|Baxcalibur, L50, F|100\/100\n|move|p2a: Glimmora|Earth Power|p1b: Gholdengo\n|-supereffective|p1b: Gholdengo\n|-damage|p1b: Gholdengo|28\/100\n|move|p1b: Gholdengo|Nasty Plot|p1b: Gholdengo\n|-boost|p1b: Gholdengo|spa|2\n|move|p2b: Iron Hands|Heavy Slam|p1a: Baxcalibur\n|-supereffective|p1a: Baxcalibur\n|-damage|p1a: Baxcalibur|68\/100\n|\n|-heal|p1b: Gholdengo|34\/100|[from] item: Leftovers\n|upkeep\n|turn|3\n|\n|t:|1700529000\n|switch|p1a: Ogerpon|Ogerpon-Wellspring, L50, F|100\/100\n|move|p1b: Gholdengo|Protect|p1b: Gholdengo\n|-singleturn|p1b: Gholdengo|Protect\n|move|p2a: Glimmora|Earth Power|p1b: Gholdengo\n|-activate|p1b: Gholdengo|move: Protect\n|move|p2b: Iron Hands|Drain Punch|p1a: Ogerpon\n|-damage|p1a: Ogerpon|49\/100\n|-heal|p2b: Iron Hands|49\/100|[from] drain|[of] p1a: Ogerpon\n|\n|-heal|p1b: Gholdengo|40\/100|[from] item: Leftovers\n|upkeep\n|turn|4\n|\n|t:|1700529017\n|move|p2a: Glimmora|Spiky Shield|p2a: Glimmora\n|-singleturn|p2a: Glimmora|move: Protect\n|move|p1a: Ogerpon|Follow Me|p1a: Ogerpon\n|-singleturn|p1a: Ogerpon|move: Follow Me\n|move|p1b: Gholdengo|Make It Rain|p2b: Iron Hands|[spread] p2b\n|-activate|p2a: Glimmora|move: Protect\n|-resisted|p2b: Iron Hands\n|-damage|p2b: Iron Hands|28\/100\n|-unboost|p1b: Gholdengo|spa|1\n|move|p2b: Iron Hands|Drain Punch|p1a: Ogerpon\n|-damage|p1a: Ogerpon|0 fnt\n|-heal|p2b: Iron Hands|48\/100|[from] drain|[of] p1a: Ogerpon\n|faint|p1a: Ogerpon\n|\n|-heal|p1b: Gholdengo|47\/100|[from] item: Leftovers\n|upkeep\n|\n|t:|1700529028\n|switch|p1a: Chi-Yu|Chi-Yu, L50, tera:Ghost|84\/100 psn\n|-ability|p1a: Chi-Yu|Beads of Ruin\n|turn|5\n|\n|t:|1700529042\n|move|p1a: Chi-Yu|Heat Wave|p2b: Iron Hands|[spread] p2b\n|-miss|p1a: Chi-Yu|p2a: Glimmora\n|-damage|p2b: Iron Hands|7\/100\n|-status|p2b: Iron Hands|brn\n|move|p2a: Glimmora|Earth Power|p1b: Gholdengo\n|-supereffective|p1b: Gholdengo\n|-damage|p1b: Gholdengo|0 fnt\n|faint|p1b: Gholdengo\n|move|p2b: Iron Hands|Wild Charge|p1a: Chi-Yu\n|-damage|p1a: Chi-Yu|42\/100 psn\n|-damage|p2b: Iron Hands|1\/100 brn|[from] Recoil\n|\n|-damage|p1a: Chi-Yu|30\/100 psn|[from] psn\n|-damage|p2b: Iron Hands|0 fnt|[from] brn\n|faint|p2b: Iron Hands\n|-end|p2b: Iron Hands|Quark Drive|[silent]\n|upkeep\n|-message|TheCornPop forfeited.\n|\n|win|Blacksus\n|raw|TheCornPop's rating: 1402 &rarr; <strong>1388<\/strong><br \/>(-14 for losing)\n|raw|Blacksus's rating: 1505 &rarr; <strong>1519<\/strong><br \/>(+14 for winning)\n|l|\u2606TheCornPop\n|l|\u2606Blacksus\n","uploadtime":1700529258,"views":5,"p1id":"thecornpop","p2id":"blacksus","formatid":"gen9vgc2023regulatione","rating":1388,"private":0,"password":""}