{"id":"gen9vgc2023regulatione-1992998230","p1":"MrNiceguyVGC","p2":"Vapahtaja","format":"[Gen 9] VGC 2023 Regulation E","log":"|j|\u2606MrNiceguyVGC\n|j|\u2606Vapahtaja\n|t:|1700254026\n|gametype|doubles\n|player|p1|MrNiceguyVGC|bruno|1112\n|player|p2|Vapahtaja|brock|1187\n|teamsize|p1|6\n|teamsize|p2|6\n|gen|9\n|tier|[Gen 9] VGC 2023 Regulation E\n|rated|\n|rule|Species Clause: Limit one of each Pok\u00e9mon\n|rule|Item Clause: Limit one of each item\n|clearpoke\n|poke|p1|Dusclops, L50, M|\n|poke|p1|Ursaluna-Bloodmoon, L50, M|\n|poke|p1|Iron Hands, L50|\n|poke|p1|Landorus-Therian, L50, M|\n|poke|p1|Iron Bundle, L50|\n|poke|p1|Cresselia, L50, F|\n|poke|p2|Rabsca, L50, F|\n|poke|p2|Golem-Alola, L50, F|\n|poke|p2|Maushold, L50|\n|poke|p2|Sinistcha-Masterpiece, L50|\n|poke|p2|Dondozo, L50, F|\n|poke|p2|Houndstone, L50, F|\n|teampreview|4\n|inactive|Battle timer is ON: inactive players will automatically lose when time's up. (requested by Vapahtaja)\n|inactive|MrNiceguyVGC has 60 seconds left.\n|inactive|MrNiceguyVGC has 30 seconds left.\n|\n|t:|1700254087\n|start\n|switch|p1a: Dusclops|Dusclops, L50, M, shiny|100\/100\n|switch|p1b: Ursaluna|Ursaluna-Bloodmoon, L50, M|100\/100\n|switch|p2a: Sinistcha|Sinistcha-Masterpiece, L50|100\/100\n|switch|p2b: Dondozo|Dondozo, L50, F|100\/100\n|-ability|p1a: Dusclops|Pressure\n|turn|1\n|inactive|Vapahtaja has 30 seconds left.\n|\n|t:|1700254122\n|move|p1b: Ursaluna|Protect|p1b: Ursaluna\n|-singleturn|p1b: Ursaluna|Protect\n|move|p2a: Sinistcha|Nasty Plot|p2a: Sinistcha\n|-boost|p2a: Sinistcha|spa|2\n|move|p1a: Dusclops|Will-O-Wisp|p2b: Dondozo\n|-status|p2b: Dondozo|brn\n|move|p2b: Dondozo|Yawn|p1a: Dusclops\n|-start|p1a: Dusclops|move: Yawn|[of] p2b: Dondozo\n|\n|-damage|p2b: Dondozo|94\/100 brn|[from] brn\n|upkeep\n|turn|2\n|inactive|MrNiceguyVGC has 30 seconds left.\n|inactive|Vapahtaja has 30 seconds left.\n|inactive|MrNiceguyVGC has 20 seconds left.\n|inactive|Vapahtaja has 20 seconds left.\n|inactive|MrNiceguyVGC has 15 seconds left.\n|inactive|Vapahtaja has 15 seconds left.\n|\n|t:|1700254164\n|switch|p1a: Iron Bundle|Iron Bundle, L50, shiny|100\/100\n|-enditem|p1a: Iron Bundle|Booster Energy\n|-activate|p1a: Iron Bundle|ability: Quark Drive|[fromitem]\n|-start|p1a: Iron Bundle|quarkdrivespe\n|-terastallize|p1b: Ursaluna|Normal\n|move|p2a: Sinistcha|Matcha Gotcha|p1a: Iron Bundle|[spread] p1a,p1b\n|-supereffective|p1a: Iron Bundle\n|-damage|p1a: Iron Bundle|0 fnt\n|-damage|p1b: Ursaluna|55\/100\n|faint|p1a: Iron Bundle\n|-end|p1a: Iron Bundle|Quark Drive|[silent]\n|move|p1b: Ursaluna|Hyper Voice|p2b: Dondozo|[spread] p2a,p2b\n|-damage|p2a: Sinistcha|56\/100\n|-damage|p2b: Dondozo|51\/100 brn\n|-enditem|p1b: Ursaluna|Throat Spray\n|-boost|p1b: Ursaluna|spa|1|[from] item: Throat Spray\n|move|p2b: Dondozo|Soak|p1b: Ursaluna\n|-fail|p1b: Ursaluna\n|\n|-heal|p2b: Dondozo|57\/100 brn|[from] item: Leftovers\n|-damage|p2b: Dondozo|51\/100 brn|[from] brn\n|upkeep\n|inactive|MrNiceguyVGC has 30 seconds left.\n|\n|t:|1700254189\n|switch|p1a: Dusclops|Dusclops, L50, M, shiny|100\/100\n|-ability|p1a: Dusclops|Pressure\n|turn|3\n|\n|t:|1700254203\n|move|p1b: Ursaluna|Protect|p1b: Ursaluna\n|-singleturn|p1b: Ursaluna|Protect\n|move|p2a: Sinistcha|Matcha Gotcha|p1a: Dusclops|[spread] p1a\n|-activate|p1b: Ursaluna|move: Protect\n|-damage|p1a: Dusclops|69\/100\n|-heal|p2a: Sinistcha|66\/100|[from] drain|[of] p1a: Dusclops\n|move|p1a: Dusclops|Night Shade|p2a: Sinistcha\n|-damage|p2a: Sinistcha|38\/100\n|move|p2b: Dondozo|Wave Crash|p1b: Ursaluna\n|-activate|p1b: Ursaluna|move: Protect\n|\n|-heal|p2b: Dondozo|57\/100 brn|[from] item: Leftovers\n|-damage|p2b: Dondozo|51\/100 brn|[from] brn\n|upkeep\n|turn|4\n|inactive|MrNiceguyVGC has 30 seconds left.\n|inactive|MrNiceguyVGC has 20 seconds left.\n|\n|t:|1700254240\n|move|p2a: Sinistcha|Matcha Gotcha|p1a: Dusclops|[spread] p1b\n|-miss|p2a: Sinistcha|p1a: Dusclops\n|-damage|p1b: Ursaluna|12\/100\n|-heal|p2a: Sinistcha|61\/100|[from] drain|[of] p1b: Ursaluna\n|move|p1b: Ursaluna|Hyper Voice|p2b: Dondozo|[spread] p2a,p2b\n|-damage|p2a: Sinistcha|2\/100\n|-damage|p2b: Dondozo|0 fnt\n|faint|p2b: Dondozo\n|move|p1a: Dusclops|Night Shade|p2a: Sinistcha\n|-damage|p2a: Sinistcha|0 fnt\n|faint|p2a: Sinistcha\n|\n|upkeep\n|\n|t:|1700254252\n|switch|p2a: Golem|Golem-Alola, L50, F|100\/100\n|switch|p2b: Houndstone|Houndstone, L50, F|100\/100\n|turn|5\n|\n|t:|1700254270\n|move|p1b: Ursaluna|Protect|p1b: Ursaluna\n|-singleturn|p1b: Ursaluna|Protect\n|move|p2a: Golem|Protect|p2a: Golem\n|-singleturn|p2a: Golem|Protect\n|move|p2b: Houndstone|Play Rough|p1b: Ursaluna\n|-activate|p1b: Ursaluna|move: Protect\n|move|p1a: Dusclops|Will-O-Wisp|p2b: Houndstone\n|-status|p2b: Houndstone|brn\n|\n|-damage|p2b: Houndstone|94\/100 brn|[from] brn\n|upkeep\n|turn|6\n|\n|t:|1700254291\n|move|p1b: Ursaluna|Vacuum Wave|p2a: Golem\n|-supereffective|p2a: Golem\n|-damage|p2a: Golem|43\/100\n|move|p2b: Houndstone|Play Rough|p1b: Ursaluna\n|-damage|p1b: Ursaluna|0 fnt\n|faint|p1b: Ursaluna\n|-damage|p2b: Houndstone|85\/100 brn|[from] item: Life Orb\n|move|p2a: Golem|Body Slam|p1a: Dusclops\n|-damage|p1a: Dusclops|25\/100\n|move|p1a: Dusclops|Will-O-Wisp|p2a: Golem\n|-status|p2a: Golem|brn\n|\n|-damage|p2b: Houndstone|79\/100 brn|[from] brn\n|-damage|p2a: Golem|37\/100 brn|[from] brn\n|upkeep\n|\n|t:|1700254309\n|switch|p1b: Iron Hands|Iron Hands, L50, shiny|100\/100\n|turn|7\n|\n|t:|1700254319\n|move|p2b: Houndstone|Protect|p2b: Houndstone\n|-singleturn|p2b: Houndstone|Protect\n|move|p1b: Iron Hands|Drain Punch|p2a: Golem\n|-supereffective|p2a: Golem\n|-damage|p2a: Golem|0 fnt\n|faint|p2a: Golem\n|move|p1a: Dusclops|Pain Split|p2b: Houndstone\n|-activate|p2b: Houndstone|move: Protect\n|\n|-damage|p2b: Houndstone|73\/100 brn|[from] brn\n|upkeep\n|turn|8\n|\n|t:|1700254337\n|-terastallize|p2b: Houndstone|Ghost\n|move|p2b: Houndstone|Last Respects|p1b: Iron Hands\n|-damage|p1b: Iron Hands|47\/100\n|-enditem|p1b: Iron Hands|Sitrus Berry|[eat]\n|-heal|p1b: Iron Hands|72\/100|[from] item: Sitrus Berry\n|-damage|p2b: Houndstone|63\/100 brn|[from] item: Life Orb\n|move|p1b: Iron Hands|Swords Dance|p1b: Iron Hands\n|-boost|p1b: Iron Hands|atk|2\n|move|p1a: Dusclops|Pain Split|p2b: Houndstone\n|-sethp|p2b: Houndstone|40\/100 brn|[from] move: Pain Split|[silent]\n|-sethp|p1a: Dusclops|61\/100|[from] move: Pain Split\n|\n|-damage|p2b: Houndstone|33\/100 brn|[from] brn\n|upkeep\n|turn|9\n|-message|Vapahtaja forfeited.\n|\n|win|MrNiceguyVGC\n|raw|MrNiceguyVGC's rating: 1112 &rarr; <strong>1142<\/strong><br \/>(+30 for winning)\n|raw|Vapahtaja's rating: 1187 &rarr; <strong>1157<\/strong><br \/>(-30 for losing)\n|l|\u2606Vapahtaja\n","uploadtime":1700254357,"views":10,"p1id":"mrniceguyvgc","p2id":"vapahtaja","formatid":"gen9vgc2023regulatione","rating":1142,"private":0,"password":""}