{"id":"gen9vgc2023regulatione-1993896061","p1":"Meta Warriors","p2":"idk idk idk1","format":"[Gen 9] VGC 2023 Regulation E","log":"|j|\u2606Meta Warriors\n|j|\u2606idk idk idk1\n|t:|1700371636\n|gametype|doubles\n|player|p1|Meta Warriors|penny|1000\n|player|p2|idk idk idk1|2|1003\n|teamsize|p1|6\n|teamsize|p2|6\n|gen|9\n|tier|[Gen 9] VGC 2023 Regulation E\n|rated|\n|rule|Species Clause: Limit one of each Pok\u00e9mon\n|rule|Item Clause: Limit one of each item\n|clearpoke\n|poke|p1|Ogerpon-Hearthflame, L50, F|\n|poke|p1|Torkoal, L50, M|\n|poke|p1|Flutter Mane, L50|\n|poke|p1|Chien-Pao, L50|\n|poke|p1|Great Tusk, L50|\n|poke|p1|Sneasler, L50, M|\n|poke|p2|Kilowattrel, L50, M|\n|poke|p2|Chi-Yu, L50|\n|poke|p2|Torterra, L50, F|\n|poke|p2|Lucario, L50, M|\n|poke|p2|Amoonguss, L50, M|\n|poke|p2|Gyarados, L50, F|\n|teampreview|4\n|inactive|Battle timer is ON: inactive players will automatically lose when time's up. (requested by Meta Warriors)\nMeta Warriors has agreed to open team sheets.\n|\n|t:|1700371658\n|start\n|switch|p1a: Ogerpon|Ogerpon-Hearthflame, L50, F|100\/100\n|switch|p1b: Torkoal|Torkoal, L50, M|100\/100\n|switch|p2a: Kilowattrel|Kilowattrel, L50, M|100\/100\n|switch|p2b: Chi-Yu|Chi-Yu, L50|100\/100\n|-ability|p1a: Ogerpon|Mold Breaker\n|-ability|p2b: Chi-Yu|Beads of Ruin\n|-weather|SunnyDay|[from] ability: Drought|[of] p1b: Torkoal\n|turn|1\n|\n|t:|1700371675\n|-terastallize|p1a: Ogerpon|Fire\n|detailschange|p1a: Ogerpon|Ogerpon-Hearthflame-Tera, L50, F, tera:Fire\n|-ability|p1a: Ogerpon|Embody Aspect (Hearthflame)|boost\n|-boost|p1a: Ogerpon|atk|1\n|move|p2b: Chi-Yu|Protect|p2b: Chi-Yu\n|-singleturn|p2b: Chi-Yu|Protect\n|move|p1a: Ogerpon|Swords Dance|p1a: Ogerpon\n|-boost|p1a: Ogerpon|atk|2\n|move|p2a: Kilowattrel|Tailwind|p2a: Kilowattrel\n|-sidestart|p2: idk idk idk1|move: Tailwind\n|move|p1b: Torkoal|Stealth Rock|p2a: Kilowattrel\n|-sidestart|p2: idk idk idk1|move: Stealth Rock\n|\n|-weather|SunnyDay|[upkeep]\n|upkeep\n|turn|2\n|\n|t:|1700371696\n|move|p2a: Kilowattrel|Air Slash|p1a: Ogerpon\n|-damage|p1a: Ogerpon|58\/100\n|move|p2b: Chi-Yu|Dark Pulse|p1a: Ogerpon\n|-damage|p1a: Ogerpon|0 fnt\n|faint|p1a: Ogerpon\n|move|p1b: Torkoal|Eruption|p2b: Chi-Yu|[spread] p2a,p2b\n|-resisted|p2b: Chi-Yu\n|-enditem|p2a: Kilowattrel|Focus Sash\n|-damage|p2a: Kilowattrel|1\/100\n|-damage|p2b: Chi-Yu|64\/100\n|\n|-weather|SunnyDay|[upkeep]\n|upkeep\n|\n|t:|1700371708\n|switch|p1a: Flutter Mane|Flutter Mane, L50|100\/100\n|-activate|p1a: Flutter Mane|ability: Protosynthesis\n|-start|p1a: Flutter Mane|protosynthesisspe\n|turn|3\n|\n|t:|1700371721\n|move|p2a: Kilowattrel|Thunderbolt|p1a: Flutter Mane\n|-damage|p1a: Flutter Mane|56\/100\n|move|p1a: Flutter Mane|Moonblast|p2b: Chi-Yu\n|-damage|p2b: Chi-Yu|0 fnt\n|faint|p2b: Chi-Yu\n|move|p1b: Torkoal|Eruption|p2a: Kilowattrel\n|-damage|p2a: Kilowattrel|0 fnt\n|faint|p2a: Kilowattrel\n|\n|-weather|SunnyDay|[upkeep]\n|upkeep\n|\n|t:|1700371734\n|switch|p2a: Lucario|Lucario, L50, M|100\/100\n|switch|p2b: Torterra|Torterra, L50, F|100\/100\n|-damage|p2a: Lucario|98\/100|[from] Stealth Rock\n|-damage|p2b: Torterra|94\/100|[from] Stealth Rock\n|turn|4\n|\n|t:|1700371748\n|-terastallize|p2a: Lucario|Fighting\n|move|p1a: Flutter Mane|Moonblast|p2b: Torterra\n|-damage|p2b: Torterra|21\/100\n|-unboost|p2b: Torterra|spa|1\n|-enditem|p2b: Torterra|Sitrus Berry|[eat]\n|-heal|p2b: Torterra|46\/100|[from] item: Sitrus Berry\n|move|p2a: Lucario|Meteor Mash|p1a: Flutter Mane\n|-supereffective|p1a: Flutter Mane\n|-crit|p1a: Flutter Mane\n|-damage|p1a: Flutter Mane|0 fnt\n|-boost|p2a: Lucario|atk|1\n|faint|p1a: Flutter Mane\n|-end|p1a: Flutter Mane|Protosynthesis|[silent]\n|-damage|p2a: Lucario|88\/100|[from] item: Life Orb\n|move|p2b: Torterra|Rock Slide|p1b: Torkoal\n|-supereffective|p1b: Torkoal\n|-damage|p1b: Torkoal|68\/100\n|move|p1b: Torkoal|Eruption|p2a: Lucario|[spread] p2a,p2b\n|-supereffective|p2b: Torterra\n|-damage|p2a: Lucario|5\/100\n|-damage|p2b: Torterra|0 fnt\n|faint|p2b: Torterra\n|\n|-weather|SunnyDay|[upkeep]\n|-sideend|p2: idk idk idk1|move: Tailwind\n|upkeep\n|\n|t:|1700371752\n|switch|p1a: Great Tusk|Great Tusk, L50|100\/100\n|-activate|p1a: Great Tusk|ability: Protosynthesis\n|-start|p1a: Great Tusk|protosynthesisatk\n|turn|5\n|inactive|idk idk idk1 has 30 seconds left.\n|\n|t:|1700371779\n|move|p1a: Great Tusk|Headlong Rush|p2a: Lucario\n|-damage|p2a: Lucario|0 fnt\n|-unboost|p1a: Great Tusk|def|1\n|-unboost|p1a: Great Tusk|spd|1\n|faint|p2a: Lucario\n|\n|win|Meta Warriors\n|raw|Meta Warriors's rating: 1000 &rarr; <strong>1040<\/strong><br \/>(+40 for winning)\n|raw|idk idk idk1's rating: 1003 &rarr; <strong>1000<\/strong><br \/>(-3 for losing)\n","uploadtime":1700371787,"views":8,"p1id":"metawarriors","p2id":"idkidkidk1","formatid":"gen9vgc2023regulatione","rating":1000,"private":0,"password":""}