{"id":"gen9vgc2023regulatione-1992648233","p1":"aquartertwo","p2":"fairylilipad","format":"[Gen 9] VGC 2023 Regulation E","log":"|j|\u2606aquartertwo\n|j|\u2606fairylilipad\n|n|\u2606aquartertwo|aquartertwo\n|n|\u2606fairylilipad|fairylilipad\n|html|View the match progress at <a href=\"\/game-bestof3-gen9vgc2023regulatione-1992648232\">game-bestof3-gen9vgc2023regulatione-1992648232<\/a>\n|t:|1700220109\n|gametype|doubles\n|player|p1|aquartertwo|clerk|\n|player|p2|fairylilipad|guitarist|\n|teamsize|p1|6\n|teamsize|p2|6\n|gen|9\n|tier|[Gen 9] VGC 2023 Regulation E\n|rule|Species Clause: Limit one of each Pok\u00e9mon\n|rule|Item Clause: Limit one of each item\n|clearpoke\n|poke|p1|Tornadus, L50, M|\n|poke|p1|Flutter Mane, L50|\n|poke|p1|Regidrago, L50|\n|poke|p1|Heatran, L50, F|\n|poke|p1|Urshifu-*, L50, F|\n|poke|p1|Farigiraf, L50, F|\n|poke|p2|Weezing, L50, M|\n|poke|p2|Roaring Moon, L50|\n|poke|p2|Flutter Mane, L50|\n|poke|p2|Ogerpon-Hearthflame, L50, F|\n|poke|p2|Rillaboom, L50, F|\n|poke|p2|Urshifu-*, L50, F|\n|teampreview|4\nfairylilipad has agreed to open team sheets.\naquartertwo has agreed to open team sheets.\n|showteam|p1|Tornadus||MentalHerb|Prankster|BleakwindStorm,Tailwind,SunnyDay,Protect|||M|||50|,,,,,Ghost]Flutter Mane||BoosterEnergy|Protosynthesis|DazzlingGleam,ShadowBall,Substitute,Protect||||||50|,,,,,Water]Regidrago||DragonFang|DragonsMaw|DragonEnergy,DracoMeteor,EarthPower,Protect||||||50|,,,,,Poison]Heatran||LifeOrb|FlashFire|HeatWave,FlashCannon,EarthPower,Protect|||F|||50|,,,,,Fairy]Urshifu||ChoiceScarf|UnseenFist|WickedBlow,SuckerPunch,CloseCombat,IronHead|||F|||50|,,,,,Dark]Farigiraf||RockyHelmet|ArmorTail|Psychic,DazzlingGleam,TrickRoom,Imprison|||F|||50|,,,,,Fairy\n|showteam|p2|Weezing||SitrusBerry|NeutralizingGas|WillOWisp,Taunt,GunkShot,Protect|||M|||50|,,,,,Ghost]Roaring Moon||BoosterEnergy|Protosynthesis|BreakingSwipe,Tailwind,KnockOff,Protect||||||50|,,,,,Poison]Flutter Mane||ChoiceSpecs|Protosynthesis|Thunderbolt,DazzlingGleam,ShadowBall,Moonblast||||||50|,,,,,Fairy]Ogerpon-Hearthflame||HearthflameMask|MoldBreaker|IvyCudgel,GrassyGlide,HornLeech,SpikyShield|||F|||50|,,,,,Fire]Rillaboom||AssaultVest|GrassySurge|FakeOut,HighHorsepower,WoodHammer,GrassyGlide|||F|||50|,,,,,Fire]Urshifu-Rapid-Strike||ChoiceScarf|UnseenFist|SurgingStrikes,CloseCombat,AquaJet,Uturn|||F|||50|,,,,,Water\n|\n|t:|1700220133\n|start\n|switch|p1a: Flutter Mane|Flutter Mane, L50|100\/100\n|switch|p1b: Heatran|Heatran, L50, F|100\/100\n|switch|p2a: Weezing|Weezing, L50, M|100\/100\n|switch|p2b: Roaring Moon|Roaring Moon, L50|100\/100\n|-ability|p2a: Weezing|Neutralizing Gas\n|-enditem|p1a: Flutter Mane|Booster Energy\n|-activate|p1a: Flutter Mane|ability: Protosynthesis|[fromitem]\n|-start|p1a: Flutter Mane|protosynthesisspa\n|-enditem|p2b: Roaring Moon|Booster Energy\n|-activate|p2b: Roaring Moon|ability: Protosynthesis|[fromitem]\n|-start|p2b: Roaring Moon|protosynthesisspe\n|turn|1\n|\n|t:|1700220187\n|-end|p2a: Weezing|ability: Neutralizing Gas\n|switch|p2a: Rillaboom|Rillaboom, L50, F|100\/100\n|-fieldstart|move: Grassy Terrain|[from] ability: Grassy Surge|[of] p2a: Rillaboom\n|-terastallize|p1a: Flutter Mane|Water\n|move|p2b: Roaring Moon|Protect|p2b: Roaring Moon\n|-singleturn|p2b: Roaring Moon|Protect\n|move|p1a: Flutter Mane|Substitute|p1a: Flutter Mane\n|-start|p1a: Flutter Mane|Substitute\n|-damage|p1a: Flutter Mane|76\/100\n|move|p1b: Heatran|Earth Power|p2a: Rillaboom\n|-resisted|p2a: Rillaboom\n|-damage|p2a: Rillaboom|86\/100\n|-unboost|p2a: Rillaboom|spd|1\n|-damage|p1b: Heatran|91\/100|[from] item: Life Orb\n|\n|-heal|p1a: Flutter Mane|82\/100|[from] Grassy Terrain\n|-heal|p1b: Heatran|97\/100|[from] Grassy Terrain\n|-heal|p2a: Rillaboom|92\/100|[from] Grassy Terrain\n|upkeep\n|turn|2\n|\n|t:|1700220235\n|switch|p1b: Tornadus|Tornadus, L50, M|100\/100\n|-terastallize|p2a: Rillaboom|Fire\n|move|p2a: Rillaboom|Grassy Glide|p1a: Flutter Mane\n|-supereffective|p1a: Flutter Mane\n|-end|p1a: Flutter Mane|Substitute\n|move|p2b: Roaring Moon|Tailwind|p2b: Roaring Moon\n|-sidestart|p2: fairylilipad|move: Tailwind\n|move|p1a: Flutter Mane|Dazzling Gleam|p2b: Roaring Moon|[spread] p2a,p2b\n|-resisted|p2a: Rillaboom\n|-supereffective|p2b: Roaring Moon\n|-damage|p2a: Rillaboom|72\/100\n|-damage|p2b: Roaring Moon|0 fnt\n|faint|p2b: Roaring Moon\n|-end|p2b: Roaring Moon|Protosynthesis|[silent]\n|\n|-heal|p2a: Rillaboom|77\/100|[from] Grassy Terrain\n|-heal|p1a: Flutter Mane|88\/100|[from] Grassy Terrain\n|upkeep\n|\n|t:|1700220251\n|switch|p2b: Weezing|Weezing, L50, M|100\/100\n|-ability|p2b: Weezing|Neutralizing Gas\n|turn|3\n|\n|t:|1700220328\n|move|p1a: Flutter Mane|Protect|p1a: Flutter Mane\n|-singleturn|p1a: Flutter Mane|Protect\n|move|p2a: Rillaboom|Grassy Glide|p1a: Flutter Mane\n|-activate|p1a: Flutter Mane|move: Protect\n|move|p2b: Weezing|Taunt|p1b: Tornadus\n|-start|p1b: Tornadus|move: Taunt\n|-enditem|p1b: Tornadus|Mental Herb\n|-end|p1b: Tornadus|move: Taunt\n|move|p1b: Tornadus|Tailwind|p1b: Tornadus\n|-sidestart|p1: aquartertwo|move: Tailwind\n|\n|-heal|p1a: Flutter Mane|93\/100|[from] Grassy Terrain\n|-heal|p2a: Rillaboom|83\/100|[from] Grassy Terrain\n|upkeep\n|turn|4\n|\n|t:|1700220369\n|-end|p1a: Flutter Mane|Protosynthesis|[silent]\n|switch|p1a: Regidrago|Regidrago, L50|100\/100\n|-end|p2b: Weezing|ability: Neutralizing Gas\n|switch|p2b: Flutter Mane|Flutter Mane, L50|100\/100\n|move|p1b: Tornadus|Bleakwind Storm|p2a: Rillaboom|[spread] p2a\n|-miss|p1b: Tornadus|p2b: Flutter Mane\n|-damage|p2a: Rillaboom|49\/100\n|move|p2a: Rillaboom|High Horsepower|p1a: Regidrago\n|-damage|p1a: Regidrago|64\/100\n|\n|-heal|p1a: Regidrago|70\/100|[from] Grassy Terrain\n|-heal|p2a: Rillaboom|55\/100|[from] Grassy Terrain\n|upkeep\n|turn|5\n|c|\u2606aquartertwo|Switchin to Heatran last turn would have been the play\n|c|\u2606fairylilipad|I know\n|c|\u2606fairylilipad|yun yung inaasahan ko haha\n|\n|t:|1700220425\n|switch|p1b: Heatran|Heatran, L50, F|97\/100\n|switch|p2a: Weezing|Weezing, L50, M|100\/100\n|-ability|p2a: Weezing|Neutralizing Gas\n|move|p1a: Regidrago|Protect|p1a: Regidrago\n|-singleturn|p1a: Regidrago|Protect\n|move|p2b: Flutter Mane|Thunderbolt|p1b: Heatran\n|-damage|p1b: Heatran|57\/100\n|-status|p1b: Heatran|par\n|\n|-heal|p1a: Regidrago|77\/100|[from] Grassy Terrain\n|-heal|p1b: Heatran|63\/100 par|[from] Grassy Terrain\n|-sideend|p2: fairylilipad|move: Tailwind\n|-fieldend|move: Grassy Terrain\n|upkeep\n|turn|6\n|\n|t:|1700220483\n|-end|p2b: Flutter Mane|Protosynthesis|[silent]\n|switch|p2b: Rillaboom|Rillaboom, L50, F, tera:Fire|55\/100\n|move|p2a: Weezing|Protect|p2a: Weezing\n|-singleturn|p2a: Weezing|Protect\n|move|p1a: Regidrago|Earth Power|p2a: Weezing\n|-activate|p2a: Weezing|move: Protect\n|move|p1b: Heatran|Flash Cannon|p2b: Rillaboom\n|-resisted|p2b: Rillaboom\n|-damage|p2b: Rillaboom|35\/100\n|-damage|p1b: Heatran|53\/100 par|[from] item: Life Orb\n|\n|-sideend|p1: aquartertwo|move: Tailwind\n|upkeep\n|turn|7\n|\n|t:|1700220521\n|switch|p2b: Flutter Mane|Flutter Mane, L50|100\/100\n|switch|p1b: Tornadus|Tornadus, L50, M|100\/100\n|move|p1a: Regidrago|Protect|p1a: Regidrago\n|-singleturn|p1a: Regidrago|Protect\n|move|p2a: Weezing|Taunt|p1b: Tornadus\n|-start|p1b: Tornadus|move: Taunt\n|\n|upkeep\n|turn|8\n|\n|t:|1700220560\n|switch|p1a: Heatran|Heatran, L50, F|53\/100 par\n|move|p2b: Flutter Mane|Dazzling Gleam|p1b: Tornadus|[spread] p1a,p1b\n|-resisted|p1a: Heatran\n|-damage|p1a: Heatran|44\/100 par\n|-damage|p1b: Tornadus|42\/100\n|move|p1b: Tornadus|Bleakwind Storm|p2a: Weezing|[spread] p2a,p2b\n|-damage|p2a: Weezing|49\/100\n|-damage|p2b: Flutter Mane|65\/100\n|-enditem|p2a: Weezing|Sitrus Berry|[eat]\n|-heal|p2a: Weezing|74\/100|[from] item: Sitrus Berry\n|move|p2a: Weezing|Gunk Shot|p1b: Tornadus\n|-damage|p1b: Tornadus|0 fnt\n|faint|p1b: Tornadus\n|\n|upkeep\n|\n|t:|1700220578\n|switch|p1b: Flutter Mane|Flutter Mane, L50, tera:Water|93\/100\n|turn|9\n|\n|t:|1700220618\n|move|p1b: Flutter Mane|Substitute|p1b: Flutter Mane\n|-start|p1b: Flutter Mane|Substitute\n|-damage|p1b: Flutter Mane|69\/100\n|move|p2b: Flutter Mane|Dazzling Gleam|p1b: Flutter Mane|[spread] p1a,p1b\n|-end|p1b: Flutter Mane|Substitute\n|-resisted|p1a: Heatran\n|-damage|p1a: Heatran|34\/100 par\n|move|p2a: Weezing|Taunt|p1b: Flutter Mane\n|-start|p1b: Flutter Mane|move: Taunt\n|cant|p1a: Heatran|par\n|\n|upkeep\n|turn|10\n|c|\u2606fairylilipad|lucky para lol haha\n|c|\u2606aquartertwo|Uh huh\n|\n|t:|1700220653\n|-end|p2b: Flutter Mane|Protosynthesis|[silent]\n|switch|p2b: Rillaboom|Rillaboom, L50, F, tera:Fire|35\/100\n|move|p1b: Flutter Mane|Shadow Ball|p2b: Rillaboom\n|-damage|p2b: Rillaboom|7\/100\n|-unboost|p2b: Rillaboom|spd|1\n|move|p2a: Weezing|Gunk Shot|p1b: Flutter Mane\n|-damage|p1b: Flutter Mane|1\/100\n|move|p1a: Heatran|Earth Power|p2a: Weezing\n|-supereffective|p2a: Weezing\n|-damage|p2a: Weezing|0 fnt\n|faint|p2a: Weezing\n|-end|p2a: Weezing|ability: Neutralizing Gas\n|-fieldstart|move: Grassy Terrain|[from] ability: Grassy Surge|[of] p2b: Rillaboom\n|-damage|p1a: Heatran|25\/100 par|[from] item: Life Orb\n|\n|-heal|p1b: Flutter Mane|7\/100|[from] Grassy Terrain\n|-heal|p2b: Rillaboom|13\/100|[from] Grassy Terrain\n|-heal|p1a: Heatran|31\/100 par|[from] Grassy Terrain\n|upkeep\n|\n|t:|1700220671\n|switch|p2a: Flutter Mane|Flutter Mane, L50|65\/100\n|turn|11\n|\n|t:|1700220707\n|move|p2b: Rillaboom|Grassy Glide|p1b: Flutter Mane\n|-supereffective|p1b: Flutter Mane\n|-damage|p1b: Flutter Mane|0 fnt\n|faint|p1b: Flutter Mane\n|-end|p1b: Flutter Mane|Protosynthesis|[silent]\n|move|p2a: Flutter Mane|Moonblast|p1a: Heatran\n|-resisted|p1a: Heatran\n|-damage|p1a: Heatran|15\/100 par\n|move|p1a: Heatran|Heat Wave|p2a: Flutter Mane|[spread] p2a,p2b\n|-resisted|p2b: Rillaboom\n|-damage|p2a: Flutter Mane|17\/100\n|-damage|p2b: Rillaboom|0 fnt\n|faint|p2b: Rillaboom\n|-damage|p1a: Heatran|5\/100 par|[from] item: Life Orb\n|\n|-heal|p2a: Flutter Mane|23\/100|[from] Grassy Terrain\n|-heal|p1a: Heatran|11\/100 par|[from] Grassy Terrain\n|upkeep\n|c|\u2606aquartertwo|I threw\n|\n|t:|1700220724\n|switch|p1b: Regidrago|Regidrago, L50|77\/100\n|turn|12\n|c|\u2606aquartertwo|wait no\n|c|\u2606fairylilipad|nah\n|c|\u2606fairylilipad|hahaha\n|c|\u2606fairylilipad|this is awkward hahaha\n|c|\u2606aquartertwo|D Gleam dapat\n|c|\u2606fairylilipad|no enough damage kay heatran\n|\n|t:|1700220789\n|move|p2a: Flutter Mane|Moonblast|p1a: Heatran\n|-resisted|p1a: Heatran\n|-damage|p1a: Heatran|0 fnt\n|faint|p1a: Heatran\n|move|p1b: Regidrago|Earth Power|p2a: Flutter Mane\n|-damage|p2a: Flutter Mane|0 fnt\n|faint|p2a: Flutter Mane\n|-end|p2a: Flutter Mane|Protosynthesis|[silent]\n|\n|win|aquartertwo\n|c|\u2606fairylilipad|gg\n|c|&|\/uhtml prompt-fairylilipad,fairylilipad is ready for game 2!\n|c|&|\/uhtml prompt-aquartertwo,aquartertwo is ready for game 2!\nBoth players are ready! Starting next match!\n","uploadtime":1700221218,"views":8,"p1id":"aquartertwo","p2id":"fairylilipad","formatid":"gen9vgc2023regulatione","rating":0,"private":0,"password":""}