{"id":"gen9vgc2023regulatione-1992817237","p1":"Luckiest Ludicolo","p2":"deathbane98","format":"[Gen 9] VGC 2023 Regulation E","log":"|j|\u2606Luckiest Ludicolo\n|j|\u2606deathbane98\n|n|\u2606Luckiest Ludicolo|luckiestludicolo\n|n|\u2606deathbane98|deathbane98\n|html|View the match progress at <a href=\"\/game-bestof3-gen9vgc2023regulatione-1992809229\">game-bestof3-gen9vgc2023regulatione-1992809229<\/a>\n|t:|1700238022\n|gametype|doubles\n|player|p1|Luckiest Ludicolo|pokemaniac|\n|player|p2|deathbane98|alder|\n|teamsize|p1|6\n|teamsize|p2|6\n|gen|9\n|tier|[Gen 9] VGC 2023 Regulation E\n|rule|Species Clause: Limit one of each Pok\u00e9mon\n|rule|Item Clause: Limit one of each item\n|clearpoke\n|poke|p1|Ursaluna-Bloodmoon, L50, M|\n|poke|p1|Ogerpon, L50, F|\n|poke|p1|Slowbro, L50, M|\n|poke|p1|Sneasel-Hisui, L50, M|\n|poke|p1|Iron Jugulis, L50|\n|poke|p1|Ceruledge, L50, F|\n|poke|p2|Typhlosion, L50, F|\n|poke|p2|Volbeat, L50, M|\n|poke|p2|Urshifu-*, L50, F|\n|poke|p2|Maushold, L50|\n|poke|p2|Volcarona, L50, F|\n|poke|p2|Vikavolt, L50, F|\n|teampreview|4\n|j| Abused24test\n|c|\u2606Luckiest Ludicolo|glhf!\n|j| Omega_Jirachi\n|j| ML Lacius\n|c|\u2606deathbane98|tbf, im amazed urshi lived the cc\n|c|\u2606deathbane98|glhf\n|j| Neb5\n|j| AeroFlames\n|\n|t:|1700238080\n|start\n|switch|p1a: Sleepwalking|Slowbro, L50, M|100\/100\n|switch|p1b: Unchain the Light|Ceruledge, L50, F|100\/100\n|switch|p2a: Lil' Stinker|Volbeat, L50, M, shiny|100\/100\n|switch|p2b: Magic Number|Maushold, L50, shiny|100\/100\n|turn|1\n|\n|t:|1700238144\n|-terastallize|p2b: Magic Number|Normal\n|move|p2b: Magic Number|Population Bomb|p1a: Sleepwalking\n|-damage|p1a: Sleepwalking|96\/100\n|-damage|p1a: Sleepwalking|91\/100\n|-damage|p1a: Sleepwalking|86\/100\n|-damage|p1a: Sleepwalking|81\/100\n|-damage|p1a: Sleepwalking|76\/100\n|-damage|p1a: Sleepwalking|71\/100\n|-damage|p1a: Sleepwalking|66\/100\n|-damage|p1a: Sleepwalking|60\/100\n|-damage|p1a: Sleepwalking|55\/100\n|-damage|p1a: Sleepwalking|50\/100\n|-hitcount|p1a: Sleepwalking|10\n|move|p1b: Unchain the Light|Bitter Blade|p2a: Lil' Stinker\n|-supereffective|p2a: Lil' Stinker\n|-damage|p2a: Lil' Stinker|41\/100\n|-enditem|p2a: Lil' Stinker|Sitrus Berry|[eat]\n|-heal|p2a: Lil' Stinker|66\/100|[from] item: Sitrus Berry\n|move|p2a: Lil' Stinker|U-turn|p1a: Sleepwalking\n|-supereffective|p1a: Sleepwalking\n|-damage|p1a: Sleepwalking|28\/100\n|\n|t:|1700238151\n|switch|p2a: Alders friend|Volcarona, L50, F, shiny|100\/100|[from] U-turn\n|move|p1a: Sleepwalking|Trick Room|p1a: Sleepwalking\n|-fieldstart|move: Trick Room|[of] p1a: Sleepwalking\n|\n|upkeep\n|turn|2\n|\n|t:|1700238183\n|move|p2b: Magic Number|Follow Me|p2b: Magic Number\n|-singleturn|p2b: Magic Number|move: Follow Me\n|move|p1a: Sleepwalking|Scald|p2b: Magic Number\n|-damage|p2b: Magic Number|63\/100\n|move|p2a: Alders friend|Giga Drain|p1a: Sleepwalking\n|-supereffective|p1a: Sleepwalking\n|-damage|p1a: Sleepwalking|0 fnt\n|faint|p1a: Sleepwalking\n|move|p1b: Unchain the Light|Poltergeist|p2b: Magic Number\n|-immune|p2b: Magic Number\n|\n|upkeep\n|\n|t:|1700238190\n|switch|p1a: Ghost in the Moon|Ursaluna-Bloodmoon, L50, M|100\/100\n|turn|3\n|\n|t:|1700238241\n|-terastallize|p1a: Ghost in the Moon|Fairy\n|move|p2a: Alders friend|Protect|p2a: Alders friend\n|-singleturn|p2a: Alders friend|Protect\n|move|p1a: Ghost in the Moon|Hyper Voice|p2b: Magic Number|[spread] p2b\n|-activate|p2a: Alders friend|move: Protect\n|-damage|p2b: Magic Number|19\/100\n|-enditem|p1a: Ghost in the Moon|Throat Spray\n|-boost|p1a: Ghost in the Moon|spa|1|[from] item: Throat Spray\n|move|p1b: Unchain the Light|Bitter Blade|p2a: Alders friend\n|-activate|p2a: Alders friend|move: Protect\n|move|p2b: Magic Number|Population Bomb|p1a: Ghost in the Moon\n|-damage|p1a: Ghost in the Moon|95\/100\n|-damage|p1a: Ghost in the Moon|89\/100\n|-damage|p1a: Ghost in the Moon|83\/100\n|-damage|p1a: Ghost in the Moon|78\/100\n|-damage|p1a: Ghost in the Moon|72\/100\n|-damage|p1a: Ghost in the Moon|66\/100\n|-damage|p1a: Ghost in the Moon|60\/100\n|-damage|p1a: Ghost in the Moon|54\/100\n|-damage|p1a: Ghost in the Moon|48\/100\n|-damage|p1a: Ghost in the Moon|43\/100\n|-hitcount|p1a: Ghost in the Moon|10\n|\n|upkeep\n|turn|4\n|\n|t:|1700238264\n|move|p2b: Magic Number|Follow Me|p2b: Magic Number\n|-singleturn|p2b: Magic Number|move: Follow Me\n|move|p1a: Ghost in the Moon|Hyper Voice|p2b: Magic Number|[spread] p2a,p2b\n|-damage|p2a: Alders friend|69\/100\n|-damage|p2b: Magic Number|0 fnt\n|faint|p2b: Magic Number\n|move|p2a: Alders friend|Quiver Dance|p2a: Alders friend\n|-boost|p2a: Alders friend|spa|1\n|-boost|p2a: Alders friend|spd|1\n|-boost|p2a: Alders friend|spe|1\n|move|p1b: Unchain the Light|Bitter Blade|p2a: Alders friend\n|-damage|p2a: Alders friend|21\/100\n|\n|-heal|p2a: Alders friend|27\/100|[from] item: Leftovers\n|upkeep\n|\n|t:|1700238270\n|switch|p2b: Lil' Stinker|Volbeat, L50, M, shiny|66\/100\n|turn|5\n|\n|t:|1700238300\n|switch|p1b: Crestfallen|Sneasel-Hisui, L50, M, shiny|100\/100\n|move|p2a: Alders friend|Protect|p2a: Alders friend\n|-singleturn|p2a: Alders friend|Protect\n|move|p2b: Lil' Stinker|Tailwind|p2b: Lil' Stinker\n|-sidestart|p2: deathbane98|move: Tailwind\n|move|p1a: Ghost in the Moon|Hyper Voice|p2b: Lil' Stinker|[spread] p2b\n|-activate|p2a: Alders friend|move: Protect\n|-damage|p2b: Lil' Stinker|11\/100\n|\n|-heal|p2a: Alders friend|33\/100|[from] item: Leftovers\n|-fieldend|move: Trick Room\n|upkeep\n|turn|6\n|\n|t:|1700238342\n|move|p2b: Lil' Stinker|Protect|p2b: Lil' Stinker\n|-singleturn|p2b: Lil' Stinker|Protect\n|move|p2a: Alders friend|Protect||[still]\n|-fail|p2a: Alders friend\n|move|p1b: Crestfallen|Fake Out|p2a: Alders friend\n|-damage|p2a: Alders friend|20\/100\n|move|p1a: Ghost in the Moon|Hyper Voice|p2b: Lil' Stinker|[spread] p2a\n|-activate|p2b: Lil' Stinker|move: Protect\n|-damage|p2a: Alders friend|0 fnt\n|faint|p2a: Alders friend\n|\n|upkeep\n|\n|t:|1700238349\n|switch|p2a: Nolan Greyson|Urshifu, L50, F|100\/100\n|turn|7\n|\n|t:|1700238384\n|move|p2a: Nolan Greyson|Wicked Blow|p1a: Ghost in the Moon\n|-resisted|p1a: Ghost in the Moon\n|-crit|p1a: Ghost in the Moon\n|-damage|p1a: Ghost in the Moon|25\/100\n|move|p2b: Lil' Stinker|U-turn|p1b: Crestfallen\n|-resisted|p1b: Crestfallen\n|-damage|p1b: Crestfallen|94\/100\n|move|p1b: Crestfallen|Close Combat|p2a: Nolan Greyson\n|-supereffective|p2a: Nolan Greyson\n|-enditem|p2a: Nolan Greyson|Focus Sash\n|-damage|p2a: Nolan Greyson|1\/100\n|-unboost|p1b: Crestfallen|def|1\n|-unboost|p1b: Crestfallen|spd|1\n|move|p1a: Ghost in the Moon|Hyper Voice|p2b: Lil' Stinker|[spread] p2a,p2b\n|-crit|p2a: Nolan Greyson\n|-damage|p2a: Nolan Greyson|0 fnt\n|-damage|p2b: Lil' Stinker|0 fnt\n|faint|p2a: Nolan Greyson\n|faint|p2b: Lil' Stinker\n|\n|win|Luckiest Ludicolo\n|c|\u2606deathbane98|gg\n|c|\u2606Luckiest Ludicolo|gg!\n|c|\u2606deathbane98|had to hope for the 1\/3\n|c|\u2606Luckiest Ludicolo|I'll send a paste after I submit the replays\n","uploadtime":1700238403,"views":28,"p1id":"luckiestludicolo","p2id":"deathbane98","formatid":"gen9vgc2023regulatione","rating":0,"private":0,"password":""}