{"id":"gen9vgc2023regulatione-1998864887","p1":"OrangeObama","p2":"Kardvieo","format":"[Gen 9] VGC 2023 Regulation E","log":"|j|\u2606OrangeObama\n|j|\u2606Kardvieo\n|t:|1701005368\n|gametype|doubles\n|player|p1|OrangeObama|acetrainer-gen4dp|1291\n|player|p2|Kardvieo|alec-anime|1323\n|teamsize|p1|6\n|teamsize|p2|6\n|gen|9\n|tier|[Gen 9] VGC 2023 Regulation E\n|rated|\n|rule|Species Clause: Limit one of each Pok\u00e9mon\n|rule|Item Clause: Limit one of each item\n|clearpoke\n|poke|p1|Enamorus, L50, F|\n|poke|p1|Grimmsnarl, L50, M|\n|poke|p1|Landorus-Therian, L50, M|\n|poke|p1|Sinistcha-Masterpiece, L50|\n|poke|p1|Heatran, L50, F|\n|poke|p1|Iron Bundle, L50|\n|poke|p2|Hatterene, L50, F|\n|poke|p2|Sinistcha-Masterpiece, L50|\n|poke|p2|Iron Hands, L50|\n|poke|p2|Goodra-Hisui, L50, F|\n|poke|p2|Ursaluna-Bloodmoon, L50, M|\n|poke|p2|Heatran, L50, F|\n|teampreview|4\n|inactive|Battle timer is ON: inactive players will automatically lose when time's up. (requested by Kardvieo)\n|inactive|OrangeObama also wants the timer to be on.\n|inactive|OrangeObama has 60 seconds left.\nOrangeObama rejected open team sheets.\n|\n|t:|1701005406\n|start\n|switch|p1a: Enamorus|Enamorus, L50, F|100\/100\n|switch|p1b: Grimmsnarl|Grimmsnarl, L50, M|100\/100\n|switch|p2a: Hat :)|Hatterene, L50, F, shiny|100\/100\n|switch|p2b: Slombo|Goodra-Hisui, L50, F, shiny|100\/100\n|turn|1\n|\n|t:|1701005422\n|-terastallize|p1a: Enamorus|Steel\n|move|p2b: Slombo|Protect|p2b: Slombo\n|-singleturn|p2b: Slombo|Protect\n|move|p1b: Grimmsnarl|Reflect|p1b: Grimmsnarl\n|-sidestart|p1: OrangeObama|Reflect\n|move|p1a: Enamorus|Superpower|p2b: Slombo\n|-activate|p2b: Slombo|move: Protect\n|move|p2a: Hat :)|Trick Room|p2a: Hat :)\n|-fieldstart|move: Trick Room|[of] p2a: Hat :)\n|\n|upkeep\n|turn|2\n|\n|t:|1701005437\n|move|p1b: Grimmsnarl|Parting Shot|p2a: Hat :)\n|move|p2a: Hat :)|Parting Shot|p1b: Grimmsnarl|[from]ability: Magic Bounce\n|-unboost|p1b: Grimmsnarl|atk|1\n|-unboost|p1b: Grimmsnarl|spa|1\n|\n|t:|1701005442\n|switch|p2a: Brian Hands|Iron Hands, L50, shiny|100\/100|[from] Parting Shot\n|move|p2b: Slombo|Thunderbolt|p1a: Enamorus\n|-damage|p1a: Enamorus|69\/100\n|-damage|p2b: Slombo|91\/100|[from] item: Life Orb\n|move|p1a: Enamorus|Superpower|p2b: Slombo\n|-supereffective|p2b: Slombo\n|-damage|p2b: Slombo|34\/100\n|-boost|p1a: Enamorus|atk|1\n|-boost|p1a: Enamorus|def|1\n|\n|-heal|p1a: Enamorus|75\/100|[from] item: Leftovers\n|upkeep\n|turn|3\n|\n|t:|1701005457\n|move|p1a: Enamorus|Protect|p1a: Enamorus\n|-singleturn|p1a: Enamorus|Protect\n|move|p1b: Grimmsnarl|Light Screen|p1b: Grimmsnarl\n|-sidestart|p1: OrangeObama|move: Light Screen\n|move|p2a: Brian Hands|Drain Punch|p1a: Enamorus\n|-activate|p1a: Enamorus|move: Protect\n|move|p2b: Slombo|Thunderbolt|p1a: Enamorus\n|-activate|p1a: Enamorus|move: Protect\n|\n|-heal|p1a: Enamorus|81\/100|[from] item: Leftovers\n|upkeep\n|turn|4\n|\n|t:|1701005470\n|move|p1b: Grimmsnarl|Parting Shot|p2a: Brian Hands\n|-unboost|p2a: Brian Hands|atk|1\n|-unboost|p2a: Brian Hands|spa|1\n|\n|t:|1701005473\n|switch|p1b: Landorus|Landorus-Therian, L50, M|100\/100|[from] Parting Shot\n|-ability|p1b: Landorus|Intimidate|boost\n|-unboost|p2a: Brian Hands|atk|1\n|-unboost|p2b: Slombo|atk|1\n|move|p2a: Brian Hands|Drain Punch|p1a: Enamorus\n|-supereffective|p1a: Enamorus\n|-damage|p1a: Enamorus|54\/100\n|move|p2b: Slombo|Flash Cannon|p1b: Landorus\n|-damage|p1b: Landorus|72\/100\n|-damage|p2b: Slombo|25\/100|[from] item: Life Orb\n|move|p1a: Enamorus|Superpower|p2b: Slombo\n|-supereffective|p2b: Slombo\n|-damage|p2b: Slombo|0 fnt\n|-boost|p1a: Enamorus|atk|1\n|-boost|p1a: Enamorus|def|1\n|faint|p2b: Slombo\n|\n|-heal|p1a: Enamorus|60\/100|[from] item: Leftovers\n|upkeep\n|\n|t:|1701005490\n|switch|p2b: Fedy Fazber|Ursaluna-Bloodmoon, L50, M|100\/100\n|turn|5\n|\n|t:|1701005500\n|-end|p2a: Brian Hands|Quark Drive|[silent]\n|switch|p2a: Hat :)|Hatterene, L50, F, shiny|100\/100\n|move|p1a: Enamorus|Protect|p1a: Enamorus\n|-singleturn|p1a: Enamorus|Protect\n|move|p2b: Fedy Fazber|Earth Power|p1a: Enamorus\n|-activate|p1a: Enamorus|move: Protect\n|move|p1b: Landorus|U-turn|p2a: Hat :)\n|-damage|p2a: Hat :)|63\/100\n|\n|t:|1701005509\n|switch|p1b: Sinistcha|Sinistcha-Masterpiece, L50|100\/100|[from] U-turn\n|-heal|p1a: Enamorus|85\/100|[from] ability: Hospitality|[of] p1b: Sinistcha\n|\n|-heal|p1a: Enamorus|91\/100|[from] item: Leftovers\n|-fieldend|move: Trick Room\n|upkeep\n|turn|6\n|\n|t:|1701005523\n|-terastallize|p2a: Hat :)|Water\n|move|p1b: Sinistcha|Rage Powder|p1b: Sinistcha\n|-singleturn|p1b: Sinistcha|move: Rage Powder\n|move|p1a: Enamorus|Iron Head|p2a: Hat :)\n|-resisted|p2a: Hat :)\n|-damage|p2a: Hat :)|24\/100\n|move|p2b: Fedy Fazber|Earth Power|p1b: Sinistcha\n|-resisted|p1b: Sinistcha\n|-damage|p1b: Sinistcha|83\/100\n|move|p2a: Hat :)|Trick Room|p2a: Hat :)\n|-fieldstart|move: Trick Room|[of] p2a: Hat :)\n|\n|-heal|p1a: Enamorus|97\/100|[from] item: Leftovers\n|upkeep\n|turn|7\n|\n|t:|1701005540\n|move|p1b: Sinistcha|Rage Powder|p1b: Sinistcha\n|-singleturn|p1b: Sinistcha|move: Rage Powder\n|move|p2a: Hat :)|Psychic|p1b: Sinistcha\n|-damage|p1b: Sinistcha|49\/100\n|-enditem|p1b: Sinistcha|Sitrus Berry|[eat]\n|-heal|p1b: Sinistcha|74\/100|[from] item: Sitrus Berry\n|move|p2b: Fedy Fazber|Blood Moon|p1b: Sinistcha\n|-damage|p1b: Sinistcha|24\/100\n|move|p1a: Enamorus|Superpower|p2b: Fedy Fazber\n|-supereffective|p2b: Fedy Fazber\n|-damage|p2b: Fedy Fazber|2\/100\n|-boost|p1a: Enamorus|atk|1\n|-boost|p1a: Enamorus|def|1\n|\n|-heal|p2b: Fedy Fazber|8\/100|[from] item: Leftovers\n|-heal|p1a: Enamorus|100\/100|[from] item: Leftovers\n|upkeep\n|turn|8\n|inactive|OrangeObama has 30 seconds left.\n|\n|t:|1701005567\n|switch|p1b: Grimmsnarl|Grimmsnarl, L50, M|100\/100\n|move|p2a: Hat :)|Psychic|p1b: Grimmsnarl\n|-immune|p1b: Grimmsnarl\n|move|p2b: Fedy Fazber|Earth Power|p1a: Enamorus\n|-supereffective|p1a: Enamorus\n|-damage|p1a: Enamorus|41\/100\n|move|p1a: Enamorus|Superpower|p2a: Hat :)\n|-damage|p2a: Hat :)|0 fnt\n|-boost|p1a: Enamorus|atk|1\n|-boost|p1a: Enamorus|def|1\n|faint|p2a: Hat :)\n|\n|-heal|p2b: Fedy Fazber|14\/100|[from] item: Leftovers\n|-heal|p1a: Enamorus|47\/100|[from] item: Leftovers\n|-sideend|p1: OrangeObama|Reflect\n|upkeep\n|\n|t:|1701005582\n|switch|p2a: Brian Hands|Iron Hands, L50, shiny|100\/100\n|turn|9\n|\n|t:|1701005592\n|move|p1a: Enamorus|Protect|p1a: Enamorus\n|-singleturn|p1a: Enamorus|Protect\n|move|p2a: Brian Hands|Fake Out|p1b: Grimmsnarl\n|-damage|p1b: Grimmsnarl|83\/100\n|cant|p1b: Grimmsnarl|flinch\n|move|p2b: Fedy Fazber|Earth Power|p1a: Enamorus\n|-activate|p1a: Enamorus|move: Protect\n|\n|-heal|p2b: Fedy Fazber|20\/100|[from] item: Leftovers\n|-heal|p1a: Enamorus|53\/100|[from] item: Leftovers\n|upkeep\n|turn|10\n|inactive|OrangeObama has 30 seconds left.\n|\n|t:|1701005621\n|switch|p1a: Landorus|Landorus-Therian, L50, M|72\/100\n|-ability|p1a: Landorus|Intimidate|boost\n|-unboost|p2a: Brian Hands|atk|1\n|-unboost|p2b: Fedy Fazber|atk|1\n|move|p1b: Grimmsnarl|Reflect|p1b: Grimmsnarl\n|-sidestart|p1: OrangeObama|Reflect\n|move|p2a: Brian Hands|Drain Punch|p1a: Landorus\n|-resisted|p1a: Landorus\n|-damage|p1a: Landorus|62\/100\n|move|p2b: Fedy Fazber|Earth Power|p1a: Landorus\n|-immune|p1a: Landorus\n|\n|-heal|p2b: Fedy Fazber|26\/100|[from] item: Leftovers\n|-sideend|p1: OrangeObama|move: Light Screen\n|-fieldend|move: Trick Room\n|upkeep\n|turn|11\n|-message|Kardvieo forfeited.\n|\n|win|OrangeObama\n|raw|OrangeObama's rating: 1291 &rarr; <strong>1318<\/strong><br \/>(+27 for winning)\n|raw|Kardvieo's rating: 1323 &rarr; <strong>1301<\/strong><br \/>(-22 for losing)\n|l|\u2606Kardvieo\n|c|\u2606OrangeObama|gg\n","uploadtime":1701005638,"views":1,"p1id":"orangeobama","p2id":"kardvieo","formatid":"gen9vgc2023regulatione","rating":1301,"private":0,"password":""}