{"id":"gen9vgc2023regulatione-1997027890","p1":"soolers2test","p2":"darknes3","format":"[Gen 9] VGC 2023 Regulation E","log":"|j|\u2606soolers2test\n|j|\u2606darknes3\n|t:|1700757206\n|gametype|doubles\n|player|p1|soolers2test|1|1120\n|player|p2|darknes3|1|1133\n|teamsize|p1|6\n|teamsize|p2|6\n|gen|9\n|tier|[Gen 9] VGC 2023 Regulation E\n|rated|\n|rule|Species Clause: Limit one of each Pok\u00e9mon\n|rule|Item Clause: Limit one of each item\n|clearpoke\n|poke|p1|Tornadus, L50, M|\n|poke|p1|Thundurus, L50, M|\n|poke|p1|Grimmsnarl, L50, M|\n|poke|p1|Grafaiai, L50, F|\n|poke|p1|Sableye, L50, M|\n|poke|p1|Volbeat, L50, M|\n|poke|p2|Chi-Yu, L50|\n|poke|p2|Iron Bundle, L50|\n|poke|p2|Farigiraf, L50, F|\n|poke|p2|Ogerpon-Wellspring, L50, F|\n|poke|p2|Landorus-Therian, L50, M|\n|poke|p2|Arcanine-Hisui, L50, F|\n|teampreview|4\n|inactive|Battle timer is ON: inactive players will automatically lose when time's up. (requested by darknes3)\n|inactive|soolers2test also wants the timer to be on.\n|c|\u2606darknes3|glhf\n|c|\u2606soolers2test|you also\n|inactive|darknes3 has 60 seconds left.\n|c|\u2606darknes3|holy shit a prankster time\n|\n|t:|1700757250\n|start\n|switch|p1a: Tornadus|Tornadus, L50, M|100\/100\n|switch|p1b: Thundurus|Thundurus, L50, M|100\/100\n|switch|p2a: Chi-Yu|Chi-Yu, L50|100\/100\n|switch|p2b: Iron Bundle|Iron Bundle, L50|100\/100\n|-ability|p2a: Chi-Yu|Beads of Ruin\n|-enditem|p2b: Iron Bundle|Booster Energy\n|-activate|p2b: Iron Bundle|ability: Quark Drive|[fromitem]\n|-start|p2b: Iron Bundle|quarkdrivespe\n|turn|1\n|c|\u2606soolers2test|its just a prank\n|\n|t:|1700757269\n|move|p1a: Tornadus|Rain Dance|p1a: Tornadus\n|-weather|RainDance\n|move|p2b: Iron Bundle|Icy Wind|p1a: Tornadus|[spread] p1a,p1b\n|-supereffective|p1a: Tornadus\n|-supereffective|p1b: Thundurus\n|-damage|p1a: Tornadus|32\/100\n|-damage|p1b: Thundurus|25\/100\n|-unboost|p1a: Tornadus|spe|1\n|-unboost|p1b: Thundurus|spe|1\n|move|p2a: Chi-Yu|Heat Wave|p1a: Tornadus|[spread] p1b\n|-miss|p2a: Chi-Yu|p1a: Tornadus\n|-damage|p1b: Thundurus|0 fnt\n|faint|p1b: Thundurus\n|\n|-weather|RainDance|[upkeep]\n|upkeep\n|c|\u2606darknes3|fair enough\n|\n|t:|1700757276\n|switch|p1b: Grimmsnarl|Grimmsnarl, L50, M|100\/100\n|turn|2\n|\n|t:|1700757287\n|switch|p2a: Ogerpon|Ogerpon-Wellspring, L50, F|100\/100\n|-terastallize|p1a: Tornadus|Water\n|move|p1b: Grimmsnarl|Fake Out|p2b: Iron Bundle\n|-damage|p2b: Iron Bundle|85\/100\n|cant|p2b: Iron Bundle|flinch\n|move|p1a: Tornadus|Bleakwind Storm|p2a: Ogerpon|[spread] p2a,p2b\n|-supereffective|p2a: Ogerpon\n|-damage|p2a: Ogerpon|0 fnt\n|-damage|p2b: Iron Bundle|0 fnt\n|faint|p2a: Ogerpon\n|faint|p2b: Iron Bundle\n|-end|p2b: Iron Bundle|Quark Drive|[silent]\n|-damage|p1a: Tornadus|23\/100|[from] item: Life Orb\n|\n|-weather|RainDance|[upkeep]\n|upkeep\n|\n|t:|1700757300\n|switch|p2b: Chi-Yu|Chi-Yu, L50|100\/100\n|switch|p2a: Landorus|Landorus-Therian, L50, M|100\/100\n|-ability|p2a: Landorus|Intimidate|boost\n|-unboost|p1a: Tornadus|atk|1\n|-unboost|p1b: Grimmsnarl|atk|1\n|-ability|p2b: Chi-Yu|Beads of Ruin\n|turn|3\n|\n|t:|1700757317\n|move|p1a: Tornadus|Tailwind|p1a: Tornadus\n|-sidestart|p1: soolers2test|move: Tailwind\n|move|p1b: Grimmsnarl|Bulk Up|p1b: Grimmsnarl\n|-boost|p1b: Grimmsnarl|atk|1\n|-boost|p1b: Grimmsnarl|def|1\n|move|p2a: Landorus|Rock Slide|p1b: Grimmsnarl|[spread] p1a\n|-miss|p2a: Landorus|p1b: Grimmsnarl\n|-damage|p1a: Tornadus|0 fnt\n|faint|p1a: Tornadus\n|move|p2b: Chi-Yu|Heat Wave|p1b: Grimmsnarl\n|-damage|p1b: Grimmsnarl|51\/100\n|\n|-weather|RainDance|[upkeep]\n|upkeep\n|\n|t:|1700757319\n|switch|p1a: Volbeat|Volbeat, L50, M|100\/100\n|turn|4\n|\n|t:|1700757332\n|move|p2a: Landorus|Rock Slide|p1a: Volbeat|[spread] p1b\n|-miss|p2a: Landorus|p1a: Volbeat\n|-damage|p1b: Grimmsnarl|35\/100\n|move|p1a: Volbeat|Struggle Bug|p2a: Landorus|[spread] p2a,p2b\n|-resisted|p2a: Landorus\n|-damage|p2a: Landorus|94\/100\n|-damage|p2b: Chi-Yu|91\/100\n|-unboost|p2a: Landorus|spa|1\n|-unboost|p2b: Chi-Yu|spa|1\n|move|p2b: Chi-Yu|Heat Wave|p1a: Volbeat|[spread] p1a\n|-miss|p2b: Chi-Yu|p1b: Grimmsnarl\n|-supereffective|p1a: Volbeat\n|-damage|p1a: Volbeat|62\/100\n|cant|p1b: Grimmsnarl|flinch\n|\n|-weather|RainDance|[upkeep]\n|upkeep\n|turn|5\n|\n|t:|1700757347\n|move|p1b: Grimmsnarl|Sucker Punch|p2a: Landorus\n|-damage|p2a: Landorus|54\/100\n|move|p2a: Landorus|Rock Slide|p1b: Grimmsnarl|[spread] p1a,p1b\n|-supereffective|p1a: Volbeat\n|-damage|p1a: Volbeat|5\/100\n|-damage|p1b: Grimmsnarl|18\/100\n|move|p1a: Volbeat|Struggle Bug|p2a: Landorus|[spread] p2a,p2b\n|-resisted|p2a: Landorus\n|-damage|p2a: Landorus|48\/100\n|-damage|p2b: Chi-Yu|84\/100\n|-unboost|p2a: Landorus|spa|1\n|-unboost|p2b: Chi-Yu|spa|1\n|move|p2b: Chi-Yu|Heat Wave|p1a: Volbeat|[spread] p1a,p1b\n|-supereffective|p1a: Volbeat\n|-damage|p1a: Volbeat|0 fnt\n|-damage|p1b: Grimmsnarl|2\/100\n|faint|p1a: Volbeat\n|\n|-weather|none\n|upkeep\n|turn|6\n|\n|t:|1700757358\n|move|p1b: Grimmsnarl|Sucker Punch|p2a: Landorus\n|-damage|p2a: Landorus|11\/100\n|move|p2a: Landorus|Rock Slide|p1b: Grimmsnarl\n|-damage|p1b: Grimmsnarl|0 fnt\n|faint|p1b: Grimmsnarl\n|\n|win|darknes3\n|raw|soolers2test's rating: 1120 &rarr; <strong>1096<\/strong><br \/>(-24 for losing)\n|raw|darknes3's rating: 1133 &rarr; <strong>1157<\/strong><br \/>(+24 for winning)\n|c|\u2606darknes3|gg wp\n|c|\u2606soolers2test|gg\n|c|\u2606darknes3|fun team\n|c|\u2606soolers2test|bad team really but lol\n|l|\u2606soolers2test\n","uploadtime":1700757393,"views":0,"p1id":"soolers2test","p2id":"darknes3","formatid":"gen9vgc2023regulatione","rating":1096,"private":0,"password":""}