{"id":"gen9vgc2023regulatione-1991684178","p1":"J4ce","p2":"hash brown enjoyer","format":"[Gen 9] VGC 2023 Regulation E","log":"|j|\u2606J4ce\n|j|\u2606hash brown enjoyer\n|n|\u2606J4ce|j4ce\n|n|\u2606hash brown enjoyer|hashbrownenjoyer\n|html|View the match progress at <a href=\"\/game-bestof3-gen9vgc2023regulatione-1991684177\">game-bestof3-gen9vgc2023regulatione-1991684177<\/a>\n|t:|1700102351\n|gametype|doubles\n|player|p1|J4ce|sordward|\n|player|p2|hash brown enjoyer|ingo|\n|teamsize|p1|6\n|teamsize|p2|6\n|gen|9\n|tier|[Gen 9] VGC 2023 Regulation E\n|rule|Species Clause: Limit one of each Pok\u00e9mon\n|rule|Item Clause: Limit one of each item\n|clearpoke\n|poke|p1|Moltres, L50|\n|poke|p1|Mesprit, L50|\n|poke|p1|Furret, L50, F|\n|poke|p1|Drifblim, L50, F|\n|poke|p1|Sneasel, L50, M|\n|poke|p1|Sudowoodo, L50, M|\n|poke|p2|Rabsca, L50, F|\n|poke|p2|Decidueye-Hisui, L50, M|\n|poke|p2|Aipom, L50, M|\n|poke|p2|Lucario, L50, F|\n|poke|p2|Morgrem, L50, M|\n|poke|p2|Goodra, L50, M|\n|teampreview|4\n|c|\u2606J4ce|oo\n|c|\u2606J4ce|glhf!\n|c|\u2606hash brown enjoyer|glhf!\n|\n|t:|1700102475\n|start\n|switch|p1a: Messi|Mesprit, L50|100\/100\n|switch|p1b: Achoo|Sneasel, L50, M|100\/100\n|switch|p2a: Rabsca|Rabsca, L50, F|100\/100\n|switch|p2b: Morgrem|Morgrem, L50, M|100\/100\n|turn|1\n|\n|t:|1700102539\n|-terastallize|p2a: Rabsca|Water\n|move|p1b: Achoo|Fake Out|p2a: Rabsca\n|-damage|p2a: Rabsca|91\/100\n|move|p2b: Morgrem|Fake Out|p1a: Messi\n|-damage|p1a: Messi|95\/100\n|cant|p1a: Messi|flinch\n|cant|p2a: Rabsca|flinch\n|\n|upkeep\n|turn|2\n|\n|t:|1700102578\n|move|p2b: Morgrem|Parting Shot|p1a: Messi\n|-unboost|p1a: Messi|atk|1\n|-unboost|p1a: Messi|spa|1\n|\n|t:|1700102597\n|switch|p2b: Decidueye|Decidueye-Hisui, L50, M|100\/100|[from] Parting Shot\n|move|p1b: Achoo|Taunt|p2a: Rabsca\n|-start|p2a: Rabsca|move: Taunt\n|move|p1a: Messi|Play Rough|p2b: Decidueye\n|-supereffective|p2b: Decidueye\n|-damage|p2b: Decidueye|66\/100\n|cant|p2a: Rabsca|move: Taunt|Trick Room\n|\n|upkeep\n|turn|3\n|\n|t:|1700102689\n|switch|p1a: Molt|Moltres, L50|100\/100\n|switch|p2b: Morgrem|Morgrem, L50, M|100\/100\n|move|p1b: Achoo|Icicle Crash|p2b: Morgrem\n|-damage|p2b: Morgrem|67\/100\n|move|p2a: Rabsca|Bug Buzz|p1b: Achoo\n|-supereffective|p1b: Achoo\n|-damage|p1b: Achoo|0 fnt\n|faint|p1b: Achoo\n|\n|upkeep\n|\n|t:|1700102704\n|switch|p1b: Messi|Mesprit, L50|95\/100\n|turn|4\n|\n|t:|1700102762\n|move|p2b: Morgrem|Fake Out|p1a: Molt\n|-damage|p1a: Molt|94\/100\n|-status|p2b: Morgrem|brn|[from] ability: Flame Body|[of] p1a: Molt\n|cant|p1a: Molt|flinch\n|move|p1b: Messi|Knock Off|p2a: Rabsca\n|-damage|p2a: Rabsca|72\/100\n|-enditem|p2a: Rabsca|Sitrus Berry|[from] move: Knock Off|[of] p1b: Messi\n|move|p2a: Rabsca|Bug Buzz|p1b: Messi\n|-supereffective|p1b: Messi\n|-damage|p1b: Messi|33\/100\n|-enditem|p1b: Messi|Weakness Policy\n|-boost|p1b: Messi|atk|2|[from] item: Weakness Policy\n|-boost|p1b: Messi|spa|2|[from] item: Weakness Policy\n|\n|-damage|p2b: Morgrem|61\/100 brn|[from] brn\n|-end|p2a: Rabsca|move: Taunt\n|upkeep\n|turn|5\n|\n|t:|1700102790\n|move|p2b: Morgrem|Scary Face|p1b: Messi\n|-unboost|p1b: Messi|spe|2\n|move|p1a: Molt|Air Slash|p2a: Rabsca|[miss]\n|-miss|p1a: Molt|p2a: Rabsca\n|move|p2a: Rabsca|Bug Buzz|p1b: Messi\n|-supereffective|p1b: Messi\n|-damage|p1b: Messi|0 fnt\n|faint|p1b: Messi\n|\n|-damage|p2b: Morgrem|55\/100 brn|[from] brn\n|upkeep\n|\n|t:|1700102799\n|switch|p1b: Furry|Furret, L50, F|100\/100\n|-item|p2b: Morgrem|Eviolite|[from] ability: Frisk|[of] p1b: Furry|[identify]\n|turn|6\n|c|\u2606J4ce|Woof\n|\n|t:|1700102815\n|move|p2b: Morgrem|Parting Shot|p1a: Molt\n|-unboost|p1a: Molt|atk|1\n|-unboost|p1a: Molt|spa|1\n|\n|t:|1700102821\n|switch|p2b: Goodra|Goodra, L50, M|100\/100|[from] Parting Shot\n|move|p1b: Furry|Super Fang|p2a: Rabsca\n|-damage|p2a: Rabsca|36\/100\n|move|p1a: Molt|Air Slash|p2a: Rabsca\n|-damage|p2a: Rabsca|11\/100\n|move|p2a: Rabsca|Trick Room|p2a: Rabsca\n|-fieldstart|move: Trick Room|[of] p2a: Rabsca\n|\n|upkeep\n|turn|7\n|c|\u2606J4ce|gg haha\n|c|\u2606hash brown enjoyer|ggs!\n|\n|t:|1700102882\n|move|p2a: Rabsca|Psychic|p1a: Molt\n|-damage|p1a: Molt|52\/100\n|move|p2b: Goodra|Muddy Water|p1a: Molt|[spread] p1b\n|-miss|p2b: Goodra|p1a: Molt\n|-damage|p1b: Furry|69\/100\n|-unboost|p1b: Furry|accuracy|1\n|move|p1a: Molt|Air Slash|p2a: Rabsca\n|-damage|p2a: Rabsca|0 fnt\n|faint|p2a: Rabsca\n|move|p1b: Furry|Super Fang|p2b: Goodra|[miss]\n|-miss|p1b: Furry|p2b: Goodra\n|\n|upkeep\n|\n|t:|1700102894\n|switch|p2a: Decidueye|Decidueye-Hisui, L50, M|66\/100\n|turn|8\n|\n|t:|1700102902\n|move|p2a: Decidueye|Triple Arrows|p1b: Furry\n|-supereffective|p1b: Furry\n|-enditem|p1b: Furry|Chople Berry|[eat]\n|-enditem|p1b: Furry|Chople Berry|[weaken]\n|-damage|p1b: Furry|0 fnt\n|faint|p1b: Furry\n|move|p2b: Goodra|Muddy Water|p1a: Molt\n|-supereffective|p1a: Molt\n|-enditem|p1a: Molt|Passho Berry|[eat]\n|-enditem|p1a: Molt|Passho Berry|[weaken]\n|-damage|p1a: Molt|19\/100\n|-unboost|p1a: Molt|accuracy|1\n|move|p1a: Molt|Air Slash|p2a: Decidueye|[miss]\n|-miss|p1a: Molt|p2a: Decidueye\n|\n|upkeep\n|turn|9\n|\n|t:|1700102916\n|move|p2a: Decidueye|Triple Arrows|p1a: Molt\n|-resisted|p1a: Molt\n|-damage|p1a: Molt|0 fnt\n|faint|p1a: Molt\n|\n|win|hash brown enjoyer\n|c|&|\/uhtml prompt-j4ce,J4ce is ready for game 2!\n|c|&|\/uhtml prompt-hashbrownenjoyer,hash brown enjoyer is ready for game 2!\nBoth players are ready! Starting next match!\n","uploadtime":1700103383,"views":40,"p1id":"j4ce","p2id":"hashbrownenjoyer","formatid":"gen9vgc2023regulatione","rating":0,"private":0,"password":""}