{"id":"gen9vgc2023regulatione-1988124878","p1":"Broccoli Soup","p2":"TheGreatMutwa","format":"[Gen 9] VGC 2023 Regulation E","log":"|j|\u2606Broccoli Soup\n|j|\u2606TheGreatMutwa\n|t:|1699672633\n|gametype|doubles\n|player|p1|Broccoli Soup|preschooler|1344\n|player|p2|TheGreatMutwa|theroyal|1282\n|teamsize|p1|6\n|teamsize|p2|6\n|gen|9\n|tier|[Gen 9] VGC 2023 Regulation E\n|rated|\n|rule|Species Clause: Limit one of each Pok\u00e9mon\n|rule|Item Clause: Limit one of each item\n|clearpoke\n|poke|p1|Dragonite, L50, F|\n|poke|p1|Chien-Pao, L50|\n|poke|p1|Flutter Mane, L50|\n|poke|p1|Iron Hands, L50|\n|poke|p1|Landorus-Therian, L50, M|\n|poke|p1|Heatran, L50, M|\n|poke|p2|Chi-Yu, L50|\n|poke|p2|Munkidori, L50, M|\n|poke|p2|Rillaboom, L50, M|\n|poke|p2|Annihilape, L50, F|\n|poke|p2|Arcanine-Hisui, L50, M|\n|poke|p2|Maushold, L50|\n|teampreview|4\n|inactive|Battle timer is ON: inactive players will automatically lose when time's up. (requested by Broccoli Soup)\nBroccoli Soup has agreed to open team sheets.\n|inactive|Broccoli Soup has 60 seconds left.\n|inactive|TheGreatMutwa has 60 seconds left.\n|\n|t:|1699672670\n|start\n|switch|p1a: 70% usage|Flutter Mane, L50|100\/100\n|switch|p1b: Powercreep|Iron Hands, L50|100\/100\n|switch|p2a: Annihilape|Annihilape, L50, F|100\/100\n|switch|p2b: Maushold|Maushold, L50|100\/100\n|-enditem|p1a: 70% usage|Booster Energy\n|-activate|p1a: 70% usage|ability: Protosynthesis|[fromitem]\n|-start|p1a: 70% usage|protosynthesisspe\n|turn|1\n|inactive|TheGreatMutwa has 30 seconds left.\n|\n|t:|1699672703\n|-terastallize|p2b: Maushold|Ghost\n|move|p1b: Powercreep|Fake Out|p2b: Maushold\n|-immune|p2b: Maushold\n|move|p1a: 70% usage|Dazzling Gleam|p2a: Annihilape|[spread] p2a,p2b\n|-supereffective|p2a: Annihilape\n|-damage|p2a: Annihilape|70\/100\n|-damage|p2b: Maushold|62\/100\n|move|p2b: Maushold|Beat Up|p2a: Annihilape\n|-damage|p2a: Annihilape|68\/100\n|-damage|p2a: Annihilape|66\/100\n|-damage|p2a: Annihilape|64\/100\n|-damage|p2a: Annihilape|61\/100\n|-hitcount|p2a: Annihilape|4\n|move|p2a: Annihilape|Rage Fist|p1a: 70% usage\n|-supereffective|p1a: 70% usage\n|-damage|p1a: 70% usage|0 fnt\n|faint|p1a: 70% usage\n|-end|p1a: 70% usage|Protosynthesis|[silent]\n|\n|upkeep\n|\n|t:|1699672721\n|switch|p1a: support mon|Chien-Pao, L50|100\/100\n|-ability|p1a: support mon|Sword of Ruin\n|turn|2\n|\n|t:|1699672732\n|move|p2b: Maushold|Follow Me|p2b: Maushold\n|-singleturn|p2b: Maushold|move: Follow Me\n|move|p1a: support mon|Icicle Crash|p2b: Maushold|[miss]\n|-miss|p1a: support mon|p2b: Maushold\n|move|p2a: Annihilape|Drain Punch|p1a: support mon\n|-supereffective|p1a: support mon\n|-enditem|p1a: support mon|Focus Sash\n|-damage|p1a: support mon|1\/100\n|-heal|p2a: Annihilape|97\/100|[from] drain|[of] p1a: support mon\n|move|p1b: Powercreep|Wild Charge|p2b: Maushold\n|-damage|p2b: Maushold|0 fnt\n|faint|p2b: Maushold\n|-damage|p1b: Powercreep|89\/100|[from] Recoil\n|\n|upkeep\n|\n|t:|1699672746\n|switch|p2b: Arcanine|Arcanine-Hisui, L50, M|100\/100\n|-ability|p2b: Arcanine|Intimidate|boost\n|-unboost|p1a: support mon|atk|1\n|-unboost|p1b: Powercreep|atk|1\n|turn|3\n|\n|t:|1699672753\n|move|p1a: support mon|Icicle Crash|p2a: Annihilape\n|-damage|p2a: Annihilape|53\/100\n|move|p2b: Arcanine|Rock Slide|p1b: Powercreep|[spread] p1a,p1b\n|-supereffective|p1a: support mon\n|-resisted|p1b: Powercreep\n|-damage|p1a: support mon|0 fnt\n|-damage|p1b: Powercreep|80\/100\n|faint|p1a: support mon\n|cant|p2a: Annihilape|flinch\n|cant|p1b: Powercreep|flinch\n|\n|upkeep\n|\n|t:|1699672764\n|switch|p1a: OHKO machine|Dragonite, L50, F|100\/100\n|turn|4\n|\n|t:|1699672779\n|move|p2b: Arcanine|Will-O-Wisp|p1a: OHKO machine\n|-status|p1a: OHKO machine|brn\n|move|p2a: Annihilape|Rage Fist|p1a: OHKO machine\n|-damage|p1a: OHKO machine|0 fnt\n|faint|p1a: OHKO machine\n|move|p1b: Powercreep|Drain Punch|p2b: Arcanine\n|-supereffective|p2b: Arcanine\n|-damage|p2b: Arcanine|46\/100\n|-heal|p1b: Powercreep|100\/100|[from] drain|[of] p2b: Arcanine\n|\n|upkeep\n|turn|5\n|\n|t:|1699672793\n|move|p2b: Arcanine|Will-O-Wisp|p1b: Powercreep\n|-status|p1b: Powercreep|brn\n|move|p2a: Annihilape|Rage Fist|p1b: Powercreep\n|-damage|p1b: Powercreep|6\/100 brn\n|move|p1b: Powercreep|Drain Punch|p2b: Arcanine\n|-supereffective|p2b: Arcanine\n|-damage|p2b: Arcanine|19\/100\n|-heal|p1b: Powercreep|17\/100 brn|[from] drain|[of] p2b: Arcanine\n|-enditem|p2b: Arcanine|Figy Berry|[eat]\n|-heal|p2b: Arcanine|52\/100|[from] item: Figy Berry\n|\n|-damage|p1b: Powercreep|11\/100 brn|[from] brn\n|upkeep\n|turn|6\n|\n|t:|1699672809\n|move|p2b: Arcanine|Flare Blitz|p1b: Powercreep\n|-damage|p1b: Powercreep|0 fnt\n|faint|p1b: Powercreep\n|-end|p1b: Powercreep|Quark Drive|[silent]\n|-damage|p2b: Arcanine|49\/100|[from] Recoil\n|\n|win|TheGreatMutwa\n|raw|Broccoli Soup's rating: 1344 &rarr; <strong>1320<\/strong><br \/>(-24 for losing)\n|raw|TheGreatMutwa's rating: 1282 &rarr; <strong>1311<\/strong><br \/>(+29 for winning)\n|l|\u2606Broccoli Soup\n","uploadtime":1699672817,"views":12,"p1id":"broccolisoup","p2id":"thegreatmutwa","formatid":"gen9vgc2023regulatione","rating":1311,"private":0,"password":""}