{"id":"gen9vgc2023regulatione-1993145853","p1":"PanamaGeisha","p2":"kn17","format":"[Gen 9] VGC 2023 Regulation E","log":"|j|\u2606PanamaGeisha\n|j|\u2606kn17\n|n|\u2606PanamaGeisha|panamageisha\n|n|\u2606kn17|kn17\n|html|View the match progress at <a href=\"\/game-bestof3-gen9vgc2023regulatione-1993143565\">game-bestof3-gen9vgc2023regulatione-1993143565<\/a>\n|t:|1700270275\n|gametype|doubles\n|player|p1|PanamaGeisha|bugcatcher-gen4dp|\n|player|p2|kn17|veteran|\n|teamsize|p1|6\n|teamsize|p2|6\n|gen|9\n|tier|[Gen 9] VGC 2023 Regulation E\n|rule|Species Clause: Limit one of each Pok\u00e9mon\n|rule|Item Clause: Limit one of each item\n|clearpoke\n|poke|p1|Tornadus, L50, M|\n|poke|p1|Flutter Mane, L50|\n|poke|p1|Ogerpon-Hearthflame, L50, F|\n|poke|p1|Urshifu-*, L50, M|\n|poke|p1|Farigiraf, L50, F|\n|poke|p1|Amoonguss, L50, M|\n|poke|p2|Roaring Moon, L50|\n|poke|p2|Flutter Mane, L50|\n|poke|p2|Iron Hands, L50|\n|poke|p2|Amoonguss, L50, M|\n|poke|p2|Arcanine-Hisui, L50, M|\n|poke|p2|Ursaluna-Bloodmoon, L50, M|\n|teampreview|4\n|inactive|Battle timer is ON: inactive players will automatically lose when time's up. (requested by PanamaGeisha)\nkn17 has agreed to open team sheets.\n|inactive|kn17 has 60 seconds left.\nPanamaGeisha has agreed to open team sheets.\n|showteam|p1|Tornadus||MentalHerb|Prankster|BleakwindStorm,Tailwind,SunnyDay,ScaryFace|||M|||50|,,,,,Steel]Flutter Mane||ChoiceSpecs|Protosynthesis|DazzlingGleam,Moonblast,ShadowBall,PowerGem||||||50|,,,,,Fairy]Ogerpon-Hearthflame||HearthflameMask|MoldBreaker|IvyCudgel,WoodHammer,StompingTantrum,SpikyShield|||F|||50|,,,,,Fire]Urshifu||FocusSash|UnseenFist|WickedBlow,CloseCombat,SuckerPunch,Detect|||M|||50|,,,,,Dark]Farigiraf||RockyHelmet|ArmorTail|Psychic,DazzlingGleam,TrickRoom,HelpingHand|||F|||50|,,,,,Fairy]Amoonguss||SitrusBerry|EffectSpore|PollenPuff,GrassKnot,Spore,RagePowder|||M|||50|,,,,,Water\n|showteam|p2|Roaring Moon||BoosterEnergy|Protosynthesis|Acrobatics,KnockOff,Tailwind,Protect||||||50|,,,,,Flying]Flutter Mane||ChoiceSpecs|Protosynthesis|DazzlingGleam,ShadowBall,Moonblast,Thunderbolt||||||50|,,,,,Fairy]Iron Hands||AssaultVest|QuarkDrive|DrainPunch,WildCharge,HeavySlam,FakeOut||||||50|,,,,,Water]Amoonguss||RockyHelmet|Regenerator|Spore,RagePowder,PollenPuff,Protect|||M|||50|,,,,,Water]Arcanine-Hisui||SitrusBerry|Intimidate|Protect,FlareBlitz,RockSlide,WillOWisp|||M|||50|,,,,,Flying]Ursaluna-Bloodmoon||SilkScarf|MindsEye|BloodMoon,HyperVoice,EarthPower,Protect|||M|||50|,,,,,Fairy\n|inactive|kn17 has 30 seconds left.\n|inactive|kn17 has 20 seconds left.\n|inactive|kn17 has 15 seconds left.\n|inactive|kn17 has 10 seconds left.\n|inactive|kn17 has 5 seconds left.\n|\n|t:|1700270367\n|start\n|switch|p1a: Amoonguss|Amoonguss, L50, M|100\/100\n|switch|p1b: Ogerpon|Ogerpon-Hearthflame, L50, F|100\/100\n|switch|p2a: Iron Hands|Iron Hands, L50|100\/100\n|switch|p2b: Ursaluna|Ursaluna-Bloodmoon, L50, M|100\/100\n|-ability|p1b: Ogerpon|Mold Breaker\n|turn|1\n|inactive|kn17 has 30 seconds left.\n|inactive|kn17 has 20 seconds left.\n|inactive|kn17 has 15 seconds left.\n|\n|t:|1700270409\n|move|p1b: Ogerpon|Spiky Shield|p1b: Ogerpon\n|-singleturn|p1b: Ogerpon|move: Protect\n|move|p2a: Iron Hands|Fake Out|p1a: Amoonguss\n|-damage|p1a: Amoonguss|86\/100\n|move|p2b: Ursaluna|Hyper Voice|p1a: Amoonguss|[spread] p1a\n|-activate|p1b: Ogerpon|move: Protect\n|-damage|p1a: Amoonguss|48\/100\n|-enditem|p1a: Amoonguss|Sitrus Berry|[eat]\n|-heal|p1a: Amoonguss|73\/100|[from] item: Sitrus Berry\n|cant|p1a: Amoonguss|flinch\n|\n|upkeep\n|turn|2\n|inactive|kn17 has 30 seconds left.\n|\n|t:|1700270436\n|-end|p2a: Iron Hands|Quark Drive|[silent]\n|switch|p2a: Amoonguss|Amoonguss, L50, M|100\/100\n|move|p1b: Ogerpon|Wood Hammer|p2b: Ursaluna\n|-supereffective|p2b: Ursaluna\n|-damage|p2b: Ursaluna|3\/100\n|-damage|p1b: Ogerpon|57\/100|[from] Recoil\n|move|p2b: Ursaluna|Blood Moon|p1a: Amoonguss\n|-damage|p1a: Amoonguss|0 fnt\n|faint|p1a: Amoonguss\n|\n|upkeep\n|\n|t:|1700270450\n|switch|p1a: Flutter Mane|Flutter Mane, L50|100\/100\n|turn|3\n|\n|t:|1700270469\n|-terastallize|p1a: Flutter Mane|Fairy\n|move|p2a: Amoonguss|Protect|p2a: Amoonguss\n|-singleturn|p2a: Amoonguss|Protect\n|move|p1a: Flutter Mane|Dazzling Gleam|p2b: Ursaluna|[spread] p2b\n|-activate|p2a: Amoonguss|move: Protect\n|-damage|p2b: Ursaluna|0 fnt\n|faint|p2b: Ursaluna\n|move|p1b: Ogerpon|Stomping Tantrum|p2a: Amoonguss\n|-activate|p2a: Amoonguss|move: Protect\n|\n|upkeep\n|\n|t:|1700270485\n|switch|p2b: Roaring Moon|Roaring Moon, L50|100\/100\n|-enditem|p2b: Roaring Moon|Booster Energy\n|-activate|p2b: Roaring Moon|ability: Protosynthesis|[fromitem]\n|-start|p2b: Roaring Moon|protosynthesisspe\n|turn|4\n|\n|t:|1700270501\n|-terastallize|p2b: Roaring Moon|Flying\n|move|p2b: Roaring Moon|Acrobatics|p1a: Flutter Mane\n|-damage|p1a: Flutter Mane|4\/100\n|move|p1a: Flutter Mane|Dazzling Gleam|p2a: Amoonguss|[spread] p2a,p2b\n|-resisted|p2a: Amoonguss\n|-crit|p2b: Roaring Moon\n|-damage|p2a: Amoonguss|72\/100\n|-damage|p2b: Roaring Moon|10\/100\n|move|p1b: Ogerpon|Ivy Cudgel|p2a: Amoonguss|[anim] Ivy Cudgel Fire\n|-supereffective|p2a: Amoonguss\n|-crit|p2a: Amoonguss\n|-damage|p2a: Amoonguss|0 fnt\n|faint|p2a: Amoonguss\n|\n|upkeep\n|\n|t:|1700270511\n|switch|p2a: Iron Hands|Iron Hands, L50|100\/100\n|turn|5\n|\n|t:|1700270519\n|move|p1b: Ogerpon|Spiky Shield|p1b: Ogerpon\n|-singleturn|p1b: Ogerpon|move: Protect\n|move|p2a: Iron Hands|Fake Out|p1a: Flutter Mane\n|-damage|p1a: Flutter Mane|0 fnt\n|faint|p1a: Flutter Mane\n|-end|p1a: Flutter Mane|Protosynthesis|[silent]\n|move|p2b: Roaring Moon|Acrobatics|p1b: Ogerpon\n|-activate|p1b: Ogerpon|move: Protect\n|-damage|p2b: Roaring Moon|0 fnt|[from] Spiky Shield|[of] p1b: Ogerpon\n|faint|p2b: Roaring Moon\n|-end|p2b: Roaring Moon|Protosynthesis|[silent]\n|\n|upkeep\n|\n|t:|1700270530\n|switch|p1a: Urshifu|Urshifu, L50, M|100\/100\n|turn|6\n|\n|t:|1700270541\n|move|p1b: Ogerpon|Stomping Tantrum|p2a: Iron Hands\n|-supereffective|p2a: Iron Hands\n|-damage|p2a: Iron Hands|60\/100\n|move|p1a: Urshifu|Close Combat|p2a: Iron Hands\n|-damage|p2a: Iron Hands|18\/100\n|-unboost|p1a: Urshifu|def|1\n|-unboost|p1a: Urshifu|spd|1\n|move|p2a: Iron Hands|Drain Punch|p1a: Urshifu\n|-supereffective|p1a: Urshifu\n|-enditem|p1a: Urshifu|Focus Sash\n|-damage|p1a: Urshifu|1\/100\n|-heal|p2a: Iron Hands|54\/100|[from] drain|[of] p1a: Urshifu\n|\n|upkeep\n|turn|7\n|inactive|PanamaGeisha has 30 seconds left.\n|inactive|PanamaGeisha has 20 seconds left.\n|\n|t:|1700270577\n|move|p1b: Ogerpon|Stomping Tantrum|p2a: Iron Hands\n|-supereffective|p2a: Iron Hands\n|-crit|p2a: Iron Hands\n|-damage|p2a: Iron Hands|0 fnt\n|faint|p2a: Iron Hands\n|-end|p2a: Iron Hands|Quark Drive|[silent]\n|\n|win|PanamaGeisha\n|l|\u2606PanamaGeisha\n|c|&|\/uhtml prompt-kn17,kn17 is ready for game 3!\n|inactive|PanamaGeisha has 50 seconds to confirm battle start!\n","uploadtime":1700270592,"views":10,"p1id":"panamageisha","p2id":"kn17","formatid":"gen9vgc2023regulatione","rating":0,"private":0,"password":""}