{"id":"gen9vgc2023regulatione-1989777742","p1":"Vaain","p2":"bobforte22","format":"[Gen 9] VGC 2023 Regulation E","log":"|j|\u2606Vaain\n|j|\u2606bobforte22\n|n|\u2606Vaain|vaain\n|n|\u2606bobforte22|bobforte22\n|html|View the match progress at <a href=\"\/game-bestof3-gen9vgc2023regulatione-1989770867\">game-bestof3-gen9vgc2023regulatione-1989770867<\/a>\n|t:|1699894906\n|gametype|doubles\n|player|p1|Vaain|101|\n|player|p2|bobforte22|pilot|\n|teamsize|p1|6\n|teamsize|p2|6\n|gen|9\n|tier|[Gen 9] VGC 2023 Regulation E\n|rated|Tournament battle\n|rule|Species Clause: Limit one of each Pok\u00e9mon\n|rule|Item Clause: Limit one of each item\n|clearpoke\n|poke|p1|Ursaluna-Bloodmoon, L50, M|\n|poke|p1|Iron Hands, L50|\n|poke|p1|Farigiraf, L50, F|\n|poke|p1|Ogerpon-Wellspring, L50, F|\n|poke|p1|Tornadus, L50, M|\n|poke|p1|Amoonguss, L50, F|\n|poke|p2|Chi-Yu, L50|\n|poke|p2|Jolteon, L50, M|\n|poke|p2|Iron Hands, L50|\n|poke|p2|Iron Bundle, L50|\n|poke|p2|Arcanine, L50, F|\n|poke|p2|Iron Jugulis, L50|\n|teampreview|4\n|showteam|p1|Ursaluna-Bloodmoon||LifeOrb|MindsEye|Protect,BloodMoon,Moonblast,EarthPower|||M|||50|,,,,,Fairy]Iron Hands||AssaultVest|QuarkDrive|DrainPunch,WildCharge,HeavySlam,FakeOut||||||50|,,,,,Steel]Farigiraf||ColburBerry|ArmorTail|AllySwitch,Protect,TrickRoom,Psychic|||F|||50|,,,,,Fairy]Ogerpon-Wellspring||WellspringMask|WaterAbsorb|IvyCudgel,SpikyShield,HornLeech,PlayRough|||F|||50|,,,,,Water]Tornadus||MentalHerb|Prankster|Tailwind,BleakwindStorm,Protect,RainDance|||M|||50|,,,,,Flying]Amoonguss||CobaBerry|Regenerator|PollenPuff,Protect,RagePowder,Spore|||F|||50|,,,,,Water\n|showteam|p2|Chi-Yu||ChoiceSpecs|BeadsofRuin|DarkPulse,HeatWave,Flamethrower,TeraBlast||||||50|,,,,,Ghost]Jolteon||LifeOrb|VoltAbsorb|FakeTears,Protect,LightScreen,Thunderbolt|||M|||50|,,,,,Grass]Iron Hands||AssaultVest|QuarkDrive|FakeOut,TeraBlast,DrainPunch,WildCharge||||||50|,,,,,Fire]Iron Bundle||CovertCloak|QuarkDrive|FreezeDry,HydroPump,Protect,Encore||||||50|,,,,,Fairy]Arcanine||RockyHelmet|Intimidate|FlareBlitz,WillOWisp,Protect,Roar|||F|||50|,,,,,Water]Iron Jugulis||ChoiceScarf|QuarkDrive|HydroPump,DarkPulse,AirSlash,EarthPower||||||50|,,,,,Water\n|inactive|Battle timer is ON: inactive players will automatically lose when time's up. (requested by Vaain)\n|inactive|Vaain has 60 seconds left.\n|l|\u2606Vaain\n|inactive|Vaain disconnected and has a minute to reconnect!\n|player|p1|\n|j|\u2606Vaain\n|inactive|Vaain reconnected and has 40 seconds left.\n|player|p1|Vaain|101\n|inactive|Vaain has 30 seconds left.\n|inactive|Vaain has 20 seconds left.\n|inactive|Vaain has 15 seconds left.\n|\n|t:|1699894987\n|start\n|switch|p1a: J.B.|Tornadus, L50, M|100\/100\n|switch|p1b: Lancelot|Ogerpon-Wellspring, L50, F|100\/100\n|switch|p2a: Iron Hands|Iron Hands, L50|100\/100\n|switch|p2b: Iron Bundle|Iron Bundle, L50|100\/100\n|turn|1\n|inactive|bobforte22 has 30 seconds left.\n|\n|t:|1699895016\n|move|p1a: J.B.|Protect|p1a: J.B.\n|-singleturn|p1a: J.B.|Protect\n|move|p1b: Lancelot|Spiky Shield|p1b: Lancelot\n|-singleturn|p1b: Lancelot|move: Protect\n|move|p2a: Iron Hands|Fake Out|p1a: J.B.\n|-activate|p1a: J.B.|move: Protect\n|move|p2b: Iron Bundle|Freeze-Dry|p1a: J.B.\n|-activate|p1a: J.B.|move: Protect\n|\n|upkeep\n|turn|2\n|\n|t:|1699895034\n|move|p1a: J.B.|Tailwind|p1a: J.B.\n|-sidestart|p1: Vaain|move: Tailwind\n|move|p1b: Lancelot|Horn Leech|p2b: Iron Bundle\n|-supereffective|p2b: Iron Bundle\n|-damage|p2b: Iron Bundle|23\/100\n|move|p2b: Iron Bundle|Freeze-Dry|p1b: Lancelot\n|-supereffective|p1b: Lancelot\n|-damage|p1b: Lancelot|0 fnt\n|faint|p1b: Lancelot\n|move|p2a: Iron Hands|Wild Charge|p1a: J.B.\n|-supereffective|p1a: J.B.\n|-damage|p1a: J.B.|0 fnt\n|faint|p1a: J.B.\n|-damage|p2a: Iron Hands|84\/100|[from] Recoil\n|\n|upkeep\n|\n|t:|1699895045\n|switch|p1b: Charley|Amoonguss, L50, F|100\/100\n|switch|p1a: Freddy|Ursaluna-Bloodmoon, L50, M|100\/100\n|turn|3\n|inactive|Vaain has 30 seconds left.\n|inactive|bobforte22 has 30 seconds left.\n|inactive|Vaain has 20 seconds left.\n|inactive|bobforte22 has 20 seconds left.\n|inactive|Vaain has 15 seconds left.\n|inactive|bobforte22 has 15 seconds left.\n|inactive|Vaain has 10 seconds left.\n|inactive|Vaain has 5 seconds left.\n|\n|t:|1699895097\n|-terastallize|p1a: Freddy|Fairy\n|move|p2b: Iron Bundle|Protect|p2b: Iron Bundle\n|-singleturn|p2b: Iron Bundle|Protect\n|move|p1b: Charley|Rage Powder|p1b: Charley\n|-singleturn|p1b: Charley|move: Rage Powder\n|move|p1a: Freddy|Moonblast|p2a: Iron Hands\n|-supereffective|p2a: Iron Hands\n|-damage|p2a: Iron Hands|9\/100\n|-damage|p1a: Freddy|91\/100|[from] item: Life Orb\n|move|p2a: Iron Hands|Drain Punch|p1b: Charley\n|-resisted|p1b: Charley\n|-damage|p1b: Charley|77\/100\n|-heal|p2a: Iron Hands|19\/100|[from] drain|[of] p1b: Charley\n|\n|upkeep\n|turn|4\n|\n|t:|1699895121\n|-end|p2b: Iron Bundle|Quark Drive|[silent]\n|switch|p2b: Jolteon|Jolteon, L50, M|100\/100\n|move|p1a: Freddy|Moonblast|p2a: Iron Hands\n|-supereffective|p2a: Iron Hands\n|-crit|p2a: Iron Hands\n|-damage|p2a: Iron Hands|0 fnt\n|faint|p2a: Iron Hands\n|-end|p2a: Iron Hands|Quark Drive|[silent]\n|-damage|p1a: Freddy|81\/100|[from] item: Life Orb\n|move|p1b: Charley|Spore|p2b: Jolteon\n|-status|p2b: Jolteon|slp|[from] move: Spore\n|\n|upkeep\n|\n|t:|1699895132\n|switch|p2a: Iron Bundle|Iron Bundle, L50|23\/100\n|turn|5\n|\n|t:|1699895152\n|move|p2a: Iron Bundle|Protect|p2a: Iron Bundle\n|-singleturn|p2a: Iron Bundle|Protect\n|cant|p2b: Jolteon|slp\n|move|p1b: Charley|Rage Powder|p1b: Charley\n|-singleturn|p1b: Charley|move: Rage Powder\n|move|p1a: Freddy|Moonblast|p2a: Iron Bundle\n|-activate|p2a: Iron Bundle|move: Protect\n|\n|-sideend|p1: Vaain|move: Tailwind\n|upkeep\n|turn|6\n|\n|t:|1699895173\n|move|p2a: Iron Bundle|Freeze-Dry|p1b: Charley\n|-supereffective|p1b: Charley\n|-damage|p1b: Charley|36\/100\n|cant|p2b: Jolteon|slp\n|move|p1a: Freddy|Moonblast|p2a: Iron Bundle\n|-damage|p2a: Iron Bundle|0 fnt\n|faint|p2a: Iron Bundle\n|-end|p2a: Iron Bundle|Quark Drive|[silent]\n|-damage|p1a: Freddy|71\/100|[from] item: Life Orb\n|move|p1b: Charley|Pollen Puff|p1a: Freddy\n|-heal|p1a: Freddy|100\/100\n|\n|upkeep\n|\n|t:|1699895187\n|switch|p2a: Chi-Yu|Chi-Yu, L50|100\/100\n|-ability|p2a: Chi-Yu|Beads of Ruin\n|turn|7\n|inactive|Vaain has 30 seconds left.\n|\n|t:|1699895215\n|-terastallize|p2a: Chi-Yu|Ghost\n|cant|p2b: Jolteon|slp\n|move|p2a: Chi-Yu|Heat Wave|p1b: Charley|[spread] p1a,p1b\n|-supereffective|p1b: Charley\n|-damage|p1a: Freddy|25\/100\n|-damage|p1b: Charley|0 fnt\n|faint|p1b: Charley\n|move|p1a: Freddy|Earth Power|p2a: Chi-Yu\n|-damage|p2a: Chi-Yu|29\/100\n|-damage|p1a: Freddy|16\/100|[from] item: Life Orb\n|\n|upkeep\n|turn|8\n|\n|t:|1699895231\n|-curestatus|p2b: Jolteon|slp|[msg]\n|move|p2b: Jolteon|Thunderbolt|p1a: Freddy\n|-damage|p1a: Freddy|0 fnt\n|faint|p1a: Freddy\n|-damage|p2b: Jolteon|91\/100|[from] item: Life Orb\n|\n|win|bobforte22\n|c|\u2606Vaain|gg\n|l|\u2606Vaain\n|c|\u2606bobforte22|Gg\n","uploadtime":1699895242,"views":7,"p1id":"vaain","p2id":"bobforte22","formatid":"gen9vgc2023regulatione","rating":0,"private":0,"password":""}