{"id":"gen9vgc2023regulatione-1998458814","p1":"slimejrlegit","p2":"Giantballs99","format":"[Gen 9] VGC 2023 Regulation E","log":"|j|\u2606slimejrlegit\n|j|\u2606Giantballs99\n|t:|1700944627\n|gametype|doubles\n|player|p1|slimejrlegit|2|1256\n|player|p2|Giantballs99|shadowtriad|1157\n|teamsize|p1|6\n|teamsize|p2|6\n|gen|9\n|tier|[Gen 9] VGC 2023 Regulation E\n|rated|\n|rule|Species Clause: Limit one of each Pok\u00e9mon\n|rule|Item Clause: Limit one of each item\n|clearpoke\n|poke|p1|Armarouge, L50, M|\n|poke|p1|Milotic, L50, F|\n|poke|p1|Regieleki, L50|\n|poke|p1|Enamorus, L50, F|\n|poke|p1|Sneasler, L50, M|\n|poke|p1|Indeedee-F, L50, F|\n|poke|p2|Iron Bundle, L50|\n|poke|p2|Thundurus, L50, M|\n|poke|p2|Politoed, L50, M|\n|poke|p2|Azumarill, L50, M|\n|poke|p2|Sinistcha, L50|\n|poke|p2|Iron Hands, L50|\n|teampreview|4\n|\n|t:|1700944649\n|start\n|switch|p1a: Indeedee|Indeedee-F, L50, F|100\/100\n|switch|p1b: Armarouge|Armarouge, L50, M|100\/100\n|switch|p2a: Iron Bundle|Iron Bundle, L50, shiny|100\/100\n|switch|p2b: Thundurus|Thundurus, L50, M|100\/100\n|-fieldstart|move: Psychic Terrain|[from] ability: Psychic Surge|[of] p1a: Indeedee\n|turn|1\n|inactive|Battle timer is ON: inactive players will automatically lose when time's up. (requested by slimejrlegit)\n|\n|t:|1700944680\n|-terastallize|p1b: Armarouge|Psychic\n|move|p1a: Indeedee|Follow Me|p1a: Indeedee\n|-singleturn|p1a: Indeedee|move: Follow Me\n|move|p2b: Thundurus|Electric Terrain|p2b: Thundurus\n|-fieldstart|move: Electric Terrain\n|-activate|p2a: Iron Bundle|ability: Quark Drive\n|-start|p2a: Iron Bundle|quarkdrivespa\n|move|p2a: Iron Bundle|Hydro Pump|p1a: Indeedee\n|-damage|p1a: Indeedee|36\/100\n|-damage|p2a: Iron Bundle|91\/100|[from] item: Life Orb\n|move|p1b: Armarouge|Expanding Force|p2a: Iron Bundle\n|-damage|p2a: Iron Bundle|0 fnt\n|faint|p2a: Iron Bundle\n|-end|p2a: Iron Bundle|Quark Drive|[silent]\n|-damage|p1b: Armarouge|91\/100|[from] item: Life Orb\n|\n|upkeep\n|\n|t:|1700944697\n|switch|p2a: Politoed|Politoed, L50, M|100\/100\n|-weather|RainDance|[from] ability: Drizzle|[of] p2a: Politoed\n|turn|2\n|\n|t:|1700944711\n|switch|p1a: Regieleki|Regieleki, L50|100\/100\n|move|p2a: Politoed|Helping Hand|p2b: Thundurus\n|-singleturn|p2b: Thundurus|Helping Hand|[of] p2a: Politoed\n|move|p1b: Armarouge|Wide Guard|p1b: Armarouge\n|-singleturn|p1b: Armarouge|Wide Guard\n|move|p2b: Thundurus|Wildbolt Storm|p1b: Armarouge|[spread] \n|-activate|p1a: Regieleki|move: Wide Guard\n|-activate|p1b: Armarouge|move: Wide Guard\n|\n|-weather|RainDance|[upkeep]\n|upkeep\n|turn|3\n|inactive|slimejrlegit has 30 seconds left.\n|inactive|slimejrlegit has 20 seconds left.\n|inactive|slimejrlegit has 15 seconds left.\n|\n|t:|1700944752\n|move|p2b: Thundurus|Taunt|p1b: Armarouge\n|-start|p1b: Armarouge|move: Taunt\n|move|p1a: Regieleki|Electroweb|p2a: Politoed|[spread] p2a\n|-miss|p1a: Regieleki|p2b: Thundurus\n|-supereffective|p2a: Politoed\n|-damage|p2a: Politoed|45\/100\n|-unboost|p2a: Politoed|spe|1\n|move|p1b: Armarouge|Expanding Force|p2b: Thundurus\n|-damage|p2b: Thundurus|10\/100\n|-damage|p1b: Armarouge|81\/100|[from] item: Life Orb\n|move|p2a: Politoed|Hypnosis|p1a: Regieleki|[miss]\n|-miss|p2a: Politoed|p1a: Regieleki\n|\n|-weather|RainDance|[upkeep]\n|upkeep\n|turn|4\n|inactive|Giantballs99 has 30 seconds left.\n|\n|t:|1700944779\n|switch|p1b: Agent Sneeze|Sneasler, L50, M, shiny|100\/100\n|move|p1a: Regieleki|Electroweb|p2a: Politoed|[spread] p2a,p2b\n|-supereffective|p2a: Politoed\n|-damage|p2a: Politoed|0 fnt\n|-damage|p2b: Thundurus|0 fnt\n|faint|p2a: Politoed\n|faint|p2b: Thundurus\n|\n|-weather|RainDance|[upkeep]\n|upkeep\n|\n|t:|1700944786\n|switch|p2b: Sinistcha|Sinistcha, L50|100\/100\n|turn|5\n|\n|t:|1700944798\n|switch|p1a: Indeedee|Indeedee-F, L50, F|36\/100\n|-fieldstart|move: Psychic Terrain|[from] ability: Psychic Surge|[of] p1a: Indeedee\n|-enditem|p1b: Agent Sneeze|Psychic Seed\n|-boost|p1b: Agent Sneeze|spd|1|[from] item: Psychic Seed\n|-terastallize|p2b: Sinistcha|Fire\n|move|p1b: Agent Sneeze|Swords Dance|p1b: Agent Sneeze\n|-boost|p1b: Agent Sneeze|atk|2\n|move|p2b: Sinistcha|Strength Sap|p1b: Agent Sneeze\n|-unboost|p1b: Agent Sneeze|atk|1\n|\n|-weather|RainDance|[upkeep]\n|upkeep\n|turn|6\n|c|\u2606slimejrlegit|Gg\n|\n|t:|1700944818\n|move|p1a: Indeedee|Follow Me|p1a: Indeedee\n|-singleturn|p1a: Indeedee|move: Follow Me\n|move|p1b: Agent Sneeze|Swords Dance|p1b: Agent Sneeze\n|-boost|p1b: Agent Sneeze|atk|2\n|move|p2b: Sinistcha|Matcha Gotcha|p1a: Indeedee|[spread] p1b\n|-miss|p2b: Sinistcha|p1a: Indeedee\n|-resisted|p1b: Agent Sneeze\n|-damage|p1b: Agent Sneeze|86\/100\n|\n|-weather|RainDance|[upkeep]\n|upkeep\n|turn|7\n|\n|t:|1700944832\n|move|p1a: Indeedee|Helping Hand|p1b: Agent Sneeze\n|-singleturn|p1b: Agent Sneeze|Helping Hand|[of] p1a: Indeedee\n|move|p1b: Agent Sneeze|Close Combat|p2b: Sinistcha\n|-enditem|p2b: Sinistcha|Focus Sash\n|-damage|p2b: Sinistcha|1\/100\n|-unboost|p1b: Agent Sneeze|def|1\n|-unboost|p1b: Agent Sneeze|spd|1\n|move|p2b: Sinistcha|Strength Sap|p1b: Agent Sneeze\n|-unboost|p1b: Agent Sneeze|atk|1\n|-heal|p2b: Sinistcha|100\/100\n|\n|-weather|RainDance|[upkeep]\n|upkeep\n|turn|8\n|\n|t:|1700944847\n|move|p1a: Indeedee|Helping Hand|p1b: Agent Sneeze\n|-singleturn|p1b: Agent Sneeze|Helping Hand|[of] p1a: Indeedee\n|move|p1b: Agent Sneeze|Dire Claw|p2b: Sinistcha\n|-damage|p2b: Sinistcha|0 fnt\n|faint|p2b: Sinistcha\n|\n|win|slimejrlegit\n|raw|slimejrlegit's rating: 1256 &rarr; <strong>1274<\/strong><br \/>(+18 for winning)\n|raw|Giantballs99's rating: 1157 &rarr; <strong>1139<\/strong><br \/>(-18 for losing)\n|l|\u2606Giantballs99\n","uploadtime":1700944859,"views":9,"p1id":"slimejrlegit","p2id":"giantballs99","formatid":"gen9vgc2023regulatione","rating":1139,"private":0,"password":""}