{"id":"gen9vgc2023regulatione-1999718652","p1":"Juan El Macho","p2":"GvB23","format":"[Gen 9] VGC 2023 Regulation E","log":"|j|\u2606Juan El Macho\n|j|\u2606GvB23\n|t:|1701110602\n|gametype|doubles\n|player|p1|Juan El Macho|1|1277\n|player|p2|GvB23|1|1368\n|teamsize|p1|6\n|teamsize|p2|6\n|gen|9\n|tier|[Gen 9] VGC 2023 Regulation E\n|rated|\n|rule|Species Clause: Limit one of each Pok\u00e9mon\n|rule|Item Clause: Limit one of each item\n|clearpoke\n|poke|p1|Tornadus, L50, M|\n|poke|p1|Landorus-Therian, L50, M|\n|poke|p1|Urshifu-*, L50, M|\n|poke|p1|Gholdengo, L50|\n|poke|p1|Amoonguss, L50, M|\n|poke|p1|Iron Hands, L50|\n|poke|p2|Amoonguss, L50, F|\n|poke|p2|Ogerpon-Hearthflame, L50, F|\n|poke|p2|Iron Hands, L50|\n|poke|p2|Flutter Mane, L50|\n|poke|p2|Landorus-Therian, L50, M|\n|poke|p2|Chien-Pao, L50|\n|teampreview|4\n|inactive|Battle timer is ON: inactive players will automatically lose when time's up. (requested by GvB23)\n|inactive|Juan El Macho has 60 seconds left.\n|\n|t:|1701110641\n|start\n|switch|p1a: Tornadus|Tornadus, L50, M, shiny|100\/100\n|switch|p1b: Urshifu|Urshifu-Rapid-Strike, L50, M|100\/100\n|switch|p2a: Iron Hands|Iron Hands, L50|100\/100\n|switch|p2b: Chien-Pao|Chien-Pao, L50|100\/100\n|-ability|p2b: Chien-Pao|Sword of Ruin\n|turn|1\n|inactive|Juan El Macho has 30 seconds left.\n|inactive|Juan El Macho has 20 seconds left.\n|inactive|Juan El Macho has 15 seconds left.\n|inactive|Juan El Macho has 10 seconds left.\n|inactive|Juan El Macho has 5 seconds left.\n|\n|t:|1701110692\n|-terastallize|p1a: Tornadus|Steel\n|move|p2b: Chien-Pao|Ice Spinner|p1a: Tornadus\n|-resisted|p1a: Tornadus\n|-damage|p1a: Tornadus|73\/100\n|move|p1a: Tornadus|Bleakwind Storm|p2b: Chien-Pao|[spread] p2a,p2b\n|-damage|p2a: Iron Hands|85\/100\n|-damage|p2b: Chien-Pao|50\/100\n|-unboost|p2b: Chien-Pao|spe|1\n|move|p1b: Urshifu|Close Combat|p2b: Chien-Pao\n|-supereffective|p2b: Chien-Pao\n|-damage|p2b: Chien-Pao|0 fnt\n|-unboost|p1b: Urshifu|def|1\n|-unboost|p1b: Urshifu|spd|1\n|faint|p2b: Chien-Pao\n|move|p2a: Iron Hands|Wild Charge|p1b: Urshifu\n|-supereffective|p1b: Urshifu\n|-damage|p1b: Urshifu|0 fnt\n|faint|p1b: Urshifu\n|-damage|p2a: Iron Hands|63\/100|[from] Recoil\n|\n|upkeep\n|\n|t:|1701110714\n|switch|p2b: Ogerpon|Ogerpon-Hearthflame, L50, F|100\/100\n|switch|p1b: Landorus|Landorus-Therian, L50, M, shiny|100\/100\n|-ability|p1b: Landorus|Intimidate|boost\n|-unboost|p2a: Iron Hands|atk|1\n|-unboost|p2b: Ogerpon|atk|1\n|-ability|p2b: Ogerpon|Mold Breaker\n|turn|2\n|inactive|Juan El Macho has 30 seconds left.\n|inactive|Juan El Macho has 20 seconds left.\n|\n|t:|1701110751\n|move|p1a: Tornadus|Rain Dance|p1a: Tornadus\n|-weather|RainDance\n|move|p1b: Landorus|Stomping Tantrum|p2a: Iron Hands\n|-supereffective|p2a: Iron Hands\n|-damage|p2a: Iron Hands|12\/100\n|move|p2b: Ogerpon|Knock Off|p1b: Landorus\n|-damage|p1b: Landorus|73\/100\n|-enditem|p1b: Landorus|Choice Scarf|[from] move: Knock Off|[of] p2b: Ogerpon\n|move|p2a: Iron Hands|Drain Punch|p1a: Tornadus\n|-supereffective|p1a: Tornadus\n|-damage|p1a: Tornadus|16\/100\n|-heal|p2a: Iron Hands|34\/100|[from] drain|[of] p1a: Tornadus\n|\n|-weather|RainDance|[upkeep]\n|upkeep\n|turn|3\n|inactive|Juan El Macho has 30 seconds left.\n|\n|t:|1701110783\n|move|p1a: Tornadus|Tailwind|p1a: Tornadus\n|-sidestart|p1: Juan El Macho|move: Tailwind\n|move|p1b: Landorus|Stomping Tantrum|p2b: Ogerpon\n|-damage|p2b: Ogerpon|47\/100\n|move|p2b: Ogerpon|Horn Leech|p1b: Landorus\n|-damage|p1b: Landorus|40\/100\n|-heal|p2b: Ogerpon|66\/100|[from] drain|[of] p1b: Landorus\n|move|p2a: Iron Hands|Drain Punch|p1a: Tornadus\n|-supereffective|p1a: Tornadus\n|-damage|p1a: Tornadus|0 fnt\n|-heal|p2a: Iron Hands|40\/100|[from] drain|[of] p1a: Tornadus\n|faint|p1a: Tornadus\n|\n|-weather|RainDance|[upkeep]\n|upkeep\n|\n|t:|1701110800\n|switch|p1a: Gholdengo|Gholdengo, L50|100\/100\n|turn|4\n|\n|t:|1701110821\n|move|p2b: Ogerpon|Spiky Shield|p2b: Ogerpon\n|-singleturn|p2b: Ogerpon|move: Protect\n|move|p1b: Landorus|Rock Slide|p2a: Iron Hands|[spread] p2a\n|-activate|p2b: Ogerpon|move: Protect\n|-resisted|p2a: Iron Hands\n|-crit|p2a: Iron Hands\n|-damage|p2a: Iron Hands|29\/100\n|move|p1a: Gholdengo|Make It Rain|p2a: Iron Hands|[spread] p2a\n|-activate|p2b: Ogerpon|move: Protect\n|-resisted|p2a: Iron Hands\n|-damage|p2a: Iron Hands|14\/100\n|-unboost|p1a: Gholdengo|spa|1\n|move|p2a: Iron Hands|Wild Charge|p1a: Gholdengo\n|-damage|p1a: Gholdengo|69\/100\n|-damage|p2a: Iron Hands|8\/100|[from] Recoil\n|\n|-weather|RainDance|[upkeep]\n|upkeep\n|turn|5\n|inactive|GvB23 has 30 seconds left.\n|\n|t:|1701110852\n|move|p1b: Landorus|Stomping Tantrum|p2b: Ogerpon\n|-damage|p2b: Ogerpon|20\/100\n|move|p1a: Gholdengo|Make It Rain|p2a: Iron Hands|[spread] p2a,p2b\n|-resisted|p2a: Iron Hands\n|-resisted|p2b: Ogerpon\n|-damage|p2a: Iron Hands|0 fnt\n|-damage|p2b: Ogerpon|0 fnt\n|-unboost|p1a: Gholdengo|spa|1\n|faint|p2a: Iron Hands\n|-end|p2a: Iron Hands|Quark Drive|[silent]\n|faint|p2b: Ogerpon\n|\n|-weather|RainDance|[upkeep]\n|upkeep\n|\n|t:|1701110864\n|switch|p2b: Flutter Mane|Flutter Mane, L50|100\/100\n|-enditem|p2b: Flutter Mane|Booster Energy\n|-activate|p2b: Flutter Mane|ability: Protosynthesis|[fromitem]\n|-start|p2b: Flutter Mane|protosynthesisspa\n|turn|6\n|inactive|Juan El Macho has 30 seconds left.\n|\n|t:|1701110893\n|move|p2b: Flutter Mane|Protect|p2b: Flutter Mane\n|-singleturn|p2b: Flutter Mane|Protect\n|move|p1b: Landorus|Stomping Tantrum|p2b: Flutter Mane\n|-activate|p2b: Flutter Mane|move: Protect\n|move|p1a: Gholdengo|Make It Rain|p2b: Flutter Mane\n|-activate|p2b: Flutter Mane|move: Protect\n|\n|-weather|none\n|-sideend|p1: Juan El Macho|move: Tailwind\n|upkeep\n|turn|7\n|\n|t:|1701110911\n|-terastallize|p2b: Flutter Mane|Fairy\n|move|p2b: Flutter Mane|Dazzling Gleam|p1b: Landorus|[spread] p1a,p1b\n|-resisted|p1a: Gholdengo\n|-damage|p1a: Gholdengo|43\/100\n|-damage|p1b: Landorus|0 fnt\n|faint|p1b: Landorus\n|move|p1a: Gholdengo|Shadow Ball|p2b: Flutter Mane\n|-damage|p2b: Flutter Mane|77\/100\n|\n|upkeep\n|turn|8\n|\n|t:|1701110925\n|move|p2b: Flutter Mane|Shadow Ball|p1a: Gholdengo\n|-supereffective|p1a: Gholdengo\n|-damage|p1a: Gholdengo|0 fnt\n|faint|p1a: Gholdengo\n|\n|win|GvB23\n|raw|Juan El Macho's rating: 1277 &rarr; <strong>1258<\/strong><br \/>(-19 for losing)\n|raw|GvB23's rating: 1368 &rarr; <strong>1383<\/strong><br \/>(+15 for winning)\n","uploadtime":1701110936,"views":4,"p1id":"juanelmacho","p2id":"gvb23","formatid":"gen9vgc2023regulatione","rating":1258,"private":0,"password":""}