{"id":"gen9vgc2023regulatione-1995158024","p1":"SnarkyShane","p2":"RevengeT","format":"[Gen 9] VGC 2023 Regulation E","log":"|j|\u2606SnarkyShane\n|j|\u203dRevengeT\n|t:|1700529054\n|gametype|doubles\n|player|p1|SnarkyShane|gambler|1496\n|player|p2|RevengeT|265|1700\n|teamsize|p1|6\n|teamsize|p2|6\n|gen|9\n|tier|[Gen 9] VGC 2023 Regulation E\n|rated|\n|rule|Species Clause: Limit one of each Pok\u00e9mon\n|rule|Item Clause: Limit one of each item\n|clearpoke\n|poke|p1|Kleavor, L50, M|\n|poke|p1|Garganacl, L50, F|\n|poke|p1|Rillaboom, L50, M|\n|poke|p1|Torkoal, L50, F|\n|poke|p1|Dragapult, L50, M|\n|poke|p1|Scream Tail, L50|\n|poke|p2|Kingambit, L50, F|\n|poke|p2|Amoonguss, L50, F|\n|poke|p2|Iron Hands, L50|\n|poke|p2|Farigiraf, L50, M|\n|poke|p2|Tornadus, L50, M|\n|poke|p2|Urshifu-*, L50, F|\n|teampreview|4\n|inactive|Battle timer is ON: inactive players will automatically lose when time's up. (requested by SnarkyShane)\n|j| ShakenJacob3\n|l| ShakenJacob3\n|inactive|SnarkyShane has 60 seconds left.\n|inactive|RevengeT has 60 seconds left.\nRevengeT rejected open team sheets.\n|\n|t:|1700529115\n|start\n|switch|p1a: Dragapult|Dragapult, L50, M|100\/100\n|switch|p1b: Kleavor|Kleavor, L50, M|100\/100\n|switch|p2a: Tornadus|Tornadus, L50, M|100\/100\n|switch|p2b: Urshifu|Urshifu-Rapid-Strike, L50, F|100\/100\n|turn|1\n|inactive|RevengeT has 30 seconds left.\n|\n|t:|1700529144\n|switch|p1b: Torkoal|Torkoal, L50, F|100\/100\n|-weather|SunnyDay|[from] ability: Drought|[of] p1b: Torkoal\n|move|p2a: Tornadus|Protect|p2a: Tornadus\n|-singleturn|p2a: Tornadus|Protect\n|move|p2b: Urshifu|Detect|p2b: Urshifu\n|-singleturn|p2b: Urshifu|Protect\n|move|p1a: Dragapult|Will-O-Wisp|p2b: Urshifu\n|-activate|p2b: Urshifu|move: Protect\n|\n|-weather|SunnyDay|[upkeep]\n|upkeep\n|turn|2\n|inactive|SnarkyShane has 30 seconds left.\n|inactive|RevengeT has 30 seconds left.\n|\n|t:|1700529173\n|move|p2a: Tornadus|Rain Dance|p2a: Tornadus\n|-weather|RainDance\n|move|p1a: Dragapult|Will-O-Wisp|p2b: Urshifu\n|-status|p2b: Urshifu|brn\n|move|p2b: Urshifu|Surging Strikes|p1b: Torkoal\n|-supereffective|p1b: Torkoal\n|-crit|p1b: Torkoal\n|-damage|p1b: Torkoal|75\/100\n|-supereffective|p1b: Torkoal\n|-crit|p1b: Torkoal\n|-damage|p1b: Torkoal|46\/100\n|-supereffective|p1b: Torkoal\n|-crit|p1b: Torkoal\n|-damage|p1b: Torkoal|19\/100\n|-hitcount|p1b: Torkoal|3\n|move|p1b: Torkoal|Overheat|p2b: Urshifu\n|-resisted|p2b: Urshifu\n|-damage|p2b: Urshifu|89\/100 brn\n|-unboost|p1b: Torkoal|spa|2\n|\n|-weather|RainDance|[upkeep]\n|-damage|p2b: Urshifu|83\/100 brn|[from] brn\n|upkeep\n|turn|3\n|inactive|RevengeT has 30 seconds left.\n|\n|t:|1700529198\n|switch|p1b: Kleavor|Kleavor, L50, M|100\/100\n|move|p2a: Tornadus|Tailwind|p2a: Tornadus\n|-sidestart|p2: RevengeT|move: Tailwind\n|move|p2b: Urshifu|Surging Strikes|p1b: Kleavor\n|-supereffective|p1b: Kleavor\n|-crit|p1b: Kleavor\n|-damage|p1b: Kleavor|57\/100\n|-supereffective|p1b: Kleavor\n|-crit|p1b: Kleavor\n|-damage|p1b: Kleavor|13\/100\n|-supereffective|p1b: Kleavor\n|-crit|p1b: Kleavor\n|-damage|p1b: Kleavor|0 fnt\n|faint|p1b: Kleavor\n|-hitcount|p1: Kleavor|3\n|move|p1a: Dragapult|Phantom Force||[still]\n|-prepare|p1a: Dragapult|Phantom Force\n|\n|-weather|RainDance|[upkeep]\n|-damage|p2b: Urshifu|78\/100 brn|[from] brn\n|upkeep\n|\n|t:|1700529209\n|switch|p1b: Garganacl|Garganacl, L50, F|100\/100\n|turn|4\n|\n|t:|1700529226\n|switch|p2a: Amoonguss|Amoonguss, L50, F|100\/100\n|-terastallize|p1b: Garganacl|Ghost\n|move|p2b: Urshifu|Surging Strikes|p1b: Garganacl\n|-crit|p1b: Garganacl\n|-damage|p1b: Garganacl|89\/100\n|-crit|p1b: Garganacl\n|-damage|p1b: Garganacl|78\/100\n|-crit|p1b: Garganacl\n|-damage|p1b: Garganacl|65\/100\n|-hitcount|p1b: Garganacl|3\n|move|p1a: Dragapult|Phantom Force|p2b: Urshifu|[from]lockedmove\n|-damage|p2b: Urshifu|42\/100 brn\n|move|p1b: Garganacl|Salt Cure|p2a: Amoonguss\n|-damage|p2a: Amoonguss|90\/100\n|-start|p2a: Amoonguss|Salt Cure\n|\n|-weather|RainDance|[upkeep]\n|-heal|p1b: Garganacl|71\/100|[from] item: Leftovers\n|-damage|p2b: Urshifu|36\/100 brn|[from] brn\n|-damage|p2a: Amoonguss|77\/100|[from] Salt Cure\n|upkeep\n|turn|5\n|inactive|SnarkyShane has 30 seconds left.\n|inactive|RevengeT has 30 seconds left.\n|inactive|SnarkyShane has 20 seconds left.\n|inactive|SnarkyShane has 15 seconds left.\n|\n|t:|1700529266\n|move|p1a: Dragapult|Protect|p1a: Dragapult\n|-singleturn|p1a: Dragapult|Protect\n|move|p2b: Urshifu|Surging Strikes|p1b: Garganacl\n|-crit|p1b: Garganacl\n|-damage|p1b: Garganacl|58\/100\n|-crit|p1b: Garganacl\n|-damage|p1b: Garganacl|47\/100\n|-crit|p1b: Garganacl\n|-damage|p1b: Garganacl|35\/100\n|-hitcount|p1b: Garganacl|3\n|move|p2a: Amoonguss|Pollen Puff|p2b: Urshifu\n|-heal|p2b: Urshifu|86\/100 brn\n|move|p1b: Garganacl|Salt Cure|p2b: Urshifu\n|-resisted|p2b: Urshifu\n|-damage|p2b: Urshifu|79\/100 brn\n|-start|p2b: Urshifu|Salt Cure\n|\n|-weather|RainDance|[upkeep]\n|-heal|p1b: Garganacl|41\/100|[from] item: Leftovers\n|-damage|p2b: Urshifu|73\/100 brn|[from] brn\n|-damage|p2b: Urshifu|49\/100 brn|[from] Salt Cure\n|-damage|p2a: Amoonguss|65\/100|[from] Salt Cure\n|upkeep\n|turn|6\n|inactive|SnarkyShane has 30 seconds left.\n|\n|t:|1700529292\n|switch|p1a: Torkoal|Torkoal, L50, F|19\/100\n|-weather|SunnyDay|[from] ability: Drought|[of] p1a: Torkoal\n|move|p2b: Urshifu|Surging Strikes|p1b: Garganacl\n|-crit|p1b: Garganacl\n|-damage|p1b: Garganacl|37\/100\n|-crit|p1b: Garganacl\n|-damage|p1b: Garganacl|33\/100\n|-crit|p1b: Garganacl\n|-damage|p1b: Garganacl|30\/100\n|-hitcount|p1b: Garganacl|3\n|move|p2a: Amoonguss|Spore|p1a: Torkoal\n|-activate|p1a: Torkoal|item: Safety Goggles|Spore\n|move|p1b: Garganacl|Recover|p1b: Garganacl\n|-heal|p1b: Garganacl|80\/100\n|\n|-weather|SunnyDay|[upkeep]\n|-heal|p1b: Garganacl|86\/100|[from] item: Leftovers\n|-damage|p2b: Urshifu|43\/100 brn|[from] brn\n|-damage|p2b: Urshifu|18\/100 brn|[from] Salt Cure\n|-damage|p2a: Amoonguss|53\/100|[from] Salt Cure\n|-sideend|p2: RevengeT|move: Tailwind\n|upkeep\n|turn|7\n|inactive|RevengeT has 30 seconds left.\n|inactive|RevengeT has 20 seconds left.\n|\n|t:|1700529329\n|switch|p2a: Iron Hands|Iron Hands, L50|100\/100\n|switch|p1a: Dragapult|Dragapult, L50, M|100\/100\n|move|p2b: Urshifu|Surging Strikes|p1a: Dragapult\n|-resisted|p1a: Dragapult\n|-crit|p1a: Dragapult\n|-damage|p1a: Dragapult|97\/100\n|-resisted|p1a: Dragapult\n|-crit|p1a: Dragapult\n|-damage|p1a: Dragapult|93\/100\n|-resisted|p1a: Dragapult\n|-crit|p1a: Dragapult\n|-damage|p1a: Dragapult|89\/100\n|-hitcount|p1a: Dragapult|3\n|move|p1b: Garganacl|Salt Cure|p2b: Urshifu\n|-resisted|p2b: Urshifu\n|-damage|p2b: Urshifu|11\/100 brn\n|\n|-weather|SunnyDay|[upkeep]\n|-heal|p1b: Garganacl|92\/100|[from] item: Leftovers\n|-damage|p2b: Urshifu|5\/100 brn|[from] brn\n|-damage|p2b: Urshifu|0 fnt|[from] Salt Cure\n|faint|p2b: Urshifu\n|upkeep\n|\n|t:|1700529348\n|switch|p2b: Tornadus|Tornadus, L50, M|100\/100\n|turn|8\n|inactive|RevengeT has 30 seconds left.\n|inactive|RevengeT has 20 seconds left.\n|\n|t:|1700529387\n|-end|p2a: Iron Hands|Quark Drive|[silent]\n|switch|p2a: Amoonguss|Amoonguss, L50, F|86\/100\n|move|p1a: Dragapult|Will-O-Wisp|p2a: Amoonguss|[miss]\n|-miss|p1a: Dragapult|p2a: Amoonguss\n|move|p2b: Tornadus|Bleakwind Storm|p1b: Garganacl|[spread] p1a,p1b\n|-damage|p1a: Dragapult|41\/100\n|-damage|p1b: Garganacl|64\/100\n|-unboost|p1b: Garganacl|spe|1\n|move|p1b: Garganacl|Iron Defense|p1b: Garganacl\n|-boost|p1b: Garganacl|def|2\n|\n|-weather|SunnyDay|[upkeep]\n|-heal|p1b: Garganacl|70\/100|[from] item: Leftovers\n|upkeep\n|turn|9\n|inactive|SnarkyShane has 30 seconds left.\n|\n|t:|1700529414\n|switch|p2a: Iron Hands|Iron Hands, L50|100\/100\n|move|p1a: Dragapult|Phantom Force||[still]\n|-prepare|p1a: Dragapult|Phantom Force\n|move|p2b: Tornadus|Bleakwind Storm|p1a: Dragapult|[spread] \n|-miss|p2b: Tornadus|p1a: Dragapult\n|-miss|p2b: Tornadus|p1b: Garganacl\n|move|p1b: Garganacl|Salt Cure|p2b: Tornadus\n|-supereffective|p2b: Tornadus\n|-damage|p2b: Tornadus|57\/100\n|-start|p2b: Tornadus|Salt Cure\n|\n|-weather|SunnyDay|[upkeep]\n|-heal|p1b: Garganacl|76\/100|[from] item: Leftovers\n|-damage|p2b: Tornadus|44\/100|[from] Salt Cure\n|upkeep\n|turn|10\n|\n|t:|1700529436\n|switch|p2b: Amoonguss|Amoonguss, L50, F|100\/100\n|move|p1a: Dragapult|Phantom Force|p2b: Amoonguss|[from]lockedmove\n|-damage|p2b: Amoonguss|68\/100\n|-damage|p1a: Dragapult|24\/100|[from] item: Rocky Helmet|[of] p2b: Amoonguss\n|move|p2a: Iron Hands|Wild Charge|p1b: Garganacl\n|-damage|p1b: Garganacl|59\/100\n|-damage|p2a: Iron Hands|97\/100|[from] Recoil\n|move|p1b: Garganacl|Salt Cure|p2b: Amoonguss\n|-damage|p2b: Amoonguss|57\/100\n|-start|p2b: Amoonguss|Salt Cure\n|\n|-weather|none\n|-heal|p1b: Garganacl|65\/100|[from] item: Leftovers\n|-damage|p2b: Amoonguss|45\/100|[from] Salt Cure\n|upkeep\n|turn|11\n|inactive|RevengeT has 30 seconds left.\n|\n|t:|1700529462\n|switch|p2b: Tornadus|Tornadus, L50, M|44\/100\n|move|p1a: Dragapult|Phantom Force||[still]\n|-prepare|p1a: Dragapult|Phantom Force\n|move|p2a: Iron Hands|Heavy Slam|p1a: Dragapult|[miss]\n|-miss|p2a: Iron Hands|p1a: Dragapult\n|move|p1b: Garganacl|Salt Cure|p2a: Iron Hands\n|-resisted|p2a: Iron Hands\n|-damage|p2a: Iron Hands|92\/100\n|-start|p2a: Iron Hands|Salt Cure\n|\n|-heal|p1b: Garganacl|71\/100|[from] item: Leftovers\n|-damage|p2a: Iron Hands|79\/100|[from] Salt Cure\n|upkeep\n|turn|12\n|\n|t:|1700529485\n|switch|p2b: Amoonguss|Amoonguss, L50, F|78\/100\n|move|p1a: Dragapult|Phantom Force|p2b: Amoonguss|[from]lockedmove\n|-damage|p2b: Amoonguss|48\/100\n|-damage|p1a: Dragapult|8\/100|[from] item: Rocky Helmet|[of] p2b: Amoonguss\n|move|p2a: Iron Hands|Heavy Slam|p1a: Dragapult\n|-damage|p1a: Dragapult|0 fnt\n|faint|p1a: Dragapult\n|move|p1b: Garganacl|Salt Cure|p2b: Amoonguss\n|-damage|p2b: Amoonguss|37\/100\n|-start|p2b: Amoonguss|Salt Cure\n|\n|-heal|p1b: Garganacl|77\/100|[from] item: Leftovers\n|-damage|p2a: Iron Hands|67\/100|[from] Salt Cure\n|-damage|p2b: Amoonguss|24\/100|[from] Salt Cure\n|upkeep\n|\n|t:|1700529501\n|switch|p1a: Torkoal|Torkoal, L50, F|19\/100\n|-weather|SunnyDay|[from] ability: Drought|[of] p1a: Torkoal\n|turn|13\n|\n|t:|1700529514\n|switch|p2b: Tornadus|Tornadus, L50, M|44\/100\n|move|p2a: Iron Hands|Drain Punch|p1a: Torkoal\n|-damage|p1a: Torkoal|0 fnt\n|-heal|p2a: Iron Hands|74\/100|[from] drain|[of] p1a: Torkoal\n|faint|p1a: Torkoal\n|move|p1b: Garganacl|Salt Cure|p2b: Tornadus\n|-supereffective|p2b: Tornadus\n|-damage|p2b: Tornadus|0 fnt\n|faint|p2b: Tornadus\n|\n|-weather|SunnyDay|[upkeep]\n|-heal|p1b: Garganacl|83\/100|[from] item: Leftovers\n|-damage|p2a: Iron Hands|62\/100|[from] Salt Cure\n|upkeep\n|\n|t:|1700529527\n|switch|p2b: Amoonguss|Amoonguss, L50, F|58\/100\n|turn|14\n|\n|t:|1700529539\n|move|p2a: Iron Hands|Wild Charge|p1b: Garganacl\n|-damage|p1b: Garganacl|67\/100\n|-damage|p2a: Iron Hands|59\/100|[from] Recoil\n|move|p2b: Amoonguss|Clear Smog|p1b: Garganacl\n|-resisted|p1b: Garganacl\n|-damage|p1b: Garganacl|61\/100\n|-clearboost|p1b: Garganacl\n|move|p1b: Garganacl|Salt Cure|p2b: Amoonguss\n|-damage|p2b: Amoonguss|47\/100\n|-start|p2b: Amoonguss|Salt Cure\n|\n|-weather|SunnyDay|[upkeep]\n|-heal|p1b: Garganacl|67\/100|[from] item: Leftovers\n|-damage|p2a: Iron Hands|46\/100|[from] Salt Cure\n|-damage|p2b: Amoonguss|34\/100|[from] Salt Cure\n|upkeep\n|turn|15\n|\n|t:|1700529561\n|move|p1b: Garganacl|Protect|p1b: Garganacl\n|-singleturn|p1b: Garganacl|Protect\n|move|p2a: Iron Hands|Wild Charge|p1b: Garganacl\n|-activate|p1b: Garganacl|move: Protect\n|move|p2b: Amoonguss|Pollen Puff|p1b: Garganacl\n|-activate|p1b: Garganacl|move: Protect\n|\n|-weather|SunnyDay|[upkeep]\n|-heal|p1b: Garganacl|72\/100|[from] item: Leftovers\n|-damage|p2a: Iron Hands|34\/100|[from] Salt Cure\n|-damage|p2b: Amoonguss|22\/100|[from] Salt Cure\n|upkeep\n|turn|16\n|\n|t:|1700529569\n|move|p2a: Iron Hands|Wild Charge|p1b: Garganacl\n|-damage|p1b: Garganacl|37\/100\n|-damage|p2a: Iron Hands|27\/100|[from] Recoil\n|move|p2b: Amoonguss|Pollen Puff|p2a: Iron Hands\n|-heal|p2a: Iron Hands|76\/100\n|move|p1b: Garganacl|Recover|p1b: Garganacl\n|-heal|p1b: Garganacl|87\/100\n|\n|-weather|SunnyDay|[upkeep]\n|-heal|p1b: Garganacl|93\/100|[from] item: Leftovers\n|-damage|p2a: Iron Hands|64\/100|[from] Salt Cure\n|-damage|p2b: Amoonguss|10\/100|[from] Salt Cure\n|upkeep\n|turn|17\n|j| Brainiac 5.0\n|\n|t:|1700529592\n|move|p2a: Iron Hands|Wild Charge|p1b: Garganacl\n|-damage|p1b: Garganacl|60\/100\n|-damage|p2a: Iron Hands|57\/100|[from] Recoil\n|move|p2b: Amoonguss|Pollen Puff|p2a: Iron Hands\n|-heal|p2a: Iron Hands|100\/100\n|move|p1b: Garganacl|Iron Defense|p1b: Garganacl\n|-boost|p1b: Garganacl|def|2\n|\n|-weather|none\n|-heal|p1b: Garganacl|66\/100|[from] item: Leftovers\n|-damage|p2a: Iron Hands|88\/100|[from] Salt Cure\n|-damage|p2b: Amoonguss|0 fnt|[from] Salt Cure\n|faint|p2b: Amoonguss\n|upkeep\n|turn|18\n|inactive|RevengeT has 30 seconds left.\n|-message|RevengeT forfeited.\n|\n|win|SnarkyShane\n|inactive|RevengeT has 25 seconds left this turn.\n|raw|SnarkyShane's rating: 1496 &rarr; <strong>1527<\/strong><br \/>(+31 for winning)\n|raw|RevengeT's rating: 1700 &rarr; <strong>1669<\/strong><br \/>(-31 for losing)\n|l|\u203dRevengeT\n|l| Brainiac 5.0\n","uploadtime":1700529629,"views":2,"p1id":"snarkyshane","p2id":"revenget","formatid":"gen9vgc2023regulatione","rating":1527,"private":0,"password":""}