{"id":"gen9vgc2023regulatione-1994553491","p1":"ethethan","p2":"tetora115","format":"[Gen 9] VGC 2023 Regulation E","log":"|j|\u2606ethethan\n|j|\u2606tetora115\n|t:|1700458816\n|gametype|doubles\n|player|p1|ethethan|1|1329\n|player|p2|tetora115|psychicf|1350\n|teamsize|p1|6\n|teamsize|p2|6\n|gen|9\n|tier|[Gen 9] VGC 2023 Regulation E\n|rated|\n|rule|Species Clause: Limit one of each Pok\u00e9mon\n|rule|Item Clause: Limit one of each item\n|clearpoke\n|poke|p1|Farigiraf, L50, F|\n|poke|p1|Sneasler, L50, F|\n|poke|p1|Sinistcha, L50|\n|poke|p1|Torkoal, L50, F|\n|poke|p1|Armarouge, L50, M|\n|poke|p1|Indeedee-F, L50, F|\n|poke|p2|Kommo-o, L50, M|\n|poke|p2|Sinistcha-Masterpiece, L50|\n|poke|p2|Rillaboom, L50, M|\n|poke|p2|Ursaluna-Bloodmoon, L50, M|\n|poke|p2|Grimmsnarl, L50, M|\n|poke|p2|Heatran, L50, F|\n|teampreview|4\n|j| meowmeowjoe\n|\n|t:|1700458849\n|start\n|switch|p1a: Farigiraf|Farigiraf, L50, F|100\/100\n|switch|p1b: Sneasler|Sneasler, L50, F|100\/100\n|switch|p2a: Grimmsnarl|Grimmsnarl, L50, M|100\/100\n|switch|p2b: Ursaluna|Ursaluna-Bloodmoon, L50, M|100\/100\n|turn|1\n|\n|t:|1700458882\n|move|p2b: Ursaluna|Protect|p2b: Ursaluna\n|-singleturn|p2b: Ursaluna|Protect\n|move|p2a: Grimmsnarl|Reflect|p2a: Grimmsnarl\n|-sidestart|p2: tetora115|Reflect\n|move|p1b: Sneasler|Close Combat|p2b: Ursaluna\n|-activate|p2b: Ursaluna|move: Protect\n|move|p1a: Farigiraf|Dazzling Gleam|p2a: Grimmsnarl|[spread] p2a\n|-activate|p2b: Ursaluna|move: Protect\n|-supereffective|p2a: Grimmsnarl\n|-damage|p2a: Grimmsnarl|71\/100\n|\n|upkeep\n|turn|2\n|\n|t:|1700458907\n|switch|p2a: Rillaboom|Rillaboom, L50, M|100\/100\n|-fieldstart|move: Grassy Terrain|[from] ability: Grassy Surge|[of] p2a: Rillaboom\n|-terastallize|p2b: Ursaluna|Normal\n|move|p1b: Sneasler|Close Combat|p2b: Ursaluna\n|-supereffective|p2b: Ursaluna\n|-damage|p2b: Ursaluna|40\/100\n|-unboost|p1b: Sneasler|def|1\n|-unboost|p1b: Sneasler|spd|1\n|move|p1a: Farigiraf|Dazzling Gleam|p2a: Rillaboom|[spread] p2a,p2b\n|-damage|p2a: Rillaboom|87\/100\n|-damage|p2b: Ursaluna|22\/100\n|move|p2b: Ursaluna|Hyper Voice|p1b: Sneasler|[spread] p1a,p1b\n|-damage|p1a: Farigiraf|37\/100\n|-damage|p1b: Sneasler|0 fnt\n|faint|p1b: Sneasler\n|\n|-heal|p2a: Rillaboom|93\/100|[from] Grassy Terrain\n|-heal|p1a: Farigiraf|43\/100|[from] Grassy Terrain\n|-heal|p2b: Ursaluna|28\/100|[from] Grassy Terrain\n|upkeep\n|\n|t:|1700458926\n|switch|p1b: Sinistcha|Sinistcha, L50|100\/100\n|-heal|p1a: Farigiraf|68\/100|[from] ability: Hospitality|[of] p1b: Sinistcha\n|turn|3\n|\n|t:|1700458938\n|move|p2a: Rillaboom|Wood Hammer|p1a: Farigiraf\n|-damage|p1a: Farigiraf|4\/100\n|-damage|p2a: Rillaboom|70\/100|[from] Recoil\n|move|p1b: Sinistcha|Matcha Gotcha|p2a: Rillaboom|[spread] p2a,p2b\n|-resisted|p2a: Rillaboom\n|-damage|p2a: Rillaboom|58\/100\n|-damage|p2b: Ursaluna|0 fnt\n|faint|p2b: Ursaluna\n|move|p1a: Farigiraf|Trick Room|p1a: Farigiraf\n|-fieldstart|move: Trick Room|[of] p1a: Farigiraf\n|\n|-heal|p1a: Farigiraf|11\/100|[from] Grassy Terrain\n|-heal|p2a: Rillaboom|63\/100|[from] Grassy Terrain\n|upkeep\n|\n|t:|1700458950\n|switch|p2b: Grimmsnarl|Grimmsnarl, L50, M|71\/100\n|turn|4\n|\n|t:|1700458957\n|move|p2b: Grimmsnarl|Light Screen|p2b: Grimmsnarl\n|-sidestart|p2: tetora115|move: Light Screen\n|move|p1a: Farigiraf|Dazzling Gleam|p2b: Grimmsnarl|[spread] p2a,p2b\n|-supereffective|p2b: Grimmsnarl\n|-damage|p2a: Rillaboom|54\/100\n|-damage|p2b: Grimmsnarl|51\/100\n|move|p1b: Sinistcha|Matcha Gotcha|p2a: Rillaboom|[spread] p2a,p2b\n|-resisted|p2a: Rillaboom\n|-damage|p2a: Rillaboom|45\/100\n|-damage|p2b: Grimmsnarl|31\/100\n|move|p2a: Rillaboom|U-turn|p1a: Farigiraf\n|-supereffective|p1a: Farigiraf\n|-damage|p1a: Farigiraf|0 fnt\n|faint|p1a: Farigiraf\n|\n|t:|1700458971\n|switch|p2a: Heatran|Heatran, L50, F|100\/100|[from] U-turn\n|\n|-heal|p2b: Grimmsnarl|37\/100|[from] Grassy Terrain\n|upkeep\n|\n|t:|1700458978\n|switch|p1a: Torkoal|Torkoal, L50, F|100\/100\n|-weather|SunnyDay|[from] ability: Drought|[of] p1a: Torkoal\n|turn|5\n|\n|t:|1700458995\n|move|p1b: Sinistcha|Protect|p1b: Sinistcha\n|-singleturn|p1b: Sinistcha|Protect\n|move|p2b: Grimmsnarl|Fake Out||[still]\n|-hint|Fake Out only works on your first turn out.\n|-fail|p2b: Grimmsnarl\n|move|p1a: Torkoal|Earth Power|p2a: Heatran\n|-supereffective|p2a: Heatran\n|-damage|p2a: Heatran|45\/100\n|move|p2a: Heatran|Magma Storm|p1b: Sinistcha\n|-activate|p1b: Sinistcha|move: Protect\n|\n|-weather|SunnyDay|[upkeep]\n|-heal|p2b: Grimmsnarl|43\/100|[from] Grassy Terrain\n|-heal|p2a: Heatran|51\/100|[from] Grassy Terrain\n|-heal|p2a: Heatran|57\/100|[from] item: Leftovers\n|upkeep\n|turn|6\n|\n|t:|1700459019\n|move|p2b: Grimmsnarl|Parting Shot|p1a: Torkoal\n|-unboost|p1a: Torkoal|atk|1\n|-unboost|p1a: Torkoal|spa|1\n|\n|t:|1700459022\n|switch|p2b: Rillaboom|Rillaboom, L50, M|45\/100|[from] Parting Shot\n|move|p1a: Torkoal|Earth Power|p2a: Heatran\n|-supereffective|p2a: Heatran\n|-crit|p2a: Heatran\n|-damage|p2a: Heatran|0 fnt\n|faint|p2a: Heatran\n|move|p1b: Sinistcha|Matcha Gotcha|p2b: Rillaboom\n|-resisted|p2b: Rillaboom\n|-damage|p2b: Rillaboom|33\/100\n|\n|-weather|SunnyDay|[upkeep]\n|-heal|p2b: Rillaboom|39\/100|[from] Grassy Terrain\n|-fieldend|move: Grassy Terrain\n|upkeep\n|\n|t:|1700459024\n|switch|p2a: Grimmsnarl|Grimmsnarl, L50, M|43\/100\n|turn|7\n|\n|t:|1700459040\n|-terastallize|p1a: Torkoal|Fire\n|move|p2b: Rillaboom|Fake Out|p1a: Torkoal\n|-damage|p1a: Torkoal|90\/100\n|move|p2a: Grimmsnarl|Parting Shot|p1b: Sinistcha\n|-unboost|p1b: Sinistcha|atk|1\n|-unboost|p1b: Sinistcha|spa|1\n|cant|p1a: Torkoal|flinch\n|move|p1b: Sinistcha|Matcha Gotcha|p2a: Grimmsnarl|[spread] p2a,p2b\n|-resisted|p2b: Rillaboom\n|-damage|p2a: Grimmsnarl|32\/100\n|-damage|p2b: Rillaboom|35\/100\n|\n|-weather|SunnyDay|[upkeep]\n|-fieldend|move: Trick Room\n|upkeep\n|turn|8\n|\n|t:|1700459056\n|move|p1a: Torkoal|Protect|p1a: Torkoal\n|-singleturn|p1a: Torkoal|Protect\n|move|p2a: Grimmsnarl|Parting Shot|p1b: Sinistcha\n|-unboost|p1b: Sinistcha|atk|1\n|-unboost|p1b: Sinistcha|spa|1\n|move|p2b: Rillaboom|High Horsepower|p1a: Torkoal\n|-activate|p1a: Torkoal|move: Protect\n|move|p1b: Sinistcha|Trick Room|p1b: Sinistcha\n|-fieldstart|move: Trick Room|[of] p1b: Sinistcha\n|\n|-weather|SunnyDay|[upkeep]\n|-sideend|p2: tetora115|Reflect\n|upkeep\n|turn|9\n|-message|tetora115 forfeited.\n|\n|win|ethethan\n|raw|ethethan's rating: 1329 &rarr; <strong>1350<\/strong><br \/>(+21 for winning)\n|raw|tetora115's rating: 1350 &rarr; <strong>1329<\/strong><br \/>(-21 for losing)\n|l|\u2606tetora115\n","uploadtime":1700459075,"views":8,"p1id":"ethethan","p2id":"tetora115","formatid":"gen9vgc2023regulatione","rating":1329,"private":0,"password":""}