{"id":"gen9vgc2023regulatione-1998602951","p1":"Lagi_Army","p2":"morgu","format":"[Gen 9] VGC 2023 Regulation E","log":"|j|\u2606Lagi_Army\n|j|\u2606morgu\n|t:|1700961725\n|gametype|doubles\n|player|p1|Lagi_Army|266|\n|player|p2|morgu|gladion|\n|teamsize|p1|6\n|teamsize|p2|6\n|gen|9\n|tier|[Gen 9] VGC 2023 Regulation E\n|rule|Species Clause: Limit one of each Pok\u00e9mon\n|rule|Item Clause: Limit one of each item\n|clearpoke\n|poke|p1|Chi-Yu, L50|\n|poke|p1|Scovillain, L50, F|\n|poke|p1|Torkoal, L50, M|\n|poke|p1|Uxie, L50|\n|poke|p1|Skeledirge, L50, F|\n|poke|p1|Ribombee, L50, F|\n|poke|p2|Urshifu-*, L50, F|\n|poke|p2|Krookodile, L50, M|\n|poke|p2|Goodra-Hisui, L50, M|\n|poke|p2|Enamorus, L50, F|\n|poke|p2|Volcarona, L50, F|\n|poke|p2|Regieleki, L50|\n|teampreview|4\nmorgu rejected open team sheets.\n|j| espurridan\n|l| espurridan\n|\n|t:|1700961880\n|start\n|switch|p1a: Chi-Yu|Chi-Yu, L50|100\/100\n|switch|p1b: Torkoal|Torkoal, L50, M|100\/100\n|switch|p2a: pendulum|Enamorus, L50, F|100\/100\n|switch|p2b: brave faces|Volcarona, L50, F|100\/100\n|-ability|p1a: Chi-Yu|Beads of Ruin\n|-weather|SunnyDay|[from] ability: Drought|[of] p1b: Torkoal\n|turn|1\n|\n|t:|1700961981\n|-terastallize|p1b: Torkoal|Fire\n|move|p2a: pendulum|Protect|p2a: pendulum\n|-singleturn|p2a: pendulum|Protect\n|move|p1a: Chi-Yu|Heat Wave|p2a: pendulum|[spread] p2b\n|-activate|p2a: pendulum|move: Protect\n|-crit|p2b: brave faces\n|-damage|p2b: brave faces|0 fnt\n|faint|p2b: brave faces\n|move|p1b: Torkoal|Eruption|p2a: pendulum\n|-activate|p2a: pendulum|move: Protect\n|\n|-weather|SunnyDay|[upkeep]\n|upkeep\n|c|\u2606morgu|,am\n|\n|t:|1700962018\n|switch|p2b: optimism|Goodra-Hisui, L50, M|100\/100\n|turn|2\n|\n|t:|1700962103\n|-terastallize|p2b: optimism|Water\n|move|p2a: pendulum|Earth Power|p1b: Torkoal\n|-supereffective|p1b: Torkoal\n|-crit|p1b: Torkoal\n|-damage|p1b: Torkoal|0 fnt\n|faint|p1b: Torkoal\n|-damage|p2a: pendulum|91\/100|[from] item: Life Orb\n|move|p1a: Chi-Yu|Heat Wave|p2b: optimism|[spread] p2a,p2b\n|-resisted|p2b: optimism\n|-damage|p2a: pendulum|0 fnt\n|-damage|p2b: optimism|76\/100\n|faint|p2a: pendulum\n|move|p2b: optimism|Hydro Pump|p1a: Chi-Yu\n|-supereffective|p1a: Chi-Yu\n|-damage|p1a: Chi-Yu|36\/100\n|\n|-weather|SunnyDay|[upkeep]\n|upkeep\n|\n|t:|1700962133\n|switch|p2a: haunted|Krookodile, L50, M|100\/100\n|switch|p1b: Skeledirge|Skeledirge, L50, F, shiny|100\/100\n|-ability|p2a: haunted|Intimidate|boost\n|-unboost|p1a: Chi-Yu|atk|1\n|-unboost|p1b: Skeledirge|atk|1\n|turn|3\n|\n|t:|1700962165\n|move|p2a: haunted|Protect|p2a: haunted\n|-singleturn|p2a: haunted|Protect\n|move|p1b: Skeledirge|Protect|p1b: Skeledirge\n|-singleturn|p1b: Skeledirge|Protect\n|move|p1a: Chi-Yu|Heat Wave|p2a: haunted|[spread] p2b\n|-activate|p2a: haunted|move: Protect\n|-resisted|p2b: optimism\n|-damage|p2b: optimism|54\/100\n|move|p2b: optimism|Hydro Pump|p1a: Chi-Yu\n|-supereffective|p1a: Chi-Yu\n|-damage|p1a: Chi-Yu|0 fnt\n|faint|p1a: Chi-Yu\n|\n|-weather|SunnyDay|[upkeep]\n|upkeep\n|\n|t:|1700962175\n|switch|p1a: Uxie|Uxie, L50|100\/100\n|turn|4\n|\n|t:|1700962195\n|move|p2a: haunted|Rock Slide|p1b: Skeledirge|[spread] p1a,p1b\n|-supereffective|p1b: Skeledirge\n|-damage|p1a: Uxie|84\/100\n|-damage|p1b: Skeledirge|69\/100\n|move|p1b: Skeledirge|Torch Song|p2a: haunted\n|-damage|p2a: haunted|40\/100\n|-boost|p1b: Skeledirge|spa|1\n|move|p2b: optimism|Hydro Pump|p1b: Skeledirge|[miss]\n|-miss|p2b: optimism|p1b: Skeledirge\n|cant|p1a: Uxie|flinch\n|\n|-weather|SunnyDay|[upkeep]\n|-heal|p1b: Skeledirge|75\/100|[from] item: Leftovers\n|upkeep\n|turn|5\n|\n|t:|1700962236\n|move|p1b: Skeledirge|Protect|p1b: Skeledirge\n|-singleturn|p1b: Skeledirge|Protect\n|move|p2a: haunted|Rock Slide|p1a: Uxie|[spread] p1a\n|-activate|p1b: Skeledirge|move: Protect\n|-damage|p1a: Uxie|69\/100\n|move|p2b: optimism|Hydro Pump|p1b: Skeledirge\n|-activate|p1b: Skeledirge|move: Protect\n|cant|p1a: Uxie|flinch\n|\n|-weather|none\n|-heal|p1b: Skeledirge|82\/100|[from] item: Leftovers\n|upkeep\n|turn|6\n|\n|t:|1700962270\n|move|p1a: Uxie|Ally Switch|p1a: Uxie\n|swap|p1a: Uxie|1|[from] move: Ally Switch\n|move|p2a: haunted|Knock Off|p1a: Skeledirge\n|-supereffective|p1a: Skeledirge\n|-damage|p1a: Skeledirge|2\/100\n|-enditem|p1a: Skeledirge|Leftovers|[from] move: Knock Off|[of] p2a: haunted\n|move|p1a: Skeledirge|Torch Song|p2a: haunted\n|-damage|p2a: haunted|0 fnt\n|-boost|p1a: Skeledirge|spa|1\n|faint|p2a: haunted\n|move|p2b: optimism|Hydro Pump|p1b: Uxie|[miss]\n|-miss|p2b: optimism|p1b: Uxie\n|\n|upkeep\n|turn|7\n|\n|t:|1700962300\n|move|p1b: Uxie|Protect|p1b: Uxie\n|-singleturn|p1b: Uxie|Protect\n|move|p1a: Skeledirge|Slack Off|p1a: Skeledirge\n|-heal|p1a: Skeledirge|52\/100\n|move|p2b: optimism|Flash Cannon|p1a: Skeledirge\n|-resisted|p1a: Skeledirge\n|-damage|p1a: Skeledirge|39\/100\n|\n|upkeep\n|turn|8\n|\n|t:|1700962321\n|move|p1b: Uxie|Ally Switch||[still]\n|-fail|p1b: Uxie\n|move|p1a: Skeledirge|Slack Off|p1a: Skeledirge\n|-heal|p1a: Skeledirge|90\/100\n|move|p2b: optimism|Hydro Pump|p1a: Skeledirge\n|-supereffective|p1a: Skeledirge\n|-damage|p1a: Skeledirge|16\/100\n|\n|upkeep\n|turn|9\n|\n|t:|1700962338\n|move|p1a: Skeledirge|Protect|p1a: Skeledirge\n|-singleturn|p1a: Skeledirge|Protect\n|move|p1b: Uxie|Psychic|p2b: optimism\n|-damage|p2b: optimism|43\/100\n|move|p2b: optimism|Hydro Pump|p1b: Uxie\n|-damage|p1b: Uxie|40\/100\n|\n|upkeep\n|turn|10\n|\n|t:|1700962357\n|move|p1b: Uxie|Psychic|p2b: optimism\n|-damage|p2b: optimism|32\/100\n|move|p1a: Skeledirge|Shadow Ball|p2b: optimism\n|-damage|p2b: optimism|9\/100\n|-unboost|p2b: optimism|spd|1\n|move|p2b: optimism|Hydro Pump|p1a: Skeledirge\n|-supereffective|p1a: Skeledirge\n|-damage|p1a: Skeledirge|0 fnt\n|faint|p1a: Skeledirge\n|\n|upkeep\n|turn|11\n|\n|t:|1700962372\n|move|p1b: Uxie|Psychic|p2b: optimism\n|-damage|p2b: optimism|0 fnt\n|faint|p2b: optimism\n|\n|win|Lagi_Army\n|c|\u2606morgu|gg\n|c|\u2606Lagi_Army|gg\n","uploadtime":1700962382,"views":29,"p1id":"lagiarmy","p2id":"morgu","formatid":"gen9vgc2023regulatione","rating":0,"private":0,"password":""}