{"id":"gen9vgc2023regulatione-1989432221","p1":"BrokenFairyKing","p2":"Lab Gamer","format":"[Gen 9] VGC 2023 Regulation E","log":"|j|\u2606BrokenFairyKing\n|j|\u2606Lab Gamer\n|n|\u2606BrokenFairyKing|brokenfairyking\n|n|\u2606Lab Gamer|labgamer\n|html|View the match progress at <a href=\"\/game-bestof3-gen9vgc2023regulatione-1989432220\">game-bestof3-gen9vgc2023regulatione-1989432220<\/a>\n|t:|1699849603\n|gametype|doubles\n|player|p1|BrokenFairyKing|harlequin|\n|player|p2|Lab Gamer|roark|\n|teamsize|p1|6\n|teamsize|p2|6\n|gen|9\n|tier|[Gen 9] VGC 2023 Regulation E\n|rule|Species Clause: Limit one of each Pok\u00e9mon\n|rule|Item Clause: Limit one of each item\n|clearpoke\n|poke|p1|Ursaluna-Bloodmoon, L50, M|\n|poke|p1|Oranguru, L50, F|\n|poke|p1|Dusclops, L50, M|\n|poke|p1|Ogerpon-Wellspring, L50, F|\n|poke|p1|Trevenant, L50, F|\n|poke|p1|Iron Hands, L50|\n|poke|p2|Ogerpon-Wellspring, L50, F|\n|poke|p2|Rillaboom, L50, M|\n|poke|p2|Heatran, L50, M|\n|poke|p2|Kommo-o, L50, F|\n|poke|p2|Farigiraf, L50, F|\n|poke|p2|Landorus-Therian, L50, M|\n|teampreview|4\n|inactive|Battle timer is ON: inactive players will automatically lose when time's up. (requested by BrokenFairyKing)\nBrokenFairyKing has agreed to open team sheets.\nLab Gamer has agreed to open team sheets.\n|showteam|p1|Ursaluna-Bloodmoon||SilkScarf|MindsEye|BloodMoon,HyperVoice,EarthPower,Protect|||M|||50|,,,,,Normal]Oranguru||MentalHerb|InnerFocus|TrickRoom,Instruct,Psychic,Taunt|||F|||50|,,,,,Fairy]Dusclops||Eviolite|Pressure|PainSplit,NightShade,TrickRoom,WillOWisp|||M|||50|,,,,,Ghost]Ogerpon-Wellspring||WellspringMask|WaterAbsorb|HornLeech,IvyCudgel,SpikyShield,FollowMe|||F|||50|,,,,,Water]Trevenant||SitrusBerry|Harvest|HornLeech,ShadowClaw,TrickRoom,WillOWisp|||F|||50|,,,,,Fire]Iron Hands||AssaultVest|QuarkDrive|FakeOut,DrainPunch,WildCharge,HeavySlam||||||50|,,,,,Fire\n|showteam|p2|Ogerpon-Wellspring||WellspringMask|WaterAbsorb|IvyCudgel,HornLeech,FollowMe,SpikyShield|||F|||50|,,,,,Water]Rillaboom||AssaultVest|GrassySurge|GrassyGlide,Uturn,HighHorsepower,FakeOut|||M|||50|,,,,,Fire]Heatran||Leftovers|FlashFire|MagmaStorm,EarthPower,WillOWisp,Protect|||M|||50|,,,,,Fairy]Kommo-o||GrassySeed|Bulletproof|IronHead,BodyPress,IronDefense,Protect|||F|||50|,,,,,Steel]Farigiraf||SitrusBerry|ArmorTail|DazzlingGleam,Psychic,NastyPlot,TrickRoom|||F|||50|,,,,,Fairy]Landorus-Therian||ChoiceScarf|Intimidate|StompingTantrum,TeraBlast,RockSlide,Uturn|||M|||50|,,,,,Flying\n|inactive|BrokenFairyKing has 30 seconds left.\n|inactive|Lab Gamer has 30 seconds left.\n|inactive|BrokenFairyKing has 20 seconds left.\n|inactive|Lab Gamer has 20 seconds left.\n|inactive|BrokenFairyKing has 15 seconds left.\n|inactive|Lab Gamer has 15 seconds left.\n|inactive|Lab Gamer has 10 seconds left.\n|inactive|Lab Gamer has 5 seconds left.\n|\n|t:|1699849662\n|start\n|switch|p1a: Oranguru|Oranguru, L50, F|100\/100\n|switch|p1b: Dusclops|Dusclops, L50, M|100\/100\n|switch|p2a: Farigiraf|Farigiraf, L50, F|100\/100\n|switch|p2b: Kommo-o|Kommo-o, L50, F|100\/100\n|-ability|p1b: Dusclops|Pressure\n|turn|1\n|inactive|Lab Gamer has 30 seconds left.\n|\n|t:|1699849697\n|move|p2b: Kommo-o|Iron Defense|p2b: Kommo-o\n|-boost|p2b: Kommo-o|def|2\n|move|p2a: Farigiraf|Nasty Plot|p2a: Farigiraf\n|-boost|p2a: Farigiraf|spa|2\n|move|p1a: Oranguru|Taunt|p2a: Farigiraf\n|-start|p2a: Farigiraf|move: Taunt\n|move|p1b: Dusclops|Trick Room|p1b: Dusclops\n|-fieldstart|move: Trick Room|[of] p1b: Dusclops\n|\n|upkeep\n|turn|2\n|inactive|Lab Gamer has 30 seconds left.\n|\n|t:|1699849726\n|-terastallize|p2b: Kommo-o|Steel\n|move|p1b: Dusclops|Night Shade|p2b: Kommo-o\n|-damage|p2b: Kommo-o|72\/100\n|move|p1a: Oranguru|Instruct|p1b: Dusclops\n|-singleturn|p1b: Dusclops|move: Instruct|[of] p1a: Oranguru\n|move|p1b: Dusclops|Night Shade|p2b: Kommo-o\n|-damage|p2b: Kommo-o|44\/100\n|move|p2a: Farigiraf|Dazzling Gleam|p1a: Oranguru|[spread] p1a,p1b\n|-damage|p1a: Oranguru|76\/100\n|-damage|p1b: Dusclops|82\/100\n|move|p2b: Kommo-o|Body Press|p1a: Oranguru\n|-damage|p1a: Oranguru|6\/100\n|\n|upkeep\n|turn|3\n|inactive|BrokenFairyKing has 30 seconds left.\n|\n|t:|1699849751\n|move|p2b: Kommo-o|Protect|p2b: Kommo-o\n|-singleturn|p2b: Kommo-o|Protect\n|move|p1b: Dusclops|Will-O-Wisp|p2a: Farigiraf\n|-status|p2a: Farigiraf|brn\n|move|p1a: Oranguru|Taunt|p2b: Kommo-o\n|-activate|p2b: Kommo-o|move: Protect\n|move|p2a: Farigiraf|Dazzling Gleam|p1a: Oranguru|[spread] p1a,p1b\n|-damage|p1a: Oranguru|0 fnt\n|-damage|p1b: Dusclops|66\/100\n|faint|p1a: Oranguru\n|\n|-damage|p2a: Farigiraf|95\/100 brn|[from] brn\n|upkeep\n|\n|t:|1699849764\n|switch|p1a: Ursaluna|Ursaluna-Bloodmoon, L50, M|100\/100\n|turn|4\n|\n|t:|1699849784\n|switch|p2b: Landorus|Landorus-Therian, L50, M|100\/100\n|-ability|p2b: Landorus|Intimidate|boost\n|-unboost|p1a: Ursaluna|atk|1\n|-unboost|p1b: Dusclops|atk|1\n|-terastallize|p1a: Ursaluna|Normal\n|move|p1b: Dusclops|Night Shade|p2b: Landorus\n|-damage|p2b: Landorus|70\/100\n|move|p1a: Ursaluna|Hyper Voice|p2b: Landorus|[spread] p2a,p2b\n|-damage|p2a: Farigiraf|40\/100 brn\n|-damage|p2b: Landorus|0 fnt\n|-enditem|p2a: Farigiraf|Sitrus Berry|[eat]\n|-heal|p2a: Farigiraf|65\/100 brn|[from] item: Sitrus Berry\n|faint|p2b: Landorus\n|move|p2a: Farigiraf|Psychic|p1a: Ursaluna\n|-damage|p1a: Ursaluna|28\/100\n|\n|-damage|p2a: Farigiraf|59\/100 brn|[from] brn\n|-end|p2a: Farigiraf|move: Taunt\n|upkeep\n|\n|t:|1699849803\n|switch|p2b: Rillaboom|Rillaboom, L50, M|100\/100\n|-fieldstart|move: Grassy Terrain|[from] ability: Grassy Surge|[of] p2b: Rillaboom\n|turn|5\n|\n|t:|1699849812\n|move|p1a: Ursaluna|Protect|p1a: Ursaluna\n|-singleturn|p1a: Ursaluna|Protect\n|move|p2b: Rillaboom|Fake Out|p1a: Ursaluna\n|-activate|p1a: Ursaluna|move: Protect\n|move|p1b: Dusclops|Will-O-Wisp|p2b: Rillaboom\n|-status|p2b: Rillaboom|brn\n|move|p2a: Farigiraf|Nasty Plot|p2a: Farigiraf\n|-boost|p2a: Farigiraf|spa|2\n|\n|-heal|p1b: Dusclops|73\/100|[from] Grassy Terrain\n|-heal|p1a: Ursaluna|34\/100|[from] Grassy Terrain\n|-heal|p2a: Farigiraf|65\/100 brn|[from] Grassy Terrain\n|-damage|p2a: Farigiraf|59\/100 brn|[from] brn\n|-damage|p2b: Rillaboom|94\/100 brn|[from] brn\n|-fieldend|move: Trick Room\n|upkeep\n|turn|6\n|inactive|Lab Gamer has 30 seconds left.\n|\n|t:|1699849842\n|switch|p1a: Ogerpon|Ogerpon-Wellspring, L50, F|100\/100\n|move|p2b: Rillaboom|U-turn|p1b: Dusclops\n|-resisted|p1b: Dusclops\n|-damage|p1b: Dusclops|69\/100\n|\n|t:|1699849848\n|switch|p2b: Kommo-o|Kommo-o, L50, F, tera:Steel|44\/100|[from] U-turn\n|-enditem|p2b: Kommo-o|Grassy Seed\n|-boost|p2b: Kommo-o|def|1|[from] item: Grassy Seed\n|move|p2a: Farigiraf|Psychic|p1a: Ogerpon\n|-damage|p1a: Ogerpon|13\/100\n|move|p1b: Dusclops|Trick Room|p1b: Dusclops\n|-fieldstart|move: Trick Room|[of] p1b: Dusclops\n|\n|-heal|p1b: Dusclops|75\/100|[from] Grassy Terrain\n|-heal|p2a: Farigiraf|65\/100 brn|[from] Grassy Terrain\n|-heal|p2b: Kommo-o|50\/100|[from] Grassy Terrain\n|-heal|p1a: Ogerpon|19\/100|[from] Grassy Terrain\n|-damage|p2a: Farigiraf|59\/100 brn|[from] brn\n|upkeep\n|turn|7\n|\n|t:|1699849865\n|move|p2b: Kommo-o|Protect|p2b: Kommo-o\n|-singleturn|p2b: Kommo-o|Protect\n|move|p1b: Dusclops|Will-O-Wisp|p2b: Kommo-o\n|-activate|p2b: Kommo-o|move: Protect\n|move|p2a: Farigiraf|Dazzling Gleam|p1b: Dusclops|[spread] p1a,p1b\n|-damage|p1a: Ogerpon|0 fnt\n|-damage|p1b: Dusclops|52\/100\n|faint|p1a: Ogerpon\n|\n|-heal|p1b: Dusclops|58\/100|[from] Grassy Terrain\n|-heal|p2a: Farigiraf|65\/100 brn|[from] Grassy Terrain\n|-heal|p2b: Kommo-o|56\/100|[from] Grassy Terrain\n|-damage|p2a: Farigiraf|59\/100 brn|[from] brn\n|upkeep\n|\n|t:|1699849879\n|switch|p1a: Ursaluna|Ursaluna-Bloodmoon, L50, M, tera:Normal|34\/100\n|turn|8\n|\n|t:|1699849886\n|move|p1b: Dusclops|Will-O-Wisp|p2b: Kommo-o\n|-status|p2b: Kommo-o|brn\n|move|p1a: Ursaluna|Blood Moon|p2a: Farigiraf\n|-damage|p2a: Farigiraf|0 fnt\n|faint|p2a: Farigiraf\n|move|p2b: Kommo-o|Body Press|p1a: Ursaluna\n|-supereffective|p1a: Ursaluna\n|-damage|p1a: Ursaluna|0 fnt\n|faint|p1a: Ursaluna\n|\n|-heal|p1b: Dusclops|64\/100|[from] Grassy Terrain\n|-heal|p2b: Kommo-o|63\/100 brn|[from] Grassy Terrain\n|-damage|p2b: Kommo-o|56\/100 brn|[from] brn\n|upkeep\n|\n|t:|1699849901\n|switch|p2a: Rillaboom|Rillaboom, L50, M|94\/100 brn\n|turn|9\n|inactive|Lab Gamer has 30 seconds left.\n|\n|t:|1699849932\n|move|p2a: Rillaboom|Grassy Glide|p1b: Dusclops\n|-damage|p1b: Dusclops|52\/100\n|move|p1b: Dusclops|Night Shade|p2b: Kommo-o\n|-damage|p2b: Kommo-o|28\/100 brn\n|move|p2b: Kommo-o|Iron Head|p1b: Dusclops\n|-damage|p1b: Dusclops|43\/100\n|\n|-heal|p1b: Dusclops|49\/100|[from] Grassy Terrain\n|-heal|p2b: Kommo-o|34\/100 brn|[from] Grassy Terrain\n|-heal|p2a: Rillaboom|100\/100 brn|[from] Grassy Terrain\n|-damage|p2b: Kommo-o|28\/100 brn|[from] brn\n|-damage|p2a: Rillaboom|94\/100 brn|[from] brn\n|-fieldend|move: Grassy Terrain\n|upkeep\n|turn|10\n|inactive|Lab Gamer has 30 seconds left.\n|\n|t:|1699849967\n|move|p2b: Kommo-o|Protect|p2b: Kommo-o\n|-singleturn|p2b: Kommo-o|Protect\n|move|p1b: Dusclops|Pain Split|p2a: Rillaboom\n|-sethp|p2a: Rillaboom|66\/100 brn|[from] move: Pain Split|[silent]\n|-sethp|p1b: Dusclops|86\/100|[from] move: Pain Split\n|move|p2a: Rillaboom|High Horsepower|p1b: Dusclops\n|-damage|p1b: Dusclops|77\/100\n|\n|-damage|p2b: Kommo-o|22\/100 brn|[from] brn\n|-damage|p2a: Rillaboom|60\/100 brn|[from] brn\n|-fieldend|move: Trick Room\n|upkeep\n|turn|11\n|\n|t:|1699849987\n|move|p2a: Rillaboom|High Horsepower|p1b: Dusclops\n|-damage|p1b: Dusclops|67\/100\n|move|p2b: Kommo-o|Iron Head|p1b: Dusclops\n|-damage|p1b: Dusclops|57\/100\n|move|p1b: Dusclops|Night Shade|p2b: Kommo-o\n|-damage|p2b: Kommo-o|0 fnt\n|faint|p2b: Kommo-o\n|\n|-damage|p2a: Rillaboom|53\/100 brn|[from] brn\n|upkeep\n|turn|12\n|\n|t:|1699850000\n|move|p2a: Rillaboom|High Horsepower|p1b: Dusclops\n|-damage|p1b: Dusclops|48\/100\n|move|p1b: Dusclops|Night Shade|p2a: Rillaboom\n|-damage|p2a: Rillaboom|27\/100 brn\n|\n|-damage|p2a: Rillaboom|21\/100 brn|[from] brn\n|upkeep\n|turn|13\n|\n|t:|1699850010\n|move|p2a: Rillaboom|High Horsepower|p1b: Dusclops\n|-damage|p1b: Dusclops|38\/100\n|move|p1b: Dusclops|Night Shade|p2a: Rillaboom\n|-damage|p2a: Rillaboom|0 fnt\n|faint|p2a: Rillaboom\n|\n|win|BrokenFairyKing\n|c|&|\/uhtml prompt-brokenfairyking,BrokenFairyKing is ready for game 2!\n|c|&|\/uhtml prompt-labgamer,Lab Gamer is ready for game 2!\nBoth players are ready! Starting next match!\n","uploadtime":1699850572,"views":19,"p1id":"brokenfairyking","p2id":"labgamer","formatid":"gen9vgc2023regulatione","rating":0,"private":0,"password":""}