{"id":"gen9vgc2023regulatione-1994412849","p1":"elektriktoad","p2":"Buff FlutterMane","format":"[Gen 9] VGC 2023 Regulation E","log":"|j|\u2606elektriktoad\n|j|\u2606Buff FlutterMane\n|t:|1700441074\n|gametype|doubles\n|player|p1|elektriktoad|janine|1385\n|player|p2|Buff FlutterMane|turo|1377\n|teamsize|p1|6\n|teamsize|p2|6\n|gen|9\n|tier|[Gen 9] VGC 2023 Regulation E\n|rated|\n|rule|Species Clause: Limit one of each Pok\u00e9mon\n|rule|Item Clause: Limit one of each item\n|clearpoke\n|poke|p1|Muk-Alola, L50, M|\n|poke|p1|Scovillain, L50, F|\n|poke|p1|Sableye, L50, M|\n|poke|p1|Garganacl, L50, M|\n|poke|p1|Gliscor, L50, M|\n|poke|p1|Goodra-Hisui, L50, F|\n|poke|p2|Amoonguss, L50, M|\n|poke|p2|Urshifu-*, L50, M|\n|poke|p2|Gholdengo, L50|\n|poke|p2|Tornadus, L50, M|\n|poke|p2|Arcanine-Hisui, L50, M|\n|poke|p2|Sneasler, L50, F|\n|teampreview|4\n|inactive|Battle timer is ON: inactive players will automatically lose when time's up. (requested by Buff FlutterMane)\n|inactive|Buff FlutterMane has 60 seconds left.\n|\n|t:|1700441130\n|start\n|switch|p1a: Muk|Muk-Alola, L50, M|100\/100\n|switch|p1b: Scovillain|Scovillain, L50, F|100\/100\n|switch|p2a: One Piece|Gholdengo, L50, shiny|100\/100\n|switch|p2b: Weavile Thing|Sneasler, L50, F, shiny|100\/100\n|turn|1\n|\n|t:|1700441141\n|move|p2b: Weavile Thing|Fake Out|p1a: Muk\n|-damage|p1a: Muk|88\/100\n|move|p1b: Scovillain|Overheat|p2a: One Piece\n|-supereffective|p2a: One Piece\n|-damage|p2a: One Piece|0 fnt\n|-unboost|p1b: Scovillain|spa|2\n|faint|p2a: One Piece\n|cant|p1a: Muk|flinch\n|\n|-heal|p1a: Muk|94\/100|[from] item: Leftovers\n|-ability|p1b: Scovillain|Moody|boost\n|-boost|p1b: Scovillain|spd|2\n|-unboost|p1b: Scovillain|def|1\n|upkeep\n|\n|t:|1700441147\n|switch|p2a: Balanced?|Urshifu-Rapid-Strike, L50, M|100\/100\n|turn|2\n|\n|t:|1700441158\n|-terastallize|p2a: Balanced?|Water\n|move|p1b: Scovillain|Rage Powder|p1b: Scovillain\n|-singleturn|p1b: Scovillain|move: Rage Powder\n|move|p2b: Weavile Thing|Dire Claw|p1b: Scovillain\n|-supereffective|p1b: Scovillain\n|-damage|p1b: Scovillain|0 fnt\n|faint|p1b: Scovillain\n|-ability|p1a: Muk|Moody|[from] ability: Power of Alchemy|[of] p1b: Scovillain\n|move|p2a: Balanced?|Surging Strikes|p1a: Muk\n|-crit|p1a: Muk\n|-damage|p1a: Muk|66\/100\n|-crit|p1a: Muk\n|-damage|p1a: Muk|39\/100\n|-crit|p1a: Muk\n|-damage|p1a: Muk|8\/100\n|-hitcount|p1a: Muk|3\n|move|p1a: Muk|Minimize|p1a: Muk\n|-boost|p1a: Muk|evasion|2\n|\n|-heal|p1a: Muk|14\/100|[from] item: Leftovers\n|-ability|p1a: Muk|Moody|boost\n|-boost|p1a: Muk|spe|2\n|-unboost|p1a: Muk|spd|1\n|upkeep\n|\n|t:|1700441167\n|switch|p1b: Sableye|Sableye, L50, M|100\/100\n|turn|3\n|\n|t:|1700441183\n|switch|p2b: Hi|Amoonguss, L50, M, shiny|100\/100\n|move|p1a: Muk|Protect|p1a: Muk\n|-singleturn|p1a: Muk|Protect\n|move|p2a: Balanced?|Aqua Jet|p1a: Muk\n|-damage|p1a: Muk|0 fnt\n|faint|p1a: Muk\n|move|p1b: Sableye|Disable|p2a: Balanced?\n|-start|p2a: Balanced?|Disable|Aqua Jet\n|\n|upkeep\n|\n|t:|1700441194\n|switch|p1a: Garganacl|Garganacl, L50, M|100\/100\n|turn|4\n|\n|t:|1700441207\n|-terastallize|p1a: Garganacl|Ghost\n|move|p2b: Hi|Rage Powder|p2b: Hi\n|-singleturn|p2b: Hi|move: Rage Powder\n|move|p1b: Sableye|Encore|p2b: Hi\n|-start|p2b: Hi|Encore\n|move|p2a: Balanced?|Surging Strikes|p1a: Garganacl\n|-crit|p1a: Garganacl\n|-damage|p1a: Garganacl|78\/100\n|-crit|p1a: Garganacl\n|-damage|p1a: Garganacl|54\/100\n|-crit|p1a: Garganacl\n|-damage|p1a: Garganacl|32\/100\n|-enditem|p1a: Garganacl|Sitrus Berry|[eat]\n|-heal|p1a: Garganacl|57\/100|[from] item: Sitrus Berry\n|-hitcount|p1a: Garganacl|3\n|move|p1a: Garganacl|Salt Cure|p2b: Hi\n|-damage|p2b: Hi|88\/100\n|-start|p2b: Hi|Salt Cure\n|\n|-damage|p2b: Hi|75\/100|[from] Salt Cure\n|upkeep\n|turn|5\n|\n|t:|1700441216\n|move|p2b: Hi|Rage Powder|p2b: Hi\n|-singleturn|p2b: Hi|move: Rage Powder\n|move|p1b: Sableye|Disable|p2b: Hi\n|-start|p2b: Hi|Disable|Rage Powder\n|move|p2a: Balanced?|Surging Strikes|p1a: Garganacl\n|-crit|p1a: Garganacl\n|-damage|p1a: Garganacl|35\/100\n|-crit|p1a: Garganacl\n|-damage|p1a: Garganacl|12\/100\n|-crit|p1a: Garganacl\n|-damage|p1a: Garganacl|0 fnt\n|faint|p1a: Garganacl\n|-hitcount|p1: Garganacl|3\n|\n|-damage|p2b: Hi|63\/100|[from] Salt Cure\n|upkeep\n|turn|6\n|c|\u2606elektriktoad|Gg\n|-message|elektriktoad forfeited.\n|\n|win|Buff FlutterMane\n|raw|elektriktoad's rating: 1385 &rarr; <strong>1365<\/strong><br \/>(-20 for losing)\n|raw|Buff FlutterMane's rating: 1377 &rarr; <strong>1397<\/strong><br \/>(+20 for winning)\n|c|\u2606Buff FlutterMane|Gg\n","uploadtime":1700441258,"views":9,"p1id":"elektriktoad","p2id":"bufffluttermane","formatid":"gen9vgc2023regulatione","rating":1365,"private":0,"password":""}