{"id":"gen9vgc2023regulatione-1993667374","p1":"Suchasham","p2":"caydawgmgovern","format":"[Gen 9] VGC 2023 Regulation E","log":"|j|\u2606Suchasham\n|j|\u2606caydawgmgovern\n|t:|1700343429\n|gametype|doubles\n|player|p1|Suchasham|266|1200\n|player|p2|caydawgmgovern|grimsley|1264\n|teamsize|p1|6\n|teamsize|p2|6\n|gen|9\n|tier|[Gen 9] VGC 2023 Regulation E\n|rated|\n|rule|Species Clause: Limit one of each Pok\u00e9mon\n|rule|Item Clause: Limit one of each item\n|clearpoke\n|poke|p1|Heatran, L50, F|\n|poke|p1|Landorus-Therian, L50, M|\n|poke|p1|Sinistcha, L50|\n|poke|p1|Iron Hands, L50|\n|poke|p1|Ninetales-Alola, L50, M|\n|poke|p1|Roaring Moon, L50|\n|poke|p2|Mamoswine, L50, M|\n|poke|p2|Cresselia, L50, F|\n|poke|p2|Maushold-Four, L50|\n|poke|p2|Kingambit, L50, M|\n|poke|p2|Grimmsnarl, L50, M|\n|poke|p2|Chi-Yu, L50|\n|teampreview|4\n|inactive|Battle timer is ON: inactive players will automatically lose when time's up. (requested by Suchasham)\n|inactive|Suchasham has 60 seconds left.\n|inactive|caydawgmgovern has 60 seconds left.\n|\n|t:|1700343473\n|start\n|switch|p1a: Heatran|Heatran, L50, F, shiny|100\/100\n|switch|p1b: Ferropalmas|Iron Hands, L50|100\/100\n|switch|p2a: Grimmsnarl|Grimmsnarl, L50, M|100\/100\n|switch|p2b: Chi-Yu|Chi-Yu, L50|100\/100\n|-ability|p2b: Chi-Yu|Beads of Ruin\n|turn|1\n|\n|t:|1700343488\n|move|p2a: Grimmsnarl|Fake Out|p1b: Ferropalmas\n|-damage|p1b: Ferropalmas|93\/100\n|cant|p1b: Ferropalmas|flinch\n|move|p2b: Chi-Yu|Dark Pulse|p1a: Heatran\n|-damage|p1a: Heatran|24\/100\n|move|p1a: Heatran|Earth Power|p2b: Chi-Yu\n|-supereffective|p2b: Chi-Yu\n|-damage|p2b: Chi-Yu|22\/100\n|\n|-heal|p1a: Heatran|30\/100|[from] item: Leftovers\n|upkeep\n|turn|2\n|inactive|caydawgmgovern has 30 seconds left.\n|\n|t:|1700343514\n|move|p1a: Heatran|Protect|p1a: Heatran\n|-singleturn|p1a: Heatran|Protect\n|move|p2a: Grimmsnarl|Parting Shot|p1b: Ferropalmas\n|-unboost|p1b: Ferropalmas|atk|1\n|-unboost|p1b: Ferropalmas|spa|1\n|\n|t:|1700343526\n|switch|p2a: Cresselia|Cresselia, L50, F|100\/100|[from] Parting Shot\n|move|p2b: Chi-Yu|Dark Pulse|p1a: Heatran\n|-activate|p1a: Heatran|move: Protect\n|move|p1b: Ferropalmas|Drain Punch|p2b: Chi-Yu\n|-supereffective|p2b: Chi-Yu\n|-damage|p2b: Chi-Yu|0 fnt\n|-heal|p1b: Ferropalmas|99\/100|[from] drain|[of] p2b: Chi-Yu\n|faint|p2b: Chi-Yu\n|\n|-heal|p1a: Heatran|36\/100|[from] item: Leftovers\n|upkeep\n|\n|t:|1700343530\n|switch|p2b: Mamoswine|Mamoswine, L50, M|100\/100\n|turn|3\n|inactive|Suchasham has 30 seconds left.\n|inactive|Suchasham has 20 seconds left.\n|inactive|Suchasham has 15 seconds left.\n|inactive|Suchasham has 10 seconds left.\n|\n|t:|1700343576\n|switch|p1a: Landorus|Landorus-Therian, L50, M, shiny|100\/100\n|-ability|p1a: Landorus|Intimidate|boost\n|-unboost|p2a: Cresselia|atk|1\n|-unboost|p2b: Mamoswine|atk|1\n|-terastallize|p2b: Mamoswine|Dragon\n|-terastallize|p1b: Ferropalmas|Grass\n|move|p2b: Mamoswine|Earthquake|p1a: Landorus|[spread] p1b\n|-immune|p2a: Cresselia|[from] ability: Levitate\n|-immune|p1a: Landorus\n|-resisted|p1b: Ferropalmas\n|-damage|p1b: Ferropalmas|86\/100\n|-damage|p2b: Mamoswine|90\/100|[from] item: Life Orb\n|move|p2a: Cresselia|Icy Wind|p1a: Landorus|[spread] p1a,p1b\n|-supereffective|p1a: Landorus\n|-supereffective|p1b: Ferropalmas\n|-damage|p1a: Landorus|46\/100\n|-damage|p1b: Ferropalmas|74\/100\n|-unboost|p1a: Landorus|spe|1\n|-unboost|p1b: Ferropalmas|spe|1\n|move|p1b: Ferropalmas|Heavy Slam|p2b: Mamoswine\n|-damage|p2b: Mamoswine|80\/100\n|\n|upkeep\n|turn|4\n|inactive|Suchasham has 30 seconds left.\n|\n|t:|1700343609\n|-end|p1b: Ferropalmas|Quark Drive|[silent]\n|switch|p1b: Heatran|Heatran, L50, F, shiny|36\/100\n|move|p2a: Cresselia|Ally Switch|p2a: Cresselia\n|swap|p2a: Cresselia|1|[from] move: Ally Switch\n|move|p2a: Mamoswine|Ice Shard|p1a: Landorus\n|-supereffective|p1a: Landorus\n|-damage|p1a: Landorus|0 fnt\n|faint|p1a: Landorus\n|-damage|p2a: Mamoswine|70\/100|[from] item: Life Orb\n|\n|-heal|p1b: Heatran|42\/100|[from] item: Leftovers\n|upkeep\n|\n|t:|1700343627\n|switch|p1a: BussyDestroyer|Roaring Moon, L50|100\/100\n|-enditem|p1a: BussyDestroyer|Booster Energy\n|-activate|p1a: BussyDestroyer|ability: Protosynthesis|[fromitem]\n|-start|p1a: BussyDestroyer|protosynthesisspe\n|turn|5\n|\n|t:|1700343650\n|switch|p2b: Grimmsnarl|Grimmsnarl, L50, M|100\/100\n|move|p2a: Mamoswine|Protect|p2a: Mamoswine\n|-singleturn|p2a: Mamoswine|Protect\n|move|p1a: BussyDestroyer|Knock Off|p2b: Grimmsnarl\n|-resisted|p2b: Grimmsnarl\n|-damage|p2b: Grimmsnarl|85\/100\n|-enditem|p2b: Grimmsnarl|Kasib Berry|[from] move: Knock Off|[of] p1a: BussyDestroyer\n|move|p1b: Heatran|Flash Cannon|p2a: Mamoswine\n|-activate|p2a: Mamoswine|move: Protect\n|\n|-heal|p1b: Heatran|49\/100|[from] item: Leftovers\n|upkeep\n|turn|6\n|inactive|Suchasham has 30 seconds left.\n|\n|t:|1700343675\n|-end|p1a: BussyDestroyer|Protosynthesis|[silent]\n|switch|p1a: Ferropalmas|Iron Hands, L50, tera:Grass|74\/100\n|move|p2b: Grimmsnarl|Fake Out|p1a: Ferropalmas\n|-damage|p1a: Ferropalmas|66\/100\n|move|p1b: Heatran|Flash Cannon|p2b: Grimmsnarl\n|-supereffective|p2b: Grimmsnarl\n|-crit|p2b: Grimmsnarl\n|-damage|p2b: Grimmsnarl|0 fnt\n|faint|p2b: Grimmsnarl\n|move|p2a: Mamoswine|Icicle Crash|p1a: Ferropalmas\n|-supereffective|p1a: Ferropalmas\n|-damage|p1a: Ferropalmas|12\/100\n|-damage|p2a: Mamoswine|60\/100|[from] item: Life Orb\n|\n|-heal|p1b: Heatran|55\/100|[from] item: Leftovers\n|upkeep\n|\n|t:|1700343681\n|switch|p2b: Cresselia|Cresselia, L50, F|100\/100\n|turn|7\n|inactive|Suchasham has 30 seconds left.\n|\n|t:|1700343708\n|move|p1a: Ferropalmas|Fake Out|p2b: Cresselia\n|-damage|p2b: Cresselia|88\/100\n|move|p1b: Heatran|Flash Cannon|p2a: Mamoswine\n|-damage|p2a: Mamoswine|0 fnt\n|faint|p2a: Mamoswine\n|cant|p2b: Cresselia|flinch\n|\n|-heal|p1b: Heatran|61\/100|[from] item: Leftovers\n|upkeep\n|turn|8\n|-message|caydawgmgovern forfeited.\n|\n|win|Suchasham\n|raw|Suchasham's rating: 1200 &rarr; <strong>1230<\/strong><br \/>(+30 for winning)\n|raw|caydawgmgovern's rating: 1264 &rarr; <strong>1234<\/strong><br \/>(-30 for losing)\n|l|\u2606caydawgmgovern\n","uploadtime":1700343746,"views":8,"p1id":"suchasham","p2id":"caydawgmgovern","formatid":"gen9vgc2023regulatione","rating":1230,"private":0,"password":""}