{"id":"gen9vgc2023regulatione-1999381006","p1":"newusernovice","p2":"Neutralist","format":"[Gen 9] VGC 2023 Regulation E","log":"|j|\u2606newusernovice\n|j|\u2606Neutralist\n|t:|1701070561\n|gametype|doubles\n|player|p1|newusernovice|brawly|1325\n|player|p2|Neutralist|169|1361\n|teamsize|p1|6\n|teamsize|p2|6\n|gen|9\n|tier|[Gen 9] VGC 2023 Regulation E\n|rated|\n|rule|Species Clause: Limit one of each Pok\u00e9mon\n|rule|Item Clause: Limit one of each item\n|clearpoke\n|poke|p1|Rillaboom, L50, M|\n|poke|p1|Tornadus, L50, M|\n|poke|p1|Arcanine-Hisui, L50, M|\n|poke|p1|Urshifu-*, L50, M|\n|poke|p1|Gholdengo, L50|\n|poke|p1|Flutter Mane, L50|\n|poke|p2|Baxcalibur, L50, M|\n|poke|p2|Ninetales-Alola, L50, F|\n|poke|p2|Ogerpon-Wellspring, L50, F|\n|poke|p2|Rillaboom, L50, F|\n|poke|p2|Heatran, L50, F|\n|poke|p2|Moltres-Galar, L50|\n|teampreview|4\n|inactive|Battle timer is ON: inactive players will automatically lose when time's up. (requested by newusernovice)\nNeutralist has agreed to open team sheets.\n|inactive|newusernovice has 60 seconds left.\n|inactive|newusernovice has 30 seconds left.\n|\n|t:|1701070630\n|start\n|switch|p1a: Tornadus|Tornadus, L50, M, shiny|100\/100\n|switch|p1b: Gholdengo|Gholdengo, L50|100\/100\n|switch|p2a: L\u2019monki|Rillaboom, L50, F|100\/100\n|switch|p2b: Banger|Ogerpon-Wellspring, L50, F|100\/100\n|-fieldstart|move: Grassy Terrain|[from] ability: Grassy Surge|[of] p2a: L\u2019monki\n|turn|1\n|inactive|newusernovice has 30 seconds left.\n|\n|t:|1701070658\n|-terastallize|p1b: Gholdengo|Steel\n|move|p1a: Tornadus|Protect|p1a: Tornadus\n|-singleturn|p1a: Tornadus|Protect\n|move|p2a: L\u2019monki|Fake Out|p1a: Tornadus\n|-activate|p1a: Tornadus|move: Protect\n|move|p2b: Banger|Ivy Cudgel|p1a: Tornadus|[anim] Ivy Cudgel Water\n|-activate|p1a: Tornadus|move: Protect\n|move|p1b: Gholdengo|Make It Rain|p2a: L\u2019monki|[spread] p2a,p2b\n|-resisted|p2b: Banger\n|-damage|p2a: L\u2019monki|27\/100\n|-damage|p2b: Banger|42\/100\n|-unboost|p1b: Gholdengo|spa|1\n|\n|-heal|p2b: Banger|49\/100|[from] Grassy Terrain\n|-heal|p2a: L\u2019monki|33\/100|[from] Grassy Terrain\n|upkeep\n|turn|2\n|inactive|newusernovice has 30 seconds left.\n|inactive|Neutralist has 30 seconds left.\n|inactive|newusernovice has 20 seconds left.\n|inactive|Neutralist has 20 seconds left.\n|\n|t:|1701070696\n|move|p2b: Banger|Spiky Shield|p2b: Banger\n|-singleturn|p2b: Banger|move: Protect\n|move|p1a: Tornadus|Tailwind|p1a: Tornadus\n|-sidestart|p1: newusernovice|move: Tailwind\n|move|p2a: L\u2019monki|Grassy Glide|p1a: Tornadus\n|-resisted|p1a: Tornadus\n|-damage|p1a: Tornadus|81\/100\n|-damage|p2a: L\u2019monki|17\/100|[from] item: Rocky Helmet|[of] p1a: Tornadus\n|move|p1b: Gholdengo|Make It Rain|p2b: Banger|[spread] p2a\n|-activate|p2b: Banger|move: Protect\n|-damage|p2a: L\u2019monki|0 fnt\n|-unboost|p1b: Gholdengo|spa|1\n|faint|p2a: L\u2019monki\n|\n|-heal|p2b: Banger|55\/100|[from] Grassy Terrain\n|upkeep\n|\n|t:|1701070708\n|switch|p2a: HELLBLADE|Baxcalibur, L50, M|100\/100\n|turn|3\n|inactive|Neutralist has 30 seconds left.\n|\n|t:|1701070733\n|switch|p1b: Rillaboom|Rillaboom, L50, M, shiny|100\/100\n|switch|p1a: Urshifu|Urshifu-Rapid-Strike, L50, M|100\/100\n|-terastallize|p2a: HELLBLADE|Poison\n|move|p2b: Banger|Ivy Cudgel|p1a: Urshifu|[anim] Ivy Cudgel Water\n|-resisted|p1a: Urshifu\n|-damage|p1a: Urshifu|75\/100\n|move|p2a: HELLBLADE|Swords Dance|p2a: HELLBLADE\n|-boost|p2a: HELLBLADE|atk|2\n|\n|-heal|p1a: Urshifu|81\/100|[from] Grassy Terrain\n|-heal|p2b: Banger|61\/100|[from] Grassy Terrain\n|upkeep\n|turn|4\n|inactive|newusernovice has 30 seconds left.\n|inactive|newusernovice has 20 seconds left.\n|inactive|newusernovice has 15 seconds left.\n|inactive|newusernovice has 10 seconds left.\n|\n|t:|1701070778\n|move|p1b: Rillaboom|Fake Out|p2b: Banger\n|-damage|p2b: Banger|43\/100\n|cant|p2b: Banger|flinch\n|move|p1a: Urshifu|Surging Strikes|p2a: HELLBLADE\n|-crit|p2a: HELLBLADE\n|-damage|p2a: HELLBLADE|74\/100\n|-crit|p2a: HELLBLADE\n|-damage|p2a: HELLBLADE|47\/100\n|-crit|p2a: HELLBLADE\n|-damage|p2a: HELLBLADE|23\/100\n|-hitcount|p2a: HELLBLADE|3\n|-damage|p1a: Urshifu|71\/100|[from] item: Life Orb\n|move|p2a: HELLBLADE|Scale Shot|p1b: Rillaboom\n|-damage|p1b: Rillaboom|77\/100\n|-damage|p1b: Rillaboom|54\/100\n|-crit|p1b: Rillaboom\n|-damage|p1b: Rillaboom|15\/100\n|-enditem|p1b: Rillaboom|Aguav Berry|[eat]\n|-heal|p1b: Rillaboom|48\/100|[from] item: Aguav Berry\n|-damage|p1b: Rillaboom|20\/100\n|-hitcount|p1b: Rillaboom|4\n|-unboost|p2a: HELLBLADE|def|1\n|-boost|p2a: HELLBLADE|spe|1\n|\n|-heal|p1a: Urshifu|77\/100|[from] Grassy Terrain\n|-heal|p2a: HELLBLADE|29\/100|[from] Grassy Terrain\n|-heal|p1b: Rillaboom|26\/100|[from] Grassy Terrain\n|-heal|p2b: Banger|49\/100|[from] Grassy Terrain\n|upkeep\n|turn|5\n|inactive|newusernovice has 30 seconds left.\n|inactive|Neutralist has 30 seconds left.\n|inactive|newusernovice has 20 seconds left.\n|inactive|newusernovice has 15 seconds left.\n|\n|t:|1701070821\n|move|p2a: HELLBLADE|Protect|p2a: HELLBLADE\n|-singleturn|p2a: HELLBLADE|Protect\n|move|p2b: Banger|Grassy Glide|p1a: Urshifu\n|-supereffective|p1a: Urshifu\n|-damage|p1a: Urshifu|0 fnt\n|faint|p1a: Urshifu\n|move|p1b: Rillaboom|High Horsepower|p2a: HELLBLADE\n|-activate|p2a: HELLBLADE|move: Protect\n|\n|-heal|p2a: HELLBLADE|35\/100|[from] Grassy Terrain\n|-heal|p1b: Rillaboom|32\/100|[from] Grassy Terrain\n|-heal|p2b: Banger|55\/100|[from] Grassy Terrain\n|-sideend|p1: newusernovice|move: Tailwind\n|-fieldend|move: Grassy Terrain\n|upkeep\n|inactive|newusernovice has 30 seconds left.\n|inactive|newusernovice has 20 seconds left.\n|\n|t:|1701070857\n|switch|p1a: Tornadus|Tornadus, L50, M, shiny|81\/100\n|turn|6\n|inactive|newusernovice has 30 seconds left.\n|\n|t:|1701070886\n|move|p2b: Banger|Follow Me|p2b: Banger\n|-singleturn|p2b: Banger|move: Follow Me\n|move|p1a: Tornadus|Tailwind|p1a: Tornadus\n|-sidestart|p1: newusernovice|move: Tailwind\n|move|p2a: HELLBLADE|Scale Shot|p1b: Rillaboom\n|-crit|p1b: Rillaboom\n|-damage|p1b: Rillaboom|0 fnt\n|faint|p1b: Rillaboom\n|-hitcount|p1: Rillaboom|1\n|-unboost|p2a: HELLBLADE|def|1\n|-boost|p2a: HELLBLADE|spe|1\n|\n|upkeep\n|\n|t:|1701070898\n|switch|p1b: Gholdengo|Gholdengo, L50, tera:Steel|100\/100\n|turn|7\n|\n|t:|1701070912\n|switch|p2b: Soulseer|Ninetales-Alola, L50, F|100\/100\n|-weather|Snow|[from] ability: Snow Warning|[of] p2b: Soulseer\n|move|p2a: HELLBLADE|Protect|p2a: HELLBLADE\n|-singleturn|p2a: HELLBLADE|Protect\n|move|p1b: Gholdengo|Make It Rain|p2a: HELLBLADE|[spread] p2b\n|-activate|p2a: HELLBLADE|move: Protect\n|-supereffective|p2b: Soulseer\n|-damage|p2b: Soulseer|0 fnt\n|-unboost|p1b: Gholdengo|spa|1\n|faint|p2b: Soulseer\n|move|p1a: Tornadus|Bleakwind Storm|p2a: HELLBLADE\n|-activate|p2a: HELLBLADE|move: Protect\n|\n|-weather|Snow|[upkeep]\n|-heal|p2a: HELLBLADE|41\/100|[from] ability: Ice Body\n|upkeep\n|\n|t:|1701070914\n|switch|p2b: Banger|Ogerpon-Wellspring, L50, F|55\/100\n|turn|8\n|inactive|Neutralist has 30 seconds left.\n|\n|t:|1701070946\n|move|p2a: HELLBLADE|Icicle Spear|p1a: Tornadus\n|-supereffective|p1a: Tornadus\n|-damage|p1a: Tornadus|25\/100\n|-supereffective|p1a: Tornadus\n|-damage|p1a: Tornadus|0 fnt\n|faint|p1a: Tornadus\n|-hitcount|p1: Tornadus|2\n|move|p1b: Gholdengo|Make It Rain|p2a: HELLBLADE|[spread] p2a,p2b\n|-resisted|p2b: Banger\n|-damage|p2a: HELLBLADE|0 fnt\n|-damage|p2b: Banger|22\/100\n|-unboost|p1b: Gholdengo|spa|1\n|faint|p2a: HELLBLADE\n|move|p2b: Banger|Ivy Cudgel|p1b: Gholdengo|[anim] Ivy Cudgel Water\n|-damage|p1b: Gholdengo|37\/100\n|\n|-weather|Snow|[upkeep]\n|upkeep\n|turn|9\n|\n|t:|1701070954\n|move|p2b: Banger|Spiky Shield|p2b: Banger\n|-singleturn|p2b: Banger|move: Protect\n|move|p1b: Gholdengo|Make It Rain|p2b: Banger\n|-activate|p2b: Banger|move: Protect\n|\n|-weather|Snow|[upkeep]\n|-sideend|p1: newusernovice|move: Tailwind\n|upkeep\n|turn|10\n|\n|t:|1701070958\n|move|p2b: Banger|Ivy Cudgel|p1b: Gholdengo|[anim] Ivy Cudgel Water\n|-damage|p1b: Gholdengo|0 fnt\n|faint|p1b: Gholdengo\n|\n|win|Neutralist\n|raw|newusernovice's rating: 1325 &rarr; <strong>1307<\/strong><br \/>(-18 for losing)\n|raw|Neutralist's rating: 1361 &rarr; <strong>1379<\/strong><br \/>(+18 for winning)\n","uploadtime":1701070965,"views":17,"p1id":"newusernovice","p2id":"neutralist","formatid":"gen9vgc2023regulatione","rating":1307,"private":0,"password":""}