{"id":"gen9vgc2023regulatione-1995069997","p1":"Pauliii23","p2":"TobiYume","format":"[Gen 9] VGC 2023 Regulation E","log":"|j|\u2606Pauliii23\n|j|\u2606TobiYume\n|n|\u2606Pauliii23|pauliii23\n|n|\u2606TobiYume|tobiyume\n|html|View the match progress at <a href=\"\/game-bestof3-gen9vgc2023regulatione-1995066562\">game-bestof3-gen9vgc2023regulatione-1995066562<\/a>\n|t:|1700519270\n|gametype|doubles\n|player|p1|Pauliii23|101|\n|player|p2|TobiYume|n|\n|teamsize|p1|6\n|teamsize|p2|6\n|gen|9\n|tier|[Gen 9] VGC 2023 Regulation E\n|rule|Species Clause: Limit one of each Pok\u00e9mon\n|rule|Item Clause: Limit one of each item\n|clearpoke\n|poke|p1|Gholdengo, L50|\n|poke|p1|Chien-Pao, L50|\n|poke|p1|Landorus-Therian, L50, M|\n|poke|p1|Tornadus, L50, M|\n|poke|p1|Amoonguss, L50, M|\n|poke|p1|Urshifu-*, L50, M|\n|poke|p2|Arcanine-Hisui, L50, M|\n|poke|p2|Urshifu-*, L50, M|\n|poke|p2|Rillaboom, L50, M|\n|poke|p2|Moltres-Galar, L50|\n|poke|p2|Ninetales-Alola, L50, F|\n|poke|p2|Sinistcha, L50|\n|teampreview|4\nTobiYume has agreed to open team sheets.\n|\n|t:|1700519284\n|start\n|switch|p1a: Tornadus|Tornadus, L50, M|100\/100\n|switch|p1b: Urshifu|Urshifu-Rapid-Strike, L50, M|100\/100\n|switch|p2a: Rillaboom|Rillaboom, L50, M|100\/100\n|switch|p2b: Arcanine|Arcanine-Hisui, L50, M|100\/100\n|-ability|p2b: Arcanine|Intimidate|boost\n|-unboost|p1a: Tornadus|atk|1\n|-unboost|p1b: Urshifu|atk|1\n|-fieldstart|move: Grassy Terrain|[from] ability: Grassy Surge|[of] p2a: Rillaboom\n|turn|1\n|\n|t:|1700519306\n|switch|p1b: Gholdengo|Gholdengo, L50|100\/100\n|move|p2a: Rillaboom|Fake Out|p1b: Gholdengo\n|-immune|p1b: Gholdengo\n|move|p2b: Arcanine|Will-O-Wisp|p1b: Gholdengo\n|-immune|p1b: Gholdengo|[from] ability: Good as Gold\n|move|p1a: Tornadus|Bleakwind Storm|p2b: Arcanine|[spread] p2a\n|-miss|p1a: Tornadus|p2b: Arcanine\n|-supereffective|p2a: Rillaboom\n|-damage|p2a: Rillaboom|60\/100\n|\n|-heal|p2a: Rillaboom|66\/100|[from] Grassy Terrain\n|upkeep\n|turn|2\n|\n|t:|1700519329\n|-terastallize|p1b: Gholdengo|Water\n|move|p2a: Rillaboom|Grassy Glide|p1b: Gholdengo\n|-supereffective|p1b: Gholdengo\n|-damage|p1b: Gholdengo|31\/100\n|move|p2b: Arcanine|Flare Blitz|p1b: Gholdengo\n|-resisted|p1b: Gholdengo\n|-damage|p1b: Gholdengo|8\/100\n|-damage|p2b: Arcanine|94\/100|[from] Recoil\n|move|p1a: Tornadus|Bleakwind Storm|p2b: Arcanine|[spread] p2a,p2b\n|-supereffective|p2a: Rillaboom\n|-resisted|p2b: Arcanine\n|-damage|p2a: Rillaboom|19\/100\n|-damage|p2b: Arcanine|76\/100\n|move|p1b: Gholdengo|Make It Rain|p2b: Arcanine|[spread] p2a,p2b\n|-damage|p2a: Rillaboom|0 fnt\n|-damage|p2b: Arcanine|8\/100\n|-unboost|p1b: Gholdengo|spa|1\n|faint|p2a: Rillaboom\n|-damage|p1b: Gholdengo|0 fnt|[from] item: Life Orb\n|faint|p1b: Gholdengo\n|\n|-heal|p2b: Arcanine|14\/100|[from] Grassy Terrain\n|upkeep\n|\n|t:|1700519350\n|switch|p1b: Urshifu|Urshifu-Rapid-Strike, L50, M|100\/100\n|switch|p2a: Urshifu|Urshifu-Rapid-Strike, L50, M|100\/100\n|turn|3\n|\n|t:|1700519368\n|-terastallize|p2a: Urshifu|Water\n|move|p1b: Urshifu|Aqua Jet|p2b: Arcanine\n|-supereffective|p2b: Arcanine\n|-damage|p2b: Arcanine|0 fnt\n|faint|p2b: Arcanine\n|move|p2a: Urshifu|Surging Strikes|p1a: Tornadus\n|-crit|p1a: Tornadus\n|-damage|p1a: Tornadus|74\/100\n|-crit|p1a: Tornadus\n|-damage|p1a: Tornadus|46\/100\n|-enditem|p1a: Tornadus|Sitrus Berry|[eat]\n|-heal|p1a: Tornadus|70\/100|[from] item: Sitrus Berry\n|-crit|p1a: Tornadus\n|-damage|p1a: Tornadus|43\/100\n|-hitcount|p1a: Tornadus|3\n|move|p1a: Tornadus|Bleakwind Storm|p2a: Urshifu|[miss]\n|-miss|p1a: Tornadus|p2a: Urshifu\n|\n|upkeep\n|\n|t:|1700519380\n|switch|p2b: Sinistcha|Sinistcha, L50|100\/100\n|turn|4\n|\n|t:|1700519394\n|move|p2b: Sinistcha|Rage Powder|p2b: Sinistcha\n|-singleturn|p2b: Sinistcha|move: Rage Powder\n|move|p2a: Urshifu|Surging Strikes|p1a: Tornadus\n|-crit|p1a: Tornadus\n|-damage|p1a: Tornadus|18\/100\n|-crit|p1a: Tornadus\n|-damage|p1a: Tornadus|0 fnt\n|faint|p1a: Tornadus\n|-hitcount|p1: Tornadus|2\n|move|p1b: Urshifu|Close Combat|p2a: Urshifu\n|-damage|p2a: Urshifu|32\/100\n|-unboost|p1b: Urshifu|def|1\n|-unboost|p1b: Urshifu|spd|1\n|\n|-heal|p2a: Urshifu|38\/100|[from] Grassy Terrain\n|upkeep\n|\n|t:|1700519399\n|switch|p1a: Chien-Pao|Chien-Pao, L50|100\/100\n|-ability|p1a: Chien-Pao|Sword of Ruin\n|turn|5\n|\n|t:|1700519416\n|move|p2a: Urshifu|Surging Strikes|p1a: Chien-Pao\n|-crit|p1a: Chien-Pao\n|-damage|p1a: Chien-Pao|60\/100\n|-crit|p1a: Chien-Pao\n|-damage|p1a: Chien-Pao|18\/100\n|-crit|p1a: Chien-Pao\n|-damage|p1a: Chien-Pao|0 fnt\n|faint|p1a: Chien-Pao\n|-hitcount|p1: Chien-Pao|3\n|move|p1b: Urshifu|Close Combat|p2a: Urshifu\n|-damage|p2a: Urshifu|0 fnt\n|-unboost|p1b: Urshifu|def|1\n|-unboost|p1b: Urshifu|spd|1\n|faint|p2a: Urshifu\n|move|p2b: Sinistcha|Matcha Gotcha|p1b: Urshifu\n|-supereffective|p1b: Urshifu\n|-damage|p1b: Urshifu|0 fnt\n|faint|p1b: Urshifu\n|\n|win|TobiYume\n|l|\u2606Pauliii23\n","uploadtime":1700519448,"views":1,"p1id":"pauliii23","p2id":"tobiyume","formatid":"gen9vgc2023regulatione","rating":0,"private":0,"password":""}