{"id":"gen9vgc2023regulatione-1995126695","p1":"That_Leek","p2":"FIWBabble","format":"[Gen 9] VGC 2023 Regulation E","log":"|j|\u2606That_Leek\n|j|\u2606FIWBabble\n|t:|1700525511\n|gametype|doubles\n|player|p1|That_Leek|blue|1457\n|player|p2|FIWBabble|2|1561\n|teamsize|p1|6\n|teamsize|p2|6\n|gen|9\n|tier|[Gen 9] VGC 2023 Regulation E\n|rated|\n|rule|Species Clause: Limit one of each Pok\u00e9mon\n|rule|Item Clause: Limit one of each item\n|clearpoke\n|poke|p1|Gholdengo, L50|\n|poke|p1|Ogerpon-Wellspring, L50, F|\n|poke|p1|Arcanine-Hisui, L50, F|\n|poke|p1|Chien-Pao, L50|\n|poke|p1|Scream Tail, L50|\n|poke|p1|Dragonite, L50, F|\n|poke|p2|Iron Bundle, L50|\n|poke|p2|Ogerpon-Wellspring, L50, F|\n|poke|p2|Urshifu-*, L50, M|\n|poke|p2|Pelipper, L50, F|\n|poke|p2|Dondozo, L50, F|\n|poke|p2|Tatsugiri, L50, M|\n|teampreview|4\nThat_Leek has agreed to open team sheets.\n|\n|t:|1700525553\n|start\n|switch|p1a: Ogerpon|Ogerpon-Wellspring, L50, F|100\/100\n|switch|p1b: Scream Tail|Scream Tail, L50|100\/100\n|switch|p2a: Iron Bundle|Iron Bundle, L50|100\/100\n|switch|p2b: Urshifu|Urshifu-Rapid-Strike, L50, M|100\/100\n|-enditem|p2a: Iron Bundle|Booster Energy\n|-activate|p2a: Iron Bundle|ability: Quark Drive|[fromitem]\n|-start|p2a: Iron Bundle|quarkdrivespe\n|-enditem|p1b: Scream Tail|Booster Energy\n|-activate|p1b: Scream Tail|ability: Protosynthesis|[fromitem]\n|-start|p1b: Scream Tail|protosynthesisspe\n|turn|1\n|\n|t:|1700525579\n|move|p2a: Iron Bundle|Freeze-Dry|p1a: Ogerpon\n|-supereffective|p1a: Ogerpon\n|-damage|p1a: Ogerpon|0 fnt\n|faint|p1a: Ogerpon\n|move|p1b: Scream Tail|Thunder Wave|p2a: Iron Bundle\n|-status|p2a: Iron Bundle|par\n|move|p2b: Urshifu|U-turn|p1b: Scream Tail\n|-damage|p1b: Scream Tail|81\/100\n|\n|t:|1700525596\n|switch|p2b: Ogerpon|Ogerpon-Wellspring, L50, F|100\/100|[from] U-turn\n|\n|upkeep\n|\n|t:|1700525617\n|switch|p1a: Arcanine|Arcanine-Hisui, L50, F|100\/100\n|-ability|p1a: Arcanine|Intimidate|boost\n|-unboost|p2a: Iron Bundle|atk|1\n|-unboost|p2b: Ogerpon|atk|1\n|turn|2\n|\n|t:|1700525645\n|switch|p2b: Pelipper|Pelipper, L50, F|100\/100\n|-weather|RainDance|[from] ability: Drizzle|[of] p2b: Pelipper\n|-terastallize|p1a: Arcanine|Fairy\n|cant|p2a: Iron Bundle|par\n|move|p1b: Scream Tail|Thunder Wave|p2b: Pelipper\n|-status|p2b: Pelipper|par\n|move|p1a: Arcanine|Rock Slide|p2a: Iron Bundle|[spread] p2a\n|-miss|p1a: Arcanine|p2b: Pelipper\n|-supereffective|p2a: Iron Bundle\n|-damage|p2a: Iron Bundle|0 fnt\n|faint|p2a: Iron Bundle\n|-end|p2a: Iron Bundle|Quark Drive|[silent]\n|\n|-weather|RainDance|[upkeep]\n|upkeep\n|\n|t:|1700525664\n|switch|p2a: Urshifu|Urshifu-Rapid-Strike, L50, M|100\/100\n|turn|3\n|\n|t:|1700525684\n|move|p2b: Pelipper|Wide Guard|p2b: Pelipper\n|-singleturn|p2b: Pelipper|Wide Guard\n|move|p1b: Scream Tail|Thunder Wave|p2a: Urshifu\n|-status|p2a: Urshifu|par\n|move|p1a: Arcanine|Rock Slide|p2a: Urshifu|[spread] \n|-activate|p2a: Urshifu|move: Wide Guard\n|-activate|p2b: Pelipper|move: Wide Guard\n|move|p2a: Urshifu|Surging Strikes|p1a: Arcanine\n|-crit|p1a: Arcanine\n|-damage|p1a: Arcanine|59\/100\n|-crit|p1a: Arcanine\n|-damage|p1a: Arcanine|21\/100\n|-crit|p1a: Arcanine\n|-damage|p1a: Arcanine|0 fnt\n|faint|p1a: Arcanine\n|-hitcount|p1: Arcanine|3\n|\n|-weather|RainDance|[upkeep]\n|upkeep\n|\n|t:|1700525687\n|switch|p1a: Chien-Pao|Chien-Pao, L50|100\/100\n|-ability|p1a: Chien-Pao|Sword of Ruin\n|turn|4\n|\n|t:|1700525725\n|-terastallize|p2a: Urshifu|Water\n|move|p1b: Scream Tail|Disable|p2a: Urshifu\n|-start|p2a: Urshifu|Disable|Surging Strikes\n|move|p1a: Chien-Pao|Ice Spinner|p2b: Pelipper\n|-damage|p2b: Pelipper|32\/100 par\n|cant|p2a: Urshifu|Disable|Surging Strikes\n|cant|p2b: Pelipper|par\n|\n|-weather|RainDance|[upkeep]\n|upkeep\n|turn|5\n|\n|t:|1700525744\n|switch|p2a: Ogerpon|Ogerpon-Wellspring, L50, F|100\/100\n|move|p1b: Scream Tail|Howl|p1b: Scream Tail|[spread] p1a,p1b\n|-boost|p1a: Chien-Pao|atk|1\n|-boost|p1b: Scream Tail|atk|1\n|move|p1a: Chien-Pao|Ice Spinner|p2b: Pelipper\n|-damage|p2b: Pelipper|0 fnt\n|faint|p2b: Pelipper\n|\n|-weather|RainDance|[upkeep]\n|upkeep\n|\n|t:|1700525755\n|switch|p2b: Urshifu|Urshifu-Rapid-Strike, L50, M, tera:Water|100\/100 par\n|turn|6\n|\n|t:|1700525770\n|move|p2a: Ogerpon|Follow Me|p2a: Ogerpon\n|-singleturn|p2a: Ogerpon|move: Follow Me\n|move|p1b: Scream Tail|Howl|p1b: Scream Tail|[spread] p1a,p1b\n|-boost|p1a: Chien-Pao|atk|1\n|-boost|p1b: Scream Tail|atk|1\n|move|p1a: Chien-Pao|Sacred Sword|p2a: Ogerpon\n|-damage|p2a: Ogerpon|5\/100\n|move|p2b: Urshifu|Surging Strikes|p1a: Chien-Pao\n|-crit|p1a: Chien-Pao\n|-damage|p1a: Chien-Pao|33\/100\n|-crit|p1a: Chien-Pao\n|-damage|p1a: Chien-Pao|0 fnt\n|faint|p1a: Chien-Pao\n|-hitcount|p1: Chien-Pao|2\n|\n|-weather|none\n|upkeep\n|turn|7\n|c|\u2606That_Leek|NOO\n|\n|t:|1700525798\n|move|p2a: Ogerpon|Follow Me|p2a: Ogerpon\n|-singleturn|p2a: Ogerpon|move: Follow Me\n|move|p1b: Scream Tail|Play Rough|p2a: Ogerpon\n|-damage|p2a: Ogerpon|0 fnt\n|faint|p2a: Ogerpon\n|move|p2b: Urshifu|Surging Strikes|p1b: Scream Tail\n|-crit|p1b: Scream Tail\n|-damage|p1b: Scream Tail|62\/100\n|-crit|p1b: Scream Tail\n|-damage|p1b: Scream Tail|42\/100\n|-crit|p1b: Scream Tail\n|-damage|p1b: Scream Tail|20\/100\n|-hitcount|p1b: Scream Tail|3\n|\n|upkeep\n|turn|8\n|c|\u2606That_Leek|SCREAM TAILL\n|\n|t:|1700525815\n|move|p1b: Scream Tail|Disable|p2b: Urshifu\n|-start|p2b: Urshifu|Disable|Surging Strikes\n|cant|p2b: Urshifu|Disable|Surging Strikes\n|\n|upkeep\n|turn|9\n|\n|t:|1700525826\n|move|p1b: Scream Tail|Play Rough|p2b: Urshifu\n|-damage|p2b: Urshifu|57\/100 par\n|-activate|p2b: Urshifu|move: Struggle\n|move|p2b: Urshifu|Struggle|p1b: Scream Tail\n|-damage|p1b: Scream Tail|6\/100\n|-damage|p2b: Urshifu|32\/100 par|[from] recoil\n|\n|upkeep\n|turn|10\n|\n|t:|1700525835\n|move|p1b: Scream Tail|Play Rough|p2b: Urshifu\n|-damage|p2b: Urshifu|0 fnt\n|faint|p2b: Urshifu\n|\n|win|That_Leek\n|raw|That_Leek's rating: 1480 &rarr; <strong>1505<\/strong><br \/>(+25 for winning)\n|raw|FIWBabble's rating: 1561 &rarr; <strong>1536<\/strong><br \/>(-25 for losing)\n","uploadtime":1700525841,"views":2,"p1id":"thatleek","p2id":"fiwbabble","formatid":"gen9vgc2023regulatione","rating":1505,"private":0,"password":""}