{"id":"gen9vgc2023regulatione-1998768556","p1":"NoahDaGr81","p2":"weaktmog","format":"[Gen 9] VGC 2023 Regulation E","log":"|j|\u2606NoahDaGr81\n|j|\u2606weaktmog\n|t:|1700986835\n|gametype|doubles\n|player|p1|NoahDaGr81|pokemonbreeder|1122\n|player|p2|weaktmog|harlequin|1040\n|teamsize|p1|6\n|teamsize|p2|6\n|gen|9\n|tier|[Gen 9] VGC 2023 Regulation E\n|rated|\n|rule|Species Clause: Limit one of each Pok\u00e9mon\n|rule|Item Clause: Limit one of each item\n|clearpoke\n|poke|p1|Chi-Yu, L50|\n|poke|p1|Ninetales, L50, M|\n|poke|p1|Flutter Mane, L50|\n|poke|p1|Espeon, L50, F|\n|poke|p1|Roaring Moon, L50|\n|poke|p1|Mienshao, L50, M|\n|poke|p2|Rillaboom, L50, F|\n|poke|p2|Empoleon, L50, M|\n|poke|p2|Arcanine-Hisui, L50, F|\n|poke|p2|Ninetales-Alola, L50, M|\n|poke|p2|Baxcalibur, L50, F|\n|poke|p2|Tornadus, L50, M|\n|teampreview|4\n|inactive|Battle timer is ON: inactive players will automatically lose when time's up. (requested by NoahDaGr81)\n|inactive|weaktmog has 60 seconds left.\n|inactive|weaktmog has 30 seconds left.\n|inactive|weaktmog has 20 seconds left.\n|inactive|weaktmog has 15 seconds left.\n|inactive|weaktmog has 10 seconds left.\n|\n|t:|1700986938\n|start\n|switch|p1a: Asura|Mienshao, L50, M, shiny|100\/100\n|switch|p1b: Ancalagan|Roaring Moon, L50, shiny|100\/100\n|switch|p2a: Empoleon|Empoleon, L50, M|100\/100\n|switch|p2b: Tornadus|Tornadus, L50, M|100\/100\n|turn|1\n|inactive|weaktmog has 30 seconds left.\n|inactive|weaktmog has 20 seconds left.\n|inactive|weaktmog has 15 seconds left.\n|\n|t:|1700986978\n|switch|p2a: Ninetales|Ninetales-Alola, L50, M|100\/100\n|-weather|Snow|[from] ability: Snow Warning|[of] p2a: Ninetales\n|move|p1a: Asura|Fake Out|p2b: Tornadus\n|-damage|p2b: Tornadus|86\/100\n|-damage|p1a: Asura|84\/100|[from] item: Rocky Helmet|[of] p2b: Tornadus\n|cant|p2b: Tornadus|flinch\n|move|p1b: Ancalagan|Tailwind|p1b: Ancalagan\n|-sidestart|p1: NoahDaGr81|move: Tailwind\n|\n|-weather|Snow|[upkeep]\n|upkeep\n|turn|2\n|inactive|NoahDaGr81 has 30 seconds left.\n|inactive|weaktmog has 30 seconds left.\n|inactive|weaktmog has 20 seconds left.\n|inactive|weaktmog has 15 seconds left.\n|inactive|weaktmog has 10 seconds left.\n|inactive|weaktmog has 5 seconds left.\n|\n|t:|1700987031\n|-terastallize|p2a: Ninetales|Ghost\n|move|p2b: Tornadus|Tailwind|p2b: Tornadus\n|-sidestart|p2: weaktmog|move: Tailwind\n|move|p1b: Ancalagan|Knock Off|p2b: Tornadus\n|-damage|p2b: Tornadus|37\/100\n|-damage|p1b: Ancalagan|84\/100|[from] item: Rocky Helmet|[of] p2b: Tornadus\n|-enditem|p2b: Tornadus|Rocky Helmet|[from] move: Knock Off|[of] p1b: Ancalagan\n|move|p1a: Asura|High Jump Kick|p2a: Ninetales\n|-immune|p2a: Ninetales\n|-damage|p1a: Asura|35\/100|[from] highjumpkick\n|move|p2a: Ninetales|Blizzard|p1b: Ancalagan|[spread] p1a,p1b\n|-supereffective|p1b: Ancalagan\n|-damage|p1a: Asura|0 fnt\n|-damage|p1b: Ancalagan|29\/100\n|faint|p1a: Asura\n|\n|-weather|Snow|[upkeep]\n|upkeep\n|\n|t:|1700987051\n|switch|p1a: Tsakurai|Ninetales, L50, M, shiny|100\/100\n|-weather|SunnyDay|[from] ability: Drought|[of] p1a: Tsakurai\n|-activate|p1b: Ancalagan|ability: Protosynthesis\n|-start|p1b: Ancalagan|protosynthesisspe\n|turn|3\n|\n|t:|1700987071\n|switch|p2a: Empoleon|Empoleon, L50, M|100\/100\n|move|p2b: Tornadus|Rain Dance|p2b: Tornadus\n|-weather|RainDance\n|-end|p1b: Ancalagan|Protosynthesis\n|move|p1b: Ancalagan|Knock Off|p2a: Empoleon\n|-damage|p2a: Empoleon|48\/100\n|-enditem|p2a: Empoleon|Assault Vest|[from] move: Knock Off|[of] p1b: Ancalagan\n|move|p1a: Tsakurai|Burning Jealousy|p2a: Empoleon|[spread] p2a,p2b\n|-damage|p2a: Empoleon|39\/100\n|-damage|p2b: Tornadus|28\/100\n|\n|-weather|RainDance|[upkeep]\n|upkeep\n|turn|4\n|inactive|NoahDaGr81 has 30 seconds left.\n|inactive|weaktmog has 30 seconds left.\n|inactive|weaktmog has 20 seconds left.\n|inactive|weaktmog has 15 seconds left.\n|\n|t:|1700987112\n|-terastallize|p1a: Tsakurai|Grass\n|move|p1b: Ancalagan|Knock Off|p2b: Tornadus\n|-damage|p2b: Tornadus|0 fnt\n|faint|p2b: Tornadus\n|move|p1a: Tsakurai|Energy Ball|p2a: Empoleon\n|-damage|p2a: Empoleon|7\/100\n|move|p2a: Empoleon|Blizzard|p1a: Tsakurai|[spread] \n|-miss|p2a: Empoleon|p1a: Tsakurai\n|-miss|p2a: Empoleon|p1b: Ancalagan\n|\n|-weather|RainDance|[upkeep]\n|-sideend|p1: NoahDaGr81|move: Tailwind\n|upkeep\n|inactive|weaktmog has 30 seconds left.\n|\n|t:|1700987144\n|switch|p2b: Ninetales|Ninetales-Alola, L50, M, tera:Ghost|100\/100\n|-weather|Snow|[from] ability: Snow Warning|[of] p2b: Ninetales\n|turn|5\n|inactive|NoahDaGr81 has 30 seconds left.\n|\n|t:|1700987178\n|switch|p1a: Osborne|Flutter Mane, L50, shiny|100\/100\n|move|p1b: Ancalagan|Protect|p1b: Ancalagan\n|-singleturn|p1b: Ancalagan|Protect\n|move|p2b: Ninetales|Blizzard|p1b: Ancalagan|[spread] p1a\n|-activate|p1b: Ancalagan|move: Protect\n|-damage|p1a: Osborne|70\/100\n|move|p2a: Empoleon|Blizzard|p1b: Ancalagan|[spread] p1a\n|-activate|p1b: Ancalagan|move: Protect\n|-damage|p1a: Osborne|40\/100\n|\n|-weather|Snow|[upkeep]\n|-sideend|p2: weaktmog|move: Tailwind\n|upkeep\n|turn|6\n|inactive|NoahDaGr81 has 30 seconds left.\n|inactive|weaktmog has 30 seconds left.\n|inactive|weaktmog has 20 seconds left.\n|inactive|weaktmog has 15 seconds left.\n|inactive|weaktmog has 10 seconds left.\n|\n|t:|1700987223\n|switch|p2b: Baxcalibur|Baxcalibur, L50, F|100\/100\n|move|p1a: Osborne|Shadow Ball|p2b: Baxcalibur\n|-damage|p2b: Baxcalibur|37\/100\n|-damage|p1a: Osborne|30\/100|[from] item: Life Orb\n|move|p1b: Ancalagan|Tailwind|p1b: Ancalagan\n|-sidestart|p1: NoahDaGr81|move: Tailwind\n|move|p2a: Empoleon|Hydro Pump|p1a: Osborne|[miss]\n|-miss|p2a: Empoleon|p1a: Osborne\n|\n|-weather|Snow|[upkeep]\n|-heal|p2b: Baxcalibur|43\/100|[from] ability: Ice Body\n|upkeep\n|turn|7\n|inactive|weaktmog has 30 seconds left.\n|\n|t:|1700987251\n|move|p1b: Ancalagan|Protect|p1b: Ancalagan\n|-singleturn|p1b: Ancalagan|Protect\n|move|p2b: Baxcalibur|Ice Shard|p1b: Ancalagan\n|-activate|p1b: Ancalagan|move: Protect\n|move|p1a: Osborne|Dazzling Gleam|p2a: Empoleon|[spread] p2a,p2b\n|-resisted|p2a: Empoleon\n|-supereffective|p2b: Baxcalibur\n|-damage|p2a: Empoleon|0 fnt\n|-damage|p2b: Baxcalibur|0 fnt\n|faint|p2a: Empoleon\n|faint|p2b: Baxcalibur\n|-damage|p1a: Osborne|20\/100|[from] item: Life Orb\n|\n|-weather|Snow|[upkeep]\n|upkeep\n|\n|t:|1700987268\n|switch|p2a: Ninetales|Ninetales-Alola, L50, M, tera:Ghost|100\/100\n|turn|8\n|\n|t:|1700987274\n|-end|p1b: Ancalagan|Protosynthesis|[silent]\n|switch|p1b: Tsakurai|Ninetales, L50, M, shiny, tera:Grass|100\/100\n|-weather|SunnyDay|[from] ability: Drought|[of] p1b: Tsakurai\n|-activate|p1a: Osborne|ability: Protosynthesis\n|-start|p1a: Osborne|protosynthesisspe\n|move|p1a: Osborne|Shadow Ball|p2a: Ninetales\n|-supereffective|p2a: Ninetales\n|-damage|p2a: Ninetales|0 fnt\n|faint|p2a: Ninetales\n|-damage|p1a: Osborne|10\/100|[from] item: Life Orb\n|\n|win|NoahDaGr81\n|raw|NoahDaGr81's rating: 1122 &rarr; <strong>1141<\/strong><br \/>(+19 for winning)\n|raw|weaktmog's rating: 1040 &rarr; <strong>1028<\/strong><br \/>(-12 for losing)\n|l|\u2606weaktmog\n","uploadtime":1700987288,"views":26,"p1id":"noahdagr81","p2id":"weaktmog","formatid":"gen9vgc2023regulatione","rating":1028,"private":0,"password":""}