{"id":"gen9vgc2023regulatione-1996945651","p1":"Ytterby","p2":"rafac33","format":"[Gen 9] VGC 2023 Regulation E","log":"|j|\u2606Ytterby\n|j|\u2606rafac33\n|t:|1700748111\n|gametype|doubles\n|player|p1|Ytterby|brycenman|\n|player|p2|rafac33|265|\n|teamsize|p1|6\n|teamsize|p2|6\n|gen|9\n|tier|[Gen 9] VGC 2023 Regulation E\n|rule|Species Clause: Limit one of each Pok\u00e9mon\n|rule|Item Clause: Limit one of each item\n|clearpoke\n|poke|p1|Indeedee-F, L50, F|\n|poke|p1|Armarouge, L50, M|\n|poke|p1|Torkoal, L50, F|\n|poke|p1|Amoonguss, L50, M|\n|poke|p1|Gholdengo, L50|\n|poke|p1|Chi-Yu, L50|\n|poke|p2|Gholdengo, L50|\n|poke|p2|Urshifu-*, L50, F|\n|poke|p2|Tornadus, L50, M|\n|poke|p2|Amoonguss, L50, F|\n|poke|p2|Iron Hands, L50|\n|poke|p2|Arcanine-Hisui, L50, F|\n|teampreview|4\n|inactive|Battle timer is ON: inactive players will automatically lose when time's up. (requested by rafac33)\n|\n|t:|1700748129\n|start\n|switch|p1a: Indeedee|Indeedee-F, L50, F|100\/100\n|switch|p1b: Armarouge|Armarouge, L50, M|100\/100\n|switch|p2a: Urshifu|Urshifu-Rapid-Strike, L50, F|100\/100\n|switch|p2b: Amoonguss|Amoonguss, L50, F|100\/100\n|-fieldstart|move: Psychic Terrain|[from] ability: Psychic Surge|[of] p1a: Indeedee\n|-enditem|p1a: Indeedee|Psychic Seed\n|-boost|p1a: Indeedee|spd|1|[from] item: Psychic Seed\n|turn|1\n|inactive|Ytterby has 30 seconds left.\n|\n|t:|1700748160\n|switch|p1a: Amoonguss|Amoonguss, L50, M|100\/100\n|-terastallize|p2a: Urshifu|Water\n|-terastallize|p1b: Armarouge|Grass\n|move|p2a: Urshifu|Ice Spinner|p1b: Armarouge\n|-supereffective|p1b: Armarouge\n|-damage|p1b: Armarouge|46\/100\n|-fieldend|move: Psychic Terrain\n|move|p2b: Amoonguss|Spore|p1b: Armarouge\n|-immune|p1b: Armarouge\n|move|p1b: Armarouge|Trick Room|p1b: Armarouge\n|-fieldstart|move: Trick Room|[of] p1b: Armarouge\n|\n|upkeep\n|turn|2\n|\n|t:|1700748183\n|switch|p1a: Indeedee|Indeedee-F, L50, F|100\/100\n|-fieldstart|move: Psychic Terrain|[from] ability: Psychic Surge|[of] p1a: Indeedee\n|move|p2b: Amoonguss|Pollen Puff|p1b: Armarouge\n|-supereffective|p1b: Armarouge\n|-damage|p1b: Armarouge|8\/100\n|move|p1b: Armarouge|Expanding Force|p2b: Amoonguss|[spread] p2a,p2b\n|-supereffective|p2b: Amoonguss\n|-damage|p2a: Urshifu|2\/100\n|-damage|p2b: Amoonguss|0 fnt\n|faint|p2b: Amoonguss\n|-damage|p1b: Armarouge|0 fnt|[from] item: Life Orb\n|faint|p1b: Armarouge\n|move|p2a: Urshifu|Ice Spinner|p1a: Indeedee\n|-damage|p1a: Indeedee|72\/100\n|-fieldend|move: Psychic Terrain\n|\n|upkeep\n|inactive|Ytterby has 30 seconds left.\n|c|\u2606Ytterby|Yo you tank that??\n|c|\u2606Ytterby|That's wild\n|inactive|Ytterby has 20 seconds left.\n|inactive|Ytterby has 15 seconds left.\n|\n|t:|1700748223\n|switch|p2b: Tornadus|Tornadus, L50, M|100\/100\n|switch|p1b: Gholdengo|Gholdengo, L50|100\/100\n|turn|3\n|inactive|Ytterby has 30 seconds left.\n|\n|t:|1700748254\n|switch|p2a: Iron Hands|Iron Hands, L50|100\/100\n|move|p1a: Indeedee|Follow Me|p1a: Indeedee\n|-singleturn|p1a: Indeedee|move: Follow Me\n|move|p1b: Gholdengo|Nasty Plot|p1b: Gholdengo\n|-boost|p1b: Gholdengo|spa|2\n|move|p2b: Tornadus|Bleakwind Storm|p1b: Gholdengo|[spread] \n|-miss|p2b: Tornadus|p1a: Indeedee\n|-miss|p2b: Tornadus|p1b: Gholdengo\n|\n|upkeep\n|turn|4\n|inactive|Ytterby has 30 seconds left.\n|inactive|rafac33 has 30 seconds left.\n|inactive|Ytterby has 20 seconds left.\n|\n|t:|1700748293\n|switch|p1a: Amoonguss|Amoonguss, L50, M|100\/100\n|move|p2b: Tornadus|Protect|p2b: Tornadus\n|-singleturn|p2b: Tornadus|Protect\n|move|p2a: Iron Hands|Drain Punch|p1a: Amoonguss\n|-resisted|p1a: Amoonguss\n|-damage|p1a: Amoonguss|82\/100\n|move|p1b: Gholdengo|Shadow Ball|p2a: Iron Hands\n|-damage|p2a: Iron Hands|48\/100\n|\n|upkeep\n|turn|5\n|inactive|Ytterby has 30 seconds left.\n|\n|t:|1700748321\n|move|p1a: Amoonguss|Spore|p2a: Iron Hands\n|-status|p2a: Iron Hands|slp|[from] move: Spore\n|cant|p2a: Iron Hands|slp\n|move|p1b: Gholdengo|Make It Rain|p2b: Tornadus|[spread] p2a,p2b\n|-resisted|p2a: Iron Hands\n|-damage|p2a: Iron Hands|20\/100 slp\n|-damage|p2b: Tornadus|0 fnt\n|-unboost|p1b: Gholdengo|spa|1\n|faint|p2b: Tornadus\n|\n|-fieldend|move: Trick Room\n|upkeep\n|\n|t:|1700748332\n|switch|p2b: Urshifu|Urshifu-Rapid-Strike, L50, F, tera:Water|2\/100\n|turn|6\n|\n|t:|1700748343\n|move|p1a: Amoonguss|Rage Powder|p1a: Amoonguss\n|-singleturn|p1a: Amoonguss|move: Rage Powder\n|move|p2b: Urshifu|Surging Strikes|p1a: Amoonguss\n|-resisted|p1a: Amoonguss\n|-crit|p1a: Amoonguss\n|-damage|p1a: Amoonguss|70\/100\n|-resisted|p1a: Amoonguss\n|-crit|p1a: Amoonguss\n|-damage|p1a: Amoonguss|56\/100\n|-resisted|p1a: Amoonguss\n|-crit|p1a: Amoonguss\n|-damage|p1a: Amoonguss|43\/100\n|-enditem|p1a: Amoonguss|Sitrus Berry|[eat]\n|-heal|p1a: Amoonguss|68\/100|[from] item: Sitrus Berry\n|-hitcount|p1a: Amoonguss|3\n|move|p1b: Gholdengo|Make It Rain|p2b: Urshifu|[spread] p2a,p2b\n|-resisted|p2a: Iron Hands\n|-resisted|p2b: Urshifu\n|-crit|p2b: Urshifu\n|-damage|p2a: Iron Hands|0 fnt\n|-damage|p2b: Urshifu|0 fnt\n|-unboost|p1b: Gholdengo|spa|1\n|faint|p2a: Iron Hands\n|-end|p2a: Iron Hands|Quark Drive|[silent]\n|faint|p2b: Urshifu\n|\n|win|Ytterby\n|c|\u2606rafac33|Gg\n","uploadtime":1700748375,"views":6,"p1id":"ytterby","p2id":"rafac33","formatid":"gen9vgc2023regulatione","rating":0,"private":0,"password":""}