{"id":"gen9vgc2023regulatione-1999221093","p1":"celopro","p2":"Boloinabox","format":"[Gen 9] VGC 2023 Regulation E","log":"|j|\u2606celopro\n|j|\u2606Boloinabox\n|t:|1701047177\n|gametype|doubles\n|player|p1|celopro|1|1119\n|player|p2|Boloinabox|flint|1133\n|teamsize|p1|6\n|teamsize|p2|6\n|gen|9\n|tier|[Gen 9] VGC 2023 Regulation E\n|rated|\n|rule|Species Clause: Limit one of each Pok\u00e9mon\n|rule|Item Clause: Limit one of each item\n|clearpoke\n|poke|p1|Torkoal, L50, M|\n|poke|p1|Lilligant-Hisui, L50, F|\n|poke|p1|Indeedee-F, L50, F|\n|poke|p1|Armarouge, L50, M|\n|poke|p1|Dondozo, L50, M|\n|poke|p1|Tatsugiri, L50, M|\n|poke|p2|Slither Wing, L50|\n|poke|p2|Ninetales, L50, M|\n|poke|p2|Flutter Mane, L50|\n|poke|p2|Gastrodon, L50, M|\n|poke|p2|Iron Bundle, L50|\n|poke|p2|Goodra-Hisui, L50, M|\n|teampreview|4\n|inactive|Battle timer is ON: inactive players will automatically lose when time's up. (requested by Boloinabox)\n|\n|t:|1701047205\n|start\n|switch|p1a: Dondozo|Dondozo, L50, M|100\/100\n|switch|p1b: Armarouge|Armarouge, L50, M, shiny|100\/100\n|switch|p2a: Ninetales|Ninetales, L50, M|100\/100\n|switch|p2b: fuzzy hands|Slither Wing, L50|100\/100\n|-weather|SunnyDay|[from] ability: Drought|[of] p2a: Ninetales\n|-activate|p2b: fuzzy hands|ability: Protosynthesis\n|-start|p2b: fuzzy hands|protosynthesisatk\n|turn|1\n|inactive|celopro has 30 seconds left.\n|\n|t:|1701047234\n|switch|p1b: Indeedee|Indeedee-F, L50, F, shiny|100\/100\n|-fieldstart|move: Psychic Terrain|[from] ability: Psychic Surge|[of] p1b: Indeedee\n|-terastallize|p1a: Dondozo|Flying\n|move|p2a: Ninetales|Nasty Plot|p2a: Ninetales\n|-boost|p2a: Ninetales|spa|2\n|move|p2b: fuzzy hands|Leech Life|p1b: Indeedee\n|-supereffective|p1b: Indeedee\n|-damage|p1b: Indeedee|4\/100\n|move|p1a: Dondozo|Tera Blast|p2b: fuzzy hands|[anim] Tera Blast Flying\n|-supereffective|p2b: fuzzy hands\n|-damage|p2b: fuzzy hands|0 fnt\n|faint|p2b: fuzzy hands\n|-end|p2b: fuzzy hands|Protosynthesis|[silent]\n|\n|-weather|SunnyDay|[upkeep]\n|upkeep\n|inactive|Boloinabox has 30 seconds left.\n|\n|t:|1701047260\n|switch|p2b: Flutter Mane|Flutter Mane, L50|100\/100\n|-activate|p2b: Flutter Mane|ability: Protosynthesis\n|-start|p2b: Flutter Mane|protosynthesisspe\n|turn|2\n|\n|t:|1701047281\n|switch|p1b: Tatsugiri|Tatsugiri, L50, M, shiny|100\/100\n|-activate|p1b: Tatsugiri|ability: Commander|[of] p1a: Dondozo\n|-boost|p1a: Dondozo|atk|2\n|-boost|p1a: Dondozo|spa|2\n|-boost|p1a: Dondozo|spe|2\n|-boost|p1a: Dondozo|def|2\n|-boost|p1a: Dondozo|spd|2\n|move|p2b: Flutter Mane|Moonblast|p1b: Tatsugiri|[miss]\n|-miss|p2b: Flutter Mane|p1b: Tatsugiri\n|move|p1a: Dondozo|Earthquake|p2b: Flutter Mane|[spread] p2a,p2b\n|-miss|p1a: Dondozo|p1b: Tatsugiri\n|-supereffective|p2a: Ninetales\n|-damage|p2a: Ninetales|1\/100\n|-damage|p2b: Flutter Mane|10\/100\n|move|p2a: Ninetales|Overheat|p1a: Dondozo\n|-damage|p1a: Dondozo|18\/100\n|-unboost|p2a: Ninetales|spa|2\n|-enditem|p2a: Ninetales|Eject Pack\n|inactive|Boloinabox has 30 seconds left.\n|\n|t:|1701047308\n|switch|p2a: Iron Bundle|Iron Bundle, L50|100\/100\n|-enditem|p2a: Iron Bundle|Booster Energy\n|-activate|p2a: Iron Bundle|ability: Quark Drive|[fromitem]\n|-start|p2a: Iron Bundle|quarkdrivespe\n|\n|-weather|SunnyDay|[upkeep]\n|upkeep\n|turn|3\n|inactive|Boloinabox has 30 seconds left.\n|\n|t:|1701047337\n|move|p2a: Iron Bundle|Icy Wind|p1a: Dondozo|[spread] p1a\n|-miss|p2a: Iron Bundle|p1b: Tatsugiri\n|-supereffective|p1a: Dondozo\n|-damage|p1a: Dondozo|0 fnt\n|faint|p1a: Dondozo\n|move|p2b: Flutter Mane|Moonblast|p1b: Tatsugiri\n|-supereffective|p1b: Tatsugiri\n|-damage|p1b: Tatsugiri|0 fnt\n|faint|p1b: Tatsugiri\n|\n|-weather|SunnyDay|[upkeep]\n|upkeep\n|\n|t:|1701047347\n|switch|p1b: Indeedee|Indeedee-F, L50, F, shiny|4\/100\n|switch|p1a: Armarouge|Armarouge, L50, M, shiny|100\/100\n|turn|4\n|inactive|Boloinabox has 30 seconds left.\n|\n|t:|1701047373\n|move|p1b: Indeedee|Follow Me|p1b: Indeedee\n|-singleturn|p1b: Indeedee|move: Follow Me\n|move|p2a: Iron Bundle|Hydro Pump|p1b: Indeedee\n|-damage|p1b: Indeedee|0 fnt\n|faint|p1b: Indeedee\n|move|p2b: Flutter Mane|Moonblast|p1a: Armarouge\n|-resisted|p1a: Armarouge\n|-damage|p1a: Armarouge|57\/100\n|move|p1a: Armarouge|Trick Room|p1a: Armarouge\n|-fieldstart|move: Trick Room|[of] p1a: Armarouge\n|\n|-weather|SunnyDay|[upkeep]\n|upkeep\n|turn|5\n|\n|t:|1701047386\n|-terastallize|p2b: Flutter Mane|Fairy\n|move|p1a: Armarouge|Expanding Force|p2a: Iron Bundle|[spread] p2a,p2b\n|-damage|p2a: Iron Bundle|0 fnt\n|-damage|p2b: Flutter Mane|0 fnt\n|faint|p2a: Iron Bundle\n|-end|p2a: Iron Bundle|Quark Drive|[silent]\n|faint|p2b: Flutter Mane\n|-end|p2b: Flutter Mane|Protosynthesis|[silent]\n|-damage|p1a: Armarouge|47\/100|[from] item: Life Orb\n|\n|-weather|none\n|-fieldend|move: Psychic Terrain\n|upkeep\n|\n|t:|1701047394\n|switch|p2a: Ninetales|Ninetales, L50, M|1\/100\n|-weather|SunnyDay|[from] ability: Drought|[of] p2a: Ninetales\n|turn|6\n|-message|Boloinabox forfeited.\n|\n|win|celopro\n|raw|celopro's rating: 1119 &rarr; <strong>1145<\/strong><br \/>(+26 for winning)\n|raw|Boloinabox's rating: 1133 &rarr; <strong>1107<\/strong><br \/>(-26 for losing)\n|l|\u2606Boloinabox\n","uploadtime":1701047405,"views":2,"p1id":"celopro","p2id":"boloinabox","formatid":"gen9vgc2023regulatione","rating":1107,"private":0,"password":""}