{"id":"gen9vgc2023regulatione-1995979901","p1":"11cw11","p2":"keikaru","format":"[Gen 9] VGC 2023 Regulation E","log":"|j|\u203d11cw11\n|j|\u2606keikaru\n|t:|1700624744\n|gametype|doubles\n|player|p1|11cw11|preschooler|1141\n|player|p2|keikaru|265|1125\n|teamsize|p1|6\n|teamsize|p2|6\n|gen|9\n|tier|[Gen 9] VGC 2023 Regulation E\n|rated|\n|rule|Species Clause: Limit one of each Pok\u00e9mon\n|rule|Item Clause: Limit one of each item\n|clearpoke\n|poke|p1|Gholdengo, L50|\n|poke|p1|Iron Hands, L50|\n|poke|p1|Amoonguss, L50, F|\n|poke|p1|Iron Bundle, L50|\n|poke|p1|Pelipper, L50, F|\n|poke|p1|Salamence, L50, F|\n|poke|p2|Vaporeon, L50, M|\n|poke|p2|Arcanine, L50, M|\n|poke|p2|Rillaboom, L50, F|\n|poke|p2|Gliscor, L50, M|\n|poke|p2|Zapdos, L50|\n|poke|p2|Vivillon, L50, M|\n|teampreview|4\n|inactive|Battle timer is ON: inactive players will automatically lose when time's up. (requested by keikaru)\n|inactive|11cw11 has 60 seconds left.\n|\n|t:|1700624780\n|start\n|switch|p1a: Pelipper|Pelipper, L50, F|100\/100\n|switch|p1b: Salamence|Salamence, L50, F|100\/100\n|switch|p2a: Vaporeon|Vaporeon, L50, M|100\/100\n|switch|p2b: Gliscor|Gliscor, L50, M|100\/100\n|-ability|p1b: Salamence|Intimidate|boost\n|-unboost|p2a: Vaporeon|atk|1\n|-unboost|p2b: Gliscor|atk|1\n|-weather|RainDance|[from] ability: Drizzle|[of] p1a: Pelipper\n|turn|1\n|inactive|11cw11 has 30 seconds left.\n|\n|t:|1700624807\n|-terastallize|p2a: Vaporeon|Fire\n|move|p1b: Salamence|Hurricane|p2b: Gliscor\n|-damage|p2b: Gliscor|41\/100\n|-start|p2b: Gliscor|confusion\n|move|p1a: Pelipper|Weather Ball|p2b: Gliscor\n|-supereffective|p2b: Gliscor\n|-damage|p2b: Gliscor|0 fnt\n|faint|p2b: Gliscor\n|move|p2a: Vaporeon|Ice Beam|p1b: Salamence\n|-supereffective|p1b: Salamence\n|-damage|p1b: Salamence|0 fnt\n|faint|p1b: Salamence\n|\n|-weather|RainDance|[upkeep]\n|upkeep\n|\n|t:|1700624827\n|switch|p1b: Iron Hands|Iron Hands, L50|100\/100\n|switch|p2b: Rillaboom|Rillaboom, L50, F|100\/100\n|-fieldstart|move: Grassy Terrain|[from] ability: Grassy Surge|[of] p2b: Rillaboom\n|turn|2\n|\n|t:|1700624836\n|move|p2b: Rillaboom|Knock Off|p1a: Pelipper\n|-damage|p1a: Pelipper|59\/100\n|-enditem|p1a: Pelipper|Focus Sash|[from] move: Knock Off|[of] p2b: Rillaboom\n|move|p1a: Pelipper|Weather Ball|p2a: Vaporeon\n|-immune|p2a: Vaporeon|[from] ability: Water Absorb\n|move|p2a: Vaporeon|Muddy Water|p1a: Pelipper|[spread] p1a,p1b\n|-resisted|p1a: Pelipper\n|-damage|p1a: Pelipper|27\/100\n|-damage|p1b: Iron Hands|79\/100\n|-unboost|p1a: Pelipper|accuracy|1\n|-unboost|p1b: Iron Hands|accuracy|1\n|move|p1b: Iron Hands|Wild Charge|p2a: Vaporeon|[miss]\n|-miss|p1b: Iron Hands|p2a: Vaporeon\n|\n|-weather|RainDance|[upkeep]\n|-heal|p1b: Iron Hands|85\/100|[from] Grassy Terrain\n|upkeep\n|turn|3\n|\n|t:|1700624855\n|move|p1a: Pelipper|Protect|p1a: Pelipper\n|-singleturn|p1a: Pelipper|Protect\n|move|p2b: Rillaboom|Grassy Glide|p1a: Pelipper\n|-activate|p1a: Pelipper|move: Protect\n|move|p2a: Vaporeon|Muddy Water|p1b: Iron Hands|[spread] p1b\n|-activate|p1a: Pelipper|move: Protect\n|-damage|p1b: Iron Hands|60\/100\n|-unboost|p1b: Iron Hands|accuracy|1\n|move|p1b: Iron Hands|Drain Punch|p2a: Vaporeon\n|-damage|p2a: Vaporeon|51\/100\n|-heal|p1b: Iron Hands|85\/100|[from] drain|[of] p2a: Vaporeon\n|\n|-weather|RainDance|[upkeep]\n|-heal|p2a: Vaporeon|57\/100|[from] Grassy Terrain\n|-heal|p2a: Vaporeon|63\/100|[from] item: Leftovers\n|-heal|p1b: Iron Hands|91\/100|[from] Grassy Terrain\n|upkeep\n|turn|4\n|\n|t:|1700624876\n|move|p2b: Rillaboom|Grassy Glide|p1a: Pelipper\n|-damage|p1a: Pelipper|0 fnt\n|faint|p1a: Pelipper\n|move|p2a: Vaporeon|Muddy Water|p1b: Iron Hands\n|-damage|p1b: Iron Hands|61\/100\n|-unboost|p1b: Iron Hands|accuracy|1\n|move|p1b: Iron Hands|Drain Punch|p2a: Vaporeon|[miss]\n|-miss|p1b: Iron Hands|p2a: Vaporeon\n|\n|-weather|RainDance|[upkeep]\n|-heal|p2a: Vaporeon|69\/100|[from] Grassy Terrain\n|-heal|p2a: Vaporeon|75\/100|[from] item: Leftovers\n|-heal|p1b: Iron Hands|68\/100|[from] Grassy Terrain\n|upkeep\n|\n|t:|1700624884\n|switch|p1a: Iron Bundle|Iron Bundle, L50|100\/100\n|-enditem|p1a: Iron Bundle|Booster Energy\n|-activate|p1a: Iron Bundle|ability: Quark Drive|[fromitem]\n|-start|p1a: Iron Bundle|quarkdrivespe\n|turn|5\n|\n|t:|1700624891\n|move|p2b: Rillaboom|Grassy Glide|p1a: Iron Bundle\n|-supereffective|p1a: Iron Bundle\n|-damage|p1a: Iron Bundle|27\/100\n|move|p1a: Iron Bundle|Icy Wind|p2b: Rillaboom|[spread] p2a,p2b\n|-resisted|p2a: Vaporeon\n|-supereffective|p2b: Rillaboom\n|-damage|p2a: Vaporeon|70\/100\n|-damage|p2b: Rillaboom|70\/100\n|-unboost|p2a: Vaporeon|spe|1\n|-unboost|p2b: Rillaboom|spe|1\n|move|p1b: Iron Hands|Drain Punch|p2a: Vaporeon|[miss]\n|-miss|p1b: Iron Hands|p2a: Vaporeon\n|move|p2a: Vaporeon|Acid Armor|p2a: Vaporeon\n|-boost|p2a: Vaporeon|def|2\n|\n|-weather|none\n|-heal|p1a: Iron Bundle|33\/100|[from] Grassy Terrain\n|-heal|p2b: Rillaboom|76\/100|[from] Grassy Terrain\n|-heal|p1b: Iron Hands|74\/100|[from] Grassy Terrain\n|-heal|p2a: Vaporeon|76\/100|[from] Grassy Terrain\n|-heal|p2a: Vaporeon|82\/100|[from] item: Leftovers\n|upkeep\n|turn|6\n|\n|t:|1700624914\n|move|p2b: Rillaboom|Grassy Glide|p1a: Iron Bundle\n|-supereffective|p1a: Iron Bundle\n|-damage|p1a: Iron Bundle|0 fnt\n|faint|p1a: Iron Bundle\n|-end|p1a: Iron Bundle|Quark Drive|[silent]\n|move|p1b: Iron Hands|Drain Punch|p2a: Vaporeon|[miss]\n|-miss|p1b: Iron Hands|p2a: Vaporeon\n|move|p2a: Vaporeon|Muddy Water|p1b: Iron Hands\n|-damage|p1b: Iron Hands|55\/100\n|-unboost|p1b: Iron Hands|accuracy|1\n|\n|-heal|p2b: Rillaboom|82\/100|[from] Grassy Terrain\n|-heal|p1b: Iron Hands|61\/100|[from] Grassy Terrain\n|-heal|p2a: Vaporeon|87\/100|[from] Grassy Terrain\n|-heal|p2a: Vaporeon|93\/100|[from] item: Leftovers\n|-fieldend|move: Grassy Terrain\n|upkeep\n|turn|7\n|-message|11cw11 forfeited.\n|\n|win|keikaru\n|raw|11cw11's rating: 1141 &rarr; <strong>1115<\/strong><br \/>(-26 for losing)\n|raw|keikaru's rating: 1125 &rarr; <strong>1151<\/strong><br \/>(+26 for winning)\n|l|\u203d11cw11\n|c|\u2606keikaru|Sorry\n","uploadtime":1700624954,"views":1,"p1id":"11cw11","p2id":"keikaru","formatid":"gen9vgc2023regulatione","rating":1115,"private":0,"password":""}