{"id":"gen9vgc2023regulatione-1995743869","p1":"DarthGlacies","p2":"EdwinVGC","format":"[Gen 9] VGC 2023 Regulation E","log":"|j|\u2606DarthGlacies\n|j|\u2606EdwinVGC\n|n|\u2606DarthGlacies|darthglacies\n|n|\u2606EdwinVGC|edwinvgc\n|html|View the match progress at <a href=\"\/game-bestof3-gen9vgc2023regulatione-1995743868\">game-bestof3-gen9vgc2023regulatione-1995743868<\/a>\n|t:|1700599071\n|gametype|doubles\n|player|p1|DarthGlacies|red|\n|player|p2|EdwinVGC|1|\n|teamsize|p1|6\n|teamsize|p2|6\n|gen|9\n|tier|[Gen 9] VGC 2023 Regulation E\n|rule|Species Clause: Limit one of each Pok\u00e9mon\n|rule|Item Clause: Limit one of each item\n|clearpoke\n|poke|p1|Roaring Moon, L50|\n|poke|p1|Iron Hands, L50|\n|poke|p1|Iron Bundle, L50|\n|poke|p1|Gholdengo, L50|\n|poke|p1|Amoonguss, L50, M|\n|poke|p1|Landorus-Therian, L50, M|\n|poke|p2|Pelipper, L50, M|\n|poke|p2|Urshifu-*, L50, M|\n|poke|p2|Amoonguss, L50, M|\n|poke|p2|Iron Hands, L50|\n|poke|p2|Gholdengo, L50|\n|poke|p2|Farigiraf, L50, M|\n|teampreview|4\n|inactive|Battle timer is ON: inactive players will automatically lose when time's up. (requested by DarthGlacies)\nEdwinVGC has agreed to open team sheets.\nDarthGlacies has agreed to open team sheets.\n|showteam|p1|Roaring Moon||BoosterEnergy|Protosynthesis|BreakingSwipe,KnockOff,Protect,Tailwind||||||50|,,,,,Poison]Iron Hands||AssaultVest|QuarkDrive|WildCharge,FakeOut,DrainPunch,IcePunch||||||50|,,,,,Grass]Iron Bundle||FocusSash|QuarkDrive|FreezeDry,IcyWind,Protect,HydroPump||||||50|,,,,,Ghost]Gholdengo||Leftovers|GoodasGold|MakeItRain,Protect,NastyPlot,ShadowBall||||||50|,,,,,Dragon]Amoonguss||RockyHelmet|Regenerator|RagePowder,Protect,Spore,PollenPuff|||M|||50|,,,,,Water]Landorus-Therian||ChoiceScarf|Intimidate|StompingTantrum,TeraBlast,Uturn,RockSlide|||M|||50|,,,,,Flying\n|showteam|p2|Pelipper||FocusSash|Drizzle|Hurricane,Tailwind,WideGuard,WeatherBall|||M|||50|,,,,,Flying]Urshifu-Rapid-Strike||MysticWater|UnseenFist|SurgingStrikes,AquaJet,Detect,CloseCombat|||M|||50|,,,,,Poison]Amoonguss||RockyHelmet|Regenerator|Spore,RagePowder,PollenPuff,GigaDrain|||M|||50|,,,,,Fire]Iron Hands||AssaultVest|QuarkDrive|WildCharge,HeavySlam,FakeOut,DrainPunch||||||50|,,,,,Water]Gholdengo||LifeOrb|GoodasGold|MakeItRain,NastyPlot,ShadowBall,Protect||||||50|,,,,,Steel]Farigiraf||SitrusBerry|ArmorTail|Psychic,DazzlingGleam,NastyPlot,TrickRoom|||M|||50|,,,,,Fairy\n|inactive|DarthGlacies has 30 seconds left.\n|inactive|EdwinVGC has 30 seconds left.\n|inactive|DarthGlacies has 20 seconds left.\n|\n|t:|1700599110\n|start\n|switch|p1a: Landorus|Landorus-Therian, L50, M|100\/100\n|switch|p1b: Iron Hands|Iron Hands, L50|100\/100\n|switch|p2a: Iron Hands|Iron Hands, L50|100\/100\n|switch|p2b: Gholdengo|Gholdengo, L50|100\/100\n|-ability|p1a: Landorus|Intimidate|boost\n|-unboost|p2a: Iron Hands|atk|1\n|-unboost|p2b: Gholdengo|atk|1\n|turn|1\n|\n|t:|1700599129\n|move|p2a: Iron Hands|Fake Out|p1b: Iron Hands\n|-damage|p1b: Iron Hands|93\/100\n|move|p1a: Landorus|Stomping Tantrum|p2a: Iron Hands\n|-supereffective|p2a: Iron Hands\n|-damage|p2a: Iron Hands|37\/100\n|move|p2b: Gholdengo|Nasty Plot|p2b: Gholdengo\n|-boost|p2b: Gholdengo|spa|2\n|cant|p1b: Iron Hands|flinch\n|\n|upkeep\n|turn|2\n|\n|t:|1700599149\n|switch|p1a: Iron Bundle|Iron Bundle, L50|100\/100\n|move|p2b: Gholdengo|Make It Rain|p1b: Iron Hands|[spread] p1a,p1b\n|-resisted|p1b: Iron Hands\n|-enditem|p1a: Iron Bundle|Focus Sash\n|-damage|p1a: Iron Bundle|1\/100\n|-damage|p1b: Iron Hands|64\/100\n|-unboost|p2b: Gholdengo|spa|1\n|-damage|p2b: Gholdengo|91\/100|[from] item: Life Orb\n|move|p2a: Iron Hands|Drain Punch|p1a: Iron Bundle\n|-supereffective|p1a: Iron Bundle\n|-damage|p1a: Iron Bundle|0 fnt\n|-heal|p2a: Iron Hands|38\/100|[from] drain|[of] p1a: Iron Bundle\n|faint|p1a: Iron Bundle\n|-end|p1a: Iron Bundle|Quark Drive|[silent]\n|move|p1b: Iron Hands|Drain Punch|p2b: Gholdengo\n|-immune|p2b: Gholdengo\n|\n|upkeep\n|\n|t:|1700599167\n|switch|p1a: Landorus|Landorus-Therian, L50, M|100\/100\n|-ability|p1a: Landorus|Intimidate|boost\n|-unboost|p2a: Iron Hands|atk|1\n|-unboost|p2b: Gholdengo|atk|1\n|turn|3\n|\n|t:|1700599177\n|move|p1a: Landorus|Stomping Tantrum|p2b: Gholdengo\n|-supereffective|p2b: Gholdengo\n|-damage|p2b: Gholdengo|5\/100\n|move|p2b: Gholdengo|Make It Rain|p1b: Iron Hands|[spread] p1a,p1b\n|-resisted|p1b: Iron Hands\n|-damage|p1a: Landorus|0 fnt\n|-damage|p1b: Iron Hands|42\/100\n|-unboost|p2b: Gholdengo|spa|1\n|faint|p1a: Landorus\n|-damage|p2b: Gholdengo|0 fnt|[from] item: Life Orb\n|faint|p2b: Gholdengo\n|move|p2a: Iron Hands|Drain Punch|p1b: Iron Hands\n|-damage|p1b: Iron Hands|26\/100\n|-heal|p2a: Iron Hands|46\/100|[from] drain|[of] p1b: Iron Hands\n|move|p1b: Iron Hands|Drain Punch|p2a: Iron Hands\n|-damage|p2a: Iron Hands|16\/100\n|-heal|p1b: Iron Hands|40\/100|[from] drain|[of] p2a: Iron Hands\n|\n|upkeep\n|\n|t:|1700599197\n|switch|p1a: Amoonguss|Amoonguss, L50, M, shiny|100\/100\n|switch|p2b: Farigiraf|Farigiraf, L50, M|100\/100\n|turn|4\n|inactive|EdwinVGC has 30 seconds left.\n|\n|t:|1700599230\n|-terastallize|p1b: Iron Hands|Grass\n|move|p1a: Amoonguss|Rage Powder|p1a: Amoonguss\n|-singleturn|p1a: Amoonguss|move: Rage Powder\n|move|p2b: Farigiraf|Psychic|p1a: Amoonguss\n|-supereffective|p1a: Amoonguss\n|-damage|p1a: Amoonguss|40\/100\n|move|p2a: Iron Hands|Drain Punch|p1a: Amoonguss\n|-resisted|p1a: Amoonguss\n|-damage|p1a: Amoonguss|32\/100\n|-heal|p2a: Iron Hands|20\/100|[from] drain|[of] p1a: Amoonguss\n|-damage|p2a: Iron Hands|3\/100|[from] item: Rocky Helmet|[of] p1a: Amoonguss\n|move|p1b: Iron Hands|Drain Punch|p2b: Farigiraf\n|-damage|p2b: Farigiraf|61\/100\n|-heal|p1b: Iron Hands|58\/100|[from] drain|[of] p2b: Farigiraf\n|\n|upkeep\n|turn|5\n|\n|t:|1700599248\n|-terastallize|p2b: Farigiraf|Fairy\n|move|p1a: Amoonguss|Protect|p1a: Amoonguss\n|-singleturn|p1a: Amoonguss|Protect\n|move|p2b: Farigiraf|Dazzling Gleam|p1a: Amoonguss|[spread] p1b\n|-activate|p1a: Amoonguss|move: Protect\n|-damage|p1b: Iron Hands|46\/100\n|move|p2a: Iron Hands|Wild Charge|p1b: Iron Hands\n|-resisted|p1b: Iron Hands\n|-damage|p1b: Iron Hands|38\/100\n|-damage|p2a: Iron Hands|1\/100|[from] Recoil\n|move|p1b: Iron Hands|Drain Punch|p2b: Farigiraf\n|-resisted|p2b: Farigiraf\n|-damage|p2b: Farigiraf|42\/100\n|-heal|p1b: Iron Hands|46\/100|[from] drain|[of] p2b: Farigiraf\n|-enditem|p2b: Farigiraf|Sitrus Berry|[eat]\n|-heal|p2b: Farigiraf|67\/100|[from] item: Sitrus Berry\n|\n|upkeep\n|turn|6\n|inactive|EdwinVGC has 30 seconds left.\n|inactive|DarthGlacies has 30 seconds left.\n|\n|t:|1700599283\n|-end|p2a: Iron Hands|Quark Drive|[silent]\n|switch|p2a: Urshifu|Urshifu-Rapid-Strike, L50, M|100\/100\n|move|p1a: Amoonguss|Protect||[still]\n|-fail|p1a: Amoonguss\n|move|p2b: Farigiraf|Psychic|p1a: Amoonguss\n|-supereffective|p1a: Amoonguss\n|-damage|p1a: Amoonguss|0 fnt\n|faint|p1a: Amoonguss\n|move|p1b: Iron Hands|Wild Charge|p2b: Farigiraf\n|-damage|p2b: Farigiraf|22\/100\n|-damage|p1b: Iron Hands|37\/100|[from] Recoil\n|\n|upkeep\n|turn|7\n|\n|t:|1700599302\n|move|p2a: Urshifu|Close Combat|p1b: Iron Hands\n|-damage|p1b: Iron Hands|0 fnt\n|-unboost|p2a: Urshifu|def|1\n|-unboost|p2a: Urshifu|spd|1\n|faint|p1b: Iron Hands\n|-end|p1b: Iron Hands|Quark Drive|[silent]\n|\n|win|EdwinVGC\n|c|&|\/uhtml prompt-darthglacies,DarthGlacies is ready for game 2!\n|c|&|\/uhtml prompt-edwinvgc,EdwinVGC is ready for game 2!\nBoth players are ready! Starting next match!\n|l|\u2606DarthGlacies\n","uploadtime":1700599551,"views":8,"p1id":"darthglacies","p2id":"edwinvgc","formatid":"gen9vgc2023regulatione","rating":0,"private":0,"password":""}