{"id":"gen9vgc2023regulatione-1995786291","p1":"secretstudent","p2":"Fadop","format":"[Gen 9] VGC 2023 Regulation E","log":"|j|\u2606secretstudent\n|j|\u2606Fadop\n|t:|1700603035\n|gametype|doubles\n|player|p1|secretstudent|beauty|1110\n|player|p2|Fadop|clay|1158\n|teamsize|p1|6\n|teamsize|p2|6\n|gen|9\n|tier|[Gen 9] VGC 2023 Regulation E\n|rated|\n|rule|Species Clause: Limit one of each Pok\u00e9mon\n|rule|Item Clause: Limit one of each item\n|clearpoke\n|poke|p1|Chien-Pao, L50|\n|poke|p1|Amoonguss, L50, M|\n|poke|p1|Hatterene, L50, F|\n|poke|p1|Gyarados, L50, M|\n|poke|p1|Volcarona, L50, F|\n|poke|p1|Ogerpon, L50, F|\n|poke|p2|Urshifu-*, L50, M|\n|poke|p2|Ninetales-Alola, L50, F|\n|poke|p2|Baxcalibur, L50, M|\n|poke|p2|Rillaboom, L50, F|\n|poke|p2|Chien-Pao, L50|\n|poke|p2|Roaring Moon, L50|\n|teampreview|4\n|\n|t:|1700603064\n|start\n|switch|p1a: Gyarados|Gyarados, L50, M|100\/100\n|switch|p1b: Hatterene|Hatterene, L50, F|100\/100\n|switch|p2a: Urshifu|Urshifu, L50, M|100\/100\n|switch|p2b: Chien-Pao|Chien-Pao, L50|100\/100\n|-ability|p2b: Chien-Pao|Sword of Ruin\n|-ability|p1a: Gyarados|Intimidate|boost\n|-unboost|p2a: Urshifu|atk|1\n|-unboost|p2b: Chien-Pao|atk|1\n|turn|1\n|\n|t:|1700603091\n|-terastallize|p2a: Urshifu|Poison\n|-terastallize|p1b: Hatterene|Fairy\n|move|p2b: Chien-Pao|Icicle Crash|p1a: Gyarados\n|-damage|p1a: Gyarados|51\/100\n|move|p1a: Gyarados|Waterfall|p2b: Chien-Pao\n|-damage|p2b: Chien-Pao|46\/100\n|move|p2a: Urshifu|Wicked Blow|p1b: Hatterene\n|-resisted|p1b: Hatterene\n|-crit|p1b: Hatterene\n|-damage|p1b: Hatterene|41\/100\n|move|p1b: Hatterene|Dazzling Gleam|p2a: Urshifu|[spread] p2a,p2b\n|-resisted|p2a: Urshifu\n|-supereffective|p2b: Chien-Pao\n|-damage|p2a: Urshifu|65\/100\n|-damage|p2b: Chien-Pao|0 fnt\n|faint|p2b: Chien-Pao\n|\n|upkeep\n|\n|t:|1700603107\n|switch|p2b: Ninetales|Ninetales-Alola, L50, F, shiny|100\/100\n|-weather|Snow|[from] ability: Snow Warning|[of] p2b: Ninetales\n|turn|2\n|\n|t:|1700603121\n|move|p2b: Ninetales|Aurora Veil|p2b: Ninetales\n|-sidestart|p2: Fadop|move: Aurora Veil\n|move|p1a: Gyarados|Thunder Wave|p2a: Urshifu\n|-status|p2a: Urshifu|par\n|cant|p2a: Urshifu|par\n|move|p1b: Hatterene|Psychic|p2a: Urshifu\n|-supereffective|p2a: Urshifu\n|-damage|p2a: Urshifu|0 fnt\n|faint|p2a: Urshifu\n|\n|-weather|Snow|[upkeep]\n|upkeep\n|\n|t:|1700603130\n|switch|p2a: Baxcalibur|Baxcalibur, L50, M|100\/100\n|turn|3\n|\n|t:|1700603145\n|move|p2b: Ninetales|Blizzard|p1b: Hatterene|[spread] p1a,p1b\n|-damage|p1a: Gyarados|25\/100\n|-damage|p1b: Hatterene|17\/100\n|-enditem|p1a: Gyarados|Sitrus Berry|[eat]\n|-heal|p1a: Gyarados|50\/100|[from] item: Sitrus Berry\n|move|p1a: Gyarados|Thunder Wave|p2a: Baxcalibur\n|-status|p2a: Baxcalibur|par\n|move|p2a: Baxcalibur|Icicle Crash|p1a: Gyarados\n|-damage|p1a: Gyarados|0 fnt\n|faint|p1a: Gyarados\n|move|p1b: Hatterene|Dazzling Gleam|p2a: Baxcalibur|[spread] p2a,p2b\n|-supereffective|p2a: Baxcalibur\n|-damage|p2a: Baxcalibur|39\/100 par\n|-damage|p2b: Ninetales|69\/100\n|\n|-weather|Snow|[upkeep]\n|-heal|p2a: Baxcalibur|45\/100 par|[from] ability: Ice Body\n|-heal|p2a: Baxcalibur|51\/100 par|[from] item: Leftovers\n|upkeep\n|\n|t:|1700603157\n|switch|p1a: Chien-Pao|Chien-Pao, L50|100\/100\n|-ability|p1a: Chien-Pao|Sword of Ruin\n|turn|4\n|\n|t:|1700603180\n|cant|p2a: Baxcalibur|par\n|move|p1a: Chien-Pao|Sucker Punch||[still]\n|-fail|p1a: Chien-Pao\n|move|p2b: Ninetales|Blizzard|p1a: Chien-Pao|[spread] p1a,p1b\n|-resisted|p1a: Chien-Pao\n|-damage|p1a: Chien-Pao|81\/100\n|-damage|p1b: Hatterene|0 fnt\n|faint|p1b: Hatterene\n|\n|-weather|Snow|[upkeep]\n|-heal|p2a: Baxcalibur|57\/100 par|[from] ability: Ice Body\n|-heal|p2a: Baxcalibur|63\/100 par|[from] item: Leftovers\n|upkeep\n|\n|t:|1700603187\n|switch|p1b: Volcarona|Volcarona, L50, F|100\/100\n|turn|5\n|\n|t:|1700603212\n|move|p1a: Chien-Pao|Sacred Sword|p2a: Baxcalibur\n|-supereffective|p2a: Baxcalibur\n|-damage|p2a: Baxcalibur|30\/100 par\n|move|p2b: Ninetales|Blizzard|p1a: Chien-Pao|[spread] p1a,p1b\n|-resisted|p1a: Chien-Pao\n|-resisted|p1b: Volcarona\n|-damage|p1a: Chien-Pao|62\/100\n|-damage|p1b: Volcarona|91\/100\n|move|p1b: Volcarona|Heat Wave|p2b: Ninetales|[spread] p2a,p2b\n|-crit|p2a: Baxcalibur\n|-supereffective|p2b: Ninetales\n|-damage|p2a: Baxcalibur|0 fnt\n|-damage|p2b: Ninetales|22\/100\n|faint|p2a: Baxcalibur\n|\n|-weather|Snow|[upkeep]\n|-heal|p1b: Volcarona|97\/100|[from] item: Leftovers\n|upkeep\n|turn|6\n|-message|Fadop forfeited.\n|\n|win|secretstudent\n|raw|secretstudent's rating: 1110 &rarr; <strong>1138<\/strong><br \/>(+28 for winning)\n|raw|Fadop's rating: 1158 &rarr; <strong>1130<\/strong><br \/>(-28 for losing)\n|l|\u2606Fadop\n","uploadtime":1700603237,"views":0,"p1id":"secretstudent","p2id":"fadop","formatid":"gen9vgc2023regulatione","rating":1130,"private":0,"password":""}