{"id":"gen9vgc2023regulatione-1995995133","p1":"MissMirage1","p2":"leafyarrow","format":"[Gen 9] VGC 2023 Regulation E","log":"|j|\u2606MissMirage1\n|j|\u2606leafyarrow\n|t:|1700626783\n|gametype|doubles\n|player|p1|MissMirage1|aromalady|1193\n|player|p2|leafyarrow|selene|1242\n|teamsize|p1|6\n|teamsize|p2|6\n|gen|9\n|tier|[Gen 9] VGC 2023 Regulation E\n|rated|\n|rule|Species Clause: Limit one of each Pok\u00e9mon\n|rule|Item Clause: Limit one of each item\n|clearpoke\n|poke|p1|Roaring Moon, L50|\n|poke|p1|Landorus-Therian, L50, M|\n|poke|p1|Flutter Mane, L50|\n|poke|p1|Amoonguss, L50, M|\n|poke|p1|Iron Hands, L50|\n|poke|p1|Heatran, L50, M|\n|poke|p2|Enamorus-Therian, L50, F|\n|poke|p2|Ursaluna, L50, F|\n|poke|p2|Indeedee-F, L50, F|\n|poke|p2|Armarouge, L50, M|\n|poke|p2|Gallade, L50, M|\n|poke|p2|Decidueye, L50, M|\n|teampreview|4\nleafyarrow has agreed to open team sheets.\nMissMirage1 has agreed to open team sheets.\n|\n|t:|1700626884\n|start\n|switch|p1a: Heatran|Heatran, L50, M|100\/100\n|switch|p1b: Amoonguss|Amoonguss, L50, M|100\/100\n|switch|p2a: Indeedee|Indeedee-F, L50, F|100\/100\n|switch|p2b: Gallade|Gallade, L50, M|100\/100\n|-fieldstart|move: Psychic Terrain|[from] ability: Psychic Surge|[of] p2a: Indeedee\n|-enditem|p2a: Indeedee|Psychic Seed\n|-boost|p2a: Indeedee|spd|1|[from] item: Psychic Seed\n|turn|1\n|\n|t:|1700626922\n|-terastallize|p1b: Amoonguss|Water\n|move|p1a: Heatran|Heat Wave|p2b: Gallade|[spread] p2a,p2b\n|-damage|p2a: Indeedee|68\/100\n|-damage|p2b: Gallade|55\/100\n|-damage|p1a: Heatran|91\/100|[from] item: Life Orb\n|move|p2b: Gallade|Psycho Cut|p1b: Amoonguss\n|-damage|p1b: Amoonguss|41\/100\n|move|p1b: Amoonguss|Spore|p2b: Gallade\n|-status|p2b: Gallade|slp|[from] move: Spore\n|move|p2a: Indeedee|Trick Room|p2a: Indeedee\n|-fieldstart|move: Trick Room|[of] p2a: Indeedee\n|\n|upkeep\n|turn|2\n|\n|t:|1700626946\n|switch|p2a: Enamorus|Enamorus-Therian, L50, F|100\/100\n|move|p1b: Amoonguss|Spore|p2a: Enamorus\n|-immune|p2a: Enamorus|[from] ability: Overcoat\n|cant|p2b: Gallade|slp\n|move|p1a: Heatran|Flash Cannon|p2b: Gallade\n|-damage|p2b: Gallade|4\/100 slp\n|-damage|p1a: Heatran|82\/100|[from] item: Life Orb\n|\n|upkeep\n|turn|3\n|\n|t:|1700626964\n|move|p1b: Amoonguss|Protect|p1b: Amoonguss\n|-singleturn|p1b: Amoonguss|Protect\n|move|p2a: Enamorus|Earth Power|p1a: Heatran\n|-supereffective|p1a: Heatran\n|-damage|p1a: Heatran|0 fnt\n|faint|p1a: Heatran\n|-curestatus|p2b: Gallade|slp|[msg]\n|move|p2b: Gallade|Psycho Cut|p1b: Amoonguss\n|-activate|p1b: Amoonguss|move: Protect\n|\n|upkeep\n|\n|t:|1700626969\n|switch|p1a: Roaring Moon|Roaring Moon, L50|100\/100\n|-enditem|p1a: Roaring Moon|Booster Energy\n|-activate|p1a: Roaring Moon|ability: Protosynthesis|[fromitem]\n|-start|p1a: Roaring Moon|protosynthesisatk\n|turn|4\n|\n|t:|1700627030\n|switch|p2a: Armarouge|Armarouge, L50, M|100\/100\n|move|p1b: Amoonguss|Spore|p2b: Gallade\n|-status|p2b: Gallade|slp|[from] move: Spore\n|cant|p2b: Gallade|slp\n|move|p1a: Roaring Moon|Dragon Dance|p1a: Roaring Moon\n|-boost|p1a: Roaring Moon|atk|1\n|-boost|p1a: Roaring Moon|spe|1\n|\n|upkeep\n|turn|5\n|\n|t:|1700627067\n|switch|p1b: Landorus|Landorus-Therian, L50, M|100\/100\n|-ability|p1b: Landorus|Intimidate|boost\n|-unboost|p2a: Armarouge|atk|1\n|-fail|p2b: Gallade|unboost|[from] item: Clear Amulet|[of] p2b: Gallade\n|switch|p2b: Indeedee|Indeedee-F, L50, F|68\/100\n|move|p2a: Armarouge|Protect|p2a: Armarouge\n|-singleturn|p2a: Armarouge|Protect\n|move|p1a: Roaring Moon|Acrobatics|p2b: Indeedee\n|-damage|p2b: Indeedee|0 fnt\n|faint|p2b: Indeedee\n|\n|-fieldend|move: Trick Room\n|-fieldend|move: Psychic Terrain\n|upkeep\n|\n|t:|1700627083\n|switch|p2b: Enamorus|Enamorus-Therian, L50, F|100\/100\n|turn|6\n|\n|t:|1700627097\n|switch|p2a: Gallade|Gallade, L50, M|4\/100 slp\n|-terastallize|p2b: Enamorus|Fairy\n|move|p1a: Roaring Moon|Acrobatics|p2b: Enamorus\n|-damage|p2b: Enamorus|23\/100\n|move|p1b: Landorus|Rock Slide|p2b: Enamorus|[spread] p2a,p2b\n|-resisted|p2a: Gallade\n|-damage|p2a: Gallade|0 fnt\n|-damage|p2b: Enamorus|2\/100\n|faint|p2a: Gallade\n|move|p2b: Enamorus|Dazzling Gleam|p1a: Roaring Moon|[spread] p1a,p1b\n|-supereffective|p1a: Roaring Moon\n|-damage|p1a: Roaring Moon|0 fnt\n|-damage|p1b: Landorus|27\/100\n|faint|p1a: Roaring Moon\n|-end|p1a: Roaring Moon|Protosynthesis|[silent]\n|\n|upkeep\n|\n|t:|1700627111\n|switch|p1a: Amoonguss|Amoonguss, L50, M, tera:Water|74\/100\n|switch|p2a: Armarouge|Armarouge, L50, M|100\/100\n|turn|7\n|\n|t:|1700627119\n|move|p1b: Landorus|Rock Slide|p2b: Enamorus|[spread] p2b\n|-miss|p1b: Landorus|p2a: Armarouge\n|-damage|p2b: Enamorus|0 fnt\n|faint|p2b: Enamorus\n|move|p2a: Armarouge|Expanding Force|p1b: Landorus\n|-damage|p1b: Landorus|0 fnt\n|faint|p1b: Landorus\n|move|p1a: Amoonguss|Spore|p2a: Armarouge\n|-status|p2a: Armarouge|slp|[from] move: Spore\n|\n|upkeep\n|turn|8\n|\n|t:|1700627129\n|cant|p2a: Armarouge|slp\n|move|p1a: Amoonguss|Pollen Puff|p2a: Armarouge\n|-damage|p2a: Armarouge|80\/100 slp\n|\n|upkeep\n|turn|9\n|\n|t:|1700627133\n|cant|p2a: Armarouge|slp\n|move|p1a: Amoonguss|Pollen Puff|p2a: Armarouge\n|-damage|p2a: Armarouge|60\/100 slp\n|\n|upkeep\n|turn|10\n|\n|t:|1700627137\n|cant|p2a: Armarouge|slp\n|move|p1a: Amoonguss|Pollen Puff|p2a: Armarouge\n|-damage|p2a: Armarouge|39\/100 slp\n|\n|upkeep\n|turn|11\n|\n|t:|1700627143\n|-curestatus|p2a: Armarouge|slp|[msg]\n|move|p2a: Armarouge|Expanding Force|p1a: Amoonguss\n|-damage|p1a: Amoonguss|32\/100\n|move|p1a: Amoonguss|Spore|p2a: Armarouge\n|-status|p2a: Armarouge|slp|[from] move: Spore\n|\n|upkeep\n|turn|12\n|\n|t:|1700627149\n|cant|p2a: Armarouge|slp\n|move|p1a: Amoonguss|Pollen Puff|p2a: Armarouge\n|-damage|p2a: Armarouge|18\/100 slp\n|\n|upkeep\n|turn|13\n|\n|t:|1700627163\n|-curestatus|p2a: Armarouge|slp|[msg]\n|move|p2a: Armarouge|Protect|p2a: Armarouge\n|-singleturn|p2a: Armarouge|Protect\n|move|p1a: Amoonguss|Pollen Puff|p2a: Armarouge\n|-activate|p2a: Armarouge|move: Protect\n|\n|upkeep\n|turn|14\n|\n|t:|1700627171\n|move|p2a: Armarouge|Expanding Force|p1a: Amoonguss\n|-damage|p1a: Amoonguss|0 fnt\n|faint|p1a: Amoonguss\n|\n|win|leafyarrow\n|raw|MissMirage1's rating: 1193 &rarr; <strong>1172<\/strong><br \/>(-21 for losing)\n|raw|leafyarrow's rating: 1242 &rarr; <strong>1263<\/strong><br \/>(+21 for winning)\n|l|\u2606MissMirage1\n","uploadtime":1700627178,"views":12,"p1id":"missmirage1","p2id":"leafyarrow","formatid":"gen9vgc2023regulatione","rating":1172,"private":0,"password":""}