{"id":"gen9vgc2023regulatione-1999989834","p1":"draco faith","p2":"BrianHandsu","format":"[Gen 9] VGC 2023 Regulation E","log":"|j|\u2606draco faith\n|j|\u2606BrianHandsu\n|t:|1701138320\n|gametype|doubles\n|player|p1|draco faith|102|1139\n|player|p2|BrianHandsu|169|1116\n|teamsize|p1|6\n|teamsize|p2|6\n|gen|9\n|tier|[Gen 9] VGC 2023 Regulation E\n|rated|\n|rule|Species Clause: Limit one of each Pok\u00e9mon\n|rule|Item Clause: Limit one of each item\n|clearpoke\n|poke|p1|Dragonite, L50, F|\n|poke|p1|Rillaboom, L50, M|\n|poke|p1|Goodra-Hisui, L50, F|\n|poke|p1|Illumise, L50, F|\n|poke|p1|Toxtricity, L50, F|\n|poke|p1|Chandelure, L50, M|\n|poke|p2|Iron Hands, L50|\n|poke|p2|Amoonguss, L50, M|\n|poke|p2|Urshifu-*, L50, F|\n|poke|p2|Tornadus, L50, M|\n|poke|p2|Arcanine-Hisui, L50, F|\n|poke|p2|Chien-Pao, L50|\n|teampreview|4\n|inactive|Battle timer is ON: inactive players will automatically lose when time's up. (requested by draco faith)\n|\n|t:|1701138376\n|start\n|switch|p1a: Illumise|Illumise, L50, F, shiny|100\/100\n|switch|p1b: Toxtricity|Toxtricity, L50, F, shiny|100\/100\n|switch|p2a: Arcanine|Arcanine-Hisui, L50, F, shiny|100\/100\n|switch|p2b: Urshifu|Urshifu-Rapid-Strike, L50, F|100\/100\n|-ability|p2a: Arcanine|Intimidate|boost\n|-unboost|p1a: Illumise|atk|1\n|-unboost|p1b: Toxtricity|atk|1\n|turn|1\n|\n|t:|1701138395\n|switch|p2b: Chien-Pao|Chien-Pao, L50|100\/100\n|-ability|p2b: Chien-Pao|Sword of Ruin\n|move|p1a: Illumise|Tailwind|p1a: Illumise\n|-sidestart|p1: draco faith|move: Tailwind\n|move|p1b: Toxtricity|Volt Switch|p2b: Chien-Pao\n|-damage|p2b: Chien-Pao|17\/100\n|\n|t:|1701138404\n|switch|p1b: Rillaboom|Rillaboom, L50, M, shiny|100\/100|[from] Volt Switch\n|-fieldstart|move: Grassy Terrain|[from] ability: Grassy Surge|[of] p1b: Rillaboom\n|move|p2a: Arcanine|Rock Slide|p1b: Rillaboom|[spread] p1a,p1b\n|-supereffective|p1a: Illumise\n|-damage|p1a: Illumise|6\/100\n|-damage|p1b: Rillaboom|52\/100\n|\n|-heal|p1b: Rillaboom|58\/100|[from] Grassy Terrain\n|-heal|p1a: Illumise|12\/100|[from] Grassy Terrain\n|-heal|p2b: Chien-Pao|22\/100|[from] Grassy Terrain\n|upkeep\n|turn|2\n|\n|t:|1701138425\n|move|p2b: Chien-Pao|Protect|p2b: Chien-Pao\n|-singleturn|p2b: Chien-Pao|Protect\n|move|p1a: Illumise|Infestation|p2b: Chien-Pao\n|-activate|p2b: Chien-Pao|move: Protect\n|move|p1b: Rillaboom|Wood Hammer|p2a: Arcanine\n|-damage|p2a: Arcanine|0 fnt\n|faint|p2a: Arcanine\n|-damage|p1b: Rillaboom|28\/100|[from] Recoil\n|\n|-heal|p1b: Rillaboom|33\/100|[from] Grassy Terrain\n|-heal|p1a: Illumise|18\/100|[from] Grassy Terrain\n|-heal|p2b: Chien-Pao|28\/100|[from] Grassy Terrain\n|upkeep\n|\n|t:|1701138439\n|switch|p2a: Iron Hands|Iron Hands, L50|100\/100\n|turn|3\n|inactive|BrianHandsu has 30 seconds left.\n|inactive|BrianHandsu has 20 seconds left.\n|\n|t:|1701138479\n|switch|p1b: Dragonite|Dragonite, L50, F, shiny|100\/100\n|-terastallize|p2a: Iron Hands|Fire\n|move|p2b: Chien-Pao|Sucker Punch|p1a: Illumise\n|-crit|p1a: Illumise\n|-damage|p1a: Illumise|0 fnt\n|faint|p1a: Illumise\n|move|p2a: Iron Hands|Ice Punch|p1b: Dragonite\n|-supereffective|p1b: Dragonite\n|-damage|p1b: Dragonite|0 fnt\n|faint|p1b: Dragonite\n|\n|-heal|p2b: Chien-Pao|34\/100|[from] Grassy Terrain\n|upkeep\n|\n|t:|1701138493\n|switch|p1b: Rillaboom|Rillaboom, L50, M, shiny|33\/100\n|switch|p1a: Toxtricity|Toxtricity, L50, F, shiny|100\/100\n|turn|4\n|\n|t:|1701138510\n|move|p2b: Chien-Pao|Protect|p2b: Chien-Pao\n|-singleturn|p2b: Chien-Pao|Protect\n|move|p1b: Rillaboom|Fake Out|p2b: Chien-Pao\n|-activate|p2b: Chien-Pao|move: Protect\n|move|p1a: Toxtricity|Overdrive|p2b: Chien-Pao|[spread] p2a\n|-activate|p2b: Chien-Pao|move: Protect\n|-damage|p2a: Iron Hands|71\/100\n|move|p2a: Iron Hands|Ice Punch|p1b: Rillaboom\n|-supereffective|p1b: Rillaboom\n|-crit|p1b: Rillaboom\n|-damage|p1b: Rillaboom|0 fnt\n|faint|p1b: Rillaboom\n|\n|-heal|p2b: Chien-Pao|40\/100|[from] Grassy Terrain\n|-heal|p2a: Iron Hands|78\/100|[from] Grassy Terrain\n|-sideend|p1: draco faith|move: Tailwind\n|upkeep\n|turn|5\n|inactive|BrianHandsu has 30 seconds left.\n|\n|t:|1701138542\n|move|p2b: Chien-Pao|Ice Spinner|p1a: Toxtricity\n|-damage|p1a: Toxtricity|11\/100\n|-fieldend|move: Grassy Terrain\n|move|p1a: Toxtricity|Overdrive|p2a: Iron Hands|[spread] p2a,p2b\n|-damage|p2a: Iron Hands|48\/100\n|-damage|p2b: Chien-Pao|0 fnt\n|faint|p2b: Chien-Pao\n|move|p2a: Iron Hands|Drain Punch|p1a: Toxtricity\n|-resisted|p1a: Toxtricity\n|-damage|p1a: Toxtricity|0 fnt\n|-heal|p2a: Iron Hands|52\/100|[from] drain|[of] p1a: Toxtricity\n|faint|p1a: Toxtricity\n|\n|win|BrianHandsu\n|raw|draco faith's rating: 1139 &rarr; <strong>1112<\/strong><br \/>(-27 for losing)\n|raw|BrianHandsu's rating: 1116 &rarr; <strong>1143<\/strong><br \/>(+27 for winning)\n|l|\u2606draco faith\n","uploadtime":1701138564,"views":53,"p1id":"dracofaith","p2id":"brianhandsu","formatid":"gen9vgc2023regulatione","rating":1112,"private":0,"password":""}