{"id":"gen9vgc2023regulatione-1994222057","p1":"KnightofRevan","p2":"AngelilloVGC","format":"[Gen 9] VGC 2023 Regulation E","log":"|j|\u2606KnightofRevan\n|j|\u2606AngelilloVGC\n|t:|1700420513\n|gametype|doubles\n|player|p1|KnightofRevan|266|1149\n|player|p2|AngelilloVGC|101|1227\n|teamsize|p1|6\n|teamsize|p2|6\n|gen|9\n|tier|[Gen 9] VGC 2023 Regulation E\n|rated|\n|rule|Species Clause: Limit one of each Pok\u00e9mon\n|rule|Item Clause: Limit one of each item\n|clearpoke\n|poke|p1|Sneasler, L50, F|\n|poke|p1|Indeedee-F, L50, F|\n|poke|p1|Flutter Mane, L50|\n|poke|p1|Chien-Pao, L50|\n|poke|p1|Rillaboom, L50, F|\n|poke|p1|Chi-Yu, L50|\n|poke|p2|Indeedee-F, L50, F|\n|poke|p2|Armarouge, L50, M|\n|poke|p2|Inteleon, L50, M|\n|poke|p2|Flutter Mane, L50|\n|poke|p2|Zapdos-Galar, L50|\n|poke|p2|Garchomp, L50, M|\n|teampreview|4\n|inactive|Battle timer is ON: inactive players will automatically lose when time's up. (requested by AngelilloVGC)\n|\n|t:|1700420536\n|start\n|switch|p1a: Indeedee|Indeedee-F, L50, F|100\/100\n|switch|p1b: Sneasler|Sneasler, L50, F|100\/100\n|switch|p2a: Zapdos|Zapdos-Galar, L50|100\/100\n|switch|p2b: Inteleon|Inteleon, L50, M|100\/100\n|-fieldstart|move: Psychic Terrain|[from] ability: Psychic Surge|[of] p1a: Indeedee\n|-enditem|p1b: Sneasler|Psychic Seed\n|-boost|p1b: Sneasler|spd|1|[from] item: Psychic Seed\n|turn|1\n|\n|t:|1700420557\n|-terastallize|p2a: Zapdos|Ghost\n|move|p1b: Sneasler|Dire Claw|p2b: Inteleon\n|-damage|p2b: Inteleon|13\/100\n|move|p2b: Inteleon|Icy Wind|p1b: Sneasler|[spread] p1a\n|-miss|p2b: Inteleon|p1b: Sneasler\n|-damage|p1a: Indeedee|87\/100\n|-unboost|p1a: Indeedee|spe|1\n|move|p2a: Zapdos|Brave Bird|p1b: Sneasler\n|-supereffective|p1b: Sneasler\n|-damage|p1b: Sneasler|0 fnt\n|faint|p1b: Sneasler\n|-damage|p2a: Zapdos|70\/100|[from] Recoil\n|move|p1a: Indeedee|Psychic|p2a: Zapdos\n|-damage|p2a: Zapdos|27\/100\n|\n|upkeep\n|\n|t:|1700420573\n|switch|p1b: Flutter Mane|Flutter Mane, L50|100\/100\n|-enditem|p1b: Flutter Mane|Booster Energy\n|-activate|p1b: Flutter Mane|ability: Protosynthesis|[fromitem]\n|-start|p1b: Flutter Mane|protosynthesisspe\n|turn|2\n|\n|t:|1700420579\n|-terastallize|p1b: Flutter Mane|Fairy\n|move|p1a: Indeedee|Follow Me|p1a: Indeedee\n|-singleturn|p1a: Indeedee|move: Follow Me\n|move|p2b: Inteleon|Icy Wind|p1a: Indeedee|[spread] p1a,p1b\n|-damage|p1a: Indeedee|73\/100\n|-damage|p1b: Flutter Mane|87\/100\n|-unboost|p1a: Indeedee|spe|1\n|-unboost|p1b: Flutter Mane|spe|1\n|move|p1b: Flutter Mane|Dazzling Gleam|p2a: Zapdos|[spread] p2a,p2b\n|-damage|p2a: Zapdos|0 fnt\n|-damage|p2b: Inteleon|0 fnt\n|faint|p2a: Zapdos\n|faint|p2b: Inteleon\n|\n|upkeep\n|\n|t:|1700420591\n|switch|p2b: Armarouge|Armarouge, L50, M|100\/100\n|switch|p2a: Indeedee|Indeedee-F, L50, F|100\/100\n|turn|3\n|\n|t:|1700420615\n|move|p2b: Armarouge|Protect|p2b: Armarouge\n|-singleturn|p2b: Armarouge|Protect\n|move|p1b: Flutter Mane|Dazzling Gleam|p2b: Armarouge|[spread] p2a\n|-activate|p2b: Armarouge|move: Protect\n|-damage|p2a: Indeedee|77\/100\n|move|p1a: Indeedee|Dazzling Gleam|p2a: Indeedee|[spread] p2a\n|-activate|p2b: Armarouge|move: Protect\n|-damage|p2a: Indeedee|68\/100\n|move|p2a: Indeedee|Trick Room|p2a: Indeedee\n|-fieldstart|move: Trick Room|[of] p2a: Indeedee\n|\n|upkeep\n|turn|4\n|\n|t:|1700420628\n|move|p2a: Indeedee|Helping Hand|p2b: Armarouge\n|-singleturn|p2b: Armarouge|Helping Hand|[of] p2a: Indeedee\n|move|p1b: Flutter Mane|Protect|p1b: Flutter Mane\n|-singleturn|p1b: Flutter Mane|Protect\n|move|p1a: Indeedee|Psychic|p2b: Armarouge\n|-resisted|p2b: Armarouge\n|-damage|p2b: Armarouge|75\/100\n|move|p2b: Armarouge|Expanding Force|p1a: Indeedee|[spread] p1a\n|-activate|p1b: Flutter Mane|move: Protect\n|-resisted|p1a: Indeedee\n|-damage|p1a: Indeedee|28\/100\n|\n|upkeep\n|turn|5\n|\n|t:|1700420649\n|move|p1a: Indeedee|Helping Hand|p1b: Flutter Mane\n|-singleturn|p1b: Flutter Mane|Helping Hand|[of] p1a: Indeedee\n|move|p2a: Indeedee|Helping Hand|p2b: Armarouge\n|-singleturn|p2b: Armarouge|Helping Hand|[of] p2a: Indeedee\n|move|p2b: Armarouge|Expanding Force|p1b: Flutter Mane|[spread] p1a,p1b\n|-resisted|p1a: Indeedee\n|-damage|p1a: Indeedee|0 fnt\n|-damage|p1b: Flutter Mane|0 fnt\n|faint|p1a: Indeedee\n|faint|p1b: Flutter Mane\n|-end|p1b: Flutter Mane|Protosynthesis|[silent]\n|\n|-fieldend|move: Psychic Terrain\n|upkeep\n|\n|t:|1700420656\n|switch|p1b: Chi-Yu|Chi-Yu, L50|100\/100\n|-ability|p1b: Chi-Yu|Beads of Ruin\n|turn|6\n|\n|t:|1700420669\n|move|p2a: Indeedee|Follow Me|p2a: Indeedee\n|-singleturn|p2a: Indeedee|move: Follow Me\n|move|p2b: Armarouge|Aura Sphere|p1b: Chi-Yu\n|-supereffective|p1b: Chi-Yu\n|-damage|p1b: Chi-Yu|30\/100\n|move|p1b: Chi-Yu|Dark Pulse|p2a: Indeedee\n|-supereffective|p2a: Indeedee\n|-damage|p2a: Indeedee|0 fnt\n|faint|p2a: Indeedee\n|\n|upkeep\n|turn|7\n|c|\u2606KnightofRevan|gg\n|\n|t:|1700420687\n|move|p2b: Armarouge|Expanding Force|p1b: Chi-Yu\n|-immune|p1b: Chi-Yu\n|move|p1b: Chi-Yu|Dark Pulse|p2b: Armarouge\n|-supereffective|p2b: Armarouge\n|-damage|p2b: Armarouge|0 fnt\n|faint|p2b: Armarouge\n|\n|win|KnightofRevan\n|raw|KnightofRevan's rating: 1149 &rarr; <strong>1180<\/strong><br \/>(+31 for winning)\n|raw|AngelilloVGC's rating: 1227 &rarr; <strong>1196<\/strong><br \/>(-31 for losing)\n|l|\u2606AngelilloVGC\n|c|\u2606KnightofRevan|Why did you expanding force??\n","uploadtime":1700420749,"views":13,"p1id":"knightofrevan","p2id":"angelillovgc","formatid":"gen9vgc2023regulatione","rating":1180,"private":0,"password":""}