{"id":"gen9vgc2023regulatione-1998059382","p1":"Dezzking25","p2":"Bounce81402","format":"[Gen 9] VGC 2023 Regulation E","log":"|j|\u2606Dezzking25\n|j|\u2606Bounce81402\n|t:|1700885071\n|gametype|doubles\n|player|p1|Dezzking25|101|1028\n|player|p2|Bounce81402|170|1064\n|teamsize|p1|6\n|teamsize|p2|6\n|gen|9\n|tier|[Gen 9] VGC 2023 Regulation E\n|rated|\n|rule|Species Clause: Limit one of each Pok\u00e9mon\n|rule|Item Clause: Limit one of each item\n|clearpoke\n|poke|p1|Iron Hands, L50|\n|poke|p1|Landorus-Therian, L50, M|\n|poke|p1|Ogerpon-Hearthflame, L50, F|\n|poke|p1|Cresselia, L50, F|\n|poke|p1|Flutter Mane, L50|\n|poke|p1|Tornadus, L50, M|\n|poke|p2|Chien-Pao, L50|\n|poke|p2|Dragonite, L50, F|\n|poke|p2|Ogerpon-Wellspring, L50, F|\n|poke|p2|Jolteon, L50, F|\n|poke|p2|Heatran, L50, F|\n|poke|p2|Gyarados, L50, F|\n|teampreview|4\n|inactive|Battle timer is ON: inactive players will automatically lose when time's up. (requested by Bounce81402)\n|inactive|Bounce81402 has 60 seconds left.\n|\n|t:|1700885117\n|start\n|switch|p1a: Landorus|Landorus-Therian, L50, M, shiny|100\/100\n|switch|p1b: Tornadus|Tornadus, L50, M|100\/100\n|switch|p2a: Jolteon|Jolteon, L50, F|100\/100\n|switch|p2b: Dragonite|Dragonite, L50, F|100\/100\n|-ability|p1a: Landorus|Intimidate|boost\n|-unboost|p2a: Jolteon|atk|1\n|-fail|p2b: Dragonite|unboost|Attack|[from] ability: Inner Focus|[of] p2b: Dragonite\n|turn|1\n|inactive|Dezzking25 has 30 seconds left.\n|\n|t:|1700885144\n|move|p1b: Tornadus|Tailwind|p1b: Tornadus\n|-sidestart|p1: Dezzking25|move: Tailwind\n|move|p1a: Landorus|U-turn|p2b: Dragonite\n|-resisted|p2b: Dragonite\n|-damage|p2b: Dragonite|86\/100\n|\n|t:|1700885149\n|switch|p1a: Iron Hands|Iron Hands, L50, shiny|100\/100|[from] U-turn\n|move|p2a: Jolteon|Charm|p1a: Iron Hands\n|-unboost|p1a: Iron Hands|atk|2\n|move|p2b: Dragonite|Dragon Dance|p2b: Dragonite\n|-boost|p2b: Dragonite|atk|1\n|-boost|p2b: Dragonite|spe|1\n|\n|-status|p2a: Jolteon|brn|[from] item: Flame Orb\n|upkeep\n|turn|2\n|\n|t:|1700885171\n|move|p1a: Iron Hands|Fake Out|p2b: Dragonite\n|-damage|p2b: Dragonite|79\/100\n|move|p1b: Tornadus|Taunt|p2b: Dragonite\n|-start|p2b: Dragonite|move: Taunt\n|move|p2a: Jolteon|Eerie Impulse|p1b: Tornadus\n|-unboost|p1b: Tornadus|spa|2\n|move|p2b: Dragonite|Outrage|p1a: Iron Hands\n|-damage|p1a: Iron Hands|22\/100\n|-damage|p2b: Dragonite|70\/100|[from] item: Life Orb\n|\n|-damage|p2a: Jolteon|95\/100 brn|[from] brn\n|upkeep\n|turn|3\n|\n|t:|1700885187\n|-end|p1a: Iron Hands|Quark Drive|[silent]\n|switch|p1a: Flutter Mane|Flutter Mane, L50, shiny|100\/100\n|move|p1b: Tornadus|Taunt|p2a: Jolteon\n|-start|p2a: Jolteon|move: Taunt\n|move|p2a: Jolteon|Thunderbolt|p1b: Tornadus\n|-supereffective|p1b: Tornadus\n|-damage|p1b: Tornadus|33\/100\n|move|p2b: Dragonite|Outrage|p1a: Flutter Mane|[from]lockedmove\n|-immune|p1a: Flutter Mane\n|\n|-damage|p2a: Jolteon|89\/100 brn|[from] brn\n|upkeep\n|turn|4\n|inactive|Dezzking25 has 30 seconds left.\n|\n|t:|1700885215\n|switch|p2b: Gyarados|Gyarados, L50, F|100\/100\n|-ability|p2b: Gyarados|Intimidate|boost\n|-unboost|p1a: Flutter Mane|atk|1\n|-unboost|p1b: Tornadus|atk|1\n|-terastallize|p1a: Flutter Mane|Fairy\n|move|p1a: Flutter Mane|Moonblast|p2b: Gyarados\n|-damage|p2b: Gyarados|12\/100\n|move|p1b: Tornadus|U-turn|p2b: Gyarados\n|-resisted|p2b: Gyarados\n|-damage|p2b: Gyarados|7\/100\n|-damage|p1b: Tornadus|16\/100|[from] item: Rocky Helmet|[of] p2b: Gyarados\n|\n|t:|1700885239\n|switch|p1b: Landorus|Landorus-Therian, L50, M, shiny|100\/100|[from] U-turn\n|-ability|p1b: Landorus|Intimidate|boost\n|-unboost|p2a: Jolteon|atk|1\n|-unboost|p2b: Gyarados|atk|1\n|move|p2a: Jolteon|Thunderbolt|p1a: Flutter Mane\n|-damage|p1a: Flutter Mane|61\/100\n|-status|p1a: Flutter Mane|par\n|\n|-damage|p2a: Jolteon|83\/100 brn|[from] brn\n|-sideend|p1: Dezzking25|move: Tailwind\n|upkeep\n|turn|5\n|inactive|Bounce81402 has 30 seconds left.\n|\n|t:|1700885265\n|switch|p2a: Ogerpon|Ogerpon-Wellspring, L50, F|100\/100\n|move|p1b: Landorus|Rock Slide|p2b: Gyarados|[spread] p2a,p2b\n|-supereffective|p2b: Gyarados\n|-damage|p2a: Ogerpon|74\/100\n|-damage|p2b: Gyarados|0 fnt\n|faint|p2b: Gyarados\n|move|p1a: Flutter Mane|Moonblast|p2a: Ogerpon\n|-damage|p2a: Ogerpon|0 fnt\n|faint|p2a: Ogerpon\n|\n|upkeep\n|\n|t:|1700885271\n|switch|p2a: Dragonite|Dragonite, L50, F|70\/100\n|switch|p2b: Jolteon|Jolteon, L50, F|83\/100 brn\n|turn|6\n|\n|t:|1700885281\n|-end|p1a: Flutter Mane|Protosynthesis|[silent]\n|switch|p1a: Iron Hands|Iron Hands, L50, shiny|22\/100\n|move|p2a: Dragonite|Protect|p2a: Dragonite\n|-singleturn|p2a: Dragonite|Protect\n|move|p2b: Jolteon|Eerie Impulse|p1a: Iron Hands\n|-unboost|p1a: Iron Hands|spa|2\n|move|p1b: Landorus|Rock Slide|p2b: Jolteon|[spread] p2b\n|-activate|p2a: Dragonite|move: Protect\n|-damage|p2b: Jolteon|53\/100 brn\n|\n|-damage|p2b: Jolteon|47\/100 brn|[from] brn\n|upkeep\n|turn|7\n|\n|t:|1700885296\n|-terastallize|p2b: Jolteon|Ghost\n|move|p1a: Iron Hands|Fake Out|p2a: Dragonite\n|-damage|p2a: Dragonite|56\/100\n|move|p2b: Jolteon|Eerie Impulse|p1b: Landorus\n|-unboost|p1b: Landorus|spa|2\n|move|p1b: Landorus|Rock Slide|p2a: Dragonite|[spread] p2a,p2b\n|-supereffective|p2a: Dragonite\n|-damage|p2a: Dragonite|13\/100\n|-damage|p2b: Jolteon|13\/100 brn\n|move|p2a: Dragonite|Dragon Dance|p2a: Dragonite\n|-boost|p2a: Dragonite|atk|1\n|-boost|p2a: Dragonite|spe|1\n|\n|-damage|p2b: Jolteon|7\/100 brn|[from] brn\n|upkeep\n|turn|8\n|inactive|Bounce81402 has 30 seconds left.\n|\n|t:|1700885331\n|-end|p1a: Iron Hands|Quark Drive|[silent]\n|switch|p1a: Flutter Mane|Flutter Mane, L50, shiny, tera:Fairy|61\/100 par\n|move|p2a: Dragonite|Protect|p2a: Dragonite\n|-singleturn|p2a: Dragonite|Protect\n|move|p2b: Jolteon|Charm|p1b: Landorus\n|-unboost|p1b: Landorus|atk|2\n|move|p1b: Landorus|Rock Slide|p2b: Jolteon|[spread] p2b\n|-activate|p2a: Dragonite|move: Protect\n|-damage|p2b: Jolteon|0 fnt\n|faint|p2b: Jolteon\n|\n|upkeep\n|turn|9\n|\n|t:|1700885345\n|move|p2a: Dragonite|Extreme Speed|p1a: Flutter Mane\n|-damage|p1a: Flutter Mane|0 fnt\n|faint|p1a: Flutter Mane\n|-end|p1a: Flutter Mane|Protosynthesis|[silent]\n|-damage|p2a: Dragonite|3\/100|[from] item: Life Orb\n|move|p1b: Landorus|Rock Slide|p2a: Dragonite\n|-supereffective|p2a: Dragonite\n|-damage|p2a: Dragonite|0 fnt\n|faint|p2a: Dragonite\n|\n|win|Dezzking25\n|raw|Dezzking25's rating: 1028 &rarr; <strong>1067<\/strong><br \/>(+39 for winning)\n|raw|Bounce81402's rating: 1064 &rarr; <strong>1042<\/strong><br \/>(-22 for losing)\n|l|\u2606Bounce81402\n","uploadtime":1700885512,"views":7,"p1id":"dezzking25","p2id":"bounce81402","formatid":"gen9vgc2023regulatione","rating":1042,"private":0,"password":""}