{"id":"gen9vgc2023regulatione-1992090822","p1":"huffingkoffinggas","p2":"Joshawott302","format":"[Gen 9] VGC 2023 Regulation E","log":"|j|\u2606huffingkoffinggas\n|j|\u2606Joshawott302\n|t:|1700154303\n|gametype|doubles\n|player|p1|huffingkoffinggas|medium|1175\n|player|p2|Joshawott302|265|1179\n|teamsize|p1|6\n|teamsize|p2|6\n|gen|9\n|tier|[Gen 9] VGC 2023 Regulation E\n|rated|\n|rule|Species Clause: Limit one of each Pok\u00e9mon\n|rule|Item Clause: Limit one of each item\n|clearpoke\n|poke|p1|Hydreigon, L50, M|\n|poke|p1|Ursaluna, L50, F|\n|poke|p1|Grimmsnarl, L50, M|\n|poke|p1|Iron Valiant, L50|\n|poke|p1|Arcanine-Hisui, L50, M|\n|poke|p1|Milotic, L50, M|\n|poke|p2|Sinistcha, L50|\n|poke|p2|Ursaluna-Bloodmoon, L50, M|\n|poke|p2|Armarouge, L50, F|\n|poke|p2|Indeedee-F, L50, F|\n|poke|p2|Urshifu-*, L50, F|\n|poke|p2|Torkoal, L50, M|\n|teampreview|4\n|inactive|Battle timer is ON: inactive players will automatically lose when time's up. (requested by huffingkoffinggas)\n|inactive|huffingkoffinggas has 60 seconds left.\n|\n|t:|1700154345\n|start\n|switch|p1a: Hydreigon|Hydreigon, L50, M|100\/100\n|switch|p1b: Grimmsnarl|Grimmsnarl, L50, M|100\/100\n|switch|p2a: Urshifu|Urshifu, L50, F|100\/100\n|switch|p2b: Armarouge|Armarouge, L50, F|100\/100\n|turn|1\n|inactive|huffingkoffinggas has 30 seconds left.\n|\n|t:|1700154373\n|switch|p1a: iron hands at home|Ursaluna, L50, F|100\/100\n|move|p1b: Grimmsnarl|Light Screen|p1b: Grimmsnarl\n|-sidestart|p1: huffingkoffinggas|move: Light Screen\n|move|p2a: Urshifu|U-turn|p1a: iron hands at home\n|-damage|p1a: iron hands at home|79\/100\n|\n|t:|1700154382\n|switch|p2a: Ursaluna|Ursaluna-Bloodmoon, L50, M|100\/100|[from] U-turn\n|move|p2b: Armarouge|Trick Room|p2b: Armarouge\n|-fieldstart|move: Trick Room|[of] p2b: Armarouge\n|\n|-status|p1a: iron hands at home|brn|[from] item: Flame Orb\n|upkeep\n|turn|2\n|inactive|huffingkoffinggas has 30 seconds left.\n|inactive|huffingkoffinggas has 20 seconds left.\n|\n|t:|1700154421\n|move|p1a: iron hands at home|Protect|p1a: iron hands at home\n|-singleturn|p1a: iron hands at home|Protect\n|move|p2a: Ursaluna|Blood Moon|p1a: iron hands at home\n|-activate|p1a: iron hands at home|move: Protect\n|move|p1b: Grimmsnarl|Play Rough|p2b: Armarouge\n|-resisted|p2b: Armarouge\n|-damage|p2b: Armarouge|82\/100\n|move|p2b: Armarouge|Heat Wave|p1b: Grimmsnarl|[spread] p1b\n|-activate|p1a: iron hands at home|move: Protect\n|-damage|p1b: Grimmsnarl|65\/100\n|-damage|p2b: Armarouge|72\/100|[from] item: Life Orb\n|\n|-damage|p1a: iron hands at home|73\/100 brn|[from] brn\n|upkeep\n|turn|3\n|inactive|huffingkoffinggas has 30 seconds left.\n|\n|t:|1700154447\n|move|p1a: iron hands at home|Drain Punch|p2a: Ursaluna\n|-supereffective|p2a: Ursaluna\n|-damage|p2a: Ursaluna|32\/100\n|-heal|p1a: iron hands at home|100\/100 brn|[from] drain|[of] p2a: Ursaluna\n|move|p2a: Ursaluna|Earth Power|p1a: iron hands at home\n|-damage|p1a: iron hands at home|70\/100 brn\n|move|p1b: Grimmsnarl|Play Rough|p2a: Ursaluna\n|-crit|p2a: Ursaluna\n|-damage|p2a: Ursaluna|0 fnt\n|faint|p2a: Ursaluna\n|move|p2b: Armarouge|Heat Wave|p1a: iron hands at home|[spread] p1a,p1b\n|-damage|p1a: iron hands at home|38\/100 brn\n|-damage|p1b: Grimmsnarl|32\/100\n|-damage|p2b: Armarouge|62\/100|[from] item: Life Orb\n|\n|-damage|p1a: iron hands at home|32\/100 brn|[from] brn\n|upkeep\n|\n|t:|1700154464\n|switch|p2a: Sinistcha|Sinistcha, L50|100\/100\n|-heal|p2b: Armarouge|87\/100|[from] ability: Hospitality|[of] p2a: Sinistcha\n|turn|4\n|\n|t:|1700154477\n|move|p1a: iron hands at home|Facade|p2b: Armarouge\n|-damage|p2b: Armarouge|0 fnt\n|faint|p2b: Armarouge\n|move|p1b: Grimmsnarl|Play Rough|p2a: Sinistcha\n|-damage|p2a: Sinistcha|68\/100\n|-damage|p1b: Grimmsnarl|16\/100|[from] item: Rocky Helmet|[of] p2a: Sinistcha\n|move|p2a: Sinistcha|Matcha Gotcha|p1b: Grimmsnarl|[spread] p1a,p1b\n|-supereffective|p1a: iron hands at home\n|-damage|p1a: iron hands at home|5\/100 brn\n|-heal|p2a: Sinistcha|86\/100|[from] drain|[of] p1a: iron hands at home\n|-damage|p1b: Grimmsnarl|0 fnt\n|-heal|p2a: Sinistcha|93\/100|[from] drain|[of] p1b: Grimmsnarl\n|faint|p1b: Grimmsnarl\n|\n|-damage|p1a: iron hands at home|0 fnt|[from] brn\n|faint|p1a: iron hands at home\n|upkeep\n|\n|t:|1700154493\n|switch|p1a: lando at home|Arcanine-Hisui, L50, M|100\/100\n|switch|p1b: Hydreigon|Hydreigon, L50, M|100\/100\n|switch|p2b: Urshifu|Urshifu, L50, F|100\/100\n|-enditem|p2b: Urshifu|Room Service\n|-unboost|p2b: Urshifu|spe|1|[from] item: Room Service\n|-ability|p1a: lando at home|Intimidate|boost\n|-unboost|p2a: Sinistcha|atk|1\n|-unboost|p2b: Urshifu|atk|1\n|turn|5\n|inactive|huffingkoffinggas has 30 seconds left.\n|inactive|Joshawott302 has 30 seconds left.\n|inactive|Joshawott302 has 20 seconds left.\n|inactive|Joshawott302 has 15 seconds left.\n|\n|t:|1700154535\n|-terastallize|p1b: Hydreigon|Ghost\n|move|p2b: Urshifu|Close Combat|p1b: Hydreigon\n|-immune|p1b: Hydreigon\n|move|p2a: Sinistcha|Matcha Gotcha|p1a: lando at home|[spread] p1a\n|-miss|p2a: Sinistcha|p1b: Hydreigon\n|-damage|p1a: lando at home|79\/100\n|-heal|p2a: Sinistcha|100\/100|[from] drain|[of] p1a: lando at home\n|move|p1a: lando at home|Flare Blitz|p2a: Sinistcha\n|-supereffective|p2a: Sinistcha\n|-damage|p2a: Sinistcha|0 fnt\n|-damage|p1a: lando at home|63\/100|[from] item: Rocky Helmet|[of] p2a: Sinistcha\n|faint|p2a: Sinistcha\n|-damage|p1a: lando at home|28\/100|[from] Recoil\n|move|p1b: Hydreigon|Draco Meteor|p2b: Urshifu\n|-damage|p2b: Urshifu|0 fnt\n|-unboost|p1b: Hydreigon|spa|2\n|faint|p2b: Urshifu\n|-damage|p1b: Hydreigon|91\/100|[from] item: Life Orb\n|\n|win|huffingkoffinggas\n|raw|huffingkoffinggas's rating: 1175 &rarr; <strong>1200<\/strong><br \/>(+25 for winning)\n|raw|Joshawott302's rating: 1179 &rarr; <strong>1154<\/strong><br \/>(-25 for losing)\n|l|\u2606Joshawott302\n","uploadtime":1700154606,"views":32,"p1id":"huffingkoffinggas","p2id":"joshawott302","formatid":"gen9vgc2023regulatione","rating":1154,"private":0,"password":""}