{"id":"gen9vgc2023regulatione-1999409815","p1":"Yabarta","p2":"Yavarta","format":"[Gen 9] VGC 2023 Regulation E","log":"|j|\u2606Yabarta\n|j|\u2606Yavarta\n|t:|1701075746\n|gametype|doubles\n|player|p1|Yabarta|cynthia|\n|player|p2|Yavarta|cynthia-gen4|\n|teamsize|p1|4\n|teamsize|p2|4\n|gen|9\n|tier|[Gen 9] VGC 2023 Regulation E\n|rule|Species Clause: Limit one of each Pok\u00e9mon\n|rule|Item Clause: Limit one of each item\n|clearpoke\n|poke|p1|Urshifu-*, L50, F|\n|poke|p1|Amoonguss, L50, M|\n|poke|p1|Flutter Mane, L50|\n|poke|p1|Chien-Pao, L50|\n|poke|p2|Amoonguss, L50, M|\n|poke|p2|Cresselia, L50, F|\n|poke|p2|Hatterene, L50, F|\n|poke|p2|Arcanine-Hisui, L50, M|\n|teampreview|4\n|inactive|Battle timer is ON: inactive players will automatically lose when time's up. (requested by Yabarta)\n|inactiveoff|Battle timer is now OFF.\n|\n|t:|1701075760\n|start\n|switch|p1a: Flutter Mane|Flutter Mane, L50|100\/100\n|switch|p1b: Chien-Pao|Chien-Pao, L50|100\/100\n|switch|p2a: Cresselia|Cresselia, L50, F|100\/100\n|switch|p2b: Amoonguss|Amoonguss, L50, M|100\/100\n|-ability|p1b: Chien-Pao|Sword of Ruin\n|turn|1\n|\n|t:|1701075769\n|move|p1a: Flutter Mane|Protect|p1a: Flutter Mane\n|-singleturn|p1a: Flutter Mane|Protect\n|move|p1b: Chien-Pao|Sucker Punch||[still]\n|-fail|p1b: Chien-Pao\n|move|p2a: Cresselia|Calm Mind|p2a: Cresselia\n|-boost|p2a: Cresselia|spa|1\n|-boost|p2a: Cresselia|spd|1\n|move|p2b: Amoonguss|Pollen Puff|p1b: Chien-Pao\n|-supereffective|p1b: Chien-Pao\n|-damage|p1b: Chien-Pao|42\/100\n|\n|upkeep\n|turn|2\n|\n|t:|1701075775\n|move|p1a: Flutter Mane|Protect||[still]\n|-fail|p1a: Flutter Mane\n|move|p1b: Chien-Pao|Sucker Punch||[still]\n|-fail|p1b: Chien-Pao\n|move|p2a: Cresselia|Calm Mind|p2a: Cresselia\n|-boost|p2a: Cresselia|spa|1\n|-boost|p2a: Cresselia|spd|1\n|move|p2b: Amoonguss|Pollen Puff|p1b: Chien-Pao\n|-supereffective|p1b: Chien-Pao\n|-crit|p1b: Chien-Pao\n|-damage|p1b: Chien-Pao|0 fnt\n|faint|p1b: Chien-Pao\n|\n|upkeep\n|\n|t:|1701075779\n|switch|p1b: Urshifu|Urshifu-Rapid-Strike, L50, F|100\/100\n|turn|3\n|\n|t:|1701075791\n|move|p1a: Flutter Mane|Protect|p1a: Flutter Mane\n|-singleturn|p1a: Flutter Mane|Protect\n|move|p1b: Urshifu|Aqua Jet|p2a: Cresselia\n|-damage|p2a: Cresselia|79\/100\n|-damage|p1b: Urshifu|84\/100|[from] item: Rocky Helmet|[of] p2a: Cresselia\n|move|p2a: Cresselia|Calm Mind|p2a: Cresselia\n|-boost|p2a: Cresselia|spa|1\n|-boost|p2a: Cresselia|spd|1\n|move|p2b: Amoonguss|Pollen Puff|p1b: Urshifu\n|-resisted|p1b: Urshifu\n|-damage|p1b: Urshifu|70\/100\n|\n|upkeep\n|turn|4\n|\n|t:|1701075802\n|move|p1a: Flutter Mane|Protect|p1a: Flutter Mane\n|-singleturn|p1a: Flutter Mane|Protect\n|move|p1b: Urshifu|Aqua Jet|p2a: Cresselia\n|-damage|p2a: Cresselia|55\/100\n|-damage|p1b: Urshifu|54\/100|[from] item: Rocky Helmet|[of] p2a: Cresselia\n|move|p2a: Cresselia|Calm Mind|p2a: Cresselia\n|-boost|p2a: Cresselia|spa|1\n|-boost|p2a: Cresselia|spd|1\n|move|p2b: Amoonguss|Pollen Puff|p1b: Urshifu\n|-resisted|p1b: Urshifu\n|-damage|p1b: Urshifu|40\/100\n|\n|upkeep\n|turn|5\n|\n|t:|1701075835\n|move|p1a: Flutter Mane|Protect||[still]\n|-fail|p1a: Flutter Mane\n|move|p1b: Urshifu|Aqua Jet|p2a: Cresselia\n|-damage|p2a: Cresselia|32\/100\n|-damage|p1b: Urshifu|23\/100|[from] item: Rocky Helmet|[of] p2a: Cresselia\n|move|p2a: Cresselia|Lunar Blessing|p2a: Cresselia|[spread] p2a,p2b\n|-heal|p2a: Cresselia|57\/100\n|move|p2b: Amoonguss|Pollen Puff|p1b: Urshifu\n|-resisted|p1b: Urshifu\n|-damage|p1b: Urshifu|10\/100\n|\n|upkeep\n|turn|6\n|\n|t:|1701075860\n|switch|p1b: Amoonguss|Amoonguss, L50, M|100\/100\n|move|p1a: Flutter Mane|Moonblast|p2b: Amoonguss\n|-resisted|p2b: Amoonguss\n|-damage|p2b: Amoonguss|76\/100\n|move|p2a: Cresselia|Lunar Blessing|p2a: Cresselia|[spread] p2a,p2b\n|-heal|p2a: Cresselia|82\/100\n|-heal|p2b: Amoonguss|100\/100\n|move|p2b: Amoonguss|Pollen Puff|p2a: Cresselia\n|-heal|p2a: Cresselia|100\/100\n|\n|upkeep\n|turn|7\n|\n|t:|1701075881\n|move|p1b: Amoonguss|Protect|p1b: Amoonguss\n|-singleturn|p1b: Amoonguss|Protect\n|move|p1a: Flutter Mane|Memento|p2b: Amoonguss\n|-unboost|p2b: Amoonguss|atk|2\n|-unboost|p2b: Amoonguss|spa|2\n|faint|p1a: Flutter Mane\n|-end|p1a: Flutter Mane|Protosynthesis|[silent]\n|move|p2a: Cresselia|Moonblast|p2b: Amoonguss\n|-resisted|p2b: Amoonguss\n|-damage|p2b: Amoonguss|68\/100\n|move|p2b: Amoonguss|Pollen Puff|p2a: Cresselia\n|-immune|p2a: Cresselia\n|\n|upkeep\n|\n|t:|1701075893\n|switch|p1a: Urshifu|Urshifu-Rapid-Strike, L50, F|10\/100\n|turn|8\n|\n|t:|1701075929\n|-terastallize|p1a: Urshifu|Water\n|-terastallize|p2b: Amoonguss|Water\n|move|p2b: Amoonguss|Rage Powder|p2b: Amoonguss\n|-singleturn|p2b: Amoonguss|move: Rage Powder\n|move|p1a: Urshifu|Surging Strikes|p2b: Amoonguss\n|-resisted|p2b: Amoonguss\n|-crit|p2b: Amoonguss\n|-damage|p2b: Amoonguss|51\/100\n|-resisted|p2b: Amoonguss\n|-crit|p2b: Amoonguss\n|-damage|p2b: Amoonguss|33\/100\n|-resisted|p2b: Amoonguss\n|-crit|p2b: Amoonguss\n|-damage|p2b: Amoonguss|16\/100\n|-hitcount|p2b: Amoonguss|3\n|move|p2a: Cresselia|Lunar Blessing|p2a: Cresselia|[spread] p2a,p2b\n|-heal|p2b: Amoonguss|41\/100\n|move|p1b: Amoonguss|Pollen Puff|p1a: Urshifu\n|-heal|p1a: Urshifu|60\/100\n|\n|upkeep\n|turn|9\n|\n|t:|1701075962\n|move|p1b: Amoonguss|Rage Powder|p1b: Amoonguss\n|-singleturn|p1b: Amoonguss|move: Rage Powder\n|move|p1a: Urshifu|Surging Strikes|p2b: Amoonguss\n|-resisted|p2b: Amoonguss\n|-crit|p2b: Amoonguss\n|-damage|p2b: Amoonguss|25\/100\n|-resisted|p2b: Amoonguss\n|-crit|p2b: Amoonguss\n|-damage|p2b: Amoonguss|9\/100\n|-resisted|p2b: Amoonguss\n|-crit|p2b: Amoonguss\n|-damage|p2b: Amoonguss|0 fnt\n|faint|p2b: Amoonguss\n|-hitcount|p2: Amoonguss|3\n|move|p2a: Cresselia|Moonblast|p1b: Amoonguss\n|-resisted|p1b: Amoonguss\n|-damage|p1b: Amoonguss|68\/100\n|\n|upkeep\n|\n|t:|1701075967\n|switch|p2b: Arcanine|Arcanine-Hisui, L50, M|100\/100\n|turn|10\n|\n|t:|1701075981\n|move|p1b: Amoonguss|Rage Powder|p1b: Amoonguss\n|-singleturn|p1b: Amoonguss|move: Rage Powder\n|move|p1a: Urshifu|Surging Strikes|p2b: Arcanine\n|-supereffective|p2b: Arcanine\n|-crit|p2b: Arcanine\n|-damage|p2b: Arcanine|0 fnt\n|faint|p2b: Arcanine\n|-hitcount|p2: Arcanine|1\n|move|p2a: Cresselia|Moonblast|p1b: Amoonguss\n|-resisted|p1b: Amoonguss\n|-damage|p1b: Amoonguss|38\/100\n|\n|upkeep\n|\n|t:|1701075986\n|switch|p2b: Hatterene|Hatterene, L50, F|100\/100\n|turn|11\n|\n|t:|1701075995\n|move|p1b: Amoonguss|Rage Powder|p1b: Amoonguss\n|-singleturn|p1b: Amoonguss|move: Rage Powder\n|move|p1a: Urshifu|Surging Strikes|p2b: Hatterene\n|-crit|p2b: Hatterene\n|-damage|p2b: Hatterene|49\/100\n|-crit|p2b: Hatterene\n|-damage|p2b: Hatterene|0 fnt\n|faint|p2b: Hatterene\n|-hitcount|p2: Hatterene|2\n|move|p2a: Cresselia|Moonblast|p1b: Amoonguss\n|-resisted|p1b: Amoonguss\n|-damage|p1b: Amoonguss|10\/100\n|-unboost|p1b: Amoonguss|spa|1\n|\n|upkeep\n|turn|12\n|\n|t:|1701076014\n|move|p1b: Amoonguss|Rage Powder|p1b: Amoonguss\n|-singleturn|p1b: Amoonguss|move: Rage Powder\n|move|p1a: Urshifu|Surging Strikes|p2a: Cresselia\n|-crit|p2a: Cresselia\n|-damage|p2a: Cresselia|72\/100\n|-damage|p1a: Urshifu|43\/100|[from] item: Rocky Helmet|[of] p2a: Cresselia\n|-crit|p2a: Cresselia\n|-damage|p2a: Cresselia|44\/100\n|-damage|p1a: Urshifu|27\/100|[from] item: Rocky Helmet|[of] p2a: Cresselia\n|-crit|p2a: Cresselia\n|-damage|p2a: Cresselia|15\/100\n|-damage|p1a: Urshifu|10\/100|[from] item: Rocky Helmet|[of] p2a: Cresselia\n|-hitcount|p2a: Cresselia|3\n|move|p2a: Cresselia|Moonblast|p1b: Amoonguss\n|-resisted|p1b: Amoonguss\n|-damage|p1b: Amoonguss|0 fnt\n|faint|p1b: Amoonguss\n|\n|upkeep\n|turn|13\n|\n|t:|1701076023\n|move|p1a: Urshifu|Surging Strikes|p2a: Cresselia\n|-crit|p2a: Cresselia\n|-damage|p2a: Cresselia|0 fnt\n|-damage|p1a: Urshifu|0 fnt|[from] item: Rocky Helmet|[of] p2a: Cresselia\n|faint|p2a: Cresselia\n|faint|p1a: Urshifu\n|\n|win|Yabarta\n|-hitcount|p2: Cresselia|1\n","uploadtime":1701076034,"views":1,"p1id":"yabarta","p2id":"yavarta","formatid":"gen9vgc2023regulatione","rating":0,"private":0,"password":""}