{"id":"gen9vgc2023regulatione-1993408900","p1":"HiRakkun","p2":"hjgklm3k","format":"[Gen 9] VGC 2023 Regulation E","log":"|j|\u2606HiRakkun\n|j|\u2606hjgklm3k\n|t:|1700313917\n|gametype|doubles\n|player|p1|HiRakkun|266|1241\n|player|p2|hjgklm3k|2|1332\n|teamsize|p1|6\n|teamsize|p2|6\n|gen|9\n|tier|[Gen 9] VGC 2023 Regulation E\n|rated|\n|rule|Species Clause: Limit one of each Pok\u00e9mon\n|rule|Item Clause: Limit one of each item\n|clearpoke\n|poke|p1|Kilowattrel, L50, M|\n|poke|p1|Iron Hands, L50|\n|poke|p1|Mimikyu, L50, F|\n|poke|p1|Corviknight, L50, F|\n|poke|p1|Milotic, L50, M|\n|poke|p1|Lilligant-Hisui, L50, F|\n|poke|p2|Tornadus, L50, M|\n|poke|p2|Ogerpon-Hearthflame, L50, F|\n|poke|p2|Flutter Mane, L50|\n|poke|p2|Dragonite, L50, F|\n|poke|p2|Chi-Yu, L50|\n|poke|p2|Iron Bundle, L50|\n|teampreview|4\n|inactive|Battle timer is ON: inactive players will automatically lose when time's up. (requested by HiRakkun)\n|\n|t:|1700313952\n|start\n|switch|p1a: Iron Hands|Iron Hands, L50|100\/100\n|switch|p1b: Mimikyu|Mimikyu, L50, F|100\/100\n|switch|p2a: Chi-Yu|Chi-Yu, L50|100\/100\n|switch|p2b: Flutter Mane|Flutter Mane, L50|100\/100\n|-ability|p2a: Chi-Yu|Beads of Ruin\n|turn|1\n|\n|t:|1700313966\n|-terastallize|p2a: Chi-Yu|Ghost\n|-terastallize|p1a: Iron Hands|Water\n|move|p2b: Flutter Mane|Dazzling Gleam|p1b: Mimikyu|[spread] p1a,p1b\n|-damage|p1a: Iron Hands|56\/100\n|-activate|p1b: Mimikyu|ability: Disguise\n|-damage|p1b: Mimikyu|100\/100\n|detailschange|p1b: Mimikyu|Mimikyu-Busted, L50, F\n|-damage|p1b: Mimikyu|88\/100|[from] pokemon: Mimikyu-Busted\n|move|p2a: Chi-Yu|Heat Wave|p1a: Iron Hands|[spread] p1a,p1b\n|-resisted|p1a: Iron Hands\n|-damage|p1a: Iron Hands|30\/100\n|-damage|p1b: Mimikyu|18\/100\n|-enditem|p1a: Iron Hands|Sitrus Berry|[eat]\n|-heal|p1a: Iron Hands|55\/100|[from] item: Sitrus Berry\n|-damage|p2a: Chi-Yu|90\/100|[from] item: Life Orb\n|move|p1a: Iron Hands|Tera Blast|p2a: Chi-Yu|[anim] Tera Blast Water\n|-damage|p2a: Chi-Yu|25\/100\n|move|p1b: Mimikyu|Trick Room|p1b: Mimikyu\n|-fieldstart|move: Trick Room|[of] p1b: Mimikyu\n|\n|upkeep\n|turn|2\n|inactive|HiRakkun has 30 seconds left.\n|\n|t:|1700313998\n|switch|p2a: Dragonite|Dragonite, L50, F|100\/100\n|move|p1a: Iron Hands|Tera Blast|p2b: Flutter Mane|[anim] Tera Blast Water\n|-damage|p2b: Flutter Mane|24\/100\n|move|p1b: Mimikyu|Play Rough|p2a: Dragonite\n|-supereffective|p2a: Dragonite\n|-damage|p2a: Dragonite|30\/100\n|move|p2b: Flutter Mane|Dazzling Gleam|p1a: Iron Hands|[spread] p1a,p1b\n|-damage|p1a: Iron Hands|21\/100\n|-damage|p1b: Mimikyu|0 fnt\n|faint|p1b: Mimikyu\n|\n|upkeep\n|\n|t:|1700314009\n|switch|p1b: Milotic|Milotic, L50, M|100\/100\n|turn|3\n|\n|t:|1700314031\n|move|p2a: Dragonite|Extreme Speed|p1a: Iron Hands\n|-damage|p1a: Iron Hands|0 fnt\n|faint|p1a: Iron Hands\n|-end|p1a: Iron Hands|Quark Drive|[silent]\n|move|p1b: Milotic|Scald|p2b: Flutter Mane\n|-damage|p2b: Flutter Mane|0 fnt\n|faint|p2b: Flutter Mane\n|-end|p2b: Flutter Mane|Protosynthesis|[silent]\n|\n|upkeep\n|\n|t:|1700314039\n|switch|p1a: Lilligant|Lilligant-Hisui, L50, F|100\/100\n|switch|p2b: Chi-Yu|Chi-Yu, L50, tera:Ghost|25\/100\n|-ability|p2b: Chi-Yu|Beads of Ruin\n|turn|4\n|\n|t:|1700314046\n|move|p2b: Chi-Yu|Protect|p2b: Chi-Yu\n|-singleturn|p2b: Chi-Yu|Protect\n|move|p2a: Dragonite|Extreme Speed|p1a: Lilligant\n|-damage|p1a: Lilligant|31\/100\n|move|p1b: Milotic|Ice Beam|p2a: Dragonite\n|-supereffective|p2a: Dragonite\n|-damage|p2a: Dragonite|0 fnt\n|faint|p2a: Dragonite\n|move|p1a: Lilligant|Grassy Glide|p2b: Chi-Yu\n|-activate|p2b: Chi-Yu|move: Protect\n|\n|upkeep\n|\n|t:|1700314053\n|switch|p2a: Ogerpon|Ogerpon-Hearthflame, L50, F|100\/100\n|-ability|p2a: Ogerpon|Mold Breaker\n|turn|5\n|\n|t:|1700314076\n|move|p1b: Milotic|Scald|p2a: Ogerpon\n|-damage|p2a: Ogerpon|37\/100\n|move|p1a: Lilligant|Grassy Glide|p2b: Chi-Yu\n|-damage|p2b: Chi-Yu|0 fnt\n|faint|p2b: Chi-Yu\n|move|p2a: Ogerpon|Ivy Cudgel|p1a: Lilligant|[anim] Ivy Cudgel Fire\n|-supereffective|p1a: Lilligant\n|-damage|p1a: Lilligant|0 fnt\n|faint|p1a: Lilligant\n|\n|-fieldend|move: Trick Room\n|upkeep\n|turn|6\n|\n|t:|1700314089\n|move|p2a: Ogerpon|Horn Leech|p1b: Milotic\n|-supereffective|p1b: Milotic\n|-damage|p1b: Milotic|8\/100\n|-heal|p2a: Ogerpon|97\/100|[from] drain|[of] p1b: Milotic\n|move|p1b: Milotic|Scald|p2a: Ogerpon\n|-damage|p2a: Ogerpon|50\/100\n|\n|upkeep\n|turn|7\n|\n|t:|1700314095\n|move|p2a: Ogerpon|Horn Leech|p1b: Milotic\n|-supereffective|p1b: Milotic\n|-damage|p1b: Milotic|0 fnt\n|-heal|p2a: Ogerpon|55\/100|[from] drain|[of] p1b: Milotic\n|faint|p1b: Milotic\n|\n|win|hjgklm3k\n|raw|HiRakkun's rating: 1241 &rarr; <strong>1222<\/strong><br \/>(-19 for losing)\n|raw|hjgklm3k's rating: 1332 &rarr; <strong>1347<\/strong><br \/>(+15 for winning)\n|l|\u2606HiRakkun\n","uploadtime":1700314099,"views":7,"p1id":"hirakkun","p2id":"hjgklm3k","formatid":"gen9vgc2023regulatione","rating":1222,"private":0,"password":""}