{"id":"gen9vgc2023regulatione-1988587534","p1":"dupertube","p2":"Loneshot89","format":"[Gen 9] VGC 2023 Regulation E","log":"|j|\u2606dupertube\n|j|\u2606Loneshot89\n|t:|1699739158\n|gametype|doubles\n|player|p1|dupertube|hilda|1133\n|player|p2|Loneshot89|169|1166\n|teamsize|p1|6\n|teamsize|p2|6\n|gen|9\n|tier|[Gen 9] VGC 2023 Regulation E\n|rated|\n|rule|Species Clause: Limit one of each Pok\u00e9mon\n|rule|Item Clause: Limit one of each item\n|clearpoke\n|poke|p1|Maushold-Four, L50|\n|poke|p1|Flamigo, L50, M|\n|poke|p1|Greedent, L50, M|\n|poke|p1|Torterra, L50, M|\n|poke|p1|Basculegion, L50, M|\n|poke|p1|Arcanine-Hisui, L50, M|\n|poke|p2|Medicham, L50, M|\n|poke|p2|Slaking, L50, F|\n|poke|p2|Weezing, L50, F|\n|poke|p2|Moltres-Galar, L50|\n|poke|p2|Cresselia, L50, F|\n|poke|p2|Palafin, L50, M|\n|teampreview|4\n|inactive|Battle timer is ON: inactive players will automatically lose when time's up. (requested by dupertube)\n|\n|t:|1699739188\n|start\n|switch|p1a: Radical Pizza!|Torterra, L50, M|100\/100\n|switch|p1b: Cheesecurds|Maushold-Four, L50, shiny|100\/100\n|switch|p2a: Palafin|Palafin, L50, M|100\/100\n|switch|p2b: Medicham|Medicham, L50, M|100\/100\n|turn|1\n|\n|t:|1699739208\n|switch|p2b: Cresselia|Cresselia, L50, F|100\/100\n|detailschange|p2a: Palafin|Palafin-Hero, L50, M\n|switch|p2a: Slaking|Slaking, L50, F|100\/100\n|move|p1b: Cheesecurds|Protect|p1b: Cheesecurds\n|-singleturn|p1b: Cheesecurds|Protect\n|move|p1a: Radical Pizza!|Shell Smash|p1a: Radical Pizza!\n|-unboost|p1a: Radical Pizza!|def|1\n|-unboost|p1a: Radical Pizza!|spd|1\n|-boost|p1a: Radical Pizza!|atk|2\n|-boost|p1a: Radical Pizza!|spa|2\n|-boost|p1a: Radical Pizza!|spe|2\n|-enditem|p1a: Radical Pizza!|White Herb\n|-clearnegativeboost|p1a: Radical Pizza!|[silent]\n|\n|upkeep\n|turn|2\n|inactive|dupertube has 30 seconds left.\n|inactive|Loneshot89 has 30 seconds left.\n|inactive|Loneshot89 has 20 seconds left.\n|\n|t:|1699739244\n|move|p1a: Radical Pizza!|Headlong Rush|p2a: Slaking\n|-damage|p2a: Slaking|16\/100\n|-unboost|p1a: Radical Pizza!|def|1\n|-unboost|p1a: Radical Pizza!|spd|1\n|move|p1b: Cheesecurds|Population Bomb|p2a: Slaking\n|-damage|p2a: Slaking|12\/100\n|-damage|p2a: Slaking|7\/100\n|-damage|p2a: Slaking|2\/100\n|-damage|p2a: Slaking|0 fnt\n|faint|p2a: Slaking\n|-hitcount|p2: Slaking|4\n|move|p2b: Cresselia|Skill Swap|p2: Slaking|[notarget]\n|-fail|p2b: Cresselia\n|\n|upkeep\n|\n|t:|1699739254\n|switch|p2a: Medicham|Medicham, L50, M|100\/100\n|turn|3\n|\n|t:|1699739271\n|switch|p2b: Palafin|Palafin-Hero, L50, M|100\/100\n|-activate|p2b: Palafin|ability: Zero to Hero\n|-terastallize|p1a: Radical Pizza!|Steel\n|move|p1b: Cheesecurds|Follow Me|p1b: Cheesecurds\n|-singleturn|p1b: Cheesecurds|move: Follow Me\n|move|p2a: Medicham|Skill Swap|p1b: Cheesecurds\n|-activate|p2a: Medicham|move: Skill Swap|Friend Guard|Pure Power|[of] p1b: Cheesecurds\n|move|p1a: Radical Pizza!|Iron Head|p2a: Medicham\n|-damage|p2a: Medicham|0 fnt\n|faint|p2a: Medicham\n|\n|upkeep\n|\n|t:|1699739284\n|switch|p2a: Cresselia|Cresselia, L50, F|100\/100\n|turn|4\n|\n|t:|1699739297\n|move|p2a: Cresselia|Helping Hand|p2b: Palafin\n|-singleturn|p2b: Palafin|Helping Hand|[of] p2a: Cresselia\n|move|p1a: Radical Pizza!|Trailblaze|p2b: Palafin\n|-supereffective|p2b: Palafin\n|-damage|p2b: Palafin|0 fnt\n|-boost|p1a: Radical Pizza!|spe|1\n|faint|p2b: Palafin\n|move|p1b: Cheesecurds|Population Bomb|p2a: Cresselia\n|-damage|p2a: Cresselia|93\/100\n|-damage|p2a: Cresselia|86\/100\n|-damage|p2a: Cresselia|78\/100\n|-damage|p2a: Cresselia|71\/100\n|-damage|p2a: Cresselia|63\/100\n|-damage|p2a: Cresselia|55\/100\n|-damage|p2a: Cresselia|48\/100\n|-damage|p2a: Cresselia|40\/100\n|-damage|p2a: Cresselia|32\/100\n|-damage|p2a: Cresselia|24\/100\n|-hitcount|p2a: Cresselia|10\n|\n|-heal|p2a: Cresselia|30\/100|[from] item: Leftovers\n|upkeep\n|turn|5\n|-message|Loneshot89 forfeited.\n|\n|win|dupertube\n|raw|dupertube's rating: 1133 &rarr; <strong>1160<\/strong><br \/>(+27 for winning)\n|raw|Loneshot89's rating: 1166 &rarr; <strong>1139<\/strong><br \/>(-27 for losing)\n|l|\u2606Loneshot89\n","uploadtime":1699739337,"views":8,"p1id":"dupertube","p2id":"loneshot89","formatid":"gen9vgc2023regulatione","rating":1139,"private":0,"password":""}