{"id":"gen9vgc2023regulatione-1998891467","p1":"Kzjrhzk","p2":"battlerealm","format":"[Gen 9] VGC 2023 Regulation E","log":"|j|\u2606Kzjrhzk\n|j|\u2606battlerealm\n|t:|1701009400\n|gametype|doubles\n|player|p1|Kzjrhzk|lance|1364\n|player|p2|battlerealm|emmet|1322\n|teamsize|p1|6\n|teamsize|p2|6\n|gen|9\n|tier|[Gen 9] VGC 2023 Regulation E\n|rated|\n|rule|Species Clause: Limit one of each Pok\u00e9mon\n|rule|Item Clause: Limit one of each item\n|clearpoke\n|poke|p1|Flutter Mane, L50|\n|poke|p1|Tornadus, L50, M|\n|poke|p1|Rillaboom, L50, F|\n|poke|p1|Garganacl, L50, M|\n|poke|p1|Arcanine-Hisui, L50, M|\n|poke|p1|Chien-Pao, L50|\n|poke|p2|Ursaluna, L50, F|\n|poke|p2|Cresselia, L50, F|\n|poke|p2|Clefable, L50, F|\n|poke|p2|Urshifu-*, L50, M|\n|poke|p2|Torkoal, L50, F|\n|poke|p2|Sinistcha-Masterpiece, L50|\n|teampreview|4\n|\n|t:|1701009433\n|start\n|switch|p1a: Tornadus|Tornadus, L50, M|100\/100\n|switch|p1b: Garganacl|Garganacl, L50, M|100\/100\n|switch|p2a: Cresselia|Cresselia, L50, F|100\/100\n|switch|p2b: Urshifu|Urshifu, L50, M|100\/100\n|turn|1\n|inactive|Battle timer is ON: inactive players will automatically lose when time's up. (requested by Kzjrhzk)\n|inactive|battlerealm has 60 seconds left.\n|inactive|Kzjrhzk has 60 seconds left.\n|\n|t:|1701009473\n|move|p1a: Tornadus|Taunt|p2a: Cresselia\n|-start|p2a: Cresselia|move: Taunt\n|-enditem|p2a: Cresselia|Mental Herb\n|-end|p2a: Cresselia|move: Taunt\n|move|p2b: Urshifu|U-turn|p1a: Tornadus\n|-resisted|p1a: Tornadus\n|-damage|p1a: Tornadus|84\/100\n|-damage|p2b: Urshifu|84\/100|[from] item: Rocky Helmet|[of] p1a: Tornadus\n|\n|t:|1701009481\n|switch|p2b: Ursaluna|Ursaluna, L50, F|100\/100|[from] U-turn\n|move|p1b: Garganacl|Salt Cure|p2b: Ursaluna\n|-resisted|p2b: Ursaluna\n|-damage|p2b: Ursaluna|97\/100\n|-start|p2b: Ursaluna|Salt Cure\n|move|p2a: Cresselia|Trick Room|p2a: Cresselia\n|-fieldstart|move: Trick Room|[of] p2a: Cresselia\n|\n|-damage|p2b: Ursaluna|85\/100|[from] Salt Cure\n|-status|p2b: Ursaluna|brn|[from] item: Flame Orb\n|upkeep\n|turn|2\n|inactive|battlerealm has 30 seconds left.\n|inactive|Kzjrhzk has 30 seconds left.\n|\n|t:|1701009515\n|-terastallize|p1b: Garganacl|Ghost\n|move|p1a: Tornadus|Taunt|p2a: Cresselia\n|-start|p2a: Cresselia|move: Taunt\n|move|p2b: Ursaluna|Swords Dance|p2b: Ursaluna\n|-boost|p2b: Ursaluna|atk|2\n|move|p1b: Garganacl|Iron Defense|p1b: Garganacl\n|-boost|p1b: Garganacl|def|2\n|cant|p2a: Cresselia|move: Taunt|Light Screen\n|\n|-damage|p2b: Ursaluna|79\/100 brn|[from] brn\n|-damage|p2b: Ursaluna|66\/100 brn|[from] Salt Cure\n|upkeep\n|turn|3\n|\n|t:|1701009538\n|switch|p1a: Arcanine|Arcanine-Hisui, L50, M|100\/100\n|-ability|p1a: Arcanine|Intimidate|boost\n|-unboost|p2a: Cresselia|atk|1\n|-unboost|p2b: Ursaluna|atk|1\n|move|p2b: Ursaluna|High Horsepower|p1b: Garganacl\n|-damage|p1b: Garganacl|68\/100\n|move|p1b: Garganacl|Salt Cure|p2a: Cresselia\n|-damage|p2a: Cresselia|92\/100\n|-start|p2a: Cresselia|Salt Cure\n|move|p2a: Cresselia|Ice Beam|p1b: Garganacl\n|-damage|p1b: Garganacl|57\/100\n|\n|-damage|p2b: Ursaluna|60\/100 brn|[from] brn\n|-damage|p2b: Ursaluna|48\/100 brn|[from] Salt Cure\n|-damage|p2a: Cresselia|80\/100|[from] Salt Cure\n|upkeep\n|turn|4\n|\n|t:|1701009562\n|switch|p2a: Clefable|Clefable, L50, F, shiny|100\/100\n|move|p1a: Arcanine|Extreme Speed|p2b: Ursaluna\n|-crit|p2b: Ursaluna\n|-damage|p2b: Ursaluna|18\/100 brn\n|move|p2b: Ursaluna|Facade|p1a: Arcanine\n|-resisted|p1a: Arcanine\n|-damage|p1a: Arcanine|7\/100\n|move|p1b: Garganacl|Recover|p1b: Garganacl\n|-heal|p1b: Garganacl|100\/100\n|\n|-damage|p2b: Ursaluna|12\/100 brn|[from] brn\n|-damage|p2b: Ursaluna|0 fnt|[from] Salt Cure\n|faint|p2b: Ursaluna\n|upkeep\n|\n|t:|1701009577\n|switch|p2b: Urshifu|Urshifu, L50, M|84\/100\n|turn|5\n|\n|t:|1701009592\n|switch|p1b: Tornadus|Tornadus, L50, M|84\/100\n|move|p2a: Clefable|Follow Me|p2a: Clefable\n|-singleturn|p2a: Clefable|move: Follow Me\n|move|p1a: Arcanine|Extreme Speed|p2a: Clefable\n|-crit|p2a: Clefable\n|-damage|p2a: Clefable|52\/100\n|-damage|p1a: Arcanine|0 fnt|[from] item: Rocky Helmet|[of] p2a: Clefable\n|faint|p1a: Arcanine\n|move|p2b: Urshifu|Wicked Blow|p1b: Tornadus\n|-crit|p1b: Tornadus\n|-damage|p1b: Tornadus|0 fnt\n|-damage|p2b: Urshifu|67\/100|[from] item: Rocky Helmet|[of] p1b: Tornadus\n|faint|p1b: Tornadus\n|\n|-fieldend|move: Trick Room\n|upkeep\n|\n|t:|1701009601\n|switch|p1a: Garganacl|Garganacl, L50, M, tera:Ghost|100\/100\n|switch|p1b: Flutter Mane|Flutter Mane, L50|100\/100\n|-enditem|p1b: Flutter Mane|Booster Energy\n|-activate|p1b: Flutter Mane|ability: Protosynthesis|[fromitem]\n|-start|p1b: Flutter Mane|protosynthesisspe\n|turn|6\n|inactive|battlerealm has 30 seconds left.\n|inactive|battlerealm has 20 seconds left.\n|\n|t:|1701009637\n|-terastallize|p2b: Urshifu|Dark\n|move|p2a: Clefable|Follow Me|p2a: Clefable\n|-singleturn|p2a: Clefable|move: Follow Me\n|move|p1b: Flutter Mane|Substitute|p1b: Flutter Mane\n|-start|p1b: Flutter Mane|Substitute\n|-damage|p1b: Flutter Mane|76\/100\n|move|p2b: Urshifu|Wicked Blow|p1b: Flutter Mane\n|-crit|p1b: Flutter Mane\n|-end|p1b: Flutter Mane|Substitute\n|move|p1a: Garganacl|Salt Cure|p2a: Clefable\n|-damage|p2a: Clefable|41\/100\n|-start|p2a: Clefable|Salt Cure\n|\n|-damage|p2a: Clefable|29\/100|[from] Salt Cure\n|upkeep\n|turn|7\n|\n|t:|1701009653\n|move|p2a: Clefable|Follow Me|p2a: Clefable\n|-singleturn|p2a: Clefable|move: Follow Me\n|move|p1b: Flutter Mane|Moonblast|p2a: Clefable\n|-damage|p2a: Clefable|0 fnt\n|faint|p2a: Clefable\n|move|p2b: Urshifu|Wicked Blow|p1a: Garganacl\n|-supereffective|p1a: Garganacl\n|-crit|p1a: Garganacl\n|-damage|p1a: Garganacl|0 fnt\n|faint|p1a: Garganacl\n|\n|upkeep\n|\n|t:|1701009662\n|switch|p2a: Cresselia|Cresselia, L50, F|80\/100\n|turn|8\n|\n|t:|1701009670\n|move|p1b: Flutter Mane|Moonblast|p2b: Urshifu\n|-supereffective|p2b: Urshifu\n|-damage|p2b: Urshifu|0 fnt\n|faint|p2b: Urshifu\n|move|p2a: Cresselia|Trick Room|p2a: Cresselia\n|-fieldstart|move: Trick Room|[of] p2a: Cresselia\n|\n|upkeep\n|turn|9\n|\n|t:|1701009682\n|move|p1b: Flutter Mane|Protect|p1b: Flutter Mane\n|-singleturn|p1b: Flutter Mane|Protect\n|move|p2a: Cresselia|Light Screen|p2a: Cresselia\n|-sidestart|p2: battlerealm|move: Light Screen\n|\n|upkeep\n|turn|10\n|\n|t:|1701009693\n|move|p2a: Cresselia|Ice Beam|p1b: Flutter Mane\n|-damage|p1b: Flutter Mane|58\/100\n|move|p1b: Flutter Mane|Shadow Ball|p2a: Cresselia\n|-supereffective|p2a: Cresselia\n|-damage|p2a: Cresselia|47\/100\n|-unboost|p2a: Cresselia|spd|1\n|\n|upkeep\n|turn|11\n|\n|t:|1701009703\n|move|p2a: Cresselia|Lunar Blessing|p2a: Cresselia\n|-heal|p2a: Cresselia|72\/100\n|move|p1b: Flutter Mane|Shadow Ball|p2a: Cresselia\n|-supereffective|p2a: Cresselia\n|-damage|p2a: Cresselia|20\/100\n|\n|upkeep\n|turn|12\n|-message|battlerealm forfeited.\n|\n|win|Kzjrhzk\n|raw|Kzjrhzk's rating: 1364 &rarr; <strong>1382<\/strong><br \/>(+18 for winning)\n|raw|battlerealm's rating: 1322 &rarr; <strong>1304<\/strong><br \/>(-18 for losing)\n|l|\u2606battlerealm\n","uploadtime":1701009715,"views":2,"p1id":"kzjrhzk","p2id":"battlerealm","formatid":"gen9vgc2023regulatione","rating":1304,"private":0,"password":""}