{"id":"gen9vgc2023regulatione-1995276380","p1":"Perjutsu545","p2":"Rean411","format":"[Gen 9] VGC 2023 Regulation E","log":"|j|\u2606Perjutsu545\n|j|\u2606Rean411\n|t:|1700545380\n|gametype|doubles\n|player|p1|Perjutsu545|brawly|1277\n|player|p2|Rean411|101|1219\n|teamsize|p1|6\n|teamsize|p2|6\n|gen|9\n|tier|[Gen 9] VGC 2023 Regulation E\n|rated|\n|rule|Species Clause: Limit one of each Pok\u00e9mon\n|rule|Item Clause: Limit one of each item\n|clearpoke\n|poke|p1|Kingambit, L50, F|\n|poke|p1|Rillaboom, L50, M|\n|poke|p1|Chandelure, L50, F|\n|poke|p1|Iron Bundle, L50|\n|poke|p1|Landorus-Therian, L50, M|\n|poke|p1|Forretress, L50, M|\n|poke|p2|Ninetales-Alola, L50, M|\n|poke|p2|Baxcalibur, L50, M|\n|poke|p2|Sinistcha-Masterpiece, L50|\n|poke|p2|Iron Hands, L50|\n|poke|p2|Heatran, L50, M|\n|poke|p2|Ogerpon-Wellspring, L50, F|\n|teampreview|4\n|inactive|Battle timer is ON: inactive players will automatically lose when time's up. (requested by Perjutsu545)\n|c|\u2606Rean411|GLHF\n|inactive|Rean411 has 60 seconds left.\n|inactive|Rean411 has 30 seconds left.\n|inactive|Rean411 has 20 seconds left.\n|inactive|Rean411 has 15 seconds left.\n|\n|t:|1700545489\n|start\n|switch|p1a: Gholdenslo|Forretress, L50, M, shiny|100\/100\n|switch|p1b: Washington|Landorus-Therian, L50, M|100\/100\n|switch|p2a: Sinistcha|Sinistcha-Masterpiece, L50|100\/100\n|switch|p2b: Ninetales|Ninetales-Alola, L50, M|100\/100\n|-ability|p1b: Washington|Intimidate|boost\n|-unboost|p2a: Sinistcha|atk|1\n|-unboost|p2b: Ninetales|atk|1\n|-weather|Snow|[from] ability: Snow Warning|[of] p2b: Ninetales\n|turn|1\n|inactive|Perjutsu545 has 30 seconds left.\n|inactive|Rean411 has 30 seconds left.\n|inactive|Perjutsu545 has 20 seconds left.\n|inactive|Perjutsu545 has 15 seconds left.\n|\n|t:|1700545529\n|switch|p2a: Baxcalibur|Baxcalibur, L50, M|100\/100\n|move|p1b: Washington|U-turn|p2a: Baxcalibur\n|-damage|p2a: Baxcalibur|84\/100\n|\n|t:|1700545538\n|switch|p1b: Kingambit|Kingambit, L50, F|100\/100|[from] U-turn\n|move|p2b: Ninetales|Aurora Veil|p2b: Ninetales\n|-sidestart|p2: Rean411|move: Aurora Veil\n|move|p1a: Gholdenslo|Toxic Spikes|p2a: Baxcalibur\n|-sidestart|p2: Rean411|move: Toxic Spikes\n|\n|-weather|Snow|[upkeep]\n|-heal|p2a: Baxcalibur|90\/100|[from] ability: Ice Body\n|upkeep\n|turn|2\n|inactive|Rean411 has 30 seconds left.\n|\n|t:|1700545570\n|-terastallize|p2a: Baxcalibur|Poison\n|move|p2a: Baxcalibur|Swords Dance|p2a: Baxcalibur\n|-boost|p2a: Baxcalibur|atk|2\n|move|p2b: Ninetales|Blizzard|p1a: Gholdenslo|[spread] p1a,p1b\n|-resisted|p1a: Gholdenslo\n|-resisted|p1b: Kingambit\n|-damage|p1a: Gholdenslo|82\/100\n|-damage|p1b: Kingambit|89\/100\n|move|p1b: Kingambit|Iron Head|p2a: Baxcalibur\n|-damage|p2a: Baxcalibur|63\/100\n|move|p1a: Gholdenslo|Gyro Ball|p2b: Ninetales\n|-supereffective|p2b: Ninetales\n|-damage|p2b: Ninetales|52\/100\n|\n|-weather|Snow|[upkeep]\n|-heal|p2a: Baxcalibur|69\/100|[from] ability: Ice Body\n|-heal|p1a: Gholdenslo|88\/100|[from] item: Leftovers\n|upkeep\n|turn|3\n|inactive|Perjutsu545 has 30 seconds left.\n|inactive|Rean411 has 30 seconds left.\n|\n|t:|1700545604\n|move|p2a: Baxcalibur|Scale Shot|p1b: Kingambit|[miss]\n|-miss|p2a: Baxcalibur|p1b: Kingambit\n|move|p2b: Ninetales|Nasty Plot|p2b: Ninetales\n|-boost|p2b: Ninetales|spa|2\n|move|p1b: Kingambit|Kowtow Cleave|p2a: Baxcalibur\n|-damage|p2a: Baxcalibur|37\/100\n|move|p1a: Gholdenslo|Gyro Ball|p2b: Ninetales\n|-supereffective|p2b: Ninetales\n|-damage|p2b: Ninetales|3\/100\n|\n|-weather|Snow|[upkeep]\n|-heal|p2a: Baxcalibur|43\/100|[from] ability: Ice Body\n|-heal|p1a: Gholdenslo|94\/100|[from] item: Leftovers\n|upkeep\n|turn|4\n|\n|t:|1700545629\n|move|p2a: Baxcalibur|Scale Shot|p1b: Kingambit\n|-resisted|p1b: Kingambit\n|-damage|p1b: Kingambit|80\/100\n|-resisted|p1b: Kingambit\n|-damage|p1b: Kingambit|71\/100\n|-resisted|p1b: Kingambit\n|-crit|p1b: Kingambit\n|-damage|p1b: Kingambit|57\/100\n|-resisted|p1b: Kingambit\n|-damage|p1b: Kingambit|48\/100\n|-resisted|p1b: Kingambit\n|-damage|p1b: Kingambit|38\/100\n|-hitcount|p1b: Kingambit|5\n|-unboost|p2a: Baxcalibur|def|1\n|-boost|p2a: Baxcalibur|spe|1\n|move|p2b: Ninetales|Blizzard|p1b: Kingambit|[spread] p1a,p1b\n|-resisted|p1a: Gholdenslo\n|-resisted|p1b: Kingambit\n|-damage|p1a: Gholdenslo|62\/100\n|-damage|p1b: Kingambit|17\/100\n|-status|p1b: Kingambit|frz\n|cant|p1b: Kingambit|frz\n|move|p1a: Gholdenslo|Gyro Ball|p2b: Ninetales\n|-supereffective|p2b: Ninetales\n|-damage|p2b: Ninetales|0 fnt\n|faint|p2b: Ninetales\n|\n|-weather|Snow|[upkeep]\n|-heal|p2a: Baxcalibur|50\/100|[from] ability: Ice Body\n|-heal|p1a: Gholdenslo|68\/100|[from] item: Leftovers\n|upkeep\n|inactive|Rean411 has 30 seconds left.\n|\n|t:|1700545658\n|switch|p2b: Heatran|Heatran, L50, M|100\/100\n|turn|5\n|c|\u2606Perjutsu545|You really only gonna win from hax\n|inactive|Perjutsu545 has 30 seconds left.\n|inactive|Rean411 has 30 seconds left.\n|inactive|Perjutsu545 has 20 seconds left.\n|inactive|Rean411 has 20 seconds left.\n|c|\u2606Rean411|You know. 10% chance to freeze isn\u2019t a lot.\n|inactive|Rean411 has 15 seconds left.\n|inactive|Rean411 has 10 seconds left.\n|inactive|Rean411 has 5 seconds left.\n|\n|t:|1700545709\n|-terastallize|p1a: Gholdenslo|Water\n|move|p2a: Baxcalibur|Protect|p2a: Baxcalibur\n|-singleturn|p2a: Baxcalibur|Protect\n|cant|p1b: Kingambit|frz\n|move|p2b: Heatran|Substitute|p2b: Heatran\n|-start|p2b: Heatran|Substitute\n|-damage|p2b: Heatran|76\/100\n|move|p1a: Gholdenslo|Gravity|p1a: Gholdenslo\n|-fieldstart|move: Gravity\n|\n|-weather|none\n|-heal|p2b: Heatran|82\/100|[from] item: Leftovers\n|-heal|p1a: Gholdenslo|74\/100|[from] item: Leftovers\n|upkeep\n|turn|6\n|inactive|Perjutsu545 has 30 seconds left.\n|inactive|Rean411 has 30 seconds left.\n|inactive|Rean411 has 20 seconds left.\n|inactive|Rean411 has 15 seconds left.\n|inactive|Rean411 has 10 seconds left.\n|c|\u2606Rean411|But a 20% chance over 4 slots. Prettydecent\n|inactive|Rean411 has 5 seconds left.\n|\n|t:|1700545763\n|cant|p1b: Kingambit|frz\n|move|p2a: Baxcalibur|Icicle Spear|p1a: Gholdenslo\n|-resisted|p1a: Gholdenslo\n|-damage|p1a: Gholdenslo|68\/100\n|-resisted|p1a: Gholdenslo\n|-damage|p1a: Gholdenslo|61\/100\n|-resisted|p1a: Gholdenslo\n|-crit|p1a: Gholdenslo\n|-damage|p1a: Gholdenslo|51\/100\n|-resisted|p1a: Gholdenslo\n|-damage|p1a: Gholdenslo|44\/100\n|-hitcount|p1a: Gholdenslo|4\n|move|p2b: Heatran|Heat Wave|p1a: Gholdenslo|[spread] p1a,p1b\n|-resisted|p1a: Gholdenslo\n|-supereffective|p1b: Kingambit\n|-damage|p1a: Gholdenslo|15\/100\n|-damage|p1b: Kingambit|0 fnt\n|faint|p1b: Kingambit\n|move|p1a: Gholdenslo|Gyro Ball|p2a: Baxcalibur\n|-damage|p2a: Baxcalibur|11\/100\n|\n|-heal|p2b: Heatran|88\/100|[from] item: Leftovers\n|-heal|p1a: Gholdenslo|21\/100|[from] item: Leftovers\n|upkeep\n|\n|t:|1700545785\n|switch|p1b: Lampire|Chandelure, L50, F, shiny|100\/100\n|turn|7\n|\n|t:|1700545807\n|move|p2a: Baxcalibur|Scale Shot|p1a: Gholdenslo\n|-damage|p1a: Gholdenslo|8\/100\n|-damage|p1a: Gholdenslo|0 fnt\n|faint|p1a: Gholdenslo\n|-hitcount|p1: Gholdenslo|2\n|-unboost|p2a: Baxcalibur|def|1\n|-boost|p2a: Baxcalibur|spe|1\n|move|p1b: Lampire|Hex|p2a: Baxcalibur\n|-damage|p2a: Baxcalibur|0 fnt\n|faint|p2a: Baxcalibur\n|move|p2b: Heatran|Earth Power|p1b: Lampire\n|-supereffective|p1b: Lampire\n|-damage|p1b: Lampire|7\/100\n|\n|-heal|p2b: Heatran|94\/100|[from] item: Leftovers\n|upkeep\n|inactive|Rean411 has 30 seconds left.\n|\n|t:|1700545837\n|switch|p2a: Sinistcha|Sinistcha-Masterpiece, L50|100\/100\n|switch|p1a: Washington|Landorus-Therian, L50, M|100\/100\n|-ability|p1a: Washington|Intimidate|boost\n|-unboost|p2a: Sinistcha|atk|1\n|-immune|p2b: Heatran\n|-status|p2a: Sinistcha|psn\n|-heal|p2b: Heatran|100\/100|[from] ability: Hospitality|[of] p2a: Sinistcha\n|turn|8\n|inactive|Rean411 has 30 seconds left.\n|\n|t:|1700545867\n|move|p1a: Washington|Stomping Tantrum|p2b: Heatran\n|-supereffective|p2b: Heatran\n|-end|p2b: Heatran|Substitute\n|move|p1b: Lampire|Hex|p2a: Sinistcha\n|-supereffective|p2a: Sinistcha\n|-damage|p2a: Sinistcha|3\/100 psn\n|move|p2b: Heatran|Earth Power|p1b: Lampire\n|-supereffective|p1b: Lampire\n|-damage|p1b: Lampire|0 fnt\n|faint|p1b: Lampire\n|move|p2a: Sinistcha|Trick Room|p2a: Sinistcha\n|-fieldstart|move: Trick Room|[of] p2a: Sinistcha\n|\n|-damage|p2a: Sinistcha|0 fnt|[from] psn\n|faint|p2a: Sinistcha\n|-sideend|p2: Rean411|move: Aurora Veil\n|upkeep\n|turn|9\n|c|\u2606Perjutsu545|Gg\n|inactive|Rean411 has 30 seconds left.\n|c|\u2606Perjutsu545|No tera to save you\n|inactive|Rean411 has 20 seconds left.\n|inactive|Rean411 has 15 seconds left.\n|inactive|Rean411 has 10 seconds left.\n|inactive|Rean411 has 5 seconds left.\n|\n|t:|1700545917\n|move|p2b: Heatran|Heat Wave|p1a: Washington\n|-damage|p1a: Washington|25\/100\n|move|p1a: Washington|Stomping Tantrum|p2b: Heatran\n|-supereffective|p2b: Heatran\n|-damage|p2b: Heatran|0 fnt\n|faint|p2b: Heatran\n|\n|win|Perjutsu545\n|raw|Perjutsu545's rating: 1277 &rarr; <strong>1298<\/strong><br \/>(+21 for winning)\n|raw|Rean411's rating: 1219 &rarr; <strong>1198<\/strong><br \/>(-21 for losing)\n|c|\u2606Rean411|GGWP\n|l|\u2606Rean411\n|c|\u2606Perjutsu545|Gg\n|l|\u2606Perjutsu545\n|j|\u2606Perjutsu545\n|player|p1|Perjutsu545|brawly\n","uploadtime":1700546025,"views":6,"p1id":"perjutsu545","p2id":"rean411","formatid":"gen9vgc2023regulatione","rating":1198,"private":0,"password":""}