{"id":"gen9vgc2023regulatione-1992000401","p1":"hdwyzdmszrj","p2":"DouWu","format":"[Gen 9] VGC 2023 Regulation E","log":"|j|\u2606hdwyzdmszrj\n|j|\u2606DouWu\n|t:|1700146571\n|gametype|doubles\n|player|p1|hdwyzdmszrj|bugcatcher-gen4dp|1530\n|player|p2|DouWu|larry|1530\n|teamsize|p1|6\n|teamsize|p2|6\n|gen|9\n|tier|[Gen 9] VGC 2023 Regulation E\n|rated|\n|rule|Species Clause: Limit one of each Pok\u00e9mon\n|rule|Item Clause: Limit one of each item\n|clearpoke\n|poke|p1|Mimikyu, L50, M|\n|poke|p1|Enamorus-Therian, L50, F|\n|poke|p1|Iron Hands, L50|\n|poke|p1|Dragonite, L50, F|\n|poke|p1|Overqwil, L50, M|\n|poke|p1|Goodra-Hisui, L50, M|\n|poke|p2|Lilligant-Hisui, L50, F|\n|poke|p2|Torkoal, L50, M|\n|poke|p2|Indeedee-F, L50, F|\n|poke|p2|Armarouge, L50, F|\n|poke|p2|Ursaluna-Bloodmoon, L50, M|\n|poke|p2|Kingambit, L50, M|\n|teampreview|4\n|\n|t:|1700146602\n|start\n|switch|p1a: Overqwil|Overqwil, L50, M|100\/100\n|switch|p1b: Goodra|Goodra-Hisui, L50, M, shiny|100\/100\n|switch|p2a: \u88d9\u513f\u5927\u59d0\u5927|Lilligant-Hisui, L50, F, shiny|100\/100\n|switch|p2b: Torkoal|Torkoal, L50, M|100\/100\n|-ability|p1a: Overqwil|Intimidate|boost\n|-unboost|p2a: \u88d9\u513f\u5927\u59d0\u5927|atk|1\n|-unboost|p2b: Torkoal|atk|1\n|-weather|SunnyDay|[from] ability: Drought|[of] p2b: Torkoal\n|turn|1\n|j| Judang\n|\n|t:|1700146632\n|switch|p1b: Mimikyu|Mimikyu, L50, M, shiny|100\/100\n|-terastallize|p1a: Overqwil|Water\n|-terastallize|p2b: Torkoal|Fire\n|move|p2a: \u88d9\u513f\u5927\u59d0\u5927|After You|p2b: Torkoal\n|-activate|p2b: Torkoal|move: After You\n|move|p2b: Torkoal|Eruption|p1a: Overqwil|[spread] p1a,p1b\n|-resisted|p1a: Overqwil\n|-damage|p1a: Overqwil|56\/100\n|-activate|p1b: Mimikyu|ability: Disguise\n|-damage|p1b: Mimikyu|100\/100\n|detailschange|p1b: Mimikyu|Mimikyu-Busted, L50, M, shiny\n|-damage|p1b: Mimikyu|88\/100|[from] pokemon: Mimikyu-Busted\n|move|p1a: Overqwil|Liquidation|p2b: Torkoal\n|-supereffective|p2b: Torkoal\n|-damage|p2b: Torkoal|73\/100\n|\n|-weather|SunnyDay|[upkeep]\n|upkeep\n|turn|2\n|j| previouslyunnamed\n|\n|t:|1700146661\n|move|p2a: \u88d9\u513f\u5927\u59d0\u5927|After You|p2b: Torkoal\n|-activate|p2b: Torkoal|move: After You\n|move|p2b: Torkoal|Eruption|p1b: Mimikyu|[spread] p1a,p1b\n|-resisted|p1a: Overqwil\n|-damage|p1a: Overqwil|24\/100\n|-damage|p1b: Mimikyu|0 fnt\n|faint|p1b: Mimikyu\n|move|p1a: Overqwil|Liquidation|p2b: Torkoal\n|-supereffective|p2b: Torkoal\n|-damage|p2b: Torkoal|45\/100\n|\n|-weather|SunnyDay|[upkeep]\n|upkeep\n|\n|t:|1700146666\n|switch|p1b: Goodra|Goodra-Hisui, L50, M, shiny|100\/100\n|turn|3\n|\n|t:|1700146678\n|switch|p2b: Indeedee|Indeedee-F, L50, F|100\/100\n|-fieldstart|move: Psychic Terrain|[from] ability: Psychic Surge|[of] p2b: Indeedee\n|move|p2a: \u88d9\u513f\u5927\u59d0\u5927|Solar Blade||[still]\n|-prepare|p2a: \u88d9\u513f\u5927\u59d0\u5927|Solar Blade\n|-anim|p2a: \u88d9\u513f\u5927\u59d0\u5927|Solar Blade|p1a: Overqwil\n|-supereffective|p1a: Overqwil\n|-damage|p1a: Overqwil|0 fnt\n|faint|p1a: Overqwil\n|move|p1b: Goodra|Heavy Slam|p2a: \u88d9\u513f\u5927\u59d0\u5927\n|-damage|p2a: \u88d9\u513f\u5927\u59d0\u5927|36\/100\n|\n|-weather|SunnyDay|[upkeep]\n|upkeep\n|\n|t:|1700146682\n|switch|p1a: Enamorus|Enamorus-Therian, L50, F, shiny|100\/100\n|turn|4\n|\n|t:|1700146699\n|move|p2a: \u88d9\u513f\u5927\u59d0\u5927|Close Combat|p1b: Goodra\n|-supereffective|p1b: Goodra\n|-damage|p1b: Goodra|43\/100\n|-unboost|p2a: \u88d9\u513f\u5927\u59d0\u5927|def|1\n|-unboost|p2a: \u88d9\u513f\u5927\u59d0\u5927|spd|1\n|move|p1b: Goodra|Acid Armor|p1b: Goodra\n|-boost|p1b: Goodra|def|2\n|move|p1a: Enamorus|Dazzling Gleam|p2a: \u88d9\u513f\u5927\u59d0\u5927|[spread] p2a,p2b\n|-supereffective|p2a: \u88d9\u513f\u5927\u59d0\u5927\n|-crit|p2b: Indeedee\n|-damage|p2a: \u88d9\u513f\u5927\u59d0\u5927|0 fnt\n|-damage|p2b: Indeedee|28\/100\n|faint|p2a: \u88d9\u513f\u5927\u59d0\u5927\n|-damage|p1a: Enamorus|91\/100|[from] item: Life Orb\n|move|p2b: Indeedee|Trick Room|p2b: Indeedee\n|-fieldstart|move: Trick Room|[of] p2b: Indeedee\n|\n|-weather|SunnyDay|[upkeep]\n|upkeep\n|\n|t:|1700146718\n|switch|p2a: Armarouge|Armarouge, L50, F|100\/100\n|turn|5\n|\n|t:|1700146725\n|move|p2b: Indeedee|Helping Hand|p2a: Armarouge\n|-singleturn|p2a: Armarouge|Helping Hand|[of] p2b: Indeedee\n|move|p1a: Enamorus|Dazzling Gleam|p2b: Indeedee|[spread] p2a,p2b\n|-resisted|p2a: Armarouge\n|-damage|p2a: Armarouge|77\/100\n|-damage|p2b: Indeedee|0 fnt\n|faint|p2b: Indeedee\n|-damage|p1a: Enamorus|81\/100|[from] item: Life Orb\n|move|p1b: Goodra|Life Dew|p1b: Goodra|[spread] p1a,p1b\n|-heal|p1a: Enamorus|100\/100\n|-heal|p1b: Goodra|68\/100\n|move|p2a: Armarouge|Expanding Force|p1a: Enamorus|[spread] p1a,p1b\n|-crit|p1a: Enamorus\n|-resisted|p1b: Goodra\n|-damage|p1a: Enamorus|0 fnt\n|-damage|p1b: Goodra|34\/100\n|faint|p1a: Enamorus\n|\n|-weather|none\n|upkeep\n|\n|t:|1700146744\n|switch|p2b: Torkoal|Torkoal, L50, M, tera:Fire|45\/100\n|-weather|SunnyDay|[from] ability: Drought|[of] p2b: Torkoal\n|turn|6\n|\n|t:|1700146753\n|move|p2b: Torkoal|Earth Power|p1b: Goodra\n|-supereffective|p1b: Goodra\n|-damage|p1b: Goodra|0 fnt\n|faint|p1b: Goodra\n|\n|win|DouWu\n|raw|hdwyzdmszrj's rating: 1530 &rarr; <strong>1510<\/strong><br \/>(-20 for losing)\n|raw|DouWu's rating: 1530 &rarr; <strong>1550<\/strong><br \/>(+20 for winning)\n|l|\u2606hdwyzdmszrj\n|l|\u2606DouWu\n|j|\u2606DouWu\n|player|p2|DouWu|larry\n","uploadtime":1700146875,"views":19,"p1id":"hdwyzdmszrj","p2id":"douwu","formatid":"gen9vgc2023regulatione","rating":1510,"private":0,"password":""}