{"id":"gen9vgc2023regulatione-1990234556","p1":"bway","p2":"Mewizard113","format":"[Gen 9] VGC 2023 Regulation E","log":"|j|\u2606bway\n|j|\u2606Mewizard113\n|t:|1699941787\n|gametype|doubles\n|player|p1|bway|266|1119\n|player|p2|Mewizard113|ethan|1049\n|teamsize|p1|6\n|teamsize|p2|6\n|gen|9\n|tier|[Gen 9] VGC 2023 Regulation E\n|rated|\n|rule|Species Clause: Limit one of each Pok\u00e9mon\n|rule|Item Clause: Limit one of each item\n|clearpoke\n|poke|p1|Piplup, L50, M|\n|poke|p1|Farigiraf, L50, F|\n|poke|p1|Sinistcha, L50|\n|poke|p1|Iron Hands, L50|\n|poke|p1|Ogerpon-Hearthflame, L50, F|\n|poke|p1|Landorus-Therian, L50, M|\n|poke|p2|Gholdengo, L50|\n|poke|p2|Regieleki, L50|\n|poke|p2|Gyarados, L50, M|\n|poke|p2|Zapdos, L50|\n|poke|p2|Grafaiai, L50, M|\n|poke|p2|Drednaw, L50, M|\n|teampreview|4\nbway rejected open team sheets.\n|c|\u2606Mewizard113|awwww\n|c|\u2606Mewizard113|I'm scared\n|c|\u2606bway|:)\n|\n|t:|1699941819\n|start\n|switch|p1a: Farigiraf|Farigiraf, L50, F|100\/100\n|switch|p1b: Piplup|Piplup, L50, M|100\/100\n|switch|p2a: Grafaiai|Grafaiai, L50, M|100\/100\n|switch|p2b: Zapdos|Zapdos, L50|100\/100\n|turn|1\n|\n|t:|1699941826\n|move|p1b: Piplup|Protect|p1b: Piplup\n|-singleturn|p1b: Piplup|Protect\n|move|p2a: Grafaiai|Rain Dance|p2a: Grafaiai\n|-weather|RainDance\n|move|p2b: Zapdos|Tailwind|p2b: Zapdos\n|-sidestart|p2: Mewizard113|move: Tailwind\n|move|p1a: Farigiraf|Trick Room|p1a: Farigiraf\n|-fieldstart|move: Trick Room|[of] p1a: Farigiraf\n|\n|-weather|RainDance|[upkeep]\n|upkeep\n|turn|2\n|\n|t:|1699941845\n|move|p2a: Grafaiai|Taunt||[still]\n|cant|p1a: Farigiraf|ability: Armor Tail|Taunt|[of] p2a: Grafaiai\n|move|p1b: Piplup|Fling|p1a: Farigiraf\n|-supereffective|p1a: Farigiraf\n|-crit|p1a: Farigiraf\n|-damage|p1a: Farigiraf|95\/100\n|-boost|p1a: Farigiraf|spa|1|[from] item: Petaya Berry\n|-enditem|p1a: Farigiraf|Weakness Policy\n|-boost|p1a: Farigiraf|atk|2|[from] item: Weakness Policy\n|-boost|p1a: Farigiraf|spa|2|[from] item: Weakness Policy\n|-enditem|p1b: Piplup|Petaya Berry|[from] move: Fling\n|move|p1a: Farigiraf|Psychic|p2a: Grafaiai\n|-supereffective|p2a: Grafaiai\n|-damage|p2a: Grafaiai|0 fnt\n|faint|p2a: Grafaiai\n|move|p2b: Zapdos|Thunderbolt|p1b: Piplup\n|-supereffective|p1b: Piplup\n|-damage|p1b: Piplup|0 fnt\n|faint|p1b: Piplup\n|\n|-weather|RainDance|[upkeep]\n|upkeep\n|\n|t:|1699941859\n|switch|p1b: Iron Hands|Iron Hands, L50|100\/100\n|switch|p2a: Drednaw|Drednaw, L50, M|100\/100\n|turn|3\n|\n|t:|1699941873\n|move|p2a: Drednaw|Protect|p2a: Drednaw\n|-singleturn|p2a: Drednaw|Protect\n|move|p1b: Iron Hands|Fake Out|p2b: Zapdos\n|-damage|p2b: Zapdos|83\/100\n|-damage|p1b: Iron Hands|84\/100|[from] item: Rocky Helmet|[of] p2b: Zapdos\n|move|p1a: Farigiraf|Psychic|p2a: Drednaw\n|-activate|p2a: Drednaw|move: Protect\n|cant|p2b: Zapdos|flinch\n|\n|-weather|RainDance|[upkeep]\n|upkeep\n|turn|4\n|\n|t:|1699941880\n|move|p2a: Drednaw|Protect||[still]\n|-fail|p2a: Drednaw\n|move|p1b: Iron Hands|Drain Punch|p2a: Drednaw\n|-supereffective|p2a: Drednaw\n|-damage|p2a: Drednaw|10\/100\n|-heal|p1b: Iron Hands|100\/100|[from] drain|[of] p2a: Drednaw\n|move|p1a: Farigiraf|Psychic|p2b: Zapdos\n|-damage|p2b: Zapdos|0 fnt\n|faint|p2b: Zapdos\n|\n|-weather|RainDance|[upkeep]\n|-sideend|p2: Mewizard113|move: Tailwind\n|upkeep\n|\n|t:|1699941883\n|switch|p2b: Regieleki|Regieleki, L50|100\/100\n|turn|5\n|\n|t:|1699941898\n|move|p2a: Drednaw|Protect|p2a: Drednaw\n|-singleturn|p2a: Drednaw|Protect\n|move|p1b: Iron Hands|Drain Punch|p2b: Regieleki\n|-damage|p2b: Regieleki|48\/100\n|move|p1a: Farigiraf|Dazzling Gleam|p2b: Regieleki|[spread] p2b\n|-activate|p2a: Drednaw|move: Protect\n|-damage|p2b: Regieleki|0 fnt\n|faint|p2b: Regieleki\n|\n|-weather|none\n|-fieldend|move: Trick Room\n|upkeep\n|turn|6\n|-message|Mewizard113 forfeited.\n|\n|win|bway\n|raw|bway's rating: 1119 &rarr; <strong>1139<\/strong><br \/>(+20 for winning)\n|raw|Mewizard113's rating: 1049 &rarr; <strong>1035<\/strong><br \/>(-14 for losing)\n|l|\u2606Mewizard113\n","uploadtime":1699941907,"views":9,"p1id":"bway","p2id":"mewizard113","formatid":"gen9vgc2023regulatione","rating":1035,"private":0,"password":""}