{"id":"gen9vgc2023regulatione-1995068266","p1":"BowDog!","p2":"FreeFop","format":"[Gen 9] VGC 2023 Regulation E","log":"|j|\u2606BowDog!\n|j|\u2606FreeFop\n|t:|1700519082\n|gametype|doubles\n|player|p1|BowDog!|winona|1131\n|player|p2|FreeFop|marshal|1172\n|teamsize|p1|6\n|teamsize|p2|6\n|gen|9\n|tier|[Gen 9] VGC 2023 Regulation E\n|rated|\n|rule|Species Clause: Limit one of each Pok\u00e9mon\n|rule|Item Clause: Limit one of each item\n|clearpoke\n|poke|p1|Landorus-Therian, L50, M|\n|poke|p1|Tornadus, L50, M|\n|poke|p1|Iron Bundle, L50|\n|poke|p1|Sylveon, L50, F|\n|poke|p1|Ogerpon-Hearthflame, L50, F|\n|poke|p1|Urshifu-*, L50, M|\n|poke|p2|Fezandipiti, L50, M|\n|poke|p2|Kingambit, L50, M|\n|poke|p2|Vikavolt, L50, M|\n|poke|p2|Urshifu-*, L50, M|\n|poke|p2|Dragapult, L50, M|\n|poke|p2|Zoroark-Hisui, L50, F|\n|teampreview|4\n|inactive|Battle timer is ON: inactive players will automatically lose when time's up. (requested by FreeFop)\nBowDog! has agreed to open team sheets.\n|inactive|BowDog! has 60 seconds left.\n|inactive|FreeFop has 60 seconds left.\n|inactive|BowDog! has 30 seconds left.\n|inactive|FreeFop has 30 seconds left.\n|inactive|BowDog! has 20 seconds left.\n|inactive|FreeFop has 20 seconds left.\n|\n|t:|1700519158\n|start\n|switch|p1a: Iron Bundle|Iron Bundle, L50|100\/100\n|switch|p1b: Tornadus|Tornadus, L50, M|100\/100\n|switch|p2a: Fezandipiti|Fezandipiti, L50, M|100\/100\n|switch|p2b: Seahorse|Dragapult, L50, M|100\/100\n|-enditem|p1a: Iron Bundle|Booster Energy\n|-activate|p1a: Iron Bundle|ability: Quark Drive|[fromitem]\n|-start|p1a: Iron Bundle|quarkdrivespe\n|turn|1\n|inactive|BowDog! has 30 seconds left.\n|inactive|FreeFop has 30 seconds left.\n|inactive|BowDog! has 20 seconds left.\n|inactive|BowDog! has 15 seconds left.\n|inactive|BowDog! has 10 seconds left.\n|\n|t:|1700519206\n|move|p1b: Tornadus|Tailwind|p1b: Tornadus\n|-sidestart|p1: BowDog!|move: Tailwind\n|move|p1a: Iron Bundle|Freeze-Dry|p2b: Seahorse\n|-supereffective|p2b: Seahorse\n|-damage|p2b: Seahorse|1\/100\n|move|p2b: Seahorse|U-turn|p1a: Iron Bundle\n|-damage|p1a: Iron Bundle|71\/100\n|\n|t:|1700519218\n|switch|p2b: Vikavolt|Vikavolt, L50, M|100\/100|[from] U-turn\n|move|p2a: Fezandipiti|Icy Wind|p1b: Tornadus|[spread] p1a,p1b\n|-resisted|p1a: Iron Bundle\n|-supereffective|p1b: Tornadus\n|-damage|p1a: Iron Bundle|68\/100\n|-damage|p1b: Tornadus|80\/100\n|-unboost|p1a: Iron Bundle|spe|1\n|\n|upkeep\n|turn|2\n|inactive|BowDog! has 30 seconds left.\n|inactive|BowDog! has 20 seconds left.\n|\n|t:|1700519253\n|move|p1a: Iron Bundle|Freeze-Dry|p2a: Fezandipiti\n|-damage|p2a: Fezandipiti|69\/100\n|move|p1b: Tornadus|Bleakwind Storm|p2a: Fezandipiti|[spread] p2a,p2b\n|-damage|p2a: Fezandipiti|40\/100\n|-damage|p2b: Vikavolt|71\/100\n|move|p2a: Fezandipiti|Dazzling Gleam|p1a: Iron Bundle|[spread] p1a,p1b\n|-damage|p1a: Iron Bundle|36\/100\n|-damage|p1b: Tornadus|61\/100\n|move|p2b: Vikavolt|Struggle Bug|p1a: Iron Bundle|[spread] p1a,p1b\n|-resisted|p1b: Tornadus\n|-damage|p1a: Iron Bundle|1\/100\n|-damage|p1b: Tornadus|50\/100\n|-unboost|p1a: Iron Bundle|spa|1\n|\n|-heal|p2b: Vikavolt|77\/100|[from] item: Leftovers\n|upkeep\n|turn|3\n|inactive|BowDog! has 30 seconds left.\n|inactive|FreeFop has 30 seconds left.\n|\n|t:|1700519286\n|move|p1a: Iron Bundle|Icy Wind|p2a: Fezandipiti|[spread] p2a,p2b\n|-damage|p2a: Fezandipiti|29\/100\n|-damage|p2b: Vikavolt|65\/100\n|-unboost|p2a: Fezandipiti|spe|1\n|-unboost|p2b: Vikavolt|spe|1\n|move|p1b: Tornadus|U-turn|p2b: Vikavolt\n|-crit|p2b: Vikavolt\n|-damage|p2b: Vikavolt|39\/100\n|\n|t:|1700519304\n|switch|p1b: Urshifu|Urshifu, L50, M|100\/100|[from] U-turn\n|move|p2a: Fezandipiti|Dazzling Gleam|p1b: Urshifu|[spread] p1a,p1b\n|-supereffective|p1b: Urshifu\n|-damage|p1a: Iron Bundle|0 fnt\n|-enditem|p1b: Urshifu|Focus Sash\n|-damage|p1b: Urshifu|1\/100\n|faint|p1a: Iron Bundle\n|-end|p1a: Iron Bundle|Quark Drive|[silent]\n|move|p2b: Vikavolt|Struggle Bug|p1b: Urshifu\n|-damage|p1b: Urshifu|0 fnt\n|faint|p1b: Urshifu\n|\n|-heal|p2b: Vikavolt|45\/100|[from] item: Leftovers\n|upkeep\n|\n|t:|1700519318\n|switch|p1a: BowDog!|Sylveon, L50, F|100\/100\n|switch|p1b: Tornadus|Tornadus, L50, M|50\/100\n|turn|4\n|\n|t:|1700519336\n|move|p2a: Fezandipiti|Protect|p2a: Fezandipiti\n|-singleturn|p2a: Fezandipiti|Protect\n|move|p1b: Tornadus|Bleakwind Storm|p2a: Fezandipiti|[spread] p2b\n|-activate|p2a: Fezandipiti|move: Protect\n|-damage|p2b: Vikavolt|13\/100\n|-unboost|p2b: Vikavolt|spe|1\n|move|p1a: BowDog!|Hyper Voice|p2a: Fezandipiti|[spread] p2b\n|-activate|p2a: Fezandipiti|move: Protect\n|-damage|p2b: Vikavolt|0 fnt\n|faint|p2b: Vikavolt\n|-enditem|p1a: BowDog!|Throat Spray\n|-boost|p1a: BowDog!|spa|1|[from] item: Throat Spray\n|\n|-sideend|p1: BowDog!|move: Tailwind\n|upkeep\n|\n|t:|1700519358\n|switch|p2b: Kingambit|Kingambit, L50, M|100\/100\n|turn|5\n|inactive|BowDog! has 30 seconds left.\n|\n|t:|1700519394\n|-terastallize|p1a: BowDog!|Steel\n|move|p1b: Tornadus|Tailwind|p1b: Tornadus\n|-sidestart|p1: BowDog!|move: Tailwind\n|move|p1a: BowDog!|Hyper Voice|p2b: Kingambit|[spread] p2a,p2b\n|-resisted|p2a: Fezandipiti\n|-damage|p2a: Fezandipiti|6\/100\n|-damage|p2b: Kingambit|44\/100\n|move|p2a: Fezandipiti|Sludge Bomb|p1a: BowDog!\n|-immune|p1a: BowDog!\n|move|p2b: Kingambit|Iron Head|p1a: BowDog!\n|-resisted|p1a: BowDog!\n|-damage|p1a: BowDog!|80\/100\n|\n|upkeep\n|turn|6\n|inactive|FreeFop has 30 seconds left.\n|\n|t:|1700519429\n|move|p2b: Kingambit|Sucker Punch|p1a: BowDog!\n|-damage|p1a: BowDog!|38\/100\n|move|p1b: Tornadus|Bleakwind Storm|p2b: Kingambit|[spread] p2a,p2b\n|-resisted|p2b: Kingambit\n|-damage|p2a: Fezandipiti|0 fnt\n|-damage|p2b: Kingambit|25\/100\n|faint|p2a: Fezandipiti\n|move|p1a: BowDog!|Hyper Voice|p2b: Kingambit\n|-damage|p2b: Kingambit|0 fnt\n|faint|p2b: Kingambit\n|\n|upkeep\n|\n|t:|1700519441\n|switch|p2b: Seahorse|Dragapult, L50, M|1\/100\n|turn|7\n|\n|t:|1700519461\n|move|p1a: BowDog!|Quick Attack|p2b: Seahorse\n|-supereffective|p2b: Seahorse\n|-damage|p2b: Seahorse|0 fnt\n|faint|p2b: Seahorse\n|\n|win|BowDog!\n|raw|BowDog!'s rating: 1131 &rarr; <strong>1159<\/strong><br \/>(+28 for winning)\n|raw|FreeFop's rating: 1172 &rarr; <strong>1144<\/strong><br \/>(-28 for losing)\n","uploadtime":1700519470,"views":2,"p1id":"bowdog","p2id":"freefop","formatid":"gen9vgc2023regulatione","rating":1144,"private":0,"password":""}