{"id":"gen9vgc2023regulatione-1999750070","p1":"pzyxhic","p2":"Bishmii","format":"[Gen 9] VGC 2023 Regulation E","log":"|j|\u2606pzyxhic\n|j|\u2606Bishmii\n|t:|1701113351\n|gametype|doubles\n|player|p1|pzyxhic|101|1346\n|player|p2|Bishmii|169|1372\n|teamsize|p1|6\n|teamsize|p2|6\n|gen|9\n|tier|[Gen 9] VGC 2023 Regulation E\n|rated|\n|rule|Species Clause: Limit one of each Pok\u00e9mon\n|rule|Item Clause: Limit one of each item\n|clearpoke\n|poke|p1|Gastrodon, L50, F|\n|poke|p1|Dragapult, L50, F|\n|poke|p1|Arcanine-Hisui, L50, F|\n|poke|p1|Empoleon, L50, F|\n|poke|p1|Ogerpon-Wellspring, L50, F|\n|poke|p1|Flutter Mane, L50|\n|poke|p2|Chien-Pao, L50|\n|poke|p2|Tornadus, L50, M|\n|poke|p2|Dragapult, L50, M|\n|poke|p2|Flutter Mane, L50|\n|poke|p2|Ogerpon-Wellspring, L50, F|\n|poke|p2|Rillaboom, L50, M|\n|teampreview|4\n|inactive|Battle timer is ON: inactive players will automatically lose when time's up. (requested by Bishmii)\n|\n|t:|1701113377\n|start\n|switch|p1a: Dragapult|Dragapult, L50, F|100\/100\n|switch|p1b: Gastrodon|Gastrodon, L50, F|100\/100\n|switch|p2a: Chien-Pao|Chien-Pao, L50|100\/100\n|switch|p2b: Dragapult|Dragapult, L50, M|100\/100\n|-ability|p2a: Chien-Pao|Sword of Ruin\n|turn|1\n|\n|t:|1701113393\n|move|p2a: Chien-Pao|Sucker Punch||[still]\n|-fail|p2a: Chien-Pao\n|move|p1a: Dragapult|Will-O-Wisp|p2a: Chien-Pao|[miss]\n|-miss|p1a: Dragapult|p2a: Chien-Pao\n|move|p2b: Dragapult|Dragon Darts|p1b: Gastrodon\n|-damage|p1b: Gastrodon|57\/100\n|-anim|p2b: Dragapult|Dragon Darts|p1a: Dragapult\n|-supereffective|p1a: Dragapult\n|-damage|p1a: Dragapult|0 fnt\n|-start|p2b: Dragapult|Disable|Dragon Darts|[from] ability: Cursed Body|[of] p1a: Dragapult\n|faint|p1a: Dragapult\n|move|p1b: Gastrodon|Acid Armor|p1b: Gastrodon\n|-boost|p1b: Gastrodon|def|2\n|\n|-heal|p1b: Gastrodon|64\/100|[from] item: Leftovers\n|upkeep\n|\n|t:|1701113407\n|switch|p1a: Arcanine|Arcanine-Hisui, L50, F|100\/100\n|-ability|p1a: Arcanine|Intimidate|boost\n|-unboost|p2a: Chien-Pao|atk|1\n|-fail|p2b: Dragapult|unboost|[from] ability: Clear Body|[of] p2b: Dragapult\n|turn|2\n|\n|t:|1701113422\n|switch|p2b: Rillaboom|Rillaboom, L50, M|100\/100\n|-fieldstart|move: Grassy Terrain|[from] ability: Grassy Surge|[of] p2b: Rillaboom\n|switch|p2a: Ogerpon|Ogerpon-Wellspring, L50, F|100\/100\n|move|p1a: Arcanine|Flare Blitz|p2b: Rillaboom\n|-supereffective|p2b: Rillaboom\n|-damage|p2b: Rillaboom|0 fnt\n|faint|p2b: Rillaboom\n|-damage|p1a: Arcanine|63\/100|[from] Recoil\n|move|p1b: Gastrodon|Acid Armor|p1b: Gastrodon\n|-boost|p1b: Gastrodon|def|2\n|\n|-heal|p1a: Arcanine|69\/100|[from] Grassy Terrain\n|-heal|p1b: Gastrodon|70\/100|[from] Grassy Terrain\n|-heal|p1b: Gastrodon|76\/100|[from] item: Leftovers\n|upkeep\n|\n|t:|1701113433\n|switch|p2b: Chien-Pao|Chien-Pao, L50|100\/100\n|-ability|p2b: Chien-Pao|Sword of Ruin\n|turn|3\n|\n|t:|1701113456\n|-terastallize|p1b: Gastrodon|Fire\n|move|p2b: Chien-Pao|Sacred Sword|p1a: Arcanine\n|-supereffective|p1a: Arcanine\n|-damage|p1a: Arcanine|0 fnt\n|faint|p1a: Arcanine\n|move|p2a: Ogerpon|Horn Leech|p1b: Gastrodon\n|-resisted|p1b: Gastrodon\n|-damage|p1b: Gastrodon|66\/100\n|move|p1b: Gastrodon|Recover|p1b: Gastrodon\n|-heal|p1b: Gastrodon|100\/100\n|\n|upkeep\n|\n|t:|1701113467\n|switch|p1a: Empoleon|Empoleon, L50, F|100\/100\n|turn|4\n|\n|t:|1701113474\n|move|p2b: Chien-Pao|Protect|p2b: Chien-Pao\n|-singleturn|p2b: Chien-Pao|Protect\n|move|p1a: Empoleon|Vacuum Wave|p2b: Chien-Pao\n|-activate|p2b: Chien-Pao|move: Protect\n|move|p2a: Ogerpon|Horn Leech|p1a: Empoleon\n|-damage|p1a: Empoleon|27\/100\n|move|p1b: Gastrodon|Acid Armor|p1b: Gastrodon\n|-boost|p1b: Gastrodon|def|2\n|\n|-heal|p1a: Empoleon|32\/100|[from] Grassy Terrain\n|upkeep\n|turn|5\n|\n|t:|1701113489\n|switch|p2b: Dragapult|Dragapult, L50, M|100\/100\n|move|p2a: Ogerpon|Horn Leech|p1a: Empoleon\n|-damage|p1a: Empoleon|0 fnt\n|faint|p1a: Empoleon\n|move|p1b: Gastrodon|Ice Beam|p2b: Dragapult\n|-supereffective|p2b: Dragapult\n|-damage|p2b: Dragapult|44\/100\n|-status|p2b: Dragapult|frz\n|\n|-heal|p2b: Dragapult|50\/100 frz|[from] Grassy Terrain\n|upkeep\n|turn|6\n|\n|t:|1701113508\n|move|p2a: Ogerpon|Follow Me|p2a: Ogerpon\n|-singleturn|p2a: Ogerpon|move: Follow Me\n|cant|p2b: Dragapult|frz\n|move|p1b: Gastrodon|Ice Beam|p2a: Ogerpon\n|-damage|p2a: Ogerpon|80\/100\n|\n|-heal|p2b: Dragapult|57\/100 frz|[from] Grassy Terrain\n|-heal|p2a: Ogerpon|86\/100|[from] Grassy Terrain\n|-fieldend|move: Grassy Terrain\n|upkeep\n|turn|7\n|\n|t:|1701113518\n|move|p2a: Ogerpon|Follow Me|p2a: Ogerpon\n|-singleturn|p2a: Ogerpon|move: Follow Me\n|cant|p2b: Dragapult|frz\n|move|p1b: Gastrodon|Ice Beam|p2a: Ogerpon\n|-damage|p2a: Ogerpon|68\/100\n|\n|upkeep\n|turn|8\n|\n|t:|1701113531\n|-terastallize|p2a: Ogerpon|Water\n|detailschange|p2a: Ogerpon|Ogerpon-Wellspring-Tera, L50, F, tera:Water\n|-ability|p2a: Ogerpon|Embody Aspect (Wellspring)|boost\n|-boost|p2a: Ogerpon|spd|1\n|move|p2a: Ogerpon|Follow Me|p2a: Ogerpon\n|-singleturn|p2a: Ogerpon|move: Follow Me\n|cant|p2b: Dragapult|frz\n|move|p1b: Gastrodon|Ice Beam|p2a: Ogerpon\n|-resisted|p2a: Ogerpon\n|-damage|p2a: Ogerpon|62\/100\n|\n|upkeep\n|turn|9\n|\n|t:|1701113542\n|move|p2a: Ogerpon|Follow Me|p2a: Ogerpon\n|-singleturn|p2a: Ogerpon|move: Follow Me\n|cant|p2b: Dragapult|frz\n|move|p1b: Gastrodon|Earth Power|p2a: Ogerpon\n|-damage|p2a: Ogerpon|44\/100\n|\n|upkeep\n|turn|10\n|\n|t:|1701113550\n|move|p2a: Ogerpon|Follow Me|p2a: Ogerpon\n|-singleturn|p2a: Ogerpon|move: Follow Me\n|cant|p2b: Dragapult|frz\n|move|p1b: Gastrodon|Earth Power|p2a: Ogerpon\n|-damage|p2a: Ogerpon|25\/100\n|\n|upkeep\n|turn|11\n|\n|t:|1701113558\n|move|p2a: Ogerpon|Follow Me|p2a: Ogerpon\n|-singleturn|p2a: Ogerpon|move: Follow Me\n|cant|p2b: Dragapult|frz\n|move|p1b: Gastrodon|Earth Power|p2a: Ogerpon\n|-damage|p2a: Ogerpon|5\/100\n|-unboost|p2a: Ogerpon|spd|1\n|\n|upkeep\n|turn|12\n|\n|t:|1701113566\n|move|p2a: Ogerpon|Follow Me|p2a: Ogerpon\n|-singleturn|p2a: Ogerpon|move: Follow Me\n|cant|p2b: Dragapult|frz\n|move|p1b: Gastrodon|Ice Beam|p2a: Ogerpon\n|-resisted|p2a: Ogerpon\n|-damage|p2a: Ogerpon|0 fnt\n|faint|p2a: Ogerpon\n|\n|upkeep\n|\n|t:|1701113571\n|switch|p2a: Chien-Pao|Chien-Pao, L50|100\/100\n|-ability|p2a: Chien-Pao|Sword of Ruin\n|turn|13\n|\n|t:|1701113576\n|move|p2a: Chien-Pao|Sucker Punch|p1b: Gastrodon\n|-damage|p1b: Gastrodon|89\/100\n|-curestatus|p2b: Dragapult|frz|[msg]\n|move|p2b: Dragapult|Dragon Darts|p1b: Gastrodon\n|-damage|p1b: Gastrodon|77\/100\n|-anim|p2b: Dragapult|Dragon Darts|p1b: Gastrodon\n|-damage|p1b: Gastrodon|64\/100\n|move|p1b: Gastrodon|Earth Power|p2a: Chien-Pao\n|-damage|p2a: Chien-Pao|50\/100\n|\n|-heal|p1b: Gastrodon|71\/100|[from] item: Leftovers\n|upkeep\n|turn|14\n|\n|t:|1701113590\n|move|p2b: Dragapult|Dragon Darts|p1b: Gastrodon\n|-damage|p1b: Gastrodon|59\/100\n|-anim|p2b: Dragapult|Dragon Darts|p1b: Gastrodon\n|-damage|p1b: Gastrodon|47\/100\n|move|p2a: Chien-Pao|Sacred Sword|p1b: Gastrodon\n|-damage|p1b: Gastrodon|10\/100\n|move|p1b: Gastrodon|Earth Power|p2a: Chien-Pao\n|-damage|p2a: Chien-Pao|0 fnt\n|faint|p2a: Chien-Pao\n|\n|-heal|p1b: Gastrodon|17\/100|[from] item: Leftovers\n|upkeep\n|turn|15\n|\n|t:|1701113603\n|move|p2b: Dragapult|Dragon Darts|p1b: Gastrodon\n|-damage|p1b: Gastrodon|8\/100\n|-anim|p2b: Dragapult|Dragon Darts|p1b: Gastrodon\n|-damage|p1b: Gastrodon|0 fnt\n|faint|p1b: Gastrodon\n|\n|win|Bishmii\n|raw|pzyxhic's rating: 1346 &rarr; <strong>1327<\/strong><br \/>(-19 for losing)\n|raw|Bishmii's rating: 1372 &rarr; <strong>1391<\/strong><br \/>(+19 for winning)\n|l|\u2606pzyxhic\n","uploadtime":1701113635,"views":12,"p1id":"pzyxhic","p2id":"bishmii","formatid":"gen9vgc2023regulatione","rating":1327,"private":0,"password":""}