{"id":"gen9vgc2023regulatione-1992121927","p1":"hnefl","p2":"GiganTheGojira","format":"[Gen 9] VGC 2023 Regulation E","log":"|j|\u2606hnefl\n|j|\u2606GiganTheGojira\n|t:|1700156876\n|gametype|doubles\n|player|p1|hnefl|169|1203\n|player|p2|GiganTheGojira|dawn|1319\n|teamsize|p1|6\n|teamsize|p2|6\n|gen|9\n|tier|[Gen 9] VGC 2023 Regulation E\n|rated|\n|rule|Species Clause: Limit one of each Pok\u00e9mon\n|rule|Item Clause: Limit one of each item\n|clearpoke\n|poke|p1|Flutter Mane, L50|\n|poke|p1|Chi-Yu, L50|\n|poke|p1|Tornadus, L50, M|\n|poke|p1|Gholdengo, L50|\n|poke|p1|Landorus-Therian, L50, M|\n|poke|p1|Ogerpon-Hearthflame, L50, F|\n|poke|p2|Ninetales-Alola, L50, F|\n|poke|p2|Arcanine-Hisui, L50, M|\n|poke|p2|Rillaboom, L50, F|\n|poke|p2|Baxcalibur, L50, F|\n|poke|p2|Sinistcha, L50|\n|poke|p2|Ogerpon-Hearthflame, L50, F|\n|teampreview|4\n|\n|t:|1700156899\n|start\n|switch|p1a: Chi-Yu|Chi-Yu, L50|100\/100\n|switch|p1b: Flutter Mane|Flutter Mane, L50|100\/100\n|switch|p2a: Zero|Ninetales-Alola, L50, F|100\/100\n|switch|p2b: HesHim|Arcanine-Hisui, L50, M|100\/100\n|-ability|p1a: Chi-Yu|Beads of Ruin\n|-weather|Snow|[from] ability: Snow Warning|[of] p2a: Zero\n|-ability|p2b: HesHim|Intimidate|boost\n|-unboost|p1a: Chi-Yu|atk|1\n|-unboost|p1b: Flutter Mane|atk|1\n|turn|1\n|\n|t:|1700156910\n|-terastallize|p2a: Zero|Water\n|move|p1a: Chi-Yu|Heat Wave|p2b: HesHim|[spread] p2a,p2b\n|-resisted|p2a: Zero\n|-resisted|p2b: HesHim\n|-damage|p2a: Zero|68\/100\n|-damage|p2b: HesHim|84\/100\n|-status|p2a: Zero|brn\n|move|p1b: Flutter Mane|Shadow Ball|p2b: HesHim\n|-damage|p2b: HesHim|0 fnt\n|faint|p2b: HesHim\n|move|p2a: Zero|Aurora Veil|p2a: Zero\n|-sidestart|p2: GiganTheGojira|move: Aurora Veil\n|\n|-weather|Snow|[upkeep]\n|-damage|p2a: Zero|61\/100 brn|[from] brn\n|upkeep\n|\n|t:|1700156943\n|switch|p2b: Gin|Ogerpon-Hearthflame, L50, F|100\/100\n|-ability|p2b: Gin|Mold Breaker\n|turn|2\n|\n|t:|1700156980\n|switch|p1a: Landorus|Landorus-Therian, L50, M|100\/100\n|-ability|p1a: Landorus|Intimidate|boost\n|-unboost|p2a: Zero|atk|1\n|-unboost|p2b: Gin|atk|1\n|move|p2b: Gin|Spiky Shield|p2b: Gin\n|-singleturn|p2b: Gin|move: Protect\n|move|p1b: Flutter Mane|Shadow Ball|p2b: Gin\n|-activate|p2b: Gin|move: Protect\n|move|p2a: Zero|Moonblast|p1a: Landorus\n|-damage|p1a: Landorus|59\/100\n|\n|-weather|Snow|[upkeep]\n|-damage|p2a: Zero|55\/100 brn|[from] brn\n|upkeep\n|turn|3\n|\n|t:|1700156994\n|switch|p2b: MMMMMMYummy|Sinistcha, L50|100\/100\n|-heal|p2a: Zero|80\/100 brn|[from] ability: Hospitality|[of] p2b: MMMMMMYummy\n|-terastallize|p1a: Landorus|Flying\n|move|p1b: Flutter Mane|Shadow Ball|p2a: Zero\n|-damage|p2a: Zero|36\/100 brn\n|-unboost|p2a: Zero|spd|1\n|move|p2a: Zero|Blizzard|p1b: Flutter Mane|[spread] p1a,p1b\n|-supereffective|p1a: Landorus\n|-damage|p1a: Landorus|0 fnt\n|-damage|p1b: Flutter Mane|71\/100\n|faint|p1a: Landorus\n|\n|-weather|Snow|[upkeep]\n|-damage|p2a: Zero|30\/100 brn|[from] brn\n|upkeep\n|\n|t:|1700157007\n|switch|p1a: Chi-Yu|Chi-Yu, L50|100\/100\n|-ability|p1a: Chi-Yu|Beads of Ruin\n|turn|4\n|\n|t:|1700157029\n|move|p1a: Chi-Yu|Dark Pulse|p2a: Zero\n|-damage|p2a: Zero|0 fnt\n|faint|p2a: Zero\n|move|p1b: Flutter Mane|Shadow Ball|p2b: MMMMMMYummy\n|-supereffective|p2b: MMMMMMYummy\n|-damage|p2b: MMMMMMYummy|0 fnt\n|faint|p2b: MMMMMMYummy\n|\n|-weather|Snow|[upkeep]\n|upkeep\n|inactive|Battle timer is ON: inactive players will automatically lose when time's up. (requested by GiganTheGojira)\n|\n|t:|1700157041\n|switch|p2a: Gin|Ogerpon-Hearthflame, L50, F|100\/100\n|-ability|p2a: Gin|Mold Breaker\n|turn|5\n|\n|t:|1700157049\n|move|p1a: Chi-Yu|Dark Pulse|p2a: Gin\n|-damage|p2a: Gin|47\/100\n|move|p1b: Flutter Mane|Shadow Ball|p2a: Gin\n|-crit|p2a: Gin\n|-damage|p2a: Gin|0 fnt\n|faint|p2a: Gin\n|\n|win|hnefl\n|raw|hnefl's rating: 1203 &rarr; <strong>1236<\/strong><br \/>(+33 for winning)\n|raw|GiganTheGojira's rating: 1319 &rarr; <strong>1293<\/strong><br \/>(-26 for losing)\n|l|\u2606GiganTheGojira\n","uploadtime":1700157055,"views":9,"p1id":"hnefl","p2id":"giganthegojira","formatid":"gen9vgc2023regulatione","rating":1236,"private":0,"password":""}