{"id":"gen9vgc2023regulatione-2000026807","p1":"hehheiamcheese","p2":"BBjaguar","format":"[Gen 9] VGC 2023 Regulation E","log":"|j|\u2606hehheiamcheese\n|j|\u2606BBjaguar\n|t:|1701142903\n|gametype|doubles\n|player|p1|hehheiamcheese|hilbert|1000\n|player|p2|BBjaguar|hilbert|1058\n|teamsize|p1|6\n|teamsize|p2|6\n|gen|9\n|tier|[Gen 9] VGC 2023 Regulation E\n|rated|\n|rule|Species Clause: Limit one of each Pok\u00e9mon\n|rule|Item Clause: Limit one of each item\n|clearpoke\n|poke|p1|Baxcalibur, L50, M|\n|poke|p1|Flutter Mane, L50|\n|poke|p1|Arcanine-Hisui, L50, M|\n|poke|p1|Torterra, L50, F|\n|poke|p1|Iron Bundle, L50|\n|poke|p1|Grimmsnarl, L50, M|\n|poke|p2|Tornadus, L50, M|\n|poke|p2|Samurott-Hisui, L50, F|\n|poke|p2|Urshifu-*, L50, M|\n|poke|p2|Mienshao, L50, F|\n|poke|p2|Iron Moth, L50|\n|poke|p2|Ogerpon-Cornerstone, L50, F|\n|teampreview|4\n|inactive|Battle timer is ON: inactive players will automatically lose when time's up. (requested by BBjaguar)\n|inactive|BBjaguar has 60 seconds left.\n|\n|t:|1701142953\n|start\n|switch|p1a: Baxcalibur|Baxcalibur, L50, M|100\/100\n|switch|p1b: Grimmsnarl|Grimmsnarl, L50, M|100\/100\n|switch|p2a: Mienshao|Mienshao, L50, F|100\/100\n|switch|p2b: Iron Moth|Iron Moth, L50|100\/100\n|-enditem|p2b: Iron Moth|Booster Energy\n|-activate|p2b: Iron Moth|ability: Quark Drive|[fromitem]\n|-start|p2b: Iron Moth|quarkdrivespa\n|turn|1\n|\n|t:|1701142975\n|move|p2a: Mienshao|Fake Out|p1b: Grimmsnarl\n|-damage|p1b: Grimmsnarl|83\/100\n|-enditem|p2a: Mienshao|Focus Sash|[silent]|[from] ability: Pickpocket|[of] p2a: Mienshao\n|-item|p1b: Grimmsnarl|Focus Sash|[from] ability: Pickpocket|[of] p2a: Mienshao\n|cant|p1b: Grimmsnarl|flinch\n|move|p2b: Iron Moth|Fiery Dance|p1a: Baxcalibur\n|-damage|p1a: Baxcalibur|47\/100\n|-boost|p2b: Iron Moth|spa|1\n|-ability|p1a: Baxcalibur|Thermal Exchange|boost\n|-boost|p1a: Baxcalibur|atk|1\n|move|p1a: Baxcalibur|Scale Shot|p2b: Iron Moth\n|-damage|p2b: Iron Moth|72\/100\n|-damage|p2b: Iron Moth|41\/100\n|-damage|p2b: Iron Moth|15\/100\n|-crit|p2b: Iron Moth\n|-damage|p2b: Iron Moth|0 fnt\n|faint|p2b: Iron Moth\n|-end|p2b: Iron Moth|Quark Drive|[silent]\n|-hitcount|p2: Iron Moth|4\n|-unboost|p1a: Baxcalibur|def|1\n|-boost|p1a: Baxcalibur|spe|1\n|\n|upkeep\n|\n|t:|1701142996\n|switch|p2b: Urshifu|Urshifu-Rapid-Strike, L50, M|100\/100\n|turn|2\n|\n|t:|1701143021\n|-terastallize|p1a: Baxcalibur|Poison\n|move|p2b: Urshifu|Surging Strikes|p1b: Grimmsnarl\n|-crit|p1b: Grimmsnarl\n|-damage|p1b: Grimmsnarl|59\/100\n|-crit|p1b: Grimmsnarl\n|-damage|p1b: Grimmsnarl|33\/100\n|-crit|p1b: Grimmsnarl\n|-damage|p1b: Grimmsnarl|7\/100\n|-hitcount|p1b: Grimmsnarl|3\n|move|p1a: Baxcalibur|Glaive Rush|p2b: Urshifu\n|-damage|p2b: Urshifu|8\/100\n|-singlemove|p1a: Baxcalibur|Glaive Rush|[silent]\n|move|p2a: Mienshao|Drain Punch|p1a: Baxcalibur\n|-resisted|p1a: Baxcalibur\n|-damage|p1a: Baxcalibur|0 fnt\n|faint|p1a: Baxcalibur\n|move|p1b: Grimmsnarl|Parting Shot|p2a: Mienshao\n|-unboost|p2a: Mienshao|atk|1\n|-unboost|p2a: Mienshao|spa|1\n|\n|t:|1701143042\n|switch|p1b: Arcanine|Arcanine-Hisui, L50, M|100\/100|[from] Parting Shot\n|-ability|p1b: Arcanine|Intimidate|boost\n|-unboost|p2a: Mienshao|atk|1\n|-unboost|p2b: Urshifu|atk|1\n|\n|upkeep\n|\n|t:|1701143050\n|switch|p1a: Flutter Mane|Flutter Mane, L50|100\/100\n|-enditem|p1a: Flutter Mane|Booster Energy\n|-activate|p1a: Flutter Mane|ability: Protosynthesis|[fromitem]\n|-start|p1a: Flutter Mane|protosynthesisspa\n|turn|3\n|\n|t:|1701143074\n|move|p1b: Arcanine|Extreme Speed|p2b: Urshifu\n|-damage|p2b: Urshifu|0 fnt\n|faint|p2b: Urshifu\n|move|p1a: Flutter Mane|Dazzling Gleam|p2a: Mienshao\n|-supereffective|p2a: Mienshao\n|-damage|p2a: Mienshao|0 fnt\n|faint|p2a: Mienshao\n|\n|upkeep\n|\n|t:|1701143083\n|switch|p2b: Samurott|Samurott-Hisui, L50, F|100\/100\n|turn|4\n|\n|t:|1701143092\n|-terastallize|p2b: Samurott|Steel\n|move|p1a: Flutter Mane|Dazzling Gleam|p2b: Samurott\n|-resisted|p2b: Samurott\n|-damage|p2b: Samurott|76\/100\n|move|p1b: Arcanine|Rock Slide|p2b: Samurott\n|-resisted|p2b: Samurott\n|-damage|p2b: Samurott|56\/100\n|cant|p2b: Samurott|flinch\n|\n|upkeep\n|turn|5\n|\n|t:|1701143105\n|move|p1a: Flutter Mane|Shadow Ball|p2b: Samurott\n|-crit|p2b: Samurott\n|-damage|p2b: Samurott|0 fnt\n|faint|p2b: Samurott\n|\n|win|hehheiamcheese\n|raw|hehheiamcheese's rating: 1000 &rarr; <strong>1047<\/strong><br \/>(+47 for winning)\n|raw|BBjaguar's rating: 1058 &rarr; <strong>1036<\/strong><br \/>(-22 for losing)\n|l|\u2606BBjaguar\n","uploadtime":1701143113,"views":1,"p1id":"hehheiamcheese","p2id":"bbjaguar","formatid":"gen9vgc2023regulatione","rating":1036,"private":0,"password":""}