{"id":"gen9vgc2023regulatione-1991140290","p1":"pepping_out","p2":"krenitos","format":"[Gen 9] VGC 2023 Regulation E","log":"|j|\u2606pepping_out\n|j|\u2606krenitos\n|t:|1700049017\n|gametype|doubles\n|player|p1|pepping_out|zinzolin|1084\n|player|p2|krenitos|fisherman|1078\n|teamsize|p1|6\n|teamsize|p2|6\n|gen|9\n|tier|[Gen 9] VGC 2023 Regulation E\n|rated|\n|rule|Species Clause: Limit one of each Pok\u00e9mon\n|rule|Item Clause: Limit one of each item\n|clearpoke\n|poke|p1|Grumpig, L50, F|\n|poke|p1|Cetitan, L50, F|\n|poke|p1|Roaring Moon, L50|\n|poke|p1|Moltres-Galar, L50|\n|poke|p1|Arcanine-Hisui, L50, M|\n|poke|p1|Amoonguss, L50, M|\n|poke|p2|Flutter Mane, L50|\n|poke|p2|Glimmora, L50, F|\n|poke|p2|Dusclops, L50, F|\n|poke|p2|Ceruledge, L50, F|\n|poke|p2|Gyarados, L50, F|\n|poke|p2|Typhlosion, L50, F|\n|teampreview|4\n|inactive|Battle timer is ON: inactive players will automatically lose when time's up. (requested by krenitos)\n|\n|t:|1700049038\n|start\n|switch|p1a: Roaring Moon|Roaring Moon, L50|100\/100\n|switch|p1b: Arcanine|Arcanine-Hisui, L50, M|100\/100\n|switch|p2a: Glimmora|Glimmora, L50, F, shiny|100\/100\n|switch|p2b: Dusclops|Dusclops, L50, F|100\/100\n|-ability|p1b: Arcanine|Intimidate|boost\n|-unboost|p2a: Glimmora|atk|1\n|-unboost|p2b: Dusclops|atk|1\n|-ability|p2b: Dusclops|Pressure\n|-enditem|p1a: Roaring Moon|Booster Energy\n|-activate|p1a: Roaring Moon|ability: Protosynthesis|[fromitem]\n|-start|p1a: Roaring Moon|protosynthesisspe\n|turn|1\n|\n|t:|1700049054\n|-end|p1a: Roaring Moon|Protosynthesis|[silent]\n|switch|p1a: Grumpig|Grumpig, L50, F|100\/100\n|switch|p2b: Gyarados|Gyarados, L50, F, shiny|100\/100\n|-ability|p2b: Gyarados|Intimidate|boost\n|-unboost|p1a: Grumpig|atk|1\n|-unboost|p1b: Arcanine|atk|1\n|move|p1b: Arcanine|Protect|p1b: Arcanine\n|-singleturn|p1b: Arcanine|Protect\n|move|p2a: Glimmora|Spiky Shield||[still]\n|-fail|p2a: Glimmora\n|\n|upkeep\n|turn|2\n|\n|t:|1700049077\n|switch|p1b: Roaring Moon|Roaring Moon, L50|100\/100\n|switch|p2a: Dusclops|Dusclops, L50, F|100\/100\n|-ability|p2a: Dusclops|Pressure\n|move|p2b: Gyarados|Protect|p2b: Gyarados\n|-singleturn|p2b: Gyarados|Protect\n|move|p1a: Grumpig|Earth Power|p2a: Dusclops\n|-damage|p2a: Dusclops|86\/100\n|\n|upkeep\n|turn|3\n|\n|t:|1700049092\n|-end|p1b: Roaring Moon|Protosynthesis|[silent]\n|switch|p1b: Arcanine|Arcanine-Hisui, L50, M|100\/100\n|-ability|p1b: Arcanine|Intimidate|boost\n|-unboost|p2a: Dusclops|atk|1\n|-unboost|p2b: Gyarados|atk|1\n|switch|p2b: Typhlosion|Typhlosion, L50, F|100\/100\n|move|p1a: Grumpig|Icy Wind|p2a: Dusclops|[spread] p2a,p2b\n|-resisted|p2b: Typhlosion\n|-damage|p2a: Dusclops|79\/100\n|-damage|p2b: Typhlosion|94\/100\n|-unboost|p2a: Dusclops|spe|1\n|-unboost|p2b: Typhlosion|spe|1\n|move|p2a: Dusclops|Trick Room|p2a: Dusclops\n|-fieldstart|move: Trick Room|[of] p2a: Dusclops\n|\n|upkeep\n|turn|4\n|\n|t:|1700049116\n|-terastallize|p2b: Typhlosion|Grass\n|move|p2a: Dusclops|Helping Hand|p2b: Typhlosion\n|-singleturn|p2b: Typhlosion|Helping Hand|[of] p2a: Dusclops\n|move|p1b: Arcanine|Protect|p1b: Arcanine\n|-singleturn|p1b: Arcanine|Protect\n|move|p1a: Grumpig|Earth Power|p2b: Typhlosion\n|-resisted|p2b: Typhlosion\n|-damage|p2b: Typhlosion|81\/100\n|move|p2b: Typhlosion|Shadow Ball|p1a: Grumpig\n|-supereffective|p1a: Grumpig\n|-damage|p1a: Grumpig|52\/100\n|\n|upkeep\n|turn|5\n|\n|t:|1700049132\n|move|p1b: Arcanine|Extreme Speed|p2b: Typhlosion\n|-damage|p2b: Typhlosion|54\/100\n|move|p2a: Dusclops|Night Shade|p1a: Grumpig\n|-damage|p1a: Grumpig|26\/100\n|move|p1a: Grumpig|Icy Wind|p2b: Typhlosion|[spread] p2a,p2b\n|-supereffective|p2b: Typhlosion\n|-damage|p2a: Dusclops|72\/100\n|-damage|p2b: Typhlosion|30\/100\n|-unboost|p2a: Dusclops|spe|1\n|-unboost|p2b: Typhlosion|spe|1\n|move|p2b: Typhlosion|Shadow Ball|p1a: Grumpig\n|-supereffective|p1a: Grumpig\n|-damage|p1a: Grumpig|0 fnt\n|faint|p1a: Grumpig\n|\n|upkeep\n|\n|t:|1700049146\n|switch|p1a: Roaring Moon|Roaring Moon, L50|100\/100\n|turn|6\n|\n|t:|1700049153\n|switch|p2b: Gyarados|Gyarados, L50, F, shiny|100\/100\n|-ability|p2b: Gyarados|Intimidate|boost\n|-unboost|p1a: Roaring Moon|atk|1\n|-unboost|p1b: Arcanine|atk|1\n|move|p2a: Dusclops|Will-O-Wisp|p1a: Roaring Moon\n|-status|p1a: Roaring Moon|brn\n|move|p1b: Arcanine|Rock Slide|p2b: Gyarados|[spread] p2a,p2b\n|-supereffective|p2b: Gyarados\n|-damage|p2a: Dusclops|63\/100\n|-damage|p2b: Gyarados|61\/100\n|move|p1a: Roaring Moon|Knock Off|p2a: Dusclops\n|-supereffective|p2a: Dusclops\n|-damage|p2a: Dusclops|41\/100\n|-enditem|p2a: Dusclops|Eviolite|[from] move: Knock Off|[of] p1a: Roaring Moon\n|\n|-damage|p1a: Roaring Moon|94\/100 brn|[from] brn\n|upkeep\n|turn|7\n|\n|t:|1700049174\n|move|p2a: Dusclops|Helping Hand|p2b: Gyarados\n|-singleturn|p2b: Gyarados|Helping Hand|[of] p2a: Dusclops\n|move|p1b: Arcanine|Protect|p1b: Arcanine\n|-singleturn|p1b: Arcanine|Protect\n|move|p2b: Gyarados|Waterfall|p1b: Arcanine\n|-activate|p1b: Arcanine|move: Protect\n|move|p1a: Roaring Moon|Knock Off|p2b: Gyarados\n|-damage|p2b: Gyarados|42\/100\n|-enditem|p2b: Gyarados|Mystic Water|[from] move: Knock Off|[of] p1a: Roaring Moon\n|\n|-damage|p1a: Roaring Moon|88\/100 brn|[from] brn\n|-fieldend|move: Trick Room\n|upkeep\n|turn|8\n|\n|t:|1700049197\n|move|p2b: Gyarados|Protect|p2b: Gyarados\n|-singleturn|p2b: Gyarados|Protect\n|move|p1a: Roaring Moon|Knock Off|p2a: Dusclops\n|-supereffective|p2a: Dusclops\n|-damage|p2a: Dusclops|21\/100\n|move|p1b: Arcanine|Rock Slide|p2b: Gyarados|[spread] p2a\n|-activate|p2b: Gyarados|move: Protect\n|-damage|p2a: Dusclops|4\/100\n|move|p2a: Dusclops|Trick Room|p2a: Dusclops\n|-fieldstart|move: Trick Room|[of] p2a: Dusclops\n|\n|-damage|p1a: Roaring Moon|82\/100 brn|[from] brn\n|upkeep\n|turn|9\n|\n|t:|1700049219\n|-end|p1a: Roaring Moon|Protosynthesis|[silent]\n|switch|p1a: Cetitan|Cetitan, L50, F|100\/100\n|move|p1b: Arcanine|Protect|p1b: Arcanine\n|-singleturn|p1b: Arcanine|Protect\n|move|p2a: Dusclops|Night Shade|p1a: Cetitan\n|-damage|p1a: Cetitan|81\/100\n|move|p2b: Gyarados|Waterfall|p1a: Cetitan\n|-damage|p1a: Cetitan|42\/100\n|\n|upkeep\n|turn|10\n|\n|t:|1700049232\n|switch|p2b: Typhlosion|Typhlosion, L50, F, tera:Grass|30\/100\n|move|p1a: Cetitan|Protect|p1a: Cetitan\n|-singleturn|p1a: Cetitan|Protect\n|move|p2a: Dusclops|Will-O-Wisp|p1a: Cetitan\n|-activate|p1a: Cetitan|move: Protect\n|move|p1b: Arcanine|Rock Slide|p2b: Typhlosion|[spread] p2a,p2b\n|-damage|p2a: Dusclops|0 fnt\n|-damage|p2b: Typhlosion|9\/100\n|faint|p2a: Dusclops\n|\n|upkeep\n|\n|t:|1700049243\n|switch|p2a: Glimmora|Glimmora, L50, F, shiny|100\/100\n|turn|11\n|\n|t:|1700049256\n|switch|p1b: Roaring Moon|Roaring Moon, L50|82\/100 brn\n|-terastallize|p1a: Cetitan|Water\n|move|p2a: Glimmora|Power Gem|p1b: Roaring Moon\n|-damage|p1b: Roaring Moon|38\/100 brn\n|move|p1a: Cetitan|Icicle Crash|p2b: Typhlosion\n|-supereffective|p2b: Typhlosion\n|-damage|p2b: Typhlosion|0 fnt\n|faint|p2b: Typhlosion\n|\n|-damage|p1b: Roaring Moon|31\/100 brn|[from] brn\n|upkeep\n|\n|t:|1700049267\n|switch|p2b: Gyarados|Gyarados, L50, F, shiny|42\/100\n|-ability|p2b: Gyarados|Intimidate|boost\n|-unboost|p1a: Cetitan|atk|1\n|-unboost|p1b: Roaring Moon|atk|1\n|turn|12\n|\n|t:|1700049276\n|switch|p1a: Arcanine|Arcanine-Hisui, L50, M|100\/100\n|-ability|p1a: Arcanine|Intimidate|boost\n|-unboost|p2a: Glimmora|atk|1\n|-unboost|p2b: Gyarados|atk|1\n|move|p2a: Glimmora|Spiky Shield|p2a: Glimmora\n|-singleturn|p2a: Glimmora|move: Protect\n|move|p2b: Gyarados|Crunch|p1a: Arcanine\n|-damage|p1a: Arcanine|73\/100\n|move|p1b: Roaring Moon|Tailwind|p1b: Roaring Moon\n|-sidestart|p1: pepping_out|move: Tailwind\n|\n|-heal|p1a: Arcanine|79\/100|[from] item: Leftovers\n|-damage|p1b: Roaring Moon|25\/100 brn|[from] brn\n|-fieldend|move: Trick Room\n|upkeep\n|turn|13\n|\n|t:|1700049298\n|-end|p1b: Roaring Moon|Protosynthesis|[silent]\n|switch|p1b: Cetitan|Cetitan, L50, F, tera:Water|42\/100\n|move|p1a: Arcanine|Rock Slide|p2b: Gyarados|[spread] p2a,p2b\n|-supereffective|p2b: Gyarados\n|-damage|p2a: Glimmora|71\/100\n|-damage|p2b: Gyarados|0 fnt\n|-activate|p2a: Glimmora|ability: Toxic Debris\n|-sidestart|p1: pepping_out|move: Toxic Spikes\n|faint|p2b: Gyarados\n|move|p2a: Glimmora|Power Gem|p1b: Cetitan\n|-damage|p1b: Cetitan|0 fnt\n|faint|p1b: Cetitan\n|\n|-heal|p1a: Arcanine|85\/100|[from] item: Leftovers\n|-heal|p2a: Glimmora|77\/100|[from] item: Leftovers\n|upkeep\n|\n|t:|1700049307\n|switch|p1b: Roaring Moon|Roaring Moon, L50|25\/100 brn\n|turn|14\n|\n|t:|1700049314\n|move|p1b: Roaring Moon|Protect|p1b: Roaring Moon\n|-singleturn|p1b: Roaring Moon|Protect\n|move|p1a: Arcanine|Protect|p1a: Arcanine\n|-singleturn|p1a: Arcanine|Protect\n|move|p2a: Glimmora|Spiky Shield||[still]\n|-fail|p2a: Glimmora\n|\n|-heal|p1a: Arcanine|90\/100|[from] item: Leftovers\n|-heal|p2a: Glimmora|83\/100|[from] item: Leftovers\n|-damage|p1b: Roaring Moon|19\/100 brn|[from] brn\n|upkeep\n|turn|15\n|\n|t:|1700049324\n|move|p1b: Roaring Moon|Knock Off|p2a: Glimmora\n|-damage|p2a: Glimmora|52\/100\n|-activate|p2a: Glimmora|ability: Toxic Debris\n|-sidestart|p1: pepping_out|move: Toxic Spikes\n|-enditem|p2a: Glimmora|Leftovers|[from] move: Knock Off|[of] p1b: Roaring Moon\n|move|p1a: Arcanine|Rock Slide|p2a: Glimmora\n|-damage|p2a: Glimmora|12\/100\n|move|p2a: Glimmora|Power Gem|p1a: Arcanine\n|-supereffective|p1a: Arcanine\n|-damage|p1a: Arcanine|0 fnt\n|faint|p1a: Arcanine\n|\n|-damage|p1b: Roaring Moon|13\/100 brn|[from] brn\n|-sideend|p1: pepping_out|move: Tailwind\n|upkeep\n|turn|16\n|\n|t:|1700049338\n|move|p1b: Roaring Moon|Protect|p1b: Roaring Moon\n|-singleturn|p1b: Roaring Moon|Protect\n|move|p2a: Glimmora|Power Gem|p1b: Roaring Moon\n|-activate|p1b: Roaring Moon|move: Protect\n|\n|-damage|p1b: Roaring Moon|7\/100 brn|[from] brn\n|upkeep\n|turn|17\n|\n|t:|1700049345\n|move|p2a: Glimmora|Spiky Shield|p2a: Glimmora\n|-singleturn|p2a: Glimmora|move: Protect\n|move|p1b: Roaring Moon|Knock Off|p2a: Glimmora\n|-activate|p2a: Glimmora|move: Protect\n|-damage|p1b: Roaring Moon|0 fnt|[from] Spiky Shield|[of] p2a: Glimmora\n|faint|p1b: Roaring Moon\n|-end|p1b: Roaring Moon|Protosynthesis|[silent]\n|\n|win|krenitos\n|raw|pepping_out's rating: 1084 &rarr; <strong>1061<\/strong><br \/>(-23 for losing)\n|raw|krenitos's rating: 1078 &rarr; <strong>1107<\/strong><br \/>(+29 for winning)\n|c|\u2606pepping_out|gg\n|c|\u2606krenitos|gg\n","uploadtime":1700049363,"views":11,"p1id":"peppingout","p2id":"krenitos","formatid":"gen9vgc2023regulatione","rating":1061,"private":0,"password":""}