{"id":"gen9vgc2023regulatione-1991717304","p1":"Lush Eagles","p2":"kidturtle","format":"[Gen 9] VGC 2023 Regulation E","log":"|j|\u2606Lush Eagles\n|j|\u2606kidturtle\n|t:|1700106359\n|gametype|doubles\n|player|p1|Lush Eagles|n|\n|player|p2|kidturtle|hoopster|\n|teamsize|p1|6\n|teamsize|p2|6\n|gen|9\n|tier|[Gen 9] VGC 2023 Regulation E\n|rated|Tournament battle\n|rule|Species Clause: Limit one of each Pok\u00e9mon\n|rule|Item Clause: Limit one of each item\n|clearpoke\n|poke|p1|Armarouge, L50, M|\n|poke|p1|Indeedee-F, L50, F|\n|poke|p1|Iron Hands, L50|\n|poke|p1|Landorus-Therian, L50, M|\n|poke|p1|Ogerpon-Wellspring, L50, F|\n|poke|p1|Kingambit, L50, F|\n|poke|p2|Ursaluna, L50, M|\n|poke|p2|Cresselia, L50, F|\n|poke|p2|Flutter Mane, L50|\n|poke|p2|Chi-Yu, L50|\n|poke|p2|Iron Hands, L50|\n|poke|p2|Urshifu-*, L50, M|\n|teampreview|4\n|showteam|p1|Armarouge||TwistedSpoon|FlashFire|ExpandingForce,TrickRoom,ArmorCannon,AuraSphere|||M|||50|,,,,,Grass]Indeedee-F||TerrainExtender|PsychicSurge|TrickRoom,HelpingHand,HealPulse,FollowMe|||F|||50|,,,,,Psychic]Iron Hands||AssaultVest|QuarkDrive|FakeOut,WildCharge,DrainPunch,StompingTantrum||||||50|,,,,,Water]Landorus-Therian||ChoiceScarf|Intimidate|RockSlide,StompingTantrum,Uturn,TeraBlast|||M|||50|,,,,,Flying]Ogerpon-Wellspring||WellspringMask|WaterAbsorb|SpikyShield,SwordsDance,IvyCudgel,HornLeech|||F|||50|,,,,,Water]Kingambit||LifeOrb|Defiant|IronHead,KowtowCleave,Protect,SuckerPunch|||F|||50|,,,,,Fairy\n|showteam|p2|Ursaluna||FlameOrb|Guts|Facade,Earthquake,SwordsDance,Protect|||M|||50|,,,,,Ghost]Cresselia||MentalHerb|Levitate|IceBeam,AllySwitch,LunarBlessing,TrickRoom|||F|||50|,,,,,Fairy]Flutter Mane||BoosterEnergy|Protosynthesis|IcyWind,ShadowBall,Moonblast,Protect||||||50|,,,,,Fairy]Chi-Yu||ChoiceSpecs|BeadsofRuin|BurningJealousy,DarkPulse,Overheat,Snarl||||||50|,,,,,Ghost]Iron Hands||SitrusBerry|QuarkDrive|DrainPunch,WildCharge,FakeOut,SwordsDance||||||50|,,,,,Fire]Urshifu||FocusSash|UnseenFist|Detect,WickedBlow,CloseCombat,SuckerPunch|||M|||50|,,,,,Dark\n|inactive|Battle timer is ON: inactive players will automatically lose when time's up. (requested by kidturtle)\n|inactive|Lush Eagles has 60 seconds left.\n|\n|t:|1700106415\n|start\n|switch|p1a: Indeedee|Indeedee-F, L50, F|100\/100\n|switch|p1b: Armarouge|Armarouge, L50, M|100\/100\n|switch|p2a: Flutter Mane|Flutter Mane, L50, shiny|100\/100\n|switch|p2b: Chi-Yu|Chi-Yu, L50|100\/100\n|-ability|p2b: Chi-Yu|Beads of Ruin\n|-fieldstart|move: Psychic Terrain|[from] ability: Psychic Surge|[of] p1a: Indeedee\n|-enditem|p2a: Flutter Mane|Booster Energy\n|-activate|p2a: Flutter Mane|ability: Protosynthesis|[fromitem]\n|-start|p2a: Flutter Mane|protosynthesisspe\n|turn|1\n|\n|t:|1700106438\n|move|p1a: Indeedee|Follow Me|p1a: Indeedee\n|-singleturn|p1a: Indeedee|move: Follow Me\n|move|p2a: Flutter Mane|Moonblast|p1a: Indeedee\n|-damage|p1a: Indeedee|39\/100\n|move|p2b: Chi-Yu|Snarl|p1a: Indeedee|[spread] p1a,p1b\n|-supereffective|p1a: Indeedee\n|-supereffective|p1b: Armarouge\n|-damage|p1a: Indeedee|0 fnt\n|-damage|p1b: Armarouge|6\/100\n|-unboost|p1b: Armarouge|spa|1\n|faint|p1a: Indeedee\n|move|p1b: Armarouge|Trick Room|p1b: Armarouge\n|-fieldstart|move: Trick Room|[of] p1b: Armarouge\n|\n|upkeep\n|j| Cdogp\n|\n|t:|1700106450\n|switch|p1a: Iron Hands|Iron Hands, L50|100\/100\n|turn|2\n|\n|t:|1700106469\n|-terastallize|p2b: Chi-Yu|Ghost\n|move|p2a: Flutter Mane|Protect|p2a: Flutter Mane\n|-singleturn|p2a: Flutter Mane|Protect\n|move|p1a: Iron Hands|Fake Out|p2b: Chi-Yu\n|-activate|p2b: Chi-Yu|move: Psychic Terrain\n|move|p1b: Armarouge|Expanding Force|p2b: Chi-Yu|[spread] p2b\n|-activate|p2a: Flutter Mane|move: Protect\n|-damage|p2b: Chi-Yu|38\/100\n|move|p2b: Chi-Yu|Snarl|p1b: Armarouge|[spread] p1a,p1b\n|-resisted|p1a: Iron Hands\n|-supereffective|p1b: Armarouge\n|-damage|p1a: Iron Hands|88\/100\n|-damage|p1b: Armarouge|0 fnt\n|-unboost|p1a: Iron Hands|spa|1\n|faint|p1b: Armarouge\n|\n|upkeep\n|\n|t:|1700106479\n|switch|p1b: Ogerpon|Ogerpon-Wellspring, L50, F|100\/100\n|turn|3\n|j| WickedCheeseTouch\n|\n|t:|1700106503\n|move|p1a: Iron Hands|Wild Charge|p2b: Chi-Yu\n|-damage|p2b: Chi-Yu|0 fnt\n|faint|p2b: Chi-Yu\n|-damage|p1a: Iron Hands|84\/100|[from] Recoil\n|move|p1b: Ogerpon|Swords Dance|p1b: Ogerpon\n|-boost|p1b: Ogerpon|atk|2\n|move|p2a: Flutter Mane|Moonblast|p1b: Ogerpon\n|-damage|p1b: Ogerpon|37\/100\n|-unboost|p1b: Ogerpon|spa|1\n|\n|upkeep\n|\n|t:|1700106522\n|switch|p2b: Ursaluna|Ursaluna, L50, M|100\/100\n|turn|4\n|\n|t:|1700106540\n|move|p1b: Ogerpon|Spiky Shield|p1b: Ogerpon\n|-singleturn|p1b: Ogerpon|move: Protect\n|move|p2b: Ursaluna|Facade|p1b: Ogerpon\n|-activate|p1b: Ogerpon|move: Protect\n|-damage|p2b: Ursaluna|88\/100|[from] Spiky Shield|[of] p1b: Ogerpon\n|move|p1a: Iron Hands|Drain Punch|p2b: Ursaluna\n|-supereffective|p2b: Ursaluna\n|-damage|p2b: Ursaluna|27\/100\n|-heal|p1a: Iron Hands|100\/100|[from] drain|[of] p2b: Ursaluna\n|move|p2a: Flutter Mane|Moonblast|p1a: Iron Hands\n|-supereffective|p1a: Iron Hands\n|-damage|p1a: Iron Hands|39\/100\n|\n|-status|p2b: Ursaluna|brn|[from] item: Flame Orb\n|upkeep\n|turn|5\n|\n|t:|1700106562\n|-end|p2a: Flutter Mane|Protosynthesis|[silent]\n|switch|p2a: Cresselia|Cresselia, L50, F|100\/100\n|move|p2b: Ursaluna|Earthquake|p1b: Ogerpon|[spread] p1a,p1b\n|-immune|p2a: Cresselia|[from] ability: Levitate\n|-supereffective|p1a: Iron Hands\n|-resisted|p1b: Ogerpon\n|-damage|p1a: Iron Hands|0 fnt\n|-damage|p1b: Ogerpon|0 fnt\n|faint|p1a: Iron Hands\n|-end|p1a: Iron Hands|Quark Drive|[silent]\n|faint|p1b: Ogerpon\n|\n|win|kidturtle\n|n|\u2606Lush Eagles|lusheagles\n|n|\u2606kidturtle|kidturtle\n|n| Cdogp|cdogp\n|n| WickedCheeseTouch|wickedcheesetouch\n|l| WickedCheeseTouch\n|l| Cdogp\n","uploadtime":1700106563,"views":15,"p1id":"lusheagles","p2id":"kidturtle","formatid":"gen9vgc2023regulatione","rating":0,"private":0,"password":""}