{"id":"gen9vgc2023regulatione-1996474544","p1":"De-Nice11","p2":"wu1fan","format":"[Gen 9] VGC 2023 Regulation E","log":"|j|\u2606De-Nice11\n|j|\u2606wu1fan\n|t:|1700685550\n|gametype|doubles\n|player|p1|De-Nice11|266|1155\n|player|p2|wu1fan|102|1212\n|teamsize|p1|6\n|teamsize|p2|6\n|gen|9\n|tier|[Gen 9] VGC 2023 Regulation E\n|rated|\n|rule|Species Clause: Limit one of each Pok\u00e9mon\n|rule|Item Clause: Limit one of each item\n|clearpoke\n|poke|p1|Chien-Pao, L50|\n|poke|p1|Urshifu-*, L50, M|\n|poke|p1|Flutter Mane, L50|\n|poke|p1|Landorus-Therian, L50, M|\n|poke|p1|Ogerpon-Hearthflame, L50, F|\n|poke|p1|Scizor, L50, M|\n|poke|p2|Arcanine-Hisui, L50, M|\n|poke|p2|Baxcalibur, L50, M|\n|poke|p2|Ninetales-Alola, L50, F|\n|poke|p2|Ogerpon-Wellspring, L50, F|\n|poke|p2|Iron Hands, L50|\n|poke|p2|Flutter Mane, L50|\n|teampreview|4\n|inactive|Battle timer is ON: inactive players will automatically lose when time's up. (requested by De-Nice11)\n|\n|t:|1700685574\n|start\n|switch|p1a: Scizor|Scizor, L50, M|100\/100\n|switch|p1b: Chien-Pao|Chien-Pao, L50|100\/100\n|switch|p2a: Arcanine|Arcanine-Hisui, L50, M|100\/100\n|switch|p2b: Iron Hands|Iron Hands, L50|100\/100\n|-ability|p1b: Chien-Pao|Sword of Ruin\n|-ability|p2a: Arcanine|Intimidate|boost\n|-unboost|p1a: Scizor|atk|1\n|-unboost|p1b: Chien-Pao|atk|1\n|turn|1\n|inactive|wu1fan has 30 seconds left.\n|inactive|wu1fan has 20 seconds left.\n|\n|t:|1700685610\n|move|p1b: Chien-Pao|Protect|p1b: Chien-Pao\n|-singleturn|p1b: Chien-Pao|Protect\n|move|p1a: Scizor|Protect|p1a: Scizor\n|-singleturn|p1a: Scizor|Protect\n|move|p2a: Arcanine|Rock Slide|p1a: Scizor|[spread] \n|-activate|p1a: Scizor|move: Protect\n|-activate|p1b: Chien-Pao|move: Protect\n|move|p2b: Iron Hands|Heavy Slam|p1b: Chien-Pao\n|-activate|p1b: Chien-Pao|move: Protect\n|\n|upkeep\n|turn|2\n|inactive|wu1fan has 30 seconds left.\n|\n|t:|1700685642\n|switch|p1b: Urshifu|Urshifu-Rapid-Strike, L50, M|100\/100\n|move|p2a: Arcanine|Rock Slide|p1b: Urshifu|[spread] p1a,p1b\n|-resisted|p1b: Urshifu\n|-damage|p1a: Scizor|58\/100\n|-damage|p1b: Urshifu|79\/100\n|move|p1a: Scizor|Tailwind|p1a: Scizor\n|-sidestart|p1: De-Nice11|move: Tailwind\n|move|p2b: Iron Hands|Heavy Slam|p1b: Urshifu\n|-resisted|p1b: Urshifu\n|-damage|p1b: Urshifu|64\/100\n|\n|upkeep\n|turn|3\n|inactive|De-Nice11 has 30 seconds left.\n|inactive|wu1fan has 30 seconds left.\n|\n|t:|1700685672\n|switch|p2a: Ogerpon|Ogerpon-Wellspring, L50, F|100\/100\n|move|p1a: Scizor|Protect|p1a: Scizor\n|-singleturn|p1a: Scizor|Protect\n|move|p1b: Urshifu|Drain Punch|p2a: Ogerpon\n|-damage|p2a: Ogerpon|62\/100\n|-heal|p1b: Urshifu|84\/100|[from] drain|[of] p2a: Ogerpon\n|move|p2b: Iron Hands|Drain Punch|p1a: Scizor\n|-activate|p1a: Scizor|move: Protect\n|\n|upkeep\n|turn|4\n|inactive|De-Nice11 has 30 seconds left.\n|\n|t:|1700685697\n|move|p2a: Ogerpon|Spiky Shield|p2a: Ogerpon\n|-singleturn|p2a: Ogerpon|move: Protect\n|move|p1b: Urshifu|Drain Punch|p2a: Ogerpon\n|-damage|p2a: Ogerpon|28\/100\n|-heal|p1b: Urshifu|100\/100|[from] drain|[of] p2a: Ogerpon\n|move|p1a: Scizor|Dual Wingbeat|p2a: Ogerpon\n|-activate|p2a: Ogerpon|move: Protect\n|-damage|p1a: Scizor|46\/100|[from] Spiky Shield|[of] p2a: Ogerpon\n|move|p2b: Iron Hands|Drain Punch|p1b: Urshifu\n|-damage|p1b: Urshifu|55\/100\n|\n|upkeep\n|turn|5\n|inactive|De-Nice11 has 30 seconds left.\n|inactive|wu1fan has 30 seconds left.\n|\n|t:|1700685731\n|switch|p1b: Flutter Mane|Flutter Mane, L50|100\/100\n|-enditem|p1b: Flutter Mane|Booster Energy\n|-activate|p1b: Flutter Mane|ability: Protosynthesis|[fromitem]\n|-start|p1b: Flutter Mane|protosynthesisspa\n|-end|p2b: Iron Hands|Quark Drive|[silent]\n|switch|p2b: Arcanine|Arcanine-Hisui, L50, M|100\/100\n|-ability|p2b: Arcanine|Intimidate|boost\n|-unboost|p1a: Scizor|atk|1\n|-unboost|p1b: Flutter Mane|atk|1\n|move|p1a: Scizor|Dual Wingbeat|p2a: Ogerpon\n|-supereffective|p2a: Ogerpon\n|-damage|p2a: Ogerpon|9\/100\n|-supereffective|p2a: Ogerpon\n|-damage|p2a: Ogerpon|0 fnt\n|faint|p2a: Ogerpon\n|-hitcount|p2: Ogerpon|2\n|\n|-sideend|p1: De-Nice11|move: Tailwind\n|upkeep\n|\n|t:|1700685751\n|switch|p2a: Iron Hands|Iron Hands, L50|100\/100\n|turn|6\n|\n|t:|1700685768\n|-terastallize|p2a: Iron Hands|Water\n|move|p1b: Flutter Mane|Protect|p1b: Flutter Mane\n|-singleturn|p1b: Flutter Mane|Protect\n|move|p1a: Scizor|Protect|p1a: Scizor\n|-singleturn|p1a: Scizor|Protect\n|move|p2b: Arcanine|Rock Slide|p1a: Scizor|[spread] \n|-activate|p1a: Scizor|move: Protect\n|-activate|p1b: Flutter Mane|move: Protect\n|move|p2a: Iron Hands|Heavy Slam|p1b: Flutter Mane\n|-activate|p1b: Flutter Mane|move: Protect\n|\n|upkeep\n|turn|7\n|\n|t:|1700685790\n|-end|p1b: Flutter Mane|Protosynthesis|[silent]\n|switch|p1b: Urshifu|Urshifu-Rapid-Strike, L50, M|55\/100\n|move|p2b: Arcanine|Rock Slide|p1a: Scizor|[spread] p1a,p1b\n|-resisted|p1b: Urshifu\n|-damage|p1a: Scizor|0 fnt\n|-damage|p1b: Urshifu|36\/100\n|faint|p1a: Scizor\n|move|p2a: Iron Hands|Wild Charge|p1b: Urshifu\n|-supereffective|p1b: Urshifu\n|-damage|p1b: Urshifu|0 fnt\n|faint|p1b: Urshifu\n|-damage|p2a: Iron Hands|94\/100|[from] Recoil\n|\n|upkeep\n|\n|t:|1700685798\n|switch|p1b: Chien-Pao|Chien-Pao, L50|100\/100\n|switch|p1a: Flutter Mane|Flutter Mane, L50|100\/100\n|-ability|p1b: Chien-Pao|Sword of Ruin\n|turn|8\n|\n|t:|1700685816\n|-terastallize|p1b: Chien-Pao|Fairy\n|move|p1b: Chien-Pao|Tera Blast|p2a: Iron Hands|[anim] Tera Blast Fairy\n|-damage|p2a: Iron Hands|56\/100\n|move|p1a: Flutter Mane|Thunderbolt|p2a: Iron Hands\n|-supereffective|p2a: Iron Hands\n|-damage|p2a: Iron Hands|15\/100\n|-status|p2a: Iron Hands|par\n|move|p2b: Arcanine|Rock Slide|p1b: Chien-Pao|[spread] p1a,p1b\n|-damage|p1a: Flutter Mane|0 fnt\n|-damage|p1b: Chien-Pao|43\/100\n|faint|p1a: Flutter Mane\n|-end|p1a: Flutter Mane|Protosynthesis|[silent]\n|move|p2a: Iron Hands|Heavy Slam|p1b: Chien-Pao\n|-supereffective|p1b: Chien-Pao\n|-damage|p1b: Chien-Pao|0 fnt\n|faint|p1b: Chien-Pao\n|\n|win|wu1fan\n|raw|De-Nice11's rating: 1155 &rarr; <strong>1134<\/strong><br \/>(-21 for losing)\n|raw|wu1fan's rating: 1212 &rarr; <strong>1233<\/strong><br \/>(+21 for winning)\n|l|\u2606De-Nice11\n","uploadtime":1700685841,"views":2,"p1id":"denice11","p2id":"wu1fan","formatid":"gen9vgc2023regulatione","rating":1134,"private":0,"password":""}