{"id":"gen9vgc2023regulatione-1999119732","p1":"PritzShow","p2":"Cosmickyle13","format":"[Gen 9] VGC 2023 Regulation E","log":"|j|\u2606PritzShow\n|j|\u2606Cosmickyle13\n|n|\u2606PritzShow|pritzshow\n|n|\u2606Cosmickyle13|cosmickyle13\n|html|View the match progress at <a href=\"\/game-bestof3-gen9vgc2023regulatione-1999115079\">game-bestof3-gen9vgc2023regulatione-1999115079<\/a>\n|t:|1701035245\n|gametype|doubles\n|player|p1|PritzShow|fisherman-gen4|\n|player|p2|Cosmickyle13|169|\n|teamsize|p1|6\n|teamsize|p2|6\n|gen|9\n|tier|[Gen 9] VGC 2023 Regulation E\n|rule|Species Clause: Limit one of each Pok\u00e9mon\n|rule|Item Clause: Limit one of each item\n|clearpoke\n|poke|p1|Arcanine, L50, F|\n|poke|p1|Ting-Lu, L50|\n|poke|p1|Zapdos, L50|\n|poke|p1|Vivillon, L50, M|\n|poke|p1|Revavroom, L50, M|\n|poke|p1|Scream Tail, L50|\n|poke|p2|Flutter Mane, L50|\n|poke|p2|Glastrier, L50|\n|poke|p2|Iron Hands, L50|\n|poke|p2|Ogerpon, L50, F|\n|poke|p2|Iron Moth, L50|\n|poke|p2|Iron Treads, L50|\n|teampreview|4\n|inactive|Battle timer is ON: inactive players will automatically lose when time's up. (requested by PritzShow)\n|inactive|Cosmickyle13 also wants the timer to be on.\n|inactive|Cosmickyle13 has 60 seconds left.\n|inactive|PritzShow has 60 seconds left.\n|\n|t:|1701035286\n|start\n|switch|p1a: Arcanine|Arcanine, L50, F|100\/100\n|switch|p1b: Scream Tail|Scream Tail, L50|100\/100\n|switch|p2a: Ogerpon|Ogerpon, L50, F|100\/100\n|switch|p2b: Flutter Mane|Flutter Mane, L50|100\/100\n|-ability|p1a: Arcanine|Intimidate|boost\n|-unboost|p2a: Ogerpon|atk|1\n|-ability|p2a: Ogerpon|Defiant|boost\n|-boost|p2a: Ogerpon|atk|2\n|-unboost|p2b: Flutter Mane|atk|1\n|-enditem|p1b: Scream Tail|Booster Energy\n|-activate|p1b: Scream Tail|ability: Protosynthesis|[fromitem]\n|-start|p1b: Scream Tail|protosynthesisspe\n|turn|1\n|inactive|PritzShow has 30 seconds left.\n|inactive|PritzShow has 20 seconds left.\n|\n|t:|1701035324\n|move|p2b: Flutter Mane|Protect|p2b: Flutter Mane\n|-singleturn|p2b: Flutter Mane|Protect\n|move|p2a: Ogerpon|Follow Me|p2a: Ogerpon\n|-singleturn|p2a: Ogerpon|move: Follow Me\n|move|p1b: Scream Tail|Dazzling Gleam|p2a: Ogerpon|[spread] p2a\n|-activate|p2b: Flutter Mane|move: Protect\n|-damage|p2a: Ogerpon|86\/100\n|move|p1a: Arcanine|Will-O-Wisp|p2a: Ogerpon\n|-status|p2a: Ogerpon|brn\n|\n|-damage|p2a: Ogerpon|80\/100 brn|[from] brn\n|upkeep\n|turn|2\n|inactive|PritzShow has 30 seconds left.\n|inactive|PritzShow has 20 seconds left.\n|inactive|PritzShow has 15 seconds left.\n|\n|t:|1701035366\n|switch|p1a: Ting-Lu|Ting-Lu, L50|100\/100\n|-ability|p1a: Ting-Lu|Vessel of Ruin\n|move|p2a: Ogerpon|Follow Me|p2a: Ogerpon\n|-singleturn|p2a: Ogerpon|move: Follow Me\n|move|p1b: Scream Tail|Encore|p2a: Ogerpon\n|-start|p2a: Ogerpon|Encore\n|move|p2b: Flutter Mane|Power Gem|p1a: Ting-Lu\n|-resisted|p1a: Ting-Lu\n|-damage|p1a: Ting-Lu|94\/100\n|\n|-damage|p2a: Ogerpon|74\/100 brn|[from] brn\n|upkeep\n|turn|3\n|inactive|PritzShow has 30 seconds left.\n|\n|t:|1701035401\n|move|p2a: Ogerpon|Follow Me|p2a: Ogerpon\n|-singleturn|p2a: Ogerpon|move: Follow Me\n|move|p1b: Scream Tail|Disable|p2a: Ogerpon\n|-start|p2a: Ogerpon|Disable|Follow Me\n|move|p1a: Ting-Lu|Rock Slide|p2a: Ogerpon|[spread] p2a,p2b\n|-damage|p2a: Ogerpon|53\/100 brn\n|-damage|p2b: Flutter Mane|67\/100\n|move|p2b: Flutter Mane|Trick Room|p2b: Flutter Mane\n|-fieldstart|move: Trick Room|[of] p2b: Flutter Mane\n|\n|-damage|p2a: Ogerpon|47\/100 brn|[from] brn\n|upkeep\n|turn|4\n|\n|t:|1701035426\n|switch|p2a: Glastrier|Glastrier, L50|100\/100\n|-end|p1b: Scream Tail|Protosynthesis|[silent]\n|switch|p1b: Arcanine|Arcanine, L50, F|100\/100\n|-ability|p1b: Arcanine|Intimidate|boost\n|-unboost|p2a: Glastrier|atk|1\n|-unboost|p2b: Flutter Mane|atk|1\n|move|p2b: Flutter Mane|Moonblast|p1a: Ting-Lu\n|-supereffective|p1a: Ting-Lu\n|-damage|p1a: Ting-Lu|47\/100\n|-unboost|p1a: Ting-Lu|spa|1\n|move|p1a: Ting-Lu|Heavy Slam|p2b: Flutter Mane\n|-supereffective|p2b: Flutter Mane\n|-damage|p2b: Flutter Mane|0 fnt\n|faint|p2b: Flutter Mane\n|-end|p2b: Flutter Mane|Protosynthesis|[silent]\n|\n|upkeep\n|\n|t:|1701035440\n|switch|p2b: Iron Moth|Iron Moth, L50|100\/100\n|turn|5\n|inactive|PritzShow has 30 seconds left.\n|inactive|Cosmickyle13 has 30 seconds left.\n|inactive|PritzShow has 20 seconds left.\n|inactive|PritzShow has 15 seconds left.\n|inactive|PritzShow has 10 seconds left.\n|\n|t:|1701035485\n|-terastallize|p2a: Glastrier|Water\n|-terastallize|p1a: Ting-Lu|Fairy\n|move|p2a: Glastrier|High Horsepower|p1b: Arcanine\n|-supereffective|p1b: Arcanine\n|-enditem|p1b: Arcanine|Shuca Berry|[eat]\n|-enditem|p1b: Arcanine|Shuca Berry|[weaken]\n|-damage|p1b: Arcanine|76\/100\n|move|p1a: Ting-Lu|Rock Slide|p2b: Iron Moth|[spread] p2a,p2b\n|-supereffective|p2b: Iron Moth\n|-damage|p2a: Glastrier|88\/100\n|-damage|p2b: Iron Moth|32\/100\n|move|p1b: Arcanine|Flare Blitz|p2a: Glastrier\n|-resisted|p2a: Glastrier\n|-damage|p2a: Glastrier|68\/100\n|-damage|p1b: Arcanine|69\/100|[from] Recoil\n|move|p2b: Iron Moth|Energy Ball|p1a: Ting-Lu\n|-damage|p1a: Ting-Lu|26\/100\n|\n|upkeep\n|turn|6\n|inactive|PritzShow has 30 seconds left.\n|\n|t:|1701035514\n|move|p1b: Arcanine|Extreme Speed|p2a: Glastrier\n|-damage|p2a: Glastrier|48\/100\n|move|p2a: Glastrier|High Horsepower|p1b: Arcanine\n|-supereffective|p1b: Arcanine\n|-crit|p1b: Arcanine\n|-damage|p1b: Arcanine|0 fnt\n|faint|p1b: Arcanine\n|-ability|p2a: Glastrier|Chilling Neigh|boost\n|-boost|p2a: Glastrier|atk|1\n|move|p1a: Ting-Lu|Earthquake|p2a: Glastrier|[spread] p2a,p2b\n|-supereffective|p2b: Iron Moth\n|-damage|p2a: Glastrier|20\/100\n|-damage|p2b: Iron Moth|0 fnt\n|faint|p2b: Iron Moth\n|-end|p2b: Iron Moth|Quark Drive|[silent]\n|\n|upkeep\n|\n|t:|1701035533\n|switch|p1b: Scream Tail|Scream Tail, L50|100\/100\n|switch|p2b: Ogerpon|Ogerpon, L50, F|47\/100 brn\n|turn|7\n|\n|t:|1701035553\n|move|p1b: Scream Tail|Protect|p1b: Scream Tail\n|-singleturn|p1b: Scream Tail|Protect\n|move|p2a: Glastrier|Icicle Crash|p1a: Ting-Lu\n|-damage|p1a: Ting-Lu|0 fnt\n|faint|p1a: Ting-Lu\n|-ability|p2a: Glastrier|Chilling Neigh|boost\n|-boost|p2a: Glastrier|atk|1\n|move|p2b: Ogerpon|Horn Leech|p1b: Scream Tail\n|-activate|p1b: Scream Tail|move: Protect\n|\n|-damage|p2b: Ogerpon|41\/100 brn|[from] brn\n|-fieldend|move: Trick Room\n|upkeep\n|\n|t:|1701035558\n|switch|p1a: Revavroom|Revavroom, L50, M|100\/100\n|turn|8\n|\n|t:|1701035578\n|move|p2b: Ogerpon|Follow Me|p2b: Ogerpon\n|-singleturn|p2b: Ogerpon|move: Follow Me\n|move|p1b: Scream Tail|Dazzling Gleam|p2a: Glastrier|[spread] p2a,p2b\n|-damage|p2a: Glastrier|12\/100\n|-damage|p2b: Ogerpon|26\/100 brn\n|move|p1a: Revavroom|Iron Head|p2b: Ogerpon\n|-damage|p2b: Ogerpon|0 fnt\n|faint|p2b: Ogerpon\n|-damage|p1a: Revavroom|91\/100|[from] item: Life Orb\n|move|p2a: Glastrier|High Horsepower|p1a: Revavroom\n|-supereffective|p1a: Revavroom\n|-damage|p1a: Revavroom|0 fnt\n|faint|p1a: Revavroom\n|-ability|p2a: Glastrier|Chilling Neigh|boost\n|-boost|p2a: Glastrier|atk|1\n|\n|upkeep\n|turn|9\n|\n|t:|1701035595\n|move|p1b: Scream Tail|Protect|p1b: Scream Tail\n|-singleturn|p1b: Scream Tail|Protect\n|move|p2a: Glastrier|Crunch|p1b: Scream Tail\n|-activate|p1b: Scream Tail|move: Protect\n|\n|upkeep\n|turn|10\n|\n|t:|1701035600\n|move|p1b: Scream Tail|Dazzling Gleam|p2a: Glastrier\n|-damage|p2a: Glastrier|2\/100\n|move|p2a: Glastrier|Crunch|p1b: Scream Tail\n|-damage|p1b: Scream Tail|50\/100\n|\n|upkeep\n|turn|11\n|c|\u2606PritzShow|gg\n|\n|t:|1701035609\n|move|p1b: Scream Tail|Dazzling Gleam|p2a: Glastrier\n|-damage|p2a: Glastrier|0 fnt\n|faint|p2a: Glastrier\n|\n|win|PritzShow\n|c|\u2606Cosmickyle13|Gg\n","uploadtime":1701035666,"views":6,"p1id":"pritzshow","p2id":"cosmickyle13","formatid":"gen9vgc2023regulatione","rating":0,"private":0,"password":""}