{"id":"gen9vgc2023regulatione-1994938559","p1":"LyneysBestFan","p2":"A Million Deaths","format":"[Gen 9] VGC 2023 Regulation E","log":"|j|\u2606LyneysBestFan\n|j|\u2606A Million Deaths\n|t:|1700506374\n|gametype|doubles\n|player|p1|LyneysBestFan|kieran|\n|player|p2|A Million Deaths|acerola-masters|\n|teamsize|p1|6\n|teamsize|p2|6\n|gen|9\n|tier|[Gen 9] VGC 2023 Regulation E\n|rule|Species Clause: Limit one of each Pok\u00e9mon\n|rule|Item Clause: Limit one of each item\n|clearpoke\n|poke|p1|Kommo-o, L50, M|\n|poke|p1|Clefairy, L50, F|\n|poke|p1|Espeon, L50, M|\n|poke|p1|Flamigo, L50, M|\n|poke|p1|Ogerpon-Hearthflame, L50, F|\n|poke|p1|Ninetales-Alola, L50, M|\n|poke|p2|Mimikyu, L50, F|\n|poke|p2|Crawdaunt, L50, M|\n|poke|p2|Clefairy, L50, F|\n|poke|p2|Basculegion, L50, M|\n|poke|p2|Ogerpon-Hearthflame, L50, F|\n|poke|p2|Fezandipiti, L50, M|\n|teampreview|4\nLyneysBestFan has agreed to open team sheets.\n|\n|t:|1700506477\n|start\n|switch|p1a: Kommo-o|Kommo-o, L50, M, shiny|100\/100\n|switch|p1b: Clefairy|Clefairy, L50, F|100\/100\n|switch|p2a: Prime of Flesh|Crawdaunt, L50, M, shiny|100\/100\n|switch|p2b: Infernal Preach|Clefairy, L50, F|100\/100\n|turn|1\n|\n|t:|1700506490\n|-terastallize|p2a: Prime of Flesh|Normal\n|move|p2b: Infernal Preach|Helping Hand|p2a: Prime of Flesh\n|-singleturn|p2a: Prime of Flesh|Helping Hand|[of] p2b: Infernal Preach\n|move|p1b: Clefairy|Follow Me|p1b: Clefairy\n|-singleturn|p1b: Clefairy|move: Follow Me\n|move|p1a: Kommo-o|Clangorous Soul|p1a: Kommo-o\n|-boost|p1a: Kommo-o|atk|1\n|-boost|p1a: Kommo-o|def|1\n|-boost|p1a: Kommo-o|spa|1\n|-boost|p1a: Kommo-o|spd|1\n|-boost|p1a: Kommo-o|spe|1\n|-damage|p1a: Kommo-o|68\/100\n|-enditem|p1a: Kommo-o|Throat Spray\n|-boost|p1a: Kommo-o|spa|1|[from] item: Throat Spray\n|move|p2a: Prime of Flesh|Giga Impact|p1b: Clefairy|[miss]\n|-miss|p2a: Prime of Flesh|p1b: Clefairy\n|\n|upkeep\n|turn|2\n|\n|t:|1700506518\n|move|p1b: Clefairy|Helping Hand|p1a: Kommo-o\n|-singleturn|p1a: Kommo-o|Helping Hand|[of] p1b: Clefairy\n|move|p2b: Infernal Preach|Helping Hand|p2a: Prime of Flesh\n|-singleturn|p2a: Prime of Flesh|Helping Hand|[of] p2b: Infernal Preach\n|move|p1a: Kommo-o|Drain Punch|p2a: Prime of Flesh\n|-supereffective|p2a: Prime of Flesh\n|-damage|p2a: Prime of Flesh|0 fnt\n|-heal|p1a: Kommo-o|100\/100|[from] drain|[of] p2a: Prime of Flesh\n|faint|p2a: Prime of Flesh\n|\n|upkeep\n|\n|t:|1700506528\n|switch|p2a: BippityBoopity|Fezandipiti, L50, M|100\/100\n|turn|3\n|\n|t:|1700506570\n|move|p1b: Clefairy|Follow Me|p1b: Clefairy\n|-singleturn|p1b: Clefairy|move: Follow Me\n|move|p1a: Kommo-o|Boomburst|p2a: BippityBoopity|[spread] p1b,p2a,p2b\n|-damage|p1b: Clefairy|60\/100\n|-damage|p2a: BippityBoopity|72\/100\n|-damage|p2b: Infernal Preach|41\/100\n|move|p2a: BippityBoopity|Gunk Shot|p1b: Clefairy\n|-supereffective|p1b: Clefairy\n|-damage|p1b: Clefairy|0 fnt\n|faint|p1b: Clefairy\n|move|p2b: Infernal Preach|Icy Wind|p1a: Kommo-o\n|-supereffective|p1a: Kommo-o\n|-damage|p1a: Kommo-o|86\/100\n|-unboost|p1a: Kommo-o|spe|1\n|\n|upkeep\n|\n|t:|1700506582\n|switch|p1b: Espeon|Espeon, L50, M|100\/100\n|turn|4\n|\n|t:|1700506610\n|move|p2b: Infernal Preach|Helping Hand|p2a: BippityBoopity\n|-singleturn|p2a: BippityBoopity|Helping Hand|[of] p2b: Infernal Preach\n|move|p1b: Espeon|Psych Up|p1a: Kommo-o\n|-copyboost|p1b: Espeon|p1a: Kommo-o|[from] move: Psych Up\n|move|p1a: Kommo-o|Hyper Voice|p2a: BippityBoopity|[spread] p2a,p2b\n|-damage|p2a: BippityBoopity|55\/100\n|-damage|p2b: Infernal Preach|1\/100\n|move|p2a: BippityBoopity|Double Kick|p1a: Kommo-o\n|-crit|p1a: Kommo-o\n|-damage|p1a: Kommo-o|57\/100\n|-damage|p1a: Kommo-o|42\/100\n|-hitcount|p1a: Kommo-o|2\n|\n|upkeep\n|turn|5\n|\n|t:|1700506632\n|move|p1b: Espeon|Stored Power|p2a: BippityBoopity\n|-supereffective|p2a: BippityBoopity\n|-damage|p2a: BippityBoopity|0 fnt\n|faint|p2a: BippityBoopity\n|move|p1a: Kommo-o|Hyper Voice|p2b: Infernal Preach\n|-damage|p2b: Infernal Preach|0 fnt\n|faint|p2b: Infernal Preach\n|\n|upkeep\n|\n|t:|1700506643\n|switch|p2a: Paladin of Marble|Basculegion, L50, M, shiny|100\/100\n|turn|6\n|\n|t:|1700506650\n|move|p1b: Espeon|Shadow Ball|p2a: Paladin of Marble\n|-supereffective|p2a: Paladin of Marble\n|-damage|p2a: Paladin of Marble|0 fnt\n|faint|p2a: Paladin of Marble\n|\n|win|LyneysBestFan\n","uploadtime":1700506658,"views":10,"p1id":"lyneysbestfan","p2id":"amilliondeaths","formatid":"gen9vgc2023regulatione","rating":0,"private":0,"password":""}