{"id":"gen9vgc2023regulatione-1989148790","p1":"Box29","p2":"TestJay","format":"[Gen 9] VGC 2023 Regulation E","log":"|j|\u2606Box29\n|j|\u2606TestJay\n|t:|1699817420\n|gametype|doubles\n|player|p1|Box29|266|1393\n|player|p2|TestJay|pokemonranger-gen4|1299\n|teamsize|p1|6\n|teamsize|p2|6\n|gen|9\n|tier|[Gen 9] VGC 2023 Regulation E\n|rated|\n|rule|Species Clause: Limit one of each Pok\u00e9mon\n|rule|Item Clause: Limit one of each item\n|clearpoke\n|poke|p1|Urshifu-*, L50, F|\n|poke|p1|Oranguru, L50, F|\n|poke|p1|Indeedee-F, L50, F|\n|poke|p1|Ursaluna-Bloodmoon, L50, M|\n|poke|p1|Chien-Pao, L50|\n|poke|p1|Ogerpon-Hearthflame, L50, F|\n|poke|p2|Dusclops, L50, F|\n|poke|p2|Ursaluna-Bloodmoon, L50, M|\n|poke|p2|Kommo-o, L50, M|\n|poke|p2|Landorus-Therian, L50, M|\n|poke|p2|Iron Hands, L50|\n|poke|p2|Sinistcha-Masterpiece, L50|\n|teampreview|4\n|inactive|Battle timer is ON: inactive players will automatically lose when time's up. (requested by Box29)\n|\n|t:|1699817439\n|start\n|switch|p1a: Chien-Pao|Chien-Pao, L50|100\/100\n|switch|p1b: Ogerpon|Ogerpon-Hearthflame, L50, F|100\/100\n|switch|p2a: Sinistcha|Sinistcha-Masterpiece, L50|100\/100\n|switch|p2b: Kommo-o|Kommo-o, L50, M, shiny|100\/100\n|-ability|p1a: Chien-Pao|Sword of Ruin\n|-ability|p1b: Ogerpon|Mold Breaker\n|turn|1\n|\n|t:|1699817455\n|switch|p2a: Landorus|Landorus-Therian, L50, M|100\/100\n|-ability|p2a: Landorus|Intimidate|boost\n|-unboost|p1a: Chien-Pao|atk|1\n|-unboost|p1b: Ogerpon|atk|1\n|move|p1a: Chien-Pao|Icicle Crash|p2b: Kommo-o\n|-supereffective|p2b: Kommo-o\n|-damage|p2b: Kommo-o|27\/100\n|move|p1b: Ogerpon|Ivy Cudgel|p2a: Landorus\n|-damage|p2a: Landorus|40\/100\n|move|p2b: Kommo-o|Clangorous Soul||[still]\n|-fail|p2b: Kommo-o\n|\n|upkeep\n|turn|2\n|\n|t:|1699817471\n|switch|p2b: Iron Hands|Iron Hands, L50|100\/100\n|move|p1b: Ogerpon|Spiky Shield|p1b: Ogerpon\n|-singleturn|p1b: Ogerpon|move: Protect\n|move|p1a: Chien-Pao|Sucker Punch|p2a: Landorus\n|-damage|p2a: Landorus|2\/100\n|move|p2a: Landorus|Rock Slide|p1a: Chien-Pao|[spread] \n|-activate|p1b: Ogerpon|move: Protect\n|-miss|p2a: Landorus|p1a: Chien-Pao\n|\n|upkeep\n|turn|3\n|inactive|Box29 has 30 seconds left.\n|inactive|Box29 has 20 seconds left.\n|\n|t:|1699817507\n|switch|p1b: Oranguru|Oranguru, L50, F|100\/100\n|-terastallize|p1a: Chien-Pao|Ghost\n|move|p2b: Iron Hands|Fake Out|p1a: Chien-Pao\n|-immune|p1a: Chien-Pao\n|move|p1a: Chien-Pao|Sucker Punch|p2a: Landorus\n|-damage|p2a: Landorus|0 fnt\n|faint|p2a: Landorus\n|\n|upkeep\n|\n|t:|1699817516\n|switch|p2a: Kommo-o|Kommo-o, L50, M, shiny|27\/100\n|turn|4\n|\n|t:|1699817526\n|-end|p2b: Iron Hands|Quark Drive|[silent]\n|switch|p2b: Sinistcha|Sinistcha-Masterpiece, L50|100\/100\n|-heal|p2a: Kommo-o|52\/100|[from] ability: Hospitality|[of] p2b: Sinistcha\n|-terastallize|p2a: Kommo-o|Steel\n|move|p1a: Chien-Pao|Icicle Crash|p2a: Kommo-o\n|-resisted|p2a: Kommo-o\n|-damage|p2a: Kommo-o|32\/100\n|cant|p2a: Kommo-o|flinch\n|move|p1b: Oranguru|Instruct|p1a: Chien-Pao\n|-singleturn|p1a: Chien-Pao|move: Instruct|[of] p1b: Oranguru\n|move|p1a: Chien-Pao|Icicle Crash|p2a: Kommo-o\n|-resisted|p2a: Kommo-o\n|-damage|p2a: Kommo-o|13\/100\n|\n|upkeep\n|turn|5\n|\n|t:|1699817546\n|move|p1a: Chien-Pao|Icicle Crash|p2b: Sinistcha\n|-supereffective|p2b: Sinistcha\n|-damage|p2b: Sinistcha|33\/100\n|move|p2a: Kommo-o|Flash Cannon|p1a: Chien-Pao\n|-damage|p1a: Chien-Pao|39\/100\n|cant|p2b: Sinistcha|flinch\n|move|p1b: Oranguru|Instruct|p1a: Chien-Pao\n|-singleturn|p1a: Chien-Pao|move: Instruct|[of] p1b: Oranguru\n|move|p1a: Chien-Pao|Icicle Crash|p2b: Sinistcha\n|-supereffective|p2b: Sinistcha\n|-damage|p2b: Sinistcha|0 fnt\n|faint|p2b: Sinistcha\n|\n|upkeep\n|\n|t:|1699817548\n|switch|p2b: Iron Hands|Iron Hands, L50|100\/100\n|turn|6\n|-message|TestJay forfeited.\n|\n|win|Box29\n|raw|Box29's rating: 1393 &rarr; <strong>1408<\/strong><br \/>(+15 for winning)\n|raw|TestJay's rating: 1299 &rarr; <strong>1281<\/strong><br \/>(-18 for losing)\n|l|\u2606TestJay\n|j|\u2606TestJay\n|player|p2|TestJay|pokemonranger-gen4\n|l|\u2606TestJay\n|player|p2|\n","uploadtime":1699817557,"views":9,"p1id":"box29","p2id":"testjay","formatid":"gen9vgc2023regulatione","rating":1281,"private":0,"password":""}