{"id":"gen9vgc2023regulatione-1992226998","p1":"5wamp","p2":"DaWoblefet","format":"[Gen 9] VGC 2023 Regulation E","log":"|j|\u26065wamp\n|j|\u2606DaWoblefet\n|n|\u26065wamp|5wamp\n|n|\u2606DaWoblefet|dawoblefet\n|html|View the match progress at <a href=\"\/game-bestof3-gen9vgc2023regulatione-1992225929\">game-bestof3-gen9vgc2023regulatione-1992225929<\/a>\n|t:|1700165607\n|gametype|doubles\n|player|p1|5wamp|carmine-festival|\n|player|p2|DaWoblefet|#dawoblefet|\n|teamsize|p1|6\n|teamsize|p2|6\n|gen|9\n|tier|[Gen 9] VGC 2023 Regulation E\n|rated|Tournament battle\n|rule|Species Clause: Limit one of each Pok\u00e9mon\n|rule|Item Clause: Limit one of each item\n|clearpoke\n|poke|p1|Dondozo, L50, M|\n|poke|p1|Tatsugiri, L50, F|\n|poke|p1|Rillaboom, L50, F|\n|poke|p1|Volcarona, L50, M|\n|poke|p1|Kingambit, L50, F|\n|poke|p1|Clefairy, L50, M|\n|poke|p2|Dusclops, L50, F|\n|poke|p2|Ursaluna-Bloodmoon, L50, M|\n|poke|p2|Iron Hands, L50|\n|poke|p2|Ogerpon-Wellspring, L50, F|\n|poke|p2|Landorus-Therian, L50, M|\n|poke|p2|Chi-Yu, L50|\n|teampreview|4\n|showteam|p1|Dondozo||Leftovers|Unaware|OrderUp,Earthquake,WaveCrash,Protect|||M|||50|,,,,,Grass]Tatsugiri||ChoiceScarf|Commander|DracoMeteor,MuddyWater,IcyWind,TeraBlast|||F|||50|,,,,,Steel]Rillaboom||AssaultVest|GrassySurge|WoodHammer,GrassyGlide,Uturn,FakeOut|||F|||50|,,,,,Fire]Volcarona||SitrusBerry|FlameBody|Protect,HeatWave,TeraBlast,QuiverDance|||M|||50|,,,,,Ground]Kingambit||BlackGlasses|Defiant|Protect,KowtowCleave,SuckerPunch,SwordsDance|||F|||50|,,,,,Dark]Clefairy||Eviolite|FriendGuard|Protect,HelpingHand,FollowMe,HealPulse|||M|||50|,,,,,Grass\n|showteam|p2|Dusclops||Eviolite|Pressure|TrickRoom,WillOWisp,PainSplit,BrickBreak|||F|||50|,,,,,Dark]Ursaluna-Bloodmoon||WeaknessPolicy|MindsEye|HyperVoice,EarthPower,BloodMoon,Protect|||M|||50|,,,,,Normal]Iron Hands||AssaultVest|QuarkDrive|DrainPunch,HeavySlam,FakeOut,VoltSwitch||||||50|,,,,,Fire]Ogerpon-Wellspring||WellspringMask|WaterAbsorb|FollowMe,IvyCudgel,HornLeech,SpikyShield|||F|||50|,,,,,Water]Landorus-Therian||ChoiceScarf|Intimidate|RockSlide,Uturn,StompingTantrum,TeraBlast|||M|||50|,,,,,Flying]Chi-Yu||SitrusBerry|BeadsofRuin|HeatWave,DarkPulse,NastyPlot,Protect||||||50|,,,,,Ghost\n|c|\u2606DaWoblefet|gl hf\n|c|\u26065wamp|glhf\n|\n|t:|1700165618\n|start\n|switch|p1a: Volcarona|Volcarona, L50, M|100\/100\n|switch|p1b: Rillaboom|Rillaboom, L50, F|100\/100\n|switch|p2a: Dusclops|Dusclops, L50, F|100\/100\n|switch|p2b: Iron Hands|Iron Hands, L50, shiny|100\/100\n|-fieldstart|move: Grassy Terrain|[from] ability: Grassy Surge|[of] p1b: Rillaboom\n|-ability|p2a: Dusclops|Pressure\n|turn|1\n|j| fyfyyalt1\n|j| Paulsicle\n|\n|t:|1700165644\n|move|p2b: Iron Hands|Fake Out|p1b: Rillaboom\n|-damage|p1b: Rillaboom|85\/100\n|move|p1a: Volcarona|Quiver Dance|p1a: Volcarona\n|-boost|p1a: Volcarona|spa|1\n|-boost|p1a: Volcarona|spd|1\n|-boost|p1a: Volcarona|spe|1\n|cant|p1b: Rillaboom|flinch\n|move|p2a: Dusclops|Will-O-Wisp|p1b: Rillaboom|[miss]\n|-miss|p2a: Dusclops|p1b: Rillaboom\n|\n|-heal|p1b: Rillaboom|91\/100|[from] Grassy Terrain\n|upkeep\n|turn|2\n|\n|t:|1700165665\n|move|p1a: Volcarona|Quiver Dance|p1a: Volcarona\n|-boost|p1a: Volcarona|spa|1\n|-boost|p1a: Volcarona|spd|1\n|-boost|p1a: Volcarona|spe|1\n|move|p1b: Rillaboom|Wood Hammer|p2b: Iron Hands\n|-damage|p2b: Iron Hands|43\/100\n|-damage|p1b: Rillaboom|69\/100|[from] Recoil\n|move|p2b: Iron Hands|Volt Switch|p1b: Rillaboom\n|-resisted|p1b: Rillaboom\n|-damage|p1b: Rillaboom|64\/100\n|\n|t:|1700165674\n|-end|p2b: Iron Hands|Quark Drive|[silent]\n|switch|p2b: Ursaluna|Ursaluna-Bloodmoon, L50, M|100\/100|[from] Volt Switch\n|move|p2a: Dusclops|Trick Room|p2a: Dusclops\n|-fieldstart|move: Trick Room|[of] p2a: Dusclops\n|\n|-heal|p1b: Rillaboom|70\/100|[from] Grassy Terrain\n|upkeep\n|turn|3\n|\n|t:|1700165685\n|-terastallize|p2b: Ursaluna|Normal\n|-terastallize|p1b: Rillaboom|Fire\n|move|p1b: Rillaboom|Grassy Glide|p2b: Ursaluna\n|-damage|p2b: Ursaluna|75\/100\n|move|p2a: Dusclops|Brick Break|p2b: Ursaluna\n|-supereffective|p2b: Ursaluna\n|-damage|p2b: Ursaluna|57\/100\n|-enditem|p2b: Ursaluna|Weakness Policy\n|-boost|p2b: Ursaluna|atk|2|[from] item: Weakness Policy\n|-boost|p2b: Ursaluna|spa|2|[from] item: Weakness Policy\n|move|p2b: Ursaluna|Blood Moon|p1a: Volcarona\n|-damage|p1a: Volcarona|10\/100\n|-enditem|p1a: Volcarona|Sitrus Berry|[eat]\n|-heal|p1a: Volcarona|35\/100|[from] item: Sitrus Berry\n|move|p1a: Volcarona|Heat Wave|p2a: Dusclops|[spread] p2a,p2b\n|-damage|p2a: Dusclops|59\/100\n|-damage|p2b: Ursaluna|0 fnt\n|faint|p2b: Ursaluna\n|\n|-heal|p2a: Dusclops|65\/100|[from] Grassy Terrain\n|-heal|p1b: Rillaboom|75\/100|[from] Grassy Terrain\n|-heal|p1a: Volcarona|41\/100|[from] Grassy Terrain\n|upkeep\n|\n|t:|1700165706\n|switch|p2b: Iron Hands|Iron Hands, L50, shiny|43\/100\n|turn|4\n|j| Airend~\n|\n|t:|1700165714\n|move|p1a: Volcarona|Protect|p1a: Volcarona\n|-singleturn|p1a: Volcarona|Protect\n|move|p2a: Dusclops|Pain Split|p1b: Rillaboom\n|-sethp|p1b: Rillaboom|61\/100|[from] move: Pain Split|[silent]\n|-sethp|p2a: Dusclops|86\/100|[from] move: Pain Split\n|move|p2b: Iron Hands|Drain Punch|p1b: Rillaboom\n|-damage|p1b: Rillaboom|23\/100\n|-heal|p2b: Iron Hands|60\/100|[from] drain|[of] p1b: Rillaboom\n|move|p1b: Rillaboom|Wood Hammer|p2b: Iron Hands\n|-damage|p2b: Iron Hands|0 fnt\n|faint|p2b: Iron Hands\n|-end|p2b: Iron Hands|Quark Drive|[silent]\n|-damage|p1b: Rillaboom|0 fnt|[from] Recoil\n|faint|p1b: Rillaboom\n|\n|-heal|p2a: Dusclops|92\/100|[from] Grassy Terrain\n|-heal|p1a: Volcarona|47\/100|[from] Grassy Terrain\n|upkeep\n|j| Ab0ve5029\n|\n|t:|1700165726\n|switch|p2b: Ogerpon|Ogerpon-Wellspring, L50, F|100\/100\n|switch|p1b: Clefairy|Clefairy, L50, M|100\/100\n|turn|5\n|\n|t:|1700165734\n|move|p1b: Clefairy|Follow Me|p1b: Clefairy\n|-singleturn|p1b: Clefairy|move: Follow Me\n|move|p2a: Dusclops|Will-O-Wisp|p1b: Clefairy\n|-status|p1b: Clefairy|brn\n|move|p2b: Ogerpon|Ivy Cudgel|p1b: Clefairy|[anim] Ivy Cudgel Water\n|-damage|p1b: Clefairy|54\/100 brn\n|move|p1a: Volcarona|Heat Wave|p2b: Ogerpon|[spread] p2a,p2b\n|-crit|p2a: Dusclops\n|-damage|p2a: Dusclops|28\/100\n|-damage|p2b: Ogerpon|40\/100\n|\n|-heal|p2a: Dusclops|34\/100|[from] Grassy Terrain\n|-heal|p1b: Clefairy|60\/100 brn|[from] Grassy Terrain\n|-heal|p2b: Ogerpon|46\/100|[from] Grassy Terrain\n|-heal|p1a: Volcarona|54\/100|[from] Grassy Terrain\n|-damage|p1b: Clefairy|54\/100 brn|[from] brn\n|-fieldend|move: Grassy Terrain\n|upkeep\n|turn|6\n|-message|DaWoblefet forfeited.\n|\n|win|5wamp\n|c|\u2606DaWoblefet|gg\n|c|\u26065wamp|ggwp\n","uploadtime":1700165756,"views":54,"p1id":"5wamp","p2id":"dawoblefet","formatid":"gen9vgc2023regulatione","rating":0,"private":0,"password":""}