{"id":"gen9vgc2023regulatione-1993536604","p1":"WuKong not Goku","p2":"Kzzrjzjzk","format":"[Gen 9] VGC 2023 Regulation E","log":"|j|\u2606WuKong not Goku\n|j|\u2606Kzzrjzjzk\n|t:|1700329234\n|gametype|doubles\n|player|p1|WuKong not Goku|n|1028\n|player|p2|Kzzrjzjzk|lance|1000\n|teamsize|p1|6\n|teamsize|p2|6\n|gen|9\n|tier|[Gen 9] VGC 2023 Regulation E\n|rated|\n|rule|Species Clause: Limit one of each Pok\u00e9mon\n|rule|Item Clause: Limit one of each item\n|clearpoke\n|poke|p1|Scream Tail, L50|\n|poke|p1|Goodra-Hisui, L50, F|\n|poke|p1|Annihilape, L50, M|\n|poke|p1|Kingambit, L50, M|\n|poke|p1|Regieleki, L50|\n|poke|p1|Flutter Mane, L50|\n|poke|p2|Flutter Mane, L50|\n|poke|p2|Tornadus, L50, M|\n|poke|p2|Rillaboom, L50, F|\n|poke|p2|Garganacl, L50, M|\n|poke|p2|Arcanine-Hisui, L50, M|\n|poke|p2|Chien-Pao, L50|\n|teampreview|4\n|\n|t:|1700329258\n|start\n|switch|p1a: Regieleki|Regieleki, L50|100\/100\n|switch|p1b: Flutter Mane|Flutter Mane, L50|100\/100\n|switch|p2a: Tornadus|Tornadus, L50, M|100\/100\n|switch|p2b: Garganacl|Garganacl, L50, M|100\/100\n|turn|1\n|\n|t:|1700329286\n|move|p2a: Tornadus|Tailwind|p2a: Tornadus\n|-sidestart|p2: Kzzrjzjzk|move: Tailwind\n|move|p1a: Regieleki|Electroweb|p2b: Garganacl|[spread] p2a,p2b\n|-supereffective|p2a: Tornadus\n|-damage|p2a: Tornadus|62\/100\n|-damage|p2b: Garganacl|85\/100\n|-unboost|p2a: Tornadus|spe|1\n|-unboost|p2b: Garganacl|spe|1\n|move|p1b: Flutter Mane|Thunderbolt|p2a: Tornadus\n|-supereffective|p2a: Tornadus\n|-damage|p2a: Tornadus|0 fnt\n|faint|p2a: Tornadus\n|move|p2b: Garganacl|Salt Cure|p1b: Flutter Mane\n|-damage|p1b: Flutter Mane|75\/100\n|-start|p1b: Flutter Mane|Salt Cure\n|\n|-damage|p1b: Flutter Mane|63\/100|[from] Salt Cure\n|upkeep\n|\n|t:|1700329301\n|switch|p2a: Rillaboom|Rillaboom, L50, F|100\/100\n|-fieldstart|move: Grassy Terrain|[from] ability: Grassy Surge|[of] p2a: Rillaboom\n|turn|2\n|\n|t:|1700329315\n|-end|p1b: Flutter Mane|Protosynthesis|[silent]\n|switch|p1b: Kingambit|Kingambit, L50, M|100\/100\n|move|p2a: Rillaboom|Grassy Glide|p1b: Kingambit\n|-resisted|p1b: Kingambit\n|-damage|p1b: Kingambit|83\/100\n|move|p1a: Regieleki|Electroweb|p2b: Garganacl|[spread] p2a,p2b\n|-resisted|p2a: Rillaboom\n|-damage|p2a: Rillaboom|93\/100\n|-damage|p2b: Garganacl|71\/100\n|-unboost|p2a: Rillaboom|spe|1\n|-unboost|p2b: Garganacl|spe|1\n|move|p2b: Garganacl|Salt Cure|p1a: Regieleki\n|-damage|p1a: Regieleki|73\/100\n|-start|p1a: Regieleki|Salt Cure\n|\n|-heal|p1a: Regieleki|79\/100|[from] Grassy Terrain\n|-heal|p2a: Rillaboom|99\/100|[from] Grassy Terrain\n|-heal|p1b: Kingambit|88\/100|[from] Grassy Terrain\n|-heal|p2b: Garganacl|77\/100|[from] Grassy Terrain\n|-damage|p1a: Regieleki|66\/100|[from] Salt Cure\n|upkeep\n|turn|3\n|\n|t:|1700329353\n|-terastallize|p2b: Garganacl|Ghost\n|move|p1a: Regieleki|Wild Charge|p2b: Garganacl\n|-damage|p2b: Garganacl|33\/100\n|-enditem|p2b: Garganacl|Sitrus Berry|[eat]\n|-heal|p2b: Garganacl|58\/100|[from] item: Sitrus Berry\n|-damage|p1a: Regieleki|51\/100|[from] Recoil\n|move|p2a: Rillaboom|Drain Punch|p1b: Kingambit\n|-supereffective|p1b: Kingambit\n|-damage|p1b: Kingambit|0 fnt\n|-heal|p2a: Rillaboom|100\/100|[from] drain|[of] p1b: Kingambit\n|faint|p1b: Kingambit\n|-end|p1b: Kingambit|fallenundefined|[silent]\n|move|p2b: Garganacl|Salt Cure|p1a: Regieleki\n|-damage|p1a: Regieleki|24\/100\n|\n|-heal|p1a: Regieleki|30\/100|[from] Grassy Terrain\n|-heal|p2b: Garganacl|63\/100|[from] Grassy Terrain\n|-damage|p1a: Regieleki|18\/100|[from] Salt Cure\n|upkeep\n|\n|t:|1700329376\n|switch|p1b: Annihilape|Annihilape, L50, M|100\/100\n|turn|4\n|\n|t:|1700329387\n|move|p2a: Rillaboom|Grassy Glide|p1a: Regieleki\n|-damage|p1a: Regieleki|0 fnt\n|faint|p1a: Regieleki\n|move|p1b: Annihilape|Bulk Up|p1b: Annihilape\n|-boost|p1b: Annihilape|atk|1\n|-boost|p1b: Annihilape|def|1\n|move|p2b: Garganacl|Iron Defense|p2b: Garganacl\n|-boost|p2b: Garganacl|def|2\n|\n|-heal|p2b: Garganacl|69\/100|[from] Grassy Terrain\n|-sideend|p2: Kzzrjzjzk|move: Tailwind\n|upkeep\n|\n|t:|1700329400\n|switch|p1a: Flutter Mane|Flutter Mane, L50|63\/100\n|turn|5\n|\n|t:|1700329415\n|move|p2b: Garganacl|Protect|p2b: Garganacl\n|-singleturn|p2b: Garganacl|Protect\n|move|p2a: Rillaboom|Grassy Glide|p1a: Flutter Mane\n|-damage|p1a: Flutter Mane|0 fnt\n|faint|p1a: Flutter Mane\n|-end|p1a: Flutter Mane|Protosynthesis|[silent]\n|move|p1b: Annihilape|Bulk Up|p1b: Annihilape\n|-boost|p1b: Annihilape|atk|1\n|-boost|p1b: Annihilape|def|1\n|\n|-heal|p2b: Garganacl|75\/100|[from] Grassy Terrain\n|upkeep\n|turn|6\n|\n|t:|1700329448\n|move|p1b: Annihilape|Brick Break|p2a: Rillaboom\n|-damage|p2a: Rillaboom|25\/100\n|move|p2a: Rillaboom|Wood Hammer|p1b: Annihilape\n|-damage|p1b: Annihilape|61\/100\n|-damage|p2a: Rillaboom|12\/100|[from] Recoil\n|move|p2b: Garganacl|Iron Defense|p2b: Garganacl\n|-boost|p2b: Garganacl|def|2\n|\n|-heal|p1b: Annihilape|67\/100|[from] Grassy Terrain\n|-heal|p2a: Rillaboom|17\/100|[from] Grassy Terrain\n|-heal|p2b: Garganacl|81\/100|[from] Grassy Terrain\n|-fieldend|move: Grassy Terrain\n|upkeep\n|turn|7\n|\n|t:|1700329468\n|move|p1b: Annihilape|Brick Break|p2a: Rillaboom\n|-damage|p2a: Rillaboom|0 fnt\n|faint|p2a: Rillaboom\n|move|p2b: Garganacl|Iron Defense|p2b: Garganacl\n|-boost|p2b: Garganacl|def|2\n|\n|upkeep\n|\n|t:|1700329473\n|switch|p2a: Flutter Mane|Flutter Mane, L50|100\/100\n|-enditem|p2a: Flutter Mane|Booster Energy\n|-activate|p2a: Flutter Mane|ability: Protosynthesis|[fromitem]\n|-start|p2a: Flutter Mane|protosynthesisspe\n|turn|8\n|\n|t:|1700329491\n|move|p2a: Flutter Mane|Protect|p2a: Flutter Mane\n|-singleturn|p2a: Flutter Mane|Protect\n|move|p1b: Annihilape|Rage Fist|p2b: Garganacl\n|-supereffective|p2b: Garganacl\n|-damage|p2b: Garganacl|62\/100\n|move|p2b: Garganacl|Salt Cure|p1b: Annihilape\n|-resisted|p1b: Annihilape\n|-crit|p1b: Annihilape\n|-damage|p1b: Annihilape|56\/100\n|-start|p1b: Annihilape|Salt Cure\n|\n|-damage|p1b: Annihilape|44\/100|[from] Salt Cure\n|upkeep\n|turn|9\n|\n|t:|1700329505\n|move|p2a: Flutter Mane|Substitute|p2a: Flutter Mane\n|-start|p2a: Flutter Mane|Substitute\n|-damage|p2a: Flutter Mane|76\/100\n|move|p1b: Annihilape|Rage Fist|p2a: Flutter Mane\n|-supereffective|p2a: Flutter Mane\n|-end|p2a: Flutter Mane|Substitute\n|move|p2b: Garganacl|Recover|p2b: Garganacl\n|-heal|p2b: Garganacl|100\/100\n|\n|-damage|p1b: Annihilape|31\/100|[from] Salt Cure\n|upkeep\n|turn|10\n|-message|WuKong not Goku forfeited.\n|\n|win|Kzzrjzjzk\n|raw|WuKong not Goku's rating: 1028 &rarr; <strong>1013<\/strong><br \/>(-15 for losing)\n|raw|Kzzrjzjzk's rating: 1000 &rarr; <strong>1043<\/strong><br \/>(+43 for winning)\n|l|\u2606WuKong not Goku\n","uploadtime":1700329525,"views":7,"p1id":"wukongnotgoku","p2id":"kzzrjzjzk","formatid":"gen9vgc2023regulatione","rating":1013,"private":0,"password":""}