{"id":"gen9vgc2023regulatione-1999564795","p1":"Subjectpumpkin","p2":"CarsonBF","format":"[Gen 9] VGC 2023 Regulation E","log":"|j|\u2606Subjectpumpkin\n|j|\u2606CarsonBF\n|t:|1701096639\n|gametype|doubles\n|player|p1|Subjectpumpkin|1|1315\n|player|p2|CarsonBF|red|1326\n|teamsize|p1|6\n|teamsize|p2|6\n|gen|9\n|tier|[Gen 9] VGC 2023 Regulation E\n|rated|\n|rule|Species Clause: Limit one of each Pok\u00e9mon\n|rule|Item Clause: Limit one of each item\n|clearpoke\n|poke|p1|Armarouge, L50, F|\n|poke|p1|Indeedee-F, L50, F|\n|poke|p1|Chi-Yu, L50|\n|poke|p1|Flutter Mane, L50|\n|poke|p1|Azumarill, L50, F|\n|poke|p1|Baxcalibur, L50, M|\n|poke|p2|Ogerpon-Wellspring, L50, F|\n|poke|p2|Regieleki, L50|\n|poke|p2|Tornadus, L50, M|\n|poke|p2|Flutter Mane, L50|\n|poke|p2|Arcanine-Hisui, L50, M|\n|poke|p2|Iron Hands, L50|\n|teampreview|4\n|inactive|Battle timer is ON: inactive players will automatically lose when time's up. (requested by Subjectpumpkin)\nCarsonBF has agreed to open team sheets.\n|inactive|CarsonBF has 60 seconds left.\n|inactive|CarsonBF has 30 seconds left.\n|inactive|CarsonBF has 20 seconds left.\n|inactive|CarsonBF has 15 seconds left.\n|inactive|CarsonBF has 10 seconds left.\n|\n|t:|1701096724\n|start\n|switch|p1a: Armarouge|Armarouge, L50, F|100\/100\n|switch|p1b: Indeedee|Indeedee-F, L50, F|100\/100\n|switch|p2a: Regieleki|Regieleki, L50|100\/100\n|switch|p2b: Ogerpon|Ogerpon-Wellspring, L50, F|100\/100\n|-fieldstart|move: Psychic Terrain|[from] ability: Psychic Surge|[of] p1b: Indeedee\n|-enditem|p1b: Indeedee|Psychic Seed\n|-boost|p1b: Indeedee|spd|1|[from] item: Psychic Seed\n|turn|1\n|inactive|CarsonBF has 30 seconds left.\n|\n|t:|1701096751\n|-terastallize|p1a: Armarouge|Grass\n|move|p2a: Regieleki|Thunderbolt|p1a: Armarouge\n|-resisted|p1a: Armarouge\n|-damage|p1a: Armarouge|70\/100\n|move|p2b: Ogerpon|Ivy Cudgel|p1a: Armarouge|[anim] Ivy Cudgel Water\n|-resisted|p1a: Armarouge\n|-damage|p1a: Armarouge|45\/100\n|move|p1a: Armarouge|Expanding Force|p2a: Regieleki|[spread] p2a,p2b\n|-enditem|p2a: Regieleki|Focus Sash\n|-damage|p2a: Regieleki|1\/100\n|-damage|p2b: Ogerpon|27\/100\n|-damage|p1a: Armarouge|35\/100|[from] item: Life Orb\n|move|p1b: Indeedee|Trick Room|p1b: Indeedee\n|-fieldstart|move: Trick Room|[of] p1b: Indeedee\n|\n|upkeep\n|turn|2\n|inactive|CarsonBF has 30 seconds left.\n|\n|t:|1701096785\n|move|p1b: Indeedee|Helping Hand|p1a: Armarouge\n|-singleturn|p1a: Armarouge|Helping Hand|[of] p1b: Indeedee\n|move|p2b: Ogerpon|Spiky Shield|p2b: Ogerpon\n|-singleturn|p2b: Ogerpon|move: Protect\n|move|p2a: Regieleki|Protect|p2a: Regieleki\n|-singleturn|p2a: Regieleki|Protect\n|move|p1a: Armarouge|Expanding Force|p2b: Ogerpon|[spread] \n|-activate|p2a: Regieleki|move: Protect\n|-activate|p2b: Ogerpon|move: Protect\n|\n|upkeep\n|turn|3\n|inactive|CarsonBF has 30 seconds left.\n|inactive|CarsonBF has 20 seconds left.\n|inactive|CarsonBF has 15 seconds left.\n|\n|t:|1701096828\n|move|p1b: Indeedee|Helping Hand|p1a: Armarouge\n|-singleturn|p1a: Armarouge|Helping Hand|[of] p1b: Indeedee\n|move|p1a: Armarouge|Expanding Force|p2b: Ogerpon|[spread] p2a,p2b\n|-damage|p2a: Regieleki|0 fnt\n|-damage|p2b: Ogerpon|0 fnt\n|faint|p2a: Regieleki\n|faint|p2b: Ogerpon\n|-damage|p1a: Armarouge|25\/100|[from] item: Life Orb\n|\n|upkeep\n|\n|t:|1701096835\n|switch|p2b: Flutter Mane|Flutter Mane, L50|100\/100\n|switch|p2a: Iron Hands|Iron Hands, L50|100\/100\n|-enditem|p2b: Flutter Mane|Booster Energy\n|-activate|p2b: Flutter Mane|ability: Protosynthesis|[fromitem]\n|-start|p2b: Flutter Mane|protosynthesisspa\n|turn|4\n|inactive|CarsonBF has 30 seconds left.\n|\n|t:|1701096862\n|move|p2b: Flutter Mane|Protect|p2b: Flutter Mane\n|-singleturn|p2b: Flutter Mane|Protect\n|move|p1b: Indeedee|Follow Me|p1b: Indeedee\n|-singleturn|p1b: Indeedee|move: Follow Me\n|move|p2a: Iron Hands|Heavy Slam|p1b: Indeedee\n|-damage|p1b: Indeedee|43\/100\n|move|p1a: Armarouge|Expanding Force|p2a: Iron Hands|[spread] p2a\n|-activate|p2b: Flutter Mane|move: Protect\n|-supereffective|p2a: Iron Hands\n|-damage|p2a: Iron Hands|11\/100\n|-damage|p1a: Armarouge|15\/100|[from] item: Life Orb\n|\n|upkeep\n|turn|5\n|\n|t:|1701096884\n|-terastallize|p2b: Flutter Mane|Fairy\n|move|p1b: Indeedee|Follow Me|p1b: Indeedee\n|-singleturn|p1b: Indeedee|move: Follow Me\n|move|p2a: Iron Hands|Heavy Slam|p1b: Indeedee\n|-damage|p1b: Indeedee|0 fnt\n|faint|p1b: Indeedee\n|move|p1a: Armarouge|Expanding Force|p2a: Iron Hands|[spread] p2a,p2b\n|-supereffective|p2a: Iron Hands\n|-damage|p2a: Iron Hands|0 fnt\n|-damage|p2b: Flutter Mane|25\/100\n|faint|p2a: Iron Hands\n|-end|p2a: Iron Hands|Quark Drive|[silent]\n|-damage|p1a: Armarouge|5\/100|[from] item: Life Orb\n|move|p2b: Flutter Mane|Dazzling Gleam|p1a: Armarouge\n|-damage|p1a: Armarouge|0 fnt\n|faint|p1a: Armarouge\n|\n|-fieldend|move: Trick Room\n|-fieldend|move: Psychic Terrain\n|upkeep\n|\n|t:|1701096902\n|switch|p1b: Baxcalibur|Baxcalibur, L50, M|100\/100\n|switch|p1a: Azumarill|Azumarill, L50, F|100\/100\n|turn|6\n|\n|t:|1701096910\n|move|p2b: Flutter Mane|Protect|p2b: Flutter Mane\n|-singleturn|p2b: Flutter Mane|Protect\n|move|p1a: Azumarill|Aqua Jet|p2b: Flutter Mane\n|-activate|p2b: Flutter Mane|move: Protect\n|move|p1b: Baxcalibur|Icicle Spear|p2b: Flutter Mane\n|-activate|p2b: Flutter Mane|move: Protect\n|\n|upkeep\n|turn|7\n|\n|t:|1701096921\n|move|p1a: Azumarill|Aqua Jet|p2b: Flutter Mane\n|-crit|p2b: Flutter Mane\n|-damage|p2b: Flutter Mane|0 fnt\n|faint|p2b: Flutter Mane\n|-end|p2b: Flutter Mane|Protosynthesis|[silent]\n|\n|win|Subjectpumpkin\n|raw|Subjectpumpkin's rating: 1315 &rarr; <strong>1336<\/strong><br \/>(+21 for winning)\n|raw|CarsonBF's rating: 1326 &rarr; <strong>1305<\/strong><br \/>(-21 for losing)\n|l|\u2606CarsonBF\n","uploadtime":1701097042,"views":8,"p1id":"subjectpumpkin","p2id":"carsonbf","formatid":"gen9vgc2023regulatione","rating":1305,"private":0,"password":""}