{"id":"gen9vgc2023regulatione-1998092347","p1":"Robo562","p2":"MarkTheShadow","format":"[Gen 9] VGC 2023 Regulation E","log":"|j|\u2606Robo562\n|j|\u2606MarkTheShadow\n|t:|1700889979\n|gametype|doubles\n|player|p1|Robo562|102|1320\n|player|p2|MarkTheShadow|steven|1327\n|teamsize|p1|6\n|teamsize|p2|6\n|gen|9\n|tier|[Gen 9] VGC 2023 Regulation E\n|rated|\n|rule|Species Clause: Limit one of each Pok\u00e9mon\n|rule|Item Clause: Limit one of each item\n|clearpoke\n|poke|p1|Roaring Moon, L50|\n|poke|p1|Flutter Mane, L50|\n|poke|p1|Tornadus, L50, M|\n|poke|p1|Heatran, L50, F|\n|poke|p1|Rillaboom, L50, F|\n|poke|p1|Urshifu-*, L50, M|\n|poke|p2|Dragonite, L50, M|\n|poke|p2|Ursaluna-Bloodmoon, L50, M|\n|poke|p2|Heatran, L50, M|\n|poke|p2|Farigiraf, L50, M|\n|poke|p2|Oranguru, L50, M|\n|poke|p2|Okidogi, L50, M|\n|teampreview|4\n|inactive|Battle timer is ON: inactive players will automatically lose when time's up. (requested by MarkTheShadow)\n|inactive|Robo562 has 60 seconds left.\n|inactive|MarkTheShadow has 60 seconds left.\n|inactive|Robo562 has 30 seconds left.\n|\n|t:|1700890047\n|start\n|switch|p1a: Urshifu|Urshifu-Rapid-Strike, L50, M|100\/100\n|switch|p1b: Heatran|Heatran, L50, F|100\/100\n|switch|p2a: Oranguru|Oranguru, L50, M|100\/100\n|switch|p2b: Farigiraf|Farigiraf, L50, M|100\/100\n|turn|1\n|inactive|Robo562 has 30 seconds left.\n|inactive|MarkTheShadow has 30 seconds left.\n|\n|t:|1700890077\n|move|p1a: Urshifu|Close Combat|p2a: Oranguru\n|-damage|p2a: Oranguru|37\/100\n|-unboost|p1a: Urshifu|def|1\n|-unboost|p1a: Urshifu|spd|1\n|move|p1b: Heatran|Heat Wave|p2b: Farigiraf|[spread] p2a,p2b\n|-crit|p2a: Oranguru\n|-damage|p2a: Oranguru|0 fnt\n|-damage|p2b: Farigiraf|63\/100\n|faint|p2a: Oranguru\n|move|p2b: Farigiraf|Nasty Plot|p2b: Farigiraf\n|-boost|p2b: Farigiraf|spa|2\n|\n|upkeep\n|\n|t:|1700890091\n|switch|p2a: Heatran|Heatran, L50, M|100\/100\n|turn|2\n|inactive|Robo562 has 30 seconds left.\n|\n|t:|1700890120\n|switch|p1b: Tornadus|Tornadus, L50, M|100\/100\n|-terastallize|p2a: Heatran|Fairy\n|move|p1a: Urshifu|Surging Strikes|p2b: Farigiraf\n|-crit|p2b: Farigiraf\n|-damage|p2b: Farigiraf|45\/100\n|-enditem|p2b: Farigiraf|Sitrus Berry|[eat]\n|-heal|p2b: Farigiraf|70\/100|[from] item: Sitrus Berry\n|-crit|p2b: Farigiraf\n|-damage|p2b: Farigiraf|51\/100\n|-crit|p2b: Farigiraf\n|-damage|p2b: Farigiraf|30\/100\n|-hitcount|p2b: Farigiraf|3\n|move|p2a: Heatran|Earth Power|p1b: Tornadus\n|-immune|p1b: Tornadus\n|move|p2b: Farigiraf|Trick Room|p2b: Farigiraf\n|-fieldstart|move: Trick Room|[of] p2b: Farigiraf\n|\n|upkeep\n|turn|3\n|inactive|Robo562 has 30 seconds left.\n|\n|t:|1700890148\n|move|p2b: Farigiraf|Dazzling Gleam|p1a: Urshifu|[spread] p1a,p1b\n|-supereffective|p1a: Urshifu\n|-enditem|p1a: Urshifu|Focus Sash\n|-damage|p1a: Urshifu|1\/100\n|-damage|p1b: Tornadus|54\/100\n|move|p2a: Heatran|Tera Blast|p1a: Urshifu|[anim] Tera Blast Fairy\n|-supereffective|p1a: Urshifu\n|-damage|p1a: Urshifu|0 fnt\n|faint|p1a: Urshifu\n|move|p1b: Tornadus|Bleakwind Storm|p2a: Heatran|[spread] p2a,p2b\n|-damage|p2a: Heatran|67\/100\n|-damage|p2b: Farigiraf|0 fnt\n|-unboost|p2a: Heatran|spe|1\n|faint|p2b: Farigiraf\n|\n|upkeep\n|\n|t:|1700890163\n|switch|p2b: Ursaluna|Ursaluna-Bloodmoon, L50, M|100\/100\n|switch|p1a: Heatran|Heatran, L50, F|100\/100\n|turn|4\n|\n|t:|1700890181\n|move|p1b: Tornadus|Sunny Day|p1b: Tornadus\n|-weather|SunnyDay\n|move|p2b: Ursaluna|Hyper Voice|p1b: Tornadus|[spread] p1a,p1b\n|-resisted|p1a: Heatran\n|-damage|p1a: Heatran|83\/100\n|-damage|p1b: Tornadus|7\/100\n|-enditem|p2b: Ursaluna|Throat Spray\n|-boost|p2b: Ursaluna|spa|1|[from] item: Throat Spray\n|move|p2a: Heatran|Earth Power|p1a: Heatran\n|-supereffective|p1a: Heatran\n|-damage|p1a: Heatran|0 fnt\n|faint|p1a: Heatran\n|\n|-weather|SunnyDay|[upkeep]\n|upkeep\n|\n|t:|1700890191\n|switch|p1a: Roaring Moon|Roaring Moon, L50|100\/100\n|-activate|p1a: Roaring Moon|ability: Protosynthesis\n|-start|p1a: Roaring Moon|protosynthesisatk\n|turn|5\n|\n|t:|1700890203\n|-terastallize|p1a: Roaring Moon|Flying\n|move|p1b: Tornadus|Swagger|p1a: Roaring Moon\n|-boost|p1a: Roaring Moon|atk|2\n|-start|p1a: Roaring Moon|confusion\n|-enditem|p1a: Roaring Moon|Lum Berry|[eat]\n|-end|p1a: Roaring Moon|confusion\n|move|p2b: Ursaluna|Hyper Voice|p1b: Tornadus|[spread] p1a,p1b\n|-damage|p1a: Roaring Moon|48\/100\n|-damage|p1b: Tornadus|0 fnt\n|faint|p1b: Tornadus\n|move|p2a: Heatran|Tera Blast|p1a: Roaring Moon|[anim] Tera Blast Fairy\n|-damage|p1a: Roaring Moon|6\/100\n|move|p1a: Roaring Moon|Acrobatics|p2b: Ursaluna\n|-damage|p2b: Ursaluna|0 fnt\n|faint|p2b: Ursaluna\n|\n|-weather|SunnyDay|[upkeep]\n|upkeep\n|turn|6\n|inactive|MarkTheShadow has 30 seconds left.\n|\n|t:|1700890232\n|move|p1a: Roaring Moon|Protect|p1a: Roaring Moon\n|-singleturn|p1a: Roaring Moon|Protect\n|move|p2a: Heatran|Heat Wave|p1a: Roaring Moon\n|-activate|p1a: Roaring Moon|move: Protect\n|\n|-weather|SunnyDay|[upkeep]\n|-fieldend|move: Trick Room\n|upkeep\n|turn|7\n|\n|t:|1700890241\n|move|p1a: Roaring Moon|Acrobatics|p2a: Heatran\n|-damage|p2a: Heatran|0 fnt\n|faint|p2a: Heatran\n|\n|win|Robo562\n|raw|Robo562's rating: 1320 &rarr; <strong>1340<\/strong><br \/>(+20 for winning)\n|raw|MarkTheShadow's rating: 1327 &rarr; <strong>1307<\/strong><br \/>(-20 for losing)\n|c|\u2606Robo562|Gg\n|l|\u2606MarkTheShadow\n","uploadtime":1700890256,"views":14,"p1id":"robo562","p2id":"marktheshadow","formatid":"gen9vgc2023regulatione","rating":1307,"private":0,"password":""}