{"id":"gen9vgc2023regulatione-1993093194","p1":"SpedHunter","p2":"AceTrainerNite","format":"[Gen 9] VGC 2023 Regulation E","log":"|j|\u2606SpedHunter\n|j|\u2606AceTrainerNite\n|t:|1700263939\n|gametype|doubles\n|player|p1|SpedHunter|cyclist-gen4|1006\n|player|p2|AceTrainerNite|acetrainer-gen4dp|1108\n|teamsize|p1|6\n|teamsize|p2|6\n|gen|9\n|tier|[Gen 9] VGC 2023 Regulation E\n|rated|\n|rule|Species Clause: Limit one of each Pok\u00e9mon\n|rule|Item Clause: Limit one of each item\n|clearpoke\n|poke|p1|Arcanine-Hisui, L50, F|\n|poke|p1|Urshifu-*, L50, F|\n|poke|p1|Pelipper, L50, F|\n|poke|p1|Thundurus-Therian, L50, M|\n|poke|p1|Tauros-Paldea-Blaze, L50, M|\n|poke|p1|Electrode-Hisui, L50|\n|poke|p2|Snorlax, L50, F|\n|poke|p2|Gholdengo, L50|\n|poke|p2|Iron Hands, L50|\n|poke|p2|Sinistcha, L50|\n|poke|p2|Salamence, L50, M|\n|poke|p2|Thundurus, L50, M|\n|teampreview|4\nAceTrainerNite has agreed to open team sheets.\n|inactive|Battle timer is ON: inactive players will automatically lose when time's up. (requested by AceTrainerNite)\n|inactive|AceTrainerNite has 60 seconds left.\nSpedHunter rejected open team sheets.\n|c|\u2606AceTrainerNite|Wouldn't want to give away your Anger Point strat eh?\n|inactive|AceTrainerNite has 30 seconds left.\n|inactive|AceTrainerNite has 20 seconds left.\n|c|\u2606SpedHunter|I don't even know what agner point is\n|inactive|AceTrainerNite has 15 seconds left.\n|inactive|AceTrainerNite has 10 seconds left.\n|\n|t:|1700264031\n|start\n|switch|p1a: Pelipper|Pelipper, L50, F|100\/100\n|switch|p1b: Thundurus|Thundurus-Therian, L50, M|100\/100\n|switch|p2a: Iron Hands|Iron Hands, L50|100\/100\n|switch|p2b: Sinistcha|Sinistcha, L50|100\/100\n|-weather|RainDance|[from] ability: Drizzle|[of] p1a: Pelipper\n|turn|1\n|c|\u2606AceTrainerNite|gl hf\n|c|\u2606SpedHunter|glhf\n|inactive|AceTrainerNite has 30 seconds left.\n|\n|t:|1700264056\n|switch|p1b: Arcanine|Arcanine-Hisui, L50, F, shiny|100\/100\n|move|p2a: Iron Hands|Fake Out|p1b: Arcanine\n|-resisted|p1b: Arcanine\n|-damage|p1b: Arcanine|90\/100\n|move|p1a: Pelipper|Tailwind|p1a: Pelipper\n|-sidestart|p1: SpedHunter|move: Tailwind\n|move|p2b: Sinistcha|Trick Room|p2b: Sinistcha\n|-fieldstart|move: Trick Room|[of] p2b: Sinistcha\n|\n|-weather|RainDance|[upkeep]\n|upkeep\n|turn|2\n|inactive|AceTrainerNite has 30 seconds left.\n|\n|t:|1700264081\n|switch|p1a: Electrode|Electrode-Hisui, L50, shiny|100\/100\n|move|p2a: Iron Hands|Wild Charge|p1a: Electrode\n|-resisted|p1a: Electrode\n|-damage|p1a: Electrode|76\/100\n|-damage|p2a: Iron Hands|97\/100|[from] Recoil\n|move|p2b: Sinistcha|Strength Sap|p1b: Arcanine\n|-unboost|p1b: Arcanine|atk|1\n|move|p1b: Arcanine|Flare Blitz|p2b: Sinistcha\n|-supereffective|p2b: Sinistcha\n|-damage|p2b: Sinistcha|46\/100\n|-damage|p1b: Arcanine|74\/100|[from] item: Rocky Helmet|[of] p2b: Sinistcha\n|\n|-weather|RainDance|[upkeep]\n|upkeep\n|turn|3\n|inactive|AceTrainerNite has 30 seconds left.\n|\n|t:|1700264107\n|move|p2a: Iron Hands|Drain Punch|p1a: Electrode\n|-damage|p1a: Electrode|3\/100\n|-heal|p2a: Iron Hands|100\/100|[from] drain|[of] p1a: Electrode\n|move|p2b: Sinistcha|Strength Sap|p1b: Arcanine\n|-unboost|p1b: Arcanine|atk|1\n|-heal|p2b: Sinistcha|100\/100\n|move|p1b: Arcanine|Flare Blitz|p2b: Sinistcha\n|-supereffective|p2b: Sinistcha\n|-damage|p2b: Sinistcha|59\/100\n|-damage|p1b: Arcanine|58\/100|[from] item: Rocky Helmet|[of] p2b: Sinistcha\n|move|p1a: Electrode|Volt Switch|p2b: Sinistcha\n|-resisted|p2b: Sinistcha\n|-damage|p2b: Sinistcha|40\/100\n|\n|t:|1700264113\n|switch|p1a: Thundurus|Thundurus-Therian, L50, M|100\/100|[from] Volt Switch\n|\n|-weather|RainDance|[upkeep]\n|upkeep\n|turn|4\n|c|\u2606SpedHunter|What anger point?\n|c|\u2606SpedHunter|Oh\n|inactive|AceTrainerNite has 30 seconds left.\n|c|\u2606SpedHunter|taurus\n|c|\u2606SpedHunter|ohh\n|c|\u2606SpedHunter|yeah no, it runs intimidate\n|inactive|AceTrainerNite has 20 seconds left.\n|\n|t:|1700264148\n|move|p2a: Iron Hands|Wild Charge|p1b: Arcanine\n|-damage|p1b: Arcanine|0 fnt\n|faint|p1b: Arcanine\n|-damage|p2a: Iron Hands|90\/100|[from] Recoil\n|move|p2b: Sinistcha|Strength Sap|p1a: Thundurus\n|-unboost|p1a: Thundurus|atk|1\n|-heal|p2b: Sinistcha|100\/100\n|move|p1a: Thundurus|Flash Cannon|p2b: Sinistcha\n|-damage|p2b: Sinistcha|73\/100\n|\n|-weather|RainDance|[upkeep]\n|-sideend|p1: SpedHunter|move: Tailwind\n|upkeep\n|\n|t:|1700264151\n|switch|p1b: Pelipper|Pelipper, L50, F|100\/100\n|turn|5\n|c|\u2606AceTrainerNite|No wories lol I was teasing\n|inactive|SpedHunter has 30 seconds left.\n|inactive|AceTrainerNite has 30 seconds left.\n|\n|t:|1700264181\n|-terastallize|p1b: Pelipper|Electric\n|move|p2a: Iron Hands|Wild Charge|p1b: Pelipper\n|-resisted|p1b: Pelipper\n|-damage|p1b: Pelipper|72\/100\n|-damage|p2a: Iron Hands|85\/100|[from] Recoil\n|move|p1b: Pelipper|Acrobatics|p2a: Iron Hands\n|-damage|p2a: Iron Hands|70\/100\n|move|p2b: Sinistcha|Matcha Gotcha|p1a: Thundurus|[spread] p1b\n|-miss|p2b: Sinistcha|p1a: Thundurus\n|-damage|p1b: Pelipper|36\/100\n|-heal|p2b: Sinistcha|90\/100|[from] drain|[of] p1b: Pelipper\n|move|p1a: Thundurus|Thunder|p2b: Sinistcha\n|-resisted|p2b: Sinistcha\n|-damage|p2b: Sinistcha|59\/100\n|\n|-weather|none\n|-fieldend|move: Trick Room\n|upkeep\n|turn|6\n|c|\u2606SpedHunter|I think ill lose\n|c|\u2606AceTrainerNite|Possible. But don't give up\n|inactive|AceTrainerNite has 30 seconds left.\n|c|\u2606SpedHunter|I won't\n|\n|t:|1700264214\n|-terastallize|p2b: Sinistcha|Fire\n|move|p1a: Thundurus|Nasty Plot|p1a: Thundurus\n|-boost|p1a: Thundurus|spa|2\n|move|p1b: Pelipper|Acrobatics|p2b: Sinistcha\n|-damage|p2b: Sinistcha|41\/100\n|-damage|p1b: Pelipper|20\/100|[from] item: Rocky Helmet|[of] p2b: Sinistcha\n|move|p2a: Iron Hands|Drain Punch|p1b: Pelipper\n|-damage|p1b: Pelipper|0 fnt\n|-heal|p2a: Iron Hands|77\/100|[from] drain|[of] p1b: Pelipper\n|faint|p1b: Pelipper\n|move|p2b: Sinistcha|Trick Room|p2b: Sinistcha\n|-fieldstart|move: Trick Room|[of] p2b: Sinistcha\n|\n|upkeep\n|c|\u2606SpedHunter|It's my dillema lmao\n|\n|t:|1700264222\n|switch|p1b: Electrode|Electrode-Hisui, L50, shiny|3\/100\n|turn|7\n|\n|t:|1700264239\n|move|p2a: Iron Hands|Drain Punch|p1a: Thundurus\n|-resisted|p1a: Thundurus\n|-damage|p1a: Thundurus|69\/100\n|-heal|p2a: Iron Hands|87\/100|[from] drain|[of] p1a: Thundurus\n|move|p2b: Sinistcha|Matcha Gotcha|p1b: Electrode|[spread] p1b\n|-miss|p2b: Sinistcha|p1a: Thundurus\n|-resisted|p1b: Electrode\n|-damage|p1b: Electrode|0 fnt\n|-heal|p2b: Sinistcha|42\/100|[from] drain|[of] p1b: Electrode\n|faint|p1b: Electrode\n|move|p1a: Thundurus|Thunder|p2b: Sinistcha\n|-damage|p2b: Sinistcha|0 fnt\n|faint|p2b: Sinistcha\n|\n|upkeep\n|c|\u2606SpedHunter|SUICIDE LEEEAD\n|c|\u2606SpedHunter|there goes the suicide\n|\n|t:|1700264257\n|switch|p2b: Gholdengo|Gholdengo, L50|100\/100\n|turn|8\n|c|\u2606SpedHunter|it was electrode if you didn't notice\n|\n|t:|1700264267\n|move|p2a: Iron Hands|Drain Punch|p1a: Thundurus\n|-resisted|p1a: Thundurus\n|-damage|p1a: Thundurus|34\/100\n|-heal|p2a: Iron Hands|98\/100|[from] drain|[of] p1a: Thundurus\n|move|p2b: Gholdengo|Shadow Ball|p1a: Thundurus\n|-damage|p1a: Thundurus|0 fnt\n|faint|p1a: Thundurus\n|\n|win|AceTrainerNite\n|raw|SpedHunter's rating: 1006 &rarr; <strong>1000<\/strong><br \/>(-6 for losing)\n|raw|AceTrainerNite's rating: 1108 &rarr; <strong>1126<\/strong><br \/>(+18 for winning)\n|c|\u2606SpedHunter|ggs\n|l|\u2606SpedHunter\n|c|\u2606AceTrainerNite|I don't have the best answers for Thun\n|c|\u2606AceTrainerNite|GG\n","uploadtime":1700264294,"views":17,"p1id":"spedhunter","p2id":"acetrainernite","formatid":"gen9vgc2023regulatione","rating":1000,"private":0,"password":""}