{"id":"gen9vgc2023regulatione-1998608702","p1":"mythikz","p2":"LasermanZ111","format":"[Gen 9] VGC 2023 Regulation E","log":"|j|\u2606mythikz\n|j|\u2606LasermanZ111\n|t:|1700962438\n|gametype|doubles\n|player|p1|mythikz|n|1207\n|player|p2|LasermanZ111|ash|1125\n|teamsize|p1|6\n|teamsize|p2|6\n|gen|9\n|tier|[Gen 9] VGC 2023 Regulation E\n|rated|\n|rule|Species Clause: Limit one of each Pok\u00e9mon\n|rule|Item Clause: Limit one of each item\n|clearpoke\n|poke|p1|Ting-Lu, L50|\n|poke|p1|Sinistcha, L50|\n|poke|p1|Dragapult, L50, F|\n|poke|p1|Iron Hands, L50|\n|poke|p1|Arcanine-Hisui, L50, M|\n|poke|p1|Ogerpon-Wellspring, L50, F|\n|poke|p2|Mamoswine, L50, M|\n|poke|p2|Roaring Moon, L50|\n|poke|p2|Heatran, L50, M|\n|poke|p2|Flutter Mane, L50|\n|poke|p2|Ogerpon-Wellspring, L50, F|\n|poke|p2|Iron Hands, L50|\n|teampreview|4\nLasermanZ111 has agreed to open team sheets.\nmythikz rejected open team sheets.\n|c|\u2606LasermanZ111|well fine\n|c|\u2606mythikz|mb\n|inactive|Battle timer is ON: inactive players will automatically lose when time's up. (requested by mythikz)\n|\n|t:|1700962615\n|start\n|switch|p1a: Iron Hands|Iron Hands, L50|100\/100\n|switch|p1b: Dragapult|Dragapult, L50, F|100\/100\n|switch|p2a: Roaring Moon|Roaring Moon, L50|100\/100\n|switch|p2b: Mamoswine|Mamoswine, L50, M|100\/100\n|-enditem|p2a: Roaring Moon|Booster Energy\n|-activate|p2a: Roaring Moon|ability: Protosynthesis|[fromitem]\n|-start|p2a: Roaring Moon|protosynthesisspe\n|turn|1\n|inactive|LasermanZ111 has 30 seconds left.\n|inactive|LasermanZ111 has 20 seconds left.\n|inactive|LasermanZ111 has 15 seconds left.\n|inactive|LasermanZ111 has 10 seconds left.\n|\n|t:|1700962660\n|-terastallize|p2b: Mamoswine|Poison\n|move|p1a: Iron Hands|Fake Out|p2b: Mamoswine\n|-damage|p2b: Mamoswine|82\/100\n|move|p2a: Roaring Moon|Knock Off|p1b: Dragapult\n|-supereffective|p1b: Dragapult\n|-crit|p1b: Dragapult\n|-damage|p1b: Dragapult|0 fnt\n|-enditem|p1b: Dragapult|Life Orb|[from] move: Knock Off|[of] p2a: Roaring Moon\n|faint|p1b: Dragapult\n|cant|p2b: Mamoswine|flinch\n|\n|upkeep\n|\n|t:|1700962673\n|switch|p1b: Arcanine|Arcanine-Hisui, L50, M|100\/100\n|-ability|p1b: Arcanine|Intimidate|boost\n|-unboost|p2a: Roaring Moon|atk|1\n|-fail|p2b: Mamoswine|unboost|Attack|[from] ability: Oblivious|[of] p2b: Mamoswine\n|turn|2\n|inactive|LasermanZ111 has 30 seconds left.\n|\n|t:|1700962700\n|-terastallize|p1b: Arcanine|Fairy\n|move|p2a: Roaring Moon|Protect|p2a: Roaring Moon\n|-singleturn|p2a: Roaring Moon|Protect\n|move|p2b: Mamoswine|Protect|p2b: Mamoswine\n|-singleturn|p2b: Mamoswine|Protect\n|move|p1b: Arcanine|Flare Blitz|p2b: Mamoswine\n|-activate|p2b: Mamoswine|move: Protect\n|move|p1a: Iron Hands|Drain Punch|p2a: Roaring Moon\n|-activate|p2a: Roaring Moon|move: Protect\n|\n|upkeep\n|turn|3\n|inactive|LasermanZ111 has 30 seconds left.\n|inactive|LasermanZ111 has 20 seconds left.\n|inactive|LasermanZ111 has 15 seconds left.\n|inactive|LasermanZ111 has 10 seconds left.\n|\n|t:|1700962747\n|move|p2a: Roaring Moon|Knock Off|p1a: Iron Hands\n|-resisted|p1a: Iron Hands\n|-damage|p1a: Iron Hands|89\/100\n|-enditem|p1a: Iron Hands|Assault Vest|[from] move: Knock Off|[of] p2a: Roaring Moon\n|move|p1b: Arcanine|Flare Blitz|p2b: Mamoswine\n|-damage|p2b: Mamoswine|0 fnt\n|faint|p2b: Mamoswine\n|-damage|p1b: Arcanine|73\/100|[from] Recoil\n|move|p1a: Iron Hands|Drain Punch|p2a: Roaring Moon\n|-supereffective|p2a: Roaring Moon\n|-damage|p2a: Roaring Moon|0 fnt\n|-heal|p1a: Iron Hands|100\/100|[from] drain|[of] p2a: Roaring Moon\n|faint|p2a: Roaring Moon\n|-end|p2a: Roaring Moon|Protosynthesis|[silent]\n|\n|upkeep\n|\n|t:|1700962766\n|switch|p2a: Flutter Mane|Flutter Mane, L50|100\/100\n|switch|p2b: Ogerpon|Ogerpon-Wellspring, L50, F|100\/100\n|turn|4\n|inactive|LasermanZ111 has 30 seconds left.\n|\n|t:|1700962793\n|move|p2b: Ogerpon|Follow Me|p2b: Ogerpon\n|-singleturn|p2b: Ogerpon|move: Follow Me\n|move|p2a: Flutter Mane|Moonblast|p1a: Iron Hands\n|-supereffective|p1a: Iron Hands\n|-damage|p1a: Iron Hands|0 fnt\n|faint|p1a: Iron Hands\n|-end|p1a: Iron Hands|Quark Drive|[silent]\n|move|p1b: Arcanine|Flare Blitz|p2b: Ogerpon\n|-damage|p2b: Ogerpon|15\/100\n|-status|p2b: Ogerpon|brn\n|-damage|p1b: Arcanine|44\/100|[from] Recoil\n|\n|-damage|p2b: Ogerpon|9\/100 brn|[from] brn\n|upkeep\n|\n|t:|1700962815\n|switch|p1a: Ting-Lu|Ting-Lu, L50|100\/100\n|-ability|p1a: Ting-Lu|Vessel of Ruin\n|turn|5\n|\n|t:|1700962827\n|move|p2a: Flutter Mane|Shadow Ball|p1b: Arcanine\n|-damage|p1b: Arcanine|11\/100\n|move|p2b: Ogerpon|Horn Leech|p1a: Ting-Lu\n|-supereffective|p1a: Ting-Lu\n|-damage|p1a: Ting-Lu|75\/100\n|-heal|p2b: Ogerpon|25\/100 brn|[from] drain|[of] p1a: Ting-Lu\n|move|p1b: Arcanine|Flare Blitz|p2a: Flutter Mane\n|-damage|p2a: Flutter Mane|0 fnt\n|faint|p2a: Flutter Mane\n|-end|p2a: Flutter Mane|Protosynthesis|[silent]\n|-damage|p1b: Arcanine|0 fnt|[from] Recoil\n|faint|p1b: Arcanine\n|move|p1a: Ting-Lu|Throat Chop|p2b: Ogerpon\n|-crit|p2b: Ogerpon\n|-damage|p2b: Ogerpon|0 fnt\n|faint|p2b: Ogerpon\n|\n|win|mythikz\n|raw|mythikz's rating: 1207 &rarr; <strong>1226<\/strong><br \/>(+19 for winning)\n|raw|LasermanZ111's rating: 1125 &rarr; <strong>1106<\/strong><br \/>(-19 for losing)\n|l|\u2606mythikz\n","uploadtime":1700962900,"views":1,"p1id":"mythikz","p2id":"lasermanz111","formatid":"gen9vgc2023regulatione","rating":1106,"private":0,"password":""}