{"id":"gen9vgc2023regulatione-1998182410","p1":"Cynd3rXVII","p2":"vlopes777","format":"[Gen 9] VGC 2023 Regulation E","log":"|j|\u2606Cynd3rXVII\n|j|\u2606vlopes777\n|t:|1700907953\n|gametype|doubles\n|player|p1|Cynd3rXVII|102|1080\n|player|p2|vlopes777|pokekid|1196\n|teamsize|p1|6\n|teamsize|p2|6\n|gen|9\n|tier|[Gen 9] VGC 2023 Regulation E\n|rated|\n|rule|Species Clause: Limit one of each Pok\u00e9mon\n|rule|Item Clause: Limit one of each item\n|clearpoke\n|poke|p1|Ogerpon-Wellspring, L50, F|\n|poke|p1|Arcanine-Hisui, L50, M|\n|poke|p1|Rillaboom, L50, F|\n|poke|p1|Clefairy, L50, F|\n|poke|p1|Tornadus, L50, M|\n|poke|p1|Gholdengo, L50|\n|poke|p2|Landorus-Therian, L50, M|\n|poke|p2|Tornadus, L50, M|\n|poke|p2|Iron Hands, L50|\n|poke|p2|Amoonguss, L50, M|\n|poke|p2|Heatran, L50, M|\n|poke|p2|Flutter Mane, L50|\n|teampreview|4\n|inactive|Battle timer is ON: inactive players will automatically lose when time's up. (requested by vlopes777)\nvlopes777 has agreed to open team sheets.\n|inactive|Cynd3rXVII has 60 seconds left.\n|inactive|vlopes777 has 60 seconds left.\n|inactive|Cynd3rXVII has 30 seconds left.\n|\n|t:|1700908014\n|start\n|switch|p1a: Ogerpon|Ogerpon-Wellspring, L50, F|100\/100\n|switch|p1b: Arcanine|Arcanine-Hisui, L50, M|100\/100\n|switch|p2a: D\u00e9m\u00e9t\u00e9ros|Landorus-Therian, L50, M|100\/100\n|switch|p2b: Iron Hands|Iron Hands, L50|100\/100\n|-ability|p2a: D\u00e9m\u00e9t\u00e9ros|Intimidate|boost\n|-unboost|p1a: Ogerpon|atk|1\n|-unboost|p1b: Arcanine|atk|1\n|-ability|p1b: Arcanine|Intimidate|boost\n|-unboost|p2a: D\u00e9m\u00e9t\u00e9ros|atk|1\n|-unboost|p2b: Iron Hands|atk|1\n|turn|1\n|\n|t:|1700908037\n|move|p1a: Ogerpon|Spiky Shield|p1a: Ogerpon\n|-singleturn|p1a: Ogerpon|move: Protect\n|move|p2a: D\u00e9m\u00e9t\u00e9ros|U-turn|p1a: Ogerpon\n|-activate|p1a: Ogerpon|move: Protect\n|-damage|p2a: D\u00e9m\u00e9t\u00e9ros|88\/100|[from] Spiky Shield|[of] p1a: Ogerpon\n|move|p1b: Arcanine|Will-O-Wisp|p2b: Iron Hands\n|-status|p2b: Iron Hands|brn\n|move|p2b: Iron Hands|Drain Punch|p1b: Arcanine\n|-supereffective|p1b: Arcanine\n|-damage|p1b: Arcanine|72\/100\n|-enditem|p1b: Arcanine|Red Card|[of] p2b: Iron Hands\n|-end|p2b: Iron Hands|Quark Drive|[silent]\n|drag|p2b: Heatran|Heatran, L50, M|100\/100\n|\n|upkeep\n|turn|2\n|inactive|Cynd3rXVII has 30 seconds left.\n|inactive|vlopes777 has 30 seconds left.\n|inactive|vlopes777 has 20 seconds left.\n|inactive|vlopes777 has 15 seconds left.\n|inactive|vlopes777 has 10 seconds left.\n|\n|t:|1700908087\n|-terastallize|p2b: Heatran|Grass\n|move|p2a: D\u00e9m\u00e9t\u00e9ros|U-turn|p1a: Ogerpon\n|-supereffective|p1a: Ogerpon\n|-damage|p1a: Ogerpon|54\/100\n|\n|t:|1700908093\n|switch|p2a: Iron Hands|Iron Hands, L50|100\/100 brn|[from] U-turn\n|move|p1a: Ogerpon|Ivy Cudgel|p2a: Iron Hands|[anim] Ivy Cudgel Water\n|-damage|p2a: Iron Hands|73\/100 brn\n|move|p1b: Arcanine|Rock Slide|p2b: Heatran|[spread] p2a,p2b\n|-resisted|p2a: Iron Hands\n|-damage|p2a: Iron Hands|67\/100 brn\n|-damage|p2b: Heatran|85\/100\n|cant|p2b: Heatran|flinch\n|\n|-damage|p2a: Iron Hands|61\/100 brn|[from] brn\n|upkeep\n|turn|3\n|inactive|Cynd3rXVII has 30 seconds left.\n|\n|t:|1700908120\n|switch|p1a: Tornadus|Tornadus, L50, M|100\/100\n|move|p2a: Iron Hands|Fake Out|p1b: Arcanine\n|-resisted|p1b: Arcanine\n|-damage|p1b: Arcanine|68\/100\n|cant|p1b: Arcanine|flinch\n|move|p2b: Heatran|Heat Wave|p1b: Arcanine|[spread] p1a,p1b\n|-resisted|p1b: Arcanine\n|-damage|p1a: Tornadus|39\/100\n|-damage|p1b: Arcanine|53\/100\n|-damage|p2b: Heatran|76\/100|[from] item: Life Orb\n|\n|-damage|p2a: Iron Hands|55\/100 brn|[from] brn\n|upkeep\n|turn|4\n|\n|t:|1700908142\n|move|p1a: Tornadus|Sludge Bomb|p2b: Heatran\n|-supereffective|p2b: Heatran\n|-damage|p2b: Heatran|26\/100\n|move|p1b: Arcanine|Flare Blitz|p2a: Iron Hands\n|-damage|p2a: Iron Hands|30\/100 brn\n|-damage|p1b: Arcanine|42\/100|[from] Recoil\n|move|p2b: Heatran|Earth Power|p1b: Arcanine\n|-supereffective|p1b: Arcanine\n|-damage|p1b: Arcanine|0 fnt\n|faint|p1b: Arcanine\n|-damage|p2b: Heatran|16\/100|[from] item: Life Orb\n|move|p2a: Iron Hands|Drain Punch|p1a: Tornadus\n|-resisted|p1a: Tornadus\n|-damage|p1a: Tornadus|25\/100\n|-heal|p2a: Iron Hands|35\/100 brn|[from] drain|[of] p1a: Tornadus\n|\n|-damage|p2a: Iron Hands|29\/100 brn|[from] brn\n|upkeep\n|\n|t:|1700908155\n|switch|p1b: Gholdengo|Gholdengo, L50|100\/100\n|turn|5\n|\n|t:|1700908169\n|move|p1a: Tornadus|Tailwind|p1a: Tornadus\n|-sidestart|p1: Cynd3rXVII|move: Tailwind\n|move|p1b: Gholdengo|Make It Rain|p2a: Iron Hands|[spread] p2a,p2b\n|-resisted|p2a: Iron Hands\n|-damage|p2a: Iron Hands|10\/100 brn\n|-damage|p2b: Heatran|0 fnt\n|-unboost|p1b: Gholdengo|spa|1\n|faint|p2b: Heatran\n|move|p2a: Iron Hands|Wild Charge|p1a: Tornadus\n|-supereffective|p1a: Tornadus\n|-crit|p1a: Tornadus\n|-damage|p1a: Tornadus|0 fnt\n|faint|p1a: Tornadus\n|-damage|p2a: Iron Hands|7\/100 brn|[from] Recoil\n|\n|-damage|p2a: Iron Hands|0 fnt|[from] brn\n|faint|p2a: Iron Hands\n|-end|p2a: Iron Hands|Quark Drive|[silent]\n|upkeep\n|\n|t:|1700908186\n|switch|p1a: Ogerpon|Ogerpon-Wellspring, L50, F|54\/100\n|switch|p2b: Flutter Mane|Flutter Mane, L50|100\/100\n|switch|p2a: D\u00e9m\u00e9t\u00e9ros|Landorus-Therian, L50, M|88\/100\n|-ability|p2a: D\u00e9m\u00e9t\u00e9ros|Intimidate|boost\n|-unboost|p1a: Ogerpon|atk|1\n|-unboost|p1b: Gholdengo|atk|1\n|turn|6\n|\n|t:|1700908206\n|-terastallize|p1a: Ogerpon|Water\n|detailschange|p1a: Ogerpon|Ogerpon-Wellspring-Tera, L50, F, tera:Water\n|-ability|p1a: Ogerpon|Embody Aspect (Wellspring)|boost\n|-boost|p1a: Ogerpon|spd|1\n|move|p1a: Ogerpon|Ivy Cudgel|p2a: D\u00e9m\u00e9t\u00e9ros|[anim] Ivy Cudgel Water\n|-supereffective|p2a: D\u00e9m\u00e9t\u00e9ros\n|-damage|p2a: D\u00e9m\u00e9t\u00e9ros|0 fnt\n|faint|p2a: D\u00e9m\u00e9t\u00e9ros\n|move|p1b: Gholdengo|Make It Rain|p2b: Flutter Mane\n|-supereffective|p2b: Flutter Mane\n|-damage|p2b: Flutter Mane|0 fnt\n|-unboost|p1b: Gholdengo|spa|1\n|faint|p2b: Flutter Mane\n|-end|p2b: Flutter Mane|Protosynthesis|[silent]\n|\n|win|Cynd3rXVII\n|raw|Cynd3rXVII's rating: 1080 &rarr; <strong>1117<\/strong><br \/>(+37 for winning)\n|raw|vlopes777's rating: 1196 &rarr; <strong>1163<\/strong><br \/>(-33 for losing)\n","uploadtime":1700908223,"views":6,"p1id":"cynd3rxvii","p2id":"vlopes777","formatid":"gen9vgc2023regulatione","rating":1117,"private":0,"password":""}