{"id":"gen9vgc2023regulatione-1998035356","p1":"gamemasterv111","p2":"lowki125","format":"[Gen 9] VGC 2023 Regulation E","log":"|j|\u2606gamemasterv111\n|j|\u2606lowki125\n|n|\u2606gamemasterv111|gamemasterv111\n|n|\u2606lowki125|lowki125\n|html|View the match progress at <a href=\"\/game-bestof3-gen9vgc2023regulatione-1998035355\">game-bestof3-gen9vgc2023regulatione-1998035355<\/a>\n|t:|1700881803\n|gametype|doubles\n|player|p1|gamemasterv111|morty-masters2|\n|player|p2|lowki125|dahlia|\n|teamsize|p1|6\n|teamsize|p2|6\n|gen|9\n|tier|[Gen 9] VGC 2023 Regulation E\n|rule|Species Clause: Limit one of each Pok\u00e9mon\n|rule|Item Clause: Limit one of each item\n|clearpoke\n|poke|p1|Arbok, L50, M|\n|poke|p1|Sinistcha-Masterpiece, L50|\n|poke|p1|Iron Hands, L50|\n|poke|p1|Flutter Mane, L50|\n|poke|p1|Rotom-Heat, L50|\n|poke|p1|Milotic, L50, F|\n|poke|p2|Goodra-Hisui, L50, M|\n|poke|p2|Amoonguss, L50, F|\n|poke|p2|Landorus-Therian, L50, M|\n|poke|p2|Ogerpon-Hearthflame, L50, F|\n|poke|p2|Kingambit, L50, F|\n|poke|p2|Annihilape, L50, F|\n|teampreview|4\n|\n|t:|1700881861\n|start\n|switch|p1a: Iron Hands|Iron Hands, L50|100\/100\n|switch|p1b: Rotom|Rotom-Heat, L50|100\/100\n|switch|p2a: Goodra|Goodra-Hisui, L50, M|100\/100\n|switch|p2b: Annihilape|Annihilape, L50, F|100\/100\n|turn|1\n|\n|t:|1700881894\n|move|p1a: Iron Hands|Fake Out|p2a: Goodra\n|-resisted|p2a: Goodra\n|-damage|p2a: Goodra|96\/100\n|-damage|p1a: Iron Hands|84\/100|[from] item: Rocky Helmet|[of] p2a: Goodra\n|-ability|p2a: Goodra|Gooey\n|-unboost|p1a: Iron Hands|spe|1\n|move|p1b: Rotom|Volt Switch|p2b: Annihilape\n|-damage|p2b: Annihilape|59\/100\n|\n|t:|1700881904\n|switch|p1b: Flutter Mane|Flutter Mane, L50|100\/100|[from] Volt Switch\n|-enditem|p1b: Flutter Mane|Booster Energy\n|-activate|p1b: Flutter Mane|ability: Protosynthesis|[fromitem]\n|-start|p1b: Flutter Mane|protosynthesisspe\n|move|p2b: Annihilape|Substitute|p2b: Annihilape\n|-start|p2b: Annihilape|Substitute\n|-damage|p2b: Annihilape|34\/100\n|cant|p2a: Goodra|flinch\n|\n|-heal|p2b: Annihilape|40\/100|[from] item: Leftovers\n|upkeep\n|turn|2\n|\n|t:|1700881934\n|move|p1b: Flutter Mane|Dazzling Gleam|p2b: Annihilape|[spread] p2a,p2b\n|-supereffective|p2b: Annihilape\n|-end|p2b: Annihilape|Substitute\n|-damage|p2a: Goodra|75\/100\n|move|p2b: Annihilape|Rage Fist|p1a: Iron Hands\n|-damage|p1a: Iron Hands|46\/100\n|move|p2a: Goodra|Heavy Slam|p1b: Flutter Mane\n|-supereffective|p1b: Flutter Mane\n|-damage|p1b: Flutter Mane|0 fnt\n|faint|p1b: Flutter Mane\n|-end|p1b: Flutter Mane|Protosynthesis|[silent]\n|move|p1a: Iron Hands|Drain Punch|p2a: Goodra\n|-supereffective|p2a: Goodra\n|-damage|p2a: Goodra|20\/100\n|-heal|p1a: Iron Hands|67\/100|[from] drain|[of] p2a: Goodra\n|-damage|p1a: Iron Hands|50\/100|[from] item: Rocky Helmet|[of] p2a: Goodra\n|-ability|p2a: Goodra|Gooey\n|-unboost|p1a: Iron Hands|spe|1\n|\n|-heal|p2b: Annihilape|46\/100|[from] item: Leftovers\n|upkeep\n|\n|t:|1700881948\n|switch|p1b: Sinistcha|Sinistcha-Masterpiece, L50|100\/100\n|-heal|p1a: Iron Hands|75\/100|[from] ability: Hospitality|[of] p1b: Sinistcha\n|turn|3\n|\n|t:|1700881977\n|switch|p2b: Ogerpon|Ogerpon-Hearthflame, L50, F|100\/100\n|-ability|p2b: Ogerpon|Mold Breaker\n|switch|p2a: Amoonguss|Amoonguss, L50, F, shiny|100\/100\n|move|p1b: Sinistcha|Matcha Gotcha|p2a: Amoonguss|[spread] p2a,p2b\n|-resisted|p2a: Amoonguss\n|-crit|p2a: Amoonguss\n|-resisted|p2b: Ogerpon\n|-damage|p2a: Amoonguss|91\/100\n|-damage|p2b: Ogerpon|93\/100\n|move|p1a: Iron Hands|Drain Punch|p2a: Amoonguss\n|-resisted|p2a: Amoonguss\n|-damage|p2a: Amoonguss|72\/100\n|-heal|p1a: Iron Hands|84\/100|[from] drain|[of] p2a: Amoonguss\n|\n|upkeep\n|turn|4\n|\n|t:|1700882011\n|-terastallize|p2b: Ogerpon|Fire\n|detailschange|p2b: Ogerpon|Ogerpon-Hearthflame-Tera, L50, F, tera:Fire\n|-ability|p2b: Ogerpon|Embody Aspect (Hearthflame)|boost\n|-boost|p2b: Ogerpon|atk|1\n|-terastallize|p1a: Iron Hands|Grass\n|move|p2a: Amoonguss|Rage Powder|p2a: Amoonguss\n|-singleturn|p2a: Amoonguss|move: Rage Powder\n|move|p2b: Ogerpon|Ivy Cudgel|p1b: Sinistcha|[anim] Ivy Cudgel Fire\n|-supereffective|p1b: Sinistcha\n|-damage|p1b: Sinistcha|0 fnt\n|faint|p1b: Sinistcha\n|move|p1a: Iron Hands|Drain Punch|p2b: Ogerpon\n|-damage|p2b: Ogerpon|36\/100\n|-heal|p1a: Iron Hands|100\/100|[from] drain|[of] p2b: Ogerpon\n|\n|upkeep\n|\n|t:|1700882025\n|switch|p1b: Rotom|Rotom-Heat, L50|100\/100\n|turn|5\n|\n|t:|1700882045\n|move|p2b: Ogerpon|Ivy Cudgel|p1a: Iron Hands|[anim] Ivy Cudgel Fire\n|-supereffective|p1a: Iron Hands\n|-damage|p1a: Iron Hands|0 fnt\n|faint|p1a: Iron Hands\n|-end|p1a: Iron Hands|Quark Drive|[silent]\n|move|p1b: Rotom|Overheat|p2a: Amoonguss\n|-supereffective|p2a: Amoonguss\n|-damage|p2a: Amoonguss|0 fnt\n|-unboost|p1b: Rotom|spa|2\n|faint|p2a: Amoonguss\n|\n|upkeep\n|\n|t:|1700882063\n|switch|p2a: Goodra|Goodra-Hisui, L50, M|20\/100\n|turn|6\n|\n|t:|1700882072\n|move|p2b: Ogerpon|Horn Leech|p1b: Rotom\n|-resisted|p1b: Rotom\n|-damage|p1b: Rotom|58\/100\n|-heal|p2b: Ogerpon|53\/100|[from] drain|[of] p1b: Rotom\n|move|p1b: Rotom|Overheat|p2a: Goodra\n|-damage|p2a: Goodra|0 fnt\n|-unboost|p1b: Rotom|spa|2\n|faint|p2a: Goodra\n|\n|upkeep\n|\n|t:|1700882079\n|switch|p2a: Annihilape|Annihilape, L50, F|46\/100\n|turn|7\n|\n|t:|1700882086\n|move|p2b: Ogerpon|Horn Leech|p1b: Rotom\n|-resisted|p1b: Rotom\n|-damage|p1b: Rotom|12\/100\n|-heal|p2b: Ogerpon|72\/100|[from] drain|[of] p1b: Rotom\n|move|p1b: Rotom|Overheat|p2a: Annihilape\n|-damage|p2a: Annihilape|22\/100\n|-unboost|p1b: Rotom|spa|2\n|move|p2a: Annihilape|Rage Fist|p1b: Rotom\n|-crit|p1b: Rotom\n|-damage|p1b: Rotom|0 fnt\n|faint|p1b: Rotom\n|\n|win|lowki125\n|c|&|\/uhtml prompt-gamemasterv111,gamemasterv111 is ready for game 2!\n|c|&|\/uhtml prompt-gamemasterv111,gamemasterv111 is ready for game 2!\n|c|&|\/uhtml prompt-lowki125,lowki125 is ready for game 2!\nBoth players are ready! Starting next match!\n|l|\u2606gamemasterv111\n","uploadtime":1700882515,"views":3,"p1id":"gamemasterv111","p2id":"lowki125","formatid":"gen9vgc2023regulatione","rating":0,"private":0,"password":""}