{"id":"gen9vgc2023regulatione-1996687645","p1":"TheHBard","p2":"feelinbuggy","format":"[Gen 9] VGC 2023 Regulation E","log":"|j|\u2606TheHBard\n|j|\u2606feelinbuggy\n|t:|1700709824\n|gametype|doubles\n|player|p1|TheHBard|burglar|1046\n|player|p2|feelinbuggy|bugcatcher|1084\n|teamsize|p1|6\n|teamsize|p2|6\n|gen|9\n|tier|[Gen 9] VGC 2023 Regulation E\n|rated|\n|rule|Species Clause: Limit one of each Pok\u00e9mon\n|rule|Item Clause: Limit one of each item\n|clearpoke\n|poke|p1|Gothitelle, L50, F|\n|poke|p1|Dondozo, L50, F|\n|poke|p1|Amoonguss, L50, F|\n|poke|p1|Pawmot, L50, F|\n|poke|p1|Breloom, L50, F|\n|poke|p1|Vikavolt, L50, M|\n|poke|p2|Amoonguss, L50, M|\n|poke|p2|Heatran, L50, F|\n|poke|p2|Roaring Moon, L50|\n|poke|p2|Iron Hands, L50|\n|poke|p2|Flutter Mane, L50|\n|poke|p2|Landorus-Therian, L50, M|\n|teampreview|4\nfeelinbuggy has agreed to open team sheets.\n|c|\u2606feelinbuggy|glhf\n|c|\u2606TheHBard|you too\n|\n|t:|1700709860\n|start\n|switch|p1a: Dondozo|Dondozo, L50, F|100\/100\n|switch|p1b: Gothitelle|Gothitelle, L50, F|100\/100\n|switch|p2a: Amoonguss|Amoonguss, L50, M|100\/100\n|switch|p2b: Iron Hands|Iron Hands, L50|100\/100\n|turn|1\n|\n|t:|1700709897\n|move|p2b: Iron Hands|Fake Out|p1b: Gothitelle\n|-damage|p1b: Gothitelle|85\/100\n|move|p1a: Dondozo|Yawn|p2b: Iron Hands\n|-start|p2b: Iron Hands|move: Yawn|[of] p1a: Dondozo\n|move|p2a: Amoonguss|Spore|p1b: Gothitelle\n|-status|p1b: Gothitelle|slp|[from] move: Spore\n|cant|p1b: Gothitelle|slp\n|\n|upkeep\n|turn|2\n|\n|t:|1700709932\n|move|p2b: Iron Hands|Wild Charge|p1a: Dondozo\n|-supereffective|p1a: Dondozo\n|-damage|p1a: Dondozo|54\/100\n|-damage|p2b: Iron Hands|87\/100|[from] Recoil\n|move|p1a: Dondozo|Substitute|p1a: Dondozo\n|-start|p1a: Dondozo|Substitute\n|-damage|p1a: Dondozo|29\/100\n|move|p2a: Amoonguss|Spore||[still]\n|-fail|p2a: Amoonguss\n|-curestatus|p1b: Gothitelle|slp|[msg]\n|move|p1b: Gothitelle|Trick Room|p1b: Gothitelle\n|-fieldstart|move: Trick Room|[of] p1b: Gothitelle\n|\n|-heal|p1a: Dondozo|35\/100|[from] item: Leftovers\n|-end|p2b: Iron Hands|move: Yawn|[silent]\n|-status|p2b: Iron Hands|slp\n|upkeep\n|turn|3\n|\n|t:|1700709962\n|move|p2a: Amoonguss|Spore|p1b: Gothitelle\n|-status|p1b: Gothitelle|slp|[from] move: Spore\n|move|p1a: Dondozo|Soak|p2b: Iron Hands\n|-start|p2b: Iron Hands|typechange|Water\n|cant|p2b: Iron Hands|slp\n|cant|p1b: Gothitelle|slp\n|\n|-heal|p1a: Dondozo|41\/100|[from] item: Leftovers\n|upkeep\n|turn|4\n|\n|t:|1700709980\n|switch|p1a: Vikavolt|Vikavolt, L50, M|100\/100\n|move|p2a: Amoonguss|Pollen Puff|p1a: Vikavolt\n|-damage|p1a: Vikavolt|78\/100\n|cant|p2b: Iron Hands|slp\n|cant|p1b: Gothitelle|slp\n|\n|upkeep\n|turn|5\n|\n|t:|1700710007\n|cant|p1b: Gothitelle|slp\n|move|p2a: Amoonguss|Spore|p1a: Vikavolt\n|-status|p1a: Vikavolt|slp|[from] move: Spore\n|cant|p1a: Vikavolt|slp\n|cant|p2b: Iron Hands|slp\n|\n|upkeep\n|turn|6\n|\n|t:|1700710023\n|move|p2a: Amoonguss|Pollen Puff|p1b: Gothitelle\n|-supereffective|p1b: Gothitelle\n|-damage|p1b: Gothitelle|58\/100 slp\n|cant|p1a: Vikavolt|slp\n|-curestatus|p2b: Iron Hands|slp|[msg]\n|move|p2b: Iron Hands|Wild Charge|p1b: Gothitelle\n|-damage|p1b: Gothitelle|21\/100 slp\n|-damage|p2b: Iron Hands|80\/100|[from] Recoil\n|-curestatus|p1b: Gothitelle|slp|[msg]\n|move|p1b: Gothitelle|Psychic|p2a: Amoonguss\n|-supereffective|p2a: Amoonguss\n|-damage|p2a: Amoonguss|48\/100\n|\n|-fieldend|move: Trick Room\n|upkeep\n|turn|7\n|\n|t:|1700710051\n|move|p2b: Iron Hands|Drain Punch|p1a: Vikavolt\n|-resisted|p1a: Vikavolt\n|-damage|p1a: Vikavolt|61\/100 slp\n|-heal|p2b: Iron Hands|87\/100|[from] drain|[of] p1a: Vikavolt\n|cant|p1a: Vikavolt|slp\n|move|p2a: Amoonguss|Pollen Puff|p1b: Gothitelle\n|-supereffective|p1b: Gothitelle\n|-damage|p1b: Gothitelle|0 fnt\n|faint|p1b: Gothitelle\n|\n|upkeep\n|\n|t:|1700710062\n|switch|p1b: Dondozo|Dondozo, L50, F|41\/100\n|turn|8\n|\n|t:|1700710081\n|-end|p2b: Iron Hands|Quark Drive|[silent]\n|switch|p2b: Landorus|Landorus-Therian, L50, M|100\/100\n|-ability|p2b: Landorus|Intimidate|boost\n|-unboost|p1a: Vikavolt|atk|1\n|-unboost|p1b: Dondozo|atk|1\n|move|p2a: Amoonguss|Protect|p2a: Amoonguss\n|-singleturn|p2a: Amoonguss|Protect\n|-curestatus|p1a: Vikavolt|slp|[msg]\n|move|p1a: Vikavolt|Thunderbolt|p2b: Landorus\n|-immune|p2b: Landorus\n|move|p1b: Dondozo|Soak|p2a: Amoonguss\n|-activate|p2a: Amoonguss|move: Protect\n|\n|-heal|p1b: Dondozo|48\/100|[from] item: Leftovers\n|upkeep\n|turn|9\n|\n|t:|1700710107\n|switch|p2a: Iron Hands|Iron Hands, L50|87\/100\n|-terastallize|p2b: Landorus|Flying\n|move|p2b: Landorus|Rock Slide|p1b: Dondozo|[spread] p1a\n|-miss|p2b: Landorus|p1b: Dondozo\n|-supereffective|p1a: Vikavolt\n|-damage|p1a: Vikavolt|15\/100\n|cant|p1a: Vikavolt|flinch\n|move|p1b: Dondozo|Soak|p2b: Landorus\n|-fail|p2b: Landorus\n|\n|-heal|p1b: Dondozo|54\/100|[from] item: Leftovers\n|upkeep\n|turn|10\n|\n|t:|1700710132\n|move|p2b: Landorus|Rock Slide|p1b: Dondozo|[spread] p1b\n|-miss|p2b: Landorus|p1a: Vikavolt\n|-damage|p1b: Dondozo|44\/100\n|move|p2a: Iron Hands|Wild Charge|p1a: Vikavolt\n|-resisted|p1a: Vikavolt\n|-damage|p1a: Vikavolt|0 fnt\n|faint|p1a: Vikavolt\n|-damage|p2a: Iron Hands|84\/100|[from] Recoil\n|move|p1b: Dondozo|Substitute|p1b: Dondozo\n|-start|p1b: Dondozo|Substitute\n|-damage|p1b: Dondozo|20\/100\n|\n|-heal|p1b: Dondozo|26\/100|[from] item: Leftovers\n|upkeep\n|\n|t:|1700710144\n|switch|p1a: Breloom|Breloom, L50, F|100\/100\n|turn|11\n|\n|t:|1700710156\n|switch|p2b: Amoonguss|Amoonguss, L50, M|82\/100\n|move|p1a: Breloom|Protect|p1a: Breloom\n|-singleturn|p1a: Breloom|Protect\n|move|p2a: Iron Hands|Heavy Slam|p1a: Breloom\n|-activate|p1a: Breloom|move: Protect\n|move|p1b: Dondozo|Soak|p2a: Iron Hands\n|-start|p2a: Iron Hands|typechange|Water\n|\n|-heal|p1b: Dondozo|32\/100|[from] item: Leftovers\n|-status|p1a: Breloom|tox|[from] item: Toxic Orb\n|upkeep\n|turn|12\n|\n|t:|1700710175\n|-end|p2a: Iron Hands|Quark Drive|[silent]\n|switch|p2a: Landorus|Landorus-Therian, L50, M, tera:Flying|100\/100\n|-ability|p2a: Landorus|Intimidate|boost\n|-unboost|p1a: Breloom|atk|1\n|-immune|p1b: Dondozo\n|move|p1a: Breloom|Seed Bomb|p2a: Landorus\n|-resisted|p2a: Landorus\n|-damage|p2a: Landorus|82\/100\n|move|p1b: Dondozo|Yawn|p2b: Amoonguss\n|-start|p2b: Amoonguss|move: Yawn|[of] p1b: Dondozo\n|move|p2b: Amoonguss|Pollen Puff|p2a: Landorus\n|-heal|p2a: Landorus|100\/100\n|\n|-heal|p1b: Dondozo|38\/100|[from] item: Leftovers\n|upkeep\n|turn|13\n|\n|t:|1700710197\n|switch|p2b: Iron Hands|Iron Hands, L50|84\/100\n|move|p2a: Landorus|Tera Blast|p1a: Breloom|[anim] Tera Blast Flying\n|-supereffective|p1a: Breloom\n|-damage|p1a: Breloom|0 fnt\n|faint|p1a: Breloom\n|move|p1b: Dondozo|Soak|p2b: Iron Hands\n|-start|p2b: Iron Hands|typechange|Water\n|\n|-heal|p1b: Dondozo|44\/100|[from] item: Leftovers\n|upkeep\n|turn|14\n|\n|t:|1700710209\n|move|p2a: Landorus|Tera Blast|p1b: Dondozo|[anim] Tera Blast Flying\n|-end|p1b: Dondozo|Substitute\n|move|p2b: Iron Hands|Wild Charge|p1b: Dondozo\n|-supereffective|p1b: Dondozo\n|-damage|p1b: Dondozo|13\/100\n|-damage|p2b: Iron Hands|75\/100|[from] Recoil\n|move|p1b: Dondozo|Aqua Tail|p2a: Landorus\n|-damage|p2a: Landorus|77\/100\n|\n|-heal|p1b: Dondozo|19\/100|[from] item: Leftovers\n|upkeep\n|turn|15\n|\n|t:|1700710224\n|move|p2a: Landorus|Tera Blast|p1b: Dondozo|[anim] Tera Blast Flying\n|-damage|p1b: Dondozo|0 fnt\n|faint|p1b: Dondozo\n|\n|win|feelinbuggy\n|raw|TheHBard's rating: 1046 &rarr; <strong>1031<\/strong><br \/>(-15 for losing)\n|raw|feelinbuggy's rating: 1084 &rarr; <strong>1108<\/strong><br \/>(+24 for winning)\n|l|\u2606TheHBard\n","uploadtime":1700710230,"views":20,"p1id":"thehbard","p2id":"feelinbuggy","formatid":"gen9vgc2023regulatione","rating":1031,"private":0,"password":""}