{"id":"gen9vgc2023regulatione-2000522308","p1":"malvric","p2":"Jayanni","format":"[Gen 9] VGC 2023 Regulation E","log":"|j|\u2606malvric\n|j|\u2606Jayanni\n|n|\u2606malvric|malvric\n|n|\u2606Jayanni|jayanni\n|html|View the match progress at <a href=\"\/game-bestof3-gen9vgc2023regulatione-2000517198\">game-bestof3-gen9vgc2023regulatione-2000517198<\/a>\n|t:|1701201929\n|gametype|doubles\n|player|p1|malvric|265|\n|player|p2|Jayanni|2|\n|teamsize|p1|6\n|teamsize|p2|6\n|gen|9\n|tier|[Gen 9] VGC 2023 Regulation E\n|rule|Species Clause: Limit one of each Pok\u00e9mon\n|rule|Item Clause: Limit one of each item\n|clearpoke\n|poke|p1|Lycanroc-Midnight, L50, M|\n|poke|p1|Hippowdon, L50, F|\n|poke|p1|Sandslash, L50, F|\n|poke|p1|Tornadus, L50, M|\n|poke|p1|Jolteon, L50, F|\n|poke|p1|Brambleghast, L50, F|\n|poke|p2|Trevenant, L50, F|\n|poke|p2|Dragalge, L50, F|\n|poke|p2|Gliscor, L50, F|\n|poke|p2|Umbreon, L50, F|\n|poke|p2|Mismagius, L50, F|\n|poke|p2|Meowscarada, L50, M|\n|teampreview|4\nmalvric has agreed to open team sheets.\n|\n|t:|1701201969\n|start\n|switch|p1a: Lonny Quinn|Tornadus, L50, M, shiny|100\/100\n|switch|p1b: Rabies or Meth|Lycanroc-Midnight, L50, M, shiny|100\/100\n|switch|p2a: Meowscarada|Meowscarada, L50, M, shiny|100\/100\n|switch|p2b: Mister|Dragalge, L50, F, shiny|100\/100\n|turn|1\n|\n|t:|1701201990\n|move|p1a: Lonny Quinn|Tailwind|p1a: Lonny Quinn\n|-sidestart|p1: malvric|move: Tailwind\n|move|p1b: Rabies or Meth|Stone Edge|p2a: Meowscarada\n|-damage|p2a: Meowscarada|29\/100\n|move|p2a: Meowscarada|U-turn|p1b: Rabies or Meth\n|-start|p2a: Meowscarada|typechange|Bug|[from] ability: Protean\n|-damage|p1b: Rabies or Meth|53\/100\n|\n|t:|1701202000\n|switch|p2a: Gliscor|Gliscor, L50, F, shiny|100\/100|[from] U-turn\n|move|p2b: Mister|Draco Meteor|p1a: Lonny Quinn\n|-damage|p1a: Lonny Quinn|0 fnt\n|-unboost|p2b: Mister|spa|2\n|faint|p1a: Lonny Quinn\n|-damage|p2b: Mister|91\/100|[from] item: Life Orb\n|\n|-status|p2a: Gliscor|tox|[from] item: Toxic Orb\n|upkeep\n|\n|t:|1701202012\n|switch|p1a: Where's the Road?|Brambleghast, L50, F|100\/100\n|-ability|p1a: Where's the Road?|Wind Rider|boost\n|-boost|p1a: Where's the Road?|atk|1\n|turn|2\n|j| Xanej\n|\n|t:|1701202027\n|switch|p2b: Umbreon|Umbreon, L50, F, shiny|100\/100\n|move|p1b: Rabies or Meth|Rock Slide|p2a: Gliscor|[spread] p2a,p2b\n|-damage|p2a: Gliscor|76\/100 tox\n|-damage|p2b: Umbreon|83\/100\n|move|p1a: Where's the Road?|Seed Bomb|p2a: Gliscor\n|-damage|p2a: Gliscor|21\/100 tox\n|move|p2a: Gliscor|High Horsepower|p1b: Rabies or Meth\n|-supereffective|p1b: Rabies or Meth\n|-damage|p1b: Rabies or Meth|0 fnt\n|faint|p1b: Rabies or Meth\n|\n|-heal|p2b: Umbreon|88\/100|[from] item: Leftovers\n|-heal|p2a: Gliscor|33\/100 tox|[from] ability: Poison Heal\n|upkeep\n|c| Xanej|Draco goes so hard\n|\n|t:|1701202041\n|switch|p1b: Bolt|Jolteon, L50, F|100\/100\n|turn|3\n|\n|t:|1701202060\n|move|p1b: Bolt|Tickle|p2b: Umbreon\n|-unboost|p2b: Umbreon|atk|1\n|-unboost|p2b: Umbreon|def|1\n|move|p1a: Where's the Road?|Seed Bomb|p2a: Gliscor\n|-damage|p2a: Gliscor|0 fnt\n|faint|p2a: Gliscor\n|move|p2b: Umbreon|Curse|p2b: Umbreon\n|-unboost|p2b: Umbreon|spe|1\n|-boost|p2b: Umbreon|atk|1\n|-boost|p2b: Umbreon|def|1\n|\n|-heal|p2b: Umbreon|94\/100|[from] item: Leftovers\n|upkeep\n|\n|t:|1701202073\n|switch|p2a: Meowscarada|Meowscarada, L50, M, shiny|29\/100\n|turn|4\n|\n|t:|1701202091\n|move|p1b: Bolt|Tickle|p2b: Umbreon\n|-unboost|p2b: Umbreon|atk|1\n|-unboost|p2b: Umbreon|def|1\n|move|p1a: Where's the Road?|Seed Bomb|p2a: Meowscarada\n|-resisted|p2a: Meowscarada\n|-damage|p2a: Meowscarada|0 fnt\n|faint|p2a: Meowscarada\n|move|p2b: Umbreon|Toxic|p1b: Bolt|[miss]\n|-miss|p2b: Umbreon|p1b: Bolt\n|\n|-heal|p2b: Umbreon|99\/100|[from] item: Leftovers\n|-sideend|p1: malvric|move: Tailwind\n|upkeep\n|\n|t:|1701202102\n|switch|p2a: Mister|Dragalge, L50, F, shiny|91\/100\n|turn|5\n|\n|t:|1701202119\n|move|p1b: Bolt|Tickle|p2a: Mister\n|-unboost|p2a: Mister|atk|1\n|-unboost|p2a: Mister|def|1\n|move|p1a: Where's the Road?|Seed Bomb|p2a: Mister\n|-resisted|p2a: Mister\n|-damage|p2a: Mister|46\/100\n|move|p2a: Mister|Sludge Bomb|p1a: Where's the Road?\n|-damage|p1a: Where's the Road?|0 fnt\n|faint|p1a: Where's the Road?\n|-damage|p2a: Mister|36\/100|[from] item: Life Orb\n|move|p2b: Umbreon|Moonlight|p2b: Umbreon\n|-heal|p2b: Umbreon|100\/100\n|\n|upkeep\n|turn|6\n|\n|t:|1701202142\n|move|p2a: Mister|Protect|p2a: Mister\n|-singleturn|p2a: Mister|Protect\n|move|p1b: Bolt|Volt Switch|p2a: Mister\n|-activate|p2a: Mister|move: Protect\n|move|p2b: Umbreon|Toxic|p1b: Bolt|[miss]\n|-miss|p2b: Umbreon|p1b: Bolt\n|\n|upkeep\n|turn|7\n|\n|t:|1701202162\n|-terastallize|p2a: Mister|Normal\n|move|p1b: Bolt|Volt Switch|p2a: Mister\n|-damage|p2a: Mister|10\/100\n|move|p2a: Mister|Draco Meteor|p1b: Bolt\n|-damage|p1b: Bolt|0 fnt\n|-unboost|p2a: Mister|spa|2\n|faint|p1b: Bolt\n|-damage|p2a: Mister|0 fnt|[from] item: Life Orb\n|faint|p2a: Mister\n|\n|win|Jayanni\n","uploadtime":1701202175,"views":11,"p1id":"malvric","p2id":"jayanni","formatid":"gen9vgc2023regulatione","rating":0,"private":0,"password":""}