{"id":"gen9vgc2023regulatione-1994900902","p1":"MrGardnHose","p2":"SepticOps","format":"[Gen 9] VGC 2023 Regulation E","log":"|j|\u2606MrGardnHose\n|j|\u2606SepticOps\n|t:|1700503031\n|gametype|doubles\n|player|p1|MrGardnHose|caitlin|\n|player|p2|SepticOps|169|\n|teamsize|p1|6\n|teamsize|p2|6\n|gen|9\n|tier|[Gen 9] VGC 2023 Regulation E\n|rule|Species Clause: Limit one of each Pok\u00e9mon\n|rule|Item Clause: Limit one of each item\n|clearpoke\n|poke|p1|Ninetales, L50, F|\n|poke|p1|Dachsbun, L50, M|\n|poke|p1|Walking Wake, L50|\n|poke|p1|Gliscor, L50, F|\n|poke|p1|Morgrem, L50, M|\n|poke|p1|Leafeon, L50, M|\n|poke|p2|Iron Moth, L50|\n|poke|p2|Urshifu-*, L50, M|\n|poke|p2|Umbreon, L50, M|\n|poke|p2|Copperajah, L50, F|\n|poke|p2|Froslass, L50, F|\n|poke|p2|Regieleki, L50|\n|teampreview|4\n|c|\u2606MrGardnHose|g2 glhf\n|c|\u2606SepticOps|im fucked haha\n|c|\u2606SepticOps|gl\n|\n|t:|1700503073\n|start\n|switch|p1a: Ninetales|Ninetales, L50, F|100\/100\n|switch|p1b: Walking Wake|Walking Wake, L50|100\/100\n|switch|p2a: MinecraftBlock|Copperajah, L50, F|100\/100\n|switch|p2b: Mauga (|Urshifu-Rapid-Strike, L50, M|100\/100\n|-weather|SunnyDay|[from] ability: Drought|[of] p1a: Ninetales\n|-activate|p1b: Walking Wake|ability: Protosynthesis\n|-start|p1b: Walking Wake|protosynthesisspe\n|turn|1\n|\n|t:|1700503103\n|move|p2a: MinecraftBlock|Protect|p2a: MinecraftBlock\n|-singleturn|p2a: MinecraftBlock|Protect\n|move|p1b: Walking Wake|Flamethrower|p2a: MinecraftBlock\n|-activate|p2a: MinecraftBlock|move: Protect\n|move|p1a: Ninetales|Heat Wave|p2a: MinecraftBlock|[spread] p2b\n|-activate|p2a: MinecraftBlock|move: Protect\n|-resisted|p2b: Mauga (\n|-damage|p2b: Mauga (|67\/100\n|move|p2b: Mauga (|Surging Strikes|p1a: Ninetales\n|-supereffective|p1a: Ninetales\n|-crit|p1a: Ninetales\n|-damage|p1a: Ninetales|71\/100\n|-supereffective|p1a: Ninetales\n|-crit|p1a: Ninetales\n|-damage|p1a: Ninetales|43\/100\n|-supereffective|p1a: Ninetales\n|-crit|p1a: Ninetales\n|-damage|p1a: Ninetales|15\/100\n|-hitcount|p1a: Ninetales|3\n|\n|-weather|SunnyDay|[upkeep]\n|upkeep\n|turn|2\n|\n|t:|1700503147\n|switch|p1a: Leafeon|Leafeon, L50, M|100\/100\n|switch|p2a: Sunshine|Iron Moth, L50|100\/100\n|move|p2b: Mauga (|Protect|p2b: Mauga (\n|-singleturn|p2b: Mauga (|Protect\n|move|p1b: Walking Wake|Flamethrower|p2a: Sunshine\n|-resisted|p2a: Sunshine\n|-damage|p2a: Sunshine|82\/100\n|\n|-weather|SunnyDay|[upkeep]\n|upkeep\n|turn|3\n|\n|t:|1700503165\n|move|p1a: Leafeon|Solar Blade||[still]\n|-prepare|p1a: Leafeon|Solar Blade\n|-anim|p1a: Leafeon|Solar Blade|p2b: Mauga (\n|-supereffective|p2b: Mauga (\n|-damage|p2b: Mauga (|0 fnt\n|faint|p2b: Mauga (\n|move|p1b: Walking Wake|Hydro Steam|p2a: Sunshine\n|-supereffective|p2a: Sunshine\n|-damage|p2a: Sunshine|0 fnt\n|faint|p2a: Sunshine\n|-end|p2a: Sunshine|Quark Drive|[silent]\n|\n|-weather|SunnyDay|[upkeep]\n|upkeep\n|\n|t:|1700503176\n|switch|p2b: MinecraftBlock|Copperajah, L50, F|100\/100\n|switch|p2a: IDK Thinking|Regieleki, L50|100\/100\n|turn|4\n|\n|t:|1700503190\n|-terastallize|p1b: Walking Wake|Ground\n|move|p1a: Leafeon|Solar Blade||[still]\n|-prepare|p1a: Leafeon|Solar Blade\n|-anim|p1a: Leafeon|Solar Blade|p2a: IDK Thinking\n|-damage|p2a: IDK Thinking|24\/100\n|move|p1b: Walking Wake|Flamethrower|p2b: MinecraftBlock\n|-supereffective|p2b: MinecraftBlock\n|-damage|p2b: MinecraftBlock|9\/100\n|move|p2a: IDK Thinking|Acrobatics|p1a: Leafeon\n|-supereffective|p1a: Leafeon\n|-damage|p1a: Leafeon|36\/100\n|move|p2b: MinecraftBlock|Iron Head|p1b: Walking Wake\n|-damage|p1b: Walking Wake|52\/100\n|\n|-weather|SunnyDay|[upkeep]\n|upkeep\n|turn|5\n|\n|t:|1700503212\n|move|p2a: IDK Thinking|Protect|p2a: IDK Thinking\n|-singleturn|p2a: IDK Thinking|Protect\n|move|p2b: MinecraftBlock|Protect|p2b: MinecraftBlock\n|-singleturn|p2b: MinecraftBlock|Protect\n|move|p1a: Leafeon|Solar Blade||[still]\n|-prepare|p1a: Leafeon|Solar Blade\n|-anim|p1a: Leafeon|Solar Blade|p2a: IDK Thinking\n|-activate|p2a: IDK Thinking|move: Protect\n|move|p1b: Walking Wake|Flamethrower|p2b: MinecraftBlock\n|-activate|p2b: MinecraftBlock|move: Protect\n|\n|-weather|none\n|-end|p1b: Walking Wake|Protosynthesis\n|upkeep\n|-enditem|p1b: Walking Wake|Booster Energy\n|-activate|p1b: Walking Wake|ability: Protosynthesis|[fromitem]\n|-start|p1b: Walking Wake|protosynthesisspe\n|turn|6\n|c|\u2606SepticOps|delay the enevitable\n|c|\u2606MrGardnHose|gBOOOOOOO\n|\n|t:|1700503241\n|-end|p1b: Walking Wake|Protosynthesis|[silent]\n|switch|p1b: Ninetales|Ninetales, L50, F|15\/100\n|-weather|SunnyDay|[from] ability: Drought|[of] p1b: Ninetales\n|move|p1a: Leafeon|Solar Blade||[still]\n|-prepare|p1a: Leafeon|Solar Blade\n|-anim|p1a: Leafeon|Solar Blade|p2a: IDK Thinking\n|-damage|p2a: IDK Thinking|0 fnt\n|faint|p2a: IDK Thinking\n|move|p2b: MinecraftBlock|Iron Head|p1a: Leafeon\n|-damage|p1a: Leafeon|0 fnt\n|faint|p1a: Leafeon\n|\n|-weather|SunnyDay|[upkeep]\n|upkeep\n|\n|t:|1700503249\n|switch|p1a: Walking Wake|Walking Wake, L50, tera:Ground|52\/100\n|-activate|p1a: Walking Wake|ability: Protosynthesis\n|-start|p1a: Walking Wake|protosynthesisspe\n|turn|7\n|\n|t:|1700503261\n|move|p2b: MinecraftBlock|Protect|p2b: MinecraftBlock\n|-singleturn|p2b: MinecraftBlock|Protect\n|move|p1a: Walking Wake|Flamethrower|p2b: MinecraftBlock\n|-activate|p2b: MinecraftBlock|move: Protect\n|move|p1b: Ninetales|Dark Pulse|p2b: MinecraftBlock\n|-activate|p2b: MinecraftBlock|move: Protect\n|\n|-weather|SunnyDay|[upkeep]\n|upkeep\n|turn|8\n|\n|t:|1700503273\n|move|p1a: Walking Wake|Hydro Steam|p2b: MinecraftBlock\n|-damage|p2b: MinecraftBlock|0 fnt\n|faint|p2b: MinecraftBlock\n|\n|win|MrGardnHose\n|c|\u2606SepticOps|gg lol\n","uploadtime":1700503277,"views":11,"p1id":"mrgardnhose","p2id":"septicops","formatid":"gen9vgc2023regulatione","rating":0,"private":0,"password":""}