{"id":"gen9vgc2023regulatione-1992960394","p1":"superseriousboi","p2":"chicagotester","format":"[Gen 9] VGC 2023 Regulation E","log":"|j|\u2606superseriousboi\n|j|\u2606chicagotester\n|t:|1700250492\n|gametype|doubles\n|player|p1|superseriousboi|drayden|1322\n|player|p2|chicagotester|102|1293\n|teamsize|p1|6\n|teamsize|p2|6\n|gen|9\n|tier|[Gen 9] VGC 2023 Regulation E\n|rated|\n|rule|Species Clause: Limit one of each Pok\u00e9mon\n|rule|Item Clause: Limit one of each item\n|clearpoke\n|poke|p1|Sinistcha-Masterpiece, L50|\n|poke|p1|Ursaluna-Bloodmoon, L50, M|\n|poke|p1|Iron Hands, L50|\n|poke|p1|Farigiraf, L50, F|\n|poke|p1|Kommo-o, L50, M|\n|poke|p1|Ogerpon-Cornerstone, L50, F|\n|poke|p2|Heatran, L50, M|\n|poke|p2|Urshifu-*, L50, F|\n|poke|p2|Farigiraf, L50, M|\n|poke|p2|Dragonite, L50, F|\n|poke|p2|Chien-Pao, L50|\n|poke|p2|Rillaboom, L50, M|\n|teampreview|4\n|inactive|Battle timer is ON: inactive players will automatically lose when time's up. (requested by chicagotester)\n|\n|t:|1700250517\n|start\n|switch|p1a: Ogerpon|Ogerpon-Cornerstone, L50, F|100\/100\n|switch|p1b: Kommo-o|Kommo-o, L50, M|100\/100\n|switch|p2a: Rillaboom|Rillaboom, L50, M|100\/100\n|switch|p2b: Farigiraf|Farigiraf, L50, M|100\/100\n|-fieldstart|move: Grassy Terrain|[from] ability: Grassy Surge|[of] p2a: Rillaboom\n|turn|1\n|\n|t:|1700250540\n|move|p2a: Rillaboom|Fake Out|p1a: Ogerpon\n|-resisted|p1a: Ogerpon\n|-damage|p1a: Ogerpon|91\/100\n|cant|p1a: Ogerpon|flinch\n|move|p1b: Kommo-o|Clangorous Soul|p1b: Kommo-o\n|-boost|p1b: Kommo-o|atk|1\n|-boost|p1b: Kommo-o|def|1\n|-boost|p1b: Kommo-o|spa|1\n|-boost|p1b: Kommo-o|spd|1\n|-boost|p1b: Kommo-o|spe|1\n|-damage|p1b: Kommo-o|68\/100\n|move|p2b: Farigiraf|Dazzling Gleam|p1a: Ogerpon|[spread] p1a,p1b\n|-supereffective|p1b: Kommo-o\n|-damage|p1a: Ogerpon|70\/100\n|-damage|p1b: Kommo-o|26\/100\n|\n|-heal|p1a: Ogerpon|75\/100|[from] Grassy Terrain\n|-heal|p1b: Kommo-o|32\/100|[from] Grassy Terrain\n|-heal|p1b: Kommo-o|38\/100|[from] item: Leftovers\n|upkeep\n|turn|2\n|inactive|superseriousboi has 30 seconds left.\n|inactive|superseriousboi has 20 seconds left.\n|inactive|superseriousboi has 15 seconds left.\n|inactive|superseriousboi has 10 seconds left.\n|\n|t:|1700250590\n|switch|p1a: Iron Hands|Iron Hands, L50|100\/100\n|move|p2a: Rillaboom|Protect|p2a: Rillaboom\n|-singleturn|p2a: Rillaboom|Protect\n|move|p1b: Kommo-o|Clanging Scales|p2a: Rillaboom|[spread] p2b\n|-activate|p2a: Rillaboom|move: Protect\n|-damage|p2b: Farigiraf|48\/100\n|-enditem|p2b: Farigiraf|Sitrus Berry|[eat]\n|-heal|p2b: Farigiraf|72\/100|[from] item: Sitrus Berry\n|-unboost|p1b: Kommo-o|def|1\n|move|p2b: Farigiraf|Psychic|p1a: Iron Hands\n|-supereffective|p1a: Iron Hands\n|-damage|p1a: Iron Hands|47\/100\n|-enditem|p1a: Iron Hands|Sitrus Berry|[eat]\n|-heal|p1a: Iron Hands|72\/100|[from] item: Sitrus Berry\n|\n|-heal|p1b: Kommo-o|44\/100|[from] Grassy Terrain\n|-heal|p1b: Kommo-o|50\/100|[from] item: Leftovers\n|-heal|p2b: Farigiraf|78\/100|[from] Grassy Terrain\n|-heal|p1a: Iron Hands|78\/100|[from] Grassy Terrain\n|upkeep\n|turn|3\n|inactive|superseriousboi has 30 seconds left.\n|\n|t:|1700250618\n|-terastallize|p1b: Kommo-o|Steel\n|-terastallize|p2a: Rillaboom|Grass\n|move|p1b: Kommo-o|Clanging Scales|p2b: Farigiraf|[spread] p2a,p2b\n|-damage|p2a: Rillaboom|40\/100\n|-damage|p2b: Farigiraf|29\/100\n|-unboost|p1b: Kommo-o|def|1\n|move|p2a: Rillaboom|Wood Hammer|p1a: Iron Hands\n|-damage|p1a: Iron Hands|0 fnt\n|faint|p1a: Iron Hands\n|-end|p1a: Iron Hands|Quark Drive|[silent]\n|-damage|p2a: Rillaboom|10\/100|[from] Recoil\n|move|p2b: Farigiraf|Dazzling Gleam|p1b: Kommo-o\n|-resisted|p1b: Kommo-o\n|-damage|p1b: Kommo-o|44\/100\n|\n|-heal|p1b: Kommo-o|50\/100|[from] Grassy Terrain\n|-heal|p1b: Kommo-o|56\/100|[from] item: Leftovers\n|-heal|p2a: Rillaboom|16\/100|[from] Grassy Terrain\n|-heal|p2b: Farigiraf|35\/100|[from] Grassy Terrain\n|upkeep\n|\n|t:|1700250641\n|switch|p1a: Ogerpon|Ogerpon-Cornerstone, L50, F|75\/100\n|turn|4\n|\n|t:|1700250653\n|move|p2b: Farigiraf|Helping Hand|p2a: Rillaboom\n|-singleturn|p2a: Rillaboom|Helping Hand|[of] p2b: Farigiraf\n|move|p2a: Rillaboom|Grassy Glide|p1a: Ogerpon\n|-damage|p1a: Ogerpon|0 fnt\n|faint|p1a: Ogerpon\n|move|p1b: Kommo-o|Clanging Scales|p2b: Farigiraf|[spread] p2a,p2b\n|-damage|p2a: Rillaboom|0 fnt\n|-damage|p2b: Farigiraf|0 fnt\n|faint|p2a: Rillaboom\n|faint|p2b: Farigiraf\n|-unboost|p1b: Kommo-o|def|1\n|\n|-heal|p1b: Kommo-o|62\/100|[from] Grassy Terrain\n|-heal|p1b: Kommo-o|68\/100|[from] item: Leftovers\n|upkeep\n|inactive|superseriousboi has 30 seconds left.\n|\n|t:|1700250679\n|switch|p1a: Ursaluna|Ursaluna-Bloodmoon, L50, M|100\/100\n|switch|p2a: Dragonite|Dragonite, L50, F|100\/100\n|switch|p2b: Chien-Pao|Chien-Pao, L50|100\/100\n|-ability|p2b: Chien-Pao|Sword of Ruin\n|turn|5\n|inactive|chicagotester has 30 seconds left.\n|\n|t:|1700250708\n|move|p1a: Ursaluna|Vacuum Wave|p2b: Chien-Pao\n|-supereffective|p2b: Chien-Pao\n|-enditem|p2b: Chien-Pao|Focus Sash\n|-damage|p2b: Chien-Pao|1\/100\n|-damage|p1a: Ursaluna|90\/100|[from] item: Life Orb\n|move|p2b: Chien-Pao|Icicle Crash|p1a: Ursaluna|[miss]\n|-miss|p2b: Chien-Pao|p1a: Ursaluna\n|move|p1b: Kommo-o|Clanging Scales|p2a: Dragonite|[spread] p2a,p2b\n|-supereffective|p2a: Dragonite\n|-damage|p2a: Dragonite|0 fnt\n|-damage|p2b: Chien-Pao|0 fnt\n|faint|p2a: Dragonite\n|faint|p2b: Chien-Pao\n|\n|win|superseriousboi\n|raw|superseriousboi's rating: 1322 &rarr; <strong>1340<\/strong><br \/>(+18 for winning)\n|raw|chicagotester's rating: 1293 &rarr; <strong>1270<\/strong><br \/>(-23 for losing)\n|l|\u2606chicagotester\n","uploadtime":1700250723,"views":10,"p1id":"superseriousboi","p2id":"chicagotester","formatid":"gen9vgc2023regulatione","rating":1270,"private":0,"password":""}