{"id":"gen9vgc2023regulatione-1999312930","p1":"SpaceCar","p2":"yukiriii","format":"[Gen 9] VGC 2023 Regulation E","log":"|j|\u2606SpaceCar\n|j|\u2606yukiriii\n|t:|1701058774\n|gametype|doubles\n|player|p1|SpaceCar|lucas|1266\n|player|p2|yukiriii|marley|1313\n|teamsize|p1|6\n|teamsize|p2|6\n|gen|9\n|tier|[Gen 9] VGC 2023 Regulation E\n|rated|\n|rule|Species Clause: Limit one of each Pok\u00e9mon\n|rule|Item Clause: Limit one of each item\n|clearpoke\n|poke|p1|Amoonguss, L50, M|\n|poke|p1|Armarouge, L50, M|\n|poke|p1|Landorus-Therian, L50, M|\n|poke|p1|Gholdengo, L50|\n|poke|p1|Indeedee-F, L50, F|\n|poke|p1|Iron Hands, L50|\n|poke|p2|Politoed, L50, M|\n|poke|p2|Zapdos, L50|\n|poke|p2|Gholdengo, L50|\n|poke|p2|Rillaboom, L50, M|\n|poke|p2|Urshifu-*, L50, M|\n|poke|p2|Landorus-Therian, L50, M|\n|teampreview|4\nSpaceCar has agreed to open team sheets.\nyukiriii has agreed to open team sheets.\n|\n|t:|1701058841\n|start\n|switch|p1a: Amoonguss|Amoonguss, L50, M, shiny|100\/100\n|switch|p1b: Iron Hands|Iron Hands, L50|100\/100\n|switch|p2a: Zapdos|Zapdos, L50|100\/100\n|switch|p2b: Landorus|Landorus-Therian, L50, M|100\/100\n|-ability|p2b: Landorus|Intimidate|boost\n|-unboost|p1a: Amoonguss|atk|1\n|-unboost|p1b: Iron Hands|atk|1\n|turn|1\n|\n|t:|1701058865\n|switch|p2b: Politoed|Politoed, L50, M|100\/100\n|-weather|RainDance|[from] ability: Drizzle|[of] p2b: Politoed\n|move|p1b: Iron Hands|Fake Out|p2a: Zapdos\n|-damage|p2a: Zapdos|91\/100\n|cant|p2a: Zapdos|flinch\n|move|p1a: Amoonguss|Spore|p2a: Zapdos\n|-status|p2a: Zapdos|slp|[from] move: Spore\n|\n|-weather|RainDance|[upkeep]\n|upkeep\n|turn|2\n|\n|t:|1701058884\n|-end|p1b: Iron Hands|Quark Drive|[silent]\n|switch|p1b: Gholdengo|Gholdengo, L50, shiny|100\/100\n|cant|p2a: Zapdos|slp\n|move|p2b: Politoed|Encore|p1b: Gholdengo\n|-immune|p1b: Gholdengo|[from] ability: Good as Gold\n|move|p1a: Amoonguss|Spore|p2b: Politoed\n|-status|p2b: Politoed|slp|[from] move: Spore\n|\n|-weather|RainDance|[upkeep]\n|upkeep\n|turn|3\n|\n|t:|1701058897\n|switch|p2b: Rillaboom|Rillaboom, L50, M|100\/100\n|-fieldstart|move: Grassy Terrain|[from] ability: Grassy Surge|[of] p2b: Rillaboom\n|switch|p1a: Indeedee|Indeedee-F, L50, F|100\/100\n|-fieldstart|move: Psychic Terrain|[from] ability: Psychic Surge|[of] p1a: Indeedee\n|-curestatus|p2a: Zapdos|slp|[msg]\n|move|p2a: Zapdos|Hurricane|p1a: Indeedee\n|-damage|p1a: Indeedee|63\/100\n|move|p1b: Gholdengo|Shadow Ball|p2a: Zapdos\n|-damage|p2a: Zapdos|21\/100\n|-enditem|p2a: Zapdos|Sitrus Berry|[eat]\n|-heal|p2a: Zapdos|46\/100|[from] item: Sitrus Berry\n|\n|-weather|RainDance|[upkeep]\n|upkeep\n|turn|4\n|\n|t:|1701058919\n|switch|p2a: Politoed|Politoed, L50, M|100\/100 slp\n|switch|p1a: Amoonguss|Amoonguss, L50, M, shiny|100\/100\n|-terastallize|p2b: Rillaboom|Fire\n|move|p2b: Rillaboom|Wood Hammer|p1a: Amoonguss\n|-resisted|p1a: Amoonguss\n|-damage|p1a: Amoonguss|85\/100\n|-damage|p2b: Rillaboom|84\/100|[from] item: Rocky Helmet|[of] p1a: Amoonguss\n|-damage|p2b: Rillaboom|78\/100|[from] Recoil\n|move|p1b: Gholdengo|Shadow Ball|p2a: Politoed\n|-damage|p2a: Politoed|38\/100 slp\n|\n|-weather|RainDance|[upkeep]\n|upkeep\n|turn|5\n|-message|yukiriii forfeited.\n|\n|win|SpaceCar\n|raw|SpaceCar's rating: 1266 &rarr; <strong>1294<\/strong><br \/>(+28 for winning)\n|raw|yukiriii's rating: 1313 &rarr; <strong>1290<\/strong><br \/>(-23 for losing)\n|l|\u2606yukiriii\n","uploadtime":1701058931,"views":11,"p1id":"spacecar","p2id":"yukiriii","formatid":"gen9vgc2023regulatione","rating":1290,"private":0,"password":""}