{"id":"gen9vgc2023regulatione-1996339403","p1":"kuklcan","p2":"Heyo16","format":"[Gen 9] VGC 2023 Regulation E","log":"|j|\u2606kuklcan\n|j|\u2606Heyo16\n|t:|1700672666\n|gametype|doubles\n|player|p1|kuklcan|2|1000\n|player|p2|Heyo16|2|1091\n|teamsize|p1|6\n|teamsize|p2|6\n|gen|9\n|tier|[Gen 9] VGC 2023 Regulation E\n|rated|\n|rule|Species Clause: Limit one of each Pok\u00e9mon\n|rule|Item Clause: Limit one of each item\n|clearpoke\n|poke|p1|Vaporeon, L50, F|\n|poke|p1|Gastrodon-East, L50, M|\n|poke|p1|Coalossal, L50, F|\n|poke|p1|Chi-Yu, L50|\n|poke|p1|Orthworm, L50, F|\n|poke|p1|Gliscor, L50, M|\n|poke|p2|Bombirdier, L50, F|\n|poke|p2|Ninetales-Alola, L50, F|\n|poke|p2|Cetitan, L50, F|\n|poke|p2|Flutter Mane, L50|\n|poke|p2|Urshifu-*, L50, M|\n|poke|p2|Cresselia, L50, F|\n|teampreview|4\n|inactive|Battle timer is ON: inactive players will automatically lose when time's up. (requested by Heyo16)\n|\n|t:|1700672712\n|start\n|switch|p1a: Gliscor|Gliscor, L50, M, shiny|100\/100\n|switch|p1b: Coalossal|Coalossal, L50, F|100\/100\n|switch|p2a: Urshifu|Urshifu-Rapid-Strike, L50, M|100\/100\n|switch|p2b: Ninetales|Ninetales-Alola, L50, F|100\/100\n|-weather|Snow|[from] ability: Snow Warning|[of] p2b: Ninetales\n|turn|1\n|\n|t:|1700672736\n|-terastallize|p2a: Urshifu|Water\n|-terastallize|p1b: Coalossal|Water\n|move|p2a: Urshifu|Aqua Jet|p1b: Coalossal\n|-resisted|p1b: Coalossal\n|-damage|p1b: Coalossal|84\/100\n|-ability|p1b: Coalossal|Steam Engine|boost\n|-boost|p1b: Coalossal|spe|6\n|move|p1b: Coalossal|Rock Slide|p2a: Urshifu|[spread] p2a,p2b\n|-supereffective|p2b: Ninetales\n|-damage|p2a: Urshifu|85\/100\n|-damage|p2b: Ninetales|72\/100\n|move|p2b: Ninetales|Aurora Veil|p2b: Ninetales\n|-sidestart|p2: Heyo16|move: Aurora Veil\n|move|p1a: Gliscor|Dual Wingbeat|p2a: Urshifu\n|-damage|p2a: Urshifu|73\/100\n|-damage|p2a: Urshifu|60\/100\n|-hitcount|p2a: Urshifu|2\n|\n|-weather|Snow|[upkeep]\n|-status|p1a: Gliscor|tox|[from] item: Toxic Orb\n|upkeep\n|turn|2\n|inactive|kuklcan has 30 seconds left.\n|inactive|kuklcan has 20 seconds left.\n|\n|t:|1700672773\n|move|p2b: Ninetales|Helping Hand|p2a: Urshifu\n|-singleturn|p2a: Urshifu|Helping Hand|[of] p2b: Ninetales\n|move|p2a: Urshifu|Aqua Jet|p1a: Gliscor\n|-supereffective|p1a: Gliscor\n|-damage|p1a: Gliscor|0 fnt\n|faint|p1a: Gliscor\n|move|p1b: Coalossal|Earth Power|p2a: Urshifu\n|-damage|p2a: Urshifu|35\/100\n|\n|-weather|Snow|[upkeep]\n|upkeep\n|\n|t:|1700672782\n|switch|p1a: Chi-Yu|Chi-Yu, L50|100\/100\n|-ability|p1a: Chi-Yu|Beads of Ruin\n|turn|3\n|inactive|kuklcan has 30 seconds left.\n|\n|t:|1700672808\n|move|p1b: Coalossal|Protect|p1b: Coalossal\n|-singleturn|p1b: Coalossal|Protect\n|move|p2a: Urshifu|Aqua Jet|p1a: Chi-Yu\n|-supereffective|p1a: Chi-Yu\n|-damage|p1a: Chi-Yu|0 fnt\n|faint|p1a: Chi-Yu\n|move|p2b: Ninetales|Dazzling Gleam|p1b: Coalossal\n|-activate|p1b: Coalossal|move: Protect\n|\n|-weather|Snow|[upkeep]\n|upkeep\n|\n|t:|1700672817\n|switch|p1a: Orthworm|Orthworm, L50, F|100\/100\n|turn|4\n|\n|t:|1700672834\n|move|p2b: Ninetales|Helping Hand|p2a: Urshifu\n|-singleturn|p2a: Urshifu|Helping Hand|[of] p2b: Ninetales\n|move|p2a: Urshifu|Aqua Jet|p1a: Orthworm\n|-damage|p1a: Orthworm|58\/100\n|move|p1b: Coalossal|Rock Slide|p2a: Urshifu|[spread] p2a,p2b\n|-supereffective|p2b: Ninetales\n|-damage|p2a: Urshifu|26\/100\n|-damage|p2b: Ninetales|56\/100\n|move|p1a: Orthworm|Heavy Slam|p2b: Ninetales\n|-supereffective|p2b: Ninetales\n|-damage|p2b: Ninetales|0 fnt\n|faint|p2b: Ninetales\n|\n|-weather|Snow|[upkeep]\n|upkeep\n|\n|t:|1700672842\n|switch|p2b: Bombirdier|Bombirdier, L50, F|100\/100\n|turn|5\n|\n|t:|1700672858\n|move|p2a: Urshifu|Aqua Jet|p1b: Coalossal\n|-resisted|p1b: Coalossal\n|-damage|p1b: Coalossal|68\/100\n|move|p1b: Coalossal|Rock Slide|p2b: Bombirdier|[spread] p2a,p2b\n|-supereffective|p2b: Bombirdier\n|-damage|p2a: Urshifu|16\/100\n|-damage|p2b: Bombirdier|73\/100\n|cant|p2b: Bombirdier|flinch\n|move|p1a: Orthworm|Heavy Slam|p2b: Bombirdier\n|-damage|p2b: Bombirdier|40\/100\n|\n|-weather|none\n|upkeep\n|turn|6\n|\n|t:|1700672876\n|move|p2a: Urshifu|Aqua Jet|p1b: Coalossal\n|-resisted|p1b: Coalossal\n|-damage|p1b: Coalossal|52\/100\n|move|p1b: Coalossal|Rock Slide|p2b: Bombirdier|[spread] p2a,p2b\n|-supereffective|p2b: Bombirdier\n|-damage|p2a: Urshifu|7\/100\n|-damage|p2b: Bombirdier|14\/100\n|move|p2b: Bombirdier|Rock Blast|p1b: Coalossal\n|-damage|p1b: Coalossal|44\/100\n|-damage|p1b: Coalossal|36\/100\n|-damage|p1b: Coalossal|27\/100\n|-damage|p1b: Coalossal|18\/100\n|-damage|p1b: Coalossal|10\/100\n|-hitcount|p1b: Coalossal|5\n|move|p1a: Orthworm|Body Press|p2b: Bombirdier\n|-damage|p2b: Bombirdier|0 fnt\n|faint|p2b: Bombirdier\n|\n|upkeep\n|\n|t:|1700672879\n|switch|p2b: Cetitan|Cetitan, L50, F|100\/100\n|turn|7\n|inactive|kuklcan has 30 seconds left.\n|\n|t:|1700672908\n|move|p2a: Urshifu|Aqua Jet|p1b: Coalossal\n|-resisted|p1b: Coalossal\n|-damage|p1b: Coalossal|0 fnt\n|faint|p1b: Coalossal\n|move|p1a: Orthworm|Body Press|p2b: Cetitan\n|-supereffective|p2b: Cetitan\n|-damage|p2b: Cetitan|68\/100\n|move|p2b: Cetitan|Liquidation|p1a: Orthworm\n|-damage|p1a: Orthworm|36\/100\n|-unboost|p1a: Orthworm|def|1\n|-enditem|p1a: Orthworm|Sitrus Berry|[eat]\n|-heal|p1a: Orthworm|61\/100|[from] item: Sitrus Berry\n|\n|upkeep\n|turn|8\n|\n|t:|1700672929\n|move|p2a: Urshifu|Aqua Jet|p1a: Orthworm\n|-damage|p1a: Orthworm|13\/100\n|move|p1a: Orthworm|Body Press|p2b: Cetitan\n|-supereffective|p2b: Cetitan\n|-crit|p2b: Cetitan\n|-damage|p2b: Cetitan|0 fnt\n|faint|p2b: Cetitan\n|\n|-sideend|p2: Heyo16|move: Aurora Veil\n|upkeep\n|turn|9\n|\n|t:|1700672944\n|move|p1a: Orthworm|Protect|p1a: Orthworm\n|-singleturn|p1a: Orthworm|Protect\n|move|p2a: Urshifu|Aqua Jet|p1a: Orthworm\n|-damage|p1a: Orthworm|0 fnt\n|faint|p1a: Orthworm\n|\n|win|Heyo16\n|raw|kuklcan's rating: 1000 &rarr; <strong>1000<\/strong><br \/>(+0 for losing)\n|raw|Heyo16's rating: 1091 &rarr; <strong>1111<\/strong><br \/>(+20 for winning)\n","uploadtime":1700672954,"views":0,"p1id":"kuklcan","p2id":"heyo16","formatid":"gen9vgc2023regulatione","rating":1000,"private":0,"password":""}