{"id":"gen9vgc2023regulatione-2000505369","p1":"sharkjeezus","p2":"YoshiKing9999","format":"[Gen 9] VGC 2023 Regulation E","log":"|j|\u2606sharkjeezus\n|j|\u2606YoshiKing9999\n|t:|1701200446\n|gametype|doubles\n|player|p1|sharkjeezus|fisherman-gen4|1099\n|player|p2|YoshiKing9999|caitlin|1048\n|teamsize|p1|6\n|teamsize|p2|6\n|gen|9\n|tier|[Gen 9] VGC 2023 Regulation E\n|rated|\n|rule|Species Clause: Limit one of each Pok\u00e9mon\n|rule|Item Clause: Limit one of each item\n|clearpoke\n|poke|p1|Tropius, L50, F|\n|poke|p1|Ting-Lu, L50|\n|poke|p1|Flutter Mane, L50|\n|poke|p1|Grimmsnarl, L50, M|\n|poke|p1|Clefairy, L50, F|\n|poke|p1|Tauros-Paldea-Aqua, L50, M|\n|poke|p2|Ting-Lu, L50|\n|poke|p2|Oranguru, L50, F|\n|poke|p2|Urshifu-*, L50, M|\n|poke|p2|Sinistcha, L50|\n|poke|p2|Grimmsnarl, L50, M|\n|poke|p2|Thundurus, L50, M|\n|teampreview|4\n|inactive|Battle timer is ON: inactive players will automatically lose when time's up. (requested by YoshiKing9999)\nYoshiKing9999 rejected open team sheets.\n|inactive|sharkjeezus has 60 seconds left.\n|\n|t:|1701200488\n|start\n|switch|p1a: Tropius|Tropius, L50, F|100\/100\n|switch|p1b: Grimmsnarl|Grimmsnarl, L50, M|100\/100\n|switch|p2a: Ting-Lu|Ting-Lu, L50|100\/100\n|switch|p2b: Oranguru|Oranguru, L50, F|100\/100\n|-ability|p2a: Ting-Lu|Vessel of Ruin\n|turn|1\n|\n|t:|1701200509\n|move|p1b: Grimmsnarl|Reflect|p1b: Grimmsnarl\n|-sidestart|p1: sharkjeezus|Reflect\n|move|p1a: Tropius|Leech Seed|p2b: Oranguru\n|-start|p2b: Oranguru|move: Leech Seed\n|move|p2a: Ting-Lu|Fissure|p1b: Grimmsnarl|[miss]\n|-miss|p2a: Ting-Lu|p1b: Grimmsnarl\n|move|p2b: Oranguru|Trick Room|p2b: Oranguru\n|-fieldstart|move: Trick Room|[of] p2b: Oranguru\n|\n|-damage|p2b: Oranguru|88\/100|[from] Leech Seed|[of] p1a: Tropius\n|upkeep\n|turn|2\n|\n|t:|1701200527\n|move|p1b: Grimmsnarl|Parting Shot|p2b: Oranguru\n|-unboost|p2b: Oranguru|atk|1\n|-unboost|p2b: Oranguru|spa|1\n|\n|t:|1701200534\n|switch|p1b: Ting-Lu|Ting-Lu, L50|100\/100|[from] Parting Shot\n|-ability|p1b: Ting-Lu|Vessel of Ruin\n|move|p2a: Ting-Lu|Fissure|p1b: Ting-Lu\n|-damage|p1b: Ting-Lu|0 fnt\n|faint|p1b: Ting-Lu\n|-ohko\n|move|p1a: Tropius|Leech Seed|p2a: Ting-Lu\n|-start|p2a: Ting-Lu|move: Leech Seed\n|move|p2b: Oranguru|Instruct|p2a: Ting-Lu\n|-singleturn|p2a: Ting-Lu|move: Instruct|[of] p2b: Oranguru\n|move|p2a: Ting-Lu|Fissure|p1a: Tropius\n|-immune|p1a: Tropius\n|\n|-damage|p2a: Ting-Lu|88\/100|[from] Leech Seed|[of] p1a: Tropius\n|-damage|p2b: Oranguru|76\/100|[from] Leech Seed|[of] p1a: Tropius\n|upkeep\n|\n|t:|1701200557\n|switch|p1b: Tauros|Tauros-Paldea-Aqua, L50, M|100\/100\n|-ability|p1b: Tauros|Intimidate|boost\n|-unboost|p2a: Ting-Lu|atk|1\n|-fail|p2b: Oranguru|unboost|Attack|[from] ability: Inner Focus|[of] p2b: Oranguru\n|turn|3\n|\n|t:|1701200568\n|move|p1b: Tauros|Aqua Jet|p2a: Ting-Lu\n|-supereffective|p2a: Ting-Lu\n|-damage|p2a: Ting-Lu|65\/100\n|move|p2a: Ting-Lu|Fissure|p1b: Tauros|[miss]\n|-miss|p2a: Ting-Lu|p1b: Tauros\n|move|p1a: Tropius|Giga Drain|p2a: Ting-Lu\n|-supereffective|p2a: Ting-Lu\n|-damage|p2a: Ting-Lu|52\/100\n|move|p2b: Oranguru|Instruct|p2a: Ting-Lu\n|-singleturn|p2a: Ting-Lu|move: Instruct|[of] p2b: Oranguru\n|move|p2a: Ting-Lu|Fissure|p1b: Tauros\n|-damage|p1b: Tauros|0 fnt\n|faint|p1b: Tauros\n|-ohko\n|\n|-damage|p2a: Ting-Lu|39\/100|[from] Leech Seed|[of] p1a: Tropius\n|-damage|p2b: Oranguru|64\/100|[from] Leech Seed|[of] p1a: Tropius\n|upkeep\n|\n|t:|1701200586\n|switch|p1b: Grimmsnarl|Grimmsnarl, L50, M|100\/100\n|turn|4\n|\n|t:|1701200599\n|move|p2a: Ting-Lu|Fissure|p1b: Grimmsnarl\n|-damage|p1b: Grimmsnarl|0 fnt\n|faint|p1b: Grimmsnarl\n|-ohko\n|move|p1a: Tropius|Giga Drain|p2a: Ting-Lu\n|-supereffective|p2a: Ting-Lu\n|-damage|p2a: Ting-Lu|26\/100\n|move|p2b: Oranguru|Instruct|p2a: Ting-Lu\n|-singleturn|p2a: Ting-Lu|move: Instruct|[of] p2b: Oranguru\n|move|p2a: Ting-Lu|Fissure|p1a: Tropius\n|-immune|p1a: Tropius\n|\n|-damage|p2a: Ting-Lu|13\/100|[from] Leech Seed|[of] p1a: Tropius\n|-damage|p2b: Oranguru|52\/100|[from] Leech Seed|[of] p1a: Tropius\n|upkeep\n|turn|5\n|inactive|sharkjeezus has 30 seconds left.\n|\n|t:|1701200626\n|move|p2a: Ting-Lu|Ruination|p1a: Tropius\n|-damage|p1a: Tropius|50\/100\n|-enditem|p1a: Tropius|Sitrus Berry|[eat]\n|-heal|p1a: Tropius|75\/100|[from] item: Sitrus Berry\n|move|p1a: Tropius|Leech Seed||[still]\n|-fail|p1a: Tropius\n|move|p2b: Oranguru|Foul Play|p1a: Tropius\n|-damage|p1a: Tropius|69\/100\n|\n|-damage|p2a: Ting-Lu|1\/100|[from] Leech Seed|[of] p1a: Tropius\n|-heal|p1a: Tropius|85\/100|[silent]\n|-damage|p2b: Oranguru|40\/100|[from] Leech Seed|[of] p1a: Tropius\n|-heal|p1a: Tropius|97\/100|[silent]\n|-fieldend|move: Trick Room\n|-item|p1a: Tropius|Sitrus Berry|[from] ability: Harvest\n|upkeep\n|turn|6\n|\n|t:|1701200643\n|move|p2b: Oranguru|Foul Play|p1a: Tropius\n|-damage|p1a: Tropius|91\/100\n|move|p1a: Tropius|Giga Drain|p2b: Oranguru\n|-damage|p2b: Oranguru|28\/100\n|-heal|p1a: Tropius|96\/100|[from] drain|[of] p2b: Oranguru\n|move|p2a: Ting-Lu|Ruination|p1a: Tropius\n|-damage|p1a: Tropius|49\/100\n|-enditem|p1a: Tropius|Sitrus Berry|[eat]\n|-heal|p1a: Tropius|73\/100|[from] item: Sitrus Berry\n|\n|-damage|p2b: Oranguru|16\/100|[from] Leech Seed|[of] p1a: Tropius\n|-heal|p1a: Tropius|85\/100|[silent]\n|-damage|p2a: Ting-Lu|0 fnt|[from] Leech Seed|[of] p1a: Tropius\n|-heal|p1a: Tropius|86\/100|[silent]\n|faint|p2a: Ting-Lu\n|-item|p1a: Tropius|Sitrus Berry|[from] ability: Harvest\n|upkeep\n|\n|t:|1701200665\n|switch|p2a: Thundurus|Thundurus, L50, M|100\/100\n|turn|7\n|\n|t:|1701200674\n|-terastallize|p1a: Tropius|Ground\n|move|p2b: Oranguru|Protect|p2b: Oranguru\n|-singleturn|p2b: Oranguru|Protect\n|move|p2a: Thundurus|Taunt|p1a: Tropius\n|-start|p1a: Tropius|move: Taunt\n|cant|p1a: Tropius|move: Taunt|Leech Seed\n|\n|-damage|p2b: Oranguru|4\/100|[from] Leech Seed|[of] p1a: Tropius\n|-heal|p1a: Tropius|98\/100|[silent]\n|upkeep\n|turn|8\n|\n|t:|1701200690\n|move|p2a: Thundurus|Rain Dance|p2a: Thundurus\n|-weather|RainDance\n|move|p2b: Oranguru|Foul Play|p1a: Tropius\n|-damage|p1a: Tropius|92\/100\n|move|p1a: Tropius|Giga Drain|p2a: Thundurus\n|-resisted|p2a: Thundurus\n|-damage|p2a: Thundurus|88\/100\n|-heal|p1a: Tropius|98\/100|[from] drain|[of] p2a: Thundurus\n|\n|-weather|RainDance|[upkeep]\n|-damage|p2b: Oranguru|0 fnt|[from] Leech Seed|[of] p1a: Tropius\n|-heal|p1a: Tropius|100\/100|[silent]\n|faint|p2b: Oranguru\n|-sideend|p1: sharkjeezus|Reflect\n|upkeep\n|\n|t:|1701200695\n|switch|p2b: Urshifu|Urshifu-Rapid-Strike, L50, M|100\/100\n|turn|9\n|\n|t:|1701200709\n|-terastallize|p2a: Thundurus|Flying\n|move|p2a: Thundurus|Tera Blast|p1a: Tropius|[anim] Tera Blast Flying\n|-damage|p1a: Tropius|59\/100\n|move|p2b: Urshifu|Surging Strikes|p1a: Tropius\n|-supereffective|p1a: Tropius\n|-crit|p1a: Tropius\n|-damage|p1a: Tropius|8\/100\n|-enditem|p1a: Tropius|Sitrus Berry|[eat]\n|-heal|p1a: Tropius|33\/100|[from] item: Sitrus Berry\n|-supereffective|p1a: Tropius\n|-crit|p1a: Tropius\n|-damage|p1a: Tropius|0 fnt\n|faint|p1a: Tropius\n|-hitcount|p1: Tropius|2\n|\n|win|YoshiKing9999\n|raw|sharkjeezus's rating: 1099 &rarr; <strong>1071<\/strong><br \/>(-28 for losing)\n|raw|YoshiKing9999's rating: 1048 &rarr; <strong>1086<\/strong><br \/>(+38 for winning)\n|l|\u2606sharkjeezus\n|c|\u2606YoshiKing9999|Gg wp\n","uploadtime":1701200733,"views":1,"p1id":"sharkjeezus","p2id":"yoshiking9999","formatid":"gen9vgc2023regulatione","rating":1071,"private":0,"password":""}