{"id":"gen9vgc2023regulatione-1989747154","p1":"war3ted","p2":"yizhikeji","format":"[Gen 9] VGC 2023 Regulation E","log":"|j|\u2606war3ted\n|j|\u2606yizhikeji\n|t:|1699892300\n|gametype|doubles\n|player|p1|war3ted|iris-gen5bw2|\n|player|p2|yizhikeji|mira|\n|teamsize|p1|6\n|teamsize|p2|6\n|gen|9\n|tier|[Gen 9] VGC 2023 Regulation E\n|rule|Species Clause: Limit one of each Pok\u00e9mon\n|rule|Item Clause: Limit one of each item\n|clearpoke\n|poke|p1|Iron Bundle, L50|\n|poke|p1|Ogerpon-Hearthflame, L50, F|\n|poke|p1|Landorus-Therian, L50, M|\n|poke|p1|Iron Hands, L50|\n|poke|p1|Heatran, L50, M|\n|poke|p1|Rillaboom, L50, M|\n|poke|p2|Tornadus, L50, M|\n|poke|p2|Urshifu-*, L50, F|\n|poke|p2|Gholdengo, L50|\n|poke|p2|Rillaboom, L50, F|\n|poke|p2|Ogerpon-Hearthflame, L50, F|\n|poke|p2|Landorus-Therian, L50, M|\n|teampreview|4\n|\n|t:|1699892366\n|start\n|switch|p1a: Landorus|Landorus-Therian, L50, M|100\/100\n|switch|p1b: Heatran|Heatran, L50, M|100\/100\n|switch|p2a: Landorus|Landorus-Therian, L50, M|100\/100\n|switch|p2b: Urshifu|Urshifu, L50, F|100\/100\n|-ability|p1a: Landorus|Intimidate|boost\n|-unboost|p2a: Landorus|atk|1\n|-unboost|p2b: Urshifu|atk|1\n|-ability|p2a: Landorus|Intimidate|boost\n|-unboost|p1a: Landorus|atk|1\n|-unboost|p1b: Heatran|atk|1\n|turn|1\n|\n|t:|1699892412\n|-terastallize|p1b: Heatran|Fairy\n|move|p1a: Landorus|U-turn|p2b: Urshifu\n|-damage|p2b: Urshifu|81\/100\n|\n|t:|1699892417\n|switch|p1a: Iron Hands|Iron Hands, L50|100\/100|[from] U-turn\n|move|p2a: Landorus|Stomping Tantrum|p1b: Heatran\n|-damage|p1b: Heatran|75\/100\n|move|p2b: Urshifu|Wicked Blow|p1b: Heatran\n|-resisted|p1b: Heatran\n|-crit|p1b: Heatran\n|-damage|p1b: Heatran|34\/100\n|move|p1b: Heatran|Heat Wave|p2b: Urshifu|[spread] p2a,p2b\n|-damage|p2a: Landorus|58\/100\n|-damage|p2b: Urshifu|20\/100\n|\n|upkeep\n|turn|2\n|\n|t:|1699892466\n|switch|p2b: Ogerpon|Ogerpon-Hearthflame, L50, F|100\/100\n|-ability|p2b: Ogerpon|Mold Breaker\n|move|p1a: Iron Hands|Fake Out|p2b: Ogerpon\n|-damage|p2b: Ogerpon|81\/100\n|move|p2a: Landorus|Stomping Tantrum|p1b: Heatran\n|-damage|p1b: Heatran|7\/100\n|move|p1b: Heatran|Heat Wave|p2a: Landorus|[spread] p2a,p2b\n|-damage|p2a: Landorus|15\/100\n|-damage|p2b: Ogerpon|41\/100\n|\n|upkeep\n|turn|3\n|\n|t:|1699892498\n|-end|p1a: Iron Hands|Quark Drive|[silent]\n|switch|p1a: Landorus|Landorus-Therian, L50, M|100\/100\n|-ability|p1a: Landorus|Intimidate|boost\n|-unboost|p2a: Landorus|atk|1\n|-unboost|p2b: Ogerpon|atk|1\n|move|p2a: Landorus|Stomping Tantrum|p1a: Landorus\n|-immune|p1a: Landorus\n|move|p2b: Ogerpon|Ivy Cudgel|p1a: Landorus\n|-damage|p1a: Landorus|55\/100\n|move|p1b: Heatran|Heat Wave|p2a: Landorus|[spread] p2a\n|-miss|p1b: Heatran|p2b: Ogerpon\n|-damage|p2a: Landorus|0 fnt\n|faint|p2a: Landorus\n|\n|upkeep\n|\n|t:|1699892514\n|switch|p2a: Urshifu|Urshifu, L50, F|20\/100\n|turn|4\n|\n|t:|1699892529\n|switch|p1a: Iron Hands|Iron Hands, L50|100\/100\n|move|p2b: Ogerpon|Ivy Cudgel|p1b: Heatran\n|-damage|p1b: Heatran|0 fnt\n|faint|p1b: Heatran\n|move|p2a: Urshifu|Wicked Blow|p1a: Iron Hands\n|-resisted|p1a: Iron Hands\n|-crit|p1a: Iron Hands\n|-damage|p1a: Iron Hands|68\/100\n|\n|upkeep\n|\n|t:|1699892535\n|switch|p1b: Landorus|Landorus-Therian, L50, M|55\/100\n|-ability|p1b: Landorus|Intimidate|boost\n|-unboost|p2a: Urshifu|atk|1\n|-unboost|p2b: Ogerpon|atk|1\n|turn|5\n|\n|t:|1699892556\n|switch|p2a: Gholdengo|Gholdengo, L50|100\/100\n|move|p1a: Iron Hands|Fake Out|p2b: Ogerpon\n|-damage|p2b: Ogerpon|22\/100\n|move|p1b: Landorus|U-turn|p2a: Gholdengo\n|-resisted|p2a: Gholdengo\n|-damage|p2a: Gholdengo|93\/100\n|\n|t:|1699892560\n|switch|p1b: Rillaboom|Rillaboom, L50, M|100\/100|[from] U-turn\n|-fieldstart|move: Grassy Terrain|[from] ability: Grassy Surge|[of] p1b: Rillaboom\n|cant|p2b: Ogerpon|flinch\n|\n|-heal|p2b: Ogerpon|28\/100|[from] Grassy Terrain\n|-heal|p2a: Gholdengo|99\/100|[from] Grassy Terrain\n|-heal|p1a: Iron Hands|75\/100|[from] Grassy Terrain\n|upkeep\n|turn|6\n|\n|t:|1699892599\n|move|p1b: Rillaboom|Fake Out|p2b: Ogerpon\n|-damage|p2b: Ogerpon|12\/100\n|cant|p2b: Ogerpon|flinch\n|move|p2a: Gholdengo|Shadow Ball|p1b: Rillaboom\n|-damage|p1b: Rillaboom|26\/100\n|-enditem|p1b: Rillaboom|Sitrus Berry|[eat]\n|-heal|p1b: Rillaboom|51\/100|[from] item: Sitrus Berry\n|move|p1a: Iron Hands|Wild Charge|p2a: Gholdengo\n|-damage|p2a: Gholdengo|43\/100\n|-damage|p1a: Iron Hands|64\/100|[from] Recoil\n|\n|-heal|p2b: Ogerpon|19\/100|[from] Grassy Terrain\n|-heal|p2a: Gholdengo|49\/100|[from] Grassy Terrain\n|-heal|p1b: Rillaboom|57\/100|[from] Grassy Terrain\n|-heal|p1a: Iron Hands|70\/100|[from] Grassy Terrain\n|upkeep\n|turn|7\n|\n|t:|1699892646\n|switch|p1b: Landorus|Landorus-Therian, L50, M|55\/100\n|-ability|p1b: Landorus|Intimidate|boost\n|-unboost|p2a: Gholdengo|atk|1\n|-unboost|p2b: Ogerpon|atk|1\n|-terastallize|p2a: Gholdengo|Steel\n|move|p2b: Ogerpon|Ivy Cudgel|p1b: Landorus\n|-damage|p1b: Landorus|24\/100\n|move|p2a: Gholdengo|Shadow Ball|p1b: Landorus\n|-damage|p1b: Landorus|0 fnt\n|faint|p1b: Landorus\n|move|p1a: Iron Hands|Wild Charge|p2a: Gholdengo\n|-damage|p2a: Gholdengo|0 fnt\n|faint|p2a: Gholdengo\n|-damage|p1a: Iron Hands|61\/100|[from] Recoil\n|\n|-heal|p2b: Ogerpon|25\/100|[from] Grassy Terrain\n|-heal|p1a: Iron Hands|67\/100|[from] Grassy Terrain\n|upkeep\n|\n|t:|1699892667\n|switch|p1b: Rillaboom|Rillaboom, L50, M|57\/100\n|switch|p2a: Urshifu|Urshifu, L50, F|20\/100\n|turn|8\n|\n|t:|1699892688\n|move|p1b: Rillaboom|Fake Out|p2a: Urshifu\n|-damage|p2a: Urshifu|7\/100\n|move|p2b: Ogerpon|Grassy Glide|p1b: Rillaboom\n|-resisted|p1b: Rillaboom\n|-damage|p1b: Rillaboom|49\/100\n|cant|p2a: Urshifu|flinch\n|move|p1a: Iron Hands|Drain Punch|p2b: Ogerpon\n|-damage|p2b: Ogerpon|0 fnt\n|-heal|p1a: Iron Hands|76\/100|[from] drain|[of] p2b: Ogerpon\n|faint|p2b: Ogerpon\n|\n|-heal|p2a: Urshifu|14\/100|[from] Grassy Terrain\n|-heal|p1b: Rillaboom|55\/100|[from] Grassy Terrain\n|-heal|p1a: Iron Hands|83\/100|[from] Grassy Terrain\n|upkeep\n|turn|9\n|\n|t:|1699892710\n|move|p1b: Rillaboom|Grassy Glide|p2a: Urshifu\n|-damage|p2a: Urshifu|0 fnt\n|faint|p2a: Urshifu\n|\n|win|war3ted\n|l|\u2606yizhikeji\n|l|\u2606war3ted\n|j|\u2606yizhikeji\n|player|p2|yizhikeji|mira\n|l|\u2606yizhikeji\n|player|p2|\n|j|\u2606yizhikeji\n|player|p2|yizhikeji|mira\n|l|\u2606yizhikeji\n|player|p2|\n|j|\u2606yizhikeji\n|player|p2|yizhikeji|mira\n|l|\u2606yizhikeji\n|player|p2|\n|j|\u2606yizhikeji\n|player|p2|yizhikeji|mira\n","uploadtime":1699893329,"views":18,"p1id":"war3ted","p2id":"yizhikeji","formatid":"gen9vgc2023regulatione","rating":0,"private":0,"password":""}