{"id":"gen9vgc2023regulatione-2000153419","p1":"xingshen","p2":"TapiGD","format":"[Gen 9] VGC 2023 Regulation E","log":"|j|\u2606xingshen\n|j|\u2606TapiGD\n|t:|1701164062\n|gametype|doubles\n|player|p1|xingshen|101|1281\n|player|p2|TapiGD|102|1185\n|teamsize|p1|6\n|teamsize|p2|6\n|gen|9\n|tier|[Gen 9] VGC 2023 Regulation E\n|rated|\n|rule|Species Clause: Limit one of each Pok\u00e9mon\n|rule|Item Clause: Limit one of each item\n|clearpoke\n|poke|p1|Indeedee-F, L50, F|\n|poke|p1|Sneasler, L50, M|\n|poke|p1|Salamence, L50, M|\n|poke|p1|Gholdengo, L50|\n|poke|p1|Ogerpon-Wellspring, L50, F|\n|poke|p1|Urshifu-*, L50, M|\n|poke|p2|Chien-Pao, L50|\n|poke|p2|Flutter Mane, L50|\n|poke|p2|Rillaboom, L50, F|\n|poke|p2|Tornadus, L50, M|\n|poke|p2|Arcanine-Hisui, L50, M|\n|poke|p2|Urshifu-*, L50, F|\n|teampreview|4\n|\n|t:|1701164097\n|start\n|switch|p1a: Salamence|Salamence, L50, M|100\/100\n|switch|p1b: Urshifu|Urshifu-Rapid-Strike, L50, M|100\/100\n|switch|p2a: Chien-Pao|Chien-Pao, L50|100\/100\n|switch|p2b: Tornadus|Tornadus, L50, M|100\/100\n|-ability|p2a: Chien-Pao|Sword of Ruin\n|-ability|p1a: Salamence|Intimidate|boost\n|-unboost|p2a: Chien-Pao|atk|1\n|-unboost|p2b: Tornadus|atk|1\n|turn|1\n|\n|t:|1701164127\n|switch|p1a: Indeedee|Indeedee-F, L50, F|100\/100\n|-fieldstart|move: Psychic Terrain|[from] ability: Psychic Surge|[of] p1a: Indeedee\n|-terastallize|p1b: Urshifu|Water\n|move|p2b: Tornadus|Tailwind|p2b: Tornadus\n|-sidestart|p2: TapiGD|move: Tailwind\n|move|p2a: Chien-Pao|Icicle Crash|p1a: Indeedee\n|-damage|p1a: Indeedee|50\/100\n|-damage|p2a: Chien-Pao|91\/100|[from] item: Life Orb\n|move|p1b: Urshifu|Surging Strikes|p2a: Chien-Pao\n|-crit|p2a: Chien-Pao\n|-damage|p2a: Chien-Pao|52\/100\n|-crit|p2a: Chien-Pao\n|-damage|p2a: Chien-Pao|12\/100\n|-crit|p2a: Chien-Pao\n|-damage|p2a: Chien-Pao|0 fnt\n|faint|p2a: Chien-Pao\n|-hitcount|p2: Chien-Pao|3\n|\n|upkeep\n|\n|t:|1701164139\n|switch|p2a: Rillaboom|Rillaboom, L50, F|100\/100\n|-fieldstart|move: Grassy Terrain|[from] ability: Grassy Surge|[of] p2a: Rillaboom\n|turn|2\n|\n|t:|1701164176\n|switch|p2b: Urshifu|Urshifu-Rapid-Strike, L50, F|100\/100\n|switch|p1b: Salamence|Salamence, L50, M|100\/100\n|-ability|p1b: Salamence|Intimidate|boost\n|-unboost|p2a: Rillaboom|atk|1\n|-unboost|p2b: Urshifu|atk|1\n|move|p1a: Indeedee|Follow Me|p1a: Indeedee\n|-singleturn|p1a: Indeedee|move: Follow Me\n|move|p2a: Rillaboom|Wood Hammer|p1a: Indeedee\n|-damage|p1a: Indeedee|0 fnt\n|faint|p1a: Indeedee\n|-damage|p2a: Rillaboom|86\/100|[from] Recoil\n|\n|-heal|p2a: Rillaboom|92\/100|[from] Grassy Terrain\n|upkeep\n|\n|t:|1701164198\n|switch|p1a: Gholdengo|Gholdengo, L50|100\/100\n|turn|3\n|\n|t:|1701164240\n|move|p2b: Urshifu|Protect|p2b: Urshifu\n|-singleturn|p2b: Urshifu|Protect\n|move|p1a: Gholdengo|Protect|p1a: Gholdengo\n|-singleturn|p1a: Gholdengo|Protect\n|move|p2a: Rillaboom|U-turn|p1a: Gholdengo\n|-activate|p1a: Gholdengo|move: Protect\n|move|p1b: Salamence|Tailwind|p1b: Salamence\n|-sidestart|p1: xingshen|move: Tailwind\n|\n|-heal|p2a: Rillaboom|98\/100|[from] Grassy Terrain\n|upkeep\n|turn|4\n|\n|t:|1701164283\n|switch|p1a: Urshifu|Urshifu-Rapid-Strike, L50, M, tera:Water|100\/100\n|-terastallize|p2b: Urshifu|Water\n|move|p1b: Salamence|Air Slash|p2b: Urshifu\n|-damage|p2b: Urshifu|49\/100\n|move|p2b: Urshifu|Surging Strikes|p1a: Urshifu\n|-resisted|p1a: Urshifu\n|-crit|p1a: Urshifu\n|-damage|p1a: Urshifu|81\/100\n|-resisted|p1a: Urshifu\n|-crit|p1a: Urshifu\n|-damage|p1a: Urshifu|65\/100\n|-resisted|p1a: Urshifu\n|-crit|p1a: Urshifu\n|-damage|p1a: Urshifu|48\/100\n|-hitcount|p1a: Urshifu|3\n|move|p2a: Rillaboom|Wood Hammer|p1a: Urshifu\n|-supereffective|p1a: Urshifu\n|-damage|p1a: Urshifu|0 fnt\n|faint|p1a: Urshifu\n|-damage|p2a: Rillaboom|84\/100|[from] Recoil\n|\n|-heal|p2b: Urshifu|56\/100|[from] Grassy Terrain\n|-heal|p2a: Rillaboom|90\/100|[from] Grassy Terrain\n|-sideend|p2: TapiGD|move: Tailwind\n|upkeep\n|\n|t:|1701164308\n|switch|p1a: Gholdengo|Gholdengo, L50|100\/100\n|turn|5\n|\n|t:|1701164319\n|move|p2b: Urshifu|Protect|p2b: Urshifu\n|-singleturn|p2b: Urshifu|Protect\n|move|p1b: Salamence|Air Slash|p2b: Urshifu\n|-activate|p2b: Urshifu|move: Protect\n|move|p1a: Gholdengo|Shadow Ball|p2b: Urshifu\n|-activate|p2b: Urshifu|move: Protect\n|move|p2a: Rillaboom|Wood Hammer|p1a: Gholdengo\n|-resisted|p1a: Gholdengo\n|-damage|p1a: Gholdengo|69\/100\n|-damage|p2a: Rillaboom|81\/100|[from] Recoil\n|\n|-heal|p1a: Gholdengo|75\/100|[from] Grassy Terrain\n|-heal|p1a: Gholdengo|81\/100|[from] item: Leftovers\n|-heal|p2b: Urshifu|62\/100|[from] Grassy Terrain\n|-heal|p2a: Rillaboom|87\/100|[from] Grassy Terrain\n|upkeep\n|turn|6\n|\n|t:|1701164342\n|switch|p2b: Tornadus|Tornadus, L50, M|100\/100\n|move|p1b: Salamence|Air Slash|p2b: Tornadus\n|-damage|p2b: Tornadus|71\/100\n|move|p1a: Gholdengo|Shadow Ball|p2b: Tornadus\n|-damage|p2b: Tornadus|35\/100\n|move|p2a: Rillaboom|Wood Hammer|p1a: Gholdengo\n|-resisted|p1a: Gholdengo\n|-damage|p1a: Gholdengo|50\/100\n|-damage|p2a: Rillaboom|79\/100|[from] Recoil\n|\n|-heal|p1a: Gholdengo|55\/100|[from] Grassy Terrain\n|-heal|p1a: Gholdengo|61\/100|[from] item: Leftovers\n|-heal|p2a: Rillaboom|84\/100|[from] Grassy Terrain\n|-sideend|p1: xingshen|move: Tailwind\n|-fieldend|move: Grassy Terrain\n|upkeep\n|turn|7\n|\n|t:|1701164368\n|switch|p2a: Urshifu|Urshifu-Rapid-Strike, L50, F, tera:Water|62\/100\n|move|p2b: Tornadus|Taunt|p1b: Salamence\n|-start|p1b: Salamence|move: Taunt\n|move|p1b: Salamence|Air Slash|p2a: Urshifu\n|-damage|p2a: Urshifu|12\/100\n|move|p1a: Gholdengo|Shadow Ball|p2a: Urshifu\n|-damage|p2a: Urshifu|0 fnt\n|faint|p2a: Urshifu\n|\n|-heal|p1a: Gholdengo|67\/100|[from] item: Leftovers\n|upkeep\n|\n|t:|1701164377\n|switch|p2a: Rillaboom|Rillaboom, L50, F|84\/100\n|-fieldstart|move: Grassy Terrain|[from] ability: Grassy Surge|[of] p2a: Rillaboom\n|turn|8\n|\n|t:|1701164391\n|move|p1a: Gholdengo|Protect|p1a: Gholdengo\n|-singleturn|p1a: Gholdengo|Protect\n|move|p1b: Salamence|Air Slash|p2a: Rillaboom\n|-supereffective|p2a: Rillaboom\n|-damage|p2a: Rillaboom|34\/100\n|move|p2b: Tornadus|Bleakwind Storm|p1a: Gholdengo|[spread] p1b\n|-activate|p1a: Gholdengo|move: Protect\n|-crit|p1b: Salamence\n|-damage|p1b: Salamence|43\/100\n|move|p2a: Rillaboom|Wood Hammer|p1a: Gholdengo\n|-activate|p1a: Gholdengo|move: Protect\n|\n|-heal|p1a: Gholdengo|73\/100|[from] Grassy Terrain\n|-heal|p1a: Gholdengo|79\/100|[from] item: Leftovers\n|-heal|p2a: Rillaboom|40\/100|[from] Grassy Terrain\n|upkeep\n|turn|9\n|\n|t:|1701164415\n|move|p1b: Salamence|Air Slash|p2a: Rillaboom\n|-supereffective|p2a: Rillaboom\n|-damage|p2a: Rillaboom|0 fnt\n|faint|p2a: Rillaboom\n|move|p1a: Gholdengo|Make It Rain|p2b: Tornadus\n|-crit|p2b: Tornadus\n|-damage|p2b: Tornadus|0 fnt\n|-unboost|p1a: Gholdengo|spa|1\n|faint|p2b: Tornadus\n|\n|win|xingshen\n|raw|xingshen's rating: 1281 &rarr; <strong>1299<\/strong><br \/>(+18 for winning)\n|raw|TapiGD's rating: 1185 &rarr; <strong>1167<\/strong><br \/>(-18 for losing)\n|l|\u2606TapiGD\n","uploadtime":1701164429,"views":5,"p1id":"xingshen","p2id":"tapigd","formatid":"gen9vgc2023regulatione","rating":1167,"private":0,"password":""}