{"id":"gen9vgc2023regulatione-2000127548","p1":"aaooa","p2":"NewAdi6","format":"[Gen 9] VGC 2023 Regulation E","log":"|j|\u2606aaooa\n|j|\u2606NewAdi6\n|t:|1701159762\n|gametype|doubles\n|player|p1|aaooa|265|1084\n|player|p2|NewAdi6|1|1186\n|teamsize|p1|6\n|teamsize|p2|6\n|gen|9\n|tier|[Gen 9] VGC 2023 Regulation E\n|rated|\n|rule|Species Clause: Limit one of each Pok\u00e9mon\n|rule|Item Clause: Limit one of each item\n|clearpoke\n|poke|p1|Weezing-Galar, L50, F|\n|poke|p1|Slaking, L50, M|\n|poke|p1|Koffing, L50, M|\n|poke|p1|Iron Bundle, L50|\n|poke|p1|Toedscruel, L50, F|\n|poke|p1|Flutter Mane, L50|\n|poke|p2|Iron Hands, L50|\n|poke|p2|Urshifu-*, L50, F|\n|poke|p2|Chien-Pao, L50|\n|poke|p2|Amoonguss, L50, M|\n|poke|p2|Tornadus, L50, M|\n|poke|p2|Pelipper, L50, F|\n|teampreview|4\n|inactive|Battle timer is ON: inactive players will automatically lose when time's up. (requested by NewAdi6)\n|\n|t:|1701159800\n|start\n|switch|p1a: Iron Bundle|Iron Bundle, L50|100\/100\n|switch|p1b: Koffing|Koffing, L50, M|100\/100\n|switch|p2a: Iron Hands|Iron Hands, L50|100\/100\n|switch|p2b: Amoonguss|Amoonguss, L50, M|100\/100\n|-ability|p1b: Koffing|Neutralizing Gas\n|-enditem|p1a: Iron Bundle|Booster Energy\n|-activate|p1a: Iron Bundle|ability: Quark Drive|[fromitem]\n|-start|p1a: Iron Bundle|quarkdrivespa\n|turn|1\n|inactive|NewAdi6 has 30 seconds left.\n|\n|t:|1701159828\n|move|p1a: Iron Bundle|Protect|p1a: Iron Bundle\n|-singleturn|p1a: Iron Bundle|Protect\n|move|p2a: Iron Hands|Fake Out|p1b: Koffing\n|-damage|p1b: Koffing|87\/100\n|cant|p1b: Koffing|flinch\n|move|p2b: Amoonguss|Spore|p1a: Iron Bundle\n|-activate|p1a: Iron Bundle|move: Protect\n|\n|upkeep\n|turn|2\n|\n|t:|1701159843\n|move|p2b: Amoonguss|Rage Powder|p2b: Amoonguss\n|-singleturn|p2b: Amoonguss|move: Rage Powder\n|move|p1a: Iron Bundle|Freeze-Dry|p2b: Amoonguss\n|-supereffective|p2b: Amoonguss\n|-damage|p2b: Amoonguss|33\/100\n|-enditem|p2b: Amoonguss|Sitrus Berry|[eat]\n|-heal|p2b: Amoonguss|58\/100|[from] item: Sitrus Berry\n|move|p2a: Iron Hands|Drain Punch|p1a: Iron Bundle\n|-supereffective|p1a: Iron Bundle\n|-damage|p1a: Iron Bundle|0 fnt\n|faint|p1a: Iron Bundle\n|-end|p1a: Iron Bundle|Quark Drive|[silent]\n|move|p1b: Koffing|Will-O-Wisp|p2b: Amoonguss\n|-status|p2b: Amoonguss|brn\n|\n|-damage|p2b: Amoonguss|52\/100 brn|[from] brn\n|upkeep\n|\n|t:|1701159859\n|switch|p1a: Slaking|Slaking, L50, M|100\/100\n|turn|3\n|\n|t:|1701159886\n|-terastallize|p1a: Slaking|Ground\n|move|p1a: Slaking|Encore|p2b: Amoonguss\n|-start|p2b: Amoonguss|Encore\n|move|p2a: Iron Hands|Heavy Slam|p1a: Slaking\n|-damage|p1a: Slaking|81\/100\n|move|p1b: Koffing|Will-O-Wisp|p2a: Iron Hands\n|-status|p2a: Iron Hands|brn\n|move|p2b: Amoonguss|Rage Powder|p2b: Amoonguss\n|-singleturn|p2b: Amoonguss|move: Rage Powder\n|\n|-damage|p2a: Iron Hands|94\/100 brn|[from] brn\n|-damage|p2b: Amoonguss|46\/100 brn|[from] brn\n|upkeep\n|turn|4\n|\n|t:|1701159908\n|move|p2b: Amoonguss|Rage Powder|p2b: Amoonguss\n|-singleturn|p2b: Amoonguss|move: Rage Powder\n|move|p1a: Slaking|Body Slam|p2b: Amoonguss\n|-damage|p2b: Amoonguss|0 fnt\n|faint|p2b: Amoonguss\n|-damage|p1a: Slaking|71\/100|[from] item: Life Orb\n|move|p2a: Iron Hands|Drain Punch|p1a: Slaking\n|-damage|p1a: Slaking|54\/100\n|-heal|p2a: Iron Hands|100\/100 brn|[from] drain|[of] p1a: Slaking\n|move|p1b: Koffing|Pain Split|p2a: Iron Hands\n|-sethp|p2a: Iron Hands|69\/100 brn|[from] move: Pain Split|[silent]\n|-sethp|p1b: Koffing|100\/100|[from] move: Pain Split\n|\n|-damage|p2a: Iron Hands|63\/100 brn|[from] brn\n|upkeep\n|\n|t:|1701159927\n|switch|p2b: Urshifu|Urshifu-Rapid-Strike, L50, F|100\/100\n|turn|5\n|\n|t:|1701159939\n|switch|p1a: Weezing|Weezing-Galar, L50, F|100\/100\n|-ability|p1a: Weezing|Neutralizing Gas\n|-end|p2a: Iron Hands|Quark Drive|[silent]\n|switch|p2a: Chien-Pao|Chien-Pao, L50|100\/100\n|-terastallize|p2b: Urshifu|Water\n|move|p2b: Urshifu|Surging Strikes|p1a: Weezing\n|-crit|p1a: Weezing\n|-damage|p1a: Weezing|75\/100\n|-crit|p1a: Weezing\n|-damage|p1a: Weezing|48\/100\n|-crit|p1a: Weezing\n|-damage|p1a: Weezing|21\/100\n|-hitcount|p1a: Weezing|3\n|-enditem|p1a: Weezing|Eject Button\n|\n|t:|1701159950\n|switch|p1a: Slaking|Slaking, L50, M, tera:Ground|54\/100\n|move|p1b: Koffing|Will-O-Wisp|p2b: Urshifu\n|-status|p2b: Urshifu|brn\n|\n|-damage|p2b: Urshifu|95\/100 brn|[from] brn\n|upkeep\n|turn|6\n|\n|t:|1701159965\n|move|p1a: Slaking|Sucker Punch|p2b: Urshifu\n|-damage|p2b: Urshifu|56\/100 brn\n|-damage|p1a: Slaking|44\/100|[from] item: Life Orb\n|move|p2a: Chien-Pao|Ice Spinner|p1b: Koffing\n|-damage|p1b: Koffing|69\/100\n|move|p2b: Urshifu|Surging Strikes|p1b: Koffing\n|-crit|p1b: Koffing\n|-damage|p1b: Koffing|57\/100\n|-crit|p1b: Koffing\n|-damage|p1b: Koffing|44\/100\n|-crit|p1b: Koffing\n|-damage|p1b: Koffing|32\/100\n|-hitcount|p1b: Koffing|3\n|move|p1b: Koffing|Will-O-Wisp|p2a: Chien-Pao\n|-status|p2a: Chien-Pao|brn\n|\n|-damage|p2a: Chien-Pao|95\/100 brn|[from] brn\n|-damage|p2b: Urshifu|50\/100 brn|[from] brn\n|upkeep\n|turn|7\n|\n|t:|1701159986\n|move|p1a: Slaking|Sucker Punch|p2b: Urshifu\n|-damage|p2b: Urshifu|11\/100 brn\n|-damage|p1a: Slaking|35\/100|[from] item: Life Orb\n|move|p2a: Chien-Pao|Ice Spinner|p1a: Slaking\n|-supereffective|p1a: Slaking\n|-damage|p1a: Slaking|1\/100\n|move|p2b: Urshifu|Surging Strikes|p1a: Slaking\n|-supereffective|p1a: Slaking\n|-crit|p1a: Slaking\n|-damage|p1a: Slaking|0 fnt\n|faint|p1a: Slaking\n|-hitcount|p1: Slaking|1\n|move|p1b: Koffing|Pain Split|p2a: Chien-Pao\n|-sethp|p2a: Chien-Pao|59\/100 brn|[from] move: Pain Split|[silent]\n|-sethp|p1b: Koffing|80\/100|[from] move: Pain Split\n|\n|-damage|p2a: Chien-Pao|54\/100 brn|[from] brn\n|-damage|p2b: Urshifu|6\/100 brn|[from] brn\n|upkeep\n|\n|t:|1701160002\n|switch|p1a: Weezing|Weezing-Galar, L50, F|21\/100\n|-ability|p1a: Weezing|Neutralizing Gas\n|turn|8\n|\n|t:|1701160014\n|switch|p2b: Iron Hands|Iron Hands, L50|63\/100 brn\n|move|p1a: Weezing|Protect|p1a: Weezing\n|-singleturn|p1a: Weezing|Protect\n|move|p2a: Chien-Pao|Ice Spinner|p1a: Weezing\n|-activate|p1a: Weezing|move: Protect\n|move|p1b: Koffing|Pain Split|p2a: Chien-Pao\n|-sethp|p2a: Chien-Pao|56\/100 brn|[from] move: Pain Split|[silent]\n|-sethp|p1b: Koffing|75\/100|[from] move: Pain Split\n|\n|-damage|p2a: Chien-Pao|50\/100 brn|[from] brn\n|-damage|p2b: Iron Hands|57\/100 brn|[from] brn\n|upkeep\n|turn|9\n|\n|t:|1701160031\n|move|p1a: Weezing|Protect|p1a: Weezing\n|-singleturn|p1a: Weezing|Protect\n|move|p2a: Chien-Pao|Ice Spinner|p1b: Koffing\n|-damage|p1b: Koffing|60\/100\n|move|p2b: Iron Hands|Heavy Slam|p1a: Weezing\n|-activate|p1a: Weezing|move: Protect\n|move|p1b: Koffing|Pain Split|p2b: Iron Hands\n|-sethp|p2b: Iron Hands|42\/100 brn|[from] move: Pain Split|[silent]\n|-sethp|p1b: Koffing|94\/100|[from] move: Pain Split\n|\n|-damage|p2a: Chien-Pao|45\/100 brn|[from] brn\n|-damage|p2b: Iron Hands|36\/100 brn|[from] brn\n|upkeep\n|turn|10\n|\n|t:|1701160051\n|move|p2a: Chien-Pao|Ice Spinner|p1b: Koffing\n|-damage|p1b: Koffing|75\/100\n|move|p1a: Weezing|Dazzling Gleam|p2a: Chien-Pao|[spread] p2a,p2b\n|-supereffective|p2a: Chien-Pao\n|-supereffective|p2b: Iron Hands\n|-damage|p2a: Chien-Pao|0 fnt\n|-damage|p2b: Iron Hands|3\/100 brn\n|faint|p2a: Chien-Pao\n|move|p2b: Iron Hands|Heavy Slam|p1a: Weezing\n|-supereffective|p1a: Weezing\n|-damage|p1a: Weezing|0 fnt\n|faint|p1a: Weezing\n|move|p1b: Koffing|Pain Split|p1: Weezing|[notarget]\n|-fail|p1b: Koffing\n|\n|-damage|p2b: Iron Hands|0 fnt|[from] brn\n|faint|p2b: Iron Hands\n|-end|p2b: Iron Hands|Quark Drive|[silent]\n|upkeep\n|c|\u2606aaooa|lol\n|\n|t:|1701160072\n|switch|p2a: Urshifu|Urshifu-Rapid-Strike, L50, F, tera:Water|6\/100 brn\n|turn|11\n|c|\u2606aaooa|gg\n|\n|t:|1701160078\n|move|p1b: Koffing|Protect|p1b: Koffing\n|-singleturn|p1b: Koffing|Protect\n|move|p2a: Urshifu|Surging Strikes|p1b: Koffing\n|-activate|p1b: Koffing|move: Protect\n|\n|-damage|p2a: Urshifu|0 fnt|[from] brn\n|faint|p2a: Urshifu\n|\n|win|aaooa\n|upkeep\n|raw|aaooa's rating: 1084 &rarr; <strong>1119<\/strong><br \/>(+35 for winning)\n|raw|NewAdi6's rating: 1186 &rarr; <strong>1154<\/strong><br \/>(-32 for losing)\n|l|\u2606NewAdi6\n","uploadtime":1701160133,"views":6,"p1id":"aaooa","p2id":"newadi6","formatid":"gen9vgc2023regulatione","rating":1119,"private":0,"password":""}