{"id":"gen9vgc2023regulatione-1989569216","p1":"Nesco13","p2":"Box29","format":"[Gen 9] VGC 2023 Regulation E","log":"|j|\u2606Nesco13\n|j|\u2606Box29\n|t:|1699872739\n|gametype|doubles\n|player|p1|Nesco13|morty|1395\n|player|p2|Box29|265|1447\n|teamsize|p1|6\n|teamsize|p2|6\n|gen|9\n|tier|[Gen 9] VGC 2023 Regulation E\n|rated|\n|rule|Species Clause: Limit one of each Pok\u00e9mon\n|rule|Item Clause: Limit one of each item\n|clearpoke\n|poke|p1|Grimmsnarl, L50, M|\n|poke|p1|Gholdengo, L50|\n|poke|p1|Ogerpon, L50, F|\n|poke|p1|Moltres, L50|\n|poke|p1|Gyarados, L50, F|\n|poke|p1|Iron Hands, L50|\n|poke|p2|Urshifu-*, L50, M|\n|poke|p2|Oranguru, L50, M|\n|poke|p2|Indeedee-F, L50, F|\n|poke|p2|Ursaluna-Bloodmoon, L50, M|\n|poke|p2|Chien-Pao, L50|\n|poke|p2|Ogerpon-Hearthflame, L50, F|\n|teampreview|4\n|inactive|Battle timer is ON: inactive players will automatically lose when time's up. (requested by Nesco13)\n|inactive|Nesco13 has 60 seconds left.\n|inactive|Box29 has 60 seconds left.\n|inactive|Nesco13 has 30 seconds left.\n|inactive|Nesco13 has 20 seconds left.\n|\n|t:|1699872815\n|start\n|switch|p1a: Gholdengo|Gholdengo, L50|100\/100\n|switch|p1b: Ogerpon|Ogerpon, L50, F|100\/100\n|switch|p2a: BtoB|Urshifu-Rapid-Strike, L50, M|100\/100\n|switch|p2b: Chien-Pao|Chien-Pao, L50|100\/100\n|-ability|p2b: Chien-Pao|Sword of Ruin\n|turn|1\n|inactive|Nesco13 has 30 seconds left.\n|inactive|Box29 has 30 seconds left.\n|\n|t:|1699872847\n|-terastallize|p1a: Gholdengo|Fairy\n|move|p2a: BtoB|U-turn|p1b: Ogerpon\n|-supereffective|p1b: Ogerpon\n|-enditem|p1b: Ogerpon|Focus Sash\n|-damage|p1b: Ogerpon|1\/100\n|\n|t:|1699872855\n|switch|p2a: Ogerpon|Ogerpon-Hearthflame, L50, F|100\/100|[from] U-turn\n|-ability|p2a: Ogerpon|Mold Breaker\n|move|p2b: Chien-Pao|Icicle Crash|p1b: Ogerpon\n|-supereffective|p1b: Ogerpon\n|-damage|p1b: Ogerpon|0 fnt\n|faint|p1b: Ogerpon\n|move|p1a: Gholdengo|Dazzling Gleam|p2b: Chien-Pao|[spread] p2a,p2b\n|-resisted|p2a: Ogerpon\n|-supereffective|p2b: Chien-Pao\n|-damage|p2a: Ogerpon|76\/100\n|-enditem|p2b: Chien-Pao|Focus Sash\n|-damage|p2b: Chien-Pao|1\/100\n|\n|upkeep\n|\n|t:|1699872873\n|switch|p1b: Iron Hands|Iron Hands, L50|100\/100\n|turn|2\n|\n|t:|1699872882\n|move|p2b: Chien-Pao|Protect|p2b: Chien-Pao\n|-singleturn|p2b: Chien-Pao|Protect\n|move|p2a: Ogerpon|Spiky Shield|p2a: Ogerpon\n|-singleturn|p2a: Ogerpon|move: Protect\n|move|p1b: Iron Hands|Fake Out|p2a: Ogerpon\n|-activate|p2a: Ogerpon|move: Protect\n|-damage|p1b: Iron Hands|88\/100|[from] Spiky Shield|[of] p2a: Ogerpon\n|move|p1a: Gholdengo|Dazzling Gleam|p2a: Ogerpon|[spread] \n|-activate|p2a: Ogerpon|move: Protect\n|-activate|p2b: Chien-Pao|move: Protect\n|\n|upkeep\n|turn|3\n|\n|t:|1699872900\n|switch|p1a: Moltres|Moltres, L50|100\/100\n|-terastallize|p2a: Ogerpon|Fire\n|detailschange|p2a: Ogerpon|Ogerpon-Hearthflame-Tera, L50, F, tera:Fire\n|-ability|p2a: Ogerpon|Embody Aspect (Hearthflame)|boost\n|-boost|p2a: Ogerpon|atk|1\n|move|p2b: Chien-Pao|Icicle Crash|p1b: Iron Hands\n|-damage|p1b: Iron Hands|44\/100\n|move|p2a: Ogerpon|Ivy Cudgel|p1b: Iron Hands\n|-damage|p1b: Iron Hands|0 fnt\n|faint|p1b: Iron Hands\n|-end|p1b: Iron Hands|Quark Drive|[silent]\n|\n|upkeep\n|\n|t:|1699872913\n|switch|p1b: Gholdengo|Gholdengo, L50, tera:Fairy|100\/100\n|turn|4\n|\n|t:|1699872922\n|move|p2b: Chien-Pao|Protect|p2b: Chien-Pao\n|-singleturn|p2b: Chien-Pao|Protect\n|move|p2a: Ogerpon|Ivy Cudgel|p1b: Gholdengo\n|-damage|p1b: Gholdengo|0 fnt\n|faint|p1b: Gholdengo\n|move|p1a: Moltres|Tailwind|p1a: Moltres\n|-sidestart|p1: Nesco13|move: Tailwind\n|\n|upkeep\n|turn|5\n|\n|t:|1699872933\n|move|p2b: Chien-Pao|Sucker Punch|p1a: Moltres\n|-damage|p1a: Moltres|65\/100\n|-status|p2b: Chien-Pao|brn|[from] ability: Flame Body|[of] p1a: Moltres\n|move|p1a: Moltres|Heat Wave|p2b: Chien-Pao|[spread] p2a,p2b\n|-resisted|p2a: Ogerpon\n|-supereffective|p2b: Chien-Pao\n|-damage|p2a: Ogerpon|59\/100\n|-damage|p2b: Chien-Pao|0 fnt\n|faint|p2b: Chien-Pao\n|move|p2a: Ogerpon|Ivy Cudgel|p1a: Moltres\n|-resisted|p1a: Moltres\n|-damage|p1a: Moltres|24\/100\n|-enditem|p1a: Moltres|Mago Berry|[eat]\n|-heal|p1a: Moltres|58\/100|[from] item: Mago Berry\n|\n|upkeep\n|\n|t:|1699872948\n|switch|p2b: Indeedee|Indeedee-F, L50, F|100\/100\n|-fieldstart|move: Psychic Terrain|[from] ability: Psychic Surge|[of] p2b: Indeedee\n|turn|6\n|\n|t:|1699872955\n|move|p2b: Indeedee|Helping Hand|p2a: Ogerpon\n|-singleturn|p2a: Ogerpon|Helping Hand|[of] p2b: Indeedee\n|move|p1a: Moltres|Heat Wave|p2a: Ogerpon|[spread] p2a,p2b\n|-resisted|p2a: Ogerpon\n|-damage|p2a: Ogerpon|41\/100\n|-damage|p2b: Indeedee|70\/100\n|move|p2a: Ogerpon|Ivy Cudgel|p1a: Moltres\n|-resisted|p1a: Moltres\n|-damage|p1a: Moltres|0 fnt\n|faint|p1a: Moltres\n|\n|win|Box29\n|raw|Nesco13's rating: 1395 &rarr; <strong>1378<\/strong><br \/>(-17 for losing)\n|raw|Box29's rating: 1447 &rarr; <strong>1464<\/strong><br \/>(+17 for winning)\n|l|\u2606Nesco13\n","uploadtime":1699872968,"views":28,"p1id":"nesco13","p2id":"box29","formatid":"gen9vgc2023regulatione","rating":1378,"private":0,"password":""}