{"id":"gen9vgc2023regulatione-1994022603","p1":"Dhabish","p2":"Fuecoquito2348","format":"[Gen 9] VGC 2023 Regulation E","log":"|j|\u2606Dhabish\n|j|\u2606Fuecoquito2348\n|t:|1700395260\n|gametype|doubles\n|player|p1|Dhabish|101|1040\n|player|p2|Fuecoquito2348|266|1072\n|teamsize|p1|6\n|teamsize|p2|6\n|gen|9\n|tier|[Gen 9] VGC 2023 Regulation E\n|rated|\n|rule|Species Clause: Limit one of each Pok\u00e9mon\n|rule|Item Clause: Limit one of each item\n|clearpoke\n|poke|p1|Fezandipiti, L50, M|\n|poke|p1|Ogerpon-Wellspring, L50, F|\n|poke|p1|Flutter Mane, L50|\n|poke|p1|Chi-Yu, L50|\n|poke|p1|Landorus-Therian, L50, M|\n|poke|p1|Dragonite, L50, M|\n|poke|p2|Skeledirge, L50, F|\n|poke|p2|Chi-Yu, L50|\n|poke|p2|Ogerpon-Wellspring, L50, F|\n|poke|p2|Tornadus, L50, M|\n|poke|p2|Iron Hands, L50|\n|poke|p2|Sinistcha, L50|\n|teampreview|4\n|\n|t:|1700395296\n|start\n|switch|p1a: Fezandipiti|Fezandipiti, L50, M|100\/100\n|switch|p1b: Ogerpon|Ogerpon-Wellspring, L50, F|100\/100\n|switch|p2a: Skeledirge|Skeledirge, L50, F|100\/100\n|switch|p2b: Iron Hands|Iron Hands, L50|100\/100\n|turn|1\n|\n|t:|1700395314\n|move|p1a: Fezandipiti|Protect|p1a: Fezandipiti\n|-singleturn|p1a: Fezandipiti|Protect\n|move|p2a: Skeledirge|Protect|p2a: Skeledirge\n|-singleturn|p2a: Skeledirge|Protect\n|move|p1b: Ogerpon|Swords Dance|p1b: Ogerpon\n|-boost|p1b: Ogerpon|atk|2\n|move|p2b: Iron Hands|Wild Charge|p1b: Ogerpon\n|-damage|p1b: Ogerpon|55\/100\n|-damage|p2b: Iron Hands|92\/100|[from] Recoil\n|\n|upkeep\n|turn|2\n|\n|t:|1700395337\n|switch|p2a: Sinistcha|Sinistcha, L50|100\/100\n|-heal|p2b: Iron Hands|100\/100|[from] ability: Hospitality|[of] p2a: Sinistcha\n|move|p1b: Ogerpon|Ivy Cudgel|p2a: Sinistcha|[anim] Ivy Cudgel Water\n|-resisted|p2a: Sinistcha\n|-damage|p2a: Sinistcha|70\/100\n|move|p1a: Fezandipiti|Icy Wind|p2a: Sinistcha|[spread] p2a,p2b\n|-supereffective|p2a: Sinistcha\n|-crit|p2a: Sinistcha\n|-damage|p2a: Sinistcha|35\/100\n|-damage|p2b: Iron Hands|94\/100\n|-unboost|p2a: Sinistcha|spe|1\n|-unboost|p2b: Iron Hands|spe|1\n|-enditem|p2a: Sinistcha|Sitrus Berry|[eat]\n|-heal|p2a: Sinistcha|59\/100|[from] item: Sitrus Berry\n|move|p2b: Iron Hands|Heavy Slam|p1b: Ogerpon\n|-resisted|p1b: Ogerpon\n|-damage|p1b: Ogerpon|38\/100\n|\n|upkeep\n|turn|3\n|\n|t:|1700395370\n|move|p1b: Ogerpon|Horn Leech|p2b: Iron Hands\n|-damage|p2b: Iron Hands|45\/100\n|-heal|p1b: Ogerpon|72\/100|[from] drain|[of] p2b: Iron Hands\n|move|p1a: Fezandipiti|Dazzling Gleam|p2a: Sinistcha|[spread] p2a,p2b\n|-supereffective|p2b: Iron Hands\n|-damage|p2a: Sinistcha|32\/100\n|-damage|p2b: Iron Hands|19\/100\n|-status|p2a: Sinistcha|tox|[from] ability: Toxic Chain|[of] p1a: Fezandipiti\n|move|p2a: Sinistcha|Matcha Gotcha|p1a: Fezandipiti|[spread] p1a,p1b\n|-resisted|p1a: Fezandipiti\n|-crit|p1a: Fezandipiti\n|-damage|p1a: Fezandipiti|87\/100\n|-heal|p2a: Sinistcha|40\/100 tox|[from] drain|[of] p1a: Fezandipiti\n|-damage|p1b: Ogerpon|49\/100\n|-heal|p2a: Sinistcha|52\/100 tox|[from] drain|[of] p1b: Ogerpon\n|move|p2b: Iron Hands|Drain Punch|p1b: Ogerpon\n|-damage|p1b: Ogerpon|12\/100\n|-heal|p2b: Iron Hands|33\/100|[from] drain|[of] p1b: Ogerpon\n|\n|-damage|p2a: Sinistcha|46\/100 tox|[from] psn\n|upkeep\n|turn|4\n|\n|t:|1700395400\n|move|p1b: Ogerpon|Horn Leech|p2b: Iron Hands\n|-damage|p2b: Iron Hands|0 fnt\n|-heal|p1b: Ogerpon|35\/100|[from] drain|[of] p2b: Iron Hands\n|faint|p2b: Iron Hands\n|-end|p2b: Iron Hands|Quark Drive|[silent]\n|move|p1a: Fezandipiti|Dazzling Gleam|p2a: Sinistcha\n|-damage|p2a: Sinistcha|12\/100 tox\n|move|p2a: Sinistcha|Life Dew|p2a: Sinistcha\n|-heal|p2a: Sinistcha|38\/100 tox\n|\n|-damage|p2a: Sinistcha|25\/100 tox|[from] psn\n|upkeep\n|\n|t:|1700395407\n|switch|p2b: Chi-Yu|Chi-Yu, L50|100\/100\n|-ability|p2b: Chi-Yu|Beads of Ruin\n|turn|5\n|inactive|Battle timer is ON: inactive players will automatically lose when time's up. (requested by Dhabish)\n|\n|t:|1700395451\n|-terastallize|p2b: Chi-Yu|Ghost\n|move|p2b: Chi-Yu|Dark Pulse|p1b: Ogerpon\n|-damage|p1b: Ogerpon|0 fnt\n|faint|p1b: Ogerpon\n|move|p1a: Fezandipiti|Dazzling Gleam|p2b: Chi-Yu|[spread] p2a,p2b\n|-damage|p2a: Sinistcha|0 fnt\n|-damage|p2b: Chi-Yu|75\/100\n|-status|p2b: Chi-Yu|tox|[from] ability: Toxic Chain|[of] p1a: Fezandipiti\n|faint|p2a: Sinistcha\n|\n|-damage|p2b: Chi-Yu|69\/100 tox|[from] psn\n|upkeep\n|\n|t:|1700395470\n|switch|p1b: Landorus|Landorus-Therian, L50, M, shiny|100\/100\n|switch|p2a: Skeledirge|Skeledirge, L50, F|100\/100\n|-ability|p1b: Landorus|Intimidate|boost\n|-unboost|p2a: Skeledirge|atk|1\n|-unboost|p2b: Chi-Yu|atk|1\n|turn|6\n|\n|t:|1700395484\n|move|p1b: Landorus|Protect|p1b: Landorus\n|-singleturn|p1b: Landorus|Protect\n|move|p2b: Chi-Yu|Dark Pulse|p1a: Fezandipiti\n|-resisted|p1a: Fezandipiti\n|-damage|p1a: Fezandipiti|51\/100\n|move|p1a: Fezandipiti|Icy Wind|p2b: Chi-Yu|[spread] p2a,p2b\n|-resisted|p2a: Skeledirge\n|-damage|p2a: Skeledirge|94\/100\n|-damage|p2b: Chi-Yu|58\/100 tox\n|-unboost|p2a: Skeledirge|spe|1\n|-unboost|p2b: Chi-Yu|spe|1\n|move|p2a: Skeledirge|Torch Song|p1b: Landorus\n|-activate|p1b: Landorus|move: Protect\n|\n|-damage|p2b: Chi-Yu|46\/100 tox|[from] psn\n|upkeep\n|turn|7\n|\n|t:|1700395508\n|move|p1a: Fezandipiti|Icy Wind|p2b: Chi-Yu|[spread] p2a,p2b\n|-resisted|p2a: Skeledirge\n|-damage|p2a: Skeledirge|88\/100\n|-damage|p2b: Chi-Yu|33\/100 tox\n|-unboost|p2a: Skeledirge|spe|1\n|-unboost|p2b: Chi-Yu|spe|1\n|move|p1b: Landorus|Stomping Tantrum|p2a: Skeledirge\n|-supereffective|p2a: Skeledirge\n|-damage|p2a: Skeledirge|13\/100\n|move|p2b: Chi-Yu|Dark Pulse|p1b: Landorus\n|-damage|p1b: Landorus|19\/100\n|move|p2a: Skeledirge|Torch Song|p1a: Fezandipiti\n|-damage|p1a: Fezandipiti|11\/100\n|-boost|p2a: Skeledirge|spa|1\n|-enditem|p1a: Fezandipiti|Sitrus Berry|[eat]\n|-heal|p1a: Fezandipiti|36\/100|[from] item: Sitrus Berry\n|\n|-damage|p2b: Chi-Yu|14\/100 tox|[from] psn\n|upkeep\n|turn|8\n|inactive|Dhabish has 30 seconds left.\n|\n|t:|1700395534\n|move|p1a: Fezandipiti|Icy Wind|p2a: Skeledirge|[spread] p2a,p2b\n|-resisted|p2a: Skeledirge\n|-damage|p2a: Skeledirge|8\/100\n|-damage|p2b: Chi-Yu|3\/100 tox\n|-unboost|p2a: Skeledirge|spe|1\n|-unboost|p2b: Chi-Yu|spe|1\n|-status|p2a: Skeledirge|tox|[from] ability: Toxic Chain|[of] p1a: Fezandipiti\n|move|p1b: Landorus|Stomping Tantrum|p2a: Skeledirge\n|-supereffective|p2a: Skeledirge\n|-damage|p2a: Skeledirge|0 fnt\n|faint|p2a: Skeledirge\n|move|p2b: Chi-Yu|Dark Pulse|p1b: Landorus\n|-damage|p1b: Landorus|0 fnt\n|faint|p1b: Landorus\n|\n|-damage|p2b: Chi-Yu|0 fnt|[from] psn\n|faint|p2b: Chi-Yu\n|\n|win|Dhabish\n|upkeep\n|raw|Dhabish's rating: 1040 &rarr; <strong>1077<\/strong><br \/>(+37 for winning)\n|raw|Fuecoquito2348's rating: 1072 &rarr; <strong>1049<\/strong><br \/>(-23 for losing)\n|l|\u2606Fuecoquito2348\n","uploadtime":1700395587,"views":7,"p1id":"dhabish","p2id":"fuecoquito2348","formatid":"gen9vgc2023regulatione","rating":1049,"private":0,"password":""}