{"id":"gen9vgc2023regulatione-1995590759","p1":"mochipupusa","p2":"pzyxhic","format":"[Gen 9] VGC 2023 Regulation E","log":"|j|\u2606mochipupusa\n|j|\u2606pzyxhic\n|t:|1700585551\n|gametype|doubles\n|player|p1|mochipupusa|101|1329\n|player|p2|pzyxhic|169|1398\n|teamsize|p1|6\n|teamsize|p2|6\n|gen|9\n|tier|[Gen 9] VGC 2023 Regulation E\n|rated|\n|rule|Species Clause: Limit one of each Pok\u00e9mon\n|rule|Item Clause: Limit one of each item\n|clearpoke\n|poke|p1|Roaring Moon, L50|\n|poke|p1|Milotic, L50, M|\n|poke|p1|Landorus-Therian, L50, M|\n|poke|p1|Flutter Mane, L50|\n|poke|p1|Iron Hands, L50|\n|poke|p1|Ogerpon-Hearthflame, L50, F|\n|poke|p2|Tornadus, L50, M|\n|poke|p2|Typhlosion-Hisui, L50, F|\n|poke|p2|Regidrago, L50|\n|poke|p2|Farigiraf, L50, F|\n|poke|p2|Ogerpon-Wellspring, L50, F|\n|poke|p2|Roaring Moon, L50|\n|teampreview|4\nmochipupusa has agreed to open team sheets.\npzyxhic has agreed to open team sheets.\n|\n|t:|1700585628\n|start\n|switch|p1a: Flutter Mane|Flutter Mane, L50|100\/100\n|switch|p1b: Roaring Moon|Roaring Moon, L50|100\/100\n|switch|p2a: Farigiraf|Farigiraf, L50, F|100\/100\n|switch|p2b: Regidrago|Regidrago, L50|100\/100\n|-enditem|p1b: Roaring Moon|Booster Energy\n|-activate|p1b: Roaring Moon|ability: Protosynthesis|[fromitem]\n|-start|p1b: Roaring Moon|protosynthesisatk\n|turn|1\n|\n|t:|1700585663\n|-terastallize|p2b: Regidrago|Steel\n|move|p1a: Flutter Mane|Substitute|p1a: Flutter Mane\n|-start|p1a: Flutter Mane|Substitute\n|-damage|p1a: Flutter Mane|76\/100\n|move|p1b: Roaring Moon|Knock Off|p2a: Farigiraf\n|-supereffective|p2a: Farigiraf\n|-damage|p2a: Farigiraf|0 fnt\n|-enditem|p2a: Farigiraf|Sitrus Berry|[from] move: Knock Off|[of] p1b: Roaring Moon\n|faint|p2a: Farigiraf\n|move|p2b: Regidrago|Tera Blast|p1a: Flutter Mane|[anim] Tera Blast Steel\n|-supereffective|p1a: Flutter Mane\n|-end|p1a: Flutter Mane|Substitute\n|\n|upkeep\n|\n|t:|1700585676\n|switch|p2a: Ogerpon|Ogerpon-Wellspring, L50, F|100\/100\n|turn|2\n|\n|t:|1700585700\n|move|p1a: Flutter Mane|Protect|p1a: Flutter Mane\n|-singleturn|p1a: Flutter Mane|Protect\n|move|p2a: Ogerpon|Spiky Shield|p2a: Ogerpon\n|-singleturn|p2a: Ogerpon|move: Protect\n|move|p1b: Roaring Moon|Acrobatics|p2a: Ogerpon\n|-activate|p2a: Ogerpon|move: Protect\n|-damage|p1b: Roaring Moon|88\/100|[from] Spiky Shield|[of] p2a: Ogerpon\n|move|p2b: Regidrago|Dragon Energy|p1b: Roaring Moon|[spread] p1b\n|-activate|p1a: Flutter Mane|move: Protect\n|-supereffective|p1b: Roaring Moon\n|-damage|p1b: Roaring Moon|0 fnt\n|faint|p1b: Roaring Moon\n|-end|p1b: Roaring Moon|Protosynthesis|[silent]\n|\n|upkeep\n|\n|t:|1700585721\n|switch|p1b: Milotic|Milotic, L50, M|100\/100\n|turn|3\n|\n|t:|1700585743\n|-end|p1a: Flutter Mane|Protosynthesis|[silent]\n|switch|p1a: Iron Hands|Iron Hands, L50|100\/100\n|-terastallize|p1b: Milotic|Dragon\n|move|p2b: Regidrago|Tera Blast|p1a: Iron Hands|[anim] Tera Blast Steel\n|-resisted|p1a: Iron Hands\n|-damage|p1a: Iron Hands|93\/100\n|move|p2a: Ogerpon|Ivy Cudgel|p1a: Iron Hands|[anim] Ivy Cudgel Water\n|-damage|p1a: Iron Hands|51\/100\n|move|p1b: Milotic|Scald|p2b: Regidrago\n|-damage|p2b: Regidrago|71\/100\n|\n|upkeep\n|turn|4\n|\n|t:|1700585768\n|move|p2b: Regidrago|Protect|p2b: Regidrago\n|-singleturn|p2b: Regidrago|Protect\n|move|p1a: Iron Hands|Fake Out|p2b: Regidrago\n|-activate|p2b: Regidrago|move: Protect\n|move|p2a: Ogerpon|Ivy Cudgel|p1a: Iron Hands|[anim] Ivy Cudgel Water\n|-damage|p1a: Iron Hands|10\/100\n|move|p1b: Milotic|Icy Wind|p2b: Regidrago|[spread] p2a\n|-activate|p2b: Regidrago|move: Protect\n|-damage|p2a: Ogerpon|90\/100\n|-unboost|p2a: Ogerpon|spe|1\n|\n|upkeep\n|turn|5\n|\n|t:|1700585794\n|move|p2b: Regidrago|Dragon Energy|p1b: Milotic|[spread] p1a,p1b\n|-supereffective|p1b: Milotic\n|-damage|p1a: Iron Hands|0 fnt\n|-damage|p1b: Milotic|9\/100\n|faint|p1a: Iron Hands\n|-end|p1a: Iron Hands|Quark Drive|[silent]\n|move|p1b: Milotic|Icy Wind|p2a: Ogerpon|[spread] p2a,p2b\n|-resisted|p2b: Regidrago\n|-damage|p2a: Ogerpon|78\/100\n|-damage|p2b: Regidrago|65\/100\n|-unboost|p2a: Ogerpon|spe|1\n|-unboost|p2b: Regidrago|spe|1\n|move|p2a: Ogerpon|Ivy Cudgel|p1b: Milotic|[anim] Ivy Cudgel Water\n|-resisted|p1b: Milotic\n|-damage|p1b: Milotic|0 fnt\n|faint|p1b: Milotic\n|\n|upkeep\n|\n|t:|1700585809\n|switch|p1b: Flutter Mane|Flutter Mane, L50|76\/100\n|turn|6\n|\n|t:|1700585823\n|move|p1b: Flutter Mane|Shadow Ball|p2b: Regidrago\n|-damage|p2b: Regidrago|29\/100\n|move|p2b: Regidrago|Tera Blast|p1b: Flutter Mane|[anim] Tera Blast Steel\n|-supereffective|p1b: Flutter Mane\n|-damage|p1b: Flutter Mane|9\/100\n|move|p2a: Ogerpon|Ivy Cudgel|p1b: Flutter Mane|[anim] Ivy Cudgel Water\n|-damage|p1b: Flutter Mane|0 fnt\n|faint|p1b: Flutter Mane\n|-end|p1b: Flutter Mane|Protosynthesis|[silent]\n|\n|win|pzyxhic\n|raw|mochipupusa's rating: 1329 &rarr; <strong>1313<\/strong><br \/>(-16 for losing)\n|raw|pzyxhic's rating: 1398 &rarr; <strong>1414<\/strong><br \/>(+16 for winning)\n","uploadtime":1700585843,"views":2,"p1id":"mochipupusa","p2id":"pzyxhic","formatid":"gen9vgc2023regulatione","rating":1313,"private":0,"password":""}