{"id":"gen9vgc2023regulatione-1989710350","p1":"givi","p2":"kidturtle","format":"[Gen 9] VGC 2023 Regulation E","log":"|j|\u2606givi\n|j|\u2606kidturtle\n|n|\u2606givi|givi\n|n|\u2606kidturtle|kidturtle\n|html|View the match progress at <a href=\"\/game-bestof3-gen9vgc2023regulatione-1989710349\">game-bestof3-gen9vgc2023regulatione-1989710349<\/a>\n|t:|1699889044\n|gametype|doubles\n|player|p1|givi|lucas|\n|player|p2|kidturtle|hoopster|\n|teamsize|p1|6\n|teamsize|p2|6\n|gen|9\n|tier|[Gen 9] VGC 2023 Regulation E\n|rated|Tournament battle\n|rule|Species Clause: Limit one of each Pok\u00e9mon\n|rule|Item Clause: Limit one of each item\n|clearpoke\n|poke|p1|Baxcalibur, L50, F|\n|poke|p1|Ninetales-Alola, L50, M|\n|poke|p1|Heatran, L50, M|\n|poke|p1|Flutter Mane, L50|\n|poke|p1|Iron Hands, L50|\n|poke|p1|Landorus-Therian, L50, M|\n|poke|p2|Ursaluna, L50, M|\n|poke|p2|Cresselia, L50, F|\n|poke|p2|Flutter Mane, L50|\n|poke|p2|Chi-Yu, L50|\n|poke|p2|Iron Hands, L50|\n|poke|p2|Urshifu-*, L50, M|\n|teampreview|4\n|showteam|p1|Baxcalibur||LoadedDice|ThermalExchange|ScaleShot,IcicleSpear,Protect,IceShard|||F|||50|,,,,,Poison]Ninetales-Alola||LightClay|SnowWarning|AuroraVeil,Blizzard,FreezeDry,Protect|||M|||50|,,,,,Water]Heatran||WideLens|FlashFire|Protect,MagmaStorm,EarthPower,WillOWisp|||M|||50|,,,,,Grass]Flutter Mane||BoosterEnergy|Protosynthesis|Moonblast,ShadowBall,Protect,TrickRoom||||||50|,,,,,Fairy]Iron Hands||AssaultVest|QuarkDrive|FakeOut,HeavySlam,WildCharge,DrainPunch||||||50|,,,,,Fire]Landorus-Therian||ChoiceScarf|Intimidate|Uturn,TeraBlast,StompingTantrum,RockSlide|||M|||50|,,,,,Flying\n|showteam|p2|Ursaluna||FlameOrb|Guts|Facade,Earthquake,SwordsDance,Protect|||M|||50|,,,,,Ghost]Cresselia||MentalHerb|Levitate|IceBeam,AllySwitch,LunarBlessing,TrickRoom|||F|||50|,,,,,Fairy]Flutter Mane||BoosterEnergy|Protosynthesis|IcyWind,ShadowBall,Moonblast,Protect||||||50|,,,,,Fairy]Chi-Yu||ChoiceSpecs|BeadsofRuin|BurningJealousy,DarkPulse,Overheat,Snarl||||||50|,,,,,Ghost]Iron Hands||SitrusBerry|QuarkDrive|DrainPunch,WildCharge,FakeOut,SwordsDance||||||50|,,,,,Fire]Urshifu||FocusSash|UnseenFist|Detect,WickedBlow,CloseCombat,SuckerPunch|||M|||50|,,,,,Dark\n|inactive|Battle timer is ON: inactive players will automatically lose when time's up. (requested by kidturtle)\n|\n|t:|1699889072\n|start\n|switch|p1a: Flutter Mane|Flutter Mane, L50|100\/100\n|switch|p1b: Iron Hands|Iron Hands, L50|100\/100\n|switch|p2a: Flutter Mane|Flutter Mane, L50, shiny|100\/100\n|switch|p2b: Chi-Yu|Chi-Yu, L50|100\/100\n|-ability|p2b: Chi-Yu|Beads of Ruin\n|-enditem|p2a: Flutter Mane|Booster Energy\n|-activate|p2a: Flutter Mane|ability: Protosynthesis|[fromitem]\n|-start|p2a: Flutter Mane|protosynthesisspe\n|-enditem|p1a: Flutter Mane|Booster Energy\n|-activate|p1a: Flutter Mane|ability: Protosynthesis|[fromitem]\n|-start|p1a: Flutter Mane|protosynthesisspa\n|turn|1\n|inactive|kidturtle has 30 seconds left.\n|\n|t:|1699889106\n|-end|p1a: Flutter Mane|Protosynthesis|[silent]\n|switch|p1a: Heatran|Heatran, L50, M|100\/100\n|-terastallize|p1b: Iron Hands|Fire\n|move|p2a: Flutter Mane|Protect|p2a: Flutter Mane\n|-singleturn|p2a: Flutter Mane|Protect\n|move|p2b: Chi-Yu|Snarl|p1b: Iron Hands|[spread] p1a,p1b\n|-damage|p1a: Heatran|62\/100\n|-damage|p1b: Iron Hands|79\/100\n|-unboost|p1a: Heatran|spa|1\n|-unboost|p1b: Iron Hands|spa|1\n|move|p1b: Iron Hands|Heavy Slam|p2a: Flutter Mane\n|-activate|p2a: Flutter Mane|move: Protect\n|\n|upkeep\n|turn|2\n|\n|t:|1699889125\n|move|p1a: Heatran|Protect|p1a: Heatran\n|-singleturn|p1a: Heatran|Protect\n|move|p2a: Flutter Mane|Shadow Ball|p1a: Heatran\n|-activate|p1a: Heatran|move: Protect\n|move|p2b: Chi-Yu|Snarl|p1b: Iron Hands|[spread] p1b\n|-activate|p1a: Heatran|move: Protect\n|-damage|p1b: Iron Hands|57\/100\n|-unboost|p1b: Iron Hands|spa|1\n|move|p1b: Iron Hands|Drain Punch|p2b: Chi-Yu\n|-supereffective|p2b: Chi-Yu\n|-damage|p2b: Chi-Yu|0 fnt\n|-heal|p1b: Iron Hands|85\/100|[from] drain|[of] p2b: Chi-Yu\n|faint|p2b: Chi-Yu\n|\n|upkeep\n|\n|t:|1699889127\n|switch|p2b: Cresselia|Cresselia, L50, F|100\/100\n|turn|3\n|\n|t:|1699889147\n|-end|p2a: Flutter Mane|Protosynthesis|[silent]\n|switch|p2a: Ursaluna|Ursaluna, L50, M|100\/100\n|move|p1a: Heatran|Magma Storm|p2b: Cresselia\n|-damage|p2b: Cresselia|76\/100\n|-activate|p2b: Cresselia|move: Magma Storm|[of] p1a: Heatran\n|move|p1b: Iron Hands|Heavy Slam|p2a: Ursaluna\n|-damage|p2a: Ursaluna|89\/100\n|move|p2b: Cresselia|Trick Room|p2b: Cresselia\n|-fieldstart|move: Trick Room|[of] p2b: Cresselia\n|\n|-damage|p2b: Cresselia|64\/100|[from] move: Magma Storm|[partiallytrapped]\n|-status|p2a: Ursaluna|brn|[from] item: Flame Orb\n|upkeep\n|turn|4\n|inactive|givi has 30 seconds left.\n|\n|t:|1699889182\n|switch|p1a: Landorus|Landorus-Therian, L50, M|100\/100\n|-ability|p1a: Landorus|Intimidate|boost\n|-unboost|p2a: Ursaluna|atk|1\n|-unboost|p2b: Cresselia|atk|1\n|move|p2a: Ursaluna|Earthquake|p1a: Landorus|[spread] p1b\n|-immune|p2b: Cresselia|[from] ability: Levitate\n|-immune|p1a: Landorus\n|-supereffective|p1b: Iron Hands\n|-damage|p1b: Iron Hands|16\/100\n|move|p1b: Iron Hands|Drain Punch|p2a: Ursaluna\n|-supereffective|p2a: Ursaluna\n|-damage|p2a: Ursaluna|31\/100 brn\n|-heal|p1b: Iron Hands|45\/100|[from] drain|[of] p2a: Ursaluna\n|move|p2b: Cresselia|Ice Beam|p1b: Iron Hands\n|-resisted|p1b: Iron Hands\n|-damage|p1b: Iron Hands|41\/100\n|\n|-damage|p2a: Ursaluna|25\/100 brn|[from] brn\n|-end|p2b: Cresselia|Magma Storm|[partiallytrapped]|[silent]\n|upkeep\n|turn|5\n|inactive|givi has 30 seconds left.\n|inactive|givi has 20 seconds left.\n|\n|t:|1699889220\n|switch|p1a: Flutter Mane|Flutter Mane, L50|100\/100\n|-terastallize|p2a: Ursaluna|Ghost\n|move|p2a: Ursaluna|Earthquake|p1a: Flutter Mane|[spread] p1a,p1b\n|-immune|p2b: Cresselia|[from] ability: Levitate\n|-crit|p1a: Flutter Mane\n|-supereffective|p1b: Iron Hands\n|-damage|p1a: Flutter Mane|0 fnt\n|-damage|p1b: Iron Hands|0 fnt\n|faint|p1a: Flutter Mane\n|-end|p1a: Flutter Mane|Protosynthesis|[silent]\n|faint|p1b: Iron Hands\n|-end|p1b: Iron Hands|Quark Drive|[silent]\n|move|p2b: Cresselia|Lunar Blessing|p2b: Cresselia|[spread] p2a,p2b\n|-heal|p2a: Ursaluna|50\/100 brn\n|-curestatus|p2a: Ursaluna|brn|[msg]\n|-heal|p2b: Cresselia|89\/100\n|\n|-status|p2a: Ursaluna|brn|[from] item: Flame Orb\n|upkeep\n|\n|t:|1699889223\n|switch|p1b: Landorus|Landorus-Therian, L50, M|100\/100\n|switch|p1a: Heatran|Heatran, L50, M|62\/100\n|-ability|p1b: Landorus|Intimidate|boost\n|-unboost|p2a: Ursaluna|atk|1\n|-unboost|p2b: Cresselia|atk|1\n|turn|6\n|\n|t:|1699889232\n|move|p2a: Ursaluna|Facade|p1b: Landorus\n|-damage|p1b: Landorus|28\/100\n|move|p2b: Cresselia|Ice Beam|p1b: Landorus\n|-supereffective|p1b: Landorus\n|-damage|p1b: Landorus|0 fnt\n|faint|p1b: Landorus\n|move|p1a: Heatran|Magma Storm|p2a: Ursaluna\n|-damage|p2a: Ursaluna|1\/100 brn\n|-activate|p2a: Ursaluna|move: Magma Storm|[of] p1a: Heatran\n|\n|-damage|p2a: Ursaluna|0 fnt|[from] brn\n|faint|p2a: Ursaluna\n|upkeep\n|\n|t:|1699889234\n|switch|p2a: Flutter Mane|Flutter Mane, L50, shiny|100\/100\n|turn|7\n|\n|t:|1699889245\n|move|p2a: Flutter Mane|Protect|p2a: Flutter Mane\n|-singleturn|p2a: Flutter Mane|Protect\n|move|p2b: Cresselia|Ice Beam|p1a: Heatran\n|-resisted|p1a: Heatran\n|-damage|p1a: Heatran|59\/100\n|move|p1a: Heatran|Magma Storm|p2a: Flutter Mane\n|-activate|p2a: Flutter Mane|move: Protect\n|\n|-fieldend|move: Trick Room\n|upkeep\n|turn|8\n|\n|t:|1699889256\n|move|p2a: Flutter Mane|Shadow Ball|p1a: Heatran\n|-damage|p1a: Heatran|24\/100\n|move|p1a: Heatran|Magma Storm|p2a: Flutter Mane\n|-damage|p2a: Flutter Mane|45\/100\n|-activate|p2a: Flutter Mane|move: Magma Storm|[of] p1a: Heatran\n|move|p2b: Cresselia|Lunar Blessing|p2b: Cresselia|[spread] p2a,p2b\n|-heal|p2a: Flutter Mane|70\/100\n|-heal|p2b: Cresselia|100\/100\n|\n|-damage|p2a: Flutter Mane|57\/100|[from] move: Magma Storm|[partiallytrapped]\n|upkeep\n|turn|9\n|-message|givi forfeited.\n|\n|win|kidturtle\n|l|\u2606givi\n|c|&|\/uhtml prompt-givi,givi is ready for game 2!\n","uploadtime":1699889268,"views":22,"p1id":"givi","p2id":"kidturtle","formatid":"gen9vgc2023regulatione","rating":0,"private":0,"password":""}