{"id":"gen9vgc2023regulatione-1990142102","p1":"ClubSandwichBread","p2":"Swaron8","format":"[Gen 9] VGC 2023 Regulation E","log":"|j|\u2606ClubSandwichBread\n|j|\u2606Swaron8\n|t:|1699929130\n|gametype|doubles\n|player|p1|ClubSandwichBread|swimmer-gen4dp|1241\n|player|p2|Swaron8|170|1226\n|teamsize|p1|6\n|teamsize|p2|6\n|gen|9\n|tier|[Gen 9] VGC 2023 Regulation E\n|rated|\n|rule|Species Clause: Limit one of each Pok\u00e9mon\n|rule|Item Clause: Limit one of each item\n|clearpoke\n|poke|p1|Amoonguss, L50, F|\n|poke|p1|Roaring Moon, L50|\n|poke|p1|Tornadus, L50, M|\n|poke|p1|Urshifu-*, L50, F|\n|poke|p1|Arcanine-Hisui, L50, F|\n|poke|p1|Tinkaton, L50, F|\n|poke|p2|Tornadus, L50, M|\n|poke|p2|Thundurus, L50, M|\n|poke|p2|Enamorus, L50, F|\n|poke|p2|Wyrdeer, L50, M|\n|poke|p2|Chien-Pao, L50|\n|poke|p2|Iron Hands, L50|\n|teampreview|4\n|inactive|Battle timer is ON: inactive players will automatically lose when time's up. (requested by ClubSandwichBread)\nClubSandwichBread has agreed to open team sheets.\n|inactive|ClubSandwichBread has 60 seconds left.\n|inactive|Swaron8 has 60 seconds left.\n|\n|t:|1699929181\n|start\n|switch|p1a: Tornadus|Tornadus, L50, M|100\/100\n|switch|p1b: Roaring Moon|Roaring Moon, L50|100\/100\n|switch|p2a: Chien-Pao|Chien-Pao, L50|100\/100\n|switch|p2b: Iron Hands|Iron Hands, L50|100\/100\n|-ability|p2a: Chien-Pao|Sword of Ruin\n|-enditem|p1b: Roaring Moon|Booster Energy\n|-activate|p1b: Roaring Moon|ability: Protosynthesis|[fromitem]\n|-start|p1b: Roaring Moon|protosynthesisatk\n|turn|1\n|inactive|Swaron8 has 30 seconds left.\n|inactive|Swaron8 has 20 seconds left.\n|inactive|Swaron8 has 15 seconds left.\n|\n|t:|1699929225\n|move|p1b: Roaring Moon|Protect|p1b: Roaring Moon\n|-singleturn|p1b: Roaring Moon|Protect\n|move|p2b: Iron Hands|Fake Out|p1b: Roaring Moon\n|-activate|p1b: Roaring Moon|move: Protect\n|move|p1a: Tornadus|Tailwind|p1a: Tornadus\n|-sidestart|p1: ClubSandwichBread|move: Tailwind\n|move|p2a: Chien-Pao|Mean Look|p1a: Tornadus\n|-activate|p1a: Tornadus|trapped\n|\n|upkeep\n|turn|2\n|inactive|ClubSandwichBread has 30 seconds left.\n|inactive|Swaron8 has 30 seconds left.\n|inactive|ClubSandwichBread has 20 seconds left.\n|inactive|ClubSandwichBread has 15 seconds left.\n|inactive|ClubSandwichBread has 10 seconds left.\n|\n|t:|1699929273\n|move|p1a: Tornadus|Rain Dance|p1a: Tornadus\n|-weather|RainDance\n|move|p1b: Roaring Moon|Acrobatics|p2b: Iron Hands\n|-damage|p2b: Iron Hands|50\/100\n|move|p2a: Chien-Pao|Taunt|p1a: Tornadus\n|-start|p1a: Tornadus|move: Taunt\n|move|p2b: Iron Hands|Drain Punch|p1b: Roaring Moon\n|-supereffective|p1b: Roaring Moon\n|-damage|p1b: Roaring Moon|0 fnt\n|-heal|p2b: Iron Hands|93\/100|[from] drain|[of] p1b: Roaring Moon\n|faint|p1b: Roaring Moon\n|-end|p1b: Roaring Moon|Protosynthesis|[silent]\n|\n|-weather|RainDance|[upkeep]\n|upkeep\n|\n|t:|1699929285\n|switch|p1b: Urshifu|Urshifu-Rapid-Strike, L50, F|100\/100\n|turn|3\n|inactive|Swaron8 has 30 seconds left.\n|inactive|Swaron8 has 20 seconds left.\n|\n|t:|1699929322\n|-end|p2b: Iron Hands|Quark Drive|[silent]\n|switch|p2b: Wyrdeer|Wyrdeer, L50, M|100\/100\n|-ability|p2b: Wyrdeer|Intimidate|boost\n|-unboost|p1a: Tornadus|atk|1\n|-unboost|p1b: Urshifu|atk|1\n|-terastallize|p1b: Urshifu|Water\n|move|p1a: Tornadus|Bleakwind Storm|p2b: Wyrdeer|[spread] p2a,p2b\n|-damage|p2a: Chien-Pao|74\/100\n|-damage|p2b: Wyrdeer|73\/100\n|move|p1b: Urshifu|Surging Strikes|p2b: Wyrdeer\n|-crit|p2b: Wyrdeer\n|-damage|p2b: Wyrdeer|17\/100\n|-crit|p2b: Wyrdeer\n|-damage|p2b: Wyrdeer|0 fnt\n|faint|p2b: Wyrdeer\n|-hitcount|p2: Wyrdeer|2\n|move|p2a: Chien-Pao|Ruination|p1b: Urshifu\n|-damage|p1b: Urshifu|50\/100\n|\n|-weather|RainDance|[upkeep]\n|upkeep\n|inactive|Swaron8 has 30 seconds left.\n|\n|t:|1699929350\n|switch|p2b: Iron Hands|Iron Hands, L50|93\/100\n|turn|4\n|inactive|Swaron8 has 30 seconds left.\n|inactive|Swaron8 has 20 seconds left.\n|inactive|Swaron8 has 15 seconds left.\n|inactive|Swaron8 has 10 seconds left.\n|\n|t:|1699929399\n|switch|p2a: Enamorus|Enamorus, L50, F|100\/100\n|move|p2b: Iron Hands|Fake Out|p1b: Urshifu\n|-damage|p1b: Urshifu|35\/100\n|move|p1a: Tornadus|Bleakwind Storm|p2a: Enamorus|[spread] p2a,p2b\n|-damage|p2a: Enamorus|48\/100\n|-damage|p2b: Iron Hands|79\/100\n|cant|p1b: Urshifu|flinch\n|\n|-weather|RainDance|[upkeep]\n|-sideend|p1: ClubSandwichBread|move: Tailwind\n|upkeep\n|turn|5\n|inactive|Swaron8 has 30 seconds left.\n|\n|t:|1699929431\n|-end|p2b: Iron Hands|Quark Drive|[silent]\n|switch|p2b: Chien-Pao|Chien-Pao, L50|74\/100\n|-ability|p2b: Chien-Pao|Sword of Ruin\n|move|p1a: Tornadus|Bleakwind Storm|p2a: Enamorus|[spread] p2a,p2b\n|-damage|p2a: Enamorus|0 fnt\n|-damage|p2b: Chien-Pao|45\/100\n|faint|p2a: Enamorus\n|move|p1b: Urshifu|Surging Strikes|p2b: Chien-Pao\n|-crit|p2b: Chien-Pao\n|-damage|p2b: Chien-Pao|0 fnt\n|faint|p2b: Chien-Pao\n|-hitcount|p2: Chien-Pao|1\n|\n|-weather|RainDance|[upkeep]\n|-end|p1a: Tornadus|move: Taunt\n|upkeep\n|-message|Swaron8 forfeited.\n|\n|win|ClubSandwichBread\n|raw|ClubSandwichBread's rating: 1241 &rarr; <strong>1265<\/strong><br \/>(+24 for winning)\n|raw|Swaron8's rating: 1226 &rarr; <strong>1202<\/strong><br \/>(-24 for losing)\n|l|\u2606Swaron8\n","uploadtime":1699929628,"views":9,"p1id":"clubsandwichbread","p2id":"swaron8","formatid":"gen9vgc2023regulatione","rating":1202,"private":0,"password":""}