{"id":"gen9vgc2023regulatione-1992445303","p1":"Chowdah","p2":"Hinkle54","format":"[Gen 9] VGC 2023 Regulation E","log":"|j|\u2606Chowdah\n|j|\u2606Hinkle54\n|n|\u2606Chowdah|chowdah\n|n|\u2606Hinkle54|hinkle54\n|html|View the match progress at <a href=\"\/game-bestof3-gen9vgc2023regulatione-1992445302\">game-bestof3-gen9vgc2023regulatione-1992445302<\/a>\n|t:|1700188457\n|gametype|doubles\n|player|p1|Chowdah|hiker-gen1rb|\n|player|p2|Hinkle54|clown|\n|teamsize|p1|6\n|teamsize|p2|6\n|gen|9\n|tier|[Gen 9] VGC 2023 Regulation E\n|rule|Species Clause: Limit one of each Pok\u00e9mon\n|rule|Item Clause: Limit one of each item\n|clearpoke\n|poke|p1|Urshifu-*, L50, F|\n|poke|p1|Shiftry, L50, M|\n|poke|p1|Heatran, L50, M|\n|poke|p1|Regidrago, L50|\n|poke|p1|Clefairy, L50, M|\n|poke|p1|Azumarill, L50, F|\n|poke|p2|Enamorus-Therian, L50, F|\n|poke|p2|Empoleon, L50, M|\n|poke|p2|Cresselia, L50, F|\n|poke|p2|Milotic, L50, M|\n|poke|p2|Ursaluna, L50, M|\n|poke|p2|Pawmot, L50, F|\n|teampreview|4\nHinkle54 has agreed to open team sheets.\nChowdah has agreed to open team sheets.\n|showteam|p1|Urshifu||LifeOrb|UnseenFist|CloseCombat,SuckerPunch,WickedBlow,Protect|||F|||50|,,,,,Dark]Shiftry||FocusSash|Chlorophyll|Taunt,Tailwind,FakeOut,KnockOff|||M|||50|,,,,,Poison]Heatran||Leftovers|FlashFire|MagmaStorm,FlashCannon,EarthPower,Protect|||M|||50|,,,,,Fairy]Regidrago||DragonFang|DragonsMaw|DracoMeteor,DragonEnergy,EarthPower,Protect||||||50|,,,,,Steel]Clefairy||Eviolite|FriendGuard|IcyWind,HealPulse,FollowMe,Moonblast|||M|||50|,,,,,Fairy]Azumarill||AssaultVest|ThickFat|IceSpinner,AquaJet,Liquidation,PlayRough|||F|||50|,,,,,Grass\n|showteam|p2|Enamorus-Therian||ChoiceSpecs|Overcoat|DazzlingGleam,SludgeBomb,EarthPower,Moonblast|||F|||50|,,,,,Water]Empoleon||AssaultVest|Competitive|KnockOff,WaterPledge,AirSlash,FlashCannon|||M|||50|,,,,,Flying]Cresselia||MentalHerb|Levitate|TrickRoom,HelpingHand,DazzlingGleam,Protect|||F|||50|,,,,,Fairy]Milotic||Leftovers|Competitive|Haze,Scald,IceBeam,Protect|||M|||50|,,,,,Poison]Ursaluna||FlameOrb|Guts|CloseCombat,Protect,GunkShot,HighHorsepower|||M|||50|,,,,,Grass]Pawmot||FocusSash|IronFist|FakeOut,RevivalBlessing,DoubleShock,CloseCombat|||F|||50|,,,,,Electric\n|\n|t:|1700188536\n|start\n|switch|p1a: Community Theatre|Urshifu, L50, F|100\/100\n|switch|p1b: Moldy Cheese|Shiftry, L50, M|100\/100\n|switch|p2a: Big Hoss|Cresselia, L50, F|100\/100\n|switch|p2b: The Gungler|Empoleon, L50, M|100\/100\n|turn|1\n|\n|t:|1700188566\n|move|p1b: Moldy Cheese|Fake Out|p2a: Big Hoss\n|-damage|p2a: Big Hoss|93\/100\n|move|p1a: Community Theatre|Close Combat|p2b: The Gungler\n|-supereffective|p2b: The Gungler\n|-damage|p2b: The Gungler|0 fnt\n|-unboost|p1a: Community Theatre|def|1\n|-unboost|p1a: Community Theatre|spd|1\n|faint|p2b: The Gungler\n|-damage|p1a: Community Theatre|91\/100|[from] item: Life Orb\n|cant|p2a: Big Hoss|flinch\n|\n|upkeep\n|\n|t:|1700188584\n|switch|p2b: Squirrely Frank|Enamorus-Therian, L50, F|100\/100\n|turn|2\n|\n|t:|1700188599\n|move|p1a: Community Theatre|Sucker Punch||[still]\n|-fail|p1a: Community Theatre\n|move|p1b: Moldy Cheese|Knock Off|p2a: Big Hoss\n|-supereffective|p2a: Big Hoss\n|-damage|p2a: Big Hoss|40\/100\n|-enditem|p2a: Big Hoss|Mental Herb|[from] move: Knock Off|[of] p1b: Moldy Cheese\n|move|p2b: Squirrely Frank|Dazzling Gleam|p1a: Community Theatre|[spread] p1a,p1b\n|-supereffective|p1a: Community Theatre\n|-supereffective|p1b: Moldy Cheese\n|-damage|p1a: Community Theatre|0 fnt\n|-enditem|p1b: Moldy Cheese|Focus Sash\n|-damage|p1b: Moldy Cheese|1\/100\n|faint|p1a: Community Theatre\n|move|p2a: Big Hoss|Trick Room|p2a: Big Hoss\n|-fieldstart|move: Trick Room|[of] p2a: Big Hoss\n|\n|upkeep\n|\n|t:|1700188610\n|switch|p1a: Comass|Azumarill, L50, F|100\/100\n|turn|3\n|\n|t:|1700188625\n|switch|p1b: Balls on Car|Heatran, L50, M|100\/100\n|move|p2a: Big Hoss|Helping Hand|p2b: Squirrely Frank\n|-singleturn|p2b: Squirrely Frank|Helping Hand|[of] p2a: Big Hoss\n|move|p2b: Squirrely Frank|Dazzling Gleam|p1b: Balls on Car|[spread] p1a,p1b\n|-resisted|p1b: Balls on Car\n|-damage|p1a: Comass|51\/100\n|-damage|p1b: Balls on Car|85\/100\n|move|p1a: Comass|Ice Spinner|p2b: Squirrely Frank\n|-supereffective|p2b: Squirrely Frank\n|-damage|p2b: Squirrely Frank|71\/100\n|\n|-heal|p1b: Balls on Car|91\/100|[from] item: Leftovers\n|upkeep\n|turn|4\n|\n|t:|1700188651\n|move|p2b: Squirrely Frank|Dazzling Gleam|p1a: Comass|[spread] p1a,p1b\n|-resisted|p1b: Balls on Car\n|-damage|p1a: Comass|18\/100\n|-damage|p1b: Balls on Car|80\/100\n|move|p1a: Comass|Ice Spinner|p2b: Squirrely Frank\n|-supereffective|p2b: Squirrely Frank\n|-damage|p2b: Squirrely Frank|39\/100\n|move|p2a: Big Hoss|Dazzling Gleam|p1a: Comass|[spread] p1a,p1b\n|-resisted|p1b: Balls on Car\n|-damage|p1a: Comass|10\/100\n|-damage|p1b: Balls on Car|78\/100\n|move|p1b: Balls on Car|Flash Cannon|p2b: Squirrely Frank\n|-supereffective|p2b: Squirrely Frank\n|-damage|p2b: Squirrely Frank|0 fnt\n|faint|p2b: Squirrely Frank\n|\n|-heal|p1b: Balls on Car|84\/100|[from] item: Leftovers\n|upkeep\n|\n|t:|1700188664\n|switch|p2b: Not a Rock|Ursaluna, L50, M|100\/100\n|turn|5\n|\n|t:|1700188692\n|-terastallize|p2b: Not a Rock|Grass\n|-terastallize|p1b: Balls on Car|Fairy\n|move|p2a: Big Hoss|Protect|p2a: Big Hoss\n|-singleturn|p2a: Big Hoss|Protect\n|move|p2b: Not a Rock|High Horsepower|p1a: Comass\n|-damage|p1a: Comass|0 fnt\n|faint|p1a: Comass\n|move|p1b: Balls on Car|Magma Storm|p2a: Big Hoss\n|-activate|p2a: Big Hoss|move: Protect\n|\n|-heal|p1b: Balls on Car|90\/100|[from] item: Leftovers\n|-status|p2b: Not a Rock|brn|[from] item: Flame Orb\n|upkeep\n|\n|t:|1700188705\n|switch|p1a: Moldy Cheese|Shiftry, L50, M|1\/100\n|turn|6\n|\n|t:|1700188718\n|move|p2b: Not a Rock|Protect|p2b: Not a Rock\n|-singleturn|p2b: Not a Rock|Protect\n|move|p1a: Moldy Cheese|Fake Out|p2b: Not a Rock\n|-activate|p2b: Not a Rock|move: Protect\n|move|p2a: Big Hoss|Dazzling Gleam|p1a: Moldy Cheese|[spread] p1a,p1b\n|-supereffective|p1a: Moldy Cheese\n|-damage|p1a: Moldy Cheese|0 fnt\n|-damage|p1b: Balls on Car|81\/100\n|faint|p1a: Moldy Cheese\n|move|p1b: Balls on Car|Magma Storm|p2b: Not a Rock\n|-activate|p2b: Not a Rock|move: Protect\n|\n|-heal|p1b: Balls on Car|87\/100|[from] item: Leftovers\n|-damage|p2b: Not a Rock|95\/100 brn|[from] brn\n|-fieldend|move: Trick Room\n|upkeep\n|turn|7\n|\n|t:|1700188734\n|move|p2a: Big Hoss|Helping Hand|p2b: Not a Rock\n|-singleturn|p2b: Not a Rock|Helping Hand|[of] p2a: Big Hoss\n|move|p1b: Balls on Car|Protect|p1b: Balls on Car\n|-singleturn|p1b: Balls on Car|Protect\n|move|p2b: Not a Rock|Gunk Shot|p1b: Balls on Car\n|-activate|p1b: Balls on Car|move: Protect\n|\n|-heal|p1b: Balls on Car|93\/100|[from] item: Leftovers\n|-damage|p2b: Not a Rock|89\/100 brn|[from] brn\n|upkeep\n|turn|8\n|\n|t:|1700188746\n|move|p2a: Big Hoss|Helping Hand|p2b: Not a Rock\n|-singleturn|p2b: Not a Rock|Helping Hand|[of] p2a: Big Hoss\n|move|p1b: Balls on Car|Magma Storm|p2b: Not a Rock\n|-supereffective|p2b: Not a Rock\n|-damage|p2b: Not a Rock|0 fnt\n|faint|p2b: Not a Rock\n|\n|-heal|p1b: Balls on Car|99\/100|[from] item: Leftovers\n|upkeep\n|turn|9\n|\n|t:|1700188761\n|move|p1b: Balls on Car|Flash Cannon|p2a: Big Hoss\n|-damage|p2a: Big Hoss|13\/100\n|move|p2a: Big Hoss|Dazzling Gleam|p1b: Balls on Car\n|-damage|p1b: Balls on Car|86\/100\n|\n|-heal|p1b: Balls on Car|92\/100|[from] item: Leftovers\n|upkeep\n|turn|10\n|\n|t:|1700188768\n|move|p1b: Balls on Car|Flash Cannon|p2a: Big Hoss\n|-damage|p2a: Big Hoss|0 fnt\n|faint|p2a: Big Hoss\n|\n|win|Chowdah\n|l|\u2606Hinkle54\n|c|&|\/uhtml prompt-hinkle54,Hinkle54 is ready for game 2!\n|inactive|Chowdah has 50 seconds to confirm battle start!\n|c|&|\/uhtml prompt-chowdah,Chowdah is ready for game 2!\nBoth players are ready! Starting next match!\n|j|\u2606Hinkle54\n|player|p2|Hinkle54|clown\n","uploadtime":1700188787,"views":31,"p1id":"chowdah","p2id":"hinkle54","formatid":"gen9vgc2023regulatione","rating":0,"private":0,"password":""}