{"id":"gen9vgc2023regulatione-1996894965","p1":"Erick0M03","p2":"noahthenumbat","format":"[Gen 9] VGC 2023 Regulation E","log":"|j|\u2606Erick0M03\n|j|\u2606noahthenumbat\n|n|\u2606Erick0M03|erick0m03\n|n|\u2606noahthenumbat|noahthenumbat\n|html|View the match progress at <a href=\"\/game-bestof3-gen9vgc2023regulatione-1996894964\">game-bestof3-gen9vgc2023regulatione-1996894964<\/a>\n|t:|1700741587\n|gametype|doubles\n|player|p1|Erick0M03|bugcatcher-gen4dp|\n|player|p2|noahthenumbat|backersf|\n|teamsize|p1|6\n|teamsize|p2|6\n|gen|9\n|tier|[Gen 9] VGC 2023 Regulation E\n|rule|Species Clause: Limit one of each Pok\u00e9mon\n|rule|Item Clause: Limit one of each item\n|clearpoke\n|poke|p1|Tandemaus, L50|\n|poke|p1|Foongus, L50, F|\n|poke|p1|Grimer-Alola, L50, M|\n|poke|p1|Meditite, L50, M|\n|poke|p1|Greavard, L50, F|\n|poke|p1|Mareanie, L50, F|\n|poke|p2|Girafarig, L50, M|\n|poke|p2|Mankey, L50, M|\n|poke|p2|Pawniard, L50, M|\n|poke|p2|Hoppip, L50, F|\n|poke|p2|Wingull, L50, F|\n|poke|p2|Diglett-Alola, L50, F|\n|teampreview|4\n|inactive|Battle timer is ON: inactive players will automatically lose when time's up. (requested by Erick0M03)\n|c|\u2606noahthenumbat|glhf\n|c|\u2606noahthenumbat|https:\/\/pokepast.es\/8f4ee26a6a67aea5\n|c|\u2606Erick0M03|U2\n|c|\u2606noahthenumbat|for the replay watchers https:\/\/pokepast.es\/e55efa34443cd96b\n|inactive|Erick0M03 has 60 seconds left.\n|inactive|noahthenumbat has 60 seconds left.\n|inactive|Erick0M03 has 30 seconds left.\n|inactive|noahthenumbat has 30 seconds left.\n|inactive|Erick0M03 has 20 seconds left.\n|inactive|noahthenumbat has 20 seconds left.\n|inactive|noahthenumbat has 15 seconds left.\n|inactive|noahthenumbat has 10 seconds left.\n|\n|t:|1700741670\n|start\n|switch|p1a: Zzzpores|Foongus, L50, F|100\/100\n|switch|p1b: Medito|Meditite, L50, M|100\/100\n|switch|p2a: Girafarig|Girafarig, L50, M|100\/100\n|switch|p2b: Hoppip|Hoppip, L50, F|100\/100\n|turn|1\n|\n|t:|1700741692\n|move|p1b: Medito|Fake Out|p2b: Hoppip\n|-damage|p2b: Hoppip|77\/100\n|-damage|p1b: Medito|84\/100|[from] item: Rocky Helmet|[of] p2b: Hoppip\n|move|p2a: Girafarig|Reflect|p2a: Girafarig\n|-sidestart|p2: noahthenumbat|Reflect\n|cant|p2b: Hoppip|flinch\n|move|p1a: Zzzpores|Spore|p2a: Girafarig\n|-ability|p2a: Girafarig|Sap Sipper|boost\n|-boost|p2a: Girafarig|atk|1\n|\n|upkeep\n|turn|2\n|inactive|Erick0M03 has 30 seconds left.\n|inactive|noahthenumbat has 30 seconds left.\n|\n|t:|1700741723\n|move|p2a: Girafarig|Psychic Fangs|p1a: Zzzpores\n|-supereffective|p1a: Zzzpores\n|-enditem|p1a: Zzzpores|Focus Sash\n|-damage|p1a: Zzzpores|1\/100\n|move|p1b: Medito|Drain Punch|p2a: Girafarig\n|-damage|p2a: Girafarig|72\/100\n|-heal|p1b: Medito|100\/100|[from] drain|[of] p2a: Girafarig\n|move|p2b: Hoppip|Strength Sap|p1b: Medito\n|-unboost|p1b: Medito|atk|1\n|-heal|p2b: Hoppip|100\/100\n|move|p1a: Zzzpores|Pollen Puff|p2a: Girafarig\n|-supereffective|p2a: Girafarig\n|-damage|p2a: Girafarig|32\/100\n|-enditem|p2a: Girafarig|Weakness Policy\n|-boost|p2a: Girafarig|atk|2|[from] item: Weakness Policy\n|-boost|p2a: Girafarig|spa|2|[from] item: Weakness Policy\n|\n|upkeep\n|turn|3\n|inactive|Erick0M03 has 30 seconds left.\n|inactive|noahthenumbat has 30 seconds left.\n|inactive|Erick0M03 has 20 seconds left.\n|inactive|noahthenumbat has 20 seconds left.\n|inactive|noahthenumbat has 15 seconds left.\n|\n|t:|1700741767\n|switch|p1a: Grimer|Grimer-Alola, L50, M|100\/100\n|move|p2a: Girafarig|Psychic Fangs|p1b: Medito\n|-damage|p1b: Medito|3\/100\n|move|p1b: Medito|Bulk Up|p1b: Medito\n|-boost|p1b: Medito|atk|1\n|-boost|p1b: Medito|def|1\n|move|p2b: Hoppip|Pollen Puff|p2a: Girafarig\n|-heal|p2a: Girafarig|82\/100\n|\n|upkeep\n|turn|4\n|inactive|Erick0M03 has 30 seconds left.\n|\n|t:|1700741799\n|move|p1b: Medito|Bullet Punch|p2a: Girafarig\n|-damage|p2a: Girafarig|70\/100\n|move|p2a: Girafarig|High Horsepower|p1a: Grimer\n|-supereffective|p1a: Grimer\n|-damage|p1a: Grimer|0 fnt\n|faint|p1a: Grimer\n|move|p2b: Hoppip|Pollen Puff|p1b: Medito\n|-damage|p1b: Medito|0 fnt\n|faint|p1b: Medito\n|\n|upkeep\n|\n|t:|1700741806\n|switch|p1b: Zzzpores|Foongus, L50, F|34\/100\n|switch|p1a: Mareanie|Mareanie, L50, F, shiny|100\/100\n|turn|5\n|\n|t:|1700741823\n|-terastallize|p1a: Mareanie|Water\n|move|p2a: Girafarig|Psychic Fangs|p1a: Mareanie\n|-damage|p1a: Mareanie|19\/100\n|move|p2b: Hoppip|Pollen Puff|p2a: Girafarig\n|-heal|p2a: Girafarig|100\/100\n|move|p1a: Mareanie|Icy Wind|p2a: Girafarig|[spread] p2a,p2b\n|-supereffective|p2b: Hoppip\n|-damage|p2a: Girafarig|94\/100\n|-damage|p2b: Hoppip|55\/100\n|-unboost|p2a: Girafarig|spe|1\n|-unboost|p2b: Hoppip|spe|1\n|move|p1b: Zzzpores|Pollen Puff|p2a: Girafarig\n|-supereffective|p2a: Girafarig\n|-damage|p2a: Girafarig|60\/100\n|\n|-damage|p1a: Mareanie|7\/100|[from] item: Black Sludge\n|-sideend|p2: noahthenumbat|Reflect\n|upkeep\n|turn|6\n|inactive|Erick0M03 has 30 seconds left.\n|\n|t:|1700741853\n|move|p2a: Girafarig|Psychic Fangs|p1b: Zzzpores\n|-supereffective|p1b: Zzzpores\n|-damage|p1b: Zzzpores|0 fnt\n|faint|p1b: Zzzpores\n|move|p1a: Mareanie|Toxic|p2a: Girafarig\n|-status|p2a: Girafarig|tox\n|move|p2b: Hoppip|Pollen Puff|p1a: Mareanie\n|-damage|p1a: Mareanie|0 fnt\n|faint|p1a: Mareanie\n|\n|win|noahthenumbat\n|c|\u2606noahthenumbat|gg\n|c|\u2606Erick0M03|Gg\n|c|&|\/uhtml prompt-erick0m03,Erick0M03 is ready for game 2!\n|inactive|noahthenumbat has 50 seconds to confirm battle start!\n|c|&|\/uhtml prompt-noahthenumbat,noahthenumbat is ready for game 2!\nBoth players are ready! Starting next match!\n|l|\u2606Erick0M03\n","uploadtime":1700742612,"views":15,"p1id":"erick0m03","p2id":"noahthenumbat","formatid":"gen9vgc2023regulatione","rating":0,"private":0,"password":""}