{"id":"gen9vgc2023regulatione-1994012454","p1":"FloridaParkingLot","p2":"electricboogaloo12","format":"[Gen 9] VGC 2023 Regulation E","log":"|j|\u2606FloridaParkingLot\n|j|\u203delectricboogaloo12\n|t:|1700393383\n|gametype|doubles\n|player|p1|FloridaParkingLot|170|1419\n|player|p2|electricboogaloo12|cynthia|1556\n|teamsize|p1|6\n|teamsize|p2|6\n|gen|9\n|tier|[Gen 9] VGC 2023 Regulation E\n|rated|\n|rule|Species Clause: Limit one of each Pok\u00e9mon\n|rule|Item Clause: Limit one of each item\n|clearpoke\n|poke|p1|Iron Hands, L50|\n|poke|p1|Chi-Yu, L50|\n|poke|p1|Flutter Mane, L50|\n|poke|p1|Tornadus, L50, M|\n|poke|p1|Landorus-Therian, L50, M|\n|poke|p1|Urshifu-*, L50, M|\n|poke|p2|Gastrodon, L50, F|\n|poke|p2|Grimmsnarl, L50, M|\n|poke|p2|Articuno-Galar, L50|\n|poke|p2|Great Tusk, L50|\n|poke|p2|Heatran, L50, F|\n|poke|p2|Infernape, L50, F|\n|teampreview|4\n|inactive|Battle timer is ON: inactive players will automatically lose when time's up. (requested by electricboogaloo12)\n|inactive|FloridaParkingLot has 60 seconds left.\n|\n|t:|1700393444\n|start\n|switch|p1a: Iron Hands|Iron Hands, L50|100\/100\n|switch|p1b: Flutter Mane|Flutter Mane, L50|100\/100\n|switch|p2a: Grimmsnarl|Grimmsnarl, L50, M|100\/100\n|switch|p2b: Articuno|Articuno-Galar, L50|100\/100\n|turn|1\n|inactive|electricboogaloo12 has 30 seconds left.\n|\n|t:|1700393471\n|move|p2a: Grimmsnarl|Fake Out|p1a: Iron Hands\n|-damage|p1a: Iron Hands|94\/100\n|cant|p1a: Iron Hands|flinch\n|move|p1b: Flutter Mane|Shadow Ball|p2b: Articuno\n|-supereffective|p2b: Articuno\n|-damage|p2b: Articuno|27\/100\n|move|p2b: Articuno|Trick Room|p2b: Articuno\n|-fieldstart|move: Trick Room|[of] p2b: Articuno\n|\n|upkeep\n|turn|2\n|\n|t:|1700393493\n|move|p2b: Articuno|Protect|p2b: Articuno\n|-singleturn|p2b: Articuno|Protect\n|move|p1b: Flutter Mane|Protect|p1b: Flutter Mane\n|-singleturn|p1b: Flutter Mane|Protect\n|move|p2a: Grimmsnarl|Parting Shot|p1b: Flutter Mane\n|-activate|p1b: Flutter Mane|move: Protect\n|move|p1a: Iron Hands|Wild Charge|p2b: Articuno\n|-activate|p2b: Articuno|move: Protect\n|\n|upkeep\n|turn|3\n|\n|t:|1700393518\n|switch|p2b: Gastrodon|Gastrodon, L50, F, shiny|100\/100\n|move|p1a: Iron Hands|Wild Charge|p2b: Gastrodon\n|-immune|p2b: Gastrodon\n|move|p2a: Grimmsnarl|Spirit Break|p1b: Flutter Mane\n|-damage|p1b: Flutter Mane|31\/100\n|-unboost|p1b: Flutter Mane|spa|1\n|move|p1b: Flutter Mane|Dazzling Gleam|p2a: Grimmsnarl|[spread] p2a,p2b\n|-supereffective|p2a: Grimmsnarl\n|-damage|p2a: Grimmsnarl|56\/100\n|-damage|p2b: Gastrodon|84\/100\n|\n|upkeep\n|turn|4\n|\n|t:|1700393540\n|move|p1b: Flutter Mane|Protect|p1b: Flutter Mane\n|-singleturn|p1b: Flutter Mane|Protect\n|move|p2a: Grimmsnarl|Parting Shot|p1b: Flutter Mane\n|-activate|p1b: Flutter Mane|move: Protect\n|move|p2b: Gastrodon|Yawn|p1a: Iron Hands\n|-start|p1a: Iron Hands|move: Yawn|[of] p2b: Gastrodon\n|move|p1a: Iron Hands|Heavy Slam|p2a: Grimmsnarl\n|-supereffective|p2a: Grimmsnarl\n|-damage|p2a: Grimmsnarl|0 fnt\n|faint|p2a: Grimmsnarl\n|\n|upkeep\n|\n|t:|1700393547\n|switch|p2a: Great Tusk|Great Tusk, L50|100\/100\n|-enditem|p2a: Great Tusk|Booster Energy\n|-activate|p2a: Great Tusk|ability: Protosynthesis|[fromitem]\n|-start|p2a: Great Tusk|protosynthesisatk\n|turn|5\n|\n|t:|1700393559\n|-end|p1a: Iron Hands|Quark Drive|[silent]\n|switch|p1a: Landorus|Landorus-Therian, L50, M|100\/100\n|-ability|p1a: Landorus|Intimidate|boost\n|-unboost|p2a: Great Tusk|atk|1\n|-unboost|p2b: Gastrodon|atk|1\n|move|p2b: Gastrodon|Earth Power|p1b: Flutter Mane\n|-damage|p1b: Flutter Mane|0 fnt\n|faint|p1b: Flutter Mane\n|-end|p1b: Flutter Mane|Protosynthesis|[silent]\n|move|p2a: Great Tusk|Ice Spinner|p1a: Landorus\n|-supereffective|p1a: Landorus\n|-damage|p1a: Landorus|3\/100\n|\n|-fieldend|move: Trick Room\n|upkeep\n|\n|t:|1700393576\n|switch|p1b: Iron Hands|Iron Hands, L50|94\/100\n|turn|6\n|\n|t:|1700393582\n|move|p2a: Great Tusk|Protect|p2a: Great Tusk\n|-singleturn|p2a: Great Tusk|Protect\n|move|p1b: Iron Hands|Fake Out|p2a: Great Tusk\n|-activate|p2a: Great Tusk|move: Protect\n|move|p1a: Landorus|Stomping Tantrum|p2b: Gastrodon\n|-damage|p2b: Gastrodon|42\/100\n|-enditem|p2b: Gastrodon|Sitrus Berry|[eat]\n|-heal|p2b: Gastrodon|67\/100|[from] item: Sitrus Berry\n|move|p2b: Gastrodon|Yawn|p1b: Iron Hands\n|-start|p1b: Iron Hands|move: Yawn|[of] p2b: Gastrodon\n|\n|upkeep\n|turn|7\n|\n|t:|1700393601\n|-terastallize|p1b: Iron Hands|Grass\n|move|p1a: Landorus|Stomping Tantrum|p2a: Great Tusk\n|-crit|p2a: Great Tusk\n|-damage|p2a: Great Tusk|61\/100\n|move|p2a: Great Tusk|Ice Spinner|p1a: Landorus\n|-supereffective|p1a: Landorus\n|-damage|p1a: Landorus|0 fnt\n|faint|p1a: Landorus\n|move|p1b: Iron Hands|Drain Punch|p2a: Great Tusk\n|-damage|p2a: Great Tusk|37\/100\n|-heal|p1b: Iron Hands|100\/100|[from] drain|[of] p2a: Great Tusk\n|move|p2b: Gastrodon|Earth Power|p1b: Iron Hands\n|-resisted|p1b: Iron Hands\n|-damage|p1b: Iron Hands|92\/100\n|\n|-end|p1b: Iron Hands|move: Yawn|[silent]\n|-status|p1b: Iron Hands|slp\n|upkeep\n|\n|t:|1700393609\n|switch|p1a: Urshifu|Urshifu, L50, M|100\/100\n|turn|8\n|inactive|electricboogaloo12 has 30 seconds left.\n|\n|t:|1700393635\n|move|p1a: Urshifu|Close Combat|p2a: Great Tusk\n|-damage|p2a: Great Tusk|0 fnt\n|-unboost|p1a: Urshifu|def|1\n|-unboost|p1a: Urshifu|spd|1\n|faint|p2a: Great Tusk\n|-end|p2a: Great Tusk|Protosynthesis|[silent]\n|cant|p1b: Iron Hands|slp\n|move|p2b: Gastrodon|Earth Power|p1a: Urshifu\n|-damage|p1a: Urshifu|29\/100\n|\n|upkeep\n|\n|t:|1700393638\n|switch|p2a: Articuno|Articuno-Galar, L50|27\/100\n|turn|9\n|\n|t:|1700393643\n|move|p1a: Urshifu|Detect|p1a: Urshifu\n|-singleturn|p1a: Urshifu|Protect\n|-curestatus|p1b: Iron Hands|slp|[msg]\n|move|p1b: Iron Hands|Wild Charge|p2a: Articuno\n|-supereffective|p2a: Articuno\n|-damage|p2a: Articuno|0 fnt\n|faint|p2a: Articuno\n|-damage|p1b: Iron Hands|87\/100|[from] Recoil\n|move|p2b: Gastrodon|Earth Power|p1a: Urshifu\n|-activate|p1a: Urshifu|move: Protect\n|\n|upkeep\n|turn|10\n|\n|t:|1700393658\n|-terastallize|p2b: Gastrodon|Poison\n|move|p1a: Urshifu|Wicked Blow|p2b: Gastrodon\n|-crit|p2b: Gastrodon\n|-damage|p2b: Gastrodon|0 fnt\n|faint|p2b: Gastrodon\n|\n|win|FloridaParkingLot\n|raw|FloridaParkingLot's rating: 1419 &rarr; <strong>1447<\/strong><br \/>(+28 for winning)\n|raw|electricboogaloo12's rating: 1556 &rarr; <strong>1528<\/strong><br \/>(-28 for losing)\n|l|\u203delectricboogaloo12\n","uploadtime":1700393667,"views":4,"p1id":"floridaparkinglot","p2id":"electricboogaloo12","formatid":"gen9vgc2023regulatione","rating":1447,"private":0,"password":""}