{"id":"gen9vgc2023regulatione-1988561595","p1":"Emberbloom","p2":"Walt Whitman VGC","format":"[Gen 9] VGC 2023 Regulation E","log":"|j|\u2606Emberbloom\n|j|\u2606Walt Whitman VGC\n|t:|1699736319\n|gametype|doubles\n|player|p1|Emberbloom|flannery|1360\n|player|p2|Walt Whitman VGC|policeman|1410\n|teamsize|p1|6\n|teamsize|p2|6\n|gen|9\n|tier|[Gen 9] VGC 2023 Regulation E\n|rated|\n|rule|Species Clause: Limit one of each Pok\u00e9mon\n|rule|Item Clause: Limit one of each item\n|clearpoke\n|poke|p1|Farigiraf, L50, M|\n|poke|p1|Ursaluna-Bloodmoon, L50, M|\n|poke|p1|Torkoal, L50, F|\n|poke|p1|Iron Hands, L50|\n|poke|p1|Flutter Mane, L50|\n|poke|p1|Roaring Moon, L50|\n|poke|p2|Tornadus, L50, M|\n|poke|p2|Arcanine-Hisui, L50, M|\n|poke|p2|Urshifu-*, L50, F|\n|poke|p2|Flutter Mane, L50|\n|poke|p2|Rillaboom, L50, M|\n|poke|p2|Chien-Pao, L50|\n|teampreview|4\n|inactive|Battle timer is ON: inactive players will automatically lose when time's up. (requested by Walt Whitman VGC)\n|inactive|Emberbloom has 60 seconds left.\n|inactive|Walt Whitman VGC has 60 seconds left.\n|inactive|Emberbloom has 30 seconds left.\n|inactive|Emberbloom has 20 seconds left.\n|inactive|Emberbloom has 15 seconds left.\n|inactive|Emberbloom has 10 seconds left.\n|inactive|Emberbloom has 5 seconds left.\n|\n|t:|1699736411\n|start\n|switch|p1a: Marcus|Farigiraf, L50, M|100\/100\n|switch|p1b: Sydney|Torkoal, L50, F|100\/100\n|switch|p2a: \u30c8\u30eb\u30cd\u30ed\u30b9|Tornadus, L50, M|100\/100\n|switch|p2b: \u30cf\u30d0\u30bf\u30af\u30ab\u30df|Flutter Mane, L50|100\/100\n|-weather|SunnyDay|[from] ability: Drought|[of] p1b: Sydney\n|-activate|p2b: \u30cf\u30d0\u30bf\u30af\u30ab\u30df|ability: Protosynthesis\n|-start|p2b: \u30cf\u30d0\u30bf\u30af\u30ab\u30df|protosynthesisspe\n|turn|1\n|\n|t:|1699736434\n|move|p1b: Sydney|Protect|p1b: Sydney\n|-singleturn|p1b: Sydney|Protect\n|move|p2a: \u30c8\u30eb\u30cd\u30ed\u30b9|Rain Dance|p2a: \u30c8\u30eb\u30cd\u30ed\u30b9\n|-weather|RainDance\n|-end|p2b: \u30cf\u30d0\u30bf\u30af\u30ab\u30df|Protosynthesis\n|-enditem|p2b: \u30cf\u30d0\u30bf\u30af\u30ab\u30df|Booster Energy\n|-activate|p2b: \u30cf\u30d0\u30bf\u30af\u30ab\u30df|ability: Protosynthesis|[fromitem]\n|-start|p2b: \u30cf\u30d0\u30bf\u30af\u30ab\u30df|protosynthesisspe\n|move|p2b: \u30cf\u30d0\u30bf\u30af\u30ab\u30df|Calm Mind|p2b: \u30cf\u30d0\u30bf\u30af\u30ab\u30df\n|-boost|p2b: \u30cf\u30d0\u30bf\u30af\u30ab\u30df|spa|1\n|-boost|p2b: \u30cf\u30d0\u30bf\u30af\u30ab\u30df|spd|1\n|move|p1a: Marcus|Trick Room|p1a: Marcus\n|-fieldstart|move: Trick Room|[of] p1a: Marcus\n|\n|-weather|RainDance|[upkeep]\n|upkeep\n|turn|2\n|inactive|Walt Whitman VGC has 30 seconds left.\n|\n|t:|1699736460\n|switch|p1b: Cousin|Iron Hands, L50|100\/100\n|move|p2a: \u30c8\u30eb\u30cd\u30ed\u30b9|Taunt||[still]\n|cant|p1a: Marcus|ability: Armor Tail|Taunt|[of] p2a: \u30c8\u30eb\u30cd\u30ed\u30b9\n|move|p1a: Marcus|Psychic|p2a: \u30c8\u30eb\u30cd\u30ed\u30b9\n|-damage|p2a: \u30c8\u30eb\u30cd\u30ed\u30b9|68\/100\n|move|p2b: \u30cf\u30d0\u30bf\u30af\u30ab\u30df|Calm Mind|p2b: \u30cf\u30d0\u30bf\u30af\u30ab\u30df\n|-boost|p2b: \u30cf\u30d0\u30bf\u30af\u30ab\u30df|spa|1\n|-boost|p2b: \u30cf\u30d0\u30bf\u30af\u30ab\u30df|spd|1\n|\n|-weather|RainDance|[upkeep]\n|upkeep\n|turn|3\n|inactive|Emberbloom has 30 seconds left.\n|inactive|Walt Whitman VGC has 30 seconds left.\n|inactive|Walt Whitman VGC has 20 seconds left.\n|\n|t:|1699736500\n|switch|p2a: \u30a6\u30a4\u30f3\u30c7\u30a3|Arcanine-Hisui, L50, M|100\/100\n|-ability|p2a: \u30a6\u30a4\u30f3\u30c7\u30a3|Intimidate|boost\n|-unboost|p1a: Marcus|atk|1\n|-unboost|p1b: Cousin|atk|1\n|-terastallize|p2b: \u30cf\u30d0\u30bf\u30af\u30ab\u30df|Grass\n|move|p1b: Cousin|Fake Out|p2a: \u30a6\u30a4\u30f3\u30c7\u30a3\n|-resisted|p2a: \u30a6\u30a4\u30f3\u30c7\u30a3\n|-damage|p2a: \u30a6\u30a4\u30f3\u30c7\u30a3|94\/100\n|move|p2b: \u30cf\u30d0\u30bf\u30af\u30ab\u30df|Dazzling Gleam|p1a: Marcus|[spread] p1a,p1b\n|-supereffective|p1b: Cousin\n|-damage|p1a: Marcus|40\/100\n|-damage|p1b: Cousin|40\/100\n|-enditem|p1a: Marcus|Sitrus Berry|[eat]\n|-heal|p1a: Marcus|65\/100|[from] item: Sitrus Berry\n|move|p1a: Marcus|Roar|p2b: \u30cf\u30d0\u30bf\u30af\u30ab\u30df\n|-end|p2b: \u30cf\u30d0\u30bf\u30af\u30ab\u30df|Protosynthesis|[silent]\n|drag|p2b: \u30c8\u30eb\u30cd\u30ed\u30b9|Tornadus, L50, M|68\/100\n|\n|-weather|RainDance|[upkeep]\n|upkeep\n|turn|4\n|inactive|Emberbloom has 30 seconds left.\n|inactive|Walt Whitman VGC has 30 seconds left.\n|inactive|Emberbloom has 20 seconds left.\n|inactive|Walt Whitman VGC has 20 seconds left.\n|inactive|Emberbloom has 15 seconds left.\n|inactive|Walt Whitman VGC has 15 seconds left.\n|inactive|Walt Whitman VGC has 10 seconds left.\n|\n|t:|1699736549\n|move|p1a: Marcus|Helping Hand|p1b: Cousin\n|-singleturn|p1b: Cousin|Helping Hand|[of] p1a: Marcus\n|move|p2b: \u30c8\u30eb\u30cd\u30ed\u30b9|Tailwind|p2b: \u30c8\u30eb\u30cd\u30ed\u30b9\n|-sidestart|p2: Walt Whitman VGC|move: Tailwind\n|move|p1b: Cousin|Wild Charge|p2b: \u30c8\u30eb\u30cd\u30ed\u30b9\n|-supereffective|p2b: \u30c8\u30eb\u30cd\u30ed\u30b9\n|-damage|p2b: \u30c8\u30eb\u30cd\u30ed\u30b9|0 fnt\n|-damage|p1b: Cousin|24\/100|[from] item: Rocky Helmet|[of] p2b: \u30c8\u30eb\u30cd\u30ed\u30b9\n|faint|p2b: \u30c8\u30eb\u30cd\u30ed\u30b9\n|-damage|p1b: Cousin|11\/100|[from] Recoil\n|move|p2a: \u30a6\u30a4\u30f3\u30c7\u30a3|Rock Slide|p1a: Marcus|[spread] p1a,p1b\n|-resisted|p1b: Cousin\n|-damage|p1a: Marcus|33\/100\n|-damage|p1b: Cousin|0 fnt\n|faint|p1b: Cousin\n|-end|p1b: Cousin|Quark Drive|[silent]\n|\n|-weather|RainDance|[upkeep]\n|upkeep\n|inactive|Walt Whitman VGC has 30 seconds left.\n|\n|t:|1699736576\n|switch|p1b: Sydney|Torkoal, L50, F|100\/100\n|switch|p2b: \u30a6\u30fc\u30e9\u30aa\u30b9|Urshifu-Rapid-Strike, L50, F|100\/100\n|-weather|SunnyDay|[from] ability: Drought|[of] p1b: Sydney\n|turn|5\n|\n|t:|1699736591\n|move|p2b: \u30a6\u30fc\u30e9\u30aa\u30b9|Protect|p2b: \u30a6\u30fc\u30e9\u30aa\u30b9\n|-singleturn|p2b: \u30a6\u30fc\u30e9\u30aa\u30b9|Protect\n|move|p1b: Sydney|Earth Power|p2a: \u30a6\u30a4\u30f3\u30c7\u30a3\n|-supereffective|p2a: \u30a6\u30a4\u30f3\u30c7\u30a3\n|-damage|p2a: \u30a6\u30a4\u30f3\u30c7\u30a3|0 fnt\n|faint|p2a: \u30a6\u30a4\u30f3\u30c7\u30a3\n|move|p1a: Marcus|Psychic|p2b: \u30a6\u30fc\u30e9\u30aa\u30b9\n|-activate|p2b: \u30a6\u30fc\u30e9\u30aa\u30b9|move: Protect\n|\n|-weather|SunnyDay|[upkeep]\n|-fieldend|move: Trick Room\n|upkeep\n|\n|t:|1699736601\n|switch|p2a: \u30cf\u30d0\u30bf\u30af\u30ab\u30df|Flutter Mane, L50, tera:Grass|100\/100\n|-activate|p2a: \u30cf\u30d0\u30bf\u30af\u30ab\u30df|ability: Protosynthesis\n|-start|p2a: \u30cf\u30d0\u30bf\u30af\u30ab\u30df|protosynthesisspe\n|turn|6\n|inactive|Walt Whitman VGC has 30 seconds left.\n|\n|t:|1699736634\n|move|p2a: \u30cf\u30d0\u30bf\u30af\u30ab\u30df|Shadow Ball|p1b: Sydney\n|-damage|p1b: Sydney|50\/100\n|move|p2b: \u30a6\u30fc\u30e9\u30aa\u30b9|Surging Strikes|p1a: Marcus\n|-crit|p1a: Marcus\n|-damage|p1a: Marcus|24\/100\n|-crit|p1a: Marcus\n|-damage|p1a: Marcus|13\/100\n|-crit|p1a: Marcus\n|-damage|p1a: Marcus|3\/100\n|-hitcount|p1a: Marcus|3\n|move|p1a: Marcus|Psychic|p2b: \u30a6\u30fc\u30e9\u30aa\u30b9\n|-supereffective|p2b: \u30a6\u30fc\u30e9\u30aa\u30b9\n|-damage|p2b: \u30a6\u30fc\u30e9\u30aa\u30b9|0 fnt\n|faint|p2b: \u30a6\u30fc\u30e9\u30aa\u30b9\n|move|p1b: Sydney|Heat Wave|p2a: \u30cf\u30d0\u30bf\u30af\u30ab\u30df\n|-supereffective|p2a: \u30cf\u30d0\u30bf\u30af\u30ab\u30df\n|-damage|p2a: \u30cf\u30d0\u30bf\u30af\u30ab\u30df|0 fnt\n|faint|p2a: \u30cf\u30d0\u30bf\u30af\u30ab\u30df\n|-end|p2a: \u30cf\u30d0\u30bf\u30af\u30ab\u30df|Protosynthesis|[silent]\n|\n|win|Emberbloom\n|raw|Emberbloom's rating: 1360 &rarr; <strong>1383<\/strong><br \/>(+23 for winning)\n|raw|Walt Whitman VGC's rating: 1410 &rarr; <strong>1387<\/strong><br \/>(-23 for losing)\n|l|\u2606Walt Whitman VGC\n","uploadtime":1699736655,"views":26,"p1id":"emberbloom","p2id":"waltwhitmanvgc","formatid":"gen9vgc2023regulatione","rating":1383,"private":0,"password":""}