{"id":"gen9vgc2023regulatione-1996312100","p1":"A Vauxhall Corsa","p2":"TEAM FUCKERY SMURF","format":"[Gen 9] VGC 2023 Regulation E","log":"|j|\u2606A Vauxhall Corsa\n|j|\u2606TEAM FUCKERY SMURF\n|t:|1700670078\n|gametype|doubles\n|player|p1|A Vauxhall Corsa|2|1128\n|player|p2|TEAM FUCKERY SMURF|swimmer-gen4dp|1175\n|teamsize|p1|6\n|teamsize|p2|6\n|gen|9\n|tier|[Gen 9] VGC 2023 Regulation E\n|rated|\n|rule|Species Clause: Limit one of each Pok\u00e9mon\n|rule|Item Clause: Limit one of each item\n|clearpoke\n|poke|p1|Munkidori, L50, M|\n|poke|p1|Moltres-Galar, L50|\n|poke|p1|Sinistcha-Masterpiece, L50|\n|poke|p1|Grimmsnarl, L50, M|\n|poke|p1|Milotic, L50, M|\n|poke|p1|Arcanine-Hisui, L50, F|\n|poke|p2|Moltres-Galar, L50|\n|poke|p2|Arcanine-Hisui, L50, M|\n|poke|p2|Munkidori, L50, M|\n|poke|p2|Sinistcha, L50|\n|poke|p2|Grimmsnarl, L50, M|\n|poke|p2|Milotic, L50, M|\n|teampreview|4\n|inactive|Battle timer is ON: inactive players will automatically lose when time's up. (requested by A Vauxhall Corsa)\n|c|\u2606TEAM FUCKERY SMURF|Br\u0153th\u00ebr\n|inactive|A Vauxhall Corsa has 60 seconds left.\n|inactive|TEAM FUCKERY SMURF has 60 seconds left.\n|\n|t:|1700670124\n|start\n|switch|p1a: Milotic|Milotic, L50, M|100\/100\n|switch|p1b: Grimmsnarl|Grimmsnarl, L50, M|100\/100\n|switch|p2a: Moltres|Moltres-Galar, L50|100\/100\n|switch|p2b: Munkidori|Munkidori, L50, M|100\/100\n|-item|p1a: Milotic|Wide Lens|[from] ability: Frisk|[of] p2b: Munkidori|[identify]\n|-item|p1b: Grimmsnarl|Light Clay|[from] ability: Frisk|[of] p2b: Munkidori|[identify]\n|turn|1\n|inactive|A Vauxhall Corsa has 30 seconds left.\n|\n|t:|1700670153\n|switch|p1b: Munkidori|Munkidori, L50, M|100\/100\n|-item|p2a: Moltres|Sitrus Berry|[from] ability: Frisk|[of] p1b: Munkidori|[identify]\n|-item|p2b: Munkidori|Focus Sash|[from] ability: Frisk|[of] p1b: Munkidori|[identify]\n|move|p2b: Munkidori|Fake Out|p1a: Milotic\n|-damage|p1a: Milotic|93\/100\n|cant|p1a: Milotic|flinch\n|move|p2a: Moltres|Nasty Plot|p2a: Moltres\n|-boost|p2a: Moltres|spa|2\n|\n|upkeep\n|turn|2\n|inactive|A Vauxhall Corsa has 30 seconds left.\n|inactive|A Vauxhall Corsa has 20 seconds left.\n|inactive|A Vauxhall Corsa has 15 seconds left.\n|\n|t:|1700670198\n|move|p2a: Moltres|Protect|p2a: Moltres\n|-singleturn|p2a: Moltres|Protect\n|move|p1b: Munkidori|Parting Shot|p2b: Munkidori\n|-unboost|p2b: Munkidori|atk|1\n|-unboost|p2b: Munkidori|spa|1\n|\n|t:|1700670205\n|switch|p1b: Moltres|Moltres-Galar, L50|100\/100|[from] Parting Shot\n|move|p2b: Munkidori|Psychic|p1a: Milotic\n|-damage|p1a: Milotic|66\/100\n|-unboost|p1a: Milotic|spd|1\n|-ability|p1a: Milotic|Competitive|boost\n|-boost|p1a: Milotic|spa|2\n|move|p1a: Milotic|Hypnosis|p2b: Munkidori|[miss]\n|-miss|p1a: Milotic|p2b: Munkidori\n|\n|upkeep\n|turn|3\n|\n|t:|1700670225\n|move|p2b: Munkidori|Parting Shot|p1b: Moltres\n|-unboost|p1b: Moltres|atk|1\n|-unboost|p1b: Moltres|spa|1\n|\n|t:|1700670230\n|switch|p2b: Milotic|Milotic, L50, M|100\/100|[from] Parting Shot\n|move|p1a: Milotic|Hydro Pump|p2a: Moltres\n|-damage|p2a: Moltres|39\/100\n|-ability|p2a: Moltres|Berserk|boost\n|-boost|p2a: Moltres|spa|1\n|-enditem|p2a: Moltres|Sitrus Berry|[eat]\n|-heal|p2a: Moltres|64\/100|[from] item: Sitrus Berry\n|move|p2a: Moltres|Air Slash|p1a: Milotic\n|-damage|p1a: Milotic|0 fnt\n|faint|p1a: Milotic\n|move|p1b: Moltres|Nasty Plot|p1b: Moltres\n|-boost|p1b: Moltres|spa|2\n|\n|upkeep\n|\n|t:|1700670250\n|switch|p1a: Munkidori|Munkidori, L50, M|100\/100\n|-item|p2b: Milotic|Wide Lens|[from] ability: Frisk|[of] p1a: Munkidori|[identify]\n|turn|4\n|\n|t:|1700670265\n|move|p2a: Moltres|Protect|p2a: Moltres\n|-singleturn|p2a: Moltres|Protect\n|move|p1a: Munkidori|Fake Out|p2b: Milotic\n|-damage|p2b: Milotic|93\/100\n|cant|p2b: Milotic|flinch\n|move|p1b: Moltres|Nasty Plot|p1b: Moltres\n|-boost|p1b: Moltres|spa|2\n|\n|upkeep\n|turn|5\n|\n|t:|1700670283\n|move|p1a: Munkidori|Parting Shot|p2a: Moltres\n|-unboost|p2a: Moltres|atk|1\n|-unboost|p2a: Moltres|spa|1\n|\n|t:|1700670288\n|switch|p1a: Grimmsnarl|Grimmsnarl, L50, M|100\/100|[from] Parting Shot\n|move|p2b: Milotic|Hypnosis|p1b: Moltres\n|-status|p1b: Moltres|slp|[from] move: Hypnosis\n|move|p2a: Moltres|Fiery Wrath|p1a: Grimmsnarl|[spread] p1a,p1b\n|-resisted|p1a: Grimmsnarl\n|-resisted|p1b: Moltres\n|-damage|p1a: Grimmsnarl|84\/100\n|-damage|p1b: Moltres|75\/100 slp\n|cant|p1b: Moltres|slp\n|\n|upkeep\n|turn|6\n|inactive|A Vauxhall Corsa has 30 seconds left.\n|\n|t:|1700670314\n|move|p1a: Grimmsnarl|Reflect|p1a: Grimmsnarl\n|-sidestart|p1: A Vauxhall Corsa|Reflect\n|move|p2b: Milotic|Icy Wind|p1b: Moltres|[spread] p1a,p1b\n|-supereffective|p1b: Moltres\n|-damage|p1a: Grimmsnarl|73\/100\n|-damage|p1b: Moltres|59\/100 slp\n|-unboost|p1a: Grimmsnarl|spe|1\n|-unboost|p1b: Moltres|spe|1\n|move|p2a: Moltres|Air Slash|p1a: Grimmsnarl\n|-damage|p1a: Grimmsnarl|4\/100\n|-curestatus|p1b: Moltres|slp|[msg]\n|move|p1b: Moltres|Nasty Plot|p1b: Moltres\n|-boost|p1b: Moltres|spa|2\n|\n|upkeep\n|turn|7\n|\n|t:|1700670335\n|move|p1a: Grimmsnarl|Light Screen|p1a: Grimmsnarl\n|-sidestart|p1: A Vauxhall Corsa|move: Light Screen\n|move|p2b: Milotic|Hypnosis|p1b: Moltres\n|-status|p1b: Moltres|slp|[from] move: Hypnosis\n|move|p2a: Moltres|Fiery Wrath|p1a: Grimmsnarl|[spread] p1a,p1b\n|-resisted|p1a: Grimmsnarl\n|-resisted|p1b: Moltres\n|-damage|p1a: Grimmsnarl|0 fnt\n|-damage|p1b: Moltres|44\/100 slp\n|faint|p1a: Grimmsnarl\n|-ability|p1b: Moltres|Berserk|boost\n|-boost|p1b: Moltres|spa|1\n|-enditem|p1b: Moltres|Sitrus Berry|[eat]\n|-heal|p1b: Moltres|69\/100 slp|[from] item: Sitrus Berry\n|cant|p1b: Moltres|slp\n|\n|upkeep\n|\n|t:|1700670350\n|switch|p1a: Munkidori|Munkidori, L50, M|100\/100\n|-item|p2b: Milotic|Wide Lens|[from] ability: Frisk|[of] p1a: Munkidori|[identify]\n|turn|8\n|\n|t:|1700670368\n|move|p1a: Munkidori|Fake Out|p2b: Milotic\n|-damage|p2b: Milotic|85\/100\n|cant|p2b: Milotic|flinch\n|move|p2a: Moltres|Nasty Plot|p2a: Moltres\n|-boost|p2a: Moltres|spa|2\n|cant|p1b: Moltres|slp\n|\n|upkeep\n|turn|9\n|\n|t:|1700670382\n|move|p1a: Munkidori|Parting Shot|p2a: Moltres\n|-unboost|p2a: Moltres|atk|1\n|-unboost|p2a: Moltres|spa|1\n|move|p2b: Milotic|Icy Wind|p1b: Moltres|[spread] p1a,p1b\n|-supereffective|p1b: Moltres\n|-damage|p1a: Munkidori|93\/100\n|-damage|p1b: Moltres|58\/100 slp\n|-unboost|p1a: Munkidori|spe|1\n|-unboost|p1b: Moltres|spe|1\n|move|p2a: Moltres|Fiery Wrath|p1b: Moltres|[spread] p1a,p1b\n|-supereffective|p1a: Munkidori\n|-resisted|p1b: Moltres\n|-damage|p1a: Munkidori|0 fnt\n|-damage|p1b: Moltres|37\/100 slp\n|faint|p1a: Munkidori\n|-curestatus|p1b: Moltres|slp|[msg]\n|cant|p1b: Moltres|flinch\n|\n|upkeep\n|turn|10\n|\n|t:|1700670401\n|move|p2a: Moltres|Protect|p2a: Moltres\n|-singleturn|p2a: Moltres|Protect\n|move|p2b: Milotic|Hypnosis|p1b: Moltres\n|-status|p1b: Moltres|slp|[from] move: Hypnosis\n|cant|p1b: Moltres|slp\n|\n|upkeep\n|turn|11\n|\n|t:|1700670416\n|-curestatus|p1b: Moltres|slp|[msg]\n|move|p1b: Moltres|Protect|p1b: Moltres\n|-singleturn|p1b: Moltres|Protect\n|move|p2b: Milotic|Hydro Pump|p1b: Moltres\n|-activate|p1b: Moltres|move: Protect\n|move|p2a: Moltres|Fiery Wrath|p1b: Moltres\n|-activate|p1b: Moltres|move: Protect\n|\n|upkeep\n|turn|12\n|\n|t:|1700670429\n|move|p2b: Milotic|Hypnosis|p1b: Moltres|[miss]\n|-miss|p2b: Milotic|p1b: Moltres\n|move|p2a: Moltres|Fiery Wrath|p1b: Moltres\n|-resisted|p1b: Moltres\n|-damage|p1b: Moltres|12\/100\n|move|p1b: Moltres|Air Slash|p2b: Milotic\n|-damage|p2b: Milotic|0 fnt\n|faint|p2b: Milotic\n|\n|upkeep\n|\n|t:|1700670434\n|switch|p2b: Munkidori|Munkidori, L50, M|100\/100\n|turn|13\n|\n|t:|1700670442\n|move|p1b: Moltres|Protect|p1b: Moltres\n|-singleturn|p1b: Moltres|Protect\n|move|p2b: Munkidori|Fake Out|p1b: Moltres\n|-activate|p1b: Moltres|move: Protect\n|move|p2a: Moltres|Fiery Wrath|p1b: Moltres\n|-activate|p1b: Moltres|move: Protect\n|\n|-sideend|p1: A Vauxhall Corsa|Reflect\n|upkeep\n|turn|14\n|\n|t:|1700670456\n|move|p2b: Munkidori|Sludge Bomb|p1b: Moltres\n|-damage|p1b: Moltres|0 fnt\n|faint|p1b: Moltres\n|\n|win|TEAM FUCKERY SMURF\n|raw|A Vauxhall Corsa's rating: 1128 &rarr; <strong>1106<\/strong><br \/>(-22 for losing)\n|raw|TEAM FUCKERY SMURF's rating: 1175 &rarr; <strong>1197<\/strong><br \/>(+22 for winning)\n|l|\u2606A Vauxhall Corsa\n","uploadtime":1700670465,"views":10,"p1id":"avauxhallcorsa","p2id":"teamfuckerysmurf","formatid":"gen9vgc2023regulatione","rating":1106,"private":0,"password":""}