{"id":"gen9vgc2023regulatione-1994997058","p1":"Juytre","p2":"cesar dios pokemon","format":"[Gen 9] VGC 2023 Regulation E","log":"|j|\u2606Juytre\n|j|\u2606cesar dios pokemon\n|t:|1700511772\n|gametype|doubles\n|player|p1|Juytre|will|\n|player|p2|cesar dios pokemon|101|\n|teamsize|p1|6\n|teamsize|p2|6\n|gen|9\n|tier|[Gen 9] VGC 2023 Regulation E\n|rated|Tournament battle\n|rule|Species Clause: Limit one of each Pok\u00e9mon\n|rule|Item Clause: Limit one of each item\n|clearpoke\n|poke|p1|Ninetales-Alola, L50, M|\n|poke|p1|Flutter Mane, L50|\n|poke|p1|Arcanine-Hisui, L50, M|\n|poke|p1|Cetitan, L50, F|\n|poke|p1|Rillaboom, L50, F|\n|poke|p1|Urshifu-*, L50, F|\n|poke|p2|Ting-Lu, L50|\n|poke|p2|Dondozo, L50, M|\n|poke|p2|Chien-Pao, L50|\n|poke|p2|Dragapult, L50, F|\n|poke|p2|Flutter Mane, L50|\n|poke|p2|Iron Hands, L50|\n|teampreview|4\n|showteam|p1|Ninetales-Alola||LightClay|SnowWarning|AuroraVeil,DazzlingGleam,Blizzard,Protect|||M|||50|,,,,,Steel]Flutter Mane||FocusSash|Protosynthesis|DazzlingGleam,Protect,ShadowBall,IcyWind||||||50|,,,,,Fairy]Arcanine-Hisui||ChoiceBand|Intimidate|TeraBlast,FlareBlitz,RockSlide,ExtremeSpeed|||M|||50|,,,,,Fairy]Cetitan||ClearAmulet|SlushRush|PlayRough,IcicleCrash,IceShard,HighHorsepower|||F|||50|,,,,,Fairy]Rillaboom||AssaultVest|GrassySurge|FakeOut,GrassyGlide,KnockOff,HighHorsepower|||F|||50|,,,,,Dark]Urshifu-Rapid-Strike||MysticWater|UnseenFist|SurgingStrikes,CloseCombat,Protect,AquaJet|||F|||50|,,,,,Water\n|showteam|p2|Ting-Lu||SitrusBerry|VesselofRuin|Taunt,Ruination,SandTomb,StompingTantrum||||||50|,,,,,Fairy]Dondozo||Leftovers|Oblivious|Protect,WaveCrash,Yawn,HeavySlam|||M|||50|,,,,,Normal]Chien-Pao||FocusSash|SwordofRuin|SacredSword,IceSpinner,SuckerPunch,Protect||||||50|,,,,,Ghost]Dragapult||ChoiceBand|ClearBody|TeraBlast,DragonDarts,PhantomForce,Uturn|||F|||50|,,,,,Ghost]Flutter Mane||BoosterEnergy|Protosynthesis|ShadowBall,Moonblast,Substitute,Protect||||||50|,,,,,Fairy]Iron Hands||AssaultVest|QuarkDrive|FakeOut,DrainPunch,WildCharge,HeavySlam||||||50|,,,,,Grass\n|j| drounddd\n|j| pizzafanBTW\n|j|%Radio Free C-Side\n|c|\u2606Juytre|Glhf\n|inactive|Battle timer is ON: inactive players will automatically lose when time's up. (requested by cesar dios pokemon)\n|c|\u2606Juytre|Nice win against the gliscor btw\n|j| Flarefox_7\n|inactive|Juytre has 60 seconds left.\n|\n|t:|1700511826\n|start\n|switch|p1a: Ninetales|Ninetales-Alola, L50, M|100\/100\n|switch|p1b: Rillaboom|Rillaboom, L50, F|100\/100\n|switch|p2a: Ting-Lu|Ting-Lu, L50|100\/100\n|switch|p2b: Dondozo|Dondozo, L50, M|100\/100\n|-weather|Snow|[from] ability: Snow Warning|[of] p1a: Ninetales\n|-fieldstart|move: Grassy Terrain|[from] ability: Grassy Surge|[of] p1b: Rillaboom\n|-ability|p2a: Ting-Lu|Vessel of Ruin\n|turn|1\n|c|\u2606cesar dios pokemon|Thanks\n|c|\u2606cesar dios pokemon|GLHF\n|\n|t:|1700511844\n|-terastallize|p2a: Ting-Lu|Fairy\n|move|p1b: Rillaboom|Fake Out|p2b: Dondozo\n|-damage|p2b: Dondozo|92\/100\n|move|p1a: Ninetales|Aurora Veil|p1a: Ninetales\n|-sidestart|p1: Juytre|move: Aurora Veil\n|move|p2a: Ting-Lu|Sand Tomb|p1b: Rillaboom\n|-resisted|p1b: Rillaboom\n|-damage|p1b: Rillaboom|95\/100\n|-activate|p1b: Rillaboom|move: Sand Tomb|[of] p2a: Ting-Lu\n|cant|p2b: Dondozo|flinch\n|\n|-weather|Snow|[upkeep]\n|-heal|p1b: Rillaboom|100\/100|[from] Grassy Terrain\n|-heal|p2b: Dondozo|98\/100|[from] Grassy Terrain\n|-heal|p2b: Dondozo|100\/100|[from] item: Leftovers\n|-damage|p1b: Rillaboom|88\/100|[from] move: Sand Tomb|[partiallytrapped]\n|upkeep\n|turn|2\n|inactive|cesar dios pokemon has 30 seconds left.\n|\n|t:|1700511871\n|move|p1b: Rillaboom|Grassy Glide|p2b: Dondozo\n|-supereffective|p2b: Dondozo\n|-crit|p2b: Dondozo\n|-damage|p2b: Dondozo|30\/100\n|move|p1a: Ninetales|Dazzling Gleam|p2a: Ting-Lu|[spread] p2a,p2b\n|-damage|p2a: Ting-Lu|89\/100\n|-damage|p2b: Dondozo|17\/100\n|move|p2a: Ting-Lu|Ruination|p1b: Rillaboom\n|-damage|p1b: Rillaboom|44\/100\n|move|p2b: Dondozo|Yawn|p1b: Rillaboom\n|-start|p1b: Rillaboom|move: Yawn|[of] p2b: Dondozo\n|\n|-weather|Snow|[upkeep]\n|-heal|p1b: Rillaboom|50\/100|[from] Grassy Terrain\n|-heal|p2a: Ting-Lu|95\/100|[from] Grassy Terrain\n|-heal|p2b: Dondozo|23\/100|[from] Grassy Terrain\n|-heal|p2b: Dondozo|29\/100|[from] item: Leftovers\n|-damage|p1b: Rillaboom|38\/100|[from] move: Sand Tomb|[partiallytrapped]\n|upkeep\n|turn|3\n|\n|t:|1700511889\n|switch|p1a: Arcanine|Arcanine-Hisui, L50, M|100\/100\n|-ability|p1a: Arcanine|Intimidate|boost\n|-unboost|p2a: Ting-Lu|atk|1\n|-fail|p2b: Dondozo|unboost|Attack|[from] ability: Oblivious|[of] p2b: Dondozo\n|move|p2b: Dondozo|Protect|p2b: Dondozo\n|-singleturn|p2b: Dondozo|Protect\n|move|p1b: Rillaboom|Grassy Glide|p2b: Dondozo\n|-activate|p2b: Dondozo|move: Protect\n|move|p2a: Ting-Lu|Stomping Tantrum|p1b: Rillaboom\n|-resisted|p1b: Rillaboom\n|-damage|p1b: Rillaboom|31\/100\n|\n|-weather|Snow|[upkeep]\n|-heal|p1b: Rillaboom|36\/100|[from] Grassy Terrain\n|-heal|p2a: Ting-Lu|100\/100|[from] Grassy Terrain\n|-heal|p2b: Dondozo|36\/100|[from] Grassy Terrain\n|-heal|p2b: Dondozo|42\/100|[from] item: Leftovers\n|-damage|p1b: Rillaboom|24\/100|[from] move: Sand Tomb|[partiallytrapped]\n|-end|p1b: Rillaboom|move: Yawn|[silent]\n|-status|p1b: Rillaboom|slp\n|upkeep\n|turn|4\n|\n|t:|1700511902\n|-terastallize|p1a: Arcanine|Fairy\n|cant|p1b: Rillaboom|slp\n|move|p1a: Arcanine|Rock Slide|p2a: Ting-Lu|[spread] p2a,p2b\n|-damage|p2a: Ting-Lu|78\/100\n|-damage|p2b: Dondozo|16\/100\n|move|p2a: Ting-Lu|Stomping Tantrum|p1a: Arcanine\n|-damage|p1a: Arcanine|85\/100\n|cant|p2b: Dondozo|flinch\n|\n|-weather|Snow|[upkeep]\n|-heal|p1a: Arcanine|91\/100|[from] Grassy Terrain\n|-heal|p1b: Rillaboom|30\/100 slp|[from] Grassy Terrain\n|-heal|p2a: Ting-Lu|84\/100|[from] Grassy Terrain\n|-heal|p2b: Dondozo|22\/100|[from] Grassy Terrain\n|-heal|p2b: Dondozo|29\/100|[from] item: Leftovers\n|-damage|p1b: Rillaboom|18\/100 slp|[from] move: Sand Tomb|[partiallytrapped]\n|upkeep\n|turn|5\n|\n|t:|1700511919\n|move|p2b: Dondozo|Protect|p2b: Dondozo\n|-singleturn|p2b: Dondozo|Protect\n|cant|p1b: Rillaboom|slp\n|move|p1a: Arcanine|Rock Slide|p2a: Ting-Lu|[spread] \n|-activate|p2b: Dondozo|move: Protect\n|-miss|p1a: Arcanine|p2a: Ting-Lu\n|move|p2a: Ting-Lu|Stomping Tantrum|p1b: Rillaboom\n|-resisted|p1b: Rillaboom\n|-damage|p1b: Rillaboom|11\/100 slp\n|\n|-weather|none\n|-heal|p1a: Arcanine|96\/100|[from] Grassy Terrain\n|-heal|p1b: Rillaboom|17\/100 slp|[from] Grassy Terrain\n|-heal|p2a: Ting-Lu|90\/100|[from] Grassy Terrain\n|-heal|p2b: Dondozo|35\/100|[from] Grassy Terrain\n|-heal|p2b: Dondozo|41\/100|[from] item: Leftovers\n|-end|p1b: Rillaboom|Sand Tomb|[partiallytrapped]\n|-fieldend|move: Grassy Terrain\n|upkeep\n|turn|6\n|inactive|cesar dios pokemon has 30 seconds left.\n|\n|t:|1700511952\n|move|p1a: Arcanine|Rock Slide|p2a: Ting-Lu|[spread] p2a,p2b\n|-damage|p2a: Ting-Lu|68\/100\n|-damage|p2b: Dondozo|13\/100\n|cant|p1b: Rillaboom|slp\n|move|p2a: Ting-Lu|Stomping Tantrum|p1b: Rillaboom\n|-resisted|p1b: Rillaboom\n|-damage|p1b: Rillaboom|11\/100 slp\n|move|p2b: Dondozo|Wave Crash|p1a: Arcanine\n|-damage|p1a: Arcanine|57\/100\n|-damage|p2b: Dondozo|4\/100|[from] Recoil\n|\n|-heal|p2b: Dondozo|10\/100|[from] item: Leftovers\n|upkeep\n|turn|7\n|c|\u2606Juytre|Ah well\n|\n|t:|1700511970\n|move|p1a: Arcanine|Rock Slide|p2a: Ting-Lu|[spread] p2a\n|-miss|p1a: Arcanine|p2b: Dondozo\n|-damage|p2a: Ting-Lu|48\/100\n|-enditem|p2a: Ting-Lu|Sitrus Berry|[eat]\n|-heal|p2a: Ting-Lu|73\/100|[from] item: Sitrus Berry\n|-curestatus|p1b: Rillaboom|slp|[msg]\n|move|p1b: Rillaboom|Knock Off|p2a: Ting-Lu\n|-resisted|p2a: Ting-Lu\n|-crit|p2a: Ting-Lu\n|-damage|p2a: Ting-Lu|64\/100\n|move|p2a: Ting-Lu|Sand Tomb|p1b: Rillaboom\n|-resisted|p1b: Rillaboom\n|-damage|p1b: Rillaboom|7\/100\n|-activate|p1b: Rillaboom|move: Sand Tomb|[of] p2a: Ting-Lu\n|move|p2b: Dondozo|Heavy Slam|p1a: Arcanine\n|-supereffective|p1a: Arcanine\n|-damage|p1a: Arcanine|39\/100\n|\n|-heal|p2b: Dondozo|17\/100|[from] item: Leftovers\n|-damage|p1b: Rillaboom|0 fnt|[from] move: Sand Tomb|[partiallytrapped]\n|faint|p1b: Rillaboom\n|upkeep\n|c|\u2606Juytre|Ah\n|\n|t:|1700511978\n|switch|p1b: Ninetales|Ninetales-Alola, L50, M|100\/100\n|-weather|Snow|[from] ability: Snow Warning|[of] p1b: Ninetales\n|turn|8\n|\n|t:|1700511993\n|move|p2b: Dondozo|Protect|p2b: Dondozo\n|-singleturn|p2b: Dondozo|Protect\n|move|p1b: Ninetales|Dazzling Gleam|p2a: Ting-Lu|[spread] p2a\n|-activate|p2b: Dondozo|move: Protect\n|-damage|p2a: Ting-Lu|53\/100\n|move|p1a: Arcanine|Rock Slide|p2a: Ting-Lu|[spread] p2a\n|-activate|p2b: Dondozo|move: Protect\n|-damage|p2a: Ting-Lu|30\/100\n|move|p2a: Ting-Lu|Stomping Tantrum|p1a: Arcanine\n|-damage|p1a: Arcanine|21\/100\n|\n|-weather|Snow|[upkeep]\n|-heal|p2b: Dondozo|23\/100|[from] item: Leftovers\n|-sideend|p1: Juytre|move: Aurora Veil\n|upkeep\n|turn|9\n|j| Draxolotl\n|\n|t:|1700512011\n|move|p1b: Ninetales|Blizzard|p2b: Dondozo|[spread] p2a,p2b\n|-resisted|p2b: Dondozo\n|-damage|p2a: Ting-Lu|16\/100\n|-damage|p2b: Dondozo|13\/100\n|move|p1a: Arcanine|Rock Slide|p2b: Dondozo|[spread] p2a,p2b\n|-damage|p2a: Ting-Lu|0 fnt\n|-damage|p2b: Dondozo|0 fnt\n|faint|p2a: Ting-Lu\n|faint|p2b: Dondozo\n|\n|-weather|Snow|[upkeep]\n|upkeep\n|\n|t:|1700512022\n|switch|p2a: Dragod|Dragapult, L50, F|100\/100\n|switch|p2b: Chien-Pao|Chien-Pao, L50|100\/100\n|-ability|p2b: Chien-Pao|Sword of Ruin\n|turn|10\n|j| LamXYZ\n|c| Flarefox_7|dragod\n|\n|t:|1700512036\n|move|p2a: Dragod|Phantom Force||[still]\n|-prepare|p2a: Dragod|Phantom Force\n|move|p2b: Chien-Pao|Ice Spinner|p1a: Arcanine\n|-damage|p1a: Arcanine|0 fnt\n|faint|p1a: Arcanine\n|move|p1b: Ninetales|Dazzling Gleam|p2a: Dragod|[spread] p2b\n|-miss|p1b: Ninetales|p2a: Dragod\n|-supereffective|p2b: Chien-Pao\n|-damage|p2b: Chien-Pao|22\/100\n|\n|-weather|Snow|[upkeep]\n|upkeep\n|\n|t:|1700512040\n|switch|p1a: Cetitan|Cetitan, L50, F|100\/100\n|turn|11\n|j| KnighLt\n|\n|t:|1700512049\n|move|p1a: Cetitan|Play Rough|p2b: Chien-Pao\n|-supereffective|p2b: Chien-Pao\n|-damage|p2b: Chien-Pao|0 fnt\n|faint|p2b: Chien-Pao\n|move|p2a: Dragod|Phantom Force|p1b: Ninetales|[from]lockedmove\n|-damage|p1b: Ninetales|35\/100\n|move|p1b: Ninetales|Dazzling Gleam|p2a: Dragod\n|-supereffective|p2a: Dragod\n|-damage|p2a: Dragod|24\/100\n|\n|-weather|Snow|[upkeep]\n|upkeep\n|turn|12\n|\n|t:|1700512058\n|move|p1a: Cetitan|Ice Shard|p2a: Dragod\n|-supereffective|p2a: Dragod\n|-damage|p2a: Dragod|0 fnt\n|faint|p2a: Dragod\n|\n|win|Juytre\n|n|\u2606Juytre|juytre\n|n|\u2606cesar dios pokemon|cesardiospokemon\n|n| drounddd|drounddd\n|n| pizzafanBTW|pizzafanbtw\n|n| Radio Free C-Side|radiofreecside\n|n| Flarefox_7|flarefox7\n|n| Draxolotl|draxolotl\n|n| LamXYZ|lamxyz\n|n| KnighLt|knighlt\n","uploadtime":1700512059,"views":3,"p1id":"juytre","p2id":"cesardiospokemon","formatid":"gen9vgc2023regulatione","rating":0,"private":0,"password":""}