{"id":"gen9vgc2023regulatione-1993665798","p1":"Arcaa9","p2":"DerpyBronze117","format":"[Gen 9] VGC 2023 Regulation E","log":"|j|\u2606Arcaa9\n|j|\u2606DerpyBronze117\n|n|\u2606Arcaa9|arcaa9\n|n|\u2606DerpyBronze117|derpybronze117\n|html|View the match progress at <a href=\"\/game-bestof3-gen9vgc2023regulatione-1993665797\">game-bestof3-gen9vgc2023regulatione-1993665797<\/a>\n|t:|1700343256\n|gametype|doubles\n|player|p1|Arcaa9|brycenman|\n|player|p2|DerpyBronze117|hilbert|\n|teamsize|p1|6\n|teamsize|p2|6\n|gen|9\n|tier|[Gen 9] VGC 2023 Regulation E\n|rule|Species Clause: Limit one of each Pok\u00e9mon\n|rule|Item Clause: Limit one of each item\n|clearpoke\n|poke|p1|Snorlax, L50, F|\n|poke|p1|Munkidori, L50, M|\n|poke|p1|Arcanine, L50, M|\n|poke|p1|Dragonite, L50, F|\n|poke|p1|Iron Bundle, L50|\n|poke|p1|Stonjourner, L50, F|\n|poke|p2|Thundurus, L50, M|\n|poke|p2|Indeedee-F, L50, F|\n|poke|p2|Amoonguss, L50, F|\n|poke|p2|Ursaluna-Bloodmoon, L50, M|\n|poke|p2|Leafeon, L50, F|\n|poke|p2|Mightyena, L50, M|\n|teampreview|4\n|l|\u2606Arcaa9\n|player|p1|\n|j|\u2606Arcaa9\n|player|p1|Arcaa9|brycenman\n|\n|t:|1700343298\n|start\n|switch|p1a: Snorlax|Snorlax, L50, F|100\/100\n|switch|p1b: Munkidori|Munkidori, L50, M|100\/100\n|switch|p2a: Indeedee|Indeedee-F, L50, F|100\/100\n|switch|p2b: Ursaluna|Ursaluna-Bloodmoon, L50, M|100\/100\n|-fieldstart|move: Psychic Terrain|[from] ability: Psychic Surge|[of] p2a: Indeedee\n|turn|1\n|\n|t:|1700343339\n|-terastallize|p2b: Ursaluna|Normal\n|move|p1a: Snorlax|Helping Hand|p1b: Munkidori\n|-singleturn|p1b: Munkidori|Helping Hand|[of] p1a: Snorlax\n|move|p1b: Munkidori|Psychic|p2b: Ursaluna\n|-damage|p2b: Ursaluna|0 fnt\n|faint|p2b: Ursaluna\n|move|p2a: Indeedee|Dazzling Gleam|p1a: Snorlax|[spread] p1a,p1b\n|-resisted|p1b: Munkidori\n|-damage|p1a: Snorlax|91\/100\n|-damage|p1b: Munkidori|93\/100\n|\n|upkeep\n|\n|t:|1700343351\n|switch|p2b: Thundurus|Thundurus, L50, M|100\/100\n|turn|2\n|\n|t:|1700343373\n|move|p1b: Munkidori|Protect|p1b: Munkidori\n|-singleturn|p1b: Munkidori|Protect\n|move|p2b: Thundurus|Wild Charge|p1b: Munkidori\n|-activate|p1b: Munkidori|move: Protect\n|move|p2a: Indeedee|Dazzling Gleam|p1a: Snorlax|[spread] p1a\n|-activate|p1b: Munkidori|move: Protect\n|-damage|p1a: Snorlax|82\/100\n|move|p1a: Snorlax|Ice Punch|p2b: Thundurus\n|-supereffective|p2b: Thundurus\n|-damage|p2b: Thundurus|24\/100\n|-enditem|p2b: Thundurus|Sitrus Berry|[eat]\n|-heal|p2b: Thundurus|49\/100|[from] item: Sitrus Berry\n|\n|upkeep\n|turn|3\n|\n|t:|1700343397\n|switch|p2a: Leafeon|Leafeon, L50, F|100\/100\n|move|p2b: Thundurus|Sunny Day|p2b: Thundurus\n|-weather|SunnyDay\n|move|p1b: Munkidori|Psychic|p2a: Leafeon\n|-damage|p2a: Leafeon|0 fnt\n|faint|p2a: Leafeon\n|move|p1a: Snorlax|Ice Punch|p2b: Thundurus\n|-supereffective|p2b: Thundurus\n|-damage|p2b: Thundurus|0 fnt\n|faint|p2b: Thundurus\n|\n|-weather|SunnyDay|[upkeep]\n|upkeep\n|\n|t:|1700343414\n|switch|p2b: Indeedee|Indeedee-F, L50, F|100\/100\n|turn|4\n|\n|t:|1700343421\n|move|p1a: Snorlax|Helping Hand|p1b: Munkidori\n|-singleturn|p1b: Munkidori|Helping Hand|[of] p1a: Snorlax\n|move|p1b: Munkidori|Psychic|p2b: Indeedee\n|-resisted|p2b: Indeedee\n|-damage|p2b: Indeedee|60\/100\n|-status|p2b: Indeedee|tox|[from] ability: Toxic Chain|[of] p1b: Munkidori\n|move|p2b: Indeedee|Dazzling Gleam|p1a: Snorlax|[spread] p1a,p1b\n|-crit|p1a: Snorlax\n|-resisted|p1b: Munkidori\n|-damage|p1a: Snorlax|68\/100\n|-damage|p1b: Munkidori|85\/100\n|\n|-weather|SunnyDay|[upkeep]\n|-damage|p2b: Indeedee|54\/100 tox|[from] psn\n|upkeep\n|turn|5\n|\n|t:|1700343439\n|move|p1a: Snorlax|Helping Hand|p1b: Munkidori\n|-singleturn|p1b: Munkidori|Helping Hand|[of] p1a: Snorlax\n|move|p1b: Munkidori|Psychic|p2b: Indeedee\n|-resisted|p2b: Indeedee\n|-damage|p2b: Indeedee|10\/100 tox\n|move|p2b: Indeedee|Dazzling Gleam|p1a: Snorlax|[spread] p1a,p1b\n|-resisted|p1b: Munkidori\n|-damage|p1a: Snorlax|58\/100\n|-damage|p1b: Munkidori|77\/100\n|\n|-weather|SunnyDay|[upkeep]\n|-damage|p2b: Indeedee|0 fnt|[from] psn\n|faint|p2b: Indeedee\n|\n|win|Arcaa9\n|upkeep\n|c|\u2606DerpyBronze117|Ggs\n|inactive|Arcaa9 has 50 seconds to confirm battle start!\n|inactive|DerpyBronze117 has 50 seconds to confirm battle start!\n|c|&|\/uhtml prompt-derpybronze117,DerpyBronze117 is ready for game 2!\n|c|&|\/uhtml prompt-derpybronze117,DerpyBronze117 is ready for game 2!\n|inactive|Arcaa9 has 40 seconds to confirm battle start!\n|c|&|\/uhtml prompt-arcaa9,Arcaa9 is ready for game 2!\nBoth players are ready! Starting next match!\n|l|\u2606Arcaa9\n|l|\u2606DerpyBronze117\n|j| jakersmc\n","uploadtime":1700344111,"views":33,"p1id":"arcaa9","p2id":"derpybronze117","formatid":"gen9vgc2023regulatione","rating":0,"private":0,"password":""}