{"id":"gen9vgc2023regulatione-1992931790","p1":"Pawmaughty","p2":"Roblobsta823","format":"[Gen 9] VGC 2023 Regulation E","log":"|j|\u2606Pawmaughty\n|j|\u2606Roblobsta823\n|t:|1700247937\n|gametype|doubles\n|player|p1|Pawmaughty|swimmerf-gen4|1347\n|player|p2|Roblobsta823|266|1346\n|teamsize|p1|6\n|teamsize|p2|6\n|gen|9\n|tier|[Gen 9] VGC 2023 Regulation E\n|rated|\n|rule|Species Clause: Limit one of each Pok\u00e9mon\n|rule|Item Clause: Limit one of each item\n|clearpoke\n|poke|p1|Tornadus, L50, M|\n|poke|p1|Farigiraf, L50, M|\n|poke|p1|Urshifu-*, L50, M|\n|poke|p1|Gholdengo, L50|\n|poke|p1|Iron Hands, L50|\n|poke|p1|Amoonguss, L50, M|\n|poke|p2|Baxcalibur, L50, M|\n|poke|p2|Indeedee-F, L50, F|\n|poke|p2|Tornadus, L50, M|\n|poke|p2|Urshifu-*, L50, M|\n|poke|p2|Spectrier, L50|\n|poke|p2|Iron Moth, L50|\n|teampreview|4\n|inactive|Battle timer is ON: inactive players will automatically lose when time's up. (requested by Pawmaughty)\nPawmaughty has agreed to open team sheets.\nRoblobsta823 has agreed to open team sheets.\n|inactive|Pawmaughty has 30 seconds left.\n|inactive|Roblobsta823 has 30 seconds left.\n|inactive|Roblobsta823 has 20 seconds left.\n|\n|t:|1700247988\n|start\n|switch|p1a: Urshifu|Urshifu-Rapid-Strike, L50, M|100\/100\n|switch|p1b: Farigiraf|Farigiraf, L50, M|100\/100\n|switch|p2a: Indeedee|Indeedee-F, L50, F|100\/100\n|switch|p2b: Baxcalibur|Baxcalibur, L50, M|100\/100\n|-fieldstart|move: Psychic Terrain|[from] ability: Psychic Surge|[of] p2a: Indeedee\n|turn|1\n|\n|t:|1700248010\n|move|p2a: Indeedee|Follow Me|p2a: Indeedee\n|-singleturn|p2a: Indeedee|move: Follow Me\n|move|p1a: Urshifu|U-turn|p2a: Indeedee\n|-supereffective|p2a: Indeedee\n|-damage|p2a: Indeedee|51\/100\n|-damage|p1a: Urshifu|84\/100|[from] item: Rocky Helmet|[of] p2a: Indeedee\n|\n|t:|1700248015\n|switch|p1a: Gholdengo|Gholdengo, L50|100\/100|[from] U-turn\n|move|p2b: Baxcalibur|Swords Dance|p2b: Baxcalibur\n|-boost|p2b: Baxcalibur|atk|2\n|move|p1b: Farigiraf|Dazzling Gleam|p2b: Baxcalibur|[spread] p2a,p2b\n|-supereffective|p2b: Baxcalibur\n|-damage|p2a: Indeedee|37\/100\n|-damage|p2b: Baxcalibur|72\/100\n|\n|upkeep\n|turn|2\n|inactive|Roblobsta823 has 30 seconds left.\n|\n|t:|1700248045\n|move|p2b: Baxcalibur|Protect|p2b: Baxcalibur\n|-singleturn|p2b: Baxcalibur|Protect\n|move|p1a: Gholdengo|Nasty Plot|p1a: Gholdengo\n|-boost|p1a: Gholdengo|spa|2\n|move|p2a: Indeedee|Dazzling Gleam|p1b: Farigiraf|[spread] p1a,p1b\n|-resisted|p1a: Gholdengo\n|-damage|p1a: Gholdengo|95\/100\n|-damage|p1b: Farigiraf|88\/100\n|move|p1b: Farigiraf|Trick Room|p1b: Farigiraf\n|-fieldstart|move: Trick Room|[of] p1b: Farigiraf\n|\n|-heal|p1a: Gholdengo|100\/100|[from] item: Leftovers\n|upkeep\n|turn|3\n|\n|t:|1700248069\n|switch|p1b: Amoonguss|Amoonguss, L50, M|100\/100\n|-terastallize|p2b: Baxcalibur|Fairy\n|move|p1a: Gholdengo|Make It Rain|p2a: Indeedee|[spread] p2a,p2b\n|-supereffective|p2b: Baxcalibur\n|-damage|p2a: Indeedee|0 fnt\n|-damage|p2b: Baxcalibur|0 fnt\n|-unboost|p1a: Gholdengo|spa|1\n|faint|p2a: Indeedee\n|faint|p2b: Baxcalibur\n|\n|upkeep\n|\n|t:|1700248079\n|switch|p2a: Iron Moth|Iron Moth, L50|100\/100\n|switch|p2b: Spectrier|Spectrier, L50|100\/100\n|-enditem|p2a: Iron Moth|Booster Energy\n|-activate|p2a: Iron Moth|ability: Quark Drive|[fromitem]\n|-start|p2a: Iron Moth|quarkdrivespa\n|turn|4\n|c|\u2606Roblobsta823|100% thought I would be slower\n|\n|t:|1700248103\n|-terastallize|p1a: Gholdengo|Dragon\n|move|p2a: Iron Moth|Protect|p2a: Iron Moth\n|-singleturn|p2a: Iron Moth|Protect\n|move|p1b: Amoonguss|Spore|p2b: Spectrier\n|-status|p2b: Spectrier|slp|[from] move: Spore\n|move|p1a: Gholdengo|Shadow Ball|p2a: Iron Moth\n|-activate|p2a: Iron Moth|move: Protect\n|cant|p2b: Spectrier|slp\n|\n|upkeep\n|turn|5\n|c|\u2606Pawmaughty|i have like 20 speed evs i think\n|\n|t:|1700248125\n|move|p1b: Amoonguss|Spore|p2a: Iron Moth\n|-status|p2a: Iron Moth|slp|[from] move: Spore\n|move|p1a: Gholdengo|Shadow Ball|p2b: Spectrier\n|-supereffective|p2b: Spectrier\n|-enditem|p2b: Spectrier|Focus Sash\n|-damage|p2b: Spectrier|1\/100 slp\n|cant|p2a: Iron Moth|slp\n|cant|p2b: Spectrier|slp\n|\n|-fieldend|move: Psychic Terrain\n|upkeep\n|turn|6\n|c|\u2606Roblobsta823|makes sense\n|\n|t:|1700248140\n|switch|p1b: Urshifu|Urshifu-Rapid-Strike, L50, M|84\/100\n|-curestatus|p2b: Spectrier|slp|[msg]\n|move|p2b: Spectrier|Protect|p2b: Spectrier\n|-singleturn|p2b: Spectrier|Protect\n|move|p1a: Gholdengo|Make It Rain|p2a: Iron Moth|[spread] p2a\n|-activate|p2b: Spectrier|move: Protect\n|-resisted|p2a: Iron Moth\n|-damage|p2a: Iron Moth|70\/100 slp\n|-unboost|p1a: Gholdengo|spa|1\n|cant|p2a: Iron Moth|slp\n|\n|-fieldend|move: Trick Room\n|upkeep\n|turn|7\n|\n|t:|1700248164\n|move|p1b: Urshifu|Surging Strikes|p2a: Iron Moth\n|-supereffective|p2a: Iron Moth\n|-crit|p2a: Iron Moth\n|-damage|p2a: Iron Moth|0 fnt\n|faint|p2a: Iron Moth\n|-end|p2a: Iron Moth|Quark Drive|[silent]\n|-hitcount|p2: Iron Moth|1\n|move|p2b: Spectrier|Shadow Ball|p1a: Gholdengo\n|-damage|p1a: Gholdengo|62\/100\n|move|p1a: Gholdengo|Shadow Ball|p2b: Spectrier\n|-supereffective|p2b: Spectrier\n|-damage|p2b: Spectrier|0 fnt\n|faint|p2b: Spectrier\n|\n|win|Pawmaughty\n|raw|Pawmaughty's rating: 1347 &rarr; <strong>1367<\/strong><br \/>(+20 for winning)\n|raw|Roblobsta823's rating: 1346 &rarr; <strong>1326<\/strong><br \/>(-20 for losing)\n|c|\u2606Pawmaughty|gg\n","uploadtime":1700248173,"views":31,"p1id":"pawmaughty","p2id":"roblobsta823","formatid":"gen9vgc2023regulatione","rating":1326,"private":0,"password":""}