{"id":"gen9vgc2023regulatione-1995028265","p1":"ZachFromKalos","p2":"Jigoowo","format":"[Gen 9] VGC 2023 Regulation E","log":"|j|\u2606ZachFromKalos\n|j|\u2606Jigoowo\n|t:|1700514897\n|gametype|doubles\n|player|p1|ZachFromKalos|skierf|1040\n|player|p2|Jigoowo|cameraman|1063\n|teamsize|p1|6\n|teamsize|p2|6\n|gen|9\n|tier|[Gen 9] VGC 2023 Regulation E\n|rated|\n|rule|Species Clause: Limit one of each Pok\u00e9mon\n|rule|Item Clause: Limit one of each item\n|clearpoke\n|poke|p1|Slowbro-Galar, L50, F|\n|poke|p1|Ursaluna, L50, M|\n|poke|p1|Hatterene, L50, F|\n|poke|p1|Ting-Lu, L50|\n|poke|p1|Amoonguss, L50, M|\n|poke|p1|Slowking-Galar, L50, F|\n|poke|p2|Glimmora, L50, M|\n|poke|p2|Oranguru, L50, M|\n|poke|p2|Dragalge, L50, M|\n|poke|p2|Sinistcha-Masterpiece, L50|\n|poke|p2|Ogerpon-Wellspring, L50, F|\n|poke|p2|Flamigo, L50, M|\n|teampreview|4\n|\n|t:|1700514921\n|start\n|switch|p1a: what speed stat?|Slowbro-Galar, L50, F|100\/100\n|switch|p1b: Earthquake|Ursaluna, L50, M|100\/100\n|switch|p2a: Oranguru|Oranguru, L50, M|100\/100\n|switch|p2b: Dragalge|Dragalge, L50, M|100\/100\n|turn|1\n|\n|t:|1700514937\n|switch|p2a: Glimmora|Glimmora, L50, M, shiny|100\/100\n|-terastallize|p1b: Earthquake|Steel\n|move|p2b: Dragalge|Flip Turn|p2a: Glimmora\n|-supereffective|p2a: Glimmora\n|-damage|p2a: Glimmora|75\/100\n|-activate|p2a: Glimmora|ability: Toxic Debris\n|-sidestart|p1: ZachFromKalos|move: Toxic Spikes\n|-enditem|p2a: Glimmora|Weakness Policy\n|-boost|p2a: Glimmora|atk|2|[from] item: Weakness Policy\n|-boost|p2a: Glimmora|spa|2|[from] item: Weakness Policy\n|\n|t:|1700514943\n|switch|p2b: Flamigo|Flamigo, L50, M|100\/100|[from] Flip Turn\n|-copyboost|p2b: Flamigo|p2a: Glimmora|[from] ability: Costar\n|move|p1b: Earthquake|Crunch|p2a: Glimmora\n|-damage|p2a: Glimmora|32\/100\n|-activate|p2a: Glimmora|ability: Toxic Debris\n|-sidestart|p1: ZachFromKalos|move: Toxic Spikes\n|move|p1a: what speed stat?|Trick Room|p1a: what speed stat?\n|-fieldstart|move: Trick Room|[of] p1a: what speed stat?\n|\n|-status|p1b: Earthquake|brn|[from] item: Flame Orb\n|upkeep\n|turn|2\n|-activate|p1a: what speed stat?|ability: Quick Draw\n|\n|t:|1700514973\n|move|p2a: Glimmora|Endure|p2a: Glimmora\n|-singleturn|p2a: Glimmora|move: Endure\n|move|p2b: Flamigo|Detect|p2b: Flamigo\n|-singleturn|p2b: Flamigo|Protect\n|move|p1a: what speed stat?|Psychic|p2a: Glimmora\n|-supereffective|p2a: Glimmora\n|-activate|p2a: Glimmora|move: Endure\n|-damage|p2a: Glimmora|1\/100\n|move|p1b: Earthquake|Play Rough|p2b: Flamigo\n|-activate|p2b: Flamigo|move: Protect\n|\n|-damage|p1b: Earthquake|95\/100 brn|[from] brn\n|upkeep\n|turn|3\n|\n|t:|1700514996\n|switch|p1a: Medic|Amoonguss, L50, M, shiny|100\/100\n|-sideend|p1: ZachFromKalos|move: Toxic Spikes|[of] p1a: Medic\n|switch|p2b: Oranguru|Oranguru, L50, M|100\/100\n|move|p1b: Earthquake|Play Rough|p2b: Oranguru\n|-damage|p2b: Oranguru|42\/100\n|-unboost|p2b: Oranguru|atk|1\n|move|p2a: Glimmora|Power Gem|p1a: Medic\n|-damage|p1a: Medic|22\/100\n|\n|-heal|p1a: Medic|28\/100|[from] item: Black Sludge\n|-damage|p1b: Earthquake|89\/100 brn|[from] brn\n|upkeep\n|turn|4\n|\n|t:|1700515020\n|move|p2a: Glimmora|Endure|p2a: Glimmora\n|-singleturn|p2a: Glimmora|move: Endure\n|move|p1a: Medic|Clear Smog|p2a: Glimmora\n|-resisted|p2a: Glimmora\n|-activate|p2a: Glimmora|move: Endure\n|-damage|p2a: Glimmora|1\/100\n|-clearboost|p2a: Glimmora\n|move|p1b: Earthquake|Crunch|p2b: Oranguru\n|-supereffective|p2b: Oranguru\n|-damage|p2b: Oranguru|0 fnt\n|faint|p2b: Oranguru\n|\n|-heal|p1a: Medic|34\/100|[from] item: Black Sludge\n|-damage|p1b: Earthquake|83\/100 brn|[from] brn\n|upkeep\n|\n|t:|1700515028\n|switch|p2b: Dragalge|Dragalge, L50, M|100\/100\n|turn|5\n|\n|t:|1700515042\n|switch|p1a: what speed stat?|Slowbro-Galar, L50, F|100\/100\n|switch|p2b: Flamigo|Flamigo, L50, M|100\/100\n|-copyboost|p2b: Flamigo|p2a: Glimmora|[from] ability: Costar\n|move|p2a: Glimmora|Endure|p2a: Glimmora\n|-singleturn|p2a: Glimmora|move: Endure\n|move|p1b: Earthquake|Headlong Rush|p2b: Flamigo\n|-immune|p2b: Flamigo\n|\n|-damage|p1b: Earthquake|77\/100 brn|[from] brn\n|-fieldend|move: Trick Room\n|upkeep\n|turn|6\n|\n|t:|1700515060\n|-terastallize|p2b: Flamigo|Flying\n|move|p2b: Flamigo|Brave Bird|p1a: what speed stat?\n|-damage|p1a: what speed stat?|6\/100\n|-damage|p2b: Flamigo|60\/100|[from] Recoil\n|-damage|p2b: Flamigo|51\/100|[from] item: Life Orb\n|move|p2a: Glimmora|Power Gem|p1a: what speed stat?\n|-damage|p1a: what speed stat?|0 fnt\n|faint|p1a: what speed stat?\n|move|p1b: Earthquake|Play Rough|p2b: Flamigo\n|-damage|p2b: Flamigo|0 fnt\n|faint|p2b: Flamigo\n|\n|-damage|p1b: Earthquake|71\/100 brn|[from] brn\n|upkeep\n|\n|t:|1700515079\n|switch|p2b: Dragalge|Dragalge, L50, M|100\/100\n|switch|p1a: Witch|Hatterene, L50, F, shiny|100\/100\n|turn|7\n|\n|t:|1700515091\n|move|p2a: Glimmora|Sludge Wave|p1b: Earthquake|[spread] p2b,p1a\n|-immune|p1b: Earthquake\n|-resisted|p2b: Dragalge\n|-supereffective|p1a: Witch\n|-damage|p2b: Dragalge|89\/100\n|-damage|p1a: Witch|20\/100\n|move|p2b: Dragalge|Hydro Pump|p1b: Earthquake\n|-damage|p1b: Earthquake|39\/100 brn\n|move|p1b: Earthquake|Headlong Rush|p2b: Dragalge\n|-supereffective|p2b: Dragalge\n|-damage|p2b: Dragalge|0 fnt\n|-unboost|p1b: Earthquake|def|1\n|-unboost|p1b: Earthquake|spd|1\n|faint|p2b: Dragalge\n|move|p1a: Witch|Psychic|p2a: Glimmora\n|-supereffective|p2a: Glimmora\n|-damage|p2a: Glimmora|0 fnt\n|faint|p2a: Glimmora\n|\n|win|ZachFromKalos\n|raw|ZachFromKalos's rating: 1040 &rarr; <strong>1076<\/strong><br \/>(+36 for winning)\n|raw|Jigoowo's rating: 1063 &rarr; <strong>1042<\/strong><br \/>(-21 for losing)\n|c|\u2606ZachFromKalos|ggwp\n|l|\u2606Jigoowo\n","uploadtime":1700515121,"views":22,"p1id":"zachfromkalos","p2id":"jigoowo","formatid":"gen9vgc2023regulatione","rating":1042,"private":0,"password":""}