{"id":"gen9vgc2023regulatione-1989494505","p1":"spruce13","p2":"qz231113","format":"[Gen 9] VGC 2023 Regulation E","log":"|j|\u2606spruce13\n|j|\u2606qz231113\n|t:|1699860192\n|gametype|doubles\n|player|p1|spruce13|sabrina|1027\n|player|p2|qz231113|1|1097\n|teamsize|p1|6\n|teamsize|p2|6\n|gen|9\n|tier|[Gen 9] VGC 2023 Regulation E\n|rated|\n|rule|Species Clause: Limit one of each Pok\u00e9mon\n|rule|Item Clause: Limit one of each item\n|clearpoke\n|poke|p1|Ogerpon-Wellspring, L50, F|\n|poke|p1|Arcanine-Hisui, L50, F|\n|poke|p1|Articuno-Galar, L50|\n|poke|p1|Tinkaton, L50, F|\n|poke|p1|Sinistcha, L50|\n|poke|p1|Great Tusk, L50|\n|poke|p2|Ursaluna-Bloodmoon, L50, M|\n|poke|p2|Dusclops, L50, F|\n|poke|p2|Oricorio-Sensu, L50, M|\n|poke|p2|Volcarona, L50, F|\n|poke|p2|Kommo-o, L50, M|\n|poke|p2|Regieleki, L50|\n|teampreview|4\n|inactive|Battle timer is ON: inactive players will automatically lose when time's up. (requested by spruce13)\n|inactive|spruce13 has 60 seconds left.\n|\n|t:|1699860229\n|start\n|switch|p1a: Ogerpon|Ogerpon-Wellspring, L50, F|100\/100\n|switch|p1b: Articuno|Articuno-Galar, L50|100\/100\n|switch|p2a: Hamas|Regieleki, L50|100\/100\n|switch|p2b: Kabuki|Oricorio-Sensu, L50, M|100\/100\n|turn|1\n|inactive|spruce13 has 30 seconds left.\n|\n|t:|1699860263\n|move|p2a: Hamas|Protect|p2a: Hamas\n|-singleturn|p2a: Hamas|Protect\n|move|p1a: Ogerpon|Spiky Shield|p1a: Ogerpon\n|-singleturn|p1a: Ogerpon|move: Protect\n|move|p1b: Articuno|Protect|p1b: Articuno\n|-singleturn|p1b: Articuno|Protect\n|move|p2b: Kabuki|Protect||[still]\n|-fail|p2b: Kabuki\n|\n|upkeep\n|turn|2\n|inactive|spruce13 has 30 seconds left.\n|\n|t:|1699860298\n|switch|p1a: Great Tusk|Great Tusk, L50|100\/100\n|-enditem|p1a: Great Tusk|Booster Energy\n|-activate|p1a: Great Tusk|ability: Protosynthesis|[fromitem]\n|-start|p1a: Great Tusk|protosynthesisatk\n|-terastallize|p1b: Articuno|Normal\n|move|p2b: Kabuki|Helping Hand|p2a: Hamas\n|-singleturn|p2a: Hamas|Helping Hand|[of] p2b: Kabuki\n|move|p2a: Hamas|Explosion|p1b: Articuno|[spread] p1a,p1b\n|-immune|p2b: Kabuki\n|-enditem|p2a: Hamas|Normal Gem|[from] gem\n|-damage|p1a: Great Tusk|9\/100\n|-damage|p1b: Articuno|0 fnt\n|faint|p2a: Hamas\n|faint|p1b: Articuno\n|\n|upkeep\n|\n|t:|1699860317\n|switch|p2a: Apollo|Volcarona, L50, F|100\/100\n|switch|p1b: Sinistcha|Sinistcha, L50|100\/100\n|-heal|p1a: Great Tusk|34\/100|[from] ability: Hospitality|[of] p1b: Sinistcha\n|turn|3\n|\n|t:|1699860337\n|move|p1b: Sinistcha|Rage Powder|p1b: Sinistcha\n|-singleturn|p1b: Sinistcha|move: Rage Powder\n|move|p1a: Great Tusk|Headlong Rush|p2a: Apollo\n|-damage|p2a: Apollo|33\/100\n|-unboost|p1a: Great Tusk|def|1\n|-unboost|p1a: Great Tusk|spd|1\n|-damage|p1a: Great Tusk|17\/100|[from] item: Rocky Helmet|[of] p2a: Apollo\n|move|p2b: Kabuki|Air Slash|p1b: Sinistcha\n|-supereffective|p1b: Sinistcha\n|-damage|p1b: Sinistcha|12\/100\n|move|p2a: Apollo|Quiver Dance|p2a: Apollo\n|-boost|p2a: Apollo|spa|1\n|-boost|p2a: Apollo|spd|1\n|-boost|p2a: Apollo|spe|1\n|-activate|p2b: Kabuki|ability: Dancer\n|move|p2b: Kabuki|Quiver Dance|p2b: Kabuki|[from]ability: Dancer\n|-boost|p2b: Kabuki|spa|1\n|-boost|p2b: Kabuki|spd|1\n|-boost|p2b: Kabuki|spe|1\n|\n|upkeep\n|turn|4\n|\n|t:|1699860360\n|move|p1b: Sinistcha|Rage Powder|p1b: Sinistcha\n|-singleturn|p1b: Sinistcha|move: Rage Powder\n|move|p2b: Kabuki|Revelation Dance|p1b: Sinistcha\n|-supereffective|p1b: Sinistcha\n|-damage|p1b: Sinistcha|0 fnt\n|faint|p1b: Sinistcha\n|move|p2a: Apollo|Fiery Dance|p1a: Great Tusk\n|-damage|p1a: Great Tusk|0 fnt\n|faint|p1a: Great Tusk\n|-end|p1a: Great Tusk|Protosynthesis|[silent]\n|-activate|p2b: Kabuki|ability: Dancer\n|move|p2b: Kabuki|Fiery Dance|p1: Great Tusk|[from]ability: Dancer|[notarget]\n|-fail|p2b: Kabuki\n|\n|upkeep\n|\n|t:|1699860374\n|switch|p1b: Ogerpon|Ogerpon-Wellspring, L50, F|100\/100\n|turn|5\n|\n|t:|1699860385\n|-terastallize|p2a: Apollo|Water\n|move|p2b: Kabuki|Helping Hand|p2a: Apollo\n|-singleturn|p2a: Apollo|Helping Hand|[of] p2b: Kabuki\n|move|p2a: Apollo|Giga Drain|p1b: Ogerpon\n|-damage|p1b: Ogerpon|46\/100\n|-heal|p2a: Apollo|58\/100|[from] drain|[of] p1b: Ogerpon\n|move|p1b: Ogerpon|Ivy Cudgel|p2a: Apollo\n|-resisted|p2a: Apollo\n|-damage|p2a: Apollo|34\/100\n|\n|upkeep\n|turn|6\n|\n|t:|1699860399\n|move|p2b: Kabuki|Helping Hand|p2a: Apollo\n|-singleturn|p2a: Apollo|Helping Hand|[of] p2b: Kabuki\n|move|p2a: Apollo|Giga Drain|p1b: Ogerpon\n|-damage|p1b: Ogerpon|0 fnt\n|-heal|p2a: Apollo|55\/100|[from] drain|[of] p1b: Ogerpon\n|faint|p1b: Ogerpon\n|\n|win|qz231113\n|raw|spruce13's rating: 1027 &rarr; <strong>1016<\/strong><br \/>(-11 for losing)\n|raw|qz231113's rating: 1097 &rarr; <strong>1117<\/strong><br \/>(+20 for winning)\n|l|\u2606spruce13\n","uploadtime":1699860406,"views":16,"p1id":"spruce13","p2id":"qz231113","formatid":"gen9vgc2023regulatione","rating":1016,"private":0,"password":""}