{"id":"gen9vgc2023regulatione-1988631381","p1":"Sun mack2828","p2":"SwaseyVGC","format":"[Gen 9] VGC 2023 Regulation E","log":"|j|\u2606Sun mack2828\n|j|\u2606SwaseyVGC\n|t:|1699744072\n|gametype|doubles\n|player|p1|Sun mack2828|2|1294\n|player|p2|SwaseyVGC|2|1288\n|teamsize|p1|6\n|teamsize|p2|6\n|gen|9\n|tier|[Gen 9] VGC 2023 Regulation E\n|rated|\n|rule|Species Clause: Limit one of each Pok\u00e9mon\n|rule|Item Clause: Limit one of each item\n|clearpoke\n|poke|p1|Chien-Pao, L50|\n|poke|p1|Farigiraf, L50, F|\n|poke|p1|Urshifu-*, L50, M|\n|poke|p1|Rillaboom, L50, M|\n|poke|p1|Chi-Yu, L50|\n|poke|p1|Roaring Moon, L50|\n|poke|p2|Urshifu-*, L50, M|\n|poke|p2|Enamorus, L50, F|\n|poke|p2|Rillaboom, L50, F|\n|poke|p2|Roaring Moon, L50|\n|poke|p2|Arcanine-Hisui, L50, M|\n|poke|p2|Gholdengo, L50|\n|teampreview|4\nSwaseyVGC has agreed to open team sheets.\n|inactive|Battle timer is ON: inactive players will automatically lose when time's up. (requested by Sun mack2828)\n|\n|t:|1699744137\n|start\n|switch|p1a: Chi-Yu|Chi-Yu, L50|100\/100\n|switch|p1b: Roaring Moon|Roaring Moon, L50|100\/100\n|switch|p2a: Roaring Moon|Roaring Moon, L50|100\/100\n|switch|p2b: Rillaboom|Rillaboom, L50, F|100\/100\n|-ability|p1a: Chi-Yu|Beads of Ruin\n|-fieldstart|move: Grassy Terrain|[from] ability: Grassy Surge|[of] p2b: Rillaboom\n|-enditem|p1b: Roaring Moon|Booster Energy\n|-activate|p1b: Roaring Moon|ability: Protosynthesis|[fromitem]\n|-start|p1b: Roaring Moon|protosynthesisspe\n|-enditem|p2a: Roaring Moon|Booster Energy\n|-activate|p2a: Roaring Moon|ability: Protosynthesis|[fromitem]\n|-start|p2a: Roaring Moon|protosynthesisspe\n|turn|1\n|inactive|SwaseyVGC has 30 seconds left.\n|inactive|SwaseyVGC has 20 seconds left.\n|inactive|SwaseyVGC has 15 seconds left.\n|inactive|SwaseyVGC has 10 seconds left.\n|\n|t:|1699744185\n|-terastallize|p2b: Rillaboom|Fire\n|move|p2b: Rillaboom|Fake Out|p1b: Roaring Moon\n|-damage|p1b: Roaring Moon|82\/100\n|cant|p1b: Roaring Moon|flinch\n|move|p2a: Roaring Moon|Knock Off|p1a: Chi-Yu\n|-resisted|p1a: Chi-Yu\n|-damage|p1a: Chi-Yu|63\/100\n|-enditem|p1a: Chi-Yu|Choice Specs|[from] move: Knock Off|[of] p2a: Roaring Moon\n|move|p1a: Chi-Yu|Heat Wave|p2a: Roaring Moon|[spread] p2a\n|-miss|p1a: Chi-Yu|p2b: Rillaboom\n|-resisted|p2a: Roaring Moon\n|-damage|p2a: Roaring Moon|74\/100\n|\n|-heal|p1b: Roaring Moon|87\/100|[from] Grassy Terrain\n|-heal|p2a: Roaring Moon|80\/100|[from] Grassy Terrain\n|-heal|p1a: Chi-Yu|69\/100|[from] Grassy Terrain\n|upkeep\n|turn|2\n|inactive|Sun mack2828 has 30 seconds left.\n|\n|t:|1699744215\n|switch|p1a: Chien-Pao|Chien-Pao, L50|100\/100\n|-ability|p1a: Chien-Pao|Sword of Ruin\n|move|p1b: Roaring Moon|Tailwind|p1b: Roaring Moon\n|-sidestart|p1: Sun mack2828|move: Tailwind\n|move|p2a: Roaring Moon|Tailwind|p2a: Roaring Moon\n|-sidestart|p2: SwaseyVGC|move: Tailwind\n|move|p2b: Rillaboom|U-turn|p1a: Chien-Pao\n|-supereffective|p1a: Chien-Pao\n|-damage|p1a: Chien-Pao|27\/100\n|\n|t:|1699744226\n|switch|p2b: Arcanine|Arcanine-Hisui, L50, M|100\/100|[from] U-turn\n|-ability|p2b: Arcanine|Intimidate|boost\n|-unboost|p1a: Chien-Pao|atk|1\n|-unboost|p1b: Roaring Moon|atk|1\n|\n|-heal|p1b: Roaring Moon|93\/100|[from] Grassy Terrain\n|-heal|p2a: Roaring Moon|86\/100|[from] Grassy Terrain\n|-heal|p1a: Chien-Pao|33\/100|[from] Grassy Terrain\n|upkeep\n|turn|3\n|\n|t:|1699744242\n|move|p1b: Roaring Moon|Knock Off|p2b: Arcanine\n|-crit|p2b: Arcanine\n|-damage|p2b: Arcanine|9\/100\n|-enditem|p2b: Arcanine|Choice Band|[from] move: Knock Off|[of] p1b: Roaring Moon\n|move|p2a: Roaring Moon|Breaking Swipe|p1a: Chien-Pao|[spread] p1a,p1b\n|-supereffective|p1b: Roaring Moon\n|-damage|p1a: Chien-Pao|3\/100\n|-damage|p1b: Roaring Moon|20\/100\n|-unboost|p1a: Chien-Pao|atk|1\n|-unboost|p1b: Roaring Moon|atk|1\n|move|p1a: Chien-Pao|Sacred Sword|p2b: Arcanine\n|-supereffective|p2b: Arcanine\n|-damage|p2b: Arcanine|0 fnt\n|faint|p2b: Arcanine\n|\n|-heal|p1b: Roaring Moon|26\/100|[from] Grassy Terrain\n|-heal|p2a: Roaring Moon|92\/100|[from] Grassy Terrain\n|-heal|p1a: Chien-Pao|9\/100|[from] Grassy Terrain\n|upkeep\n|inactive|SwaseyVGC has 30 seconds left.\n|inactive|SwaseyVGC has 20 seconds left.\n|\n|t:|1699744279\n|switch|p2b: Rillaboom|Rillaboom, L50, F, tera:Fire|100\/100\n|turn|4\n|\n|t:|1699744295\n|-terastallize|p1a: Chien-Pao|Ghost\n|move|p1b: Roaring Moon|Protect|p1b: Roaring Moon\n|-singleturn|p1b: Roaring Moon|Protect\n|move|p2b: Rillaboom|Fake Out|p1a: Chien-Pao\n|-immune|p1a: Chien-Pao\n|move|p2a: Roaring Moon|Breaking Swipe|p1b: Roaring Moon|[spread] p1a\n|-activate|p1b: Roaring Moon|move: Protect\n|-crit|p1a: Chien-Pao\n|-damage|p1a: Chien-Pao|0 fnt\n|faint|p1a: Chien-Pao\n|\n|-heal|p1b: Roaring Moon|32\/100|[from] Grassy Terrain\n|-heal|p2a: Roaring Moon|98\/100|[from] Grassy Terrain\n|upkeep\n|\n|t:|1699744313\n|switch|p1a: Urshifu|Urshifu-Rapid-Strike, L50, M|100\/100\n|turn|5\n|\n|t:|1699744332\n|switch|p2b: Urshifu|Urshifu-Rapid-Strike, L50, M|100\/100\n|move|p1b: Roaring Moon|Acrobatics|p2b: Urshifu\n|-supereffective|p2b: Urshifu\n|-damage|p2b: Urshifu|70\/100\n|move|p2a: Roaring Moon|Breaking Swipe|p1b: Roaring Moon|[spread] p1a,p1b\n|-supereffective|p1b: Roaring Moon\n|-damage|p1a: Urshifu|75\/100\n|-damage|p1b: Roaring Moon|0 fnt\n|-unboost|p1a: Urshifu|atk|1\n|faint|p1b: Roaring Moon\n|-end|p1b: Roaring Moon|Protosynthesis|[silent]\n|move|p1a: Urshifu|Close Combat|p2a: Roaring Moon\n|-supereffective|p2a: Roaring Moon\n|-damage|p2a: Roaring Moon|0 fnt\n|-unboost|p1a: Urshifu|def|1\n|-unboost|p1a: Urshifu|spd|1\n|faint|p2a: Roaring Moon\n|-end|p2a: Roaring Moon|Protosynthesis|[silent]\n|\n|-heal|p1a: Urshifu|82\/100|[from] Grassy Terrain\n|-heal|p2b: Urshifu|77\/100|[from] Grassy Terrain\n|-sideend|p2: SwaseyVGC|move: Tailwind\n|-sideend|p1: Sun mack2828|move: Tailwind\n|-fieldend|move: Grassy Terrain\n|upkeep\n|\n|t:|1699744356\n|switch|p1b: Chi-Yu|Chi-Yu, L50|69\/100\n|switch|p2a: Rillaboom|Rillaboom, L50, F, tera:Fire|100\/100\n|-ability|p1b: Chi-Yu|Beads of Ruin\n|-fieldstart|move: Grassy Terrain|[from] ability: Grassy Surge|[of] p2a: Rillaboom\n|turn|6\n|inactive|Sun mack2828 has 30 seconds left.\n|inactive|SwaseyVGC has 30 seconds left.\n|inactive|SwaseyVGC has 20 seconds left.\n|\n|t:|1699744394\n|move|p2a: Rillaboom|Fake Out|p1a: Urshifu\n|-damage|p1a: Urshifu|59\/100\n|cant|p1a: Urshifu|flinch\n|move|p1b: Chi-Yu|Snarl|p2b: Urshifu|[spread] p2a,p2b\n|-resisted|p2b: Urshifu\n|-damage|p2a: Rillaboom|79\/100\n|-damage|p2b: Urshifu|57\/100\n|-unboost|p2a: Rillaboom|spa|1\n|-unboost|p2b: Urshifu|spa|1\n|move|p2b: Urshifu|Close Combat|p1a: Urshifu\n|-damage|p1a: Urshifu|0 fnt\n|-unboost|p2b: Urshifu|def|1\n|-unboost|p2b: Urshifu|spd|1\n|faint|p1a: Urshifu\n|\n|-heal|p1b: Chi-Yu|75\/100|[from] Grassy Terrain\n|-heal|p2b: Urshifu|64\/100|[from] Grassy Terrain\n|-heal|p2a: Rillaboom|85\/100|[from] Grassy Terrain\n|upkeep\n|turn|7\n|inactive|Sun mack2828 has 30 seconds left.\n|inactive|Sun mack2828 has 20 seconds left.\n|inactive|Sun mack2828 has 15 seconds left.\n|inactive|Sun mack2828 has 10 seconds left.\n|inactive|Sun mack2828 has 5 seconds left.\n|\n|t:|1699744445\n|move|p2b: Urshifu|Aqua Jet|p1b: Chi-Yu\n|-supereffective|p1b: Chi-Yu\n|-damage|p1b: Chi-Yu|0 fnt\n|faint|p1b: Chi-Yu\n|\n|win|SwaseyVGC\n|raw|Sun mack2828's rating: 1294 &rarr; <strong>1269<\/strong><br \/>(-25 for losing)\n|raw|SwaseyVGC's rating: 1288 &rarr; <strong>1313<\/strong><br \/>(+25 for winning)\n|l|\u2606Sun mack2828\n","uploadtime":1699744461,"views":14,"p1id":"sunmack2828","p2id":"swaseyvgc","formatid":"gen9vgc2023regulatione","rating":1269,"private":0,"password":""}