{"id":"gen9vgc2023regulatione-1995302007","p1":"haamgamer07","p2":"Sugatoad","format":"[Gen 9] VGC 2023 Regulation E","log":"|j|\u2606haamgamer07\n|j|\u2606Sugatoad\n|t:|1700549872\n|gametype|doubles\n|player|p1|haamgamer07|1|1116\n|player|p2|Sugatoad|pokemaniac|1056\n|teamsize|p1|6\n|teamsize|p2|6\n|gen|9\n|tier|[Gen 9] VGC 2023 Regulation E\n|rated|\n|rule|Species Clause: Limit one of each Pok\u00e9mon\n|rule|Item Clause: Limit one of each item\n|clearpoke\n|poke|p1|Flutter Mane, L50|\n|poke|p1|Iron Hands, L50|\n|poke|p1|Ogerpon-Hearthflame, L50, F|\n|poke|p1|Cresselia, L50, F|\n|poke|p1|Ursaluna, L50, M|\n|poke|p1|Empoleon, L50, F|\n|poke|p2|Gallade, L50, M|\n|poke|p2|Heracross, L50, M|\n|poke|p2|Iron Valiant, L50|\n|poke|p2|Scyther, L50, M|\n|poke|p2|Ogerpon, L50, F|\n|poke|p2|Dragonite, L50, F|\n|teampreview|4\n|inactive|Battle timer is ON: inactive players will automatically lose when time's up. (requested by haamgamer07)\n|inactive|haamgamer07 has 60 seconds left.\n|\n|t:|1700549956\n|start\n|switch|p1a: Flutter Mane|Flutter Mane, L50|100\/100\n|switch|p1b: Cresselia|Cresselia, L50, F|100\/100\n|switch|p2a: Scyther|Scyther, L50, M|100\/100\n|switch|p2b: Iron Valiant|Iron Valiant, L50|100\/100\n|-enditem|p2b: Iron Valiant|Booster Energy\n|-activate|p2b: Iron Valiant|ability: Quark Drive|[fromitem]\n|-start|p2b: Iron Valiant|quarkdrivespe\n|turn|1\n|inactive|Sugatoad has 30 seconds left.\n|\n|t:|1700549982\n|move|p2b: Iron Valiant|Icy Wind|p1a: Flutter Mane|[spread] p1a\n|-miss|p2b: Iron Valiant|p1b: Cresselia\n|-damage|p1a: Flutter Mane|88\/100\n|-unboost|p1a: Flutter Mane|spe|1\n|move|p2a: Scyther|Dual Wingbeat|p1a: Flutter Mane\n|-damage|p1a: Flutter Mane|1\/100\n|-damage|p1a: Flutter Mane|0 fnt\n|faint|p1a: Flutter Mane\n|-end|p1a: Flutter Mane|Protosynthesis|[silent]\n|-hitcount|p1: Flutter Mane|2\n|-damage|p2a: Scyther|91\/100|[from] item: Life Orb\n|move|p1b: Cresselia|Trick Room|p1b: Cresselia\n|-fieldstart|move: Trick Room|[of] p1b: Cresselia\n|\n|upkeep\n|\n|t:|1700549995\n|switch|p1a: Empoleon|Empoleon, L50, F|100\/100\n|turn|2\n|inactive|Sugatoad has 30 seconds left.\n|inactive|Sugatoad has 20 seconds left.\n|inactive|Sugatoad has 15 seconds left.\n|inactive|Sugatoad has 10 seconds left.\n|inactive|Sugatoad has 5 seconds left.\n|\n|t:|1700550050\n|-terastallize|p1a: Empoleon|Flying\n|move|p1b: Cresselia|Scary Face|p1a: Empoleon\n|-unboost|p1a: Empoleon|spe|2\n|move|p1a: Empoleon|Flash Cannon|p2b: Iron Valiant\n|-supereffective|p2b: Iron Valiant\n|-damage|p2b: Iron Valiant|0 fnt\n|faint|p2b: Iron Valiant\n|-end|p2b: Iron Valiant|Quark Drive|[silent]\n|move|p2a: Scyther|U-turn|p1b: Cresselia\n|-supereffective|p1b: Cresselia\n|-damage|p1b: Cresselia|45\/100\n|-damage|p2a: Scyther|81\/100|[from] item: Life Orb\n|\n|t:|1700550072\n|switch|p2a: Ogerpon|Ogerpon, L50, F|100\/100|[from] U-turn\n|\n|upkeep\n|\n|t:|1700550077\n|switch|p2b: Dragonite|Dragonite, L50, F|100\/100\n|turn|3\n|inactive|Sugatoad has 30 seconds left.\n|inactive|Sugatoad has 20 seconds left.\n|inactive|Sugatoad has 15 seconds left.\n|\n|t:|1700550121\n|-terastallize|p2b: Dragonite|Electric\n|move|p1a: Empoleon|Ice Beam|p2b: Dragonite\n|-damage|p2b: Dragonite|87\/100\n|move|p2a: Ogerpon|U-turn|p1b: Cresselia\n|-supereffective|p1b: Cresselia\n|-damage|p1b: Cresselia|14\/100\n|\n|t:|1700550132\n|switch|p2a: Scyther|Scyther, L50, M|81\/100|[from] U-turn\n|move|p1b: Cresselia|Lunar Blessing|p1b: Cresselia|[spread] p1a,p1b\n|-heal|p1b: Cresselia|39\/100\n|move|p2b: Dragonite|Thunder|p1a: Empoleon\n|-supereffective|p1a: Empoleon\n|-damage|p1a: Empoleon|4\/100\n|-status|p1a: Empoleon|par\n|\n|upkeep\n|turn|4\n|inactive|haamgamer07 has 30 seconds left.\n|inactive|Sugatoad has 30 seconds left.\n|inactive|haamgamer07 has 20 seconds left.\n|inactive|Sugatoad has 20 seconds left.\n|inactive|Sugatoad has 15 seconds left.\n|\n|t:|1700550172\n|move|p1a: Empoleon|Ice Beam|p2a: Scyther\n|-supereffective|p2a: Scyther\n|-damage|p2a: Scyther|0 fnt\n|faint|p2a: Scyther\n|move|p1b: Cresselia|Lunar Blessing|p1b: Cresselia|[spread] p1a,p1b\n|-heal|p1a: Empoleon|29\/100 par\n|-curestatus|p1a: Empoleon|par|[msg]\n|-heal|p1b: Cresselia|64\/100\n|move|p2b: Dragonite|Thunder|p1a: Empoleon\n|-supereffective|p1a: Empoleon\n|-damage|p1a: Empoleon|0 fnt\n|faint|p1a: Empoleon\n|\n|upkeep\n|\n|t:|1700550186\n|switch|p1a: Ursaluna|Ursaluna, L50, M|100\/100\n|switch|p2a: Ogerpon|Ogerpon, L50, F|100\/100\n|turn|5\n|inactive|haamgamer07 has 30 seconds left.\n|\n|t:|1700550218\n|move|p1a: Ursaluna|Earthquake|p2b: Dragonite|[spread] p2a,p2b\n|-immune|p1b: Cresselia|[from] ability: Levitate\n|-resisted|p2a: Ogerpon\n|-supereffective|p2b: Dragonite\n|-damage|p2a: Ogerpon|73\/100\n|-damage|p2b: Dragonite|0 fnt\n|faint|p2b: Dragonite\n|move|p2a: Ogerpon|Wood Hammer|p1a: Ursaluna\n|-supereffective|p1a: Ursaluna\n|-damage|p1a: Ursaluna|0 fnt\n|faint|p1a: Ursaluna\n|-damage|p2a: Ogerpon|34\/100|[from] Recoil\n|move|p1b: Cresselia|Lunar Blessing|p1b: Cresselia\n|-heal|p1b: Cresselia|89\/100\n|\n|-fieldend|move: Trick Room\n|upkeep\n|turn|6\n|\n|t:|1700550238\n|move|p1b: Cresselia|Psychic|p2a: Ogerpon\n|-damage|p2a: Ogerpon|6\/100\n|move|p2a: Ogerpon|Fling|p1b: Cresselia\n|-supereffective|p1b: Cresselia\n|-damage|p1b: Cresselia|35\/100\n|-enditem|p2a: Ogerpon|Iron Ball|[from] move: Fling\n|\n|upkeep\n|turn|7\n|\n|t:|1700550246\n|move|p2a: Ogerpon|U-turn|p1b: Cresselia\n|-supereffective|p1b: Cresselia\n|-damage|p1b: Cresselia|8\/100\n|move|p1b: Cresselia|Psychic|p2a: Ogerpon\n|-damage|p2a: Ogerpon|0 fnt\n|faint|p2a: Ogerpon\n|\n|win|haamgamer07\n|raw|haamgamer07's rating: 1116 &rarr; <strong>1137<\/strong><br \/>(+21 for winning)\n|raw|Sugatoad's rating: 1056 &rarr; <strong>1041<\/strong><br \/>(-15 for losing)\n","uploadtime":1700550255,"views":6,"p1id":"haamgamer07","p2id":"sugatoad","formatid":"gen9vgc2023regulatione","rating":1041,"private":0,"password":""}