{"id":"gen9vgc2023regulatione-1993971638","p1":"Tilzy","p2":"hsenb\u59da\u67d0","format":"[Gen 9] VGC 2023 Regulation E","log":"|j|\u2606Tilzy\n|j|\u2606hsenb\u59da\u67d0\n|t:|1700385644\n|gametype|doubles\n|player|p1|Tilzy|2|1613\n|player|p2|hsenb\u59da\u67d0|may-contest|1521\n|teamsize|p1|6\n|teamsize|p2|6\n|gen|9\n|tier|[Gen 9] VGC 2023 Regulation E\n|rated|\n|rule|Species Clause: Limit one of each Pok\u00e9mon\n|rule|Item Clause: Limit one of each item\n|clearpoke\n|poke|p1|Regidrago, L50|\n|poke|p1|Tornadus, L50, M|\n|poke|p1|Urshifu-*, L50, M|\n|poke|p1|Rillaboom, L50, F|\n|poke|p1|Gholdengo, L50|\n|poke|p1|Ogerpon-Hearthflame, L50, F|\n|poke|p2|Tornadus, L50, M|\n|poke|p2|Chi-Yu, L50|\n|poke|p2|Brambleghast, L50, M|\n|poke|p2|Gholdengo, L50|\n|poke|p2|Urshifu-*, L50, F|\n|poke|p2|Flutter Mane, L50|\n|teampreview|4\nTilzy has agreed to open team sheets.\n|inactive|Battle timer is ON: inactive players will automatically lose when time's up. (requested by hsenb\u59da\u67d0)\n|\n|t:|1700385728\n|start\n|switch|p1a: Tornadus|Tornadus, L50, M, shiny|100\/100\n|switch|p1b: Urshifu|Urshifu-Rapid-Strike, L50, M|100\/100\n|switch|p2a: \u987a|Tornadus, L50, M|100\/100\n|switch|p2b: \u59d0|Flutter Mane, L50|100\/100\n|-enditem|p2b: \u59d0|Booster Energy\n|-activate|p2b: \u59d0|ability: Protosynthesis|[fromitem]\n|-start|p2b: \u59d0|protosynthesisspa\n|turn|1\n|\n|t:|1700385752\n|-terastallize|p1b: Urshifu|Water\n|move|p1a: Tornadus|Tailwind|p1a: Tornadus\n|-sidestart|p1: Tilzy|move: Tailwind\n|move|p2a: \u987a|Tailwind|p2a: \u987a\n|-sidestart|p2: hsenb\u59da\u67d0|move: Tailwind\n|move|p1b: Urshifu|Surging Strikes|p2b: \u59d0\n|-crit|p2b: \u59d0\n|-damage|p2b: \u59d0|49\/100\n|-crit|p2b: \u59d0\n|-damage|p2b: \u59d0|1\/100\n|-crit|p2b: \u59d0\n|-damage|p2b: \u59d0|0 fnt\n|faint|p2b: \u59d0\n|-end|p2b: \u59d0|Protosynthesis|[silent]\n|-hitcount|p2: \u59d0|3\n|\n|upkeep\n|\n|t:|1700385762\n|switch|p2b: \u8349|Brambleghast, L50, M|100\/100\n|-ability|p2b: \u8349|Wind Rider|boost\n|-boost|p2b: \u8349|atk|1\n|turn|2\n|inactive|Tilzy has 30 seconds left.\n|inactive|Tilzy has 20 seconds left.\n|inactive|Tilzy has 15 seconds left.\n|inactive|Tilzy has 10 seconds left.\n|j| ZaEric\n|inactive|Tilzy has 5 seconds left.\n|\n|t:|1700385813\n|move|p1b: Urshifu|Surging Strikes|p2a: \u987a\n|-crit|p2a: \u987a\n|-damage|p2a: \u987a|64\/100\n|-crit|p2a: \u987a\n|-damage|p2a: \u987a|29\/100\n|-crit|p2a: \u987a\n|-damage|p2a: \u987a|0 fnt\n|faint|p2a: \u987a\n|-hitcount|p2: \u987a|3\n|move|p1a: Tornadus|Bleakwind Storm|p2b: \u8349\n|-ability|p2b: \u8349|Wind Rider|boost\n|-boost|p2b: \u8349|atk|1\n|move|p2b: \u8349|Power Whip|p1b: Urshifu|[miss]\n|-miss|p2b: \u8349|p1b: Urshifu\n|\n|upkeep\n|\n|t:|1700385829\n|switch|p2a: \u7389\u7389|Chi-Yu, L50|100\/100\n|-ability|p2a: \u7389\u7389|Beads of Ruin\n|turn|3\n|j| takuchyan\n|inactive|Tilzy has 30 seconds left.\n|c|\u2606hsenb\u59da\u67d0|\u4f60\u522b\u7a7a\u554a\n|inactive|Tilzy has 20 seconds left.\n|\n|t:|1700385867\n|move|p1a: Tornadus|Protect|p1a: Tornadus\n|-singleturn|p1a: Tornadus|Protect\n|move|p1b: Urshifu|Surging Strikes|p2a: \u7389\u7389\n|-supereffective|p2a: \u7389\u7389\n|-crit|p2a: \u7389\u7389\n|-damage|p2a: \u7389\u7389|0 fnt\n|faint|p2a: \u7389\u7389\n|-hitcount|p2: \u7389\u7389|1\n|move|p2b: \u8349|Power Whip|p1b: Urshifu\n|-supereffective|p1b: Urshifu\n|-damage|p1b: Urshifu|0 fnt\n|faint|p1b: Urshifu\n|\n|upkeep\n|\n|t:|1700385881\n|switch|p1b: Ogerpon|Ogerpon-Hearthflame, L50, F|100\/100\n|-ability|p1b: Ogerpon|Mold Breaker\n|turn|4\n|\n|t:|1700385894\n|switch|p1a: Rillaboom|Rillaboom, L50, F, shiny|100\/100\n|-fieldstart|move: Grassy Terrain|[from] ability: Grassy Surge|[of] p1a: Rillaboom\n|-terastallize|p2b: \u8349|Fire\n|move|p2b: \u8349|Poltergeist|p1b: Ogerpon\n|-activate|p1b: Ogerpon|move: Poltergeist|Hearthflame Mask\n|-damage|p1b: Ogerpon|0 fnt\n|faint|p1b: Ogerpon\n|\n|-sideend|p2: hsenb\u59da\u67d0|move: Tailwind\n|-sideend|p1: Tilzy|move: Tailwind\n|upkeep\n|\n|t:|1700385912\n|switch|p1b: Tornadus|Tornadus, L50, M, shiny|100\/100\n|turn|5\n|\n|t:|1700385919\n|move|p1b: Tornadus|Protect|p1b: Tornadus\n|-singleturn|p1b: Tornadus|Protect\n|move|p2b: \u8349|Tera Blast|p1a: Rillaboom|[anim] Tera Blast Fire\n|-supereffective|p1a: Rillaboom\n|-damage|p1a: Rillaboom|0 fnt\n|faint|p1a: Rillaboom\n|\n|upkeep\n|turn|6\n|c|\u2606Tilzy|CTS cheese\n|inactive|Tilzy has 30 seconds left.\n|\n|t:|1700385946\n|move|p1b: Tornadus|Icy Wind|p2b: \u8349\n|-ability|p2b: \u8349|Wind Rider|boost\n|-boost|p2b: \u8349|atk|1\n|move|p2b: \u8349|Poltergeist|p1b: Tornadus\n|-activate|p1b: Tornadus|move: Poltergeist|Focus Sash\n|-enditem|p1b: Tornadus|Focus Sash\n|-damage|p1b: Tornadus|1\/100\n|\n|upkeep\n|turn|7\n|\n|t:|1700385955\n|move|p2b: \u8349|Shadow Sneak|p1b: Tornadus\n|-damage|p1b: Tornadus|0 fnt\n|faint|p1b: Tornadus\n|\n|win|hsenb\u59da\u67d0\n|raw|Tilzy's rating: 1613 &rarr; <strong>1588<\/strong><br \/>(-25 for losing)\n|raw|hsenb\u59da\u67d0's rating: 1521 &rarr; <strong>1546<\/strong><br \/>(+25 for winning)\n","uploadtime":1700385963,"views":8,"p1id":"tilzy","p2id":"hsenb","formatid":"gen9vgc2023regulatione","rating":1546,"private":0,"password":""}