{"id":"gen9vgc2023regulatione-1995636225","p1":"Nodefogsgiven2","p2":"pr1ncip3","format":"[Gen 9] VGC 2023 Regulation E","log":"|j|\u2606Nodefogsgiven2\n|j|\u2606pr1ncip3\n|t:|1700589548\n|gametype|doubles\n|player|p1|Nodefogsgiven2|169|1082\n|player|p2|pr1ncip3|169|1148\n|teamsize|p1|6\n|teamsize|p2|6\n|gen|9\n|tier|[Gen 9] VGC 2023 Regulation E\n|rated|\n|rule|Species Clause: Limit one of each Pok\u00e9mon\n|rule|Item Clause: Limit one of each item\n|clearpoke\n|poke|p1|Toedscruel, L50, F|\n|poke|p1|Sableye, L50, M|\n|poke|p1|Landorus-Therian, L50, M|\n|poke|p1|Tornadus, L50, M|\n|poke|p1|Indeedee-F, L50, F|\n|poke|p1|Chi-Yu, L50|\n|poke|p2|Dondozo, L50, M|\n|poke|p2|Tatsugiri, L50, M|\n|poke|p2|Rillaboom, L50, M|\n|poke|p2|Chi-Yu, L50|\n|poke|p2|Flutter Mane, L50|\n|poke|p2|Glimmora, L50, M|\n|teampreview|4\n|inactive|Battle timer is ON: inactive players will automatically lose when time's up. (requested by Nodefogsgiven2)\n|\n|t:|1700589571\n|start\n|switch|p1a: Toedscruel|Toedscruel, L50, F|100\/100\n|switch|p1b: Sableye|Sableye, L50, M|100\/100\n|switch|p2a: Rillaboom|Rillaboom, L50, M|100\/100\n|switch|p2b: Glimmora|Glimmora, L50, M|100\/100\n|-fieldstart|move: Grassy Terrain|[from] ability: Grassy Surge|[of] p2a: Rillaboom\n|turn|1\n|\n|t:|1700589594\n|move|p1b: Sableye|Skill Swap|p1a: Toedscruel\n|-activate|p1b: Sableye|move: Skill Swap|||[of] p1a: Toedscruel\n|move|p1a: Toedscruel|Spore|p2b: Glimmora\n|-status|p2b: Glimmora|slp|[from] move: Spore\n|cant|p2b: Glimmora|slp\n|move|p2a: Rillaboom|Wood Hammer|p1b: Sableye\n|-damage|p1b: Sableye|0 fnt\n|faint|p1b: Sableye\n|-damage|p2a: Rillaboom|75\/100|[from] Recoil\n|\n|-heal|p2a: Rillaboom|81\/100|[from] Grassy Terrain\n|upkeep\n|\n|t:|1700589605\n|switch|p1b: Landorus|Landorus-Therian, L50, M|100\/100\n|-ability|p1b: Landorus|Intimidate|boost\n|-unboost|p2a: Rillaboom|atk|1\n|-unboost|p2b: Glimmora|atk|1\n|turn|2\n|\n|t:|1700589615\n|-terastallize|p1a: Toedscruel|Flying\n|move|p1a: Toedscruel|Tera Blast|p2a: Rillaboom|[anim] Tera Blast Flying\n|-supereffective|p2a: Rillaboom\n|-damage|p2a: Rillaboom|15\/100\n|move|p1b: Landorus|Stomping Tantrum|p2b: Glimmora\n|-supereffective|p2b: Glimmora\n|-enditem|p2b: Glimmora|Focus Sash\n|-damage|p2b: Glimmora|1\/100 slp\n|-activate|p2b: Glimmora|ability: Toxic Debris\n|-sidestart|p1: Nodefogsgiven2|move: Toxic Spikes\n|cant|p2b: Glimmora|slp\n|move|p2b: Glimmora|Sleep Talk|p2b: Glimmora\n|move|p2b: Glimmora|Power Gem|p1b: Landorus|[from]move: Sleep Talk\n|-damage|p1b: Landorus|42\/100\n|move|p2a: Rillaboom|U-turn|p1b: Landorus\n|-resisted|p1b: Landorus\n|-damage|p1b: Landorus|32\/100\n|\n|t:|1700589634\n|switch|p2a: Flutter Mane|Flutter Mane, L50|100\/100|[from] U-turn\n|-enditem|p2a: Flutter Mane|Booster Energy\n|-activate|p2a: Flutter Mane|ability: Protosynthesis|[fromitem]\n|-start|p2a: Flutter Mane|protosynthesisspa\n|\n|-heal|p2b: Glimmora|7\/100 slp|[from] Grassy Terrain\n|upkeep\n|turn|3\n|\n|t:|1700589650\n|move|p1a: Toedscruel|Spore|p2a: Flutter Mane\n|-status|p2a: Flutter Mane|slp|[from] move: Spore\n|cant|p2a: Flutter Mane|slp\n|move|p1b: Landorus|Rock Slide|p2b: Glimmora|[spread] p2a,p2b\n|-damage|p2a: Flutter Mane|53\/100 slp\n|-damage|p2b: Glimmora|0 fnt\n|-activate|p2b: Glimmora|ability: Toxic Debris\n|-sidestart|p1: Nodefogsgiven2|move: Toxic Spikes\n|faint|p2b: Glimmora\n|\n|-heal|p2a: Flutter Mane|59\/100 slp|[from] Grassy Terrain\n|upkeep\n|\n|t:|1700589658\n|switch|p2b: Rillaboom|Rillaboom, L50, M|15\/100\n|turn|4\n|\n|t:|1700589665\n|move|p2b: Rillaboom|Fake Out|p1a: Toedscruel\n|-damage|p1a: Toedscruel|77\/100\n|cant|p2a: Flutter Mane|slp\n|move|p1a: Toedscruel|Tera Blast|p2b: Rillaboom|[anim] Tera Blast Flying\n|-supereffective|p2b: Rillaboom\n|-damage|p2b: Rillaboom|0 fnt\n|faint|p2b: Rillaboom\n|move|p1b: Landorus|Stomping Tantrum|p2a: Flutter Mane\n|-damage|p2a: Flutter Mane|0 fnt\n|faint|p2a: Flutter Mane\n|-end|p2a: Flutter Mane|Protosynthesis|[silent]\n|\n|upkeep\n|\n|t:|1700589676\n|switch|p2b: Chi-Yu|Chi-Yu, L50|100\/100\n|-ability|p2b: Chi-Yu|Beads of Ruin\n|turn|5\n|\n|t:|1700589683\n|-terastallize|p2b: Chi-Yu|Ghost\n|move|p1a: Toedscruel|Spore|p2b: Chi-Yu\n|-status|p2b: Chi-Yu|slp|[from] move: Spore\n|cant|p2b: Chi-Yu|slp\n|move|p1b: Landorus|Stomping Tantrum|p2b: Chi-Yu\n|-damage|p2b: Chi-Yu|32\/100 slp\n|\n|-heal|p2b: Chi-Yu|38\/100 slp|[from] Grassy Terrain\n|-fieldend|move: Grassy Terrain\n|upkeep\n|turn|6\n|\n|t:|1700589695\n|move|p1a: Toedscruel|Earth Power|p2b: Chi-Yu\n|-damage|p2b: Chi-Yu|0 fnt\n|faint|p2b: Chi-Yu\n|\n|win|Nodefogsgiven2\n|raw|Nodefogsgiven2's rating: 1082 &rarr; <strong>1115<\/strong><br \/>(+33 for winning)\n|raw|pr1ncip3's rating: 1148 &rarr; <strong>1118<\/strong><br \/>(-30 for losing)\n|l|\u2606pr1ncip3\n","uploadtime":1700589720,"views":5,"p1id":"nodefogsgiven2","p2id":"pr1ncip3","formatid":"gen9vgc2023regulatione","rating":1115,"private":0,"password":""}