{"id":"gen9vgc2023regulatione-1996871707","p1":"NikaVII","p2":"PYROARLOVER56","format":"[Gen 9] VGC 2023 Regulation E","log":"|j|\u2606NikaVII\n|j|\u2606PYROARLOVER56\n|t:|1700738336\n|gametype|doubles\n|player|p1|NikaVII|2|1072\n|player|p2|PYROARLOVER56|170|1000\n|teamsize|p1|6\n|teamsize|p2|6\n|gen|9\n|tier|[Gen 9] VGC 2023 Regulation E\n|rated|\n|rule|Species Clause: Limit one of each Pok\u00e9mon\n|rule|Item Clause: Limit one of each item\n|clearpoke\n|poke|p1|Urshifu-*, L50, F|\n|poke|p1|Arcanine, L50, F|\n|poke|p1|Gholdengo, L50|\n|poke|p1|Zapdos, L50|\n|poke|p1|Clefairy, L50, M|\n|poke|p1|Baxcalibur, L50, M|\n|poke|p2|Snorlax, L50, F|\n|poke|p2|Sinistcha, L50|\n|poke|p2|Landorus-Therian, L50, M|\n|poke|p2|Iron Hands, L50|\n|poke|p2|Clefairy, L50, M|\n|poke|p2|Kommo-o, L50, F|\n|teampreview|4\nNikaVII has agreed to open team sheets.\n|\n|t:|1700738392\n|start\n|switch|p1a: Zapdos|Zapdos, L50|100\/100\n|switch|p1b: Gholdengo|Gholdengo, L50|100\/100\n|switch|p2a: Snorlax|Snorlax, L50, F|100\/100\n|switch|p2b: Landorus|Landorus-Therian, L50, M|100\/100\n|-ability|p2b: Landorus|Intimidate|boost\n|-unboost|p1a: Zapdos|atk|1\n|-unboost|p1b: Gholdengo|atk|1\n|turn|1\n|inactive|Battle timer is ON: inactive players will automatically lose when time's up. (requested by NikaVII)\n|\n|t:|1700738448\n|move|p2a: Snorlax|Protect|p2a: Snorlax\n|-singleturn|p2a: Snorlax|Protect\n|move|p2b: Landorus|Rock Slide|p1a: Zapdos|[spread] p1a,p1b\n|-supereffective|p1a: Zapdos\n|-resisted|p1b: Gholdengo\n|-damage|p1a: Zapdos|46\/100\n|-damage|p1b: Gholdengo|89\/100\n|cant|p1a: Zapdos|flinch\n|cant|p1b: Gholdengo|flinch\n|\n|upkeep\n|turn|2\n|inactive|NikaVII has 30 seconds left.\n|inactive|NikaVII has 20 seconds left.\n|inactive|NikaVII has 15 seconds left.\n|\n|t:|1700738488\n|move|p2b: Landorus|Rock Slide|p1b: Gholdengo|[spread] p1a,p1b\n|-supereffective|p1a: Zapdos\n|-resisted|p1b: Gholdengo\n|-damage|p1a: Zapdos|0 fnt\n|-damage|p1b: Gholdengo|76\/100\n|faint|p1a: Zapdos\n|cant|p1b: Gholdengo|flinch\n|move|p2a: Snorlax|Belly Drum|p2a: Snorlax\n|-damage|p2a: Snorlax|50\/100\n|-setboost|p2a: Snorlax|atk|6|[from] move: Belly Drum\n|-enditem|p2a: Snorlax|Sitrus Berry|[eat]\n|-heal|p2a: Snorlax|75\/100|[from] item: Sitrus Berry\n|\n|upkeep\n|\n|t:|1700738503\n|switch|p1a: Baxcalibur|Baxcalibur, L50, M|100\/100\n|turn|3\n|\n|t:|1700738513\n|switch|p1b: Clefairy|Clefairy, L50, M|100\/100\n|move|p2a: Snorlax|Protect|p2a: Snorlax\n|-singleturn|p2a: Snorlax|Protect\n|move|p2b: Landorus|Rock Slide|p1a: Baxcalibur|[spread] p1a,p1b\n|-supereffective|p1a: Baxcalibur\n|-damage|p1a: Baxcalibur|70\/100\n|-damage|p1b: Clefairy|73\/100\n|move|p1a: Baxcalibur|Dragon Dance|p1a: Baxcalibur\n|-boost|p1a: Baxcalibur|atk|1\n|-boost|p1a: Baxcalibur|spe|1\n|\n|-heal|p1a: Baxcalibur|76\/100|[from] item: Leftovers\n|upkeep\n|turn|4\n|\n|t:|1700738535\n|switch|p2b: Clefairy|Clefairy, L50, M|100\/100\n|move|p1a: Baxcalibur|Dragon Dance|p1a: Baxcalibur\n|-boost|p1a: Baxcalibur|atk|1\n|-boost|p1a: Baxcalibur|spe|1\n|move|p1b: Clefairy|Heal Pulse|p1a: Baxcalibur\n|-heal|p1a: Baxcalibur|100\/100\n|move|p2a: Snorlax|Facade|p1a: Baxcalibur\n|-damage|p1a: Baxcalibur|5\/100\n|\n|-heal|p1a: Baxcalibur|11\/100|[from] item: Leftovers\n|upkeep\n|turn|5\n|inactive|NikaVII has 30 seconds left.\n|inactive|PYROARLOVER56 has 30 seconds left.\n|inactive|PYROARLOVER56 has 20 seconds left.\n|\n|t:|1700738571\n|-terastallize|p1a: Baxcalibur|Steel\n|move|p2b: Clefairy|Follow Me|p2b: Clefairy\n|-singleturn|p2b: Clefairy|move: Follow Me\n|move|p1a: Baxcalibur|Iron Head|p2b: Clefairy\n|-supereffective|p2b: Clefairy\n|-damage|p2b: Clefairy|0 fnt\n|faint|p2b: Clefairy\n|move|p1b: Clefairy|Heal Pulse|p1a: Baxcalibur\n|-heal|p1a: Baxcalibur|61\/100\n|move|p2a: Snorlax|Facade|p1a: Baxcalibur\n|-resisted|p1a: Baxcalibur\n|-damage|p1a: Baxcalibur|15\/100\n|\n|-heal|p1a: Baxcalibur|21\/100|[from] item: Leftovers\n|upkeep\n|\n|t:|1700738587\n|switch|p2b: Landorus|Landorus-Therian, L50, M|100\/100\n|-ability|p2b: Landorus|Intimidate|boost\n|-unboost|p1a: Baxcalibur|atk|1\n|-unboost|p1b: Clefairy|atk|1\n|turn|6\n|inactive|PYROARLOVER56 has 30 seconds left.\n|inactive|NikaVII has 30 seconds left.\n|\n|t:|1700738620\n|-terastallize|p2a: Snorlax|Water\n|move|p1a: Baxcalibur|Icicle Spear|p2b: Landorus\n|-supereffective|p2b: Landorus\n|-damage|p2b: Landorus|0 fnt\n|faint|p2b: Landorus\n|-hitcount|p2: Landorus|1\n|move|p1b: Clefairy|Heal Pulse|p1a: Baxcalibur\n|-heal|p1a: Baxcalibur|71\/100\n|move|p2a: Snorlax|High Horsepower|p1a: Baxcalibur\n|-supereffective|p1a: Baxcalibur\n|-crit|p1a: Baxcalibur\n|-damage|p1a: Baxcalibur|0 fnt\n|faint|p1a: Baxcalibur\n|\n|upkeep\n|\n|t:|1700738632\n|switch|p2b: Kommo-o|Kommo-o, L50, F|100\/100\n|switch|p1a: Gholdengo|Gholdengo, L50|76\/100\n|turn|7\n|inactive|NikaVII has 30 seconds left.\n|\n|t:|1700738662\n|move|p2a: Snorlax|Protect|p2a: Snorlax\n|-singleturn|p2a: Snorlax|Protect\n|move|p1b: Clefairy|Follow Me|p1b: Clefairy\n|-singleturn|p1b: Clefairy|move: Follow Me\n|move|p1a: Gholdengo|Shadow Ball|p2a: Snorlax\n|-activate|p2a: Snorlax|move: Protect\n|move|p2b: Kommo-o|Flash Cannon|p1b: Clefairy\n|-supereffective|p1b: Clefairy\n|-damage|p1b: Clefairy|38\/100\n|-unboost|p1b: Clefairy|spd|1\n|\n|upkeep\n|turn|8\n|\n|t:|1700738687\n|move|p1b: Clefairy|Follow Me|p1b: Clefairy\n|-singleturn|p1b: Clefairy|move: Follow Me\n|move|p1a: Gholdengo|Shadow Ball|p2a: Snorlax\n|-damage|p2a: Snorlax|42\/100\n|-damage|p1a: Gholdengo|67\/100|[from] item: Life Orb\n|move|p2b: Kommo-o|Clangorous Soul|p2b: Kommo-o\n|-boost|p2b: Kommo-o|atk|1\n|-boost|p2b: Kommo-o|def|1\n|-boost|p2b: Kommo-o|spa|1\n|-boost|p2b: Kommo-o|spd|1\n|-boost|p2b: Kommo-o|spe|1\n|-damage|p2b: Kommo-o|68\/100\n|-enditem|p2b: Kommo-o|Throat Spray\n|-boost|p2b: Kommo-o|spa|1|[from] item: Throat Spray\n|move|p2a: Snorlax|High Horsepower|p1b: Clefairy\n|-crit|p1b: Clefairy\n|-damage|p1b: Clefairy|0 fnt\n|faint|p1b: Clefairy\n|\n|upkeep\n|turn|9\n|inactive|PYROARLOVER56 has 30 seconds left.\n|\n|t:|1700738715\n|move|p2b: Kommo-o|Clanging Scales|p1a: Gholdengo\n|-resisted|p1a: Gholdengo\n|-damage|p1a: Gholdengo|10\/100\n|-unboost|p2b: Kommo-o|def|1\n|move|p1a: Gholdengo|Dazzling Gleam|p2a: Snorlax|[spread] p2a,p2b\n|-crit|p2a: Snorlax\n|-supereffective|p2b: Kommo-o\n|-damage|p2a: Snorlax|14\/100\n|-damage|p2b: Kommo-o|0 fnt\n|faint|p2b: Kommo-o\n|-damage|p1a: Gholdengo|0 fnt|[from] item: Life Orb\n|faint|p1a: Gholdengo\n|\n|win|PYROARLOVER56\n|raw|NikaVII's rating: 1072 &rarr; <strong>1047<\/strong><br \/>(-25 for losing)\n|raw|PYROARLOVER56's rating: 1000 &rarr; <strong>1048<\/strong><br \/>(+48 for winning)\n|l|\u2606NikaVII\n","uploadtime":1700738802,"views":4,"p1id":"nikavii","p2id":"pyroarlover56","formatid":"gen9vgc2023regulatione","rating":1047,"private":0,"password":""}