{"id":"gen9vgc2023regulatione-2000025049","p1":"u lost da game","p2":"TeraDedenee","format":"[Gen 9] VGC 2023 Regulation E","log":"|j|\u2606u lost da game\n|j|\u2606TeraDedenee\n|t:|1701142678\n|gametype|doubles\n|player|p1|u lost da game|265|1195\n|player|p2|TeraDedenee|266|1231\n|teamsize|p1|6\n|teamsize|p2|6\n|gen|9\n|tier|[Gen 9] VGC 2023 Regulation E\n|rated|\n|rule|Species Clause: Limit one of each Pok\u00e9mon\n|rule|Item Clause: Limit one of each item\n|clearpoke\n|poke|p1|Empoleon, L50, M|\n|poke|p1|Iron Hands, L50|\n|poke|p1|Sinistcha-Masterpiece, L50|\n|poke|p1|Volcarona, L50, F|\n|poke|p1|Landorus-Therian, L50, M|\n|poke|p1|Flutter Mane, L50|\n|poke|p2|Typhlosion-Hisui, L50, M|\n|poke|p2|Urshifu-*, L50, F|\n|poke|p2|Flutter Mane, L50|\n|poke|p2|Tornadus, L50, M|\n|poke|p2|Indeedee-F, L50, F|\n|poke|p2|Ogerpon-Wellspring, L50, F|\n|teampreview|4\n|inactive|Battle timer is ON: inactive players will automatically lose when time's up. (requested by u lost da game)\nu lost da game rejected open team sheets.\n|inactive|TeraDedenee has 60 seconds left.\n|c|\u2606u lost da game|glhf\n|inactive|TeraDedenee has 30 seconds left.\n|\n|t:|1701142759\n|start\n|switch|p1a: Landorus|Landorus-Therian, L50, M|100\/100\n|switch|p1b: Iron Hands|Iron Hands, L50|100\/100\n|switch|p2a: Tornadus|Tornadus, L50, M|100\/100\n|switch|p2b: Flutter Mane|Flutter Mane, L50|100\/100\n|-ability|p1a: Landorus|Intimidate|boost\n|-unboost|p2a: Tornadus|atk|1\n|-unboost|p2b: Flutter Mane|atk|1\n|turn|1\n|inactive|TeraDedenee has 30 seconds left.\n|\n|t:|1701142785\n|move|p1b: Iron Hands|Fake Out|p2a: Tornadus\n|-damage|p2a: Tornadus|84\/100\n|cant|p2a: Tornadus|flinch\n|move|p1a: Landorus|Stomping Tantrum|p2b: Flutter Mane\n|-damage|p2b: Flutter Mane|15\/100\n|move|p2b: Flutter Mane|Moonblast|p1b: Iron Hands\n|-supereffective|p1b: Iron Hands\n|-damage|p1b: Iron Hands|39\/100\n|\n|upkeep\n|turn|2\n|inactive|TeraDedenee has 30 seconds left.\n|inactive|TeraDedenee has 20 seconds left.\n|inactive|TeraDedenee has 15 seconds left.\n|inactive|TeraDedenee has 10 seconds left.\n|\n|t:|1701142831\n|-end|p1b: Iron Hands|Quark Drive|[silent]\n|switch|p1b: Volcarona|Volcarona, L50, F|100\/100\n|move|p2a: Tornadus|Tailwind|p2a: Tornadus\n|-sidestart|p2: TeraDedenee|move: Tailwind\n|move|p2b: Flutter Mane|Moonblast|p1a: Landorus\n|-damage|p1a: Landorus|16\/100\n|-unboost|p1a: Landorus|spa|1\n|move|p1a: Landorus|Stomping Tantrum|p2b: Flutter Mane\n|-damage|p2b: Flutter Mane|0 fnt\n|faint|p2b: Flutter Mane\n|-end|p2b: Flutter Mane|Protosynthesis|[silent]\n|\n|upkeep\n|\n|t:|1701142841\n|switch|p2b: Typhlosion|Typhlosion-Hisui, L50, M|100\/100\n|-item|p1a: Landorus|Choice Scarf|[from] ability: Frisk|[of] p2b: Typhlosion|[identify]\n|-item|p1b: Volcarona|Kee Berry|[from] ability: Frisk|[of] p2b: Typhlosion|[identify]\n|turn|3\n|\n|t:|1701142858\n|move|p2a: Tornadus|Sunny Day|p2a: Tornadus\n|-weather|SunnyDay\n|move|p2b: Typhlosion|Eruption|p1b: Volcarona|[spread] p1a,p1b\n|-damage|p1a: Landorus|0 fnt\n|-damage|p1b: Volcarona|2\/100\n|faint|p1a: Landorus\n|move|p1b: Volcarona|Fiery Dance|p2b: Typhlosion\n|-resisted|p2b: Typhlosion\n|-damage|p2b: Typhlosion|58\/100\n|\n|-weather|SunnyDay|[upkeep]\n|upkeep\n|\n|t:|1701142866\n|switch|p1a: Flutter Mane|Flutter Mane, L50|100\/100\n|-activate|p1a: Flutter Mane|ability: Protosynthesis\n|-start|p1a: Flutter Mane|protosynthesisspe\n|turn|4\n|\n|t:|1701142877\n|move|p2a: Tornadus|Bleakwind Storm|p1a: Flutter Mane|[spread] p1a,p1b\n|-supereffective|p1b: Volcarona\n|-damage|p1a: Flutter Mane|61\/100\n|-damage|p1b: Volcarona|0 fnt\n|faint|p1b: Volcarona\n|move|p2b: Typhlosion|Eruption|p1a: Flutter Mane\n|-damage|p1a: Flutter Mane|0 fnt\n|faint|p1a: Flutter Mane\n|-end|p1a: Flutter Mane|Protosynthesis|[silent]\n|\n|-weather|SunnyDay|[upkeep]\n|upkeep\n|\n|t:|1701142882\n|switch|p1b: Iron Hands|Iron Hands, L50|39\/100\n|turn|5\n|inactive|TeraDedenee has 30 seconds left.\n|\n|t:|1701142911\n|switch|p2a: Indeedee|Indeedee-F, L50, F|100\/100\n|-fieldstart|move: Psychic Terrain|[from] ability: Psychic Surge|[of] p2a: Indeedee\n|move|p2b: Typhlosion|Eruption|p1b: Iron Hands\n|-damage|p1b: Iron Hands|0 fnt\n|faint|p1b: Iron Hands\n|-end|p1b: Iron Hands|Quark Drive|[silent]\n|\n|win|TeraDedenee\n|raw|u lost da game's rating: 1195 &rarr; <strong>1173<\/strong><br \/>(-22 for losing)\n|raw|TeraDedenee's rating: 1231 &rarr; <strong>1253<\/strong><br \/>(+22 for winning)\n|l|\u2606u lost da game\n","uploadtime":1701142926,"views":10,"p1id":"ulostdagame","p2id":"teradedenee","formatid":"gen9vgc2023regulatione","rating":1173,"private":0,"password":""}