{"id":"gen9vgc2023regulatione-1992647562","p1":"humanbacon","p2":"Zekrom154","format":"[Gen 9] VGC 2023 Regulation E","log":"|j|\u2606humanbacon\n|j|\u2606Zekrom154\n|t:|1700220012\n|gametype|doubles\n|player|p1|humanbacon|benga|1311\n|player|p2|Zekrom154|266|1228\n|teamsize|p1|6\n|teamsize|p2|6\n|gen|9\n|tier|[Gen 9] VGC 2023 Regulation E\n|rated|\n|rule|Species Clause: Limit one of each Pok\u00e9mon\n|rule|Item Clause: Limit one of each item\n|clearpoke\n|poke|p1|Clodsire, L50, M|\n|poke|p1|Chien-Pao, L50|\n|poke|p1|Shiftry, L50, M|\n|poke|p1|Flutter Mane, L50|\n|poke|p1|Empoleon, L50, F|\n|poke|p1|Arcanine, L50, M|\n|poke|p2|Ogerpon-Hearthflame, L50, F|\n|poke|p2|Landorus-Therian, L50, M|\n|poke|p2|Iron Hands, L50|\n|poke|p2|Flutter Mane, L50|\n|poke|p2|Tornadus, L50, M|\n|poke|p2|Urshifu-*, L50, F|\n|teampreview|4\nhumanbacon has agreed to open team sheets.\n|\n|t:|1700220038\n|start\n|switch|p1a: Flutter Mane|Flutter Mane, L50|100\/100\n|switch|p1b: Arcanine|Arcanine, L50, M|100\/100\n|switch|p2a: Tornadus|Tornadus, L50, M|100\/100\n|switch|p2b: Urshifu|Urshifu-Rapid-Strike, L50, F|100\/100\n|-ability|p1b: Arcanine|Intimidate|boost\n|-unboost|p2a: Tornadus|atk|1\n|-unboost|p2b: Urshifu|atk|1\n|-enditem|p1a: Flutter Mane|Booster Energy\n|-activate|p1a: Flutter Mane|ability: Protosynthesis|[fromitem]\n|-start|p1a: Flutter Mane|protosynthesisspe\n|turn|1\n|\n|t:|1700220054\n|-end|p1a: Flutter Mane|Protosynthesis|[silent]\n|switch|p1a: Empoleon|Empoleon, L50, F|100\/100\n|-terastallize|p1b: Arcanine|Water\n|move|p2a: Tornadus|Tailwind|p2a: Tornadus\n|-sidestart|p2: Zekrom154|move: Tailwind\n|move|p2b: Urshifu|Surging Strikes|p1a: Empoleon\n|-resisted|p1a: Empoleon\n|-crit|p1a: Empoleon\n|-damage|p1a: Empoleon|86\/100\n|-resisted|p1a: Empoleon\n|-crit|p1a: Empoleon\n|-damage|p1a: Empoleon|71\/100\n|-resisted|p1a: Empoleon\n|-crit|p1a: Empoleon\n|-damage|p1a: Empoleon|58\/100\n|-hitcount|p1a: Empoleon|3\n|move|p1b: Arcanine|Will-O-Wisp|p2b: Urshifu\n|-status|p2b: Urshifu|brn\n|\n|-damage|p2b: Urshifu|95\/100 brn|[from] brn\n|upkeep\n|turn|2\n|\n|t:|1700220090\n|switch|p2b: Flutter Mane|Flutter Mane, L50|100\/100\n|switch|p1b: Flutter Mane|Flutter Mane, L50|100\/100\n|move|p2a: Tornadus|Taunt|p1a: Empoleon\n|-start|p1a: Empoleon|move: Taunt\n|move|p1a: Empoleon|Ice Beam|p2a: Tornadus\n|-supereffective|p2a: Tornadus\n|-damage|p2a: Tornadus|51\/100\n|\n|upkeep\n|turn|3\n|\n|t:|1700220119\n|move|p1b: Flutter Mane|Protect|p1b: Flutter Mane\n|-singleturn|p1b: Flutter Mane|Protect\n|move|p2b: Flutter Mane|Shadow Ball|p1b: Flutter Mane\n|-activate|p1b: Flutter Mane|move: Protect\n|move|p2a: Tornadus|Bleakwind Storm|p1a: Empoleon|[spread] \n|-activate|p1b: Flutter Mane|move: Protect\n|-miss|p2a: Tornadus|p1a: Empoleon\n|move|p1a: Empoleon|Ice Beam|p2a: Tornadus\n|-supereffective|p2a: Tornadus\n|-damage|p2a: Tornadus|0 fnt\n|faint|p2a: Tornadus\n|\n|upkeep\n|\n|t:|1700220124\n|switch|p2a: Urshifu|Urshifu-Rapid-Strike, L50, F|95\/100 brn\n|turn|4\n|\n|t:|1700220153\n|switch|p1a: Arcanine|Arcanine, L50, M, tera:Water|100\/100\n|-ability|p1a: Arcanine|Intimidate|boost\n|-unboost|p2a: Urshifu|atk|1\n|-unboost|p2b: Flutter Mane|atk|1\n|move|p2b: Flutter Mane|Shadow Ball|p1b: Flutter Mane\n|-supereffective|p1b: Flutter Mane\n|-damage|p1b: Flutter Mane|0 fnt\n|faint|p1b: Flutter Mane\n|-end|p1b: Flutter Mane|Protosynthesis|[silent]\n|move|p2a: Urshifu|Close Combat|p1a: Arcanine\n|-damage|p1a: Arcanine|66\/100\n|-unboost|p2a: Urshifu|def|1\n|-unboost|p2a: Urshifu|spd|1\n|\n|-damage|p2a: Urshifu|89\/100 brn|[from] brn\n|-sideend|p2: Zekrom154|move: Tailwind\n|upkeep\n|\n|t:|1700220170\n|switch|p1b: Chien-Pao|Chien-Pao, L50|100\/100\n|-ability|p1b: Chien-Pao|Sword of Ruin\n|turn|5\n|\n|t:|1700220192\n|-end|p2b: Flutter Mane|Protosynthesis|[silent]\n|switch|p2b: Landorus|Landorus-Therian, L50, M|100\/100\n|-ability|p2b: Landorus|Intimidate|boost\n|-unboost|p1a: Arcanine|atk|1\n|-unboost|p1b: Chien-Pao|atk|1\n|move|p1b: Chien-Pao|Ice Spinner|p2b: Landorus\n|-supereffective|p2b: Landorus\n|-damage|p2b: Landorus|0 fnt\n|faint|p2b: Landorus\n|move|p2a: Urshifu|Close Combat|p1b: Chien-Pao\n|-supereffective|p1b: Chien-Pao\n|-enditem|p1b: Chien-Pao|Focus Sash\n|-damage|p1b: Chien-Pao|1\/100\n|-unboost|p2a: Urshifu|def|1\n|-unboost|p2a: Urshifu|spd|1\n|move|p1a: Arcanine|Flamethrower|p2a: Urshifu\n|-resisted|p2a: Urshifu\n|-damage|p2a: Urshifu|44\/100 brn\n|\n|-damage|p2a: Urshifu|38\/100 brn|[from] brn\n|upkeep\n|\n|t:|1700220202\n|switch|p2b: Flutter Mane|Flutter Mane, L50|100\/100\n|turn|6\n|\n|t:|1700220224\n|switch|p1b: Empoleon|Empoleon, L50, F|58\/100\n|move|p2b: Flutter Mane|Shadow Ball|p1b: Empoleon\n|-damage|p1b: Empoleon|18\/100\n|move|p2a: Urshifu|Close Combat|p1a: Arcanine\n|-crit|p1a: Arcanine\n|-damage|p1a: Arcanine|0 fnt\n|-unboost|p2a: Urshifu|def|1\n|-unboost|p2a: Urshifu|spd|1\n|faint|p1a: Arcanine\n|\n|-damage|p2a: Urshifu|32\/100 brn|[from] brn\n|upkeep\n|\n|t:|1700220238\n|switch|p1a: Chien-Pao|Chien-Pao, L50|1\/100\n|-ability|p1a: Chien-Pao|Sword of Ruin\n|turn|7\n|\n|t:|1700220248\n|move|p1a: Chien-Pao|Sucker Punch|p2b: Flutter Mane\n|-damage|p2b: Flutter Mane|0 fnt\n|faint|p2b: Flutter Mane\n|-end|p2b: Flutter Mane|Protosynthesis|[silent]\n|move|p1b: Empoleon|Vacuum Wave|p2a: Urshifu\n|-damage|p2a: Urshifu|0 fnt\n|faint|p2a: Urshifu\n|\n|win|humanbacon\n|raw|humanbacon's rating: 1311 &rarr; <strong>1326<\/strong><br \/>(+15 for winning)\n|raw|Zekrom154's rating: 1228 &rarr; <strong>1209<\/strong><br \/>(-19 for losing)\n|l|\u2606Zekrom154\n","uploadtime":1700220266,"views":9,"p1id":"humanbacon","p2id":"zekrom154","formatid":"gen9vgc2023regulatione","rating":1209,"private":0,"password":""}