{"id":"gen9vgc2023regulatione-1988540224","p1":"Idonotcare0982","p2":"Welder Watt","format":"[Gen 9] VGC 2023 Regulation E","log":"|j|\u2606Idonotcare0982\n|j|\u2606Welder Watt\n|n|\u2606Idonotcare0982|idonotcare0982\n|n|\u2606Welder Watt|welderwatt\n|html|View the match progress at <a href=\"\/game-bestof3-gen9vgc2023regulatione-1988540223\">game-bestof3-gen9vgc2023regulatione-1988540223<\/a>\n|t:|1699733918\n|gametype|doubles\n|player|p1|Idonotcare0982|ghetsis-gen5bw|\n|player|p2|Welder Watt|pokemoncenterlady|\n|teamsize|p1|6\n|teamsize|p2|6\n|gen|9\n|tier|[Gen 9] VGC 2023 Regulation E\n|rule|Species Clause: Limit one of each Pok\u00e9mon\n|rule|Item Clause: Limit one of each item\n|clearpoke\n|poke|p1|Arcanine-Hisui, L50, F|\n|poke|p1|Urshifu-*, L50, F|\n|poke|p1|Tornadus, L50, M|\n|poke|p1|Ogerpon-Wellspring, L50, F|\n|poke|p1|Gholdengo, L50|\n|poke|p1|Iron Hands, L50|\n|poke|p2|Magneton, L50|\n|poke|p2|Landorus-Therian, L50, M|\n|poke|p2|Iron Hands, L50|\n|poke|p2|Clefable, L50, F|\n|poke|p2|Hatterene, L50, F|\n|poke|p2|Ogerpon-Hearthflame, L50, F|\n|teampreview|4\nWelder Watt has agreed to open team sheets.\n|\n|t:|1699733939\n|start\n|switch|p1a: Urshifu|Urshifu-Rapid-Strike, L50, F|100\/100\n|switch|p1b: Tornadus|Tornadus, L50, M|100\/100\n|switch|p2a: Magnum Opis|Magneton, L50, shiny|100\/100\n|switch|p2b: Landorus|Landorus-Therian, L50, M|100\/100\n|-ability|p2b: Landorus|Intimidate|boost\n|-unboost|p1a: Urshifu|atk|1\n|-unboost|p1b: Tornadus|atk|1\n|turn|1\n|\n|t:|1699733958\n|-terastallize|p1a: Urshifu|Water\n|move|p1b: Tornadus|Tailwind|p1b: Tornadus\n|-sidestart|p1: Idonotcare0982|move: Tailwind\n|move|p1a: Urshifu|Surging Strikes|p2a: Magnum Opis\n|-crit|p2a: Magnum Opis\n|-damage|p2a: Magnum Opis|26\/100\n|-crit|p2a: Magnum Opis\n|-damage|p2a: Magnum Opis|0 fnt\n|faint|p2a: Magnum Opis\n|-hitcount|p2: Magnum Opis|2\n|move|p2b: Landorus|Rock Slide|p1a: Urshifu|[spread] p1a\n|-miss|p2b: Landorus|p1b: Tornadus\n|-damage|p1a: Urshifu|80\/100\n|\n|upkeep\n|\n|t:|1699733972\n|switch|p2a: Iron Hands|Iron Hands, L50|100\/100\n|turn|2\n|\n|t:|1699733987\n|move|p2a: Iron Hands|Fake Out|p1a: Urshifu\n|-damage|p1a: Urshifu|66\/100\n|move|p1b: Tornadus|Rain Dance|p1b: Tornadus\n|-weather|RainDance\n|cant|p1a: Urshifu|flinch\n|move|p2b: Landorus|Rock Slide|p1b: Tornadus|[spread] p1a\n|-miss|p2b: Landorus|p1b: Tornadus\n|-damage|p1a: Urshifu|46\/100\n|\n|-weather|RainDance|[upkeep]\n|upkeep\n|turn|3\n|\n|t:|1699734006\n|-terastallize|p2a: Iron Hands|Grass\n|move|p1b: Tornadus|Bleakwind Storm|p2a: Iron Hands|[spread] p2a,p2b\n|-supereffective|p2a: Iron Hands\n|-damage|p2a: Iron Hands|64\/100\n|-damage|p2b: Landorus|55\/100\n|-unboost|p2a: Iron Hands|spe|1\n|move|p1a: Urshifu|Surging Strikes|p2a: Iron Hands\n|-resisted|p2a: Iron Hands\n|-crit|p2a: Iron Hands\n|-damage|p2a: Iron Hands|46\/100\n|-resisted|p2a: Iron Hands\n|-crit|p2a: Iron Hands\n|-damage|p2a: Iron Hands|26\/100\n|-resisted|p2a: Iron Hands\n|-crit|p2a: Iron Hands\n|-damage|p2a: Iron Hands|8\/100\n|-hitcount|p2a: Iron Hands|3\n|move|p2b: Landorus|Rock Slide|p1b: Tornadus|[spread] p1a,p1b\n|-supereffective|p1b: Tornadus\n|-damage|p1a: Urshifu|26\/100\n|-damage|p1b: Tornadus|47\/100\n|move|p2a: Iron Hands|Wild Charge|p1a: Urshifu\n|-supereffective|p1a: Urshifu\n|-damage|p1a: Urshifu|0 fnt\n|faint|p1a: Urshifu\n|-damage|p2a: Iron Hands|3\/100|[from] Recoil\n|\n|-weather|RainDance|[upkeep]\n|upkeep\n|\n|t:|1699734017\n|switch|p1a: Arcanine|Arcanine-Hisui, L50, F, shiny|100\/100\n|-ability|p1a: Arcanine|Intimidate|boost\n|-unboost|p2a: Iron Hands|atk|1\n|-unboost|p2b: Landorus|atk|1\n|turn|4\n|\n|t:|1699734043\n|move|p1a: Arcanine|Rock Slide|p2a: Iron Hands|[spread] p2a,p2b\n|-damage|p2a: Iron Hands|0 fnt\n|-damage|p2b: Landorus|19\/100\n|faint|p2a: Iron Hands\n|-end|p2a: Iron Hands|Quark Drive|[silent]\n|move|p1b: Tornadus|Bleakwind Storm|p2b: Landorus\n|-damage|p2b: Landorus|0 fnt\n|faint|p2b: Landorus\n|\n|-weather|RainDance|[upkeep]\n|-sideend|p1: Idonotcare0982|move: Tailwind\n|upkeep\n|\n|t:|1699734054\n|switch|p2b: Ogerpon|Ogerpon-Hearthflame, L50, F|100\/100\n|-ability|p2b: Ogerpon|Mold Breaker\n|turn|5\n|\n|t:|1699734070\n|move|p2b: Ogerpon|Spiky Shield|p2b: Ogerpon\n|-singleturn|p2b: Ogerpon|move: Protect\n|move|p1a: Arcanine|Rock Slide|p2b: Ogerpon\n|-activate|p2b: Ogerpon|move: Protect\n|move|p1b: Tornadus|Bleakwind Storm|p2b: Ogerpon\n|-activate|p2b: Ogerpon|move: Protect\n|\n|-weather|RainDance|[upkeep]\n|upkeep\n|turn|6\n|\n|t:|1699734087\n|move|p1a: Arcanine|Rock Slide|p2b: Ogerpon\n|-supereffective|p2b: Ogerpon\n|-damage|p2b: Ogerpon|0 fnt\n|faint|p2b: Ogerpon\n|\n|win|Idonotcare0982\n|c|&|\/uhtml prompt-welderwatt,Welder Watt is ready for game 2!\n|c|&|\/uhtml prompt-idonotcare0982,Idonotcare0982 is ready for game 2!\nBoth players are ready! Starting next match!\n","uploadtime":1699734489,"views":13,"p1id":"idonotcare0982","p2id":"welderwatt","formatid":"gen9vgc2023regulatione","rating":0,"private":0,"password":""}