{"id":"gen9vgc2023regulatione-1996826381","p1":"KilnFirelinkAlt","p2":"blazingk11","format":"[Gen 9] VGC 2023 Regulation E","log":"|j|\u2606KilnFirelinkAlt\n|j|\u2606blazingk11\n|t:|1700731582\n|gametype|doubles\n|player|p1|KilnFirelinkAlt|iris-gen5bw2|1056\n|player|p2|blazingk11|pokemonbreederf-gen4|1040\n|teamsize|p1|6\n|teamsize|p2|6\n|gen|9\n|tier|[Gen 9] VGC 2023 Regulation E\n|rated|\n|rule|Species Clause: Limit one of each Pok\u00e9mon\n|rule|Item Clause: Limit one of each item\n|clearpoke\n|poke|p1|Gengar, L50, F|\n|poke|p1|Gyarados, L50, F|\n|poke|p1|Snorlax, L50, F|\n|poke|p1|Scizor, L50, F|\n|poke|p1|Golem, L50, M|\n|poke|p1|Gardevoir, L50, F|\n|poke|p2|Vikavolt, L50, F|\n|poke|p2|Pincurchin, L50, M|\n|poke|p2|Luxray, L50, M|\n|poke|p2|Magnezone, L50|\n|poke|p2|Klefki, L50, F|\n|poke|p2|Rotom-Wash, L50|\n|teampreview|4\nKilnFirelinkAlt rejected open team sheets.\n|inactive|Battle timer is ON: inactive players will automatically lose when time's up. (requested by KilnFirelinkAlt)\n|\n|t:|1700731607\n|start\n|switch|p1a: Gengar|Gengar, L50, F|100\/100\n|switch|p1b: Snorlax|Snorlax, L50, F|100\/100\n|switch|p2a: Klefki|Klefki, L50, F, shiny|100\/100\n|switch|p2b: Vikavolt|Vikavolt, L50, F, shiny|100\/100\n|turn|1\n|c|\u2606KilnFirelinkAlt|good morning\n|inactive|KilnFirelinkAlt has 30 seconds left.\n|\n|t:|1700731633\n|move|p2a: Klefki|Light Screen|p2a: Klefki\n|-sidestart|p2: blazingk11|move: Light Screen\n|move|p1a: Gengar|Sludge Bomb|p2b: Vikavolt\n|-damage|p2b: Vikavolt|56\/100\n|-status|p2b: Vikavolt|psn\n|move|p2b: Vikavolt|Sticky Web|p1a: Gengar\n|-sidestart|p1: KilnFirelinkAlt|move: Sticky Web\n|move|p1b: Snorlax|Yawn|p2a: Klefki\n|-start|p2a: Klefki|move: Yawn|[of] p1b: Snorlax\n|\n|-damage|p2b: Vikavolt|44\/100 psn|[from] psn\n|upkeep\n|turn|2\n|c|\u2606blazingk11|morning morning\n|inactive|blazingk11 has 30 seconds left.\n|\n|t:|1700731661\n|switch|p2a: Luxray|Luxray, L50, M, shiny|100\/100\n|-ability|p2a: Luxray|Intimidate|boost\n|-unboost|p1a: Gengar|atk|1\n|-unboost|p1b: Snorlax|atk|1\n|-item|p2a: Luxray|Air Balloon\n|move|p1a: Gengar|Sludge Bomb|p2b: Vikavolt\n|-damage|p2b: Vikavolt|1\/100 psn\n|move|p2b: Vikavolt|Thunderbolt|p1a: Gengar\n|-damage|p1a: Gengar|8\/100\n|move|p1b: Snorlax|Yawn||[still]\n|-fail|p1b: Snorlax\n|\n|-heal|p1a: Gengar|14\/100|[from] item: Black Sludge\n|-damage|p2b: Vikavolt|0 fnt|[from] psn\n|faint|p2b: Vikavolt\n|upkeep\n|\n|t:|1700731680\n|switch|p2b: Klefki|Klefki, L50, F, shiny|100\/100\n|turn|3\n|\n|t:|1700731701\n|move|p1a: Gengar|Sludge Bomb|p2a: Luxray\n|-damage|p2a: Luxray|63\/100\n|-enditem|p2a: Luxray|Air Balloon\n|move|p2b: Klefki|Draining Kiss|p1a: Gengar\n|-resisted|p1a: Gengar\n|-damage|p1a: Gengar|2\/100\n|-start|p2b: Klefki|Disable|Draining Kiss|[from] ability: Cursed Body|[of] p1a: Gengar\n|move|p2a: Luxray|Wild Charge|p1b: Snorlax\n|-damage|p1b: Snorlax|72\/100\n|-damage|p2a: Luxray|53\/100|[from] Recoil\n|move|p1b: Snorlax|Yawn|p2b: Klefki\n|-start|p2b: Klefki|move: Yawn|[of] p1b: Snorlax\n|\n|-heal|p1a: Gengar|7\/100|[from] item: Black Sludge\n|-heal|p1b: Snorlax|78\/100|[from] item: Leftovers\n|upkeep\n|turn|4\n|inactive|KilnFirelinkAlt has 30 seconds left.\n|inactive|blazingk11 has 30 seconds left.\n|\n|t:|1700731729\n|move|p2b: Klefki|Reflect|p2b: Klefki\n|-sidestart|p2: blazingk11|Reflect\n|move|p1a: Gengar|Sludge Bomb|p2a: Luxray\n|-damage|p2a: Luxray|16\/100\n|move|p2a: Luxray|Wild Charge|p1a: Gengar\n|-damage|p1a: Gengar|0 fnt\n|faint|p1a: Gengar\n|-damage|p2a: Luxray|14\/100|[from] Recoil\n|move|p1b: Snorlax|Body Slam|p2a: Luxray\n|-damage|p2a: Luxray|0 fnt\n|faint|p2a: Luxray\n|\n|-heal|p1b: Snorlax|84\/100|[from] item: Leftovers\n|-end|p2b: Klefki|move: Yawn|[silent]\n|-status|p2b: Klefki|slp\n|upkeep\n|\n|t:|1700731748\n|switch|p1a: Golem|Golem, L50, M|100\/100\n|switch|p2a: Magnezone|Magnezone, L50|100\/100\n|-activate|p1a: Golem|move: Sticky Web\n|-unboost|p1a: Golem|spe|1\n|turn|5\n|\n|t:|1700731768\n|-terastallize|p2a: Magnezone|Flying\n|move|p1b: Snorlax|Protect|p1b: Snorlax\n|-singleturn|p1b: Snorlax|Protect\n|cant|p2b: Klefki|slp\n|move|p2a: Magnezone|Flash Cannon|p1a: Golem\n|-supereffective|p1a: Golem\n|-ability|p1a: Golem|Sturdy\n|-damage|p1a: Golem|1\/100\n|move|p1a: Golem|Earthquake|p2a: Magnezone|[spread] p2b\n|-activate|p1b: Snorlax|move: Protect\n|-immune|p2a: Magnezone\n|-supereffective|p2b: Klefki\n|-damage|p2b: Klefki|16\/100 slp\n|\n|-heal|p1b: Snorlax|90\/100|[from] item: Leftovers\n|upkeep\n|turn|6\n|\n|t:|1700731793\n|-curestatus|p2b: Klefki|slp|[msg]\n|move|p2b: Klefki|Metal Sound|p1b: Snorlax\n|-unboost|p1b: Snorlax|spd|2\n|move|p2a: Magnezone|Flash Cannon|p1a: Golem\n|-supereffective|p1a: Golem\n|-damage|p1a: Golem|0 fnt\n|faint|p1a: Golem\n|move|p1b: Snorlax|Body Slam|p2b: Klefki\n|-resisted|p2b: Klefki\n|-damage|p2b: Klefki|9\/100\n|-status|p2b: Klefki|par\n|\n|-heal|p1b: Snorlax|96\/100|[from] item: Leftovers\n|-end|p2b: Klefki|Disable\n|upkeep\n|\n|t:|1700731806\n|switch|p1a: Scizor|Scizor, L50, F|100\/100\n|-activate|p1a: Scizor|move: Sticky Web\n|-unboost|p1a: Scizor|spe|1\n|turn|7\n|\n|t:|1700731826\n|-terastallize|p1a: Scizor|Steel\n|move|p1a: Scizor|Bullet Punch|p2b: Klefki\n|-damage|p2b: Klefki|0 fnt\n|faint|p2b: Klefki\n|move|p2a: Magnezone|Flash Cannon|p1b: Snorlax\n|-damage|p1b: Snorlax|7\/100\n|move|p1b: Snorlax|Yawn|p2a: Magnezone\n|-start|p2a: Magnezone|move: Yawn|[of] p1b: Snorlax\n|\n|-heal|p1b: Snorlax|13\/100|[from] item: Leftovers\n|upkeep\n|turn|8\n|\n|t:|1700731842\n|move|p1b: Snorlax|Protect|p1b: Snorlax\n|-singleturn|p1b: Snorlax|Protect\n|move|p1a: Scizor|Bullet Punch|p2a: Magnezone\n|-damage|p2a: Magnezone|69\/100\n|move|p2a: Magnezone|Flash Cannon|p1a: Scizor\n|-resisted|p1a: Scizor\n|-damage|p1a: Scizor|58\/100\n|\n|-heal|p1b: Snorlax|19\/100|[from] item: Leftovers\n|-end|p2a: Magnezone|move: Yawn|[silent]\n|-status|p2a: Magnezone|slp\n|-sideend|p2: blazingk11|move: Light Screen\n|upkeep\n|turn|9\n|\n|t:|1700731859\n|move|p1a: Scizor|Bullet Punch|p2a: Magnezone\n|-damage|p2a: Magnezone|37\/100 slp\n|cant|p2a: Magnezone|slp\n|move|p1b: Snorlax|Body Slam|p2a: Magnezone\n|-damage|p2a: Magnezone|24\/100 slp\n|\n|-heal|p1b: Snorlax|25\/100|[from] item: Leftovers\n|upkeep\n|turn|10\n|\n|t:|1700731870\n|move|p1a: Scizor|Bullet Punch|p2a: Magnezone\n|-damage|p2a: Magnezone|0 fnt\n|faint|p2a: Magnezone\n|\n|win|KilnFirelinkAlt\n|raw|KilnFirelinkAlt's rating: 1056 &rarr; <strong>1089<\/strong><br \/>(+33 for winning)\n|raw|blazingk11's rating: 1070 &rarr; <strong>1049<\/strong><br \/>(-21 for losing)\n|c|\u2606KilnFirelinkAlt|gg\n|c|\u2606blazingk11|gg\n","uploadtime":1700731881,"views":10,"p1id":"kilnfirelinkalt","p2id":"blazingk11","formatid":"gen9vgc2023regulatione","rating":1049,"private":0,"password":""}