{"id":"gen9vgc2023regulatione-1994029473","p1":"Grog Boggins","p2":"tortwig","format":"[Gen 9] VGC 2023 Regulation E","log":"|j|\u2606Grog Boggins\n|j|\u2606tortwig\n|t:|1700396469\n|gametype|doubles\n|player|p1|Grog Boggins|bianca|1045\n|player|p2|tortwig|steven-masters3|1114\n|teamsize|p1|6\n|teamsize|p2|6\n|gen|9\n|tier|[Gen 9] VGC 2023 Regulation E\n|rated|\n|rule|Species Clause: Limit one of each Pok\u00e9mon\n|rule|Item Clause: Limit one of each item\n|clearpoke\n|poke|p1|Tornadus, L50, M|\n|poke|p1|Politoed, L50, F|\n|poke|p1|Zapdos, L50|\n|poke|p1|Ogerpon-Wellspring, L50, F|\n|poke|p1|Iron Hands, L50|\n|poke|p1|Sinistcha, L50|\n|poke|p2|Moltres-Galar, L50|\n|poke|p2|Sinistcha-Masterpiece, L50|\n|poke|p2|Ninetales-Alola, L50, F|\n|poke|p2|Landorus-Therian, L50, M|\n|poke|p2|Iron Hands, L50|\n|poke|p2|Heatran, L50, M|\n|teampreview|4\n|inactive|Battle timer is ON: inactive players will automatically lose when time's up. (requested by tortwig)\n|inactive|Grog Boggins also wants the timer to be on.\n|inactive|tortwig has 60 seconds left.\n|\n|t:|1700396520\n|start\n|switch|p1a: Etornadus|Tornadus, L50, M, shiny|100\/100\n|switch|p1b: Grog Boggins|Politoed, L50, F, shiny|100\/100\n|switch|p2a: Moltres|Moltres-Galar, L50|100\/100\n|switch|p2b: Ninetales|Ninetales-Alola, L50, F|100\/100\n|-weather|Snow|[from] ability: Snow Warning|[of] p2b: Ninetales\n|-weather|RainDance|[from] ability: Drizzle|[of] p1b: Grog Boggins\n|turn|1\n|\n|t:|1700396542\n|-terastallize|p2a: Moltres|Poison\n|move|p1b: Grog Boggins|Helping Hand|p1a: Etornadus\n|-singleturn|p1a: Etornadus|Helping Hand|[of] p1b: Grog Boggins\n|move|p2b: Ninetales|Aurora Veil||[still]\n|-fail|p2b: Ninetales\n|move|p1a: Etornadus|Bleakwind Storm|p2b: Ninetales|[spread] p2a,p2b\n|-damage|p2a: Moltres|55\/100\n|-damage|p2b: Ninetales|40\/100\n|move|p2a: Moltres|Nasty Plot|p2a: Moltres\n|-boost|p2a: Moltres|spa|2\n|\n|-weather|RainDance|[upkeep]\n|upkeep\n|turn|2\n|\n|t:|1700396561\n|switch|p2b: Sinistcha|Sinistcha-Masterpiece, L50|100\/100\n|-heal|p2a: Moltres|80\/100|[from] ability: Hospitality|[of] p2b: Sinistcha\n|move|p1a: Etornadus|Bleakwind Storm|p2b: Sinistcha|[spread] p2a,p2b\n|-supereffective|p2b: Sinistcha\n|-damage|p2a: Moltres|50\/100\n|-damage|p2b: Sinistcha|15\/100\n|-unboost|p2a: Moltres|spe|1\n|-ability|p2a: Moltres|Berserk|boost\n|-boost|p2a: Moltres|spa|1\n|-enditem|p2a: Moltres|Sitrus Berry|[eat]\n|-heal|p2a: Moltres|75\/100|[from] item: Sitrus Berry\n|move|p1b: Grog Boggins|Chilling Water|p2a: Moltres\n|-damage|p2a: Moltres|56\/100\n|-unboost|p2a: Moltres|atk|1\n|move|p2a: Moltres|Fiery Wrath|p1b: Grog Boggins|[spread] p1a,p1b\n|-crit|p1b: Grog Boggins\n|-damage|p1a: Etornadus|18\/100\n|-damage|p1b: Grog Boggins|9\/100\n|\n|-weather|RainDance|[upkeep]\n|upkeep\n|turn|3\n|inactive|tortwig has 30 seconds left.\n|\n|t:|1700396588\n|switch|p2b: Ninetales|Ninetales-Alola, L50, F|40\/100\n|-weather|Snow|[from] ability: Snow Warning|[of] p2b: Ninetales\n|move|p1b: Grog Boggins|Helping Hand|p1a: Etornadus\n|-singleturn|p1a: Etornadus|Helping Hand|[of] p1b: Grog Boggins\n|move|p2a: Moltres|Protect|p2a: Moltres\n|-singleturn|p2a: Moltres|Protect\n|move|p1a: Etornadus|Bleakwind Storm|p2b: Ninetales|[spread] p2b\n|-activate|p2a: Moltres|move: Protect\n|-damage|p2b: Ninetales|0 fnt\n|faint|p2b: Ninetales\n|\n|-weather|Snow|[upkeep]\n|upkeep\n|\n|t:|1700396598\n|switch|p2b: Iron Hands|Iron Hands, L50|100\/100\n|turn|4\n|\n|t:|1700396609\n|move|p1a: Etornadus|Protect|p1a: Etornadus\n|-singleturn|p1a: Etornadus|Protect\n|move|p1b: Grog Boggins|Protect|p1b: Grog Boggins\n|-singleturn|p1b: Grog Boggins|Protect\n|move|p2b: Iron Hands|Fake Out|p1a: Etornadus\n|-activate|p1a: Etornadus|move: Protect\n|move|p2a: Moltres|Fiery Wrath|p1b: Grog Boggins|[spread] \n|-activate|p1a: Etornadus|move: Protect\n|-activate|p1b: Grog Boggins|move: Protect\n|\n|-weather|Snow|[upkeep]\n|upkeep\n|turn|5\n|\n|t:|1700396631\n|move|p1a: Etornadus|Tailwind|p1a: Etornadus\n|-sidestart|p1: Grog Boggins|move: Tailwind\n|move|p1b: Grog Boggins|Perish Song|p1b: Grog Boggins\n|-start|p1a: Etornadus|perish3|[silent]\n|-start|p1b: Grog Boggins|perish3|[silent]\n|-start|p2a: Moltres|perish3|[silent]\n|-start|p2b: Iron Hands|perish3|[silent]\n|-fieldactivate|move: Perish Song\n|move|p2a: Moltres|Fiery Wrath|p1b: Grog Boggins|[spread] p1a,p1b\n|-damage|p1a: Etornadus|0 fnt\n|-damage|p1b: Grog Boggins|0 fnt\n|faint|p1a: Etornadus\n|faint|p1b: Grog Boggins\n|move|p2b: Iron Hands|Drain Punch|p1: Etornadus|[notarget]\n|-fail|p2b: Iron Hands\n|\n|-weather|Snow|[upkeep]\n|-start|p2a: Moltres|perish3\n|-start|p2b: Iron Hands|perish3\n|upkeep\n|\n|t:|1700396647\n|switch|p1a: Tweety|Zapdos, L50|100\/100\n|switch|p1b: Ogrepon|Ogerpon-Wellspring, L50, F|100\/100\n|-ability|p1a: Tweety|Pressure\n|turn|6\n|\n|t:|1700396665\n|-end|p2b: Iron Hands|Quark Drive|[silent]\n|switch|p2b: Sinistcha|Sinistcha-Masterpiece, L50|15\/100\n|-heal|p2a: Moltres|81\/100|[from] ability: Hospitality|[of] p2b: Sinistcha\n|-terastallize|p1b: Ogrepon|Water\n|detailschange|p1b: Ogrepon|Ogerpon-Wellspring-Tera, L50, F, tera:Water\n|-ability|p1b: Ogrepon|Embody Aspect (Wellspring)|boost\n|-boost|p1b: Ogrepon|spd|1\n|move|p2a: Moltres|Protect|p2a: Moltres\n|-singleturn|p2a: Moltres|Protect\n|move|p1a: Tweety|Hurricane|p2b: Sinistcha\n|-supereffective|p2b: Sinistcha\n|-damage|p2b: Sinistcha|0 fnt\n|faint|p2b: Sinistcha\n|move|p1b: Ogrepon|Ivy Cudgel|p2a: Moltres|[anim] Ivy Cudgel Water\n|-activate|p2a: Moltres|move: Protect\n|\n|-weather|Snow|[upkeep]\n|-start|p2a: Moltres|perish2\n|upkeep\n|\n|t:|1700396677\n|switch|p2b: Iron Hands|Iron Hands, L50|100\/100\n|turn|7\n|\n|t:|1700396691\n|move|p2b: Iron Hands|Fake Out|p1b: Ogrepon\n|-damage|p1b: Ogrepon|81\/100\n|move|p1a: Tweety|Hurricane|p2a: Moltres|[miss]\n|-miss|p1a: Tweety|p2a: Moltres\n|cant|p1b: Ogrepon|flinch\n|move|p2a: Moltres|Fiery Wrath|p1a: Tweety|[spread] p1a,p1b\n|-damage|p1a: Tweety|15\/100\n|-damage|p1b: Ogrepon|29\/100\n|\n|-weather|none\n|-start|p2a: Moltres|perish1\n|upkeep\n|turn|8\n|\n|t:|1700396713\n|move|p2a: Moltres|Protect|p2a: Moltres\n|-singleturn|p2a: Moltres|Protect\n|move|p1a: Tweety|Hurricane|p2b: Iron Hands\n|-damage|p2b: Iron Hands|67\/100\n|-start|p2b: Iron Hands|confusion\n|move|p1b: Ogrepon|Ivy Cudgel|p2b: Iron Hands|[anim] Ivy Cudgel Water\n|-damage|p2b: Iron Hands|15\/100\n|-activate|p2b: Iron Hands|confusion\n|move|p2b: Iron Hands|Drain Punch|p1b: Ogrepon\n|-damage|p1b: Ogrepon|0 fnt\n|-heal|p2b: Iron Hands|24\/100|[from] drain|[of] p1b: Ogrepon\n|faint|p1b: Ogrepon\n|\n|-start|p2a: Moltres|perish0\n|-sideend|p1: Grog Boggins|move: Tailwind\n|faint|p2a: Moltres\n|upkeep\n|turn|9\n|\n|t:|1700396728\n|move|p1a: Tweety|Hurricane|p2b: Iron Hands\n|-damage|p2b: Iron Hands|0 fnt\n|faint|p2b: Iron Hands\n|-end|p2b: Iron Hands|Quark Drive|[silent]\n|\n|win|Grog Boggins\n|raw|Grog Boggins's rating: 1045 &rarr; <strong>1085<\/strong><br \/>(+40 for winning)\n|raw|tortwig's rating: 1114 &rarr; <strong>1084<\/strong><br \/>(-30 for losing)\n|l|\u2606tortwig\n","uploadtime":1700396892,"views":13,"p1id":"grogboggins","p2id":"tortwig","formatid":"gen9vgc2023regulatione","rating":1084,"private":0,"password":""}