{"id":"gen9vgc2023regulatione-1993702562","p1":"Applejacks15","p2":"NovaSirius","format":"[Gen 9] VGC 2023 Regulation E","log":"|j|\u2606Applejacks15\n|j|\u203dNovaSirius\n|n|\u2606Applejacks15|applejacks15\n|n|\u203dNovaSirius|novasirius\n|html|View the match progress at <a href=\"\/game-bestof3-gen9vgc2023regulatione-1993697770\">game-bestof3-gen9vgc2023regulatione-1993697770<\/a>\n|t:|1700347294\n|gametype|doubles\n|player|p1|Applejacks15|supernerd|\n|player|p2|NovaSirius|clair|\n|teamsize|p1|6\n|teamsize|p2|6\n|gen|9\n|tier|[Gen 9] VGC 2023 Regulation E\n|rule|Species Clause: Limit one of each Pok\u00e9mon\n|rule|Item Clause: Limit one of each item\n|clearpoke\n|poke|p1|Slowking-Galar, L50, F|\n|poke|p1|Ninetales-Alola, L50, M|\n|poke|p1|Volcarona, L50, M|\n|poke|p1|Ambipom, L50, M|\n|poke|p1|Baxcalibur, L50, F|\n|poke|p1|Oricorio-Sensu, L50, M|\n|poke|p2|Iron Bundle, L50|\n|poke|p2|Munkidori, L50, M|\n|poke|p2|Mabosstiff, L50, M|\n|poke|p2|Amoonguss, L50, F|\n|poke|p2|Iron Valiant, L50|\n|poke|p2|Pincurchin, L50, F|\n|teampreview|4\n|j| Memes4.0\n|c|\u2606Applejacks15|glhf x2!!\n|\n|t:|1700347406\n|start\n|switch|p1a: Ninetenitales|Ninetales-Alola, L50, M|100\/100\n|switch|p1b: Baxcalaxcabalibur|Baxcalibur, L50, F|100\/100\n|switch|p2a: Pincurchin|Pincurchin, L50, F|100\/100\n|switch|p2b: Iron Valiant|Iron Valiant, L50|100\/100\n|-weather|Snow|[from] ability: Snow Warning|[of] p1a: Ninetenitales\n|-fieldstart|move: Electric Terrain|[from] ability: Electric Surge|[of] p2a: Pincurchin\n|-activate|p2b: Iron Valiant|ability: Quark Drive\n|-start|p2b: Iron Valiant|quarkdrivespe\n|turn|1\n|\n|t:|1700347491\n|-terastallize|p1a: Ninetenitales|Steel\n|move|p1b: Baxcalaxcabalibur|Ice Shard|p2b: Iron Valiant\n|-damage|p2b: Iron Valiant|70\/100\n|move|p2b: Iron Valiant|Close Combat|p1b: Baxcalaxcabalibur\n|-supereffective|p1b: Baxcalaxcabalibur\n|-damage|p1b: Baxcalaxcabalibur|4\/100\n|-unboost|p2b: Iron Valiant|def|1\n|-unboost|p2b: Iron Valiant|spd|1\n|-damage|p2b: Iron Valiant|61\/100|[from] item: Life Orb\n|move|p1a: Ninetenitales|Moonblast|p2b: Iron Valiant\n|-supereffective|p2b: Iron Valiant\n|-damage|p2b: Iron Valiant|0 fnt\n|faint|p2b: Iron Valiant\n|-end|p2b: Iron Valiant|Quark Drive|[silent]\n|move|p2a: Pincurchin|Zing Zap|p1a: Ninetenitales\n|-damage|p1a: Ninetenitales|45\/100\n|\n|-weather|Snow|[upkeep]\n|-heal|p1b: Baxcalaxcabalibur|10\/100|[from] ability: Ice Body\n|upkeep\n|\n|t:|1700347508\n|switch|p2b: Iron Bundle|Iron Bundle, L50|100\/100\n|-activate|p2b: Iron Bundle|ability: Quark Drive\n|-start|p2b: Iron Bundle|quarkdrivespe\n|turn|2\n|\n|t:|1700347524\n|move|p1b: Baxcalaxcabalibur|Protect|p1b: Baxcalaxcabalibur\n|-singleturn|p1b: Baxcalaxcabalibur|Protect\n|move|p2a: Pincurchin|Protect|p2a: Pincurchin\n|-singleturn|p2a: Pincurchin|Protect\n|move|p1a: Ninetenitales|Moonblast|p2b: Iron Bundle\n|-damage|p2b: Iron Bundle|43\/100\n|move|p2b: Iron Bundle|Blizzard|p1a: Ninetenitales|[spread] p1a\n|-activate|p1b: Baxcalaxcabalibur|move: Protect\n|-resisted|p1a: Ninetenitales\n|-damage|p1a: Ninetenitales|19\/100\n|\n|-weather|Snow|[upkeep]\n|-heal|p1b: Baxcalaxcabalibur|16\/100|[from] ability: Ice Body\n|upkeep\n|turn|3\n|\n|t:|1700347567\n|switch|p1a: Volcarocalorona|Volcarona, L50, M|100\/100\n|switch|p2a: Mabosstiff|Mabosstiff, L50, M|100\/100\n|-ability|p2a: Mabosstiff|Intimidate|boost\n|-unboost|p1a: Volcarocalorona|atk|1\n|-fail|p1b: Baxcalaxcabalibur|unboost|[from] item: Clear Amulet|[of] p1b: Baxcalaxcabalibur\n|move|p2b: Iron Bundle|Blizzard|p1b: Baxcalaxcabalibur|[spread] p1a,p1b\n|-resisted|p1a: Volcarocalorona\n|-damage|p1a: Volcarocalorona|83\/100\n|-damage|p1b: Baxcalaxcabalibur|0 fnt\n|faint|p1b: Baxcalaxcabalibur\n|\n|-weather|Snow|[upkeep]\n|upkeep\n|\n|t:|1700347594\n|switch|p1b: Ambipambibom|Ambipom, L50, M|100\/100\n|turn|4\n|\n|t:|1700347605\n|move|p2b: Iron Bundle|Protect|p2b: Iron Bundle\n|-singleturn|p2b: Iron Bundle|Protect\n|move|p1b: Ambipambibom|Fake Out|p2a: Mabosstiff\n|-damage|p2a: Mabosstiff|75\/100\n|move|p1a: Volcarocalorona|Tailwind|p1a: Volcarocalorona\n|-sidestart|p1: Applejacks15|move: Tailwind\n|cant|p2a: Mabosstiff|flinch\n|\n|-weather|Snow|[upkeep]\n|upkeep\n|turn|5\n|\n|t:|1700347621\n|move|p1b: Ambipambibom|Last Resort|p2a: Mabosstiff\n|-damage|p2a: Mabosstiff|16\/100\n|move|p1a: Volcarocalorona|Giga Drain|p2b: Iron Bundle\n|-supereffective|p2b: Iron Bundle\n|-damage|p2b: Iron Bundle|0 fnt\n|-heal|p1a: Volcarocalorona|100\/100|[from] drain|[of] p2b: Iron Bundle\n|faint|p2b: Iron Bundle\n|-end|p2b: Iron Bundle|Quark Drive|[silent]\n|move|p2a: Mabosstiff|Snarl|p1a: Volcarocalorona|[spread] p1a,p1b\n|-damage|p1a: Volcarocalorona|93\/100\n|-damage|p1b: Ambipambibom|87\/100\n|-unboost|p1a: Volcarocalorona|spa|1\n|-unboost|p1b: Ambipambibom|spa|1\n|\n|-weather|none\n|-fieldend|move: Electric Terrain\n|upkeep\n|\n|t:|1700347626\n|switch|p2b: Pincurchin|Pincurchin, L50, F|100\/100\n|-fieldstart|move: Electric Terrain|[from] ability: Electric Surge|[of] p2b: Pincurchin\n|turn|6\n|\n|t:|1700347679\n|move|p1b: Ambipambibom|Last Resort|p2a: Mabosstiff\n|-damage|p2a: Mabosstiff|0 fnt\n|faint|p2a: Mabosstiff\n|move|p1a: Volcarocalorona|Fiery Dance|p2b: Pincurchin\n|-damage|p2b: Pincurchin|69\/100\n|-boost|p1a: Volcarocalorona|spa|1\n|-enditem|p2b: Pincurchin|Red Card|[of] p1a: Volcarocalorona\n|drag|p1a: Ninetenitales|Ninetales-Alola, L50, M, tera:Steel|19\/100\n|-weather|Snow|[from] ability: Snow Warning|[of] p1a: Ninetenitales\n|move|p2b: Pincurchin|Zing Zap|p1b: Ambipambibom\n|-damage|p1b: Ambipambibom|28\/100\n|\n|-weather|Snow|[upkeep]\n|upkeep\n|turn|7\n|\n|t:|1700347696\n|move|p1a: Ninetenitales|Moonblast|p2b: Pincurchin\n|-damage|p2b: Pincurchin|22\/100\n|move|p1b: Ambipambibom|Last Resort|p2b: Pincurchin\n|-damage|p2b: Pincurchin|0 fnt\n|faint|p2b: Pincurchin\n|\n|win|Applejacks15\n|c|\u2606Applejacks15|gg!\n","uploadtime":1700347704,"views":48,"p1id":"applejacks15","p2id":"novasirius","formatid":"gen9vgc2023regulatione","rating":0,"private":0,"password":""}