{"id":"gen9vgc2023regulatione-1996348904","p1":"Mario Flare","p2":"TobiVGC","format":"[Gen 9] VGC 2023 Regulation E","log":"|j|\u2606Mario Flare\n|j|\u2606TobiVGC\n|t:|1700673553\n|gametype|doubles\n|player|p1|Mario Flare|1|\n|player|p2|TobiVGC|170|\n|teamsize|p1|6\n|teamsize|p2|6\n|gen|9\n|tier|[Gen 9] VGC 2023 Regulation E\n|rule|Species Clause: Limit one of each Pok\u00e9mon\n|rule|Item Clause: Limit one of each item\n|clearpoke\n|poke|p1|Cresselia, L50, F|\n|poke|p1|Heatran, L50, F|\n|poke|p1|Hariyama, L50, M|\n|poke|p1|Haxorus, L50, M|\n|poke|p1|Thundurus-Therian, L50, M|\n|poke|p1|Toedscruel, L50, M|\n|poke|p2|Torkoal, L50, M|\n|poke|p2|Lilligant-Hisui, L50, F|\n|poke|p2|Flutter Mane, L50|\n|poke|p2|Noivern, L50, M|\n|poke|p2|Oranguru, L50, F|\n|poke|p2|Kingambit, L50, M|\n|teampreview|4\n|inactive|Battle timer is ON: inactive players will automatically lose when time's up. (requested by Mario Flare)\n|inactiveoff|Battle timer is now OFF.\n|c|\u2606TobiVGC|gl\n|c|\u2606Mario Flare|Danke dir auch\n|\n|t:|1700673632\n|start\n|switch|p1a: Cresselia|Cresselia, L50, F|100\/100\n|switch|p1b: Domenik|Hariyama, L50, M, shiny|100\/100\n|switch|p2a: Torkoal|Torkoal, L50, M|100\/100\n|switch|p2b: Lilligant|Lilligant-Hisui, L50, F|100\/100\n|-weather|SunnyDay|[from] ability: Drought|[of] p2a: Torkoal\n|turn|1\n|\n|t:|1700673655\n|move|p1b: Domenik|Fake Out|p2a: Torkoal\n|-damage|p2a: Torkoal|92\/100\n|move|p2b: Lilligant|Sleep Powder|p1a: Cresselia\n|-status|p1a: Cresselia|slp|[from] move: Sleep Powder\n|cant|p2a: Torkoal|flinch\n|cant|p1a: Cresselia|slp\n|\n|-weather|SunnyDay|[upkeep]\n|-status|p1b: Domenik|brn|[from] item: Flame Orb\n|upkeep\n|turn|2\n|\n|t:|1700673681\n|switch|p1a: Haxhan|Thundurus-Therian, L50, M|100\/100\n|switch|p1b: Mario|Heatran, L50, F|100\/100\n|move|p2b: Lilligant|After You|p2a: Torkoal\n|-activate|p2a: Torkoal|move: After You\n|move|p2a: Torkoal|Eruption|p1b: Mario|[spread] p1a\n|-start|p1b: Mario|ability: Flash Fire\n|-damage|p1a: Haxhan|38\/100\n|\n|-weather|SunnyDay|[upkeep]\n|upkeep\n|turn|3\n|\n|t:|1700673701\n|move|p2b: Lilligant|Sleep Powder|p1b: Mario\n|-status|p1b: Mario|slp|[from] move: Sleep Powder\n|move|p1a: Haxhan|Wildbolt Storm|p2a: Torkoal|[spread] p2a\n|-miss|p1a: Haxhan|p2b: Lilligant\n|-damage|p2a: Torkoal|12\/100\n|cant|p1b: Mario|slp\n|move|p2a: Torkoal|Heat Wave|p1b: Mario|[spread] p1a\n|-immune|p1b: Mario|[from] ability: Flash Fire\n|-damage|p1a: Haxhan|0 fnt\n|faint|p1a: Haxhan\n|\n|-weather|SunnyDay|[upkeep]\n|upkeep\n|\n|t:|1700673714\n|switch|p1a: Cresselia|Cresselia, L50, F|100\/100 slp\n|turn|4\n|\n|t:|1700673731\n|move|p2a: Torkoal|Helping Hand|p2b: Lilligant\n|-singleturn|p2b: Lilligant|Helping Hand|[of] p2a: Torkoal\n|move|p2b: Lilligant|Leaf Blade|p1a: Cresselia\n|-damage|p1a: Cresselia|60\/100 slp\n|cant|p1b: Mario|slp\n|-curestatus|p1a: Cresselia|slp|[msg]\n|move|p1a: Cresselia|Trick Room|p1a: Cresselia\n|-fieldstart|move: Trick Room|[of] p1a: Cresselia\n|\n|-weather|SunnyDay|[upkeep]\n|upkeep\n|turn|5\n|\n|t:|1700673749\n|move|p2a: Torkoal|Heat Wave|p1b: Mario|[spread] p1a\n|-immune|p1b: Mario|[from] ability: Flash Fire\n|-damage|p1a: Cresselia|37\/100\n|move|p1a: Cresselia|Moonblast|p2a: Torkoal\n|-resisted|p2a: Torkoal\n|-damage|p2a: Torkoal|1\/100\n|cant|p1b: Mario|slp\n|move|p2b: Lilligant|Sleep Powder|p1a: Cresselia|[miss]\n|-miss|p2b: Lilligant|p1a: Cresselia\n|\n|-weather|none\n|upkeep\n|turn|6\n|\n|t:|1700673766\n|move|p2a: Torkoal|Heat Wave|p1b: Mario|[spread] p1a\n|-immune|p1b: Mario|[from] ability: Flash Fire\n|-damage|p1a: Cresselia|22\/100\n|move|p1a: Cresselia|Moonblast|p2b: Lilligant\n|-supereffective|p2b: Lilligant\n|-damage|p2b: Lilligant|43\/100\n|-unboost|p2b: Lilligant|spa|1\n|-curestatus|p1b: Mario|slp|[msg]\n|move|p1b: Mario|Magma Storm|p2b: Lilligant|[miss]\n|-miss|p1b: Mario|p2b: Lilligant\n|move|p2b: Lilligant|Sleep Powder|p1b: Mario\n|-status|p1b: Mario|slp|[from] move: Sleep Powder\n|\n|upkeep\n|turn|7\n|\n|t:|1700673788\n|move|p2a: Torkoal|Heat Wave|p1b: Mario|[spread] p1a\n|-immune|p1b: Mario|[from] ability: Flash Fire\n|-damage|p1a: Cresselia|6\/100\n|move|p1a: Cresselia|Lunar Blessing|p1a: Cresselia|[spread] p1a,p1b\n|-heal|p1a: Cresselia|31\/100\n|-curestatus|p1b: Mario|slp|[msg]\n|move|p1b: Mario|Magma Storm|p2b: Lilligant\n|-supereffective|p2b: Lilligant\n|-damage|p2b: Lilligant|0 fnt\n|faint|p2b: Lilligant\n|\n|upkeep\n|\n|t:|1700673797\n|switch|p2b: Kingambit|Kingambit, L50, M|100\/100\n|turn|8\n|\n|t:|1700673824\n|-terastallize|p2b: Kingambit|Dark\n|move|p2a: Torkoal|Helping Hand|p2b: Kingambit\n|-singleturn|p2b: Kingambit|Helping Hand|[of] p2a: Torkoal\n|move|p2b: Kingambit|Kowtow Cleave|p1b: Mario\n|-damage|p1b: Mario|8\/100\n|move|p1a: Cresselia|Lunar Blessing|p1a: Cresselia|[spread] p1a,p1b\n|-heal|p1a: Cresselia|56\/100\n|-heal|p1b: Mario|33\/100\n|move|p1b: Mario|Magma Storm|p2b: Kingambit|[miss]\n|-miss|p1b: Mario|p2b: Kingambit\n|\n|-fieldend|move: Trick Room\n|upkeep\n|turn|9\n|\n|t:|1700673846\n|switch|p2a: Flutter Mane|Flutter Mane, L50|100\/100\n|move|p1a: Cresselia|Ally Switch|p1a: Cresselia\n|swap|p1a: Cresselia|1|[from] move: Ally Switch\n|move|p2b: Kingambit|Sucker Punch||[still]\n|-fail|p2b: Kingambit\n|move|p1a: Mario|Solar Beam||[still]\n|-prepare|p1a: Mario|Solar Beam\n|-enditem|p1a: Mario|Power Herb\n|-anim|p1a: Mario|Solar Beam|p2b: Kingambit\n|-damage|p2b: Kingambit|57\/100\n|\n|upkeep\n|turn|10\n|\n|t:|1700673860\n|move|p1b: Cresselia|Ally Switch||[still]\n|-fail|p1b: Cresselia\n|move|p2a: Flutter Mane|Shadow Ball|p1a: Mario\n|-damage|p1a: Mario|0 fnt\n|faint|p1a: Mario\n|-damage|p2a: Flutter Mane|90\/100|[from] item: Life Orb\n|move|p2b: Kingambit|Kowtow Cleave|p1b: Cresselia\n|-supereffective|p1b: Cresselia\n|-damage|p1b: Cresselia|0 fnt\n|faint|p1b: Cresselia\n|\n|upkeep\n|\n|t:|1700673866\n|switch|p1b: Domenik|Hariyama, L50, M, shiny|100\/100 brn\n|turn|11\n|\n|t:|1700673880\n|-terastallize|p1b: Domenik|Steel\n|move|p2a: Flutter Mane|Protect|p2a: Flutter Mane\n|-singleturn|p2a: Flutter Mane|Protect\n|move|p1b: Domenik|Bullet Punch|p2a: Flutter Mane\n|-activate|p2a: Flutter Mane|move: Protect\n|move|p2b: Kingambit|Kowtow Cleave|p1b: Domenik\n|-damage|p1b: Domenik|26\/100 brn\n|\n|-damage|p1b: Domenik|20\/100 brn|[from] brn\n|upkeep\n|turn|12\n|c|\u2606Mario Flare|gg\n|\n|t:|1700673896\n|-end|p2a: Flutter Mane|Protosynthesis|[silent]\n|switch|p2a: Torkoal|Torkoal, L50, M|1\/100\n|-weather|SunnyDay|[from] ability: Drought|[of] p2a: Torkoal\n|move|p1b: Domenik|Bullet Punch|p2a: Torkoal\n|-resisted|p2a: Torkoal\n|-damage|p2a: Torkoal|0 fnt\n|faint|p2a: Torkoal\n|move|p2b: Kingambit|Kowtow Cleave|p1b: Domenik\n|-damage|p1b: Domenik|0 fnt\n|faint|p1b: Domenik\n|\n|win|TobiVGC\n|c|\u2606TobiVGC|gg\n","uploadtime":1700673900,"views":15,"p1id":"marioflare","p2id":"tobivgc","formatid":"gen9vgc2023regulatione","rating":0,"private":0,"password":""}