{"id":"gen9vgc2023regulatione-1994875445","p1":"COSMONAUTA J","p2":"ProfPajamas","format":"[Gen 9] VGC 2023 Regulation E","log":"|j|\u2606COSMONAUTA J\n|j|\u2606ProfPajamas\n|n|\u2606COSMONAUTA J|cosmonautaj\n|n|\u2606ProfPajamas|profpajamas\n|html|View the match progress at <a href=\"\/game-bestof3-gen9vgc2023regulatione-1994873111\">game-bestof3-gen9vgc2023regulatione-1994873111<\/a>\n|t:|1700500774\n|gametype|doubles\n|player|p1|COSMONAUTA J|cyrus|\n|player|p2|ProfPajamas|waitress|\n|teamsize|p1|6\n|teamsize|p2|6\n|gen|9\n|tier|[Gen 9] VGC 2023 Regulation E\n|rated|Tournament battle\n|rule|Species Clause: Limit one of each Pok\u00e9mon\n|rule|Item Clause: Limit one of each item\n|clearpoke\n|poke|p1|Heatran, L50, M|\n|poke|p1|Iron Bundle, L50|\n|poke|p1|Rillaboom, L50, M|\n|poke|p1|Ogerpon-Hearthflame, L50, F|\n|poke|p1|Landorus-Therian, L50, M|\n|poke|p1|Iron Hands, L50|\n|poke|p2|Arcanine-Hisui, L50, M|\n|poke|p2|Grimmsnarl, L50, M|\n|poke|p2|Flutter Mane, L50|\n|poke|p2|Iron Hands, L50|\n|poke|p2|Sinistcha, L50|\n|poke|p2|Goodra-Hisui, L50, M|\n|teampreview|4\n|showteam|p1|Heatran||LifeOrb|FlashFire|HeatWave,FlashCannon,EarthPower,Protect|||M|||50|,,,,,Fairy]Iron Bundle||BoosterEnergy|QuarkDrive|FreezeDry,HydroPump,Protect,IcyWind||||||50|,,,,,Ghost]Rillaboom||SitrusBerry|GrassySurge|WoodHammer,GrassyGlide,Uturn,FakeOut|||M|||50|,,,,,Fire]Ogerpon-Hearthflame||HearthflameMask|MoldBreaker|SwordsDance,GrassyGlide,SpikyShield,IvyCudgel|||F|||50|,,,,,Fire]Landorus-Therian||ChoiceScarf|Intimidate|StompingTantrum,RockSlide,TeraBlast,Uturn|||M|||50|,,,,,Flying]Iron Hands||AssaultVest|QuarkDrive|WildCharge,DrainPunch,HeavySlam,FakeOut||||||50|,,,,,Water\n|showteam|p2|Arcanine-Hisui||SitrusBerry|Intimidate|FlareBlitz,RockSlide,WillOWisp,ExtremeSpeed|||M|||50|,,,,,Fairy]Grimmsnarl||LightClay|Prankster|Reflect,LightScreen,Taunt,SpiritBreak|||M|||50|,,,,,Steel]Flutter Mane||ChoiceSpecs|Protosynthesis|Moonblast,ShadowBall,Thunderbolt,DazzlingGleam||||||50|,,,,,Fairy]Iron Hands||AssaultVest|QuarkDrive|DrainPunch,ThunderPunch,StompingTantrum,FakeOut||||||50|,,,,,Grass]Sinistcha||RockyHelmet|Hospitality|MatchaGotcha,RagePowder,StrengthSap,Protect||||||50|,,,,,Water]Goodra-Hisui||Leftovers|ShellArmor|AcidArmor,BodyPress,HeavySlam,LifeDew|||M|||50|,,,,,Water\n|inactive|Battle timer is ON: inactive players will automatically lose when time's up. (requested by COSMONAUTA J)\n|\n|t:|1700500790\n|start\n|switch|p1a: $$ AVANTI $$|Rillaboom, L50, M|100\/100\n|switch|p1b: BLOGUEIRA|Ogerpon-Hearthflame, L50, F|100\/100\n|switch|p2a: Grimmsnarl|Grimmsnarl, L50, M|100\/100\n|switch|p2b: Arcanine|Arcanine-Hisui, L50, M|100\/100\n|-ability|p1b: BLOGUEIRA|Mold Breaker\n|-ability|p2b: Arcanine|Intimidate|boost\n|-unboost|p1a: $$ AVANTI $$|atk|1\n|-unboost|p1b: BLOGUEIRA|atk|1\n|-fieldstart|move: Grassy Terrain|[from] ability: Grassy Surge|[of] p1a: $$ AVANTI $$\n|turn|1\n|inactive|ProfPajamas has 30 seconds left.\n|\n|t:|1700500824\n|move|p1a: $$ AVANTI $$|Fake Out|p2b: Arcanine\n|-resisted|p2b: Arcanine\n|-damage|p2b: Arcanine|95\/100\n|move|p2a: Grimmsnarl|Taunt|p1b: BLOGUEIRA\n|-start|p1b: BLOGUEIRA|move: Taunt\n|cant|p1b: BLOGUEIRA|move: Taunt|Swords Dance\n|cant|p2b: Arcanine|flinch\n|\n|-heal|p2b: Arcanine|100\/100|[from] Grassy Terrain\n|upkeep\n|turn|2\n|\n|t:|1700500839\n|switch|p1b: S.E.PANELA|Heatran, L50, M|100\/100\n|move|p2a: Grimmsnarl|Reflect|p2a: Grimmsnarl\n|-sidestart|p2: ProfPajamas|Reflect\n|move|p2b: Arcanine|Rock Slide|p1a: $$ AVANTI $$|[spread] p1a,p1b\n|-damage|p1a: $$ AVANTI $$|72\/100\n|-damage|p1b: S.E.PANELA|75\/100\n|move|p1a: $$ AVANTI $$|Wood Hammer|p2a: Grimmsnarl\n|-damage|p2a: Grimmsnarl|50\/100\n|-damage|p1a: $$ AVANTI $$|55\/100|[from] Recoil\n|\n|-heal|p1b: S.E.PANELA|81\/100|[from] Grassy Terrain\n|-heal|p1a: $$ AVANTI $$|61\/100|[from] Grassy Terrain\n|-heal|p2a: Grimmsnarl|56\/100|[from] Grassy Terrain\n|upkeep\n|turn|3\n|inactive|ProfPajamas has 30 seconds left.\n|\n|t:|1700500868\n|move|p2a: Grimmsnarl|Light Screen|p2a: Grimmsnarl\n|-sidestart|p2: ProfPajamas|move: Light Screen\n|move|p2b: Arcanine|Flare Blitz|p1a: $$ AVANTI $$\n|-supereffective|p1a: $$ AVANTI $$\n|-damage|p1a: $$ AVANTI $$|0 fnt\n|faint|p1a: $$ AVANTI $$\n|-damage|p2b: Arcanine|78\/100|[from] Recoil\n|move|p1b: S.E.PANELA|Earth Power|p2b: Arcanine\n|-supereffective|p2b: Arcanine\n|-damage|p2b: Arcanine|0 fnt\n|faint|p2b: Arcanine\n|-damage|p1b: S.E.PANELA|71\/100|[from] item: Life Orb\n|\n|-heal|p1b: S.E.PANELA|78\/100|[from] Grassy Terrain\n|-heal|p2a: Grimmsnarl|62\/100|[from] Grassy Terrain\n|upkeep\n|\n|t:|1700500892\n|switch|p2b: Iron Hands|Iron Hands, L50|100\/100\n|switch|p1a: BLOGUEIRA|Ogerpon-Hearthflame, L50, F|100\/100\n|-ability|p1a: BLOGUEIRA|Mold Breaker\n|turn|4\n|\n|t:|1700500906\n|-terastallize|p2b: Iron Hands|Grass\n|move|p2a: Grimmsnarl|Taunt|p1a: BLOGUEIRA\n|-start|p1a: BLOGUEIRA|move: Taunt\n|move|p1a: BLOGUEIRA|Ivy Cudgel|p2b: Iron Hands|[anim] Ivy Cudgel Fire\n|-supereffective|p2b: Iron Hands\n|-damage|p2b: Iron Hands|51\/100\n|move|p1b: S.E.PANELA|Flash Cannon|p2a: Grimmsnarl\n|-supereffective|p2a: Grimmsnarl\n|-damage|p2a: Grimmsnarl|5\/100\n|-damage|p1b: S.E.PANELA|68\/100|[from] item: Life Orb\n|move|p2b: Iron Hands|Stomping Tantrum|p1b: S.E.PANELA\n|-supereffective|p1b: S.E.PANELA\n|-damage|p1b: S.E.PANELA|0 fnt\n|faint|p1b: S.E.PANELA\n|\n|-heal|p2a: Grimmsnarl|11\/100|[from] Grassy Terrain\n|-heal|p2b: Iron Hands|58\/100|[from] Grassy Terrain\n|upkeep\n|\n|t:|1700500922\n|switch|p1b: PARDABEL|Iron Bundle, L50|100\/100\n|-enditem|p1b: PARDABEL|Booster Energy\n|-activate|p1b: PARDABEL|ability: Quark Drive|[fromitem]\n|-start|p1b: PARDABEL|quarkdrivespe\n|turn|5\n|\n|t:|1700500936\n|-terastallize|p1a: BLOGUEIRA|Fire\n|detailschange|p1a: BLOGUEIRA|Ogerpon-Hearthflame-Tera, L50, F, tera:Fire\n|-ability|p1a: BLOGUEIRA|Embody Aspect (Hearthflame)|boost\n|-boost|p1a: BLOGUEIRA|atk|1\n|move|p1b: PARDABEL|Icy Wind|p2a: Grimmsnarl|[spread] p2a,p2b\n|-supereffective|p2b: Iron Hands\n|-damage|p2a: Grimmsnarl|0 fnt\n|-damage|p2b: Iron Hands|47\/100\n|-unboost|p2b: Iron Hands|spe|1\n|faint|p2a: Grimmsnarl\n|move|p1a: BLOGUEIRA|Ivy Cudgel|p2b: Iron Hands|[anim] Ivy Cudgel Fire\n|-supereffective|p2b: Iron Hands\n|-damage|p2b: Iron Hands|0 fnt\n|faint|p2b: Iron Hands\n|-end|p2b: Iron Hands|Quark Drive|[silent]\n|\n|-fieldend|move: Grassy Terrain\n|upkeep\n|\n|t:|1700500952\n|switch|p2a: Flutter Mane|Flutter Mane, L50|100\/100\n|turn|6\n|\n|t:|1700500963\n|move|p1b: PARDABEL|Icy Wind|p2a: Flutter Mane\n|-damage|p2a: Flutter Mane|80\/100\n|-unboost|p2a: Flutter Mane|spe|1\n|move|p1a: BLOGUEIRA|Ivy Cudgel|p2a: Flutter Mane|[anim] Ivy Cudgel Fire\n|-damage|p2a: Flutter Mane|0 fnt\n|faint|p2a: Flutter Mane\n|-end|p2a: Flutter Mane|Protosynthesis|[silent]\n|\n|win|COSMONAUTA J\n|l|\u2606ProfPajamas\n","uploadtime":1700501046,"views":13,"p1id":"cosmonautaj","p2id":"profpajamas","formatid":"gen9vgc2023regulatione","rating":0,"private":0,"password":""}