{"id":"gen9vgc2023regulatione-1998333246","p1":"fuent127","p2":"PeachBlink","format":"[Gen 9] VGC 2023 Regulation E","log":"|j|\u2606fuent127\n|j|\u2606PeachBlink\n|t:|1700930572\n|gametype|doubles\n|player|p1|fuent127|veteran|1355\n|player|p2|PeachBlink|bruno|1339\n|teamsize|p1|6\n|teamsize|p2|6\n|gen|9\n|tier|[Gen 9] VGC 2023 Regulation E\n|rated|\n|rule|Species Clause: Limit one of each Pok\u00e9mon\n|rule|Item Clause: Limit one of each item\n|clearpoke\n|poke|p1|Ogerpon-Hearthflame, L50, F|\n|poke|p1|Rillaboom, L50, M|\n|poke|p1|Flutter Mane, L50|\n|poke|p1|Urshifu-*, L50, F|\n|poke|p1|Tornadus, L50, M|\n|poke|p1|Heatran, L50, M|\n|poke|p2|Gholdengo, L50|\n|poke|p2|Iron Hands, L50|\n|poke|p2|Amoonguss, L50, M|\n|poke|p2|Iron Bundle, L50|\n|poke|p2|Pelipper, L50, M|\n|poke|p2|Salamence, L50, F|\n|teampreview|4\n|inactive|Battle timer is ON: inactive players will automatically lose when time's up. (requested by fuent127)\nfuent127 rejected open team sheets.\n|inactive|fuent127 has 60 seconds left.\n|inactive|PeachBlink has 60 seconds left.\n|\n|t:|1700930623\n|start\n|switch|p1a: Tornadus|Tornadus, L50, M|100\/100\n|switch|p1b: Urshifu|Urshifu, L50, F|100\/100\n|switch|p2a: Pelipper|Pelipper, L50, M|100\/100\n|switch|p2b: Iron Hands|Iron Hands, L50|100\/100\n|-weather|RainDance|[from] ability: Drizzle|[of] p2a: Pelipper\n|turn|1\n|inactive|PeachBlink has 30 seconds left.\n|\n|t:|1700930655\n|move|p1a: Tornadus|Protect|p1a: Tornadus\n|-singleturn|p1a: Tornadus|Protect\n|move|p1b: Urshifu|Protect|p1b: Urshifu\n|-singleturn|p1b: Urshifu|Protect\n|move|p2b: Iron Hands|Fake Out|p1a: Tornadus\n|-activate|p1a: Tornadus|move: Protect\n|move|p2a: Pelipper|Hurricane|p1b: Urshifu\n|-activate|p1b: Urshifu|move: Protect\n|\n|-weather|RainDance|[upkeep]\n|upkeep\n|turn|2\n|inactive|PeachBlink has 30 seconds left.\n|\n|t:|1700930681\n|move|p2a: Pelipper|Wide Guard|p2a: Pelipper\n|-singleturn|p2a: Pelipper|Wide Guard\n|move|p1b: Urshifu|Wicked Blow|p2a: Pelipper\n|-crit|p2a: Pelipper\n|-damage|p2a: Pelipper|15\/100\n|move|p1a: Tornadus|Bleakwind Storm|p2b: Iron Hands|[spread] \n|-activate|p2a: Pelipper|move: Wide Guard\n|-activate|p2b: Iron Hands|move: Wide Guard\n|move|p2b: Iron Hands|Drain Punch|p1b: Urshifu\n|-supereffective|p1b: Urshifu\n|-damage|p1b: Urshifu|22\/100\n|\n|-weather|RainDance|[upkeep]\n|upkeep\n|turn|3\n|inactive|fuent127 has 30 seconds left.\n|inactive|fuent127 has 20 seconds left.\n|\n|t:|1700930720\n|switch|p2a: Salamence|Salamence, L50, F|100\/100\n|-ability|p2a: Salamence|Intimidate|boost\n|-unboost|p1a: Tornadus|atk|1\n|-unboost|p1b: Urshifu|atk|1\n|move|p1b: Urshifu|Close Combat|p2b: Iron Hands\n|-damage|p2b: Iron Hands|73\/100\n|-unboost|p1b: Urshifu|def|1\n|-unboost|p1b: Urshifu|spd|1\n|move|p1a: Tornadus|Bleakwind Storm|p2a: Salamence|[spread] p2a,p2b\n|-damage|p2a: Salamence|46\/100\n|-damage|p2b: Iron Hands|52\/100\n|-unboost|p2b: Iron Hands|spe|1\n|move|p2b: Iron Hands|Wild Charge|p1a: Tornadus\n|-supereffective|p1a: Tornadus\n|-damage|p1a: Tornadus|0 fnt\n|faint|p1a: Tornadus\n|-damage|p2b: Iron Hands|32\/100|[from] Recoil\n|\n|-weather|RainDance|[upkeep]\n|upkeep\n|\n|t:|1700930742\n|switch|p1a: Rillaboom|Rillaboom, L50, M|100\/100\n|-fieldstart|move: Grassy Terrain|[from] ability: Grassy Surge|[of] p1a: Rillaboom\n|turn|4\n|\n|t:|1700930758\n|switch|p2a: Pelipper|Pelipper, L50, M|15\/100\n|move|p1a: Rillaboom|Fake Out|p2a: Pelipper\n|-damage|p2a: Pelipper|0 fnt\n|faint|p2a: Pelipper\n|move|p1b: Urshifu|Close Combat|p2b: Iron Hands\n|-damage|p2b: Iron Hands|2\/100\n|-unboost|p1b: Urshifu|def|1\n|-unboost|p1b: Urshifu|spd|1\n|move|p2b: Iron Hands|Drain Punch|p1a: Rillaboom\n|-damage|p1a: Rillaboom|60\/100\n|-heal|p2b: Iron Hands|19\/100|[from] drain|[of] p1a: Rillaboom\n|\n|-weather|RainDance|[upkeep]\n|-heal|p1b: Urshifu|27\/100|[from] Grassy Terrain\n|-heal|p1a: Rillaboom|66\/100|[from] Grassy Terrain\n|-heal|p2b: Iron Hands|25\/100|[from] Grassy Terrain\n|upkeep\n|\n|t:|1700930774\n|switch|p2a: Salamence|Salamence, L50, F|46\/100\n|-ability|p2a: Salamence|Intimidate|boost\n|-unboost|p1a: Rillaboom|atk|1\n|-unboost|p1b: Urshifu|atk|1\n|turn|5\n|inactive|PeachBlink has 30 seconds left.\n|\n|t:|1700930804\n|switch|p1b: Ogerpon|Ogerpon-Hearthflame, L50, F|100\/100\n|-ability|p1b: Ogerpon|Mold Breaker\n|move|p2a: Salamence|Hurricane|p1a: Rillaboom\n|-supereffective|p1a: Rillaboom\n|-damage|p1a: Rillaboom|0 fnt\n|faint|p1a: Rillaboom\n|move|p2b: Iron Hands|Drain Punch|p1b: Ogerpon\n|-damage|p1b: Ogerpon|40\/100\n|-heal|p2b: Iron Hands|45\/100|[from] drain|[of] p1b: Ogerpon\n|\n|-weather|none\n|-heal|p1b: Ogerpon|46\/100|[from] Grassy Terrain\n|-heal|p2b: Iron Hands|51\/100|[from] Grassy Terrain\n|upkeep\n|\n|t:|1700930815\n|switch|p1a: Urshifu|Urshifu, L50, F|27\/100\n|turn|6\n|inactive|fuent127 has 30 seconds left.\n|inactive|PeachBlink has 30 seconds left.\n|inactive|fuent127 has 20 seconds left.\n|inactive|PeachBlink has 20 seconds left.\n|inactive|fuent127 has 15 seconds left.\n|inactive|fuent127 has 10 seconds left.\n|\n|t:|1700930863\n|switch|p2a: Iron Bundle|Iron Bundle, L50|100\/100\n|-enditem|p2a: Iron Bundle|Booster Energy\n|-activate|p2a: Iron Bundle|ability: Quark Drive|[fromitem]\n|-start|p2a: Iron Bundle|quarkdrivespe\n|-terastallize|p1b: Ogerpon|Fire\n|detailschange|p1b: Ogerpon|Ogerpon-Hearthflame-Tera, L50, F, tera:Fire\n|-ability|p1b: Ogerpon|Embody Aspect (Hearthflame)|boost\n|-boost|p1b: Ogerpon|atk|1\n|move|p1a: Urshifu|Sucker Punch||[still]\n|-fail|p1a: Urshifu\n|move|p1b: Ogerpon|Ivy Cudgel|p2b: Iron Hands|[anim] Ivy Cudgel Fire\n|-damage|p2b: Iron Hands|0 fnt\n|faint|p2b: Iron Hands\n|-end|p2b: Iron Hands|Quark Drive|[silent]\n|\n|-heal|p1b: Ogerpon|52\/100|[from] Grassy Terrain\n|-heal|p1a: Urshifu|33\/100|[from] Grassy Terrain\n|upkeep\n|\n|t:|1700930878\n|switch|p2b: Salamence|Salamence, L50, F|46\/100\n|-ability|p2b: Salamence|Intimidate|boost\n|-unboost|p1a: Urshifu|atk|1\n|-unboost|p1b: Ogerpon|atk|1\n|turn|7\n|\n|t:|1700930891\n|move|p1b: Ogerpon|Grassy Glide|p2a: Iron Bundle\n|-supereffective|p2a: Iron Bundle\n|-damage|p2a: Iron Bundle|20\/100\n|move|p1a: Urshifu|Sucker Punch|p2b: Salamence\n|-damage|p2b: Salamence|12\/100\n|move|p2a: Iron Bundle|Freeze-Dry|p1a: Urshifu\n|-damage|p1a: Urshifu|0 fnt\n|faint|p1a: Urshifu\n|move|p2b: Salamence|Draco Meteor|p1b: Ogerpon|[miss]\n|-miss|p2b: Salamence|p1b: Ogerpon\n|\n|-heal|p2a: Iron Bundle|26\/100|[from] Grassy Terrain\n|-heal|p1b: Ogerpon|58\/100|[from] Grassy Terrain\n|upkeep\n|turn|8\n|inactive|PeachBlink has 30 seconds left.\n|\n|t:|1700930918\n|move|p2a: Iron Bundle|Hydro Pump|p1b: Ogerpon\n|-supereffective|p1b: Ogerpon\n|-damage|p1b: Ogerpon|0 fnt\n|faint|p1b: Ogerpon\n|\n|win|PeachBlink\n|raw|fuent127's rating: 1355 &rarr; <strong>1334<\/strong><br \/>(-21 for losing)\n|raw|PeachBlink's rating: 1339 &rarr; <strong>1360<\/strong><br \/>(+21 for winning)\n|l|\u2606fuent127\n","uploadtime":1700930926,"views":9,"p1id":"fuent127","p2id":"peachblink","formatid":"gen9vgc2023regulatione","rating":1334,"private":0,"password":""}