{"id":"gen9vgc2023regulatione-1989403972","p1":"Tutkan","p2":"lolmaster2 50 5","format":"[Gen 9] VGC 2023 Regulation E","log":"|j|\u2606Tutkan\n|j|\u2606lolmaster2 50 5\n|t:|1699845870\n|gametype|doubles\n|player|p1|Tutkan|170|1264\n|player|p2|lolmaster2 50 5|volo|1292\n|teamsize|p1|6\n|teamsize|p2|6\n|gen|9\n|tier|[Gen 9] VGC 2023 Regulation E\n|rated|\n|rule|Species Clause: Limit one of each Pok\u00e9mon\n|rule|Item Clause: Limit one of each item\n|clearpoke\n|poke|p1|Heatran, L50, M|\n|poke|p1|Chien-Pao, L50|\n|poke|p1|Dragonite, L50, M|\n|poke|p1|Urshifu-*, L50, F|\n|poke|p1|Flutter Mane, L50|\n|poke|p1|Tornadus, L50, M|\n|poke|p2|Tornadus, L50, M|\n|poke|p2|Flutter Mane, L50|\n|poke|p2|Ogerpon-Hearthflame, L50, F|\n|poke|p2|Urshifu-*, L50, F|\n|poke|p2|Chien-Pao, L50|\n|poke|p2|Iron Hands, L50|\n|teampreview|4\n|inactive|Battle timer is ON: inactive players will automatically lose when time's up. (requested by lolmaster2 50 5)\n|inactive|Tutkan has 60 seconds left.\n|\n|t:|1699845921\n|start\n|switch|p1a: Tornadus|Tornadus, L50, M|100\/100\n|switch|p1b: Flutter Mane|Flutter Mane, L50|100\/100\n|switch|p2a: Tornadus|Tornadus, L50, M|100\/100\n|switch|p2b: Urshifu|Urshifu-Rapid-Strike, L50, F|100\/100\n|-enditem|p1b: Flutter Mane|Booster Energy\n|-activate|p1b: Flutter Mane|ability: Protosynthesis|[fromitem]\n|-start|p1b: Flutter Mane|protosynthesisspa\n|turn|1\n|\n|t:|1699845944\n|-end|p1b: Flutter Mane|Protosynthesis|[silent]\n|switch|p1b: Dragonite|Dragonite, L50, M|100\/100\n|-terastallize|p2b: Urshifu|Water\n|move|p1a: Tornadus|Tailwind|p1a: Tornadus\n|-sidestart|p1: Tutkan|move: Tailwind\n|move|p2a: Tornadus|Rain Dance|p2a: Tornadus\n|-weather|RainDance\n|move|p2b: Urshifu|Surging Strikes|p1b: Dragonite\n|-resisted|p1b: Dragonite\n|-crit|p1b: Dragonite\n|-damage|p1b: Dragonite|76\/100\n|-resisted|p1b: Dragonite\n|-crit|p1b: Dragonite\n|-damage|p1b: Dragonite|51\/100\n|-resisted|p1b: Dragonite\n|-crit|p1b: Dragonite\n|-damage|p1b: Dragonite|28\/100\n|-hitcount|p1b: Dragonite|3\n|\n|-weather|RainDance|[upkeep]\n|upkeep\n|turn|2\n|inactive|Tutkan has 30 seconds left.\n|\n|t:|1699845975\n|-terastallize|p1b: Dragonite|Normal\n|move|p1b: Dragonite|Extreme Speed|p2b: Urshifu\n|-damage|p2b: Urshifu|33\/100\n|move|p2a: Tornadus|Tailwind|p2a: Tornadus\n|-sidestart|p2: lolmaster2 50 5|move: Tailwind\n|move|p1a: Tornadus|Bleakwind Storm|p2a: Tornadus|[spread] p2a,p2b\n|-damage|p2a: Tornadus|71\/100\n|-damage|p2b: Urshifu|0 fnt\n|faint|p2b: Urshifu\n|\n|-weather|RainDance|[upkeep]\n|upkeep\n|\n|t:|1699845989\n|switch|p2b: Flutter Mane|Flutter Mane, L50, shiny|100\/100\n|turn|3\n|\n|t:|1699846003\n|switch|p1a: Heatran|Heatran, L50, M|100\/100\n|move|p1b: Dragonite|Extreme Speed|p2a: Tornadus\n|-damage|p2a: Tornadus|0 fnt\n|faint|p2a: Tornadus\n|move|p2b: Flutter Mane|Dazzling Gleam|p1b: Dragonite|[spread] p1a,p1b\n|-resisted|p1a: Heatran\n|-damage|p1a: Heatran|95\/100\n|-damage|p1b: Dragonite|0 fnt\n|faint|p1b: Dragonite\n|\n|-weather|RainDance|[upkeep]\n|upkeep\n|\n|t:|1699846026\n|switch|p2a: Bryan Hands|Iron Hands, L50|100\/100\n|switch|p1b: Flutter Mane|Flutter Mane, L50|100\/100\n|turn|4\n|\n|t:|1699846052\n|move|p2a: Bryan Hands|Fake Out|p1a: Heatran\n|-resisted|p1a: Heatran\n|-damage|p1a: Heatran|88\/100\n|move|p2b: Flutter Mane|Dazzling Gleam|p1a: Heatran|[spread] p1a,p1b\n|-resisted|p1a: Heatran\n|-damage|p1a: Heatran|82\/100\n|-damage|p1b: Flutter Mane|63\/100\n|move|p1b: Flutter Mane|Shadow Ball|p2b: Flutter Mane\n|-supereffective|p2b: Flutter Mane\n|-damage|p2b: Flutter Mane|16\/100\n|cant|p1a: Heatran|flinch\n|\n|-weather|RainDance|[upkeep]\n|-sideend|p1: Tutkan|move: Tailwind\n|upkeep\n|turn|5\n|inactive|Tutkan has 30 seconds left.\n|\n|t:|1699846087\n|switch|p1a: Tornadus|Tornadus, L50, M|100\/100\n|move|p2b: Flutter Mane|Dazzling Gleam|p1a: Tornadus|[spread] p1a,p1b\n|-damage|p1a: Tornadus|42\/100\n|-damage|p1b: Flutter Mane|17\/100\n|move|p1b: Flutter Mane|Dazzling Gleam|p2b: Flutter Mane|[spread] p2a,p2b\n|-supereffective|p2a: Bryan Hands\n|-damage|p2a: Bryan Hands|63\/100\n|-damage|p2b: Flutter Mane|0 fnt\n|faint|p2b: Flutter Mane\n|-end|p2b: Flutter Mane|Protosynthesis|[silent]\n|move|p2a: Bryan Hands|Heavy Slam|p1b: Flutter Mane\n|-supereffective|p1b: Flutter Mane\n|-damage|p1b: Flutter Mane|0 fnt\n|faint|p1b: Flutter Mane\n|-end|p1b: Flutter Mane|Protosynthesis|[silent]\n|\n|-weather|none\n|-sideend|p2: lolmaster2 50 5|move: Tailwind\n|upkeep\n|\n|t:|1699846104\n|switch|p1b: Heatran|Heatran, L50, M|82\/100\n|turn|6\n|\n|t:|1699846112\n|move|p1a: Tornadus|Bleakwind Storm|p2a: Bryan Hands\n|-crit|p2a: Bryan Hands\n|-damage|p2a: Bryan Hands|26\/100\n|move|p1b: Heatran|Earth Power|p2a: Bryan Hands\n|-supereffective|p2a: Bryan Hands\n|-damage|p2a: Bryan Hands|0 fnt\n|faint|p2a: Bryan Hands\n|-end|p2a: Bryan Hands|Quark Drive|[silent]\n|\n|win|Tutkan\n|raw|Tutkan's rating: 1264 &rarr; <strong>1291<\/strong><br \/>(+27 for winning)\n|raw|lolmaster2 50 5's rating: 1292 &rarr; <strong>1265<\/strong><br \/>(-27 for losing)\n|l|\u2606lolmaster2 50 5\n","uploadtime":1699846131,"views":25,"p1id":"tutkan","p2id":"lolmaster2505","formatid":"gen9vgc2023regulatione","rating":1265,"private":0,"password":""}