{"id":"gen9vgc2023regulatione-1989082638","p1":"Cdogp","p2":"GameOverGaming","format":"[Gen 9] VGC 2023 Regulation E","log":"|j|\u2606Cdogp\n|j|\u2606GameOverGaming\n|t:|1699810265\n|gametype|doubles\n|player|p1|Cdogp|backpacker|\n|player|p2|GameOverGaming|yellow|\n|teamsize|p1|6\n|teamsize|p2|6\n|gen|9\n|tier|[Gen 9] VGC 2023 Regulation E\n|rated|Tournament battle\n|rule|Species Clause: Limit one of each Pok\u00e9mon\n|rule|Item Clause: Limit one of each item\n|clearpoke\n|poke|p1|Flutter Mane, L50|\n|poke|p1|Amoonguss, L50, M|\n|poke|p1|Landorus-Therian, L50, M|\n|poke|p1|Urshifu-*, L50, F|\n|poke|p1|Iron Hands, L50|\n|poke|p1|Arcanine, L50, M|\n|poke|p2|Avalugg-Hisui, L50, F|\n|poke|p2|Tyranitar, L50, F|\n|poke|p2|Cresselia, L50, F|\n|poke|p2|Rillaboom, L50, M|\n|poke|p2|Iron Bundle, L50|\n|poke|p2|Arcanine-Hisui, L50, M|\n|teampreview|4\n|showteam|p1|Flutter Mane||ChoiceSpecs|Protosynthesis|DazzlingGleam,ShadowBall,Moonblast,EnergyBall||||||50|,,,,,Fairy]Amoonguss||MentalHerb|Regenerator|Spore,PollenPuff,RagePowder,Protect|||M|||50|,,,,,Water]Landorus-Therian||ClearAmulet|Intimidate|TeraBlast,Uturn,StompingTantrum,Protect|||M|||50|,,,,,Flying]Urshifu-Rapid-Strike||ChoiceScarf|UnseenFist|Uturn,SurgingStrikes,AquaJet,CloseCombat|||F|||50|,,,,,Water]Iron Hands||Leftovers|QuarkDrive|WildCharge,Detect,SwordsDance,DrainPunch||||||50|,,,,,Fire]Arcanine||SitrusBerry|Intimidate|WillOWisp,FlareBlitz,Snarl,Protect|||M|||50|,,,,,Water\n|showteam|p2|Avalugg-Hisui||AssaultVest|StrongJaw|IceFang,RockSlide,IronHead,HighHorsepower|||F|||50|,,,,,Flying]Tyranitar||Leftovers|SandStream|TeraBlast,KnockOff,RockSlide,Protect|||F|||50|,,,,,Psychic]Cresselia||MentalHerb|Levitate|LunarBlessing,IceBeam,Psychic,TrickRoom|||F|||50|,,,,,Fairy]Rillaboom||MiracleSeed|GrassySurge|FakeOut,GrassyGlide,Protect,HighHorsepower|||M|||50|,,,,,Fire]Iron Bundle||BoosterEnergy|QuarkDrive|Protect,FreezeDry,HydroPump,IcyWind||||||50|,,,,,Ghost]Arcanine-Hisui||ChoiceBand|Intimidate|HeadSmash,FlareBlitz,RockSlide,ExtremeSpeed|||M|||50|,,,,,Grass\n|inactive|Battle timer is ON: inactive players will automatically lose when time's up. (requested by Cdogp)\n|inactive|GameOverGaming has 60 seconds left.\n|\n|t:|1699810321\n|start\n|switch|p1a: Chad|Iron Hands, L50|100\/100\n|switch|p1b: Usopp|Amoonguss, L50, M|100\/100\n|switch|p2a: Iron Bundle|Iron Bundle, L50|100\/100\n|switch|p2b: Rillaboom|Rillaboom, L50, M|100\/100\n|-fieldstart|move: Grassy Terrain|[from] ability: Grassy Surge|[of] p2b: Rillaboom\n|-enditem|p2a: Iron Bundle|Booster Energy\n|-activate|p2a: Iron Bundle|ability: Quark Drive|[fromitem]\n|-start|p2a: Iron Bundle|quarkdrivespe\n|turn|1\n|j| PoisonousXatu\n|inactive|GameOverGaming has 30 seconds left.\n|inactive|GameOverGaming has 20 seconds left.\n|inactive|GameOverGaming has 15 seconds left.\n|inactive|GameOverGaming has 10 seconds left.\n|\n|t:|1699810369\n|-terastallize|p2a: Iron Bundle|Ghost\n|move|p1a: Chad|Detect|p1a: Chad\n|-singleturn|p1a: Chad|Protect\n|move|p1b: Usopp|Protect|p1b: Usopp\n|-singleturn|p1b: Usopp|Protect\n|move|p2a: Iron Bundle|Freeze-Dry|p1b: Usopp\n|-activate|p1b: Usopp|move: Protect\n|move|p2b: Rillaboom|High Horsepower|p1b: Usopp\n|-activate|p1b: Usopp|move: Protect\n|\n|upkeep\n|turn|2\n|l| PoisonousXatu\n|\n|t:|1699810386\n|move|p2a: Iron Bundle|Freeze-Dry|p1b: Usopp\n|-supereffective|p1b: Usopp\n|-damage|p1b: Usopp|48\/100\n|move|p2b: Rillaboom|High Horsepower|p1b: Usopp\n|-damage|p1b: Usopp|21\/100\n|move|p1a: Chad|Swords Dance|p1a: Chad\n|-boost|p1a: Chad|atk|2\n|move|p1b: Usopp|Spore|p2a: Iron Bundle\n|-status|p2a: Iron Bundle|slp|[from] move: Spore\n|\n|-heal|p1b: Usopp|27\/100|[from] Grassy Terrain\n|upkeep\n|turn|3\n|\n|t:|1699810402\n|-end|p2a: Iron Bundle|Quark Drive|[silent]\n|switch|p2a: Arcanine|Arcanine-Hisui, L50, M, shiny|100\/100\n|-ability|p2a: Arcanine|Intimidate|boost\n|-unboost|p1a: Chad|atk|1\n|-unboost|p1b: Usopp|atk|1\n|switch|p1b: LeBron James|Landorus-Therian, L50, M|100\/100\n|-ability|p1b: LeBron James|Intimidate|boost\n|-unboost|p2a: Arcanine|atk|1\n|-unboost|p2b: Rillaboom|atk|1\n|move|p2b: Rillaboom|High Horsepower|p1a: Chad\n|-supereffective|p1a: Chad\n|-damage|p1a: Chad|75\/100\n|move|p1a: Chad|Wild Charge|p2a: Arcanine\n|-damage|p2a: Arcanine|6\/100\n|-damage|p1a: Chad|59\/100|[from] Recoil\n|\n|-heal|p2a: Arcanine|12\/100|[from] Grassy Terrain\n|-heal|p1a: Chad|65\/100|[from] Grassy Terrain\n|-heal|p1a: Chad|71\/100|[from] item: Leftovers\n|upkeep\n|turn|4\n|j| AchilleusIT\n|inactive|GameOverGaming has 30 seconds left.\n|l| AchilleusIT\n|inactive|GameOverGaming has 20 seconds left.\n|inactive|GameOverGaming has 15 seconds left.\n|\n|t:|1699810442\n|switch|p2a: Tyranitar|Tyranitar, L50, F|100\/100\n|-weather|Sandstorm|[from] ability: Sand Stream|[of] p2a: Tyranitar\n|switch|p2b: Iron Bundle|Iron Bundle, L50, tera:Ghost|100\/100 slp\n|-terastallize|p1b: LeBron James|Flying\n|move|p1a: Chad|Detect|p1a: Chad\n|-singleturn|p1a: Chad|Protect\n|move|p1b: LeBron James|Tera Blast|p2b: Iron Bundle|[anim] Tera Blast Flying\n|-damage|p2b: Iron Bundle|25\/100 slp\n|\n|-weather|Sandstorm|[upkeep]\n|-damage|p2b: Iron Bundle|19\/100 slp|[from] Sandstorm\n|-damage|p1b: LeBron James|95\/100|[from] Sandstorm\n|-damage|p1a: Chad|65\/100|[from] Sandstorm\n|-heal|p2b: Iron Bundle|25\/100 slp|[from] Grassy Terrain\n|-heal|p1a: Chad|71\/100|[from] Grassy Terrain\n|-heal|p1a: Chad|76\/100|[from] item: Leftovers\n|upkeep\n|turn|5\n|\n|t:|1699810461\n|cant|p2b: Iron Bundle|slp\n|move|p1b: LeBron James|Tera Blast|p2b: Iron Bundle|[anim] Tera Blast Flying\n|-crit|p2b: Iron Bundle\n|-damage|p2b: Iron Bundle|0 fnt\n|faint|p2b: Iron Bundle\n|-end|p2b: Iron Bundle|Quark Drive|[silent]\n|move|p2a: Tyranitar|Rock Slide|p1a: Chad|[spread] p1a,p1b\n|-resisted|p1a: Chad\n|-supereffective|p1b: LeBron James\n|-damage|p1a: Chad|66\/100\n|-damage|p1b: LeBron James|31\/100\n|move|p1a: Chad|Drain Punch|p2a: Tyranitar\n|-supereffective|p2a: Tyranitar\n|-damage|p2a: Tyranitar|0 fnt\n|-heal|p1a: Chad|100\/100|[from] drain|[of] p2a: Tyranitar\n|faint|p2a: Tyranitar\n|\n|-weather|Sandstorm|[upkeep]\n|-damage|p1b: LeBron James|26\/100|[from] Sandstorm\n|-damage|p1a: Chad|95\/100|[from] Sandstorm\n|-heal|p1a: Chad|100\/100|[from] Grassy Terrain\n|-fieldend|move: Grassy Terrain\n|upkeep\n|\n|t:|1699810470\n|switch|p2b: Rillaboom|Rillaboom, L50, M|100\/100\n|switch|p2a: Arcanine|Arcanine-Hisui, L50, M, shiny|12\/100\n|-ability|p2a: Arcanine|Intimidate|boost\n|-unboost|p1a: Chad|atk|1\n|-fail|p1b: LeBron James|unboost|[from] item: Clear Amulet|[of] p1b: LeBron James\n|-fieldstart|move: Grassy Terrain|[from] ability: Grassy Surge|[of] p2b: Rillaboom\n|turn|6\n|\n|t:|1699810492\n|move|p1b: LeBron James|Protect|p1b: LeBron James\n|-singleturn|p1b: LeBron James|Protect\n|move|p1a: Chad|Detect|p1a: Chad\n|-singleturn|p1a: Chad|Protect\n|move|p2b: Rillaboom|Fake Out|p1a: Chad\n|-activate|p1a: Chad|move: Protect\n|move|p2a: Arcanine|Extreme Speed|p1b: LeBron James\n|-activate|p1b: LeBron James|move: Protect\n|\n|-weather|Sandstorm|[upkeep]\n|-damage|p1b: LeBron James|20\/100|[from] Sandstorm\n|-damage|p2b: Rillaboom|95\/100|[from] Sandstorm\n|-damage|p1a: Chad|95\/100|[from] Sandstorm\n|-heal|p2a: Arcanine|18\/100|[from] Grassy Terrain\n|-heal|p2b: Rillaboom|100\/100|[from] Grassy Terrain\n|-heal|p1a: Chad|100\/100|[from] Grassy Terrain\n|upkeep\n|turn|7\n|\n|t:|1699810506\n|switch|p1b: Sabo|Arcanine, L50, M|100\/100\n|-ability|p1b: Sabo|Intimidate|boost\n|-unboost|p2a: Arcanine|atk|1\n|-unboost|p2b: Rillaboom|atk|1\n|move|p2a: Arcanine|Extreme Speed|p1b: Sabo\n|-damage|p1b: Sabo|70\/100\n|move|p2b: Rillaboom|High Horsepower|p1a: Chad\n|-supereffective|p1a: Chad\n|-damage|p1a: Chad|71\/100\n|move|p1a: Chad|Drain Punch|p2a: Arcanine\n|-supereffective|p2a: Arcanine\n|-damage|p2a: Arcanine|0 fnt\n|-heal|p1a: Chad|78\/100|[from] drain|[of] p2a: Arcanine\n|faint|p2a: Arcanine\n|\n|-weather|Sandstorm|[upkeep]\n|-damage|p1b: Sabo|64\/100|[from] Sandstorm\n|-damage|p2b: Rillaboom|95\/100|[from] Sandstorm\n|-damage|p1a: Chad|72\/100|[from] Sandstorm\n|-heal|p1b: Sabo|70\/100|[from] Grassy Terrain\n|-heal|p2b: Rillaboom|100\/100|[from] Grassy Terrain\n|-heal|p1a: Chad|78\/100|[from] Grassy Terrain\n|-heal|p1a: Chad|84\/100|[from] item: Leftovers\n|upkeep\n|turn|8\n|c|\u2606Cdogp|gg\n|\n|t:|1699810520\n|move|p1b: Sabo|Flare Blitz|p2b: Rillaboom\n|-supereffective|p2b: Rillaboom\n|-damage|p2b: Rillaboom|4\/100\n|-damage|p1b: Sabo|37\/100|[from] Recoil\n|-enditem|p1b: Sabo|Sitrus Berry|[eat]\n|-heal|p1b: Sabo|62\/100|[from] item: Sitrus Berry\n|move|p2b: Rillaboom|High Horsepower|p1b: Sabo\n|-supereffective|p1b: Sabo\n|-damage|p1b: Sabo|20\/100\n|move|p1a: Chad|Drain Punch|p2b: Rillaboom\n|-damage|p2b: Rillaboom|0 fnt\n|-heal|p1a: Chad|85\/100|[from] drain|[of] p2b: Rillaboom\n|faint|p2b: Rillaboom\n|\n|win|Cdogp\n|n|\u2606Cdogp|cdogp\n|n|\u2606GameOverGaming|gameovergaming\n","uploadtime":1699810520,"views":8,"p1id":"cdogp","p2id":"gameovergaming","formatid":"gen9vgc2023regulatione","rating":0,"private":0,"password":""}