{"id":"gen9vgc2023regulatione-1998514240","p1":"Gbnj","p2":"JacK_RcC","format":"[Gen 9] VGC 2023 Regulation E","log":"|j|\u2606Gbnj\n|j|\u2606JacK_RcC\n|t:|1700950964\n|gametype|doubles\n|player|p1|Gbnj|169|1275\n|player|p2|JacK_RcC|biker|1204\n|teamsize|p1|6\n|teamsize|p2|6\n|gen|9\n|tier|[Gen 9] VGC 2023 Regulation E\n|rated|\n|rule|Species Clause: Limit one of each Pok\u00e9mon\n|rule|Item Clause: Limit one of each item\n|clearpoke\n|poke|p1|Chien-Pao, L50|\n|poke|p1|Dragonite, L50, F|\n|poke|p1|Landorus-Therian, L50, M|\n|poke|p1|Ogerpon-Hearthflame, L50, F|\n|poke|p1|Urshifu-*, L50, F|\n|poke|p1|Palafin, L50, F|\n|poke|p2|Urshifu-*, L50, M|\n|poke|p2|Tornadus, L50, M|\n|poke|p2|Rillaboom, L50, F|\n|poke|p2|Landorus-Therian, L50, M|\n|poke|p2|Iron Bundle, L50|\n|poke|p2|Ogerpon-Hearthflame, L50, F|\n|teampreview|4\n|inactive|Battle timer is ON: inactive players will automatically lose when time's up. (requested by JacK_RcC)\n|inactive|Gbnj has 60 seconds left.\n|inactive|JacK_RcC has 60 seconds left.\n|\n|t:|1700951002\n|start\n|switch|p1a: Landorus|Landorus-Therian, L50, M|100\/100\n|switch|p1b: Palafin|Palafin, L50, F|100\/100\n|switch|p2a: Landorus|Landorus-Therian, L50, M|100\/100\n|switch|p2b: Iron Bundle|Iron Bundle, L50|100\/100\n|-ability|p1a: Landorus|Intimidate|boost\n|-unboost|p2a: Landorus|atk|1\n|-unboost|p2b: Iron Bundle|atk|1\n|-ability|p2a: Landorus|Intimidate|boost\n|-unboost|p1a: Landorus|atk|1\n|-unboost|p1b: Palafin|atk|1\n|-enditem|p2b: Iron Bundle|Booster Energy\n|-activate|p2b: Iron Bundle|ability: Quark Drive|[fromitem]\n|-start|p2b: Iron Bundle|quarkdrivespe\n|turn|1\n|inactive|Gbnj has 30 seconds left.\n|inactive|Gbnj has 20 seconds left.\n|inactive|Gbnj has 15 seconds left.\n|\n|t:|1700951043\n|detailschange|p1b: Palafin|Palafin-Hero, L50, F\n|switch|p1b: Chien-Pao|Chien-Pao, L50|100\/100\n|-ability|p1b: Chien-Pao|Sword of Ruin\n|move|p2b: Iron Bundle|Freeze-Dry|p1b: Chien-Pao\n|-resisted|p1b: Chien-Pao\n|-damage|p1b: Chien-Pao|74\/100\n|move|p1a: Landorus|Rock Slide|p2b: Iron Bundle|[spread] p2a\n|-miss|p1a: Landorus|p2b: Iron Bundle\n|-damage|p2a: Landorus|78\/100\n|cant|p2a: Landorus|flinch\n|\n|upkeep\n|turn|2\n|inactive|Gbnj has 30 seconds left.\n|\n|t:|1700951069\n|switch|p1a: Palafin|Palafin-Hero, L50, F|100\/100\n|-activate|p1a: Palafin|ability: Zero to Hero\n|move|p2b: Iron Bundle|Protect|p2b: Iron Bundle\n|-singleturn|p2b: Iron Bundle|Protect\n|move|p2a: Landorus|U-turn|p1a: Palafin\n|-damage|p1a: Palafin|71\/100\n|\n|t:|1700951081\n|switch|p2a: Rillaboom|Rillaboom, L50, F|100\/100|[from] U-turn\n|-fieldstart|move: Grassy Terrain|[from] ability: Grassy Surge|[of] p2a: Rillaboom\n|move|p1b: Chien-Pao|Sacred Sword|p2b: Iron Bundle\n|-activate|p2b: Iron Bundle|move: Protect\n|\n|-heal|p1b: Chien-Pao|79\/100|[from] Grassy Terrain\n|-heal|p1a: Palafin|77\/100|[from] Grassy Terrain\n|upkeep\n|turn|3\n|inactive|JacK_RcC has 30 seconds left.\n|\n|t:|1700951108\n|move|p1b: Chien-Pao|Protect|p1b: Chien-Pao\n|-singleturn|p1b: Chien-Pao|Protect\n|move|p1a: Palafin|Protect|p1a: Palafin\n|-singleturn|p1a: Palafin|Protect\n|move|p2a: Rillaboom|Fake Out|p1b: Chien-Pao\n|-activate|p1b: Chien-Pao|move: Protect\n|move|p2b: Iron Bundle|Freeze-Dry|p1a: Palafin\n|-activate|p1a: Palafin|move: Protect\n|\n|-heal|p1b: Chien-Pao|85\/100|[from] Grassy Terrain\n|-heal|p1a: Palafin|83\/100|[from] Grassy Terrain\n|upkeep\n|turn|4\n|inactive|Gbnj has 30 seconds left.\n|\n|t:|1700951138\n|switch|p1a: Ogerpon|Ogerpon-Hearthflame, L50, F|100\/100\n|-ability|p1a: Ogerpon|Mold Breaker\n|move|p2a: Rillaboom|Grassy Glide|p1a: Ogerpon\n|-resisted|p1a: Ogerpon\n|-damage|p1a: Ogerpon|84\/100\n|move|p2b: Iron Bundle|Freeze-Dry|p1a: Ogerpon\n|-damage|p1a: Ogerpon|38\/100\n|move|p1b: Chien-Pao|Sacred Sword|p2b: Iron Bundle\n|-supereffective|p2b: Iron Bundle\n|-damage|p2b: Iron Bundle|6\/100\n|\n|-heal|p2b: Iron Bundle|12\/100|[from] Grassy Terrain\n|-heal|p1b: Chien-Pao|91\/100|[from] Grassy Terrain\n|-heal|p1a: Ogerpon|44\/100|[from] Grassy Terrain\n|upkeep\n|turn|5\n|inactive|JacK_RcC has 30 seconds left.\n|inactive|JacK_RcC has 20 seconds left.\n|inactive|JacK_RcC has 15 seconds left.\n|inactive|JacK_RcC has 10 seconds left.\n|\n|t:|1700951185\n|switch|p2a: Landorus|Landorus-Therian, L50, M|78\/100\n|-ability|p2a: Landorus|Intimidate|boost\n|-unboost|p1a: Ogerpon|atk|1\n|-unboost|p1b: Chien-Pao|atk|1\n|move|p1b: Chien-Pao|Sucker Punch|p2b: Iron Bundle\n|-damage|p2b: Iron Bundle|0 fnt\n|faint|p2b: Iron Bundle\n|-end|p2b: Iron Bundle|Quark Drive|[silent]\n|move|p1a: Ogerpon|Ivy Cudgel|p2a: Landorus|[anim] Ivy Cudgel Fire\n|-damage|p2a: Landorus|16\/100\n|\n|-heal|p1b: Chien-Pao|97\/100|[from] Grassy Terrain\n|-heal|p1a: Ogerpon|50\/100|[from] Grassy Terrain\n|upkeep\n|\n|t:|1700951199\n|switch|p2b: Ogerpon|Ogerpon-Hearthflame, L50, F|100\/100\n|-ability|p2b: Ogerpon|Mold Breaker\n|turn|6\n|\n|t:|1700951217\n|switch|p1a: Landorus|Landorus-Therian, L50, M|100\/100\n|-ability|p1a: Landorus|Intimidate|boost\n|-unboost|p2a: Landorus|atk|1\n|-unboost|p2b: Ogerpon|atk|1\n|move|p2b: Ogerpon|Spiky Shield|p2b: Ogerpon\n|-singleturn|p2b: Ogerpon|move: Protect\n|move|p1b: Chien-Pao|Sucker Punch|p2a: Landorus\n|-damage|p2a: Landorus|0 fnt\n|faint|p2a: Landorus\n|\n|-heal|p1b: Chien-Pao|100\/100|[from] Grassy Terrain\n|-fieldend|move: Grassy Terrain\n|upkeep\n|\n|t:|1700951228\n|switch|p2a: Rillaboom|Rillaboom, L50, F|100\/100\n|-fieldstart|move: Grassy Terrain|[from] ability: Grassy Surge|[of] p2a: Rillaboom\n|turn|7\n|inactive|JacK_RcC has 30 seconds left.\n|\n|t:|1700951257\n|-terastallize|p1a: Landorus|Flying\n|-terastallize|p2a: Rillaboom|Ground\n|move|p1a: Landorus|Tera Blast|p2a: Rillaboom|[anim] Tera Blast Flying\n|-damage|p2a: Rillaboom|21\/100\n|move|p1b: Chien-Pao|Ice Spinner|p2a: Rillaboom\n|-supereffective|p2a: Rillaboom\n|-damage|p2a: Rillaboom|0 fnt\n|-fieldend|move: Grassy Terrain\n|faint|p2a: Rillaboom\n|move|p2b: Ogerpon|Horn Leech|p1a: Landorus\n|-resisted|p1a: Landorus\n|-damage|p1a: Landorus|76\/100\n|\n|upkeep\n|turn|8\n|\n|t:|1700951272\n|move|p2b: Ogerpon|Spiky Shield|p2b: Ogerpon\n|-singleturn|p2b: Ogerpon|move: Protect\n|move|p1a: Landorus|Tera Blast|p2b: Ogerpon|[anim] Tera Blast Flying\n|-activate|p2b: Ogerpon|move: Protect\n|move|p1b: Chien-Pao|Ice Spinner|p2b: Ogerpon\n|-activate|p2b: Ogerpon|move: Protect\n|-damage|p1b: Chien-Pao|88\/100|[from] Spiky Shield|[of] p2b: Ogerpon\n|\n|upkeep\n|turn|9\n|\n|t:|1700951283\n|move|p1a: Landorus|Tera Blast|p2b: Ogerpon|[anim] Tera Blast Flying\n|-supereffective|p2b: Ogerpon\n|-damage|p2b: Ogerpon|0 fnt\n|faint|p2b: Ogerpon\n|\n|win|Gbnj\n|raw|Gbnj's rating: 1275 &rarr; <strong>1295<\/strong><br \/>(+20 for winning)\n|raw|JacK_RcC's rating: 1204 &rarr; <strong>1184<\/strong><br \/>(-20 for losing)\n|l|\u2606Gbnj\n","uploadtime":1700951299,"views":4,"p1id":"gbnj","p2id":"jackrcc","formatid":"gen9vgc2023regulatione","rating":1184,"private":0,"password":""}