{"id":"gen9vgc2023regulatione-1988122923","p1":"MasterofMetapods5","p2":"bradgga24","format":"[Gen 9] VGC 2023 Regulation E","log":"|j|\u2606MasterofMetapods5\n|j|\u2606bradgga24\n|n|\u2606MasterofMetapods5|masterofmetapods5\n|n|\u2606bradgga24|bradgga24\n|html|View the match progress at <a href=\"\/game-bestof3-gen9vgc2023regulatione-1988122922\">game-bestof3-gen9vgc2023regulatione-1988122922<\/a>\n|t:|1699672385\n|gametype|doubles\n|player|p1|MasterofMetapods5|lance|\n|player|p2|bradgga24|veteran|\n|teamsize|p1|6\n|teamsize|p2|6\n|gen|9\n|tier|[Gen 9] VGC 2023 Regulation E\n|rated|Tournament battle\n|rule|Species Clause: Limit one of each Pok\u00e9mon\n|rule|Item Clause: Limit one of each item\n|clearpoke\n|poke|p1|Tyranitar, L50, F|\n|poke|p1|Landorus-Therian, L50, M|\n|poke|p1|Baxcalibur, L50, M|\n|poke|p1|Heatran, L50, F|\n|poke|p1|Urshifu-*, L50, F|\n|poke|p1|Flutter Mane, L50|\n|poke|p2|Rillaboom, L50, M|\n|poke|p2|Ursaluna-Bloodmoon, L50, M|\n|poke|p2|Illumise, L50, F|\n|poke|p2|Ogerpon-Wellspring, L50, F|\n|poke|p2|Chesnaught, L50, M|\n|poke|p2|Flutter Mane, L50|\n|teampreview|4\n|showteam|p1|Tyranitar||WeaknessPolicy|SandStream|RockSlide,Taunt,Protect,KnockOff|||F|||50|,,,,,Rock]Landorus-Therian||AssaultVest|Intimidate|SandsearStorm,TeraBlast,Uturn,RockSlide|||M|||50|,,,,,Flying]Baxcalibur||LoadedDice|ThermalExchange|ScaleShot,IcicleSpear,SwordsDance,Protect|||M|||50|,,,,,Fairy]Heatran||Leftovers|FlashFire|HeatWave,EarthPower,Protect,TeraBlast|||F|||50|,,,,,Grass]Urshifu-Rapid-Strike||SafetyGoggles|UnseenFist|SurgingStrikes,CloseCombat,AquaJet,Detect|||F|||50|,,,,,Water]Flutter Mane||BoosterEnergy|Protosynthesis|Protect,Moonblast,ShadowBall,IcyWind||||||50|,,,,,Fairy\n|showteam|p2|Rillaboom||AguavBerry|GrassySurge|GrassyGlide,DrumBeating,KnockOff,StompingTantrum|||M|||50|,,,,,Grass]Ursaluna-Bloodmoon||AssaultVest|MindsEye|BloodMoon,CalmMind,Moonblast,EarthPower|||M|||50|,,,,,Ground]Illumise||IapapaBerry|Prankster|HelpingHand,FakeTears,Roost,Tailwind|||F|||50|,,,,,Fire]Ogerpon-Wellspring||WellspringMask|WaterAbsorb|IvyCudgel,HornLeech,TeraBlast,Uturn|||F|||50|,,,,,Water]Chesnaught||HeavyDutyBoots|Bulletproof|BodyPress,BulkUp,WoodHammer,ShadowClaw|||M|||50|,,,,,Grass]Flutter Mane||BoosterEnergy|Protosynthesis|EnergyBall,DazzlingGleam,ShadowBall,Protect||||||50|,,,,,Grass\n|c|\u2606MasterofMetapods5|glhf\n|j|%Radio Free C-Side\n|\n|t:|1699672436\n|start\n|switch|p1a: Heatran|Heatran, L50, F|100\/100\n|switch|p1b: Baxcalibur|Baxcalibur, L50, M|100\/100\n|switch|p2a: Rillaboom|Rillaboom, L50, M|100\/100\n|switch|p2b: Illumise|Illumise, L50, F|100\/100\n|-fieldstart|move: Grassy Terrain|[from] ability: Grassy Surge|[of] p2a: Rillaboom\n|turn|1\n|\n|t:|1699672459\n|switch|p1a: Landorus|Landorus-Therian, L50, M|100\/100\n|-ability|p1a: Landorus|Intimidate|boost\n|-unboost|p2a: Rillaboom|atk|1\n|-unboost|p2b: Illumise|atk|1\n|move|p2b: Illumise|Tailwind|p2b: Illumise\n|-sidestart|p2: bradgga24|move: Tailwind\n|move|p2a: Rillaboom|Stomping Tantrum|p1a: Landorus\n|-immune|p1a: Landorus\n|move|p1b: Baxcalibur|Icicle Spear|p2a: Rillaboom\n|-supereffective|p2a: Rillaboom\n|-damage|p2a: Rillaboom|72\/100\n|-supereffective|p2a: Rillaboom\n|-damage|p2a: Rillaboom|40\/100\n|-supereffective|p2a: Rillaboom\n|-damage|p2a: Rillaboom|9\/100\n|-enditem|p2a: Rillaboom|Aguav Berry|[eat]\n|-heal|p2a: Rillaboom|42\/100|[from] item: Aguav Berry\n|-supereffective|p2a: Rillaboom\n|-damage|p2a: Rillaboom|14\/100\n|-hitcount|p2a: Rillaboom|4\n|\n|-heal|p2a: Rillaboom|19\/100|[from] Grassy Terrain\n|upkeep\n|turn|2\n|\n|t:|1699672486\n|move|p2b: Illumise|Helping Hand|p2a: Rillaboom\n|-singleturn|p2a: Rillaboom|Helping Hand|[of] p2b: Illumise\n|move|p2a: Rillaboom|Grassy Glide|p1a: Landorus\n|-damage|p1a: Landorus|61\/100\n|move|p1b: Baxcalibur|Icicle Spear|p2b: Illumise\n|-damage|p2b: Illumise|85\/100\n|-damage|p2b: Illumise|68\/100\n|-damage|p2b: Illumise|53\/100\n|-damage|p2b: Illumise|37\/100\n|-hitcount|p2b: Illumise|4\n|move|p1a: Landorus|Rock Slide|p2b: Illumise|[spread] p2a,p2b\n|-supereffective|p2b: Illumise\n|-crit|p2b: Illumise\n|-damage|p2a: Rillaboom|2\/100\n|-damage|p2b: Illumise|0 fnt\n|faint|p2b: Illumise\n|\n|-heal|p2a: Rillaboom|8\/100|[from] Grassy Terrain\n|upkeep\n|\n|t:|1699672500\n|switch|p2b: Ogerpon|Ogerpon-Wellspring, L50, F|100\/100\n|turn|3\n|\n|t:|1699672526\n|move|p2b: Ogerpon|Horn Leech|p1a: Landorus\n|-damage|p1a: Landorus|0 fnt\n|faint|p1a: Landorus\n|move|p2a: Rillaboom|Drum Beating|p1b: Baxcalibur\n|-resisted|p1b: Baxcalibur\n|-damage|p1b: Baxcalibur|85\/100\n|-unboost|p1b: Baxcalibur|spe|1\n|move|p1b: Baxcalibur|Scale Shot|p2b: Ogerpon\n|-damage|p2b: Ogerpon|85\/100\n|-damage|p2b: Ogerpon|69\/100\n|-damage|p2b: Ogerpon|53\/100\n|-damage|p2b: Ogerpon|38\/100\n|-hitcount|p2b: Ogerpon|4\n|-unboost|p1b: Baxcalibur|def|1\n|-boost|p1b: Baxcalibur|spe|1\n|\n|-heal|p2b: Ogerpon|44\/100|[from] Grassy Terrain\n|-heal|p2a: Rillaboom|14\/100|[from] Grassy Terrain\n|-heal|p1b: Baxcalibur|91\/100|[from] Grassy Terrain\n|upkeep\n|\n|t:|1699672530\n|switch|p1a: Flutter Mane|Flutter Mane, L50|100\/100\n|-enditem|p1a: Flutter Mane|Booster Energy\n|-activate|p1a: Flutter Mane|ability: Protosynthesis|[fromitem]\n|-start|p1a: Flutter Mane|protosynthesisspe\n|turn|4\n|\n|t:|1699672547\n|move|p1a: Flutter Mane|Protect|p1a: Flutter Mane\n|-singleturn|p1a: Flutter Mane|Protect\n|move|p1b: Baxcalibur|Protect|p1b: Baxcalibur\n|-singleturn|p1b: Baxcalibur|Protect\n|move|p2a: Rillaboom|Grassy Glide|p1a: Flutter Mane\n|-activate|p1a: Flutter Mane|move: Protect\n|move|p2b: Ogerpon|Horn Leech|p1a: Flutter Mane\n|-activate|p1a: Flutter Mane|move: Protect\n|\n|-heal|p2b: Ogerpon|50\/100|[from] Grassy Terrain\n|-heal|p2a: Rillaboom|19\/100|[from] Grassy Terrain\n|-heal|p1b: Baxcalibur|97\/100|[from] Grassy Terrain\n|-sideend|p2: bradgga24|move: Tailwind\n|upkeep\n|turn|5\n|\n|t:|1699672560\n|move|p2a: Rillaboom|Grassy Glide|p1a: Flutter Mane\n|-damage|p1a: Flutter Mane|64\/100\n|move|p1a: Flutter Mane|Icy Wind|p2a: Rillaboom|[spread] p2a,p2b\n|-supereffective|p2a: Rillaboom\n|-crit|p2a: Rillaboom\n|-damage|p2a: Rillaboom|0 fnt\n|-damage|p2b: Ogerpon|33\/100\n|-unboost|p2b: Ogerpon|spe|1\n|faint|p2a: Rillaboom\n|move|p1b: Baxcalibur|Scale Shot|p2b: Ogerpon\n|-damage|p2b: Ogerpon|15\/100\n|-damage|p2b: Ogerpon|0 fnt\n|faint|p2b: Ogerpon\n|-hitcount|p2: Ogerpon|2\n|-unboost|p1b: Baxcalibur|def|1\n|-boost|p1b: Baxcalibur|spe|1\n|\n|-heal|p1a: Flutter Mane|70\/100|[from] Grassy Terrain\n|-heal|p1b: Baxcalibur|100\/100|[from] Grassy Terrain\n|-fieldend|move: Grassy Terrain\n|upkeep\n|\n|t:|1699672572\n|switch|p2b: Ursaluna|Ursaluna-Bloodmoon, L50, M|100\/100\n|turn|6\n|c|\u2606MasterofMetapods5|gg\n|\n|t:|1699672598\n|-terastallize|p2b: Ursaluna|Ground\n|move|p1a: Flutter Mane|Icy Wind|p2b: Ursaluna\n|-supereffective|p2b: Ursaluna\n|-damage|p2b: Ursaluna|77\/100\n|-unboost|p2b: Ursaluna|spe|1\n|move|p1b: Baxcalibur|Icicle Spear|p2b: Ursaluna\n|-supereffective|p2b: Ursaluna\n|-damage|p2b: Ursaluna|52\/100\n|-supereffective|p2b: Ursaluna\n|-damage|p2b: Ursaluna|28\/100\n|-supereffective|p2b: Ursaluna\n|-damage|p2b: Ursaluna|6\/100\n|-supereffective|p2b: Ursaluna\n|-damage|p2b: Ursaluna|0 fnt\n|faint|p2b: Ursaluna\n|-hitcount|p2: Ursaluna|4\n|\n|win|MasterofMetapods5\n|inactive|MasterofMetapods5 has 50 seconds to confirm battle start!\n|inactive|bradgga24 has 50 seconds to confirm battle start!\n|c|&|\/uhtml prompt-bradgga24,bradgga24 is ready for game 2!\n|inactive|MasterofMetapods5 has 40 seconds to confirm battle start!\n|inactive|MasterofMetapods5 has 30 seconds to confirm battle start!\n|c|&|\/uhtml prompt-masterofmetapods5,MasterofMetapods5 is ready for game 2!\nBoth players are ready! Starting next match!\n|l|%Radio Free C-Side\n|j| LasermanZ11\n","uploadtime":1699672832,"views":18,"p1id":"masterofmetapods5","p2id":"bradgga24","formatid":"gen9vgc2023regulatione","rating":0,"private":0,"password":""}