{"id":"gen9vgc2023regulatione-1999473368","p1":"jffggfdr","p2":"Ninethousand1","format":"[Gen 9] VGC 2023 Regulation E","log":"|j|\u2606jffggfdr\n|j|\u2606Ninethousand1\n|t:|1701085912\n|gametype|doubles\n|player|p1|jffggfdr|2|1047\n|player|p2|Ninethousand1|265|1090\n|teamsize|p1|6\n|teamsize|p2|6\n|gen|9\n|tier|[Gen 9] VGC 2023 Regulation E\n|rated|\n|rule|Species Clause: Limit one of each Pok\u00e9mon\n|rule|Item Clause: Limit one of each item\n|clearpoke\n|poke|p1|Sneasler, L50, F|\n|poke|p1|Cresselia, L50, F|\n|poke|p1|Landorus-Therian, L50, M|\n|poke|p1|Zoroark-Hisui, L50, F|\n|poke|p1|Dragapult, L50, F|\n|poke|p1|Ursaluna-Bloodmoon, L50, M|\n|poke|p2|Annihilape, L50, M|\n|poke|p2|Maushold-Four, L50|\n|poke|p2|Flutter Mane, L50|\n|poke|p2|Landorus, L50, M|\n|poke|p2|Tornadus, L50, M|\n|poke|p2|Roaring Moon, L50|\n|teampreview|4\n|inactive|Battle timer is ON: inactive players will automatically lose when time's up. (requested by Ninethousand1)\n|inactive|jffggfdr has 60 seconds left.\n|\n|t:|1701085955\n|start\n|switch|p1a: Ursaluna|Ursaluna-Bloodmoon, L50, M|100\/100\n|switch|p1b: Dragapult|Dragapult, L50, F|100\/100\n|switch|p2a: Annihilape|Annihilape, L50, M|100\/100\n|switch|p2b: Maushold|Maushold-Four, L50|100\/100\n|turn|1\n|inactive|Ninethousand1 has 30 seconds left.\n|\n|t:|1701085982\n|-terastallize|p2a: Annihilape|Fire\n|move|p1b: Dragapult|Dragon Darts|p2b: Maushold\n|-damage|p2b: Maushold|49\/100\n|-enditem|p2b: Maushold|Sitrus Berry|[eat]\n|-heal|p2b: Maushold|73\/100|[from] item: Sitrus Berry\n|-anim|p1b: Dragapult|Dragon Darts|p2a: Annihilape\n|-damage|p2a: Annihilape|75\/100\n|move|p2b: Maushold|Beat Up|p2a: Annihilape\n|-damage|p2a: Annihilape|73\/100\n|-damage|p2a: Annihilape|71\/100\n|-damage|p2a: Annihilape|69\/100\n|-crit|p2a: Annihilape\n|-damage|p2a: Annihilape|65\/100\n|-hitcount|p2a: Annihilape|4\n|move|p1a: Ursaluna|Shadow Ball|p2a: Annihilape\n|-damage|p2a: Annihilape|38\/100\n|-unboost|p2a: Annihilape|spd|1\n|-ability|p2a: Annihilape|Defiant|boost\n|-boost|p2a: Annihilape|atk|2\n|move|p2a: Annihilape|Rage Fist|p1b: Dragapult\n|-supereffective|p1b: Dragapult\n|-damage|p1b: Dragapult|0 fnt\n|faint|p1b: Dragapult\n|\n|-heal|p2a: Annihilape|44\/100|[from] item: Leftovers\n|upkeep\n|inactive|jffggfdr has 30 seconds left.\n|inactive|jffggfdr has 20 seconds left.\n|\n|t:|1701086021\n|switch|p1b: Landorus|Landorus-Therian, L50, M|100\/100\n|-ability|p1b: Landorus|Intimidate|boost\n|-unboost|p2a: Annihilape|atk|1\n|-ability|p2a: Annihilape|Defiant|boost\n|-boost|p2a: Annihilape|atk|2\n|-unboost|p2b: Maushold|atk|1\n|turn|2\n|\n|t:|1701086032\n|move|p2b: Maushold|Protect|p2b: Maushold\n|-singleturn|p2b: Maushold|Protect\n|move|p2a: Annihilape|Protect|p2a: Annihilape\n|-singleturn|p2a: Annihilape|Protect\n|move|p1a: Ursaluna|Hyper Voice|p2b: Maushold|[spread] \n|-activate|p2a: Annihilape|move: Protect\n|-activate|p2b: Maushold|move: Protect\n|move|p1b: Landorus|U-turn|p2b: Maushold\n|-activate|p2b: Maushold|move: Protect\n|\n|-heal|p2a: Annihilape|50\/100|[from] item: Leftovers\n|upkeep\n|turn|3\n|\n|t:|1701086050\n|move|p2b: Maushold|Follow Me|p2b: Maushold\n|-singleturn|p2b: Maushold|move: Follow Me\n|move|p1a: Ursaluna|Hyper Voice|p2a: Annihilape|[spread] p2a,p2b\n|-damage|p2a: Annihilape|18\/100\n|-damage|p2b: Maushold|30\/100\n|move|p1b: Landorus|U-turn|p2b: Maushold\n|-damage|p2b: Maushold|0 fnt\n|faint|p2b: Maushold\n|\n|t:|1701086057\n|switch|p1b: Ursaluna|Ursaluna-Bloodmoon, L50, M|100\/100|[from] U-turn\n|move|p2a: Annihilape|Drain Punch|p1a: Ursaluna\n|-immune|p1a: Ursaluna\n|\n|-heal|p2a: Annihilape|24\/100|[from] item: Leftovers\n|upkeep\n|\n|t:|1701086069\n|switch|p2b: Flutter Mane|Flutter Mane, L50|100\/100\n|turn|4\n|\n|t:|1701086079\n|-terastallize|p1b: Ursaluna|Normal\n|move|p2a: Annihilape|Protect|p2a: Annihilape\n|-singleturn|p2a: Annihilape|Protect\n|move|p2b: Flutter Mane|Shadow Ball|p1a: Ursaluna\n|-immune|p1a: Ursaluna\n|move|p1a: Ursaluna|Hyper Voice|p2a: Annihilape|[spread] \n|-activate|p2a: Annihilape|move: Protect\n|-immune|p2b: Flutter Mane\n|move|p1b: Ursaluna|Blood Moon|p2b: Flutter Mane\n|-damage|p2b: Flutter Mane|0 fnt\n|faint|p2b: Flutter Mane\n|-end|p2b: Flutter Mane|Protosynthesis|[silent]\n|\n|-heal|p2a: Annihilape|30\/100|[from] item: Leftovers\n|upkeep\n|\n|t:|1701086087\n|switch|p2b: Landorus|Landorus, L50, M|100\/100\n|turn|5\n|\n|t:|1701086098\n|move|p1a: Ursaluna|Hyper Voice|p2b: Landorus|[spread] p2a,p2b\n|-damage|p2a: Annihilape|0 fnt\n|-damage|p2b: Landorus|58\/100\n|faint|p2a: Annihilape\n|move|p2b: Landorus|Sandsear Storm|p1b: Ursaluna|[spread] p1a,p1b\n|-enditem|p1a: Ursaluna|Focus Sash\n|-damage|p1a: Ursaluna|1\/100\n|-damage|p1b: Ursaluna|38\/100\n|replace|p1a: Zoroark|Zoroark-Hisui, L50, F\n|-end|p1a: Zoroark|Illusion\n|move|p1b: Ursaluna|Hyper Voice|p2b: Landorus\n|-damage|p2b: Landorus|0 fnt\n|faint|p2b: Landorus\n|-enditem|p1b: Ursaluna|Throat Spray\n|\n|win|jffggfdr\n|raw|jffggfdr's rating: 1047 &rarr; <strong>1084<\/strong><br \/>(+37 for winning)\n|raw|Ninethousand1's rating: 1090 &rarr; <strong>1064<\/strong><br \/>(-26 for losing)\n|l|\u2606Ninethousand1\n|j|\u2606Ninethousand1\n|player|p2|Ninethousand1|265\n|l|\u2606Ninethousand1\n|player|p2|\n","uploadtime":1701086110,"views":1,"p1id":"jffggfdr","p2id":"ninethousand1","formatid":"gen9vgc2023regulatione","rating":1064,"private":0,"password":""}