{"id":"gen9vgc2023regulatione-1999888690","p1":"AllStarSpecial","p2":"ugiguryr","format":"[Gen 9] VGC 2023 Regulation E","log":"|j|\u2606AllStarSpecial\n|j|\u2606ugiguryr\n|t:|1701126640\n|gametype|doubles\n|player|p1|AllStarSpecial|alder|1070\n|player|p2|ugiguryr|266|1048\n|teamsize|p1|6\n|teamsize|p2|6\n|gen|9\n|tier|[Gen 9] VGC 2023 Regulation E\n|rated|\n|rule|Species Clause: Limit one of each Pok\u00e9mon\n|rule|Item Clause: Limit one of each item\n|clearpoke\n|poke|p1|Oricorio-Pa'u, L50, F|\n|poke|p1|Kommo-o, L50, M|\n|poke|p1|Volcarona, L50, F|\n|poke|p1|Quaquaval, L50, M|\n|poke|p1|Basculegion, L50, M|\n|poke|p1|Scizor, L50, M|\n|poke|p2|Arcanine-Hisui, L50, M|\n|poke|p2|Heatran, L50, M|\n|poke|p2|Tornadus, L50, M|\n|poke|p2|Amoonguss, L50, F|\n|poke|p2|Iron Hands, L50|\n|poke|p2|Ogerpon-Wellspring, L50, F|\n|teampreview|4\n|\n|t:|1701126686\n|start\n|switch|p1a: Scizor|Scizor, L50, M|100\/100\n|switch|p1b: Oricorio|Oricorio-Pa'u, L50, F, shiny|100\/100\n|switch|p2a: Ogerpon|Ogerpon-Wellspring, L50, F|100\/100\n|switch|p2b: Amoonguss|Amoonguss, L50, F|100\/100\n|turn|1\n|\n|t:|1701126710\n|move|p2a: Ogerpon|Spiky Shield|p2a: Ogerpon\n|-singleturn|p2a: Ogerpon|move: Protect\n|move|p1b: Oricorio|Substitute|p1b: Oricorio\n|-start|p1b: Oricorio|Substitute\n|-damage|p1b: Oricorio|76\/100\n|move|p1a: Scizor|Swords Dance|p1a: Scizor\n|-boost|p1a: Scizor|atk|2\n|-activate|p1b: Oricorio|ability: Dancer\n|move|p1b: Oricorio|Swords Dance|p1b: Oricorio|[from]ability: Dancer\n|-boost|p1b: Oricorio|atk|2\n|move|p2b: Amoonguss|Spore||[still]\n|-fail|p2b: Amoonguss\n|\n|upkeep\n|turn|2\n|\n|t:|1701126735\n|-terastallize|p2b: Amoonguss|Water\n|move|p1b: Oricorio|Revelation Dance|p2b: Amoonguss\n|-damage|p2b: Amoonguss|73\/100\n|move|p2a: Ogerpon|Ivy Cudgel|p1a: Scizor|[anim] Ivy Cudgel Water\n|-damage|p1a: Scizor|44\/100\n|move|p1a: Scizor|Knock Off|p2a: Ogerpon\n|-damage|p2a: Ogerpon|45\/100\n|move|p2b: Amoonguss|Pollen Puff|p1b: Oricorio\n|-activate|p1b: Oricorio|move: Substitute|[damage]\n|\n|upkeep\n|turn|3\n|\n|t:|1701126757\n|move|p1b: Oricorio|Air Slash|p2a: Ogerpon\n|-supereffective|p2a: Ogerpon\n|-damage|p2a: Ogerpon|0 fnt\n|faint|p2a: Ogerpon\n|move|p1a: Scizor|Knock Off|p2b: Amoonguss\n|-damage|p2b: Amoonguss|17\/100\n|-enditem|p2b: Amoonguss|Sitrus Berry|[from] move: Knock Off|[of] p1a: Scizor\n|move|p2b: Amoonguss|Pollen Puff|p2: Ogerpon|[notarget]\n|-fail|p2b: Amoonguss\n|\n|upkeep\n|\n|t:|1701126762\n|switch|p2a: Heatran|Heatran, L50, M|100\/100\n|turn|4\n|\n|t:|1701126815\n|switch|p2b: Iron Hands|Iron Hands, L50|100\/100\n|move|p1a: Scizor|Bullet Punch|p2b: Iron Hands\n|-resisted|p2b: Iron Hands\n|-damage|p2b: Iron Hands|77\/100\n|move|p1b: Oricorio|Revelation Dance|p2a: Heatran\n|-resisted|p2a: Heatran\n|-damage|p2a: Heatran|87\/100\n|move|p2a: Heatran|Heat Wave|p1b: Oricorio|[spread] p1a,p1b\n|-end|p1b: Oricorio|Substitute\n|-supereffective|p1a: Scizor\n|-damage|p1a: Scizor|0 fnt\n|faint|p1a: Scizor\n|-damage|p2a: Heatran|78\/100|[from] item: Life Orb\n|\n|upkeep\n|\n|t:|1701126832\n|switch|p1a: Kommo-o|Kommo-o, L50, M|100\/100\n|turn|5\n|\n|t:|1701126854\n|move|p2b: Iron Hands|Fake Out|p1a: Kommo-o\n|-damage|p1a: Kommo-o|88\/100\n|move|p1b: Oricorio|Revelation Dance|p2b: Iron Hands\n|-supereffective|p2b: Iron Hands\n|-damage|p2b: Iron Hands|44\/100\n|move|p2a: Heatran|Heat Wave|p1b: Oricorio|[spread] p1a,p1b\n|-resisted|p1a: Kommo-o\n|-damage|p1a: Kommo-o|64\/100\n|-damage|p1b: Oricorio|17\/100\n|-enditem|p1b: Oricorio|Wiki Berry|[eat]\n|-heal|p1b: Oricorio|50\/100|[from] item: Wiki Berry\n|-damage|p2a: Heatran|68\/100|[from] item: Life Orb\n|cant|p1a: Kommo-o|flinch\n|\n|upkeep\n|turn|6\n|\n|t:|1701126874\n|-end|p2b: Iron Hands|Quark Drive|[silent]\n|switch|p2b: Amoonguss|Amoonguss, L50, F, tera:Water|50\/100\n|move|p1b: Oricorio|Revelation Dance|p2b: Amoonguss\n|-damage|p2b: Amoonguss|23\/100\n|move|p2a: Heatran|Heat Wave|p1b: Oricorio|[spread] p1a,p1b\n|-resisted|p1a: Kommo-o\n|-damage|p1a: Kommo-o|43\/100\n|-damage|p1b: Oricorio|0 fnt\n|faint|p1b: Oricorio\n|-damage|p2a: Heatran|58\/100|[from] item: Life Orb\n|move|p1a: Kommo-o|Clanging Scales|p2a: Heatran|[spread] p2a,p2b\n|-resisted|p2a: Heatran\n|-damage|p2a: Heatran|35\/100\n|-damage|p2b: Amoonguss|0 fnt\n|faint|p2b: Amoonguss\n|-unboost|p1a: Kommo-o|def|1\n|-damage|p1a: Kommo-o|33\/100|[from] item: Life Orb\n|\n|upkeep\n|\n|t:|1701126890\n|switch|p1b: Basculegion|Basculegion, L50, M|100\/100\n|switch|p2b: Iron Hands|Iron Hands, L50|44\/100\n|turn|7\n|\n|t:|1701126960\n|move|p2a: Heatran|Protect|p2a: Heatran\n|-singleturn|p2a: Heatran|Protect\n|move|p1b: Basculegion|Last Respects|p2b: Iron Hands\n|-damage|p2b: Iron Hands|0 fnt\n|faint|p2b: Iron Hands\n|-end|p2b: Iron Hands|Quark Drive|[silent]\n|move|p1a: Kommo-o|Clanging Scales|p2a: Heatran\n|-activate|p2a: Heatran|move: Protect\n|\n|upkeep\n|turn|8\n|inactive|Battle timer is ON: inactive players will automatically lose when time's up. (requested by ugiguryr)\n|\n|t:|1701126987\n|-terastallize|p1b: Basculegion|Water\n|move|p1b: Basculegion|Last Respects|p2a: Heatran\n|-damage|p2a: Heatran|0 fnt\n|faint|p2a: Heatran\n|\n|win|AllStarSpecial\n|raw|AllStarSpecial's rating: 1070 &rarr; <strong>1098<\/strong><br \/>(+28 for winning)\n|raw|ugiguryr's rating: 1048 &rarr; <strong>1032<\/strong><br \/>(-16 for losing)\n|l|\u2606ugiguryr\n","uploadtime":1701126997,"views":10,"p1id":"allstarspecial","p2id":"ugiguryr","formatid":"gen9vgc2023regulatione","rating":1032,"private":0,"password":""}