{"id":"gen9vgc2023regulatione-1998223924","p1":"Peeposalt","p2":"newusernovice","format":"[Gen 9] VGC 2023 Regulation E","log":"|j|\u2606Peeposalt\n|j|\u2606newusernovice\n|t:|1700915605\n|gametype|doubles\n|player|p1|Peeposalt|101|1318\n|player|p2|newusernovice|brawly|1319\n|teamsize|p1|6\n|teamsize|p2|6\n|gen|9\n|tier|[Gen 9] VGC 2023 Regulation E\n|rated|\n|rule|Species Clause: Limit one of each Pok\u00e9mon\n|rule|Item Clause: Limit one of each item\n|clearpoke\n|poke|p1|Ogerpon-Wellspring, L50, F|\n|poke|p1|Gholdengo, L50|\n|poke|p1|Rillaboom, L50, F|\n|poke|p1|Roaring Moon, L50|\n|poke|p1|Landorus-Therian, L50, M|\n|poke|p1|Urshifu-*, L50, F|\n|poke|p2|Arcanine-Hisui, L50, M|\n|poke|p2|Tornadus, L50, M|\n|poke|p2|Urshifu-*, L50, M|\n|poke|p2|Flutter Mane, L50|\n|poke|p2|Rillaboom, L50, M|\n|poke|p2|Ogerpon-Wellspring, L50, F|\n|teampreview|4\n|inactive|Battle timer is ON: inactive players will automatically lose when time's up. (requested by newusernovice)\n|inactive|newusernovice has 60 seconds left.\n|\n|t:|1700915641\n|start\n|switch|p1a: Landorus|Landorus-Therian, L50, M|100\/100\n|switch|p1b: Roaring Moon|Roaring Moon, L50|100\/100\n|switch|p2a: Tornadus|Tornadus, L50, M|100\/100\n|switch|p2b: Flutter Mane|Flutter Mane, L50, shiny|100\/100\n|-ability|p1a: Landorus|Intimidate|boost\n|-unboost|p2a: Tornadus|atk|1\n|-unboost|p2b: Flutter Mane|atk|1\n|-enditem|p1b: Roaring Moon|Booster Energy\n|-activate|p1b: Roaring Moon|ability: Protosynthesis|[fromitem]\n|-start|p1b: Roaring Moon|protosynthesisspe\n|-enditem|p2b: Flutter Mane|Booster Energy\n|-activate|p2b: Flutter Mane|ability: Protosynthesis|[fromitem]\n|-start|p2b: Flutter Mane|protosynthesisspa\n|turn|1\n|inactive|Peeposalt has 30 seconds left.\n|inactive|Peeposalt has 20 seconds left.\n|inactive|Peeposalt has 15 seconds left.\n|inactive|Peeposalt has 10 seconds left.\n|inactive|Peeposalt has 5 seconds left.\n|\n|t:|1700915695\n|-end|p1b: Roaring Moon|Protosynthesis|[silent]\n|switch|p1b: Gholdengo|Gholdengo, L50|100\/100\n|-terastallize|p2b: Flutter Mane|Fairy\n|move|p2a: Tornadus|Tailwind|p2a: Tornadus\n|-sidestart|p2: newusernovice|move: Tailwind\n|move|p2b: Flutter Mane|Moonblast|p1a: Landorus\n|-damage|p1a: Landorus|0 fnt\n|faint|p1a: Landorus\n|\n|upkeep\n|\n|t:|1700915704\n|switch|p1a: Urshifu|Urshifu, L50, F|100\/100\n|turn|2\n|\n|t:|1700915723\n|move|p1a: Urshifu|Protect|p1a: Urshifu\n|-singleturn|p1a: Urshifu|Protect\n|move|p2a: Tornadus|Bleakwind Storm|p1b: Gholdengo|[spread] p1b\n|-activate|p1a: Urshifu|move: Protect\n|-resisted|p1b: Gholdengo\n|-damage|p1b: Gholdengo|82\/100\n|move|p2b: Flutter Mane|Dazzling Gleam|p1a: Urshifu|[spread] p1b\n|-activate|p1a: Urshifu|move: Protect\n|-resisted|p1b: Gholdengo\n|-damage|p1b: Gholdengo|50\/100\n|move|p1b: Gholdengo|Make It Rain|p2b: Flutter Mane|[spread] p2a,p2b\n|-crit|p2a: Tornadus\n|-supereffective|p2b: Flutter Mane\n|-damage|p2a: Tornadus|21\/100\n|-damage|p2b: Flutter Mane|19\/100\n|-unboost|p1b: Gholdengo|spa|1\n|-enditem|p2a: Tornadus|Sitrus Berry|[eat]\n|-heal|p2a: Tornadus|46\/100|[from] item: Sitrus Berry\n|\n|-heal|p1b: Gholdengo|56\/100|[from] item: Leftovers\n|upkeep\n|turn|3\n|inactive|Peeposalt has 30 seconds left.\n|\n|t:|1700915750\n|-end|p2b: Flutter Mane|Protosynthesis|[silent]\n|switch|p2b: Urshifu|Urshifu-Rapid-Strike, L50, M|100\/100\n|move|p1a: Urshifu|Sucker Punch||[still]\n|-fail|p1a: Urshifu\n|move|p2a: Tornadus|Bleakwind Storm|p1b: Gholdengo|[spread] p1a\n|-miss|p2a: Tornadus|p1b: Gholdengo\n|-supereffective|p1a: Urshifu\n|-damage|p1a: Urshifu|0 fnt\n|faint|p1a: Urshifu\n|move|p1b: Gholdengo|Shadow Ball|p2a: Tornadus\n|-damage|p2a: Tornadus|14\/100\n|\n|-heal|p1b: Gholdengo|62\/100|[from] item: Leftovers\n|upkeep\n|\n|t:|1700915760\n|switch|p1a: Roaring Moon|Roaring Moon, L50|100\/100\n|turn|4\n|\n|t:|1700915776\n|-terastallize|p1a: Roaring Moon|Poison\n|move|p2a: Tornadus|Rain Dance|p2a: Tornadus\n|-weather|RainDance\n|move|p2b: Urshifu|Surging Strikes|p1b: Gholdengo\n|-crit|p1b: Gholdengo\n|-damage|p1b: Gholdengo|35\/100\n|-crit|p1b: Gholdengo\n|-damage|p1b: Gholdengo|7\/100\n|-crit|p1b: Gholdengo\n|-damage|p1b: Gholdengo|0 fnt\n|faint|p1b: Gholdengo\n|-hitcount|p1: Gholdengo|3\n|move|p1a: Roaring Moon|Knock Off|p2b: Urshifu\n|-resisted|p2b: Urshifu\n|-crit|p2b: Urshifu\n|-damage|p2b: Urshifu|62\/100\n|-enditem|p2b: Urshifu|Focus Sash|[from] move: Knock Off|[of] p1a: Roaring Moon\n|\n|-weather|RainDance|[upkeep]\n|-sideend|p2: newusernovice|move: Tailwind\n|upkeep\n|turn|5\n|-message|Peeposalt forfeited.\n|\n|win|newusernovice\n|raw|Peeposalt's rating: 1318 &rarr; <strong>1298<\/strong><br \/>(-20 for losing)\n|raw|newusernovice's rating: 1319 &rarr; <strong>1339<\/strong><br \/>(+20 for winning)\n|l|\u2606Peeposalt\n","uploadtime":1700915830,"views":1,"p1id":"peeposalt","p2id":"newusernovice","formatid":"gen9vgc2023regulatione","rating":1298,"private":0,"password":""}