{"id":"gen9vgc2023regulatione-1988858508","p1":"KunaKuna","p2":"sobablue","format":"[Gen 9] VGC 2023 Regulation E","log":"|j|\u2606KunaKuna\n|j|\u2606sobablue\n|t:|1699775287\n|gametype|doubles\n|player|p1|KunaKuna|biker-gen4|1116\n|player|p2|sobablue|lady-gen4|1098\n|teamsize|p1|6\n|teamsize|p2|6\n|gen|9\n|tier|[Gen 9] VGC 2023 Regulation E\n|rated|\n|rule|Species Clause: Limit one of each Pok\u00e9mon\n|rule|Item Clause: Limit one of each item\n|clearpoke\n|poke|p1|Masquerain, L50, M|\n|poke|p1|Sinistcha, L50|\n|poke|p1|Regieleki, L50|\n|poke|p1|Goodra-Hisui, L50, F|\n|poke|p1|Tauros-Paldea-Blaze, L50, M|\n|poke|p1|Heatran, L50, F|\n|poke|p2|Arcanine-Hisui, L50, F|\n|poke|p2|Gholdengo, L50|\n|poke|p2|Rillaboom, L50, M|\n|poke|p2|Urshifu-*, L50, F|\n|poke|p2|Tornadus, L50, M|\n|poke|p2|Chien-Pao, L50|\n|teampreview|4\n|\n|t:|1699775314\n|start\n|switch|p1a: Looker|Masquerain, L50, M|100\/100\n|switch|p1b: Bull|Tauros-Paldea-Blaze, L50, M|100\/100\n|switch|p2a: Arcanine|Arcanine-Hisui, L50, F, shiny|100\/100\n|switch|p2b: Urshifu|Urshifu-Rapid-Strike, L50, F|100\/100\n|-ability|p1a: Looker|Intimidate|boost\n|-unboost|p2a: Arcanine|atk|1\n|-unboost|p2b: Urshifu|atk|1\n|-ability|p1b: Bull|Intimidate|boost\n|-unboost|p2a: Arcanine|atk|1\n|-unboost|p2b: Urshifu|atk|1\n|-ability|p2a: Arcanine|Intimidate|boost\n|-unboost|p1a: Looker|atk|1\n|-unboost|p1b: Bull|atk|1\n|turn|1\n|\n|t:|1699775336\n|switch|p1b: Brewski|Sinistcha, L50|100\/100\n|switch|p2a: Rillaboom|Rillaboom, L50, M|100\/100\n|-fieldstart|move: Grassy Terrain|[from] ability: Grassy Surge|[of] p2a: Rillaboom\n|move|p2b: Urshifu|U-turn|p1a: Looker\n|-resisted|p1a: Looker\n|-damage|p1a: Looker|90\/100\n|\n|t:|1699775346\n|switch|p2b: Arcanine|Arcanine-Hisui, L50, F, shiny|100\/100|[from] U-turn\n|-ability|p2b: Arcanine|Intimidate|boost\n|-unboost|p1a: Looker|atk|1\n|-unboost|p1b: Brewski|atk|1\n|move|p1a: Looker|Sticky Web|p2b: Arcanine\n|-sidestart|p2: sobablue|move: Sticky Web\n|\n|upkeep\n|turn|2\n|\n|t:|1699775360\n|switch|p1a: Goo Tube|Goodra-Hisui, L50, F|100\/100\n|switch|p1b: Bull|Tauros-Paldea-Blaze, L50, M|100\/100\n|-ability|p1b: Bull|Intimidate|boost\n|-unboost|p2a: Rillaboom|atk|1\n|-unboost|p2b: Arcanine|atk|1\n|move|p2a: Rillaboom|Fake Out|p1a: Goo Tube\n|-resisted|p1a: Goo Tube\n|-damage|p1a: Goo Tube|96\/100\n|move|p2b: Arcanine|Flare Blitz|p1b: Bull\n|-resisted|p1b: Bull\n|-damage|p1b: Bull|65\/100\n|-damage|p2b: Arcanine|90\/100|[from] Recoil\n|\n|-heal|p1b: Bull|71\/100|[from] Grassy Terrain\n|-heal|p2b: Arcanine|96\/100|[from] Grassy Terrain\n|-heal|p1a: Goo Tube|100\/100|[from] Grassy Terrain\n|upkeep\n|turn|3\n|\n|t:|1699775387\n|switch|p2b: Urshifu|Urshifu-Rapid-Strike, L50, F|100\/100\n|-activate|p2b: Urshifu|move: Sticky Web\n|-unboost|p2b: Urshifu|spe|1\n|move|p1b: Bull|Close Combat|p2b: Urshifu\n|-damage|p2b: Urshifu|38\/100\n|-unboost|p1b: Bull|def|1\n|-unboost|p1b: Bull|spd|1\n|move|p2a: Rillaboom|High Horsepower|p1b: Bull\n|-supereffective|p1b: Bull\n|-damage|p1b: Bull|2\/100\n|move|p1a: Goo Tube|Curse|p1a: Goo Tube\n|-unboost|p1a: Goo Tube|spe|1\n|-boost|p1a: Goo Tube|atk|1\n|-boost|p1a: Goo Tube|def|1\n|\n|-heal|p1b: Bull|8\/100|[from] Grassy Terrain\n|-heal|p2b: Urshifu|44\/100|[from] Grassy Terrain\n|upkeep\n|turn|4\n|\n|t:|1699775408\n|switch|p1b: Brewski|Sinistcha, L50|100\/100\n|move|p1a: Goo Tube|Protect|p1a: Goo Tube\n|-singleturn|p1a: Goo Tube|Protect\n|move|p2a: Rillaboom|Grassy Glide|p1b: Brewski\n|-resisted|p1b: Brewski\n|-damage|p1b: Brewski|89\/100\n|-damage|p2a: Rillaboom|84\/100|[from] item: Rocky Helmet|[of] p1b: Brewski\n|move|p2b: Urshifu|Close Combat|p1a: Goo Tube\n|-supereffective|p1a: Goo Tube\n|-damage|p1a: Goo Tube|16\/100\n|-unboost|p2b: Urshifu|def|1\n|-unboost|p2b: Urshifu|spd|1\n|-enditem|p1a: Goo Tube|Aguav Berry|[eat]\n|-heal|p1a: Goo Tube|49\/100|[from] item: Aguav Berry\n|\n|-heal|p2b: Urshifu|50\/100|[from] Grassy Terrain\n|-heal|p2a: Rillaboom|90\/100|[from] Grassy Terrain\n|-heal|p1b: Brewski|95\/100|[from] Grassy Terrain\n|-heal|p1a: Goo Tube|55\/100|[from] Grassy Terrain\n|upkeep\n|turn|5\n|\n|t:|1699775433\n|move|p1b: Brewski|Rage Powder|p1b: Brewski\n|-singleturn|p1b: Brewski|move: Rage Powder\n|move|p2b: Urshifu|Close Combat|p1b: Brewski\n|-immune|p1b: Brewski\n|move|p2a: Rillaboom|U-turn|p1b: Brewski\n|-damage|p1b: Brewski|81\/100\n|-damage|p2a: Rillaboom|73\/100|[from] item: Rocky Helmet|[of] p1b: Brewski\n|\n|t:|1699775444\n|switch|p2a: Arcanine|Arcanine-Hisui, L50, F, shiny|96\/100|[from] U-turn\n|-activate|p2a: Arcanine|move: Sticky Web\n|-unboost|p2a: Arcanine|spe|1\n|-ability|p2a: Arcanine|Intimidate|boost\n|-unboost|p1a: Goo Tube|atk|1\n|-unboost|p1b: Brewski|atk|1\n|move|p1a: Goo Tube|Dragon Claw|p2a: Arcanine\n|-damage|p2a: Arcanine|60\/100\n|\n|-heal|p2b: Urshifu|55\/100|[from] Grassy Terrain\n|-heal|p2a: Arcanine|66\/100|[from] Grassy Terrain\n|-heal|p1b: Brewski|87\/100|[from] Grassy Terrain\n|-heal|p1a: Goo Tube|61\/100|[from] Grassy Terrain\n|-fieldend|move: Grassy Terrain\n|upkeep\n|turn|6\n|\n|t:|1699775475\n|switch|p2b: Rillaboom|Rillaboom, L50, M|73\/100\n|-activate|p2b: Rillaboom|move: Sticky Web\n|-unboost|p2b: Rillaboom|spe|1\n|-fieldstart|move: Grassy Terrain|[from] ability: Grassy Surge|[of] p2b: Rillaboom\n|-terastallize|p1a: Goo Tube|Water\n|move|p2a: Arcanine|Flare Blitz|p1b: Brewski\n|-supereffective|p1b: Brewski\n|-damage|p1b: Brewski|0 fnt\n|-damage|p2a: Arcanine|50\/100|[from] item: Rocky Helmet|[of] p1b: Brewski\n|faint|p1b: Brewski\n|-damage|p2a: Arcanine|20\/100|[from] Recoil\n|move|p1a: Goo Tube|Dragon Claw|p2b: Rillaboom\n|-damage|p2b: Rillaboom|42\/100\n|\n|-heal|p2a: Arcanine|26\/100|[from] Grassy Terrain\n|-heal|p2b: Rillaboom|47\/100|[from] Grassy Terrain\n|-heal|p1a: Goo Tube|67\/100|[from] Grassy Terrain\n|upkeep\n|\n|t:|1699775491\n|switch|p1b: Bull|Tauros-Paldea-Blaze, L50, M|8\/100\n|-ability|p1b: Bull|Intimidate|boost\n|-unboost|p2a: Arcanine|atk|1\n|-unboost|p2b: Rillaboom|atk|1\n|turn|7\n|\n|t:|1699775512\n|switch|p2a: Chien-Pao|Chien-Pao, L50|100\/100\n|-activate|p2a: Chien-Pao|move: Sticky Web\n|-unboost|p2a: Chien-Pao|spe|1\n|-ability|p2a: Chien-Pao|Sword of Ruin\n|move|p2b: Rillaboom|Grassy Glide|p1a: Goo Tube\n|-ability|p1a: Goo Tube|Sap Sipper|boost\n|-boost|p1a: Goo Tube|atk|1\n|move|p1b: Bull|Close Combat|p2a: Chien-Pao\n|-supereffective|p2a: Chien-Pao\n|-enditem|p2a: Chien-Pao|Focus Sash\n|-damage|p2a: Chien-Pao|1\/100\n|-unboost|p1b: Bull|def|1\n|-unboost|p1b: Bull|spd|1\n|move|p1a: Goo Tube|Curse|p1a: Goo Tube\n|-unboost|p1a: Goo Tube|spe|1\n|-boost|p1a: Goo Tube|atk|1\n|-boost|p1a: Goo Tube|def|1\n|\n|-heal|p1b: Bull|14\/100|[from] Grassy Terrain\n|-heal|p2a: Chien-Pao|7\/100|[from] Grassy Terrain\n|-heal|p2b: Rillaboom|53\/100|[from] Grassy Terrain\n|-heal|p1a: Goo Tube|73\/100|[from] Grassy Terrain\n|upkeep\n|turn|8\n|\n|t:|1699775555\n|switch|p1b: Looker|Masquerain, L50, M|90\/100\n|-ability|p1b: Looker|Intimidate|boost\n|-unboost|p2a: Chien-Pao|atk|1\n|-unboost|p2b: Rillaboom|atk|1\n|move|p2b: Rillaboom|Grassy Glide|p1b: Looker\n|-resisted|p1b: Looker\n|-damage|p1b: Looker|80\/100\n|move|p2a: Chien-Pao|Sacred Sword|p1a: Goo Tube\n|-crit|p1a: Goo Tube\n|-damage|p1a: Goo Tube|16\/100\n|move|p1a: Goo Tube|Dragon Claw|p2a: Chien-Pao\n|-damage|p2a: Chien-Pao|0 fnt\n|faint|p2a: Chien-Pao\n|\n|-heal|p2b: Rillaboom|59\/100|[from] Grassy Terrain\n|-heal|p1a: Goo Tube|22\/100|[from] Grassy Terrain\n|upkeep\n|\n|t:|1699775576\n|switch|p2a: Urshifu|Urshifu-Rapid-Strike, L50, F|55\/100\n|-activate|p2a: Urshifu|move: Sticky Web\n|-unboost|p2a: Urshifu|spe|1\n|turn|9\n|\n|t:|1699775595\n|switch|p1a: Bull|Tauros-Paldea-Blaze, L50, M|14\/100\n|-ability|p1a: Bull|Intimidate|boost\n|-unboost|p2a: Urshifu|atk|1\n|-unboost|p2b: Rillaboom|atk|1\n|move|p1b: Looker|Giga Drain|p2a: Urshifu\n|-supereffective|p2a: Urshifu\n|-damage|p2a: Urshifu|0 fnt\n|-heal|p1b: Looker|100\/100|[from] drain|[of] p2a: Urshifu\n|faint|p2a: Urshifu\n|move|p2b: Rillaboom|U-turn|p1a: Bull\n|-resisted|p1a: Bull\n|-damage|p1a: Bull|11\/100\n|\n|t:|1699775606\n|switch|p2b: Arcanine|Arcanine-Hisui, L50, F, shiny|26\/100|[from] U-turn\n|-activate|p2b: Arcanine|move: Sticky Web\n|-unboost|p2b: Arcanine|spe|1\n|-ability|p2b: Arcanine|Intimidate|boost\n|-unboost|p1a: Bull|atk|1\n|-unboost|p1b: Looker|atk|1\n|\n|-heal|p1a: Bull|17\/100|[from] Grassy Terrain\n|-heal|p2b: Arcanine|32\/100|[from] Grassy Terrain\n|upkeep\n|\n|t:|1699775616\n|switch|p2a: Rillaboom|Rillaboom, L50, M|59\/100\n|-activate|p2a: Rillaboom|move: Sticky Web\n|-unboost|p2a: Rillaboom|spe|1\n|turn|10\n|\n|t:|1699775625\n|move|p2a: Rillaboom|Fake Out|p1a: Bull\n|-damage|p1a: Bull|2\/100\n|move|p1b: Looker|Giga Drain|p2b: Arcanine\n|-damage|p2b: Arcanine|5\/100\n|cant|p1a: Bull|flinch\n|move|p2b: Arcanine|Rock Slide|p1b: Looker|[spread] p1a,p1b\n|-supereffective|p1b: Looker\n|-damage|p1a: Bull|0 fnt\n|-damage|p1b: Looker|0 fnt\n|faint|p1a: Bull\n|faint|p1b: Looker\n|\n|-heal|p2b: Arcanine|10\/100|[from] Grassy Terrain\n|-heal|p2a: Rillaboom|64\/100|[from] Grassy Terrain\n|-fieldend|move: Grassy Terrain\n|upkeep\n|\n|t:|1699775635\n|switch|p1b: Goo Tube|Goodra-Hisui, L50, F, tera:Water|22\/100\n|turn|11\n|\n|t:|1699775652\n|move|p2b: Arcanine|Rock Slide|p1b: Goo Tube\n|-damage|p1b: Goo Tube|0 fnt\n|faint|p1b: Goo Tube\n|\n|win|sobablue\n|raw|KunaKuna's rating: 1116 &rarr; <strong>1090<\/strong><br \/>(-26 for losing)\n|raw|sobablue's rating: 1098 &rarr; <strong>1125<\/strong><br \/>(+27 for winning)\n|c|\u2606KunaKuna|Gg\n","uploadtime":1699775661,"views":9,"p1id":"kunakuna","p2id":"sobablue","formatid":"gen9vgc2023regulatione","rating":1090,"private":0,"password":""}