{"id":"gen9vgc2023regulatione-2000455144","p1":"EnigmaticEevee","p2":"SLOWBOOOHO","format":"[Gen 9] VGC 2023 Regulation E","log":"|j|\u2606EnigmaticEevee\n|j|\u2606SLOWBOOOHO\n|t:|1701196246\n|gametype|doubles\n|player|p1|EnigmaticEevee|cynthia|1150\n|player|p2|SLOWBOOOHO|colress|1144\n|teamsize|p1|6\n|teamsize|p2|6\n|gen|9\n|tier|[Gen 9] VGC 2023 Regulation E\n|rated|\n|rule|Species Clause: Limit one of each Pok\u00e9mon\n|rule|Item Clause: Limit one of each item\n|clearpoke\n|poke|p1|Sinistcha-Masterpiece, L50|\n|poke|p1|Iron Valiant, L50|\n|poke|p1|Tornadus, L50, M|\n|poke|p1|Chi-Yu, L50|\n|poke|p1|Dragonite, L50, F|\n|poke|p1|Chien-Pao, L50|\n|poke|p2|Armarouge, L50, F|\n|poke|p2|Indeedee-F, L50, F|\n|poke|p2|Farigiraf, L50, F|\n|poke|p2|Urshifu-*, L50, M|\n|poke|p2|Chien-Pao, L50|\n|poke|p2|Dragapult, L50, M|\n|teampreview|4\n|\n|t:|1701196269\n|start\n|switch|p1a: Soumili|Sinistcha-Masterpiece, L50|100\/100\n|switch|p1b: Nasir|Tornadus, L50, M|100\/100\n|switch|p2a: Armarouge|Armarouge, L50, F|100\/100\n|switch|p2b: Urshifu|Urshifu-Rapid-Strike, L50, M|100\/100\n|turn|1\n|\n|t:|1701196301\n|-terastallize|p1a: Soumili|Rock\n|move|p2a: Armarouge|Endure|p2a: Armarouge\n|-singleturn|p2a: Armarouge|move: Endure\n|move|p1b: Nasir|Tailwind|p1b: Nasir\n|-sidestart|p1: EnigmaticEevee|move: Tailwind\n|move|p1a: Soumili|Matcha Gotcha|p2b: Urshifu|[spread] p2a,p2b\n|-resisted|p2a: Armarouge\n|-supereffective|p2b: Urshifu\n|-damage|p2a: Armarouge|74\/100\n|-damage|p2b: Urshifu|0 fnt\n|faint|p2b: Urshifu\n|-damage|p1a: Soumili|91\/100|[from] item: Life Orb\n|\n|upkeep\n|\n|t:|1701196314\n|switch|p2b: Farigiraf|Farigiraf, L50, F|100\/100\n|turn|2\n|\n|t:|1701196339\n|move|p1b: Nasir|Taunt||[still]\n|cant|p2b: Farigiraf|ability: Armor Tail|Taunt|[of] p1b: Nasir\n|move|p1a: Soumili|Tera Blast|p2a: Armarouge|[anim] Tera Blast Rock\n|-supereffective|p2a: Armarouge\n|-damage|p2a: Armarouge|0 fnt\n|faint|p2a: Armarouge\n|-damage|p1a: Soumili|81\/100|[from] item: Life Orb\n|move|p2b: Farigiraf|Psychic|p1a: Soumili\n|-damage|p1a: Soumili|25\/100\n|\n|upkeep\n|\n|t:|1701196349\n|switch|p2a: Chien-Pao|Chien-Pao, L50|100\/100\n|-ability|p2a: Chien-Pao|Sword of Ruin\n|turn|3\n|\n|t:|1701196359\n|move|p2a: Chien-Pao|Protect|p2a: Chien-Pao\n|-singleturn|p2a: Chien-Pao|Protect\n|move|p1b: Nasir|Icy Wind|p2a: Chien-Pao|[spread] p2b\n|-activate|p2a: Chien-Pao|move: Protect\n|-damage|p2b: Farigiraf|88\/100\n|-unboost|p2b: Farigiraf|spe|1\n|move|p1a: Soumili|Matcha Gotcha|p2b: Farigiraf|[spread] p2b\n|-activate|p2a: Chien-Pao|move: Protect\n|-damage|p2b: Farigiraf|46\/100\n|-heal|p1a: Soumili|58\/100|[from] drain|[of] p2b: Farigiraf\n|-damage|p1a: Soumili|48\/100|[from] item: Life Orb\n|move|p2b: Farigiraf|Shadow Ball|p1a: Soumili\n|-damage|p1a: Soumili|14\/100\n|\n|upkeep\n|turn|4\n|\n|t:|1701196387\n|-terastallize|p2a: Chien-Pao|Ghost\n|move|p1b: Nasir|Icy Wind|p2a: Chien-Pao|[spread] p2a,p2b\n|-damage|p2a: Chien-Pao|77\/100\n|-damage|p2b: Farigiraf|34\/100\n|-unboost|p2a: Chien-Pao|spe|1\n|-unboost|p2b: Farigiraf|spe|1\n|move|p1a: Soumili|Matcha Gotcha|p2b: Farigiraf|[spread] p2a\n|-miss|p1a: Soumili|p2b: Farigiraf\n|-damage|p2a: Chien-Pao|4\/100\n|-heal|p1a: Soumili|53\/100|[from] drain|[of] p2a: Chien-Pao\n|-status|p2a: Chien-Pao|brn\n|-damage|p1a: Soumili|44\/100|[from] item: Life Orb\n|move|p2a: Chien-Pao|Sacred Sword|p1a: Soumili\n|-supereffective|p1a: Soumili\n|-damage|p1a: Soumili|1\/100\n|move|p2b: Farigiraf|Psychic|p1b: Nasir\n|-damage|p1b: Nasir|47\/100\n|\n|-damage|p2a: Chien-Pao|0 fnt|[from] brn\n|faint|p2a: Chien-Pao\n|-sideend|p1: EnigmaticEevee|move: Tailwind\n|upkeep\n|turn|5\n|\n|t:|1701196412\n|move|p1b: Nasir|Tailwind|p1b: Nasir\n|-sidestart|p1: EnigmaticEevee|move: Tailwind\n|move|p1a: Soumili|Matcha Gotcha|p2b: Farigiraf\n|-damage|p2b: Farigiraf|0 fnt\n|-heal|p1a: Soumili|27\/100|[from] drain|[of] p2b: Farigiraf\n|faint|p2b: Farigiraf\n|-damage|p1a: Soumili|18\/100|[from] item: Life Orb\n|\n|win|EnigmaticEevee\n|raw|EnigmaticEevee's rating: 1150 &rarr; <strong>1175<\/strong><br \/>(+25 for winning)\n|raw|SLOWBOOOHO's rating: 1144 &rarr; <strong>1119<\/strong><br \/>(-25 for losing)\n","uploadtime":1701196421,"views":11,"p1id":"enigmaticeevee","p2id":"slowboooho","formatid":"gen9vgc2023regulatione","rating":1119,"private":0,"password":""}