{"id":"gen9vgc2023regulatione-1999142117","p1":"poppinphresh","p2":"Raymond935","format":"[Gen 9] VGC 2023 Regulation E","log":"|j|\u2606poppinphresh\n|j|\u2606Raymond935\n|t:|1701037740\n|gametype|doubles\n|player|p1|poppinphresh|preschooler|\n|player|p2|Raymond935|brycenman|\n|teamsize|p1|6\n|teamsize|p2|6\n|gen|9\n|tier|[Gen 9] VGC 2023 Regulation E\n|rule|Species Clause: Limit one of each Pok\u00e9mon\n|rule|Item Clause: Limit one of each item\n|clearpoke\n|poke|p1|Sinistcha, L50|\n|poke|p1|Arcanine-Hisui, L50, F|\n|poke|p1|Kommo-o, L50, M|\n|poke|p1|Tyranitar, L50, F|\n|poke|p1|Vikavolt, L50, F|\n|poke|p1|Bruxish, L50, M|\n|poke|p2|Thundurus, L50, M|\n|poke|p2|Garchomp, L50, M|\n|poke|p2|Ninetales-Alola, L50, F|\n|poke|p2|Azelf, L50|\n|poke|p2|Quaquaval, L50, F|\n|poke|p2|Beartic, L50, F|\n|teampreview|4\n|c|\u2606Raymond935|G1\n|c|\u2606poppinphresh|glhf!\n|c|\u2606poppinphresh|sorry one sec\n|c|\u2606Raymond935|No worries\n|c|\u2606Raymond935|Good luck!\n|\n|t:|1701038022\n|start\n|switch|p1a: Nozdormu|Tyranitar, L50, F, shiny|100\/100\n|switch|p1b: Okani|Bruxish, L50, M|100\/100\n|switch|p2a: Garchomp|Garchomp, L50, M|100\/100\n|switch|p2b: Azelf|Azelf, L50|100\/100\n|-weather|Sandstorm|[from] ability: Sand Stream|[of] p1a: Nozdormu\n|turn|1\n|\n|t:|1701038187\n|-terastallize|p2b: Azelf|Dark\n|move|p2b: Azelf|Imprison|p2b: Azelf\n|-start|p2b: Azelf|move: Imprison\n|move|p2a: Garchomp|Earthquake|p1a: Nozdormu|[spread] p1a,p1b\n|-immune|p2b: Azelf|[from] ability: Levitate\n|-supereffective|p1a: Nozdormu\n|-damage|p1a: Nozdormu|44\/100\n|-damage|p1b: Okani|37\/100\n|-enditem|p1a: Nozdormu|Sitrus Berry|[eat]\n|-heal|p1a: Nozdormu|69\/100|[from] item: Sitrus Berry\n|move|p1a: Nozdormu|Rock Slide|p2a: Garchomp|[spread] p2a,p2b\n|-resisted|p2a: Garchomp\n|-damage|p2a: Garchomp|86\/100\n|-damage|p2b: Azelf|71\/100\n|cant|p1b: Okani|move: Imprison|Trick Room\n|\n|-weather|Sandstorm|[upkeep]\n|-damage|p2b: Azelf|65\/100|[from] Sandstorm\n|-damage|p1b: Okani|31\/100|[from] Sandstorm\n|upkeep\n|turn|2\n|\n|t:|1701038280\n|switch|p1b: Witch's Brew|Sinistcha, L50|100\/100\n|-heal|p1a: Nozdormu|94\/100|[from] ability: Hospitality|[of] p1b: Witch's Brew\n|-terastallize|p1a: Nozdormu|Fairy\n|move|p2b: Azelf|Mystical Power|p1a: Nozdormu\n|-damage|p1a: Nozdormu|72\/100\n|-boost|p2b: Azelf|spa|1\n|move|p2a: Garchomp|Earthquake|p1a: Nozdormu|[spread] p1a,p1b\n|-immune|p2b: Azelf|[from] ability: Levitate\n|-resisted|p1b: Witch's Brew\n|-damage|p1a: Nozdormu|42\/100\n|-damage|p1b: Witch's Brew|83\/100\n|move|p1a: Nozdormu|Tera Blast|p2b: Azelf|[anim] Tera Blast Fairy\n|-supereffective|p2b: Azelf\n|-damage|p2b: Azelf|0 fnt\n|faint|p2b: Azelf\n|\n|-weather|Sandstorm|[upkeep]\n|-damage|p1b: Witch's Brew|77\/100|[from] Sandstorm\n|-damage|p1a: Nozdormu|36\/100|[from] Sandstorm\n|upkeep\n|\n|t:|1701038399\n|switch|p2b: Thundurus|Thundurus, L50, M|100\/100\n|turn|3\n|\n|t:|1701038442\n|move|p2b: Thundurus|Taunt|p1b: Witch's Brew\n|-start|p1b: Witch's Brew|move: Taunt\n|-enditem|p1b: Witch's Brew|Mental Herb\n|-end|p1b: Witch's Brew|move: Taunt\n|move|p2a: Garchomp|Earthquake|p1a: Nozdormu|[spread] p1a,p1b\n|-immune|p2b: Thundurus\n|-resisted|p1b: Witch's Brew\n|-damage|p1a: Nozdormu|8\/100\n|-damage|p1b: Witch's Brew|60\/100\n|move|p1a: Nozdormu|Rock Slide|p2a: Garchomp|[spread] p2a,p2b\n|-resisted|p2a: Garchomp\n|-supereffective|p2b: Thundurus\n|-enditem|p2b: Thundurus|Charti Berry|[eat]\n|-enditem|p2b: Thundurus|Charti Berry|[weaken]\n|-damage|p2a: Garchomp|73\/100\n|-damage|p2b: Thundurus|78\/100\n|move|p1b: Witch's Brew|Trick Room|p1b: Witch's Brew\n|-fieldstart|move: Trick Room|[of] p1b: Witch's Brew\n|\n|-weather|Sandstorm|[upkeep]\n|-damage|p1a: Nozdormu|2\/100|[from] Sandstorm\n|-damage|p1b: Witch's Brew|54\/100|[from] Sandstorm\n|-damage|p2b: Thundurus|72\/100|[from] Sandstorm\n|upkeep\n|turn|4\n|\n|t:|1701038503\n|move|p2a: Garchomp|Protect|p2a: Garchomp\n|-singleturn|p2a: Garchomp|Protect\n|move|p2b: Thundurus|Eerie Impulse|p1b: Witch's Brew\n|-unboost|p1b: Witch's Brew|spa|2\n|move|p1a: Nozdormu|Tera Blast|p2a: Garchomp|[anim] Tera Blast Fairy\n|-activate|p2a: Garchomp|move: Protect\n|move|p1b: Witch's Brew|Matcha Gotcha|p2b: Thundurus|[spread] p2b\n|-activate|p2a: Garchomp|move: Protect\n|-resisted|p2b: Thundurus\n|-damage|p2b: Thundurus|66\/100\n|-heal|p1b: Witch's Brew|58\/100|[from] drain|[of] p2b: Thundurus\n|\n|-weather|Sandstorm|[upkeep]\n|-damage|p1a: Nozdormu|0 fnt|[from] Sandstorm\n|-damage|p1b: Witch's Brew|52\/100|[from] Sandstorm\n|-damage|p2b: Thundurus|60\/100|[from] Sandstorm\n|faint|p1a: Nozdormu\n|upkeep\n|\n|t:|1701038518\n|switch|p1a: Shockspitter|Vikavolt, L50, F|100\/100\n|turn|5\n|\n|t:|1701038576\n|switch|p1b: Okani|Bruxish, L50, M|31\/100\n|move|p2b: Thundurus|Eerie Impulse||[still]\n|cant|p1b: Okani|ability: Dazzling|Eerie Impulse|[of] p2b: Thundurus\n|move|p1a: Shockspitter|Thunderbolt|p2b: Thundurus\n|-damage|p2b: Thundurus|0 fnt\n|faint|p2b: Thundurus\n|move|p2a: Garchomp|Dragon Claw|p1b: Okani\n|-damage|p1b: Okani|0 fnt\n|faint|p1b: Okani\n|\n|-weather|none\n|upkeep\n|\n|t:|1701038588\n|switch|p2b: Quaquaval|Quaquaval, L50, F|100\/100\n|switch|p1b: Witch's Brew|Sinistcha, L50|52\/100\n|turn|6\n|\n|t:|1701038626\n|move|p2b: Quaquaval|Detect|p2b: Quaquaval\n|-singleturn|p2b: Quaquaval|Protect\n|move|p1a: Shockspitter|Thunderbolt|p2b: Quaquaval\n|-activate|p2b: Quaquaval|move: Protect\n|move|p1b: Witch's Brew|Matcha Gotcha|p2a: Garchomp|[spread] p2a\n|-activate|p2b: Quaquaval|move: Protect\n|-damage|p2a: Garchomp|43\/100\n|-heal|p1b: Witch's Brew|68\/100|[from] drain|[of] p2a: Garchomp\n|move|p2a: Garchomp|Swords Dance|p2a: Garchomp\n|-boost|p2a: Garchomp|atk|2\n|\n|upkeep\n|turn|7\n|\n|t:|1701038675\n|move|p2b: Quaquaval|Detect||[still]\n|-fail|p2b: Quaquaval\n|move|p2a: Garchomp|Protect|p2a: Garchomp\n|-singleturn|p2a: Garchomp|Protect\n|move|p1a: Shockspitter|Thunderbolt|p2b: Quaquaval\n|-supereffective|p2b: Quaquaval\n|-damage|p2b: Quaquaval|0 fnt\n|faint|p2b: Quaquaval\n|move|p1b: Witch's Brew|Matcha Gotcha|p2a: Garchomp\n|-activate|p2a: Garchomp|move: Protect\n|\n|-fieldend|move: Trick Room\n|upkeep\n|turn|8\n|\n|t:|1701038742\n|move|p2a: Garchomp|Dragon Claw|p1b: Witch's Brew\n|-damage|p1b: Witch's Brew|0 fnt\n|faint|p1b: Witch's Brew\n|move|p1a: Shockspitter|Flash Cannon|p2a: Garchomp\n|-damage|p2a: Garchomp|11\/100\n|\n|upkeep\n|turn|9\n|\n|t:|1701038755\n|move|p2a: Garchomp|Dragon Claw|p1a: Shockspitter\n|-damage|p1a: Shockspitter|0 fnt\n|faint|p1a: Shockspitter\n|\n|win|Raymond935\n|c|\u2606poppinphresh|gg!\n|c|\u2606Raymond935|ggs\n|l|\u2606Raymond935\n","uploadtime":1701040568,"views":38,"p1id":"poppinphresh","p2id":"raymond935","formatid":"gen9vgc2023regulatione","rating":0,"private":0,"password":""}