{"id":"gen9vgc2023regulatione-1988019374","p1":"Xikirito","p2":"DjPr1me","format":"[Gen 9] VGC 2023 Regulation E","log":"|j|\u2606Xikirito\n|j|\u2606DjPr1me\n|t:|1699659842\n|gametype|doubles\n|player|p1|Xikirito|volkner|1052\n|player|p2|DjPr1me|acetrainer|1137\n|teamsize|p1|6\n|teamsize|p2|6\n|gen|9\n|tier|[Gen 9] VGC 2023 Regulation E\n|rated|\n|rule|Species Clause: Limit one of each Pok\u00e9mon\n|rule|Item Clause: Limit one of each item\n|clearpoke\n|poke|p1|Chi-Yu, L50|\n|poke|p1|Iron Hands, L50|\n|poke|p1|Landorus-Therian, L50, M|\n|poke|p1|Dusclops, L50, M|\n|poke|p1|Ogerpon-Wellspring, L50, F|\n|poke|p1|Ursaluna-Bloodmoon, L50, M|\n|poke|p2|Tinkaton, L50, F|\n|poke|p2|Sneasler, L50, M|\n|poke|p2|Grimmsnarl, L50, M|\n|poke|p2|Gyarados, L50, M|\n|poke|p2|Flutter Mane, L50|\n|poke|p2|Thundurus, L50, M|\n|teampreview|4\n|inactive|Battle timer is ON: inactive players will automatically lose when time's up. (requested by DjPr1me)\n|inactive|DjPr1me has 60 seconds left.\n|\n|t:|1699659889\n|start\n|switch|p1a: Ogerpon|Ogerpon-Wellspring, L50, F|100\/100\n|switch|p1b: Iron Hands|Iron Hands, L50|100\/100\n|switch|p2a: Tinkaton|Tinkaton, L50, F|100\/100\n|switch|p2b: Thundurus|Thundurus, L50, M|100\/100\n|turn|1\n|\n|t:|1699659905\n|move|p1a: Ogerpon|Spiky Shield|p1a: Ogerpon\n|-singleturn|p1a: Ogerpon|move: Protect\n|move|p2a: Tinkaton|Fake Out|p1b: Iron Hands\n|-damage|p1b: Iron Hands|96\/100\n|cant|p1b: Iron Hands|flinch\n|move|p2b: Thundurus|Wildbolt Storm|p1b: Iron Hands|[spread] p1b\n|-activate|p1a: Ogerpon|move: Protect\n|-resisted|p1b: Iron Hands\n|-damage|p1b: Iron Hands|88\/100\n|\n|upkeep\n|turn|2\n|inactive|Xikirito has 30 seconds left.\n|\n|t:|1699659931\n|move|p2b: Thundurus|Swagger|p2a: Tinkaton|[miss]\n|-miss|p2b: Thundurus|p2a: Tinkaton\n|move|p1a: Ogerpon|Ivy Cudgel|p2a: Tinkaton\n|-damage|p2a: Tinkaton|58\/100\n|move|p2a: Tinkaton|Play Rough|p1b: Iron Hands\n|-supereffective|p1b: Iron Hands\n|-damage|p1b: Iron Hands|58\/100\n|move|p1b: Iron Hands|Wild Charge|p2a: Tinkaton\n|-damage|p2a: Tinkaton|20\/100\n|-damage|p1b: Iron Hands|50\/100|[from] Recoil\n|\n|upkeep\n|turn|3\n|\n|t:|1699659950\n|move|p1a: Ogerpon|Spiky Shield|p1a: Ogerpon\n|-singleturn|p1a: Ogerpon|move: Protect\n|move|p2b: Thundurus|Thunder Wave|p1a: Ogerpon\n|-activate|p1a: Ogerpon|move: Protect\n|move|p2a: Tinkaton|Play Rough|p1b: Iron Hands\n|-supereffective|p1b: Iron Hands\n|-damage|p1b: Iron Hands|15\/100\n|move|p1b: Iron Hands|Drain Punch|p2b: Thundurus\n|-resisted|p2b: Thundurus\n|-damage|p2b: Thundurus|82\/100\n|-heal|p1b: Iron Hands|22\/100|[from] drain|[of] p2b: Thundurus\n|\n|upkeep\n|turn|4\n|\n|t:|1699659974\n|move|p2b: Thundurus|Thunder Wave|p1a: Ogerpon\n|-status|p1a: Ogerpon|par\n|move|p2a: Tinkaton|Play Rough|p1a: Ogerpon\n|-damage|p1a: Ogerpon|73\/100 par\n|-unboost|p1a: Ogerpon|atk|1\n|move|p1b: Iron Hands|Drain Punch|p2b: Thundurus\n|-resisted|p2b: Thundurus\n|-damage|p2b: Thundurus|64\/100\n|-heal|p1b: Iron Hands|30\/100|[from] drain|[of] p2b: Thundurus\n|move|p1a: Ogerpon|Ivy Cudgel|p2a: Tinkaton\n|-damage|p2a: Tinkaton|0 fnt\n|faint|p2a: Tinkaton\n|\n|upkeep\n|inactive|DjPr1me has 30 seconds left.\n|\n|t:|1699660002\n|switch|p2a: Flutter Mane|Flutter Mane, L50|100\/100\n|-enditem|p2a: Flutter Mane|Booster Energy\n|-activate|p2a: Flutter Mane|ability: Protosynthesis|[fromitem]\n|-start|p2a: Flutter Mane|protosynthesisspa\n|turn|5\n|\n|t:|1699660018\n|move|p1a: Ogerpon|Spiky Shield|p1a: Ogerpon\n|-singleturn|p1a: Ogerpon|move: Protect\n|move|p2a: Flutter Mane|Moonblast|p1b: Iron Hands\n|-supereffective|p1b: Iron Hands\n|-damage|p1b: Iron Hands|0 fnt\n|faint|p1b: Iron Hands\n|-end|p1b: Iron Hands|Quark Drive|[silent]\n|move|p2b: Thundurus|Wildbolt Storm|p1a: Ogerpon\n|-activate|p1a: Ogerpon|move: Protect\n|\n|upkeep\n|\n|t:|1699660027\n|switch|p1b: Dusclops|Dusclops, L50, M|100\/100\n|-item|p2b: Thundurus|Mental Herb|[from] ability: Frisk|[of] p1b: Dusclops|[identify]\n|turn|6\n|\n|t:|1699660047\n|move|p2b: Thundurus|Taunt|p1b: Dusclops\n|-start|p1b: Dusclops|move: Taunt\n|move|p2a: Flutter Mane|Shadow Ball|p1b: Dusclops\n|-supereffective|p1b: Dusclops\n|-damage|p1b: Dusclops|31\/100\n|move|p1a: Ogerpon|Horn Leech|p2a: Flutter Mane\n|-damage|p2a: Flutter Mane|41\/100\n|-heal|p1a: Ogerpon|95\/100 par|[from] drain|[of] p2a: Flutter Mane\n|cant|p1b: Dusclops|move: Taunt|Will-O-Wisp\n|\n|upkeep\n|turn|7\n|inactive|DjPr1me has 30 seconds left.\n|\n|t:|1699660076\n|move|p2a: Flutter Mane|Protect|p2a: Flutter Mane\n|-singleturn|p2a: Flutter Mane|Protect\n|move|p2b: Thundurus|Wildbolt Storm|p1b: Dusclops|[spread] p1a\n|-miss|p2b: Thundurus|p1b: Dusclops\n|-damage|p1a: Ogerpon|65\/100 par\n|move|p1a: Ogerpon|Ivy Cudgel|p2a: Flutter Mane\n|-activate|p2a: Flutter Mane|move: Protect\n|move|p1b: Dusclops|Brick Break|p2b: Thundurus\n|-resisted|p2b: Thundurus\n|-damage|p2b: Thundurus|59\/100\n|\n|upkeep\n|turn|8\n|\n|t:|1699660094\n|switch|p1b: Ursaluna|Ursaluna-Bloodmoon, L50, M|100\/100\n|-terastallize|p2a: Flutter Mane|Fairy\n|move|p2a: Flutter Mane|Moonblast|p1a: Ogerpon\n|-damage|p1a: Ogerpon|0 fnt\n|faint|p1a: Ogerpon\n|move|p2b: Thundurus|Wildbolt Storm|p1b: Ursaluna\n|-immune|p1b: Ursaluna\n|\n|upkeep\n|\n|t:|1699660104\n|switch|p1a: Dusclops|Dusclops, L50, M|31\/100\n|-item|p2b: Thundurus|Mental Herb|[from] ability: Frisk|[of] p1a: Dusclops|[identify]\n|turn|9\n|inactive|DjPr1me has 30 seconds left.\n|\n|t:|1699660130\n|move|p2b: Thundurus|Swagger|p1b: Ursaluna|[miss]\n|-miss|p2b: Thundurus|p1b: Ursaluna\n|move|p2a: Flutter Mane|Moonblast|p1a: Dusclops\n|-damage|p1a: Dusclops|0 fnt\n|faint|p1a: Dusclops\n|move|p1b: Ursaluna|Hyper Voice|p2b: Thundurus|[spread] p2a,p2b\n|-damage|p2a: Flutter Mane|0 fnt\n|-damage|p2b: Thundurus|17\/100\n|faint|p2a: Flutter Mane\n|-end|p2a: Flutter Mane|Protosynthesis|[silent]\n|\n|upkeep\n|\n|t:|1699660143\n|switch|p2a: Sneasler|Sneasler, L50, M|100\/100\n|turn|10\n|\n|t:|1699660152\n|move|p1b: Ursaluna|Protect|p1b: Ursaluna\n|-singleturn|p1b: Ursaluna|Protect\n|move|p2a: Sneasler|Fake Out|p1b: Ursaluna\n|-activate|p1b: Ursaluna|move: Protect\n|move|p2b: Thundurus|Swagger|p1b: Ursaluna\n|-activate|p1b: Ursaluna|move: Protect\n|\n|upkeep\n|turn|11\n|\n|t:|1699660165\n|move|p2b: Thundurus|Swagger|p1b: Ursaluna\n|-boost|p1b: Ursaluna|atk|2\n|-enditem|p2a: Sneasler|Mirror Herb\n|-boost|p2a: Sneasler|atk|2|[from] item: Mirror Herb\n|-start|p1b: Ursaluna|confusion\n|move|p2a: Sneasler|Close Combat|p1b: Ursaluna\n|-supereffective|p1b: Ursaluna\n|-crit|p1b: Ursaluna\n|-damage|p1b: Ursaluna|0 fnt\n|-unboost|p2a: Sneasler|def|1\n|-unboost|p2a: Sneasler|spd|1\n|faint|p1b: Ursaluna\n|\n|win|DjPr1me\n|raw|Xikirito's rating: 1052 &rarr; <strong>1038<\/strong><br \/>(-14 for losing)\n|raw|DjPr1me's rating: 1137 &rarr; <strong>1156<\/strong><br \/>(+19 for winning)\n","uploadtime":1699660177,"views":23,"p1id":"xikirito","p2id":"djpr1me","formatid":"gen9vgc2023regulatione","rating":1038,"private":0,"password":""}