{"id":"gen9vgc2023regulatione-1988615067","p1":"CharlienoB","p2":"Cheetah173857","format":"[Gen 9] VGC 2023 Regulation E","log":"|j|\u2606CharlienoB\n|j|\u2606Cheetah173857\n|t:|1699742207\n|gametype|doubles\n|player|p1|CharlienoB|102|1116\n|player|p2|Cheetah173857|170|1000\n|teamsize|p1|6\n|teamsize|p2|6\n|gen|9\n|tier|[Gen 9] VGC 2023 Regulation E\n|rated|\n|rule|Species Clause: Limit one of each Pok\u00e9mon\n|rule|Item Clause: Limit one of each item\n|clearpoke\n|poke|p1|Skeledirge, L50, F|\n|poke|p1|Amoonguss, L50, F|\n|poke|p1|Iron Bundle, L50|\n|poke|p1|Grimmsnarl, L50, M|\n|poke|p1|Scream Tail, L50|\n|poke|p1|Iron Hands, L50|\n|poke|p2|Shiftry, L50, F|\n|poke|p2|Ninetales, L50, M|\n|poke|p2|Clefairy, L50, F|\n|poke|p2|Charizard, L50, F|\n|poke|p2|Iron Bundle, L50|\n|poke|p2|Rillaboom, L50, M|\n|teampreview|4\n|\n|t:|1699742229\n|start\n|switch|p1a: Scream Tail|Scream Tail, L50|100\/100\n|switch|p1b: Grimmsnarl|Grimmsnarl, L50, M|100\/100\n|switch|p2a: Shiftry|Shiftry, L50, F, shiny|100\/100\n|switch|p2b: Ninetales|Ninetales, L50, M, shiny|100\/100\n|-weather|SunnyDay|[from] ability: Drought|[of] p2b: Ninetales\n|-activate|p1a: Scream Tail|ability: Protosynthesis\n|-start|p1a: Scream Tail|protosynthesisspd\n|turn|1\n|\n|t:|1699742260\n|move|p1b: Grimmsnarl|Parting Shot|p2a: Shiftry\n|-hint|Since gen 7, Dark is immune to Prankster moves.\n|-immune|p2a: Shiftry\n|move|p2a: Shiftry|Leaf Storm|p1a: Scream Tail\n|-damage|p1a: Scream Tail|66\/100\n|-unboost|p2a: Shiftry|spa|2\n|-damage|p2a: Shiftry|91\/100|[from] item: Life Orb\n|move|p2b: Ninetales|Solar Beam||[still]\n|-prepare|p2b: Ninetales|Solar Beam\n|-anim|p2b: Ninetales|Solar Beam|p1a: Scream Tail\n|-damage|p1a: Scream Tail|49\/100\n|move|p1a: Scream Tail|Trick Room|p1a: Scream Tail\n|-fieldstart|move: Trick Room|[of] p1a: Scream Tail\n|-enditem|p1a: Scream Tail|Room Service\n|-unboost|p1a: Scream Tail|spe|1|[from] item: Room Service\n|\n|-weather|SunnyDay|[upkeep]\n|upkeep\n|turn|2\n|\n|t:|1699742293\n|move|p1b: Grimmsnarl|Light Screen|p1b: Grimmsnarl\n|-sidestart|p1: CharlienoB|move: Light Screen\n|move|p1a: Scream Tail|Drain Punch|p2a: Shiftry\n|-supereffective|p2a: Shiftry\n|-damage|p2a: Shiftry|47\/100\n|-heal|p1a: Scream Tail|67\/100|[from] drain|[of] p2a: Shiftry\n|move|p2b: Ninetales|Solar Beam||[still]\n|-prepare|p2b: Ninetales|Solar Beam\n|-anim|p2b: Ninetales|Solar Beam|p1a: Scream Tail\n|-damage|p1a: Scream Tail|55\/100\n|move|p2a: Shiftry|Dark Pulse|p1a: Scream Tail\n|-damage|p1a: Scream Tail|47\/100\n|-damage|p2a: Shiftry|37\/100|[from] item: Life Orb\n|\n|-weather|SunnyDay|[upkeep]\n|upkeep\n|turn|3\n|\n|t:|1699742320\n|move|p1b: Grimmsnarl|Parting Shot|p2b: Ninetales\n|-unboost|p2b: Ninetales|atk|1\n|-unboost|p2b: Ninetales|spa|1\n|\n|t:|1699742324\n|switch|p1b: Iron Hands|Iron Hands, L50|100\/100|[from] Parting Shot\n|move|p1a: Scream Tail|Howl|p1a: Scream Tail|[spread] p1a,p1b\n|-boost|p1a: Scream Tail|atk|1\n|-boost|p1b: Iron Hands|atk|1\n|move|p2b: Ninetales|Solar Beam||[still]\n|-prepare|p2b: Ninetales|Solar Beam\n|-anim|p2b: Ninetales|Solar Beam|p1b: Iron Hands\n|-damage|p1b: Iron Hands|93\/100\n|move|p2a: Shiftry|Air Slash|p1b: Iron Hands|[miss]\n|-miss|p2a: Shiftry|p1b: Iron Hands\n|\n|-weather|SunnyDay|[upkeep]\n|upkeep\n|turn|4\n|\n|t:|1699742355\n|switch|p2b: Rillaboom|Rillaboom, L50, M, shiny|100\/100\n|switch|p2a: Charizard|Charizard, L50, F, shiny|100\/100\n|-terastallize|p1b: Iron Hands|Fire\n|move|p1b: Iron Hands|Drain Punch|p2b: Rillaboom\n|-damage|p2b: Rillaboom|31\/100\n|-heal|p1b: Iron Hands|100\/100|[from] drain|[of] p2b: Rillaboom\n|move|p1a: Scream Tail|Drain Punch|p2a: Charizard\n|-resisted|p2a: Charizard\n|-damage|p2a: Charizard|87\/100\n|-heal|p1a: Scream Tail|52\/100|[from] drain|[of] p2a: Charizard\n|\n|-weather|SunnyDay|[upkeep]\n|-damage|p2a: Charizard|74\/100|[from] ability: Solar Power|[of] p2a: Charizard\n|upkeep\n|turn|5\n|\n|t:|1699742386\n|move|p2b: Rillaboom|Fake Out|p1b: Iron Hands\n|-damage|p1b: Iron Hands|91\/100\n|cant|p1b: Iron Hands|flinch\n|move|p1a: Scream Tail|Howl|p1a: Scream Tail|[spread] p1a,p1b\n|-boost|p1a: Scream Tail|atk|1\n|-boost|p1b: Iron Hands|atk|1\n|move|p2a: Charizard|Fire Punch|p1a: Scream Tail\n|-crit|p1a: Scream Tail\n|-damage|p1a: Scream Tail|6\/100\n|-status|p1a: Scream Tail|brn\n|\n|-weather|none\n|-end|p1a: Scream Tail|Protosynthesis\n|-damage|p1a: Scream Tail|0 fnt|[from] brn\n|faint|p1a: Scream Tail\n|-end|p1a: Scream Tail|Protosynthesis|[silent]\n|-fieldend|move: Trick Room\n|upkeep\n|\n|t:|1699742404\n|switch|p1a: Iron Bundle|Iron Bundle, L50|100\/100\n|-enditem|p1a: Iron Bundle|Booster Energy\n|-activate|p1a: Iron Bundle|ability: Quark Drive|[fromitem]\n|-start|p1a: Iron Bundle|quarkdrivespe\n|turn|6\n|\n|t:|1699742443\n|-terastallize|p2a: Charizard|Fire\n|move|p1a: Iron Bundle|Icy Wind|p2b: Rillaboom|[spread] p2a,p2b\n|-resisted|p2a: Charizard\n|-supereffective|p2b: Rillaboom\n|-damage|p2a: Charizard|62\/100\n|-damage|p2b: Rillaboom|0 fnt\n|-unboost|p2a: Charizard|spe|1\n|faint|p2b: Rillaboom\n|move|p2a: Charizard|Fire Punch|p1a: Iron Bundle\n|-damage|p1a: Iron Bundle|68\/100\n|move|p1b: Iron Hands|Wild Charge|p2a: Charizard\n|-damage|p2a: Charizard|0 fnt\n|faint|p2a: Charizard\n|-damage|p1b: Iron Hands|81\/100|[from] Recoil\n|\n|upkeep\n|\n|t:|1699742459\n|switch|p2a: Shiftry|Shiftry, L50, F, shiny|37\/100\n|switch|p2b: Ninetales|Ninetales, L50, M, shiny|100\/100\n|-weather|SunnyDay|[from] ability: Drought|[of] p2b: Ninetales\n|turn|7\n|\n|t:|1699742482\n|-end|p1a: Iron Bundle|Quark Drive|[silent]\n|switch|p1a: Grimmsnarl|Grimmsnarl, L50, M|100\/100\n|move|p2a: Shiftry|Protect|p2a: Shiftry\n|-singleturn|p2a: Shiftry|Protect\n|move|p2b: Ninetales|Flamethrower|p1a: Grimmsnarl\n|-damage|p1a: Grimmsnarl|61\/100\n|move|p1b: Iron Hands|Drain Punch|p2b: Ninetales\n|-damage|p2b: Ninetales|0 fnt\n|-heal|p1b: Iron Hands|100\/100|[from] drain|[of] p2b: Ninetales\n|faint|p2b: Ninetales\n|\n|-weather|SunnyDay|[upkeep]\n|upkeep\n|turn|8\n|\n|t:|1699742511\n|move|p1a: Grimmsnarl|Light Screen||[still]\n|-fail|p1a: Grimmsnarl\n|move|p2a: Shiftry|Air Slash|p1a: Grimmsnarl\n|-damage|p1a: Grimmsnarl|40\/100\n|-damage|p2a: Shiftry|28\/100|[from] item: Life Orb\n|move|p1b: Iron Hands|Drain Punch|p2a: Shiftry\n|-supereffective|p2a: Shiftry\n|-damage|p2a: Shiftry|0 fnt\n|faint|p2a: Shiftry\n|\n|win|CharlienoB\n|raw|CharlienoB's rating: 1116 &rarr; <strong>1133<\/strong><br \/>(+17 for winning)\n|raw|Cheetah173857's rating: 1000 &rarr; <strong>1000<\/strong><br \/>(+0 for losing)\n","uploadtime":1699742524,"views":22,"p1id":"charlienob","p2id":"cheetah173857","formatid":"gen9vgc2023regulatione","rating":1000,"private":0,"password":""}