{"id":"gen9vgc2023regulatione-1989901456","p1":"killfery","p2":"ZonXJ","format":"[Gen 9] VGC 2023 Regulation E","log":"|j|\u2606killfery\n|j|\u2606ZonXJ\n|t:|1699905198\n|gametype|doubles\n|player|p1|killfery|harlequin|\n|player|p2|ZonXJ|archie-gen6|\n|teamsize|p1|6\n|teamsize|p2|6\n|gen|9\n|tier|[Gen 9] VGC 2023 Regulation E\n|rule|Species Clause: Limit one of each Pok\u00e9mon\n|rule|Item Clause: Limit one of each item\n|clearpoke\n|poke|p1|Chien-Pao, L50|\n|poke|p1|Dragapult, L50, F|\n|poke|p1|Garganacl, L50, F|\n|poke|p1|Iron Hands, L50|\n|poke|p1|Ogerpon-Hearthflame, L50, F|\n|poke|p1|Flutter Mane, L50|\n|poke|p2|Politoed, L50, M|\n|poke|p2|Chien-Pao, L50|\n|poke|p2|Ogerpon-Wellspring, L50, F|\n|poke|p2|Gothitelle, L50, F|\n|poke|p2|Basculegion, L50, M|\n|poke|p2|Zapdos, L50|\n|teampreview|4\n|c|\u2606ZonXJ|i fight casper\n|c|\u2606killfery|Ooh okay okay mb\n|c|\u2606ZonXJ|hes offline now\nZonXJ has agreed to open team sheets.\n|c|\u2606killfery|Ill go to the room\n|c|\u2606killfery|He left?\n|c|\u2606ZonXJ|yeah\n|c|\u2606ZonXJ|im still in the room of the game tho if u wanna wathc but he's gone\n|c|\u2606killfery|Hm\n|c|\u2606killfery|k\n|c|\u2606killfery|if he keeps afk we can play one u v me\n|c|\u2606ZonXJ|ill wait a minute\n|c|\u2606killfery|The game dont let me watch, i think its bc casper is offline\n|c|\u2606ZonXJ|wait\n|c|\u2606killfery|k\n|c|\u2606ZonXJ|https:\/\/replay.pokemonshowdown.com\/gen9vgc2023regulatione-1989898266\n|c|\u2606ZonXJ|use the link\n|c|\u2606killfery|Im in\n|c|\u2606ZonXJ|ight let start the match\n|\n|t:|1699905532\n|start\n|switch|p1a: Dragapult|Dragapult, L50, F|100\/100\n|switch|p1b: Flutter Mane|Flutter Mane, L50|100\/100\n|switch|p2a: Tai-Lung|Chien-Pao, L50|100\/100\n|switch|p2b: Calreath|Politoed, L50, M|100\/100\n|-ability|p2a: Tai-Lung|Sword of Ruin\n|-weather|RainDance|[from] ability: Drizzle|[of] p2b: Calreath\n|turn|1\n|\n|t:|1699905557\n|move|p2a: Tai-Lung|Protect|p2a: Tai-Lung\n|-singleturn|p2a: Tai-Lung|Protect\n|move|p1a: Dragapult|Will-O-Wisp|p2a: Tai-Lung\n|-activate|p2a: Tai-Lung|move: Protect\n|move|p1b: Flutter Mane|Moonblast|p2a: Tai-Lung\n|-activate|p2a: Tai-Lung|move: Protect\n|move|p2b: Calreath|Icy Wind|p1b: Flutter Mane|[spread] p1a,p1b\n|-supereffective|p1a: Dragapult\n|-damage|p1a: Dragapult|75\/100\n|-damage|p1b: Flutter Mane|92\/100\n|-unboost|p1a: Dragapult|spe|1\n|-unboost|p1b: Flutter Mane|spe|1\n|-start|p2b: Calreath|Disable|Icy Wind|[from] ability: Cursed Body|[of] p1a: Dragapult\n|\n|-weather|RainDance|[upkeep]\n|upkeep\n|turn|2\n|c|\u2606killfery|Curse brr\n|c|\u2606ZonXJ|this is y clear body is better\n|\n|t:|1699905605\n|-end|p1b: Flutter Mane|Protosynthesis|[silent]\n|switch|p1b: Ice Cream|Chien-Pao, L50|100\/100\n|-ability|p1b: Ice Cream|Sword of Ruin\n|move|p2a: Tai-Lung|Ice Spinner|p1a: Dragapult\n|-supereffective|p1a: Dragapult\n|-damage|p1a: Dragapult|0 fnt\n|-start|p2a: Tai-Lung|Disable|Ice Spinner|[from] ability: Cursed Body|[of] p1a: Dragapult\n|faint|p1a: Dragapult\n|move|p2b: Calreath|Muddy Water|p1b: Ice Cream\n|-crit|p1b: Ice Cream\n|-enditem|p1b: Ice Cream|Focus Sash\n|-damage|p1b: Ice Cream|1\/100\n|-unboost|p1b: Ice Cream|accuracy|1\n|\n|-weather|RainDance|[upkeep]\n|upkeep\n|\n|t:|1699905614\n|switch|p1a: Flutter Mane|Flutter Mane, L50|92\/100\n|turn|3\n|\n|t:|1699905631\n|switch|p2a: DaUmbreonClan|Gothitelle, L50, F|100\/100\n|move|p1b: Ice Cream|Protect|p1b: Ice Cream\n|-singleturn|p1b: Ice Cream|Protect\n|move|p1a: Flutter Mane|Moonblast|p2a: DaUmbreonClan\n|-damage|p2a: DaUmbreonClan|32\/100\n|-enditem|p2a: DaUmbreonClan|Sitrus Berry|[eat]\n|-heal|p2a: DaUmbreonClan|57\/100|[from] item: Sitrus Berry\n|move|p2b: Calreath|Muddy Water|p1b: Ice Cream|[spread] p1a\n|-activate|p1b: Ice Cream|move: Protect\n|-damage|p1a: Flutter Mane|61\/100\n|\n|-weather|RainDance|[upkeep]\n|upkeep\n|turn|4\n|c|\u2606killfery|Yeah but cursed body is funny\n|c|\u2606ZonXJ|very true\n|c|\u2606killfery|Btw I lost\n|c|\u2606ZonXJ|it never about wining it about send a message\n|\n|t:|1699905670\n|-terastallize|p2a: DaUmbreonClan|Water\n|move|p1b: Ice Cream|Night Slash|p2a: DaUmbreonClan|[miss]\n|-miss|p1b: Ice Cream|p2a: DaUmbreonClan\n|move|p1a: Flutter Mane|Moonblast|p2b: Calreath\n|-damage|p2b: Calreath|31\/100\n|-unboost|p2b: Calreath|spa|1\n|move|p2b: Calreath|Muddy Water|p1a: Flutter Mane|[spread] p1a,p1b\n|-damage|p1a: Flutter Mane|38\/100\n|-damage|p1b: Ice Cream|0 fnt\n|faint|p1b: Ice Cream\n|move|p2a: DaUmbreonClan|Psyshock|p1a: Flutter Mane\n|-damage|p1a: Flutter Mane|0 fnt\n|faint|p1a: Flutter Mane\n|-end|p1a: Flutter Mane|Protosynthesis|[silent]\n|\n|-weather|RainDance|[upkeep]\n|-end|p2b: Calreath|Disable\n|upkeep\n|c|\u2606killfery|BRUH\n|\n|t:|1699905682\n|switch|p1b: Ogerpon|Ogerpon-Hearthflame, L50, F|100\/100\n|-ability|p1b: Ogerpon|Mold Breaker\n|turn|5\n|c|\u2606ZonXJ|i love anyway\n|c|\u2606ZonXJ|live\n|c|\u2606killfery|Rock?\n|c|\u2606ZonXJ|what do u mean by rock\n|\n|t:|1699905728\n|move|p1b: Ogerpon|Horn Leech|p2b: Calreath\n|-supereffective|p2b: Calreath\n|-damage|p2b: Calreath|0 fnt\n|faint|p2b: Calreath\n|move|p2a: DaUmbreonClan|Psyshock|p1b: Ogerpon\n|-damage|p1b: Ogerpon|68\/100\n|\n|-weather|RainDance|[upkeep]\n|upkeep\n|c|\u2606killfery|The politoed item\n|c|\u2606killfery|Yeah\n|c|\u2606ZonXJ|i dont know what ur talking aobut by rock\n|\n|t:|1699905759\n|switch|p2b: uwu|Ogerpon-Wellspring, L50, F|100\/100\n|turn|6\n|\n|t:|1699905765\n|switch|p2a: Tai-Lung|Chien-Pao, L50|100\/100\n|-ability|p2a: Tai-Lung|Sword of Ruin\n|move|p1b: Ogerpon|Spiky Shield|p1b: Ogerpon\n|-singleturn|p1b: Ogerpon|move: Protect\n|move|p2b: uwu|Ivy Cudgel|p1b: Ogerpon\n|-activate|p1b: Ogerpon|move: Protect\n|\n|-weather|RainDance|[upkeep]\n|upkeep\n|turn|7\n|c|\u2606ZonXJ|gg now\n|\n|t:|1699905774\n|-terastallize|p1b: Ogerpon|Fire\n|detailschange|p1b: Ogerpon|Ogerpon-Hearthflame-Tera, L50, F, tera:Fire\n|-ability|p1b: Ogerpon|Embody Aspect (Hearthflame)|boost\n|-boost|p1b: Ogerpon|atk|1\n|move|p2a: Tai-Lung|Sucker Punch|p1b: Ogerpon\n|-damage|p1b: Ogerpon|1\/100\n|move|p1b: Ogerpon|Horn Leech|p2b: uwu\n|-damage|p2b: uwu|11\/100\n|-heal|p1b: Ogerpon|55\/100|[from] drain|[of] p2b: uwu\n|move|p2b: uwu|Ivy Cudgel|p1b: Ogerpon\n|-supereffective|p1b: Ogerpon\n|-damage|p1b: Ogerpon|0 fnt\n|faint|p1b: Ogerpon\n|\n|win|ZonXJ\n|c|\u2606killfery|Almost\n|c|\u2606ZonXJ|no\n|c|\u2606killfery|Anotha ome\n|l|\u2606killfery\n|c|\u2606ZonXJ|i garentee win next tuen\n","uploadtime":1699907454,"views":15,"p1id":"killfery","p2id":"zonxj","formatid":"gen9vgc2023regulatione","rating":0,"private":0,"password":""}