{"id":"gen9vgc2023regulatione-1990042283","p1":"hdfhasd","p2":"gamer_cyprian","format":"[Gen 9] VGC 2023 Regulation E","log":"|j|\u2606hdfhasd\n|j|\u2606gamer_cyprian\n|t:|1699918337\n|gametype|doubles\n|player|p1|hdfhasd|170|1224\n|player|p2|gamer_cyprian|1|1199\n|teamsize|p1|6\n|teamsize|p2|6\n|gen|9\n|tier|[Gen 9] VGC 2023 Regulation E\n|rated|\n|rule|Species Clause: Limit one of each Pok\u00e9mon\n|rule|Item Clause: Limit one of each item\n|clearpoke\n|poke|p1|Dragonite, L50, M|\n|poke|p1|Chien-Pao, L50|\n|poke|p1|Rillaboom, L50, M|\n|poke|p1|Heatran, L50, M|\n|poke|p1|Flutter Mane, L50|\n|poke|p1|Ogerpon-Wellspring, L50, F|\n|poke|p2|Arcanine-Hisui, L50, F|\n|poke|p2|Rillaboom, L50, M|\n|poke|p2|Flutter Mane, L50|\n|poke|p2|Tornadus, L50, M|\n|poke|p2|Chien-Pao, L50|\n|poke|p2|Urshifu-*, L50, M|\n|teampreview|4\nhdfhasd has agreed to open team sheets.\n|inactive|Battle timer is ON: inactive players will automatically lose when time's up. (requested by hdfhasd)\n|\n|t:|1699918412\n|start\n|switch|p1a: Dragonite|Dragonite, L50, M|100\/100\n|switch|p1b: Chien-Pao|Chien-Pao, L50|100\/100\n|switch|p2a: Tornadus|Tornadus, L50, M|100\/100\n|switch|p2b: Flutter Mane|Flutter Mane, L50|100\/100\n|-ability|p1b: Chien-Pao|Sword of Ruin\n|-enditem|p2b: Flutter Mane|Booster Energy\n|-activate|p2b: Flutter Mane|ability: Protosynthesis|[fromitem]\n|-start|p2b: Flutter Mane|protosynthesisspa\n|turn|1\n|inactive|gamer_cyprian has 30 seconds left.\n|\n|t:|1699918443\n|move|p1b: Chien-Pao|Sucker Punch|p2b: Flutter Mane\n|-damage|p2b: Flutter Mane|25\/100\n|move|p2a: Tornadus|Tailwind|p2a: Tornadus\n|-sidestart|p2: gamer_cyprian|move: Tailwind\n|move|p1a: Dragonite|Aqua Jet|p2b: Flutter Mane\n|-damage|p2b: Flutter Mane|0 fnt\n|faint|p2b: Flutter Mane\n|-end|p2b: Flutter Mane|Protosynthesis|[silent]\n|\n|upkeep\n|\n|t:|1699918456\n|switch|p2b: Urshifu|Urshifu-Rapid-Strike, L50, M|100\/100\n|turn|2\n|\n|t:|1699918477\n|switch|p1b: Ogerpon|Ogerpon-Wellspring, L50, F|100\/100\n|switch|p1a: Heatran|Heatran, L50, M|100\/100\n|move|p2b: Urshifu|Surging Strikes|p1b: Ogerpon\n|-immune|p1b: Ogerpon|[from] ability: Water Absorb\n|move|p2a: Tornadus|Bleakwind Storm|p1a: Heatran|[spread] p1a,p1b\n|-resisted|p1a: Heatran\n|-supereffective|p1b: Ogerpon\n|-damage|p1a: Heatran|91\/100\n|-damage|p1b: Ogerpon|27\/100\n|-unboost|p1a: Heatran|spe|1\n|-unboost|p1b: Ogerpon|spe|1\n|\n|upkeep\n|turn|3\n|inactive|gamer_cyprian has 30 seconds left.\n|\n|t:|1699918511\n|move|p1b: Ogerpon|Follow Me|p1b: Ogerpon\n|-singleturn|p1b: Ogerpon|move: Follow Me\n|move|p2b: Urshifu|Close Combat|p1b: Ogerpon\n|-damage|p1b: Ogerpon|0 fnt\n|-unboost|p2b: Urshifu|def|1\n|-unboost|p2b: Urshifu|spd|1\n|faint|p1b: Ogerpon\n|move|p2a: Tornadus|Bleakwind Storm|p1a: Heatran\n|-resisted|p1a: Heatran\n|-damage|p1a: Heatran|77\/100\n|-unboost|p1a: Heatran|spe|1\n|move|p1a: Heatran|Heat Wave|p2b: Urshifu|[spread] p2a,p2b\n|-resisted|p2b: Urshifu\n|-damage|p2a: Tornadus|55\/100\n|-damage|p2b: Urshifu|65\/100\n|-status|p2b: Urshifu|brn\n|\n|-damage|p2b: Urshifu|59\/100 brn|[from] brn\n|upkeep\n|\n|t:|1699918535\n|switch|p1b: Dragonite|Dragonite, L50, M|100\/100\n|turn|4\n|\n|t:|1699918558\n|-terastallize|p1b: Dragonite|Normal\n|move|p1b: Dragonite|Extreme Speed|p2a: Tornadus\n|-damage|p2a: Tornadus|0 fnt\n|-damage|p1b: Dragonite|84\/100|[from] item: Rocky Helmet|[of] p2a: Tornadus\n|faint|p2a: Tornadus\n|move|p2b: Urshifu|Surging Strikes|p1a: Heatran\n|-supereffective|p1a: Heatran\n|-crit|p1a: Heatran\n|-damage|p1a: Heatran|57\/100\n|-supereffective|p1a: Heatran\n|-crit|p1a: Heatran\n|-damage|p1a: Heatran|37\/100\n|-supereffective|p1a: Heatran\n|-crit|p1a: Heatran\n|-damage|p1a: Heatran|17\/100\n|-hitcount|p1a: Heatran|3\n|move|p1a: Heatran|Earth Power|p2b: Urshifu\n|-damage|p2b: Urshifu|0 fnt\n|faint|p2b: Urshifu\n|\n|-sideend|p2: gamer_cyprian|move: Tailwind\n|upkeep\n|\n|t:|1699918580\n|switch|p2a: Rillaboom|Rillaboom, L50, M|100\/100\n|-fieldstart|move: Grassy Terrain|[from] ability: Grassy Surge|[of] p2a: Rillaboom\n|turn|5\n|inactive|gamer_cyprian has 30 seconds left.\n|\n|t:|1699918606\n|-terastallize|p2a: Rillaboom|Fire\n|move|p2a: Rillaboom|Fake Out|p1b: Dragonite\n|-damage|p1b: Dragonite|71\/100\n|move|p1b: Dragonite|Extreme Speed|p2a: Rillaboom\n|-damage|p2a: Rillaboom|35\/100\n|move|p1a: Heatran|Heat Wave|p2a: Rillaboom\n|-resisted|p2a: Rillaboom\n|-damage|p2a: Rillaboom|14\/100\n|\n|-heal|p1b: Dragonite|77\/100|[from] Grassy Terrain\n|-heal|p2a: Rillaboom|20\/100|[from] Grassy Terrain\n|-heal|p1a: Heatran|23\/100|[from] Grassy Terrain\n|upkeep\n|turn|6\n|\n|t:|1699918629\n|move|p1b: Dragonite|Extreme Speed|p2a: Rillaboom\n|-damage|p2a: Rillaboom|0 fnt\n|faint|p2a: Rillaboom\n|\n|win|hdfhasd\n|raw|hdfhasd's rating: 1224 &rarr; <strong>1247<\/strong><br \/>(+23 for winning)\n|raw|gamer_cyprian's rating: 1199 &rarr; <strong>1176<\/strong><br \/>(-23 for losing)\n","uploadtime":1699918643,"views":23,"p1id":"hdfhasd","p2id":"gamercyprian","formatid":"gen9vgc2023regulatione","rating":1176,"private":0,"password":""}