{"id":"gen9vgc2023regulatione-1997040319","p1":"Michaelwichael","p2":"RiceRat375","format":"[Gen 9] VGC 2023 Regulation E","log":"|j|\u2606Michaelwichael\n|j|\u2606RiceRat375\n|t:|1700758475\n|gametype|doubles\n|player|p1|Michaelwichael|ninjaboy|1161\n|player|p2|RiceRat375|waiter-gen4dp|1146\n|teamsize|p1|6\n|teamsize|p2|6\n|gen|9\n|tier|[Gen 9] VGC 2023 Regulation E\n|rated|\n|rule|Species Clause: Limit one of each Pok\u00e9mon\n|rule|Item Clause: Limit one of each item\n|clearpoke\n|poke|p1|Flutter Mane, L50|\n|poke|p1|Chi-Yu, L50|\n|poke|p1|Iron Hands, L50|\n|poke|p1|Chien-Pao, L50|\n|poke|p1|Cresselia, L50, F|\n|poke|p1|Rillaboom, L50, F|\n|poke|p2|Dragapult, L50, F|\n|poke|p2|Tornadus, L50, M|\n|poke|p2|Ogerpon-Hearthflame, L50, F|\n|poke|p2|Iron Bundle, L50|\n|poke|p2|Rillaboom, L50, M|\n|poke|p2|Chien-Pao, L50|\n|teampreview|4\n|inactive|Battle timer is ON: inactive players will automatically lose when time's up. (requested by RiceRat375)\n|\n|t:|1700758490\n|start\n|switch|p1a: Cresselia|Cresselia, L50, F|100\/100\n|switch|p1b: Iron Hands|Iron Hands, L50|100\/100\n|switch|p2a: Dragapult|Dragapult, L50, F|100\/100\n|switch|p2b: Chien-Pao|Chien-Pao, L50|100\/100\n|-ability|p2b: Chien-Pao|Sword of Ruin\n|turn|1\n|\n|t:|1700758510\n|-terastallize|p2b: Chien-Pao|Ghost\n|-terastallize|p1a: Cresselia|Fairy\n|move|p1b: Iron Hands|Fake Out|p2b: Chien-Pao\n|-immune|p2b: Chien-Pao\n|move|p2a: Dragapult|U-turn|p1a: Cresselia\n|-resisted|p1a: Cresselia\n|-damage|p1a: Cresselia|87\/100\n|\n|t:|1700758522\n|switch|p2a: Rillaboom|Rillaboom, L50, M|100\/100|[from] U-turn\n|-fieldstart|move: Grassy Terrain|[from] ability: Grassy Surge|[of] p2a: Rillaboom\n|move|p2b: Chien-Pao|Ice Spinner|p1a: Cresselia\n|-damage|p1a: Cresselia|56\/100\n|-fieldend|move: Grassy Terrain\n|move|p1a: Cresselia|Moonblast|p2a: Rillaboom\n|-damage|p2a: Rillaboom|81\/100\n|\n|upkeep\n|turn|2\n|inactive|Michaelwichael has 30 seconds left.\n|inactive|RiceRat375 has 30 seconds left.\n|\n|t:|1700758555\n|move|p1a: Cresselia|Helping Hand|p1b: Iron Hands\n|-singleturn|p1b: Iron Hands|Helping Hand|[of] p1a: Cresselia\n|move|p2a: Rillaboom|Fake Out|p1a: Cresselia\n|-damage|p1a: Cresselia|45\/100\n|-enditem|p1a: Cresselia|Sitrus Berry|[eat]\n|-heal|p1a: Cresselia|69\/100|[from] item: Sitrus Berry\n|move|p2b: Chien-Pao|Ice Spinner|p1b: Iron Hands\n|-damage|p1b: Iron Hands|66\/100\n|move|p1b: Iron Hands|Wild Charge|p2b: Chien-Pao\n|-enditem|p2b: Chien-Pao|Focus Sash\n|-damage|p2b: Chien-Pao|1\/100\n|-damage|p1b: Iron Hands|51\/100|[from] Recoil\n|\n|upkeep\n|turn|3\n|\n|t:|1700758573\n|switch|p2a: Ogerpon|Ogerpon-Hearthflame, L50, F|100\/100\n|-ability|p2a: Ogerpon|Mold Breaker\n|move|p2b: Chien-Pao|Protect|p2b: Chien-Pao\n|-singleturn|p2b: Chien-Pao|Protect\n|move|p1a: Cresselia|Moonblast|p2b: Chien-Pao\n|-activate|p2b: Chien-Pao|move: Protect\n|move|p1b: Iron Hands|Heavy Slam|p2a: Ogerpon\n|-resisted|p2a: Ogerpon\n|-damage|p2a: Ogerpon|57\/100\n|\n|upkeep\n|turn|4\n|\n|t:|1700758594\n|switch|p2b: Rillaboom|Rillaboom, L50, M|81\/100\n|-fieldstart|move: Grassy Terrain|[from] ability: Grassy Surge|[of] p2b: Rillaboom\n|move|p1a: Cresselia|Helping Hand|p1b: Iron Hands\n|-singleturn|p1b: Iron Hands|Helping Hand|[of] p1a: Cresselia\n|move|p2a: Ogerpon|Spiky Shield|p2a: Ogerpon\n|-singleturn|p2a: Ogerpon|move: Protect\n|move|p1b: Iron Hands|Heavy Slam|p2a: Ogerpon\n|-activate|p2a: Ogerpon|move: Protect\n|-damage|p1b: Iron Hands|39\/100|[from] Spiky Shield|[of] p2a: Ogerpon\n|\n|-heal|p2a: Ogerpon|63\/100|[from] Grassy Terrain\n|-heal|p2b: Rillaboom|87\/100|[from] Grassy Terrain\n|-heal|p1b: Iron Hands|45\/100|[from] Grassy Terrain\n|upkeep\n|turn|5\n|\n|t:|1700758620\n|move|p2b: Rillaboom|Fake Out|p1b: Iron Hands\n|-damage|p1b: Iron Hands|35\/100\n|move|p2a: Ogerpon|Ivy Cudgel|p1a: Cresselia|[anim] Ivy Cudgel Fire\n|-damage|p1a: Cresselia|34\/100\n|move|p1a: Cresselia|Lunar Blessing|p1a: Cresselia|[spread] p1a,p1b\n|-heal|p1a: Cresselia|58\/100\n|-heal|p1b: Iron Hands|60\/100\n|cant|p1b: Iron Hands|flinch\n|\n|-heal|p2a: Ogerpon|69\/100|[from] Grassy Terrain\n|-heal|p2b: Rillaboom|93\/100|[from] Grassy Terrain\n|-heal|p1b: Iron Hands|67\/100|[from] Grassy Terrain\n|upkeep\n|turn|6\n|\n|t:|1700758638\n|move|p1a: Cresselia|Helping Hand|p1b: Iron Hands\n|-singleturn|p1b: Iron Hands|Helping Hand|[of] p1a: Cresselia\n|move|p2a: Ogerpon|Ivy Cudgel|p1b: Iron Hands|[anim] Ivy Cudgel Fire\n|-damage|p1b: Iron Hands|31\/100\n|move|p2b: Rillaboom|Wood Hammer|p1b: Iron Hands\n|-damage|p1b: Iron Hands|0 fnt\n|faint|p1b: Iron Hands\n|-end|p1b: Iron Hands|Quark Drive|[silent]\n|-damage|p2b: Rillaboom|80\/100|[from] Recoil\n|\n|-heal|p2a: Ogerpon|75\/100|[from] Grassy Terrain\n|-heal|p2b: Rillaboom|86\/100|[from] Grassy Terrain\n|upkeep\n|\n|t:|1700758653\n|switch|p1b: Chi-Yu|Chi-Yu, L50|100\/100\n|-ability|p1b: Chi-Yu|Beads of Ruin\n|turn|7\n|\n|t:|1700758671\n|switch|p2b: Dragapult|Dragapult, L50, F|100\/100\n|move|p1a: Cresselia|Helping Hand|p1b: Chi-Yu\n|-singleturn|p1b: Chi-Yu|Helping Hand|[of] p1a: Cresselia\n|move|p2a: Ogerpon|Spiky Shield|p2a: Ogerpon\n|-singleturn|p2a: Ogerpon|move: Protect\n|move|p1b: Chi-Yu|Heat Wave|p2a: Ogerpon|[spread] p2b\n|-activate|p2a: Ogerpon|move: Protect\n|-resisted|p2b: Dragapult\n|-damage|p2b: Dragapult|54\/100\n|\n|-heal|p2b: Dragapult|61\/100|[from] Grassy Terrain\n|-heal|p2a: Ogerpon|80\/100|[from] Grassy Terrain\n|upkeep\n|turn|8\n|\n|t:|1700758696\n|move|p1a: Cresselia|Helping Hand|p1b: Chi-Yu\n|-singleturn|p1b: Chi-Yu|Helping Hand|[of] p1a: Cresselia\n|move|p1b: Chi-Yu|Heat Wave|p2a: Ogerpon|[spread] p2b\n|-miss|p1b: Chi-Yu|p2a: Ogerpon\n|-resisted|p2b: Dragapult\n|-damage|p2b: Dragapult|18\/100\n|move|p2b: Dragapult|Dragon Darts|p1b: Chi-Yu\n|-damage|p1b: Chi-Yu|52\/100\n|-anim|p2b: Dragapult|Dragon Darts|p1b: Chi-Yu\n|-damage|p1b: Chi-Yu|5\/100\n|move|p2a: Ogerpon|Ivy Cudgel|p1a: Cresselia|[anim] Ivy Cudgel Fire\n|-damage|p1a: Cresselia|23\/100\n|\n|-heal|p1b: Chi-Yu|12\/100|[from] Grassy Terrain\n|-heal|p2b: Dragapult|24\/100|[from] Grassy Terrain\n|-heal|p2a: Ogerpon|86\/100|[from] Grassy Terrain\n|-fieldend|move: Grassy Terrain\n|upkeep\n|turn|9\n|inactive|RiceRat375 has 30 seconds left.\n|\n|t:|1700758722\n|switch|p2b: Rillaboom|Rillaboom, L50, M|86\/100\n|-fieldstart|move: Grassy Terrain|[from] ability: Grassy Surge|[of] p2b: Rillaboom\n|move|p1a: Cresselia|Helping Hand|p1b: Chi-Yu\n|-singleturn|p1b: Chi-Yu|Helping Hand|[of] p1a: Cresselia\n|move|p2a: Ogerpon|Grassy Glide|p1b: Chi-Yu\n|-resisted|p1b: Chi-Yu\n|-damage|p1b: Chi-Yu|0 fnt\n|faint|p1b: Chi-Yu\n|\n|-heal|p2a: Ogerpon|92\/100|[from] Grassy Terrain\n|-heal|p2b: Rillaboom|92\/100|[from] Grassy Terrain\n|upkeep\n|\n|t:|1700758735\n|switch|p1b: Flutter Mane|Flutter Mane, L50|100\/100\n|-enditem|p1b: Flutter Mane|Booster Energy\n|-activate|p1b: Flutter Mane|ability: Protosynthesis|[fromitem]\n|-start|p1b: Flutter Mane|protosynthesisspa\n|turn|10\n|inactive|RiceRat375 has 30 seconds left.\n|\n|t:|1700758767\n|move|p1a: Cresselia|Helping Hand|p1b: Flutter Mane\n|-singleturn|p1b: Flutter Mane|Helping Hand|[of] p1a: Cresselia\n|move|p2b: Rillaboom|Fake Out|p1a: Cresselia\n|-damage|p1a: Cresselia|13\/100\n|move|p2a: Ogerpon|Grassy Glide|p1a: Cresselia\n|-damage|p1a: Cresselia|0 fnt\n|faint|p1a: Cresselia\n|move|p1b: Flutter Mane|Shadow Ball|p2a: Ogerpon\n|-damage|p2a: Ogerpon|0 fnt\n|faint|p2a: Ogerpon\n|\n|-heal|p2b: Rillaboom|98\/100|[from] Grassy Terrain\n|upkeep\n|\n|t:|1700758780\n|switch|p2a: Dragapult|Dragapult, L50, F|24\/100\n|turn|11\n|\n|t:|1700758790\n|move|p2b: Rillaboom|Grassy Glide|p1b: Flutter Mane\n|-damage|p1b: Flutter Mane|13\/100\n|move|p2a: Dragapult|Phantom Force||[still]\n|-prepare|p2a: Dragapult|Phantom Force\n|move|p1b: Flutter Mane|Dazzling Gleam|p2a: Dragapult|[spread] p2b\n|-miss|p1b: Flutter Mane|p2a: Dragapult\n|-damage|p2b: Rillaboom|61\/100\n|\n|-heal|p1b: Flutter Mane|19\/100|[from] Grassy Terrain\n|-heal|p2b: Rillaboom|67\/100|[from] Grassy Terrain\n|upkeep\n|turn|12\n|-message|Michaelwichael forfeited.\n|\n|win|RiceRat375\n|raw|Michaelwichael's rating: 1161 &rarr; <strong>1135<\/strong><br \/>(-26 for losing)\n|raw|RiceRat375's rating: 1146 &rarr; <strong>1172<\/strong><br \/>(+26 for winning)\n|l|\u2606Michaelwichael\n","uploadtime":1700758805,"views":1,"p1id":"michaelwichael","p2id":"ricerat375","formatid":"gen9vgc2023regulatione","rating":1135,"private":0,"password":""}