{"id":"gen9vgc2023regulatione-2000200411","p1":"MigraineMan","p2":"siksa","format":"[Gen 9] VGC 2023 Regulation E","log":"|j|\u2606MigraineMan\n|j|\u2606siksa\n|t:|1701171186\n|gametype|doubles\n|player|p1|MigraineMan|emmet|1387\n|player|p2|siksa|hilda|1486\n|teamsize|p1|6\n|teamsize|p2|6\n|gen|9\n|tier|[Gen 9] VGC 2023 Regulation E\n|rated|\n|rule|Species Clause: Limit one of each Pok\u00e9mon\n|rule|Item Clause: Limit one of each item\n|clearpoke\n|poke|p1|Tatsugiri, L50, M|\n|poke|p1|Arcanine-Hisui, L50, M|\n|poke|p1|Dondozo, L50, F|\n|poke|p1|Glimmora, L50, F|\n|poke|p1|Flamigo, L50, F|\n|poke|p1|Sylveon, L50, F|\n|poke|p2|Articuno, L50|\n|poke|p2|Ninetales-Alola, L50, F|\n|poke|p2|Kommo-o, L50, F|\n|poke|p2|Sinistcha, L50|\n|poke|p2|Iron Hands, L50|\n|poke|p2|Arcanine-Hisui, L50, F|\n|teampreview|4\n|\n|t:|1701171214\n|start\n|switch|p1a: Glimmora|Glimmora, L50, F|100\/100\n|switch|p1b: Tatsugiri|Tatsugiri, L50, M|100\/100\n|switch|p2a: Ninetales|Ninetales-Alola, L50, F|100\/100\n|switch|p2b: Iron Hands|Iron Hands, L50|100\/100\n|-weather|Snow|[from] ability: Snow Warning|[of] p2a: Ninetales\n|turn|1\n|\n|t:|1701171232\n|move|p1b: Tatsugiri|Endure|p1b: Tatsugiri\n|-singleturn|p1b: Tatsugiri|move: Endure\n|move|p2b: Iron Hands|Fake Out|p1b: Tatsugiri\n|-damage|p1b: Tatsugiri|79\/100\n|move|p2a: Ninetales|Aurora Veil|p2a: Ninetales\n|-sidestart|p2: siksa|move: Aurora Veil\n|move|p1a: Glimmora|Explosion|p2b: Iron Hands|[spread] p1b,p2a,p2b\n|-damage|p1b: Tatsugiri|16\/100\n|-damage|p2a: Ninetales|79\/100\n|-damage|p2b: Iron Hands|82\/100\n|faint|p1a: Glimmora\n|\n|-weather|Snow|[upkeep]\n|-status|p1b: Tatsugiri|tox|[from] item: Toxic Orb\n|upkeep\n|\n|t:|1701171242\n|switch|p1a: Dondozo|Dondozo, L50, F|100\/100\n|-activate|p1b: Tatsugiri|ability: Commander|[of] p1a: Dondozo\n|-boost|p1a: Dondozo|atk|2\n|-boost|p1a: Dondozo|spa|2\n|-boost|p1a: Dondozo|spe|2\n|-boost|p1a: Dondozo|def|2\n|-boost|p1a: Dondozo|spd|2\n|turn|2\n|\n|t:|1701171257\n|-end|p2b: Iron Hands|Quark Drive|[silent]\n|switch|p2b: Articuno|Articuno, L50|100\/100\n|move|p1a: Dondozo|Protect|p1a: Dondozo\n|-singleturn|p1a: Dondozo|Protect\n|move|p2a: Ninetales|Blizzard|p1a: Dondozo|[spread] \n|-miss|p2a: Ninetales|p1b: Tatsugiri\n|-activate|p1a: Dondozo|move: Protect\n|\n|-weather|Snow|[upkeep]\n|-damage|p1b: Tatsugiri|11\/100 tox|[from] psn\n|upkeep\n|turn|3\n|\n|t:|1701171272\n|move|p2a: Ninetales|Encore|p1a: Dondozo\n|-start|p1a: Dondozo|Encore\n|move|p1a: Dondozo|Protect||[still]\n|-fail|p1a: Dondozo\n|move|p2b: Articuno|Sheer Cold|p1a: Dondozo|[miss]\n|-miss|p2b: Articuno|p1a: Dondozo\n|\n|-weather|Snow|[upkeep]\n|-damage|p1b: Tatsugiri|0 fnt|[from] psn\n|faint|p1b: Tatsugiri\n|upkeep\n|\n|t:|1701171275\n|switch|p1b: Flamigo|Flamigo, L50, F|100\/100\n|-copyboost|p1b: Flamigo|p1a: Dondozo|[from] ability: Costar\n|turn|4\n|\n|t:|1701171294\n|-terastallize|p1b: Flamigo|Poison\n|move|p1a: Dondozo|Protect|p1a: Dondozo\n|-singleturn|p1a: Dondozo|Protect\n|move|p1b: Flamigo|Close Combat|p2a: Ninetales\n|-damage|p2a: Ninetales|20\/100\n|-unboost|p1b: Flamigo|def|1\n|-unboost|p1b: Flamigo|spd|1\n|move|p2a: Ninetales|Blizzard|p1b: Flamigo|[spread] p1b\n|-activate|p1a: Dondozo|move: Protect\n|-damage|p1b: Flamigo|80\/100\n|move|p2b: Articuno|Blizzard|p1a: Dondozo|[spread] p1b\n|-activate|p1a: Dondozo|move: Protect\n|-damage|p1b: Flamigo|57\/100\n|-status|p1b: Flamigo|frz\n|\n|-weather|Snow|[upkeep]\n|upkeep\n|turn|5\n|\n|t:|1701171314\n|switch|p2a: Iron Hands|Iron Hands, L50|82\/100\n|move|p1a: Dondozo|Protect||[still]\n|-fail|p1a: Dondozo\n|cant|p1b: Flamigo|frz\n|move|p2b: Articuno|Sheer Cold|p1a: Dondozo|[miss]\n|-miss|p2b: Articuno|p1a: Dondozo\n|\n|-weather|none\n|-end|p1a: Dondozo|Encore\n|upkeep\n|turn|6\n|l|\u2606MigraineMan\n|player|p1|\n|\n|t:|1701171376\n|cant|p1b: Flamigo|frz\n|move|p1a: Dondozo|Wave Crash|p2b: Articuno\n|-damage|p2b: Articuno|43\/100\n|-damage|p1a: Dondozo|85\/100|[from] Recoil\n|move|p2b: Articuno|Freeze-Dry|p1a: Dondozo\n|-supereffective|p1a: Dondozo\n|-damage|p1a: Dondozo|62\/100\n|-status|p1a: Dondozo|frz\n|move|p2a: Iron Hands|Wild Charge|p1b: Flamigo\n|-damage|p1b: Flamigo|19\/100 frz\n|-enditem|p1b: Flamigo|Sitrus Berry|[eat]\n|-heal|p1b: Flamigo|44\/100 frz|[from] item: Sitrus Berry\n|-damage|p2a: Iron Hands|75\/100|[from] Recoil\n|\n|-heal|p1a: Dondozo|68\/100 frz|[from] item: Leftovers\n|upkeep\n|turn|7\n|j|\u2606MigraineMan\n|player|p1|MigraineMan|emmet\n|\n|t:|1701171402\n|-end|p2a: Iron Hands|Quark Drive|[silent]\n|switch|p2a: Ninetales|Ninetales-Alola, L50, F|20\/100\n|-weather|Snow|[from] ability: Snow Warning|[of] p2a: Ninetales\n|cant|p1b: Flamigo|frz\n|cant|p1a: Dondozo|frz\n|move|p2b: Articuno|Roost|p2b: Articuno\n|-heal|p2b: Articuno|93\/100\n|-singleturn|p2b: Articuno|move: Roost\n|\n|-weather|Snow|[upkeep]\n|-heal|p1a: Dondozo|74\/100 frz|[from] item: Leftovers\n|upkeep\n|turn|8\n|\n|t:|1701171425\n|cant|p1b: Flamigo|frz\n|move|p2a: Ninetales|Blizzard|p1b: Flamigo|[spread] p1a,p1b\n|-resisted|p1a: Dondozo\n|-crit|p1a: Dondozo\n|-damage|p1a: Dondozo|57\/100 frz\n|-damage|p1b: Flamigo|24\/100 frz\n|-curestatus|p1a: Dondozo|frz|[msg]\n|move|p1a: Dondozo|Wave Crash|p2a: Ninetales\n|-damage|p2a: Ninetales|0 fnt\n|faint|p2a: Ninetales\n|-damage|p1a: Dondozo|52\/100|[from] Recoil\n|move|p2b: Articuno|Sheer Cold|p1a: Dondozo\n|-damage|p1a: Dondozo|0 fnt\n|faint|p1a: Dondozo\n|-ohko\n|\n|-weather|Snow|[upkeep]\n|-sideend|p2: siksa|move: Aurora Veil\n|upkeep\n|c|\u2606MigraineMan|Skill issue\n|c|\u2606siksa|lol\n|c|\u2606MigraineMan|Really WP\n|\n|t:|1701171441\n|switch|p2a: Iron Hands|Iron Hands, L50|75\/100\n|turn|9\n|c|\u2606MigraineMan|Amazing\n|c|\u2606MigraineMan|GG\n|\n|t:|1701171456\n|move|p2a: Iron Hands|Fake Out|p1b: Flamigo\n|-damage|p1b: Flamigo|12\/100 frz\n|cant|p1b: Flamigo|frz\n|move|p2b: Articuno|Blizzard|p1b: Flamigo\n|-damage|p1b: Flamigo|0 fnt\n|faint|p1b: Flamigo\n|\n|win|siksa\n|raw|MigraineMan's rating: 1387 &rarr; <strong>1373<\/strong><br \/>(-14 for losing)\n|raw|siksa's rating: 1486 &rarr; <strong>1500<\/strong><br \/>(+14 for winning)\n","uploadtime":1701171466,"views":1,"p1id":"migraineman","p2id":"siksa","formatid":"gen9vgc2023regulatione","rating":1373,"private":0,"password":""}