{"id":"gen9vgc2023regulatione-1999907643","p1":"PenguinOfLite","p2":"CarefreeCrayon","format":"[Gen 9] VGC 2023 Regulation E","log":"|j|\u2606PenguinOfLite\n|j|\u2606CarefreeCrayon\n|t:|1701128722\n|gametype|doubles\n|player|p1|PenguinOfLite|clair|1060\n|player|p2|CarefreeCrayon|winona|1125\n|teamsize|p1|5\n|teamsize|p2|6\n|gen|9\n|tier|[Gen 9] VGC 2023 Regulation E\n|rated|\n|rule|Species Clause: Limit one of each Pok\u00e9mon\n|rule|Item Clause: Limit one of each item\n|clearpoke\n|poke|p1|Cetitan, L50, F|\n|poke|p1|Sinistcha, L50|\n|poke|p1|Ninetales-Alola, L50, M|\n|poke|p1|Qwilfish-Hisui, L50, M|\n|poke|p1|Iron Bundle, L50|\n|poke|p2|Ogerpon-Wellspring, L50, F|\n|poke|p2|Heatran, L50, F|\n|poke|p2|Iron Hands, L50|\n|poke|p2|Sylveon, L50, M|\n|poke|p2|Amoonguss, L50, F|\n|poke|p2|Iron Bundle, L50|\n|teampreview|4\n|inactive|Battle timer is ON: inactive players will automatically lose when time's up. (requested by CarefreeCrayon)\n|inactive|PenguinOfLite also wants the timer to be on.\n|inactive|CarefreeCrayon has 60 seconds left.\n|\n|t:|1701128755\n|start\n|switch|p1a: Iron Bundle|Iron Bundle, L50|100\/100\n|switch|p1b: Ninetales|Ninetales-Alola, L50, M|100\/100\n|switch|p2a: Ogerpon|Ogerpon-Wellspring, L50, F|100\/100\n|switch|p2b: Iron Bundle|Iron Bundle, L50|100\/100\n|-weather|Snow|[from] ability: Snow Warning|[of] p1b: Ninetales\n|-enditem|p1a: Iron Bundle|Booster Energy\n|-activate|p1a: Iron Bundle|ability: Quark Drive|[fromitem]\n|-start|p1a: Iron Bundle|quarkdrivespe\n|turn|1\n|inactive|PenguinOfLite has 30 seconds left.\n|inactive|CarefreeCrayon has 30 seconds left.\n|\n|t:|1701128786\n|move|p2a: Ogerpon|Protect|p2a: Ogerpon\n|-singleturn|p2a: Ogerpon|Protect\n|move|p1a: Iron Bundle|Icy Wind|p2b: Iron Bundle|[spread] p2b\n|-activate|p2a: Ogerpon|move: Protect\n|-resisted|p2b: Iron Bundle\n|-damage|p2b: Iron Bundle|91\/100\n|-unboost|p2b: Iron Bundle|spe|1\n|move|p1b: Ninetales|Aurora Veil|p1b: Ninetales\n|-sidestart|p1: PenguinOfLite|move: Aurora Veil\n|move|p2b: Iron Bundle|Taunt|p1b: Ninetales\n|-start|p1b: Ninetales|move: Taunt\n|\n|-weather|Snow|[upkeep]\n|upkeep\n|turn|2\n|inactive|PenguinOfLite has 30 seconds left.\n|inactive|CarefreeCrayon has 30 seconds left.\n|inactive|PenguinOfLite has 20 seconds left.\n|inactive|PenguinOfLite has 15 seconds left.\n|\n|t:|1701128828\n|-end|p2b: Iron Bundle|Quark Drive|[silent]\n|switch|p2b: Heatran|Heatran, L50, F|100\/100\n|move|p1a: Iron Bundle|Freeze-Dry|p2a: Ogerpon\n|-supereffective|p2a: Ogerpon\n|-damage|p2a: Ogerpon|0 fnt\n|faint|p2a: Ogerpon\n|move|p1b: Ninetales|Moonblast|p2b: Heatran\n|-resisted|p2b: Heatran\n|-damage|p2b: Heatran|97\/100\n|-unboost|p2b: Heatran|spa|1\n|\n|-weather|Snow|[upkeep]\n|upkeep\n|\n|t:|1701128841\n|switch|p2a: Sylveon|Sylveon, L50, M|100\/100\n|turn|3\n|\n|t:|1701128852\n|switch|p1b: Cetitan|Cetitan, L50, F|100\/100\n|-terastallize|p1a: Iron Bundle|Water\n|-terastallize|p2a: Sylveon|Fire\n|move|p1a: Iron Bundle|Tera Blast|p2b: Heatran|[anim] Tera Blast Water\n|-supereffective|p2b: Heatran\n|-damage|p2b: Heatran|32\/100\n|move|p2b: Heatran|Heat Wave|p1b: Cetitan|[spread] p1a,p1b\n|-resisted|p1a: Iron Bundle\n|-supereffective|p1b: Cetitan\n|-damage|p1a: Iron Bundle|87\/100\n|-damage|p1b: Cetitan|86\/100\n|move|p2a: Sylveon|Tera Blast|p1b: Cetitan|[anim] Tera Blast Fire\n|-supereffective|p1b: Cetitan\n|-damage|p1b: Cetitan|69\/100\n|\n|-weather|Snow|[upkeep]\n|upkeep\n|turn|4\n|inactive|CarefreeCrayon has 30 seconds left.\n|\n|t:|1701128884\n|move|p1a: Iron Bundle|Tera Blast|p2a: Sylveon|[anim] Tera Blast Water\n|-supereffective|p2a: Sylveon\n|-damage|p2a: Sylveon|41\/100\n|move|p2b: Heatran|Flash Cannon|p1b: Cetitan\n|-supereffective|p1b: Cetitan\n|-damage|p1b: Cetitan|34\/100\n|-enditem|p1b: Cetitan|Sitrus Berry|[eat]\n|-heal|p1b: Cetitan|59\/100|[from] item: Sitrus Berry\n|move|p1b: Cetitan|Earthquake|p2a: Sylveon|[spread] p1a,p2a,p2b\n|-supereffective|p2a: Sylveon\n|-supereffective|p2b: Heatran\n|-damage|p1a: Iron Bundle|69\/100\n|-damage|p2a: Sylveon|0 fnt\n|-damage|p2b: Heatran|0 fnt\n|faint|p2a: Sylveon\n|faint|p2b: Heatran\n|\n|-weather|Snow|[upkeep]\n|upkeep\n|\n|t:|1701128904\n|switch|p2a: Iron Bundle|Iron Bundle, L50|91\/100\n|turn|5\n|\n|t:|1701128914\n|move|p1a: Iron Bundle|Freeze-Dry|p2a: Iron Bundle\n|-damage|p2a: Iron Bundle|19\/100\n|move|p2a: Iron Bundle|Freeze-Dry|p1a: Iron Bundle\n|-supereffective|p1a: Iron Bundle\n|-damage|p1a: Iron Bundle|0 fnt\n|faint|p1a: Iron Bundle\n|-end|p1a: Iron Bundle|Quark Drive|[silent]\n|move|p1b: Cetitan|Belly Drum|p1b: Cetitan\n|-damage|p1b: Cetitan|9\/100\n|-setboost|p1b: Cetitan|atk|6|[from] move: Belly Drum\n|\n|-weather|none\n|-sideend|p1: PenguinOfLite|move: Aurora Veil\n|upkeep\n|\n|t:|1701128925\n|switch|p1a: Ninetales|Ninetales-Alola, L50, M|100\/100\n|-weather|Snow|[from] ability: Snow Warning|[of] p1a: Ninetales\n|turn|6\n|\n|t:|1701128932\n|move|p1b: Cetitan|Ice Shard|p2a: Iron Bundle\n|-resisted|p2a: Iron Bundle\n|-damage|p2a: Iron Bundle|6\/100\n|move|p2a: Iron Bundle|Freeze-Dry|p1b: Cetitan\n|-resisted|p1b: Cetitan\n|-damage|p1b: Cetitan|0 fnt\n|faint|p1b: Cetitan\n|move|p1a: Ninetales|Moonblast|p2a: Iron Bundle\n|-damage|p2a: Iron Bundle|0 fnt\n|faint|p2a: Iron Bundle\n|-end|p2a: Iron Bundle|Quark Drive|[silent]\n|\n|win|PenguinOfLite\n|raw|PenguinOfLite's rating: 1060 &rarr; <strong>1097<\/strong><br \/>(+37 for winning)\n|raw|CarefreeCrayon's rating: 1125 &rarr; <strong>1095<\/strong><br \/>(-30 for losing)\n|l|\u2606PenguinOfLite\n","uploadtime":1701129772,"views":6,"p1id":"penguinoflite","p2id":"carefreecrayon","formatid":"gen9vgc2023regulatione","rating":1095,"private":0,"password":""}