{"id":"gen9vgc2023regulatione-1996324767","p1":"Refanner","p2":"Gmoltres fun guy","format":"[Gen 9] VGC 2023 Regulation E","log":"|j|\u2606Refanner\n|j|\u2606Gmoltres fun guy\n|t:|1700671258\n|gametype|doubles\n|player|p1|Refanner|169|1306\n|player|p2|Gmoltres fun guy|170|1375\n|teamsize|p1|6\n|teamsize|p2|6\n|gen|9\n|tier|[Gen 9] VGC 2023 Regulation E\n|rated|\n|rule|Species Clause: Limit one of each Pok\u00e9mon\n|rule|Item Clause: Limit one of each item\n|clearpoke\n|poke|p1|Glimmora, L50, M|\n|poke|p1|Urshifu-*, L50, F|\n|poke|p1|Tornadus, L50, M|\n|poke|p1|Mamoswine, L50, F|\n|poke|p1|Indeedee-F, L50, F|\n|poke|p1|Regieleki, L50|\n|poke|p2|Moltres-Galar, L50|\n|poke|p2|Tauros-Paldea-Aqua, L50, M|\n|poke|p2|Rillaboom, L50, M|\n|poke|p2|Arcanine-Hisui, L50, M|\n|poke|p2|Ninetales-Alola, L50, M|\n|poke|p2|Sinistcha, L50|\n|teampreview|4\n|\n|t:|1700671310\n|start\n|switch|p1a: Glimmora|Glimmora, L50, M|100\/100\n|switch|p1b: Tornadus|Tornadus, L50, M|100\/100\n|switch|p2a: Sinistcha|Sinistcha, L50|100\/100\n|switch|p2b: Rillaboom|Rillaboom, L50, M|100\/100\n|-fieldstart|move: Grassy Terrain|[from] ability: Grassy Surge|[of] p2b: Rillaboom\n|turn|1\n|\n|t:|1700671348\n|move|p1a: Glimmora|Spiky Shield|p1a: Glimmora\n|-singleturn|p1a: Glimmora|move: Protect\n|move|p1b: Tornadus|Tailwind|p1b: Tornadus\n|-sidestart|p1: Refanner|move: Tailwind\n|move|p2b: Rillaboom|High Horsepower|p1a: Glimmora\n|-activate|p1a: Glimmora|move: Protect\n|-damage|p2b: Rillaboom|88\/100|[from] Spiky Shield|[of] p1a: Glimmora\n|move|p2a: Sinistcha|Trick Room|p2a: Sinistcha\n|-fieldstart|move: Trick Room|[of] p2a: Sinistcha\n|\n|-heal|p2b: Rillaboom|94\/100|[from] Grassy Terrain\n|upkeep\n|turn|2\n|\n|t:|1700671377\n|-terastallize|p2b: Rillaboom|Poison\n|-terastallize|p1a: Glimmora|Grass\n|move|p2a: Sinistcha|Matcha Gotcha|p1b: Tornadus|[spread] p1a,p1b\n|-resisted|p1a: Glimmora\n|-crit|p1a: Glimmora\n|-resisted|p1b: Tornadus\n|-damage|p1a: Glimmora|61\/100\n|-damage|p1b: Tornadus|78\/100\n|move|p2b: Rillaboom|High Horsepower|p1a: Glimmora\n|-resisted|p1a: Glimmora\n|-damage|p1a: Glimmora|40\/100\n|-activate|p1a: Glimmora|ability: Toxic Debris\n|-sidestart|p2: Gmoltres fun guy|move: Toxic Spikes\n|move|p1b: Tornadus|Bleakwind Storm|p2a: Sinistcha|[spread] p2a,p2b\n|-supereffective|p2a: Sinistcha\n|-damage|p2a: Sinistcha|22\/100\n|-damage|p2b: Rillaboom|59\/100\n|move|p1a: Glimmora|Sludge Bomb|p2b: Rillaboom\n|-resisted|p2b: Rillaboom\n|-damage|p2b: Rillaboom|33\/100\n|\n|-heal|p2a: Sinistcha|28\/100|[from] Grassy Terrain\n|-heal|p2b: Rillaboom|39\/100|[from] Grassy Terrain\n|-heal|p1a: Glimmora|46\/100|[from] Grassy Terrain\n|upkeep\n|turn|3\n|\n|t:|1700671400\n|move|p1a: Glimmora|Spiky Shield|p1a: Glimmora\n|-singleturn|p1a: Glimmora|move: Protect\n|move|p2a: Sinistcha|Matcha Gotcha|p1b: Tornadus|[spread] p1b\n|-activate|p1a: Glimmora|move: Protect\n|-resisted|p1b: Tornadus\n|-damage|p1b: Tornadus|56\/100\n|-heal|p2a: Sinistcha|40\/100|[from] drain|[of] p1b: Tornadus\n|move|p2b: Rillaboom|U-turn|p1a: Glimmora\n|-activate|p1a: Glimmora|move: Protect\n|-damage|p2b: Rillaboom|27\/100|[from] Spiky Shield|[of] p1a: Glimmora\n|move|p1b: Tornadus|Bleakwind Storm|p2b: Rillaboom|[spread] p2a,p2b\n|-supereffective|p2a: Sinistcha\n|-damage|p2a: Sinistcha|0 fnt\n|-damage|p2b: Rillaboom|0 fnt\n|faint|p2a: Sinistcha\n|faint|p2b: Rillaboom\n|\n|-heal|p1a: Glimmora|52\/100|[from] Grassy Terrain\n|upkeep\n|\n|t:|1700671404\n|switch|p2a: Arcanine|Arcanine-Hisui, L50, M|100\/100\n|switch|p2b: Moltres|Moltres-Galar, L50|100\/100\n|-status|p2a: Arcanine|psn\n|-ability|p2a: Arcanine|Intimidate|boost\n|-unboost|p1a: Glimmora|atk|1\n|-unboost|p1b: Tornadus|atk|1\n|turn|4\n|inactive|Battle timer is ON: inactive players will automatically lose when time's up. (requested by Gmoltres fun guy)\n|\n|t:|1700671461\n|switch|p1a: Indeedee|Indeedee-F, L50, F|100\/100\n|-fieldstart|move: Psychic Terrain|[from] ability: Psychic Surge|[of] p1a: Indeedee\n|-enditem|p1a: Indeedee|Psychic Seed\n|-boost|p1a: Indeedee|spd|1|[from] item: Psychic Seed\n|move|p2a: Arcanine|Rock Slide|p1b: Tornadus|[spread] p1a\n|-miss|p2a: Arcanine|p1b: Tornadus\n|-damage|p1a: Indeedee|75\/100\n|move|p2b: Moltres|Fiery Wrath|p1a: Indeedee|[spread] p1a,p1b\n|-supereffective|p1a: Indeedee\n|-damage|p1a: Indeedee|37\/100\n|-damage|p1b: Tornadus|26\/100\n|move|p1b: Tornadus|Icy Wind|p2b: Moltres|[spread] p2a,p2b\n|-resisted|p2a: Arcanine\n|-supereffective|p2b: Moltres\n|-damage|p2a: Arcanine|93\/100 psn\n|-damage|p2b: Moltres|82\/100\n|-unboost|p2a: Arcanine|spe|1\n|-unboost|p2b: Moltres|spe|1\n|\n|-damage|p2a: Arcanine|81\/100 psn|[from] psn\n|-sideend|p1: Refanner|move: Tailwind\n|upkeep\n|turn|5\n|inactive|Refanner has 30 seconds left.\n|\n|t:|1700671491\n|move|p1a: Indeedee|Protect|p1a: Indeedee\n|-singleturn|p1a: Indeedee|Protect\n|move|p2a: Arcanine|Rock Slide|p1b: Tornadus|[spread] p1b\n|-activate|p1a: Indeedee|move: Protect\n|-supereffective|p1b: Tornadus\n|-damage|p1b: Tornadus|0 fnt\n|faint|p1b: Tornadus\n|move|p2b: Moltres|Fiery Wrath|p1a: Indeedee\n|-activate|p1a: Indeedee|move: Protect\n|\n|-damage|p2a: Arcanine|69\/100 psn|[from] psn\n|-fieldend|move: Trick Room\n|upkeep\n|\n|t:|1700671502\n|switch|p1b: Glimmora|Glimmora, L50, M, tera:Grass|52\/100\n|turn|6\n|\n|t:|1700671522\n|move|p1b: Glimmora|Spiky Shield|p1b: Glimmora\n|-singleturn|p1b: Glimmora|move: Protect\n|move|p1a: Indeedee|Psychic|p2a: Arcanine\n|-damage|p2a: Arcanine|25\/100 psn\n|-enditem|p2a: Arcanine|Figy Berry|[eat]\n|-heal|p2a: Arcanine|58\/100 psn|[from] item: Figy Berry\n|move|p2b: Moltres|Fiery Wrath|p1b: Glimmora|[spread] p1a\n|-activate|p1b: Glimmora|move: Protect\n|-supereffective|p1a: Indeedee\n|-damage|p1a: Indeedee|0 fnt\n|faint|p1a: Indeedee\n|move|p2a: Arcanine|Flare Blitz|p1b: Glimmora\n|-activate|p1b: Glimmora|move: Protect\n|-damage|p2a: Arcanine|46\/100 psn|[from] Spiky Shield|[of] p1b: Glimmora\n|\n|-damage|p2a: Arcanine|34\/100 psn|[from] psn\n|upkeep\n|\n|t:|1700671537\n|switch|p1a: Urshifu|Urshifu, L50, F|100\/100\n|turn|7\n|\n|t:|1700671544\n|move|p1b: Glimmora|Earth Power|p2a: Arcanine\n|-supereffective|p2a: Arcanine\n|-damage|p2a: Arcanine|0 fnt\n|faint|p2a: Arcanine\n|move|p1a: Urshifu|Close Combat|p2b: Moltres\n|-damage|p2b: Moltres|30\/100\n|-unboost|p1a: Urshifu|def|1\n|-unboost|p1a: Urshifu|spd|1\n|-ability|p2b: Moltres|Berserk|boost\n|-boost|p2b: Moltres|spa|1\n|-enditem|p2b: Moltres|Sitrus Berry|[eat]\n|-heal|p2b: Moltres|55\/100|[from] item: Sitrus Berry\n|move|p2b: Moltres|Air Slash|p1a: Urshifu\n|-supereffective|p1a: Urshifu\n|-damage|p1a: Urshifu|0 fnt\n|faint|p1a: Urshifu\n|\n|upkeep\n|turn|8\n|\n|t:|1700671562\n|move|p1b: Glimmora|Power Gem|p2b: Moltres\n|-supereffective|p2b: Moltres\n|-crit|p2b: Moltres\n|-damage|p2b: Moltres|0 fnt\n|faint|p2b: Moltres\n|\n|win|Refanner\n|raw|Refanner's rating: 1306 &rarr; <strong>1330<\/strong><br \/>(+24 for winning)\n|raw|Gmoltres fun guy's rating: 1375 &rarr; <strong>1351<\/strong><br \/>(-24 for losing)\n","uploadtime":1700671570,"views":1,"p1id":"refanner","p2id":"gmoltresfunguy","formatid":"gen9vgc2023regulatione","rating":1330,"private":0,"password":""}