{"id":"gen9vgc2023regulatione-1991141593","p1":"Jadedragon61","p2":"electricboogaloo12","format":"[Gen 9] VGC 2023 Regulation E","log":"|j|\u2606Jadedragon61\n|j|\u203delectricboogaloo12\n|t:|1700049209\n|gametype|doubles\n|player|p1|Jadedragon61|colress|1332\n|player|p2|electricboogaloo12|cynthia|1354\n|teamsize|p1|6\n|teamsize|p2|6\n|gen|9\n|tier|[Gen 9] VGC 2023 Regulation E\n|rated|\n|rule|Species Clause: Limit one of each Pok\u00e9mon\n|rule|Item Clause: Limit one of each item\n|clearpoke\n|poke|p1|Landorus-Therian, L50, M|\n|poke|p1|Flutter Mane, L50|\n|poke|p1|Iron Hands, L50|\n|poke|p1|Heatran, L50, F|\n|poke|p1|Chien-Pao, L50|\n|poke|p1|Ogerpon-Wellspring, L50, F|\n|poke|p2|Gastrodon, L50, F|\n|poke|p2|Grimmsnarl, L50, M|\n|poke|p2|Articuno-Galar, L50|\n|poke|p2|Great Tusk, L50|\n|poke|p2|Infernape, L50, F|\n|poke|p2|Forretress, L50, F|\n|teampreview|4\n|inactive|Battle timer is ON: inactive players will automatically lose when time's up. (requested by electricboogaloo12)\n|\n|t:|1700049236\n|start\n|switch|p1a: Atsui|Iron Hands, L50, shiny|100\/100\n|switch|p1b: Sakana|Flutter Mane, L50, shiny|100\/100\n|switch|p2a: Grimmsnarl|Grimmsnarl, L50, M|100\/100\n|switch|p2b: Articuno|Articuno-Galar, L50|100\/100\n|-enditem|p1b: Sakana|Booster Energy\n|-activate|p1b: Sakana|ability: Protosynthesis|[fromitem]\n|-start|p1b: Sakana|protosynthesisspa\n|turn|1\n|\n|t:|1700049246\n|move|p2b: Articuno|Protect|p2b: Articuno\n|-singleturn|p2b: Articuno|Protect\n|move|p1a: Atsui|Fake Out|p2a: Grimmsnarl\n|-damage|p2a: Grimmsnarl|86\/100\n|cant|p2a: Grimmsnarl|flinch\n|move|p1b: Sakana|Shadow Ball|p2b: Articuno\n|-activate|p2b: Articuno|move: Protect\n|\n|upkeep\n|turn|2\n|\n|t:|1700049259\n|move|p2a: Grimmsnarl|Thunder Wave|p1b: Sakana|[miss]\n|-miss|p2a: Grimmsnarl|p1b: Sakana\n|move|p1b: Sakana|Moonblast|p2a: Grimmsnarl\n|-supereffective|p2a: Grimmsnarl\n|-damage|p2a: Grimmsnarl|0 fnt\n|faint|p2a: Grimmsnarl\n|move|p2b: Articuno|Freezing Glare|p1a: Atsui\n|-supereffective|p1a: Atsui\n|-damage|p1a: Atsui|37\/100\n|move|p1a: Atsui|Wild Charge|p2b: Articuno\n|-supereffective|p2b: Articuno\n|-damage|p2b: Articuno|2\/100\n|-damage|p1a: Atsui|18\/100|[from] Recoil\n|\n|upkeep\n|\n|t:|1700049267\n|switch|p2a: Great Tusk|Great Tusk, L50|100\/100\n|-enditem|p2a: Great Tusk|Booster Energy\n|-activate|p2a: Great Tusk|ability: Protosynthesis|[fromitem]\n|-start|p2a: Great Tusk|protosynthesisatk\n|turn|3\n|\n|t:|1700049277\n|-end|p1a: Atsui|Quark Drive|[silent]\n|switch|p1a: Mizumi oni|Ogerpon-Wellspring, L50, F|100\/100\n|-terastallize|p1b: Sakana|Fairy\n|-terastallize|p2a: Great Tusk|Steel\n|move|p2b: Articuno|Protect|p2b: Articuno\n|-singleturn|p2b: Articuno|Protect\n|move|p1b: Sakana|Dazzling Gleam|p2a: Great Tusk|[spread] p2a\n|-activate|p2b: Articuno|move: Protect\n|-resisted|p2a: Great Tusk\n|-damage|p2a: Great Tusk|69\/100\n|move|p2a: Great Tusk|Headlong Rush|p1b: Sakana\n|-crit|p1b: Sakana\n|-damage|p1b: Sakana|0 fnt\n|-unboost|p2a: Great Tusk|def|1\n|-unboost|p2a: Great Tusk|spd|1\n|faint|p1b: Sakana\n|-end|p1b: Sakana|Protosynthesis|[silent]\n|\n|upkeep\n|\n|t:|1700049289\n|switch|p1b: Atsui|Iron Hands, L50, shiny|18\/100\n|turn|4\n|\n|t:|1700049294\n|move|p2a: Great Tusk|Protect|p2a: Great Tusk\n|-singleturn|p2a: Great Tusk|Protect\n|move|p1b: Atsui|Fake Out|p2b: Articuno\n|-damage|p2b: Articuno|0 fnt\n|faint|p2b: Articuno\n|move|p1a: Mizumi oni|Ivy Cudgel|p2a: Great Tusk|[anim] Ivy Cudgel Water\n|-activate|p2a: Great Tusk|move: Protect\n|\n|upkeep\n|\n|t:|1700049301\n|switch|p2b: Forretress|Forretress, L50, F|100\/100\n|turn|5\n|\n|t:|1700049307\n|move|p1a: Mizumi oni|Ivy Cudgel|p2a: Great Tusk|[anim] Ivy Cudgel Water\n|-damage|p2a: Great Tusk|18\/100\n|move|p2a: Great Tusk|Headlong Rush|p1b: Atsui\n|-supereffective|p1b: Atsui\n|-damage|p1b: Atsui|0 fnt\n|-unboost|p2a: Great Tusk|def|1\n|-unboost|p2a: Great Tusk|spd|1\n|faint|p1b: Atsui\n|-end|p1b: Atsui|Quark Drive|[silent]\n|move|p2b: Forretress|Curse|p2b: Forretress\n|-unboost|p2b: Forretress|spe|1\n|-boost|p2b: Forretress|atk|1\n|-boost|p2b: Forretress|def|1\n|\n|upkeep\n|\n|t:|1700049318\n|switch|p1b: Yogan Ka\u0113ru|Heatran, L50, F, shiny|100\/100\n|turn|6\n|\n|t:|1700049328\n|move|p2a: Great Tusk|Protect|p2a: Great Tusk\n|-singleturn|p2a: Great Tusk|Protect\n|move|p1a: Mizumi oni|Ivy Cudgel|p2a: Great Tusk|[anim] Ivy Cudgel Water\n|-activate|p2a: Great Tusk|move: Protect\n|move|p1b: Yogan Ka\u0113ru|Heat Wave|p2a: Great Tusk|[spread] p2b\n|-activate|p2a: Great Tusk|move: Protect\n|-supereffective|p2b: Forretress\n|-crit|p2b: Forretress\n|-ability|p2b: Forretress|Sturdy\n|-damage|p2b: Forretress|1\/100\n|-damage|p1b: Yogan Ka\u0113ru|91\/100|[from] item: Life Orb\n|move|p2b: Forretress|Body Press|p1b: Yogan Ka\u0113ru\n|-supereffective|p1b: Yogan Ka\u0113ru\n|-damage|p1b: Yogan Ka\u0113ru|14\/100\n|\n|-heal|p2b: Forretress|7\/100|[from] item: Leftovers\n|upkeep\n|turn|7\n|-message|electricboogaloo12 forfeited.\n|\n|win|Jadedragon61\n|raw|Jadedragon61's rating: 1332 &rarr; <strong>1353<\/strong><br \/>(+21 for winning)\n|raw|electricboogaloo12's rating: 1354 &rarr; <strong>1333<\/strong><br \/>(-21 for losing)\n|l|\u203delectricboogaloo12\n","uploadtime":1700049355,"views":9,"p1id":"jadedragon61","p2id":"electricboogaloo12","formatid":"gen9vgc2023regulatione","rating":1333,"private":0,"password":""}