{"id":"gen9vgc2023regulatione-1991865685","p1":"milkmygoat","p2":"Lego Superman","format":"[Gen 9] VGC 2023 Regulation E","log":"|j|\u2606milkmygoat\n|j|\u2606Lego Superman\n|t:|1700130646\n|gametype|doubles\n|player|p1|milkmygoat|266|1135\n|player|p2|Lego Superman|gentleman-gen4|1125\n|teamsize|p1|6\n|teamsize|p2|6\n|gen|9\n|tier|[Gen 9] VGC 2023 Regulation E\n|rated|\n|rule|Species Clause: Limit one of each Pok\u00e9mon\n|rule|Item Clause: Limit one of each item\n|clearpoke\n|poke|p1|Wo-Chien, L50|\n|poke|p1|Ninetales-Alola, L50, F|\n|poke|p1|Mamoswine, L50, M|\n|poke|p1|Farigiraf, L50, F|\n|poke|p1|Gyarados, L50, M|\n|poke|p1|Flutter Mane, L50|\n|poke|p2|Iron Thorns, L50|\n|poke|p2|Sinistcha-Masterpiece, L50|\n|poke|p2|Thundurus, L50, M|\n|poke|p2|Annihilape, L50, F|\n|poke|p2|Iron Bundle, L50|\n|poke|p2|Sableye, L50, F|\n|teampreview|4\n|inactive|Battle timer is ON: inactive players will automatically lose when time's up. (requested by milkmygoat)\n|inactive|Lego Superman has 60 seconds left.\n|\n|t:|1700130724\n|start\n|switch|p1a: Ninetales|Ninetales-Alola, L50, F|100\/100\n|switch|p1b: Flutter Mane|Flutter Mane, L50|100\/100\n|switch|p2a: Sableye|Sableye, L50, F|100\/100\n|switch|p2b: Thundurus|Thundurus, L50, M|100\/100\n|-weather|Snow|[from] ability: Snow Warning|[of] p1a: Ninetales\n|-enditem|p1b: Flutter Mane|Booster Energy\n|-activate|p1b: Flutter Mane|ability: Protosynthesis|[fromitem]\n|-start|p1b: Flutter Mane|protosynthesisspa\n|turn|1\n|\n|t:|1700130745\n|-terastallize|p2b: Thundurus|Steel\n|move|p2a: Sableye|Fake Out|p1a: Ninetales\n|-damage|p1a: Ninetales|93\/100\n|cant|p1a: Ninetales|flinch\n|move|p1b: Flutter Mane|Dazzling Gleam|p2b: Thundurus|[spread] p2a,p2b\n|-supereffective|p2a: Sableye\n|-resisted|p2b: Thundurus\n|-damage|p2a: Sableye|0 fnt\n|-damage|p2b: Thundurus|80\/100\n|faint|p2a: Sableye\n|move|p2b: Thundurus|Flash Cannon|p1b: Flutter Mane\n|-supereffective|p1b: Flutter Mane\n|-damage|p1b: Flutter Mane|40\/100\n|\n|-weather|Snow|[upkeep]\n|upkeep\n|\n|t:|1700130763\n|switch|p2a: Princess|Iron Thorns, L50|100\/100\n|turn|2\n|\n|t:|1700130776\n|move|p1b: Flutter Mane|Protect|p1b: Flutter Mane\n|-singleturn|p1b: Flutter Mane|Protect\n|move|p2b: Thundurus|Thunder Wave|p1b: Flutter Mane\n|-activate|p1b: Flutter Mane|move: Protect\n|move|p1a: Ninetales|Aurora Veil|p1a: Ninetales\n|-sidestart|p1: milkmygoat|move: Aurora Veil\n|move|p2a: Princess|Rock Slide|p1b: Flutter Mane|[spread] p1a\n|-activate|p1b: Flutter Mane|move: Protect\n|-supereffective|p1a: Ninetales\n|-damage|p1a: Ninetales|55\/100\n|\n|-weather|Snow|[upkeep]\n|upkeep\n|turn|3\n|inactive|milkmygoat has 30 seconds left.\n|\n|t:|1700130801\n|move|p2b: Thundurus|Thunder Wave|p1b: Flutter Mane\n|-status|p1b: Flutter Mane|par\n|move|p1a: Ninetales|Blizzard|p2a: Princess|[spread] p2a,p2b\n|-resisted|p2b: Thundurus\n|-damage|p2a: Princess|71\/100\n|-damage|p2b: Thundurus|64\/100\n|-status|p2a: Princess|frz\n|cant|p2a: Princess|frz\n|move|p1b: Flutter Mane|Shadow Ball|p2b: Thundurus\n|-damage|p2b: Thundurus|10\/100\n|-enditem|p2b: Thundurus|Sitrus Berry|[eat]\n|-heal|p2b: Thundurus|34\/100|[from] item: Sitrus Berry\n|\n|-weather|Snow|[upkeep]\n|upkeep\n|turn|4\n|\n|t:|1700130823\n|move|p1a: Ninetales|Blizzard|p2a: Princess|[spread] p2a,p2b\n|-crit|p2a: Princess\n|-resisted|p2b: Thundurus\n|-damage|p2a: Princess|27\/100 frz\n|-damage|p2b: Thundurus|19\/100\n|move|p2b: Thundurus|Flash Cannon|p1b: Flutter Mane\n|-supereffective|p1b: Flutter Mane\n|-damage|p1b: Flutter Mane|0 fnt\n|faint|p1b: Flutter Mane\n|-end|p1b: Flutter Mane|Protosynthesis|[silent]\n|cant|p2a: Princess|frz\n|\n|-weather|Snow|[upkeep]\n|upkeep\n|\n|t:|1700130836\n|switch|p1b: Wo-Chien|Wo-Chien, L50|100\/100\n|-ability|p1b: Wo-Chien|Tablets of Ruin\n|turn|5\n|\n|t:|1700130845\n|move|p2b: Thundurus|Thunder Wave|p1a: Ninetales\n|-status|p1a: Ninetales|par\n|-curestatus|p2a: Princess|frz|[msg]\n|move|p2a: Princess|Rock Slide|p1a: Ninetales|[spread] p1a,p1b\n|-supereffective|p1a: Ninetales\n|-damage|p1a: Ninetales|28\/100 par\n|-damage|p1b: Wo-Chien|87\/100\n|cant|p1a: Ninetales|flinch\n|move|p1b: Wo-Chien|Foul Play|p2b: Thundurus\n|-damage|p2b: Thundurus|0 fnt\n|faint|p2b: Thundurus\n|\n|-weather|none\n|upkeep\n|\n|t:|1700130862\n|switch|p2b: Annihilape|Annihilape, L50, F|100\/100\n|turn|6\n|\n|t:|1700130876\n|switch|p1a: Mamoswine|Mamoswine, L50, M|100\/100\n|move|p2b: Annihilape|Protect|p2b: Annihilape\n|-singleturn|p2b: Annihilape|Protect\n|move|p2a: Princess|Rock Slide|p1b: Wo-Chien|[spread] p1a,p1b\n|-crit|p1b: Wo-Chien\n|-damage|p1a: Mamoswine|84\/100\n|-damage|p1b: Wo-Chien|58\/100\n|move|p1b: Wo-Chien|Leech Seed|p2b: Annihilape\n|-activate|p2b: Annihilape|move: Protect\n|\n|-sideend|p1: milkmygoat|move: Aurora Veil\n|upkeep\n|turn|7\n|\n|t:|1700130899\n|switch|p1a: Ninetales|Ninetales-Alola, L50, F|28\/100 par\n|-weather|Snow|[from] ability: Snow Warning|[of] p1a: Ninetales\n|move|p2b: Annihilape|Drain Punch|p1b: Wo-Chien\n|-supereffective|p1b: Wo-Chien\n|-crit|p1b: Wo-Chien\n|-damage|p1b: Wo-Chien|0 fnt\n|faint|p1b: Wo-Chien\n|move|p2a: Princess|Rock Slide|p1a: Ninetales\n|-supereffective|p1a: Ninetales\n|-damage|p1a: Ninetales|0 fnt\n|faint|p1a: Ninetales\n|\n|-weather|Snow|[upkeep]\n|upkeep\n|\n|t:|1700130907\n|switch|p1b: Mamoswine|Mamoswine, L50, M|84\/100\n|turn|8\n|\n|t:|1700130926\n|move|p2a: Princess|Protect|p2a: Princess\n|-singleturn|p2a: Princess|Protect\n|move|p2b: Annihilape|Bulldoze|p1b: Mamoswine|[spread] p1b\n|-activate|p2a: Princess|move: Protect\n|-crit|p1b: Mamoswine\n|-damage|p1b: Mamoswine|70\/100\n|-unboost|p1b: Mamoswine|spe|1\n|move|p1b: Mamoswine|High Horsepower|p2b: Annihilape\n|-damage|p2b: Annihilape|39\/100\n|\n|-weather|Snow|[upkeep]\n|upkeep\n|turn|9\n|\n|t:|1700130941\n|move|p2b: Annihilape|Drain Punch|p1b: Mamoswine\n|-supereffective|p1b: Mamoswine\n|-damage|p1b: Mamoswine|26\/100\n|-heal|p2b: Annihilape|63\/100|[from] drain|[of] p1b: Mamoswine\n|move|p2a: Princess|Dragon Claw|p1b: Mamoswine\n|-damage|p1b: Mamoswine|7\/100\n|-enditem|p1b: Mamoswine|Mago Berry|[eat]\n|-heal|p1b: Mamoswine|40\/100|[from] item: Mago Berry\n|move|p1b: Mamoswine|High Horsepower|p2b: Annihilape\n|-damage|p2b: Annihilape|3\/100\n|\n|-weather|Snow|[upkeep]\n|upkeep\n|turn|10\n|\n|t:|1700130959\n|move|p1b: Mamoswine|Ice Shard|p2b: Annihilape\n|-damage|p2b: Annihilape|0 fnt\n|faint|p2b: Annihilape\n|move|p2a: Princess|Rock Slide|p1b: Mamoswine\n|-damage|p1b: Mamoswine|13\/100\n|\n|-weather|Snow|[upkeep]\n|upkeep\n|turn|11\n|\n|t:|1700130969\n|move|p2a: Princess|Dragon Claw|p1b: Mamoswine\n|-damage|p1b: Mamoswine|0 fnt\n|faint|p1b: Mamoswine\n|\n|win|Lego Superman\n|raw|milkmygoat's rating: 1135 &rarr; <strong>1109<\/strong><br \/>(-26 for losing)\n|raw|Lego Superman's rating: 1125 &rarr; <strong>1151<\/strong><br \/>(+26 for winning)\n|l|\u2606milkmygoat\n","uploadtime":1700130984,"views":23,"p1id":"milkmygoat","p2id":"legosuperman","formatid":"gen9vgc2023regulatione","rating":1109,"private":0,"password":""}