{"id":"gen9vgc2023regulatione-1988618421","p1":"Steakman5","p2":"wwwnnniii","format":"[Gen 9] VGC 2023 Regulation E","log":"|j|\u2606Steakman5\n|j|\u2606wwwnnniii\n|t:|1699742588\n|gametype|doubles\n|player|p1|Steakman5|acetrainer|1194\n|player|p2|wwwnnniii|101|1260\n|teamsize|p1|6\n|teamsize|p2|6\n|gen|9\n|tier|[Gen 9] VGC 2023 Regulation E\n|rated|\n|rule|Species Clause: Limit one of each Pok\u00e9mon\n|rule|Item Clause: Limit one of each item\n|clearpoke\n|poke|p1|Tornadus, L50, M|\n|poke|p1|Moltres, L50|\n|poke|p1|Ogerpon-Wellspring, L50, F|\n|poke|p1|Sinistcha, L50|\n|poke|p1|Flutter Mane, L50|\n|poke|p1|Basculegion, L50, M|\n|poke|p2|Torkoal, L50, F|\n|poke|p2|Slowpoke, L50, M|\n|poke|p2|Indeedee-F, L50, F|\n|poke|p2|Enamorus-Therian, L50, F|\n|poke|p2|Kingambit, L50, M|\n|poke|p2|Snorlax, L50, F|\n|teampreview|4\n|inactive|Battle timer is ON: inactive players will automatically lose when time's up. (requested by wwwnnniii)\n|\n|t:|1699742627\n|start\n|switch|p1a: Tornadus|Tornadus, L50, M|100\/100\n|switch|p1b: Moltres|Moltres, L50|100\/100\n|switch|p2a: Snorlax|Snorlax, L50, F|100\/100\n|switch|p2b: Indeedee|Indeedee-F, L50, F|100\/100\n|-ability|p1b: Moltres|Pressure\n|-fieldstart|move: Psychic Terrain|[from] ability: Psychic Surge|[of] p2b: Indeedee\n|-enditem|p2b: Indeedee|Psychic Seed\n|-boost|p2b: Indeedee|spd|1|[from] item: Psychic Seed\n|turn|1\n|\n|t:|1699742650\n|switch|p1a: Sinistcha|Sinistcha, L50|100\/100\n|move|p1b: Moltres|Heat Wave|p2b: Indeedee|[spread] p2b\n|-miss|p1b: Moltres|p2a: Snorlax\n|-damage|p2b: Indeedee|80\/100\n|move|p2a: Snorlax|Belly Drum|p2a: Snorlax\n|-damage|p2a: Snorlax|50\/100\n|-setboost|p2a: Snorlax|atk|6|[from] move: Belly Drum\n|-enditem|p2a: Snorlax|Sitrus Berry|[eat]\n|-heal|p2a: Snorlax|75\/100|[from] item: Sitrus Berry\n|move|p2b: Indeedee|Trick Room|p2b: Indeedee\n|-fieldstart|move: Trick Room|[of] p2b: Indeedee\n|\n|upkeep\n|turn|2\n|inactive|Steakman5 has 30 seconds left.\n|inactive|wwwnnniii has 30 seconds left.\n|\n|t:|1699742681\n|switch|p2b: Slowpoke|Slowpoke, L50, M|100\/100\n|move|p1a: Sinistcha|Rage Powder|p1a: Sinistcha\n|-singleturn|p1a: Sinistcha|move: Rage Powder\n|move|p2a: Snorlax|Body Slam|p1a: Sinistcha\n|-immune|p1a: Sinistcha\n|move|p1b: Moltres|Heat Wave|p2a: Snorlax|[spread] p2a,p2b\n|-resisted|p2b: Slowpoke\n|-damage|p2a: Snorlax|63\/100\n|-damage|p2b: Slowpoke|88\/100\n|\n|upkeep\n|turn|3\n|\n|t:|1699742700\n|move|p1b: Moltres|Protect|p1b: Moltres\n|-singleturn|p1b: Moltres|Protect\n|move|p2b: Slowpoke|Heal Pulse|p2a: Snorlax\n|-heal|p2a: Snorlax|100\/100\n|move|p2a: Snorlax|Heavy Slam|p1a: Sinistcha\n|-damage|p1a: Sinistcha|0 fnt\n|faint|p1a: Sinistcha\n|\n|upkeep\n|\n|t:|1699742708\n|switch|p1a: Flutter Mane|Flutter Mane, L50|100\/100\n|-enditem|p1a: Flutter Mane|Booster Energy\n|-activate|p1a: Flutter Mane|ability: Protosynthesis|[fromitem]\n|-start|p1a: Flutter Mane|protosynthesisspe\n|turn|4\n|\n|t:|1699742728\n|move|p2b: Slowpoke|Heal Pulse|p2a: Snorlax\n|-fail|p2a: Snorlax|heal\n|move|p2a: Snorlax|Body Slam|p1b: Moltres\n|-damage|p1b: Moltres|0 fnt\n|faint|p1b: Moltres\n|move|p1a: Flutter Mane|Dazzling Gleam|p2b: Slowpoke|[spread] p2a,p2b\n|-damage|p2a: Snorlax|78\/100\n|-damage|p2b: Slowpoke|64\/100\n|\n|upkeep\n|c|\u2606Steakman5|I was not ready for heal pulse slowpoke\n|\n|t:|1699742744\n|switch|p1b: Tornadus|Tornadus, L50, M|100\/100\n|turn|5\n|\n|t:|1699742756\n|move|p1b: Tornadus|Protect|p1b: Tornadus\n|-singleturn|p1b: Tornadus|Protect\n|move|p1a: Flutter Mane|Protect|p1a: Flutter Mane\n|-singleturn|p1a: Flutter Mane|Protect\n|move|p2b: Slowpoke|Heal Pulse|p2a: Snorlax\n|-heal|p2a: Snorlax|100\/100\n|move|p2a: Snorlax|Heavy Slam|p1a: Flutter Mane\n|-activate|p1a: Flutter Mane|move: Protect\n|\n|-fieldend|move: Trick Room\n|-fieldend|move: Psychic Terrain\n|upkeep\n|turn|6\n|c|\u2606Steakman5|Genuinely never in a million years would have been ready for that\n|\n|t:|1699742783\n|move|p2b: Slowpoke|Protect|p2b: Slowpoke\n|-singleturn|p2b: Slowpoke|Protect\n|move|p1a: Flutter Mane|Shadow Ball|p2b: Slowpoke\n|-activate|p2b: Slowpoke|move: Protect\n|move|p1b: Tornadus|Bleakwind Storm|p2b: Slowpoke|[spread] p2a\n|-activate|p2b: Slowpoke|move: Protect\n|-damage|p2a: Snorlax|79\/100\n|-unboost|p2a: Snorlax|spe|1\n|move|p2a: Snorlax|Heavy Slam|p1a: Flutter Mane\n|-supereffective|p1a: Flutter Mane\n|-damage|p1a: Flutter Mane|0 fnt\n|faint|p1a: Flutter Mane\n|-end|p1a: Flutter Mane|Protosynthesis|[silent]\n|\n|upkeep\n|turn|7\n|\n|t:|1699742803\n|move|p1b: Tornadus|Bleakwind Storm|p2b: Slowpoke|[spread] p2a,p2b\n|-damage|p2a: Snorlax|57\/100\n|-damage|p2b: Slowpoke|41\/100\n|-unboost|p2b: Slowpoke|spe|1\n|move|p2a: Snorlax|Body Slam|p1b: Tornadus\n|-enditem|p1b: Tornadus|Focus Sash\n|-damage|p1b: Tornadus|1\/100\n|move|p2b: Slowpoke|Trick Room|p2b: Slowpoke\n|-fieldstart|move: Trick Room|[of] p2b: Slowpoke\n|\n|upkeep\n|turn|8\n|\n|t:|1699742815\n|move|p2b: Slowpoke|Surf|p1b: Tornadus|[spread] p2a,p1b\n|-crit|p2a: Snorlax\n|-damage|p2a: Snorlax|48\/100\n|-damage|p1b: Tornadus|0 fnt\n|faint|p1b: Tornadus\n|\n|win|wwwnnniii\n|raw|Steakman5's rating: 1194 &rarr; <strong>1174<\/strong><br \/>(-20 for losing)\n|raw|wwwnnniii's rating: 1260 &rarr; <strong>1280<\/strong><br \/>(+20 for winning)\n|l|\u2606wwwnnniii\n","uploadtime":1699742833,"views":12,"p1id":"steakman5","p2id":"wwwnnniii","formatid":"gen9vgc2023regulatione","rating":1174,"private":0,"password":""}