{"id":"gen9vgc2023regulatione-1999110084","p1":"PKAB","p2":"pygocentrus","format":"[Gen 9] VGC 2023 Regulation E","log":"|j|\u2606PKAB\n|j|\u2606pygocentrus\n|n|\u2606PKAB|pkab\n|n|\u2606pygocentrus|pygocentrus\n|html|View the match progress at <a href=\"\/game-bestof3-gen9vgc2023regulatione-1999102357\">game-bestof3-gen9vgc2023regulatione-1999102357<\/a>\n|t:|1701034199\n|gametype|doubles\n|player|p1|PKAB|camper|\n|player|p2|pygocentrus|pokemonranger-gen4|\n|teamsize|p1|6\n|teamsize|p2|6\n|gen|9\n|tier|[Gen 9] VGC 2023 Regulation E\n|rule|Species Clause: Limit one of each Pok\u00e9mon\n|rule|Item Clause: Limit one of each item\n|clearpoke\n|poke|p1|Glimmet, L50, M|\n|poke|p1|Bellsprout, L50, M|\n|poke|p1|Sentret, L50, F|\n|poke|p1|Vulpix, L50, M|\n|poke|p1|Riolu, L50, F|\n|poke|p1|Finneon, L50, M|\n|poke|p2|Wingull, L50, M|\n|poke|p2|Houndour, L50, M|\n|poke|p2|Crabrawler, L50, F|\n|poke|p2|Froakie, L50, F|\n|poke|p2|Maschiff, L50, F|\n|poke|p2|Phanpy, L50, F|\n|teampreview|4\n|c|\u2606pygocentrus|Glhf\n|c|\u2606PKAB|u2 o7\n|c|\u2606pygocentrus|I think it's just a bug for mobile\n|\n|t:|1701034254\n|start\n|switch|p1a: Glimmet|Glimmet, L50, M|100\/100\n|switch|p1b: Finneon|Finneon, L50, M|100\/100\n|switch|p2a: Wingull|Wingull, L50, M|100\/100\n|switch|p2b: Crabrawler|Crabrawler, L50, F|100\/100\n|turn|1\n|\n|t:|1701034294\n|-terastallize|p1a: Glimmet|Flying\n|move|p2a: Wingull|Tailwind|p2a: Wingull\n|-sidestart|p2: pygocentrus|move: Tailwind\n|move|p2b: Crabrawler|Ice Punch|p1a: Glimmet\n|-supereffective|p1a: Glimmet\n|-damage|p1a: Glimmet|24\/100\n|-activate|p1a: Glimmet|ability: Toxic Debris\n|-sidestart|p2: pygocentrus|move: Toxic Spikes\n|move|p1b: Finneon|Waterfall|p2a: Wingull\n|-resisted|p2a: Wingull\n|-damage|p2a: Wingull|61\/100\n|move|p1a: Glimmet|Dazzling Gleam|p2b: Crabrawler|[spread] p2a,p2b\n|-supereffective|p2b: Crabrawler\n|-damage|p2a: Wingull|4\/100\n|-damage|p2b: Crabrawler|46\/100\n|\n|upkeep\n|turn|2\n|\n|t:|1701034322\n|move|p2a: Wingull|Icy Wind|p1b: Finneon|[spread] p1a,p1b\n|-supereffective|p1a: Glimmet\n|-resisted|p1b: Finneon\n|-damage|p1a: Glimmet|9\/100\n|-damage|p1b: Finneon|96\/100\n|-unboost|p1a: Glimmet|spe|1\n|-unboost|p1b: Finneon|spe|1\n|move|p2b: Crabrawler|Drain Punch|p1b: Finneon\n|-crit|p1b: Finneon\n|-damage|p1b: Finneon|0 fnt\n|-heal|p2b: Crabrawler|95\/100|[from] drain|[of] p1b: Finneon\n|faint|p1b: Finneon\n|move|p1a: Glimmet|Dazzling Gleam|p2a: Wingull|[spread] p2a,p2b\n|-supereffective|p2b: Crabrawler\n|-damage|p2a: Wingull|0 fnt\n|-damage|p2b: Crabrawler|41\/100\n|faint|p2a: Wingull\n|\n|upkeep\n|\n|t:|1701034346\n|switch|p2a: Phanpy|Phanpy, L50, F|100\/100\n|switch|p1b: Sentret|Sentret, L50, F|100\/100\n|-status|p2a: Phanpy|psn\n|-item|p2a: Phanpy|Choice Scarf|[from] ability: Frisk|[of] p1b: Sentret|[identify]\n|-item|p2b: Crabrawler|Assault Vest|[from] ability: Frisk|[of] p1b: Sentret|[identify]\n|turn|3\n|c|\u2606pygocentrus|Yikes crit probably mattered\n|\n|t:|1701034359\n|move|p1a: Glimmet|Protect|p1a: Glimmet\n|-singleturn|p1a: Glimmet|Protect\n|move|p1b: Sentret|Protect|p1b: Sentret\n|-singleturn|p1b: Sentret|Protect\n|move|p2a: Phanpy|Rock Slide|p1b: Sentret|[spread] \n|-activate|p1a: Glimmet|move: Protect\n|-activate|p1b: Sentret|move: Protect\n|move|p2b: Crabrawler|Drain Punch|p1b: Sentret\n|-activate|p1b: Sentret|move: Protect\n|\n|-damage|p2a: Phanpy|88\/100 psn|[from] psn\n|upkeep\n|turn|4\n|\n|t:|1701034384\n|switch|p1a: Riolu|Riolu, L50, F|100\/100\n|move|p1b: Sentret|Protect||[still]\n|-fail|p1b: Sentret\n|move|p2a: Phanpy|Rock Slide|p1b: Sentret|[spread] p1a,p1b\n|-resisted|p1a: Riolu\n|-damage|p1a: Riolu|85\/100\n|-damage|p1b: Sentret|76\/100\n|move|p2b: Crabrawler|Drain Punch|p1b: Sentret\n|-supereffective|p1b: Sentret\n|-damage|p1b: Sentret|0 fnt\n|-heal|p2b: Crabrawler|76\/100|[from] drain|[of] p1b: Sentret\n|faint|p1b: Sentret\n|\n|-damage|p2a: Phanpy|76\/100 psn|[from] psn\n|-sideend|p2: pygocentrus|move: Tailwind\n|upkeep\n|\n|t:|1701034386\n|switch|p1b: Glimmet|Glimmet, L50, M, tera:Flying|9\/100\n|turn|5\n|\n|t:|1701034442\n|move|p2a: Phanpy|Rock Slide|p1b: Glimmet|[spread] p1a,p1b\n|-resisted|p1a: Riolu\n|-supereffective|p1b: Glimmet\n|-damage|p1a: Riolu|69\/100\n|-damage|p1b: Glimmet|0 fnt\n|-activate|p1b: Glimmet|ability: Toxic Debris\n|-sidestart|p2: pygocentrus|move: Toxic Spikes\n|faint|p1b: Glimmet\n|move|p2b: Crabrawler|Drain Punch|p1a: Riolu\n|-crit|p1a: Riolu\n|-damage|p1a: Riolu|0 fnt\n|-heal|p2b: Crabrawler|100\/100|[from] drain|[of] p1a: Riolu\n|faint|p1a: Riolu\n|\n|win|pygocentrus\n|c|\u2606PKAB|ggs\n|c|\u2606pygocentrus|Ggs\n|c|\u2606pygocentrus|Phanpy ko yay\n|c|\u2606PKAB|yeah crit was pretty big\n","uploadtime":1701034461,"views":2,"p1id":"pkab","p2id":"pygocentrus","formatid":"gen9vgc2023regulatione","rating":0,"private":0,"password":""}