{"id":"gen9vgc2023regulatione-1998529654","p1":"VIG HzK2","p2":"meesterkrebs","format":"[Gen 9] VGC 2023 Regulation E","log":"|j|\u2606VIG HzK2\n|j|\u2606meesterkrebs\n|t:|1700952751\n|gametype|doubles\n|player|p1|VIG HzK2|101|1174\n|player|p2|meesterkrebs|steven|1184\n|teamsize|p1|6\n|teamsize|p2|6\n|gen|9\n|tier|[Gen 9] VGC 2023 Regulation E\n|rated|\n|rule|Species Clause: Limit one of each Pok\u00e9mon\n|rule|Item Clause: Limit one of each item\n|clearpoke\n|poke|p1|Garganacl, L50, F|\n|poke|p1|Iron Hands, L50|\n|poke|p1|Landorus-Therian, L50, M|\n|poke|p1|Sinistcha, L50|\n|poke|p1|Grimmsnarl, L50, M|\n|poke|p1|Gothitelle, L50, F|\n|poke|p2|Urshifu-*, L50, M|\n|poke|p2|Gholdengo, L50|\n|poke|p2|Arcanine, L50, F|\n|poke|p2|Rillaboom, L50, F|\n|poke|p2|Sableye, L50, F|\n|poke|p2|Iron Bundle, L50|\n|teampreview|4\n|\n|t:|1700952822\n|start\n|switch|p1a: Garganacl|Garganacl, L50, F|100\/100\n|switch|p1b: Grimmsnarl|Grimmsnarl, L50, M|100\/100\n|switch|p2a: Sableye|Sableye, L50, F|100\/100\n|switch|p2b: Iron Bundle|Iron Bundle, L50|100\/100\n|-enditem|p2b: Iron Bundle|Booster Energy\n|-activate|p2b: Iron Bundle|ability: Quark Drive|[fromitem]\n|-start|p2b: Iron Bundle|quarkdrivespe\n|turn|1\n|\n|t:|1700952862\n|-terastallize|p1a: Garganacl|Poison\n|move|p2b: Iron Bundle|Protect|p2b: Iron Bundle\n|-singleturn|p2b: Iron Bundle|Protect\n|move|p1b: Grimmsnarl|Light Screen|p1b: Grimmsnarl\n|-sidestart|p1: VIG HzK2|move: Light Screen\n|move|p2a: Sableye|Skill Swap|p1a: Garganacl\n|-activate|p2a: Sableye|move: Skill Swap|Purifying Salt|Prankster|[of] p1a: Garganacl\n|move|p1a: Garganacl|Salt Cure|p2b: Iron Bundle\n|-activate|p2b: Iron Bundle|move: Protect\n|\n|upkeep\n|turn|2\n|\n|t:|1700952892\n|move|p2b: Iron Bundle|Rain Dance|p2b: Iron Bundle\n|-weather|RainDance\n|move|p1b: Grimmsnarl|Spirit Break|p2a: Sableye\n|-supereffective|p2a: Sableye\n|-enditem|p2a: Sableye|Roseli Berry|[eat]\n|-enditem|p2a: Sableye|Roseli Berry|[weaken]\n|-damage|p2a: Sableye|58\/100\n|-unboost|p2a: Sableye|spa|1\n|move|p2a: Sableye|Will-O-Wisp|p1a: Garganacl\n|-status|p1a: Garganacl|brn\n|move|p1a: Garganacl|Salt Cure|p2b: Iron Bundle\n|-supereffective|p2b: Iron Bundle\n|-damage|p2b: Iron Bundle|88\/100\n|-start|p2b: Iron Bundle|Salt Cure\n|\n|-weather|RainDance|[upkeep]\n|-damage|p1a: Garganacl|95\/100 brn|[from] brn\n|-damage|p2b: Iron Bundle|63\/100|[from] Salt Cure\n|upkeep\n|turn|3\n|\n|t:|1700952918\n|-end|p2b: Iron Bundle|Quark Drive|[silent]\n|switch|p2b: Urshifu|Urshifu-Rapid-Strike, L50, M|100\/100\n|switch|p1a: Sinistcha|Sinistcha, L50|100\/100\n|move|p1b: Grimmsnarl|Parting Shot|p2b: Urshifu\n|-unboost|p2b: Urshifu|atk|1\n|-unboost|p2b: Urshifu|spa|1\n|\n|t:|1700952926\n|switch|p1b: Garganacl|Garganacl, L50, F, tera:Poison|95\/100 brn|[from] Parting Shot\n|move|p2a: Sableye|Disable||[still]\n|-fail|p2a: Sableye\n|\n|-weather|RainDance|[upkeep]\n|-heal|p1b: Garganacl|100\/100 brn|[from] item: Leftovers\n|-damage|p1b: Garganacl|95\/100 brn|[from] brn\n|upkeep\n|turn|4\n|\n|t:|1700952960\n|switch|p2a: Gholdengo|Gholdengo, L50|100\/100\n|-terastallize|p2b: Urshifu|Water\n|move|p2b: Urshifu|Surging Strikes|p1a: Sinistcha\n|-resisted|p1a: Sinistcha\n|-crit|p1a: Sinistcha\n|-damage|p1a: Sinistcha|83\/100\n|-resisted|p1a: Sinistcha\n|-crit|p1a: Sinistcha\n|-damage|p1a: Sinistcha|65\/100\n|-resisted|p1a: Sinistcha\n|-crit|p1a: Sinistcha\n|-damage|p1a: Sinistcha|47\/100\n|-hitcount|p1a: Sinistcha|3\n|move|p1a: Sinistcha|Matcha Gotcha|p2a: Gholdengo|[spread] p2a,p2b\n|-resisted|p2a: Gholdengo\n|-supereffective|p2b: Urshifu\n|-damage|p2a: Gholdengo|90\/100\n|-heal|p1a: Sinistcha|53\/100|[from] drain|[of] p2a: Gholdengo\n|-damage|p2b: Urshifu|48\/100\n|-heal|p1a: Sinistcha|81\/100|[from] drain|[of] p2b: Urshifu\n|move|p1b: Garganacl|Salt Cure|p2b: Urshifu\n|-damage|p2b: Urshifu|41\/100\n|-start|p2b: Urshifu|Salt Cure\n|\n|-weather|RainDance|[upkeep]\n|-heal|p2a: Gholdengo|96\/100|[from] item: Leftovers\n|-heal|p1b: Garganacl|100\/100 brn|[from] item: Leftovers\n|-damage|p1b: Garganacl|95\/100 brn|[from] brn\n|-damage|p2b: Urshifu|17\/100|[from] Salt Cure\n|upkeep\n|turn|5\n|\n|t:|1700952992\n|switch|p2b: Sableye|Sableye, L50, F|58\/100\n|move|p1a: Sinistcha|Rage Powder|p1a: Sinistcha\n|-singleturn|p1a: Sinistcha|move: Rage Powder\n|move|p2a: Gholdengo|Nasty Plot|p2a: Gholdengo\n|-boost|p2a: Gholdengo|spa|2\n|move|p1b: Garganacl|Salt Cure|p2a: Gholdengo\n|-resisted|p2a: Gholdengo\n|-damage|p2a: Gholdengo|93\/100\n|-start|p2a: Gholdengo|Salt Cure\n|\n|-weather|RainDance|[upkeep]\n|-heal|p2a: Gholdengo|99\/100|[from] item: Leftovers\n|-heal|p1b: Garganacl|100\/100 brn|[from] item: Leftovers\n|-damage|p1b: Garganacl|95\/100 brn|[from] brn\n|-damage|p2a: Gholdengo|75\/100|[from] Salt Cure\n|-sideend|p1: VIG HzK2|move: Light Screen\n|upkeep\n|turn|6\n|\n|t:|1700953016\n|move|p2b: Sableye|Encore|p1a: Sinistcha\n|-start|p1a: Sinistcha|Encore\n|move|p2a: Gholdengo|Make It Rain|p1a: Sinistcha|[spread] p1a,p1b\n|-damage|p1a: Sinistcha|0 fnt\n|-damage|p1b: Garganacl|36\/100 brn\n|-unboost|p2a: Gholdengo|spa|1\n|faint|p1a: Sinistcha\n|move|p1b: Garganacl|Salt Cure|p2b: Sableye\n|-damage|p2b: Sableye|48\/100\n|-start|p2b: Sableye|Salt Cure\n|\n|-weather|none\n|-heal|p2a: Gholdengo|81\/100|[from] item: Leftovers\n|-heal|p1b: Garganacl|42\/100 brn|[from] item: Leftovers\n|-damage|p1b: Garganacl|36\/100 brn|[from] brn\n|-damage|p2a: Gholdengo|56\/100|[from] Salt Cure\n|-damage|p2b: Sableye|36\/100|[from] Salt Cure\n|upkeep\n|\n|t:|1700953039\n|switch|p1a: Grimmsnarl|Grimmsnarl, L50, M|100\/100\n|turn|7\n|\n|t:|1700953050\n|move|p1b: Garganacl|Protect|p1b: Garganacl\n|-singleturn|p1b: Garganacl|Protect\n|move|p1a: Grimmsnarl|Light Screen|p1a: Grimmsnarl\n|-sidestart|p1: VIG HzK2|move: Light Screen\n|move|p2b: Sableye|Disable|p1b: Garganacl\n|-activate|p1b: Garganacl|move: Protect\n|move|p2a: Gholdengo|Make It Rain|p1b: Garganacl|[spread] p1a\n|-activate|p1b: Garganacl|move: Protect\n|-supereffective|p1a: Grimmsnarl\n|-damage|p1a: Grimmsnarl|17\/100\n|-unboost|p2a: Gholdengo|spa|1\n|\n|-heal|p2a: Gholdengo|62\/100|[from] item: Leftovers\n|-heal|p1b: Garganacl|42\/100 brn|[from] item: Leftovers\n|-damage|p1b: Garganacl|36\/100 brn|[from] brn\n|-damage|p2a: Gholdengo|37\/100|[from] Salt Cure\n|-damage|p2b: Sableye|24\/100|[from] Salt Cure\n|upkeep\n|turn|8\n|\n|t:|1700953075\n|switch|p1b: Iron Hands|Iron Hands, L50|100\/100\n|move|p2b: Sableye|Encore||[still]\n|-fail|p2b: Sableye\n|move|p2a: Gholdengo|Make It Rain|p1b: Iron Hands|[spread] p1a,p1b\n|-supereffective|p1a: Grimmsnarl\n|-resisted|p1b: Iron Hands\n|-damage|p1a: Grimmsnarl|0 fnt\n|-damage|p1b: Iron Hands|88\/100\n|-unboost|p2a: Gholdengo|spa|1\n|faint|p1a: Grimmsnarl\n|\n|-heal|p2a: Gholdengo|44\/100|[from] item: Leftovers\n|-damage|p2a: Gholdengo|19\/100|[from] Salt Cure\n|-damage|p2b: Sableye|12\/100|[from] Salt Cure\n|upkeep\n|\n|t:|1700953085\n|switch|p1a: Garganacl|Garganacl, L50, F, tera:Poison|36\/100 brn\n|turn|9\n|\n|t:|1700953101\n|switch|p2a: Iron Bundle|Iron Bundle, L50|63\/100\n|move|p1b: Iron Hands|Detect|p1b: Iron Hands\n|-singleturn|p1b: Iron Hands|Protect\n|move|p2b: Sableye|Will-O-Wisp|p1b: Iron Hands\n|-activate|p1b: Iron Hands|move: Protect\n|move|p1a: Garganacl|Recover|p1a: Garganacl\n|-heal|p1a: Garganacl|86\/100 brn\n|\n|-heal|p1a: Garganacl|92\/100 brn|[from] item: Leftovers\n|-damage|p1a: Garganacl|86\/100 brn|[from] brn\n|-damage|p2b: Sableye|0 fnt|[from] Salt Cure\n|faint|p2b: Sableye\n|upkeep\n|\n|t:|1700953122\n|switch|p2b: Urshifu|Urshifu-Rapid-Strike, L50, M, tera:Water|17\/100\n|turn|10\n|\n|t:|1700953138\n|move|p2a: Iron Bundle|Rain Dance|p2a: Iron Bundle\n|-weather|RainDance\n|move|p2b: Urshifu|Surging Strikes|p1a: Garganacl\n|-crit|p1a: Garganacl\n|-damage|p1a: Garganacl|53\/100 brn\n|-crit|p1a: Garganacl\n|-damage|p1a: Garganacl|17\/100 brn\n|-crit|p1a: Garganacl\n|-damage|p1a: Garganacl|0 fnt\n|faint|p1a: Garganacl\n|-hitcount|p1: Garganacl|3\n|move|p1b: Iron Hands|Drain Punch|p2a: Iron Bundle\n|-supereffective|p2a: Iron Bundle\n|-damage|p2a: Iron Bundle|0 fnt\n|-heal|p1b: Iron Hands|100\/100|[from] drain|[of] p2a: Iron Bundle\n|faint|p2a: Iron Bundle\n|-end|p2a: Iron Bundle|Quark Drive|[silent]\n|\n|-weather|RainDance|[upkeep]\n|upkeep\n|\n|t:|1700953152\n|switch|p2a: Gholdengo|Gholdengo, L50|19\/100\n|turn|11\n|\n|t:|1700953159\n|move|p2b: Urshifu|Surging Strikes|p1b: Iron Hands\n|-crit|p1b: Iron Hands\n|-damage|p1b: Iron Hands|61\/100\n|-crit|p1b: Iron Hands\n|-damage|p1b: Iron Hands|23\/100\n|-enditem|p1b: Iron Hands|Sitrus Berry|[eat]\n|-heal|p1b: Iron Hands|48\/100|[from] item: Sitrus Berry\n|-crit|p1b: Iron Hands\n|-damage|p1b: Iron Hands|12\/100\n|-hitcount|p1b: Iron Hands|3\n|move|p2a: Gholdengo|Dazzling Gleam|p1b: Iron Hands\n|-supereffective|p1b: Iron Hands\n|-damage|p1b: Iron Hands|0 fnt\n|faint|p1b: Iron Hands\n|-end|p1b: Iron Hands|Quark Drive|[silent]\n|\n|win|meesterkrebs\n|raw|VIG HzK2's rating: 1174 &rarr; <strong>1150<\/strong><br \/>(-24 for losing)\n|raw|meesterkrebs's rating: 1184 &rarr; <strong>1208<\/strong><br \/>(+24 for winning)\n|l|\u2606VIG HzK2\n|c|\u2606meesterkrebs|ggwp\n","uploadtime":1700953178,"views":25,"p1id":"vighzk2","p2id":"meesterkrebs","formatid":"gen9vgc2023regulatione","rating":1150,"private":0,"password":""}