{"id":"gen9vgc2023regulatione-1987893474","p1":"JOSTAROO","p2":"newdun","format":"[Gen 9] VGC 2023 Regulation E","log":"|j|\u2606JOSTAROO\n|j|\u2606newdun\n|t:|1699646637\n|gametype|doubles\n|player|p1|JOSTAROO|265|\n|player|p2|newdun|1|\n|teamsize|p1|6\n|teamsize|p2|6\n|gen|9\n|tier|[Gen 9] VGC 2023 Regulation E\n|rule|Species Clause: Limit one of each Pok\u00e9mon\n|rule|Item Clause: Limit one of each item\n|clearpoke\n|poke|p1|Ribombee, L50, F|\n|poke|p1|Cinderace, L50, F|\n|poke|p1|Breloom, L50, F|\n|poke|p1|Jigglypuff, L50, F|\n|poke|p1|Scizor, L50, M|\n|poke|p1|Dudunsparce-*, L50, F|\n|poke|p2|Grimmsnarl, L50, M|\n|poke|p2|Okidogi, L50, M|\n|poke|p2|Urshifu-*, L50, M|\n|poke|p2|Ogerpon-Hearthflame, L50, F|\n|poke|p2|Arcanine-Hisui, L50, M|\n|poke|p2|Iron Bundle, L50|\n|teampreview|4\nnewdun has agreed to open team sheets.\nJOSTAROO has agreed to open team sheets.\n|showteam|p1|Ribombee||FocusSash|ShieldDust|StickyWeb,LightScreen,Reflect,Tailwind|||F|||50|,,,,,Bug]Cinderace||LifeOrb|Libero|PyroBall,SwordsDance,SuckerPunch,Bounce|||F|||50|,,,,,Fire]Breloom||BlackGlasses|Technician|MachPunch,BulletSeed,RockTomb,Spore|||F|||50|,,,,,Fighting]Jigglypuff||Eviolite|FriendGuard|Substitute,KnockOff,Wish,BodyPress|||F|||50|,,,,,Normal]Scizor||ChoiceBand|Technician|BulletPunch,Uturn,BrickBreak,DualWingbeat|||M|||50|,,,,,Flying]Dudunsparce||Leftovers|SereneGrace|Coil,Yawn,DragonTail,GyroBall|||F|||50|,,,,,Steel\n|showteam|p2|Grimmsnarl||LightClay|Prankster|SpiritBreak,LightScreen,Reflect,PartingShot|||M|||50|,,,,,Ghost]Okidogi||Leftovers|GuardDog|Protect,DrainPunch,KnockOff,BulkUp|||M|||50|,,,,,Flying]Urshifu-Rapid-Strike||ChoiceScarf|UnseenFist|SurgingStrikes,CloseCombat,AquaJet,Uturn|||M|||50|,,,,,Water]Ogerpon-Hearthflame||HearthflameMask|MoldBreaker|SpikyShield,IvyCudgel,HornLeech,StompingTantrum|||F|||50|,,,,,Fire]Arcanine-Hisui||AssaultVest|Intimidate|ExtremeSpeed,RockSlide,FlareBlitz,TeraBlast|||M|||50|,,,,,Fairy]Iron Bundle||BoosterEnergy|QuarkDrive|TeraBlast,FreezeDry,IcyWind,Protect||||||50|,,,,,Ghost\n|\n|t:|1699646776\n|start\n|switch|p1a: Ribombee|Ribombee, L50, F|100\/100\n|switch|p1b: Scizor|Scizor, L50, M|100\/100\n|switch|p2a: Grimmsnarl|Grimmsnarl, L50, M, shiny|100\/100\n|switch|p2b: Urshifu|Urshifu-Rapid-Strike, L50, M|100\/100\n|turn|1\n|\n|t:|1699646794\n|-terastallize|p2b: Urshifu|Water\n|-terastallize|p1b: Scizor|Flying\n|move|p2a: Grimmsnarl|Reflect|p2a: Grimmsnarl\n|-sidestart|p2: newdun|Reflect\n|move|p2b: Urshifu|Surging Strikes|p1b: Scizor\n|-crit|p1b: Scizor\n|-damage|p1b: Scizor|71\/100\n|-crit|p1b: Scizor\n|-damage|p1b: Scizor|40\/100\n|-crit|p1b: Scizor\n|-damage|p1b: Scizor|9\/100\n|-hitcount|p1b: Scizor|3\n|move|p1a: Ribombee|Reflect|p1a: Ribombee\n|-sidestart|p1: JOSTAROO|Reflect\n|move|p1b: Scizor|Dual Wingbeat|p2b: Urshifu|[miss]\n|-miss|p1b: Scizor|p2b: Urshifu\n|\n|upkeep\n|turn|2\n|\n|t:|1699646817\n|switch|p2b: Arcanine|Arcanine-Hisui, L50, M, shiny|100\/100\n|-ability|p2b: Arcanine|Intimidate|boost\n|-unboost|p1a: Ribombee|atk|1\n|-unboost|p1b: Scizor|atk|1\n|move|p1a: Ribombee|Tailwind|p1a: Ribombee\n|-sidestart|p1: JOSTAROO|move: Tailwind\n|move|p1b: Scizor|Dual Wingbeat|p2a: Grimmsnarl\n|-damage|p2a: Grimmsnarl|81\/100\n|-damage|p2a: Grimmsnarl|59\/100\n|-hitcount|p2a: Grimmsnarl|2\n|move|p2a: Grimmsnarl|Spirit Break|p1b: Scizor\n|-crit|p1b: Scizor\n|-damage|p1b: Scizor|0 fnt\n|faint|p1b: Scizor\n|\n|upkeep\n|\n|t:|1699646834\n|switch|p1b: Breloom|Breloom, L50, F, shiny|100\/100\n|turn|3\n|\n|t:|1699646850\n|move|p2a: Grimmsnarl|Parting Shot|p1b: Breloom\n|-unboost|p1b: Breloom|atk|1\n|-unboost|p1b: Breloom|spa|1\n|\n|t:|1699646859\n|switch|p2a: Urshifu|Urshifu-Rapid-Strike, L50, M, tera:Water|100\/100|[from] Parting Shot\n|move|p1a: Ribombee|Sticky Web|p2b: Arcanine\n|-sidestart|p2: newdun|move: Sticky Web\n|move|p1b: Breloom|Bullet Seed|p2b: Arcanine\n|-damage|p2b: Arcanine|88\/100\n|-damage|p2b: Arcanine|75\/100\n|-damage|p2b: Arcanine|63\/100\n|-damage|p2b: Arcanine|51\/100\n|-hitcount|p2b: Arcanine|4\n|move|p2b: Arcanine|Flare Blitz|p1b: Breloom\n|-supereffective|p1b: Breloom\n|-damage|p1b: Breloom|0 fnt\n|faint|p1b: Breloom\n|-damage|p2b: Arcanine|24\/100|[from] Recoil\n|\n|upkeep\n|\n|t:|1699646877\n|switch|p1b: Jigglypuff|Jigglypuff, L50, F, shiny|100\/100\n|turn|4\n|\n|t:|1699646888\n|move|p1a: Ribombee|Sticky Web||[still]\n|-fail|p1a: Ribombee\n|move|p2a: Urshifu|Surging Strikes|p1b: Jigglypuff\n|-crit|p1b: Jigglypuff\n|-damage|p1b: Jigglypuff|56\/100\n|-crit|p1b: Jigglypuff\n|-damage|p1b: Jigglypuff|8\/100\n|-crit|p1b: Jigglypuff\n|-damage|p1b: Jigglypuff|0 fnt\n|faint|p1b: Jigglypuff\n|-hitcount|p1: Jigglypuff|3\n|move|p2b: Arcanine|Rock Slide|p1a: Ribombee\n|-supereffective|p1a: Ribombee\n|-damage|p1a: Ribombee|24\/100\n|\n|upkeep\n|turn|5\n|\n|t:|1699646907\n|move|p2b: Arcanine|Extreme Speed|p1a: Ribombee\n|-damage|p1a: Ribombee|0 fnt\n|faint|p1a: Ribombee\n|\n|win|newdun\n|l|\u2606JOSTAROO\n","uploadtime":1699647248,"views":18,"p1id":"jostaroo","p2id":"newdun","formatid":"gen9vgc2023regulatione","rating":0,"private":0,"password":""}