{"id":"gen9vgc2023regulatione-2000571674","p1":"Ozwald McFly","p2":"FBOT6","format":"[Gen 9] VGC 2023 Regulation E","log":"|j|\u2606Ozwald McFly\n|j|\u2606FBOT6\n|t:|1701206448\n|gametype|doubles\n|player|p1|Ozwald McFly|169|1330\n|player|p2|FBOT6|ghetsis-gen5bw|1339\n|teamsize|p1|6\n|teamsize|p2|6\n|gen|9\n|tier|[Gen 9] VGC 2023 Regulation E\n|rated|\n|rule|Species Clause: Limit one of each Pok\u00e9mon\n|rule|Item Clause: Limit one of each item\n|clearpoke\n|poke|p1|Noctowl, L50, F|\n|poke|p1|Sandy Shocks, L50|\n|poke|p1|Espeon, L50, F|\n|poke|p1|Indeedee-F, L50, F|\n|poke|p1|Iron Hands, L50|\n|poke|p1|Decidueye-Hisui, L50, M|\n|poke|p2|Tornadus, L50, M|\n|poke|p2|Flutter Mane, L50|\n|poke|p2|Urshifu-*, L50, F|\n|poke|p2|Arcanine-Hisui, L50, F|\n|poke|p2|Rillaboom, L50, F|\n|poke|p2|Roaring Moon, L50|\n|teampreview|4\n|inactive|Battle timer is ON: inactive players will automatically lose when time's up. (requested by FBOT6)\n|j| Lando129\n|inactive|FBOT6 has 60 seconds left.\n|\n|t:|1701206482\n|start\n|switch|p1a: Decidueye|Decidueye-Hisui, L50, M, shiny|100\/100\n|switch|p1b: Indeedee|Indeedee-F, L50, F|100\/100\n|switch|p2a: Flutter Mane|Flutter Mane, L50|100\/100\n|switch|p2b: Roaring Moon|Roaring Moon, L50|100\/100\n|-fieldstart|move: Psychic Terrain|[from] ability: Psychic Surge|[of] p1b: Indeedee\n|-enditem|p2b: Roaring Moon|Booster Energy\n|-activate|p2b: Roaring Moon|ability: Protosynthesis|[fromitem]\n|-start|p2b: Roaring Moon|protosynthesisatk\n|turn|1\n|inactive|Ozwald McFly has 30 seconds left.\n|inactive|FBOT6 has 30 seconds left.\n|\n|t:|1701206510\n|move|p1a: Decidueye|Protect|p1a: Decidueye\n|-singleturn|p1a: Decidueye|Protect\n|move|p2a: Flutter Mane|Dazzling Gleam|p1b: Indeedee|[spread] p1b\n|-activate|p1a: Decidueye|move: Protect\n|-damage|p1b: Indeedee|59\/100\n|move|p2b: Roaring Moon|Tailwind|p2b: Roaring Moon\n|-sidestart|p2: FBOT6|move: Tailwind\n|move|p1b: Indeedee|Trick Room|p1b: Indeedee\n|-fieldstart|move: Trick Room|[of] p1b: Indeedee\n|\n|upkeep\n|turn|2\n|c| Lando129|Hisuian Decidueye. This will either be really nasty or...\n|c| Lando129|Probably really nasty.\n|inactive|FBOT6 has 30 seconds left.\n|\n|t:|1701206535\n|move|p1b: Indeedee|Helping Hand|p1a: Decidueye\n|-singleturn|p1a: Decidueye|Helping Hand|[of] p1b: Indeedee\n|move|p2b: Roaring Moon|Protect|p2b: Roaring Moon\n|-singleturn|p2b: Roaring Moon|Protect\n|move|p1a: Decidueye|Leaf Blade|p2a: Flutter Mane\n|-crit|p2a: Flutter Mane\n|-damage|p2a: Flutter Mane|0 fnt\n|faint|p2a: Flutter Mane\n|-end|p2a: Flutter Mane|Protosynthesis|[silent]\n|\n|upkeep\n|c| Lando129|...\n|\n|t:|1701206544\n|switch|p2a: Arcanine|Arcanine-Hisui, L50, F|100\/100\n|-ability|p2a: Arcanine|Intimidate|boost\n|-fail|p1a: Decidueye|unboost|Attack|[from] ability: Scrappy|[of] p1a: Decidueye\n|-unboost|p1b: Indeedee|atk|1\n|turn|3\n|c| Lando129|That read was mind-breaking.\n|\n|t:|1701206558\n|-terastallize|p1a: Decidueye|Fighting\n|move|p1b: Indeedee|Follow Me|p1b: Indeedee\n|-singleturn|p1b: Indeedee|move: Follow Me\n|move|p1a: Decidueye|Triple Arrows|p2b: Roaring Moon\n|-supereffective|p2b: Roaring Moon\n|-crit|p2b: Roaring Moon\n|-damage|p2b: Roaring Moon|0 fnt\n|faint|p2b: Roaring Moon\n|-end|p2b: Roaring Moon|Protosynthesis|[silent]\n|move|p2a: Arcanine|Flare Blitz|p1b: Indeedee\n|-damage|p1b: Indeedee|0 fnt\n|faint|p1b: Indeedee\n|-damage|p2a: Arcanine|80\/100|[from] Recoil\n|\n|upkeep\n|\n|t:|1701206573\n|switch|p1b: Iron Hands|Iron Hands, L50|100\/100\n|switch|p2b: Tornadus|Tornadus, L50, M|100\/100\n|turn|4\n|\n|t:|1701206581\n|-terastallize|p2b: Tornadus|Ghost\n|move|p1b: Iron Hands|Wild Charge|p2b: Tornadus\n|-damage|p2b: Tornadus|27\/100\n|-damage|p1b: Iron Hands|84\/100|[from] item: Rocky Helmet|[of] p2b: Tornadus\n|-damage|p1b: Iron Hands|71\/100|[from] Recoil\n|move|p1a: Decidueye|Triple Arrows|p2a: Arcanine\n|-supereffective|p2a: Arcanine\n|-damage|p2a: Arcanine|0 fnt\n|faint|p2a: Arcanine\n|move|p2b: Tornadus|Bleakwind Storm|p1a: Decidueye|[spread] p1a,p1b\n|-supereffective|p1a: Decidueye\n|-damage|p1a: Decidueye|30\/100\n|-damage|p1b: Iron Hands|52\/100\n|-unboost|p1b: Iron Hands|spe|1\n|\n|-sideend|p2: FBOT6|move: Tailwind\n|upkeep\n|turn|5\n|-message|FBOT6 forfeited.\n|\n|win|Ozwald McFly\n|raw|Ozwald McFly's rating: 1330 &rarr; <strong>1351<\/strong><br \/>(+21 for winning)\n|raw|FBOT6's rating: 1339 &rarr; <strong>1318<\/strong><br \/>(-21 for losing)\n|l|\u2606FBOT6\n|c| Lando129|GG\n|c| Lando129|Awesome team.\n","uploadtime":1701206615,"views":0,"p1id":"ozwaldmcfly","p2id":"fbot6","formatid":"gen9vgc2023regulatione","rating":1318,"private":0,"password":""}