{"id":"gen9vgc2023regulatione-1990206855","p1":"Powerbo","p2":"Ryan&Ditto","format":"[Gen 9] VGC 2023 Regulation E","log":"|j|\u2606Powerbo\n|j|\u2606Ryan&Ditto\n|t:|1699937362\n|gametype|doubles\n|player|p1|Powerbo|ninjaboy|\n|player|p2|Ryan&Ditto|unknown|\n|teamsize|p1|6\n|teamsize|p2|6\n|gen|9\n|tier|[Gen 9] VGC 2023 Regulation E\n|rule|Species Clause: Limit one of each Pok\u00e9mon\n|rule|Item Clause: Limit one of each item\n|clearpoke\n|poke|p1|Moltres-Galar, L50|\n|poke|p1|Sinistcha-Masterpiece, L50|\n|poke|p1|Ninetales-Alola, L50, F|\n|poke|p1|Landorus-Therian, L50, M|\n|poke|p1|Iron Hands, L50|\n|poke|p1|Heatran, L50, F|\n|poke|p2|Moltres-Galar, L50|\n|poke|p2|Sinistcha, L50|\n|poke|p2|Grimmsnarl, L50, M|\n|poke|p2|Milotic, L50, M|\n|poke|p2|Iron Hands, L50|\n|poke|p2|Arcanine-Hisui, L50, M|\n|teampreview|4\nPowerbo has agreed to open team sheets.\nRyan&Ditto has agreed to open team sheets.\n|showteam|p1|Moltres-Galar||SitrusBerry|Berserk|FieryWrath,AirSlash,NastyPlot,Protect||||||50|,,,,,Poison]Sinistcha-Masterpiece||RockyHelmet|Hospitality|MatchaGotcha,RagePowder,StrengthSap,TrickRoom||||||50|,,,,,Water]Ninetales-Alola||LightClay|SnowWarning|Moonblast,Blizzard,AuroraVeil,Protect|||F|||50|,,,,,Water]Landorus-Therian||ChoiceScarf|Intimidate|StompingTantrum,RockSlide,Uturn,TeraBlast|||M|||50|,,,,,Flying]Iron Hands||AssaultVest|QuarkDrive|FakeOut,WildCharge,DrainPunch,HeavySlam||||||50|,,,,,Water]Heatran||Leftovers|FlashFire|HeatWave,EarthPower,TeraBlast,Protect|||F|||50|,,,,,Grass\n|showteam|p2|Moltres-Galar||SitrusBerry|Berserk|FieryWrath,AirSlash,Protect,NastyPlot||||||50|,,,,,Poison]Sinistcha||RockyHelmet|Hospitality|MatchaGotcha,RagePowder,LifeDew,TrickRoom||||||50|,,,,,Fire]Grimmsnarl||LightClay|Prankster|Reflect,LightScreen,PartingShot,LowKick|||M|||50|,,,,,Fire]Milotic||WideLens|Competitive|FlipTurn,IcyWind,LifeDew,HydroPump|||M|||50|,,,,,Grass]Iron Hands||AssaultVest|QuarkDrive|FakeOut,DrainPunch,WildCharge,HeavySlam||||||50|,,,,,Grass]Arcanine-Hisui||ChopleBerry|Intimidate|RockSlide,ExtremeSpeed,FlareBlitz,Protect|||M|||50|,,,,,Normal\n|c|\u2606Ryan&Ditto|what the fuck\n|c|\u2606Ryan&Ditto|this is the same team but modified lmao\n|c|\u2606Powerbo|Mao\n|\n|t:|1699937419\n|start\n|switch|p1a: Ninetales|Ninetales-Alola, L50, F|100\/100\n|switch|p1b: Moltres|Moltres-Galar, L50|100\/100\n|switch|p2a: Muppet|Milotic, L50, M|100\/100\n|switch|p2b: Apex|Arcanine-Hisui, L50, M|100\/100\n|-weather|Snow|[from] ability: Snow Warning|[of] p1a: Ninetales\n|-ability|p2b: Apex|Intimidate|boost\n|-unboost|p1a: Ninetales|atk|1\n|-unboost|p1b: Moltres|atk|1\n|turn|1\n|\n|t:|1699937459\n|move|p1b: Moltres|Protect|p1b: Moltres\n|-singleturn|p1b: Moltres|Protect\n|move|p1a: Ninetales|Aurora Veil|p1a: Ninetales\n|-sidestart|p1: Powerbo|move: Aurora Veil\n|move|p2a: Muppet|Icy Wind|p1a: Ninetales|[spread] p1a\n|-activate|p1b: Moltres|move: Protect\n|-resisted|p1a: Ninetales\n|-damage|p1a: Ninetales|97\/100\n|-unboost|p1a: Ninetales|spe|1\n|move|p2b: Apex|Rock Slide|p1b: Moltres|[spread] p1a\n|-activate|p1b: Moltres|move: Protect\n|-supereffective|p1a: Ninetales\n|-damage|p1a: Ninetales|68\/100\n|\n|-weather|Snow|[upkeep]\n|upkeep\n|turn|2\n|\n|t:|1699937496\n|switch|p1a: Iron Hands|Iron Hands, L50|100\/100\n|move|p2a: Muppet|Icy Wind|p1b: Moltres|[spread] p1a,p1b\n|-supereffective|p1b: Moltres\n|-damage|p1a: Iron Hands|97\/100\n|-damage|p1b: Moltres|88\/100\n|-unboost|p1a: Iron Hands|spe|1\n|-unboost|p1b: Moltres|spe|1\n|move|p2b: Apex|Flare Blitz|p1a: Iron Hands\n|-damage|p1a: Iron Hands|65\/100\n|-damage|p2b: Apex|87\/100|[from] Recoil\n|move|p1b: Moltres|Fiery Wrath|p2a: Muppet|[spread] p2a,p2b\n|-damage|p2a: Muppet|79\/100\n|-damage|p2b: Apex|56\/100\n|\n|-weather|Snow|[upkeep]\n|upkeep\n|turn|3\n|\n|t:|1699937513\n|move|p2b: Apex|Protect|p2b: Apex\n|-singleturn|p2b: Apex|Protect\n|move|p1a: Iron Hands|Fake Out|p2a: Muppet\n|-damage|p2a: Muppet|59\/100\n|cant|p2a: Muppet|flinch\n|move|p1b: Moltres|Nasty Plot|p1b: Moltres\n|-boost|p1b: Moltres|spa|2\n|\n|-weather|Snow|[upkeep]\n|upkeep\n|turn|4\n|\n|t:|1699937530\n|move|p2a: Muppet|Life Dew|p2a: Muppet|[spread] p2a,p2b\n|-heal|p2a: Muppet|84\/100\n|-heal|p2b: Apex|81\/100\n|move|p2b: Apex|Rock Slide|p1a: Iron Hands|[spread] p1a\n|-miss|p2b: Apex|p1b: Moltres\n|-resisted|p1a: Iron Hands\n|-damage|p1a: Iron Hands|58\/100\n|move|p1b: Moltres|Fiery Wrath|p2a: Muppet|[spread] p2a,p2b\n|-damage|p2a: Muppet|39\/100\n|-damage|p2b: Apex|13\/100\n|move|p1a: Iron Hands|Drain Punch|p2b: Apex\n|-supereffective|p2b: Apex\n|-enditem|p2b: Apex|Chople Berry|[eat]\n|-enditem|p2b: Apex|Chople Berry|[weaken]\n|-damage|p2b: Apex|0 fnt\n|-heal|p1a: Iron Hands|63\/100|[from] drain|[of] p2b: Apex\n|faint|p2b: Apex\n|\n|-weather|Snow|[upkeep]\n|upkeep\n|\n|t:|1699937546\n|switch|p2b: Valkyrie|Moltres-Galar, L50|100\/100\n|turn|5\n|\n|t:|1699937574\n|switch|p1b: Sinistcha|Sinistcha-Masterpiece, L50|100\/100\n|-heal|p1a: Iron Hands|88\/100|[from] ability: Hospitality|[of] p1b: Sinistcha\n|-terastallize|p2b: Valkyrie|Poison\n|move|p2a: Muppet|Hydro Pump|p1b: Sinistcha|[miss]\n|-miss|p2a: Muppet|p1b: Sinistcha\n|move|p2b: Valkyrie|Nasty Plot|p2b: Valkyrie\n|-boost|p2b: Valkyrie|spa|2\n|move|p1a: Iron Hands|Wild Charge|p2a: Muppet\n|-supereffective|p2a: Muppet\n|-damage|p2a: Muppet|0 fnt\n|faint|p2a: Muppet\n|-damage|p1a: Iron Hands|81\/100|[from] Recoil\n|\n|-weather|none\n|upkeep\n|\n|t:|1699937589\n|switch|p2a: Sinisn'tea|Sinistcha, L50|100\/100\n|turn|6\n|\n|t:|1699937634\n|-end|p1a: Iron Hands|Quark Drive|[silent]\n|switch|p1a: Moltres|Moltres-Galar, L50|88\/100\n|move|p2a: Sinisn'tea|Rage Powder|p2a: Sinisn'tea\n|-singleturn|p2a: Sinisn'tea|move: Rage Powder\n|move|p2b: Valkyrie|Fiery Wrath|p1a: Moltres|[spread] p1a,p1b\n|-resisted|p1a: Moltres\n|-supereffective|p1b: Sinistcha\n|-damage|p1a: Moltres|73\/100\n|-damage|p1b: Sinistcha|12\/100\n|move|p1b: Sinistcha|Trick Room|p1b: Sinistcha\n|-fieldstart|move: Trick Room|[of] p1b: Sinistcha\n|\n|upkeep\n|turn|7\n|\n|t:|1699937665\n|move|p2a: Sinisn'tea|Matcha Gotcha|p1b: Sinistcha|[spread] p1a,p1b\n|-resisted|p1a: Moltres\n|-resisted|p1b: Sinistcha\n|-damage|p1a: Moltres|66\/100\n|-damage|p1b: Sinistcha|4\/100\n|move|p1b: Sinistcha|Strength Sap|p2b: Valkyrie\n|-unboost|p2b: Valkyrie|atk|1\n|-heal|p1b: Sinistcha|50\/100\n|move|p1a: Moltres|Nasty Plot|p1a: Moltres\n|-boost|p1a: Moltres|spa|2\n|move|p2b: Valkyrie|Air Slash|p1a: Moltres\n|-damage|p1a: Moltres|29\/100\n|-ability|p1a: Moltres|Berserk|boost\n|-boost|p1a: Moltres|spa|1\n|-enditem|p1a: Moltres|Sitrus Berry|[eat]\n|-heal|p1a: Moltres|54\/100|[from] item: Sitrus Berry\n|\n|upkeep\n|turn|8\n|c|\u2606Powerbo|Wait fuck you're slower\n|\n|t:|1699937705\n|move|p1b: Sinistcha|Rage Powder|p1b: Sinistcha\n|-singleturn|p1b: Sinistcha|move: Rage Powder\n|move|p2a: Sinisn'tea|Matcha Gotcha|p1a: Moltres|[spread] p1a,p1b\n|-resisted|p1a: Moltres\n|-resisted|p1b: Sinistcha\n|-damage|p1a: Moltres|48\/100\n|-damage|p1b: Sinistcha|42\/100\n|-ability|p1a: Moltres|Berserk|boost\n|-boost|p1a: Moltres|spa|1\n|move|p1a: Moltres|Fiery Wrath|p2b: Valkyrie|[spread] p2a,p2b\n|-supereffective|p2a: Sinisn'tea\n|-damage|p2a: Sinisn'tea|0 fnt\n|-damage|p2b: Valkyrie|36\/100\n|faint|p2a: Sinisn'tea\n|-ability|p2b: Valkyrie|Berserk|boost\n|-boost|p2b: Valkyrie|spa|1\n|-enditem|p2b: Valkyrie|Sitrus Berry|[eat]\n|-heal|p2b: Valkyrie|61\/100|[from] item: Sitrus Berry\n|cant|p2b: Valkyrie|flinch\n|\n|-sideend|p1: Powerbo|move: Aurora Veil\n|upkeep\n|turn|9\n|c|\u2606Ryan&Ditto|bruh\n|\n|t:|1699937736\n|move|p1b: Sinistcha|Strength Sap|p2b: Valkyrie\n|-unboost|p2b: Valkyrie|atk|1\n|-heal|p1b: Sinistcha|72\/100\n|move|p1a: Moltres|Fiery Wrath|p2b: Valkyrie\n|-damage|p2b: Valkyrie|0 fnt\n|faint|p2b: Valkyrie\n|\n|win|Powerbo\n|c|\u2606Powerbo|Gg\n|c|\u2606Ryan&Ditto|you got bailed smh\n","uploadtime":1699937748,"views":9,"p1id":"powerbo","p2id":"ryanditto","formatid":"gen9vgc2023regulatione","rating":0,"private":0,"password":""}