{"id":"gen9vgc2023regulatione-1993899433","p1":"TapedCrusader","p2":"lontificus","format":"[Gen 9] VGC 2023 Regulation E","log":"|j|\u2606TapedCrusader\n|j|\u2606lontificus\n|t:|1700372165\n|gametype|doubles\n|player|p1|TapedCrusader|blue|1262\n|player|p2|lontificus|infielder|1291\n|teamsize|p1|6\n|teamsize|p2|6\n|gen|9\n|tier|[Gen 9] VGC 2023 Regulation E\n|rated|\n|rule|Species Clause: Limit one of each Pok\u00e9mon\n|rule|Item Clause: Limit one of each item\n|clearpoke\n|poke|p1|Iron Hands, L50|\n|poke|p1|Rillaboom, L50, M|\n|poke|p1|Arcanine-Hisui, L50, M|\n|poke|p1|Landorus-Therian, L50, M|\n|poke|p1|Flutter Mane, L50|\n|poke|p1|Urshifu-*, L50, M|\n|poke|p2|Shiftry, L50, M|\n|poke|p2|Tornadus, L50, M|\n|poke|p2|Flutter Mane, L50|\n|poke|p2|Landorus-Therian, L50, M|\n|poke|p2|Gastrodon, L50, M|\n|poke|p2|Murkrow, L50, F|\n|teampreview|4\n|inactive|Battle timer is ON: inactive players will automatically lose when time's up. (requested by TapedCrusader)\n|\n|t:|1700372190\n|start\n|switch|p1a: Rillaboom|Rillaboom, L50, M|100\/100\n|switch|p1b: Arcanine|Arcanine-Hisui, L50, M|100\/100\n|switch|p2a: Landorus|Landorus-Therian, L50, M|100\/100\n|switch|p2b: Tornadus|Tornadus, L50, M|100\/100\n|-ability|p2a: Landorus|Intimidate|boost\n|-unboost|p1a: Rillaboom|atk|1\n|-unboost|p1b: Arcanine|atk|1\n|-ability|p1b: Arcanine|Intimidate|boost\n|-unboost|p2a: Landorus|atk|1\n|-unboost|p2b: Tornadus|atk|1\n|-fieldstart|move: Grassy Terrain|[from] ability: Grassy Surge|[of] p1a: Rillaboom\n|turn|1\n|inactive|TapedCrusader has 30 seconds left.\n|inactive|lontificus has 30 seconds left.\n|inactive|TapedCrusader has 20 seconds left.\n|\n|t:|1700372229\n|switch|p1b: Landorus|Landorus-Therian, L50, M|100\/100\n|-ability|p1b: Landorus|Intimidate|boost\n|-unboost|p2a: Landorus|atk|1\n|-unboost|p2b: Tornadus|atk|1\n|move|p1a: Rillaboom|Protect|p1a: Rillaboom\n|-singleturn|p1a: Rillaboom|Protect\n|move|p2b: Tornadus|Bleakwind Storm|p1b: Landorus|[spread] \n|-activate|p1a: Rillaboom|move: Protect\n|-miss|p2b: Tornadus|p1b: Landorus\n|move|p2a: Landorus|Stomping Tantrum|p1b: Landorus\n|-immune|p1b: Landorus\n|\n|upkeep\n|turn|2\n|\n|t:|1700372253\n|-terastallize|p1a: Rillaboom|Grass\n|move|p2b: Tornadus|Sunny Day|p2b: Tornadus\n|-weather|SunnyDay\n|move|p1b: Landorus|Rock Tomb|p2b: Tornadus\n|-supereffective|p2b: Tornadus\n|-damage|p2b: Tornadus|46\/100\n|move|p2a: Landorus|U-turn|p1a: Rillaboom\n|-supereffective|p1a: Rillaboom\n|-damage|p1a: Rillaboom|77\/100\n|\n|t:|1700372268\n|switch|p2a: Flutter Mane|Flutter Mane, L50|100\/100|[from] U-turn\n|-activate|p2a: Flutter Mane|ability: Protosynthesis\n|-start|p2a: Flutter Mane|protosynthesisspa\n|move|p1a: Rillaboom|Wood Hammer|p2b: Tornadus\n|-resisted|p2b: Tornadus\n|-damage|p2b: Tornadus|0 fnt\n|faint|p2b: Tornadus\n|-damage|p1a: Rillaboom|64\/100|[from] Recoil\n|\n|-weather|SunnyDay|[upkeep]\n|-heal|p1a: Rillaboom|70\/100|[from] Grassy Terrain\n|upkeep\n|\n|t:|1700372275\n|switch|p2b: Shiftry|Shiftry, L50, M|100\/100\n|turn|3\n|inactive|TapedCrusader has 30 seconds left.\n|\n|t:|1700372303\n|-terastallize|p2a: Flutter Mane|Fairy\n|move|p1a: Rillaboom|Grassy Glide|p2a: Flutter Mane\n|-damage|p2a: Flutter Mane|36\/100\n|move|p1b: Landorus|Rock Tomb|p2a: Flutter Mane\n|-damage|p2a: Flutter Mane|0 fnt\n|faint|p2a: Flutter Mane\n|-end|p2a: Flutter Mane|Protosynthesis|[silent]\n|move|p2b: Shiftry|Knock Off|p1b: Landorus\n|-damage|p1b: Landorus|49\/100\n|-enditem|p1b: Landorus|Choice Scarf|[from] move: Knock Off|[of] p2b: Shiftry\n|\n|-weather|SunnyDay|[upkeep]\n|-heal|p1a: Rillaboom|75\/100|[from] Grassy Terrain\n|upkeep\n|\n|t:|1700372312\n|switch|p2a: Landorus|Landorus-Therian, L50, M|100\/100\n|-ability|p2a: Landorus|Intimidate|boost\n|-unboost|p1a: Rillaboom|atk|1\n|-unboost|p1b: Landorus|atk|1\n|turn|4\n|\n|t:|1700372327\n|switch|p1a: Arcanine|Arcanine-Hisui, L50, M|100\/100\n|-ability|p1a: Arcanine|Intimidate|boost\n|-unboost|p2a: Landorus|atk|1\n|-unboost|p2b: Shiftry|atk|1\n|move|p1b: Landorus|U-turn|p2b: Shiftry\n|-supereffective|p2b: Shiftry\n|-enditem|p2b: Shiftry|Focus Sash\n|-damage|p2b: Shiftry|1\/100\n|\n|t:|1700372336\n|switch|p1b: Rillaboom|Rillaboom, L50, M, tera:Grass|75\/100|[from] U-turn\n|move|p2b: Shiftry|Solar Blade||[still]\n|-prepare|p2b: Shiftry|Solar Blade\n|-anim|p2b: Shiftry|Solar Blade|p1b: Rillaboom\n|-resisted|p1b: Rillaboom\n|-damage|p1b: Rillaboom|53\/100\n|move|p2a: Landorus|U-turn|p1a: Arcanine\n|-resisted|p1a: Arcanine\n|-damage|p1a: Arcanine|93\/100\n|\n|-weather|SunnyDay|[upkeep]\n|-heal|p2b: Shiftry|7\/100|[from] Grassy Terrain\n|-heal|p1a: Arcanine|99\/100|[from] Grassy Terrain\n|-heal|p1b: Rillaboom|59\/100|[from] Grassy Terrain\n|upkeep\n|turn|5\n|-message|lontificus forfeited.\n|\n|win|TapedCrusader\n|raw|TapedCrusader's rating: 1262 &rarr; <strong>1289<\/strong><br \/>(+27 for winning)\n|raw|lontificus's rating: 1291 &rarr; <strong>1264<\/strong><br \/>(-27 for losing)\n|l|\u2606lontificus\n","uploadtime":1700372363,"views":11,"p1id":"tapedcrusader","p2id":"lontificus","formatid":"gen9vgc2023regulatione","rating":1264,"private":0,"password":""}