{"id":"gen9vgc2023regulatione-1990958674","p1":"SnrubYesthatlldo","p2":"TonyPajamas15","format":"[Gen 9] VGC 2023 Regulation E","log":"|j|\u2606SnrubYesthatlldo\n|j|\u2606TonyPajamas15\n|t:|1700019845\n|gametype|doubles\n|player|p1|SnrubYesthatlldo|169|1641\n|player|p2|TonyPajamas15|acetrainer-gen4dp|1634\n|teamsize|p1|6\n|teamsize|p2|6\n|gen|9\n|tier|[Gen 9] VGC 2023 Regulation E\n|rated|\n|rule|Species Clause: Limit one of each Pok\u00e9mon\n|rule|Item Clause: Limit one of each item\n|clearpoke\n|poke|p1|Roaring Moon, L50|\n|poke|p1|Chi-Yu, L50|\n|poke|p1|Flutter Mane, L50|\n|poke|p1|Amoonguss, L50, F|\n|poke|p1|Corviknight, L50, F|\n|poke|p1|Urshifu-*, L50, F|\n|poke|p2|Orthworm, L50, F|\n|poke|p2|Dragonite, L50, M|\n|poke|p2|Flutter Mane, L50|\n|poke|p2|Arcanine-Hisui, L50, M|\n|poke|p2|Iron Bundle, L50|\n|poke|p2|Amoonguss, L50, F|\n|teampreview|4\nTonyPajamas15 has agreed to open team sheets.\nSnrubYesthatlldo has agreed to open team sheets.\n|inactive|Battle timer is ON: inactive players will automatically lose when time's up. (requested by SnrubYesthatlldo)\n|inactive|TonyPajamas15 has 60 seconds left.\n|\n|t:|1700019960\n|start\n|switch|p1a: Roaring Moon|Roaring Moon, L50|100\/100\n|switch|p1b: Urshifu|Urshifu-Rapid-Strike, L50, F|100\/100\n|switch|p2a: Arcanine|Arcanine-Hisui, L50, M|100\/100\n|switch|p2b: Jimmy Brooks|Dragonite, L50, M, shiny|100\/100\n|-ability|p2a: Arcanine|Intimidate|boost\n|-unboost|p1a: Roaring Moon|atk|1\n|-unboost|p1b: Urshifu|atk|1\n|-enditem|p1a: Roaring Moon|Booster Energy\n|-activate|p1a: Roaring Moon|ability: Protosynthesis|[fromitem]\n|-start|p1a: Roaring Moon|protosynthesisspe\n|turn|1\n|j| avsfdgfnrte70\n|inactive|SnrubYesthatlldo has 30 seconds left.\n|inactive|TonyPajamas15 has 30 seconds left.\n|\n|t:|1700019991\n|switch|p2a: Queen of NY|Amoonguss, L50, F|100\/100\n|move|p1b: Urshifu|Detect|p1b: Urshifu\n|-singleturn|p1b: Urshifu|Protect\n|move|p1a: Roaring Moon|Breaking Swipe|p2a: Queen of NY|[spread] p2a,p2b\n|-supereffective|p2b: Jimmy Brooks\n|-damage|p2a: Queen of NY|87\/100\n|-damage|p2b: Jimmy Brooks|87\/100\n|-unboost|p2a: Queen of NY|atk|1\n|-unboost|p2b: Jimmy Brooks|atk|1\n|-damage|p1a: Roaring Moon|84\/100|[from] item: Rocky Helmet|[of] p2a: Queen of NY\n|move|p2b: Jimmy Brooks|Ice Spinner|p1a: Roaring Moon\n|-supereffective|p1a: Roaring Moon\n|-damage|p1a: Roaring Moon|44\/100\n|\n|upkeep\n|turn|2\n|j| Suffixussy\n|inactive|SnrubYesthatlldo has 30 seconds left.\n|\n|t:|1700020016\n|switch|p1b: Corviknight|Corviknight, L50, F|100\/100\n|move|p1a: Roaring Moon|Protect|p1a: Roaring Moon\n|-singleturn|p1a: Roaring Moon|Protect\n|move|p2a: Queen of NY|Rage Powder|p2a: Queen of NY\n|-singleturn|p2a: Queen of NY|move: Rage Powder\n|move|p2b: Jimmy Brooks|Dragon Dance|p2b: Jimmy Brooks\n|-boost|p2b: Jimmy Brooks|atk|1\n|-boost|p2b: Jimmy Brooks|spe|1\n|\n|upkeep\n|turn|3\n|inactive|SnrubYesthatlldo has 30 seconds left.\n|inactive|TonyPajamas15 has 30 seconds left.\n|inactive|SnrubYesthatlldo has 20 seconds left.\n|\n|t:|1700020052\n|switch|p2a: Arcanine|Arcanine-Hisui, L50, M|100\/100\n|-ability|p2a: Arcanine|Intimidate|boost\n|-unboost|p1a: Roaring Moon|atk|1\n|-ability|p1b: Corviknight|Mirror Armor\n|-unboost|p2a: Arcanine|atk|1\n|-terastallize|p1a: Roaring Moon|Ghost\n|move|p1a: Roaring Moon|Breaking Swipe|p2b: Jimmy Brooks|[spread] p2a,p2b\n|-supereffective|p2b: Jimmy Brooks\n|-damage|p2a: Arcanine|90\/100\n|-damage|p2b: Jimmy Brooks|64\/100\n|-unboost|p2a: Arcanine|atk|1\n|-unboost|p2b: Jimmy Brooks|atk|1\n|move|p2b: Jimmy Brooks|Ice Spinner|p1a: Roaring Moon\n|-damage|p1a: Roaring Moon|24\/100\n|move|p1b: Corviknight|Brave Bird|p2a: Arcanine\n|-resisted|p2a: Arcanine\n|-damage|p2a: Arcanine|63\/100\n|-damage|p1b: Corviknight|92\/100|[from] Recoil\n|\n|upkeep\n|turn|4\n|j| Ham_unbound\n|l| Ham_unbound\n|inactive|TonyPajamas15 has 30 seconds left.\n|\n|t:|1700020081\n|switch|p2b: Queen of NY|Amoonguss, L50, F|100\/100\n|move|p1a: Roaring Moon|Breaking Swipe|p2a: Arcanine|[spread] p2a,p2b\n|-damage|p2a: Arcanine|52\/100\n|-damage|p2b: Queen of NY|91\/100\n|-unboost|p2a: Arcanine|atk|1\n|-unboost|p2b: Queen of NY|atk|1\n|-damage|p1a: Roaring Moon|8\/100|[from] item: Rocky Helmet|[of] p2b: Queen of NY\n|move|p2a: Arcanine|Will-O-Wisp|p1b: Corviknight|[miss]\n|-miss|p2a: Arcanine|p1b: Corviknight\n|move|p1b: Corviknight|Bulk Up|p1b: Corviknight\n|-boost|p1b: Corviknight|atk|1\n|-boost|p1b: Corviknight|def|1\n|\n|upkeep\n|turn|5\n|\n|t:|1700020100\n|move|p1a: Roaring Moon|Tailwind|p1a: Roaring Moon\n|-sidestart|p1: SnrubYesthatlldo|move: Tailwind\n|move|p1b: Corviknight|Brave Bird|p2b: Queen of NY\n|-supereffective|p2b: Queen of NY\n|-damage|p2b: Queen of NY|0 fnt\n|-damage|p1b: Corviknight|76\/100|[from] item: Rocky Helmet|[of] p2b: Queen of NY\n|faint|p2b: Queen of NY\n|-damage|p1b: Corviknight|43\/100|[from] Recoil\n|move|p2a: Arcanine|Will-O-Wisp|p1b: Corviknight\n|-status|p1b: Corviknight|brn\n|-enditem|p1b: Corviknight|Lum Berry|[eat]\n|-curestatus|p1b: Corviknight|brn|[msg]\n|\n|upkeep\n|\n|t:|1700020116\n|switch|p2b: Iron Bundle|Iron Bundle, L50|100\/100\n|turn|6\n|\n|t:|1700020127\n|move|p1a: Roaring Moon|Protect|p1a: Roaring Moon\n|-singleturn|p1a: Roaring Moon|Protect\n|move|p2b: Iron Bundle|Protect|p2b: Iron Bundle\n|-singleturn|p2b: Iron Bundle|Protect\n|move|p1b: Corviknight|Roost|p1b: Corviknight\n|-heal|p1b: Corviknight|94\/100\n|-singleturn|p1b: Corviknight|move: Roost\n|move|p2a: Arcanine|Will-O-Wisp|p1b: Corviknight\n|-status|p1b: Corviknight|brn\n|\n|-damage|p1b: Corviknight|88\/100 brn|[from] brn\n|upkeep\n|turn|7\n|inactive|SnrubYesthatlldo has 30 seconds left.\n|\n|t:|1700020159\n|switch|p2a: Jimmy Brooks|Dragonite, L50, M, shiny|64\/100\n|move|p1a: Roaring Moon|Breaking Swipe|p2a: Jimmy Brooks|[spread] p2a,p2b\n|-supereffective|p2a: Jimmy Brooks\n|-damage|p2a: Jimmy Brooks|43\/100\n|-damage|p2b: Iron Bundle|88\/100\n|-unboost|p2a: Jimmy Brooks|atk|1\n|-unboost|p2b: Iron Bundle|atk|1\n|move|p2b: Iron Bundle|Hydro Pump|p1b: Corviknight\n|-damage|p1b: Corviknight|37\/100 brn\n|move|p1b: Corviknight|Iron Head|p2b: Iron Bundle\n|-damage|p2b: Iron Bundle|62\/100\n|\n|-damage|p1b: Corviknight|31\/100 brn|[from] brn\n|upkeep\n|turn|8\n|inactive|TonyPajamas15 has 30 seconds left.\n|inactive|TonyPajamas15 has 20 seconds left.\n|inactive|TonyPajamas15 has 15 seconds left.\n|inactive|TonyPajamas15 has 10 seconds left.\n|\n|t:|1700020207\n|move|p1a: Roaring Moon|Protect|p1a: Roaring Moon\n|-singleturn|p1a: Roaring Moon|Protect\n|move|p2b: Iron Bundle|Protect|p2b: Iron Bundle\n|-singleturn|p2b: Iron Bundle|Protect\n|move|p1b: Corviknight|Brave Bird|p2a: Jimmy Brooks\n|-damage|p2a: Jimmy Brooks|12\/100\n|-damage|p1b: Corviknight|21\/100 brn|[from] Recoil\n|move|p2a: Jimmy Brooks|Ice Spinner|p1a: Roaring Moon\n|-activate|p1a: Roaring Moon|move: Protect\n|\n|-damage|p1b: Corviknight|15\/100 brn|[from] brn\n|-sideend|p1: SnrubYesthatlldo|move: Tailwind\n|upkeep\n|turn|9\n|inactive|SnrubYesthatlldo has 30 seconds left.\n|inactive|TonyPajamas15 has 30 seconds left.\n|inactive|TonyPajamas15 has 20 seconds left.\n|inactive|TonyPajamas15 has 15 seconds left.\n|\n|t:|1700020247\n|move|p1a: Roaring Moon|Tailwind|p1a: Roaring Moon\n|-sidestart|p1: SnrubYesthatlldo|move: Tailwind\n|move|p2b: Iron Bundle|Icy Wind|p1a: Roaring Moon|[spread] p1a,p1b\n|-damage|p1a: Roaring Moon|0 fnt\n|-damage|p1b: Corviknight|0 fnt\n|faint|p1a: Roaring Moon\n|-end|p1a: Roaring Moon|Protosynthesis|[silent]\n|faint|p1b: Corviknight\n|move|p2a: Jimmy Brooks|Dragon Dance|p2a: Jimmy Brooks\n|-boost|p2a: Jimmy Brooks|atk|1\n|-boost|p2a: Jimmy Brooks|spe|1\n|\n|upkeep\n|\n|t:|1700020259\n|switch|p1a: Chi-Yu|Chi-Yu, L50|100\/100\n|switch|p1b: Urshifu|Urshifu-Rapid-Strike, L50, F|100\/100\n|-ability|p1a: Chi-Yu|Beads of Ruin\n|turn|10\n|inactive|TonyPajamas15 has 30 seconds left.\n|\n|t:|1700020290\n|-terastallize|p2a: Jimmy Brooks|Normal\n|move|p2b: Iron Bundle|Protect|p2b: Iron Bundle\n|-singleturn|p2b: Iron Bundle|Protect\n|move|p2a: Jimmy Brooks|Extreme Speed|p1a: Chi-Yu\n|-damage|p1a: Chi-Yu|49\/100\n|move|p1b: Urshifu|Close Combat|p2b: Iron Bundle\n|-supereffective|p2b: Iron Bundle\n|-damage|p2b: Iron Bundle|0 fnt\n|-unboost|p1b: Urshifu|def|1\n|-unboost|p1b: Urshifu|spd|1\n|faint|p2b: Iron Bundle\n|-end|p2b: Iron Bundle|Quark Drive|[silent]\n|move|p1a: Chi-Yu|Snarl|p2a: Jimmy Brooks\n|-damage|p2a: Jimmy Brooks|0 fnt\n|faint|p2a: Jimmy Brooks\n|\n|upkeep\n|\n|t:|1700020303\n|switch|p2b: Arcanine|Arcanine-Hisui, L50, M|52\/100\n|-ability|p2b: Arcanine|Intimidate|boost\n|-unboost|p1a: Chi-Yu|atk|1\n|-unboost|p1b: Urshifu|atk|1\n|turn|11\n|-message|TonyPajamas15 forfeited.\n|\n|win|SnrubYesthatlldo\n|raw|SnrubYesthatlldo's rating: 1641 &rarr; <strong>1661<\/strong><br \/>(+20 for winning)\n|raw|TonyPajamas15's rating: 1634 &rarr; <strong>1614<\/strong><br \/>(-20 for losing)\n|l|\u2606TonyPajamas15\n","uploadtime":1700020317,"views":22,"p1id":"snrubyesthatlldo","p2id":"tonypajamas15","formatid":"gen9vgc2023regulatione","rating":1614,"private":0,"password":""}