{"id":"gen9vgc2023regulatione-1995685808","p1":"Mortipherus","p2":"TheOgreVGC","format":"[Gen 9] VGC 2023 Regulation E","log":"|j|\u2606Mortipherus\n|j|\u2606TheOgreVGC\n|n|\u2606Mortipherus|mortipherus\n|n|\u2606TheOgreVGC|theogrevgc\n|html|View the match progress at <a href=\"\/game-bestof3-gen9vgc2023regulatione-1995682966\">game-bestof3-gen9vgc2023regulatione-1995682966<\/a>\n|t:|1700593859\n|gametype|doubles\n|player|p1|Mortipherus|biker-gen4|\n|player|p2|TheOgreVGC|1|\n|teamsize|p1|6\n|teamsize|p2|6\n|gen|9\n|tier|[Gen 9] VGC 2023 Regulation E\n|rule|Species Clause: Limit one of each Pok\u00e9mon\n|rule|Item Clause: Limit one of each item\n|clearpoke\n|poke|p1|Gholdengo, L50|\n|poke|p1|Roaring Moon, L50|\n|poke|p1|Iron Hands, L50|\n|poke|p1|Ogerpon-Hearthflame, L50, F|\n|poke|p1|Landorus-Therian, L50, M|\n|poke|p1|Flutter Mane, L50|\n|poke|p2|Ogerpon-Hearthflame, L50, F|\n|poke|p2|Regidrago, L50|\n|poke|p2|Rillaboom, L50, F|\n|poke|p2|Gholdengo, L50|\n|poke|p2|Tornadus, L50, M|\n|poke|p2|Urshifu-*, L50, M|\n|teampreview|4\nMortipherus has agreed to open team sheets.\nTheOgreVGC has agreed to open team sheets.\n|showteam|p1|Gholdengo||Leftovers|GoodasGold|Protect,NastyPlot,MakeItRain,ShadowBall||||||50|,,,,,Dragon]Roaring Moon||BoosterEnergy|Protosynthesis|Protect,Tailwind,KnockOff,Acrobatics||||||50|,,,,,Flying]Iron Hands||AssaultVest|QuarkDrive|FakeOut,DrainPunch,WildCharge,HeavySlam||||||50|,,,,,Fire]Ogerpon-Hearthflame||HearthflameMask|MoldBreaker|SpikyShield,SwordsDance,IvyCudgel,HornLeech|||F|||50|,,,,,Fire]Landorus-Therian||ChoiceScarf|Intimidate|StompingTantrum,TeraBlast,RockSlide,Uturn|||M|||50|,,,,,Flying]Flutter Mane||FairyFeather|Protosynthesis|Protect,Substitute,Moonblast,ShadowBall||||||50|,,,,,Fairy\n|showteam|p2|Ogerpon-Hearthflame||HearthflameMask|MoldBreaker|IvyCudgel,GrassyGlide,FollowMe,SpikyShield|||F|||50|,,,,,Fire]Regidrago||DragonFang|DragonsMaw|DragonEnergy,DracoMeteor,EarthPower,Protect||||||50|,,,,,Steel]Rillaboom||AssaultVest|GrassySurge|WoodHammer,FakeOut,HighHorsepower,GrassyGlide|||F|||50|,,,,,Fire]Gholdengo||ChoiceSpecs|GoodasGold|MakeItRain,ShadowBall,Thunderbolt,Trick||||||50|,,,,,Steel]Tornadus||FocusSash|Prankster|BleakwindStorm,Protect,IcyWind,Tailwind|||M|||50|,,,,,Ghost]Urshifu-Rapid-Strike||ChoiceScarf|UnseenFist|SurgingStrikes,Uturn,CloseCombat,AquaJet|||M|||50|,,,,,Water\n|\n|t:|1700593906\n|start\n|switch|p1a: Ogerpon|Ogerpon-Hearthflame, L50, F|100\/100\n|switch|p1b: Roaring Moon|Roaring Moon, L50, shiny|100\/100\n|switch|p2a: Tornadus|Tornadus, L50, M|100\/100\n|switch|p2b: Gholdengo|Gholdengo, L50|100\/100\n|-ability|p1a: Ogerpon|Mold Breaker\n|-enditem|p1b: Roaring Moon|Booster Energy\n|-activate|p1b: Roaring Moon|ability: Protosynthesis|[fromitem]\n|-start|p1b: Roaring Moon|protosynthesisspe\n|turn|1\n|\n|t:|1700593923\n|switch|p2b: Urshifu|Urshifu-Rapid-Strike, L50, M|100\/100\n|move|p1b: Roaring Moon|Tailwind|p1b: Roaring Moon\n|-sidestart|p1: Mortipherus|move: Tailwind\n|move|p1a: Ogerpon|Ivy Cudgel|p2b: Urshifu|[anim] Ivy Cudgel Fire\n|-resisted|p2b: Urshifu\n|-crit|p2b: Urshifu\n|-damage|p2b: Urshifu|53\/100\n|move|p2a: Tornadus|Bleakwind Storm|p1b: Roaring Moon|[spread] p1a\n|-miss|p2a: Tornadus|p1b: Roaring Moon\n|-supereffective|p1a: Ogerpon\n|-damage|p1a: Ogerpon|21\/100\n|\n|upkeep\n|turn|2\n|\n|t:|1700593953\n|move|p2a: Tornadus|Tailwind|p2a: Tornadus\n|-sidestart|p2: TheOgreVGC|move: Tailwind\n|move|p1b: Roaring Moon|Acrobatics|p2b: Urshifu\n|-supereffective|p2b: Urshifu\n|-damage|p2b: Urshifu|0 fnt\n|faint|p2b: Urshifu\n|move|p1a: Ogerpon|Ivy Cudgel|p2a: Tornadus|[anim] Ivy Cudgel Fire\n|-damage|p2a: Tornadus|20\/100\n|\n|upkeep\n|\n|t:|1700593963\n|switch|p2b: Regidrago|Regidrago, L50|100\/100\n|turn|3\n|\n|t:|1700593979\n|-terastallize|p1b: Roaring Moon|Flying\n|move|p1a: Ogerpon|Spiky Shield|p1a: Ogerpon\n|-singleturn|p1a: Ogerpon|move: Protect\n|move|p2b: Regidrago|Protect|p2b: Regidrago\n|-singleturn|p2b: Regidrago|Protect\n|move|p1b: Roaring Moon|Knock Off|p2b: Regidrago\n|-activate|p2b: Regidrago|move: Protect\n|move|p2a: Tornadus|Icy Wind|p1b: Roaring Moon|[spread] p1b\n|-activate|p1a: Ogerpon|move: Protect\n|-supereffective|p1b: Roaring Moon\n|-damage|p1b: Roaring Moon|75\/100\n|-unboost|p1b: Roaring Moon|spe|1\n|\n|upkeep\n|turn|4\n|\n|t:|1700593998\n|switch|p1a: Flutter Mane|Flutter Mane, L50, shiny|100\/100\n|move|p1b: Roaring Moon|Protect|p1b: Roaring Moon\n|-singleturn|p1b: Roaring Moon|Protect\n|move|p2a: Tornadus|Icy Wind|p1a: Flutter Mane|[spread] p1a\n|-activate|p1b: Roaring Moon|move: Protect\n|-damage|p1a: Flutter Mane|86\/100\n|-unboost|p1a: Flutter Mane|spe|1\n|move|p2b: Regidrago|Dragon Energy|p1b: Roaring Moon|[spread] \n|-activate|p1b: Roaring Moon|move: Protect\n|-immune|p1a: Flutter Mane\n|\n|-sideend|p1: Mortipherus|move: Tailwind\n|upkeep\n|turn|5\n|\n|t:|1700594022\n|-terastallize|p2b: Regidrago|Steel\n|move|p2a: Tornadus|Protect|p2a: Tornadus\n|-singleturn|p2a: Tornadus|Protect\n|move|p2b: Regidrago|Dragon Energy|p1b: Roaring Moon|[spread] p1b\n|-immune|p1a: Flutter Mane\n|-damage|p1b: Roaring Moon|0 fnt\n|faint|p1b: Roaring Moon\n|-end|p1b: Roaring Moon|Protosynthesis|[silent]\n|move|p1a: Flutter Mane|Moonblast|p2b: Regidrago\n|-resisted|p2b: Regidrago\n|-damage|p2b: Regidrago|67\/100\n|\n|-sideend|p2: TheOgreVGC|move: Tailwind\n|upkeep\n|\n|t:|1700594026\n|switch|p1b: Ogerpon|Ogerpon-Hearthflame, L50, F|21\/100\n|-ability|p1b: Ogerpon|Mold Breaker\n|turn|6\n|\n|t:|1700594047\n|move|p1b: Ogerpon|Spiky Shield|p1b: Ogerpon\n|-singleturn|p1b: Ogerpon|move: Protect\n|move|p2a: Tornadus|Tailwind|p2a: Tornadus\n|-sidestart|p2: TheOgreVGC|move: Tailwind\n|move|p2b: Regidrago|Earth Power|p1a: Flutter Mane\n|-damage|p1a: Flutter Mane|54\/100\n|move|p1a: Flutter Mane|Shadow Ball|p2b: Regidrago\n|-damage|p2b: Regidrago|20\/100\n|\n|upkeep\n|turn|7\n|\n|t:|1700594064\n|switch|p1b: Iron Hands|Iron Hands, L50|100\/100\n|move|p2a: Tornadus|Bleakwind Storm|p1a: Flutter Mane|[spread] p1a,p1b\n|-damage|p1a: Flutter Mane|16\/100\n|-damage|p1b: Iron Hands|83\/100\n|-unboost|p1a: Flutter Mane|spe|1\n|move|p2b: Regidrago|Earth Power|p1a: Flutter Mane\n|-damage|p1a: Flutter Mane|0 fnt\n|faint|p1a: Flutter Mane\n|-end|p1a: Flutter Mane|Protosynthesis|[silent]\n|\n|upkeep\n|\n|t:|1700594076\n|switch|p1a: Ogerpon|Ogerpon-Hearthflame, L50, F|21\/100\n|-ability|p1a: Ogerpon|Mold Breaker\n|turn|8\n|\n|t:|1700594095\n|move|p2a: Tornadus|Protect|p2a: Tornadus\n|-singleturn|p2a: Tornadus|Protect\n|move|p2b: Regidrago|Protect|p2b: Regidrago\n|-singleturn|p2b: Regidrago|Protect\n|move|p1a: Ogerpon|Spiky Shield|p1a: Ogerpon\n|-singleturn|p1a: Ogerpon|move: Protect\n|move|p1b: Iron Hands|Drain Punch|p2b: Regidrago\n|-activate|p2b: Regidrago|move: Protect\n|\n|upkeep\n|turn|9\n|\n|t:|1700594112\n|move|p1a: Ogerpon|Spiky Shield||[still]\n|-fail|p1a: Ogerpon\n|move|p2a: Tornadus|Bleakwind Storm|p1b: Iron Hands|[spread] p1a\n|-miss|p2a: Tornadus|p1b: Iron Hands\n|-supereffective|p1a: Ogerpon\n|-damage|p1a: Ogerpon|0 fnt\n|faint|p1a: Ogerpon\n|move|p2b: Regidrago|Draco Meteor|p1b: Iron Hands|[miss]\n|-miss|p2b: Regidrago|p1b: Iron Hands\n|move|p1b: Iron Hands|Drain Punch|p2b: Regidrago\n|-supereffective|p2b: Regidrago\n|-damage|p2b: Regidrago|0 fnt\n|-heal|p1b: Iron Hands|94\/100|[from] drain|[of] p2b: Regidrago\n|faint|p2b: Regidrago\n|\n|-sideend|p2: TheOgreVGC|move: Tailwind\n|upkeep\n|\n|t:|1700594121\n|switch|p2b: Gholdengo|Gholdengo, L50|100\/100\n|turn|10\n|\n|t:|1700594134\n|move|p2a: Tornadus|Protect|p2a: Tornadus\n|-singleturn|p2a: Tornadus|Protect\n|move|p2b: Gholdengo|Trick|p1b: Iron Hands\n|-activate|p2b: Gholdengo|move: Trick|[of] p1b: Iron Hands\n|-item|p1b: Iron Hands|Choice Specs|[from] move: Trick\n|-item|p2b: Gholdengo|Assault Vest|[from] move: Trick\n|move|p1b: Iron Hands|Wild Charge|p2b: Gholdengo\n|-damage|p2b: Gholdengo|56\/100\n|-damage|p1b: Iron Hands|85\/100|[from] Recoil\n|\n|upkeep\n|turn|11\n|\n|t:|1700594146\n|move|p2a: Tornadus|Bleakwind Storm|p1b: Iron Hands|[miss]\n|-miss|p2a: Tornadus|p1b: Iron Hands\n|move|p2b: Gholdengo|Shadow Ball|p1b: Iron Hands\n|-damage|p1b: Iron Hands|56\/100\n|move|p1b: Iron Hands|Wild Charge|p2a: Tornadus\n|-supereffective|p2a: Tornadus\n|-damage|p2a: Tornadus|0 fnt\n|faint|p2a: Tornadus\n|-damage|p1b: Iron Hands|52\/100|[from] Recoil\n|\n|upkeep\n|turn|12\n|\n|t:|1700594157\n|move|p2b: Gholdengo|Shadow Ball|p1b: Iron Hands\n|-damage|p1b: Iron Hands|21\/100\n|move|p1b: Iron Hands|Wild Charge|p2b: Gholdengo\n|-crit|p2b: Gholdengo\n|-damage|p2b: Gholdengo|0 fnt\n|faint|p2b: Gholdengo\n|-damage|p1b: Iron Hands|10\/100|[from] Recoil\n|\n|win|Mortipherus\n|inactive|Mortipherus has 50 seconds to confirm battle start!\n|inactive|TheOgreVGC has 50 seconds to confirm battle start!\n|c|\u2606TheOgreVGC|:(\n|inactive|Mortipherus has 40 seconds to confirm battle start!\n|inactive|TheOgreVGC has 40 seconds to confirm battle start!\n|c|&|\/uhtml prompt-mortipherus,Mortipherus is ready for game 3!\n|c|&|\/uhtml prompt-theogrevgc,TheOgreVGC is ready for game 3!\nBoth players are ready! Starting next match!\n|l|\u2606TheOgreVGC\n","uploadtime":1700594540,"views":1,"p1id":"mortipherus","p2id":"theogrevgc","formatid":"gen9vgc2023regulatione","rating":0,"private":0,"password":""}