{"id":"gen9vgc2023regulatione-1991102757","p1":"Wormfury","p2":"gan112","format":"[Gen 9] VGC 2023 Regulation E","log":"|j|\u2606Wormfury\n|j|\u2606gan112\n|t:|1700043283\n|gametype|doubles\n|player|p1|Wormfury|benga|1284\n|player|p2|gan112|102|1192\n|teamsize|p1|6\n|teamsize|p2|6\n|gen|9\n|tier|[Gen 9] VGC 2023 Regulation E\n|rated|\n|rule|Species Clause: Limit one of each Pok\u00e9mon\n|rule|Item Clause: Limit one of each item\n|clearpoke\n|poke|p1|Okidogi, L50, M|\n|poke|p1|Grimmsnarl, L50, M|\n|poke|p1|Tatsugiri-Droopy, L50, F|\n|poke|p1|Dondozo, L50, F|\n|poke|p1|Dragonite, L50, M|\n|poke|p1|Chien-Pao, L50|\n|poke|p2|Iron Hands, L50|\n|poke|p2|Moltres-Galar, L50|\n|poke|p2|Flutter Mane, L50|\n|poke|p2|Tauros-Paldea-Blaze, L50, M|\n|poke|p2|Amoonguss, L50, F|\n|poke|p2|Weezing, L50, M|\n|teampreview|4\n|inactive|Battle timer is ON: inactive players will automatically lose when time's up. (requested by Wormfury)\n|inactive|gan112 has 60 seconds left.\n|inactive|Wormfury has 60 seconds left.\n|\n|t:|1700043344\n|start\n|switch|p1a: Tatsugiri|Tatsugiri-Droopy, L50, F, shiny|100\/100\n|switch|p1b: Chien-Pao|Chien-Pao, L50|100\/100\n|switch|p2a: Tauros|Tauros-Paldea-Blaze, L50, M|100\/100\n|switch|p2b: Flutter Mane|Flutter Mane, L50|100\/100\n|-ability|p1b: Chien-Pao|Sword of Ruin\n|-ability|p2a: Tauros|Intimidate|boost\n|-unboost|p1a: Tatsugiri|atk|1\n|-unboost|p1b: Chien-Pao|atk|1\n|turn|1\n|inactive|gan112 has 30 seconds left.\n|inactive|gan112 has 20 seconds left.\n|inactive|gan112 has 15 seconds left.\n|\n|t:|1700043384\n|switch|p2a: Weezing|Weezing, L50, M|100\/100\n|-ability|p2a: Weezing|Neutralizing Gas\n|-block|p1a: Tatsugiri|item: Ability Shield\n|move|p1b: Chien-Pao|Protect|p1b: Chien-Pao\n|-singleturn|p1b: Chien-Pao|Protect\n|move|p2b: Flutter Mane|Protect|p2b: Flutter Mane\n|-singleturn|p2b: Flutter Mane|Protect\n|move|p1a: Tatsugiri|Protect||[still]\n|-fail|p1a: Tatsugiri\n|\n|upkeep\n|turn|2\n|\n|t:|1700043408\n|switch|p1b: Donbozo|Dondozo, L50, F, shiny|100\/100\n|-activate|p1a: Tatsugiri|ability: Commander|[of] p1b: Donbozo\n|-boost|p1b: Donbozo|atk|2\n|-boost|p1b: Donbozo|spa|2\n|-boost|p1b: Donbozo|spe|2\n|-boost|p1b: Donbozo|def|2\n|-boost|p1b: Donbozo|spd|2\n|-terastallize|p2b: Flutter Mane|Fairy\n|move|p2b: Flutter Mane|Dazzling Gleam|p1a: Tatsugiri|[spread] p1b\n|-miss|p2b: Flutter Mane|p1a: Tatsugiri\n|-damage|p1b: Donbozo|82\/100\n|-damage|p2b: Flutter Mane|91\/100|[from] item: Life Orb\n|move|p2a: Weezing|Will-O-Wisp|p1b: Donbozo\n|-status|p1b: Donbozo|brn\n|\n|-damage|p1b: Donbozo|76\/100 brn|[from] brn\n|upkeep\n|turn|3\n|\n|t:|1700043430\n|-end|p2b: Flutter Mane|Protosynthesis|[silent]\n|switch|p2b: Tauros|Tauros-Paldea-Blaze, L50, M|100\/100\n|move|p2a: Weezing|Protect|p2a: Weezing\n|-singleturn|p2a: Weezing|Protect\n|move|p1b: Donbozo|Wave Crash|p2b: Tauros\n|-supereffective|p2b: Tauros\n|-damage|p2b: Tauros|4\/100\n|-damage|p1b: Donbozo|57\/100 brn|[from] Recoil\n|\n|-damage|p1b: Donbozo|51\/100 brn|[from] brn\n|upkeep\n|turn|4\n|inactive|Wormfury has 30 seconds left.\n|\n|t:|1700043462\n|switch|p2b: Iron Hands|Iron Hands, L50, shiny|100\/100\n|move|p1b: Donbozo|Order Up|p2b: Iron Hands\n|-damage|p2b: Iron Hands|89\/100\n|-boost|p1b: Donbozo|def|1\n|move|p2a: Weezing|Sludge Bomb|p1b: Donbozo\n|-damage|p1b: Donbozo|43\/100 brn\n|\n|-damage|p1b: Donbozo|37\/100 brn|[from] brn\n|upkeep\n|turn|5\n|\n|t:|1700043485\n|move|p2a: Weezing|Protect|p2a: Weezing\n|-singleturn|p2a: Weezing|Protect\n|move|p1b: Donbozo|Rest|p1b: Donbozo\n|-status|p1b: Donbozo|slp|[from] move: Rest\n|-heal|p1b: Donbozo|100\/100 slp|[silent]\n|-enditem|p1b: Donbozo|Chesto Berry|[eat]\n|-curestatus|p1b: Donbozo|slp|[msg]\n|move|p2b: Iron Hands|Wild Charge|p1b: Donbozo\n|-supereffective|p1b: Donbozo\n|-damage|p1b: Donbozo|77\/100\n|-damage|p2b: Iron Hands|82\/100|[from] Recoil\n|\n|upkeep\n|turn|6\n|\n|t:|1700043500\n|move|p1b: Donbozo|Order Up|p2b: Iron Hands\n|-damage|p2b: Iron Hands|58\/100\n|-boost|p1b: Donbozo|def|1\n|move|p2b: Iron Hands|Wild Charge|p1b: Donbozo\n|-supereffective|p1b: Donbozo\n|-damage|p1b: Donbozo|56\/100\n|-damage|p2b: Iron Hands|52\/100|[from] Recoil\n|move|p2a: Weezing|Will-O-Wisp|p1b: Donbozo|[miss]\n|-miss|p2a: Weezing|p1b: Donbozo\n|\n|upkeep\n|turn|7\n|\n|t:|1700043511\n|move|p1b: Donbozo|Order Up|p2b: Iron Hands\n|-damage|p2b: Iron Hands|26\/100\n|-boost|p1b: Donbozo|def|1\n|move|p2b: Iron Hands|Drain Punch|p1b: Donbozo\n|-damage|p1b: Donbozo|49\/100\n|-heal|p2b: Iron Hands|30\/100|[from] drain|[of] p1b: Donbozo\n|move|p2a: Weezing|Will-O-Wisp|p1b: Donbozo\n|-status|p1b: Donbozo|brn\n|\n|-damage|p1b: Donbozo|43\/100 brn|[from] brn\n|upkeep\n|turn|8\n|\n|t:|1700043527\n|move|p1b: Donbozo|Wave Crash|p2a: Weezing\n|-damage|p2a: Weezing|67\/100\n|-damage|p1b: Donbozo|36\/100 brn|[from] Recoil\n|move|p2b: Iron Hands|Drain Punch|p1b: Donbozo\n|-damage|p1b: Donbozo|28\/100 brn\n|-heal|p2b: Iron Hands|34\/100|[from] drain|[of] p1b: Donbozo\n|move|p2a: Weezing|Sludge Bomb|p1b: Donbozo\n|-damage|p1b: Donbozo|19\/100 brn\n|\n|-heal|p2a: Weezing|73\/100|[from] item: Leftovers\n|-damage|p1b: Donbozo|13\/100 brn|[from] brn\n|upkeep\n|turn|9\n|\n|t:|1700043550\n|move|p1b: Donbozo|Rest|p1b: Donbozo\n|-status|p1b: Donbozo|slp|[from] move: Rest\n|-heal|p1b: Donbozo|100\/100 slp|[silent]\n|move|p2b: Iron Hands|Drain Punch|p1b: Donbozo\n|-damage|p1b: Donbozo|93\/100 slp\n|-heal|p2b: Iron Hands|39\/100|[from] drain|[of] p1b: Donbozo\n|move|p2a: Weezing|Sludge Bomb|p1b: Donbozo\n|-damage|p1b: Donbozo|85\/100 slp\n|\n|-heal|p2a: Weezing|79\/100|[from] item: Leftovers\n|upkeep\n|turn|10\n|\n|t:|1700043566\n|cant|p1b: Donbozo|slp\n|move|p2b: Iron Hands|Drain Punch|p1b: Donbozo\n|-damage|p1b: Donbozo|78\/100 slp\n|-heal|p2b: Iron Hands|42\/100|[from] drain|[of] p1b: Donbozo\n|move|p2a: Weezing|Sludge Bomb|p1b: Donbozo\n|-damage|p1b: Donbozo|68\/100 slp\n|\n|-heal|p2a: Weezing|85\/100|[from] item: Leftovers\n|upkeep\n|turn|11\n|\n|t:|1700043584\n|cant|p1b: Donbozo|slp\n|move|p2b: Iron Hands|Drain Punch|p1b: Donbozo\n|-damage|p1b: Donbozo|61\/100 slp\n|-heal|p2b: Iron Hands|46\/100|[from] drain|[of] p1b: Donbozo\n|move|p2a: Weezing|Sludge Bomb|p1b: Donbozo\n|-damage|p1b: Donbozo|52\/100 slp\n|\n|-heal|p2a: Weezing|91\/100|[from] item: Leftovers\n|upkeep\n|turn|12\n|\n|t:|1700043597\n|-curestatus|p1b: Donbozo|slp|[msg]\n|move|p1b: Donbozo|Body Press|p2b: Iron Hands\n|-damage|p2b: Iron Hands|0 fnt\n|faint|p2b: Iron Hands\n|-end|p2b: Iron Hands|Quark Drive|[silent]\n|move|p2a: Weezing|Sludge Bomb|p1b: Donbozo\n|-damage|p1b: Donbozo|44\/100\n|\n|-heal|p2a: Weezing|96\/100|[from] item: Leftovers\n|upkeep\n|\n|t:|1700043606\n|switch|p2b: Flutter Mane|Flutter Mane, L50, tera:Fairy|91\/100\n|turn|13\n|\n|t:|1700043614\n|move|p2b: Flutter Mane|Dazzling Gleam|p1a: Tatsugiri|[spread] p1b\n|-miss|p2b: Flutter Mane|p1a: Tatsugiri\n|-damage|p1b: Donbozo|23\/100\n|-damage|p2b: Flutter Mane|81\/100|[from] item: Life Orb\n|move|p1b: Donbozo|Wave Crash|p2b: Flutter Mane\n|-damage|p2b: Flutter Mane|0 fnt\n|faint|p2b: Flutter Mane\n|-end|p2b: Flutter Mane|Protosynthesis|[silent]\n|-damage|p1b: Donbozo|9\/100|[from] Recoil\n|move|p2a: Weezing|Will-O-Wisp|p1b: Donbozo|[miss]\n|-miss|p2a: Weezing|p1b: Donbozo\n|\n|-heal|p2a: Weezing|100\/100|[from] item: Leftovers\n|upkeep\n|-message|gan112 forfeited.\n|\n|win|Wormfury\n|raw|Wormfury's rating: 1284 &rarr; <strong>1303<\/strong><br \/>(+19 for winning)\n|raw|gan112's rating: 1192 &rarr; <strong>1173<\/strong><br \/>(-19 for losing)\n|l|\u2606gan112\n","uploadtime":1700043635,"views":9,"p1id":"wormfury","p2id":"gan112","formatid":"gen9vgc2023regulatione","rating":1173,"private":0,"password":""}