{"id":"gen9vgc2023regulatione-1988005362","p1":"averagerandbats","p2":"ydyang99","format":"[Gen 9] VGC 2023 Regulation E","log":"|j|\u2606averagerandbats\n|j|\u2606ydyang99\n|t:|1699658241\n|gametype|doubles\n|player|p1|averagerandbats|janitor|1207\n|player|p2|ydyang99|cynthia|1306\n|teamsize|p1|6\n|teamsize|p2|6\n|gen|9\n|tier|[Gen 9] VGC 2023 Regulation E\n|rated|\n|rule|Species Clause: Limit one of each Pok\u00e9mon\n|rule|Item Clause: Limit one of each item\n|clearpoke\n|poke|p1|Ogerpon-Wellspring, L50, F|\n|poke|p1|Arcanine-Hisui, L50, F|\n|poke|p1|Zapdos, L50|\n|poke|p1|Gholdengo, L50|\n|poke|p1|Urshifu-*, L50, M|\n|poke|p1|Rillaboom, L50, F|\n|poke|p2|Illumise, L50, F|\n|poke|p2|Amoonguss, L50, F|\n|poke|p2|Gholdengo, L50|\n|poke|p2|Landorus-Therian, L50, M|\n|poke|p2|Ogerpon-Wellspring, L50, F|\n|poke|p2|Volcarona, L50, M|\n|teampreview|4\n|inactive|Battle timer is ON: inactive players will automatically lose when time's up. (requested by ydyang99)\n|\n|t:|1699658271\n|start\n|switch|p1a: Zapdos|Zapdos, L50|100\/100\n|switch|p1b: Arcanine|Arcanine-Hisui, L50, F|100\/100\n|switch|p2a: Illumise|Illumise, L50, F, shiny|100\/100\n|switch|p2b: Landorus|Landorus-Therian, L50, M|100\/100\n|-ability|p2b: Landorus|Intimidate|boost\n|-unboost|p1a: Zapdos|atk|1\n|-unboost|p1b: Arcanine|atk|1\n|-ability|p1b: Arcanine|Intimidate|boost\n|-unboost|p2a: Illumise|atk|1\n|-fail|p2b: Landorus|unboost|[from] item: Clear Amulet|[of] p2b: Landorus\n|turn|1\n|\n|t:|1699658291\n|switch|p1b: Ogerpon|Ogerpon-Wellspring, L50, F|100\/100\n|move|p2a: Illumise|Tailwind|p2a: Illumise\n|-sidestart|p2: ydyang99|move: Tailwind\n|move|p2b: Landorus|Rock Slide|p1b: Ogerpon|[spread] p1a\n|-miss|p2b: Landorus|p1b: Ogerpon\n|-supereffective|p1a: Zapdos\n|-damage|p1a: Zapdos|69\/100\n|cant|p1a: Zapdos|flinch\n|\n|upkeep\n|turn|2\n|\n|t:|1699658313\n|move|p2b: Landorus|Protect|p2b: Landorus\n|-singleturn|p2b: Landorus|Protect\n|move|p2a: Illumise|Struggle Bug|p1b: Ogerpon|[spread] p1a,p1b\n|-resisted|p1a: Zapdos\n|-supereffective|p1b: Ogerpon\n|-damage|p1a: Zapdos|64\/100\n|-damage|p1b: Ogerpon|81\/100\n|-unboost|p1a: Zapdos|spa|1\n|-unboost|p1b: Ogerpon|spa|1\n|move|p1b: Ogerpon|Ivy Cudgel|p2b: Landorus\n|-activate|p2b: Landorus|move: Protect\n|move|p1a: Zapdos|Rain Dance|p1a: Zapdos\n|-weather|RainDance\n|\n|-weather|RainDance|[upkeep]\n|upkeep\n|turn|3\n|\n|t:|1699658332\n|-terastallize|p2b: Landorus|Flying\n|move|p2b: Landorus|Tera Blast|p1b: Ogerpon|[anim] Tera Blast Flying\n|-supereffective|p1b: Ogerpon\n|-damage|p1b: Ogerpon|0 fnt\n|faint|p1b: Ogerpon\n|move|p2a: Illumise|Struggle Bug|p1a: Zapdos\n|-resisted|p1a: Zapdos\n|-damage|p1a: Zapdos|58\/100\n|-unboost|p1a: Zapdos|spa|1\n|move|p1a: Zapdos|Hurricane|p2a: Illumise\n|-supereffective|p2a: Illumise\n|-damage|p2a: Illumise|47\/100\n|-enditem|p2a: Illumise|Sitrus Berry|[eat]\n|-heal|p2a: Illumise|72\/100|[from] item: Sitrus Berry\n|\n|-weather|RainDance|[upkeep]\n|upkeep\n|\n|t:|1699658348\n|switch|p1b: Arcanine|Arcanine-Hisui, L50, F|100\/100\n|-ability|p1b: Arcanine|Intimidate|boost\n|-unboost|p2a: Illumise|atk|1\n|-fail|p2b: Landorus|unboost|[from] item: Clear Amulet|[of] p2b: Landorus\n|turn|4\n|inactive|ydyang99 has 30 seconds left.\n|\n|t:|1699658379\n|switch|p2a: Gholdengo|Gholdengo, L50|100\/100\n|-terastallize|p1b: Arcanine|Fairy\n|move|p2b: Landorus|Protect|p2b: Landorus\n|-singleturn|p2b: Landorus|Protect\n|move|p1b: Arcanine|Rock Slide|p2a: Gholdengo|[spread] p2a\n|-activate|p2b: Landorus|move: Protect\n|-resisted|p2a: Gholdengo\n|-damage|p2a: Gholdengo|81\/100\n|move|p1a: Zapdos|Tailwind|p1a: Zapdos\n|-sidestart|p1: averagerandbats|move: Tailwind\n|\n|-weather|RainDance|[upkeep]\n|-sideend|p2: ydyang99|move: Tailwind\n|upkeep\n|turn|5\n|\n|t:|1699658401\n|switch|p1a: Gholdengo|Gholdengo, L50|100\/100\n|move|p1b: Arcanine|Rock Slide|p2b: Landorus|[spread] p2a\n|-miss|p1b: Arcanine|p2b: Landorus\n|-resisted|p2a: Gholdengo\n|-damage|p2a: Gholdengo|61\/100\n|move|p2b: Landorus|Rock Slide|p1b: Arcanine|[spread] p1b\n|-miss|p2b: Landorus|p1a: Gholdengo\n|-damage|p1b: Arcanine|78\/100\n|move|p2a: Gholdengo|Make It Rain|p1a: Gholdengo|[spread] p1a,p1b\n|-resisted|p1a: Gholdengo\n|-supereffective|p1b: Arcanine\n|-damage|p1a: Gholdengo|68\/100\n|-damage|p1b: Arcanine|0 fnt\n|-unboost|p2a: Gholdengo|spa|1\n|faint|p1b: Arcanine\n|-damage|p2a: Gholdengo|51\/100|[from] item: Life Orb\n|\n|-weather|RainDance|[upkeep]\n|-heal|p1a: Gholdengo|75\/100|[from] item: Leftovers\n|upkeep\n|\n|t:|1699658420\n|switch|p1b: Zapdos|Zapdos, L50|58\/100\n|turn|6\n|\n|t:|1699658434\n|move|p2b: Landorus|Protect|p2b: Landorus\n|-singleturn|p2b: Landorus|Protect\n|move|p1b: Zapdos|Thunderbolt|p2b: Landorus\n|-activate|p2b: Landorus|move: Protect\n|move|p1a: Gholdengo|Shadow Ball|p2a: Gholdengo\n|-supereffective|p2a: Gholdengo\n|-damage|p2a: Gholdengo|0 fnt\n|faint|p2a: Gholdengo\n|\n|-weather|none\n|-heal|p1a: Gholdengo|81\/100|[from] item: Leftovers\n|upkeep\n|\n|t:|1699658444\n|switch|p2a: Illumise|Illumise, L50, F, shiny|72\/100\n|turn|7\n|\n|t:|1699658458\n|move|p1a: Gholdengo|Protect|p1a: Gholdengo\n|-singleturn|p1a: Gholdengo|Protect\n|move|p2a: Illumise|Tailwind|p2a: Illumise\n|-sidestart|p2: ydyang99|move: Tailwind\n|move|p2b: Landorus|Stomping Tantrum|p1a: Gholdengo\n|-activate|p1a: Gholdengo|move: Protect\n|move|p1b: Zapdos|Thunderbolt|p2b: Landorus\n|-supereffective|p2b: Landorus\n|-damage|p2b: Landorus|0 fnt\n|faint|p2b: Landorus\n|\n|-heal|p1a: Gholdengo|87\/100|[from] item: Leftovers\n|-sideend|p1: averagerandbats|move: Tailwind\n|upkeep\n|\n|t:|1699658460\n|switch|p2b: Ogerpon|Ogerpon-Wellspring, L50, F|100\/100\n|turn|8\n|\n|t:|1699658484\n|move|p2a: Illumise|Rain Dance|p2a: Illumise\n|-weather|RainDance\n|move|p2b: Ogerpon|Ivy Cudgel|p1b: Zapdos\n|-damage|p1b: Zapdos|0 fnt\n|faint|p1b: Zapdos\n|move|p1a: Gholdengo|Shadow Ball|p2b: Ogerpon\n|-damage|p2b: Ogerpon|50\/100\n|\n|-weather|RainDance|[upkeep]\n|-heal|p1a: Gholdengo|93\/100|[from] item: Leftovers\n|upkeep\n|turn|9\n|\n|t:|1699658494\n|move|p2b: Ogerpon|Spiky Shield|p2b: Ogerpon\n|-singleturn|p2b: Ogerpon|move: Protect\n|move|p1a: Gholdengo|Protect|p1a: Gholdengo\n|-singleturn|p1a: Gholdengo|Protect\n|move|p2a: Illumise|Struggle Bug|p1a: Gholdengo\n|-activate|p1a: Gholdengo|move: Protect\n|\n|-weather|RainDance|[upkeep]\n|-heal|p1a: Gholdengo|99\/100|[from] item: Leftovers\n|upkeep\n|turn|10\n|\n|t:|1699658503\n|move|p2b: Ogerpon|Ivy Cudgel|p1a: Gholdengo\n|-damage|p1a: Gholdengo|23\/100\n|move|p2a: Illumise|Struggle Bug|p1a: Gholdengo\n|-resisted|p1a: Gholdengo\n|-damage|p1a: Gholdengo|20\/100\n|-unboost|p1a: Gholdengo|spa|1\n|move|p1a: Gholdengo|Shadow Ball|p2b: Ogerpon\n|-damage|p2b: Ogerpon|17\/100\n|\n|-weather|RainDance|[upkeep]\n|-heal|p1a: Gholdengo|26\/100|[from] item: Leftovers\n|-sideend|p2: ydyang99|move: Tailwind\n|upkeep\n|turn|11\n|\n|t:|1699658514\n|move|p1a: Gholdengo|Protect|p1a: Gholdengo\n|-singleturn|p1a: Gholdengo|Protect\n|move|p2b: Ogerpon|Ivy Cudgel|p1a: Gholdengo\n|-activate|p1a: Gholdengo|move: Protect\n|move|p2a: Illumise|Struggle Bug|p1a: Gholdengo\n|-activate|p1a: Gholdengo|move: Protect\n|\n|-weather|RainDance|[upkeep]\n|-heal|p1a: Gholdengo|33\/100|[from] item: Leftovers\n|upkeep\n|turn|12\n|\n|t:|1699658525\n|move|p2b: Ogerpon|Ivy Cudgel|p1a: Gholdengo\n|-damage|p1a: Gholdengo|0 fnt\n|faint|p1a: Gholdengo\n|\n|win|ydyang99\n|raw|averagerandbats's rating: 1207 &rarr; <strong>1189<\/strong><br \/>(-18 for losing)\n|raw|ydyang99's rating: 1306 &rarr; <strong>1320<\/strong><br \/>(+14 for winning)\n|c|\u2606averagerandbats|gg\n","uploadtime":1699658531,"views":17,"p1id":"averagerandbats","p2id":"ydyang99","formatid":"gen9vgc2023regulatione","rating":1189,"private":0,"password":""}