{"id":"gen9vgc2023regulatione-1998834603","p1":"newusernovice","p2":"sejook","format":"[Gen 9] VGC 2023 Regulation E","log":"|j|\u2606newusernovice\n|j|\u2606sejook\n|t:|1701000199\n|gametype|doubles\n|player|p1|newusernovice|brawly|1365\n|player|p2|sejook|101|1423\n|teamsize|p1|6\n|teamsize|p2|6\n|gen|9\n|tier|[Gen 9] VGC 2023 Regulation E\n|rated|\n|rule|Species Clause: Limit one of each Pok\u00e9mon\n|rule|Item Clause: Limit one of each item\n|clearpoke\n|poke|p1|Pelipper, L50, M|\n|poke|p1|Amoonguss, L50, M|\n|poke|p1|Salamence, L50, M|\n|poke|p1|Urshifu-*, L50, M|\n|poke|p1|Iron Hands, L50|\n|poke|p1|Rillaboom, L50, M|\n|poke|p2|Iron Hands, L50|\n|poke|p2|Flutter Mane, L50|\n|poke|p2|Landorus-Therian, L50, M|\n|poke|p2|Ogerpon-Wellspring, L50, F|\n|poke|p2|Chi-Yu, L50|\n|poke|p2|Sinistcha, L50|\n|teampreview|4\n|inactive|Battle timer is ON: inactive players will automatically lose when time's up. (requested by newusernovice)\n|inactive|newusernovice has 60 seconds left.\n|inactive|sejook has 60 seconds left.\n|\n|t:|1701000253\n|start\n|switch|p1a: Pelipper|Pelipper, L50, M|100\/100\n|switch|p1b: Iron Hands|Iron Hands, L50, shiny|100\/100\n|switch|p2a: Landorus|Landorus-Therian, L50, M|100\/100\n|switch|p2b: Iron Hands|Iron Hands, L50|100\/100\n|-ability|p2a: Landorus|Intimidate|boost\n|-unboost|p1a: Pelipper|atk|1\n|-unboost|p1b: Iron Hands|atk|1\n|-weather|RainDance|[from] ability: Drizzle|[of] p1a: Pelipper\n|turn|1\n|inactive|newusernovice has 30 seconds left.\n|inactive|newusernovice has 20 seconds left.\n|inactive|newusernovice has 15 seconds left.\n|\n|t:|1701000295\n|move|p2b: Iron Hands|Fake Out|p1a: Pelipper\n|-damage|p1a: Pelipper|78\/100\n|move|p2a: Landorus|U-turn|p1b: Iron Hands\n|-resisted|p1b: Iron Hands\n|-damage|p1b: Iron Hands|92\/100\n|\n|t:|1701000302\n|switch|p2a: Sinistcha|Sinistcha, L50|100\/100|[from] U-turn\n|cant|p1a: Pelipper|flinch\n|move|p1b: Iron Hands|Drain Punch|p2b: Iron Hands\n|-damage|p2b: Iron Hands|80\/100\n|-heal|p1b: Iron Hands|100\/100|[from] drain|[of] p2b: Iron Hands\n|\n|-weather|RainDance|[upkeep]\n|upkeep\n|turn|2\n|inactive|newusernovice has 30 seconds left.\n|inactive|sejook has 30 seconds left.\n|inactive|newusernovice has 20 seconds left.\n|inactive|sejook has 20 seconds left.\n|\n|t:|1701000339\n|move|p1a: Pelipper|Hurricane|p2a: Sinistcha\n|-supereffective|p2a: Sinistcha\n|-crit|p2a: Sinistcha\n|-damage|p2a: Sinistcha|0 fnt\n|faint|p2a: Sinistcha\n|move|p2b: Iron Hands|Wild Charge|p1a: Pelipper\n|-supereffective|p1a: Pelipper\n|-damage|p1a: Pelipper|0 fnt\n|faint|p1a: Pelipper\n|-damage|p2b: Iron Hands|68\/100|[from] Recoil\n|move|p1b: Iron Hands|Drain Punch|p2b: Iron Hands\n|-damage|p2b: Iron Hands|47\/100\n|\n|-weather|RainDance|[upkeep]\n|upkeep\n|\n|t:|1701000357\n|switch|p1a: Salamence|Salamence, L50, M|100\/100\n|switch|p2a: Landorus|Landorus-Therian, L50, M|100\/100\n|-ability|p1a: Salamence|Intimidate|boost\n|-unboost|p2a: Landorus|atk|1\n|-unboost|p2b: Iron Hands|atk|1\n|-ability|p2a: Landorus|Intimidate|boost\n|-unboost|p1a: Salamence|atk|1\n|-unboost|p1b: Iron Hands|atk|1\n|turn|3\n|inactive|newusernovice has 30 seconds left.\n|inactive|newusernovice has 20 seconds left.\n|inactive|newusernovice has 15 seconds left.\n|inactive|newusernovice has 10 seconds left.\n|\n|t:|1701000402\n|-end|p2b: Iron Hands|Quark Drive|[silent]\n|switch|p2b: Ogerpon|Ogerpon-Wellspring, L50, F|100\/100\n|move|p1a: Salamence|Hydro Pump|p2a: Landorus\n|-supereffective|p2a: Landorus\n|-damage|p2a: Landorus|0 fnt\n|faint|p2a: Landorus\n|move|p1b: Iron Hands|Drain Punch|p2b: Ogerpon\n|-damage|p2b: Ogerpon|78\/100\n|\n|-weather|RainDance|[upkeep]\n|upkeep\n|\n|t:|1701000413\n|switch|p2a: Iron Hands|Iron Hands, L50|47\/100\n|turn|4\n|\n|t:|1701000443\n|switch|p1a: Rillaboom|Rillaboom, L50, M|100\/100\n|-fieldstart|move: Grassy Terrain|[from] ability: Grassy Surge|[of] p1a: Rillaboom\n|-terastallize|p2a: Iron Hands|Water\n|move|p2b: Ogerpon|Ivy Cudgel|p1b: Iron Hands|[anim] Ivy Cudgel Water\n|-damage|p1b: Iron Hands|44\/100\n|move|p2a: Iron Hands|Drain Punch|p1b: Iron Hands\n|-damage|p1b: Iron Hands|18\/100\n|-heal|p2a: Iron Hands|62\/100|[from] drain|[of] p1b: Iron Hands\n|move|p1b: Iron Hands|Drain Punch|p2b: Ogerpon\n|-damage|p2b: Ogerpon|53\/100\n|-heal|p1b: Iron Hands|27\/100|[from] drain|[of] p2b: Ogerpon\n|\n|-weather|RainDance|[upkeep]\n|-heal|p2b: Ogerpon|59\/100|[from] Grassy Terrain\n|-heal|p2a: Iron Hands|68\/100|[from] Grassy Terrain\n|-heal|p1b: Iron Hands|33\/100|[from] Grassy Terrain\n|upkeep\n|turn|5\n|inactive|sejook has 30 seconds left.\n|\n|t:|1701000471\n|move|p2b: Ogerpon|Ivy Cudgel|p1a: Rillaboom|[anim] Ivy Cudgel Water\n|-resisted|p1a: Rillaboom\n|-crit|p1a: Rillaboom\n|-damage|p1a: Rillaboom|32\/100\n|move|p1a: Rillaboom|Wood Hammer|p2a: Iron Hands\n|-supereffective|p2a: Iron Hands\n|-damage|p2a: Iron Hands|0 fnt\n|faint|p2a: Iron Hands\n|-end|p2a: Iron Hands|Quark Drive|[silent]\n|-damage|p1a: Rillaboom|6\/100|[from] Recoil\n|move|p1b: Iron Hands|Drain Punch|p2b: Ogerpon\n|-damage|p2b: Ogerpon|35\/100\n|-heal|p1b: Iron Hands|41\/100|[from] drain|[of] p2b: Ogerpon\n|\n|-weather|none\n|-heal|p2b: Ogerpon|41\/100|[from] Grassy Terrain\n|-heal|p1a: Rillaboom|12\/100|[from] Grassy Terrain\n|-heal|p1b: Iron Hands|48\/100|[from] Grassy Terrain\n|upkeep\n|turn|6\n|-message|sejook forfeited.\n|\n|win|newusernovice\n|raw|newusernovice's rating: 1365 &rarr; <strong>1388<\/strong><br \/>(+23 for winning)\n|raw|sejook's rating: 1423 &rarr; <strong>1400<\/strong><br \/>(-23 for losing)\n|l|\u2606sejook\n","uploadtime":1701000487,"views":9,"p1id":"newusernovice","p2id":"sejook","formatid":"gen9vgc2023regulatione","rating":1388,"private":0,"password":""}