{"id":"gen9vgc2023regulatione-1994802196","p1":"hitsu2861","p2":"EdwinVGC","format":"[Gen 9] VGC 2023 Regulation E","log":"|j|\u2606hitsu2861\n|j|\u2606EdwinVGC\n|t:|1700494171\n|gametype|doubles\n|player|p1|hitsu2861|101|1152\n|player|p2|EdwinVGC|101|1136\n|teamsize|p1|6\n|teamsize|p2|6\n|gen|9\n|tier|[Gen 9] VGC 2023 Regulation E\n|rated|\n|rule|Species Clause: Limit one of each Pok\u00e9mon\n|rule|Item Clause: Limit one of each item\n|clearpoke\n|poke|p1|Kommo-o, L50, M|\n|poke|p1|Arcanine-Hisui, L50, F|\n|poke|p1|Rillaboom, L50, M|\n|poke|p1|Roaring Moon, L50|\n|poke|p1|Cresselia, L50, F|\n|poke|p1|Milotic, L50, F|\n|poke|p2|Pelipper, L50, M|\n|poke|p2|Urshifu-*, L50, M|\n|poke|p2|Amoonguss, L50, F|\n|poke|p2|Iron Hands, L50|\n|poke|p2|Gholdengo, L50|\n|poke|p2|Farigiraf, L50, F|\n|teampreview|4\nEdwinVGC has agreed to open team sheets.\n|inactive|Battle timer is ON: inactive players will automatically lose when time's up. (requested by hitsu2861)\nhitsu2861 has agreed to open team sheets.\n|inactive|EdwinVGC has 30 seconds left.\n|inactive|EdwinVGC has 20 seconds left.\n|inactive|EdwinVGC has 15 seconds left.\n|inactive|hitsu2861 has 30 seconds left.\n|inactive|EdwinVGC has 10 seconds left.\n|\n|t:|1700494270\n|start\n|switch|p1a: Roaring Moon|Roaring Moon, L50|100\/100\n|switch|p1b: Arcanine|Arcanine-Hisui, L50, F|100\/100\n|switch|p2a: Pelipper|Pelipper, L50, M|100\/100\n|switch|p2b: Farigiraf|Farigiraf, L50, F|100\/100\n|-ability|p1b: Arcanine|Intimidate|boost\n|-unboost|p2a: Pelipper|atk|1\n|-unboost|p2b: Farigiraf|atk|1\n|-weather|RainDance|[from] ability: Drizzle|[of] p2a: Pelipper\n|-enditem|p1a: Roaring Moon|Booster Energy\n|-activate|p1a: Roaring Moon|ability: Protosynthesis|[fromitem]\n|-start|p1a: Roaring Moon|protosynthesisspe\n|turn|1\n|inactive|EdwinVGC has 30 seconds left.\n|inactive|hitsu2861 has 30 seconds left.\n|\n|t:|1700494315\n|switch|p1b: Rillaboom|Rillaboom, L50, M|100\/100\n|-fieldstart|move: Grassy Terrain|[from] ability: Grassy Surge|[of] p1b: Rillaboom\n|-terastallize|p1a: Roaring Moon|Poison\n|-terastallize|p2b: Farigiraf|Fairy\n|move|p1a: Roaring Moon|Tailwind|p1a: Roaring Moon\n|-sidestart|p1: hitsu2861|move: Tailwind\n|move|p2a: Pelipper|Tailwind|p2a: Pelipper\n|-sidestart|p2: EdwinVGC|move: Tailwind\n|move|p2b: Farigiraf|Nasty Plot|p2b: Farigiraf\n|-boost|p2b: Farigiraf|spa|2\n|\n|-weather|RainDance|[upkeep]\n|upkeep\n|turn|2\n|inactive|hitsu2861 has 30 seconds left.\n|inactive|EdwinVGC has 30 seconds left.\n|inactive|EdwinVGC has 20 seconds left.\n|inactive|EdwinVGC has 15 seconds left.\n|inactive|EdwinVGC has 10 seconds left.\n|\n|t:|1700494364\n|switch|p2a: Gholdengo|Gholdengo, L50|100\/100\n|move|p1a: Roaring Moon|Knock Off|p2b: Farigiraf\n|-resisted|p2b: Farigiraf\n|-damage|p2b: Farigiraf|79\/100\n|-enditem|p2b: Farigiraf|Sitrus Berry|[from] move: Knock Off|[of] p1a: Roaring Moon\n|move|p1b: Rillaboom|Wood Hammer|p2a: Gholdengo\n|-resisted|p2a: Gholdengo\n|-damage|p2a: Gholdengo|65\/100\n|-damage|p1b: Rillaboom|90\/100|[from] Recoil\n|move|p2b: Farigiraf|Dazzling Gleam|p1a: Roaring Moon|[spread] p1a,p1b\n|-resisted|p1a: Roaring Moon\n|-damage|p1a: Roaring Moon|81\/100\n|-damage|p1b: Rillaboom|59\/100\n|\n|-weather|RainDance|[upkeep]\n|-heal|p1a: Roaring Moon|87\/100|[from] Grassy Terrain\n|-heal|p2a: Gholdengo|71\/100|[from] Grassy Terrain\n|-heal|p1b: Rillaboom|65\/100|[from] Grassy Terrain\n|-heal|p2b: Farigiraf|85\/100|[from] Grassy Terrain\n|upkeep\n|turn|3\n|inactive|EdwinVGC has 30 seconds left.\n|\n|t:|1700494393\n|move|p1a: Roaring Moon|Protect|p1a: Roaring Moon\n|-singleturn|p1a: Roaring Moon|Protect\n|move|p2a: Gholdengo|Protect|p2a: Gholdengo\n|-singleturn|p2a: Gholdengo|Protect\n|move|p1b: Rillaboom|High Horsepower|p2a: Gholdengo\n|-activate|p2a: Gholdengo|move: Protect\n|move|p2b: Farigiraf|Psychic|p1b: Rillaboom\n|-damage|p1b: Rillaboom|15\/100\n|\n|-weather|RainDance|[upkeep]\n|-heal|p1a: Roaring Moon|93\/100|[from] Grassy Terrain\n|-heal|p2a: Gholdengo|77\/100|[from] Grassy Terrain\n|-heal|p1b: Rillaboom|21\/100|[from] Grassy Terrain\n|-heal|p2b: Farigiraf|91\/100|[from] Grassy Terrain\n|upkeep\n|turn|4\n|inactive|hitsu2861 has 30 seconds left.\n|inactive|EdwinVGC has 30 seconds left.\n|inactive|EdwinVGC has 20 seconds left.\n|\n|t:|1700494432\n|switch|p1b: Arcanine|Arcanine-Hisui, L50, F|100\/100\n|-ability|p1b: Arcanine|Intimidate|boost\n|-unboost|p2a: Gholdengo|atk|1\n|-unboost|p2b: Farigiraf|atk|1\n|move|p1a: Roaring Moon|Knock Off|p2a: Gholdengo\n|-supereffective|p2a: Gholdengo\n|-damage|p2a: Gholdengo|0 fnt\n|-enditem|p2a: Gholdengo|Life Orb|[from] move: Knock Off|[of] p1a: Roaring Moon\n|faint|p2a: Gholdengo\n|move|p2b: Farigiraf|Nasty Plot|p2b: Farigiraf\n|-boost|p2b: Farigiraf|spa|2\n|\n|-weather|RainDance|[upkeep]\n|-heal|p1a: Roaring Moon|99\/100|[from] Grassy Terrain\n|-heal|p2b: Farigiraf|97\/100|[from] Grassy Terrain\n|-sideend|p2: EdwinVGC|move: Tailwind\n|-sideend|p1: hitsu2861|move: Tailwind\n|upkeep\n|\n|t:|1700494457\n|switch|p2a: Urshifu|Urshifu-Rapid-Strike, L50, M|100\/100\n|turn|5\n|\n|t:|1700494479\n|switch|p1b: Kommo-o|Kommo-o, L50, M, shiny|100\/100\n|move|p2a: Urshifu|Detect|p2a: Urshifu\n|-singleturn|p2a: Urshifu|Protect\n|move|p1a: Roaring Moon|Tailwind|p1a: Roaring Moon\n|-sidestart|p1: hitsu2861|move: Tailwind\n|move|p2b: Farigiraf|Psychic|p1b: Kommo-o\n|-supereffective|p1b: Kommo-o\n|-damage|p1b: Kommo-o|0 fnt\n|faint|p1b: Kommo-o\n|\n|-weather|none\n|-heal|p1a: Roaring Moon|100\/100|[from] Grassy Terrain\n|-heal|p2b: Farigiraf|100\/100|[from] Grassy Terrain\n|-fieldend|move: Grassy Terrain\n|upkeep\n|\n|t:|1700494489\n|switch|p1b: Arcanine|Arcanine-Hisui, L50, F|100\/100\n|-ability|p1b: Arcanine|Intimidate|boost\n|-unboost|p2a: Urshifu|atk|1\n|-unboost|p2b: Farigiraf|atk|1\n|turn|6\n|inactive|hitsu2861 has 30 seconds left.\n|\n|t:|1700494522\n|switch|p2a: Pelipper|Pelipper, L50, M|100\/100\n|-weather|RainDance|[from] ability: Drizzle|[of] p2a: Pelipper\n|move|p1a: Roaring Moon|Breaking Swipe|p2a: Pelipper|[spread] p2a\n|-immune|p2b: Farigiraf\n|-damage|p2a: Pelipper|70\/100\n|-unboost|p2a: Pelipper|atk|1\n|move|p1b: Arcanine|Flare Blitz|p2b: Farigiraf\n|-damage|p2b: Farigiraf|82\/100\n|-damage|p1b: Arcanine|94\/100|[from] Recoil\n|move|p2b: Farigiraf|Trick Room|p2b: Farigiraf\n|-fieldstart|move: Trick Room|[of] p2b: Farigiraf\n|\n|-weather|RainDance|[upkeep]\n|upkeep\n|turn|7\n|\n|t:|1700494545\n|move|p2b: Farigiraf|Psychic|p1a: Roaring Moon\n|-supereffective|p1a: Roaring Moon\n|-damage|p1a: Roaring Moon|0 fnt\n|faint|p1a: Roaring Moon\n|-end|p1a: Roaring Moon|Protosynthesis|[silent]\n|move|p2a: Pelipper|Weather Ball|p1b: Arcanine\n|-supereffective|p1b: Arcanine\n|-damage|p1b: Arcanine|0 fnt\n|faint|p1b: Arcanine\n|\n|-weather|RainDance|[upkeep]\n|upkeep\n|-message|hitsu2861 forfeited.\n|\n|win|EdwinVGC\n|raw|hitsu2861's rating: 1152 &rarr; <strong>1126<\/strong><br \/>(-26 for losing)\n|raw|EdwinVGC's rating: 1136 &rarr; <strong>1162<\/strong><br \/>(+26 for winning)\n|l|\u2606hitsu2861\n","uploadtime":1700494557,"views":10,"p1id":"hitsu2861","p2id":"edwinvgc","formatid":"gen9vgc2023regulatione","rating":1126,"private":0,"password":""}