{"id":"gen9vgc2023regulatione-1999557079","p1":"turok050","p2":"MetaSeeker","format":"[Gen 9] VGC 2023 Regulation E","log":"|j|\u2606turok050\n|j|\u2606MetaSeeker\n|t:|1701095880\n|gametype|doubles\n|player|p1|turok050|102|1098\n|player|p2|MetaSeeker|nemona-s|1048\n|teamsize|p1|6\n|teamsize|p2|6\n|gen|9\n|tier|[Gen 9] VGC 2023 Regulation E\n|rated|\n|rule|Species Clause: Limit one of each Pok\u00e9mon\n|rule|Item Clause: Limit one of each item\n|clearpoke\n|poke|p1|Cresselia, L50, F|\n|poke|p1|Yanmega, L50, M|\n|poke|p1|Kommo-o, L50, M|\n|poke|p1|Flamigo, L50, M|\n|poke|p1|Landorus-Therian, L50, M|\n|poke|p1|Weavile, L50, M|\n|poke|p2|Landorus-Therian, L50, M|\n|poke|p2|Tornadus, L50, M|\n|poke|p2|Arcanine-Hisui, L50, M|\n|poke|p2|Urshifu-*, L50, M|\n|poke|p2|Chien-Pao, L50|\n|poke|p2|Rillaboom, L50, M|\n|teampreview|4\nMetaSeeker has agreed to open team sheets.\n|inactive|Battle timer is ON: inactive players will automatically lose when time's up. (requested by turok050)\n|\n|t:|1701095920\n|start\n|switch|p1a: Kommo-o|Kommo-o, L50, M|100\/100\n|switch|p1b: Weavile|Weavile, L50, M|100\/100\n|switch|p2a: Tornadus|Tornadus, L50, M|100\/100\n|switch|p2b: Rillaboom|Rillaboom, L50, M|100\/100\n|-fieldstart|move: Grassy Terrain|[from] ability: Grassy Surge|[of] p2b: Rillaboom\n|turn|1\n|\n|t:|1701095929\n|-terastallize|p1a: Kommo-o|Steel\n|move|p1b: Weavile|Fake Out|p2b: Rillaboom\n|-enditem|p1b: Weavile|Normal Gem|[from] gem\n|-damage|p2b: Rillaboom|86\/100\n|cant|p2b: Rillaboom|flinch\n|move|p2a: Tornadus|Tailwind|p2a: Tornadus\n|-sidestart|p2: MetaSeeker|move: Tailwind\n|move|p1a: Kommo-o|Clangorous Soul|p1a: Kommo-o\n|-boost|p1a: Kommo-o|atk|1\n|-boost|p1a: Kommo-o|def|1\n|-boost|p1a: Kommo-o|spa|1\n|-boost|p1a: Kommo-o|spd|1\n|-boost|p1a: Kommo-o|spe|1\n|-damage|p1a: Kommo-o|68\/100\n|\n|-heal|p2b: Rillaboom|92\/100|[from] Grassy Terrain\n|-heal|p1a: Kommo-o|74\/100|[from] Grassy Terrain\n|-heal|p1a: Kommo-o|80\/100|[from] item: Leftovers\n|upkeep\n|turn|2\n|\n|t:|1701095947\n|move|p1a: Kommo-o|Protect|p1a: Kommo-o\n|-singleturn|p1a: Kommo-o|Protect\n|move|p2a: Tornadus|Bleakwind Storm|p1a: Kommo-o|[spread] p1b\n|-activate|p1a: Kommo-o|move: Protect\n|-damage|p1b: Weavile|56\/100\n|move|p2b: Rillaboom|Wood Hammer|p1b: Weavile\n|-damage|p1b: Weavile|0 fnt\n|faint|p1b: Weavile\n|-damage|p2b: Rillaboom|79\/100|[from] Recoil\n|\n|-heal|p2b: Rillaboom|85\/100|[from] Grassy Terrain\n|-heal|p1a: Kommo-o|86\/100|[from] Grassy Terrain\n|-heal|p1a: Kommo-o|92\/100|[from] item: Leftovers\n|upkeep\n|\n|t:|1701095957\n|switch|p1b: Landorus|Landorus-Therian, L50, M|100\/100\n|-ability|p1b: Landorus|Intimidate|boost\n|-unboost|p2a: Tornadus|atk|1\n|-unboost|p2b: Rillaboom|atk|1\n|turn|3\n|\n|t:|1701095967\n|move|p2a: Tornadus|Icy Wind|p1a: Kommo-o|[spread] p1a,p1b\n|-resisted|p1a: Kommo-o\n|-supereffective|p1b: Landorus\n|-damage|p1a: Kommo-o|88\/100\n|-damage|p1b: Landorus|35\/100\n|-unboost|p1a: Kommo-o|spe|1\n|-unboost|p1b: Landorus|spe|1\n|move|p2b: Rillaboom|U-turn|p1a: Kommo-o\n|-resisted|p1a: Kommo-o\n|-damage|p1a: Kommo-o|82\/100\n|\n|t:|1701095973\n|switch|p2b: Arcanine|Arcanine-Hisui, L50, M, shiny|100\/100|[from] U-turn\n|-ability|p2b: Arcanine|Intimidate|boost\n|-unboost|p1a: Kommo-o|atk|1\n|-unboost|p1b: Landorus|atk|1\n|move|p1b: Landorus|Rock Slide|p2b: Arcanine|[spread] p2a,p2b\n|-supereffective|p2a: Tornadus\n|-supereffective|p2b: Arcanine\n|-damage|p2a: Tornadus|67\/100\n|-damage|p2b: Arcanine|64\/100\n|move|p1a: Kommo-o|Flash Cannon|p2a: Tornadus\n|-damage|p2a: Tornadus|0 fnt\n|faint|p2a: Tornadus\n|\n|-heal|p2b: Arcanine|70\/100|[from] Grassy Terrain\n|-heal|p1a: Kommo-o|88\/100|[from] Grassy Terrain\n|-heal|p1a: Kommo-o|94\/100|[from] item: Leftovers\n|upkeep\n|\n|t:|1701095984\n|switch|p2a: Chien-Pao|Chien-Pao, L50|100\/100\n|-ability|p2a: Chien-Pao|Sword of Ruin\n|turn|4\n|\n|t:|1701095996\n|switch|p1b: Yanmega|Yanmega, L50, M, shiny|100\/100\n|move|p1a: Kommo-o|Protect|p1a: Kommo-o\n|-singleturn|p1a: Kommo-o|Protect\n|move|p2a: Chien-Pao|Icicle Crash|p1b: Yanmega\n|-supereffective|p1b: Yanmega\n|-enditem|p1b: Yanmega|Focus Sash\n|-damage|p1b: Yanmega|1\/100\n|move|p2b: Arcanine|Flare Blitz|p1a: Kommo-o\n|-activate|p1a: Kommo-o|move: Protect\n|\n|-heal|p2b: Arcanine|76\/100|[from] Grassy Terrain\n|-heal|p1a: Kommo-o|100\/100|[from] Grassy Terrain\n|-sideend|p2: MetaSeeker|move: Tailwind\n|upkeep\n|turn|5\n|\n|t:|1701096018\n|move|p1b: Yanmega|Detect|p1b: Yanmega\n|-singleturn|p1b: Yanmega|Protect\n|move|p2a: Chien-Pao|Sucker Punch||[still]\n|-fail|p2a: Chien-Pao\n|move|p2b: Arcanine|Flare Blitz|p1a: Kommo-o\n|-supereffective|p1a: Kommo-o\n|-damage|p1a: Kommo-o|7\/100\n|-damage|p2b: Arcanine|49\/100|[from] Recoil\n|-enditem|p2b: Arcanine|Sitrus Berry|[eat]\n|-heal|p2b: Arcanine|73\/100|[from] item: Sitrus Berry\n|move|p1a: Kommo-o|Flash Cannon|p2a: Chien-Pao\n|-supereffective|p2a: Chien-Pao\n|-enditem|p2a: Chien-Pao|Focus Sash\n|-damage|p2a: Chien-Pao|1\/100\n|\n|-heal|p2a: Chien-Pao|7\/100|[from] Grassy Terrain\n|-heal|p2b: Arcanine|79\/100|[from] Grassy Terrain\n|-heal|p1a: Kommo-o|13\/100|[from] Grassy Terrain\n|-heal|p1a: Kommo-o|19\/100|[from] item: Leftovers\n|-fieldend|move: Grassy Terrain\n|-ability|p1b: Yanmega|Speed Boost|boost\n|-boost|p1b: Yanmega|spe|1\n|upkeep\n|turn|6\n|inactive|turok050 has 30 seconds left.\n|\n|t:|1701096046\n|move|p1a: Kommo-o|Protect|p1a: Kommo-o\n|-singleturn|p1a: Kommo-o|Protect\n|move|p2a: Chien-Pao|Sucker Punch||[still]\n|-fail|p2a: Chien-Pao\n|move|p1b: Yanmega|Swords Dance|p1b: Yanmega\n|-boost|p1b: Yanmega|atk|2\n|move|p2b: Arcanine|Flare Blitz|p1a: Kommo-o\n|-activate|p1a: Kommo-o|move: Protect\n|\n|-heal|p1a: Kommo-o|25\/100|[from] item: Leftovers\n|-ability|p1b: Yanmega|Speed Boost|boost\n|-boost|p1b: Yanmega|spe|1\n|upkeep\n|turn|7\n|\n|t:|1701096068\n|-terastallize|p2a: Chien-Pao|Dark\n|move|p2b: Arcanine|Extreme Speed|p1b: Yanmega\n|-damage|p1b: Yanmega|0 fnt\n|faint|p1b: Yanmega\n|move|p2a: Chien-Pao|Sucker Punch|p1a: Kommo-o\n|-damage|p1a: Kommo-o|0 fnt\n|faint|p1a: Kommo-o\n|\n|upkeep\n|\n|t:|1701096077\n|switch|p1b: Landorus|Landorus-Therian, L50, M|35\/100\n|-ability|p1b: Landorus|Intimidate|boost\n|-unboost|p2a: Chien-Pao|atk|1\n|-unboost|p2b: Arcanine|atk|1\n|turn|8\n|\n|t:|1701096087\n|switch|p2a: Rillaboom|Rillaboom, L50, M|85\/100\n|-fieldstart|move: Grassy Terrain|[from] ability: Grassy Surge|[of] p2a: Rillaboom\n|move|p2b: Arcanine|Extreme Speed|p1b: Landorus\n|-damage|p1b: Landorus|13\/100\n|move|p1b: Landorus|Rock Slide|p2b: Arcanine|[spread] p2a,p2b\n|-supereffective|p2b: Arcanine\n|-damage|p2a: Rillaboom|63\/100\n|-damage|p2b: Arcanine|17\/100\n|\n|-heal|p2b: Arcanine|23\/100|[from] Grassy Terrain\n|-heal|p2a: Rillaboom|69\/100|[from] Grassy Terrain\n|upkeep\n|turn|9\n|\n|t:|1701096105\n|move|p2a: Rillaboom|Fake Out|p1b: Landorus\n|-damage|p1b: Landorus|0 fnt\n|faint|p1b: Landorus\n|\n|win|MetaSeeker\n|raw|turok050's rating: 1098 &rarr; <strong>1070<\/strong><br \/>(-28 for losing)\n|raw|MetaSeeker's rating: 1048 &rarr; <strong>1085<\/strong><br \/>(+37 for winning)\n|c|\u2606MetaSeeker|gg\n","uploadtime":1701096122,"views":2,"p1id":"turok050","p2id":"metaseeker","formatid":"gen9vgc2023regulatione","rating":1070,"private":0,"password":""}