{"id":"gen9vgc2023regulatione-1998373980","p1":"firewood87","p2":"superseriousboii","format":"[Gen 9] VGC 2023 Regulation E","log":"|j|\u2606firewood87\n|j|\u2606superseriousboii\n|t:|1700935167\n|gametype|doubles\n|player|p1|firewood87|elesa|1067\n|player|p2|superseriousboii|drayden|1102\n|teamsize|p1|6\n|teamsize|p2|6\n|gen|9\n|tier|[Gen 9] VGC 2023 Regulation E\n|rated|\n|rule|Species Clause: Limit one of each Pok\u00e9mon\n|rule|Item Clause: Limit one of each item\n|clearpoke\n|poke|p1|Mamoswine, L50, F|\n|poke|p1|Sinistcha-Masterpiece, L50|\n|poke|p1|Gyarados, L50, M|\n|poke|p1|Barraskewda, L50, F|\n|poke|p1|Politoed, L50, M|\n|poke|p1|Ludicolo, L50, M|\n|poke|p2|Sinistcha-Masterpiece, L50|\n|poke|p2|Ursaluna-Bloodmoon, L50, M|\n|poke|p2|Iron Hands, L50|\n|poke|p2|Scizor, L50, F|\n|poke|p2|Kingambit, L50, F|\n|poke|p2|Armarouge, L50, M|\n|teampreview|4\n|inactive|Battle timer is ON: inactive players will automatically lose when time's up. (requested by firewood87)\n|\n|t:|1700935205\n|start\n|switch|p1a: Barraskewda|Barraskewda, L50, F|100\/100\n|switch|p1b: Gyarados|Gyarados, L50, M, shiny|100\/100\n|switch|p2a: Iron Hands|Iron Hands, L50|100\/100\n|switch|p2b: Sinistcha|Sinistcha-Masterpiece, L50|100\/100\n|-ability|p1b: Gyarados|Intimidate|boost\n|-unboost|p2a: Iron Hands|atk|1\n|-unboost|p2b: Sinistcha|atk|1\n|turn|1\n|inactive|firewood87 has 30 seconds left.\n|inactive|superseriousboii has 30 seconds left.\n|\n|t:|1700935240\n|-terastallize|p1b: Gyarados|Electric\n|move|p2a: Iron Hands|Fake Out|p1b: Gyarados\n|-damage|p1b: Gyarados|91\/100\n|move|p1a: Barraskewda|Flip Turn|p2a: Iron Hands\n|-damage|p2a: Iron Hands|85\/100\n|\n|t:|1700935257\n|switch|p1a: Politoed|Politoed, L50, M|100\/100|[from] Flip Turn\n|-weather|RainDance|[from] ability: Drizzle|[of] p1a: Politoed\n|cant|p1b: Gyarados|flinch\n|move|p2b: Sinistcha|Trick Room|p2b: Sinistcha\n|-fieldstart|move: Trick Room|[of] p2b: Sinistcha\n|\n|-weather|RainDance|[upkeep]\n|upkeep\n|turn|2\n|inactive|superseriousboii has 30 seconds left.\n|\n|t:|1700935287\n|switch|p1a: Sinistcha|Sinistcha-Masterpiece, L50|100\/100\n|-heal|p1b: Gyarados|100\/100|[from] ability: Hospitality|[of] p1a: Sinistcha\n|move|p2a: Iron Hands|Wild Charge|p1a: Sinistcha\n|-resisted|p1a: Sinistcha\n|-damage|p1a: Sinistcha|90\/100\n|-damage|p2a: Iron Hands|83\/100|[from] Recoil\n|move|p2b: Sinistcha|Calm Mind|p2b: Sinistcha\n|-boost|p2b: Sinistcha|spa|1\n|-boost|p2b: Sinistcha|spd|1\n|move|p1b: Gyarados|Hurricane|p2b: Sinistcha\n|-supereffective|p2b: Sinistcha\n|-damage|p2b: Sinistcha|13\/100\n|\n|-weather|RainDance|[upkeep]\n|upkeep\n|turn|3\n|inactive|superseriousboii has 30 seconds left.\n|\n|t:|1700935320\n|-end|p2a: Iron Hands|Quark Drive|[silent]\n|switch|p2a: Ursaluna|Ursaluna-Bloodmoon, L50, M|100\/100\n|move|p2b: Sinistcha|Matcha Gotcha|p1b: Gyarados|[spread] p1a,p1b\n|-resisted|p1a: Sinistcha\n|-damage|p1a: Sinistcha|70\/100\n|-heal|p2b: Sinistcha|23\/100|[from] drain|[of] p1a: Sinistcha\n|-damage|p1b: Gyarados|67\/100\n|-heal|p2b: Sinistcha|42\/100|[from] drain|[of] p1b: Gyarados\n|move|p1a: Sinistcha|Matcha Gotcha|p2b: Sinistcha|[spread] p2a,p2b\n|-supereffective|p2a: Ursaluna\n|-resisted|p2b: Sinistcha\n|-damage|p2a: Ursaluna|56\/100\n|-heal|p1a: Sinistcha|97\/100|[from] drain|[of] p2a: Ursaluna\n|-damage|p2b: Sinistcha|33\/100\n|-heal|p1a: Sinistcha|100\/100|[from] drain|[of] p2b: Sinistcha\n|move|p1b: Gyarados|Hurricane|p2b: Sinistcha\n|-supereffective|p2b: Sinistcha\n|-damage|p2b: Sinistcha|0 fnt\n|faint|p2b: Sinistcha\n|\n|-weather|RainDance|[upkeep]\n|-heal|p2a: Ursaluna|62\/100|[from] item: Leftovers\n|upkeep\n|\n|t:|1700935345\n|switch|p2b: Kingambit|Kingambit, L50, F|100\/100\n|turn|4\n|\n|t:|1700935365\n|switch|p1b: Politoed|Politoed, L50, M|100\/100\n|-terastallize|p2a: Ursaluna|Normal\n|move|p2b: Kingambit|Kowtow Cleave|p1a: Sinistcha\n|-supereffective|p1a: Sinistcha\n|-damage|p1a: Sinistcha|12\/100\n|-enditem|p1a: Sinistcha|Sitrus Berry|[eat]\n|-heal|p1a: Sinistcha|36\/100|[from] item: Sitrus Berry\n|move|p2a: Ursaluna|Hyper Voice|p1b: Politoed|[spread] p1a,p1b\n|-damage|p1a: Sinistcha|0 fnt\n|-damage|p1b: Politoed|63\/100\n|faint|p1a: Sinistcha\n|\n|-weather|RainDance|[upkeep]\n|-heal|p2a: Ursaluna|68\/100|[from] item: Leftovers\n|-heal|p1b: Politoed|69\/100|[from] item: Leftovers\n|upkeep\n|\n|t:|1700935387\n|switch|p1a: Barraskewda|Barraskewda, L50, F|100\/100\n|turn|5\n|\n|t:|1700935410\n|switch|p1a: Gyarados|Gyarados, L50, M, shiny, tera:Electric|67\/100\n|-ability|p1a: Gyarados|Intimidate|boost\n|-unboost|p2a: Ursaluna|atk|1\n|-unboost|p2b: Kingambit|atk|1\n|-ability|p2b: Kingambit|Defiant|boost\n|-boost|p2b: Kingambit|atk|2\n|move|p2b: Kingambit|Kowtow Cleave|p1a: Gyarados\n|-damage|p1a: Gyarados|0 fnt\n|faint|p1a: Gyarados\n|move|p2a: Ursaluna|Hyper Voice|p1b: Politoed\n|-damage|p1b: Politoed|14\/100\n|move|p1b: Politoed|Hypnosis|p2b: Kingambit\n|-status|p2b: Kingambit|slp|[from] move: Hypnosis\n|\n|-weather|none\n|-heal|p2a: Ursaluna|74\/100|[from] item: Leftovers\n|-heal|p1b: Politoed|20\/100|[from] item: Leftovers\n|-fieldend|move: Trick Room\n|upkeep\n|\n|t:|1700935429\n|switch|p1a: Barraskewda|Barraskewda, L50, F|100\/100\n|turn|6\n|\n|t:|1700935446\n|move|p1b: Politoed|Helping Hand|p1a: Barraskewda\n|-singleturn|p1a: Barraskewda|Helping Hand|[of] p1b: Politoed\n|move|p2a: Ursaluna|Protect|p2a: Ursaluna\n|-singleturn|p2a: Ursaluna|Protect\n|cant|p2b: Kingambit|slp\n|move|p1a: Barraskewda|Close Combat|p2a: Ursaluna\n|-activate|p2a: Ursaluna|move: Protect\n|\n|-heal|p1b: Politoed|26\/100|[from] item: Leftovers\n|-heal|p2a: Ursaluna|80\/100|[from] item: Leftovers\n|upkeep\n|turn|7\n|inactive|superseriousboii has 30 seconds left.\n|\n|t:|1700935479\n|switch|p2a: Iron Hands|Iron Hands, L50|83\/100\n|move|p1b: Politoed|Helping Hand|p1a: Barraskewda\n|-singleturn|p1a: Barraskewda|Helping Hand|[of] p1b: Politoed\n|cant|p2b: Kingambit|slp\n|move|p1a: Barraskewda|Close Combat|p2a: Iron Hands\n|-damage|p2a: Iron Hands|48\/100\n|-unboost|p1a: Barraskewda|def|1\n|-unboost|p1a: Barraskewda|spd|1\n|\n|-heal|p1b: Politoed|32\/100|[from] item: Leftovers\n|upkeep\n|turn|8\n|-message|firewood87 forfeited.\n|\n|win|superseriousboii\n|raw|firewood87's rating: 1067 &rarr; <strong>1049<\/strong><br \/>(-18 for losing)\n|raw|superseriousboii's rating: 1102 &rarr; <strong>1124<\/strong><br \/>(+22 for winning)\n|l|\u2606firewood87\n","uploadtime":1700935497,"views":0,"p1id":"firewood87","p2id":"superseriousboii","formatid":"gen9vgc2023regulatione","rating":1049,"private":0,"password":""}