{"id":"gen9vgc2023regulatione-1996604648","p1":"fwob gamer","p2":"oblasty","format":"[Gen 9] VGC 2023 Regulation E","log":"|j|\u2606fwob gamer\n|j|\u2606oblasty\n|t:|1700699620\n|gametype|doubles\n|player|p1|fwob gamer|gambler|1063\n|player|p2|oblasty|lance|1000\n|teamsize|p1|6\n|teamsize|p2|6\n|gen|9\n|tier|[Gen 9] VGC 2023 Regulation E\n|rated|\n|rule|Species Clause: Limit one of each Pok\u00e9mon\n|rule|Item Clause: Limit one of each item\n|clearpoke\n|poke|p1|Kommo-o, L50, M|\n|poke|p1|Ogerpon-Hearthflame, L50, F|\n|poke|p1|Flutter Mane, L50|\n|poke|p1|Armarouge, L50, M|\n|poke|p1|Sinistcha, L50|\n|poke|p1|Indeedee-F, L50, F|\n|poke|p2|Ting-Lu, L50|\n|poke|p2|Enamorus, L50, F|\n|poke|p2|Thundurus, L50, M|\n|poke|p2|Tyranitar, L50, F|\n|poke|p2|Houndstone, L50, M|\n|poke|p2|Squawkabilly-Blue, L50, F|\n|teampreview|4\n|inactive|Battle timer is ON: inactive players will automatically lose when time's up. (requested by fwob gamer)\nfwob gamer has agreed to open team sheets.\noblasty rejected open team sheets.\n|inactive|fwob gamer has 60 seconds left.\n|\n|t:|1700699655\n|start\n|switch|p1a: Ogerpon|Ogerpon-Hearthflame, L50, F|100\/100\n|switch|p1b: Flutter Mane|Flutter Mane, L50|100\/100\n|switch|p2a: T-Wrecks|Tyranitar, L50, F|100\/100\n|switch|p2b: Shake That Ting|Ting-Lu, L50|100\/100\n|-ability|p1a: Ogerpon|Mold Breaker\n|-weather|Sandstorm|[from] ability: Sand Stream|[of] p2a: T-Wrecks\n|-ability|p2b: Shake That Ting|Vessel of Ruin\n|-enditem|p1b: Flutter Mane|Booster Energy\n|-activate|p1b: Flutter Mane|ability: Protosynthesis|[fromitem]\n|-start|p1b: Flutter Mane|protosynthesisspe\n|turn|1\n|inactive|oblasty has 30 seconds left.\n|\n|t:|1700699686\n|move|p1b: Flutter Mane|Protect|p1b: Flutter Mane\n|-singleturn|p1b: Flutter Mane|Protect\n|move|p1a: Ogerpon|Spiky Shield|p1a: Ogerpon\n|-singleturn|p1a: Ogerpon|move: Protect\n|move|p2a: T-Wrecks|Protect|p2a: T-Wrecks\n|-singleturn|p2a: T-Wrecks|Protect\n|move|p2b: Shake That Ting|Fissure|p1a: Ogerpon\n|-activate|p1a: Ogerpon|move: Protect\n|\n|-weather|Sandstorm|[upkeep]\n|-damage|p1b: Flutter Mane|94\/100|[from] Sandstorm\n|-damage|p1a: Ogerpon|94\/100|[from] Sandstorm\n|upkeep\n|turn|2\n|\n|t:|1700699704\n|-terastallize|p2a: T-Wrecks|Flying\n|move|p1b: Flutter Mane|Moonblast|p2a: T-Wrecks\n|-damage|p2a: T-Wrecks|62\/100\n|move|p1a: Ogerpon|Horn Leech|p2a: T-Wrecks\n|-resisted|p2a: T-Wrecks\n|-damage|p2a: T-Wrecks|41\/100\n|-heal|p1a: Ogerpon|100\/100|[from] drain|[of] p2a: T-Wrecks\n|move|p2a: T-Wrecks|Tera Blast|p1a: Ogerpon|[anim] Tera Blast Flying\n|-supereffective|p1a: Ogerpon\n|-damage|p1a: Ogerpon|0 fnt\n|faint|p1a: Ogerpon\n|move|p2b: Shake That Ting|Stomping Tantrum|p1b: Flutter Mane\n|-damage|p1b: Flutter Mane|47\/100\n|\n|-weather|Sandstorm|[upkeep]\n|-damage|p1b: Flutter Mane|41\/100|[from] Sandstorm\n|-damage|p2a: T-Wrecks|35\/100|[from] Sandstorm\n|upkeep\n|\n|t:|1700699724\n|switch|p1a: Kommo-o|Kommo-o, L50, M|100\/100\n|turn|3\n|\n|t:|1700699745\n|move|p1b: Flutter Mane|Moonblast|p2a: T-Wrecks\n|-damage|p2a: T-Wrecks|0 fnt\n|faint|p2a: T-Wrecks\n|move|p1a: Kommo-o|Clangorous Soul|p1a: Kommo-o\n|-boost|p1a: Kommo-o|atk|1\n|-boost|p1a: Kommo-o|def|1\n|-boost|p1a: Kommo-o|spa|1\n|-boost|p1a: Kommo-o|spd|1\n|-boost|p1a: Kommo-o|spe|1\n|-damage|p1a: Kommo-o|68\/100\n|-enditem|p1a: Kommo-o|Throat Spray\n|-boost|p1a: Kommo-o|spa|1|[from] item: Throat Spray\n|move|p2b: Shake That Ting|Fissure|p1a: Kommo-o\n|-damage|p1a: Kommo-o|0 fnt\n|faint|p1a: Kommo-o\n|-ohko\n|\n|-weather|Sandstorm|[upkeep]\n|-damage|p1b: Flutter Mane|35\/100|[from] Sandstorm\n|upkeep\n|\n|t:|1700699756\n|switch|p1a: Sinistcha|Sinistcha, L50|100\/100\n|switch|p2a: Squawkafella|Squawkabilly-Blue, L50, F|100\/100\n|-ability|p2a: Squawkafella|Intimidate|boost\n|-unboost|p1a: Sinistcha|atk|1\n|-unboost|p1b: Flutter Mane|atk|1\n|-heal|p1b: Flutter Mane|60\/100|[from] ability: Hospitality|[of] p1a: Sinistcha\n|turn|4\n|\n|t:|1700699781\n|-terastallize|p1b: Flutter Mane|Fairy\n|move|p1b: Flutter Mane|Moonblast|p2a: Squawkafella\n|-damage|p2a: Squawkafella|24\/100\n|move|p2a: Squawkafella|Brave Bird|p1a: Sinistcha\n|-supereffective|p1a: Sinistcha\n|-damage|p1a: Sinistcha|30\/100\n|-damage|p2a: Squawkafella|2\/100|[from] Recoil\n|move|p1a: Sinistcha|Matcha Gotcha|p2a: Squawkafella|[spread] p2a,p2b\n|-resisted|p2a: Squawkafella\n|-supereffective|p2b: Shake That Ting\n|-damage|p2a: Squawkafella|0 fnt\n|-heal|p1a: Sinistcha|31\/100|[from] drain|[of] p2a: Squawkafella\n|-damage|p2b: Shake That Ting|76\/100\n|-heal|p1a: Sinistcha|48\/100|[from] drain|[of] p2b: Shake That Ting\n|-status|p2b: Shake That Ting|brn\n|faint|p2a: Squawkafella\n|move|p2b: Shake That Ting|Stomping Tantrum|p1b: Flutter Mane\n|-damage|p1b: Flutter Mane|36\/100\n|\n|-weather|Sandstorm|[upkeep]\n|-damage|p1b: Flutter Mane|30\/100|[from] Sandstorm\n|-damage|p1a: Sinistcha|42\/100|[from] Sandstorm\n|-heal|p2b: Shake That Ting|82\/100 brn|[from] item: Leftovers\n|-damage|p2b: Shake That Ting|76\/100 brn|[from] brn\n|upkeep\n|\n|t:|1700699788\n|switch|p2a: Scary Spice|Enamorus, L50, F, shiny|100\/100\n|turn|5\n|inactive|fwob gamer has 30 seconds left.\n|\n|t:|1700699816\n|move|p2a: Scary Spice|Protect|p2a: Scary Spice\n|-singleturn|p2a: Scary Spice|Protect\n|move|p1b: Flutter Mane|Moonblast|p2a: Scary Spice\n|-activate|p2a: Scary Spice|move: Protect\n|move|p1a: Sinistcha|Strength Sap|p2b: Shake That Ting\n|-unboost|p2b: Shake That Ting|atk|1\n|-heal|p1a: Sinistcha|100\/100\n|move|p2b: Shake That Ting|Stomping Tantrum|p1b: Flutter Mane\n|-damage|p1b: Flutter Mane|12\/100\n|\n|-weather|none\n|-heal|p2b: Shake That Ting|82\/100 brn|[from] item: Leftovers\n|-damage|p2b: Shake That Ting|76\/100 brn|[from] brn\n|upkeep\n|turn|6\n|\n|t:|1700699831\n|move|p1b: Flutter Mane|Protect|p1b: Flutter Mane\n|-singleturn|p1b: Flutter Mane|Protect\n|move|p2a: Scary Spice|Dazzling Gleam|p1b: Flutter Mane|[spread] p1a\n|-activate|p1b: Flutter Mane|move: Protect\n|-damage|p1a: Sinistcha|78\/100\n|move|p1a: Sinistcha|Matcha Gotcha|p2b: Shake That Ting|[spread] p2a,p2b\n|-resisted|p2a: Scary Spice\n|-supereffective|p2b: Shake That Ting\n|-damage|p2a: Scary Spice|88\/100\n|-heal|p1a: Sinistcha|84\/100|[from] drain|[of] p2a: Scary Spice\n|-damage|p2b: Shake That Ting|51\/100 brn\n|-heal|p1a: Sinistcha|100\/100|[from] drain|[of] p2b: Shake That Ting\n|move|p2b: Shake That Ting|Fissure|p1a: Sinistcha|[miss]\n|-miss|p2b: Shake That Ting|p1a: Sinistcha\n|\n|-heal|p2b: Shake That Ting|57\/100 brn|[from] item: Leftovers\n|-damage|p2b: Shake That Ting|51\/100 brn|[from] brn\n|upkeep\n|turn|7\n|\n|t:|1700699850\n|move|p1b: Flutter Mane|Moonblast|p2a: Scary Spice\n|-damage|p2a: Scary Spice|24\/100\n|-boost|p2a: Scary Spice|spa|1\n|-enditem|p2a: Scary Spice|Sitrus Berry|[eat]\n|-heal|p2a: Scary Spice|49\/100|[from] item: Sitrus Berry\n|move|p2a: Scary Spice|Dazzling Gleam|p1b: Flutter Mane|[spread] p1a,p1b\n|-damage|p1a: Sinistcha|68\/100\n|-damage|p1b: Flutter Mane|0 fnt\n|faint|p1b: Flutter Mane\n|-end|p1b: Flutter Mane|Protosynthesis|[silent]\n|move|p1a: Sinistcha|Matcha Gotcha|p2a: Scary Spice|[spread] p2a,p2b\n|-resisted|p2a: Scary Spice\n|-supereffective|p2b: Shake That Ting\n|-damage|p2a: Scary Spice|37\/100\n|-heal|p1a: Sinistcha|73\/100|[from] drain|[of] p2a: Scary Spice\n|-damage|p2b: Shake That Ting|26\/100 brn\n|-heal|p1a: Sinistcha|90\/100|[from] drain|[of] p2b: Shake That Ting\n|move|p2b: Shake That Ting|Fissure|p1a: Sinistcha|[miss]\n|-miss|p2b: Shake That Ting|p1a: Sinistcha\n|\n|-heal|p2b: Shake That Ting|32\/100 brn|[from] item: Leftovers\n|-damage|p2b: Shake That Ting|26\/100 brn|[from] brn\n|upkeep\n|turn|8\n|\n|t:|1700699868\n|move|p2a: Scary Spice|Dazzling Gleam|p1a: Sinistcha\n|-damage|p1a: Sinistcha|46\/100\n|move|p1a: Sinistcha|Matcha Gotcha|p2b: Shake That Ting|[spread] p2a,p2b\n|-resisted|p2a: Scary Spice\n|-supereffective|p2b: Shake That Ting\n|-damage|p2a: Scary Spice|25\/100\n|-heal|p1a: Sinistcha|52\/100|[from] drain|[of] p2a: Scary Spice\n|-damage|p2b: Shake That Ting|0 fnt\n|-heal|p1a: Sinistcha|69\/100|[from] drain|[of] p2b: Shake That Ting\n|faint|p2b: Shake That Ting\n|\n|upkeep\n|turn|9\n|\n|t:|1700699882\n|move|p2a: Scary Spice|Dazzling Gleam|p1a: Sinistcha\n|-damage|p1a: Sinistcha|10\/100\n|move|p1a: Sinistcha|Strength Sap|p2a: Scary Spice\n|-boost|p2a: Scary Spice|atk|1\n|-heal|p1a: Sinistcha|78\/100\n|\n|upkeep\n|turn|10\n|\n|t:|1700699893\n|move|p2a: Scary Spice|Dazzling Gleam|p1a: Sinistcha\n|-damage|p1a: Sinistcha|24\/100\n|move|p1a: Sinistcha|Strength Sap|p2a: Scary Spice\n|-boost|p2a: Scary Spice|atk|1\n|-heal|p1a: Sinistcha|100\/100\n|\n|upkeep\n|turn|11\n|\n|t:|1700699905\n|move|p2a: Scary Spice|Dazzling Gleam|p1a: Sinistcha\n|-damage|p1a: Sinistcha|43\/100\n|move|p1a: Sinistcha|Strength Sap|p2a: Scary Spice\n|-boost|p2a: Scary Spice|atk|1\n|-heal|p1a: Sinistcha|100\/100\n|\n|upkeep\n|turn|12\n|\n|t:|1700699912\n|move|p2a: Scary Spice|Dazzling Gleam|p1a: Sinistcha\n|-damage|p1a: Sinistcha|46\/100\n|move|p1a: Sinistcha|Strength Sap|p2a: Scary Spice\n|-boost|p2a: Scary Spice|atk|1\n|-heal|p1a: Sinistcha|100\/100\n|\n|upkeep\n|turn|13\n|\n|t:|1700699917\n|move|p2a: Scary Spice|Dazzling Gleam|p1a: Sinistcha\n|-crit|p1a: Sinistcha\n|-damage|p1a: Sinistcha|16\/100\n|move|p1a: Sinistcha|Strength Sap|p2a: Scary Spice\n|-boost|p2a: Scary Spice|atk|1\n|-heal|p1a: Sinistcha|100\/100\n|\n|upkeep\n|turn|14\n|\n|t:|1700699924\n|move|p2a: Scary Spice|Superpower|p1a: Sinistcha\n|-immune|p1a: Sinistcha\n|move|p1a: Sinistcha|Strength Sap|p2a: Scary Spice\n|-boost|p2a: Scary Spice|atk|1\n|\n|upkeep\n|turn|15\n|\n|t:|1700699931\n|move|p2a: Scary Spice|Dazzling Gleam|p1a: Sinistcha\n|-damage|p1a: Sinistcha|36\/100\n|move|p1a: Sinistcha|Strength Sap|p2a: Scary Spice\n|-heal|p1a: Sinistcha|100\/100\n|\n|upkeep\n|turn|16\n|\n|t:|1700699939\n|move|p2a: Scary Spice|Earth Power|p1a: Sinistcha\n|-resisted|p1a: Sinistcha\n|-damage|p1a: Sinistcha|80\/100\n|move|p1a: Sinistcha|Matcha Gotcha|p2a: Scary Spice\n|-resisted|p2a: Scary Spice\n|-damage|p2a: Scary Spice|2\/100\n|-heal|p1a: Sinistcha|90\/100|[from] drain|[of] p2a: Scary Spice\n|\n|upkeep\n|turn|17\n|\n|t:|1700699947\n|move|p2a: Scary Spice|Dazzling Gleam|p1a: Sinistcha\n|-damage|p1a: Sinistcha|36\/100\n|move|p1a: Sinistcha|Matcha Gotcha|p2a: Scary Spice\n|-resisted|p2a: Scary Spice\n|-damage|p2a: Scary Spice|0 fnt\n|-heal|p1a: Sinistcha|36\/100|[from] drain|[of] p2a: Scary Spice\n|faint|p2a: Scary Spice\n|\n|win|fwob gamer\n|raw|fwob gamer's rating: 1063 &rarr; <strong>1088<\/strong><br \/>(+25 for winning)\n|raw|oblasty's rating: 1000 &rarr; <strong>1000<\/strong><br \/>(+0 for losing)\n|l|\u2606oblasty\n","uploadtime":1700699962,"views":16,"p1id":"fwobgamer","p2id":"oblasty","formatid":"gen9vgc2023regulatione","rating":1000,"private":0,"password":""}