{"id":"gen9vgc2023regulatione-1992766934","p1":"Krumca","p2":"Sleeping Demons","format":"[Gen 9] VGC 2023 Regulation E","log":"|j|\u203dKrumca\n|j|\u2606Sleeping Demons\n|t:|1700233617\n|gametype|doubles\n|player|p1|Krumca|2|1202\n|player|p2|Sleeping Demons|266|1174\n|teamsize|p1|6\n|teamsize|p2|6\n|gen|9\n|tier|[Gen 9] VGC 2023 Regulation E\n|rated|\n|rule|Species Clause: Limit one of each Pok\u00e9mon\n|rule|Item Clause: Limit one of each item\n|clearpoke\n|poke|p1|Ninetales, L50, M|\n|poke|p1|Sandy Shocks, L50|\n|poke|p1|Lilligant-Hisui, L50, F|\n|poke|p1|Chi-Yu, L50|\n|poke|p1|Roaring Moon, L50|\n|poke|p1|Iron Bundle, L50|\n|poke|p2|Ursaluna-Bloodmoon, L50, M|\n|poke|p2|Oranguru, L50, F|\n|poke|p2|Torkoal, L50, M|\n|poke|p2|Maushold-Four, L50|\n|poke|p2|Urshifu-*, L50, M|\n|poke|p2|Bruxish, L50, F|\n|teampreview|4\n|inactive|Battle timer is ON: inactive players will automatically lose when time's up. (requested by Sleeping Demons)\nSleeping Demons rejected open team sheets.\n|\n|t:|1700233647\n|start\n|switch|p1a: Ninetales|Ninetales, L50, M|100\/100\n|switch|p1b: Sandy Shocks|Sandy Shocks, L50|100\/100\n|switch|p2a: Oranguru|Oranguru, L50, F, shiny|100\/100\n|switch|p2b: Maushold|Maushold-Four, L50, shiny|100\/100\n|-weather|SunnyDay|[from] ability: Drought|[of] p1a: Ninetales\n|-activate|p1b: Sandy Shocks|ability: Protosynthesis\n|-start|p1b: Sandy Shocks|protosynthesisspe\n|turn|1\n|\n|t:|1700233668\n|-terastallize|p2a: Oranguru|Water\n|move|p1b: Sandy Shocks|Gravity|p1b: Sandy Shocks\n|-fieldstart|move: Gravity\n|move|p2b: Maushold|Population Bomb|p1b: Sandy Shocks\n|-damage|p1b: Sandy Shocks|87\/100\n|-damage|p1b: Sandy Shocks|75\/100\n|-crit|p1b: Sandy Shocks\n|-damage|p1b: Sandy Shocks|56\/100\n|-damage|p1b: Sandy Shocks|43\/100\n|-crit|p1b: Sandy Shocks\n|-damage|p1b: Sandy Shocks|21\/100\n|-damage|p1b: Sandy Shocks|8\/100\n|-damage|p1b: Sandy Shocks|0 fnt\n|faint|p1b: Sandy Shocks\n|-end|p1b: Sandy Shocks|Protosynthesis|[silent]\n|-hitcount|p1: Sandy Shocks|7\n|move|p1a: Ninetales|Hypnosis|p2b: Maushold\n|-status|p2b: Maushold|slp|[from] move: Hypnosis\n|move|p2a: Oranguru|Trick Room|p2a: Oranguru\n|-fieldstart|move: Trick Room|[of] p2a: Oranguru\n|\n|-weather|SunnyDay|[upkeep]\n|upkeep\n|inactive|Krumca has 30 seconds left.\n|\n|t:|1700233697\n|switch|p1b: Iron Bundle|Iron Bundle, L50|100\/100\n|-enditem|p1b: Iron Bundle|Booster Energy\n|-activate|p1b: Iron Bundle|ability: Quark Drive|[fromitem]\n|-start|p1b: Iron Bundle|quarkdrivespe\n|turn|2\n|inactive|Krumca has 30 seconds left.\n|\n|t:|1700233726\n|switch|p2a: Bruxish|Bruxish, L50, F, shiny|100\/100\n|move|p1a: Ninetales|Helping Hand|p1b: Iron Bundle\n|-singleturn|p1b: Iron Bundle|Helping Hand|[of] p1a: Ninetales\n|cant|p2b: Maushold|slp\n|move|p1b: Iron Bundle|Freeze-Dry|p2a: Bruxish\n|-supereffective|p2a: Bruxish\n|-damage|p2a: Bruxish|0 fnt\n|faint|p2a: Bruxish\n|\n|-weather|SunnyDay|[upkeep]\n|upkeep\n|\n|t:|1700233739\n|switch|p2a: Ursaluna|Ursaluna-Bloodmoon, L50, M|100\/100\n|turn|3\n|\n|t:|1700233756\n|switch|p2b: Oranguru|Oranguru, L50, F, shiny, tera:Water|100\/100\n|move|p2a: Ursaluna|Blood Moon|p1b: Iron Bundle\n|-damage|p1b: Iron Bundle|0 fnt\n|faint|p1b: Iron Bundle\n|-end|p1b: Iron Bundle|Quark Drive|[silent]\n|-damage|p2a: Ursaluna|91\/100|[from] item: Life Orb\n|move|p1a: Ninetales|Hypnosis|p2a: Ursaluna\n|-status|p2a: Ursaluna|slp|[from] move: Hypnosis\n|\n|-weather|SunnyDay|[upkeep]\n|upkeep\n|\n|t:|1700233769\n|switch|p1b: Roaring Moon|Roaring Moon, L50|100\/100\n|-activate|p1b: Roaring Moon|ability: Protosynthesis\n|-start|p1b: Roaring Moon|protosynthesisatk\n|turn|4\n|inactive|Sleeping Demons has 30 seconds left.\n|\n|t:|1700233795\n|cant|p2a: Ursaluna|slp\n|move|p2b: Oranguru|Instruct|p2a: Ursaluna\n|-singleturn|p2a: Ursaluna|move: Instruct|[of] p2b: Oranguru\n|cant|p2a: Ursaluna|slp\n|move|p1a: Ninetales|Hypnosis|p2b: Oranguru\n|-status|p2b: Oranguru|slp|[from] move: Hypnosis\n|move|p1b: Roaring Moon|Acrobatics|p2a: Ursaluna\n|-damage|p2a: Ursaluna|49\/100 slp\n|\n|-weather|SunnyDay|[upkeep]\n|upkeep\n|turn|5\n|inactive|Sleeping Demons has 30 seconds left.\n|\n|t:|1700233823\n|move|p1a: Ninetales|Helping Hand|p1b: Roaring Moon\n|-singleturn|p1b: Roaring Moon|Helping Hand|[of] p1a: Ninetales\n|-curestatus|p2a: Ursaluna|slp|[msg]\n|move|p2a: Ursaluna|Hyper Voice|p1a: Ninetales|[spread] p1a,p1b\n|-damage|p1a: Ninetales|50\/100\n|-damage|p1b: Roaring Moon|48\/100\n|-damage|p2a: Ursaluna|40\/100|[from] item: Life Orb\n|cant|p2b: Oranguru|slp\n|move|p1b: Roaring Moon|Acrobatics|p2a: Ursaluna\n|-damage|p2a: Ursaluna|0 fnt\n|faint|p2a: Ursaluna\n|\n|-weather|SunnyDay|[upkeep]\n|-fieldend|move: Trick Room\n|-fieldend|move: Gravity\n|upkeep\n|\n|t:|1700233830\n|switch|p2a: Maushold|Maushold-Four, L50, shiny|100\/100 slp\n|turn|6\n|inactive|Krumca has 30 seconds left.\n|\n|t:|1700233858\n|move|p1a: Ninetales|Helping Hand|p1b: Roaring Moon\n|-singleturn|p1b: Roaring Moon|Helping Hand|[of] p1a: Ninetales\n|-curestatus|p2a: Maushold|slp|[msg]\n|move|p2a: Maushold|Population Bomb|p1b: Roaring Moon\n|-damage|p1b: Roaring Moon|33\/100\n|-damage|p1b: Roaring Moon|17\/100\n|-damage|p1b: Roaring Moon|2\/100\n|-damage|p1b: Roaring Moon|0 fnt\n|faint|p1b: Roaring Moon\n|-end|p1b: Roaring Moon|Protosynthesis|[silent]\n|-hitcount|p1: Roaring Moon|4\n|-curestatus|p2b: Oranguru|slp|[msg]\n|move|p2b: Oranguru|Foul Play|p1a: Ninetales\n|-damage|p1a: Ninetales|31\/100\n|\n|-weather|SunnyDay|[upkeep]\n|upkeep\n|turn|7\n|\n|t:|1700233876\n|move|p2a: Maushold|Population Bomb|p1a: Ninetales\n|-damage|p1a: Ninetales|16\/100\n|-damage|p1a: Ninetales|1\/100\n|-damage|p1a: Ninetales|0 fnt\n|faint|p1a: Ninetales\n|-hitcount|p1: Ninetales|3\n|\n|win|Sleeping Demons\n|raw|Krumca's rating: 1202 &rarr; <strong>1175<\/strong><br \/>(-27 for losing)\n|raw|Sleeping Demons's rating: 1174 &rarr; <strong>1201<\/strong><br \/>(+27 for winning)\n","uploadtime":1700233884,"views":16,"p1id":"krumca","p2id":"sleepingdemons","formatid":"gen9vgc2023regulatione","rating":1175,"private":0,"password":""}