{"id":"gen9vgc2023regulatione-1996356575","p1":"Bleudwave","p2":"wu1fan","format":"[Gen 9] VGC 2023 Regulation E","log":"|j|\u2606Bleudwave\n|j|\u2606wu1fan\n|t:|1700674270\n|gametype|doubles\n|player|p1|Bleudwave|265|1019\n|player|p2|wu1fan|102|1005\n|teamsize|p1|6\n|teamsize|p2|6\n|gen|9\n|tier|[Gen 9] VGC 2023 Regulation E\n|rated|\n|rule|Species Clause: Limit one of each Pok\u00e9mon\n|rule|Item Clause: Limit one of each item\n|clearpoke\n|poke|p1|Sandslash, L50, M|\n|poke|p1|Rillaboom, L50, F|\n|poke|p1|Magnezone, L50|\n|poke|p1|Amoonguss, L50, M|\n|poke|p1|Tyranitar, L50, M|\n|poke|p1|Slowbro, L50, M|\n|poke|p2|Arcanine-Hisui, L50, F|\n|poke|p2|Baxcalibur, L50, M|\n|poke|p2|Ninetales-Alola, L50, F|\n|poke|p2|Ogerpon-Wellspring, L50, F|\n|poke|p2|Clefairy, L50, M|\n|poke|p2|Flutter Mane, L50|\n|teampreview|4\n|\n|t:|1700674295\n|start\n|switch|p1a: Sandslash|Sandslash, L50, M|100\/100\n|switch|p1b: Tyranitar|Tyranitar, L50, M|100\/100\n|switch|p2a: Arcanine|Arcanine-Hisui, L50, F|100\/100\n|switch|p2b: Clefairy|Clefairy, L50, M|100\/100\n|-ability|p2a: Arcanine|Intimidate|boost\n|-fail|p1a: Sandslash|unboost|[from] item: Clear Amulet|[of] p1a: Sandslash\n|-unboost|p1b: Tyranitar|atk|1\n|-weather|Sandstorm|[from] ability: Sand Stream|[of] p1b: Tyranitar\n|turn|1\n|\n|t:|1700674324\n|switch|p2b: Ninetales|Ninetales-Alola, L50, F|100\/100\n|-weather|Snow|[from] ability: Snow Warning|[of] p2b: Ninetales\n|move|p2a: Arcanine|Close Combat|p1b: Tyranitar\n|-supereffective|p1b: Tyranitar\n|-crit|p1b: Tyranitar\n|-damage|p1b: Tyranitar|0 fnt\n|-unboost|p2a: Arcanine|def|1\n|-unboost|p2a: Arcanine|spd|1\n|faint|p1b: Tyranitar\n|move|p1a: Sandslash|Rock Slide|p2b: Ninetales|[spread] p2a,p2b\n|-supereffective|p2a: Arcanine\n|-supereffective|p2b: Ninetales\n|-damage|p2a: Arcanine|37\/100\n|-damage|p2b: Ninetales|70\/100\n|\n|-weather|Snow|[upkeep]\n|upkeep\n|\n|t:|1700674341\n|switch|p1b: Magnezone|Magnezone, L50|100\/100\n|turn|2\n|\n|t:|1700674352\n|-terastallize|p1a: Sandslash|Rock\n|move|p2b: Ninetales|Aurora Veil|p2b: Ninetales\n|-sidestart|p2: wu1fan|move: Aurora Veil\n|move|p2a: Arcanine|Close Combat|p1b: Magnezone\n|-supereffective|p1b: Magnezone\n|-ability|p1b: Magnezone|Sturdy\n|-damage|p1b: Magnezone|1\/100\n|-unboost|p2a: Arcanine|def|1\n|-unboost|p2a: Arcanine|spd|1\n|move|p1a: Sandslash|Rock Slide|p2b: Ninetales|[spread] p2a,p2b\n|-supereffective|p2a: Arcanine\n|-supereffective|p2b: Ninetales\n|-damage|p2a: Arcanine|0 fnt\n|-damage|p2b: Ninetales|41\/100\n|faint|p2a: Arcanine\n|move|p1b: Magnezone|Flash Cannon|p2b: Ninetales\n|-supereffective|p2b: Ninetales\n|-damage|p2b: Ninetales|0 fnt\n|faint|p2b: Ninetales\n|\n|-weather|Snow|[upkeep]\n|upkeep\n|\n|t:|1700674374\n|switch|p2b: Clefairy|Clefairy, L50, M|100\/100\n|switch|p2a: Baxcalibur|Baxcalibur, L50, M|100\/100\n|turn|3\n|\n|t:|1700674406\n|move|p2a: Baxcalibur|Icicle Spear|p1a: Sandslash\n|-damage|p1a: Sandslash|82\/100\n|-damage|p1a: Sandslash|63\/100\n|-damage|p1a: Sandslash|44\/100\n|-damage|p1a: Sandslash|26\/100\n|-damage|p1a: Sandslash|10\/100\n|-hitcount|p1a: Sandslash|5\n|move|p1a: Sandslash|Rock Slide|p2a: Baxcalibur|[spread] p2a,p2b\n|-supereffective|p2a: Baxcalibur\n|-damage|p2a: Baxcalibur|83\/100\n|-damage|p2b: Clefairy|87\/100\n|move|p1b: Magnezone|Flash Cannon|p2b: Clefairy\n|-supereffective|p2b: Clefairy\n|-damage|p2b: Clefairy|33\/100\n|move|p2b: Clefairy|Life Dew|p2b: Clefairy|[spread] p2a,p2b\n|-heal|p2a: Baxcalibur|100\/100\n|-heal|p2b: Clefairy|58\/100\n|\n|-weather|Snow|[upkeep]\n|upkeep\n|turn|4\n|\n|t:|1700674433\n|move|p1a: Sandslash|Protect|p1a: Sandslash\n|-singleturn|p1a: Sandslash|Protect\n|move|p2a: Baxcalibur|Icicle Spear|p1b: Magnezone\n|-resisted|p1b: Magnezone\n|-damage|p1b: Magnezone|0 fnt\n|faint|p1b: Magnezone\n|-hitcount|p1: Magnezone|1\n|move|p2b: Clefairy|Life Dew||[still]|[spread] p2a,p2b\n|-fail|p2a: Baxcalibur|heal\n|-heal|p2b: Clefairy|83\/100\n|\n|-weather|Snow|[upkeep]\n|upkeep\n|\n|t:|1700674440\n|switch|p1b: Slowbro|Slowbro, L50, M|100\/100\n|turn|5\n|\n|t:|1700674464\n|move|p1a: Sandslash|Protect||[still]\n|-fail|p1a: Sandslash\n|move|p2a: Baxcalibur|Dragon Dance|p2a: Baxcalibur\n|-boost|p2a: Baxcalibur|atk|1\n|-boost|p2a: Baxcalibur|spe|1\n|move|p2b: Clefairy|Encore|p1a: Sandslash\n|-start|p1a: Sandslash|Encore\n|move|p1b: Slowbro|Psychic|p2b: Clefairy\n|-damage|p2b: Clefairy|56\/100\n|\n|-weather|Snow|[upkeep]\n|upkeep\n|turn|6\n|-message|Bleudwave forfeited.\n|\n|win|wu1fan\n|raw|Bleudwave's rating: 1019 &rarr; <strong>1006<\/strong><br \/>(-13 for losing)\n|raw|wu1fan's rating: 1005 &rarr; <strong>1046<\/strong><br \/>(+41 for winning)\n|l|\u2606Bleudwave\n","uploadtime":1700674486,"views":7,"p1id":"bleudwave","p2id":"wu1fan","formatid":"gen9vgc2023regulatione","rating":1006,"private":0,"password":""}