{"id":"gen9vgc2023regulatione-1996874697","p1":"Bra1l3y","p2":"KilnFirelinkAlt","format":"[Gen 9] VGC 2023 Regulation E","log":"|j|\u2606Bra1l3y\n|j|\u2606KilnFirelinkAlt\n|t:|1700738758\n|gametype|doubles\n|player|p1|Bra1l3y|ghetsis-gen5bw|1131\n|player|p2|KilnFirelinkAlt|iris-gen5bw2|1073\n|teamsize|p1|6\n|teamsize|p2|6\n|gen|9\n|tier|[Gen 9] VGC 2023 Regulation E\n|rated|\n|rule|Species Clause: Limit one of each Pok\u00e9mon\n|rule|Item Clause: Limit one of each item\n|clearpoke\n|poke|p1|Chi-Yu, L50|\n|poke|p1|Ursaluna-Bloodmoon, L50, M|\n|poke|p1|Landorus-Therian, L50, M|\n|poke|p1|Ogerpon-Wellspring, L50, F|\n|poke|p1|Volcarona, L50, M|\n|poke|p1|Sinistcha, L50|\n|poke|p2|Gengar, L50, F|\n|poke|p2|Gyarados, L50, M|\n|poke|p2|Snorlax, L50, F|\n|poke|p2|Golem, L50, M|\n|poke|p2|Scyther, L50, M|\n|poke|p2|Flareon, L50, M|\n|teampreview|4\nKilnFirelinkAlt rejected open team sheets.\n|inactive|Battle timer is ON: inactive players will automatically lose when time's up. (requested by KilnFirelinkAlt)\n|\n|t:|1700738801\n|start\n|switch|p1a: Ursaluna|Ursaluna-Bloodmoon, L50, M|100\/100\n|switch|p1b: Ogerpon|Ogerpon-Wellspring, L50, F|100\/100\n|switch|p2a: Gengar|Gengar, L50, F|100\/100\n|switch|p2b: Snorlax|Snorlax, L50, F|100\/100\n|turn|1\n|inactive|Bra1l3y has 30 seconds left.\n|inactive|Bra1l3y has 20 seconds left.\n|\n|t:|1700738839\n|-terastallize|p2b: Snorlax|Flying\n|move|p1b: Ogerpon|Helping Hand|p1a: Ursaluna\n|-singleturn|p1a: Ursaluna|Helping Hand|[of] p1b: Ogerpon\n|move|p2a: Gengar|Sludge Bomb|p1b: Ogerpon\n|-supereffective|p1b: Ogerpon\n|-crit|p1b: Ogerpon\n|-damage|p1b: Ogerpon|0 fnt\n|faint|p1b: Ogerpon\n|move|p1a: Ursaluna|Blood Moon|p2b: Snorlax\n|-damage|p2b: Snorlax|28\/100\n|move|p2b: Snorlax|Yawn|p1a: Ursaluna\n|-start|p1a: Ursaluna|move: Yawn|[of] p2b: Snorlax\n|\n|-heal|p2b: Snorlax|34\/100|[from] item: Leftovers\n|upkeep\n|\n|t:|1700738854\n|switch|p1b: Landorus|Landorus-Therian, L50, M|100\/100\n|-ability|p1b: Landorus|Intimidate|boost\n|-unboost|p2a: Gengar|atk|1\n|-unboost|p2b: Snorlax|atk|1\n|turn|2\n|inactive|Bra1l3y has 30 seconds left.\n|inactive|KilnFirelinkAlt has 30 seconds left.\n|\n|t:|1700738887\n|switch|p2a: Gyarados|Gyarados, L50, M|100\/100\n|-ability|p2a: Gyarados|Intimidate|boost\n|-unboost|p1a: Ursaluna|atk|1\n|-unboost|p1b: Landorus|atk|1\n|switch|p1a: Sinistcha|Sinistcha, L50|100\/100\n|move|p2b: Snorlax|Protect|p2b: Snorlax\n|-singleturn|p2b: Snorlax|Protect\n|move|p1b: Landorus|Stomping Tantrum|p2b: Snorlax\n|-activate|p2b: Snorlax|move: Protect\n|\n|-heal|p2b: Snorlax|40\/100|[from] item: Leftovers\n|upkeep\n|turn|3\n|inactive|Bra1l3y has 30 seconds left.\n|\n|t:|1700738914\n|-terastallize|p1b: Landorus|Flying\n|move|p1b: Landorus|Stomping Tantrum|p2b: Snorlax\n|-immune|p2b: Snorlax\n|move|p2a: Gyarados|Dragon Dance|p2a: Gyarados\n|-boost|p2a: Gyarados|atk|1\n|-boost|p2a: Gyarados|spe|1\n|move|p2b: Snorlax|Yawn|p1a: Sinistcha\n|-start|p1a: Sinistcha|move: Yawn|[of] p2b: Snorlax\n|move|p1a: Sinistcha|Trick Room|p1a: Sinistcha\n|-fieldstart|move: Trick Room|[of] p1a: Sinistcha\n|\n|-heal|p2b: Snorlax|46\/100|[from] item: Leftovers\n|upkeep\n|turn|4\n|inactive|Bra1l3y has 30 seconds left.\n|\n|t:|1700738940\n|switch|p1b: Ursaluna|Ursaluna-Bloodmoon, L50, M|100\/100\n|move|p2b: Snorlax|Ice Punch|p1a: Sinistcha\n|-supereffective|p1a: Sinistcha\n|-damage|p1a: Sinistcha|83\/100\n|move|p1a: Sinistcha|Shadow Ball|p2b: Snorlax\n|-damage|p2b: Snorlax|27\/100\n|move|p2a: Gyarados|Ice Fang|p1a: Sinistcha\n|-supereffective|p1a: Sinistcha\n|-damage|p1a: Sinistcha|34\/100\n|-enditem|p1a: Sinistcha|Sitrus Berry|[eat]\n|-heal|p1a: Sinistcha|59\/100|[from] item: Sitrus Berry\n|\n|-heal|p2b: Snorlax|33\/100|[from] item: Leftovers\n|-end|p1a: Sinistcha|move: Yawn|[silent]\n|-status|p1a: Sinistcha|slp\n|upkeep\n|turn|5\n|inactive|Bra1l3y has 30 seconds left.\n|inactive|KilnFirelinkAlt has 30 seconds left.\n|inactive|KilnFirelinkAlt has 20 seconds left.\n|\n|t:|1700738977\n|switch|p1a: Landorus|Landorus-Therian, L50, M, tera:Flying|100\/100\n|-ability|p1a: Landorus|Intimidate|boost\n|-unboost|p2a: Gyarados|atk|1\n|-unboost|p2b: Snorlax|atk|1\n|move|p2b: Snorlax|Protect|p2b: Snorlax\n|-singleturn|p2b: Snorlax|Protect\n|move|p1b: Ursaluna|Hyper Voice|p2a: Gyarados|[spread] p2a\n|-activate|p2b: Snorlax|move: Protect\n|-damage|p2a: Gyarados|62\/100\n|-enditem|p1b: Ursaluna|Throat Spray\n|-boost|p1b: Ursaluna|spa|1|[from] item: Throat Spray\n|move|p2a: Gyarados|Waterfall|p1b: Ursaluna\n|-supereffective|p1b: Ursaluna\n|-damage|p1b: Ursaluna|45\/100\n|\n|-heal|p2b: Snorlax|39\/100|[from] item: Leftovers\n|upkeep\n|turn|6\n|inactive|Bra1l3y has 30 seconds left.\n|inactive|KilnFirelinkAlt has 30 seconds left.\n|inactive|KilnFirelinkAlt has 20 seconds left.\n|\n|t:|1700739014\n|move|p2b: Snorlax|Ice Punch|p1b: Ursaluna\n|-supereffective|p1b: Ursaluna\n|-damage|p1b: Ursaluna|31\/100\n|move|p1b: Ursaluna|Blood Moon|p2a: Gyarados\n|-damage|p2a: Gyarados|0 fnt\n|faint|p2a: Gyarados\n|move|p1a: Landorus|U-turn|p2b: Snorlax\n|-resisted|p2b: Snorlax\n|-damage|p2b: Snorlax|32\/100\n|\n|t:|1700739025\n|switch|p1a: Sinistcha|Sinistcha, L50|59\/100 slp|[from] U-turn\n|-heal|p1b: Ursaluna|56\/100|[from] ability: Hospitality|[of] p1a: Sinistcha\n|\n|-heal|p2b: Snorlax|38\/100|[from] item: Leftovers\n|upkeep\n|\n|t:|1700739035\n|switch|p2a: Golem|Golem, L50, M|100\/100\n|turn|7\n|\n|t:|1700739059\n|switch|p1a: Landorus|Landorus-Therian, L50, M, tera:Flying|100\/100\n|-ability|p1a: Landorus|Intimidate|boost\n|-unboost|p2a: Golem|atk|1\n|-unboost|p2b: Snorlax|atk|1\n|move|p2b: Snorlax|Yawn|p1b: Ursaluna\n|-start|p1b: Ursaluna|move: Yawn|[of] p2b: Snorlax\n|move|p2a: Golem|Earthquake|p1b: Ursaluna|[spread] p1b\n|-immune|p2b: Snorlax\n|-immune|p1a: Landorus\n|-damage|p1b: Ursaluna|26\/100\n|move|p1b: Ursaluna|Earth Power|p2a: Golem\n|-supereffective|p2a: Golem\n|-crit|p2a: Golem\n|-ability|p2a: Golem|Sturdy\n|-damage|p2a: Golem|1\/100\n|\n|-heal|p2b: Snorlax|44\/100|[from] item: Leftovers\n|-fieldend|move: Trick Room\n|upkeep\n|turn|8\n|inactive|Bra1l3y has 30 seconds left.\n|inactive|Bra1l3y has 20 seconds left.\n|inactive|Bra1l3y has 15 seconds left.\n|\n|t:|1700739101\n|switch|p1b: Sinistcha|Sinistcha, L50|59\/100 slp\n|move|p2b: Snorlax|Protect|p2b: Snorlax\n|-singleturn|p2b: Snorlax|Protect\n|move|p1a: Landorus|Rock Slide|p2a: Golem|[spread] \n|-activate|p2b: Snorlax|move: Protect\n|-miss|p1a: Landorus|p2a: Golem\n|move|p2a: Golem|Earthquake|p1a: Landorus|[spread] p1b\n|-activate|p2b: Snorlax|move: Protect\n|-immune|p1a: Landorus\n|-resisted|p1b: Sinistcha\n|-damage|p1b: Sinistcha|44\/100 slp\n|\n|-heal|p2b: Snorlax|50\/100|[from] item: Leftovers\n|upkeep\n|turn|9\n|inactive|Bra1l3y has 30 seconds left.\n|inactive|KilnFirelinkAlt has 30 seconds left.\n|\n|t:|1700739132\n|move|p1a: Landorus|Rock Slide|p2a: Golem|[spread] p2a,p2b\n|-resisted|p2a: Golem\n|-supereffective|p2b: Snorlax\n|-damage|p2a: Golem|0 fnt\n|-damage|p2b: Snorlax|28\/100\n|faint|p2a: Golem\n|move|p2b: Snorlax|Ice Punch|p1b: Sinistcha\n|-supereffective|p1b: Sinistcha\n|-damage|p1b: Sinistcha|34\/100 slp\n|cant|p1b: Sinistcha|slp\n|\n|-heal|p2b: Snorlax|34\/100|[from] item: Leftovers\n|upkeep\n|\n|t:|1700739143\n|switch|p2a: Gengar|Gengar, L50, F|100\/100\n|turn|10\n|inactive|KilnFirelinkAlt has 30 seconds left.\n|\n|t:|1700739173\n|switch|p1b: Ursaluna|Ursaluna-Bloodmoon, L50, M|26\/100\n|move|p1a: Landorus|Rock Slide|p2b: Snorlax|[spread] p2a,p2b\n|-supereffective|p2b: Snorlax\n|-damage|p2a: Gengar|64\/100\n|-damage|p2b: Snorlax|11\/100\n|-start|p1a: Landorus|Disable|Rock Slide|[from] ability: Cursed Body|[of] p2a: Gengar\n|move|p2a: Gengar|Sludge Bomb|p1b: Ursaluna\n|-resisted|p1b: Ursaluna\n|-damage|p1b: Ursaluna|0 fnt\n|faint|p1b: Ursaluna\n|move|p2b: Snorlax|Yawn|p1a: Landorus\n|-start|p1a: Landorus|move: Yawn|[of] p2b: Snorlax\n|\n|-heal|p2b: Snorlax|17\/100|[from] item: Leftovers\n|upkeep\n|\n|t:|1700739188\n|switch|p1b: Sinistcha|Sinistcha, L50|34\/100 slp\n|turn|11\n|c|\u2606Bra1l3y|cursed body trigger is hugeeeeeee\n|inactive|Bra1l3y has 30 seconds left.\n|\n|t:|1700739220\n|move|p2b: Snorlax|Protect|p2b: Snorlax\n|-singleturn|p2b: Snorlax|Protect\n|-activate|p1a: Landorus|move: Struggle\n|move|p1a: Landorus|Struggle|p2b: Snorlax\n|-activate|p2b: Snorlax|move: Protect\n|move|p2a: Gengar|Shadow Ball|p1b: Sinistcha\n|-supereffective|p1b: Sinistcha\n|-damage|p1b: Sinistcha|0 fnt\n|faint|p1b: Sinistcha\n|\n|-heal|p2b: Snorlax|23\/100|[from] item: Leftovers\n|-end|p1a: Landorus|move: Yawn|[silent]\n|-status|p1a: Landorus|slp\n|upkeep\n|turn|12\n|c|\u2606KilnFirelinkAlt|yeah\n|c|\u2606Bra1l3y|so rough ahha\n|c|\u2606Bra1l3y|gg\n|\n|t:|1700739235\n|cant|p1a: Landorus|slp\n|move|p2a: Gengar|Thunderbolt|p1a: Landorus\n|-supereffective|p1a: Landorus\n|-damage|p1a: Landorus|21\/100 slp\n|move|p2b: Snorlax|Ice Punch|p1a: Landorus\n|-supereffective|p1a: Landorus\n|-damage|p1a: Landorus|4\/100 slp\n|\n|-heal|p2b: Snorlax|29\/100|[from] item: Leftovers\n|upkeep\n|turn|13\n|\n|t:|1700739247\n|cant|p1a: Landorus|slp\n|move|p2a: Gengar|Thunderbolt|p1a: Landorus\n|-supereffective|p1a: Landorus\n|-damage|p1a: Landorus|0 fnt\n|faint|p1a: Landorus\n|\n|win|KilnFirelinkAlt\n|raw|Bra1l3y's rating: 1131 &rarr; <strong>1102<\/strong><br \/>(-29 for losing)\n|raw|KilnFirelinkAlt's rating: 1073 &rarr; <strong>1107<\/strong><br \/>(+34 for winning)\n|l|\u2606Bra1l3y\n","uploadtime":1700739265,"views":5,"p1id":"bra1l3y","p2id":"kilnfirelinkalt","formatid":"gen9vgc2023regulatione","rating":1102,"private":0,"password":""}