{"id":"gen9vgc2023regulatione-1993416571","p1":"FlopyFlopsters","p2":"Elbow baggins","format":"[Gen 9] VGC 2023 Regulation E","log":"|j|\u2606FlopyFlopsters\n|j|\u2606Elbow baggins\n|t:|1700315024\n|gametype|doubles\n|player|p1|FlopyFlopsters|nate|1663\n|player|p2|Elbow baggins|266|1560\n|teamsize|p1|6\n|teamsize|p2|6\n|gen|9\n|tier|[Gen 9] VGC 2023 Regulation E\n|rated|\n|rule|Species Clause: Limit one of each Pok\u00e9mon\n|rule|Item Clause: Limit one of each item\n|clearpoke\n|poke|p1|Tornadus, L50, M|\n|poke|p1|Urshifu-*, L50, M|\n|poke|p1|Iron Hands, L50|\n|poke|p1|Farigiraf, L50, M|\n|poke|p1|Chien-Pao, L50|\n|poke|p1|Arcanine-Hisui, L50, M|\n|poke|p2|Ogerpon-Cornerstone, L50, F|\n|poke|p2|Farigiraf, L50, F|\n|poke|p2|Dragonite, L50, F|\n|poke|p2|Chien-Pao, L50|\n|poke|p2|Ursaluna-Bloodmoon, L50, M|\n|poke|p2|Iron Hands, L50|\n|teampreview|4\n|inactive|Battle timer is ON: inactive players will automatically lose when time's up. (requested by FlopyFlopsters)\n|c|\u2606Elbow baggins|Glhf\n|inactive|Elbow baggins has 60 seconds left.\n|\n|t:|1700315065\n|start\n|switch|p1a: Jimmy|Tornadus, L50, M|100\/100\n|switch|p1b: Timmy|Urshifu-Rapid-Strike, L50, M|100\/100\n|switch|p2a: Ogerpon|Ogerpon-Cornerstone, L50, F|100\/100\n|switch|p2b: Farigiraf|Farigiraf, L50, F, shiny|100\/100\n|turn|1\n|\n|t:|1700315076\n|-terastallize|p1b: Timmy|Water\n|move|p2a: Ogerpon|Follow Me|p2a: Ogerpon\n|-singleturn|p2a: Ogerpon|move: Follow Me\n|move|p1a: Jimmy|Tailwind|p1a: Jimmy\n|-sidestart|p1: FlopyFlopsters|move: Tailwind\n|move|p1b: Timmy|Surging Strikes|p2a: Ogerpon\n|-crit|p2a: Ogerpon\n|-damage|p2a: Ogerpon|53\/100\n|-crit|p2a: Ogerpon\n|-damage|p2a: Ogerpon|9\/100\n|-crit|p2a: Ogerpon\n|-damage|p2a: Ogerpon|0 fnt\n|faint|p2a: Ogerpon\n|-hitcount|p2: Ogerpon|3\n|move|p2b: Farigiraf|Trick Room|p2b: Farigiraf\n|-fieldstart|move: Trick Room|[of] p2b: Farigiraf\n|\n|upkeep\n|\n|t:|1700315095\n|switch|p2a: Ursaluna|Ursaluna-Bloodmoon, L50, M|100\/100\n|turn|2\n|inactive|Elbow baggins has 30 seconds left.\n|\n|t:|1700315127\n|-terastallize|p2a: Ursaluna|Normal\n|move|p2a: Ursaluna|Hyper Voice|p1a: Jimmy|[spread] p1a,p1b\n|-damage|p1a: Jimmy|26\/100\n|-damage|p1b: Timmy|1\/100\n|-damage|p2a: Ursaluna|91\/100|[from] item: Life Orb\n|move|p2b: Farigiraf|Psychic|p1b: Timmy\n|-damage|p1b: Timmy|0 fnt\n|faint|p1b: Timmy\n|move|p1a: Jimmy|Bleakwind Storm|p2b: Farigiraf|[spread] p2a\n|-miss|p1a: Jimmy|p2b: Farigiraf\n|-damage|p2a: Ursaluna|53\/100\n|\n|upkeep\n|\n|t:|1700315141\n|switch|p1b: Johnny|Chien-Pao, L50|100\/100\n|-ability|p1b: Johnny|Sword of Ruin\n|turn|3\n|inactive|Elbow baggins has 30 seconds left.\n|\n|t:|1700315171\n|move|p1b: Johnny|Protect|p1b: Johnny\n|-singleturn|p1b: Johnny|Protect\n|move|p2a: Ursaluna|Hyper Voice|p1a: Jimmy|[spread] p1a\n|-activate|p1b: Johnny|move: Protect\n|-damage|p1a: Jimmy|0 fnt\n|faint|p1a: Jimmy\n|-damage|p2a: Ursaluna|43\/100|[from] item: Life Orb\n|move|p2b: Farigiraf|Uproar|p1b: Johnny\n|-activate|p1b: Johnny|move: Protect\n|\n|upkeep\n|\n|t:|1700315185\n|switch|p1a: Billy|Iron Hands, L50|100\/100\n|turn|4\n|\n|t:|1700315204\n|move|p2a: Ursaluna|Blood Moon|p1a: Billy\n|-damage|p1a: Billy|18\/100\n|-damage|p2a: Ursaluna|33\/100|[from] item: Life Orb\n|move|p2b: Farigiraf|Psychic|p1a: Billy\n|-supereffective|p1a: Billy\n|-damage|p1a: Billy|0 fnt\n|faint|p1a: Billy\n|-end|p1a: Billy|Quark Drive|[silent]\n|move|p1b: Johnny|Ice Spinner|p2b: Farigiraf\n|-damage|p2b: Farigiraf|56\/100\n|\n|-sideend|p1: FlopyFlopsters|move: Tailwind\n|upkeep\n|turn|5\n|c|\u2606FlopyFlopsters|ggwp\n|inactive|Elbow baggins has 30 seconds left.\n|\n|t:|1700315231\n|switch|p2b: Iron Hands|Iron Hands, L50|100\/100\n|move|p2a: Ursaluna|Hyper Voice|p1b: Johnny\n|-enditem|p1b: Johnny|Focus Sash\n|-damage|p1b: Johnny|1\/100\n|-damage|p2a: Ursaluna|24\/100|[from] item: Life Orb\n|move|p1b: Johnny|Ice Spinner|p2a: Ursaluna\n|-damage|p2a: Ursaluna|0 fnt\n|faint|p2a: Ursaluna\n|\n|-fieldend|move: Trick Room\n|upkeep\n|\n|t:|1700315234\n|switch|p2a: Farigiraf|Farigiraf, L50, F, shiny|56\/100\n|turn|6\n|\n|t:|1700315243\n|move|p1b: Johnny|Ice Spinner|p2a: Farigiraf\n|-crit|p2a: Farigiraf\n|-damage|p2a: Farigiraf|0 fnt\n|faint|p2a: Farigiraf\n|move|p2b: Iron Hands|Drain Punch|p1b: Johnny\n|-supereffective|p1b: Johnny\n|-damage|p1b: Johnny|0 fnt\n|faint|p1b: Johnny\n|\n|win|Elbow baggins\n|raw|FlopyFlopsters's rating: 1663 &rarr; <strong>1637<\/strong><br \/>(-26 for losing)\n|raw|Elbow baggins's rating: 1560 &rarr; <strong>1586<\/strong><br \/>(+26 for winning)\n|c|\u2606Elbow baggins|Gg\n|c|\u2606Elbow baggins|u2\n|l|\u2606FlopyFlopsters\n","uploadtime":1700315261,"views":21,"p1id":"flopyflopsters","p2id":"elbowbaggins","formatid":"gen9vgc2023regulatione","rating":1586,"private":0,"password":""}