{"id":"gen9vgc2023regulatione-1992500980","p1":"DeAndreRicketts","p2":"Konigx","format":"[Gen 9] VGC 2023 Regulation E","log":"|j|\u2606DeAndreRicketts\n|j|\u2606Konigx\n|t:|1700195716\n|gametype|doubles\n|player|p1|DeAndreRicketts|265|1144\n|player|p2|Konigx|brock|1073\n|teamsize|p1|6\n|teamsize|p2|6\n|gen|9\n|tier|[Gen 9] VGC 2023 Regulation E\n|rated|\n|rule|Species Clause: Limit one of each Pok\u00e9mon\n|rule|Item Clause: Limit one of each item\n|clearpoke\n|poke|p1|Flutter Mane, L50|\n|poke|p1|Gothitelle, L50, M|\n|poke|p1|Dondozo, L50, F|\n|poke|p1|Tatsugiri, L50, M|\n|poke|p1|Dusclops, L50, M|\n|poke|p1|Ursaluna-Bloodmoon, L50, M|\n|poke|p2|Arcanine-Hisui, L50, F|\n|poke|p2|Enamorus, L50, F|\n|poke|p2|Torkoal, L50, M|\n|poke|p2|Jumpluff, L50, M|\n|poke|p2|Grimmsnarl, L50, M|\n|poke|p2|Ogerpon-Wellspring, L50, F|\n|teampreview|4\nKonigx rejected open team sheets.\n|inactive|Battle timer is ON: inactive players will automatically lose when time's up. (requested by Konigx)\n|inactive|Konigx has 60 seconds left.\n|\n|t:|1700195760\n|start\n|switch|p1a: Flutter Mane|Flutter Mane, L50|100\/100\n|switch|p1b: Gothitelle|Gothitelle, L50, M|100\/100\n|switch|p2a: Enamorus|Enamorus, L50, F|100\/100\n|switch|p2b: Grimmsnarl|Grimmsnarl, L50, M|100\/100\n|turn|1\n|inactive|Konigx has 30 seconds left.\n|\n|t:|1700195789\n|move|p1b: Gothitelle|Fake Out|p2a: Enamorus\n|-damage|p2a: Enamorus|93\/100\n|move|p2b: Grimmsnarl|Light Screen|p2b: Grimmsnarl\n|-sidestart|p2: Konigx|move: Light Screen\n|move|p1a: Flutter Mane|Perish Song|p1a: Flutter Mane\n|-start|p1a: Flutter Mane|perish3|[silent]\n|-start|p1b: Gothitelle|perish3|[silent]\n|-start|p2a: Enamorus|perish3|[silent]\n|-start|p2b: Grimmsnarl|perish3|[silent]\n|-fieldactivate|move: Perish Song\n|cant|p2a: Enamorus|flinch\n|\n|-start|p1a: Flutter Mane|perish3\n|-start|p2a: Enamorus|perish3\n|-start|p1b: Gothitelle|perish3\n|-start|p2b: Grimmsnarl|perish3\n|upkeep\n|turn|2\n|\n|t:|1700195812\n|move|p1a: Flutter Mane|Protect|p1a: Flutter Mane\n|-singleturn|p1a: Flutter Mane|Protect\n|move|p2b: Grimmsnarl|Reflect|p2b: Grimmsnarl\n|-sidestart|p2: Konigx|Reflect\n|move|p2a: Enamorus|Iron Head|p1a: Flutter Mane\n|-activate|p1a: Flutter Mane|move: Protect\n|move|p1b: Gothitelle|Hypnosis|p2a: Enamorus|[miss]\n|-miss|p1b: Gothitelle|p2a: Enamorus\n|\n|-start|p1a: Flutter Mane|perish2\n|-start|p2a: Enamorus|perish2\n|-start|p1b: Gothitelle|perish2\n|-start|p2b: Grimmsnarl|perish2\n|upkeep\n|turn|3\n|inactive|Konigx has 30 seconds left.\n|\n|t:|1700195839\n|-end|p1a: Flutter Mane|Protosynthesis|[silent]\n|switch|p1a: Dondozo|Dondozo, L50, F|100\/100\n|move|p1b: Gothitelle|Protect|p1b: Gothitelle\n|-singleturn|p1b: Gothitelle|Protect\n|move|p2a: Enamorus|Iron Head|p1a: Dondozo\n|-resisted|p1a: Dondozo\n|-damage|p1a: Dondozo|94\/100\n|move|p2b: Grimmsnarl|Spirit Break|p1b: Gothitelle\n|-activate|p1b: Gothitelle|move: Protect\n|\n|-heal|p1a: Dondozo|100\/100|[from] item: Leftovers\n|-start|p2a: Enamorus|perish1\n|-start|p1b: Gothitelle|perish1\n|-start|p2b: Grimmsnarl|perish1\n|upkeep\n|turn|4\n|inactive|Konigx has 30 seconds left.\n|\n|t:|1700195872\n|switch|p1b: Tatsugiri|Tatsugiri, L50, M|100\/100\n|-activate|p1b: Tatsugiri|ability: Commander|[of] p1a: Dondozo\n|-boost|p1a: Dondozo|atk|2\n|-boost|p1a: Dondozo|spa|2\n|-boost|p1a: Dondozo|spe|2\n|-boost|p1a: Dondozo|def|2\n|-boost|p1a: Dondozo|spd|2\n|move|p1a: Dondozo|Protect|p1a: Dondozo\n|-singleturn|p1a: Dondozo|Protect\n|move|p2b: Grimmsnarl|Parting Shot|p1a: Dondozo\n|-activate|p1a: Dondozo|move: Protect\n|move|p2a: Enamorus|Play Rough|p1b: Tatsugiri|[miss]\n|-miss|p2a: Enamorus|p1b: Tatsugiri\n|\n|-start|p2a: Enamorus|perish0\n|-start|p2b: Grimmsnarl|perish0\n|faint|p2a: Enamorus\n|faint|p2b: Grimmsnarl\n|upkeep\n|\n|t:|1700195888\n|switch|p2a: Arcanine|Arcanine-Hisui, L50, F, shiny|100\/100\n|switch|p2b: Ogerpon|Ogerpon-Wellspring, L50, F|100\/100\n|-ability|p2a: Arcanine|Intimidate|boost\n|-unboost|p1a: Dondozo|atk|1\n|-unboost|p1b: Tatsugiri|atk|1\n|turn|5\n|inactive|Konigx has 30 seconds left.\n|inactive|Konigx has 20 seconds left.\n|inactive|Konigx has 15 seconds left.\n|inactive|Konigx has 10 seconds left.\n|\n|t:|1700195938\n|-terastallize|p2b: Ogerpon|Water\n|detailschange|p2b: Ogerpon|Ogerpon-Wellspring-Tera, L50, F, tera:Water\n|-ability|p2b: Ogerpon|Embody Aspect (Wellspring)|boost\n|-boost|p2b: Ogerpon|spd|1\n|move|p2b: Ogerpon|Follow Me|p2b: Ogerpon\n|-singleturn|p2b: Ogerpon|move: Follow Me\n|move|p2a: Arcanine|Rock Slide|p1b: Tatsugiri|[spread] p1a\n|-miss|p2a: Arcanine|p1b: Tatsugiri\n|-damage|p1a: Dondozo|86\/100\n|move|p1a: Dondozo|Earthquake|p2a: Arcanine|[spread] p2a,p2b\n|-miss|p1a: Dondozo|p1b: Tatsugiri\n|-supereffective|p2a: Arcanine\n|-damage|p2a: Arcanine|0 fnt\n|-damage|p2b: Ogerpon|71\/100\n|faint|p2a: Arcanine\n|\n|-heal|p1a: Dondozo|93\/100|[from] item: Leftovers\n|upkeep\n|turn|6\n|-message|Konigx forfeited.\n|\n|win|DeAndreRicketts\n|raw|DeAndreRicketts's rating: 1144 &rarr; <strong>1164<\/strong><br \/>(+20 for winning)\n|raw|Konigx's rating: 1073 &rarr; <strong>1056<\/strong><br \/>(-17 for losing)\n|l|\u2606Konigx\n","uploadtime":1700195970,"views":16,"p1id":"deandrericketts","p2id":"konigx","formatid":"gen9vgc2023regulatione","rating":1056,"private":0,"password":""}