{"id":"gen9vgc2023regulatione-1991138328","p1":"fratencio","p2":"Gato_can","format":"[Gen 9] VGC 2023 Regulation E","log":"|j|\u2606fratencio\n|j|\u2606Gato_can\n|t:|1700048733\n|gametype|doubles\n|player|p1|fratencio|rood|1067\n|player|p2|Gato_can|169|1059\n|teamsize|p1|6\n|teamsize|p2|6\n|gen|9\n|tier|[Gen 9] VGC 2023 Regulation E\n|rated|\n|rule|Species Clause: Limit one of each Pok\u00e9mon\n|rule|Item Clause: Limit one of each item\n|clearpoke\n|poke|p1|Chimecho, L50, F|\n|poke|p1|Tsareena, L50, F|\n|poke|p1|Flareon, L50, F|\n|poke|p1|Primeape, L50, F|\n|poke|p1|Samurott, L50, F|\n|poke|p1|Zoroark-Hisui, L50, F|\n|poke|p2|Iron Hands, L50|\n|poke|p2|Landorus, L50, M|\n|poke|p2|Ursaluna-Bloodmoon, L50, M|\n|poke|p2|Dusclops, L50, M|\n|poke|p2|Glimmora, L50, M|\n|poke|p2|Annihilape, L50, M|\n|teampreview|4\n|inactive|Battle timer is ON: inactive players will automatically lose when time's up. (requested by fratencio)\n|inactive|fratencio has 60 seconds left.\n|inactive|Gato_can has 60 seconds left.\n|\n|t:|1700048773\n|start\n|switch|p1a: Chimecho|Chimecho, L50, F|100\/100\n|switch|p1b: Tsareena|Tsareena, L50, F, shiny|100\/100\n|switch|p2a: Dusclops|Dusclops, L50, M|100\/100\n|switch|p2b: Glimmora|Glimmora, L50, M|100\/100\n|-ability|p2a: Dusclops|Pressure\n|turn|1\n|inactive|fratencio has 30 seconds left.\n|\n|t:|1700048802\n|move|p1a: Chimecho|Knock Off|p2a: Dusclops\n|-supereffective|p2a: Dusclops\n|-damage|p2a: Dusclops|72\/100\n|-enditem|p2a: Dusclops|Eviolite|[from] move: Knock Off|[of] p1a: Chimecho\n|move|p2b: Glimmora|Mortal Spin|p1a: Chimecho|[spread] p1a,p1b\n|-resisted|p1a: Chimecho\n|-supereffective|p1b: Tsareena\n|-damage|p1a: Chimecho|96\/100\n|-damage|p1b: Tsareena|90\/100\n|-status|p1a: Chimecho|psn\n|-status|p1b: Tsareena|psn\n|replace|p1a: Zoroark|Zoroark-Hisui, L50, F, shiny\n|-end|p1a: Zoroark|Illusion\n|move|p1b: Tsareena|Zen Headbutt|p2b: Glimmora|[miss]\n|-miss|p1b: Tsareena|p2b: Glimmora\n|move|p2a: Dusclops|Trick Room|p2a: Dusclops\n|-fieldstart|move: Trick Room|[of] p2a: Dusclops\n|\n|-damage|p1b: Tsareena|78\/100 psn|[from] psn\n|-damage|p1a: Zoroark|84\/100 psn|[from] psn\n|upkeep\n|turn|2\n|inactive|fratencio has 30 seconds left.\n|inactive|Gato_can has 30 seconds left.\n|inactive|fratencio has 20 seconds left.\n|\n|t:|1700048839\n|switch|p1a: Samurott|Samurott, L50, F, shiny|100\/100\n|move|p2a: Dusclops|Night Shade|p1a: Samurott\n|-damage|p1a: Samurott|75\/100\n|move|p1b: Tsareena|Zen Headbutt|p2b: Glimmora\n|-supereffective|p2b: Glimmora\n|-damage|p2b: Glimmora|56\/100\n|-damage|p1b: Tsareena|62\/100 psn|[from] item: Rocky Helmet|[of] p2b: Glimmora\n|-activate|p2b: Glimmora|ability: Toxic Debris\n|-sidestart|p1: fratencio|move: Toxic Spikes\n|move|p2b: Glimmora|Energy Ball|p1a: Samurott\n|-supereffective|p1a: Samurott\n|-damage|p1a: Samurott|29\/100\n|-enditem|p1a: Samurott|Weakness Policy\n|-boost|p1a: Samurott|atk|2|[from] item: Weakness Policy\n|-boost|p1a: Samurott|spa|2|[from] item: Weakness Policy\n|\n|-damage|p1b: Tsareena|50\/100 psn|[from] psn\n|upkeep\n|turn|3\n|inactive|fratencio has 30 seconds left.\n|inactive|fratencio has 20 seconds left.\n|inactive|Gato_can has 30 seconds left.\n|\n|t:|1700048876\n|move|p2a: Dusclops|Night Shade|p1a: Samurott\n|-damage|p1a: Samurott|3\/100\n|move|p1a: Samurott|Hydro Pump|p2a: Dusclops\n|-damage|p2a: Dusclops|0 fnt\n|faint|p2a: Dusclops\n|move|p1b: Tsareena|Zen Headbutt|p2b: Glimmora\n|-supereffective|p2b: Glimmora\n|-crit|p2b: Glimmora\n|-damage|p2b: Glimmora|0 fnt\n|-damage|p1b: Tsareena|33\/100 psn|[from] item: Rocky Helmet|[of] p2b: Glimmora\n|-activate|p2b: Glimmora|ability: Toxic Debris\n|-sidestart|p1: fratencio|move: Toxic Spikes\n|faint|p2b: Glimmora\n|\n|-damage|p1b: Tsareena|21\/100 psn|[from] psn\n|upkeep\n|-enditem|p1b: Tsareena|Petaya Berry|[eat]\n|-boost|p1b: Tsareena|spa|1|[from] item: Petaya Berry\n|\n|t:|1700048895\n|switch|p2a: Annihilape|Annihilape, L50, M|100\/100\n|switch|p2b: Landorus|Landorus, L50, M|100\/100\n|turn|4\n|\n|t:|1700048915\n|-terastallize|p2b: Landorus|Grass\n|move|p1a: Samurott|Ice Beam|p2b: Landorus\n|-supereffective|p2b: Landorus\n|-damage|p2b: Landorus|0 fnt\n|faint|p2b: Landorus\n|move|p1b: Tsareena|Acrobatics|p2a: Annihilape\n|-supereffective|p2a: Annihilape\n|-crit|p2a: Annihilape\n|-damage|p2a: Annihilape|10\/100\n|move|p2a: Annihilape|Poison Jab|p1a: Samurott\n|-damage|p1a: Samurott|0 fnt\n|faint|p1a: Samurott\n|\n|-heal|p2a: Annihilape|16\/100|[from] item: Leftovers\n|-damage|p1b: Tsareena|9\/100 psn|[from] psn\n|upkeep\n|\n|t:|1700048927\n|switch|p1a: Chimecho|Chimecho, L50, F|84\/100 psn\n|turn|5\n|-message|Gato_can forfeited.\n|\n|win|fratencio\n|raw|fratencio's rating: 1067 &rarr; <strong>1096<\/strong><br \/>(+29 for winning)\n|raw|Gato_can's rating: 1059 &rarr; <strong>1041<\/strong><br \/>(-18 for losing)\n|l|\u2606Gato_can\n","uploadtime":1700049053,"views":9,"p1id":"fratencio","p2id":"gatocan","formatid":"gen9vgc2023regulatione","rating":1041,"private":0,"password":""}