{"id":"gen9vgc2023regulatione-1989277262","p1":"4G1OT4 2D 3.0","p2":"J4ce","format":"[Gen 9] VGC 2023 Regulation E","log":"|j|\u26064G1OT4 2D 3.0\n|j|\u2606J4ce\n|t:|1699830974\n|gametype|doubles\n|player|p1|4G1OT4 2D 3.0|colress|1124\n|player|p2|J4ce|sordward|1000\n|teamsize|p1|6\n|teamsize|p2|4\n|gen|9\n|tier|[Gen 9] VGC 2023 Regulation E\n|rated|\n|rule|Species Clause: Limit one of each Pok\u00e9mon\n|rule|Item Clause: Limit one of each item\n|clearpoke\n|poke|p1|Glimmora, L50, M|\n|poke|p1|Munkidori, L50, M|\n|poke|p1|Arcanine, L50, F|\n|poke|p1|Dragapult, L50, M|\n|poke|p1|Farigiraf, L50, M|\n|poke|p1|Iron Hands, L50|\n|poke|p2|Weezing-Galar, L50, M|\n|poke|p2|Delphox, L50, F|\n|poke|p2|Roaring Moon, L50|\n|poke|p2|Iron Hands, L50|\n|teampreview|4\n|inactive|Battle timer is ON: inactive players will automatically lose when time's up. (requested by J4ce)\n|\n|t:|1699830997\n|start\n|switch|p1a: Glimmora|Glimmora, L50, M|100\/100\n|switch|p1b: Munkidori|Munkidori, L50, M|100\/100\n|switch|p2a: Weezing|Weezing-Galar, L50, M|100\/100\n|switch|p2b: Delphox|Delphox, L50, F|100\/100\n|-fieldstart|move: Misty Terrain|[from] ability: Misty Surge|[of] p2a: Weezing\n|-enditem|p2b: Delphox|Misty Seed\n|-boost|p2b: Delphox|spd|1|[from] item: Misty Seed\n|turn|1\n|inactive|4G1OT4 2D 3.0 has 30 seconds left.\n|\n|t:|1699831025\n|switch|p2a: Iron Hands|Iron Hands, L50|100\/100\n|-terastallize|p2b: Delphox|Ghost\n|-terastallize|p1b: Munkidori|Dark\n|move|p2b: Delphox|Heat Wave|p1a: Glimmora|[spread] p1a,p1b\n|-resisted|p1a: Glimmora\n|-crit|p1a: Glimmora\n|-damage|p1a: Glimmora|70\/100\n|-damage|p1b: Munkidori|76\/100\n|-item|p2b: Delphox|Assault Vest|[from] ability: Magician|[of] p1b: Munkidori\n|move|p1a: Glimmora|Acid Spray|p2b: Delphox\n|-resisted|p2b: Delphox\n|-damage|p2b: Delphox|94\/100\n|-unboost|p2b: Delphox|spd|2\n|move|p1b: Munkidori|Sludge Bomb|p2b: Delphox\n|-resisted|p2b: Delphox\n|-damage|p2b: Delphox|70\/100\n|\n|upkeep\n|turn|2\n|inactive|J4ce has 30 seconds left.\n|inactive|J4ce has 20 seconds left.\n|\n|t:|1699831061\n|move|p2a: Iron Hands|Fake Out|p1b: Munkidori\n|-damage|p1b: Munkidori|62\/100\n|move|p2b: Delphox|Psyshock|p1a: Glimmora\n|-supereffective|p1a: Glimmora\n|-damage|p1a: Glimmora|0 fnt\n|faint|p1a: Glimmora\n|cant|p1b: Munkidori|flinch\n|\n|upkeep\n|\n|t:|1699831071\n|switch|p1a: Arcanine|Arcanine, L50, F|100\/100\n|-ability|p1a: Arcanine|Intimidate|boost\n|-unboost|p2a: Iron Hands|atk|1\n|-unboost|p2b: Delphox|atk|1\n|turn|3\n|\n|t:|1699831080\n|switch|p2b: Weezing|Weezing-Galar, L50, M|100\/100\n|move|p1a: Arcanine|Protect|p1a: Arcanine\n|-singleturn|p1a: Arcanine|Protect\n|move|p1b: Munkidori|Sludge Bomb|p2b: Weezing\n|-damage|p2b: Weezing|67\/100\n|move|p2a: Iron Hands|Drain Punch|p1b: Munkidori\n|-supereffective|p1b: Munkidori\n|-damage|p1b: Munkidori|6\/100\n|\n|upkeep\n|turn|4\n|inactive|J4ce has 30 seconds left.\n|\n|t:|1699831105\n|switch|p1b: Dragapult|Dragapult, L50, M|100\/100\n|move|p1a: Arcanine|Howl|p1a: Arcanine|[spread] p1a,p1b\n|-boost|p1a: Arcanine|atk|1\n|-boost|p1b: Dragapult|atk|1\n|move|p2b: Weezing|Strange Steam|p1b: Dragapult\n|-supereffective|p1b: Dragapult\n|-damage|p1b: Dragapult|20\/100\n|move|p2a: Iron Hands|Stomping Tantrum|p1a: Arcanine\n|-supereffective|p1a: Arcanine\n|-damage|p1a: Arcanine|56\/100\n|\n|upkeep\n|turn|5\n|inactive|4G1OT4 2D 3.0 has 30 seconds left.\n|inactive|J4ce has 30 seconds left.\n|\n|t:|1699831136\n|move|p1b: Dragapult|Phantom Force||[still]\n|-prepare|p1b: Dragapult|Phantom Force\n|move|p1a: Arcanine|Howl|p1a: Arcanine|[spread] p1a\n|-miss|p1a: Arcanine|p1b: Dragapult\n|-boost|p1a: Arcanine|atk|1\n|move|p2b: Weezing|Strange Steam|p1b: Dragapult|[miss]\n|-miss|p2b: Weezing|p1b: Dragapult\n|move|p2a: Iron Hands|Stomping Tantrum|p1a: Arcanine\n|-supereffective|p1a: Arcanine\n|-damage|p1a: Arcanine|12\/100\n|-enditem|p1a: Arcanine|Sitrus Berry|[eat]\n|-heal|p1a: Arcanine|37\/100|[from] item: Sitrus Berry\n|\n|-fieldend|Misty Terrain\n|upkeep\n|turn|6\n|inactive|J4ce has 30 seconds left.\n|\n|t:|1699831164\n|move|p1a: Arcanine|Protect|p1a: Arcanine\n|-singleturn|p1a: Arcanine|Protect\n|move|p1b: Dragapult|Phantom Force|p2b: Weezing|[from]lockedmove\n|-damage|p2b: Weezing|0 fnt\n|faint|p2b: Weezing\n|-damage|p1b: Dragapult|10\/100|[from] item: Life Orb\n|move|p2a: Iron Hands|Wild Charge|p1b: Dragapult\n|-resisted|p1b: Dragapult\n|-damage|p1b: Dragapult|0 fnt\n|faint|p1b: Dragapult\n|-damage|p2a: Iron Hands|99\/100|[from] Recoil\n|\n|upkeep\n|\n|t:|1699831176\n|switch|p1b: Munkidori|Munkidori, L50, M, tera:Dark|6\/100\n|switch|p2b: Roaring Moon|Roaring Moon, L50|100\/100\n|-enditem|p2b: Roaring Moon|Booster Energy\n|-activate|p2b: Roaring Moon|ability: Protosynthesis|[fromitem]\n|-start|p2b: Roaring Moon|protosynthesisspe\n|turn|7\n|-message|4G1OT4 2D 3.0 forfeited.\n|\n|win|J4ce\n|raw|4G1OT4 2D 3.0's rating: 1124 &rarr; <strong>1090<\/strong><br \/>(-34 for losing)\n|raw|J4ce's rating: 1000 &rarr; <strong>1054<\/strong><br \/>(+54 for winning)\n|l|\u26064G1OT4 2D 3.0\n|l|\u2606J4ce\n|j|\u2606J4ce\n|player|p2|J4ce|sordward\n","uploadtime":1699831195,"views":16,"p1id":"4g1ot42d30","p2id":"j4ce","formatid":"gen9vgc2023regulatione","rating":1054,"private":0,"password":""}