{"id":"gen9vgc2023regulatione-1996293892","p1":"BoCo365","p2":"Triple An Axel","format":"[Gen 9] VGC 2023 Regulation E","log":"|j|\u2606BoCo365\n|j|\u2606Triple An Axel\n|t:|1700668347\n|gametype|doubles\n|player|p1|BoCo365|roxie|1152\n|player|p2|Triple An Axel|caitlin|1201\n|teamsize|p1|6\n|teamsize|p2|6\n|gen|9\n|tier|[Gen 9] VGC 2023 Regulation E\n|rated|\n|rule|Species Clause: Limit one of each Pok\u00e9mon\n|rule|Item Clause: Limit one of each item\n|clearpoke\n|poke|p1|Toxicroak, L50, F|\n|poke|p1|Politoed, L50, F|\n|poke|p1|Iron Bundle, L50|\n|poke|p1|Ogerpon-Wellspring, L50, F|\n|poke|p1|Zapdos-Galar, L50|\n|poke|p1|Dusknoir, L50, F|\n|poke|p2|Ogerpon-Wellspring, L50, F|\n|poke|p2|Amoonguss, L50, F|\n|poke|p2|Tornadus, L50, M|\n|poke|p2|Iron Hands, L50|\n|poke|p2|Politoed, L50, F|\n|poke|p2|Salamence, L50, M|\n|teampreview|4\n|inactive|Battle timer is ON: inactive players will automatically lose when time's up. (requested by Triple An Axel)\n|\n|t:|1700668370\n|start\n|switch|p1a: Toxicroak|Toxicroak, L50, F|100\/100\n|switch|p1b: Politoed|Politoed, L50, F|100\/100\n|switch|p2a: Tornadus|Tornadus, L50, M|100\/100\n|switch|p2b: Amoonguss|Amoonguss, L50, F|100\/100\n|-weather|RainDance|[from] ability: Drizzle|[of] p1b: Politoed\n|turn|1\n|\n|t:|1700668382\n|move|p1a: Toxicroak|Fake Out|p2a: Tornadus\n|-crit|p2a: Tornadus\n|-damage|p2a: Tornadus|76\/100\n|move|p2b: Amoonguss|Rage Powder|p2b: Amoonguss\n|-singleturn|p2b: Amoonguss|move: Rage Powder\n|cant|p2a: Tornadus|flinch\n|move|p1b: Politoed|Ice Beam|p2b: Amoonguss\n|-supereffective|p2b: Amoonguss\n|-damage|p2b: Amoonguss|66\/100\n|\n|-weather|RainDance|[upkeep]\n|-heal|p2b: Amoonguss|72\/100|[from] item: Black Sludge\n|upkeep\n|turn|2\n|\n|t:|1700668398\n|move|p2a: Tornadus|Tailwind|p2a: Tornadus\n|-sidestart|p2: Triple An Axel|move: Tailwind\n|move|p1a: Toxicroak|Poison Jab|p2b: Amoonguss\n|-damage|p2b: Amoonguss|47\/100\n|move|p2b: Amoonguss|Spore|p1b: Politoed\n|-status|p1b: Politoed|slp|[from] move: Spore\n|cant|p1b: Politoed|slp\n|\n|-weather|RainDance|[upkeep]\n|-heal|p2b: Amoonguss|53\/100|[from] item: Black Sludge\n|upkeep\n|turn|3\n|\n|t:|1700668409\n|switch|p1b: Iron Bundle|Iron Bundle, L50|100\/100\n|-enditem|p1b: Iron Bundle|Booster Energy\n|-activate|p1b: Iron Bundle|ability: Quark Drive|[fromitem]\n|-start|p1b: Iron Bundle|quarkdrivespe\n|move|p1a: Toxicroak|Protect|p1a: Toxicroak\n|-singleturn|p1a: Toxicroak|Protect\n|move|p2a: Tornadus|Bleakwind Storm|p1a: Toxicroak|[spread] p1b\n|-activate|p1a: Toxicroak|move: Protect\n|-damage|p1b: Iron Bundle|15\/100\n|move|p2b: Amoonguss|Sludge Bomb|p1a: Toxicroak\n|-activate|p1a: Toxicroak|move: Protect\n|\n|-weather|RainDance|[upkeep]\n|-heal|p2b: Amoonguss|59\/100|[from] item: Black Sludge\n|upkeep\n|turn|4\n|inactive|BoCo365 has 30 seconds left.\n|\n|t:|1700668434\n|move|p2b: Amoonguss|Rage Powder|p2b: Amoonguss\n|-singleturn|p2b: Amoonguss|move: Rage Powder\n|move|p2a: Tornadus|Bleakwind Storm|p1b: Iron Bundle|[spread] p1a,p1b\n|-supereffective|p1a: Toxicroak\n|-crit|p1b: Iron Bundle\n|-damage|p1a: Toxicroak|0 fnt\n|-damage|p1b: Iron Bundle|0 fnt\n|faint|p1a: Toxicroak\n|faint|p1b: Iron Bundle\n|-end|p1b: Iron Bundle|Quark Drive|[silent]\n|\n|-weather|RainDance|[upkeep]\n|-heal|p2b: Amoonguss|65\/100|[from] item: Black Sludge\n|upkeep\n|inactive|BoCo365 has 30 seconds left.\n|inactive|BoCo365 has 20 seconds left.\n|inactive|BoCo365 has 15 seconds left.\n|inactive|BoCo365 has 10 seconds left.\n|inactive|BoCo365 has 5 seconds left.\n|\n|t:|1700668487\n|switch|p1b: Politoed|Politoed, L50, F|100\/100 slp\n|switch|p1a: Ogerpon|Ogerpon-Wellspring, L50, F|100\/100\n|turn|5\n|\n|t:|1700668503\n|-terastallize|p2a: Tornadus|Flying\n|move|p1a: Ogerpon|Spiky Shield|p1a: Ogerpon\n|-singleturn|p1a: Ogerpon|move: Protect\n|move|p2a: Tornadus|Bleakwind Storm|p1b: Politoed|[spread] p1b\n|-activate|p1a: Ogerpon|move: Protect\n|-damage|p1b: Politoed|60\/100 slp\n|move|p2b: Amoonguss|Sludge Bomb|p1a: Ogerpon\n|-activate|p1a: Ogerpon|move: Protect\n|-curestatus|p1b: Politoed|slp|[msg]\n|move|p1b: Politoed|Icy Wind|p2a: Tornadus|[spread] p2a,p2b\n|-supereffective|p2a: Tornadus\n|-supereffective|p2b: Amoonguss\n|-damage|p2a: Tornadus|50\/100\n|-damage|p2b: Amoonguss|49\/100\n|-unboost|p2a: Tornadus|spe|1\n|-unboost|p2b: Amoonguss|spe|1\n|\n|-weather|RainDance|[upkeep]\n|-heal|p2b: Amoonguss|55\/100|[from] item: Black Sludge\n|-sideend|p2: Triple An Axel|move: Tailwind\n|upkeep\n|turn|6\n|inactive|BoCo365 has 30 seconds left.\n|\n|t:|1700668535\n|-terastallize|p1a: Ogerpon|Water\n|detailschange|p1a: Ogerpon|Ogerpon-Wellspring-Tera, L50, F, tera:Water\n|-ability|p1a: Ogerpon|Embody Aspect (Wellspring)|boost\n|-boost|p1a: Ogerpon|spd|1\n|move|p2b: Amoonguss|Rage Powder|p2b: Amoonguss\n|-singleturn|p2b: Amoonguss|move: Rage Powder\n|move|p2a: Tornadus|Tailwind|p2a: Tornadus\n|-sidestart|p2: Triple An Axel|move: Tailwind\n|move|p1a: Ogerpon|Horn Leech|p2b: Amoonguss\n|-resisted|p2b: Amoonguss\n|-damage|p2b: Amoonguss|45\/100\n|move|p1b: Politoed|Ice Beam|p2b: Amoonguss\n|-supereffective|p2b: Amoonguss\n|-damage|p2b: Amoonguss|11\/100\n|\n|-weather|RainDance|[upkeep]\n|-heal|p2b: Amoonguss|17\/100|[from] item: Black Sludge\n|upkeep\n|turn|7\n|\n|t:|1700668551\n|move|p1a: Ogerpon|Spiky Shield|p1a: Ogerpon\n|-singleturn|p1a: Ogerpon|move: Protect\n|move|p2b: Amoonguss|Rage Powder|p2b: Amoonguss\n|-singleturn|p2b: Amoonguss|move: Rage Powder\n|move|p2a: Tornadus|Bleakwind Storm|p1a: Ogerpon|[spread] p1b\n|-activate|p1a: Ogerpon|move: Protect\n|-damage|p1b: Politoed|20\/100\n|move|p1b: Politoed|Icy Wind|p2a: Tornadus|[spread] p2a,p2b\n|-supereffective|p2a: Tornadus\n|-supereffective|p2b: Amoonguss\n|-damage|p2a: Tornadus|26\/100\n|-damage|p2b: Amoonguss|2\/100\n|-unboost|p2a: Tornadus|spe|1\n|-unboost|p2b: Amoonguss|spe|1\n|\n|-weather|RainDance|[upkeep]\n|-heal|p2b: Amoonguss|8\/100|[from] item: Black Sludge\n|upkeep\n|turn|8\n|\n|t:|1700668568\n|move|p1b: Politoed|Protect|p1b: Politoed\n|-singleturn|p1b: Politoed|Protect\n|move|p2b: Amoonguss|Rage Powder|p2b: Amoonguss\n|-singleturn|p2b: Amoonguss|move: Rage Powder\n|move|p2a: Tornadus|Bleakwind Storm|p1a: Ogerpon|[spread] p1a\n|-activate|p1b: Politoed|move: Protect\n|-damage|p1a: Ogerpon|55\/100\n|move|p1a: Ogerpon|Ivy Cudgel|p2b: Amoonguss|[anim] Ivy Cudgel Water\n|-resisted|p2b: Amoonguss\n|-damage|p2b: Amoonguss|0 fnt\n|faint|p2b: Amoonguss\n|\n|-weather|none\n|upkeep\n|\n|t:|1700668580\n|switch|p2b: Ogerpon|Ogerpon-Wellspring, L50, F|100\/100\n|turn|9\n|\n|t:|1700668595\n|move|p1a: Ogerpon|Spiky Shield|p1a: Ogerpon\n|-singleturn|p1a: Ogerpon|move: Protect\n|move|p2a: Tornadus|Taunt|p1a: Ogerpon\n|-activate|p1a: Ogerpon|move: Protect\n|move|p2b: Ogerpon|Horn Leech|p1b: Politoed\n|-supereffective|p1b: Politoed\n|-damage|p1b: Politoed|0 fnt\n|faint|p1b: Politoed\n|\n|-sideend|p2: Triple An Axel|move: Tailwind\n|upkeep\n|turn|10\n|\n|t:|1700668607\n|move|p2b: Ogerpon|Horn Leech|p1a: Ogerpon\n|-supereffective|p1a: Ogerpon\n|-damage|p1a: Ogerpon|0 fnt\n|faint|p1a: Ogerpon\n|\n|win|Triple An Axel\n|raw|BoCo365's rating: 1152 &rarr; <strong>1131<\/strong><br \/>(-21 for losing)\n|raw|Triple An Axel's rating: 1201 &rarr; <strong>1222<\/strong><br \/>(+21 for winning)\n|l|\u2606BoCo365\n|c|\u2606Triple An Axel|Gg\n","uploadtime":1700668618,"views":12,"p1id":"boco365","p2id":"tripleanaxel","formatid":"gen9vgc2023regulatione","rating":1131,"private":0,"password":""}