{"id":"gen9vgc2023regulatione-1995186695","p1":"Ogskive","p2":"I peaked at 1266","format":"[Gen 9] VGC 2023 Regulation E","log":"|j|\u2606Ogskive\n|j|\u2606I peaked at 1266\n|t:|1700532306\n|gametype|doubles\n|player|p1|Ogskive|fisherman-gen4|1070\n|player|p2|I peaked at 1266|elesa-masters2|1000\n|teamsize|p1|6\n|teamsize|p2|6\n|gen|9\n|tier|[Gen 9] VGC 2023 Regulation E\n|rated|\n|rule|Species Clause: Limit one of each Pok\u00e9mon\n|rule|Item Clause: Limit one of each item\n|clearpoke\n|poke|p1|Ting-Lu, L50|\n|poke|p1|Altaria, L50, M|\n|poke|p1|Rillaboom, L50, M|\n|poke|p1|Maushold-Four, L50|\n|poke|p1|Hariyama, L50, M|\n|poke|p1|Bronzong, L50|\n|poke|p2|Tornadus, L50, M|\n|poke|p2|Arcanine-Hisui, L50, M|\n|poke|p2|Iron Hands, L50|\n|poke|p2|Gholdengo, L50|\n|poke|p2|Urshifu-*, L50, M|\n|poke|p2|Ogerpon-Wellspring, L50, F|\n|teampreview|4\n|inactive|Battle timer is ON: inactive players will automatically lose when time's up. (requested by Ogskive)\n|inactive|Ogskive has 60 seconds left.\n|inactive|I peaked at 1266 has 60 seconds left.\n|\n|t:|1700532351\n|start\n|switch|p1a: Rillaboom|Rillaboom, L50, M|100\/100\n|switch|p1b: Maushold|Maushold-Four, L50|100\/100\n|switch|p2a: Arcanine|Arcanine-Hisui, L50, M|100\/100\n|switch|p2b: Tornadus|Tornadus, L50, M|100\/100\n|-ability|p2a: Arcanine|Intimidate|boost\n|-unboost|p1a: Rillaboom|atk|1\n|-unboost|p1b: Maushold|atk|1\n|-fieldstart|move: Grassy Terrain|[from] ability: Grassy Surge|[of] p1a: Rillaboom\n|turn|1\n|inactive|I peaked at 1266 has 30 seconds left.\n|inactive|I peaked at 1266 has 20 seconds left.\n|inactive|I peaked at 1266 has 15 seconds left.\n|\n|t:|1700532394\n|-terastallize|p1a: Rillaboom|Fire\n|move|p2b: Tornadus|Tailwind|p2b: Tornadus\n|-sidestart|p2: I peaked at 1266|move: Tailwind\n|move|p2a: Arcanine|Flare Blitz|p1a: Rillaboom\n|-resisted|p1a: Rillaboom\n|-damage|p1a: Rillaboom|53\/100\n|-damage|p2a: Arcanine|85\/100|[from] Recoil\n|move|p1b: Maushold|Tidy Up|p1b: Maushold\n|-boost|p1b: Maushold|atk|1\n|-boost|p1b: Maushold|spe|1\n|move|p1a: Rillaboom|Stomping Tantrum|p2a: Arcanine\n|-supereffective|p2a: Arcanine\n|-damage|p2a: Arcanine|0 fnt\n|faint|p2a: Arcanine\n|\n|-heal|p1a: Rillaboom|59\/100|[from] Grassy Terrain\n|upkeep\n|\n|t:|1700532414\n|switch|p2a: Iron Hands|Iron Hands, L50|100\/100\n|turn|2\n|\n|t:|1700532424\n|move|p1a: Rillaboom|Protect|p1a: Rillaboom\n|-singleturn|p1a: Rillaboom|Protect\n|move|p2b: Tornadus|Bleakwind Storm|p1b: Maushold|[spread] \n|-activate|p1a: Rillaboom|move: Protect\n|-miss|p2b: Tornadus|p1b: Maushold\n|move|p1b: Maushold|Tidy Up|p1b: Maushold\n|-boost|p1b: Maushold|atk|1\n|-boost|p1b: Maushold|spe|1\n|move|p2a: Iron Hands|Drain Punch|p1b: Maushold\n|-supereffective|p1b: Maushold\n|-damage|p1b: Maushold|0 fnt\n|faint|p1b: Maushold\n|\n|-heal|p1a: Rillaboom|65\/100|[from] Grassy Terrain\n|upkeep\n|\n|t:|1700532440\n|switch|p1b: Altaria|Altaria, L50, M|100\/100\n|-ability|p1b: Altaria|Cloud Nine\n|turn|3\n|\n|t:|1700532451\n|switch|p1a: Ting-Lu|Ting-Lu, L50|100\/100\n|-ability|p1a: Ting-Lu|Vessel of Ruin\n|move|p2b: Tornadus|Bleakwind Storm|p1a: Ting-Lu|[spread] p1b\n|-miss|p2b: Tornadus|p1a: Ting-Lu\n|-damage|p1b: Altaria|79\/100\n|move|p2a: Iron Hands|Drain Punch|p1a: Ting-Lu\n|-supereffective|p1a: Ting-Lu\n|-damage|p1a: Ting-Lu|57\/100\n|move|p1b: Altaria|Perish Song|p1b: Altaria\n|-start|p1a: Ting-Lu|perish3|[silent]\n|-start|p1b: Altaria|perish3|[silent]\n|-start|p2a: Iron Hands|perish3|[silent]\n|-start|p2b: Tornadus|perish3|[silent]\n|-fieldactivate|move: Perish Song\n|\n|-heal|p1a: Ting-Lu|63\/100|[from] Grassy Terrain\n|-heal|p1a: Ting-Lu|69\/100|[from] item: Leftovers\n|-start|p2b: Tornadus|perish3\n|-start|p2a: Iron Hands|perish3\n|-start|p1b: Altaria|perish3\n|-start|p1a: Ting-Lu|perish3\n|upkeep\n|turn|4\n|\n|t:|1700532472\n|switch|p1b: Rillaboom|Rillaboom, L50, M, tera:Fire|65\/100\n|move|p2b: Tornadus|Taunt|p1b: Rillaboom\n|-start|p1b: Rillaboom|move: Taunt\n|move|p2a: Iron Hands|Drain Punch|p1a: Ting-Lu\n|-supereffective|p1a: Ting-Lu\n|-damage|p1a: Ting-Lu|25\/100\n|move|p1a: Ting-Lu|Sand Tomb|p2a: Iron Hands\n|-supereffective|p2a: Iron Hands\n|-damage|p2a: Iron Hands|83\/100\n|-activate|p2a: Iron Hands|move: Sand Tomb|[of] p1a: Ting-Lu\n|\n|-heal|p2a: Iron Hands|89\/100|[from] Grassy Terrain\n|-heal|p1b: Rillaboom|71\/100|[from] Grassy Terrain\n|-heal|p1a: Ting-Lu|31\/100|[from] Grassy Terrain\n|-heal|p1a: Ting-Lu|37\/100|[from] item: Leftovers\n|-damage|p2a: Iron Hands|77\/100|[from] move: Sand Tomb|[partiallytrapped]\n|-start|p2b: Tornadus|perish2\n|-start|p2a: Iron Hands|perish2\n|-start|p1a: Ting-Lu|perish2\n|-sideend|p2: I peaked at 1266|move: Tailwind\n|upkeep\n|turn|5\n|inactive|Ogskive has 30 seconds left.\n|inactive|I peaked at 1266 has 30 seconds left.\n|\n|t:|1700532505\n|move|p1a: Ting-Lu|Protect|p1a: Ting-Lu\n|-singleturn|p1a: Ting-Lu|Protect\n|move|p2b: Tornadus|Bleakwind Storm|p1a: Ting-Lu|[spread] p1b\n|-activate|p1a: Ting-Lu|move: Protect\n|-damage|p1b: Rillaboom|47\/100\n|move|p1b: Rillaboom|Bullet Seed|p2b: Tornadus\n|-resisted|p2b: Tornadus\n|-damage|p2b: Tornadus|89\/100\n|-resisted|p2b: Tornadus\n|-damage|p2b: Tornadus|79\/100\n|-resisted|p2b: Tornadus\n|-damage|p2b: Tornadus|69\/100\n|-resisted|p2b: Tornadus\n|-damage|p2b: Tornadus|58\/100\n|-resisted|p2b: Tornadus\n|-damage|p2b: Tornadus|48\/100\n|-hitcount|p2b: Tornadus|5\n|move|p2a: Iron Hands|Drain Punch|p1a: Ting-Lu\n|-activate|p1a: Ting-Lu|move: Protect\n|\n|-heal|p1b: Rillaboom|53\/100|[from] Grassy Terrain\n|-heal|p2a: Iron Hands|83\/100|[from] Grassy Terrain\n|-heal|p1a: Ting-Lu|43\/100|[from] Grassy Terrain\n|-heal|p1a: Ting-Lu|49\/100|[from] item: Leftovers\n|-damage|p2a: Iron Hands|71\/100|[from] move: Sand Tomb|[partiallytrapped]\n|-start|p2b: Tornadus|perish1\n|-start|p2a: Iron Hands|perish1\n|-start|p1a: Ting-Lu|perish1\n|-fieldend|move: Grassy Terrain\n|upkeep\n|turn|6\n|inactive|Ogskive has 30 seconds left.\n|inactive|Ogskive has 20 seconds left.\n|\n|t:|1700532540\n|switch|p1a: Altaria|Altaria, L50, M|79\/100\n|-ability|p1a: Altaria|Cloud Nine\n|move|p2b: Tornadus|Tailwind|p2b: Tornadus\n|-sidestart|p2: I peaked at 1266|move: Tailwind\n|move|p2a: Iron Hands|Drain Punch|p1a: Altaria\n|-resisted|p1a: Altaria\n|-damage|p1a: Altaria|64\/100\n|-heal|p2a: Iron Hands|76\/100|[from] drain|[of] p1a: Altaria\n|move|p1b: Rillaboom|Bullet Seed|p2b: Tornadus\n|-resisted|p2b: Tornadus\n|-damage|p2b: Tornadus|40\/100\n|-resisted|p2b: Tornadus\n|-damage|p2b: Tornadus|32\/100\n|-resisted|p2b: Tornadus\n|-damage|p2b: Tornadus|24\/100\n|-resisted|p2b: Tornadus\n|-damage|p2b: Tornadus|16\/100\n|-hitcount|p2b: Tornadus|4\n|\n|-end|p2a: Iron Hands|Sand Tomb|[partiallytrapped]|[silent]\n|-end|p1b: Rillaboom|move: Taunt\n|-start|p2b: Tornadus|perish0\n|-start|p2a: Iron Hands|perish0\n|faint|p2b: Tornadus\n|faint|p2a: Iron Hands\n|-end|p2a: Iron Hands|Quark Drive|[silent]\n|upkeep\n|\n|t:|1700532555\n|switch|p2b: Gholdengo|Gholdengo, L50|100\/100\n|turn|7\n|inactive|Ogskive has 30 seconds left.\n|\n|t:|1700532581\n|-terastallize|p2b: Gholdengo|Dragon\n|move|p2b: Gholdengo|Nasty Plot|p2b: Gholdengo\n|-boost|p2b: Gholdengo|spa|2\n|move|p1b: Rillaboom|Stomping Tantrum|p2b: Gholdengo\n|-damage|p2b: Gholdengo|77\/100\n|move|p1a: Altaria|Ice Beam|p2b: Gholdengo\n|-supereffective|p2b: Gholdengo\n|-damage|p2b: Gholdengo|47\/100\n|\n|-heal|p2b: Gholdengo|53\/100|[from] item: Leftovers\n|upkeep\n|turn|8\n|\n|t:|1700532596\n|move|p2b: Gholdengo|Make It Rain|p1a: Altaria|[spread] p1a,p1b\n|-resisted|p1b: Rillaboom\n|-damage|p1a: Altaria|0 fnt\n|-damage|p1b: Rillaboom|11\/100\n|-unboost|p2b: Gholdengo|spa|1\n|faint|p1a: Altaria\n|move|p1b: Rillaboom|Stomping Tantrum|p2b: Gholdengo\n|-damage|p2b: Gholdengo|27\/100\n|\n|-heal|p2b: Gholdengo|34\/100|[from] item: Leftovers\n|upkeep\n|\n|t:|1700532605\n|switch|p1a: Ting-Lu|Ting-Lu, L50|49\/100\n|-ability|p1a: Ting-Lu|Vessel of Ruin\n|turn|9\n|\n|t:|1700532614\n|move|p2b: Gholdengo|Protect|p2b: Gholdengo\n|-singleturn|p2b: Gholdengo|Protect\n|move|p1b: Rillaboom|Stomping Tantrum|p2b: Gholdengo\n|-activate|p2b: Gholdengo|move: Protect\n|move|p1a: Ting-Lu|Sand Tomb|p2b: Gholdengo\n|-activate|p2b: Gholdengo|move: Protect\n|\n|-heal|p2b: Gholdengo|40\/100|[from] item: Leftovers\n|-heal|p1a: Ting-Lu|55\/100|[from] item: Leftovers\n|-sideend|p2: I peaked at 1266|move: Tailwind\n|upkeep\n|turn|10\n|\n|t:|1700532625\n|move|p1b: Rillaboom|Protect|p1b: Rillaboom\n|-singleturn|p1b: Rillaboom|Protect\n|move|p2b: Gholdengo|Make It Rain|p1a: Ting-Lu|[spread] p1a\n|-activate|p1b: Rillaboom|move: Protect\n|-damage|p1a: Ting-Lu|26\/100\n|-unboost|p2b: Gholdengo|spa|1\n|move|p1a: Ting-Lu|Sand Tomb|p2b: Gholdengo\n|-damage|p2b: Gholdengo|28\/100\n|-activate|p2b: Gholdengo|move: Sand Tomb|[of] p1a: Ting-Lu\n|\n|-heal|p2b: Gholdengo|35\/100|[from] item: Leftovers\n|-heal|p1a: Ting-Lu|33\/100|[from] item: Leftovers\n|-damage|p2b: Gholdengo|22\/100|[from] move: Sand Tomb|[partiallytrapped]\n|upkeep\n|turn|11\n|c|\u2606I peaked at 1266|gg\n|\n|t:|1700532642\n|move|p1a: Ting-Lu|Protect|p1a: Ting-Lu\n|-singleturn|p1a: Ting-Lu|Protect\n|move|p2b: Gholdengo|Nasty Plot|p2b: Gholdengo\n|-boost|p2b: Gholdengo|spa|2\n|move|p1b: Rillaboom|Stomping Tantrum|p2b: Gholdengo\n|-damage|p2b: Gholdengo|0 fnt\n|faint|p2b: Gholdengo\n|\n|win|Ogskive\n|raw|Ogskive's rating: 1070 &rarr; <strong>1094<\/strong><br \/>(+24 for winning)\n|raw|I peaked at 1266's rating: 1000 &rarr; <strong>1000<\/strong><br \/>(+0 for losing)\n|l|\u2606I peaked at 1266\n|c|\u2606Ogskive|gg\n","uploadtime":1700532788,"views":7,"p1id":"ogskive","p2id":"ipeakedat1266","formatid":"gen9vgc2023regulatione","rating":1000,"private":0,"password":""}