{"id":"gen9vgc2023regulatione-1990234662","p1":"Fivesallround","p2":"AvianRoseline","format":"[Gen 9] VGC 2023 Regulation E","log":"|j|\u2606Fivesallround\n|j|\u2606AvianRoseline\n|t:|1699941804\n|gametype|doubles\n|player|p1|Fivesallround|waiter-gen4dp|1151\n|player|p2|AvianRoseline|cynthia-gen4|1123\n|teamsize|p1|6\n|teamsize|p2|6\n|gen|9\n|tier|[Gen 9] VGC 2023 Regulation E\n|rated|\n|rule|Species Clause: Limit one of each Pok\u00e9mon\n|rule|Item Clause: Limit one of each item\n|clearpoke\n|poke|p1|Baxcalibur, L50, M|\n|poke|p1|Ninetales-Alola, L50, F|\n|poke|p1|Sinistcha, L50|\n|poke|p1|Arcanine-Hisui, L50, M|\n|poke|p1|Kingambit, L50, M|\n|poke|p1|Landorus-Therian, L50, M|\n|poke|p2|Ditto, L50|\n|poke|p2|Snorlax, L50, F|\n|poke|p2|Ogerpon-Hearthflame, L50, F|\n|poke|p2|Cresselia, L50, F|\n|poke|p2|Baxcalibur, L50, F|\n|poke|p2|Glastrier, L50|\n|teampreview|4\n|\n|t:|1699941848\n|start\n|switch|p1a: Landorus|Landorus-Therian, L50, M|100\/100\n|switch|p1b: Kingambit|Kingambit, L50, M|100\/100\n|switch|p2a: Support Madness|Cresselia, L50, F, shiny|100\/100\n|switch|p2b: Snoozelax|Snorlax, L50, F, shiny|100\/100\n|-ability|p1a: Landorus|Intimidate|boost\n|-unboost|p2a: Support Madness|atk|1\n|-unboost|p2b: Snoozelax|atk|1\n|turn|1\n|\n|t:|1699941869\n|move|p1a: Landorus|Stomping Tantrum|p2b: Snoozelax\n|-damage|p2b: Snoozelax|66\/100\n|move|p1b: Kingambit|Kowtow Cleave|p2b: Snoozelax\n|-damage|p2b: Snoozelax|15\/100\n|-enditem|p2b: Snoozelax|Iapapa Berry|[eat]\n|-heal|p2b: Snoozelax|49\/100|[from] item: Iapapa Berry\n|move|p2b: Snoozelax|Belly Drum||[still]\n|-fail|p2b: Snoozelax\n|move|p2a: Support Madness|Trick Room|p2a: Support Madness\n|-fieldstart|move: Trick Room|[of] p2a: Support Madness\n|\n|upkeep\n|turn|2\n|\n|t:|1699941898\n|switch|p1a: Arcanine|Arcanine-Hisui, L50, M|100\/100\n|-ability|p1a: Arcanine|Intimidate|boost\n|-unboost|p2a: Support Madness|atk|1\n|-unboost|p2b: Snoozelax|atk|1\n|-terastallize|p2b: Snoozelax|Fairy\n|move|p2b: Snoozelax|Rest|p2b: Snoozelax\n|-status|p2b: Snoozelax|slp|[from] move: Rest\n|-heal|p2b: Snoozelax|100\/100 slp|[silent]\n|move|p1b: Kingambit|Kowtow Cleave|p2b: Snoozelax\n|-resisted|p2b: Snoozelax\n|-damage|p2b: Snoozelax|73\/100 slp\n|move|p2a: Support Madness|Lunar Blessing|p2a: Support Madness|[spread] p2a,p2b\n|-heal|p2b: Snoozelax|98\/100 slp\n|-curestatus|p2b: Snoozelax|slp|[msg]\n|\n|upkeep\n|turn|3\n|\n|t:|1699941944\n|switch|p1a: Landorus|Landorus-Therian, L50, M|100\/100\n|-ability|p1a: Landorus|Intimidate|boost\n|-unboost|p2a: Support Madness|atk|1\n|-unboost|p2b: Snoozelax|atk|1\n|-terastallize|p1b: Kingambit|Dark\n|move|p2b: Snoozelax|Belly Drum|p2b: Snoozelax\n|-damage|p2b: Snoozelax|48\/100\n|-setboost|p2b: Snoozelax|atk|6|[from] move: Belly Drum\n|move|p1b: Kingambit|Kowtow Cleave|p2a: Support Madness\n|-supereffective|p2a: Support Madness\n|-damage|p2a: Support Madness|0 fnt\n|faint|p2a: Support Madness\n|\n|upkeep\n|\n|t:|1699941959\n|switch|p2a: Sus Amogus|Ditto, L50|100\/100\n|turn|4\n|inactive|Battle timer is ON: inactive players will automatically lose when time's up. (requested by AvianRoseline)\n|inactive|Fivesallround has 60 seconds left.\n|\n|t:|1699942036\n|switch|p1b: Arcanine|Arcanine-Hisui, L50, M|100\/100\n|-ability|p1b: Arcanine|Intimidate|boost\n|-unboost|p2a: Sus Amogus|atk|1\n|-unboost|p2b: Snoozelax|atk|1\n|move|p2b: Snoozelax|Body Slam|p1b: Arcanine\n|-resisted|p1b: Arcanine\n|-damage|p1b: Arcanine|29\/100\n|move|p2a: Sus Amogus|Transform|p2b: Snoozelax\n|-transform|p2a: Sus Amogus|p2b: Snoozelax\n|move|p1a: Landorus|U-turn|p2a: Sus Amogus\n|-damage|p2a: Sus Amogus|58\/100\n|\n|t:|1699942049\n|switch|p1a: Kingambit|Kingambit, L50, M, tera:Dark|100\/100|[from] U-turn\n|\n|upkeep\n|-start|p2a: Sus Amogus|typechange|Normal|[silent]\n|turn|5\n|\n|t:|1699942072\n|move|p1b: Arcanine|Extreme Speed|p2b: Snoozelax\n|-damage|p2b: Snoozelax|23\/100\n|move|p1a: Kingambit|Sucker Punch|p2a: Sus Amogus\n|-crit|p2a: Sus Amogus\n|-damage|p2a: Sus Amogus|0 fnt\n|faint|p2a: Sus Amogus\n|move|p2b: Snoozelax|Body Slam|p1a: Kingambit\n|-damage|p1a: Kingambit|3\/100\n|\n|-fieldend|move: Trick Room\n|upkeep\n|\n|t:|1699942084\n|switch|p2a: Chilling Bing|Glastrier, L50|100\/100\n|turn|6\n|\n|t:|1699942103\n|move|p1b: Arcanine|Flare Blitz|p2a: Chilling Bing\n|-supereffective|p2a: Chilling Bing\n|-damage|p2a: Chilling Bing|7\/100\n|-status|p2a: Chilling Bing|brn\n|-damage|p1b: Arcanine|0 fnt|[from] Recoil\n|faint|p1b: Arcanine\n|move|p1a: Kingambit|Iron Head|p2b: Snoozelax\n|-supereffective|p2b: Snoozelax\n|-damage|p2b: Snoozelax|0 fnt\n|faint|p2b: Snoozelax\n|move|p2a: Chilling Bing|High Horsepower|p1a: Kingambit\n|-damage|p1a: Kingambit|0 fnt\n|faint|p1a: Kingambit\n|-ability|p2a: Chilling Bing|Chilling Neigh|boost\n|-boost|p2a: Chilling Bing|atk|1\n|\n|-damage|p2a: Chilling Bing|1\/100 brn|[from] brn\n|upkeep\n|\n|t:|1699942116\n|switch|p1b: Baxcalibur|Baxcalibur, L50, M|100\/100\n|switch|p1a: Landorus|Landorus-Therian, L50, M|100\/100\n|-ability|p1a: Landorus|Intimidate|boost\n|-unboost|p2a: Chilling Bing|atk|1\n|turn|7\n|\n|t:|1699942129\n|move|p1a: Landorus|Stomping Tantrum|p2a: Chilling Bing\n|-damage|p2a: Chilling Bing|0 fnt\n|faint|p2a: Chilling Bing\n|\n|win|Fivesallround\n|raw|Fivesallround's rating: 1151 &rarr; <strong>1174<\/strong><br \/>(+23 for winning)\n|raw|AvianRoseline's rating: 1123 &rarr; <strong>1100<\/strong><br \/>(-23 for losing)\n|l|\u2606AvianRoseline\n|c|\u2606Fivesallround|Gg\n","uploadtime":1699942156,"views":19,"p1id":"fivesallround","p2id":"avianroseline","formatid":"gen9vgc2023regulatione","rating":1100,"private":0,"password":""}