{"id":"gen9vgc2023regulatione-1999254407","p1":"tyranitrev","p2":"chef4444","format":"[Gen 9] VGC 2023 Regulation E","log":"|j|\u2606tyranitrev\n|j|\u2606chef4444\n|t:|1701051232\n|gametype|doubles\n|player|p1|tyranitrev|102|1194\n|player|p2|chef4444|psychic-gen4|1150\n|teamsize|p1|6\n|teamsize|p2|6\n|gen|9\n|tier|[Gen 9] VGC 2023 Regulation E\n|rated|\n|rule|Species Clause: Limit one of each Pok\u00e9mon\n|rule|Item Clause: Limit one of each item\n|clearpoke\n|poke|p1|Gholdengo, L50|\n|poke|p1|Iron Hands, L50|\n|poke|p1|Amoonguss, L50, M|\n|poke|p1|Iron Bundle, L50|\n|poke|p1|Pelipper, L50, F|\n|poke|p1|Salamence, L50, F|\n|poke|p2|Torkoal, L50, M|\n|poke|p2|Cresselia, L50, F|\n|poke|p2|Lilligant, L50, F|\n|poke|p2|Charjabug, L50, M|\n|poke|p2|Indeedee-F, L50, F|\n|poke|p2|Mimikyu, L50, M|\n|teampreview|4\n|\n|t:|1701051298\n|start\n|switch|p1a: Gholdengo|Gholdengo, L50|100\/100\n|switch|p1b: Amoonguss|Amoonguss, L50, M|100\/100\n|switch|p2a: Torkoal|Torkoal, L50, M|100\/100\n|switch|p2b: Lilligant|Lilligant, L50, F|100\/100\n|-weather|SunnyDay|[from] ability: Drought|[of] p2a: Torkoal\n|turn|1\n|\n|t:|1701051321\n|switch|p1b: Pelipper|Pelipper, L50, F|100\/100\n|-weather|RainDance|[from] ability: Drizzle|[of] p1b: Pelipper\n|-terastallize|p1a: Gholdengo|Dragon\n|move|p2b: Lilligant|After You|p2a: Torkoal\n|-activate|p2a: Torkoal|move: After You\n|move|p2a: Torkoal|Heat Wave|p1b: Pelipper|[spread] p1a,p1b\n|-resisted|p1a: Gholdengo\n|-resisted|p1b: Pelipper\n|-damage|p1a: Gholdengo|90\/100\n|-damage|p1b: Pelipper|85\/100\n|-damage|p2a: Torkoal|91\/100|[from] item: Life Orb\n|move|p1a: Gholdengo|Nasty Plot|p1a: Gholdengo\n|-boost|p1a: Gholdengo|spa|2\n|\n|-weather|RainDance|[upkeep]\n|-heal|p1a: Gholdengo|96\/100|[from] item: Leftovers\n|upkeep\n|turn|2\n|\n|t:|1701051373\n|switch|p2b: Mimikyu|Mimikyu, L50, M|100\/100\n|move|p1a: Gholdengo|Shadow Ball|p2a: Torkoal\n|-damage|p2a: Torkoal|0 fnt\n|faint|p2a: Torkoal\n|move|p1b: Pelipper|Hurricane|p2b: Mimikyu\n|-activate|p2b: Mimikyu|ability: Disguise\n|-damage|p2b: Mimikyu|100\/100\n|-start|p2b: Mimikyu|confusion\n|detailschange|p2b: Mimikyu|Mimikyu-Busted, L50, M\n|-damage|p2b: Mimikyu|88\/100|[from] pokemon: Mimikyu-Busted\n|\n|-weather|RainDance|[upkeep]\n|-heal|p1a: Gholdengo|100\/100|[from] item: Leftovers\n|upkeep\n|\n|t:|1701051378\n|switch|p2a: Cresselia|Cresselia, L50, F, shiny|100\/100\n|turn|3\n|\n|t:|1701051404\n|-terastallize|p2a: Cresselia|Electric\n|move|p1a: Gholdengo|Make It Rain|p2b: Mimikyu|[spread] p2a,p2b\n|-resisted|p2a: Cresselia\n|-supereffective|p2b: Mimikyu\n|-damage|p2a: Cresselia|68\/100\n|-damage|p2b: Mimikyu|0 fnt\n|-unboost|p1a: Gholdengo|spa|1\n|faint|p2b: Mimikyu\n|move|p1b: Pelipper|Weather Ball|p2a: Cresselia\n|-damage|p2a: Cresselia|30\/100\n|move|p2a: Cresselia|Tera Blast|p1b: Pelipper|[anim] Tera Blast Electric\n|-supereffective|p1b: Pelipper\n|-crit|p1b: Pelipper\n|-damage|p1b: Pelipper|0 fnt\n|faint|p1b: Pelipper\n|\n|-weather|RainDance|[upkeep]\n|upkeep\n|\n|t:|1701051420\n|switch|p1b: Iron Hands|Iron Hands, L50|100\/100\n|switch|p2b: Lilligant|Lilligant, L50, F|100\/100\n|turn|4\n|\n|t:|1701051435\n|move|p1b: Iron Hands|Fake Out|p2b: Lilligant\n|-damage|p2b: Lilligant|78\/100\n|cant|p2b: Lilligant|flinch\n|move|p1a: Gholdengo|Shadow Ball|p2a: Cresselia\n|-damage|p2a: Cresselia|0 fnt\n|faint|p2a: Cresselia\n|\n|-weather|RainDance|[upkeep]\n|upkeep\n|turn|5\n|-message|chef4444 forfeited.\n|\n|win|tyranitrev\n|raw|tyranitrev's rating: 1194 &rarr; <strong>1216<\/strong><br \/>(+22 for winning)\n|raw|chef4444's rating: 1150 &rarr; <strong>1128<\/strong><br \/>(-22 for losing)\n|l|\u2606chef4444\n","uploadtime":1701051444,"views":9,"p1id":"tyranitrev","p2id":"chef4444","formatid":"gen9vgc2023regulatione","rating":1128,"private":0,"password":""}