{"id":"gen9vgc2023regulatione-1990009640","p1":"Wumpus888","p2":"DoggoGGO","format":"[Gen 9] VGC 2023 Regulation E","log":"|j|\u2606Wumpus888\n|j|\u2606DoggoGGO\n|t:|1699915009\n|gametype|doubles\n|player|p1|Wumpus888|brycen|1113\n|player|p2|DoggoGGO|pokemonrangerf|1041\n|teamsize|p1|6\n|teamsize|p2|6\n|gen|9\n|tier|[Gen 9] VGC 2023 Regulation E\n|rated|\n|rule|Species Clause: Limit one of each Pok\u00e9mon\n|rule|Item Clause: Limit one of each item\n|clearpoke\n|poke|p1|Munkidori, L50, M|\n|poke|p1|Tyranitar, L50, M|\n|poke|p1|Corviknight, L50, M|\n|poke|p1|Grimmsnarl, L50, M|\n|poke|p1|Ogerpon-Wellspring, L50, F|\n|poke|p1|Chi-Yu, L50|\n|poke|p2|Jolteon, L50, F|\n|poke|p2|Dudunsparce-*, L50, M|\n|poke|p2|Sinistcha, L50|\n|poke|p2|Tinkaton, L50, F|\n|poke|p2|Arcanine-Hisui, L50, F|\n|poke|p2|Flutter Mane, L50|\n|teampreview|4\n|\n|t:|1699915039\n|start\n|switch|p1a: Grimmsnarl|Grimmsnarl, L50, M|100\/100\n|switch|p1b: Munkidori|Munkidori, L50, M|100\/100\n|switch|p2a: The Boy :)|Jolteon, L50, F|100\/100\n|switch|p2b: Nightmare|Dudunsparce, L50, M, shiny|100\/100\n|turn|1\n|\n|t:|1699915064\n|-terastallize|p2b: Nightmare|Psychic\n|move|p1a: Grimmsnarl|Fake Out|p2a: The Boy :)\n|-damage|p2a: The Boy :)|81\/100\n|cant|p2a: The Boy :)|flinch\n|move|p1b: Munkidori|Psychic|p2b: Nightmare\n|-resisted|p2b: Nightmare\n|-damage|p2b: Nightmare|70\/100\n|-damage|p1b: Munkidori|91\/100|[from] item: Life Orb\n|move|p2b: Nightmare|Stored Power|p1b: Munkidori\n|-damage|p1b: Munkidori|62\/100\n|\n|upkeep\n|turn|2\n|\n|t:|1699915083\n|move|p1a: Grimmsnarl|Reflect|p1a: Grimmsnarl\n|-sidestart|p1: Wumpus888|Reflect\n|move|p2a: The Boy :)|Pin Missile|p2b: Nightmare\n|-supereffective|p2b: Nightmare\n|-damage|p2b: Nightmare|62\/100\n|-ability|p2b: Nightmare|Rattled|boost\n|-boost|p2b: Nightmare|spe|1\n|-enditem|p2b: Nightmare|Weakness Policy\n|-boost|p2b: Nightmare|atk|2|[from] item: Weakness Policy\n|-boost|p2b: Nightmare|spa|2|[from] item: Weakness Policy\n|-supereffective|p2b: Nightmare\n|-damage|p2b: Nightmare|53\/100\n|-ability|p2b: Nightmare|Rattled|boost\n|-boost|p2b: Nightmare|spe|1\n|-supereffective|p2b: Nightmare\n|-damage|p2b: Nightmare|46\/100\n|-ability|p2b: Nightmare|Rattled|boost\n|-boost|p2b: Nightmare|spe|1\n|-supereffective|p2b: Nightmare\n|-damage|p2b: Nightmare|38\/100\n|-ability|p2b: Nightmare|Rattled|boost\n|-boost|p2b: Nightmare|spe|1\n|-supereffective|p2b: Nightmare\n|-damage|p2b: Nightmare|30\/100\n|-ability|p2b: Nightmare|Rattled|boost\n|-boost|p2b: Nightmare|spe|1\n|-hitcount|p2b: Nightmare|5\n|move|p2b: Nightmare|Stored Power|p1b: Munkidori\n|-damage|p1b: Munkidori|0 fnt\n|faint|p1b: Munkidori\n|\n|upkeep\n|\n|t:|1699915095\n|switch|p1b: Ogerpon|Ogerpon-Wellspring, L50, F|100\/100\n|turn|3\n|\n|t:|1699915122\n|switch|p2a: The Tea Sis|Sinistcha, L50|100\/100\n|-heal|p2b: Nightmare|55\/100|[from] ability: Hospitality|[of] p2a: The Tea Sis\n|move|p1b: Ogerpon|Spiky Shield|p1b: Ogerpon\n|-singleturn|p1b: Ogerpon|move: Protect\n|move|p1a: Grimmsnarl|Parting Shot|p2b: Nightmare\n|-unboost|p2b: Nightmare|atk|1\n|-unboost|p2b: Nightmare|spa|1\n|\n|t:|1699915132\n|switch|p1a: Chi-Yu|Chi-Yu, L50|100\/100|[from] Parting Shot\n|-ability|p1a: Chi-Yu|Beads of Ruin\n|move|p2b: Nightmare|Boomburst|p1a: Chi-Yu|[spread] p1a\n|-activate|p1b: Ogerpon|move: Protect\n|-immune|p2a: The Tea Sis\n|-damage|p1a: Chi-Yu|31\/100\n|\n|upkeep\n|turn|4\n|\n|t:|1699915155\n|move|p2a: The Tea Sis|Rage Powder|p2a: The Tea Sis\n|-singleturn|p2a: The Tea Sis|move: Rage Powder\n|move|p2b: Nightmare|Stored Power|p1b: Ogerpon\n|-damage|p1b: Ogerpon|0 fnt\n|faint|p1b: Ogerpon\n|move|p1a: Chi-Yu|Dark Pulse|p2a: The Tea Sis\n|-supereffective|p2a: The Tea Sis\n|-damage|p2a: The Tea Sis|0 fnt\n|faint|p2a: The Tea Sis\n|\n|upkeep\n|\n|t:|1699915173\n|switch|p1b: Grimmsnarl|Grimmsnarl, L50, M|100\/100\n|switch|p2a: 4x Weakness Guy|Arcanine-Hisui, L50, F|100\/100\n|-ability|p2a: 4x Weakness Guy|Intimidate|boost\n|-fail|p1a: Chi-Yu|unboost|[from] item: Clear Amulet|[of] p1a: Chi-Yu\n|-unboost|p1b: Grimmsnarl|atk|1\n|turn|5\n|\n|t:|1699915188\n|move|p1b: Grimmsnarl|Fake Out|p2a: 4x Weakness Guy\n|-resisted|p2a: 4x Weakness Guy\n|-damage|p2a: 4x Weakness Guy|95\/100\n|move|p2b: Nightmare|Boomburst|p1a: Chi-Yu|[spread] p2a,p1a,p1b\n|-resisted|p2a: 4x Weakness Guy\n|-damage|p2a: 4x Weakness Guy|41\/100\n|-damage|p1a: Chi-Yu|0 fnt\n|-damage|p1b: Grimmsnarl|3\/100\n|-enditem|p1b: Grimmsnarl|Iapapa Berry|[eat]\n|-heal|p1b: Grimmsnarl|37\/100|[from] item: Iapapa Berry\n|faint|p1a: Chi-Yu\n|cant|p2a: 4x Weakness Guy|flinch\n|\n|upkeep\n|turn|6\n|\n|t:|1699915205\n|move|p2b: Nightmare|Shadow Ball|p1b: Grimmsnarl\n|-resisted|p1b: Grimmsnarl\n|-damage|p1b: Grimmsnarl|19\/100\n|move|p2a: 4x Weakness Guy|Close Combat|p1b: Grimmsnarl\n|-damage|p1b: Grimmsnarl|0 fnt\n|-unboost|p2a: 4x Weakness Guy|def|1\n|-unboost|p2a: 4x Weakness Guy|spd|1\n|faint|p1b: Grimmsnarl\n|\n|win|DoggoGGO\n|raw|Wumpus888's rating: 1113 &rarr; <strong>1083<\/strong><br \/>(-30 for losing)\n|raw|DoggoGGO's rating: 1041 &rarr; <strong>1082<\/strong><br \/>(+41 for winning)\n|c|\u2606Wumpus888|gg\n|l|\u2606Wumpus888\n","uploadtime":1699915219,"views":15,"p1id":"wumpus888","p2id":"doggoggo","formatid":"gen9vgc2023regulatione","rating":1082,"private":0,"password":""}