{"id":"gen9vgc2023regulatione-1989848181","p1":"maxfactor","p2":"tomachovgc","format":"[Gen 9] VGC 2023 Regulation E","log":"|j|\u2606maxfactor\n|j|\u2606tomachovgc\n|t:|1699900767\n|gametype|doubles\n|player|p1|maxfactor|2|1479\n|player|p2|tomachovgc|265|1318\n|teamsize|p1|6\n|teamsize|p2|6\n|gen|9\n|tier|[Gen 9] VGC 2023 Regulation E\n|rated|\n|rule|Species Clause: Limit one of each Pok\u00e9mon\n|rule|Item Clause: Limit one of each item\n|clearpoke\n|poke|p1|Gholdengo, L50|\n|poke|p1|Arcanine-Hisui, L50, F|\n|poke|p1|Sinistcha, L50|\n|poke|p1|Iron Hands, L50|\n|poke|p1|Flutter Mane, L50|\n|poke|p1|Pelipper, L50, F|\n|poke|p2|Weezing, L50, F|\n|poke|p2|Arcanine, L50, M|\n|poke|p2|Sinistcha, L50|\n|poke|p2|Urshifu-*, L50, F|\n|poke|p2|Cresselia, L50, F|\n|poke|p2|Scizor, L50, M|\n|teampreview|4\n|\n|t:|1699900810\n|start\n|switch|p1a: Iron Hands|Iron Hands, L50|100\/100\n|switch|p1b: Arcanine|Arcanine-Hisui, L50, F|100\/100\n|switch|p2a: Weezing|Weezing, L50, F|100\/100\n|switch|p2b: Urshifu|Urshifu-Rapid-Strike, L50, F|100\/100\n|-ability|p2a: Weezing|Neutralizing Gas\n|turn|1\n|inactive|Battle timer is ON: inactive players will automatically lose when time's up. (requested by tomachovgc)\n|\n|t:|1699900837\n|-terastallize|p1b: Arcanine|Electric\n|move|p2b: Urshifu|Surging Strikes|p1b: Arcanine\n|-crit|p1b: Arcanine\n|-damage|p1b: Arcanine|74\/100\n|-crit|p1b: Arcanine\n|-damage|p1b: Arcanine|46\/100\n|-crit|p1b: Arcanine\n|-damage|p1b: Arcanine|17\/100\n|-hitcount|p1b: Arcanine|3\n|move|p1b: Arcanine|Wild Charge|p2b: Urshifu\n|-supereffective|p2b: Urshifu\n|-damage|p2b: Urshifu|3\/100\n|-damage|p1b: Arcanine|0 fnt|[from] Recoil\n|faint|p1b: Arcanine\n|move|p2a: Weezing|Will-O-Wisp|p1a: Iron Hands\n|-status|p1a: Iron Hands|brn\n|move|p1a: Iron Hands|Earthquake|p2a: Weezing|[spread] p2a,p2b\n|-supereffective|p2a: Weezing\n|-damage|p2a: Weezing|78\/100\n|-damage|p2b: Urshifu|0 fnt\n|faint|p2b: Urshifu\n|\n|-heal|p2a: Weezing|84\/100|[from] item: Leftovers\n|-damage|p1a: Iron Hands|94\/100 brn|[from] brn\n|upkeep\n|\n|t:|1699900860\n|switch|p2b: Cresselia|Cresselia, L50, F|100\/100\n|switch|p1b: Pelipper|Pelipper, L50, F|100\/100\n|turn|2\n|\n|t:|1699900876\n|move|p2b: Cresselia|Calm Mind|p2b: Cresselia\n|-boost|p2b: Cresselia|spa|1\n|-boost|p2b: Cresselia|spd|1\n|move|p1b: Pelipper|Hurricane|p2a: Weezing\n|-damage|p2a: Weezing|37\/100\n|-start|p2a: Weezing|confusion\n|-activate|p2a: Weezing|confusion\n|move|p2a: Weezing|Sludge Bomb|p1b: Pelipper\n|-damage|p1b: Pelipper|72\/100\n|move|p1a: Iron Hands|Belly Drum|p1a: Iron Hands\n|-damage|p1a: Iron Hands|44\/100 brn\n|-setboost|p1a: Iron Hands|atk|6|[from] move: Belly Drum\n|-enditem|p1a: Iron Hands|Sitrus Berry|[eat]\n|-heal|p1a: Iron Hands|69\/100 brn|[from] item: Sitrus Berry\n|\n|-heal|p1b: Pelipper|77\/100|[from] item: Leftovers\n|-heal|p2a: Weezing|42\/100|[from] item: Leftovers\n|-damage|p1a: Iron Hands|63\/100 brn|[from] brn\n|upkeep\n|turn|3\n|inactive|maxfactor has 30 seconds left.\n|inactive|tomachovgc has 30 seconds left.\n|\n|t:|1699900906\n|-end|p2a: Weezing|ability: Neutralizing Gas\n|-weather|RainDance|[from] ability: Drizzle|[of] p1b: Pelipper\n|switch|p2a: Arcanine|Arcanine, L50, M|100\/100\n|move|p1b: Pelipper|Helping Hand|p1a: Iron Hands\n|-singleturn|p1a: Iron Hands|Helping Hand|[of] p1b: Pelipper\n|move|p2b: Cresselia|Calm Mind|p2b: Cresselia\n|-boost|p2b: Cresselia|spa|1\n|-boost|p2b: Cresselia|spd|1\n|move|p1a: Iron Hands|Drain Punch|p2b: Cresselia\n|-resisted|p2b: Cresselia\n|-damage|p2b: Cresselia|60\/100\n|-heal|p1a: Iron Hands|83\/100 brn|[from] drain|[of] p2b: Cresselia\n|\n|-weather|RainDance|[upkeep]\n|-heal|p1b: Pelipper|83\/100|[from] item: Leftovers\n|-damage|p1a: Iron Hands|77\/100 brn|[from] brn\n|upkeep\n|turn|4\n|inactive|maxfactor has 30 seconds left.\n|inactive|tomachovgc has 30 seconds left.\n|\n|t:|1699900939\n|move|p1a: Iron Hands|Protect|p1a: Iron Hands\n|-singleturn|p1a: Iron Hands|Protect\n|move|p2a: Arcanine|Wild Charge|p1b: Pelipper\n|-supereffective|p1b: Pelipper\n|-crit|p1b: Pelipper\n|-damage|p1b: Pelipper|0 fnt\n|faint|p1b: Pelipper\n|-damage|p2a: Arcanine|84\/100|[from] Recoil\n|move|p2b: Cresselia|Stored Power|p1a: Iron Hands\n|-activate|p1a: Iron Hands|move: Protect\n|\n|-weather|RainDance|[upkeep]\n|-damage|p1a: Iron Hands|71\/100 brn|[from] brn\n|upkeep\n|\n|t:|1699900953\n|switch|p1b: Sinistcha|Sinistcha, L50|100\/100\n|-heal|p1a: Iron Hands|96\/100 brn|[from] ability: Hospitality|[of] p1b: Sinistcha\n|turn|5\n|\n|t:|1699900967\n|-terastallize|p2b: Cresselia|Dark\n|move|p1a: Iron Hands|Protect||[still]\n|-fail|p1a: Iron Hands\n|move|p2a: Arcanine|Snarl|p1b: Sinistcha|[spread] p1a,p1b\n|-resisted|p1a: Iron Hands\n|-supereffective|p1b: Sinistcha\n|-damage|p1a: Iron Hands|92\/100 brn\n|-damage|p1b: Sinistcha|76\/100\n|-unboost|p1a: Iron Hands|spa|1\n|-unboost|p1b: Sinistcha|spa|1\n|move|p2b: Cresselia|Stored Power|p1a: Iron Hands\n|-supereffective|p1a: Iron Hands\n|-damage|p1a: Iron Hands|0 fnt\n|faint|p1a: Iron Hands\n|-end|p1a: Iron Hands|Quark Drive|[silent]\n|move|p1b: Sinistcha|Trick Room|p1b: Sinistcha\n|-fieldstart|move: Trick Room|[of] p1b: Sinistcha\n|\n|-weather|RainDance|[upkeep]\n|upkeep\n|turn|6\n|-message|maxfactor forfeited.\n|\n|win|tomachovgc\n|raw|maxfactor's rating: 1479 &rarr; <strong>1450<\/strong><br \/>(-29 for losing)\n|raw|tomachovgc's rating: 1318 &rarr; <strong>1347<\/strong><br \/>(+29 for winning)\n|l|\u2606maxfactor\n","uploadtime":1699901000,"views":19,"p1id":"maxfactor","p2id":"tomachovgc","formatid":"gen9vgc2023regulatione","rating":1347,"private":0,"password":""}