{"id":"gen9vgc2023regulatione-1994240594","p1":"DarkCanucks4006","p2":"1stTempest","format":"[Gen 9] VGC 2023 Regulation E","log":"|j|\u2606DarkCanucks4006\n|j|\u26061stTempest\n|t:|1700422437\n|gametype|doubles\n|player|p1|DarkCanucks4006|266|1163\n|player|p2|1stTempest|norman|1149\n|teamsize|p1|6\n|teamsize|p2|6\n|gen|9\n|tier|[Gen 9] VGC 2023 Regulation E\n|rated|\n|rule|Species Clause: Limit one of each Pok\u00e9mon\n|rule|Item Clause: Limit one of each item\n|clearpoke\n|poke|p1|Pelipper, L50, F|\n|poke|p1|Tornadus, L50, M|\n|poke|p1|Thundurus-Therian, L50, M|\n|poke|p1|Landorus-Therian, L50, M|\n|poke|p1|Iron Bundle, L50|\n|poke|p1|Typhlosion-Hisui, L50, M|\n|poke|p2|Gliscor, L50, F|\n|poke|p2|Ting-Lu, L50|\n|poke|p2|Wo-Chien, L50|\n|poke|p2|Cresselia, L50, F|\n|poke|p2|Glimmora, L50, F|\n|poke|p2|Clefable, L50, F|\n|teampreview|4\n|\n|t:|1700422451\n|start\n|switch|p1a: Pelipper|Pelipper, L50, F|100\/100\n|switch|p1b: Tornadus|Tornadus, L50, M|100\/100\n|switch|p2a: Ting-Lu|Ting-Lu, L50|100\/100\n|switch|p2b: Glimmora|Glimmora, L50, F|100\/100\n|-ability|p2a: Ting-Lu|Vessel of Ruin\n|-weather|RainDance|[from] ability: Drizzle|[of] p1a: Pelipper\n|turn|1\n|\n|t:|1700422466\n|move|p1b: Tornadus|Taunt|p2a: Ting-Lu\n|-hint|Since gen 7, Dark is immune to Prankster moves.\n|-immune|p2a: Ting-Lu\n|move|p2b: Glimmora|Mortal Spin|p1b: Tornadus|[spread] p1a,p1b\n|-damage|p1a: Pelipper|97\/100\n|-damage|p1b: Tornadus|94\/100\n|-status|p1a: Pelipper|psn\n|-status|p1b: Tornadus|psn\n|move|p2a: Ting-Lu|Stealth Rock|p1a: Pelipper\n|-sidestart|p1: DarkCanucks4006|move: Stealth Rock\n|move|p1a: Pelipper|Hurricane|p2a: Ting-Lu\n|-damage|p2a: Ting-Lu|85\/100\n|-start|p2a: Ting-Lu|confusion\n|\n|-weather|RainDance|[upkeep]\n|-heal|p2a: Ting-Lu|91\/100|[from] item: Leftovers\n|-heal|p1a: Pelipper|100\/100 psn|[from] item: Leftovers\n|-damage|p1b: Tornadus|82\/100 psn|[from] psn\n|-damage|p1a: Pelipper|89\/100 psn|[from] psn\n|upkeep\n|turn|2\n|\n|t:|1700422489\n|move|p1b: Tornadus|Tailwind|p1b: Tornadus\n|-sidestart|p1: DarkCanucks4006|move: Tailwind\n|move|p2b: Glimmora|Spikes|p1b: Tornadus\n|-sidestart|p1: DarkCanucks4006|Spikes\n|move|p1a: Pelipper|U-turn|p2a: Ting-Lu\n|-supereffective|p2a: Ting-Lu\n|-damage|p2a: Ting-Lu|80\/100\n|\n|t:|1700422497\n|switch|p1a: Iron Bundle|Iron Bundle, L50|100\/100|[from] U-turn\n|-damage|p1a: Iron Bundle|76\/100|[from] Stealth Rock\n|-damage|p1a: Iron Bundle|64\/100|[from] Spikes\n|-enditem|p1a: Iron Bundle|Booster Energy\n|-activate|p1a: Iron Bundle|ability: Quark Drive|[fromitem]\n|-start|p1a: Iron Bundle|quarkdrivespa\n|-activate|p2a: Ting-Lu|confusion\n|move|p2a: Ting-Lu|Ruination|p1a: Iron Bundle\n|-damage|p1a: Iron Bundle|33\/100\n|\n|-weather|RainDance|[upkeep]\n|-heal|p2a: Ting-Lu|86\/100|[from] item: Leftovers\n|-damage|p1b: Tornadus|69\/100 psn|[from] psn\n|upkeep\n|turn|3\n|\n|t:|1700422522\n|move|p2b: Glimmora|Spiky Shield|p2b: Glimmora\n|-singleturn|p2b: Glimmora|move: Protect\n|-end|p2a: Ting-Lu|confusion\n|move|p2a: Ting-Lu|Protect|p2a: Ting-Lu\n|-singleturn|p2a: Ting-Lu|Protect\n|move|p1a: Iron Bundle|Hydro Pump|p2a: Ting-Lu\n|-activate|p2a: Ting-Lu|move: Protect\n|move|p1b: Tornadus|Bleakwind Storm|p2b: Glimmora|[spread] \n|-activate|p2a: Ting-Lu|move: Protect\n|-activate|p2b: Glimmora|move: Protect\n|\n|-weather|RainDance|[upkeep]\n|-heal|p2a: Ting-Lu|92\/100|[from] item: Leftovers\n|-damage|p1b: Tornadus|57\/100 psn|[from] psn\n|upkeep\n|turn|4\n|inactive|Battle timer is ON: inactive players will automatically lose when time's up. (requested by DarkCanucks4006)\n|\n|t:|1700422542\n|switch|p2a: Cresselia|Cresselia, L50, F|100\/100\n|move|p1a: Iron Bundle|Hydro Pump|p2a: Cresselia\n|-damage|p2a: Cresselia|26\/100\n|move|p1b: Tornadus|Bleakwind Storm|p2b: Glimmora|[spread] p2a,p2b\n|-resisted|p2b: Glimmora\n|-damage|p2a: Cresselia|4\/100\n|-damage|p2b: Glimmora|75\/100\n|-unboost|p2a: Cresselia|spe|1\n|-unboost|p2b: Glimmora|spe|1\n|move|p2b: Glimmora|Mortal Spin|p1a: Iron Bundle|[spread] p1a,p1b\n|-damage|p1a: Iron Bundle|27\/100\n|-damage|p1b: Tornadus|50\/100 psn\n|-status|p1a: Iron Bundle|psn\n|\n|-weather|RainDance|[upkeep]\n|-damage|p1a: Iron Bundle|15\/100 psn|[from] psn\n|-damage|p1b: Tornadus|38\/100 psn|[from] psn\n|upkeep\n|turn|5\n|\n|t:|1700422561\n|move|p2b: Glimmora|Spiky Shield|p2b: Glimmora\n|-singleturn|p2b: Glimmora|move: Protect\n|move|p2a: Cresselia|Protect|p2a: Cresselia\n|-singleturn|p2a: Cresselia|Protect\n|move|p1a: Iron Bundle|Hydro Pump|p2b: Glimmora\n|-activate|p2b: Glimmora|move: Protect\n|move|p1b: Tornadus|Bleakwind Storm|p2a: Cresselia|[spread] \n|-activate|p2a: Cresselia|move: Protect\n|-activate|p2b: Glimmora|move: Protect\n|\n|-weather|none\n|-damage|p1a: Iron Bundle|3\/100 psn|[from] psn\n|-damage|p1b: Tornadus|26\/100 psn|[from] psn\n|-sideend|p1: DarkCanucks4006|move: Tailwind\n|upkeep\n|turn|6\n|inactive|1stTempest has 30 seconds left.\n|inactive|1stTempest has 20 seconds left.\n|inactive|1stTempest has 15 seconds left.\n|\n|t:|1700422603\n|switch|p2a: Ting-Lu|Ting-Lu, L50|92\/100\n|-ability|p2a: Ting-Lu|Vessel of Ruin\n|move|p1a: Iron Bundle|Hydro Pump|p2b: Glimmora\n|-supereffective|p2b: Glimmora\n|-damage|p2b: Glimmora|0 fnt\n|faint|p2b: Glimmora\n|move|p1b: Tornadus|Bleakwind Storm|p2a: Ting-Lu\n|-damage|p2a: Ting-Lu|72\/100\n|-unboost|p2a: Ting-Lu|spe|1\n|\n|-heal|p2a: Ting-Lu|78\/100|[from] item: Leftovers\n|-damage|p1a: Iron Bundle|0 fnt|[from] psn\n|faint|p1a: Iron Bundle\n|-end|p1a: Iron Bundle|Quark Drive|[silent]\n|-damage|p1b: Tornadus|13\/100 psn|[from] psn\n|upkeep\n|\n|t:|1700422619\n|switch|p1a: Pelipper|Pelipper, L50, F|89\/100 psn\n|switch|p2b: Gliscor|Gliscor, L50, F|100\/100\n|-damage|p1a: Pelipper|64\/100 psn|[from] Stealth Rock\n|-weather|RainDance|[from] ability: Drizzle|[of] p1a: Pelipper\n|turn|7\n|\n|t:|1700422637\n|-terastallize|p2b: Gliscor|Poison\n|move|p1b: Tornadus|Bleakwind Storm|p2b: Gliscor|[spread] p2a,p2b\n|-damage|p2a: Ting-Lu|63\/100\n|-damage|p2b: Gliscor|75\/100\n|move|p2b: Gliscor|Knock Off|p1a: Pelipper\n|-damage|p1a: Pelipper|47\/100 psn\n|-enditem|p1a: Pelipper|Leftovers|[from] move: Knock Off|[of] p2b: Gliscor\n|move|p1a: Pelipper|Knock Off|p2b: Gliscor\n|-damage|p2b: Gliscor|65\/100\n|-enditem|p2b: Gliscor|Toxic Orb|[from] move: Knock Off|[of] p1a: Pelipper\n|move|p2a: Ting-Lu|Ruination|p1a: Pelipper|[miss]\n|-miss|p2a: Ting-Lu|p1a: Pelipper\n|\n|-weather|RainDance|[upkeep]\n|-heal|p2a: Ting-Lu|69\/100|[from] item: Leftovers\n|-damage|p1b: Tornadus|1\/100 psn|[from] psn\n|-damage|p1a: Pelipper|35\/100 psn|[from] psn\n|upkeep\n|turn|8\n|\n|t:|1700422655\n|move|p2b: Gliscor|Protect|p2b: Gliscor\n|-singleturn|p2b: Gliscor|Protect\n|move|p2a: Ting-Lu|Protect|p2a: Ting-Lu\n|-singleturn|p2a: Ting-Lu|Protect\n|move|p1b: Tornadus|Bleakwind Storm|p2b: Gliscor|[spread] \n|-activate|p2a: Ting-Lu|move: Protect\n|-activate|p2b: Gliscor|move: Protect\n|move|p1a: Pelipper|Knock Off|p2a: Ting-Lu\n|-activate|p2a: Ting-Lu|move: Protect\n|\n|-weather|RainDance|[upkeep]\n|-heal|p2a: Ting-Lu|75\/100|[from] item: Leftovers\n|-damage|p1b: Tornadus|0 fnt|[from] psn\n|faint|p1b: Tornadus\n|-damage|p1a: Pelipper|23\/100 psn|[from] psn\n|upkeep\n|\n|t:|1700422658\n|switch|p1b: Thundurus|Thundurus-Therian, L50, M|100\/100\n|-damage|p1b: Thundurus|76\/100|[from] Stealth Rock\n|turn|9\n|\n|t:|1700422678\n|move|p1b: Thundurus|Nasty Plot|p1b: Thundurus\n|-boost|p1b: Thundurus|spa|2\n|move|p2b: Gliscor|Knock Off|p1b: Thundurus\n|-damage|p1b: Thundurus|45\/100\n|-enditem|p1b: Thundurus|Life Orb|[from] move: Knock Off|[of] p2b: Gliscor\n|move|p1a: Pelipper|Knock Off|p2b: Gliscor\n|-damage|p2b: Gliscor|58\/100\n|move|p2a: Ting-Lu|Ruination|p1b: Thundurus\n|-damage|p1b: Thundurus|23\/100\n|\n|-weather|RainDance|[upkeep]\n|-heal|p2a: Ting-Lu|81\/100|[from] item: Leftovers\n|-damage|p1a: Pelipper|11\/100 psn|[from] psn\n|upkeep\n|turn|10\n|\n|t:|1700422696\n|-terastallize|p1b: Thundurus|Ice\n|move|p1b: Thundurus|Tera Blast|p2a: Ting-Lu|[anim] Tera Blast Ice\n|-supereffective|p2a: Ting-Lu\n|-damage|p2a: Ting-Lu|0 fnt\n|faint|p2a: Ting-Lu\n|move|p2b: Gliscor|Knock Off|p1b: Thundurus\n|-damage|p1b: Thundurus|0 fnt\n|faint|p1b: Thundurus\n|move|p1a: Pelipper|Hurricane|p2b: Gliscor\n|-damage|p2b: Gliscor|23\/100\n|\n|-weather|RainDance|[upkeep]\n|-damage|p1a: Pelipper|0 fnt|[from] psn\n|faint|p1a: Pelipper\n|\n|win|1stTempest\n|upkeep\n|raw|DarkCanucks4006's rating: 1163 &rarr; <strong>1137<\/strong><br \/>(-26 for losing)\n|raw|1stTempest's rating: 1149 &rarr; <strong>1175<\/strong><br \/>(+26 for winning)\n|l|\u2606DarkCanucks4006\n","uploadtime":1700422712,"views":7,"p1id":"darkcanucks4006","p2id":"1sttempest","formatid":"gen9vgc2023regulatione","rating":1137,"private":0,"password":""}