{"id":"gen9vgc2023regulatione-1995413125","p1":"Refanner","p2":"Tilifee","format":"[Gen 9] VGC 2023 Regulation E","log":"|j|\u2606Refanner\n|j|\u2606Tilifee\n|t:|1700567503\n|gametype|doubles\n|player|p1|Refanner|265|1352\n|player|p2|Tilifee|266|1439\n|teamsize|p1|6\n|teamsize|p2|6\n|gen|9\n|tier|[Gen 9] VGC 2023 Regulation E\n|rated|\n|rule|Species Clause: Limit one of each Pok\u00e9mon\n|rule|Item Clause: Limit one of each item\n|clearpoke\n|poke|p1|Glimmora, L50, M|\n|poke|p1|Urshifu-*, L50, M|\n|poke|p1|Tornadus, L50, M|\n|poke|p1|Mamoswine, L50, F|\n|poke|p1|Indeedee-F, L50, F|\n|poke|p1|Regieleki, L50|\n|poke|p2|Ursaluna, L50, M|\n|poke|p2|Cresselia, L50, F|\n|poke|p2|Flutter Mane, L50|\n|poke|p2|Arcanine-Hisui, L50, F|\n|poke|p2|Urshifu-*, L50, M|\n|poke|p2|Ogerpon-Wellspring, L50, F|\n|teampreview|4\n|inactive|Battle timer is ON: inactive players will automatically lose when time's up. (requested by Tilifee)\n|\n|t:|1700567567\n|start\n|switch|p1a: Urshifu|Urshifu, L50, M|100\/100\n|switch|p1b: Indeedee|Indeedee-F, L50, F|100\/100\n|switch|p2a: Ursaluna|Ursaluna, L50, M|100\/100\n|switch|p2b: Cresselia|Cresselia, L50, F|100\/100\n|-fieldstart|move: Psychic Terrain|[from] ability: Psychic Surge|[of] p1b: Indeedee\n|-enditem|p1b: Indeedee|Psychic Seed\n|-boost|p1b: Indeedee|spd|1|[from] item: Psychic Seed\n|turn|1\n|\n|t:|1700567585\n|move|p1b: Indeedee|Helping Hand|p1a: Urshifu\n|-singleturn|p1a: Urshifu|Helping Hand|[of] p1b: Indeedee\n|move|p2a: Ursaluna|Protect|p2a: Ursaluna\n|-singleturn|p2a: Ursaluna|Protect\n|move|p1a: Urshifu|Wicked Blow|p2b: Cresselia\n|-supereffective|p2b: Cresselia\n|-crit|p2b: Cresselia\n|-damage|p2b: Cresselia|0 fnt\n|faint|p2b: Cresselia\n|\n|-status|p2a: Ursaluna|brn|[from] item: Flame Orb\n|upkeep\n|\n|t:|1700567606\n|switch|p2b: Flutter Mane|Flutter Mane, L50|100\/100\n|turn|2\n|inactive|Refanner has 30 seconds left.\n|\n|t:|1700567639\n|-terastallize|p2b: Flutter Mane|Fairy\n|-terastallize|p1a: Urshifu|Poison\n|move|p1b: Indeedee|Helping Hand|p1a: Urshifu\n|-singleturn|p1a: Urshifu|Helping Hand|[of] p1b: Indeedee\n|move|p2b: Flutter Mane|Dazzling Gleam|p1a: Urshifu|[spread] p1a,p1b\n|-resisted|p1a: Urshifu\n|-damage|p1a: Urshifu|65\/100\n|-damage|p1b: Indeedee|59\/100\n|move|p1a: Urshifu|Close Combat|p2a: Ursaluna\n|-supereffective|p2a: Ursaluna\n|-damage|p2a: Ursaluna|0 fnt\n|-unboost|p1a: Urshifu|def|1\n|-unboost|p1a: Urshifu|spd|1\n|faint|p2a: Ursaluna\n|\n|upkeep\n|\n|t:|1700567659\n|switch|p2a: Urshifu|Urshifu, L50, M|100\/100\n|turn|3\n|\n|t:|1700567674\n|move|p1b: Indeedee|Follow Me|p1b: Indeedee\n|-singleturn|p1b: Indeedee|move: Follow Me\n|move|p2b: Flutter Mane|Dazzling Gleam|p1a: Urshifu|[spread] p1a,p1b\n|-resisted|p1a: Urshifu\n|-damage|p1a: Urshifu|8\/100\n|-damage|p1b: Indeedee|23\/100\n|move|p1a: Urshifu|Close Combat|p2a: Urshifu\n|-supereffective|p2a: Urshifu\n|-enditem|p2a: Urshifu|Focus Sash\n|-damage|p2a: Urshifu|1\/100\n|-unboost|p1a: Urshifu|def|1\n|-unboost|p1a: Urshifu|spd|1\n|move|p2a: Urshifu|Wicked Blow|p1b: Indeedee\n|-supereffective|p1b: Indeedee\n|-crit|p1b: Indeedee\n|-damage|p1b: Indeedee|0 fnt\n|faint|p1b: Indeedee\n|\n|upkeep\n|\n|t:|1700567689\n|switch|p1b: Regieleki|Regieleki, L50|100\/100\n|turn|4\n|\n|t:|1700567700\n|move|p1a: Urshifu|Protect|p1a: Urshifu\n|-singleturn|p1a: Urshifu|Protect\n|move|p2a: Urshifu|Detect|p2a: Urshifu\n|-singleturn|p2a: Urshifu|Protect\n|move|p1b: Regieleki|Electroweb|p2b: Flutter Mane|[spread] p2b\n|-activate|p2a: Urshifu|move: Protect\n|-damage|p2b: Flutter Mane|79\/100\n|-unboost|p2b: Flutter Mane|spe|1\n|move|p2b: Flutter Mane|Dazzling Gleam|p1b: Regieleki|[spread] p1b\n|-activate|p1a: Urshifu|move: Protect\n|-damage|p1b: Regieleki|0 fnt\n|faint|p1b: Regieleki\n|\n|upkeep\n|\n|t:|1700567713\n|switch|p1b: Tornadus|Tornadus, L50, M|100\/100\n|turn|5\n|inactive|Refanner has 30 seconds left.\n|inactive|Refanner has 20 seconds left.\n|inactive|Refanner has 15 seconds left.\n|inactive|Refanner has 10 seconds left.\n|\n|t:|1700567758\n|move|p1a: Urshifu|Protect||[still]\n|-fail|p1a: Urshifu\n|move|p2a: Urshifu|Wicked Blow|p1a: Urshifu\n|-crit|p1a: Urshifu\n|-damage|p1a: Urshifu|0 fnt\n|faint|p1a: Urshifu\n|move|p2b: Flutter Mane|Dazzling Gleam|p1b: Tornadus\n|-damage|p1b: Tornadus|22\/100\n|move|p1b: Tornadus|Bleakwind Storm|p2b: Flutter Mane|[spread] p2b\n|-miss|p1b: Tornadus|p2a: Urshifu\n|-damage|p2b: Flutter Mane|48\/100\n|\n|-fieldend|move: Psychic Terrain\n|upkeep\n|turn|6\n|\n|t:|1700567778\n|move|p2a: Urshifu|Wicked Blow|p1b: Tornadus\n|-crit|p1b: Tornadus\n|-damage|p1b: Tornadus|0 fnt\n|-damage|p2a: Urshifu|0 fnt|[from] item: Rocky Helmet|[of] p1b: Tornadus\n|faint|p1b: Tornadus\n|faint|p2a: Urshifu\n|\n|win|Tilifee\n|raw|Refanner's rating: 1352 &rarr; <strong>1337<\/strong><br \/>(-15 for losing)\n|raw|Tilifee's rating: 1439 &rarr; <strong>1454<\/strong><br \/>(+15 for winning)\n|l|\u2606Tilifee\n","uploadtime":1700567786,"views":10,"p1id":"refanner","p2id":"tilifee","formatid":"gen9vgc2023regulatione","rating":1337,"private":0,"password":""}