{"id":"gen9vgc2023regulatione-1999195875","p1":"Evendot","p2":"Noassatall","format":"[Gen 9] VGC 2023 Regulation E","log":"|j|\u2606Evendot\n|j|\u2606Noassatall\n|t:|1701044071\n|gametype|doubles\n|player|p1|Evendot|266|\n|player|p2|Noassatall|102|\n|teamsize|p1|6\n|teamsize|p2|6\n|gen|9\n|tier|[Gen 9] VGC 2023 Regulation E\n|rule|Species Clause: Limit one of each Pok\u00e9mon\n|rule|Item Clause: Limit one of each item\n|clearpoke\n|poke|p1|Dondozo, L50, F|\n|poke|p1|Mismagius, L50, F|\n|poke|p1|Scizor, L50, M|\n|poke|p1|Lucario, L50, M|\n|poke|p1|Arboliva, L50, M|\n|poke|p1|Rotom-Wash, L50|\n|poke|p2|Mimikyu, L50, F|\n|poke|p2|Flamigo, L50, M|\n|poke|p2|Klefki, L50, M|\n|poke|p2|Meowscarada, L50, M|\n|poke|p2|Slowking, L50, F|\n|poke|p2|Slaking, L50, F|\n|teampreview|4\n|\n|t:|1701044109\n|start\n|switch|p1a: Dondozo|Dondozo, L50, F|100\/100\n|switch|p1b: Rotom|Rotom-Wash, L50|100\/100\n|switch|p2a: Klefki|Klefki, L50, M|100\/100\n|switch|p2b: Mimikyu|Mimikyu, L50, F|100\/100\n|turn|1\n|j| dlore\n|\n|t:|1701044147\n|move|p2a: Klefki|Reflect|p2a: Klefki\n|-sidestart|p2: Noassatall|Reflect\n|move|p1b: Rotom|Will-O-Wisp|p2b: Mimikyu\n|-status|p2b: Mimikyu|brn\n|move|p2b: Mimikyu|Substitute|p2b: Mimikyu\n|-start|p2b: Mimikyu|Substitute\n|-damage|p2b: Mimikyu|76\/100 brn\n|move|p1a: Dondozo|Crunch|p2b: Mimikyu\n|-activate|p2b: Mimikyu|move: Substitute|[damage]\n|\n|-damage|p2b: Mimikyu|70\/100 brn|[from] brn\n|upkeep\n|turn|2\n|\n|t:|1701044169\n|move|p2a: Klefki|Thunder Wave|p1a: Dondozo\n|-status|p1a: Dondozo|par\n|move|p1b: Rotom|Volt Switch|p2b: Mimikyu\n|-end|p2b: Mimikyu|Substitute\n|\n|t:|1701044177\n|switch|p1b: Mismagius|Mismagius, L50, F|100\/100|[from] Volt Switch\n|move|p2b: Mimikyu|Swords Dance|p2b: Mimikyu\n|-boost|p2b: Mimikyu|atk|2\n|move|p1a: Dondozo|Body Press|p2a: Klefki\n|-damage|p2a: Klefki|83\/100\n|\n|-damage|p2b: Mimikyu|63\/100 brn|[from] brn\n|upkeep\n|turn|3\n|\n|t:|1701044205\n|move|p2b: Mimikyu|Shadow Sneak|p1b: Mismagius\n|-supereffective|p1b: Mismagius\n|-damage|p1b: Mismagius|47\/100\n|move|p2a: Klefki|Light Screen|p2a: Klefki\n|-sidestart|p2: Noassatall|move: Light Screen\n|move|p1b: Mismagius|Mystical Fire|p2a: Klefki\n|-supereffective|p2a: Klefki\n|-damage|p2a: Klefki|44\/100\n|-unboost|p2a: Klefki|spa|1\n|move|p1a: Dondozo|Crunch|p2b: Mimikyu\n|-activate|p2b: Mimikyu|ability: Disguise\n|-damage|p2b: Mimikyu|63\/100 brn\n|detailschange|p2b: Mimikyu|Mimikyu-Busted, L50, F\n|-damage|p2b: Mimikyu|51\/100 brn|[from] pokemon: Mimikyu-Busted\n|\n|-damage|p2b: Mimikyu|45\/100 brn|[from] brn\n|upkeep\n|-enditem|p2b: Mimikyu|Sitrus Berry|[eat]\n|-heal|p2b: Mimikyu|70\/100 brn|[from] item: Sitrus Berry\n|turn|4\n|\n|t:|1701044241\n|switch|p2a: Slowking|Slowking, L50, F|100\/100\n|move|p2b: Mimikyu|Shadow Sneak|p1b: Mismagius\n|-supereffective|p1b: Mismagius\n|-damage|p1b: Mismagius|0 fnt\n|faint|p1b: Mismagius\n|move|p1a: Dondozo|Crunch|p2b: Mimikyu\n|-damage|p2b: Mimikyu|54\/100 brn\n|\n|-damage|p2b: Mimikyu|47\/100 brn|[from] brn\n|upkeep\n|\n|t:|1701044255\n|switch|p1b: Scizor|Scizor, L50, M, shiny|100\/100\n|turn|5\n|\n|t:|1701044276\n|move|p2b: Mimikyu|Substitute|p2b: Mimikyu\n|-start|p2b: Mimikyu|Substitute\n|-damage|p2b: Mimikyu|23\/100 brn\n|move|p1b: Scizor|Trailblaze|p2a: Slowking\n|-supereffective|p2a: Slowking\n|-damage|p2a: Slowking|54\/100\n|-boost|p1b: Scizor|spe|1\n|move|p2a: Slowking|Icy Wind|p1b: Scizor|[spread] p1a,p1b\n|-resisted|p1a: Dondozo\n|-resisted|p1b: Scizor\n|-damage|p1a: Dondozo|94\/100 par\n|-damage|p1b: Scizor|91\/100\n|-unboost|p1a: Dondozo|spe|1\n|-unboost|p1b: Scizor|spe|1\n|cant|p1a: Dondozo|par\n|\n|-heal|p2a: Slowking|60\/100|[from] item: Leftovers\n|-heal|p1a: Dondozo|100\/100 par|[from] item: Leftovers\n|-damage|p2b: Mimikyu|17\/100 brn|[from] brn\n|upkeep\n|turn|6\n|\n|t:|1701044382\n|switch|p2a: Klefki|Klefki, L50, M|44\/100\n|move|p2b: Mimikyu|Play Rough|p1a: Dondozo\n|-damage|p1a: Dondozo|93\/100 par\n|move|p1b: Scizor|Trailblaze|p2a: Klefki\n|-resisted|p2a: Klefki\n|-damage|p2a: Klefki|36\/100\n|-boost|p1b: Scizor|spe|1\n|move|p1a: Dondozo|Crunch|p2a: Klefki\n|-resisted|p2a: Klefki\n|-damage|p2a: Klefki|32\/100\n|-unboost|p2a: Klefki|def|1\n|\n|-heal|p1a: Dondozo|99\/100 par|[from] item: Leftovers\n|-damage|p2b: Mimikyu|10\/100 brn|[from] brn\n|upkeep\n|turn|7\n|\n|t:|1701044437\n|switch|p1b: Rotom|Rotom-Wash, L50|100\/100\n|move|p2b: Mimikyu|Shadow Sneak|p1a: Dondozo\n|-damage|p1a: Dondozo|95\/100 par\n|move|p2a: Klefki|Thunder Wave|p1b: Rotom\n|-immune|p1b: Rotom\n|move|p1a: Dondozo|Liquidation|p2a: Klefki\n|-damage|p2a: Klefki|14\/100\n|\n|-heal|p1a: Dondozo|100\/100 par|[from] item: Leftovers\n|-damage|p2b: Mimikyu|4\/100 brn|[from] brn\n|upkeep\n|turn|8\n|\n|t:|1701044484\n|move|p2b: Mimikyu|Play Rough|p1b: Rotom\n|-damage|p1b: Rotom|59\/100\n|move|p1b: Rotom|Volt Switch|p2a: Klefki\n|-damage|p2a: Klefki|0 fnt\n|faint|p2a: Klefki\n|\n|t:|1701044497\n|switch|p1b: Scizor|Scizor, L50, M, shiny|91\/100|[from] Volt Switch\n|move|p1a: Dondozo|Body Press|p2b: Mimikyu\n|-immune|p2b: Mimikyu\n|\n|-damage|p2b: Mimikyu|0 fnt|[from] brn\n|faint|p2b: Mimikyu\n|-sideend|p2: Noassatall|Reflect\n|upkeep\n|\n|t:|1701044525\n|switch|p2b: Slaking|Slaking, L50, F|100\/100\n|switch|p2a: Slowking|Slowking, L50, F|94\/100\n|turn|9\n|\n|t:|1701044548\n|move|p1b: Scizor|Trailblaze|p2a: Slowking\n|-supereffective|p2a: Slowking\n|-damage|p2a: Slowking|32\/100\n|-boost|p1b: Scizor|spe|1\n|move|p2b: Slaking|Fire Punch|p1b: Scizor\n|-supereffective|p1b: Scizor\n|-damage|p1b: Scizor|0 fnt\n|faint|p1b: Scizor\n|-damage|p2b: Slaking|91\/100|[from] item: Life Orb\n|move|p2a: Slowking|Skill Swap|p2b: Slaking\n|-activate|p2a: Slowking|move: Skill Swap|||[of] p2b: Slaking\n|move|p1a: Dondozo|Body Press|p2b: Slaking\n|-supereffective|p2b: Slaking\n|-damage|p2b: Slaking|51\/100\n|\n|-heal|p2a: Slowking|38\/100|[from] item: Leftovers\n|upkeep\n|\n|t:|1701044565\n|switch|p1b: Rotom|Rotom-Wash, L50|59\/100\n|turn|10\n|\n|t:|1701044587\n|move|p1b: Rotom|Volt Switch|p2a: Slowking\n|-supereffective|p2a: Slowking\n|-damage|p2a: Slowking|0 fnt\n|faint|p2a: Slowking\n|move|p2b: Slaking|Slack Off|p2b: Slaking\n|-heal|p2b: Slaking|100\/100\n|cant|p1a: Dondozo|par\n|\n|-sideend|p2: Noassatall|move: Light Screen\n|upkeep\n|turn|11\n|\n|t:|1701044603\n|-terastallize|p1a: Dondozo|Fighting\n|move|p1b: Rotom|Will-O-Wisp|p2b: Slaking\n|-status|p2b: Slaking|brn\n|move|p2b: Slaking|Play Rough|p1b: Rotom\n|-crit|p1b: Rotom\n|-damage|p1b: Rotom|2\/100\n|-damage|p2b: Slaking|91\/100 brn|[from] item: Life Orb\n|cant|p1a: Dondozo|par\n|\n|-damage|p2b: Slaking|85\/100 brn|[from] brn\n|upkeep\n|turn|12\n|\n|t:|1701044625\n|move|p1b: Rotom|Volt Switch|p2b: Slaking\n|-damage|p2b: Slaking|48\/100 brn\n|move|p2b: Slaking|Fire Punch|p1b: Rotom\n|-resisted|p1b: Rotom\n|-damage|p1b: Rotom|0 fnt\n|faint|p1b: Rotom\n|-damage|p2b: Slaking|39\/100 brn|[from] item: Life Orb\n|move|p1a: Dondozo|Body Press|p2b: Slaking\n|-supereffective|p2b: Slaking\n|-damage|p2b: Slaking|0 fnt\n|faint|p2b: Slaking\n|\n|win|Evendot\n|l|\u2606Noassatall\n","uploadtime":1701044648,"views":9,"p1id":"evendot","p2id":"noassatall","formatid":"gen9vgc2023regulatione","rating":0,"private":0,"password":""}