{"id":"gen9vgc2023regulatione-1993330514","p1":"ricavr","p2":"Mortipherus","format":"[Gen 9] VGC 2023 Regulation E","log":"|j|\u2606ricavr\n|j|\u2606Mortipherus\n|t:|1700299762\n|gametype|doubles\n|player|p1|ricavr|cynthia-gen4|1116\n|player|p2|Mortipherus|biker-gen4|1225\n|teamsize|p1|6\n|teamsize|p2|6\n|gen|9\n|tier|[Gen 9] VGC 2023 Regulation E\n|rated|\n|rule|Species Clause: Limit one of each Pok\u00e9mon\n|rule|Item Clause: Limit one of each item\n|clearpoke\n|poke|p1|Flutter Mane, L50|\n|poke|p1|Iron Hands, L50|\n|poke|p1|Iron Bundle, L50|\n|poke|p1|Amoonguss, L50, F|\n|poke|p1|Arcanine, L50, F|\n|poke|p1|Roaring Moon, L50|\n|poke|p2|Ursaluna-Bloodmoon, L50, M|\n|poke|p2|Iron Hands, L50|\n|poke|p2|Flutter Mane, L50|\n|poke|p2|Urshifu-*, L50, F|\n|poke|p2|Ogerpon-Cornerstone, L50, F|\n|poke|p2|Farigiraf, L50, M|\n|teampreview|4\nricavr rejected open team sheets.\n|\n|t:|1700299781\n|start\n|switch|p1a: Flutter Mane|Flutter Mane, L50|100\/100\n|switch|p1b: Iron Hands|Iron Hands, L50|100\/100\n|switch|p2a: Ogerpon|Ogerpon-Cornerstone, L50, F|100\/100\n|switch|p2b: Farigiraf|Farigiraf, L50, M|100\/100\n|turn|1\n|inactive|Battle timer is ON: inactive players will automatically lose when time's up. (requested by Mortipherus)\n|\n|t:|1700299797\n|move|p1b: Iron Hands|Fake Out||[still]\n|cant|p2b: Farigiraf|ability: Armor Tail|Fake Out|[of] p1b: Iron Hands\n|move|p2a: Ogerpon|Follow Me|p2a: Ogerpon\n|-singleturn|p2a: Ogerpon|move: Follow Me\n|move|p1a: Flutter Mane|Shadow Ball|p2a: Ogerpon\n|-damage|p2a: Ogerpon|60\/100\n|move|p2b: Farigiraf|Trick Room|p2b: Farigiraf\n|-fieldstart|move: Trick Room|[of] p2b: Farigiraf\n|\n|upkeep\n|turn|2\n|\n|t:|1700299814\n|move|p2b: Farigiraf|Helping Hand|p2a: Ogerpon\n|-singleturn|p2a: Ogerpon|Helping Hand|[of] p2b: Farigiraf\n|move|p1b: Iron Hands|Drain Punch|p2a: Ogerpon\n|-supereffective|p2a: Ogerpon\n|-damage|p2a: Ogerpon|0 fnt\n|faint|p2a: Ogerpon\n|move|p1a: Flutter Mane|Shadow Ball|p2b: Farigiraf\n|-immune|p2b: Farigiraf\n|\n|upkeep\n|\n|t:|1700299824\n|switch|p2a: Ursaluna|Ursaluna-Bloodmoon, L50, M|100\/100\n|turn|3\n|\n|t:|1700299840\n|-end|p1b: Iron Hands|Quark Drive|[silent]\n|switch|p1b: Iron Bundle|Iron Bundle, L50|100\/100\n|-enditem|p1b: Iron Bundle|Booster Energy\n|-activate|p1b: Iron Bundle|ability: Quark Drive|[fromitem]\n|-start|p1b: Iron Bundle|quarkdrivespe\n|-terastallize|p2a: Ursaluna|Normal\n|move|p2b: Farigiraf|Helping Hand|p2a: Ursaluna\n|-singleturn|p2a: Ursaluna|Helping Hand|[of] p2b: Farigiraf\n|move|p1a: Flutter Mane|Protect|p1a: Flutter Mane\n|-singleturn|p1a: Flutter Mane|Protect\n|move|p2a: Ursaluna|Blood Moon|p1b: Iron Bundle\n|-damage|p1b: Iron Bundle|0 fnt\n|faint|p1b: Iron Bundle\n|-end|p1b: Iron Bundle|Quark Drive|[silent]\n|-damage|p2a: Ursaluna|90\/100|[from] item: Life Orb\n|\n|upkeep\n|\n|t:|1700299860\n|switch|p1b: Iron Hands|Iron Hands, L50|100\/100\n|turn|4\n|\n|t:|1700299866\n|move|p2b: Farigiraf|Helping Hand|p2a: Ursaluna\n|-singleturn|p2a: Ursaluna|Helping Hand|[of] p2b: Farigiraf\n|move|p1b: Iron Hands|Fake Out||[still]\n|cant|p2b: Farigiraf|ability: Armor Tail|Fake Out|[of] p1b: Iron Hands\n|move|p2a: Ursaluna|Hyper Voice|p1a: Flutter Mane|[spread] p1a,p1b\n|-enditem|p1a: Flutter Mane|Focus Sash\n|-damage|p1a: Flutter Mane|1\/100\n|-damage|p1b: Iron Hands|33\/100\n|-damage|p2a: Ursaluna|80\/100|[from] item: Life Orb\n|move|p1a: Flutter Mane|Dazzling Gleam|p2a: Ursaluna|[spread] p2a,p2b\n|-damage|p2a: Ursaluna|43\/100\n|-damage|p2b: Farigiraf|68\/100\n|\n|upkeep\n|turn|5\n|\n|t:|1700299883\n|move|p2b: Farigiraf|Helping Hand|p2a: Ursaluna\n|-singleturn|p2a: Ursaluna|Helping Hand|[of] p2b: Farigiraf\n|move|p2a: Ursaluna|Hyper Voice|p1b: Iron Hands|[spread] p1a,p1b\n|-damage|p1a: Flutter Mane|0 fnt\n|-damage|p1b: Iron Hands|0 fnt\n|faint|p1a: Flutter Mane\n|-end|p1a: Flutter Mane|Protosynthesis|[silent]\n|faint|p1b: Iron Hands\n|-end|p1b: Iron Hands|Quark Drive|[silent]\n|-damage|p2a: Ursaluna|33\/100|[from] item: Life Orb\n|\n|-fieldend|move: Trick Room\n|upkeep\n|\n|t:|1700299888\n|switch|p1b: Roaring Moon|Roaring Moon, L50|100\/100\n|turn|6\n|\n|t:|1700299902\n|move|p2a: Ursaluna|Protect|p2a: Ursaluna\n|-singleturn|p2a: Ursaluna|Protect\n|move|p1b: Roaring Moon|Throat Chop|p2b: Farigiraf\n|-supereffective|p2b: Farigiraf\n|-crit|p2b: Farigiraf\n|-damage|p2b: Farigiraf|0 fnt\n|faint|p2b: Farigiraf\n|\n|upkeep\n|\n|t:|1700299910\n|switch|p2b: Iron Hands|Iron Hands, L50|100\/100\n|turn|7\n|\n|t:|1700299919\n|move|p2b: Iron Hands|Fake Out|p1b: Roaring Moon\n|-damage|p1b: Roaring Moon|80\/100\n|cant|p1b: Roaring Moon|flinch\n|move|p2a: Ursaluna|Blood Moon|p1b: Roaring Moon\n|-damage|p1b: Roaring Moon|0 fnt\n|faint|p1b: Roaring Moon\n|-end|p1b: Roaring Moon|Protosynthesis|[silent]\n|-damage|p2a: Ursaluna|23\/100|[from] item: Life Orb\n|\n|win|Mortipherus\n|raw|ricavr's rating: 1116 &rarr; <strong>1099<\/strong><br \/>(-17 for losing)\n|raw|Mortipherus's rating: 1225 &rarr; <strong>1242<\/strong><br \/>(+17 for winning)\n|l|\u2606ricavr\n","uploadtime":1700299933,"views":18,"p1id":"ricavr","p2id":"mortipherus","formatid":"gen9vgc2023regulatione","rating":1099,"private":0,"password":""}