{"id":"gen9vgc2023regulatione-1993520591","p1":"Conchoboar3","p2":"DragonairJordan23","format":"[Gen 9] VGC 2023 Regulation E","log":"|j|\u2606Conchoboar3\n|j|\u2606DragonairJordan23\n|t:|1700327495\n|gametype|doubles\n|player|p1|Conchoboar3|169|1330\n|player|p2|DragonairJordan23|kiawe|1421\n|teamsize|p1|6\n|teamsize|p2|6\n|gen|9\n|tier|[Gen 9] VGC 2023 Regulation E\n|rated|\n|rule|Species Clause: Limit one of each Pok\u00e9mon\n|rule|Item Clause: Limit one of each item\n|clearpoke\n|poke|p1|Mamoswine, L50, M|\n|poke|p1|Iron Hands, L50|\n|poke|p1|Grimmsnarl, L50, M|\n|poke|p1|Flutter Mane, L50|\n|poke|p1|Sinistcha, L50|\n|poke|p1|Arcanine-Hisui, L50, M|\n|poke|p2|Indeedee-F, L50, F|\n|poke|p2|Armarouge, L50, F|\n|poke|p2|Sinistcha, L50|\n|poke|p2|Iron Hands, L50|\n|poke|p2|Ninetales-Alola, L50, M|\n|poke|p2|Roaring Moon, L50|\n|teampreview|4\n|\n|t:|1700327513\n|start\n|switch|p1a: Komanoto|Arcanine-Hisui, L50, M|100\/100\n|switch|p1b: Iron Hands|Iron Hands, L50|100\/100\n|switch|p2a: Iron Hands|Iron Hands, L50|100\/100\n|switch|p2b: Ninetales|Ninetales-Alola, L50, M|100\/100\n|-weather|Snow|[from] ability: Snow Warning|[of] p2b: Ninetales\n|-ability|p1a: Komanoto|Intimidate|boost\n|-unboost|p2a: Iron Hands|atk|1\n|-unboost|p2b: Ninetales|atk|1\n|turn|1\n|\n|t:|1700327526\n|-end|p2a: Iron Hands|Quark Drive|[silent]\n|switch|p2a: Indeedee|Indeedee-F, L50, F|100\/100\n|-fieldstart|move: Psychic Terrain|[from] ability: Psychic Surge|[of] p2a: Indeedee\n|move|p1b: Iron Hands|Fake Out|p2b: Ninetales\n|-activate|p2b: Ninetales|move: Psychic Terrain\n|move|p2b: Ninetales|Icy Wind|p1b: Iron Hands|[spread] p1a,p1b\n|-resisted|p1a: Komanoto\n|-damage|p1a: Komanoto|94\/100\n|-damage|p1b: Iron Hands|93\/100\n|-unboost|p1b: Iron Hands|spe|1\n|move|p1a: Komanoto|Flare Blitz|p2b: Ninetales\n|-supereffective|p2b: Ninetales\n|-damage|p2b: Ninetales|12\/100\n|-damage|p1a: Komanoto|70\/100|[from] Recoil\n|\n|-weather|Snow|[upkeep]\n|upkeep\n|turn|2\n|\n|t:|1700327546\n|move|p2b: Ninetales|Aurora Veil|p2b: Ninetales\n|-sidestart|p2: DragonairJordan23|move: Aurora Veil\n|move|p1a: Komanoto|Rock Slide|p2a: Indeedee|[spread] p2a\n|-miss|p1a: Komanoto|p2b: Ninetales\n|-damage|p2a: Indeedee|83\/100\n|move|p1b: Iron Hands|Wild Charge|p2a: Indeedee\n|-damage|p2a: Indeedee|46\/100\n|-damage|p1b: Iron Hands|76\/100|[from] item: Rocky Helmet|[of] p2a: Indeedee\n|-damage|p1b: Iron Hands|69\/100|[from] Recoil\n|cant|p2a: Indeedee|flinch\n|\n|-weather|Snow|[upkeep]\n|upkeep\n|turn|3\n|\n|t:|1700327563\n|move|p2b: Ninetales|Moonblast|p1b: Iron Hands\n|-supereffective|p1b: Iron Hands\n|-damage|p1b: Iron Hands|37\/100\n|move|p1a: Komanoto|Howl|p1a: Komanoto|[spread] p1a,p1b\n|-boost|p1a: Komanoto|atk|1\n|-boost|p1b: Iron Hands|atk|1\n|move|p1b: Iron Hands|Heavy Slam|p2b: Ninetales\n|-supereffective|p2b: Ninetales\n|-damage|p2b: Ninetales|0 fnt\n|faint|p2b: Ninetales\n|move|p2a: Indeedee|Trick Room|p2a: Indeedee\n|-fieldstart|move: Trick Room|[of] p2a: Indeedee\n|\n|-weather|Snow|[upkeep]\n|upkeep\n|\n|t:|1700327571\n|switch|p2b: Armarouge|Armarouge, L50, F|100\/100\n|turn|4\n|\n|t:|1700327583\n|-terastallize|p1b: Iron Hands|Fire\n|-terastallize|p2b: Armarouge|Psychic\n|move|p2a: Indeedee|Follow Me|p2a: Indeedee\n|-singleturn|p2a: Indeedee|move: Follow Me\n|move|p1b: Iron Hands|Wild Charge|p2a: Indeedee\n|-crit|p2a: Indeedee\n|-damage|p2a: Indeedee|0 fnt\n|-damage|p1b: Iron Hands|21\/100|[from] item: Rocky Helmet|[of] p2a: Indeedee\n|faint|p2a: Indeedee\n|-damage|p1b: Iron Hands|12\/100|[from] Recoil\n|move|p2b: Armarouge|Expanding Force|p1b: Iron Hands|[spread] p1a,p1b\n|-damage|p1a: Komanoto|0 fnt\n|-damage|p1b: Iron Hands|0 fnt\n|faint|p1a: Komanoto\n|faint|p1b: Iron Hands\n|-end|p1b: Iron Hands|Quark Drive|[silent]\n|-damage|p2b: Armarouge|91\/100|[from] item: Life Orb\n|\n|-weather|Snow|[upkeep]\n|upkeep\n|\n|t:|1700327592\n|switch|p2a: Iron Hands|Iron Hands, L50|100\/100\n|switch|p1b: Flutter Mane|Flutter Mane, L50, shiny|100\/100\n|switch|p1a: Mamoswine|Mamoswine, L50, M|100\/100\n|-enditem|p1b: Flutter Mane|Booster Energy\n|-activate|p1b: Flutter Mane|ability: Protosynthesis|[fromitem]\n|-start|p1b: Flutter Mane|protosynthesisspa\n|turn|5\n|-message|Conchoboar3 forfeited.\n|\n|win|DragonairJordan23\n|raw|Conchoboar3's rating: 1330 &rarr; <strong>1315<\/strong><br \/>(-15 for losing)\n|raw|DragonairJordan23's rating: 1421 &rarr; <strong>1436<\/strong><br \/>(+15 for winning)\n|l|\u2606Conchoboar3\n","uploadtime":1700327598,"views":9,"p1id":"conchoboar3","p2id":"dragonairjordan23","formatid":"gen9vgc2023regulatione","rating":1315,"private":0,"password":""}