{"id":"gen9vgc2023regulatione-1992236201","p1":"HikariKnight","p2":"electrikeely","format":"[Gen 9] VGC 2023 Regulation E","log":"|j|\u2606HikariKnight\n|j|\u2606electrikeely\n|n|\u2606HikariKnight|hikariknight\n|n|\u2606electrikeely|electrikeely\n|html|View the match progress at <a href=\"\/game-bestof3-gen9vgc2023regulatione-1992230274\">game-bestof3-gen9vgc2023regulatione-1992230274<\/a>\n|t:|1700166423\n|gametype|doubles\n|player|p1|HikariKnight|101|\n|player|p2|electrikeely|pokekid|\n|teamsize|p1|6\n|teamsize|p2|6\n|gen|9\n|tier|[Gen 9] VGC 2023 Regulation E\n|rule|Species Clause: Limit one of each Pok\u00e9mon\n|rule|Item Clause: Limit one of each item\n|clearpoke\n|poke|p1|Heatran, L50, M|\n|poke|p1|Typhlosion-Hisui, L50, M|\n|poke|p1|Murkrow, L50, M|\n|poke|p1|Iron Bundle, L50|\n|poke|p1|Sneasler, L50, F|\n|poke|p1|Tinkaton, L50, F|\n|poke|p2|Chien-Pao, L50|\n|poke|p2|Dragonite, L50, F|\n|poke|p2|Kingambit, L50, M|\n|poke|p2|Amoonguss, L50, M|\n|poke|p2|Gholdengo, L50|\n|poke|p2|Arcanine, L50, F|\n|teampreview|4\nelectrikeely has agreed to open team sheets.\n|\n|t:|1700166459\n|start\n|switch|p1a: Iron Bundle|Iron Bundle, L50|100\/100\n|switch|p1b: Sneasler|Sneasler, L50, F, shiny|100\/100\n|switch|p2a: Amoonguss|Amoonguss, L50, M|100\/100\n|switch|p2b: Arcanine|Arcanine, L50, F|100\/100\n|-ability|p2b: Arcanine|Intimidate|boost\n|-unboost|p1a: Iron Bundle|atk|1\n|-unboost|p1b: Sneasler|atk|1\n|-enditem|p1a: Iron Bundle|Booster Energy\n|-activate|p1a: Iron Bundle|ability: Quark Drive|[fromitem]\n|-start|p1a: Iron Bundle|quarkdrivespe\n|turn|1\n|\n|t:|1700166507\n|move|p1b: Sneasler|Fake Out|p2a: Amoonguss\n|-damage|p2a: Amoonguss|86\/100\n|move|p2b: Arcanine|Extreme Speed|p1b: Sneasler\n|-damage|p1b: Sneasler|68\/100\n|move|p1a: Iron Bundle|Hydro Pump|p2b: Arcanine\n|-supereffective|p2b: Arcanine\n|-damage|p2b: Arcanine|0 fnt\n|faint|p2b: Arcanine\n|cant|p2a: Amoonguss|flinch\n|\n|upkeep\n|\n|t:|1700166526\n|switch|p2b: Gholdengo|Gholdengo, L50|100\/100\n|turn|2\n|\n|t:|1700166556\n|move|p1b: Sneasler|Fake Out||[still]\n|-hint|Fake Out only works on your first turn out.\n|-fail|p1b: Sneasler\n|move|p2a: Amoonguss|Rage Powder|p2a: Amoonguss\n|-singleturn|p2a: Amoonguss|move: Rage Powder\n|move|p1a: Iron Bundle|Freeze-Dry|p2a: Amoonguss\n|-supereffective|p2a: Amoonguss\n|-damage|p2a: Amoonguss|37\/100\n|-enditem|p2a: Amoonguss|Sitrus Berry|[eat]\n|-heal|p2a: Amoonguss|62\/100|[from] item: Sitrus Berry\n|move|p2b: Gholdengo|Nasty Plot|p2b: Gholdengo\n|-boost|p2b: Gholdengo|spa|2\n|\n|upkeep\n|turn|3\n|l|\u2606HikariKnight\n|player|p1|\n|\n|t:|1700166615\n|move|p1b: Sneasler|Fake Out||[still]\n|-hint|Fake Out only works on your first turn out.\n|-fail|p1b: Sneasler\n|move|p1a: Iron Bundle|Icy Wind|p2a: Amoonguss|[spread] p2a,p2b\n|-supereffective|p2a: Amoonguss\n|-resisted|p2b: Gholdengo\n|-damage|p2a: Amoonguss|34\/100\n|-damage|p2b: Gholdengo|89\/100\n|-unboost|p2a: Amoonguss|spe|1\n|-unboost|p2b: Gholdengo|spe|1\n|move|p2b: Gholdengo|Make It Rain|p1a: Iron Bundle|[spread] p1a,p1b\n|-crit|p1a: Iron Bundle\n|-damage|p1a: Iron Bundle|0 fnt\n|-damage|p1b: Sneasler|0 fnt\n|-unboost|p2b: Gholdengo|spa|1\n|faint|p1a: Iron Bundle\n|-end|p1a: Iron Bundle|Quark Drive|[silent]\n|faint|p1b: Sneasler\n|-damage|p2b: Gholdengo|79\/100|[from] item: Life Orb\n|move|p2a: Amoonguss|Spore|p1: Iron Bundle|[notarget]\n|-fail|p2a: Amoonguss\n|\n|upkeep\n|j|\u2606HikariKnight\n|player|p1|HikariKnight|101\n|\n|t:|1700166778\n|switch|p1a: Heatran|Heatran, L50, M|100\/100\n|switch|p1b: Typhlosion|Typhlosion-Hisui, L50, M|100\/100\n|-item|p2b: Gholdengo|Life Orb|[from] ability: Frisk|[of] p1b: Typhlosion|[identify]\n|turn|4\n|\n|t:|1700166803\n|move|p2a: Amoonguss|Protect|p2a: Amoonguss\n|-singleturn|p2a: Amoonguss|Protect\n|move|p1b: Typhlosion|Lava Plume|p2a: Amoonguss|[spread] p2b\n|-activate|p2a: Amoonguss|move: Protect\n|-start|p1a: Heatran|ability: Flash Fire\n|-supereffective|p2b: Gholdengo\n|-damage|p2b: Gholdengo|0 fnt\n|faint|p2b: Gholdengo\n|move|p1a: Heatran|Heat Wave|p2a: Amoonguss\n|-activate|p2a: Amoonguss|move: Protect\n|\n|upkeep\n|\n|t:|1700166813\n|switch|p2b: Dragonite|Dragonite, L50, F|100\/100\n|turn|5\n|\n|t:|1700166862\n|move|p2a: Amoonguss|Rage Powder|p2a: Amoonguss\n|-singleturn|p2a: Amoonguss|move: Rage Powder\n|move|p1b: Typhlosion|Lava Plume|p2a: Amoonguss|[spread] p2a,p2b\n|-immune|p1a: Heatran|[from] ability: Flash Fire\n|-supereffective|p2a: Amoonguss\n|-resisted|p2b: Dragonite\n|-damage|p2a: Amoonguss|0 fnt\n|-damage|p2b: Dragonite|90\/100\n|faint|p2a: Amoonguss\n|move|p2b: Dragonite|Waterfall|p1b: Typhlosion\n|-supereffective|p1b: Typhlosion\n|-damage|p1b: Typhlosion|0 fnt\n|faint|p1b: Typhlosion\n|move|p1a: Heatran|Magma Storm|p2b: Dragonite\n|-resisted|p2b: Dragonite\n|-damage|p2b: Dragonite|48\/100\n|-activate|p2b: Dragonite|move: Magma Storm|[of] p1a: Heatran\n|\n|-damage|p2b: Dragonite|36\/100|[from] move: Magma Storm|[partiallytrapped]\n|upkeep\n|turn|6\n|\n|t:|1700166882\n|-terastallize|p1a: Heatran|Grass\n|move|p2b: Dragonite|Waterfall|p1a: Heatran\n|-resisted|p1a: Heatran\n|-damage|p1a: Heatran|83\/100\n|move|p1a: Heatran|Magma Storm|p2b: Dragonite\n|-resisted|p2b: Dragonite\n|-damage|p2b: Dragonite|0 fnt\n|faint|p2b: Dragonite\n|\n|win|HikariKnight\n|inactive|HikariKnight has 50 seconds to confirm battle start!\n|inactive|electrikeely has 50 seconds to confirm battle start!\n","uploadtime":1700166894,"views":19,"p1id":"hikariknight","p2id":"electrikeely","formatid":"gen9vgc2023regulatione","rating":0,"private":0,"password":""}