{"id":"gen9vgc2023regulatione-1987902538","p1":"That_Leek","p2":"Kaneoji","format":"[Gen 9] VGC 2023 Regulation E","log":"|j|\u2606That_Leek\n|j|\u2606Kaneoji\n|n|\u2606That_Leek|thatleek\n|n|\u2606Kaneoji|kaneoji\n|html|View the match progress at <a href=\"\/game-bestof3-gen9vgc2023regulatione-1987899797\">game-bestof3-gen9vgc2023regulatione-1987899797<\/a>\n|t:|1699647519\n|gametype|doubles\n|player|p1|That_Leek|blue-masters|\n|player|p2|Kaneoji|maid|\n|teamsize|p1|6\n|teamsize|p2|6\n|gen|9\n|tier|[Gen 9] VGC 2023 Regulation E\n|rule|Species Clause: Limit one of each Pok\u00e9mon\n|rule|Item Clause: Limit one of each item\n|clearpoke\n|poke|p1|Gholdengo, L50|\n|poke|p1|Ogerpon-Wellspring, L50, F|\n|poke|p1|Arcanine-Hisui, L50, M|\n|poke|p1|Chien-Pao, L50|\n|poke|p1|Scream Tail, L50|\n|poke|p1|Dragonite, L50, F|\n|poke|p2|Chien-Pao, L50|\n|poke|p2|Landorus-Therian, L50, M|\n|poke|p2|Flutter Mane, L50|\n|poke|p2|Iron Hands, L50|\n|poke|p2|Amoonguss, L50, F|\n|poke|p2|Ogerpon-Wellspring, L50, F|\n|teampreview|4\nThat_Leek has agreed to open team sheets.\nKaneoji has agreed to open team sheets.\n|showteam|p1|Gholdengo||SitrusBerry|GoodasGold|MakeItRain,ShadowBall,NastyPlot,Protect||||||50|,,,,,Water]Ogerpon-Wellspring||WellspringMask|WaterAbsorb|IvyCudgel,SpikyShield,FollowMe,HornLeech|||F|||50|,,,,,Water]Arcanine-Hisui||ChoiceBand|Intimidate|RockSlide,ExtremeSpeed,FlareBlitz,TeraBlast|||M|||50|,,,,,Fairy]Chien-Pao||FocusSash|SwordofRuin|SuckerPunch,IceSpinner,Protect,SacredSword||||||50|,,,,,Ghost]Scream Tail||BoosterEnergy|Protosynthesis|Howl,ThunderWave,Disable,PlayRough||||||50|,,,,,Steel]Dragonite||AssaultVest|InnerFocus|ExtremeSpeed,AerialAce,DragonClaw,StompingTantrum|||F|||50|,,,,,Poison\n|showteam|p2|Chien-Pao||FocusSash|SwordofRuin|IceSpinner,SacredSword,SuckerPunch,Protect||||||50|,,,,,Ghost]Landorus-Therian||ChoiceScarf|Intimidate|RockSlide,StompingTantrum,Uturn,TeraBlast|||M|||50|,,,,,Flying]Flutter Mane||BoosterEnergy|Protosynthesis|ShadowBall,DazzlingGleam,Moonblast,Protect||||||50|,,,,,Fairy]Iron Hands||AssaultVest|QuarkDrive|WildCharge,DrainPunch,HeavySlam,FakeOut||||||50|,,,,,Fire]Amoonguss||SitrusBerry|Regenerator|PollenPuff,Spore,RagePowder,Protect|||F|||50|,,,,,Water]Ogerpon-Wellspring||WellspringMask|WaterAbsorb|IvyCudgel,HornLeech,FollowMe,SpikyShield|||F|||50|,,,,,Water\n|j| Draxolotl\n|j| Natnat_24\n|j| Plopy14\n|\n|t:|1699647553\n|start\n|switch|p1a: Ogerpon|Ogerpon-Wellspring, L50, F|100\/100\n|switch|p1b: Gholdengo|Gholdengo, L50|100\/100\n|switch|p2a: Landorus|Landorus-Therian, L50, M|100\/100\n|switch|p2b: Aiko|Flutter Mane, L50|100\/100\n|-ability|p2a: Landorus|Intimidate|boost\n|-unboost|p1a: Ogerpon|atk|1\n|-unboost|p1b: Gholdengo|atk|1\n|-enditem|p2b: Aiko|Booster Energy\n|-activate|p2b: Aiko|ability: Protosynthesis|[fromitem]\n|-start|p2b: Aiko|protosynthesisspa\n|turn|1\n|j| Wilfredkin\n|\n|t:|1699647588\n|move|p1b: Gholdengo|Protect|p1b: Gholdengo\n|-singleturn|p1b: Gholdengo|Protect\n|move|p2a: Landorus|Stomping Tantrum|p1a: Ogerpon\n|-resisted|p1a: Ogerpon\n|-damage|p1a: Ogerpon|80\/100\n|move|p2b: Aiko|Shadow Ball|p1b: Gholdengo\n|-activate|p1b: Gholdengo|move: Protect\n|move|p1a: Ogerpon|Horn Leech|p2b: Aiko\n|-damage|p2b: Aiko|61\/100\n|-heal|p1a: Ogerpon|95\/100|[from] drain|[of] p2b: Aiko\n|\n|upkeep\n|turn|2\n|\n|t:|1699647601\n|switch|p2a: Iron Hands|Iron Hands, L50|100\/100\n|move|p2b: Aiko|Protect|p2b: Aiko\n|-singleturn|p2b: Aiko|Protect\n|move|p1a: Ogerpon|Follow Me|p1a: Ogerpon\n|-singleturn|p1a: Ogerpon|move: Follow Me\n|move|p1b: Gholdengo|Nasty Plot|p1b: Gholdengo\n|-boost|p1b: Gholdengo|spa|2\n|\n|upkeep\n|turn|3\n|c| Natnat_24|stantrum is crazy\n|\n|t:|1699647629\n|move|p1a: Ogerpon|Spiky Shield|p1a: Ogerpon\n|-singleturn|p1a: Ogerpon|move: Protect\n|move|p1b: Gholdengo|Protect|p1b: Gholdengo\n|-singleturn|p1b: Gholdengo|Protect\n|move|p2b: Aiko|Moonblast|p1a: Ogerpon\n|-activate|p1a: Ogerpon|move: Protect\n|move|p2a: Iron Hands|Wild Charge|p1b: Gholdengo\n|-activate|p1b: Gholdengo|move: Protect\n|\n|upkeep\n|turn|4\n|\n|t:|1699647652\n|move|p1a: Ogerpon|Follow Me|p1a: Ogerpon\n|-singleturn|p1a: Ogerpon|move: Follow Me\n|move|p2b: Aiko|Shadow Ball|p1a: Ogerpon\n|-damage|p1a: Ogerpon|46\/100\n|-unboost|p1a: Ogerpon|spd|1\n|move|p1b: Gholdengo|Shadow Ball|p2b: Aiko\n|-supereffective|p2b: Aiko\n|-damage|p2b: Aiko|0 fnt\n|faint|p2b: Aiko\n|-end|p2b: Aiko|Protosynthesis|[silent]\n|move|p2a: Iron Hands|Wild Charge|p1a: Ogerpon\n|-crit|p1a: Ogerpon\n|-damage|p1a: Ogerpon|0 fnt\n|faint|p1a: Ogerpon\n|-damage|p2a: Iron Hands|91\/100|[from] Recoil\n|\n|upkeep\n|\n|t:|1699647665\n|switch|p2b: Landorus|Landorus-Therian, L50, M|100\/100\n|switch|p1a: Arcanine|Arcanine-Hisui, L50, M|100\/100\n|-ability|p2b: Landorus|Intimidate|boost\n|-unboost|p1a: Arcanine|atk|1\n|-unboost|p1b: Gholdengo|atk|1\n|-ability|p1a: Arcanine|Intimidate|boost\n|-unboost|p2a: Iron Hands|atk|1\n|-unboost|p2b: Landorus|atk|1\n|turn|5\n|\n|t:|1699647704\n|switch|p1a: Dragonite|Dragonite, L50, F|100\/100\n|-terastallize|p1b: Gholdengo|Water\n|move|p2b: Landorus|Stomping Tantrum|p1b: Gholdengo\n|-damage|p1b: Gholdengo|78\/100\n|move|p1b: Gholdengo|Shadow Ball|p2b: Landorus\n|-damage|p2b: Landorus|7\/100\n|move|p2a: Iron Hands|Wild Charge|p1b: Gholdengo\n|-supereffective|p1b: Gholdengo\n|-damage|p1b: Gholdengo|18\/100\n|-enditem|p1b: Gholdengo|Sitrus Berry|[eat]\n|-heal|p1b: Gholdengo|43\/100|[from] item: Sitrus Berry\n|-damage|p2a: Iron Hands|79\/100|[from] Recoil\n|\n|upkeep\n|turn|6\n|c| Wilfredkin|Oh geez\n|\n|t:|1699647723\n|switch|p2b: Estarossa|Chien-Pao, L50|100\/100\n|-ability|p2b: Estarossa|Sword of Ruin\n|move|p1a: Dragonite|Extreme Speed|p2b: Estarossa\n|-damage|p2b: Estarossa|62\/100\n|move|p1b: Gholdengo|Shadow Ball|p2a: Iron Hands\n|-damage|p2a: Iron Hands|32\/100\n|move|p2a: Iron Hands|Wild Charge|p1b: Gholdengo\n|-supereffective|p1b: Gholdengo\n|-damage|p1b: Gholdengo|0 fnt\n|faint|p1b: Gholdengo\n|-damage|p2a: Iron Hands|24\/100|[from] Recoil\n|\n|upkeep\n|c|\u2606Kaneoji|misclick fuck\n|\n|t:|1699647735\n|switch|p1b: Arcanine|Arcanine-Hisui, L50, M|100\/100\n|-ability|p1b: Arcanine|Intimidate|boost\n|-unboost|p2a: Iron Hands|atk|1\n|-unboost|p2b: Estarossa|atk|1\n|turn|7\n|\n|t:|1699647770\n|-end|p2a: Iron Hands|Quark Drive|[silent]\n|switch|p2a: Landorus|Landorus-Therian, L50, M|7\/100\n|-ability|p2a: Landorus|Intimidate|boost\n|-fail|p1a: Dragonite|unboost|Attack|[from] ability: Inner Focus|[of] p1a: Dragonite\n|-unboost|p1b: Arcanine|atk|1\n|-terastallize|p2b: Estarossa|Ghost\n|move|p1a: Dragonite|Extreme Speed|p2a: Landorus\n|-damage|p2a: Landorus|0 fnt\n|faint|p2a: Landorus\n|move|p2b: Estarossa|Ice Spinner|p1a: Dragonite\n|-supereffective|p1a: Dragonite\n|-damage|p1a: Dragonite|0 fnt\n|faint|p1a: Dragonite\n|move|p1b: Arcanine|Flare Blitz|p2b: Estarossa\n|-damage|p2b: Estarossa|0 fnt\n|faint|p2b: Estarossa\n|-damage|p1b: Arcanine|82\/100|[from] Recoil\n|\n|upkeep\n|\n|t:|1699647781\n|switch|p2a: Iron Hands|Iron Hands, L50|24\/100\n|turn|8\n|\n|t:|1699647785\n|move|p2a: Iron Hands|Fake Out|p1b: Arcanine\n|-resisted|p1b: Arcanine\n|-damage|p1b: Arcanine|73\/100\n|cant|p1b: Arcanine|flinch\n|\n|upkeep\n|turn|9\n|\n|t:|1699647788\n|move|p1b: Arcanine|Flare Blitz|p2a: Iron Hands\n|-damage|p2a: Iron Hands|0 fnt\n|faint|p2a: Iron Hands\n|-end|p2a: Iron Hands|Quark Drive|[silent]\n|-damage|p1b: Arcanine|63\/100|[from] Recoil\n|\n|win|That_Leek\n|c|\u2606That_Leek|gg\n|c| Natnat_24|\ud83d\udcd6\n|c|\u2606Kaneoji|gg\n|c|&|\/uhtml prompt-kaneoji,Kaneoji is ready for game 3!\n|inactive|That_Leek has 50 seconds to confirm battle start!\n|c|&|\/uhtml prompt-kaneoji,Kaneoji is ready for game 3!\n|inactive|That_Leek has 40 seconds to confirm battle start!\n|c|&|\/uhtml prompt-thatleek,That_Leek is ready for game 3!\nBoth players are ready! Starting next match!\n","uploadtime":1699647829,"views":34,"p1id":"thatleek","p2id":"kaneoji","formatid":"gen9vgc2023regulatione","rating":0,"private":0,"password":""}