{"id":"gen9vgc2023regulatione-1994796637","p1":"Kzrjzkz","p2":"Dinozoic","format":"[Gen 9] VGC 2023 Regulation E","log":"|j|\u2606Kzrjzkz\n|j|\u2606Dinozoic\n|t:|1700493636\n|gametype|doubles\n|player|p1|Kzrjzkz|lance|1206\n|player|p2|Dinozoic|scientist-gen4|1237\n|teamsize|p1|6\n|teamsize|p2|6\n|gen|9\n|tier|[Gen 9] VGC 2023 Regulation E\n|rated|\n|rule|Species Clause: Limit one of each Pok\u00e9mon\n|rule|Item Clause: Limit one of each item\n|clearpoke\n|poke|p1|Flutter Mane, L50|\n|poke|p1|Tornadus, L50, M|\n|poke|p1|Rillaboom, L50, F|\n|poke|p1|Garganacl, L50, M|\n|poke|p1|Arcanine-Hisui, L50, F|\n|poke|p1|Chien-Pao, L50|\n|poke|p2|Ninetales-Alola, L50, M|\n|poke|p2|Roaring Moon, L50|\n|poke|p2|Heatran, L50, F|\n|poke|p2|Iron Hands, L50|\n|poke|p2|Landorus-Therian, L50, M|\n|poke|p2|Ogerpon-Wellspring, L50, F|\n|teampreview|4\n|inactive|Battle timer is ON: inactive players will automatically lose when time's up. (requested by Dinozoic)\n|inactive|Dinozoic has 60 seconds left.\n|\n|t:|1700493696\n|start\n|switch|p1a: Tornadus|Tornadus, L50, M|100\/100\n|switch|p1b: Garganacl|Garganacl, L50, M|100\/100\n|switch|p2a: Iron Hands|Iron Hands, L50|100\/100\n|switch|p2b: Roaring Moon|Roaring Moon, L50|100\/100\n|-enditem|p2b: Roaring Moon|Booster Energy\n|-activate|p2b: Roaring Moon|ability: Protosynthesis|[fromitem]\n|-start|p2b: Roaring Moon|protosynthesisatk\n|turn|1\n|inactive|Kzrjzkz has 30 seconds left.\n|\n|t:|1700493722\n|-terastallize|p1b: Garganacl|Ghost\n|move|p2a: Iron Hands|Fake Out|p1b: Garganacl\n|-immune|p1b: Garganacl\n|move|p1a: Tornadus|Tailwind|p1a: Tornadus\n|-sidestart|p1: Kzrjzkz|move: Tailwind\n|move|p2b: Roaring Moon|Dragon Dance|p2b: Roaring Moon\n|-boost|p2b: Roaring Moon|atk|1\n|-boost|p2b: Roaring Moon|spe|1\n|move|p1b: Garganacl|Iron Defense|p1b: Garganacl\n|-boost|p1b: Garganacl|def|2\n|\n|upkeep\n|turn|2\n|\n|t:|1700493744\n|move|p1a: Tornadus|Bleakwind Storm|p2a: Iron Hands|[spread] p2a,p2b\n|-damage|p2a: Iron Hands|85\/100\n|-damage|p2b: Roaring Moon|75\/100\n|-unboost|p2a: Iron Hands|spe|1\n|-unboost|p2b: Roaring Moon|spe|1\n|move|p2b: Roaring Moon|Knock Off|p1b: Garganacl\n|-supereffective|p1b: Garganacl\n|-damage|p1b: Garganacl|22\/100\n|-enditem|p1b: Garganacl|Sitrus Berry|[from] move: Knock Off|[of] p2b: Roaring Moon\n|move|p1b: Garganacl|Recover|p1b: Garganacl\n|-heal|p1b: Garganacl|72\/100\n|move|p2a: Iron Hands|Wild Charge|p1a: Tornadus\n|-supereffective|p1a: Tornadus\n|-damage|p1a: Tornadus|0 fnt\n|-damage|p2a: Iron Hands|69\/100|[from] item: Rocky Helmet|[of] p1a: Tornadus\n|faint|p1a: Tornadus\n|-damage|p2a: Iron Hands|49\/100|[from] Recoil\n|\n|upkeep\n|\n|t:|1700493757\n|switch|p1a: Arcanine|Arcanine-Hisui, L50, F|100\/100\n|-ability|p1a: Arcanine|Intimidate|boost\n|-unboost|p2a: Iron Hands|atk|1\n|-unboost|p2b: Roaring Moon|atk|1\n|turn|3\n|\n|t:|1700493771\n|move|p1a: Arcanine|Rock Slide|p2a: Iron Hands|[spread] p2b\n|-miss|p1a: Arcanine|p2a: Iron Hands\n|-damage|p2b: Roaring Moon|28\/100\n|cant|p2b: Roaring Moon|flinch\n|move|p1b: Garganacl|Salt Cure|p2b: Roaring Moon\n|-damage|p2b: Roaring Moon|13\/100\n|-start|p2b: Roaring Moon|Salt Cure\n|move|p2a: Iron Hands|Drain Punch|p1a: Arcanine\n|-supereffective|p1a: Arcanine\n|-damage|p1a: Arcanine|23\/100\n|-heal|p2a: Iron Hands|77\/100|[from] drain|[of] p1a: Arcanine\n|\n|-damage|p2b: Roaring Moon|0 fnt|[from] Salt Cure\n|faint|p2b: Roaring Moon\n|-end|p2b: Roaring Moon|Protosynthesis|[silent]\n|upkeep\n|\n|t:|1700493790\n|switch|p2b: Heatran|Heatran, L50, F|100\/100\n|turn|4\n|\n|t:|1700493804\n|-terastallize|p2b: Heatran|Grass\n|move|p1a: Arcanine|Rock Slide|p2a: Iron Hands|[spread] p2a,p2b\n|-resisted|p2a: Iron Hands\n|-damage|p2a: Iron Hands|62\/100\n|-damage|p2b: Heatran|65\/100\n|move|p1b: Garganacl|Salt Cure|p2b: Heatran\n|-damage|p2b: Heatran|54\/100\n|-start|p2b: Heatran|Salt Cure\n|move|p2b: Heatran|Taunt|p1b: Garganacl\n|-start|p1b: Garganacl|move: Taunt\n|move|p2a: Iron Hands|Drain Punch|p1a: Arcanine\n|-supereffective|p1a: Arcanine\n|-damage|p1a: Arcanine|0 fnt\n|-heal|p2a: Iron Hands|70\/100|[from] drain|[of] p1a: Arcanine\n|faint|p1a: Arcanine\n|\n|-heal|p2b: Heatran|60\/100|[from] item: Leftovers\n|-damage|p2b: Heatran|48\/100|[from] Salt Cure\n|-sideend|p1: Kzrjzkz|move: Tailwind\n|upkeep\n|\n|t:|1700493811\n|switch|p1a: Rillaboom|Rillaboom, L50, F|100\/100\n|-fieldstart|move: Grassy Terrain|[from] ability: Grassy Surge|[of] p1a: Rillaboom\n|turn|5\n|\n|t:|1700493826\n|move|p1a: Rillaboom|Fake Out|p2b: Heatran\n|-damage|p2b: Heatran|36\/100\n|cant|p2b: Heatran|flinch\n|move|p1b: Garganacl|Salt Cure|p2a: Iron Hands\n|-resisted|p2a: Iron Hands\n|-damage|p2a: Iron Hands|65\/100\n|-start|p2a: Iron Hands|Salt Cure\n|move|p2a: Iron Hands|Wild Charge|p1b: Garganacl\n|-damage|p1b: Garganacl|59\/100\n|-damage|p2a: Iron Hands|62\/100|[from] Recoil\n|\n|-heal|p2b: Heatran|42\/100|[from] Grassy Terrain\n|-heal|p2b: Heatran|48\/100|[from] item: Leftovers\n|-heal|p1b: Garganacl|65\/100|[from] Grassy Terrain\n|-heal|p2a: Iron Hands|68\/100|[from] Grassy Terrain\n|-damage|p2b: Heatran|36\/100|[from] Salt Cure\n|-damage|p2a: Iron Hands|56\/100|[from] Salt Cure\n|upkeep\n|turn|6\n|inactive|Dinozoic has 30 seconds left.\n|\n|t:|1700493854\n|move|p1a: Rillaboom|Wood Hammer|p2b: Heatran\n|-resisted|p2b: Heatran\n|-damage|p2b: Heatran|0 fnt\n|faint|p2b: Heatran\n|-damage|p1a: Rillaboom|89\/100|[from] Recoil\n|move|p1b: Garganacl|Salt Cure|p2a: Iron Hands\n|-resisted|p2a: Iron Hands\n|-damage|p2a: Iron Hands|51\/100\n|move|p2a: Iron Hands|Wild Charge|p1b: Garganacl\n|-damage|p1b: Garganacl|52\/100\n|-damage|p2a: Iron Hands|48\/100|[from] Recoil\n|\n|-heal|p1a: Rillaboom|95\/100|[from] Grassy Terrain\n|-heal|p1b: Garganacl|58\/100|[from] Grassy Terrain\n|-heal|p2a: Iron Hands|54\/100|[from] Grassy Terrain\n|-damage|p2a: Iron Hands|42\/100|[from] Salt Cure\n|upkeep\n|\n|t:|1700493862\n|switch|p2b: Ninetales|Ninetales-Alola, L50, M|100\/100\n|-weather|Snow|[from] ability: Snow Warning|[of] p2b: Ninetales\n|turn|7\n|\n|t:|1700493870\n|move|p2b: Ninetales|Blizzard|p1b: Garganacl|[spread] p1a,p1b\n|-supereffective|p1a: Rillaboom\n|-damage|p1a: Rillaboom|48\/100\n|-damage|p1b: Garganacl|38\/100\n|move|p1a: Rillaboom|Drain Punch|p2b: Ninetales\n|-damage|p2b: Ninetales|74\/100\n|-heal|p1a: Rillaboom|58\/100|[from] drain|[of] p2b: Ninetales\n|move|p1b: Garganacl|Salt Cure|p2b: Ninetales\n|-supereffective|p2b: Ninetales\n|-damage|p2b: Ninetales|49\/100\n|-start|p2b: Ninetales|Salt Cure\n|move|p2a: Iron Hands|Wild Charge|p1b: Garganacl\n|-damage|p1b: Garganacl|26\/100\n|-damage|p2a: Iron Hands|39\/100|[from] Recoil\n|\n|-weather|Snow|[upkeep]\n|-heal|p2b: Ninetales|55\/100|[from] Grassy Terrain\n|-heal|p1a: Rillaboom|63\/100|[from] Grassy Terrain\n|-heal|p1b: Garganacl|31\/100|[from] Grassy Terrain\n|-heal|p2a: Iron Hands|45\/100|[from] Grassy Terrain\n|-damage|p2b: Ninetales|43\/100|[from] Salt Cure\n|-damage|p2a: Iron Hands|33\/100|[from] Salt Cure\n|-end|p1b: Garganacl|move: Taunt\n|upkeep\n|turn|8\n|\n|t:|1700493885\n|move|p1b: Garganacl|Protect|p1b: Garganacl\n|-singleturn|p1b: Garganacl|Protect\n|move|p2b: Ninetales|Blizzard|p1a: Rillaboom|[spread] p1a\n|-activate|p1b: Garganacl|move: Protect\n|-supereffective|p1a: Rillaboom\n|-damage|p1a: Rillaboom|17\/100\n|move|p1a: Rillaboom|Drain Punch|p2b: Ninetales\n|-damage|p2b: Ninetales|13\/100\n|-heal|p1a: Rillaboom|28\/100|[from] drain|[of] p2b: Ninetales\n|move|p2a: Iron Hands|Drain Punch|p1a: Rillaboom\n|-damage|p1a: Rillaboom|1\/100\n|-heal|p2a: Iron Hands|44\/100|[from] drain|[of] p1a: Rillaboom\n|\n|-weather|Snow|[upkeep]\n|-heal|p2b: Ninetales|19\/100|[from] Grassy Terrain\n|-heal|p1a: Rillaboom|7\/100|[from] Grassy Terrain\n|-heal|p1b: Garganacl|37\/100|[from] Grassy Terrain\n|-heal|p2a: Iron Hands|50\/100|[from] Grassy Terrain\n|-damage|p2b: Ninetales|7\/100|[from] Salt Cure\n|-damage|p2a: Iron Hands|38\/100|[from] Salt Cure\n|upkeep\n|turn|9\n|inactive|Dinozoic has 30 seconds left.\n|\n|t:|1700493913\n|move|p1a: Rillaboom|Grassy Glide|p2b: Ninetales\n|-damage|p2b: Ninetales|0 fnt\n|faint|p2b: Ninetales\n|move|p1b: Garganacl|Recover|p1b: Garganacl\n|-heal|p1b: Garganacl|87\/100\n|move|p2a: Iron Hands|Wild Charge|p1a: Rillaboom\n|-resisted|p1a: Rillaboom\n|-damage|p1a: Rillaboom|0 fnt\n|faint|p1a: Rillaboom\n|-damage|p2a: Iron Hands|36\/100|[from] Recoil\n|\n|-weather|Snow|[upkeep]\n|-heal|p1b: Garganacl|93\/100|[from] Grassy Terrain\n|-heal|p2a: Iron Hands|42\/100|[from] Grassy Terrain\n|-damage|p2a: Iron Hands|30\/100|[from] Salt Cure\n|-fieldend|move: Grassy Terrain\n|upkeep\n|turn|10\n|-message|Dinozoic forfeited.\n|\n|win|Kzrjzkz\n|raw|Kzrjzkz's rating: 1206 &rarr; <strong>1233<\/strong><br \/>(+27 for winning)\n|raw|Dinozoic's rating: 1237 &rarr; <strong>1210<\/strong><br \/>(-27 for losing)\n|l|\u2606Dinozoic\n","uploadtime":1700493927,"views":1,"p1id":"kzrjzkz","p2id":"dinozoic","formatid":"gen9vgc2023regulatione","rating":1210,"private":0,"password":""}