{"id":"gen9vgc2023regulatione-1989426416","p1":"xXElementalordXx","p2":"RheaRipleyVGC","format":"[Gen 9] VGC 2023 Regulation E","log":"|j|\u2606xXElementalordXx\n|j|\u2606RheaRipleyVGC\n|t:|1699848798\n|gametype|doubles\n|player|p1|xXElementalordXx|heroine-conquest|1565\n|player|p2|RheaRipleyVGC|rocketgruntf|1666\n|teamsize|p1|6\n|teamsize|p2|6\n|gen|9\n|tier|[Gen 9] VGC 2023 Regulation E\n|rated|\n|rule|Species Clause: Limit one of each Pok\u00e9mon\n|rule|Item Clause: Limit one of each item\n|clearpoke\n|poke|p1|Oranguru, L50, M|\n|poke|p1|Maushold-Four, L50|\n|poke|p1|Enamorus-Therian, L50, F|\n|poke|p1|Urshifu-*, L50, M|\n|poke|p1|Bruxish, L50, F|\n|poke|p1|Ursaluna, L50, M|\n|poke|p2|Iron Hands, L50|\n|poke|p2|Landorus-Therian, L50, M|\n|poke|p2|Chi-Yu, L50|\n|poke|p2|Flutter Mane, L50|\n|poke|p2|Cresselia, L50, F|\n|poke|p2|Amoonguss, L50, M|\n|teampreview|4\n|inactive|Battle timer is ON: inactive players will automatically lose when time's up. (requested by RheaRipleyVGC)\n|inactive|xXElementalordXx also wants the timer to be on.\nRheaRipleyVGC has agreed to open team sheets.\n|j| oherrodersir\nxXElementalordXx has agreed to open team sheets.\n|inactive|RheaRipleyVGC has 30 seconds left.\n|inactive|RheaRipleyVGC has 20 seconds left.\n|inactive|RheaRipleyVGC has 15 seconds left.\n|inactive|RheaRipleyVGC has 10 seconds left.\n|\n|t:|1699848864\n|start\n|switch|p1a: Oranguru|Oranguru, L50, M, shiny|100\/100\n|switch|p1b: Maushold|Maushold-Four, L50, shiny|100\/100\n|switch|p2a: Amoonguss|Amoonguss, L50, M|100\/100\n|switch|p2b: Chi-Yu|Chi-Yu, L50|100\/100\n|-ability|p2b: Chi-Yu|Beads of Ruin\n|turn|1\n|inactive|xXElementalordXx has 30 seconds left.\n|\n|t:|1699848899\n|-terastallize|p2b: Chi-Yu|Ghost\n|move|p2b: Chi-Yu|Snarl|p1a: Oranguru|[spread] p1a,p1b\n|-supereffective|p1a: Oranguru\n|-damage|p1a: Oranguru|59\/100\n|-damage|p1b: Maushold|49\/100\n|-unboost|p1a: Oranguru|spa|1\n|-unboost|p1b: Maushold|spa|1\n|move|p1b: Maushold|U-turn|p2b: Chi-Yu\n|-resisted|p2b: Chi-Yu\n|-damage|p2b: Chi-Yu|92\/100\n|\n|t:|1699848907\n|switch|p1b: Enamorus|Enamorus-Therian, L50, F|100\/100|[from] U-turn\n|move|p2a: Amoonguss|Spore|p1b: Enamorus\n|-immune|p1b: Enamorus|[from] ability: Overcoat\n|move|p1a: Oranguru|Trick Room|p1a: Oranguru\n|-fieldstart|move: Trick Room|[of] p1a: Oranguru\n|\n|upkeep\n|turn|2\n|inactive|RheaRipleyVGC has 30 seconds left.\n|\n|t:|1699848936\n|switch|p2a: Cresselia|Cresselia, L50, F|100\/100\n|-terastallize|p1b: Enamorus|Fairy\n|move|p1b: Enamorus|Dazzling Gleam|p2a: Cresselia|[spread] p2a,p2b\n|-damage|p2a: Cresselia|45\/100\n|-damage|p2b: Chi-Yu|20\/100\n|move|p1a: Oranguru|Instruct|p1b: Enamorus\n|-singleturn|p1b: Enamorus|move: Instruct|[of] p1a: Oranguru\n|move|p1b: Enamorus|Dazzling Gleam|p2b: Chi-Yu|[spread] p2a,p2b\n|-damage|p2a: Cresselia|0 fnt\n|-damage|p2b: Chi-Yu|0 fnt\n|faint|p2a: Cresselia\n|faint|p2b: Chi-Yu\n|\n|upkeep\n|\n|t:|1699848942\n|switch|p2a: Iron Hands|Iron Hands, L50|100\/100\n|switch|p2b: Amoonguss|Amoonguss, L50, M|100\/100\n|turn|3\n|\n|t:|1699848952\n|switch|p1b: Maushold|Maushold-Four, L50, shiny|49\/100\n|move|p2a: Iron Hands|Fake Out|p1b: Maushold\n|-damage|p1b: Maushold|34\/100\n|move|p2b: Amoonguss|Pollen Puff|p1a: Oranguru\n|-supereffective|p1a: Oranguru\n|-damage|p1a: Oranguru|37\/100\n|move|p1a: Oranguru|Encore|p2a: Iron Hands\n|-start|p2a: Iron Hands|Encore\n|\n|upkeep\n|turn|4\n|\n|t:|1699848969\n|move|p2a: Iron Hands|Fake Out||[still]\n|-hint|Fake Out only works on your first turn out.\n|-fail|p2a: Iron Hands\n|move|p2b: Amoonguss|Spore|p1b: Maushold\n|-status|p1b: Maushold|slp|[from] move: Spore\n|move|p1a: Oranguru|Encore|p2b: Amoonguss\n|-start|p2b: Amoonguss|Encore\n|cant|p1b: Maushold|slp\n|\n|upkeep\n|turn|5\n|\n|t:|1699848979\n|switch|p1b: Enamorus|Enamorus-Therian, L50, F, tera:Fairy|100\/100\n|move|p2a: Iron Hands|Fake Out||[still]\n|-hint|Fake Out only works on your first turn out.\n|-fail|p2a: Iron Hands\n|move|p2b: Amoonguss|Spore|p1b: Enamorus\n|-immune|p1b: Enamorus|[from] ability: Overcoat\n|move|p1a: Oranguru|Psychic|p2a: Iron Hands\n|-supereffective|p2a: Iron Hands\n|-damage|p2a: Iron Hands|78\/100\n|\n|-fieldend|move: Trick Room\n|upkeep\n|turn|6\n|\n|t:|1699848985\n|move|p2a: Iron Hands|Fake Out||[still]\n|-hint|Fake Out only works on your first turn out.\n|-fail|p2a: Iron Hands\n|move|p1b: Enamorus|Dazzling Gleam|p2a: Iron Hands|[spread] p2a,p2b\n|-supereffective|p2a: Iron Hands\n|-resisted|p2b: Amoonguss\n|-damage|p2a: Iron Hands|2\/100\n|-damage|p2b: Amoonguss|70\/100\n|move|p2b: Amoonguss|Spore|p1b: Enamorus\n|-immune|p1b: Enamorus|[from] ability: Overcoat\n|move|p1a: Oranguru|Trick Room|p1a: Oranguru\n|-fieldstart|move: Trick Room|[of] p1a: Oranguru\n|\n|-end|p2a: Iron Hands|Encore\n|upkeep\n|turn|7\n|-message|RheaRipleyVGC forfeited.\n|\n|win|xXElementalordXx\n|raw|xXElementalordXx's rating: 1565 &rarr; <strong>1591<\/strong><br \/>(+26 for winning)\n|raw|RheaRipleyVGC's rating: 1666 &rarr; <strong>1640<\/strong><br \/>(-26 for losing)\n|l|\u2606RheaRipleyVGC\n","uploadtime":1699849006,"views":20,"p1id":"xxelementalordxx","p2id":"rhearipleyvgc","formatid":"gen9vgc2023regulatione","rating":1591,"private":0,"password":""}