{"id":"gen9vgc2023regulatione-1995937926","p1":"Tampico11","p2":"Tenken11","format":"[Gen 9] VGC 2023 Regulation E","log":"|j|\u2606Tampico11\n|j|\u2606Tenken11\n|n|\u2606Tampico11|tampico11\n|n|\u2606Tenken11|tenken11\n|html|View the match progress at <a href=\"\/game-bestof3-gen9vgc2023regulatione-1995933650\">game-bestof3-gen9vgc2023regulatione-1995933650<\/a>\n|t:|1700619577\n|gametype|doubles\n|player|p1|Tampico11|ethan|\n|player|p2|Tenken11|266|\n|teamsize|p1|6\n|teamsize|p2|6\n|gen|9\n|tier|[Gen 9] VGC 2023 Regulation E\n|rule|Species Clause: Limit one of each Pok\u00e9mon\n|rule|Item Clause: Limit one of each item\n|clearpoke\n|poke|p1|Iron Hands, L50|\n|poke|p1|Amoonguss, L50, M|\n|poke|p1|Grimmsnarl, L50, M|\n|poke|p1|Ursaluna-Bloodmoon, L50, M|\n|poke|p1|Annihilape, L50, M|\n|poke|p1|Cresselia, L50, F|\n|poke|p2|Clefairy, L50, F|\n|poke|p2|Cetitan, L50, M|\n|poke|p2|Kommo-o, L50, F|\n|poke|p2|Sinistcha-Masterpiece, L50|\n|poke|p2|Landorus-Therian, L50, M|\n|poke|p2|Rillaboom, L50, M|\n|teampreview|4\nTenken11 has agreed to open team sheets.\nTampico11 has agreed to open team sheets.\n|showteam|p1|Iron Hands||AssaultVest|QuarkDrive|FakeOut,DrainPunch,WildCharge,HeavySlam||||||50|,,,,,Water]Amoonguss||MentalHerb|Regenerator|PollenPuff,ClearSmog,RagePowder,Spore|||M|||50|,,,,,Fire]Grimmsnarl||CovertCloak|Prankster|SpiritBreak,PartingShot,Reflect,LightScreen|||M|||50|,,,,,Water]Ursaluna-Bloodmoon||SilkScarf|MindsEye|HyperVoice,BloodMoon,EarthPower,Protect|||M|||50|,,,,,Grass]Annihilape||SitrusBerry|Defiant|DrainPunch,RageFist,BulkUp,Protect|||M|||50|,,,,,Fire]Cresselia||SafetyGoggles|Levitate|IceBeam,LunarBlessing,HelpingHand,TrickRoom|||F|||50|,,,,,Fire\n|showteam|p2|Clefairy||Eviolite|FriendGuard|FollowMe,HealPulse,HelpingHand,Protect|||F|||50|,,,,,Dark]Cetitan||SitrusBerry|ThickFat|Liquidation,IceShard,BellyDrum,Protect|||M|||50|,,,,,Water]Kommo-o||ThroatSpray|Overcoat|ClangingScales,FlashCannon,ClangorousSoul,Protect|||F|||50|,,,,,Steel]Sinistcha-Masterpiece||WideLens|Hospitality|MatchaGotcha,StrengthSap,RagePowder,TrickRoom||||||50|,,,,,Fire]Landorus-Therian||ChoiceScarf|Intimidate|StompingTantrum,TeraBlast,RockSlide,Uturn|||M|||50|,,,,,Flying]Rillaboom||AssaultVest|GrassySurge|WoodHammer,GrassyGlide,Uturn,FakeOut|||M|||50|,,,,,Fire\n|inactive|Battle timer is ON: inactive players will automatically lose when time's up. (requested by Tampico11)\n|\n|t:|1700619602\n|start\n|switch|p1a: Anestesia|Amoonguss, L50, M, shiny|100\/100\n|switch|p1b: Cresselia|Cresselia, L50, F|100\/100\n|switch|p2a: Sinistcha|Sinistcha-Masterpiece, L50|100\/100\n|switch|p2b: Cetitan|Cetitan, L50, M|100\/100\n|turn|1\n|inactive|Tampico11 has 30 seconds left.\n|\n|t:|1700619631\n|move|p2b: Cetitan|Ice Shard|p1a: Anestesia\n|-supereffective|p1a: Anestesia\n|-damage|p1a: Anestesia|65\/100\n|move|p2a: Sinistcha|Matcha Gotcha|p1b: Cresselia|[spread] p1a,p1b\n|-resisted|p1a: Anestesia\n|-damage|p1a: Anestesia|61\/100\n|-damage|p1b: Cresselia|86\/100\n|move|p1b: Cresselia|Ice Beam|p2a: Sinistcha\n|-supereffective|p2a: Sinistcha\n|-damage|p2a: Sinistcha|69\/100\n|move|p1a: Anestesia|Spore|p2b: Cetitan\n|-status|p2b: Cetitan|slp|[from] move: Spore\n|\n|upkeep\n|turn|2\n|inactive|Tampico11 has 30 seconds left.\n|\n|t:|1700619662\n|switch|p1a: Ursaluna|Ursaluna-Bloodmoon, L50, M|100\/100\n|cant|p2b: Cetitan|slp\n|move|p2a: Sinistcha|Matcha Gotcha|p1b: Cresselia|[spread] p1a,p1b\n|-supereffective|p1a: Ursaluna\n|-crit|p1a: Ursaluna\n|-damage|p1a: Ursaluna|19\/100\n|-heal|p2a: Sinistcha|100\/100|[from] drain|[of] p1a: Ursaluna\n|-damage|p1b: Cresselia|72\/100\n|move|p1b: Cresselia|Trick Room|p1b: Cresselia\n|-fieldstart|move: Trick Room|[of] p1b: Cresselia\n|\n|upkeep\n|turn|3\n|\n|t:|1700619684\n|move|p1b: Cresselia|Helping Hand|p1a: Ursaluna\n|-singleturn|p1a: Ursaluna|Helping Hand|[of] p1b: Cresselia\n|move|p1a: Ursaluna|Blood Moon|p2a: Sinistcha\n|-damage|p2a: Sinistcha|0 fnt\n|faint|p2a: Sinistcha\n|cant|p2b: Cetitan|slp\n|\n|upkeep\n|\n|t:|1700619691\n|switch|p2a: Rillaboom|Rillaboom, L50, M|100\/100\n|-fieldstart|move: Grassy Terrain|[from] ability: Grassy Surge|[of] p2a: Rillaboom\n|turn|4\n|inactive|Tampico11 has 30 seconds left.\n|\n|t:|1700619717\n|switch|p1a: Anestesia|Amoonguss, L50, M, shiny|94\/100\n|move|p2a: Rillaboom|Fake Out|p1b: Cresselia\n|-damage|p1b: Cresselia|63\/100\n|cant|p1b: Cresselia|flinch\n|cant|p2b: Cetitan|slp\n|\n|-heal|p1a: Anestesia|99\/100|[from] Grassy Terrain\n|upkeep\n|turn|5\n|inactive|Tampico11 has 30 seconds left.\n|\n|t:|1700619747\n|move|p1a: Anestesia|Pollen Puff|p2a: Rillaboom\n|-supereffective|p2a: Rillaboom\n|-damage|p2a: Rillaboom|68\/100\n|move|p1b: Cresselia|Lunar Blessing|p1b: Cresselia|[spread] p1a,p1b\n|-heal|p1a: Anestesia|100\/100\n|-heal|p1b: Cresselia|89\/100\n|-curestatus|p2b: Cetitan|slp|[msg]\n|move|p2b: Cetitan|Belly Drum|p2b: Cetitan\n|-damage|p2b: Cetitan|50\/100\n|-setboost|p2b: Cetitan|atk|6|[from] move: Belly Drum\n|-enditem|p2b: Cetitan|Sitrus Berry|[eat]\n|-heal|p2b: Cetitan|75\/100|[from] item: Sitrus Berry\n|move|p2a: Rillaboom|U-turn|p1b: Cresselia\n|-supereffective|p1b: Cresselia\n|-damage|p1b: Cresselia|57\/100\n|\n|t:|1700619755\n|switch|p2a: Kommo-o|Kommo-o, L50, F|100\/100|[from] U-turn\n|\n|-heal|p2b: Cetitan|81\/100|[from] Grassy Terrain\n|upkeep\n|turn|6\n|inactive|Tampico11 has 30 seconds left.\n|\n|t:|1700619786\n|switch|p1a: Ferropalmas|Iron Hands, L50, shiny|100\/100\n|move|p2b: Cetitan|Protect|p2b: Cetitan\n|-singleturn|p2b: Cetitan|Protect\n|move|p1b: Cresselia|Lunar Blessing|p1b: Cresselia|[spread] p1a,p1b\n|-heal|p1b: Cresselia|82\/100\n|move|p2a: Kommo-o|Clangorous Soul|p2a: Kommo-o\n|-boost|p2a: Kommo-o|atk|1\n|-boost|p2a: Kommo-o|def|1\n|-boost|p2a: Kommo-o|spa|1\n|-boost|p2a: Kommo-o|spd|1\n|-boost|p2a: Kommo-o|spe|1\n|-damage|p2a: Kommo-o|68\/100\n|-enditem|p2a: Kommo-o|Throat Spray\n|-boost|p2a: Kommo-o|spa|1|[from] item: Throat Spray\n|\n|-heal|p2b: Cetitan|87\/100|[from] Grassy Terrain\n|-heal|p2a: Kommo-o|73\/100|[from] Grassy Terrain\n|-fieldend|move: Trick Room\n|upkeep\n|turn|7\n|inactive|Tenken11 has 30 seconds left.\n|\n|t:|1700619813\n|-terastallize|p2b: Cetitan|Water\n|move|p1a: Ferropalmas|Fake Out|p2b: Cetitan\n|-damage|p2b: Cetitan|72\/100\n|move|p2a: Kommo-o|Clangorous Soul|p2a: Kommo-o\n|-boost|p2a: Kommo-o|atk|1\n|-boost|p2a: Kommo-o|def|1\n|-boost|p2a: Kommo-o|spa|1\n|-boost|p2a: Kommo-o|spd|1\n|-boost|p2a: Kommo-o|spe|1\n|-damage|p2a: Kommo-o|40\/100\n|cant|p2b: Cetitan|flinch\n|move|p1b: Cresselia|Trick Room|p1b: Cresselia\n|-fieldstart|move: Trick Room|[of] p1b: Cresselia\n|\n|-heal|p2b: Cetitan|78\/100|[from] Grassy Terrain\n|-heal|p2a: Kommo-o|46\/100|[from] Grassy Terrain\n|upkeep\n|turn|8\n|inactive|Tampico11 has 30 seconds left.\n|c|\u2606Tenken11|cha el miss click\n|c|\u2606Tenken11|ugh\n|c|\u2606Tenken11|jajaja\n|\n|t:|1700619844\n|move|p1b: Cresselia|Helping Hand|p1a: Ferropalmas\n|-singleturn|p1a: Ferropalmas|Helping Hand|[of] p1b: Cresselia\n|move|p2b: Cetitan|Protect|p2b: Cetitan\n|-singleturn|p2b: Cetitan|Protect\n|move|p1a: Ferropalmas|Drain Punch|p2a: Kommo-o\n|-damage|p2a: Kommo-o|15\/100\n|move|p2a: Kommo-o|Clanging Scales|p1b: Cresselia|[spread] p1a,p1b\n|-damage|p1a: Ferropalmas|48\/100\n|-damage|p1b: Cresselia|26\/100\n|-unboost|p2a: Kommo-o|def|1\n|\n|-heal|p1a: Ferropalmas|54\/100|[from] Grassy Terrain\n|-heal|p2b: Cetitan|84\/100|[from] Grassy Terrain\n|-heal|p2a: Kommo-o|21\/100|[from] Grassy Terrain\n|-fieldend|move: Grassy Terrain\n|upkeep\n|turn|9\n|\n|t:|1700619867\n|move|p1b: Cresselia|Helping Hand|p1a: Ferropalmas\n|-singleturn|p1a: Ferropalmas|Helping Hand|[of] p1b: Cresselia\n|move|p2a: Kommo-o|Protect|p2a: Kommo-o\n|-singleturn|p2a: Kommo-o|Protect\n|move|p2b: Cetitan|Ice Shard|p1b: Cresselia\n|-damage|p1b: Cresselia|0 fnt\n|faint|p1b: Cresselia\n|move|p1a: Ferropalmas|Wild Charge|p2b: Cetitan\n|-supereffective|p2b: Cetitan\n|-damage|p2b: Cetitan|0 fnt\n|faint|p2b: Cetitan\n|-damage|p1a: Ferropalmas|34\/100|[from] Recoil\n|\n|upkeep\n|inactive|Tampico11 has 30 seconds left.\n|\n|t:|1700619893\n|switch|p1b: Anestesia|Amoonguss, L50, M, shiny|100\/100\n|switch|p2b: Rillaboom|Rillaboom, L50, M|68\/100\n|-fieldstart|move: Grassy Terrain|[from] ability: Grassy Surge|[of] p2b: Rillaboom\n|turn|10\n|inactive|Tenken11 has 30 seconds left.\n|inactive|Tenken11 has 20 seconds left.\n|inactive|Tenken11 has 15 seconds left.\n|\n|t:|1700619938\n|move|p2b: Rillaboom|Fake Out|p1a: Ferropalmas\n|-damage|p1a: Ferropalmas|25\/100\n|move|p1b: Anestesia|Clear Smog|p2a: Kommo-o\n|-damage|p2a: Kommo-o|12\/100\n|-clearboost|p2a: Kommo-o\n|cant|p1a: Ferropalmas|flinch\n|move|p2a: Kommo-o|Clanging Scales|p1b: Anestesia|[spread] p1a,p1b\n|-damage|p1a: Ferropalmas|2\/100\n|-damage|p1b: Anestesia|73\/100\n|-unboost|p2a: Kommo-o|def|1\n|\n|-heal|p1b: Anestesia|79\/100|[from] Grassy Terrain\n|-heal|p1a: Ferropalmas|8\/100|[from] Grassy Terrain\n|-heal|p2b: Rillaboom|74\/100|[from] Grassy Terrain\n|-heal|p2a: Kommo-o|18\/100|[from] Grassy Terrain\n|upkeep\n|turn|11\n|inactive|Tampico11 has 30 seconds left.\n|inactive|Tampico11 has 20 seconds left.\n|\n|t:|1700619973\n|move|p2b: Rillaboom|Grassy Glide|p1a: Ferropalmas\n|-damage|p1a: Ferropalmas|0 fnt\n|faint|p1a: Ferropalmas\n|-end|p1a: Ferropalmas|Quark Drive|[silent]\n|move|p1b: Anestesia|Pollen Puff|p2a: Kommo-o\n|-resisted|p2a: Kommo-o\n|-damage|p2a: Kommo-o|10\/100\n|move|p2a: Kommo-o|Clanging Scales|p1b: Anestesia\n|-damage|p1b: Anestesia|45\/100\n|-unboost|p2a: Kommo-o|def|1\n|\n|-heal|p1b: Anestesia|51\/100|[from] Grassy Terrain\n|-heal|p2b: Rillaboom|81\/100|[from] Grassy Terrain\n|-heal|p2a: Kommo-o|16\/100|[from] Grassy Terrain\n|-fieldend|move: Trick Room\n|upkeep\n|\n|t:|1700619986\n|switch|p1a: Ursaluna|Ursaluna-Bloodmoon, L50, M|19\/100\n|turn|12\n|\n|t:|1700620011\n|-terastallize|p1b: Anestesia|Fire\n|move|p1a: Ursaluna|Protect|p1a: Ursaluna\n|-singleturn|p1a: Ursaluna|Protect\n|move|p2b: Rillaboom|Grassy Glide|p1a: Ursaluna\n|-activate|p1a: Ursaluna|move: Protect\n|move|p2a: Kommo-o|Flash Cannon|p1b: Anestesia\n|-resisted|p1b: Anestesia\n|-damage|p1b: Anestesia|42\/100\n|move|p1b: Anestesia|Clear Smog|p2a: Kommo-o\n|-damage|p2a: Kommo-o|0 fnt\n|-clearboost|p2a: Kommo-o\n|faint|p2a: Kommo-o\n|\n|-heal|p2b: Rillaboom|87\/100|[from] Grassy Terrain\n|-heal|p1a: Ursaluna|25\/100|[from] Grassy Terrain\n|-heal|p1b: Anestesia|48\/100|[from] Grassy Terrain\n|upkeep\n|turn|13\n|inactive|Tampico11 has 30 seconds left.\n|\n|t:|1700620041\n|move|p2b: Rillaboom|Grassy Glide|p1a: Ursaluna\n|-supereffective|p1a: Ursaluna\n|-damage|p1a: Ursaluna|0 fnt\n|faint|p1a: Ursaluna\n|move|p1b: Anestesia|Pollen Puff|p2b: Rillaboom\n|-supereffective|p2b: Rillaboom\n|-damage|p2b: Rillaboom|58\/100\n|\n|-heal|p2b: Rillaboom|64\/100|[from] Grassy Terrain\n|-heal|p1b: Anestesia|53\/100|[from] Grassy Terrain\n|upkeep\n|turn|14\n|\n|t:|1700620053\n|move|p2b: Rillaboom|Wood Hammer|p1b: Anestesia\n|-resisted|p1b: Anestesia\n|-damage|p1b: Anestesia|15\/100\n|-damage|p2b: Rillaboom|49\/100|[from] Recoil\n|move|p1b: Anestesia|Pollen Puff|p2b: Rillaboom\n|-supereffective|p2b: Rillaboom\n|-damage|p2b: Rillaboom|19\/100\n|\n|-heal|p2b: Rillaboom|25\/100|[from] Grassy Terrain\n|-heal|p1b: Anestesia|21\/100|[from] Grassy Terrain\n|-fieldend|move: Grassy Terrain\n|upkeep\n|turn|15\n|c|\u2606Tenken11|gg\n|\n|t:|1700620065\n|move|p2b: Rillaboom|Wood Hammer|p1b: Anestesia\n|-resisted|p1b: Anestesia\n|-damage|p1b: Anestesia|0 fnt\n|faint|p1b: Anestesia\n|-damage|p2b: Rillaboom|18\/100|[from] Recoil\n|\n|win|Tenken11\n|c|\u2606Tenken11|sud\u00e9\n|c|\u2606Tampico11|ggs\n|l|\u2606Tampico11\n","uploadtime":1700620099,"views":5,"p1id":"tampico11","p2id":"tenken11","formatid":"gen9vgc2023regulatione","rating":0,"private":0,"password":""}