{"id":"gen9vgc2023regulatione-1993591445","p1":"Sonichu_0","p2":"nicols.gui","format":"[Gen 9] VGC 2023 Regulation E","log":"|j|\u2606Sonichu_0\n|j|\u2606nicols.gui\n|t:|1700335189\n|gametype|doubles\n|player|p1|Sonichu_0|hilbert|1051\n|player|p2|nicols.gui|dancer|1088\n|teamsize|p1|6\n|teamsize|p2|6\n|gen|9\n|tier|[Gen 9] VGC 2023 Regulation E\n|rated|\n|rule|Species Clause: Limit one of each Pok\u00e9mon\n|rule|Item Clause: Limit one of each item\n|clearpoke\n|poke|p1|Flutter Mane, L50|\n|poke|p1|Indeedee-F, L50, F|\n|poke|p1|Torkoal, L50, M|\n|poke|p1|Leafeon, L50, M|\n|poke|p1|Urshifu-*, L50, M|\n|poke|p1|Ogerpon-Hearthflame, L50, F|\n|poke|p2|Mamoswine, L50, M|\n|poke|p2|Sylveon, L50, F|\n|poke|p2|Rillaboom, L50, M|\n|poke|p2|Arcanine-Hisui, L50, M|\n|poke|p2|Gholdengo, L50|\n|poke|p2|Farigiraf, L50, F|\n|teampreview|4\nSonichu_0 has agreed to open team sheets.\n|\n|t:|1700335259\n|start\n|switch|p1a: Torkoal|Torkoal, L50, M|100\/100\n|switch|p1b: Flutter Mane|Flutter Mane, L50|100\/100\n|switch|p2a: Sylveon|Sylveon, L50, F|100\/100\n|switch|p2b: Gholdengo|Gholdengo, L50|100\/100\n|-weather|SunnyDay|[from] ability: Drought|[of] p1a: Torkoal\n|-activate|p1b: Flutter Mane|ability: Protosynthesis\n|-start|p1b: Flutter Mane|protosynthesisspe\n|turn|1\n|inactive|Battle timer is ON: inactive players will automatically lose when time's up. (requested by nicols.gui)\n|inactiveoff|Battle timer is now OFF.\n|\n|t:|1700335296\n|-terastallize|p1b: Flutter Mane|Fire\n|-terastallize|p2a: Sylveon|Water\n|move|p1b: Flutter Mane|Mystical Fire|p2b: Gholdengo\n|-supereffective|p2b: Gholdengo\n|-damage|p2b: Gholdengo|0 fnt\n|faint|p2b: Gholdengo\n|move|p2a: Sylveon|Tera Blast|p1a: Torkoal|[anim] Tera Blast Water\n|-supereffective|p1a: Torkoal\n|-damage|p1a: Torkoal|42\/100\n|move|p1a: Torkoal|Heat Wave|p2a: Sylveon\n|-resisted|p2a: Sylveon\n|-damage|p2a: Sylveon|85\/100\n|\n|-weather|SunnyDay|[upkeep]\n|upkeep\n|\n|t:|1700335310\n|switch|p2b: Arcanine|Arcanine-Hisui, L50, M|100\/100\n|-ability|p2b: Arcanine|Intimidate|boost\n|-unboost|p1a: Torkoal|atk|1\n|-unboost|p1b: Flutter Mane|atk|1\n|turn|2\n|inactive|Battle timer is ON: inactive players will automatically lose when time's up. (requested by Sonichu_0)\n|\n|t:|1700335320\n|-end|p1b: Flutter Mane|Protosynthesis|[silent]\n|switch|p1b: Leafeon|Leafeon, L50, M|100\/100\n|move|p1a: Torkoal|Protect|p1a: Torkoal\n|-singleturn|p1a: Torkoal|Protect\n|move|p2b: Arcanine|Rock Slide|p1b: Leafeon|[spread] p1b\n|-activate|p1a: Torkoal|move: Protect\n|-damage|p1b: Leafeon|58\/100\n|move|p2a: Sylveon|Tera Blast|p1b: Leafeon|[anim] Tera Blast Water\n|-resisted|p1b: Leafeon\n|-damage|p1b: Leafeon|40\/100\n|\n|-weather|SunnyDay|[upkeep]\n|upkeep\n|turn|3\n|\n|t:|1700335337\n|switch|p2b: Rillaboom|Rillaboom, L50, M|100\/100\n|-fieldstart|move: Grassy Terrain|[from] ability: Grassy Surge|[of] p2b: Rillaboom\n|move|p1b: Leafeon|Solar Blade||[still]\n|-prepare|p1b: Leafeon|Solar Blade\n|-anim|p1b: Leafeon|Solar Blade|p2a: Sylveon\n|-supereffective|p2a: Sylveon\n|-damage|p2a: Sylveon|0 fnt\n|faint|p2a: Sylveon\n|move|p1a: Torkoal|Earth Power|p2b: Rillaboom\n|-resisted|p2b: Rillaboom\n|-damage|p2b: Rillaboom|91\/100\n|\n|-weather|SunnyDay|[upkeep]\n|-heal|p1b: Leafeon|46\/100|[from] Grassy Terrain\n|-heal|p2b: Rillaboom|97\/100|[from] Grassy Terrain\n|-heal|p1a: Torkoal|48\/100|[from] Grassy Terrain\n|upkeep\n|\n|t:|1700335353\n|switch|p2a: Arcanine|Arcanine-Hisui, L50, M|100\/100\n|-ability|p2a: Arcanine|Intimidate|boost\n|-unboost|p1a: Torkoal|atk|1\n|-unboost|p1b: Leafeon|atk|1\n|turn|4\n|\n|t:|1700335374\n|move|p1a: Torkoal|Helping Hand|p1b: Leafeon\n|-singleturn|p1b: Leafeon|Helping Hand|[of] p1a: Torkoal\n|move|p1b: Leafeon|Solar Blade||[still]\n|-prepare|p1b: Leafeon|Solar Blade\n|-anim|p1b: Leafeon|Solar Blade|p2a: Arcanine\n|-damage|p2a: Arcanine|0 fnt\n|faint|p2a: Arcanine\n|move|p2b: Rillaboom|High Horsepower|p1a: Torkoal\n|-supereffective|p1a: Torkoal\n|-damage|p1a: Torkoal|0 fnt\n|faint|p1a: Torkoal\n|\n|-weather|SunnyDay|[upkeep]\n|-heal|p1b: Leafeon|52\/100|[from] Grassy Terrain\n|-heal|p2b: Rillaboom|100\/100|[from] Grassy Terrain\n|upkeep\n|\n|t:|1700335384\n|switch|p1a: Flutter Mane|Flutter Mane, L50, tera:Fire|100\/100\n|-activate|p1a: Flutter Mane|ability: Protosynthesis\n|-start|p1a: Flutter Mane|protosynthesisspe\n|turn|5\n|\n|t:|1700335394\n|switch|p1b: Urshifu|Urshifu, L50, M|100\/100\n|move|p1a: Flutter Mane|Mystical Fire|p2b: Rillaboom\n|-supereffective|p2b: Rillaboom\n|-damage|p2b: Rillaboom|0 fnt\n|faint|p2b: Rillaboom\n|\n|win|Sonichu_0\n|raw|Sonichu_0's rating: 1051 &rarr; <strong>1087<\/strong><br \/>(+36 for winning)\n|raw|nicols.gui's rating: 1088 &rarr; <strong>1062<\/strong><br \/>(-26 for losing)\n|l|\u2606nicols.gui\n","uploadtime":1700335401,"views":9,"p1id":"sonichu0","p2id":"nicolsgui","formatid":"gen9vgc2023regulatione","rating":1062,"private":0,"password":""}