{"id":"gen9vgc2023regulatione-1991971565","p1":"fairylilipad","p2":"aquartertwo","format":"[Gen 9] VGC 2023 Regulation E","log":"|j|\u2606fairylilipad\n|j|\u2606aquartertwo\n|n|\u2606fairylilipad|fairylilipad\n|n|\u2606aquartertwo|aquartertwo\n|html|View the match progress at <a href=\"\/game-bestof3-gen9vgc2023regulatione-1991963810\">game-bestof3-gen9vgc2023regulatione-1991963810<\/a>\n|t:|1700143874\n|gametype|doubles\n|player|p1|fairylilipad|guitarist|\n|player|p2|aquartertwo|clerk|\n|teamsize|p1|6\n|teamsize|p2|6\n|gen|9\n|tier|[Gen 9] VGC 2023 Regulation E\n|rule|Species Clause: Limit one of each Pok\u00e9mon\n|rule|Item Clause: Limit one of each item\n|clearpoke\n|poke|p1|Weezing, L50, F|\n|poke|p1|Roaring Moon, L50|\n|poke|p1|Flutter Mane, L50|\n|poke|p1|Ogerpon-Hearthflame, L50, F|\n|poke|p1|Rillaboom, L50, M|\n|poke|p1|Urshifu-*, L50, F|\n|poke|p2|Tornadus, L50, M|\n|poke|p2|Flutter Mane, L50|\n|poke|p2|Regidrago, L50|\n|poke|p2|Heatran, L50, M|\n|poke|p2|Urshifu-*, L50, M|\n|poke|p2|Farigiraf, L50, M|\n|teampreview|4\naquartertwo has agreed to open team sheets.\nfairylilipad has agreed to open team sheets.\n|showteam|p1|Weezing||SitrusBerry|NeutralizingGas|WillOWisp,Taunt,GunkShot,Protect|||F|||50|,,,,,Ghost]Roaring Moon||BoosterEnergy|Protosynthesis|BreakingSwipe,Tailwind,KnockOff,Protect||||||50|,,,,,Poison]Flutter Mane||ChoiceSpecs|Protosynthesis|Thunderbolt,DazzlingGleam,ShadowBall,Moonblast||||||50|,,,,,Fairy]Ogerpon-Hearthflame||HearthflameMask|MoldBreaker|IvyCudgel,GrassyGlide,HornLeech,SpikyShield|||F|||50|,,,,,Fire]Rillaboom||AssaultVest|GrassySurge|FakeOut,HighHorsepower,WoodHammer,GrassyGlide|||M|||50|,,,,,Fire]Urshifu-Rapid-Strike||ChoiceScarf|UnseenFist|SurgingStrikes,CloseCombat,AquaJet,Uturn|||F|||50|,,,,,Water\n|showteam|p2|Tornadus||FocusSash|Prankster|BleakwindStorm,Tailwind,SunnyDay,Protect|||M|||50|,,,,,Ghost]Flutter Mane||BoosterEnergy|Protosynthesis|DazzlingGleam,ShadowBall,Substitute,Protect||||||50|,,,,,Water]Regidrago||DragonFang|DragonsMaw|DragonEnergy,DracoMeteor,EarthPower,Protect||||||50|,,,,,Poison]Heatran||LifeOrb|FlashFire|HeatWave,FlashCannon,EarthPower,Protect|||M|||50|,,,,,Fairy]Urshifu||ChoiceScarf|UnseenFist|WickedBlow,SuckerPunch,CloseCombat,IronHead|||M|||50|,,,,,Dark]Farigiraf||RockyHelmet|ArmorTail|Psychic,DazzlingGleam,TrickRoom,Imprison|||M|||50|,,,,,Fairy\n|\n|t:|1700143934\n|start\n|switch|p1a: Roaring Moon|Roaring Moon, L50|100\/100\n|switch|p1b: Rillaboom|Rillaboom, L50, M|100\/100\n|switch|p2a: Heatran|Heatran, L50, M|100\/100\n|switch|p2b: Farigiraf|Farigiraf, L50, M|100\/100\n|-fieldstart|move: Grassy Terrain|[from] ability: Grassy Surge|[of] p1b: Rillaboom\n|-enditem|p1a: Roaring Moon|Booster Energy\n|-activate|p1a: Roaring Moon|ability: Protosynthesis|[fromitem]\n|-start|p1a: Roaring Moon|protosynthesisspe\n|turn|1\n|\n|t:|1700143978\n|-terastallize|p2a: Heatran|Fairy\n|-terastallize|p1b: Rillaboom|Fire\n|move|p1a: Roaring Moon|Knock Off|p2b: Farigiraf\n|-supereffective|p2b: Farigiraf\n|-damage|p2b: Farigiraf|12\/100\n|-damage|p1a: Roaring Moon|84\/100|[from] item: Rocky Helmet|[of] p2b: Farigiraf\n|-enditem|p2b: Farigiraf|Rocky Helmet|[from] move: Knock Off|[of] p1a: Roaring Moon\n|move|p2a: Heatran|Heat Wave|p1a: Roaring Moon|[spread] p1a,p1b\n|-resisted|p1a: Roaring Moon\n|-resisted|p1b: Rillaboom\n|-damage|p1a: Roaring Moon|63\/100\n|-damage|p1b: Rillaboom|84\/100\n|-damage|p2a: Heatran|91\/100|[from] item: Life Orb\n|move|p1b: Rillaboom|Wood Hammer|p2b: Farigiraf\n|-damage|p2b: Farigiraf|0 fnt\n|faint|p2b: Farigiraf\n|-damage|p1b: Rillaboom|80\/100|[from] Recoil\n|\n|-heal|p1a: Roaring Moon|69\/100|[from] Grassy Terrain\n|-heal|p2a: Heatran|97\/100|[from] Grassy Terrain\n|-heal|p1b: Rillaboom|86\/100|[from] Grassy Terrain\n|upkeep\n|\n|t:|1700144017\n|switch|p2b: Flutter Mane|Flutter Mane, L50|100\/100\n|-enditem|p2b: Flutter Mane|Booster Energy\n|-activate|p2b: Flutter Mane|ability: Protosynthesis|[fromitem]\n|-start|p2b: Flutter Mane|protosynthesisspa\n|turn|2\n|\n|t:|1700144049\n|move|p2b: Flutter Mane|Protect|p2b: Flutter Mane\n|-singleturn|p2b: Flutter Mane|Protect\n|move|p1a: Roaring Moon|Tailwind|p1a: Roaring Moon\n|-sidestart|p1: fairylilipad|move: Tailwind\n|move|p1b: Rillaboom|Wood Hammer|p2b: Flutter Mane\n|-activate|p2b: Flutter Mane|move: Protect\n|move|p2a: Heatran|Earth Power|p1b: Rillaboom\n|-supereffective|p1b: Rillaboom\n|-damage|p1b: Rillaboom|29\/100\n|-damage|p2a: Heatran|87\/100|[from] item: Life Orb\n|\n|-heal|p1a: Roaring Moon|75\/100|[from] Grassy Terrain\n|-heal|p1b: Rillaboom|35\/100|[from] Grassy Terrain\n|-heal|p2a: Heatran|93\/100|[from] Grassy Terrain\n|upkeep\n|turn|3\n|\n|t:|1700144078\n|move|p2a: Heatran|Protect|p2a: Heatran\n|-singleturn|p2a: Heatran|Protect\n|move|p1b: Rillaboom|Grassy Glide|p2b: Flutter Mane\n|-damage|p2b: Flutter Mane|29\/100\n|move|p1a: Roaring Moon|Knock Off|p2b: Flutter Mane\n|-damage|p2b: Flutter Mane|0 fnt\n|faint|p2b: Flutter Mane\n|-end|p2b: Flutter Mane|Protosynthesis|[silent]\n|\n|-heal|p1a: Roaring Moon|81\/100|[from] Grassy Terrain\n|-heal|p1b: Rillaboom|41\/100|[from] Grassy Terrain\n|-heal|p2a: Heatran|99\/100|[from] Grassy Terrain\n|upkeep\n|c|\u2606aquartertwo|Good read\n|\n|t:|1700144095\n|switch|p2b: Regidrago|Regidrago, L50|100\/100\n|turn|4\n|\n|t:|1700144112\n|move|p1a: Roaring Moon|Knock Off|p2a: Heatran\n|-resisted|p2a: Heatran\n|-damage|p2a: Heatran|77\/100\n|-enditem|p2a: Heatran|Life Orb|[from] move: Knock Off|[of] p1a: Roaring Moon\n|move|p1b: Rillaboom|Wood Hammer|p2a: Heatran\n|-damage|p2a: Heatran|0 fnt\n|faint|p2a: Heatran\n|-damage|p1b: Rillaboom|20\/100|[from] Recoil\n|move|p2b: Regidrago|Draco Meteor|p1a: Roaring Moon\n|-supereffective|p1a: Roaring Moon\n|-crit|p1a: Roaring Moon\n|-damage|p1a: Roaring Moon|0 fnt\n|-unboost|p2b: Regidrago|spa|2\n|faint|p1a: Roaring Moon\n|-end|p1a: Roaring Moon|Protosynthesis|[silent]\n|\n|-heal|p1b: Rillaboom|26\/100|[from] Grassy Terrain\n|upkeep\n|\n|t:|1700144129\n|switch|p1a: Flutter Mane|Flutter Mane, L50|100\/100\n|turn|5\n|\n|t:|1700144139\n|switch|p1b: Urshifu|Urshifu-Rapid-Strike, L50, F|100\/100\n|move|p1a: Flutter Mane|Moonblast|p2b: Regidrago\n|-supereffective|p2b: Regidrago\n|-damage|p2b: Regidrago|0 fnt\n|faint|p2b: Regidrago\n|\n|win|fairylilipad\n|c|\u2606aquartertwo|gg\n|c|\u2606fairylilipad|gg\n|l|\u2606aquartertwo\n","uploadtime":1700144260,"views":22,"p1id":"fairylilipad","p2id":"aquartertwo","formatid":"gen9vgc2023regulatione","rating":0,"private":0,"password":""}