{"id":"gen9vgc2023regulatione-1991101157","p1":"Jippt351","p2":"KumpelYD","format":"[Gen 9] VGC 2023 Regulation E","log":"|j|\u2606Jippt351\n|j|\u2606KumpelYD\n|t:|1700043025\n|gametype|doubles\n|player|p1|Jippt351|lucas|1364\n|player|p2|KumpelYD|volkner|1348\n|teamsize|p1|6\n|teamsize|p2|6\n|gen|9\n|tier|[Gen 9] VGC 2023 Regulation E\n|rated|\n|rule|Species Clause: Limit one of each Pok\u00e9mon\n|rule|Item Clause: Limit one of each item\n|clearpoke\n|poke|p1|Tornadus, L50, M|\n|poke|p1|Flutter Mane, L50|\n|poke|p1|Regidrago, L50|\n|poke|p1|Heatran, L50, M|\n|poke|p1|Urshifu-*, L50, M|\n|poke|p1|Farigiraf, L50, F|\n|poke|p2|Arcanine, L50, F|\n|poke|p2|Cresselia, L50, F|\n|poke|p2|Ogerpon-Wellspring, L50, F|\n|poke|p2|Ting-Lu, L50|\n|poke|p2|Flutter Mane, L50|\n|poke|p2|Iron Hands, L50|\n|teampreview|4\n|inactive|Battle timer is ON: inactive players will automatically lose when time's up. (requested by KumpelYD)\n|inactive|Jippt351 also wants the timer to be on.\n|inactive|KumpelYD has 60 seconds left.\n|\n|t:|1700043058\n|start\n|switch|p1a: Farigiraf|Farigiraf, L50, F|100\/100\n|switch|p1b: Urshifu|Urshifu, L50, M|100\/100\n|switch|p2a: Ogerpon|Ogerpon-Wellspring, L50, F|100\/100\n|switch|p2b: Ting-Lu|Ting-Lu, L50|100\/100\n|-ability|p2b: Ting-Lu|Vessel of Ruin\n|turn|1\n|l|\u2606Jippt351\n|inactive|Jippt351 disconnected and has a minute to reconnect!\n|player|p1|\n|inactive|Jippt351 has 30 seconds left.\n|inactive|KumpelYD has 30 seconds left.\n|inactive|Jippt351 has 20 seconds left.\n|inactive|KumpelYD has 20 seconds left.\n|j|\u2606Jippt351\n|inactive|Jippt351 reconnected and has 20 seconds left.\n|player|p1|Jippt351|lucas\n|inactive|Jippt351 has 15 seconds left.\n|\n|t:|1700043100\n|switch|p2b: Iron Hands|Iron Hands, L50|100\/100\n|move|p1b: Urshifu|Wicked Blow|p2a: Ogerpon\n|-crit|p2a: Ogerpon\n|-damage|p2a: Ogerpon|27\/100\n|move|p2a: Ogerpon|Ivy Cudgel|p1a: Farigiraf|[anim] Ivy Cudgel Water\n|-damage|p1a: Farigiraf|43\/100\n|move|p1a: Farigiraf|Dazzling Gleam|p2a: Ogerpon|[spread] p2a,p2b\n|-supereffective|p2b: Iron Hands\n|-damage|p2a: Ogerpon|11\/100\n|-damage|p2b: Iron Hands|69\/100\n|\n|upkeep\n|turn|2\n|\n|t:|1700043119\n|move|p2a: Ogerpon|Spiky Shield|p2a: Ogerpon\n|-singleturn|p2a: Ogerpon|move: Protect\n|move|p1b: Urshifu|Wicked Blow|p2a: Ogerpon\n|-crit|p2a: Ogerpon\n|-damage|p2a: Ogerpon|0 fnt\n|faint|p2a: Ogerpon\n|move|p1a: Farigiraf|Psychic|p2b: Iron Hands\n|-supereffective|p2b: Iron Hands\n|-damage|p2b: Iron Hands|0 fnt\n|faint|p2b: Iron Hands\n|-end|p2b: Iron Hands|Quark Drive|[silent]\n|\n|upkeep\n|\n|t:|1700043130\n|switch|p2a: Ting-Lu|Ting-Lu, L50|100\/100\n|switch|p2b: Flutter Mane|Flutter Mane, L50|100\/100\n|-ability|p2a: Ting-Lu|Vessel of Ruin\n|turn|3\n|\n|t:|1700043144\n|move|p1b: Urshifu|Wicked Blow|p2b: Flutter Mane\n|-crit|p2b: Flutter Mane\n|-damage|p2b: Flutter Mane|0 fnt\n|faint|p2b: Flutter Mane\n|-end|p2b: Flutter Mane|Protosynthesis|[silent]\n|move|p1a: Farigiraf|Dazzling Gleam|p2a: Ting-Lu\n|-supereffective|p2a: Ting-Lu\n|-damage|p2a: Ting-Lu|84\/100\n|move|p2a: Ting-Lu|Fissure|p1b: Urshifu|[miss]\n|-miss|p2a: Ting-Lu|p1b: Urshifu\n|\n|upkeep\n|turn|4\n|\n|t:|1700043157\n|move|p1b: Urshifu|Wicked Blow|p2a: Ting-Lu\n|-resisted|p2a: Ting-Lu\n|-crit|p2a: Ting-Lu\n|-damage|p2a: Ting-Lu|68\/100\n|move|p1a: Farigiraf|Dazzling Gleam|p2a: Ting-Lu\n|-supereffective|p2a: Ting-Lu\n|-damage|p2a: Ting-Lu|50\/100\n|move|p2a: Ting-Lu|Fissure|p1b: Urshifu|[miss]\n|-miss|p2a: Ting-Lu|p1b: Urshifu\n|\n|upkeep\n|turn|5\n|\n|t:|1700043167\n|move|p1b: Urshifu|Wicked Blow|p2a: Ting-Lu\n|-resisted|p2a: Ting-Lu\n|-crit|p2a: Ting-Lu\n|-damage|p2a: Ting-Lu|35\/100\n|move|p1a: Farigiraf|Dazzling Gleam|p2a: Ting-Lu\n|-supereffective|p2a: Ting-Lu\n|-damage|p2a: Ting-Lu|17\/100\n|move|p2a: Ting-Lu|Fissure|p1b: Urshifu|[miss]\n|-miss|p2a: Ting-Lu|p1b: Urshifu\n|\n|upkeep\n|turn|6\n|-message|KumpelYD forfeited.\n|\n|win|Jippt351\n|raw|Jippt351's rating: 1364 &rarr; <strong>1383<\/strong><br \/>(+19 for winning)\n|raw|KumpelYD's rating: 1348 &rarr; <strong>1329<\/strong><br \/>(-19 for losing)\n|l|\u2606KumpelYD\n|l|\u2606Jippt351\n|j|\u2606Jippt351\n|player|p1|Jippt351|lucas\n","uploadtime":1700043198,"views":20,"p1id":"jippt351","p2id":"kumpelyd","formatid":"gen9vgc2023regulatione","rating":1329,"private":0,"password":""}