{"id":"gen9vgc2023regulatione-1999181681","p1":"Juan El Macho","p2":"bistuf","format":"[Gen 9] VGC 2023 Regulation E","log":"|j|\u2606Juan El Macho\n|j|\u2606bistuf\n|t:|1701042330\n|gametype|doubles\n|player|p1|Juan El Macho|102|1229\n|player|p2|bistuf|harlequin|1247\n|teamsize|p1|6\n|teamsize|p2|6\n|gen|9\n|tier|[Gen 9] VGC 2023 Regulation E\n|rated|\n|rule|Species Clause: Limit one of each Pok\u00e9mon\n|rule|Item Clause: Limit one of each item\n|clearpoke\n|poke|p1|Tornadus, L50, M|\n|poke|p1|Landorus-Therian, L50, M|\n|poke|p1|Urshifu-*, L50, M|\n|poke|p1|Gholdengo, L50|\n|poke|p1|Amoonguss, L50, M|\n|poke|p1|Iron Hands, L50|\n|poke|p2|Farigiraf, L50, F|\n|poke|p2|Ursaluna-Bloodmoon, L50, M|\n|poke|p2|Iron Hands, L50|\n|poke|p2|Grimmsnarl, L50, M|\n|poke|p2|Kingambit, L50, M|\n|poke|p2|Oranguru, L50, M|\n|teampreview|4\n|inactive|Battle timer is ON: inactive players will automatically lose when time's up. (requested by bistuf)\n|\n|t:|1701042403\n|start\n|switch|p1a: Tornadus|Tornadus, L50, M, shiny|100\/100\n|switch|p1b: Urshifu|Urshifu-Rapid-Strike, L50, M|100\/100\n|switch|p2a: Farigiraf|Farigiraf, L50, F|100\/100\n|switch|p2b: Grimmsnarl|Grimmsnarl, L50, M, shiny|100\/100\n|turn|1\n|inactive|Juan El Macho has 30 seconds left.\n|inactive|Juan El Macho has 20 seconds left.\n|inactive|Juan El Macho has 15 seconds left.\n|inactive|Juan El Macho has 10 seconds left.\n|\n|t:|1701042452\n|-terastallize|p1b: Urshifu|Water\n|move|p2a: Farigiraf|Protect|p2a: Farigiraf\n|-singleturn|p2a: Farigiraf|Protect\n|move|p2b: Grimmsnarl|Reflect|p2b: Grimmsnarl\n|-sidestart|p2: bistuf|Reflect\n|move|p1a: Tornadus|Bleakwind Storm|p2a: Farigiraf|[spread] p2b\n|-activate|p2a: Farigiraf|move: Protect\n|-damage|p2b: Grimmsnarl|77\/100\n|-unboost|p2b: Grimmsnarl|spe|1\n|move|p1b: Urshifu|Surging Strikes|p2a: Farigiraf\n|-crit|p2a: Farigiraf\n|-damage|p2a: Farigiraf|72\/100\n|-crit|p2a: Farigiraf\n|-damage|p2a: Farigiraf|45\/100\n|-crit|p2a: Farigiraf\n|-damage|p2a: Farigiraf|17\/100\n|-hitcount|p2a: Farigiraf|3\n|\n|upkeep\n|turn|2\n|inactive|Juan El Macho has 30 seconds left.\n|\n|t:|1701042487\n|move|p2b: Grimmsnarl|Light Screen|p2b: Grimmsnarl\n|-sidestart|p2: bistuf|move: Light Screen\n|move|p1a: Tornadus|Bleakwind Storm|p2b: Grimmsnarl|[spread] \n|-miss|p1a: Tornadus|p2a: Farigiraf\n|-miss|p1a: Tornadus|p2b: Grimmsnarl\n|move|p1b: Urshifu|Surging Strikes|p2a: Farigiraf\n|-crit|p2a: Farigiraf\n|-damage|p2a: Farigiraf|0 fnt\n|faint|p2a: Farigiraf\n|-hitcount|p2: Farigiraf|1\n|\n|upkeep\n|\n|t:|1701042497\n|switch|p2a: Iron Hands|Iron Hands, L50|100\/100\n|turn|3\n|\n|t:|1701042518\n|move|p1b: Urshifu|Detect|p1b: Urshifu\n|-singleturn|p1b: Urshifu|Protect\n|move|p1a: Tornadus|Rain Dance|p1a: Tornadus\n|-weather|RainDance\n|move|p2b: Grimmsnarl|Parting Shot|p1b: Urshifu\n|-activate|p1b: Urshifu|move: Protect\n|move|p2a: Iron Hands|Wild Charge|p1b: Urshifu\n|-activate|p1b: Urshifu|move: Protect\n|\n|-weather|RainDance|[upkeep]\n|upkeep\n|turn|4\n|inactive|Juan El Macho has 30 seconds left.\n|\n|t:|1701042545\n|switch|p1b: Gholdengo|Gholdengo, L50|100\/100\n|move|p2b: Grimmsnarl|Parting Shot|p1b: Gholdengo\n|-immune|p1b: Gholdengo|[from] ability: Good as Gold\n|move|p1a: Tornadus|Bleakwind Storm|p2b: Grimmsnarl|[spread] p2a,p2b\n|-damage|p2a: Iron Hands|90\/100\n|-damage|p2b: Grimmsnarl|59\/100\n|move|p2a: Iron Hands|Wild Charge|p1b: Gholdengo\n|-damage|p1b: Gholdengo|51\/100\n|-damage|p2a: Iron Hands|80\/100|[from] Recoil\n|\n|-weather|RainDance|[upkeep]\n|upkeep\n|turn|5\n|inactive|Juan El Macho has 30 seconds left.\n|inactive|bistuf has 30 seconds left.\n|inactive|Juan El Macho has 20 seconds left.\n|inactive|bistuf has 20 seconds left.\n|\n|t:|1701042585\n|switch|p1a: Amoonguss|Amoonguss, L50, M, shiny|100\/100\n|move|p1b: Gholdengo|Protect|p1b: Gholdengo\n|-singleturn|p1b: Gholdengo|Protect\n|move|p2b: Grimmsnarl|Parting Shot|p1a: Amoonguss\n|-unboost|p1a: Amoonguss|atk|1\n|-unboost|p1a: Amoonguss|spa|1\n|\n|t:|1701042592\n|switch|p2b: Ursaluna|Ursaluna-Bloodmoon, L50, M|100\/100|[from] Parting Shot\n|move|p2a: Iron Hands|Wild Charge|p1a: Amoonguss\n|-resisted|p1a: Amoonguss\n|-damage|p1a: Amoonguss|82\/100\n|-damage|p2a: Iron Hands|64\/100|[from] item: Rocky Helmet|[of] p1a: Amoonguss\n|-damage|p2a: Iron Hands|60\/100|[from] Recoil\n|\n|-weather|RainDance|[upkeep]\n|upkeep\n|turn|6\n|inactive|Juan El Macho has 30 seconds left.\n|inactive|bistuf has 30 seconds left.\n|\n|t:|1701042622\n|move|p1b: Gholdengo|Make It Rain|p2a: Iron Hands|[spread] p2a,p2b\n|-resisted|p2a: Iron Hands\n|-damage|p2a: Iron Hands|50\/100\n|-damage|p2b: Ursaluna|58\/100\n|-unboost|p1b: Gholdengo|spa|1\n|move|p2a: Iron Hands|Heavy Slam|p1a: Amoonguss\n|-crit|p1a: Amoonguss\n|-damage|p1a: Amoonguss|34\/100\n|-damage|p2a: Iron Hands|34\/100|[from] item: Rocky Helmet|[of] p1a: Amoonguss\n|move|p2b: Ursaluna|Hyper Voice|p1b: Gholdengo|[spread] p1a,p1b\n|-resisted|p1b: Gholdengo\n|-damage|p1a: Amoonguss|0 fnt\n|-damage|p1b: Gholdengo|31\/100\n|faint|p1a: Amoonguss\n|-enditem|p2b: Ursaluna|Throat Spray\n|-boost|p2b: Ursaluna|spa|1|[from] item: Throat Spray\n|\n|-weather|RainDance|[upkeep]\n|upkeep\n|\n|t:|1701042642\n|switch|p1a: Urshifu|Urshifu-Rapid-Strike, L50, M, tera:Water|100\/100\n|turn|7\n|inactive|Juan El Macho has 30 seconds left.\n|\n|t:|1701042677\n|-terastallize|p2b: Ursaluna|Normal\n|move|p1a: Urshifu|Detect|p1a: Urshifu\n|-singleturn|p1a: Urshifu|Protect\n|move|p1b: Gholdengo|Shadow Ball|p2a: Iron Hands\n|-damage|p2a: Iron Hands|24\/100\n|move|p2a: Iron Hands|Wild Charge|p1a: Urshifu\n|-activate|p1a: Urshifu|move: Protect\n|move|p2b: Ursaluna|Hyper Voice|p1b: Gholdengo|[spread] p1b\n|-activate|p1a: Urshifu|move: Protect\n|-resisted|p1b: Gholdengo\n|-damage|p1b: Gholdengo|0 fnt\n|faint|p1b: Gholdengo\n|\n|-weather|none\n|upkeep\n|\n|t:|1701042695\n|switch|p1b: Tornadus|Tornadus, L50, M, shiny|100\/100\n|turn|8\n|inactive|Juan El Macho has 30 seconds left.\n|inactive|Juan El Macho has 20 seconds left.\n|\n|t:|1701042735\n|move|p1b: Tornadus|Bleakwind Storm|p2a: Iron Hands|[spread] p2a,p2b\n|-damage|p2a: Iron Hands|13\/100\n|-damage|p2b: Ursaluna|32\/100\n|move|p1a: Urshifu|Surging Strikes|p2b: Ursaluna\n|-crit|p2b: Ursaluna\n|-damage|p2b: Ursaluna|10\/100\n|-crit|p2b: Ursaluna\n|-damage|p2b: Ursaluna|0 fnt\n|faint|p2b: Ursaluna\n|-hitcount|p2: Ursaluna|2\n|move|p2a: Iron Hands|Wild Charge|p1a: Urshifu\n|-supereffective|p1a: Urshifu\n|-damage|p1a: Urshifu|13\/100\n|-damage|p2a: Iron Hands|0 fnt|[from] Recoil\n|faint|p2a: Iron Hands\n|-end|p2a: Iron Hands|Quark Drive|[silent]\n|\n|-sideend|p2: bistuf|Reflect\n|upkeep\n|\n|t:|1701042750\n|switch|p2b: Grimmsnarl|Grimmsnarl, L50, M, shiny|59\/100\n|turn|9\n|\n|t:|1701042765\n|move|p1a: Urshifu|Detect|p1a: Urshifu\n|-singleturn|p1a: Urshifu|Protect\n|move|p1b: Tornadus|Rain Dance|p1b: Tornadus\n|-weather|RainDance\n|move|p2b: Grimmsnarl|Spirit Break|p1a: Urshifu\n|-activate|p1a: Urshifu|move: Protect\n|\n|-weather|RainDance|[upkeep]\n|-sideend|p2: bistuf|move: Light Screen\n|upkeep\n|turn|10\n|\n|t:|1701042782\n|move|p1b: Tornadus|Tailwind|p1b: Tornadus\n|-sidestart|p1: Juan El Macho|move: Tailwind\n|move|p1a: Urshifu|Surging Strikes|p2b: Grimmsnarl\n|-crit|p2b: Grimmsnarl\n|-damage|p2b: Grimmsnarl|4\/100\n|-crit|p2b: Grimmsnarl\n|-damage|p2b: Grimmsnarl|0 fnt\n|faint|p2b: Grimmsnarl\n|-hitcount|p2: Grimmsnarl|2\n|\n|win|Juan El Macho\n|raw|Juan El Macho's rating: 1229 &rarr; <strong>1255<\/strong><br \/>(+26 for winning)\n|raw|bistuf's rating: 1247 &rarr; <strong>1221<\/strong><br \/>(-26 for losing)\n|l|\u2606bistuf\n","uploadtime":1701042804,"views":1,"p1id":"juanelmacho","p2id":"bistuf","formatid":"gen9vgc2023regulatione","rating":1221,"private":0,"password":""}