{"id":"gen9vgc2023regulatione-1997812687","p1":"LameLiarLeo","p2":"brando7654","format":"[Gen 9] VGC 2023 Regulation E","log":"|j|\u2606LameLiarLeo\n|j|\u2606brando7654\n|t:|1700855397\n|gametype|doubles\n|player|p1|LameLiarLeo|caitlin|1568\n|player|p2|brando7654|mira|1636\n|teamsize|p1|6\n|teamsize|p2|6\n|gen|9\n|tier|[Gen 9] VGC 2023 Regulation E\n|rated|\n|rule|Species Clause: Limit one of each Pok\u00e9mon\n|rule|Item Clause: Limit one of each item\n|clearpoke\n|poke|p1|Chi-Yu, L50|\n|poke|p1|Iron Hands, L50|\n|poke|p1|Amoonguss, L50, F|\n|poke|p1|Landorus-Therian, L50, M|\n|poke|p1|Flutter Mane, L50|\n|poke|p1|Chien-Pao, L50|\n|poke|p2|Sylveon, L50, M|\n|poke|p2|Landorus-Therian, L50, M|\n|poke|p2|Dragapult, L50, M|\n|poke|p2|Chien-Pao, L50|\n|poke|p2|Ogerpon-Wellspring, L50, F|\n|poke|p2|Kingambit, L50, F|\n|teampreview|4\n|inactive|Battle timer is ON: inactive players will automatically lose when time's up. (requested by LameLiarLeo)\n|j| Rotfront\n|inactive|LameLiarLeo has 60 seconds left.\n|inactive|brando7654 has 60 seconds left.\n|\n|t:|1700855455\n|start\n|switch|p1a: One Puch Mon|Iron Hands, L50|100\/100\n|switch|p1b: Old King|Landorus-Therian, L50, M|100\/100\n|switch|p2a: Dragapult|Dragapult, L50, M|100\/100\n|switch|p2b: Chien-Pao|Chien-Pao, L50|100\/100\n|-ability|p1b: Old King|Intimidate|boost\n|-fail|p2a: Dragapult|unboost|[from] ability: Clear Body|[of] p2a: Dragapult\n|-unboost|p2b: Chien-Pao|atk|1\n|-ability|p2b: Chien-Pao|Sword of Ruin\n|turn|1\n|\n|t:|1700855479\n|-terastallize|p2a: Dragapult|Dragon\n|move|p2b: Chien-Pao|Protect|p2b: Chien-Pao\n|-singleturn|p2b: Chien-Pao|Protect\n|move|p1b: Old King|U-turn|p2b: Chien-Pao\n|-activate|p2b: Chien-Pao|move: Protect\n|move|p2a: Dragapult|Outrage|p1b: Old King\n|-damage|p1b: Old King|0 fnt\n|faint|p1b: Old King\n|move|p1a: One Puch Mon|Heavy Slam|p2a: Dragapult\n|-damage|p2a: Dragapult|23\/100\n|\n|upkeep\n|c|\u2606LameLiarLeo|oh okay\n|\n|t:|1700855497\n|switch|p1b: Tiger Rawr|Chien-Pao, L50|100\/100\n|-ability|p1b: Tiger Rawr|Sword of Ruin\n|turn|2\n|\n|t:|1700855510\n|move|p1b: Tiger Rawr|Sucker Punch|p2a: Dragapult\n|-damage|p2a: Dragapult|0 fnt\n|faint|p2a: Dragapult\n|move|p2b: Chien-Pao|Sacred Sword|p1b: Tiger Rawr\n|-supereffective|p1b: Tiger Rawr\n|-enditem|p1b: Tiger Rawr|Focus Sash\n|-damage|p1b: Tiger Rawr|1\/100\n|move|p1a: One Puch Mon|Drain Punch|p2b: Chien-Pao\n|-supereffective|p2b: Chien-Pao\n|-enditem|p2b: Chien-Pao|Focus Sash\n|-damage|p2b: Chien-Pao|1\/100\n|\n|upkeep\n|\n|t:|1700855524\n|switch|p2a: Ogerpon|Ogerpon-Wellspring, L50, F|100\/100\n|turn|3\n|\n|t:|1700855543\n|switch|p1b: Urshi-Who|Amoonguss, L50, F|100\/100\n|move|p2b: Chien-Pao|Ice Spinner|p1a: One Puch Mon\n|-damage|p1a: One Puch Mon|73\/100\n|move|p2a: Ogerpon|Ivy Cudgel|p1a: One Puch Mon|[anim] Ivy Cudgel Water\n|-damage|p1a: One Puch Mon|18\/100\n|move|p1a: One Puch Mon|Drain Punch|p2b: Chien-Pao\n|-supereffective|p2b: Chien-Pao\n|-damage|p2b: Chien-Pao|0 fnt\n|-heal|p1a: One Puch Mon|18\/100|[from] drain|[of] p2b: Chien-Pao\n|faint|p2b: Chien-Pao\n|\n|upkeep\n|j| yarcii\n|\n|t:|1700855548\n|switch|p2b: Kingambit|Kingambit, L50, F|100\/100\n|turn|4\n|\n|t:|1700855572\n|-end|p1a: One Puch Mon|Quark Drive|[silent]\n|switch|p1a: Tiger Rawr|Chien-Pao, L50|1\/100\n|-ability|p1a: Tiger Rawr|Sword of Ruin\n|move|p2a: Ogerpon|Ivy Cudgel|p1a: Tiger Rawr|[anim] Ivy Cudgel Water\n|-damage|p1a: Tiger Rawr|0 fnt\n|faint|p1a: Tiger Rawr\n|move|p2b: Kingambit|Iron Head|p1b: Urshi-Who\n|-damage|p1b: Urshi-Who|66\/100\n|move|p1b: Urshi-Who|Spore|p2b: Kingambit\n|-status|p2b: Kingambit|slp|[from] move: Spore\n|\n|upkeep\n|\n|t:|1700855581\n|switch|p1a: One Puch Mon|Iron Hands, L50|18\/100\n|turn|5\n|\n|t:|1700855593\n|move|p1a: One Puch Mon|Fake Out|p2a: Ogerpon\n|-damage|p2a: Ogerpon|88\/100\n|cant|p2a: Ogerpon|flinch\n|cant|p2b: Kingambit|slp\n|move|p1b: Urshi-Who|Pollen Puff|p1a: One Puch Mon\n|-heal|p1a: One Puch Mon|68\/100\n|\n|upkeep\n|turn|6\n|inactive|brando7654 has 30 seconds left.\n|\n|t:|1700855621\n|move|p2a: Ogerpon|Ivy Cudgel|p1a: One Puch Mon|[anim] Ivy Cudgel Water\n|-damage|p1a: One Puch Mon|30\/100\n|move|p1a: One Puch Mon|Drain Punch|p2b: Kingambit\n|-supereffective|p2b: Kingambit\n|-crit|p2b: Kingambit\n|-damage|p2b: Kingambit|0 fnt\n|-heal|p1a: One Puch Mon|76\/100|[from] drain|[of] p2b: Kingambit\n|faint|p2b: Kingambit\n|move|p1b: Urshi-Who|Pollen Puff|p2a: Ogerpon\n|-supereffective|p2a: Ogerpon\n|-damage|p2a: Ogerpon|47\/100\n|\n|upkeep\n|turn|7\n|\n|t:|1700855637\n|move|p2a: Ogerpon|Ivy Cudgel|p1a: One Puch Mon|[anim] Ivy Cudgel Water\n|-damage|p1a: One Puch Mon|33\/100\n|move|p1a: One Puch Mon|Wild Charge|p2a: Ogerpon\n|-damage|p2a: Ogerpon|0 fnt\n|faint|p2a: Ogerpon\n|-damage|p1a: One Puch Mon|24\/100|[from] Recoil\n|\n|win|LameLiarLeo\n|raw|LameLiarLeo's rating: 1568 &rarr; <strong>1592<\/strong><br \/>(+24 for winning)\n|raw|brando7654's rating: 1636 &rarr; <strong>1612<\/strong><br \/>(-24 for losing)\n|l|\u2606brando7654\n","uploadtime":1700855643,"views":18,"p1id":"lameliarleo","p2id":"brando7654","formatid":"gen9vgc2023regulatione","rating":1592,"private":0,"password":""}