{"id":"gen9vgc2023regulatione-1988790702","p1":"lavda69","p2":"CharlienoB","format":"[Gen 9] VGC 2023 Regulation E","log":"|j|\u2606lavda69\n|j|\u2606CharlienoB\n|t:|1699763597\n|gametype|doubles\n|player|p1|lavda69|170|1215\n|player|p2|CharlienoB|102|1114\n|teamsize|p1|6\n|teamsize|p2|6\n|gen|9\n|tier|[Gen 9] VGC 2023 Regulation E\n|rated|\n|rule|Species Clause: Limit one of each Pok\u00e9mon\n|rule|Item Clause: Limit one of each item\n|clearpoke\n|poke|p1|Sinistcha-Masterpiece, L50|\n|poke|p1|Tornadus, L50, M|\n|poke|p1|Flutter Mane, L50|\n|poke|p1|Iron Bundle, L50|\n|poke|p1|Ogerpon-Hearthflame, L50, F|\n|poke|p1|Kommo-o, L50, M|\n|poke|p2|Mimikyu, L50, F|\n|poke|p2|Sableye, L50, F|\n|poke|p2|Torkoal, L50, M|\n|poke|p2|Brute Bonnet, L50|\n|poke|p2|Gyarados, L50, F|\n|poke|p2|Ursaluna-Bloodmoon, L50, M|\n|teampreview|4\n|\n|t:|1699763630\n|start\n|switch|p1a: Iron Bundle|Iron Bundle, L50|100\/100\n|switch|p1b: Genie|Tornadus, L50, M|100\/100\n|switch|p2a: Mimikyu|Mimikyu, L50, F|100\/100\n|switch|p2b: Sableye|Sableye, L50, F|100\/100\n|-enditem|p1a: Iron Bundle|Booster Energy\n|-activate|p1a: Iron Bundle|ability: Quark Drive|[fromitem]\n|-start|p1a: Iron Bundle|quarkdrivespe\n|turn|1\n|\n|t:|1699763650\n|move|p1b: Genie|Rain Dance|p1b: Genie\n|-weather|RainDance\n|move|p2b: Sableye|Light Screen|p2b: Sableye\n|-sidestart|p2: CharlienoB|move: Light Screen\n|move|p1a: Iron Bundle|Icy Wind|p2a: Mimikyu|[spread] p2a\n|-miss|p1a: Iron Bundle|p2b: Sableye\n|-activate|p2a: Mimikyu|ability: Disguise\n|-damage|p2a: Mimikyu|100\/100\n|-unboost|p2a: Mimikyu|spe|1\n|detailschange|p2a: Mimikyu|Mimikyu-Busted, L50, F\n|-damage|p2a: Mimikyu|88\/100|[from] pokemon: Mimikyu-Busted\n|move|p2a: Mimikyu|Trick Room|p2a: Mimikyu\n|-fieldstart|move: Trick Room|[of] p2a: Mimikyu\n|\n|-weather|RainDance|[upkeep]\n|upkeep\n|turn|2\n|\n|t:|1699763676\n|move|p2b: Sableye|Encore|p1a: Iron Bundle\n|-start|p1a: Iron Bundle|Encore\n|move|p2a: Mimikyu|Swords Dance|p2a: Mimikyu\n|-boost|p2a: Mimikyu|atk|2\n|move|p1b: Genie|Bleakwind Storm|p2a: Mimikyu|[spread] p2a,p2b\n|-damage|p2a: Mimikyu|65\/100\n|-damage|p2b: Sableye|69\/100\n|-unboost|p2b: Sableye|spe|1\n|move|p1a: Iron Bundle|Icy Wind|p2a: Mimikyu|[spread] p2a,p2b\n|-crit|p2b: Sableye\n|-damage|p2a: Mimikyu|51\/100\n|-damage|p2b: Sableye|29\/100\n|-unboost|p2a: Mimikyu|spe|1\n|-unboost|p2b: Sableye|spe|1\n|\n|-weather|RainDance|[upkeep]\n|upkeep\n|turn|3\n|\n|t:|1699763698\n|move|p2b: Sableye|Disable|p1a: Iron Bundle\n|-start|p1a: Iron Bundle|Disable|Icy Wind\n|move|p2a: Mimikyu|Phantom Force||[still]\n|-prepare|p2a: Mimikyu|Phantom Force\n|move|p1b: Genie|Bleakwind Storm|p2a: Mimikyu|[spread] p2b\n|-miss|p1b: Genie|p2a: Mimikyu\n|-damage|p2b: Sableye|0 fnt\n|faint|p2b: Sableye\n|cant|p1a: Iron Bundle|Disable|Icy Wind\n|\n|-weather|RainDance|[upkeep]\n|upkeep\n|\n|t:|1699763709\n|switch|p2b: Ursaluna|Ursaluna-Bloodmoon, L50, M|100\/100\n|turn|4\n|\n|t:|1699763724\n|-end|p1a: Iron Bundle|Quark Drive|[silent]\n|switch|p1a: Flutter Mane|Flutter Mane, L50|100\/100\n|move|p2a: Mimikyu|Phantom Force|p1b: Genie|[from]lockedmove\n|-damage|p1b: Genie|11\/100\n|-enditem|p1b: Genie|Sitrus Berry|[eat]\n|-heal|p1b: Genie|36\/100|[from] item: Sitrus Berry\n|move|p2b: Ursaluna|Hyper Voice|p1b: Genie|[spread] p1a,p1b\n|-damage|p1a: Flutter Mane|57\/100\n|-damage|p1b: Genie|0 fnt\n|faint|p1b: Genie\n|-enditem|p2b: Ursaluna|Throat Spray\n|-boost|p2b: Ursaluna|spa|1|[from] item: Throat Spray\n|\n|-weather|RainDance|[upkeep]\n|upkeep\n|\n|t:|1699763742\n|switch|p1b: Ogerpon|Ogerpon-Hearthflame, L50, F|100\/100\n|-ability|p1b: Ogerpon|Mold Breaker\n|turn|5\n|\n|t:|1699763755\n|move|p1b: Ogerpon|Spiky Shield|p1b: Ogerpon\n|-singleturn|p1b: Ogerpon|move: Protect\n|move|p2a: Mimikyu|Phantom Force||[still]\n|-prepare|p2a: Mimikyu|Phantom Force\n|move|p2b: Ursaluna|Blood Moon|p1b: Ogerpon\n|-activate|p1b: Ogerpon|move: Protect\n|move|p1a: Flutter Mane|Dazzling Gleam|p2a: Mimikyu|[spread] p2b\n|-miss|p1a: Flutter Mane|p2a: Mimikyu\n|-damage|p2b: Ursaluna|62\/100\n|\n|-weather|none\n|-fieldend|move: Trick Room\n|upkeep\n|turn|6\n|\n|t:|1699763780\n|-terastallize|p1b: Ogerpon|Fire\n|detailschange|p1b: Ogerpon|Ogerpon-Hearthflame-Tera, L50, F, tera:Fire\n|-ability|p1b: Ogerpon|Embody Aspect (Hearthflame)|boost\n|-boost|p1b: Ogerpon|atk|1\n|move|p2b: Ursaluna|Protect|p2b: Ursaluna\n|-singleturn|p2b: Ursaluna|Protect\n|move|p1a: Flutter Mane|Dazzling Gleam|p2a: Mimikyu|[spread] \n|-miss|p1a: Flutter Mane|p2a: Mimikyu\n|-activate|p2b: Ursaluna|move: Protect\n|move|p1b: Ogerpon|Horn Leech|p2b: Ursaluna\n|-activate|p2b: Ursaluna|move: Protect\n|move|p2a: Mimikyu|Phantom Force|p1a: Flutter Mane|[from]lockedmove\n|-supereffective|p1a: Flutter Mane\n|-damage|p1a: Flutter Mane|0 fnt\n|faint|p1a: Flutter Mane\n|-end|p1a: Flutter Mane|Protosynthesis|[silent]\n|\n|upkeep\n|inactive|Battle timer is ON: inactive players will automatically lose when time's up. (requested by CharlienoB)\n|\n|t:|1699763787\n|switch|p1a: Iron Bundle|Iron Bundle, L50|100\/100\n|turn|7\n|inactive|CharlienoB has 30 seconds left.\n|\n|t:|1699763818\n|move|p1a: Iron Bundle|Freeze-Dry|p2a: Mimikyu\n|-damage|p2a: Mimikyu|25\/100\n|-enditem|p2a: Mimikyu|Sitrus Berry|[eat]\n|-heal|p2a: Mimikyu|49\/100|[from] item: Sitrus Berry\n|move|p1b: Ogerpon|Horn Leech|p2b: Ursaluna\n|-supereffective|p2b: Ursaluna\n|-damage|p2b: Ursaluna|0 fnt\n|faint|p2b: Ursaluna\n|move|p2a: Mimikyu|Drain Punch|p1b: Ogerpon\n|-damage|p1b: Ogerpon|44\/100\n|-heal|p2a: Mimikyu|76\/100|[from] drain|[of] p1b: Ogerpon\n|\n|upkeep\n|\n|t:|1699763831\n|switch|p2b: Brute Bonnet|Brute Bonnet, L50|100\/100\n|turn|8\n|\n|t:|1699763846\n|-terastallize|p2b: Brute Bonnet|Ghost\n|move|p2b: Brute Bonnet|Sucker Punch|p1b: Ogerpon\n|-damage|p1b: Ogerpon|0 fnt\n|faint|p1b: Ogerpon\n|move|p1a: Iron Bundle|Freeze-Dry|p2b: Brute Bonnet\n|-damage|p2b: Brute Bonnet|81\/100\n|move|p2a: Mimikyu|Phantom Force||[still]\n|-prepare|p2a: Mimikyu|Phantom Force\n|\n|-sideend|p2: CharlienoB|move: Light Screen\n|upkeep\n|turn|9\n|-message|lavda69 forfeited.\n|\n|win|CharlienoB\n|raw|lavda69's rating: 1215 &rarr; <strong>1183<\/strong><br \/>(-32 for losing)\n|raw|CharlienoB's rating: 1114 &rarr; <strong>1146<\/strong><br \/>(+32 for winning)\n|l|\u2606lavda69\n","uploadtime":1699763861,"views":24,"p1id":"lavda69","p2id":"charlienob","formatid":"gen9vgc2023regulatione","rating":1146,"private":0,"password":""}