{"id":"gen9vgc2023regulatione-1993369233","p1":"AlakaAbra22","p2":"Alakadabra22","format":"[Gen 9] VGC 2023 Regulation E","log":"|j|\u2606AlakaAbra22\n|j|\u2606Alakadabra22\n|n|\u2606AlakaAbra22|alakaabra22\n|n|\u2606Alakadabra22|alakadabra22\n|html|View the match progress at <a href=\"\/game-bestof3-gen9vgc2023regulatione-1993361150\">game-bestof3-gen9vgc2023regulatione-1993361150<\/a>\n|t:|1700307406\n|gametype|doubles\n|player|p1|AlakaAbra22|biker|\n|player|p2|Alakadabra22|ingo|\n|teamsize|p1|6\n|teamsize|p2|6\n|gen|9\n|tier|[Gen 9] VGC 2023 Regulation E\n|rule|Species Clause: Limit one of each Pok\u00e9mon\n|rule|Item Clause: Limit one of each item\n|clearpoke\n|poke|p1|Tornadus, L50, M|\n|poke|p1|Arcanine-Hisui, L50, F|\n|poke|p1|Iron Hands, L50|\n|poke|p1|Amoonguss, L50, M|\n|poke|p1|Gholdengo, L50|\n|poke|p1|Urshifu-*, L50, M|\n|poke|p2|Urshifu-*, L50, M|\n|poke|p2|Arcanine-Hisui, L50, M|\n|poke|p2|Tornadus, L50, M|\n|poke|p2|Iron Hands, L50|\n|poke|p2|Sinistcha, L50|\n|poke|p2|Chien-Pao, L50|\n|teampreview|4\nAlakadabra22 has agreed to open team sheets.\nAlakaAbra22 has agreed to open team sheets.\n|showteam|p1|Tornadus||RockyHelmet|Prankster|BleakwindStorm,RainDance,Tailwind,Protect|||M|||50|,,,,,Steel]Arcanine-Hisui||ChoiceBand|Intimidate|RockSlide,FlareBlitz,ExtremeSpeed,TeraBlast|||F|||50|,,,,,Fairy]Iron Hands||AssaultVest|QuarkDrive|DrainPunch,WildCharge,FakeOut,VoltSwitch||||||50|,,,,,Water]Amoonguss||SitrusBerry|Regenerator|Spore,RagePowder,PollenPuff,Protect|||M|||50|,,,,,Fire]Gholdengo||Leftovers|GoodasGold|MakeItRain,ShadowBall,NastyPlot,Protect||||||50|,,,,,Dragon]Urshifu-Rapid-Strike||MysticWater|UnseenFist|SurgingStrikes,CloseCombat,AquaJet,Detect|||M|||50|,,,,,Water\n|showteam|p2|Urshifu-Rapid-Strike||ChoiceScarf|UnseenFist|SurgingStrikes,CloseCombat,AquaJet,Uturn|||M|||50|,,,,,Water]Arcanine-Hisui||ChoiceBand|Intimidate|ExtremeSpeed,FlareBlitz,RockSlide,TeraBlast|||M|||50|,,,,,Fairy]Tornadus||CovertCloak|Prankster|BleakwindStorm,Leer,Tailwind,Taunt|||M|||50|,,,,,Ghost]Iron Hands||AssaultVest|QuarkDrive|WildCharge,DrainPunch,HeavySlam,FakeOut||||||50|,,,,,Water]Sinistcha||SitrusBerry|Hospitality|MatchaGotcha,ShadowBall,NastyPlot,RagePowder||||||50|,,,,,Steel]Chien-Pao||FocusSash|SwordofRuin|Protect,LashOut,IceSpinner,SuckerPunch||||||50|,,,,,Ghost\n|c|\u2606AlakaAbra22|Gl hf\n|c|\u2606Alakadabra22|glhf\n|j| seguace del culto\n|\n|t:|1700307505\n|start\n|switch|p1a: Amoonguss|Amoonguss, L50, M|100\/100\n|switch|p1b: Gholdengo|Gholdengo, L50|100\/100\n|switch|p2a: Tornadus|Tornadus, L50, M|100\/100\n|switch|p2b: Iron Hands|Iron Hands, L50|100\/100\n|turn|1\n|j| higashi no gab\n|l| seguace del culto\n|\n|t:|1700307532\n|move|p1a: Amoonguss|Protect|p1a: Amoonguss\n|-singleturn|p1a: Amoonguss|Protect\n|move|p2b: Iron Hands|Fake Out|p1a: Amoonguss\n|-activate|p1a: Amoonguss|move: Protect\n|move|p2a: Tornadus|Bleakwind Storm|p1a: Amoonguss|[spread] p1b\n|-activate|p1a: Amoonguss|move: Protect\n|-resisted|p1b: Gholdengo\n|-crit|p1b: Gholdengo\n|-damage|p1b: Gholdengo|77\/100\n|move|p1b: Gholdengo|Nasty Plot|p1b: Gholdengo\n|-boost|p1b: Gholdengo|spa|2\n|\n|-heal|p1b: Gholdengo|83\/100|[from] item: Leftovers\n|upkeep\n|turn|2\n|\n|t:|1700307578\n|move|p2a: Tornadus|Taunt|p1a: Amoonguss\n|-start|p1a: Amoonguss|move: Taunt\n|move|p1b: Gholdengo|Make It Rain|p2a: Tornadus|[spread] p2a,p2b\n|-resisted|p2b: Iron Hands\n|-damage|p2a: Tornadus|0 fnt\n|-damage|p2b: Iron Hands|77\/100\n|-unboost|p1b: Gholdengo|spa|1\n|faint|p2a: Tornadus\n|move|p2b: Iron Hands|Wild Charge|p1b: Gholdengo\n|-damage|p1b: Gholdengo|38\/100\n|-damage|p2b: Iron Hands|68\/100|[from] Recoil\n|cant|p1a: Amoonguss|move: Taunt|Spore\n|\n|-heal|p1b: Gholdengo|44\/100|[from] item: Leftovers\n|upkeep\n|\n|t:|1700307597\n|switch|p2a: Urshifu|Urshifu-Rapid-Strike, L50, M|100\/100\n|turn|3\n|j| seguace del culto\n|\n|t:|1700307651\n|-end|p2b: Iron Hands|Quark Drive|[silent]\n|switch|p2b: Chien-Pao|Chien-Pao, L50|100\/100\n|-ability|p2b: Chien-Pao|Sword of Ruin\n|switch|p1a: Iron Hands|Iron Hands, L50|100\/100\n|-terastallize|p2a: Urshifu|Water\n|-terastallize|p1b: Gholdengo|Dragon\n|move|p2a: Urshifu|Surging Strikes|p1b: Gholdengo\n|-resisted|p1b: Gholdengo\n|-crit|p1b: Gholdengo\n|-damage|p1b: Gholdengo|27\/100\n|-resisted|p1b: Gholdengo\n|-crit|p1b: Gholdengo\n|-damage|p1b: Gholdengo|7\/100\n|-resisted|p1b: Gholdengo\n|-crit|p1b: Gholdengo\n|-damage|p1b: Gholdengo|0 fnt\n|faint|p1b: Gholdengo\n|-hitcount|p1: Gholdengo|3\n|\n|upkeep\n|l| seguace del culto\n|\n|t:|1700307661\n|switch|p1b: Amoonguss|Amoonguss, L50, M|100\/100\n|turn|4\n|j| seguace del culto\n|j| stecca\n|j| X2VR\n|\n|t:|1700307718\n|switch|p2b: Iron Hands|Iron Hands, L50|68\/100\n|move|p1a: Iron Hands|Fake Out|p2b: Iron Hands\n|-damage|p2b: Iron Hands|59\/100\n|move|p2a: Urshifu|Surging Strikes|p1a: Iron Hands\n|-crit|p1a: Iron Hands\n|-damage|p1a: Iron Hands|80\/100\n|-crit|p1a: Iron Hands\n|-damage|p1a: Iron Hands|59\/100\n|-crit|p1a: Iron Hands\n|-damage|p1a: Iron Hands|39\/100\n|-hitcount|p1a: Iron Hands|3\n|move|p1b: Amoonguss|Spore|p2a: Urshifu\n|-status|p2a: Urshifu|slp|[from] move: Spore\n|\n|upkeep\n|turn|5\n|\n|t:|1700307758\n|switch|p2a: Chien-Pao|Chien-Pao, L50|100\/100\n|-ability|p2a: Chien-Pao|Sword of Ruin\n|switch|p1b: Urshifu|Urshifu-Rapid-Strike, L50, M|100\/100\n|move|p2b: Iron Hands|Fake Out|p1b: Urshifu\n|-damage|p1b: Urshifu|83\/100\n|move|p1a: Iron Hands|Volt Switch|p2a: Chien-Pao\n|-damage|p2a: Chien-Pao|81\/100\n|\n|t:|1700307771\n|-end|p1a: Iron Hands|Quark Drive|[silent]\n|switch|p1a: Amoonguss|Amoonguss, L50, M|100\/100|[from] Volt Switch\n|\n|upkeep\n|turn|6\n|\n|t:|1700307805\n|switch|p2a: Urshifu|Urshifu-Rapid-Strike, L50, M, tera:Water|100\/100 slp\n|move|p1a: Amoonguss|Rage Powder|p1a: Amoonguss\n|-singleturn|p1a: Amoonguss|move: Rage Powder\n|move|p1b: Urshifu|Close Combat|p2a: Urshifu\n|-damage|p2a: Urshifu|42\/100 slp\n|-unboost|p1b: Urshifu|def|1\n|-unboost|p1b: Urshifu|spd|1\n|move|p2b: Iron Hands|Wild Charge|p1a: Amoonguss\n|-resisted|p1a: Amoonguss\n|-damage|p1a: Amoonguss|82\/100\n|-damage|p2b: Iron Hands|54\/100|[from] Recoil\n|\n|upkeep\n|turn|7\n|j| Pard Mafia\n|l| seguace del culto\n|j| seguace del culto\n|\n|t:|1700307888\n|move|p1a: Amoonguss|Rage Powder|p1a: Amoonguss\n|-singleturn|p1a: Amoonguss|move: Rage Powder\n|cant|p2a: Urshifu|slp\n|move|p1b: Urshifu|Surging Strikes|p2b: Iron Hands\n|-crit|p2b: Iron Hands\n|-damage|p2b: Iron Hands|37\/100\n|-crit|p2b: Iron Hands\n|-damage|p2b: Iron Hands|21\/100\n|-crit|p2b: Iron Hands\n|-damage|p2b: Iron Hands|5\/100\n|-hitcount|p2b: Iron Hands|3\n|move|p2b: Iron Hands|Drain Punch|p1a: Amoonguss\n|-resisted|p1a: Amoonguss\n|-damage|p1a: Amoonguss|67\/100\n|-heal|p2b: Iron Hands|12\/100|[from] drain|[of] p1a: Amoonguss\n|\n|upkeep\n|turn|8\n|l| seguace del culto\n|\n|t:|1700307956\n|move|p1a: Amoonguss|Rage Powder|p1a: Amoonguss\n|-singleturn|p1a: Amoonguss|move: Rage Powder\n|cant|p2a: Urshifu|slp\n|move|p1b: Urshifu|Close Combat|p2a: Urshifu\n|-damage|p2a: Urshifu|0 fnt\n|-unboost|p1b: Urshifu|def|1\n|-unboost|p1b: Urshifu|spd|1\n|faint|p2a: Urshifu\n|move|p2b: Iron Hands|Drain Punch|p1a: Amoonguss\n|-resisted|p1a: Amoonguss\n|-damage|p1a: Amoonguss|50\/100\n|-heal|p2b: Iron Hands|19\/100|[from] drain|[of] p1a: Amoonguss\n|-enditem|p1a: Amoonguss|Sitrus Berry|[eat]\n|-heal|p1a: Amoonguss|75\/100|[from] item: Sitrus Berry\n|\n|upkeep\n|j| seguace del culto\n|\n|t:|1700307961\n|switch|p2a: Chien-Pao|Chien-Pao, L50|81\/100\n|-ability|p2a: Chien-Pao|Sword of Ruin\n|turn|9\n|\n|t:|1700308011\n|move|p1a: Amoonguss|Rage Powder|p1a: Amoonguss\n|-singleturn|p1a: Amoonguss|move: Rage Powder\n|move|p2a: Chien-Pao|Ice Spinner|p1a: Amoonguss\n|-supereffective|p1a: Amoonguss\n|-damage|p1a: Amoonguss|0 fnt\n|faint|p1a: Amoonguss\n|move|p1b: Urshifu|Close Combat|p2a: Chien-Pao\n|-supereffective|p2a: Chien-Pao\n|-damage|p2a: Chien-Pao|0 fnt\n|-unboost|p1b: Urshifu|def|1\n|-unboost|p1b: Urshifu|spd|1\n|faint|p2a: Chien-Pao\n|move|p2b: Iron Hands|Drain Punch|p1b: Urshifu\n|-damage|p1b: Urshifu|0 fnt\n|-heal|p2b: Iron Hands|52\/100|[from] drain|[of] p1b: Urshifu\n|faint|p1b: Urshifu\n|\n|upkeep\n|j| Triir\n|\n|t:|1700308016\n|switch|p1b: Iron Hands|Iron Hands, L50|39\/100\n|turn|10\n|\n|t:|1700308023\n|move|p1b: Iron Hands|Fake Out|p2b: Iron Hands\n|-damage|p2b: Iron Hands|41\/100\n|cant|p2b: Iron Hands|flinch\n|\n|upkeep\n|turn|11\n|l| seguace del culto\n|j| seguace del culto\n|\n|t:|1700308039\n|move|p2b: Iron Hands|Drain Punch|p1b: Iron Hands\n|-damage|p1b: Iron Hands|12\/100\n|-heal|p2b: Iron Hands|54\/100|[from] drain|[of] p1b: Iron Hands\n|move|p1b: Iron Hands|Drain Punch|p2b: Iron Hands\n|-damage|p2b: Iron Hands|26\/100\n|-heal|p1b: Iron Hands|27\/100|[from] drain|[of] p2b: Iron Hands\n|\n|upkeep\n|turn|12\n|\n|t:|1700308046\n|move|p2b: Iron Hands|Drain Punch|p1b: Iron Hands\n|-damage|p1b: Iron Hands|0 fnt\n|-heal|p2b: Iron Hands|39\/100|[from] drain|[of] p1b: Iron Hands\n|faint|p1b: Iron Hands\n|-end|p1b: Iron Hands|Quark Drive|[silent]\n|\n|win|Alakadabra22\n|c|\u2606Alakadabra22|gg\n|l| Triir\n|c|\u2606AlakaAbra22|Gg\n|l| seguace del culto\n|l| higashi no gab\n","uploadtime":1700308054,"views":28,"p1id":"alakaabra22","p2id":"alakadabra22","formatid":"gen9vgc2023regulatione","rating":0,"private":0,"password":""}