{"id":"gen9vgc2023regulatione-1995279555","p1":"Meega.yveltal","p2":"Venefici","format":"[Gen 9] VGC 2023 Regulation E","log":"|j|\u2606Meega.yveltal\n|j|\u2606Venefici\n|t:|1700545899\n|gametype|doubles\n|player|p1|Meega.yveltal|266|1137\n|player|p2|Venefici|hugh|1098\n|teamsize|p1|6\n|teamsize|p2|6\n|gen|9\n|tier|[Gen 9] VGC 2023 Regulation E\n|rated|\n|rule|Species Clause: Limit one of each Pok\u00e9mon\n|rule|Item Clause: Limit one of each item\n|clearpoke\n|poke|p1|Moltres-Galar, L50|\n|poke|p1|Arcanine-Hisui, L50, M|\n|poke|p1|Munkidori, L50, M|\n|poke|p1|Sinistcha, L50|\n|poke|p1|Grimmsnarl, L50, M|\n|poke|p1|Milotic, L50, M|\n|poke|p2|Volcarona, L50, M|\n|poke|p2|Sinistcha, L50|\n|poke|p2|Snorlax, L50, M|\n|poke|p2|Milotic, L50, F|\n|poke|p2|Indeedee-F, L50, F|\n|poke|p2|Iron Hands, L50|\n|teampreview|4\n|inactive|Battle timer is ON: inactive players will automatically lose when time's up. (requested by Venefici)\n|inactive|Meega.yveltal has 60 seconds left.\n|inactive|Venefici has 60 seconds left.\n|\n|t:|1700545946\n|start\n|switch|p1a: Grimmsnarl|Grimmsnarl, L50, M|100\/100\n|switch|p1b: Moltres|Moltres-Galar, L50|100\/100\n|switch|p2a: Snorlax|Snorlax, L50, M|100\/100\n|switch|p2b: Indeedee|Indeedee-F, L50, F|100\/100\n|-fieldstart|move: Psychic Terrain|[from] ability: Psychic Surge|[of] p2b: Indeedee\n|turn|1\n|\n|t:|1700545965\n|move|p2b: Indeedee|Follow Me|p2b: Indeedee\n|-singleturn|p2b: Indeedee|move: Follow Me\n|move|p1a: Grimmsnarl|Reflect|p1a: Grimmsnarl\n|-sidestart|p1: Meega.yveltal|Reflect\n|move|p1b: Moltres|Nasty Plot|p1b: Moltres\n|-boost|p1b: Moltres|spa|2\n|move|p2a: Snorlax|Belly Drum|p2a: Snorlax\n|-damage|p2a: Snorlax|50\/100\n|-setboost|p2a: Snorlax|atk|6|[from] move: Belly Drum\n|-enditem|p2a: Snorlax|Sitrus Berry|[eat]\n|-heal|p2a: Snorlax|75\/100|[from] item: Sitrus Berry\n|\n|upkeep\n|turn|2\n|inactive|Meega.yveltal has 30 seconds left.\n|inactive|Venefici has 30 seconds left.\n|\n|t:|1700545997\n|move|p1b: Moltres|Protect|p1b: Moltres\n|-singleturn|p1b: Moltres|Protect\n|move|p2b: Indeedee|Follow Me|p2b: Indeedee\n|-singleturn|p2b: Indeedee|move: Follow Me\n|move|p1a: Grimmsnarl|Parting Shot|p2b: Indeedee\n|-activate|p2b: Indeedee|move: Psychic Terrain\n|move|p2a: Snorlax|Ice Punch|p1b: Moltres\n|-activate|p1b: Moltres|move: Protect\n|\n|upkeep\n|turn|3\n|\n|t:|1700546015\n|move|p1b: Moltres|Fiery Wrath|p2a: Snorlax|[spread] p2a,p2b\n|-supereffective|p2b: Indeedee\n|-damage|p2a: Snorlax|27\/100\n|-damage|p2b: Indeedee|0 fnt\n|faint|p2b: Indeedee\n|move|p1a: Grimmsnarl|Low Kick|p2a: Snorlax\n|-supereffective|p2a: Snorlax\n|-damage|p2a: Snorlax|0 fnt\n|faint|p2a: Snorlax\n|\n|upkeep\n|\n|t:|1700546024\n|switch|p2b: Iron Hands|Iron Hands, L50|100\/100\n|switch|p2a: Sinistcha|Sinistcha, L50|100\/100\n|turn|4\n|\n|t:|1700546045\n|switch|p1a: Sinistcha|Sinistcha, L50|100\/100\n|-terastallize|p2b: Iron Hands|Fairy\n|move|p1b: Moltres|Protect|p1b: Moltres\n|-singleturn|p1b: Moltres|Protect\n|move|p2b: Iron Hands|Fake Out|p1b: Moltres\n|-hint|Psychic Terrain doesn't affect Pok\u00e9mon immune to Ground.\n|-activate|p1b: Moltres|move: Protect\n|move|p2a: Sinistcha|Trick Room|p2a: Sinistcha\n|-fieldstart|move: Trick Room|[of] p2a: Sinistcha\n|\n|upkeep\n|turn|5\n|inactive|Venefici has 30 seconds left.\n|\n|t:|1700546071\n|move|p1a: Sinistcha|Rage Powder|p1a: Sinistcha\n|-singleturn|p1a: Sinistcha|move: Rage Powder\n|move|p2b: Iron Hands|Drain Punch|p1a: Sinistcha\n|-immune|p1a: Sinistcha\n|move|p2a: Sinistcha|Matcha Gotcha|p1b: Moltres|[spread] p1a,p1b\n|-resisted|p1a: Sinistcha\n|-resisted|p1b: Moltres\n|-crit|p1b: Moltres\n|-damage|p1a: Sinistcha|87\/100\n|-damage|p1b: Moltres|85\/100\n|move|p1b: Moltres|Nasty Plot|p1b: Moltres\n|-boost|p1b: Moltres|spa|2\n|\n|-fieldend|move: Psychic Terrain\n|upkeep\n|turn|6\n|inactive|Venefici has 30 seconds left.\n|inactive|Venefici has 20 seconds left.\n|inactive|Venefici has 15 seconds left.\n|\n|t:|1700546114\n|move|p1a: Sinistcha|Rage Powder|p1a: Sinistcha\n|-singleturn|p1a: Sinistcha|move: Rage Powder\n|move|p2b: Iron Hands|Wild Charge|p1a: Sinistcha\n|-resisted|p1a: Sinistcha\n|-damage|p1a: Sinistcha|71\/100\n|-damage|p2b: Iron Hands|84\/100|[from] item: Rocky Helmet|[of] p1a: Sinistcha\n|-damage|p2b: Iron Hands|81\/100|[from] Recoil\n|move|p2a: Sinistcha|Matcha Gotcha|p1a: Sinistcha|[spread] p1a,p1b\n|-resisted|p1a: Sinistcha\n|-resisted|p1b: Moltres\n|-damage|p1a: Sinistcha|58\/100\n|-damage|p1b: Moltres|76\/100\n|-status|p1b: Moltres|brn\n|move|p1b: Moltres|Nasty Plot|p1b: Moltres\n|-boost|p1b: Moltres|spa|2\n|\n|-damage|p1b: Moltres|70\/100 brn|[from] brn\n|upkeep\n|turn|7\n|inactive|Venefici has 30 seconds left.\n|\n|t:|1700546145\n|move|p2b: Iron Hands|Heavy Slam|p1a: Sinistcha\n|-damage|p1a: Sinistcha|31\/100\n|-damage|p2b: Iron Hands|65\/100|[from] item: Rocky Helmet|[of] p1a: Sinistcha\n|move|p2a: Sinistcha|Matcha Gotcha|p1a: Sinistcha|[spread] p1a,p1b\n|-resisted|p1a: Sinistcha\n|-resisted|p1b: Moltres\n|-damage|p1a: Sinistcha|17\/100\n|-damage|p1b: Moltres|61\/100 brn\n|move|p1a: Sinistcha|Life Dew|p1a: Sinistcha|[spread] p1a,p1b\n|-heal|p1a: Sinistcha|42\/100\n|-heal|p1b: Moltres|86\/100 brn\n|move|p1b: Moltres|Fiery Wrath|p2a: Sinistcha|[spread] p2a,p2b\n|-supereffective|p2a: Sinistcha\n|-resisted|p2b: Iron Hands\n|-damage|p2a: Sinistcha|0 fnt\n|-damage|p2b: Iron Hands|29\/100\n|faint|p2a: Sinistcha\n|\n|-damage|p1b: Moltres|80\/100 brn|[from] brn\n|upkeep\n|turn|8\n|\n|t:|1700546169\n|-terastallize|p1b: Moltres|Poison\n|move|p1a: Sinistcha|Rage Powder|p1a: Sinistcha\n|-singleturn|p1a: Sinistcha|move: Rage Powder\n|move|p2b: Iron Hands|Wild Charge|p1a: Sinistcha\n|-resisted|p1a: Sinistcha\n|-damage|p1a: Sinistcha|26\/100\n|-damage|p2b: Iron Hands|13\/100|[from] item: Rocky Helmet|[of] p1a: Sinistcha\n|-damage|p2b: Iron Hands|10\/100|[from] Recoil\n|move|p1b: Moltres|Air Slash|p2b: Iron Hands\n|-damage|p2b: Iron Hands|0 fnt\n|faint|p2b: Iron Hands\n|-end|p2b: Iron Hands|Quark Drive|[silent]\n|\n|win|Meega.yveltal\n|raw|Meega.yveltal's rating: 1137 &rarr; <strong>1159<\/strong><br \/>(+22 for winning)\n|raw|Venefici's rating: 1098 &rarr; <strong>1076<\/strong><br \/>(-22 for losing)\n","uploadtime":1700546182,"views":8,"p1id":"meegayveltal","p2id":"venefici","formatid":"gen9vgc2023regulatione","rating":1076,"private":0,"password":""}