{"id":"gen9vgc2023regulatione-1989718315","p1":"realrightchris","p2":"hhghhghjg","format":"[Gen 9] VGC 2023 Regulation E","log":"|j|\u2606realrightchris\n|j|\u2606hhghhghjg\n|t:|1699889748\n|gametype|doubles\n|player|p1|realrightchris|266|1041\n|player|p2|hhghhghjg|artist-gen4|1058\n|teamsize|p1|6\n|teamsize|p2|6\n|gen|9\n|tier|[Gen 9] VGC 2023 Regulation E\n|rated|\n|rule|Species Clause: Limit one of each Pok\u00e9mon\n|rule|Item Clause: Limit one of each item\n|clearpoke\n|poke|p1|Landorus-Therian, L50, M|\n|poke|p1|Flutter Mane, L50|\n|poke|p1|Iron Hands, L50|\n|poke|p1|Ogerpon-Wellspring, L50, F|\n|poke|p1|Cresselia, L50, F|\n|poke|p1|Heatran, L50, F|\n|poke|p2|Braviary-Hisui, L50, M|\n|poke|p2|Iron Hands, L50|\n|poke|p2|Arcanine, L50, F|\n|poke|p2|Armarouge, L50, M|\n|poke|p2|Glastrier, L50|\n|poke|p2|Meowscarada, L50, M|\n|teampreview|4\n|inactive|Battle timer is ON: inactive players will automatically lose when time's up. (requested by hhghhghjg)\n|inactive|realrightchris has 60 seconds left.\n|inactive|realrightchris has 30 seconds left.\n|\n|t:|1699889816\n|start\n|switch|p1a: Landorus|Landorus-Therian, L50, M|100\/100\n|switch|p1b: Flutter Mane|Flutter Mane, L50|100\/100\n|switch|p2a: Meowscarada|Meowscarada, L50, M|100\/100\n|switch|p2b: Armarouge|Armarouge, L50, M|100\/100\n|-ability|p1a: Landorus|Intimidate|boost\n|-unboost|p2a: Meowscarada|atk|1\n|-unboost|p2b: Armarouge|atk|1\n|-enditem|p1b: Flutter Mane|Booster Energy\n|-activate|p1b: Flutter Mane|ability: Protosynthesis|[fromitem]\n|-start|p1b: Flutter Mane|protosynthesisspe\n|turn|1\n|inactive|realrightchris has 30 seconds left.\n|\n|t:|1699889846\n|-terastallize|p2b: Armarouge|Grass\n|move|p1b: Flutter Mane|Moonblast|p2a: Meowscarada\n|-supereffective|p2a: Meowscarada\n|-enditem|p2a: Meowscarada|Focus Sash\n|-damage|p2a: Meowscarada|1\/100\n|move|p1a: Landorus|Stomping Tantrum|p2b: Armarouge\n|-resisted|p2b: Armarouge\n|-damage|p2b: Armarouge|84\/100\n|move|p2a: Meowscarada|Flower Trick|p1b: Flutter Mane\n|-crit|p1b: Flutter Mane\n|-damage|p1b: Flutter Mane|0 fnt\n|faint|p1b: Flutter Mane\n|-end|p1b: Flutter Mane|Protosynthesis|[silent]\n|move|p2b: Armarouge|Trick Room|p2b: Armarouge\n|-fieldstart|move: Trick Room|[of] p2b: Armarouge\n|\n|-heal|p2b: Armarouge|90\/100|[from] item: Leftovers\n|upkeep\n|\n|t:|1699889865\n|switch|p1b: Iron Hands|Iron Hands, L50|100\/100\n|turn|2\n|inactive|realrightchris has 30 seconds left.\n|\n|t:|1699889891\n|switch|p1a: Cresselia|Cresselia, L50, F|100\/100\n|move|p2a: Meowscarada|Protect|p2a: Meowscarada\n|-singleturn|p2a: Meowscarada|Protect\n|move|p1b: Iron Hands|Drain Punch|p2a: Meowscarada\n|-activate|p2a: Meowscarada|move: Protect\n|move|p2b: Armarouge|Heat Wave|p1a: Cresselia|[spread] p1a,p1b\n|-damage|p1a: Cresselia|84\/100\n|-damage|p1b: Iron Hands|87\/100\n|\n|-heal|p2b: Armarouge|96\/100|[from] item: Leftovers\n|upkeep\n|turn|3\n|inactive|realrightchris has 30 seconds left.\n|inactive|realrightchris has 20 seconds left.\n|\n|t:|1699889928\n|move|p1b: Iron Hands|Drain Punch|p2a: Meowscarada\n|-supereffective|p2a: Meowscarada\n|-damage|p2a: Meowscarada|0 fnt\n|-heal|p1b: Iron Hands|87\/100|[from] drain|[of] p2a: Meowscarada\n|faint|p2a: Meowscarada\n|move|p2b: Armarouge|Heat Wave|p1a: Cresselia|[spread] p1a,p1b\n|-damage|p1a: Cresselia|68\/100\n|-damage|p1b: Iron Hands|72\/100\n|move|p1a: Cresselia|Ice Beam|p2b: Armarouge\n|-supereffective|p2b: Armarouge\n|-damage|p2b: Armarouge|61\/100\n|\n|-heal|p2b: Armarouge|68\/100|[from] item: Leftovers\n|upkeep\n|\n|t:|1699889944\n|switch|p2a: Braviary|Braviary-Hisui, L50, M|100\/100\n|turn|4\n|inactive|realrightchris has 30 seconds left.\n|\n|t:|1699889970\n|switch|p2b: Glastrier|Glastrier, L50|100\/100\n|move|p1b: Iron Hands|Drain Punch|p2b: Glastrier\n|-supereffective|p2b: Glastrier\n|-damage|p2b: Glastrier|48\/100\n|-heal|p1b: Iron Hands|91\/100|[from] drain|[of] p2b: Glastrier\n|move|p2a: Braviary|Hurricane|p1b: Iron Hands|[miss]\n|-miss|p2a: Braviary|p1b: Iron Hands\n|move|p1a: Cresselia|Lunar Blessing|p1a: Cresselia|[spread] p1a,p1b\n|-heal|p1a: Cresselia|93\/100\n|-heal|p1b: Iron Hands|100\/100\n|\n|upkeep\n|turn|5\n|inactive|hhghhghjg has 30 seconds left.\n|\n|t:|1699889997\n|move|p2b: Glastrier|Icicle Crash|p1a: Cresselia\n|-damage|p1a: Cresselia|62\/100\n|move|p1b: Iron Hands|Drain Punch|p2b: Glastrier\n|-supereffective|p2b: Glastrier\n|-damage|p2b: Glastrier|0 fnt\n|faint|p2b: Glastrier\n|move|p2a: Braviary|Hurricane|p1b: Iron Hands\n|-damage|p1b: Iron Hands|65\/100\n|move|p1a: Cresselia|Lunar Blessing|p1a: Cresselia|[spread] p1a,p1b\n|-heal|p1a: Cresselia|87\/100\n|-heal|p1b: Iron Hands|90\/100\n|\n|-fieldend|move: Trick Room\n|upkeep\n|\n|t:|1699890007\n|switch|p2b: Armarouge|Armarouge, L50, M, tera:Grass|68\/100\n|turn|6\n|-message|hhghhghjg forfeited.\n|\n|win|realrightchris\n|raw|realrightchris's rating: 1041 &rarr; <strong>1077<\/strong><br \/>(+36 for winning)\n|raw|hhghhghjg's rating: 1058 &rarr; <strong>1038<\/strong><br \/>(-20 for losing)\n|l|\u2606hhghhghjg\n","uploadtime":1699890027,"views":6,"p1id":"realrightchris","p2id":"hhghhghjg","formatid":"gen9vgc2023regulatione","rating":1038,"private":0,"password":""}