{"id":"gen9vgc2023regulatione-1988659389","p1":"Sketch Hero","p2":"NightlyNinja27","format":"[Gen 9] VGC 2023 Regulation E","log":"|j|\u2606Sketch Hero\n|j|\u2606NightlyNinja27\n|n|\u2606Sketch Hero|sketchhero\n|n|\u2606NightlyNinja27|nightlyninja27\n|html|View the match progress at <a href=\"\/game-bestof3-gen9vgc2023regulatione-1988659388\">game-bestof3-gen9vgc2023regulatione-1988659388<\/a>\n|t:|1699747306\n|gametype|doubles\n|player|p1|Sketch Hero|red|\n|player|p2|NightlyNinja27|veteran|\n|teamsize|p1|6\n|teamsize|p2|6\n|gen|9\n|tier|[Gen 9] VGC 2023 Regulation E\n|rule|Species Clause: Limit one of each Pok\u00e9mon\n|rule|Item Clause: Limit one of each item\n|clearpoke\n|poke|p1|Rillaboom, L50, M|\n|poke|p1|Garganacl, L50, M|\n|poke|p1|Garchomp, L50, M|\n|poke|p1|Gardevoir, L50, F|\n|poke|p1|Bisharp, L50, M|\n|poke|p1|Electrode, L50|\n|poke|p2|Iron Bundle, L50|\n|poke|p2|Gholdengo, L50|\n|poke|p2|Breloom, L50, M|\n|poke|p2|Volcarona, L50, M|\n|poke|p2|Muk-Alola, L50, M|\n|poke|p2|Morgrem, L50, M|\n|teampreview|4\n|c|\u2606NightlyNinja27|Iron Bundle - Water; Gholdengo - Fighting; Breloom; Fighting; Volcarona - Water; Alolan Muk - Fairy; Morgrem - Dark\nNightlyNinja27 rejected open team sheets.\n|c|\u2606Sketch Hero|rilla: grass, garg: water, chomp: steel, garde: fighting, sharp: bug, electrode: normal\n|c|\u2606NightlyNinja27|Sorry Iron Bundle is Ice not Water\n|c|\u2606Sketch Hero|you're good\n|c|\u2606NightlyNinja27|glhf\n|c|\u2606Sketch Hero|you too\n|\n|t:|1699747480\n|start\n|switch|p1a: The Funny|Electrode, L50, shiny|100\/100\n|switch|p1b: Seasoning|Garganacl, L50, M|100\/100\n|switch|p2a: Volcarona|Volcarona, L50, M|100\/100\n|switch|p2b: Gholdengo|Gholdengo, L50|100\/100\n|turn|1\n|\n|t:|1699747568\n|move|p1a: The Funny|Protect|p1a: The Funny\n|-singleturn|p1a: The Funny|Protect\n|move|p2a: Volcarona|Will-O-Wisp|p1b: Seasoning\n|-immune|p1b: Seasoning|[from] ability: Purifying Salt\n|move|p2b: Gholdengo|Make It Rain|p1b: Seasoning|[spread] p1b\n|-activate|p1a: The Funny|move: Protect\n|-supereffective|p1b: Seasoning\n|-damage|p1b: Seasoning|33\/100\n|-unboost|p2b: Gholdengo|spa|1\n|move|p1b: Seasoning|Salt Cure|p2b: Gholdengo\n|-resisted|p2b: Gholdengo\n|-damage|p2b: Gholdengo|93\/100\n|\n|-heal|p1b: Seasoning|39\/100|[from] item: Leftovers\n|upkeep\n|turn|2\n|\n|t:|1699747631\n|-terastallize|p1a: The Funny|Normal\n|move|p1b: Seasoning|Protect|p1b: Seasoning\n|-singleturn|p1b: Seasoning|Protect\n|move|p1a: The Funny|Explosion|p2b: Gholdengo|[spread] p2a\n|-activate|p1b: Seasoning|move: Protect\n|-immune|p2b: Gholdengo\n|-enditem|p1a: The Funny|Normal Gem|[from] gem\n|-damage|p2a: Volcarona|39\/100\n|faint|p1a: The Funny\n|move|p2a: Volcarona|Will-O-Wisp|p1b: Seasoning\n|-activate|p1b: Seasoning|move: Protect\n|move|p2b: Gholdengo|Nasty Plot|p2b: Gholdengo\n|-boost|p2b: Gholdengo|spa|2\n|\n|-heal|p1b: Seasoning|44\/100|[from] item: Leftovers\n|upkeep\n|\n|t:|1699747648\n|switch|p1a: Munchy|Garchomp, L50, M|100\/100\n|turn|3\n|\n|t:|1699747696\n|-terastallize|p2b: Gholdengo|Fighting\n|move|p1b: Seasoning|Wide Guard|p1b: Seasoning\n|-singleturn|p1b: Seasoning|Wide Guard\n|move|p1a: Munchy|Earthquake|p2b: Gholdengo|[spread] p2a,p2b\n|-activate|p1b: Seasoning|move: Wide Guard\n|-damage|p2a: Volcarona|0 fnt\n|-damage|p2b: Gholdengo|32\/100\n|faint|p2a: Volcarona\n|-damage|p1a: Munchy|91\/100|[from] item: Life Orb\n|move|p2b: Gholdengo|Make It Rain|p1a: Munchy|[spread] \n|-activate|p1a: Munchy|move: Wide Guard\n|-activate|p1b: Seasoning|move: Wide Guard\n|\n|-heal|p1b: Seasoning|50\/100|[from] item: Leftovers\n|upkeep\n|\n|t:|1699747714\n|switch|p2a: Iron Bundle|Iron Bundle, L50|100\/100\n|turn|4\n|\n|t:|1699747744\n|switch|p1a: Edgy|Bisharp, L50, M|100\/100\n|move|p1b: Seasoning|Protect||[still]\n|-fail|p1b: Seasoning\n|move|p2a: Iron Bundle|Hydro Pump|p1b: Seasoning\n|-supereffective|p1b: Seasoning\n|-damage|p1b: Seasoning|0 fnt\n|faint|p1b: Seasoning\n|move|p2b: Gholdengo|Recover|p2b: Gholdengo\n|-heal|p2b: Gholdengo|82\/100\n|\n|upkeep\n|\n|t:|1699747754\n|switch|p1b: Munchy|Garchomp, L50, M|91\/100\n|turn|5\n|\n|t:|1699747796\n|move|p1a: Edgy|Sucker Punch|p2a: Iron Bundle\n|-damage|p2a: Iron Bundle|50\/100\n|move|p2a: Iron Bundle|Hydro Pump|p1b: Munchy\n|-damage|p1b: Munchy|2\/100\n|move|p1b: Munchy|Rock Slide|p2b: Gholdengo|[spread] p2a,p2b\n|-supereffective|p2a: Iron Bundle\n|-resisted|p2b: Gholdengo\n|-damage|p2a: Iron Bundle|0 fnt\n|-damage|p2b: Gholdengo|68\/100\n|faint|p2a: Iron Bundle\n|-end|p2a: Iron Bundle|Quark Drive|[silent]\n|-damage|p1b: Munchy|0 fnt|[from] item: Life Orb\n|faint|p1b: Munchy\n|move|p2b: Gholdengo|Shadow Ball|p1a: Edgy\n|-resisted|p1a: Edgy\n|-damage|p1a: Edgy|70\/100\n|\n|upkeep\n|\n|t:|1699747810\n|switch|p2a: Muk|Muk-Alola, L50, M|100\/100\n|turn|6\n|\n|t:|1699747821\n|move|p2b: Gholdengo|Nasty Plot|p2b: Gholdengo\n|-boost|p2b: Gholdengo|spa|2\n|move|p1a: Edgy|X-Scissor|p2a: Muk\n|-damage|p2a: Muk|71\/100\n|move|p2a: Muk|Drain Punch|p1a: Edgy\n|-supereffective|p1a: Edgy\n|-damage|p1a: Edgy|10\/100\n|-heal|p2a: Muk|96\/100|[from] drain|[of] p1a: Edgy\n|\n|-heal|p2a: Muk|100\/100|[from] item: Leftovers\n|upkeep\n|turn|7\n|\n|t:|1699747837\n|move|p1a: Edgy|Sucker Punch|p2a: Muk\n|-resisted|p2a: Muk\n|-damage|p2a: Muk|80\/100\n|move|p2b: Gholdengo|Shadow Ball|p1a: Edgy\n|-resisted|p1a: Edgy\n|-damage|p1a: Edgy|0 fnt\n|faint|p1a: Edgy\n|\n|win|NightlyNinja27\n|c|\u2606Sketch Hero|gg\n|c|\u2606NightlyNinja27|gg\n|c|&|\/uhtml prompt-sketchhero,Sketch Hero is ready for game 2!\n|c|&|\/uhtml prompt-nightlyninja27,NightlyNinja27 is ready for game 2!\nBoth players are ready! Starting next match!\n","uploadtime":1699748621,"views":22,"p1id":"sketchhero","p2id":"nightlyninja27","formatid":"gen9vgc2023regulatione","rating":0,"private":0,"password":""}