{"id":"gen9vgc2023regulatione-1989323283","p1":"Desmondrocks11","p2":"It\u2019sJustKen VGC","format":"[Gen 9] VGC 2023 Regulation E","log":"|j|\u2606Desmondrocks11\n|j|\u2606It\u2019sJustKen VGC\n|t:|1699836332\n|gametype|doubles\n|player|p1|Desmondrocks11|skier|\n|player|p2|It\u2019sJustKen VGC|turo|\n|teamsize|p1|6\n|teamsize|p2|6\n|gen|9\n|tier|[Gen 9] VGC 2023 Regulation E\n|rated|Tournament battle\n|rule|Species Clause: Limit one of each Pok\u00e9mon\n|rule|Item Clause: Limit one of each item\n|clearpoke\n|poke|p1|Landorus-Therian, L50, M|\n|poke|p1|Flutter Mane, L50|\n|poke|p1|Heatran, L50, M|\n|poke|p1|Iron Hands, L50|\n|poke|p1|Dragonite, L50, M|\n|poke|p1|Ogerpon-Wellspring, L50, F|\n|poke|p2|Decidueye-Hisui, L50, F|\n|poke|p2|Iron Bundle, L50|\n|poke|p2|Chi-Yu, L50|\n|poke|p2|Farigiraf, L50, M|\n|poke|p2|Landorus-Therian, L50, M|\n|poke|p2|Iron Hands, L50|\n|teampreview|4\n|showteam|p1|Landorus-Therian||ClearAmulet|Intimidate|TeraBlast,StompingTantrum,Uturn,Protect|||M|||50|,,,,,Flying]Flutter Mane||BoosterEnergy|Protosynthesis|Moonblast,ShadowBall,IcyWind,Protect||||||50|,,,,,Dragon]Heatran||ChoiceSpecs|FlashFire|HeatWave,Flamethrower,EarthPower,FlashCannon|||M|||50|,,,,,Fairy]Iron Hands||AssaultVest|QuarkDrive|FakeOut,DrainPunch,WildCharge,HeavySlam||||||50|,,,,,Water]Dragonite||ChoiceBand|InnerFocus|ExtremeSpeed,AerialAce,Outrage,AquaJet|||M|||50|,,,,,Normal]Ogerpon-Wellspring||WellspringMask|WaterAbsorb|IvyCudgel,HornLeech,FollowMe,SpikyShield|||F|||50|,,,,,Water\n|showteam|p2|Decidueye-Hisui||LifeOrb|Scrappy|Protect,LeafBlade,TripleArrows,BraveBird|||F|||50|,,,,,Fire]Iron Bundle||BoosterEnergy|QuarkDrive|Protect,HydroPump,FreezeDry,IcyWind||||||50|,,,,,Ghost]Chi-Yu||FocusSash|BeadsofRuin|Protect,DarkPulse,HeatWave,Overheat||||||50|,,,,,Ghost]Farigiraf||SitrusBerry|ArmorTail|Protect,TrickRoom,Psychic,DazzlingGleam|||M|||50|,,,,,Fire]Landorus-Therian||ChoiceScarf|Intimidate|StompingTantrum,RockSlide,Uturn,TeraBlast|||M|||50|,,,,,Flying]Iron Hands||AssaultVest|QuarkDrive|FakeOut,WildCharge,DrainPunch,HeavySlam||||||50|,,,,,Water\n|inactive|Battle timer is ON: inactive players will automatically lose when time's up. (requested by Desmondrocks11)\n|inactive|It\u2019sJustKen VGC also wants the timer to be on.\n|c|\u2606It\u2019sJustKen VGC|glhf\n|c|\u2606Desmondrocks11|glhf\n|inactive|Desmondrocks11 has 60 seconds left.\n|inactive|Desmondrocks11 has 30 seconds left.\n|inactive|Desmondrocks11 has 20 seconds left.\n|\n|t:|1699836404\n|start\n|switch|p1a: Heatran|Heatran, L50, M|100\/100\n|switch|p1b: Iron Hands|Iron Hands, L50|100\/100\n|switch|p2a: Iron Hands|Iron Hands, L50|100\/100\n|switch|p2b: Farigiraf|Farigiraf, L50, M|100\/100\n|turn|1\n|inactive|Desmondrocks11 has 30 seconds left.\n|inactive|Desmondrocks11 has 20 seconds left.\n|\n|t:|1699836443\n|-terastallize|p1a: Heatran|Fairy\n|move|p2a: Iron Hands|Fake Out|p1a: Heatran\n|-damage|p1a: Heatran|88\/100\n|cant|p1a: Heatran|flinch\n|move|p1b: Iron Hands|Wild Charge|p2b: Farigiraf\n|-damage|p2b: Farigiraf|63\/100\n|-damage|p1b: Iron Hands|93\/100|[from] Recoil\n|move|p2b: Farigiraf|Trick Room|p2b: Farigiraf\n|-fieldstart|move: Trick Room|[of] p2b: Farigiraf\n|\n|upkeep\n|turn|2\n|inactive|Desmondrocks11 has 30 seconds left.\n|inactive|It\u2019sJustKen VGC has 30 seconds left.\n|inactive|It\u2019sJustKen VGC has 20 seconds left.\n|inactive|It\u2019sJustKen VGC has 15 seconds left.\n|inactive|It\u2019sJustKen VGC has 10 seconds left.\n|inactive|It\u2019sJustKen VGC has 5 seconds left.\n|\n|t:|1699836498\n|move|p2b: Farigiraf|Protect|p2b: Farigiraf\n|-singleturn|p2b: Farigiraf|Protect\n|move|p2a: Iron Hands|Fake Out||[still]\n|-hint|Fake Out only works on your first turn out.\n|-fail|p2a: Iron Hands\n|move|p1b: Iron Hands|Drain Punch|p2b: Farigiraf\n|-activate|p2b: Farigiraf|move: Protect\n|move|p1a: Heatran|Heat Wave|p2b: Farigiraf|[spread] p2a\n|-activate|p2b: Farigiraf|move: Protect\n|-damage|p2a: Iron Hands|70\/100\n|\n|upkeep\n|turn|3\n|\n|t:|1699836514\n|move|p1b: Iron Hands|Wild Charge|p2b: Farigiraf\n|-damage|p2b: Farigiraf|24\/100\n|-enditem|p2b: Farigiraf|Sitrus Berry|[eat]\n|-heal|p2b: Farigiraf|48\/100|[from] item: Sitrus Berry\n|-damage|p1b: Iron Hands|85\/100|[from] Recoil\n|move|p2a: Iron Hands|Drain Punch|p1b: Iron Hands\n|-damage|p1b: Iron Hands|55\/100\n|-heal|p2a: Iron Hands|87\/100|[from] drain|[of] p1b: Iron Hands\n|move|p2b: Farigiraf|Psychic|p1b: Iron Hands\n|-supereffective|p1b: Iron Hands\n|-damage|p1b: Iron Hands|20\/100\n|move|p1a: Heatran|Heat Wave|p2a: Iron Hands|[spread] p2a,p2b\n|-damage|p2a: Iron Hands|59\/100\n|-damage|p2b: Farigiraf|0 fnt\n|faint|p2b: Farigiraf\n|\n|upkeep\n|\n|t:|1699836524\n|switch|p2b: Decidueye|Decidueye-Hisui, L50, F|100\/100\n|turn|4\n|inactive|Desmondrocks11 has 30 seconds left.\n|j| TornadoofDOOM\n|\n|t:|1699836559\n|move|p2b: Decidueye|Leaf Blade|p1a: Heatran\n|-damage|p1a: Heatran|40\/100\n|-damage|p2b: Decidueye|91\/100|[from] item: Life Orb\n|move|p1b: Iron Hands|Drain Punch|p2b: Decidueye\n|-damage|p2b: Decidueye|47\/100\n|-heal|p1b: Iron Hands|36\/100|[from] drain|[of] p2b: Decidueye\n|move|p2a: Iron Hands|Wild Charge|p1a: Heatran\n|-damage|p1a: Heatran|0 fnt\n|faint|p1a: Heatran\n|-damage|p2a: Iron Hands|51\/100|[from] Recoil\n|\n|upkeep\n|\n|t:|1699836575\n|switch|p1a: Flutter Mane|Flutter Mane, L50|100\/100\n|-enditem|p1a: Flutter Mane|Booster Energy\n|-activate|p1a: Flutter Mane|ability: Protosynthesis|[fromitem]\n|-start|p1a: Flutter Mane|protosynthesisspe\n|turn|5\n|\n|t:|1699836593\n|move|p2b: Decidueye|Protect|p2b: Decidueye\n|-singleturn|p2b: Decidueye|Protect\n|move|p1a: Flutter Mane|Protect|p1a: Flutter Mane\n|-singleturn|p1a: Flutter Mane|Protect\n|move|p1b: Iron Hands|Drain Punch|p2a: Iron Hands\n|-damage|p2a: Iron Hands|20\/100\n|-heal|p1b: Iron Hands|50\/100|[from] drain|[of] p2a: Iron Hands\n|move|p2a: Iron Hands|Drain Punch|p1b: Iron Hands\n|-damage|p1b: Iron Hands|23\/100\n|-heal|p2a: Iron Hands|35\/100|[from] drain|[of] p1b: Iron Hands\n|\n|-fieldend|move: Trick Room\n|upkeep\n|turn|6\n|inactive|Desmondrocks11 has 30 seconds left.\n|inactive|Desmondrocks11 has 20 seconds left.\n|\n|t:|1699836633\n|-terastallize|p2a: Iron Hands|Water\n|move|p1a: Flutter Mane|Moonblast|p2b: Decidueye\n|-supereffective|p2b: Decidueye\n|-damage|p2b: Decidueye|0 fnt\n|faint|p2b: Decidueye\n|move|p2a: Iron Hands|Heavy Slam|p1a: Flutter Mane\n|-supereffective|p1a: Flutter Mane\n|-crit|p1a: Flutter Mane\n|-damage|p1a: Flutter Mane|0 fnt\n|faint|p1a: Flutter Mane\n|-end|p1a: Flutter Mane|Protosynthesis|[silent]\n|move|p1b: Iron Hands|Drain Punch|p2a: Iron Hands\n|-damage|p2a: Iron Hands|5\/100\n|-heal|p1b: Iron Hands|37\/100|[from] drain|[of] p2a: Iron Hands\n|\n|upkeep\n|\n|t:|1699836647\n|switch|p1a: Landorus|Landorus-Therian, L50, M|100\/100\n|switch|p2b: Iron Bundle|Iron Bundle, L50|100\/100\n|-ability|p1a: Landorus|Intimidate|boost\n|-unboost|p2a: Iron Hands|atk|1\n|-unboost|p2b: Iron Bundle|atk|1\n|-enditem|p2b: Iron Bundle|Booster Energy\n|-activate|p2b: Iron Bundle|ability: Quark Drive|[fromitem]\n|-start|p2b: Iron Bundle|quarkdrivespe\n|turn|7\n|inactive|Desmondrocks11 has 30 seconds left.\n|inactive|It\u2019sJustKen VGC has 30 seconds left.\n|inactive|It\u2019sJustKen VGC has 20 seconds left.\n|inactive|It\u2019sJustKen VGC has 15 seconds left.\n|\n|t:|1699836689\n|move|p2b: Iron Bundle|Hydro Pump|p1b: Iron Hands\n|-damage|p1b: Iron Hands|11\/100\n|move|p1a: Landorus|Stomping Tantrum|p2a: Iron Hands\n|-crit|p2a: Iron Hands\n|-damage|p2a: Iron Hands|0 fnt\n|faint|p2a: Iron Hands\n|-end|p2a: Iron Hands|Quark Drive|[silent]\n|move|p1b: Iron Hands|Drain Punch|p2b: Iron Bundle\n|-supereffective|p2b: Iron Bundle\n|-damage|p2b: Iron Bundle|0 fnt\n|-heal|p1b: Iron Hands|37\/100|[from] drain|[of] p2b: Iron Bundle\n|faint|p2b: Iron Bundle\n|-end|p2b: Iron Bundle|Quark Drive|[silent]\n|\n|win|Desmondrocks11\n|n|\u2606Desmondrocks11|desmondrocks11\n|n|\u2606It\u2019sJustKen VGC|itsjustkenvgc\n|n| TornadoofDOOM|tornadoofdoom\n|c|\u2606It\u2019sJustKen VGC|gg wp\n","uploadtime":1699836700,"views":12,"p1id":"desmondrocks11","p2id":"itsjustkenvgc","formatid":"gen9vgc2023regulatione","rating":0,"private":0,"password":""}