{"id":"gen9vgc2023regulatione-1994470770","p1":"Matcha Man Savage","p2":"Dannyzzin","format":"[Gen 9] VGC 2023 Regulation E","log":"|j|\u2606Matcha Man Savage\n|j|\u2606Dannyzzin\n|t:|1700447697\n|gametype|doubles\n|player|p1|Matcha Man Savage|pokemaniac|1299\n|player|p2|Dannyzzin|265|1264\n|teamsize|p1|6\n|teamsize|p2|6\n|gen|9\n|tier|[Gen 9] VGC 2023 Regulation E\n|rated|\n|rule|Species Clause: Limit one of each Pok\u00e9mon\n|rule|Item Clause: Limit one of each item\n|clearpoke\n|poke|p1|Chi-Yu, L50|\n|poke|p1|Flutter Mane, L50|\n|poke|p1|Landorus-Therian, L50, M|\n|poke|p1|Tornadus, L50, M|\n|poke|p1|Iron Bundle, L50|\n|poke|p1|Ogerpon-Wellspring, L50, F|\n|poke|p2|Torkoal, L50, M|\n|poke|p2|Flutter Mane, L50|\n|poke|p2|Indeedee-F, L50, F|\n|poke|p2|Chi-Yu, L50|\n|poke|p2|Urshifu-*, L50, M|\n|poke|p2|Dragapult, L50, F|\n|teampreview|4\n|inactive|Battle timer is ON: inactive players will automatically lose when time's up. (requested by Dannyzzin)\n|inactive|Matcha Man Savage also wants the timer to be on.\n|\n|t:|1700447717\n|start\n|switch|p1a: Landorus|Landorus-Therian, L50, M, shiny|100\/100\n|switch|p1b: Tornadus|Tornadus, L50, M, shiny|100\/100\n|switch|p2a: Flutter Mane|Flutter Mane, L50, shiny|100\/100\n|switch|p2b: Torkoal|Torkoal, L50, M, shiny|100\/100\n|-ability|p1a: Landorus|Intimidate|boost\n|-unboost|p2a: Flutter Mane|atk|1\n|-unboost|p2b: Torkoal|atk|1\n|-enditem|p2b: Torkoal|Eject Pack\n|\n|t:|1700447728\n|switch|p2b: Indeedee|Indeedee-F, L50, F|100\/100\n|-fieldstart|move: Psychic Terrain|[from] ability: Psychic Surge|[of] p2b: Indeedee\n|-enditem|p2b: Indeedee|Psychic Seed\n|-boost|p2b: Indeedee|spd|1|[from] item: Psychic Seed\n|-enditem|p2a: Flutter Mane|Booster Energy\n|-activate|p2a: Flutter Mane|ability: Protosynthesis|[fromitem]\n|-start|p2a: Flutter Mane|protosynthesisspa\n|turn|1\n|\n|t:|1700447748\n|-terastallize|p1a: Landorus|Flying\n|-terastallize|p2a: Flutter Mane|Fairy\n|move|p2b: Indeedee|Helping Hand|p2a: Flutter Mane\n|-singleturn|p2a: Flutter Mane|Helping Hand|[of] p2b: Indeedee\n|move|p1b: Tornadus|Tailwind|p1b: Tornadus\n|-sidestart|p1: Matcha Man Savage|move: Tailwind\n|move|p1a: Landorus|Tera Blast|p2a: Flutter Mane|[anim] Tera Blast Flying\n|-crit|p2a: Flutter Mane\n|-damage|p2a: Flutter Mane|0 fnt\n|faint|p2a: Flutter Mane\n|-end|p2a: Flutter Mane|Protosynthesis|[silent]\n|\n|upkeep\n|\n|t:|1700447767\n|switch|p2a: Torkoal|Torkoal, L50, M, shiny|100\/100\n|-weather|SunnyDay|[from] ability: Drought|[of] p2a: Torkoal\n|turn|2\n|\n|t:|1700447779\n|move|p2b: Indeedee|Helping Hand|p2a: Torkoal\n|-singleturn|p2a: Torkoal|Helping Hand|[of] p2b: Indeedee\n|move|p1a: Landorus|Tera Blast|p2a: Torkoal|[anim] Tera Blast Flying\n|-damage|p2a: Torkoal|53\/100\n|move|p1b: Tornadus|Bleakwind Storm|p2b: Indeedee|[spread] p2a\n|-miss|p1b: Tornadus|p2b: Indeedee\n|-damage|p2a: Torkoal|17\/100\n|move|p2a: Torkoal|Overheat|p1a: Landorus\n|-damage|p1a: Landorus|0 fnt\n|-unboost|p2a: Torkoal|spa|2\n|faint|p1a: Landorus\n|\n|-weather|SunnyDay|[upkeep]\n|upkeep\n|\n|t:|1700447795\n|switch|p1a: Ogerpon|Ogerpon-Wellspring, L50, F|100\/100\n|turn|3\n|\n|t:|1700447809\n|move|p2b: Indeedee|Follow Me|p2b: Indeedee\n|-singleturn|p2b: Indeedee|move: Follow Me\n|move|p1a: Ogerpon|Swords Dance|p1a: Ogerpon\n|-boost|p1a: Ogerpon|atk|2\n|move|p1b: Tornadus|Bleakwind Storm|p2a: Torkoal|[spread] p2a,p2b\n|-damage|p2a: Torkoal|0 fnt\n|-damage|p2b: Indeedee|78\/100\n|faint|p2a: Torkoal\n|\n|-weather|SunnyDay|[upkeep]\n|upkeep\n|\n|t:|1700447818\n|switch|p2a: Chi-Yu|Chi-Yu, L50|100\/100\n|-ability|p2a: Chi-Yu|Beads of Ruin\n|turn|4\n|inactive|Matcha Man Savage has 30 seconds left.\n|\n|t:|1700447851\n|move|p2b: Indeedee|Follow Me|p2b: Indeedee\n|-singleturn|p2b: Indeedee|move: Follow Me\n|move|p1a: Ogerpon|Horn Leech|p2b: Indeedee\n|-crit|p2b: Indeedee\n|-damage|p2b: Indeedee|0 fnt\n|faint|p2b: Indeedee\n|move|p1b: Tornadus|Bleakwind Storm|p2a: Chi-Yu|[miss]\n|-miss|p1b: Tornadus|p2a: Chi-Yu\n|move|p2a: Chi-Yu|Heat Wave|p1b: Tornadus|[spread] p1a,p1b\n|-damage|p1a: Ogerpon|0 fnt\n|-damage|p1b: Tornadus|0 fnt\n|faint|p1a: Ogerpon\n|faint|p1b: Tornadus\n|\n|-weather|SunnyDay|[upkeep]\n|-sideend|p1: Matcha Man Savage|move: Tailwind\n|upkeep\n|\n|t:|1700447861\n|switch|p1b: RoboSanta|Iron Bundle, L50|100\/100\n|-enditem|p1b: RoboSanta|Booster Energy\n|-activate|p1b: RoboSanta|ability: Quark Drive|[fromitem]\n|-start|p1b: RoboSanta|quarkdrivespe\n|turn|5\n|\n|t:|1700447870\n|move|p1b: RoboSanta|Hydro Pump|p2a: Chi-Yu\n|-supereffective|p2a: Chi-Yu\n|-damage|p2a: Chi-Yu|40\/100\n|move|p2a: Chi-Yu|Heat Wave|p1b: RoboSanta|[miss]\n|-miss|p2a: Chi-Yu|p1b: RoboSanta\n|\n|-weather|SunnyDay|[upkeep]\n|-fieldend|move: Psychic Terrain\n|upkeep\n|turn|6\n|\n|t:|1700447882\n|move|p1b: RoboSanta|Protect|p1b: RoboSanta\n|-singleturn|p1b: RoboSanta|Protect\n|move|p2a: Chi-Yu|Heat Wave|p1b: RoboSanta\n|-activate|p1b: RoboSanta|move: Protect\n|\n|-weather|none\n|upkeep\n|turn|7\n|\n|t:|1700447889\n|move|p1b: RoboSanta|Hydro Pump|p2a: Chi-Yu\n|-supereffective|p2a: Chi-Yu\n|-damage|p2a: Chi-Yu|0 fnt\n|faint|p2a: Chi-Yu\n|\n|win|Matcha Man Savage\n|raw|Matcha Man Savage's rating: 1299 &rarr; <strong>1321<\/strong><br \/>(+22 for winning)\n|raw|Dannyzzin's rating: 1264 &rarr; <strong>1242<\/strong><br \/>(-22 for losing)\n|c|\u2606Matcha Man Savage|gg\n|l|\u2606Dannyzzin\n","uploadtime":1700447910,"views":19,"p1id":"matchamansavage","p2id":"dannyzzin","formatid":"gen9vgc2023regulatione","rating":1242,"private":0,"password":""}