{"id":"gen9vgc2023regulatione-1996408409","p1":"ace.bnz","p2":"groudon33","format":"[Gen 9] VGC 2023 Regulation E","log":"|j|\u2606ace.bnz\n|j|\u2606groudon33\n|n|\u2606ace.bnz|acebnz\n|n|\u2606groudon33|groudon33\n|html|View the match progress at <a href=\"\/game-bestof3-gen9vgc2023regulatione-1996408408\">game-bestof3-gen9vgc2023regulatione-1996408408<\/a>\n|t:|1700679177\n|gametype|doubles\n|player|p1|ace.bnz|plasmagrunt|\n|player|p2|groudon33|preschooler|\n|teamsize|p1|6\n|teamsize|p2|6\n|gen|9\n|tier|[Gen 9] VGC 2023 Regulation E\n|rule|Species Clause: Limit one of each Pok\u00e9mon\n|rule|Item Clause: Limit one of each item\n|clearpoke\n|poke|p1|Iron Hands, L50|\n|poke|p1|Roaring Moon, L50|\n|poke|p1|Arcanine-Hisui, L50, M|\n|poke|p1|Flutter Mane, L50|\n|poke|p1|Heatran, L50, F|\n|poke|p1|Urshifu-*, L50, M|\n|poke|p2|Sylveon, L50, F|\n|poke|p2|Cresselia, L50, F|\n|poke|p2|Iron Hands, L50|\n|poke|p2|Urshifu-*, L50, M|\n|poke|p2|Heatran, L50, F|\n|poke|p2|Tornadus, L50, M|\n|teampreview|4\nace.bnz has agreed to open team sheets.\ngroudon33 has agreed to open team sheets.\n|showteam|p1|Iron Hands||AssaultVest|QuarkDrive|FakeOut,HeavySlam,WildCharge,DrainPunch||||||50|,,,,,Water]Roaring Moon||BoosterEnergy|Protosynthesis|Tailwind,Acrobatics,KnockOff,DragonDance||||||50|,,,,,Flying]Arcanine-Hisui||ChoiceBand|Intimidate|ExtremeSpeed,FlareBlitz,RockSlide,TeraBlast|||M|||50|,,,,,Fairy]Flutter Mane||ChoiceSpecs|Protosynthesis|DazzlingGleam,Moonblast,ShadowBall,PowerGem||||||50|,,,,,Fairy]Heatran||LifeOrb|FlashFire|HeatWave,FlashCannon,EarthPower,Protect|||F|||50|,,,,,Fairy]Urshifu-Rapid-Strike||MysticWater|UnseenFist|Detect,SurgingStrikes,AquaJet,CloseCombat|||M|||50|,,,,,Water\n|showteam|p2|Sylveon||ChoiceSpecs|Pixilate|HyperVoice,HyperBeam,TeraBlast,SleepTalk|||F|||50|,,,,,Fire]Cresselia||MentalHerb|Levitate|HelpingHand,TrickRoom,LunarBlessing,IceBeam|||F|||50|,,,,,Fairy]Iron Hands||AssaultVest|QuarkDrive|FakeOut,HeavySlam,WildCharge,DrainPunch||||||50|,,,,,Water]Urshifu||ChoiceBand|UnseenFist|WickedBlow,SuckerPunch,PoisonJab,CloseCombat|||M|||50|,,,,,Poison]Heatran||Leftovers|FlashFire|Protect,HeatWave,EarthPower,FlashCannon|||F|||50|,,,,,Fairy]Tornadus||SitrusBerry|Prankster|Tailwind,Taunt,BleakwindStorm,SunnyDay|||M|||50|,,,,,Ghost\n|\n|t:|1700679218\n|start\n|switch|p1a: Roaring Moon|Roaring Moon, L50|100\/100\n|switch|p1b: Flutter Mane|Flutter Mane, L50|100\/100\n|switch|p2a: ursas moon|Cresselia, L50, F|100\/100\n|switch|p2b: IHAVEBOGHAND|Iron Hands, L50|100\/100\n|-enditem|p1a: Roaring Moon|Booster Energy\n|-activate|p1a: Roaring Moon|ability: Protosynthesis|[fromitem]\n|-start|p1a: Roaring Moon|protosynthesisspe\n|turn|1\n|\n|t:|1700679265\n|move|p2b: IHAVEBOGHAND|Fake Out|p1a: Roaring Moon\n|-damage|p1a: Roaring Moon|81\/100\n|cant|p1a: Roaring Moon|flinch\n|move|p1b: Flutter Mane|Shadow Ball|p2a: ursas moon\n|-supereffective|p2a: ursas moon\n|-damage|p2a: ursas moon|28\/100\n|move|p2a: ursas moon|Trick Room|p2a: ursas moon\n|-fieldstart|move: Trick Room|[of] p2a: ursas moon\n|\n|upkeep\n|turn|2\n|\n|t:|1700679292\n|-end|p1b: Flutter Mane|Protosynthesis|[silent]\n|switch|p1b: Iron Hands|Iron Hands, L50|100\/100\n|-terastallize|p1a: Roaring Moon|Flying\n|move|p2b: IHAVEBOGHAND|Drain Punch|p1a: Roaring Moon\n|-resisted|p1a: Roaring Moon\n|-damage|p1a: Roaring Moon|56\/100\n|move|p2a: ursas moon|Lunar Blessing|p2a: ursas moon|[spread] p2a,p2b\n|-heal|p2a: ursas moon|53\/100\n|move|p1a: Roaring Moon|Knock Off|p2a: ursas moon\n|-supereffective|p2a: ursas moon\n|-crit|p2a: ursas moon\n|-damage|p2a: ursas moon|0 fnt\n|-enditem|p2a: ursas moon|Mental Herb|[from] move: Knock Off|[of] p1a: Roaring Moon\n|faint|p2a: ursas moon\n|\n|upkeep\n|\n|t:|1700679315\n|switch|p2a: firefrog|Heatran, L50, F|100\/100\n|turn|3\n|\n|t:|1700679332\n|-end|p1a: Roaring Moon|Protosynthesis|[silent]\n|switch|p1a: Heatran|Heatran, L50, F|100\/100\n|move|p2a: firefrog|Protect|p2a: firefrog\n|-singleturn|p2a: firefrog|Protect\n|move|p2b: IHAVEBOGHAND|Wild Charge|p1a: Heatran\n|-damage|p1a: Heatran|52\/100\n|-damage|p2b: IHAVEBOGHAND|91\/100|[from] Recoil\n|move|p1b: Iron Hands|Drain Punch|p2b: IHAVEBOGHAND\n|-damage|p2b: IHAVEBOGHAND|62\/100\n|\n|upkeep\n|turn|4\n|\n|t:|1700679353\n|-terastallize|p2a: firefrog|Fairy\n|move|p1a: Heatran|Protect|p1a: Heatran\n|-singleturn|p1a: Heatran|Protect\n|move|p2b: IHAVEBOGHAND|Drain Punch|p1a: Heatran\n|-activate|p1a: Heatran|move: Protect\n|move|p1b: Iron Hands|Drain Punch|p2a: firefrog\n|-resisted|p2a: firefrog\n|-damage|p2a: firefrog|82\/100\n|move|p2a: firefrog|Earth Power|p1b: Iron Hands\n|-supereffective|p1b: Iron Hands\n|-damage|p1b: Iron Hands|65\/100\n|\n|-heal|p2a: firefrog|88\/100|[from] item: Leftovers\n|upkeep\n|turn|5\n|\n|t:|1700679375\n|switch|p1a: Flutter Mane|Flutter Mane, L50|100\/100\n|move|p2b: IHAVEBOGHAND|Drain Punch|p1a: Flutter Mane\n|-immune|p1a: Flutter Mane\n|move|p1b: Iron Hands|Wild Charge|p2a: firefrog\n|-damage|p2a: firefrog|42\/100\n|-damage|p1b: Iron Hands|55\/100|[from] Recoil\n|move|p2a: firefrog|Earth Power|p1b: Iron Hands\n|-supereffective|p1b: Iron Hands\n|-damage|p1b: Iron Hands|22\/100\n|\n|-heal|p2a: firefrog|48\/100|[from] item: Leftovers\n|-fieldend|move: Trick Room\n|upkeep\n|turn|6\n|\n|t:|1700679414\n|move|p2a: firefrog|Protect|p2a: firefrog\n|-singleturn|p2a: firefrog|Protect\n|move|p1a: Flutter Mane|Dazzling Gleam|p2a: firefrog|[spread] p2b\n|-activate|p2a: firefrog|move: Protect\n|-supereffective|p2b: IHAVEBOGHAND\n|-damage|p2b: IHAVEBOGHAND|19\/100\n|move|p1b: Iron Hands|Drain Punch|p2b: IHAVEBOGHAND\n|-damage|p2b: IHAVEBOGHAND|0 fnt\n|-heal|p1b: Iron Hands|31\/100|[from] drain|[of] p2b: IHAVEBOGHAND\n|faint|p2b: IHAVEBOGHAND\n|-end|p2b: IHAVEBOGHAND|Quark Drive|[silent]\n|\n|-heal|p2a: firefrog|55\/100|[from] item: Leftovers\n|upkeep\n|\n|t:|1700679423\n|switch|p2b: Sgt. Cuteness|Sylveon, L50, F|100\/100\n|turn|7\n|\n|t:|1700679438\n|move|p1a: Flutter Mane|Dazzling Gleam|p2b: Sgt. Cuteness|[spread] p2a,p2b\n|-damage|p2a: firefrog|15\/100\n|-damage|p2b: Sgt. Cuteness|61\/100\n|move|p2a: firefrog|Heat Wave|p1b: Iron Hands|[spread] p1a,p1b\n|-damage|p1a: Flutter Mane|63\/100\n|-damage|p1b: Iron Hands|11\/100\n|-status|p1a: Flutter Mane|brn\n|move|p1b: Iron Hands|Heavy Slam|p2b: Sgt. Cuteness\n|-supereffective|p2b: Sgt. Cuteness\n|-damage|p2b: Sgt. Cuteness|0 fnt\n|faint|p2b: Sgt. Cuteness\n|\n|-heal|p2a: firefrog|21\/100|[from] item: Leftovers\n|-damage|p1a: Flutter Mane|57\/100 brn|[from] brn\n|upkeep\n|turn|8\n|-message|groudon33 forfeited.\n|\n|win|ace.bnz\n|l|\u2606groudon33\n|c|&|\/uhtml prompt-acebnz,ace.bnz is ready for game 2!\n|c|&|\/uhtml prompt-groudon33,groudon33 is ready for game 2!\nBoth players are ready! Starting next match!\n","uploadtime":1700679980,"views":6,"p1id":"acebnz","p2id":"groudon33","formatid":"gen9vgc2023regulatione","rating":0,"private":0,"password":""}