{"id":"gen9vgc2023regulatione-1998200266","p1":"Wesleihas","p2":"JayoticNL","format":"[Gen 9] VGC 2023 Regulation E","log":"|j|\u2606Wesleihas\n|j|\u2606JayoticNL\n|t:|1700911405\n|gametype|doubles\n|player|p1|Wesleihas|102|1453\n|player|p2|JayoticNL|101|1429\n|teamsize|p1|6\n|teamsize|p2|6\n|gen|9\n|tier|[Gen 9] VGC 2023 Regulation E\n|rated|\n|rule|Species Clause: Limit one of each Pok\u00e9mon\n|rule|Item Clause: Limit one of each item\n|clearpoke\n|poke|p1|Indeedee-F, L50, F|\n|poke|p1|Gholdengo, L50|\n|poke|p1|Flutter Mane, L50|\n|poke|p1|Tornadus, L50, M|\n|poke|p1|Arcanine-Hisui, L50, F|\n|poke|p1|Chi-Yu, L50|\n|poke|p2|Ogerpon, L50, F|\n|poke|p2|Thundurus, L50, M|\n|poke|p2|Chi-Yu, L50|\n|poke|p2|Flutter Mane, L50|\n|poke|p2|Dondozo, L50, M|\n|poke|p2|Tatsugiri, L50, F|\n|teampreview|4\n|\n|t:|1700911449\n|start\n|switch|p1a: Arcanine|Arcanine-Hisui, L50, F|100\/100\n|switch|p1b: Flutter Mane|Flutter Mane, L50|100\/100\n|switch|p2a: Thundurus|Thundurus, L50, M|100\/100\n|switch|p2b: Ogerpon|Ogerpon, L50, F|100\/100\n|-ability|p1a: Arcanine|Intimidate|boost\n|-unboost|p2a: Thundurus|atk|1\n|-unboost|p2b: Ogerpon|atk|1\n|-ability|p2b: Ogerpon|Defiant|boost\n|-boost|p2b: Ogerpon|atk|2\n|turn|1\n|\n|t:|1700911481\n|-terastallize|p2b: Ogerpon|Grass\n|detailschange|p2b: Ogerpon|Ogerpon-Teal-Tera, L50, F, tera:Grass\n|-ability|p2b: Ogerpon|Embody Aspect (Teal)|boost\n|-boost|p2b: Ogerpon|spe|1\n|move|p2a: Thundurus|Eerie Impulse|p1b: Flutter Mane\n|-unboost|p1b: Flutter Mane|spa|2\n|move|p2b: Ogerpon|Stomping Tantrum|p1a: Arcanine\n|-supereffective|p1a: Arcanine\n|-crit|p1a: Arcanine\n|-damage|p1a: Arcanine|0 fnt\n|faint|p1a: Arcanine\n|move|p1b: Flutter Mane|Moonblast|p2b: Ogerpon\n|-damage|p2b: Ogerpon|67\/100\n|-unboost|p2b: Ogerpon|spa|1\n|\n|upkeep\n|\n|t:|1700911505\n|switch|p1a: Chi-Yu|Chi-Yu, L50|100\/100\n|-ability|p1a: Chi-Yu|Beads of Ruin\n|turn|2\n|\n|t:|1700911534\n|-end|p1b: Flutter Mane|Protosynthesis|[silent]\n|switch|p1b: Indeedee|Indeedee-F, L50, F|100\/100\n|-fieldstart|move: Psychic Terrain|[from] ability: Psychic Surge|[of] p1b: Indeedee\n|-enditem|p1b: Indeedee|Psychic Seed\n|-boost|p1b: Indeedee|spd|1|[from] item: Psychic Seed\n|move|p2b: Ogerpon|Spiky Shield|p2b: Ogerpon\n|-singleturn|p2b: Ogerpon|move: Protect\n|move|p1a: Chi-Yu|Protect|p1a: Chi-Yu\n|-singleturn|p1a: Chi-Yu|Protect\n|move|p2a: Thundurus|Wildbolt Storm|p1b: Indeedee|[spread] p1b\n|-activate|p1a: Chi-Yu|move: Protect\n|-damage|p1b: Indeedee|72\/100\n|\n|upkeep\n|turn|3\n|\n|t:|1700911560\n|-terastallize|p1a: Chi-Yu|Fire\n|move|p1b: Indeedee|Follow Me|p1b: Indeedee\n|-singleturn|p1b: Indeedee|move: Follow Me\n|move|p2b: Ogerpon|Encore|p1b: Indeedee\n|-start|p1b: Indeedee|Encore\n|move|p1a: Chi-Yu|Heat Wave|p2b: Ogerpon|[spread] p2a,p2b\n|-supereffective|p2b: Ogerpon\n|-damage|p2a: Thundurus|11\/100\n|-damage|p2b: Ogerpon|0 fnt\n|faint|p2b: Ogerpon\n|-damage|p1a: Chi-Yu|91\/100|[from] item: Life Orb\n|move|p2a: Thundurus|Wildbolt Storm|p1b: Indeedee|[spread] p1a\n|-miss|p2a: Thundurus|p1b: Indeedee\n|-damage|p1a: Chi-Yu|52\/100\n|\n|upkeep\n|\n|t:|1700911567\n|switch|p2b: Dondozo|Dondozo, L50, M|100\/100\n|turn|4\n|\n|t:|1700911606\n|switch|p2a: Tatsugiri|Tatsugiri, L50, F|100\/100\n|-activate|p2a: Tatsugiri|ability: Commander|[of] p2b: Dondozo\n|-boost|p2b: Dondozo|atk|2\n|-boost|p2b: Dondozo|spa|2\n|-boost|p2b: Dondozo|spe|2\n|-boost|p2b: Dondozo|def|2\n|-boost|p2b: Dondozo|spd|2\n|move|p1b: Indeedee|Follow Me|p1b: Indeedee\n|-singleturn|p1b: Indeedee|move: Follow Me\n|move|p2b: Dondozo|Earthquake|p1a: Chi-Yu|[spread] p1a,p1b\n|-miss|p2b: Dondozo|p2a: Tatsugiri\n|-supereffective|p1a: Chi-Yu\n|-damage|p1a: Chi-Yu|0 fnt\n|-damage|p1b: Indeedee|35\/100\n|faint|p1a: Chi-Yu\n|\n|upkeep\n|\n|t:|1700911621\n|switch|p1a: Flutter Mane|Flutter Mane, L50|100\/100\n|turn|5\n|\n|t:|1700911631\n|move|p1b: Indeedee|Follow Me|p1b: Indeedee\n|-singleturn|p1b: Indeedee|move: Follow Me\n|move|p1a: Flutter Mane|Moonblast|p2b: Dondozo\n|-damage|p2b: Dondozo|75\/100\n|move|p2b: Dondozo|Earthquake|p1b: Indeedee|[spread] p1a,p1b\n|-miss|p2b: Dondozo|p2a: Tatsugiri\n|-damage|p1a: Flutter Mane|30\/100\n|-damage|p1b: Indeedee|0 fnt\n|faint|p1b: Indeedee\n|\n|-heal|p2b: Dondozo|82\/100|[from] item: Leftovers\n|upkeep\n|turn|6\n|\n|t:|1700911644\n|move|p2b: Dondozo|Protect|p2b: Dondozo\n|-singleturn|p2b: Dondozo|Protect\n|move|p1a: Flutter Mane|Moonblast|p2b: Dondozo\n|-activate|p2b: Dondozo|move: Protect\n|\n|-heal|p2b: Dondozo|88\/100|[from] item: Leftovers\n|-fieldend|move: Psychic Terrain\n|upkeep\n|turn|7\n|-message|Wesleihas forfeited.\n|\n|win|JayoticNL\n|raw|Wesleihas's rating: 1453 &rarr; <strong>1432<\/strong><br \/>(-21 for losing)\n|raw|JayoticNL's rating: 1429 &rarr; <strong>1450<\/strong><br \/>(+21 for winning)\n|l|\u2606Wesleihas\n","uploadtime":1700911762,"views":0,"p1id":"wesleihas","p2id":"jayoticnl","formatid":"gen9vgc2023regulatione","rating":1432,"private":0,"password":""}