{"id":"gen9vgc2023regulatione-1994541556","p1":"epekkamaster","p2":"big_pan_the_goat","format":"[Gen 9] VGC 2023 Regulation E","log":"|j|\u2606epekkamaster\n|j|\u2606big_pan_the_goat\n|t:|1700456917\n|gametype|doubles\n|player|p1|epekkamaster|swimmerm-gen2|1075\n|player|p2|big_pan_the_goat|wallace|1074\n|teamsize|p1|6\n|teamsize|p2|6\n|gen|9\n|tier|[Gen 9] VGC 2023 Regulation E\n|rated|\n|rule|Species Clause: Limit one of each Pok\u00e9mon\n|rule|Item Clause: Limit one of each item\n|clearpoke\n|poke|p1|Iron Hands, L50|\n|poke|p1|Urshifu-*, L50, M|\n|poke|p1|Flutter Mane, L50|\n|poke|p1|Grimmsnarl, L50, M|\n|poke|p1|Arcanine, L50, M|\n|poke|p1|Amoonguss, L50, M|\n|poke|p2|Flutter Mane, L50|\n|poke|p2|Rillaboom, L50, M|\n|poke|p2|Urshifu-*, L50, M|\n|poke|p2|Ogerpon-Hearthflame, L50, F|\n|poke|p2|Iron Hands, L50|\n|poke|p2|Tornadus, L50, M|\n|teampreview|4\n|inactive|Battle timer is ON: inactive players will automatically lose when time's up. (requested by epekkamaster)\nbig_pan_the_goat has agreed to open team sheets.\n|\n|t:|1700456939\n|start\n|switch|p1a: Arcanine|Arcanine, L50, M|100\/100\n|switch|p1b: a mongus|Amoonguss, L50, M|100\/100\n|switch|p2a: Tornadus|Tornadus, L50, M|100\/100\n|switch|p2b: Flutter Mane|Flutter Mane, L50|100\/100\n|-ability|p1a: Arcanine|Intimidate|boost\n|-unboost|p2a: Tornadus|atk|1\n|-unboost|p2b: Flutter Mane|atk|1\n|turn|1\n|inactive|big_pan_the_goat has 30 seconds left.\n|inactive|big_pan_the_goat has 20 seconds left.\n|inactive|epekkamaster has 30 seconds left.\n|inactive|big_pan_the_goat has 15 seconds left.\n|inactive|big_pan_the_goat has 10 seconds left.\n|\n|t:|1700456989\n|-end|p2b: Flutter Mane|Protosynthesis|[silent]\n|switch|p2b: Ogerpon|Ogerpon-Hearthflame, L50, F|100\/100\n|-ability|p2b: Ogerpon|Mold Breaker\n|switch|p1a: Iron Hands|Iron Hands, L50|100\/100\n|move|p2a: Tornadus|Taunt|p1b: a mongus\n|-start|p1b: a mongus|move: Taunt\n|cant|p1b: a mongus|move: Taunt|Spore\n|\n|upkeep\n|turn|2\n|inactive|epekkamaster has 30 seconds left.\n|\n|t:|1700457023\n|switch|p1b: Arcanine|Arcanine, L50, M|100\/100\n|-ability|p1b: Arcanine|Intimidate|boost\n|-unboost|p2a: Tornadus|atk|1\n|-unboost|p2b: Ogerpon|atk|1\n|move|p2b: Ogerpon|Spiky Shield|p2b: Ogerpon\n|-singleturn|p2b: Ogerpon|move: Protect\n|move|p1a: Iron Hands|Fake Out|p2a: Tornadus\n|-damage|p2a: Tornadus|83\/100\n|cant|p2a: Tornadus|flinch\n|\n|upkeep\n|turn|3\n|inactive|epekkamaster has 30 seconds left.\n|\n|t:|1700457049\n|switch|p2b: Flutter Mane|Flutter Mane, L50|100\/100\n|move|p1b: Arcanine|Flare Blitz|p2b: Flutter Mane\n|-damage|p2b: Flutter Mane|0 fnt\n|faint|p2b: Flutter Mane\n|-end|p2b: Flutter Mane|Protosynthesis|[silent]\n|-damage|p1b: Arcanine|79\/100|[from] Recoil\n|move|p2a: Tornadus|Knock Off|p1a: Iron Hands\n|-resisted|p1a: Iron Hands\n|-damage|p1a: Iron Hands|96\/100\n|-enditem|p1a: Iron Hands|Assault Vest|[from] move: Knock Off|[of] p2a: Tornadus\n|move|p1a: Iron Hands|Wild Charge|p2a: Tornadus\n|-supereffective|p2a: Tornadus\n|-damage|p2a: Tornadus|0 fnt\n|faint|p2a: Tornadus\n|-damage|p1a: Iron Hands|83\/100|[from] Recoil\n|\n|upkeep\n|\n|t:|1700457058\n|switch|p2b: Urshifu|Urshifu-Rapid-Strike, L50, M|100\/100\n|switch|p2a: Ogerpon|Ogerpon-Hearthflame, L50, F|100\/100\n|-ability|p2a: Ogerpon|Mold Breaker\n|turn|4\n|\n|t:|1700457082\n|-terastallize|p1b: Arcanine|Grass\n|-terastallize|p2a: Ogerpon|Fire\n|detailschange|p2a: Ogerpon|Ogerpon-Hearthflame-Tera, L50, F, tera:Fire\n|-ability|p2a: Ogerpon|Embody Aspect (Hearthflame)|boost\n|-boost|p2a: Ogerpon|atk|1\n|move|p2b: Urshifu|Close Combat|p1b: Arcanine\n|-damage|p1b: Arcanine|0 fnt\n|-unboost|p2b: Urshifu|def|1\n|-unboost|p2b: Urshifu|spd|1\n|-damage|p2b: Urshifu|84\/100|[from] item: Rocky Helmet|[of] p1b: Arcanine\n|faint|p1b: Arcanine\n|move|p2a: Ogerpon|Ivy Cudgel|p1a: Iron Hands|[anim] Ivy Cudgel Fire\n|-damage|p1a: Iron Hands|8\/100\n|move|p1a: Iron Hands|Drain Punch|p2a: Ogerpon\n|-damage|p2a: Ogerpon|55\/100\n|-heal|p1a: Iron Hands|21\/100|[from] drain|[of] p2a: Ogerpon\n|\n|upkeep\n|\n|t:|1700457103\n|switch|p1b: Flutter Mane|Flutter Mane, L50|100\/100\n|turn|5\n|\n|t:|1700457126\n|move|p1b: Flutter Mane|Shadow Ball|p2a: Ogerpon\n|-damage|p2a: Ogerpon|0 fnt\n|faint|p2a: Ogerpon\n|move|p2b: Urshifu|Close Combat|p1a: Iron Hands\n|-damage|p1a: Iron Hands|0 fnt\n|-unboost|p2b: Urshifu|def|1\n|-unboost|p2b: Urshifu|spd|1\n|faint|p1a: Iron Hands\n|-end|p1a: Iron Hands|Quark Drive|[silent]\n|\n|upkeep\n|\n|t:|1700457132\n|switch|p1a: a mongus|Amoonguss, L50, M|100\/100\n|turn|6\n|\n|t:|1700457138\n|move|p1b: Flutter Mane|Shadow Ball|p2b: Urshifu\n|-damage|p2b: Urshifu|0 fnt\n|faint|p2b: Urshifu\n|\n|win|epekkamaster\n|raw|epekkamaster's rating: 1075 &rarr; <strong>1104<\/strong><br \/>(+29 for winning)\n|raw|big_pan_the_goat's rating: 1074 &rarr; <strong>1053<\/strong><br \/>(-21 for losing)\n|c|\u2606epekkamaster|gg\n|l|\u2606big_pan_the_goat\n","uploadtime":1700457157,"views":42,"p1id":"epekkamaster","p2id":"bigpanthegoat","formatid":"gen9vgc2023regulatione","rating":1053,"private":0,"password":""}