{"id":"gen9vgc2023regulatione-1990039928","p1":"M1guelEsh","p2":"ihlay j","format":"[Gen 9] VGC 2023 Regulation E","log":"|j|\u2606M1guelEsh\n|j|\u2606ihlay j\n|t:|1699918093\n|gametype|doubles\n|player|p1|M1guelEsh|hilbert|1369\n|player|p2|ihlay j|dragontamer|1272\n|teamsize|p1|6\n|teamsize|p2|6\n|gen|9\n|tier|[Gen 9] VGC 2023 Regulation E\n|rated|\n|rule|Species Clause: Limit one of each Pok\u00e9mon\n|rule|Item Clause: Limit one of each item\n|clearpoke\n|poke|p1|Amoonguss, L50, F|\n|poke|p1|Landorus-Therian, L50, M|\n|poke|p1|Flutter Mane, L50|\n|poke|p1|Iron Hands, L50|\n|poke|p1|Roaring Moon, L50|\n|poke|p1|Heatran, L50, F|\n|poke|p2|Salamence, L50, M|\n|poke|p2|Ogerpon-Wellspring, L50, F|\n|poke|p2|Heatran, L50, M|\n|poke|p2|Iron Hands, L50|\n|poke|p2|Cresselia, L50, F|\n|poke|p2|Arcanine-Hisui, L50, M|\n|teampreview|4\nihlay j rejected open team sheets.\n|inactive|Battle timer is ON: inactive players will automatically lose when time's up. (requested by ihlay j)\n|\n|t:|1699918158\n|start\n|switch|p1a: Landorus|Landorus-Therian, L50, M|100\/100\n|switch|p1b: Iron Hands|Iron Hands, L50|100\/100\n|switch|p2a: Ogerpon|Ogerpon-Wellspring, L50, F|100\/100\n|switch|p2b: Iron Hands|Iron Hands, L50|100\/100\n|-ability|p1a: Landorus|Intimidate|boost\n|-unboost|p2a: Ogerpon|atk|1\n|-unboost|p2b: Iron Hands|atk|1\n|turn|1\n|inactive|M1guelEsh has 30 seconds left.\n|inactive|ihlay j has 30 seconds left.\n|inactive|ihlay j has 20 seconds left.\n|inactive|ihlay j has 15 seconds left.\n|\n|t:|1699918203\n|switch|p1a: Amoonguss|Amoonguss, L50, F|100\/100\n|-end|p2b: Iron Hands|Quark Drive|[silent]\n|switch|p2b: Cresselia|Cresselia, L50, F|100\/100\n|-terastallize|p2a: Ogerpon|Water\n|detailschange|p2a: Ogerpon|Ogerpon-Wellspring-Tera, L50, F, tera:Water\n|-ability|p2a: Ogerpon|Embody Aspect (Wellspring)|boost\n|-boost|p2a: Ogerpon|spd|1\n|move|p2a: Ogerpon|Swords Dance|p2a: Ogerpon\n|-boost|p2a: Ogerpon|atk|2\n|move|p1b: Iron Hands|Drain Punch|p2a: Ogerpon\n|-damage|p2a: Ogerpon|44\/100\n|\n|upkeep\n|turn|2\n|inactive|M1guelEsh has 30 seconds left.\n|inactive|ihlay j has 30 seconds left.\n|inactive|M1guelEsh has 20 seconds left.\n|inactive|M1guelEsh has 15 seconds left.\n|\n|t:|1699918243\n|move|p2a: Ogerpon|Spiky Shield|p2a: Ogerpon\n|-singleturn|p2a: Ogerpon|move: Protect\n|move|p2b: Cresselia|Lunar Blessing|p2b: Cresselia|[spread] p2a,p2b\n|-heal|p2a: Ogerpon|70\/100\n|move|p1b: Iron Hands|Drain Punch|p2a: Ogerpon\n|-activate|p2a: Ogerpon|move: Protect\n|-damage|p1b: Iron Hands|88\/100|[from] Spiky Shield|[of] p2a: Ogerpon\n|move|p1a: Amoonguss|Spore|p2b: Cresselia\n|-status|p2b: Cresselia|slp|[from] move: Spore\n|\n|upkeep\n|turn|3\n|inactive|ihlay j has 30 seconds left.\n|\n|t:|1699918275\n|move|p2a: Ogerpon|Ivy Cudgel|p1b: Iron Hands\n|-damage|p1b: Iron Hands|13\/100\n|move|p1b: Iron Hands|Wild Charge|p2a: Ogerpon\n|-supereffective|p2a: Ogerpon\n|-damage|p2a: Ogerpon|0 fnt\n|faint|p2a: Ogerpon\n|-damage|p1b: Iron Hands|2\/100|[from] Recoil\n|move|p1a: Amoonguss|Spore|p2b: Cresselia\n|-fail|p2b: Cresselia|slp\n|cant|p2b: Cresselia|slp\n|\n|upkeep\n|\n|t:|1699918296\n|switch|p2a: Iron Hands|Iron Hands, L50|100\/100\n|turn|4\n|\n|t:|1699918316\n|move|p2a: Iron Hands|Fake Out|p1a: Amoonguss\n|-damage|p1a: Amoonguss|89\/100\n|-damage|p2a: Iron Hands|84\/100|[from] item: Rocky Helmet|[of] p1a: Amoonguss\n|cant|p2b: Cresselia|slp\n|move|p1b: Iron Hands|Drain Punch|p2a: Iron Hands\n|-damage|p2a: Iron Hands|57\/100\n|-heal|p1b: Iron Hands|15\/100|[from] drain|[of] p2a: Iron Hands\n|cant|p1a: Amoonguss|flinch\n|\n|upkeep\n|turn|5\n|inactive|ihlay j has 30 seconds left.\n|inactive|ihlay j has 20 seconds left.\n|inactive|ihlay j has 15 seconds left.\n|inactive|ihlay j has 10 seconds left.\n|\n|t:|1699918365\n|-end|p1b: Iron Hands|Quark Drive|[silent]\n|switch|p1b: Landorus|Landorus-Therian, L50, M|100\/100\n|-ability|p1b: Landorus|Intimidate|boost\n|-unboost|p2a: Iron Hands|atk|1\n|-unboost|p2b: Cresselia|atk|1\n|cant|p2b: Cresselia|slp\n|move|p2a: Iron Hands|Heavy Slam|p1b: Landorus\n|-damage|p1b: Landorus|67\/100\n|move|p1a: Amoonguss|Spore|p2a: Iron Hands\n|-status|p2a: Iron Hands|slp|[from] move: Spore\n|\n|upkeep\n|turn|6\n|inactive|ihlay j has 30 seconds left.\n|inactive|M1guelEsh has 30 seconds left.\n|inactive|ihlay j has 20 seconds left.\n|\n|t:|1699918404\n|move|p1b: Landorus|Stomping Tantrum|p2a: Iron Hands\n|-supereffective|p2a: Iron Hands\n|-damage|p2a: Iron Hands|0 fnt\n|faint|p2a: Iron Hands\n|-end|p2a: Iron Hands|Quark Drive|[silent]\n|-curestatus|p2b: Cresselia|slp|[msg]\n|move|p2b: Cresselia|Ice Beam|p1b: Landorus\n|-supereffective|p1b: Landorus\n|-damage|p1b: Landorus|0 fnt\n|faint|p1b: Landorus\n|move|p1a: Amoonguss|Spore|p2b: Cresselia\n|-status|p2b: Cresselia|slp|[from] move: Spore\n|\n|upkeep\n|\n|t:|1699918417\n|switch|p1b: Roaring Moon|Roaring Moon, L50|100\/100\n|switch|p2a: Heatran|Heatran, L50, M|100\/100\n|-enditem|p1b: Roaring Moon|Booster Energy\n|-activate|p1b: Roaring Moon|ability: Protosynthesis|[fromitem]\n|-start|p1b: Roaring Moon|protosynthesisatk\n|turn|7\n|inactive|ihlay j has 30 seconds left.\n|\n|t:|1699918447\n|-terastallize|p1a: Amoonguss|Water\n|move|p1b: Roaring Moon|Dragon Dance|p1b: Roaring Moon\n|-boost|p1b: Roaring Moon|atk|1\n|-boost|p1b: Roaring Moon|spe|1\n|move|p2a: Heatran|Flamethrower|p1a: Amoonguss\n|-resisted|p1a: Amoonguss\n|-damage|p1a: Amoonguss|67\/100\n|move|p1a: Amoonguss|Spore|p2a: Heatran\n|-status|p2a: Heatran|slp|[from] move: Spore\n|cant|p2b: Cresselia|slp\n|\n|upkeep\n|turn|8\n|inactive|ihlay j has 30 seconds left.\n|\n|t:|1699918478\n|move|p1b: Roaring Moon|Knock Off|p2b: Cresselia\n|-supereffective|p2b: Cresselia\n|-damage|p2b: Cresselia|0 fnt\n|-enditem|p2b: Cresselia|Figy Berry|[from] move: Knock Off|[of] p1b: Roaring Moon\n|faint|p2b: Cresselia\n|cant|p2a: Heatran|slp\n|move|p1a: Amoonguss|Spore|p2a: Heatran\n|-fail|p2a: Heatran|slp\n|\n|upkeep\n|turn|9\n|\n|t:|1699918491\n|move|p1a: Amoonguss|Rage Powder|p1a: Amoonguss\n|-singleturn|p1a: Amoonguss|move: Rage Powder\n|move|p1b: Roaring Moon|Knock Off|p2a: Heatran\n|-damage|p2a: Heatran|14\/100 slp\n|-enditem|p2a: Heatran|Leftovers|[from] move: Knock Off|[of] p1b: Roaring Moon\n|cant|p2a: Heatran|slp\n|\n|upkeep\n|turn|10\n|c|\u2606M1guelEsh|gg wp\n|-message|ihlay j forfeited.\n|\n|win|M1guelEsh\n|raw|M1guelEsh's rating: 1369 &rarr; <strong>1384<\/strong><br \/>(+15 for winning)\n|raw|ihlay j's rating: 1272 &rarr; <strong>1254<\/strong><br \/>(-18 for losing)\n|l|\u2606ihlay j\n","uploadtime":1699918506,"views":17,"p1id":"m1guelesh","p2id":"ihlayj","formatid":"gen9vgc2023regulatione","rating":1254,"private":0,"password":""}