{"id":"gen9vgc2023regulatione-2000284246","p1":"ancapra","p2":"david98dg","format":"[Gen 9] VGC 2023 Regulation E","log":"|j|\u2606ancapra\n|j|\u2606david98dg\n|t:|1701181232\n|gametype|doubles\n|player|p1|ancapra|lance|1143\n|player|p2|david98dg|266|1238\n|teamsize|p1|6\n|teamsize|p2|6\n|gen|9\n|tier|[Gen 9] VGC 2023 Regulation E\n|rated|\n|rule|Species Clause: Limit one of each Pok\u00e9mon\n|rule|Item Clause: Limit one of each item\n|clearpoke\n|poke|p1|Roaring Moon, L50|\n|poke|p1|Regieleki, L50|\n|poke|p1|Grimmsnarl, L50, M|\n|poke|p1|Landorus-Therian, L50, M|\n|poke|p1|Rillaboom, L50, M|\n|poke|p1|Urshifu-*, L50, M|\n|poke|p2|Zapdos-Galar, L50|\n|poke|p2|Dragonite, L50, F|\n|poke|p2|Chien-Pao, L50|\n|poke|p2|Rillaboom, L50, M|\n|poke|p2|Dondozo, L50, F|\n|poke|p2|Heatran, L50, F|\n|teampreview|4\n|inactive|Battle timer is ON: inactive players will automatically lose when time's up. (requested by ancapra)\n|inactive|david98dg has 60 seconds left.\n|\n|t:|1701181290\n|start\n|switch|p1a: Grimmsnarl|Grimmsnarl, L50, M, shiny|100\/100\n|switch|p1b: Regieleki|Regieleki, L50, shiny|100\/100\n|switch|p2a: Dragonite|Dragonite, L50, F|100\/100\n|switch|p2b: Chien-Pao|Chien-Pao, L50|100\/100\n|-ability|p2b: Chien-Pao|Sword of Ruin\n|turn|1\n|inactive|ancapra has 30 seconds left.\n|inactive|david98dg has 30 seconds left.\n|inactive|david98dg has 20 seconds left.\n|inactive|david98dg has 15 seconds left.\n|inactive|david98dg has 10 seconds left.\n|inactive|david98dg has 5 seconds left.\n|\n|t:|1701181342\n|-terastallize|p2a: Dragonite|Normal\n|move|p1b: Regieleki|Protect|p1b: Regieleki\n|-singleturn|p1b: Regieleki|Protect\n|move|p2a: Dragonite|Extreme Speed|p1b: Regieleki\n|-activate|p1b: Regieleki|move: Protect\n|move|p2b: Chien-Pao|Sucker Punch||[still]\n|-fail|p2b: Chien-Pao\n|move|p1a: Grimmsnarl|Spirit Break|p2b: Chien-Pao\n|-supereffective|p2b: Chien-Pao\n|-damage|p2b: Chien-Pao|11\/100\n|-unboost|p2b: Chien-Pao|spa|1\n|\n|upkeep\n|turn|2\n|\n|t:|1701181359\n|switch|p1b: Urshifu|Urshifu-Rapid-Strike, L50, M|100\/100\n|move|p2a: Dragonite|Extreme Speed|p1b: Urshifu\n|-damage|p1b: Urshifu|11\/100\n|move|p2b: Chien-Pao|Sucker Punch||[still]\n|-fail|p2b: Chien-Pao\n|move|p1a: Grimmsnarl|Reflect|p1a: Grimmsnarl\n|-sidestart|p1: ancapra|Reflect\n|\n|upkeep\n|turn|3\n|\n|t:|1701181384\n|move|p2b: Chien-Pao|Protect|p2b: Chien-Pao\n|-singleturn|p2b: Chien-Pao|Protect\n|move|p1b: Urshifu|Detect|p1b: Urshifu\n|-singleturn|p1b: Urshifu|Protect\n|move|p2a: Dragonite|Extreme Speed|p1b: Urshifu\n|-activate|p1b: Urshifu|move: Protect\n|move|p1a: Grimmsnarl|Spirit Break|p2b: Chien-Pao\n|-activate|p2b: Chien-Pao|move: Protect\n|\n|upkeep\n|turn|4\n|\n|t:|1701181407\n|move|p2a: Dragonite|Extreme Speed|p1b: Urshifu\n|-damage|p1b: Urshifu|0 fnt\n|faint|p1b: Urshifu\n|move|p2b: Chien-Pao|Sucker Punch|p1a: Grimmsnarl\n|-resisted|p1a: Grimmsnarl\n|-damage|p1a: Grimmsnarl|93\/100\n|move|p1a: Grimmsnarl|Spirit Break|p2b: Chien-Pao\n|-supereffective|p2b: Chien-Pao\n|-damage|p2b: Chien-Pao|0 fnt\n|faint|p2b: Chien-Pao\n|\n|upkeep\n|\n|t:|1701181425\n|switch|p2b: Rillaboom|Rillaboom, L50, M|100\/100\n|switch|p1b: Roaring Moon|Roaring Moon, L50|100\/100\n|-fieldstart|move: Grassy Terrain|[from] ability: Grassy Surge|[of] p2b: Rillaboom\n|-enditem|p1b: Roaring Moon|Booster Energy\n|-activate|p1b: Roaring Moon|ability: Protosynthesis|[fromitem]\n|-start|p1b: Roaring Moon|protosynthesisatk\n|turn|5\n|inactive|david98dg has 30 seconds left.\n|\n|t:|1701181455\n|move|p1b: Roaring Moon|Protect|p1b: Roaring Moon\n|-singleturn|p1b: Roaring Moon|Protect\n|move|p2b: Rillaboom|Fake Out|p1b: Roaring Moon\n|-activate|p1b: Roaring Moon|move: Protect\n|move|p2a: Dragonite|Extreme Speed|p1a: Grimmsnarl\n|-damage|p1a: Grimmsnarl|50\/100\n|move|p1a: Grimmsnarl|Spirit Break|p2a: Dragonite\n|-damage|p2a: Dragonite|69\/100\n|-unboost|p2a: Dragonite|spa|1\n|\n|-heal|p2a: Dragonite|75\/100|[from] Grassy Terrain\n|-heal|p1a: Grimmsnarl|55\/100|[from] Grassy Terrain\n|upkeep\n|turn|6\n|inactive|david98dg has 30 seconds left.\n|\n|t:|1701181488\n|switch|p1a: Regieleki|Regieleki, L50, shiny|100\/100\n|move|p2a: Dragonite|Extreme Speed|p1b: Roaring Moon\n|-damage|p1b: Roaring Moon|34\/100\n|move|p1b: Roaring Moon|Acrobatics|p2b: Rillaboom\n|-supereffective|p2b: Rillaboom\n|-damage|p2b: Rillaboom|4\/100\n|move|p2b: Rillaboom|Wood Hammer|p1a: Regieleki\n|-damage|p1a: Regieleki|0 fnt\n|faint|p1a: Regieleki\n|-damage|p2b: Rillaboom|0 fnt|[from] Recoil\n|faint|p2b: Rillaboom\n|\n|-heal|p1b: Roaring Moon|40\/100|[from] Grassy Terrain\n|-heal|p2a: Dragonite|81\/100|[from] Grassy Terrain\n|upkeep\n|\n|t:|1701181504\n|switch|p1a: Grimmsnarl|Grimmsnarl, L50, M, shiny|55\/100\n|switch|p2b: Zapdos|Zapdos-Galar, L50|100\/100\n|turn|7\n|inactive|david98dg has 30 seconds left.\n|\n|t:|1701181534\n|move|p1b: Roaring Moon|Protect|p1b: Roaring Moon\n|-singleturn|p1b: Roaring Moon|Protect\n|move|p1a: Grimmsnarl|Fake Out|p2b: Zapdos\n|-damage|p2b: Zapdos|88\/100\n|move|p2a: Dragonite|Extreme Speed|p1b: Roaring Moon\n|-activate|p1b: Roaring Moon|move: Protect\n|cant|p2b: Zapdos|flinch\n|\n|-heal|p1b: Roaring Moon|46\/100|[from] Grassy Terrain\n|-heal|p2a: Dragonite|87\/100|[from] Grassy Terrain\n|-heal|p1a: Grimmsnarl|61\/100|[from] Grassy Terrain\n|upkeep\n|turn|8\n|inactive|ancapra has 30 seconds left.\n|inactive|david98dg has 30 seconds left.\n|\n|t:|1701181564\n|move|p1b: Roaring Moon|Protect|p1b: Roaring Moon\n|-singleturn|p1b: Roaring Moon|Protect\n|move|p2a: Dragonite|Extreme Speed|p1b: Roaring Moon\n|-activate|p1b: Roaring Moon|move: Protect\n|move|p2b: Zapdos|Close Combat|p1a: Grimmsnarl\n|-damage|p1a: Grimmsnarl|20\/100\n|-unboost|p2b: Zapdos|def|1\n|-unboost|p2b: Zapdos|spd|1\n|move|p1a: Grimmsnarl|Spirit Break|p2a: Dragonite\n|-damage|p2a: Dragonite|59\/100\n|-unboost|p2a: Dragonite|spa|1\n|\n|-heal|p1b: Roaring Moon|52\/100|[from] Grassy Terrain\n|-heal|p2a: Dragonite|65\/100|[from] Grassy Terrain\n|-heal|p1a: Grimmsnarl|26\/100|[from] Grassy Terrain\n|upkeep\n|turn|9\n|inactive|ancapra has 30 seconds left.\n|inactive|david98dg has 30 seconds left.\n|\n|t:|1701181593\n|-terastallize|p1b: Roaring Moon|Flying\n|move|p2b: Zapdos|Close Combat|p1a: Grimmsnarl\n|-damage|p1a: Grimmsnarl|0 fnt\n|-unboost|p2b: Zapdos|def|1\n|-unboost|p2b: Zapdos|spd|1\n|faint|p1a: Grimmsnarl\n|move|p1b: Roaring Moon|Acrobatics|p2a: Dragonite\n|-damage|p2a: Dragonite|0 fnt\n|faint|p2a: Dragonite\n|\n|-sideend|p1: ancapra|Reflect\n|-fieldend|move: Grassy Terrain\n|upkeep\n|turn|10\n|\n|t:|1701181608\n|move|p2b: Zapdos|Close Combat|p1b: Roaring Moon\n|-resisted|p1b: Roaring Moon\n|-damage|p1b: Roaring Moon|8\/100\n|-unboost|p2b: Zapdos|def|1\n|-unboost|p2b: Zapdos|spd|1\n|move|p1b: Roaring Moon|Acrobatics|p2b: Zapdos\n|-supereffective|p2b: Zapdos\n|-damage|p2b: Zapdos|0 fnt\n|faint|p2b: Zapdos\n|\n|win|ancapra\n|raw|ancapra's rating: 1143 &rarr; <strong>1175<\/strong><br \/>(+32 for winning)\n|raw|david98dg's rating: 1238 &rarr; <strong>1206<\/strong><br \/>(-32 for losing)\n|l|\u2606david98dg\n","uploadtime":1701181623,"views":1,"p1id":"ancapra","p2id":"david98dg","formatid":"gen9vgc2023regulatione","rating":1175,"private":0,"password":""}