{"id":"gen9vgc2023regulatione-1995660497","p1":"S~dragon335","p2":"Tipoboh","format":"[Gen 9] VGC 2023 Regulation E","log":"|j|\u2606S~dragon335\n|j|\u2606Tipoboh\n|t:|1700591670\n|gametype|doubles\n|player|p1|S~dragon335|pokemaniac|1257\n|player|p2|Tipoboh|steven|1250\n|teamsize|p1|6\n|teamsize|p2|6\n|gen|9\n|tier|[Gen 9] VGC 2023 Regulation E\n|rated|\n|rule|Species Clause: Limit one of each Pok\u00e9mon\n|rule|Item Clause: Limit one of each item\n|clearpoke\n|poke|p1|Hydreigon, L50, M|\n|poke|p1|Landorus-Therian, L50, M|\n|poke|p1|Spectrier, L50|\n|poke|p1|Grimmsnarl, L50, M|\n|poke|p1|Ogerpon-Wellspring, L50, F|\n|poke|p1|Heatran, L50, F|\n|poke|p2|Enamorus, L50, F|\n|poke|p2|Urshifu-*, L50, M|\n|poke|p2|Flutter Mane, L50|\n|poke|p2|Tornadus, L50, M|\n|poke|p2|Kingambit, L50, F|\n|poke|p2|Maushold-Four, L50|\n|teampreview|4\n|inactive|Battle timer is ON: inactive players will automatically lose when time's up. (requested by S~dragon335)\n|inactive|S~dragon335 has 60 seconds left.\n|inactive|Tipoboh has 60 seconds left.\nTipoboh rejected open team sheets.\n|\n|t:|1700591731\n|start\n|switch|p1a: Grimmsnarl|Grimmsnarl, L50, M|100\/100\n|switch|p1b: Ogerpon|Ogerpon-Wellspring, L50, F|100\/100\n|switch|p2a: Enamorus|Enamorus, L50, F|100\/100\n|switch|p2b: Urshifu|Urshifu-Rapid-Strike, L50, M|100\/100\n|turn|1\n|\n|t:|1700591757\n|move|p2b: Urshifu|Protect|p2b: Urshifu\n|-singleturn|p2b: Urshifu|Protect\n|move|p1a: Grimmsnarl|Light Screen|p1a: Grimmsnarl\n|-sidestart|p1: S~dragon335|move: Light Screen\n|move|p1b: Ogerpon|Horn Leech|p2b: Urshifu\n|-activate|p2b: Urshifu|move: Protect\n|move|p2a: Enamorus|Superpower|p1a: Grimmsnarl\n|-damage|p1a: Grimmsnarl|50\/100\n|-boost|p2a: Enamorus|atk|1\n|-boost|p2a: Enamorus|def|1\n|\n|upkeep\n|turn|2\n|\n|t:|1700591781\n|switch|p2b: Maushold|Maushold-Four, L50|100\/100\n|move|p1a: Grimmsnarl|Thunder Wave|p2a: Enamorus\n|-status|p2a: Enamorus|par\n|move|p1b: Ogerpon|Horn Leech|p2b: Maushold\n|-damage|p2b: Maushold|50\/100\n|move|p2a: Enamorus|Superpower|p1a: Grimmsnarl\n|-damage|p1a: Grimmsnarl|0 fnt\n|-boost|p2a: Enamorus|atk|1\n|-boost|p2a: Enamorus|def|1\n|faint|p1a: Grimmsnarl\n|\n|upkeep\n|\n|t:|1700591795\n|switch|p1a: Heatran|Heatran, L50, F|100\/100\n|turn|3\n|\n|t:|1700591802\n|-terastallize|p2a: Enamorus|Fighting\n|move|p1b: Ogerpon|Ivy Cudgel|p2b: Maushold|[anim] Ivy Cudgel Water\n|-damage|p2b: Maushold|0 fnt\n|faint|p2b: Maushold\n|move|p1a: Heatran|Flash Cannon|p2a: Enamorus\n|-damage|p2a: Enamorus|38\/100 par\n|-boost|p2a: Enamorus|spd|1\n|move|p2a: Enamorus|Superpower|p1a: Heatran\n|-supereffective|p1a: Heatran\n|-damage|p1a: Heatran|0 fnt\n|-boost|p2a: Enamorus|atk|1\n|-boost|p2a: Enamorus|def|1\n|faint|p1a: Heatran\n|\n|upkeep\n|\n|t:|1700591819\n|switch|p2b: Flutter Mane|Flutter Mane, L50|100\/100\n|switch|p1a: Hydreigon|Hydreigon, L50, M|100\/100\n|turn|4\n|\n|t:|1700591827\n|-terastallize|p1a: Hydreigon|Fire\n|move|p2b: Flutter Mane|Dazzling Gleam|p1b: Ogerpon|[spread] p1a,p1b\n|-resisted|p1a: Hydreigon\n|-damage|p1a: Hydreigon|89\/100\n|-damage|p1b: Ogerpon|77\/100\n|move|p1b: Ogerpon|Ivy Cudgel|p2b: Flutter Mane|[anim] Ivy Cudgel Water\n|-enditem|p2b: Flutter Mane|Focus Sash\n|-damage|p2b: Flutter Mane|1\/100\n|move|p1a: Hydreigon|Heat Wave|p2a: Enamorus|[spread] p2a,p2b\n|-damage|p2a: Enamorus|0 fnt\n|-damage|p2b: Flutter Mane|0 fnt\n|faint|p2a: Enamorus\n|faint|p2b: Flutter Mane\n|-end|p2b: Flutter Mane|Protosynthesis|[silent]\n|-damage|p1a: Hydreigon|79\/100|[from] item: Life Orb\n|\n|upkeep\n|\n|t:|1700591840\n|switch|p2b: Urshifu|Urshifu-Rapid-Strike, L50, M|100\/100\n|turn|5\n|\n|t:|1700591846\n|move|p1b: Ogerpon|Horn Leech|p2b: Urshifu\n|-supereffective|p2b: Urshifu\n|-damage|p2b: Urshifu|14\/100\n|-heal|p1b: Ogerpon|100\/100|[from] drain|[of] p2b: Urshifu\n|move|p2b: Urshifu|Close Combat|p1b: Ogerpon\n|-damage|p1b: Ogerpon|0 fnt\n|-unboost|p2b: Urshifu|def|1\n|-unboost|p2b: Urshifu|spd|1\n|faint|p1b: Ogerpon\n|-damage|p2b: Urshifu|4\/100|[from] item: Life Orb\n|move|p1a: Hydreigon|Dragon Pulse|p2b: Urshifu\n|-damage|p2b: Urshifu|0 fnt\n|faint|p2b: Urshifu\n|-damage|p1a: Hydreigon|70\/100|[from] item: Life Orb\n|\n|win|S~dragon335\n|raw|S~dragon335's rating: 1257 &rarr; <strong>1281<\/strong><br \/>(+24 for winning)\n|raw|Tipoboh's rating: 1250 &rarr; <strong>1226<\/strong><br \/>(-24 for losing)\n|l|\u2606Tipoboh\n","uploadtime":1700591864,"views":1,"p1id":"sdragon335","p2id":"tipoboh","formatid":"gen9vgc2023regulatione","rating":1226,"private":0,"password":""}