{"id":"gen9vgc2023regulatione-1995352700","p1":"Praye","p2":"Politoed gamer","format":"[Gen 9] VGC 2023 Regulation E","log":"|j|\u2606Praye\n|j|\u2606Politoed gamer\n|t:|1700558540\n|gametype|doubles\n|player|p1|Praye|265|1120\n|player|p2|Politoed gamer|265|1141\n|teamsize|p1|6\n|teamsize|p2|6\n|gen|9\n|tier|[Gen 9] VGC 2023 Regulation E\n|rated|\n|rule|Species Clause: Limit one of each Pok\u00e9mon\n|rule|Item Clause: Limit one of each item\n|clearpoke\n|poke|p1|Sableye, L50, F|\n|poke|p1|Espathra, L50, F|\n|poke|p1|Iron Hands, L50|\n|poke|p1|Urshifu-*, L50, M|\n|poke|p1|Scizor, L50, M|\n|poke|p1|Grimmsnarl, L50, M|\n|poke|p2|Tyranitar, L50, F|\n|poke|p2|Lycanroc, L50, M|\n|poke|p2|Garchomp, L50, M|\n|poke|p2|Ogerpon-Wellspring, L50, F|\n|poke|p2|Rotom-Heat, L50|\n|poke|p2|Milotic, L50, M|\n|teampreview|4\n|inactive|Battle timer is ON: inactive players will automatically lose when time's up. (requested by Praye)\n|inactive|Politoed gamer has 60 seconds left.\n|inactive|Politoed gamer has 30 seconds left.\n|\n|t:|1700558629\n|start\n|switch|p1a: Grimmsnarl|Grimmsnarl, L50, M|100\/100\n|switch|p1b: Scizor|Scizor, L50, M|100\/100\n|switch|p2a: Ogerpon|Ogerpon-Wellspring, L50, F|100\/100\n|switch|p2b: Rotom|Rotom-Heat, L50|100\/100\n|turn|1\n|inactive|Praye has 30 seconds left.\n|inactive|Politoed gamer has 30 seconds left.\n|\n|t:|1700558662\n|-terastallize|p1b: Scizor|Fire\n|move|p2a: Ogerpon|Spiky Shield|p2a: Ogerpon\n|-singleturn|p2a: Ogerpon|move: Protect\n|move|p1a: Grimmsnarl|Thunder Wave|p2a: Ogerpon\n|-activate|p2a: Ogerpon|move: Protect\n|move|p2b: Rotom|Will-O-Wisp|p1b: Scizor\n|-immune|p1b: Scizor\n|move|p1b: Scizor|Bug Bite|p2a: Ogerpon\n|-activate|p2a: Ogerpon|move: Protect\n|-damage|p1b: Scizor|88\/100|[from] Spiky Shield|[of] p2a: Ogerpon\n|\n|upkeep\n|turn|2\n|inactive|Praye has 30 seconds left.\n|inactive|Politoed gamer has 30 seconds left.\n|inactive|Praye has 20 seconds left.\n|\n|t:|1700558700\n|-terastallize|p2a: Ogerpon|Water\n|detailschange|p2a: Ogerpon|Ogerpon-Wellspring-Tera, L50, F, tera:Water\n|-ability|p2a: Ogerpon|Embody Aspect (Wellspring)|boost\n|-boost|p2a: Ogerpon|spd|1\n|move|p1a: Grimmsnarl|Reflect|p1a: Grimmsnarl\n|-sidestart|p1: Praye|Reflect\n|move|p2b: Rotom|Overheat|p1a: Grimmsnarl\n|-damage|p1a: Grimmsnarl|53\/100\n|-unboost|p2b: Rotom|spa|2\n|move|p2a: Ogerpon|Ivy Cudgel|p1b: Scizor|[anim] Ivy Cudgel Water\n|-supereffective|p1b: Scizor\n|-damage|p1b: Scizor|0 fnt\n|faint|p1b: Scizor\n|\n|upkeep\n|\n|t:|1700558715\n|switch|p1b: Espathra|Espathra, L50, F|100\/100\n|turn|3\n|\n|t:|1700558736\n|move|p1b: Espathra|Protect|p1b: Espathra\n|-singleturn|p1b: Espathra|Protect\n|move|p1a: Grimmsnarl|Thunder Wave|p2a: Ogerpon\n|-status|p2a: Ogerpon|par\n|move|p2b: Rotom|Volt Switch|p1a: Grimmsnarl\n|-damage|p1a: Grimmsnarl|40\/100\n|\n|t:|1700558749\n|switch|p2b: Garchomp|Garchomp, L50, M|100\/100|[from] Volt Switch\n|move|p2a: Ogerpon|Ivy Cudgel|p1a: Grimmsnarl|[anim] Ivy Cudgel Water\n|-crit|p1a: Grimmsnarl\n|-damage|p1a: Grimmsnarl|0 fnt\n|faint|p1a: Grimmsnarl\n|\n|-ability|p1b: Espathra|Speed Boost|boost\n|-boost|p1b: Espathra|spe|1\n|upkeep\n|\n|t:|1700558753\n|switch|p1a: Urshifu|Urshifu-Rapid-Strike, L50, M|100\/100\n|turn|4\n|\n|t:|1700558776\n|move|p2a: Ogerpon|Follow Me|p2a: Ogerpon\n|-singleturn|p2a: Ogerpon|move: Follow Me\n|move|p1b: Espathra|Stored Power|p2a: Ogerpon\n|-damage|p2a: Ogerpon|91\/100 par\n|move|p2b: Garchomp|Rock Slide|p1a: Urshifu|[spread] p1a,p1b\n|-resisted|p1a: Urshifu\n|-damage|p1a: Urshifu|94\/100\n|-damage|p1b: Espathra|79\/100\n|move|p1a: Urshifu|Surging Strikes|p2a: Ogerpon\n|-resisted|p2a: Ogerpon\n|-crit|p2a: Ogerpon\n|-damage|p2a: Ogerpon|81\/100 par\n|-resisted|p2a: Ogerpon\n|-crit|p2a: Ogerpon\n|-damage|p2a: Ogerpon|71\/100 par\n|-resisted|p2a: Ogerpon\n|-crit|p2a: Ogerpon\n|-damage|p2a: Ogerpon|62\/100 par\n|-hitcount|p2a: Ogerpon|3\n|\n|-heal|p1b: Espathra|85\/100|[from] item: Leftovers\n|-ability|p1b: Espathra|Speed Boost|boost\n|-boost|p1b: Espathra|spe|1\n|upkeep\n|turn|5\n|\n|t:|1700558793\n|switch|p2b: Milotic|Milotic, L50, M|100\/100\n|move|p1b: Espathra|Stored Power|p2a: Ogerpon\n|-damage|p2a: Ogerpon|46\/100 par\n|move|p1a: Urshifu|Surging Strikes|p2b: Milotic\n|-resisted|p2b: Milotic\n|-crit|p2b: Milotic\n|-damage|p2b: Milotic|89\/100\n|-resisted|p2b: Milotic\n|-crit|p2b: Milotic\n|-damage|p2b: Milotic|77\/100\n|-resisted|p2b: Milotic\n|-crit|p2b: Milotic\n|-damage|p2b: Milotic|65\/100\n|-hitcount|p2b: Milotic|3\n|move|p2a: Ogerpon|Horn Leech|p1a: Urshifu\n|-supereffective|p1a: Urshifu\n|-damage|p1a: Urshifu|41\/100\n|-heal|p2a: Ogerpon|71\/100 par|[from] drain|[of] p1a: Urshifu\n|\n|-heal|p1b: Espathra|91\/100|[from] item: Leftovers\n|-ability|p1b: Espathra|Speed Boost|boost\n|-boost|p1b: Espathra|spe|1\n|upkeep\n|turn|6\n|inactive|Politoed gamer has 30 seconds left.\n|inactive|Politoed gamer has 20 seconds left.\n|\n|t:|1700558830\n|cant|p2a: Ogerpon|par\n|move|p1b: Espathra|Stored Power|p2b: Milotic\n|-damage|p2b: Milotic|40\/100\n|move|p1a: Urshifu|Surging Strikes|p2b: Milotic\n|-resisted|p2b: Milotic\n|-crit|p2b: Milotic\n|-damage|p2b: Milotic|28\/100\n|-resisted|p2b: Milotic\n|-crit|p2b: Milotic\n|-damage|p2b: Milotic|17\/100\n|-resisted|p2b: Milotic\n|-crit|p2b: Milotic\n|-damage|p2b: Milotic|5\/100\n|-hitcount|p2b: Milotic|3\n|move|p2b: Milotic|Haze|p2b: Milotic\n|-clearallboost\n|\n|-heal|p1b: Espathra|96\/100|[from] item: Leftovers\n|-ability|p1b: Espathra|Speed Boost|boost\n|-boost|p1b: Espathra|spe|1\n|upkeep\n|turn|7\n|\n|t:|1700558851\n|move|p1b: Espathra|Protect|p1b: Espathra\n|-singleturn|p1b: Espathra|Protect\n|move|p1a: Urshifu|Surging Strikes|p2b: Milotic\n|-resisted|p2b: Milotic\n|-crit|p2b: Milotic\n|-damage|p2b: Milotic|0 fnt\n|faint|p2b: Milotic\n|-hitcount|p2: Milotic|1\n|move|p2a: Ogerpon|Ivy Cudgel|p1b: Espathra|[anim] Ivy Cudgel Water\n|-activate|p1b: Espathra|move: Protect\n|\n|-heal|p1b: Espathra|100\/100|[from] item: Leftovers\n|-ability|p1b: Espathra|Speed Boost|boost\n|-boost|p1b: Espathra|spe|1\n|upkeep\n|\n|t:|1700558865\n|switch|p2b: Rotom|Rotom-Heat, L50|100\/100\n|turn|8\n|\n|t:|1700558875\n|move|p2a: Ogerpon|Follow Me|p2a: Ogerpon\n|-singleturn|p2a: Ogerpon|move: Follow Me\n|move|p1b: Espathra|Hypnosis||[still]\n|-fail|p1b: Espathra\n|move|p1a: Urshifu|Surging Strikes|p2a: Ogerpon\n|-resisted|p2a: Ogerpon\n|-crit|p2a: Ogerpon\n|-damage|p2a: Ogerpon|61\/100 par\n|-resisted|p2a: Ogerpon\n|-crit|p2a: Ogerpon\n|-damage|p2a: Ogerpon|51\/100 par\n|-resisted|p2a: Ogerpon\n|-crit|p2a: Ogerpon\n|-damage|p2a: Ogerpon|42\/100 par\n|-hitcount|p2a: Ogerpon|3\n|move|p2b: Rotom|Discharge|p1a: Urshifu|[spread] p2a,p1a,p1b\n|-supereffective|p2a: Ogerpon\n|-crit|p2a: Ogerpon\n|-supereffective|p1a: Urshifu\n|-damage|p2a: Ogerpon|0 fnt\n|-damage|p1a: Urshifu|0 fnt\n|-damage|p1b: Espathra|61\/100\n|faint|p2a: Ogerpon\n|faint|p1a: Urshifu\n|\n|-heal|p1b: Espathra|67\/100|[from] item: Leftovers\n|-ability|p1b: Espathra|Speed Boost|boost\n|-boost|p1b: Espathra|spe|1\n|upkeep\n|\n|t:|1700558883\n|switch|p2a: Garchomp|Garchomp, L50, M|100\/100\n|turn|9\n|\n|t:|1700558892\n|move|p1b: Espathra|Protect|p1b: Espathra\n|-singleturn|p1b: Espathra|Protect\n|move|p2a: Garchomp|Earthquake|p1b: Espathra|[spread] \n|-activate|p1b: Espathra|move: Protect\n|-immune|p2b: Rotom|[from] ability: Levitate\n|move|p2b: Rotom|Discharge|p1b: Espathra|[spread] \n|-activate|p1b: Espathra|move: Protect\n|-immune|p2a: Garchomp\n|\n|-heal|p1b: Espathra|73\/100|[from] item: Leftovers\n|-sideend|p1: Praye|Reflect\n|-ability|p1b: Espathra|Speed Boost|boost\n|-boost|p1b: Espathra|spe|1\n|upkeep\n|turn|10\n|\n|t:|1700558904\n|move|p1b: Espathra|Stored Power|p2a: Garchomp\n|-damage|p2a: Garchomp|50\/100\n|move|p2a: Garchomp|Earthquake|p1b: Espathra|[spread] p1b\n|-immune|p2b: Rotom|[from] ability: Levitate\n|-damage|p1b: Espathra|13\/100\n|move|p2b: Rotom|Overheat|p1b: Espathra\n|-damage|p1b: Espathra|0 fnt\n|-unboost|p2b: Rotom|spa|2\n|faint|p1b: Espathra\n|\n|win|Politoed gamer\n|raw|Praye's rating: 1120 &rarr; <strong>1097<\/strong><br \/>(-23 for losing)\n|raw|Politoed gamer's rating: 1141 &rarr; <strong>1164<\/strong><br \/>(+23 for winning)\n|l|\u2606Praye\n","uploadtime":1700558917,"views":0,"p1id":"praye","p2id":"politoedgamer","formatid":"gen9vgc2023regulatione","rating":1097,"private":0,"password":""}