{"id":"gen9vgc2023regulatione-1992959960","p1":"Pr1ncip3","p2":"MythicalDarkrai","format":"[Gen 9] VGC 2023 Regulation E","log":"|j|\u2606Pr1ncip3\n|j|\u2606MythicalDarkrai\n|t:|1700250453\n|gametype|doubles\n|player|p1|Pr1ncip3|266|1183\n|player|p2|MythicalDarkrai|102|1082\n|teamsize|p1|6\n|teamsize|p2|6\n|gen|9\n|tier|[Gen 9] VGC 2023 Regulation E\n|rated|\n|rule|Species Clause: Limit one of each Pok\u00e9mon\n|rule|Item Clause: Limit one of each item\n|clearpoke\n|poke|p1|Heatran, L50, F|\n|poke|p1|Ninetales-Alola, L50, M|\n|poke|p1|Sinistcha, L50|\n|poke|p1|Gyarados, L50, M|\n|poke|p1|Ursaluna-Bloodmoon, L50, M|\n|poke|p1|Iron Hands, L50|\n|poke|p2|Spectrier, L50|\n|poke|p2|Rillaboom, L50, F|\n|poke|p2|Urshifu-*, L50, F|\n|poke|p2|Iron Bundle, L50|\n|poke|p2|Murkrow, L50, M|\n|poke|p2|Heatran, L50, F|\n|teampreview|4\n|\n|t:|1700250530\n|start\n|switch|p1a: Ninetales|Ninetales-Alola, L50, M|100\/100\n|switch|p1b: Sinistcha|Sinistcha, L50|100\/100\n|switch|p2a: Urshifu|Urshifu-Rapid-Strike, L50, F|100\/100\n|switch|p2b: Heatran|Heatran, L50, F|100\/100\n|-weather|Snow|[from] ability: Snow Warning|[of] p1a: Ninetales\n|turn|1\n|\n|t:|1700250623\n|move|p1a: Ninetales|Aurora Veil|p1a: Ninetales\n|-sidestart|p1: Pr1ncip3|move: Aurora Veil\n|move|p2a: Urshifu|Close Combat|p1a: Ninetales\n|-damage|p1a: Ninetales|65\/100\n|-unboost|p2a: Urshifu|def|1\n|-unboost|p2a: Urshifu|spd|1\n|move|p2b: Heatran|Heat Wave|p1b: Sinistcha|[spread] p1a,p1b\n|-supereffective|p1a: Ninetales\n|-supereffective|p1b: Sinistcha\n|-damage|p1a: Ninetales|3\/100\n|-damage|p1b: Sinistcha|39\/100\n|-enditem|p1b: Sinistcha|Sitrus Berry|[eat]\n|-heal|p1b: Sinistcha|64\/100|[from] item: Sitrus Berry\n|move|p1b: Sinistcha|Matcha Gotcha|p2a: Urshifu|[spread] p2a,p2b\n|-supereffective|p2a: Urshifu\n|-resisted|p2b: Heatran\n|-damage|p2a: Urshifu|0 fnt\n|-heal|p1b: Sinistcha|100\/100|[from] drain|[of] p2a: Urshifu\n|-damage|p2b: Heatran|95\/100\n|faint|p2a: Urshifu\n|\n|-weather|Snow|[upkeep]\n|-heal|p2b: Heatran|100\/100|[from] item: Leftovers\n|upkeep\n|\n|t:|1700250634\n|switch|p2a: Iron Bundle|Iron Bundle, L50|100\/100\n|-enditem|p2a: Iron Bundle|Booster Energy\n|-activate|p2a: Iron Bundle|ability: Quark Drive|[fromitem]\n|-start|p2a: Iron Bundle|quarkdrivespe\n|turn|2\n|\n|t:|1700250668\n|switch|p1a: Heatran|Heatran, L50, F|100\/100\n|move|p2a: Iron Bundle|Icy Wind|p1a: Heatran|[spread] p1a,p1b\n|-resisted|p1a: Heatran\n|-supereffective|p1b: Sinistcha\n|-damage|p1a: Heatran|98\/100\n|-damage|p1b: Sinistcha|69\/100\n|-unboost|p1a: Heatran|spe|1\n|-unboost|p1b: Sinistcha|spe|1\n|move|p2b: Heatran|Heat Wave|p1a: Heatran|[spread] p1b\n|-start|p1a: Heatran|ability: Flash Fire\n|-supereffective|p1b: Sinistcha\n|-damage|p1b: Sinistcha|10\/100\n|move|p1b: Sinistcha|Trick Room|p1b: Sinistcha\n|-fieldstart|move: Trick Room|[of] p1b: Sinistcha\n|\n|-weather|Snow|[upkeep]\n|upkeep\n|turn|3\n|\n|t:|1700250710\n|-terastallize|p1a: Heatran|Grass\n|move|p1b: Sinistcha|Matcha Gotcha|p2b: Heatran|[spread] p2a,p2b\n|-supereffective|p2a: Iron Bundle\n|-resisted|p2b: Heatran\n|-damage|p2a: Iron Bundle|9\/100\n|-heal|p1b: Sinistcha|44\/100|[from] drain|[of] p2a: Iron Bundle\n|-damage|p2b: Heatran|95\/100\n|-heal|p1b: Sinistcha|47\/100|[from] drain|[of] p2b: Heatran\n|move|p1a: Heatran|Flash Cannon|p2a: Iron Bundle\n|-damage|p2a: Iron Bundle|0 fnt\n|faint|p2a: Iron Bundle\n|-end|p2a: Iron Bundle|Quark Drive|[silent]\n|-damage|p1a: Heatran|88\/100|[from] item: Life Orb\n|move|p2b: Heatran|Earth Power|p1a: Heatran\n|-resisted|p1a: Heatran\n|-damage|p1a: Heatran|79\/100\n|\n|-weather|Snow|[upkeep]\n|-heal|p2b: Heatran|100\/100|[from] item: Leftovers\n|upkeep\n|\n|t:|1700250721\n|switch|p2a: Rillaboom|Rillaboom, L50, F|100\/100\n|-fieldstart|move: Grassy Terrain|[from] ability: Grassy Surge|[of] p2a: Rillaboom\n|turn|4\n|c|\u2606MythicalDarkrai|this team so sooo bulky holy\n|c|\u2606Pr1ncip3|yes under aurora\n|\n|t:|1700250766\n|move|p2a: Rillaboom|Fake Out|p1a: Heatran\n|-damage|p1a: Heatran|70\/100\n|move|p1b: Sinistcha|Strength Sap|p2a: Rillaboom\n|-unboost|p2a: Rillaboom|atk|1\n|-heal|p1b: Sinistcha|100\/100\n|cant|p1a: Heatran|flinch\n|move|p2b: Heatran|Heat Wave|p1b: Sinistcha|[spread] p1b\n|-immune|p1a: Heatran|[from] ability: Flash Fire\n|-supereffective|p1b: Sinistcha\n|-damage|p1b: Sinistcha|33\/100\n|\n|-weather|Snow|[upkeep]\n|-heal|p1b: Sinistcha|39\/100|[from] Grassy Terrain\n|-heal|p1a: Heatran|76\/100|[from] Grassy Terrain\n|upkeep\n|turn|5\n|c|\u2606MythicalDarkrai|yeah but like with the matcha gotcha\n|c|\u2606MythicalDarkrai|this flash fire\n|c|\u2606MythicalDarkrai|im like walled out\n|c|\u2606MythicalDarkrai|I respect it\n|c|\u2606MythicalDarkrai|gas!\n|c|\u2606MythicalDarkrai|gg!\n|-message|MythicalDarkrai forfeited.\n|\n|win|Pr1ncip3\n|raw|Pr1ncip3's rating: 1183 &rarr; <strong>1201<\/strong><br \/>(+18 for winning)\n|raw|MythicalDarkrai's rating: 1082 &rarr; <strong>1066<\/strong><br \/>(-16 for losing)\n|l|\u2606MythicalDarkrai\n","uploadtime":1700250796,"views":12,"p1id":"pr1ncip3","p2id":"mythicaldarkrai","formatid":"gen9vgc2023regulatione","rating":1066,"private":0,"password":""}