{"id":"gen9vgc2023regulatione-1992208447","p1":"Mambae2","p2":"SlowHomie","format":"[Gen 9] VGC 2023 Regulation E","log":"|j|\u2606Mambae2\n|j|\u2606SlowHomie\n|n|\u2606Mambae2|mambae2\n|n|\u2606SlowHomie|slowhomie\n|html|View the match progress at <a href=\"\/game-bestof3-gen9vgc2023regulatione-1992208446\">game-bestof3-gen9vgc2023regulatione-1992208446<\/a>\n|t:|1700163997\n|gametype|doubles\n|player|p1|Mambae2|101|\n|player|p2|SlowHomie|unknown|\n|teamsize|p1|6\n|teamsize|p2|6\n|gen|9\n|tier|[Gen 9] VGC 2023 Regulation E\n|rated|Tournament battle\n|rule|Species Clause: Limit one of each Pok\u00e9mon\n|rule|Item Clause: Limit one of each item\n|clearpoke\n|poke|p1|Gholdengo, L50|\n|poke|p1|Iron Hands, L50|\n|poke|p1|Amoonguss, L50, M|\n|poke|p1|Iron Bundle, L50|\n|poke|p1|Pelipper, L50, M|\n|poke|p1|Salamence, L50, F|\n|poke|p2|Torkoal, L50, M|\n|poke|p2|Rillaboom, L50, F|\n|poke|p2|Ogerpon-Cornerstone, L50, F|\n|poke|p2|Flutter Mane, L50|\n|poke|p2|Zapdos-Galar, L50|\n|poke|p2|Farigiraf, L50, M|\n|teampreview|4\n|showteam|p1|Gholdengo||Leftovers|GoodasGold|MakeItRain,NastyPlot,ShadowBall,Protect||||||50|,,,,,Dragon]Iron Hands||AssaultVest|QuarkDrive|FakeOut,HeavySlam,WildCharge,DrainPunch||||||50|,,,,,Water]Amoonguss||SitrusBerry|Regenerator|Spore,RagePowder,PollenPuff,Protect|||M|||50|,,,,,Water]Iron Bundle||BoosterEnergy|QuarkDrive|IcyWind,FreezeDry,HydroPump,Protect||||||50|,,,,,Ghost]Pelipper||FocusSash|Drizzle|Hurricane,WeatherBall,Protect,WideGuard|||M|||50|,,,,,Flying]Salamence||ChoiceScarf|Intimidate|Hurricane,DracoMeteor,Tailwind,AirSlash|||F|||50|,,,,,Flying\n|showteam|p2|Torkoal||Charcoal|Drought|Eruption,HeatWave,EarthPower,Protect|||M|||50|,,,,,Fire]Rillaboom||MiracleSeed|GrassySurge|GrassyGlide,WoodHammer,HighHorsepower,FakeOut|||F|||50|,,,,,Grass]Ogerpon-Cornerstone||CornerstoneMask|Sturdy|IvyCudgel,PowerWhip,FollowMe,SpikyShield|||F|||50|,,,,,Rock]Flutter Mane||ChoiceSpecs|Protosynthesis|DazzlingGleam,Moonblast,ShadowBall,TrickRoom||||||50|,,,,,Fairy]Zapdos-Galar||ChoiceScarf|Defiant|BraveBird,CloseCombat,Uturn,KnockOff||||||50|,,,,,Flying]Farigiraf||SitrusBerry|ArmorTail|DazzlingGleam,Psychic,NastyPlot,TrickRoom|||M|||50|,,,,,Fairy\n|j| fyfyyalt1\n|j| Xie Demon\n|j| ale cog\n|c|\u2606SlowHomie|this is quite the matchup for my team lol\n|c|\u2606SlowHomie|glhf\n|l| fyfyyalt1\n|l| Xie Demon\n|\n|t:|1700164074\n|start\n|switch|p1a: Iron Hands|Iron Hands, L50|100\/100\n|switch|p1b: Gholdengo|Gholdengo, L50|100\/100\n|switch|p2a: G-$tackdo$|Zapdos-Galar, L50|100\/100\n|switch|p2b: Jewel the Ghoul|Flutter Mane, L50, shiny|100\/100\n|turn|1\n|\n|t:|1700164133\n|-terastallize|p1a: Iron Hands|Water\n|move|p1b: Gholdengo|Protect|p1b: Gholdengo\n|-singleturn|p1b: Gholdengo|Protect\n|move|p2a: G-$tackdo$|Knock Off|p1b: Gholdengo\n|-activate|p1b: Gholdengo|move: Protect\n|move|p2b: Jewel the Ghoul|Shadow Ball|p1b: Gholdengo\n|-activate|p1b: Gholdengo|move: Protect\n|move|p1a: Iron Hands|Heavy Slam|p2b: Jewel the Ghoul\n|-supereffective|p2b: Jewel the Ghoul\n|-damage|p2b: Jewel the Ghoul|0 fnt\n|faint|p2b: Jewel the Ghoul\n|-end|p2b: Jewel the Ghoul|Protosynthesis|[silent]\n|\n|upkeep\n|\n|t:|1700164144\n|switch|p2b: Rockstar|Ogerpon-Cornerstone, L50, F|100\/100\n|turn|2\n|\n|t:|1700164221\n|switch|p1b: Pelipper|Pelipper, L50, M|100\/100\n|-weather|RainDance|[from] ability: Drizzle|[of] p1b: Pelipper\n|-end|p1a: Iron Hands|Quark Drive|[silent]\n|switch|p1a: Amoonguss|Amoonguss, L50, M|100\/100\n|move|p2a: G-$tackdo$|Knock Off|p1b: Pelipper\n|-damage|p1b: Pelipper|60\/100\n|-enditem|p1b: Pelipper|Focus Sash|[from] move: Knock Off|[of] p2a: G-$tackdo$\n|move|p2b: Rockstar|Power Whip|p1a: Amoonguss\n|-resisted|p1a: Amoonguss\n|-damage|p1a: Amoonguss|85\/100\n|\n|-weather|RainDance|[upkeep]\n|upkeep\n|turn|3\n|\n|t:|1700164264\n|switch|p2a: Yurtle the Turtle|Torkoal, L50, M, shiny|100\/100\n|-weather|SunnyDay|[from] ability: Drought|[of] p2a: Yurtle the Turtle\n|switch|p1b: Gholdengo|Gholdengo, L50|100\/100\n|move|p2b: Rockstar|Ivy Cudgel|p1b: Gholdengo|[anim] Ivy Cudgel Rock\n|-resisted|p1b: Gholdengo\n|-damage|p1b: Gholdengo|67\/100\n|move|p1a: Amoonguss|Spore|p2a: Yurtle the Turtle\n|-status|p2a: Yurtle the Turtle|slp|[from] move: Spore\n|\n|-weather|SunnyDay|[upkeep]\n|-heal|p1b: Gholdengo|73\/100|[from] item: Leftovers\n|upkeep\n|turn|4\n|\n|t:|1700164283\n|switch|p2a: G-$tackdo$|Zapdos-Galar, L50|100\/100\n|move|p2b: Rockstar|Follow Me|p2b: Rockstar\n|-singleturn|p2b: Rockstar|move: Follow Me\n|move|p1b: Gholdengo|Nasty Plot|p1b: Gholdengo\n|-boost|p1b: Gholdengo|spa|2\n|move|p1a: Amoonguss|Pollen Puff|p2b: Rockstar\n|-supereffective|p2b: Rockstar\n|-damage|p2b: Rockstar|53\/100\n|\n|-weather|SunnyDay|[upkeep]\n|-heal|p1b: Gholdengo|79\/100|[from] item: Leftovers\n|upkeep\n|turn|5\n|\n|t:|1700164335\n|move|p1a: Amoonguss|Rage Powder|p1a: Amoonguss\n|-singleturn|p1a: Amoonguss|move: Rage Powder\n|move|p2a: G-$tackdo$|Brave Bird|p1a: Amoonguss\n|-supereffective|p1a: Amoonguss\n|-damage|p1a: Amoonguss|0 fnt\n|faint|p1a: Amoonguss\n|-damage|p2a: G-$tackdo$|64\/100|[from] Recoil\n|move|p2b: Rockstar|Ivy Cudgel|p1b: Gholdengo|[anim] Ivy Cudgel Rock\n|-resisted|p1b: Gholdengo\n|-damage|p1b: Gholdengo|47\/100\n|move|p1b: Gholdengo|Nasty Plot|p1b: Gholdengo\n|-boost|p1b: Gholdengo|spa|2\n|\n|-weather|SunnyDay|[upkeep]\n|-heal|p1b: Gholdengo|54\/100|[from] item: Leftovers\n|upkeep\n|\n|t:|1700164347\n|switch|p1a: Iron Hands|Iron Hands, L50, tera:Water|100\/100\n|turn|6\n|\n|t:|1700164362\n|switch|p2a: Yurtle the Turtle|Torkoal, L50, M, shiny|100\/100 slp\n|move|p2b: Rockstar|Spiky Shield|p2b: Rockstar\n|-singleturn|p2b: Rockstar|move: Protect\n|move|p1a: Iron Hands|Fake Out|p2a: Yurtle the Turtle\n|-crit|p2a: Yurtle the Turtle\n|-damage|p2a: Yurtle the Turtle|82\/100 slp\n|move|p1b: Gholdengo|Make It Rain|p2b: Rockstar|[spread] p2a\n|-activate|p2b: Rockstar|move: Protect\n|-resisted|p2a: Yurtle the Turtle\n|-damage|p2a: Yurtle the Turtle|0 fnt\n|-unboost|p1b: Gholdengo|spa|1\n|faint|p2a: Yurtle the Turtle\n|\n|-weather|SunnyDay|[upkeep]\n|-heal|p1b: Gholdengo|60\/100|[from] item: Leftovers\n|upkeep\n|\n|t:|1700164376\n|switch|p2a: G-$tackdo$|Zapdos-Galar, L50|64\/100\n|turn|7\n|\n|t:|1700164389\n|move|p1b: Gholdengo|Protect|p1b: Gholdengo\n|-singleturn|p1b: Gholdengo|Protect\n|move|p2a: G-$tackdo$|Knock Off|p1b: Gholdengo\n|-activate|p1b: Gholdengo|move: Protect\n|move|p2b: Rockstar|Power Whip|p1a: Iron Hands\n|-supereffective|p1a: Iron Hands\n|-damage|p1a: Iron Hands|0 fnt\n|faint|p1a: Iron Hands\n|-end|p1a: Iron Hands|Quark Drive|[silent]\n|\n|-weather|none\n|-heal|p1b: Gholdengo|66\/100|[from] item: Leftovers\n|upkeep\n|\n|t:|1700164397\n|switch|p1a: Pelipper|Pelipper, L50, M|60\/100\n|-weather|RainDance|[from] ability: Drizzle|[of] p1a: Pelipper\n|turn|8\n|\n|t:|1700164431\n|move|p2a: G-$tackdo$|Knock Off|p1b: Gholdengo\n|-supereffective|p1b: Gholdengo\n|-damage|p1b: Gholdengo|0 fnt\n|-enditem|p1b: Gholdengo|Leftovers|[from] move: Knock Off|[of] p2a: G-$tackdo$\n|faint|p1b: Gholdengo\n|move|p2b: Rockstar|Ivy Cudgel|p1a: Pelipper|[anim] Ivy Cudgel Rock\n|-supereffective|p1a: Pelipper\n|-damage|p1a: Pelipper|0 fnt\n|faint|p1a: Pelipper\n|\n|win|SlowHomie\n|c|\u2606SlowHomie|ggs\n|c|&|\/uhtml prompt-mambae2,Mambae2 is ready for game 2!\n|c|&|\/uhtml prompt-slowhomie,SlowHomie is ready for game 2!\nBoth players are ready! Starting next match!\n|j| fyfyyalt1\n|l| fyfyyalt1\n|l|\u2606SlowHomie\n|l| ale cog\n","uploadtime":1700164819,"views":15,"p1id":"mambae2","p2id":"slowhomie","formatid":"gen9vgc2023regulatione","rating":0,"private":0,"password":""}