{"id":"gen9vgc2023regulatione-1999369896","p1":"VortexTheGOAT","p2":"Blastwalker","format":"[Gen 9] VGC 2023 Regulation E","log":"|j|\u2606VortexTheGOAT\n|j|\u2606Blastwalker\n|t:|1701068437\n|gametype|doubles\n|player|p1|VortexTheGOAT|102|1079\n|player|p2|Blastwalker|102|1040\n|teamsize|p1|6\n|teamsize|p2|6\n|gen|9\n|tier|[Gen 9] VGC 2023 Regulation E\n|rated|\n|rule|Species Clause: Limit one of each Pok\u00e9mon\n|rule|Item Clause: Limit one of each item\n|clearpoke\n|poke|p1|Pelipper, L50, F|\n|poke|p1|Urshifu-*, L50, F|\n|poke|p1|Thundurus-Therian, L50, M|\n|poke|p1|Farigiraf, L50, F|\n|poke|p1|Weezing, L50, M|\n|poke|p1|Roaring Moon, L50|\n|poke|p2|Cresselia, L50, F|\n|poke|p2|Zapdos, L50|\n|poke|p2|Empoleon, L50, M|\n|poke|p2|Staraptor, L50, M|\n|poke|p2|Ampharos, L50, M|\n|poke|p2|Snorlax, L50, M|\n|teampreview|4\nVortexTheGOAT has agreed to open team sheets.\n|\n|t:|1701068499\n|start\n|switch|p1a: Pelipper|Pelipper, L50, F|100\/100\n|switch|p1b: Urshifu|Urshifu-Rapid-Strike, L50, F|100\/100\n|switch|p2a: Zapdos|Zapdos, L50, shiny|100\/100\n|switch|p2b: Lampost|Ampharos, L50, M|100\/100\n|-weather|RainDance|[from] ability: Drizzle|[of] p1a: Pelipper\n|turn|1\n|\n|t:|1701068554\n|move|p1a: Pelipper|Wide Guard|p1a: Pelipper\n|-singleturn|p1a: Pelipper|Wide Guard\n|move|p1b: Urshifu|Surging Strikes|p2b: Lampost\n|-crit|p2b: Lampost\n|-damage|p2b: Lampost|65\/100\n|-damage|p1b: Urshifu|84\/100|[from] item: Rocky Helmet|[of] p2b: Lampost\n|-crit|p2b: Lampost\n|-damage|p2b: Lampost|28\/100\n|-damage|p1b: Urshifu|67\/100|[from] item: Rocky Helmet|[of] p2b: Lampost\n|-crit|p2b: Lampost\n|-damage|p2b: Lampost|0 fnt\n|-damage|p1b: Urshifu|51\/100|[from] item: Rocky Helmet|[of] p2b: Lampost\n|-status|p1b: Urshifu|par|[from] ability: Static|[of] p2b: Lampost\n|faint|p2b: Lampost\n|-hitcount|p2: Lampost|3\n|move|p2a: Zapdos|Tailwind|p2a: Zapdos\n|-sidestart|p2: Blastwalker|move: Tailwind\n|\n|-weather|RainDance|[upkeep]\n|upkeep\n|\n|t:|1701068573\n|switch|p2b: Doctorine|Cresselia, L50, F|100\/100\n|turn|2\n|\n|t:|1701068584\n|move|p1a: Pelipper|Wide Guard|p1a: Pelipper\n|-singleturn|p1a: Pelipper|Wide Guard\n|move|p2a: Zapdos|Weather Ball|p1a: Pelipper\n|-resisted|p1a: Pelipper\n|-damage|p1a: Pelipper|53\/100\n|move|p1b: Urshifu|Surging Strikes|p2a: Zapdos\n|-crit|p2a: Zapdos\n|-damage|p2a: Zapdos|65\/100\n|-crit|p2a: Zapdos\n|-damage|p2a: Zapdos|30\/100\n|-crit|p2a: Zapdos\n|-damage|p2a: Zapdos|0 fnt\n|faint|p2a: Zapdos\n|-hitcount|p2: Zapdos|3\n|move|p2b: Doctorine|Trick Room|p2b: Doctorine\n|-fieldstart|move: Trick Room|[of] p2b: Doctorine\n|\n|-weather|RainDance|[upkeep]\n|upkeep\n|\n|t:|1701068601\n|switch|p2a: Leklax|Snorlax, L50, M, shiny|100\/100\n|turn|3\n|\n|t:|1701068624\n|switch|p1a: Weezing|Weezing, L50, M|100\/100\n|-ability|p1a: Weezing|Neutralizing Gas\n|-terastallize|p2a: Leklax|Ghost\n|move|p2b: Doctorine|Ally Switch|p2b: Doctorine\n|swap|p2b: Doctorine|0|[from] move: Ally Switch\n|move|p2b: Leklax|Belly Drum|p2b: Leklax\n|-damage|p2b: Leklax|50\/100\n|-setboost|p2b: Leklax|atk|6|[from] move: Belly Drum\n|-enditem|p2b: Leklax|Sitrus Berry|[eat]\n|-heal|p2b: Leklax|75\/100|[from] item: Sitrus Berry\n|move|p1b: Urshifu|Surging Strikes|p2a: Doctorine\n|-crit|p2a: Doctorine\n|-damage|p2a: Doctorine|75\/100\n|-crit|p2a: Doctorine\n|-damage|p2a: Doctorine|49\/100\n|-crit|p2a: Doctorine\n|-damage|p2a: Doctorine|25\/100\n|-enditem|p2a: Doctorine|Wiki Berry|[eat]\n|-heal|p2a: Doctorine|58\/100|[from] item: Wiki Berry\n|-hitcount|p2a: Doctorine|3\n|\n|-weather|RainDance|[upkeep]\n|upkeep\n|turn|4\n|\n|t:|1701068650\n|move|p1a: Weezing|Haze|p1a: Weezing\n|-clearallboost\n|move|p2b: Leklax|Earthquake|p1b: Urshifu|[spread] p2a,p1a,p1b\n|-supereffective|p1a: Weezing\n|-crit|p1a: Weezing\n|-damage|p2a: Doctorine|39\/100\n|-damage|p1a: Weezing|47\/100\n|-damage|p1b: Urshifu|23\/100 par\n|-enditem|p1a: Weezing|Sitrus Berry|[eat]\n|-heal|p1a: Weezing|72\/100|[from] item: Sitrus Berry\n|move|p1b: Urshifu|Surging Strikes|p2a: Doctorine\n|-crit|p2a: Doctorine\n|-damage|p2a: Doctorine|16\/100\n|-crit|p2a: Doctorine\n|-damage|p2a: Doctorine|0 fnt\n|faint|p2a: Doctorine\n|-hitcount|p2: Doctorine|2\n|\n|-weather|RainDance|[upkeep]\n|-sideend|p2: Blastwalker|move: Tailwind\n|upkeep\n|turn|5\n|\n|t:|1701068667\n|move|p2b: Leklax|Heavy Slam|p1a: Weezing\n|-damage|p1a: Weezing|40\/100\n|move|p1a: Weezing|Will-O-Wisp|p2b: Leklax\n|-status|p2b: Leklax|brn\n|move|p1b: Urshifu|Surging Strikes|p2b: Leklax\n|-crit|p2b: Leklax\n|-damage|p2b: Leklax|39\/100 brn\n|-crit|p2b: Leklax\n|-damage|p2b: Leklax|8\/100 brn\n|-crit|p2b: Leklax\n|-damage|p2b: Leklax|0 fnt\n|faint|p2b: Leklax\n|-hitcount|p2: Leklax|3\n|\n|win|VortexTheGOAT\n|raw|VortexTheGOAT's rating: 1079 &rarr; <strong>1104<\/strong><br \/>(+25 for winning)\n|raw|Blastwalker's rating: 1040 &rarr; <strong>1026<\/strong><br \/>(-14 for losing)\n|l|\u2606Blastwalker\n","uploadtime":1701068741,"views":4,"p1id":"vortexthegoat","p2id":"blastwalker","formatid":"gen9vgc2023regulatione","rating":1026,"private":0,"password":""}