{"id":"gen9vgc2023regulatione-1997439435","p1":"SOLOLUMINEONING","p2":"Sir Aaron07","format":"[Gen 9] VGC 2023 Regulation E","log":"|j|\u2606SOLOLUMINEONING\n|j|\u2606Sir Aaron07\n|t:|1700805419\n|gametype|doubles\n|player|p1|SOLOLUMINEONING|burglar|1585\n|player|p2|Sir Aaron07|furisodegirl-black|1514\n|teamsize|p1|6\n|teamsize|p2|6\n|gen|9\n|tier|[Gen 9] VGC 2023 Regulation E\n|rated|\n|rule|Species Clause: Limit one of each Pok\u00e9mon\n|rule|Item Clause: Limit one of each item\n|clearpoke\n|poke|p1|Regidrago, L50|\n|poke|p1|Tornadus, L50, M|\n|poke|p1|Urshifu-*, L50, M|\n|poke|p1|Rillaboom, L50, M|\n|poke|p1|Gholdengo, L50|\n|poke|p1|Ogerpon-Hearthflame, L50, F|\n|poke|p2|Urshifu-*, L50, M|\n|poke|p2|Gholdengo, L50|\n|poke|p2|Ogerpon-Wellspring, L50, F|\n|poke|p2|Iron Hands, L50|\n|poke|p2|Farigiraf, L50, M|\n|poke|p2|Tornadus, L50, M|\n|teampreview|4\n|inactive|Battle timer is ON: inactive players will automatically lose when time's up. (requested by SOLOLUMINEONING)\n|c|\u2606Sir Aaron07|Ohhhhhhhhhhhhhhhhh\n|c|\u2606Sir Aaron07|AGNIIIIIIIIIIIIIII\n|c|\u2606SOLOLUMINEONING|no way\nSir Aaron07 has agreed to open team sheets.\n|c|\u2606SOLOLUMINEONING|is this ur team??!!!\nSOLOLUMINEONING has agreed to open team sheets.\n|c|\u2606Sir Aaron07|XD\n|j| yarcii\n|inactive|SOLOLUMINEONING has 30 seconds left.\n|inactive|Sir Aaron07 has 30 seconds left.\n|c|\u2606Sir Aaron07|Yes it is\n|inactive|SOLOLUMINEONING has 20 seconds left.\n|inactive|Sir Aaron07 has 20 seconds left.\n|inactive|SOLOLUMINEONING has 15 seconds left.\n|inactive|Sir Aaron07 has 15 seconds left.\n|c|\u2606Sir Aaron07|But I'm not that good of a pilot for it\n|inactive|SOLOLUMINEONING has 10 seconds left.\n|inactive|Sir Aaron07 has 10 seconds left.\n|inactive|SOLOLUMINEONING has 5 seconds left.\n|inactive|Sir Aaron07 has 5 seconds left.\n|\n|t:|1700805498\n|start\n|switch|p1a: StringCheeseMan|Gholdengo, L50, shiny|100\/100\n|switch|p1b: Bornadus|Tornadus, L50, M, shiny|100\/100\n|switch|p2a: PonPon!urTEAMgone|Ogerpon-Wellspring, L50, F|100\/100\n|switch|p2b: Maestro|Tornadus, L50, M|100\/100\n|turn|1\n|inactive|SOLOLUMINEONING has 30 seconds left.\n|inactive|SOLOLUMINEONING has 20 seconds left.\n|\n|t:|1700805535\n|-terastallize|p2a: PonPon!urTEAMgone|Water\n|detailschange|p2a: PonPon!urTEAMgone|Ogerpon-Wellspring-Tera, L50, F, tera:Water\n|-ability|p2a: PonPon!urTEAMgone|Embody Aspect (Wellspring)|boost\n|-boost|p2a: PonPon!urTEAMgone|spd|1\n|-terastallize|p1a: StringCheeseMan|Steel\n|move|p2b: Maestro|Tailwind|p2b: Maestro\n|-sidestart|p2: Sir Aaron07|move: Tailwind\n|move|p2a: PonPon!urTEAMgone|Ivy Cudgel|p1a: StringCheeseMan|[anim] Ivy Cudgel Water\n|-crit|p1a: StringCheeseMan\n|-damage|p1a: StringCheeseMan|0 fnt\n|faint|p1a: StringCheeseMan\n|move|p1b: Bornadus|Bleakwind Storm|p2a: PonPon!urTEAMgone|[spread] p2b\n|-miss|p1b: Bornadus|p2a: PonPon!urTEAMgone\n|-damage|p2b: Maestro|56\/100\n|\n|upkeep\n|c|\u2606Sir Aaron07|Btw don't share any replays of this before tmrw please XD\n|\n|t:|1700805549\n|switch|p1a: Rillaboom|Rillaboom, L50, M, shiny|100\/100\n|-fieldstart|move: Grassy Terrain|[from] ability: Grassy Surge|[of] p1a: Rillaboom\n|turn|2\n|c|\u2606SOLOLUMINEONING|of course\n|\n|t:|1700805572\n|move|p2a: PonPon!urTEAMgone|Spiky Shield|p2a: PonPon!urTEAMgone\n|-singleturn|p2a: PonPon!urTEAMgone|move: Protect\n|move|p1a: Rillaboom|Fake Out|p2b: Maestro\n|-damage|p2b: Maestro|38\/100\n|move|p1b: Bornadus|Tailwind|p1b: Bornadus\n|-sidestart|p1: SOLOLUMINEONING|move: Tailwind\n|cant|p2b: Maestro|flinch\n|\n|upkeep\n|turn|3\n|c|\u2606SOLOLUMINEONING|but damn my dengo got kilt :(\n|\n|t:|1700805582\n|switch|p2a: Scrapper|Iron Hands, L50, shiny|100\/100\n|-enditem|p2a: Scrapper|Booster Energy\n|-activate|p2a: Scrapper|ability: Quark Drive|[fromitem]\n|-start|p2a: Scrapper|quarkdriveatk\n|move|p1b: Bornadus|Icy Wind|p2a: Scrapper|[spread] p2a,p2b\n|-supereffective|p2b: Maestro\n|-damage|p2a: Scrapper|87\/100\n|-damage|p2b: Maestro|7\/100\n|-unboost|p2a: Scrapper|spe|1\n|-unboost|p2b: Maestro|spe|1\n|move|p1a: Rillaboom|Wood Hammer|p2a: Scrapper\n|-damage|p2a: Scrapper|27\/100\n|-damage|p1a: Rillaboom|77\/100|[from] Recoil\n|move|p2b: Maestro|Bleakwind Storm|p1a: Rillaboom|[spread] p1a,p1b\n|-supereffective|p1a: Rillaboom\n|-damage|p1a: Rillaboom|8\/100\n|-damage|p1b: Bornadus|40\/100\n|\n|-heal|p1a: Rillaboom|15\/100|[from] Grassy Terrain\n|-heal|p2a: Scrapper|34\/100|[from] Grassy Terrain\n|upkeep\n|turn|4\n|\n|t:|1700805606\n|move|p2a: Scrapper|Fake Out|p1b: Bornadus\n|-damage|p1b: Bornadus|10\/100\n|move|p1a: Rillaboom|Grassy Glide|p2a: Scrapper\n|-damage|p2a: Scrapper|6\/100\n|cant|p1b: Bornadus|flinch\n|move|p2b: Maestro|Bleakwind Storm|p1a: Rillaboom|[spread] \n|-miss|p2b: Maestro|p1a: Rillaboom\n|-miss|p2b: Maestro|p1b: Bornadus\n|\n|-heal|p1a: Rillaboom|20\/100|[from] Grassy Terrain\n|-heal|p2a: Scrapper|12\/100|[from] Grassy Terrain\n|-sideend|p2: Sir Aaron07|move: Tailwind\n|upkeep\n|turn|5\n|c|\u2606Sir Aaron07|Nooooooo\n|inactive|Sir Aaron07 has 30 seconds left.\n|inactive|SOLOLUMINEONING has 30 seconds left.\n|j| Flarefox_7\n|inactive|Sir Aaron07 has 20 seconds left.\n|\n|t:|1700805643\n|switch|p2b: PonPon!urTEAMgone|Ogerpon-Wellspring-Tera, L50, F, tera:Water|100\/100\n|-ability|p2b: PonPon!urTEAMgone|Embody Aspect (Wellspring)|boost\n|-boost|p2b: PonPon!urTEAMgone|spd|1\n|move|p1a: Rillaboom|Grassy Glide|p2b: PonPon!urTEAMgone\n|-supereffective|p2b: PonPon!urTEAMgone\n|-damage|p2b: PonPon!urTEAMgone|22\/100\n|move|p1b: Bornadus|Bleakwind Storm|p2a: Scrapper|[spread] p2a,p2b\n|-crit|p2a: Scrapper\n|-damage|p2a: Scrapper|0 fnt\n|-damage|p2b: PonPon!urTEAMgone|0 fnt\n|faint|p2a: Scrapper\n|-end|p2a: Scrapper|Quark Drive|[silent]\n|faint|p2b: PonPon!urTEAMgone\n|\n|-heal|p1a: Rillaboom|26\/100|[from] Grassy Terrain\n|-sideend|p1: SOLOLUMINEONING|move: Tailwind\n|upkeep\n|\n|t:|1700805655\n|switch|p2b: Wicked Shades|Urshifu, L50, M|100\/100\n|switch|p2a: Maestro|Tornadus, L50, M|7\/100\n|turn|6\n|inactive|SOLOLUMINEONING has 30 seconds left.\n|inactive|SOLOLUMINEONING has 20 seconds left.\n|inactive|Sir Aaron07 has 30 seconds left.\n|\n|t:|1700805694\n|switch|p1a: Ogerpon|Ogerpon-Hearthflame, L50, F|100\/100\n|-ability|p1a: Ogerpon|Mold Breaker\n|move|p2b: Wicked Shades|Detect|p2b: Wicked Shades\n|-singleturn|p2b: Wicked Shades|Protect\n|move|p1b: Bornadus|Tailwind|p1b: Bornadus\n|-sidestart|p1: SOLOLUMINEONING|move: Tailwind\n|move|p2a: Maestro|Tailwind|p2a: Maestro\n|-sidestart|p2: Sir Aaron07|move: Tailwind\n|\n|-fieldend|move: Grassy Terrain\n|upkeep\n|turn|7\n|inactive|SOLOLUMINEONING has 30 seconds left.\n|inactive|SOLOLUMINEONING has 20 seconds left.\n|inactive|Sir Aaron07 has 30 seconds left.\n|inactive|SOLOLUMINEONING has 15 seconds left.\n|\n|t:|1700805735\n|switch|p1b: Rillaboom|Rillaboom, L50, M, shiny|26\/100\n|-fieldstart|move: Grassy Terrain|[from] ability: Grassy Surge|[of] p1b: Rillaboom\n|move|p2b: Wicked Shades|Sucker Punch||[still]\n|-fail|p2b: Wicked Shades\n|move|p1a: Ogerpon|Grassy Glide|p2a: Maestro\n|-resisted|p2a: Maestro\n|-damage|p2a: Maestro|0 fnt\n|faint|p2a: Maestro\n|\n|-heal|p1b: Rillaboom|32\/100|[from] Grassy Terrain\n|upkeep\n|turn|8\n|c|\u2606Sir Aaron07|Ahhhh i messed up\n|inactive|SOLOLUMINEONING has 30 seconds left.\n|c|\u2606Sir Aaron07|gg\n|\n|t:|1700805761\n|move|p2b: Wicked Shades|Detect|p2b: Wicked Shades\n|-singleturn|p2b: Wicked Shades|Protect\n|move|p1b: Rillaboom|Fake Out|p2b: Wicked Shades\n|-activate|p2b: Wicked Shades|move: Protect\n|move|p1a: Ogerpon|Ivy Cudgel|p2b: Wicked Shades|[anim] Ivy Cudgel Fire\n|-activate|p2b: Wicked Shades|move: Protect\n|\n|-heal|p1b: Rillaboom|38\/100|[from] Grassy Terrain\n|upkeep\n|turn|9\n|\n|t:|1700805774\n|move|p1a: Ogerpon|Follow Me|p1a: Ogerpon\n|-singleturn|p1a: Ogerpon|move: Follow Me\n|move|p2b: Wicked Shades|Wicked Blow|p1a: Ogerpon\n|-crit|p1a: Ogerpon\n|-damage|p1a: Ogerpon|30\/100\n|move|p1b: Rillaboom|Wood Hammer|p2b: Wicked Shades\n|-damage|p2b: Wicked Shades|20\/100\n|-damage|p1b: Rillaboom|13\/100|[from] Recoil\n|\n|-heal|p2b: Wicked Shades|26\/100|[from] Grassy Terrain\n|-heal|p1a: Ogerpon|36\/100|[from] Grassy Terrain\n|-heal|p1b: Rillaboom|19\/100|[from] Grassy Terrain\n|-sideend|p2: Sir Aaron07|move: Tailwind\n|-sideend|p1: SOLOLUMINEONING|move: Tailwind\n|upkeep\n|turn|10\n|\n|t:|1700805787\n|move|p2b: Wicked Shades|Detect|p2b: Wicked Shades\n|-singleturn|p2b: Wicked Shades|Protect\n|move|p1a: Ogerpon|Follow Me|p1a: Ogerpon\n|-singleturn|p1a: Ogerpon|move: Follow Me\n|move|p1b: Rillaboom|Wood Hammer|p2b: Wicked Shades\n|-activate|p2b: Wicked Shades|move: Protect\n|\n|-heal|p2b: Wicked Shades|32\/100|[from] Grassy Terrain\n|-heal|p1a: Ogerpon|42\/100|[from] Grassy Terrain\n|-heal|p1b: Rillaboom|25\/100|[from] Grassy Terrain\n|upkeep\n|turn|11\n|\n|t:|1700805796\n|move|p1a: Ogerpon|Follow Me|p1a: Ogerpon\n|-singleturn|p1a: Ogerpon|move: Follow Me\n|move|p2b: Wicked Shades|Sucker Punch||[still]\n|-fail|p2b: Wicked Shades\n|move|p1b: Rillaboom|Wood Hammer|p2b: Wicked Shades\n|-damage|p2b: Wicked Shades|0 fnt\n|faint|p2b: Wicked Shades\n|-damage|p1b: Rillaboom|16\/100|[from] Recoil\n|\n|win|SOLOLUMINEONING\n|raw|SOLOLUMINEONING's rating: 1585 &rarr; <strong>1601<\/strong><br \/>(+16 for winning)\n|raw|Sir Aaron07's rating: 1514 &rarr; <strong>1498<\/strong><br \/>(-16 for losing)\n|c|\u2606SOLOLUMINEONING|ggs\n|l| Flarefox_7\n|c|\u2606SOLOLUMINEONING|close one my brother\n|c|\u2606Sir Aaron07|That miss ruined it\n|c|\u2606Sir Aaron07|Double miss\n|c|\u2606SOLOLUMINEONING|yeah pokemon is misserable\n|c|\u2606Sir Aaron07|My bleakwind was soo perfect\n|c|\u2606SOLOLUMINEONING|great team though\n|c|\u2606Sir Aaron07|But it's fine\n|c|\u2606SOLOLUMINEONING|definitely would want to stela it after saturday !!!\n|c|\u2606Sir Aaron07|Thanks!!!!\n|c|\u2606SOLOLUMINEONING|steal\n|c|\u2606SOLOLUMINEONING|ill talk to u in chat in a bit!\n|c|\u2606Sir Aaron07|Yeah sureee\n|l|\u2606SOLOLUMINEONING\n","uploadtime":1700805873,"views":14,"p1id":"sololumineoning","p2id":"siraaron07","formatid":"gen9vgc2023regulatione","rating":1498,"private":0,"password":""}