{"id":"gen9vgc2023regulatione-1994512834","p1":"Leek_Alt","p2":"Aridee","format":"[Gen 9] VGC 2023 Regulation E","log":"|j|\u2606Leek_Alt\n|j|\u2606Aridee\n|t:|1700452871\n|gametype|doubles\n|player|p1|Leek_Alt|blue|1230\n|player|p2|Aridee|burglar|1176\n|teamsize|p1|6\n|teamsize|p2|6\n|gen|9\n|tier|[Gen 9] VGC 2023 Regulation E\n|rated|\n|rule|Species Clause: Limit one of each Pok\u00e9mon\n|rule|Item Clause: Limit one of each item\n|clearpoke\n|poke|p1|Gholdengo, L50|\n|poke|p1|Ogerpon-Wellspring, L50, F|\n|poke|p1|Arcanine-Hisui, L50, F|\n|poke|p1|Chien-Pao, L50|\n|poke|p1|Scream Tail, L50|\n|poke|p1|Dragonite, L50, F|\n|poke|p2|Tyranitar, L50, M|\n|poke|p2|Houndstone, L50, F|\n|poke|p2|Enamorus-Therian, L50, F|\n|poke|p2|Kingambit, L50, M|\n|poke|p2|Gastrodon, L50, F|\n|poke|p2|Farigiraf, L50, F|\n|teampreview|4\nLeek_Alt has agreed to open team sheets.\n|c|\u2606Leek_Alt|glhf\n|\n|t:|1700452907\n|start\n|switch|p1a: Scream Tail|Scream Tail, L50|100\/100\n|switch|p1b: Gholdengo|Gholdengo, L50|100\/100\n|switch|p2a: Kingambit|Kingambit, L50, M|100\/100\n|switch|p2b: Houndstone|Houndstone, L50, F|100\/100\n|-enditem|p1a: Scream Tail|Booster Energy\n|-activate|p1a: Scream Tail|ability: Protosynthesis|[fromitem]\n|-start|p1a: Scream Tail|protosynthesisspe\n|turn|1\n|\n|t:|1700452936\n|move|p1a: Scream Tail|Thunder Wave|p2b: Houndstone\n|-status|p2b: Houndstone|par\n|move|p1b: Gholdengo|Nasty Plot|p1b: Gholdengo\n|-boost|p1b: Gholdengo|spa|2\n|move|p2a: Kingambit|Swords Dance|p2a: Kingambit\n|-boost|p2a: Kingambit|atk|2\n|move|p2b: Houndstone|Snarl|p1b: Gholdengo|[spread] p1a,p1b\n|-supereffective|p1b: Gholdengo\n|-damage|p1a: Scream Tail|97\/100\n|-damage|p1b: Gholdengo|90\/100\n|-unboost|p1a: Scream Tail|spa|1\n|-unboost|p1b: Gholdengo|spa|1\n|\n|upkeep\n|turn|2\n|\n|t:|1700452960\n|move|p2a: Kingambit|Protect|p2a: Kingambit\n|-singleturn|p2a: Kingambit|Protect\n|move|p1a: Scream Tail|Thunder Wave|p2a: Kingambit\n|-activate|p2a: Kingambit|move: Protect\n|move|p1b: Gholdengo|Nasty Plot|p1b: Gholdengo\n|-boost|p1b: Gholdengo|spa|2\n|move|p2b: Houndstone|Bulldoze|p1a: Scream Tail|[spread] p1a,p1b\n|-activate|p2a: Kingambit|move: Protect\n|-supereffective|p1b: Gholdengo\n|-damage|p1a: Scream Tail|90\/100\n|-damage|p1b: Gholdengo|72\/100\n|-unboost|p1a: Scream Tail|spe|1\n|-unboost|p1b: Gholdengo|spe|1\n|\n|upkeep\n|turn|3\n|\n|t:|1700452980\n|move|p1b: Gholdengo|Protect|p1b: Gholdengo\n|-singleturn|p1b: Gholdengo|Protect\n|move|p2a: Kingambit|Sucker Punch||[still]\n|-fail|p2a: Kingambit\n|move|p2b: Houndstone|Shadow Sneak|p1b: Gholdengo\n|-activate|p1b: Gholdengo|move: Protect\n|move|p1a: Scream Tail|Thunder Wave|p2a: Kingambit\n|-status|p2a: Kingambit|par\n|\n|upkeep\n|turn|4\n|\n|t:|1700453012\n|switch|p2a: Tyranitar|Tyranitar, L50, M|100\/100\n|-weather|Sandstorm|[from] ability: Sand Stream|[of] p2a: Tyranitar\n|-terastallize|p1b: Gholdengo|Water\n|move|p1a: Scream Tail|Disable|p2b: Houndstone\n|-start|p2b: Houndstone|Disable|Shadow Sneak\n|move|p2b: Houndstone|Body Press|p1b: Gholdengo\n|-damage|p1b: Gholdengo|49\/100\n|-enditem|p1b: Gholdengo|Sitrus Berry|[eat]\n|-heal|p1b: Gholdengo|74\/100|[from] item: Sitrus Berry\n|move|p1b: Gholdengo|Nasty Plot|p1b: Gholdengo\n|-boost|p1b: Gholdengo|spa|2\n|\n|-weather|Sandstorm|[upkeep]\n|-damage|p1a: Scream Tail|84\/100|[from] Sandstorm\n|-damage|p1b: Gholdengo|68\/100|[from] Sandstorm\n|upkeep\n|turn|5\n|\n|t:|1700453037\n|move|p1a: Scream Tail|Thunder Wave|p2a: Tyranitar\n|-status|p2a: Tyranitar|par\n|move|p2b: Houndstone|Snarl|p1a: Scream Tail|[spread] p1a,p1b\n|-damage|p1a: Scream Tail|80\/100\n|-damage|p1b: Gholdengo|63\/100\n|-unboost|p1a: Scream Tail|spa|1\n|-unboost|p1b: Gholdengo|spa|1\n|move|p1b: Gholdengo|Make It Rain|p2b: Houndstone|[spread] p2a,p2b\n|-supereffective|p2a: Tyranitar\n|-damage|p2a: Tyranitar|0 fnt\n|-damage|p2b: Houndstone|0 fnt\n|-unboost|p1b: Gholdengo|spa|1\n|faint|p2a: Tyranitar\n|faint|p2b: Houndstone\n|\n|-weather|Sandstorm|[upkeep]\n|-damage|p1a: Scream Tail|74\/100|[from] Sandstorm\n|-damage|p1b: Gholdengo|57\/100|[from] Sandstorm\n|upkeep\n|\n|t:|1700453049\n|switch|p2b: Gastrodon|Gastrodon, L50, F|100\/100\n|switch|p2a: Kingambit|Kingambit, L50, M|100\/100 par\n|turn|6\n|\n|t:|1700453064\n|-end|p1a: Scream Tail|Protosynthesis|[silent]\n|switch|p1a: Ogerpon|Ogerpon-Wellspring, L50, F|100\/100\n|move|p2a: Kingambit|Sucker Punch||[still]\n|-fail|p2a: Kingambit\n|move|p1b: Gholdengo|Nasty Plot|p1b: Gholdengo\n|-boost|p1b: Gholdengo|spa|2\n|move|p2b: Gastrodon|Muddy Water|p1a: Ogerpon|[spread] \n|-immune|p1a: Ogerpon|[from] ability: Water Absorb\n|-miss|p2b: Gastrodon|p1b: Gholdengo\n|\n|-weather|Sandstorm|[upkeep]\n|-damage|p1a: Ogerpon|95\/100|[from] Sandstorm\n|-damage|p1b: Gholdengo|51\/100|[from] Sandstorm\n|upkeep\n|turn|7\n|\n|t:|1700453104\n|move|p1a: Ogerpon|Follow Me|p1a: Ogerpon\n|-singleturn|p1a: Ogerpon|move: Follow Me\n|move|p1b: Gholdengo|Shadow Ball|p2b: Gastrodon\n|-damage|p2b: Gastrodon|0 fnt\n|faint|p2b: Gastrodon\n|move|p2a: Kingambit|Iron Head|p1a: Ogerpon\n|-resisted|p1a: Ogerpon\n|-damage|p1a: Ogerpon|72\/100\n|\n|-weather|Sandstorm|[upkeep]\n|-damage|p1a: Ogerpon|66\/100|[from] Sandstorm\n|-damage|p1b: Gholdengo|45\/100|[from] Sandstorm\n|upkeep\n|turn|8\n|\n|t:|1700453117\n|move|p1a: Ogerpon|Follow Me|p1a: Ogerpon\n|-singleturn|p1a: Ogerpon|move: Follow Me\n|move|p2a: Kingambit|Sucker Punch||[still]\n|-fail|p2a: Kingambit\n|move|p1b: Gholdengo|Shadow Ball|p2a: Kingambit\n|-resisted|p2a: Kingambit\n|-damage|p2a: Kingambit|28\/100 par\n|\n|-weather|none\n|upkeep\n|turn|9\n|\n|t:|1700453128\n|move|p1a: Ogerpon|Follow Me|p1a: Ogerpon\n|-singleturn|p1a: Ogerpon|move: Follow Me\n|move|p1b: Gholdengo|Make It Rain|p2a: Kingambit\n|-resisted|p2a: Kingambit\n|-damage|p2a: Kingambit|0 fnt\n|-unboost|p1b: Gholdengo|spa|1\n|faint|p2a: Kingambit\n|\n|win|Leek_Alt\n|raw|Leek_Alt's rating: 1230 &rarr; <strong>1251<\/strong><br \/>(+21 for winning)\n|raw|Aridee's rating: 1176 &rarr; <strong>1155<\/strong><br \/>(-21 for losing)\n|l|\u2606Aridee\n","uploadtime":1700453134,"views":5,"p1id":"leekalt","p2id":"aridee","formatid":"gen9vgc2023regulatione","rating":1155,"private":0,"password":""}