{"id":"gen9vgc2023regulatione-1999109669","p1":"sobablue","p2":"Ndonuh","format":"[Gen 9] VGC 2023 Regulation E","log":"|j|\u2606sobablue\n|j|\u2606Ndonuh\n|t:|1701034155\n|gametype|doubles\n|player|p1|sobablue|lady-gen4|1210\n|player|p2|Ndonuh|170|1245\n|teamsize|p1|6\n|teamsize|p2|6\n|gen|9\n|tier|[Gen 9] VGC 2023 Regulation E\n|rated|\n|rule|Species Clause: Limit one of each Pok\u00e9mon\n|rule|Item Clause: Limit one of each item\n|clearpoke\n|poke|p1|Arcanine-Hisui, L50, F|\n|poke|p1|Gholdengo, L50|\n|poke|p1|Rillaboom, L50, M|\n|poke|p1|Urshifu-*, L50, M|\n|poke|p1|Tornadus, L50, M|\n|poke|p1|Chien-Pao, L50|\n|poke|p2|Heatran, L50, F|\n|poke|p2|Rillaboom, L50, F|\n|poke|p2|Urshifu-*, L50, F|\n|poke|p2|Iron Hands, L50|\n|poke|p2|Flutter Mane, L50|\n|poke|p2|Landorus-Therian, L50, M|\n|teampreview|4\nsobablue rejected open team sheets.\n|\n|t:|1701034212\n|start\n|switch|p1a: Arcanine|Arcanine-Hisui, L50, F, shiny|100\/100\n|switch|p1b: Chien-Pao|Chien-Pao, L50|100\/100\n|switch|p2a: Rillaboom|Rillaboom, L50, F, shiny|100\/100\n|switch|p2b: Landorus|Landorus-Therian, L50, M|100\/100\n|-ability|p2b: Landorus|Intimidate|boost\n|-unboost|p1a: Arcanine|atk|1\n|-unboost|p1b: Chien-Pao|atk|1\n|-ability|p1b: Chien-Pao|Sword of Ruin\n|-ability|p1a: Arcanine|Intimidate|boost\n|-unboost|p2a: Rillaboom|atk|1\n|-unboost|p2b: Landorus|atk|1\n|-fieldstart|move: Grassy Terrain|[from] ability: Grassy Surge|[of] p2a: Rillaboom\n|turn|1\n|\n|t:|1701034248\n|switch|p1a: Rillaboom|Rillaboom, L50, M|100\/100\n|-terastallize|p1b: Chien-Pao|Ghost\n|move|p2a: Rillaboom|Fake Out|p1b: Chien-Pao\n|-immune|p1b: Chien-Pao\n|move|p2b: Landorus|Stomping Tantrum|p1a: Rillaboom\n|-resisted|p1a: Rillaboom\n|-damage|p1a: Rillaboom|81\/100\n|move|p1b: Chien-Pao|Icicle Crash|p2b: Landorus\n|-supereffective|p2b: Landorus\n|-damage|p2b: Landorus|0 fnt\n|faint|p2b: Landorus\n|\n|-heal|p1a: Rillaboom|87\/100|[from] Grassy Terrain\n|upkeep\n|\n|t:|1701034259\n|switch|p2b: Urshifu|Urshifu, L50, F|100\/100\n|turn|2\n|\n|t:|1701034277\n|switch|p2a: Iron Hands|Iron Hands, L50|100\/100\n|-terastallize|p2b: Urshifu|Dark\n|move|p1a: Rillaboom|Fake Out|p2b: Urshifu\n|-damage|p2b: Urshifu|80\/100\n|cant|p2b: Urshifu|flinch\n|move|p1b: Chien-Pao|Icicle Crash|p2a: Iron Hands\n|-damage|p2a: Iron Hands|76\/100\n|\n|-heal|p2b: Urshifu|86\/100|[from] Grassy Terrain\n|-heal|p1a: Rillaboom|92\/100|[from] Grassy Terrain\n|-heal|p2a: Iron Hands|82\/100|[from] Grassy Terrain\n|upkeep\n|turn|3\n|\n|t:|1701034303\n|move|p1b: Chien-Pao|Protect|p1b: Chien-Pao\n|-singleturn|p1b: Chien-Pao|Protect\n|move|p2a: Iron Hands|Fake Out|p1a: Rillaboom\n|-damage|p1a: Rillaboom|66\/100\n|move|p2b: Urshifu|Sucker Punch||[still]\n|-fail|p2b: Urshifu\n|cant|p1a: Rillaboom|flinch\n|\n|-heal|p2b: Urshifu|92\/100|[from] Grassy Terrain\n|-heal|p1a: Rillaboom|71\/100|[from] Grassy Terrain\n|-heal|p2a: Iron Hands|88\/100|[from] Grassy Terrain\n|upkeep\n|turn|4\n|\n|t:|1701034321\n|switch|p1b: Arcanine|Arcanine-Hisui, L50, F, shiny|100\/100\n|-ability|p1b: Arcanine|Intimidate|boost\n|-unboost|p2a: Iron Hands|atk|1\n|-unboost|p2b: Urshifu|atk|1\n|move|p2b: Urshifu|Wicked Blow|p1b: Arcanine\n|-crit|p1b: Arcanine\n|-damage|p1b: Arcanine|0 fnt\n|faint|p1b: Arcanine\n|move|p1a: Rillaboom|U-turn|p2b: Urshifu\n|-supereffective|p2b: Urshifu\n|-damage|p2b: Urshifu|46\/100\n|\n|t:|1701034332\n|switch|p1a: Chien-Pao|Chien-Pao, L50, tera:Ghost|100\/100|[from] U-turn\n|-ability|p1a: Chien-Pao|Sword of Ruin\n|move|p2a: Iron Hands|Drain Punch|p1a: Chien-Pao\n|-immune|p1a: Chien-Pao\n|\n|-heal|p2b: Urshifu|52\/100|[from] Grassy Terrain\n|-heal|p2a: Iron Hands|94\/100|[from] Grassy Terrain\n|upkeep\n|\n|t:|1701034342\n|switch|p1b: Rillaboom|Rillaboom, L50, M|71\/100\n|turn|5\n|\n|t:|1701034358\n|move|p1b: Rillaboom|Fake Out|p2a: Iron Hands\n|-damage|p2a: Iron Hands|82\/100\n|move|p2b: Urshifu|Sucker Punch|p1a: Chien-Pao\n|-supereffective|p1a: Chien-Pao\n|-enditem|p1a: Chien-Pao|Focus Sash\n|-damage|p1a: Chien-Pao|1\/100\n|move|p1a: Chien-Pao|Sacred Sword|p2b: Urshifu\n|-supereffective|p2b: Urshifu\n|-damage|p2b: Urshifu|0 fnt\n|faint|p2b: Urshifu\n|cant|p2a: Iron Hands|flinch\n|\n|-heal|p1a: Chien-Pao|7\/100|[from] Grassy Terrain\n|-heal|p1b: Rillaboom|77\/100|[from] Grassy Terrain\n|-heal|p2a: Iron Hands|88\/100|[from] Grassy Terrain\n|-fieldend|move: Grassy Terrain\n|upkeep\n|\n|t:|1701034367\n|switch|p2b: Rillaboom|Rillaboom, L50, F, shiny|100\/100\n|-fieldstart|move: Grassy Terrain|[from] ability: Grassy Surge|[of] p2b: Rillaboom\n|turn|6\n|\n|t:|1701034384\n|move|p1a: Chien-Pao|Protect|p1a: Chien-Pao\n|-singleturn|p1a: Chien-Pao|Protect\n|move|p2b: Rillaboom|Grassy Glide|p1a: Chien-Pao\n|-activate|p1a: Chien-Pao|move: Protect\n|move|p1b: Rillaboom|U-turn|p2b: Rillaboom\n|-supereffective|p2b: Rillaboom\n|-damage|p2b: Rillaboom|39\/100\n|\n|t:|1701034391\n|switch|p1b: Gholdengo|Gholdengo, L50|100\/100|[from] U-turn\n|move|p2a: Iron Hands|Drain Punch|p1b: Gholdengo\n|-immune|p1b: Gholdengo\n|\n|-heal|p1a: Chien-Pao|13\/100|[from] Grassy Terrain\n|-heal|p2b: Rillaboom|45\/100|[from] Grassy Terrain\n|-heal|p2a: Iron Hands|94\/100|[from] Grassy Terrain\n|upkeep\n|turn|7\n|\n|t:|1701034415\n|move|p1a: Chien-Pao|Sucker Punch|p2b: Rillaboom\n|-crit|p2b: Rillaboom\n|-damage|p2b: Rillaboom|0 fnt\n|faint|p2b: Rillaboom\n|move|p1b: Gholdengo|Nasty Plot|p1b: Gholdengo\n|-boost|p1b: Gholdengo|spa|2\n|move|p2a: Iron Hands|Wild Charge|p1b: Gholdengo\n|-damage|p1b: Gholdengo|47\/100\n|-damage|p2a: Iron Hands|85\/100|[from] Recoil\n|\n|-heal|p1a: Chien-Pao|19\/100|[from] Grassy Terrain\n|-heal|p1b: Gholdengo|53\/100|[from] Grassy Terrain\n|-heal|p1b: Gholdengo|59\/100|[from] item: Leftovers\n|-heal|p2a: Iron Hands|91\/100|[from] Grassy Terrain\n|upkeep\n|turn|8\n|-message|Ndonuh forfeited.\n|\n|win|sobablue\n|raw|sobablue's rating: 1210 &rarr; <strong>1238<\/strong><br \/>(+28 for winning)\n|raw|Ndonuh's rating: 1245 &rarr; <strong>1217<\/strong><br \/>(-28 for losing)\n|c|\u2606sobablue|ggs\n|l|\u2606Ndonuh\n","uploadtime":1701034438,"views":31,"p1id":"sobablue","p2id":"ndonuh","formatid":"gen9vgc2023regulatione","rating":1217,"private":0,"password":""}