{"id":"gen9vgc2023regulatione-1992297745","p1":"Mortivere","p2":"legndrygoatedXD69","format":"[Gen 9] VGC 2023 Regulation E","log":"|j|\u2606Mortivere\n|j|\u2606legndrygoatedXD69\n|t:|1700172122\n|gametype|doubles\n|player|p1|Mortivere|elesa|1384\n|player|p2|legndrygoatedXD69|iono|1501\n|teamsize|p1|6\n|teamsize|p2|6\n|gen|9\n|tier|[Gen 9] VGC 2023 Regulation E\n|rated|\n|rule|Species Clause: Limit one of each Pok\u00e9mon\n|rule|Item Clause: Limit one of each item\n|clearpoke\n|poke|p1|Iron Jugulis, L50|\n|poke|p1|Weezing, L50, F|\n|poke|p1|Arcanine-Hisui, L50, F|\n|poke|p1|Iron Hands, L50|\n|poke|p1|Flutter Mane, L50|\n|poke|p1|Ogerpon-Wellspring, L50, F|\n|poke|p2|Palafin, L50, M|\n|poke|p2|Chien-Pao, L50|\n|poke|p2|Amoonguss, L50, F|\n|poke|p2|Arcanine-Hisui, L50, M|\n|poke|p2|Rillaboom, L50, F|\n|poke|p2|Flutter Mane, L50|\n|teampreview|4\nlegndrygoatedXD69 has agreed to open team sheets.\n|c|\u2606legndrygoatedXD69|!dt zero to hero\n|raw|<ul class=\"utilichart\"><li class=\"result\"><span class=\"col namecol\"><a href=\"https:\/\/dex.pokemonshowdown.com\/abilities\/zerotohero\">Zero to Hero<\/a><\/span> <span class=\"col abilitydesccol\">If this Pokemon is a Palafin in Zero Form, switching out has it change to Hero Form.<\/span> <\/li><li style=\"clear:both\"><\/li><\/ul>\n|raw|<font size=\"1\"><font color=\"#686868\">Gen:<\/font> 9&nbsp;|&ThickSpace;&#10003; Not affected by Gastro Acid<\/font>\n\n|\n|t:|1700172207\n|start\n|switch|p1a: Iron Hands|Iron Hands, L50|100\/100\n|switch|p1b: Weezing|Weezing, L50, F|100\/100\n|switch|p2a: Amoonguss|Amoonguss, L50, F|100\/100\n|switch|p2b: Palafin|Palafin, L50, M|100\/100\n|-ability|p1b: Weezing|Neutralizing Gas\n|turn|1\n|inactive|Battle timer is ON: inactive players will automatically lose when time's up. (requested by Mortivere)\n|inactive|Mortivere has 60 seconds left.\n|\n|t:|1700172243\n|detailschange|p2b: Palafin|Palafin-Hero, L50, M\n|switch|p2b: Arcanine|Arcanine-Hisui, L50, M|100\/100\n|move|p2a: Amoonguss|Protect|p2a: Amoonguss\n|-singleturn|p2a: Amoonguss|Protect\n|move|p1a: Iron Hands|Fake Out|p2a: Amoonguss\n|-activate|p2a: Amoonguss|move: Protect\n|move|p1b: Weezing|Will-O-Wisp|p2b: Arcanine\n|-immune|p2b: Arcanine\n|\n|upkeep\n|turn|2\n|inactive|legndrygoatedXD69 has 30 seconds left.\n|\n|t:|1700172270\n|move|p2b: Arcanine|Flare Blitz|p1b: Weezing\n|-damage|p1b: Weezing|23\/100\n|-enditem|p1b: Weezing|Sitrus Berry|[eat]\n|-heal|p1b: Weezing|48\/100|[from] item: Sitrus Berry\n|-damage|p2b: Arcanine|78\/100|[from] Recoil\n|move|p1b: Weezing|Taunt|p2a: Amoonguss\n|-start|p2a: Amoonguss|move: Taunt\n|-enditem|p2a: Amoonguss|Mental Herb\n|-end|p2a: Amoonguss|move: Taunt\n|move|p1a: Iron Hands|Drain Punch|p2b: Arcanine\n|-supereffective|p2b: Arcanine\n|-damage|p2b: Arcanine|0 fnt\n|faint|p2b: Arcanine\n|move|p2a: Amoonguss|Spore|p1b: Weezing\n|-status|p1b: Weezing|slp|[from] move: Spore\n|\n|upkeep\n|\n|t:|1700172289\n|switch|p2b: Palafin|Palafin-Hero, L50, M|100\/100\n|-activate|p2b: Palafin|ability: Zero to Hero\n|turn|3\n|\n|t:|1700172299\n|-end|p1a: Iron Hands|Quark Drive|[silent]\n|switch|p1a: Ogerpon|Ogerpon-Wellspring, L50, F|100\/100\n|move|p2a: Amoonguss|Rage Powder|p2a: Amoonguss\n|-singleturn|p2a: Amoonguss|move: Rage Powder\n|move|p2b: Palafin|Bulk Up|p2b: Palafin\n|-boost|p2b: Palafin|atk|1\n|-boost|p2b: Palafin|def|1\n|cant|p1b: Weezing|slp\n|\n|upkeep\n|turn|4\n|inactive|legndrygoatedXD69 has 30 seconds left.\n|\n|t:|1700172326\n|move|p1a: Ogerpon|Swords Dance|p1a: Ogerpon\n|-boost|p1a: Ogerpon|atk|2\n|move|p2b: Palafin|Close Combat|p1a: Ogerpon\n|-damage|p1a: Ogerpon|12\/100\n|-unboost|p2b: Palafin|def|1\n|-unboost|p2b: Palafin|spd|1\n|-curestatus|p1b: Weezing|slp|[msg]\n|move|p1b: Weezing|Taunt|p2a: Amoonguss\n|-start|p2a: Amoonguss|move: Taunt\n|move|p2a: Amoonguss|Pollen Puff|p2b: Palafin\n|-immune|p2b: Palafin\n|\n|upkeep\n|turn|5\n|inactive|Mortivere has 30 seconds left.\n|inactive|legndrygoatedXD69 has 30 seconds left.\n|inactive|Mortivere has 20 seconds left.\n|inactive|Mortivere has 15 seconds left.\n|inactive|Mortivere has 10 seconds left.\n|inactive|Mortivere has 5 seconds left.\n|inactive|legndrygoatedXD69 has 20 seconds left.\n|\n|t:|1700172389\n|switch|p2b: Chien-Pao|Chien-Pao, L50|100\/100\n|-end|p1b: Weezing|ability: Neutralizing Gas\n|-ability|p2b: Chien-Pao|Sword of Ruin\n|switch|p1b: Iron Hands|Iron Hands, L50|100\/100\n|move|p1a: Ogerpon|Spiky Shield|p1a: Ogerpon\n|-singleturn|p1a: Ogerpon|move: Protect\n|move|p2a: Amoonguss|Pollen Puff|p1a: Ogerpon\n|-activate|p1a: Ogerpon|move: Protect\n|\n|upkeep\n|turn|6\n|\n|t:|1700172405\n|move|p2b: Chien-Pao|Protect|p2b: Chien-Pao\n|-singleturn|p2b: Chien-Pao|Protect\n|move|p1b: Iron Hands|Fake Out|p2b: Chien-Pao\n|-activate|p2b: Chien-Pao|move: Protect\n|move|p1a: Ogerpon|Horn Leech|p2a: Amoonguss\n|-resisted|p2a: Amoonguss\n|-crit|p2a: Amoonguss\n|-damage|p2a: Amoonguss|75\/100\n|-heal|p1a: Ogerpon|27\/100|[from] drain|[of] p2a: Amoonguss\n|move|p2a: Amoonguss|Pollen Puff|p2b: Chien-Pao\n|-activate|p2b: Chien-Pao|move: Protect\n|\n|-end|p2a: Amoonguss|move: Taunt\n|upkeep\n|turn|7\n|inactive|Mortivere has 30 seconds left.\n|inactive|Mortivere has 20 seconds left.\n|\n|t:|1700172444\n|move|p2a: Amoonguss|Rage Powder|p2a: Amoonguss\n|-singleturn|p2a: Amoonguss|move: Rage Powder\n|move|p2b: Chien-Pao|Sucker Punch|p1a: Ogerpon\n|-damage|p1a: Ogerpon|0 fnt\n|faint|p1a: Ogerpon\n|move|p1b: Iron Hands|Drain Punch|p2a: Amoonguss\n|-resisted|p2a: Amoonguss\n|-damage|p2a: Amoonguss|53\/100\n|\n|upkeep\n|\n|t:|1700172454\n|switch|p1a: Flutter Mane|Flutter Mane, L50|100\/100\n|turn|8\n|inactive|Mortivere has 30 seconds left.\n|inactive|legndrygoatedXD69 has 30 seconds left.\n|inactive|Mortivere has 20 seconds left.\n|inactive|Mortivere has 15 seconds left.\n|inactive|Mortivere has 10 seconds left.\n|inactive|Mortivere has 5 seconds left.\n|inactive|legndrygoatedXD69 has 20 seconds left.\n|inactive|legndrygoatedXD69 has 15 seconds left.\n|\n|t:|1700172517\n|switch|p2a: Palafin|Palafin-Hero, L50, M|100\/100\n|-terastallize|p1a: Flutter Mane|Fairy\n|move|p2b: Chien-Pao|Protect|p2b: Chien-Pao\n|-singleturn|p2b: Chien-Pao|Protect\n|move|p1a: Flutter Mane|Moonblast|p2a: Palafin\n|-damage|p2a: Palafin|11\/100\n|move|p1b: Iron Hands|Drain Punch|p2b: Chien-Pao\n|-activate|p2b: Chien-Pao|move: Protect\n|\n|upkeep\n|turn|9\n|inactive|Mortivere has 30 seconds left.\n|\n|t:|1700172550\n|-end|p1a: Flutter Mane|Protosynthesis|[silent]\n|switch|p1a: Weezing|Weezing, L50, F|48\/100\n|-ability|p1a: Weezing|Neutralizing Gas\n|-terastallize|p2a: Palafin|Water\n|move|p2b: Chien-Pao|Ice Spinner|p1a: Weezing\n|-damage|p1a: Weezing|13\/100\n|move|p2a: Palafin|Wave Crash|p1b: Iron Hands\n|-damage|p1b: Iron Hands|32\/100\n|-damage|p2a: Palafin|0 fnt|[from] Recoil\n|faint|p2a: Palafin\n|move|p1b: Iron Hands|Drain Punch|p2b: Chien-Pao\n|-supereffective|p2b: Chien-Pao\n|-enditem|p2b: Chien-Pao|Focus Sash\n|-damage|p2b: Chien-Pao|1\/100\n|-heal|p1b: Iron Hands|65\/100|[from] drain|[of] p2b: Chien-Pao\n|\n|upkeep\n|\n|t:|1700172561\n|switch|p2a: Amoonguss|Amoonguss, L50, F|86\/100\n|turn|10\n|inactive|Mortivere has 30 seconds left.\n|inactive|legndrygoatedXD69 has 30 seconds left.\n|inactive|Mortivere has 20 seconds left.\n|\n|t:|1700172600\n|move|p2b: Chien-Pao|Ice Spinner|p1b: Iron Hands\n|-damage|p1b: Iron Hands|34\/100\n|move|p1a: Weezing|Taunt|p2a: Amoonguss\n|-start|p2a: Amoonguss|move: Taunt\n|move|p1b: Iron Hands|Drain Punch|p2b: Chien-Pao\n|-supereffective|p2b: Chien-Pao\n|-damage|p2b: Chien-Pao|0 fnt\n|-heal|p1b: Iron Hands|34\/100|[from] drain|[of] p2b: Chien-Pao\n|faint|p2b: Chien-Pao\n|cant|p2a: Amoonguss|move: Taunt|Spore\n|\n|upkeep\n|turn|11\n|-message|legndrygoatedXD69 forfeited.\n|\n|win|Mortivere\n|raw|Mortivere's rating: 1384 &rarr; <strong>1410<\/strong><br \/>(+26 for winning)\n|raw|legndrygoatedXD69's rating: 1501 &rarr; <strong>1475<\/strong><br \/>(-26 for losing)\n|l|\u2606legndrygoatedXD69\n","uploadtime":1700172622,"views":17,"p1id":"mortivere","p2id":"legndrygoatedxd69","formatid":"gen9vgc2023regulatione","rating":1410,"private":0,"password":""}