{"id":"gen9vgc2023regulatione-1990207593","p1":"superseriousboi","p2":"lontificus","format":"[Gen 9] VGC 2023 Regulation E","log":"|j|\u2606superseriousboi\n|j|\u2606lontificus\n|t:|1699937472\n|gametype|doubles\n|player|p1|superseriousboi|266|1326\n|player|p2|lontificus|infielder|1269\n|teamsize|p1|6\n|teamsize|p2|6\n|gen|9\n|tier|[Gen 9] VGC 2023 Regulation E\n|rated|\n|rule|Species Clause: Limit one of each Pok\u00e9mon\n|rule|Item Clause: Limit one of each item\n|clearpoke\n|poke|p1|Ogerpon-Wellspring, L50, F|\n|poke|p1|Landorus-Therian, L50, M|\n|poke|p1|Heatran, L50, M|\n|poke|p1|Iron Hands, L50|\n|poke|p1|Kingambit, L50, F|\n|poke|p1|Flutter Mane, L50|\n|poke|p2|Shiftry, L50, M|\n|poke|p2|Tornadus, L50, M|\n|poke|p2|Flutter Mane, L50|\n|poke|p2|Dragonite, L50, M|\n|poke|p2|Heatran, L50, F|\n|poke|p2|Urshifu-*, L50, F|\n|teampreview|4\nsuperseriousboi has agreed to open team sheets.\nlontificus has agreed to open team sheets.\n|inactive|Battle timer is ON: inactive players will automatically lose when time's up. (requested by lontificus)\n|\n|t:|1699937573\n|start\n|switch|p1a: Landorus|Landorus-Therian, L50, M|100\/100\n|switch|p1b: Heatran|Heatran, L50, M|100\/100\n|switch|p2a: Shiftry|Shiftry, L50, M|100\/100\n|switch|p2b: Tornadus|Tornadus, L50, M|100\/100\n|-ability|p1a: Landorus|Intimidate|boost\n|-unboost|p2a: Shiftry|atk|1\n|-unboost|p2b: Tornadus|atk|1\n|turn|1\n|inactive|lontificus has 30 seconds left.\n|inactive|lontificus has 20 seconds left.\n|inactive|lontificus has 15 seconds left.\n|\n|t:|1699937618\n|switch|p2a: Dragonite|Dragonite, L50, M|100\/100\n|move|p2b: Tornadus|Tailwind|p2b: Tornadus\n|-sidestart|p2: lontificus|move: Tailwind\n|move|p1a: Landorus|U-turn|p2a: Dragonite\n|-resisted|p2a: Dragonite\n|-crit|p2a: Dragonite\n|-damage|p2a: Dragonite|81\/100\n|\n|t:|1699937627\n|switch|p1a: Flutter Mane|Flutter Mane, L50|100\/100|[from] U-turn\n|move|p1b: Heatran|Heat Wave|p2a: Dragonite|[spread] p2a,p2b\n|-resisted|p2a: Dragonite\n|-damage|p2a: Dragonite|67\/100\n|-damage|p2b: Tornadus|60\/100\n|-damage|p1b: Heatran|91\/100|[from] item: Life Orb\n|\n|upkeep\n|turn|2\n|\n|t:|1699937647\n|move|p1a: Flutter Mane|Protect|p1a: Flutter Mane\n|-singleturn|p1a: Flutter Mane|Protect\n|move|p1b: Heatran|Protect|p1b: Heatran\n|-singleturn|p1b: Heatran|Protect\n|move|p2b: Tornadus|Bleakwind Storm|p1a: Flutter Mane|[spread] \n|-activate|p1a: Flutter Mane|move: Protect\n|-activate|p1b: Heatran|move: Protect\n|move|p2a: Dragonite|Stomping Tantrum|p1b: Heatran\n|-activate|p1b: Heatran|move: Protect\n|\n|upkeep\n|turn|3\n|\n|t:|1699937662\n|switch|p1b: Landorus|Landorus-Therian, L50, M|100\/100\n|-ability|p1b: Landorus|Intimidate|boost\n|-fail|p2a: Dragonite|unboost|Attack|[from] ability: Inner Focus|[of] p2a: Dragonite\n|-unboost|p2b: Tornadus|atk|1\n|move|p2b: Tornadus|Bleakwind Storm|p1a: Flutter Mane|[spread] p1a,p1b\n|-damage|p1a: Flutter Mane|64\/100\n|-damage|p1b: Landorus|60\/100\n|move|p2a: Dragonite|Stomping Tantrum|p1b: Landorus\n|-immune|p1b: Landorus\n|move|p1a: Flutter Mane|Icy Wind|p2b: Tornadus|[spread] p2a,p2b\n|-supereffective|p2a: Dragonite\n|-crit|p2a: Dragonite\n|-supereffective|p2b: Tornadus\n|-damage|p2a: Dragonite|0 fnt\n|-damage|p2b: Tornadus|28\/100\n|faint|p2a: Dragonite\n|\n|upkeep\n|\n|t:|1699937671\n|switch|p2a: Flutter Mane|Flutter Mane, L50|100\/100\n|turn|4\n|\n|t:|1699937684\n|switch|p1b: Heatran|Heatran, L50, M|91\/100\n|-terastallize|p2a: Flutter Mane|Fairy\n|move|p1a: Flutter Mane|Protect|p1a: Flutter Mane\n|-singleturn|p1a: Flutter Mane|Protect\n|move|p2b: Tornadus|Sunny Day|p2b: Tornadus\n|-weather|SunnyDay\n|-activate|p2a: Flutter Mane|ability: Protosynthesis\n|-start|p2a: Flutter Mane|protosynthesisspa\n|-activate|p1a: Flutter Mane|ability: Protosynthesis\n|-start|p1a: Flutter Mane|protosynthesisspa\n|move|p2a: Flutter Mane|Dazzling Gleam|p1b: Heatran|[spread] p1b\n|-activate|p1a: Flutter Mane|move: Protect\n|-resisted|p1b: Heatran\n|-damage|p1b: Heatran|76\/100\n|\n|-weather|SunnyDay|[upkeep]\n|-sideend|p2: lontificus|move: Tailwind\n|upkeep\n|turn|5\n|inactive|superseriousboi has 30 seconds left.\n|\n|t:|1699937712\n|move|p1a: Flutter Mane|Icy Wind|p2b: Tornadus|[spread] p2a,p2b\n|-supereffective|p2b: Tornadus\n|-damage|p2a: Flutter Mane|77\/100\n|-damage|p2b: Tornadus|0 fnt\n|-unboost|p2a: Flutter Mane|spe|1\n|faint|p2b: Tornadus\n|move|p2a: Flutter Mane|Dazzling Gleam|p1b: Heatran|[spread] p1a,p1b\n|-crit|p1a: Flutter Mane\n|-resisted|p1b: Heatran\n|-damage|p1a: Flutter Mane|0 fnt\n|-damage|p1b: Heatran|59\/100\n|faint|p1a: Flutter Mane\n|-end|p1a: Flutter Mane|Protosynthesis|[silent]\n|move|p1b: Heatran|Flash Cannon|p2a: Flutter Mane\n|-supereffective|p2a: Flutter Mane\n|-crit|p2a: Flutter Mane\n|-damage|p2a: Flutter Mane|0 fnt\n|faint|p2a: Flutter Mane\n|-end|p2a: Flutter Mane|Protosynthesis|[silent]\n|-damage|p1b: Heatran|49\/100|[from] item: Life Orb\n|\n|-weather|SunnyDay|[upkeep]\n|upkeep\n|-message|lontificus forfeited.\n|\n|win|superseriousboi\n|raw|superseriousboi's rating: 1326 &rarr; <strong>1343<\/strong><br \/>(+17 for winning)\n|raw|lontificus's rating: 1269 &rarr; <strong>1248<\/strong><br \/>(-21 for losing)\n|l|\u2606lontificus\n","uploadtime":1699937733,"views":8,"p1id":"superseriousboi","p2id":"lontificus","formatid":"gen9vgc2023regulatione","rating":1248,"private":0,"password":""}