{"id":"gen9vgc2023regulatione-1992483035","p1":"WillieDangerously","p2":"hedgeh0g_pie","format":"[Gen 9] VGC 2023 Regulation E","log":"|j|\u2606WillieDangerously\n|j|\u2606hedgeh0g_pie\n|t:|1700193185\n|gametype|doubles\n|player|p1|WillieDangerously|psychic-gen4|1434\n|player|p2|hedgeh0g_pie|swimmer|1320\n|teamsize|p1|6\n|teamsize|p2|6\n|gen|9\n|tier|[Gen 9] VGC 2023 Regulation E\n|rated|\n|rule|Species Clause: Limit one of each Pok\u00e9mon\n|rule|Item Clause: Limit one of each item\n|clearpoke\n|poke|p1|Iron Hands, L50|\n|poke|p1|Iron Bundle, L50|\n|poke|p1|Landorus-Therian, L50, M|\n|poke|p1|Sinistcha, L50|\n|poke|p1|Ninetales-Alola, L50, F|\n|poke|p1|Heatran, L50, F|\n|poke|p2|Pelipper, L50, F|\n|poke|p2|Ludicolo, L50, M|\n|poke|p2|Gholdengo, L50|\n|poke|p2|Goodra-Hisui, L50, F|\n|poke|p2|Chien-Pao, L50|\n|poke|p2|Palafin, L50, M|\n|teampreview|4\n|inactive|Battle timer is ON: inactive players will automatically lose when time's up. (requested by hedgeh0g_pie)\n|inactive|WillieDangerously has 60 seconds left.\n|inactive|hedgeh0g_pie has 60 seconds left.\n|inactive|WillieDangerously has 30 seconds left.\n|inactive|hedgeh0g_pie has 30 seconds left.\n|inactive|hedgeh0g_pie has 20 seconds left.\n|inactive|hedgeh0g_pie has 15 seconds left.\n|inactive|hedgeh0g_pie has 10 seconds left.\n|\n|t:|1700193269\n|start\n|switch|p1a: Iron Bundle|Iron Bundle, L50|100\/100\n|switch|p1b: Sinistcha|Sinistcha, L50|100\/100\n|switch|p2a: Pelipper|Pelipper, L50, F, shiny|100\/100\n|switch|p2b: Goodra|Goodra-Hisui, L50, F|100\/100\n|-weather|RainDance|[from] ability: Drizzle|[of] p2a: Pelipper\n|-enditem|p1a: Iron Bundle|Booster Energy\n|-activate|p1a: Iron Bundle|ability: Quark Drive|[fromitem]\n|-start|p1a: Iron Bundle|quarkdrivespe\n|turn|1\n|inactive|hedgeh0g_pie has 30 seconds left.\n|inactive|hedgeh0g_pie has 20 seconds left.\n|inactive|hedgeh0g_pie has 15 seconds left.\n|inactive|hedgeh0g_pie has 10 seconds left.\n|\n|t:|1700193316\n|switch|p1b: Ninetales|Ninetales-Alola, L50, F|100\/100\n|-weather|Snow|[from] ability: Snow Warning|[of] p1b: Ninetales\n|move|p1a: Iron Bundle|Blizzard|p2b: Goodra|[spread] p2a,p2b\n|-damage|p2a: Pelipper|25\/100\n|-damage|p2b: Goodra|74\/100\n|move|p2a: Pelipper|Hurricane|p1b: Ninetales|[miss]\n|-miss|p2a: Pelipper|p1b: Ninetales\n|move|p2b: Goodra|Heavy Slam|p1a: Iron Bundle\n|-damage|p1a: Iron Bundle|66\/100\n|\n|-weather|Snow|[upkeep]\n|-heal|p2b: Goodra|80\/100|[from] item: Leftovers\n|upkeep\n|turn|2\n|\n|t:|1700193340\n|switch|p2a: Chien-Pao|Chien-Pao, L50|100\/100\n|-ability|p2a: Chien-Pao|Sword of Ruin\n|move|p1a: Iron Bundle|Blizzard|p2b: Goodra|[spread] p2a,p2b\n|-resisted|p2a: Chien-Pao\n|-damage|p2a: Chien-Pao|68\/100\n|-damage|p2b: Goodra|51\/100\n|move|p1b: Ninetales|Aurora Veil|p1b: Ninetales\n|-sidestart|p1: WillieDangerously|move: Aurora Veil\n|move|p2b: Goodra|Body Press|p1a: Iron Bundle\n|-supereffective|p1a: Iron Bundle\n|-damage|p1a: Iron Bundle|32\/100\n|\n|-weather|Snow|[upkeep]\n|-heal|p2b: Goodra|57\/100|[from] item: Leftovers\n|upkeep\n|turn|3\n|inactive|hedgeh0g_pie has 30 seconds left.\n|inactive|WillieDangerously has 30 seconds left.\n|inactive|hedgeh0g_pie has 20 seconds left.\n|inactive|hedgeh0g_pie has 15 seconds left.\n|\n|t:|1700193383\n|move|p1a: Iron Bundle|Protect|p1a: Iron Bundle\n|-singleturn|p1a: Iron Bundle|Protect\n|move|p2a: Chien-Pao|Sacred Sword|p1a: Iron Bundle\n|-activate|p1a: Iron Bundle|move: Protect\n|move|p1b: Ninetales|Moonblast|p2a: Chien-Pao\n|-supereffective|p2a: Chien-Pao\n|-damage|p2a: Chien-Pao|0 fnt\n|faint|p2a: Chien-Pao\n|move|p2b: Goodra|Heavy Slam|p1b: Ninetales\n|-supereffective|p1b: Ninetales\n|-damage|p1b: Ninetales|11\/100\n|\n|-weather|Snow|[upkeep]\n|-heal|p2b: Goodra|63\/100|[from] item: Leftovers\n|upkeep\n|\n|t:|1700193396\n|switch|p2a: Pelipper|Pelipper, L50, F, shiny|25\/100\n|-weather|RainDance|[from] ability: Drizzle|[of] p2a: Pelipper\n|turn|4\n|\n|t:|1700193415\n|switch|p1b: Sinistcha|Sinistcha, L50|100\/100\n|-heal|p1a: Iron Bundle|57\/100|[from] ability: Hospitality|[of] p1b: Sinistcha\n|move|p1a: Iron Bundle|Protect|p1a: Iron Bundle\n|-singleturn|p1a: Iron Bundle|Protect\n|move|p2a: Pelipper|Hurricane|p1b: Sinistcha\n|-supereffective|p1b: Sinistcha\n|-damage|p1b: Sinistcha|31\/100\n|-start|p1b: Sinistcha|confusion\n|-enditem|p1b: Sinistcha|Sitrus Berry|[eat]\n|-heal|p1b: Sinistcha|56\/100|[from] item: Sitrus Berry\n|move|p2b: Goodra|Body Press|p1a: Iron Bundle\n|-activate|p1a: Iron Bundle|move: Protect\n|\n|-weather|RainDance|[upkeep]\n|-heal|p2b: Goodra|70\/100|[from] item: Leftovers\n|upkeep\n|turn|5\n|inactive|WillieDangerously has 30 seconds left.\n|inactive|hedgeh0g_pie has 30 seconds left.\n|\n|t:|1700193447\n|switch|p2a: Palafin|Palafin, L50, M|100\/100\n|-activate|p1b: Sinistcha|confusion\n|-damage|p1b: Sinistcha|50\/100|[from] confusion\n|move|p1a: Iron Bundle|Icy Wind|p2a: Palafin|[spread] p2a,p2b\n|-resisted|p2a: Palafin\n|-damage|p2a: Palafin|84\/100\n|-damage|p2b: Goodra|56\/100\n|-unboost|p2a: Palafin|spe|1\n|-unboost|p2b: Goodra|spe|1\n|move|p2b: Goodra|Rain Dance||[still]\n|-fail|p2b: Goodra\n|\n|-weather|RainDance|[upkeep]\n|-heal|p2b: Goodra|62\/100|[from] item: Leftovers\n|upkeep\n|turn|6\n|inactive|WillieDangerously has 30 seconds left.\n|inactive|hedgeh0g_pie has 30 seconds left.\n|\n|t:|1700193476\n|move|p1a: Iron Bundle|Icy Wind|p2b: Goodra|[spread] p2a,p2b\n|-resisted|p2a: Palafin\n|-damage|p2a: Palafin|68\/100\n|-damage|p2b: Goodra|48\/100\n|-unboost|p2a: Palafin|spe|1\n|-unboost|p2b: Goodra|spe|1\n|move|p2a: Palafin|Flip Turn|p1a: Iron Bundle\n|-resisted|p1a: Iron Bundle\n|-damage|p1a: Iron Bundle|36\/100\n|\n|t:|1700193483\n|detailschange|p2a: Palafin|Palafin-Hero, L50, M\n|switch|p2a: Pelipper|Pelipper, L50, F, shiny|25\/100|[from] Flip Turn\n|-activate|p1b: Sinistcha|confusion\n|move|p1b: Sinistcha|Matcha Gotcha|p2b: Goodra|[spread] p2a\n|-ability|p2b: Goodra|Sap Sipper|boost\n|-boost|p2b: Goodra|atk|1\n|-damage|p2a: Pelipper|0 fnt\n|-heal|p1b: Sinistcha|60\/100|[from] drain|[of] p2a: Pelipper\n|faint|p2a: Pelipper\n|move|p2b: Goodra|Body Press|p1a: Iron Bundle\n|-supereffective|p1a: Iron Bundle\n|-damage|p1a: Iron Bundle|0 fnt\n|faint|p1a: Iron Bundle\n|-end|p1a: Iron Bundle|Quark Drive|[silent]\n|\n|-weather|RainDance|[upkeep]\n|-heal|p2b: Goodra|54\/100|[from] item: Leftovers\n|upkeep\n|inactive|WillieDangerously has 30 seconds left.\n|\n|t:|1700193510\n|switch|p1a: Iron Hands|Iron Hands, L50|100\/100\n|switch|p2a: Palafin|Palafin-Hero, L50, M|68\/100\n|-activate|p2a: Palafin|ability: Zero to Hero\n|turn|7\n|inactive|hedgeh0g_pie has 30 seconds left.\n|\n|t:|1700193540\n|move|p1a: Iron Hands|Fake Out|p2a: Palafin\n|-damage|p2a: Palafin|51\/100\n|cant|p2a: Palafin|flinch\n|-activate|p1b: Sinistcha|confusion\n|-damage|p1b: Sinistcha|55\/100|[from] confusion\n|move|p2b: Goodra|Heavy Slam|p1b: Sinistcha\n|-damage|p1b: Sinistcha|18\/100\n|\n|-weather|RainDance|[upkeep]\n|-heal|p2b: Goodra|60\/100|[from] item: Leftovers\n|upkeep\n|turn|8\n|inactive|hedgeh0g_pie has 30 seconds left.\n|\n|t:|1700193569\n|switch|p1b: Ninetales|Ninetales-Alola, L50, F|11\/100\n|-weather|Snow|[from] ability: Snow Warning|[of] p1b: Ninetales\n|move|p2a: Palafin|Zen Headbutt|p1a: Iron Hands|[miss]\n|-miss|p2a: Palafin|p1a: Iron Hands\n|move|p1a: Iron Hands|Wild Charge|p2a: Palafin\n|-supereffective|p2a: Palafin\n|-damage|p2a: Palafin|0 fnt\n|faint|p2a: Palafin\n|-damage|p1a: Iron Hands|91\/100|[from] Recoil\n|move|p2b: Goodra|Heavy Slam|p1b: Ninetales\n|-supereffective|p1b: Ninetales\n|-damage|p1b: Ninetales|0 fnt\n|faint|p1b: Ninetales\n|\n|-weather|Snow|[upkeep]\n|-heal|p2b: Goodra|66\/100|[from] item: Leftovers\n|upkeep\n|\n|t:|1700193584\n|switch|p1b: Sinistcha|Sinistcha, L50|18\/100\n|-heal|p1a: Iron Hands|100\/100|[from] ability: Hospitality|[of] p1b: Sinistcha\n|turn|9\n|\n|t:|1700193597\n|-terastallize|p2b: Goodra|Fairy\n|move|p1a: Iron Hands|Drain Punch|p2b: Goodra\n|-resisted|p2b: Goodra\n|-damage|p2b: Goodra|51\/100\n|move|p1b: Sinistcha|Shadow Ball|p2b: Goodra\n|-damage|p2b: Goodra|26\/100\n|-unboost|p2b: Goodra|spd|1\n|move|p2b: Goodra|Acid Armor|p2b: Goodra\n|-boost|p2b: Goodra|def|2\n|\n|-weather|Snow|[upkeep]\n|-heal|p2b: Goodra|32\/100|[from] item: Leftovers\n|-sideend|p1: WillieDangerously|move: Aurora Veil\n|upkeep\n|turn|10\n|\n|t:|1700193618\n|move|p1a: Iron Hands|Heavy Slam|p2b: Goodra\n|-supereffective|p2b: Goodra\n|-damage|p2b: Goodra|20\/100\n|move|p1b: Sinistcha|Shadow Ball|p2b: Goodra\n|-damage|p2b: Goodra|0 fnt\n|faint|p2b: Goodra\n|\n|win|WillieDangerously\n|raw|WillieDangerously's rating: 1434 &rarr; <strong>1448<\/strong><br \/>(+14 for winning)\n|raw|hedgeh0g_pie's rating: 1320 &rarr; <strong>1306<\/strong><br \/>(-14 for losing)\n","uploadtime":1700193625,"views":17,"p1id":"williedangerously","p2id":"hedgeh0gpie","formatid":"gen9vgc2023regulatione","rating":1306,"private":0,"password":""}