{"id":"gen9vgc2023regulatione-1997914702","p1":"Wotan888","p2":"Tuxmux","format":"[Gen 9] VGC 2023 Regulation E","log":"|j|\u2606Wotan888\n|j|\u2606Tuxmux\n|n|\u2606Wotan888|wotan888\n|n|\u2606Tuxmux|tuxmux\n|html|View the match progress at <a href=\"\/game-bestof3-gen9vgc2023regulatione-1997914701\">game-bestof3-gen9vgc2023regulatione-1997914701<\/a>\n|t:|1700866918\n|gametype|doubles\n|player|p1|Wotan888|ethan|\n|player|p2|Tuxmux|266|\n|teamsize|p1|6\n|teamsize|p2|6\n|gen|9\n|tier|[Gen 9] VGC 2023 Regulation E\n|rule|Species Clause: Limit one of each Pok\u00e9mon\n|rule|Item Clause: Limit one of each item\n|clearpoke\n|poke|p1|Sinistcha, L50|\n|poke|p1|Basculin-White-Striped, L50, F|\n|poke|p1|Baxcalibur, L50, F|\n|poke|p1|Ninetales-Alola, L50, F|\n|poke|p1|Zapdos, L50|\n|poke|p1|Persian-Alola, L50, F|\n|poke|p2|Ogerpon, L50, F|\n|poke|p2|Thwackey, L50, F|\n|poke|p2|Pelipper, L50, M|\n|poke|p2|Salamence, L50, F|\n|poke|p2|Polteageist, L50|\n|poke|p2|Rotom-Heat, L50|\n|teampreview|4\nWotan888 rejected open team sheets.\n|j| Jstardude\n|j| Lux2821\n|\n|t:|1700867007\n|start\n|switch|p1a: Zapdos|Zapdos, L50|100\/100\n|switch|p1b: Persian|Persian-Alola, L50, F, shiny|100\/100\n|switch|p2a: Polteageist|Polteageist, L50|100\/100\n|switch|p2b: Rotom|Rotom-Heat, L50|100\/100\n|turn|1\n|j| Stryke Out\n|\n|t:|1700867057\n|switch|p2a: Ogerpon|Ogerpon, L50, F|100\/100\n|move|p1b: Persian|Fake Out|p2b: Rotom\n|-damage|p2b: Rotom|92\/100\n|move|p1a: Zapdos|Tailwind|p1a: Zapdos\n|-sidestart|p1: Wotan888|move: Tailwind\n|cant|p2b: Rotom|flinch\n|\n|upkeep\n|turn|2\n|\n|t:|1700867105\n|move|p2a: Ogerpon|Spiky Shield|p2a: Ogerpon\n|-singleturn|p2a: Ogerpon|move: Protect\n|move|p1b: Persian|Knock Off|p2b: Rotom\n|-damage|p2b: Rotom|58\/100\n|-enditem|p2b: Rotom|Choice Specs|[from] move: Knock Off|[of] p1b: Persian\n|move|p1a: Zapdos|Volt Switch|p2a: Ogerpon\n|-activate|p2a: Ogerpon|move: Protect\n|move|p2b: Rotom|Thunderbolt|p1a: Zapdos\n|-damage|p1a: Zapdos|57\/100\n|\n|upkeep\n|turn|3\n|l| Stryke Out\n|\n|t:|1700867162\n|move|p1b: Persian|Parting Shot|p2b: Rotom\n|-unboost|p2b: Rotom|atk|1\n|-unboost|p2b: Rotom|spa|1\n|\n|t:|1700867168\n|switch|p1b: Ninetales|Ninetales-Alola, L50, F, shiny|100\/100|[from] Parting Shot\n|-weather|Snow|[from] ability: Snow Warning|[of] p1b: Ninetales\n|move|p1a: Zapdos|Volt Switch|p2a: Ogerpon\n|-resisted|p2a: Ogerpon\n|-damage|p2a: Ogerpon|81\/100\n|\n|t:|1700867171\n|switch|p1a: Persian|Persian-Alola, L50, F, shiny|100\/100|[from] Volt Switch\n|move|p2a: Ogerpon|Brick Break|p1b: Ninetales\n|-damage|p1b: Ninetales|77\/100\n|move|p2b: Rotom|Overheat|p1a: Persian\n|-damage|p1a: Persian|40\/100\n|-unboost|p2b: Rotom|spa|2\n|\n|-weather|Snow|[upkeep]\n|upkeep\n|turn|4\n|\n|t:|1700867211\n|switch|p2b: Pelipper|Pelipper, L50, M|100\/100\n|-weather|RainDance|[from] ability: Drizzle|[of] p2b: Pelipper\n|move|p2a: Ogerpon|Spiky Shield|p2a: Ogerpon\n|-singleturn|p2a: Ogerpon|move: Protect\n|move|p1a: Persian|Fake Out|p2a: Ogerpon\n|-activate|p2a: Ogerpon|move: Protect\n|-damage|p1a: Persian|29\/100|[from] Spiky Shield|[of] p2a: Ogerpon\n|move|p1b: Ninetales|Moonblast|p2b: Pelipper\n|-damage|p2b: Pelipper|40\/100\n|\n|-weather|RainDance|[upkeep]\n|-sideend|p1: Wotan888|move: Tailwind\n|upkeep\n|turn|5\n|j| Stryke Out\n|\n|t:|1700867246\n|move|p1a: Persian|Protect|p1a: Persian\n|-singleturn|p1a: Persian|Protect\n|move|p2b: Pelipper|Tailwind|p2b: Pelipper\n|-sidestart|p2: Tuxmux|move: Tailwind\n|move|p2a: Ogerpon|Focus Energy|p2a: Ogerpon\n|-start|p2a: Ogerpon|move: Focus Energy\n|move|p1b: Ninetales|Icy Wind|p2a: Ogerpon|[spread] p2b\n|-miss|p1b: Ninetales|p2a: Ogerpon\n|-damage|p2b: Pelipper|15\/100\n|-unboost|p2b: Pelipper|spe|1\n|\n|-weather|RainDance|[upkeep]\n|upkeep\n|turn|6\n|\n|t:|1700867273\n|switch|p2b: Polteageist|Polteageist, L50|100\/100\n|move|p2a: Ogerpon|Spiky Shield|p2a: Ogerpon\n|-singleturn|p2a: Ogerpon|move: Protect\n|move|p1a: Persian|Knock Off|p2b: Polteageist\n|-supereffective|p2b: Polteageist\n|-damage|p2b: Polteageist|42\/100\n|-enditem|p2b: Polteageist|Sitrus Berry|[from] move: Knock Off|[of] p1a: Persian\n|move|p1b: Ninetales|Blizzard|p2b: Polteageist|[spread] p2b\n|-activate|p2a: Ogerpon|move: Protect\n|-damage|p2b: Polteageist|14\/100\n|\n|-weather|RainDance|[upkeep]\n|upkeep\n|turn|7\n|\n|t:|1700867301\n|move|p2a: Ogerpon|Brick Break|p1b: Ninetales\n|-damage|p1b: Ninetales|39\/100\n|move|p2b: Polteageist|Shadow Ball|p1b: Ninetales\n|-damage|p1b: Ninetales|0 fnt\n|faint|p1b: Ninetales\n|move|p1a: Persian|Parting Shot|p2a: Ogerpon\n|-unboost|p2a: Ogerpon|atk|1\n|-ability|p2a: Ogerpon|Defiant|boost\n|-boost|p2a: Ogerpon|atk|2\n|-unboost|p2a: Ogerpon|spa|1\n|-ability|p2a: Ogerpon|Defiant|boost\n|-boost|p2a: Ogerpon|atk|2\n|\n|t:|1700867309\n|switch|p1a: Zapdos|Zapdos, L50|57\/100|[from] Parting Shot\n|\n|-weather|RainDance|[upkeep]\n|upkeep\n|\n|t:|1700867318\n|switch|p1b: Persian|Persian-Alola, L50, F, shiny|29\/100\n|turn|8\n|\n|t:|1700867394\n|switch|p2a: Pelipper|Pelipper, L50, M|15\/100\n|move|p2b: Polteageist|Shadow Ball|p1a: Zapdos\n|-damage|p1a: Zapdos|7\/100\n|move|p1b: Persian|Knock Off|p2b: Polteageist\n|-supereffective|p2b: Polteageist\n|-damage|p2b: Polteageist|0 fnt\n|-start|p1b: Persian|Disable|Knock Off|[from] ability: Cursed Body|[of] p2b: Polteageist\n|faint|p2b: Polteageist\n|move|p1a: Zapdos|Tailwind|p1a: Zapdos\n|-sidestart|p1: Wotan888|move: Tailwind\n|\n|-weather|none\n|-sideend|p2: Tuxmux|move: Tailwind\n|upkeep\n|\n|t:|1700867402\n|switch|p2b: Ogerpon|Ogerpon, L50, F|81\/100\n|turn|9\n|\n|t:|1700867419\n|-terastallize|p2b: Ogerpon|Grass\n|detailschange|p2b: Ogerpon|Ogerpon-Teal-Tera, L50, F, tera:Grass\n|-ability|p2b: Ogerpon|Embody Aspect (Teal)|boost\n|-boost|p2b: Ogerpon|spe|1\n|move|p1b: Persian|Protect|p1b: Persian\n|-singleturn|p1b: Persian|Protect\n|move|p1a: Zapdos|Protect|p1a: Zapdos\n|-singleturn|p1a: Zapdos|Protect\n|move|p2b: Ogerpon|Grassy Glide|p1a: Zapdos\n|-activate|p1a: Zapdos|move: Protect\n|move|p2a: Pelipper|Tailwind|p2a: Pelipper\n|-sidestart|p2: Tuxmux|move: Tailwind\n|\n|upkeep\n|turn|10\n|\n|t:|1700867478\n|switch|p2a: Rotom|Rotom-Heat, L50|58\/100\n|move|p2b: Ogerpon|Grassy Glide|p1a: Zapdos\n|-resisted|p1a: Zapdos\n|-damage|p1a: Zapdos|0 fnt\n|faint|p1a: Zapdos\n|move|p1b: Persian|Parting Shot|p2a: Rotom\n|-unboost|p2a: Rotom|atk|1\n|-unboost|p2a: Rotom|spa|1\n|\n|t:|1700867483\n|switch|p1b: Baxcalibur|Baxcalibur, L50, F|100\/100|[from] Parting Shot\n|\n|upkeep\n|\n|t:|1700867485\n|switch|p1a: Persian|Persian-Alola, L50, F, shiny|29\/100\n|turn|11\n|\n|t:|1700867580\n|switch|p2a: Pelipper|Pelipper, L50, M|15\/100\n|-weather|RainDance|[from] ability: Drizzle|[of] p2a: Pelipper\n|-terastallize|p1b: Baxcalibur|Steel\n|move|p2b: Ogerpon|Spiky Shield|p2b: Ogerpon\n|-singleturn|p2b: Ogerpon|move: Protect\n|move|p1a: Persian|Fake Out|p2b: Ogerpon\n|-activate|p2b: Ogerpon|move: Protect\n|-damage|p1a: Persian|16\/100|[from] Spiky Shield|[of] p2b: Ogerpon\n|move|p1b: Baxcalibur|Scale Shot|p2a: Pelipper\n|-damage|p2a: Pelipper|0 fnt\n|faint|p2a: Pelipper\n|-hitcount|p2: Pelipper|1\n|-unboost|p1b: Baxcalibur|def|1\n|-boost|p1b: Baxcalibur|spe|1\n|\n|-weather|RainDance|[upkeep]\n|-sideend|p1: Wotan888|move: Tailwind\n|upkeep\n|\n|t:|1700867593\n|switch|p2a: Rotom|Rotom-Heat, L50|58\/100\n|turn|12\n|\n|t:|1700867611\n|move|p1b: Baxcalibur|Ice Shard|p2b: Ogerpon\n|-supereffective|p2b: Ogerpon\n|-damage|p2b: Ogerpon|24\/100\n|move|p2b: Ogerpon|Brick Break|p1a: Persian\n|-supereffective|p1a: Persian\n|-damage|p1a: Persian|0 fnt\n|-damage|p2b: Ogerpon|7\/100|[from] item: Rocky Helmet|[of] p1a: Persian\n|faint|p1a: Persian\n|move|p2a: Rotom|Overheat|p1b: Baxcalibur\n|-supereffective|p1b: Baxcalibur\n|-damage|p1b: Baxcalibur|40\/100\n|-unboost|p2a: Rotom|spa|2\n|-ability|p1b: Baxcalibur|Thermal Exchange|boost\n|-boost|p1b: Baxcalibur|atk|1\n|\n|-weather|RainDance|[upkeep]\n|-sideend|p2: Tuxmux|move: Tailwind\n|upkeep\n|turn|13\n|\n|t:|1700867666\n|move|p1b: Baxcalibur|Ice Shard|p2b: Ogerpon\n|-supereffective|p2b: Ogerpon\n|-damage|p2b: Ogerpon|0 fnt\n|faint|p2b: Ogerpon\n|move|p2a: Rotom|Overheat|p1b: Baxcalibur\n|-supereffective|p1b: Baxcalibur\n|-damage|p1b: Baxcalibur|9\/100\n|-unboost|p2a: Rotom|spa|2\n|-ability|p1b: Baxcalibur|Thermal Exchange|boost\n|-boost|p1b: Baxcalibur|atk|1\n|\n|-weather|RainDance|[upkeep]\n|upkeep\n|turn|14\n|\n|t:|1700867750\n|move|p1b: Baxcalibur|Scale Shot|p2a: Rotom\n|-damage|p2a: Rotom|17\/100\n|-damage|p2a: Rotom|0 fnt\n|faint|p2a: Rotom\n|-hitcount|p2: Rotom|2\n|\n|win|Wotan888\n|c|&|\/uhtml prompt-tuxmux,Tuxmux is ready for game 2!\n|c|\u2606Tuxmux|gg\n|c|\u2606Wotan888|gg\n|inactive|Wotan888 has 50 seconds to confirm battle start!\n|c|&|\/uhtml prompt-wotan888,Wotan888 is ready for game 2!\nBoth players are ready! Starting next match!\n|c| Stryke Out|14 turns sheesh\n|l| Lux2821\n|l| Jstardude\n","uploadtime":1700868472,"views":13,"p1id":"wotan888","p2id":"tuxmux","formatid":"gen9vgc2023regulatione","rating":0,"private":0,"password":""}