{"id":"gen9vgc2023regulatione-1989640633","p1":"ataldore","p2":"Shadallion987654","format":"[Gen 9] VGC 2023 Regulation E","log":"|j|\u2606ataldore\n|j|\u2606Shadallion987654\n|t:|1699882157\n|gametype|doubles\n|player|p1|ataldore|unknown|1092\n|player|p2|Shadallion987654|102|1094\n|teamsize|p1|6\n|teamsize|p2|6\n|gen|9\n|tier|[Gen 9] VGC 2023 Regulation E\n|rated|\n|rule|Species Clause: Limit one of each Pok\u00e9mon\n|rule|Item Clause: Limit one of each item\n|clearpoke\n|poke|p1|Annihilape, L50, M|\n|poke|p1|Maushold-Four, L50|\n|poke|p1|Armarouge, L50, M|\n|poke|p1|Indeedee-F, L50, F|\n|poke|p1|Murkrow, L50, F|\n|poke|p1|Iron Hands, L50|\n|poke|p2|Landorus-Therian, L50, M|\n|poke|p2|Heatran, L50, M|\n|poke|p2|Tyranitar, L50, F|\n|poke|p2|Cresselia, L50, F|\n|poke|p2|Amoonguss, L50, M|\n|poke|p2|Urshifu-*, L50, F|\n|teampreview|4\n|inactive|Battle timer is ON: inactive players will automatically lose when time's up. (requested by Shadallion987654)\nataldore rejected open team sheets.\n|inactive|Shadallion987654 has 60 seconds left.\n|\n|t:|1699882208\n|start\n|switch|p1a: Annihilape|Annihilape, L50, M|100\/100\n|switch|p1b: Maushold|Maushold-Four, L50|100\/100\n|switch|p2a: Amoonguss|Amoonguss, L50, M, shiny|100\/100\n|switch|p2b: Cresselia|Cresselia, L50, F|100\/100\n|turn|1\n|inactive|Shadallion987654 has 30 seconds left.\n|\n|t:|1699882233\n|-terastallize|p1a: Annihilape|Fire\n|move|p2a: Amoonguss|Rage Powder|p2a: Amoonguss\n|-singleturn|p2a: Amoonguss|move: Rage Powder\n|move|p1b: Maushold|Beat Up|p2a: Amoonguss\n|-crit|p2a: Amoonguss\n|-damage|p2a: Amoonguss|97\/100\n|-damage|p2a: Amoonguss|94\/100\n|-crit|p2a: Amoonguss\n|-damage|p2a: Amoonguss|90\/100\n|-damage|p2a: Amoonguss|87\/100\n|-hitcount|p2a: Amoonguss|4\n|move|p1a: Annihilape|Rage Fist|p2a: Amoonguss\n|-damage|p2a: Amoonguss|67\/100\n|-damage|p1a: Annihilape|84\/100|[from] item: Rocky Helmet|[of] p2a: Amoonguss\n|move|p2b: Cresselia|Psychic|p1b: Maushold\n|-damage|p1b: Maushold|54\/100\n|\n|-heal|p1a: Annihilape|90\/100|[from] item: Leftovers\n|upkeep\n|turn|2\n|inactive|Shadallion987654 has 30 seconds left.\n|\n|t:|1699882259\n|move|p1b: Maushold|Follow Me|p1b: Maushold\n|-singleturn|p1b: Maushold|move: Follow Me\n|move|p2a: Amoonguss|Rage Powder|p2a: Amoonguss\n|-singleturn|p2a: Amoonguss|move: Rage Powder\n|move|p1a: Annihilape|Bulk Up|p1a: Annihilape\n|-boost|p1a: Annihilape|atk|1\n|-boost|p1a: Annihilape|def|1\n|move|p2b: Cresselia|Dazzling Gleam|p1b: Maushold|[spread] p1a,p1b\n|-resisted|p1a: Annihilape\n|-damage|p1a: Annihilape|85\/100\n|-damage|p1b: Maushold|33\/100\n|\n|-heal|p1a: Annihilape|91\/100|[from] item: Leftovers\n|upkeep\n|turn|3\n|\n|t:|1699882279\n|switch|p2b: Tyranitar|Tyranitar, L50, F|100\/100\n|-weather|Sandstorm|[from] ability: Sand Stream|[of] p2b: Tyranitar\n|move|p1b: Maushold|Follow Me|p1b: Maushold\n|-singleturn|p1b: Maushold|move: Follow Me\n|move|p2a: Amoonguss|Rage Powder|p2a: Amoonguss\n|-singleturn|p2a: Amoonguss|move: Rage Powder\n|move|p1a: Annihilape|Bulk Up|p1a: Annihilape\n|-boost|p1a: Annihilape|atk|1\n|-boost|p1a: Annihilape|def|1\n|\n|-weather|Sandstorm|[upkeep]\n|-damage|p1b: Maushold|27\/100|[from] Sandstorm\n|-damage|p1a: Annihilape|85\/100|[from] Sandstorm\n|-damage|p2a: Amoonguss|60\/100|[from] Sandstorm\n|-heal|p1a: Annihilape|91\/100|[from] item: Leftovers\n|upkeep\n|turn|4\n|\n|t:|1699882302\n|move|p1b: Maushold|Follow Me|p1b: Maushold\n|-singleturn|p1b: Maushold|move: Follow Me\n|move|p1a: Annihilape|Drain Punch|p2b: Tyranitar\n|-supereffective|p2b: Tyranitar\n|-damage|p2b: Tyranitar|0 fnt\n|-heal|p1a: Annihilape|100\/100|[from] drain|[of] p2b: Tyranitar\n|faint|p2b: Tyranitar\n|move|p2a: Amoonguss|Spore|p1b: Maushold\n|-status|p1b: Maushold|slp|[from] move: Spore\n|\n|-weather|Sandstorm|[upkeep]\n|-damage|p1b: Maushold|21\/100 slp|[from] Sandstorm\n|-damage|p1a: Annihilape|95\/100|[from] Sandstorm\n|-damage|p2a: Amoonguss|54\/100|[from] Sandstorm\n|-heal|p1a: Annihilape|100\/100|[from] item: Leftovers\n|upkeep\n|\n|t:|1699882317\n|switch|p2b: Urshifu|Urshifu-Rapid-Strike, L50, F|100\/100\n|turn|5\n|\n|t:|1699882338\n|switch|p1b: Murkrow|Murkrow, L50, F|100\/100\n|-terastallize|p2b: Urshifu|Water\n|move|p1a: Annihilape|Protect|p1a: Annihilape\n|-singleturn|p1a: Annihilape|Protect\n|move|p2a: Amoonguss|Protect|p2a: Amoonguss\n|-singleturn|p2a: Amoonguss|Protect\n|move|p2b: Urshifu|Surging Strikes|p1a: Annihilape\n|-supereffective|p1a: Annihilape\n|-crit|p1a: Annihilape\n|-damage|p1a: Annihilape|45\/100\n|-supereffective|p1a: Annihilape\n|-crit|p1a: Annihilape\n|-damage|p1a: Annihilape|0 fnt\n|faint|p1a: Annihilape\n|-hitcount|p1: Annihilape|2\n|\n|-weather|Sandstorm|[upkeep]\n|-damage|p2b: Urshifu|95\/100|[from] Sandstorm\n|-damage|p1b: Murkrow|94\/100|[from] Sandstorm\n|-damage|p2a: Amoonguss|48\/100|[from] Sandstorm\n|upkeep\n|\n|t:|1699882355\n|switch|p1a: Iron Hands|Iron Hands, L50|100\/100\n|turn|6\n|\n|t:|1699882370\n|switch|p2a: Cresselia|Cresselia, L50, F|100\/100\n|move|p1b: Murkrow|Quash|p2b: Urshifu\n|-activate|p2b: Urshifu|move: Quash\n|move|p1a: Iron Hands|Wild Charge|p2b: Urshifu\n|-supereffective|p2b: Urshifu\n|-damage|p2b: Urshifu|0 fnt\n|faint|p2b: Urshifu\n|-damage|p1a: Iron Hands|85\/100|[from] Recoil\n|\n|-weather|Sandstorm|[upkeep]\n|-damage|p1b: Murkrow|88\/100|[from] Sandstorm\n|-damage|p2a: Cresselia|95\/100|[from] Sandstorm\n|-damage|p1a: Iron Hands|79\/100|[from] Sandstorm\n|upkeep\n|\n|t:|1699882384\n|switch|p2b: Amoonguss|Amoonguss, L50, M, shiny|81\/100\n|turn|7\n|\n|t:|1699882395\n|move|p1b: Murkrow|Foul Play|p2a: Cresselia\n|-supereffective|p2a: Cresselia\n|-damage|p2a: Cresselia|65\/100\n|move|p2a: Cresselia|Dazzling Gleam|p1a: Iron Hands|[spread] p1a,p1b\n|-supereffective|p1a: Iron Hands\n|-supereffective|p1b: Murkrow\n|-damage|p1a: Iron Hands|60\/100\n|-damage|p1b: Murkrow|58\/100\n|move|p1a: Iron Hands|Wild Charge|p2a: Cresselia\n|-damage|p2a: Cresselia|24\/100\n|-enditem|p2a: Cresselia|Sitrus Berry|[eat]\n|-heal|p2a: Cresselia|48\/100|[from] item: Sitrus Berry\n|-damage|p1a: Iron Hands|51\/100|[from] Recoil\n|move|p2b: Amoonguss|Spore|p1b: Murkrow\n|-status|p1b: Murkrow|slp|[from] move: Spore\n|\n|-weather|none\n|upkeep\n|turn|8\n|inactive|ataldore has 30 seconds left.\n|c|\u2606ataldore|Spamming sleep, are you 6?\n|inactive|ataldore has 20 seconds left.\n|inactive|ataldore has 15 seconds left.\n|\n|t:|1699882435\n|cant|p1b: Murkrow|slp\n|move|p2a: Cresselia|Psychic|p1a: Iron Hands\n|-supereffective|p1a: Iron Hands\n|-damage|p1a: Iron Hands|5\/100\n|move|p1a: Iron Hands|Heavy Slam|p2b: Amoonguss\n|-damage|p2b: Amoonguss|32\/100\n|-damage|p1a: Iron Hands|0 fnt|[from] item: Rocky Helmet|[of] p2b: Amoonguss\n|faint|p1a: Iron Hands\n|-end|p1a: Iron Hands|Quark Drive|[silent]\n|move|p2b: Amoonguss|Spore|p1b: Murkrow\n|-fail|p1b: Murkrow|slp\n|\n|upkeep\n|c|\u2606ataldore|Literally a fucking loser child. Get stabbed.\n|l|\u2606ataldore\n|inactive|ataldore disconnected and has a minute to reconnect!\n|player|p1|\n|inactive|ataldore has 30 seconds left.\n|inactive|ataldore has 20 seconds left.\n|inactive|ataldore has 15 seconds left.\n|inactive|ataldore has 10 seconds left.\n|inactive|ataldore has 5 seconds left.\n|-message|ataldore lost due to inactivity.\n|\n|win|Shadallion987654\n|raw|ataldore's rating: 1092 &rarr; <strong>1068<\/strong><br \/>(-24 for losing)\n|raw|Shadallion987654's rating: 1094 &rarr; <strong>1120<\/strong><br \/>(+26 for winning)\n","uploadtime":1699882454,"views":22,"p1id":"ataldore","p2id":"shadallion987654","formatid":"gen9vgc2023regulatione","rating":1068,"private":0,"password":""}