{"id":"gen9vgc2023regulatione-1990227047","p1":"chulomalo","p2":"happy skadi","format":"[Gen 9] VGC 2023 Regulation E","log":"|j|\u2606chulomalo\n|j|\u2606happy skadi\n|t:|1699940516\n|gametype|doubles\n|player|p1|chulomalo|2|1337\n|player|p2|happy skadi|266|1247\n|teamsize|p1|6\n|teamsize|p2|6\n|gen|9\n|tier|[Gen 9] VGC 2023 Regulation E\n|rated|\n|rule|Species Clause: Limit one of each Pok\u00e9mon\n|rule|Item Clause: Limit one of each item\n|clearpoke\n|poke|p1|Flutter Mane, L50|\n|poke|p1|Tornadus, L50, M|\n|poke|p1|Urshifu-*, L50, F|\n|poke|p1|Arcanine-Hisui, L50, F|\n|poke|p1|Chien-Pao, L50|\n|poke|p1|Rillaboom, L50, M|\n|poke|p2|Enamorus-Therian, L50, F|\n|poke|p2|Ninetales-Alola, L50, M|\n|poke|p2|Ursaluna, L50, F|\n|poke|p2|Annihilape, L50, F|\n|poke|p2|Maushold-Four, L50|\n|poke|p2|Cresselia, L50, F|\n|teampreview|4\n|\n|t:|1699940544\n|start\n|switch|p1a: Arcanine-XVI|Arcanine-Hisui, L50, F|100\/100\n|switch|p1b: Chien-Pao|Chien-Pao, L50|100\/100\n|switch|p2a: Annihilape|Annihilape, L50, F, shiny|100\/100\n|switch|p2b: Ninetales|Ninetales-Alola, L50, M|100\/100\n|-ability|p1b: Chien-Pao|Sword of Ruin\n|-weather|Snow|[from] ability: Snow Warning|[of] p2b: Ninetales\n|-ability|p1a: Arcanine-XVI|Intimidate|boost\n|-unboost|p2a: Annihilape|atk|1\n|-ability|p2a: Annihilape|Defiant|boost\n|-boost|p2a: Annihilape|atk|2\n|-unboost|p2b: Ninetales|atk|1\n|turn|1\n|\n|t:|1699940578\n|move|p2a: Annihilape|Protect|p2a: Annihilape\n|-singleturn|p2a: Annihilape|Protect\n|move|p1b: Chien-Pao|Icicle Crash|p2a: Annihilape\n|-activate|p2a: Annihilape|move: Protect\n|move|p2b: Ninetales|Aurora Veil|p2b: Ninetales\n|-sidestart|p2: happy skadi|move: Aurora Veil\n|move|p1a: Arcanine-XVI|Rock Slide|p2b: Ninetales|[spread] p2b\n|-activate|p2a: Annihilape|move: Protect\n|-supereffective|p2b: Ninetales\n|-damage|p2b: Ninetales|33\/100\n|\n|-weather|Snow|[upkeep]\n|upkeep\n|turn|2\n|\n|t:|1699940593\n|move|p1b: Chien-Pao|Icicle Crash|p2a: Annihilape|[miss]\n|-miss|p1b: Chien-Pao|p2a: Annihilape\n|move|p2b: Ninetales|Icy Wind|p1b: Chien-Pao|[spread] p1a,p1b\n|-resisted|p1a: Arcanine-XVI\n|-resisted|p1b: Chien-Pao\n|-damage|p1a: Arcanine-XVI|93\/100\n|-damage|p1b: Chien-Pao|91\/100\n|-unboost|p1a: Arcanine-XVI|spe|1\n|-unboost|p1b: Chien-Pao|spe|1\n|move|p2a: Annihilape|Drain Punch|p1b: Chien-Pao\n|-supereffective|p1b: Chien-Pao\n|-damage|p1b: Chien-Pao|0 fnt\n|faint|p1b: Chien-Pao\n|move|p1a: Arcanine-XVI|Rock Slide|p2a: Annihilape|[spread] p2a,p2b\n|-resisted|p2a: Annihilape\n|-supereffective|p2b: Ninetales\n|-damage|p2a: Annihilape|87\/100\n|-damage|p2b: Ninetales|0 fnt\n|faint|p2b: Ninetales\n|\n|-weather|Snow|[upkeep]\n|-heal|p2a: Annihilape|93\/100|[from] item: Leftovers\n|upkeep\n|\n|t:|1699940609\n|switch|p1b: Urshifu|Urshifu-Rapid-Strike, L50, F|100\/100\n|switch|p2b: Maushold|Maushold-Four, L50|100\/100\n|turn|3\n|inactive|Battle timer is ON: inactive players will automatically lose when time's up. (requested by chulomalo)\n|\n|t:|1699940705\n|-terastallize|p1b: Urshifu|Water\n|move|p2b: Maushold|Encore|p1a: Arcanine-XVI\n|-start|p1a: Arcanine-XVI|Encore\n|move|p1b: Urshifu|Surging Strikes|p2a: Annihilape\n|-crit|p2a: Annihilape\n|-damage|p2a: Annihilape|71\/100\n|-crit|p2a: Annihilape\n|-damage|p2a: Annihilape|46\/100\n|-crit|p2a: Annihilape\n|-damage|p2a: Annihilape|20\/100\n|-hitcount|p2a: Annihilape|3\n|move|p2a: Annihilape|Rage Fist|p1b: Urshifu\n|-damage|p1b: Urshifu|0 fnt\n|faint|p1b: Urshifu\n|move|p1a: Arcanine-XVI|Rock Slide|p2b: Maushold|[spread] p2a,p2b\n|-resisted|p2a: Annihilape\n|-damage|p2a: Annihilape|10\/100\n|-damage|p2b: Maushold|62\/100\n|\n|-weather|Snow|[upkeep]\n|-heal|p2a: Annihilape|16\/100|[from] item: Leftovers\n|upkeep\n|\n|t:|1699940722\n|switch|p1b: Rillaboom|Rillaboom, L50, M|100\/100\n|-fieldstart|move: Grassy Terrain|[from] ability: Grassy Surge|[of] p1b: Rillaboom\n|turn|4\n|inactive|happy skadi has 30 seconds left.\n|\n|t:|1699940755\n|move|p2a: Annihilape|Protect|p2a: Annihilape\n|-singleturn|p2a: Annihilape|Protect\n|move|p1b: Rillaboom|Grassy Glide|p2a: Annihilape\n|-activate|p2a: Annihilape|move: Protect\n|move|p2b: Maushold|Encore|p1b: Rillaboom\n|-start|p1b: Rillaboom|Encore\n|move|p1a: Arcanine-XVI|Rock Slide|p2a: Annihilape|[spread] p2b\n|-activate|p2a: Annihilape|move: Protect\n|-damage|p2b: Maushold|26\/100\n|\n|-weather|Snow|[upkeep]\n|-heal|p2b: Maushold|32\/100|[from] Grassy Terrain\n|-heal|p2a: Annihilape|23\/100|[from] Grassy Terrain\n|-heal|p2a: Annihilape|29\/100|[from] item: Leftovers\n|-heal|p1a: Arcanine-XVI|99\/100|[from] Grassy Terrain\n|upkeep\n|turn|5\n|inactive|happy skadi has 30 seconds left.\n|\n|t:|1699940781\n|move|p2b: Maushold|Follow Me|p2b: Maushold\n|-singleturn|p2b: Maushold|move: Follow Me\n|move|p1b: Rillaboom|Grassy Glide|p2b: Maushold\n|-damage|p2b: Maushold|2\/100\n|move|p2a: Annihilape|Rage Fist|p1b: Rillaboom\n|-damage|p1b: Rillaboom|0 fnt\n|faint|p1b: Rillaboom\n|move|p1a: Arcanine-XVI|Rock Slide|p2b: Maushold|[spread] p2a,p2b\n|-resisted|p2a: Annihilape\n|-damage|p2a: Annihilape|18\/100\n|-damage|p2b: Maushold|0 fnt\n|faint|p2b: Maushold\n|\n|-weather|none\n|-heal|p2a: Annihilape|24\/100|[from] Grassy Terrain\n|-heal|p2a: Annihilape|30\/100|[from] item: Leftovers\n|-heal|p1a: Arcanine-XVI|100\/100|[from] Grassy Terrain\n|-end|p1a: Arcanine-XVI|Encore\n|upkeep\n|\n|t:|1699940787\n|switch|p2b: Cresselia|Cresselia, L50, F|100\/100\n|turn|6\n|-message|chulomalo forfeited.\n|\n|win|happy skadi\n|raw|chulomalo's rating: 1337 &rarr; <strong>1312<\/strong><br \/>(-25 for losing)\n|raw|happy skadi's rating: 1247 &rarr; <strong>1278<\/strong><br \/>(+31 for winning)\n|l|\u2606chulomalo\n|l|\u2606happy skadi\n|j|\u2606happy skadi\n|player|p2|happy skadi|266\n","uploadtime":1699941180,"views":20,"p1id":"chulomalo","p2id":"happyskadi","formatid":"gen9vgc2023regulatione","rating":1278,"private":0,"password":""}