{"id":"gen9vgc2023regulatione-1997998686","p1":"chef4444","p2":"TREY_NJVGC","format":"[Gen 9] VGC 2023 Regulation E","log":"|j|\u2606chef4444\n|j|\u2606TREY_NJVGC\n|t:|1700877118\n|gametype|doubles\n|player|p1|chef4444|psychic-gen4|1092\n|player|p2|TREY_NJVGC|bede-leader|1043\n|teamsize|p1|6\n|teamsize|p2|6\n|gen|9\n|tier|[Gen 9] VGC 2023 Regulation E\n|rated|\n|rule|Species Clause: Limit one of each Pok\u00e9mon\n|rule|Item Clause: Limit one of each item\n|clearpoke\n|poke|p1|Meowscarada, L50, F|\n|poke|p1|Tornadus, L50, M|\n|poke|p1|Charjabug, L50, M|\n|poke|p1|Ursaluna-Bloodmoon, L50, M|\n|poke|p1|Grumpig, L50, F|\n|poke|p1|Sylveon, L50, F|\n|poke|p2|Urshifu-*, L50, M|\n|poke|p2|Politoed, L50, M|\n|poke|p2|Ludicolo, L50, F|\n|poke|p2|Thundurus-Therian, L50, M|\n|poke|p2|Tornadus, L50, M|\n|poke|p2|Sinistcha, L50|\n|teampreview|4\n|\n|t:|1700877132\n|start\n|switch|p1a: Ursaluna|Ursaluna-Bloodmoon, L50, M|100\/100\n|switch|p1b: Grumpig|Grumpig, L50, F|100\/100\n|switch|p2a: Urshifu|Urshifu-Rapid-Strike, L50, M|100\/100\n|switch|p2b: Tornadus|Tornadus, L50, M|100\/100\n|turn|1\n|\n|t:|1700877153\n|-terastallize|p2a: Urshifu|Water\n|move|p2b: Tornadus|Taunt|p1b: Grumpig\n|-start|p1b: Grumpig|move: Taunt\n|move|p2a: Urshifu|Swords Dance|p2a: Urshifu\n|-boost|p2a: Urshifu|atk|2\n|cant|p1b: Grumpig|move: Taunt|Simple Beam\n|move|p1a: Ursaluna|Calm Mind|p1a: Ursaluna\n|-boost|p1a: Ursaluna|spa|1\n|-boost|p1a: Ursaluna|spd|1\n|\n|upkeep\n|turn|2\n|\n|t:|1700877169\n|switch|p1b: Charjabug|Charjabug, L50, M, shiny|100\/100\n|-terastallize|p1a: Ursaluna|Normal\n|move|p2b: Tornadus|Tailwind|p2b: Tornadus\n|-sidestart|p2: TREY_NJVGC|move: Tailwind\n|move|p2a: Urshifu|Surging Strikes|p1a: Ursaluna\n|-crit|p1a: Ursaluna\n|-damage|p1a: Ursaluna|64\/100\n|-crit|p1a: Ursaluna\n|-damage|p1a: Ursaluna|24\/100\n|-crit|p1a: Ursaluna\n|-damage|p1a: Ursaluna|0 fnt\n|faint|p1a: Ursaluna\n|-hitcount|p1: Ursaluna|3\n|\n|upkeep\n|\n|t:|1700877182\n|switch|p1a: Sylveon|Sylveon, L50, F|100\/100\n|turn|3\n|\n|t:|1700877193\n|move|p2b: Tornadus|Rain Dance|p2b: Tornadus\n|-weather|RainDance\n|move|p2a: Urshifu|Surging Strikes|p1b: Charjabug\n|-crit|p1b: Charjabug\n|-damage|p1b: Charjabug|58\/100\n|-crit|p1b: Charjabug\n|-damage|p1b: Charjabug|11\/100\n|-crit|p1b: Charjabug\n|-damage|p1b: Charjabug|0 fnt\n|faint|p1b: Charjabug\n|-hitcount|p1: Charjabug|3\n|move|p1a: Sylveon|Hyper Voice|p2b: Tornadus|[spread] p2a,p2b\n|-damage|p2a: Urshifu|21\/100\n|-damage|p2b: Tornadus|15\/100\n|\n|-weather|RainDance|[upkeep]\n|upkeep\n|\n|t:|1700877197\n|switch|p1b: Grumpig|Grumpig, L50, F|100\/100\n|turn|4\n|\n|t:|1700877215\n|move|p2b: Tornadus|Bleakwind Storm|p1b: Grumpig|[spread] p1a,p1b\n|-damage|p1a: Sylveon|73\/100\n|-damage|p1b: Grumpig|74\/100\n|-unboost|p1a: Sylveon|spe|1\n|move|p2a: Urshifu|Surging Strikes|p1a: Sylveon\n|-crit|p1a: Sylveon\n|-damage|p1a: Sylveon|0 fnt\n|faint|p1a: Sylveon\n|-hitcount|p1: Sylveon|1\n|move|p1b: Grumpig|Psychic|p2b: Tornadus\n|-damage|p2b: Tornadus|0 fnt\n|faint|p2b: Tornadus\n|\n|-weather|RainDance|[upkeep]\n|-heal|p1b: Grumpig|80\/100|[from] item: Leftovers\n|upkeep\n|\n|t:|1700877226\n|switch|p2b: Thundurus|Thundurus-Therian, L50, M|100\/100\n|turn|5\n|-message|chef4444 forfeited.\n|\n|win|TREY_NJVGC\n|raw|chef4444's rating: 1092 &rarr; <strong>1065<\/strong><br \/>(-27 for losing)\n|raw|TREY_NJVGC's rating: 1043 &rarr; <strong>1081<\/strong><br \/>(+38 for winning)\n|l|\u2606chef4444\n","uploadtime":1700877236,"views":3,"p1id":"chef4444","p2id":"treynjvgc","formatid":"gen9vgc2023regulatione","rating":1065,"private":0,"password":""}