{"id":"gen9vgc2023regulatione-1998123124","p1":"trsx277","p2":"mikn233","format":"[Gen 9] VGC 2023 Regulation E","log":"|j|\u2606trsx277\n|j|\u2606mikn233\n|t:|1700895494\n|gametype|doubles\n|player|p1|trsx277|169|1335\n|player|p2|mikn233|101|1328\n|teamsize|p1|6\n|teamsize|p2|6\n|gen|9\n|tier|[Gen 9] VGC 2023 Regulation E\n|rated|\n|rule|Species Clause: Limit one of each Pok\u00e9mon\n|rule|Item Clause: Limit one of each item\n|clearpoke\n|poke|p1|Gholdengo, L50|\n|poke|p1|Arcanine-Hisui, L50, F|\n|poke|p1|Urshifu-*, L50, F|\n|poke|p1|Iron Hands, L50|\n|poke|p1|Tornadus, L50, M|\n|poke|p1|Rillaboom, L50, M|\n|poke|p2|Rabsca, L50, M|\n|poke|p2|Regieleki, L50|\n|poke|p2|Golem-Alola, L50, F|\n|poke|p2|Iron Hands, L50|\n|poke|p2|Torkoal, L50, M|\n|poke|p2|Ursaluna-Bloodmoon, L50, M|\n|teampreview|4\n|\n|t:|1700895565\n|start\n|switch|p1a: Rillaboom|Rillaboom, L50, M|100\/100\n|switch|p1b: Tornadus|Tornadus, L50, M|100\/100\n|switch|p2a: Rabsca|Rabsca, L50, M, shiny|100\/100\n|switch|p2b: Golem|Golem-Alola, L50, F, shiny|100\/100\n|-fieldstart|move: Grassy Terrain|[from] ability: Grassy Surge|[of] p1a: Rillaboom\n|turn|1\n|j| darkrinorex\n|\n|t:|1700895604\n|move|p1a: Rillaboom|Fake Out|p2b: Golem\n|-resisted|p2b: Golem\n|-damage|p2b: Golem|94\/100\n|move|p1b: Tornadus|Bleakwind Storm|p2a: Rabsca|[spread] p2a,p2b\n|-supereffective|p2a: Rabsca\n|-resisted|p2b: Golem\n|-damage|p2a: Rabsca|33\/100\n|-damage|p2b: Golem|82\/100\n|cant|p2b: Golem|flinch\n|move|p2a: Rabsca|Trick Room|p2a: Rabsca\n|-fieldstart|move: Trick Room|[of] p2a: Rabsca\n|\n|-heal|p2b: Golem|88\/100|[from] Grassy Terrain\n|-heal|p2a: Rabsca|40\/100|[from] Grassy Terrain\n|upkeep\n|turn|2\n|\n|t:|1700895620\n|switch|p2a: Ursaluna|Ursaluna-Bloodmoon, L50, M|100\/100\n|move|p1b: Tornadus|Protect|p1b: Tornadus\n|-singleturn|p1b: Tornadus|Protect\n|move|p1a: Rillaboom|Protect|p1a: Rillaboom\n|-singleturn|p1a: Rillaboom|Protect\n|move|p2b: Golem|Explosion|p1a: Rillaboom|[spread] \n|-activate|p1a: Rillaboom|move: Protect\n|-activate|p1b: Tornadus|move: Protect\n|-immune|p2a: Ursaluna\n|faint|p2b: Golem\n|\n|upkeep\n|\n|t:|1700895626\n|switch|p2b: Rabsca|Rabsca, L50, M, shiny|40\/100\n|turn|3\n|inactive|Battle timer is ON: inactive players will automatically lose when time's up. (requested by mikn233)\n|\n|t:|1700895699\n|-terastallize|p2a: Ursaluna|Normal\n|move|p2b: Rabsca|Revival Blessing|p2b: Rabsca\n|\n|t:|1700895706\n|-heal|p2: Golem|50\/100|[from] move: Revival Blessing\n|move|p2a: Ursaluna|Blood Moon|p1b: Tornadus\n|-damage|p1b: Tornadus|0 fnt\n|faint|p1b: Tornadus\n|-damage|p2a: Ursaluna|90\/100|[from] item: Life Orb\n|move|p1a: Rillaboom|Wood Hammer|p2a: Ursaluna\n|-damage|p2a: Ursaluna|14\/100\n|-damage|p1a: Rillaboom|73\/100|[from] Recoil\n|\n|-heal|p2b: Rabsca|46\/100|[from] Grassy Terrain\n|-heal|p2a: Ursaluna|20\/100|[from] Grassy Terrain\n|-heal|p1a: Rillaboom|79\/100|[from] Grassy Terrain\n|upkeep\n|\n|t:|1700895722\n|switch|p1b: Iron Hands|Iron Hands, L50|100\/100\n|turn|4\n|\n|t:|1700895743\n|move|p1b: Iron Hands|Fake Out|p2b: Rabsca\n|-damage|p2b: Rabsca|31\/100\n|move|p1a: Rillaboom|Grassy Glide|p2a: Ursaluna\n|-damage|p2a: Ursaluna|0 fnt\n|faint|p2a: Ursaluna\n|move|p2b: Rabsca|Psychic|p1b: Iron Hands\n|-supereffective|p1b: Iron Hands\n|-damage|p1b: Iron Hands|62\/100\n|\n|-heal|p2b: Rabsca|37\/100|[from] Grassy Terrain\n|-heal|p1b: Iron Hands|68\/100|[from] Grassy Terrain\n|-heal|p1a: Rillaboom|85\/100|[from] Grassy Terrain\n|upkeep\n|\n|t:|1700895751\n|switch|p2a: Torkoal|Torkoal, L50, M, shiny|100\/100\n|-weather|SunnyDay|[from] ability: Drought|[of] p2a: Torkoal\n|turn|5\n|inactive|trsx277 has 30 seconds left.\n|inactive|trsx277 has 20 seconds left.\n|\n|t:|1700895788\n|-terastallize|p1a: Rillaboom|Fire\n|move|p1a: Rillaboom|Grassy Glide|p2a: Torkoal\n|-resisted|p2a: Torkoal\n|-damage|p2a: Torkoal|84\/100\n|move|p2a: Torkoal|Eruption|p1b: Iron Hands|[spread] p1a,p1b\n|-resisted|p1a: Rillaboom\n|-crit|p1b: Iron Hands\n|-damage|p1a: Rillaboom|42\/100\n|-damage|p1b: Iron Hands|14\/100\n|move|p2b: Rabsca|Psychic|p1b: Iron Hands\n|-supereffective|p1b: Iron Hands\n|-damage|p1b: Iron Hands|0 fnt\n|faint|p1b: Iron Hands\n|-end|p1b: Iron Hands|Quark Drive|[silent]\n|\n|-weather|SunnyDay|[upkeep]\n|-heal|p2a: Torkoal|90\/100|[from] Grassy Terrain\n|-heal|p2b: Rabsca|43\/100|[from] Grassy Terrain\n|-heal|p1a: Rillaboom|48\/100|[from] Grassy Terrain\n|-fieldend|move: Trick Room\n|-fieldend|move: Grassy Terrain\n|upkeep\n|\n|t:|1700895806\n|switch|p1b: Urshifu|Urshifu-Rapid-Strike, L50, F|100\/100\n|turn|6\n|\n|t:|1700895823\n|move|p1b: Urshifu|Surging Strikes|p2a: Torkoal\n|-supereffective|p2a: Torkoal\n|-crit|p2a: Torkoal\n|-damage|p2a: Torkoal|70\/100\n|-supereffective|p2a: Torkoal\n|-crit|p2a: Torkoal\n|-damage|p2a: Torkoal|52\/100\n|-supereffective|p2a: Torkoal\n|-crit|p2a: Torkoal\n|-damage|p2a: Torkoal|34\/100\n|-hitcount|p2a: Torkoal|3\n|move|p1a: Rillaboom|Wood Hammer|p2b: Rabsca\n|-resisted|p2b: Rabsca\n|-damage|p2b: Rabsca|8\/100\n|-damage|p1a: Rillaboom|38\/100|[from] Recoil\n|move|p2a: Torkoal|Heat Wave|p1b: Urshifu|[spread] p1a,p1b\n|-resisted|p1a: Rillaboom\n|-resisted|p1b: Urshifu\n|-damage|p1a: Rillaboom|8\/100\n|-damage|p1b: Urshifu|57\/100\n|move|p2b: Rabsca|Trick Room|p2b: Rabsca\n|-fieldstart|move: Trick Room|[of] p2b: Rabsca\n|\n|-weather|SunnyDay|[upkeep]\n|upkeep\n|turn|7\n|inactive|trsx277 has 30 seconds left.\n|inactive|trsx277 has 20 seconds left.\n|inactive|trsx277 has 15 seconds left.\n|\n|t:|1700895864\n|move|p1b: Urshifu|Aqua Jet|p2a: Torkoal\n|-supereffective|p2a: Torkoal\n|-damage|p2a: Torkoal|12\/100\n|move|p2a: Torkoal|Earth Power|p1a: Rillaboom\n|-supereffective|p1a: Rillaboom\n|-damage|p1a: Rillaboom|0 fnt\n|faint|p1a: Rillaboom\n|move|p2b: Rabsca|Psychic|p1b: Urshifu\n|-supereffective|p1b: Urshifu\n|-damage|p1b: Urshifu|0 fnt\n|faint|p1b: Urshifu\n|\n|win|mikn233\n|raw|trsx277's rating: 1335 &rarr; <strong>1315<\/strong><br \/>(-20 for losing)\n|raw|mikn233's rating: 1328 &rarr; <strong>1348<\/strong><br \/>(+20 for winning)\n|l|\u2606trsx277\n","uploadtime":1700895884,"views":7,"p1id":"trsx277","p2id":"mikn233","formatid":"gen9vgc2023regulatione","rating":1315,"private":0,"password":""}