{"id":"gen9vgc2023regulatione-1990266840","p1":"zbsch","p2":"hjgklm3k","format":"[Gen 9] VGC 2023 Regulation E","log":"|j|\u2606zbsch\n|j|\u2606hjgklm3k\n|t:|1699947596\n|gametype|doubles\n|player|p1|zbsch|265|1184\n|player|p2|hjgklm3k|2|1250\n|teamsize|p1|6\n|teamsize|p2|6\n|gen|9\n|tier|[Gen 9] VGC 2023 Regulation E\n|rated|\n|rule|Species Clause: Limit one of each Pok\u00e9mon\n|rule|Item Clause: Limit one of each item\n|clearpoke\n|poke|p1|Ninetales-Alola, L50, F|\n|poke|p1|Kommo-o, L50, M|\n|poke|p1|Farigiraf, L50, M|\n|poke|p1|Sinistcha, L50|\n|poke|p1|Ursaluna, L50, F|\n|poke|p1|Heatran, L50, M|\n|poke|p2|Tornadus, L50, M|\n|poke|p2|Ogerpon-Wellspring, L50, F|\n|poke|p2|Urshifu-*, L50, F|\n|poke|p2|Clefairy, L50, M|\n|poke|p2|Flutter Mane, L50|\n|poke|p2|Roaring Moon, L50|\n|teampreview|4\n|inactive|Battle timer is ON: inactive players will automatically lose when time's up. (requested by zbsch)\n|inactive|zbsch has 60 seconds left.\n|\n|t:|1699947646\n|start\n|switch|p1a: Ninetales|Ninetales-Alola, L50, F|100\/100\n|switch|p1b: Farigiraf|Farigiraf, L50, M|100\/100\n|switch|p2a: Flutter Mane|Flutter Mane, L50|100\/100\n|switch|p2b: Urshifu|Urshifu-Rapid-Strike, L50, F|100\/100\n|-weather|Snow|[from] ability: Snow Warning|[of] p1a: Ninetales\n|turn|1\n|\n|t:|1699947660\n|move|p2a: Flutter Mane|Moonblast|p1b: Farigiraf\n|-damage|p1b: Farigiraf|13\/100\n|-enditem|p1b: Farigiraf|Sitrus Berry|[eat]\n|-heal|p1b: Farigiraf|38\/100|[from] item: Sitrus Berry\n|move|p1a: Ninetales|Dazzling Gleam|p2b: Urshifu|[spread] p2a,p2b\n|-supereffective|p2b: Urshifu\n|-damage|p2a: Flutter Mane|82\/100\n|-damage|p2b: Urshifu|44\/100\n|move|p2b: Urshifu|Surging Strikes|p1b: Farigiraf\n|-crit|p1b: Farigiraf\n|-damage|p1b: Farigiraf|14\/100\n|-crit|p1b: Farigiraf\n|-damage|p1b: Farigiraf|0 fnt\n|faint|p1b: Farigiraf\n|-hitcount|p1: Farigiraf|2\n|\n|-weather|Snow|[upkeep]\n|upkeep\n|\n|t:|1699947680\n|switch|p1b: Heatran|Heatran, L50, M|100\/100\n|turn|2\n|\n|t:|1699947689\n|switch|p2b: Clefairy|Clefairy, L50, M|100\/100\n|-terastallize|p1b: Heatran|Grass\n|move|p2a: Flutter Mane|Moonblast|p1a: Ninetales\n|-damage|p1a: Ninetales|23\/100\n|move|p1a: Ninetales|Dazzling Gleam|p2a: Flutter Mane|[spread] p2a,p2b\n|-damage|p2a: Flutter Mane|68\/100\n|-damage|p2b: Clefairy|86\/100\n|move|p1b: Heatran|Earth Power|p2b: Clefairy\n|-damage|p2b: Clefairy|49\/100\n|-damage|p1b: Heatran|91\/100|[from] item: Life Orb\n|\n|-weather|Snow|[upkeep]\n|upkeep\n|turn|3\n|\n|t:|1699947708\n|move|p1a: Ninetales|Helping Hand|p1b: Heatran\n|-singleturn|p1b: Heatran|Helping Hand|[of] p1a: Ninetales\n|move|p2b: Clefairy|Follow Me|p2b: Clefairy\n|-singleturn|p2b: Clefairy|move: Follow Me\n|move|p2a: Flutter Mane|Moonblast|p1a: Ninetales\n|-damage|p1a: Ninetales|0 fnt\n|faint|p1a: Ninetales\n|move|p1b: Heatran|Heat Wave|p2b: Clefairy|[spread] p2a,p2b\n|-damage|p2a: Flutter Mane|14\/100\n|-damage|p2b: Clefairy|0 fnt\n|-status|p2a: Flutter Mane|brn\n|faint|p2b: Clefairy\n|-damage|p1b: Heatran|81\/100|[from] item: Life Orb\n|\n|-weather|Snow|[upkeep]\n|-damage|p2a: Flutter Mane|7\/100 brn|[from] brn\n|upkeep\n|\n|t:|1699947716\n|switch|p1a: Ursaluna|Ursaluna, L50, F|100\/100\n|switch|p2b: Roaring Moon|Roaring Moon, L50|100\/100\n|-enditem|p2b: Roaring Moon|Booster Energy\n|-activate|p2b: Roaring Moon|ability: Protosynthesis|[fromitem]\n|-start|p2b: Roaring Moon|protosynthesisatk\n|turn|4\n|\n|t:|1699947730\n|move|p2a: Flutter Mane|Moonblast|p1a: Ursaluna\n|-damage|p1a: Ursaluna|37\/100\n|move|p2b: Roaring Moon|Acrobatics|p1b: Heatran\n|-supereffective|p1b: Heatran\n|-damage|p1b: Heatran|0 fnt\n|faint|p1b: Heatran\n|move|p1a: Ursaluna|Facade|p2b: Roaring Moon\n|-damage|p2b: Roaring Moon|45\/100\n|\n|-weather|Snow|[upkeep]\n|-damage|p2a: Flutter Mane|1\/100 brn|[from] brn\n|-status|p1a: Ursaluna|brn|[from] item: Flame Orb\n|upkeep\n|turn|5\n|\n|t:|1699947738\n|move|p2a: Flutter Mane|Moonblast|p1a: Ursaluna\n|-damage|p1a: Ursaluna|0 fnt\n|faint|p1a: Ursaluna\n|\n|win|hjgklm3k\n|raw|zbsch's rating: 1184 &rarr; <strong>1164<\/strong><br \/>(-20 for losing)\n|raw|hjgklm3k's rating: 1250 &rarr; <strong>1270<\/strong><br \/>(+20 for winning)\n","uploadtime":1699947743,"views":18,"p1id":"zbsch","p2id":"hjgklm3k","formatid":"gen9vgc2023regulatione","rating":1164,"private":0,"password":""}