{"id":"gen9vgc2023regulatione-1988686679","p1":"Leon1das","p2":"lucasarreguy","format":"[Gen 9] VGC 2023 Regulation E","log":"|j|\u2606Leon1das\n|j|\u2606lucasarreguy\n|n|\u2606Leon1das|leon1das\n|n|\u2606lucasarreguy|lucasarreguy\n|html|View the match progress at <a href=\"\/game-bestof3-gen9vgc2023regulatione-1988686678\">game-bestof3-gen9vgc2023regulatione-1988686678<\/a>\n|t:|1699750613\n|gametype|doubles\n|player|p1|Leon1das|chuck|\n|player|p2|lucasarreguy|lance-lgpe|\n|teamsize|p1|6\n|teamsize|p2|6\n|gen|9\n|tier|[Gen 9] VGC 2023 Regulation E\n|rule|Species Clause: Limit one of each Pok\u00e9mon\n|rule|Item Clause: Limit one of each item\n|clearpoke\n|poke|p1|Cresselia, L50, F|\n|poke|p1|Ursaluna-Bloodmoon, L50, M|\n|poke|p1|Iron Hands, L50|\n|poke|p1|Ogerpon-Wellspring, L50, F|\n|poke|p1|Arcanine-Hisui, L50, M|\n|poke|p1|Flutter Mane, L50|\n|poke|p2|Goodra-Hisui, L50, M|\n|poke|p2|Gastrodon-East, L50, M|\n|poke|p2|Iron Bundle, L50|\n|poke|p2|Umbreon, L50, M|\n|poke|p2|Sneasler, L50, F|\n|poke|p2|Tsareena, L50, F|\n|teampreview|4\nlucasarreguy has agreed to open team sheets.\nLeon1das has agreed to open team sheets.\n|showteam|p1|Cresselia||MentalHerb|Levitate|Psychic,HelpingHand,LunarBlessing,TrickRoom|||F|||50|,,,,,Fire]Ursaluna-Bloodmoon||ThroatSpray|MindsEye|BloodMoon,EarthPower,HyperVoice,Protect|||M|||50|,,,,,Grass]Iron Hands||AssaultVest|QuarkDrive|FakeOut,DrainPunch,WildCharge,HeavySlam||||||50|,,,,,Fire]Ogerpon-Wellspring||WellspringMask|WaterAbsorb|IvyCudgel,FollowMe,HornLeech,SpikyShield|||F|||50|,,,,,Water]Arcanine-Hisui||SitrusBerry|Intimidate|RockSlide,FlareBlitz,ExtremeSpeed,Protect|||M|||50|,,,,,Grass]Flutter Mane||BoosterEnergy|Protosynthesis|Moonblast,ShadowBall,DazzlingGleam,Protect||||||50|,,,,,Fairy\n|showteam|p2|Goodra-Hisui||AssaultVest|SapSipper|MuddyWater,FlashCannon,Thunderbolt,IceBeam|||M|||50|,,,,,Water]Gastrodon-East||RockyHelmet|StormDrain|IceBeam,Yawn,EarthPower,Recover|||M|||50|,,,,,Fairy]Iron Bundle||BoosterEnergy|QuarkDrive|Encore,IcyWind,HelpingHand,Protect||||||50|,,,,,Ghost]Umbreon||Leftovers|Synchronize|SkillSwap,Moonlight,FoulPlay,Protect|||M|||50|,,,,,Poison]Sneasler||WhiteHerb|Unburden|DireClaw,Acrobatics,CloseCombat,Protect|||F|||50|,,,,,Flying]Tsareena||ChoiceScarf|QueenlyMajesty|PowerWhip,HighJumpKick,KnockOff,PlayRough|||F|||50|,,,,,Grass\n|j| Rebornsan93\n|j| PSmonteiro\n|j| lainshy\n|c| Rebornsan93|comecem\n|\n|t:|1699750697\n|start\n|switch|p1a: Lana del Rey|Ogerpon-Wellspring, L50, F|100\/100\n|switch|p1b: La Ursa Luna|Ursaluna-Bloodmoon, L50, M|100\/100\n|switch|p2a: Padoru Padoru|Iron Bundle, L50|100\/100\n|switch|p2b: I HATE GARGANACL|Gastrodon-East, L50, M|100\/100\n|-enditem|p2a: Padoru Padoru|Booster Energy\n|-activate|p2a: Padoru Padoru|ability: Quark Drive|[fromitem]\n|-start|p2a: Padoru Padoru|quarkdrivespe\n|turn|1\n|\n|t:|1699750797\n|switch|p2b: Stalleon|Umbreon, L50, M, shiny|100\/100\n|move|p2a: Padoru Padoru|Icy Wind|p1a: Lana del Rey|[spread] p1a,p1b\n|-supereffective|p1b: La Ursa Luna\n|-damage|p1a: Lana del Rey|84\/100\n|-damage|p1b: La Ursa Luna|65\/100\n|-unboost|p1a: Lana del Rey|spe|1\n|-unboost|p1b: La Ursa Luna|spe|1\n|move|p1a: Lana del Rey|Horn Leech|p2b: Stalleon\n|-damage|p2b: Stalleon|64\/100\n|-heal|p1a: Lana del Rey|100\/100|[from] drain|[of] p2b: Stalleon\n|move|p1b: La Ursa Luna|Blood Moon|p2a: Padoru Padoru\n|-damage|p2a: Padoru Padoru|0 fnt\n|faint|p2a: Padoru Padoru\n|-end|p2a: Padoru Padoru|Quark Drive|[silent]\n|\n|-heal|p2b: Stalleon|70\/100|[from] item: Leftovers\n|upkeep\n|\n|t:|1699750811\n|switch|p2a: Oi meu chapa|Sneasler, L50, F|100\/100\n|turn|2\n|j| Yuri\n|\n|t:|1699750876\n|move|p1b: La Ursa Luna|Protect|p1b: La Ursa Luna\n|-singleturn|p1b: La Ursa Luna|Protect\n|move|p2a: Oi meu chapa|Close Combat|p1b: La Ursa Luna\n|-activate|p1b: La Ursa Luna|move: Protect\n|move|p1a: Lana del Rey|Ivy Cudgel|p2b: Stalleon\n|-damage|p2b: Stalleon|21\/100\n|move|p2b: Stalleon|Skill Swap|p1a: Lana del Rey\n|-activate|p2b: Stalleon|move: Skill Swap|Water Absorb|Synchronize|[of] p1a: Lana del Rey\n|\n|-heal|p2b: Stalleon|27\/100|[from] item: Leftovers\n|upkeep\n|turn|3\n|j| DorititosKiller\n|\n|t:|1699750930\n|-terastallize|p1b: La Ursa Luna|Grass\n|move|p2a: Oi meu chapa|Close Combat|p1b: La Ursa Luna\n|-damage|p1b: La Ursa Luna|15\/100\n|-unboost|p2a: Oi meu chapa|def|1\n|-unboost|p2a: Oi meu chapa|spd|1\n|-enditem|p2a: Oi meu chapa|White Herb\n|-clearnegativeboost|p2a: Oi meu chapa|[silent]\n|move|p1a: Lana del Rey|Horn Leech|p2b: Stalleon\n|-damage|p2b: Stalleon|0 fnt\n|faint|p2b: Stalleon\n|move|p1b: La Ursa Luna|Earth Power|p2a: Oi meu chapa\n|-supereffective|p2a: Oi meu chapa\n|-damage|p2a: Oi meu chapa|0 fnt\n|faint|p2a: Oi meu chapa\n|\n|upkeep\n|\n|t:|1699750936\n|switch|p2b: I HATE GARGANACL|Gastrodon-East, L50, M|100\/100\n|turn|4\n|j| Bard0_Gamer\n|\n|t:|1699750951\n|-terastallize|p2b: I HATE GARGANACL|Fairy\n|move|p1b: La Ursa Luna|Protect|p1b: La Ursa Luna\n|-singleturn|p1b: La Ursa Luna|Protect\n|move|p1a: Lana del Rey|Horn Leech|p2b: I HATE GARGANACL\n|-damage|p2b: I HATE GARGANACL|48\/100\n|-damage|p1a: Lana del Rey|84\/100|[from] item: Rocky Helmet|[of] p2b: I HATE GARGANACL\n|move|p2b: I HATE GARGANACL|Ice Beam|p1b: La Ursa Luna\n|-activate|p1b: La Ursa Luna|move: Protect\n|\n|upkeep\n|turn|5\n|\n|t:|1699750970\n|switch|p1b: Celinha|Cresselia, L50, F|100\/100\n|move|p1a: Lana del Rey|Horn Leech|p2b: I HATE GARGANACL\n|-damage|p2b: I HATE GARGANACL|0 fnt\n|-heal|p1a: Lana del Rey|100\/100|[from] drain|[of] p2b: I HATE GARGANACL\n|-damage|p1a: Lana del Rey|84\/100|[from] item: Rocky Helmet|[of] p2b: I HATE GARGANACL\n|faint|p2b: I HATE GARGANACL\n|\n|win|Leon1das\n|c|&|\/uhtml prompt-lucasarreguy,lucasarreguy is ready for game 2!\n|inactive|Leon1das has 50 seconds to confirm battle start!\n","uploadtime":1699750981,"views":9,"p1id":"leon1das","p2id":"lucasarreguy","formatid":"gen9vgc2023regulatione","rating":0,"private":0,"password":""}