{"id":"gen9vgc2023regulatione-1990518423","p1":"Bertorium7","p2":"xhhonn","format":"[Gen 9] VGC 2023 Regulation E","log":"|j|\u2606Bertorium7\n|j|\u2606xhhonn\n|t:|1699978063\n|gametype|doubles\n|player|p1|Bertorium7|265|1142\n|player|p2|xhhonn|266|1104\n|teamsize|p1|6\n|teamsize|p2|6\n|gen|9\n|tier|[Gen 9] VGC 2023 Regulation E\n|rated|\n|rule|Species Clause: Limit one of each Pok\u00e9mon\n|rule|Item Clause: Limit one of each item\n|clearpoke\n|poke|p1|Okidogi, L50, M|\n|poke|p1|Maushold, L50|\n|poke|p1|Rillaboom, L50, M|\n|poke|p1|Chien-Pao, L50|\n|poke|p1|Landorus-Therian, L50, M|\n|poke|p1|Ogerpon-Hearthflame, L50, F|\n|poke|p2|Grimmsnarl, L50, M|\n|poke|p2|Okidogi, L50, M|\n|poke|p2|Flutter Mane, L50|\n|poke|p2|Urshifu-*, L50, F|\n|poke|p2|Ogerpon-Hearthflame, L50, F|\n|poke|p2|Arcanine-Hisui, L50, F|\n|teampreview|4\n|inactive|Battle timer is ON: inactive players will automatically lose when time's up. (requested by xhhonn)\n|\n|t:|1699978131\n|start\n|switch|p1a: Maushold|Maushold, L50|100\/100\n|switch|p1b: Landorus|Landorus-Therian, L50, M|100\/100\n|switch|p2a: Grimmsnarl|Grimmsnarl, L50, M|100\/100\n|switch|p2b: Ogerpon|Ogerpon-Hearthflame, L50, F|100\/100\n|-ability|p1b: Landorus|Intimidate|boost\n|-unboost|p2a: Grimmsnarl|atk|1\n|-unboost|p2b: Ogerpon|atk|1\n|-ability|p2b: Ogerpon|Mold Breaker\n|turn|1\n|inactive|Bertorium7 has 30 seconds left.\n|\n|t:|1699978157\n|move|p2b: Ogerpon|Spiky Shield|p2b: Ogerpon\n|-singleturn|p2b: Ogerpon|move: Protect\n|move|p2a: Grimmsnarl|Reflect|p2a: Grimmsnarl\n|-sidestart|p2: xhhonn|Reflect\n|move|p1b: Landorus|U-turn|p2a: Grimmsnarl\n|-damage|p2a: Grimmsnarl|85\/100\n|\n|t:|1699978165\n|switch|p1b: Ogerpon|Ogerpon-Hearthflame, L50, F|100\/100|[from] U-turn\n|-ability|p1b: Ogerpon|Mold Breaker\n|move|p1a: Maushold|Super Fang|p2a: Grimmsnarl|[miss]\n|-miss|p1a: Maushold|p2a: Grimmsnarl\n|\n|upkeep\n|turn|2\n|inactive|xhhonn has 30 seconds left.\n|\n|t:|1699978191\n|switch|p1a: Rillaboom|Rillaboom, L50, M|100\/100\n|-fieldstart|move: Grassy Terrain|[from] ability: Grassy Surge|[of] p1a: Rillaboom\n|-terastallize|p1b: Ogerpon|Fire\n|detailschange|p1b: Ogerpon|Ogerpon-Hearthflame-Tera, L50, F, tera:Fire\n|-ability|p1b: Ogerpon|Embody Aspect (Hearthflame)|boost\n|-boost|p1b: Ogerpon|atk|1\n|move|p2a: Grimmsnarl|Light Screen|p2a: Grimmsnarl\n|-sidestart|p2: xhhonn|move: Light Screen\n|move|p1b: Ogerpon|Ivy Cudgel|p2b: Ogerpon|[anim] Ivy Cudgel Fire\n|-damage|p2b: Ogerpon|15\/100\n|move|p2b: Ogerpon|Stomping Tantrum|p1b: Ogerpon\n|-supereffective|p1b: Ogerpon\n|-damage|p1b: Ogerpon|58\/100\n|\n|-heal|p1b: Ogerpon|64\/100|[from] Grassy Terrain\n|-heal|p2b: Ogerpon|21\/100|[from] Grassy Terrain\n|-heal|p2a: Grimmsnarl|91\/100|[from] Grassy Terrain\n|upkeep\n|turn|3\n|inactive|Bertorium7 has 30 seconds left.\n|inactive|xhhonn has 30 seconds left.\n|inactive|Bertorium7 has 20 seconds left.\n|\n|t:|1699978230\n|move|p2b: Ogerpon|Spiky Shield|p2b: Ogerpon\n|-singleturn|p2b: Ogerpon|move: Protect\n|move|p1b: Ogerpon|Ivy Cudgel|p2b: Ogerpon|[anim] Ivy Cudgel Fire\n|-activate|p2b: Ogerpon|move: Protect\n|move|p1a: Rillaboom|Wood Hammer|p2a: Grimmsnarl\n|-damage|p2a: Grimmsnarl|41\/100\n|-damage|p1a: Rillaboom|84\/100|[from] Recoil\n|move|p2a: Grimmsnarl|Spirit Break|p1b: Ogerpon\n|-resisted|p1b: Ogerpon\n|-damage|p1b: Ogerpon|51\/100\n|-unboost|p1b: Ogerpon|spa|1\n|\n|-heal|p1b: Ogerpon|57\/100|[from] Grassy Terrain\n|-heal|p2b: Ogerpon|27\/100|[from] Grassy Terrain\n|-heal|p1a: Rillaboom|90\/100|[from] Grassy Terrain\n|-heal|p2a: Grimmsnarl|47\/100|[from] Grassy Terrain\n|upkeep\n|turn|4\n|\n|t:|1699978252\n|move|p2b: Ogerpon|Spiky Shield||[still]\n|-fail|p2b: Ogerpon\n|move|p2a: Grimmsnarl|Parting Shot|p1a: Rillaboom\n|-unboost|p1a: Rillaboom|atk|1\n|-unboost|p1a: Rillaboom|spa|1\n|\n|t:|1699978259\n|switch|p2a: Okidogi|Okidogi, L50, M|100\/100|[from] Parting Shot\n|move|p1b: Ogerpon|Ivy Cudgel|p2b: Ogerpon|[anim] Ivy Cudgel Fire\n|-damage|p2b: Ogerpon|0 fnt\n|faint|p2b: Ogerpon\n|move|p1a: Rillaboom|Wood Hammer|p2a: Okidogi\n|-resisted|p2a: Okidogi\n|-damage|p2a: Okidogi|87\/100\n|-damage|p1a: Rillaboom|86\/100|[from] Recoil\n|\n|-heal|p1b: Ogerpon|64\/100|[from] Grassy Terrain\n|-heal|p2a: Okidogi|93\/100|[from] Grassy Terrain\n|-heal|p2a: Okidogi|99\/100|[from] item: Leftovers\n|-heal|p1a: Rillaboom|92\/100|[from] Grassy Terrain\n|upkeep\n|\n|t:|1699978279\n|switch|p2b: Grimmsnarl|Grimmsnarl, L50, M|47\/100\n|turn|5\n|\n|t:|1699978299\n|switch|p1a: Maushold|Maushold, L50|100\/100\n|move|p1b: Ogerpon|Swords Dance|p1b: Ogerpon\n|-boost|p1b: Ogerpon|atk|2\n|move|p2a: Okidogi|Bulk Up|p2a: Okidogi\n|-boost|p2a: Okidogi|atk|1\n|-boost|p2a: Okidogi|def|1\n|move|p2b: Grimmsnarl|Spirit Break|p1a: Maushold\n|-damage|p1a: Maushold|62\/100\n|-unboost|p1a: Maushold|spa|1\n|\n|-heal|p1a: Maushold|68\/100|[from] Grassy Terrain\n|-heal|p1b: Ogerpon|70\/100|[from] Grassy Terrain\n|-heal|p2a: Okidogi|100\/100|[from] Grassy Terrain\n|-heal|p2b: Grimmsnarl|53\/100|[from] Grassy Terrain\n|upkeep\n|turn|6\n|inactive|xhhonn has 30 seconds left.\n|\n|t:|1699978331\n|move|p2b: Grimmsnarl|Light Screen||[still]\n|-fail|p2b: Grimmsnarl\n|move|p1a: Maushold|Super Fang|p2a: Okidogi\n|-damage|p2a: Okidogi|50\/100\n|move|p1b: Ogerpon|Ivy Cudgel|p2a: Okidogi|[anim] Ivy Cudgel Fire\n|-damage|p2a: Okidogi|0 fnt\n|faint|p2a: Okidogi\n|\n|-heal|p1a: Maushold|74\/100|[from] Grassy Terrain\n|-heal|p1b: Ogerpon|76\/100|[from] Grassy Terrain\n|-heal|p2b: Grimmsnarl|59\/100|[from] Grassy Terrain\n|-fieldend|move: Grassy Terrain\n|upkeep\n|\n|t:|1699978346\n|switch|p2a: Flutter Mane|Flutter Mane, L50|100\/100\n|turn|7\n|\n|t:|1699978356\n|switch|p1a: Rillaboom|Rillaboom, L50, M|92\/100\n|-fieldstart|move: Grassy Terrain|[from] ability: Grassy Surge|[of] p1a: Rillaboom\n|move|p1b: Ogerpon|Grassy Glide|p2a: Flutter Mane\n|-damage|p2a: Flutter Mane|0 fnt\n|faint|p2a: Flutter Mane\n|-end|p2a: Flutter Mane|Protosynthesis|[silent]\n|move|p2b: Grimmsnarl|Spirit Break|p1a: Rillaboom\n|-damage|p1a: Rillaboom|64\/100\n|-unboost|p1a: Rillaboom|spa|1\n|\n|-heal|p1b: Ogerpon|82\/100|[from] Grassy Terrain\n|-heal|p1a: Rillaboom|70\/100|[from] Grassy Terrain\n|-heal|p2b: Grimmsnarl|65\/100|[from] Grassy Terrain\n|upkeep\n|turn|8\n|l|\u2606xhhonn\n|inactive|xhhonn disconnected and has a minute to reconnect!\n|player|p2|\n|inactive|xhhonn has 30 seconds left.\n|inactive|xhhonn has 20 seconds left.\n|inactive|xhhonn has 15 seconds left.\n|inactive|xhhonn has 10 seconds left.\n|inactive|xhhonn has 5 seconds left.\n|-message|xhhonn lost due to inactivity.\n|\n|win|Bertorium7\n|raw|Bertorium7's rating: 1142 &rarr; <strong>1164<\/strong><br \/>(+22 for winning)\n|raw|xhhonn's rating: 1104 &rarr; <strong>1082<\/strong><br \/>(-22 for losing)\n","uploadtime":1699978414,"views":16,"p1id":"bertorium7","p2id":"xhhonn","formatid":"gen9vgc2023regulatione","rating":1082,"private":0,"password":""}