{"id":"gen9vgc2023regulatione-1995587026","p1":"mochipupusa","p2":"AndyLaVGC","format":"[Gen 9] VGC 2023 Regulation E","log":"|j|\u2606mochipupusa\n|j|\u2606AndyLaVGC\n|t:|1700585232\n|gametype|doubles\n|player|p1|mochipupusa|101|1348\n|player|p2|AndyLaVGC|266|1372\n|teamsize|p1|6\n|teamsize|p2|6\n|gen|9\n|tier|[Gen 9] VGC 2023 Regulation E\n|rated|\n|rule|Species Clause: Limit one of each Pok\u00e9mon\n|rule|Item Clause: Limit one of each item\n|clearpoke\n|poke|p1|Roaring Moon, L50|\n|poke|p1|Milotic, L50, M|\n|poke|p1|Landorus-Therian, L50, M|\n|poke|p1|Flutter Mane, L50|\n|poke|p1|Iron Hands, L50|\n|poke|p1|Ogerpon-Hearthflame, L50, F|\n|poke|p2|Poliwrath, L50, M|\n|poke|p2|Clefairy, L50, F|\n|poke|p2|Politoed, L50, M|\n|poke|p2|Sinistcha, L50|\n|poke|p2|Kingambit, L50, F|\n|poke|p2|Iron Bundle, L50|\n|teampreview|4\nmochipupusa has agreed to open team sheets.\n|\n|t:|1700585274\n|start\n|switch|p1a: Iron Hands|Iron Hands, L50|100\/100\n|switch|p1b: Ogerpon|Ogerpon-Hearthflame, L50, F|100\/100\n|switch|p2a: Poliwrath|Poliwrath, L50, M|100\/100\n|switch|p2b: Clefairy|Clefairy, L50, F|100\/100\n|-ability|p1b: Ogerpon|Mold Breaker\n|turn|1\n|\n|t:|1700585288\n|move|p2a: Poliwrath|Protect|p2a: Poliwrath\n|-singleturn|p2a: Poliwrath|Protect\n|move|p2b: Clefairy|Protect|p2b: Clefairy\n|-singleturn|p2b: Clefairy|Protect\n|move|p1b: Ogerpon|Wood Hammer|p2a: Poliwrath\n|-activate|p2a: Poliwrath|move: Protect\n|move|p1a: Iron Hands|Heavy Slam|p2b: Clefairy\n|-activate|p2b: Clefairy|move: Protect\n|\n|upkeep\n|turn|2\n|\n|t:|1700585309\n|-terastallize|p2a: Poliwrath|Poison\n|move|p1b: Ogerpon|Spiky Shield|p1b: Ogerpon\n|-singleturn|p1b: Ogerpon|move: Protect\n|move|p2a: Poliwrath|Belly Drum|p2a: Poliwrath\n|-damage|p2a: Poliwrath|50\/100\n|-setboost|p2a: Poliwrath|atk|6|[from] move: Belly Drum\n|-enditem|p2a: Poliwrath|Sitrus Berry|[eat]\n|-heal|p2a: Poliwrath|75\/100|[from] item: Sitrus Berry\n|move|p1a: Iron Hands|Heavy Slam|p2b: Clefairy\n|-supereffective|p2b: Clefairy\n|-damage|p2b: Clefairy|38\/100\n|move|p2b: Clefairy|Heal Pulse|p2a: Poliwrath\n|-heal|p2a: Poliwrath|100\/100\n|\n|upkeep\n|turn|3\n|\n|t:|1700585351\n|switch|p2b: Politoed|Politoed, L50, M|100\/100\n|-weather|RainDance|[from] ability: Drizzle|[of] p2b: Politoed\n|move|p2a: Poliwrath|Drain Punch|p1b: Ogerpon\n|-damage|p1b: Ogerpon|0 fnt\n|faint|p1b: Ogerpon\n|move|p1a: Iron Hands|Wild Charge|p2a: Poliwrath\n|-damage|p2a: Poliwrath|55\/100\n|-damage|p1a: Iron Hands|91\/100|[from] Recoil\n|\n|-weather|RainDance|[upkeep]\n|upkeep\n|\n|t:|1700585363\n|switch|p1b: Milotic|Milotic, L50, M|100\/100\n|turn|4\n|\n|t:|1700585379\n|move|p2b: Politoed|Helping Hand|p2a: Poliwrath\n|-singleturn|p2a: Poliwrath|Helping Hand|[of] p2b: Politoed\n|move|p2a: Poliwrath|Drain Punch|p1a: Iron Hands\n|-damage|p1a: Iron Hands|0 fnt\n|-heal|p2a: Poliwrath|100\/100|[from] drain|[of] p1a: Iron Hands\n|faint|p1a: Iron Hands\n|-end|p1a: Iron Hands|Quark Drive|[silent]\n|move|p1b: Milotic|Haze|p1b: Milotic\n|-clearallboost\n|\n|-weather|RainDance|[upkeep]\n|upkeep\n|\n|t:|1700585390\n|switch|p1a: Flutter Mane|Flutter Mane, L50|100\/100\n|turn|5\n|\n|t:|1700585411\n|move|p2a: Poliwrath|Protect|p2a: Poliwrath\n|-singleturn|p2a: Poliwrath|Protect\n|move|p1a: Flutter Mane|Protect|p1a: Flutter Mane\n|-singleturn|p1a: Flutter Mane|Protect\n|move|p1b: Milotic|Scald|p2a: Poliwrath\n|-activate|p2a: Poliwrath|move: Protect\n|move|p2b: Politoed|Perish Song|p2b: Politoed\n|-start|p1a: Flutter Mane|perish3|[silent]\n|-start|p1b: Milotic|perish3|[silent]\n|-start|p2a: Poliwrath|perish3|[silent]\n|-start|p2b: Politoed|perish3|[silent]\n|-fieldactivate|move: Perish Song\n|\n|-weather|RainDance|[upkeep]\n|-start|p2a: Poliwrath|perish3\n|-start|p1a: Flutter Mane|perish3\n|-start|p1b: Milotic|perish3\n|-start|p2b: Politoed|perish3\n|upkeep\n|turn|6\n|\n|t:|1700585433\n|switch|p2b: Clefairy|Clefairy, L50, F|38\/100\n|-terastallize|p1a: Flutter Mane|Fairy\n|move|p2a: Poliwrath|Liquidation|p1a: Flutter Mane\n|-damage|p1a: Flutter Mane|36\/100\n|move|p1a: Flutter Mane|Moonblast|p2a: Poliwrath\n|-resisted|p2a: Poliwrath\n|-damage|p2a: Poliwrath|77\/100\n|-unboost|p2a: Poliwrath|spa|1\n|move|p1b: Milotic|Scald|p2a: Poliwrath\n|-damage|p2a: Poliwrath|44\/100\n|\n|-weather|RainDance|[upkeep]\n|-start|p2a: Poliwrath|perish2\n|-start|p1a: Flutter Mane|perish2\n|-start|p1b: Milotic|perish2\n|upkeep\n|turn|7\n|\n|t:|1700585461\n|move|p2b: Clefairy|Protect|p2b: Clefairy\n|-singleturn|p2b: Clefairy|Protect\n|move|p2a: Poliwrath|Drain Punch|p1b: Milotic\n|-damage|p1b: Milotic|73\/100\n|-heal|p2a: Poliwrath|59\/100|[from] drain|[of] p1b: Milotic\n|move|p1a: Flutter Mane|Moonblast|p2b: Clefairy\n|-activate|p2b: Clefairy|move: Protect\n|move|p1b: Milotic|Haze|p1b: Milotic\n|-clearallboost\n|\n|-weather|none\n|-heal|p1b: Milotic|79\/100|[from] item: Leftovers\n|-start|p2a: Poliwrath|perish1\n|-start|p1a: Flutter Mane|perish1\n|-start|p1b: Milotic|perish1\n|upkeep\n|turn|8\n|\n|t:|1700585481\n|switch|p2b: Kingambit|Kingambit, L50, F|100\/100\n|move|p2a: Poliwrath|Protect|p2a: Poliwrath\n|-singleturn|p2a: Poliwrath|Protect\n|move|p1a: Flutter Mane|Moonblast|p2b: Kingambit\n|-damage|p2b: Kingambit|53\/100\n|-unboost|p2b: Kingambit|spa|1\n|-ability|p2b: Kingambit|Defiant|boost\n|-boost|p2b: Kingambit|atk|2\n|move|p1b: Milotic|Scald|p2a: Poliwrath\n|-activate|p2a: Poliwrath|move: Protect\n|\n|-heal|p1b: Milotic|85\/100|[from] item: Leftovers\n|-start|p1a: Flutter Mane|perish0\n|-start|p2a: Poliwrath|perish0\n|-start|p1b: Milotic|perish0\n|faint|p1a: Flutter Mane\n|-end|p1a: Flutter Mane|Protosynthesis|[silent]\n|faint|p2a: Poliwrath\n|faint|p1b: Milotic\n|\n|win|AndyLaVGC\n|upkeep\n|raw|mochipupusa's rating: 1348 &rarr; <strong>1329<\/strong><br \/>(-19 for losing)\n|raw|AndyLaVGC's rating: 1372 &rarr; <strong>1391<\/strong><br \/>(+19 for winning)\n|l|\u2606AndyLaVGC\n|c|\u2606mochipupusa|gg\n","uploadtime":1700585508,"views":2,"p1id":"mochipupusa","p2id":"andylavgc","formatid":"gen9vgc2023regulatione","rating":1329,"private":0,"password":""}