{"id":"gen9vgc2023regulatione-1996361975","p1":"wu1fan","p2":"Fatt penguin 3","format":"[Gen 9] VGC 2023 Regulation E","log":"|j|\u2606wu1fan\n|j|\u2606Fatt penguin 3\n|t:|1700674781\n|gametype|doubles\n|player|p1|wu1fan|102|1075\n|player|p2|Fatt penguin 3|pokemaniac|1164\n|teamsize|p1|6\n|teamsize|p2|6\n|gen|9\n|tier|[Gen 9] VGC 2023 Regulation E\n|rated|\n|rule|Species Clause: Limit one of each Pok\u00e9mon\n|rule|Item Clause: Limit one of each item\n|clearpoke\n|poke|p1|Arcanine-Hisui, L50, M|\n|poke|p1|Baxcalibur, L50, M|\n|poke|p1|Ninetales-Alola, L50, F|\n|poke|p1|Ogerpon-Wellspring, L50, F|\n|poke|p1|Clefairy, L50, F|\n|poke|p1|Flutter Mane, L50|\n|poke|p2|Ninetales-Alola, L50, F|\n|poke|p2|Roaring Moon, L50|\n|poke|p2|Heatran, L50, M|\n|poke|p2|Cryogonal, L50|\n|poke|p2|Farigiraf, L50, F|\n|poke|p2|Landorus-Therian, L50, M|\n|teampreview|4\n|inactive|Battle timer is ON: inactive players will automatically lose when time's up. (requested by Fatt penguin 3)\n|inactive|wu1fan has 60 seconds left.\n|inactive|Fatt penguin 3 has 60 seconds left.\n|\n|t:|1700674830\n|start\n|switch|p1a: Ninetales|Ninetales-Alola, L50, F|100\/100\n|switch|p1b: Arcanine|Arcanine-Hisui, L50, M|100\/100\n|switch|p2a: Ninetales|Ninetales-Alola, L50, F|100\/100\n|switch|p2b: Roaring Moon|Roaring Moon, L50, shiny|100\/100\n|-weather|Snow|[from] ability: Snow Warning|[of] p1a: Ninetales\n|-ability|p1b: Arcanine|Intimidate|boost\n|-unboost|p2a: Ninetales|atk|1\n|-unboost|p2b: Roaring Moon|atk|1\n|-enditem|p2b: Roaring Moon|Booster Energy\n|-activate|p2b: Roaring Moon|ability: Protosynthesis|[fromitem]\n|-start|p2b: Roaring Moon|protosynthesisspe\n|turn|1\n|inactive|Fatt penguin 3 has 30 seconds left.\n|\n|t:|1700674865\n|-end|p2b: Roaring Moon|Protosynthesis|[silent]\n|switch|p2b: Heatran|Heatran, L50, M|100\/100\n|move|p1a: Ninetales|Aurora Veil|p1a: Ninetales\n|-sidestart|p1: wu1fan|move: Aurora Veil\n|move|p2a: Ninetales|Aurora Veil|p2a: Ninetales\n|-sidestart|p2: Fatt penguin 3|move: Aurora Veil\n|move|p1b: Arcanine|Rock Slide|p2a: Ninetales|[spread] p2a,p2b\n|-supereffective|p2a: Ninetales\n|-damage|p2a: Ninetales|58\/100\n|-damage|p2b: Heatran|76\/100\n|\n|-weather|Snow|[upkeep]\n|upkeep\n|turn|2\n|inactive|wu1fan has 30 seconds left.\n|\n|t:|1700674898\n|switch|p1a: Ogerpon|Ogerpon-Wellspring, L50, F|100\/100\n|move|p2a: Ninetales|Blizzard|p1a: Ogerpon|[spread] p1a,p1b\n|-resisted|p1b: Arcanine\n|-damage|p1a: Ogerpon|86\/100\n|-damage|p1b: Arcanine|90\/100\n|move|p1b: Arcanine|Rock Slide|p2a: Ninetales|[spread] p2a,p2b\n|-supereffective|p2a: Ninetales\n|-damage|p2a: Ninetales|15\/100\n|-damage|p2b: Heatran|50\/100\n|move|p2b: Heatran|Earth Power|p1b: Arcanine\n|-supereffective|p1b: Arcanine\n|-damage|p1b: Arcanine|0 fnt\n|faint|p1b: Arcanine\n|\n|-weather|Snow|[upkeep]\n|upkeep\n|\n|t:|1700674919\n|switch|p1b: Flutter Mane|Flutter Mane, L50|100\/100\n|-enditem|p1b: Flutter Mane|Booster Energy\n|-activate|p1b: Flutter Mane|ability: Protosynthesis|[fromitem]\n|-start|p1b: Flutter Mane|protosynthesisspe\n|turn|3\n|inactive|Fatt penguin 3 has 30 seconds left.\n|\n|t:|1700674952\n|-terastallize|p1a: Ogerpon|Water\n|detailschange|p1a: Ogerpon|Ogerpon-Wellspring-Tera, L50, F, tera:Water\n|-ability|p1a: Ogerpon|Embody Aspect (Wellspring)|boost\n|-boost|p1a: Ogerpon|spd|1\n|-terastallize|p2b: Heatran|Grass\n|move|p1b: Flutter Mane|Dark Pulse|p2b: Heatran\n|-damage|p2b: Heatran|40\/100\n|move|p2a: Ninetales|Blizzard|p1a: Ogerpon|[spread] p1a,p1b\n|-resisted|p1a: Ogerpon\n|-damage|p1a: Ogerpon|81\/100\n|-damage|p1b: Flutter Mane|83\/100\n|move|p1a: Ogerpon|Ivy Cudgel|p2b: Heatran|[anim] Ivy Cudgel Water\n|-resisted|p2b: Heatran\n|-damage|p2b: Heatran|19\/100\n|move|p2b: Heatran|Flash Cannon|p1b: Flutter Mane\n|-supereffective|p1b: Flutter Mane\n|-damage|p1b: Flutter Mane|21\/100\n|\n|-weather|Snow|[upkeep]\n|upkeep\n|turn|4\n|inactive|wu1fan has 30 seconds left.\n|inactive|wu1fan has 20 seconds left.\n|inactive|wu1fan has 15 seconds left.\n|\n|t:|1700674993\n|move|p1b: Flutter Mane|Protect|p1b: Flutter Mane\n|-singleturn|p1b: Flutter Mane|Protect\n|move|p2a: Ninetales|Blizzard|p1a: Ogerpon|[spread] p1a\n|-activate|p1b: Flutter Mane|move: Protect\n|-resisted|p1a: Ogerpon\n|-damage|p1a: Ogerpon|75\/100\n|move|p1a: Ogerpon|Ivy Cudgel|p2b: Heatran|[anim] Ivy Cudgel Water\n|-resisted|p2b: Heatran\n|-damage|p2b: Heatran|0 fnt\n|faint|p2b: Heatran\n|\n|-weather|Snow|[upkeep]\n|upkeep\n|\n|t:|1700675005\n|switch|p2b: Roaring Moon|Roaring Moon, L50, shiny|100\/100\n|turn|5\n|\n|t:|1700675019\n|move|p1a: Ogerpon|Spiky Shield|p1a: Ogerpon\n|-singleturn|p1a: Ogerpon|move: Protect\n|move|p1b: Flutter Mane|Moonblast|p2b: Roaring Moon\n|-supereffective|p2b: Roaring Moon\n|-damage|p2b: Roaring Moon|0 fnt\n|faint|p2b: Roaring Moon\n|-end|p2b: Roaring Moon|Protosynthesis|[silent]\n|move|p2a: Ninetales|Dazzling Gleam|p1b: Flutter Mane|[spread] p1b\n|-activate|p1a: Ogerpon|move: Protect\n|-damage|p1b: Flutter Mane|7\/100\n|\n|-weather|Snow|[upkeep]\n|-sideend|p2: Fatt penguin 3|move: Aurora Veil\n|-sideend|p1: wu1fan|move: Aurora Veil\n|upkeep\n|\n|t:|1700675030\n|switch|p2b: Landorus|Landorus-Therian, L50, M, shiny|100\/100\n|-ability|p2b: Landorus|Intimidate|boost\n|-unboost|p1a: Ogerpon|atk|1\n|-unboost|p1b: Flutter Mane|atk|1\n|turn|6\n|\n|t:|1700675045\n|move|p1b: Flutter Mane|Protect|p1b: Flutter Mane\n|-singleturn|p1b: Flutter Mane|Protect\n|move|p2a: Ninetales|Dazzling Gleam|p1a: Ogerpon|[spread] p1a\n|-activate|p1b: Flutter Mane|move: Protect\n|-damage|p1a: Ogerpon|64\/100\n|move|p2b: Landorus|Rock Slide|p1b: Flutter Mane|[spread] p1a\n|-activate|p1b: Flutter Mane|move: Protect\n|-damage|p1a: Ogerpon|34\/100\n|move|p1a: Ogerpon|Ivy Cudgel|p2b: Landorus|[anim] Ivy Cudgel Water\n|-supereffective|p2b: Landorus\n|-damage|p2b: Landorus|0 fnt\n|faint|p2b: Landorus\n|\n|-weather|Snow|[upkeep]\n|upkeep\n|turn|7\n|inactive|wu1fan has 30 seconds left.\n|\n|t:|1700675070\n|move|p1a: Ogerpon|Follow Me|p1a: Ogerpon\n|-singleturn|p1a: Ogerpon|move: Follow Me\n|move|p1b: Flutter Mane|Moonblast|p2a: Ninetales\n|-damage|p2a: Ninetales|0 fnt\n|faint|p2a: Ninetales\n|\n|win|wu1fan\n|raw|wu1fan's rating: 1075 &rarr; <strong>1111<\/strong><br \/>(+36 for winning)\n|raw|Fatt penguin 3's rating: 1164 &rarr; <strong>1133<\/strong><br \/>(-31 for losing)\n|l|\u2606Fatt penguin 3\n","uploadtime":1700675080,"views":7,"p1id":"wu1fan","p2id":"fattpenguin3","formatid":"gen9vgc2023regulatione","rating":1111,"private":0,"password":""}