{"id":"gen9vgc2023regulatione-1995719380","p1":"casper6_14","p2":"gokturkxd","format":"[Gen 9] VGC 2023 Regulation E","log":"|j|\u2606casper6_14\n|j|\u2606gokturkxd\n|t:|1700596819\n|gametype|doubles\n|player|p1|casper6_14|1|1147\n|player|p2|gokturkxd|n-masters3|1177\n|teamsize|p1|6\n|teamsize|p2|6\n|gen|9\n|tier|[Gen 9] VGC 2023 Regulation E\n|rated|\n|rule|Species Clause: Limit one of each Pok\u00e9mon\n|rule|Item Clause: Limit one of each item\n|clearpoke\n|poke|p1|Annihilape, L50, F|\n|poke|p1|Regieleki, L50|\n|poke|p1|Oranguru, L50, F|\n|poke|p1|Torkoal, L50, F|\n|poke|p1|Ursaluna-Bloodmoon, L50, M|\n|poke|p1|Kingambit, L50, M|\n|poke|p2|Grimmsnarl, L50, M|\n|poke|p2|Torkoal, L50, F|\n|poke|p2|Iron Valiant, L50|\n|poke|p2|Indeedee-F, L50, F|\n|poke|p2|Wo-Chien, L50|\n|poke|p2|Dudunsparce-*, L50, F|\n|teampreview|4\n|inactive|Battle timer is ON: inactive players will automatically lose when time's up. (requested by casper6_14)\ncasper6_14 rejected open team sheets.\n|\n|t:|1700596890\n|start\n|switch|p1a: Annihilape|Annihilape, L50, F|100\/100\n|switch|p1b: Oranguru|Oranguru, L50, F|100\/100\n|switch|p2a: Indeedee|Indeedee-F, L50, F|100\/100\n|switch|p2b: Iron Valiant|Iron Valiant, L50|100\/100\n|-fieldstart|move: Psychic Terrain|[from] ability: Psychic Surge|[of] p2a: Indeedee\n|-enditem|p2a: Indeedee|Psychic Seed\n|-boost|p2a: Indeedee|spd|1|[from] item: Psychic Seed\n|turn|1\n|\n|t:|1700596911\n|move|p2a: Indeedee|Follow Me|p2a: Indeedee\n|-singleturn|p2a: Indeedee|move: Follow Me\n|move|p1a: Annihilape|Final Gambit|p2a: Indeedee\n|-damage|p2a: Indeedee|0 fnt\n|faint|p1a: Annihilape\n|faint|p2a: Indeedee\n|move|p2b: Iron Valiant|Trick Room|p2b: Iron Valiant\n|-fieldstart|move: Trick Room|[of] p2b: Iron Valiant\n|move|p1b: Oranguru|Trick Room|p1b: Oranguru\n|-fieldend|move: Trick Room\n|\n|upkeep\n|\n|t:|1700596930\n|switch|p1a: Ursaluna|Ursaluna-Bloodmoon, L50, M|100\/100\n|switch|p2a: Wo-Chien|Wo-Chien, L50|100\/100\n|-ability|p2a: Wo-Chien|Tablets of Ruin\n|turn|2\n|\n|t:|1700596940\n|-terastallize|p1a: Ursaluna|Poison\n|move|p2a: Wo-Chien|Knock Off|p1b: Oranguru\n|-supereffective|p1b: Oranguru\n|-damage|p1b: Oranguru|48\/100\n|-enditem|p1b: Oranguru|Mental Herb|[from] move: Knock Off|[of] p2a: Wo-Chien\n|move|p1a: Ursaluna|Hyper Voice|p2a: Wo-Chien|[spread] p2a,p2b\n|-damage|p2a: Wo-Chien|80\/100\n|-damage|p2b: Iron Valiant|50\/100\n|move|p1b: Oranguru|Instruct|p1a: Ursaluna\n|-singleturn|p1a: Ursaluna|move: Instruct|[of] p1b: Oranguru\n|move|p1a: Ursaluna|Hyper Voice|p2a: Wo-Chien|[spread] p2a,p2b\n|-damage|p2a: Wo-Chien|61\/100\n|-damage|p2b: Iron Valiant|0 fnt\n|faint|p2b: Iron Valiant\n|-end|p2b: Iron Valiant|Quark Drive|[silent]\n|\n|-heal|p2a: Wo-Chien|66\/100|[from] item: Leftovers\n|upkeep\n|\n|t:|1700596950\n|switch|p2b: Torkoal|Torkoal, L50, F|100\/100\n|-weather|SunnyDay|[from] ability: Drought|[of] p2b: Torkoal\n|turn|3\n|\n|t:|1700596973\n|-terastallize|p2b: Torkoal|Fire\n|move|p2a: Wo-Chien|Knock Off|p1a: Ursaluna\n|-damage|p1a: Ursaluna|78\/100\n|-enditem|p1a: Ursaluna|Assault Vest|[from] move: Knock Off|[of] p2a: Wo-Chien\n|move|p1a: Ursaluna|Blood Moon|p2a: Wo-Chien\n|-damage|p2a: Wo-Chien|24\/100\n|move|p1b: Oranguru|Instruct|p1a: Ursaluna\n|-singleturn|p1a: Ursaluna|move: Instruct|[of] p1b: Oranguru\n|move|p1a: Ursaluna|Blood Moon|p2a: Wo-Chien\n|-damage|p2a: Wo-Chien|0 fnt\n|faint|p2a: Wo-Chien\n|-hint|Some effects can force a Pokemon to use Blood Moon again in a row.\n|move|p2b: Torkoal|Lava Plume|p1a: Ursaluna|[spread] p1a,p1b\n|-damage|p1a: Ursaluna|24\/100\n|-damage|p1b: Oranguru|8\/100\n|-status|p1b: Oranguru|brn\n|\n|-weather|SunnyDay|[upkeep]\n|-damage|p1b: Oranguru|2\/100 brn|[from] brn\n|upkeep\n|turn|4\n|inactive|casper6_14 has 30 seconds left.\n|\n|t:|1700596999\n|move|p2b: Torkoal|Protect|p2b: Torkoal\n|-singleturn|p2b: Torkoal|Protect\n|move|p1a: Ursaluna|Hyper Voice|p2b: Torkoal\n|-activate|p2b: Torkoal|move: Protect\n|move|p1b: Oranguru|Instruct|p2b: Torkoal\n|-activate|p2b: Torkoal|move: Protect\n|\n|-weather|SunnyDay|[upkeep]\n|-damage|p1b: Oranguru|0 fnt|[from] brn\n|faint|p1b: Oranguru\n|upkeep\n|\n|t:|1700597002\n|switch|p1b: Torkoal|Torkoal, L50, F|100\/100\n|turn|5\n|inactive|gokturkxd has 30 seconds left.\n|\n|t:|1700597028\n|move|p1a: Ursaluna|Blood Moon|p2b: Torkoal\n|-damage|p2b: Torkoal|2\/100\n|move|p2b: Torkoal|Eruption|p1b: Torkoal|[spread] p1a,p1b\n|-resisted|p1b: Torkoal\n|-damage|p1a: Ursaluna|22\/100\n|-damage|p1b: Torkoal|99\/100\n|move|p1b: Torkoal|Eruption|p2b: Torkoal\n|-resisted|p2b: Torkoal\n|-damage|p2b: Torkoal|0 fnt\n|faint|p2b: Torkoal\n|\n|win|casper6_14\n|raw|casper6_14's rating: 1147 &rarr; <strong>1174<\/strong><br \/>(+27 for winning)\n|raw|gokturkxd's rating: 1177 &rarr; <strong>1150<\/strong><br \/>(-27 for losing)\n|l|\u2606gokturkxd\n","uploadtime":1700597040,"views":0,"p1id":"casper614","p2id":"gokturkxd","formatid":"gen9vgc2023regulatione","rating":1150,"private":0,"password":""}