{"id":"gen9vgc2023regulatione-1999708971","p1":"Da Newnew","p2":"Spicy Cigar","format":"[Gen 9] VGC 2023 Regulation E","log":"|j|\u2606Da Newnew\n|j|\u2606Spicy Cigar\n|n|\u2606Da Newnew|danewnew\n|n|\u2606Spicy Cigar|spicycigar\n|html|View the match progress at <a href=\"\/game-bestof3-gen9vgc2023regulatione-1999708970\">game-bestof3-gen9vgc2023regulatione-1999708970<\/a>\n|t:|1701109750\n|gametype|doubles\n|player|p1|Da Newnew|265|\n|player|p2|Spicy Cigar|skier|\n|teamsize|p1|6\n|teamsize|p2|6\n|gen|9\n|tier|[Gen 9] VGC 2023 Regulation E\n|rule|Species Clause: Limit one of each Pok\u00e9mon\n|rule|Item Clause: Limit one of each item\n|clearpoke\n|poke|p1|Ninetales-Alola, L50, F|\n|poke|p1|Rotom-Wash, L50|\n|poke|p1|Baxcalibur, L50, M|\n|poke|p1|Heatran, L50, M|\n|poke|p1|Ogerpon, L50, F|\n|poke|p1|Landorus-Therian, L50, M|\n|poke|p2|Tornadus, L50, M|\n|poke|p2|Arcanine-Hisui, L50, M|\n|poke|p2|Iron Hands, L50|\n|poke|p2|Urshifu-*, L50, F|\n|poke|p2|Sinistcha, L50|\n|poke|p2|Chien-Pao, L50|\n|teampreview|4\nDa Newnew has agreed to open team sheets.\nSpicy Cigar has agreed to open team sheets.\n|showteam|p1|Ninetales-Alola||LightClay|SnowWarning|Protect,Blizzard,IcyWind,AuroraVeil|||F|||50|,,,,,Ghost]Rotom-Wash||SitrusBerry|Levitate|WillOWisp,Thunderbolt,VoltSwitch,HydroPump||||||50|,,,,,Electric]Baxcalibur||ClearAmulet|ThermalExchange|ScaleShot,SwordsDance,IceShard,Protect|||M|||50|,,,,,Poison]Heatran||LifeOrb|FlashFire|HeatWave,FlashCannon,EarthPower,Protect|||M|||50|,,,,,Fairy]Ogerpon||ScopeLens|Defiant|SpikyShield,IvyCudgel,KnockOff,Uturn|||F|||50|,,,,,Grass]Landorus-Therian||ChoiceScarf|Intimidate|RockSlide,StompingTantrum,TeraBlast,Uturn|||M|||50|,,,,,Flying\n|showteam|p2|Tornadus||SharpBeak|Prankster|BleakwindStorm,Tailwind,Taunt,Leer|||M|||50|,,,,,Ghost]Arcanine-Hisui||ChoiceBand|Intimidate|ExtremeSpeed,RockSlide,FlareBlitz,TeraBlast|||M|||50|,,,,,Fairy]Iron Hands||ClearAmulet|QuarkDrive|FakeOut,WildCharge,CloseCombat,IcePunch||||||50|,,,,,Poison]Urshifu-Rapid-Strike||ChoiceScarf|UnseenFist|SurgingStrikes,AquaJet,CloseCombat,Uturn|||F|||50|,,,,,Water]Sinistcha||SitrusBerry|Heatproof|NastyPlot,RagePowder,ShadowBall,MatchaGotcha||||||50|,,,,,Steel]Chien-Pao||FocusSash|SwordofRuin|IceSpinner,SuckerPunch,LashOut,Protect||||||50|,,,,,Ghost\n|\n|t:|1701109816\n|start\n|switch|p1a: Ninetales|Ninetales-Alola, L50, F|100\/100\n|switch|p1b: Rotom|Rotom-Wash, L50|100\/100\n|switch|p2a: Katrina|Tornadus, L50, M|100\/100\n|switch|p2b: Hands|Iron Hands, L50|100\/100\n|-weather|Snow|[from] ability: Snow Warning|[of] p1a: Ninetales\n|turn|1\n|\n|t:|1701109868\n|switch|p1b: Landorus|Landorus-Therian, L50, M|100\/100\n|-ability|p1b: Landorus|Intimidate|boost\n|-unboost|p2a: Katrina|atk|1\n|-fail|p2b: Hands|unboost|[from] item: Clear Amulet|[of] p2b: Hands\n|-terastallize|p2a: Katrina|Ghost\n|move|p2b: Hands|Fake Out|p1b: Landorus\n|-damage|p1b: Landorus|80\/100\n|move|p2a: Katrina|Taunt|p1a: Ninetales\n|-start|p1a: Ninetales|move: Taunt\n|move|p1a: Ninetales|Blizzard|p2a: Katrina|[spread] p2a,p2b\n|-damage|p2a: Katrina|63\/100\n|-damage|p2b: Hands|71\/100\n|-status|p2a: Katrina|frz\n|\n|-weather|Snow|[upkeep]\n|upkeep\n|turn|2\n|\n|t:|1701109925\n|move|p1b: Landorus|U-turn|p2b: Hands\n|-resisted|p2b: Hands\n|-damage|p2b: Hands|62\/100\n|\n|t:|1701109930\n|switch|p1b: Rotom|Rotom-Wash, L50|100\/100|[from] U-turn\n|cant|p2a: Katrina|frz\n|move|p1a: Ninetales|Blizzard|p2b: Hands|[spread] p2a,p2b\n|-damage|p2a: Katrina|24\/100 frz\n|-damage|p2b: Hands|30\/100\n|move|p2b: Hands|Ice Punch|p1b: Rotom\n|-resisted|p1b: Rotom\n|-damage|p1b: Rotom|89\/100\n|\n|-weather|Snow|[upkeep]\n|upkeep\n|turn|3\n|\n|t:|1701109975\n|switch|p2a: Tony|Chien-Pao, L50|100\/100\n|-ability|p2a: Tony|Sword of Ruin\n|move|p1a: Ninetales|Blizzard|p2b: Hands|[spread] p2a,p2b\n|-resisted|p2a: Tony\n|-damage|p2a: Tony|75\/100\n|-damage|p2b: Hands|0 fnt\n|faint|p2b: Hands\n|-end|p2b: Hands|Quark Drive|[silent]\n|move|p1b: Rotom|Volt Switch|p2a: Tony\n|-damage|p2a: Tony|35\/100\n|\n|t:|1701109986\n|switch|p1b: Baxcalibur|Baxcalibur, L50, M|100\/100|[from] Volt Switch\n|\n|-weather|Snow|[upkeep]\n|-end|p1a: Ninetales|move: Taunt\n|upkeep\n|\n|t:|1701110009\n|switch|p2b: Houndog|Arcanine-Hisui, L50, M|100\/100\n|-ability|p2b: Houndog|Intimidate|boost\n|-unboost|p1a: Ninetales|atk|1\n|-fail|p1b: Baxcalibur|unboost|[from] item: Clear Amulet|[of] p1b: Baxcalibur\n|turn|4\n|c|\u2606Spicy Cigar|my boss trying to call me in rn\n|c|\u2606Spicy Cigar|fuckkkk no\n|\n|t:|1701110036\n|-terastallize|p1b: Baxcalibur|Poison\n|move|p2a: Tony|Lash Out|p1b: Baxcalibur\n|-damage|p1b: Baxcalibur|55\/100\n|move|p1a: Ninetales|Aurora Veil|p1a: Ninetales\n|-sidestart|p1: Da Newnew|move: Aurora Veil\n|move|p2b: Houndog|Flare Blitz|p1a: Ninetales\n|-supereffective|p1a: Ninetales\n|-damage|p1a: Ninetales|0 fnt\n|faint|p1a: Ninetales\n|-damage|p2b: Houndog|73\/100|[from] Recoil\n|move|p1b: Baxcalibur|Scale Shot|p2a: Tony\n|-damage|p2a: Tony|21\/100\n|-damage|p2a: Tony|7\/100\n|-hitcount|p2a: Tony|2\n|-unboost|p1b: Baxcalibur|def|1\n|-boost|p1b: Baxcalibur|spe|1\n|\n|-weather|Snow|[upkeep]\n|upkeep\n|\n|t:|1701110056\n|switch|p1a: Landorus|Landorus-Therian, L50, M|80\/100\n|-ability|p1a: Landorus|Intimidate|boost\n|-unboost|p2a: Tony|atk|1\n|-unboost|p2b: Houndog|atk|1\n|turn|5\n|\n|t:|1701110077\n|move|p2a: Tony|Sucker Punch|p1a: Landorus\n|-damage|p1a: Landorus|51\/100\n|move|p1b: Baxcalibur|Ice Shard|p2a: Tony\n|-resisted|p2a: Tony\n|-crit|p2a: Tony\n|-damage|p2a: Tony|0 fnt\n|faint|p2a: Tony\n|move|p1a: Landorus|Stomping Tantrum|p2b: Houndog\n|-supereffective|p2b: Houndog\n|-damage|p2b: Houndog|0 fnt\n|faint|p2b: Houndog\n|\n|-weather|none\n|upkeep\n|\n|t:|1701110096\n|switch|p2b: Katrina|Tornadus, L50, M, tera:Ghost|24\/100 frz\n|turn|6\n|c|\u2606Spicy Cigar|oh his ass is COOOKINNNN\n|-message|Spicy Cigar forfeited.\n|\n|win|Da Newnew\n","uploadtime":1701110110,"views":1,"p1id":"danewnew","p2id":"spicycigar","formatid":"gen9vgc2023regulatione","rating":0,"private":0,"password":""}