{"id":"gen9vgc2023regulatione-1995105302","p1":"kennymaker64","p2":"quarters_ou","format":"[Gen 9] VGC 2023 Regulation E","log":"|j|\u2606kennymaker64\n|j|\u2606quarters_ou\n|n|\u2606kennymaker64|kennymaker64\n|n|\u2606quarters_ou|quartersou\n|html|View the match progress at <a href=\"\/game-bestof3-gen9vgc2023regulatione-1995105301\">game-bestof3-gen9vgc2023regulatione-1995105301<\/a>\n|t:|1700523123\n|gametype|doubles\n|player|p1|kennymaker64|169|\n|player|p2|quarters_ou|1|\n|teamsize|p1|6\n|teamsize|p2|6\n|gen|9\n|tier|[Gen 9] VGC 2023 Regulation E\n|rule|Species Clause: Limit one of each Pok\u00e9mon\n|rule|Item Clause: Limit one of each item\n|clearpoke\n|poke|p1|Sinistcha-Masterpiece, L50|\n|poke|p1|Torkoal, L50, F|\n|poke|p1|Slowking-Galar, L50, M|\n|poke|p1|Iron Hands, L50|\n|poke|p1|Grimmsnarl, L50, M|\n|poke|p1|Ursaluna-Bloodmoon, L50, M|\n|poke|p2|Moltres-Galar, L50|\n|poke|p2|Sinistcha-Masterpiece, L50|\n|poke|p2|Ninetales-Alola, L50, F|\n|poke|p2|Landorus-Therian, L50, M|\n|poke|p2|Iron Hands, L50|\n|poke|p2|Heatran, L50, F|\n|teampreview|4\nkennymaker64 has agreed to open team sheets.\nquarters_ou has agreed to open team sheets.\n|showteam|p1|Sinistcha-Masterpiece||SitrusBerry|Hospitality|MatchaGotcha,StrengthSap,TrickRoom,CalmMind||||||50|,,,,,Fairy]Torkoal||Charcoal|Drought|Eruption,SolarBeam,EarthPower,Protect|||F|||50|,,,,,Fire]Slowking-Galar||CovertCloak|OwnTempo|TrickRoom,SludgeBomb,Psychic,SlackOff|||M|||50|,,,,,Fairy]Iron Hands||AssaultVest|QuarkDrive|FakeOut,WildCharge,DrainPunch,HeavySlam||||||50|,,,,,Fire]Grimmsnarl||LightClay|Prankster|FoulPlay,Imprison,LightScreen,Taunt|||M|||50|,,,,,Dark]Ursaluna-Bloodmoon||LifeOrb|MindsEye|BloodMoon,EarthPower,Protect,CalmMind|||M|||50|,,,,,Normal\n|showteam|p2|Moltres-Galar||SitrusBerry|Berserk|FieryWrath,AirSlash,NastyPlot,Protect||||||50|,,,,,Poison]Sinistcha-Masterpiece||RockyHelmet|Hospitality|MatchaGotcha,RagePowder,StrengthSap,TrickRoom||||||50|,,,,,Water]Ninetales-Alola||LightClay|SnowWarning|Moonblast,Blizzard,AuroraVeil,Protect|||F|||50|,,,,,Water]Landorus-Therian||ChoiceScarf|Intimidate|StompingTantrum,RockSlide,Uturn,TeraBlast|||M|||50|,,,,,Flying]Iron Hands||AssaultVest|QuarkDrive|FakeOut,WildCharge,DrainPunch,HeavySlam||||||50|,,,,,Water]Heatran||Leftovers|FlashFire|HeatWave,EarthPower,TeraBlast,Protect|||F|||50|,,,,,Grass\n|\n|t:|1700523214\n|start\n|switch|p1a: Will Smith|Iron Hands, L50|100\/100\n|switch|p1b: Iroh|Sinistcha-Masterpiece, L50|100\/100\n|switch|p2a: Ninetales|Ninetales-Alola, L50, F|100\/100\n|switch|p2b: Iron Hands|Iron Hands, L50|100\/100\n|-weather|Snow|[from] ability: Snow Warning|[of] p2a: Ninetales\n|turn|1\n|\n|t:|1700523233\n|move|p1a: Will Smith|Fake Out|p2a: Ninetales\n|-damage|p2a: Ninetales|89\/100\n|move|p2b: Iron Hands|Fake Out|p1a: Will Smith\n|-damage|p1a: Will Smith|90\/100\n|cant|p2a: Ninetales|flinch\n|move|p1b: Iroh|Trick Room|p1b: Iroh\n|-fieldstart|move: Trick Room|[of] p1b: Iroh\n|\n|-weather|Snow|[upkeep]\n|upkeep\n|turn|2\n|\n|t:|1700523281\n|switch|p2a: Sinistcha|Sinistcha-Masterpiece, L50|100\/100\n|move|p2b: Iron Hands|Drain Punch|p1a: Will Smith\n|-damage|p1a: Will Smith|60\/100\n|move|p1a: Will Smith|Heavy Slam|p2a: Sinistcha\n|-damage|p2a: Sinistcha|58\/100\n|-damage|p1a: Will Smith|43\/100|[from] item: Rocky Helmet|[of] p2a: Sinistcha\n|move|p1b: Iroh|Calm Mind|p1b: Iroh\n|-boost|p1b: Iroh|spa|1\n|-boost|p1b: Iroh|spd|1\n|\n|-weather|Snow|[upkeep]\n|upkeep\n|turn|3\n|\n|t:|1700523308\n|move|p2b: Iron Hands|Drain Punch|p1a: Will Smith\n|-damage|p1a: Will Smith|17\/100\n|move|p1a: Will Smith|Drain Punch|p2b: Iron Hands\n|-damage|p2b: Iron Hands|71\/100\n|-heal|p1a: Will Smith|31\/100|[from] drain|[of] p2b: Iron Hands\n|move|p1b: Iroh|Calm Mind|p1b: Iroh\n|-boost|p1b: Iroh|spa|1\n|-boost|p1b: Iroh|spd|1\n|move|p2a: Sinistcha|Strength Sap|p1a: Will Smith\n|-unboost|p1a: Will Smith|atk|1\n|-heal|p2a: Sinistcha|100\/100\n|\n|-weather|Snow|[upkeep]\n|upkeep\n|turn|4\n|\n|t:|1700523340\n|move|p1a: Will Smith|Wild Charge|p2a: Sinistcha\n|-resisted|p2a: Sinistcha\n|-damage|p2a: Sinistcha|86\/100\n|-damage|p1a: Will Smith|15\/100|[from] item: Rocky Helmet|[of] p2a: Sinistcha\n|-damage|p1a: Will Smith|12\/100|[from] Recoil\n|move|p2b: Iron Hands|Heavy Slam|p1b: Iroh\n|-damage|p1b: Iroh|70\/100\n|move|p1b: Iroh|Matcha Gotcha|p2b: Iron Hands|[spread] p2a,p2b\n|-resisted|p2a: Sinistcha\n|-damage|p2a: Sinistcha|61\/100\n|-heal|p1b: Iroh|83\/100|[from] drain|[of] p2a: Sinistcha\n|-damage|p2b: Iron Hands|49\/100\n|-heal|p1b: Iroh|98\/100|[from] drain|[of] p2b: Iron Hands\n|move|p2a: Sinistcha|Matcha Gotcha|p1b: Iroh|[spread] p1a,p1b\n|-resisted|p1b: Iroh\n|-damage|p1a: Will Smith|0 fnt\n|-heal|p2a: Sinistcha|70\/100|[from] drain|[of] p1a: Will Smith\n|-damage|p1b: Iroh|90\/100\n|-heal|p2a: Sinistcha|74\/100|[from] drain|[of] p1b: Iroh\n|faint|p1a: Will Smith\n|-end|p1a: Will Smith|Quark Drive|[silent]\n|\n|-weather|Snow|[upkeep]\n|upkeep\n|\n|t:|1700523349\n|switch|p1a: Da Oven|Torkoal, L50, F|100\/100\n|-weather|SunnyDay|[from] ability: Drought|[of] p1a: Da Oven\n|turn|5\n|\n|t:|1700523379\n|switch|p2a: Ninetales|Ninetales-Alola, L50, F|89\/100\n|-weather|Snow|[from] ability: Snow Warning|[of] p2a: Ninetales\n|move|p1a: Da Oven|Eruption|p2a: Ninetales|[spread] p2a,p2b\n|-supereffective|p2a: Ninetales\n|-damage|p2a: Ninetales|0 fnt\n|-damage|p2b: Iron Hands|22\/100\n|faint|p2a: Ninetales\n|move|p2b: Iron Hands|Drain Punch|p1a: Da Oven\n|-damage|p1a: Da Oven|71\/100\n|-heal|p2b: Iron Hands|33\/100|[from] drain|[of] p1a: Da Oven\n|move|p1b: Iroh|Calm Mind|p1b: Iroh\n|-boost|p1b: Iroh|spa|1\n|-boost|p1b: Iroh|spd|1\n|\n|-weather|Snow|[upkeep]\n|-fieldend|move: Trick Room\n|upkeep\n|\n|t:|1700523385\n|switch|p2a: Moltres|Moltres-Galar, L50|100\/100\n|turn|6\n|\n|t:|1700523418\n|move|p1a: Da Oven|Protect|p1a: Da Oven\n|-singleturn|p1a: Da Oven|Protect\n|move|p2a: Moltres|Fiery Wrath|p1a: Da Oven|[spread] p1b\n|-activate|p1a: Da Oven|move: Protect\n|-supereffective|p1b: Iroh\n|-damage|p1b: Iroh|65\/100\n|move|p2b: Iron Hands|Heavy Slam|p1b: Iroh\n|-damage|p1b: Iroh|33\/100\n|-enditem|p1b: Iroh|Sitrus Berry|[eat]\n|-heal|p1b: Iroh|58\/100|[from] item: Sitrus Berry\n|cant|p1b: Iroh|flinch\n|\n|-weather|Snow|[upkeep]\n|upkeep\n|turn|7\n|\n|t:|1700523451\n|move|p2a: Moltres|Air Slash|p1b: Iroh\n|-supereffective|p1b: Iroh\n|-damage|p1b: Iroh|26\/100\n|move|p1b: Iroh|Strength Sap|p2b: Iron Hands\n|-unboost|p2b: Iron Hands|atk|1\n|-heal|p1b: Iroh|100\/100\n|move|p2b: Iron Hands|Heavy Slam|p1b: Iroh\n|-damage|p1b: Iroh|79\/100\n|move|p1a: Da Oven|Eruption|p2a: Moltres|[spread] p2a,p2b\n|-damage|p2a: Moltres|67\/100\n|-damage|p2b: Iron Hands|11\/100\n|\n|-weather|Snow|[upkeep]\n|upkeep\n|turn|8\n|\n|t:|1700523469\n|move|p2a: Moltres|Nasty Plot|p2a: Moltres\n|-boost|p2a: Moltres|spa|2\n|move|p2b: Iron Hands|Drain Punch|p1a: Da Oven\n|-damage|p1a: Da Oven|51\/100\n|-heal|p2b: Iron Hands|19\/100|[from] drain|[of] p1a: Da Oven\n|move|p1a: Da Oven|Eruption|p2b: Iron Hands|[spread] p2a,p2b\n|-damage|p2a: Moltres|44\/100\n|-damage|p2b: Iron Hands|4\/100\n|-ability|p2a: Moltres|Berserk|boost\n|-boost|p2a: Moltres|spa|1\n|-enditem|p2a: Moltres|Sitrus Berry|[eat]\n|-heal|p2a: Moltres|69\/100|[from] item: Sitrus Berry\n|move|p1b: Iroh|Trick Room|p1b: Iroh\n|-fieldstart|move: Trick Room|[of] p1b: Iroh\n|\n|-weather|Snow|[upkeep]\n|upkeep\n|turn|9\n|\n|t:|1700523505\n|switch|p1a: Ursaluna|Ursaluna-Bloodmoon, L50, M|100\/100\n|move|p2b: Iron Hands|Drain Punch|p1a: Ursaluna\n|-supereffective|p1a: Ursaluna\n|-damage|p1a: Ursaluna|61\/100\n|-heal|p2b: Iron Hands|22\/100|[from] drain|[of] p1a: Ursaluna\n|move|p1b: Iroh|Matcha Gotcha|p2a: Moltres|[spread] p2b\n|-miss|p1b: Iroh|p2a: Moltres\n|-damage|p2b: Iron Hands|0 fnt\n|-heal|p1b: Iroh|93\/100|[from] drain|[of] p2b: Iron Hands\n|faint|p2b: Iron Hands\n|-end|p2b: Iron Hands|Quark Drive|[silent]\n|move|p2a: Moltres|Fiery Wrath|p1a: Ursaluna|[spread] p1a,p1b\n|-supereffective|p1b: Iroh\n|-damage|p1a: Ursaluna|0 fnt\n|-damage|p1b: Iroh|28\/100\n|faint|p1a: Ursaluna\n|\n|-weather|none\n|upkeep\n|\n|t:|1700523516\n|switch|p1a: Da Oven|Torkoal, L50, F|51\/100\n|switch|p2b: Sinistcha|Sinistcha-Masterpiece, L50|74\/100\n|-weather|SunnyDay|[from] ability: Drought|[of] p1a: Da Oven\n|-heal|p2a: Moltres|94\/100|[from] ability: Hospitality|[of] p2b: Sinistcha\n|turn|10\n|\n|t:|1700523544\n|-terastallize|p1b: Iroh|Fairy\n|-terastallize|p2b: Sinistcha|Water\n|move|p2a: Moltres|Protect|p2a: Moltres\n|-singleturn|p2a: Moltres|Protect\n|move|p1a: Da Oven|Eruption|p2a: Moltres|[spread] p2b\n|-activate|p2a: Moltres|move: Protect\n|-resisted|p2b: Sinistcha\n|-damage|p2b: Sinistcha|52\/100\n|move|p1b: Iroh|Strength Sap|p2a: Moltres\n|-activate|p2a: Moltres|move: Protect\n|move|p2b: Sinistcha|Trick Room|p2b: Sinistcha\n|-fieldend|move: Trick Room\n|\n|-weather|SunnyDay|[upkeep]\n|upkeep\n|turn|11\n|\n|t:|1700523575\n|move|p2a: Moltres|Fiery Wrath|p1b: Iroh|[spread] p1a,p1b\n|-resisted|p1b: Iroh\n|-damage|p1a: Da Oven|0 fnt\n|-damage|p1b: Iroh|11\/100\n|faint|p1a: Da Oven\n|move|p2b: Sinistcha|Matcha Gotcha|p1b: Iroh\n|-damage|p1b: Iroh|0 fnt\n|-heal|p2b: Sinistcha|57\/100|[from] drain|[of] p1b: Iroh\n|faint|p1b: Iroh\n|\n|win|quarters_ou\n","uploadtime":1700523581,"views":9,"p1id":"kennymaker64","p2id":"quartersou","formatid":"gen9vgc2023regulatione","rating":0,"private":0,"password":""}