{"id":"gen9vgc2023regulatione-1990130975","p1":"jamahcs","p2":"jesus.utrilla14","format":"[Gen 9] VGC 2023 Regulation E","log":"|j|\u2606jamahcs\n|j|\u2606jesus.utrilla14\n|t:|1699927882\n|gametype|doubles\n|player|p1|jamahcs|cynthia-gen4|1113\n|player|p2|jesus.utrilla14|lucas|1049\n|teamsize|p1|6\n|teamsize|p2|6\n|gen|9\n|tier|[Gen 9] VGC 2023 Regulation E\n|rated|\n|rule|Species Clause: Limit one of each Pok\u00e9mon\n|rule|Item Clause: Limit one of each item\n|clearpoke\n|poke|p1|Tornadus, L50, M|\n|poke|p1|Urshifu-*, L50, M|\n|poke|p1|Heatran, L50, F|\n|poke|p1|Iron Hands, L50|\n|poke|p1|Landorus-Therian, L50, M|\n|poke|p1|Flutter Mane, L50|\n|poke|p2|Heatran, L50, F|\n|poke|p2|Ogerpon-Wellspring, L50, F|\n|poke|p2|Landorus-Therian, L50, M|\n|poke|p2|Gholdengo, L50|\n|poke|p2|Rillaboom, L50, M|\n|poke|p2|Flutter Mane, L50|\n|teampreview|4\n|inactive|Battle timer is ON: inactive players will automatically lose when time's up. (requested by jamahcs)\n|inactive|jamahcs has 60 seconds left.\n|\n|t:|1699927913\n|start\n|switch|p1a: Tornadus|Tornadus, L50, M|100\/100\n|switch|p1b: Heatran|Heatran, L50, F|100\/100\n|switch|p2a: Heatran|Heatran, L50, F, shiny|100\/100\n|switch|p2b: Ogerpon|Ogerpon-Wellspring, L50, F|100\/100\n|turn|1\n|inactive|jamahcs has 30 seconds left.\n|inactive|jesus.utrilla14 has 30 seconds left.\n|inactive|jamahcs has 20 seconds left.\n|inactive|jamahcs has 15 seconds left.\n|inactive|jamahcs has 10 seconds left.\n|inactive|jamahcs has 5 seconds left.\n|\n|t:|1699927965\n|-terastallize|p2b: Ogerpon|Water\n|detailschange|p2b: Ogerpon|Ogerpon-Wellspring-Tera, L50, F, tera:Water\n|-ability|p2b: Ogerpon|Embody Aspect (Wellspring)|boost\n|-boost|p2b: Ogerpon|spd|1\n|move|p1b: Heatran|Protect|p1b: Heatran\n|-singleturn|p1b: Heatran|Protect\n|move|p2b: Ogerpon|Follow Me|p2b: Ogerpon\n|-singleturn|p2b: Ogerpon|move: Follow Me\n|move|p1a: Tornadus|Bleakwind Storm|p2a: Heatran|[spread] p2a,p2b\n|-resisted|p2a: Heatran\n|-damage|p2a: Heatran|85\/100\n|-damage|p2b: Ogerpon|78\/100\n|-unboost|p2a: Heatran|spe|1\n|move|p2a: Heatran|Magma Storm|p1a: Tornadus|[miss]\n|-miss|p2a: Heatran|p1a: Tornadus\n|\n|-heal|p2a: Heatran|91\/100|[from] item: Leftovers\n|upkeep\n|turn|2\n|inactive|jamahcs has 30 seconds left.\n|inactive|jamahcs has 20 seconds left.\n|\n|t:|1699928005\n|switch|p1b: Iron Hands|Iron Hands, L50|100\/100\n|move|p1a: Tornadus|Bleakwind Storm|p2b: Ogerpon|[spread] p2a\n|-miss|p1a: Tornadus|p2b: Ogerpon\n|-resisted|p2a: Heatran\n|-damage|p2a: Heatran|76\/100\n|move|p2b: Ogerpon|Ivy Cudgel|p1a: Tornadus\n|-damage|p1a: Tornadus|36\/100\n|-enditem|p1a: Tornadus|Sitrus Berry|[eat]\n|-heal|p1a: Tornadus|61\/100|[from] item: Sitrus Berry\n|move|p2a: Heatran|Earth Power|p1b: Iron Hands\n|-supereffective|p1b: Iron Hands\n|-damage|p1b: Iron Hands|65\/100\n|\n|-heal|p2a: Heatran|82\/100|[from] item: Leftovers\n|upkeep\n|turn|3\n|inactive|jamahcs has 30 seconds left.\n|inactive|jamahcs has 20 seconds left.\n|inactive|jamahcs has 15 seconds left.\n|inactive|jamahcs has 10 seconds left.\n|\n|t:|1699928051\n|move|p2b: Ogerpon|Spiky Shield|p2b: Ogerpon\n|-singleturn|p2b: Ogerpon|move: Protect\n|move|p1a: Tornadus|Bleakwind Storm|p2a: Heatran|[spread] p2a\n|-activate|p2b: Ogerpon|move: Protect\n|-resisted|p2a: Heatran\n|-damage|p2a: Heatran|68\/100\n|-unboost|p2a: Heatran|spe|1\n|move|p2a: Heatran|Magma Storm|p1b: Iron Hands\n|-damage|p1b: Iron Hands|37\/100\n|-activate|p1b: Iron Hands|move: Magma Storm|[of] p2a: Heatran\n|move|p1b: Iron Hands|Wild Charge|p2b: Ogerpon\n|-activate|p2b: Ogerpon|move: Protect\n|-damage|p1b: Iron Hands|25\/100|[from] Spiky Shield|[of] p2b: Ogerpon\n|\n|-heal|p2a: Heatran|74\/100|[from] item: Leftovers\n|-damage|p1b: Iron Hands|12\/100|[from] move: Magma Storm|[partiallytrapped]\n|upkeep\n|turn|4\n|inactive|jamahcs has 30 seconds left.\n|inactive|jesus.utrilla14 has 30 seconds left.\n|\n|t:|1699928079\n|move|p1a: Tornadus|Protect|p1a: Tornadus\n|-singleturn|p1a: Tornadus|Protect\n|move|p2a: Heatran|Protect|p2a: Heatran\n|-singleturn|p2a: Heatran|Protect\n|move|p2b: Ogerpon|Ivy Cudgel|p1b: Iron Hands\n|-damage|p1b: Iron Hands|0 fnt\n|faint|p1b: Iron Hands\n|-end|p1b: Iron Hands|Quark Drive|[silent]\n|\n|-heal|p2a: Heatran|81\/100|[from] item: Leftovers\n|upkeep\n|\n|t:|1699928093\n|switch|p1b: Heatran|Heatran, L50, F|100\/100\n|turn|5\n|\n|t:|1699928100\n|move|p1b: Heatran|Protect|p1b: Heatran\n|-singleturn|p1b: Heatran|Protect\n|move|p2b: Ogerpon|Follow Me|p2b: Ogerpon\n|-singleturn|p2b: Ogerpon|move: Follow Me\n|move|p1a: Tornadus|Tailwind|p1a: Tornadus\n|-sidestart|p1: jamahcs|move: Tailwind\n|move|p2a: Heatran|Magma Storm|p1a: Tornadus\n|-damage|p1a: Tornadus|4\/100\n|-activate|p1a: Tornadus|move: Magma Storm|[of] p2a: Heatran\n|\n|-heal|p2a: Heatran|87\/100|[from] item: Leftovers\n|-damage|p1a: Tornadus|0 fnt|[from] move: Magma Storm|[partiallytrapped]\n|faint|p1a: Tornadus\n|upkeep\n|\n|t:|1699928111\n|switch|p1a: Flutter Mane|Flutter Mane, L50|100\/100\n|turn|6\n|\n|t:|1699928126\n|-terastallize|p1b: Heatran|Fairy\n|move|p2b: Ogerpon|Spiky Shield|p2b: Ogerpon\n|-singleturn|p2b: Ogerpon|move: Protect\n|move|p2a: Heatran|Protect|p2a: Heatran\n|-singleturn|p2a: Heatran|Protect\n|move|p1a: Flutter Mane|Shadow Ball|p2a: Heatran\n|-activate|p2a: Heatran|move: Protect\n|move|p1b: Heatran|Earth Power|p2a: Heatran\n|-activate|p2a: Heatran|move: Protect\n|\n|-heal|p2a: Heatran|93\/100|[from] item: Leftovers\n|upkeep\n|turn|7\n|\n|t:|1699928144\n|move|p2b: Ogerpon|Follow Me|p2b: Ogerpon\n|-singleturn|p2b: Ogerpon|move: Follow Me\n|move|p1a: Flutter Mane|Shadow Ball|p2b: Ogerpon\n|-damage|p2b: Ogerpon|40\/100\n|move|p1b: Heatran|Earth Power|p2b: Ogerpon\n|-damage|p2b: Ogerpon|12\/100\n|-damage|p1b: Heatran|91\/100|[from] item: Life Orb\n|move|p2a: Heatran|Flash Cannon|p1a: Flutter Mane\n|-supereffective|p1a: Flutter Mane\n|-damage|p1a: Flutter Mane|15\/100\n|-unboost|p1a: Flutter Mane|spd|1\n|\n|-heal|p2a: Heatran|99\/100|[from] item: Leftovers\n|upkeep\n|turn|8\n|inactive|jamahcs has 30 seconds left.\n|\n|t:|1699928175\n|move|p2a: Heatran|Protect|p2a: Heatran\n|-singleturn|p2a: Heatran|Protect\n|move|p1a: Flutter Mane|Shadow Ball|p2a: Heatran\n|-activate|p2a: Heatran|move: Protect\n|move|p1b: Heatran|Earth Power|p2a: Heatran\n|-activate|p2a: Heatran|move: Protect\n|move|p2b: Ogerpon|Ivy Cudgel|p1a: Flutter Mane\n|-damage|p1a: Flutter Mane|0 fnt\n|faint|p1a: Flutter Mane\n|-end|p1a: Flutter Mane|Protosynthesis|[silent]\n|\n|-heal|p2a: Heatran|100\/100|[from] item: Leftovers\n|-sideend|p1: jamahcs|move: Tailwind\n|upkeep\n|turn|9\n|\n|t:|1699928193\n|move|p2b: Ogerpon|Follow Me|p2b: Ogerpon\n|-singleturn|p2b: Ogerpon|move: Follow Me\n|move|p1b: Heatran|Earth Power|p2b: Ogerpon\n|-damage|p2b: Ogerpon|0 fnt\n|faint|p2b: Ogerpon\n|-damage|p1b: Heatran|81\/100|[from] item: Life Orb\n|move|p2a: Heatran|Flash Cannon|p1b: Heatran\n|-supereffective|p1b: Heatran\n|-damage|p1b: Heatran|9\/100\n|\n|upkeep\n|\n|t:|1699928211\n|switch|p2b: Rillaboom|Rillaboom, L50, M, shiny|100\/100\n|-fieldstart|move: Grassy Terrain|[from] ability: Grassy Surge|[of] p2b: Rillaboom\n|turn|10\n|c|\u2606jesus.utrilla14|ez\n|inactive|jamahcs has 30 seconds left.\n|inactive|jamahcs has 20 seconds left.\n|inactive|jamahcs has 15 seconds left.\n|inactive|jamahcs has 10 seconds left.\n|inactive|jamahcs has 5 seconds left.\n|\n|t:|1699928266\n|move|p2b: Rillaboom|Grassy Glide|p1b: Heatran\n|-damage|p1b: Heatran|0 fnt\n|faint|p1b: Heatran\n|\n|win|jesus.utrilla14\n|raw|jamahcs's rating: 1113 &rarr; <strong>1083<\/strong><br \/>(-30 for losing)\n|raw|jesus.utrilla14's rating: 1049 &rarr; <strong>1088<\/strong><br \/>(+39 for winning)\n|l|\u2606jamahcs\n","uploadtime":1699928291,"views":13,"p1id":"jamahcs","p2id":"jesusutrilla14","formatid":"gen9vgc2023regulatione","rating":1083,"private":0,"password":""}