{"id":"gen9vgc2023regulatione-1993780015","p1":"YoskinPataNegra","p2":"Conchoboar4","format":"[Gen 9] VGC 2023 Regulation E","log":"|j|\u2606YoskinPataNegra\n|j|\u2606Conchoboar4\n|t:|1700356340\n|gametype|doubles\n|player|p1|YoskinPataNegra|buck|1405\n|player|p2|Conchoboar4|1|1399\n|teamsize|p1|6\n|teamsize|p2|6\n|gen|9\n|tier|[Gen 9] VGC 2023 Regulation E\n|rated|\n|rule|Species Clause: Limit one of each Pok\u00e9mon\n|rule|Item Clause: Limit one of each item\n|clearpoke\n|poke|p1|Rillaboom, L50, M|\n|poke|p1|Arcanine-Hisui, L50, M|\n|poke|p1|Chien-Pao, L50|\n|poke|p1|Dragapult, L50, M|\n|poke|p1|Urshifu-*, L50, M|\n|poke|p1|Ursaluna-Bloodmoon, L50, M|\n|poke|p2|Mamoswine, L50, M|\n|poke|p2|Iron Hands, L50|\n|poke|p2|Grimmsnarl, L50, M|\n|poke|p2|Sinistcha, L50|\n|poke|p2|Chi-Yu, L50|\n|poke|p2|Flutter Mane, L50|\n|teampreview|4\n|\n|t:|1700356386\n|start\n|switch|p1a: Ursaluna|Ursaluna-Bloodmoon, L50, M|100\/100\n|switch|p1b: Malenio|Arcanine-Hisui, L50, M, shiny|100\/100\n|switch|p2a: Chi-Yu|Chi-Yu, L50|100\/100\n|switch|p2b: Flutter Mane|Flutter Mane, L50|100\/100\n|-ability|p2a: Chi-Yu|Beads of Ruin\n|-ability|p1b: Malenio|Intimidate|boost\n|-unboost|p2a: Chi-Yu|atk|1\n|-unboost|p2b: Flutter Mane|atk|1\n|-enditem|p2b: Flutter Mane|Booster Energy\n|-activate|p2b: Flutter Mane|ability: Protosynthesis|[fromitem]\n|-start|p2b: Flutter Mane|protosynthesisspe\n|turn|1\n|\n|t:|1700356412\n|-terastallize|p2a: Chi-Yu|Ghost\n|move|p2b: Flutter Mane|Shadow Ball|p1b: Malenio\n|-damage|p1b: Malenio|36\/100\n|move|p2a: Chi-Yu|Snarl|p1a: Ursaluna|[spread] p1a,p1b\n|-damage|p1a: Ursaluna|71\/100\n|-damage|p1b: Malenio|2\/100\n|-unboost|p1a: Ursaluna|spa|1\n|-unboost|p1b: Malenio|spa|1\n|-enditem|p2a: Chi-Yu|Throat Spray\n|-boost|p2a: Chi-Yu|spa|1|[from] item: Throat Spray\n|move|p1b: Malenio|Rock Slide|p2a: Chi-Yu|[spread] p2a,p2b\n|-damage|p2a: Chi-Yu|34\/100\n|-damage|p2b: Flutter Mane|22\/100\n|move|p1a: Ursaluna|Hyper Voice|p2b: Flutter Mane|[spread] p2a,p2b\n|-damage|p2a: Chi-Yu|0 fnt\n|-damage|p2b: Flutter Mane|0 fnt\n|faint|p2a: Chi-Yu\n|faint|p2b: Flutter Mane\n|-end|p2b: Flutter Mane|Protosynthesis|[silent]\n|-enditem|p1a: Ursaluna|Throat Spray\n|-boost|p1a: Ursaluna|spa|1|[from] item: Throat Spray\n|\n|upkeep\n|\n|t:|1700356418\n|switch|p2b: Sinistcha|Sinistcha, L50|100\/100\n|switch|p2a: Mamoswine|Mamoswine, L50, M|100\/100\n|turn|2\n|\n|t:|1700356443\n|move|p2a: Mamoswine|Protect|p2a: Mamoswine\n|-singleturn|p2a: Mamoswine|Protect\n|move|p1a: Ursaluna|Protect|p1a: Ursaluna\n|-singleturn|p1a: Ursaluna|Protect\n|move|p1b: Malenio|Rock Slide|p2b: Sinistcha|[spread] p2b\n|-activate|p2a: Mamoswine|move: Protect\n|-damage|p2b: Sinistcha|71\/100\n|move|p2b: Sinistcha|Trick Room|p2b: Sinistcha\n|-fieldstart|move: Trick Room|[of] p2b: Sinistcha\n|\n|upkeep\n|turn|3\n|\n|t:|1700356466\n|-terastallize|p1a: Ursaluna|Ghost\n|move|p2a: Mamoswine|Ice Shard|p1a: Ursaluna\n|-damage|p1a: Ursaluna|52\/100\n|move|p1a: Ursaluna|Blood Moon|p2a: Mamoswine\n|-damage|p2a: Mamoswine|4\/100\n|move|p2b: Sinistcha|Matcha Gotcha|p1b: Malenio|[spread] p1a,p1b\n|-damage|p1a: Ursaluna|26\/100\n|-heal|p2b: Sinistcha|86\/100|[from] drain|[of] p1a: Ursaluna\n|-damage|p1b: Malenio|0 fnt\n|-heal|p2b: Sinistcha|86\/100|[from] drain|[of] p1b: Malenio\n|faint|p1b: Malenio\n|\n|upkeep\n|\n|t:|1700356482\n|switch|p1b: Pedro|Rillaboom, L50, M, shiny|100\/100\n|-fieldstart|move: Grassy Terrain|[from] ability: Grassy Surge|[of] p1b: Pedro\n|turn|4\n|\n|t:|1700356491\n|move|p2a: Mamoswine|Protect|p2a: Mamoswine\n|-singleturn|p2a: Mamoswine|Protect\n|move|p1b: Pedro|Fake Out|p2a: Mamoswine\n|-activate|p2a: Mamoswine|move: Protect\n|move|p1a: Ursaluna|Hyper Voice|p2b: Sinistcha|[spread] p2b\n|-activate|p2a: Mamoswine|move: Protect\n|-damage|p2b: Sinistcha|44\/100\n|move|p2b: Sinistcha|Matcha Gotcha|p1b: Pedro|[spread] p1a,p1b\n|-resisted|p1b: Pedro\n|-damage|p1a: Ursaluna|0 fnt\n|-heal|p2b: Sinistcha|58\/100|[from] drain|[of] p1a: Ursaluna\n|-damage|p1b: Pedro|86\/100\n|-heal|p2b: Sinistcha|65\/100|[from] drain|[of] p1b: Pedro\n|-status|p1b: Pedro|brn\n|faint|p1a: Ursaluna\n|\n|-heal|p2b: Sinistcha|72\/100|[from] Grassy Terrain\n|-heal|p2a: Mamoswine|10\/100|[from] Grassy Terrain\n|-heal|p1b: Pedro|92\/100 brn|[from] Grassy Terrain\n|-damage|p1b: Pedro|86\/100 brn|[from] brn\n|upkeep\n|\n|t:|1700356504\n|switch|p1a: Antonio Alias|Urshifu-Rapid-Strike, L50, M|100\/100\n|turn|5\n|\n|t:|1700356511\n|move|p2a: Mamoswine|Ice Shard|p1b: Pedro\n|-supereffective|p1b: Pedro\n|-damage|p1b: Pedro|28\/100 brn\n|move|p1b: Pedro|Grassy Glide|p2a: Mamoswine\n|-supereffective|p2a: Mamoswine\n|-damage|p2a: Mamoswine|0 fnt\n|faint|p2a: Mamoswine\n|move|p2b: Sinistcha|Matcha Gotcha|p1a: Antonio Alias|[spread] p1a\n|-miss|p2b: Sinistcha|p1b: Pedro\n|-supereffective|p1a: Antonio Alias\n|-damage|p1a: Antonio Alias|7\/100\n|-heal|p2b: Sinistcha|100\/100|[from] drain|[of] p1a: Antonio Alias\n|move|p1a: Antonio Alias|U-turn|p2b: Sinistcha\n|-damage|p2b: Sinistcha|81\/100\n|\n|-heal|p2b: Sinistcha|87\/100|[from] Grassy Terrain\n|-heal|p1b: Pedro|34\/100 brn|[from] Grassy Terrain\n|-heal|p1a: Antonio Alias|12\/100|[from] Grassy Terrain\n|-damage|p1b: Pedro|28\/100 brn|[from] brn\n|upkeep\n|turn|6\n|\n|t:|1700356522\n|move|p2b: Sinistcha|Matcha Gotcha|p1a: Antonio Alias|[spread] p1a,p1b\n|-supereffective|p1a: Antonio Alias\n|-resisted|p1b: Pedro\n|-damage|p1a: Antonio Alias|0 fnt\n|-heal|p2b: Sinistcha|93\/100|[from] drain|[of] p1a: Antonio Alias\n|-damage|p1b: Pedro|13\/100 brn\n|-heal|p2b: Sinistcha|100\/100|[from] drain|[of] p1b: Pedro\n|faint|p1a: Antonio Alias\n|move|p1b: Pedro|Wood Hammer|p2b: Sinistcha\n|-resisted|p2b: Sinistcha\n|-damage|p2b: Sinistcha|84\/100\n|-damage|p1b: Pedro|7\/100 brn|[from] Recoil\n|\n|-heal|p2b: Sinistcha|90\/100|[from] Grassy Terrain\n|-heal|p1b: Pedro|13\/100 brn|[from] Grassy Terrain\n|-damage|p1b: Pedro|7\/100 brn|[from] brn\n|-fieldend|move: Trick Room\n|upkeep\n|turn|7\n|-message|YoskinPataNegra forfeited.\n|\n|win|Conchoboar4\n|raw|YoskinPataNegra's rating: 1405 &rarr; <strong>1385<\/strong><br \/>(-20 for losing)\n|raw|Conchoboar4's rating: 1399 &rarr; <strong>1419<\/strong><br \/>(+20 for winning)\n|l|\u2606YoskinPataNegra\n","uploadtime":1700356548,"views":12,"p1id":"yoskinpatanegra","p2id":"conchoboar4","formatid":"gen9vgc2023regulatione","rating":1385,"private":0,"password":""}