{"id":"gen9vgc2023regulatione-1990726349","p1":"Megalos593","p2":"Giordano17","format":"[Gen 9] VGC 2023 Regulation E","log":"|j|\u2606Megalos593\n|j|\u2606Giordano17\n|t:|1699995172\n|gametype|doubles\n|player|p1|Megalos593|169|1119\n|player|p2|Giordano17|1|1061\n|teamsize|p1|6\n|teamsize|p2|6\n|gen|9\n|tier|[Gen 9] VGC 2023 Regulation E\n|rated|\n|rule|Species Clause: Limit one of each Pok\u00e9mon\n|rule|Item Clause: Limit one of each item\n|clearpoke\n|poke|p1|Urshifu-*, L50, F|\n|poke|p1|Tornadus, L50, M|\n|poke|p1|Ogerpon-Hearthflame, L50, F|\n|poke|p1|Flutter Mane, L50|\n|poke|p1|Landorus-Therian, L50, M|\n|poke|p1|Kingambit, L50, F|\n|poke|p2|Indeedee-F, L50, F|\n|poke|p2|Lurantis, L50, F|\n|poke|p2|Glastrier, L50|\n|poke|p2|Oranguru, L50, F|\n|poke|p2|Houndstone, L50, F|\n|poke|p2|Ursaluna-Bloodmoon, L50, M|\n|teampreview|4\nGiordano17 has agreed to open team sheets.\n|\n|t:|1699995215\n|start\n|switch|p1a: Flutter Mane|Flutter Mane, L50|100\/100\n|switch|p1b: Ogerpon|Ogerpon-Hearthflame, L50, F|100\/100\n|switch|p2a: Indeedee|Indeedee-F, L50, F|100\/100\n|switch|p2b: Oranguru|Oranguru, L50, F|100\/100\n|-ability|p1b: Ogerpon|Mold Breaker\n|-fieldstart|move: Psychic Terrain|[from] ability: Psychic Surge|[of] p2a: Indeedee\n|-enditem|p1a: Flutter Mane|Booster Energy\n|-activate|p1a: Flutter Mane|ability: Protosynthesis|[fromitem]\n|-start|p1a: Flutter Mane|protosynthesisspa\n|turn|1\n|\n|t:|1699995249\n|-terastallize|p1a: Flutter Mane|Fairy\n|move|p2a: Indeedee|Follow Me|p2a: Indeedee\n|-singleturn|p2a: Indeedee|move: Follow Me\n|move|p1a: Flutter Mane|Dazzling Gleam|p2a: Indeedee|[spread] p2a,p2b\n|-damage|p2a: Indeedee|51\/100\n|-damage|p2b: Oranguru|62\/100\n|move|p1b: Ogerpon|Ivy Cudgel|p2a: Indeedee|[anim] Ivy Cudgel Fire\n|-damage|p2a: Indeedee|0 fnt\n|faint|p2a: Indeedee\n|move|p2b: Oranguru|Trick Room|p2b: Oranguru\n|-fieldstart|move: Trick Room|[of] p2b: Oranguru\n|\n|upkeep\n|\n|t:|1699995265\n|switch|p2a: Ursaluna|Ursaluna-Bloodmoon, L50, M|100\/100\n|turn|2\n|\n|t:|1699995277\n|-terastallize|p2a: Ursaluna|Fairy\n|move|p1b: Ogerpon|Follow Me|p1b: Ogerpon\n|-singleturn|p1b: Ogerpon|move: Follow Me\n|move|p2a: Ursaluna|Hyper Voice|p1a: Flutter Mane|[spread] p1a,p1b\n|-damage|p1a: Flutter Mane|66\/100\n|-damage|p1b: Ogerpon|63\/100\n|-enditem|p2a: Ursaluna|Throat Spray\n|-boost|p2a: Ursaluna|spa|1|[from] item: Throat Spray\n|move|p2b: Oranguru|Instruct|p1b: Ogerpon\n|-singleturn|p1b: Ogerpon|move: Instruct|[of] p2b: Oranguru\n|move|p1b: Ogerpon|Follow Me||[still]\n|-fail|p1b: Ogerpon\n|move|p1a: Flutter Mane|Trick Room|p1a: Flutter Mane\n|-fieldend|move: Trick Room\n|\n|upkeep\n|turn|3\n|\n|t:|1699995313\n|move|p1a: Flutter Mane|Dazzling Gleam|p2a: Ursaluna|[spread] p2a,p2b\n|-damage|p2a: Ursaluna|44\/100\n|-damage|p2b: Oranguru|23\/100\n|move|p1b: Ogerpon|Horn Leech|p2a: Ursaluna\n|-crit|p2a: Ursaluna\n|-damage|p2a: Ursaluna|0 fnt\n|-heal|p1b: Ogerpon|89\/100|[from] drain|[of] p2a: Ursaluna\n|faint|p2a: Ursaluna\n|move|p2b: Oranguru|Trick Room|p2b: Oranguru\n|-fieldstart|move: Trick Room|[of] p2b: Oranguru\n|\n|upkeep\n|\n|t:|1699995322\n|switch|p2a: Houndstone|Houndstone, L50, F|100\/100\n|turn|4\n|\n|t:|1699995329\n|move|p1b: Ogerpon|Follow Me|p1b: Ogerpon\n|-singleturn|p1b: Ogerpon|move: Follow Me\n|move|p2a: Houndstone|Last Respects|p1b: Ogerpon\n|-damage|p1b: Ogerpon|6\/100\n|move|p2b: Oranguru|Instruct|p1b: Ogerpon\n|-singleturn|p1b: Ogerpon|move: Instruct|[of] p2b: Oranguru\n|move|p1b: Ogerpon|Follow Me||[still]\n|-fail|p1b: Ogerpon\n|move|p1a: Flutter Mane|Trick Room|p1a: Flutter Mane\n|-fieldend|move: Trick Room\n|\n|upkeep\n|turn|5\n|-message|Giordano17 forfeited.\n|\n|win|Megalos593\n|raw|Megalos593's rating: 1119 &rarr; <strong>1140<\/strong><br \/>(+21 for winning)\n|raw|Giordano17's rating: 1061 &rarr; <strong>1045<\/strong><br \/>(-16 for losing)\n|l|\u2606Giordano17\n","uploadtime":1699995362,"views":7,"p1id":"megalos593","p2id":"giordano17","formatid":"gen9vgc2023regulatione","rating":1045,"private":0,"password":""}