{"id":"gen9vgc2023regulatione-1994304441","p1":"Kilowattrel Fan","p2":"rainlover78","format":"[Gen 9] VGC 2023 Regulation E","log":"|j|\u2606Kilowattrel Fan\n|j|\u2606rainlover78\n|n|\u2606Kilowattrel Fan|kilowattrelfan\n|n|\u2606rainlover78|rainlover78\n|html|View the match progress at <a href=\"\/game-bestof3-gen9vgc2023regulatione-1994298421\">game-bestof3-gen9vgc2023regulatione-1994298421<\/a>\n|t:|1700429062\n|gametype|doubles\n|player|p1|Kilowattrel Fan|riley|\n|player|p2|rainlover78|n|\n|teamsize|p1|6\n|teamsize|p2|6\n|gen|9\n|tier|[Gen 9] VGC 2023 Regulation E\n|rule|Species Clause: Limit one of each Pok\u00e9mon\n|rule|Item Clause: Limit one of each item\n|clearpoke\n|poke|p1|Torkoal, L50, M|\n|poke|p1|Lilligant-Hisui, L50, F|\n|poke|p1|Flutter Mane, L50|\n|poke|p1|Landorus-Therian, L50, M|\n|poke|p1|Kingambit, L50, F|\n|poke|p1|Iron Hands, L50|\n|poke|p2|Flutter Mane, L50|\n|poke|p2|Roaring Moon, L50|\n|poke|p2|Weezing, L50, M|\n|poke|p2|Landorus-Therian, L50, M|\n|poke|p2|Iron Hands, L50|\n|poke|p2|Ogerpon-Wellspring, L50, F|\n|teampreview|4\nrainlover78 has agreed to open team sheets.\nKilowattrel Fan has agreed to open team sheets.\n|showteam|p1|Torkoal||Charcoal|Drought|Eruption,Flamethrower,EarthPower,Protect|||M|||50|,,,,,Fire]Lilligant-Hisui||FocusSash|Chlorophyll|CloseCombat,SolarBlade,AfterYou,Protect|||F|||50|,,,,,Ghost]Flutter Mane||ChoiceSpecs|Protosynthesis|Moonblast,DazzlingGleam,ShadowBall,PowerGem||||||50|,,,,,Fairy]Landorus-Therian||ChoiceScarf|Intimidate|StompingTantrum,Uturn,RockSlide,TeraBlast|||M|||50|,,,,,Flying]Kingambit||BlackGlasses|Defiant|SuckerPunch,KowtowCleave,IronHead,Protect|||F|||50|,,,,,Fairy]Iron Hands||AssaultVest|QuarkDrive|DrainPunch,WildCharge,FakeOut,HeavySlam||||||50|,,,,,Water\n|showteam|p2|Flutter Mane||ChoiceSpecs|Protosynthesis|ShadowBall,DazzlingGleam,Moonblast,PowerGem||||||50|,,,,,Grass]Roaring Moon||BoosterEnergy|Protosynthesis|Acrobatics,DragonDance,KnockOff,Protect||||||50|,,,,,Flying]Weezing||ShucaBerry|NeutralizingGas|SludgeBomb,Taunt,Protect,WillOWisp|||M|||50|,,,,,Fire]Landorus-Therian||ChoiceScarf|Intimidate|RockSlide,TeraBlast,Uturn,StompingTantrum|||M|||50|,,,,,Flying]Iron Hands||AssaultVest|QuarkDrive|DrainPunch,WildCharge,FakeOut,VoltSwitch||||||50|,,,,,Grass]Ogerpon-Wellspring||WellspringMask|WaterAbsorb|IvyCudgel,FollowMe,SpikyShield,HornLeech|||F|||50|,,,,,Water\n|\n|t:|1700429129\n|start\n|switch|p1a: Supreme Overlord|Kingambit, L50, F|100\/100\n|switch|p1b: Broken Mon|Flutter Mane, L50|100\/100\n|switch|p2a: Weezing|Weezing, L50, M|100\/100\n|switch|p2b: Landorus|Landorus-Therian, L50, M|100\/100\n|-ability|p2a: Weezing|Neutralizing Gas\n|turn|1\n|\n|t:|1700429216\n|-end|p2a: Weezing|ability: Neutralizing Gas\n|-ability|p2b: Landorus|Intimidate|boost\n|-unboost|p1a: Supreme Overlord|atk|1\n|-ability|p1a: Supreme Overlord|Defiant|boost\n|-boost|p1a: Supreme Overlord|atk|2\n|-unboost|p1b: Broken Mon|atk|1\n|switch|p2a: Iron Hands|Iron Hands, L50|100\/100\n|move|p1a: Supreme Overlord|Sucker Punch|p2b: Landorus\n|-damage|p2b: Landorus|22\/100\n|move|p2b: Landorus|Stomping Tantrum|p1a: Supreme Overlord\n|-supereffective|p1a: Supreme Overlord\n|-damage|p1a: Supreme Overlord|43\/100\n|move|p1b: Broken Mon|Moonblast|p2b: Landorus\n|-damage|p2b: Landorus|0 fnt\n|faint|p2b: Landorus\n|\n|upkeep\n|\n|t:|1700429232\n|switch|p2b: Flutter Mane|Flutter Mane, L50|100\/100\n|turn|2\n|\n|t:|1700429332\n|-terastallize|p2a: Iron Hands|Grass\n|move|p1a: Supreme Overlord|Protect|p1a: Supreme Overlord\n|-singleturn|p1a: Supreme Overlord|Protect\n|move|p2a: Iron Hands|Fake Out|p1a: Supreme Overlord\n|-activate|p1a: Supreme Overlord|move: Protect\n|move|p2b: Flutter Mane|Dazzling Gleam|p1b: Broken Mon|[spread] p1b\n|-activate|p1a: Supreme Overlord|move: Protect\n|-damage|p1b: Broken Mon|52\/100\n|move|p1b: Broken Mon|Moonblast|p2b: Flutter Mane\n|-crit|p2b: Flutter Mane\n|-damage|p2b: Flutter Mane|0 fnt\n|faint|p2b: Flutter Mane\n|-end|p2b: Flutter Mane|Protosynthesis|[silent]\n|\n|upkeep\n|\n|t:|1700429344\n|switch|p2b: Weezing|Weezing, L50, M|100\/100\n|-ability|p2b: Weezing|Neutralizing Gas\n|turn|3\n|\n|t:|1700429363\n|move|p2b: Weezing|Protect|p2b: Weezing\n|-singleturn|p2b: Weezing|Protect\n|move|p1a: Supreme Overlord|Sucker Punch|p2a: Iron Hands\n|-damage|p2a: Iron Hands|51\/100\n|move|p1b: Broken Mon|Moonblast|p2a: Iron Hands\n|-damage|p2a: Iron Hands|9\/100\n|-unboost|p2a: Iron Hands|spa|1\n|move|p2a: Iron Hands|Drain Punch|p1a: Supreme Overlord\n|-supereffective|p1a: Supreme Overlord\n|-damage|p1a: Supreme Overlord|0 fnt\n|-heal|p2a: Iron Hands|28\/100|[from] drain|[of] p1a: Supreme Overlord\n|faint|p1a: Supreme Overlord\n|\n|upkeep\n|\n|t:|1700429376\n|switch|p1a: Brian|Iron Hands, L50|100\/100\n|turn|4\n|\n|t:|1700429394\n|move|p1a: Brian|Fake Out|p2b: Weezing\n|-damage|p2b: Weezing|84\/100\n|move|p1b: Broken Mon|Moonblast|p2a: Iron Hands\n|-damage|p2a: Iron Hands|0 fnt\n|faint|p2a: Iron Hands\n|-end|p2a: Iron Hands|Quark Drive|[silent]\n|cant|p2b: Weezing|flinch\n|\n|upkeep\n|turn|5\n|\n|t:|1700429407\n|-end|p1b: Broken Mon|Protosynthesis|[silent]\n|switch|p1b: Angry Cat|Landorus-Therian, L50, M|100\/100\n|move|p2b: Weezing|Will-O-Wisp|p1a: Brian\n|-status|p1a: Brian|brn\n|move|p1a: Brian|Wild Charge|p2b: Weezing\n|-damage|p2b: Weezing|58\/100\n|-damage|p1a: Brian|96\/100 brn|[from] Recoil\n|\n|-damage|p1a: Brian|90\/100 brn|[from] brn\n|upkeep\n|turn|6\n|\n|t:|1700429428\n|move|p1b: Angry Cat|Stomping Tantrum|p2b: Weezing\n|-supereffective|p2b: Weezing\n|-enditem|p2b: Weezing|Shuca Berry|[eat]\n|-enditem|p2b: Weezing|Shuca Berry|[weaken]\n|-damage|p2b: Weezing|8\/100\n|move|p2b: Weezing|Sludge Bomb|p1b: Angry Cat\n|-resisted|p1b: Angry Cat\n|-damage|p1b: Angry Cat|79\/100\n|-status|p1b: Angry Cat|psn\n|move|p1a: Brian|Wild Charge|p2b: Weezing\n|-damage|p2b: Weezing|0 fnt\n|faint|p2b: Weezing\n|-end|p2b: Weezing|ability: Neutralizing Gas\n|-damage|p1a: Brian|89\/100 brn|[from] Recoil\n|\n|win|Kilowattrel Fan\n","uploadtime":1700429435,"views":11,"p1id":"kilowattrelfan","p2id":"rainlover78","formatid":"gen9vgc2023regulatione","rating":0,"private":0,"password":""}