{"id":"gen9vgc2023regulatione-1991415342","p1":"CharlienoB","p2":"w0rkj0","format":"[Gen 9] VGC 2023 Regulation E","log":"|j|\u2606CharlienoB\n|j|\u2606w0rkj0\n|t:|1700075192\n|gametype|doubles\n|player|p1|CharlienoB|266|1095\n|player|p2|w0rkj0|acetrainer-gen4|1140\n|teamsize|p1|6\n|teamsize|p2|6\n|gen|9\n|tier|[Gen 9] VGC 2023 Regulation E\n|rated|\n|rule|Species Clause: Limit one of each Pok\u00e9mon\n|rule|Item Clause: Limit one of each item\n|clearpoke\n|poke|p1|Espathra, L50, M|\n|poke|p1|Clefairy, L50, F|\n|poke|p1|Gholdengo, L50|\n|poke|p1|Rillaboom, L50, M|\n|poke|p1|Arcanine-Hisui, L50, M|\n|poke|p1|Ogerpon-Wellspring, L50, F|\n|poke|p2|Landorus, L50, M|\n|poke|p2|Clefairy, L50, F|\n|poke|p2|Arcanine-Hisui, L50, M|\n|poke|p2|Ogerpon-Wellspring, L50, F|\n|poke|p2|Roaring Moon, L50|\n|poke|p2|Iron Hands, L50|\n|teampreview|4\n|inactive|Battle timer is ON: inactive players will automatically lose when time's up. (requested by CharlienoB)\n|inactive|w0rkj0 has 60 seconds left.\n|\n|t:|1700075240\n|start\n|switch|p1a: Clefairy|Clefairy, L50, F|100\/100\n|switch|p1b: Gholdengo|Gholdengo, L50|100\/100\n|switch|p2a: Clefairy|Clefairy, L50, F|100\/100\n|switch|p2b: Roaring Moon|Roaring Moon, L50|100\/100\n|-enditem|p2b: Roaring Moon|Booster Energy\n|-activate|p2b: Roaring Moon|ability: Protosynthesis|[fromitem]\n|-start|p2b: Roaring Moon|protosynthesisspe\n|turn|1\n|\n|t:|1700075258\n|move|p2a: Clefairy|Protect|p2a: Clefairy\n|-singleturn|p2a: Clefairy|Protect\n|move|p1a: Clefairy|Follow Me|p1a: Clefairy\n|-singleturn|p1a: Clefairy|move: Follow Me\n|move|p2b: Roaring Moon|Tailwind|p2b: Roaring Moon\n|-sidestart|p2: w0rkj0|move: Tailwind\n|move|p1b: Gholdengo|Nasty Plot|p1b: Gholdengo\n|-boost|p1b: Gholdengo|spa|2\n|\n|upkeep\n|turn|2\n|inactive|CharlienoB has 30 seconds left.\n|inactive|w0rkj0 has 30 seconds left.\n|inactive|w0rkj0 has 20 seconds left.\n|inactive|w0rkj0 has 15 seconds left.\n|inactive|w0rkj0 has 10 seconds left.\n|\n|t:|1700075307\n|switch|p2a: Iron Hands|Iron Hands, L50|100\/100\n|move|p1a: Clefairy|Follow Me|p1a: Clefairy\n|-singleturn|p1a: Clefairy|move: Follow Me\n|move|p2b: Roaring Moon|Knock Off|p1a: Clefairy\n|-resisted|p1a: Clefairy\n|-damage|p1a: Clefairy|76\/100\n|-enditem|p1a: Clefairy|Eviolite|[from] move: Knock Off|[of] p2b: Roaring Moon\n|move|p1b: Gholdengo|Make It Rain|p2b: Roaring Moon|[spread] p2a,p2b\n|-resisted|p2a: Iron Hands\n|-damage|p2a: Iron Hands|78\/100\n|-damage|p2b: Roaring Moon|9\/100\n|-unboost|p1b: Gholdengo|spa|1\n|\n|upkeep\n|turn|3\n|inactive|CharlienoB has 30 seconds left.\n|inactive|w0rkj0 has 30 seconds left.\n|inactive|w0rkj0 has 20 seconds left.\n|inactive|w0rkj0 has 15 seconds left.\n|\n|t:|1700075348\n|move|p2a: Iron Hands|Fake Out|p1a: Clefairy\n|-damage|p1a: Clefairy|56\/100\n|cant|p1a: Clefairy|flinch\n|move|p2b: Roaring Moon|Knock Off|p1b: Gholdengo\n|-supereffective|p1b: Gholdengo\n|-damage|p1b: Gholdengo|2\/100\n|-enditem|p1b: Gholdengo|Leftovers|[from] move: Knock Off|[of] p2b: Roaring Moon\n|move|p1b: Gholdengo|Make It Rain|p2a: Iron Hands|[spread] p2a,p2b\n|-resisted|p2a: Iron Hands\n|-damage|p2a: Iron Hands|59\/100\n|-damage|p2b: Roaring Moon|0 fnt\n|-unboost|p1b: Gholdengo|spa|1\n|faint|p2b: Roaring Moon\n|-end|p2b: Roaring Moon|Protosynthesis|[silent]\n|\n|upkeep\n|inactive|w0rkj0 has 30 seconds left.\n|\n|t:|1700075380\n|switch|p2b: Clefairy|Clefairy, L50, F|100\/100\n|turn|4\n|\n|t:|1700075393\n|move|p1a: Clefairy|Follow Me|p1a: Clefairy\n|-singleturn|p1a: Clefairy|move: Follow Me\n|move|p2a: Iron Hands|Wild Charge|p1a: Clefairy\n|-damage|p1a: Clefairy|0 fnt\n|faint|p1a: Clefairy\n|-damage|p2a: Iron Hands|49\/100|[from] Recoil\n|move|p1b: Gholdengo|Nasty Plot|p1b: Gholdengo\n|-boost|p1b: Gholdengo|spa|2\n|move|p2b: Clefairy|Heal Pulse|p2a: Iron Hands\n|-heal|p2a: Iron Hands|99\/100\n|\n|-sideend|p2: w0rkj0|move: Tailwind\n|upkeep\n|\n|t:|1700075407\n|switch|p1a: Arcanine|Arcanine-Hisui, L50, M|100\/100\n|-ability|p1a: Arcanine|Intimidate|boost\n|-unboost|p2a: Iron Hands|atk|1\n|-unboost|p2b: Clefairy|atk|1\n|turn|5\n|inactive|w0rkj0 has 30 seconds left.\n|inactive|w0rkj0 has 20 seconds left.\n|\n|t:|1700075447\n|move|p2b: Clefairy|Protect|p2b: Clefairy\n|-singleturn|p2b: Clefairy|Protect\n|move|p1b: Gholdengo|Make It Rain|p2a: Iron Hands|[spread] p2a\n|-activate|p2b: Clefairy|move: Protect\n|-resisted|p2a: Iron Hands\n|-damage|p2a: Iron Hands|80\/100\n|-unboost|p1b: Gholdengo|spa|1\n|move|p1a: Arcanine|Rock Slide|p2a: Iron Hands|[spread] p2a\n|-activate|p2b: Clefairy|move: Protect\n|-resisted|p2a: Iron Hands\n|-damage|p2a: Iron Hands|67\/100\n|move|p2a: Iron Hands|Wild Charge|p1b: Gholdengo\n|-damage|p1b: Gholdengo|0 fnt\n|faint|p1b: Gholdengo\n|-damage|p2a: Iron Hands|67\/100|[from] Recoil\n|\n|upkeep\n|\n|t:|1700075468\n|switch|p1b: Rillaboom|Rillaboom, L50, M|100\/100\n|-fieldstart|move: Grassy Terrain|[from] ability: Grassy Surge|[of] p1b: Rillaboom\n|turn|6\n|\n|t:|1700075487\n|move|p1b: Rillaboom|Grassy Glide|p2a: Iron Hands\n|-damage|p2a: Iron Hands|44\/100\n|move|p1a: Arcanine|Rock Slide|p2b: Clefairy|[spread] p2a,p2b\n|-resisted|p2a: Iron Hands\n|-damage|p2a: Iron Hands|33\/100\n|-damage|p2b: Clefairy|67\/100\n|cant|p2a: Iron Hands|flinch\n|cant|p2b: Clefairy|flinch\n|\n|-heal|p2a: Iron Hands|39\/100|[from] Grassy Terrain\n|-heal|p2b: Clefairy|73\/100|[from] Grassy Terrain\n|upkeep\n|turn|7\n|inactive|w0rkj0 has 30 seconds left.\n|inactive|w0rkj0 has 20 seconds left.\n|\n|t:|1700075526\n|move|p1a: Arcanine|Rock Slide|p2a: Iron Hands|[spread] p2a,p2b\n|-resisted|p2a: Iron Hands\n|-damage|p2a: Iron Hands|27\/100\n|-damage|p2b: Clefairy|36\/100\n|move|p1b: Rillaboom|High Horsepower|p2a: Iron Hands\n|-supereffective|p2a: Iron Hands\n|-damage|p2a: Iron Hands|0 fnt\n|faint|p2a: Iron Hands\n|-end|p2a: Iron Hands|Quark Drive|[silent]\n|cant|p2b: Clefairy|flinch\n|\n|-heal|p2b: Clefairy|42\/100|[from] Grassy Terrain\n|upkeep\n|\n|t:|1700075537\n|switch|p2a: Landorus|Landorus, L50, M|100\/100\n|turn|8\n|inactive|w0rkj0 has 30 seconds left.\n|inactive|w0rkj0 has 20 seconds left.\n|inactive|w0rkj0 has 15 seconds left.\n|inactive|w0rkj0 has 10 seconds left.\n|inactive|w0rkj0 has 5 seconds left.\n|\n|t:|1700075590\n|-terastallize|p1a: Arcanine|Ghost\n|move|p2b: Clefairy|Helping Hand|p2a: Landorus\n|-singleturn|p2a: Landorus|Helping Hand|[of] p2b: Clefairy\n|move|p1b: Rillaboom|Grassy Glide|p2a: Landorus\n|-damage|p2a: Landorus|64\/100\n|move|p2a: Landorus|Sludge Bomb|p1b: Rillaboom\n|-supereffective|p1b: Rillaboom\n|-damage|p1b: Rillaboom|0 fnt\n|faint|p1b: Rillaboom\n|move|p1a: Arcanine|Rock Slide|p2a: Landorus|[spread] p2a,p2b\n|-damage|p2a: Landorus|24\/100\n|-damage|p2b: Clefairy|3\/100\n|\n|-heal|p2b: Clefairy|9\/100|[from] Grassy Terrain\n|upkeep\n|turn|9\n|inactive|w0rkj0 has 30 seconds left.\n|\n|t:|1700075622\n|move|p2a: Landorus|Protect|p2a: Landorus\n|-singleturn|p2a: Landorus|Protect\n|move|p2b: Clefairy|Protect|p2b: Clefairy\n|-singleturn|p2b: Clefairy|Protect\n|move|p1a: Arcanine|Rock Slide|p2b: Clefairy|[spread] \n|-activate|p2a: Landorus|move: Protect\n|-activate|p2b: Clefairy|move: Protect\n|\n|-heal|p2b: Clefairy|15\/100|[from] Grassy Terrain\n|upkeep\n|turn|10\n|\n|t:|1700075646\n|-terastallize|p2a: Landorus|Ground\n|move|p2b: Clefairy|Helping Hand|p2a: Landorus\n|-singleturn|p2a: Landorus|Helping Hand|[of] p2b: Clefairy\n|move|p2a: Landorus|Earth Power|p1a: Arcanine\n|-damage|p1a: Arcanine|0 fnt\n|faint|p1a: Arcanine\n|\n|win|w0rkj0\n|raw|CharlienoB's rating: 1095 &rarr; <strong>1074<\/strong><br \/>(-21 for losing)\n|raw|w0rkj0's rating: 1140 &rarr; <strong>1162<\/strong><br \/>(+22 for winning)\n|l|\u2606CharlienoB\n","uploadtime":1700075669,"views":19,"p1id":"charlienob","p2id":"w0rkj0","formatid":"gen9vgc2023regulatione","rating":1074,"private":0,"password":""}