{"id":"gen9vgc2023regulatione-1989170025","p1":"Luloxis86","p2":"Casper614","format":"[Gen 9] VGC 2023 Regulation E","log":"|j|\u2606Luloxis86\n|j|\u2606Casper614\n|t:|1699819618\n|gametype|doubles\n|player|p1|Luloxis86|molayne|1074\n|player|p2|Casper614|102|1000\n|teamsize|p1|6\n|teamsize|p2|6\n|gen|9\n|tier|[Gen 9] VGC 2023 Regulation E\n|rated|\n|rule|Species Clause: Limit one of each Pok\u00e9mon\n|rule|Item Clause: Limit one of each item\n|clearpoke\n|poke|p1|Rillaboom, L50, M|\n|poke|p1|Urshifu-*, L50, F|\n|poke|p1|Chien-Pao, L50|\n|poke|p1|Arcanine, L50, M|\n|poke|p1|Kilowattrel, L50, M|\n|poke|p1|Sneasler, L50, M|\n|poke|p2|Lycanroc-Midnight, L50, M|\n|poke|p2|Ting-Lu, L50|\n|poke|p2|Farigiraf, L50, M|\n|poke|p2|Articuno, L50|\n|poke|p2|Clefairy, L50, M|\n|poke|p2|Ninetales-Alola, L50, F|\n|teampreview|4\n|c|\u2606Luloxis86|glhf\n|inactive|Battle timer is ON: inactive players will automatically lose when time's up. (requested by Casper614)\n|c|\u2606Casper614|you too\n|\n|t:|1699819652\n|start\n|switch|p1a: Kilowattrel|Kilowattrel, L50, M|100\/100\n|switch|p1b: Sneasler|Sneasler, L50, M|100\/100\n|switch|p2a: Farigiraf|Farigiraf, L50, M|100\/100\n|switch|p2b: Lycanroc|Lycanroc-Midnight, L50, M|100\/100\n|turn|1\n|\n|t:|1699819665\n|move|p2b: Lycanroc|Endure|p2b: Lycanroc\n|-singleturn|p2b: Lycanroc|move: Endure\n|move|p1b: Sneasler|Fake Out||[still]\n|cant|p2a: Farigiraf|ability: Armor Tail|Fake Out|[of] p1b: Sneasler\n|move|p1a: Kilowattrel|Tailwind|p1a: Kilowattrel\n|-sidestart|p1: Luloxis86|move: Tailwind\n|-start|p1a: Kilowattrel|Charge|Tailwind|[from] ability: Wind Power\n|move|p2a: Farigiraf|Skill Swap|p2b: Lycanroc\n|-activate|p2a: Farigiraf|move: Skill Swap|||[of] p2b: Lycanroc\n|\n|-damage|p2b: Lycanroc|88\/100|[from] item: Black Sludge\n|upkeep\n|turn|2\n|inactive|Luloxis86 has 30 seconds left.\n|inactive|Luloxis86 has 20 seconds left.\n|inactive|Luloxis86 has 15 seconds left.\n|\n|t:|1699819709\n|switch|p2b: Articuno|Articuno, L50|100\/100\n|move|p1a: Kilowattrel|Thunderbolt|p2b: Articuno\n|-supereffective|p2b: Articuno\n|-damage|p2b: Articuno|0 fnt\n|faint|p2b: Articuno\n|-end|p1a: Kilowattrel|Charge|[silent]\n|move|p1b: Sneasler|Dire Claw|p2a: Farigiraf\n|-damage|p2a: Farigiraf|45\/100\n|-damage|p1b: Sneasler|91\/100|[from] item: Life Orb\n|move|p2a: Farigiraf|Skill Swap|p2: Articuno|[notarget]\n|-fail|p2a: Farigiraf\n|\n|upkeep\n|\n|t:|1699819724\n|switch|p2b: Ting-Lu|Ting-Lu, L50|100\/100\n|-ability|p2b: Ting-Lu|Vessel of Ruin\n|turn|3\n|\n|t:|1699819747\n|switch|p1a: Urshifu|Urshifu-Rapid-Strike, L50, F|100\/100\n|-terastallize|p1b: Sneasler|Flying\n|move|p1b: Sneasler|Dire Claw|p2b: Ting-Lu\n|-resisted|p2b: Ting-Lu\n|-damage|p2b: Ting-Lu|85\/100\n|-damage|p1b: Sneasler|81\/100|[from] item: Life Orb\n|move|p2a: Farigiraf|Skill Swap|p2b: Ting-Lu\n|-activate|p2a: Farigiraf|move: Skill Swap|||[of] p2b: Ting-Lu\n|-ability|p2a: Farigiraf|Vessel of Ruin\n|move|p2b: Ting-Lu|Fissure|p1b: Sneasler\n|-immune|p1b: Sneasler\n|\n|upkeep\n|turn|4\n|inactive|Luloxis86 has 30 seconds left.\n|inactive|Casper614 has 30 seconds left.\n|\n|t:|1699819776\n|move|p1b: Sneasler|Dire Claw|p2b: Ting-Lu\n|-resisted|p2b: Ting-Lu\n|-damage|p2b: Ting-Lu|72\/100\n|-damage|p1b: Sneasler|71\/100|[from] item: Life Orb\n|move|p1a: Urshifu|Surging Strikes|p2a: Farigiraf\n|-crit|p2a: Farigiraf\n|-damage|p2a: Farigiraf|25\/100\n|-crit|p2a: Farigiraf\n|-damage|p2a: Farigiraf|4\/100\n|-crit|p2a: Farigiraf\n|-damage|p2a: Farigiraf|0 fnt\n|faint|p2a: Farigiraf\n|-hitcount|p2: Farigiraf|3\n|move|p2b: Ting-Lu|Fissure|p1a: Urshifu\n|-damage|p1a: Urshifu|0 fnt\n|faint|p1a: Urshifu\n|-ohko\n|\n|-sideend|p1: Luloxis86|move: Tailwind\n|upkeep\n|\n|t:|1699819791\n|switch|p1a: Kilowattrel|Kilowattrel, L50, M|100\/100\n|switch|p2a: Lycanroc|Lycanroc-Midnight, L50, M|88\/100\n|turn|5\n|\n|t:|1699819808\n|move|p1a: Kilowattrel|Tailwind|p1a: Kilowattrel\n|-sidestart|p1: Luloxis86|move: Tailwind\n|-start|p1a: Kilowattrel|Charge|Tailwind|[from] ability: Wind Power\n|move|p1b: Sneasler|Dire Claw|p2a: Lycanroc\n|-resisted|p2a: Lycanroc\n|-damage|p2a: Lycanroc|42\/100\n|-damage|p1b: Sneasler|62\/100|[from] item: Life Orb\n|move|p2a: Lycanroc|Close Combat|p1a: Kilowattrel\n|-resisted|p1a: Kilowattrel\n|-damage|p1a: Kilowattrel|71\/100\n|-unboost|p2a: Lycanroc|def|1\n|-unboost|p2a: Lycanroc|spd|1\n|move|p2b: Ting-Lu|Rock Slide|p1a: Kilowattrel|[spread] p1a,p1b\n|-supereffective|p1a: Kilowattrel\n|-supereffective|p1b: Sneasler\n|-damage|p1a: Kilowattrel|30\/100\n|-damage|p1b: Sneasler|15\/100\n|\n|-damage|p2a: Lycanroc|30\/100|[from] item: Black Sludge\n|upkeep\n|turn|6\n|\n|t:|1699819831\n|move|p2a: Lycanroc|Endure|p2a: Lycanroc\n|-singleturn|p2a: Lycanroc|move: Endure\n|move|p1a: Kilowattrel|Roost|p1a: Kilowattrel\n|-heal|p1a: Kilowattrel|81\/100\n|-singleturn|p1a: Kilowattrel|move: Roost\n|move|p1b: Sneasler|Dire Claw|p2a: Lycanroc\n|-resisted|p2a: Lycanroc\n|-activate|p2a: Lycanroc|move: Endure\n|-damage|p2a: Lycanroc|1\/100\n|-status|p2a: Lycanroc|par\n|-damage|p1b: Sneasler|6\/100|[from] item: Life Orb\n|move|p2b: Ting-Lu|Rock Slide|p1b: Sneasler|[spread] p1a,p1b\n|-supereffective|p1b: Sneasler\n|-damage|p1a: Kilowattrel|59\/100\n|-damage|p1b: Sneasler|0 fnt\n|faint|p1b: Sneasler\n|\n|-damage|p2a: Lycanroc|0 fnt|[from] item: Black Sludge\n|faint|p2a: Lycanroc\n|upkeep\n|\n|t:|1699819845\n|switch|p1b: Arcanine|Arcanine, L50, M|100\/100\n|-ability|p1b: Arcanine|Intimidate|boost\n|-unboost|p2b: Ting-Lu|atk|1\n|turn|7\n|\n|t:|1699819864\n|move|p1a: Kilowattrel|Protect|p1a: Kilowattrel\n|-singleturn|p1a: Kilowattrel|Protect\n|move|p1b: Arcanine|Protect|p1b: Arcanine\n|-singleturn|p1b: Arcanine|Protect\n|move|p2b: Ting-Lu|Fissure|p1b: Arcanine\n|-activate|p1b: Arcanine|move: Protect\n|\n|upkeep\n|turn|8\n|\n|t:|1699819883\n|move|p1b: Arcanine|Extreme Speed|p2b: Ting-Lu\n|-damage|p2b: Ting-Lu|59\/100\n|move|p1a: Kilowattrel|Roost|p1a: Kilowattrel\n|-heal|p1a: Kilowattrel|100\/100\n|-singleturn|p1a: Kilowattrel|move: Roost\n|move|p2b: Ting-Lu|Fissure|p1b: Arcanine\n|-damage|p1b: Arcanine|0 fnt\n|faint|p1b: Arcanine\n|-ohko\n|\n|-sideend|p1: Luloxis86|move: Tailwind\n|upkeep\n|turn|9\n|c|\u2606Luloxis86|gg\n|\n|t:|1699819897\n|move|p1a: Kilowattrel|Tailwind|p1a: Kilowattrel\n|-sidestart|p1: Luloxis86|move: Tailwind\n|-start|p1a: Kilowattrel|Charge|Tailwind|[from] ability: Wind Power\n|move|p2b: Ting-Lu|Fissure|p1a: Kilowattrel\n|-immune|p1a: Kilowattrel\n|\n|upkeep\n|turn|10\n|\n|t:|1699819913\n|move|p1a: Kilowattrel|Thunderbolt|p2b: Ting-Lu\n|-immune|p2b: Ting-Lu\n|-end|p1a: Kilowattrel|Charge|[silent]\n|move|p2b: Ting-Lu|Rock Slide|p1a: Kilowattrel\n|-supereffective|p1a: Kilowattrel\n|-damage|p1a: Kilowattrel|65\/100\n|\n|upkeep\n|turn|11\n|\n|t:|1699819921\n|move|p1a: Kilowattrel|Roost|p1a: Kilowattrel\n|-heal|p1a: Kilowattrel|100\/100\n|-singleturn|p1a: Kilowattrel|move: Roost\n|move|p2b: Ting-Lu|Rock Slide|p1a: Kilowattrel\n|-damage|p1a: Kilowattrel|81\/100\n|\n|upkeep\n|turn|12\n|\n|t:|1699819928\n|move|p1a: Kilowattrel|Thunderbolt|p2b: Ting-Lu\n|-immune|p2b: Ting-Lu\n|move|p2b: Ting-Lu|Rock Slide|p1a: Kilowattrel\n|-supereffective|p1a: Kilowattrel\n|-damage|p1a: Kilowattrel|41\/100\n|\n|-sideend|p1: Luloxis86|move: Tailwind\n|upkeep\n|turn|13\n|inactive|Luloxis86 has 30 seconds left.\n|inactive|Luloxis86 has 20 seconds left.\n|inactive|Luloxis86 has 15 seconds left.\n|\n|t:|1699819971\n|move|p1a: Kilowattrel|Roost|p1a: Kilowattrel\n|-heal|p1a: Kilowattrel|91\/100\n|-singleturn|p1a: Kilowattrel|move: Roost\n|move|p2b: Ting-Lu|Fissure|p1a: Kilowattrel\n|-damage|p1a: Kilowattrel|0 fnt\n|faint|p1a: Kilowattrel\n|-ohko\n|\n|win|Casper614\n|raw|Luloxis86's rating: 1074 &rarr; <strong>1048<\/strong><br \/>(-26 for losing)\n|raw|Casper614's rating: 1000 &rarr; <strong>1048<\/strong><br \/>(+48 for winning)\n|l|\u2606Luloxis86\n|c|\u2606Casper614|gg\n","uploadtime":1699819985,"views":7,"p1id":"luloxis86","p2id":"casper614","formatid":"gen9vgc2023regulatione","rating":1048,"private":0,"password":""}