{"id":"gen9vgc2023regulatione-1994536863","p1":"big_pan_the_goat","p2":"Barrythebestrival","format":"[Gen 9] VGC 2023 Regulation E","log":"|j|\u2606big_pan_the_goat\n|j|\u2606Barrythebestrival\n|t:|1700456215\n|gametype|doubles\n|player|p1|big_pan_the_goat|wallace|1112\n|player|p2|Barrythebestrival|barry|1113\n|teamsize|p1|6\n|teamsize|p2|6\n|gen|9\n|tier|[Gen 9] VGC 2023 Regulation E\n|rated|\n|rule|Species Clause: Limit one of each Pok\u00e9mon\n|rule|Item Clause: Limit one of each item\n|clearpoke\n|poke|p1|Flutter Mane, L50|\n|poke|p1|Rillaboom, L50, F|\n|poke|p1|Urshifu-*, L50, M|\n|poke|p1|Ogerpon-Hearthflame, L50, F|\n|poke|p1|Iron Hands, L50|\n|poke|p1|Tornadus, L50, M|\n|poke|p2|Landorus-Therian, L50, M|\n|poke|p2|Amoonguss, L50, F|\n|poke|p2|Arcanine, L50, F|\n|poke|p2|Ogerpon-Wellspring, L50, F|\n|poke|p2|Clefairy, L50, F|\n|poke|p2|Ursaluna-Bloodmoon, L50, M|\n|teampreview|4\n|inactive|Battle timer is ON: inactive players will automatically lose when time's up. (requested by Barrythebestrival)\nbig_pan_the_goat has agreed to open team sheets.\n|\n|t:|1700456237\n|start\n|switch|p1a: Tornadus|Tornadus, L50, M|100\/100\n|switch|p1b: Urshifu|Urshifu-Rapid-Strike, L50, M|100\/100\n|switch|p2a: Clefairy|Clefairy, L50, F|100\/100\n|switch|p2b: Arcanine|Arcanine, L50, F|100\/100\n|-ability|p2b: Arcanine|Intimidate|boost\n|-unboost|p1a: Tornadus|atk|1\n|-unboost|p1b: Urshifu|atk|1\n|turn|1\n|\n|t:|1700456256\n|move|p2a: Clefairy|Follow Me|p2a: Clefairy\n|-singleturn|p2a: Clefairy|move: Follow Me\n|move|p1a: Tornadus|Taunt|p2a: Clefairy\n|-start|p2a: Clefairy|move: Taunt\n|move|p1b: Urshifu|Surging Strikes|p2a: Clefairy\n|-crit|p2a: Clefairy\n|-damage|p2a: Clefairy|67\/100\n|-crit|p2a: Clefairy\n|-damage|p2a: Clefairy|29\/100\n|-crit|p2a: Clefairy\n|-damage|p2a: Clefairy|0 fnt\n|faint|p2a: Clefairy\n|-hitcount|p2: Clefairy|3\n|move|p2b: Arcanine|Flare Blitz|p1a: Tornadus\n|-damage|p1a: Tornadus|48\/100\n|-damage|p2b: Arcanine|84\/100|[from] Recoil\n|\n|upkeep\n|\n|t:|1700456273\n|switch|p2a: Landorus|Landorus-Therian, L50, M|100\/100\n|-ability|p2a: Landorus|Intimidate|boost\n|-unboost|p1a: Tornadus|atk|1\n|-unboost|p1b: Urshifu|atk|1\n|turn|2\n|\n|t:|1700456285\n|switch|p1b: Flutter Mane|Flutter Mane, L50|100\/100\n|move|p1a: Tornadus|Tailwind|p1a: Tornadus\n|-sidestart|p1: big_pan_the_goat|move: Tailwind\n|move|p2a: Landorus|Rock Slide|p1b: Flutter Mane|[spread] p1a\n|-miss|p2a: Landorus|p1b: Flutter Mane\n|-supereffective|p1a: Tornadus\n|-damage|p1a: Tornadus|2\/100\n|move|p2b: Arcanine|Morning Sun|p2b: Arcanine\n|-heal|p2b: Arcanine|100\/100\n|\n|upkeep\n|turn|3\n|c|\u2606Barrythebestrival|Misclick fuck\n|\n|t:|1700456302\n|move|p1b: Flutter Mane|Shadow Ball|p2a: Landorus\n|-damage|p2a: Landorus|9\/100\n|move|p1a: Tornadus|Knock Off|p2b: Arcanine\n|-damage|p2b: Arcanine|86\/100\n|-enditem|p2b: Arcanine|Sitrus Berry|[from] move: Knock Off|[of] p1a: Tornadus\n|move|p2a: Landorus|Rock Slide|p1b: Flutter Mane|[spread] p1a,p1b\n|-supereffective|p1a: Tornadus\n|-damage|p1a: Tornadus|0 fnt\n|-damage|p1b: Flutter Mane|46\/100\n|faint|p1a: Tornadus\n|move|p2b: Arcanine|Flare Blitz|p1b: Flutter Mane\n|-damage|p1b: Flutter Mane|0 fnt\n|faint|p1b: Flutter Mane\n|-end|p1b: Flutter Mane|Protosynthesis|[silent]\n|-damage|p2b: Arcanine|75\/100|[from] Recoil\n|\n|upkeep\n|\n|t:|1700456309\n|switch|p1b: Ogerpon|Ogerpon-Hearthflame, L50, F|100\/100\n|switch|p1a: Urshifu|Urshifu-Rapid-Strike, L50, M|100\/100\n|-ability|p1b: Ogerpon|Mold Breaker\n|turn|4\n|\n|t:|1700456326\n|-terastallize|p2b: Arcanine|Water\n|move|p1a: Urshifu|Surging Strikes|p2b: Arcanine\n|-resisted|p2b: Arcanine\n|-crit|p2b: Arcanine\n|-damage|p2b: Arcanine|58\/100\n|-resisted|p2b: Arcanine\n|-crit|p2b: Arcanine\n|-damage|p2b: Arcanine|40\/100\n|-resisted|p2b: Arcanine\n|-crit|p2b: Arcanine\n|-damage|p2b: Arcanine|23\/100\n|-hitcount|p2b: Arcanine|3\n|move|p1b: Ogerpon|Ivy Cudgel|p2a: Landorus|[anim] Ivy Cudgel Fire\n|-damage|p2a: Landorus|0 fnt\n|faint|p2a: Landorus\n|move|p2b: Arcanine|Bulldoze|p1a: Urshifu|[spread] p1a,p1b\n|-crit|p1a: Urshifu\n|-damage|p1a: Urshifu|77\/100\n|-damage|p1b: Ogerpon|86\/100\n|-unboost|p1a: Urshifu|spe|1\n|-unboost|p1b: Ogerpon|spe|1\n|\n|upkeep\n|\n|t:|1700456339\n|switch|p2a: Ursaluna|Ursaluna-Bloodmoon, L50, M|100\/100\n|turn|5\n|\n|t:|1700456349\n|move|p1a: Urshifu|Surging Strikes|p2a: Ursaluna\n|-supereffective|p2a: Ursaluna\n|-crit|p2a: Ursaluna\n|-damage|p2a: Ursaluna|57\/100\n|-supereffective|p2a: Ursaluna\n|-crit|p2a: Ursaluna\n|-damage|p2a: Ursaluna|15\/100\n|-supereffective|p2a: Ursaluna\n|-crit|p2a: Ursaluna\n|-damage|p2a: Ursaluna|0 fnt\n|faint|p2a: Ursaluna\n|-hitcount|p2: Ursaluna|3\n|move|p1b: Ogerpon|Horn Leech|p2b: Arcanine\n|-supereffective|p2b: Arcanine\n|-damage|p2b: Arcanine|0 fnt\n|-heal|p1b: Ogerpon|99\/100|[from] drain|[of] p2b: Arcanine\n|faint|p2b: Arcanine\n|\n|win|big_pan_the_goat\n|raw|big_pan_the_goat's rating: 1112 &rarr; <strong>1137<\/strong><br \/>(+25 for winning)\n|raw|Barrythebestrival's rating: 1113 &rarr; <strong>1088<\/strong><br \/>(-25 for losing)\n","uploadtime":1700456301,"views":5,"p1id":"bigpanthegoat","p2id":"barrythebestrival","formatid":"gen9vgc2023regulatione","rating":1088,"private":0,"password":""}