{"id":"gen9vgc2023regulatione-1988814561","p1":"whyismynamejeff","p2":"TargetDummies","format":"[Gen 9] VGC 2023 Regulation E","log":"|j|\u2606whyismynamejeff\n|j|\u2606TargetDummies\n|t:|1699767128\n|gametype|doubles\n|player|p1|whyismynamejeff|colress|\n|player|p2|TargetDummies|169|\n|teamsize|p1|6\n|teamsize|p2|6\n|gen|9\n|tier|[Gen 9] VGC 2023 Regulation E\n|rated|Tournament battle\n|rule|Species Clause: Limit one of each Pok\u00e9mon\n|rule|Item Clause: Limit one of each item\n|clearpoke\n|poke|p1|Farigiraf, L50, F|\n|poke|p1|Roaring Moon, L50|\n|poke|p1|Urshifu-*, L50, M|\n|poke|p1|Chien-Pao, L50|\n|poke|p1|Rillaboom, L50, F|\n|poke|p1|Heatran, L50, F|\n|poke|p2|Ninetales-Alola, L50, M|\n|poke|p2|Cetitan, L50, M|\n|poke|p2|Urshifu-*, L50, F|\n|poke|p2|Brute Bonnet, L50|\n|poke|p2|Ogerpon-Hearthflame, L50, F|\n|poke|p2|Regieleki, L50|\n|teampreview|4\n|showteam|p1|Farigiraf||SitrusBerry|ArmorTail|Psychic,DazzlingGleam,TrickRoom,NastyPlot|||F|||50|,,,,,Fairy]Roaring Moon||BoosterEnergy|Protosynthesis|KnockOff,Acrobatics,DragonDance,Protect||||||50|,,,,,Flying]Urshifu-Rapid-Strike||MysticWater|UnseenFist|SurgingStrikes,CloseCombat,AquaJet,Detect|||M|||50|,,,,,Water]Chien-Pao||FocusSash|SwordofRuin|IceSpinner,LashOut,SuckerPunch,Protect||||||50|,,,,,Ghost]Rillaboom||AssaultVest|GrassySurge|WoodHammer,FakeOut,GrassyGlide,Uturn|||F|||50|,,,,,Fire]Heatran||LifeOrb|FlashFire|HeatWave,FlashCannon,EarthPower,Protect|||F|||50|,,,,,Fairy\n|showteam|p2|Ninetales-Alola||LightClay|SnowWarning|Protect,AuroraVeil,FreezeDry,Moonblast|||M|||50|,,,,,Ghost]Cetitan||SitrusBerry|SlushRush|BellyDrum,IcicleCrash,IceShard,Superpower|||M|||50|,,,,,Fire]Urshifu-Rapid-Strike||SafetyGoggles|UnseenFist|SurgingStrikes,IceSpinner,Protect,CloseCombat|||F|||50|,,,,,Water]Brute Bonnet||RockyHelmet|Protosynthesis|SeedBomb,Spore,SuckerPunch,RagePowder||||||50|,,,,,Poison]Ogerpon-Hearthflame||HearthflameMask|MoldBreaker|IvyCudgel,WoodHammer,FollowMe,SpikyShield|||F|||50|,,,,,Fire]Regieleki||FocusSash|Transistor|Thunderbolt,Electroweb,TeraBlast,Protect||||||50|,,,,,Ice\n|inactive|Battle timer is ON: inactive players will automatically lose when time's up. (requested by TargetDummies)\n|inactive|whyismynamejeff has 60 seconds left.\n|\n|t:|1699767175\n|start\n|switch|p1a: Farigiraf|Farigiraf, L50, F|100\/100\n|switch|p1b: Rillaboom|Rillaboom, L50, F|100\/100\n|switch|p2a: Glacier|Cetitan, L50, M|100\/100\n|switch|p2b: Bonk|Ogerpon-Hearthflame, L50, F|100\/100\n|-ability|p2b: Bonk|Mold Breaker\n|-fieldstart|move: Grassy Terrain|[from] ability: Grassy Surge|[of] p1b: Rillaboom\n|turn|1\n|\n|t:|1699767195\n|switch|p2a: Amongsus|Brute Bonnet, L50|100\/100\n|-terastallize|p2b: Bonk|Fire\n|detailschange|p2b: Bonk|Ogerpon-Hearthflame-Tera, L50, F, tera:Fire\n|-ability|p2b: Bonk|Embody Aspect (Hearthflame)|boost\n|-boost|p2b: Bonk|atk|1\n|move|p1b: Rillaboom|Fake Out|p2a: Amongsus\n|-damage|p2a: Amongsus|89\/100\n|-damage|p1b: Rillaboom|84\/100|[from] item: Rocky Helmet|[of] p2a: Amongsus\n|move|p2b: Bonk|Ivy Cudgel|p1a: Farigiraf\n|-damage|p1a: Farigiraf|0 fnt\n|faint|p1a: Farigiraf\n|\n|-heal|p1b: Rillaboom|90\/100|[from] Grassy Terrain\n|-heal|p2a: Amongsus|95\/100|[from] Grassy Terrain\n|upkeep\n|\n|t:|1699767210\n|switch|p1a: Urshifu|Urshifu-Rapid-Strike, L50, M|100\/100\n|turn|2\n|\n|t:|1699767226\n|move|p2a: Amongsus|Rage Powder|p2a: Amongsus\n|-singleturn|p2a: Amongsus|move: Rage Powder\n|move|p2b: Bonk|Ivy Cudgel|p1b: Rillaboom\n|-supereffective|p1b: Rillaboom\n|-damage|p1b: Rillaboom|0 fnt\n|faint|p1b: Rillaboom\n|move|p1a: Urshifu|Surging Strikes|p2a: Amongsus\n|-resisted|p2a: Amongsus\n|-crit|p2a: Amongsus\n|-damage|p2a: Amongsus|85\/100\n|-damage|p1a: Urshifu|84\/100|[from] item: Rocky Helmet|[of] p2a: Amongsus\n|-resisted|p2a: Amongsus\n|-crit|p2a: Amongsus\n|-damage|p2a: Amongsus|76\/100\n|-damage|p1a: Urshifu|67\/100|[from] item: Rocky Helmet|[of] p2a: Amongsus\n|-resisted|p2a: Amongsus\n|-crit|p2a: Amongsus\n|-damage|p2a: Amongsus|67\/100\n|-damage|p1a: Urshifu|51\/100|[from] item: Rocky Helmet|[of] p2a: Amongsus\n|-hitcount|p2a: Amongsus|3\n|\n|-heal|p1a: Urshifu|57\/100|[from] Grassy Terrain\n|-heal|p2a: Amongsus|73\/100|[from] Grassy Terrain\n|upkeep\n|c|\u2606whyismynamejeff|man i hate ogerpon\n|\n|t:|1699767242\n|switch|p1b: Heatran|Heatran, L50, F|100\/100\n|turn|3\n|\n|t:|1699767254\n|move|p1a: Urshifu|Aqua Jet|p2b: Bonk\n|-supereffective|p2b: Bonk\n|-damage|p2b: Bonk|40\/100\n|move|p2b: Bonk|Wood Hammer|p1a: Urshifu\n|-supereffective|p1a: Urshifu\n|-damage|p1a: Urshifu|0 fnt\n|faint|p1a: Urshifu\n|-damage|p2b: Bonk|21\/100|[from] Recoil\n|move|p1b: Heatran|Earth Power|p2b: Bonk\n|-supereffective|p2b: Bonk\n|-damage|p2b: Bonk|0 fnt\n|faint|p2b: Bonk\n|-damage|p1b: Heatran|91\/100|[from] item: Life Orb\n|move|p2a: Amongsus|Spore|p1b: Heatran\n|-status|p1b: Heatran|slp|[from] move: Spore\n|\n|-heal|p1b: Heatran|97\/100 slp|[from] Grassy Terrain\n|-heal|p2a: Amongsus|79\/100|[from] Grassy Terrain\n|upkeep\n|c|\u2606TargetDummies|very fair\n|\n|t:|1699767268\n|switch|p2b: Glacier|Cetitan, L50, M|100\/100\n|turn|4\n|\n|t:|1699767274\n|move|p2a: Amongsus|Sucker Punch|p1b: Heatran\n|-damage|p1b: Heatran|68\/100 slp\n|move|p2b: Glacier|Belly Drum|p2b: Glacier\n|-damage|p2b: Glacier|50\/100\n|-setboost|p2b: Glacier|atk|6|[from] move: Belly Drum\n|-enditem|p2b: Glacier|Sitrus Berry|[eat]\n|-heal|p2b: Glacier|75\/100|[from] item: Sitrus Berry\n|cant|p1b: Heatran|slp\n|\n|-heal|p2b: Glacier|81\/100|[from] Grassy Terrain\n|-heal|p1b: Heatran|74\/100 slp|[from] Grassy Terrain\n|-heal|p2a: Amongsus|85\/100|[from] Grassy Terrain\n|upkeep\n|turn|5\n|\n|t:|1699767285\n|-end|p2a: Amongsus|Protosynthesis|[silent]\n|switch|p2a: FrostyFox|Ninetales-Alola, L50, M|100\/100\n|-weather|Snow|[from] ability: Snow Warning|[of] p2a: FrostyFox\n|cant|p1b: Heatran|slp\n|move|p2b: Glacier|Superpower|p1b: Heatran\n|-supereffective|p1b: Heatran\n|-damage|p1b: Heatran|0 fnt\n|-unboost|p2b: Glacier|atk|1\n|-unboost|p2b: Glacier|def|1\n|faint|p1b: Heatran\n|\n|win|TargetDummies\n|n|\u2606whyismynamejeff|whyismynamejeff\n|n|\u2606TargetDummies|targetdummies\n|c|\u2606TargetDummies|gg\n|l|\u2606whyismynamejeff\n","uploadtime":1699767392,"views":10,"p1id":"whyismynamejeff","p2id":"targetdummies","formatid":"gen9vgc2023regulatione","rating":0,"private":0,"password":""}