{"id":"gen9vgc2023regulatione-1993428093","p1":"redflame6987","p2":"thehi","format":"[Gen 9] VGC 2023 Regulation E","log":"|j|\u2606redflame6987\n|j|\u2606thehi\n|t:|1700316615\n|gametype|doubles\n|player|p1|redflame6987|skierf|1052\n|player|p2|thehi|266|1010\n|teamsize|p1|6\n|teamsize|p2|6\n|gen|9\n|tier|[Gen 9] VGC 2023 Regulation E\n|rated|\n|rule|Species Clause: Limit one of each Pok\u00e9mon\n|rule|Item Clause: Limit one of each item\n|clearpoke\n|poke|p1|Flutter Mane, L50|\n|poke|p1|Chien-Pao, L50|\n|poke|p1|Iron Hands, L50|\n|poke|p1|Landorus-Therian, L50, M|\n|poke|p1|Ceruledge, L50, F|\n|poke|p1|Umbreon, L50, M|\n|poke|p2|Chien-Pao, L50|\n|poke|p2|Dragonite, L50, F|\n|poke|p2|Amoonguss, L50, F|\n|poke|p2|Flutter Mane, L50|\n|poke|p2|Moltres-Galar, L50|\n|poke|p2|Ogerpon-Wellspring, L50, F|\n|teampreview|4\n|inactive|Battle timer is ON: inactive players will automatically lose when time's up. (requested by thehi)\nthehi rejected open team sheets.\n|\n|t:|1700316675\n|start\n|switch|p1a: Chien-Pao|Chien-Pao, L50|100\/100\n|switch|p1b: Flutter Mane|Flutter Mane, L50|100\/100\n|switch|p2a: Dragonite|Dragonite, L50, F|100\/100\n|switch|p2b: Amoonguss|Amoonguss, L50, F|100\/100\n|-ability|p1a: Chien-Pao|Sword of Ruin\n|turn|1\n|inactive|redflame6987 has 30 seconds left.\n|\n|t:|1700316706\n|-terastallize|p1b: Flutter Mane|Fairy\n|move|p2a: Dragonite|Extreme Speed|p1b: Flutter Mane\n|-damage|p1b: Flutter Mane|7\/100\n|move|p2b: Amoonguss|Rage Powder|p2b: Amoonguss\n|-singleturn|p2b: Amoonguss|move: Rage Powder\n|move|p1b: Flutter Mane|Moonblast|p2b: Amoonguss\n|-resisted|p2b: Amoonguss\n|-damage|p2b: Amoonguss|63\/100\n|-unboost|p2b: Amoonguss|spa|1\n|move|p1a: Chien-Pao|Icicle Crash|p2b: Amoonguss\n|-supereffective|p2b: Amoonguss\n|-damage|p2b: Amoonguss|0 fnt\n|faint|p2b: Amoonguss\n|\n|upkeep\n|\n|t:|1700316730\n|switch|p2b: Moltres|Moltres-Galar, L50|100\/100\n|turn|2\n|\n|t:|1700316746\n|-end|p1b: Flutter Mane|Protosynthesis|[silent]\n|switch|p1b: Iron Hands|Iron Hands, L50|100\/100\n|-terastallize|p2a: Dragonite|Flying\n|move|p2a: Dragonite|Extreme Speed|p1b: Iron Hands\n|-damage|p1b: Iron Hands|76\/100\n|move|p1a: Chien-Pao|Swords Dance|p1a: Chien-Pao\n|-boost|p1a: Chien-Pao|atk|2\n|move|p2b: Moltres|Nasty Plot|p2b: Moltres\n|-boost|p2b: Moltres|spa|2\n|\n|upkeep\n|turn|3\n|\n|t:|1700316765\n|move|p1b: Iron Hands|Fake Out|p2b: Moltres\n|-damage|p2b: Moltres|75\/100\n|move|p1a: Chien-Pao|Icicle Crash|p2a: Dragonite\n|-supereffective|p2a: Dragonite\n|-damage|p2a: Dragonite|0 fnt\n|faint|p2a: Dragonite\n|cant|p2b: Moltres|flinch\n|\n|upkeep\n|\n|t:|1700316772\n|switch|p2a: Ogerpon|Ogerpon-Wellspring, L50, F|100\/100\n|turn|4\n|\n|t:|1700316791\n|move|p2a: Ogerpon|Spiky Shield|p2a: Ogerpon\n|-singleturn|p2a: Ogerpon|move: Protect\n|move|p1a: Chien-Pao|Icicle Crash|p2b: Moltres\n|-supereffective|p2b: Moltres\n|-damage|p2b: Moltres|0 fnt\n|faint|p2b: Moltres\n|move|p1b: Iron Hands|Wild Charge|p2a: Ogerpon\n|-activate|p2a: Ogerpon|move: Protect\n|-damage|p1b: Iron Hands|64\/100|[from] Spiky Shield|[of] p2a: Ogerpon\n|\n|upkeep\n|turn|5\n|\n|t:|1700316805\n|move|p1a: Chien-Pao|Icicle Crash|p2a: Ogerpon|[miss]\n|-miss|p1a: Chien-Pao|p2a: Ogerpon\n|move|p2a: Ogerpon|Ivy Cudgel|p1b: Iron Hands|[anim] Ivy Cudgel Water\n|-damage|p1b: Iron Hands|16\/100\n|move|p1b: Iron Hands|Wild Charge|p2a: Ogerpon\n|-damage|p2a: Ogerpon|4\/100\n|-damage|p1b: Iron Hands|2\/100|[from] Recoil\n|\n|upkeep\n|turn|6\n|\n|t:|1700316817\n|move|p1a: Chien-Pao|Sucker Punch|p2a: Ogerpon\n|-damage|p2a: Ogerpon|0 fnt\n|faint|p2a: Ogerpon\n|\n|win|redflame6987\n|raw|redflame6987's rating: 1052 &rarr; <strong>1080<\/strong><br \/>(+28 for winning)\n|raw|thehi's rating: 1010 &rarr; <strong>1000<\/strong><br \/>(-10 for losing)\n|l|\u2606thehi\n|c|\u2606redflame6987|ggw[\n|c|\u2606redflame6987|ggwp\n","uploadtime":1700316840,"views":10,"p1id":"redflame6987","p2id":"thehi","formatid":"gen9vgc2023regulatione","rating":1000,"private":0,"password":""}