{"id":"gen9vgc2023regulatione-1988410527","p1":"hxllownest","p2":"MoronicLunatic","format":"[Gen 9] VGC 2023 Regulation E","log":"|j|\u2606hxllownest\n|j|\u2606MoronicLunatic\n|t:|1699719914\n|gametype|doubles\n|player|p1|hxllownest|n|1104\n|player|p2|MoronicLunatic|102|1021\n|teamsize|p1|6\n|teamsize|p2|6\n|gen|9\n|tier|[Gen 9] VGC 2023 Regulation E\n|rated|\n|rule|Species Clause: Limit one of each Pok\u00e9mon\n|rule|Item Clause: Limit one of each item\n|clearpoke\n|poke|p1|Hawlucha, L50, F|\n|poke|p1|Rillaboom, L50, F|\n|poke|p1|Ogerpon-Hearthflame, L50, F|\n|poke|p1|Palafin, L50, F|\n|poke|p1|Flutter Mane, L50|\n|poke|p1|Milotic, L50, F|\n|poke|p2|Copperajah, L50, M|\n|poke|p2|Eelektross, L50, M|\n|poke|p2|Greedent, L50, M|\n|poke|p2|Sinistcha-Masterpiece, L50|\n|poke|p2|Arcanine-Hisui, L50, F|\n|poke|p2|Altaria, L50, F|\n|teampreview|4\n|inactive|Battle timer is ON: inactive players will automatically lose when time's up. (requested by hxllownest)\n|c|\u2606MoronicLunatic|glhf\nMoronicLunatic rejected open team sheets.\n|inactive|hxllownest has 60 seconds left.\n|\n|t:|1699719945\n|start\n|switch|p1a: Palafin|Palafin, L50, F, shiny|100\/100\n|switch|p1b: Milotic|Milotic, L50, F, shiny|100\/100\n|switch|p2a: Copperajah|Copperajah, L50, M, shiny|100\/100\n|switch|p2b: Sinistcha|Sinistcha-Masterpiece, L50|100\/100\n|turn|1\n|\n|t:|1699719968\n|move|p1b: Milotic|Protect|p1b: Milotic\n|-singleturn|p1b: Milotic|Protect\n|move|p1a: Palafin|Acrobatics|p2b: Sinistcha\n|-supereffective|p2b: Sinistcha\n|-damage|p2b: Sinistcha|79\/100\n|move|p2a: Copperajah|Earthquake|p1a: Palafin|[spread] p2b,p1a\n|-activate|p1b: Milotic|move: Protect\n|-resisted|p2b: Sinistcha\n|-damage|p2b: Sinistcha|70\/100\n|-damage|p1a: Palafin|65\/100\n|move|p2b: Sinistcha|Trick Room|p2b: Sinistcha\n|-fieldstart|move: Trick Room|[of] p2b: Sinistcha\n|\n|upkeep\n|turn|2\n|inactive|hxllownest has 30 seconds left.\n|\n|t:|1699719996\n|switch|p1b: Rillaboom|Rillaboom, L50, F|100\/100\n|-fieldstart|move: Grassy Terrain|[from] ability: Grassy Surge|[of] p1b: Rillaboom\n|move|p2a: Copperajah|Heavy Slam|p1a: Palafin\n|-resisted|p1a: Palafin\n|-damage|p1a: Palafin|22\/100\n|move|p2b: Sinistcha|Matcha Gotcha|p1a: Palafin|[spread] p1b\n|-miss|p2b: Sinistcha|p1a: Palafin\n|-resisted|p1b: Rillaboom\n|-damage|p1b: Rillaboom|88\/100\n|-heal|p2b: Sinistcha|77\/100|[from] drain|[of] p1b: Rillaboom\n|move|p1a: Palafin|Close Combat|p2a: Copperajah\n|-supereffective|p2a: Copperajah\n|-damage|p2a: Copperajah|39\/100\n|-unboost|p1a: Palafin|def|1\n|-unboost|p1a: Palafin|spd|1\n|-enditem|p1a: Palafin|Eject Pack\n|\n|t:|1699720014\n|detailschange|p1a: Palafin|Palafin-Hero, L50, F, shiny\n|switch|p1a: Milotic|Milotic, L50, F, shiny|100\/100\n|\n|-heal|p2a: Copperajah|45\/100|[from] Grassy Terrain\n|-heal|p2b: Sinistcha|84\/100|[from] Grassy Terrain\n|-heal|p1b: Rillaboom|94\/100|[from] Grassy Terrain\n|upkeep\n|turn|3\n|\n|t:|1699720036\n|-terastallize|p2a: Copperajah|Fire\n|move|p2a: Copperajah|Heat Crash|p1b: Rillaboom\n|-supereffective|p1b: Rillaboom\n|-damage|p1b: Rillaboom|0 fnt\n|faint|p1b: Rillaboom\n|move|p2b: Sinistcha|Matcha Gotcha|p1a: Milotic\n|-supereffective|p1a: Milotic\n|-damage|p1a: Milotic|35\/100\n|-heal|p2b: Sinistcha|100\/100|[from] drain|[of] p1a: Milotic\n|-status|p1a: Milotic|brn\n|move|p1a: Milotic|Ice Beam|p2b: Sinistcha\n|-supereffective|p2b: Sinistcha\n|-crit|p2b: Sinistcha\n|-damage|p2b: Sinistcha|0 fnt\n|faint|p2b: Sinistcha\n|\n|-heal|p2a: Copperajah|52\/100|[from] Grassy Terrain\n|-heal|p1a: Milotic|41\/100 brn|[from] Grassy Terrain\n|-heal|p1a: Milotic|47\/100 brn|[from] item: Leftovers\n|-damage|p1a: Milotic|41\/100 brn|[from] brn\n|upkeep\n|\n|t:|1699720050\n|switch|p2b: Eelektross|Eelektross, L50, M, shiny|100\/100\n|switch|p1b: Palafin|Palafin-Hero, L50, F, shiny|22\/100\n|-activate|p1b: Palafin|ability: Zero to Hero\n|turn|4\n|\n|t:|1699720068\n|move|p1a: Milotic|Protect|p1a: Milotic\n|-singleturn|p1a: Milotic|Protect\n|move|p1b: Palafin|Jet Punch|p2a: Copperajah\n|-supereffective|p2a: Copperajah\n|-damage|p2a: Copperajah|0 fnt\n|faint|p2a: Copperajah\n|move|p2b: Eelektross|Thunder Punch|p1a: Milotic\n|-activate|p1a: Milotic|move: Protect\n|\n|-heal|p1a: Milotic|47\/100 brn|[from] Grassy Terrain\n|-heal|p1a: Milotic|53\/100 brn|[from] item: Leftovers\n|-heal|p1b: Palafin|28\/100|[from] Grassy Terrain\n|-damage|p1a: Milotic|47\/100 brn|[from] brn\n|upkeep\n|\n|t:|1699720075\n|switch|p2a: Arcanine|Arcanine-Hisui, L50, F, shiny|100\/100\n|turn|5\n|inactive|MoronicLunatic has 30 seconds left.\n|\n|t:|1699720103\n|move|p1b: Palafin|Protect|p1b: Palafin\n|-singleturn|p1b: Palafin|Protect\n|move|p2b: Eelektross|Thunder Punch|p1a: Milotic\n|-supereffective|p1a: Milotic\n|-damage|p1a: Milotic|0 fnt\n|faint|p1a: Milotic\n|move|p2a: Arcanine|Rock Slide|p1b: Palafin\n|-activate|p1b: Palafin|move: Protect\n|\n|-heal|p1b: Palafin|34\/100|[from] Grassy Terrain\n|-fieldend|move: Trick Room\n|upkeep\n|\n|t:|1699720112\n|switch|p1a: Hawlucha|Hawlucha, L50, F, shiny|100\/100\n|-enditem|p1a: Hawlucha|Grassy Seed\n|-boost|p1a: Hawlucha|def|1|[from] item: Grassy Seed\n|turn|6\n|\n|t:|1699720131\n|-terastallize|p1a: Hawlucha|Steel\n|move|p2a: Arcanine|Extreme Speed|p1b: Palafin\n|-damage|p1b: Palafin|4\/100\n|move|p1b: Palafin|Jet Punch|p2b: Eelektross\n|-damage|p2b: Eelektross|56\/100\n|move|p1a: Hawlucha|Drain Punch|p2a: Arcanine\n|-supereffective|p2a: Arcanine\n|-damage|p2a: Arcanine|16\/100\n|move|p2b: Eelektross|Thunder Punch|p1b: Palafin\n|-supereffective|p1b: Palafin\n|-damage|p1b: Palafin|0 fnt\n|faint|p1b: Palafin\n|\n|-heal|p2a: Arcanine|22\/100|[from] Grassy Terrain\n|-fieldend|move: Grassy Terrain\n|upkeep\n|turn|7\n|\n|t:|1699720154\n|move|p1a: Hawlucha|Drain Punch|p2a: Arcanine\n|-supereffective|p2a: Arcanine\n|-damage|p2a: Arcanine|0 fnt\n|faint|p2a: Arcanine\n|move|p2b: Eelektross|Fire Punch|p1a: Hawlucha\n|-supereffective|p1a: Hawlucha\n|-damage|p1a: Hawlucha|37\/100\n|\n|upkeep\n|turn|8\n|\n|t:|1699720164\n|move|p1a: Hawlucha|Drain Punch|p2b: Eelektross\n|-damage|p2b: Eelektross|15\/100\n|-heal|p1a: Hawlucha|62\/100|[from] drain|[of] p2b: Eelektross\n|move|p2b: Eelektross|Fire Punch|p1a: Hawlucha\n|-supereffective|p1a: Hawlucha\n|-damage|p1a: Hawlucha|0 fnt\n|faint|p1a: Hawlucha\n|\n|win|MoronicLunatic\n|raw|hxllownest's rating: 1104 &rarr; <strong>1073<\/strong><br \/>(-31 for losing)\n|raw|MoronicLunatic's rating: 1021 &rarr; <strong>1066<\/strong><br \/>(+45 for winning)\n|c|\u2606MoronicLunatic|ggwp\n|l|\u2606hxllownest\n","uploadtime":1699720538,"views":16,"p1id":"hxllownest","p2id":"moroniclunatic","formatid":"gen9vgc2023regulatione","rating":1066,"private":0,"password":""}