{"id":"gen9vgc2023regulatione-1990081897","p1":"Tutkan","p2":"FUFO04","format":"[Gen 9] VGC 2023 Regulation E","log":"|j|\u2606Tutkan\n|j|\u2606FUFO04\n|t:|1699922590\n|gametype|doubles\n|player|p1|Tutkan|lucas|1332\n|player|p2|FUFO04|2|1262\n|teamsize|p1|6\n|teamsize|p2|6\n|gen|9\n|tier|[Gen 9] VGC 2023 Regulation E\n|rated|\n|rule|Species Clause: Limit one of each Pok\u00e9mon\n|rule|Item Clause: Limit one of each item\n|clearpoke\n|poke|p1|Heatran, L50, F|\n|poke|p1|Chien-Pao, L50|\n|poke|p1|Dragonite, L50, M|\n|poke|p1|Urshifu-*, L50, F|\n|poke|p1|Flutter Mane, L50|\n|poke|p1|Tornadus, L50, M|\n|poke|p2|Gothitelle, L50, F|\n|poke|p2|Ursaluna-Bloodmoon, L50, M|\n|poke|p2|Sinistcha-Masterpiece, L50|\n|poke|p2|Zapdos-Galar, L50|\n|poke|p2|Empoleon, L50, M|\n|poke|p2|Arcanine-Hisui, L50, M|\n|teampreview|4\n|inactive|Battle timer is ON: inactive players will automatically lose when time's up. (requested by FUFO04)\n|inactive|Tutkan has 60 seconds left.\n|\n|t:|1699922656\n|start\n|switch|p1a: Heatran|Heatran, L50, F|100\/100\n|switch|p1b: Tornadus|Tornadus, L50, M|100\/100\n|switch|p2a: Gothitelle|Gothitelle, L50, F|100\/100\n|switch|p2b: Arcanine|Arcanine-Hisui, L50, M, shiny|100\/100\n|-ability|p2b: Arcanine|Intimidate|boost\n|-unboost|p1a: Heatran|atk|1\n|-unboost|p1b: Tornadus|atk|1\n|turn|1\n|\n|t:|1699922679\n|move|p2a: Gothitelle|Fake Out|p1a: Heatran\n|-resisted|p1a: Heatran\n|-damage|p1a: Heatran|98\/100\n|move|p1b: Tornadus|Tailwind|p1b: Tornadus\n|-sidestart|p1: Tutkan|move: Tailwind\n|cant|p1a: Heatran|flinch\n|move|p2b: Arcanine|Rock Slide|p1b: Tornadus|[spread] p1a,p1b\n|-supereffective|p1b: Tornadus\n|-damage|p1a: Heatran|62\/100\n|-damage|p1b: Tornadus|0 fnt\n|faint|p1b: Tornadus\n|\n|upkeep\n|\n|t:|1699922699\n|switch|p1b: Dragonite|Dragonite, L50, M|100\/100\n|turn|2\n|inactive|FUFO04 has 30 seconds left.\n|inactive|FUFO04 has 20 seconds left.\n|inactive|FUFO04 has 15 seconds left.\n|\n|t:|1699922739\n|switch|p2b: Zapdos|Zapdos-Galar, L50|100\/100\n|-terastallize|p1b: Dragonite|Normal\n|move|p1b: Dragonite|Extreme Speed|p2a: Gothitelle\n|-damage|p2a: Gothitelle|43\/100\n|-enditem|p2a: Gothitelle|Sitrus Berry|[eat]\n|-heal|p2a: Gothitelle|68\/100|[from] item: Sitrus Berry\n|move|p1a: Heatran|Earth Power|p2b: Zapdos\n|-immune|p2b: Zapdos\n|move|p2a: Gothitelle|Psychic|p1b: Dragonite\n|-damage|p1b: Dragonite|72\/100\n|\n|upkeep\n|turn|3\n|\n|t:|1699922763\n|move|p2a: Gothitelle|Helping Hand|p2b: Zapdos\n|-singleturn|p2b: Zapdos|Helping Hand|[of] p2a: Gothitelle\n|move|p1b: Dragonite|Extreme Speed|p2b: Zapdos\n|-damage|p2b: Zapdos|12\/100\n|move|p2b: Zapdos|Thunderous Kick|p1b: Dragonite\n|-supereffective|p1b: Dragonite\n|-damage|p1b: Dragonite|0 fnt\n|faint|p1b: Dragonite\n|move|p1a: Heatran|Heat Wave|p2a: Gothitelle|[spread] p2b\n|-miss|p1a: Heatran|p2a: Gothitelle\n|-damage|p2b: Zapdos|0 fnt\n|faint|p2b: Zapdos\n|\n|upkeep\n|\n|t:|1699922781\n|switch|p2b: Lipton|Sinistcha-Masterpiece, L50, shiny|100\/100\n|switch|p1b: Urshifu|Urshifu-Rapid-Strike, L50, F|100\/100\n|-heal|p2a: Gothitelle|93\/100|[from] ability: Hospitality|[of] p2b: Lipton\n|turn|4\n|\n|t:|1699922805\n|move|p1b: Urshifu|Surging Strikes|p2a: Gothitelle\n|-crit|p2a: Gothitelle\n|-damage|p2a: Gothitelle|73\/100\n|-crit|p2a: Gothitelle\n|-damage|p2a: Gothitelle|54\/100\n|-crit|p2a: Gothitelle\n|-damage|p2a: Gothitelle|35\/100\n|-hitcount|p2a: Gothitelle|3\n|move|p1a: Heatran|Heat Wave|p2a: Gothitelle|[spread] p2a,p2b\n|-supereffective|p2b: Lipton\n|-damage|p2a: Gothitelle|6\/100\n|-damage|p2b: Lipton|32\/100\n|move|p2b: Lipton|Matcha Gotcha|p1a: Heatran|[spread] p1a,p1b\n|-resisted|p1a: Heatran\n|-supereffective|p1b: Urshifu\n|-damage|p1a: Heatran|58\/100\n|-heal|p2b: Lipton|35\/100|[from] drain|[of] p1a: Heatran\n|-damage|p1b: Urshifu|21\/100\n|-heal|p2b: Lipton|75\/100|[from] drain|[of] p1b: Urshifu\n|move|p2a: Gothitelle|Psychic|p1a: Heatran\n|-resisted|p1a: Heatran\n|-damage|p1a: Heatran|48\/100\n|\n|-sideend|p1: Tutkan|move: Tailwind\n|upkeep\n|turn|5\n|inactive|FUFO04 has 30 seconds left.\n|\n|t:|1699922831\n|move|p1b: Urshifu|Surging Strikes|p2b: Lipton\n|-resisted|p2b: Lipton\n|-crit|p2b: Lipton\n|-damage|p2b: Lipton|65\/100\n|-damage|p1b: Urshifu|4\/100|[from] item: Rocky Helmet|[of] p2b: Lipton\n|-resisted|p2b: Lipton\n|-crit|p2b: Lipton\n|-damage|p2b: Lipton|53\/100\n|-damage|p1b: Urshifu|0 fnt|[from] item: Rocky Helmet|[of] p2b: Lipton\n|faint|p1b: Urshifu\n|-hitcount|p2b: Lipton|2\n|move|p1a: Heatran|Heat Wave|p2b: Lipton|[spread] p2a,p2b\n|-supereffective|p2b: Lipton\n|-damage|p2a: Gothitelle|0 fnt\n|-damage|p2b: Lipton|0 fnt\n|faint|p2a: Gothitelle\n|faint|p2b: Lipton\n|\n|upkeep\n|\n|t:|1699922845\n|switch|p2b: Arcanine|Arcanine-Hisui, L50, M, shiny|100\/100\n|-ability|p2b: Arcanine|Intimidate|boost\n|-unboost|p1a: Heatran|atk|1\n|turn|6\n|\n|t:|1699922866\n|-terastallize|p2b: Arcanine|Fairy\n|move|p2b: Arcanine|Extreme Speed|p1a: Heatran\n|-resisted|p1a: Heatran\n|-damage|p1a: Heatran|30\/100\n|move|p1a: Heatran|Earth Power|p2b: Arcanine\n|-damage|p2b: Arcanine|60\/100\n|\n|upkeep\n|turn|7\n|\n|t:|1699922874\n|move|p2b: Arcanine|Extreme Speed|p1a: Heatran\n|-resisted|p1a: Heatran\n|-damage|p1a: Heatran|12\/100\n|move|p1a: Heatran|Flash Cannon|p2b: Arcanine\n|-supereffective|p2b: Arcanine\n|-crit|p2b: Arcanine\n|-damage|p2b: Arcanine|0 fnt\n|faint|p2b: Arcanine\n|\n|win|Tutkan\n|raw|Tutkan's rating: 1332 &rarr; <strong>1348<\/strong><br \/>(+16 for winning)\n|raw|FUFO04's rating: 1262 &rarr; <strong>1242<\/strong><br \/>(-20 for losing)\n","uploadtime":1699922887,"views":9,"p1id":"tutkan","p2id":"fufo04","formatid":"gen9vgc2023regulatione","rating":1242,"private":0,"password":""}