{"id":"gen9vgc2023regulatione-1999607700","p1":"MasterofMetapods5","p2":"kidturtle","format":"[Gen 9] VGC 2023 Regulation E","log":"|j|\u2606MasterofMetapods5\n|j|\u2606kidturtle\n|n|\u2606MasterofMetapods5|masterofmetapods5\n|n|\u2606kidturtle|kidturtle\n|html|View the match progress at <a href=\"\/game-bestof3-gen9vgc2023regulatione-1999602958\">game-bestof3-gen9vgc2023regulatione-1999602958<\/a>\n|t:|1701100710\n|gametype|doubles\n|player|p1|MasterofMetapods5|lance|\n|player|p2|kidturtle|hoopster|\n|teamsize|p1|6\n|teamsize|p2|6\n|gen|9\n|tier|[Gen 9] VGC 2023 Regulation E\n|rated|Tournament battle\n|rule|Species Clause: Limit one of each Pok\u00e9mon\n|rule|Item Clause: Limit one of each item\n|clearpoke\n|poke|p1|Flutter Mane, L50|\n|poke|p1|Tyranitar, L50, M|\n|poke|p1|Landorus-Therian, L50, M|\n|poke|p1|Baxcalibur, L50, F|\n|poke|p1|Urshifu-*, L50, F|\n|poke|p1|Heatran, L50, F|\n|poke|p2|Ursaluna, L50, M|\n|poke|p2|Cresselia, L50, F|\n|poke|p2|Flutter Mane, L50|\n|poke|p2|Chi-Yu, L50|\n|poke|p2|Iron Hands, L50|\n|poke|p2|Urshifu-*, L50, M|\n|teampreview|4\n|showteam|p1|Flutter Mane||BoosterEnergy|Protosynthesis|Protect,Moonblast,ShadowBall,IcyWind||||||50|,,,,,Fairy]Tyranitar||WeaknessPolicy|SandStream|RockSlide,Taunt,Protect,KnockOff|||M|||50|,,,,,Rock]Landorus-Therian||AssaultVest|Intimidate|SandsearStorm,TeraBlast,Uturn,RockSlide|||M|||50|,,,,,Flying]Baxcalibur||LoadedDice|ThermalExchange|ScaleShot,IcicleSpear,SwordsDance,Protect|||F|||50|,,,,,Fairy]Urshifu-Rapid-Strike||SafetyGoggles|UnseenFist|SurgingStrikes,CloseCombat,AquaJet,Detect|||F|||50|,,,,,Water]Heatran||Leftovers|FlashFire|HeatWave,EarthPower,Protect,TeraBlast|||F|||50|,,,,,Grass\n|showteam|p2|Ursaluna||FlameOrb|Guts|Facade,Earthquake,SwordsDance,Protect|||M|||50|,,,,,Ghost]Cresselia||MentalHerb|Levitate|IceBeam,AllySwitch,LunarBlessing,TrickRoom|||F|||50|,,,,,Fairy]Flutter Mane||BoosterEnergy|Protosynthesis|IcyWind,ShadowBall,Moonblast,Protect||||||50|,,,,,Fairy]Chi-Yu||ChoiceSpecs|BeadsofRuin|BurningJealousy,DarkPulse,Overheat,Snarl||||||50|,,,,,Ghost]Iron Hands||SitrusBerry|QuarkDrive|DrainPunch,WildCharge,FakeOut,SwordsDance||||||50|,,,,,Fire]Urshifu||FocusSash|UnseenFist|Detect,WickedBlow,CloseCombat,SuckerPunch|||M|||50|,,,,,Dark\n|inactive|Battle timer is ON: inactive players will automatically lose when time's up. (requested by kidturtle)\n|j|%Radio Free C-Side\n|c|\u2606MasterofMetapods5|glhf\n|c|\u2606kidturtle|thx u 2\n|inactive|MasterofMetapods5 has 60 seconds left.\n|\n|t:|1701100744\n|start\n|switch|p1a: Tyranitar|Tyranitar, L50, M|100\/100\n|switch|p1b: Landorus|Landorus-Therian, L50, M|100\/100\n|switch|p2a: Iron Hands|Iron Hands, L50|100\/100\n|switch|p2b: Cresselia|Cresselia, L50, F|100\/100\n|-ability|p1b: Landorus|Intimidate|boost\n|-unboost|p2a: Iron Hands|atk|1\n|-unboost|p2b: Cresselia|atk|1\n|-weather|Sandstorm|[from] ability: Sand Stream|[of] p1a: Tyranitar\n|turn|1\n|\n|t:|1701100756\n|move|p1b: Landorus|Rock Slide|p2b: Cresselia|[spread] p2a,p2b\n|-resisted|p2a: Iron Hands\n|-damage|p2a: Iron Hands|95\/100\n|-damage|p2b: Cresselia|90\/100\n|move|p1a: Tyranitar|Rock Slide|p2a: Iron Hands|[spread] p2a,p2b\n|-resisted|p2a: Iron Hands\n|-damage|p2a: Iron Hands|85\/100\n|-damage|p2b: Cresselia|71\/100\n|move|p2a: Iron Hands|Swords Dance|p2a: Iron Hands\n|-boost|p2a: Iron Hands|atk|2\n|cant|p2b: Cresselia|flinch\n|\n|-weather|Sandstorm|[upkeep]\n|-damage|p2b: Cresselia|65\/100|[from] Sandstorm\n|-damage|p2a: Iron Hands|79\/100|[from] Sandstorm\n|upkeep\n|turn|2\n|\n|t:|1701100769\n|move|p1b: Landorus|Sandsear Storm|p2a: Iron Hands|[spread] p2a\n|-immune|p2b: Cresselia|[from] ability: Levitate\n|-supereffective|p2a: Iron Hands\n|-damage|p2a: Iron Hands|20\/100\n|-enditem|p2a: Iron Hands|Sitrus Berry|[eat]\n|-heal|p2a: Iron Hands|45\/100|[from] item: Sitrus Berry\n|move|p1a: Tyranitar|Knock Off|p2b: Cresselia\n|-supereffective|p2b: Cresselia\n|-damage|p2b: Cresselia|9\/100\n|-enditem|p2b: Cresselia|Mental Herb|[from] move: Knock Off|[of] p1a: Tyranitar\n|move|p2a: Iron Hands|Drain Punch|p1a: Tyranitar\n|-supereffective|p1a: Tyranitar\n|-damage|p1a: Tyranitar|0 fnt\n|-heal|p2a: Iron Hands|88\/100|[from] drain|[of] p1a: Tyranitar\n|faint|p1a: Tyranitar\n|move|p2b: Cresselia|Trick Room|p2b: Cresselia\n|-fieldstart|move: Trick Room|[of] p2b: Cresselia\n|\n|-weather|Sandstorm|[upkeep]\n|-damage|p2a: Iron Hands|82\/100|[from] Sandstorm\n|-damage|p2b: Cresselia|3\/100|[from] Sandstorm\n|upkeep\n|\n|t:|1701100784\n|switch|p1a: Flutter Mane|Flutter Mane, L50|100\/100\n|-enditem|p1a: Flutter Mane|Booster Energy\n|-activate|p1a: Flutter Mane|ability: Protosynthesis|[fromitem]\n|-start|p1a: Flutter Mane|protosynthesisspe\n|turn|3\n|\n|t:|1701100794\n|switch|p2b: Ursaluna|Ursaluna, L50, M|100\/100\n|move|p2a: Iron Hands|Wild Charge|p1a: Flutter Mane\n|-damage|p1a: Flutter Mane|0 fnt\n|faint|p1a: Flutter Mane\n|-end|p1a: Flutter Mane|Protosynthesis|[silent]\n|-damage|p2a: Iron Hands|66\/100|[from] Recoil\n|move|p1b: Landorus|Sandsear Storm|p2a: Iron Hands|[spread] p2a,p2b\n|-supereffective|p2a: Iron Hands\n|-damage|p2a: Iron Hands|6\/100\n|-damage|p2b: Ursaluna|68\/100\n|-status|p2a: Iron Hands|brn\n|-status|p2b: Ursaluna|brn\n|\n|-weather|Sandstorm|[upkeep]\n|-damage|p2a: Iron Hands|0 fnt|[from] Sandstorm\n|faint|p2a: Iron Hands\n|-end|p2a: Iron Hands|Quark Drive|[silent]\n|-damage|p2b: Ursaluna|62\/100 brn|[from] brn\n|upkeep\n|\n|t:|1701100808\n|switch|p2a: Cresselia|Cresselia, L50, F|3\/100\n|switch|p1a: Urshifu|Urshifu-Rapid-Strike, L50, F|100\/100\n|turn|4\n|\n|t:|1701100819\n|-terastallize|p2b: Ursaluna|Ghost\n|move|p1a: Urshifu|Detect|p1a: Urshifu\n|-singleturn|p1a: Urshifu|Protect\n|move|p2b: Ursaluna|Facade|p1a: Urshifu\n|-activate|p1a: Urshifu|move: Protect\n|move|p2a: Cresselia|Lunar Blessing|p2a: Cresselia|[spread] p2a,p2b\n|-heal|p2a: Cresselia|28\/100\n|-heal|p2b: Ursaluna|87\/100 brn\n|-curestatus|p2b: Ursaluna|brn|[msg]\n|move|p1b: Landorus|Sandsear Storm|p2a: Cresselia|[spread] p2b\n|-immune|p2a: Cresselia|[from] ability: Levitate\n|-damage|p2b: Ursaluna|54\/100\n|\n|-weather|Sandstorm|[upkeep]\n|-damage|p2b: Ursaluna|48\/100|[from] Sandstorm\n|-damage|p2a: Cresselia|22\/100|[from] Sandstorm\n|-status|p2b: Ursaluna|brn|[from] item: Flame Orb\n|upkeep\n|turn|5\n|\n|t:|1701100831\n|-terastallize|p1a: Urshifu|Water\n|move|p1a: Urshifu|Aqua Jet|p2a: Cresselia\n|-damage|p2a: Cresselia|1\/100\n|move|p2b: Ursaluna|Facade|p1a: Urshifu\n|-damage|p1a: Urshifu|0 fnt\n|faint|p1a: Urshifu\n|move|p2a: Cresselia|Lunar Blessing|p2a: Cresselia|[spread] p2a,p2b\n|-heal|p2a: Cresselia|26\/100\n|-heal|p2b: Ursaluna|73\/100 brn\n|-curestatus|p2b: Ursaluna|brn|[msg]\n|move|p1b: Landorus|Sandsear Storm|p2b: Ursaluna|[spread] p2b\n|-immune|p2a: Cresselia|[from] ability: Levitate\n|-crit|p2b: Ursaluna\n|-damage|p2b: Ursaluna|22\/100\n|-status|p2b: Ursaluna|brn\n|\n|-weather|none\n|-damage|p2b: Ursaluna|16\/100 brn|[from] brn\n|upkeep\n|turn|6\n|\n|t:|1701100841\n|move|p2b: Ursaluna|Facade|p1b: Landorus\n|-damage|p1b: Landorus|0 fnt\n|faint|p1b: Landorus\n|\n|win|kidturtle\n|c|\u2606MasterofMetapods5|gg\n|c|\u2606kidturtle|gg\n","uploadtime":1701100849,"views":4,"p1id":"masterofmetapods5","p2id":"kidturtle","formatid":"gen9vgc2023regulatione","rating":0,"private":0,"password":""}