{"id":"gen9vgc2023regulatione-1992735396","p1":"Yoyoforce","p2":"egsggsdd","format":"[Gen 9] VGC 2023 Regulation E","log":"|j|\u2606Yoyoforce\n|j|\u2606egsggsdd\n|t:|1700230520\n|gametype|doubles\n|player|p1|Yoyoforce|alder|1085\n|player|p2|egsggsdd|bruno|1050\n|teamsize|p1|6\n|teamsize|p2|6\n|gen|9\n|tier|[Gen 9] VGC 2023 Regulation E\n|rated|\n|rule|Species Clause: Limit one of each Pok\u00e9mon\n|rule|Item Clause: Limit one of each item\n|clearpoke\n|poke|p1|Chi-Yu, L50|\n|poke|p1|Tornadus, L50, M|\n|poke|p1|Landorus-Therian, L50, M|\n|poke|p1|Flutter Mane, L50|\n|poke|p1|Iron Hands, L50|\n|poke|p1|Ogerpon-Wellspring, L50, F|\n|poke|p2|Tornadus, L50, M|\n|poke|p2|Arcanine-Hisui, L50, F|\n|poke|p2|Iron Hands, L50|\n|poke|p2|Gholdengo, L50|\n|poke|p2|Urshifu-*, L50, M|\n|poke|p2|Ogerpon-Wellspring, L50, F|\n|teampreview|4\nYoyoforce rejected open team sheets.\n|\n|t:|1700230589\n|start\n|switch|p1a: Misdreamus|Flutter Mane, L50, shiny|100\/100\n|switch|p1b: Ame|Ogerpon-Wellspring, L50, F|100\/100\n|switch|p2a: Tornadus|Tornadus, L50, M|100\/100\n|switch|p2b: Arcanine|Arcanine-Hisui, L50, F|100\/100\n|-ability|p2b: Arcanine|Intimidate|boost\n|-unboost|p1a: Misdreamus|atk|1\n|-unboost|p1b: Ame|atk|1\n|-enditem|p1a: Misdreamus|Booster Energy\n|-activate|p1a: Misdreamus|ability: Protosynthesis|[fromitem]\n|-start|p1a: Misdreamus|protosynthesisspe\n|turn|1\n|\n|t:|1700230640\n|-terastallize|p1b: Ame|Water\n|detailschange|p1b: Ame|Ogerpon-Wellspring-Tera, L50, F, tera:Water\n|-ability|p1b: Ame|Embody Aspect (Wellspring)|boost\n|-boost|p1b: Ame|spd|1\n|-terastallize|p2b: Arcanine|Fairy\n|move|p2a: Tornadus|Tailwind|p2a: Tornadus\n|-sidestart|p2: egsggsdd|move: Tailwind\n|move|p1a: Misdreamus|Icy Wind|p2a: Tornadus|[spread] p2a,p2b\n|-supereffective|p2a: Tornadus\n|-damage|p2a: Tornadus|75\/100\n|-damage|p2b: Arcanine|87\/100\n|-unboost|p2b: Arcanine|spe|1\n|move|p2b: Arcanine|Tera Blast|p1b: Ame|[anim] Tera Blast Fairy\n|-damage|p1b: Ame|39\/100\n|move|p1b: Ame|Ivy Cudgel|p2b: Arcanine|[anim] Ivy Cudgel Water\n|-damage|p2b: Arcanine|23\/100\n|\n|upkeep\n|turn|2\n|\n|t:|1700230674\n|move|p1b: Ame|Spiky Shield|p1b: Ame\n|-singleturn|p1b: Ame|move: Protect\n|move|p1a: Misdreamus|Shadow Ball|p2b: Arcanine\n|-damage|p2b: Arcanine|0 fnt\n|faint|p2b: Arcanine\n|move|p2a: Tornadus|Bleakwind Storm|p1a: Misdreamus|[spread] p1a\n|-activate|p1b: Ame|move: Protect\n|-damage|p1a: Misdreamus|70\/100\n|\n|upkeep\n|\n|t:|1700230689\n|switch|p2b: Ogerpon|Ogerpon-Wellspring, L50, F|100\/100\n|turn|3\n|\n|t:|1700230703\n|switch|p1b: Hariken|Tornadus, L50, M|100\/100\n|move|p1a: Misdreamus|Icy Wind|p2b: Ogerpon|[spread] p2a,p2b\n|-supereffective|p2a: Tornadus\n|-damage|p2a: Tornadus|51\/100\n|-damage|p2b: Ogerpon|89\/100\n|-unboost|p2b: Ogerpon|spe|1\n|move|p2a: Tornadus|Bleakwind Storm|p1b: Hariken|[spread] p1a,p1b\n|-damage|p1a: Misdreamus|39\/100\n|-damage|p1b: Hariken|59\/100\n|move|p2b: Ogerpon|Ivy Cudgel|p1a: Misdreamus|[anim] Ivy Cudgel Water\n|-damage|p1a: Misdreamus|0 fnt\n|faint|p1a: Misdreamus\n|-end|p1a: Misdreamus|Protosynthesis|[silent]\n|\n|upkeep\n|\n|t:|1700230716\n|switch|p1a: Huo Yan|Chi-Yu, L50|100\/100\n|-ability|p1a: Huo Yan|Beads of Ruin\n|turn|4\n|\n|t:|1700230733\n|move|p1a: Huo Yan|Protect|p1a: Huo Yan\n|-singleturn|p1a: Huo Yan|Protect\n|move|p2a: Tornadus|Rain Dance|p2a: Tornadus\n|-weather|RainDance\n|move|p2b: Ogerpon|Ivy Cudgel|p1a: Huo Yan|[anim] Ivy Cudgel Water\n|-activate|p1a: Huo Yan|move: Protect\n|move|p1b: Hariken|Bleakwind Storm|p2b: Ogerpon|[spread] p2a,p2b\n|-supereffective|p2b: Ogerpon\n|-damage|p2a: Tornadus|12\/100\n|-damage|p2b: Ogerpon|14\/100\n|\n|-weather|RainDance|[upkeep]\n|-sideend|p2: egsggsdd|move: Tailwind\n|upkeep\n|turn|5\n|\n|t:|1700230749\n|move|p1b: Hariken|Tailwind|p1b: Hariken\n|-sidestart|p1: Yoyoforce|move: Tailwind\n|move|p2a: Tornadus|Tailwind|p2a: Tornadus\n|-sidestart|p2: egsggsdd|move: Tailwind\n|move|p1a: Huo Yan|Heat Wave|p2a: Tornadus|[spread] p2a,p2b\n|-damage|p2a: Tornadus|0 fnt\n|-damage|p2b: Ogerpon|0 fnt\n|faint|p2a: Tornadus\n|faint|p2b: Ogerpon\n|-damage|p1a: Huo Yan|91\/100|[from] item: Life Orb\n|\n|-weather|RainDance|[upkeep]\n|upkeep\n|c|\u2606Yoyoforce|YES\n|\n|t:|1700230756\n|switch|p2a: Gholdengo|Gholdengo, L50|100\/100\n|turn|6\n|\n|t:|1700230764\n|move|p1b: Hariken|Bleakwind Storm|p2a: Gholdengo\n|-resisted|p2a: Gholdengo\n|-damage|p2a: Gholdengo|74\/100\n|move|p1a: Huo Yan|Heat Wave|p2a: Gholdengo|[miss]\n|-miss|p1a: Huo Yan|p2a: Gholdengo\n|move|p2a: Gholdengo|Nasty Plot|p2a: Gholdengo\n|-boost|p2a: Gholdengo|spa|2\n|\n|-weather|RainDance|[upkeep]\n|-heal|p2a: Gholdengo|80\/100|[from] item: Leftovers\n|upkeep\n|turn|7\n|\n|t:|1700230787\n|move|p1b: Hariken|Bleakwind Storm|p2a: Gholdengo\n|-resisted|p2a: Gholdengo\n|-damage|p2a: Gholdengo|53\/100\n|move|p1a: Huo Yan|Heat Wave|p2a: Gholdengo\n|-supereffective|p2a: Gholdengo\n|-damage|p2a: Gholdengo|0 fnt\n|faint|p2a: Gholdengo\n|-damage|p1a: Huo Yan|82\/100|[from] item: Life Orb\n|\n|win|Yoyoforce\n|raw|Yoyoforce's rating: 1085 &rarr; <strong>1110<\/strong><br \/>(+25 for winning)\n|raw|egsggsdd's rating: 1050 &rarr; <strong>1034<\/strong><br \/>(-16 for losing)\n|c|\u2606Yoyoforce|GET FUCKED\n|l|\u2606egsggsdd\n","uploadtime":1700230790,"views":63,"p1id":"yoyoforce","p2id":"egsggsdd","formatid":"gen9vgc2023regulatione","rating":1034,"private":0,"password":""}