{"id":"gen9vgc2023regulatione-1990911132","p1":"Starlightkoma","p2":"hyperoidyt","format":"[Gen 9] VGC 2023 Regulation E","log":"|j|\u2606Starlightkoma\n|j|\u2606hyperoidyt\n|n|\u2606Starlightkoma|starlightkoma\n|n|\u2606hyperoidyt|hyperoidyt\n|html|View the match progress at <a href=\"\/game-bestof3-gen9vgc2023regulatione-1990911131\">game-bestof3-gen9vgc2023regulatione-1990911131<\/a>\n|t:|1700014208\n|gametype|doubles\n|player|p1|Starlightkoma|102|\n|player|p2|hyperoidyt|hilda|\n|teamsize|p1|6\n|teamsize|p2|6\n|gen|9\n|tier|[Gen 9] VGC 2023 Regulation E\n|rule|Species Clause: Limit one of each Pok\u00e9mon\n|rule|Item Clause: Limit one of each item\n|clearpoke\n|poke|p1|Roaring Moon, L50|\n|poke|p1|Palafin, L50, F|\n|poke|p1|Flutter Mane, L50|\n|poke|p1|Rillaboom, L50, M|\n|poke|p1|Volbeat, L50, M|\n|poke|p1|Decidueye-Hisui, L50, M|\n|poke|p2|Ogerpon-Wellspring, L50, F|\n|poke|p2|Tornadus, L50, M|\n|poke|p2|Brambleghast, L50, M|\n|poke|p2|Forretress, L50, M|\n|poke|p2|Politoed, L50, F|\n|poke|p2|Yanmega, L50, M|\n|teampreview|4\nStarlightkoma rejected open team sheets.\n|\n|t:|1700014258\n|start\n|switch|p1a: Tier0|Roaring Moon, L50|100\/100\n|switch|p1b: Bug Rave|Volbeat, L50, M|100\/100\n|switch|p2a: Tornadus|Tornadus, L50, M|100\/100\n|switch|p2b: Forretress|Forretress, L50, M|100\/100\n|-enditem|p1a: Tier0|Booster Energy\n|-activate|p1a: Tier0|ability: Protosynthesis|[fromitem]\n|-start|p1a: Tier0|protosynthesisatk\n|turn|1\n|\n|t:|1700014295\n|move|p2a: Tornadus|Taunt|p1b: Bug Rave\n|-start|p1b: Bug Rave|move: Taunt\n|-enditem|p1b: Bug Rave|Mental Herb\n|-end|p1b: Bug Rave|move: Taunt\n|move|p1b: Bug Rave|Encore|p2a: Tornadus\n|-start|p2a: Tornadus|Encore\n|move|p1a: Tier0|Breaking Swipe|p2a: Tornadus|[spread] p2a,p2b\n|-resisted|p2b: Forretress\n|-damage|p2a: Tornadus|60\/100\n|-damage|p2b: Forretress|91\/100\n|-unboost|p2b: Forretress|atk|1\n|move|p2b: Forretress|Gravity|p2b: Forretress\n|-fieldstart|move: Gravity\n|\n|-heal|p2b: Forretress|97\/100|[from] item: Leftovers\n|upkeep\n|turn|2\n|\n|t:|1700014337\n|switch|p1b: Mmmm....|Rillaboom, L50, M|100\/100\n|-fieldstart|move: Grassy Terrain|[from] ability: Grassy Surge|[of] p1b: Mmmm....\n|switch|p2b: Ogerpon|Ogerpon-Wellspring, L50, F|100\/100\n|move|p2a: Tornadus|Taunt|p1b: Mmmm....\n|-start|p1b: Mmmm....|move: Taunt\n|move|p1a: Tier0|Breaking Swipe|p2b: Ogerpon|[spread] p2a,p2b\n|-damage|p2a: Tornadus|16\/100\n|-damage|p2b: Ogerpon|52\/100\n|-unboost|p2b: Ogerpon|atk|1\n|\n|-heal|p2a: Tornadus|22\/100|[from] Grassy Terrain\n|-heal|p2b: Ogerpon|58\/100|[from] Grassy Terrain\n|upkeep\n|turn|3\n|\n|t:|1700014374\n|switch|p2a: Forretress|Forretress, L50, M|97\/100\n|move|p2b: Ogerpon|Spiky Shield|p2b: Ogerpon\n|-singleturn|p2b: Ogerpon|move: Protect\n|move|p1b: Mmmm....|Fake Out|p2b: Ogerpon\n|-activate|p2b: Ogerpon|move: Protect\n|-damage|p1b: Mmmm....|88\/100|[from] Spiky Shield|[of] p2b: Ogerpon\n|move|p1a: Tier0|Acrobatics|p2b: Ogerpon\n|-activate|p2b: Ogerpon|move: Protect\n|-damage|p1a: Tier0|88\/100|[from] Spiky Shield|[of] p2b: Ogerpon\n|\n|-heal|p2b: Ogerpon|64\/100|[from] Grassy Terrain\n|-heal|p1a: Tier0|94\/100|[from] Grassy Terrain\n|-heal|p1b: Mmmm....|94\/100|[from] Grassy Terrain\n|-heal|p2a: Forretress|100\/100|[from] Grassy Terrain\n|upkeep\n|turn|4\n|\n|t:|1700014414\n|switch|p2b: Yanmega|Yanmega, L50, M|100\/100\n|move|p1a: Tier0|Acrobatics|p2b: Yanmega\n|-supereffective|p2b: Yanmega\n|-damage|p2b: Yanmega|0 fnt\n|faint|p2b: Yanmega\n|move|p1b: Mmmm....|Stomping Tantrum|p2a: Forretress\n|-damage|p2a: Forretress|85\/100\n|move|p2a: Forretress|Ice Spinner|p1a: Tier0\n|-supereffective|p1a: Tier0\n|-damage|p1a: Tier0|56\/100\n|-fieldend|move: Grassy Terrain\n|\n|-heal|p2a: Forretress|91\/100|[from] item: Leftovers\n|-end|p1b: Mmmm....|move: Taunt\n|upkeep\n|\n|t:|1700014427\n|switch|p2b: Tornadus|Tornadus, L50, M|22\/100\n|turn|5\n|\n|t:|1700014452\n|switch|p1b: Bug Rave|Volbeat, L50, M|100\/100\n|move|p2b: Tornadus|Rain Dance|p2b: Tornadus\n|-weather|RainDance\n|move|p1a: Tier0|Breaking Swipe|p2a: Forretress|[spread] p2a,p2b\n|-resisted|p2a: Forretress\n|-damage|p2a: Forretress|81\/100\n|-damage|p2b: Tornadus|0 fnt\n|-unboost|p2a: Forretress|atk|1\n|faint|p2b: Tornadus\n|move|p2a: Forretress|Gyro Ball|p1a: Tier0\n|-damage|p1a: Tier0|34\/100\n|\n|-weather|RainDance|[upkeep]\n|-heal|p2a: Forretress|87\/100|[from] item: Leftovers\n|-fieldend|move: Gravity\n|upkeep\n|\n|t:|1700014465\n|switch|p2b: Ogerpon|Ogerpon-Wellspring, L50, F|64\/100\n|turn|6\n|\n|t:|1700014482\n|move|p2b: Ogerpon|Spiky Shield|p2b: Ogerpon\n|-singleturn|p2b: Ogerpon|move: Protect\n|move|p1b: Bug Rave|Tailwind|p1b: Bug Rave\n|-sidestart|p1: Starlightkoma|move: Tailwind\n|move|p1a: Tier0|Acrobatics|p2b: Ogerpon\n|-activate|p2b: Ogerpon|move: Protect\n|-damage|p1a: Tier0|22\/100|[from] Spiky Shield|[of] p2b: Ogerpon\n|move|p2a: Forretress|Ice Spinner|p1b: Bug Rave\n|-damage|p1b: Bug Rave|84\/100\n|\n|-weather|RainDance|[upkeep]\n|-heal|p2a: Forretress|93\/100|[from] item: Leftovers\n|upkeep\n|turn|7\n|\n|t:|1700014505\n|move|p2b: Ogerpon|Spiky Shield||[still]\n|-fail|p2b: Ogerpon\n|move|p1a: Tier0|Acrobatics|p2b: Ogerpon\n|-supereffective|p2b: Ogerpon\n|-damage|p2b: Ogerpon|0 fnt\n|faint|p2b: Ogerpon\n|move|p1b: Bug Rave|Bug Buzz|p2a: Forretress\n|-resisted|p2a: Forretress\n|-damage|p2a: Forretress|80\/100\n|move|p2a: Forretress|Ice Spinner|p1a: Tier0\n|-supereffective|p1a: Tier0\n|-damage|p1a: Tier0|0 fnt\n|faint|p1a: Tier0\n|-end|p1a: Tier0|Protosynthesis|[silent]\n|\n|-weather|RainDance|[upkeep]\n|-heal|p2a: Forretress|86\/100|[from] item: Leftovers\n|upkeep\n|\n|t:|1700014510\n|switch|p1a: Mmmm....|Rillaboom, L50, M|94\/100\n|-fieldstart|move: Grassy Terrain|[from] ability: Grassy Surge|[of] p1a: Mmmm....\n|turn|8\n|\n|t:|1700014521\n|move|p1a: Mmmm....|Fake Out|p2a: Forretress\n|-resisted|p2a: Forretress\n|-damage|p2a: Forretress|82\/100\n|move|p1b: Bug Rave|Bug Buzz|p2a: Forretress\n|-resisted|p2a: Forretress\n|-crit|p2a: Forretress\n|-damage|p2a: Forretress|60\/100\n|cant|p2a: Forretress|flinch\n|\n|-weather|RainDance|[upkeep]\n|-heal|p1a: Mmmm....|99\/100|[from] Grassy Terrain\n|-heal|p1b: Bug Rave|90\/100|[from] Grassy Terrain\n|-heal|p2a: Forretress|66\/100|[from] Grassy Terrain\n|-heal|p2a: Forretress|72\/100|[from] item: Leftovers\n|upkeep\n|turn|9\n|\n|t:|1700014534\n|move|p1a: Mmmm....|Stomping Tantrum|p2a: Forretress\n|-damage|p2a: Forretress|59\/100\n|move|p1b: Bug Rave|Bug Buzz|p2a: Forretress\n|-resisted|p2a: Forretress\n|-damage|p2a: Forretress|46\/100\n|move|p2a: Forretress|Curse|p2a: Forretress\n|-unboost|p2a: Forretress|spe|1\n|-boost|p2a: Forretress|atk|1\n|-boost|p2a: Forretress|def|1\n|\n|-weather|none\n|-heal|p1a: Mmmm....|100\/100|[from] Grassy Terrain\n|-heal|p1b: Bug Rave|96\/100|[from] Grassy Terrain\n|-heal|p2a: Forretress|52\/100|[from] Grassy Terrain\n|-heal|p2a: Forretress|58\/100|[from] item: Leftovers\n|-sideend|p1: Starlightkoma|move: Tailwind\n|upkeep\n|turn|10\n|\n|t:|1700014549\n|move|p1a: Mmmm....|Wood Hammer|p2a: Forretress\n|-resisted|p2a: Forretress\n|-damage|p2a: Forretress|51\/100\n|-damage|p1a: Mmmm....|99\/100|[from] Recoil\n|move|p1b: Bug Rave|Bug Buzz|p2a: Forretress\n|-resisted|p2a: Forretress\n|-damage|p2a: Forretress|38\/100\n|move|p2a: Forretress|Ice Spinner|p1a: Mmmm....\n|-supereffective|p1a: Mmmm....\n|-damage|p1a: Mmmm....|67\/100\n|-fieldend|move: Grassy Terrain\n|\n|-heal|p2a: Forretress|44\/100|[from] item: Leftovers\n|upkeep\n|turn|11\n|\n|t:|1700014574\n|move|p1a: Mmmm....|Stomping Tantrum|p2a: Forretress\n|-damage|p2a: Forretress|34\/100\n|move|p1b: Bug Rave|Bug Buzz|p2a: Forretress\n|-resisted|p2a: Forretress\n|-damage|p2a: Forretress|20\/100\n|move|p2a: Forretress|Gyro Ball|p1a: Mmmm....\n|-damage|p1a: Mmmm....|38\/100\n|\n|-heal|p2a: Forretress|26\/100|[from] item: Leftovers\n|upkeep\n|turn|12\n|\n|t:|1700014583\n|move|p1a: Mmmm....|Stomping Tantrum|p2a: Forretress\n|-damage|p2a: Forretress|15\/100\n|move|p1b: Bug Rave|Bug Buzz|p2a: Forretress\n|-resisted|p2a: Forretress\n|-damage|p2a: Forretress|3\/100\n|-unboost|p2a: Forretress|spd|1\n|move|p2a: Forretress|Gyro Ball|p1a: Mmmm....\n|-damage|p1a: Mmmm....|7\/100\n|\n|-heal|p2a: Forretress|9\/100|[from] item: Leftovers\n|upkeep\n|turn|13\n|\n|t:|1700014595\n|move|p1a: Mmmm....|Stomping Tantrum|p2a: Forretress\n|-damage|p2a: Forretress|0 fnt\n|faint|p2a: Forretress\n|\n|win|Starlightkoma\n|c|&|\/uhtml prompt-starlightkoma,Starlightkoma is ready for game 2!\n|c|&|\/uhtml prompt-hyperoidyt,hyperoidyt is ready for game 2!\nBoth players are ready! Starting next match!\n","uploadtime":1700015109,"views":45,"p1id":"starlightkoma","p2id":"hyperoidyt","formatid":"gen9vgc2023regulatione","rating":0,"private":0,"password":""}