{"id":"gen9vgc2023regulatione-1996534393","p1":"mtschmucker","p2":"DRJC190","format":"[Gen 9] VGC 2023 Regulation E","log":"|j|\u2606mtschmucker\n|j|\u2606DRJC190\n|n|\u2606mtschmucker|mtschmucker\n|n|\u2606DRJC190|drjc190\n|html|View the match progress at <a href=\"\/game-bestof3-gen9vgc2023regulatione-1996534392\">game-bestof3-gen9vgc2023regulatione-1996534392<\/a>\n|t:|1700691556\n|gametype|doubles\n|player|p1|mtschmucker|psychic-gen4|\n|player|p2|DRJC190|1|\n|teamsize|p1|6\n|teamsize|p2|6\n|gen|9\n|tier|[Gen 9] VGC 2023 Regulation E\n|rule|Species Clause: Limit one of each Pok\u00e9mon\n|rule|Item Clause: Limit one of each item\n|clearpoke\n|poke|p1|Iron Bundle, L50|\n|poke|p1|Flutter Mane, L50|\n|poke|p1|Moltres-Galar, L50|\n|poke|p1|Ogerpon, L50, F|\n|poke|p1|Tatsugiri, L50, M|\n|poke|p1|Dondozo, L50, F|\n|poke|p2|Politoed, L50, F|\n|poke|p2|Indeedee-F, L50, F|\n|poke|p2|Goodra-Hisui, L50, F|\n|poke|p2|Breloom, L50, F|\n|poke|p2|Gyarados, L50, F|\n|poke|p2|Kingambit, L50, M|\n|teampreview|4\nDRJC190 has agreed to open team sheets.\nmtschmucker has agreed to open team sheets.\n|showteam|p1|Iron Bundle||BoosterEnergy|QuarkDrive|IcyWind,FreezeDry,HydroPump,Protect||||||50|,,,,,Ghost]Flutter Mane||ChoiceSpecs|Protosynthesis|DazzlingGleam,Moonblast,ShadowBall,DarkPulse||||||50|,,,,,Fairy]Moltres-Galar||AssaultVest|Berserk|FieryWrath,AirSlash,Snarl,TeraBlast||||||50|,,,,,Fire]Ogerpon||RazorClaw|Defiant|SpikyShield,IvyCudgel,StompingTantrum,FollowMe|||F|||50|,,,,,Grass]Tatsugiri||ChoiceScarf|Commander|MuddyWater,IcyWind,DracoMeteor,Soak|||M|||50|,,,,,Steel]Dondozo||Leftovers|Oblivious|OrderUp,Earthquake,WaveCrash,Protect|||F|||50|,,,,,Dragon\n|showteam|p2|Politoed||SitrusBerry|Drizzle|IceBeam,ChillingWater,HelpingHand,Protect|||F|||50|,,,,,Grass]Indeedee-F||SafetyGoggles|PsychicSurge|HealPulse,Psychic,FollowMe,TrickRoom|||F|||50|,,,,,Dragon]Goodra-Hisui||Leftovers|ShellArmor|Shelter,IronHead,BodyPress,LifeDew|||F|||50|,,,,,Flying]Breloom||BlackBelt|Technician|Spore,SeedBomb,MachPunch,Protect|||F|||50|,,,,,Fighting]Gyarados||MysticWater|Intimidate|Waterfall,TeraBlast,DragonDance,Protect|||F|||50|,,,,,Flying]Kingambit||AssaultVest|Defiant|KowtowCleave,IronHead,TeraBlast,StoneEdge|||M|||50|,,,,,Fairy\n|\n|t:|1700691605\n|start\n|switch|p1a: Flutter Mane|Flutter Mane, L50|100\/100\n|switch|p1b: Ogerpon|Ogerpon, L50, F|100\/100\n|switch|p2a: Indeedee|Indeedee-F, L50, F|100\/100\n|switch|p2b: Gyarados|Gyarados, L50, F, shiny|100\/100\n|-ability|p2b: Gyarados|Intimidate|boost\n|-unboost|p1a: Flutter Mane|atk|1\n|-unboost|p1b: Ogerpon|atk|1\n|-ability|p1b: Ogerpon|Defiant|boost\n|-boost|p1b: Ogerpon|atk|2\n|-fieldstart|move: Psychic Terrain|[from] ability: Psychic Surge|[of] p2a: Indeedee\n|turn|1\n|\n|t:|1700691628\n|-terastallize|p2b: Gyarados|Flying\n|move|p1a: Flutter Mane|Dark Pulse|p2a: Indeedee\n|-supereffective|p2a: Indeedee\n|-damage|p2a: Indeedee|41\/100\n|move|p1b: Ogerpon|Ivy Cudgel|p2b: Gyarados\n|-resisted|p2b: Gyarados\n|-damage|p2b: Gyarados|44\/100\n|move|p2b: Gyarados|Tera Blast|p1b: Ogerpon|[anim] Tera Blast Flying\n|-supereffective|p1b: Ogerpon\n|-damage|p1b: Ogerpon|0 fnt\n|faint|p1b: Ogerpon\n|move|p2a: Indeedee|Trick Room|p2a: Indeedee\n|-fieldstart|move: Trick Room|[of] p2a: Indeedee\n|\n|upkeep\n|\n|t:|1700691643\n|switch|p1b: Dondozo|Dondozo, L50, F|100\/100\n|turn|2\n|\n|t:|1700691670\n|-end|p1a: Flutter Mane|Protosynthesis|[silent]\n|switch|p1a: Tatsugiri|Tatsugiri, L50, M|100\/100\n|-activate|p1a: Tatsugiri|ability: Commander|[of] p1b: Dondozo\n|-boost|p1b: Dondozo|atk|2\n|-boost|p1b: Dondozo|spa|2\n|-boost|p1b: Dondozo|spe|2\n|-boost|p1b: Dondozo|def|2\n|-boost|p1b: Dondozo|spd|2\n|move|p2a: Indeedee|Heal Pulse|p2b: Gyarados\n|-heal|p2b: Gyarados|94\/100\n|move|p1b: Dondozo|Order Up|p2b: Gyarados\n|-crit|p2b: Gyarados\n|-damage|p2b: Gyarados|0 fnt\n|faint|p2b: Gyarados\n|-boost|p1b: Dondozo|atk|1\n|\n|upkeep\n|\n|t:|1700691683\n|switch|p2b: Breloom|Breloom, L50, F|100\/100\n|turn|3\n|\n|t:|1700691698\n|move|p1b: Dondozo|Protect|p1b: Dondozo\n|-singleturn|p1b: Dondozo|Protect\n|move|p2a: Indeedee|Follow Me|p2a: Indeedee\n|-singleturn|p2a: Indeedee|move: Follow Me\n|move|p2b: Breloom|Spore|p1b: Dondozo\n|-activate|p1b: Dondozo|move: Protect\n|\n|upkeep\n|turn|4\n|\n|t:|1700691721\n|move|p2b: Breloom|Protect|p2b: Breloom\n|-singleturn|p2b: Breloom|Protect\n|move|p2a: Indeedee|Psychic|p1b: Dondozo\n|-damage|p1b: Dondozo|82\/100\n|move|p1b: Dondozo|Order Up|p2b: Breloom\n|-activate|p2b: Breloom|move: Protect\n|\n|-heal|p1b: Dondozo|88\/100|[from] item: Leftovers\n|upkeep\n|turn|5\n|\n|t:|1700691743\n|move|p1b: Dondozo|Protect|p1b: Dondozo\n|-singleturn|p1b: Dondozo|Protect\n|move|p2a: Indeedee|Follow Me|p2a: Indeedee\n|-singleturn|p2a: Indeedee|move: Follow Me\n|move|p2b: Breloom|Spore|p1b: Dondozo\n|-activate|p1b: Dondozo|move: Protect\n|\n|-heal|p1b: Dondozo|94\/100|[from] item: Leftovers\n|-fieldend|move: Trick Room\n|-fieldend|move: Psychic Terrain\n|upkeep\n|turn|6\n|\n|t:|1700691765\n|-terastallize|p1b: Dondozo|Dragon\n|move|p2a: Indeedee|Follow Me|p2a: Indeedee\n|-singleturn|p2a: Indeedee|move: Follow Me\n|move|p2b: Breloom|Spore|p1b: Dondozo\n|-status|p1b: Dondozo|slp|[from] move: Spore\n|cant|p1b: Dondozo|slp\n|\n|-heal|p1b: Dondozo|100\/100 slp|[from] item: Leftovers\n|upkeep\n|turn|7\n|\n|t:|1700691785\n|move|p2b: Breloom|Seed Bomb|p1b: Dondozo\n|-resisted|p1b: Dondozo\n|-damage|p1b: Dondozo|93\/100 slp\n|-curestatus|p1b: Dondozo|slp|[msg]\n|move|p1b: Dondozo|Order Up|p2b: Breloom\n|-damage|p2b: Breloom|0 fnt\n|faint|p2b: Breloom\n|-boost|p1b: Dondozo|atk|1\n|move|p2a: Indeedee|Psychic|p1b: Dondozo\n|-damage|p1b: Dondozo|78\/100\n|\n|-heal|p1b: Dondozo|85\/100|[from] item: Leftovers\n|upkeep\n|\n|t:|1700691796\n|switch|p2b: Kingambit|Kingambit, L50, M|100\/100\n|turn|8\n|\n|t:|1700691820\n|move|p1b: Dondozo|Earthquake|p2b: Kingambit|[spread] p2a,p2b\n|-miss|p1b: Dondozo|p1a: Tatsugiri\n|-supereffective|p2b: Kingambit\n|-damage|p2a: Indeedee|0 fnt\n|-damage|p2b: Kingambit|0 fnt\n|faint|p2a: Indeedee\n|faint|p2b: Kingambit\n|\n|win|mtschmucker\n|c|&|\/uhtml prompt-drjc190,DRJC190 is ready for game 2!\n|inactive|mtschmucker has 50 seconds to confirm battle start!\n","uploadtime":1700691828,"views":19,"p1id":"mtschmucker","p2id":"drjc190","formatid":"gen9vgc2023regulatione","rating":0,"private":0,"password":""}