{"id":"gen9vgc2023regulatione-1998034273","p1":"JohanDK","p2":"Robert1211","format":"[Gen 9] VGC 2023 Regulation E","log":"|j|\u2606JohanDK\n|j|\u2606Robert1211\n|t:|1700881660\n|gametype|doubles\n|player|p1|JohanDK|nate|1628\n|player|p2|Robert1211|169|1584\n|teamsize|p1|6\n|teamsize|p2|6\n|gen|9\n|tier|[Gen 9] VGC 2023 Regulation E\n|rated|\n|rule|Species Clause: Limit one of each Pok\u00e9mon\n|rule|Item Clause: Limit one of each item\n|clearpoke\n|poke|p1|Grimmsnarl, L50, M|\n|poke|p1|Goodra-Hisui, L50, M|\n|poke|p1|Moltres-Galar, L50|\n|poke|p1|Landorus-Therian, L50, M|\n|poke|p1|Sinistcha-Masterpiece, L50|\n|poke|p1|Ting-Lu, L50|\n|poke|p2|Ogerpon-Cornerstone, L50, F|\n|poke|p2|Iron Hands, L50|\n|poke|p2|Indeedee-F, L50, F|\n|poke|p2|Tornadus, L50, M|\n|poke|p2|Flutter Mane, L50|\n|poke|p2|Landorus, L50, M|\n|teampreview|4\n|\n|t:|1700881681\n|start\n|switch|p1a: Molcajete|Ting-Lu, L50|100\/100\n|switch|p1b: Krampus|Grimmsnarl, L50, M, shiny|100\/100\n|switch|p2a: Ogerpon|Ogerpon-Cornerstone, L50, F|100\/100\n|switch|p2b: Tornadus|Tornadus, L50, M|100\/100\n|-ability|p1a: Molcajete|Vessel of Ruin\n|turn|1\n|\n|t:|1700881703\n|switch|p2b: Iron Hands|Iron Hands, L50|100\/100\n|move|p1b: Krampus|Reflect|p1b: Krampus\n|-sidestart|p1: JohanDK|Reflect\n|move|p2a: Ogerpon|Power Whip|p1a: Molcajete|[miss]\n|-miss|p2a: Ogerpon|p1a: Molcajete\n|move|p1a: Molcajete|Rock Slide|p2a: Ogerpon|[spread] p2a,p2b\n|-resisted|p2b: Iron Hands\n|-damage|p2a: Ogerpon|78\/100\n|-damage|p2b: Iron Hands|94\/100\n|\n|upkeep\n|turn|2\n|\n|t:|1700881727\n|switch|p1a: Tepey\u00f3llotl|Landorus-Therian, L50, M|100\/100\n|-ability|p1a: Tepey\u00f3llotl|Intimidate|boost\n|-unboost|p2a: Ogerpon|atk|1\n|-unboost|p2b: Iron Hands|atk|1\n|move|p2a: Ogerpon|Power Whip|p1a: Tepey\u00f3llotl\n|-damage|p1a: Tepey\u00f3llotl|69\/100\n|move|p1b: Krampus|Spirit Break|p2b: Iron Hands\n|-supereffective|p2b: Iron Hands\n|-damage|p2b: Iron Hands|52\/100\n|-unboost|p2b: Iron Hands|spa|1\n|move|p2b: Iron Hands|Heavy Slam|p1b: Krampus\n|-supereffective|p1b: Krampus\n|-damage|p1b: Krampus|61\/100\n|\n|upkeep\n|turn|3\n|\n|t:|1700881758\n|switch|p2a: Tornadus|Tornadus, L50, M|100\/100\n|-end|p2b: Iron Hands|Quark Drive|[silent]\n|switch|p2b: Landorus|Landorus, L50, M|100\/100\n|move|p1b: Krampus|Parting Shot|p2a: Tornadus\n|-unboost|p2a: Tornadus|atk|1\n|-unboost|p2a: Tornadus|spa|1\n|\n|t:|1700881769\n|switch|p1b: Molcajete|Ting-Lu, L50|100\/100|[from] Parting Shot\n|-ability|p1b: Molcajete|Vessel of Ruin\n|move|p1a: Tepey\u00f3llotl|U-turn|p2b: Landorus\n|-resisted|p2b: Landorus\n|-damage|p2b: Landorus|87\/100\n|\n|t:|1700881778\n|switch|p1a: Krampus|Grimmsnarl, L50, M, shiny|61\/100|[from] U-turn\n|\n|upkeep\n|turn|4\n|\n|t:|1700881794\n|switch|p2a: Ogerpon|Ogerpon-Cornerstone, L50, F|78\/100\n|move|p1a: Krampus|Light Screen|p1a: Krampus\n|-sidestart|p1: JohanDK|move: Light Screen\n|move|p2b: Landorus|Sludge Bomb|p1a: Krampus\n|-supereffective|p1a: Krampus\n|-damage|p1a: Krampus|12\/100\n|move|p1b: Molcajete|Rock Slide|p2b: Landorus|[spread] p2a,p2b\n|-damage|p2a: Ogerpon|53\/100\n|-damage|p2b: Landorus|69\/100\n|\n|upkeep\n|turn|5\n|\n|t:|1700881816\n|switch|p1a: Caracol|Goodra-Hisui, L50, M|100\/100\n|move|p2a: Ogerpon|Power Whip|p1b: Molcajete\n|-supereffective|p1b: Molcajete\n|-damage|p1b: Molcajete|45\/100\n|move|p2b: Landorus|Sludge Bomb|p1a: Caracol\n|-immune|p1a: Caracol\n|move|p1b: Molcajete|Sand Tomb|p2a: Ogerpon\n|-damage|p2a: Ogerpon|28\/100\n|-activate|p2a: Ogerpon|move: Sand Tomb|[of] p1b: Molcajete\n|\n|-damage|p2a: Ogerpon|16\/100|[from] move: Sand Tomb|[partiallytrapped]\n|upkeep\n|turn|6\n|\n|t:|1700881840\n|switch|p1b: Tepey\u00f3llotl|Landorus-Therian, L50, M|69\/100\n|-ability|p1b: Tepey\u00f3llotl|Intimidate|boost\n|-unboost|p2a: Ogerpon|atk|1\n|-unboost|p2b: Landorus|atk|1\n|move|p2a: Ogerpon|Power Whip|p1b: Tepey\u00f3llotl|[miss]\n|-miss|p2a: Ogerpon|p1b: Tepey\u00f3llotl\n|move|p2b: Landorus|Earth Power|p1a: Caracol\n|-supereffective|p1a: Caracol\n|-damage|p1a: Caracol|36\/100\n|move|p1a: Caracol|Acid Armor|p1a: Caracol\n|-boost|p1a: Caracol|def|2\n|\n|-heal|p1a: Caracol|42\/100|[from] item: Leftovers\n|-end|p2a: Ogerpon|Sand Tomb|[partiallytrapped]|[silent]\n|upkeep\n|turn|7\n|\n|t:|1700881885\n|switch|p2a: Iron Hands|Iron Hands, L50|52\/100\n|-terastallize|p1b: Tepey\u00f3llotl|Flying\n|move|p1b: Tepey\u00f3llotl|Tera Blast|p2b: Landorus|[anim] Tera Blast Flying\n|-damage|p2b: Landorus|9\/100\n|move|p2b: Landorus|Earth Power|p1a: Caracol\n|-supereffective|p1a: Caracol\n|-damage|p1a: Caracol|0 fnt\n|faint|p1a: Caracol\n|\n|upkeep\n|c|\u2606JohanDK|Lo siento por los miss de power whip\n|\n|t:|1700881899\n|switch|p1a: Molcajete|Ting-Lu, L50|45\/100\n|-ability|p1a: Molcajete|Vessel of Ruin\n|turn|8\n|\n|t:|1700881912\n|switch|p1b: Krampus|Grimmsnarl, L50, M, shiny|12\/100\n|move|p2b: Landorus|Earth Power|p1a: Molcajete\n|-damage|p1a: Molcajete|25\/100\n|move|p1a: Molcajete|Stomping Tantrum|p2a: Iron Hands\n|-supereffective|p2a: Iron Hands\n|-damage|p2a: Iron Hands|2\/100\n|move|p2a: Iron Hands|Wild Charge|p1b: Krampus\n|-damage|p1b: Krampus|0 fnt\n|faint|p1b: Krampus\n|-damage|p2a: Iron Hands|0 fnt|[from] Recoil\n|faint|p2a: Iron Hands\n|-end|p2a: Iron Hands|Quark Drive|[silent]\n|\n|-sideend|p1: JohanDK|Reflect\n|upkeep\n|\n|t:|1700881935\n|switch|p1b: Tepey\u00f3llotl|Landorus-Therian, L50, M, tera:Flying|69\/100\n|switch|p2a: Tornadus|Tornadus, L50, M|100\/100\n|-ability|p1b: Tepey\u00f3llotl|Intimidate|boost\n|-unboost|p2a: Tornadus|atk|1\n|-unboost|p2b: Landorus|atk|1\n|turn|9\n|\n|t:|1700881944\n|move|p2a: Tornadus|Protect|p2a: Tornadus\n|-singleturn|p2a: Tornadus|Protect\n|move|p2b: Landorus|Protect|p2b: Landorus\n|-singleturn|p2b: Landorus|Protect\n|move|p1b: Tepey\u00f3llotl|Tera Blast|p2b: Landorus|[anim] Tera Blast Flying\n|-activate|p2b: Landorus|move: Protect\n|move|p1a: Molcajete|Rock Slide|p2a: Tornadus|[spread] \n|-activate|p2a: Tornadus|move: Protect\n|-activate|p2b: Landorus|move: Protect\n|\n|upkeep\n|turn|10\n|\n|t:|1700881969\n|move|p2a: Tornadus|Tailwind|p2a: Tornadus\n|-sidestart|p2: Robert1211|move: Tailwind\n|move|p2b: Landorus|Earth Power|p1a: Molcajete\n|-damage|p1a: Molcajete|8\/100\n|move|p1b: Tepey\u00f3llotl|Tera Blast|p2b: Landorus|[anim] Tera Blast Flying\n|-damage|p2b: Landorus|0 fnt\n|faint|p2b: Landorus\n|move|p1a: Molcajete|Rock Slide|p2a: Tornadus\n|-supereffective|p2a: Tornadus\n|-damage|p2a: Tornadus|32\/100\n|\n|upkeep\n|\n|t:|1700881981\n|switch|p2b: Ogerpon|Ogerpon-Cornerstone, L50, F|16\/100\n|turn|11\n|c|\u2606JohanDK|Gg\n|\n|t:|1700881995\n|move|p2a: Tornadus|Icy Wind|p1b: Tepey\u00f3llotl|[spread] p1a,p1b\n|-supereffective|p1a: Molcajete\n|-supereffective|p1b: Tepey\u00f3llotl\n|-damage|p1a: Molcajete|1\/100\n|-damage|p1b: Tepey\u00f3llotl|53\/100\n|-unboost|p1a: Molcajete|spe|1\n|-unboost|p1b: Tepey\u00f3llotl|spe|1\n|move|p2b: Ogerpon|Ivy Cudgel|p1b: Tepey\u00f3llotl|[anim] Ivy Cudgel Rock\n|-supereffective|p1b: Tepey\u00f3llotl\n|-damage|p1b: Tepey\u00f3llotl|0 fnt\n|faint|p1b: Tepey\u00f3llotl\n|move|p1a: Molcajete|Rock Slide|p2b: Ogerpon|[spread] p2a,p2b\n|-supereffective|p2a: Tornadus\n|-damage|p2a: Tornadus|0 fnt\n|-damage|p2b: Ogerpon|0 fnt\n|faint|p2a: Tornadus\n|faint|p2b: Ogerpon\n|\n|win|JohanDK\n|raw|JohanDK's rating: 1628 &rarr; <strong>1645<\/strong><br \/>(+17 for winning)\n|raw|Robert1211's rating: 1584 &rarr; <strong>1567<\/strong><br \/>(-17 for losing)\n|l|\u2606Robert1211\n","uploadtime":1700882019,"views":9,"p1id":"johandk","p2id":"robert1211","formatid":"gen9vgc2023regulatione","rating":1567,"private":0,"password":""}