{"id":"gen9vgc2023regulatione-1999448610","p1":"xxBanixx","p2":"Reg E Gigas","format":"[Gen 9] VGC 2023 Regulation E","log":"|j|\u2606xxBanixx\n|j|\u2606Reg E Gigas\n|t:|1701082201\n|gametype|doubles\n|player|p1|xxBanixx|169|1306\n|player|p2|Reg E Gigas|1|1405\n|teamsize|p1|6\n|teamsize|p2|6\n|gen|9\n|tier|[Gen 9] VGC 2023 Regulation E\n|rated|\n|rule|Species Clause: Limit one of each Pok\u00e9mon\n|rule|Item Clause: Limit one of each item\n|clearpoke\n|poke|p1|Grimmsnarl, L50, M|\n|poke|p1|Rillaboom, L50, M|\n|poke|p1|Roaring Moon, L50|\n|poke|p1|Empoleon, L50, M|\n|poke|p1|Articuno-Galar, L50|\n|poke|p1|Arcanine-Hisui, L50, M|\n|poke|p2|Landorus-Therian, L50, M|\n|poke|p2|Kingambit, L50, M|\n|poke|p2|Flutter Mane, L50|\n|poke|p2|Iron Hands, L50|\n|poke|p2|Clefairy, L50, M|\n|poke|p2|Ogerpon-Wellspring, L50, F|\n|teampreview|4\n|inactive|Battle timer is ON: inactive players will automatically lose when time's up. (requested by xxBanixx)\nReg E Gigas has agreed to open team sheets.\n|inactive|Reg E Gigas has 60 seconds left.\n|\n|t:|1701082263\n|start\n|switch|p1a: Roaring Moon|Roaring Moon, L50, shiny|100\/100\n|switch|p1b: Articuno|Articuno-Galar, L50, shiny|100\/100\n|switch|p2a: Metamaru|Iron Hands, L50, shiny|100\/100\n|switch|p2b: Naobito|Kingambit, L50, M|100\/100\n|-enditem|p1a: Roaring Moon|Booster Energy\n|-activate|p1a: Roaring Moon|ability: Protosynthesis|[fromitem]\n|-start|p1a: Roaring Moon|protosynthesisatk\n|turn|1\n|\n|t:|1701082282\n|move|p1a: Roaring Moon|Protect|p1a: Roaring Moon\n|-singleturn|p1a: Roaring Moon|Protect\n|move|p1b: Articuno|Calm Mind|p1b: Articuno\n|-boost|p1b: Articuno|spa|1\n|-boost|p1b: Articuno|spd|1\n|move|p2a: Metamaru|Drain Punch|p1a: Roaring Moon\n|-activate|p1a: Roaring Moon|move: Protect\n|move|p2b: Naobito|Kowtow Cleave|p1b: Articuno\n|-supereffective|p1b: Articuno\n|-damage|p1b: Articuno|8\/100\n|\n|upkeep\n|turn|2\n|inactive|xxBanixx has 30 seconds left.\n|inactive|xxBanixx has 20 seconds left.\n|inactive|xxBanixx has 15 seconds left.\n|inactive|xxBanixx has 10 seconds left.\n|inactive|xxBanixx has 5 seconds left.\n|\n|t:|1701082337\n|move|p2b: Naobito|Sucker Punch|p1b: Articuno\n|-supereffective|p1b: Articuno\n|-damage|p1b: Articuno|0 fnt\n|faint|p1b: Articuno\n|move|p1a: Roaring Moon|Knock Off|p2b: Naobito\n|-resisted|p2b: Naobito\n|-damage|p2b: Naobito|74\/100\n|-enditem|p2b: Naobito|Black Glasses|[from] move: Knock Off|[of] p1a: Roaring Moon\n|move|p2a: Metamaru|Drain Punch|p1a: Roaring Moon\n|-supereffective|p1a: Roaring Moon\n|-damage|p1a: Roaring Moon|0 fnt\n|faint|p1a: Roaring Moon\n|-end|p1a: Roaring Moon|Protosynthesis|[silent]\n|\n|upkeep\n|inactive|xxBanixx has 30 seconds left.\n|inactive|xxBanixx has 20 seconds left.\n|inactive|xxBanixx has 15 seconds left.\n|inactive|xxBanixx has 10 seconds left.\n|inactive|xxBanixx has 5 seconds left.\n|\n|t:|1701082392\n|switch|p1a: Arcanine|Arcanine-Hisui, L50, M, shiny|100\/100\n|switch|p1b: Rillaboom|Rillaboom, L50, M|100\/100\n|-fieldstart|move: Grassy Terrain|[from] ability: Grassy Surge|[of] p1b: Rillaboom\n|-ability|p1a: Arcanine|Intimidate|boost\n|-unboost|p2a: Metamaru|atk|1\n|-unboost|p2b: Naobito|atk|1\n|-ability|p2b: Naobito|Defiant|boost\n|-boost|p2b: Naobito|atk|2\n|turn|3\n|inactive|xxBanixx has 30 seconds left.\n|inactive|xxBanixx has 20 seconds left.\n|inactive|xxBanixx has 15 seconds left.\n|inactive|xxBanixx has 10 seconds left.\n|inactive|xxBanixx has 5 seconds left.\n|\n|t:|1701082447\n|-end|p2a: Metamaru|Quark Drive|[silent]\n|switch|p2a: Todo|Landorus-Therian, L50, M|100\/100\n|-ability|p2a: Todo|Intimidate|boost\n|-unboost|p1a: Arcanine|atk|1\n|-unboost|p1b: Rillaboom|atk|1\n|move|p2b: Naobito|Protect|p2b: Naobito\n|-singleturn|p2b: Naobito|Protect\n|move|p1b: Rillaboom|Fake Out|p2a: Todo\n|-damage|p2a: Todo|90\/100\n|move|p1a: Arcanine|Flare Blitz|p2a: Todo\n|-damage|p2a: Todo|39\/100\n|-damage|p1a: Arcanine|87\/100|[from] Recoil\n|\n|-heal|p1a: Arcanine|93\/100|[from] Grassy Terrain\n|-heal|p1a: Arcanine|99\/100|[from] item: Leftovers\n|-heal|p2b: Naobito|80\/100|[from] Grassy Terrain\n|upkeep\n|turn|4\n|inactive|xxBanixx has 30 seconds left.\n|inactive|Reg E Gigas has 30 seconds left.\n|inactive|xxBanixx has 20 seconds left.\n|inactive|xxBanixx has 15 seconds left.\n|inactive|xxBanixx has 10 seconds left.\n|inactive|xxBanixx has 5 seconds left.\n|\n|t:|1701082502\n|-terastallize|p2b: Naobito|Dark\n|move|p1b: Rillaboom|Fake Out||[still]\n|-hint|Fake Out only works on your first turn out.\n|-fail|p1b: Rillaboom\n|move|p2b: Naobito|Sucker Punch|p1a: Arcanine\n|-damage|p1a: Arcanine|13\/100\n|move|p2a: Todo|U-turn|p1b: Rillaboom\n|-supereffective|p1b: Rillaboom\n|-damage|p1b: Rillaboom|43\/100\n|\n|t:|1701082509\n|switch|p2a: Metamaru|Iron Hands, L50, shiny|100\/100|[from] U-turn\n|move|p1a: Arcanine|Flare Blitz|p2a: Metamaru\n|-damage|p2a: Metamaru|73\/100\n|-damage|p1a: Arcanine|2\/100|[from] Recoil\n|\n|-heal|p1b: Rillaboom|49\/100|[from] Grassy Terrain\n|-heal|p1a: Arcanine|8\/100|[from] Grassy Terrain\n|-heal|p1a: Arcanine|14\/100|[from] item: Leftovers\n|-heal|p2a: Metamaru|79\/100|[from] Grassy Terrain\n|-heal|p2b: Naobito|86\/100|[from] Grassy Terrain\n|upkeep\n|turn|5\n|-message|xxBanixx forfeited.\n|\n|win|Reg E Gigas\n|raw|xxBanixx's rating: 1306 &rarr; <strong>1292<\/strong><br \/>(-14 for losing)\n|raw|Reg E Gigas's rating: 1405 &rarr; <strong>1419<\/strong><br \/>(+14 for winning)\n|l|\u2606xxBanixx\n","uploadtime":1701082538,"views":5,"p1id":"xxbanixx","p2id":"regegigas","formatid":"gen9vgc2023regulatione","rating":1292,"private":0,"password":""}