{"id":"gen9vgc2023regulatione-1995625001","p1":"xXElementalordXx","p2":"bwahacough","format":"[Gen 9] VGC 2023 Regulation E","log":"|j|\u2606xXElementalordXx\n|j|\u2606bwahacough\n|t:|1700588561\n|gametype|doubles\n|player|p1|xXElementalordXx|n-masters|1567\n|player|p2|bwahacough|medium|1817\n|teamsize|p1|6\n|teamsize|p2|6\n|gen|9\n|tier|[Gen 9] VGC 2023 Regulation E\n|rated|\n|rule|Species Clause: Limit one of each Pok\u00e9mon\n|rule|Item Clause: Limit one of each item\n|clearpoke\n|poke|p1|Oranguru, L50, M|\n|poke|p1|Maushold-Four, L50|\n|poke|p1|Enamorus-Therian, L50, F|\n|poke|p1|Urshifu-*, L50, M|\n|poke|p1|Bruxish, L50, F|\n|poke|p1|Ursaluna, L50, M|\n|poke|p2|Lycanroc-Dusk, L50, M|\n|poke|p2|Tornadus, L50, M|\n|poke|p2|Urshifu-*, L50, M|\n|poke|p2|Farigiraf, L50, M|\n|poke|p2|Sinistcha, L50|\n|poke|p2|Iron Bundle, L50|\n|teampreview|4\n|inactive|Battle timer is ON: inactive players will automatically lose when time's up. (requested by xXElementalordXx)\n|\n|t:|1700588589\n|start\n|switch|p1a: Oranguru|Oranguru, L50, M, shiny|100\/100\n|switch|p1b: Maushold|Maushold-Four, L50, shiny|100\/100\n|switch|p2a: Lycanroc|Lycanroc-Dusk, L50, M|100\/100\n|switch|p2b: Urshifu|Urshifu-Rapid-Strike, L50, M|100\/100\n|turn|1\n|\n|t:|1700588598\n|move|p1b: Maushold|Follow Me|p1b: Maushold\n|-singleturn|p1b: Maushold|move: Follow Me\n|move|p2a: Lycanroc|Rock Slide|p1b: Maushold|[spread] p1a,p1b\n|-damage|p1a: Oranguru|80\/100\n|-damage|p1b: Maushold|72\/100\n|move|p2b: Urshifu|U-turn|p1b: Maushold\n|-damage|p1b: Maushold|38\/100\n|\n|t:|1700588602\n|switch|p2b: Farigiraf|Farigiraf, L50, M, shiny|100\/100|[from] U-turn\n|move|p1a: Oranguru|Trick Room|p1a: Oranguru\n|-fieldstart|move: Trick Room|[of] p1a: Oranguru\n|\n|upkeep\n|turn|2\n|\n|t:|1700588622\n|move|p1a: Oranguru|Encore|p2a: Lycanroc\n|-start|p2a: Lycanroc|Encore\n|move|p2b: Farigiraf|Psychic|p1b: Maushold\n|-damage|p1b: Maushold|0 fnt\n|faint|p1b: Maushold\n|move|p2a: Lycanroc|Rock Slide|p1a: Oranguru\n|-damage|p1a: Oranguru|47\/100\n|\n|upkeep\n|\n|t:|1700588632\n|switch|p1b: Enamorus|Enamorus-Therian, L50, F|100\/100\n|turn|3\n|\n|t:|1700588646\n|switch|p2a: Urshifu|Urshifu-Rapid-Strike, L50, M|100\/100\n|-terastallize|p1b: Enamorus|Fairy\n|move|p1b: Enamorus|Dazzling Gleam|p2a: Urshifu|[spread] p2a,p2b\n|-supereffective|p2a: Urshifu\n|-damage|p2a: Urshifu|0 fnt\n|-damage|p2b: Farigiraf|30\/100\n|-enditem|p2b: Farigiraf|Sitrus Berry|[eat]\n|-heal|p2b: Farigiraf|56\/100|[from] item: Sitrus Berry\n|faint|p2a: Urshifu\n|move|p1a: Oranguru|Instruct|p1b: Enamorus\n|-singleturn|p1b: Enamorus|move: Instruct|[of] p1a: Oranguru\n|move|p1b: Enamorus|Dazzling Gleam|p2b: Farigiraf\n|-damage|p2b: Farigiraf|0 fnt\n|faint|p2b: Farigiraf\n|\n|upkeep\n|\n|t:|1700588648\n|switch|p2b: Lycanroc|Lycanroc-Dusk, L50, M|100\/100\n|switch|p2a: Sinistcha|Sinistcha, L50, shiny|100\/100\n|turn|4\n|\n|t:|1700588666\n|move|p2a: Sinistcha|Protect|p2a: Sinistcha\n|-singleturn|p2a: Sinistcha|Protect\n|move|p2b: Lycanroc|Protect|p2b: Lycanroc\n|-singleturn|p2b: Lycanroc|Protect\n|move|p1b: Enamorus|Dazzling Gleam|p2b: Lycanroc|[spread] \n|-activate|p2a: Sinistcha|move: Protect\n|-activate|p2b: Lycanroc|move: Protect\n|move|p1a: Oranguru|Instruct|p1b: Enamorus\n|-singleturn|p1b: Enamorus|move: Instruct|[of] p1a: Oranguru\n|move|p1b: Enamorus|Dazzling Gleam|p2a: Sinistcha|[spread] \n|-activate|p2a: Sinistcha|move: Protect\n|-activate|p2b: Lycanroc|move: Protect\n|\n|upkeep\n|turn|5\n|\n|t:|1700588674\n|-terastallize|p2b: Lycanroc|Rock\n|move|p2a: Sinistcha|Protect||[still]\n|-fail|p2a: Sinistcha\n|move|p2b: Lycanroc|Accelerock|p1a: Oranguru\n|-damage|p1a: Oranguru|13\/100\n|move|p1b: Enamorus|Dazzling Gleam|p2b: Lycanroc|[spread] p2a,p2b\n|-damage|p2a: Sinistcha|23\/100\n|-enditem|p2b: Lycanroc|Focus Sash\n|-damage|p2b: Lycanroc|1\/100\n|-enditem|p2a: Sinistcha|Aguav Berry|[eat]\n|-heal|p2a: Sinistcha|56\/100|[from] item: Aguav Berry\n|move|p1a: Oranguru|Instruct|p1b: Enamorus\n|-singleturn|p1b: Enamorus|move: Instruct|[of] p1a: Oranguru\n|move|p1b: Enamorus|Dazzling Gleam|p2b: Lycanroc|[spread] p2a,p2b\n|-crit|p2a: Sinistcha\n|-damage|p2a: Sinistcha|0 fnt\n|-damage|p2b: Lycanroc|0 fnt\n|faint|p2a: Sinistcha\n|faint|p2b: Lycanroc\n|\n|win|xXElementalordXx\n|raw|xXElementalordXx's rating: 1567 &rarr; <strong>1598<\/strong><br \/>(+31 for winning)\n|raw|bwahacough's rating: 1792 &rarr; <strong>1761<\/strong><br \/>(-31 for losing)\n|l|\u2606bwahacough\n|l|\u2606xXElementalordXx\n","uploadtime":1700588726,"views":0,"p1id":"xxelementalordxx","p2id":"bwahacough","formatid":"gen9vgc2023regulatione","rating":1598,"private":0,"password":""}