{"id":"gen9vgc2023regulatione-1999347171","p1":"Mirai_Burai","p2":"Mallow_sux","format":"[Gen 9] VGC 2023 Regulation E","log":"|j|\u2606Mirai_Burai\n|j|\u2606Mallow_sux\n|n|\u2606Mirai_Burai|miraiburai\n|n|\u2606Mallow_sux|mallowsux\n|html|View the match progress at <a href=\"\/game-bestof7-gen9vgc2023regulatione-1999340407\">game-bestof7-gen9vgc2023regulatione-1999340407<\/a>\n|t:|1701064199\n|gametype|doubles\n|player|p1|Mirai_Burai|skyla|\n|player|p2|Mallow_sux|shauntal|\n|teamsize|p1|6\n|teamsize|p2|6\n|gen|9\n|tier|[Gen 9] VGC 2023 Regulation E\n|rule|Species Clause: Limit one of each Pok\u00e9mon\n|rule|Item Clause: Limit one of each item\n|clearpoke\n|poke|p1|Roaring Moon, L50|\n|poke|p1|Ninetales-Alola, L50, F|\n|poke|p1|Landorus-Therian, L50, M|\n|poke|p1|Iron Hands, L50|\n|poke|p1|Milotic, L50, F|\n|poke|p1|Ogerpon-Hearthflame, L50, F|\n|poke|p2|Iron Bundle, L50|\n|poke|p2|Tornadus, L50, M|\n|poke|p2|Flutter Mane, L50|\n|poke|p2|Ogerpon-Hearthflame, L50, F|\n|poke|p2|Rillaboom, L50, F|\n|poke|p2|Chi-Yu, L50|\n|teampreview|4\n|\n|t:|1701064247\n|start\n|switch|p1a: Ninetales|Ninetales-Alola, L50, F, shiny|100\/100\n|switch|p1b: Iron Hands|Iron Hands, L50|100\/100\n|switch|p2a: Tornadus|Tornadus, L50, M|100\/100\n|switch|p2b: Rillaboom|Rillaboom, L50, F|100\/100\n|-weather|Snow|[from] ability: Snow Warning|[of] p1a: Ninetales\n|-fieldstart|move: Grassy Terrain|[from] ability: Grassy Surge|[of] p2b: Rillaboom\n|turn|1\n|\n|t:|1701064295\n|move|p2b: Rillaboom|Fake Out|p1b: Iron Hands\n|-damage|p1b: Iron Hands|90\/100\n|move|p2a: Tornadus|Sunny Day|p2a: Tornadus\n|-weather|SunnyDay\n|move|p1a: Ninetales|Aurora Veil||[still]\n|-fail|p1a: Ninetales\n|cant|p1b: Iron Hands|flinch\n|\n|-weather|SunnyDay|[upkeep]\n|-heal|p1b: Iron Hands|96\/100|[from] Grassy Terrain\n|upkeep\n|turn|2\n|\n|t:|1701064327\n|switch|p1a: Milotic|Milotic, L50, F, shiny|100\/100\n|switch|p2a: Ogerpon|Ogerpon-Hearthflame, L50, F|100\/100\n|-ability|p2a: Ogerpon|Mold Breaker\n|-end|p1b: Iron Hands|Quark Drive|[silent]\n|switch|p1b: Landorus|Landorus-Therian, L50, M|100\/100\n|-ability|p1b: Landorus|Intimidate|boost\n|-unboost|p2a: Ogerpon|atk|1\n|-unboost|p2b: Rillaboom|atk|1\n|move|p2b: Rillaboom|High Horsepower|p1b: Landorus\n|-immune|p1b: Landorus\n|\n|-weather|SunnyDay|[upkeep]\n|upkeep\n|turn|3\n|\n|t:|1701064362\n|move|p2a: Ogerpon|Grassy Glide|p1a: Milotic\n|-supereffective|p1a: Milotic\n|-damage|p1a: Milotic|49\/100\n|-enditem|p1a: Milotic|Sitrus Berry|[eat]\n|-heal|p1a: Milotic|74\/100|[from] item: Sitrus Berry\n|move|p1b: Landorus|Stomping Tantrum|p2a: Ogerpon\n|-damage|p2a: Ogerpon|53\/100\n|move|p2b: Rillaboom|Wood Hammer|p1b: Landorus\n|-damage|p1b: Landorus|39\/100\n|-damage|p2b: Rillaboom|84\/100|[from] Recoil\n|move|p1a: Milotic|Scald|p2a: Ogerpon\n|-damage|p2a: Ogerpon|36\/100\n|\n|-weather|SunnyDay|[upkeep]\n|-heal|p2a: Ogerpon|42\/100|[from] Grassy Terrain\n|-heal|p2b: Rillaboom|89\/100|[from] Grassy Terrain\n|-heal|p1a: Milotic|81\/100|[from] Grassy Terrain\n|upkeep\n|turn|4\n|\n|t:|1701064410\n|move|p1a: Milotic|Protect|p1a: Milotic\n|-singleturn|p1a: Milotic|Protect\n|move|p2b: Rillaboom|Grassy Glide|p1a: Milotic\n|-activate|p1a: Milotic|move: Protect\n|move|p1b: Landorus|Stomping Tantrum|p2a: Ogerpon\n|-damage|p2a: Ogerpon|0 fnt\n|faint|p2a: Ogerpon\n|\n|-weather|SunnyDay|[upkeep]\n|-heal|p2b: Rillaboom|95\/100|[from] Grassy Terrain\n|-heal|p1a: Milotic|87\/100|[from] Grassy Terrain\n|upkeep\n|\n|t:|1701064425\n|switch|p2a: Iron Bundle|Iron Bundle, L50|100\/100\n|-enditem|p2a: Iron Bundle|Booster Energy\n|-activate|p2a: Iron Bundle|ability: Quark Drive|[fromitem]\n|-start|p2a: Iron Bundle|quarkdrivespe\n|turn|5\n|\n|t:|1701064449\n|switch|p1b: Ninetales|Ninetales-Alola, L50, F, shiny|100\/100\n|-weather|Snow|[from] ability: Snow Warning|[of] p1b: Ninetales\n|-terastallize|p1a: Milotic|Grass\n|move|p2a: Iron Bundle|Freeze-Dry|p1b: Ninetales\n|-resisted|p1b: Ninetales\n|-damage|p1b: Ninetales|84\/100\n|move|p2b: Rillaboom|Wood Hammer|p1a: Milotic\n|-resisted|p1a: Milotic\n|-damage|p1a: Milotic|61\/100\n|-damage|p2b: Rillaboom|87\/100|[from] Recoil\n|move|p1a: Milotic|Icy Wind|p2b: Rillaboom|[spread] p2a,p2b\n|-resisted|p2a: Iron Bundle\n|-supereffective|p2b: Rillaboom\n|-damage|p2a: Iron Bundle|96\/100\n|-damage|p2b: Rillaboom|71\/100\n|-unboost|p2a: Iron Bundle|spe|1\n|-unboost|p2b: Rillaboom|spe|1\n|\n|-weather|Snow|[upkeep]\n|-heal|p2a: Iron Bundle|100\/100|[from] Grassy Terrain\n|-heal|p1b: Ninetales|90\/100|[from] Grassy Terrain\n|-heal|p1a: Milotic|68\/100|[from] Grassy Terrain\n|-heal|p2b: Rillaboom|77\/100|[from] Grassy Terrain\n|-fieldend|move: Grassy Terrain\n|upkeep\n|turn|6\n|\n|t:|1701064500\n|-terastallize|p2b: Rillaboom|Fire\n|move|p2a: Iron Bundle|Icy Wind|p1a: Milotic|[spread] p1a,p1b\n|-supereffective|p1a: Milotic\n|-resisted|p1b: Ninetales\n|-damage|p1a: Milotic|39\/100\n|-damage|p1b: Ninetales|80\/100\n|-unboost|p1a: Milotic|spe|1\n|-ability|p1a: Milotic|Competitive|boost\n|-boost|p1a: Milotic|spa|2\n|-unboost|p1b: Ninetales|spe|1\n|move|p1b: Ninetales|Aurora Veil|p1b: Ninetales\n|-sidestart|p1: Mirai_Burai|move: Aurora Veil\n|move|p2b: Rillaboom|Wood Hammer|p1b: Ninetales\n|-crit|p1b: Ninetales\n|-damage|p1b: Ninetales|2\/100\n|-damage|p2b: Rillaboom|55\/100|[from] Recoil\n|move|p1a: Milotic|Icy Wind|p2b: Rillaboom|[spread] p2b\n|-miss|p1a: Milotic|p2a: Iron Bundle\n|-resisted|p2b: Rillaboom\n|-damage|p2b: Rillaboom|47\/100\n|-unboost|p2b: Rillaboom|spe|1\n|\n|-weather|Snow|[upkeep]\n|upkeep\n|turn|7\n|\n|t:|1701064544\n|move|p1b: Ninetales|Protect|p1b: Ninetales\n|-singleturn|p1b: Ninetales|Protect\n|move|p2a: Iron Bundle|Freeze-Dry|p1a: Milotic\n|-supereffective|p1a: Milotic\n|-damage|p1a: Milotic|3\/100\n|move|p1a: Milotic|Recover|p1a: Milotic\n|-heal|p1a: Milotic|53\/100\n|move|p2b: Rillaboom|Grassy Glide|p1b: Ninetales\n|-activate|p1b: Ninetales|move: Protect\n|\n|-weather|Snow|[upkeep]\n|upkeep\n|turn|8\n|\n|t:|1701064575\n|switch|p1b: Landorus|Landorus-Therian, L50, M|39\/100\n|-ability|p1b: Landorus|Intimidate|boost\n|-unboost|p2a: Iron Bundle|atk|1\n|-unboost|p2b: Rillaboom|atk|1\n|move|p2a: Iron Bundle|Freeze-Dry|p1a: Milotic\n|-supereffective|p1a: Milotic\n|-damage|p1a: Milotic|18\/100\n|-status|p1a: Milotic|frz\n|-curestatus|p1a: Milotic|frz|[from] move: Scald\n|move|p1a: Milotic|Scald|p2b: Rillaboom\n|-supereffective|p2b: Rillaboom\n|-damage|p2b: Rillaboom|0 fnt\n|faint|p2b: Rillaboom\n|\n|-weather|Snow|[upkeep]\n|upkeep\n|\n|t:|1701064591\n|switch|p2b: Tornadus|Tornadus, L50, M|100\/100\n|turn|9\n|\n|t:|1701064608\n|move|p2b: Tornadus|Tailwind|p2b: Tornadus\n|-sidestart|p2: Mallow_sux|move: Tailwind\n|move|p2a: Iron Bundle|Icy Wind|p1a: Milotic|[spread] p1a,p1b\n|-supereffective|p1a: Milotic\n|-supereffective|p1b: Landorus\n|-damage|p1a: Milotic|0 fnt\n|-damage|p1b: Landorus|0 fnt\n|faint|p1a: Milotic\n|faint|p1b: Landorus\n|\n|-weather|none\n|upkeep\n|\n|t:|1701064617\n|switch|p1b: Ninetales|Ninetales-Alola, L50, F, shiny|2\/100\n|switch|p1a: Iron Hands|Iron Hands, L50|96\/100\n|-weather|Snow|[from] ability: Snow Warning|[of] p1b: Ninetales\n|turn|10\n|\n|t:|1701064641\n|move|p1a: Iron Hands|Fake Out|p2b: Tornadus\n|-damage|p2b: Tornadus|84\/100\n|cant|p2b: Tornadus|flinch\n|move|p2a: Iron Bundle|Icy Wind|p1a: Iron Hands|[spread] p1a,p1b\n|-resisted|p1b: Ninetales\n|-damage|p1a: Iron Hands|90\/100\n|-damage|p1b: Ninetales|0 fnt\n|-unboost|p1a: Iron Hands|spe|1\n|faint|p1b: Ninetales\n|\n|-weather|Snow|[upkeep]\n|upkeep\n|turn|11\n|\n|t:|1701064678\n|move|p2b: Tornadus|Taunt|p1a: Iron Hands\n|-start|p1a: Iron Hands|move: Taunt\n|move|p2a: Iron Bundle|Hydro Pump|p1a: Iron Hands\n|-damage|p1a: Iron Hands|72\/100\n|move|p1a: Iron Hands|Drain Punch|p2a: Iron Bundle\n|-supereffective|p2a: Iron Bundle\n|-damage|p2a: Iron Bundle|44\/100\n|-heal|p1a: Iron Hands|90\/100|[from] drain|[of] p2a: Iron Bundle\n|\n|-weather|Snow|[upkeep]\n|upkeep\n|turn|12\n|\n|t:|1701064690\n|move|p2a: Iron Bundle|Protect|p2a: Iron Bundle\n|-singleturn|p2a: Iron Bundle|Protect\n|move|p2b: Tornadus|Bleakwind Storm|p1a: Iron Hands\n|-damage|p1a: Iron Hands|75\/100\n|-unboost|p1a: Iron Hands|spe|1\n|move|p1a: Iron Hands|Drain Punch|p2a: Iron Bundle\n|-activate|p2a: Iron Bundle|move: Protect\n|\n|-weather|Snow|[upkeep]\n|-sideend|p2: Mallow_sux|move: Tailwind\n|upkeep\n|turn|13\n|\n|t:|1701064706\n|move|p2a: Iron Bundle|Freeze-Dry|p1a: Iron Hands\n|-damage|p1a: Iron Hands|64\/100\n|move|p2b: Tornadus|Bleakwind Storm|p1a: Iron Hands\n|-damage|p1a: Iron Hands|48\/100\n|move|p1a: Iron Hands|Drain Punch|p2a: Iron Bundle\n|-supereffective|p2a: Iron Bundle\n|-damage|p2a: Iron Bundle|0 fnt\n|-heal|p1a: Iron Hands|62\/100|[from] drain|[of] p2a: Iron Bundle\n|faint|p2a: Iron Bundle\n|-end|p2a: Iron Bundle|Quark Drive|[silent]\n|\n|-weather|Snow|[upkeep]\n|-end|p1a: Iron Hands|move: Taunt\n|-sideend|p1: Mirai_Burai|move: Aurora Veil\n|upkeep\n|turn|14\n|\n|t:|1701064744\n|move|p2b: Tornadus|Bleakwind Storm|p1a: Iron Hands\n|-damage|p1a: Iron Hands|38\/100\n|move|p1a: Iron Hands|Wild Charge|p2b: Tornadus\n|-supereffective|p2b: Tornadus\n|-damage|p2b: Tornadus|0 fnt\n|faint|p2b: Tornadus\n|-damage|p1a: Iron Hands|22\/100|[from] Recoil\n|\n|win|Mirai_Burai\n|inactive|Mirai_Burai has 50 seconds to confirm battle start!\n|inactive|Mallow_sux has 50 seconds to confirm battle start!\n|l|\u2606Mallow_sux\n|c|&|\/uhtml prompt-mallowsux,Mallow_sux is ready for game 5!\n|c|&|\/uhtml prompt-mallowsux,Mallow_sux is ready for game 5!\n","uploadtime":1701064763,"views":4,"p1id":"miraiburai","p2id":"mallowsux","formatid":"gen9vgc2023regulatione","rating":0,"private":0,"password":""}