{"id":"gen9vgc2023regulatione-1993930379","p1":"averagerandbats","p2":"ggoopie","format":"[Gen 9] VGC 2023 Regulation E","log":"|j|\u2606averagerandbats\n|j|\u2606ggoopie\n|t:|1700377420\n|gametype|doubles\n|player|p1|averagerandbats|janitor|1266\n|player|p2|ggoopie|marley|1245\n|teamsize|p1|6\n|teamsize|p2|6\n|gen|9\n|tier|[Gen 9] VGC 2023 Regulation E\n|rated|\n|rule|Species Clause: Limit one of each Pok\u00e9mon\n|rule|Item Clause: Limit one of each item\n|clearpoke\n|poke|p1|Zapdos, L50|\n|poke|p1|Arcanine-Hisui, L50, M|\n|poke|p1|Urshifu-*, L50, F|\n|poke|p1|Rillaboom, L50, M|\n|poke|p1|Gholdengo, L50|\n|poke|p1|Ogerpon-Wellspring, L50, F|\n|poke|p2|Arcanine-Hisui, L50, M|\n|poke|p2|Rillaboom, L50, F|\n|poke|p2|Chien-Pao, L50|\n|poke|p2|Iron Hands, L50|\n|poke|p2|Flutter Mane, L50|\n|poke|p2|Tornadus, L50, M|\n|teampreview|4\nggoopie has agreed to open team sheets.\naveragerandbats has agreed to open team sheets.\n|\n|t:|1700377470\n|start\n|switch|p1a: Zapdos|Zapdos, L50|100\/100\n|switch|p1b: Arcanine|Arcanine-Hisui, L50, M|100\/100\n|switch|p2a: Chien-Pao|Chien-Pao, L50|100\/100\n|switch|p2b: Iron Hands|Iron Hands, L50|100\/100\n|-ability|p2a: Chien-Pao|Sword of Ruin\n|-ability|p1b: Arcanine|Intimidate|boost\n|-unboost|p2a: Chien-Pao|atk|1\n|-unboost|p2b: Iron Hands|atk|1\n|turn|1\n|\n|t:|1700377498\n|-terastallize|p1a: Zapdos|Ghost\n|move|p2b: Iron Hands|Fake Out|p1b: Arcanine\n|-resisted|p1b: Arcanine\n|-damage|p1b: Arcanine|94\/100\n|move|p2a: Chien-Pao|Ice Spinner|p1a: Zapdos\n|-damage|p1a: Zapdos|70\/100\n|-damage|p2a: Chien-Pao|84\/100|[from] item: Rocky Helmet|[of] p1a: Zapdos\n|cant|p1b: Arcanine|flinch\n|move|p1a: Zapdos|Tailwind|p1a: Zapdos\n|-sidestart|p1: averagerandbats|move: Tailwind\n|\n|upkeep\n|turn|2\n|\n|t:|1700377514\n|move|p2a: Chien-Pao|Protect|p2a: Chien-Pao\n|-singleturn|p2a: Chien-Pao|Protect\n|move|p1b: Arcanine|Rock Slide|p2b: Iron Hands|[spread] p2b\n|-activate|p2a: Chien-Pao|move: Protect\n|-resisted|p2b: Iron Hands\n|-damage|p2b: Iron Hands|83\/100\n|move|p1a: Zapdos|Rain Dance|p1a: Zapdos\n|-weather|RainDance\n|move|p2b: Iron Hands|Drain Punch|p1b: Arcanine\n|-supereffective|p1b: Arcanine\n|-damage|p1b: Arcanine|14\/100\n|-heal|p2b: Iron Hands|100\/100|[from] drain|[of] p1b: Arcanine\n|\n|-weather|RainDance|[upkeep]\n|upkeep\n|turn|3\n|\n|t:|1700377541\n|switch|p1a: Ogerpon|Ogerpon-Wellspring, L50, F|100\/100\n|move|p1b: Arcanine|Rock Slide|p2b: Iron Hands|[spread] p2a,p2b\n|-supereffective|p2a: Chien-Pao\n|-resisted|p2b: Iron Hands\n|-damage|p2a: Chien-Pao|0 fnt\n|-damage|p2b: Iron Hands|83\/100\n|faint|p2a: Chien-Pao\n|move|p2b: Iron Hands|Wild Charge|p1a: Ogerpon\n|-damage|p1a: Ogerpon|65\/100\n|-damage|p2b: Iron Hands|76\/100|[from] Recoil\n|\n|-weather|RainDance|[upkeep]\n|upkeep\n|\n|t:|1700377551\n|switch|p2a: Tornadus|Tornadus, L50, M|100\/100\n|turn|4\n|\n|t:|1700377563\n|switch|p1b: Zapdos|Zapdos, L50, tera:Ghost|70\/100\n|move|p2a: Tornadus|Tailwind|p2a: Tornadus\n|-sidestart|p2: ggoopie|move: Tailwind\n|move|p1a: Ogerpon|Ivy Cudgel|p2a: Tornadus|[anim] Ivy Cudgel Water\n|-damage|p2a: Tornadus|0 fnt\n|faint|p2a: Tornadus\n|move|p2b: Iron Hands|Drain Punch|p1b: Zapdos\n|-immune|p1b: Zapdos\n|\n|-weather|RainDance|[upkeep]\n|-sideend|p1: averagerandbats|move: Tailwind\n|upkeep\n|\n|t:|1700377567\n|switch|p2a: Flutter Mane|Flutter Mane, L50|100\/100\n|turn|5\n|\n|t:|1700377586\n|switch|p1a: Arcanine|Arcanine-Hisui, L50, M|14\/100\n|-ability|p1a: Arcanine|Intimidate|boost\n|-unboost|p2a: Flutter Mane|atk|1\n|-unboost|p2b: Iron Hands|atk|1\n|-terastallize|p2a: Flutter Mane|Fairy\n|move|p2a: Flutter Mane|Dazzling Gleam|p1b: Zapdos|[spread] p1a,p1b\n|-resisted|p1a: Arcanine\n|-damage|p1a: Arcanine|0 fnt\n|-damage|p1b: Zapdos|7\/100\n|faint|p1a: Arcanine\n|move|p2b: Iron Hands|Wild Charge|p1b: Zapdos\n|-damage|p1b: Zapdos|0 fnt\n|-damage|p2b: Iron Hands|59\/100|[from] item: Rocky Helmet|[of] p1b: Zapdos\n|faint|p1b: Zapdos\n|-damage|p2b: Iron Hands|58\/100|[from] Recoil\n|\n|-weather|RainDance|[upkeep]\n|upkeep\n|\n|t:|1700377601\n|switch|p1a: Urshifu|Urshifu-Rapid-Strike, L50, F|100\/100\n|switch|p1b: Ogerpon|Ogerpon-Wellspring, L50, F|65\/100\n|turn|6\n|\n|t:|1700377613\n|move|p2a: Flutter Mane|Dazzling Gleam|p1b: Ogerpon|[spread] p1a,p1b\n|-supereffective|p1a: Urshifu\n|-damage|p1a: Urshifu|0 fnt\n|-damage|p1b: Ogerpon|5\/100\n|faint|p1a: Urshifu\n|move|p2b: Iron Hands|Drain Punch|p1b: Ogerpon\n|-damage|p1b: Ogerpon|0 fnt\n|-heal|p2b: Iron Hands|60\/100|[from] drain|[of] p1b: Ogerpon\n|faint|p1b: Ogerpon\n|\n|win|ggoopie\n|raw|averagerandbats's rating: 1266 &rarr; <strong>1239<\/strong><br \/>(-27 for losing)\n|raw|ggoopie's rating: 1245 &rarr; <strong>1272<\/strong><br \/>(+27 for winning)\n|l|\u2606ggoopie\n","uploadtime":1700377623,"views":7,"p1id":"averagerandbats","p2id":"ggoopie","formatid":"gen9vgc2023regulatione","rating":1239,"private":0,"password":""}