{"id":"gen9vgc2023regulatione-2000151751","p1":"drtysejkjmdad","p2":"Astano","format":"[Gen 9] VGC 2023 Regulation E","log":"|j|\u2606drtysejkjmdad\n|j|\u2606Astano\n|t:|1701163788\n|gametype|doubles\n|player|p1|drtysejkjmdad|preschooler|1201\n|player|p2|Astano|102|1209\n|teamsize|p1|6\n|teamsize|p2|6\n|gen|9\n|tier|[Gen 9] VGC 2023 Regulation E\n|rated|\n|rule|Species Clause: Limit one of each Pok\u00e9mon\n|rule|Item Clause: Limit one of each item\n|clearpoke\n|poke|p1|Arcanine-Hisui, L50, F|\n|poke|p1|Urshifu-*, L50, M|\n|poke|p1|Zapdos, L50|\n|poke|p1|Rillaboom, L50, F|\n|poke|p1|Sylveon, L50, F|\n|poke|p1|Gastrodon, L50, M|\n|poke|p2|Cresselia, L50, F|\n|poke|p2|Flutter Mane, L50|\n|poke|p2|Iron Hands, L50|\n|poke|p2|Ursaluna, L50, M|\n|poke|p2|Sinistcha, L50|\n|poke|p2|Heatran, L50, F|\n|teampreview|4\nAstano has agreed to open team sheets.\n|inactive|Battle timer is ON: inactive players will automatically lose when time's up. (requested by Astano)\n|\n|t:|1701163820\n|start\n|switch|p1a: Urshifu|Urshifu, L50, M|100\/100\n|switch|p1b: Rillaboom|Rillaboom, L50, F|100\/100\n|switch|p2a: Cresselia|Cresselia, L50, F|100\/100\n|switch|p2b: Iron Hands|Iron Hands, L50|100\/100\n|-fieldstart|move: Grassy Terrain|[from] ability: Grassy Surge|[of] p1b: Rillaboom\n|turn|1\n|\n|t:|1701163836\n|-terastallize|p2a: Cresselia|Fairy\n|move|p1b: Rillaboom|Fake Out|p2b: Iron Hands\n|-damage|p2b: Iron Hands|93\/100\n|cant|p2b: Iron Hands|flinch\n|move|p1a: Urshifu|Wicked Blow|p2a: Cresselia\n|-resisted|p2a: Cresselia\n|-crit|p2a: Cresselia\n|-damage|p2a: Cresselia|76\/100\n|move|p2a: Cresselia|Trick Room|p2a: Cresselia\n|-fieldstart|move: Trick Room|[of] p2a: Cresselia\n|\n|-heal|p2b: Iron Hands|99\/100|[from] Grassy Terrain\n|upkeep\n|turn|2\n|\n|t:|1701163860\n|move|p1a: Urshifu|Detect|p1a: Urshifu\n|-singleturn|p1a: Urshifu|Protect\n|move|p2b: Iron Hands|Drain Punch|p1b: Rillaboom\n|-crit|p1b: Rillaboom\n|-damage|p1b: Rillaboom|53\/100\n|-heal|p2b: Iron Hands|100\/100|[from] drain|[of] p1b: Rillaboom\n|move|p2a: Cresselia|Moonblast|p1a: Urshifu\n|-activate|p1a: Urshifu|move: Protect\n|move|p1b: Rillaboom|U-turn|p2a: Cresselia\n|-resisted|p2a: Cresselia\n|-crit|p2a: Cresselia\n|-damage|p2a: Cresselia|68\/100\n|\n|t:|1701163881\n|switch|p1b: Gastrodon|Gastrodon, L50, M|100\/100|[from] U-turn\n|\n|upkeep\n|turn|3\n|\n|t:|1701163902\n|switch|p2a: Sinistcha|Sinistcha, L50|100\/100\n|switch|p1a: Rillaboom|Rillaboom, L50, F|53\/100\n|move|p1b: Gastrodon|Yawn|p2a: Sinistcha\n|-start|p2a: Sinistcha|move: Yawn|[of] p1b: Gastrodon\n|move|p2b: Iron Hands|Drain Punch|p1a: Rillaboom\n|-damage|p1a: Rillaboom|22\/100\n|\n|-heal|p1a: Rillaboom|28\/100|[from] Grassy Terrain\n|-heal|p1a: Rillaboom|33\/100|[from] item: Leftovers\n|upkeep\n|turn|4\n|\n|t:|1701163921\n|move|p1a: Rillaboom|Fake Out|p2b: Iron Hands\n|-damage|p2b: Iron Hands|93\/100\n|move|p1b: Gastrodon|Earth Power|p2b: Iron Hands\n|-supereffective|p2b: Iron Hands\n|-damage|p2b: Iron Hands|67\/100\n|cant|p2b: Iron Hands|flinch\n|move|p2a: Sinistcha|Matcha Gotcha|p1b: Gastrodon|[spread] p1a,p1b\n|-resisted|p1a: Rillaboom\n|-supereffective|p1b: Gastrodon\n|-damage|p1a: Rillaboom|15\/100\n|-damage|p1b: Gastrodon|0 fnt\n|faint|p1b: Gastrodon\n|\n|-heal|p2b: Iron Hands|73\/100|[from] Grassy Terrain\n|-heal|p1a: Rillaboom|21\/100|[from] Grassy Terrain\n|-heal|p1a: Rillaboom|27\/100|[from] item: Leftovers\n|-end|p2a: Sinistcha|move: Yawn|[silent]\n|-status|p2a: Sinistcha|slp\n|upkeep\n|\n|t:|1701163936\n|switch|p1b: Sylveon|Sylveon, L50, F|100\/100\n|turn|5\n|\n|t:|1701163947\n|move|p1a: Rillaboom|Protect|p1a: Rillaboom\n|-singleturn|p1a: Rillaboom|Protect\n|move|p2b: Iron Hands|Heavy Slam|p1b: Sylveon\n|-supereffective|p1b: Sylveon\n|-damage|p1b: Sylveon|13\/100\n|move|p1b: Sylveon|Hyper Voice|p2a: Sinistcha|[spread] p2a,p2b\n|-supereffective|p2b: Iron Hands\n|-damage|p2a: Sinistcha|40\/100 slp\n|-damage|p2b: Iron Hands|15\/100\n|cant|p2a: Sinistcha|slp\n|\n|-heal|p2b: Iron Hands|21\/100|[from] Grassy Terrain\n|-heal|p1b: Sylveon|19\/100|[from] Grassy Terrain\n|-heal|p2a: Sinistcha|46\/100 slp|[from] Grassy Terrain\n|-heal|p1a: Rillaboom|32\/100|[from] Grassy Terrain\n|-heal|p1a: Rillaboom|38\/100|[from] item: Leftovers\n|-fieldend|move: Trick Room\n|-fieldend|move: Grassy Terrain\n|upkeep\n|turn|6\n|\n|t:|1701163967\n|switch|p1a: Urshifu|Urshifu, L50, M|100\/100\n|cant|p2a: Sinistcha|slp\n|move|p1b: Sylveon|Hyper Voice|p2a: Sinistcha|[spread] p2a,p2b\n|-supereffective|p2b: Iron Hands\n|-damage|p2a: Sinistcha|0 fnt\n|-damage|p2b: Iron Hands|0 fnt\n|faint|p2a: Sinistcha\n|faint|p2b: Iron Hands\n|-end|p2b: Iron Hands|Quark Drive|[silent]\n|\n|upkeep\n|\n|t:|1701163973\n|switch|p2a: Ursaluna|Ursaluna, L50, M|100\/100\n|switch|p2b: Cresselia|Cresselia, L50, F, tera:Fairy|68\/100\n|turn|7\n|\n|t:|1701163981\n|move|p2a: Ursaluna|Protect|p2a: Ursaluna\n|-singleturn|p2a: Ursaluna|Protect\n|move|p1a: Urshifu|Close Combat|p2a: Ursaluna\n|-supereffective|p2a: Ursaluna\n|-damage|p2a: Ursaluna|0 fnt\n|-unboost|p1a: Urshifu|def|1\n|-unboost|p1a: Urshifu|spd|1\n|faint|p2a: Ursaluna\n|move|p1b: Sylveon|Hyper Voice|p2b: Cresselia\n|-damage|p2b: Cresselia|24\/100\n|move|p2b: Cresselia|Trick Room|p2b: Cresselia\n|-fieldstart|move: Trick Room|[of] p2b: Cresselia\n|\n|upkeep\n|turn|8\n|\n|t:|1701164006\n|switch|p1a: Rillaboom|Rillaboom, L50, F|38\/100\n|-fieldstart|move: Grassy Terrain|[from] ability: Grassy Surge|[of] p1a: Rillaboom\n|move|p1b: Sylveon|Hyper Voice|p2b: Cresselia\n|-damage|p2b: Cresselia|0 fnt\n|faint|p2b: Cresselia\n|\n|win|drtysejkjmdad\n|raw|drtysejkjmdad's rating: 1201 &rarr; <strong>1227<\/strong><br \/>(+26 for winning)\n|raw|Astano's rating: 1209 &rarr; <strong>1183<\/strong><br \/>(-26 for losing)\n|l|\u2606drtysejkjmdad\n","uploadtime":1701164029,"views":2,"p1id":"drtysejkjmdad","p2id":"astano","formatid":"gen9vgc2023regulatione","rating":1183,"private":0,"password":""}