{"id":"gen9vgc2023regulatione-1995495010","p1":"Daviron1","p2":"4dudes1trickroom","format":"[Gen 9] VGC 2023 Regulation E","log":"|j|\u2606Daviron1\n|j|\u26064dudes1trickroom\n|t:|1700576966\n|gametype|doubles\n|player|p1|Daviron1|volkner|1553\n|player|p2|4dudes1trickroom|tuberf|1451\n|teamsize|p1|6\n|teamsize|p2|6\n|gen|9\n|tier|[Gen 9] VGC 2023 Regulation E\n|rated|\n|rule|Species Clause: Limit one of each Pok\u00e9mon\n|rule|Item Clause: Limit one of each item\n|clearpoke\n|poke|p1|Sandslash-Alola, L50, F|\n|poke|p1|Ninetales-Alola, L50, F|\n|poke|p1|Ursaluna-Bloodmoon, L50, M|\n|poke|p1|Roaring Moon, L50|\n|poke|p1|Sinistcha-Masterpiece, L50|\n|poke|p1|Okidogi, L50, M|\n|poke|p2|Farigiraf, L50, F|\n|poke|p2|Enamorus-Therian, L50, F|\n|poke|p2|Clefairy, L50, F|\n|poke|p2|Ursaluna-Bloodmoon, L50, M|\n|poke|p2|Oranguru, L50, F|\n|poke|p2|Urshifu-*, L50, M|\n|teampreview|4\nDaviron1 has agreed to open team sheets.\n4dudes1trickroom has agreed to open team sheets.\n|inactive|Battle timer is ON: inactive players will automatically lose when time's up. (requested by 4dudes1trickroom)\n|\n|t:|1700577001\n|start\n|switch|p1a: Ursaluna|Ursaluna-Bloodmoon, L50, M|100\/100\n|switch|p1b: Ninetales|Ninetales-Alola, L50, F, shiny|100\/100\n|switch|p2a: Oranguru|Oranguru, L50, F|100\/100\n|switch|p2b: Clefairy|Clefairy, L50, F, shiny|100\/100\n|-weather|Snow|[from] ability: Snow Warning|[of] p1b: Ninetales\n|turn|1\n|\n|t:|1700577018\n|move|p1b: Ninetales|Aurora Veil|p1b: Ninetales\n|-sidestart|p1: Daviron1|move: Aurora Veil\n|move|p1a: Ursaluna|Calm Mind|p1a: Ursaluna\n|-boost|p1a: Ursaluna|spa|1\n|-boost|p1a: Ursaluna|spd|1\n|move|p2b: Clefairy|Baton Pass|p2b: Clefairy\n|\n|t:|1700577023\n|switch|p2b: Ursaluna|Ursaluna-Bloodmoon, L50, M|100\/100|[from] Baton Pass\n|move|p2a: Oranguru|Trick Room|p2a: Oranguru\n|-fieldstart|move: Trick Room|[of] p2a: Oranguru\n|\n|-weather|Snow|[upkeep]\n|upkeep\n|turn|2\n|\n|t:|1700577037\n|-terastallize|p2b: Ursaluna|Normal\n|move|p1a: Ursaluna|Protect|p1a: Ursaluna\n|-singleturn|p1a: Ursaluna|Protect\n|move|p2a: Oranguru|Brick Break|p1a: Ursaluna\n|-activate|p1a: Ursaluna|move: Protect\n|move|p2b: Ursaluna|Blood Moon|p1a: Ursaluna\n|-activate|p1a: Ursaluna|move: Protect\n|move|p1b: Ninetales|Blizzard|p2a: Oranguru|[spread] p2a,p2b\n|-damage|p2a: Oranguru|82\/100\n|-damage|p2b: Ursaluna|75\/100\n|\n|-weather|Snow|[upkeep]\n|upkeep\n|turn|3\n|\n|t:|1700577059\n|move|p2a: Oranguru|Encore|p1a: Ursaluna\n|-start|p1a: Ursaluna|Encore\n|move|p2b: Ursaluna|Hyper Voice|p1b: Ninetales|[spread] p1a,p1b\n|-damage|p1a: Ursaluna|79\/100\n|-damage|p1b: Ninetales|68\/100\n|move|p1a: Ursaluna|Protect||[still]\n|-fail|p1a: Ursaluna\n|move|p1b: Ninetales|Blizzard|p2a: Oranguru|[spread] p2a,p2b\n|-damage|p2a: Oranguru|63\/100\n|-damage|p2b: Ursaluna|47\/100\n|\n|-weather|Snow|[upkeep]\n|-heal|p1a: Ursaluna|85\/100|[from] item: Leftovers\n|upkeep\n|turn|4\n|\n|t:|1700577077\n|switch|p2a: Clefairy|Clefairy, L50, F, shiny|100\/100\n|move|p1a: Ursaluna|Protect|p1a: Ursaluna\n|-singleturn|p1a: Ursaluna|Protect\n|move|p2b: Ursaluna|Blood Moon|p1b: Ninetales\n|-damage|p1b: Ninetales|0 fnt\n|faint|p1b: Ninetales\n|\n|-weather|Snow|[upkeep]\n|-heal|p1a: Ursaluna|91\/100|[from] item: Leftovers\n|upkeep\n|\n|t:|1700577088\n|switch|p1b: Sinistcha|Sinistcha-Masterpiece, L50, shiny|100\/100\n|-heal|p1a: Ursaluna|100\/100|[from] ability: Hospitality|[of] p1b: Sinistcha\n|turn|5\n|\n|t:|1700577110\n|switch|p2b: Oranguru|Oranguru, L50, F|63\/100\n|move|p1a: Ursaluna|Protect||[still]\n|-fail|p1a: Ursaluna\n|move|p2a: Clefairy|Heal Pulse|p2b: Oranguru\n|-heal|p2b: Oranguru|100\/100\n|move|p1b: Sinistcha|Matcha Gotcha|p2b: Oranguru|[spread] p2a,p2b\n|-damage|p2a: Clefairy|78\/100\n|-damage|p2b: Oranguru|87\/100\n|\n|-weather|none\n|-end|p1a: Ursaluna|Encore\n|-fieldend|move: Trick Room\n|upkeep\n|turn|6\n|\n|t:|1700577122\n|move|p2a: Clefairy|Follow Me|p2a: Clefairy\n|-singleturn|p2a: Clefairy|move: Follow Me\n|move|p1a: Ursaluna|Calm Mind|p1a: Ursaluna\n|-boost|p1a: Ursaluna|spa|1\n|-boost|p1a: Ursaluna|spd|1\n|move|p1b: Sinistcha|Trick Room|p1b: Sinistcha\n|-fieldstart|move: Trick Room|[of] p1b: Sinistcha\n|move|p2b: Oranguru|Trick Room|p2b: Oranguru\n|-fieldend|move: Trick Room\n|\n|upkeep\n|turn|7\n|\n|t:|1700577146\n|move|p2a: Clefairy|Follow Me|p2a: Clefairy\n|-singleturn|p2a: Clefairy|move: Follow Me\n|move|p1b: Sinistcha|Matcha Gotcha|p2b: Oranguru|[spread] p2a,p2b\n|-damage|p2a: Clefairy|54\/100\n|-damage|p2b: Oranguru|72\/100\n|move|p1a: Ursaluna|Blood Moon|p2a: Clefairy\n|-damage|p2a: Clefairy|0 fnt\n|faint|p2a: Clefairy\n|move|p2b: Oranguru|Trick Room|p2b: Oranguru\n|-fieldstart|move: Trick Room|[of] p2b: Oranguru\n|\n|upkeep\n|\n|t:|1700577166\n|switch|p2a: Ursaluna|Ursaluna-Bloodmoon, L50, M, tera:Normal|47\/100\n|turn|8\n|\n|t:|1700577189\n|move|p1a: Ursaluna|Protect|p1a: Ursaluna\n|-singleturn|p1a: Ursaluna|Protect\n|move|p2b: Oranguru|Brick Break|p2a: Ursaluna\n|-supereffective|p2a: Ursaluna\n|-damage|p2a: Ursaluna|30\/100\n|-enditem|p2a: Ursaluna|Weakness Policy\n|-boost|p2a: Ursaluna|atk|2|[from] item: Weakness Policy\n|-boost|p2a: Ursaluna|spa|2|[from] item: Weakness Policy\n|move|p2a: Ursaluna|Blood Moon|p1b: Sinistcha\n|-damage|p1b: Sinistcha|0 fnt\n|faint|p1b: Sinistcha\n|\n|-sideend|p1: Daviron1|move: Aurora Veil\n|upkeep\n|\n|t:|1700577201\n|switch|p1b: Okidogi|Okidogi, L50, M|100\/100\n|turn|9\n|c|\u26064dudes1trickroom|:)\n|\n|t:|1700577225\n|move|p1a: Ursaluna|Protect|p1a: Ursaluna\n|-singleturn|p1a: Ursaluna|Protect\n|move|p2b: Oranguru|Encore|p1a: Ursaluna\n|-activate|p1a: Ursaluna|move: Protect\n|move|p2a: Ursaluna|Earth Power|p1b: Okidogi\n|-supereffective|p1b: Okidogi\n|-damage|p1b: Okidogi|0 fnt\n|faint|p1b: Okidogi\n|\n|upkeep\n|turn|10\n|-message|Daviron1 forfeited.\n|\n|win|4dudes1trickroom\n|raw|Daviron1's rating: 1553 &rarr; <strong>1527<\/strong><br \/>(-26 for losing)\n|raw|4dudes1trickroom's rating: 1451 &rarr; <strong>1477<\/strong><br \/>(+26 for winning)\n|l|\u2606Daviron1\n","uploadtime":1700577243,"views":7,"p1id":"daviron1","p2id":"4dudes1trickroom","formatid":"gen9vgc2023regulatione","rating":1477,"private":0,"password":""}