{"id":"gen9vgc2023regulatione-1994543821","p1":"otshibe","p2":"BreadyTorus","format":"[Gen 9] VGC 2023 Regulation E","log":"|j|\u2606otshibe\n|j|\u2606BreadyTorus\n|t:|1700457266\n|gametype|doubles\n|player|p1|otshibe|pilot|\n|player|p2|BreadyTorus|ethan|\n|teamsize|p1|6\n|teamsize|p2|6\n|gen|9\n|tier|[Gen 9] VGC 2023 Regulation E\n|rule|Species Clause: Limit one of each Pok\u00e9mon\n|rule|Item Clause: Limit one of each item\n|clearpoke\n|poke|p1|Scizor, L50, F|\n|poke|p1|Spiritomb, L50, F|\n|poke|p1|Flutter Mane, L50|\n|poke|p1|Goodra-Hisui, L50, F|\n|poke|p1|Rillaboom, L50, M|\n|poke|p1|Camerupt, L50, F|\n|poke|p2|Gallade, L50, M|\n|poke|p2|Drifblim, L50, M|\n|poke|p2|Ogerpon-Cornerstone, L50, F|\n|poke|p2|Scream Tail, L50|\n|poke|p2|Chi-Yu, L50|\n|poke|p2|Tornadus, L50, M|\n|teampreview|4\n|\n|t:|1700457339\n|start\n|switch|p1a: Spiritomb|Spiritomb, L50, F|100\/100\n|switch|p1b: Flutter Mane|Flutter Mane, L50|100\/100\n|switch|p2a: My Fish|Chi-Yu, L50|100\/100\n|switch|p2b: Curl|Scream Tail, L50|100\/100\n|-ability|p2a: My Fish|Beads of Ruin\n|-enditem|p1b: Flutter Mane|Booster Energy\n|-activate|p1b: Flutter Mane|ability: Protosynthesis|[fromitem]\n|-start|p1b: Flutter Mane|protosynthesisspe\n|turn|1\n|\n|t:|1700457372\n|move|p1b: Flutter Mane|Power Gem|p2a: My Fish\n|-supereffective|p2a: My Fish\n|-damage|p2a: My Fish|41\/100\n|move|p2a: My Fish|Heat Wave|p1b: Flutter Mane|[spread] p1a\n|-miss|p2a: My Fish|p1b: Flutter Mane\n|-damage|p1a: Spiritomb|43\/100\n|-damage|p2a: My Fish|31\/100|[from] item: Life Orb\n|move|p2b: Curl|Imprison|p2b: Curl\n|-start|p2b: Curl|move: Imprison\n|move|p1a: Spiritomb|Trick Room|p1a: Spiritomb\n|-fieldstart|move: Trick Room|[of] p1a: Spiritomb\n|\n|upkeep\n|turn|2\n|\n|t:|1700457405\n|switch|p2a: Helium|Gallade, L50, M|100\/100\n|move|p1a: Spiritomb|Snarl|p2b: Curl|[spread] p2a,p2b\n|-damage|p2a: Helium|87\/100\n|-damage|p2b: Curl|92\/100\n|-unboost|p2a: Helium|spa|1\n|-unboost|p2b: Curl|spa|1\n|move|p2b: Curl|Dazzling Gleam|p1b: Flutter Mane|[spread] p1a,p1b\n|-supereffective|p1a: Spiritomb\n|-damage|p1a: Spiritomb|15\/100\n|-damage|p1b: Flutter Mane|87\/100\n|move|p1b: Flutter Mane|Power Gem|p2a: Helium\n|-resisted|p2a: Helium\n|-damage|p2a: Helium|73\/100\n|\n|-heal|p2b: Curl|98\/100|[from] item: Leftovers\n|upkeep\n|turn|3\n|\n|t:|1700457441\n|move|p1a: Spiritomb|Will-O-Wisp|p2a: Helium\n|-status|p2a: Helium|brn\n|move|p2a: Helium|Aqua Cutter|p1a: Spiritomb\n|-crit|p1a: Spiritomb\n|-damage|p1a: Spiritomb|0 fnt\n|faint|p1a: Spiritomb\n|move|p2b: Curl|Dazzling Gleam|p1b: Flutter Mane\n|-crit|p1b: Flutter Mane\n|-damage|p1b: Flutter Mane|50\/100\n|move|p1b: Flutter Mane|Shadow Ball|p2b: Curl\n|-supereffective|p2b: Curl\n|-damage|p2b: Curl|31\/100\n|\n|-heal|p2b: Curl|37\/100|[from] item: Leftovers\n|-damage|p2a: Helium|67\/100 brn|[from] brn\n|upkeep\n|\n|t:|1700457476\n|switch|p1a: Scizor|Scizor, L50, F|100\/100\n|turn|4\n|\n|t:|1700457492\n|move|p2b: Curl|Protect|p2b: Curl\n|-singleturn|p2b: Curl|Protect\n|move|p1a: Scizor|Swords Dance|p1a: Scizor\n|-boost|p1a: Scizor|atk|2\n|move|p2a: Helium|Sacred Sword|p1a: Scizor\n|-damage|p1a: Scizor|64\/100\n|move|p1b: Flutter Mane|Shadow Ball|p2a: Helium\n|-supereffective|p2a: Helium\n|-damage|p2a: Helium|0 fnt\n|faint|p2a: Helium\n|\n|-heal|p2b: Curl|42\/100|[from] item: Leftovers\n|upkeep\n|\n|t:|1700457523\n|switch|p2a: Kracko|Tornadus, L50, M|100\/100\n|turn|5\n|\n|t:|1700457545\n|-terastallize|p2b: Curl|Steel\n|move|p1a: Scizor|Bullet Punch|p2b: Curl\n|-resisted|p2b: Curl\n|-damage|p2b: Curl|7\/100\n|move|p2a: Kracko|Bleakwind Storm|p1a: Scizor|[spread] p1a,p1b\n|-damage|p1a: Scizor|11\/100\n|-damage|p1b: Flutter Mane|14\/100\n|-unboost|p1b: Flutter Mane|spe|1\n|move|p2b: Curl|Dazzling Gleam|p1b: Flutter Mane|[spread] p1a,p1b\n|-resisted|p1a: Scizor\n|-damage|p1a: Scizor|2\/100\n|-damage|p1b: Flutter Mane|0 fnt\n|faint|p1b: Flutter Mane\n|-end|p1b: Flutter Mane|Protosynthesis|[silent]\n|\n|-heal|p2b: Curl|13\/100|[from] item: Leftovers\n|-fieldend|move: Trick Room\n|upkeep\n|\n|t:|1700457559\n|switch|p1b: Goodra|Goodra-Hisui, L50, F|100\/100\n|turn|6\n|\n|t:|1700457613\n|move|p2b: Curl|Protect|p2b: Curl\n|-singleturn|p2b: Curl|Protect\n|move|p1a: Scizor|Bullet Punch|p2b: Curl\n|-activate|p2b: Curl|move: Protect\n|move|p2a: Kracko|Bleakwind Storm|p1b: Goodra|[spread] p1a,p1b\n|-resisted|p1b: Goodra\n|-damage|p1a: Scizor|0 fnt\n|-damage|p1b: Goodra|91\/100\n|faint|p1a: Scizor\n|move|p1b: Goodra|Acid Armor|p1b: Goodra\n|-boost|p1b: Goodra|def|2\n|\n|-heal|p2b: Curl|19\/100|[from] item: Leftovers\n|-heal|p1b: Goodra|97\/100|[from] item: Leftovers\n|upkeep\n|turn|7\n|\n|t:|1700457642\n|move|p2a: Kracko|Taunt|p1b: Goodra\n|-start|p1b: Goodra|move: Taunt\n|move|p2b: Curl|Dazzling Gleam|p1b: Goodra\n|-damage|p1b: Goodra|87\/100\n|move|p1b: Goodra|Body Press|p2b: Curl\n|-supereffective|p2b: Curl\n|-damage|p2b: Curl|0 fnt\n|faint|p2b: Curl\n|-end|p2b: Curl|Protosynthesis|[silent]\n|\n|-heal|p1b: Goodra|93\/100|[from] item: Leftovers\n|upkeep\n|\n|t:|1700457654\n|switch|p2b: My Fish|Chi-Yu, L50|31\/100\n|-ability|p2b: My Fish|Beads of Ruin\n|turn|8\n|\n|t:|1700457674\n|-terastallize|p1b: Goodra|Flying\n|move|p2b: My Fish|Dark Pulse|p1b: Goodra\n|-damage|p1b: Goodra|58\/100\n|-damage|p2b: My Fish|21\/100|[from] item: Life Orb\n|move|p2a: Kracko|Bleakwind Storm|p1b: Goodra\n|-damage|p1b: Goodra|16\/100\n|-unboost|p1b: Goodra|spe|1\n|move|p1b: Goodra|Body Press|p2b: My Fish\n|-supereffective|p2b: My Fish\n|-damage|p2b: My Fish|0 fnt\n|faint|p2b: My Fish\n|\n|-heal|p1b: Goodra|22\/100|[from] item: Leftovers\n|upkeep\n|turn|9\n|\n|t:|1700457698\n|move|p2a: Kracko|Sludge Bomb|p1b: Goodra\n|-damage|p1b: Goodra|5\/100\n|move|p1b: Goodra|Heavy Slam|p2a: Kracko\n|-damage|p2a: Kracko|52\/100\n|\n|-heal|p1b: Goodra|11\/100|[from] item: Leftovers\n|-end|p1b: Goodra|move: Taunt\n|upkeep\n|turn|10\n|\n|t:|1700457708\n|move|p2a: Kracko|Sludge Bomb|p1b: Goodra\n|-damage|p1b: Goodra|0 fnt\n|faint|p1b: Goodra\n|\n|win|BreadyTorus\n","uploadtime":1700457716,"views":5,"p1id":"otshibe","p2id":"breadytorus","formatid":"gen9vgc2023regulatione","rating":0,"private":0,"password":""}