{"id":"gen9vgc2023regulatione-1999879286","p1":"BoyzAssJibBoyz","p2":"Lithoriorm","format":"[Gen 9] VGC 2023 Regulation E","log":"|j|\u2606BoyzAssJibBoyz\n|j|\u2606Lithoriorm\n|t:|1701125628\n|gametype|doubles\n|player|p1|BoyzAssJibBoyz|266|1200\n|player|p2|Lithoriorm|265|1314\n|teamsize|p1|6\n|teamsize|p2|6\n|gen|9\n|tier|[Gen 9] VGC 2023 Regulation E\n|rated|\n|rule|Species Clause: Limit one of each Pok\u00e9mon\n|rule|Item Clause: Limit one of each item\n|clearpoke\n|poke|p1|Milotic, L50, F|\n|poke|p1|Grafaiai, L50, F|\n|poke|p1|Goodra-Hisui, L50, F|\n|poke|p1|Moltres-Galar, L50|\n|poke|p1|Sinistcha, L50|\n|poke|p1|Landorus-Therian, L50, M|\n|poke|p2|Chi-Yu, L50|\n|poke|p2|Flutter Mane, L50|\n|poke|p2|Iron Hands, L50|\n|poke|p2|Tornadus, L50, M|\n|poke|p2|Arcanine-Hisui, L50, M|\n|poke|p2|Ogerpon-Wellspring, L50, F|\n|teampreview|4\n|inactive|Battle timer is ON: inactive players will automatically lose when time's up. (requested by Lithoriorm)\n|c|\u2606Lithoriorm|glhf\nLithoriorm has agreed to open team sheets.\n|inactive|BoyzAssJibBoyz has 60 seconds left.\n|inactive|Lithoriorm has 60 seconds left.\n|\n|t:|1701125672\n|start\n|switch|p1a: Grafaiai|Grafaiai, L50, F|100\/100\n|switch|p1b: Milotic|Milotic, L50, F|100\/100\n|switch|p2a: Chi-Yu|Chi-Yu, L50|100\/100\n|switch|p2b: Flutter Mane|Flutter Mane, L50, shiny|100\/100\n|-ability|p2a: Chi-Yu|Beads of Ruin\n|-enditem|p2b: Flutter Mane|Booster Energy\n|-activate|p2b: Flutter Mane|ability: Protosynthesis|[fromitem]\n|-start|p2b: Flutter Mane|protosynthesisspe\n|turn|1\n|inactive|BoyzAssJibBoyz has 30 seconds left.\n|\n|t:|1701125701\n|move|p2b: Flutter Mane|Protect|p2b: Flutter Mane\n|-singleturn|p2b: Flutter Mane|Protect\n|move|p2a: Chi-Yu|Psychic|p1a: Grafaiai\n|-supereffective|p1a: Grafaiai\n|-crit|p1a: Grafaiai\n|-damage|p1a: Grafaiai|0 fnt\n|faint|p1a: Grafaiai\n|move|p1b: Milotic|Hypnosis|p2b: Flutter Mane\n|-activate|p2b: Flutter Mane|move: Protect\n|\n|upkeep\n|\n|t:|1701125711\n|switch|p1a: Moltres|Moltres-Galar, L50|100\/100\n|turn|2\n|\n|t:|1701125721\n|move|p1a: Moltres|Protect|p1a: Moltres\n|-singleturn|p1a: Moltres|Protect\n|move|p2b: Flutter Mane|Moonblast|p1b: Milotic\n|-damage|p1b: Milotic|55\/100\n|-unboost|p1b: Milotic|spa|1\n|move|p2a: Chi-Yu|Dark Pulse|p1b: Milotic\n|-damage|p1b: Milotic|13\/100\n|move|p1b: Milotic|Hypnosis|p2b: Flutter Mane\n|-status|p2b: Flutter Mane|slp|[from] move: Hypnosis\n|\n|upkeep\n|turn|3\n|\n|t:|1701125746\n|cant|p2b: Flutter Mane|slp\n|move|p2a: Chi-Yu|Heat Wave|p1a: Moltres|[spread] p1a,p1b\n|-resisted|p1b: Milotic\n|-damage|p1a: Moltres|57\/100\n|-damage|p1b: Milotic|0 fnt\n|faint|p1b: Milotic\n|move|p1a: Moltres|Nasty Plot|p1a: Moltres\n|-boost|p1a: Moltres|spa|2\n|\n|upkeep\n|\n|t:|1701125755\n|switch|p1b: Sinistcha|Sinistcha, L50|100\/100\n|-heal|p1a: Moltres|82\/100|[from] ability: Hospitality|[of] p1b: Sinistcha\n|turn|4\n|\n|t:|1701125770\n|-terastallize|p1b: Sinistcha|Water\n|cant|p2b: Flutter Mane|slp\n|move|p2a: Chi-Yu|Heat Wave|p1a: Moltres|[spread] p1a,p1b\n|-resisted|p1b: Sinistcha\n|-damage|p1a: Moltres|40\/100\n|-damage|p1b: Sinistcha|71\/100\n|-ability|p1a: Moltres|Berserk|boost\n|-boost|p1a: Moltres|spa|1\n|-enditem|p1a: Moltres|Sitrus Berry|[eat]\n|-heal|p1a: Moltres|65\/100|[from] item: Sitrus Berry\n|move|p1a: Moltres|Fiery Wrath|p2a: Chi-Yu|[spread] p2a,p2b\n|-resisted|p2a: Chi-Yu\n|-damage|p2a: Chi-Yu|57\/100\n|-damage|p2b: Flutter Mane|12\/100 slp\n|move|p1b: Sinistcha|Matcha Gotcha|p2b: Flutter Mane|[spread] p2b\n|-miss|p1b: Sinistcha|p2a: Chi-Yu\n|-damage|p2b: Flutter Mane|0 fnt\n|-heal|p1b: Sinistcha|76\/100|[from] drain|[of] p2b: Flutter Mane\n|faint|p2b: Flutter Mane\n|-end|p2b: Flutter Mane|Protosynthesis|[silent]\n|\n|upkeep\n|\n|t:|1701125788\n|switch|p2b: Iron Hands|Iron Hands, L50, shiny|100\/100\n|turn|5\n|\n|t:|1701125810\n|move|p2a: Chi-Yu|Heat Wave|p1b: Sinistcha|[spread] p1a,p1b\n|-crit|p1a: Moltres\n|-resisted|p1b: Sinistcha\n|-damage|p1a: Moltres|0 fnt\n|-damage|p1b: Sinistcha|48\/100\n|faint|p1a: Moltres\n|move|p1b: Sinistcha|Life Dew|p1b: Sinistcha\n|-heal|p1b: Sinistcha|73\/100\n|move|p2b: Iron Hands|Wild Charge|p1b: Sinistcha\n|-supereffective|p1b: Sinistcha\n|-damage|p1b: Sinistcha|6\/100\n|-enditem|p1b: Sinistcha|Aguav Berry|[eat]\n|-heal|p1b: Sinistcha|39\/100|[from] item: Aguav Berry\n|-damage|p2b: Iron Hands|88\/100|[from] Recoil\n|\n|upkeep\n|turn|6\n|-message|BoyzAssJibBoyz forfeited.\n|\n|win|Lithoriorm\n|raw|BoyzAssJibBoyz's rating: 1200 &rarr; <strong>1183<\/strong><br \/>(-17 for losing)\n|raw|Lithoriorm's rating: 1314 &rarr; <strong>1328<\/strong><br \/>(+14 for winning)\n|l|\u2606BoyzAssJibBoyz\n|c|\u2606Lithoriorm|gg\n","uploadtime":1701125827,"views":2,"p1id":"boyzassjibboyz","p2id":"lithoriorm","formatid":"gen9vgc2023regulatione","rating":1183,"private":0,"password":""}