{"id":"gen9vgc2023regulatione-1997401631","p1":"electricboogaloo12","p2":"KingA3","format":"[Gen 9] VGC 2023 Regulation E","log":"|j|\u203delectricboogaloo12\n|j|\u2606KingA3\n|t:|1700799521\n|gametype|doubles\n|player|p1|electricboogaloo12|cynthia|1308\n|player|p2|KingA3|170|1301\n|teamsize|p1|6\n|teamsize|p2|6\n|gen|9\n|tier|[Gen 9] VGC 2023 Regulation E\n|rated|\n|rule|Species Clause: Limit one of each Pok\u00e9mon\n|rule|Item Clause: Limit one of each item\n|clearpoke\n|poke|p1|Gastrodon, L50, F|\n|poke|p1|Grimmsnarl, L50, M|\n|poke|p1|Articuno-Galar, L50|\n|poke|p1|Heatran, L50, M|\n|poke|p1|Houndoom, L50, F|\n|poke|p1|Farigiraf, L50, M|\n|poke|p2|Indeedee-F, L50, F|\n|poke|p2|Armarouge, L50, F|\n|poke|p2|Hatterene, L50, F|\n|poke|p2|Ursaluna, L50, M|\n|poke|p2|Urshifu-*, L50, F|\n|poke|p2|Torkoal, L50, M|\n|teampreview|4\n|inactive|Battle timer is ON: inactive players will automatically lose when time's up. (requested by electricboogaloo12)\n|inactive|KingA3 has 60 seconds left.\n|\n|t:|1700799556\n|start\n|switch|p1a: Farigiraf|Farigiraf, L50, M|100\/100\n|switch|p1b: Articuno|Articuno-Galar, L50|100\/100\n|switch|p2a: Hatterene|Hatterene, L50, F|100\/100\n|switch|p2b: Indeedee|Indeedee-F, L50, F|100\/100\n|-fieldstart|move: Psychic Terrain|[from] ability: Psychic Surge|[of] p2b: Indeedee\n|-enditem|p2b: Indeedee|Psychic Seed\n|-boost|p2b: Indeedee|spd|1|[from] item: Psychic Seed\n|turn|1\n|inactive|electricboogaloo12 has 30 seconds left.\n|inactive|KingA3 has 30 seconds left.\n|\n|t:|1700799591\n|move|p2b: Indeedee|Helping Hand|p2a: Hatterene\n|-singleturn|p2a: Hatterene|Helping Hand|[of] p2b: Indeedee\n|move|p1a: Farigiraf|Trick|p2a: Hatterene\n|-activate|p1a: Farigiraf|move: Trick|[of] p2a: Hatterene\n|-item|p2a: Hatterene|Choice Scarf|[from] move: Trick\n|-item|p1a: Farigiraf|Life Orb|[from] move: Trick\n|move|p2a: Hatterene|Dazzling Gleam|p1a: Farigiraf|[spread] p1a,p1b\n|-damage|p1a: Farigiraf|51\/100\n|-damage|p1b: Articuno|57\/100\n|move|p1b: Articuno|Trick Room|p1b: Articuno\n|-fieldstart|move: Trick Room|[of] p1b: Articuno\n|\n|upkeep\n|turn|2\n|inactive|electricboogaloo12 has 30 seconds left.\n|\n|t:|1700799617\n|move|p2b: Indeedee|Helping Hand|p2a: Hatterene\n|-singleturn|p2a: Hatterene|Helping Hand|[of] p2b: Indeedee\n|move|p2a: Hatterene|Dazzling Gleam|p1b: Articuno|[spread] p1a,p1b\n|-damage|p1a: Farigiraf|2\/100\n|-damage|p1b: Articuno|9\/100\n|move|p1a: Farigiraf|Hyper Voice|p2b: Indeedee|[spread] p2a,p2b\n|-damage|p2a: Hatterene|65\/100\n|-damage|p2b: Indeedee|76\/100\n|-damage|p1a: Farigiraf|0 fnt|[from] item: Life Orb\n|faint|p1a: Farigiraf\n|move|p1b: Articuno|Freezing Glare|p2a: Hatterene\n|-resisted|p2a: Hatterene\n|-damage|p2a: Hatterene|41\/100\n|\n|upkeep\n|\n|t:|1700799627\n|switch|p1a: Gastrodon|Gastrodon, L50, F, shiny|100\/100\n|turn|3\n|\n|t:|1700799636\n|move|p2b: Indeedee|Helping Hand|p2a: Hatterene\n|-singleturn|p2a: Hatterene|Helping Hand|[of] p2b: Indeedee\n|move|p1b: Articuno|Protect|p1b: Articuno\n|-singleturn|p1b: Articuno|Protect\n|move|p2a: Hatterene|Dazzling Gleam|p1b: Articuno|[spread] p1a\n|-activate|p1b: Articuno|move: Protect\n|-damage|p1a: Gastrodon|57\/100\n|move|p1a: Gastrodon|Earth Power|p2a: Hatterene\n|-crit|p2a: Hatterene\n|-damage|p2a: Hatterene|0 fnt\n|faint|p2a: Hatterene\n|\n|upkeep\n|\n|t:|1700799650\n|switch|p2a: Armarouge|Armarouge, L50, F|100\/100\n|turn|4\n|\n|t:|1700799662\n|switch|p1a: Houndoom|Houndoom, L50, F|100\/100\n|move|p2b: Indeedee|Helping Hand|p2a: Armarouge\n|-singleturn|p2a: Armarouge|Helping Hand|[of] p2b: Indeedee\n|move|p2a: Armarouge|Expanding Force|p1b: Articuno|[spread] p1b\n|-immune|p1a: Houndoom\n|-resisted|p1b: Articuno\n|-damage|p1b: Articuno|0 fnt\n|faint|p1b: Articuno\n|\n|upkeep\n|\n|t:|1700799669\n|switch|p1b: Gastrodon|Gastrodon, L50, F, shiny|57\/100\n|turn|5\n|\n|t:|1700799683\n|-terastallize|p2a: Armarouge|Grass\n|move|p1b: Gastrodon|Earth Power|p2a: Armarouge\n|-resisted|p2a: Armarouge\n|-damage|p2a: Armarouge|83\/100\n|move|p2a: Armarouge|Expanding Force|p1b: Gastrodon|[spread] p1b\n|-immune|p1a: Houndoom\n|-damage|p1b: Gastrodon|0 fnt\n|faint|p1b: Gastrodon\n|move|p2b: Indeedee|Dazzling Gleam|p1a: Houndoom\n|-damage|p1a: Houndoom|80\/100\n|move|p1a: Houndoom|Dark Pulse|p2a: Armarouge\n|-damage|p2a: Armarouge|44\/100\n|\n|-fieldend|move: Trick Room\n|-fieldend|move: Psychic Terrain\n|upkeep\n|turn|6\n|\n|t:|1700799708\n|switch|p2b: Ursaluna|Ursaluna, L50, M|100\/100\n|move|p1a: Houndoom|Dark Pulse|p2b: Ursaluna\n|-damage|p2b: Ursaluna|66\/100\n|move|p2a: Armarouge|Trick Room|p2a: Armarouge\n|-fieldstart|move: Trick Room|[of] p2a: Armarouge\n|\n|-status|p2b: Ursaluna|brn|[from] item: Flame Orb\n|upkeep\n|turn|7\n|\n|t:|1700799723\n|switch|p2a: Indeedee|Indeedee-F, L50, F|76\/100\n|-fieldstart|move: Psychic Terrain|[from] ability: Psychic Surge|[of] p2a: Indeedee\n|-terastallize|p1a: Houndoom|Flying\n|move|p2b: Ursaluna|Facade|p1a: Houndoom\n|-damage|p1a: Houndoom|0 fnt\n|faint|p1a: Houndoom\n|\n|win|KingA3\n|raw|electricboogaloo12's rating: 1308 &rarr; <strong>1288<\/strong><br \/>(-20 for losing)\n|raw|KingA3's rating: 1301 &rarr; <strong>1321<\/strong><br \/>(+20 for winning)\n|l|\u203delectricboogaloo12\n","uploadtime":1700799738,"views":7,"p1id":"electricboogaloo12","p2id":"kinga3","formatid":"gen9vgc2023regulatione","rating":1288,"private":0,"password":""}