{"id":"gen9vgc2023regulatione-1989441823","p1":"Deantzo","p2":"Trains go BRRR","format":"[Gen 9] VGC 2023 Regulation E","log":"|j|\u2606Deantzo\n|j|\u2606Trains go BRRR\n|t:|1699851011\n|gametype|doubles\n|player|p1|Deantzo|morty|1373\n|player|p2|Trains go BRRR|102|1426\n|teamsize|p1|6\n|teamsize|p2|6\n|gen|9\n|tier|[Gen 9] VGC 2023 Regulation E\n|rated|\n|rule|Species Clause: Limit one of each Pok\u00e9mon\n|rule|Item Clause: Limit one of each item\n|clearpoke\n|poke|p1|Urshifu-*, L50, M|\n|poke|p1|Ogerpon-Hearthflame, L50, F|\n|poke|p1|Flutter Mane, L50|\n|poke|p1|Regieleki, L50|\n|poke|p1|Rillaboom, L50, M|\n|poke|p1|Chien-Pao, L50|\n|poke|p2|Milotic, L50, F|\n|poke|p2|Rillaboom, L50, M|\n|poke|p2|Heatran, L50, M|\n|poke|p2|Landorus-Therian, L50, M|\n|poke|p2|Dragonite, L50, F|\n|poke|p2|Chien-Pao, L50|\n|teampreview|4\n|inactive|Battle timer is ON: inactive players will automatically lose when time's up. (requested by Deantzo)\n|inactive|Trains go BRRR has 60 seconds left.\n|\n|t:|1699851045\n|start\n|switch|p1a: Urshifu|Urshifu-Rapid-Strike, L50, M|100\/100\n|switch|p1b: Rillaboom|Rillaboom, L50, M|100\/100\n|switch|p2a: Landorus|Landorus-Therian, L50, M|100\/100\n|switch|p2b: Chien-Pao|Chien-Pao, L50|100\/100\n|-ability|p2a: Landorus|Intimidate|boost\n|-unboost|p1a: Urshifu|atk|1\n|-unboost|p1b: Rillaboom|atk|1\n|-ability|p2b: Chien-Pao|Sword of Ruin\n|-fieldstart|move: Grassy Terrain|[from] ability: Grassy Surge|[of] p1b: Rillaboom\n|turn|1\n|inactive|Trains go BRRR has 30 seconds left.\n|\n|t:|1699851075\n|switch|p2a: Rillaboom|Rillaboom, L50, M|100\/100\n|-terastallize|p2b: Chien-Pao|Ghost\n|move|p1b: Rillaboom|Fake Out|p2a: Rillaboom\n|-damage|p2a: Rillaboom|88\/100\n|move|p2b: Chien-Pao|Icicle Crash|p1b: Rillaboom|[miss]\n|-miss|p2b: Chien-Pao|p1b: Rillaboom\n|move|p1a: Urshifu|Surging Strikes|p2b: Chien-Pao\n|-crit|p2b: Chien-Pao\n|-damage|p2b: Chien-Pao|67\/100\n|-crit|p2b: Chien-Pao\n|-damage|p2b: Chien-Pao|35\/100\n|-crit|p2b: Chien-Pao\n|-damage|p2b: Chien-Pao|2\/100\n|-hitcount|p2b: Chien-Pao|3\n|\n|-heal|p2b: Chien-Pao|8\/100|[from] Grassy Terrain\n|-heal|p2a: Rillaboom|94\/100|[from] Grassy Terrain\n|upkeep\n|turn|2\n|inactive|Deantzo has 30 seconds left.\n|inactive|Trains go BRRR has 30 seconds left.\n|\n|t:|1699851105\n|move|p1a: Urshifu|Detect|p1a: Urshifu\n|-singleturn|p1a: Urshifu|Protect\n|move|p1b: Rillaboom|Protect|p1b: Rillaboom\n|-singleturn|p1b: Rillaboom|Protect\n|move|p2a: Rillaboom|Fake Out|p1b: Rillaboom\n|-activate|p1b: Rillaboom|move: Protect\n|move|p2b: Chien-Pao|Icicle Crash|p1b: Rillaboom\n|-activate|p1b: Rillaboom|move: Protect\n|\n|-heal|p2b: Chien-Pao|13\/100|[from] Grassy Terrain\n|-heal|p2a: Rillaboom|100\/100|[from] Grassy Terrain\n|upkeep\n|turn|3\n|inactive|Deantzo has 30 seconds left.\n|inactive|Trains go BRRR has 30 seconds left.\n|\n|t:|1699851137\n|switch|p2b: Landorus|Landorus-Therian, L50, M|100\/100\n|-ability|p2b: Landorus|Intimidate|boost\n|-unboost|p1a: Urshifu|atk|1\n|-unboost|p1b: Rillaboom|atk|1\n|move|p1b: Rillaboom|Grassy Glide|p2b: Landorus\n|-damage|p2b: Landorus|75\/100\n|move|p1a: Urshifu|Close Combat|p2a: Rillaboom\n|-crit|p2a: Rillaboom\n|-damage|p2a: Rillaboom|5\/100\n|-unboost|p1a: Urshifu|def|1\n|-unboost|p1a: Urshifu|spd|1\n|move|p2a: Rillaboom|Wood Hammer|p1a: Urshifu\n|-supereffective|p1a: Urshifu\n|-damage|p1a: Urshifu|0 fnt\n|faint|p1a: Urshifu\n|-damage|p2a: Rillaboom|0 fnt|[from] Recoil\n|faint|p2a: Rillaboom\n|\n|upkeep\n|\n|t:|1699851162\n|switch|p1a: Chien-Pao|Chien-Pao, L50|100\/100\n|switch|p2a: Heatran|Heatran, L50, M|100\/100\n|-ability|p1a: Chien-Pao|Sword of Ruin\n|turn|4\n|\n|t:|1699851178\n|-terastallize|p1b: Rillaboom|Fire\n|move|p1a: Chien-Pao|Protect|p1a: Chien-Pao\n|-singleturn|p1a: Chien-Pao|Protect\n|move|p2a: Heatran|Protect|p2a: Heatran\n|-singleturn|p2a: Heatran|Protect\n|move|p2b: Landorus|U-turn|p1a: Chien-Pao\n|-activate|p1a: Chien-Pao|move: Protect\n|move|p1b: Rillaboom|Wood Hammer|p2b: Landorus\n|-damage|p2b: Landorus|0 fnt\n|faint|p2b: Landorus\n|-damage|p1b: Rillaboom|77\/100|[from] Recoil\n|\n|-heal|p1b: Rillaboom|83\/100|[from] Grassy Terrain\n|upkeep\n|\n|t:|1699851191\n|switch|p2b: Chien-Pao|Chien-Pao, L50, tera:Ghost|13\/100\n|-ability|p2b: Chien-Pao|Sword of Ruin\n|turn|5\n|inactive|Deantzo has 30 seconds left.\n|\n|t:|1699851218\n|move|p2b: Chien-Pao|Protect|p2b: Chien-Pao\n|-singleturn|p2b: Chien-Pao|Protect\n|move|p1b: Rillaboom|Protect|p1b: Rillaboom\n|-singleturn|p1b: Rillaboom|Protect\n|move|p1a: Chien-Pao|Sucker Punch||[still]\n|-fail|p1a: Chien-Pao\n|move|p2a: Heatran|Flash Cannon|p1a: Chien-Pao\n|-supereffective|p1a: Chien-Pao\n|-enditem|p1a: Chien-Pao|Focus Sash\n|-damage|p1a: Chien-Pao|1\/100\n|-damage|p2a: Heatran|91\/100|[from] item: Life Orb\n|\n|-heal|p1a: Chien-Pao|7\/100|[from] Grassy Terrain\n|-heal|p2b: Chien-Pao|19\/100|[from] Grassy Terrain\n|-heal|p2a: Heatran|97\/100|[from] Grassy Terrain\n|-heal|p1b: Rillaboom|90\/100|[from] Grassy Terrain\n|-fieldend|move: Grassy Terrain\n|upkeep\n|turn|6\n|inactive|Deantzo has 30 seconds left.\n|inactive|Trains go BRRR has 30 seconds left.\n|\n|t:|1699851246\n|switch|p1b: Regieleki|Regieleki, L50|100\/100\n|move|p2b: Chien-Pao|Sucker Punch|p1a: Chien-Pao\n|-resisted|p1a: Chien-Pao\n|-damage|p1a: Chien-Pao|0 fnt\n|faint|p1a: Chien-Pao\n|move|p2a: Heatran|Earth Power|p1b: Regieleki\n|-supereffective|p1b: Regieleki\n|-damage|p1b: Regieleki|0 fnt\n|faint|p1b: Regieleki\n|-damage|p2a: Heatran|87\/100|[from] item: Life Orb\n|\n|upkeep\n|\n|t:|1699851259\n|switch|p1b: Rillaboom|Rillaboom, L50, M, tera:Fire|90\/100\n|-fieldstart|move: Grassy Terrain|[from] ability: Grassy Surge|[of] p1b: Rillaboom\n|turn|7\n|\n|t:|1699851267\n|move|p2b: Chien-Pao|Protect|p2b: Chien-Pao\n|-singleturn|p2b: Chien-Pao|Protect\n|move|p2a: Heatran|Protect|p2a: Heatran\n|-singleturn|p2a: Heatran|Protect\n|move|p1b: Rillaboom|Fake Out|p2a: Heatran\n|-activate|p2a: Heatran|move: Protect\n|\n|-heal|p2b: Chien-Pao|25\/100|[from] Grassy Terrain\n|-heal|p2a: Heatran|93\/100|[from] Grassy Terrain\n|-heal|p1b: Rillaboom|96\/100|[from] Grassy Terrain\n|upkeep\n|turn|8\n|\n|t:|1699851286\n|move|p2b: Chien-Pao|Sucker Punch|p1b: Rillaboom\n|-damage|p1b: Rillaboom|55\/100\n|move|p1b: Rillaboom|Grassy Glide|p2b: Chien-Pao\n|-damage|p2b: Chien-Pao|0 fnt\n|faint|p2b: Chien-Pao\n|move|p2a: Heatran|Earth Power|p1b: Rillaboom\n|-supereffective|p1b: Rillaboom\n|-damage|p1b: Rillaboom|0 fnt\n|faint|p1b: Rillaboom\n|-damage|p2a: Heatran|83\/100|[from] item: Life Orb\n|\n|win|Trains go BRRR\n|raw|Deantzo's rating: 1373 &rarr; <strong>1356<\/strong><br \/>(-17 for losing)\n|raw|Trains go BRRR's rating: 1426 &rarr; <strong>1443<\/strong><br \/>(+17 for winning)\n","uploadtime":1699851299,"views":12,"p1id":"deantzo","p2id":"trainsgobrrr","formatid":"gen9vgc2023regulatione","rating":1356,"private":0,"password":""}