{"id":"gen9vgc2023regulatione-1988647509","p1":"Steve9999","p2":"MoxieMitch","format":"[Gen 9] VGC 2023 Regulation E","log":"|j|\u2606Steve9999\n|j|\u2606MoxieMitch\n|t:|1699745930\n|gametype|doubles\n|player|p1|Steve9999|170|1228\n|player|p2|MoxieMitch|170|1190\n|teamsize|p1|6\n|teamsize|p2|6\n|gen|9\n|tier|[Gen 9] VGC 2023 Regulation E\n|rated|\n|rule|Species Clause: Limit one of each Pok\u00e9mon\n|rule|Item Clause: Limit one of each item\n|clearpoke\n|poke|p1|Iron Hands, L50|\n|poke|p1|Farigiraf, L50, M|\n|poke|p1|Iron Bundle, L50|\n|poke|p1|Chi-Yu, L50|\n|poke|p1|Gholdengo, L50|\n|poke|p1|Sylveon, L50, M|\n|poke|p2|Ursaluna-Bloodmoon, L50, M|\n|poke|p2|Cresselia, L50, F|\n|poke|p2|Indeedee-F, L50, F|\n|poke|p2|Gastrodon-East, L50, M|\n|poke|p2|Iron Hands, L50|\n|poke|p2|Glastrier, L50|\n|teampreview|4\n|inactive|Battle timer is ON: inactive players will automatically lose when time's up. (requested by MoxieMitch)\n|\n|t:|1699745971\n|start\n|switch|p1a: Iron Bundle|Iron Bundle, L50, shiny|100\/100\n|switch|p1b: Gholdengo|Gholdengo, L50|100\/100\n|switch|p2a: Iron Hands|Iron Hands, L50|100\/100\n|switch|p2b: Ursaluna|Ursaluna-Bloodmoon, L50, M|100\/100\n|-enditem|p1a: Iron Bundle|Booster Energy\n|-activate|p1a: Iron Bundle|ability: Quark Drive|[fromitem]\n|-start|p1a: Iron Bundle|quarkdrivespe\n|turn|1\n|inactive|Steve9999 has 30 seconds left.\n|inactive|MoxieMitch has 30 seconds left.\n|inactive|MoxieMitch has 20 seconds left.\n|inactive|MoxieMitch has 15 seconds left.\n|inactive|MoxieMitch has 10 seconds left.\n|inactive|MoxieMitch has 5 seconds left.\n|\n|t:|1699746023\n|-terastallize|p1a: Iron Bundle|Ghost\n|-terastallize|p2b: Ursaluna|Normal\n|move|p1a: Iron Bundle|Freeze-Dry|p2b: Ursaluna\n|-damage|p2b: Ursaluna|60\/100\n|move|p1b: Gholdengo|Nasty Plot|p1b: Gholdengo\n|-boost|p1b: Gholdengo|spa|2\n|move|p2a: Iron Hands|Wild Charge|p1a: Iron Bundle\n|-damage|p1a: Iron Bundle|42\/100\n|-damage|p2a: Iron Hands|92\/100|[from] Recoil\n|move|p2b: Ursaluna|Blood Moon|p1b: Gholdengo\n|-resisted|p1b: Gholdengo\n|-damage|p1b: Gholdengo|27\/100\n|-damage|p2b: Ursaluna|51\/100|[from] item: Life Orb\n|\n|upkeep\n|turn|2\n|inactive|Steve9999 has 30 seconds left.\n|inactive|MoxieMitch has 30 seconds left.\n|\n|t:|1699746054\n|move|p2b: Ursaluna|Protect|p2b: Ursaluna\n|-singleturn|p2b: Ursaluna|Protect\n|move|p1a: Iron Bundle|Freeze-Dry|p2a: Iron Hands\n|-damage|p2a: Iron Hands|74\/100\n|move|p1b: Gholdengo|Make It Rain|p2a: Iron Hands|[spread] p2a\n|-activate|p2b: Ursaluna|move: Protect\n|-resisted|p2a: Iron Hands\n|-damage|p2a: Iron Hands|40\/100\n|-unboost|p1b: Gholdengo|spa|1\n|-damage|p1b: Gholdengo|18\/100|[from] item: Life Orb\n|move|p2a: Iron Hands|Drain Punch|p1b: Gholdengo\n|-immune|p1b: Gholdengo\n|\n|upkeep\n|turn|3\n|inactive|Steve9999 has 30 seconds left.\n|inactive|MoxieMitch has 30 seconds left.\n|inactive|Steve9999 has 20 seconds left.\n|\n|t:|1699746091\n|switch|p2b: Indeedee|Indeedee-F, L50, F|100\/100\n|-fieldstart|move: Psychic Terrain|[from] ability: Psychic Surge|[of] p2b: Indeedee\n|-enditem|p2b: Indeedee|Psychic Seed\n|-boost|p2b: Indeedee|spd|1|[from] item: Psychic Seed\n|move|p1a: Iron Bundle|Freeze-Dry|p2b: Indeedee\n|-damage|p2b: Indeedee|80\/100\n|move|p1b: Gholdengo|Make It Rain|p2a: Iron Hands|[spread] p2a,p2b\n|-resisted|p2a: Iron Hands\n|-damage|p2a: Iron Hands|12\/100\n|-damage|p2b: Indeedee|19\/100\n|-unboost|p1b: Gholdengo|spa|1\n|-damage|p1b: Gholdengo|8\/100|[from] item: Life Orb\n|move|p2a: Iron Hands|Wild Charge|p1b: Gholdengo\n|-damage|p1b: Gholdengo|0 fnt\n|faint|p1b: Gholdengo\n|-damage|p2a: Iron Hands|10\/100|[from] Recoil\n|\n|upkeep\n|\n|t:|1699746113\n|switch|p1b: Iron Hands|Iron Hands, L50, shiny|100\/100\n|turn|4\n|\n|t:|1699746131\n|move|p1a: Iron Bundle|Icy Wind|p2a: Iron Hands|[spread] p2a,p2b\n|-damage|p2a: Iron Hands|0 fnt\n|-damage|p2b: Indeedee|6\/100\n|-unboost|p2b: Indeedee|spe|1\n|faint|p2a: Iron Hands\n|-end|p2a: Iron Hands|Quark Drive|[silent]\n|move|p1b: Iron Hands|Heavy Slam|p2b: Indeedee\n|-damage|p2b: Indeedee|0 fnt\n|faint|p2b: Indeedee\n|\n|upkeep\n|\n|t:|1699746141\n|switch|p2b: Ursaluna|Ursaluna-Bloodmoon, L50, M, tera:Normal|51\/100\n|switch|p2a: Cresselia|Cresselia, L50, F|100\/100\n|turn|5\n|inactive|Steve9999 has 30 seconds left.\n|\n|t:|1699746170\n|move|p2b: Ursaluna|Protect|p2b: Ursaluna\n|-singleturn|p2b: Ursaluna|Protect\n|move|p1a: Iron Bundle|Freeze-Dry|p2a: Cresselia\n|-damage|p2a: Cresselia|79\/100\n|move|p1b: Iron Hands|Drain Punch|p2b: Ursaluna\n|-activate|p2b: Ursaluna|move: Protect\n|move|p2a: Cresselia|Trick Room|p2a: Cresselia\n|-fieldstart|move: Trick Room|[of] p2a: Cresselia\n|\n|upkeep\n|turn|6\n|inactive|MoxieMitch has 30 seconds left.\n|inactive|MoxieMitch has 20 seconds left.\n|inactive|MoxieMitch has 15 seconds left.\n|\n|t:|1699746212\n|move|p1b: Iron Hands|Drain Punch|p2b: Ursaluna\n|-supereffective|p2b: Ursaluna\n|-damage|p2b: Ursaluna|0 fnt\n|faint|p2b: Ursaluna\n|move|p2a: Cresselia|Lunar Blessing|p2a: Cresselia\n|-heal|p2a: Cresselia|100\/100\n|move|p1a: Iron Bundle|Freeze-Dry|p2a: Cresselia\n|-damage|p2a: Cresselia|79\/100\n|\n|upkeep\n|turn|7\n|-message|MoxieMitch forfeited.\n|\n|win|Steve9999\n|raw|Steve9999's rating: 1228 &rarr; <strong>1250<\/strong><br \/>(+22 for winning)\n|raw|MoxieMitch's rating: 1190 &rarr; <strong>1168<\/strong><br \/>(-22 for losing)\n|l|\u2606MoxieMitch\n","uploadtime":1699746226,"views":12,"p1id":"steve9999","p2id":"moxiemitch","formatid":"gen9vgc2023regulatione","rating":1168,"private":0,"password":""}