{"id":"gen9vgc2023regulatione-1996108076","p1":"LUMPECTOMY","p2":"emiya1.0","format":"[Gen 9] VGC 2023 Regulation E","log":"|j|\u2606LUMPECTOMY\n|j|\u2606emiya1.0\n|t:|1700645322\n|gametype|doubles\n|player|p1|LUMPECTOMY|n-masters|1478\n|player|p2|emiya1.0|swimmerf-gen4dp|1426\n|teamsize|p1|6\n|teamsize|p2|6\n|gen|9\n|tier|[Gen 9] VGC 2023 Regulation E\n|rated|\n|rule|Species Clause: Limit one of each Pok\u00e9mon\n|rule|Item Clause: Limit one of each item\n|clearpoke\n|poke|p1|Landorus-Therian, L50, M|\n|poke|p1|Ogerpon-Hearthflame, L50, F|\n|poke|p1|Flutter Mane, L50|\n|poke|p1|Dragonite, L50, F|\n|poke|p1|Chien-Pao, L50|\n|poke|p1|Iron Hands, L50|\n|poke|p2|Scream Tail, L50|\n|poke|p2|Ogerpon-Cornerstone, L50, F|\n|poke|p2|Chien-Pao, L50|\n|poke|p2|Flutter Mane, L50|\n|poke|p2|Farigiraf, L50, M|\n|poke|p2|Urshifu-*, L50, M|\n|teampreview|4\n|inactive|Battle timer is ON: inactive players will automatically lose when time's up. (requested by LUMPECTOMY)\nemiya1.0 has agreed to open team sheets.\n|inactive|LUMPECTOMY has 60 seconds left.\n|inactive|LUMPECTOMY has 30 seconds left.\n|\n|t:|1700645388\n|start\n|switch|p1a: Landorus|Landorus-Therian, L50, M|100\/100\n|switch|p1b: Chien-Pao|Chien-Pao, L50|100\/100\n|switch|p2a: \u5713\u6708\u51b0\u8f2a\u5200|Chien-Pao, L50|100\/100\n|switch|p2b: \u5927\u5ca9\u86c7|Ogerpon-Cornerstone, L50, F|100\/100\n|-ability|p1a: Landorus|Intimidate|boost\n|-unboost|p2a: \u5713\u6708\u51b0\u8f2a\u5200|atk|1\n|-unboost|p2b: \u5927\u5ca9\u86c7|atk|1\n|-ability|p2a: \u5713\u6708\u51b0\u8f2a\u5200|Sword of Ruin\n|-ability|p1b: Chien-Pao|Sword of Ruin\n|turn|1\n|\n|t:|1700645410\n|move|p2a: \u5713\u6708\u51b0\u8f2a\u5200|Ice Shard|p1a: Landorus\n|-supereffective|p1a: Landorus\n|-damage|p1a: Landorus|8\/100\n|-damage|p2a: \u5713\u6708\u51b0\u8f2a\u5200|91\/100|[from] item: Life Orb\n|move|p1a: Landorus|U-turn|p2a: \u5713\u6708\u51b0\u8f2a\u5200\n|-supereffective|p2a: \u5713\u6708\u51b0\u8f2a\u5200\n|-damage|p2a: \u5713\u6708\u51b0\u8f2a\u5200|24\/100\n|\n|t:|1700645415\n|switch|p1a: Iron Hands|Iron Hands, L50|100\/100|[from] U-turn\n|move|p1b: Chien-Pao|Lash Out|p2b: \u5927\u5ca9\u86c7\n|-damage|p2b: \u5927\u5ca9\u86c7|37\/100\n|move|p2b: \u5927\u5ca9\u86c7|Ivy Cudgel|p1b: Chien-Pao|[anim] Ivy Cudgel Rock\n|-supereffective|p1b: Chien-Pao\n|-enditem|p1b: Chien-Pao|Focus Sash\n|-damage|p1b: Chien-Pao|1\/100\n|\n|upkeep\n|turn|2\n|\n|t:|1700645437\n|move|p2a: \u5713\u6708\u51b0\u8f2a\u5200|Protect|p2a: \u5713\u6708\u51b0\u8f2a\u5200\n|-singleturn|p2a: \u5713\u6708\u51b0\u8f2a\u5200|Protect\n|move|p2b: \u5927\u5ca9\u86c7|Spiky Shield|p2b: \u5927\u5ca9\u86c7\n|-singleturn|p2b: \u5927\u5ca9\u86c7|move: Protect\n|move|p1b: Chien-Pao|Sucker Punch||[still]\n|-fail|p1b: Chien-Pao\n|move|p1a: Iron Hands|Drain Punch|p2a: \u5713\u6708\u51b0\u8f2a\u5200\n|-activate|p2a: \u5713\u6708\u51b0\u8f2a\u5200|move: Protect\n|\n|upkeep\n|turn|3\n|\n|t:|1700645454\n|switch|p2b: \u53e3\u4ea4\u5c3e|Scream Tail, L50, shiny|100\/100\n|-enditem|p2b: \u53e3\u4ea4\u5c3e|Booster Energy\n|-activate|p2b: \u53e3\u4ea4\u5c3e|ability: Protosynthesis|[fromitem]\n|-start|p2b: \u53e3\u4ea4\u5c3e|protosynthesisspe\n|move|p1b: Chien-Pao|Protect|p1b: Chien-Pao\n|-singleturn|p1b: Chien-Pao|Protect\n|move|p2a: \u5713\u6708\u51b0\u8f2a\u5200|Ice Shard|p1b: Chien-Pao\n|-activate|p1b: Chien-Pao|move: Protect\n|move|p1a: Iron Hands|Drain Punch|p2a: \u5713\u6708\u51b0\u8f2a\u5200\n|-supereffective|p2a: \u5713\u6708\u51b0\u8f2a\u5200\n|-damage|p2a: \u5713\u6708\u51b0\u8f2a\u5200|0 fnt\n|faint|p2a: \u5713\u6708\u51b0\u8f2a\u5200\n|\n|upkeep\n|\n|t:|1700645462\n|switch|p2a: \u90a3\u4e5f\u6c92\u8fa6\u9aee|Flutter Mane, L50|100\/100\n|turn|4\n|\n|t:|1700645471\n|-terastallize|p2a: \u90a3\u4e5f\u6c92\u8fa6\u9aee|Fairy\n|-terastallize|p1a: Iron Hands|Grass\n|move|p2b: \u53e3\u4ea4\u5c3e|Play Rough|p1a: Iron Hands\n|-damage|p1a: Iron Hands|81\/100\n|move|p1b: Chien-Pao|Icicle Crash|p2a: \u90a3\u4e5f\u6c92\u8fa6\u9aee\n|-crit|p2a: \u90a3\u4e5f\u6c92\u8fa6\u9aee\n|-damage|p2a: \u90a3\u4e5f\u6c92\u8fa6\u9aee|0 fnt\n|faint|p2a: \u90a3\u4e5f\u6c92\u8fa6\u9aee\n|-end|p2a: \u90a3\u4e5f\u6c92\u8fa6\u9aee|Protosynthesis|[silent]\n|move|p1a: Iron Hands|Heavy Slam|p2b: \u53e3\u4ea4\u5c3e\n|-supereffective|p2b: \u53e3\u4ea4\u5c3e\n|-damage|p2b: \u53e3\u4ea4\u5c3e|20\/100\n|\n|upkeep\n|\n|t:|1700645487\n|switch|p2a: \u5927\u5ca9\u86c7|Ogerpon-Cornerstone, L50, F|37\/100\n|turn|5\n|-message|emiya1.0 forfeited.\n|\n|win|LUMPECTOMY\n|raw|LUMPECTOMY's rating: 1478 &rarr; <strong>1495<\/strong><br \/>(+17 for winning)\n|raw|emiya1.0's rating: 1426 &rarr; <strong>1409<\/strong><br \/>(-17 for losing)\n|l|\u2606emiya1.0\n|l|\u2606LUMPECTOMY\n|j|\u2606LUMPECTOMY\n|player|p1|LUMPECTOMY|n-masters\n","uploadtime":1700645524,"views":5,"p1id":"lumpectomy","p2id":"emiya10","formatid":"gen9vgc2023regulatione","rating":1409,"private":0,"password":""}