{"id":"gen9vgc2023regulatione-1997773038","p1":"Destinedtrainer","p2":"mashuu02","format":"[Gen 9] VGC 2023 Regulation E","log":"|j|\u2606Destinedtrainer\n|j|\u2606mashuu02\n|t:|1700851097\n|gametype|doubles\n|player|p1|Destinedtrainer|cynthia-gen4|1216\n|player|p2|mashuu02|102|1218\n|teamsize|p1|6\n|teamsize|p2|6\n|gen|9\n|tier|[Gen 9] VGC 2023 Regulation E\n|rated|\n|rule|Species Clause: Limit one of each Pok\u00e9mon\n|rule|Item Clause: Limit one of each item\n|clearpoke\n|poke|p1|Dondozo, L50, F|\n|poke|p1|Tatsugiri, L50, M|\n|poke|p1|Shiftry, L50, F|\n|poke|p1|Tornadus, L50, M|\n|poke|p1|Arcanine-Hisui, L50, F|\n|poke|p1|Flutter Mane, L50|\n|poke|p2|Lurantis, L50, F|\n|poke|p2|Cresselia, L50, F|\n|poke|p2|Heatran, L50, F|\n|poke|p2|Landorus-Therian, L50, M|\n|poke|p2|Scream Tail, L50|\n|poke|p2|Dragalge, L50, F|\n|teampreview|4\n|inactive|Battle timer is ON: inactive players will automatically lose when time's up. (requested by mashuu02)\n|\n|t:|1700851122\n|start\n|switch|p1a: Shiftry|Shiftry, L50, F, shiny|100\/100\n|switch|p1b: Tornadus|Tornadus, L50, M|100\/100\n|switch|p2a: Dragalge|Dragalge, L50, F|100\/100\n|switch|p2b: Cresselia|Cresselia, L50, F, shiny|100\/100\n|turn|1\n|\n|t:|1700851141\n|move|p1a: Shiftry|Fake Out|p2a: Dragalge\n|-damage|p2a: Dragalge|85\/100\n|move|p1b: Tornadus|Taunt|p2b: Cresselia\n|-start|p2b: Cresselia|move: Taunt\n|-enditem|p2b: Cresselia|Mental Herb\n|-end|p2b: Cresselia|move: Taunt\n|cant|p2a: Dragalge|flinch\n|move|p2b: Cresselia|Trick Room|p2b: Cresselia\n|-fieldstart|move: Trick Room|[of] p2b: Cresselia\n|\n|upkeep\n|turn|2\n|\n|t:|1700851159\n|move|p1a: Shiftry|Sucker Punch|p2a: Dragalge\n|-crit|p2a: Dragalge\n|-damage|p2a: Dragalge|29\/100\n|move|p1b: Tornadus|Taunt|p2b: Cresselia\n|-start|p2b: Cresselia|move: Taunt\n|move|p2a: Dragalge|Draco Meteor|p1b: Tornadus\n|-damage|p1b: Tornadus|3\/100\n|-unboost|p2a: Dragalge|spa|2\n|move|p2b: Cresselia|Ice Beam|p1a: Shiftry\n|-supereffective|p1a: Shiftry\n|-damage|p1a: Shiftry|46\/100\n|\n|upkeep\n|turn|3\n|inactive|Destinedtrainer has 30 seconds left.\n|\n|t:|1700851187\n|switch|p2a: Lurantis|Lurantis, L50, F, shiny|100\/100\n|switch|p1a: Tatsugiri|Tatsugiri, L50, M|100\/100\n|move|p2b: Cresselia|Ice Beam|p1b: Tornadus\n|-supereffective|p1b: Tornadus\n|-damage|p1b: Tornadus|0 fnt\n|faint|p1b: Tornadus\n|\n|upkeep\n|\n|t:|1700851197\n|switch|p1b: Dondozo|Dondozo, L50, F|100\/100\n|-activate|p1a: Tatsugiri|ability: Commander|[of] p1b: Dondozo\n|-boost|p1b: Dondozo|atk|2\n|-boost|p1b: Dondozo|spa|2\n|-boost|p1b: Dondozo|spe|2\n|-boost|p1b: Dondozo|def|2\n|-boost|p1b: Dondozo|spd|2\n|turn|4\n|\n|t:|1700851221\n|-terastallize|p1b: Dondozo|Fairy\n|move|p2a: Lurantis|Leaf Storm|p1b: Dondozo\n|-damage|p1b: Dondozo|83\/100\n|-boost|p2a: Lurantis|spa|2\n|move|p2b: Cresselia|Psychic|p1b: Dondozo\n|-damage|p1b: Dondozo|71\/100\n|move|p1b: Dondozo|Liquidation|p2b: Cresselia\n|-damage|p2b: Cresselia|61\/100\n|-unboost|p2b: Cresselia|def|1\n|\n|-end|p2b: Cresselia|move: Taunt\n|upkeep\n|turn|5\n|\n|t:|1700851244\n|move|p2a: Lurantis|Knock Off|p1b: Dondozo\n|-resisted|p1b: Dondozo\n|-damage|p1b: Dondozo|65\/100\n|-enditem|p1b: Dondozo|Covert Cloak|[from] move: Knock Off|[of] p2a: Lurantis\n|move|p2b: Cresselia|Lunar Blessing|p2b: Cresselia|[spread] p2a,p2b\n|-heal|p2b: Cresselia|86\/100\n|move|p1b: Dondozo|Order Up|p2a: Lurantis\n|-damage|p2a: Lurantis|52\/100\n|-boost|p1b: Dondozo|atk|1\n|\n|-fieldend|move: Trick Room\n|upkeep\n|turn|6\n|\n|t:|1700851263\n|move|p1b: Dondozo|Liquidation|p2b: Cresselia\n|-damage|p2b: Cresselia|0 fnt\n|faint|p2b: Cresselia\n|move|p2a: Lurantis|Leaf Storm|p1b: Dondozo\n|-damage|p1b: Dondozo|26\/100\n|-boost|p2a: Lurantis|spa|2\n|\n|upkeep\n|\n|t:|1700851271\n|switch|p2b: Landorus|Landorus-Therian, L50, M, shiny|100\/100\n|-ability|p2b: Landorus|Intimidate|boost\n|-unboost|p1a: Tatsugiri|atk|1\n|-fail|p1b: Dondozo|unboost|Attack|[from] ability: Oblivious|[of] p1b: Dondozo\n|turn|7\n|\n|t:|1700851284\n|move|p2b: Landorus|U-turn|p1b: Dondozo\n|-resisted|p1b: Dondozo\n|-damage|p1b: Dondozo|21\/100\n|\n|t:|1700851287\n|switch|p2b: Dragalge|Dragalge, L50, F|29\/100|[from] U-turn\n|move|p1b: Dondozo|Order Up|p2a: Lurantis\n|-damage|p2a: Lurantis|0 fnt\n|faint|p2a: Lurantis\n|-boost|p1b: Dondozo|atk|1\n|\n|upkeep\n|\n|t:|1700851293\n|switch|p2a: Landorus|Landorus-Therian, L50, M, shiny|100\/100\n|-ability|p2a: Landorus|Intimidate|boost\n|-unboost|p1a: Tatsugiri|atk|1\n|-fail|p1b: Dondozo|unboost|Attack|[from] ability: Oblivious|[of] p1b: Dondozo\n|turn|8\n|\n|t:|1700851304\n|-terastallize|p2a: Landorus|Flying\n|move|p2a: Landorus|Tera Blast|p1b: Dondozo|[anim] Tera Blast Flying\n|-damage|p1b: Dondozo|0 fnt\n|faint|p1b: Dondozo\n|move|p2b: Dragalge|Substitute|p2b: Dragalge\n|-start|p2b: Dragalge|Substitute\n|-damage|p2b: Dragalge|4\/100\n|\n|upkeep\n|\n|t:|1700851316\n|switch|p1b: Shiftry|Shiftry, L50, F, shiny|46\/100\n|turn|9\n|-message|Destinedtrainer forfeited.\n|\n|win|mashuu02\n|raw|Destinedtrainer's rating: 1216 &rarr; <strong>1191<\/strong><br \/>(-25 for losing)\n|raw|mashuu02's rating: 1218 &rarr; <strong>1243<\/strong><br \/>(+25 for winning)\n|l|\u2606Destinedtrainer\n","uploadtime":1700851339,"views":0,"p1id":"destinedtrainer","p2id":"mashuu02","formatid":"gen9vgc2023regulatione","rating":1191,"private":0,"password":""}