{"id":"gen9vgc2023regulatione-1998660604","p1":"Gamertag1001","p2":"Remy96","format":"[Gen 9] VGC 2023 Regulation E","log":"|j|\u2606Gamertag1001\n|j|\u2606Remy96\n|t:|1700968959\n|gametype|doubles\n|player|p1|Gamertag1001|unknown|1136\n|player|p2|Remy96|169|1084\n|teamsize|p1|6\n|teamsize|p2|6\n|gen|9\n|tier|[Gen 9] VGC 2023 Regulation E\n|rated|\n|rule|Species Clause: Limit one of each Pok\u00e9mon\n|rule|Item Clause: Limit one of each item\n|clearpoke\n|poke|p1|Armarouge, L50, M|\n|poke|p1|Tinkatink, L50, F|\n|poke|p1|Indeedee-F, L50, F|\n|poke|p1|Tornadus, L50, M|\n|poke|p1|Urshifu-*, L50, F|\n|poke|p1|Amoonguss, L50, M|\n|poke|p2|Ogerpon-Wellspring, L50, F|\n|poke|p2|Klefki, L50, F|\n|poke|p2|Landorus-Therian, L50, M|\n|poke|p2|Chi-Yu, L50|\n|poke|p2|Sneasler, L50, F|\n|poke|p2|Rillaboom, L50, M|\n|teampreview|4\n|inactive|Battle timer is ON: inactive players will automatically lose when time's up. (requested by Gamertag1001)\n|\n|t:|1700968988\n|start\n|switch|p1a: Tinkatink|Tinkatink, L50, F|100\/100\n|switch|p1b: Armarouge|Armarouge, L50, M|100\/100\n|switch|p2a: Sneasler|Sneasler, L50, F|100\/100\n|switch|p2b: Rillaboom|Rillaboom, L50, M|100\/100\n|-fieldstart|move: Grassy Terrain|[from] ability: Grassy Surge|[of] p2b: Rillaboom\n|-enditem|p2a: Sneasler|Grassy Seed\n|-boost|p2a: Sneasler|def|1|[from] item: Grassy Seed\n|-ability|p1a: Tinkatink|Mold Breaker\n|turn|1\n|inactive|Gamertag1001 has 30 seconds left.\n|inactive|Remy96 has 30 seconds left.\n|\n|t:|1700969015\n|switch|p2b: Chi-Yu|Chi-Yu, L50|100\/100\n|-ability|p2b: Chi-Yu|Beads of Ruin\n|-terastallize|p2a: Sneasler|Flying\n|move|p2a: Sneasler|Acrobatics|p1b: Armarouge\n|-damage|p1b: Armarouge|53\/100\n|-ability|p1b: Armarouge|Weak Armor|boost\n|-unboost|p1b: Armarouge|def|1\n|-boost|p1b: Armarouge|spe|2\n|move|p1b: Armarouge|Calm Mind|p1b: Armarouge\n|-boost|p1b: Armarouge|spa|1\n|-boost|p1b: Armarouge|spd|1\n|move|p1a: Tinkatink|Brutal Swing|p2b: Chi-Yu|[spread] p1b,p2a,p2b\n|-supereffective|p1b: Armarouge\n|-resisted|p2b: Chi-Yu\n|-damage|p1b: Armarouge|40\/100\n|-damage|p2a: Sneasler|95\/100\n|-damage|p2b: Chi-Yu|97\/100\n|-ability|p1b: Armarouge|Weak Armor|boost\n|-unboost|p1b: Armarouge|def|1\n|-boost|p1b: Armarouge|spe|2\n|-enditem|p1b: Armarouge|Weakness Policy\n|-boost|p1b: Armarouge|atk|2|[from] item: Weakness Policy\n|-boost|p1b: Armarouge|spa|2|[from] item: Weakness Policy\n|\n|-heal|p1b: Armarouge|46\/100|[from] Grassy Terrain\n|-heal|p2b: Chi-Yu|100\/100|[from] Grassy Terrain\n|upkeep\n|turn|2\n|inactive|Gamertag1001 has 30 seconds left.\n|inactive|Gamertag1001 has 20 seconds left.\n|\n|t:|1700969054\n|switch|p1a: Indeedee|Indeedee-F, L50, F|100\/100\n|-fieldstart|move: Psychic Terrain|[from] ability: Psychic Surge|[of] p1a: Indeedee\n|-enditem|p1a: Indeedee|Psychic Seed\n|-boost|p1a: Indeedee|spd|1|[from] item: Psychic Seed\n|move|p2a: Sneasler|Protect|p2a: Sneasler\n|-singleturn|p2a: Sneasler|Protect\n|move|p1b: Armarouge|Protect|p1b: Armarouge\n|-singleturn|p1b: Armarouge|Protect\n|move|p2b: Chi-Yu|Dark Pulse|p1b: Armarouge\n|-activate|p1b: Armarouge|move: Protect\n|\n|upkeep\n|turn|3\n|inactive|Gamertag1001 has 30 seconds left.\n|\n|t:|1700969085\n|switch|p2a: Ogerpon|Ogerpon-Wellspring, L50, F|100\/100\n|move|p1a: Indeedee|Follow Me|p1a: Indeedee\n|-singleturn|p1a: Indeedee|move: Follow Me\n|move|p1b: Armarouge|Expanding Force|p2b: Chi-Yu|[spread] p2a\n|-immune|p2b: Chi-Yu\n|-damage|p2a: Ogerpon|0 fnt\n|faint|p2a: Ogerpon\n|move|p2b: Chi-Yu|Dark Pulse|p1a: Indeedee\n|-supereffective|p1a: Indeedee\n|-damage|p1a: Indeedee|34\/100\n|-damage|p2b: Chi-Yu|90\/100|[from] item: Life Orb\n|\n|upkeep\n|\n|t:|1700969093\n|switch|p2a: Rillaboom|Rillaboom, L50, M|100\/100\n|-fieldstart|move: Grassy Terrain|[from] ability: Grassy Surge|[of] p2a: Rillaboom\n|turn|4\n|\n|t:|1700969115\n|move|p1b: Armarouge|Protect|p1b: Armarouge\n|-singleturn|p1b: Armarouge|Protect\n|move|p1a: Indeedee|Protect|p1a: Indeedee\n|-singleturn|p1a: Indeedee|Protect\n|move|p2a: Rillaboom|Grassy Glide|p1a: Indeedee\n|-activate|p1a: Indeedee|move: Protect\n|move|p2b: Chi-Yu|Dark Pulse|p1b: Armarouge\n|-activate|p1b: Armarouge|move: Protect\n|\n|-heal|p1b: Armarouge|52\/100|[from] Grassy Terrain\n|-heal|p2b: Chi-Yu|97\/100|[from] Grassy Terrain\n|-heal|p1a: Indeedee|41\/100|[from] Grassy Terrain\n|upkeep\n|turn|5\n|inactive|Gamertag1001 has 30 seconds left.\n|inactive|Gamertag1001 has 20 seconds left.\n|\n|t:|1700969153\n|move|p2a: Rillaboom|Grassy Glide|p1a: Indeedee\n|-damage|p1a: Indeedee|0 fnt\n|faint|p1a: Indeedee\n|move|p1b: Armarouge|Armor Cannon|p2a: Rillaboom\n|-supereffective|p2a: Rillaboom\n|-damage|p2a: Rillaboom|0 fnt\n|-unboost|p1b: Armarouge|def|1\n|-unboost|p1b: Armarouge|spd|1\n|faint|p2a: Rillaboom\n|move|p2b: Chi-Yu|Dark Pulse|p1b: Armarouge\n|-supereffective|p1b: Armarouge\n|-damage|p1b: Armarouge|0 fnt\n|faint|p1b: Armarouge\n|-damage|p2b: Chi-Yu|87\/100|[from] item: Life Orb\n|\n|-heal|p2b: Chi-Yu|93\/100|[from] Grassy Terrain\n|upkeep\n|\n|t:|1700969175\n|switch|p2a: Sneasler|Sneasler, L50, F, tera:Flying|95\/100\n|switch|p1b: Tinkatink|Tinkatink, L50, F|100\/100\n|switch|p1a: Urshifu|Urshifu-Rapid-Strike, L50, F|100\/100\n|-ability|p1b: Tinkatink|Mold Breaker\n|turn|6\n|inactive|Gamertag1001 has 30 seconds left.\n|\n|t:|1700969202\n|move|p1a: Urshifu|Protect|p1a: Urshifu\n|-singleturn|p1a: Urshifu|Protect\n|move|p2a: Sneasler|Acrobatics|p1a: Urshifu\n|-activate|p1a: Urshifu|move: Protect\n|move|p2b: Chi-Yu|Heat Wave|p1b: Tinkatink|[spread] \n|-activate|p1a: Urshifu|move: Protect\n|-miss|p2b: Chi-Yu|p1b: Tinkatink\n|move|p1b: Tinkatink|Thunder Wave|p2a: Sneasler\n|-status|p2a: Sneasler|par\n|\n|-heal|p2b: Chi-Yu|99\/100|[from] Grassy Terrain\n|upkeep\n|turn|7\n|inactive|Gamertag1001 has 30 seconds left.\n|inactive|Gamertag1001 has 20 seconds left.\n|inactive|Gamertag1001 has 15 seconds left.\n|inactive|Gamertag1001 has 10 seconds left.\n|\n|t:|1700969247\n|-terastallize|p1a: Urshifu|Water\n|move|p2b: Chi-Yu|Heat Wave|p1a: Urshifu|[spread] p1b\n|-miss|p2b: Chi-Yu|p1a: Urshifu\n|-supereffective|p1b: Tinkatink\n|-enditem|p1b: Tinkatink|Focus Sash\n|-damage|p1b: Tinkatink|1\/100\n|-damage|p2b: Chi-Yu|89\/100|[from] item: Life Orb\n|move|p1a: Urshifu|Surging Strikes|p2a: Sneasler\n|-crit|p2a: Sneasler\n|-damage|p2a: Sneasler|40\/100 par\n|-crit|p2a: Sneasler\n|-damage|p2a: Sneasler|0 fnt\n|faint|p2a: Sneasler\n|-hitcount|p2: Sneasler|2\n|move|p1b: Tinkatink|Thunder Wave|p2b: Chi-Yu\n|-status|p2b: Chi-Yu|par\n|\n|-heal|p1b: Tinkatink|7\/100|[from] Grassy Terrain\n|-heal|p2b: Chi-Yu|95\/100 par|[from] Grassy Terrain\n|upkeep\n|turn|8\n|inactive|Gamertag1001 has 30 seconds left.\n|c|\u2606Remy96|That miss really cost me the game huh?\n|\n|t:|1700969279\n|move|p1b: Tinkatink|Helping Hand|p1a: Urshifu\n|-singleturn|p1a: Urshifu|Helping Hand|[of] p1b: Tinkatink\n|move|p1a: Urshifu|Surging Strikes|p2b: Chi-Yu\n|-supereffective|p2b: Chi-Yu\n|-crit|p2b: Chi-Yu\n|-damage|p2b: Chi-Yu|0 fnt\n|faint|p2b: Chi-Yu\n|-hitcount|p2: Chi-Yu|1\n|\n|win|Gamertag1001\n|raw|Gamertag1001's rating: 1136 &rarr; <strong>1157<\/strong><br \/>(+21 for winning)\n|raw|Remy96's rating: 1084 &rarr; <strong>1065<\/strong><br \/>(-19 for losing)\n|l|\u2606Remy96\n|l|\u2606Gamertag1001\n|j|\u2606Gamertag1001\n|player|p1|Gamertag1001|unknown\n","uploadtime":1700969320,"views":2,"p1id":"gamertag1001","p2id":"remy96","formatid":"gen9vgc2023regulatione","rating":1065,"private":0,"password":""}