{"id":"gen9vgc2023regulatione-1988308697","p1":"Sleeping Demons","p2":"kikkee_ac14","format":"[Gen 9] VGC 2023 Regulation E","log":"|j|\u2606Sleeping Demons\n|j|\u2606kikkee_ac14\n|t:|1699706014\n|gametype|doubles\n|player|p1|Sleeping Demons|169|1127\n|player|p2|kikkee_ac14|buck|1129\n|teamsize|p1|6\n|teamsize|p2|6\n|gen|9\n|tier|[Gen 9] VGC 2023 Regulation E\n|rated|\n|rule|Species Clause: Limit one of each Pok\u00e9mon\n|rule|Item Clause: Limit one of each item\n|clearpoke\n|poke|p1|Ursaluna-Bloodmoon, L50, M|\n|poke|p1|Oranguru, L50, F|\n|poke|p1|Torkoal, L50, F|\n|poke|p1|Maushold-Four, L50|\n|poke|p1|Urshifu-*, L50, F|\n|poke|p1|Bruxish, L50, F|\n|poke|p2|Landorus-Therian, L50, M|\n|poke|p2|Tornadus, L50, M|\n|poke|p2|Amoonguss, L50, F|\n|poke|p2|Sinistcha-Masterpiece, L50|\n|poke|p2|Rillaboom, L50, F|\n|poke|p2|Fezandipiti, L50, M|\n|teampreview|4\n|inactive|Battle timer is ON: inactive players will automatically lose when time's up. (requested by kikkee_ac14)\n|\n|t:|1699706029\n|start\n|switch|p1a: Oranguru|Oranguru, L50, F, shiny|100\/100\n|switch|p1b: Maushold|Maushold-Four, L50, shiny|100\/100\n|switch|p2a: Landorus|Landorus-Therian, L50, M|100\/100\n|switch|p2b: Fezandipiti|Fezandipiti, L50, M|100\/100\n|-ability|p2a: Landorus|Intimidate|boost\n|-fail|p1a: Oranguru|unboost|Attack|[from] ability: Inner Focus|[of] p1a: Oranguru\n|-unboost|p1b: Maushold|atk|1\n|turn|1\n|\n|t:|1699706044\n|move|p1b: Maushold|Population Bomb|p2b: Fezandipiti\n|-damage|p2b: Fezandipiti|92\/100\n|-damage|p2b: Fezandipiti|85\/100\n|-damage|p2b: Fezandipiti|77\/100\n|-damage|p2b: Fezandipiti|69\/100\n|-damage|p2b: Fezandipiti|61\/100\n|-damage|p2b: Fezandipiti|52\/100\n|-damage|p2b: Fezandipiti|44\/100\n|-damage|p2b: Fezandipiti|36\/100\n|-damage|p2b: Fezandipiti|28\/100\n|-damage|p2b: Fezandipiti|20\/100\n|-hitcount|p2b: Fezandipiti|10\n|move|p2a: Landorus|U-turn|p1a: Oranguru\n|-supereffective|p1a: Oranguru\n|-damage|p1a: Oranguru|27\/100\n|\n|t:|1699706061\n|switch|p2a: Sinistcha|Sinistcha-Masterpiece, L50|100\/100|[from] U-turn\n|-heal|p2b: Fezandipiti|45\/100|[from] ability: Hospitality|[of] p2a: Sinistcha\n|move|p2b: Fezandipiti|Icy Wind|p1a: Oranguru|[spread] p1a,p1b\n|-damage|p1a: Oranguru|22\/100\n|-damage|p1b: Maushold|90\/100\n|-unboost|p1a: Oranguru|spe|1\n|-unboost|p1b: Maushold|spe|1\n|move|p1a: Oranguru|Trick Room|p1a: Oranguru\n|-fieldstart|move: Trick Room|[of] p1a: Oranguru\n|\n|upkeep\n|turn|2\n|\n|t:|1699706095\n|move|p1a: Oranguru|Instruct|p1b: Maushold\n|-singleturn|p1b: Maushold|move: Instruct|[of] p1a: Oranguru\n|move|p1b: Maushold|Population Bomb|p2b: Fezandipiti\n|-damage|p2b: Fezandipiti|37\/100\n|-damage|p2b: Fezandipiti|29\/100\n|-damage|p2b: Fezandipiti|22\/100\n|-damage|p2b: Fezandipiti|14\/100\n|-damage|p2b: Fezandipiti|6\/100\n|-damage|p2b: Fezandipiti|0 fnt\n|faint|p2b: Fezandipiti\n|-hitcount|p2: Fezandipiti|6\n|move|p2a: Sinistcha|Matcha Gotcha|p1b: Maushold|[spread] p1a,p1b\n|-crit|p1b: Maushold\n|-damage|p1a: Oranguru|0 fnt\n|-damage|p1b: Maushold|13\/100\n|-status|p1b: Maushold|brn\n|faint|p1a: Oranguru\n|move|p1b: Maushold|Population Bomb|p2a: Sinistcha\n|-immune|p2a: Sinistcha\n|\n|-damage|p1b: Maushold|7\/100 brn|[from] brn\n|upkeep\n|inactive|kikkee_ac14 has 30 seconds left.\n|\n|t:|1699706125\n|switch|p1a: Ursaluna|Ursaluna-Bloodmoon, L50, M|100\/100\n|switch|p2b: Rillaboom|Rillaboom, L50, F|100\/100\n|-fieldstart|move: Grassy Terrain|[from] ability: Grassy Surge|[of] p2b: Rillaboom\n|-enditem|p2b: Rillaboom|Grassy Seed\n|-boost|p2b: Rillaboom|def|1|[from] item: Grassy Seed\n|turn|3\n|\n|t:|1699706140\n|-terastallize|p1a: Ursaluna|Normal\n|move|p1b: Maushold|Follow Me|p1b: Maushold\n|-singleturn|p1b: Maushold|move: Follow Me\n|move|p2b: Rillaboom|Grassy Glide|p1b: Maushold\n|-damage|p1b: Maushold|0 fnt\n|faint|p1b: Maushold\n|move|p1a: Ursaluna|Hyper Voice|p2b: Rillaboom|[spread] p2a,p2b\n|-damage|p2a: Sinistcha|15\/100\n|-damage|p2b: Rillaboom|14\/100\n|-damage|p1a: Ursaluna|91\/100|[from] item: Life Orb\n|move|p2a: Sinistcha|Matcha Gotcha|p1a: Ursaluna\n|-damage|p1a: Ursaluna|26\/100\n|-heal|p2a: Sinistcha|52\/100|[from] drain|[of] p1a: Ursaluna\n|\n|-heal|p1a: Ursaluna|32\/100|[from] Grassy Terrain\n|-heal|p2a: Sinistcha|58\/100|[from] Grassy Terrain\n|-heal|p2a: Sinistcha|64\/100|[from] item: Leftovers\n|-heal|p2b: Rillaboom|20\/100|[from] Grassy Terrain\n|upkeep\n|\n|t:|1699706157\n|switch|p1b: Bruxish|Bruxish, L50, F, shiny|100\/100\n|turn|4\n|\n|t:|1699706169\n|move|p2b: Rillaboom|Grassy Glide||[still]\n|cant|p1b: Bruxish|ability: Dazzling|Grassy Glide|[of] p2b: Rillaboom\n|move|p1b: Bruxish|Psychic Fangs|p2b: Rillaboom\n|-damage|p2b: Rillaboom|0 fnt\n|faint|p2b: Rillaboom\n|move|p1a: Ursaluna|Hyper Voice|p2a: Sinistcha\n|-damage|p2a: Sinistcha|0 fnt\n|faint|p2a: Sinistcha\n|-damage|p1a: Ursaluna|22\/100|[from] item: Life Orb\n|\n|-heal|p1a: Ursaluna|28\/100|[from] Grassy Terrain\n|upkeep\n|\n|t:|1699706202\n|switch|p2b: Landorus|Landorus-Therian, L50, M|100\/100\n|-ability|p2b: Landorus|Intimidate|boost\n|-unboost|p1a: Ursaluna|atk|1\n|-unboost|p1b: Bruxish|atk|1\n|turn|5\n|\n|t:|1699706218\n|move|p1b: Bruxish|Wave Crash|p2b: Landorus\n|-supereffective|p2b: Landorus\n|-damage|p2b: Landorus|2\/100\n|-damage|p1b: Bruxish|70\/100|[from] Recoil\n|move|p1a: Ursaluna|Blood Moon|p2b: Landorus\n|-damage|p2b: Landorus|0 fnt\n|faint|p2b: Landorus\n|-damage|p1a: Ursaluna|19\/100|[from] item: Life Orb\n|\n|win|Sleeping Demons\n|raw|Sleeping Demons's rating: 1127 &rarr; <strong>1152<\/strong><br \/>(+25 for winning)\n|raw|kikkee_ac14's rating: 1129 &rarr; <strong>1104<\/strong><br \/>(-25 for losing)\n","uploadtime":1699706231,"views":10,"p1id":"sleepingdemons","p2id":"kikkeeac14","formatid":"gen9vgc2023regulatione","rating":1104,"private":0,"password":""}