{"id":"gen9vgc2023regulatione-1989396329","p1":"Daniel1018","p2":"Reversery","format":"[Gen 9] VGC 2023 Regulation E","log":"|j|\u2606Daniel1018\n|j|\u2606Reversery\n|n|\u2606Daniel1018|daniel1018\n|n|\u2606Reversery|reversery\n|html|View the match progress at <a href=\"\/game-bestof3-gen9vgc2023regulatione-1989396328\">game-bestof3-gen9vgc2023regulatione-1989396328<\/a>\n|t:|1699844931\n|gametype|doubles\n|player|p1|Daniel1018|volo-ginkgo|\n|player|p2|Reversery|dawn-gen4pt|\n|teamsize|p1|6\n|teamsize|p2|6\n|gen|9\n|tier|[Gen 9] VGC 2023 Regulation E\n|rule|Species Clause: Limit one of each Pok\u00e9mon\n|rule|Item Clause: Limit one of each item\n|clearpoke\n|poke|p1|Ursaluna-Bloodmoon, L50, M|\n|poke|p1|Cresselia, L50, F|\n|poke|p1|Ting-Lu, L50|\n|poke|p1|Rabsca, L50, M|\n|poke|p1|Glastrier, L50|\n|poke|p1|Iron Hands, L50|\n|poke|p2|Rillaboom, L50, M|\n|poke|p2|Heatran, L50, M|\n|poke|p2|Clefairy, L50, F|\n|poke|p2|Eiscue, L50, M|\n|poke|p2|Oranguru, L50, F|\n|poke|p2|Weezing-Galar, L50, M|\n|teampreview|4\n|inactive|Battle timer is ON: inactive players will automatically lose when time's up. (requested by Daniel1018)\n|j| cygnusx1018\nReversery rejected open team sheets.\n|c|\u2606Daniel1018|glhf\n|c|\u2606Reversery|glf\n|inactive|Daniel1018 has 60 seconds left.\n|c| cygnusx1018|glhf\n|j| SCRUMPTIOUSBREAD\n|inactive|Daniel1018 has 30 seconds left.\n|inactive|Daniel1018 has 20 seconds left.\n|\n|t:|1699845003\n|start\n|switch|p1a: Artemis|Cresselia, L50, F, shiny|100\/100\n|switch|p1b: Mor'du|Ursaluna-Bloodmoon, L50, M|100\/100\n|switch|p2a: Club Penguin|Eiscue, L50, M|100\/100\n|switch|p2b: Pillow|Clefairy, L50, F|100\/100\n|turn|1\n|\n|t:|1699845019\n|move|p1b: Mor'du|Protect|p1b: Mor'du\n|-singleturn|p1b: Mor'du|Protect\n|move|p2b: Pillow|Follow Me|p2b: Pillow\n|-singleturn|p2b: Pillow|move: Follow Me\n|move|p2a: Club Penguin|Substitute|p2a: Club Penguin\n|-start|p2a: Club Penguin|Substitute\n|-damage|p2a: Club Penguin|76\/100\n|move|p1a: Artemis|Trick Room|p1a: Artemis\n|-fieldstart|move: Trick Room|[of] p1a: Artemis\n|\n|upkeep\n|turn|2\n|inactive|Daniel1018 has 30 seconds left.\n|inactive|Daniel1018 has 20 seconds left.\n|inactive|Daniel1018 has 15 seconds left.\n|\n|t:|1699845062\n|-terastallize|p1b: Mor'du|Normal\n|move|p2b: Pillow|Follow Me|p2b: Pillow\n|-singleturn|p2b: Pillow|move: Follow Me\n|move|p1b: Mor'du|Earth Power|p2b: Pillow\n|-damage|p2b: Pillow|59\/100\n|move|p1a: Artemis|Dazzling Gleam|p2a: Club Penguin|[spread] p2a,p2b\n|-activate|p2a: Club Penguin|move: Substitute|[damage]\n|-damage|p2b: Pillow|46\/100\n|move|p2a: Club Penguin|Belly Drum|p2a: Club Penguin\n|-damage|p2a: Club Penguin|26\/100\n|-setboost|p2a: Club Penguin|atk|6|[from] move: Belly Drum\n|-enditem|p2a: Club Penguin|Sitrus Berry|[eat]\n|-heal|p2a: Club Penguin|50\/100|[from] item: Sitrus Berry\n|\n|upkeep\n|turn|3\n|inactive|Daniel1018 has 30 seconds left.\n|inactive|Reversery has 30 seconds left.\n|\n|t:|1699845091\n|move|p2b: Pillow|Helping Hand|p2a: Club Penguin\n|-singleturn|p2a: Club Penguin|Helping Hand|[of] p2b: Pillow\n|move|p1b: Mor'du|Earth Power|p2a: Club Penguin\n|-end|p2a: Club Penguin|Substitute\n|move|p1a: Artemis|Psyshock|p2a: Club Penguin\n|-damage|p2a: Club Penguin|22\/100\n|move|p2a: Club Penguin|Ice Spinner|p1b: Mor'du\n|-damage|p1b: Mor'du|0 fnt\n|faint|p1b: Mor'du\n|\n|upkeep\n|\n|t:|1699845106\n|switch|p1b: Zeus|Iron Hands, L50|100\/100\n|turn|4\n|\n|t:|1699845118\n|move|p1b: Zeus|Fake Out|p2a: Club Penguin\n|-activate|p2a: Club Penguin|ability: Ice Face\n|-damage|p2a: Club Penguin|22\/100\n|detailschange|p2a: Club Penguin|Eiscue-Noice, L50, M\n|move|p2b: Pillow|Life Dew|p2b: Pillow|[spread] p2a,p2b\n|-heal|p2a: Club Penguin|47\/100\n|-heal|p2b: Pillow|71\/100\n|move|p1a: Artemis|Dazzling Gleam|p2a: Club Penguin|[spread] p2a,p2b\n|-damage|p2a: Club Penguin|25\/100\n|-damage|p2b: Pillow|58\/100\n|cant|p2a: Club Penguin|flinch\n|\n|upkeep\n|turn|5\n|inactive|Reversery has 30 seconds left.\n|inactive|Reversery has 20 seconds left.\n|inactive|Reversery has 15 seconds left.\n|\n|t:|1699845161\n|move|p2b: Pillow|Follow Me|p2b: Pillow\n|-singleturn|p2b: Pillow|move: Follow Me\n|move|p1b: Zeus|Heavy Slam|p2b: Pillow\n|-supereffective|p2b: Pillow\n|-damage|p2b: Pillow|0 fnt\n|faint|p2b: Pillow\n|move|p1a: Artemis|Psyshock|p2a: Club Penguin\n|-damage|p2a: Club Penguin|0 fnt\n|faint|p2a: Club Penguin\n|\n|-fieldend|move: Trick Room\n|upkeep\n|\n|t:|1699845170\n|switch|p2a: Cool But Not|Heatran, L50, M|100\/100\n|switch|p2b: Ding Dong|Rillaboom, L50, M|100\/100\n|-fieldstart|move: Grassy Terrain|[from] ability: Grassy Surge|[of] p2b: Ding Dong\n|turn|6\n|inactive|Daniel1018 has 30 seconds left.\n|inactive|Daniel1018 has 20 seconds left.\n|inactive|Daniel1018 has 15 seconds left.\n|\n|t:|1699845213\n|move|p2b: Ding Dong|Grassy Glide|p1a: Artemis\n|-damage|p1a: Artemis|59\/100\n|-damage|p2b: Ding Dong|84\/100|[from] item: Rocky Helmet|[of] p1a: Artemis\n|move|p2a: Cool But Not|Earth Power|p1b: Zeus\n|-supereffective|p1b: Zeus\n|-damage|p1b: Zeus|59\/100\n|move|p1b: Zeus|Wild Charge|p2a: Cool But Not\n|-damage|p2a: Cool But Not|50\/100\n|-damage|p1b: Zeus|51\/100|[from] Recoil\n|move|p1a: Artemis|Trick Room|p1a: Artemis\n|-fieldstart|move: Trick Room|[of] p1a: Artemis\n|\n|-heal|p1b: Zeus|57\/100|[from] Grassy Terrain\n|-heal|p2a: Cool But Not|56\/100|[from] Grassy Terrain\n|-heal|p2b: Ding Dong|90\/100|[from] Grassy Terrain\n|upkeep\n|turn|7\n|j| mabend\n|inactive|Daniel1018 has 30 seconds left.\n|\n|t:|1699845246\n|move|p2b: Ding Dong|Grassy Glide|p1b: Zeus\n|-damage|p1b: Zeus|15\/100\n|move|p1b: Zeus|Ice Punch|p2b: Ding Dong\n|-supereffective|p2b: Ding Dong\n|-damage|p2b: Ding Dong|22\/100\n|move|p1a: Artemis|Lunar Blessing|p1a: Artemis|[spread] p1a,p1b\n|-heal|p1a: Artemis|84\/100\n|-heal|p1b: Zeus|40\/100\n|move|p2a: Cool But Not|Heat Wave|p1b: Zeus|[spread] p1a,p1b\n|-damage|p1a: Artemis|55\/100\n|-damage|p1b: Zeus|16\/100\n|-status|p1a: Artemis|brn\n|\n|-heal|p1b: Zeus|22\/100|[from] Grassy Terrain\n|-heal|p2a: Cool But Not|62\/100|[from] Grassy Terrain\n|-heal|p2b: Ding Dong|28\/100|[from] Grassy Terrain\n|-damage|p1a: Artemis|49\/100 brn|[from] brn\n|upkeep\n|turn|8\n|inactive|Daniel1018 has 30 seconds left.\n|inactive|Reversery has 30 seconds left.\n|inactive|Reversery has 20 seconds left.\n|\n|t:|1699845281\n|-end|p1b: Zeus|Quark Drive|[silent]\n|switch|p1b: Khepri|Rabsca, L50, M|100\/100\n|-terastallize|p2a: Cool But Not|Water\n|move|p2b: Ding Dong|Grassy Glide|p1b: Khepri\n|-resisted|p1b: Khepri\n|-damage|p1b: Khepri|68\/100\n|move|p1a: Artemis|Psyshock|p2a: Cool But Not\n|-crit|p2a: Cool But Not\n|-damage|p2a: Cool But Not|22\/100\n|move|p2a: Cool But Not|Heat Wave|p1a: Artemis|[spread] p1a,p1b\n|-supereffective|p1b: Khepri\n|-damage|p1a: Artemis|19\/100 brn\n|-damage|p1b: Khepri|0 fnt\n|faint|p1b: Khepri\n|\n|-heal|p2a: Cool But Not|28\/100|[from] Grassy Terrain\n|-heal|p2b: Ding Dong|34\/100|[from] Grassy Terrain\n|-damage|p1a: Artemis|13\/100 brn|[from] brn\n|upkeep\n|\n|t:|1699845298\n|switch|p1b: Zeus|Iron Hands, L50|22\/100\n|turn|9\n|\n|t:|1699845314\n|move|p1b: Zeus|Fake Out|p2b: Ding Dong\n|-crit|p2b: Ding Dong\n|-damage|p2b: Ding Dong|7\/100\n|cant|p2b: Ding Dong|flinch\n|move|p1a: Artemis|Dazzling Gleam|p2a: Cool But Not|[spread] p2a,p2b\n|-damage|p2a: Cool But Not|16\/100\n|-damage|p2b: Ding Dong|0 fnt\n|faint|p2b: Ding Dong\n|move|p2a: Cool But Not|Heat Wave|p1b: Zeus|[spread] p1a,p1b\n|-damage|p1a: Artemis|0 fnt\n|-damage|p1b: Zeus|0 fnt\n|faint|p1a: Artemis\n|faint|p1b: Zeus\n|-end|p1b: Zeus|Quark Drive|[silent]\n|\n|win|Reversery\n|inactive|Daniel1018 has 50 seconds to confirm battle start!\n|inactive|Reversery has 50 seconds to confirm battle start!\n|c|&|\/uhtml prompt-daniel1018,Daniel1018 is ready for game 2!\n|inactive|Reversery has 40 seconds to confirm battle start!\n|c|&|\/uhtml prompt-reversery,Reversery is ready for game 2!\nBoth players are ready! Starting next match!\n|l| mabend\n|j| mabend\n|l| mabend\n","uploadtime":1699845334,"views":52,"p1id":"daniel1018","p2id":"reversery","formatid":"gen9vgc2023regulatione","rating":0,"private":0,"password":""}