{"id":"gen9vgc2023regulatione-1988899902","p1":"JacEsFer","p2":"ACEmen","format":"[Gen 9] VGC 2023 Regulation E","log":"|j|\u2606JacEsFer\n|j|\u2606ACEmen\n|t:|1699783948\n|gametype|doubles\n|player|p1|JacEsFer|cynthia-gen4|1127\n|player|p2|ACEmen|elesa|1000\n|teamsize|p1|6\n|teamsize|p2|6\n|gen|9\n|tier|[Gen 9] VGC 2023 Regulation E\n|rated|\n|rule|Species Clause: Limit one of each Pok\u00e9mon\n|rule|Item Clause: Limit one of each item\n|clearpoke\n|poke|p1|Indeedee-F, L50, F|\n|poke|p1|Armarouge, L50, F|\n|poke|p1|Landorus-Therian, L50, M|\n|poke|p1|Dipplin, L50, F|\n|poke|p1|Sneasler, L50, F|\n|poke|p1|Greninja-*, L50, M|\n|poke|p2|Landorus, L50, M|\n|poke|p2|Ogerpon-Wellspring, L50, F|\n|poke|p2|Espathra, L50, F|\n|poke|p2|Sableye, L50, F|\n|poke|p2|Iron Hands, L50|\n|poke|p2|Flutter Mane, L50|\n|teampreview|4\n|\n|t:|1699783977\n|start\n|switch|p1a: Indeedee|Indeedee-F, L50, F|100\/100\n|switch|p1b: Sneasler|Sneasler, L50, F|100\/100\n|switch|p2a: Sableye|Sableye, L50, F|100\/100\n|switch|p2b: Espathra|Espathra, L50, F|100\/100\n|-fieldstart|move: Psychic Terrain|[from] ability: Psychic Surge|[of] p1a: Indeedee\n|-enditem|p1b: Sneasler|Psychic Seed\n|-boost|p1b: Sneasler|spd|1|[from] item: Psychic Seed\n|turn|1\n|\n|t:|1699783996\n|move|p1a: Indeedee|Helping Hand|p1b: Sneasler\n|-singleturn|p1b: Sneasler|Helping Hand|[of] p1a: Indeedee\n|move|p2b: Espathra|Protect|p2b: Espathra\n|-singleturn|p2b: Espathra|Protect\n|move|p2a: Sableye|Gravity|p2a: Sableye\n|-fieldstart|move: Gravity\n|move|p1b: Sneasler|Rock Slide|p2b: Espathra|[spread] p2a\n|-activate|p2b: Espathra|move: Protect\n|-damage|p2a: Sableye|58\/100\n|-enditem|p2a: Sableye|Eject Button\n|\n|t:|1699784010\n|switch|p2a: Landorus|Landorus, L50, M|100\/100\n|\n|-ability|p2b: Espathra|Speed Boost|boost\n|-boost|p2b: Espathra|spe|1\n|upkeep\n|turn|2\n|\n|t:|1699784036\n|move|p1b: Sneasler|Rock Slide|p2b: Espathra|[spread] p2a,p2b\n|-crit|p2a: Landorus\n|-damage|p2a: Landorus|60\/100\n|-damage|p2b: Espathra|75\/100\n|move|p2b: Espathra|Hypnosis|p1a: Indeedee\n|-status|p1a: Indeedee|slp|[from] move: Hypnosis\n|move|p2a: Landorus|Sandsear Storm|p1a: Indeedee|[spread] p1a,p1b\n|-supereffective|p1b: Sneasler\n|-damage|p1a: Indeedee|39\/100 slp\n|-damage|p1b: Sneasler|0 fnt\n|faint|p1b: Sneasler\n|cant|p1a: Indeedee|slp\n|\n|-ability|p2b: Espathra|Speed Boost|boost\n|-boost|p2b: Espathra|spe|1\n|upkeep\n|\n|t:|1699784060\n|switch|p1b: Armarouge|Armarouge, L50, F|100\/100\n|turn|3\n|\n|t:|1699784072\n|move|p1b: Armarouge|Endure|p1b: Armarouge\n|-singleturn|p1b: Armarouge|move: Endure\n|cant|p1a: Indeedee|slp\n|move|p2b: Espathra|Hypnosis|p1b: Armarouge\n|-status|p1b: Armarouge|slp|[from] move: Hypnosis\n|move|p2a: Landorus|Sandsear Storm|p1a: Indeedee|[spread] p1a,p1b\n|-supereffective|p1b: Armarouge\n|-damage|p1a: Indeedee|0 fnt\n|-activate|p1b: Armarouge|move: Endure\n|-damage|p1b: Armarouge|1\/100 slp\n|-enditem|p1b: Armarouge|Weakness Policy\n|-boost|p1b: Armarouge|atk|2|[from] item: Weakness Policy\n|-boost|p1b: Armarouge|spa|2|[from] item: Weakness Policy\n|faint|p1a: Indeedee\n|\n|-ability|p2b: Espathra|Speed Boost|boost\n|-boost|p2b: Espathra|spe|1\n|upkeep\n|\n|t:|1699784090\n|switch|p1a: Greninja|Greninja, L50, M|100\/100\n|turn|4\n|\n|t:|1699784117\n|move|p1a: Greninja|Shadow Sneak|p2b: Espathra\n|-activate|p2b: Espathra|move: Psychic Terrain\n|move|p2b: Espathra|Hypnosis|p1a: Greninja\n|-status|p1a: Greninja|slp|[from] move: Hypnosis\n|move|p2a: Landorus|Sandsear Storm|p1a: Greninja|[spread] p1a,p1b\n|-supereffective|p1b: Armarouge\n|-damage|p1a: Greninja|9\/100 slp\n|-damage|p1b: Armarouge|0 fnt\n|faint|p1b: Armarouge\n|\n|-ability|p2b: Espathra|Speed Boost|boost\n|-boost|p2b: Espathra|spe|1\n|upkeep\n|turn|5\n|\n|t:|1699784144\n|move|p2b: Espathra|Helping Hand|p2a: Landorus\n|-singleturn|p2a: Landorus|Helping Hand|[of] p2b: Espathra\n|cant|p1a: Greninja|slp\n|move|p2a: Landorus|Sandsear Storm|p1a: Greninja\n|-damage|p1a: Greninja|0 fnt\n|faint|p1a: Greninja\n|\n|win|ACEmen\n|raw|JacEsFer's rating: 1127 &rarr; <strong>1093<\/strong><br \/>(-34 for losing)\n|raw|ACEmen's rating: 1000 &rarr; <strong>1054<\/strong><br \/>(+54 for winning)\n|l|\u2606JacEsFer\n","uploadtime":1699784161,"views":11,"p1id":"jacesfer","p2id":"acemen","formatid":"gen9vgc2023regulatione","rating":1054,"private":0,"password":""}