{"id":"gen9vgc2023regulatione-1990012556","p1":"Mich_92","p2":"LegacyKiwi","format":"[Gen 9] VGC 2023 Regulation E","log":"|j|\u2606Mich_92\n|j|\u2606LegacyKiwi\n|t:|1699915297\n|gametype|doubles\n|player|p1|Mich_92|102|1031\n|player|p2|LegacyKiwi|2|1026\n|teamsize|p1|6\n|teamsize|p2|6\n|gen|9\n|tier|[Gen 9] VGC 2023 Regulation E\n|rated|\n|rule|Species Clause: Limit one of each Pok\u00e9mon\n|rule|Item Clause: Limit one of each item\n|clearpoke\n|poke|p1|Urshifu-*, L50, M|\n|poke|p1|Ninetales-Alola, L50, F|\n|poke|p1|Tornadus, L50, M|\n|poke|p1|Sinistcha, L50|\n|poke|p1|Landorus-Therian, L50, M|\n|poke|p1|Annihilape, L50, M|\n|poke|p2|Altaria, L50, M|\n|poke|p2|Azumarill, L50, M|\n|poke|p2|Toxapex, L50, M|\n|poke|p2|Koffing, L50, F|\n|poke|p2|Decidueye, L50, M|\n|poke|p2|Kommo-o, L50, F|\n|teampreview|4\n|inactive|Battle timer is ON: inactive players will automatically lose when time's up. (requested by Mich_92)\n|\n|t:|1699915333\n|start\n|switch|p1a: Ninetales|Ninetales-Alola, L50, F|100\/100\n|switch|p1b: Annihilape|Annihilape, L50, M|100\/100\n|switch|p2a: Decidueye|Decidueye, L50, M, shiny|100\/100\n|switch|p2b: Altaria|Altaria, L50, M, shiny|100\/100\n|-weather|Snow|[from] ability: Snow Warning|[of] p1a: Ninetales\n|-ability|p2b: Altaria|Cloud Nine\n|turn|1\n|inactive|Mich_92 has 30 seconds left.\n|\n|t:|1699915359\n|move|p1a: Ninetales|Aurora Veil||[still]\n|-fail|p1a: Ninetales\n|move|p1b: Annihilape|Bulk Up|p1b: Annihilape\n|-boost|p1b: Annihilape|atk|1\n|-boost|p1b: Annihilape|def|1\n|move|p2b: Altaria|Fire Spin|p1a: Ninetales|[miss]\n|-miss|p2b: Altaria|p1a: Ninetales\n|move|p2a: Decidueye|Phantom Force||[still]\n|-prepare|p2a: Decidueye|Phantom Force\n|\n|-weather|Snow|[upkeep]\n|upkeep\n|turn|2\n|j| LUIS Q3\n|\n|t:|1699915383\n|-terastallize|p1b: Annihilape|Fire\n|move|p1a: Ninetales|Howl|p1a: Ninetales|[spread] p1a,p1b\n|-boost|p1a: Ninetales|atk|1\n|-boost|p1b: Annihilape|atk|1\n|move|p1b: Annihilape|Bulk Up|p1b: Annihilape\n|-boost|p1b: Annihilape|atk|1\n|-boost|p1b: Annihilape|def|1\n|move|p2b: Altaria|Perish Song|p2b: Altaria\n|-start|p1a: Ninetales|perish3|[silent]\n|-start|p1b: Annihilape|perish3|[silent]\n|-miss|p2b: Altaria|p2a: Decidueye\n|-start|p2b: Altaria|perish3|[silent]\n|-fieldactivate|move: Perish Song\n|move|p2a: Decidueye|Phantom Force|p1b: Annihilape|[from]lockedmove\n|-damage|p1b: Annihilape|83\/100\n|\n|-weather|Snow|[upkeep]\n|-start|p1a: Ninetales|perish3\n|-start|p1b: Annihilape|perish3\n|-start|p2b: Altaria|perish3\n|upkeep\n|turn|3\n|inactive|Mich_92 has 30 seconds left.\n|\n|t:|1699915415\n|switch|p1a: Landorus|Landorus-Therian, L50, M|100\/100\n|-ability|p1a: Landorus|Intimidate|boost\n|-unboost|p2a: Decidueye|atk|1\n|-unboost|p2b: Altaria|atk|1\n|move|p2b: Altaria|Protect|p2b: Altaria\n|-singleturn|p2b: Altaria|Protect\n|move|p1b: Annihilape|Rage Fist|p2b: Altaria\n|-activate|p2b: Altaria|move: Protect\n|move|p2a: Decidueye|Spirit Shackle|p1a: Landorus\n|-damage|p1a: Landorus|77\/100\n|-activate|p1a: Landorus|trapped\n|\n|-weather|Snow|[upkeep]\n|-start|p1b: Annihilape|perish2\n|-start|p2b: Altaria|perish2\n|upkeep\n|turn|4\n|\n|t:|1699915440\n|switch|p2b: Toxapex|Toxapex, L50, M, shiny|100\/100\n|move|p1a: Landorus|U-turn|p2a: Decidueye\n|-damage|p2a: Decidueye|64\/100\n|\n|t:|1699915447\n|switch|p1a: Ninetales|Ninetales-Alola, L50, F|100\/100|[from] U-turn\n|move|p1b: Annihilape|Rage Fist|p2b: Toxapex\n|-damage|p2b: Toxapex|6\/100\n|move|p2a: Decidueye|Spirit Shackle|p1b: Annihilape\n|-damage|p1b: Annihilape|73\/100\n|-activate|p1b: Annihilape|trapped\n|\n|-weather|Snow|[upkeep]\n|-heal|p2b: Toxapex|12\/100|[from] item: Black Sludge\n|-start|p1b: Annihilape|perish1\n|upkeep\n|turn|5\n|inactive|Mich_92 has 30 seconds left.\n|inactive|Mich_92 has 20 seconds left.\n|\n|t:|1699915484\n|move|p2a: Decidueye|Protect|p2a: Decidueye\n|-singleturn|p2a: Decidueye|Protect\n|move|p2b: Toxapex|Baneful Bunker|p2b: Toxapex\n|-singleturn|p2b: Toxapex|move: Protect\n|move|p1a: Ninetales|Icy Wind|p2a: Decidueye|[spread] \n|-activate|p2a: Decidueye|move: Protect\n|-activate|p2b: Toxapex|move: Protect\n|move|p1b: Annihilape|Rage Fist|p2a: Decidueye\n|-activate|p2a: Decidueye|move: Protect\n|\n|-weather|none\n|-heal|p2b: Toxapex|18\/100|[from] item: Black Sludge\n|-start|p1b: Annihilape|perish0\n|faint|p1b: Annihilape\n|upkeep\n|\n|t:|1699915500\n|switch|p1b: Landorus|Landorus-Therian, L50, M|77\/100\n|-ability|p1b: Landorus|Intimidate|boost\n|-unboost|p2a: Decidueye|atk|1\n|-unboost|p2b: Toxapex|atk|1\n|turn|6\n|\n|t:|1699915513\n|switch|p1a: Sinistcha|Sinistcha, L50|100\/100\n|-heal|p1b: Landorus|100\/100|[from] ability: Hospitality|[of] p1a: Sinistcha\n|switch|p2b: Altaria|Altaria, L50, M, shiny|100\/100\n|-ability|p2b: Altaria|Cloud Nine\n|move|p1b: Landorus|U-turn|p2b: Altaria\n|-resisted|p2b: Altaria\n|-damage|p2b: Altaria|85\/100\n|\n|t:|1699915524\n|switch|p1b: Ninetales|Ninetales-Alola, L50, F|100\/100|[from] U-turn\n|-weather|Snow|[from] ability: Snow Warning|[of] p1b: Ninetales\n|move|p2a: Decidueye|Spirit Shackle|p1a: Sinistcha\n|-supereffective|p1a: Sinistcha\n|-damage|p1a: Sinistcha|72\/100\n|\n|-weather|Snow|[upkeep]\n|upkeep\n|turn|7\n|\n|t:|1699915549\n|switch|p1a: Landorus|Landorus-Therian, L50, M|100\/100\n|-ability|p1a: Landorus|Intimidate|boost\n|-unboost|p2a: Decidueye|atk|1\n|-unboost|p2b: Altaria|atk|1\n|move|p1b: Ninetales|Howl|p1b: Ninetales|[spread] p1a,p1b\n|-boost|p1a: Landorus|atk|1\n|-boost|p1b: Ninetales|atk|1\n|move|p2b: Altaria|Perish Song|p2b: Altaria\n|-start|p1a: Landorus|perish3|[silent]\n|-start|p1b: Ninetales|perish3|[silent]\n|-start|p2a: Decidueye|perish3|[silent]\n|-start|p2b: Altaria|perish3|[silent]\n|-fieldactivate|move: Perish Song\n|move|p2a: Decidueye|Spirit Shackle|p1b: Ninetales\n|-damage|p1b: Ninetales|85\/100\n|-activate|p1b: Ninetales|trapped\n|\n|-weather|Snow|[upkeep]\n|-start|p1a: Landorus|perish3\n|-start|p1b: Ninetales|perish3\n|-start|p2b: Altaria|perish3\n|-start|p2a: Decidueye|perish3\n|upkeep\n|turn|8\n|inactive|Mich_92 has 30 seconds left.\n|inactive|LegacyKiwi has 30 seconds left.\n|\n|t:|1699915583\n|move|p2b: Altaria|Protect|p2b: Altaria\n|-singleturn|p2b: Altaria|Protect\n|move|p2a: Decidueye|Protect|p2a: Decidueye\n|-singleturn|p2a: Decidueye|Protect\n|move|p1a: Landorus|Rock Slide|p2b: Altaria|[spread] \n|-activate|p2a: Decidueye|move: Protect\n|-activate|p2b: Altaria|move: Protect\n|move|p1b: Ninetales|Icy Wind|p2a: Decidueye|[spread] \n|-activate|p2a: Decidueye|move: Protect\n|-activate|p2b: Altaria|move: Protect\n|\n|-weather|Snow|[upkeep]\n|-start|p1a: Landorus|perish2\n|-start|p1b: Ninetales|perish2\n|-start|p2b: Altaria|perish2\n|-start|p2a: Decidueye|perish2\n|upkeep\n|turn|9\n|inactive|LegacyKiwi has 30 seconds left.\n|\n|t:|1699915609\n|switch|p2b: Toxapex|Toxapex, L50, M, shiny|51\/100\n|move|p1a: Landorus|Rock Slide|p2a: Decidueye|[spread] p2a,p2b\n|-damage|p2a: Decidueye|18\/100\n|-damage|p2b: Toxapex|22\/100\n|move|p1b: Ninetales|Icy Wind|p2a: Decidueye|[spread] p2a\n|-miss|p1b: Ninetales|p2b: Toxapex\n|-supereffective|p2a: Decidueye\n|-damage|p2a: Decidueye|2\/100\n|-unboost|p2a: Decidueye|spe|1\n|move|p2a: Decidueye|Synthesis|p2a: Decidueye\n|-heal|p2a: Decidueye|26\/100\n|\n|-weather|Snow|[upkeep]\n|-heal|p2b: Toxapex|28\/100|[from] item: Black Sludge\n|-start|p1a: Landorus|perish1\n|-start|p1b: Ninetales|perish1\n|-start|p2a: Decidueye|perish1\n|upkeep\n|turn|10\n|inactive|Mich_92 has 30 seconds left.\n|\n|t:|1699915639\n|switch|p1a: Sinistcha|Sinistcha, L50|72\/100\n|-heal|p1b: Ninetales|100\/100|[from] ability: Hospitality|[of] p1a: Sinistcha\n|move|p2a: Decidueye|Protect|p2a: Decidueye\n|-singleturn|p2a: Decidueye|Protect\n|move|p2b: Toxapex|Baneful Bunker|p2b: Toxapex\n|-singleturn|p2b: Toxapex|move: Protect\n|move|p1b: Ninetales|Icy Wind|p2a: Decidueye|[spread] \n|-activate|p2a: Decidueye|move: Protect\n|-activate|p2b: Toxapex|move: Protect\n|\n|-weather|none\n|-heal|p2b: Toxapex|34\/100|[from] item: Black Sludge\n|-start|p1b: Ninetales|perish0\n|-start|p2a: Decidueye|perish0\n|faint|p1b: Ninetales\n|faint|p2a: Decidueye\n|upkeep\n|\n|t:|1699915660\n|switch|p1b: Landorus|Landorus-Therian, L50, M|100\/100\n|switch|p2a: Azumarill|Azumarill, L50, M, shiny|100\/100\n|-ability|p1b: Landorus|Intimidate|boost\n|-unboost|p2a: Azumarill|atk|1\n|-unboost|p2b: Toxapex|atk|1\n|turn|11\n|\n|t:|1699915675\n|switch|p2b: Altaria|Altaria, L50, M, shiny|85\/100\n|-ability|p2b: Altaria|Cloud Nine\n|move|p1b: Landorus|Rock Slide|p2b: Altaria|[spread] p2a,p2b\n|-supereffective|p2b: Altaria\n|-damage|p2a: Azumarill|81\/100\n|-damage|p2b: Altaria|33\/100\n|move|p1a: Sinistcha|Matcha Gotcha|p2b: Altaria|[spread] p2b\n|-ability|p2a: Azumarill|Sap Sipper|boost\n|-boost|p2a: Azumarill|atk|1\n|-resisted|p2b: Altaria\n|-damage|p2b: Altaria|28\/100\n|-heal|p1a: Sinistcha|75\/100|[from] drain|[of] p2b: Altaria\n|cant|p2a: Azumarill|flinch\n|\n|upkeep\n|turn|12\n|\n|t:|1699915694\n|move|p2b: Altaria|Protect|p2b: Altaria\n|-singleturn|p2b: Altaria|Protect\n|move|p1a: Sinistcha|Rage Powder|p1a: Sinistcha\n|-singleturn|p1a: Sinistcha|move: Rage Powder\n|move|p1b: Landorus|Rock Slide|p2a: Azumarill|[spread] \n|-activate|p2b: Altaria|move: Protect\n|-miss|p1b: Landorus|p2a: Azumarill\n|move|p2a: Azumarill|Perish Song|p2a: Azumarill\n|-start|p1a: Sinistcha|perish3|[silent]\n|-start|p1b: Landorus|perish3|[silent]\n|-start|p2a: Azumarill|perish3|[silent]\n|-start|p2b: Altaria|perish3|[silent]\n|-fieldactivate|move: Perish Song\n|\n|-start|p1b: Landorus|perish3\n|-start|p1a: Sinistcha|perish3\n|-start|p2b: Altaria|perish3\n|-start|p2a: Azumarill|perish3\n|upkeep\n|turn|13\n|inactive|LegacyKiwi has 30 seconds left.\n|\n|t:|1699915720\n|switch|p2b: Toxapex|Toxapex, L50, M, shiny|67\/100\n|move|p1a: Sinistcha|Rage Powder|p1a: Sinistcha\n|-singleturn|p1a: Sinistcha|move: Rage Powder\n|move|p1b: Landorus|Rock Slide|p2a: Azumarill|[spread] p2a,p2b\n|-damage|p2a: Azumarill|61\/100\n|-damage|p2b: Toxapex|49\/100\n|move|p2a: Azumarill|Rest|p2a: Azumarill\n|-status|p2a: Azumarill|slp|[from] move: Rest\n|-enditem|p2a: Azumarill|Lum Berry|[eat]\n|-curestatus|p2a: Azumarill|slp|[msg]\n|-heal|p2a: Azumarill|100\/100|[silent]\n|\n|-heal|p2b: Toxapex|55\/100|[from] item: Black Sludge\n|-start|p1b: Landorus|perish2\n|-start|p1a: Sinistcha|perish2\n|-start|p2a: Azumarill|perish2\n|upkeep\n|turn|14\n|inactive|Mich_92 has 30 seconds left.\n|c|\u2606LegacyKiwi|gg wp\n|inactive|Mich_92 has 20 seconds left.\n|-message|Mich_92 forfeited.\n|\n|win|LegacyKiwi\n|raw|Mich_92's rating: 1031 &rarr; <strong>1016<\/strong><br \/>(-15 for losing)\n|raw|LegacyKiwi's rating: 1026 &rarr; <strong>1063<\/strong><br \/>(+37 for winning)\n|l|\u2606Mich_92\n","uploadtime":1699915765,"views":15,"p1id":"mich92","p2id":"legacykiwi","formatid":"gen9vgc2023regulatione","rating":1016,"private":0,"password":""}