{"id":"gen9vgc2023regulatione-1989278108","p1":"Treeman480","p2":"Eclipse \u2665 Wooper","format":"[Gen 9] VGC 2023 Regulation E","log":"|j|\u2606Treeman480\n|j|\u2606Eclipse \u2665 Wooper\n|t:|1699831076\n|gametype|doubles\n|player|p1|Treeman480|n|1183\n|player|p2|Eclipse \u2665 Wooper|steven|1284\n|teamsize|p1|6\n|teamsize|p2|6\n|gen|9\n|tier|[Gen 9] VGC 2023 Regulation E\n|rated|\n|rule|Species Clause: Limit one of each Pok\u00e9mon\n|rule|Item Clause: Limit one of each item\n|clearpoke\n|poke|p1|Rillaboom, L50, M|\n|poke|p1|Iron Bundle, L50|\n|poke|p1|Arcanine-Hisui, L50, F|\n|poke|p1|Gholdengo, L50|\n|poke|p1|Tyranitar, L50, M|\n|poke|p1|Grimmsnarl, L50, M|\n|poke|p2|Arcanine-Hisui, L50, M|\n|poke|p2|Chien-Pao, L50|\n|poke|p2|Urshifu-*, L50, M|\n|poke|p2|Rillaboom, L50, M|\n|poke|p2|Tornadus, L50, M|\n|poke|p2|Flutter Mane, L50|\n|teampreview|4\n|inactive|Battle timer is ON: inactive players will automatically lose when time's up. (requested by Eclipse \u2665 Wooper)\nEclipse \u2665 Wooper has agreed to open team sheets.\nTreeman480 has agreed to open team sheets.\n|inactive|Treeman480 has 30 seconds left.\n|inactive|Eclipse \u2665 Wooper has 30 seconds left.\n|inactive|Treeman480 has 20 seconds left.\n|inactive|Eclipse \u2665 Wooper has 20 seconds left.\n|inactive|Treeman480 has 15 seconds left.\n|inactive|Eclipse \u2665 Wooper has 15 seconds left.\n|inactive|Treeman480 has 10 seconds left.\n|inactive|Treeman480 has 5 seconds left.\n|\n|t:|1699831133\n|start\n|switch|p1a: Sand Setter|Tyranitar, L50, M|100\/100\n|switch|p1b: Screens|Grimmsnarl, L50, M|100\/100\n|switch|p2a: Chien-Pao|Chien-Pao, L50|100\/100\n|switch|p2b: Arcanine|Arcanine-Hisui, L50, M, shiny|100\/100\n|-ability|p2a: Chien-Pao|Sword of Ruin\n|-ability|p2b: Arcanine|Intimidate|boost\n|-unboost|p1a: Sand Setter|atk|1\n|-unboost|p1b: Screens|atk|1\n|-weather|Sandstorm|[from] ability: Sand Stream|[of] p1a: Sand Setter\n|turn|1\n|inactive|Treeman480 has 30 seconds left.\n|inactive|Eclipse \u2665 Wooper has 30 seconds left.\n|inactive|Eclipse \u2665 Wooper has 20 seconds left.\n|\n|t:|1699831173\n|-terastallize|p2b: Arcanine|Fairy\n|-terastallize|p1a: Sand Setter|Psychic\n|move|p2a: Chien-Pao|Sucker Punch|p1a: Sand Setter\n|-supereffective|p1a: Sand Setter\n|-damage|p1a: Sand Setter|14\/100\n|move|p1b: Screens|Reflect|p1b: Screens\n|-sidestart|p1: Treeman480|Reflect\n|move|p2b: Arcanine|Tera Blast|p1a: Sand Setter|[anim] Tera Blast Fairy\n|-damage|p1a: Sand Setter|0 fnt\n|faint|p1a: Sand Setter\n|\n|-weather|Sandstorm|[upkeep]\n|-damage|p2a: Chien-Pao|95\/100|[from] Sandstorm\n|-damage|p2b: Arcanine|95\/100|[from] Sandstorm\n|-damage|p1b: Screens|95\/100|[from] Sandstorm\n|upkeep\n|\n|t:|1699831186\n|switch|p1a: Sweeper|Gholdengo, L50|100\/100\n|turn|2\n|\n|t:|1699831202\n|switch|p2b: Rillaboom|Rillaboom, L50, M, shiny|100\/100\n|-fieldstart|move: Grassy Terrain|[from] ability: Grassy Surge|[of] p2b: Rillaboom\n|move|p1a: Sweeper|Protect|p1a: Sweeper\n|-singleturn|p1a: Sweeper|Protect\n|move|p2a: Chien-Pao|Icicle Crash|p1a: Sweeper\n|-activate|p1a: Sweeper|move: Protect\n|move|p1b: Screens|Play Rough|p2a: Chien-Pao\n|-supereffective|p2a: Chien-Pao\n|-damage|p2a: Chien-Pao|25\/100\n|\n|-weather|Sandstorm|[upkeep]\n|-damage|p2a: Chien-Pao|20\/100|[from] Sandstorm\n|-damage|p2b: Rillaboom|95\/100|[from] Sandstorm\n|-damage|p1b: Screens|89\/100|[from] Sandstorm\n|-heal|p2a: Chien-Pao|25\/100|[from] Grassy Terrain\n|-heal|p2b: Rillaboom|100\/100|[from] Grassy Terrain\n|-heal|p1b: Screens|95\/100|[from] Grassy Terrain\n|upkeep\n|turn|3\n|inactive|Treeman480 has 30 seconds left.\n|\n|t:|1699831230\n|switch|p2a: Arcanine|Arcanine-Hisui, L50, M, shiny, tera:Fairy|95\/100\n|-ability|p2a: Arcanine|Intimidate|boost\n|-unboost|p1a: Sweeper|atk|1\n|-unboost|p1b: Screens|atk|1\n|switch|p1a: Fire Core|Arcanine-Hisui, L50, F|100\/100\n|-ability|p1a: Fire Core|Intimidate|boost\n|-unboost|p2a: Arcanine|atk|1\n|-unboost|p2b: Rillaboom|atk|1\n|move|p2b: Rillaboom|U-turn|p1b: Screens\n|-damage|p1b: Screens|80\/100\n|\n|t:|1699831243\n|switch|p2b: Flutter Mane|Flutter Mane, L50|100\/100|[from] U-turn\n|-enditem|p2b: Flutter Mane|Booster Energy\n|-activate|p2b: Flutter Mane|ability: Protosynthesis|[fromitem]\n|-start|p2b: Flutter Mane|protosynthesisspa\n|move|p1b: Screens|Play Rough|p2a: Arcanine\n|-damage|p2a: Arcanine|72\/100\n|\n|-weather|Sandstorm|[upkeep]\n|-damage|p2b: Flutter Mane|95\/100|[from] Sandstorm\n|-damage|p2a: Arcanine|66\/100|[from] Sandstorm\n|-damage|p1b: Screens|74\/100|[from] Sandstorm\n|-heal|p2b: Flutter Mane|100\/100|[from] Grassy Terrain\n|-heal|p2a: Arcanine|72\/100|[from] Grassy Terrain\n|-heal|p1b: Screens|80\/100|[from] Grassy Terrain\n|upkeep\n|turn|4\n|inactive|Eclipse \u2665 Wooper has 30 seconds left.\n|\n|t:|1699831273\n|move|p2a: Arcanine|Extreme Speed|p1a: Fire Core\n|-resisted|p1a: Fire Core\n|-damage|p1a: Fire Core|90\/100\n|move|p1b: Screens|Light Screen|p1b: Screens\n|-sidestart|p1: Treeman480|move: Light Screen\n|move|p2b: Flutter Mane|Shadow Ball|p1a: Fire Core\n|-damage|p1a: Fire Core|65\/100\n|move|p1a: Fire Core|Howl|p1a: Fire Core|[spread] p1a,p1b\n|-boost|p1a: Fire Core|atk|1\n|-boost|p1b: Screens|atk|1\n|\n|-weather|Sandstorm|[upkeep]\n|-damage|p2b: Flutter Mane|95\/100|[from] Sandstorm\n|-damage|p2a: Arcanine|66\/100|[from] Sandstorm\n|-damage|p1b: Screens|74\/100|[from] Sandstorm\n|-heal|p2b: Flutter Mane|100\/100|[from] Grassy Terrain\n|-heal|p1a: Fire Core|71\/100|[from] Grassy Terrain\n|-heal|p2a: Arcanine|72\/100|[from] Grassy Terrain\n|-heal|p1b: Screens|80\/100|[from] Grassy Terrain\n|upkeep\n|turn|5\n|inactive|Treeman480 has 30 seconds left.\n|\n|t:|1699831302\n|switch|p2a: Rillaboom|Rillaboom, L50, M, shiny|100\/100\n|move|p1b: Screens|Parting Shot|p2b: Flutter Mane\n|-unboost|p2b: Flutter Mane|atk|1\n|-unboost|p2b: Flutter Mane|spa|1\n|\n|t:|1699831307\n|switch|p1b: Sweeper|Gholdengo, L50|100\/100|[from] Parting Shot\n|move|p2b: Flutter Mane|Moonblast|p1a: Fire Core\n|-resisted|p1a: Fire Core\n|-damage|p1a: Fire Core|61\/100\n|move|p1a: Fire Core|Rock Slide|p2a: Rillaboom|[spread] p2a\n|-miss|p1a: Fire Core|p2b: Flutter Mane\n|-damage|p2a: Rillaboom|71\/100\n|\n|-weather|none\n|-heal|p1a: Fire Core|67\/100|[from] Grassy Terrain\n|-heal|p2a: Rillaboom|77\/100|[from] Grassy Terrain\n|upkeep\n|turn|6\n|inactive|Treeman480 has 30 seconds left.\n|inactive|Treeman480 has 20 seconds left.\n|\n|t:|1699831344\n|switch|p1a: Screens|Grimmsnarl, L50, M|80\/100\n|move|p1b: Sweeper|Protect|p1b: Sweeper\n|-singleturn|p1b: Sweeper|Protect\n|move|p2a: Rillaboom|Fake Out|p1a: Screens\n|-damage|p1a: Screens|69\/100\n|move|p2b: Flutter Mane|Shadow Ball|p1b: Sweeper\n|-activate|p1b: Sweeper|move: Protect\n|\n|-heal|p2a: Rillaboom|83\/100|[from] Grassy Terrain\n|-heal|p1a: Screens|75\/100|[from] Grassy Terrain\n|-fieldend|move: Grassy Terrain\n|upkeep\n|turn|7\n|inactive|Eclipse \u2665 Wooper has 30 seconds left.\n|\n|t:|1699831371\n|move|p1a: Screens|Parting Shot|p2b: Flutter Mane\n|-unboost|p2b: Flutter Mane|atk|1\n|-unboost|p2b: Flutter Mane|spa|1\n|\n|t:|1699831374\n|switch|p1a: Fire Core|Arcanine-Hisui, L50, F|67\/100|[from] Parting Shot\n|-ability|p1a: Fire Core|Intimidate|boost\n|-unboost|p2a: Rillaboom|atk|1\n|-unboost|p2b: Flutter Mane|atk|1\n|move|p2b: Flutter Mane|Shadow Ball|p1b: Sweeper\n|-supereffective|p1b: Sweeper\n|-damage|p1b: Sweeper|69\/100\n|-unboost|p1b: Sweeper|spd|1\n|move|p1b: Sweeper|Nasty Plot|p1b: Sweeper\n|-boost|p1b: Sweeper|spa|2\n|move|p2a: Rillaboom|Wood Hammer|p1a: Fire Core\n|-damage|p1a: Fire Core|37\/100\n|-enditem|p1a: Fire Core|Sitrus Berry|[eat]\n|-heal|p1a: Fire Core|62\/100|[from] item: Sitrus Berry\n|-damage|p2a: Rillaboom|74\/100|[from] Recoil\n|\n|-heal|p1b: Sweeper|75\/100|[from] item: Leftovers\n|upkeep\n|turn|8\n|inactive|Eclipse \u2665 Wooper has 30 seconds left.\n|\n|t:|1699831407\n|-end|p2b: Flutter Mane|Protosynthesis|[silent]\n|switch|p2b: Chien-Pao|Chien-Pao, L50|25\/100\n|-ability|p2b: Chien-Pao|Sword of Ruin\n|switch|p2a: Arcanine|Arcanine-Hisui, L50, M, shiny, tera:Fairy|72\/100\n|-ability|p2a: Arcanine|Intimidate|boost\n|-unboost|p1a: Fire Core|atk|1\n|-unboost|p1b: Sweeper|atk|1\n|move|p1a: Fire Core|Flare Blitz|p2a: Arcanine\n|-damage|p2a: Arcanine|22\/100\n|-damage|p1a: Fire Core|46\/100|[from] Recoil\n|move|p1b: Sweeper|Make It Rain|p2b: Chien-Pao|[spread] p2a,p2b\n|-supereffective|p2a: Arcanine\n|-supereffective|p2b: Chien-Pao\n|-damage|p2a: Arcanine|0 fnt\n|-damage|p2b: Chien-Pao|0 fnt\n|-unboost|p1b: Sweeper|spa|1\n|faint|p2a: Arcanine\n|faint|p2b: Chien-Pao\n|\n|-heal|p1b: Sweeper|81\/100|[from] item: Leftovers\n|-sideend|p1: Treeman480|Reflect\n|upkeep\n|\n|t:|1699831414\n|switch|p2b: Flutter Mane|Flutter Mane, L50|100\/100\n|switch|p2a: Rillaboom|Rillaboom, L50, M, shiny|74\/100\n|-fieldstart|move: Grassy Terrain|[from] ability: Grassy Surge|[of] p2a: Rillaboom\n|turn|9\n|\n|t:|1699831437\n|switch|p1a: Screens|Grimmsnarl, L50, M|75\/100\n|move|p1b: Sweeper|Protect|p1b: Sweeper\n|-singleturn|p1b: Sweeper|Protect\n|move|p2a: Rillaboom|Fake Out|p1a: Screens\n|-damage|p1a: Screens|58\/100\n|move|p2b: Flutter Mane|Shadow Ball|p1b: Sweeper\n|-activate|p1b: Sweeper|move: Protect\n|\n|-heal|p1b: Sweeper|87\/100|[from] Grassy Terrain\n|-heal|p1b: Sweeper|93\/100|[from] item: Leftovers\n|-heal|p2a: Rillaboom|80\/100|[from] Grassy Terrain\n|-heal|p1a: Screens|64\/100|[from] Grassy Terrain\n|upkeep\n|turn|10\n|inactive|Treeman480 has 30 seconds left.\n|\n|t:|1699831465\n|move|p1a: Screens|Parting Shot|p2b: Flutter Mane\n|-unboost|p2b: Flutter Mane|atk|1\n|-unboost|p2b: Flutter Mane|spa|1\n|\n|t:|1699831469\n|switch|p1a: Fire Core|Arcanine-Hisui, L50, F|46\/100|[from] Parting Shot\n|-ability|p1a: Fire Core|Intimidate|boost\n|-unboost|p2a: Rillaboom|atk|1\n|-unboost|p2b: Flutter Mane|atk|1\n|move|p2b: Flutter Mane|Shadow Ball|p1b: Sweeper\n|-supereffective|p1b: Sweeper\n|-damage|p1b: Sweeper|49\/100\n|-unboost|p1b: Sweeper|spd|1\n|move|p1b: Sweeper|Shadow Ball|p2b: Flutter Mane\n|-supereffective|p2b: Flutter Mane\n|-damage|p2b: Flutter Mane|1\/100\n|move|p2a: Rillaboom|Wood Hammer|p1b: Sweeper\n|-resisted|p1b: Sweeper\n|-damage|p1b: Sweeper|22\/100\n|-damage|p2a: Rillaboom|72\/100|[from] Recoil\n|\n|-heal|p2b: Flutter Mane|7\/100|[from] Grassy Terrain\n|-heal|p1a: Fire Core|53\/100|[from] Grassy Terrain\n|-heal|p1b: Sweeper|28\/100|[from] Grassy Terrain\n|-heal|p1b: Sweeper|34\/100|[from] item: Leftovers\n|-heal|p2a: Rillaboom|78\/100|[from] Grassy Terrain\n|upkeep\n|turn|11\n|c|\u2606Treeman480|holymoley\n|inactive|Treeman480 has 30 seconds left.\n|inactive|Eclipse \u2665 Wooper has 30 seconds left.\n|inactive|Treeman480 has 20 seconds left.\n|inactive|Eclipse \u2665 Wooper has 20 seconds left.\n|inactive|Eclipse \u2665 Wooper has 15 seconds left.\n|inactive|Eclipse \u2665 Wooper has 10 seconds left.\n|\n|t:|1699831517\n|move|p1b: Sweeper|Protect|p1b: Sweeper\n|-singleturn|p1b: Sweeper|Protect\n|move|p2b: Flutter Mane|Shadow Ball|p1a: Fire Core\n|-damage|p1a: Fire Core|34\/100\n|-unboost|p1a: Fire Core|spd|1\n|move|p1a: Fire Core|Flare Blitz|p2b: Flutter Mane\n|-damage|p2b: Flutter Mane|0 fnt\n|faint|p2b: Flutter Mane\n|-end|p2b: Flutter Mane|Protosynthesis|[silent]\n|-damage|p1a: Fire Core|33\/100|[from] Recoil\n|move|p2a: Rillaboom|Wood Hammer|p1a: Fire Core\n|-damage|p1a: Fire Core|0 fnt\n|faint|p1a: Fire Core\n|-damage|p2a: Rillaboom|67\/100|[from] Recoil\n|\n|-heal|p1b: Sweeper|40\/100|[from] Grassy Terrain\n|-heal|p1b: Sweeper|47\/100|[from] item: Leftovers\n|-heal|p2a: Rillaboom|73\/100|[from] Grassy Terrain\n|-sideend|p1: Treeman480|move: Light Screen\n|upkeep\n|\n|t:|1699831530\n|switch|p1a: Screens|Grimmsnarl, L50, M|64\/100\n|turn|12\n|\n|t:|1699831544\n|move|p1a: Screens|Reflect|p1a: Screens\n|-sidestart|p1: Treeman480|Reflect\n|move|p1b: Sweeper|Make It Rain|p2a: Rillaboom\n|-damage|p2a: Rillaboom|12\/100\n|-unboost|p1b: Sweeper|spa|1\n|move|p2a: Rillaboom|Wood Hammer|p1b: Sweeper\n|-resisted|p1b: Sweeper\n|-damage|p1b: Sweeper|29\/100\n|-damage|p2a: Rillaboom|7\/100|[from] Recoil\n|\n|-heal|p1b: Sweeper|35\/100|[from] Grassy Terrain\n|-heal|p1b: Sweeper|42\/100|[from] item: Leftovers\n|-heal|p2a: Rillaboom|13\/100|[from] Grassy Terrain\n|-heal|p1a: Screens|70\/100|[from] Grassy Terrain\n|upkeep\n|turn|13\n|\n|t:|1699831560\n|move|p2a: Rillaboom|Grassy Glide|p1b: Sweeper\n|-resisted|p1b: Sweeper\n|-damage|p1b: Sweeper|33\/100\n|move|p1b: Sweeper|Shadow Ball|p2a: Rillaboom\n|-damage|p2a: Rillaboom|0 fnt\n|faint|p2a: Rillaboom\n|\n|win|Treeman480\n|raw|Treeman480's rating: 1183 &rarr; <strong>1215<\/strong><br \/>(+32 for winning)\n|raw|Eclipse \u2665 Wooper's rating: 1284 &rarr; <strong>1252<\/strong><br \/>(-32 for losing)\n|c|\u2606Treeman480|Gg\n|l|\u2606Eclipse \u2665 Wooper\n","uploadtime":1699831574,"views":15,"p1id":"treeman480","p2id":"eclipsewooper","formatid":"gen9vgc2023regulatione","rating":1215,"private":0,"password":""}