{"id":"gen9vgc2023regulatione-1995958845","p1":"croix-mer","p2":"GoosseppiDaWise","format":"[Gen 9] VGC 2023 Regulation E","log":"|j|\u2606croix-mer\n|j|\u2606GoosseppiDaWise\n|t:|1700622102\n|gametype|doubles\n|player|p1|croix-mer|flannery|1136\n|player|p2|GoosseppiDaWise|giovanni|1054\n|teamsize|p1|6\n|teamsize|p2|6\n|gen|9\n|tier|[Gen 9] VGC 2023 Regulation E\n|rated|\n|rule|Species Clause: Limit one of each Pok\u00e9mon\n|rule|Item Clause: Limit one of each item\n|clearpoke\n|poke|p1|Landorus, L50, M|\n|poke|p1|Ogerpon-Wellspring, L50, F|\n|poke|p1|Regieleki, L50|\n|poke|p1|Urshifu-*, L50, M|\n|poke|p1|Iron Hands, L50|\n|poke|p1|Arcanine-Hisui, L50, M|\n|poke|p2|Ninetales-Alola, L50, F|\n|poke|p2|Cetitan, L50, F|\n|poke|p2|Gallade, L50, M|\n|poke|p2|Coalossal, L50, M|\n|poke|p2|Toxtricity, L50, F|\n|poke|p2|Honchkrow, L50, M|\n|teampreview|4\n|\n|t:|1700622153\n|start\n|switch|p1a: Mlutter Fane|Regieleki, L50|100\/100\n|switch|p1b: 4lan|Iron Hands, L50|100\/100\n|switch|p2a: Ninetales|Ninetales-Alola, L50, F|100\/100\n|switch|p2b: Cetitan|Cetitan, L50, F|100\/100\n|-weather|Snow|[from] ability: Snow Warning|[of] p2a: Ninetales\n|turn|1\n|\n|t:|1700622177\n|move|p1a: Mlutter Fane|Electroweb|p2a: Ninetales|[spread] p2a,p2b\n|-damage|p2a: Ninetales|70\/100\n|-damage|p2b: Cetitan|68\/100\n|-unboost|p2a: Ninetales|spe|1\n|-unboost|p2b: Cetitan|spe|1\n|move|p2a: Ninetales|Aurora Veil|p2a: Ninetales\n|-sidestart|p2: GoosseppiDaWise|move: Aurora Veil\n|move|p1b: 4lan|Drain Punch|p2b: Cetitan\n|-supereffective|p2b: Cetitan\n|-damage|p2b: Cetitan|36\/100\n|move|p2b: Cetitan|Belly Drum||[still]\n|-fail|p2b: Cetitan\n|\n|-weather|Snow|[upkeep]\n|upkeep\n|turn|2\n|\n|t:|1700622194\n|switch|p2a: Gallade|Gallade, L50, M|100\/100\n|move|p2b: Cetitan|Protect|p2b: Cetitan\n|-singleturn|p2b: Cetitan|Protect\n|move|p1a: Mlutter Fane|Electroweb|p2b: Cetitan|[spread] p2a\n|-activate|p2b: Cetitan|move: Protect\n|-damage|p2a: Gallade|80\/100\n|-unboost|p2a: Gallade|spe|1\n|move|p1b: 4lan|Drain Punch|p2b: Cetitan\n|-activate|p2b: Cetitan|move: Protect\n|\n|-weather|Snow|[upkeep]\n|upkeep\n|turn|3\n|\n|t:|1700622225\n|switch|p1a: good boy v2|Arcanine-Hisui, L50, M, shiny|100\/100\n|-ability|p1a: good boy v2|Intimidate|boost\n|-unboost|p2a: Gallade|atk|1\n|-unboost|p2b: Cetitan|atk|1\n|move|p2a: Gallade|Heal Pulse|p2b: Cetitan\n|-heal|p2b: Cetitan|86\/100\n|move|p1b: 4lan|Drain Punch|p2b: Cetitan\n|-supereffective|p2b: Cetitan\n|-damage|p2b: Cetitan|56\/100\n|move|p2b: Cetitan|Liquidation|p1b: 4lan\n|-damage|p1b: 4lan|78\/100\n|\n|-weather|Snow|[upkeep]\n|upkeep\n|turn|4\n|\n|t:|1700622246\n|-terastallize|p1a: good boy v2|Fairy\n|move|p1a: good boy v2|Tera Blast|p2a: Gallade|[anim] Tera Blast Fairy\n|-supereffective|p2a: Gallade\n|-damage|p2a: Gallade|0 fnt\n|faint|p2a: Gallade\n|move|p1b: 4lan|Drain Punch|p2b: Cetitan\n|-supereffective|p2b: Cetitan\n|-damage|p2b: Cetitan|20\/100\n|-heal|p1b: 4lan|98\/100|[from] drain|[of] p2b: Cetitan\n|move|p2b: Cetitan|Belly Drum||[still]\n|-fail|p2b: Cetitan\n|\n|-weather|Snow|[upkeep]\n|upkeep\n|\n|t:|1700622259\n|switch|p2a: Ninetales|Ninetales-Alola, L50, F|70\/100\n|turn|5\n|\n|t:|1700622274\n|switch|p1a: Landorus|Landorus, L50, M, shiny|100\/100\n|move|p2a: Ninetales|Dazzling Gleam|p1b: 4lan|[spread] p1a,p1b\n|-supereffective|p1b: 4lan\n|-damage|p1a: Landorus|81\/100\n|-damage|p1b: 4lan|81\/100\n|move|p1b: 4lan|Drain Punch|p2a: Ninetales\n|-damage|p2a: Ninetales|46\/100\n|-heal|p1b: 4lan|90\/100|[from] drain|[of] p2a: Ninetales\n|move|p2b: Cetitan|Liquidation|p1a: Landorus\n|-supereffective|p1a: Landorus\n|-damage|p1a: Landorus|10\/100\n|\n|-weather|none\n|upkeep\n|turn|6\n|\n|t:|1700622297\n|move|p2a: Ninetales|Snowscape|p2a: Ninetales\n|-weather|Snow\n|move|p1a: Landorus|Earth Power|p2a: Ninetales\n|-damage|p2a: Ninetales|0 fnt\n|faint|p2a: Ninetales\n|move|p1b: 4lan|Drain Punch|p2b: Cetitan\n|-supereffective|p2b: Cetitan\n|-damage|p2b: Cetitan|0 fnt\n|-heal|p1b: 4lan|100\/100|[from] drain|[of] p2b: Cetitan\n|faint|p2b: Cetitan\n|\n|-weather|Snow|[upkeep]\n|upkeep\n|\n|t:|1700622312\n|switch|p2b: Coalossal|Coalossal, L50, M|100\/100\n|turn|7\n|\n|t:|1700622326\n|-terastallize|p2b: Coalossal|Rock\n|move|p1a: Landorus|Earth Power|p2b: Coalossal\n|-supereffective|p2b: Coalossal\n|-damage|p2b: Coalossal|37\/100\n|move|p1b: 4lan|Drain Punch|p2b: Coalossal\n|-supereffective|p2b: Coalossal\n|-damage|p2b: Coalossal|0 fnt\n|faint|p2b: Coalossal\n|\n|win|croix-mer\n|raw|croix-mer's rating: 1136 &rarr; <strong>1155<\/strong><br \/>(+19 for winning)\n|raw|GoosseppiDaWise's rating: 1054 &rarr; <strong>1040<\/strong><br \/>(-14 for losing)\n|c|\u2606GoosseppiDaWise|gg\n|c|\u2606croix-mer|gg\n|l|\u2606GoosseppiDaWise\n","uploadtime":1700622368,"views":5,"p1id":"croixmer","p2id":"goosseppidawise","formatid":"gen9vgc2023regulatione","rating":1040,"private":0,"password":""}