{"id":"gen9vgc2023regulatione-1993534022","p1":"heypolo","p2":"Lstar97","format":"[Gen 9] VGC 2023 Regulation E","log":"|j|\u2606heypolo\n|j|\u2606Lstar97\n|t:|1700328956\n|gametype|doubles\n|player|p1|heypolo|n|1247\n|player|p2|Lstar97|policeman|1303\n|teamsize|p1|6\n|teamsize|p2|6\n|gen|9\n|tier|[Gen 9] VGC 2023 Regulation E\n|rated|\n|rule|Species Clause: Limit one of each Pok\u00e9mon\n|rule|Item Clause: Limit one of each item\n|clearpoke\n|poke|p1|Urshifu-*, L50, M|\n|poke|p1|Tornadus, L50, M|\n|poke|p1|Iron Hands, L50|\n|poke|p1|Ogerpon-Hearthflame, L50, F|\n|poke|p1|Chien-Pao, L50|\n|poke|p1|Arcanine-Hisui, L50, M|\n|poke|p2|Rillaboom, L50, M|\n|poke|p2|Heatran, L50, F|\n|poke|p2|Cresselia, L50, F|\n|poke|p2|Urshifu-*, L50, M|\n|poke|p2|Ursaluna-Bloodmoon, L50, M|\n|poke|p2|Regieleki, L50|\n|teampreview|4\n|inactive|Battle timer is ON: inactive players will automatically lose when time's up. (requested by Lstar97)\n|\n|t:|1700328976\n|start\n|switch|p1a: Urshifu|Urshifu-Rapid-Strike, L50, M|100\/100\n|switch|p1b: Ogerpon|Ogerpon-Hearthflame, L50, F|100\/100\n|switch|p2a: Regieleki|Regieleki, L50|100\/100\n|switch|p2b: Rillaboom|Rillaboom, L50, M|100\/100\n|-ability|p1b: Ogerpon|Mold Breaker\n|-fieldstart|move: Grassy Terrain|[from] ability: Grassy Surge|[of] p2b: Rillaboom\n|turn|1\n|\n|t:|1700328999\n|move|p1a: Urshifu|Detect|p1a: Urshifu\n|-singleturn|p1a: Urshifu|Protect\n|move|p1b: Ogerpon|Spiky Shield|p1b: Ogerpon\n|-singleturn|p1b: Ogerpon|move: Protect\n|move|p2b: Rillaboom|Fake Out|p1b: Ogerpon\n|-activate|p1b: Ogerpon|move: Protect\n|-damage|p2b: Rillaboom|88\/100|[from] Spiky Shield|[of] p1b: Ogerpon\n|move|p2a: Regieleki|Volt Switch|p1a: Urshifu\n|-activate|p1a: Urshifu|move: Protect\n|\n|-heal|p2b: Rillaboom|94\/100|[from] Grassy Terrain\n|upkeep\n|turn|2\n|inactive|heypolo has 30 seconds left.\n|\n|t:|1700329030\n|switch|p1a: Chien-Pao|Chien-Pao, L50|100\/100\n|-ability|p1a: Chien-Pao|Sword of Ruin\n|switch|p2b: Heatran|Heatran, L50, F|100\/100\n|move|p2a: Regieleki|Volt Switch|p1a: Chien-Pao\n|-damage|p1a: Chien-Pao|22\/100\n|-damage|p2a: Regieleki|91\/100|[from] item: Life Orb\n|\n|t:|1700329043\n|switch|p2a: Rillaboom|Rillaboom, L50, M|94\/100|[from] Volt Switch\n|move|p1b: Ogerpon|Ivy Cudgel|p2a: Rillaboom|[anim] Ivy Cudgel Fire\n|-supereffective|p2a: Rillaboom\n|-damage|p2a: Rillaboom|0 fnt\n|faint|p2a: Rillaboom\n|\n|-heal|p1a: Chien-Pao|28\/100|[from] Grassy Terrain\n|upkeep\n|\n|t:|1700329056\n|switch|p2a: Regieleki|Regieleki, L50|91\/100\n|turn|3\n|\n|t:|1700329072\n|move|p2a: Regieleki|Volt Switch|p1a: Chien-Pao\n|-damage|p1a: Chien-Pao|0 fnt\n|faint|p1a: Chien-Pao\n|-damage|p2a: Regieleki|81\/100|[from] item: Life Orb\n|\n|t:|1700329081\n|switch|p2a: Cresselia|Cresselia, L50, F|100\/100|[from] Volt Switch\n|move|p1b: Ogerpon|Stomping Tantrum|p2b: Heatran\n|-supereffective|p2b: Heatran\n|-damage|p2b: Heatran|0 fnt\n|faint|p2b: Heatran\n|\n|upkeep\n|\n|t:|1700329091\n|switch|p1a: Urshifu|Urshifu-Rapid-Strike, L50, M|100\/100\n|switch|p2b: Regieleki|Regieleki, L50|81\/100\n|turn|4\n|\n|t:|1700329108\n|move|p1a: Urshifu|Detect|p1a: Urshifu\n|-singleturn|p1a: Urshifu|Protect\n|move|p2b: Regieleki|Thunderbolt|p1a: Urshifu\n|-activate|p1a: Urshifu|move: Protect\n|move|p1b: Ogerpon|Stomping Tantrum|p2b: Regieleki\n|-supereffective|p2b: Regieleki\n|-damage|p2b: Regieleki|0 fnt\n|faint|p2b: Regieleki\n|move|p2a: Cresselia|Icy Wind|p1a: Urshifu|[spread] p1b\n|-activate|p1a: Urshifu|move: Protect\n|-damage|p1b: Ogerpon|93\/100\n|-unboost|p1b: Ogerpon|spe|1\n|\n|-heal|p1b: Ogerpon|99\/100|[from] Grassy Terrain\n|upkeep\n|turn|5\n|-message|Lstar97 forfeited.\n|\n|win|heypolo\n|raw|heypolo's rating: 1247 &rarr; <strong>1276<\/strong><br \/>(+29 for winning)\n|raw|Lstar97's rating: 1303 &rarr; <strong>1280<\/strong><br \/>(-23 for losing)\n|l|\u2606Lstar97\n","uploadtime":1700329131,"views":11,"p1id":"heypolo","p2id":"lstar97","formatid":"gen9vgc2023regulatione","rating":1276,"private":0,"password":""}