{"id":"gen9vgc2023regulatione-1996727198","p1":"H0u0uin_Ky0uma","p2":"RIKASLOVER","format":"[Gen 9] VGC 2023 Regulation E","log":"|j|\u2606H0u0uin_Ky0uma\n|j|\u2606RIKASLOVER\n|t:|1700715258\n|gametype|doubles\n|player|p1|H0u0uin_Ky0uma|colress|1215\n|player|p2|RIKASLOVER|cynthia-masters|1235\n|teamsize|p1|6\n|teamsize|p2|6\n|gen|9\n|tier|[Gen 9] VGC 2023 Regulation E\n|rated|\n|rule|Species Clause: Limit one of each Pok\u00e9mon\n|rule|Item Clause: Limit one of each item\n|clearpoke\n|poke|p1|Rillaboom, L50, M|\n|poke|p1|Arcanine-Hisui, L50, M|\n|poke|p1|Urshifu-*, L50, M|\n|poke|p1|Flutter Mane, L50|\n|poke|p1|Roaring Moon, L50|\n|poke|p1|Tornadus, L50, M|\n|poke|p2|Tornadus, L50, M|\n|poke|p2|Arcanine-Hisui, L50, M|\n|poke|p2|Iron Hands, L50|\n|poke|p2|Amoonguss, L50, F|\n|poke|p2|Urshifu-*, L50, M|\n|poke|p2|Ogerpon-Wellspring, L50, F|\n|teampreview|4\nH0u0uin_Ky0uma has agreed to open team sheets.\nRIKASLOVER has agreed to open team sheets.\n|inactive|Battle timer is ON: inactive players will automatically lose when time's up. (requested by RIKASLOVER)\n|inactive|H0u0uin_Ky0uma has 60 seconds left.\n|\n|t:|1700715326\n|start\n|switch|p1a: Rillaboom|Rillaboom, L50, M, shiny|100\/100\n|switch|p1b: Roaring Moon|Roaring Moon, L50|100\/100\n|switch|p2a: Arcanine|Arcanine-Hisui, L50, M|100\/100\n|switch|p2b: Iron Hands|Iron Hands, L50|100\/100\n|-ability|p2a: Arcanine|Intimidate|boost\n|-unboost|p1a: Rillaboom|atk|1\n|-unboost|p1b: Roaring Moon|atk|1\n|-fieldstart|move: Grassy Terrain|[from] ability: Grassy Surge|[of] p1a: Rillaboom\n|-enditem|p1b: Roaring Moon|Booster Energy\n|-activate|p1b: Roaring Moon|ability: Protosynthesis|[fromitem]\n|-start|p1b: Roaring Moon|protosynthesisspe\n|turn|1\n|inactive|H0u0uin_Ky0uma has 30 seconds left.\n|\n|t:|1700715360\n|move|p1a: Rillaboom|Fake Out|p2a: Arcanine\n|-resisted|p2a: Arcanine\n|-damage|p2a: Arcanine|96\/100\n|move|p2b: Iron Hands|Fake Out|p1b: Roaring Moon\n|-damage|p1b: Roaring Moon|81\/100\n|cant|p1b: Roaring Moon|flinch\n|cant|p2a: Arcanine|flinch\n|\n|-heal|p1b: Roaring Moon|87\/100|[from] Grassy Terrain\n|-heal|p2a: Arcanine|100\/100|[from] Grassy Terrain\n|upkeep\n|turn|2\n|\n|t:|1700715375\n|-end|p1b: Roaring Moon|Protosynthesis|[silent]\n|switch|p1b: Arcanine|Arcanine-Hisui, L50, M, shiny|100\/100\n|-ability|p1b: Arcanine|Intimidate|boost\n|-unboost|p2a: Arcanine|atk|1\n|-unboost|p2b: Iron Hands|atk|1\n|move|p2a: Arcanine|Flare Blitz|p1a: Rillaboom\n|-supereffective|p1a: Rillaboom\n|-damage|p1a: Rillaboom|0 fnt\n|faint|p1a: Rillaboom\n|-damage|p2a: Arcanine|63\/100|[from] Recoil\n|move|p2b: Iron Hands|Drain Punch|p1b: Arcanine\n|-supereffective|p1b: Arcanine\n|-damage|p1b: Arcanine|39\/100\n|\n|-heal|p2a: Arcanine|69\/100|[from] Grassy Terrain\n|-heal|p1b: Arcanine|45\/100|[from] Grassy Terrain\n|upkeep\n|\n|t:|1700715392\n|switch|p1a: Roaring Moon|Roaring Moon, L50|87\/100\n|turn|3\n|\n|t:|1700715408\n|switch|p2a: Amoonguss|Amoonguss, L50, F|100\/100\n|move|p1a: Roaring Moon|Acrobatics|p2b: Iron Hands\n|-damage|p2b: Iron Hands|78\/100\n|move|p1b: Arcanine|Rock Slide|p2b: Iron Hands|[spread] p2a,p2b\n|-resisted|p2b: Iron Hands\n|-damage|p2a: Amoonguss|65\/100\n|-damage|p2b: Iron Hands|63\/100\n|cant|p2b: Iron Hands|flinch\n|\n|-heal|p1a: Roaring Moon|93\/100|[from] Grassy Terrain\n|-heal|p1b: Arcanine|51\/100|[from] Grassy Terrain\n|-heal|p2b: Iron Hands|69\/100|[from] Grassy Terrain\n|-heal|p2a: Amoonguss|71\/100|[from] Grassy Terrain\n|upkeep\n|turn|4\n|\n|t:|1700715432\n|switch|p1b: Flutter Mane|Flutter Mane, L50|100\/100\n|-end|p2b: Iron Hands|Quark Drive|[silent]\n|switch|p2b: Arcanine|Arcanine-Hisui, L50, M|69\/100\n|-ability|p2b: Arcanine|Intimidate|boost\n|-unboost|p1a: Roaring Moon|atk|1\n|-unboost|p1b: Flutter Mane|atk|1\n|-terastallize|p1a: Roaring Moon|Flying\n|-terastallize|p2a: Amoonguss|Water\n|move|p1a: Roaring Moon|Acrobatics|p2a: Amoonguss\n|-damage|p2a: Amoonguss|40\/100\n|-enditem|p2a: Amoonguss|Sitrus Berry|[eat]\n|-heal|p2a: Amoonguss|65\/100|[from] item: Sitrus Berry\n|move|p2a: Amoonguss|Spore|p1a: Roaring Moon\n|-status|p1a: Roaring Moon|slp|[from] move: Spore\n|\n|-heal|p2b: Arcanine|75\/100|[from] Grassy Terrain\n|-heal|p2a: Amoonguss|71\/100|[from] Grassy Terrain\n|upkeep\n|turn|5\n|inactive|H0u0uin_Ky0uma has 30 seconds left.\n|\n|t:|1700715463\n|-end|p1a: Roaring Moon|Protosynthesis|[silent]\n|switch|p1a: Arcanine|Arcanine-Hisui, L50, M, shiny|51\/100\n|-ability|p1a: Arcanine|Intimidate|boost\n|-unboost|p2a: Amoonguss|atk|1\n|-unboost|p2b: Arcanine|atk|1\n|move|p1b: Flutter Mane|Moonblast|p2a: Amoonguss\n|-damage|p2a: Amoonguss|24\/100\n|-unboost|p2a: Amoonguss|spa|1\n|move|p2b: Arcanine|Rock Slide|p1a: Arcanine|[spread] p1a,p1b\n|-supereffective|p1a: Arcanine\n|-crit|p1a: Arcanine\n|-damage|p1a: Arcanine|0 fnt\n|-damage|p1b: Flutter Mane|42\/100\n|faint|p1a: Arcanine\n|move|p2a: Amoonguss|Spore|p1b: Flutter Mane\n|-status|p1b: Flutter Mane|slp|[from] move: Spore\n|\n|-heal|p1b: Flutter Mane|48\/100 slp|[from] Grassy Terrain\n|-heal|p2b: Arcanine|81\/100|[from] Grassy Terrain\n|-heal|p2a: Amoonguss|30\/100|[from] Grassy Terrain\n|-fieldend|move: Grassy Terrain\n|upkeep\n|\n|t:|1700715467\n|switch|p1a: Roaring Moon|Roaring Moon, L50, tera:Flying|93\/100 slp\n|turn|6\n|\n|t:|1700715481\n|switch|p2a: Iron Hands|Iron Hands, L50|69\/100\n|cant|p1b: Flutter Mane|slp\n|cant|p1a: Roaring Moon|slp\n|move|p2b: Arcanine|Rock Slide|p1a: Roaring Moon|[spread] p1a,p1b\n|-supereffective|p1a: Roaring Moon\n|-damage|p1a: Roaring Moon|30\/100 slp\n|-damage|p1b: Flutter Mane|0 fnt\n|faint|p1b: Flutter Mane\n|-end|p1b: Flutter Mane|Protosynthesis|[silent]\n|\n|upkeep\n|turn|7\n|-message|H0u0uin_Ky0uma forfeited.\n|\n|win|RIKASLOVER\n|raw|H0u0uin_Ky0uma's rating: 1215 &rarr; <strong>1191<\/strong><br \/>(-24 for losing)\n|raw|RIKASLOVER's rating: 1235 &rarr; <strong>1259<\/strong><br \/>(+24 for winning)\n|l|\u2606H0u0uin_Ky0uma\n","uploadtime":1700715493,"views":6,"p1id":"h0u0uinky0uma","p2id":"rikaslover","formatid":"gen9vgc2023regulatione","rating":1191,"private":0,"password":""}