{"id":"gen9vgc2023regulatione-2000020568","p1":"BowDog!","p2":"sdhhdjdjfkff","format":"[Gen 9] VGC 2023 Regulation E","log":"|j|\u2606BowDog!\n|j|\u2606sdhhdjdjfkff\n|t:|1701142093\n|gametype|doubles\n|player|p1|BowDog!|winona|1202\n|player|p2|sdhhdjdjfkff|170|1108\n|teamsize|p1|6\n|teamsize|p2|6\n|gen|9\n|tier|[Gen 9] VGC 2023 Regulation E\n|rated|\n|rule|Species Clause: Limit one of each Pok\u00e9mon\n|rule|Item Clause: Limit one of each item\n|clearpoke\n|poke|p1|Regidrago, L50|\n|poke|p1|Indeedee-F, L50, F|\n|poke|p1|Armarouge, L50, F|\n|poke|p1|Ursaluna, L50, F|\n|poke|p1|Torkoal, L50, F|\n|poke|p1|Lilligant-Hisui, L50, F|\n|poke|p2|Dondozo, L50, M|\n|poke|p2|Tatsugiri, L50, F|\n|poke|p2|Fezandipiti, L50, M|\n|poke|p2|Chi-Yu, L50|\n|poke|p2|Flutter Mane, L50|\n|poke|p2|Iron Hands, L50|\n|teampreview|4\nBowDog! has agreed to open team sheets.\n|inactive|Battle timer is ON: inactive players will automatically lose when time's up. (requested by BowDog!)\n|\n|t:|1701142160\n|start\n|switch|p1a: Regidrago|Regidrago, L50|100\/100\n|switch|p1b: Lilligant|Lilligant-Hisui, L50, F|100\/100\n|switch|p2a: Flutter Mane|Flutter Mane, L50|100\/100\n|switch|p2b: Chi-Yu|Chi-Yu, L50|100\/100\n|-ability|p2b: Chi-Yu|Beads of Ruin\n|turn|1\n|inactive|BowDog! has 30 seconds left.\n|inactive|sdhhdjdjfkff has 30 seconds left.\n|inactive|BowDog! has 20 seconds left.\n|inactive|BowDog! has 15 seconds left.\n|inactive|BowDog! has 10 seconds left.\n|inactive|BowDog! has 5 seconds left.\n|\n|t:|1701142212\n|switch|p1a: Torkoal|Torkoal, L50, F|100\/100\n|-weather|SunnyDay|[from] ability: Drought|[of] p1a: Torkoal\n|-activate|p2a: Flutter Mane|ability: Protosynthesis\n|-start|p2a: Flutter Mane|protosynthesisspa\n|move|p2b: Chi-Yu|Protect|p2b: Chi-Yu\n|-singleturn|p2b: Chi-Yu|Protect\n|move|p1b: Lilligant|Sleep Powder|p2a: Flutter Mane\n|-status|p2a: Flutter Mane|slp|[from] move: Sleep Powder\n|cant|p2a: Flutter Mane|slp\n|\n|-weather|SunnyDay|[upkeep]\n|upkeep\n|turn|2\n|inactive|BowDog! has 30 seconds left.\n|\n|t:|1701142239\n|-terastallize|p2b: Chi-Yu|Ghost\n|-terastallize|p1a: Torkoal|Fire\n|move|p1b: Lilligant|Sleep Powder|p2b: Chi-Yu\n|-activate|p2b: Chi-Yu|item: Safety Goggles|Sleep Powder\n|cant|p2a: Flutter Mane|slp\n|move|p2b: Chi-Yu|Heat Wave|p1b: Lilligant|[spread] p1a,p1b\n|-resisted|p1a: Torkoal\n|-supereffective|p1b: Lilligant\n|-damage|p1a: Torkoal|51\/100\n|-enditem|p1b: Lilligant|Focus Sash\n|-damage|p1b: Lilligant|1\/100\n|move|p1a: Torkoal|Eruption|p2b: Chi-Yu|[spread] p2a,p2b\n|-damage|p2a: Flutter Mane|11\/100 slp\n|-damage|p2b: Chi-Yu|36\/100\n|\n|-weather|SunnyDay|[upkeep]\n|upkeep\n|turn|3\n|inactive|BowDog! has 30 seconds left.\n|inactive|BowDog! has 20 seconds left.\n|\n|t:|1701142279\n|move|p1b: Lilligant|Solar Blade||[still]\n|-prepare|p1b: Lilligant|Solar Blade\n|-anim|p1b: Lilligant|Solar Blade|p2b: Chi-Yu\n|-damage|p2b: Chi-Yu|0 fnt\n|faint|p2b: Chi-Yu\n|-curestatus|p2a: Flutter Mane|slp|[msg]\n|move|p2a: Flutter Mane|Moonblast|p1b: Lilligant\n|-supereffective|p1b: Lilligant\n|-damage|p1b: Lilligant|0 fnt\n|faint|p1b: Lilligant\n|move|p1a: Torkoal|Eruption|p2a: Flutter Mane\n|-damage|p2a: Flutter Mane|0 fnt\n|faint|p2a: Flutter Mane\n|-end|p2a: Flutter Mane|Protosynthesis|[silent]\n|\n|-weather|SunnyDay|[upkeep]\n|upkeep\n|\n|t:|1701142302\n|switch|p2a: Dondozo|Dondozo, L50, M, shiny|100\/100\n|switch|p2b: Tatsugiri|Tatsugiri, L50, F|100\/100\n|switch|p1b: Regidrago|Regidrago, L50|100\/100\n|-activate|p2b: Tatsugiri|ability: Commander|[of] p2a: Dondozo\n|-boost|p2a: Dondozo|atk|2\n|-boost|p2a: Dondozo|spa|2\n|-boost|p2a: Dondozo|spe|2\n|-boost|p2a: Dondozo|def|2\n|-boost|p2a: Dondozo|spd|2\n|turn|4\n|\n|t:|1701142320\n|move|p1b: Regidrago|Dragon Energy|p2b: Tatsugiri|[spread] p2a\n|-miss|p1b: Regidrago|p2b: Tatsugiri\n|-damage|p2a: Dondozo|65\/100\n|move|p2a: Dondozo|Order Up|p1b: Regidrago\n|-supereffective|p1b: Regidrago\n|-damage|p1b: Regidrago|11\/100\n|-boost|p2a: Dondozo|atk|1\n|move|p1a: Torkoal|Eruption|p2a: Dondozo|[spread] p2a\n|-miss|p1a: Torkoal|p2b: Tatsugiri\n|-resisted|p2a: Dondozo\n|-damage|p2a: Dondozo|51\/100\n|\n|-weather|SunnyDay|[upkeep]\n|-heal|p2a: Dondozo|57\/100|[from] item: Leftovers\n|upkeep\n|turn|5\n|inactive|BowDog! has 30 seconds left.\n|\n|t:|1701142352\n|move|p2a: Dondozo|Protect|p2a: Dondozo\n|-singleturn|p2a: Dondozo|Protect\n|move|p1b: Regidrago|Dragon Energy|p2b: Tatsugiri|[spread] \n|-miss|p1b: Regidrago|p2b: Tatsugiri\n|-activate|p2a: Dondozo|move: Protect\n|move|p1a: Torkoal|Eruption|p2b: Tatsugiri|[spread] \n|-miss|p1a: Torkoal|p2b: Tatsugiri\n|-activate|p2a: Dondozo|move: Protect\n|\n|-weather|none\n|-heal|p2a: Dondozo|63\/100|[from] item: Leftovers\n|upkeep\n|turn|6\n|\n|t:|1701142375\n|move|p1b: Regidrago|Dragon Energy|p2a: Dondozo|[spread] p2a\n|-miss|p1b: Regidrago|p2b: Tatsugiri\n|-damage|p2a: Dondozo|60\/100\n|move|p2a: Dondozo|Order Up|p1a: Torkoal\n|-damage|p1a: Torkoal|5\/100\n|-boost|p2a: Dondozo|atk|1\n|move|p1a: Torkoal|Eruption|p2a: Dondozo|[spread] p2a\n|-miss|p1a: Torkoal|p2b: Tatsugiri\n|-resisted|p2a: Dondozo\n|-damage|p2a: Dondozo|59\/100\n|\n|-heal|p2a: Dondozo|65\/100|[from] item: Leftovers\n|upkeep\n|turn|7\n|\n|t:|1701142399\n|move|p1b: Regidrago|Dragon Energy|p2b: Tatsugiri|[spread] p2a\n|-miss|p1b: Regidrago|p2b: Tatsugiri\n|-damage|p2a: Dondozo|61\/100\n|move|p2a: Dondozo|Substitute|p2a: Dondozo\n|-start|p2a: Dondozo|Substitute\n|-damage|p2a: Dondozo|37\/100\n|move|p1a: Torkoal|Earth Power|p2a: Dondozo\n|-activate|p2a: Dondozo|move: Substitute|[damage]\n|\n|-heal|p2a: Dondozo|42\/100|[from] item: Leftovers\n|upkeep\n|turn|8\n|\n|t:|1701142416\n|move|p1b: Regidrago|Dragon Energy|p2b: Tatsugiri|[spread] p2a\n|-miss|p1b: Regidrago|p2b: Tatsugiri\n|-activate|p2a: Dondozo|move: Substitute|[damage]\n|move|p2a: Dondozo|Order Up|p1a: Torkoal\n|-damage|p1a: Torkoal|0 fnt\n|faint|p1a: Torkoal\n|-boost|p2a: Dondozo|atk|1\n|\n|-heal|p2a: Dondozo|48\/100|[from] item: Leftovers\n|upkeep\n|\n|t:|1701142426\n|switch|p1a: Indeedee|Indeedee-F, L50, F|100\/100\n|-fieldstart|move: Psychic Terrain|[from] ability: Psychic Surge|[of] p1a: Indeedee\n|turn|9\n|\n|t:|1701142441\n|move|p1b: Regidrago|Dragon Energy|p2b: Tatsugiri|[spread] p2a\n|-miss|p1b: Regidrago|p2b: Tatsugiri\n|-activate|p2a: Dondozo|move: Substitute|[damage]\n|move|p2a: Dondozo|Wave Crash|p1a: Indeedee\n|-damage|p1a: Indeedee|0 fnt\n|-damage|p2a: Dondozo|32\/100|[from] item: Rocky Helmet|[of] p1a: Indeedee\n|faint|p1a: Indeedee\n|-damage|p2a: Dondozo|9\/100|[from] Recoil\n|\n|-heal|p2a: Dondozo|15\/100|[from] item: Leftovers\n|upkeep\n|turn|10\n|\n|t:|1701142454\n|move|p2a: Dondozo|Protect|p2a: Dondozo\n|-singleturn|p2a: Dondozo|Protect\n|move|p1b: Regidrago|Dragon Energy|p2a: Dondozo|[spread] \n|-miss|p1b: Regidrago|p2b: Tatsugiri\n|-activate|p2a: Dondozo|move: Protect\n|\n|-heal|p2a: Dondozo|21\/100|[from] item: Leftovers\n|upkeep\n|turn|11\n|inactive|sdhhdjdjfkff has 30 seconds left.\n|inactive|sdhhdjdjfkff has 20 seconds left.\n|inactive|sdhhdjdjfkff has 15 seconds left.\n|inactive|sdhhdjdjfkff has 10 seconds left.\n|\n|t:|1701142501\n|move|p2a: Dondozo|Protect|p2a: Dondozo\n|-singleturn|p2a: Dondozo|Protect\n|move|p1b: Regidrago|Dragon Energy|p2a: Dondozo|[spread] \n|-miss|p1b: Regidrago|p2b: Tatsugiri\n|-activate|p2a: Dondozo|move: Protect\n|\n|-heal|p2a: Dondozo|27\/100|[from] item: Leftovers\n|upkeep\n|turn|12\n|\n|t:|1701142512\n|-activate|p1b: Regidrago|move: Struggle\n|move|p1b: Regidrago|Struggle|p2a: Dondozo\n|-activate|p2a: Dondozo|move: Substitute|[damage]\n|-damage|p1b: Regidrago|0 fnt|[from] recoil\n|faint|p1b: Regidrago\n|\n|win|sdhhdjdjfkff\n|raw|BowDog!'s rating: 1202 &rarr; <strong>1175<\/strong><br \/>(-27 for losing)\n|raw|sdhhdjdjfkff's rating: 1169 &rarr; <strong>1196<\/strong><br \/>(+27 for winning)\n","uploadtime":1701142520,"views":1,"p1id":"bowdog","p2id":"sdhhdjdjfkff","formatid":"gen9vgc2023regulatione","rating":1175,"private":0,"password":""}