{"id":"gen9vgc2023regulatione-1999740311","p1":"whyismynamejeff","p2":"Oktozooka","format":"[Gen 9] VGC 2023 Regulation E","log":"|j|\u2606whyismynamejeff\n|j|\u2606Oktozooka\n|t:|1701112501\n|gametype|doubles\n|player|p1|whyismynamejeff|colress|1149\n|player|p2|Oktozooka|clown|1102\n|teamsize|p1|6\n|teamsize|p2|6\n|gen|9\n|tier|[Gen 9] VGC 2023 Regulation E\n|rated|\n|rule|Species Clause: Limit one of each Pok\u00e9mon\n|rule|Item Clause: Limit one of each item\n|clearpoke\n|poke|p1|Farigiraf, L50, M|\n|poke|p1|Iron Hands, L50|\n|poke|p1|Urshifu-*, L50, F|\n|poke|p1|Chien-Pao, L50|\n|poke|p1|Tornadus, L50, M|\n|poke|p1|Flutter Mane, L50|\n|poke|p2|Urshifu-*, L50, F|\n|poke|p2|Amoonguss, L50, F|\n|poke|p2|Arcanine-Hisui, L50, M|\n|poke|p2|Flutter Mane, L50|\n|poke|p2|Farigiraf, L50, M|\n|poke|p2|Chien-Pao, L50|\n|teampreview|4\n|inactive|Battle timer is ON: inactive players will automatically lose when time's up. (requested by Oktozooka)\n|inactive|whyismynamejeff has 60 seconds left.\n|inactive|Oktozooka has 60 seconds left.\n|\n|t:|1701112560\n|start\n|switch|p1a: Water Bear|Urshifu-Rapid-Strike, L50, F|100\/100\n|switch|p1b: Sparky Hariyama|Iron Hands, L50, shiny|100\/100\n|switch|p2a: Farigiraf|Farigiraf, L50, M|100\/100\n|switch|p2b: Flutter Mane|Flutter Mane, L50|100\/100\n|turn|1\n|\n|t:|1701112580\n|move|p1b: Sparky Hariyama|Fake Out||[still]\n|cant|p2a: Farigiraf|ability: Armor Tail|Fake Out|[of] p1b: Sparky Hariyama\n|move|p1a: Water Bear|U-turn|p2a: Farigiraf\n|-supereffective|p2a: Farigiraf\n|-damage|p2a: Farigiraf|57\/100\n|\n|t:|1701112586\n|switch|p1a: Sword Cat|Chien-Pao, L50|100\/100|[from] U-turn\n|-ability|p1a: Sword Cat|Sword of Ruin\n|move|p2b: Flutter Mane|Moonblast|p1b: Sparky Hariyama\n|-supereffective|p1b: Sparky Hariyama\n|-damage|p1b: Sparky Hariyama|26\/100\n|move|p2a: Farigiraf|Hyper Voice|p1a: Sword Cat|[spread] p1a,p1b\n|-damage|p1a: Sword Cat|56\/100\n|-damage|p1b: Sparky Hariyama|12\/100\n|-enditem|p2a: Farigiraf|Throat Spray\n|-boost|p2a: Farigiraf|spa|1|[from] item: Throat Spray\n|\n|upkeep\n|turn|2\n|\n|t:|1701112610\n|-end|p2b: Flutter Mane|Protosynthesis|[silent]\n|switch|p2b: Amoonguss|Amoonguss, L50, F|100\/100\n|move|p1a: Sword Cat|Sucker Punch||[still]\n|cant|p2a: Farigiraf|ability: Armor Tail|Sucker Punch|[of] p1a: Sword Cat\n|move|p2a: Farigiraf|Hyper Voice|p1b: Sparky Hariyama|[spread] p1a,p1b\n|-damage|p1a: Sword Cat|0 fnt\n|-damage|p1b: Sparky Hariyama|0 fnt\n|faint|p1a: Sword Cat\n|faint|p1b: Sparky Hariyama\n|-end|p1b: Sparky Hariyama|Quark Drive|[silent]\n|\n|upkeep\n|c|\u2606whyismynamejeff|i did not sucker punch to\n|\n|t:|1701112628\n|switch|p1a: Big Misdreavus|Flutter Mane, L50|100\/100\n|switch|p1b: Water Bear|Urshifu-Rapid-Strike, L50, F|100\/100\n|turn|3\n|inactive|Oktozooka has 30 seconds left.\n|\n|t:|1701112655\n|-terastallize|p1b: Water Bear|Water\n|-terastallize|p2a: Farigiraf|Fairy\n|move|p2b: Amoonguss|Rage Powder|p2b: Amoonguss\n|-singleturn|p2b: Amoonguss|move: Rage Powder\n|move|p1b: Water Bear|Surging Strikes|p2b: Amoonguss\n|-resisted|p2b: Amoonguss\n|-crit|p2b: Amoonguss\n|-damage|p2b: Amoonguss|89\/100\n|-damage|p1b: Water Bear|84\/100|[from] item: Rocky Helmet|[of] p2b: Amoonguss\n|-resisted|p2b: Amoonguss\n|-crit|p2b: Amoonguss\n|-damage|p2b: Amoonguss|77\/100\n|-damage|p1b: Water Bear|67\/100|[from] item: Rocky Helmet|[of] p2b: Amoonguss\n|-resisted|p2b: Amoonguss\n|-crit|p2b: Amoonguss\n|-damage|p2b: Amoonguss|65\/100\n|-damage|p1b: Water Bear|51\/100|[from] item: Rocky Helmet|[of] p2b: Amoonguss\n|-hitcount|p2b: Amoonguss|3\n|move|p1a: Big Misdreavus|Dazzling Gleam|p2b: Amoonguss|[spread] p2a,p2b\n|-resisted|p2b: Amoonguss\n|-damage|p2a: Farigiraf|13\/100\n|-damage|p2b: Amoonguss|46\/100\n|move|p2a: Farigiraf|Psychic|p1b: Water Bear\n|-damage|p1b: Water Bear|0 fnt\n|faint|p1b: Water Bear\n|\n|upkeep\n|turn|4\n|inactive|Oktozooka has 30 seconds left.\n|inactive|Oktozooka has 20 seconds left.\n|\n|t:|1701112693\n|switch|p2a: Arcanine|Arcanine-Hisui, L50, M|100\/100\n|-ability|p2a: Arcanine|Intimidate|boost\n|-unboost|p1a: Big Misdreavus|atk|1\n|move|p1a: Big Misdreavus|Dazzling Gleam|p2a: Arcanine|[spread] p2a,p2b\n|-resisted|p2a: Arcanine\n|-resisted|p2b: Amoonguss\n|-damage|p2a: Arcanine|75\/100\n|-damage|p2b: Amoonguss|27\/100\n|move|p2b: Amoonguss|Spore|p1a: Big Misdreavus\n|-status|p1a: Big Misdreavus|slp|[from] move: Spore\n|\n|upkeep\n|turn|5\n|\n|t:|1701112707\n|cant|p1a: Big Misdreavus|slp\n|move|p2a: Arcanine|Flare Blitz|p1a: Big Misdreavus\n|-damage|p1a: Big Misdreavus|0 fnt\n|faint|p1a: Big Misdreavus\n|-end|p1a: Big Misdreavus|Protosynthesis|[silent]\n|-damage|p2a: Arcanine|49\/100|[from] Recoil\n|\n|win|Oktozooka\n|raw|whyismynamejeff's rating: 1149 &rarr; <strong>1121<\/strong><br \/>(-28 for losing)\n|raw|Oktozooka's rating: 1102 &rarr; <strong>1130<\/strong><br \/>(+28 for winning)\n","uploadtime":1701112715,"views":8,"p1id":"whyismynamejeff","p2id":"oktozooka","formatid":"gen9vgc2023regulatione","rating":1121,"private":0,"password":""}