{"id":"gen9vgc2023regulatione-1989765723","p1":"duyfromvn","p2":"Moltres fun guy","format":"[Gen 9] VGC 2023 Regulation E","log":"|j|\u2606duyfromvn\n|j|\u2606Moltres fun guy\n|t:|1699893871\n|gametype|doubles\n|player|p1|duyfromvn|psychic-gen4|1000\n|player|p2|Moltres fun guy|169|1030\n|teamsize|p1|6\n|teamsize|p2|6\n|gen|9\n|tier|[Gen 9] VGC 2023 Regulation E\n|rated|\n|rule|Species Clause: Limit one of each Pok\u00e9mon\n|rule|Item Clause: Limit one of each item\n|clearpoke\n|poke|p1|Volcarona, L50, M|\n|poke|p1|Great Tusk, L50|\n|poke|p1|Corviknight, L50, M|\n|poke|p1|Urshifu-*, L50, F|\n|poke|p1|Chien-Pao, L50|\n|poke|p1|Amoonguss, L50, M|\n|poke|p2|Moltres-Galar, L50|\n|poke|p2|Tauros-Paldea-Aqua, L50, M|\n|poke|p2|Rillaboom, L50, F|\n|poke|p2|Arcanine-Hisui, L50, M|\n|poke|p2|Ninetales-Alola, L50, F|\n|poke|p2|Sinistcha, L50|\n|teampreview|4\n|\n|t:|1699893909\n|start\n|switch|p1a: Amoonguss|Amoonguss, L50, M|100\/100\n|switch|p1b: Urshifu|Urshifu-Rapid-Strike, L50, F|100\/100\n|switch|p2a: Ninetales|Ninetales-Alola, L50, F|100\/100\n|switch|p2b: Rillaboom|Rillaboom, L50, F|100\/100\n|-weather|Snow|[from] ability: Snow Warning|[of] p2a: Ninetales\n|-fieldstart|move: Grassy Terrain|[from] ability: Grassy Surge|[of] p2b: Rillaboom\n|turn|1\n|\n|t:|1699893929\n|move|p1a: Amoonguss|Rage Powder|p1a: Amoonguss\n|-singleturn|p1a: Amoonguss|move: Rage Powder\n|move|p2b: Rillaboom|Grassy Glide|p1b: Urshifu\n|-supereffective|p1b: Urshifu\n|-damage|p1b: Urshifu|18\/100\n|move|p2a: Ninetales|Aurora Veil|p2a: Ninetales\n|-sidestart|p2: Moltres fun guy|move: Aurora Veil\n|move|p1b: Urshifu|Bulk Up|p1b: Urshifu\n|-boost|p1b: Urshifu|atk|1\n|-boost|p1b: Urshifu|def|1\n|\n|-weather|Snow|[upkeep]\n|-heal|p1b: Urshifu|24\/100|[from] Grassy Terrain\n|upkeep\n|turn|2\n|\n|t:|1699893958\n|move|p1b: Urshifu|Aqua Jet|p2a: Ninetales\n|-damage|p2a: Ninetales|80\/100\n|-damage|p1b: Urshifu|15\/100|[from] item: Life Orb\n|move|p2b: Rillaboom|Grassy Glide|p1b: Urshifu\n|-supereffective|p1b: Urshifu\n|-damage|p1b: Urshifu|0 fnt\n|faint|p1b: Urshifu\n|move|p2a: Ninetales|Blizzard|p1a: Amoonguss\n|-supereffective|p1a: Amoonguss\n|-damage|p1a: Amoonguss|38\/100\n|move|p1a: Amoonguss|Sludge Bomb|p2b: Rillaboom\n|-supereffective|p2b: Rillaboom\n|-damage|p2b: Rillaboom|56\/100\n|-status|p2b: Rillaboom|psn\n|\n|-weather|Snow|[upkeep]\n|-heal|p2a: Ninetales|87\/100|[from] Grassy Terrain\n|-heal|p2b: Rillaboom|61\/100 psn|[from] Grassy Terrain\n|-heal|p1a: Amoonguss|44\/100|[from] Grassy Terrain\n|-damage|p2b: Rillaboom|49\/100 psn|[from] psn\n|upkeep\n|\n|t:|1699893964\n|switch|p1b: Volcarona|Volcarona, L50, M, shiny|100\/100\n|turn|3\n|\n|t:|1699893989\n|move|p1a: Amoonguss|Rage Powder|p1a: Amoonguss\n|-singleturn|p1a: Amoonguss|move: Rage Powder\n|move|p2a: Ninetales|Blizzard|p1a: Amoonguss|[spread] p1a,p1b\n|-supereffective|p1a: Amoonguss\n|-crit|p1a: Amoonguss\n|-resisted|p1b: Volcarona\n|-damage|p1a: Amoonguss|0 fnt\n|-damage|p1b: Volcarona|88\/100\n|faint|p1a: Amoonguss\n|move|p1b: Volcarona|Fiery Dance|p2b: Rillaboom\n|-supereffective|p2b: Rillaboom\n|-damage|p2b: Rillaboom|0 fnt\n|-boost|p1b: Volcarona|spa|1\n|faint|p2b: Rillaboom\n|\n|-weather|Snow|[upkeep]\n|-heal|p2a: Ninetales|93\/100|[from] Grassy Terrain\n|-heal|p1b: Volcarona|94\/100|[from] Grassy Terrain\n|upkeep\n|\n|t:|1699894006\n|switch|p2b: Arcanine|Arcanine-Hisui, L50, M|100\/100\n|switch|p1a: Corviknight|Corviknight, L50, M|100\/100\n|-ability|p2b: Arcanine|Intimidate|boost\n|-unboost|p1a: Corviknight|atk|1\n|-unboost|p1b: Volcarona|atk|1\n|-ability|p1a: Corviknight|Pressure\n|turn|4\n|\n|t:|1699894026\n|-terastallize|p1b: Volcarona|Grass\n|move|p2a: Ninetales|Moonblast|p1a: Corviknight\n|-resisted|p1a: Corviknight\n|-damage|p1a: Corviknight|85\/100\n|move|p1b: Volcarona|Giga Drain|p2b: Arcanine\n|-crit|p2b: Arcanine\n|-damage|p2b: Arcanine|11\/100\n|-heal|p1b: Volcarona|100\/100|[from] drain|[of] p2b: Arcanine\n|move|p2b: Arcanine|Rock Slide|p1b: Volcarona|[spread] p1a,p1b\n|-damage|p1a: Corviknight|67\/100\n|-damage|p1b: Volcarona|49\/100\n|cant|p1a: Corviknight|flinch\n|\n|-weather|Snow|[upkeep]\n|-heal|p2a: Ninetales|99\/100|[from] Grassy Terrain\n|-heal|p1b: Volcarona|56\/100|[from] Grassy Terrain\n|-heal|p2b: Arcanine|17\/100|[from] Grassy Terrain\n|-heal|p1a: Corviknight|73\/100|[from] item: Leftovers\n|upkeep\n|turn|5\n|\n|t:|1699894057\n|move|p2b: Arcanine|Extreme Speed|p1b: Volcarona\n|-damage|p1b: Volcarona|14\/100\n|move|p2a: Ninetales|Blizzard|p1b: Volcarona|[spread] p1a,p1b\n|-supereffective|p1b: Volcarona\n|-damage|p1a: Corviknight|48\/100\n|-damage|p1b: Volcarona|0 fnt\n|faint|p1b: Volcarona\n|move|p1a: Corviknight|Tailwind|p1a: Corviknight\n|-sidestart|p1: duyfromvn|move: Tailwind\n|\n|-weather|none\n|-heal|p1a: Corviknight|54\/100|[from] item: Leftovers\n|-heal|p2a: Ninetales|100\/100|[from] Grassy Terrain\n|-heal|p2b: Arcanine|24\/100|[from] Grassy Terrain\n|-fieldend|move: Grassy Terrain\n|upkeep\n|turn|6\n|\n|t:|1699894077\n|move|p1a: Corviknight|Brave Bird|p2b: Arcanine\n|-resisted|p2b: Arcanine\n|-damage|p2b: Arcanine|14\/100\n|-damage|p1a: Corviknight|51\/100|[from] Recoil\n|move|p2a: Ninetales|Blizzard|p1a: Corviknight\n|-damage|p1a: Corviknight|21\/100\n|move|p2b: Arcanine|Flare Blitz|p1a: Corviknight\n|-supereffective|p1a: Corviknight\n|-damage|p1a: Corviknight|0 fnt\n|faint|p1a: Corviknight\n|-damage|p2b: Arcanine|7\/100|[from] Recoil\n|\n|win|Moltres fun guy\n|raw|duyfromvn's rating: 1000 &rarr; <strong>1000<\/strong><br \/>(+0 for losing)\n|raw|Moltres fun guy's rating: 1030 &rarr; <strong>1062<\/strong><br \/>(+32 for winning)\n","uploadtime":1699894083,"views":9,"p1id":"duyfromvn","p2id":"moltresfunguy","formatid":"gen9vgc2023regulatione","rating":1000,"private":0,"password":""}