{"id":"gen9vgc2023regulatione-1996444073","p1":"pepito135","p2":"BBdaDemon","format":"[Gen 9] VGC 2023 Regulation E","log":"|j|\u2606pepito135\n|j|\u2606BBdaDemon\n|t:|1700682582\n|gametype|doubles\n|player|p1|pepito135|266|1187\n|player|p2|BBdaDemon|266|1165\n|teamsize|p1|6\n|teamsize|p2|6\n|gen|9\n|tier|[Gen 9] VGC 2023 Regulation E\n|rated|\n|rule|Species Clause: Limit one of each Pok\u00e9mon\n|rule|Item Clause: Limit one of each item\n|clearpoke\n|poke|p1|Flutter Mane, L50|\n|poke|p1|Ogerpon-Wellspring, L50, F|\n|poke|p1|Brambleghast, L50, F|\n|poke|p1|Volbeat, L50, M|\n|poke|p1|Arcanine-Hisui, L50, M|\n|poke|p1|Iron Hands, L50|\n|poke|p2|Regieleki, L50|\n|poke|p2|Indeedee-F, L50, F|\n|poke|p2|Ogerpon-Wellspring, L50, F|\n|poke|p2|Tornadus, L50, M|\n|poke|p2|Chi-Yu, L50|\n|poke|p2|Flutter Mane, L50|\n|teampreview|4\n|inactive|Battle timer is ON: inactive players will automatically lose when time's up. (requested by BBdaDemon)\npepito135 rejected open team sheets.\n|inactive|pepito135 has 60 seconds left.\n|\n|t:|1700682632\n|start\n|switch|p1a: Volbeat|Volbeat, L50, M|100\/100\n|switch|p1b: Arcanine|Arcanine-Hisui, L50, M|100\/100\n|switch|p2a: Tornadus|Tornadus, L50, M|100\/100\n|switch|p2b: Regieleki|Regieleki, L50|100\/100\n|turn|1\n|\n|t:|1700682650\n|move|p2a: Tornadus|Protect|p2a: Tornadus\n|-singleturn|p2a: Tornadus|Protect\n|move|p2b: Regieleki|Protect|p2b: Regieleki\n|-singleturn|p2b: Regieleki|Protect\n|move|p1b: Arcanine|Protect|p1b: Arcanine\n|-singleturn|p1b: Arcanine|Protect\n|move|p1a: Volbeat|Tailwind|p1a: Volbeat\n|-sidestart|p1: pepito135|move: Tailwind\n|\n|upkeep\n|turn|2\n|\n|t:|1700682667\n|move|p1a: Volbeat|Encore|p2a: Tornadus\n|-start|p2a: Tornadus|Encore\n|move|p2a: Tornadus|Protect||[still]\n|-fail|p2a: Tornadus\n|move|p1b: Arcanine|Flare Blitz|p2b: Regieleki\n|-damage|p2b: Regieleki|0 fnt\n|faint|p2b: Regieleki\n|\n|upkeep\n|\n|t:|1700682678\n|switch|p2b: Ogerpon|Ogerpon-Wellspring, L50, F|100\/100\n|turn|3\n|\n|t:|1700682699\n|switch|p1b: Ogerpon|Ogerpon-Wellspring, L50, F|100\/100\n|switch|p2a: Flutter Mane|Flutter Mane, L50|100\/100\n|move|p1a: Volbeat|Taunt|p2a: Flutter Mane\n|-start|p2a: Flutter Mane|move: Taunt\n|move|p2b: Ogerpon|Ivy Cudgel|p1a: Volbeat|[anim] Ivy Cudgel Water\n|-damage|p1a: Volbeat|37\/100\n|\n|upkeep\n|turn|4\n|inactive|pepito135 has 30 seconds left.\n|\n|t:|1700682726\n|switch|p2b: Tornadus|Tornadus, L50, M|100\/100\n|move|p1b: Ogerpon|Ivy Cudgel|p2a: Flutter Mane|[anim] Ivy Cudgel Water\n|-enditem|p2a: Flutter Mane|Focus Sash\n|-damage|p2a: Flutter Mane|1\/100\n|move|p1a: Volbeat|Lunge|p2b: Tornadus\n|-resisted|p2b: Tornadus\n|-damage|p2b: Tornadus|87\/100\n|-unboost|p2b: Tornadus|atk|1\n|move|p2a: Flutter Mane|Dazzling Gleam|p1b: Ogerpon|[spread] p1a,p1b\n|-damage|p1a: Volbeat|4\/100\n|-damage|p1b: Ogerpon|59\/100\n|\n|-sideend|p1: pepito135|move: Tailwind\n|upkeep\n|turn|5\n|inactive|pepito135 has 30 seconds left.\n|inactive|pepito135 has 20 seconds left.\n|\n|t:|1700682762\n|move|p2b: Tornadus|Tailwind|p2b: Tornadus\n|-sidestart|p2: BBdaDemon|move: Tailwind\n|move|p1a: Volbeat|Tailwind|p1a: Volbeat\n|-sidestart|p1: pepito135|move: Tailwind\n|move|p2a: Flutter Mane|Dazzling Gleam|p1b: Ogerpon|[spread] p1a,p1b\n|-damage|p1a: Volbeat|0 fnt\n|-damage|p1b: Ogerpon|19\/100\n|faint|p1a: Volbeat\n|move|p1b: Ogerpon|Horn Leech|p2a: Flutter Mane\n|-damage|p2a: Flutter Mane|0 fnt\n|-heal|p1b: Ogerpon|20\/100|[from] drain|[of] p2a: Flutter Mane\n|faint|p2a: Flutter Mane\n|-end|p2a: Flutter Mane|Protosynthesis|[silent]\n|\n|upkeep\n|\n|t:|1700682778\n|switch|p2a: Ogerpon|Ogerpon-Wellspring, L50, F|100\/100\n|switch|p1a: Arcanine|Arcanine-Hisui, L50, M|100\/100\n|turn|6\n|\n|t:|1700682796\n|-terastallize|p1a: Arcanine|Fairy\n|move|p2b: Tornadus|Protect|p2b: Tornadus\n|-singleturn|p2b: Tornadus|Protect\n|move|p1b: Ogerpon|Ivy Cudgel|p2b: Tornadus|[anim] Ivy Cudgel Water\n|-activate|p2b: Tornadus|move: Protect\n|move|p2a: Ogerpon|Ivy Cudgel|p1a: Arcanine|[anim] Ivy Cudgel Water\n|-damage|p1a: Arcanine|23\/100\n|move|p1a: Arcanine|Flare Blitz|p2a: Ogerpon\n|-damage|p2a: Ogerpon|13\/100\n|\n|upkeep\n|turn|7\n|\n|t:|1700682811\n|move|p2a: Ogerpon|Spiky Shield|p2a: Ogerpon\n|-singleturn|p2a: Ogerpon|move: Protect\n|move|p1a: Arcanine|Extreme Speed|p2a: Ogerpon\n|-activate|p2a: Ogerpon|move: Protect\n|-damage|p1a: Arcanine|10\/100|[from] Spiky Shield|[of] p2a: Ogerpon\n|move|p1b: Ogerpon|Ivy Cudgel|p2b: Tornadus|[anim] Ivy Cudgel Water\n|-damage|p2b: Tornadus|17\/100\n|move|p2b: Tornadus|Bleakwind Storm|p1a: Arcanine|[spread] p1b\n|-miss|p2b: Tornadus|p1a: Arcanine\n|-supereffective|p1b: Ogerpon\n|-damage|p1b: Ogerpon|0 fnt\n|faint|p1b: Ogerpon\n|\n|upkeep\n|\n|t:|1700682825\n|switch|p1b: Flutter Mane|Flutter Mane, L50|100\/100\n|turn|8\n|\n|t:|1700682831\n|move|p2b: Tornadus|Protect|p2b: Tornadus\n|-singleturn|p2b: Tornadus|Protect\n|move|p2a: Ogerpon|Spiky Shield||[still]\n|-fail|p2a: Ogerpon\n|move|p1a: Arcanine|Extreme Speed|p2b: Tornadus\n|-activate|p2b: Tornadus|move: Protect\n|move|p1b: Flutter Mane|Dazzling Gleam|p2b: Tornadus|[spread] p2a\n|-activate|p2b: Tornadus|move: Protect\n|-damage|p2a: Ogerpon|0 fnt\n|faint|p2a: Ogerpon\n|\n|-sideend|p2: BBdaDemon|move: Tailwind\n|-sideend|p1: pepito135|move: Tailwind\n|upkeep\n|turn|9\n|-message|BBdaDemon forfeited.\n|\n|win|pepito135\n|raw|pepito135's rating: 1187 &rarr; <strong>1210<\/strong><br \/>(+23 for winning)\n|raw|BBdaDemon's rating: 1165 &rarr; <strong>1142<\/strong><br \/>(-23 for losing)\n|l|\u2606BBdaDemon\n","uploadtime":1700682853,"views":1,"p1id":"pepito135","p2id":"bbdademon","formatid":"gen9vgc2023regulatione","rating":1142,"private":0,"password":""}