{"id":"gen9vgc2023regulatione-2000500046","p1":"Lurvas","p2":"d3ru","format":"[Gen 9] VGC 2023 Regulation E","log":"|j|\u2606Lurvas\n|j|\u2606d3ru\n|t:|1701200003\n|gametype|doubles\n|player|p1|Lurvas|alder|1272\n|player|p2|d3ru|102|1320\n|teamsize|p1|6\n|teamsize|p2|6\n|gen|9\n|tier|[Gen 9] VGC 2023 Regulation E\n|rated|\n|rule|Species Clause: Limit one of each Pok\u00e9mon\n|rule|Item Clause: Limit one of each item\n|clearpoke\n|poke|p1|Urshifu-*, L50, M|\n|poke|p1|Rillaboom, L50, M|\n|poke|p1|Flutter Mane, L50|\n|poke|p1|Arcanine-Hisui, L50, M|\n|poke|p1|Chien-Pao, L50|\n|poke|p1|Tornadus, L50, M|\n|poke|p2|Regidrago, L50|\n|poke|p2|Indeedee-F, L50, F|\n|poke|p2|Armarouge, L50, M|\n|poke|p2|Ursaluna, L50, M|\n|poke|p2|Torkoal, L50, M|\n|poke|p2|Lilligant-Hisui, L50, F|\n|teampreview|4\n|j| thaton3kidd\nLurvas has agreed to open team sheets.\n|inactive|Battle timer is ON: inactive players will automatically lose when time's up. (requested by Lurvas)\nd3ru has agreed to open team sheets.\n|j| GOODSHITPROFESSOR\n|inactive|d3ru has 30 seconds left.\n|inactive|d3ru has 20 seconds left.\n|inactive|d3ru has 15 seconds left.\n|\n|t:|1701200056\n|start\n|switch|p1a: Tornadus|Tornadus, L50, M|100\/100\n|switch|p1b: Rillaboom|Rillaboom, L50, M|100\/100\n|switch|p2a: Armarouge|Armarouge, L50, M|100\/100\n|switch|p2b: Torkoal|Torkoal, L50, M|100\/100\n|-fieldstart|move: Grassy Terrain|[from] ability: Grassy Surge|[of] p1b: Rillaboom\n|-weather|SunnyDay|[from] ability: Drought|[of] p2b: Torkoal\n|turn|1\n|\n|t:|1701200071\n|switch|p2b: Indeedee|Indeedee-F, L50, F|100\/100\n|-fieldstart|move: Psychic Terrain|[from] ability: Psychic Surge|[of] p2b: Indeedee\n|move|p1b: Rillaboom|Fake Out|p2a: Armarouge\n|-activate|p2a: Armarouge|move: Psychic Terrain\n|move|p1a: Tornadus|Rain Dance|p1a: Tornadus\n|-weather|RainDance\n|move|p2a: Armarouge|Trick Room|p2a: Armarouge\n|-fieldstart|move: Trick Room|[of] p2a: Armarouge\n|\n|-weather|RainDance|[upkeep]\n|upkeep\n|turn|2\n|\n|t:|1701200094\n|switch|p2b: Ursaluna|Ursaluna, L50, M|100\/100\n|-terastallize|p2a: Armarouge|Psychic\n|move|p1a: Tornadus|Taunt|p2b: Ursaluna\n|-activate|p2b: Ursaluna|move: Psychic Terrain\n|move|p2a: Armarouge|Expanding Force|p1a: Tornadus|[spread] p1a,p1b\n|-damage|p1a: Tornadus|0 fnt\n|-damage|p1b: Rillaboom|12\/100\n|faint|p1a: Tornadus\n|-damage|p2a: Armarouge|90\/100|[from] item: Life Orb\n|move|p1b: Rillaboom|Drum Beating|p2b: Ursaluna\n|-supereffective|p2b: Ursaluna\n|-damage|p2b: Ursaluna|41\/100\n|-unboost|p2b: Ursaluna|spe|1\n|\n|-weather|RainDance|[upkeep]\n|-status|p2b: Ursaluna|brn|[from] item: Flame Orb\n|upkeep\n|\n|t:|1701200110\n|switch|p1a: Chien-Pao|Chien-Pao, L50|100\/100\n|-ability|p1a: Chien-Pao|Sword of Ruin\n|turn|3\n|\n|t:|1701200133\n|move|p2b: Ursaluna|Headlong Rush|p1a: Chien-Pao\n|-enditem|p1a: Chien-Pao|Focus Sash\n|-damage|p1a: Chien-Pao|1\/100\n|-unboost|p2b: Ursaluna|def|1\n|-unboost|p2b: Ursaluna|spd|1\n|move|p2a: Armarouge|Heat Wave|p1a: Chien-Pao|[spread] p1a,p1b\n|-supereffective|p1a: Chien-Pao\n|-supereffective|p1b: Rillaboom\n|-damage|p1a: Chien-Pao|0 fnt\n|-damage|p1b: Rillaboom|0 fnt\n|faint|p1a: Chien-Pao\n|faint|p1b: Rillaboom\n|-damage|p2a: Armarouge|80\/100|[from] item: Life Orb\n|\n|-weather|RainDance|[upkeep]\n|-damage|p2b: Ursaluna|36\/100 brn|[from] brn\n|upkeep\n|\n|t:|1701200152\n|switch|p1a: Flutter Mane|Flutter Mane, L50|100\/100\n|-enditem|p1a: Flutter Mane|Booster Energy\n|-activate|p1a: Flutter Mane|ability: Protosynthesis|[fromitem]\n|-start|p1a: Flutter Mane|protosynthesisspe\n|turn|4\n|\n|t:|1701200158\n|move|p1a: Flutter Mane|Protect|p1a: Flutter Mane\n|-singleturn|p1a: Flutter Mane|Protect\n|move|p2b: Ursaluna|Headlong Rush|p1a: Flutter Mane\n|-activate|p1a: Flutter Mane|move: Protect\n|move|p2a: Armarouge|Expanding Force|p1a: Flutter Mane\n|-activate|p1a: Flutter Mane|move: Protect\n|\n|-weather|RainDance|[upkeep]\n|-damage|p2b: Ursaluna|30\/100 brn|[from] brn\n|upkeep\n|turn|5\n|\n|t:|1701200170\n|move|p2b: Ursaluna|Headlong Rush|p1a: Flutter Mane\n|-damage|p1a: Flutter Mane|0 fnt\n|-unboost|p2b: Ursaluna|def|1\n|-unboost|p2b: Ursaluna|spd|1\n|faint|p1a: Flutter Mane\n|-end|p1a: Flutter Mane|Protosynthesis|[silent]\n|\n|win|d3ru\n|raw|Lurvas's rating: 1272 &rarr; <strong>1250<\/strong><br \/>(-22 for losing)\n|raw|d3ru's rating: 1320 &rarr; <strong>1337<\/strong><br \/>(+17 for winning)\n|c|\u2606Lurvas|gg\n","uploadtime":1701200177,"views":5,"p1id":"lurvas","p2id":"d3ru","formatid":"gen9vgc2023regulatione","rating":1250,"private":0,"password":""}