{"id":"gen9vgc2023regulatione-1988706066","p1":"spork2000","p2":"olmecssb","format":"[Gen 9] VGC 2023 Regulation E","log":"|j|\u2606spork2000\n|j|\u2606olmecssb\n|t:|1699752968\n|gametype|doubles\n|player|p1|spork2000|170|\n|player|p2|olmecssb|misty-gen1rb|\n|teamsize|p1|6\n|teamsize|p2|6\n|gen|9\n|tier|[Gen 9] VGC 2023 Regulation E\n|rule|Species Clause: Limit one of each Pok\u00e9mon\n|rule|Item Clause: Limit one of each item\n|clearpoke\n|poke|p1|Jumpluff, L50, F|\n|poke|p1|Ninetales, L50, M|\n|poke|p1|Flutter Mane, L50|\n|poke|p1|Thundurus, L50, M|\n|poke|p1|Ogerpon-Hearthflame, L50, F|\n|poke|p1|Great Tusk, L50|\n|poke|p2|Mimikyu, L50, M|\n|poke|p2|Gothitelle, L50, M|\n|poke|p2|Scream Tail, L50|\n|poke|p2|Heatran, L50, F|\n|poke|p2|Sinistcha, L50|\n|poke|p2|Ogerpon-Wellspring, L50, F|\n|teampreview|4\nolmecssb has agreed to open team sheets.\n|j| E.Bluemage\nspork2000 has agreed to open team sheets.\n|showteam|p1|Jumpluff||WideLens|Chlorophyll|SleepPowder,Protect,Encore,Tailwind|||F|||50|,,,,,Ghost]Ninetales||ChoiceSpecs|Drought|Overheat,EnergyBall,HeatWave,Extrasensory|||M|||50|,,,,,Fire]Flutter Mane||LifeOrb|Protosynthesis|Substitute,DazzlingGleam,Protect,ShadowBall||||||50|,,,,,Fairy]Thundurus||FocusSash|Prankster|SunnyDay,ThunderWave,Thunderbolt,Uturn|||M|||50|,,,,,Ghost]Ogerpon-Hearthflame||HearthflameMask|MoldBreaker|FollowMe,IvyCudgel,KnockOff,SpikyShield|||F|||50|,,,,,Fire]Great Tusk||ChoiceScarf|Protosynthesis|HeadlongRush,CloseCombat,IceSpinner,StoneEdge||||||50|,,,,,Ground\n|showteam|p2|Mimikyu||AguavBerry|Disguise|TrickRoom,PlayRough,Curse,Protect|||M|||50|,,,,,Fire]Gothitelle||SitrusBerry|ShadowTag|FakeOut,Psychic,HealPulse,Protect|||M|||50|,,,,,Fighting]Scream Tail||MentalHerb|Protosynthesis|Protect,PerishSong,Disable,Encore||||||50|,,,,,Dark]Heatran||Leftovers|FlashFire|HeatWave,FlashCannon,IronDefense,Protect|||F|||50|,,,,,Grass]Sinistcha||ShellBell|Hospitality|MatchaGotcha,Protect,CalmMind,StrengthSap||||||50|,,,,,Steel]Ogerpon-Wellspring||WellspringMask|WaterAbsorb|IvyCudgel,HornLeech,SwordsDance,SpikyShield|||F|||50|,,,,,Water\n|j| Bardemis\n|inactive|Battle timer is ON: inactive players will automatically lose when time's up. (requested by spork2000)\n|\n|t:|1699752984\n|start\n|switch|p1a: Fluffball|Jumpluff, L50, F|100\/100\n|switch|p1b: Misdrevus Grandma|Flutter Mane, L50|100\/100\n|switch|p2a: Pebbles|Scream Tail, L50|100\/100\n|switch|p2b: Shrek-pon|Ogerpon-Wellspring, L50, F|100\/100\n|turn|1\n|\n|t:|1699753004\n|move|p1b: Misdrevus Grandma|Shadow Ball|p2b: Shrek-pon\n|-damage|p2b: Shrek-pon|44\/100\n|-damage|p1b: Misdrevus Grandma|90\/100|[from] item: Life Orb\n|move|p2a: Pebbles|Perish Song|p2a: Pebbles\n|-start|p1a: Fluffball|perish3|[silent]\n|-start|p1b: Misdrevus Grandma|perish3|[silent]\n|-start|p2a: Pebbles|perish3|[silent]\n|-start|p2b: Shrek-pon|perish3|[silent]\n|-fieldactivate|move: Perish Song\n|move|p1a: Fluffball|Sleep Powder|p2a: Pebbles\n|-status|p2a: Pebbles|slp|[from] move: Sleep Powder\n|move|p2b: Shrek-pon|Ivy Cudgel|p1b: Misdrevus Grandma\n|-damage|p1b: Misdrevus Grandma|0 fnt\n|faint|p1b: Misdrevus Grandma\n|-end|p1b: Misdrevus Grandma|Protosynthesis|[silent]\n|\n|-start|p2a: Pebbles|perish3\n|-start|p1a: Fluffball|perish3\n|-start|p2b: Shrek-pon|perish3\n|upkeep\n|\n|t:|1699753024\n|switch|p1b: Old Donphan|Great Tusk, L50|100\/100\n|turn|2\n|\n|t:|1699753048\n|move|p1a: Fluffball|Protect|p1a: Fluffball\n|-singleturn|p1a: Fluffball|Protect\n|move|p2b: Shrek-pon|Spiky Shield|p2b: Shrek-pon\n|-singleturn|p2b: Shrek-pon|move: Protect\n|move|p1b: Old Donphan|Close Combat|p2b: Shrek-pon\n|-activate|p2b: Shrek-pon|move: Protect\n|-damage|p1b: Old Donphan|88\/100|[from] Spiky Shield|[of] p2b: Shrek-pon\n|cant|p2a: Pebbles|slp\n|\n|-start|p2a: Pebbles|perish2\n|-start|p1a: Fluffball|perish2\n|-start|p2b: Shrek-pon|perish2\n|upkeep\n|turn|3\n|inactive|spork2000 has 30 seconds left.\n|\n|t:|1699753079\n|switch|p2b: Broken Neck|Mimikyu, L50, M|100\/100\n|-terastallize|p1a: Fluffball|Ghost\n|move|p1b: Old Donphan|Close Combat|p2b: Broken Neck\n|-immune|p2b: Broken Neck\n|-curestatus|p2a: Pebbles|slp|[msg]\n|move|p2a: Pebbles|Perish Song|p2a: Pebbles\n|-start|p1b: Old Donphan|perish3|[silent]\n|-start|p2b: Broken Neck|perish3|[silent]\n|-fieldactivate|move: Perish Song\n|move|p1a: Fluffball|Tailwind|p1a: Fluffball\n|-sidestart|p1: spork2000|move: Tailwind\n|\n|-start|p1b: Old Donphan|perish3\n|-start|p1a: Fluffball|perish1\n|-start|p2a: Pebbles|perish1\n|-start|p2b: Broken Neck|perish3\n|upkeep\n|turn|4\n|\n|t:|1699753101\n|switch|p1a: Fire Shrek|Ogerpon-Hearthflame, L50, F|100\/100\n|-ability|p1a: Fire Shrek|Mold Breaker\n|-end|p2a: Pebbles|Protosynthesis|[silent]\n|switch|p2a: Shrek-pon|Ogerpon-Wellspring, L50, F|44\/100\n|switch|p2b: Chess Board|Gothitelle, L50, M|100\/100\n|move|p1b: Old Donphan|Close Combat|p2a: Shrek-pon\n|-damage|p2a: Shrek-pon|0 fnt\n|-unboost|p1b: Old Donphan|def|1\n|-unboost|p1b: Old Donphan|spd|1\n|faint|p2a: Shrek-pon\n|\n|-start|p1b: Old Donphan|perish2\n|upkeep\n|\n|t:|1699753118\n|switch|p2a: Pebbles|Scream Tail, L50|100\/100\n|turn|5\n|\n|t:|1699753137\n|move|p2b: Chess Board|Fake Out|p1a: Fire Shrek\n|-damage|p1a: Fire Shrek|93\/100\n|move|p1b: Old Donphan|Close Combat|p2b: Chess Board\n|-resisted|p2b: Chess Board\n|-damage|p2b: Chess Board|66\/100\n|-unboost|p1b: Old Donphan|def|1\n|-unboost|p1b: Old Donphan|spd|1\n|cant|p1a: Fire Shrek|flinch\n|move|p2a: Pebbles|Perish Song|p2a: Pebbles\n|-start|p1a: Fire Shrek|perish3|[silent]\n|-start|p2a: Pebbles|perish3|[silent]\n|-start|p2b: Chess Board|perish3|[silent]\n|-fieldactivate|move: Perish Song\n|\n|-start|p1b: Old Donphan|perish1\n|-start|p1a: Fire Shrek|perish3\n|-start|p2a: Pebbles|perish3\n|-start|p2b: Chess Board|perish3\n|upkeep\n|turn|6\n|\n|t:|1699753152\n|-end|p2a: Pebbles|Protosynthesis|[silent]\n|switch|p2a: Broken Neck|Mimikyu, L50, M|100\/100\n|move|p2b: Chess Board|Protect|p2b: Chess Board\n|-singleturn|p2b: Chess Board|Protect\n|move|p1b: Old Donphan|Close Combat|p2b: Chess Board\n|-activate|p2b: Chess Board|move: Protect\n|move|p1a: Fire Shrek|Knock Off|p2b: Chess Board\n|-activate|p2b: Chess Board|move: Protect\n|\n|-start|p1b: Old Donphan|perish0\n|-start|p1a: Fire Shrek|perish2\n|faint|p1b: Old Donphan\n|-end|p1b: Old Donphan|Protosynthesis|[silent]\n|-start|p2b: Chess Board|perish2\n|-sideend|p1: spork2000|move: Tailwind\n|upkeep\n|\n|t:|1699753158\n|switch|p1b: Fluffball|Jumpluff, L50, F, tera:Ghost|100\/100\n|turn|7\n|\n|t:|1699753170\n|switch|p2b: Pebbles|Scream Tail, L50|100\/100\n|move|p1a: Fire Shrek|Knock Off|p2a: Broken Neck\n|-damage|p2a: Broken Neck|48\/100\n|-enditem|p2a: Broken Neck|Aguav Berry|[from] move: Knock Off|[of] p1a: Fire Shrek\n|move|p1b: Fluffball|Encore||[still]\n|-fail|p1b: Fluffball\n|move|p2a: Broken Neck|Curse|p1b: Fluffball\n|-start|p1b: Fluffball|Curse|[of] p2a: Broken Neck\n|-damage|p2a: Broken Neck|0 fnt\n|faint|p2a: Broken Neck\n|\n|-damage|p1b: Fluffball|76\/100|[from] Curse\n|-start|p1a: Fire Shrek|perish1\n|upkeep\n|\n|t:|1699753185\n|switch|p2a: Chess Board|Gothitelle, L50, M|66\/100\n|turn|8\n|\n|t:|1699753195\n|move|p2a: Chess Board|Fake Out|p1a: Fire Shrek\n|-damage|p1a: Fire Shrek|85\/100\n|move|p2b: Pebbles|Encore||[still]\n|-fail|p2b: Pebbles\n|move|p1b: Fluffball|Sleep Powder|p2b: Pebbles|[miss]\n|-miss|p1b: Fluffball|p2b: Pebbles\n|cant|p1a: Fire Shrek|flinch\n|\n|-damage|p1b: Fluffball|51\/100|[from] Curse\n|-start|p1a: Fire Shrek|perish0\n|upkeep\n|faint|p1a: Fire Shrek\n|turn|9\n|\n|t:|1699753211\n|move|p2b: Pebbles|Protect|p2b: Pebbles\n|-singleturn|p2b: Pebbles|Protect\n|move|p2a: Chess Board|Protect|p2a: Chess Board\n|-singleturn|p2a: Chess Board|Protect\n|move|p1b: Fluffball|Sleep Powder|p2b: Pebbles\n|-activate|p2b: Pebbles|move: Protect\n|\n|-damage|p1b: Fluffball|26\/100|[from] Curse\n|upkeep\n|turn|10\n|\n|t:|1699753222\n|move|p2b: Pebbles|Disable|p1b: Fluffball\n|-start|p1b: Fluffball|Disable|Sleep Powder\n|cant|p1b: Fluffball|Disable|Sleep Powder\n|move|p2a: Chess Board|Psychic|p1b: Fluffball\n|-damage|p1b: Fluffball|0 fnt\n|faint|p1b: Fluffball\n|\n|win|olmecssb\n","uploadtime":1699753232,"views":37,"p1id":"spork2000","p2id":"olmecssb","formatid":"gen9vgc2023regulatione","rating":0,"private":0,"password":""}