{"id":"gen9vgc2023regulatione-1993100682","p1":"Daniel1018","p2":"SquidBox","format":"[Gen 9] VGC 2023 Regulation E","log":"|j|\u2606Daniel1018\n|j|\u2606SquidBox\n|t:|1700264807\n|gametype|doubles\n|player|p1|Daniel1018|volo-ginkgo|\n|player|p2|SquidBox|unknown|\n|teamsize|p1|6\n|teamsize|p2|6\n|gen|9\n|tier|[Gen 9] VGC 2023 Regulation E\n|rule|Species Clause: Limit one of each Pok\u00e9mon\n|rule|Item Clause: Limit one of each item\n|clearpoke\n|poke|p1|Cresselia, L50, F|\n|poke|p1|Ursaluna-Bloodmoon, L50, M|\n|poke|p1|Iron Hands, L50|\n|poke|p1|Rabsca, L50, M|\n|poke|p1|Sylveon, L50, F|\n|poke|p1|Crawdaunt, L50, M|\n|poke|p2|Ogerpon-Hearthflame, L50, F|\n|poke|p2|Flutter Mane, L50|\n|poke|p2|Vulpix, L50, M|\n|poke|p2|Walking Wake, L50|\n|poke|p2|Qwilfish-Hisui, L50, F|\n|poke|p2|Uxie, L50|\n|teampreview|4\n|inactive|Battle timer is ON: inactive players will automatically lose when time's up. (requested by Daniel1018)\nDaniel1018 rejected open team sheets.\n|inactive|Daniel1018 has 60 seconds left.\n|inactive|SquidBox has 60 seconds left.\n|\n|t:|1700264850\n|start\n|switch|p1a: Atermis|Cresselia, L50, F, shiny|100\/100\n|switch|p1b: Titania|Sylveon, L50, F|100\/100\n|switch|p2a: Flutter Mane|Flutter Mane, L50|100\/100\n|switch|p2b: Vulpix|Vulpix, L50, M|100\/100\n|-weather|SunnyDay|[from] ability: Drought|[of] p2b: Vulpix\n|-activate|p2a: Flutter Mane|ability: Protosynthesis\n|-start|p2a: Flutter Mane|protosynthesisspa\n|turn|1\n|inactive|Daniel1018 has 30 seconds left.\n|inactive|Daniel1018 has 20 seconds left.\n|inactive|Daniel1018 has 15 seconds left.\n|inactive|Daniel1018 has 10 seconds left.\n|inactive|Daniel1018 has 5 seconds left.\n|\n|t:|1700264905\n|move|p2a: Flutter Mane|Imprison|p2a: Flutter Mane\n|-start|p2a: Flutter Mane|move: Imprison\n|move|p2b: Vulpix|Snarl|p1b: Titania|[spread] p1a,p1b\n|-supereffective|p1a: Atermis\n|-resisted|p1b: Titania\n|-damage|p1a: Atermis|95\/100\n|-damage|p1b: Titania|99\/100\n|-unboost|p1a: Atermis|spa|1\n|-unboost|p1b: Titania|spa|1\n|move|p1b: Titania|Draining Kiss|p2a: Flutter Mane\n|-damage|p2a: Flutter Mane|87\/100\n|-heal|p1b: Titania|100\/100|[from] drain|[of] p2a: Flutter Mane\n|cant|p1a: Atermis|move: Imprison|Trick Room\n|\n|-weather|SunnyDay|[upkeep]\n|upkeep\n|turn|2\n|inactiveoff|Battle timer is now OFF.\n|\n|t:|1700264944\n|move|p2a: Flutter Mane|Shadow Ball|p1a: Atermis\n|-supereffective|p1a: Atermis\n|-damage|p1a: Atermis|32\/100\n|move|p2b: Vulpix|Snarl|p1a: Atermis|[spread] p1a,p1b\n|-supereffective|p1a: Atermis\n|-crit|p1a: Atermis\n|-resisted|p1b: Titania\n|-damage|p1a: Atermis|24\/100\n|-damage|p1b: Titania|99\/100\n|-unboost|p1a: Atermis|spa|1\n|-unboost|p1b: Titania|spa|1\n|move|p1a: Atermis|Lunar Blessing|p1a: Atermis|[spread] p1a,p1b\n|-heal|p1a: Atermis|49\/100\n|-heal|p1b: Titania|100\/100\n|move|p1b: Titania|Yawn|p2a: Flutter Mane\n|-start|p2a: Flutter Mane|move: Yawn|[of] p1b: Titania\n|\n|-weather|SunnyDay|[upkeep]\n|upkeep\n|turn|3\n|\n|t:|1700264987\n|move|p1a: Atermis|Ally Switch|p1a: Atermis\n|swap|p1a: Atermis|1|[from] move: Ally Switch\n|move|p2a: Flutter Mane|Shadow Ball|p1a: Titania\n|-damage|p1a: Titania|69\/100\n|move|p2b: Vulpix|Will-O-Wisp|p1b: Atermis|[miss]\n|-miss|p2b: Vulpix|p1b: Atermis\n|move|p1a: Titania|Hyper Voice|p2a: Flutter Mane|[spread] p2a,p2b\n|-resisted|p2b: Vulpix\n|-damage|p2a: Flutter Mane|70\/100\n|-damage|p2b: Vulpix|88\/100\n|-enditem|p1a: Titania|Throat Spray\n|-boost|p1a: Titania|spa|1|[from] item: Throat Spray\n|\n|-weather|SunnyDay|[upkeep]\n|-end|p2a: Flutter Mane|move: Yawn|[silent]\n|-status|p2a: Flutter Mane|slp\n|upkeep\n|turn|4\n|\n|t:|1700265030\n|switch|p2b: Ogerpon|Ogerpon-Hearthflame, L50, F|100\/100\n|-ability|p2b: Ogerpon|Mold Breaker\n|switch|p1b: Mor'du|Ursaluna-Bloodmoon, L50, M|100\/100\n|cant|p2a: Flutter Mane|slp\n|move|p1a: Titania|Hyper Voice|p2a: Flutter Mane|[spread] p2a,p2b\n|-resisted|p2b: Ogerpon\n|-damage|p2a: Flutter Mane|49\/100 slp\n|-damage|p2b: Ogerpon|89\/100\n|\n|-weather|SunnyDay|[upkeep]\n|upkeep\n|turn|5\n|\n|t:|1700265065\n|-terastallize|p1b: Mor'du|Normal\n|cant|p2a: Flutter Mane|slp\n|move|p2b: Ogerpon|Ivy Cudgel|p1b: Mor'du|[anim] Ivy Cudgel Fire\n|-damage|p1b: Mor'du|40\/100\n|move|p1a: Titania|Hyper Voice|p2b: Ogerpon|[spread] p2a,p2b\n|-resisted|p2b: Ogerpon\n|-damage|p2a: Flutter Mane|27\/100 slp\n|-damage|p2b: Ogerpon|77\/100\n|move|p1b: Mor'du|Blood Moon|p2a: Flutter Mane\n|-damage|p2a: Flutter Mane|0 fnt\n|faint|p2a: Flutter Mane\n|-end|p2a: Flutter Mane|Protosynthesis|[silent]\n|-damage|p1b: Mor'du|30\/100|[from] item: Life Orb\n|\n|-weather|SunnyDay|[upkeep]\n|upkeep\n|\n|t:|1700265077\n|switch|p2a: Walking Wake|Walking Wake, L50|100\/100\n|-activate|p2a: Walking Wake|ability: Protosynthesis\n|-start|p2a: Walking Wake|protosynthesisspe\n|turn|6\n|\n|t:|1700265096\n|move|p1b: Mor'du|Protect|p1b: Mor'du\n|-singleturn|p1b: Mor'du|Protect\n|move|p2a: Walking Wake|Hydro Steam|p1b: Mor'du\n|-activate|p1b: Mor'du|move: Protect\n|move|p2b: Ogerpon|Ivy Cudgel|p1a: Titania|[anim] Ivy Cudgel Fire\n|-damage|p1a: Titania|0 fnt\n|faint|p1a: Titania\n|\n|-weather|SunnyDay|[upkeep]\n|upkeep\n|\n|t:|1700265108\n|switch|p1a: Atermis|Cresselia, L50, F, shiny|49\/100\n|turn|7\n|\n|t:|1700265122\n|move|p1a: Atermis|Ally Switch|p1a: Atermis\n|swap|p1a: Atermis|1|[from] move: Ally Switch\n|move|p2a: Walking Wake|Hydro Steam|p1b: Atermis\n|-damage|p1b: Atermis|6\/100\n|move|p2b: Ogerpon|Ivy Cudgel|p1a: Mor'du|[anim] Ivy Cudgel Fire\n|-damage|p1a: Mor'du|0 fnt\n|faint|p1a: Mor'du\n|\n|-weather|SunnyDay|[upkeep]\n|upkeep\n|\n|t:|1700265130\n|switch|p1a: Khepri|Rabsca, L50, M, shiny|100\/100\n|turn|8\n|\n|t:|1700265143\n|move|p1b: Atermis|Ally Switch||[still]\n|-fail|p1b: Atermis\n|move|p2a: Walking Wake|Hydro Steam|p1b: Atermis\n|-damage|p1b: Atermis|0 fnt\n|faint|p1b: Atermis\n|move|p2b: Ogerpon|Ivy Cudgel|p1a: Khepri|[anim] Ivy Cudgel Fire\n|-supereffective|p1a: Khepri\n|-crit|p1a: Khepri\n|-damage|p1a: Khepri|0 fnt\n|faint|p1a: Khepri\n|\n|win|SquidBox\n","uploadtime":1700265163,"views":13,"p1id":"daniel1018","p2id":"squidbox","formatid":"gen9vgc2023regulatione","rating":0,"private":0,"password":""}