{"id":"gen9vgc2023regulatione-1988676064","p1":"cosplayLover","p2":"Kehorie","format":"[Gen 9] VGC 2023 Regulation E","log":"|j|\u2606cosplayLover\n|j|\u2606Kehorie\n|t:|1699749312\n|gametype|doubles\n|player|p1|cosplayLover|169|1420\n|player|p2|Kehorie|caitlin|1328\n|teamsize|p1|6\n|teamsize|p2|6\n|gen|9\n|tier|[Gen 9] VGC 2023 Regulation E\n|rated|\n|rule|Species Clause: Limit one of each Pok\u00e9mon\n|rule|Item Clause: Limit one of each item\n|clearpoke\n|poke|p1|Ogerpon-Wellspring, L50, F|\n|poke|p1|Pelipper, L50, M|\n|poke|p1|Amoonguss, L50, M|\n|poke|p1|Roaring Moon, L50|\n|poke|p1|Goodra-Hisui, L50, M|\n|poke|p1|Landorus, L50, M|\n|poke|p2|Moltres-Galar, L50|\n|poke|p2|Ninetales-Alola, L50, F|\n|poke|p2|Glaceon, L50, F|\n|poke|p2|Tornadus, L50, M|\n|poke|p2|Arcanine-Hisui, L50, M|\n|poke|p2|Sinistcha-Masterpiece, L50|\n|teampreview|4\n|\n|t:|1699749365\n|start\n|switch|p1a: Roaring Moon|Roaring Moon, L50|100\/100\n|switch|p1b: Landorus|Landorus, L50, M|100\/100\n|switch|p2a: Bismark|Tornadus, L50, M, shiny|100\/100\n|switch|p2b: Moltres|Moltres-Galar, L50|100\/100\n|-enditem|p1a: Roaring Moon|Booster Energy\n|-activate|p1a: Roaring Moon|ability: Protosynthesis|[fromitem]\n|-start|p1a: Roaring Moon|protosynthesisspe\n|turn|1\n|inactive|Battle timer is ON: inactive players will automatically lose when time's up. (requested by cosplayLover)\n|inactive|cosplayLover has 60 seconds left.\n|\n|t:|1699749417\n|-terastallize|p1b: Landorus|Poison\n|move|p2a: Bismark|Tailwind|p2a: Bismark\n|-sidestart|p2: Kehorie|move: Tailwind\n|move|p2b: Moltres|Nasty Plot|p2b: Moltres\n|-boost|p2b: Moltres|spa|2\n|move|p1a: Roaring Moon|Knock Off|p2b: Moltres\n|-resisted|p2b: Moltres\n|-damage|p2b: Moltres|75\/100\n|-enditem|p2b: Moltres|Sitrus Berry|[from] move: Knock Off|[of] p1a: Roaring Moon\n|move|p1b: Landorus|Sludge Bomb|p2b: Moltres\n|-damage|p2b: Moltres|32\/100\n|\n|upkeep\n|turn|2\n|inactive|cosplayLover has 30 seconds left.\n|inactive|Kehorie has 30 seconds left.\n|inactive|Kehorie has 20 seconds left.\n|c|\u2606Kehorie|wait\n|c|\u2606Kehorie|why no boost\n|inactive|Kehorie has 15 seconds left.\n|inactive|Kehorie has 10 seconds left.\n|\n|t:|1699749464\n|move|p2a: Bismark|Bleakwind Storm|p1a: Roaring Moon|[spread] p1a,p1b\n|-damage|p1a: Roaring Moon|69\/100\n|-damage|p1b: Landorus|71\/100\n|-unboost|p1b: Landorus|spe|1\n|move|p2b: Moltres|Fiery Wrath|p1b: Landorus|[spread] p1a,p1b\n|-resisted|p1a: Roaring Moon\n|-damage|p1a: Roaring Moon|48\/100\n|-damage|p1b: Landorus|33\/100\n|cant|p1a: Roaring Moon|flinch\n|cant|p1b: Landorus|flinch\n|\n|upkeep\n|turn|3\n|c|\u2606Kehorie|did sheer force cancel my boost?\n|inactive|cosplayLover has 30 seconds left.\n|\n|t:|1699749492\n|move|p1a: Roaring Moon|Protect|p1a: Roaring Moon\n|-singleturn|p1a: Roaring Moon|Protect\n|move|p2a: Bismark|Bleakwind Storm|p1a: Roaring Moon|[spread] p1b\n|-activate|p1a: Roaring Moon|move: Protect\n|-damage|p1b: Landorus|6\/100\n|move|p2b: Moltres|Fiery Wrath|p1b: Landorus|[spread] p1b\n|-activate|p1a: Roaring Moon|move: Protect\n|-damage|p1b: Landorus|0 fnt\n|faint|p1b: Landorus\n|\n|upkeep\n|\n|t:|1699749499\n|switch|p1b: Pelipper|Pelipper, L50, M|100\/100\n|-weather|RainDance|[from] ability: Drizzle|[of] p1b: Pelipper\n|turn|4\n|\n|t:|1699749515\n|move|p1b: Pelipper|Wide Guard|p1b: Pelipper\n|-singleturn|p1b: Pelipper|Wide Guard\n|move|p2a: Bismark|Bleakwind Storm|p1a: Roaring Moon|[spread] \n|-activate|p1a: Roaring Moon|move: Wide Guard\n|-activate|p1b: Pelipper|move: Wide Guard\n|move|p2b: Moltres|Fiery Wrath|p1b: Pelipper|[spread] \n|-activate|p1a: Roaring Moon|move: Wide Guard\n|-activate|p1b: Pelipper|move: Wide Guard\n|move|p1a: Roaring Moon|Acrobatics|p2b: Moltres\n|-damage|p2b: Moltres|0 fnt\n|faint|p2b: Moltres\n|\n|-weather|RainDance|[upkeep]\n|-sideend|p2: Kehorie|move: Tailwind\n|upkeep\n|j| LanternComic\n|inactive|Kehorie has 30 seconds left.\n|\n|t:|1699749543\n|switch|p2b: Ninetales|Ninetales-Alola, L50, F, shiny|100\/100\n|-weather|Snow|[from] ability: Snow Warning|[of] p2b: Ninetales\n|turn|5\n|\n|t:|1699749555\n|move|p1b: Pelipper|Helping Hand|p1a: Roaring Moon\n|-singleturn|p1a: Roaring Moon|Helping Hand|[of] p1b: Pelipper\n|move|p2a: Bismark|Tailwind|p2a: Bismark\n|-sidestart|p2: Kehorie|move: Tailwind\n|move|p2b: Ninetales|Aurora Veil|p2b: Ninetales\n|-sidestart|p2: Kehorie|move: Aurora Veil\n|move|p1a: Roaring Moon|Knock Off|p2a: Bismark\n|-damage|p2a: Bismark|27\/100\n|-enditem|p2a: Bismark|Covert Cloak|[from] move: Knock Off|[of] p1a: Roaring Moon\n|\n|-weather|Snow|[upkeep]\n|upkeep\n|turn|6\n|inactive|Kehorie has 30 seconds left.\n|\n|t:|1699749587\n|move|p1b: Pelipper|Wide Guard|p1b: Pelipper\n|-singleturn|p1b: Pelipper|Wide Guard\n|move|p2a: Bismark|Bleakwind Storm|p1b: Pelipper|[spread] \n|-activate|p1a: Roaring Moon|move: Wide Guard\n|-activate|p1b: Pelipper|move: Wide Guard\n|move|p2b: Ninetales|Aurora Veil||[still]\n|-fail|p2b: Ninetales\n|move|p1a: Roaring Moon|Acrobatics|p2a: Bismark\n|-damage|p2a: Bismark|0 fnt\n|faint|p2a: Bismark\n|\n|-weather|Snow|[upkeep]\n|upkeep\n|\n|t:|1699749593\n|switch|p2a: Sinistcha|Sinistcha-Masterpiece, L50, shiny|100\/100\n|turn|7\n|\n|t:|1699749614\n|switch|p1b: Ogerpon|Ogerpon-Wellspring, L50, F|100\/100\n|move|p1a: Roaring Moon|Protect|p1a: Roaring Moon\n|-singleturn|p1a: Roaring Moon|Protect\n|move|p2b: Ninetales|Moonblast|p1a: Roaring Moon\n|-activate|p1a: Roaring Moon|move: Protect\n|move|p2a: Sinistcha|Matcha Gotcha|p1b: Ogerpon|[spread] p1b\n|-activate|p1a: Roaring Moon|move: Protect\n|-damage|p1b: Ogerpon|71\/100\n|\n|-weather|Snow|[upkeep]\n|upkeep\n|turn|8\n|\n|t:|1699749637\n|-end|p1a: Roaring Moon|Protosynthesis|[silent]\n|switch|p1a: Pelipper|Pelipper, L50, M|100\/100\n|-weather|RainDance|[from] ability: Drizzle|[of] p1a: Pelipper\n|move|p2b: Ninetales|Blizzard|p1b: Ogerpon|[spread] p1a,p1b\n|-damage|p1a: Pelipper|46\/100\n|-damage|p1b: Ogerpon|39\/100\n|-status|p1a: Pelipper|frz\n|move|p2a: Sinistcha|Matcha Gotcha|p1a: Pelipper|[spread] p1a,p1b\n|-damage|p1a: Pelipper|1\/100 frz\n|-damage|p1b: Ogerpon|12\/100\n|-curestatus|p1a: Pelipper|frz|[msg]\n|move|p1b: Ogerpon|Swords Dance|p1b: Ogerpon\n|-boost|p1b: Ogerpon|atk|2\n|\n|-weather|RainDance|[upkeep]\n|-sideend|p2: Kehorie|move: Tailwind\n|upkeep\n|turn|9\n|\n|t:|1699749657\n|move|p2a: Sinistcha|Rage Powder|p2a: Sinistcha\n|-singleturn|p2a: Sinistcha|move: Rage Powder\n|move|p2b: Ninetales|Moonblast|p1b: Ogerpon\n|-damage|p1b: Ogerpon|0 fnt\n|faint|p1b: Ogerpon\n|move|p1a: Pelipper|Hurricane|p2a: Sinistcha\n|-supereffective|p2a: Sinistcha\n|-damage|p2a: Sinistcha|50\/100\n|\n|-weather|RainDance|[upkeep]\n|upkeep\n|\n|t:|1699749666\n|switch|p1b: Roaring Moon|Roaring Moon, L50|48\/100\n|turn|10\n|j| christianfinity\n|\n|t:|1699749680\n|-terastallize|p2a: Sinistcha|Fire\n|move|p1b: Roaring Moon|Protect|p1b: Roaring Moon\n|-singleturn|p1b: Roaring Moon|Protect\n|move|p2a: Sinistcha|Rage Powder|p2a: Sinistcha\n|-singleturn|p2a: Sinistcha|move: Rage Powder\n|move|p2b: Ninetales|Moonblast|p1a: Pelipper\n|-damage|p1a: Pelipper|0 fnt\n|faint|p1a: Pelipper\n|\n|-weather|RainDance|[upkeep]\n|upkeep\n|turn|11\n|-message|cosplayLover forfeited.\n|\n|win|Kehorie\n|raw|cosplayLover's rating: 1420 &rarr; <strong>1395<\/strong><br \/>(-25 for losing)\n|raw|Kehorie's rating: 1328 &rarr; <strong>1353<\/strong><br \/>(+25 for winning)\n|l|\u2606cosplayLover\n","uploadtime":1699749699,"views":9,"p1id":"cosplaylover","p2id":"kehorie","formatid":"gen9vgc2023regulatione","rating":1353,"private":0,"password":""}