{"id":"gen9vgc2023regulatione-1998986206","p1":"NerdyBrain123","p2":"SinistchaChaSlide","format":"[Gen 9] VGC 2023 Regulation E","log":"|j|\u2606NerdyBrain123\n|j|\u2606SinistchaChaSlide\n|n|\u2606NerdyBrain123|nerdybrain123\n|n|\u2606SinistchaChaSlide|sinistchachaslide\n|html|View the match progress at <a href=\"\/game-bestof3-gen9vgc2023regulatione-1998982691\">game-bestof3-gen9vgc2023regulatione-1998982691<\/a>\n|t:|1701020942\n|gametype|doubles\n|player|p1|NerdyBrain123|scientist|\n|player|p2|SinistchaChaSlide|wattson|\n|teamsize|p1|6\n|teamsize|p2|6\n|gen|9\n|tier|[Gen 9] VGC 2023 Regulation E\n|rule|Species Clause: Limit one of each Pok\u00e9mon\n|rule|Item Clause: Limit one of each item\n|clearpoke\n|poke|p1|Lucario, L50, M|\n|poke|p1|Gholdengo, L50|\n|poke|p1|Volcarona, L50, M|\n|poke|p1|Overqwil, L50, M|\n|poke|p1|Pikachu, L50, M|\n|poke|p1|Salamence, L50, M|\n|poke|p2|Zoroark-Hisui, L50, F|\n|poke|p2|Inteleon, L50, F|\n|poke|p2|Altaria, L50, M|\n|poke|p2|Zapdos, L50|\n|poke|p2|Gothitelle, L50, M|\n|poke|p2|Urshifu-*, L50, F|\n|teampreview|4\n|\n|t:|1701020961\n|start\n|switch|p1a: Blueberry Slush|Lucario, L50, M|100\/100\n|switch|p1b: Mac n' Cheese|Gholdengo, L50|100\/100\n|switch|p2a: Mediium Rare Beef|Urshifu, L50, F|100\/100\n|switch|p2b: Crispy Bacon|Zapdos, L50|100\/100\n|turn|1\n|\n|t:|1701021005\n|switch|p1b: Glacier Freeze|Salamence, L50, M|100\/100\n|-ability|p1b: Glacier Freeze|Intimidate|boost\n|-unboost|p2a: Mediium Rare Beef|atk|1\n|-unboost|p2b: Crispy Bacon|atk|1\n|move|p2a: Mediium Rare Beef|Shadow Ball|p1b: Glacier Freeze\n|-damage|p1b: Glacier Freeze|58\/100\n|move|p1a: Blueberry Slush|Shadow Ball|p2b: Crispy Bacon\n|-damage|p2b: Crispy Bacon|79\/100\n|move|p2b: Crispy Bacon|Tailwind|p2b: Crispy Bacon\n|-sidestart|p2: SinistchaChaSlide|move: Tailwind\n|\n|upkeep\n|turn|2\n|\n|t:|1701021032\n|switch|p1a: Crab Wonton|Volcarona, L50, M|100\/100\n|move|p1b: Glacier Freeze|Protect|p1b: Glacier Freeze\n|-singleturn|p1b: Glacier Freeze|Protect\n|move|p2a: Mediium Rare Beef|Shadow Ball|p1b: Glacier Freeze\n|-activate|p1b: Glacier Freeze|move: Protect\n|move|p2b: Crispy Bacon|Thunderbolt|p1b: Glacier Freeze\n|-activate|p1b: Glacier Freeze|move: Protect\n|\n|upkeep\n|turn|3\n|\n|t:|1701021053\n|move|p2a: Mediium Rare Beef|Shadow Ball|p1b: Glacier Freeze\n|-damage|p1b: Glacier Freeze|15\/100\n|move|p2b: Crispy Bacon|Hurricane|p1a: Crab Wonton|[miss]\n|-miss|p2b: Crispy Bacon|p1a: Crab Wonton\n|move|p1b: Glacier Freeze|Dragon Dance|p1b: Glacier Freeze\n|-boost|p1b: Glacier Freeze|atk|1\n|-boost|p1b: Glacier Freeze|spe|1\n|move|p1a: Crab Wonton|Struggle Bug|p2a: Mediium Rare Beef|[spread] p2a,p2b\n|-resisted|p2a: Mediium Rare Beef\n|-resisted|p2b: Crispy Bacon\n|-damage|p2a: Mediium Rare Beef|83\/100\n|-damage|p2b: Crispy Bacon|71\/100\n|-unboost|p2a: Mediium Rare Beef|spa|1\n|-unboost|p2b: Crispy Bacon|spa|1\n|replace|p2a: Ketchup|Zoroark-Hisui, L50, F\n|-end|p2a: Ketchup|Illusion\n|\n|upkeep\n|turn|4\n|\n|t:|1701021072\n|switch|p2a: Mediium Rare Beef|Urshifu, L50, F|100\/100\n|move|p1b: Glacier Freeze|Protect|p1b: Glacier Freeze\n|-singleturn|p1b: Glacier Freeze|Protect\n|move|p1a: Crab Wonton|Protect|p1a: Crab Wonton\n|-singleturn|p1a: Crab Wonton|Protect\n|move|p2b: Crispy Bacon|Thunderbolt|p1b: Glacier Freeze\n|-activate|p1b: Glacier Freeze|move: Protect\n|\n|-sideend|p2: SinistchaChaSlide|move: Tailwind\n|upkeep\n|turn|5\n|\n|t:|1701021099\n|move|p1a: Crab Wonton|Rage Powder|p1a: Crab Wonton\n|-singleturn|p1a: Crab Wonton|move: Rage Powder\n|move|p1b: Glacier Freeze|Dual Wingbeat|p2a: Mediium Rare Beef\n|-supereffective|p2a: Mediium Rare Beef\n|-damage|p2a: Mediium Rare Beef|8\/100\n|-supereffective|p2a: Mediium Rare Beef\n|-damage|p2a: Mediium Rare Beef|0 fnt\n|faint|p2a: Mediium Rare Beef\n|-hitcount|p2: Mediium Rare Beef|2\n|-damage|p1b: Glacier Freeze|5\/100|[from] item: Life Orb\n|move|p2b: Crispy Bacon|Tailwind|p2b: Crispy Bacon\n|-sidestart|p2: SinistchaChaSlide|move: Tailwind\n|\n|upkeep\n|\n|t:|1701021110\n|switch|p2a: Peanut Butter|Inteleon, L50, F|100\/100\n|turn|6\n|\n|t:|1701021142\n|move|p1b: Glacier Freeze|Protect|p1b: Glacier Freeze\n|-singleturn|p1b: Glacier Freeze|Protect\n|move|p1a: Crab Wonton|Protect|p1a: Crab Wonton\n|-singleturn|p1a: Crab Wonton|Protect\n|move|p2a: Peanut Butter|Snipe Shot|p1a: Crab Wonton\n|-activate|p1a: Crab Wonton|move: Protect\n|move|p2b: Crispy Bacon|Thunderbolt|p1b: Glacier Freeze\n|-activate|p1b: Glacier Freeze|move: Protect\n|\n|upkeep\n|turn|7\n|\n|t:|1701021166\n|-terastallize|p1a: Crab Wonton|Water\n|move|p2a: Peanut Butter|Haze|p2a: Peanut Butter\n|-clearallboost\n|move|p2b: Crispy Bacon|Thunderbolt|p1b: Glacier Freeze\n|-damage|p1b: Glacier Freeze|0 fnt\n|faint|p1b: Glacier Freeze\n|move|p1a: Crab Wonton|Struggle Bug|p2a: Peanut Butter|[spread] p2a,p2b\n|-resisted|p2b: Crispy Bacon\n|-damage|p2a: Peanut Butter|69\/100\n|-damage|p2b: Crispy Bacon|63\/100\n|-unboost|p2a: Peanut Butter|spa|1\n|-unboost|p2b: Crispy Bacon|spa|1\n|\n|upkeep\n|\n|t:|1701021178\n|switch|p1b: Mac n' Cheese|Gholdengo, L50|100\/100\n|turn|8\n|\n|t:|1701021204\n|move|p1a: Crab Wonton|Protect|p1a: Crab Wonton\n|-singleturn|p1a: Crab Wonton|Protect\n|move|p1b: Mac n' Cheese|Protect|p1b: Mac n' Cheese\n|-singleturn|p1b: Mac n' Cheese|Protect\n|move|p2a: Peanut Butter|Snipe Shot|p1b: Mac n' Cheese\n|-activate|p1b: Mac n' Cheese|move: Protect\n|move|p2b: Crispy Bacon|Thunderbolt|p1a: Crab Wonton\n|-activate|p1a: Crab Wonton|move: Protect\n|\n|-sideend|p2: SinistchaChaSlide|move: Tailwind\n|upkeep\n|turn|9\n|\n|t:|1701021228\n|-terastallize|p2b: Crispy Bacon|Electric\n|move|p2a: Peanut Butter|Snipe Shot|p1b: Mac n' Cheese\n|-crit|p1b: Mac n' Cheese\n|-damage|p1b: Mac n' Cheese|33\/100\n|move|p1a: Crab Wonton|Struggle Bug|p2b: Crispy Bacon|[spread] p2a,p2b\n|-damage|p2a: Peanut Butter|38\/100\n|-damage|p2b: Crispy Bacon|47\/100\n|-unboost|p2a: Peanut Butter|spa|1\n|-unboost|p2b: Crispy Bacon|spa|1\n|move|p2b: Crispy Bacon|Thunderbolt|p1a: Crab Wonton\n|-supereffective|p1a: Crab Wonton\n|-damage|p1a: Crab Wonton|52\/100\n|move|p1b: Mac n' Cheese|Shadow Ball|p2b: Crispy Bacon\n|-damage|p2b: Crispy Bacon|7\/100\n|\n|-heal|p1b: Mac n' Cheese|39\/100|[from] item: Leftovers\n|upkeep\n|turn|10\n|\n|t:|1701021282\n|move|p1a: Crab Wonton|Rage Powder|p1a: Crab Wonton\n|-singleturn|p1a: Crab Wonton|move: Rage Powder\n|move|p2a: Peanut Butter|Snipe Shot|p1b: Mac n' Cheese\n|-damage|p1b: Mac n' Cheese|16\/100\n|move|p2b: Crispy Bacon|Tailwind|p2b: Crispy Bacon\n|-sidestart|p2: SinistchaChaSlide|move: Tailwind\n|move|p1b: Mac n' Cheese|Make It Rain|p2a: Peanut Butter|[spread] p2a,p2b\n|-resisted|p2a: Peanut Butter\n|-resisted|p2b: Crispy Bacon\n|-damage|p2a: Peanut Butter|0 fnt\n|-damage|p2b: Crispy Bacon|0 fnt\n|-unboost|p1b: Mac n' Cheese|spa|1\n|faint|p2a: Peanut Butter\n|faint|p2b: Crispy Bacon\n|\n|-heal|p1b: Mac n' Cheese|22\/100|[from] item: Leftovers\n|upkeep\n|\n|t:|1701021292\n|switch|p2b: Ketchup|Zoroark-Hisui, L50, F|83\/100\n|turn|11\n|\n|t:|1701021311\n|move|p1a: Crab Wonton|Protect|p1a: Crab Wonton\n|-singleturn|p1a: Crab Wonton|Protect\n|move|p1b: Mac n' Cheese|Protect|p1b: Mac n' Cheese\n|-singleturn|p1b: Mac n' Cheese|Protect\n|move|p2b: Ketchup|Shadow Ball|p1b: Mac n' Cheese\n|-activate|p1b: Mac n' Cheese|move: Protect\n|\n|-heal|p1b: Mac n' Cheese|28\/100|[from] item: Leftovers\n|upkeep\n|turn|12\n|\n|t:|1701021323\n|switch|p1b: Blueberry Slush|Lucario, L50, M|100\/100\n|move|p2b: Ketchup|Shadow Ball|p1b: Blueberry Slush\n|-damage|p1b: Blueberry Slush|41\/100\n|move|p1a: Crab Wonton|Struggle Bug|p2b: Ketchup\n|-resisted|p2b: Ketchup\n|-damage|p2b: Ketchup|61\/100\n|-unboost|p2b: Ketchup|spa|1\n|\n|upkeep\n|turn|13\n|\n|t:|1701021336\n|move|p2b: Ketchup|Shadow Ball|p1b: Blueberry Slush\n|-damage|p1b: Blueberry Slush|4\/100\n|move|p1b: Blueberry Slush|Shadow Ball|p2b: Ketchup\n|-immune|p2b: Ketchup\n|move|p1a: Crab Wonton|Struggle Bug|p2b: Ketchup\n|-resisted|p2b: Ketchup\n|-damage|p2b: Ketchup|38\/100\n|-unboost|p2b: Ketchup|spa|1\n|\n|-sideend|p2: SinistchaChaSlide|move: Tailwind\n|upkeep\n|turn|14\n|\n|t:|1701021350\n|move|p2b: Ketchup|Shadow Ball|p1b: Blueberry Slush\n|-damage|p1b: Blueberry Slush|0 fnt\n|faint|p1b: Blueberry Slush\n|move|p1a: Crab Wonton|Fiery Dance|p2b: Ketchup\n|-damage|p2b: Ketchup|0 fnt\n|faint|p2b: Ketchup\n|\n|win|NerdyBrain123\n|c|&|\/uhtml prompt-sinistchachaslide,SinistchaChaSlide is ready for game 3!\n|inactive|NerdyBrain123 has 50 seconds to confirm battle start!\n|c|\u2606NerdyBrain123|GGs!\n","uploadtime":1701021364,"views":21,"p1id":"nerdybrain123","p2id":"sinistchachaslide","formatid":"gen9vgc2023regulatione","rating":0,"private":0,"password":""}