{"id":"gen9vgc2023regulatione-2000591746","p1":"Guakamou","p2":"gurupatak","format":"[Gen 9] VGC 2023 Regulation E","log":"|j|\u2606Guakamou\n|j|\u2606gurupatak\n|n|\u2606Guakamou|guakamou\n|n|\u2606gurupatak|gurupatak\n|html|View the match progress at <a href=\"\/game-bestof3-gen9vgc2023regulatione-2000586461\">game-bestof3-gen9vgc2023regulatione-2000586461<\/a>\n|t:|1701208379\n|gametype|doubles\n|player|p1|Guakamou|palmer|\n|player|p2|gurupatak|170|\n|teamsize|p1|6\n|teamsize|p2|6\n|gen|9\n|tier|[Gen 9] VGC 2023 Regulation E\n|rule|Species Clause: Limit one of each Pok\u00e9mon\n|rule|Item Clause: Limit one of each item\n|clearpoke\n|poke|p1|Heatran, L50, F|\n|poke|p1|Landorus-Therian, L50, M|\n|poke|p1|Iron Hands, L50|\n|poke|p1|Iron Bundle, L50|\n|poke|p1|Rillaboom, L50, M|\n|poke|p1|Ogerpon-Hearthflame, L50, F|\n|poke|p2|Arcanine-Hisui, L50, F|\n|poke|p2|Basculegion, L50, M|\n|poke|p2|Iron Hands, L50|\n|poke|p2|Tornadus, L50, M|\n|poke|p2|Gholdengo, L50|\n|poke|p2|Farigiraf, L50, M|\n|teampreview|4\nGuakamou has agreed to open team sheets.\ngurupatak has agreed to open team sheets.\n|showteam|p1|Heatran||LifeOrb|FlashFire|HeatWave,EarthPower,FlashCannon,Protect|||F|||50|,,,,,Fairy]Landorus-Therian||ChoiceScarf|Intimidate|TeraBlast,Uturn,RockSlide,StompingTantrum|||M|||50|,,,,,Flying]Iron Hands||AssaultVest|QuarkDrive|FakeOut,WildCharge,DrainPunch,HeavySlam||||||50|,,,,,Water]Iron Bundle||BoosterEnergy|QuarkDrive|IcyWind,Encore,FreezeDry,Protect||||||50|,,,,,Ghost]Rillaboom||MiracleSeed|GrassySurge|FakeOut,WoodHammer,Uturn,GrassyGlide|||M|||50|,,,,,Grass]Ogerpon-Hearthflame||HearthflameMask|MoldBreaker|IvyCudgel,GrassyGlide,SwordsDance,SpikyShield|||F|||50|,,,,,Fire\n|showteam|p2|Arcanine-Hisui||ChoiceBand|Intimidate|FlareBlitz,RockSlide,ExtremeSpeed,TeraBlast|||F|||50|,,,,,Fairy]Basculegion||AssaultVest|Adaptability|WaveCrash,LastRespects,PhantomForce,AquaJet|||M|||50|,,,,,Grass]Iron Hands||BoosterEnergy|QuarkDrive|WildCharge,CloseCombat,FakeOut,Detect||||||50|,,,,,Grass]Tornadus||SkyPlate|Prankster|BleakwindStorm,Tailwind,Taunt,Protect|||M|||50|,,,,,Flying]Gholdengo||ChoiceSpecs|GoodasGold|MakeItRain,ShadowBall,Thunderbolt,Trick||||||50|,,,,,Steel]Farigiraf||SafetyGoggles|ArmorTail|Psychic,DazzlingGleam,NastyPlot,TrickRoom|||M|||50|,,,,,Fairy\n|c|\u2606gurupatak|glhf\n|j| DOUUS Octoto\n|inactive|Battle timer is ON: inactive players will automatically lose when time's up. (requested by gurupatak)\n|\n|t:|1701208398\n|start\n|switch|p1a: Iron Hands|Iron Hands, L50|100\/100\n|switch|p1b: Ogerpon|Ogerpon-Hearthflame, L50, F|100\/100\n|switch|p2a: Iron Hands|Iron Hands, L50|100\/100\n|switch|p2b: Farigiraf|Farigiraf, L50, M|100\/100\n|-ability|p1b: Ogerpon|Mold Breaker\n|-enditem|p2a: Iron Hands|Booster Energy\n|-activate|p2a: Iron Hands|ability: Quark Drive|[fromitem]\n|-start|p2a: Iron Hands|quarkdriveatk\n|turn|1\n|\n|t:|1701208415\n|move|p2a: Iron Hands|Fake Out|p1b: Ogerpon\n|-damage|p1b: Ogerpon|78\/100\n|cant|p1b: Ogerpon|flinch\n|move|p1a: Iron Hands|Drain Punch|p2b: Farigiraf\n|-damage|p2b: Farigiraf|62\/100\n|move|p2b: Farigiraf|Trick Room|p2b: Farigiraf\n|-fieldstart|move: Trick Room|[of] p2b: Farigiraf\n|\n|upkeep\n|turn|2\n|\n|t:|1701208431\n|switch|p1b: Landorus|Landorus-Therian, L50, M|100\/100\n|-ability|p1b: Landorus|Intimidate|boost\n|-unboost|p2a: Iron Hands|atk|1\n|-unboost|p2b: Farigiraf|atk|1\n|move|p1a: Iron Hands|Drain Punch|p2b: Farigiraf\n|-damage|p2b: Farigiraf|20\/100\n|move|p2a: Iron Hands|Close Combat|p1b: Landorus\n|-resisted|p1b: Landorus\n|-damage|p1b: Landorus|71\/100\n|-unboost|p2a: Iron Hands|def|1\n|-unboost|p2a: Iron Hands|spd|1\n|move|p2b: Farigiraf|Nasty Plot|p2b: Farigiraf\n|-boost|p2b: Farigiraf|spa|2\n|\n|upkeep\n|turn|3\n|inactive|gurupatak has 30 seconds left.\n|\n|t:|1701208458\n|move|p2a: Iron Hands|Detect|p2a: Iron Hands\n|-singleturn|p2a: Iron Hands|Protect\n|move|p1a: Iron Hands|Wild Charge|p2b: Farigiraf\n|-damage|p2b: Farigiraf|0 fnt\n|faint|p2b: Farigiraf\n|-damage|p1a: Iron Hands|96\/100|[from] Recoil\n|move|p1b: Landorus|Stomping Tantrum|p2a: Iron Hands\n|-activate|p2a: Iron Hands|move: Protect\n|\n|upkeep\n|\n|t:|1701208461\n|switch|p2b: Tornadus|Tornadus, L50, M|100\/100\n|turn|4\n|\n|t:|1701208481\n|move|p2b: Tornadus|Protect|p2b: Tornadus\n|-singleturn|p2b: Tornadus|Protect\n|move|p1a: Iron Hands|Wild Charge|p2b: Tornadus\n|-activate|p2b: Tornadus|move: Protect\n|move|p2a: Iron Hands|Close Combat|p1a: Iron Hands\n|-damage|p1a: Iron Hands|56\/100\n|-unboost|p2a: Iron Hands|def|1\n|-unboost|p2a: Iron Hands|spd|1\n|move|p1b: Landorus|Stomping Tantrum|p2a: Iron Hands\n|-supereffective|p2a: Iron Hands\n|-damage|p2a: Iron Hands|0 fnt\n|faint|p2a: Iron Hands\n|-end|p2a: Iron Hands|Quark Drive|[silent]\n|\n|upkeep\n|\n|t:|1701208484\n|switch|p2a: Basculegion|Basculegion, L50, M|100\/100\n|turn|5\n|c|\u2606gurupatak|if i get double protect maybe\n|\n|t:|1701208511\n|-terastallize|p2a: Basculegion|Grass\n|move|p2b: Tornadus|Protect||[still]\n|-fail|p2b: Tornadus\n|move|p1a: Iron Hands|Wild Charge|p2a: Basculegion\n|-resisted|p2a: Basculegion\n|-damage|p2a: Basculegion|77\/100\n|-damage|p1a: Iron Hands|51\/100|[from] Recoil\n|move|p2a: Basculegion|Last Respects|p1a: Iron Hands\n|-damage|p1a: Iron Hands|0 fnt\n|faint|p1a: Iron Hands\n|-end|p1a: Iron Hands|Quark Drive|[silent]\n|move|p1b: Landorus|Stomping Tantrum|p2a: Basculegion\n|-resisted|p2a: Basculegion\n|-damage|p2a: Basculegion|55\/100\n|\n|-fieldend|move: Trick Room\n|upkeep\n|c|\u2606gurupatak|oh\n|\n|t:|1701208530\n|switch|p1a: Rillaboom|Rillaboom, L50, M|100\/100\n|-fieldstart|move: Grassy Terrain|[from] ability: Grassy Surge|[of] p1a: Rillaboom\n|turn|6\n|inactive|Guakamou has 30 seconds left.\n|\n|t:|1701208558\n|switch|p1b: Ogerpon|Ogerpon-Hearthflame, L50, F|78\/100\n|-ability|p1b: Ogerpon|Mold Breaker\n|move|p1a: Rillaboom|Fake Out|p2b: Tornadus\n|-damage|p2b: Tornadus|84\/100\n|cant|p2b: Tornadus|flinch\n|move|p2a: Basculegion|Last Respects|p1b: Ogerpon\n|-damage|p1b: Ogerpon|0 fnt\n|faint|p1b: Ogerpon\n|\n|-heal|p2a: Basculegion|61\/100|[from] Grassy Terrain\n|upkeep\n|\n|t:|1701208561\n|switch|p1b: Landorus|Landorus-Therian, L50, M|71\/100\n|-ability|p1b: Landorus|Intimidate|boost\n|-unboost|p2a: Basculegion|atk|1\n|-unboost|p2b: Tornadus|atk|1\n|turn|7\n|\n|t:|1701208586\n|-terastallize|p1b: Landorus|Flying\n|move|p2b: Tornadus|Tailwind|p2b: Tornadus\n|-sidestart|p2: gurupatak|move: Tailwind\n|move|p2a: Basculegion|Wave Crash|p1b: Landorus\n|-damage|p1b: Landorus|33\/100\n|-damage|p2a: Basculegion|49\/100|[from] Recoil\n|move|p1b: Landorus|Tera Blast|p2a: Basculegion|[anim] Tera Blast Flying\n|-supereffective|p2a: Basculegion\n|-damage|p2a: Basculegion|0 fnt\n|faint|p2a: Basculegion\n|move|p1a: Rillaboom|Wood Hammer|p2b: Tornadus\n|-resisted|p2b: Tornadus\n|-crit|p2b: Tornadus\n|-damage|p2b: Tornadus|7\/100\n|-damage|p1a: Rillaboom|78\/100|[from] Recoil\n|\n|-heal|p1a: Rillaboom|84\/100|[from] Grassy Terrain\n|upkeep\n|turn|8\n|c|\u2606gurupatak|the crit bruh\n|\n|t:|1701208605\n|move|p2b: Tornadus|Protect|p2b: Tornadus\n|-singleturn|p2b: Tornadus|Protect\n|move|p1a: Rillaboom|Grassy Glide|p2b: Tornadus\n|-activate|p2b: Tornadus|move: Protect\n|move|p1b: Landorus|Tera Blast|p2b: Tornadus|[anim] Tera Blast Flying\n|-activate|p2b: Tornadus|move: Protect\n|\n|-heal|p1a: Rillaboom|89\/100|[from] Grassy Terrain\n|upkeep\n|turn|9\n|\n|t:|1701208610\n|move|p1a: Rillaboom|Grassy Glide|p2b: Tornadus\n|-resisted|p2b: Tornadus\n|-crit|p2b: Tornadus\n|-damage|p2b: Tornadus|0 fnt\n|faint|p2b: Tornadus\n|\n|win|Guakamou\n|c|\u2606gurupatak|ye gg\n|c|\u2606Guakamou|gg\n|c|\u2606Guakamou|crazy rng\n|c|\u2606Guakamou|I mean with bleakwind and rock slide it's meant to heppen I guess\n|c|\u2606gurupatak|ye\n|c|\u2606gurupatak|crit at the end killed me\n|c|\u2606gurupatak|I was praying for none and hit both\n|l| DOUUS Octoto\n|l|\u2606gurupatak\n|j|\u2606gurupatak\n|player|p2|gurupatak|170\n|l|\u2606gurupatak\n|player|p2|\n","uploadtime":1701208970,"views":1,"p1id":"guakamou","p2id":"gurupatak","formatid":"gen9vgc2023regulatione","rating":0,"private":0,"password":""}