{"id":"gen9vgc2023regulatione-1989983724","p1":"LegacyShowden","p2":"WhirleyDirley","format":"[Gen 9] VGC 2023 Regulation E","log":"|j|\u2606LegacyShowden\n|j|\u2606WhirleyDirley\n|t:|1699912503\n|gametype|doubles\n|player|p1|LegacyShowden|rosa|1154\n|player|p2|WhirleyDirley|2|1152\n|teamsize|p1|6\n|teamsize|p2|6\n|gen|9\n|tier|[Gen 9] VGC 2023 Regulation E\n|rated|\n|rule|Species Clause: Limit one of each Pok\u00e9mon\n|rule|Item Clause: Limit one of each item\n|clearpoke\n|poke|p1|Landorus-Therian, L50, M|\n|poke|p1|Samurott-Hisui, L50, M|\n|poke|p1|Kommo-o, L50, M|\n|poke|p1|Heatran, L50, M|\n|poke|p1|Rillaboom, L50, M|\n|poke|p1|Flutter Mane, L50|\n|poke|p2|Azumarill, L50, M|\n|poke|p2|Amoonguss, L50, M|\n|poke|p2|Fezandipiti, L50, M|\n|poke|p2|Tornadus, L50, M|\n|poke|p2|Flutter Mane, L50|\n|poke|p2|Landorus-Therian, L50, M|\n|teampreview|4\n|inactive|Battle timer is ON: inactive players will automatically lose when time's up. (requested by LegacyShowden)\n|inactive|LegacyShowden has 60 seconds left.\n|inactive|WhirleyDirley has 60 seconds left.\n|\n|t:|1699912559\n|start\n|switch|p1a: Landorus|Landorus-Therian, L50, M|100\/100\n|switch|p1b: Flutter Mane|Flutter Mane, L50|100\/100\n|switch|p2a: Fezandipiti|Fezandipiti, L50, M|100\/100\n|switch|p2b: Tornadus|Tornadus, L50, M|100\/100\n|-ability|p1a: Landorus|Intimidate|boost\n|-unboost|p2a: Fezandipiti|atk|1\n|-unboost|p2b: Tornadus|atk|1\n|-enditem|p1b: Flutter Mane|Booster Energy\n|-activate|p1b: Flutter Mane|ability: Protosynthesis|[fromitem]\n|-start|p1b: Flutter Mane|protosynthesisspe\n|turn|1\n|inactive|WhirleyDirley has 30 seconds left.\n|inactive|WhirleyDirley has 20 seconds left.\n|inactive|WhirleyDirley has 15 seconds left.\n|\n|t:|1699912601\n|switch|p2b: Azumarill|Azumarill, L50, M|100\/100\n|move|p1b: Flutter Mane|Moonblast|p2b: Azumarill\n|-damage|p2b: Azumarill|45\/100\n|move|p1a: Landorus|Rock Slide|p2a: Fezandipiti|[spread] p2a,p2b\n|-damage|p2a: Fezandipiti|75\/100\n|-damage|p2b: Azumarill|23\/100\n|move|p2a: Fezandipiti|Icy Wind|p1a: Landorus|[spread] p1a,p1b\n|-supereffective|p1a: Landorus\n|-damage|p1a: Landorus|40\/100\n|-damage|p1b: Flutter Mane|90\/100\n|-unboost|p1a: Landorus|spe|1\n|-unboost|p1b: Flutter Mane|spe|1\n|\n|upkeep\n|turn|2\n|\n|t:|1699912626\n|switch|p1a: Rillaboom|Rillaboom, L50, M|100\/100\n|-fieldstart|move: Grassy Terrain|[from] ability: Grassy Surge|[of] p1a: Rillaboom\n|move|p2b: Azumarill|Aqua Jet|p1a: Rillaboom\n|-resisted|p1a: Rillaboom\n|-damage|p1a: Rillaboom|82\/100\n|move|p1b: Flutter Mane|Moonblast|p2b: Azumarill\n|-damage|p2b: Azumarill|0 fnt\n|faint|p2b: Azumarill\n|move|p2a: Fezandipiti|Icy Wind|p1b: Flutter Mane|[spread] p1b\n|-miss|p2a: Fezandipiti|p1a: Rillaboom\n|-damage|p1b: Flutter Mane|80\/100\n|-unboost|p1b: Flutter Mane|spe|1\n|\n|-heal|p1b: Flutter Mane|86\/100|[from] Grassy Terrain\n|-heal|p2a: Fezandipiti|82\/100|[from] Grassy Terrain\n|-heal|p1a: Rillaboom|88\/100|[from] Grassy Terrain\n|upkeep\n|\n|t:|1699912638\n|switch|p2b: Landorus|Landorus-Therian, L50, M|100\/100\n|-ability|p2b: Landorus|Intimidate|boost\n|-unboost|p1a: Rillaboom|atk|1\n|-unboost|p1b: Flutter Mane|atk|1\n|turn|3\n|inactive|WhirleyDirley has 30 seconds left.\n|\n|t:|1699912669\n|move|p1a: Rillaboom|Fake Out|p2b: Landorus\n|-damage|p2b: Landorus|89\/100\n|cant|p2b: Landorus|flinch\n|move|p1b: Flutter Mane|Psyshock|p2a: Fezandipiti\n|-supereffective|p2a: Fezandipiti\n|-damage|p2a: Fezandipiti|13\/100\n|move|p2a: Fezandipiti|Icy Wind|p1b: Flutter Mane|[spread] p1a,p1b\n|-supereffective|p1a: Rillaboom\n|-damage|p1a: Rillaboom|72\/100\n|-damage|p1b: Flutter Mane|74\/100\n|-unboost|p1a: Rillaboom|spe|1\n|-unboost|p1b: Flutter Mane|spe|1\n|-status|p1b: Flutter Mane|tox|[from] ability: Toxic Chain|[of] p2a: Fezandipiti\n|\n|-heal|p1b: Flutter Mane|80\/100 tox|[from] Grassy Terrain\n|-heal|p2a: Fezandipiti|19\/100|[from] Grassy Terrain\n|-heal|p1a: Rillaboom|78\/100|[from] Grassy Terrain\n|-damage|p1b: Flutter Mane|74\/100 tox|[from] psn\n|upkeep\n|turn|4\n|inactive|LegacyShowden has 30 seconds left.\n|\n|t:|1699912696\n|switch|p1a: Heatran|Heatran, L50, M, shiny|100\/100\n|move|p2b: Landorus|U-turn|p1a: Heatran\n|-resisted|p1a: Heatran\n|-damage|p1a: Heatran|95\/100\n|\n|t:|1699912702\n|switch|p2b: Tornadus|Tornadus, L50, M|100\/100|[from] U-turn\n|move|p1b: Flutter Mane|Psyshock|p2a: Fezandipiti\n|-supereffective|p2a: Fezandipiti\n|-crit|p2a: Fezandipiti\n|-damage|p2a: Fezandipiti|0 fnt\n|faint|p2a: Fezandipiti\n|\n|-heal|p1b: Flutter Mane|80\/100 tox|[from] Grassy Terrain\n|-heal|p1a: Heatran|100\/100|[from] Grassy Terrain\n|-damage|p1b: Flutter Mane|68\/100 tox|[from] psn\n|upkeep\n|\n|t:|1699912709\n|switch|p2a: Landorus|Landorus-Therian, L50, M|89\/100\n|-ability|p2a: Landorus|Intimidate|boost\n|-unboost|p1a: Heatran|atk|1\n|-unboost|p1b: Flutter Mane|atk|1\n|turn|5\n|\n|t:|1699912723\n|-end|p1b: Flutter Mane|Protosynthesis|[silent]\n|switch|p1b: Landorus|Landorus-Therian, L50, M|40\/100\n|-ability|p1b: Landorus|Intimidate|boost\n|-unboost|p2a: Landorus|atk|1\n|-unboost|p2b: Tornadus|atk|1\n|move|p2a: Landorus|Rock Slide|p1b: Landorus|[spread] p1a,p1b\n|-damage|p1a: Heatran|87\/100\n|-damage|p1b: Landorus|22\/100\n|move|p2b: Tornadus|Bleakwind Storm|p1a: Heatran|[spread] p1a,p1b\n|-resisted|p1a: Heatran\n|-damage|p1a: Heatran|72\/100\n|-damage|p1b: Landorus|0 fnt\n|faint|p1b: Landorus\n|move|p1a: Heatran|Heat Wave|p2a: Landorus|[spread] p2a,p2b\n|-damage|p2a: Landorus|35\/100\n|-damage|p2b: Tornadus|55\/100\n|\n|-heal|p1a: Heatran|78\/100|[from] Grassy Terrain\n|-heal|p1a: Heatran|84\/100|[from] item: Leftovers\n|upkeep\n|\n|t:|1699912737\n|switch|p1b: Rillaboom|Rillaboom, L50, M|78\/100\n|turn|6\n|inactive|WhirleyDirley has 30 seconds left.\n|inactive|WhirleyDirley has 20 seconds left.\n|inactive|WhirleyDirley has 15 seconds left.\n|\n|t:|1699912782\n|move|p1b: Rillaboom|Fake Out|p2b: Tornadus\n|-damage|p2b: Tornadus|39\/100\n|-enditem|p2b: Tornadus|Sitrus Berry|[eat]\n|-heal|p2b: Tornadus|64\/100|[from] item: Sitrus Berry\n|move|p2a: Landorus|Rock Slide|p1a: Heatran|[spread] p1b\n|-miss|p2a: Landorus|p1a: Heatran\n|-damage|p1b: Rillaboom|64\/100\n|cant|p2b: Tornadus|flinch\n|move|p1a: Heatran|Flash Cannon|p2a: Landorus\n|-damage|p2a: Landorus|0 fnt\n|faint|p2a: Landorus\n|\n|-heal|p1b: Rillaboom|70\/100|[from] Grassy Terrain\n|-heal|p1a: Heatran|90\/100|[from] Grassy Terrain\n|-heal|p1a: Heatran|96\/100|[from] item: Leftovers\n|-fieldend|move: Grassy Terrain\n|upkeep\n|turn|7\n|-message|WhirleyDirley forfeited.\n|\n|win|LegacyShowden\n|raw|LegacyShowden's rating: 1154 &rarr; <strong>1179<\/strong><br \/>(+25 for winning)\n|raw|WhirleyDirley's rating: 1152 &rarr; <strong>1127<\/strong><br \/>(-25 for losing)\n|l|\u2606WhirleyDirley\n","uploadtime":1699912809,"views":19,"p1id":"legacyshowden","p2id":"whirleydirley","formatid":"gen9vgc2023regulatione","rating":1127,"private":0,"password":""}