{"id":"gen9vgc2023regulatione-1991014785","p1":"j1m13o","p2":"Bad0ws","format":"[Gen 9] VGC 2023 Regulation E","log":"|j|\u2606j1m13o\n|j|\u2606Bad0ws\n|t:|1700028226\n|gametype|doubles\n|player|p1|j1m13o|101|1183\n|player|p2|Bad0ws|artist-gen4|1183\n|teamsize|p1|6\n|teamsize|p2|6\n|gen|9\n|tier|[Gen 9] VGC 2023 Regulation E\n|rated|\n|rule|Species Clause: Limit one of each Pok\u00e9mon\n|rule|Item Clause: Limit one of each item\n|clearpoke\n|poke|p1|Ursaluna-Bloodmoon, L50, M|\n|poke|p1|Torkoal, L50, F|\n|poke|p1|Dusclops, L50, M|\n|poke|p1|Clefable, L50, F|\n|poke|p1|Golem-Alola, L50, M|\n|poke|p1|Lucario, L50, F|\n|poke|p2|Ogerpon-Wellspring, L50, F|\n|poke|p2|Iron Hands, L50|\n|poke|p2|Weezing, L50, M|\n|poke|p2|Roaring Moon, L50|\n|poke|p2|Flutter Mane, L50|\n|poke|p2|Landorus-Therian, L50, M|\n|teampreview|4\n|\n|t:|1700028236\n|start\n|switch|p1a: Mr. Hands|Dusclops, L50, M|100\/100\n|switch|p1b: Clefable|Clefable, L50, F|100\/100\n|switch|p2a: Iron Hands|Iron Hands, L50|100\/100\n|switch|p2b: Weezing|Weezing, L50, M|100\/100\n|-ability|p2b: Weezing|Neutralizing Gas\n|turn|1\n|\n|t:|1700028249\n|move|p2a: Iron Hands|Fake Out|p1b: Clefable\n|-crit|p1b: Clefable\n|-damage|p1b: Clefable|77\/100\n|-enditem|p1b: Clefable|Eject Button\n|\n|t:|1700028253\n|switch|p1b: Ursaluna|Ursaluna-Bloodmoon, L50, M|100\/100\n|move|p2b: Weezing|Taunt|p1a: Mr. Hands\n|-start|p1a: Mr. Hands|move: Taunt\n|cant|p1a: Mr. Hands|move: Taunt|Trick Room\n|\n|upkeep\n|turn|2\n|\n|t:|1700028268\n|switch|p1a: Clefable|Clefable, L50, F|77\/100\n|move|p1b: Ursaluna|Protect|p1b: Ursaluna\n|-singleturn|p1b: Ursaluna|Protect\n|move|p2b: Weezing|Will-O-Wisp|p1b: Ursaluna\n|-activate|p1b: Ursaluna|move: Protect\n|move|p2a: Iron Hands|Drain Punch|p1b: Ursaluna\n|-activate|p1b: Ursaluna|move: Protect\n|\n|upkeep\n|turn|3\n|\n|t:|1700028293\n|switch|p1a: Mr. Hands|Dusclops, L50, M|100\/100\n|move|p2b: Weezing|Taunt|p1a: Mr. Hands\n|-start|p1a: Mr. Hands|move: Taunt\n|move|p2a: Iron Hands|Drain Punch|p1b: Ursaluna\n|-supereffective|p1b: Ursaluna\n|-damage|p1b: Ursaluna|42\/100\n|move|p1b: Ursaluna|Earth Power|p2a: Iron Hands\n|-supereffective|p2a: Iron Hands\n|-damage|p2a: Iron Hands|33\/100\n|\n|upkeep\n|turn|4\n|inactive|Battle timer is ON: inactive players will automatically lose when time's up. (requested by j1m13o)\n|\n|t:|1700028329\n|-end|p2a: Iron Hands|Quark Drive|[silent]\n|switch|p2a: Ogerpon|Ogerpon-Wellspring, L50, F|100\/100\n|switch|p1a: Clefable|Clefable, L50, F|77\/100\n|move|p1b: Ursaluna|Protect|p1b: Ursaluna\n|-singleturn|p1b: Ursaluna|Protect\n|move|p2b: Weezing|Will-O-Wisp|p1b: Ursaluna\n|-activate|p1b: Ursaluna|move: Protect\n|\n|upkeep\n|turn|5\n|inactive|j1m13o has 30 seconds left.\n|\n|t:|1700028361\n|-terastallize|p1b: Ursaluna|Normal\n|move|p1a: Clefable|Follow Me|p1a: Clefable\n|-singleturn|p1a: Clefable|move: Follow Me\n|move|p2a: Ogerpon|Ivy Cudgel|p1a: Clefable|[anim] Ivy Cudgel Water\n|-damage|p1a: Clefable|11\/100\n|move|p2b: Weezing|Taunt|p1a: Clefable\n|-start|p1a: Clefable|move: Taunt\n|move|p1b: Ursaluna|Hyper Voice|p2a: Ogerpon|[spread] p2a,p2b\n|-enditem|p1b: Ursaluna|Normal Gem|[from] gem\n|-crit|p2b: Weezing\n|-damage|p2a: Ogerpon|24\/100\n|-damage|p2b: Weezing|3\/100\n|-enditem|p2b: Weezing|Sitrus Berry|[eat]\n|-heal|p2b: Weezing|28\/100|[from] item: Sitrus Berry\n|\n|upkeep\n|turn|6\n|inactive|Bad0ws has 30 seconds left.\n|inactive|Bad0ws has 20 seconds left.\n|inactive|Bad0ws has 15 seconds left.\n|\n|t:|1700028401\n|move|p2b: Weezing|Protect|p2b: Weezing\n|-singleturn|p2b: Weezing|Protect\n|move|p1b: Ursaluna|Protect|p1b: Ursaluna\n|-singleturn|p1b: Ursaluna|Protect\n|move|p2a: Ogerpon|Horn Leech|p1b: Ursaluna\n|-activate|p1b: Ursaluna|move: Protect\n|move|p1a: Clefable|Dazzling Gleam|p2a: Ogerpon|[spread] p2a\n|-activate|p2b: Weezing|move: Protect\n|-damage|p2a: Ogerpon|0 fnt\n|faint|p2a: Ogerpon\n|\n|upkeep\n|\n|t:|1700028404\n|switch|p2a: Iron Hands|Iron Hands, L50|33\/100\n|turn|7\n|inactive|j1m13o has 30 seconds left.\n|\n|t:|1700028436\n|switch|p1a: Torkoal|Torkoal, L50, F|100\/100\n|switch|p1b: Mr. Hands|Dusclops, L50, M|100\/100\n|move|p2a: Iron Hands|Fake Out|p1b: Mr. Hands\n|-immune|p1b: Mr. Hands\n|move|p2b: Weezing|Will-O-Wisp|p1b: Mr. Hands\n|-status|p1b: Mr. Hands|brn\n|\n|-damage|p1b: Mr. Hands|94\/100 brn|[from] brn\n|upkeep\n|turn|8\n|\n|t:|1700028464\n|-terastallize|p2a: Iron Hands|Fire\n|move|p2b: Weezing|Protect|p2b: Weezing\n|-singleturn|p2b: Weezing|Protect\n|move|p1a: Torkoal|Protect|p1a: Torkoal\n|-singleturn|p1a: Torkoal|Protect\n|move|p2a: Iron Hands|Drain Punch|p1a: Torkoal\n|-activate|p1a: Torkoal|move: Protect\n|move|p1b: Mr. Hands|Trick Room|p1b: Mr. Hands\n|-fieldstart|move: Trick Room|[of] p1b: Mr. Hands\n|\n|-damage|p1b: Mr. Hands|88\/100 brn|[from] brn\n|upkeep\n|turn|9\n|inactive|Bad0ws has 30 seconds left.\n|\n|t:|1700028494\n|move|p1b: Mr. Hands|Helping Hand|p1a: Torkoal\n|-singleturn|p1a: Torkoal|Helping Hand|[of] p1b: Mr. Hands\n|move|p1a: Torkoal|Earth Power|p2a: Iron Hands\n|-supereffective|p2a: Iron Hands\n|-damage|p2a: Iron Hands|0 fnt\n|faint|p2a: Iron Hands\n|-end|p2a: Iron Hands|Quark Drive|[silent]\n|move|p2b: Weezing|Sludge Bomb|p1a: Torkoal\n|-damage|p1a: Torkoal|60\/100\n|\n|-damage|p1b: Mr. Hands|82\/100 brn|[from] brn\n|upkeep\n|\n|t:|1700028500\n|switch|p2a: Flutter Mane|Flutter Mane, L50|100\/100\n|turn|10\n|\n|t:|1700028514\n|move|p1b: Mr. Hands|Helping Hand|p1a: Torkoal\n|-singleturn|p1a: Torkoal|Helping Hand|[of] p1b: Mr. Hands\n|move|p2b: Weezing|Protect|p2b: Weezing\n|-singleturn|p2b: Weezing|Protect\n|move|p1a: Torkoal|Heat Wave|p2a: Flutter Mane|[spread] p2a\n|-activate|p2b: Weezing|move: Protect\n|-damage|p2a: Flutter Mane|47\/100\n|move|p2a: Flutter Mane|Dazzling Gleam|p1a: Torkoal|[spread] p1a,p1b\n|-resisted|p1a: Torkoal\n|-damage|p1a: Torkoal|26\/100\n|-damage|p1b: Mr. Hands|58\/100 brn\n|\n|-damage|p1b: Mr. Hands|52\/100 brn|[from] brn\n|upkeep\n|turn|11\n|\n|t:|1700028531\n|move|p1b: Mr. Hands|Helping Hand|p1a: Torkoal\n|-singleturn|p1a: Torkoal|Helping Hand|[of] p1b: Mr. Hands\n|move|p1a: Torkoal|Heat Wave|p2b: Weezing|[spread] p2a,p2b\n|-damage|p2a: Flutter Mane|0 fnt\n|-damage|p2b: Weezing|0 fnt\n|faint|p2a: Flutter Mane\n|-end|p2a: Flutter Mane|Protosynthesis|[silent]\n|faint|p2b: Weezing\n|-end|p2b: Weezing|ability: Neutralizing Gas\n|-weather|SunnyDay|[from] ability: Drought|[of] p1a: Torkoal\n|\n|win|j1m13o\n|raw|j1m13o's rating: 1183 &rarr; <strong>1208<\/strong><br \/>(+25 for winning)\n|raw|Bad0ws's rating: 1183 &rarr; <strong>1158<\/strong><br \/>(-25 for losing)\n|l|\u2606Bad0ws\n|c|\u2606j1m13o|wp\n","uploadtime":1700028544,"views":13,"p1id":"j1m13o","p2id":"bad0ws","formatid":"gen9vgc2023regulatione","rating":1158,"private":0,"password":""}