{"id":"gen9vgc2023regulatione-1994304706","p1":"Osprey11","p2":"Pink_SSB","format":"[Gen 9] VGC 2023 Regulation E","log":"|j|\u2606Osprey11\n|j|\u2606Pink_SSB\n|n|\u2606Osprey11|osprey11\n|n|\u2606Pink_SSB|pinkssb\n|html|View the match progress at <a href=\"\/game-bestof3-gen9vgc2023regulatione-1994298543\">game-bestof3-gen9vgc2023regulatione-1994298543<\/a>\n|t:|1700429090\n|gametype|doubles\n|player|p1|Osprey11|101|\n|player|p2|Pink_SSB|1|\n|teamsize|p1|6\n|teamsize|p2|6\n|gen|9\n|tier|[Gen 9] VGC 2023 Regulation E\n|rule|Species Clause: Limit one of each Pok\u00e9mon\n|rule|Item Clause: Limit one of each item\n|clearpoke\n|poke|p1|Moltres-Galar, L50|\n|poke|p1|Sinistcha, L50|\n|poke|p1|Iron Hands, L50|\n|poke|p1|Ogerpon-Wellspring, L50, F|\n|poke|p1|Arcanine-Hisui, L50, M|\n|poke|p1|Tornadus, L50, M|\n|poke|p2|Eiscue, L50, F|\n|poke|p2|Iron Hands, L50|\n|poke|p2|Sinistcha, L50|\n|poke|p2|Landorus-Therian, L50, M|\n|poke|p2|Heatran, L50, F|\n|poke|p2|Flutter Mane, L50|\n|teampreview|4\n|inactive|Battle timer is ON: inactive players will automatically lose when time's up. (requested by Pink_SSB)\n|\n|t:|1700429131\n|start\n|switch|p1a: Iron Hands|Iron Hands, L50|100\/100\n|switch|p1b: Ogerpon|Ogerpon-Wellspring, L50, F|100\/100\n|switch|p2a: Uncle Lando|Landorus-Therian, L50, M|100\/100\n|switch|p2b: Tera-Ass|Heatran, L50, F|100\/100\n|-ability|p2a: Uncle Lando|Intimidate|boost\n|-unboost|p1a: Iron Hands|atk|1\n|-unboost|p1b: Ogerpon|atk|1\n|turn|1\n|\n|t:|1700429156\n|switch|p2a: Brian's Sippy Cup|Sinistcha, L50|100\/100\n|move|p2b: Tera-Ass|Protect|p2b: Tera-Ass\n|-singleturn|p2b: Tera-Ass|Protect\n|move|p1a: Iron Hands|Fake Out|p2b: Tera-Ass\n|-activate|p2b: Tera-Ass|move: Protect\n|move|p1b: Ogerpon|Ivy Cudgel|p2a: Brian's Sippy Cup|[anim] Ivy Cudgel Water\n|-resisted|p2a: Brian's Sippy Cup\n|-damage|p2a: Brian's Sippy Cup|85\/100\n|\n|upkeep\n|turn|2\n|\n|t:|1700429173\n|switch|p1b: Moltres|Moltres-Galar, L50|100\/100\n|-terastallize|p2b: Tera-Ass|Grass\n|move|p2b: Tera-Ass|Heat Wave|p1b: Moltres|[spread] p1a,p1b\n|-damage|p1a: Iron Hands|80\/100\n|-damage|p1b: Moltres|73\/100\n|move|p2a: Brian's Sippy Cup|Matcha Gotcha|p1a: Iron Hands|[spread] p1b\n|-miss|p2a: Brian's Sippy Cup|p1a: Iron Hands\n|-resisted|p1b: Moltres\n|-crit|p1b: Moltres\n|-damage|p1b: Moltres|56\/100\n|-heal|p2a: Brian's Sippy Cup|95\/100|[from] drain|[of] p1b: Moltres\n|move|p1a: Iron Hands|Drain Punch|p2b: Tera-Ass\n|-damage|p2b: Tera-Ass|76\/100\n|-heal|p1a: Iron Hands|90\/100|[from] drain|[of] p2b: Tera-Ass\n|\n|-heal|p1b: Moltres|62\/100|[from] item: Leftovers\n|-heal|p2b: Tera-Ass|82\/100|[from] item: Leftovers\n|upkeep\n|turn|3\n|inactive|Osprey11 has 30 seconds left.\n|\n|t:|1700429203\n|-end|p1a: Iron Hands|Quark Drive|[silent]\n|switch|p1a: Arcanine|Arcanine-Hisui, L50, M|100\/100\n|-ability|p1a: Arcanine|Intimidate|boost\n|-unboost|p2a: Brian's Sippy Cup|atk|1\n|-unboost|p2b: Tera-Ass|atk|1\n|move|p1b: Moltres|Fiery Wrath|p2a: Brian's Sippy Cup|[spread] p2a,p2b\n|-supereffective|p2a: Brian's Sippy Cup\n|-damage|p2a: Brian's Sippy Cup|41\/100\n|-damage|p2b: Tera-Ass|61\/100\n|cant|p2b: Tera-Ass|flinch\n|cant|p2a: Brian's Sippy Cup|flinch\n|\n|-heal|p1b: Moltres|69\/100|[from] item: Leftovers\n|-heal|p2b: Tera-Ass|67\/100|[from] item: Leftovers\n|upkeep\n|turn|4\n|\n|t:|1700429223\n|switch|p2a: Uncle Lando|Landorus-Therian, L50, M|100\/100\n|-ability|p2a: Uncle Lando|Intimidate|boost\n|-unboost|p1a: Arcanine|atk|1\n|-unboost|p1b: Moltres|atk|1\n|move|p1b: Moltres|Fiery Wrath|p2b: Tera-Ass|[spread] p2a,p2b\n|-crit|p2a: Uncle Lando\n|-damage|p2a: Uncle Lando|53\/100\n|-damage|p2b: Tera-Ass|45\/100\n|move|p1a: Arcanine|Rock Slide|p2a: Uncle Lando|[spread] p2a,p2b\n|-damage|p2a: Uncle Lando|39\/100\n|-damage|p2b: Tera-Ass|33\/100\n|cant|p2b: Tera-Ass|flinch\n|\n|-heal|p1b: Moltres|75\/100|[from] item: Leftovers\n|-heal|p2b: Tera-Ass|39\/100|[from] item: Leftovers\n|upkeep\n|turn|5\n|inactive|Osprey11 has 30 seconds left.\n|inactive|Osprey11 has 20 seconds left.\n|\n|t:|1700429260\n|switch|p1a: Iron Hands|Iron Hands, L50|90\/100\n|switch|p2b: Brian's Sippy Cup|Sinistcha, L50|41\/100\n|-heal|p2a: Uncle Lando|64\/100|[from] ability: Hospitality|[of] p2b: Brian's Sippy Cup\n|move|p1b: Moltres|Protect|p1b: Moltres\n|-singleturn|p1b: Moltres|Protect\n|move|p2a: Uncle Lando|Rock Slide|p1a: Iron Hands|[spread] p1a\n|-activate|p1b: Moltres|move: Protect\n|-resisted|p1a: Iron Hands\n|-damage|p1a: Iron Hands|83\/100\n|\n|-heal|p1b: Moltres|81\/100|[from] item: Leftovers\n|upkeep\n|turn|6\n|inactive|Pink_SSB has 30 seconds left.\n|\n|t:|1700429291\n|switch|p2a: Brian Hands|Iron Hands, L50|100\/100\n|switch|p2b: Tera-Ass|Heatran, L50, F, tera:Grass|39\/100\n|move|p1b: Moltres|Fiery Wrath|p2b: Tera-Ass|[spread] p2a,p2b\n|-resisted|p2a: Brian Hands\n|-damage|p2a: Brian Hands|94\/100\n|-damage|p2b: Tera-Ass|16\/100\n|move|p1a: Iron Hands|Heavy Slam|p2a: Brian Hands\n|-resisted|p2a: Brian Hands\n|-damage|p2a: Brian Hands|89\/100\n|\n|-heal|p1b: Moltres|87\/100|[from] item: Leftovers\n|-heal|p2b: Tera-Ass|22\/100|[from] item: Leftovers\n|upkeep\n|turn|7\n|\n|t:|1700429312\n|move|p1a: Iron Hands|Fake Out||[still]\n|-hint|Fake Out only works on your first turn out.\n|-fail|p1a: Iron Hands\n|move|p2a: Brian Hands|Fake Out|p1b: Moltres\n|-damage|p1b: Moltres|75\/100\n|cant|p1b: Moltres|flinch\n|move|p2b: Tera-Ass|Flash Cannon|p1b: Moltres\n|-damage|p1b: Moltres|40\/100\n|-ability|p1b: Moltres|Berserk|boost\n|-boost|p1b: Moltres|spa|1\n|\n|-heal|p1b: Moltres|46\/100|[from] item: Leftovers\n|-heal|p2b: Tera-Ass|28\/100|[from] item: Leftovers\n|upkeep\n|turn|8\n|\n|t:|1700429331\n|-end|p1a: Iron Hands|Quark Drive|[silent]\n|switch|p1a: Ogerpon|Ogerpon-Wellspring, L50, F|100\/100\n|move|p1b: Moltres|Protect|p1b: Moltres\n|-singleturn|p1b: Moltres|Protect\n|move|p2b: Tera-Ass|Protect|p2b: Tera-Ass\n|-singleturn|p2b: Tera-Ass|Protect\n|move|p2a: Brian Hands|Wild Charge|p1b: Moltres\n|-activate|p1b: Moltres|move: Protect\n|\n|-heal|p1b: Moltres|52\/100|[from] item: Leftovers\n|-heal|p2b: Tera-Ass|34\/100|[from] item: Leftovers\n|upkeep\n|turn|9\n|\n|t:|1700429346\n|switch|p2b: Uncle Lando|Landorus-Therian, L50, M|64\/100\n|-ability|p2b: Uncle Lando|Intimidate|boost\n|-unboost|p1a: Ogerpon|atk|1\n|-unboost|p1b: Moltres|atk|1\n|move|p1a: Ogerpon|Follow Me|p1a: Ogerpon\n|-singleturn|p1a: Ogerpon|move: Follow Me\n|move|p1b: Moltres|Fiery Wrath|p2b: Uncle Lando|[spread] p2a,p2b\n|-resisted|p2a: Brian Hands\n|-damage|p2a: Brian Hands|78\/100\n|-damage|p2b: Uncle Lando|18\/100\n|move|p2a: Brian Hands|Wild Charge|p1a: Ogerpon\n|-damage|p1a: Ogerpon|53\/100\n|-damage|p2a: Brian Hands|69\/100|[from] Recoil\n|\n|-heal|p1b: Moltres|58\/100|[from] item: Leftovers\n|upkeep\n|turn|10\n|inactive|Osprey11 has 30 seconds left.\n|inactive|Osprey11 has 20 seconds left.\n|\n|t:|1700429383\n|-terastallize|p1b: Moltres|Poison\n|move|p2b: Uncle Lando|Rock Slide|p1b: Moltres|[spread] p1a,p1b\n|-damage|p1a: Ogerpon|36\/100\n|-damage|p1b: Moltres|43\/100\n|-ability|p1b: Moltres|Berserk|boost\n|-boost|p1b: Moltres|spa|1\n|cant|p1a: Ogerpon|flinch\n|move|p1b: Moltres|Fiery Wrath|p2b: Uncle Lando|[spread] p2a,p2b\n|-resisted|p2a: Brian Hands\n|-damage|p2a: Brian Hands|57\/100\n|-damage|p2b: Uncle Lando|0 fnt\n|faint|p2b: Uncle Lando\n|move|p2a: Brian Hands|Drain Punch|p1a: Ogerpon\n|-damage|p1a: Ogerpon|0 fnt\n|-heal|p2a: Brian Hands|71\/100|[from] drain|[of] p1a: Ogerpon\n|faint|p1a: Ogerpon\n|\n|-heal|p1b: Moltres|49\/100|[from] item: Leftovers\n|upkeep\n|\n|t:|1700429400\n|switch|p2b: Tera-Ass|Heatran, L50, F, tera:Grass|34\/100\n|switch|p1a: Arcanine|Arcanine-Hisui, L50, M|100\/100\n|-ability|p1a: Arcanine|Intimidate|boost\n|-unboost|p2a: Brian Hands|atk|1\n|-unboost|p2b: Tera-Ass|atk|1\n|turn|11\n|\n|t:|1700429413\n|-end|p2a: Brian Hands|Quark Drive|[silent]\n|switch|p2a: Brian's Sippy Cup|Sinistcha, L50|41\/100\n|-heal|p2b: Tera-Ass|59\/100|[from] ability: Hospitality|[of] p2a: Brian's Sippy Cup\n|move|p1b: Moltres|Protect|p1b: Moltres\n|-singleturn|p1b: Moltres|Protect\n|move|p1a: Arcanine|Will-O-Wisp|p2a: Brian's Sippy Cup|[miss]\n|-miss|p1a: Arcanine|p2a: Brian's Sippy Cup\n|move|p2b: Tera-Ass|Earth Power|p1a: Arcanine\n|-supereffective|p1a: Arcanine\n|-damage|p1a: Arcanine|0 fnt\n|faint|p1a: Arcanine\n|\n|-heal|p1b: Moltres|55\/100|[from] item: Leftovers\n|-heal|p2b: Tera-Ass|65\/100|[from] item: Leftovers\n|upkeep\n|\n|t:|1700429427\n|switch|p1a: Iron Hands|Iron Hands, L50|83\/100\n|turn|12\n|\n|t:|1700429443\n|move|p2b: Tera-Ass|Protect|p2b: Tera-Ass\n|-singleturn|p2b: Tera-Ass|Protect\n|move|p1a: Iron Hands|Fake Out|p2b: Tera-Ass\n|-activate|p2b: Tera-Ass|move: Protect\n|move|p1b: Moltres|Fiery Wrath|p2b: Tera-Ass|[spread] p2a\n|-activate|p2b: Tera-Ass|move: Protect\n|-supereffective|p2a: Brian's Sippy Cup\n|-damage|p2a: Brian's Sippy Cup|0 fnt\n|faint|p2a: Brian's Sippy Cup\n|\n|-heal|p1b: Moltres|61\/100|[from] item: Leftovers\n|-heal|p2b: Tera-Ass|71\/100|[from] item: Leftovers\n|upkeep\n|\n|t:|1700429450\n|switch|p2a: Brian Hands|Iron Hands, L50|71\/100\n|turn|13\n|\n|t:|1700429470\n|move|p1b: Moltres|Protect|p1b: Moltres\n|-singleturn|p1b: Moltres|Protect\n|move|p2a: Brian Hands|Fake Out|p1a: Iron Hands\n|-damage|p1a: Iron Hands|73\/100\n|move|p2b: Tera-Ass|Earth Power|p1a: Iron Hands\n|-supereffective|p1a: Iron Hands\n|-damage|p1a: Iron Hands|40\/100\n|cant|p1a: Iron Hands|flinch\n|\n|-heal|p1b: Moltres|67\/100|[from] item: Leftovers\n|-heal|p2b: Tera-Ass|77\/100|[from] item: Leftovers\n|upkeep\n|turn|14\n|\n|t:|1700429490\n|move|p1b: Moltres|Air Slash|p2b: Tera-Ass\n|-supereffective|p2b: Tera-Ass\n|-damage|p2b: Tera-Ass|0 fnt\n|faint|p2b: Tera-Ass\n|move|p1a: Iron Hands|Drain Punch|p2a: Brian Hands\n|-damage|p2a: Brian Hands|42\/100\n|-heal|p1a: Iron Hands|56\/100|[from] drain|[of] p2a: Brian Hands\n|move|p2a: Brian Hands|Heavy Slam|p1b: Moltres\n|-damage|p1b: Moltres|30\/100\n|-ability|p1b: Moltres|Berserk|boost\n|-boost|p1b: Moltres|spa|1\n|\n|-heal|p1b: Moltres|37\/100|[from] item: Leftovers\n|upkeep\n|turn|15\n|\n|t:|1700429505\n|move|p1b: Moltres|Protect|p1b: Moltres\n|-singleturn|p1b: Moltres|Protect\n|move|p1a: Iron Hands|Drain Punch|p2a: Brian Hands\n|-damage|p2a: Brian Hands|16\/100\n|-heal|p1a: Iron Hands|70\/100|[from] drain|[of] p2a: Brian Hands\n|move|p2a: Brian Hands|Drain Punch|p1a: Iron Hands\n|-damage|p1a: Iron Hands|41\/100\n|-heal|p2a: Brian Hands|29\/100|[from] drain|[of] p1a: Iron Hands\n|\n|-heal|p1b: Moltres|43\/100|[from] item: Leftovers\n|upkeep\n|turn|16\n|\n|t:|1700429521\n|move|p1b: Moltres|Air Slash|p2a: Brian Hands\n|-damage|p2a: Brian Hands|0 fnt\n|faint|p2a: Brian Hands\n|-end|p2a: Brian Hands|Quark Drive|[silent]\n|\n|win|Osprey11\n|inactive|Osprey11 has 50 seconds to confirm battle start!\n|inactive|Pink_SSB has 50 seconds to confirm battle start!\n","uploadtime":1700429540,"views":5,"p1id":"osprey11","p2id":"pinkssb","formatid":"gen9vgc2023regulatione","rating":0,"private":0,"password":""}