{"id":"gen9vgc2023regulatione-1993643036","p1":"BlueJayX2","p2":"harvesterofsouls9","format":"[Gen 9] VGC 2023 Regulation E","log":"|j|\u2606BlueJayX2\n|j|\u2606harvesterofsouls9\n|t:|1700340766\n|gametype|doubles\n|player|p1|BlueJayX2|marley|1193\n|player|p2|harvesterofsouls9|harlequin|1213\n|teamsize|p1|6\n|teamsize|p2|6\n|gen|9\n|tier|[Gen 9] VGC 2023 Regulation E\n|rated|\n|rule|Species Clause: Limit one of each Pok\u00e9mon\n|rule|Item Clause: Limit one of each item\n|clearpoke\n|poke|p1|Sylveon, L50, F|\n|poke|p1|Indeedee-F, L50, F|\n|poke|p1|Volbeat, L50, M|\n|poke|p1|Tauros-Paldea-Aqua, L50, M|\n|poke|p1|Dudunsparce-*, L50, M|\n|poke|p1|Torterra, L50, M|\n|poke|p2|Farigiraf, L50, M|\n|poke|p2|Kingambit, L50, M|\n|poke|p2|Urshifu-*, L50, M|\n|poke|p2|Enamorus, L50, F|\n|poke|p2|Regieleki, L50|\n|poke|p2|Brute Bonnet, L50|\n|teampreview|4\n|inactive|Battle timer is ON: inactive players will automatically lose when time's up. (requested by BlueJayX2)\n|inactive|BlueJayX2 has 60 seconds left.\n|\n|t:|1700340803\n|start\n|switch|p1a: Volbeat|Volbeat, L50, M, shiny|100\/100\n|switch|p1b: Dudunsparce|Dudunsparce-Three-Segment, L50, M, shiny|100\/100\n|switch|p2a: Kingambit|Kingambit, L50, M|100\/100\n|switch|p2b: Farigiraf|Farigiraf, L50, M|100\/100\n|turn|1\n|\n|t:|1700340828\n|switch|p2b: Regieleki|Regieleki, L50|100\/100\n|move|p1a: Volbeat|Tailwind|p1a: Volbeat\n|-sidestart|p1: BlueJayX2|move: Tailwind\n|move|p1b: Dudunsparce|Coil|p1b: Dudunsparce\n|-boost|p1b: Dudunsparce|atk|1\n|-boost|p1b: Dudunsparce|def|1\n|-boost|p1b: Dudunsparce|accuracy|1\n|move|p2a: Kingambit|Kowtow Cleave|p1a: Volbeat\n|-damage|p1a: Volbeat|0 fnt\n|faint|p1a: Volbeat\n|\n|upkeep\n|\n|t:|1700340843\n|switch|p1a: Indeedee|Indeedee-F, L50, F, shiny|100\/100\n|-fieldstart|move: Psychic Terrain|[from] ability: Psychic Surge|[of] p1a: Indeedee\n|turn|2\n|\n|t:|1700340858\n|switch|p2b: Farigiraf|Farigiraf, L50, M|100\/100\n|-terastallize|p1b: Dudunsparce|Ghost\n|move|p1a: Indeedee|Follow Me|p1a: Indeedee\n|-singleturn|p1a: Indeedee|move: Follow Me\n|move|p1b: Dudunsparce|Rock Slide|p2a: Kingambit|[spread] p2a,p2b\n|-resisted|p2a: Kingambit\n|-damage|p2a: Kingambit|91\/100\n|-damage|p2b: Farigiraf|82\/100\n|cant|p2a: Kingambit|flinch\n|\n|upkeep\n|turn|3\n|inactive|harvesterofsouls9 has 30 seconds left.\n|inactive|harvesterofsouls9 has 20 seconds left.\n|inactive|harvesterofsouls9 has 15 seconds left.\n|inactive|harvesterofsouls9 has 10 seconds left.\n|inactive|harvesterofsouls9 has 5 seconds left.\n|\n|t:|1700340909\n|move|p2b: Farigiraf|Protect|p2b: Farigiraf\n|-singleturn|p2b: Farigiraf|Protect\n|move|p1a: Indeedee|Calm Mind|p1a: Indeedee\n|-boost|p1a: Indeedee|spa|1\n|-boost|p1a: Indeedee|spd|1\n|move|p1b: Dudunsparce|Rock Slide|p2b: Farigiraf|[spread] p2a\n|-activate|p2b: Farigiraf|move: Protect\n|-resisted|p2a: Kingambit\n|-damage|p2a: Kingambit|81\/100\n|cant|p2a: Kingambit|flinch\n|\n|upkeep\n|turn|4\n|\n|t:|1700340931\n|switch|p2b: Regieleki|Regieleki, L50|100\/100\n|move|p1a: Indeedee|Light Screen|p1a: Indeedee\n|-sidestart|p1: BlueJayX2|move: Light Screen\n|move|p1b: Dudunsparce|Rock Slide|p2b: Regieleki|[spread] p2a,p2b\n|-resisted|p2a: Kingambit\n|-crit|p2a: Kingambit\n|-damage|p2a: Kingambit|65\/100\n|-damage|p2b: Regieleki|58\/100\n|cant|p2a: Kingambit|flinch\n|\n|-sideend|p1: BlueJayX2|move: Tailwind\n|upkeep\n|turn|5\n|\n|t:|1700340949\n|move|p1a: Indeedee|Follow Me|p1a: Indeedee\n|-singleturn|p1a: Indeedee|move: Follow Me\n|move|p2b: Regieleki|Electroweb|p1a: Indeedee|[spread] p1a,p1b\n|-crit|p1a: Indeedee\n|-damage|p1a: Indeedee|60\/100\n|-damage|p1b: Dudunsparce|85\/100\n|-unboost|p1a: Indeedee|spe|1\n|-unboost|p1b: Dudunsparce|spe|1\n|move|p2a: Kingambit|Kowtow Cleave|p1a: Indeedee\n|-supereffective|p1a: Indeedee\n|-damage|p1a: Indeedee|0 fnt\n|faint|p1a: Indeedee\n|move|p1b: Dudunsparce|Rock Slide|p2a: Kingambit|[spread] p2a,p2b\n|-resisted|p2a: Kingambit\n|-crit|p2b: Regieleki\n|-damage|p2a: Kingambit|55\/100\n|-damage|p2b: Regieleki|0 fnt\n|faint|p2b: Regieleki\n|\n|upkeep\n|\n|t:|1700340969\n|switch|p2b: Enamorus|Enamorus, L50, F|100\/100\n|switch|p1a: Sylveon|Sylveon, L50, F, shiny|100\/100\n|turn|6\n|\n|t:|1700340981\n|move|p2b: Enamorus|Protect|p2b: Enamorus\n|-singleturn|p2b: Enamorus|Protect\n|move|p1a: Sylveon|Hyper Voice|p2a: Kingambit|[spread] p2a\n|-activate|p2b: Enamorus|move: Protect\n|-damage|p2a: Kingambit|13\/100\n|-enditem|p1a: Sylveon|Throat Spray\n|-boost|p1a: Sylveon|spa|1|[from] item: Throat Spray\n|move|p2a: Kingambit|Kowtow Cleave|p1b: Dudunsparce\n|-supereffective|p1b: Dudunsparce\n|-damage|p1b: Dudunsparce|0 fnt\n|faint|p1b: Dudunsparce\n|\n|-fieldend|move: Psychic Terrain\n|upkeep\n|turn|7\n|\n|t:|1700340997\n|move|p2b: Enamorus|Moonblast|p1a: Sylveon\n|-damage|p1a: Sylveon|63\/100\n|-damage|p2b: Enamorus|91\/100|[from] item: Life Orb\n|move|p1a: Sylveon|Hyper Voice|p2a: Kingambit|[spread] p2a,p2b\n|-damage|p2a: Kingambit|0 fnt\n|-damage|p2b: Enamorus|0 fnt\n|faint|p2a: Kingambit\n|faint|p2b: Enamorus\n|\n|upkeep\n|\n|t:|1700341004\n|switch|p2b: Farigiraf|Farigiraf, L50, M|82\/100\n|turn|8\n|\n|t:|1700341011\n|move|p1a: Sylveon|Hyper Voice|p2b: Farigiraf\n|-damage|p2b: Farigiraf|0 fnt\n|faint|p2b: Farigiraf\n|\n|win|BlueJayX2\n|raw|BlueJayX2's rating: 1193 &rarr; <strong>1219<\/strong><br \/>(+26 for winning)\n|raw|harvesterofsouls9's rating: 1213 &rarr; <strong>1187<\/strong><br \/>(-26 for losing)\n|l|\u2606harvesterofsouls9\n|c|\u2606BlueJayX2|Gg\n","uploadtime":1700341023,"views":15,"p1id":"bluejayx2","p2id":"harvesterofsouls9","formatid":"gen9vgc2023regulatione","rating":1187,"private":0,"password":""}