{"id":"gen9vgc2023regulatione-1994076376","p1":"Leon Karmae","p2":"eyrobbe","format":"[Gen 9] VGC 2023 Regulation E","log":"|j|\u2606Leon Karmae\n|j|\u2606eyrobbe\n|n|\u2606Leon Karmae|leonkarmae\n|n|\u2606eyrobbe|eyrobbe\n|html|View the match progress at <a href=\"\/game-bestof3-gen9vgc2023regulatione-1994073249\">game-bestof3-gen9vgc2023regulatione-1994073249<\/a>\n|t:|1700403765\n|gametype|doubles\n|player|p1|Leon Karmae|2|\n|player|p2|eyrobbe|pokemaniac|\n|teamsize|p1|6\n|teamsize|p2|6\n|gen|9\n|tier|[Gen 9] VGC 2023 Regulation E\n|rule|Species Clause: Limit one of each Pok\u00e9mon\n|rule|Item Clause: Limit one of each item\n|clearpoke\n|poke|p1|Thundurus, L50, M|\n|poke|p1|Grimmsnarl, L50, M|\n|poke|p1|Kommo-o, L50, M|\n|poke|p1|Landorus-Therian, L50, M|\n|poke|p1|Rillaboom, L50, F|\n|poke|p1|Gholdengo, L50|\n|poke|p2|Heatran, L50, F|\n|poke|p2|Flutter Mane, L50|\n|poke|p2|Dragonite, L50, M|\n|poke|p2|Chien-Pao, L50|\n|poke|p2|Ogerpon-Wellspring, L50, F|\n|poke|p2|Iron Hands, L50|\n|teampreview|4\neyrobbe has agreed to open team sheets.\n|\n|t:|1700403813\n|start\n|switch|p1a: Mister T|Thundurus, L50, M|100\/100\n|switch|p1b: Fairy Tale|Grimmsnarl, L50, M|100\/100\n|switch|p2a: Dragonite|Dragonite, L50, M|100\/100\n|switch|p2b: Chien-Pao|Chien-Pao, L50|100\/100\n|-ability|p2b: Chien-Pao|Sword of Ruin\n|turn|1\n|\n|t:|1700403832\n|switch|p1a: D3NG0|Gholdengo, L50|100\/100\n|-terastallize|p2a: Dragonite|Normal\n|move|p2a: Dragonite|Extreme Speed|p1a: D3NG0\n|-immune|p1a: D3NG0\n|move|p1b: Fairy Tale|Reflect|p1b: Fairy Tale\n|-sidestart|p1: Leon Karmae|Reflect\n|move|p2b: Chien-Pao|Ice Spinner|p1b: Fairy Tale\n|-damage|p1b: Fairy Tale|43\/100\n|\n|upkeep\n|turn|2\n|\n|t:|1700403913\n|-terastallize|p1a: D3NG0|Water\n|move|p2a: Dragonite|Extreme Speed|p1b: Fairy Tale\n|-damage|p1b: Fairy Tale|0 fnt\n|faint|p1b: Fairy Tale\n|move|p2b: Chien-Pao|Sucker Punch|p1a: D3NG0\n|-damage|p1a: D3NG0|68\/100\n|move|p1a: D3NG0|Make It Rain|p2a: Dragonite|[spread] p2a,p2b\n|-supereffective|p2b: Chien-Pao\n|-damage|p2a: Dragonite|32\/100\n|-enditem|p2b: Chien-Pao|Focus Sash\n|-damage|p2b: Chien-Pao|1\/100\n|-unboost|p1a: D3NG0|spa|1\n|\n|upkeep\n|\n|t:|1700403935\n|switch|p1b: Mister T|Thundurus, L50, M|100\/100\n|turn|3\n|\n|t:|1700403946\n|switch|p1a: Machu Picchu|Kommo-o, L50, M|100\/100\n|move|p2b: Chien-Pao|Protect|p2b: Chien-Pao\n|-singleturn|p2b: Chien-Pao|Protect\n|move|p2a: Dragonite|Extreme Speed|p1b: Mister T\n|-damage|p1b: Mister T|11\/100\n|move|p1b: Mister T|Wildbolt Storm|p2b: Chien-Pao|[spread] p2a\n|-activate|p2b: Chien-Pao|move: Protect\n|-damage|p2a: Dragonite|0 fnt\n|faint|p2a: Dragonite\n|\n|upkeep\n|\n|t:|1700403958\n|switch|p2a: Flutter Mane|Flutter Mane, L50|100\/100\n|-enditem|p2a: Flutter Mane|Booster Energy\n|-activate|p2a: Flutter Mane|ability: Protosynthesis|[fromitem]\n|-start|p2a: Flutter Mane|protosynthesisspe\n|turn|4\n|\n|t:|1700403983\n|move|p1b: Mister T|Scary Face|p2a: Flutter Mane\n|-unboost|p2a: Flutter Mane|spe|2\n|move|p2b: Chien-Pao|Ice Spinner|p1a: Machu Picchu\n|-supereffective|p1a: Machu Picchu\n|-damage|p1a: Machu Picchu|48\/100\n|move|p2a: Flutter Mane|Dazzling Gleam|p1b: Mister T|[spread] p1a,p1b\n|-supereffective|p1a: Machu Picchu\n|-damage|p1a: Machu Picchu|0 fnt\n|-damage|p1b: Mister T|0 fnt\n|faint|p1a: Machu Picchu\n|faint|p1b: Mister T\n|\n|upkeep\n|\n|t:|1700404001\n|switch|p1a: D3NG0|Gholdengo, L50, tera:Water|68\/100\n|turn|5\n|\n|t:|1700404008\n|-end|p2a: Flutter Mane|Protosynthesis|[silent]\n|switch|p2a: Iron Hands|Iron Hands, L50|100\/100\n|move|p2b: Chien-Pao|Protect|p2b: Chien-Pao\n|-singleturn|p2b: Chien-Pao|Protect\n|move|p1a: D3NG0|Make It Rain|p2b: Chien-Pao|[spread] p2a\n|-activate|p2b: Chien-Pao|move: Protect\n|-resisted|p2a: Iron Hands\n|-damage|p2a: Iron Hands|81\/100\n|-unboost|p1a: D3NG0|spa|1\n|\n|-sideend|p1: Leon Karmae|Reflect\n|upkeep\n|turn|6\n|\n|t:|1700404026\n|move|p2a: Iron Hands|Fake Out|p1a: D3NG0\n|-damage|p1a: D3NG0|51\/100\n|move|p2b: Chien-Pao|Sacred Sword|p1a: D3NG0\n|-damage|p1a: D3NG0|12\/100\n|cant|p1a: D3NG0|flinch\n|\n|upkeep\n|turn|7\n|\n|t:|1700404036\n|move|p2b: Chien-Pao|Sucker Punch|p1a: D3NG0\n|-damage|p1a: D3NG0|0 fnt\n|faint|p1a: D3NG0\n|\n|win|eyrobbe\n|c|\u2606eyrobbe|gg\n|c|\u2606Leon Karmae|Gg\n","uploadtime":1700404194,"views":23,"p1id":"leonkarmae","p2id":"eyrobbe","formatid":"gen9vgc2023regulatione","rating":0,"private":0,"password":""}