{"id":"gen9vgc2023regulatione-1989412561","p1":"Disobedient_vgc","p2":"JeanRyuPR","format":"[Gen 9] VGC 2023 Regulation E","log":"|j|\u2606Disobedient_vgc\n|j|\u2606JeanRyuPR\n|n|\u2606Disobedient_vgc|disobedientvgc\n|n|\u2606JeanRyuPR|jeanryupr\n|html|View the match progress at <a href=\"\/game-bestof3-gen9vgc2023regulatione-1989409785\">game-bestof3-gen9vgc2023regulatione-1989409785<\/a>\n|t:|1699846946\n|gametype|doubles\n|player|p1|Disobedient_vgc|shadowtriad|\n|player|p2|JeanRyuPR|lance|\n|teamsize|p1|6\n|teamsize|p2|6\n|gen|9\n|tier|[Gen 9] VGC 2023 Regulation E\n|rule|Species Clause: Limit one of each Pok\u00e9mon\n|rule|Item Clause: Limit one of each item\n|clearpoke\n|poke|p1|Dusclops, L50, F|\n|poke|p1|Ursaluna-Bloodmoon, L50, M|\n|poke|p1|Ogerpon-Wellspring, L50, F|\n|poke|p1|Chi-Yu, L50|\n|poke|p1|Iron Hands, L50|\n|poke|p1|Landorus-Therian, L50, M|\n|poke|p2|Ogerpon-Wellspring, L50, F|\n|poke|p2|Farigiraf, L50, M|\n|poke|p2|Roaring Moon, L50|\n|poke|p2|Landorus-Therian, L50, M|\n|poke|p2|Rillaboom, L50, M|\n|poke|p2|Heatran, L50, M|\n|teampreview|4\n|\n|t:|1699846975\n|start\n|switch|p1a: Dusclops|Dusclops, L50, F|100\/100\n|switch|p1b: Ursaluna|Ursaluna-Bloodmoon, L50, M|100\/100\n|switch|p2a: Farigiraf|Farigiraf, L50, M|100\/100\n|switch|p2b: Ogerpon|Ogerpon-Wellspring, L50, F|100\/100\n|-ability|p1a: Dusclops|Pressure\n|turn|1\n|\n|t:|1699847015\n|move|p2b: Ogerpon|Spiky Shield|p2b: Ogerpon\n|-singleturn|p2b: Ogerpon|move: Protect\n|move|p1b: Ursaluna|Protect|p1b: Ursaluna\n|-singleturn|p1b: Ursaluna|Protect\n|move|p2a: Farigiraf|Imprison|p2a: Farigiraf\n|-start|p2a: Farigiraf|move: Imprison\n|move|p1a: Dusclops|Will-O-Wisp|p2b: Ogerpon\n|-activate|p2b: Ogerpon|move: Protect\n|\n|upkeep\n|turn|2\n|\n|t:|1699847048\n|switch|p1a: Landorus|Landorus-Therian, L50, M|100\/100\n|-ability|p1a: Landorus|Intimidate|boost\n|-unboost|p2a: Farigiraf|atk|1\n|-unboost|p2b: Ogerpon|atk|1\n|-terastallize|p2b: Ogerpon|Water\n|detailschange|p2b: Ogerpon|Ogerpon-Wellspring-Tera, L50, F, tera:Water\n|-ability|p2b: Ogerpon|Embody Aspect (Wellspring)|boost\n|-boost|p2b: Ogerpon|spd|1\n|-terastallize|p1b: Ursaluna|Normal\n|move|p2b: Ogerpon|Ivy Cudgel|p1b: Ursaluna\n|-damage|p1b: Ursaluna|62\/100\n|move|p2a: Farigiraf|Nasty Plot|p2a: Farigiraf\n|-boost|p2a: Farigiraf|spa|2\n|move|p1b: Ursaluna|Blood Moon|p2b: Ogerpon\n|-damage|p2b: Ogerpon|35\/100\n|\n|upkeep\n|turn|3\n|\n|t:|1699847084\n|move|p1b: Ursaluna|Protect|p1b: Ursaluna\n|-singleturn|p1b: Ursaluna|Protect\n|move|p1a: Landorus|Stomping Tantrum|p2b: Ogerpon\n|-damage|p2b: Ogerpon|0 fnt\n|faint|p2b: Ogerpon\n|move|p2a: Farigiraf|Hyper Voice|p1a: Landorus|[spread] p1a\n|-activate|p1b: Ursaluna|move: Protect\n|-damage|p1a: Landorus|26\/100\n|\n|upkeep\n|\n|t:|1699847101\n|switch|p2b: Rillaboom|Rillaboom, L50, M|100\/100\n|-fieldstart|move: Grassy Terrain|[from] ability: Grassy Surge|[of] p2b: Rillaboom\n|turn|4\n|\n|t:|1699847121\n|switch|p1b: Dusclops|Dusclops, L50, F|100\/100\n|-ability|p1b: Dusclops|Pressure\n|move|p1a: Landorus|Stomping Tantrum|p2a: Farigiraf\n|-damage|p2a: Farigiraf|58\/100\n|move|p2b: Rillaboom|Knock Off|p1a: Landorus\n|-damage|p1a: Landorus|0 fnt\n|-enditem|p1a: Landorus|Choice Scarf|[from] move: Knock Off|[of] p2b: Rillaboom\n|faint|p1a: Landorus\n|move|p2a: Farigiraf|Hyper Voice|p1b: Dusclops\n|-immune|p1b: Dusclops\n|\n|-heal|p2a: Farigiraf|64\/100|[from] Grassy Terrain\n|upkeep\n|\n|t:|1699847134\n|switch|p1a: Ursaluna|Ursaluna-Bloodmoon, L50, M, tera:Normal|62\/100\n|turn|5\n|\n|t:|1699847190\n|move|p1a: Ursaluna|Protect|p1a: Ursaluna\n|-singleturn|p1a: Ursaluna|Protect\n|move|p2b: Rillaboom|Wood Hammer|p1b: Dusclops\n|-damage|p1b: Dusclops|55\/100\n|-damage|p2b: Rillaboom|89\/100|[from] Recoil\n|move|p2a: Farigiraf|Imprison||[still]\n|-fail|p2a: Farigiraf\n|move|p1b: Dusclops|Will-O-Wisp|p2b: Rillaboom\n|-status|p2b: Rillaboom|brn\n|\n|-heal|p2b: Rillaboom|95\/100 brn|[from] Grassy Terrain\n|-heal|p2a: Farigiraf|71\/100|[from] Grassy Terrain\n|-heal|p1a: Ursaluna|68\/100|[from] Grassy Terrain\n|-heal|p1b: Dusclops|61\/100|[from] Grassy Terrain\n|-damage|p2b: Rillaboom|89\/100 brn|[from] brn\n|upkeep\n|turn|6\n|\n|t:|1699847217\n|move|p2b: Rillaboom|Knock Off|p1b: Dusclops\n|-supereffective|p1b: Dusclops\n|-damage|p1b: Dusclops|39\/100\n|-enditem|p1b: Dusclops|Eviolite|[from] move: Knock Off|[of] p2b: Rillaboom\n|move|p2a: Farigiraf|Hyper Voice|p1a: Ursaluna|[spread] p1a\n|-immune|p1b: Dusclops\n|-damage|p1a: Ursaluna|7\/100\n|move|p1a: Ursaluna|Blood Moon|p2a: Farigiraf\n|-damage|p2a: Farigiraf|0 fnt\n|faint|p2a: Farigiraf\n|move|p1b: Dusclops|Pain Split|p2b: Rillaboom\n|-sethp|p2b: Rillaboom|59\/100 brn|[from] move: Pain Split|[silent]\n|-sethp|p1b: Dusclops|80\/100|[from] move: Pain Split\n|\n|-heal|p2b: Rillaboom|65\/100 brn|[from] Grassy Terrain\n|-heal|p1a: Ursaluna|13\/100|[from] Grassy Terrain\n|-heal|p1b: Dusclops|86\/100|[from] Grassy Terrain\n|-damage|p2b: Rillaboom|59\/100 brn|[from] brn\n|upkeep\n|\n|t:|1699847235\n|switch|p2a: Landorus|Landorus-Therian, L50, M|100\/100\n|-ability|p2a: Landorus|Intimidate|boost\n|-unboost|p1a: Ursaluna|atk|1\n|-unboost|p1b: Dusclops|atk|1\n|turn|7\n|\n|t:|1699847272\n|switch|p1a: Chi-Yu|Chi-Yu, L50|100\/100\n|-ability|p1a: Chi-Yu|Beads of Ruin\n|move|p2a: Landorus|Rock Slide|p1a: Chi-Yu|[spread] p1a,p1b\n|-supereffective|p1a: Chi-Yu\n|-damage|p1a: Chi-Yu|47\/100\n|-damage|p1b: Dusclops|66\/100\n|move|p2b: Rillaboom|Wood Hammer|p1b: Dusclops\n|-damage|p1b: Dusclops|28\/100\n|-damage|p2b: Rillaboom|49\/100 brn|[from] Recoil\n|move|p1b: Dusclops|Trick Room|p1b: Dusclops\n|-fieldstart|move: Trick Room|[of] p1b: Dusclops\n|\n|-heal|p1b: Dusclops|34\/100|[from] Grassy Terrain\n|-heal|p2b: Rillaboom|56\/100 brn|[from] Grassy Terrain\n|-heal|p1a: Chi-Yu|53\/100|[from] Grassy Terrain\n|-damage|p2b: Rillaboom|49\/100 brn|[from] brn\n|upkeep\n|turn|8\n|\n|t:|1699847296\n|move|p1b: Dusclops|Pain Split|p2a: Landorus\n|-sethp|p2a: Landorus|65\/100|[from] move: Pain Split|[silent]\n|-sethp|p1b: Dusclops|73\/100|[from] move: Pain Split\n|move|p2b: Rillaboom|Wood Hammer|p1b: Dusclops\n|-damage|p1b: Dusclops|32\/100\n|-damage|p2b: Rillaboom|40\/100 brn|[from] Recoil\n|move|p1a: Chi-Yu|Dark Pulse|p2a: Landorus\n|-damage|p2a: Landorus|0 fnt\n|faint|p2a: Landorus\n|\n|-heal|p1b: Dusclops|39\/100|[from] Grassy Terrain\n|-heal|p2b: Rillaboom|46\/100 brn|[from] Grassy Terrain\n|-heal|p1a: Chi-Yu|60\/100|[from] Grassy Terrain\n|-damage|p2b: Rillaboom|40\/100 brn|[from] brn\n|-fieldend|move: Grassy Terrain\n|upkeep\n|turn|9\n|\n|t:|1699847319\n|move|p1b: Dusclops|Brick Break|p2b: Rillaboom\n|-damage|p2b: Rillaboom|32\/100 brn\n|move|p2b: Rillaboom|Wood Hammer|p1b: Dusclops\n|-damage|p1b: Dusclops|10\/100\n|-damage|p2b: Rillaboom|25\/100 brn|[from] Recoil\n|move|p1a: Chi-Yu|Dark Pulse|p2b: Rillaboom\n|-damage|p2b: Rillaboom|0 fnt\n|faint|p2b: Rillaboom\n|\n|win|Disobedient_vgc\n|l|\u2606JeanRyuPR\n|j|\u2606JeanRyuPR\n|player|p2|JeanRyuPR|lance\n","uploadtime":1699847412,"views":11,"p1id":"disobedientvgc","p2id":"jeanryupr","formatid":"gen9vgc2023regulatione","rating":0,"private":0,"password":""}