{"id":"gen9vgc2023regulatione-1994997818","p1":"Llort365","p2":"M\u00a5SS\u2606KETA","format":"[Gen 9] VGC 2023 Regulation E","log":"|j|\u2606Llort365\n|j|\u2606M\u00a5SS\u2606KETA\n|t:|1700511849\n|gametype|doubles\n|player|p1|Llort365|hilbert-wonderlauncher|1166\n|player|p2|M\u00a5SS\u2606KETA|shauntal|1103\n|teamsize|p1|6\n|teamsize|p2|6\n|gen|9\n|tier|[Gen 9] VGC 2023 Regulation E\n|rated|\n|rule|Species Clause: Limit one of each Pok\u00e9mon\n|rule|Item Clause: Limit one of each item\n|clearpoke\n|poke|p1|Iron Bundle, L50|\n|poke|p1|Flutter Mane, L50|\n|poke|p1|Kingambit, L50, F|\n|poke|p1|Chi-Yu, L50|\n|poke|p1|Landorus-Therian, L50, M|\n|poke|p1|Ogerpon-Wellspring, L50, F|\n|poke|p2|Gastrodon, L50, F|\n|poke|p2|Empoleon, L50, M|\n|poke|p2|Mandibuzz, L50, F|\n|poke|p2|Scizor, L50, M|\n|poke|p2|Cresselia, L50, F|\n|poke|p2|Ceruledge, L50, M|\n|teampreview|4\nLlort365 has agreed to open team sheets.\n|\n|t:|1700511894\n|start\n|switch|p1a: Ogerpon|Ogerpon-Wellspring, L50, F|100\/100\n|switch|p1b: Landorus|Landorus-Therian, L50, M|100\/100\n|switch|p2a: Cresselia|Cresselia, L50, F, shiny|100\/100\n|switch|p2b: Ceruledge|Ceruledge, L50, M|100\/100\n|-ability|p1b: Landorus|Intimidate|boost\n|-unboost|p2a: Cresselia|atk|1\n|-unboost|p2b: Ceruledge|atk|1\n|turn|1\n|inactive|Battle timer is ON: inactive players will automatically lose when time's up. (requested by M\u00a5SS\u2606KETA)\n|inactive|Llort365 has 60 seconds left.\n|\n|t:|1700511931\n|switch|p2b: Gastrodon|Gastrodon, L50, F|100\/100\n|-terastallize|p1b: Landorus|Flying\n|move|p1b: Landorus|Tera Blast|p2b: Gastrodon|[anim] Tera Blast Flying\n|-damage|p2b: Gastrodon|56\/100\n|move|p1a: Ogerpon|Ivy Cudgel|p2b: Gastrodon|[anim] Ivy Cudgel Water\n|-ability|p2b: Gastrodon|Storm Drain|boost\n|-boost|p2b: Gastrodon|spa|1\n|move|p2a: Cresselia|Trick Room|p2a: Cresselia\n|-fieldstart|move: Trick Room|[of] p2a: Cresselia\n|\n|-heal|p2b: Gastrodon|62\/100|[from] item: Leftovers\n|upkeep\n|turn|2\n|inactive|Llort365 has 30 seconds left.\n|\n|t:|1700511958\n|switch|p1b: Iron Bundle|Iron Bundle, L50|100\/100\n|-enditem|p1b: Iron Bundle|Booster Energy\n|-activate|p1b: Iron Bundle|ability: Quark Drive|[fromitem]\n|-start|p1b: Iron Bundle|quarkdrivespe\n|move|p1a: Ogerpon|Spiky Shield|p1a: Ogerpon\n|-singleturn|p1a: Ogerpon|move: Protect\n|move|p2b: Gastrodon|Sludge Bomb|p1a: Ogerpon\n|-activate|p1a: Ogerpon|move: Protect\n|move|p2a: Cresselia|Lunar Blessing|p2a: Cresselia|[spread] p2a,p2b\n|-heal|p2b: Gastrodon|86\/100\n|\n|-heal|p2b: Gastrodon|92\/100|[from] item: Leftovers\n|upkeep\n|turn|3\n|\n|t:|1700511978\n|switch|p1a: Landorus|Landorus-Therian, L50, M, tera:Flying|100\/100\n|-ability|p1a: Landorus|Intimidate|boost\n|-unboost|p2a: Cresselia|atk|1\n|-unboost|p2b: Gastrodon|atk|1\n|move|p2a: Cresselia|Ally Switch|p2a: Cresselia\n|swap|p2a: Cresselia|1|[from] move: Ally Switch\n|move|p2a: Gastrodon|Sludge Bomb|p1a: Landorus\n|-damage|p1a: Landorus|70\/100\n|move|p1b: Iron Bundle|Freeze-Dry|p2b: Cresselia\n|-damage|p2b: Cresselia|82\/100\n|\n|-heal|p2a: Gastrodon|98\/100|[from] item: Leftovers\n|upkeep\n|turn|4\n|\n|t:|1700511996\n|switch|p2b: Empoleon|Empoleon, L50, M, shiny|100\/100\n|-item|p2b: Empoleon|Air Balloon\n|move|p2a: Gastrodon|Protect|p2a: Gastrodon\n|-singleturn|p2a: Gastrodon|Protect\n|move|p1b: Iron Bundle|Protect|p1b: Iron Bundle\n|-singleturn|p1b: Iron Bundle|Protect\n|move|p1a: Landorus|U-turn|p2b: Empoleon\n|-resisted|p2b: Empoleon\n|-damage|p2b: Empoleon|88\/100\n|-enditem|p2b: Empoleon|Air Balloon\n|\n|t:|1700512009\n|switch|p1a: Ogerpon|Ogerpon-Wellspring, L50, F|100\/100|[from] U-turn\n|\n|-heal|p2a: Gastrodon|100\/100|[from] item: Leftovers\n|upkeep\n|turn|5\n|\n|t:|1700512019\n|-end|p1b: Iron Bundle|Quark Drive|[silent]\n|switch|p1b: Landorus|Landorus-Therian, L50, M, tera:Flying|70\/100\n|-ability|p1b: Landorus|Intimidate|boost\n|-unboost|p2a: Gastrodon|atk|1\n|-unboost|p2b: Empoleon|atk|1\n|-ability|p2b: Empoleon|Competitive|boost\n|-boost|p2b: Empoleon|spa|2\n|move|p2a: Gastrodon|Sludge Bomb|p1a: Ogerpon\n|-supereffective|p1a: Ogerpon\n|-damage|p1a: Ogerpon|48\/100\n|move|p2b: Empoleon|Flash Cannon|p1b: Landorus\n|-damage|p1b: Landorus|0 fnt\n|faint|p1b: Landorus\n|move|p1a: Ogerpon|Horn Leech|p2a: Gastrodon\n|-supereffective|p2a: Gastrodon\n|-damage|p2a: Gastrodon|0 fnt\n|-heal|p1a: Ogerpon|100\/100|[from] drain|[of] p2a: Gastrodon\n|faint|p2a: Gastrodon\n|\n|-fieldend|move: Trick Room\n|upkeep\n|inactive|Llort365 has 30 seconds left.\n|\n|t:|1700512054\n|switch|p1b: Chi-Yu|Chi-Yu, L50|100\/100\n|switch|p2a: Cresselia|Cresselia, L50, F, shiny|82\/100\n|-ability|p1b: Chi-Yu|Beads of Ruin\n|turn|6\n|\n|t:|1700512073\n|move|p1b: Chi-Yu|Dark Pulse|p2b: Empoleon\n|-damage|p2b: Empoleon|14\/100\n|move|p1a: Ogerpon|Horn Leech|p2b: Empoleon\n|-damage|p2b: Empoleon|0 fnt\n|faint|p2b: Empoleon\n|move|p2a: Cresselia|Trick Room|p2a: Cresselia\n|-fieldstart|move: Trick Room|[of] p2a: Cresselia\n|\n|upkeep\n|\n|t:|1700512078\n|switch|p2b: Ceruledge|Ceruledge, L50, M|100\/100\n|turn|7\n|-message|M\u00a5SS\u2606KETA forfeited.\n|\n|win|Llort365\n|raw|Llort365's rating: 1166 &rarr; <strong>1187<\/strong><br \/>(+21 for winning)\n|raw|M\u00a5SS\u2606KETA's rating: 1103 &rarr; <strong>1082<\/strong><br \/>(-21 for losing)\n|l|\u2606M\u00a5SS\u2606KETA\n","uploadtime":1700512098,"views":3,"p1id":"llort365","p2id":"mssketa","formatid":"gen9vgc2023regulatione","rating":1082,"private":0,"password":""}