{"id":"gen9vgc2023regulatione-1993895432","p1":"Krjzhzk","p2":"CLowncar2000","format":"[Gen 9] VGC 2023 Regulation E","log":"|j|\u2606Krjzhzk\n|j|\u2606CLowncar2000\n|t:|1700371537\n|gametype|doubles\n|player|p1|Krjzhzk|lance|1036\n|player|p2|CLowncar2000|ghetsis-gen5bw|1082\n|teamsize|p1|6\n|teamsize|p2|6\n|gen|9\n|tier|[Gen 9] VGC 2023 Regulation E\n|rated|\n|rule|Species Clause: Limit one of each Pok\u00e9mon\n|rule|Item Clause: Limit one of each item\n|clearpoke\n|poke|p1|Flutter Mane, L50|\n|poke|p1|Tornadus, L50, M|\n|poke|p1|Rillaboom, L50, M|\n|poke|p1|Garganacl, L50, M|\n|poke|p1|Arcanine-Hisui, L50, M|\n|poke|p1|Chien-Pao, L50|\n|poke|p2|Regieleki, L50|\n|poke|p2|Zoroark, L50, F|\n|poke|p2|Ursaluna-Bloodmoon, L50, M|\n|poke|p2|Amoonguss, L50, M|\n|poke|p2|Flutter Mane, L50|\n|poke|p2|Chien-Pao, L50|\n|teampreview|4\n|inactive|Battle timer is ON: inactive players will automatically lose when time's up. (requested by CLowncar2000)\nCLowncar2000 rejected open team sheets.\n|inactive|CLowncar2000 has 60 seconds left.\n|\n|t:|1700371576\n|start\n|switch|p1a: Tornadus|Tornadus, L50, M|100\/100\n|switch|p1b: Garganacl|Garganacl, L50, M|100\/100\n|switch|p2a: Flutter Mane|Flutter Mane, L50|100\/100\n|switch|p2b: Ursaluna|Ursaluna-Bloodmoon, L50, M|100\/100\n|turn|1\n|\n|t:|1700371589\n|-terastallize|p1b: Garganacl|Ghost\n|move|p1a: Tornadus|Taunt|p2a: Flutter Mane\n|-immune|p2a: Flutter Mane\n|move|p2a: Flutter Mane|Trick|p1a: Tornadus\n|-activate|p2a: Flutter Mane|move: Trick|[of] p1a: Tornadus\n|-item|p1a: Tornadus|Flame Orb|[from] move: Trick\n|-item|p2a: Flutter Mane|Rocky Helmet|[from] move: Trick\n|move|p2b: Ursaluna|Earth Power|p1b: Garganacl\n|-damage|p1b: Garganacl|50\/100\n|-enditem|p1b: Garganacl|Sitrus Berry|[eat]\n|-heal|p1b: Garganacl|74\/100|[from] item: Sitrus Berry\n|move|p1b: Garganacl|Salt Cure|p2a: Flutter Mane\n|-damage|p2a: Flutter Mane|72\/100\n|-start|p2a: Flutter Mane|Salt Cure\n|replace|p2a: Zoroark|Zoroark, L50, F, shiny\n|-end|p2a: Zoroark|Illusion\n|\n|-damage|p2a: Zoroark|60\/100|[from] Salt Cure\n|-status|p1a: Tornadus|brn|[from] item: Flame Orb\n|upkeep\n|turn|2\n|inactive|CLowncar2000 has 30 seconds left.\n|\n|t:|1700371615\n|move|p1b: Garganacl|Protect|p1b: Garganacl\n|-singleturn|p1b: Garganacl|Protect\n|move|p1a: Tornadus|Tailwind|p1a: Tornadus\n|-sidestart|p1: Krjzhzk|move: Tailwind\n|move|p2a: Zoroark|Dark Pulse|p1b: Garganacl\n|-activate|p1b: Garganacl|move: Protect\n|move|p2b: Ursaluna|Earth Power|p1b: Garganacl\n|-activate|p1b: Garganacl|move: Protect\n|\n|-damage|p1a: Tornadus|95\/100 brn|[from] brn\n|-damage|p2a: Zoroark|48\/100|[from] Salt Cure\n|upkeep\n|turn|3\n|\n|t:|1700371635\n|switch|p1b: Rillaboom|Rillaboom, L50, M|100\/100\n|-fieldstart|move: Grassy Terrain|[from] ability: Grassy Surge|[of] p1b: Rillaboom\n|move|p1a: Tornadus|Bleakwind Storm|p2b: Ursaluna|[spread] p2a,p2b\n|-damage|p2a: Zoroark|0 fnt\n|-damage|p2b: Ursaluna|66\/100\n|faint|p2a: Zoroark\n|move|p2b: Ursaluna|Earth Power|p1b: Rillaboom\n|-resisted|p1b: Rillaboom\n|-damage|p1b: Rillaboom|68\/100\n|\n|-heal|p1b: Rillaboom|74\/100|[from] Grassy Terrain\n|-heal|p2b: Ursaluna|72\/100|[from] Grassy Terrain\n|-damage|p1a: Tornadus|89\/100 brn|[from] brn\n|upkeep\n|\n|t:|1700371650\n|switch|p2a: Chien-Pao|Chien-Pao, L50|100\/100\n|-ability|p2a: Chien-Pao|Sword of Ruin\n|turn|4\n|\n|t:|1700371663\n|switch|p2b: Flutter Mane|Flutter Mane, L50|100\/100\n|-enditem|p2b: Flutter Mane|Booster Energy\n|-activate|p2b: Flutter Mane|ability: Protosynthesis|[fromitem]\n|-start|p2b: Flutter Mane|protosynthesisspe\n|move|p1b: Rillaboom|Fake Out|p2a: Chien-Pao\n|-damage|p2a: Chien-Pao|79\/100\n|move|p1a: Tornadus|Bleakwind Storm|p2b: Flutter Mane|[spread] p2a,p2b\n|-damage|p2a: Chien-Pao|26\/100\n|-damage|p2b: Flutter Mane|74\/100\n|cant|p2a: Chien-Pao|flinch\n|\n|-heal|p2b: Flutter Mane|80\/100|[from] Grassy Terrain\n|-heal|p1b: Rillaboom|80\/100|[from] Grassy Terrain\n|-heal|p2a: Chien-Pao|32\/100|[from] Grassy Terrain\n|-damage|p1a: Tornadus|83\/100 brn|[from] brn\n|upkeep\n|turn|5\n|inactive|CLowncar2000 has 30 seconds left.\n|\n|t:|1700371693\n|move|p1b: Rillaboom|Grassy Glide|p2a: Chien-Pao\n|-damage|p2a: Chien-Pao|0 fnt\n|faint|p2a: Chien-Pao\n|move|p2b: Flutter Mane|Moonblast|p1b: Rillaboom\n|-damage|p1b: Rillaboom|45\/100\n|-unboost|p1b: Rillaboom|spa|1\n|move|p1a: Tornadus|Bleakwind Storm|p2b: Flutter Mane\n|-damage|p2b: Flutter Mane|46\/100\n|\n|-heal|p2b: Flutter Mane|52\/100|[from] Grassy Terrain\n|-heal|p1b: Rillaboom|51\/100|[from] Grassy Terrain\n|-damage|p1a: Tornadus|77\/100 brn|[from] brn\n|-sideend|p1: Krjzhzk|move: Tailwind\n|upkeep\n|\n|t:|1700371711\n|switch|p2a: Ursaluna|Ursaluna-Bloodmoon, L50, M|72\/100\n|turn|6\n|\n|t:|1700371722\n|move|p1a: Tornadus|Tailwind|p1a: Tornadus\n|-sidestart|p1: Krjzhzk|move: Tailwind\n|move|p2b: Flutter Mane|Wish|p2b: Flutter Mane\n|move|p1b: Rillaboom|Wood Hammer|p2a: Ursaluna\n|-supereffective|p2a: Ursaluna\n|-damage|p2a: Ursaluna|0 fnt\n|faint|p2a: Ursaluna\n|-damage|p1b: Rillaboom|26\/100|[from] Recoil\n|\n|-heal|p2b: Flutter Mane|59\/100|[from] Grassy Terrain\n|-heal|p1b: Rillaboom|31\/100|[from] Grassy Terrain\n|-damage|p1a: Tornadus|71\/100 brn|[from] brn\n|upkeep\n|turn|7\n|\n|t:|1700371735\n|move|p1a: Tornadus|Taunt|p2b: Flutter Mane\n|-start|p2b: Flutter Mane|move: Taunt\n|move|p1b: Rillaboom|Grassy Glide|p2b: Flutter Mane\n|-damage|p2b: Flutter Mane|0 fnt\n|faint|p2b: Flutter Mane\n|-end|p2b: Flutter Mane|Protosynthesis|[silent]\n|\n|win|Krjzhzk\n|raw|Krjzhzk's rating: 1036 &rarr; <strong>1075<\/strong><br \/>(+39 for winning)\n|raw|CLowncar2000's rating: 1082 &rarr; <strong>1057<\/strong><br \/>(-25 for losing)\n|l|\u2606CLowncar2000\n","uploadtime":1700371742,"views":7,"p1id":"krjzhzk","p2id":"clowncar2000","formatid":"gen9vgc2023regulatione","rating":1057,"private":0,"password":""}