{"id":"gen9vgc2023regulatione-1988529994","p1":"Spookz_Legend","p2":"MonstaMeatball","format":"[Gen 9] VGC 2023 Regulation E","log":"|j|\u2606Spookz_Legend\n|j|\u2606MonstaMeatball\n|n|\u2606Spookz_Legend|spookzlegend\n|n|\u2606MonstaMeatball|monstameatball\n|html|View the match progress at <a href=\"\/game-bestof3-gen9vgc2023regulatione-1988529993\">game-bestof3-gen9vgc2023regulatione-1988529993<\/a>\n|t:|1699732802\n|gametype|doubles\n|player|p1|Spookz_Legend|cheren|\n|player|p2|MonstaMeatball|169|\n|teamsize|p1|6\n|teamsize|p2|6\n|gen|9\n|tier|[Gen 9] VGC 2023 Regulation E\n|rule|Species Clause: Limit one of each Pok\u00e9mon\n|rule|Item Clause: Limit one of each item\n|clearpoke\n|poke|p1|Ursaluna-Bloodmoon, L50, M|\n|poke|p1|Sinistcha, L50|\n|poke|p1|Sneasler, L50, M|\n|poke|p1|Chi-Yu, L50|\n|poke|p1|Farigiraf, L50, M|\n|poke|p1|Tornadus, L50, M|\n|poke|p2|Urshifu-*, L50, M|\n|poke|p2|Tornadus, L50, M|\n|poke|p2|Regidrago, L50|\n|poke|p2|Rillaboom, L50, M|\n|poke|p2|Arcanine-Hisui, L50, F|\n|poke|p2|Gholdengo, L50|\n|teampreview|4\nSpookz_Legend has agreed to open team sheets.\nMonstaMeatball has agreed to open team sheets.\n|showteam|p1|Ursaluna-Bloodmoon||AssaultVest|MindsEye|HyperVoice,BloodMoon,VacuumWave,EarthPower|||M|||50|,,,,,Normal]Sinistcha||RockyHelmet|Hospitality|MatchaGotcha,RagePowder,StrengthSap,Protect||||||50|,,,,,Fire]Sneasler||ClearAmulet|PoisonTouch|FakeOut,DireClaw,CloseCombat,Protect|||M|||50|,,,,,Fire]Chi-Yu||SitrusBerry|BeadsofRuin|HeatWave,DarkPulse,Protect,Snarl||||||50|,,,,,Water]Farigiraf||SafetyGoggles|ArmorTail|Psychic,DazzlingGleam,TrickRoom,Imprison|||M|||50|,,,,,Fairy]Tornadus||CovertCloak|Prankster|Tailwind,Taunt,BleakwindStorm,IcyWind|||M|||50|,,,,,Dark\n|showteam|p2|Urshifu-Rapid-Strike||ChoiceScarf|UnseenFist|SurgingStrikes,CloseCombat,AquaJet,Uturn|||M|||50|,,,,,Poison]Tornadus||CovertCloak|Prankster|BleakwindStorm,RainDance,Tailwind,Protect|||M|||50|,,,,,Ghost]Regidrago||DragonFang|DragonsMaw|DragonEnergy,DracoMeteor,TeraBlast,Protect||||||50|,,,,,Steel]Rillaboom||AssaultVest|GrassySurge|FakeOut,WoodHammer,HighHorsepower,GrassyGlide|||M|||50|,,,,,Fire]Arcanine-Hisui||SitrusBerry|Intimidate|FlareBlitz,ExtremeSpeed,RockSlide,WillOWisp|||F|||50|,,,,,Water]Gholdengo||LifeOrb|GoodasGold|MakeItRain,ShadowBall,NastyPlot,Protect||||||50|,,,,,Flying\n|c|\u2606Spookz_Legend|gl hf\n|c|\u2606MonstaMeatball|you too\n|\n|t:|1699732893\n|start\n|switch|p1a: Marius|Sneasler, L50, M|100\/100\n|switch|p1b: Jorse|Ursaluna-Bloodmoon, L50, M|100\/100\n|switch|p2a: Kyogai|Rillaboom, L50, M|100\/100\n|switch|p2b: Garou|Urshifu-Rapid-Strike, L50, M|100\/100\n|-fieldstart|move: Grassy Terrain|[from] ability: Grassy Surge|[of] p2a: Kyogai\n|turn|1\n|\n|t:|1699732932\n|switch|p1b: Roxanne|Chi-Yu, L50|100\/100\n|-ability|p1b: Roxanne|Beads of Ruin\n|move|p1a: Marius|Fake Out|p2b: Garou\n|-damage|p2b: Garou|86\/100\n|move|p2a: Kyogai|Fake Out|p1a: Marius\n|-damage|p1a: Marius|77\/100\n|cant|p2b: Garou|flinch\n|\n|-heal|p2b: Garou|91\/100|[from] Grassy Terrain\n|-heal|p1a: Marius|82\/100|[from] Grassy Terrain\n|upkeep\n|turn|2\n|\n|t:|1699732969\n|switch|p1b: Pros|Sinistcha, L50|100\/100\n|-heal|p1a: Marius|100\/100|[from] ability: Hospitality|[of] p1b: Pros\n|move|p2a: Kyogai|Grassy Glide|p1b: Pros\n|-resisted|p1b: Pros\n|-damage|p1b: Pros|83\/100\n|-damage|p2a: Kyogai|84\/100|[from] item: Rocky Helmet|[of] p1b: Pros\n|move|p2b: Garou|Surging Strikes|p1b: Pros\n|-resisted|p1b: Pros\n|-crit|p1b: Pros\n|-damage|p1b: Pros|72\/100\n|-damage|p2b: Garou|75\/100|[from] item: Rocky Helmet|[of] p1b: Pros\n|-resisted|p1b: Pros\n|-crit|p1b: Pros\n|-damage|p1b: Pros|62\/100\n|-damage|p2b: Garou|58\/100|[from] item: Rocky Helmet|[of] p1b: Pros\n|-resisted|p1b: Pros\n|-crit|p1b: Pros\n|-damage|p1b: Pros|52\/100\n|-damage|p2b: Garou|42\/100|[from] item: Rocky Helmet|[of] p1b: Pros\n|-hitcount|p1b: Pros|3\n|move|p1a: Marius|Dire Claw|p2a: Kyogai\n|-supereffective|p2a: Kyogai\n|-damage|p2a: Kyogai|11\/100\n|\n|-heal|p2b: Garou|47\/100|[from] Grassy Terrain\n|-heal|p2a: Kyogai|16\/100|[from] Grassy Terrain\n|-heal|p1b: Pros|58\/100|[from] Grassy Terrain\n|upkeep\n|turn|3\n|\n|t:|1699733009\n|switch|p2a: Homura|Arcanine-Hisui, L50, F|100\/100\n|-ability|p2a: Homura|Intimidate|boost\n|-fail|p1a: Marius|unboost|[from] item: Clear Amulet|[of] p1a: Marius\n|-unboost|p1b: Pros|atk|1\n|move|p1b: Pros|Rage Powder|p1b: Pros\n|-singleturn|p1b: Pros|move: Rage Powder\n|move|p2b: Garou|Surging Strikes|p1b: Pros\n|-resisted|p1b: Pros\n|-crit|p1b: Pros\n|-damage|p1b: Pros|49\/100\n|-damage|p2b: Garou|31\/100|[from] item: Rocky Helmet|[of] p1b: Pros\n|-resisted|p1b: Pros\n|-crit|p1b: Pros\n|-damage|p1b: Pros|39\/100\n|-damage|p2b: Garou|14\/100|[from] item: Rocky Helmet|[of] p1b: Pros\n|-resisted|p1b: Pros\n|-crit|p1b: Pros\n|-damage|p1b: Pros|30\/100\n|-damage|p2b: Garou|0 fnt|[from] item: Rocky Helmet|[of] p1b: Pros\n|faint|p2b: Garou\n|-hitcount|p1b: Pros|3\n|move|p1a: Marius|Dire Claw|p2a: Homura\n|-resisted|p2a: Homura\n|-damage|p2a: Homura|78\/100\n|\n|-heal|p2a: Homura|84\/100|[from] Grassy Terrain\n|-heal|p1b: Pros|36\/100|[from] Grassy Terrain\n|upkeep\n|\n|t:|1699733020\n|switch|p2b: Kyogai|Rillaboom, L50, M|16\/100\n|turn|4\n|\n|t:|1699733041\n|move|p1a: Marius|Protect|p1a: Marius\n|-singleturn|p1a: Marius|Protect\n|move|p2b: Kyogai|Fake Out|p1a: Marius\n|-activate|p1a: Marius|move: Protect\n|move|p2a: Homura|Flare Blitz|p1b: Pros\n|-supereffective|p1b: Pros\n|-damage|p1b: Pros|0 fnt\n|-damage|p2a: Homura|67\/100|[from] item: Rocky Helmet|[of] p1b: Pros\n|faint|p1b: Pros\n|-damage|p2a: Homura|57\/100|[from] Recoil\n|\n|-heal|p2a: Homura|63\/100|[from] Grassy Terrain\n|-heal|p2b: Kyogai|22\/100|[from] Grassy Terrain\n|upkeep\n|\n|t:|1699733053\n|switch|p1b: Roxanne|Chi-Yu, L50|100\/100\n|-ability|p1b: Roxanne|Beads of Ruin\n|turn|5\n|\n|t:|1699733070\n|-terastallize|p2a: Homura|Water\n|move|p2b: Kyogai|Grassy Glide|p1a: Marius\n|-resisted|p1a: Marius\n|-damage|p1a: Marius|65\/100\n|move|p1a: Marius|Close Combat|p2a: Homura\n|-damage|p2a: Homura|2\/100\n|-unboost|p1a: Marius|def|1\n|-unboost|p1a: Marius|spd|1\n|-enditem|p2a: Homura|Sitrus Berry|[eat]\n|-heal|p2a: Homura|27\/100|[from] item: Sitrus Berry\n|move|p1b: Roxanne|Dark Pulse|p2b: Kyogai\n|-damage|p2b: Kyogai|0 fnt\n|faint|p2b: Kyogai\n|move|p2a: Homura|Will-O-Wisp|p1a: Marius\n|-status|p1a: Marius|brn\n|\n|-heal|p1a: Marius|71\/100 brn|[from] Grassy Terrain\n|-heal|p2a: Homura|33\/100|[from] Grassy Terrain\n|-damage|p1a: Marius|65\/100 brn|[from] brn\n|-fieldend|move: Grassy Terrain\n|upkeep\n|\n|t:|1699733080\n|switch|p2b: Ramsey|Gholdengo, L50|100\/100\n|turn|6\n|\n|t:|1699733103\n|move|p2b: Ramsey|Protect|p2b: Ramsey\n|-singleturn|p2b: Ramsey|Protect\n|move|p2a: Homura|Extreme Speed|p1b: Roxanne\n|-damage|p1b: Roxanne|63\/100\n|move|p1a: Marius|Close Combat|p2a: Homura\n|-damage|p2a: Homura|1\/100\n|-unboost|p1a: Marius|def|1\n|-unboost|p1a: Marius|spd|1\n|move|p1b: Roxanne|Snarl|p2b: Ramsey|[spread] p2a\n|-activate|p2b: Ramsey|move: Protect\n|-damage|p2a: Homura|0 fnt\n|faint|p2a: Homura\n|\n|-damage|p1a: Marius|59\/100 brn|[from] brn\n|upkeep\n|turn|7\n|\n|t:|1699733129\n|switch|p1a: Jorse|Ursaluna-Bloodmoon, L50, M|100\/100\n|move|p1b: Roxanne|Dark Pulse|p2b: Ramsey\n|-supereffective|p2b: Ramsey\n|-damage|p2b: Ramsey|0 fnt\n|faint|p2b: Ramsey\n|\n|win|Spookz_Legend\n|l|\u2606MonstaMeatball\n|c|&|\/uhtml prompt-spookzlegend,Spookz_Legend is ready for game 2!\n|c|&|\/uhtml prompt-monstameatball,MonstaMeatball is ready for game 2!\nBoth players are ready! Starting next match!\n|l|\u2606Spookz_Legend\n|j|\u2606MonstaMeatball\n|player|p2|MonstaMeatball|169\n","uploadtime":1699733820,"views":20,"p1id":"spookzlegend","p2id":"monstameatball","formatid":"gen9vgc2023regulatione","rating":0,"private":0,"password":""}