{"id":"gen9vgc2023regulatione-1992260160","p1":"DeadbeatDarcy","p2":"timondolo","format":"[Gen 9] VGC 2023 Regulation E","log":"|j|\u2606DeadbeatDarcy\n|j|\u2606timondolo\n|t:|1700168593\n|gametype|doubles\n|player|p1|DeadbeatDarcy|ghetsis|1337\n|player|p2|timondolo|102|1248\n|teamsize|p1|6\n|teamsize|p2|6\n|gen|9\n|tier|[Gen 9] VGC 2023 Regulation E\n|rated|\n|rule|Species Clause: Limit one of each Pok\u00e9mon\n|rule|Item Clause: Limit one of each item\n|clearpoke\n|poke|p1|Armarouge, L50, M|\n|poke|p1|Indeedee-F, L50, F|\n|poke|p1|Torkoal, L50, M|\n|poke|p1|Ursaluna, L50, M|\n|poke|p1|Flutter Mane, L50|\n|poke|p1|Gyarados, L50, F|\n|poke|p2|Politoed, L50, F|\n|poke|p2|Thundurus, L50, M|\n|poke|p2|Basculegion, L50, M|\n|poke|p2|Kingambit, L50, F|\n|poke|p2|Salamence, L50, F|\n|poke|p2|Chi-Yu, L50|\n|teampreview|4\n|inactive|Battle timer is ON: inactive players will automatically lose when time's up. (requested by DeadbeatDarcy)\n|inactive|timondolo has 60 seconds left.\n|\n|t:|1700168627\n|start\n|switch|p1a: Ursaluna|Ursaluna, L50, M|100\/100\n|switch|p1b: Torkoal|Torkoal, L50, M|100\/100\n|switch|p2a: Kingambit|Kingambit, L50, F|100\/100\n|switch|p2b: Chi-Yu|Chi-Yu, L50|100\/100\n|-ability|p2b: Chi-Yu|Beads of Ruin\n|-weather|SunnyDay|[from] ability: Drought|[of] p1b: Torkoal\n|turn|1\n|inactive|timondolo has 30 seconds left.\n|inactive|timondolo has 20 seconds left.\n|\n|t:|1700168666\n|switch|p2a: Politoed|Politoed, L50, F|100\/100\n|-weather|RainDance|[from] ability: Drizzle|[of] p2a: Politoed\n|switch|p1b: Indeedee|Indeedee-F, L50, F|100\/100\n|-fieldstart|move: Psychic Terrain|[from] ability: Psychic Surge|[of] p1b: Indeedee\n|-enditem|p1b: Indeedee|Psychic Seed\n|-boost|p1b: Indeedee|spd|1|[from] item: Psychic Seed\n|move|p2b: Chi-Yu|Protect|p2b: Chi-Yu\n|-singleturn|p2b: Chi-Yu|Protect\n|move|p1a: Ursaluna|Protect||[still]\n|-fail|p1a: Ursaluna\n|\n|-weather|RainDance|[upkeep]\n|-status|p1a: Ursaluna|brn|[from] item: Flame Orb\n|upkeep\n|turn|2\n|inactive|timondolo has 30 seconds left.\n|\n|t:|1700168699\n|-terastallize|p2b: Chi-Yu|Grass\n|move|p2b: Chi-Yu|Heat Wave|p1b: Indeedee|[spread] p1a,p1b\n|-damage|p1a: Ursaluna|82\/100 brn\n|-damage|p1b: Indeedee|85\/100\n|move|p2a: Politoed|Muddy Water|p1b: Indeedee|[spread] p1a,p1b\n|-supereffective|p1a: Ursaluna\n|-damage|p1a: Ursaluna|4\/100 brn\n|-damage|p1b: Indeedee|59\/100\n|move|p1a: Ursaluna|Drain Punch|p2b: Chi-Yu\n|-damage|p2b: Chi-Yu|44\/100\n|-heal|p1a: Ursaluna|24\/100 brn|[from] drain|[of] p2b: Chi-Yu\n|move|p1b: Indeedee|Trick Room|p1b: Indeedee\n|-fieldstart|move: Trick Room|[of] p1b: Indeedee\n|\n|-weather|RainDance|[upkeep]\n|-damage|p1a: Ursaluna|17\/100 brn|[from] brn\n|upkeep\n|turn|3\n|inactive|timondolo has 30 seconds left.\n|inactive|timondolo has 20 seconds left.\n|inactive|timondolo has 15 seconds left.\n|\n|t:|1700168739\n|switch|p2b: Basculegion|Basculegion, L50, M|100\/100\n|move|p1a: Ursaluna|Facade|p2a: Politoed\n|-damage|p2a: Politoed|0 fnt\n|faint|p2a: Politoed\n|move|p1b: Indeedee|Heal Pulse|p1a: Ursaluna\n|-heal|p1a: Ursaluna|67\/100 brn\n|\n|-weather|RainDance|[upkeep]\n|-damage|p1a: Ursaluna|61\/100 brn|[from] brn\n|upkeep\n|\n|t:|1700168756\n|switch|p2a: Chi-Yu|Chi-Yu, L50, tera:Grass|44\/100\n|-ability|p2a: Chi-Yu|Beads of Ruin\n|turn|4\n|inactive|DeadbeatDarcy has 30 seconds left.\n|inactive|timondolo has 30 seconds left.\n|\n|t:|1700168786\n|switch|p1b: Torkoal|Torkoal, L50, M|100\/100\n|-weather|SunnyDay|[from] ability: Drought|[of] p1b: Torkoal\n|-terastallize|p1a: Ursaluna|Normal\n|move|p1a: Ursaluna|Earthquake|p2a: Chi-Yu|[spread] p1b,p2a,p2b\n|-supereffective|p1b: Torkoal\n|-resisted|p2a: Chi-Yu\n|-damage|p1b: Torkoal|0 fnt\n|-damage|p2a: Chi-Yu|0 fnt\n|-damage|p2b: Basculegion|19\/100\n|faint|p1b: Torkoal\n|faint|p2a: Chi-Yu\n|move|p2b: Basculegion|Wave Crash|p1a: Ursaluna\n|-damage|p1a: Ursaluna|33\/100 brn\n|-damage|p2b: Basculegion|8\/100|[from] Recoil\n|-damage|p2b: Basculegion|0 fnt|[from] item: Life Orb\n|faint|p2b: Basculegion\n|\n|-weather|SunnyDay|[upkeep]\n|-damage|p1a: Ursaluna|26\/100 brn|[from] brn\n|upkeep\n|\n|t:|1700168803\n|switch|p1b: Flutter Mane|Flutter Mane, L50|100\/100\n|switch|p2b: Kingambit|Kingambit, L50, F|100\/100\n|-activate|p1b: Flutter Mane|ability: Protosynthesis\n|-start|p1b: Flutter Mane|protosynthesisspa\n|turn|5\n|\n|t:|1700168818\n|move|p2b: Kingambit|Sucker Punch|p1a: Ursaluna\n|-activate|p1a: Ursaluna|move: Psychic Terrain\n|move|p1a: Ursaluna|Drain Punch|p2b: Kingambit\n|-supereffective|p2b: Kingambit\n|-damage|p2b: Kingambit|0 fnt\n|-heal|p1a: Ursaluna|73\/100 brn|[from] drain|[of] p2b: Kingambit\n|faint|p2b: Kingambit\n|\n|win|DeadbeatDarcy\n|raw|DeadbeatDarcy's rating: 1337 &rarr; <strong>1352<\/strong><br \/>(+15 for winning)\n|raw|timondolo's rating: 1248 &rarr; <strong>1229<\/strong><br \/>(-19 for losing)\n","uploadtime":1700168838,"views":20,"p1id":"deadbeatdarcy","p2id":"timondolo","formatid":"gen9vgc2023regulatione","rating":1229,"private":0,"password":""}