{"id":"gen9vgc2023regulatione-1989288917","p1":"Gnate","p2":"It\u2019sJustKen VGC","format":"[Gen 9] VGC 2023 Regulation E","log":"|j|\u2606Gnate\n|j|\u2606It\u2019sJustKen VGC\n|t:|1699832319\n|gametype|doubles\n|player|p1|Gnate|102|1326\n|player|p2|It\u2019sJustKen VGC|turo|1398\n|teamsize|p1|6\n|teamsize|p2|6\n|gen|9\n|tier|[Gen 9] VGC 2023 Regulation E\n|rated|\n|rule|Species Clause: Limit one of each Pok\u00e9mon\n|rule|Item Clause: Limit one of each item\n|clearpoke\n|poke|p1|Salamence, L50, M|\n|poke|p1|Tornadus, L50, M|\n|poke|p1|Chi-Yu, L50|\n|poke|p1|Iron Hands, L50|\n|poke|p1|Urshifu-*, L50, F|\n|poke|p1|Sinistcha, L50|\n|poke|p2|Amoonguss, L50, F|\n|poke|p2|Iron Bundle, L50|\n|poke|p2|Chi-Yu, L50|\n|poke|p2|Farigiraf, L50, F|\n|poke|p2|Landorus-Therian, L50, M|\n|poke|p2|Iron Hands, L50|\n|teampreview|4\n|inactive|Battle timer is ON: inactive players will automatically lose when time's up. (requested by It\u2019sJustKen VGC)\n|inactive|Gnate also wants the timer to be on.\n|inactive|Gnate has 60 seconds left.\n|\n|t:|1699832352\n|start\n|switch|p1a: Tornadus|Tornadus, L50, M|100\/100\n|switch|p1b: Iron Hands|Iron Hands, L50|100\/100\n|switch|p2a: Iron Hands|Iron Hands, L50|100\/100\n|switch|p2b: Farigiraf|Farigiraf, L50, F|100\/100\n|turn|1\n|inactive|Gnate has 30 seconds left.\n|\n|t:|1699832382\n|move|p1a: Tornadus|Bleakwind Storm|p2a: Iron Hands|[spread] p2a,p2b\n|-damage|p2a: Iron Hands|85\/100\n|-damage|p2b: Farigiraf|68\/100\n|-unboost|p2a: Iron Hands|spe|1\n|move|p1b: Iron Hands|Wild Charge|p2b: Farigiraf\n|-damage|p2b: Farigiraf|20\/100\n|-enditem|p2b: Farigiraf|Sitrus Berry|[eat]\n|-heal|p2b: Farigiraf|44\/100|[from] item: Sitrus Berry\n|-damage|p1b: Iron Hands|90\/100|[from] Recoil\n|move|p2a: Iron Hands|Wild Charge|p1a: Tornadus\n|-supereffective|p1a: Tornadus\n|-damage|p1a: Tornadus|0 fnt\n|faint|p1a: Tornadus\n|-damage|p2a: Iron Hands|66\/100|[from] Recoil\n|move|p2b: Farigiraf|Trick Room|p2b: Farigiraf\n|-fieldstart|move: Trick Room|[of] p2b: Farigiraf\n|\n|upkeep\n|\n|t:|1699832389\n|switch|p1a: Salamence|Salamence, L50, M|100\/100\n|-ability|p1a: Salamence|Intimidate|boost\n|-unboost|p2a: Iron Hands|atk|1\n|-unboost|p2b: Farigiraf|atk|1\n|turn|2\n|inactive|Gnate has 30 seconds left.\n|\n|t:|1699832420\n|-end|p2a: Iron Hands|Quark Drive|[silent]\n|switch|p2a: Landorus|Landorus-Therian, L50, M|100\/100\n|-ability|p2a: Landorus|Intimidate|boost\n|-unboost|p1a: Salamence|atk|1\n|-unboost|p1b: Iron Hands|atk|1\n|move|p1b: Iron Hands|Wild Charge|p2b: Farigiraf\n|-damage|p2b: Farigiraf|15\/100\n|-damage|p1b: Iron Hands|83\/100|[from] Recoil\n|move|p2b: Farigiraf|Dazzling Gleam|p1a: Salamence|[spread] p1a,p1b\n|-supereffective|p1a: Salamence\n|-crit|p1a: Salamence\n|-enditem|p1a: Salamence|Roseli Berry|[eat]\n|-enditem|p1a: Salamence|Roseli Berry|[weaken]\n|-supereffective|p1b: Iron Hands\n|-damage|p1a: Salamence|74\/100\n|-damage|p1b: Iron Hands|63\/100\n|move|p1a: Salamence|Dragon Pulse|p2b: Farigiraf\n|-crit|p2b: Farigiraf\n|-damage|p2b: Farigiraf|0 fnt\n|faint|p2b: Farigiraf\n|\n|upkeep\n|\n|t:|1699832424\n|switch|p2b: Iron Hands|Iron Hands, L50|66\/100\n|turn|3\n|\n|t:|1699832434\n|move|p1a: Salamence|Protect|p1a: Salamence\n|-singleturn|p1a: Salamence|Protect\n|move|p2b: Iron Hands|Wild Charge|p1a: Salamence\n|-activate|p1a: Salamence|move: Protect\n|move|p1b: Iron Hands|Drain Punch|p2a: Landorus\n|-resisted|p2a: Landorus\n|-damage|p2a: Landorus|82\/100\n|-heal|p1b: Iron Hands|70\/100|[from] drain|[of] p2a: Landorus\n|move|p2a: Landorus|Stomping Tantrum|p1b: Iron Hands\n|-supereffective|p1b: Iron Hands\n|-damage|p1b: Iron Hands|10\/100\n|\n|upkeep\n|turn|4\n|inactive|Gnate has 30 seconds left.\n|\n|t:|1699832468\n|move|p2b: Iron Hands|Drain Punch|p1b: Iron Hands\n|-damage|p1b: Iron Hands|0 fnt\n|-heal|p2b: Iron Hands|71\/100|[from] drain|[of] p1b: Iron Hands\n|faint|p1b: Iron Hands\n|-end|p1b: Iron Hands|Quark Drive|[silent]\n|move|p1a: Salamence|Dragon Pulse|p2a: Landorus\n|-damage|p2a: Landorus|25\/100\n|move|p2a: Landorus|Stomping Tantrum|p1a: Salamence\n|-immune|p1a: Salamence\n|\n|upkeep\n|\n|t:|1699832472\n|switch|p1b: Chi-Yu|Chi-Yu, L50|100\/100\n|-ability|p1b: Chi-Yu|Beads of Ruin\n|turn|5\n|\n|t:|1699832495\n|switch|p2a: Iron Bundle|Iron Bundle, L50|100\/100\n|-enditem|p2a: Iron Bundle|Booster Energy\n|-activate|p2a: Iron Bundle|ability: Quark Drive|[fromitem]\n|-start|p2a: Iron Bundle|quarkdrivespe\n|-terastallize|p1b: Chi-Yu|Ghost\n|move|p2b: Iron Hands|Drain Punch|p1b: Chi-Yu\n|-immune|p1b: Chi-Yu\n|move|p1a: Salamence|Dragon Pulse|p2b: Iron Hands\n|-damage|p2b: Iron Hands|44\/100\n|move|p1b: Chi-Yu|Heat Wave|p2a: Iron Bundle|[spread] p2a,p2b\n|-damage|p2a: Iron Bundle|0 fnt\n|-damage|p2b: Iron Hands|3\/100\n|faint|p2a: Iron Bundle\n|-end|p2a: Iron Bundle|Quark Drive|[silent]\n|\n|-fieldend|move: Trick Room\n|upkeep\n|\n|t:|1699832498\n|switch|p2a: Landorus|Landorus-Therian, L50, M|25\/100\n|-ability|p2a: Landorus|Intimidate|boost\n|-unboost|p1a: Salamence|atk|1\n|-unboost|p1b: Chi-Yu|atk|1\n|turn|6\n|\n|t:|1699832517\n|move|p2a: Landorus|Rock Slide|p1b: Chi-Yu|[spread] p1a,p1b\n|-supereffective|p1a: Salamence\n|-damage|p1a: Salamence|17\/100\n|-damage|p1b: Chi-Yu|65\/100\n|move|p1b: Chi-Yu|Heat Wave|p2b: Iron Hands|[spread] p2a,p2b\n|-damage|p2a: Landorus|0 fnt\n|-damage|p2b: Iron Hands|0 fnt\n|faint|p2a: Landorus\n|faint|p2b: Iron Hands\n|-end|p2b: Iron Hands|Quark Drive|[silent]\n|\n|win|Gnate\n|raw|Gnate's rating: 1326 &rarr; <strong>1350<\/strong><br \/>(+24 for winning)\n|raw|It\u2019sJustKen VGC's rating: 1398 &rarr; <strong>1374<\/strong><br \/>(-24 for losing)\n|c|\u2606It\u2019sJustKen VGC|gg wp\n","uploadtime":1699832528,"views":10,"p1id":"gnate","p2id":"itsjustkenvgc","formatid":"gen9vgc2023regulatione","rating":1350,"private":0,"password":""}