{"id":"gen9vgc2023regulatione-1993094418","p1":"Matcha Man Savage","p2":"hoffmann1313","format":"[Gen 9] VGC 2023 Regulation E","log":"|j|\u2606Matcha Man Savage\n|j|\u2606hoffmann1313\n|t:|1700264085\n|gametype|doubles\n|player|p1|Matcha Man Savage|1|1367\n|player|p2|hoffmann1313|170|1263\n|teamsize|p1|6\n|teamsize|p2|6\n|gen|9\n|tier|[Gen 9] VGC 2023 Regulation E\n|rated|\n|rule|Species Clause: Limit one of each Pok\u00e9mon\n|rule|Item Clause: Limit one of each item\n|clearpoke\n|poke|p1|Chi-Yu, L50|\n|poke|p1|Flutter Mane, L50|\n|poke|p1|Iron Bundle, L50|\n|poke|p1|Landorus-Therian, L50, M|\n|poke|p1|Tornadus, L50, M|\n|poke|p1|Iron Hands, L50|\n|poke|p2|Slowking, L50, M|\n|poke|p2|Urshifu-*, L50, M|\n|poke|p2|Pelipper, L50, M|\n|poke|p2|Ludicolo, L50, M|\n|poke|p2|Floatzel, L50, F|\n|poke|p2|Basculegion-F, L50, F|\n|teampreview|4\n|inactive|Battle timer is ON: inactive players will automatically lose when time's up. (requested by hoffmann1313)\n|inactive|Matcha Man Savage also wants the timer to be on.\n|\n|t:|1700264112\n|start\n|switch|p1a: Tornadus|Tornadus, L50, M, shiny|100\/100\n|switch|p1b: RoboSanta|Iron Bundle, L50|100\/100\n|switch|p2a: Slowking|Slowking, L50, M|100\/100\n|switch|p2b: Basculegion|Basculegion-F, L50, F|100\/100\n|-enditem|p1b: RoboSanta|Booster Energy\n|-activate|p1b: RoboSanta|ability: Quark Drive|[fromitem]\n|-start|p1b: RoboSanta|quarkdrivespe\n|turn|1\n|\n|t:|1700264127\n|move|p2b: Basculegion|Protect|p2b: Basculegion\n|-singleturn|p2b: Basculegion|Protect\n|move|p1b: RoboSanta|Freeze-Dry|p2b: Basculegion\n|-activate|p2b: Basculegion|move: Protect\n|move|p1a: Tornadus|Bleakwind Storm|p2a: Slowking|[spread] p2a\n|-activate|p2b: Basculegion|move: Protect\n|-damage|p2a: Slowking|74\/100\n|move|p2a: Slowking|Trick Room|p2a: Slowking\n|-fieldstart|move: Trick Room|[of] p2a: Slowking\n|\n|upkeep\n|turn|2\n|\n|t:|1700264145\n|move|p1a: Tornadus|Sunny Day|p1a: Tornadus\n|-weather|SunnyDay\n|move|p2a: Slowking|Chilly Reception|p2a: Slowking\n|-weather|Snow\n|\n|t:|1700264152\n|switch|p2a: Ludicolo|Ludicolo, L50, M|100\/100|[from] Chilly Reception\n|move|p2b: Basculegion|Blizzard|p1a: Tornadus|[spread] p1a,p1b\n|-supereffective|p1a: Tornadus\n|-resisted|p1b: RoboSanta\n|-damage|p1a: Tornadus|47\/100\n|-damage|p1b: RoboSanta|88\/100\n|move|p1b: RoboSanta|Freeze-Dry|p2b: Basculegion\n|-supereffective|p2b: Basculegion\n|-damage|p2b: Basculegion|11\/100\n|\n|-weather|Snow|[upkeep]\n|upkeep\n|turn|3\n|inactive|Matcha Man Savage has 30 seconds left.\n|inactive|hoffmann1313 has 30 seconds left.\n|inactive|Matcha Man Savage has 20 seconds left.\n|inactive|Matcha Man Savage has 15 seconds left.\n|\n|t:|1700264195\n|move|p2a: Ludicolo|Weather Ball|p1b: RoboSanta\n|-resisted|p1b: RoboSanta\n|-damage|p1b: RoboSanta|73\/100\n|-damage|p2a: Ludicolo|91\/100|[from] item: Life Orb\n|move|p2b: Basculegion|Blizzard|p1b: RoboSanta|[spread] p1a,p1b\n|-supereffective|p1a: Tornadus\n|-crit|p1a: Tornadus\n|-resisted|p1b: RoboSanta\n|-damage|p1a: Tornadus|0 fnt\n|-damage|p1b: RoboSanta|61\/100\n|faint|p1a: Tornadus\n|move|p1b: RoboSanta|Freeze-Dry|p2a: Ludicolo\n|-supereffective|p2a: Ludicolo\n|-damage|p2a: Ludicolo|0 fnt\n|faint|p2a: Ludicolo\n|\n|-weather|Snow|[upkeep]\n|upkeep\n|\n|t:|1700264214\n|switch|p2a: Slowking|Slowking, L50, M|74\/100\n|switch|p1a: Chi-Yu|Chi-Yu, L50|100\/100\n|-ability|p1a: Chi-Yu|Beads of Ruin\n|turn|4\n|\n|t:|1700264227\n|move|p2a: Slowking|Heal Pulse|p2b: Basculegion\n|-heal|p2b: Basculegion|62\/100\n|move|p1a: Chi-Yu|Snarl|p2b: Basculegion|[spread] p2a,p2b\n|-supereffective|p2a: Slowking\n|-supereffective|p2b: Basculegion\n|-damage|p2a: Slowking|11\/100\n|-damage|p2b: Basculegion|0 fnt\n|faint|p2b: Basculegion\n|-damage|p1a: Chi-Yu|91\/100|[from] item: Life Orb\n|move|p1b: RoboSanta|Freeze-Dry|p2a: Slowking\n|-supereffective|p2a: Slowking\n|-damage|p2a: Slowking|0 fnt\n|faint|p2a: Slowking\n|\n|-weather|Snow|[upkeep]\n|upkeep\n|\n|t:|1700264235\n|switch|p2a: Floatzel|Floatzel, L50, F|100\/100\n|turn|5\n|-message|hoffmann1313 forfeited.\n|\n|win|Matcha Man Savage\n|raw|Matcha Man Savage's rating: 1367 &rarr; <strong>1381<\/strong><br \/>(+14 for winning)\n|raw|hoffmann1313's rating: 1263 &rarr; <strong>1245<\/strong><br \/>(-18 for losing)\n|l|\u2606hoffmann1313\n","uploadtime":1700264257,"views":12,"p1id":"matchamansavage","p2id":"hoffmann1313","formatid":"gen9vgc2023regulatione","rating":1245,"private":0,"password":""}