{"id":"gen9vgc2023regulatione-1996182462","p1":"KathyKane","p2":"Onsen3gg","format":"[Gen 9] VGC 2023 Regulation E","log":"|j|\u2606KathyKane\n|j|\u2606Onsen3gg\n|t:|1700656113\n|gametype|doubles\n|player|p1|KathyKane|raifort|1170\n|player|p2|Onsen3gg|ltsurge|1145\n|teamsize|p1|6\n|teamsize|p2|6\n|gen|9\n|tier|[Gen 9] VGC 2023 Regulation E\n|rated|\n|rule|Species Clause: Limit one of each Pok\u00e9mon\n|rule|Item Clause: Limit one of each item\n|clearpoke\n|poke|p1|Iron Hands, L50|\n|poke|p1|Arcanine-Hisui, L50, F|\n|poke|p1|Urshifu-*, L50, F|\n|poke|p1|Gholdengo, L50|\n|poke|p1|Roaring Moon, L50|\n|poke|p1|Ogerpon, L50, F|\n|poke|p2|Torkoal, L50, M|\n|poke|p2|Flutter Mane, L50|\n|poke|p2|Ninetales, L50, M|\n|poke|p2|Meowscarada, L50, M|\n|poke|p2|Landorus-Therian, L50, M|\n|poke|p2|Tornadus, L50, M|\n|teampreview|4\nKathyKane has agreed to open team sheets.\n|\n|t:|1700656143\n|start\n|switch|p1a: Salamence lite|Roaring Moon, L50|100\/100\n|switch|p1b: Good Boi|Arcanine-Hisui, L50, F|100\/100\n|switch|p2a: Tornadus|Tornadus, L50, M|100\/100\n|switch|p2b: Landorus|Landorus-Therian, L50, M|100\/100\n|-ability|p1b: Good Boi|Intimidate|boost\n|-unboost|p2a: Tornadus|atk|1\n|-unboost|p2b: Landorus|atk|1\n|-ability|p2b: Landorus|Intimidate|boost\n|-unboost|p1a: Salamence lite|atk|1\n|-unboost|p1b: Good Boi|atk|1\n|-enditem|p1a: Salamence lite|Booster Energy\n|-activate|p1a: Salamence lite|ability: Protosynthesis|[fromitem]\n|-start|p1a: Salamence lite|protosynthesisspe\n|turn|1\n|\n|t:|1700656191\n|-terastallize|p1b: Good Boi|Fairy\n|move|p2a: Tornadus|Tailwind|p2a: Tornadus\n|-sidestart|p2: Onsen3gg|move: Tailwind\n|move|p2b: Landorus|Earthquake|p1b: Good Boi|[spread] p1a,p1b\n|-immune|p2a: Tornadus\n|-damage|p1a: Salamence lite|73\/100\n|-damage|p1b: Good Boi|65\/100\n|move|p1a: Salamence lite|Tailwind|p1a: Salamence lite\n|-sidestart|p1: KathyKane|move: Tailwind\n|move|p1b: Good Boi|Rock Slide|p2b: Landorus|[spread] p2a,p2b\n|-supereffective|p2a: Tornadus\n|-crit|p2a: Tornadus\n|-damage|p2a: Tornadus|0 fnt\n|-damage|p2b: Landorus|72\/100\n|faint|p2a: Tornadus\n|\n|upkeep\n|inactive|Battle timer is ON: inactive players will automatically lose when time's up. (requested by KathyKane)\n|\n|t:|1700656318\n|switch|p2a: Torkoal|Torkoal, L50, M|100\/100\n|-weather|SunnyDay|[from] ability: Drought|[of] p2a: Torkoal\n|turn|2\n|\n|t:|1700656332\n|move|p1a: Salamence lite|Breaking Swipe|p2a: Torkoal|[spread] p2a,p2b\n|-damage|p2a: Torkoal|90\/100\n|-damage|p2b: Landorus|60\/100\n|-unboost|p2a: Torkoal|atk|1\n|-unboost|p2b: Landorus|atk|1\n|move|p1b: Good Boi|Rock Slide|p2b: Landorus|[spread] p2a,p2b\n|-supereffective|p2a: Torkoal\n|-damage|p2a: Torkoal|52\/100\n|-damage|p2b: Landorus|31\/100\n|-enditem|p2b: Landorus|Sitrus Berry|[eat]\n|-heal|p2b: Landorus|56\/100|[from] item: Sitrus Berry\n|cant|p2b: Landorus|flinch\n|move|p2a: Torkoal|Eruption|p1a: Salamence lite|[spread] p1a,p1b\n|-resisted|p1a: Salamence lite\n|-damage|p1a: Salamence lite|60\/100\n|-damage|p1b: Good Boi|20\/100\n|\n|-weather|SunnyDay|[upkeep]\n|upkeep\n|turn|3\n|\n|t:|1700656354\n|move|p2a: Torkoal|Protect|p2a: Torkoal\n|-singleturn|p2a: Torkoal|Protect\n|move|p1a: Salamence lite|Breaking Swipe|p2a: Torkoal|[spread] p2b\n|-activate|p2a: Torkoal|move: Protect\n|-damage|p2b: Landorus|41\/100\n|-unboost|p2b: Landorus|atk|1\n|move|p1b: Good Boi|Rock Slide|p2b: Landorus|[spread] \n|-activate|p2a: Torkoal|move: Protect\n|-miss|p1b: Good Boi|p2b: Landorus\n|move|p2b: Landorus|U-turn|p1b: Good Boi\n|-resisted|p1b: Good Boi\n|-damage|p1b: Good Boi|13\/100\n|\n|t:|1700656368\n|switch|p2b: Flutter Mane|Flutter Mane, L50|100\/100|[from] U-turn\n|-activate|p2b: Flutter Mane|ability: Protosynthesis\n|-start|p2b: Flutter Mane|protosynthesisspe\n|\n|-weather|SunnyDay|[upkeep]\n|upkeep\n|turn|4\n|inactive|KathyKane has 30 seconds left.\n|inactive|KathyKane has 20 seconds left.\n|inactive|KathyKane has 15 seconds left.\n|\n|t:|1700656411\n|move|p2b: Flutter Mane|Dazzling Gleam|p1a: Salamence lite|[spread] p1a,p1b\n|-supereffective|p1a: Salamence lite\n|-damage|p1a: Salamence lite|0 fnt\n|-damage|p1b: Good Boi|0 fnt\n|faint|p1a: Salamence lite\n|-end|p1a: Salamence lite|Protosynthesis|[silent]\n|faint|p1b: Good Boi\n|move|p2a: Torkoal|Heat Wave|p1: Salamence lite|[notarget]\n|-fail|p2a: Torkoal\n|\n|-weather|SunnyDay|[upkeep]\n|-sideend|p1: KathyKane|move: Tailwind\n|-sideend|p2: Onsen3gg|move: Tailwind\n|upkeep\n|\n|t:|1700656415\n|switch|p1a: Brian Hands|Iron Hands, L50|100\/100\n|switch|p1b: panda express|Urshifu-Rapid-Strike, L50, F|100\/100\n|turn|5\n|inactive|Onsen3gg has 30 seconds left.\n|\n|t:|1700656444\n|-terastallize|p2a: Torkoal|Ghost\n|move|p1b: panda express|Detect|p1b: panda express\n|-singleturn|p1b: panda express|Protect\n|move|p2b: Flutter Mane|Thunderbolt|p1b: panda express\n|-activate|p1b: panda express|move: Protect\n|move|p1a: Brian Hands|Heavy Slam|p2b: Flutter Mane\n|-supereffective|p2b: Flutter Mane\n|-enditem|p2b: Flutter Mane|Focus Sash\n|-damage|p2b: Flutter Mane|1\/100\n|move|p2a: Torkoal|Heat Wave|p1b: panda express|[spread] p1a\n|-activate|p1b: panda express|move: Protect\n|-damage|p1a: Brian Hands|74\/100\n|\n|-weather|SunnyDay|[upkeep]\n|upkeep\n|turn|6\n|\n|t:|1700656467\n|move|p1b: panda express|Aqua Jet|p2b: Flutter Mane\n|-damage|p2b: Flutter Mane|0 fnt\n|faint|p2b: Flutter Mane\n|-end|p2b: Flutter Mane|Protosynthesis|[silent]\n|move|p1a: Brian Hands|Wild Charge|p2a: Torkoal\n|-damage|p2a: Torkoal|11\/100\n|-damage|p1a: Brian Hands|66\/100|[from] Recoil\n|move|p2a: Torkoal|Heat Wave|p1a: Brian Hands|[spread] p1b\n|-miss|p2a: Torkoal|p1a: Brian Hands\n|-resisted|p1b: panda express\n|-damage|p1b: panda express|65\/100\n|\n|-weather|SunnyDay|[upkeep]\n|upkeep\n|\n|t:|1700656481\n|switch|p2b: Landorus|Landorus-Therian, L50, M|41\/100\n|-ability|p2b: Landorus|Intimidate|boost\n|-unboost|p1a: Brian Hands|atk|1\n|-unboost|p1b: panda express|atk|1\n|turn|7\n|inactive|KathyKane has 30 seconds left.\n|c|\u2606Onsen3gg|Gg\n|inactive|KathyKane has 20 seconds left.\n|inactive|KathyKane has 15 seconds left.\n|c|\u2606KathyKane|gg\n|inactive|KathyKane has 10 seconds left.\n|inactive|KathyKane has 5 seconds left.\n|\n|t:|1700656532\n|move|p1b: panda express|Detect|p1b: panda express\n|-singleturn|p1b: panda express|Protect\n|move|p2b: Landorus|Earthquake|p1a: Brian Hands|[spread] p2a,p1a\n|-activate|p1b: panda express|move: Protect\n|-supereffective|p1a: Brian Hands\n|-crit|p1a: Brian Hands\n|-damage|p2a: Torkoal|0 fnt\n|-damage|p1a: Brian Hands|0 fnt\n|faint|p2a: Torkoal\n|faint|p1a: Brian Hands\n|-end|p1a: Brian Hands|Quark Drive|[silent]\n|\n|-weather|SunnyDay|[upkeep]\n|upkeep\n|turn|8\n|\n|t:|1700656549\n|move|p2b: Landorus|Protect|p2b: Landorus\n|-singleturn|p2b: Landorus|Protect\n|move|p1b: panda express|Surging Strikes|p2b: Landorus\n|-supereffective|p2b: Landorus\n|-crit|p2b: Landorus\n|-damage|p2b: Landorus|17\/100\n|-supereffective|p2b: Landorus\n|-crit|p2b: Landorus\n|-damage|p2b: Landorus|0 fnt\n|faint|p2b: Landorus\n|-hitcount|p2: Landorus|2\n|\n|win|KathyKane\n|raw|KathyKane's rating: 1170 &rarr; <strong>1193<\/strong><br \/>(+23 for winning)\n|raw|Onsen3gg's rating: 1145 &rarr; <strong>1122<\/strong><br \/>(-23 for losing)\n|l|\u2606Onsen3gg\n","uploadtime":1700656568,"views":8,"p1id":"kathykane","p2id":"onsen3gg","formatid":"gen9vgc2023regulatione","rating":1122,"private":0,"password":""}