{"id":"gen9vgc2023regulatione-1992426719","p1":"Moon9559","p2":"BIGCOLIN","format":"[Gen 9] VGC 2023 Regulation E","log":"|j|\u2606Moon9559\n|j|\u2606BIGCOLIN\n|n|\u2606Moon9559|moon9559\n|n|\u2606BIGCOLIN|bigcolin\n|html|View the match progress at <a href=\"\/game-bestof3-gen9vgc2023regulatione-1992426718\">game-bestof3-gen9vgc2023regulatione-1992426718<\/a>\n|t:|1700186223\n|gametype|doubles\n|player|p1|Moon9559|265|\n|player|p2|BIGCOLIN|musician|\n|teamsize|p1|6\n|teamsize|p2|6\n|gen|9\n|tier|[Gen 9] VGC 2023 Regulation E\n|rule|Species Clause: Limit one of each Pok\u00e9mon\n|rule|Item Clause: Limit one of each item\n|clearpoke\n|poke|p1|Dondozo, L50, F|\n|poke|p1|Tatsugiri-Stretchy, L50, F|\n|poke|p1|Iron Valiant, L50|\n|poke|p1|Dragonite, L50, M|\n|poke|p1|Ceruledge, L50, F|\n|poke|p1|Blissey, L50, F|\n|poke|p2|Cresselia, L50, F|\n|poke|p2|Heatran, L50, F|\n|poke|p2|Urshifu-*, L50, F|\n|poke|p2|Milotic, L50, M|\n|poke|p2|Sinistcha, L50|\n|poke|p2|Kommo-o, L50, F|\n|teampreview|4\n|\n|t:|1700186260\n|start\n|switch|p1a: Dragonite|Dragonite, L50, M|100\/100\n|switch|p1b: Dondozo|Dondozo, L50, F|100\/100\n|switch|p2a: Sinistcha|Sinistcha, L50|100\/100\n|switch|p2b: Kommo-o|Kommo-o, L50, F|100\/100\n|turn|1\n|\n|t:|1700186313\n|switch|p2b: Heatran|Heatran, L50, F|100\/100\n|move|p2a: Sinistcha|Rage Powder|p2a: Sinistcha\n|-singleturn|p2a: Sinistcha|move: Rage Powder\n|move|p1a: Dragonite|Outrage|p2a: Sinistcha\n|-damage|p2a: Sinistcha|33\/100\n|-damage|p1a: Dragonite|91\/100|[from] item: Life Orb\n|move|p1b: Dondozo|Earthquake|p2b: Heatran|[spread] p2a,p2b\n|-immune|p1a: Dragonite\n|-resisted|p2a: Sinistcha\n|-crit|p2a: Sinistcha\n|-supereffective|p2b: Heatran\n|-damage|p2a: Sinistcha|21\/100\n|-damage|p2b: Heatran|17\/100\n|\n|upkeep\n|turn|2\n|\n|t:|1700186363\n|move|p2b: Heatran|Protect|p2b: Heatran\n|-singleturn|p2b: Heatran|Protect\n|move|p1a: Dragonite|Outrage|p2b: Heatran|[from]lockedmove\n|-activate|p2b: Heatran|move: Protect\n|-start|p1a: Dragonite|confusion|[fatigue]\n|move|p2a: Sinistcha|Strength Sap|p1a: Dragonite\n|-unboost|p1a: Dragonite|atk|1\n|-heal|p2a: Sinistcha|100\/100\n|move|p1b: Dondozo|Earthquake|p2a: Sinistcha|[spread] p2a\n|-activate|p2b: Heatran|move: Protect\n|-immune|p1a: Dragonite\n|-resisted|p2a: Sinistcha\n|-damage|p2a: Sinistcha|92\/100\n|\n|upkeep\n|turn|3\n|\n|t:|1700186401\n|switch|p2b: Milotic|Milotic, L50, M|100\/100\n|-activate|p1a: Dragonite|confusion\n|-damage|p1a: Dragonite|81\/100|[from] confusion\n|move|p2a: Sinistcha|Strength Sap|p1b: Dondozo\n|-unboost|p1b: Dondozo|atk|1\n|-heal|p2a: Sinistcha|100\/100\n|move|p1b: Dondozo|Earthquake|p2b: Milotic|[spread] p2a,p2b\n|-immune|p1a: Dragonite\n|-resisted|p2a: Sinistcha\n|-damage|p2a: Sinistcha|95\/100\n|-damage|p2b: Milotic|90\/100\n|\n|upkeep\n|turn|4\n|\n|t:|1700186424\n|switch|p1b: Iron Valiant|Iron Valiant, L50|100\/100\n|-enditem|p1b: Iron Valiant|Booster Energy\n|-activate|p1b: Iron Valiant|ability: Quark Drive|[fromitem]\n|-start|p1b: Iron Valiant|quarkdrivespa\n|move|p2b: Milotic|Hypnosis|p1b: Iron Valiant\n|-status|p1b: Iron Valiant|slp|[from] move: Hypnosis\n|-activate|p1a: Dragonite|confusion\n|move|p1a: Dragonite|Tailwind|p1a: Dragonite\n|-sidestart|p1: Moon9559|move: Tailwind\n|move|p2a: Sinistcha|Matcha Gotcha|p1b: Iron Valiant|[spread] p1a,p1b\n|-resisted|p1a: Dragonite\n|-damage|p1a: Dragonite|75\/100\n|-heal|p2a: Sinistcha|99\/100|[from] drain|[of] p1a: Dragonite\n|-damage|p1b: Iron Valiant|63\/100 slp\n|-heal|p2a: Sinistcha|100\/100|[from] drain|[of] p1b: Iron Valiant\n|\n|upkeep\n|turn|5\n|\n|t:|1700186446\n|switch|p1a: Dondozo|Dondozo, L50, F|100\/100\n|switch|p2b: Kommo-o|Kommo-o, L50, F|100\/100\n|cant|p1b: Iron Valiant|slp\n|move|p2a: Sinistcha|Strength Sap|p1a: Dondozo\n|-unboost|p1a: Dondozo|atk|1\n|\n|upkeep\n|turn|6\n|\n|t:|1700186460\n|-end|p1b: Iron Valiant|Quark Drive|[silent]\n|switch|p1b: Tatsugiri|Tatsugiri-Stretchy, L50, F|100\/100\n|-activate|p1b: Tatsugiri|ability: Commander|[of] p1a: Dondozo\n|-boost|p1a: Dondozo|atk|2\n|-boost|p1a: Dondozo|spa|2\n|-boost|p1a: Dondozo|spe|2\n|-boost|p1a: Dondozo|def|2\n|-boost|p1a: Dondozo|spd|2\n|-terastallize|p2b: Kommo-o|Steel\n|move|p2a: Sinistcha|Rage Powder|p2a: Sinistcha\n|-singleturn|p2a: Sinistcha|move: Rage Powder\n|move|p1a: Dondozo|Order Up|p2a: Sinistcha\n|-damage|p2a: Sinistcha|74\/100\n|-boost|p1a: Dondozo|spe|1\n|move|p2b: Kommo-o|Clangorous Soul|p2b: Kommo-o\n|-boost|p2b: Kommo-o|atk|1\n|-boost|p2b: Kommo-o|def|1\n|-boost|p2b: Kommo-o|spa|1\n|-boost|p2b: Kommo-o|spd|1\n|-boost|p2b: Kommo-o|spe|1\n|-damage|p2b: Kommo-o|68\/100\n|-enditem|p2b: Kommo-o|Throat Spray\n|-boost|p2b: Kommo-o|spa|1|[from] item: Throat Spray\n|\n|-status|p1b: Tatsugiri|tox|[from] item: Toxic Orb\n|upkeep\n|turn|7\n|\n|t:|1700186500\n|-terastallize|p1a: Dondozo|Ground\n|move|p1a: Dondozo|Earthquake|p2b: Kommo-o|[spread] p2a,p2b\n|-miss|p1a: Dondozo|p1b: Tatsugiri\n|-resisted|p2a: Sinistcha\n|-supereffective|p2b: Kommo-o\n|-damage|p2a: Sinistcha|54\/100\n|-damage|p2b: Kommo-o|0 fnt\n|faint|p2b: Kommo-o\n|move|p2a: Sinistcha|Strength Sap|p1a: Dondozo\n|-unboost|p1a: Dondozo|atk|1\n|-heal|p2a: Sinistcha|100\/100\n|\n|-damage|p1b: Tatsugiri|95\/100 tox|[from] psn\n|-sideend|p1: Moon9559|move: Tailwind\n|upkeep\n|\n|t:|1700186513\n|switch|p2b: Milotic|Milotic, L50, M|90\/100\n|turn|8\n|\n|t:|1700186527\n|move|p1a: Dondozo|Earthquake|p2b: Milotic|[spread] p2a,p2b\n|-miss|p1a: Dondozo|p1b: Tatsugiri\n|-resisted|p2a: Sinistcha\n|-damage|p2a: Sinistcha|89\/100\n|-damage|p2b: Milotic|61\/100\n|move|p2b: Milotic|Haze|p2b: Milotic\n|-clearallboost\n|move|p2a: Sinistcha|Matcha Gotcha|p1a: Dondozo|[spread] p1a\n|-miss|p2a: Sinistcha|p1b: Tatsugiri\n|-supereffective|p1a: Dondozo\n|-damage|p1a: Dondozo|54\/100\n|-heal|p2a: Sinistcha|100\/100|[from] drain|[of] p1a: Dondozo\n|\n|-damage|p1b: Tatsugiri|84\/100 tox|[from] psn\n|upkeep\n|turn|9\n|\n|t:|1700186552\n|move|p2b: Milotic|Hypnosis|p1a: Dondozo|[miss]\n|-miss|p2b: Milotic|p1a: Dondozo\n|move|p2a: Sinistcha|Matcha Gotcha|p1b: Tatsugiri|[spread] p1a\n|-miss|p2a: Sinistcha|p1b: Tatsugiri\n|-supereffective|p1a: Dondozo\n|-damage|p1a: Dondozo|9\/100\n|-enditem|p1a: Dondozo|Aguav Berry|[eat]\n|-heal|p1a: Dondozo|43\/100|[from] item: Aguav Berry\n|move|p1a: Dondozo|Rock Slide|p2a: Sinistcha|[spread] p2b\n|-miss|p1a: Dondozo|p2a: Sinistcha\n|-damage|p2b: Milotic|49\/100\n|-enditem|p2b: Milotic|Sitrus Berry|[eat]\n|-heal|p2b: Milotic|74\/100|[from] item: Sitrus Berry\n|\n|-damage|p1b: Tatsugiri|67\/100 tox|[from] psn\n|upkeep\n|turn|10\n|\n|t:|1700186577\n|move|p2b: Milotic|Icy Wind|p1a: Dondozo|[spread] p1a\n|-miss|p2b: Milotic|p1b: Tatsugiri\n|-supereffective|p1a: Dondozo\n|-crit|p1a: Dondozo\n|-damage|p1a: Dondozo|12\/100\n|-unboost|p1a: Dondozo|spe|1\n|move|p2a: Sinistcha|Matcha Gotcha|p1b: Tatsugiri|[spread] p1a\n|-miss|p2a: Sinistcha|p1b: Tatsugiri\n|-supereffective|p1a: Dondozo\n|-damage|p1a: Dondozo|0 fnt\n|faint|p1a: Dondozo\n|\n|-damage|p1b: Tatsugiri|45\/100 tox|[from] psn\n|upkeep\n|\n|t:|1700186595\n|switch|p1a: Iron Valiant|Iron Valiant, L50|63\/100 slp\n|turn|11\n|\n|t:|1700186613\n|cant|p1a: Iron Valiant|slp\n|move|p1b: Tatsugiri|Outrage|p2b: Milotic\n|-crit|p2b: Milotic\n|-damage|p2b: Milotic|31\/100\n|move|p2b: Milotic|Icy Wind|p1b: Tatsugiri|[spread] p1a,p1b\n|-damage|p1a: Iron Valiant|47\/100 slp\n|-damage|p1b: Tatsugiri|33\/100 tox\n|-unboost|p1a: Iron Valiant|spe|1\n|-unboost|p1b: Tatsugiri|spe|1\n|move|p2a: Sinistcha|Matcha Gotcha|p1b: Tatsugiri|[spread] p1a,p1b\n|-damage|p1a: Iron Valiant|5\/100 slp\n|-damage|p1b: Tatsugiri|3\/100 tox\n|\n|-damage|p1b: Tatsugiri|0 fnt|[from] psn\n|faint|p1b: Tatsugiri\n|upkeep\n|\n|t:|1700186616\n|switch|p1b: Dragonite|Dragonite, L50, M|75\/100\n|turn|12\n|\n|t:|1700186642\n|cant|p1a: Iron Valiant|slp\n|move|p2b: Milotic|Icy Wind|p1b: Dragonite|[spread] p1a,p1b\n|-supereffective|p1b: Dragonite\n|-damage|p1a: Iron Valiant|0 fnt\n|-damage|p1b: Dragonite|41\/100\n|-unboost|p1b: Dragonite|spe|1\n|faint|p1a: Iron Valiant\n|-end|p1a: Iron Valiant|Quark Drive|[silent]\n|move|p2a: Sinistcha|Strength Sap|p1b: Dragonite\n|-unboost|p1b: Dragonite|atk|1\n|move|p1b: Dragonite|Tailwind|p1b: Dragonite\n|-sidestart|p1: Moon9559|move: Tailwind\n|\n|upkeep\n|turn|13\n|\n|t:|1700186658\n|move|p2a: Sinistcha|Rage Powder|p2a: Sinistcha\n|-singleturn|p2a: Sinistcha|move: Rage Powder\n|move|p1b: Dragonite|Outrage|p2a: Sinistcha\n|-damage|p2a: Sinistcha|58\/100\n|-damage|p1b: Dragonite|31\/100|[from] item: Life Orb\n|move|p2b: Milotic|Icy Wind|p1b: Dragonite\n|-supereffective|p1b: Dragonite\n|-damage|p1b: Dragonite|0 fnt\n|faint|p1b: Dragonite\n|\n|win|BIGCOLIN\n|c|&|\/uhtml prompt-moon9559,Moon9559 is ready for game 2!\n|inactive|BIGCOLIN has 50 seconds to confirm battle start!\n|c|&|\/uhtml prompt-bigcolin,BIGCOLIN is ready for game 2!\nBoth players are ready! Starting next match!\n|l|\u2606Moon9559\n|l|\u2606BIGCOLIN\n|j|\u2606BIGCOLIN\n|player|p2|BIGCOLIN|musician\n","uploadtime":1700187462,"views":19,"p1id":"moon9559","p2id":"bigcolin","formatid":"gen9vgc2023regulatione","rating":0,"private":0,"password":""}