{"id":"gen9vgc2023regulatione-1990187751","p1":"IRetrix","p2":"superseriousboi","format":"[Gen 9] VGC 2023 Regulation E","log":"|j|\u2606IRetrix\n|j|\u2606superseriousboi\n|t:|1699934676\n|gametype|doubles\n|player|p1|IRetrix|170|1254\n|player|p2|superseriousboi|266|1286\n|teamsize|p1|6\n|teamsize|p2|6\n|gen|9\n|tier|[Gen 9] VGC 2023 Regulation E\n|rated|\n|rule|Species Clause: Limit one of each Pok\u00e9mon\n|rule|Item Clause: Limit one of each item\n|clearpoke\n|poke|p1|Annihilape, L50, F|\n|poke|p1|Amoonguss, L50, F|\n|poke|p1|Urshifu-*, L50, F|\n|poke|p1|Rillaboom, L50, M|\n|poke|p1|Arcanine-Hisui, L50, M|\n|poke|p1|Tornadus, L50, M|\n|poke|p2|Ogerpon-Wellspring, L50, F|\n|poke|p2|Landorus-Therian, L50, M|\n|poke|p2|Heatran, L50, F|\n|poke|p2|Iron Hands, L50|\n|poke|p2|Kingambit, L50, F|\n|poke|p2|Flutter Mane, L50|\n|teampreview|4\nsuperseriousboi has agreed to open team sheets.\nIRetrix rejected open team sheets.\n|inactive|Battle timer is ON: inactive players will automatically lose when time's up. (requested by superseriousboi)\n|inactive|IRetrix has 60 seconds left.\n|inactive|IRetrix has 30 seconds left.\n|inactive|IRetrix has 20 seconds left.\n|inactive|IRetrix has 15 seconds left.\n|inactive|IRetrix has 10 seconds left.\n|inactive|IRetrix has 5 seconds left.\n|\n|t:|1699934814\n|start\n|switch|p1a: Annihilape|Annihilape, L50, F|100\/100\n|switch|p1b: Amoonguss|Amoonguss, L50, F, shiny|100\/100\n|switch|p2a: Iron Hands|Iron Hands, L50|100\/100\n|switch|p2b: Flutter Mane|Flutter Mane, L50|100\/100\n|turn|1\n|inactive|IRetrix has 30 seconds left.\n|inactive|superseriousboi has 30 seconds left.\n|inactive|IRetrix has 20 seconds left.\n|inactive|IRetrix has 15 seconds left.\n|inactive|IRetrix has 10 seconds left.\n|inactive|IRetrix has 5 seconds left.\n|\n|t:|1699934869\n|move|p1a: Annihilape|Protect|p1a: Annihilape\n|-singleturn|p1a: Annihilape|Protect\n|move|p2a: Iron Hands|Fake Out|p1b: Amoonguss\n|-damage|p1b: Amoonguss|86\/100\n|-damage|p2a: Iron Hands|84\/100|[from] item: Rocky Helmet|[of] p1b: Amoonguss\n|move|p2b: Flutter Mane|Moonblast|p1a: Annihilape\n|-activate|p1a: Annihilape|move: Protect\n|cant|p1b: Amoonguss|flinch\n|\n|upkeep\n|turn|2\n|inactive|IRetrix has 30 seconds left.\n|inactive|superseriousboi has 30 seconds left.\n|inactive|IRetrix has 20 seconds left.\n|inactive|superseriousboi has 20 seconds left.\n|inactive|IRetrix has 15 seconds left.\n|inactive|superseriousboi has 15 seconds left.\n|inactive|IRetrix has 10 seconds left.\n|inactive|superseriousboi has 10 seconds left.\n|inactive|IRetrix has 5 seconds left.\n|\n|t:|1699934924\n|-terastallize|p2a: Iron Hands|Grass\n|move|p1a: Annihilape|Protect||[still]\n|-fail|p1a: Annihilape\n|move|p2b: Flutter Mane|Moonblast|p1a: Annihilape\n|-supereffective|p1a: Annihilape\n|-damage|p1a: Annihilape|3\/100\n|move|p2a: Iron Hands|Wild Charge|p1a: Annihilape\n|-damage|p1a: Annihilape|0 fnt\n|faint|p1a: Annihilape\n|-damage|p2a: Iron Hands|84\/100|[from] Recoil\n|move|p1b: Amoonguss|Spore|p2a: Iron Hands\n|-immune|p2a: Iron Hands\n|\n|upkeep\n|inactive|IRetrix has 30 seconds left.\n|inactive|IRetrix has 20 seconds left.\n|inactive|IRetrix has 15 seconds left.\n|inactive|IRetrix has 10 seconds left.\n|inactive|IRetrix has 5 seconds left.\n|\n|t:|1699934979\n|switch|p1a: Urshifu|Urshifu-Rapid-Strike, L50, F|100\/100\n|turn|3\n|inactive|IRetrix has 30 seconds left.\n|inactive|IRetrix has 20 seconds left.\n|inactive|IRetrix has 15 seconds left.\n|inactive|IRetrix has 10 seconds left.\n|inactive|IRetrix has 5 seconds left.\n|\n|t:|1699935034\n|move|p2b: Flutter Mane|Moonblast|p1a: Urshifu\n|-supereffective|p1a: Urshifu\n|-enditem|p1a: Urshifu|Focus Sash\n|-damage|p1a: Urshifu|1\/100\n|move|p1a: Urshifu|Surging Strikes|p2a: Iron Hands\n|-resisted|p2a: Iron Hands\n|-crit|p2a: Iron Hands\n|-damage|p2a: Iron Hands|78\/100\n|-resisted|p2a: Iron Hands\n|-crit|p2a: Iron Hands\n|-damage|p2a: Iron Hands|72\/100\n|-resisted|p2a: Iron Hands\n|-crit|p2a: Iron Hands\n|-damage|p2a: Iron Hands|66\/100\n|-hitcount|p2a: Iron Hands|3\n|move|p2a: Iron Hands|Wild Charge|p1a: Urshifu\n|-supereffective|p1a: Urshifu\n|-damage|p1a: Urshifu|0 fnt\n|faint|p1a: Urshifu\n|-damage|p2a: Iron Hands|65\/100|[from] Recoil\n|move|p1b: Amoonguss|Spore|p2a: Iron Hands\n|-immune|p2a: Iron Hands\n|\n|upkeep\n|inactive|IRetrix has 30 seconds left.\n|inactive|IRetrix has 20 seconds left.\n|inactive|IRetrix has 15 seconds left.\n|inactive|IRetrix has 10 seconds left.\n|inactive|IRetrix has 5 seconds left.\n|\n|t:|1699935089\n|switch|p1a: Rillaboom|Rillaboom, L50, M|100\/100\n|turn|4\n|inactive|IRetrix has 30 seconds left.\n|\n|t:|1699935118\n|-end|p2a: Iron Hands|Quark Drive|[silent]\n|switch|p2a: Landorus|Landorus-Therian, L50, M|100\/100\n|-ability|p2a: Landorus|Intimidate|boost\n|-fail|p1a: Rillaboom|unboost|[from] item: Clear Amulet|[of] p1a: Rillaboom\n|-unboost|p1b: Amoonguss|atk|1\n|move|p2b: Flutter Mane|Protect|p2b: Flutter Mane\n|-singleturn|p2b: Flutter Mane|Protect\n|move|p1b: Amoonguss|Rage Powder|p1b: Amoonguss\n|-singleturn|p1b: Amoonguss|move: Rage Powder\n|move|p1a: Rillaboom|Swords Dance|p1a: Rillaboom\n|-boost|p1a: Rillaboom|atk|2\n|\n|upkeep\n|turn|5\n|\n|t:|1699935137\n|move|p1b: Amoonguss|Rage Powder|p1b: Amoonguss\n|-singleturn|p1b: Amoonguss|move: Rage Powder\n|move|p2a: Landorus|U-turn|p1b: Amoonguss\n|-damage|p1b: Amoonguss|60\/100\n|-damage|p2a: Landorus|84\/100|[from] item: Rocky Helmet|[of] p1b: Amoonguss\n|\n|t:|1699935143\n|switch|p2a: Iron Hands|Iron Hands, L50, tera:Grass|65\/100|[from] U-turn\n|move|p2b: Flutter Mane|Icy Wind|p1b: Amoonguss|[spread] p1a,p1b\n|-supereffective|p1a: Rillaboom\n|-crit|p1a: Rillaboom\n|-supereffective|p1b: Amoonguss\n|-damage|p1a: Rillaboom|46\/100\n|-damage|p1b: Amoonguss|39\/100\n|-unboost|p1b: Amoonguss|spe|1\n|move|p1a: Rillaboom|Wood Hammer|p2b: Flutter Mane\n|-enditem|p2b: Flutter Mane|Focus Sash\n|-damage|p2b: Flutter Mane|1\/100\n|-damage|p1a: Rillaboom|26\/100|[from] Recoil\n|\n|upkeep\n|turn|6\n|-message|IRetrix forfeited.\n|\n|win|superseriousboi\n|raw|IRetrix's rating: 1254 &rarr; <strong>1231<\/strong><br \/>(-23 for losing)\n|raw|superseriousboi's rating: 1286 &rarr; <strong>1309<\/strong><br \/>(+23 for winning)\n|l|\u2606IRetrix\n","uploadtime":1699935160,"views":10,"p1id":"iretrix","p2id":"superseriousboi","formatid":"gen9vgc2023regulatione","rating":1231,"private":0,"password":""}