{"id":"gen9vgc2023regulatione-1999872748","p1":"Fernanch","p2":"WishNM","format":"[Gen 9] VGC 2023 Regulation E","log":"|j|\u2606Fernanch\n|j|\u2606WishNM\n|n|\u2606Fernanch|fernanch\n|n|\u2606WishNM|wishnm\n|html|View the match progress at <a href=\"\/game-bestof3-gen9vgc2023regulatione-1999872747\">game-bestof3-gen9vgc2023regulatione-1999872747<\/a>\n|t:|1701124956\n|gametype|doubles\n|player|p1|Fernanch|waiter-gen4dp|\n|player|p2|WishNM|n|\n|teamsize|p1|6\n|teamsize|p2|6\n|gen|9\n|tier|[Gen 9] VGC 2023 Regulation E\n|rule|Species Clause: Limit one of each Pok\u00e9mon\n|rule|Item Clause: Limit one of each item\n|clearpoke\n|poke|p1|Chi-Yu, L50|\n|poke|p1|Flutter Mane, L50|\n|poke|p1|Amoonguss, L50, F|\n|poke|p1|Pawmot, L50, M|\n|poke|p1|Golduck, L50, F|\n|poke|p1|Slaking, L50, M|\n|poke|p2|Annihilape, L50, M|\n|poke|p2|Maushold-Four, L50|\n|poke|p2|Zoroark-Hisui, L50, F|\n|poke|p2|Krookodile, L50, M|\n|poke|p2|Heatran, L50, M|\n|poke|p2|Chimecho, L50, M|\n|teampreview|4\nWishNM rejected open team sheets.\n|c|\u2606Fernanch|Glhf\n|c|\u2606WishNM|u2!\n|\n|t:|1701125013\n|start\n|switch|p1a: Flutter Mane|Flutter Mane, L50, shiny|100\/100\n|switch|p1b: Pawmot|Pawmot, L50, M|100\/100\n|switch|p2a: Annihilape|Annihilape, L50, M|100\/100\n|switch|p2b: Maushold|Maushold-Four, L50|100\/100\n|-enditem|p1a: Flutter Mane|Booster Energy\n|-activate|p1a: Flutter Mane|ability: Protosynthesis|[fromitem]\n|-start|p1a: Flutter Mane|protosynthesisspa\n|turn|1\n|\n|t:|1701125050\n|switch|p1b: Chi-Yu|Chi-Yu, L50|100\/100\n|-ability|p1b: Chi-Yu|Beads of Ruin\n|move|p2b: Maushold|Protect|p2b: Maushold\n|-singleturn|p2b: Maushold|Protect\n|move|p2a: Annihilape|Protect|p2a: Annihilape\n|-singleturn|p2a: Annihilape|Protect\n|move|p1a: Flutter Mane|Moonblast|p2a: Annihilape\n|-activate|p2a: Annihilape|move: Protect\n|\n|upkeep\n|turn|2\n|\n|t:|1701125111\n|-terastallize|p1a: Flutter Mane|Fairy\n|move|p2b: Maushold|Follow Me|p2b: Maushold\n|-singleturn|p2b: Maushold|move: Follow Me\n|move|p1b: Chi-Yu|Dark Pulse|p2b: Maushold\n|-damage|p2b: Maushold|50\/100\n|move|p1a: Flutter Mane|Dazzling Gleam|p2a: Annihilape|[spread] p2a,p2b\n|-supereffective|p2a: Annihilape\n|-damage|p2a: Annihilape|9\/100\n|-damage|p2b: Maushold|0 fnt\n|faint|p2b: Maushold\n|move|p2a: Annihilape|Drain Punch|p1b: Chi-Yu\n|-supereffective|p1b: Chi-Yu\n|-damage|p1b: Chi-Yu|11\/100\n|-heal|p2a: Annihilape|36\/100|[from] drain|[of] p1b: Chi-Yu\n|\n|-heal|p2a: Annihilape|42\/100|[from] item: Leftovers\n|upkeep\n|\n|t:|1701125128\n|switch|p2b: Heatran|Heatran, L50, M|100\/100\n|turn|3\n|\n|t:|1701125177\n|move|p2a: Annihilape|Protect|p2a: Annihilape\n|-singleturn|p2a: Annihilape|Protect\n|move|p1b: Chi-Yu|Dark Pulse|p2b: Heatran\n|-damage|p2b: Heatran|40\/100\n|cant|p2b: Heatran|flinch\n|move|p1a: Flutter Mane|Dazzling Gleam|p2a: Annihilape|[spread] p2b\n|-activate|p2a: Annihilape|move: Protect\n|-resisted|p2b: Heatran\n|-damage|p2b: Heatran|20\/100\n|\n|-heal|p2a: Annihilape|48\/100|[from] item: Leftovers\n|upkeep\n|turn|4\n|c|\u2606Fernanch|Oh that flinched\n|c|\u2606WishNM|mhm\n|c|\u2606Fernanch|Did u kill with flash canon\n|c|\u2606Fernanch|Actually u 100% are heavy slam\n|\n|t:|1701125271\n|move|p1b: Chi-Yu|Dark Pulse|p2b: Heatran\n|-damage|p2b: Heatran|0 fnt\n|faint|p2b: Heatran\n|move|p1a: Flutter Mane|Moonblast|p2a: Annihilape\n|-supereffective|p2a: Annihilape\n|-damage|p2a: Annihilape|0 fnt\n|faint|p2a: Annihilape\n|\n|upkeep\n|\n|t:|1701125285\n|switch|p2b: Chimecho|Chimecho, L50, M|100\/100\n|turn|5\n|c|\u2606Fernanch|ggs, sorry for the flinch\n|c|\u2606WishNM|c'est la vie\n|c|\u2606Fernanch|What\n|\n|t:|1701125299\n|move|p1b: Chi-Yu|Dark Pulse|p2b: Chimecho\n|-supereffective|p2b: Chimecho\n|-enditem|p2b: Chimecho|Colbur Berry|[eat]\n|-enditem|p2b: Chimecho|Colbur Berry|[weaken]\n|-damage|p2b: Chimecho|57\/100\n|move|p1a: Flutter Mane|Moonblast|p2b: Chimecho\n|-damage|p2b: Chimecho|0 fnt\n|faint|p2b: Chimecho\n|\n|win|Fernanch\n|c|&|\/uhtml prompt-wishnm,WishNM is ready for game 2!\n|c|&|\/uhtml prompt-fernanch,Fernanch is ready for game 2!\nBoth players are ready! Starting next match!\n|l|\u2606Fernanch\n|l|\u2606WishNM\n|j|\u2606Fernanch\n|player|p1|Fernanch|waiter-gen4dp\n|j|\u2606WishNM\n|player|p2|WishNM|n\n|j| The Carkol Rider\n","uploadtime":1701125844,"views":20,"p1id":"fernanch","p2id":"wishnm","formatid":"gen9vgc2023regulatione","rating":0,"private":0,"password":""}