{"id":"gen9vgc2023regulatione-1993837339","p1":"L10n Escanor","p2":"Josueeee_29","format":"[Gen 9] VGC 2023 Regulation E","log":"|j|\u2606L10n Escanor\n|j|\u2606Josueeee_29\n|t:|1700363447\n|gametype|doubles\n|player|p1|L10n Escanor|steven|\n|player|p2|Josueeee_29|red|\n|teamsize|p1|6\n|teamsize|p2|6\n|gen|9\n|tier|[Gen 9] VGC 2023 Regulation E\n|rule|Species Clause: Limit one of each Pok\u00e9mon\n|rule|Item Clause: Limit one of each item\n|clearpoke\n|poke|p1|Flutter Mane, L50|\n|poke|p1|Farigiraf, L50, M|\n|poke|p1|Ogerpon-Hearthflame, L50, F|\n|poke|p1|Urshifu-*, L50, M|\n|poke|p1|Rillaboom, L50, M|\n|poke|p1|Tornadus, L50, M|\n|poke|p2|Landorus-Therian, L50, M|\n|poke|p2|Iron Hands, L50|\n|poke|p2|Heatran, L50, M|\n|poke|p2|Flutter Mane, L50|\n|poke|p2|Roaring Moon, L50|\n|poke|p2|Tornadus, L50, M|\n|teampreview|4\n|c|\u2606L10n Escanor|Game 3\nL10n Escanor has agreed to open team sheets.\n|\n|t:|1700363530\n|start\n|switch|p1a: Flutter Mane|Flutter Mane, L50|100\/100\n|switch|p1b: Urshifu|Urshifu, L50, M|100\/100\n|switch|p2a: Tornadus|Tornadus, L50, M, shiny|100\/100\n|switch|p2b: Landorus|Landorus-Therian, L50, M|100\/100\n|-ability|p2b: Landorus|Intimidate|boost\n|-unboost|p1a: Flutter Mane|atk|1\n|-unboost|p1b: Urshifu|atk|1\n|turn|1\n|\n|t:|1700363576\n|move|p2a: Tornadus|Tailwind|p2a: Tornadus\n|-sidestart|p2: Josueeee_29|move: Tailwind\n|move|p2b: Landorus|Rock Slide|p1a: Flutter Mane|[spread] p1a,p1b\n|-resisted|p1b: Urshifu\n|-damage|p1a: Flutter Mane|69\/100\n|-damage|p1b: Urshifu|89\/100\n|cant|p1a: Flutter Mane|flinch\n|move|p1b: Urshifu|Wicked Blow|p2a: Tornadus\n|-crit|p2a: Tornadus\n|-damage|p2a: Tornadus|5\/100\n|\n|upkeep\n|turn|2\n|\n|t:|1700363605\n|move|p2b: Landorus|Crunch|p1a: Flutter Mane\n|-damage|p1a: Flutter Mane|22\/100\n|move|p2a: Tornadus|Bleakwind Storm|p1a: Flutter Mane|[spread] p1a,p1b\n|-supereffective|p1b: Urshifu\n|-damage|p1a: Flutter Mane|0 fnt\n|-damage|p1b: Urshifu|0 fnt\n|faint|p1a: Flutter Mane\n|-end|p1a: Flutter Mane|Protosynthesis|[silent]\n|faint|p1b: Urshifu\n|\n|upkeep\n|\n|t:|1700363614\n|switch|p1a: Ogerpon|Ogerpon-Hearthflame, L50, F|100\/100\n|switch|p1b: Rillaboom|Rillaboom, L50, M|100\/100\n|-ability|p1a: Ogerpon|Mold Breaker\n|-fieldstart|move: Grassy Terrain|[from] ability: Grassy Surge|[of] p1b: Rillaboom\n|turn|3\n|\n|t:|1700363640\n|switch|p2a: Heatran|Heatran, L50, M|100\/100\n|move|p1b: Rillaboom|Grassy Glide|p2a: Heatran\n|-resisted|p2a: Heatran\n|-damage|p2a: Heatran|92\/100\n|move|p2b: Landorus|Rock Slide|p1b: Rillaboom|[spread] p1a,p1b\n|-supereffective|p1a: Ogerpon\n|-damage|p1a: Ogerpon|54\/100\n|-damage|p1b: Rillaboom|81\/100\n|move|p1a: Ogerpon|Ivy Cudgel|p2b: Landorus|[anim] Ivy Cudgel Fire\n|-damage|p2b: Landorus|28\/100\n|\n|-heal|p2b: Landorus|34\/100|[from] item: Leftovers\n|-heal|p2a: Heatran|98\/100|[from] Grassy Terrain\n|-heal|p1a: Ogerpon|60\/100|[from] Grassy Terrain\n|-heal|p1b: Rillaboom|87\/100|[from] Grassy Terrain\n|upkeep\n|turn|4\n|\n|t:|1700363679\n|switch|p2b: Roaring Moon|Roaring Moon, L50, shiny|100\/100\n|-enditem|p2b: Roaring Moon|Booster Energy\n|-activate|p2b: Roaring Moon|ability: Protosynthesis|[fromitem]\n|-start|p2b: Roaring Moon|protosynthesisatk\n|-terastallize|p1b: Rillaboom|Fire\n|move|p1a: Ogerpon|Spiky Shield|p1a: Ogerpon\n|-singleturn|p1a: Ogerpon|move: Protect\n|move|p1b: Rillaboom|Grassy Glide|p2b: Roaring Moon\n|-resisted|p2b: Roaring Moon\n|-damage|p2b: Roaring Moon|81\/100\n|move|p2a: Heatran|Heat Wave|p1a: Ogerpon|[spread] p1b\n|-activate|p1a: Ogerpon|move: Protect\n|-resisted|p1b: Rillaboom\n|-damage|p1b: Rillaboom|73\/100\n|\n|-heal|p2b: Roaring Moon|87\/100|[from] Grassy Terrain\n|-heal|p2a: Heatran|100\/100|[from] Grassy Terrain\n|-heal|p1a: Ogerpon|67\/100|[from] Grassy Terrain\n|-heal|p1b: Rillaboom|79\/100|[from] Grassy Terrain\n|-sideend|p2: Josueeee_29|move: Tailwind\n|upkeep\n|turn|5\n|j| testdeli\n|\n|t:|1700363718\n|move|p2b: Roaring Moon|Tailwind|p2b: Roaring Moon\n|-sidestart|p2: Josueeee_29|move: Tailwind\n|move|p2a: Heatran|Earth Power|p1b: Rillaboom\n|-supereffective|p1b: Rillaboom\n|-damage|p1b: Rillaboom|35\/100\n|move|p1a: Ogerpon|Ivy Cudgel|p2b: Roaring Moon|[anim] Ivy Cudgel Fire\n|-resisted|p2b: Roaring Moon\n|-damage|p2b: Roaring Moon|56\/100\n|move|p1b: Rillaboom|Wood Hammer|p2b: Roaring Moon\n|-resisted|p2b: Roaring Moon\n|-crit|p2b: Roaring Moon\n|-damage|p2b: Roaring Moon|0 fnt\n|faint|p2b: Roaring Moon\n|-end|p2b: Roaring Moon|Protosynthesis|[silent]\n|-damage|p1b: Rillaboom|18\/100|[from] Recoil\n|\n|-heal|p1a: Ogerpon|73\/100|[from] Grassy Terrain\n|-heal|p1b: Rillaboom|24\/100|[from] Grassy Terrain\n|upkeep\n|\n|t:|1700363738\n|switch|p2b: Landorus|Landorus-Therian, L50, M|34\/100\n|-ability|p2b: Landorus|Intimidate|boost\n|-unboost|p1a: Ogerpon|atk|1\n|-unboost|p1b: Rillaboom|atk|1\n|turn|6\n|\n|t:|1700363774\n|move|p1b: Rillaboom|Grassy Glide|p2b: Landorus\n|-damage|p2b: Landorus|2\/100\n|move|p2b: Landorus|Rock Slide|p1b: Rillaboom|[spread] p1b\n|-miss|p2b: Landorus|p1a: Ogerpon\n|-supereffective|p1b: Rillaboom\n|-damage|p1b: Rillaboom|0 fnt\n|faint|p1b: Rillaboom\n|move|p2a: Heatran|Earth Power|p1a: Ogerpon\n|-damage|p1a: Ogerpon|38\/100\n|move|p1a: Ogerpon|Horn Leech|p2b: Landorus\n|-damage|p2b: Landorus|0 fnt\n|-heal|p1a: Ogerpon|39\/100|[from] drain|[of] p2b: Landorus\n|faint|p2b: Landorus\n|\n|-heal|p1a: Ogerpon|45\/100|[from] Grassy Terrain\n|upkeep\n|\n|t:|1700363794\n|switch|p2b: Tornadus|Tornadus, L50, M, shiny|5\/100\n|turn|7\n|\n|t:|1700363810\n|move|p1a: Ogerpon|Grassy Glide|p2b: Tornadus\n|-resisted|p2b: Tornadus\n|-damage|p2b: Tornadus|0 fnt\n|faint|p2b: Tornadus\n|move|p2a: Heatran|Earth Power|p1a: Ogerpon\n|-damage|p1a: Ogerpon|11\/100\n|\n|-heal|p1a: Ogerpon|17\/100|[from] Grassy Terrain\n|-fieldend|move: Grassy Terrain\n|upkeep\n|turn|8\n|\n|t:|1700363824\n|move|p2a: Heatran|Earth Power|p1a: Ogerpon\n|-damage|p1a: Ogerpon|0 fnt\n|faint|p1a: Ogerpon\n|\n|win|Josueeee_29\n","uploadtime":1700363830,"views":22,"p1id":"l10nescanor","p2id":"josueeee29","formatid":"gen9vgc2023regulatione","rating":0,"private":0,"password":""}