{"id":"gen9vgc2023regulatione-1999563468","p1":"trainerrodpractice","p2":"AswangVGC","format":"[Gen 9] VGC 2023 Regulation E","log":"|j|\u2606trainerrodpractice\n|j|\u2606AswangVGC\n|n|\u2606trainerrodpractice|trainerrodpractice\n|n|\u2606AswangVGC|aswangvgc\n|html|View the match progress at <a href=\"\/game-bestof3-gen9vgc2023regulatione-1999556285\">game-bestof3-gen9vgc2023regulatione-1999556285<\/a>\n|t:|1701096506\n|gametype|doubles\n|player|p1|trainerrodpractice|101|\n|player|p2|AswangVGC|101|\n|teamsize|p1|6\n|teamsize|p2|6\n|gen|9\n|tier|[Gen 9] VGC 2023 Regulation E\n|rule|Species Clause: Limit one of each Pok\u00e9mon\n|rule|Item Clause: Limit one of each item\n|clearpoke\n|poke|p1|Roaring Moon, L50|\n|poke|p1|Empoleon, L50, F|\n|poke|p1|Ogerpon-Hearthflame, L50, F|\n|poke|p1|Landorus-Therian, L50, M|\n|poke|p1|Flutter Mane, L50|\n|poke|p1|Iron Hands, L50|\n|poke|p2|Urshifu-*, L50, F|\n|poke|p2|Tornadus, L50, M|\n|poke|p2|Regidrago, L50|\n|poke|p2|Rillaboom, L50, F|\n|poke|p2|Tauros-Paldea-Blaze, L50, M|\n|poke|p2|Gholdengo, L50|\n|teampreview|4\n|\n|t:|1701096537\n|start\n|switch|p1a: Ogerpon|Ogerpon-Hearthflame, L50, F|100\/100\n|switch|p1b: Iron Hands|Iron Hands, L50|100\/100\n|switch|p2a: Tornadus|Tornadus, L50, M|100\/100\n|switch|p2b: Regidrago|Regidrago, L50|100\/100\n|-ability|p1a: Ogerpon|Mold Breaker\n|turn|1\n|\n|t:|1701096563\n|switch|p1a: Empoleon|Empoleon, L50, F|100\/100\n|move|p2a: Tornadus|Protect|p2a: Tornadus\n|-singleturn|p2a: Tornadus|Protect\n|move|p2b: Regidrago|Protect|p2b: Regidrago\n|-singleturn|p2b: Regidrago|Protect\n|move|p1b: Iron Hands|Fake Out|p2b: Regidrago\n|-activate|p2b: Regidrago|move: Protect\n|\n|upkeep\n|turn|2\n|\n|t:|1701096594\n|move|p2a: Tornadus|Tailwind|p2a: Tornadus\n|-sidestart|p2: AswangVGC|move: Tailwind\n|move|p2b: Regidrago|Dragon Energy|p1b: Iron Hands|[spread] p1a,p1b\n|-resisted|p1a: Empoleon\n|-damage|p1a: Empoleon|61\/100\n|-damage|p1b: Iron Hands|49\/100\n|move|p1b: Iron Hands|Wild Charge|p2a: Tornadus\n|-supereffective|p2a: Tornadus\n|-damage|p2a: Tornadus|4\/100\n|-damage|p1b: Iron Hands|33\/100|[from] item: Rocky Helmet|[of] p2a: Tornadus\n|-damage|p1b: Iron Hands|13\/100|[from] Recoil\n|move|p1a: Empoleon|Ice Beam|p2b: Regidrago\n|-supereffective|p2b: Regidrago\n|-damage|p2b: Regidrago|48\/100\n|\n|upkeep\n|turn|3\n|\n|t:|1701096635\n|-end|p1b: Iron Hands|Quark Drive|[silent]\n|switch|p1b: Roaring Moon|Roaring Moon, L50|100\/100\n|-enditem|p1b: Roaring Moon|Booster Energy\n|-activate|p1b: Roaring Moon|ability: Protosynthesis|[fromitem]\n|-start|p1b: Roaring Moon|protosynthesisspe\n|move|p2a: Tornadus|Protect|p2a: Tornadus\n|-singleturn|p2a: Tornadus|Protect\n|move|p2b: Regidrago|Draco Meteor|p1b: Roaring Moon\n|-supereffective|p1b: Roaring Moon\n|-damage|p1b: Roaring Moon|0 fnt\n|-unboost|p2b: Regidrago|spa|2\n|faint|p1b: Roaring Moon\n|-end|p1b: Roaring Moon|Protosynthesis|[silent]\n|move|p1a: Empoleon|Ice Beam|p2b: Regidrago\n|-supereffective|p2b: Regidrago\n|-damage|p2b: Regidrago|0 fnt\n|faint|p2b: Regidrago\n|\n|upkeep\n|\n|t:|1701096650\n|switch|p1b: Ogerpon|Ogerpon-Hearthflame, L50, F|100\/100\n|switch|p2b: Tauros|Tauros-Paldea-Blaze, L50, M|100\/100\n|-ability|p2b: Tauros|Intimidate|boost\n|-unboost|p1a: Empoleon|atk|1\n|-ability|p1a: Empoleon|Competitive|boost\n|-boost|p1a: Empoleon|spa|2\n|-unboost|p1b: Ogerpon|atk|1\n|-ability|p1b: Ogerpon|Mold Breaker\n|turn|4\n|\n|t:|1701096675\n|switch|p1b: Iron Hands|Iron Hands, L50|13\/100\n|-terastallize|p1a: Empoleon|Fairy\n|move|p2a: Tornadus|Rain Dance|p2a: Tornadus\n|-weather|RainDance\n|move|p2b: Tauros|Close Combat|p1a: Empoleon\n|-resisted|p1a: Empoleon\n|-damage|p1a: Empoleon|43\/100\n|-unboost|p2b: Tauros|def|1\n|-unboost|p2b: Tauros|spd|1\n|-enditem|p1a: Empoleon|Sitrus Berry|[eat]\n|-heal|p1a: Empoleon|67\/100|[from] item: Sitrus Berry\n|move|p1a: Empoleon|Ice Beam|p2a: Tornadus\n|-supereffective|p2a: Tornadus\n|-damage|p2a: Tornadus|0 fnt\n|faint|p2a: Tornadus\n|\n|-weather|RainDance|[upkeep]\n|upkeep\n|\n|t:|1701096683\n|switch|p2a: Urshifu|Urshifu-Rapid-Strike, L50, F|100\/100\n|turn|5\n|\n|t:|1701096705\n|-terastallize|p2a: Urshifu|Water\n|move|p1b: Iron Hands|Fake Out|p2a: Urshifu\n|-damage|p2a: Urshifu|86\/100\n|cant|p2a: Urshifu|flinch\n|move|p2b: Tauros|Rock Slide|p1b: Iron Hands|[spread] p1a,p1b\n|-resisted|p1b: Iron Hands\n|-damage|p1a: Empoleon|55\/100\n|-damage|p1b: Iron Hands|8\/100\n|move|p1a: Empoleon|Yawn|p2a: Urshifu\n|-start|p2a: Urshifu|move: Yawn|[of] p1a: Empoleon\n|\n|-weather|RainDance|[upkeep]\n|-sideend|p2: AswangVGC|move: Tailwind\n|upkeep\n|turn|6\n|\n|t:|1701096733\n|move|p2a: Urshifu|Surging Strikes|p1a: Empoleon\n|-crit|p1a: Empoleon\n|-damage|p1a: Empoleon|18\/100\n|-crit|p1a: Empoleon\n|-damage|p1a: Empoleon|0 fnt\n|faint|p1a: Empoleon\n|-hitcount|p1: Empoleon|2\n|move|p2b: Tauros|Rock Slide|p1b: Iron Hands\n|-resisted|p1b: Iron Hands\n|-damage|p1b: Iron Hands|0 fnt\n|faint|p1b: Iron Hands\n|-end|p1b: Iron Hands|Quark Drive|[silent]\n|\n|-weather|RainDance|[upkeep]\n|-end|p2a: Urshifu|move: Yawn|[silent]\n|-status|p2a: Urshifu|slp\n|upkeep\n|\n|t:|1701096745\n|switch|p1b: Ogerpon|Ogerpon-Hearthflame, L50, F|100\/100\n|-ability|p1b: Ogerpon|Mold Breaker\n|turn|7\n|\n|t:|1701096757\n|cant|p2a: Urshifu|slp\n|move|p2b: Tauros|Close Combat|p1b: Ogerpon\n|-damage|p1b: Ogerpon|42\/100\n|-unboost|p2b: Tauros|def|1\n|-unboost|p2b: Tauros|spd|1\n|move|p1b: Ogerpon|Horn Leech|p2a: Urshifu\n|-supereffective|p2a: Urshifu\n|-damage|p2a: Urshifu|2\/100 slp\n|-heal|p1b: Ogerpon|85\/100|[from] drain|[of] p2a: Urshifu\n|\n|-weather|RainDance|[upkeep]\n|upkeep\n|turn|8\n|\n|t:|1701096775\n|-curestatus|p2a: Urshifu|slp|[msg]\n|move|p2a: Urshifu|Surging Strikes|p1b: Ogerpon\n|-crit|p1b: Ogerpon\n|-damage|p1b: Ogerpon|36\/100\n|-crit|p1b: Ogerpon\n|-damage|p1b: Ogerpon|0 fnt\n|faint|p1b: Ogerpon\n|-hitcount|p1: Ogerpon|2\n|\n|win|AswangVGC\n|c|\u2606trainerrodpractice|gg, close game\n|l|\u2606trainerrodpractice\n|c|\u2606AswangVGC|gg\n|c|\u2606AswangVGC|true\n","uploadtime":1701096971,"views":8,"p1id":"trainerrodpractice","p2id":"aswangvgc","formatid":"gen9vgc2023regulatione","rating":0,"private":0,"password":""}