{"id":"gen9vgc2023regulatione-1993194037","p1":"lujan31","p2":"Fancy Cucudrula","format":"[Gen 9] VGC 2023 Regulation E","log":"|j|\u2606lujan31\n|j|\u2606Fancy Cucudrula\n|n|\u2606lujan31|lujan31\n|n|\u2606Fancy Cucudrula|fancycucudrula\n|html|View the match progress at <a href=\"\/game-bestof3-gen9vgc2023regulatione-1993190077\">game-bestof3-gen9vgc2023regulatione-1993190077<\/a>\n|t:|1700276354\n|gametype|doubles\n|player|p1|lujan31|1|\n|player|p2|Fancy Cucudrula|valerie|\n|teamsize|p1|6\n|teamsize|p2|6\n|gen|9\n|tier|[Gen 9] VGC 2023 Regulation E\n|rule|Species Clause: Limit one of each Pok\u00e9mon\n|rule|Item Clause: Limit one of each item\n|clearpoke\n|poke|p1|Salamence, L50, M|\n|poke|p1|Armarouge, L50, M|\n|poke|p1|Ogerpon-Wellspring, L50, F|\n|poke|p1|Politoed, L50, M|\n|poke|p1|Scizor, L50, F|\n|poke|p1|Flutter Mane, L50|\n|poke|p2|Flutter Mane, L50|\n|poke|p2|Amoonguss, L50, F|\n|poke|p2|Heatran, L50, F|\n|poke|p2|Iron Hands, L50|\n|poke|p2|Landorus-Therian, L50, M|\n|poke|p2|Chien-Pao, L50|\n|teampreview|4\nFancy Cucudrula has agreed to open team sheets.\n|c|\u2606Fancy Cucudrula|mana OTS\nlujan31 has agreed to open team sheets.\n|showteam|p1|Salamence||ChoiceScarf|Intimidate|Hurricane,DracoMeteor,Tailwind,AirSlash|||M|||50|,,,,,Flying]Armarouge||LifeOrb|FlashFire|ArmorCannon,Psyshock,TrickRoom,WideGuard|||M|||50|,,,,,Grass]Ogerpon-Wellspring||WellspringMask|WaterAbsorb|IvyCudgel,HornLeech,SpikyShield,Taunt|||F|||50|,,,,,Water]Politoed||SitrusBerry|Drizzle|Protect,WeatherBall,Haze,HelpingHand|||M|||50|,,,,,Poison]Scizor||ChoiceBand|Technician|BulletPunch,BugBite,DualWingbeat,CloseCombat|||F|||50|,,,,,Dragon]Flutter Mane||FocusSash|Protosynthesis|Moonblast,ShadowBall,Protect,IcyWind||||||50|,,,,,Fairy\n|showteam|p2|Flutter Mane||ChoiceSpecs|Protosynthesis|DazzlingGleam,Moonblast,ShadowBall,PerishSong||||||50|,,,,,Fairy]Amoonguss||RockyHelmet|Regenerator|RagePowder,PollenPuff,Spore,Protect|||F|||50|,,,,,Water]Heatran||SafetyGoggles|FlashFire|HeatWave,EarthPower,FlashCannon,Protect|||F|||50|,,,,,Fairy]Iron Hands||AssaultVest|QuarkDrive|DrainPunch,WildCharge,HeavySlam,FakeOut||||||50|,,,,,Water]Landorus-Therian||ChoiceScarf|Intimidate|StompingTantrum,TeraBlast,RockSlide,Uturn|||M|||50|,,,,,Flying]Chien-Pao||FocusSash|SwordofRuin|IceSpinner,SuckerPunch,Haze,Protect||||||50|,,,,,Ghost\n|c|\u2606Fancy Cucudrula|gracias belleza jejejeje\n|c|\u2606lujan31|Sorry \ud83e\udee0\n|inactive|Battle timer is ON: inactive players will automatically lose when time's up. (requested by Fancy Cucudrula)\n|\n|t:|1700276443\n|start\n|switch|p1a: Scizor|Scizor, L50, F|100\/100\n|switch|p1b: Salamence|Salamence, L50, M|100\/100\n|switch|p2a: Sasha Colby|Flutter Mane, L50|100\/100\n|switch|p2b: Brita Filter|Amoonguss, L50, F, shiny|100\/100\n|-ability|p1b: Salamence|Intimidate|boost\n|-unboost|p2a: Sasha Colby|atk|1\n|-unboost|p2b: Brita Filter|atk|1\n|turn|1\n|inactive|lujan31 has 30 seconds left.\n|inactive|lujan31 has 20 seconds left.\n|inactive|lujan31 has 15 seconds left.\n|inactive|lujan31 has 10 seconds left.\n|\n|t:|1700276492\n|switch|p1b: Ogerpon|Ogerpon-Wellspring, L50, F|100\/100\n|-terastallize|p2b: Brita Filter|Water\n|move|p2b: Brita Filter|Rage Powder|p2b: Brita Filter\n|-singleturn|p2b: Brita Filter|move: Rage Powder\n|move|p2a: Sasha Colby|Dazzling Gleam|p1b: Ogerpon|[spread] p1a,p1b\n|-resisted|p1a: Scizor\n|-damage|p1a: Scizor|72\/100\n|-damage|p1b: Ogerpon|55\/100\n|move|p1a: Scizor|Close Combat|p2b: Brita Filter\n|-damage|p2b: Brita Filter|46\/100\n|-unboost|p1a: Scizor|def|1\n|-unboost|p1a: Scizor|spd|1\n|-damage|p1a: Scizor|56\/100|[from] item: Rocky Helmet|[of] p2b: Brita Filter\n|\n|upkeep\n|turn|2\n|inactive|lujan31 has 30 seconds left.\n|inactive|lujan31 has 20 seconds left.\n|inactive|lujan31 has 15 seconds left.\n|\n|t:|1700276533\n|switch|p1a: Flutter Mane|Flutter Mane, L50|100\/100\n|switch|p2b: Luquisha|Landorus-Therian, L50, M|100\/100\n|-ability|p2b: Luquisha|Intimidate|boost\n|-unboost|p1a: Flutter Mane|atk|1\n|-unboost|p1b: Ogerpon|atk|1\n|move|p2a: Sasha Colby|Dazzling Gleam|p1b: Ogerpon|[spread] p1a,p1b\n|-damage|p1a: Flutter Mane|58\/100\n|-damage|p1b: Ogerpon|12\/100\n|move|p1b: Ogerpon|Ivy Cudgel|p2a: Sasha Colby|[anim] Ivy Cudgel Water\n|-damage|p2a: Sasha Colby|42\/100\n|\n|upkeep\n|turn|3\n|inactive|lujan31 has 30 seconds left.\n|\n|t:|1700276559\n|move|p1a: Flutter Mane|Protect|p1a: Flutter Mane\n|-singleturn|p1a: Flutter Mane|Protect\n|move|p1b: Ogerpon|Spiky Shield|p1b: Ogerpon\n|-singleturn|p1b: Ogerpon|move: Protect\n|move|p2b: Luquisha|U-turn|p1a: Flutter Mane\n|-activate|p1a: Flutter Mane|move: Protect\n|move|p2a: Sasha Colby|Dazzling Gleam|p1b: Ogerpon|[spread] \n|-activate|p1a: Flutter Mane|move: Protect\n|-activate|p1b: Ogerpon|move: Protect\n|\n|upkeep\n|turn|4\n|inactive|lujan31 has 30 seconds left.\n|inactive|lujan31 has 20 seconds left.\n|inactive|lujan31 has 15 seconds left.\n|\n|t:|1700276601\n|-end|p1a: Flutter Mane|Protosynthesis|[silent]\n|switch|p1a: Scizor|Scizor, L50, F|56\/100\n|move|p2b: Luquisha|U-turn|p1a: Scizor\n|-resisted|p1a: Scizor\n|-damage|p1a: Scizor|39\/100\n|\n|t:|1700276606\n|switch|p2b: Brita Filter|Amoonguss, L50, F, shiny, tera:Water|79\/100|[from] U-turn\n|move|p2a: Sasha Colby|Dazzling Gleam|p1a: Scizor|[spread] p1a,p1b\n|-resisted|p1a: Scizor\n|-damage|p1a: Scizor|10\/100\n|-damage|p1b: Ogerpon|0 fnt\n|faint|p1b: Ogerpon\n|\n|upkeep\n|\n|t:|1700276617\n|switch|p1b: Flutter Mane|Flutter Mane, L50|58\/100\n|turn|5\n|inactive|lujan31 has 30 seconds left.\n|inactive|lujan31 has 20 seconds left.\n|\n|t:|1700276654\n|move|p2b: Brita Filter|Rage Powder|p2b: Brita Filter\n|-singleturn|p2b: Brita Filter|move: Rage Powder\n|move|p1a: Scizor|Bullet Punch|p2b: Brita Filter\n|-resisted|p2b: Brita Filter\n|-damage|p2b: Brita Filter|60\/100\n|-damage|p1a: Scizor|0 fnt|[from] item: Rocky Helmet|[of] p2b: Brita Filter\n|faint|p1a: Scizor\n|move|p1b: Flutter Mane|Moonblast|p2b: Brita Filter\n|-damage|p2b: Brita Filter|10\/100\n|move|p2a: Sasha Colby|Dazzling Gleam|p1b: Flutter Mane\n|-damage|p1b: Flutter Mane|0 fnt\n|faint|p1b: Flutter Mane\n|-end|p1b: Flutter Mane|Protosynthesis|[silent]\n|\n|upkeep\n|\n|t:|1700276667\n|switch|p1b: Salamence|Salamence, L50, M|100\/100\n|-ability|p1b: Salamence|Intimidate|boost\n|-unboost|p2a: Sasha Colby|atk|1\n|-unboost|p2b: Brita Filter|atk|1\n|turn|6\n|c|\u2606lujan31|Gg\n|\n|t:|1700276683\n|-terastallize|p1b: Salamence|Flying\n|move|p1b: Salamence|Air Slash|p2a: Sasha Colby\n|-damage|p2a: Sasha Colby|0 fnt\n|faint|p2a: Sasha Colby\n|-end|p2a: Sasha Colby|Protosynthesis|[silent]\n|move|p2b: Brita Filter|Spore|p1b: Salamence\n|-status|p1b: Salamence|slp|[from] move: Spore\n|\n|upkeep\n|\n|t:|1700276687\n|switch|p2a: Mistress|Iron Hands, L50, shiny|100\/100\n|turn|7\n|\n|t:|1700276693\n|cant|p1b: Salamence|slp\n|move|p2a: Mistress|Wild Charge|p1b: Salamence\n|-supereffective|p1b: Salamence\n|-damage|p1b: Salamence|0 fnt\n|faint|p1b: Salamence\n|-damage|p2a: Mistress|82\/100|[from] Recoil\n|\n|win|Fancy Cucudrula\n|c|\u2606Fancy Cucudrula|gg belleza\n|l|\u2606lujan31\n","uploadtime":1700276718,"views":15,"p1id":"lujan31","p2id":"fancycucudrula","formatid":"gen9vgc2023regulatione","rating":0,"private":0,"password":""}