{"id":"gen9vgc2023regulatione-1988394562","p1":"MarcSel18942","p2":"jungle231016","format":"[Gen 9] VGC 2023 Regulation E","log":"|j|\u2606MarcSel18942\n|j|\u2606jungle231016\n|t:|1699718054\n|gametype|doubles\n|player|p1|MarcSel18942|266|1058\n|player|p2|jungle231016|170|1000\n|teamsize|p1|6\n|teamsize|p2|6\n|gen|9\n|tier|[Gen 9] VGC 2023 Regulation E\n|rated|\n|rule|Species Clause: Limit one of each Pok\u00e9mon\n|rule|Item Clause: Limit one of each item\n|clearpoke\n|poke|p1|Flutter Mane, L50|\n|poke|p1|Gothitelle, L50, M|\n|poke|p1|Landorus-Therian, L50, M|\n|poke|p1|Hydreigon, L50, F|\n|poke|p1|Urshifu-*, L50, M|\n|poke|p1|Snorlax, L50, F|\n|poke|p2|Dondozo, L50, M|\n|poke|p2|Dragonite, L50, F|\n|poke|p2|Flutter Mane, L50|\n|poke|p2|Heatran, L50, M|\n|poke|p2|Ogerpon-Hearthflame, L50, F|\n|poke|p2|Glimmora, L50, M|\n|teampreview|4\n|\n|t:|1699718087\n|start\n|switch|p1a: Landorus|Landorus-Therian, L50, M|100\/100\n|switch|p1b: Hydreigon|Hydreigon, L50, F|100\/100\n|switch|p2a: Dondozo|Dondozo, L50, M|100\/100\n|switch|p2b: Dragonite|Dragonite, L50, F|100\/100\n|-ability|p1a: Landorus|Intimidate|boost\n|-fail|p2a: Dondozo|unboost|Attack|[from] ability: Oblivious|[of] p2a: Dondozo\n|-fail|p2b: Dragonite|unboost|Attack|[from] ability: Inner Focus|[of] p2b: Dragonite\n|turn|1\n|\n|t:|1699718124\n|switch|p2b: Glimmora|Glimmora, L50, M|100\/100\n|move|p1a: Landorus|Earthquake|p2b: Glimmora|[spread] p2a,p2b\n|-immune|p1b: Hydreigon|[from] ability: Levitate\n|-supereffective|p2b: Glimmora\n|-damage|p2a: Dondozo|78\/100\n|-enditem|p2b: Glimmora|Focus Sash\n|-damage|p2b: Glimmora|1\/100\n|-activate|p2b: Glimmora|ability: Toxic Debris\n|-sidestart|p1: MarcSel18942|move: Toxic Spikes\n|move|p1b: Hydreigon|Dragon Pulse|p2b: Glimmora\n|-damage|p2b: Glimmora|0 fnt\n|faint|p2b: Glimmora\n|move|p2a: Dondozo|Wave Crash|p1a: Landorus\n|-supereffective|p1a: Landorus\n|-damage|p1a: Landorus|0 fnt\n|faint|p1a: Landorus\n|-damage|p2a: Dondozo|57\/100|[from] Recoil\n|\n|-heal|p2a: Dondozo|64\/100|[from] item: Leftovers\n|upkeep\n|\n|t:|1699718153\n|switch|p1a: Snorlax|Snorlax, L50, F|100\/100\n|switch|p2b: Dragonite|Dragonite, L50, F|100\/100\n|-status|p1a: Snorlax|psn\n|turn|2\n|\n|t:|1699718168\n|move|p2a: Dondozo|Protect|p2a: Dondozo\n|-singleturn|p2a: Dondozo|Protect\n|move|p1b: Hydreigon|Dragon Pulse|p2b: Dragonite\n|-supereffective|p2b: Dragonite\n|-damage|p2b: Dragonite|13\/100\n|move|p2b: Dragonite|Low Kick|p1a: Snorlax\n|-supereffective|p1a: Snorlax\n|-crit|p1a: Snorlax\n|-damage|p1a: Snorlax|0 fnt\n|faint|p1a: Snorlax\n|\n|-heal|p2a: Dondozo|70\/100|[from] item: Leftovers\n|upkeep\n|\n|t:|1699718174\n|switch|p1a: Urshifu|Urshifu-Rapid-Strike, L50, M|100\/100\n|-status|p1a: Urshifu|psn\n|turn|3\n|\n|t:|1699718195\n|switch|p2b: Heatran|Heatran, L50, M|100\/100\n|move|p1b: Hydreigon|Dragon Pulse|p2b: Heatran\n|-resisted|p2b: Heatran\n|-damage|p2b: Heatran|88\/100\n|move|p1a: Urshifu|Surging Strikes|p2a: Dondozo\n|-resisted|p2a: Dondozo\n|-crit|p2a: Dondozo\n|-damage|p2a: Dondozo|62\/100\n|-resisted|p2a: Dondozo\n|-crit|p2a: Dondozo\n|-damage|p2a: Dondozo|55\/100\n|-resisted|p2a: Dondozo\n|-crit|p2a: Dondozo\n|-damage|p2a: Dondozo|48\/100\n|-hitcount|p2a: Dondozo|3\n|move|p2a: Dondozo|Yawn||[still]\n|-fail|p2a: Dondozo\n|\n|-heal|p2a: Dondozo|54\/100|[from] item: Leftovers\n|-damage|p1a: Urshifu|88\/100 psn|[from] psn\n|upkeep\n|turn|4\n|\n|t:|1699718223\n|-terastallize|p1a: Urshifu|Water\n|-terastallize|p2b: Heatran|Grass\n|move|p1b: Hydreigon|Dark Pulse|p2a: Dondozo\n|-damage|p2a: Dondozo|13\/100\n|move|p1a: Urshifu|Surging Strikes|p2b: Heatran\n|-resisted|p2b: Heatran\n|-crit|p2b: Heatran\n|-damage|p2b: Heatran|71\/100\n|-resisted|p2b: Heatran\n|-crit|p2b: Heatran\n|-damage|p2b: Heatran|53\/100\n|-resisted|p2b: Heatran\n|-crit|p2b: Heatran\n|-damage|p2b: Heatran|34\/100\n|-hitcount|p2b: Heatran|3\n|move|p2b: Heatran|Tera Blast|p1a: Urshifu|[anim] Tera Blast Grass\n|-supereffective|p1a: Urshifu\n|-damage|p1a: Urshifu|0 fnt\n|faint|p1a: Urshifu\n|move|p2a: Dondozo|Yawn|p1b: Hydreigon\n|-start|p1b: Hydreigon|move: Yawn|[of] p2a: Dondozo\n|\n|-heal|p2a: Dondozo|19\/100|[from] item: Leftovers\n|upkeep\n|turn|5\n|-message|MarcSel18942 forfeited.\n|\n|win|jungle231016\n|raw|MarcSel18942's rating: 1058 &rarr; <strong>1036<\/strong><br \/>(-22 for losing)\n|raw|jungle231016's rating: 1000 &rarr; <strong>1047<\/strong><br \/>(+47 for winning)\n|l|\u2606MarcSel18942\n","uploadtime":1699718263,"views":10,"p1id":"marcsel18942","p2id":"jungle231016","formatid":"gen9vgc2023regulatione","rating":1036,"private":0,"password":""}