{"id":"gen9vgc2023regulatione-1991515085","p1":"NoahDaGr81","p2":"Kzjehzl","format":"[Gen 9] VGC 2023 Regulation E","log":"|j|\u2606NoahDaGr81\n|j|\u2606Kzjehzl\n|t:|1700084001\n|gametype|doubles\n|player|p1|NoahDaGr81|pokemonbreeder|1082\n|player|p2|Kzjehzl|lance|1089\n|teamsize|p1|6\n|teamsize|p2|6\n|gen|9\n|tier|[Gen 9] VGC 2023 Regulation E\n|rated|\n|rule|Species Clause: Limit one of each Pok\u00e9mon\n|rule|Item Clause: Limit one of each item\n|clearpoke\n|poke|p1|Ninetales, L50, F|\n|poke|p1|Chi-Yu, L50|\n|poke|p1|Flutter Mane, L50|\n|poke|p1|Espeon, L50, M|\n|poke|p1|Roaring Moon, L50|\n|poke|p1|Mienshao, L50, F|\n|poke|p2|Flutter Mane, L50|\n|poke|p2|Tornadus, L50, M|\n|poke|p2|Rillaboom, L50, F|\n|poke|p2|Garganacl, L50, F|\n|poke|p2|Arcanine-Hisui, L50, F|\n|poke|p2|Chien-Pao, L50|\n|teampreview|4\n|\n|t:|1700084020\n|start\n|switch|p1a: Mienshao|Mienshao, L50, F, shiny|100\/100\n|switch|p1b: Roaring Moon|Roaring Moon, L50, shiny|100\/100\n|switch|p2a: Tornadus|Tornadus, L50, M|100\/100\n|switch|p2b: Garganacl|Garganacl, L50, F|100\/100\n|turn|1\n|\n|t:|1700084048\n|-terastallize|p2b: Garganacl|Ghost\n|move|p1a: Mienshao|Fake Out|p2b: Garganacl\n|-immune|p2b: Garganacl\n|move|p1b: Roaring Moon|Tailwind|p1b: Roaring Moon\n|-sidestart|p1: NoahDaGr81|move: Tailwind\n|move|p2a: Tornadus|Bleakwind Storm|p1a: Mienshao|[spread] p1a,p1b\n|-supereffective|p1a: Mienshao\n|-damage|p1a: Mienshao|0 fnt\n|-damage|p1b: Roaring Moon|73\/100\n|faint|p1a: Mienshao\n|move|p2b: Garganacl|Iron Defense|p2b: Garganacl\n|-boost|p2b: Garganacl|def|2\n|\n|upkeep\n|\n|t:|1700084067\n|switch|p1a: Mercurius|Chi-Yu, L50|100\/100\n|-ability|p1a: Mercurius|Beads of Ruin\n|turn|2\n|\n|t:|1700084103\n|move|p2b: Garganacl|Protect|p2b: Garganacl\n|-singleturn|p2b: Garganacl|Protect\n|move|p2a: Tornadus|Tailwind|p2a: Tornadus\n|-sidestart|p2: Kzjehzl|move: Tailwind\n|move|p1b: Roaring Moon|Knock Off|p2a: Tornadus\n|-damage|p2a: Tornadus|35\/100\n|-damage|p1b: Roaring Moon|56\/100|[from] item: Rocky Helmet|[of] p2a: Tornadus\n|-enditem|p2a: Tornadus|Rocky Helmet|[from] move: Knock Off|[of] p1b: Roaring Moon\n|move|p1a: Mercurius|Dark Pulse|p2b: Garganacl\n|-activate|p2b: Garganacl|move: Protect\n|\n|upkeep\n|turn|3\n|\n|t:|1700084127\n|switch|p1a: Tsakurai|Ninetales, L50, F, shiny|100\/100\n|-weather|SunnyDay|[from] ability: Drought|[of] p1a: Tsakurai\n|-activate|p1b: Roaring Moon|ability: Protosynthesis\n|-start|p1b: Roaring Moon|protosynthesisspe\n|move|p1b: Roaring Moon|Protect|p1b: Roaring Moon\n|-singleturn|p1b: Roaring Moon|Protect\n|move|p2a: Tornadus|Bleakwind Storm|p1b: Roaring Moon|[spread] p1a\n|-activate|p1b: Roaring Moon|move: Protect\n|-crit|p1a: Tsakurai\n|-damage|p1a: Tsakurai|49\/100\n|move|p2b: Garganacl|Salt Cure|p1a: Tsakurai\n|-supereffective|p1a: Tsakurai\n|-damage|p1a: Tsakurai|13\/100\n|-start|p1a: Tsakurai|Salt Cure\n|\n|-weather|SunnyDay|[upkeep]\n|-damage|p1a: Tsakurai|0 fnt|[from] Salt Cure\n|faint|p1a: Tsakurai\n|upkeep\n|\n|t:|1700084146\n|switch|p1a: Mercurius|Chi-Yu, L50|100\/100\n|-ability|p1a: Mercurius|Beads of Ruin\n|turn|4\n|\n|t:|1700084155\n|move|p2b: Garganacl|Protect|p2b: Garganacl\n|-singleturn|p2b: Garganacl|Protect\n|move|p1b: Roaring Moon|Knock Off|p2a: Tornadus\n|-damage|p2a: Tornadus|0 fnt\n|faint|p2a: Tornadus\n|move|p1a: Mercurius|Dark Pulse|p2b: Garganacl\n|-activate|p2b: Garganacl|move: Protect\n|\n|-weather|SunnyDay|[upkeep]\n|-sideend|p1: NoahDaGr81|move: Tailwind\n|upkeep\n|\n|t:|1700084162\n|switch|p2a: Arcanine|Arcanine-Hisui, L50, F|100\/100\n|-ability|p2a: Arcanine|Intimidate|boost\n|-unboost|p1a: Mercurius|atk|1\n|-unboost|p1b: Roaring Moon|atk|1\n|turn|5\n|\n|t:|1700084187\n|-terastallize|p1b: Roaring Moon|Ground\n|move|p2a: Arcanine|Rock Slide|p1b: Roaring Moon|[spread] p1a,p1b\n|-supereffective|p1a: Mercurius\n|-resisted|p1b: Roaring Moon\n|-damage|p1a: Mercurius|0 fnt\n|-damage|p1b: Roaring Moon|37\/100\n|faint|p1a: Mercurius\n|move|p1b: Roaring Moon|Stomping Tantrum|p2a: Arcanine\n|-supereffective|p2a: Arcanine\n|-damage|p2a: Arcanine|0 fnt\n|faint|p2a: Arcanine\n|move|p2b: Garganacl|Salt Cure|p1b: Roaring Moon\n|-resisted|p1b: Roaring Moon\n|-damage|p1b: Roaring Moon|30\/100\n|\n|-weather|SunnyDay|[upkeep]\n|-sideend|p2: Kzjehzl|move: Tailwind\n|upkeep\n|\n|t:|1700084199\n|switch|p2a: Flutter Mane|Flutter Mane, L50|100\/100\n|-activate|p2a: Flutter Mane|ability: Protosynthesis\n|-start|p2a: Flutter Mane|protosynthesisspe\n|turn|6\n|\n|t:|1700084214\n|move|p2a: Flutter Mane|Moonblast|p1b: Roaring Moon\n|-damage|p1b: Roaring Moon|0 fnt\n|faint|p1b: Roaring Moon\n|-end|p1b: Roaring Moon|Protosynthesis|[silent]\n|\n|win|Kzjehzl\n|raw|NoahDaGr81's rating: 1082 &rarr; <strong>1060<\/strong><br \/>(-22 for losing)\n|raw|Kzjehzl's rating: 1089 &rarr; <strong>1115<\/strong><br \/>(+26 for winning)\n","uploadtime":1700084218,"views":7,"p1id":"noahdagr81","p2id":"kzjehzl","formatid":"gen9vgc2023regulatione","rating":1060,"private":0,"password":""}