{"id":"gen9vgc2023regulatione-1996697372","p1":"Mopan","p2":"Remastered H","format":"[Gen 9] VGC 2023 Regulation E","log":"|j|\u2606Mopan\n|j|\u2606Remastered H\n|t:|1700711089\n|gametype|doubles\n|player|p1|Mopan|pokemonbreeder-gen4|1169\n|player|p2|Remastered H|1|1068\n|teamsize|p1|6\n|teamsize|p2|6\n|gen|9\n|tier|[Gen 9] VGC 2023 Regulation E\n|rated|\n|rule|Species Clause: Limit one of each Pok\u00e9mon\n|rule|Item Clause: Limit one of each item\n|clearpoke\n|poke|p1|Sylveon, L50, M|\n|poke|p1|Electrode, L50|\n|poke|p1|Lurantis, L50, M|\n|poke|p1|Armarouge, L50, M|\n|poke|p1|Indeedee-F, L50, F|\n|poke|p1|Flamigo, L50, M|\n|poke|p2|Arboliva, L50, F|\n|poke|p2|Iron Hands, L50|\n|poke|p2|Ampharos, L50, M|\n|poke|p2|Falinks, L50|\n|poke|p2|Sneasler, L50, F|\n|poke|p2|Ceruledge, L50, M|\n|teampreview|4\n|\n|t:|1700711144\n|start\n|switch|p1a: RIZZ KING|Electrode, L50|100\/100\n|switch|p1b: Phoenixman|Armarouge, L50, M|100\/100\n|switch|p2a: Arboliva|Arboliva, L50, F|100\/100\n|switch|p2b: Ceruledge|Ceruledge, L50, M|100\/100\n|turn|1\n|\n|t:|1700711179\n|move|p1b: Phoenixman|Protect|p1b: Phoenixman\n|-singleturn|p1b: Phoenixman|Protect\n|move|p1a: RIZZ KING|Foul Play|p2b: Ceruledge\n|-supereffective|p2b: Ceruledge\n|-damage|p2b: Ceruledge|0 fnt\n|faint|p2b: Ceruledge\n|move|p2a: Arboliva|Hyper Voice|p1b: Phoenixman|[spread] \n|-activate|p1b: Phoenixman|move: Protect\n|-immune|p1a: RIZZ KING|[from] ability: Soundproof\n|\n|upkeep\n|\n|t:|1700711191\n|switch|p2b: Iron Hands|Iron Hands, L50|100\/100\n|turn|2\n|\n|t:|1700711226\n|switch|p1b: woman|Indeedee-F, L50, F|100\/100\n|-fieldstart|move: Psychic Terrain|[from] ability: Psychic Surge|[of] p1b: woman\n|move|p1a: RIZZ KING|Scary Face|p2a: Arboliva\n|-unboost|p2a: Arboliva|spe|2\n|move|p2b: Iron Hands|Drain Punch|p1a: RIZZ KING\n|-damage|p1a: RIZZ KING|33\/100\n|move|p2a: Arboliva|Hyper Voice|p1b: woman|[spread] p1b\n|-immune|p1a: RIZZ KING|[from] ability: Soundproof\n|-damage|p1b: woman|71\/100\n|-enditem|p1b: woman|Red Card|[of] p2a: Arboliva\n|drag|p2a: Ampharos|Ampharos, L50, M|100\/100\n|\n|upkeep\n|turn|3\n|\n|t:|1700711261\n|move|p2b: Iron Hands|Protect|p2b: Iron Hands\n|-singleturn|p2b: Iron Hands|Protect\n|move|p1b: woman|Follow Me|p1b: woman\n|-singleturn|p1b: woman|move: Follow Me\n|move|p1a: RIZZ KING|Eerie Impulse|p2a: Ampharos\n|-unboost|p2a: Ampharos|spa|2\n|move|p2a: Ampharos|Electroweb|p1b: woman|[spread] p1a,p1b\n|-resisted|p1a: RIZZ KING\n|-damage|p1a: RIZZ KING|28\/100\n|-damage|p1b: woman|64\/100\n|-unboost|p1b: woman|spe|1\n|\n|upkeep\n|turn|4\n|\n|t:|1700711298\n|move|p1b: woman|Follow Me|p1b: woman\n|-singleturn|p1b: woman|move: Follow Me\n|move|p1a: RIZZ KING|Scary Face|p2a: Ampharos\n|-unboost|p2a: Ampharos|spe|2\n|move|p2b: Iron Hands|Drain Punch|p1b: woman\n|-damage|p1b: woman|6\/100\n|move|p2a: Ampharos|Dazzling Gleam|p1b: woman|[spread] p1a,p1b\n|-damage|p1a: RIZZ KING|18\/100\n|-damage|p1b: woman|0 fnt\n|faint|p1b: woman\n|\n|upkeep\n|\n|t:|1700711309\n|switch|p1b: Phoenixman|Armarouge, L50, M|100\/100\n|turn|5\n|\n|t:|1700711321\n|switch|p2a: Arboliva|Arboliva, L50, F|100\/100\n|move|p2b: Iron Hands|Protect|p2b: Iron Hands\n|-singleturn|p2b: Iron Hands|Protect\n|move|p1a: RIZZ KING|Foul Play|p1b: Phoenixman\n|-supereffective|p1b: Phoenixman\n|-damage|p1b: Phoenixman|78\/100\n|-ability|p1b: Phoenixman|Weak Armor|boost\n|-unboost|p1b: Phoenixman|def|1\n|-boost|p1b: Phoenixman|spe|2\n|-enditem|p1b: Phoenixman|Weakness Policy\n|-boost|p1b: Phoenixman|atk|2|[from] item: Weakness Policy\n|-boost|p1b: Phoenixman|spa|2|[from] item: Weakness Policy\n|move|p1b: Phoenixman|Expanding Force|p2b: Iron Hands|[spread] p2a\n|-activate|p2b: Iron Hands|move: Protect\n|-damage|p2a: Arboliva|0 fnt\n|-fieldstart|move: Grassy Terrain|[from] ability: Seed Sower|[of] p2a: Arboliva\n|faint|p2a: Arboliva\n|\n|-heal|p1b: Phoenixman|84\/100|[from] Grassy Terrain\n|-heal|p1a: RIZZ KING|24\/100|[from] Grassy Terrain\n|upkeep\n|\n|t:|1700711336\n|switch|p2a: Ampharos|Ampharos, L50, M|100\/100\n|turn|6\n|\n|t:|1700711386\n|-terastallize|p1b: Phoenixman|Fighting\n|-terastallize|p2b: Iron Hands|Water\n|move|p1b: Phoenixman|Aura Sphere|p2a: Ampharos\n|-damage|p2a: Ampharos|35\/100\n|move|p1a: RIZZ KING|Taunt|p2b: Iron Hands\n|-start|p2b: Iron Hands|move: Taunt\n|move|p2a: Ampharos|Electroweb|p1a: RIZZ KING|[spread] p1a,p1b\n|-resisted|p1a: RIZZ KING\n|-damage|p1a: RIZZ KING|13\/100\n|-damage|p1b: Phoenixman|61\/100\n|-unboost|p1b: Phoenixman|spe|1\n|move|p2b: Iron Hands|Drain Punch|p1a: RIZZ KING\n|-damage|p1a: RIZZ KING|0 fnt\n|faint|p1a: RIZZ KING\n|\n|-heal|p1b: Phoenixman|68\/100|[from] Grassy Terrain\n|-heal|p2a: Ampharos|41\/100|[from] Grassy Terrain\n|-heal|p2a: Ampharos|47\/100|[from] item: Leftovers\n|upkeep\n|\n|t:|1700711405\n|switch|p1a: Friend|Flamigo, L50, M|100\/100\n|-copyboost|p1a: Friend|p1b: Phoenixman|[from] ability: Costar\n|turn|7\n|\n|t:|1700711432\n|move|p1a: Friend|Wide Guard|p1a: Friend\n|-singleturn|p1a: Friend|Wide Guard\n|move|p1b: Phoenixman|Aura Sphere|p2b: Iron Hands\n|-damage|p2b: Iron Hands|19\/100\n|-enditem|p2b: Iron Hands|Aguav Berry|[eat]\n|-heal|p2b: Iron Hands|52\/100|[from] item: Aguav Berry\n|move|p2a: Ampharos|Dazzling Gleam|p1a: Friend|[spread] \n|-activate|p1a: Friend|move: Wide Guard\n|-activate|p1b: Phoenixman|move: Wide Guard\n|move|p2b: Iron Hands|Thunder Punch|p1a: Friend\n|-supereffective|p1a: Friend\n|-enditem|p1a: Friend|Focus Sash\n|-damage|p1a: Friend|1\/100\n|\n|-heal|p1b: Phoenixman|74\/100|[from] Grassy Terrain\n|-heal|p2a: Ampharos|53\/100|[from] Grassy Terrain\n|-heal|p2a: Ampharos|59\/100|[from] item: Leftovers\n|-heal|p2b: Iron Hands|58\/100|[from] Grassy Terrain\n|upkeep\n|turn|8\n|\n|t:|1700711499\n|move|p1a: Friend|Close Combat|p2b: Iron Hands\n|-damage|p2b: Iron Hands|0 fnt\n|-unboost|p1a: Friend|def|1\n|-unboost|p1a: Friend|spd|1\n|faint|p2b: Iron Hands\n|-end|p2b: Iron Hands|Quark Drive|[silent]\n|move|p1b: Phoenixman|Armor Cannon|p2a: Ampharos\n|-damage|p2a: Ampharos|0 fnt\n|-unboost|p1b: Phoenixman|def|1\n|-unboost|p1b: Phoenixman|spd|1\n|faint|p2a: Ampharos\n|\n|win|Mopan\n|raw|Mopan's rating: 1169 &rarr; <strong>1187<\/strong><br \/>(+18 for winning)\n|raw|Remastered H's rating: 1068 &rarr; <strong>1054<\/strong><br \/>(-14 for losing)\n|l|\u2606Remastered H\n","uploadtime":1700711515,"views":11,"p1id":"mopan","p2id":"remasteredh","formatid":"gen9vgc2023regulatione","rating":1054,"private":0,"password":""}