{"id":"gen9vgc2023regulatione-1988796236","p1":"hash brown enjoyer","p2":"HayPrime","format":"[Gen 9] VGC 2023 Regulation E","log":"|j|\u2606hash brown enjoyer\n|j|\u2606HayPrime\n|n|\u2606hash brown enjoyer|hashbrownenjoyer\n|n|\u2606HayPrime|hayprime\n|html|View the match progress at <a href=\"\/game-bestof3-gen9vgc2023regulatione-1988794131\">game-bestof3-gen9vgc2023regulatione-1988794131<\/a>\n|t:|1699764386\n|gametype|doubles\n|player|p1|hash brown enjoyer|ingo|\n|player|p2|HayPrime|170|\n|teamsize|p1|6\n|teamsize|p2|6\n|gen|9\n|tier|[Gen 9] VGC 2023 Regulation E\n|rule|Species Clause: Limit one of each Pok\u00e9mon\n|rule|Item Clause: Limit one of each item\n|clearpoke\n|poke|p1|Rillaboom, L50, M|\n|poke|p1|Sneasler, L50, M|\n|poke|p1|Empoleon, L50, F|\n|poke|p1|Chandelure, L50, M|\n|poke|p1|Salamence, L50, F|\n|poke|p1|Spewpa, L50, F|\n|poke|p2|Heatran, L50, F|\n|poke|p2|Golem, L50, M|\n|poke|p2|Dondozo, L50, F|\n|poke|p2|Tatsugiri, L50, M|\n|poke|p2|Okidogi, L50, M|\n|poke|p2|Sinistcha, L50|\n|teampreview|4\n|\n|t:|1699764417\n|start\n|switch|p1a: Rillaboom|Rillaboom, L50, M|100\/100\n|switch|p1b: Chandelure|Chandelure, L50, M|100\/100\n|switch|p2a: hot n crazy|Heatran, L50, F|100\/100\n|switch|p2b: silly goofy|Golem, L50, M|100\/100\n|-fieldstart|move: Grassy Terrain|[from] ability: Grassy Surge|[of] p1a: Rillaboom\n|turn|1\n|\n|t:|1699764455\n|-terastallize|p1b: Chandelure|Grass\n|move|p2a: hot n crazy|Protect|p2a: hot n crazy\n|-singleturn|p2a: hot n crazy|Protect\n|move|p2b: silly goofy|Protect|p2b: silly goofy\n|-singleturn|p2b: silly goofy|Protect\n|move|p1b: Chandelure|Energy Ball|p2b: silly goofy\n|-activate|p2b: silly goofy|move: Protect\n|move|p1a: Rillaboom|High Horsepower|p2a: hot n crazy\n|-activate|p2a: hot n crazy|move: Protect\n|\n|upkeep\n|turn|2\n|\n|t:|1699764494\n|-terastallize|p2a: hot n crazy|Fire\n|move|p1a: Rillaboom|Grassy Glide|p2b: silly goofy\n|-supereffective|p2b: silly goofy\n|-ability|p2b: silly goofy|Sturdy\n|-damage|p2b: silly goofy|1\/100\n|-enditem|p2b: silly goofy|Red Card|[of] p1a: Rillaboom\n|drag|p1a: Empoleon|Empoleon, L50, F|100\/100\n|move|p1b: Chandelure|Energy Ball|p2b: silly goofy\n|-supereffective|p2b: silly goofy\n|-damage|p2b: silly goofy|0 fnt\n|faint|p2b: silly goofy\n|-damage|p1b: Chandelure|91\/100|[from] item: Life Orb\n|move|p2a: hot n crazy|Heat Wave|p1b: Chandelure|[spread] p1a\n|-start|p1b: Chandelure|ability: Flash Fire\n|-damage|p1a: Empoleon|44\/100\n|-damage|p2a: hot n crazy|91\/100|[from] item: Life Orb\n|\n|-heal|p1b: Chandelure|96\/100|[from] Grassy Terrain\n|-heal|p2a: hot n crazy|97\/100|[from] Grassy Terrain\n|-heal|p1a: Empoleon|50\/100|[from] Grassy Terrain\n|-heal|p1a: Empoleon|56\/100|[from] item: Leftovers\n|upkeep\n|c|\u2606HayPrime|everything went wrong\n|\n|t:|1699764527\n|switch|p2b: fuck|Dondozo, L50, F|100\/100\n|turn|3\n|c|\u2606hash brown enjoyer|that gave me the craziest whiplash\n|\n|t:|1699764546\n|switch|p2a: sushi = bad|Tatsugiri, L50, M|100\/100\n|-activate|p2a: sushi = bad|ability: Commander|[of] p2b: fuck\n|-boost|p2b: fuck|atk|2\n|-boost|p2b: fuck|spa|2\n|-boost|p2b: fuck|spe|2\n|-boost|p2b: fuck|def|2\n|-boost|p2b: fuck|spd|2\n|move|p1b: Chandelure|Protect|p1b: Chandelure\n|-singleturn|p1b: Chandelure|Protect\n|move|p2b: fuck|Order Up|p1b: Chandelure\n|-activate|p1b: Chandelure|move: Protect\n|move|p1a: Empoleon|Hydro Pump|p2a: sushi = bad|[miss]\n|-miss|p1a: Empoleon|p2a: sushi = bad\n|\n|-heal|p1b: Chandelure|100\/100|[from] Grassy Terrain\n|-heal|p1a: Empoleon|62\/100|[from] Grassy Terrain\n|-heal|p1a: Empoleon|68\/100|[from] item: Leftovers\n|upkeep\n|turn|4\n|\n|t:|1699764560\n|-end|p1b: Chandelure|ability: Flash Fire|[silent]\n|switch|p1b: Rillaboom|Rillaboom, L50, M|100\/100\n|move|p2b: fuck|Order Up|p1b: Rillaboom\n|-damage|p1b: Rillaboom|56\/100\n|-boost|p2b: fuck|atk|1\n|move|p1a: Empoleon|Haze|p1a: Empoleon\n|-clearallboost\n|\n|-heal|p1b: Rillaboom|62\/100|[from] Grassy Terrain\n|-heal|p1a: Empoleon|73\/100|[from] Grassy Terrain\n|-heal|p1a: Empoleon|79\/100|[from] item: Leftovers\n|upkeep\n|turn|5\n|c|\u2606HayPrime|my notes had that it got haze\n|c|\u2606HayPrime|but that was yesterday\n|\n|t:|1699764593\n|move|p1b: Rillaboom|Fake Out|p2b: fuck\n|-damage|p2b: fuck|91\/100\n|move|p1a: Empoleon|Yawn|p2b: fuck\n|-start|p2b: fuck|move: Yawn|[of] p1a: Empoleon\n|cant|p2b: fuck|flinch\n|\n|-heal|p1b: Rillaboom|68\/100|[from] Grassy Terrain\n|-heal|p1a: Empoleon|85\/100|[from] Grassy Terrain\n|-heal|p1a: Empoleon|91\/100|[from] item: Leftovers\n|-heal|p2b: fuck|97\/100|[from] Grassy Terrain\n|-fieldend|move: Grassy Terrain\n|upkeep\n|turn|6\n|inactive|Battle timer is ON: inactive players will automatically lose when time's up. (requested by HayPrime)\n|\n|t:|1699764610\n|move|p1b: Rillaboom|Wood Hammer|p2b: fuck\n|-supereffective|p2b: fuck\n|-damage|p2b: fuck|13\/100\n|-enditem|p2b: fuck|Sitrus Berry|[eat]\n|-heal|p2b: fuck|38\/100|[from] item: Sitrus Berry\n|-damage|p1b: Rillaboom|33\/100|[from] Recoil\n|move|p1a: Empoleon|Hydro Pump|p2b: fuck\n|-resisted|p2b: fuck\n|-damage|p2b: fuck|18\/100\n|move|p2b: fuck|Order Up|p1b: Rillaboom\n|-damage|p1b: Rillaboom|9\/100\n|-boost|p2b: fuck|atk|1\n|\n|-heal|p1a: Empoleon|96\/100|[from] item: Leftovers\n|-end|p2b: fuck|move: Yawn|[silent]\n|-status|p2b: fuck|slp\n|upkeep\n|turn|7\n|inactive|hash brown enjoyer has 30 seconds left.\n|inactive|hash brown enjoyer has 20 seconds left.\n|inactive|hash brown enjoyer has 15 seconds left.\n|\n|t:|1699764653\n|move|p1b: Rillaboom|Grassy Glide|p2b: fuck\n|-supereffective|p2b: fuck\n|-damage|p2b: fuck|0 fnt\n|faint|p2b: fuck\n|move|p1a: Empoleon|Yawn|p2a: sushi = bad\n|-start|p2a: sushi = bad|move: Yawn|[of] p1a: Empoleon\n|\n|-heal|p1a: Empoleon|100\/100|[from] item: Leftovers\n|upkeep\n|\n|t:|1699764656\n|switch|p2b: hot n crazy|Heatran, L50, F, tera:Fire|97\/100\n|turn|8\n|\n|t:|1699764669\n|move|p2a: sushi = bad|Icy Wind|p1b: Rillaboom|[spread] p1a,p1b\n|-resisted|p1a: Empoleon\n|-supereffective|p1b: Rillaboom\n|-damage|p1a: Empoleon|98\/100\n|-damage|p1b: Rillaboom|0 fnt\n|-unboost|p1a: Empoleon|spe|1\n|-ability|p1a: Empoleon|Competitive|boost\n|-boost|p1a: Empoleon|spa|2\n|faint|p1b: Rillaboom\n|move|p2b: hot n crazy|Earth Power|p1a: Empoleon\n|-supereffective|p1a: Empoleon\n|-damage|p1a: Empoleon|26\/100\n|-damage|p2b: hot n crazy|87\/100|[from] item: Life Orb\n|move|p1a: Empoleon|Hydro Pump|p2b: hot n crazy\n|-supereffective|p2b: hot n crazy\n|-damage|p2b: hot n crazy|0 fnt\n|faint|p2b: hot n crazy\n|\n|-heal|p1a: Empoleon|31\/100|[from] item: Leftovers\n|-end|p2a: sushi = bad|move: Yawn|[silent]\n|-status|p2a: sushi = bad|slp\n|upkeep\n|\n|t:|1699764686\n|switch|p1b: Salamence|Salamence, L50, F|100\/100\n|-ability|p1b: Salamence|Intimidate|boost\n|-unboost|p2a: sushi = bad|atk|1\n|turn|9\n|\n|t:|1699764692\n|cant|p2a: sushi = bad|slp\n|move|p1b: Salamence|Dragon Claw|p2a: sushi = bad\n|-supereffective|p2a: sushi = bad\n|-damage|p2a: sushi = bad|0 fnt\n|faint|p2a: sushi = bad\n|\n|win|hash brown enjoyer\n","uploadtime":1699764694,"views":62,"p1id":"hashbrownenjoyer","p2id":"hayprime","formatid":"gen9vgc2023regulatione","rating":0,"private":0,"password":""}