{"id":"gen9vgc2023regulatione-2000209260","p1":"XJQJ","p2":"BluFalconTwitch","format":"[Gen 9] VGC 2023 Regulation E","log":"|j|\u2606XJQJ\n|j|\u2606BluFalconTwitch\n|t:|1701172405\n|gametype|doubles\n|player|p1|XJQJ|dawn|1309\n|player|p2|BluFalconTwitch|266|1255\n|teamsize|p1|6\n|teamsize|p2|6\n|gen|9\n|tier|[Gen 9] VGC 2023 Regulation E\n|rated|\n|rule|Species Clause: Limit one of each Pok\u00e9mon\n|rule|Item Clause: Limit one of each item\n|clearpoke\n|poke|p1|Palafin, L50, F|\n|poke|p1|Dudunsparce-*, L50, F|\n|poke|p1|Poliwrath, L50, M|\n|poke|p1|Grimmsnarl, L50, M|\n|poke|p1|Weezing, L50, F|\n|poke|p1|Dipplin, L50, F|\n|poke|p2|Urshifu-*, L50, M|\n|poke|p2|Iron Hands, L50|\n|poke|p2|Landorus-Therian, L50, M|\n|poke|p2|Ogerpon-Hearthflame, L50, F|\n|poke|p2|Roaring Moon, L50|\n|poke|p2|Okidogi, L50, M|\n|teampreview|4\nBluFalconTwitch has agreed to open team sheets.\n|\n|t:|1701172432\n|start\n|switch|p1a: Palafin|Palafin, L50, F, shiny|100\/100\n|switch|p1b: Grimmsnarl|Grimmsnarl, L50, M, shiny|100\/100\n|switch|p2a: Iron Hands|Iron Hands, L50|100\/100\n|switch|p2b: Roaring Moon|Roaring Moon, L50|100\/100\n|-enditem|p2b: Roaring Moon|Booster Energy\n|-activate|p2b: Roaring Moon|ability: Protosynthesis|[fromitem]\n|-start|p2b: Roaring Moon|protosynthesisspe\n|turn|1\n|\n|t:|1701172447\n|detailschange|p1a: Palafin|Palafin-Hero, L50, F, shiny\n|switch|p1a: Weezing|Weezing, L50, F, shiny|100\/100\n|-ability|p1a: Weezing|Neutralizing Gas\n|switch|p1b: Poliwrath|Poliwrath, L50, M, shiny|100\/100\n|move|p2a: Iron Hands|Fake Out|p1b: Poliwrath\n|-damage|p1b: Poliwrath|89\/100\n|move|p2b: Roaring Moon|Tailwind|p2b: Roaring Moon\n|-sidestart|p2: BluFalconTwitch|move: Tailwind\n|\n|upkeep\n|turn|2\n|\n|t:|1701172471\n|-terastallize|p2b: Roaring Moon|Flying\n|move|p2b: Roaring Moon|Knock Off|p1a: Weezing\n|-damage|p1a: Weezing|56\/100\n|-enditem|p1a: Weezing|Eject Button|[from] move: Knock Off|[of] p2b: Roaring Moon\n|move|p2a: Iron Hands|Heavy Slam|p1a: Weezing\n|-damage|p1a: Weezing|16\/100\n|move|p1b: Poliwrath|Belly Drum|p1b: Poliwrath\n|-damage|p1b: Poliwrath|40\/100\n|-setboost|p1b: Poliwrath|atk|6|[from] move: Belly Drum\n|-enditem|p1b: Poliwrath|Sitrus Berry|[eat]\n|-heal|p1b: Poliwrath|64\/100|[from] item: Sitrus Berry\n|move|p1a: Weezing|Will-O-Wisp|p2a: Iron Hands\n|-status|p2a: Iron Hands|brn\n|\n|-damage|p2a: Iron Hands|94\/100 brn|[from] brn\n|upkeep\n|turn|3\n|\n|t:|1701172493\n|-terastallize|p1b: Poliwrath|Steel\n|move|p2b: Roaring Moon|Acrobatics|p1b: Poliwrath\n|-resisted|p1b: Poliwrath\n|-damage|p1b: Poliwrath|42\/100\n|move|p2a: Iron Hands|Wild Charge|p1a: Weezing\n|-damage|p1a: Weezing|0 fnt\n|faint|p1a: Weezing\n|-end|p1a: Weezing|ability: Neutralizing Gas\n|-damage|p2a: Iron Hands|91\/100 brn|[from] Recoil\n|move|p1b: Poliwrath|Baton Pass|p1b: Poliwrath\n|\n|t:|1701172504\n|switch|p1b: Palafin|Palafin-Hero, L50, F, shiny|100\/100|[from] Baton Pass\n|-activate|p1b: Palafin|ability: Zero to Hero\n|\n|-damage|p2a: Iron Hands|85\/100 brn|[from] brn\n|upkeep\n|\n|t:|1701172510\n|switch|p1a: Grimmsnarl|Grimmsnarl, L50, M, shiny|100\/100\n|turn|4\n|\n|t:|1701172528\n|move|p1b: Palafin|Jet Punch|p2b: Roaring Moon\n|-damage|p2b: Roaring Moon|0 fnt\n|faint|p2b: Roaring Moon\n|-end|p2b: Roaring Moon|Protosynthesis|[silent]\n|-damage|p1b: Palafin|91\/100|[from] item: Life Orb\n|move|p1a: Grimmsnarl|Reflect|p1a: Grimmsnarl\n|-sidestart|p1: XJQJ|Reflect\n|move|p2a: Iron Hands|Wild Charge|p1b: Palafin\n|-supereffective|p1b: Palafin\n|-damage|p1b: Palafin|59\/100\n|-damage|p2a: Iron Hands|78\/100 brn|[from] Recoil\n|\n|-damage|p2a: Iron Hands|72\/100 brn|[from] brn\n|-sideend|p2: BluFalconTwitch|move: Tailwind\n|upkeep\n|\n|t:|1701172535\n|switch|p2b: Okidogi|Okidogi, L50, M|100\/100\n|turn|5\n|\n|t:|1701172562\n|move|p1b: Palafin|Jet Punch|p2a: Iron Hands\n|-damage|p2a: Iron Hands|0 fnt\n|faint|p2a: Iron Hands\n|-end|p2a: Iron Hands|Quark Drive|[silent]\n|-damage|p1b: Palafin|50\/100|[from] item: Life Orb\n|move|p1a: Grimmsnarl|Thunder Wave|p2b: Okidogi\n|-status|p2b: Okidogi|par\n|move|p2b: Okidogi|Poison Jab|p1b: Palafin\n|-damage|p1b: Palafin|25\/100\n|\n|upkeep\n|\n|t:|1701172566\n|switch|p2a: Ogerpon|Ogerpon-Hearthflame, L50, F|100\/100\n|-ability|p2a: Ogerpon|Mold Breaker\n|turn|6\n|\n|t:|1701172592\n|move|p2a: Ogerpon|Spiky Shield|p2a: Ogerpon\n|-singleturn|p2a: Ogerpon|move: Protect\n|move|p1a: Grimmsnarl|Thunder Wave|p2a: Ogerpon\n|-activate|p2a: Ogerpon|move: Protect\n|move|p1b: Palafin|Drain Punch|p2b: Okidogi\n|-resisted|p2b: Okidogi\n|-damage|p2b: Okidogi|35\/100 par\n|-heal|p1b: Palafin|55\/100|[from] drain|[of] p2b: Okidogi\n|-damage|p1b: Palafin|46\/100|[from] item: Life Orb\n|move|p2b: Okidogi|Poison Jab|p1b: Palafin\n|-damage|p1b: Palafin|23\/100\n|\n|-heal|p2b: Okidogi|41\/100 par|[from] item: Leftovers\n|upkeep\n|turn|7\n|\n|t:|1701172612\n|move|p1a: Grimmsnarl|Thunder Wave|p2a: Ogerpon\n|-status|p2a: Ogerpon|par\n|move|p1b: Palafin|Drain Punch|p2a: Ogerpon\n|-damage|p2a: Ogerpon|0 fnt\n|-heal|p1b: Palafin|62\/100|[from] drain|[of] p2a: Ogerpon\n|faint|p2a: Ogerpon\n|-damage|p1b: Palafin|52\/100|[from] item: Life Orb\n|move|p2b: Okidogi|Poison Jab|p1a: Grimmsnarl\n|-supereffective|p1a: Grimmsnarl\n|-damage|p1a: Grimmsnarl|50\/100\n|\n|-heal|p2b: Okidogi|47\/100 par|[from] item: Leftovers\n|upkeep\n|turn|8\n|-message|BluFalconTwitch forfeited.\n|\n|win|XJQJ\n|raw|XJQJ's rating: 1309 &rarr; <strong>1326<\/strong><br \/>(+17 for winning)\n|raw|BluFalconTwitch's rating: 1255 &rarr; <strong>1234<\/strong><br \/>(-21 for losing)\n|l|\u2606BluFalconTwitch\n","uploadtime":1701172626,"views":3,"p1id":"xjqj","p2id":"blufalcontwitch","formatid":"gen9vgc2023regulatione","rating":1234,"private":0,"password":""}