{"id":"gen9vgc2023regulatione-1990091957","p1":"GarlandTTV","p2":"ProToDiend","format":"[Gen 9] VGC 2023 Regulation E","log":"|j|\u2606GarlandTTV\n|j|\u2606ProToDiend\n|t:|1699923653\n|gametype|doubles\n|player|p1|GarlandTTV|169|1379\n|player|p2|ProToDiend|101|1312\n|teamsize|p1|6\n|teamsize|p2|6\n|gen|9\n|tier|[Gen 9] VGC 2023 Regulation E\n|rated|\n|rule|Species Clause: Limit one of each Pok\u00e9mon\n|rule|Item Clause: Limit one of each item\n|clearpoke\n|poke|p1|Moltres-Galar, L50|\n|poke|p1|Urshifu-*, L50, F|\n|poke|p1|Ogerpon-Wellspring, L50, F|\n|poke|p1|Sinistcha-Masterpiece, L50|\n|poke|p1|Roaring Moon, L50|\n|poke|p1|Flutter Mane, L50|\n|poke|p2|Indeedee-F, L50, F|\n|poke|p2|Armarouge, L50, F|\n|poke|p2|Iron Hands, L50|\n|poke|p2|Roaring Moon, L50|\n|poke|p2|Sylveon, L50, F|\n|poke|p2|Milotic, L50, F|\n|teampreview|4\n|inactive|Battle timer is ON: inactive players will automatically lose when time's up. (requested by GarlandTTV)\n|inactive|GarlandTTV has 60 seconds left.\n|inactive|GarlandTTV has 30 seconds left.\n|\n|t:|1699923723\n|start\n|switch|p1a: Moltres|Moltres-Galar, L50|100\/100\n|switch|p1b: Flutter Mane|Flutter Mane, L50|100\/100\n|switch|p2a: Roaring Moon|Roaring Moon, L50|100\/100\n|switch|p2b: Iron Hands|Iron Hands, L50|100\/100\n|-enditem|p2a: Roaring Moon|Booster Energy\n|-activate|p2a: Roaring Moon|ability: Protosynthesis|[fromitem]\n|-start|p2a: Roaring Moon|protosynthesisspe\n|turn|1\n|\n|t:|1699923738\n|-terastallize|p2a: Roaring Moon|Flying\n|move|p1b: Flutter Mane|Protect|p1b: Flutter Mane\n|-singleturn|p1b: Flutter Mane|Protect\n|move|p1a: Moltres|Protect|p1a: Moltres\n|-singleturn|p1a: Moltres|Protect\n|move|p2a: Roaring Moon|Tailwind|p2a: Roaring Moon\n|-sidestart|p2: ProToDiend|move: Tailwind\n|move|p2b: Iron Hands|Heavy Slam|p1b: Flutter Mane\n|-activate|p1b: Flutter Mane|move: Protect\n|\n|upkeep\n|turn|2\n|\n|t:|1699923763\n|move|p2a: Roaring Moon|Acrobatics|p1b: Flutter Mane\n|-enditem|p1b: Flutter Mane|Focus Sash\n|-damage|p1b: Flutter Mane|1\/100\n|move|p1b: Flutter Mane|Dazzling Gleam|p2b: Iron Hands|[spread] p2a,p2b\n|-supereffective|p2b: Iron Hands\n|-damage|p2a: Roaring Moon|69\/100\n|-damage|p2b: Iron Hands|64\/100\n|move|p2b: Iron Hands|Wild Charge|p1a: Moltres\n|-supereffective|p1a: Moltres\n|-damage|p1a: Moltres|3\/100\n|-damage|p2b: Iron Hands|44\/100|[from] Recoil\n|-ability|p1a: Moltres|Berserk|boost\n|-boost|p1a: Moltres|spa|1\n|-enditem|p1a: Moltres|Sitrus Berry|[eat]\n|-heal|p1a: Moltres|28\/100|[from] item: Sitrus Berry\n|move|p1a: Moltres|Tailwind|p1a: Moltres\n|-sidestart|p1: GarlandTTV|move: Tailwind\n|\n|upkeep\n|turn|3\n|\n|t:|1699923787\n|move|p1b: Flutter Mane|Protect|p1b: Flutter Mane\n|-singleturn|p1b: Flutter Mane|Protect\n|move|p2a: Roaring Moon|Acrobatics|p1a: Moltres\n|-crit|p1a: Moltres\n|-damage|p1a: Moltres|0 fnt\n|faint|p1a: Moltres\n|move|p2b: Iron Hands|Heavy Slam|p1b: Flutter Mane\n|-activate|p1b: Flutter Mane|move: Protect\n|\n|upkeep\n|\n|t:|1699923804\n|switch|p1a: Urshifu|Urshifu-Rapid-Strike, L50, F|100\/100\n|turn|4\n|\n|t:|1699923816\n|-terastallize|p1a: Urshifu|Steel\n|move|p2a: Roaring Moon|Acrobatics|p1a: Urshifu\n|-resisted|p1a: Urshifu\n|-damage|p1a: Urshifu|72\/100\n|move|p1b: Flutter Mane|Dazzling Gleam|p2a: Roaring Moon|[spread] p2a,p2b\n|-supereffective|p2b: Iron Hands\n|-crit|p2b: Iron Hands\n|-damage|p2a: Roaring Moon|37\/100\n|-damage|p2b: Iron Hands|0 fnt\n|faint|p2b: Iron Hands\n|-end|p2b: Iron Hands|Quark Drive|[silent]\n|move|p1a: Urshifu|Surging Strikes|p2a: Roaring Moon\n|-crit|p2a: Roaring Moon\n|-damage|p2a: Roaring Moon|2\/100\n|-crit|p2a: Roaring Moon\n|-damage|p2a: Roaring Moon|0 fnt\n|faint|p2a: Roaring Moon\n|-end|p2a: Roaring Moon|Protosynthesis|[silent]\n|-hitcount|p2: Roaring Moon|2\n|\n|-sideend|p2: ProToDiend|move: Tailwind\n|upkeep\n|\n|t:|1699923831\n|switch|p2a: Sylveon|Sylveon, L50, F|100\/100\n|switch|p2b: Armarouge|Armarouge, L50, F|100\/100\n|turn|5\n|\n|t:|1699923845\n|move|p2a: Sylveon|Quick Attack|p1b: Flutter Mane\n|-damage|p1b: Flutter Mane|0 fnt\n|faint|p1b: Flutter Mane\n|-end|p1b: Flutter Mane|Protosynthesis|[silent]\n|move|p1a: Urshifu|Surging Strikes|p2a: Sylveon\n|-crit|p2a: Sylveon\n|-damage|p2a: Sylveon|63\/100\n|-crit|p2a: Sylveon\n|-damage|p2a: Sylveon|20\/100\n|-crit|p2a: Sylveon\n|-damage|p2a: Sylveon|0 fnt\n|faint|p2a: Sylveon\n|-hitcount|p2: Sylveon|3\n|move|p2b: Armarouge|Flamethrower|p1a: Urshifu\n|-supereffective|p1a: Urshifu\n|-damage|p1a: Urshifu|0 fnt\n|faint|p1a: Urshifu\n|-damage|p2b: Armarouge|91\/100|[from] item: Life Orb\n|\n|-sideend|p1: GarlandTTV|move: Tailwind\n|upkeep\n|\n|t:|1699923862\n|switch|p1a: Ogerpon|Ogerpon-Wellspring, L50, F|100\/100\n|turn|6\n|\n|t:|1699923866\n|move|p1a: Ogerpon|Ivy Cudgel|p2b: Armarouge\n|-supereffective|p2b: Armarouge\n|-crit|p2b: Armarouge\n|-damage|p2b: Armarouge|0 fnt\n|faint|p2b: Armarouge\n|\n|win|GarlandTTV\n|raw|GarlandTTV's rating: 1379 &rarr; <strong>1395<\/strong><br \/>(+16 for winning)\n|raw|ProToDiend's rating: 1312 &rarr; <strong>1296<\/strong><br \/>(-16 for losing)\n|l|\u2606GarlandTTV\n","uploadtime":1699923876,"views":10,"p1id":"garlandttv","p2id":"protodiend","formatid":"gen9vgc2023regulatione","rating":1296,"private":0,"password":""}