{"id":"gen9vgc2023regulatione-1993445002","p1":"Assoup32","p2":"Mighty Soup 022","format":"[Gen 9] VGC 2023 Regulation E","log":"|j|\u2606Assoup32\n|j|\u2606Mighty Soup 022\n|t:|1700318780\n|gametype|doubles\n|player|p1|Assoup32|102|1151\n|player|p2|Mighty Soup 022|102|1163\n|teamsize|p1|6\n|teamsize|p2|6\n|gen|9\n|tier|[Gen 9] VGC 2023 Regulation E\n|rated|\n|rule|Species Clause: Limit one of each Pok\u00e9mon\n|rule|Item Clause: Limit one of each item\n|clearpoke\n|poke|p1|Rillaboom, L50, F|\n|poke|p1|Flutter Mane, L50|\n|poke|p1|Arcanine-Hisui, L50, F|\n|poke|p1|Iron Bundle, L50|\n|poke|p1|Weezing, L50, M|\n|poke|p1|Slaking, L50, M|\n|poke|p2|Arcanine-Hisui, L50, F|\n|poke|p2|Iron Hands, L50|\n|poke|p2|Sinistcha, L50|\n|poke|p2|Cetitan, L50, M|\n|poke|p2|Bronzong, L50|\n|poke|p2|Iron Moth, L50|\n|teampreview|4\n|\n|t:|1700318823\n|start\n|switch|p1a: Slaking|Slaking, L50, M|100\/100\n|switch|p1b: Weezing|Weezing, L50, M|100\/100\n|switch|p2a: Arcanine|Arcanine-Hisui, L50, F|100\/100\n|switch|p2b: Iron Hands|Iron Hands, L50|100\/100\n|-ability|p1b: Weezing|Neutralizing Gas\n|turn|1\n|inactive|Battle timer is ON: inactive players will automatically lose when time's up. (requested by Mighty Soup 022)\n|\n|t:|1700318842\n|-terastallize|p1a: Slaking|Fairy\n|move|p2a: Arcanine|Rock Slide|p1b: Weezing|[spread] p1a,p1b\n|-damage|p1a: Slaking|80\/100\n|-damage|p1b: Weezing|80\/100\n|move|p1a: Slaking|High Horsepower|p2a: Arcanine\n|-supereffective|p2a: Arcanine\n|-damage|p2a: Arcanine|0 fnt\n|faint|p2a: Arcanine\n|move|p1b: Weezing|Will-O-Wisp|p2b: Iron Hands\n|-status|p2b: Iron Hands|brn\n|move|p2b: Iron Hands|Drain Punch|p1a: Slaking\n|-resisted|p1a: Slaking\n|-damage|p1a: Slaking|72\/100\n|\n|-heal|p1b: Weezing|85\/100|[from] item: Leftovers\n|-damage|p2b: Iron Hands|94\/100 brn|[from] brn\n|upkeep\n|\n|t:|1700318866\n|switch|p2a: Sinistcha|Sinistcha, L50|100\/100\n|turn|2\n|\n|t:|1700318889\n|move|p1a: Slaking|High Horsepower|p2b: Iron Hands\n|-supereffective|p2b: Iron Hands\n|-damage|p2b: Iron Hands|37\/100 brn\n|move|p1b: Weezing|Taunt|p2a: Sinistcha\n|-start|p2a: Sinistcha|move: Taunt\n|move|p2b: Iron Hands|Iron Head|p1a: Slaking\n|-supereffective|p1a: Slaking\n|-damage|p1a: Slaking|48\/100\n|cant|p2a: Sinistcha|move: Taunt|Trick Room\n|\n|-heal|p1b: Weezing|91\/100|[from] item: Leftovers\n|-damage|p2b: Iron Hands|31\/100 brn|[from] brn\n|upkeep\n|turn|3\n|\n|t:|1700318908\n|move|p1a: Slaking|High Horsepower|p2b: Iron Hands\n|-supereffective|p2b: Iron Hands\n|-damage|p2b: Iron Hands|0 fnt\n|faint|p2b: Iron Hands\n|-end|p2b: Iron Hands|Quark Drive|[silent]\n|move|p2a: Sinistcha|Matcha Gotcha|p1a: Slaking|[spread] p1a,p1b\n|-resisted|p1b: Weezing\n|-damage|p1a: Slaking|24\/100\n|-damage|p1b: Weezing|75\/100\n|-status|p1a: Slaking|brn\n|move|p1b: Weezing|Sludge Bomb|p2a: Sinistcha\n|-crit|p2a: Sinistcha\n|-damage|p2a: Sinistcha|55\/100\n|\n|-heal|p1b: Weezing|81\/100|[from] item: Leftovers\n|-damage|p1a: Slaking|18\/100 brn|[from] brn\n|upkeep\n|\n|t:|1700318922\n|switch|p2b: Cetitan|Cetitan, L50, M|100\/100\n|turn|4\n|\n|t:|1700318933\n|move|p1a: Slaking|Sucker Punch|p2a: Sinistcha\n|-supereffective|p2a: Sinistcha\n|-damage|p2a: Sinistcha|20\/100\n|-damage|p1a: Slaking|2\/100 brn|[from] item: Rocky Helmet|[of] p2a: Sinistcha\n|move|p2b: Cetitan|Icicle Crash|p1b: Weezing\n|-damage|p1b: Weezing|38\/100\n|-damage|p2b: Cetitan|91\/100|[from] item: Life Orb\n|move|p2a: Sinistcha|Matcha Gotcha|p1b: Weezing|[spread] p1b\n|-miss|p2a: Sinistcha|p1a: Slaking\n|-resisted|p1b: Weezing\n|-damage|p1b: Weezing|23\/100\n|-heal|p2a: Sinistcha|30\/100|[from] drain|[of] p1b: Weezing\n|move|p1b: Weezing|Will-O-Wisp|p2b: Cetitan\n|-status|p2b: Cetitan|brn\n|\n|-heal|p1b: Weezing|28\/100|[from] item: Leftovers\n|-damage|p1a: Slaking|0 fnt|[from] brn\n|faint|p1a: Slaking\n|-damage|p2b: Cetitan|85\/100 brn|[from] brn\n|-end|p2a: Sinistcha|move: Taunt\n|upkeep\n|\n|t:|1700318952\n|switch|p1a: Arcanine|Arcanine-Hisui, L50, F|100\/100\n|turn|5\n|\n|t:|1700318964\n|move|p1a: Arcanine|Flare Blitz|p2a: Sinistcha\n|-supereffective|p2a: Sinistcha\n|-damage|p2a: Sinistcha|0 fnt\n|-damage|p1a: Arcanine|84\/100|[from] item: Rocky Helmet|[of] p2a: Sinistcha\n|faint|p2a: Sinistcha\n|-damage|p1a: Arcanine|77\/100|[from] Recoil\n|move|p2b: Cetitan|Superpower|p1a: Arcanine\n|-supereffective|p1a: Arcanine\n|-damage|p1a: Arcanine|19\/100\n|-unboost|p2b: Cetitan|atk|1\n|-unboost|p2b: Cetitan|def|1\n|-enditem|p1a: Arcanine|Sitrus Berry|[eat]\n|-heal|p1a: Arcanine|44\/100|[from] item: Sitrus Berry\n|-damage|p2b: Cetitan|75\/100 brn|[from] item: Life Orb\n|move|p1b: Weezing|Taunt|p2b: Cetitan\n|-start|p2b: Cetitan|move: Taunt\n|\n|-heal|p1b: Weezing|34\/100|[from] item: Leftovers\n|-damage|p2b: Cetitan|69\/100 brn|[from] brn\n|upkeep\n|turn|6\n|\n|t:|1700318986\n|move|p1a: Arcanine|Flare Blitz|p2b: Cetitan\n|-supereffective|p2b: Cetitan\n|-damage|p2b: Cetitan|0 fnt\n|faint|p2b: Cetitan\n|-damage|p1a: Arcanine|13\/100|[from] Recoil\n|\n|win|Assoup32\n|raw|Assoup32's rating: 1151 &rarr; <strong>1177<\/strong><br \/>(+26 for winning)\n|raw|Mighty Soup 022's rating: 1163 &rarr; <strong>1137<\/strong><br \/>(-26 for losing)\n|l|\u2606Mighty Soup 022\n","uploadtime":1700318996,"views":31,"p1id":"assoup32","p2id":"mightysoup022","formatid":"gen9vgc2023regulatione","rating":1137,"private":0,"password":""}