{"id":"gen9vgc2023regulatione-1994148430","p1":"wdytyaia","p2":"Blanc&GibleVGC","format":"[Gen 9] VGC 2023 Regulation E","log":"|j|\u2606wdytyaia\n|j|\u2606Blanc&GibleVGC\n|t:|1700412524\n|gametype|doubles\n|player|p1|wdytyaia|irida|1277\n|player|p2|Blanc&GibleVGC|psychic-gen4|1365\n|teamsize|p1|6\n|teamsize|p2|6\n|gen|9\n|tier|[Gen 9] VGC 2023 Regulation E\n|rated|\n|rule|Species Clause: Limit one of each Pok\u00e9mon\n|rule|Item Clause: Limit one of each item\n|clearpoke\n|poke|p1|Roaring Moon, L50|\n|poke|p1|Arcanine-Hisui, L50, M|\n|poke|p1|Chien-Pao, L50|\n|poke|p1|Iron Hands, L50|\n|poke|p1|Kingambit, L50, F|\n|poke|p1|Sinistcha, L50|\n|poke|p2|Kleavor, L50, F|\n|poke|p2|Arcanine, L50, M|\n|poke|p2|Ogerpon-Hearthflame, L50, F|\n|poke|p2|Iron Hands, L50|\n|poke|p2|Iron Bundle, L50|\n|poke|p2|Flutter Mane, L50|\n|teampreview|4\nwdytyaia has agreed to open team sheets.\n|inactive|Battle timer is ON: inactive players will automatically lose when time's up. (requested by Blanc&GibleVGC)\nBlanc&GibleVGC rejected open team sheets.\n|inactive|wdytyaia has 60 seconds left.\n|inactive|wdytyaia has 30 seconds left.\n|inactive|wdytyaia has 20 seconds left.\n|\n|t:|1700412599\n|start\n|switch|p1a: Iron Hands|Iron Hands, L50|100\/100\n|switch|p1b: Kingambit|Kingambit, L50, F|100\/100\n|switch|p2a: Iron Hands|Iron Hands, L50|100\/100\n|switch|p2b: Iron Bundle|Iron Bundle, L50|100\/100\n|-enditem|p2b: Iron Bundle|Booster Energy\n|-activate|p2b: Iron Bundle|ability: Quark Drive|[fromitem]\n|-start|p2b: Iron Bundle|quarkdrivespe\n|turn|1\n|l|\u2606wdytyaia\n|inactive|wdytyaia disconnected and has a minute to reconnect!\n|player|p1|\n|j|\u2606wdytyaia\n|inactive|wdytyaia reconnected and has 40 seconds left.\n|player|p1|wdytyaia|irida\n|inactive|wdytyaia has 30 seconds left.\n|inactive|Blanc&GibleVGC has 30 seconds left.\n|\n|t:|1700412631\n|-end|p2b: Iron Bundle|Quark Drive|[silent]\n|switch|p2b: Ogerpon|Ogerpon-Hearthflame, L50, F|100\/100\n|-ability|p2b: Ogerpon|Mold Breaker\n|move|p1b: Kingambit|Protect|p1b: Kingambit\n|-singleturn|p1b: Kingambit|Protect\n|move|p2a: Iron Hands|Drain Punch|p1b: Kingambit\n|-activate|p1b: Kingambit|move: Protect\n|move|p1a: Iron Hands|Wild Charge|p2b: Ogerpon\n|-resisted|p2b: Ogerpon\n|-damage|p2b: Ogerpon|71\/100\n|-damage|p1a: Iron Hands|95\/100|[from] Recoil\n|\n|upkeep\n|turn|2\n|\n|t:|1700412655\n|switch|p1b: Arcanine|Arcanine-Hisui, L50, M|100\/100\n|-ability|p1b: Arcanine|Intimidate|boost\n|-unboost|p2a: Iron Hands|atk|1\n|-unboost|p2b: Ogerpon|atk|1\n|move|p2b: Ogerpon|Spiky Shield|p2b: Ogerpon\n|-singleturn|p2b: Ogerpon|move: Protect\n|move|p2a: Iron Hands|Drain Punch|p1b: Arcanine\n|-supereffective|p1b: Arcanine\n|-damage|p1b: Arcanine|30\/100\n|move|p1a: Iron Hands|Drain Punch|p2b: Ogerpon\n|-activate|p2b: Ogerpon|move: Protect\n|-damage|p1a: Iron Hands|83\/100|[from] Spiky Shield|[of] p2b: Ogerpon\n|\n|upkeep\n|turn|3\n|\n|t:|1700412677\n|switch|p2b: Flutter Mane|Flutter Mane, L50|100\/100\n|move|p1b: Arcanine|Extreme Speed|p2b: Flutter Mane\n|-immune|p2b: Flutter Mane\n|move|p2a: Iron Hands|Drain Punch|p1b: Arcanine\n|-supereffective|p1b: Arcanine\n|-damage|p1b: Arcanine|0 fnt\n|faint|p1b: Arcanine\n|move|p1a: Iron Hands|Drain Punch|p2b: Flutter Mane\n|-immune|p2b: Flutter Mane\n|\n|upkeep\n|\n|t:|1700412681\n|switch|p1b: Sinistcha|Sinistcha, L50|100\/100\n|-heal|p1a: Iron Hands|100\/100|[from] ability: Hospitality|[of] p1b: Sinistcha\n|turn|4\n|inactive|Blanc&GibleVGC has 30 seconds left.\n|inactive|Blanc&GibleVGC has 20 seconds left.\n|\n|t:|1700412717\n|-end|p2b: Flutter Mane|Protosynthesis|[silent]\n|switch|p2b: Ogerpon|Ogerpon-Hearthflame, L50, F|71\/100\n|-ability|p2b: Ogerpon|Mold Breaker\n|-end|p2a: Iron Hands|Quark Drive|[silent]\n|switch|p2a: Iron Bundle|Iron Bundle, L50|100\/100\n|-terastallize|p1b: Sinistcha|Fire\n|move|p1a: Iron Hands|Drain Punch|p2a: Iron Bundle\n|-supereffective|p2a: Iron Bundle\n|-damage|p2a: Iron Bundle|0 fnt\n|faint|p2a: Iron Bundle\n|-end|p2a: Iron Bundle|Quark Drive|[silent]\n|move|p1b: Sinistcha|Trick Room|p1b: Sinistcha\n|-fieldstart|move: Trick Room|[of] p1b: Sinistcha\n|\n|upkeep\n|\n|t:|1700412730\n|switch|p2a: Iron Hands|Iron Hands, L50|100\/100\n|turn|5\n|inactive|wdytyaia has 30 seconds left.\n|\n|t:|1700412758\n|-terastallize|p2b: Ogerpon|Fire\n|detailschange|p2b: Ogerpon|Ogerpon-Hearthflame-Tera, L50, F, tera:Fire\n|-ability|p2b: Ogerpon|Embody Aspect (Hearthflame)|boost\n|-boost|p2b: Ogerpon|atk|1\n|move|p2a: Iron Hands|Fake Out|p1a: Iron Hands\n|-damage|p1a: Iron Hands|90\/100\n|cant|p1a: Iron Hands|flinch\n|move|p1b: Sinistcha|Strength Sap|p2b: Ogerpon\n|-unboost|p2b: Ogerpon|atk|1\n|move|p2b: Ogerpon|Ivy Cudgel|p1a: Iron Hands|[anim] Ivy Cudgel Fire\n|-damage|p1a: Iron Hands|34\/100\n|\n|upkeep\n|turn|6\n|\n|t:|1700412782\n|switch|p2b: Flutter Mane|Flutter Mane, L50|100\/100\n|move|p1b: Sinistcha|Rage Powder|p1b: Sinistcha\n|-singleturn|p1b: Sinistcha|move: Rage Powder\n|move|p1a: Iron Hands|Drain Punch|p2a: Iron Hands\n|-damage|p2a: Iron Hands|69\/100\n|-heal|p1a: Iron Hands|50\/100|[from] drain|[of] p2a: Iron Hands\n|move|p2a: Iron Hands|Stomping Tantrum|p1b: Sinistcha\n|-supereffective|p1b: Sinistcha\n|-damage|p1b: Sinistcha|59\/100\n|-damage|p2a: Iron Hands|52\/100|[from] item: Rocky Helmet|[of] p1b: Sinistcha\n|\n|upkeep\n|turn|7\n|inactive|Blanc&GibleVGC has 30 seconds left.\n|\n|t:|1700412809\n|move|p1a: Iron Hands|Heavy Slam|p2b: Flutter Mane\n|-supereffective|p2b: Flutter Mane\n|-damage|p2b: Flutter Mane|0 fnt\n|faint|p2b: Flutter Mane\n|-end|p2b: Flutter Mane|Protosynthesis|[silent]\n|move|p2a: Iron Hands|Stomping Tantrum|p1a: Iron Hands\n|-supereffective|p1a: Iron Hands\n|-damage|p1a: Iron Hands|10\/100\n|move|p1b: Sinistcha|Strength Sap|p2a: Iron Hands\n|-unboost|p2a: Iron Hands|atk|1\n|-heal|p1b: Sinistcha|100\/100\n|\n|upkeep\n|\n|t:|1700412818\n|switch|p2b: Ogerpon|Ogerpon-Hearthflame-Tera, L50, F, tera:Fire|71\/100\n|-ability|p2b: Ogerpon|Embody Aspect (Hearthflame)|boost\n|-boost|p2b: Ogerpon|atk|1\n|turn|8\n|\n|t:|1700412829\n|move|p2b: Ogerpon|Spiky Shield|p2b: Ogerpon\n|-singleturn|p2b: Ogerpon|move: Protect\n|move|p1b: Sinistcha|Rage Powder|p1b: Sinistcha\n|-singleturn|p1b: Sinistcha|move: Rage Powder\n|move|p1a: Iron Hands|Drain Punch|p2a: Iron Hands\n|-damage|p2a: Iron Hands|23\/100\n|-heal|p1a: Iron Hands|26\/100|[from] drain|[of] p2a: Iron Hands\n|move|p2a: Iron Hands|Stomping Tantrum|p1b: Sinistcha\n|-supereffective|p1b: Sinistcha\n|-damage|p1b: Sinistcha|72\/100\n|-damage|p2a: Iron Hands|6\/100|[from] item: Rocky Helmet|[of] p1b: Sinistcha\n|\n|-fieldend|move: Trick Room\n|upkeep\n|turn|9\n|\n|t:|1700412848\n|move|p2b: Ogerpon|Ivy Cudgel|p1a: Iron Hands|[anim] Ivy Cudgel Fire\n|-damage|p1a: Iron Hands|0 fnt\n|faint|p1a: Iron Hands\n|-end|p1a: Iron Hands|Quark Drive|[silent]\n|move|p2a: Iron Hands|Stomping Tantrum|p1b: Sinistcha\n|-supereffective|p1b: Sinistcha\n|-damage|p1b: Sinistcha|45\/100\n|-damage|p2a: Iron Hands|0 fnt|[from] item: Rocky Helmet|[of] p1b: Sinistcha\n|faint|p2a: Iron Hands\n|-end|p2a: Iron Hands|Quark Drive|[silent]\n|move|p1b: Sinistcha|Trick Room|p1b: Sinistcha\n|-fieldstart|move: Trick Room|[of] p1b: Sinistcha\n|\n|upkeep\n|\n|t:|1700412853\n|switch|p1a: Kingambit|Kingambit, L50, F|100\/100\n|turn|10\n|\n|t:|1700412867\n|move|p1a: Kingambit|Protect|p1a: Kingambit\n|-singleturn|p1a: Kingambit|Protect\n|move|p2b: Ogerpon|Spiky Shield|p2b: Ogerpon\n|-singleturn|p2b: Ogerpon|move: Protect\n|move|p1b: Sinistcha|Strength Sap|p2b: Ogerpon\n|-activate|p2b: Ogerpon|move: Protect\n|\n|upkeep\n|turn|11\n|\n|t:|1700412874\n|move|p1b: Sinistcha|Rage Powder|p1b: Sinistcha\n|-singleturn|p1b: Sinistcha|move: Rage Powder\n|move|p1a: Kingambit|Kowtow Cleave|p2b: Ogerpon\n|-damage|p2b: Ogerpon|1\/100\n|move|p2b: Ogerpon|Ivy Cudgel|p1b: Sinistcha|[anim] Ivy Cudgel Fire\n|-resisted|p1b: Sinistcha\n|-damage|p1b: Sinistcha|3\/100\n|\n|upkeep\n|turn|12\n|\n|t:|1700412887\n|move|p2b: Ogerpon|Spiky Shield|p2b: Ogerpon\n|-singleturn|p2b: Ogerpon|move: Protect\n|move|p1b: Sinistcha|Rage Powder|p1b: Sinistcha\n|-singleturn|p1b: Sinistcha|move: Rage Powder\n|move|p1a: Kingambit|Kowtow Cleave|p2b: Ogerpon\n|-activate|p2b: Ogerpon|move: Protect\n|-damage|p1a: Kingambit|88\/100|[from] Spiky Shield|[of] p2b: Ogerpon\n|\n|upkeep\n|turn|13\n|\n|t:|1700412896\n|move|p2b: Ogerpon|Spiky Shield|p2b: Ogerpon\n|-singleturn|p2b: Ogerpon|move: Protect\n|move|p1b: Sinistcha|Rage Powder|p1b: Sinistcha\n|-singleturn|p1b: Sinistcha|move: Rage Powder\n|move|p1a: Kingambit|Kowtow Cleave|p2b: Ogerpon\n|-activate|p2b: Ogerpon|move: Protect\n|-damage|p1a: Kingambit|76\/100|[from] Spiky Shield|[of] p2b: Ogerpon\n|\n|-fieldend|move: Trick Room\n|upkeep\n|turn|14\n|\n|t:|1700412911\n|move|p1a: Kingambit|Sucker Punch|p2b: Ogerpon\n|-damage|p2b: Ogerpon|0 fnt\n|faint|p2b: Ogerpon\n|\n|win|wdytyaia\n|raw|wdytyaia's rating: 1277 &rarr; <strong>1308<\/strong><br \/>(+31 for winning)\n|raw|Blanc&amp;GibleVGC's rating: 1365 &rarr; <strong>1340<\/strong><br \/>(-25 for losing)\n","uploadtime":1700412915,"views":5,"p1id":"wdytyaia","p2id":"blancgiblevgc","formatid":"gen9vgc2023regulatione","rating":1308,"private":0,"password":""}