{"id":"gen9vgc2023regulatione-1989702139","p1":"Vaain","p2":"kidturtle","format":"[Gen 9] VGC 2023 Regulation E","log":"|j|\u2606Vaain\n|j|\u2606kidturtle\n|n|\u2606Vaain|vaain\n|n|\u2606kidturtle|kidturtle\n|html|View the match progress at <a href=\"\/game-bestof3-gen9vgc2023regulatione-1989702138\">game-bestof3-gen9vgc2023regulatione-1989702138<\/a>\n|t:|1699888300\n|gametype|doubles\n|player|p1|Vaain|101|\n|player|p2|kidturtle|hoopster|\n|teamsize|p1|6\n|teamsize|p2|6\n|gen|9\n|tier|[Gen 9] VGC 2023 Regulation E\n|rated|Tournament battle\n|rule|Species Clause: Limit one of each Pok\u00e9mon\n|rule|Item Clause: Limit one of each item\n|clearpoke\n|poke|p1|Iron Hands, L50|\n|poke|p1|Roaring Moon, L50|\n|poke|p1|Iron Bundle, L50|\n|poke|p1|Arcanine-Hisui, L50, F|\n|poke|p1|Ninetales-Alola, L50, M|\n|poke|p1|Landorus-Therian, L50, M|\n|poke|p2|Ursaluna, L50, M|\n|poke|p2|Cresselia, L50, F|\n|poke|p2|Flutter Mane, L50|\n|poke|p2|Chi-Yu, L50|\n|poke|p2|Iron Hands, L50|\n|poke|p2|Urshifu-*, L50, M|\n|teampreview|4\n|showteam|p1|Iron Hands||AssaultVest|QuarkDrive|HeavySlam,DrainPunch,WildCharge,FakeOut||||||50|,,,,,Steel]Roaring Moon||LifeOrb|Protosynthesis|Crunch,DragonClaw,IronHead,Protect||||||50|,,,,,Steel]Iron Bundle||BoosterEnergy|QuarkDrive|FlipTurn,FreezeDry,HydroPump,IcyWind||||||50|,,,,,Water]Arcanine-Hisui||SafetyGoggles|Intimidate|Protect,FlareBlitz,ExtremeSpeed,WillOWisp|||F|||50|,,,,,Flying]Ninetales-Alola||LightClay|SnowWarning|AuroraVeil,Blizzard,Protect,DazzlingGleam|||M|||50|,,,,,Ice]Landorus-Therian||ChoiceScarf|Intimidate|Uturn,RockSlide,StompingTantrum,TeraBlast|||M|||50|,,,,,Flying\n|showteam|p2|Ursaluna||FlameOrb|Guts|Facade,Earthquake,SwordsDance,Protect|||M|||50|,,,,,Ghost]Cresselia||MentalHerb|Levitate|IceBeam,AllySwitch,LunarBlessing,TrickRoom|||F|||50|,,,,,Fairy]Flutter Mane||BoosterEnergy|Protosynthesis|IcyWind,ShadowBall,Moonblast,Protect||||||50|,,,,,Fairy]Chi-Yu||ChoiceSpecs|BeadsofRuin|BurningJealousy,DarkPulse,Overheat,Snarl||||||50|,,,,,Ghost]Iron Hands||SitrusBerry|QuarkDrive|DrainPunch,WildCharge,FakeOut,SwordsDance||||||50|,,,,,Fire]Urshifu||FocusSash|UnseenFist|Detect,WickedBlow,CloseCombat,SuckerPunch|||M|||50|,,,,,Dark\n|inactive|Battle timer is ON: inactive players will automatically lose when time's up. (requested by Vaain)\n|inactive|Vaain has 60 seconds left.\n|\n|t:|1699888356\n|start\n|switch|p1a: Kuma|Ninetales-Alola, L50, M|100\/100\n|switch|p1b: Rawring Moon|Roaring Moon, L50|100\/100\n|switch|p2a: Flutter Mane|Flutter Mane, L50, shiny|100\/100\n|switch|p2b: Chi-Yu|Chi-Yu, L50|100\/100\n|-weather|Snow|[from] ability: Snow Warning|[of] p1a: Kuma\n|-ability|p2b: Chi-Yu|Beads of Ruin\n|-enditem|p2a: Flutter Mane|Booster Energy\n|-activate|p2a: Flutter Mane|ability: Protosynthesis|[fromitem]\n|-start|p2a: Flutter Mane|protosynthesisspe\n|turn|1\n|inactive|Vaain has 30 seconds left.\n|\n|t:|1699888389\n|move|p1b: Rawring Moon|Protect|p1b: Rawring Moon\n|-singleturn|p1b: Rawring Moon|Protect\n|move|p1a: Kuma|Protect|p1a: Kuma\n|-singleturn|p1a: Kuma|Protect\n|move|p2a: Flutter Mane|Icy Wind|p1a: Kuma|[spread] \n|-activate|p1a: Kuma|move: Protect\n|-activate|p1b: Rawring Moon|move: Protect\n|move|p2b: Chi-Yu|Overheat|p1a: Kuma\n|-activate|p1a: Kuma|move: Protect\n|\n|-weather|Snow|[upkeep]\n|upkeep\n|turn|2\n|\n|t:|1699888406\n|-terastallize|p1b: Rawring Moon|Steel\n|move|p2a: Flutter Mane|Moonblast|p1b: Rawring Moon\n|-resisted|p1b: Rawring Moon\n|-damage|p1b: Rawring Moon|65\/100\n|move|p1b: Rawring Moon|Iron Head|p2a: Flutter Mane\n|-supereffective|p2a: Flutter Mane\n|-damage|p2a: Flutter Mane|0 fnt\n|faint|p2a: Flutter Mane\n|-end|p2a: Flutter Mane|Protosynthesis|[silent]\n|-damage|p1b: Rawring Moon|56\/100|[from] item: Life Orb\n|move|p1a: Kuma|Aurora Veil|p1a: Kuma\n|-sidestart|p1: Vaain|move: Aurora Veil\n|move|p2b: Chi-Yu|Overheat|p1a: Kuma\n|-supereffective|p1a: Kuma\n|-damage|p1a: Kuma|0 fnt\n|-unboost|p2b: Chi-Yu|spa|2\n|faint|p1a: Kuma\n|\n|-weather|Snow|[upkeep]\n|upkeep\n|\n|t:|1699888420\n|switch|p2a: Cresselia|Cresselia, L50, F|100\/100\n|switch|p1a: Meowscles|Landorus-Therian, L50, M|100\/100\n|-ability|p1a: Meowscles|Intimidate|boost\n|-unboost|p2a: Cresselia|atk|1\n|-unboost|p2b: Chi-Yu|atk|1\n|turn|3\n|\n|t:|1699888431\n|switch|p2b: Ursaluna|Ursaluna, L50, M|100\/100\n|move|p1a: Meowscles|Stomping Tantrum|p2b: Ursaluna\n|-damage|p2b: Ursaluna|70\/100\n|move|p1b: Rawring Moon|Crunch|p2a: Cresselia\n|-supereffective|p2a: Cresselia\n|-damage|p2a: Cresselia|28\/100\n|-damage|p1b: Rawring Moon|45\/100|[from] item: Life Orb\n|move|p2a: Cresselia|Trick Room|p2a: Cresselia\n|-fieldstart|move: Trick Room|[of] p2a: Cresselia\n|\n|-weather|Snow|[upkeep]\n|-status|p2b: Ursaluna|brn|[from] item: Flame Orb\n|upkeep\n|turn|4\n|\n|t:|1699888449\n|move|p1b: Rawring Moon|Protect|p1b: Rawring Moon\n|-singleturn|p1b: Rawring Moon|Protect\n|move|p2b: Ursaluna|Earthquake|p1a: Meowscles|[spread] \n|-activate|p1b: Rawring Moon|move: Protect\n|-immune|p2a: Cresselia|[from] ability: Levitate\n|-immune|p1a: Meowscles\n|move|p2a: Cresselia|Ice Beam|p1a: Meowscles\n|-supereffective|p1a: Meowscles\n|-damage|p1a: Meowscles|37\/100\n|move|p1a: Meowscles|Stomping Tantrum|p2b: Ursaluna\n|-damage|p2b: Ursaluna|39\/100 brn\n|\n|-weather|Snow|[upkeep]\n|-damage|p2b: Ursaluna|33\/100 brn|[from] brn\n|upkeep\n|turn|5\n|\n|t:|1699888473\n|move|p2b: Ursaluna|Earthquake|p1b: Rawring Moon|[spread] p1b\n|-immune|p2a: Cresselia|[from] ability: Levitate\n|-immune|p1a: Meowscles\n|-supereffective|p1b: Rawring Moon\n|-damage|p1b: Rawring Moon|0 fnt\n|faint|p1b: Rawring Moon\n|-end|p1b: Rawring Moon|Protosynthesis|[silent]\n|move|p2a: Cresselia|Ice Beam|p1a: Meowscles\n|-supereffective|p1a: Meowscles\n|-damage|p1a: Meowscles|0 fnt\n|faint|p1a: Meowscles\n|\n|-weather|none\n|-damage|p2b: Ursaluna|28\/100 brn|[from] brn\n|upkeep\n|\n|t:|1699888480\n|switch|p1b: Shady|Iron Bundle, L50, shiny|100\/100\n|-enditem|p1b: Shady|Booster Energy\n|-activate|p1b: Shady|ability: Quark Drive|[fromitem]\n|-start|p1b: Shady|quarkdrivespe\n|turn|6\n|\n|t:|1699888503\n|move|p2b: Ursaluna|Facade|p1b: Shady\n|-damage|p1b: Shady|0 fnt\n|faint|p1b: Shady\n|-end|p1b: Shady|Quark Drive|[silent]\n|\n|win|kidturtle\n|c|&|\/uhtml prompt-kidturtle,kidturtle is ready for game 2!\n|l|\u2606Vaain\n|inactive|Vaain has 50 seconds to confirm battle start!\n|inactive|Vaain has 40 seconds to confirm battle start!\n|inactive|Vaain has 30 seconds to confirm battle start!\n|j|\u2606Vaain\n|player|p1|Vaain|101\n|inactive|Vaain has 20 seconds to confirm battle start!\n|inactive|Vaain has 10 seconds to confirm battle start!\nBoth players are ready! Starting next match!\n","uploadtime":1699888747,"views":22,"p1id":"vaain","p2id":"kidturtle","formatid":"gen9vgc2023regulatione","rating":0,"private":0,"password":""}