{"id":"gen9vgc2023regulatione-1988940350","p1":"CALAMELLA","p2":"Smirne","format":"[Gen 9] VGC 2023 Regulation E","log":"|j|\u2606CALAMELLA\n|j|\u2606Smirne\n|t:|1699791603\n|gametype|doubles\n|player|p1|CALAMELLA|drayden|1476\n|player|p2|Smirne|dragontamer|1440\n|teamsize|p1|6\n|teamsize|p2|6\n|gen|9\n|tier|[Gen 9] VGC 2023 Regulation E\n|rated|\n|rule|Species Clause: Limit one of each Pok\u00e9mon\n|rule|Item Clause: Limit one of each item\n|clearpoke\n|poke|p1|Ursaluna-Bloodmoon, L50, M|\n|poke|p1|Dusclops, L50, M|\n|poke|p1|Ogerpon-Hearthflame, L50, F|\n|poke|p1|Rillaboom, L50, F|\n|poke|p1|Flutter Mane, L50|\n|poke|p1|Urshifu-*, L50, M|\n|poke|p2|Dragonite, L50, M|\n|poke|p2|Chien-Pao, L50|\n|poke|p2|Ogerpon-Hearthflame, L50, F|\n|poke|p2|Illumise, L50, F|\n|poke|p2|Urshifu-*, L50, M|\n|poke|p2|Flutter Mane, L50|\n|teampreview|4\n|\n|t:|1699791640\n|start\n|switch|p1a: Ogerpon|Ogerpon-Hearthflame, L50, F|100\/100\n|switch|p1b: Dusclops|Dusclops, L50, M|100\/100\n|switch|p2a: Illumise|Illumise, L50, F|100\/100\n|switch|p2b: Flutter Mane|Flutter Mane, L50|100\/100\n|-ability|p1a: Ogerpon|Mold Breaker\n|-ability|p1b: Dusclops|Pressure\n|-enditem|p2b: Flutter Mane|Booster Energy\n|-activate|p2b: Flutter Mane|ability: Protosynthesis|[fromitem]\n|-start|p2b: Flutter Mane|protosynthesisspa\n|turn|1\n|\n|t:|1699791664\n|move|p2b: Flutter Mane|Protect|p2b: Flutter Mane\n|-singleturn|p2b: Flutter Mane|Protect\n|move|p1a: Ogerpon|Follow Me|p1a: Ogerpon\n|-singleturn|p1a: Ogerpon|move: Follow Me\n|move|p2a: Illumise|Bug Buzz|p1a: Ogerpon\n|-damage|p1a: Ogerpon|74\/100\n|move|p1b: Dusclops|Trick Room|p1b: Dusclops\n|-fieldstart|move: Trick Room|[of] p1b: Dusclops\n|\n|upkeep\n|turn|2\n|\n|t:|1699791686\n|switch|p1b: Ursaluna|Ursaluna-Bloodmoon, L50, M|100\/100\n|move|p2a: Illumise|Encore||[still]\n|-fail|p2a: Illumise\n|move|p1a: Ogerpon|Ivy Cudgel|p2a: Illumise\n|-supereffective|p2a: Illumise\n|-crit|p2a: Illumise\n|-damage|p2a: Illumise|0 fnt\n|faint|p2a: Illumise\n|move|p2b: Flutter Mane|Dazzling Gleam|p1b: Ursaluna|[spread] p1a,p1b\n|-resisted|p1a: Ogerpon\n|-damage|p1a: Ogerpon|51\/100\n|-damage|p1b: Ursaluna|46\/100\n|\n|upkeep\n|\n|t:|1699791697\n|switch|p2a: Urshifu|Urshifu-Rapid-Strike, L50, M|100\/100\n|turn|3\n|\n|t:|1699791710\n|switch|p1b: Rillaboom|Rillaboom, L50, F|100\/100\n|-fieldstart|move: Grassy Terrain|[from] ability: Grassy Surge|[of] p1b: Rillaboom\n|-terastallize|p2a: Urshifu|Water\n|move|p1a: Ogerpon|Grassy Glide|p2a: Urshifu\n|-supereffective|p2a: Urshifu\n|-damage|p2a: Urshifu|0 fnt\n|faint|p2a: Urshifu\n|move|p2b: Flutter Mane|Dazzling Gleam|p1a: Ogerpon|[spread] p1a,p1b\n|-resisted|p1a: Ogerpon\n|-crit|p1b: Rillaboom\n|-damage|p1a: Ogerpon|27\/100\n|-damage|p1b: Rillaboom|43\/100\n|\n|-heal|p1b: Rillaboom|49\/100|[from] Grassy Terrain\n|-heal|p1a: Ogerpon|33\/100|[from] Grassy Terrain\n|upkeep\n|\n|t:|1699791720\n|switch|p2a: Ogerpon|Ogerpon-Hearthflame, L50, F|100\/100\n|-ability|p2a: Ogerpon|Mold Breaker\n|turn|4\n|\n|t:|1699791737\n|move|p2b: Flutter Mane|Protect|p2b: Flutter Mane\n|-singleturn|p2b: Flutter Mane|Protect\n|move|p1a: Ogerpon|Follow Me|p1a: Ogerpon\n|-singleturn|p1a: Ogerpon|move: Follow Me\n|move|p1b: Rillaboom|Wood Hammer|p2b: Flutter Mane\n|-activate|p2b: Flutter Mane|move: Protect\n|move|p2a: Ogerpon|Ivy Cudgel|p1a: Ogerpon\n|-damage|p1a: Ogerpon|0 fnt\n|faint|p1a: Ogerpon\n|\n|-heal|p1b: Rillaboom|55\/100|[from] Grassy Terrain\n|upkeep\n|\n|t:|1699791750\n|switch|p1a: Ursaluna|Ursaluna-Bloodmoon, L50, M|46\/100\n|turn|5\n|\n|t:|1699791760\n|-terastallize|p1a: Ursaluna|Normal\n|move|p2b: Flutter Mane|Protect||[still]\n|-fail|p2b: Flutter Mane\n|move|p2a: Ogerpon|Spiky Shield|p2a: Ogerpon\n|-singleturn|p2a: Ogerpon|move: Protect\n|move|p1b: Rillaboom|Grassy Glide|p2b: Flutter Mane\n|-damage|p2b: Flutter Mane|34\/100\n|move|p1a: Ursaluna|Hyper Voice|p2b: Flutter Mane|[spread] p2b\n|-activate|p2a: Ogerpon|move: Protect\n|-damage|p2b: Flutter Mane|0 fnt\n|faint|p2b: Flutter Mane\n|-end|p2b: Flutter Mane|Protosynthesis|[silent]\n|\n|-heal|p1a: Ursaluna|52\/100|[from] Grassy Terrain\n|-heal|p1b: Rillaboom|61\/100|[from] Grassy Terrain\n|-fieldend|move: Trick Room\n|upkeep\n|turn|6\n|\n|t:|1699791784\n|move|p1a: Ursaluna|Protect|p1a: Ursaluna\n|-singleturn|p1a: Ursaluna|Protect\n|move|p2a: Ogerpon|Ivy Cudgel|p1a: Ursaluna\n|-activate|p1a: Ursaluna|move: Protect\n|move|p1b: Rillaboom|U-turn|p2a: Ogerpon\n|-damage|p2a: Ogerpon|67\/100\n|\n|t:|1699791791\n|switch|p1b: Dusclops|Dusclops, L50, M|100\/100|[from] U-turn\n|-ability|p1b: Dusclops|Pressure\n|\n|-heal|p2a: Ogerpon|73\/100|[from] Grassy Terrain\n|-heal|p1a: Ursaluna|58\/100|[from] Grassy Terrain\n|upkeep\n|turn|7\n|inactive|Battle timer is ON: inactive players will automatically lose when time's up. (requested by CALAMELLA)\n|inactive|Smirne has 60 seconds left.\n|inactive|Smirne has 30 seconds left.\n|inactive|Smirne has 20 seconds left.\n|inactive|Smirne has 15 seconds left.\n|inactive|Smirne has 10 seconds left.\n|inactiveoff|Battle timer is now OFF.\n|c|\u2606CALAMELLA|man?\n|inactive|Battle timer is ON: inactive players will automatically lose when time's up. (requested by CALAMELLA)\n|inactive|Smirne has 30 seconds left.\n|inactive|Smirne has 20 seconds left.\n|inactive|Smirne has 15 seconds left.\n|inactive|Smirne has 10 seconds left.\n|inactive|Smirne has 5 seconds left.\n|\n|t:|1699792066\n|switch|p1a: Rillaboom|Rillaboom, L50, F|61\/100\n|move|p2a: Ogerpon|Ivy Cudgel|p1a: Rillaboom\n|-supereffective|p1a: Rillaboom\n|-damage|p1a: Rillaboom|0 fnt\n|faint|p1a: Rillaboom\n|move|p1b: Dusclops|Trick Room|p1b: Dusclops\n|-fieldstart|move: Trick Room|[of] p1b: Dusclops\n|\n|-heal|p2a: Ogerpon|79\/100|[from] Grassy Terrain\n|-fieldend|move: Grassy Terrain\n|upkeep\n|\n|t:|1699792078\n|switch|p1a: Ursaluna|Ursaluna-Bloodmoon, L50, M, tera:Normal|58\/100\n|turn|8\n|inactive|Smirne has 30 seconds left.\n|inactive|Smirne has 20 seconds left.\n|inactive|Smirne has 15 seconds left.\n|inactive|Smirne has 10 seconds left.\n|inactive|Smirne has 5 seconds left.\n|\n|t:|1699792133\n|move|p1b: Dusclops|Brick Break|p1a: Ursaluna\n|-supereffective|p1a: Ursaluna\n|-damage|p1a: Ursaluna|44\/100\n|-enditem|p1a: Ursaluna|Weakness Policy\n|-boost|p1a: Ursaluna|atk|2|[from] item: Weakness Policy\n|-boost|p1a: Ursaluna|spa|2|[from] item: Weakness Policy\n|move|p1a: Ursaluna|Blood Moon|p2a: Ogerpon\n|-damage|p2a: Ogerpon|0 fnt\n|faint|p2a: Ogerpon\n|\n|win|CALAMELLA\n|raw|CALAMELLA's rating: 1476 &rarr; <strong>1494<\/strong><br \/>(+18 for winning)\n|raw|Smirne's rating: 1440 &rarr; <strong>1422<\/strong><br \/>(-18 for losing)\n","uploadtime":1699792145,"views":37,"p1id":"calamella","p2id":"smirne","formatid":"gen9vgc2023regulatione","rating":1422,"private":0,"password":""}