{"id":"gen9vgc2023regulatione-1996646099","p1":"Newguynorage","p2":"UnownRunes","format":"[Gen 9] VGC 2023 Regulation E","log":"|j|\u2606Newguynorage\n|j|\u2606UnownRunes\n|t:|1700704675\n|gametype|doubles\n|player|p1|Newguynorage|sage|1039\n|player|p2|UnownRunes|1|1082\n|teamsize|p1|6\n|teamsize|p2|6\n|gen|9\n|tier|[Gen 9] VGC 2023 Regulation E\n|rated|\n|rule|Species Clause: Limit one of each Pok\u00e9mon\n|rule|Item Clause: Limit one of each item\n|clearpoke\n|poke|p1|Gengar, L50, M|\n|poke|p1|Iron Bundle, L50|\n|poke|p1|Indeedee-F, L50, F|\n|poke|p1|Chi-Yu, L50|\n|poke|p1|Urshifu-*, L50, M|\n|poke|p1|Tornadus, L50, M|\n|poke|p2|Goodra-Hisui, L50, F|\n|poke|p2|Landorus-Therian, L50, M|\n|poke|p2|Ogerpon-Wellspring, L50, F|\n|poke|p2|Chi-Yu, L50|\n|poke|p2|Amoonguss, L50, F|\n|poke|p2|Iron Hands, L50|\n|teampreview|4\n|\n|t:|1700704711\n|start\n|switch|p1a: Iron Bundle|Iron Bundle, L50|100\/100\n|switch|p1b: Gengar|Gengar, L50, M, shiny|100\/100\n|switch|p2a: Goodra|Goodra-Hisui, L50, F, shiny|100\/100\n|switch|p2b: Iron Hands|Iron Hands, L50|100\/100\n|-enditem|p1a: Iron Bundle|Booster Energy\n|-activate|p1a: Iron Bundle|ability: Quark Drive|[fromitem]\n|-start|p1a: Iron Bundle|quarkdrivespe\n|turn|1\n|\n|t:|1700704733\n|move|p1a: Iron Bundle|Protect|p1a: Iron Bundle\n|-singleturn|p1a: Iron Bundle|Protect\n|move|p2b: Iron Hands|Fake Out|p1a: Iron Bundle\n|-activate|p1a: Iron Bundle|move: Protect\n|move|p1b: Gengar|Nasty Plot|p1b: Gengar\n|-boost|p1b: Gengar|spa|2\n|move|p2a: Goodra|Acid Armor|p2a: Goodra\n|-boost|p2a: Goodra|def|2\n|\n|upkeep\n|turn|2\n|\n|t:|1700704762\n|move|p1b: Gengar|Protect|p1b: Gengar\n|-singleturn|p1b: Gengar|Protect\n|move|p1a: Iron Bundle|Icy Wind|p2b: Iron Hands|[spread] p2a,p2b\n|-damage|p2a: Goodra|89\/100\n|-damage|p2b: Iron Hands|89\/100\n|-unboost|p2a: Goodra|spe|1\n|-unboost|p2b: Iron Hands|spe|1\n|move|p2b: Iron Hands|Wild Charge|p1a: Iron Bundle\n|-supereffective|p1a: Iron Bundle\n|-damage|p1a: Iron Bundle|0 fnt\n|faint|p1a: Iron Bundle\n|-end|p1a: Iron Bundle|Quark Drive|[silent]\n|-damage|p2b: Iron Hands|75\/100|[from] Recoil\n|move|p2a: Goodra|Heavy Slam|p1b: Gengar\n|-activate|p1b: Gengar|move: Protect\n|\n|-heal|p2a: Goodra|95\/100|[from] item: Leftovers\n|upkeep\n|\n|t:|1700704780\n|switch|p1a: Chi-Yu|Chi-Yu, L50|100\/100\n|-ability|p1a: Chi-Yu|Beads of Ruin\n|turn|3\n|\n|t:|1700704802\n|-terastallize|p1b: Gengar|Fairy\n|move|p1a: Chi-Yu|Heat Wave|p2b: Iron Hands|[spread] p2a,p2b\n|-damage|p2a: Goodra|63\/100\n|-damage|p2b: Iron Hands|47\/100\n|move|p1b: Gengar|Dazzling Gleam|p2a: Goodra|[spread] p2a,p2b\n|-supereffective|p2b: Iron Hands\n|-damage|p2a: Goodra|5\/100\n|-damage|p2b: Iron Hands|0 fnt\n|faint|p2b: Iron Hands\n|-end|p2b: Iron Hands|Quark Drive|[silent]\n|move|p2a: Goodra|Body Press|p1a: Chi-Yu\n|-supereffective|p1a: Chi-Yu\n|-damage|p1a: Chi-Yu|0 fnt\n|faint|p1a: Chi-Yu\n|\n|-heal|p2a: Goodra|11\/100|[from] item: Leftovers\n|upkeep\n|\n|t:|1700704819\n|switch|p1a: Urshifu|Urshifu-Rapid-Strike, L50, M|100\/100\n|switch|p2b: Ogerpon|Ogerpon-Wellspring, L50, F|100\/100\n|turn|4\n|\n|t:|1700704833\n|-terastallize|p2b: Ogerpon|Water\n|detailschange|p2b: Ogerpon|Ogerpon-Wellspring-Tera, L50, F, tera:Water\n|-ability|p2b: Ogerpon|Embody Aspect (Wellspring)|boost\n|-boost|p2b: Ogerpon|spd|1\n|move|p2b: Ogerpon|Follow Me|p2b: Ogerpon\n|-singleturn|p2b: Ogerpon|move: Follow Me\n|move|p1a: Urshifu|Close Combat|p2b: Ogerpon\n|-damage|p2b: Ogerpon|12\/100\n|-unboost|p1a: Urshifu|def|1\n|-unboost|p1a: Urshifu|spd|1\n|move|p1b: Gengar|Dazzling Gleam|p2a: Goodra|[spread] p2a,p2b\n|-damage|p2a: Goodra|0 fnt\n|-damage|p2b: Ogerpon|0 fnt\n|faint|p2a: Goodra\n|faint|p2b: Ogerpon\n|\n|upkeep\n|\n|t:|1700704851\n|switch|p2a: Landorus|Landorus-Therian, L50, M|100\/100\n|-ability|p2a: Landorus|Intimidate|boost\n|-unboost|p1a: Urshifu|atk|1\n|-unboost|p1b: Gengar|atk|1\n|turn|5\n|\n|t:|1700704876\n|move|p2a: Landorus|Stomping Tantrum|p1b: Gengar\n|-damage|p1b: Gengar|23\/100\n|-start|p2a: Landorus|Disable|Stomping Tantrum|[from] ability: Cursed Body|[of] p1b: Gengar\n|move|p1a: Urshifu|Close Combat|p2a: Landorus\n|-resisted|p2a: Landorus\n|-crit|p2a: Landorus\n|-damage|p2a: Landorus|31\/100\n|-unboost|p1a: Urshifu|def|1\n|-unboost|p1a: Urshifu|spd|1\n|move|p1b: Gengar|Shadow Ball|p2a: Landorus\n|-damage|p2a: Landorus|0 fnt\n|faint|p2a: Landorus\n|\n|win|Newguynorage\n|raw|Newguynorage's rating: 1039 &rarr; <strong>1077<\/strong><br \/>(+38 for winning)\n|raw|UnownRunes's rating: 1082 &rarr; <strong>1057<\/strong><br \/>(-25 for losing)\n|l|\u2606UnownRunes\n","uploadtime":1700704901,"views":15,"p1id":"newguynorage","p2id":"unownrunes","formatid":"gen9vgc2023regulatione","rating":1057,"private":0,"password":""}