{"id":"gen9vgc2023regulatione-1989976979","p1":"Saddingus","p2":"ionyc","format":"[Gen 9] VGC 2023 Regulation E","log":"|j|\u2606Saddingus\n|j|\u2606ionyc\n|t:|1699911873\n|gametype|doubles\n|player|p1|Saddingus|n|\n|player|p2|ionyc|170|\n|teamsize|p1|6\n|teamsize|p2|6\n|gen|9\n|tier|[Gen 9] VGC 2023 Regulation E\n|rule|Species Clause: Limit one of each Pok\u00e9mon\n|rule|Item Clause: Limit one of each item\n|clearpoke\n|poke|p1|Rabsca, L50, F|\n|poke|p1|Golem-Alola, L50, F|\n|poke|p1|Azelf, L50|\n|poke|p1|Flutter Mane, L50|\n|poke|p1|Urshifu-*, L50, F|\n|poke|p1|Amoonguss, L50, M|\n|poke|p2|Cresselia, L50, F|\n|poke|p2|Ursaluna-Bloodmoon, L50, M|\n|poke|p2|Iron Hands, L50|\n|poke|p2|Ogerpon-Wellspring, L50, F|\n|poke|p2|Arcanine-Hisui, L50, M|\n|poke|p2|Flutter Mane, L50|\n|teampreview|4\nionyc has agreed to open team sheets.\n|\n|t:|1699911908\n|start\n|switch|p1a: Azelf|Azelf, L50|100\/100\n|switch|p1b: Rabsca|Rabsca, L50, F|100\/100\n|switch|p2a: Ursaluna|Ursaluna-Bloodmoon, L50, M|100\/100\n|switch|p2b: Flutter Mane|Flutter Mane, L50|100\/100\n|-enditem|p2b: Flutter Mane|Booster Energy\n|-activate|p2b: Flutter Mane|ability: Protosynthesis|[fromitem]\n|-start|p2b: Flutter Mane|protosynthesisspa\n|turn|1\n|c|\u2606ionyc|open team sheetws coward\n|\n|t:|1699911931\n|-terastallize|p1b: Rabsca|Dark\n|move|p1a: Azelf|Explosion|p2b: Flutter Mane|[spread] p2a\n|-activate|p1b: Rabsca|ability: Telepathy\n|-immune|p2b: Flutter Mane\n|-damage|p2a: Ursaluna|37\/100\n|faint|p1a: Azelf\n|move|p2b: Flutter Mane|Shadow Ball|p1b: Rabsca\n|-resisted|p1b: Rabsca\n|-damage|p1b: Rabsca|81\/100\n|move|p2a: Ursaluna|Hyper Voice|p1b: Rabsca\n|-damage|p1b: Rabsca|49\/100\n|-enditem|p2a: Ursaluna|Throat Spray\n|-boost|p2a: Ursaluna|spa|1|[from] item: Throat Spray\n|move|p1b: Rabsca|Trick Room|p1b: Rabsca\n|-fieldstart|move: Trick Room|[of] p1b: Rabsca\n|\n|upkeep\n|c|\u2606ionyc|???\n|\n|t:|1699911949\n|switch|p1a: Grenade|Golem-Alola, L50, F|100\/100\n|turn|2\n|\n|t:|1699911963\n|-terastallize|p2a: Ursaluna|Grass\n|move|p2b: Flutter Mane|Protect|p2b: Flutter Mane\n|-singleturn|p2b: Flutter Mane|Protect\n|move|p1a: Grenade|Explosion|p2a: Ursaluna|[spread] p2a\n|-activate|p2b: Flutter Mane|move: Protect\n|-activate|p1b: Rabsca|ability: Telepathy\n|-resisted|p2a: Ursaluna\n|-damage|p2a: Ursaluna|0 fnt\n|faint|p1a: Grenade\n|faint|p2a: Ursaluna\n|move|p1b: Rabsca|Bug Buzz|p2b: Flutter Mane\n|-activate|p2b: Flutter Mane|move: Protect\n|\n|upkeep\n|\n|t:|1699911980\n|switch|p1a: Flutter Mane|Flutter Mane, L50|100\/100\n|switch|p2a: Ogerpon|Ogerpon-Wellspring, L50, F|100\/100\n|-enditem|p1a: Flutter Mane|Booster Energy\n|-activate|p1a: Flutter Mane|ability: Protosynthesis|[fromitem]\n|-start|p1a: Flutter Mane|protosynthesisspe\n|turn|3\n|c|\u2606ionyc|explain??\n|\n|t:|1699911999\n|move|p1a: Flutter Mane|Protect|p1a: Flutter Mane\n|-singleturn|p1a: Flutter Mane|Protect\n|move|p2a: Ogerpon|Follow Me|p2a: Ogerpon\n|-singleturn|p2a: Ogerpon|move: Follow Me\n|move|p1b: Rabsca|Revival Blessing|p1b: Rabsca\n|-enditem|p1b: Rabsca|Leppa Berry|[eat]\n|-activate|p1b: Rabsca|item: Leppa Berry|Revival Blessing|[consumed]\n|\n|t:|1699912007\n|-heal|p1: Grenade|50\/100|[from] move: Revival Blessing\n|move|p2b: Flutter Mane|Moonblast|p1b: Rabsca\n|-supereffective|p1b: Rabsca\n|-damage|p1b: Rabsca|0 fnt\n|faint|p1b: Rabsca\n|\n|upkeep\n|\n|t:|1699912013\n|switch|p1b: Grenade|Golem-Alola, L50, F|50\/100\n|turn|4\n|\n|t:|1699912029\n|move|p1b: Grenade|Protect|p1b: Grenade\n|-singleturn|p1b: Grenade|Protect\n|move|p2a: Ogerpon|Spiky Shield|p2a: Ogerpon\n|-singleturn|p2a: Ogerpon|move: Protect\n|move|p2b: Flutter Mane|Shadow Ball|p1a: Flutter Mane\n|-supereffective|p1a: Flutter Mane\n|-damage|p1a: Flutter Mane|0 fnt\n|faint|p1a: Flutter Mane\n|-end|p1a: Flutter Mane|Protosynthesis|[silent]\n|\n|upkeep\n|turn|5\n|\n|t:|1699912047\n|move|p1b: Grenade|Explosion|p2b: Flutter Mane|[spread] p2a,p2b\n|-damage|p2a: Ogerpon|0 fnt\n|-damage|p2b: Flutter Mane|0 fnt\n|faint|p1b: Grenade\n|faint|p2a: Ogerpon\n|faint|p2b: Flutter Mane\n|-end|p2b: Flutter Mane|Protosynthesis|[silent]\n|\n|win|ionyc\n|l|\u2606ionyc\n|l|\u2606Saddingus\n|j|\u2606Saddingus\n|player|p1|Saddingus|n\n|l|\u2606Saddingus\n|player|p1|\n|j|\u2606ionyc\n|player|p2|ionyc|170\n","uploadtime":1699912350,"views":11,"p1id":"saddingus","p2id":"ionyc","formatid":"gen9vgc2023regulatione","rating":0,"private":0,"password":""}