{"id":"gen9vgc2023regulatione-1996278150","p1":"TesterBooY","p2":"oRinNeGa7V1","format":"[Gen 9] VGC 2023 Regulation E","log":"|j|\u2606TesterBooY\n|j|\u2606oRinNeGa7V1\n|t:|1700666815\n|gametype|doubles\n|player|p1|TesterBooY|266|\n|player|p2|oRinNeGa7V1|miriam|\n|teamsize|p1|6\n|teamsize|p2|6\n|gen|9\n|tier|[Gen 9] VGC 2023 Regulation E\n|rule|Species Clause: Limit one of each Pok\u00e9mon\n|rule|Item Clause: Limit one of each item\n|clearpoke\n|poke|p1|Dondozo, L50, F|\n|poke|p1|Tatsugiri, L50, F|\n|poke|p1|Iron Hands, L50|\n|poke|p1|Rillaboom, L50, M|\n|poke|p1|Flutter Mane, L50|\n|poke|p1|Chien-Pao, L50|\n|poke|p2|Moltres-Galar, L50|\n|poke|p2|Arcanine-Hisui, L50, F|\n|poke|p2|Munkidori, L50, M|\n|poke|p2|Sinistcha, L50|\n|poke|p2|Grimmsnarl, L50, M|\n|poke|p2|Milotic, L50, M|\n|teampreview|4\n|\n|t:|1700666850\n|start\n|switch|p1a: Tatsugiri|Tatsugiri, L50, F|100\/100\n|switch|p1b: Rillaboom|Rillaboom, L50, M|100\/100\n|switch|p2a: Moltres|Moltres-Galar, L50|100\/100\n|switch|p2b: Munkidori|Munkidori, L50, M|100\/100\n|-item|p1a: Tatsugiri|Choice Scarf|[from] ability: Frisk|[of] p2b: Munkidori|[identify]\n|-item|p1b: Rillaboom|Miracle Seed|[from] ability: Frisk|[of] p2b: Munkidori|[identify]\n|-fieldstart|move: Grassy Terrain|[from] ability: Grassy Surge|[of] p1b: Rillaboom\n|turn|1\n|\n|t:|1700666887\n|move|p2b: Munkidori|Fake Out|p1b: Rillaboom\n|-damage|p1b: Rillaboom|94\/100\n|cant|p1b: Rillaboom|flinch\n|move|p1a: Tatsugiri|Icy Wind|p2b: Munkidori|[spread] p2a,p2b\n|-supereffective|p2a: Moltres\n|-damage|p2a: Moltres|79\/100\n|-damage|p2b: Munkidori|85\/100\n|-unboost|p2a: Moltres|spe|1\n|-unboost|p2b: Munkidori|spe|1\n|move|p2a: Moltres|Nasty Plot|p2a: Moltres\n|-boost|p2a: Moltres|spa|2\n|\n|-heal|p2b: Munkidori|91\/100|[from] Grassy Terrain\n|-heal|p1b: Rillaboom|99\/100|[from] Grassy Terrain\n|upkeep\n|turn|2\n|\n|t:|1700666936\n|switch|p1b: Dondozo|Dondozo, L50, F|100\/100\n|-activate|p1a: Tatsugiri|ability: Commander|[of] p1b: Dondozo\n|-boost|p1b: Dondozo|atk|2\n|-boost|p1b: Dondozo|spa|2\n|-boost|p1b: Dondozo|spe|2\n|-boost|p1b: Dondozo|def|2\n|-boost|p1b: Dondozo|spd|2\n|move|p2a: Moltres|Protect|p2a: Moltres\n|-singleturn|p2a: Moltres|Protect\n|move|p2b: Munkidori|Parting Shot|p1b: Dondozo\n|-unboost|p1b: Dondozo|atk|1\n|-unboost|p1b: Dondozo|spa|1\n|\n|t:|1700666950\n|switch|p2b: Grimmsnarl|Grimmsnarl, L50, M|100\/100|[from] Parting Shot\n|\n|upkeep\n|turn|3\n|\n|t:|1700666964\n|move|p2b: Grimmsnarl|Reflect|p2b: Grimmsnarl\n|-sidestart|p2: oRinNeGa7V1|Reflect\n|move|p1b: Dondozo|Order Up|p2a: Moltres\n|-damage|p2a: Moltres|55\/100\n|-boost|p1b: Dondozo|atk|1\n|move|p2a: Moltres|Nasty Plot|p2a: Moltres\n|-boost|p2a: Moltres|spa|2\n|\n|upkeep\n|turn|4\n|\n|t:|1700666986\n|move|p2b: Grimmsnarl|Parting Shot|p1b: Dondozo\n|-unboost|p1b: Dondozo|atk|1\n|-unboost|p1b: Dondozo|spa|1\n|\n|t:|1700666989\n|switch|p2b: Sinistcha|Sinistcha, L50|100\/100|[from] Parting Shot\n|-heal|p2a: Moltres|80\/100|[from] ability: Hospitality|[of] p2b: Sinistcha\n|move|p1b: Dondozo|Order Up|p2a: Moltres\n|-damage|p2a: Moltres|56\/100\n|-boost|p1b: Dondozo|atk|1\n|move|p2a: Moltres|Fiery Wrath|p1a: Tatsugiri|[spread] p1b\n|-miss|p2a: Moltres|p1a: Tatsugiri\n|-damage|p1b: Dondozo|85\/100\n|\n|-heal|p1b: Dondozo|91\/100|[from] Grassy Terrain\n|-heal|p1b: Dondozo|97\/100|[from] item: Leftovers\n|upkeep\n|turn|5\n|\n|t:|1700667026\n|move|p1b: Dondozo|Protect|p1b: Dondozo\n|-singleturn|p1b: Dondozo|Protect\n|move|p2a: Moltres|Air Slash|p1b: Dondozo\n|-activate|p1b: Dondozo|move: Protect\n|move|p2b: Sinistcha|Trick Room|p2b: Sinistcha\n|-fieldstart|move: Trick Room|[of] p2b: Sinistcha\n|\n|-heal|p1b: Dondozo|100\/100|[from] Grassy Terrain\n|-fieldend|move: Grassy Terrain\n|upkeep\n|turn|6\n|\n|t:|1700667044\n|move|p2b: Sinistcha|Rage Powder|p2b: Sinistcha\n|-singleturn|p2b: Sinistcha|move: Rage Powder\n|move|p2a: Moltres|Air Slash|p1b: Dondozo\n|-damage|p1b: Dondozo|82\/100\n|cant|p1b: Dondozo|flinch\n|\n|-heal|p1b: Dondozo|88\/100|[from] item: Leftovers\n|upkeep\n|turn|7\n|\n|t:|1700667058\n|move|p2a: Moltres|Air Slash|p1b: Dondozo\n|-damage|p1b: Dondozo|70\/100\n|move|p2b: Sinistcha|Life Dew||[still]|[spread] p2a,p2b\n|-heal|p2a: Moltres|81\/100\n|-fail|p2b: Sinistcha|heal\n|move|p1b: Dondozo|Order Up|p2a: Moltres\n|-damage|p2a: Moltres|49\/100\n|-ability|p2a: Moltres|Berserk|boost\n|-boost|p2a: Moltres|spa|1\n|-boost|p1b: Dondozo|atk|1\n|-enditem|p2a: Moltres|Sitrus Berry|[eat]\n|-heal|p2a: Moltres|74\/100|[from] item: Sitrus Berry\n|\n|-heal|p1b: Dondozo|77\/100|[from] item: Leftovers\n|upkeep\n|turn|8\n|\n|t:|1700667082\n|move|p2a: Moltres|Fiery Wrath|p1a: Tatsugiri|[spread] p1b\n|-miss|p2a: Moltres|p1a: Tatsugiri\n|-damage|p1b: Dondozo|62\/100\n|move|p2b: Sinistcha|Matcha Gotcha|p1a: Tatsugiri|[spread] p1b\n|-miss|p2b: Sinistcha|p1a: Tatsugiri\n|-supereffective|p1b: Dondozo\n|-damage|p1b: Dondozo|37\/100\n|move|p1b: Dondozo|Wave Crash|p2a: Moltres\n|-damage|p2a: Moltres|0 fnt\n|faint|p2a: Moltres\n|-damage|p1b: Dondozo|16\/100|[from] Recoil\n|\n|-heal|p1b: Dondozo|22\/100|[from] item: Leftovers\n|upkeep\n|\n|t:|1700667101\n|switch|p2a: Munkidori|Munkidori, L50, M|91\/100\n|-item|p1a: Tatsugiri|Choice Scarf|[from] ability: Frisk|[of] p2a: Munkidori|[identify]\n|-item|p1b: Dondozo|Leftovers|[from] ability: Frisk|[of] p2a: Munkidori|[identify]\n|turn|9\n|\n|t:|1700667113\n|move|p1b: Dondozo|Protect|p1b: Dondozo\n|-singleturn|p1b: Dondozo|Protect\n|move|p2a: Munkidori|Fake Out|p1b: Dondozo\n|-activate|p1b: Dondozo|move: Protect\n|move|p2b: Sinistcha|Matcha Gotcha|p1a: Tatsugiri|[spread] \n|-miss|p2b: Sinistcha|p1a: Tatsugiri\n|-activate|p1b: Dondozo|move: Protect\n|\n|-heal|p1b: Dondozo|28\/100|[from] item: Leftovers\n|-fieldend|move: Trick Room\n|upkeep\n|turn|10\n|\n|t:|1700667144\n|-terastallize|p1b: Dondozo|Dragon\n|move|p2b: Sinistcha|Rage Powder|p2b: Sinistcha\n|-singleturn|p2b: Sinistcha|move: Rage Powder\n|move|p2a: Munkidori|Sludge Bomb|p1b: Dondozo\n|-damage|p1b: Dondozo|7\/100\n|move|p1b: Dondozo|Order Up|p2b: Sinistcha\n|-damage|p2b: Sinistcha|51\/100\n|-boost|p1b: Dondozo|atk|1\n|\n|-heal|p1b: Dondozo|13\/100|[from] item: Leftovers\n|-sideend|p2: oRinNeGa7V1|Reflect\n|upkeep\n|turn|11\n|\n|t:|1700667172\n|move|p2b: Sinistcha|Rage Powder|p2b: Sinistcha\n|-singleturn|p2b: Sinistcha|move: Rage Powder\n|move|p2a: Munkidori|Sludge Bomb|p1b: Dondozo\n|-damage|p1b: Dondozo|0 fnt\n|faint|p1b: Dondozo\n|\n|upkeep\n|\n|t:|1700667190\n|switch|p1b: Rillaboom|Rillaboom, L50, M|99\/100\n|-fieldstart|move: Grassy Terrain|[from] ability: Grassy Surge|[of] p1b: Rillaboom\n|turn|12\n|\n|t:|1700667216\n|switch|p2a: Grimmsnarl|Grimmsnarl, L50, M|100\/100\n|move|p1b: Rillaboom|Fake Out|p2a: Grimmsnarl\n|-damage|p2a: Grimmsnarl|88\/100\n|move|p1a: Tatsugiri|Icy Wind|p2a: Grimmsnarl|[spread] p2a,p2b\n|-supereffective|p2b: Sinistcha\n|-crit|p2b: Sinistcha\n|-damage|p2a: Grimmsnarl|74\/100\n|-damage|p2b: Sinistcha|12\/100\n|-unboost|p2a: Grimmsnarl|spe|1\n|-unboost|p2b: Sinistcha|spe|1\n|move|p2b: Sinistcha|Trick Room|p2b: Sinistcha\n|-fieldstart|move: Trick Room|[of] p2b: Sinistcha\n|\n|-heal|p2a: Grimmsnarl|80\/100|[from] Grassy Terrain\n|-heal|p2b: Sinistcha|18\/100|[from] Grassy Terrain\n|-heal|p1b: Rillaboom|100\/100|[from] Grassy Terrain\n|upkeep\n|turn|13\n|\n|t:|1700667251\n|move|p2a: Grimmsnarl|Reflect|p2a: Grimmsnarl\n|-sidestart|p2: oRinNeGa7V1|Reflect\n|move|p1b: Rillaboom|Grassy Glide|p2b: Sinistcha\n|-resisted|p2b: Sinistcha\n|-damage|p2b: Sinistcha|6\/100\n|-damage|p1b: Rillaboom|84\/100|[from] item: Rocky Helmet|[of] p2b: Sinistcha\n|move|p2b: Sinistcha|Life Dew|p2b: Sinistcha|[spread] p2a,p2b\n|-heal|p2a: Grimmsnarl|100\/100\n|-heal|p2b: Sinistcha|31\/100\n|move|p1a: Tatsugiri|Icy Wind|p2b: Sinistcha|[spread] p2a\n|-miss|p1a: Tatsugiri|p2b: Sinistcha\n|-damage|p2a: Grimmsnarl|88\/100\n|-unboost|p2a: Grimmsnarl|spe|1\n|\n|-heal|p2a: Grimmsnarl|94\/100|[from] Grassy Terrain\n|-heal|p2b: Sinistcha|36\/100|[from] Grassy Terrain\n|-heal|p1b: Rillaboom|90\/100|[from] Grassy Terrain\n|upkeep\n|turn|14\n|\n|t:|1700667290\n|move|p2a: Grimmsnarl|Parting Shot|p1b: Rillaboom\n|-unboost|p1b: Rillaboom|atk|1\n|-unboost|p1b: Rillaboom|spa|1\n|\n|t:|1700667294\n|switch|p2a: Munkidori|Munkidori, L50, M|91\/100|[from] Parting Shot\n|-item|p1a: Tatsugiri|Choice Scarf|[from] ability: Frisk|[of] p2a: Munkidori|[identify]\n|-item|p1b: Rillaboom|Miracle Seed|[from] ability: Frisk|[of] p2a: Munkidori|[identify]\n|move|p2b: Sinistcha|Matcha Gotcha|p1a: Tatsugiri|[spread] p1a,p1b\n|-resisted|p1b: Rillaboom\n|-damage|p1a: Tatsugiri|60\/100\n|-heal|p2b: Sinistcha|54\/100|[from] drain|[of] p1a: Tatsugiri\n|-damage|p1b: Rillaboom|71\/100\n|-heal|p2b: Sinistcha|66\/100|[from] drain|[of] p1b: Rillaboom\n|-status|p1a: Tatsugiri|brn\n|move|p1b: Rillaboom|Wood Hammer|p2a: Munkidori\n|-resisted|p2a: Munkidori\n|-damage|p2a: Munkidori|55\/100\n|-damage|p1b: Rillaboom|61\/100|[from] Recoil\n|move|p1a: Tatsugiri|Icy Wind|p2b: Sinistcha|[spread] p2a,p2b\n|-supereffective|p2b: Sinistcha\n|-damage|p2a: Munkidori|38\/100\n|-damage|p2b: Sinistcha|40\/100\n|-unboost|p2a: Munkidori|spe|1\n|-unboost|p2b: Sinistcha|spe|1\n|\n|-heal|p2b: Sinistcha|46\/100|[from] Grassy Terrain\n|-heal|p1b: Rillaboom|67\/100|[from] Grassy Terrain\n|-heal|p2a: Munkidori|44\/100|[from] Grassy Terrain\n|-heal|p1a: Tatsugiri|66\/100 brn|[from] Grassy Terrain\n|-damage|p1a: Tatsugiri|60\/100 brn|[from] brn\n|upkeep\n|turn|15\n|\n|t:|1700667337\n|move|p2a: Munkidori|Fake Out|p1a: Tatsugiri\n|-damage|p1a: Tatsugiri|48\/100 brn\n|move|p1b: Rillaboom|Grassy Glide|p2a: Munkidori\n|-resisted|p2a: Munkidori\n|-damage|p2a: Munkidori|27\/100\n|move|p2b: Sinistcha|Matcha Gotcha|p1b: Rillaboom|[spread] p1a,p1b\n|-resisted|p1b: Rillaboom\n|-damage|p1a: Tatsugiri|12\/100 brn\n|-heal|p2b: Sinistcha|62\/100|[from] drain|[of] p1a: Tatsugiri\n|-damage|p1b: Rillaboom|47\/100\n|-heal|p2b: Sinistcha|73\/100|[from] drain|[of] p1b: Rillaboom\n|cant|p1a: Tatsugiri|flinch\n|\n|-heal|p2b: Sinistcha|79\/100|[from] Grassy Terrain\n|-heal|p1b: Rillaboom|53\/100|[from] Grassy Terrain\n|-heal|p2a: Munkidori|33\/100|[from] Grassy Terrain\n|-heal|p1a: Tatsugiri|18\/100 brn|[from] Grassy Terrain\n|-damage|p1a: Tatsugiri|12\/100 brn|[from] brn\n|upkeep\n|turn|16\n|\n|t:|1700667372\n|move|p1b: Rillaboom|Protect|p1b: Rillaboom\n|-singleturn|p1b: Rillaboom|Protect\n|move|p2b: Sinistcha|Matcha Gotcha|p1b: Rillaboom|[spread] \n|-activate|p1b: Rillaboom|move: Protect\n|-miss|p2b: Sinistcha|p1a: Tatsugiri\n|move|p2a: Munkidori|Sludge Bomb|p1b: Rillaboom\n|-activate|p1b: Rillaboom|move: Protect\n|move|p1a: Tatsugiri|Icy Wind|p2a: Munkidori|[spread] p2a,p2b\n|-supereffective|p2b: Sinistcha\n|-damage|p2a: Munkidori|16\/100\n|-damage|p2b: Sinistcha|55\/100\n|-unboost|p2a: Munkidori|spe|1\n|-unboost|p2b: Sinistcha|spe|1\n|\n|-heal|p2b: Sinistcha|60\/100|[from] Grassy Terrain\n|-heal|p2a: Munkidori|22\/100|[from] Grassy Terrain\n|-heal|p1b: Rillaboom|59\/100|[from] Grassy Terrain\n|-heal|p1a: Tatsugiri|18\/100 brn|[from] Grassy Terrain\n|-damage|p1a: Tatsugiri|12\/100 brn|[from] brn\n|-fieldend|move: Trick Room\n|-fieldend|move: Grassy Terrain\n|upkeep\n|turn|17\n|\n|t:|1700667412\n|switch|p2a: Grimmsnarl|Grimmsnarl, L50, M|94\/100\n|move|p1a: Tatsugiri|Icy Wind|p2a: Grimmsnarl|[spread] p2a,p2b\n|-supereffective|p2b: Sinistcha\n|-damage|p2a: Grimmsnarl|81\/100\n|-damage|p2b: Sinistcha|34\/100\n|-unboost|p2a: Grimmsnarl|spe|1\n|-unboost|p2b: Sinistcha|spe|1\n|move|p1b: Rillaboom|Wood Hammer|p2a: Grimmsnarl\n|-damage|p2a: Grimmsnarl|48\/100\n|-damage|p1b: Rillaboom|48\/100|[from] Recoil\n|move|p2b: Sinistcha|Trick Room|p2b: Sinistcha\n|-fieldstart|move: Trick Room|[of] p2b: Sinistcha\n|\n|-damage|p1a: Tatsugiri|6\/100 brn|[from] brn\n|upkeep\n|turn|18\n|\n|t:|1700667439\n|move|p1b: Rillaboom|Protect|p1b: Rillaboom\n|-singleturn|p1b: Rillaboom|Protect\n|move|p2a: Grimmsnarl|Light Screen|p2a: Grimmsnarl\n|-sidestart|p2: oRinNeGa7V1|move: Light Screen\n|move|p2b: Sinistcha|Matcha Gotcha|p1b: Rillaboom|[spread] p1a\n|-activate|p1b: Rillaboom|move: Protect\n|-damage|p1a: Tatsugiri|0 fnt\n|-heal|p2b: Sinistcha|37\/100|[from] drain|[of] p1a: Tatsugiri\n|faint|p1a: Tatsugiri\n|\n|upkeep\n|\n|t:|1700667451\n|switch|p1a: Flutter Mane|Flutter Mane, L50|100\/100\n|-enditem|p1a: Flutter Mane|Booster Energy\n|-activate|p1a: Flutter Mane|ability: Protosynthesis|[fromitem]\n|-start|p1a: Flutter Mane|protosynthesisspe\n|turn|19\n|\n|t:|1700667467\n|move|p1a: Flutter Mane|Protect|p1a: Flutter Mane\n|-singleturn|p1a: Flutter Mane|Protect\n|move|p2a: Grimmsnarl|Parting Shot|p1b: Rillaboom\n|-unboost|p1b: Rillaboom|atk|1\n|-unboost|p1b: Rillaboom|spa|1\n|\n|t:|1700667471\n|switch|p2a: Munkidori|Munkidori, L50, M|22\/100|[from] Parting Shot\n|-item|p1b: Rillaboom|Miracle Seed|[from] ability: Frisk|[of] p2a: Munkidori|[identify]\n|move|p2b: Sinistcha|Life Dew|p2b: Sinistcha|[spread] p2a,p2b\n|-heal|p2a: Munkidori|47\/100\n|-heal|p2b: Sinistcha|62\/100\n|move|p1b: Rillaboom|Wood Hammer|p2a: Munkidori\n|-resisted|p2a: Munkidori\n|-damage|p2a: Munkidori|29\/100\n|-damage|p1b: Rillaboom|43\/100|[from] Recoil\n|\n|upkeep\n|turn|20\n|\n|t:|1700667499\n|-terastallize|p2a: Munkidori|Poison\n|move|p1b: Rillaboom|Fake Out||[still]\n|-hint|Fake Out only works on your first turn out.\n|-fail|p1b: Rillaboom\n|move|p2b: Sinistcha|Rage Powder|p2b: Sinistcha\n|-singleturn|p2b: Sinistcha|move: Rage Powder\n|move|p2a: Munkidori|Sludge Bomb|p1a: Flutter Mane\n|-crit|p1a: Flutter Mane\n|-damage|p1a: Flutter Mane|4\/100\n|-status|p1a: Flutter Mane|psn\n|move|p1a: Flutter Mane|Dazzling Gleam|p2a: Munkidori|[spread] p2a,p2b\n|-resisted|p2a: Munkidori\n|-damage|p2a: Munkidori|17\/100\n|-damage|p2b: Sinistcha|43\/100\n|\n|-damage|p1a: Flutter Mane|0 fnt|[from] psn\n|faint|p1a: Flutter Mane\n|-end|p1a: Flutter Mane|Protosynthesis|[silent]\n|-sideend|p2: oRinNeGa7V1|Reflect\n|upkeep\n|turn|21\n|-message|TesterBooY forfeited.\n|\n|win|oRinNeGa7V1\n|l|\u2606TesterBooY\n","uploadtime":1700667528,"views":6,"p1id":"testerbooy","p2id":"orinnega7v1","formatid":"gen9vgc2023regulatione","rating":0,"private":0,"password":""}