{"id":"gen9vgc2023regulatione-1990162060","p1":"Applejacks15","p2":"JayMcG1010","format":"[Gen 9] VGC 2023 Regulation E","log":"|j|\u2606Applejacks15\n|j|\u2606JayMcG1010\n|n|\u2606Applejacks15|applejacks15\n|n|\u2606JayMcG1010|jaymcg1010\n|html|View the match progress at <a href=\"\/game-bestof3-gen9vgc2023regulatione-1990162059\">game-bestof3-gen9vgc2023regulatione-1990162059<\/a>\n|t:|1699931425\n|gametype|doubles\n|player|p1|Applejacks15|supernerd|\n|player|p2|JayMcG1010|170|\n|teamsize|p1|6\n|teamsize|p2|6\n|gen|9\n|tier|[Gen 9] VGC 2023 Regulation E\n|rule|Species Clause: Limit one of each Pok\u00e9mon\n|rule|Item Clause: Limit one of each item\n|clearpoke\n|poke|p1|Cloyster, L50, M|\n|poke|p1|Camerupt, L50, F|\n|poke|p1|Pachirisu, L50, F|\n|poke|p1|Haxorus, L50, F|\n|poke|p1|Dipplin, L50, M|\n|poke|p1|Passimian, L50, F|\n|poke|p2|Rotom-Frost, L50|\n|poke|p2|Torterra, L50, F|\n|poke|p2|Gardevoir, L50, M|\n|poke|p2|Dusknoir, L50, F|\n|poke|p2|Sneasel-Hisui, L50, F|\n|poke|p2|Tatsugiri, L50, M|\n|teampreview|4\n|c|\u2606Applejacks15|heyo glhf!\n|c|\u2606JayMcG1010|glhf!\nJayMcG1010 rejected open team sheets.\n|\n|t:|1699931527\n|start\n|switch|p1a: Can erupt|Camerupt, L50, F|100\/100\n|switch|p1b: Hax em up|Haxorus, L50, F|100\/100\n|switch|p2a: Torterra|Torterra, L50, F|100\/100\n|switch|p2b: Dusknoir|Dusknoir, L50, F|100\/100\n|-ability|p1b: Hax em up|Mold Breaker\n|-item|p1a: Can erupt|Choice Scarf|[from] ability: Frisk|[of] p2b: Dusknoir|[identify]\n|-item|p1b: Hax em up|Choice Band|[from] ability: Frisk|[of] p2b: Dusknoir|[identify]\n|turn|1\n|\n|t:|1699931587\n|-terastallize|p1b: Hax em up|Ghost\n|-terastallize|p2a: Torterra|Water\n|move|p1a: Can erupt|Eruption|p2b: Dusknoir|[spread] p2a,p2b\n|-resisted|p2a: Torterra\n|-damage|p2a: Torterra|77\/100\n|-damage|p2b: Dusknoir|55\/100\n|move|p1b: Hax em up|Tera Blast|p2b: Dusknoir|[anim] Tera Blast Ghost\n|-supereffective|p2b: Dusknoir\n|-damage|p2b: Dusknoir|0 fnt\n|faint|p2b: Dusknoir\n|move|p2a: Torterra|Iron Defense|p2a: Torterra\n|-boost|p2a: Torterra|def|2\n|\n|-heal|p2a: Torterra|83\/100|[from] item: Leftovers\n|upkeep\n|\n|t:|1699931606\n|switch|p2b: Sneasel|Sneasel-Hisui, L50, F|100\/100\n|turn|2\n|\n|t:|1699931665\n|switch|p1a: Pach em up|Pachirisu, L50, F|100\/100\n|move|p2b: Sneasel|Close Combat|p1a: Pach em up\n|-crit|p1a: Pach em up\n|-damage|p1a: Pach em up|0 fnt\n|-unboost|p2b: Sneasel|def|1\n|-unboost|p2b: Sneasel|spd|1\n|faint|p1a: Pach em up\n|move|p1b: Hax em up|Tera Blast|p2b: Sneasel|[anim] Tera Blast Ghost\n|-enditem|p2b: Sneasel|Focus Sash\n|-damage|p2b: Sneasel|1\/100\n|move|p2a: Torterra|Iron Defense|p2a: Torterra\n|-boost|p2a: Torterra|def|2\n|\n|-heal|p2a: Torterra|89\/100|[from] item: Leftovers\n|upkeep\n|\n|t:|1699931700\n|switch|p1a: Can erupt|Camerupt, L50, F|100\/100\n|turn|3\n|\n|t:|1699931710\n|move|p2b: Sneasel|Close Combat|p1a: Can erupt\n|-damage|p1a: Can erupt|7\/100\n|-unboost|p2b: Sneasel|def|1\n|-unboost|p2b: Sneasel|spd|1\n|move|p1a: Can erupt|Eruption|p2a: Torterra|[spread] p2a,p2b\n|-resisted|p2a: Torterra\n|-damage|p2a: Torterra|88\/100\n|-damage|p2b: Sneasel|0 fnt\n|faint|p2b: Sneasel\n|move|p1b: Hax em up|Tera Blast|p2a: Torterra|[anim] Tera Blast Ghost\n|-damage|p2a: Torterra|71\/100\n|move|p2a: Torterra|Body Press|p1a: Can erupt\n|-damage|p1a: Can erupt|0 fnt\n|faint|p1a: Can erupt\n|\n|-heal|p2a: Torterra|77\/100|[from] item: Leftovers\n|upkeep\n|\n|t:|1699931725\n|switch|p2b: Rotom|Rotom-Frost, L50, shiny|100\/100\n|switch|p1a: Smashing|Cloyster, L50, M|100\/100\n|turn|4\n|c|\u2606Applejacks15|this is not the torterra set I expected\n|\n|t:|1699931753\n|move|p1b: Hax em up|Tera Blast|p2a: Torterra|[anim] Tera Blast Ghost\n|-damage|p2a: Torterra|60\/100\n|move|p2b: Rotom|Will-O-Wisp|p1b: Hax em up|[miss]\n|-miss|p2b: Rotom|p1b: Hax em up\n|move|p1a: Smashing|Rock Blast|p2b: Rotom|[miss]\n|-miss|p1a: Smashing|p2b: Rotom\n|move|p2a: Torterra|Body Press|p1a: Smashing\n|-supereffective|p1a: Smashing\n|-damage|p1a: Smashing|5\/100\n|\n|-heal|p2a: Torterra|66\/100|[from] item: Leftovers\n|upkeep\n|turn|5\n|c|\u2606Applejacks15|but also, foolish of me to not expect body press on a jay set\n|\n|t:|1699931781\n|move|p1b: Hax em up|Tera Blast|p2a: Torterra|[anim] Tera Blast Ghost\n|-damage|p2a: Torterra|50\/100\n|move|p2b: Rotom|Thunderbolt|p1a: Smashing\n|-supereffective|p1a: Smashing\n|-damage|p1a: Smashing|0 fnt\n|faint|p1a: Smashing\n|move|p2a: Torterra|Leech Seed|p1b: Hax em up\n|-start|p1b: Hax em up|move: Leech Seed\n|\n|-heal|p2a: Torterra|55\/100|[from] item: Leftovers\n|-damage|p1b: Hax em up|88\/100|[from] Leech Seed|[of] p2a: Torterra\n|-heal|p2a: Torterra|66\/100|[silent]\n|upkeep\n|turn|6\n|\n|t:|1699931798\n|move|p1b: Hax em up|Tera Blast|p2b: Rotom|[anim] Tera Blast Ghost\n|-damage|p2b: Rotom|34\/100\n|move|p2b: Rotom|Will-O-Wisp|p1b: Hax em up\n|-status|p1b: Hax em up|brn\n|move|p2a: Torterra|Iron Defense|p2a: Torterra\n|-boost|p2a: Torterra|def|2\n|\n|-heal|p2a: Torterra|72\/100|[from] item: Leftovers\n|-damage|p1b: Hax em up|76\/100 brn|[from] Leech Seed|[of] p2a: Torterra\n|-heal|p2a: Torterra|83\/100|[silent]\n|-damage|p1b: Hax em up|70\/100 brn|[from] brn\n|upkeep\n|turn|7\n|\n|t:|1699931818\n|move|p2b: Rotom|Protect|p2b: Rotom\n|-singleturn|p2b: Rotom|Protect\n|move|p1b: Hax em up|Tera Blast|p2b: Rotom|[anim] Tera Blast Ghost\n|-activate|p2b: Rotom|move: Protect\n|move|p2a: Torterra|Body Press|p1b: Hax em up\n|-immune|p1b: Hax em up\n|\n|-heal|p2a: Torterra|89\/100|[from] item: Leftovers\n|-damage|p1b: Hax em up|58\/100 brn|[from] Leech Seed|[of] p2a: Torterra\n|-heal|p2a: Torterra|99\/100|[silent]\n|-damage|p1b: Hax em up|52\/100 brn|[from] brn\n|upkeep\n|turn|8\n|\n|t:|1699931834\n|move|p1b: Hax em up|Tera Blast|p2b: Rotom|[anim] Tera Blast Ghost\n|-damage|p2b: Rotom|0 fnt\n|faint|p2b: Rotom\n|move|p2a: Torterra|Leech Seed|p1b: Hax em up|[miss]\n|-miss|p2a: Torterra|p1b: Hax em up\n|\n|-heal|p2a: Torterra|100\/100|[from] item: Leftovers\n|-damage|p1b: Hax em up|40\/100 brn|[from] Leech Seed|[of] p2a: Torterra\n|-damage|p1b: Hax em up|34\/100 brn|[from] brn\n|upkeep\n|turn|9\n|\n|t:|1699931844\n|move|p1b: Hax em up|Tera Blast|p2a: Torterra|[anim] Tera Blast Ghost\n|-damage|p2a: Torterra|95\/100\n|move|p2a: Torterra|Body Press|p1b: Hax em up\n|-immune|p1b: Hax em up\n|\n|-heal|p2a: Torterra|100\/100|[from] item: Leftovers\n|-damage|p1b: Hax em up|22\/100 brn|[from] Leech Seed|[of] p2a: Torterra\n|-damage|p1b: Hax em up|16\/100 brn|[from] brn\n|upkeep\n|turn|10\n|\n|t:|1699931853\n|move|p1b: Hax em up|Tera Blast|p2a: Torterra|[anim] Tera Blast Ghost\n|-damage|p2a: Torterra|94\/100\n|move|p2a: Torterra|Body Press|p1b: Hax em up\n|-immune|p1b: Hax em up\n|\n|-heal|p2a: Torterra|99\/100|[from] item: Leftovers\n|-damage|p1b: Hax em up|4\/100 brn|[from] Leech Seed|[of] p2a: Torterra\n|-heal|p2a: Torterra|100\/100|[silent]\n|-damage|p1b: Hax em up|0 fnt|[from] brn\n|faint|p1b: Hax em up\n|\n|win|JayMcG1010\n|upkeep\n|c|&|\/uhtml prompt-jaymcg1010,JayMcG1010 is ready for game 2!\n|c|\u2606Applejacks15|gg!\n|c|\u2606JayMcG1010|gg!\n|inactive|Applejacks15 has 50 seconds to confirm battle start!\n|c|&|\/uhtml prompt-applejacks15,Applejacks15 is ready for game 2!\nBoth players are ready! Starting next match!\n","uploadtime":1699931867,"views":36,"p1id":"applejacks15","p2id":"jaymcg1010","formatid":"gen9vgc2023regulatione","rating":0,"private":0,"password":""}