{"id":"gen9vgc2023regulatione-1991750726","p1":"kidturtle","p2":"Leek_Alt","format":"[Gen 9] VGC 2023 Regulation E","log":"|j|\u2606kidturtle\n|j|\u2606Leek_Alt\n|t:|1700110947\n|gametype|doubles\n|player|p1|kidturtle|hoopster|\n|player|p2|Leek_Alt|blue|\n|teamsize|p1|6\n|teamsize|p2|6\n|gen|9\n|tier|[Gen 9] VGC 2023 Regulation E\n|rated|Tournament battle\n|rule|Species Clause: Limit one of each Pok\u00e9mon\n|rule|Item Clause: Limit one of each item\n|clearpoke\n|poke|p1|Ursaluna, L50, M|\n|poke|p1|Cresselia, L50, F|\n|poke|p1|Flutter Mane, L50|\n|poke|p1|Chi-Yu, L50|\n|poke|p1|Iron Hands, L50|\n|poke|p1|Urshifu-*, L50, M|\n|poke|p2|Iron Bundle, L50|\n|poke|p2|Gholdengo, L50|\n|poke|p2|Landorus-Therian, L50, M|\n|poke|p2|Amoonguss, L50, F|\n|poke|p2|Arcanine-Hisui, L50, F|\n|poke|p2|Sylveon, L50, F|\n|teampreview|4\n|showteam|p1|Ursaluna||FlameOrb|Guts|Facade,Earthquake,SwordsDance,Protect|||M|||50|,,,,,Ghost]Cresselia||MentalHerb|Levitate|IceBeam,AllySwitch,LunarBlessing,TrickRoom|||F|||50|,,,,,Fairy]Flutter Mane||BoosterEnergy|Protosynthesis|IcyWind,ShadowBall,Moonblast,Protect||||||50|,,,,,Fairy]Chi-Yu||ChoiceSpecs|BeadsofRuin|BurningJealousy,DarkPulse,Overheat,Snarl||||||50|,,,,,Ghost]Iron Hands||SitrusBerry|QuarkDrive|DrainPunch,WildCharge,FakeOut,SwordsDance||||||50|,,,,,Fire]Urshifu||FocusSash|UnseenFist|Detect,WickedBlow,CloseCombat,SuckerPunch|||M|||50|,,,,,Dark\n|showteam|p2|Iron Bundle||BoosterEnergy|QuarkDrive|IcyWind,HydroPump,FreezeDry,Protect||||||50|,,,,,Ghost]Gholdengo||LifeOrb|GoodasGold|NastyPlot,MakeItRain,ShadowBall,Protect||||||50|,,,,,Water]Landorus-Therian||ChoiceScarf|Intimidate|RockSlide,TeraBlast,Uturn,StompingTantrum|||M|||50|,,,,,Flying]Amoonguss||MentalHerb|Regenerator|Spore,RagePowder,PollenPuff,Protect|||F|||50|,,,,,Water]Arcanine-Hisui||SitrusBerry|Intimidate|FlareBlitz,RockSlide,WillOWisp,Protect|||F|||50|,,,,,Fairy]Sylveon||ChoiceSpecs|Pixilate|HyperVoice,HyperBeam,TeraBlast,ShadowBall|||F|||50|,,,,,Fire\n|inactive|Battle timer is ON: inactive players will automatically lose when time's up. (requested by kidturtle)\n|inactive|Leek_Alt has 60 seconds left.\n|\n|t:|1700110982\n|start\n|switch|p1a: Flutter Mane|Flutter Mane, L50, shiny|100\/100\n|switch|p1b: Chi-Yu|Chi-Yu, L50|100\/100\n|switch|p2a: Arcanine|Arcanine-Hisui, L50, F|100\/100\n|switch|p2b: Sylveon|Sylveon, L50, F|100\/100\n|-ability|p1b: Chi-Yu|Beads of Ruin\n|-ability|p2a: Arcanine|Intimidate|boost\n|-unboost|p1a: Flutter Mane|atk|1\n|-unboost|p1b: Chi-Yu|atk|1\n|-enditem|p1a: Flutter Mane|Booster Energy\n|-activate|p1a: Flutter Mane|ability: Protosynthesis|[fromitem]\n|-start|p1a: Flutter Mane|protosynthesisspe\n|turn|1\n|\n|t:|1700110999\n|switch|p2b: Amoonguss|Amoonguss, L50, F|100\/100\n|move|p1a: Flutter Mane|Shadow Ball|p2a: Arcanine\n|-crit|p2a: Arcanine\n|-damage|p2a: Arcanine|17\/100\n|-enditem|p2a: Arcanine|Sitrus Berry|[eat]\n|-heal|p2a: Arcanine|42\/100|[from] item: Sitrus Berry\n|move|p1b: Chi-Yu|Snarl|p2a: Arcanine|[spread] p2a\n|-miss|p1b: Chi-Yu|p2b: Amoonguss\n|-damage|p2a: Arcanine|0 fnt\n|faint|p2a: Arcanine\n|\n|upkeep\n|\n|t:|1700111006\n|switch|p2a: Landorus|Landorus-Therian, L50, M|100\/100\n|-ability|p2a: Landorus|Intimidate|boost\n|-unboost|p1a: Flutter Mane|atk|1\n|-unboost|p1b: Chi-Yu|atk|1\n|turn|2\n|c|\u2606Leek_Alt|bruh\n|\n|t:|1700111020\n|move|p1a: Flutter Mane|Icy Wind|p2b: Amoonguss|[spread] p2a,p2b\n|-supereffective|p2a: Landorus\n|-supereffective|p2b: Amoonguss\n|-damage|p2a: Landorus|6\/100\n|-damage|p2b: Amoonguss|70\/100\n|-unboost|p2a: Landorus|spe|1\n|-unboost|p2b: Amoonguss|spe|1\n|move|p1b: Chi-Yu|Snarl|p2b: Amoonguss|[spread] p2a,p2b\n|-damage|p2a: Landorus|0 fnt\n|-damage|p2b: Amoonguss|34\/100\n|-unboost|p2b: Amoonguss|spa|1\n|faint|p2a: Landorus\n|move|p2b: Amoonguss|Spore|p1a: Flutter Mane\n|-status|p1a: Flutter Mane|slp|[from] move: Spore\n|\n|upkeep\n|\n|t:|1700111023\n|switch|p2a: Sylveon|Sylveon, L50, F|100\/100\n|turn|3\n|\n|t:|1700111036\n|move|p2b: Amoonguss|Protect|p2b: Amoonguss\n|-singleturn|p2b: Amoonguss|Protect\n|cant|p1a: Flutter Mane|slp\n|move|p1b: Chi-Yu|Snarl|p2a: Sylveon|[spread] p2a\n|-activate|p2b: Amoonguss|move: Protect\n|-resisted|p2a: Sylveon\n|-damage|p2a: Sylveon|86\/100\n|-unboost|p2a: Sylveon|spa|1\n|move|p2a: Sylveon|Hyper Voice|p1b: Chi-Yu|[spread] p1a,p1b\n|-damage|p1a: Flutter Mane|38\/100 slp\n|-damage|p1b: Chi-Yu|51\/100\n|\n|upkeep\n|turn|4\n|\n|t:|1700111055\n|cant|p1a: Flutter Mane|slp\n|move|p1b: Chi-Yu|Snarl|p2a: Sylveon|[spread] p2a,p2b\n|-resisted|p2a: Sylveon\n|-damage|p2a: Sylveon|71\/100\n|-damage|p2b: Amoonguss|0 fnt\n|-unboost|p2a: Sylveon|spa|1\n|faint|p2b: Amoonguss\n|move|p2a: Sylveon|Hyper Voice|p1b: Chi-Yu|[spread] p1a,p1b\n|-damage|p1a: Flutter Mane|0 fnt\n|-damage|p1b: Chi-Yu|18\/100\n|faint|p1a: Flutter Mane\n|-end|p1a: Flutter Mane|Protosynthesis|[silent]\n|\n|upkeep\n|\n|t:|1700111063\n|switch|p1a: Cresselia|Cresselia, L50, F|100\/100\n|turn|5\n|c|\u2606Leek_Alt|lowkey forgot about specs\n|\n|t:|1700111068\n|move|p1b: Chi-Yu|Snarl|p2a: Sylveon\n|-resisted|p2a: Sylveon\n|-damage|p2a: Sylveon|49\/100\n|-unboost|p2a: Sylveon|spa|1\n|move|p2a: Sylveon|Hyper Voice|p1b: Chi-Yu|[spread] p1a,p1b\n|-damage|p1a: Cresselia|80\/100\n|-damage|p1b: Chi-Yu|0 fnt\n|faint|p1b: Chi-Yu\n|move|p1a: Cresselia|Trick Room|p1a: Cresselia\n|-fieldstart|move: Trick Room|[of] p1a: Cresselia\n|\n|upkeep\n|\n|t:|1700111070\n|switch|p1b: Ursaluna|Ursaluna, L50, M|100\/100\n|turn|6\n|\n|t:|1700111076\n|move|p1b: Ursaluna|Protect|p1b: Ursaluna\n|-singleturn|p1b: Ursaluna|Protect\n|move|p2a: Sylveon|Hyper Voice|p1b: Ursaluna|[spread] p1a\n|-activate|p1b: Ursaluna|move: Protect\n|-damage|p1a: Cresselia|64\/100\n|move|p1a: Cresselia|Lunar Blessing|p1a: Cresselia|[spread] p1a,p1b\n|-heal|p1a: Cresselia|89\/100\n|\n|-status|p1b: Ursaluna|brn|[from] item: Flame Orb\n|upkeep\n|turn|7\n|\n|t:|1700111079\n|move|p1b: Ursaluna|Facade|p2a: Sylveon\n|-damage|p2a: Sylveon|0 fnt\n|faint|p2a: Sylveon\n|\n|win|kidturtle\n|n|\u2606kidturtle|kidturtle\n|n|\u2606Leek_Alt|leekalt\n|l|\u2606Leek_Alt\n","uploadtime":1700111083,"views":16,"p1id":"kidturtle","p2id":"leekalt","formatid":"gen9vgc2023regulatione","rating":0,"private":0,"password":""}