{"id":"gen9vgc2023regulatione-1993873095","p1":"McSpheal VGC","p2":"extracute","format":"[Gen 9] VGC 2023 Regulation E","log":"|j|\u2606McSpheal VGC\n|j|\u2606extracute\n|t:|1700368249\n|gametype|doubles\n|player|p1|McSpheal VGC|caitlin|1419\n|player|p2|extracute|1|1503\n|teamsize|p1|6\n|teamsize|p2|6\n|gen|9\n|tier|[Gen 9] VGC 2023 Regulation E\n|rated|\n|rule|Species Clause: Limit one of each Pok\u00e9mon\n|rule|Item Clause: Limit one of each item\n|clearpoke\n|poke|p1|Chandelure, L50, M|\n|poke|p1|Milotic, L50, M|\n|poke|p1|Sinistcha-Masterpiece, L50|\n|poke|p1|Ogerpon-Wellspring, L50, F|\n|poke|p1|Flutter Mane, L50|\n|poke|p1|Iron Hands, L50|\n|poke|p2|Sneasler, L50, F|\n|poke|p2|Indeedee-F, L50, F|\n|poke|p2|Armarouge, L50, F|\n|poke|p2|Urshifu-*, L50, M|\n|poke|p2|Chien-Pao, L50|\n|poke|p2|Tornadus, L50, M|\n|teampreview|4\nMcSpheal VGC has agreed to open team sheets.\n|inactive|Battle timer is ON: inactive players will automatically lose when time's up. (requested by extracute)\n|inactive|McSpheal VGC has 60 seconds left.\n|\n|t:|1700368319\n|start\n|switch|p1a: Flutter Mane|Flutter Mane, L50|100\/100\n|switch|p1b: Iron Hands|Iron Hands, L50|100\/100\n|switch|p2a: Chien-Pao|Chien-Pao, L50|100\/100\n|switch|p2b: Armarouge|Armarouge, L50, F|100\/100\n|-ability|p2a: Chien-Pao|Sword of Ruin\n|turn|1\n|\n|t:|1700368338\n|switch|p2a: Indeedee|Indeedee-F, L50, F|100\/100\n|-fieldstart|move: Psychic Terrain|[from] ability: Psychic Surge|[of] p2a: Indeedee\n|-terastallize|p1a: Flutter Mane|Fairy\n|move|p1b: Iron Hands|Fake Out|p2b: Armarouge\n|-activate|p2b: Armarouge|move: Psychic Terrain\n|move|p1a: Flutter Mane|Dazzling Gleam|p2b: Armarouge|[spread] p2a,p2b\n|-resisted|p2b: Armarouge\n|-damage|p2a: Indeedee|46\/100\n|-damage|p2b: Armarouge|66\/100\n|move|p2b: Armarouge|Expanding Force|p1b: Iron Hands|[spread] p1a,p1b\n|-supereffective|p1b: Iron Hands\n|-damage|p1a: Flutter Mane|51\/100\n|-damage|p1b: Iron Hands|38\/100\n|\n|upkeep\n|turn|2\n|inactive|extracute has 30 seconds left.\n|\n|t:|1700368371\n|-end|p1b: Iron Hands|Quark Drive|[silent]\n|switch|p1b: BamBOO|Sinistcha-Masterpiece, L50, shiny|100\/100\n|-heal|p1a: Flutter Mane|75\/100|[from] ability: Hospitality|[of] p1b: BamBOO\n|move|p2b: Armarouge|Wide Guard|p2b: Armarouge\n|-singleturn|p2b: Armarouge|Wide Guard\n|move|p1a: Flutter Mane|Dazzling Gleam|p2a: Indeedee|[spread] \n|-activate|p2a: Indeedee|move: Wide Guard\n|-activate|p2b: Armarouge|move: Wide Guard\n|move|p2a: Indeedee|Psyshock|p1a: Flutter Mane\n|-damage|p1a: Flutter Mane|20\/100\n|\n|upkeep\n|turn|3\n|inactive|extracute has 30 seconds left.\n|\n|t:|1700368402\n|move|p2a: Indeedee|Helping Hand|p2b: Armarouge\n|-singleturn|p2b: Armarouge|Helping Hand|[of] p2a: Indeedee\n|move|p1a: Flutter Mane|Dazzling Gleam|p2a: Indeedee|[spread] p2a,p2b\n|-resisted|p2b: Armarouge\n|-damage|p2a: Indeedee|0 fnt\n|-damage|p2b: Armarouge|29\/100\n|faint|p2a: Indeedee\n|move|p2b: Armarouge|Expanding Force|p1a: Flutter Mane|[spread] p1a,p1b\n|-damage|p1a: Flutter Mane|0 fnt\n|-damage|p1b: BamBOO|0 fnt\n|faint|p1a: Flutter Mane\n|-end|p1a: Flutter Mane|Protosynthesis|[silent]\n|faint|p1b: BamBOO\n|\n|upkeep\n|\n|t:|1700368414\n|switch|p1a: Ponyo|Ogerpon-Wellspring, L50, F|100\/100\n|switch|p2a: Sneasler|Sneasler, L50, F|100\/100\n|switch|p1b: Iron Hands|Iron Hands, L50|38\/100\n|-enditem|p2a: Sneasler|Psychic Seed\n|-boost|p2a: Sneasler|spd|1|[from] item: Psychic Seed\n|turn|4\n|inactive|extracute has 30 seconds left.\n|\n|t:|1700368446\n|-terastallize|p2b: Armarouge|Grass\n|move|p1a: Ponyo|Spiky Shield|p1a: Ponyo\n|-singleturn|p1a: Ponyo|move: Protect\n|move|p2a: Sneasler|Dire Claw|p1a: Ponyo\n|-activate|p1a: Ponyo|move: Protect\n|-damage|p2a: Sneasler|88\/100|[from] Spiky Shield|[of] p1a: Ponyo\n|move|p2b: Armarouge|Expanding Force|p1b: Iron Hands|[spread] p1b\n|-activate|p1a: Ponyo|move: Protect\n|-supereffective|p1b: Iron Hands\n|-damage|p1b: Iron Hands|0 fnt\n|faint|p1b: Iron Hands\n|-end|p1b: Iron Hands|Quark Drive|[silent]\n|\n|upkeep\n|turn|5\n|\n|t:|1700368466\n|move|p2b: Armarouge|Endure|p2b: Armarouge\n|-singleturn|p2b: Armarouge|move: Endure\n|move|p2a: Sneasler|Dire Claw|p1a: Ponyo\n|-supereffective|p1a: Ponyo\n|-damage|p1a: Ponyo|23\/100\n|move|p1a: Ponyo|Ivy Cudgel|p2a: Sneasler|[anim] Ivy Cudgel Water\n|-crit|p2a: Sneasler\n|-damage|p2a: Sneasler|0 fnt\n|faint|p2a: Sneasler\n|\n|-fieldend|move: Psychic Terrain\n|upkeep\n|\n|t:|1700368475\n|switch|p2a: Chien-Pao|Chien-Pao, L50|100\/100\n|-ability|p2a: Chien-Pao|Sword of Ruin\n|turn|6\n|\n|t:|1700368486\n|move|p1a: Ponyo|Spiky Shield|p1a: Ponyo\n|-singleturn|p1a: Ponyo|move: Protect\n|move|p2a: Chien-Pao|Icicle Crash|p1a: Ponyo\n|-activate|p1a: Ponyo|move: Protect\n|move|p2b: Armarouge|Expanding Force|p1a: Ponyo\n|-activate|p1a: Ponyo|move: Protect\n|\n|upkeep\n|turn|7\n|\n|t:|1700368495\n|move|p2b: Armarouge|Endure|p2b: Armarouge\n|-singleturn|p2b: Armarouge|move: Endure\n|move|p2a: Chien-Pao|Crunch|p1a: Ponyo\n|-damage|p1a: Ponyo|0 fnt\n|faint|p1a: Ponyo\n|-damage|p2a: Chien-Pao|91\/100|[from] item: Life Orb\n|\n|win|extracute\n|raw|McSpheal VGC's rating: 1419 &rarr; <strong>1404<\/strong><br \/>(-15 for losing)\n|raw|extracute's rating: 1503 &rarr; <strong>1518<\/strong><br \/>(+15 for winning)\n|l|\u2606McSpheal VGC\n","uploadtime":1700368615,"views":13,"p1id":"mcsphealvgc","p2id":"extracute","formatid":"gen9vgc2023regulatione","rating":1404,"private":0,"password":""}