{"id":"gen9vgc2023regulatione-1990963803","p1":"testing122023G","p2":"Tangarang27","format":"[Gen 9] VGC 2023 Regulation E","log":"|j|\u2606testing122023G\n|j|\u2606Tangarang27\n|t:|1700020521\n|gametype|doubles\n|player|p1|testing122023G|2|1575\n|player|p2|Tangarang27|1|1571\n|teamsize|p1|6\n|teamsize|p2|6\n|gen|9\n|tier|[Gen 9] VGC 2023 Regulation E\n|rated|\n|rule|Species Clause: Limit one of each Pok\u00e9mon\n|rule|Item Clause: Limit one of each item\n|clearpoke\n|poke|p1|Ninetales, L50, F|\n|poke|p1|Lilligant-Hisui, L50, F|\n|poke|p1|Ogerpon-Hearthflame, L50, F|\n|poke|p1|Roaring Moon, L50|\n|poke|p1|Flutter Mane, L50|\n|poke|p1|Iron Hands, L50|\n|poke|p2|Arcanine-Hisui, L50, M|\n|poke|p2|Tornadus, L50, M|\n|poke|p2|Farigiraf, L50, F|\n|poke|p2|Urshifu-*, L50, M|\n|poke|p2|Iron Bundle, L50|\n|poke|p2|Iron Hands, L50|\n|teampreview|4\n|inactive|Battle timer is ON: inactive players will automatically lose when time's up. (requested by testing122023G)\n|\n|t:|1700020552\n|start\n|switch|p1a: Flutter Mane|Flutter Mane, L50|100\/100\n|switch|p1b: Lilligant|Lilligant-Hisui, L50, F|100\/100\n|switch|p2a: Tornadus|Tornadus, L50, M|100\/100\n|switch|p2b: Arcanine|Arcanine-Hisui, L50, M|100\/100\n|-ability|p2b: Arcanine|Intimidate|boost\n|-unboost|p1a: Flutter Mane|atk|1\n|-unboost|p1b: Lilligant|atk|1\n|turn|1\n|inactive|Tangarang27 has 30 seconds left.\n|\n|t:|1700020586\n|move|p1a: Flutter Mane|Protect|p1a: Flutter Mane\n|-singleturn|p1a: Flutter Mane|Protect\n|move|p2a: Tornadus|Bleakwind Storm|p1a: Flutter Mane|[spread] p1b\n|-activate|p1a: Flutter Mane|move: Protect\n|-supereffective|p1b: Lilligant\n|-enditem|p1b: Lilligant|Focus Sash\n|-damage|p1b: Lilligant|1\/100\n|-unboost|p1b: Lilligant|spe|1\n|move|p2b: Arcanine|Rock Slide|p1a: Flutter Mane|[spread] \n|-activate|p1a: Flutter Mane|move: Protect\n|-miss|p2b: Arcanine|p1b: Lilligant\n|move|p1b: Lilligant|Sleep Powder|p2a: Tornadus\n|-status|p2a: Tornadus|slp|[from] move: Sleep Powder\n|\n|upkeep\n|turn|2\n|inactive|Tangarang27 has 30 seconds left.\n|\n|t:|1700020618\n|cant|p2a: Tornadus|slp\n|move|p1a: Flutter Mane|Shadow Ball|p2b: Arcanine\n|-damage|p2b: Arcanine|42\/100\n|-enditem|p2b: Arcanine|Sitrus Berry|[eat]\n|-heal|p2b: Arcanine|67\/100|[from] item: Sitrus Berry\n|-damage|p1a: Flutter Mane|91\/100|[from] item: Life Orb\n|move|p2b: Arcanine|Flare Blitz|p1a: Flutter Mane\n|-damage|p1a: Flutter Mane|0 fnt\n|faint|p1a: Flutter Mane\n|-end|p1a: Flutter Mane|Protosynthesis|[silent]\n|-damage|p2b: Arcanine|46\/100|[from] Recoil\n|move|p1b: Lilligant|Close Combat|p2b: Arcanine\n|-supereffective|p2b: Arcanine\n|-damage|p2b: Arcanine|0 fnt\n|-unboost|p1b: Lilligant|def|1\n|-unboost|p1b: Lilligant|spd|1\n|faint|p2b: Arcanine\n|\n|upkeep\n|j| neusrel\n|\n|t:|1700020639\n|switch|p1a: Iron Hands|Iron Hands, L50|100\/100\n|switch|p2b: Farigiraf|Farigiraf, L50, F|100\/100\n|turn|3\n|\n|t:|1700020662\n|cant|p2a: Tornadus|slp\n|move|p1b: Lilligant|Sleep Powder|p2b: Farigiraf\n|-status|p2b: Farigiraf|slp|[from] move: Sleep Powder\n|cant|p2b: Farigiraf|slp\n|move|p1a: Iron Hands|Wild Charge|p2a: Tornadus\n|-supereffective|p2a: Tornadus\n|-enditem|p2a: Tornadus|Focus Sash\n|-damage|p2a: Tornadus|1\/100 slp\n|-damage|p1a: Iron Hands|86\/100|[from] Recoil\n|\n|upkeep\n|turn|4\n|\n|t:|1700020682\n|-end|p1a: Iron Hands|Quark Drive|[silent]\n|switch|p1a: Ninetales|Ninetales, L50, F, shiny|100\/100\n|-weather|SunnyDay|[from] ability: Drought|[of] p1a: Ninetales\n|move|p1b: Lilligant|Solar Blade||[still]\n|-prepare|p1b: Lilligant|Solar Blade\n|-anim|p1b: Lilligant|Solar Blade|p2a: Tornadus\n|-resisted|p2a: Tornadus\n|-damage|p2a: Tornadus|0 fnt\n|faint|p2a: Tornadus\n|cant|p2b: Farigiraf|slp\n|\n|-weather|SunnyDay|[upkeep]\n|upkeep\n|j| LasermanZ11\n|\n|t:|1700020694\n|switch|p2a: Iron Hands|Iron Hands, L50|100\/100\n|turn|5\n|j| NEO003\n|\n|t:|1700020711\n|-terastallize|p2b: Farigiraf|Fairy\n|move|p1b: Lilligant|Sleep Powder|p2a: Iron Hands\n|-status|p2a: Iron Hands|slp|[from] move: Sleep Powder\n|move|p1a: Ninetales|Heat Wave|p2a: Iron Hands|[spread] p2a,p2b\n|-damage|p2a: Iron Hands|65\/100 slp\n|-damage|p2b: Farigiraf|42\/100 slp\n|-curestatus|p2b: Farigiraf|slp|[msg]\n|move|p2b: Farigiraf|Dazzling Gleam|p1b: Lilligant|[spread] p1a,p1b\n|-resisted|p1a: Ninetales\n|-supereffective|p1b: Lilligant\n|-damage|p1a: Ninetales|83\/100\n|-damage|p1b: Lilligant|0 fnt\n|faint|p1b: Lilligant\n|cant|p2a: Iron Hands|slp\n|\n|-weather|SunnyDay|[upkeep]\n|upkeep\n|\n|t:|1700020718\n|switch|p1b: Iron Hands|Iron Hands, L50|86\/100\n|turn|6\n|\n|t:|1700020735\n|move|p2b: Farigiraf|Protect|p2b: Farigiraf\n|-singleturn|p2b: Farigiraf|Protect\n|move|p1a: Ninetales|Heat Wave|p2b: Farigiraf|[spread] p2a\n|-activate|p2b: Farigiraf|move: Protect\n|-damage|p2a: Iron Hands|26\/100 slp\n|move|p1b: Iron Hands|Wild Charge|p2b: Farigiraf\n|-activate|p2b: Farigiraf|move: Protect\n|cant|p2a: Iron Hands|slp\n|\n|-weather|SunnyDay|[upkeep]\n|upkeep\n|turn|7\n|\n|t:|1700020750\n|move|p1a: Ninetales|Heat Wave|p2a: Iron Hands|[spread] p2a,p2b\n|-damage|p2a: Iron Hands|0 fnt\n|-damage|p2b: Farigiraf|0 fnt\n|faint|p2a: Iron Hands\n|-end|p2a: Iron Hands|Quark Drive|[silent]\n|faint|p2b: Farigiraf\n|\n|win|testing122023G\n|raw|testing122023G's rating: 1575 &rarr; <strong>1595<\/strong><br \/>(+20 for winning)\n|raw|Tangarang27's rating: 1571 &rarr; <strong>1551<\/strong><br \/>(-20 for losing)\n|l|\u2606testing122023G\n|l|\u2606Tangarang27\n|l| NEO003\n|l| LasermanZ11\n","uploadtime":1700020958,"views":10,"p1id":"testing122023g","p2id":"tangarang27","formatid":"gen9vgc2023regulatione","rating":1551,"private":0,"password":""}