{"id":"gen9vgc2023regulatione-1997628968","p1":"WeRrsome","p2":"PenglinHeHe","format":"[Gen 9] VGC 2023 Regulation E","log":"|j|\u2606WeRrsome\n|j|\u2606PenglinHeHe\n|t:|1700834997\n|gametype|doubles\n|player|p1|WeRrsome|102|1149\n|player|p2|PenglinHeHe|dawn|1201\n|teamsize|p1|6\n|teamsize|p2|6\n|gen|9\n|tier|[Gen 9] VGC 2023 Regulation E\n|rated|\n|rule|Species Clause: Limit one of each Pok\u00e9mon\n|rule|Item Clause: Limit one of each item\n|clearpoke\n|poke|p1|Lilligant-Hisui, L50, F|\n|poke|p1|Torkoal, L50, M|\n|poke|p1|Goodra-Hisui, L50, M|\n|poke|p1|Rillaboom, L50, M|\n|poke|p1|Ogerpon-Wellspring, L50, F|\n|poke|p1|Chi-Yu, L50|\n|poke|p2|Poliwrath, L50, F|\n|poke|p2|Iron Hands, L50|\n|poke|p2|Indeedee-F, L50, F|\n|poke|p2|Chien-Pao, L50|\n|poke|p2|Heatran, L50, M|\n|poke|p2|Roaring Moon, L50|\n|teampreview|4\n|inactive|Battle timer is ON: inactive players will automatically lose when time's up. (requested by PenglinHeHe)\n|inactive|WeRrsome has 60 seconds left.\n|inactive|PenglinHeHe has 60 seconds left.\n|inactive|WeRrsome has 30 seconds left.\n|\n|t:|1700835068\n|start\n|switch|p1a: Torkoal|Torkoal, L50, M|100\/100\n|switch|p1b: Lilligant|Lilligant-Hisui, L50, F|100\/100\n|switch|p2a: Heatran|Heatran, L50, M, shiny|100\/100\n|switch|p2b: Poliwrath|Poliwrath, L50, F, shiny|100\/100\n|-weather|SunnyDay|[from] ability: Drought|[of] p1a: Torkoal\n|turn|1\n|inactive|PenglinHeHe has 30 seconds left.\n|\n|t:|1700835105\n|switch|p2a: Indeedee|Indeedee-F, L50, F, shiny|100\/100\n|-fieldstart|move: Psychic Terrain|[from] ability: Psychic Surge|[of] p2a: Indeedee\n|switch|p1a: Ogerpon|Ogerpon-Wellspring, L50, F|100\/100\n|move|p1b: Lilligant|Protect|p1b: Lilligant\n|-singleturn|p1b: Lilligant|Protect\n|move|p2b: Poliwrath|Taunt|p1b: Lilligant\n|-activate|p1b: Lilligant|move: Protect\n|\n|-weather|SunnyDay|[upkeep]\n|upkeep\n|turn|2\n|inactive|WeRrsome has 30 seconds left.\n|inactive|WeRrsome has 20 seconds left.\n|\n|t:|1700835140\n|switch|p1b: Rillaboom|Rillaboom, L50, M|100\/100\n|-fieldstart|move: Grassy Terrain|[from] ability: Grassy Surge|[of] p1b: Rillaboom\n|move|p2a: Indeedee|Follow Me|p2a: Indeedee\n|-singleturn|p2a: Indeedee|move: Follow Me\n|move|p1a: Ogerpon|Horn Leech|p2a: Indeedee\n|-damage|p2a: Indeedee|56\/100\n|move|p2b: Poliwrath|Belly Drum|p2b: Poliwrath\n|-damage|p2b: Poliwrath|51\/100\n|-setboost|p2b: Poliwrath|atk|6|[from] move: Belly Drum\n|\n|-weather|SunnyDay|[upkeep]\n|-heal|p2a: Indeedee|62\/100|[from] Grassy Terrain\n|-heal|p2b: Poliwrath|57\/100|[from] Grassy Terrain\n|upkeep\n|turn|3\n|inactive|WeRrsome has 30 seconds left.\n|\n|t:|1700835171\n|-terastallize|p2b: Poliwrath|Grass\n|move|p1a: Ogerpon|Spiky Shield|p1a: Ogerpon\n|-singleturn|p1a: Ogerpon|move: Protect\n|move|p1b: Rillaboom|Wood Hammer|p2a: Indeedee\n|-damage|p2a: Indeedee|0 fnt\n|faint|p2a: Indeedee\n|-damage|p1b: Rillaboom|84\/100|[from] Recoil\n|move|p2b: Poliwrath|Baton Pass|p2b: Poliwrath\n|\n|t:|1700835189\n|switch|p2b: Roaring Moon|Roaring Moon, L50, shiny|100\/100|[from] Baton Pass\n|-activate|p2b: Roaring Moon|ability: Protosynthesis\n|-start|p2b: Roaring Moon|protosynthesisatk\n|\n|-weather|SunnyDay|[upkeep]\n|-heal|p1b: Rillaboom|90\/100|[from] Grassy Terrain\n|upkeep\n|\n|t:|1700835207\n|switch|p2a: Heatran|Heatran, L50, M, shiny|100\/100\n|turn|4\n|\n|t:|1700835230\n|move|p1a: Ogerpon|Follow Me|p1a: Ogerpon\n|-singleturn|p1a: Ogerpon|move: Follow Me\n|move|p2b: Roaring Moon|Acrobatics|p1a: Ogerpon\n|-supereffective|p1a: Ogerpon\n|-damage|p1a: Ogerpon|0 fnt\n|faint|p1a: Ogerpon\n|move|p1b: Rillaboom|Wood Hammer|p2b: Roaring Moon\n|-resisted|p2b: Roaring Moon\n|-damage|p2b: Roaring Moon|35\/100\n|-damage|p1b: Rillaboom|71\/100|[from] Recoil\n|move|p2a: Heatran|Burning Jealousy|p1b: Rillaboom\n|-supereffective|p1b: Rillaboom\n|-damage|p1b: Rillaboom|0 fnt\n|faint|p1b: Rillaboom\n|\n|-weather|SunnyDay|[upkeep]\n|-heal|p2b: Roaring Moon|41\/100|[from] Grassy Terrain\n|upkeep\n|\n|t:|1700835241\n|switch|p1a: Lilligant|Lilligant-Hisui, L50, F|100\/100\n|switch|p1b: Torkoal|Torkoal, L50, M|100\/100\n|turn|5\n|\n|t:|1700835257\n|move|p2b: Roaring Moon|Protect|p2b: Roaring Moon\n|-singleturn|p2b: Roaring Moon|Protect\n|move|p1a: Lilligant|Close Combat|p2b: Roaring Moon\n|-activate|p2b: Roaring Moon|move: Protect\n|move|p2a: Heatran|Earth Power|p1b: Torkoal\n|-supereffective|p1b: Torkoal\n|-damage|p1b: Torkoal|18\/100\n|move|p1b: Torkoal|Earth Power|p2a: Heatran\n|-supereffective|p2a: Heatran\n|-damage|p2a: Heatran|32\/100\n|\n|-weather|SunnyDay|[upkeep]\n|-heal|p2b: Roaring Moon|47\/100|[from] Grassy Terrain\n|-heal|p2a: Heatran|38\/100|[from] Grassy Terrain\n|-heal|p1b: Torkoal|24\/100|[from] Grassy Terrain\n|upkeep\n|turn|6\n|inactive|PenglinHeHe has 30 seconds left.\n|\n|t:|1700835283\n|-end|p2b: Roaring Moon|Protosynthesis|[silent]\n|switch|p2b: Poliwrath|Poliwrath, L50, F, shiny, tera:Grass|57\/100\n|move|p1b: Torkoal|Protect|p1b: Torkoal\n|-singleturn|p1b: Torkoal|Protect\n|move|p1a: Lilligant|Close Combat|p2b: Poliwrath\n|-damage|p2b: Poliwrath|8\/100\n|-unboost|p1a: Lilligant|def|1\n|-unboost|p1a: Lilligant|spd|1\n|move|p2a: Heatran|Burning Jealousy|p1b: Torkoal|[spread] p1a\n|-activate|p1b: Torkoal|move: Protect\n|-supereffective|p1a: Lilligant\n|-enditem|p1a: Lilligant|Focus Sash\n|-damage|p1a: Lilligant|1\/100\n|\n|-weather|SunnyDay|[upkeep]\n|-heal|p1a: Lilligant|7\/100|[from] Grassy Terrain\n|-heal|p2a: Heatran|44\/100|[from] Grassy Terrain\n|-heal|p2b: Poliwrath|14\/100|[from] Grassy Terrain\n|-heal|p1b: Torkoal|30\/100|[from] Grassy Terrain\n|-fieldend|move: Grassy Terrain\n|upkeep\n|turn|7\n|inactive|WeRrsome has 30 seconds left.\n|\n|t:|1700835313\n|move|p1a: Lilligant|Close Combat|p2a: Heatran\n|-supereffective|p2a: Heatran\n|-damage|p2a: Heatran|0 fnt\n|-unboost|p1a: Lilligant|def|1\n|-unboost|p1a: Lilligant|spd|1\n|faint|p2a: Heatran\n|move|p2b: Poliwrath|Waterfall|p1a: Lilligant\n|-resisted|p1a: Lilligant\n|-damage|p1a: Lilligant|0 fnt\n|faint|p1a: Lilligant\n|move|p1b: Torkoal|Flamethrower|p2b: Poliwrath\n|-supereffective|p2b: Poliwrath\n|-damage|p2b: Poliwrath|0 fnt\n|faint|p2b: Poliwrath\n|\n|-weather|SunnyDay|[upkeep]\n|upkeep\n|\n|t:|1700835318\n|switch|p2b: Roaring Moon|Roaring Moon, L50, shiny|47\/100\n|-activate|p2b: Roaring Moon|ability: Protosynthesis\n|-start|p2b: Roaring Moon|protosynthesisspe\n|turn|8\n|\n|t:|1700835327\n|-terastallize|p1b: Torkoal|Fire\n|move|p2b: Roaring Moon|Protect|p2b: Roaring Moon\n|-singleturn|p2b: Roaring Moon|Protect\n|move|p1b: Torkoal|Flamethrower|p2b: Roaring Moon\n|-activate|p2b: Roaring Moon|move: Protect\n|\n|-weather|none\n|-end|p2b: Roaring Moon|Protosynthesis\n|upkeep\n|-enditem|p2b: Roaring Moon|Booster Energy\n|-activate|p2b: Roaring Moon|ability: Protosynthesis|[fromitem]\n|-start|p2b: Roaring Moon|protosynthesisspe\n|turn|9\n|\n|t:|1700835338\n|move|p2b: Roaring Moon|Knock Off|p1b: Torkoal\n|-damage|p1b: Torkoal|0 fnt\n|-enditem|p1b: Torkoal|Heat Rock|[from] move: Knock Off|[of] p2b: Roaring Moon\n|faint|p1b: Torkoal\n|\n|win|PenglinHeHe\n|raw|WeRrsome's rating: 1149 &rarr; <strong>1128<\/strong><br \/>(-21 for losing)\n|raw|PenglinHeHe's rating: 1201 &rarr; <strong>1222<\/strong><br \/>(+21 for winning)\n","uploadtime":1700835341,"views":4,"p1id":"werrsome","p2id":"penglinhehe","formatid":"gen9vgc2023regulatione","rating":1128,"private":0,"password":""}