{"id":"gen9vgc2023regulatione-1995635655","p1":"tuamaee","p2":"ChocccccyMilkMafia","format":"[Gen 9] VGC 2023 Regulation E","log":"|j|\u2606tuamaee\n|j|\u2606ChocccccyMilkMafia\n|t:|1700589497\n|gametype|doubles\n|player|p1|tuamaee|2|1159\n|player|p2|ChocccccyMilkMafia|kieran|1166\n|teamsize|p1|6\n|teamsize|p2|6\n|gen|9\n|tier|[Gen 9] VGC 2023 Regulation E\n|rated|\n|rule|Species Clause: Limit one of each Pok\u00e9mon\n|rule|Item Clause: Limit one of each item\n|clearpoke\n|poke|p1|Iron Bundle, L50|\n|poke|p1|Grafaiai, L50, M|\n|poke|p1|Slaking, L50, M|\n|poke|p1|Sinistcha-Masterpiece, L50|\n|poke|p1|Landorus-Therian, L50, M|\n|poke|p1|Flutter Mane, L50|\n|poke|p2|Farigiraf, L50, F|\n|poke|p2|Kingambit, L50, F|\n|poke|p2|Kommo-o, L50, M|\n|poke|p2|Sinistcha, L50|\n|poke|p2|Fezandipiti, L50, M|\n|poke|p2|Ninetales-Alola, L50, F|\n|teampreview|4\n|inactive|Battle timer is ON: inactive players will automatically lose when time's up. (requested by tuamaee)\n|\n|t:|1700589551\n|start\n|switch|p1a: Iron Bundle|Iron Bundle, L50|100\/100\n|switch|p1b: Grafaiai|Grafaiai, L50, M|100\/100\n|switch|p2a: Farigiraf|Farigiraf, L50, F|100\/100\n|switch|p2b: Kingambit|Kingambit, L50, F|100\/100\n|-enditem|p1a: Iron Bundle|Booster Energy\n|-activate|p1a: Iron Bundle|ability: Quark Drive|[fromitem]\n|-start|p1a: Iron Bundle|quarkdrivespe\n|turn|1\n|inactive|tuamaee has 30 seconds left.\n|\n|t:|1700589584\n|move|p1a: Iron Bundle|Protect|p1a: Iron Bundle\n|-singleturn|p1a: Iron Bundle|Protect\n|move|p1b: Grafaiai|Fling|p2a: Farigiraf\n|-supereffective|p2a: Farigiraf\n|-damage|p2a: Farigiraf|87\/100\n|-enditem|p1b: Grafaiai|Razor Fang|[from] move: Fling\n|move|p2b: Kingambit|Stone Edge|p1a: Iron Bundle\n|-activate|p1a: Iron Bundle|move: Protect\n|cant|p2a: Farigiraf|flinch\n|\n|upkeep\n|turn|2\n|\n|t:|1700589598\n|-end|p1a: Iron Bundle|Quark Drive|[silent]\n|switch|p1a: Slaking|Slaking, L50, M|100\/100\n|move|p1b: Grafaiai|Doodle|p2b: Kingambit\n|-endability|p1a: Slaking|Truant|[from] move: Doodle\n|-ability|p1a: Slaking|Defiant|[from] move: Doodle\n|-endability|p1b: Grafaiai|Unburden|[from] move: Doodle\n|-ability|p1b: Grafaiai|Defiant|[from] move: Doodle\n|move|p2b: Kingambit|Stone Edge|p1a: Slaking|[miss]\n|-miss|p2b: Kingambit|p1a: Slaking\n|move|p2a: Farigiraf|Trick Room|p2a: Farigiraf\n|-fieldstart|move: Trick Room|[of] p2a: Farigiraf\n|\n|upkeep\n|turn|3\n|\n|t:|1700589617\n|-terastallize|p2b: Kingambit|Water\n|move|p2a: Farigiraf|Hyper Voice|p1b: Grafaiai|[spread] p1a,p1b\n|-crit|p1a: Slaking\n|-damage|p1a: Slaking|75\/100\n|-damage|p1b: Grafaiai|66\/100\n|-enditem|p2a: Farigiraf|Throat Spray\n|-boost|p2a: Farigiraf|spa|1|[from] item: Throat Spray\n|move|p2b: Kingambit|Low Kick|p1a: Slaking\n|-supereffective|p1a: Slaking\n|-damage|p1a: Slaking|16\/100\n|move|p1a: Slaking|Fire Punch|p2b: Kingambit\n|-resisted|p2b: Kingambit\n|-damage|p2b: Kingambit|89\/100\n|move|p1b: Grafaiai|Knock Off|p2b: Kingambit\n|-damage|p2b: Kingambit|73\/100\n|-enditem|p2b: Kingambit|Assault Vest|[from] move: Knock Off|[of] p1b: Grafaiai\n|\n|upkeep\n|turn|4\n|\n|t:|1700589639\n|switch|p1b: Sinistcha|Sinistcha-Masterpiece, L50|100\/100\n|-heal|p1a: Slaking|41\/100|[from] ability: Hospitality|[of] p1b: Sinistcha\n|-terastallize|p1a: Slaking|Ghost\n|move|p2a: Farigiraf|Hyper Voice|p1a: Slaking|[spread] \n|-immune|p1a: Slaking\n|-immune|p1b: Sinistcha\n|move|p2b: Kingambit|Assurance|p1b: Sinistcha\n|-supereffective|p1b: Sinistcha\n|-damage|p1b: Sinistcha|38\/100\n|move|p1a: Slaking|Heavy Slam|p2a: Farigiraf\n|-damage|p2a: Farigiraf|70\/100\n|\n|upkeep\n|turn|5\n|inactive|tuamaee has 30 seconds left.\n|\n|t:|1700589671\n|switch|p1b: Grafaiai|Grafaiai, L50, M|66\/100\n|move|p2a: Farigiraf|Psyshock|p1b: Grafaiai\n|-supereffective|p1b: Grafaiai\n|-damage|p1b: Grafaiai|0 fnt\n|faint|p1b: Grafaiai\n|move|p2b: Kingambit|Assurance|p1a: Slaking\n|-supereffective|p1a: Slaking\n|-damage|p1a: Slaking|0 fnt\n|faint|p1a: Slaking\n|\n|upkeep\n|inactive|tuamaee has 30 seconds left.\n|\n|t:|1700589702\n|switch|p1a: Iron Bundle|Iron Bundle, L50|100\/100\n|switch|p1b: Sinistcha|Sinistcha-Masterpiece, L50|38\/100\n|turn|6\n|\n|t:|1700589718\n|move|p2a: Farigiraf|Hyper Voice|p1a: Iron Bundle|[spread] p1a\n|-immune|p1b: Sinistcha\n|-damage|p1a: Iron Bundle|20\/100\n|move|p2b: Kingambit|Assurance|p1b: Sinistcha\n|-supereffective|p1b: Sinistcha\n|-damage|p1b: Sinistcha|0 fnt\n|faint|p1b: Sinistcha\n|move|p1a: Iron Bundle|Hydro Pump|p2a: Farigiraf\n|-damage|p2a: Farigiraf|24\/100\n|\n|-fieldend|move: Trick Room\n|upkeep\n|turn|7\n|-message|tuamaee forfeited.\n|\n|win|ChocccccyMilkMafia\n|raw|tuamaee's rating: 1159 &rarr; <strong>1135<\/strong><br \/>(-24 for losing)\n|raw|ChocccccyMilkMafia's rating: 1166 &rarr; <strong>1190<\/strong><br \/>(+24 for winning)\n|l|\u2606tuamaee\n","uploadtime":1700589735,"views":1,"p1id":"tuamaee","p2id":"chocccccymilkmafia","formatid":"gen9vgc2023regulatione","rating":1135,"private":0,"password":""}