{"id":"gen9vgc2023regulatione-1994467884","p1":"DonJPablo","p2":"sentient_table","format":"[Gen 9] VGC 2023 Regulation E","log":"|j|\u2606DonJPablo\n|j|\u2606sentient_table\n|t:|1700447357\n|gametype|doubles\n|player|p1|DonJPablo|gentleman-gen4|1213\n|player|p2|sentient_table|maid|1295\n|teamsize|p1|6\n|teamsize|p2|6\n|gen|9\n|tier|[Gen 9] VGC 2023 Regulation E\n|rated|\n|rule|Species Clause: Limit one of each Pok\u00e9mon\n|rule|Item Clause: Limit one of each item\n|clearpoke\n|poke|p1|Ursaluna-Bloodmoon, L50, M|\n|poke|p1|Bronzong, L50|\n|poke|p1|Kommo-o, L50, F|\n|poke|p1|Milotic, L50, F|\n|poke|p1|Ogerpon-Cornerstone, L50, F|\n|poke|p1|Grimmsnarl, L50, M|\n|poke|p2|Heatran, L50, M|\n|poke|p2|Grimmsnarl, L50, M|\n|poke|p2|Sinistcha, L50|\n|poke|p2|Landorus-Therian, L50, M|\n|poke|p2|Chien-Pao, L50|\n|poke|p2|Thundurus, L50, M|\n|teampreview|4\n|\n|t:|1700447386\n|start\n|switch|p1a: Bronzong|Bronzong, L50|100\/100\n|switch|p1b: Ursaluna|Ursaluna-Bloodmoon, L50, M|100\/100\n|switch|p2a: Grimmsnarl|Grimmsnarl, L50, M|100\/100\n|switch|p2b: Thundurus|Thundurus, L50, M|100\/100\n|turn|1\n|inactive|Battle timer is ON: inactive players will automatically lose when time's up. (requested by DonJPablo)\n|\n|t:|1700447417\n|switch|p2b: Sinistcha|Sinistcha, L50|100\/100\n|move|p2a: Grimmsnarl|Fake Out|p1a: Bronzong\n|-resisted|p1a: Bronzong\n|-damage|p1a: Bronzong|97\/100\n|move|p1b: Ursaluna|Blood Moon|p2a: Grimmsnarl\n|-damage|p2a: Grimmsnarl|23\/100\n|cant|p1a: Bronzong|flinch\n|\n|upkeep\n|turn|2\n|\n|t:|1700447435\n|move|p1a: Bronzong|Helping Hand|p1b: Ursaluna\n|-singleturn|p1b: Ursaluna|Helping Hand|[of] p1a: Bronzong\n|move|p2a: Grimmsnarl|Light Screen|p2a: Grimmsnarl\n|-sidestart|p2: sentient_table|move: Light Screen\n|move|p2b: Sinistcha|Matcha Gotcha|p1b: Ursaluna|[spread] p1a,p1b\n|-resisted|p1a: Bronzong\n|-supereffective|p1b: Ursaluna\n|-damage|p1a: Bronzong|85\/100\n|-damage|p1b: Ursaluna|47\/100\n|-enditem|p1b: Ursaluna|Weakness Policy\n|-boost|p1b: Ursaluna|atk|2|[from] item: Weakness Policy\n|-boost|p1b: Ursaluna|spa|2|[from] item: Weakness Policy\n|move|p1b: Ursaluna|Hyper Voice|p2a: Grimmsnarl|[spread] p2a,p2b\n|-damage|p2a: Grimmsnarl|0 fnt\n|-damage|p2b: Sinistcha|15\/100\n|faint|p2a: Grimmsnarl\n|\n|-heal|p2b: Sinistcha|21\/100|[from] item: Leftovers\n|upkeep\n|\n|t:|1700447455\n|switch|p2a: Heatran|Heatran, L50, M|100\/100\n|turn|3\n|\n|t:|1700447464\n|-terastallize|p1a: Bronzong|Water\n|move|p1b: Ursaluna|Protect|p1b: Ursaluna\n|-singleturn|p1b: Ursaluna|Protect\n|move|p2a: Heatran|Flamethrower|p1a: Bronzong\n|-resisted|p1a: Bronzong\n|-damage|p1a: Bronzong|54\/100\n|move|p2b: Sinistcha|Matcha Gotcha|p1a: Bronzong|[spread] p1a\n|-activate|p1b: Ursaluna|move: Protect\n|-supereffective|p1a: Bronzong\n|-damage|p1a: Bronzong|8\/100\n|-heal|p2b: Sinistcha|44\/100|[from] drain|[of] p1a: Bronzong\n|move|p1a: Bronzong|Trick Room|p1a: Bronzong\n|-fieldstart|move: Trick Room|[of] p1a: Bronzong\n|\n|-heal|p2b: Sinistcha|50\/100|[from] item: Leftovers\n|upkeep\n|turn|4\n|inactive|DonJPablo has 30 seconds left.\n|inactive|DonJPablo has 20 seconds left.\n|\n|t:|1700447500\n|switch|p2a: Thundurus|Thundurus, L50, M|100\/100\n|move|p1a: Bronzong|Helping Hand|p1b: Ursaluna\n|-singleturn|p1b: Ursaluna|Helping Hand|[of] p1a: Bronzong\n|move|p1b: Ursaluna|Blood Moon|p2b: Sinistcha\n|-damage|p2b: Sinistcha|0 fnt\n|faint|p2b: Sinistcha\n|\n|upkeep\n|\n|t:|1700447510\n|switch|p2b: Heatran|Heatran, L50, M|100\/100\n|turn|5\n|\n|t:|1700447524\n|-terastallize|p2b: Heatran|Fire\n|move|p1a: Bronzong|Helping Hand|p1b: Ursaluna\n|-singleturn|p1b: Ursaluna|Helping Hand|[of] p1a: Bronzong\n|move|p1b: Ursaluna|Earth Power|p2b: Heatran\n|-supereffective|p2b: Heatran\n|-damage|p2b: Heatran|0 fnt\n|faint|p2b: Heatran\n|move|p2a: Thundurus|Flash Cannon|p1b: Ursaluna\n|-damage|p1b: Ursaluna|18\/100\n|\n|upkeep\n|turn|6\n|c|\u2606sentient_table|...\n|c|\u2606DonJPablo|Gg\n|c|\u2606sentient_table|Yeah, thats fair.\n|inactive|sentient_table has 30 seconds left.\n|inactive|sentient_table has 20 seconds left.\n|inactive|sentient_table has 15 seconds left.\n|c|\u2606DonJPablo|Haha\n|c|\u2606sentient_table|I shoulf have paid attentuon the the blood m\n|inactive|sentient_table has 10 seconds left.\n|-message|sentient_table forfeited.\n|\n|win|DonJPablo\n|raw|DonJPablo's rating: 1213 &rarr; <strong>1244<\/strong><br \/>(+31 for winning)\n|raw|sentient_table's rating: 1295 &rarr; <strong>1264<\/strong><br \/>(-31 for losing)\n|c|\u2606sentient_table|gg\n","uploadtime":1700447579,"views":4,"p1id":"donjpablo","p2id":"sentienttable","formatid":"gen9vgc2023regulatione","rating":1244,"private":0,"password":""}