{"id":"gen9vgc2023regulatione-1994236758","p1":"AfroAidan","p2":"Freshly Served Ls","format":"[Gen 9] VGC 2023 Regulation E","log":"|j|\u2606AfroAidan\n|j|\u2606Freshly Served Ls\n|t:|1700422040\n|gametype|doubles\n|player|p1|AfroAidan|hilbert|1051\n|player|p2|Freshly Served Ls|waiter|1082\n|teamsize|p1|6\n|teamsize|p2|6\n|gen|9\n|tier|[Gen 9] VGC 2023 Regulation E\n|rated|\n|rule|Species Clause: Limit one of each Pok\u00e9mon\n|rule|Item Clause: Limit one of each item\n|clearpoke\n|poke|p1|Ogerpon-Cornerstone, L50, F|\n|poke|p1|Torkoal, L50, F|\n|poke|p1|Armarouge, L50, F|\n|poke|p1|Indeedee-F, L50, F|\n|poke|p1|Okidogi, L50, M|\n|poke|p1|Hatterene, L50, F|\n|poke|p2|Roaring Moon, L50|\n|poke|p2|Rillaboom, L50, M|\n|poke|p2|Chien-Pao, L50|\n|poke|p2|Gholdengo, L50|\n|poke|p2|Heatran, L50, F|\n|poke|p2|Iron Hands, L50|\n|teampreview|4\nFreshly Served Ls has agreed to open team sheets.\nAfroAidan has agreed to open team sheets.\n|\n|t:|1700422084\n|start\n|switch|p1a: Okidogi|Okidogi, L50, M|100\/100\n|switch|p1b: Hatterene|Hatterene, L50, F|100\/100\n|switch|p2a: Chuck McGill|Iron Hands, L50|100\/100\n|switch|p2b: Slippin' Jimmy|Gholdengo, L50|100\/100\n|turn|1\n|\n|t:|1700422118\n|move|p1a: Okidogi|Protect|p1a: Okidogi\n|-singleturn|p1a: Okidogi|Protect\n|move|p2b: Slippin' Jimmy|Make It Rain|p1b: Hatterene|[spread] p1b\n|-activate|p1a: Okidogi|move: Protect\n|-supereffective|p1b: Hatterene\n|-damage|p1b: Hatterene|0 fnt\n|-unboost|p2b: Slippin' Jimmy|spa|1\n|faint|p1b: Hatterene\n|move|p2a: Chuck McGill|Heavy Slam|p1a: Okidogi\n|-activate|p1a: Okidogi|move: Protect\n|\n|upkeep\n|\n|t:|1700422130\n|switch|p1b: Indeedee|Indeedee-F, L50, F|100\/100\n|-fieldstart|move: Psychic Terrain|[from] ability: Psychic Surge|[of] p1b: Indeedee\n|-enditem|p1a: Okidogi|Psychic Seed\n|-boost|p1a: Okidogi|spd|1|[from] item: Psychic Seed\n|turn|2\n|\n|t:|1700422152\n|switch|p2b: Rillaboom|Rillaboom, L50, M|100\/100\n|-fieldstart|move: Grassy Terrain|[from] ability: Grassy Surge|[of] p2b: Rillaboom\n|switch|p1a: Armarouge|Armarouge, L50, F|100\/100\n|-end|p2a: Chuck McGill|Quark Drive|[silent]\n|switch|p2a: Chicago Sunroof|Heatran, L50, F|100\/100\n|move|p1b: Indeedee|Trick Room|p1b: Indeedee\n|-fieldstart|move: Trick Room|[of] p1b: Indeedee\n|\n|upkeep\n|turn|3\n|\n|t:|1700422186\n|move|p2b: Rillaboom|Fake Out|p1b: Indeedee\n|-damage|p1b: Indeedee|85\/100\n|-damage|p2b: Rillaboom|84\/100|[from] item: Rocky Helmet|[of] p1b: Indeedee\n|cant|p1b: Indeedee|flinch\n|move|p1a: Armarouge|Armor Cannon|p2b: Rillaboom\n|-supereffective|p2b: Rillaboom\n|-damage|p2b: Rillaboom|0 fnt\n|-unboost|p1a: Armarouge|def|1\n|-unboost|p1a: Armarouge|spd|1\n|faint|p2b: Rillaboom\n|-damage|p1a: Armarouge|91\/100|[from] item: Life Orb\n|move|p2a: Chicago Sunroof|Earth Power|p1a: Armarouge\n|-supereffective|p1a: Armarouge\n|-damage|p1a: Armarouge|0 fnt\n|faint|p1a: Armarouge\n|-damage|p2a: Chicago Sunroof|91\/100|[from] item: Life Orb\n|\n|-heal|p1b: Indeedee|91\/100|[from] Grassy Terrain\n|-heal|p2a: Chicago Sunroof|97\/100|[from] Grassy Terrain\n|upkeep\n|\n|t:|1700422205\n|switch|p1a: Okidogi|Okidogi, L50, M|100\/100\n|switch|p2b: Slippin' Jimmy|Gholdengo, L50|100\/100\n|turn|4\n|\n|t:|1700422228\n|move|p1b: Indeedee|Helping Hand|p1a: Okidogi\n|-singleturn|p1a: Okidogi|Helping Hand|[of] p1b: Indeedee\n|move|p1a: Okidogi|Drain Punch|p2a: Chicago Sunroof\n|-supereffective|p2a: Chicago Sunroof\n|-damage|p2a: Chicago Sunroof|0 fnt\n|faint|p2a: Chicago Sunroof\n|move|p2b: Slippin' Jimmy|Make It Rain|p1a: Okidogi|[spread] p1a,p1b\n|-damage|p1a: Okidogi|33\/100\n|-damage|p1b: Indeedee|23\/100\n|-unboost|p2b: Slippin' Jimmy|spa|1\n|\n|-heal|p1b: Indeedee|29\/100|[from] Grassy Terrain\n|-heal|p1a: Okidogi|40\/100|[from] Grassy Terrain\n|upkeep\n|\n|t:|1700422232\n|switch|p2a: Chuck McGill|Iron Hands, L50|100\/100\n|turn|5\n|\n|t:|1700422246\n|-terastallize|p2b: Slippin' Jimmy|Steel\n|move|p1b: Indeedee|Helping Hand|p1a: Okidogi\n|-singleturn|p1a: Okidogi|Helping Hand|[of] p1b: Indeedee\n|move|p2a: Chuck McGill|Fake Out|p1b: Indeedee\n|-damage|p1b: Indeedee|13\/100\n|-damage|p2a: Chuck McGill|84\/100|[from] item: Rocky Helmet|[of] p1b: Indeedee\n|move|p1a: Okidogi|Drain Punch|p2b: Slippin' Jimmy\n|-supereffective|p2b: Slippin' Jimmy\n|-damage|p2b: Slippin' Jimmy|0 fnt\n|-heal|p1a: Okidogi|84\/100|[from] drain|[of] p2b: Slippin' Jimmy\n|faint|p2b: Slippin' Jimmy\n|\n|-heal|p2a: Chuck McGill|90\/100|[from] Grassy Terrain\n|-heal|p1b: Indeedee|20\/100|[from] Grassy Terrain\n|-heal|p1a: Okidogi|90\/100|[from] Grassy Terrain\n|upkeep\n|turn|6\n|c|\u2606Freshly Served Ls|aint no way\n|c|\u2606AfroAidan|LMFAOOOOO\n|c|\u2606AfroAidan|THATS CRAZY\n|c|\u2606Freshly Served Ls|im trolling so hard man\n|c|\u2606AfroAidan|THAT PREDICTION WAS INSANE\n|\n|t:|1700422292\n|move|p1b: Indeedee|Helping Hand|p1a: Okidogi\n|-singleturn|p1a: Okidogi|Helping Hand|[of] p1b: Indeedee\n|move|p2a: Chuck McGill|Drain Punch|p1b: Indeedee\n|-damage|p1b: Indeedee|0 fnt\n|-heal|p2a: Chuck McGill|97\/100|[from] drain|[of] p1b: Indeedee\n|-damage|p2a: Chuck McGill|81\/100|[from] item: Rocky Helmet|[of] p1b: Indeedee\n|faint|p1b: Indeedee\n|move|p1a: Okidogi|Drain Punch|p2a: Chuck McGill\n|-damage|p2a: Chuck McGill|39\/100\n|-heal|p1a: Okidogi|100\/100|[from] drain|[of] p2a: Chuck McGill\n|\n|-heal|p2a: Chuck McGill|45\/100|[from] Grassy Terrain\n|-fieldend|move: Trick Room\n|-fieldend|move: Grassy Terrain\n|upkeep\n|turn|7\n|-message|Freshly Served Ls forfeited.\n|\n|win|AfroAidan\n|raw|AfroAidan's rating: 1051 &rarr; <strong>1086<\/strong><br \/>(+35 for winning)\n|raw|Freshly Served Ls's rating: 1082 &rarr; <strong>1058<\/strong><br \/>(-24 for losing)\n|l|\u2606Freshly Served Ls\n|c|\u2606AfroAidan|I guess the one serving Ls here...was me ;)\n","uploadtime":1700422321,"views":48,"p1id":"afroaidan","p2id":"freshlyservedls","formatid":"gen9vgc2023regulatione","rating":1058,"private":0,"password":""}