{"id":"gen9vgc2023regulatione-1992323947","p1":"Almacalata","p2":"I'm SO not cooking","format":"[Gen 9] VGC 2023 Regulation E","log":"|j|\u2606Almacalata\n|j|\u2606I'm SO not cooking\n|t:|1700174732\n|gametype|doubles\n|player|p1|Almacalata|101|1160\n|player|p2|I'm SO not cooking|102|1143\n|teamsize|p1|6\n|teamsize|p2|6\n|gen|9\n|tier|[Gen 9] VGC 2023 Regulation E\n|rated|\n|rule|Species Clause: Limit one of each Pok\u00e9mon\n|rule|Item Clause: Limit one of each item\n|clearpoke\n|poke|p1|Drifblim, L50, M|\n|poke|p1|Rillaboom, L50, F|\n|poke|p1|Dondozo, L50, M|\n|poke|p1|Tatsugiri, L50, F|\n|poke|p1|Annihilape, L50, F|\n|poke|p1|Clefairy, L50, M|\n|poke|p2|Wo-Chien, L50|\n|poke|p2|Amoonguss, L50, F|\n|poke|p2|Heatran, L50, F|\n|poke|p2|Landorus-Therian, L50, M|\n|poke|p2|Urshifu-*, L50, M|\n|poke|p2|Iron Bundle, L50|\n|teampreview|4\n|\n|t:|1700174764\n|start\n|switch|p1a: Drifblim|Drifblim, L50, M|100\/100\n|switch|p1b: Rillaboom|Rillaboom, L50, F|100\/100\n|switch|p2a: Amoonguss|Amoonguss, L50, F|100\/100\n|switch|p2b: Heatran|Heatran, L50, F|100\/100\n|-fieldstart|move: Grassy Terrain|[from] ability: Grassy Surge|[of] p1b: Rillaboom\n|-enditem|p1a: Drifblim|Grassy Seed\n|-boost|p1a: Drifblim|def|1|[from] item: Grassy Seed\n|turn|1\n|\n|t:|1700174778\n|move|p1b: Rillaboom|Fake Out|p2a: Amoonguss\n|-damage|p2a: Amoonguss|91\/100\n|move|p1a: Drifblim|Minimize|p1a: Drifblim\n|-boost|p1a: Drifblim|evasion|2\n|move|p2b: Heatran|Will-O-Wisp|p1b: Rillaboom\n|-status|p1b: Rillaboom|brn\n|cant|p2a: Amoonguss|flinch\n|\n|-heal|p2a: Amoonguss|96\/100|[from] Grassy Terrain\n|-damage|p1b: Rillaboom|94\/100 brn|[from] brn\n|upkeep\n|turn|2\n|inactive|Battle timer is ON: inactive players will automatically lose when time's up. (requested by I'm SO not cooking)\n|\n|t:|1700174795\n|move|p1a: Drifblim|Minimize|p1a: Drifblim\n|-boost|p1a: Drifblim|evasion|2\n|move|p1b: Rillaboom|High Horsepower|p2b: Heatran\n|-supereffective|p2b: Heatran\n|-damage|p2b: Heatran|46\/100\n|move|p2b: Heatran|Magma Storm|p1a: Drifblim\n|-damage|p1a: Drifblim|55\/100\n|-activate|p1a: Drifblim|move: Magma Storm|[of] p2b: Heatran\n|move|p2a: Amoonguss|Spore|p1a: Drifblim|[miss]\n|-miss|p2a: Amoonguss|p1a: Drifblim\n|\n|-heal|p1b: Rillaboom|100\/100 brn|[from] Grassy Terrain\n|-heal|p2b: Heatran|52\/100|[from] Grassy Terrain\n|-heal|p2a: Amoonguss|100\/100|[from] Grassy Terrain\n|-damage|p1b: Rillaboom|94\/100 brn|[from] brn\n|-damage|p1a: Drifblim|42\/100|[from] move: Magma Storm|[partiallytrapped]\n|upkeep\n|turn|3\n|inactive|I'm SO not cooking has 30 seconds left.\n|\n|t:|1700174821\n|move|p2b: Heatran|Protect|p2b: Heatran\n|-singleturn|p2b: Heatran|Protect\n|move|p1a: Drifblim|Thunder Wave|p2a: Amoonguss\n|-status|p2a: Amoonguss|par\n|move|p1b: Rillaboom|High Horsepower|p2b: Heatran\n|-activate|p2b: Heatran|move: Protect\n|move|p2a: Amoonguss|Spore|p1a: Drifblim|[miss]\n|-miss|p2a: Amoonguss|p1a: Drifblim\n|\n|-heal|p1b: Rillaboom|100\/100 brn|[from] Grassy Terrain\n|-heal|p2b: Heatran|58\/100|[from] Grassy Terrain\n|-damage|p1b: Rillaboom|94\/100 brn|[from] brn\n|-damage|p1a: Drifblim|30\/100|[from] move: Magma Storm|[partiallytrapped]\n|upkeep\n|turn|4\n|\n|t:|1700174842\n|move|p1a: Drifblim|Minimize|p1a: Drifblim\n|-boost|p1a: Drifblim|evasion|2\n|move|p1b: Rillaboom|High Horsepower|p2b: Heatran\n|-supereffective|p2b: Heatran\n|-crit|p2b: Heatran\n|-damage|p2b: Heatran|0 fnt\n|faint|p2b: Heatran\n|move|p2a: Amoonguss|Pollen Puff|p2: Heatran|[notarget]\n|-fail|p2a: Amoonguss\n|\n|-heal|p1b: Rillaboom|100\/100 brn|[from] Grassy Terrain\n|-damage|p1b: Rillaboom|94\/100 brn|[from] brn\n|-end|p1a: Drifblim|Magma Storm|[partiallytrapped]|[silent]\n|upkeep\n|\n|t:|1700174852\n|switch|p2b: Wo-Chien|Wo-Chien, L50|100\/100\n|-ability|p2b: Wo-Chien|Tablets of Ruin\n|turn|5\n|\n|t:|1700174865\n|switch|p1b: Tatsugiri|Tatsugiri, L50, F|100\/100\n|move|p1a: Drifblim|Baton Pass|p1a: Drifblim\n|\n|t:|1700174869\n|switch|p1a: Dondozo|Dondozo, L50, M|100\/100|[from] Baton Pass\n|-activate|p1b: Tatsugiri|ability: Commander|[of] p1a: Dondozo\n|-boost|p1a: Dondozo|atk|2\n|-boost|p1a: Dondozo|spa|2\n|-boost|p1a: Dondozo|spe|2\n|-boost|p1a: Dondozo|def|2\n|-boost|p1a: Dondozo|spd|2\n|move|p2b: Wo-Chien|Snarl|p1b: Tatsugiri|[spread] \n|-miss|p2b: Wo-Chien|p1b: Tatsugiri\n|-miss|p2b: Wo-Chien|p1a: Dondozo\n|cant|p2a: Amoonguss|par\n|\n|-fieldend|move: Grassy Terrain\n|upkeep\n|turn|6\n|\n|t:|1700174887\n|move|p1a: Dondozo|Order Up|p2b: Wo-Chien\n|-damage|p2b: Wo-Chien|77\/100\n|-boost|p1a: Dondozo|atk|1\n|move|p2b: Wo-Chien|Leech Seed|p1a: Dondozo|[miss]\n|-miss|p2b: Wo-Chien|p1a: Dondozo\n|move|p2a: Amoonguss|Spore|p1a: Dondozo|[miss]\n|-miss|p2a: Amoonguss|p1a: Dondozo\n|\n|-heal|p2b: Wo-Chien|83\/100|[from] item: Leftovers\n|upkeep\n|turn|7\n|\n|t:|1700174902\n|move|p1a: Dondozo|Order Up|p2a: Amoonguss\n|-damage|p2a: Amoonguss|63\/100 par\n|-boost|p1a: Dondozo|atk|1\n|move|p2b: Wo-Chien|Leech Seed|p1a: Dondozo|[miss]\n|-miss|p2b: Wo-Chien|p1a: Dondozo\n|cant|p2a: Amoonguss|par\n|\n|-heal|p2b: Wo-Chien|90\/100|[from] item: Leftovers\n|upkeep\n|turn|8\n|\n|t:|1700174919\n|move|p1a: Dondozo|Order Up|p2a: Amoonguss\n|-damage|p2a: Amoonguss|16\/100 par\n|-enditem|p2a: Amoonguss|Sitrus Berry|[eat]\n|-heal|p2a: Amoonguss|41\/100 par|[from] item: Sitrus Berry\n|-boost|p1a: Dondozo|atk|1\n|move|p2b: Wo-Chien|Leech Seed|p1a: Dondozo\n|-start|p1a: Dondozo|move: Leech Seed\n|move|p2a: Amoonguss|Spore|p1a: Dondozo|[miss]\n|-miss|p2a: Amoonguss|p1a: Dondozo\n|\n|-heal|p2b: Wo-Chien|96\/100|[from] item: Leftovers\n|-damage|p1a: Dondozo|88\/100|[from] Leech Seed|[of] p2b: Wo-Chien\n|-heal|p2b: Wo-Chien|100\/100|[silent]\n|upkeep\n|turn|9\n|\n|t:|1700174936\n|switch|p2a: Urshifu|Urshifu, L50, M|100\/100\n|move|p1a: Dondozo|Order Up|p2a: Urshifu\n|-damage|p2a: Urshifu|30\/100\n|-boost|p1a: Dondozo|atk|1\n|move|p2b: Wo-Chien|Giga Drain|p1a: Dondozo\n|-supereffective|p1a: Dondozo\n|-damage|p1a: Dondozo|64\/100\n|\n|-heal|p1a: Dondozo|70\/100|[from] item: Leftovers\n|-damage|p1a: Dondozo|58\/100|[from] Leech Seed|[of] p2b: Wo-Chien\n|upkeep\n|turn|10\n|\n|t:|1700174956\n|switch|p2a: Amoonguss|Amoonguss, L50, F|74\/100 par\n|-terastallize|p1a: Dondozo|Dragon\n|move|p1a: Dondozo|Order Up|p2b: Wo-Chien\n|-damage|p2b: Wo-Chien|19\/100\n|-boost|p1a: Dondozo|atk|0\n|move|p2b: Wo-Chien|Giga Drain|p1a: Dondozo|[miss]\n|-miss|p2b: Wo-Chien|p1a: Dondozo\n|\n|-heal|p1a: Dondozo|64\/100|[from] item: Leftovers\n|-heal|p2b: Wo-Chien|25\/100|[from] item: Leftovers\n|-damage|p1a: Dondozo|51\/100|[from] Leech Seed|[of] p2b: Wo-Chien\n|-heal|p2b: Wo-Chien|42\/100|[silent]\n|upkeep\n|turn|11\n|\n|t:|1700174973\n|move|p2b: Wo-Chien|Protect|p2b: Wo-Chien\n|-singleturn|p2b: Wo-Chien|Protect\n|move|p1a: Dondozo|Order Up|p2a: Amoonguss\n|-damage|p2a: Amoonguss|0 fnt\n|faint|p2a: Amoonguss\n|-boost|p1a: Dondozo|atk|0\n|\n|-heal|p1a: Dondozo|58\/100|[from] item: Leftovers\n|-heal|p2b: Wo-Chien|48\/100|[from] item: Leftovers\n|-damage|p1a: Dondozo|45\/100|[from] Leech Seed|[of] p2b: Wo-Chien\n|-heal|p2b: Wo-Chien|65\/100|[silent]\n|upkeep\n|\n|t:|1700174981\n|switch|p2a: Urshifu|Urshifu, L50, M|30\/100\n|turn|12\n|\n|t:|1700174993\n|move|p2a: Urshifu|Wicked Blow|p1a: Dondozo\n|-crit|p1a: Dondozo\n|-damage|p1a: Dondozo|0 fnt\n|faint|p1a: Dondozo\n|move|p2b: Wo-Chien|Giga Drain|p1b: Tatsugiri\n|-damage|p1b: Tatsugiri|70\/100\n|-heal|p2b: Wo-Chien|77\/100|[from] drain|[of] p1b: Tatsugiri\n|\n|-heal|p2b: Wo-Chien|83\/100|[from] item: Leftovers\n|upkeep\n|\n|t:|1700175003\n|switch|p1a: Rillaboom|Rillaboom, L50, F|94\/100 brn\n|-fieldstart|move: Grassy Terrain|[from] ability: Grassy Surge|[of] p1a: Rillaboom\n|turn|13\n|\n|t:|1700175011\n|move|p1a: Rillaboom|Fake Out|p2a: Urshifu\n|-damage|p2a: Urshifu|24\/100\n|cant|p2a: Urshifu|flinch\n|move|p1b: Tatsugiri|Icy Wind|p2b: Wo-Chien|[spread] p2a,p2b\n|-supereffective|p2b: Wo-Chien\n|-damage|p2a: Urshifu|3\/100\n|-damage|p2b: Wo-Chien|62\/100\n|-unboost|p2a: Urshifu|spe|1\n|-unboost|p2b: Wo-Chien|spe|1\n|move|p2b: Wo-Chien|Leech Seed|p1b: Tatsugiri\n|-start|p1b: Tatsugiri|move: Leech Seed\n|\n|-heal|p1a: Rillaboom|100\/100 brn|[from] Grassy Terrain\n|-heal|p1b: Tatsugiri|76\/100|[from] Grassy Terrain\n|-heal|p2a: Urshifu|8\/100|[from] Grassy Terrain\n|-heal|p2b: Wo-Chien|68\/100|[from] Grassy Terrain\n|-heal|p2b: Wo-Chien|74\/100|[from] item: Leftovers\n|-damage|p1b: Tatsugiri|64\/100|[from] Leech Seed|[of] p2b: Wo-Chien\n|-heal|p2b: Wo-Chien|83\/100|[silent]\n|-damage|p1a: Rillaboom|94\/100 brn|[from] brn\n|upkeep\n|turn|14\n|inactive|Almacalata has 30 seconds left.\n|\n|t:|1700175039\n|move|p1a: Rillaboom|Grassy Glide|p2a: Urshifu\n|-damage|p2a: Urshifu|0 fnt\n|faint|p2a: Urshifu\n|move|p1b: Tatsugiri|Icy Wind|p2b: Wo-Chien\n|-supereffective|p2b: Wo-Chien\n|-damage|p2b: Wo-Chien|59\/100\n|-unboost|p2b: Wo-Chien|spe|1\n|move|p2b: Wo-Chien|Snarl|p1a: Rillaboom|[spread] p1a,p1b\n|-damage|p1a: Rillaboom|83\/100 brn\n|-damage|p1b: Tatsugiri|47\/100\n|-unboost|p1a: Rillaboom|spa|1\n|-unboost|p1b: Tatsugiri|spa|1\n|\n|-heal|p1a: Rillaboom|90\/100 brn|[from] Grassy Terrain\n|-heal|p1b: Tatsugiri|53\/100|[from] Grassy Terrain\n|-heal|p2b: Wo-Chien|66\/100|[from] Grassy Terrain\n|-heal|p2b: Wo-Chien|72\/100|[from] item: Leftovers\n|-damage|p1b: Tatsugiri|41\/100|[from] Leech Seed|[of] p2b: Wo-Chien\n|-heal|p2b: Wo-Chien|81\/100|[silent]\n|-damage|p1a: Rillaboom|83\/100 brn|[from] brn\n|upkeep\n|turn|15\n|\n|t:|1700175064\n|switch|p1b: Drifblim|Drifblim, L50, M|30\/100\n|move|p2b: Wo-Chien|Protect|p2b: Wo-Chien\n|-singleturn|p2b: Wo-Chien|Protect\n|move|p1a: Rillaboom|High Horsepower|p2b: Wo-Chien\n|-activate|p2b: Wo-Chien|move: Protect\n|\n|-heal|p1a: Rillaboom|90\/100 brn|[from] Grassy Terrain\n|-heal|p2b: Wo-Chien|87\/100|[from] Grassy Terrain\n|-heal|p2b: Wo-Chien|93\/100|[from] item: Leftovers\n|-damage|p1a: Rillaboom|83\/100 brn|[from] brn\n|upkeep\n|turn|16\n|\n|t:|1700175080\n|switch|p1a: Tatsugiri|Tatsugiri, L50, F|41\/100\n|move|p1b: Drifblim|Thunder Wave|p2b: Wo-Chien\n|-status|p2b: Wo-Chien|par\n|move|p2b: Wo-Chien|Leech Seed|p1b: Drifblim\n|-start|p1b: Drifblim|move: Leech Seed\n|\n|-heal|p1a: Tatsugiri|47\/100|[from] Grassy Terrain\n|-heal|p2b: Wo-Chien|99\/100 par|[from] Grassy Terrain\n|-heal|p2b: Wo-Chien|100\/100 par|[from] item: Leftovers\n|-damage|p1b: Drifblim|17\/100|[from] Leech Seed|[of] p2b: Wo-Chien\n|upkeep\n|turn|17\n|\n|t:|1700175099\n|switch|p1b: Rillaboom|Rillaboom, L50, F|83\/100 brn\n|move|p1a: Tatsugiri|Icy Wind|p2b: Wo-Chien\n|-supereffective|p2b: Wo-Chien\n|-damage|p2b: Wo-Chien|72\/100 par\n|-unboost|p2b: Wo-Chien|spe|1\n|move|p2b: Wo-Chien|Snarl|p1a: Tatsugiri|[spread] p1a,p1b\n|-damage|p1a: Tatsugiri|30\/100\n|-damage|p1b: Rillaboom|71\/100 brn\n|-unboost|p1a: Tatsugiri|spa|1\n|-unboost|p1b: Rillaboom|spa|1\n|\n|-heal|p1b: Rillaboom|77\/100 brn|[from] Grassy Terrain\n|-heal|p1a: Tatsugiri|35\/100|[from] Grassy Terrain\n|-heal|p2b: Wo-Chien|79\/100 par|[from] Grassy Terrain\n|-heal|p2b: Wo-Chien|85\/100 par|[from] item: Leftovers\n|-damage|p1b: Rillaboom|71\/100 brn|[from] brn\n|-fieldend|move: Grassy Terrain\n|upkeep\n|turn|18\n|\n|t:|1700175121\n|move|p2b: Wo-Chien|Protect|p2b: Wo-Chien\n|-singleturn|p2b: Wo-Chien|Protect\n|move|p1b: Rillaboom|Fake Out|p2b: Wo-Chien\n|-activate|p2b: Wo-Chien|move: Protect\n|move|p1a: Tatsugiri|Icy Wind|p2b: Wo-Chien\n|-activate|p2b: Wo-Chien|move: Protect\n|\n|-heal|p2b: Wo-Chien|91\/100 par|[from] item: Leftovers\n|-damage|p1b: Rillaboom|65\/100 brn|[from] brn\n|upkeep\n|turn|19\n|\n|t:|1700175137\n|switch|p1b: Drifblim|Drifblim, L50, M|17\/100\n|move|p1a: Tatsugiri|Muddy Water|p2b: Wo-Chien|[miss]\n|-miss|p1a: Tatsugiri|p2b: Wo-Chien\n|move|p2b: Wo-Chien|Leech Seed|p1a: Tatsugiri\n|-start|p1a: Tatsugiri|move: Leech Seed\n|\n|-heal|p2b: Wo-Chien|97\/100 par|[from] item: Leftovers\n|-damage|p1a: Tatsugiri|24\/100|[from] Leech Seed|[of] p2b: Wo-Chien\n|-heal|p2b: Wo-Chien|100\/100 par|[silent]\n|upkeep\n|turn|20\n|\n|t:|1700175152\n|switch|p1a: Rillaboom|Rillaboom, L50, F|65\/100 brn\n|-fieldstart|move: Grassy Terrain|[from] ability: Grassy Surge|[of] p1a: Rillaboom\n|move|p1b: Drifblim|Air Slash|p2b: Wo-Chien\n|-supereffective|p2b: Wo-Chien\n|-crit|p2b: Wo-Chien\n|-damage|p2b: Wo-Chien|46\/100 par\n|move|p2b: Wo-Chien|Snarl|p1b: Drifblim|[spread] p1a,p1b\n|-supereffective|p1b: Drifblim\n|-damage|p1a: Rillaboom|54\/100 brn\n|-damage|p1b: Drifblim|0 fnt\n|-unboost|p1a: Rillaboom|spa|1\n|faint|p1b: Drifblim\n|\n|-heal|p1a: Rillaboom|60\/100 brn|[from] Grassy Terrain\n|-heal|p2b: Wo-Chien|53\/100 par|[from] Grassy Terrain\n|-heal|p2b: Wo-Chien|59\/100 par|[from] item: Leftovers\n|-damage|p1a: Rillaboom|54\/100 brn|[from] brn\n|upkeep\n|\n|t:|1700175170\n|switch|p1b: Tatsugiri|Tatsugiri, L50, F|24\/100\n|turn|21\n|\n|t:|1700175175\n|move|p2b: Wo-Chien|Protect|p2b: Wo-Chien\n|-singleturn|p2b: Wo-Chien|Protect\n|move|p1a: Rillaboom|Fake Out|p2b: Wo-Chien\n|-activate|p2b: Wo-Chien|move: Protect\n|move|p1b: Tatsugiri|Icy Wind|p2b: Wo-Chien\n|-activate|p2b: Wo-Chien|move: Protect\n|\n|-heal|p1a: Rillaboom|60\/100 brn|[from] Grassy Terrain\n|-heal|p1b: Tatsugiri|29\/100|[from] Grassy Terrain\n|-heal|p2b: Wo-Chien|65\/100 par|[from] Grassy Terrain\n|-heal|p2b: Wo-Chien|71\/100 par|[from] item: Leftovers\n|-damage|p1a: Rillaboom|54\/100 brn|[from] brn\n|upkeep\n|turn|22\n|\n|t:|1700175192\n|move|p1a: Rillaboom|High Horsepower|p2b: Wo-Chien\n|-resisted|p2b: Wo-Chien\n|-damage|p2b: Wo-Chien|67\/100 par\n|move|p1b: Tatsugiri|Icy Wind|p2b: Wo-Chien\n|-supereffective|p2b: Wo-Chien\n|-damage|p2b: Wo-Chien|39\/100 par\n|-unboost|p2b: Wo-Chien|spe|1\n|move|p2b: Wo-Chien|Leech Seed|p1b: Tatsugiri\n|-start|p1b: Tatsugiri|move: Leech Seed\n|\n|-heal|p1a: Rillaboom|60\/100 brn|[from] Grassy Terrain\n|-heal|p1b: Tatsugiri|35\/100|[from] Grassy Terrain\n|-heal|p2b: Wo-Chien|45\/100 par|[from] Grassy Terrain\n|-heal|p2b: Wo-Chien|52\/100 par|[from] item: Leftovers\n|-damage|p1b: Tatsugiri|23\/100|[from] Leech Seed|[of] p2b: Wo-Chien\n|-heal|p2b: Wo-Chien|60\/100 par|[silent]\n|-damage|p1a: Rillaboom|54\/100 brn|[from] brn\n|upkeep\n|turn|23\n|\n|t:|1700175213\n|move|p2b: Wo-Chien|Protect|p2b: Wo-Chien\n|-singleturn|p2b: Wo-Chien|Protect\n|move|p1a: Rillaboom|Wood Hammer|p2b: Wo-Chien\n|-activate|p2b: Wo-Chien|move: Protect\n|move|p1b: Tatsugiri|Icy Wind|p2b: Wo-Chien\n|-activate|p2b: Wo-Chien|move: Protect\n|\n|-heal|p1a: Rillaboom|60\/100 brn|[from] Grassy Terrain\n|-heal|p1b: Tatsugiri|28\/100|[from] Grassy Terrain\n|-heal|p2b: Wo-Chien|67\/100 par|[from] Grassy Terrain\n|-heal|p2b: Wo-Chien|73\/100 par|[from] item: Leftovers\n|-damage|p1b: Tatsugiri|17\/100|[from] Leech Seed|[of] p2b: Wo-Chien\n|-heal|p2b: Wo-Chien|82\/100 par|[silent]\n|-damage|p1a: Rillaboom|54\/100 brn|[from] brn\n|upkeep\n|turn|24\n|\n|t:|1700175235\n|move|p1a: Rillaboom|Wood Hammer|p2b: Wo-Chien\n|-resisted|p2b: Wo-Chien\n|-damage|p2b: Wo-Chien|71\/100 par\n|-damage|p1a: Rillaboom|50\/100 brn|[from] Recoil\n|move|p1b: Tatsugiri|Icy Wind|p2b: Wo-Chien\n|-supereffective|p2b: Wo-Chien\n|-damage|p2b: Wo-Chien|43\/100 par\n|-unboost|p2b: Wo-Chien|spe|1\n|move|p2b: Wo-Chien|Giga Drain|p1a: Rillaboom\n|-resisted|p1a: Rillaboom\n|-damage|p1a: Rillaboom|36\/100 brn\n|-heal|p2b: Wo-Chien|49\/100 par|[from] drain|[of] p1a: Rillaboom\n|\n|-heal|p1a: Rillaboom|43\/100 brn|[from] Grassy Terrain\n|-heal|p1b: Tatsugiri|22\/100|[from] Grassy Terrain\n|-heal|p2b: Wo-Chien|56\/100 par|[from] Grassy Terrain\n|-heal|p2b: Wo-Chien|62\/100 par|[from] item: Leftovers\n|-damage|p1b: Tatsugiri|10\/100|[from] Leech Seed|[of] p2b: Wo-Chien\n|-heal|p2b: Wo-Chien|71\/100 par|[silent]\n|-damage|p1a: Rillaboom|36\/100 brn|[from] brn\n|-fieldend|move: Grassy Terrain\n|upkeep\n|turn|25\n|\n|t:|1700175258\n|move|p2b: Wo-Chien|Protect|p2b: Wo-Chien\n|-singleturn|p2b: Wo-Chien|Protect\n|move|p1a: Rillaboom|Wood Hammer|p2b: Wo-Chien\n|-activate|p2b: Wo-Chien|move: Protect\n|move|p1b: Tatsugiri|Icy Wind|p2b: Wo-Chien\n|-activate|p2b: Wo-Chien|move: Protect\n|\n|-heal|p2b: Wo-Chien|77\/100 par|[from] item: Leftovers\n|-damage|p1b: Tatsugiri|0 fnt|[from] Leech Seed|[of] p2b: Wo-Chien\n|-heal|p2b: Wo-Chien|84\/100 par|[silent]\n|faint|p1b: Tatsugiri\n|-damage|p1a: Rillaboom|30\/100 brn|[from] brn\n|upkeep\n|turn|26\n|\n|t:|1700175275\n|move|p1a: Rillaboom|Wood Hammer|p2b: Wo-Chien\n|-resisted|p2b: Wo-Chien\n|-damage|p2b: Wo-Chien|77\/100 par\n|-damage|p1a: Rillaboom|27\/100 brn|[from] Recoil\n|cant|p2b: Wo-Chien|par\n|\n|-heal|p2b: Wo-Chien|83\/100 par|[from] item: Leftovers\n|-damage|p1a: Rillaboom|21\/100 brn|[from] brn\n|upkeep\n|turn|27\n|inactive|Almacalata has 30 seconds left.\n|\n|t:|1700175286\n|move|p1a: Rillaboom|High Horsepower|p2b: Wo-Chien\n|-resisted|p2b: Wo-Chien\n|-damage|p2b: Wo-Chien|79\/100 par\n|move|p2b: Wo-Chien|Snarl|p1a: Rillaboom\n|-damage|p1a: Rillaboom|6\/100 brn\n|-unboost|p1a: Rillaboom|spa|1\n|\n|-heal|p2b: Wo-Chien|85\/100 par|[from] item: Leftovers\n|-damage|p1a: Rillaboom|0 fnt|[from] brn\n|faint|p1a: Rillaboom\n|\n|win|I'm SO not cooking\n|upkeep\n|inactive|Almacalata has 30 seconds left this turn.\n|raw|Almacalata's rating: 1160 &rarr; <strong>1134<\/strong><br \/>(-26 for losing)\n|raw|I&apos;m SO not cooking's rating: 1143 &rarr; <strong>1169<\/strong><br \/>(+26 for winning)\n|l|\u2606Almacalata\n","uploadtime":1700175305,"views":10,"p1id":"almacalata","p2id":"imsonotcooking","formatid":"gen9vgc2023regulatione","rating":1134,"private":0,"password":""}