{"id":"gen9vgc2023regulatione-1996247428","p1":"Nta07","p2":"Jack00VGC","format":"[Gen 9] VGC 2023 Regulation E","log":"|j|\u2606Nta07\n|j|\u2606Jack00VGC\n|t:|1700663692\n|gametype|doubles\n|player|p1|Nta07|1|1047\n|player|p2|Jack00VGC|alder|1119\n|teamsize|p1|6\n|teamsize|p2|6\n|gen|9\n|tier|[Gen 9] VGC 2023 Regulation E\n|rated|\n|rule|Species Clause: Limit one of each Pok\u00e9mon\n|rule|Item Clause: Limit one of each item\n|clearpoke\n|poke|p1|Sableye, L50, M|\n|poke|p1|Iron Thorns, L50|\n|poke|p1|Armarouge, L50, F|\n|poke|p1|Indeedee-F, L50, F|\n|poke|p1|Flamigo, L50, M|\n|poke|p1|Raichu, L50, M|\n|poke|p2|Flutter Mane, L50|\n|poke|p2|Ogerpon-Wellspring, L50, F|\n|poke|p2|Indeedee-F, L50, F|\n|poke|p2|Chi-Yu, L50|\n|poke|p2|Regieleki, L50|\n|poke|p2|Tornadus, L50, M|\n|teampreview|4\n|inactive|Battle timer is ON: inactive players will automatically lose when time's up. (requested by Jack00VGC)\nJack00VGC rejected open team sheets.\n|inactive|Nta07 has 60 seconds left.\n|inactive|Jack00VGC has 60 seconds left.\n|\n|t:|1700663733\n|start\n|switch|p1a: Raichu|Raichu, L50, M|100\/100\n|switch|p1b: Iron Thorns|Iron Thorns, L50|100\/100\n|switch|p2a: Tornadus|Tornadus, L50, M|100\/100\n|switch|p2b: Indeedee|Indeedee-F, L50, F|100\/100\n|-fieldstart|move: Psychic Terrain|[from] ability: Psychic Surge|[of] p2b: Indeedee\n|-enditem|p2b: Indeedee|Psychic Seed\n|-boost|p2b: Indeedee|spd|1|[from] item: Psychic Seed\n|-enditem|p1b: Iron Thorns|Booster Energy\n|-activate|p1b: Iron Thorns|ability: Quark Drive|[fromitem]\n|-start|p1b: Iron Thorns|quarkdriveatk\n|turn|1\n|inactive|Jack00VGC has 30 seconds left.\n|inactive|Jack00VGC has 20 seconds left.\n|\n|t:|1700663769\n|move|p2a: Tornadus|Tailwind|p2a: Tornadus\n|-sidestart|p2: Jack00VGC|move: Tailwind\n|move|p2b: Indeedee|Psychic|p1b: Iron Thorns\n|-damage|p1b: Iron Thorns|40\/100\n|move|p1a: Raichu|Nuzzle|p2a: Tornadus\n|-supereffective|p2a: Tornadus\n|-damage|p2a: Tornadus|78\/100\n|-status|p2a: Tornadus|par\n|move|p1b: Iron Thorns|Dragon Dance|p1b: Iron Thorns\n|-boost|p1b: Iron Thorns|atk|1\n|-boost|p1b: Iron Thorns|spe|1\n|\n|upkeep\n|turn|2\n|\n|t:|1700663784\n|cant|p2a: Tornadus|par\n|move|p2b: Indeedee|Psychic|p1b: Iron Thorns\n|-damage|p1b: Iron Thorns|0 fnt\n|faint|p1b: Iron Thorns\n|-end|p1b: Iron Thorns|Quark Drive|[silent]\n|move|p1a: Raichu|Nuzzle|p2b: Indeedee\n|-damage|p2b: Indeedee|84\/100\n|-status|p2b: Indeedee|par\n|\n|upkeep\n|\n|t:|1700663793\n|switch|p1b: Armarouge|Armarouge, L50, F, shiny|100\/100\n|turn|3\n|\n|t:|1700663806\n|move|p2a: Tornadus|Rain Dance|p2a: Tornadus\n|-weather|RainDance\n|move|p1a: Raichu|Nuzzle|p2a: Tornadus\n|-supereffective|p2a: Tornadus\n|-damage|p2a: Tornadus|57\/100 par\n|move|p2b: Indeedee|Psychic|p1a: Raichu\n|-damage|p1a: Raichu|31\/100\n|move|p1b: Armarouge|Calm Mind|p1b: Armarouge\n|-boost|p1b: Armarouge|spa|1\n|-boost|p1b: Armarouge|spd|1\n|\n|-weather|RainDance|[upkeep]\n|upkeep\n|turn|4\n|\n|t:|1700663823\n|move|p1a: Raichu|Nuzzle|p2a: Tornadus\n|-supereffective|p2a: Tornadus\n|-damage|p2a: Tornadus|37\/100 par\n|move|p2b: Indeedee|Psychic|p1a: Raichu\n|-damage|p1a: Raichu|0 fnt\n|faint|p1a: Raichu\n|move|p2a: Tornadus|Bleakwind Storm|p1b: Armarouge\n|-damage|p1b: Armarouge|66\/100\n|move|p1b: Armarouge|Psychic|p2a: Tornadus\n|-damage|p2a: Tornadus|0 fnt\n|faint|p2a: Tornadus\n|\n|-weather|RainDance|[upkeep]\n|-sideend|p2: Jack00VGC|move: Tailwind\n|upkeep\n|\n|t:|1700663836\n|switch|p1a: Flamigo|Flamigo, L50, M|100\/100\n|switch|p2a: Regieleki|Regieleki, L50|100\/100\n|-copyboost|p1a: Flamigo|p1b: Armarouge|[from] ability: Costar\n|turn|5\n|\n|t:|1700663860\n|move|p2b: Indeedee|Helping Hand|p2a: Regieleki\n|-singleturn|p2a: Regieleki|Helping Hand|[of] p2b: Indeedee\n|move|p2a: Regieleki|Electroweb|p1b: Armarouge|[spread] p1a,p1b\n|-supereffective|p1a: Flamigo\n|-enditem|p1a: Flamigo|Focus Sash\n|-damage|p1a: Flamigo|1\/100\n|-damage|p1b: Armarouge|29\/100\n|-unboost|p1a: Flamigo|spe|1\n|-unboost|p1b: Armarouge|spe|1\n|move|p1a: Flamigo|Close Combat|p2a: Regieleki\n|-crit|p2a: Regieleki\n|-damage|p2a: Regieleki|0 fnt\n|-unboost|p1a: Flamigo|def|1\n|-unboost|p1a: Flamigo|spd|1\n|faint|p2a: Regieleki\n|move|p1b: Armarouge|Focus Blast|p2b: Indeedee|[miss]\n|-miss|p1b: Armarouge|p2b: Indeedee\n|\n|-weather|RainDance|[upkeep]\n|-fieldend|move: Psychic Terrain\n|upkeep\n|\n|t:|1700663877\n|switch|p2a: Chi-Yu|Chi-Yu, L50|100\/100\n|-ability|p2a: Chi-Yu|Beads of Ruin\n|turn|6\n|\n|t:|1700663890\n|move|p2a: Chi-Yu|Protect|p2a: Chi-Yu\n|-singleturn|p2a: Chi-Yu|Protect\n|move|p1a: Flamigo|Close Combat|p2a: Chi-Yu\n|-activate|p2a: Chi-Yu|move: Protect\n|move|p2b: Indeedee|Psychic|p1a: Flamigo\n|-supereffective|p1a: Flamigo\n|-damage|p1a: Flamigo|0 fnt\n|faint|p1a: Flamigo\n|move|p1b: Armarouge|Focus Blast|p2a: Chi-Yu\n|-activate|p2a: Chi-Yu|move: Protect\n|\n|-weather|RainDance|[upkeep]\n|upkeep\n|turn|7\n|-message|Nta07 forfeited.\n|\n|win|Jack00VGC\n|raw|Nta07's rating: 1047 &rarr; <strong>1033<\/strong><br \/>(-14 for losing)\n|raw|Jack00VGC's rating: 1119 &rarr; <strong>1139<\/strong><br \/>(+20 for winning)\n|l|\u2606Nta07\n","uploadtime":1700663913,"views":2,"p1id":"nta07","p2id":"jack00vgc","formatid":"gen9vgc2023regulatione","rating":1033,"private":0,"password":""}