{"id":"gen9vgc2023regulatione-1993517265","p1":"Fortune Meow","p2":"WestyLiam","format":"[Gen 9] VGC 2023 Regulation E","log":"|j|\u2606Fortune Meow\n|j|\u2606WestyLiam\n|n|\u2606Fortune Meow|fortunemeow\n|n|\u2606WestyLiam|westyliam\n|html|View the match progress at <a href=\"\/game-bestof3-gen9vgc2023regulatione-1993517264\">game-bestof3-gen9vgc2023regulatione-1993517264<\/a>\n|t:|1700327134\n|gametype|doubles\n|player|p1|Fortune Meow|burglar|\n|player|p2|WestyLiam|266|\n|teamsize|p1|6\n|teamsize|p2|6\n|gen|9\n|tier|[Gen 9] VGC 2023 Regulation E\n|rule|Species Clause: Limit one of each Pok\u00e9mon\n|rule|Item Clause: Limit one of each item\n|clearpoke\n|poke|p1|Kommo-o, L50, M|\n|poke|p1|Tyranitar, L50, F|\n|poke|p1|Rillaboom, L50, M|\n|poke|p1|Flutter Mane, L50|\n|poke|p1|Arcanine-Hisui, L50, M|\n|poke|p1|Iron Bundle, L50|\n|poke|p2|Heatran, L50, M|\n|poke|p2|Iron Hands, L50|\n|poke|p2|Flutter Mane, L50|\n|poke|p2|Roaring Moon, L50|\n|poke|p2|Amoonguss, L50, M|\n|poke|p2|Landorus-Therian, L50, M|\n|teampreview|4\n|inactive|Battle timer is ON: inactive players will automatically lose when time's up. (requested by WestyLiam)\n|inactive|Fortune Meow also wants the timer to be on.\nWestyLiam has agreed to open team sheets.\nFortune Meow has agreed to open team sheets.\n|showteam|p1|Kommo-o||Leftovers|Bulletproof|BodyPress,IronDefense,IronHead,Protect|||M|||50|,,,,,Steel]Tyranitar||AssaultVest|SandStream|KnockOff,RockSlide,LowKick,TeraBlast|||F|||50|,,,,,Psychic]Rillaboom||MiracleSeed|GrassySurge|FakeOut,WoodHammer,GrassyGlide,Taunt|||M|||50|,,,,,Grass]Flutter Mane||ChoiceSpecs|Protosynthesis|DazzlingGleam,Moonblast,ShadowBall,TrickRoom||||||50|,,,,,Fairy]Arcanine-Hisui||SitrusBerry|Intimidate|FlareBlitz,RockSlide,Howl,WillOWisp|||M|||50|,,,,,Water]Iron Bundle||BoosterEnergy|QuarkDrive|FreezeDry,IcyWind,HydroPump,Protect||||||50|,,,,,Ghost\n|showteam|p2|Heatran||LifeOrb|FlashFire|Protect,HeatWave,EarthPower,FlashCannon|||M|||50|,,,,,Fairy]Iron Hands||AssaultVest|QuarkDrive|FakeOut,DrainPunch,WildCharge,HeavySlam||||||50|,,,,,Water]Flutter Mane||ChoiceSpecs|Protosynthesis|DazzlingGleam,Moonblast,ShadowBall,PerishSong||||||50|,,,,,Fairy]Roaring Moon||BoosterEnergy|Protosynthesis|Protect,DragonDance,Acrobatics,KnockOff||||||50|,,,,,Flying]Amoonguss||RockyHelmet|Regenerator|Protect,RagePowder,Spore,PollenPuff|||M|||50|,,,,,Water]Landorus-Therian||ChoiceScarf|Intimidate|StompingTantrum,RockSlide,Uturn,TeraBlast|||M|||50|,,,,,Flying\n|inactive|Fortune Meow has 30 seconds left.\n|\n|t:|1700327199\n|start\n|switch|p1a: Iron Bundle|Iron Bundle, L50|100\/100\n|switch|p1b: Rillaboom|Rillaboom, L50, M|100\/100\n|switch|p2a: Heatran|Heatran, L50, M|100\/100\n|switch|p2b: Iron Hands|Iron Hands, L50|100\/100\n|-fieldstart|move: Grassy Terrain|[from] ability: Grassy Surge|[of] p1b: Rillaboom\n|-enditem|p1a: Iron Bundle|Booster Energy\n|-activate|p1a: Iron Bundle|ability: Quark Drive|[fromitem]\n|-start|p1a: Iron Bundle|quarkdrivespe\n|turn|1\n|\n|t:|1700327221\n|-terastallize|p2a: Heatran|Fairy\n|move|p1b: Rillaboom|Fake Out|p2b: Iron Hands\n|-damage|p2b: Iron Hands|89\/100\n|move|p1a: Iron Bundle|Hydro Pump|p2a: Heatran\n|-damage|p2a: Heatran|39\/100\n|move|p2a: Heatran|Heat Wave|p1b: Rillaboom|[spread] p1a,p1b\n|-supereffective|p1b: Rillaboom\n|-damage|p1a: Iron Bundle|0 fnt\n|-damage|p1b: Rillaboom|0 fnt\n|faint|p1a: Iron Bundle\n|-end|p1a: Iron Bundle|Quark Drive|[silent]\n|faint|p1b: Rillaboom\n|-damage|p2a: Heatran|30\/100|[from] item: Life Orb\n|cant|p2b: Iron Hands|flinch\n|\n|-heal|p2a: Heatran|36\/100|[from] Grassy Terrain\n|-heal|p2b: Iron Hands|95\/100|[from] Grassy Terrain\n|upkeep\n|\n|t:|1700327227\n|switch|p1a: Flutter Mane|Flutter Mane, L50|100\/100\n|switch|p1b: Arcanine|Arcanine-Hisui, L50, M|100\/100\n|-ability|p1b: Arcanine|Intimidate|boost\n|-unboost|p2a: Heatran|atk|1\n|-unboost|p2b: Iron Hands|atk|1\n|turn|2\n|\n|t:|1700327236\n|move|p2a: Heatran|Protect|p2a: Heatran\n|-singleturn|p2a: Heatran|Protect\n|move|p1a: Flutter Mane|Dazzling Gleam|p2b: Iron Hands|[spread] p2b\n|-activate|p2a: Heatran|move: Protect\n|-supereffective|p2b: Iron Hands\n|-damage|p2b: Iron Hands|43\/100\n|move|p1b: Arcanine|Will-O-Wisp|p2b: Iron Hands\n|-status|p2b: Iron Hands|brn\n|move|p2b: Iron Hands|Heavy Slam|p1a: Flutter Mane\n|-supereffective|p1a: Flutter Mane\n|-damage|p1a: Flutter Mane|43\/100\n|\n|-heal|p1a: Flutter Mane|49\/100|[from] Grassy Terrain\n|-heal|p2a: Heatran|42\/100|[from] Grassy Terrain\n|-heal|p2b: Iron Hands|49\/100 brn|[from] Grassy Terrain\n|-damage|p2b: Iron Hands|43\/100 brn|[from] brn\n|upkeep\n|turn|3\n|\n|t:|1700327259\n|move|p1a: Flutter Mane|Dazzling Gleam|p2a: Heatran|[spread] p2a,p2b\n|-supereffective|p2b: Iron Hands\n|-damage|p2a: Heatran|0 fnt\n|-damage|p2b: Iron Hands|0 fnt\n|faint|p2a: Heatran\n|faint|p2b: Iron Hands\n|-end|p2b: Iron Hands|Quark Drive|[silent]\n|move|p1b: Arcanine|Rock Slide|p2: Heatran|[notarget]\n|-fail|p1b: Arcanine\n|\n|-heal|p1a: Flutter Mane|55\/100|[from] Grassy Terrain\n|upkeep\n|\n|t:|1700327261\n|switch|p2a: Roaring Moon|Roaring Moon, L50|100\/100\n|switch|p2b: Landorus|Landorus-Therian, L50, M|100\/100\n|-ability|p2b: Landorus|Intimidate|boost\n|-unboost|p1a: Flutter Mane|atk|1\n|-unboost|p1b: Arcanine|atk|1\n|-enditem|p2a: Roaring Moon|Booster Energy\n|-activate|p2a: Roaring Moon|ability: Protosynthesis|[fromitem]\n|-start|p2a: Roaring Moon|protosynthesisatk\n|turn|4\n|\n|t:|1700327274\n|-terastallize|p1a: Flutter Mane|Fairy\n|move|p2b: Landorus|Stomping Tantrum|p1a: Flutter Mane\n|-damage|p1a: Flutter Mane|0 fnt\n|faint|p1a: Flutter Mane\n|-end|p1a: Flutter Mane|Protosynthesis|[silent]\n|move|p2a: Roaring Moon|Knock Off|p1b: Arcanine\n|-damage|p1b: Arcanine|24\/100\n|-enditem|p1b: Arcanine|Sitrus Berry|[from] move: Knock Off|[of] p2a: Roaring Moon\n|move|p1b: Arcanine|Will-O-Wisp|p2a: Roaring Moon\n|-status|p2a: Roaring Moon|brn\n|\n|-heal|p1b: Arcanine|30\/100|[from] Grassy Terrain\n|-damage|p2a: Roaring Moon|94\/100 brn|[from] brn\n|upkeep\n|turn|5\n|\n|t:|1700327283\n|move|p2b: Landorus|Stomping Tantrum|p1b: Arcanine\n|-supereffective|p1b: Arcanine\n|-damage|p1b: Arcanine|0 fnt\n|faint|p1b: Arcanine\n|\n|win|WestyLiam\n|c|&|\/uhtml prompt-westyliam,WestyLiam is ready for game 2!\n|c|&|\/uhtml prompt-fortunemeow,Fortune Meow is ready for game 2!\nBoth players are ready! Starting next match!\n","uploadtime":1700327879,"views":11,"p1id":"fortunemeow","p2id":"westyliam","formatid":"gen9vgc2023regulatione","rating":0,"private":0,"password":""}