{"id":"gen9vgc2023regulatione-1996487854","p1":"tartadequeixo","p2":"Joltra25","format":"[Gen 9] VGC 2023 Regulation E","log":"|j|\u2606tartadequeixo\n|j|\u2606Joltra25\n|n|\u2606tartadequeixo|tartadequeixo\n|n|\u2606Joltra25|joltra25\n|html|View the match progress at <a href=\"\/game-bestof3-gen9vgc2023regulatione-1996483234\">game-bestof3-gen9vgc2023regulatione-1996483234<\/a>\n|t:|1700686834\n|gametype|doubles\n|player|p1|tartadequeixo|benga|\n|player|p2|Joltra25|lyra|\n|teamsize|p1|6\n|teamsize|p2|6\n|gen|9\n|tier|[Gen 9] VGC 2023 Regulation E\n|rule|Species Clause: Limit one of each Pok\u00e9mon\n|rule|Item Clause: Limit one of each item\n|clearpoke\n|poke|p1|Chien-Pao, L50|\n|poke|p1|Tornadus, L50, M|\n|poke|p1|Rillaboom, L50, F|\n|poke|p1|Flutter Mane, L50|\n|poke|p1|Arcanine-Hisui, L50, M|\n|poke|p1|Urshifu-*, L50, M|\n|poke|p2|Amoonguss, L50, F|\n|poke|p2|Iron Hands, L50|\n|poke|p2|Gholdengo, L50|\n|poke|p2|Roaring Moon, L50|\n|poke|p2|Urshifu-*, L50, F|\n|poke|p2|Landorus-Therian, L50, M|\n|teampreview|4\n|inactive|Battle timer is ON: inactive players will automatically lose when time's up. (requested by Joltra25)\ntartadequeixo has agreed to open team sheets.\nJoltra25 has agreed to open team sheets.\n|showteam|p1|Chien-Pao||FocusSash|SwordofRuin|SuckerPunch,IcicleCrash,SacredSword,Protect||||||50|,,,,,Ghost]Tornadus||RockyHelmet|Prankster|BleakwindStorm,RainDance,ScaryFace,Tailwind|||M|||50|,,,,,Ghost]Rillaboom||AssaultVest|GrassySurge|FakeOut,HighHorsepower,GrassyGlide,Uturn|||F|||50|,,,,,Fire]Flutter Mane||BoosterEnergy|Protosynthesis|Moonblast,DazzlingGleam,ShadowBall,Protect||||||50|,,,,,Fairy]Arcanine-Hisui||ChoiceBand|Intimidate|FlareBlitz,RockSlide,ExtremeSpeed,TeraBlast|||M|||50|,,,,,Fairy]Urshifu-Rapid-Strike||ChoiceScarf|UnseenFist|SurgingStrikes,CloseCombat,AquaJet,Uturn|||M|||50|,,,,,Water\n|showteam|p2|Amoonguss||RockyHelmet|Regenerator|PollenPuff,Spore,RagePowder,Protect|||F|||50|,,,,,Water]Iron Hands||AssaultVest|QuarkDrive|DrainPunch,WildCharge,FakeOut,VoltSwitch||||||50|,,,,,Fire]Gholdengo||MetalCoat|GoodasGold|MakeItRain,ShadowBall,NastyPlot,Protect||||||50|,,,,,Dragon]Roaring Moon||BoosterEnergy|Protosynthesis|KnockOff,Acrobatics,Tailwind,Protect||||||50|,,,,,Flying]Urshifu-Rapid-Strike||MysticWater|UnseenFist|SurgingStrikes,CloseCombat,AquaJet,Detect|||F|||50|,,,,,Water]Landorus-Therian||ChoiceScarf|Intimidate|StompingTantrum,RockSlide,Uturn,TeraBlast|||M|||50|,,,,,Flying\n|inactive|tartadequeixo has 30 seconds left.\n|inactive|Joltra25 has 30 seconds left.\n|inactive|tartadequeixo has 20 seconds left.\n|inactive|tartadequeixo has 15 seconds left.\n|\n|t:|1700686882\n|start\n|switch|p1a: Tornadus|Tornadus, L50, M|100\/100\n|switch|p1b: Jmodri|Arcanine-Hisui, L50, M|100\/100\n|switch|p2a: Landorus|Landorus-Therian, L50, M|100\/100\n|switch|p2b: Amoonguss|Amoonguss, L50, F|100\/100\n|-ability|p2a: Landorus|Intimidate|boost\n|-unboost|p1a: Tornadus|atk|1\n|-unboost|p1b: Jmodri|atk|1\n|-ability|p1b: Jmodri|Intimidate|boost\n|-unboost|p2a: Landorus|atk|1\n|-unboost|p2b: Amoonguss|atk|1\n|turn|1\n|inactive|tartadequeixo has 30 seconds left.\n|inactive|Joltra25 has 30 seconds left.\n|inactive|Joltra25 has 20 seconds left.\n|inactive|Joltra25 has 15 seconds left.\n|inactive|Joltra25 has 10 seconds left.\n|\n|t:|1700686929\n|-terastallize|p1b: Jmodri|Fairy\n|-terastallize|p2b: Amoonguss|Water\n|move|p2a: Landorus|Rock Slide|p1a: Tornadus|[spread] p1a,p1b\n|-supereffective|p1a: Tornadus\n|-damage|p1a: Tornadus|73\/100\n|-damage|p1b: Jmodri|85\/100\n|move|p1a: Tornadus|Bleakwind Storm|p2a: Landorus|[spread] p2b\n|-miss|p1a: Tornadus|p2a: Landorus\n|-damage|p2b: Amoonguss|69\/100\n|move|p1b: Jmodri|Tera Blast|p2a: Landorus|[anim] Tera Blast Fairy\n|-damage|p2a: Landorus|63\/100\n|move|p2b: Amoonguss|Spore|p1a: Tornadus\n|-status|p1a: Tornadus|slp|[from] move: Spore\n|\n|upkeep\n|turn|2\n|\n|t:|1700686953\n|switch|p2a: Gholdengo|Gholdengo, L50|100\/100\n|switch|p1a: Chien-Pao|Chien-Pao, L50|100\/100\n|-ability|p1a: Chien-Pao|Sword of Ruin\n|move|p1b: Jmodri|Tera Blast|p2b: Amoonguss|[anim] Tera Blast Fairy\n|-damage|p2b: Amoonguss|26\/100\n|move|p2b: Amoonguss|Spore|p1b: Jmodri\n|-status|p1b: Jmodri|slp|[from] move: Spore\n|\n|upkeep\n|turn|3\n|\n|t:|1700686977\n|switch|p1b: Flutter Mane|Flutter Mane, L50|100\/100\n|-enditem|p1b: Flutter Mane|Booster Energy\n|-activate|p1b: Flutter Mane|ability: Protosynthesis|[fromitem]\n|-start|p1b: Flutter Mane|protosynthesisspa\n|move|p2b: Amoonguss|Rage Powder|p2b: Amoonguss\n|-singleturn|p2b: Amoonguss|move: Rage Powder\n|move|p1a: Chien-Pao|Icicle Crash|p2b: Amoonguss\n|-resisted|p2b: Amoonguss\n|-damage|p2b: Amoonguss|5\/100\n|move|p2a: Gholdengo|Make It Rain|p1b: Flutter Mane|[spread] p1a,p1b\n|-supereffective|p1a: Chien-Pao\n|-supereffective|p1b: Flutter Mane\n|-enditem|p1a: Chien-Pao|Focus Sash\n|-damage|p1a: Chien-Pao|1\/100\n|-damage|p1b: Flutter Mane|0 fnt\n|-unboost|p2a: Gholdengo|spa|1\n|faint|p1b: Flutter Mane\n|-end|p1b: Flutter Mane|Protosynthesis|[silent]\n|\n|upkeep\n|\n|t:|1700686995\n|switch|p1b: Tornadus|Tornadus, L50, M|73\/100 slp\n|turn|4\n|\n|t:|1700687009\n|move|p2b: Amoonguss|Rage Powder|p2b: Amoonguss\n|-singleturn|p2b: Amoonguss|move: Rage Powder\n|move|p1a: Chien-Pao|Sucker Punch||[still]\n|-fail|p1a: Chien-Pao\n|cant|p1b: Tornadus|slp\n|move|p2a: Gholdengo|Make It Rain|p1a: Chien-Pao|[spread] p1a,p1b\n|-supereffective|p1a: Chien-Pao\n|-damage|p1a: Chien-Pao|0 fnt\n|-damage|p1b: Tornadus|36\/100 slp\n|-unboost|p2a: Gholdengo|spa|1\n|faint|p1a: Chien-Pao\n|\n|upkeep\n|\n|t:|1700687021\n|switch|p1a: Jmodri|Arcanine-Hisui, L50, M, tera:Fairy|85\/100 slp\n|-ability|p1a: Jmodri|Intimidate|boost\n|-unboost|p2a: Gholdengo|atk|1\n|-unboost|p2b: Amoonguss|atk|1\n|turn|5\n|\n|t:|1700687034\n|switch|p2a: Iron Hands|Iron Hands, L50|100\/100\n|switch|p2b: Landorus|Landorus-Therian, L50, M|63\/100\n|-ability|p2b: Landorus|Intimidate|boost\n|-unboost|p1a: Jmodri|atk|1\n|-unboost|p1b: Tornadus|atk|1\n|cant|p1b: Tornadus|slp\n|cant|p1a: Jmodri|slp\n|\n|upkeep\n|turn|6\n|\n|t:|1700687055\n|move|p2b: Landorus|Stomping Tantrum|p1a: Jmodri\n|-damage|p1a: Jmodri|39\/100 slp\n|-curestatus|p1b: Tornadus|slp|[msg]\n|move|p1b: Tornadus|Bleakwind Storm|p2b: Landorus|[spread] p2a\n|-miss|p1b: Tornadus|p2b: Landorus\n|-damage|p2a: Iron Hands|82\/100\n|-curestatus|p1a: Jmodri|slp|[msg]\n|move|p1a: Jmodri|Tera Blast|p2a: Iron Hands|[anim] Tera Blast Fairy\n|-supereffective|p2a: Iron Hands\n|-damage|p2a: Iron Hands|26\/100\n|move|p2a: Iron Hands|Wild Charge|p1b: Tornadus\n|-supereffective|p1b: Tornadus\n|-damage|p1b: Tornadus|0 fnt\n|-damage|p2a: Iron Hands|10\/100|[from] item: Rocky Helmet|[of] p1b: Tornadus\n|faint|p1b: Tornadus\n|-damage|p2a: Iron Hands|3\/100|[from] Recoil\n|\n|upkeep\n|turn|7\n|\n|t:|1700687076\n|-end|p2a: Iron Hands|Quark Drive|[silent]\n|switch|p2a: Amoonguss|Amoonguss, L50, F, tera:Water|38\/100\n|move|p2b: Landorus|Stomping Tantrum|p1a: Jmodri\n|-damage|p1a: Jmodri|0 fnt\n|faint|p1a: Jmodri\n|\n|win|Joltra25\n|l|\u2606Joltra25\n|j|\u2606Joltra25\n|player|p2|Joltra25|lyra\n","uploadtime":1700687237,"views":29,"p1id":"tartadequeixo","p2id":"joltra25","formatid":"gen9vgc2023regulatione","rating":0,"private":0,"password":""}