{"id":"gen9vgc2023regulatione-1994366818","p1":"blue#user24","p2":"BigSteveVGC","format":"[Gen 9] VGC 2023 Regulation E","log":"|j|\u2606blue#user24\n|j|\u2606BigSteveVGC\n|t:|1700435785\n|gametype|doubles\n|player|p1|blue#user24|101|1552\n|player|p2|BigSteveVGC|265|1562\n|teamsize|p1|6\n|teamsize|p2|6\n|gen|9\n|tier|[Gen 9] VGC 2023 Regulation E\n|rated|\n|rule|Species Clause: Limit one of each Pok\u00e9mon\n|rule|Item Clause: Limit one of each item\n|clearpoke\n|poke|p1|Sneasler, L50, M|\n|poke|p1|Indeedee-F, L50, F|\n|poke|p1|Armarouge, L50, M|\n|poke|p1|Urshifu-*, L50, F|\n|poke|p1|Chien-Pao, L50|\n|poke|p1|Tornadus, L50, M|\n|poke|p2|Chi-Yu, L50|\n|poke|p2|Regieleki, L50|\n|poke|p2|Tornadus, L50, M|\n|poke|p2|Landorus, L50, M|\n|poke|p2|Ogerpon-Wellspring, L50, F|\n|poke|p2|Farigiraf, L50, M|\n|teampreview|4\n|j| oherrodersir\n|\n|t:|1700435842\n|start\n|switch|p1a: Tornadus|Tornadus, L50, M|100\/100\n|switch|p1b: Urshifu|Urshifu-Rapid-Strike, L50, F|100\/100\n|switch|p2a: Farigiraf|Farigiraf, L50, M, shiny|100\/100\n|switch|p2b: Regieleki|Regieleki, L50|100\/100\n|turn|1\n|\n|t:|1700435883\n|switch|p2b: Tornadus|Tornadus, L50, M|100\/100\n|move|p1a: Tornadus|Tailwind|p1a: Tornadus\n|-sidestart|p1: blue#user24|move: Tailwind\n|move|p1b: Urshifu|Surging Strikes|p2b: Tornadus\n|-crit|p2b: Tornadus\n|-damage|p2b: Tornadus|72\/100\n|-crit|p2b: Tornadus\n|-damage|p2b: Tornadus|45\/100\n|-crit|p2b: Tornadus\n|-damage|p2b: Tornadus|16\/100\n|-hitcount|p2b: Tornadus|3\n|move|p2a: Farigiraf|Dazzling Gleam|p1b: Urshifu|[spread] p1a,p1b\n|-supereffective|p1b: Urshifu\n|-damage|p1a: Tornadus|77\/100\n|-damage|p1b: Urshifu|51\/100\n|\n|upkeep\n|turn|2\n|\n|t:|1700435916\n|-terastallize|p2a: Farigiraf|Fairy\n|move|p2b: Tornadus|Tailwind|p2b: Tornadus\n|-sidestart|p2: BigSteveVGC|move: Tailwind\n|move|p1b: Urshifu|Surging Strikes|p2a: Farigiraf\n|-crit|p2a: Farigiraf\n|-damage|p2a: Farigiraf|78\/100\n|-damage|p1b: Urshifu|35\/100|[from] item: Rocky Helmet|[of] p2a: Farigiraf\n|-crit|p2a: Farigiraf\n|-damage|p2a: Farigiraf|55\/100\n|-damage|p1b: Urshifu|19\/100|[from] item: Rocky Helmet|[of] p2a: Farigiraf\n|-crit|p2a: Farigiraf\n|-damage|p2a: Farigiraf|35\/100\n|-damage|p1b: Urshifu|2\/100|[from] item: Rocky Helmet|[of] p2a: Farigiraf\n|-hitcount|p2a: Farigiraf|3\n|move|p1a: Tornadus|Bleakwind Storm|p2b: Tornadus|[spread] p2a,p2b\n|-damage|p2a: Farigiraf|0 fnt\n|-damage|p2b: Tornadus|0 fnt\n|faint|p2a: Farigiraf\n|faint|p2b: Tornadus\n|\n|upkeep\n|\n|t:|1700435936\n|switch|p2b: Chi-Yu|Chi-Yu, L50|100\/100\n|switch|p2a: Regieleki|Regieleki, L50|100\/100\n|-ability|p2b: Chi-Yu|Beads of Ruin\n|turn|3\n|\n|t:|1700435956\n|switch|p1b: Sneasler|Sneasler, L50, M|100\/100\n|switch|p1a: Indeedee|Indeedee-F, L50, F|100\/100\n|-fieldstart|move: Psychic Terrain|[from] ability: Psychic Surge|[of] p1a: Indeedee\n|-enditem|p1b: Sneasler|Psychic Seed\n|-boost|p1b: Sneasler|spd|1|[from] item: Psychic Seed\n|move|p2a: Regieleki|Electroweb|p1b: Sneasler|[spread] p1a,p1b\n|-damage|p1a: Indeedee|52\/100\n|-damage|p1b: Sneasler|50\/100\n|-unboost|p1a: Indeedee|spe|1\n|-unboost|p1b: Sneasler|spe|1\n|move|p2b: Chi-Yu|Dark Pulse|p1a: Indeedee\n|-supereffective|p1a: Indeedee\n|-damage|p1a: Indeedee|0 fnt\n|faint|p1a: Indeedee\n|\n|upkeep\n|j| thomas shelby 1\n|\n|t:|1700435981\n|switch|p1a: Tornadus|Tornadus, L50, M|77\/100\n|turn|4\n|l| oherrodersir\n|\n|t:|1700436004\n|move|p1a: Tornadus|Protect|p1a: Tornadus\n|-singleturn|p1a: Tornadus|Protect\n|move|p1b: Sneasler|Protect|p1b: Sneasler\n|-singleturn|p1b: Sneasler|Protect\n|move|p2a: Regieleki|Electroweb|p1a: Tornadus|[spread] \n|-activate|p1a: Tornadus|move: Protect\n|-activate|p1b: Sneasler|move: Protect\n|move|p2b: Chi-Yu|Dark Pulse|p1a: Tornadus\n|-activate|p1a: Tornadus|move: Protect\n|\n|-sideend|p1: blue#user24|move: Tailwind\n|upkeep\n|turn|5\n|\n|t:|1700436036\n|-terastallize|p1b: Sneasler|Rock\n|move|p1a: Tornadus|Tailwind|p1a: Tornadus\n|-sidestart|p1: blue#user24|move: Tailwind\n|move|p2a: Regieleki|Electroweb|p1a: Tornadus|[spread] p1a,p1b\n|-supereffective|p1a: Tornadus\n|-damage|p1a: Tornadus|0 fnt\n|-damage|p1b: Sneasler|2\/100\n|-unboost|p1b: Sneasler|spe|1\n|faint|p1a: Tornadus\n|move|p2b: Chi-Yu|Dark Pulse|p1b: Sneasler\n|-damage|p1b: Sneasler|0 fnt\n|faint|p1b: Sneasler\n|\n|-sideend|p2: BigSteveVGC|move: Tailwind\n|upkeep\n|\n|t:|1700436048\n|switch|p1b: Urshifu|Urshifu-Rapid-Strike, L50, F|2\/100\n|turn|6\n|-message|blue#user24 forfeited.\n|\n|win|BigSteveVGC\n|raw|blue#user24's rating: 1552 &rarr; <strong>1533<\/strong><br \/>(-19 for losing)\n|raw|BigSteveVGC's rating: 1562 &rarr; <strong>1581<\/strong><br \/>(+19 for winning)\n|l|\u2606blue#user24\n","uploadtime":1700436057,"views":8,"p1id":"blueuser24","p2id":"bigstevevgc","formatid":"gen9vgc2023regulatione","rating":1533,"private":0,"password":""}