{"id":"gen9vgc2023regulatione-1996872634","p1":"iMatCia","p2":"KilnFirelinkAlt","format":"[Gen 9] VGC 2023 Regulation E","log":"|j|\u2606iMatCia\n|j|\u2606KilnFirelinkAlt\n|t:|1700738471\n|gametype|doubles\n|player|p1|iMatCia|170|1148\n|player|p2|KilnFirelinkAlt|iris-gen5bw2|1093\n|teamsize|p1|6\n|teamsize|p2|6\n|gen|9\n|tier|[Gen 9] VGC 2023 Regulation E\n|rated|\n|rule|Species Clause: Limit one of each Pok\u00e9mon\n|rule|Item Clause: Limit one of each item\n|clearpoke\n|poke|p1|Ogerpon-Hearthflame, L50, F|\n|poke|p1|Iron Hands, L50|\n|poke|p1|Chien-Pao, L50|\n|poke|p1|Roaring Moon, L50|\n|poke|p1|Flutter Mane, L50|\n|poke|p1|Rillaboom, L50, M|\n|poke|p2|Gengar, L50, M|\n|poke|p2|Gyarados, L50, F|\n|poke|p2|Snorlax, L50, M|\n|poke|p2|Golem, L50, M|\n|poke|p2|Scyther, L50, F|\n|poke|p2|Flareon, L50, M|\n|teampreview|4\n|inactive|Battle timer is ON: inactive players will automatically lose when time's up. (requested by iMatCia)\nKilnFirelinkAlt rejected open team sheets.\n|\n|t:|1700738498\n|start\n|switch|p1a: Rillaboom|Rillaboom, L50, M|100\/100\n|switch|p1b: Ogerpon|Ogerpon-Hearthflame, L50, F|100\/100\n|switch|p2a: Gengar|Gengar, L50, M|100\/100\n|switch|p2b: Snorlax|Snorlax, L50, M|100\/100\n|-ability|p1b: Ogerpon|Mold Breaker\n|-fieldstart|move: Grassy Terrain|[from] ability: Grassy Surge|[of] p1a: Rillaboom\n|turn|1\n|\n|t:|1700738516\n|move|p1b: Ogerpon|Spiky Shield|p1b: Ogerpon\n|-singleturn|p1b: Ogerpon|move: Protect\n|move|p2a: Gengar|Sludge Bomb|p1a: Rillaboom\n|-supereffective|p1a: Rillaboom\n|-damage|p1a: Rillaboom|0 fnt\n|faint|p1a: Rillaboom\n|move|p2b: Snorlax|Yawn|p1b: Ogerpon\n|-activate|p1b: Ogerpon|move: Protect\n|\n|upkeep\n|\n|t:|1700738530\n|switch|p1a: Iron Hands|Iron Hands, L50|100\/100\n|turn|2\n|\n|t:|1700738547\n|-terastallize|p1b: Ogerpon|Fire\n|detailschange|p1b: Ogerpon|Ogerpon-Hearthflame-Tera, L50, F, tera:Fire\n|-ability|p1b: Ogerpon|Embody Aspect (Hearthflame)|boost\n|-boost|p1b: Ogerpon|atk|1\n|-terastallize|p2b: Snorlax|Flying\n|move|p1b: Ogerpon|Stomping Tantrum|p2a: Gengar\n|-supereffective|p2a: Gengar\n|-damage|p2a: Gengar|0 fnt\n|-start|p1b: Ogerpon|Disable|Stomping Tantrum|[from] ability: Cursed Body|[of] p2a: Gengar\n|faint|p2a: Gengar\n|move|p1a: Iron Hands|Drain Punch|p2b: Snorlax\n|-resisted|p2b: Snorlax\n|-damage|p2b: Snorlax|86\/100\n|move|p2b: Snorlax|Yawn|p1a: Iron Hands\n|-start|p1a: Iron Hands|move: Yawn|[of] p2b: Snorlax\n|\n|-heal|p2b: Snorlax|92\/100|[from] item: Leftovers\n|upkeep\n|\n|t:|1700738563\n|switch|p2a: Golem|Golem, L50, M|100\/100\n|turn|3\n|\n|t:|1700738574\n|-end|p1a: Iron Hands|Quark Drive|[silent]\n|switch|p1a: Roaring Moon|Roaring Moon, L50|100\/100\n|-enditem|p1a: Roaring Moon|Booster Energy\n|-activate|p1a: Roaring Moon|ability: Protosynthesis|[fromitem]\n|-start|p1a: Roaring Moon|protosynthesisatk\n|move|p1b: Ogerpon|Grassy Glide|p2a: Golem\n|-supereffective|p2a: Golem\n|-ability|p2a: Golem|Sturdy\n|-damage|p2a: Golem|1\/100\n|move|p2a: Golem|Earthquake|p1a: Roaring Moon|[spread] p1a,p1b\n|-immune|p2b: Snorlax\n|-supereffective|p1b: Ogerpon\n|-damage|p1a: Roaring Moon|60\/100\n|-damage|p1b: Ogerpon|15\/100\n|move|p2b: Snorlax|Yawn|p1b: Ogerpon\n|-start|p1b: Ogerpon|move: Yawn|[of] p2b: Snorlax\n|\n|-heal|p1a: Roaring Moon|67\/100|[from] Grassy Terrain\n|-heal|p1b: Ogerpon|20\/100|[from] Grassy Terrain\n|-heal|p2a: Golem|7\/100|[from] Grassy Terrain\n|-heal|p2b: Snorlax|98\/100|[from] item: Leftovers\n|upkeep\n|turn|4\n|inactive|KilnFirelinkAlt has 30 seconds left.\n|\n|t:|1700738605\n|switch|p1b: Iron Hands|Iron Hands, L50|100\/100\n|move|p1a: Roaring Moon|Breaking Swipe|p2a: Golem|[spread] p2a,p2b\n|-damage|p2a: Golem|0 fnt\n|-damage|p2b: Snorlax|77\/100\n|-unboost|p2b: Snorlax|atk|1\n|faint|p2a: Golem\n|move|p2b: Snorlax|Curse|p2b: Snorlax\n|-unboost|p2b: Snorlax|spe|1\n|-boost|p2b: Snorlax|atk|1\n|-boost|p2b: Snorlax|def|1\n|\n|-heal|p1a: Roaring Moon|73\/100|[from] Grassy Terrain\n|-heal|p2b: Snorlax|83\/100|[from] item: Leftovers\n|upkeep\n|\n|t:|1700738618\n|switch|p2a: Scyther|Scyther, L50, F|100\/100\n|turn|5\n|\n|t:|1700738639\n|move|p1a: Roaring Moon|Breaking Swipe|p2a: Scyther|[spread] p2a,p2b\n|-damage|p2a: Scyther|80\/100\n|-damage|p2b: Snorlax|69\/100\n|-unboost|p2a: Scyther|atk|1\n|-unboost|p2b: Snorlax|atk|1\n|move|p2a: Scyther|Dual Wingbeat|p1b: Iron Hands\n|-damage|p1b: Iron Hands|91\/100\n|-damage|p1b: Iron Hands|81\/100\n|-hitcount|p1b: Iron Hands|2\n|move|p1b: Iron Hands|Wild Charge|p2b: Snorlax\n|-supereffective|p2b: Snorlax\n|-damage|p2b: Snorlax|19\/100\n|-damage|p1b: Iron Hands|68\/100|[from] Recoil\n|move|p2b: Snorlax|Yawn|p1b: Iron Hands\n|-start|p1b: Iron Hands|move: Yawn|[of] p2b: Snorlax\n|\n|-heal|p1a: Roaring Moon|79\/100|[from] Grassy Terrain\n|-heal|p1b: Iron Hands|74\/100|[from] Grassy Terrain\n|-heal|p2b: Snorlax|25\/100|[from] item: Leftovers\n|-fieldend|move: Grassy Terrain\n|upkeep\n|turn|6\n|inactive|iMatCia has 30 seconds left.\n|\n|t:|1700738666\n|-end|p1b: Iron Hands|Quark Drive|[silent]\n|switch|p1b: Ogerpon|Ogerpon-Hearthflame-Tera, L50, F, tera:Fire|20\/100\n|-ability|p1b: Ogerpon|Embody Aspect (Hearthflame)|boost\n|-boost|p1b: Ogerpon|atk|1\n|move|p2b: Snorlax|Protect|p2b: Snorlax\n|-singleturn|p2b: Snorlax|Protect\n|move|p1a: Roaring Moon|Knock Off|p2b: Snorlax\n|-activate|p2b: Snorlax|move: Protect\n|move|p2a: Scyther|Swords Dance|p2a: Scyther\n|-boost|p2a: Scyther|atk|2\n|\n|-heal|p2b: Snorlax|31\/100|[from] item: Leftovers\n|upkeep\n|turn|7\n|inactive|iMatCia has 30 seconds left.\n|\n|t:|1700738694\n|move|p2a: Scyther|Quick Attack|p1b: Ogerpon\n|-damage|p1b: Ogerpon|0 fnt\n|faint|p1b: Ogerpon\n|move|p1a: Roaring Moon|Acrobatics|p2a: Scyther\n|-supereffective|p2a: Scyther\n|-damage|p2a: Scyther|10\/100\n|move|p2b: Snorlax|Ice Punch|p1a: Roaring Moon\n|-supereffective|p1a: Roaring Moon\n|-damage|p1a: Roaring Moon|45\/100\n|\n|-heal|p2b: Snorlax|37\/100|[from] item: Leftovers\n|upkeep\n|\n|t:|1700738705\n|switch|p1b: Iron Hands|Iron Hands, L50|74\/100\n|turn|8\n|inactive|iMatCia has 30 seconds left.\n|\n|t:|1700738737\n|move|p2a: Scyther|Quick Attack|p1a: Roaring Moon\n|-damage|p1a: Roaring Moon|15\/100\n|move|p1a: Roaring Moon|Breaking Swipe|p2b: Snorlax|[spread] p2a,p2b\n|-damage|p2a: Scyther|0 fnt\n|-damage|p2b: Snorlax|22\/100\n|-unboost|p2b: Snorlax|atk|1\n|faint|p2a: Scyther\n|move|p1b: Iron Hands|Wild Charge|p2b: Snorlax\n|-supereffective|p2b: Snorlax\n|-damage|p2b: Snorlax|0 fnt\n|faint|p2b: Snorlax\n|-damage|p1b: Iron Hands|69\/100|[from] Recoil\n|\n|win|iMatCia\n|raw|iMatCia's rating: 1148 &rarr; <strong>1169<\/strong><br \/>(+21 for winning)\n|raw|KilnFirelinkAlt's rating: 1093 &rarr; <strong>1073<\/strong><br \/>(-20 for losing)\n","uploadtime":1700738750,"views":11,"p1id":"imatcia","p2id":"kilnfirelinkalt","formatid":"gen9vgc2023regulatione","rating":1073,"private":0,"password":""}