{"id":"gen9vgc2023regulatione-1990163411","p1":"Riodiculous81","p2":"TyL8","format":"[Gen 9] VGC 2023 Regulation E","log":"|j|\u2606Riodiculous81\n|j|\u2606TyL8\n|t:|1699931583\n|gametype|doubles\n|player|p1|Riodiculous81|101|1237\n|player|p2|TyL8|dawn|1339\n|teamsize|p1|6\n|teamsize|p2|6\n|gen|9\n|tier|[Gen 9] VGC 2023 Regulation E\n|rated|\n|rule|Species Clause: Limit one of each Pok\u00e9mon\n|rule|Item Clause: Limit one of each item\n|clearpoke\n|poke|p1|Tornadus, L50, M|\n|poke|p1|Flutter Mane, L50|\n|poke|p1|Urshifu-*, L50, M|\n|poke|p1|Regidrago, L50|\n|poke|p1|Scizor, L50, F|\n|poke|p1|Ogerpon-Hearthflame, L50, F|\n|poke|p2|Goodra-Hisui, L50, F|\n|poke|p2|Arcanine-Hisui, L50, M|\n|poke|p2|Amoonguss, L50, F|\n|poke|p2|Cresselia, L50, F|\n|poke|p2|Gyarados, L50, F|\n|poke|p2|Tyranitar, L50, F|\n|teampreview|4\n|inactive|Battle timer is ON: inactive players will automatically lose when time's up. (requested by TyL8)\n|inactive|Riodiculous81 has 60 seconds left.\n|\n|t:|1699931633\n|start\n|switch|p1a: Flutter Mane|Flutter Mane, L50|100\/100\n|switch|p1b: Regidrago|Regidrago, L50|100\/100\n|switch|p2a: Big Dragon Thing|Gyarados, L50, F, shiny|100\/100\n|switch|p2b: Big Slug|Goodra-Hisui, L50, F, shiny|100\/100\n|-ability|p2a: Big Dragon Thing|Intimidate|boost\n|-unboost|p1a: Flutter Mane|atk|1\n|-unboost|p1b: Regidrago|atk|1\n|-enditem|p1a: Flutter Mane|Booster Energy\n|-activate|p1a: Flutter Mane|ability: Protosynthesis|[fromitem]\n|-start|p1a: Flutter Mane|protosynthesisspa\n|turn|1\n|inactive|Riodiculous81 has 30 seconds left.\n|inactive|TyL8 has 30 seconds left.\n|\n|t:|1699931668\n|-terastallize|p1a: Flutter Mane|Electric\n|move|p2b: Big Slug|Protect|p2b: Big Slug\n|-singleturn|p2b: Big Slug|Protect\n|move|p1a: Flutter Mane|Thunderbolt|p2a: Big Dragon Thing\n|-supereffective|p2a: Big Dragon Thing\n|-damage|p2a: Big Dragon Thing|0 fnt\n|faint|p2a: Big Dragon Thing\n|move|p1b: Regidrago|Dragon Energy|p2b: Big Slug\n|-activate|p2b: Big Slug|move: Protect\n|\n|upkeep\n|\n|t:|1699931684\n|switch|p2a: Big Sus Impostor|Amoonguss, L50, F, shiny|100\/100\n|turn|2\n|\n|t:|1699931709\n|-terastallize|p2b: Big Slug|Fairy\n|move|p1a: Flutter Mane|Dazzling Gleam|p2a: Big Sus Impostor|[spread] p2a,p2b\n|-resisted|p2a: Big Sus Impostor\n|-damage|p2a: Big Sus Impostor|85\/100\n|-damage|p2b: Big Slug|76\/100\n|move|p1b: Regidrago|Dragon Energy|p2a: Big Sus Impostor|[spread] p2a\n|-immune|p2b: Big Slug\n|-damage|p2a: Big Sus Impostor|2\/100\n|move|p2b: Big Slug|Acid Armor|p2b: Big Slug\n|-boost|p2b: Big Slug|def|2\n|move|p2a: Big Sus Impostor|Spore|p1a: Flutter Mane\n|-status|p1a: Flutter Mane|slp|[from] move: Spore\n|\n|-heal|p2b: Big Slug|82\/100|[from] item: Leftovers\n|-heal|p2a: Big Sus Impostor|8\/100|[from] item: Black Sludge\n|upkeep\n|turn|3\n|inactive|Riodiculous81 has 30 seconds left.\n|inactive|Riodiculous81 has 20 seconds left.\n|inactive|Riodiculous81 has 15 seconds left.\n|\n|t:|1699931752\n|switch|p1b: Scizor|Scizor, L50, F|100\/100\n|cant|p1a: Flutter Mane|slp\n|move|p2b: Big Slug|Acid Armor|p2b: Big Slug\n|-boost|p2b: Big Slug|def|2\n|move|p2a: Big Sus Impostor|Spore|p1b: Scizor\n|-status|p1b: Scizor|slp|[from] move: Spore\n|\n|-heal|p2b: Big Slug|88\/100|[from] item: Leftovers\n|-heal|p2a: Big Sus Impostor|14\/100|[from] item: Black Sludge\n|upkeep\n|turn|4\n|\n|t:|1699931769\n|switch|p2a: Big Moon|Cresselia, L50, F|100\/100\n|cant|p1b: Scizor|slp\n|cant|p1a: Flutter Mane|slp\n|move|p2b: Big Slug|Acid Armor|p2b: Big Slug\n|-boost|p2b: Big Slug|def|2\n|\n|-heal|p2b: Big Slug|94\/100|[from] item: Leftovers\n|upkeep\n|turn|5\n|\n|t:|1699931790\n|cant|p1b: Scizor|slp\n|-curestatus|p1a: Flutter Mane|slp|[msg]\n|move|p1a: Flutter Mane|Mystical Fire|p2b: Big Slug\n|-damage|p2b: Big Slug|71\/100\n|-unboost|p2b: Big Slug|spa|1\n|move|p2b: Big Slug|Body Press|p1a: Flutter Mane\n|-damage|p1a: Flutter Mane|0 fnt\n|faint|p1a: Flutter Mane\n|-end|p1a: Flutter Mane|Protosynthesis|[silent]\n|move|p2a: Big Moon|Trick Room|p2a: Big Moon\n|-fieldstart|move: Trick Room|[of] p2a: Big Moon\n|\n|-heal|p2b: Big Slug|76\/100|[from] item: Leftovers\n|upkeep\n|inactive|Riodiculous81 has 30 seconds left.\n|\n|t:|1699931820\n|switch|p1a: Regidrago|Regidrago, L50|100\/100\n|turn|6\n|\n|t:|1699931838\n|move|p1a: Regidrago|Protect|p1a: Regidrago\n|-singleturn|p1a: Regidrago|Protect\n|-curestatus|p1b: Scizor|slp|[msg]\n|move|p1b: Scizor|Bullet Punch|p2b: Big Slug\n|-supereffective|p2b: Big Slug\n|-damage|p2b: Big Slug|56\/100\n|move|p2b: Big Slug|Body Press|p1a: Regidrago\n|-activate|p1a: Regidrago|move: Protect\n|move|p2a: Big Moon|Lunar Blessing|p2a: Big Moon|[spread] p2a,p2b\n|-heal|p2b: Big Slug|81\/100\n|\n|-heal|p2b: Big Slug|87\/100|[from] item: Leftovers\n|upkeep\n|turn|7\n|inactive|Riodiculous81 has 30 seconds left.\n|inactive|Riodiculous81 has 20 seconds left.\n|\n|t:|1699931874\n|move|p2b: Big Slug|Body Press|p1a: Regidrago\n|-damage|p1a: Regidrago|19\/100\n|move|p1b: Scizor|Bug Bite|p2a: Big Moon\n|-supereffective|p2a: Big Moon\n|-damage|p2a: Big Moon|40\/100\n|move|p1a: Regidrago|Dragon Pulse|p2a: Big Moon\n|-damage|p2a: Big Moon|0 fnt\n|faint|p2a: Big Moon\n|\n|-heal|p2b: Big Slug|92\/100|[from] item: Leftovers\n|upkeep\n|c|\u2606TyL8|this thing is so good lol\n|\n|t:|1699931884\n|switch|p2a: Big Sus Impostor|Amoonguss, L50, F, shiny|48\/100\n|turn|8\n|inactive|Riodiculous81 has 30 seconds left.\n|c|\u2606TyL8|wait u aint choice band?\n|c|\u2606TyL8|my calc sucks\n|inactive|Riodiculous81 has 20 seconds left.\n|inactive|Riodiculous81 has 15 seconds left.\n|inactive|Riodiculous81 has 10 seconds left.\n|inactive|Riodiculous81 has 5 seconds left.\n|\n|t:|1699931938\n|move|p1b: Scizor|Protect|p1b: Scizor\n|-singleturn|p1b: Scizor|Protect\n|move|p1a: Regidrago|Protect|p1a: Regidrago\n|-singleturn|p1a: Regidrago|Protect\n|move|p2a: Big Sus Impostor|Spore|p1a: Regidrago\n|-activate|p1a: Regidrago|move: Protect\n|move|p2b: Big Slug|Body Press|p1b: Scizor\n|-activate|p1b: Scizor|move: Protect\n|\n|-heal|p2a: Big Sus Impostor|54\/100|[from] item: Black Sludge\n|-heal|p2b: Big Slug|98\/100|[from] item: Leftovers\n|upkeep\n|turn|9\n|c|\u2606TyL8|it said off of the bullet punch u gotta be band\n|inactive|Riodiculous81 has 30 seconds left.\n|\n|t:|1699931965\n|move|p1b: Scizor|Bullet Punch|p2a: Big Sus Impostor\n|-damage|p2a: Big Sus Impostor|18\/100\n|move|p2a: Big Sus Impostor|Spore|p1a: Regidrago\n|-status|p1a: Regidrago|slp|[from] move: Spore\n|move|p2b: Big Slug|Body Press|p1b: Scizor\n|-damage|p1b: Scizor|15\/100\n|cant|p1a: Regidrago|slp\n|\n|-heal|p2a: Big Sus Impostor|24\/100|[from] item: Black Sludge\n|-heal|p2b: Big Slug|100\/100|[from] item: Leftovers\n|-fieldend|move: Trick Room\n|upkeep\n|turn|10\n|inactive|Riodiculous81 has 30 seconds left.\n|inactive|Riodiculous81 has 20 seconds left.\n|c|\u2606TyL8|r u mono dragon on regidrago?\n|inactive|Riodiculous81 has 15 seconds left.\n|inactive|Riodiculous81 has 10 seconds left.\n|\n|t:|1699932014\n|move|p2a: Big Sus Impostor|Protect|p2a: Big Sus Impostor\n|-singleturn|p2a: Big Sus Impostor|Protect\n|cant|p1a: Regidrago|slp\n|move|p1b: Scizor|Bug Bite|p2a: Big Sus Impostor\n|-activate|p2a: Big Sus Impostor|move: Protect\n|move|p2b: Big Slug|Body Press|p1b: Scizor\n|-damage|p1b: Scizor|0 fnt\n|faint|p1b: Scizor\n|\n|-heal|p2a: Big Sus Impostor|30\/100|[from] item: Black Sludge\n|upkeep\n|\n|t:|1699932027\n|switch|p1b: Urshifu|Urshifu-Rapid-Strike, L50, M|100\/100\n|turn|11\n|inactive|Riodiculous81 has 30 seconds left.\n|c|\u2606TyL8|omg\n|c|\u2606TyL8|my calc is so bad\n|inactive|Riodiculous81 has 20 seconds left.\n|c|\u2606TyL8|it thinks ur the other urshifu\n|c|\u2606TyL8|lol\n|inactive|Riodiculous81 has 15 seconds left.\n|\n|t:|1699932070\n|move|p1b: Urshifu|Poison Jab|p2b: Big Slug\n|-supereffective|p2b: Big Slug\n|-damage|p2b: Big Slug|87\/100\n|-curestatus|p1a: Regidrago|slp|[msg]\n|move|p1a: Regidrago|Dragon Pulse|p2a: Big Sus Impostor\n|-damage|p2a: Big Sus Impostor|0 fnt\n|faint|p2a: Big Sus Impostor\n|move|p2b: Big Slug|Body Press|p1b: Urshifu\n|-damage|p1b: Urshifu|22\/100\n|\n|-heal|p2b: Big Slug|92\/100|[from] item: Leftovers\n|upkeep\n|turn|12\n|c|\u2606TyL8|I just got this thing like 10 mins ago\n|c|\u2606TyL8|and its not helping\n|inactive|Riodiculous81 has 30 seconds left.\n|\n|t:|1699932094\n|move|p2b: Big Slug|Protect|p2b: Big Slug\n|-singleturn|p2b: Big Slug|Protect\n|move|p1b: Urshifu|Surging Strikes|p2b: Big Slug\n|-damage|p2b: Big Slug|89\/100\n|-damage|p2b: Big Slug|86\/100\n|-damage|p2b: Big Slug|82\/100\n|-hitcount|p2b: Big Slug|3\n|move|p1a: Regidrago|Tera Blast|p2b: Big Slug\n|-activate|p2b: Big Slug|move: Protect\n|\n|-heal|p2b: Big Slug|88\/100|[from] item: Leftovers\n|upkeep\n|turn|13\n|inactive|Riodiculous81 has 30 seconds left this turn.\n|inactive|Riodiculous81 has 20 seconds left.\n|inactive|Riodiculous81 has 15 seconds left.\n|inactive|Riodiculous81 has 10 seconds left.\n|\n|t:|1699932118\n|move|p1b: Urshifu|Poison Jab|p2b: Big Slug\n|-supereffective|p2b: Big Slug\n|-damage|p2b: Big Slug|74\/100\n|move|p1a: Regidrago|Tera Blast|p2b: Big Slug\n|-damage|p2b: Big Slug|57\/100\n|move|p2b: Big Slug|Body Press|p1b: Urshifu\n|-damage|p1b: Urshifu|0 fnt\n|faint|p1b: Urshifu\n|\n|-heal|p2b: Big Slug|63\/100|[from] item: Leftovers\n|upkeep\n|turn|14\n|inactive|Riodiculous81 has 10 seconds left this turn.\n|inactive|Riodiculous81 has 5 seconds left.\n|-message|Riodiculous81 lost due to inactivity.\n|\n|win|TyL8\n|raw|Riodiculous81's rating: 1237 &rarr; <strong>1219<\/strong><br \/>(-18 for losing)\n|raw|TyL8's rating: 1339 &rarr; <strong>1353<\/strong><br \/>(+14 for winning)\n|c|\u2606TyL8|gg\n|l|\u2606Riodiculous81\n","uploadtime":1699932137,"views":9,"p1id":"riodiculous81","p2id":"tyl8","formatid":"gen9vgc2023regulatione","rating":1219,"private":0,"password":""}