{"id":"gen9vgc2023regulatione-1994031927","p1":"Morbidzeus","p2":"GroundNecton","format":"[Gen 9] VGC 2023 Regulation E","log":"|j|\u2606Morbidzeus\n|j|\u2606GroundNecton\n|t:|1700396896\n|gametype|doubles\n|player|p1|Morbidzeus|101|1323\n|player|p2|GroundNecton|aaron|1333\n|teamsize|p1|6\n|teamsize|p2|6\n|gen|9\n|tier|[Gen 9] VGC 2023 Regulation E\n|rated|\n|rule|Species Clause: Limit one of each Pok\u00e9mon\n|rule|Item Clause: Limit one of each item\n|clearpoke\n|poke|p1|Gholdengo, L50|\n|poke|p1|Chien-Pao, L50|\n|poke|p1|Landorus-Therian, L50, M|\n|poke|p1|Farigiraf, L50, M|\n|poke|p1|Iron Hands, L50|\n|poke|p1|Ogerpon-Hearthflame, L50, F|\n|poke|p2|Chien-Pao, L50|\n|poke|p2|Urshifu-*, L50, M|\n|poke|p2|Chi-Yu, L50|\n|poke|p2|Flutter Mane, L50|\n|poke|p2|Dragonite, L50, M|\n|poke|p2|Rillaboom, L50, F|\n|teampreview|4\n|inactive|Battle timer is ON: inactive players will automatically lose when time's up. (requested by Morbidzeus)\n|inactive|Morbidzeus has 60 seconds left.\n|\n|t:|1700396931\n|start\n|switch|p1a: Farigiraf|Farigiraf, L50, M, shiny|100\/100\n|switch|p1b: Gholdengo|Gholdengo, L50, shiny|100\/100\n|switch|p2a: \ub0a0\uac1c\uce58\ub294\uba38\ub9ac|Flutter Mane, L50|100\/100\n|switch|p2b: \uc704\uc720\uc774|Chi-Yu, L50|100\/100\n|-ability|p2b: \uc704\uc720\uc774|Beads of Ruin\n|-enditem|p2a: \ub0a0\uac1c\uce58\ub294\uba38\ub9ac|Booster Energy\n|-activate|p2a: \ub0a0\uac1c\uce58\ub294\uba38\ub9ac|ability: Protosynthesis|[fromitem]\n|-start|p2a: \ub0a0\uac1c\uce58\ub294\uba38\ub9ac|protosynthesisspe\n|turn|1\n|inactive|Morbidzeus has 30 seconds left.\n|inactive|Morbidzeus has 20 seconds left.\n|inactive|Morbidzeus has 15 seconds left.\n|\n|t:|1700396974\n|-terastallize|p1b: Gholdengo|Dragon\n|move|p1a: Farigiraf|Protect|p1a: Farigiraf\n|-singleturn|p1a: Farigiraf|Protect\n|move|p2a: \ub0a0\uac1c\uce58\ub294\uba38\ub9ac|Taunt|p1a: Farigiraf\n|-activate|p1a: Farigiraf|move: Protect\n|move|p2b: \uc704\uc720\uc774|Snarl|p1b: Gholdengo|[spread] p1b\n|-activate|p1a: Farigiraf|move: Protect\n|-damage|p1b: Gholdengo|70\/100\n|-unboost|p1b: Gholdengo|spa|1\n|move|p1b: Gholdengo|Make It Rain|p2b: \uc704\uc720\uc774|[spread] p2a,p2b\n|-supereffective|p2a: \ub0a0\uac1c\uce58\ub294\uba38\ub9ac\n|-resisted|p2b: \uc704\uc720\uc774\n|-damage|p2a: \ub0a0\uac1c\uce58\ub294\uba38\ub9ac|33\/100\n|-damage|p2b: \uc704\uc720\uc774|84\/100\n|-unboost|p1b: Gholdengo|spa|1\n|\n|upkeep\n|turn|2\n|inactive|Morbidzeus has 30 seconds left.\n|inactive|Morbidzeus has 20 seconds left.\n|\n|t:|1700397010\n|switch|p1a: Iron Hands|Iron Hands, L50, shiny|100\/100\n|move|p1b: Gholdengo|Protect|p1b: Gholdengo\n|-singleturn|p1b: Gholdengo|Protect\n|move|p2a: \ub0a0\uac1c\uce58\ub294\uba38\ub9ac|Moonblast|p1b: Gholdengo\n|-activate|p1b: Gholdengo|move: Protect\n|move|p2b: \uc704\uc720\uc774|Snarl|p1a: Iron Hands|[spread] p1a\n|-activate|p1b: Gholdengo|move: Protect\n|-resisted|p1a: Iron Hands\n|-damage|p1a: Iron Hands|83\/100\n|-unboost|p1a: Iron Hands|spa|1\n|\n|-heal|p1a: Iron Hands|89\/100|[from] item: Leftovers\n|upkeep\n|turn|3\n|inactive|GroundNecton has 30 seconds left.\n|inactive|GroundNecton has 20 seconds left.\n|inactive|GroundNecton has 15 seconds left.\n|\n|t:|1700397052\n|switch|p2b: \uc6b0\ub77c\uc624\uc2a4|Urshifu-Rapid-Strike, L50, M|100\/100\n|switch|p1b: Ogerpon|Ogerpon-Hearthflame, L50, F|100\/100\n|-ability|p1b: Ogerpon|Mold Breaker\n|move|p2a: \ub0a0\uac1c\uce58\ub294\uba38\ub9ac|Moonblast|p1a: Iron Hands\n|-supereffective|p1a: Iron Hands\n|-damage|p1a: Iron Hands|24\/100\n|move|p1a: Iron Hands|Drain Punch|p2b: \uc6b0\ub77c\uc624\uc2a4\n|-damage|p2b: \uc6b0\ub77c\uc624\uc2a4|68\/100\n|-heal|p1a: Iron Hands|35\/100|[from] drain|[of] p2b: \uc6b0\ub77c\uc624\uc2a4\n|\n|-heal|p1a: Iron Hands|41\/100|[from] item: Leftovers\n|upkeep\n|turn|4\n|inactive|Morbidzeus has 30 seconds left.\n|inactive|GroundNecton has 30 seconds left.\n|inactive|Morbidzeus has 20 seconds left.\n|inactive|Morbidzeus has 15 seconds left.\n|\n|t:|1700397099\n|-end|p1a: Iron Hands|Quark Drive|[silent]\n|switch|p1a: Farigiraf|Farigiraf, L50, M, shiny|100\/100\n|move|p2a: \ub0a0\uac1c\uce58\ub294\uba38\ub9ac|Icy Wind|p1b: Ogerpon|[spread] p1a,p1b\n|-damage|p1a: Farigiraf|86\/100\n|-damage|p1b: Ogerpon|87\/100\n|-unboost|p1a: Farigiraf|spe|1\n|-unboost|p1b: Ogerpon|spe|1\n|move|p2b: \uc6b0\ub77c\uc624\uc2a4|Surging Strikes|p1b: Ogerpon\n|-crit|p1b: Ogerpon\n|-damage|p1b: Ogerpon|58\/100\n|-crit|p1b: Ogerpon\n|-damage|p1b: Ogerpon|26\/100\n|-crit|p1b: Ogerpon\n|-damage|p1b: Ogerpon|0 fnt\n|faint|p1b: Ogerpon\n|-hitcount|p1: Ogerpon|3\n|\n|upkeep\n|\n|t:|1700397116\n|switch|p1b: Iron Hands|Iron Hands, L50, shiny|41\/100\n|turn|5\n|inactive|GroundNecton has 30 seconds left.\n|\n|t:|1700397150\n|move|p1b: Iron Hands|Fake Out|p2b: \uc6b0\ub77c\uc624\uc2a4\n|-damage|p2b: \uc6b0\ub77c\uc624\uc2a4|55\/100\n|move|p2a: \ub0a0\uac1c\uce58\ub294\uba38\ub9ac|Moonblast|p1b: Iron Hands\n|-supereffective|p1b: Iron Hands\n|-damage|p1b: Iron Hands|0 fnt\n|faint|p1b: Iron Hands\n|-end|p1b: Iron Hands|Quark Drive|[silent]\n|cant|p2b: \uc6b0\ub77c\uc624\uc2a4|flinch\n|move|p1a: Farigiraf|Trick Room|p1a: Farigiraf\n|-fieldstart|move: Trick Room|[of] p1a: Farigiraf\n|\n|upkeep\n|\n|t:|1700397161\n|switch|p1b: Gholdengo|Gholdengo, L50, shiny, tera:Dragon|70\/100\n|turn|6\n|inactive|GroundNecton has 30 seconds left.\n|\n|t:|1700397194\n|move|p1a: Farigiraf|Psychic|p2b: \uc6b0\ub77c\uc624\uc2a4\n|-supereffective|p2b: \uc6b0\ub77c\uc624\uc2a4\n|-damage|p2b: \uc6b0\ub77c\uc624\uc2a4|0 fnt\n|faint|p2b: \uc6b0\ub77c\uc624\uc2a4\n|move|p1b: Gholdengo|Make It Rain|p2a: \ub0a0\uac1c\uce58\ub294\uba38\ub9ac\n|-supereffective|p2a: \ub0a0\uac1c\uce58\ub294\uba38\ub9ac\n|-damage|p2a: \ub0a0\uac1c\uce58\ub294\uba38\ub9ac|0 fnt\n|-unboost|p1b: Gholdengo|spa|1\n|faint|p2a: \ub0a0\uac1c\uce58\ub294\uba38\ub9ac\n|-end|p2a: \ub0a0\uac1c\uce58\ub294\uba38\ub9ac|Protosynthesis|[silent]\n|\n|upkeep\n|\n|t:|1700397204\n|switch|p2b: \uc704\uc720\uc774|Chi-Yu, L50|84\/100\n|switch|p2a: \uace0\ub9b4\ud0c0|Rillaboom, L50, F|100\/100\n|-fieldstart|move: Grassy Terrain|[from] ability: Grassy Surge|[of] p2a: \uace0\ub9b4\ud0c0\n|-ability|p2b: \uc704\uc720\uc774|Beads of Ruin\n|turn|7\n|inactive|GroundNecton has 30 seconds left.\n|\n|t:|1700397233\n|-terastallize|p2a: \uace0\ub9b4\ud0c0|Fire\n|move|p1a: Farigiraf|Psychic|p2a: \uace0\ub9b4\ud0c0\n|-damage|p2a: \uace0\ub9b4\ud0c0|35\/100\n|move|p1b: Gholdengo|Nasty Plot|p1b: Gholdengo\n|-boost|p1b: Gholdengo|spa|2\n|move|p2a: \uace0\ub9b4\ud0c0|Drum Beating|p1a: Farigiraf\n|-damage|p1a: Farigiraf|18\/100\n|-unboost|p1a: Farigiraf|spe|1\n|move|p2b: \uc704\uc720\uc774|Dark Pulse|p1b: Gholdengo\n|-damage|p1b: Gholdengo|3\/100\n|-enditem|p1b: Gholdengo|Sitrus Berry|[eat]\n|-heal|p1b: Gholdengo|27\/100|[from] item: Sitrus Berry\n|\n|-heal|p1a: Farigiraf|24\/100|[from] Grassy Terrain\n|-heal|p1b: Gholdengo|33\/100|[from] Grassy Terrain\n|-heal|p2a: \uace0\ub9b4\ud0c0|41\/100|[from] Grassy Terrain\n|-heal|p2b: \uc704\uc720\uc774|91\/100|[from] Grassy Terrain\n|upkeep\n|turn|8\n|inactive|Morbidzeus has 30 seconds left.\n|inactive|GroundNecton has 30 seconds left.\n|\n|t:|1700397266\n|move|p1a: Farigiraf|Psychic|p2a: \uace0\ub9b4\ud0c0\n|-damage|p2a: \uace0\ub9b4\ud0c0|0 fnt\n|faint|p2a: \uace0\ub9b4\ud0c0\n|move|p1b: Gholdengo|Make It Rain|p2b: \uc704\uc720\uc774\n|-resisted|p2b: \uc704\uc720\uc774\n|-damage|p2b: \uc704\uc720\uc774|42\/100\n|-unboost|p1b: Gholdengo|spa|1\n|move|p2b: \uc704\uc720\uc774|Dark Pulse|p1b: Gholdengo\n|-damage|p1b: Gholdengo|0 fnt\n|faint|p1b: Gholdengo\n|\n|-heal|p1a: Farigiraf|30\/100|[from] Grassy Terrain\n|-heal|p2b: \uc704\uc720\uc774|49\/100|[from] Grassy Terrain\n|upkeep\n|turn|9\n|\n|t:|1700397284\n|move|p1a: Farigiraf|Dazzling Gleam|p2b: \uc704\uc720\uc774\n|-damage|p2b: \uc704\uc720\uc774|20\/100\n|move|p2b: \uc704\uc720\uc774|Dark Pulse|p1a: Farigiraf\n|-supereffective|p1a: Farigiraf\n|-damage|p1a: Farigiraf|0 fnt\n|faint|p1a: Farigiraf\n|\n|win|GroundNecton\n|raw|Morbidzeus's rating: 1323 &rarr; <strong>1304<\/strong><br \/>(-19 for losing)\n|raw|GroundNecton's rating: 1333 &rarr; <strong>1352<\/strong><br \/>(+19 for winning)\n|l|\u2606Morbidzeus\n","uploadtime":1700397293,"views":6,"p1id":"morbidzeus","p2id":"groundnecton","formatid":"gen9vgc2023regulatione","rating":1304,"private":0,"password":""}