{"id":"gen9vgc2023regulatione-1988491199","p1":"Kzjrhk","p2":"filthytrashgoblin","format":"[Gen 9] VGC 2023 Regulation E","log":"|j|\u2606Kzjrhk\n|j|\u2606filthytrashgoblin\n|t:|1699728629\n|gametype|doubles\n|player|p1|Kzjrhk|lance|1044\n|player|p2|filthytrashgoblin|ghetsis|1127\n|teamsize|p1|6\n|teamsize|p2|6\n|gen|9\n|tier|[Gen 9] VGC 2023 Regulation E\n|rated|\n|rule|Species Clause: Limit one of each Pok\u00e9mon\n|rule|Item Clause: Limit one of each item\n|clearpoke\n|poke|p1|Flutter Mane, L50|\n|poke|p1|Tornadus, L50, M|\n|poke|p1|Rillaboom, L50, F|\n|poke|p1|Garganacl, L50, M|\n|poke|p1|Arcanine-Hisui, L50, M|\n|poke|p1|Chien-Pao, L50|\n|poke|p2|Cresselia, L50, F|\n|poke|p2|Urshifu-*, L50, F|\n|poke|p2|Ogerpon-Hearthflame, L50, F|\n|poke|p2|Flutter Mane, L50|\n|poke|p2|Landorus-Therian, L50, M|\n|poke|p2|Heatran, L50, F|\n|teampreview|4\n|inactive|Battle timer is ON: inactive players will automatically lose when time's up. (requested by filthytrashgoblin)\nfilthytrashgoblin has agreed to open team sheets.\n|\n|t:|1699728648\n|start\n|switch|p1a: Tornadus|Tornadus, L50, M|100\/100\n|switch|p1b: Garganacl|Garganacl, L50, M|100\/100\n|switch|p2a: poyo!!|Ogerpon-Hearthflame, L50, F|100\/100\n|switch|p2b: DOG|Landorus-Therian, L50, M|100\/100\n|-ability|p2b: DOG|Intimidate|boost\n|-unboost|p1a: Tornadus|atk|1\n|-unboost|p1b: Garganacl|atk|1\n|-ability|p2a: poyo!!|Mold Breaker\n|turn|1\n|\n|t:|1699728666\n|move|p1b: Garganacl|Protect|p1b: Garganacl\n|-singleturn|p1b: Garganacl|Protect\n|move|p2b: DOG|Rock Slide|p1b: Garganacl|[spread] p1a\n|-activate|p1b: Garganacl|move: Protect\n|-supereffective|p1a: Tornadus\n|-damage|p1a: Tornadus|50\/100\n|move|p2a: poyo!!|Horn Leech|p1b: Garganacl\n|-activate|p1b: Garganacl|move: Protect\n|move|p1a: Tornadus|Bleakwind Storm|p2b: DOG|[spread] p2a,p2b\n|-supereffective|p2a: poyo!!\n|-damage|p2a: poyo!!|34\/100\n|-damage|p2b: DOG|62\/100\n|-unboost|p2b: DOG|spe|1\n|\n|upkeep\n|turn|2\n|\n|t:|1699728682\n|-terastallize|p1b: Garganacl|Ghost\n|move|p2a: poyo!!|Spiky Shield|p2a: poyo!!\n|-singleturn|p2a: poyo!!|move: Protect\n|move|p1a: Tornadus|Tailwind|p1a: Tornadus\n|-sidestart|p1: Kzjrhk|move: Tailwind\n|move|p2b: DOG|Rock Slide|p1a: Tornadus|[spread] p1a,p1b\n|-supereffective|p1a: Tornadus\n|-damage|p1a: Tornadus|0 fnt\n|-damage|p1b: Garganacl|86\/100\n|faint|p1a: Tornadus\n|cant|p1b: Garganacl|flinch\n|\n|upkeep\n|\n|t:|1699728690\n|switch|p1a: Arcanine|Arcanine-Hisui, L50, M|100\/100\n|-ability|p1a: Arcanine|Intimidate|boost\n|-unboost|p2a: poyo!!|atk|1\n|-unboost|p2b: DOG|atk|1\n|turn|3\n|\n|t:|1699728706\n|move|p1a: Arcanine|Rock Slide|p2a: poyo!!|[spread] p2a\n|-miss|p1a: Arcanine|p2b: DOG\n|-supereffective|p2a: poyo!!\n|-damage|p2a: poyo!!|0 fnt\n|faint|p2a: poyo!!\n|move|p2b: DOG|Rock Slide|p1b: Garganacl|[spread] p1a,p1b\n|-supereffective|p1a: Arcanine\n|-damage|p1a: Arcanine|66\/100\n|-damage|p1b: Garganacl|77\/100\n|move|p1b: Garganacl|Iron Defense|p1b: Garganacl\n|-boost|p1b: Garganacl|def|2\n|\n|upkeep\n|\n|t:|1699728717\n|switch|p2a: floofadoof|Flutter Mane, L50|100\/100\n|-enditem|p2a: floofadoof|Booster Energy\n|-activate|p2a: floofadoof|ability: Protosynthesis|[fromitem]\n|-start|p2a: floofadoof|protosynthesisspe\n|turn|4\n|\n|t:|1699728726\n|switch|p2b: BEAR!!!|Urshifu, L50, F|100\/100\n|move|p1a: Arcanine|Rock Slide|p2a: floofadoof|[spread] p2a,p2b\n|-resisted|p2b: BEAR!!!\n|-damage|p2a: floofadoof|33\/100\n|-damage|p2b: BEAR!!!|80\/100\n|cant|p2a: floofadoof|flinch\n|move|p1b: Garganacl|Salt Cure|p2a: floofadoof\n|-damage|p2a: floofadoof|20\/100\n|-start|p2a: floofadoof|Salt Cure\n|\n|-damage|p2a: floofadoof|8\/100|[from] Salt Cure\n|upkeep\n|turn|5\n|\n|t:|1699728744\n|move|p2b: BEAR!!!|Sucker Punch|p1b: Garganacl\n|-supereffective|p1b: Garganacl\n|-damage|p1b: Garganacl|50\/100\n|-enditem|p1b: Garganacl|Sitrus Berry|[eat]\n|-heal|p1b: Garganacl|75\/100|[from] item: Sitrus Berry\n|move|p1a: Arcanine|Rock Slide|p2a: floofadoof|[spread] p2b\n|-miss|p1a: Arcanine|p2a: floofadoof\n|-resisted|p2b: BEAR!!!\n|-damage|p2b: BEAR!!!|61\/100\n|move|p2a: floofadoof|Shadow Ball|p1b: Garganacl\n|-supereffective|p1b: Garganacl\n|-damage|p1b: Garganacl|49\/100\n|-unboost|p1b: Garganacl|spd|1\n|move|p1b: Garganacl|Salt Cure|p2b: BEAR!!!\n|-resisted|p2b: BEAR!!!\n|-damage|p2b: BEAR!!!|57\/100\n|-start|p2b: BEAR!!!|Salt Cure\n|\n|-damage|p2a: floofadoof|0 fnt|[from] Salt Cure\n|faint|p2a: floofadoof\n|-end|p2a: floofadoof|Protosynthesis|[silent]\n|-damage|p2b: BEAR!!!|44\/100|[from] Salt Cure\n|-sideend|p1: Kzjrhk|move: Tailwind\n|upkeep\n|\n|t:|1699728763\n|switch|p2a: DOG|Landorus-Therian, L50, M|62\/100\n|-ability|p2a: DOG|Intimidate|boost\n|-unboost|p1a: Arcanine|atk|1\n|-unboost|p1b: Garganacl|atk|1\n|turn|6\n|\n|t:|1699728776\n|-terastallize|p2a: DOG|Flying\n|move|p2a: DOG|Stomping Tantrum|p1a: Arcanine\n|-supereffective|p1a: Arcanine\n|-damage|p1a: Arcanine|0 fnt\n|faint|p1a: Arcanine\n|move|p2b: BEAR!!!|Close Combat|p1b: Garganacl\n|-immune|p1b: Garganacl\n|move|p1b: Garganacl|Recover|p1b: Garganacl\n|-heal|p1b: Garganacl|99\/100\n|\n|-damage|p2b: BEAR!!!|32\/100|[from] Salt Cure\n|upkeep\n|\n|t:|1699728784\n|switch|p1a: Chien-Pao|Chien-Pao, L50|100\/100\n|-ability|p1a: Chien-Pao|Sword of Ruin\n|turn|7\n|\n|t:|1699728793\n|move|p1a: Chien-Pao|Sucker Punch|p2b: BEAR!!!\n|-resisted|p2b: BEAR!!!\n|-damage|p2b: BEAR!!!|20\/100\n|move|p2b: BEAR!!!|Sucker Punch|p1b: Garganacl\n|-supereffective|p1b: Garganacl\n|-damage|p1b: Garganacl|63\/100\n|move|p2a: DOG|Stomping Tantrum|p1a: Chien-Pao\n|-damage|p1a: Chien-Pao|46\/100\n|move|p1b: Garganacl|Salt Cure|p2a: DOG\n|-supereffective|p2a: DOG\n|-damage|p2a: DOG|42\/100\n|-start|p2a: DOG|Salt Cure\n|\n|-damage|p2a: DOG|30\/100|[from] Salt Cure\n|-damage|p2b: BEAR!!!|8\/100|[from] Salt Cure\n|upkeep\n|turn|8\n|\n|t:|1699728809\n|move|p1a: Chien-Pao|Sucker Punch|p2b: BEAR!!!\n|-resisted|p2b: BEAR!!!\n|-damage|p2b: BEAR!!!|0 fnt\n|faint|p2b: BEAR!!!\n|move|p2a: DOG|Stomping Tantrum|p1a: Chien-Pao\n|-damage|p1a: Chien-Pao|0 fnt\n|faint|p1a: Chien-Pao\n|move|p1b: Garganacl|Recover|p1b: Garganacl\n|-heal|p1b: Garganacl|100\/100\n|\n|-damage|p2a: DOG|18\/100|[from] Salt Cure\n|upkeep\n|turn|9\n|\n|t:|1699728819\n|move|p1b: Garganacl|Protect|p1b: Garganacl\n|-singleturn|p1b: Garganacl|Protect\n|move|p2a: DOG|Stomping Tantrum|p1b: Garganacl\n|-activate|p1b: Garganacl|move: Protect\n|\n|-damage|p2a: DOG|6\/100|[from] Salt Cure\n|upkeep\n|turn|10\n|\n|t:|1699728827\n|move|p2a: DOG|Stomping Tantrum|p1b: Garganacl\n|-damage|p1b: Garganacl|86\/100\n|move|p1b: Garganacl|Recover|p1b: Garganacl\n|-heal|p1b: Garganacl|100\/100\n|\n|-damage|p2a: DOG|0 fnt|[from] Salt Cure\n|faint|p2a: DOG\n|\n|win|Kzjrhk\n|upkeep\n|raw|Kzjrhk's rating: 1044 &rarr; <strong>1085<\/strong><br \/>(+41 for winning)\n|raw|filthytrashgoblin's rating: 1127 &rarr; <strong>1096<\/strong><br \/>(-31 for losing)\n","uploadtime":1699728830,"views":10,"p1id":"kzjrhk","p2id":"filthytrashgoblin","formatid":"gen9vgc2023regulatione","rating":1085,"private":0,"password":""}