{"id":"gen9vgc2023regulatione-1996699529","p1":"RIKASLOVER","p2":"Hahakalama","format":"[Gen 9] VGC 2023 Regulation E","log":"|j|\u2606RIKASLOVER\n|j|\u2606Hahakalama\n|t:|1700711368\n|gametype|doubles\n|player|p1|RIKASLOVER|cynthia-masters|1044\n|player|p2|Hahakalama|266|1139\n|teamsize|p1|6\n|teamsize|p2|6\n|gen|9\n|tier|[Gen 9] VGC 2023 Regulation E\n|rated|\n|rule|Species Clause: Limit one of each Pok\u00e9mon\n|rule|Item Clause: Limit one of each item\n|clearpoke\n|poke|p1|Tornadus, L50, M|\n|poke|p1|Arcanine-Hisui, L50, F|\n|poke|p1|Iron Hands, L50|\n|poke|p1|Amoonguss, L50, F|\n|poke|p1|Urshifu-*, L50, F|\n|poke|p1|Ogerpon-Wellspring, L50, F|\n|poke|p2|Amoonguss, L50, M|\n|poke|p2|Gholdengo, L50|\n|poke|p2|Salamence, L50, F|\n|poke|p2|Iron Bundle, L50|\n|poke|p2|Iron Hands, L50|\n|poke|p2|Pelipper, L50, F|\n|teampreview|4\n|inactive|Battle timer is ON: inactive players will automatically lose when time's up. (requested by RIKASLOVER)\n|\n|t:|1700711395\n|start\n|switch|p1a: Tornadus|Tornadus, L50, M|100\/100\n|switch|p1b: Arcanine|Arcanine-Hisui, L50, F|100\/100\n|switch|p2a: Salamence|Salamence, L50, F|100\/100\n|switch|p2b: Gholdengo|Gholdengo, L50|100\/100\n|-ability|p2a: Salamence|Intimidate|boost\n|-unboost|p1a: Tornadus|atk|1\n|-unboost|p1b: Arcanine|atk|1\n|-ability|p1b: Arcanine|Intimidate|boost\n|-unboost|p2a: Salamence|atk|1\n|-unboost|p2b: Gholdengo|atk|1\n|turn|1\n|\n|t:|1700711408\n|-terastallize|p2b: Gholdengo|Dragon\n|move|p1a: Tornadus|Tailwind|p1a: Tornadus\n|-sidestart|p1: RIKASLOVER|move: Tailwind\n|move|p1b: Arcanine|Head Smash|p2a: Salamence|[miss]\n|-miss|p1b: Arcanine|p2a: Salamence\n|move|p2a: Salamence|Tailwind|p2a: Salamence\n|-sidestart|p2: Hahakalama|move: Tailwind\n|move|p2b: Gholdengo|Nasty Plot|p2b: Gholdengo\n|-boost|p2b: Gholdengo|spa|2\n|\n|upkeep\n|turn|2\n|\n|t:|1700711421\n|switch|p2a: Pelipper|Pelipper, L50, F|100\/100\n|-weather|RainDance|[from] ability: Drizzle|[of] p2a: Pelipper\n|move|p1b: Arcanine|Head Smash|p2a: Pelipper\n|-supereffective|p2a: Pelipper\n|-enditem|p2a: Pelipper|Focus Sash\n|-damage|p2a: Pelipper|1\/100\n|-damage|p1b: Arcanine|61\/100|[from] Recoil\n|move|p1a: Tornadus|Bleakwind Storm|p2a: Pelipper|[spread] p2a,p2b\n|-damage|p2a: Pelipper|0 fnt\n|-damage|p2b: Gholdengo|56\/100\n|faint|p2a: Pelipper\n|move|p2b: Gholdengo|Make It Rain|p1a: Tornadus|[spread] p1a,p1b\n|-damage|p1a: Tornadus|0 fnt\n|-damage|p1b: Arcanine|0 fnt\n|-unboost|p2b: Gholdengo|spa|1\n|faint|p1a: Tornadus\n|faint|p1b: Arcanine\n|\n|-weather|RainDance|[upkeep]\n|-heal|p2b: Gholdengo|62\/100|[from] item: Leftovers\n|upkeep\n|\n|t:|1700711438\n|switch|p1b: Urshifu|Urshifu, L50, F|100\/100\n|switch|p1a: Iron Hands|Iron Hands, L50|100\/100\n|switch|p2a: Iron Bundle|Iron Bundle, L50|100\/100\n|-enditem|p2a: Iron Bundle|Booster Energy\n|-activate|p2a: Iron Bundle|ability: Quark Drive|[fromitem]\n|-start|p2a: Iron Bundle|quarkdrivespe\n|turn|3\n|\n|t:|1700711451\n|-terastallize|p1b: Urshifu|Dark\n|move|p1a: Iron Hands|Fake Out|p2a: Iron Bundle\n|-damage|p2a: Iron Bundle|88\/100\n|cant|p2a: Iron Bundle|flinch\n|move|p1b: Urshifu|Wicked Blow|p2b: Gholdengo\n|-crit|p2b: Gholdengo\n|-damage|p2b: Gholdengo|0 fnt\n|faint|p2b: Gholdengo\n|\n|-weather|RainDance|[upkeep]\n|upkeep\n|\n|t:|1700711461\n|switch|p2b: Salamence|Salamence, L50, F|100\/100\n|-ability|p2b: Salamence|Intimidate|boost\n|-unboost|p1a: Iron Hands|atk|1\n|-unboost|p1b: Urshifu|atk|1\n|turn|4\n|\n|t:|1700711472\n|move|p1b: Urshifu|Detect|p1b: Urshifu\n|-singleturn|p1b: Urshifu|Protect\n|move|p2a: Iron Bundle|Freeze-Dry|p1b: Urshifu\n|-activate|p1b: Urshifu|move: Protect\n|move|p2b: Salamence|Air Slash|p1a: Iron Hands\n|-damage|p1a: Iron Hands|81\/100\n|cant|p1a: Iron Hands|flinch\n|\n|-weather|RainDance|[upkeep]\n|-sideend|p1: RIKASLOVER|move: Tailwind\n|-sideend|p2: Hahakalama|move: Tailwind\n|upkeep\n|turn|5\n|\n|t:|1700711487\n|move|p2a: Iron Bundle|Freeze-Dry|p1b: Urshifu\n|-damage|p1b: Urshifu|52\/100\n|move|p2b: Salamence|Air Slash|p1a: Iron Hands\n|-damage|p1a: Iron Hands|62\/100\n|move|p1b: Urshifu|Wicked Blow|p2a: Iron Bundle\n|-crit|p2a: Iron Bundle\n|-damage|p2a: Iron Bundle|16\/100\n|move|p1a: Iron Hands|Drain Punch|p2a: Iron Bundle\n|-supereffective|p2a: Iron Bundle\n|-damage|p2a: Iron Bundle|0 fnt\n|-heal|p1a: Iron Hands|67\/100|[from] drain|[of] p2a: Iron Bundle\n|faint|p2a: Iron Bundle\n|-end|p2a: Iron Bundle|Quark Drive|[silent]\n|\n|-weather|RainDance|[upkeep]\n|upkeep\n|turn|6\n|\n|t:|1700711499\n|move|p2b: Salamence|Air Slash|p1b: Urshifu\n|-damage|p1b: Urshifu|0 fnt\n|faint|p1b: Urshifu\n|move|p1a: Iron Hands|Wild Charge|p2b: Salamence\n|-damage|p2b: Salamence|58\/100\n|-damage|p1a: Iron Hands|60\/100|[from] Recoil\n|\n|-weather|none\n|upkeep\n|turn|7\n|\n|t:|1700711505\n|move|p2b: Salamence|Air Slash|p1a: Iron Hands\n|-damage|p1a: Iron Hands|41\/100\n|move|p1a: Iron Hands|Wild Charge|p2b: Salamence\n|-damage|p2b: Salamence|14\/100\n|-damage|p1a: Iron Hands|34\/100|[from] Recoil\n|\n|upkeep\n|turn|8\n|\n|t:|1700711511\n|move|p2b: Salamence|Air Slash|p1a: Iron Hands\n|-damage|p1a: Iron Hands|16\/100\n|move|p1a: Iron Hands|Wild Charge|p2b: Salamence\n|-damage|p2b: Salamence|0 fnt\n|faint|p2b: Salamence\n|-damage|p1a: Iron Hands|14\/100|[from] Recoil\n|\n|win|RIKASLOVER\n|raw|RIKASLOVER's rating: 1044 &rarr; <strong>1086<\/strong><br \/>(+42 for winning)\n|raw|Hahakalama's rating: 1139 &rarr; <strong>1107<\/strong><br \/>(-32 for losing)\n","uploadtime":1700711521,"views":6,"p1id":"rikaslover","p2id":"hahakalama","formatid":"gen9vgc2023regulatione","rating":1086,"private":0,"password":""}