{"id":"gen9vgc2023regulatione-1995100598","p1":"Ogskive","p2":"Perjutsu545","format":"[Gen 9] VGC 2023 Regulation E","log":"|j|\u2606Ogskive\n|j|\u2606Perjutsu545\n|t:|1700522593\n|gametype|doubles\n|player|p1|Ogskive|fisherman-gen4|1154\n|player|p2|Perjutsu545|brawly|1160\n|teamsize|p1|6\n|teamsize|p2|6\n|gen|9\n|tier|[Gen 9] VGC 2023 Regulation E\n|rated|\n|rule|Species Clause: Limit one of each Pok\u00e9mon\n|rule|Item Clause: Limit one of each item\n|clearpoke\n|poke|p1|Ting-Lu, L50|\n|poke|p1|Altaria, L50, F|\n|poke|p1|Drifblim, L50, F|\n|poke|p1|Electrode-Hisui, L50|\n|poke|p1|Rillaboom, L50, M|\n|poke|p1|Maushold-Four, L50|\n|poke|p2|Skeledirge, L50, M|\n|poke|p2|Dusclops, L50, F|\n|poke|p2|Ursaluna-Bloodmoon, L50, M|\n|poke|p2|Iron Hands, L50|\n|poke|p2|Clawitzer, L50, F|\n|poke|p2|Farigiraf, L50, M|\n|teampreview|4\n|inactive|Battle timer is ON: inactive players will automatically lose when time's up. (requested by Ogskive)\n|inactive|Perjutsu545 has 60 seconds left.\n|inactive|Perjutsu545 has 30 seconds left.\n|\n|t:|1700522659\n|start\n|switch|p1a: Rillaboom|Rillaboom, L50, M|100\/100\n|switch|p1b: Maushold|Maushold-Four, L50|100\/100\n|switch|p2a: Iron Hands|Iron Hands, L50|100\/100\n|switch|p2b: Farigiraf|Farigiraf, L50, M|100\/100\n|-fieldstart|move: Grassy Terrain|[from] ability: Grassy Surge|[of] p1a: Rillaboom\n|turn|1\n|inactive|Perjutsu545 has 30 seconds left.\n|\n|t:|1700522690\n|move|p2a: Iron Hands|Fake Out|p1b: Maushold\n|-damage|p1b: Maushold|80\/100\n|cant|p1b: Maushold|flinch\n|move|p1a: Rillaboom|Bullet Seed|p2b: Farigiraf\n|-damage|p2b: Farigiraf|82\/100\n|-damage|p2b: Farigiraf|64\/100\n|-damage|p2b: Farigiraf|46\/100\n|-damage|p2b: Farigiraf|28\/100\n|-hitcount|p2b: Farigiraf|4\n|move|p2b: Farigiraf|Trick Room|p2b: Farigiraf\n|-fieldstart|move: Trick Room|[of] p2b: Farigiraf\n|\n|-heal|p2b: Farigiraf|34\/100|[from] Grassy Terrain\n|-heal|p1b: Maushold|86\/100|[from] Grassy Terrain\n|upkeep\n|turn|2\n|inactive|Perjutsu545 has 30 seconds left.\n|\n|t:|1700522717\n|switch|p2b: Skeledirge|Skeledirge, L50, M|100\/100\n|move|p1b: Maushold|Protect|p1b: Maushold\n|-singleturn|p1b: Maushold|Protect\n|move|p2a: Iron Hands|Drain Punch|p1b: Maushold\n|-activate|p1b: Maushold|move: Protect\n|move|p1a: Rillaboom|Bullet Seed|p2b: Skeledirge\n|-resisted|p2b: Skeledirge\n|-damage|p2b: Skeledirge|92\/100\n|-resisted|p2b: Skeledirge\n|-damage|p2b: Skeledirge|84\/100\n|-resisted|p2b: Skeledirge\n|-damage|p2b: Skeledirge|77\/100\n|-resisted|p2b: Skeledirge\n|-damage|p2b: Skeledirge|69\/100\n|-hitcount|p2b: Skeledirge|4\n|\n|-heal|p2b: Skeledirge|75\/100|[from] Grassy Terrain\n|-heal|p1b: Maushold|91\/100|[from] Grassy Terrain\n|upkeep\n|turn|3\n|\n|t:|1700522739\n|switch|p1b: Altaria|Altaria, L50, F|100\/100\n|-ability|p1b: Altaria|Cloud Nine\n|-terastallize|p1a: Rillaboom|Fire\n|move|p2a: Iron Hands|Drain Punch|p1b: Altaria\n|-resisted|p1b: Altaria\n|-damage|p1b: Altaria|84\/100\n|move|p2b: Skeledirge|Torch Song|p1a: Rillaboom\n|-resisted|p1a: Rillaboom\n|-damage|p1a: Rillaboom|82\/100\n|-boost|p2b: Skeledirge|spa|1\n|move|p1a: Rillaboom|Stomping Tantrum|p2b: Skeledirge\n|-supereffective|p2b: Skeledirge\n|-damage|p2b: Skeledirge|29\/100\n|-enditem|p2b: Skeledirge|Sitrus Berry|[eat]\n|-heal|p2b: Skeledirge|53\/100|[from] item: Sitrus Berry\n|\n|-heal|p2b: Skeledirge|59\/100|[from] Grassy Terrain\n|-heal|p1a: Rillaboom|88\/100|[from] Grassy Terrain\n|upkeep\n|turn|4\n|inactive|Perjutsu545 has 30 seconds left.\n|inactive|Perjutsu545 has 20 seconds left.\n|\n|t:|1700522778\n|-terastallize|p2a: Iron Hands|Fire\n|move|p1a: Rillaboom|Protect|p1a: Rillaboom\n|-singleturn|p1a: Rillaboom|Protect\n|move|p2a: Iron Hands|Thunder Punch|p1b: Altaria\n|-damage|p1b: Altaria|50\/100\n|move|p2b: Skeledirge|Shadow Ball|p1a: Rillaboom\n|-activate|p1a: Rillaboom|move: Protect\n|move|p1b: Altaria|Perish Song|p1b: Altaria\n|-start|p1a: Rillaboom|perish3|[silent]\n|-start|p1b: Altaria|perish3|[silent]\n|-start|p2a: Iron Hands|perish3|[silent]\n|-start|p2b: Skeledirge|perish3|[silent]\n|-fieldactivate|move: Perish Song\n|\n|-heal|p2b: Skeledirge|65\/100|[from] Grassy Terrain\n|-heal|p1a: Rillaboom|94\/100|[from] Grassy Terrain\n|-start|p2a: Iron Hands|perish3\n|-start|p2b: Skeledirge|perish3\n|-start|p1b: Altaria|perish3\n|-start|p1a: Rillaboom|perish3\n|upkeep\n|turn|5\n|\n|t:|1700522804\n|switch|p1a: Ting-Lu|Ting-Lu, L50|100\/100\n|-ability|p1a: Ting-Lu|Vessel of Ruin\n|move|p2a: Iron Hands|Drain Punch|p1a: Ting-Lu\n|-supereffective|p1a: Ting-Lu\n|-damage|p1a: Ting-Lu|59\/100\n|move|p2b: Skeledirge|Shadow Ball|p1a: Ting-Lu\n|-resisted|p1a: Ting-Lu\n|-damage|p1a: Ting-Lu|46\/100\n|move|p1b: Altaria|Roost|p1b: Altaria\n|-heal|p1b: Altaria|100\/100\n|-singleturn|p1b: Altaria|move: Roost\n|\n|-heal|p1a: Ting-Lu|52\/100|[from] Grassy Terrain\n|-heal|p1a: Ting-Lu|58\/100|[from] item: Leftovers\n|-heal|p2b: Skeledirge|71\/100|[from] Grassy Terrain\n|-start|p2a: Iron Hands|perish2\n|-start|p2b: Skeledirge|perish2\n|-start|p1b: Altaria|perish2\n|-fieldend|move: Trick Room\n|-fieldend|move: Grassy Terrain\n|upkeep\n|turn|6\n|\n|t:|1700522829\n|switch|p1b: Rillaboom|Rillaboom, L50, M, tera:Fire|94\/100\n|-fieldstart|move: Grassy Terrain|[from] ability: Grassy Surge|[of] p1b: Rillaboom\n|switch|p2b: Ursaluna|Ursaluna-Bloodmoon, L50, M|100\/100\n|-end|p2a: Iron Hands|Quark Drive|[silent]\n|switch|p2a: Farigiraf|Farigiraf, L50, M|34\/100\n|move|p1a: Ting-Lu|Sand Tomb|p2a: Farigiraf\n|-damage|p2a: Farigiraf|21\/100\n|-activate|p2a: Farigiraf|move: Sand Tomb|[of] p1a: Ting-Lu\n|\n|-heal|p1b: Rillaboom|99\/100|[from] Grassy Terrain\n|-heal|p2a: Farigiraf|27\/100|[from] Grassy Terrain\n|-heal|p1a: Ting-Lu|64\/100|[from] Grassy Terrain\n|-heal|p1a: Ting-Lu|70\/100|[from] item: Leftovers\n|-damage|p2a: Farigiraf|14\/100|[from] move: Sand Tomb|[partiallytrapped]\n|upkeep\n|turn|7\n|inactive|Ogskive has 30 seconds left.\n|inactive|Perjutsu545 has 30 seconds left.\n|inactive|Perjutsu545 has 20 seconds left.\n|inactive|Ogskive has 20 seconds left.\n|inactive|Perjutsu545 has 15 seconds left.\n|inactive|Perjutsu545 has 10 seconds left.\n|\n|t:|1700522879\n|move|p2b: Ursaluna|Protect|p2b: Ursaluna\n|-singleturn|p2b: Ursaluna|Protect\n|move|p1b: Rillaboom|Bullet Seed|p2b: Ursaluna\n|-activate|p2b: Ursaluna|move: Protect\n|move|p1a: Ting-Lu|Ruination|p2b: Ursaluna\n|-activate|p2b: Ursaluna|move: Protect\n|move|p2a: Farigiraf|Trick Room|p2a: Farigiraf\n|-fieldstart|move: Trick Room|[of] p2a: Farigiraf\n|\n|-heal|p1a: Ting-Lu|76\/100|[from] Grassy Terrain\n|-heal|p1a: Ting-Lu|83\/100|[from] item: Leftovers\n|-heal|p2a: Farigiraf|20\/100|[from] Grassy Terrain\n|-heal|p1b: Rillaboom|100\/100|[from] Grassy Terrain\n|-damage|p2a: Farigiraf|8\/100|[from] move: Sand Tomb|[partiallytrapped]\n|upkeep\n|turn|8\n|\n|t:|1700522904\n|move|p1b: Rillaboom|Protect|p1b: Rillaboom\n|-singleturn|p1b: Rillaboom|Protect\n|move|p2a: Farigiraf|Ally Switch|p2a: Farigiraf\n|swap|p2a: Farigiraf|1|[from] move: Ally Switch\n|move|p1a: Ting-Lu|Sand Tomb|p2b: Farigiraf\n|-crit|p2b: Farigiraf\n|-damage|p2b: Farigiraf|0 fnt\n|faint|p2b: Farigiraf\n|move|p2a: Ursaluna|Blood Moon|p1b: Rillaboom\n|-activate|p1b: Rillaboom|move: Protect\n|\n|-heal|p1a: Ting-Lu|89\/100|[from] Grassy Terrain\n|-heal|p1a: Ting-Lu|95\/100|[from] item: Leftovers\n|upkeep\n|\n|t:|1700522914\n|switch|p2b: Iron Hands|Iron Hands, L50, tera:Fire|100\/100\n|turn|9\n|\n|t:|1700522932\n|move|p1a: Ting-Lu|Ruination|p2a: Ursaluna\n|-damage|p2a: Ursaluna|50\/100\n|move|p2b: Iron Hands|Thunder Punch|p1b: Rillaboom\n|-damage|p1b: Rillaboom|52\/100\n|move|p2a: Ursaluna|Hyper Voice|p1a: Ting-Lu|[spread] p1a,p1b\n|-damage|p1a: Ting-Lu|78\/100\n|-damage|p1b: Rillaboom|23\/100\n|move|p1b: Rillaboom|Bullet Seed|p2a: Ursaluna\n|-supereffective|p2a: Ursaluna\n|-damage|p2a: Ursaluna|23\/100\n|-enditem|p2a: Ursaluna|Weakness Policy\n|-boost|p2a: Ursaluna|atk|2|[from] item: Weakness Policy\n|-boost|p2a: Ursaluna|spa|2|[from] item: Weakness Policy\n|-supereffective|p2a: Ursaluna\n|-damage|p2a: Ursaluna|0 fnt\n|faint|p2a: Ursaluna\n|-hitcount|p2: Ursaluna|2\n|\n|-heal|p1a: Ting-Lu|84\/100|[from] Grassy Terrain\n|-heal|p1a: Ting-Lu|91\/100|[from] item: Leftovers\n|-heal|p1b: Rillaboom|29\/100|[from] Grassy Terrain\n|upkeep\n|\n|t:|1700522946\n|switch|p2a: Skeledirge|Skeledirge, L50, M|71\/100\n|turn|10\n|\n|t:|1700522956\n|switch|p1b: Altaria|Altaria, L50, F|100\/100\n|-ability|p1b: Altaria|Cloud Nine\n|move|p1a: Ting-Lu|Protect|p1a: Ting-Lu\n|-singleturn|p1a: Ting-Lu|Protect\n|move|p2b: Iron Hands|Drain Punch|p1a: Ting-Lu\n|-activate|p1a: Ting-Lu|move: Protect\n|move|p2a: Skeledirge|Torch Song|p1a: Ting-Lu\n|-activate|p1a: Ting-Lu|move: Protect\n|\n|-heal|p1a: Ting-Lu|97\/100|[from] Grassy Terrain\n|-heal|p1a: Ting-Lu|100\/100|[from] item: Leftovers\n|-heal|p2a: Skeledirge|77\/100|[from] Grassy Terrain\n|-fieldend|move: Grassy Terrain\n|upkeep\n|turn|11\n|c|\u2606Perjutsu545|Holy shit you are so fucking annoying\n|\n|t:|1700522980\n|move|p1a: Ting-Lu|Sand Tomb|p2a: Skeledirge\n|-supereffective|p2a: Skeledirge\n|-damage|p2a: Skeledirge|53\/100\n|-activate|p2a: Skeledirge|move: Sand Tomb|[of] p1a: Ting-Lu\n|move|p2b: Iron Hands|Thunder Punch|p1b: Altaria\n|-damage|p1b: Altaria|66\/100\n|move|p2a: Skeledirge|Shadow Ball|p1b: Altaria\n|-damage|p1b: Altaria|41\/100\n|move|p1b: Altaria|Perish Song|p1b: Altaria\n|-start|p1a: Ting-Lu|perish3|[silent]\n|-start|p1b: Altaria|perish3|[silent]\n|-start|p2a: Skeledirge|perish3|[silent]\n|-start|p2b: Iron Hands|perish3|[silent]\n|-fieldactivate|move: Perish Song\n|\n|-damage|p2a: Skeledirge|41\/100|[from] move: Sand Tomb|[partiallytrapped]\n|-start|p1a: Ting-Lu|perish3\n|-start|p2b: Iron Hands|perish3\n|-start|p2a: Skeledirge|perish3\n|-start|p1b: Altaria|perish3\n|-fieldend|move: Trick Room\n|upkeep\n|turn|12\n|c|\u2606Perjutsu545|Fuck this\n|-message|Perjutsu545 forfeited.\n|\n|win|Ogskive\n|raw|Ogskive's rating: 1154 &rarr; <strong>1179<\/strong><br \/>(+25 for winning)\n|raw|Perjutsu545's rating: 1160 &rarr; <strong>1135<\/strong><br \/>(-25 for losing)\n|l|\u2606Perjutsu545\n","uploadtime":1700522972,"views":2,"p1id":"ogskive","p2id":"perjutsu545","formatid":"gen9vgc2023regulatione","rating":1135,"private":0,"password":""}