{"id":"gen9vgc2023regulatione-1998666797","p1":"SOLOLUMINEONING","p2":"therealrumpleman","format":"[Gen 9] VGC 2023 Regulation E","log":"|j|\u2606SOLOLUMINEONING\n|j|\u2606therealrumpleman\n|t:|1700969785\n|gametype|doubles\n|player|p1|SOLOLUMINEONING|burglar|1715\n|player|p2|therealrumpleman|266|1737\n|teamsize|p1|6\n|teamsize|p2|6\n|gen|9\n|tier|[Gen 9] VGC 2023 Regulation E\n|rated|\n|rule|Species Clause: Limit one of each Pok\u00e9mon\n|rule|Item Clause: Limit one of each item\n|clearpoke\n|poke|p1|Basculegion, L50, M|\n|poke|p1|Urshifu-*, L50, F|\n|poke|p1|Gholdengo, L50|\n|poke|p1|Tornadus, L50, M|\n|poke|p1|Armarouge, L50, F|\n|poke|p1|Indeedee-F, L50, F|\n|poke|p2|Ogerpon-Wellspring, L50, F|\n|poke|p2|Landorus, L50, M|\n|poke|p2|Arcanine-Hisui, L50, M|\n|poke|p2|Roaring Moon, L50|\n|poke|p2|Flutter Mane, L50|\n|poke|p2|Iron Hands, L50|\n|teampreview|4\n|inactive|Battle timer is ON: inactive players will automatically lose when time's up. (requested by SOLOLUMINEONING)\n|inactive|therealrumpleman has 60 seconds left.\n|\n|t:|1700969832\n|start\n|switch|p1a: Robert Downey Jr.|Gholdengo, L50, shiny|100\/100\n|switch|p1b: Indeedee|Indeedee-F, L50, F|100\/100\n|switch|p2a: Roaring Moon|Roaring Moon, L50|100\/100\n|switch|p2b: Landorus|Landorus, L50, M|100\/100\n|-fieldstart|move: Psychic Terrain|[from] ability: Psychic Surge|[of] p1b: Indeedee\n|-enditem|p2a: Roaring Moon|Booster Energy\n|-activate|p2a: Roaring Moon|ability: Protosynthesis|[fromitem]\n|-start|p2a: Roaring Moon|protosynthesisspe\n|turn|1\n|inactive|SOLOLUMINEONING has 30 seconds left.\n|\n|t:|1700969860\n|-terastallize|p1b: Indeedee|Fairy\n|move|p1b: Indeedee|Follow Me|p1b: Indeedee\n|-singleturn|p1b: Indeedee|move: Follow Me\n|move|p2a: Roaring Moon|Knock Off|p1b: Indeedee\n|-resisted|p1b: Indeedee\n|-crit|p1b: Indeedee\n|-damage|p1b: Indeedee|63\/100\n|-damage|p2a: Roaring Moon|84\/100|[from] item: Rocky Helmet|[of] p1b: Indeedee\n|-enditem|p1b: Indeedee|Rocky Helmet|[from] move: Knock Off|[of] p2a: Roaring Moon\n|move|p2b: Landorus|Taunt|p1b: Indeedee\n|-start|p1b: Indeedee|move: Taunt\n|move|p1a: Robert Downey Jr.|Nasty Plot|p1a: Robert Downey Jr.\n|-boost|p1a: Robert Downey Jr.|spa|2\n|\n|upkeep\n|turn|2\n|inactive|SOLOLUMINEONING has 30 seconds left.\n|inactive|therealrumpleman has 30 seconds left.\n|\n|t:|1700969894\n|switch|p1b: Tornadus|Tornadus, L50, M|100\/100\n|move|p1a: Robert Downey Jr.|Protect|p1a: Robert Downey Jr.\n|-singleturn|p1a: Robert Downey Jr.|Protect\n|move|p2a: Roaring Moon|Knock Off|p1a: Robert Downey Jr.\n|-activate|p1a: Robert Downey Jr.|move: Protect\n|move|p2b: Landorus|Earth Power|p1a: Robert Downey Jr.\n|-activate|p1a: Robert Downey Jr.|move: Protect\n|\n|upkeep\n|turn|3\n|inactive|therealrumpleman has 30 seconds left.\n|\n|t:|1700969922\n|move|p1b: Tornadus|Tailwind|p1b: Tornadus\n|-sidestart|p1: SOLOLUMINEONING|move: Tailwind\n|move|p2a: Roaring Moon|Knock Off|p1a: Robert Downey Jr.\n|-supereffective|p1a: Robert Downey Jr.\n|-damage|p1a: Robert Downey Jr.|2\/100\n|-enditem|p1a: Robert Downey Jr.|Life Orb|[from] move: Knock Off|[of] p2a: Roaring Moon\n|move|p1a: Robert Downey Jr.|Make It Rain|p2b: Landorus|[spread] p2a,p2b\n|-damage|p2a: Roaring Moon|0 fnt\n|-damage|p2b: Landorus|0 fnt\n|-unboost|p1a: Robert Downey Jr.|spa|1\n|faint|p2a: Roaring Moon\n|-end|p2a: Roaring Moon|Protosynthesis|[silent]\n|faint|p2b: Landorus\n|\n|upkeep\n|\n|t:|1700969932\n|switch|p2a: Arcanine|Arcanine-Hisui, L50, M|100\/100\n|switch|p2b: Ogerpon|Ogerpon-Wellspring, L50, F|100\/100\n|-ability|p2a: Arcanine|Intimidate|boost\n|-unboost|p1a: Robert Downey Jr.|atk|1\n|-unboost|p1b: Tornadus|atk|1\n|turn|4\n|\n|t:|1700969956\n|-terastallize|p2b: Ogerpon|Water\n|detailschange|p2b: Ogerpon|Ogerpon-Wellspring-Tera, L50, F, tera:Water\n|-ability|p2b: Ogerpon|Embody Aspect (Wellspring)|boost\n|-boost|p2b: Ogerpon|spd|1\n|move|p1b: Tornadus|Bleakwind Storm|p2b: Ogerpon|[spread] \n|-miss|p1b: Tornadus|p2a: Arcanine\n|-miss|p1b: Tornadus|p2b: Ogerpon\n|move|p1a: Robert Downey Jr.|Shadow Ball|p2a: Arcanine\n|-damage|p2a: Arcanine|23\/100\n|move|p2a: Arcanine|Rock Slide|p1b: Tornadus|[spread] p1a,p1b\n|-resisted|p1a: Robert Downey Jr.\n|-supereffective|p1b: Tornadus\n|-damage|p1a: Robert Downey Jr.|0 fnt\n|-enditem|p1b: Tornadus|Focus Sash\n|-damage|p1b: Tornadus|1\/100\n|faint|p1a: Robert Downey Jr.\n|move|p2b: Ogerpon|Ivy Cudgel|p1b: Tornadus|[anim] Ivy Cudgel Water\n|-damage|p1b: Tornadus|0 fnt\n|faint|p1b: Tornadus\n|\n|upkeep\n|\n|t:|1700969963\n|switch|p1b: Urshifu|Urshifu, L50, F|100\/100\n|switch|p1a: Indeedee|Indeedee-F, L50, F, tera:Fairy|63\/100\n|turn|5\n|\n|t:|1700969982\n|move|p1a: Indeedee|Helping Hand|p1b: Urshifu\n|-singleturn|p1b: Urshifu|Helping Hand|[of] p1a: Indeedee\n|move|p1b: Urshifu|Wicked Blow|p2b: Ogerpon\n|-crit|p2b: Ogerpon\n|-damage|p2b: Ogerpon|0 fnt\n|faint|p2b: Ogerpon\n|move|p2a: Arcanine|Rock Slide|p1a: Indeedee|[spread] p1a,p1b\n|-resisted|p1b: Urshifu\n|-crit|p1b: Urshifu\n|-damage|p1a: Indeedee|21\/100\n|-damage|p1b: Urshifu|67\/100\n|\n|-fieldend|move: Psychic Terrain\n|upkeep\n|turn|6\n|-message|therealrumpleman forfeited.\n|\n|win|SOLOLUMINEONING\n|raw|SOLOLUMINEONING's rating: 1715 &rarr; <strong>1736<\/strong><br \/>(+21 for winning)\n|raw|therealrumpleman's rating: 1737 &rarr; <strong>1716<\/strong><br \/>(-21 for losing)\n|l|\u2606therealrumpleman\n|c|\u2606SOLOLUMINEONING|ez\n","uploadtime":1700970000,"views":7,"p1id":"sololumineoning","p2id":"therealrumpleman","formatid":"gen9vgc2023regulatione","rating":1716,"private":0,"password":""}