{"id":"gen9vgc2023regulatione-1989998359","p1":"Osmaan","p2":"AshValentineWR","format":"[Gen 9] VGC 2023 Regulation E","log":"|j|\u2606Osmaan\n|j|\u2606AshValentineWR\n|t:|1699913903\n|gametype|doubles\n|player|p1|Osmaan|n|1100\n|player|p2|AshValentineWR|cynthia-gen4|1096\n|teamsize|p1|6\n|teamsize|p2|6\n|gen|9\n|tier|[Gen 9] VGC 2023 Regulation E\n|rated|\n|rule|Species Clause: Limit one of each Pok\u00e9mon\n|rule|Item Clause: Limit one of each item\n|clearpoke\n|poke|p1|Volcarona, L50, F|\n|poke|p1|Corviknight, L50, F|\n|poke|p1|Milotic, L50, M|\n|poke|p1|Ogerpon, L50, F|\n|poke|p1|Grimmsnarl, L50, M|\n|poke|p1|Wyrdeer, L50, M|\n|poke|p2|Spectrier, L50|\n|poke|p2|Grimmsnarl, L50, M|\n|poke|p2|Tornadus, L50, M|\n|poke|p2|Regieleki, L50|\n|poke|p2|Landorus-Therian, L50, M|\n|poke|p2|Zapdos-Galar, L50|\n|teampreview|4\n|inactive|Battle timer is ON: inactive players will automatically lose when time's up. (requested by AshValentineWR)\nOsmaan has agreed to open team sheets.\n|\n|t:|1699913931\n|start\n|switch|p1a: Wyrdeer|Wyrdeer, L50, M, shiny|100\/100\n|switch|p1b: Grimmsnarl|Grimmsnarl, L50, M|100\/100\n|switch|p2a: Landorus|Landorus-Therian, L50, M|100\/100\n|switch|p2b: Tornadus|Tornadus, L50, M|100\/100\n|-ability|p2a: Landorus|Intimidate|boost\n|-unboost|p1a: Wyrdeer|atk|1\n|-unboost|p1b: Grimmsnarl|atk|1\n|-ability|p1a: Wyrdeer|Intimidate|boost\n|-unboost|p2a: Landorus|atk|1\n|-unboost|p2b: Tornadus|atk|1\n|turn|1\n|inactive|Osmaan has 30 seconds left.\n|inactive|AshValentineWR has 30 seconds left.\n|\n|t:|1699913963\n|-terastallize|p2a: Landorus|Ground\n|move|p1b: Grimmsnarl|Parting Shot|p2b: Tornadus\n|-unboost|p2b: Tornadus|atk|1\n|-unboost|p2b: Tornadus|spa|1\n|\n|t:|1699913968\n|switch|p1b: Milotic|Milotic, L50, M|100\/100|[from] Parting Shot\n|move|p2b: Tornadus|Air Slash|p1b: Milotic\n|-damage|p1b: Milotic|80\/100\n|move|p2a: Landorus|Earthquake|p1b: Milotic|[spread] p1a,p1b\n|-immune|p2b: Tornadus\n|-crit|p1b: Milotic\n|-damage|p1a: Wyrdeer|55\/100\n|-damage|p1b: Milotic|0 fnt\n|faint|p1b: Milotic\n|-damage|p2a: Landorus|91\/100|[from] item: Life Orb\n|move|p1a: Wyrdeer|Trick Room|p1a: Wyrdeer\n|-fieldstart|move: Trick Room|[of] p1a: Wyrdeer\n|\n|upkeep\n|\n|t:|1699913979\n|switch|p1b: Corviknight|Corviknight, L50, F|100\/100\n|turn|2\n|inactive|Osmaan has 30 seconds left.\n|inactive|Osmaan has 20 seconds left.\n|\n|t:|1699914018\n|move|p2a: Landorus|Protect|p2a: Landorus\n|-singleturn|p2a: Landorus|Protect\n|move|p1a: Wyrdeer|Skill Swap|p2a: Landorus\n|-activate|p2a: Landorus|move: Protect\n|move|p1b: Corviknight|Iron Head|p2b: Tornadus\n|-damage|p2b: Tornadus|13\/100\n|move|p2b: Tornadus|Heat Wave|p1b: Corviknight|[spread] p1a,p1b\n|-supereffective|p1b: Corviknight\n|-damage|p1a: Wyrdeer|40\/100\n|-damage|p1b: Corviknight|69\/100\n|\n|upkeep\n|turn|3\n|\n|t:|1699914040\n|switch|p2a: Regieleki|Regieleki, L50, shiny|100\/100\n|move|p1a: Wyrdeer|Skill Swap|p2a: Regieleki\n|-activate|p1a: Wyrdeer|move: Skill Swap|Transistor|Intimidate|[of] p2a: Regieleki\n|-ability|p2a: Regieleki|Intimidate|boost\n|-unboost|p1a: Wyrdeer|atk|1\n|-ability|p1b: Corviknight|Mirror Armor\n|-unboost|p2a: Regieleki|atk|1\n|move|p1b: Corviknight|Iron Head|p2a: Regieleki\n|-resisted|p2a: Regieleki\n|-damage|p2a: Regieleki|47\/100\n|move|p2b: Tornadus|Heat Wave|p1b: Corviknight|[spread] p1a,p1b\n|-supereffective|p1b: Corviknight\n|-damage|p1a: Wyrdeer|25\/100\n|-damage|p1b: Corviknight|38\/100\n|\n|upkeep\n|turn|4\n|inactive|Osmaan has 30 seconds left.\n|inactive|AshValentineWR has 30 seconds left.\n|inactive|AshValentineWR has 20 seconds left.\n|\n|t:|1699914080\n|switch|p2a: Landorus|Landorus-Therian, L50, M, tera:Ground|91\/100\n|-ability|p2a: Landorus|Intimidate|boost\n|-unboost|p1a: Wyrdeer|atk|1\n|-ability|p1b: Corviknight|Mirror Armor\n|-unboost|p2a: Landorus|atk|1\n|move|p1a: Wyrdeer|Skill Swap|p2b: Tornadus\n|-activate|p1a: Wyrdeer|move: Skill Swap|Prankster|Transistor|[of] p2b: Tornadus\n|move|p1b: Corviknight|Iron Head|p2a: Landorus\n|-damage|p2a: Landorus|29\/100\n|move|p2b: Tornadus|Heat Wave|p1b: Corviknight|[spread] p1a\n|-miss|p2b: Tornadus|p1b: Corviknight\n|-damage|p1a: Wyrdeer|11\/100\n|\n|upkeep\n|turn|5\n|\n|t:|1699914099\n|move|p2a: Landorus|Protect|p2a: Landorus\n|-singleturn|p2a: Landorus|Protect\n|move|p1a: Wyrdeer|Skill Swap|p2a: Landorus\n|-activate|p2a: Landorus|move: Protect\n|move|p1b: Corviknight|Iron Head|p2a: Landorus\n|-activate|p2a: Landorus|move: Protect\n|move|p2b: Tornadus|Tailwind|p2b: Tornadus\n|-sidestart|p2: AshValentineWR|move: Tailwind\n|\n|-fieldend|move: Trick Room\n|upkeep\n|turn|6\n|\n|t:|1699914111\n|move|p1a: Wyrdeer|Skill Swap|p2a: Landorus\n|-activate|p1a: Wyrdeer|move: Skill Swap|Intimidate|Prankster|[of] p2a: Landorus\n|-ability|p1a: Wyrdeer|Intimidate|boost\n|-unboost|p2a: Landorus|atk|1\n|-unboost|p2b: Tornadus|atk|1\n|move|p2b: Tornadus|Heat Wave|p1a: Wyrdeer|[spread] p1a,p1b\n|-supereffective|p1b: Corviknight\n|-damage|p1a: Wyrdeer|0 fnt\n|-damage|p1b: Corviknight|6\/100\n|faint|p1a: Wyrdeer\n|move|p2a: Landorus|Rock Slide|p1b: Corviknight\n|-damage|p1b: Corviknight|0 fnt\n|faint|p1b: Corviknight\n|-damage|p2a: Landorus|19\/100|[from] item: Life Orb\n|\n|upkeep\n|\n|t:|1699914123\n|switch|p1b: Grimmsnarl|Grimmsnarl, L50, M|100\/100\n|turn|7\n|inactive|Osmaan has 30 seconds left.\n|\n|t:|1699914155\n|switch|p2a: Regieleki|Regieleki, L50, shiny|47\/100\n|move|p2b: Tornadus|Air Slash|p1b: Grimmsnarl\n|-damage|p1b: Grimmsnarl|75\/100\n|move|p1b: Grimmsnarl|Spirit Break|p2a: Regieleki\n|-damage|p2a: Regieleki|0 fnt\n|faint|p2a: Regieleki\n|\n|upkeep\n|\n|t:|1699914163\n|switch|p2a: Landorus|Landorus-Therian, L50, M, tera:Ground|19\/100\n|-ability|p2a: Landorus|Intimidate|boost\n|-unboost|p1b: Grimmsnarl|atk|1\n|turn|8\n|\n|t:|1699914176\n|move|p2b: Tornadus|Air Slash|p1b: Grimmsnarl\n|-damage|p1b: Grimmsnarl|51\/100\n|move|p2a: Landorus|Earthquake|p1b: Grimmsnarl|[spread] p1b\n|-immune|p2b: Tornadus\n|-damage|p1b: Grimmsnarl|0 fnt\n|faint|p1b: Grimmsnarl\n|-damage|p2a: Landorus|10\/100|[from] item: Life Orb\n|\n|win|AshValentineWR\n|raw|Osmaan's rating: 1100 &rarr; <strong>1075<\/strong><br \/>(-25 for losing)\n|raw|AshValentineWR's rating: 1096 &rarr; <strong>1122<\/strong><br \/>(+26 for winning)\n|l|\u2606Osmaan\n","uploadtime":1699914186,"views":13,"p1id":"osmaan","p2id":"ashvalentinewr","formatid":"gen9vgc2023regulatione","rating":1075,"private":0,"password":""}