{"id":"gen9vgc2023regulatione-1989719686","p1":"NEO003","p2":"MigraineMan","format":"[Gen 9] VGC 2023 Regulation E","log":"|j|\u2606NEO003\n|j|\u2606MigraineMan\n|t:|1699889870\n|gametype|doubles\n|player|p1|NEO003|102|1282\n|player|p2|MigraineMan|101|1381\n|teamsize|p1|6\n|teamsize|p2|6\n|gen|9\n|tier|[Gen 9] VGC 2023 Regulation E\n|rated|\n|rule|Species Clause: Limit one of each Pok\u00e9mon\n|rule|Item Clause: Limit one of each item\n|clearpoke\n|poke|p1|Heatran, L50, M|\n|poke|p1|Flutter Mane, L50|\n|poke|p1|Farigiraf, L50, M|\n|poke|p1|Roaring Moon, L50|\n|poke|p1|Landorus-Therian, L50, M|\n|poke|p1|Iron Hands, L50|\n|poke|p2|Slowking, L50, M|\n|poke|p2|Sinistcha-Masterpiece, L50|\n|poke|p2|Landorus-Therian, L50, M|\n|poke|p2|Grimmsnarl, L50, M|\n|poke|p2|Rillaboom, L50, F|\n|poke|p2|Heatran, L50, M|\n|teampreview|4\n|\n|t:|1699889901\n|start\n|switch|p1a: Roaring Moon|Roaring Moon, L50|100\/100\n|switch|p1b: Heatran|Heatran, L50, M|100\/100\n|switch|p2a: Grimmsnarl|Grimmsnarl, L50, M|100\/100\n|switch|p2b: Landorus|Landorus-Therian, L50, M|100\/100\n|-ability|p2b: Landorus|Intimidate|boost\n|-unboost|p1a: Roaring Moon|atk|1\n|-unboost|p1b: Heatran|atk|1\n|-enditem|p1a: Roaring Moon|Booster Energy\n|-activate|p1a: Roaring Moon|ability: Protosynthesis|[fromitem]\n|-start|p1a: Roaring Moon|protosynthesisspe\n|turn|1\n|\n|t:|1699889922\n|switch|p1b: Landorus|Landorus-Therian, L50, M|100\/100\n|-ability|p1b: Landorus|Intimidate|boost\n|-unboost|p2a: Grimmsnarl|atk|1\n|-unboost|p2b: Landorus|atk|1\n|move|p1a: Roaring Moon|Protect|p1a: Roaring Moon\n|-singleturn|p1a: Roaring Moon|Protect\n|move|p2a: Grimmsnarl|Light Screen|p2a: Grimmsnarl\n|-sidestart|p2: MigraineMan|move: Light Screen\n|move|p2b: Landorus|Stomping Tantrum|p1a: Roaring Moon\n|-activate|p1a: Roaring Moon|move: Protect\n|\n|upkeep\n|turn|2\n|\n|t:|1699889953\n|-terastallize|p1a: Roaring Moon|Flying\n|move|p1a: Roaring Moon|Tailwind|p1a: Roaring Moon\n|-sidestart|p1: NEO003|move: Tailwind\n|move|p1b: Landorus|U-turn|p2a: Grimmsnarl\n|-damage|p2a: Grimmsnarl|72\/100\n|\n|t:|1699889963\n|switch|p1b: Flutter Mane|Flutter Mane, L50|100\/100|[from] U-turn\n|move|p2b: Landorus|U-turn|p1a: Roaring Moon\n|-resisted|p1a: Roaring Moon\n|-damage|p1a: Roaring Moon|89\/100\n|\n|t:|1699889978\n|switch|p2b: Sinistcha|Sinistcha-Masterpiece, L50|100\/100|[from] U-turn\n|-heal|p2a: Grimmsnarl|97\/100|[from] ability: Hospitality|[of] p2b: Sinistcha\n|move|p2a: Grimmsnarl|Spirit Break|p1a: Roaring Moon\n|-damage|p1a: Roaring Moon|65\/100\n|-unboost|p1a: Roaring Moon|spa|1\n|\n|upkeep\n|turn|3\n|\n|t:|1699890012\n|switch|p2b: Landorus|Landorus-Therian, L50, M|100\/100\n|-ability|p2b: Landorus|Intimidate|boost\n|-unboost|p1a: Roaring Moon|atk|1\n|-unboost|p1b: Flutter Mane|atk|1\n|move|p1a: Roaring Moon|Acrobatics|p2b: Landorus\n|-damage|p2b: Landorus|71\/100\n|move|p1b: Flutter Mane|Shadow Ball|p2b: Landorus\n|-damage|p2b: Landorus|48\/100\n|-unboost|p2b: Landorus|spd|1\n|move|p2a: Grimmsnarl|Spirit Break|p1a: Roaring Moon\n|-damage|p1a: Roaring Moon|40\/100\n|-unboost|p1a: Roaring Moon|spa|1\n|\n|upkeep\n|turn|4\n|\n|t:|1699890034\n|move|p2a: Grimmsnarl|Reflect|p2a: Grimmsnarl\n|-sidestart|p2: MigraineMan|Reflect\n|move|p1a: Roaring Moon|Knock Off|p2b: Landorus\n|-damage|p2b: Landorus|27\/100\n|-enditem|p2b: Landorus|Assault Vest|[from] move: Knock Off|[of] p1a: Roaring Moon\n|move|p1b: Flutter Mane|Moonblast|p2b: Landorus\n|-damage|p2b: Landorus|0 fnt\n|faint|p2b: Landorus\n|\n|upkeep\n|c|\u2606MigraineMan|Unlucky so Def drop\n|\n|t:|1699890052\n|switch|p2b: BEBI|Slowking, L50, M, shiny|100\/100\n|turn|5\n|\n|t:|1699890072\n|-terastallize|p2b: BEBI|Dragon\n|move|p1a: Roaring Moon|Knock Off|p2b: BEBI\n|-damage|p2b: BEBI|81\/100\n|-enditem|p2b: BEBI|Leftovers|[from] move: Knock Off|[of] p1a: Roaring Moon\n|move|p1b: Flutter Mane|Moonblast|p2a: Grimmsnarl\n|-supereffective|p2a: Grimmsnarl\n|-damage|p2a: Grimmsnarl|38\/100\n|move|p2a: Grimmsnarl|Spirit Break|p1a: Roaring Moon\n|-damage|p1a: Roaring Moon|16\/100\n|-unboost|p1a: Roaring Moon|spa|1\n|move|p2b: BEBI|Calm Mind|p2b: BEBI\n|-boost|p2b: BEBI|spa|1\n|-boost|p2b: BEBI|spd|1\n|\n|-sideend|p1: NEO003|move: Tailwind\n|upkeep\n|turn|6\n|\n|t:|1699890096\n|move|p2a: Grimmsnarl|Parting Shot|p1b: Flutter Mane\n|-unboost|p1b: Flutter Mane|atk|1\n|-unboost|p1b: Flutter Mane|spa|1\n|inactive|Battle timer is ON: inactive players will automatically lose when time's up. (requested by NEO003)\n|\n|t:|1699890159\n|switch|p2a: Sinistcha|Sinistcha-Masterpiece, L50|100\/100|[from] Parting Shot\n|-heal|p2b: BEBI|100\/100|[from] ability: Hospitality|[of] p2a: Sinistcha\n|move|p1a: Roaring Moon|Acrobatics|p2b: BEBI\n|-damage|p2b: BEBI|79\/100\n|move|p1b: Flutter Mane|Dazzling Gleam|p2b: BEBI|[spread] p2a,p2b\n|-supereffective|p2b: BEBI\n|-damage|p2a: Sinistcha|86\/100\n|-damage|p2b: BEBI|67\/100\n|move|p2b: BEBI|Scald|p1a: Roaring Moon\n|-damage|p1a: Roaring Moon|0 fnt\n|faint|p1a: Roaring Moon\n|-end|p1a: Roaring Moon|Protosynthesis|[silent]\n|\n|upkeep\n|\n|t:|1699890170\n|switch|p1a: Heatran|Heatran, L50, M|100\/100\n|turn|7\n|\n|t:|1699890180\n|move|p1a: Heatran|Protect|p1a: Heatran\n|-singleturn|p1a: Heatran|Protect\n|move|p1b: Flutter Mane|Shadow Ball|p2a: Sinistcha\n|-supereffective|p2a: Sinistcha\n|-damage|p2a: Sinistcha|50\/100\n|move|p2b: BEBI|Calm Mind|p2b: BEBI\n|-boost|p2b: BEBI|spa|1\n|-boost|p2b: BEBI|spd|1\n|move|p2a: Sinistcha|Trick Room|p2a: Sinistcha\n|-fieldstart|move: Trick Room|[of] p2a: Sinistcha\n|\n|upkeep\n|turn|8\n|\n|t:|1699890200\n|move|p2b: BEBI|Calm Mind|p2b: BEBI\n|-boost|p2b: BEBI|spa|1\n|-boost|p2b: BEBI|spd|1\n|move|p2a: Sinistcha|Strength Sap|p1a: Heatran\n|-unboost|p1a: Heatran|atk|1\n|-heal|p2a: Sinistcha|98\/100\n|move|p1a: Heatran|Heat Wave|p2a: Sinistcha|[spread] p2a,p2b\n|-supereffective|p2a: Sinistcha\n|-resisted|p2b: BEBI\n|-damage|p2a: Sinistcha|49\/100\n|-damage|p2b: BEBI|64\/100\n|move|p1b: Flutter Mane|Moonblast|p2b: BEBI\n|-supereffective|p2b: BEBI\n|-damage|p2b: BEBI|52\/100\n|\n|-sideend|p2: MigraineMan|move: Light Screen\n|upkeep\n|turn|9\n|\n|t:|1699890212\n|move|p2b: BEBI|Stored Power|p1b: Flutter Mane\n|-enditem|p1b: Flutter Mane|Focus Sash\n|-damage|p1b: Flutter Mane|1\/100\n|move|p2a: Sinistcha|Strength Sap|p1b: Flutter Mane\n|-unboost|p1b: Flutter Mane|atk|1\n|-heal|p2a: Sinistcha|64\/100\n|move|p1a: Heatran|Heat Wave|p2b: BEBI|[spread] p2a,p2b\n|-supereffective|p2a: Sinistcha\n|-resisted|p2b: BEBI\n|-damage|p2a: Sinistcha|0 fnt\n|-damage|p2b: BEBI|48\/100\n|faint|p2a: Sinistcha\n|move|p1b: Flutter Mane|Moonblast|p2b: BEBI\n|-supereffective|p2b: BEBI\n|-damage|p2b: BEBI|30\/100\n|-unboost|p2b: BEBI|spa|1\n|\n|upkeep\n|\n|t:|1699890216\n|switch|p2a: Grimmsnarl|Grimmsnarl, L50, M|38\/100\n|turn|10\n|inactive|NEO003 has 30 seconds left.\n|\n|t:|1699890246\n|move|p2b: BEBI|Iron Defense|p2b: BEBI\n|-boost|p2b: BEBI|def|2\n|move|p2a: Grimmsnarl|Spirit Break|p1b: Flutter Mane\n|-damage|p1b: Flutter Mane|0 fnt\n|faint|p1b: Flutter Mane\n|-end|p1b: Flutter Mane|Protosynthesis|[silent]\n|move|p1a: Heatran|Flash Cannon|p2b: BEBI\n|-damage|p2b: BEBI|20\/100\n|\n|upkeep\n|\n|t:|1699890263\n|switch|p1b: Landorus|Landorus-Therian, L50, M|100\/100\n|-ability|p1b: Landorus|Intimidate|boost\n|-unboost|p2a: Grimmsnarl|atk|1\n|-fail|p2b: BEBI|unboost|Attack|[from] ability: Oblivious|[of] p2b: BEBI\n|turn|11\n|\n|t:|1699890274\n|move|p2b: BEBI|Scald|p1b: Landorus\n|-supereffective|p1b: Landorus\n|-damage|p1b: Landorus|0 fnt\n|faint|p1b: Landorus\n|move|p2a: Grimmsnarl|Spirit Break|p1a: Heatran\n|-resisted|p1a: Heatran\n|-damage|p1a: Heatran|96\/100\n|-unboost|p1a: Heatran|spa|1\n|move|p1a: Heatran|Flash Cannon|p2b: BEBI\n|-damage|p2b: BEBI|14\/100\n|\n|-heal|p1a: Heatran|100\/100|[from] item: Leftovers\n|-sideend|p2: MigraineMan|Reflect\n|-fieldend|move: Trick Room\n|upkeep\n|turn|12\n|\n|t:|1699890290\n|move|p2a: Grimmsnarl|Light Screen|p2a: Grimmsnarl\n|-sidestart|p2: MigraineMan|move: Light Screen\n|move|p1a: Heatran|Flash Cannon|p2b: BEBI\n|-damage|p2b: BEBI|9\/100\n|move|p2b: BEBI|Scald|p1a: Heatran\n|-supereffective|p1a: Heatran\n|-damage|p1a: Heatran|10\/100\n|\n|-heal|p1a: Heatran|16\/100|[from] item: Leftovers\n|upkeep\n|turn|13\n|\n|t:|1699890302\n|move|p1a: Heatran|Flash Cannon|p2b: BEBI\n|-damage|p2b: BEBI|4\/100\n|move|p2a: Grimmsnarl|Spirit Break|p1a: Heatran\n|-resisted|p1a: Heatran\n|-damage|p1a: Heatran|11\/100\n|-unboost|p1a: Heatran|spa|1\n|move|p2b: BEBI|Stored Power|p1a: Heatran\n|-resisted|p1a: Heatran\n|-damage|p1a: Heatran|0 fnt\n|faint|p1a: Heatran\n|\n|win|MigraineMan\n|raw|NEO003's rating: 1282 &rarr; <strong>1264<\/strong><br \/>(-18 for losing)\n|raw|MigraineMan's rating: 1381 &rarr; <strong>1395<\/strong><br \/>(+14 for winning)\n|l|\u2606NEO003\n","uploadtime":1699890306,"views":14,"p1id":"neo003","p2id":"migraineman","formatid":"gen9vgc2023regulatione","rating":1264,"private":0,"password":""}