{"id":"gen9vgc2023regulatione-1988006907","p1":"cain44","p2":"Koalaboi3","format":"[Gen 9] VGC 2023 Regulation E","log":"|j|\u2606cain44\n|j|\u2606Koalaboi3\n|t:|1699658419\n|gametype|doubles\n|player|p1|cain44|gentleman|1065\n|player|p2|Koalaboi3|2|1059\n|teamsize|p1|6\n|teamsize|p2|6\n|gen|9\n|tier|[Gen 9] VGC 2023 Regulation E\n|rated|\n|rule|Species Clause: Limit one of each Pok\u00e9mon\n|rule|Item Clause: Limit one of each item\n|clearpoke\n|poke|p1|Vivillon, L50, M|\n|poke|p1|Ogerpon-Hearthflame, L50, F|\n|poke|p1|Flutter Mane, L50|\n|poke|p1|Gholdengo, L50|\n|poke|p1|Maushold-Four, L50|\n|poke|p1|Ursaluna, L50, M|\n|poke|p2|Thundurus-Therian, L50, M|\n|poke|p2|Gliscor, L50, F|\n|poke|p2|Garchomp, L50, F|\n|poke|p2|Pachirisu, L50, M|\n|poke|p2|Eelektross, L50, M|\n|poke|p2|Camerupt, L50, F|\n|teampreview|4\n|j| know123fg\n|\n|t:|1699658452\n|start\n|switch|p1a: Vivillon|Vivillon, L50, M|100\/100\n|switch|p1b: Ogerpon|Ogerpon-Hearthflame, L50, F|100\/100\n|switch|p2a: Pachirisu|Pachirisu, L50, M|100\/100\n|switch|p2b: Camerupt|Camerupt, L50, F|100\/100\n|-ability|p1b: Ogerpon|Mold Breaker\n|turn|1\n|\n|t:|1699658476\n|move|p1b: Ogerpon|Spiky Shield|p1b: Ogerpon\n|-singleturn|p1b: Ogerpon|move: Protect\n|move|p2a: Pachirisu|Nuzzle|p1b: Ogerpon\n|-activate|p1b: Ogerpon|move: Protect\n|-damage|p2a: Pachirisu|89\/100|[from] Spiky Shield|[of] p1b: Ogerpon\n|move|p1a: Vivillon|Quiver Dance|p1a: Vivillon\n|-boost|p1a: Vivillon|spa|1\n|-boost|p1a: Vivillon|spd|1\n|-boost|p1a: Vivillon|spe|1\n|move|p2b: Camerupt|Yawn|p1b: Ogerpon\n|-activate|p1b: Ogerpon|move: Protect\n|\n|upkeep\n|turn|2\n|\n|t:|1699658494\n|move|p1a: Vivillon|Sleep Powder|p2b: Camerupt\n|-status|p2b: Camerupt|slp|[from] move: Sleep Powder\n|move|p1b: Ogerpon|Ivy Cudgel|p2a: Pachirisu\n|-damage|p2a: Pachirisu|4\/100\n|-enditem|p2a: Pachirisu|Aguav Berry|[eat]\n|-heal|p2a: Pachirisu|37\/100|[from] item: Aguav Berry\n|move|p2a: Pachirisu|Nuzzle|p1b: Ogerpon\n|-resisted|p1b: Ogerpon\n|-damage|p1b: Ogerpon|97\/100\n|-status|p1b: Ogerpon|par\n|cant|p2b: Camerupt|slp\n|\n|upkeep\n|turn|3\n|\n|t:|1699658525\n|move|p1a: Vivillon|Pollen Puff|p2a: Pachirisu\n|-damage|p2a: Pachirisu|0 fnt\n|faint|p2a: Pachirisu\n|cant|p1b: Ogerpon|par\n|cant|p2b: Camerupt|slp\n|\n|upkeep\n|\n|t:|1699658533\n|switch|p2a: Thundurus|Thundurus-Therian, L50, M|100\/100\n|turn|4\n|\n|t:|1699658545\n|-terastallize|p2a: Thundurus|Ice\n|move|p1a: Vivillon|Sleep Powder|p2a: Thundurus\n|-status|p2a: Thundurus|slp|[from] move: Sleep Powder\n|cant|p2a: Thundurus|slp\n|cant|p1b: Ogerpon|par\n|cant|p2b: Camerupt|slp\n|\n|upkeep\n|turn|5\n|\n|t:|1699658565\n|move|p1a: Vivillon|Hurricane|p2b: Camerupt|[miss]\n|-miss|p1a: Vivillon|p2b: Camerupt\n|-curestatus|p2a: Thundurus|slp|[msg]\n|move|p2a: Thundurus|Tera Blast|p1a: Vivillon|[anim] Tera Blast Ice\n|-supereffective|p1a: Vivillon\n|-enditem|p1a: Vivillon|Focus Sash\n|-damage|p1a: Vivillon|1\/100\n|move|p1b: Ogerpon|Ivy Cudgel|p2a: Thundurus\n|-supereffective|p2a: Thundurus\n|-damage|p2a: Thundurus|0 fnt\n|faint|p2a: Thundurus\n|-curestatus|p2b: Camerupt|slp|[msg]\n|move|p2b: Camerupt|Earth Power|p1b: Ogerpon\n|-damage|p1b: Ogerpon|62\/100 par\n|\n|upkeep\n|\n|t:|1699658578\n|switch|p2a: Garchomp|Garchomp, L50, F|100\/100\n|turn|6\n|\n|t:|1699658592\n|move|p1b: Ogerpon|Follow Me|p1b: Ogerpon\n|-singleturn|p1b: Ogerpon|move: Follow Me\n|move|p1a: Vivillon|Sleep Powder|p2a: Garchomp\n|-status|p2a: Garchomp|slp|[from] move: Sleep Powder\n|cant|p2a: Garchomp|slp\n|move|p2b: Camerupt|Heat Wave|p1a: Vivillon|[spread] p1a,p1b\n|-supereffective|p1a: Vivillon\n|-damage|p1a: Vivillon|0 fnt\n|-damage|p1b: Ogerpon|35\/100 par\n|faint|p1a: Vivillon\n|\n|upkeep\n|\n|t:|1699658611\n|switch|p1a: Ursaluna|Ursaluna, L50, M|100\/100\n|turn|7\n|l| know123fg\n|\n|t:|1699658631\n|cant|p1b: Ogerpon|par\n|cant|p2a: Garchomp|slp\n|move|p1a: Ursaluna|Swords Dance|p1a: Ursaluna\n|-boost|p1a: Ursaluna|atk|2\n|move|p2b: Camerupt|Yawn|p1a: Ursaluna\n|-start|p1a: Ursaluna|move: Yawn|[of] p2b: Camerupt\n|\n|-status|p1a: Ursaluna|brn|[from] item: Flame Orb\n|upkeep\n|turn|8\n|\n|t:|1699658649\n|-curestatus|p2a: Garchomp|slp|[msg]\n|move|p2a: Garchomp|Protect|p2a: Garchomp\n|-singleturn|p2a: Garchomp|Protect\n|move|p2b: Camerupt|Protect|p2b: Camerupt\n|-singleturn|p2b: Camerupt|Protect\n|move|p1b: Ogerpon|Follow Me|p1b: Ogerpon\n|-singleturn|p1b: Ogerpon|move: Follow Me\n|move|p1a: Ursaluna|Facade|p2b: Camerupt\n|-activate|p2b: Camerupt|move: Protect\n|\n|-damage|p1a: Ursaluna|95\/100 brn|[from] brn\n|-end|p1a: Ursaluna|move: Yawn|[silent]\n|upkeep\n|turn|9\n|\n|t:|1699658683\n|cant|p1b: Ogerpon|par\n|move|p2a: Garchomp|Iron Head|p1a: Ursaluna\n|-damage|p1a: Ursaluna|74\/100 brn\n|move|p1a: Ursaluna|Headlong Rush|p2b: Camerupt\n|-supereffective|p2b: Camerupt\n|-damage|p2b: Camerupt|0 fnt\n|-unboost|p1a: Ursaluna|def|1\n|-unboost|p1a: Ursaluna|spd|1\n|faint|p2b: Camerupt\n|\n|-damage|p1a: Ursaluna|68\/100 brn|[from] brn\n|upkeep\n|turn|10\n|\n|t:|1699658703\n|switch|p1b: Maushold|Maushold-Four, L50|100\/100\n|move|p1a: Ursaluna|Protect|p1a: Ursaluna\n|-singleturn|p1a: Ursaluna|Protect\n|move|p2a: Garchomp|Earthquake|p1a: Ursaluna|[spread] p1b\n|-activate|p1a: Ursaluna|move: Protect\n|-damage|p1b: Maushold|49\/100\n|\n|-damage|p1a: Ursaluna|62\/100 brn|[from] brn\n|upkeep\n|turn|11\n|\n|t:|1699658720\n|move|p1b: Maushold|Super Fang|p2a: Garchomp|[miss]\n|-miss|p1b: Maushold|p2a: Garchomp\n|move|p2a: Garchomp|Earthquake|p1b: Maushold|[spread] p1a,p1b\n|-damage|p1a: Ursaluna|34\/100 brn\n|-damage|p1b: Maushold|0 fnt\n|faint|p1b: Maushold\n|move|p1a: Ursaluna|Facade|p2a: Garchomp\n|-damage|p2a: Garchomp|0 fnt\n|-damage|p1a: Ursaluna|22\/100 brn|[from] ability: Rough Skin|[of] p2a: Garchomp\n|faint|p2a: Garchomp\n|\n|win|cain44\n|raw|cain44's rating: 1065 &rarr; <strong>1095<\/strong><br \/>(+30 for winning)\n|raw|Koalaboi3's rating: 1059 &rarr; <strong>1040<\/strong><br \/>(-19 for losing)\n|l|\u2606Koalaboi3\n","uploadtime":1699658739,"views":19,"p1id":"cain44","p2id":"koalaboi3","formatid":"gen9vgc2023regulatione","rating":1040,"private":0,"password":""}