{"id":"gen9vgc2023regulatione-1990795825","p1":"MarioMwty","p2":"SwaseyVGC","format":"[Gen 9] VGC 2023 Regulation E","log":"|j|\u2606MarioMwty\n|j|\u2606SwaseyVGC\n|t:|1700001662\n|gametype|doubles\n|player|p1|MarioMwty|102|1270\n|player|p2|SwaseyVGC|265|1360\n|teamsize|p1|6\n|teamsize|p2|6\n|gen|9\n|tier|[Gen 9] VGC 2023 Regulation E\n|rated|\n|rule|Species Clause: Limit one of each Pok\u00e9mon\n|rule|Item Clause: Limit one of each item\n|clearpoke\n|poke|p1|Ursaluna, L50, M|\n|poke|p1|Cresselia, L50, F|\n|poke|p1|Flutter Mane, L50|\n|poke|p1|Sinistcha-Masterpiece, L50|\n|poke|p1|Moltres-Galar, L50|\n|poke|p1|Armarouge, L50, M|\n|poke|p2|Urshifu-*, L50, M|\n|poke|p2|Enamorus, L50, F|\n|poke|p2|Rillaboom, L50, M|\n|poke|p2|Roaring Moon, L50|\n|poke|p2|Arcanine-Hisui, L50, F|\n|poke|p2|Gholdengo, L50|\n|teampreview|4\n|\n|t:|1700001707\n|start\n|switch|p1a: Cresselia|Cresselia, L50, F|100\/100\n|switch|p1b: Flutter Mane|Flutter Mane, L50|100\/100\n|switch|p2a: Enamorus|Enamorus, L50, F|100\/100\n|switch|p2b: Arcanine|Arcanine-Hisui, L50, F|100\/100\n|-ability|p2b: Arcanine|Intimidate|boost\n|-unboost|p1a: Cresselia|atk|1\n|-unboost|p1b: Flutter Mane|atk|1\n|turn|1\n|\n|t:|1700001733\n|move|p1b: Flutter Mane|Dazzling Gleam|p2a: Enamorus|[spread] p2a,p2b\n|-crit|p2a: Enamorus\n|-resisted|p2b: Arcanine\n|-damage|p2a: Enamorus|22\/100\n|-damage|p2b: Arcanine|73\/100\n|-enditem|p2a: Enamorus|Sitrus Berry|[eat]\n|-heal|p2a: Enamorus|47\/100|[from] item: Sitrus Berry\n|move|p2a: Enamorus|Taunt|p1a: Cresselia\n|-start|p1a: Cresselia|move: Taunt\n|move|p2b: Arcanine|Rock Slide|p1b: Flutter Mane|[spread] p1a,p1b\n|-damage|p1a: Cresselia|74\/100\n|-damage|p1b: Flutter Mane|15\/100\n|cant|p1a: Cresselia|move: Taunt|Trick Room\n|\n|upkeep\n|turn|2\n|\n|t:|1700001771\n|switch|p1a: Ursaluna|Ursaluna, L50, M|100\/100\n|move|p2a: Enamorus|Protect|p2a: Enamorus\n|-singleturn|p2a: Enamorus|Protect\n|move|p1b: Flutter Mane|Dazzling Gleam|p2b: Arcanine|[spread] p2b\n|-activate|p2a: Enamorus|move: Protect\n|-resisted|p2b: Arcanine\n|-damage|p2b: Arcanine|46\/100\n|move|p2b: Arcanine|Rock Slide|p1b: Flutter Mane|[spread] p1a,p1b\n|-resisted|p1a: Ursaluna\n|-crit|p1b: Flutter Mane\n|-damage|p1a: Ursaluna|84\/100\n|-damage|p1b: Flutter Mane|0 fnt\n|faint|p1b: Flutter Mane\n|-end|p1b: Flutter Mane|Protosynthesis|[silent]\n|\n|-status|p1a: Ursaluna|brn|[from] item: Flame Orb\n|upkeep\n|\n|t:|1700001792\n|switch|p1b: Cresselia|Cresselia, L50, F|74\/100\n|turn|3\n|\n|t:|1700001813\n|switch|p2b: Rillaboom|Rillaboom, L50, M|100\/100\n|-fieldstart|move: Grassy Terrain|[from] ability: Grassy Surge|[of] p2b: Rillaboom\n|-terastallize|p1b: Cresselia|Dark\n|move|p2a: Enamorus|Taunt|p1b: Cresselia\n|-start|p1b: Cresselia|move: Taunt\n|move|p1a: Ursaluna|Facade|p2a: Enamorus\n|-damage|p2a: Enamorus|0 fnt\n|faint|p2a: Enamorus\n|cant|p1b: Cresselia|move: Taunt|Trick Room\n|\n|-heal|p1a: Ursaluna|90\/100 brn|[from] Grassy Terrain\n|-damage|p1a: Ursaluna|84\/100 brn|[from] brn\n|upkeep\n|\n|t:|1700001836\n|switch|p2a: Arcanine|Arcanine-Hisui, L50, F|46\/100\n|-ability|p2a: Arcanine|Intimidate|boost\n|-unboost|p1a: Ursaluna|atk|1\n|-unboost|p1b: Cresselia|atk|1\n|turn|4\n|\n|t:|1700001856\n|-terastallize|p2a: Arcanine|Fairy\n|move|p2b: Rillaboom|Fake Out|p1a: Ursaluna\n|-damage|p1a: Ursaluna|72\/100 brn\n|move|p2a: Arcanine|Tera Blast|p1b: Cresselia|[anim] Tera Blast Fairy\n|-supereffective|p1b: Cresselia\n|-damage|p1b: Cresselia|0 fnt\n|faint|p1b: Cresselia\n|cant|p1a: Ursaluna|flinch\n|\n|-heal|p2a: Arcanine|53\/100|[from] Grassy Terrain\n|-heal|p1a: Ursaluna|78\/100 brn|[from] Grassy Terrain\n|-damage|p1a: Ursaluna|72\/100 brn|[from] brn\n|upkeep\n|\n|t:|1700001868\n|switch|p1b: Armarouge|Armarouge, L50, M|100\/100\n|turn|5\n|\n|t:|1700001890\n|move|p1b: Armarouge|Wide Guard|p1b: Armarouge\n|-singleturn|p1b: Armarouge|Wide Guard\n|move|p2a: Arcanine|Tera Blast|p1a: Ursaluna|[anim] Tera Blast Fairy\n|-damage|p1a: Ursaluna|26\/100 brn\n|move|p2b: Rillaboom|Wood Hammer|p1a: Ursaluna\n|-supereffective|p1a: Ursaluna\n|-damage|p1a: Ursaluna|0 fnt\n|faint|p1a: Ursaluna\n|-damage|p2b: Rillaboom|92\/100|[from] Recoil\n|\n|-heal|p2a: Arcanine|59\/100|[from] Grassy Terrain\n|-heal|p2b: Rillaboom|98\/100|[from] Grassy Terrain\n|upkeep\n|turn|6\n|-message|MarioMwty forfeited.\n|\n|win|SwaseyVGC\n|raw|MarioMwty's rating: 1270 &rarr; <strong>1251<\/strong><br \/>(-19 for losing)\n|raw|SwaseyVGC's rating: 1360 &rarr; <strong>1375<\/strong><br \/>(+15 for winning)\n|l|\u2606MarioMwty\n","uploadtime":1700001905,"views":27,"p1id":"mariomwty","p2id":"swaseyvgc","formatid":"gen9vgc2023regulatione","rating":1251,"private":0,"password":""}