{"id":"gen9vgc2023regulatione-1993900709","p1":"edboiVGC","p2":"mypriestisbad","format":"[Gen 9] VGC 2023 Regulation E","log":"|j|\u2606edboiVGC\n|j|\u2606mypriestisbad\n|t:|1700372375\n|gametype|doubles\n|player|p1|edboiVGC|guitarist|1239\n|player|p2|mypriestisbad|shadowtriad|1340\n|teamsize|p1|6\n|teamsize|p2|6\n|gen|9\n|tier|[Gen 9] VGC 2023 Regulation E\n|rated|\n|rule|Species Clause: Limit one of each Pok\u00e9mon\n|rule|Item Clause: Limit one of each item\n|clearpoke\n|poke|p1|Landorus-Therian, L50, M|\n|poke|p1|Heatran, L50, F|\n|poke|p1|Roaring Moon, L50|\n|poke|p1|Chien-Pao, L50|\n|poke|p1|Amoonguss, L50, F|\n|poke|p1|Iron Hands, L50|\n|poke|p2|Scizor, L50, F|\n|poke|p2|Ogerpon-Wellspring, L50, F|\n|poke|p2|Tornadus, L50, M|\n|poke|p2|Flutter Mane, L50|\n|poke|p2|Landorus-Therian, L50, M|\n|poke|p2|Chi-Yu, L50|\n|teampreview|4\n|inactive|Battle timer is ON: inactive players will automatically lose when time's up. (requested by mypriestisbad)\nedboiVGC has agreed to open team sheets.\n|inactive|edboiVGC has 60 seconds left.\n|\n|t:|1700372407\n|start\n|switch|p1a: Landorus|Landorus-Therian, L50, M|100\/100\n|switch|p1b: Heatran|Heatran, L50, F|100\/100\n|switch|p2a: Flutter Mane|Flutter Mane, L50|100\/100\n|switch|p2b: Chi-Yu|Chi-Yu, L50|100\/100\n|-ability|p1a: Landorus|Intimidate|boost\n|-unboost|p2a: Flutter Mane|atk|1\n|-unboost|p2b: Chi-Yu|atk|1\n|-ability|p2b: Chi-Yu|Beads of Ruin\n|-enditem|p2a: Flutter Mane|Booster Energy\n|-activate|p2a: Flutter Mane|ability: Protosynthesis|[fromitem]\n|-start|p2a: Flutter Mane|protosynthesisspa\n|turn|1\n|inactive|edboiVGC has 30 seconds left.\n|inactive|mypriestisbad has 30 seconds left.\n|inactive|edboiVGC has 20 seconds left.\n|inactive|mypriestisbad has 20 seconds left.\n|\n|t:|1700372447\n|move|p2a: Flutter Mane|Moonblast|p1a: Landorus\n|-damage|p1a: Landorus|2\/100\n|-unboost|p1a: Landorus|spa|1\n|move|p1a: Landorus|Rock Slide|p2b: Chi-Yu|[spread] p2a,p2b\n|-supereffective|p2b: Chi-Yu\n|-damage|p2a: Flutter Mane|53\/100\n|-damage|p2b: Chi-Yu|7\/100\n|-enditem|p2b: Chi-Yu|Sitrus Berry|[eat]\n|-heal|p2b: Chi-Yu|32\/100|[from] item: Sitrus Berry\n|move|p2b: Chi-Yu|Nasty Plot|p2b: Chi-Yu\n|-boost|p2b: Chi-Yu|spa|2\n|move|p1b: Heatran|Flash Cannon|p2a: Flutter Mane\n|-supereffective|p2a: Flutter Mane\n|-damage|p2a: Flutter Mane|0 fnt\n|faint|p2a: Flutter Mane\n|-end|p2a: Flutter Mane|Protosynthesis|[silent]\n|-damage|p1b: Heatran|91\/100|[from] item: Life Orb\n|\n|upkeep\n|\n|t:|1700372458\n|switch|p2a: Landorus|Landorus-Therian, L50, M|100\/100\n|-ability|p2a: Landorus|Intimidate|boost\n|-unboost|p1a: Landorus|atk|1\n|-unboost|p1b: Heatran|atk|1\n|turn|2\n|inactive|edboiVGC has 30 seconds left.\n|\n|t:|1700372483\n|switch|p1a: Iron Hands|Iron Hands, L50|100\/100\n|move|p2b: Chi-Yu|Protect|p2b: Chi-Yu\n|-singleturn|p2b: Chi-Yu|Protect\n|move|p1b: Heatran|Protect|p1b: Heatran\n|-singleturn|p1b: Heatran|Protect\n|move|p2a: Landorus|Rock Slide|p1b: Heatran|[spread] p1a\n|-activate|p1b: Heatran|move: Protect\n|-resisted|p1a: Iron Hands\n|-damage|p1a: Iron Hands|90\/100\n|\n|upkeep\n|turn|3\n|inactive|mypriestisbad has 30 seconds left.\n|inactive|edboiVGC has 30 seconds left.\n|inactive|mypriestisbad has 20 seconds left.\n|\n|t:|1700372523\n|switch|p2a: Scizor|Scizor, L50, F|100\/100\n|-terastallize|p2b: Chi-Yu|Ghost\n|move|p1a: Iron Hands|Fake Out|p2a: Scizor\n|-resisted|p2a: Scizor\n|-damage|p2a: Scizor|93\/100\n|move|p2b: Chi-Yu|Dark Pulse|p1b: Heatran\n|-damage|p1b: Heatran|0 fnt\n|faint|p1b: Heatran\n|\n|upkeep\n|\n|t:|1700372541\n|switch|p1b: Roaring Moon|Roaring Moon, L50|100\/100\n|-enditem|p1b: Roaring Moon|Booster Energy\n|-activate|p1b: Roaring Moon|ability: Protosynthesis|[fromitem]\n|-start|p1b: Roaring Moon|protosynthesisspe\n|turn|4\n|\n|t:|1700372563\n|move|p1b: Roaring Moon|Knock Off|p2b: Chi-Yu\n|-supereffective|p2b: Chi-Yu\n|-damage|p2b: Chi-Yu|0 fnt\n|faint|p2b: Chi-Yu\n|move|p2a: Scizor|Close Combat|p1b: Roaring Moon\n|-supereffective|p1b: Roaring Moon\n|-damage|p1b: Roaring Moon|0 fnt\n|-unboost|p2a: Scizor|def|1\n|-unboost|p2a: Scizor|spd|1\n|faint|p1b: Roaring Moon\n|-end|p1b: Roaring Moon|Protosynthesis|[silent]\n|-damage|p2a: Scizor|84\/100|[from] item: Life Orb\n|move|p1a: Iron Hands|Drain Punch|p2a: Scizor\n|-damage|p2a: Scizor|22\/100\n|-heal|p1a: Iron Hands|100\/100|[from] drain|[of] p2a: Scizor\n|\n|upkeep\n|\n|t:|1700372580\n|switch|p1b: Landorus|Landorus-Therian, L50, M|2\/100\n|switch|p2b: Landorus|Landorus-Therian, L50, M|100\/100\n|-ability|p2b: Landorus|Intimidate|boost\n|-unboost|p1a: Iron Hands|atk|1\n|-unboost|p1b: Landorus|atk|1\n|-ability|p1b: Landorus|Intimidate|boost\n|-unboost|p2a: Scizor|atk|1\n|-unboost|p2b: Landorus|atk|1\n|turn|5\n|\n|t:|1700372603\n|move|p2a: Scizor|Bullet Punch|p1b: Landorus\n|-damage|p1b: Landorus|0 fnt\n|faint|p1b: Landorus\n|-damage|p2a: Scizor|12\/100|[from] item: Life Orb\n|move|p2b: Landorus|Stomping Tantrum|p1a: Iron Hands\n|-supereffective|p1a: Iron Hands\n|-crit|p1a: Iron Hands\n|-damage|p1a: Iron Hands|0 fnt\n|faint|p1a: Iron Hands\n|-end|p1a: Iron Hands|Quark Drive|[silent]\n|\n|win|mypriestisbad\n|raw|edboiVGC's rating: 1239 &rarr; <strong>1221<\/strong><br \/>(-18 for losing)\n|raw|mypriestisbad's rating: 1340 &rarr; <strong>1354<\/strong><br \/>(+14 for winning)\n|c|\u2606mypriestisbad|Cmon mister VGC\n|l|\u2606edboiVGC\n","uploadtime":1700372655,"views":10,"p1id":"edboivgc","p2id":"mypriestisbad","formatid":"gen9vgc2023regulatione","rating":1221,"private":0,"password":""}