{"id":"gen9vgc2023regulatione-2000430710","p1":"Networkilla007","p2":"bandstudent","format":"[Gen 9] VGC 2023 Regulation E","log":"|j|\u2606Networkilla007\n|j|\u2606bandstudent\n|t:|1701194180\n|gametype|doubles\n|player|p1|Networkilla007|acetrainerf|1121\n|player|p2|bandstudent|ingo|1134\n|teamsize|p1|6\n|teamsize|p2|6\n|gen|9\n|tier|[Gen 9] VGC 2023 Regulation E\n|rated|\n|rule|Species Clause: Limit one of each Pok\u00e9mon\n|rule|Item Clause: Limit one of each item\n|clearpoke\n|poke|p1|Wo-Chien, L50|\n|poke|p1|Dusclops, L50, M|\n|poke|p1|Ting-Lu, L50|\n|poke|p1|Sinistcha-Masterpiece, L50|\n|poke|p1|Arcanine, L50, F|\n|poke|p1|Munkidori, L50, M|\n|poke|p2|Snorlax, L50, M|\n|poke|p2|Sinistcha, L50|\n|poke|p2|Kommo-o, L50, M|\n|poke|p2|Iron Hands, L50|\n|poke|p2|Landorus-Therian, L50, M|\n|poke|p2|Clefairy, L50, F|\n|teampreview|4\nbandstudent has agreed to open team sheets.\n|\n|t:|1701194219\n|start\n|switch|p1a: Arcanine|Arcanine, L50, F|100\/100\n|switch|p1b: Munkidori|Munkidori, L50, M|100\/100\n|switch|p2a: Snorlax|Snorlax, L50, M|100\/100\n|switch|p2b: Landorus|Landorus-Therian, L50, M|100\/100\n|-ability|p2b: Landorus|Intimidate|boost\n|-unboost|p1a: Arcanine|atk|1\n|-unboost|p1b: Munkidori|atk|1\n|-ability|p1a: Arcanine|Intimidate|boost\n|-unboost|p2a: Snorlax|atk|1\n|-unboost|p2b: Landorus|atk|1\n|turn|1\n|\n|t:|1701194251\n|move|p2a: Snorlax|Protect|p2a: Snorlax\n|-singleturn|p2a: Snorlax|Protect\n|move|p1b: Munkidori|Fake Out|p2a: Snorlax\n|-activate|p2a: Snorlax|move: Protect\n|move|p2b: Landorus|U-turn|p1b: Munkidori\n|-crit|p1b: Munkidori\n|-damage|p1b: Munkidori|54\/100\n|\n|t:|1701194260\n|switch|p2b: Sinistcha|Sinistcha, L50|100\/100|[from] U-turn\n|move|p1a: Arcanine|Fire Spin|p2a: Snorlax\n|-activate|p2a: Snorlax|move: Protect\n|\n|-heal|p1b: Munkidori|60\/100|[from] item: Black Sludge\n|upkeep\n|turn|2\n|\n|t:|1701194289\n|-terastallize|p1a: Arcanine|Steel\n|move|p1b: Munkidori|Sludge Wave|p2a: Snorlax|[spread] p2a,p2b\n|-immune|p1a: Arcanine\n|-damage|p2a: Snorlax|82\/100\n|-damage|p2b: Sinistcha|74\/100\n|move|p1a: Arcanine|Fire Spin|p2a: Snorlax\n|-damage|p2a: Snorlax|78\/100\n|-activate|p2a: Snorlax|move: Fire Spin|[of] p1a: Arcanine\n|move|p2a: Snorlax|Belly Drum|p2a: Snorlax\n|-damage|p2a: Snorlax|28\/100\n|-setboost|p2a: Snorlax|atk|6|[from] move: Belly Drum\n|-enditem|p2a: Snorlax|Sitrus Berry|[eat]\n|-heal|p2a: Snorlax|53\/100|[from] item: Sitrus Berry\n|move|p2b: Sinistcha|Trick Room|p2b: Sinistcha\n|-fieldstart|move: Trick Room|[of] p2b: Sinistcha\n|\n|-heal|p1b: Munkidori|65\/100|[from] item: Black Sludge\n|-damage|p2a: Snorlax|37\/100|[from] move: Fire Spin|[partiallytrapped]\n|upkeep\n|turn|3\n|\n|t:|1701194324\n|switch|p2b: Iron Hands|Iron Hands, L50|100\/100\n|move|p1a: Arcanine|Protect|p1a: Arcanine\n|-singleturn|p1a: Arcanine|Protect\n|move|p2a: Snorlax|Facade|p1b: Munkidori\n|-damage|p1b: Munkidori|0 fnt\n|faint|p1b: Munkidori\n|\n|-damage|p2a: Snorlax|20\/100|[from] move: Fire Spin|[partiallytrapped]\n|upkeep\n|\n|t:|1701194339\n|switch|p1b: Wo-Chien|Wo-Chien, L50|100\/100\n|-ability|p1b: Wo-Chien|Tablets of Ruin\n|turn|4\n|inactive|Battle timer is ON: inactive players will automatically lose when time's up. (requested by bandstudent)\n|\n|t:|1701194384\n|-end|p2b: Iron Hands|Quark Drive|[silent]\n|switch|p2b: Sinistcha|Sinistcha, L50|74\/100\n|-heal|p2a: Snorlax|45\/100|[from] ability: Hospitality|[of] p2b: Sinistcha\n|move|p2a: Snorlax|High Horsepower|p1a: Arcanine\n|-supereffective|p1a: Arcanine\n|-damage|p1a: Arcanine|0 fnt\n|faint|p1a: Arcanine\n|move|p1b: Wo-Chien|Leech Seed|p2a: Snorlax\n|-start|p2a: Snorlax|move: Leech Seed\n|\n|-damage|p2a: Snorlax|33\/100|[from] Leech Seed|[of] p1b: Wo-Chien\n|-end|p2a: Snorlax|Fire Spin|[partiallytrapped]|[silent]\n|upkeep\n|\n|t:|1701194398\n|switch|p1a: Ting-Lu|Ting-Lu, L50|100\/100\n|-ability|p1a: Ting-Lu|Vessel of Ruin\n|turn|5\n|inactive|Networkilla007 has 30 seconds left.\n|inactive|Networkilla007 has 20 seconds left.\n|inactive|Networkilla007 has 15 seconds left.\n|\n|t:|1701194438\n|move|p2b: Sinistcha|Rage Powder|p2b: Sinistcha\n|-singleturn|p2b: Sinistcha|move: Rage Powder\n|move|p2a: Snorlax|Facade|p1b: Wo-Chien\n|-damage|p1b: Wo-Chien|32\/100\n|move|p1a: Ting-Lu|Sand Tomb|p2b: Sinistcha\n|-resisted|p2b: Sinistcha\n|-damage|p2b: Sinistcha|68\/100\n|-activate|p2b: Sinistcha|move: Sand Tomb|[of] p1a: Ting-Lu\n|move|p1b: Wo-Chien|Ruination|p2b: Sinistcha\n|-damage|p2b: Sinistcha|35\/100\n|\n|-heal|p1b: Wo-Chien|38\/100|[from] item: Leftovers\n|-damage|p2a: Snorlax|20\/100|[from] Leech Seed|[of] p1b: Wo-Chien\n|-heal|p1b: Wo-Chien|53\/100|[silent]\n|-damage|p2b: Sinistcha|22\/100|[from] move: Sand Tomb|[partiallytrapped]\n|upkeep\n|turn|6\n|\n|t:|1701194461\n|move|p1b: Wo-Chien|Protect|p1b: Wo-Chien\n|-singleturn|p1b: Wo-Chien|Protect\n|move|p2a: Snorlax|Facade|p1b: Wo-Chien\n|-activate|p1b: Wo-Chien|move: Protect\n|move|p1a: Ting-Lu|Stomping Tantrum|p2a: Snorlax\n|-damage|p2a: Snorlax|0 fnt\n|faint|p2a: Snorlax\n|move|p2b: Sinistcha|Strength Sap|p1a: Ting-Lu\n|-unboost|p1a: Ting-Lu|atk|1\n|-heal|p2b: Sinistcha|100\/100\n|\n|-heal|p1b: Wo-Chien|59\/100|[from] item: Leftovers\n|-damage|p2b: Sinistcha|88\/100|[from] move: Sand Tomb|[partiallytrapped]\n|-fieldend|move: Trick Room\n|upkeep\n|\n|t:|1701194478\n|switch|p2a: Landorus|Landorus-Therian, L50, M|100\/100\n|-ability|p2a: Landorus|Intimidate|boost\n|-unboost|p1a: Ting-Lu|atk|1\n|-unboost|p1b: Wo-Chien|atk|1\n|turn|7\n|\n|t:|1701194496\n|-terastallize|p2a: Landorus|Flying\n|move|p2a: Landorus|Tera Blast|p1b: Wo-Chien|[anim] Tera Blast Flying\n|-supereffective|p1b: Wo-Chien\n|-damage|p1b: Wo-Chien|0 fnt\n|faint|p1b: Wo-Chien\n|move|p2b: Sinistcha|Matcha Gotcha|p1a: Ting-Lu\n|-supereffective|p1a: Ting-Lu\n|-damage|p1a: Ting-Lu|78\/100\n|-heal|p2b: Sinistcha|100\/100|[from] drain|[of] p1a: Ting-Lu\n|-status|p1a: Ting-Lu|brn\n|move|p1a: Ting-Lu|Fissure|p2b: Sinistcha|[miss]\n|-miss|p1a: Ting-Lu|p2b: Sinistcha\n|\n|-damage|p1a: Ting-Lu|72\/100 brn|[from] brn\n|-damage|p2b: Sinistcha|88\/100|[from] move: Sand Tomb|[partiallytrapped]\n|upkeep\n|turn|8\n|-message|Networkilla007 forfeited.\n|\n|win|bandstudent\n|raw|Networkilla007's rating: 1121 &rarr; <strong>1097<\/strong><br \/>(-24 for losing)\n|raw|bandstudent's rating: 1134 &rarr; <strong>1158<\/strong><br \/>(+24 for winning)\n|l|\u2606Networkilla007\n|c|\u2606bandstudent|gg\n","uploadtime":1701194545,"views":11,"p1id":"networkilla007","p2id":"bandstudent","formatid":"gen9vgc2023regulatione","rating":1097,"private":0,"password":""}