{"id":"gen9vgc2023regulatione-1993802517","p1":"JayMcG1010","p2":"NovaSirius","format":"[Gen 9] VGC 2023 Regulation E","log":"|j|\u2606JayMcG1010\n|j|\u203dNovaSirius\n|n|\u2606JayMcG1010|jaymcg1010\n|n|\u203dNovaSirius|novasirius\n|html|View the match progress at <a href=\"\/game-bestof3-gen9vgc2023regulatione-1993799200\">game-bestof3-gen9vgc2023regulatione-1993799200<\/a>\n|t:|1700359083\n|gametype|doubles\n|player|p1|JayMcG1010|266|\n|player|p2|NovaSirius|clair|\n|teamsize|p1|6\n|teamsize|p2|6\n|gen|9\n|tier|[Gen 9] VGC 2023 Regulation E\n|rule|Species Clause: Limit one of each Pok\u00e9mon\n|rule|Item Clause: Limit one of each item\n|clearpoke\n|poke|p1|Torterra, L50, F|\n|poke|p1|Rotom-Frost, L50|\n|poke|p1|Sentret, L50, F|\n|poke|p1|Dusknoir, L50, M|\n|poke|p1|Tatsugiri, L50, M|\n|poke|p1|Gardevoir, L50, M|\n|poke|p2|Vivillon-Monsoon, L50, F|\n|poke|p2|Uxie, L50|\n|poke|p2|Ludicolo, L50, M|\n|poke|p2|Clodsire, L50, F|\n|poke|p2|Barraskewda, L50, M|\n|poke|p2|Luxray, L50, M|\n|teampreview|4\nNovaSirius rejected open team sheets.\n|c|\u2606JayMcG1010|glhf\n|\n|t:|1700359159\n|start\n|switch|p1a: So Sad|Sentret, L50, F|100\/100\n|switch|p1b: Its Broken|Rotom-Frost, L50|100\/100\n|switch|p2a: Uxie|Uxie, L50|100\/100\n|switch|p2b: Barraskewda|Barraskewda, L50, M|100\/100\n|-item|p2a: Uxie|Figy Berry|[from] ability: Frisk|[of] p1a: So Sad|[identify]\n|-item|p2b: Barraskewda|Choice Band|[from] ability: Frisk|[of] p1a: So Sad|[identify]\n|turn|1\n|\n|t:|1700359184\n|switch|p2b: Ludicolo|Ludicolo, L50, M|100\/100\n|-terastallize|p1b: Its Broken|Grass\n|move|p1a: So Sad|Follow Me|p1a: So Sad\n|-singleturn|p1a: So Sad|move: Follow Me\n|move|p2a: Uxie|Rain Dance|p2a: Uxie\n|-weather|RainDance\n|move|p1b: Its Broken|Nasty Plot|p1b: Its Broken\n|-boost|p1b: Its Broken|spa|2\n|\n|-weather|RainDance|[upkeep]\n|upkeep\n|turn|2\n|\n|t:|1700359219\n|move|p1a: So Sad|Follow Me|p1a: So Sad\n|-singleturn|p1a: So Sad|move: Follow Me\n|move|p2b: Ludicolo|Ice Beam|p1a: So Sad\n|-damage|p1a: So Sad|64\/100\n|-status|p1a: So Sad|frz\n|move|p2a: Uxie|Knock Off|p1a: So Sad\n|-damage|p1a: So Sad|42\/100 frz\n|-enditem|p1a: So Sad|Eviolite|[from] move: Knock Off|[of] p2a: Uxie\n|move|p1b: Its Broken|Blizzard|p2b: Ludicolo|[spread] p2a,p2b\n|-damage|p2a: Uxie|59\/100\n|-damage|p2b: Ludicolo|40\/100\n|\n|-weather|RainDance|[upkeep]\n|upkeep\n|turn|3\n|c|\u2606JayMcG1010|so sad :(\n|\n|t:|1700359247\n|-curestatus|p1a: So Sad|frz|[msg]\n|move|p1a: So Sad|Follow Me|p1a: So Sad\n|-singleturn|p1a: So Sad|move: Follow Me\n|move|p2b: Ludicolo|Ice Beam|p1a: So Sad\n|-damage|p1a: So Sad|0 fnt\n|faint|p1a: So Sad\n|move|p2a: Uxie|Knock Off|p1b: Its Broken\n|-damage|p1b: Its Broken|81\/100\n|-enditem|p1b: Its Broken|Sitrus Berry|[from] move: Knock Off|[of] p2a: Uxie\n|move|p1b: Its Broken|Blizzard|p2a: Uxie|[spread] p2a,p2b\n|-damage|p2a: Uxie|13\/100\n|-damage|p2b: Ludicolo|0 fnt\n|-enditem|p2a: Uxie|Figy Berry|[eat]\n|-heal|p2a: Uxie|46\/100|[from] item: Figy Berry\n|faint|p2b: Ludicolo\n|\n|-weather|RainDance|[upkeep]\n|upkeep\n|\n|t:|1700359263\n|switch|p2b: Barraskewda|Barraskewda, L50, M|100\/100\n|switch|p1a: I hit it well|Dusknoir, L50, M|100\/100\n|-item|p2b: Barraskewda|Choice Band|[from] ability: Frisk|[of] p1a: I hit it well|[identify]\n|turn|4\n|\n|t:|1700359279\n|move|p1b: Its Broken|Protect|p1b: Its Broken\n|-singleturn|p1b: Its Broken|Protect\n|move|p2b: Barraskewda|Ice Fang|p1b: Its Broken\n|-activate|p1b: Its Broken|move: Protect\n|move|p2a: Uxie|Knock Off|p1a: I hit it well\n|-supereffective|p1a: I hit it well\n|-damage|p1a: I hit it well|65\/100\n|-enditem|p1a: I hit it well|Safety Goggles|[from] move: Knock Off|[of] p2a: Uxie\n|move|p1a: I hit it well|Trick Room|p1a: I hit it well\n|-fieldstart|move: Trick Room|[of] p1a: I hit it well\n|\n|-weather|RainDance|[upkeep]\n|upkeep\n|turn|5\n|\n|t:|1700359294\n|move|p2a: Uxie|Ally Switch|p2a: Uxie\n|swap|p2a: Uxie|1|[from] move: Ally Switch\n|move|p1a: I hit it well|Poltergeist|p2a: Barraskewda\n|-activate|p2a: Barraskewda|move: Poltergeist|Choice Band\n|-damage|p2a: Barraskewda|6\/100\n|move|p1b: Its Broken|Discharge|p2b: Uxie|[spread] p1a,p2a,p2b\n|-supereffective|p2a: Barraskewda\n|-damage|p1a: I hit it well|22\/100\n|-damage|p2a: Barraskewda|0 fnt\n|-damage|p2b: Uxie|11\/100\n|-status|p1a: I hit it well|par\n|faint|p2a: Barraskewda\n|\n|-weather|none\n|upkeep\n|\n|t:|1700359305\n|switch|p2a: Luxray|Luxray, L50, M|100\/100\n|-ability|p2a: Luxray|Intimidate|boost\n|-unboost|p1a: I hit it well|atk|1\n|-unboost|p1b: Its Broken|atk|1\n|turn|6\n|\n|t:|1700359314\n|-terastallize|p2a: Luxray|Steel\n|move|p2b: Uxie|Protect||[still]\n|-fail|p2b: Uxie\n|move|p1a: I hit it well|Poltergeist||[still]\n|-fail|p1a: I hit it well\n|move|p2a: Luxray|Tera Blast|p1b: Its Broken|[anim] Tera Blast Steel\n|-damage|p1b: Its Broken|35\/100\n|move|p1b: Its Broken|Blizzard|p2b: Uxie|[spread] \n|-miss|p1b: Its Broken|p2a: Luxray\n|-miss|p1b: Its Broken|p2b: Uxie\n|\n|upkeep\n|turn|7\n|\n|t:|1700359341\n|move|p1b: Its Broken|Protect|p1b: Its Broken\n|-singleturn|p1b: Its Broken|Protect\n|move|p2b: Uxie|Protect|p2b: Uxie\n|-singleturn|p2b: Uxie|Protect\n|move|p1a: I hit it well|Poltergeist|p2a: Luxray|[miss]\n|-miss|p1a: I hit it well|p2a: Luxray\n|move|p2a: Luxray|Tera Blast|p1b: Its Broken|[anim] Tera Blast Steel\n|-activate|p1b: Its Broken|move: Protect\n|\n|upkeep\n|turn|8\n|\n|t:|1700359365\n|move|p1b: Its Broken|Protect||[still]\n|-fail|p1b: Its Broken\n|move|p2b: Uxie|Protect||[still]\n|-fail|p2b: Uxie\n|cant|p1a: I hit it well|par\n|move|p2a: Luxray|Tera Blast|p1b: Its Broken|[anim] Tera Blast Steel\n|-damage|p1b: Its Broken|0 fnt\n|faint|p1b: Its Broken\n|\n|-fieldend|move: Trick Room\n|upkeep\n|\n|t:|1700359374\n|switch|p1b: BroKen|Gardevoir, L50, M|100\/100\n|turn|9\n|\n|t:|1700359387\n|move|p2b: Uxie|Ally Switch|p2b: Uxie\n|swap|p2b: Uxie|0|[from] move: Ally Switch\n|move|p1b: BroKen|Dazzling Gleam|p2a: Uxie|[spread] p2a,p2b\n|-resisted|p2b: Luxray\n|-damage|p2a: Uxie|0 fnt\n|-damage|p2b: Luxray|75\/100\n|faint|p2a: Uxie\n|-damage|p1b: BroKen|91\/100|[from] item: Life Orb\n|move|p2b: Luxray|Tera Blast|p1b: BroKen|[anim] Tera Blast Steel\n|-supereffective|p1b: BroKen\n|-damage|p1b: BroKen|0 fnt\n|faint|p1b: BroKen\n|move|p1a: I hit it well|Poltergeist|p2b: Luxray\n|-activate|p2b: Luxray|move: Poltergeist|Expert Belt\n|-damage|p2b: Luxray|36\/100\n|\n|upkeep\n|turn|10\n|c|\u2606JayMcG1010|gg\n|\n|t:|1700359403\n|move|p2b: Luxray|Tera Blast|p1a: I hit it well|[anim] Tera Blast Steel\n|-damage|p1a: I hit it well|0 fnt\n|faint|p1a: I hit it well\n|\n|win|NovaSirius\n|c|&|\/uhtml prompt-jaymcg1010,JayMcG1010 is ready for game 3!\n|inactive|NovaSirius has 50 seconds to confirm battle start!\n|c|&|\/uhtml prompt-novasirius,NovaSirius is ready for game 3!\nBoth players are ready! Starting next match!\n|l|\u203dNovaSirius\n","uploadtime":1700359976,"views":21,"p1id":"jaymcg1010","p2id":"novasirius","formatid":"gen9vgc2023regulatione","rating":0,"private":0,"password":""}