{"id":"gen9vgc2023regulatione-1992955012","p1":"vini200","p2":"anirudhthe","format":"[Gen 9] VGC 2023 Regulation E","log":"|j|\u2606vini200\n|j|\u2606anirudhthe\n|t:|1700249998\n|gametype|doubles\n|player|p1|vini200|benga|1043\n|player|p2|anirudhthe|101|1064\n|teamsize|p1|6\n|teamsize|p2|6\n|gen|9\n|tier|[Gen 9] VGC 2023 Regulation E\n|rated|\n|rule|Species Clause: Limit one of each Pok\u00e9mon\n|rule|Item Clause: Limit one of each item\n|clearpoke\n|poke|p1|Samurott-Hisui, L50, F|\n|poke|p1|Kleavor, L50, M|\n|poke|p1|Iron Bundle, L50|\n|poke|p1|Gholdengo, L50|\n|poke|p1|Ninetales-Alola, L50, M|\n|poke|p1|Roaring Moon, L50|\n|poke|p2|Regidrago, L50|\n|poke|p2|Tornadus, L50, M|\n|poke|p2|Clefairy, L50, M|\n|poke|p2|Landorus-Therian, L50, M|\n|poke|p2|Flutter Mane, L50|\n|poke|p2|Sinistcha, L50|\n|teampreview|4\n|\n|t:|1700250019\n|start\n|switch|p1a: WillHunting|Roaring Moon, L50|100\/100\n|switch|p1b: Naruto|Ninetales-Alola, L50, M, shiny|100\/100\n|switch|p2a: Regidrago|Regidrago, L50|100\/100\n|switch|p2b: Clefairy|Clefairy, L50, M|100\/100\n|-weather|Snow|[from] ability: Snow Warning|[of] p1b: Naruto\n|-enditem|p1a: WillHunting|Booster Energy\n|-activate|p1a: WillHunting|ability: Protosynthesis|[fromitem]\n|-start|p1a: WillHunting|protosynthesisspe\n|turn|1\n|\n|t:|1700250046\n|-end|p1a: WillHunting|Protosynthesis|[silent]\n|switch|p1a: Midgeabean|Gholdengo, L50|100\/100\n|move|p2b: Clefairy|Follow Me|p2b: Clefairy\n|-singleturn|p2b: Clefairy|move: Follow Me\n|move|p1b: Naruto|Aurora Veil|p1b: Naruto\n|-sidestart|p1: vini200|move: Aurora Veil\n|move|p2a: Regidrago|Dragon Energy|p1a: Midgeabean|[spread] p1a\n|-immune|p1b: Naruto\n|-resisted|p1a: Midgeabean\n|-damage|p1a: Midgeabean|71\/100\n|\n|-weather|Snow|[upkeep]\n|-heal|p1a: Midgeabean|77\/100|[from] item: Leftovers\n|upkeep\n|turn|2\n|\n|t:|1700250066\n|-terastallize|p2a: Regidrago|Steel\n|move|p1b: Naruto|Helping Hand|p1a: Midgeabean\n|-immune|p1a: Midgeabean|[from] ability: Good as Gold\n|move|p2b: Clefairy|Helping Hand|p2a: Regidrago\n|-singleturn|p2a: Regidrago|Helping Hand|[of] p2b: Clefairy\n|move|p1a: Midgeabean|Make It Rain|p2a: Regidrago|[spread] p2a,p2b\n|-resisted|p2a: Regidrago\n|-supereffective|p2b: Clefairy\n|-damage|p2a: Regidrago|82\/100\n|-damage|p2b: Clefairy|35\/100\n|-unboost|p1a: Midgeabean|spa|1\n|move|p2a: Regidrago|Dragon Energy|p1b: Naruto|[spread] p1a\n|-immune|p1b: Naruto\n|-resisted|p1a: Midgeabean\n|-damage|p1a: Midgeabean|45\/100\n|\n|-weather|Snow|[upkeep]\n|-heal|p1a: Midgeabean|51\/100|[from] item: Leftovers\n|upkeep\n|turn|3\n|\n|t:|1700250095\n|switch|p1a: Mind_Ctrl|Iron Bundle, L50, shiny|100\/100\n|switch|p2b: Sinistcha|Sinistcha, L50|100\/100\n|-heal|p2a: Regidrago|100\/100|[from] ability: Hospitality|[of] p2b: Sinistcha\n|move|p2a: Regidrago|Protect|p2a: Regidrago\n|-singleturn|p2a: Regidrago|Protect\n|move|p1b: Naruto|Encore|p2a: Regidrago\n|-activate|p2a: Regidrago|move: Protect\n|\n|-weather|Snow|[upkeep]\n|upkeep\n|turn|4\n|\n|t:|1700250119\n|move|p2b: Sinistcha|Rage Powder|p2b: Sinistcha\n|-singleturn|p2b: Sinistcha|move: Rage Powder\n|move|p1a: Mind_Ctrl|Freeze-Dry|p2b: Sinistcha\n|-supereffective|p2b: Sinistcha\n|-damage|p2b: Sinistcha|23\/100\n|move|p1b: Naruto|Icy Wind|p2b: Sinistcha|[spread] p2a\n|-miss|p1b: Naruto|p2b: Sinistcha\n|-resisted|p2a: Regidrago\n|-damage|p2a: Regidrago|95\/100\n|-unboost|p2a: Regidrago|spe|1\n|move|p2a: Regidrago|Dragon Energy|p1b: Naruto|[spread] p1a\n|-immune|p1b: Naruto\n|-enditem|p1a: Mind_Ctrl|Focus Sash\n|-damage|p1a: Mind_Ctrl|1\/100\n|\n|-weather|Snow|[upkeep]\n|upkeep\n|turn|5\n|\n|t:|1700250146\n|move|p2a: Regidrago|Protect|p2a: Regidrago\n|-singleturn|p2a: Regidrago|Protect\n|move|p1a: Mind_Ctrl|Freeze-Dry|p2b: Sinistcha\n|-supereffective|p2b: Sinistcha\n|-damage|p2b: Sinistcha|0 fnt\n|faint|p2b: Sinistcha\n|move|p1b: Naruto|Encore|p2a: Regidrago\n|-activate|p2a: Regidrago|move: Protect\n|\n|-weather|none\n|-sideend|p1: vini200|move: Aurora Veil\n|upkeep\n|\n|t:|1700250157\n|switch|p2b: Clefairy|Clefairy, L50, M|35\/100\n|turn|6\n|\n|t:|1700250182\n|switch|p1b: Midgeabean|Gholdengo, L50|51\/100\n|switch|p2a: Landorus|Landorus-Therian, L50, M|100\/100\n|-ability|p2a: Landorus|Intimidate|boost\n|-unboost|p1a: Mind_Ctrl|atk|1\n|-unboost|p1b: Midgeabean|atk|1\n|move|p2b: Clefairy|Protect|p2b: Clefairy\n|-singleturn|p2b: Clefairy|Protect\n|move|p1a: Mind_Ctrl|Freeze-Dry|p2b: Clefairy\n|-activate|p2b: Clefairy|move: Protect\n|\n|-heal|p1b: Midgeabean|57\/100|[from] item: Leftovers\n|upkeep\n|turn|7\n|\n|t:|1700250208\n|-terastallize|p1a: Mind_Ctrl|Grass\n|move|p2b: Clefairy|Follow Me|p2b: Clefairy\n|-singleturn|p2b: Clefairy|move: Follow Me\n|move|p1a: Mind_Ctrl|Tera Blast|p2b: Clefairy|[anim] Tera Blast Grass\n|-damage|p2b: Clefairy|6\/100\n|move|p1b: Midgeabean|Make It Rain|p2b: Clefairy|[spread] p2a,p2b\n|-crit|p2a: Landorus\n|-supereffective|p2b: Clefairy\n|-damage|p2a: Landorus|44\/100\n|-damage|p2b: Clefairy|0 fnt\n|-unboost|p1b: Midgeabean|spa|1\n|faint|p2b: Clefairy\n|move|p2a: Landorus|Earthquake|p1b: Midgeabean|[spread] p1a,p1b\n|-resisted|p1a: Mind_Ctrl\n|-supereffective|p1b: Midgeabean\n|-damage|p1a: Mind_Ctrl|0 fnt\n|-damage|p1b: Midgeabean|0 fnt\n|faint|p1a: Mind_Ctrl\n|-end|p1a: Mind_Ctrl|Quark Drive|[silent]\n|faint|p1b: Midgeabean\n|\n|upkeep\n|\n|t:|1700250227\n|switch|p1a: Naruto|Ninetales-Alola, L50, M, shiny|100\/100\n|switch|p1b: WillHunting|Roaring Moon, L50|100\/100\n|switch|p2b: Regidrago|Regidrago, L50, tera:Steel|95\/100\n|-weather|Snow|[from] ability: Snow Warning|[of] p1a: Naruto\n|turn|8\n|\n|t:|1700250239\n|move|p2b: Regidrago|Protect|p2b: Regidrago\n|-singleturn|p2b: Regidrago|Protect\n|move|p1b: WillHunting|Breaking Swipe|p2a: Landorus|[spread] p2a\n|-activate|p2b: Regidrago|move: Protect\n|-damage|p2a: Landorus|20\/100\n|-unboost|p2a: Landorus|atk|1\n|move|p1a: Naruto|Icy Wind|p2b: Regidrago|[spread] p2a\n|-activate|p2b: Regidrago|move: Protect\n|-supereffective|p2a: Landorus\n|-damage|p2a: Landorus|0 fnt\n|faint|p2a: Landorus\n|\n|-weather|Snow|[upkeep]\n|upkeep\n|turn|9\n|-message|anirudhthe forfeited.\n|\n|win|vini200\n|raw|vini200's rating: 1043 &rarr; <strong>1079<\/strong><br \/>(+36 for winning)\n|raw|anirudhthe's rating: 1064 &rarr; <strong>1043<\/strong><br \/>(-21 for losing)\n|l|\u2606anirudhthe\n","uploadtime":1700250258,"views":9,"p1id":"vini200","p2id":"anirudhthe","formatid":"gen9vgc2023regulatione","rating":1043,"private":0,"password":""}