{"id":"gen9vgc2023regulatione-1996179253","p1":"DaniCV03","p2":"martinat0r","format":"[Gen 9] VGC 2023 Regulation E","log":"|j|\u2606DaniCV03\n|j|\u2606martinat0r\n|t:|1700655686\n|gametype|doubles\n|player|p1|DaniCV03|swimmer-gen4dp|\n|player|p2|martinat0r|roark|\n|teamsize|p1|6\n|teamsize|p2|6\n|gen|9\n|tier|[Gen 9] VGC 2023 Regulation E\n|rule|Species Clause: Limit one of each Pok\u00e9mon\n|rule|Item Clause: Limit one of each item\n|clearpoke\n|poke|p1|Flutter Mane, L50|\n|poke|p1|Arcanine-Hisui, L50, M|\n|poke|p1|Rillaboom, L50, M|\n|poke|p1|Milotic, L50, F|\n|poke|p1|Iron Hands, L50|\n|poke|p1|Cresselia, L50, F|\n|poke|p2|Iron Hands, L50|\n|poke|p2|Rillaboom, L50, M|\n|poke|p2|Urshifu-*, L50, M|\n|poke|p2|Maushold, L50|\n|poke|p2|Flutter Mane, L50|\n|poke|p2|Chi-Yu, L50|\n|teampreview|4\n|inactive|Battle timer is ON: inactive players will automatically lose when time's up. (requested by DaniCV03)\n|\n|t:|1700655730\n|start\n|switch|p1a: Cresselia|Cresselia, L50, F|100\/100\n|switch|p1b: Arcanine|Arcanine-Hisui, L50, M, shiny|100\/100\n|switch|p2a: Maushold|Maushold, L50|100\/100\n|switch|p2b: Flutter Mane|Flutter Mane, L50|100\/100\n|-ability|p1b: Arcanine|Intimidate|boost\n|-unboost|p2a: Maushold|atk|1\n|-unboost|p2b: Flutter Mane|atk|1\n|-enditem|p2b: Flutter Mane|Booster Energy\n|-activate|p2b: Flutter Mane|ability: Protosynthesis|[fromitem]\n|-start|p2b: Flutter Mane|protosynthesisspe\n|turn|1\n|inactive|DaniCV03 has 30 seconds left.\n|inactive|martinat0r has 30 seconds left.\n|inactive|DaniCV03 has 20 seconds left.\n|inactive|martinat0r has 20 seconds left.\n|inactive|DaniCV03 has 15 seconds left.\n|inactive|martinat0r has 15 seconds left.\n|inactive|martinat0r has 10 seconds left.\n|inactive|martinat0r has 5 seconds left.\n|inactive|DaniCV03 has 10 seconds left.\n|\n|t:|1700655786\n|switch|p1a: Iron Hands|Iron Hands, L50|100\/100\n|move|p2a: Maushold|Helping Hand|p2b: Flutter Mane\n|-singleturn|p2b: Flutter Mane|Helping Hand|[of] p2a: Maushold\n|move|p2b: Flutter Mane|Shadow Ball|p1a: Iron Hands\n|-damage|p1a: Iron Hands|67\/100\n|move|p1b: Arcanine|Flare Blitz|p2b: Flutter Mane\n|-damage|p2b: Flutter Mane|27\/100\n|-damage|p1b: Arcanine|81\/100|[from] Recoil\n|\n|upkeep\n|turn|2\n|inactive|martinat0r has 30 seconds left.\n|\n|t:|1700655813\n|move|p2a: Maushold|Protect|p2a: Maushold\n|-singleturn|p2a: Maushold|Protect\n|move|p1a: Iron Hands|Fake Out|p2a: Maushold\n|-activate|p2a: Maushold|move: Protect\n|move|p2b: Flutter Mane|Draining Kiss|p1a: Iron Hands\n|-supereffective|p1a: Iron Hands\n|-damage|p1a: Iron Hands|39\/100\n|-heal|p2b: Flutter Mane|62\/100|[from] drain|[of] p1a: Iron Hands\n|move|p1b: Arcanine|Rock Slide|p2a: Maushold|[spread] p2b\n|-activate|p2a: Maushold|move: Protect\n|-damage|p2b: Flutter Mane|28\/100\n|\n|upkeep\n|turn|3\n|\n|t:|1700655838\n|move|p2a: Maushold|Helping Hand|p2b: Flutter Mane\n|-singleturn|p2b: Flutter Mane|Helping Hand|[of] p2a: Maushold\n|move|p2b: Flutter Mane|Draining Kiss|p1a: Iron Hands\n|-supereffective|p1a: Iron Hands\n|-damage|p1a: Iron Hands|0 fnt\n|-heal|p2b: Flutter Mane|76\/100|[from] drain|[of] p1a: Iron Hands\n|faint|p1a: Iron Hands\n|-end|p1a: Iron Hands|Quark Drive|[silent]\n|move|p1b: Arcanine|Flare Blitz|p2b: Flutter Mane\n|-damage|p2b: Flutter Mane|0 fnt\n|faint|p2b: Flutter Mane\n|-end|p2b: Flutter Mane|Protosynthesis|[silent]\n|-damage|p1b: Arcanine|62\/100|[from] Recoil\n|\n|upkeep\n|\n|t:|1700655853\n|switch|p2b: TuPadre|Iron Hands, L50|100\/100\n|switch|p1a: Cresselia|Cresselia, L50, F|100\/100\n|turn|4\n|inactive|martinat0r has 30 seconds left.\n|inactive|martinat0r has 20 seconds left.\n|inactive|martinat0r has 15 seconds left.\n|inactive|martinat0r has 10 seconds left.\n|inactive|martinat0r has 5 seconds left.\n|\n|t:|1700655908\n|move|p2a: Maushold|Protect|p2a: Maushold\n|-singleturn|p2a: Maushold|Protect\n|move|p1b: Arcanine|Protect|p1b: Arcanine\n|-singleturn|p1b: Arcanine|Protect\n|move|p2b: TuPadre|Fake Out|p1b: Arcanine\n|-activate|p1b: Arcanine|move: Protect\n|move|p1a: Cresselia|Lunar Blessing|p1a: Cresselia|[spread] p1a,p1b\n|-heal|p1b: Arcanine|87\/100\n|\n|upkeep\n|turn|5\n|inactiveoff|Battle timer is now OFF.\n|\n|t:|1700655942\n|-terastallize|p1b: Arcanine|Normal\n|move|p2a: Maushold|Helping Hand|p2b: TuPadre\n|-singleturn|p2b: TuPadre|Helping Hand|[of] p2a: Maushold\n|move|p1b: Arcanine|Extreme Speed|p2b: TuPadre\n|-damage|p2b: TuPadre|80\/100\n|move|p1a: Cresselia|Moonblast|p2b: TuPadre\n|-supereffective|p2b: TuPadre\n|-damage|p2b: TuPadre|60\/100\n|-unboost|p2b: TuPadre|spa|1\n|move|p2b: TuPadre|Wild Charge|p1a: Cresselia\n|-damage|p1a: Cresselia|46\/100\n|-damage|p2b: TuPadre|47\/100|[from] Recoil\n|\n|upkeep\n|turn|6\n|\n|t:|1700655971\n|-end|p2b: TuPadre|Quark Drive|[silent]\n|switch|p2b: Chi-Yu|Chi-Yu, L50|100\/100\n|-ability|p2b: Chi-Yu|Beads of Ruin\n|move|p2a: Maushold|Follow Me|p2a: Maushold\n|-singleturn|p2a: Maushold|move: Follow Me\n|move|p1b: Arcanine|Flare Blitz|p2a: Maushold\n|-damage|p2a: Maushold|26\/100\n|-damage|p1b: Arcanine|70\/100|[from] item: Rocky Helmet|[of] p2a: Maushold\n|-damage|p1b: Arcanine|47\/100|[from] Recoil\n|-enditem|p1b: Arcanine|Sitrus Berry|[eat]\n|-heal|p1b: Arcanine|72\/100|[from] item: Sitrus Berry\n|move|p1a: Cresselia|Lunar Blessing|p1a: Cresselia|[spread] p1a,p1b\n|-heal|p1a: Cresselia|71\/100\n|-heal|p1b: Arcanine|97\/100\n|\n|upkeep\n|turn|7\n|\n|t:|1700655998\n|move|p2a: Maushold|Helping Hand|p2b: Chi-Yu\n|-singleturn|p2b: Chi-Yu|Helping Hand|[of] p2a: Maushold\n|move|p1b: Arcanine|Extreme Speed|p2a: Maushold\n|-damage|p2a: Maushold|0 fnt\n|-damage|p1b: Arcanine|80\/100|[from] item: Rocky Helmet|[of] p2a: Maushold\n|faint|p2a: Maushold\n|move|p2b: Chi-Yu|Snarl|p1a: Cresselia|[spread] p1b\n|-miss|p2b: Chi-Yu|p1a: Cresselia\n|-damage|p1b: Arcanine|12\/100\n|-unboost|p1b: Arcanine|spa|1\n|move|p1a: Cresselia|Moonblast|p2b: Chi-Yu\n|-damage|p2b: Chi-Yu|75\/100\n|\n|upkeep\n|\n|t:|1700656014\n|switch|p2a: TuPadre|Iron Hands, L50|47\/100\n|turn|8\n|\n|t:|1700656022\n|move|p1b: Arcanine|Protect|p1b: Arcanine\n|-singleturn|p1b: Arcanine|Protect\n|move|p2a: TuPadre|Fake Out|p1b: Arcanine\n|-activate|p1b: Arcanine|move: Protect\n|move|p2b: Chi-Yu|Snarl|p1a: Cresselia|[spread] p1a\n|-activate|p1b: Arcanine|move: Protect\n|-supereffective|p1a: Cresselia\n|-damage|p1a: Cresselia|18\/100\n|-unboost|p1a: Cresselia|spa|1\n|move|p1a: Cresselia|Moonblast|p2b: Chi-Yu\n|-damage|p2b: Chi-Yu|57\/100\n|-unboost|p2b: Chi-Yu|spa|1\n|\n|upkeep\n|turn|9\n|\n|t:|1700656045\n|-terastallize|p2b: Chi-Yu|Ghost\n|move|p1b: Arcanine|Extreme Speed|p2b: Chi-Yu\n|-immune|p2b: Chi-Yu\n|move|p2b: Chi-Yu|Snarl|p1a: Cresselia|[spread] p1a,p1b\n|-supereffective|p1a: Cresselia\n|-damage|p1a: Cresselia|0 fnt\n|-damage|p1b: Arcanine|0 fnt\n|faint|p1a: Cresselia\n|faint|p1b: Arcanine\n|move|p2a: TuPadre|Drain Punch|p1: Cresselia|[notarget]\n|-fail|p2a: TuPadre\n|\n|upkeep\n|\n|t:|1700656054\n|switch|p1b: Flutter Mane|Flutter Mane, L50|100\/100\n|turn|10\n|\n|t:|1700656074\n|move|p1b: Flutter Mane|Dazzling Gleam|p2a: TuPadre|[spread] p2a,p2b\n|-supereffective|p2a: TuPadre\n|-damage|p2a: TuPadre|0 fnt\n|-damage|p2b: Chi-Yu|16\/100\n|faint|p2a: TuPadre\n|-end|p2a: TuPadre|Quark Drive|[silent]\n|move|p2b: Chi-Yu|Snarl|p1b: Flutter Mane\n|-damage|p1b: Flutter Mane|65\/100\n|-unboost|p1b: Flutter Mane|spa|1\n|\n|upkeep\n|turn|11\n|-message|martinat0r forfeited.\n|\n|win|DaniCV03\n|l|\u2606martinat0r\n","uploadtime":1700656092,"views":0,"p1id":"danicv03","p2id":"martinat0r","formatid":"gen9vgc2023regulatione","rating":0,"private":0,"password":""}