{"id":"gen9vgc2023regulatione-1989290138","p1":"CaptainShoWz","p2":"BowDog!","format":"[Gen 9] VGC 2023 Regulation E","log":"|j|\u2606CaptainShoWz\n|j|\u2606BowDog!\n|t:|1699832465\n|gametype|doubles\n|player|p1|CaptainShoWz|1|1130\n|player|p2|BowDog!|winona|1178\n|teamsize|p1|6\n|teamsize|p2|6\n|gen|9\n|tier|[Gen 9] VGC 2023 Regulation E\n|rated|\n|rule|Species Clause: Limit one of each Pok\u00e9mon\n|rule|Item Clause: Limit one of each item\n|clearpoke\n|poke|p1|Dragonite, L50, F|\n|poke|p1|Chien-Pao, L50|\n|poke|p1|Empoleon, L50, F|\n|poke|p1|Landorus-Therian, L50, M|\n|poke|p1|Iron Hands, L50|\n|poke|p1|Ogerpon-Hearthflame, L50, F|\n|poke|p2|Chien-Pao, L50|\n|poke|p2|Urshifu-*, L50, F|\n|poke|p2|Chi-Yu, L50|\n|poke|p2|Flutter Mane, L50|\n|poke|p2|Dragonite, L50, M|\n|poke|p2|Rillaboom, L50, M|\n|teampreview|4\nBowDog! has agreed to open team sheets.\n|inactive|Battle timer is ON: inactive players will automatically lose when time's up. (requested by BowDog!)\n|inactive|BowDog! has 60 seconds left.\n|\n|t:|1699832529\n|start\n|switch|p1a: Iron Hands|Iron Hands, L50|100\/100\n|switch|p1b: Landorus|Landorus-Therian, L50, M|100\/100\n|switch|p2a: Flutter Mane|Flutter Mane, L50|100\/100\n|switch|p2b: Dragonite|Dragonite, L50, M|100\/100\n|-ability|p1b: Landorus|Intimidate|boost\n|-unboost|p2a: Flutter Mane|atk|1\n|-fail|p2b: Dragonite|unboost|Attack|[from] ability: Inner Focus|[of] p2b: Dragonite\n|-enditem|p2a: Flutter Mane|Booster Energy\n|-activate|p2a: Flutter Mane|ability: Protosynthesis|[fromitem]\n|-start|p2a: Flutter Mane|protosynthesisspe\n|turn|1\n|inactive|BowDog! has 30 seconds left.\n|\n|t:|1699832562\n|switch|p1b: Ogerpon|Ogerpon-Hearthflame, L50, F|100\/100\n|-ability|p1b: Ogerpon|Mold Breaker\n|-terastallize|p2b: Dragonite|Normal\n|-terastallize|p1a: Iron Hands|Fire\n|move|p2b: Dragonite|Extreme Speed|p1b: Ogerpon\n|-damage|p1b: Ogerpon|25\/100\n|move|p2a: Flutter Mane|Moonblast|p1a: Iron Hands\n|-resisted|p1a: Iron Hands\n|-damage|p1a: Iron Hands|80\/100\n|move|p1a: Iron Hands|Heavy Slam|p2a: Flutter Mane\n|-supereffective|p2a: Flutter Mane\n|-damage|p2a: Flutter Mane|0 fnt\n|faint|p2a: Flutter Mane\n|-end|p2a: Flutter Mane|Protosynthesis|[silent]\n|\n|upkeep\n|inactive|BowDog! has 30 seconds left.\n|\n|t:|1699832590\n|switch|p2a: Rillaboom|Rillaboom, L50, M|100\/100\n|-fieldstart|move: Grassy Terrain|[from] ability: Grassy Surge|[of] p2a: Rillaboom\n|turn|2\n|inactive|CaptainShoWz has 30 seconds left.\n|inactive|BowDog! has 30 seconds left.\n|inactive|BowDog! has 20 seconds left.\n|\n|t:|1699832626\n|move|p2a: Rillaboom|Fake Out|p1a: Iron Hands\n|-damage|p1a: Iron Hands|70\/100\n|move|p2b: Dragonite|Extreme Speed|p1b: Ogerpon\n|-damage|p1b: Ogerpon|0 fnt\n|faint|p1b: Ogerpon\n|cant|p1a: Iron Hands|flinch\n|\n|-heal|p1a: Iron Hands|75\/100|[from] Grassy Terrain\n|upkeep\n|\n|t:|1699832635\n|switch|p1b: Landorus|Landorus-Therian, L50, M|100\/100\n|-ability|p1b: Landorus|Intimidate|boost\n|-unboost|p2a: Rillaboom|atk|1\n|-fail|p2b: Dragonite|unboost|Attack|[from] ability: Inner Focus|[of] p2b: Dragonite\n|turn|3\n|inactive|BowDog! has 30 seconds left.\n|inactive|BowDog! has 20 seconds left.\n|inactive|BowDog! has 15 seconds left.\n|\n|t:|1699832678\n|move|p2b: Dragonite|Extreme Speed|p1b: Landorus\n|-damage|p1b: Landorus|19\/100\n|move|p1b: Landorus|U-turn|p2a: Rillaboom\n|-supereffective|p2a: Rillaboom\n|-damage|p2a: Rillaboom|50\/100\n|\n|t:|1699832684\n|switch|p1b: Chien-Pao|Chien-Pao, L50|100\/100|[from] U-turn\n|-ability|p1b: Chien-Pao|Sword of Ruin\n|move|p2a: Rillaboom|Drum Beating|p1a: Iron Hands\n|-resisted|p1a: Iron Hands\n|-crit|p1a: Iron Hands\n|-damage|p1a: Iron Hands|29\/100\n|-unboost|p1a: Iron Hands|spe|1\n|move|p1a: Iron Hands|Drain Punch|p2b: Dragonite\n|-supereffective|p2b: Dragonite\n|-crit|p2b: Dragonite\n|-damage|p2b: Dragonite|0 fnt\n|-heal|p1a: Iron Hands|67\/100|[from] drain|[of] p2b: Dragonite\n|faint|p2b: Dragonite\n|\n|-heal|p2a: Rillaboom|57\/100|[from] Grassy Terrain\n|-heal|p1a: Iron Hands|72\/100|[from] Grassy Terrain\n|upkeep\n|\n|t:|1699832701\n|switch|p2b: Chi-Yu|Chi-Yu, L50|100\/100\n|-ability|p2b: Chi-Yu|Beads of Ruin\n|turn|4\n|inactive|CaptainShoWz has 30 seconds left.\n|\n|t:|1699832728\n|move|p1b: Chien-Pao|Protect|p1b: Chien-Pao\n|-singleturn|p1b: Chien-Pao|Protect\n|move|p2b: Chi-Yu|Heat Wave|p1b: Chien-Pao|[spread] p1a\n|-activate|p1b: Chien-Pao|move: Protect\n|-resisted|p1a: Iron Hands\n|-damage|p1a: Iron Hands|38\/100\n|move|p2a: Rillaboom|Drum Beating|p1a: Iron Hands\n|-resisted|p1a: Iron Hands\n|-damage|p1a: Iron Hands|15\/100\n|-unboost|p1a: Iron Hands|spe|1\n|move|p1a: Iron Hands|Drain Punch|p2b: Chi-Yu\n|-supereffective|p2b: Chi-Yu\n|-damage|p2b: Chi-Yu|0 fnt\n|-heal|p1a: Iron Hands|43\/100|[from] drain|[of] p2b: Chi-Yu\n|faint|p2b: Chi-Yu\n|\n|-heal|p2a: Rillaboom|63\/100|[from] Grassy Terrain\n|-heal|p1a: Iron Hands|49\/100|[from] Grassy Terrain\n|upkeep\n|turn|5\n|inactive|CaptainShoWz has 30 seconds left.\n|\n|t:|1699832757\n|move|p1b: Chien-Pao|Icicle Crash|p2a: Rillaboom|[miss]\n|-miss|p1b: Chien-Pao|p2a: Rillaboom\n|move|p2a: Rillaboom|Giga Drain|p1b: Chien-Pao\n|-damage|p1b: Chien-Pao|61\/100\n|-heal|p2a: Rillaboom|79\/100|[from] drain|[of] p1b: Chien-Pao\n|move|p1a: Iron Hands|Drain Punch|p2a: Rillaboom\n|-damage|p2a: Rillaboom|19\/100\n|-heal|p1a: Iron Hands|73\/100|[from] drain|[of] p2a: Rillaboom\n|\n|-heal|p1b: Chien-Pao|67\/100|[from] Grassy Terrain\n|-heal|p2a: Rillaboom|25\/100|[from] Grassy Terrain\n|-heal|p1a: Iron Hands|79\/100|[from] Grassy Terrain\n|upkeep\n|turn|6\n|\n|t:|1699832773\n|move|p1b: Chien-Pao|Sucker Punch|p2a: Rillaboom\n|-damage|p2a: Rillaboom|0 fnt\n|faint|p2a: Rillaboom\n|\n|win|CaptainShoWz\n|raw|CaptainShoWz's rating: 1130 &rarr; <strong>1158<\/strong><br \/>(+28 for winning)\n|raw|BowDog!'s rating: 1178 &rarr; <strong>1150<\/strong><br \/>(-28 for losing)\n|l|\u2606CaptainShoWz\n|l|\u2606BowDog!\n|j|\u2606BowDog!\n|player|p2|BowDog!|winona\n","uploadtime":1699832813,"views":13,"p1id":"captainshowz","p2id":"bowdog","formatid":"gen9vgc2023regulatione","rating":1150,"private":0,"password":""}