{"id":"gen9vgc2023regulatione-1993593818","p1":"oracleman","p2":"huiogobh","format":"[Gen 9] VGC 2023 Regulation E","log":"|j|\u2606oracleman\n|j|\u2606huiogobh\n|t:|1700335443\n|gametype|doubles\n|player|p1|oracleman|102|1134\n|player|p2|huiogobh|fisherman-gen4|1048\n|teamsize|p1|6\n|teamsize|p2|6\n|gen|9\n|tier|[Gen 9] VGC 2023 Regulation E\n|rated|\n|rule|Species Clause: Limit one of each Pok\u00e9mon\n|rule|Item Clause: Limit one of each item\n|clearpoke\n|poke|p1|Iron Bundle, L50|\n|poke|p1|Arcanine-Hisui, L50, M|\n|poke|p1|Rillaboom, L50, M|\n|poke|p1|Roaring Moon, L50|\n|poke|p1|Ninetales-Alola, L50, F|\n|poke|p1|Gholdengo, L50|\n|poke|p2|Landorus-Therian, L50, M|\n|poke|p2|Blissey, L50, F|\n|poke|p2|Chien-Pao, L50|\n|poke|p2|Dipplin, L50, F|\n|poke|p2|Arcanine, L50, M|\n|poke|p2|Iron Hands, L50|\n|teampreview|4\n|\n|t:|1700335467\n|start\n|switch|p1a: Arcanine|Arcanine-Hisui, L50, M, shiny|100\/100\n|switch|p1b: Rillaboom|Rillaboom, L50, M|100\/100\n|switch|p2a: Landorus|Landorus-Therian, L50, M, shiny|100\/100\n|switch|p2b: Blissey|Blissey, L50, F|100\/100\n|-ability|p2a: Landorus|Intimidate|boost\n|-unboost|p1a: Arcanine|atk|1\n|-unboost|p1b: Rillaboom|atk|1\n|-ability|p1a: Arcanine|Intimidate|boost\n|-unboost|p2a: Landorus|atk|1\n|-unboost|p2b: Blissey|atk|1\n|-fieldstart|move: Grassy Terrain|[from] ability: Grassy Surge|[of] p1b: Rillaboom\n|-enditem|p1b: Rillaboom|Grassy Seed\n|-boost|p1b: Rillaboom|def|1|[from] item: Grassy Seed\n|turn|1\n|\n|t:|1700335488\n|move|p1b: Rillaboom|Fake Out|p2a: Landorus\n|-damage|p2a: Landorus|92\/100\n|cant|p2a: Landorus|flinch\n|move|p1a: Arcanine|Will-O-Wisp|p2a: Landorus\n|-status|p2a: Landorus|brn\n|move|p2b: Blissey|Skill Swap|p2a: Landorus\n|-activate|p2b: Blissey|move: Skill Swap|||[of] p2a: Landorus\n|-ability|p2b: Blissey|Intimidate|boost\n|-unboost|p1a: Arcanine|atk|1\n|-unboost|p1b: Rillaboom|atk|1\n|\n|-damage|p2a: Landorus|86\/100 brn|[from] brn\n|upkeep\n|turn|2\n|\n|t:|1700335514\n|switch|p2a: Arcanine|Arcanine, L50, M|100\/100\n|-ability|p2a: Arcanine|Intimidate|boost\n|-unboost|p1a: Arcanine|atk|1\n|-unboost|p1b: Rillaboom|atk|1\n|switch|p1a: Iron Bundle|Iron Bundle, L50|100\/100\n|move|p1b: Rillaboom|Protect|p1b: Rillaboom\n|-singleturn|p1b: Rillaboom|Protect\n|move|p2b: Blissey|Light Screen|p2b: Blissey\n|-sidestart|p2: huiogobh|move: Light Screen\n|\n|upkeep\n|turn|3\n|\n|t:|1700335540\n|switch|p1b: Roaring Moon|Roaring Moon, L50|100\/100\n|-enditem|p1b: Roaring Moon|Booster Energy\n|-activate|p1b: Roaring Moon|ability: Protosynthesis|[fromitem]\n|-start|p1b: Roaring Moon|protosynthesisatk\n|move|p1a: Iron Bundle|Flip Turn|p2a: Arcanine\n|-supereffective|p2a: Arcanine\n|-damage|p2a: Arcanine|56\/100\n|\n|t:|1700335552\n|-end|p1a: Iron Bundle|Quark Drive|[silent]\n|switch|p1a: Arcanine|Arcanine-Hisui, L50, M, shiny|100\/100|[from] Flip Turn\n|-ability|p1a: Arcanine|Intimidate|boost\n|-unboost|p2a: Arcanine|atk|1\n|-unboost|p2b: Blissey|atk|1\n|move|p2a: Arcanine|Flare Blitz|p1b: Roaring Moon\n|-resisted|p1b: Roaring Moon\n|-damage|p1b: Roaring Moon|63\/100\n|-status|p1b: Roaring Moon|brn\n|-damage|p2a: Arcanine|42\/100|[from] Recoil\n|move|p2b: Blissey|Thunderbolt|p1a: Arcanine\n|-damage|p1a: Arcanine|72\/100\n|-damage|p2b: Blissey|91\/100|[from] item: Life Orb\n|\n|-heal|p1b: Roaring Moon|70\/100 brn|[from] Grassy Terrain\n|-heal|p1a: Arcanine|78\/100|[from] Grassy Terrain\n|-heal|p2a: Arcanine|48\/100|[from] Grassy Terrain\n|-heal|p2b: Blissey|97\/100|[from] Grassy Terrain\n|-damage|p1b: Roaring Moon|63\/100 brn|[from] brn\n|upkeep\n|turn|4\n|\n|t:|1700335583\n|switch|p2a: Landorus|Landorus-Therian, L50, M, shiny|86\/100 brn\n|-ability|p2a: Landorus|Intimidate|boost\n|-unboost|p1a: Arcanine|atk|1\n|-unboost|p1b: Roaring Moon|atk|1\n|move|p1b: Roaring Moon|Knock Off|p2b: Blissey\n|-damage|p2b: Blissey|78\/100\n|-enditem|p2b: Blissey|Life Orb|[from] move: Knock Off|[of] p1b: Roaring Moon\n|move|p1a: Arcanine|Rock Blast|p2a: Landorus\n|-damage|p2a: Landorus|78\/100 brn\n|-damage|p2a: Landorus|70\/100 brn\n|-damage|p2a: Landorus|62\/100 brn\n|-damage|p2a: Landorus|54\/100 brn\n|-damage|p2a: Landorus|46\/100 brn\n|-hitcount|p2a: Landorus|5\n|move|p2b: Blissey|Heal Pulse|p2a: Landorus\n|-heal|p2a: Landorus|96\/100 brn\n|\n|-heal|p1b: Roaring Moon|70\/100 brn|[from] Grassy Terrain\n|-heal|p1a: Arcanine|84\/100|[from] Grassy Terrain\n|-heal|p2b: Blissey|84\/100|[from] Grassy Terrain\n|-damage|p1b: Roaring Moon|63\/100 brn|[from] brn\n|-damage|p2a: Landorus|90\/100 brn|[from] brn\n|upkeep\n|turn|5\n|\n|t:|1700335619\n|switch|p1a: Iron Bundle|Iron Bundle, L50|100\/100\n|move|p1b: Roaring Moon|Knock Off|p2a: Landorus\n|-damage|p2a: Landorus|70\/100 brn\n|-enditem|p2a: Landorus|Choice Scarf|[from] move: Knock Off|[of] p1b: Roaring Moon\n|move|p2a: Landorus|Rock Slide|p1a: Iron Bundle|[spread] p1a,p1b\n|-supereffective|p1a: Iron Bundle\n|-damage|p1a: Iron Bundle|78\/100\n|-damage|p1b: Roaring Moon|52\/100 brn\n|move|p2b: Blissey|Skill Swap|p2a: Landorus\n|-activate|p2b: Blissey|move: Skill Swap|||[of] p2a: Landorus\n|-ability|p2b: Blissey|Intimidate|boost\n|-unboost|p1a: Iron Bundle|atk|1\n|-unboost|p1b: Roaring Moon|atk|1\n|-ability|p2a: Landorus|Intimidate|boost\n|-unboost|p1a: Iron Bundle|atk|1\n|-unboost|p1b: Roaring Moon|atk|1\n|\n|-heal|p1a: Iron Bundle|84\/100|[from] Grassy Terrain\n|-heal|p1b: Roaring Moon|58\/100 brn|[from] Grassy Terrain\n|-heal|p2b: Blissey|90\/100|[from] Grassy Terrain\n|-damage|p1b: Roaring Moon|52\/100 brn|[from] brn\n|-damage|p2a: Landorus|64\/100 brn|[from] brn\n|-fieldend|move: Grassy Terrain\n|upkeep\n|turn|6\n|\n|t:|1700335650\n|-end|p1b: Roaring Moon|Protosynthesis|[silent]\n|switch|p1b: Rillaboom|Rillaboom, L50, M|100\/100\n|-fieldstart|move: Grassy Terrain|[from] ability: Grassy Surge|[of] p1b: Rillaboom\n|move|p1a: Iron Bundle|Freeze-Dry|p2a: Landorus\n|-supereffective|p2a: Landorus\n|-damage|p2a: Landorus|0 fnt\n|faint|p2a: Landorus\n|move|p2b: Blissey|Thunderbolt|p1a: Iron Bundle\n|-supereffective|p1a: Iron Bundle\n|-damage|p1a: Iron Bundle|13\/100\n|\n|-heal|p1a: Iron Bundle|20\/100|[from] Grassy Terrain\n|-heal|p2b: Blissey|96\/100|[from] Grassy Terrain\n|-sideend|p2: huiogobh|move: Light Screen\n|upkeep\n|\n|t:|1700335662\n|switch|p2a: Dipplin|Dipplin, L50, F, shiny|100\/100\n|-ability|p2a: Dipplin|Supersweet Syrup\n|-ability|p2a: Dipplin|Supersweet Syrup|boost\n|-unboost|p1a: Iron Bundle|evasion|1\n|-unboost|p1b: Rillaboom|evasion|1\n|turn|7\n|\n|t:|1700335676\n|-terastallize|p2a: Dipplin|Fire\n|move|p1b: Rillaboom|Fake Out|p2b: Blissey\n|-damage|p2b: Blissey|83\/100\n|move|p1a: Iron Bundle|Freeze-Dry|p2a: Dipplin\n|-resisted|p2a: Dipplin\n|-damage|p2a: Dipplin|88\/100\n|cant|p2b: Blissey|flinch\n|move|p2a: Dipplin|Syrup Bomb|p1b: Rillaboom\n|-resisted|p1b: Rillaboom\n|-damage|p1b: Rillaboom|84\/100\n|-start|p1b: Rillaboom|Syrup Bomb\n|\n|-heal|p1a: Iron Bundle|26\/100|[from] Grassy Terrain\n|-heal|p1b: Rillaboom|90\/100|[from] Grassy Terrain\n|-heal|p2b: Blissey|89\/100|[from] Grassy Terrain\n|-heal|p2a: Dipplin|94\/100|[from] Grassy Terrain\n|-unboost|p1b: Rillaboom|spe|1\n|upkeep\n|turn|8\n|\n|t:|1700335706\n|move|p1b: Rillaboom|Grassy Glide|p2b: Blissey\n|-damage|p2b: Blissey|57\/100\n|move|p1a: Iron Bundle|Hydro Pump|p2a: Dipplin\n|-supereffective|p2a: Dipplin\n|-damage|p2a: Dipplin|6\/100\n|move|p2b: Blissey|Light Screen|p2b: Blissey\n|-sidestart|p2: huiogobh|move: Light Screen\n|move|p2a: Dipplin|Pollen Puff|p1b: Rillaboom\n|-supereffective|p1b: Rillaboom\n|-damage|p1b: Rillaboom|37\/100\n|\n|-heal|p1a: Iron Bundle|32\/100|[from] Grassy Terrain\n|-heal|p2b: Blissey|63\/100|[from] Grassy Terrain\n|-heal|p1b: Rillaboom|43\/100|[from] Grassy Terrain\n|-heal|p2a: Dipplin|12\/100|[from] Grassy Terrain\n|-unboost|p1b: Rillaboom|spe|1\n|upkeep\n|turn|9\n|\n|t:|1700335728\n|move|p2a: Dipplin|Protect|p2a: Dipplin\n|-singleturn|p2a: Dipplin|Protect\n|move|p1b: Rillaboom|Protect|p1b: Rillaboom\n|-singleturn|p1b: Rillaboom|Protect\n|move|p1a: Iron Bundle|Flip Turn|p2a: Dipplin\n|-activate|p2a: Dipplin|move: Protect\n|move|p2b: Blissey|Thunderbolt|p1a: Iron Bundle\n|-supereffective|p1a: Iron Bundle\n|-damage|p1a: Iron Bundle|0 fnt\n|faint|p1a: Iron Bundle\n|-end|p1a: Iron Bundle|Quark Drive|[silent]\n|\n|-heal|p2b: Blissey|69\/100|[from] Grassy Terrain\n|-heal|p2a: Dipplin|18\/100|[from] Grassy Terrain\n|-heal|p1b: Rillaboom|48\/100|[from] Grassy Terrain\n|-unboost|p1b: Rillaboom|spe|1\n|upkeep\n|\n|t:|1700335744\n|switch|p1a: Arcanine|Arcanine-Hisui, L50, M, shiny|84\/100\n|-ability|p1a: Arcanine|Intimidate|boost\n|-unboost|p2a: Dipplin|atk|1\n|-unboost|p2b: Blissey|atk|1\n|turn|10\n|\n|t:|1700335755\n|switch|p2a: Arcanine|Arcanine, L50, M|48\/100\n|-ability|p2a: Arcanine|Intimidate|boost\n|-unboost|p1a: Arcanine|atk|1\n|-unboost|p1b: Rillaboom|atk|1\n|move|p1a: Arcanine|Extreme Speed|p2a: Arcanine\n|-crit|p2a: Arcanine\n|-damage|p2a: Arcanine|0 fnt\n|faint|p2a: Arcanine\n|move|p1b: Rillaboom|Grassy Glide|p2b: Blissey\n|-damage|p2b: Blissey|46\/100\n|move|p2b: Blissey|Heal Pulse|p2: Arcanine|[notarget]\n|-fail|p2b: Blissey\n|\n|-heal|p1a: Arcanine|89\/100|[from] Grassy Terrain\n|-heal|p2b: Blissey|52\/100|[from] Grassy Terrain\n|-heal|p1b: Rillaboom|54\/100|[from] Grassy Terrain\n|-end|p1b: Rillaboom|Syrup Bomb|[silent]\n|-fieldend|move: Grassy Terrain\n|upkeep\n|\n|t:|1700335766\n|switch|p2a: Dipplin|Dipplin, L50, F, shiny, tera:Fire|18\/100\n|turn|11\n|\n|t:|1700335778\n|switch|p1b: Roaring Moon|Roaring Moon, L50|52\/100 brn\n|move|p2a: Dipplin|Protect|p2a: Dipplin\n|-singleturn|p2a: Dipplin|Protect\n|move|p1a: Arcanine|Extreme Speed|p2a: Dipplin\n|-activate|p2a: Dipplin|move: Protect\n|move|p2b: Blissey|Thunderbolt|p1a: Arcanine\n|-damage|p1a: Arcanine|68\/100\n|\n|-damage|p1b: Roaring Moon|46\/100 brn|[from] brn\n|upkeep\n|turn|12\n|\n|t:|1700335796\n|move|p1a: Arcanine|Extreme Speed|p2a: Dipplin\n|-crit|p2a: Dipplin\n|-damage|p2a: Dipplin|0 fnt\n|faint|p2a: Dipplin\n|move|p1b: Roaring Moon|Dragon Claw|p2b: Blissey\n|-damage|p2b: Blissey|31\/100\n|move|p2b: Blissey|Thunderbolt|p1b: Roaring Moon\n|-resisted|p1b: Roaring Moon\n|-damage|p1b: Roaring Moon|38\/100 brn\n|\n|-damage|p1b: Roaring Moon|32\/100 brn|[from] brn\n|-sideend|p2: huiogobh|move: Light Screen\n|upkeep\n|turn|13\n|-message|huiogobh forfeited.\n|\n|win|oracleman\n|raw|oracleman's rating: 1134 &rarr; <strong>1153<\/strong><br \/>(+19 for winning)\n|raw|huiogobh's rating: 1048 &rarr; <strong>1035<\/strong><br \/>(-13 for losing)\n|l|\u2606huiogobh\n","uploadtime":1700335851,"views":31,"p1id":"oracleman","p2id":"huiogobh","formatid":"gen9vgc2023regulatione","rating":1035,"private":0,"password":""}