{"id":"gen9vgc2023regulatione-1988633550","p1":"NekrosM0S","p2":"ethanthewiz","format":"[Gen 9] VGC 2023 Regulation E","log":"|j|\u2606NekrosM0S\n|j|\u2606ethanthewiz\n|t:|1699744324\n|gametype|doubles\n|player|p1|NekrosM0S|colress|1184\n|player|p2|ethanthewiz|ethan|1115\n|teamsize|p1|6\n|teamsize|p2|6\n|gen|9\n|tier|[Gen 9] VGC 2023 Regulation E\n|rated|\n|rule|Species Clause: Limit one of each Pok\u00e9mon\n|rule|Item Clause: Limit one of each item\n|clearpoke\n|poke|p1|Iron Moth, L50|\n|poke|p1|Flutter Mane, L50|\n|poke|p1|Iron Hands, L50|\n|poke|p1|Landorus-Therian, L50, M|\n|poke|p1|Ogerpon-Cornerstone, L50, F|\n|poke|p1|Gholdengo, L50|\n|poke|p2|Kommo-o, L50, M|\n|poke|p2|Ninetales-Alola, L50, M|\n|poke|p2|Empoleon, L50, F|\n|poke|p2|Tornadus, L50, M|\n|poke|p2|Iron Bundle, L50|\n|poke|p2|Rillaboom, L50, F|\n|teampreview|4\n|inactive|Battle timer is ON: inactive players will automatically lose when time's up. (requested by ethanthewiz)\nNekrosM0S has agreed to open team sheets.\nethanthewiz has agreed to open team sheets.\n|\n|t:|1699744353\n|start\n|switch|p1a: Iron Moth|Iron Moth, L50, shiny|100\/100\n|switch|p1b: Flutter Mane|Flutter Mane, L50, shiny|100\/100\n|switch|p2a: Kommo-o|Kommo-o, L50, M|100\/100\n|switch|p2b: Ninetales|Ninetales-Alola, L50, M|100\/100\n|-weather|Snow|[from] ability: Snow Warning|[of] p2b: Ninetales\n|-enditem|p1a: Iron Moth|Booster Energy\n|-activate|p1a: Iron Moth|ability: Quark Drive|[fromitem]\n|-start|p1a: Iron Moth|quarkdrivespe\n|turn|1\n|\n|t:|1699744376\n|move|p1a: Iron Moth|Acid Spray|p2a: Kommo-o\n|-immune|p2a: Kommo-o|[from] ability: Bulletproof\n|move|p1b: Flutter Mane|Mystical Fire|p2a: Kommo-o\n|-resisted|p2a: Kommo-o\n|-damage|p2a: Kommo-o|78\/100\n|-unboost|p2a: Kommo-o|spa|1\n|move|p2b: Ninetales|Aurora Veil|p2b: Ninetales\n|-sidestart|p2: ethanthewiz|move: Aurora Veil\n|move|p2a: Kommo-o|Clangorous Soul|p2a: Kommo-o\n|-boost|p2a: Kommo-o|atk|1\n|-boost|p2a: Kommo-o|def|1\n|-boost|p2a: Kommo-o|spa|1\n|-boost|p2a: Kommo-o|spd|1\n|-boost|p2a: Kommo-o|spe|1\n|-damage|p2a: Kommo-o|45\/100\n|-enditem|p2a: Kommo-o|Throat Spray\n|-boost|p2a: Kommo-o|spa|1|[from] item: Throat Spray\n|\n|-weather|Snow|[upkeep]\n|upkeep\n|turn|2\n|inactive|ethanthewiz has 30 seconds left.\n|\n|t:|1699744404\n|move|p1a: Iron Moth|Heat Wave|p2a: Kommo-o|[spread] p2a,p2b\n|-resisted|p2a: Kommo-o\n|-supereffective|p2b: Ninetales\n|-damage|p2a: Kommo-o|36\/100\n|-damage|p2b: Ninetales|54\/100\n|move|p2a: Kommo-o|Clanging Scales|p1a: Iron Moth|[spread] p1a\n|-immune|p1b: Flutter Mane\n|-damage|p1a: Iron Moth|53\/100\n|-unboost|p2a: Kommo-o|def|1\n|move|p1b: Flutter Mane|Mystical Fire|p2a: Kommo-o\n|-resisted|p2a: Kommo-o\n|-damage|p2a: Kommo-o|26\/100\n|-unboost|p2a: Kommo-o|spa|1\n|move|p2b: Ninetales|Blizzard|p1b: Flutter Mane|[spread] p1a,p1b\n|-resisted|p1a: Iron Moth\n|-damage|p1a: Iron Moth|40\/100\n|-damage|p1b: Flutter Mane|73\/100\n|\n|-weather|Snow|[upkeep]\n|upkeep\n|turn|3\n|\n|t:|1699744425\n|move|p1a: Iron Moth|Heat Wave|p2b: Ninetales|[spread] p2a\n|-miss|p1a: Iron Moth|p2b: Ninetales\n|-resisted|p2a: Kommo-o\n|-damage|p2a: Kommo-o|18\/100\n|move|p2a: Kommo-o|Flash Cannon|p1b: Flutter Mane\n|-supereffective|p1b: Flutter Mane\n|-damage|p1b: Flutter Mane|22\/100\n|move|p1b: Flutter Mane|Mystical Fire|p2b: Ninetales\n|-supereffective|p2b: Ninetales\n|-damage|p2b: Ninetales|0 fnt\n|faint|p2b: Ninetales\n|\n|-weather|Snow|[upkeep]\n|upkeep\n|\n|t:|1699744444\n|switch|p2b: Empoleon|Empoleon, L50, F|100\/100\n|turn|4\n|\n|t:|1699744455\n|-end|p1b: Flutter Mane|Protosynthesis|[silent]\n|switch|p1b: Iron Hands|Iron Hands, L50, shiny|100\/100\n|-terastallize|p1a: Iron Moth|Grass\n|move|p1a: Iron Moth|Energy Ball|p2b: Empoleon\n|-damage|p2b: Empoleon|82\/100\n|move|p2a: Kommo-o|Flash Cannon|p1b: Iron Hands\n|-resisted|p1b: Iron Hands\n|-damage|p1b: Iron Hands|94\/100\n|move|p2b: Empoleon|Blizzard|p1b: Iron Hands|[spread] p1a,p1b\n|-supereffective|p1a: Iron Moth\n|-damage|p1a: Iron Moth|0 fnt\n|-damage|p1b: Iron Hands|80\/100\n|faint|p1a: Iron Moth\n|-end|p1a: Iron Moth|Quark Drive|[silent]\n|\n|-weather|Snow|[upkeep]\n|upkeep\n|\n|t:|1699744471\n|switch|p1a: Flutter Mane|Flutter Mane, L50, shiny|22\/100\n|turn|5\n|\n|t:|1699744502\n|move|p1b: Iron Hands|Fake Out|p2b: Empoleon\n|-resisted|p2b: Empoleon\n|-damage|p2b: Empoleon|77\/100\n|move|p2a: Kommo-o|Flash Cannon|p1a: Flutter Mane\n|-supereffective|p1a: Flutter Mane\n|-damage|p1a: Flutter Mane|0 fnt\n|faint|p1a: Flutter Mane\n|-end|p1a: Flutter Mane|Protosynthesis|[silent]\n|cant|p2b: Empoleon|flinch\n|\n|-weather|none\n|upkeep\n|\n|t:|1699744511\n|switch|p1a: Landorus|Landorus-Therian, L50, M|100\/100\n|-ability|p1a: Landorus|Intimidate|boost\n|-unboost|p2a: Kommo-o|atk|1\n|-unboost|p2b: Empoleon|atk|1\n|turn|6\n|\n|t:|1699744524\n|move|p1a: Landorus|Rock Slide|p2a: Kommo-o|[spread] p2a,p2b\n|-resisted|p2a: Kommo-o\n|-resisted|p2b: Empoleon\n|-damage|p2a: Kommo-o|10\/100\n|-damage|p2b: Empoleon|69\/100\n|cant|p2a: Kommo-o|flinch\n|move|p2b: Empoleon|Hydro Pump|p1a: Landorus\n|-supereffective|p1a: Landorus\n|-damage|p1a: Landorus|0 fnt\n|faint|p1a: Landorus\n|move|p1b: Iron Hands|Drain Punch|p2b: Empoleon\n|-supereffective|p2b: Empoleon\n|-damage|p2b: Empoleon|12\/100\n|-heal|p1b: Iron Hands|100\/100|[from] drain|[of] p2b: Empoleon\n|\n|upkeep\n|turn|7\n|c|\u2606ethanthewiz|Forgot competative on empoleon rip\n|inactive|ethanthewiz has 30 seconds left.\n|inactive|ethanthewiz has 20 seconds left.\n|inactive|ethanthewiz has 15 seconds left.\n|\n|t:|1699744569\n|-terastallize|p2a: Kommo-o|Dragon\n|move|p2a: Kommo-o|Clanging Scales|p1b: Iron Hands\n|-damage|p1b: Iron Hands|68\/100\n|-unboost|p2a: Kommo-o|def|1\n|move|p2b: Empoleon|Hydro Pump|p1b: Iron Hands\n|-damage|p1b: Iron Hands|27\/100\n|move|p1b: Iron Hands|Drain Punch|p2a: Kommo-o\n|-damage|p2a: Kommo-o|0 fnt\n|-heal|p1b: Iron Hands|30\/100|[from] drain|[of] p2a: Kommo-o\n|faint|p2a: Kommo-o\n|\n|upkeep\n|c|\u2606NekrosM0S|It happens to all of us at some point.\n|\n|t:|1699744583\n|switch|p2a: Iron Bundle|Iron Bundle, L50|100\/100\n|-enditem|p2a: Iron Bundle|Booster Energy\n|-activate|p2a: Iron Bundle|ability: Quark Drive|[fromitem]\n|-start|p2a: Iron Bundle|quarkdrivespe\n|turn|8\n|\n|t:|1699744596\n|move|p2a: Iron Bundle|Hydro Pump|p1b: Iron Hands\n|-damage|p1b: Iron Hands|5\/100\n|move|p2b: Empoleon|Hydro Pump|p1b: Iron Hands\n|-damage|p1b: Iron Hands|0 fnt\n|faint|p1b: Iron Hands\n|-end|p1b: Iron Hands|Quark Drive|[silent]\n|\n|win|ethanthewiz\n|raw|NekrosM0S's rating: 1184 &rarr; <strong>1154<\/strong><br \/>(-30 for losing)\n|raw|ethanthewiz's rating: 1115 &rarr; <strong>1145<\/strong><br \/>(+30 for winning)\n|c|\u2606NekrosM0S|gg\n","uploadtime":1699744605,"views":11,"p1id":"nekrosm0s","p2id":"ethanthewiz","formatid":"gen9vgc2023regulatione","rating":1145,"private":0,"password":""}