{"id":"gen9vgc2023regulatione-1992590293","p1":"ShawnPataNegra","p2":"grumpyolddude","format":"[Gen 9] VGC 2023 Regulation E","log":"|j|\u2606ShawnPataNegra\n|j|\u2606grumpyolddude\n|t:|1700211045\n|gametype|doubles\n|player|p1|ShawnPataNegra|red|1289\n|player|p2|grumpyolddude|fisherman|1385\n|teamsize|p1|6\n|teamsize|p2|6\n|gen|9\n|tier|[Gen 9] VGC 2023 Regulation E\n|rated|\n|rule|Species Clause: Limit one of each Pok\u00e9mon\n|rule|Item Clause: Limit one of each item\n|clearpoke\n|poke|p1|Chien-Pao, L50|\n|poke|p1|Urshifu-*, L50, M|\n|poke|p1|Farigiraf, L50, F|\n|poke|p1|Heatran, L50, M|\n|poke|p1|Dragonite, L50, M|\n|poke|p1|Rillaboom, L50, M|\n|poke|p2|Grimmsnarl, L50, M|\n|poke|p2|Sneasler, L50, M|\n|poke|p2|Wyrdeer, L50, M|\n|poke|p2|Milotic, L50, M|\n|poke|p2|Flutter Mane, L50|\n|poke|p2|Rillaboom, L50, M|\n|teampreview|4\n|inactive|Battle timer is ON: inactive players will automatically lose when time's up. (requested by ShawnPataNegra)\n|\n|t:|1700211094\n|start\n|switch|p1a: Qehfb|Rillaboom, L50, M|100\/100\n|switch|p1b: Chic|Heatran, L50, M|100\/100\n|switch|p2a: Wyrdeer|Wyrdeer, L50, M|100\/100\n|switch|p2b: Milotic|Milotic, L50, M|100\/100\n|-fieldstart|move: Grassy Terrain|[from] ability: Grassy Surge|[of] p1a: Qehfb\n|-ability|p2a: Wyrdeer|Intimidate|boost\n|-unboost|p1a: Qehfb|atk|1\n|-unboost|p1b: Chic|atk|1\n|turn|1\n|inactive|ShawnPataNegra has 30 seconds left.\n|inactive|grumpyolddude has 30 seconds left.\n|\n|t:|1700211125\n|move|p2b: Milotic|Protect|p2b: Milotic\n|-singleturn|p2b: Milotic|Protect\n|move|p1a: Qehfb|Fake Out|p2b: Milotic\n|-activate|p2b: Milotic|move: Protect\n|move|p1b: Chic|Heat Wave|p2a: Wyrdeer|[spread] p2a\n|-activate|p2b: Milotic|move: Protect\n|-damage|p2a: Wyrdeer|66\/100\n|move|p2a: Wyrdeer|Skill Swap|p1a: Qehfb\n|-activate|p2a: Wyrdeer|move: Skill Swap|Grassy Surge|Intimidate|[of] p1a: Qehfb\n|-ability|p1a: Qehfb|Intimidate|boost\n|-unboost|p2a: Wyrdeer|atk|1\n|-unboost|p2b: Milotic|atk|1\n|-ability|p2b: Milotic|Competitive|boost\n|-boost|p2b: Milotic|spa|2\n|\n|-heal|p2a: Wyrdeer|72\/100|[from] Grassy Terrain\n|upkeep\n|turn|2\n|inactive|ShawnPataNegra has 30 seconds left.\n|inactive|grumpyolddude has 30 seconds left.\n|inactive|ShawnPataNegra has 20 seconds left.\n|inactive|ShawnPataNegra has 15 seconds left.\n|\n|t:|1700211165\n|switch|p2a: Grimmsnarl|Grimmsnarl, L50, M|100\/100\n|-terastallize|p1a: Qehfb|Grass\n|-terastallize|p2b: Milotic|Poison\n|move|p1a: Qehfb|Grassy Glide|p2b: Milotic\n|-resisted|p2b: Milotic\n|-damage|p2b: Milotic|81\/100\n|move|p1b: Chic|Heat Wave|p2b: Milotic|[spread] p2a,p2b\n|-damage|p2a: Grimmsnarl|67\/100\n|-damage|p2b: Milotic|50\/100\n|-status|p2b: Milotic|brn\n|move|p2b: Milotic|Icy Wind|p1a: Qehfb|[spread] p1a,p1b\n|-supereffective|p1a: Qehfb\n|-resisted|p1b: Chic\n|-damage|p1a: Qehfb|49\/100\n|-damage|p1b: Chic|96\/100\n|-unboost|p1a: Qehfb|spe|1\n|-unboost|p1b: Chic|spe|1\n|\n|-heal|p2b: Milotic|56\/100 brn|[from] Grassy Terrain\n|-heal|p2b: Milotic|62\/100 brn|[from] item: Leftovers\n|-heal|p2a: Grimmsnarl|73\/100|[from] Grassy Terrain\n|-heal|p1b: Chic|100\/100|[from] Grassy Terrain\n|-heal|p1a: Qehfb|55\/100|[from] Grassy Terrain\n|-damage|p2b: Milotic|56\/100 brn|[from] brn\n|upkeep\n|turn|3\n|inactive|ShawnPataNegra has 30 seconds left.\n|inactive|grumpyolddude has 30 seconds left.\n|inactive|ShawnPataNegra has 20 seconds left.\n|inactive|ShawnPataNegra has 15 seconds left.\n|\n|t:|1700211207\n|switch|p1a: Marcelo|Chien-Pao, L50|100\/100\n|-ability|p1a: Marcelo|Sword of Ruin\n|move|p2a: Grimmsnarl|Reflect|p2a: Grimmsnarl\n|-sidestart|p2: grumpyolddude|Reflect\n|move|p2b: Milotic|Icy Wind|p1a: Marcelo|[spread] p1a,p1b\n|-resisted|p1a: Marcelo\n|-resisted|p1b: Chic\n|-damage|p1a: Marcelo|80\/100\n|-damage|p1b: Chic|96\/100\n|-unboost|p1a: Marcelo|spe|1\n|-unboost|p1b: Chic|spe|1\n|move|p1b: Chic|Flash Cannon|p2a: Grimmsnarl\n|-supereffective|p2a: Grimmsnarl\n|-damage|p2a: Grimmsnarl|0 fnt\n|faint|p2a: Grimmsnarl\n|\n|-heal|p1a: Marcelo|86\/100|[from] Grassy Terrain\n|-heal|p2b: Milotic|62\/100 brn|[from] Grassy Terrain\n|-heal|p2b: Milotic|68\/100 brn|[from] item: Leftovers\n|-heal|p1b: Chic|100\/100|[from] Grassy Terrain\n|-damage|p2b: Milotic|62\/100 brn|[from] brn\n|upkeep\n|\n|t:|1700211226\n|switch|p2a: Sneasler|Sneasler, L50, M|100\/100\n|turn|4\n|\n|t:|1700211242\n|move|p1b: Chic|Protect|p1b: Chic\n|-singleturn|p1b: Chic|Protect\n|move|p2a: Sneasler|Close Combat|p1a: Marcelo\n|-supereffective|p1a: Marcelo\n|-damage|p1a: Marcelo|0 fnt\n|-unboost|p2a: Sneasler|def|1\n|-unboost|p2a: Sneasler|spd|1\n|faint|p1a: Marcelo\n|move|p2b: Milotic|Scald|p1b: Chic\n|-activate|p1b: Chic|move: Protect\n|\n|-heal|p2b: Milotic|68\/100 brn|[from] Grassy Terrain\n|-heal|p2b: Milotic|74\/100 brn|[from] item: Leftovers\n|-damage|p2b: Milotic|68\/100 brn|[from] brn\n|upkeep\n|inactive|ShawnPataNegra has 30 seconds left.\n|\n|t:|1700211268\n|switch|p1a: Qehfb|Rillaboom, L50, M, tera:Grass|55\/100\n|turn|5\n|\n|t:|1700211287\n|move|p2a: Sneasler|Protect|p2a: Sneasler\n|-singleturn|p2a: Sneasler|Protect\n|move|p1a: Qehfb|Fake Out|p2a: Sneasler\n|-activate|p2a: Sneasler|move: Protect\n|move|p2b: Milotic|Recover|p2b: Milotic\n|-heal|p2b: Milotic|100\/100 brn\n|move|p1b: Chic|Flash Cannon|p2b: Milotic\n|-damage|p2b: Milotic|66\/100 brn\n|\n|-heal|p1a: Qehfb|61\/100|[from] Grassy Terrain\n|-heal|p2b: Milotic|72\/100 brn|[from] Grassy Terrain\n|-heal|p2b: Milotic|78\/100 brn|[from] item: Leftovers\n|-damage|p2b: Milotic|72\/100 brn|[from] brn\n|-fieldend|move: Grassy Terrain\n|upkeep\n|turn|6\n|inactive|ShawnPataNegra has 30 seconds left.\n|inactive|grumpyolddude has 30 seconds left.\n|\n|t:|1700211315\n|move|p2a: Sneasler|Dire Claw|p1a: Qehfb\n|-supereffective|p1a: Qehfb\n|-damage|p1a: Qehfb|0 fnt\n|faint|p1a: Qehfb\n|move|p2b: Milotic|Scald|p1b: Chic\n|-supereffective|p1b: Chic\n|-damage|p1b: Chic|0 fnt\n|faint|p1b: Chic\n|\n|-heal|p2b: Milotic|78\/100 brn|[from] item: Leftovers\n|-damage|p2b: Milotic|72\/100 brn|[from] brn\n|upkeep\n|\n|t:|1700211325\n|switch|p1b: Joaqu\u00edn|Dragonite, L50, M, shiny|100\/100\n|turn|7\n|-message|ShawnPataNegra forfeited.\n|\n|win|grumpyolddude\n|raw|ShawnPataNegra's rating: 1289 &rarr; <strong>1271<\/strong><br \/>(-18 for losing)\n|raw|grumpyolddude's rating: 1385 &rarr; <strong>1400<\/strong><br \/>(+15 for winning)\n|l|\u2606ShawnPataNegra\n","uploadtime":1700211332,"views":12,"p1id":"shawnpatanegra","p2id":"grumpyolddude","formatid":"gen9vgc2023regulatione","rating":1271,"private":0,"password":""}