{"id":"gen9vgc2023regulatione-1990598291","p1":"TheFatUglyGamer","p2":"boi in the back","format":"[Gen 9] VGC 2023 Regulation E","log":"|j|\u2606TheFatUglyGamer\n|j|\u2606boi in the back\n|t:|1699984552\n|gametype|doubles\n|player|p1|TheFatUglyGamer|2|1079\n|player|p2|boi in the back|peony|1098\n|teamsize|p1|6\n|teamsize|p2|6\n|gen|9\n|tier|[Gen 9] VGC 2023 Regulation E\n|rated|\n|rule|Species Clause: Limit one of each Pok\u00e9mon\n|rule|Item Clause: Limit one of each item\n|clearpoke\n|poke|p1|Dragonite, L50, M|\n|poke|p1|Scizor, L50, F|\n|poke|p1|Flutter Mane, L50|\n|poke|p1|Tornadus, L50, M|\n|poke|p1|Houndstone, L50, F|\n|poke|p1|Tyranitar, L50, M|\n|poke|p2|Pelipper, L50, F|\n|poke|p2|Landorus, L50, M|\n|poke|p2|Ogerpon-Wellspring, L50, F|\n|poke|p2|Articuno-Galar, L50|\n|poke|p2|Urshifu-*, L50, M|\n|poke|p2|Basculegion, L50, M|\n|teampreview|4\n|inactive|Battle timer is ON: inactive players will automatically lose when time's up. (requested by boi in the back)\n|\n|t:|1699984577\n|start\n|switch|p1a: Dragonite|Dragonite, L50, M|100\/100\n|switch|p1b: Tornadus|Tornadus, L50, M|100\/100\n|switch|p2a: quagmire toilet|Pelipper, L50, F|100\/100\n|switch|p2b: ko = support 2|Ogerpon-Wellspring, L50, F|100\/100\n|-weather|RainDance|[from] ability: Drizzle|[of] p2a: quagmire toilet\n|turn|1\n|\n|t:|1699984602\n|-terastallize|p1a: Dragonite|Normal\n|move|p1a: Dragonite|Extreme Speed|p2a: quagmire toilet\n|-damage|p2a: quagmire toilet|54\/100\n|move|p1b: Tornadus|Tailwind|p1b: Tornadus\n|-sidestart|p1: TheFatUglyGamer|move: Tailwind\n|move|p2b: ko = support 2|Ivy Cudgel|p1b: Tornadus|[anim] Ivy Cudgel Water\n|-damage|p1b: Tornadus|6\/100\n|move|p2a: quagmire toilet|Tailwind|p2a: quagmire toilet\n|-sidestart|p2: boi in the back|move: Tailwind\n|\n|-weather|RainDance|[upkeep]\n|upkeep\n|turn|2\n|\n|t:|1699984626\n|move|p1a: Dragonite|Extreme Speed|p2b: ko = support 2\n|-damage|p2b: ko = support 2|26\/100\n|move|p1b: Tornadus|Taunt|p2a: quagmire toilet\n|-start|p2a: quagmire toilet|move: Taunt\n|move|p2b: ko = support 2|Encore|p1b: Tornadus\n|-start|p1b: Tornadus|Encore\n|move|p2a: quagmire toilet|U-turn|p1a: Dragonite\n|-damage|p1a: Dragonite|91\/100\n|\n|t:|1699984636\n|switch|p2a: 3 bear attacks|Urshifu-Rapid-Strike, L50, M|100\/100|[from] U-turn\n|\n|-weather|RainDance|[upkeep]\n|upkeep\n|turn|3\n|\n|t:|1699984660\n|move|p2b: ko = support 2|Follow Me|p2b: ko = support 2\n|-singleturn|p2b: ko = support 2|move: Follow Me\n|move|p1a: Dragonite|Extreme Speed|p2b: ko = support 2\n|-damage|p2b: ko = support 2|0 fnt\n|faint|p2b: ko = support 2\n|move|p1b: Tornadus|Taunt|p2a: 3 bear attacks\n|-start|p2a: 3 bear attacks|move: Taunt\n|cant|p2a: 3 bear attacks|move: Taunt|Swords Dance\n|\n|-weather|RainDance|[upkeep]\n|upkeep\n|\n|t:|1699984670\n|switch|p2b: impossibly calm|Articuno-Galar, L50, shiny|100\/100\n|turn|4\n|\n|t:|1699984691\n|-terastallize|p2b: impossibly calm|Water\n|move|p1a: Dragonite|Extreme Speed|p2a: 3 bear attacks\n|-damage|p2a: 3 bear attacks|40\/100\n|move|p1b: Tornadus|Taunt|p2b: impossibly calm\n|-start|p2b: impossibly calm|move: Taunt\n|move|p2a: 3 bear attacks|Surging Strikes|p1a: Dragonite\n|-crit|p1a: Dragonite\n|-damage|p1a: Dragonite|52\/100\n|-crit|p1a: Dragonite\n|-damage|p1a: Dragonite|12\/100\n|-crit|p1a: Dragonite\n|-damage|p1a: Dragonite|0 fnt\n|faint|p1a: Dragonite\n|-hitcount|p1: Dragonite|3\n|move|p2b: impossibly calm|Tera Blast|p1b: Tornadus|[anim] Tera Blast Water\n|-damage|p1b: Tornadus|0 fnt\n|faint|p1b: Tornadus\n|\n|-weather|RainDance|[upkeep]\n|-sideend|p1: TheFatUglyGamer|move: Tailwind\n|-sideend|p2: boi in the back|move: Tailwind\n|upkeep\n|\n|t:|1699984714\n|switch|p1a: Tyranitar|Tyranitar, L50, M|100\/100\n|switch|p1b: Houndstone|Houndstone, L50, F|100\/100\n|-weather|Sandstorm|[from] ability: Sand Stream|[of] p1a: Tyranitar\n|turn|5\n|inactive|TheFatUglyGamer has 30 seconds left.\n|\n|t:|1699984741\n|switch|p2b: quagmire toilet|Pelipper, L50, F|54\/100\n|-weather|RainDance|[from] ability: Drizzle|[of] p2b: quagmire toilet\n|move|p1a: Tyranitar|Protect|p1a: Tyranitar\n|-singleturn|p1a: Tyranitar|Protect\n|move|p2a: 3 bear attacks|Surging Strikes|p1a: Tyranitar\n|-supereffective|p1a: Tyranitar\n|-crit|p1a: Tyranitar\n|-damage|p1a: Tyranitar|40\/100\n|-enditem|p1a: Tyranitar|Weakness Policy\n|-boost|p1a: Tyranitar|atk|2|[from] item: Weakness Policy\n|-boost|p1a: Tyranitar|spa|2|[from] item: Weakness Policy\n|-supereffective|p1a: Tyranitar\n|-crit|p1a: Tyranitar\n|-damage|p1a: Tyranitar|0 fnt\n|faint|p1a: Tyranitar\n|-hitcount|p1: Tyranitar|2\n|move|p1b: Houndstone|Last Respects|p2a: 3 bear attacks\n|-damage|p2a: 3 bear attacks|0 fnt\n|faint|p2a: 3 bear attacks\n|\n|-weather|RainDance|[upkeep]\n|upkeep\n|\n|t:|1699984750\n|switch|p2a: impossibly calm|Articuno-Galar, L50, shiny, tera:Water|100\/100\n|turn|6\n|\n|t:|1699984767\n|move|p1b: Houndstone|Last Respects|p2a: impossibly calm\n|-damage|p2a: impossibly calm|52\/100\n|move|p2a: impossibly calm|Calm Mind|p2a: impossibly calm\n|-boost|p2a: impossibly calm|spa|1\n|-boost|p2a: impossibly calm|spd|1\n|move|p2b: quagmire toilet|Chilling Water|p1b: Houndstone\n|-damage|p1b: Houndstone|74\/100\n|-unboost|p1b: Houndstone|atk|1\n|\n|-weather|RainDance|[upkeep]\n|-heal|p2a: impossibly calm|58\/100|[from] item: Leftovers\n|upkeep\n|turn|7\n|\n|t:|1699984781\n|move|p1b: Houndstone|Last Respects|p2a: impossibly calm\n|-damage|p2a: impossibly calm|21\/100\n|move|p2a: impossibly calm|Tera Blast|p1b: Houndstone|[anim] Tera Blast Water\n|-crit|p1b: Houndstone\n|-damage|p1b: Houndstone|0 fnt\n|faint|p1b: Houndstone\n|\n|win|boi in the back\n|raw|TheFatUglyGamer's rating: 1079 &rarr; <strong>1058<\/strong><br \/>(-21 for losing)\n|raw|boi in the back's rating: 1098 &rarr; <strong>1122<\/strong><br \/>(+24 for winning)\n","uploadtime":1699984789,"views":8,"p1id":"thefatuglygamer","p2id":"boiintheback","formatid":"gen9vgc2023regulatione","rating":1058,"private":0,"password":""}