{"id":"gen9vgc2023regulatione-1994834454","p1":"bioevo","p2":"Llort365","format":"[Gen 9] VGC 2023 Regulation E","log":"|j|\u2606bioevo\n|j|\u2606Llort365\n|t:|1700497098\n|gametype|doubles\n|player|p1|bioevo|shadowtriad|1118\n|player|p2|Llort365|hilbert-wonderlauncher|1041\n|teamsize|p1|6\n|teamsize|p2|6\n|gen|9\n|tier|[Gen 9] VGC 2023 Regulation E\n|rated|\n|rule|Species Clause: Limit one of each Pok\u00e9mon\n|rule|Item Clause: Limit one of each item\n|clearpoke\n|poke|p1|Kommo-o, L50, F|\n|poke|p1|Rillaboom, L50, M|\n|poke|p1|Sneasler, L50, M|\n|poke|p1|Sinistcha-Masterpiece, L50|\n|poke|p1|Arcanine-Hisui, L50, F|\n|poke|p1|Flutter Mane, L50|\n|poke|p2|Tinkaton, L50, F|\n|poke|p2|Amoonguss, L50, F|\n|poke|p2|Iron Bundle, L50|\n|poke|p2|Flutter Mane, L50|\n|poke|p2|Kingambit, L50, F|\n|poke|p2|Chi-Yu, L50|\n|teampreview|4\n|inactive|Battle timer is ON: inactive players will automatically lose when time's up. (requested by bioevo)\nLlort365 has agreed to open team sheets.\n|inactive|Llort365 has 60 seconds left.\n|\n|t:|1700497134\n|start\n|switch|p1a: Kommo-o|Kommo-o, L50, F, shiny|100\/100\n|switch|p1b: Rillaboom|Rillaboom, L50, M|100\/100\n|switch|p2a: Iron Bundle|Iron Bundle, L50|100\/100\n|switch|p2b: Flutter Mane|Flutter Mane, L50|100\/100\n|-fieldstart|move: Grassy Terrain|[from] ability: Grassy Surge|[of] p1b: Rillaboom\n|-enditem|p2a: Iron Bundle|Booster Energy\n|-activate|p2a: Iron Bundle|ability: Quark Drive|[fromitem]\n|-start|p2a: Iron Bundle|quarkdrivespe\n|turn|1\n|inactive|bioevo has 30 seconds left.\n|inactive|Llort365 has 30 seconds left.\n|inactive|bioevo has 20 seconds left.\n|\n|t:|1700497174\n|-end|p2b: Flutter Mane|Protosynthesis|[silent]\n|switch|p2b: Chi-Yu|Chi-Yu, L50|100\/100\n|-ability|p2b: Chi-Yu|Beads of Ruin\n|-terastallize|p2a: Iron Bundle|Ghost\n|-terastallize|p1a: Kommo-o|Steel\n|move|p1b: Rillaboom|Fake Out|p2a: Iron Bundle\n|-immune|p2a: Iron Bundle\n|move|p2a: Iron Bundle|Icy Wind|p1b: Rillaboom|[spread] p1a,p1b\n|-resisted|p1a: Kommo-o\n|-supereffective|p1b: Rillaboom\n|-damage|p1a: Kommo-o|89\/100\n|-damage|p1b: Rillaboom|53\/100\n|-unboost|p1a: Kommo-o|spe|1\n|-unboost|p1b: Rillaboom|spe|1\n|move|p1a: Kommo-o|Body Press|p2a: Iron Bundle\n|-immune|p2a: Iron Bundle\n|\n|-heal|p1b: Rillaboom|59\/100|[from] Grassy Terrain\n|-heal|p1a: Kommo-o|95\/100|[from] Grassy Terrain\n|-heal|p1a: Kommo-o|100\/100|[from] item: Leftovers\n|upkeep\n|turn|2\n|inactive|bioevo has 30 seconds left.\n|inactive|Llort365 has 30 seconds left.\n|\n|t:|1700497207\n|-end|p2a: Iron Bundle|Quark Drive|[silent]\n|switch|p2a: Amoonguss|Amoonguss, L50, F|100\/100\n|switch|p1b: Sneasler|Sneasler, L50, M, shiny|100\/100\n|-enditem|p1b: Sneasler|Grassy Seed\n|-boost|p1b: Sneasler|def|1|[from] item: Grassy Seed\n|switch|p1a: Arcanine|Arcanine-Hisui, L50, F|100\/100\n|move|p2b: Chi-Yu|Heat Wave|p1b: Sneasler|[spread] p1b\n|-miss|p2b: Chi-Yu|p1a: Arcanine\n|-damage|p1b: Sneasler|0 fnt\n|faint|p1b: Sneasler\n|\n|upkeep\n|\n|t:|1700497224\n|switch|p1b: Rillaboom|Rillaboom, L50, M|59\/100\n|turn|3\n|\n|t:|1700497247\n|switch|p2a: Iron Bundle|Iron Bundle, L50, tera:Ghost|100\/100\n|move|p1b: Rillaboom|Fake Out|p2a: Iron Bundle\n|-immune|p2a: Iron Bundle\n|move|p1a: Arcanine|Head Smash|p2b: Chi-Yu|[miss]\n|-miss|p1a: Arcanine|p2b: Chi-Yu\n|move|p2b: Chi-Yu|Heat Wave|p1a: Arcanine|[spread] p1a,p1b\n|-resisted|p1a: Arcanine\n|-supereffective|p1b: Rillaboom\n|-damage|p1a: Arcanine|75\/100\n|-damage|p1b: Rillaboom|0 fnt\n|faint|p1b: Rillaboom\n|\n|-heal|p1a: Arcanine|81\/100|[from] Grassy Terrain\n|upkeep\n|\n|t:|1700497260\n|switch|p1b: Kommo-o|Kommo-o, L50, F, shiny, tera:Steel|100\/100\n|turn|4\n|\n|t:|1700497270\n|move|p1b: Kommo-o|Protect|p1b: Kommo-o\n|-singleturn|p1b: Kommo-o|Protect\n|move|p2a: Iron Bundle|Icy Wind|p1b: Kommo-o|[spread] p1a\n|-activate|p1b: Kommo-o|move: Protect\n|-resisted|p1a: Arcanine\n|-damage|p1a: Arcanine|64\/100\n|-unboost|p1a: Arcanine|spe|1\n|move|p2b: Chi-Yu|Heat Wave|p1a: Arcanine|[spread] p1a\n|-activate|p1b: Kommo-o|move: Protect\n|-resisted|p1a: Arcanine\n|-damage|p1a: Arcanine|38\/100\n|move|p1a: Arcanine|Head Smash|p2b: Chi-Yu\n|-supereffective|p2b: Chi-Yu\n|-damage|p2b: Chi-Yu|0 fnt\n|faint|p2b: Chi-Yu\n|\n|-heal|p1a: Arcanine|44\/100|[from] Grassy Terrain\n|upkeep\n|\n|t:|1700497287\n|switch|p2b: Amoonguss|Amoonguss, L50, F|100\/100\n|turn|5\n|\n|t:|1700497302\n|move|p2a: Iron Bundle|Hydro Pump|p1a: Arcanine\n|-supereffective|p1a: Arcanine\n|-damage|p1a: Arcanine|0 fnt\n|faint|p1a: Arcanine\n|move|p1b: Kommo-o|Iron Head|p2a: Iron Bundle\n|-damage|p2a: Iron Bundle|65\/100\n|move|p2b: Amoonguss|Spore|p1b: Kommo-o\n|-status|p1b: Kommo-o|slp|[from] move: Spore\n|\n|-heal|p2a: Iron Bundle|71\/100|[from] Grassy Terrain\n|-fieldend|move: Grassy Terrain\n|upkeep\n|turn|6\n|\n|t:|1700497317\n|move|p2a: Iron Bundle|Hydro Pump|p1b: Kommo-o\n|-damage|p1b: Kommo-o|51\/100 slp\n|cant|p1b: Kommo-o|slp\n|move|p2b: Amoonguss|Pollen Puff|p2a: Iron Bundle\n|-heal|p2a: Iron Bundle|100\/100\n|\n|-heal|p1b: Kommo-o|57\/100 slp|[from] item: Leftovers\n|upkeep\n|turn|7\n|-message|bioevo forfeited.\n|\n|win|Llort365\n|raw|bioevo's rating: 1118 &rarr; <strong>1088<\/strong><br \/>(-30 for losing)\n|raw|Llort365's rating: 1041 &rarr; <strong>1082<\/strong><br \/>(+41 for winning)\n|l|\u2606bioevo\n|c|\u2606Llort365|gg\n","uploadtime":1700497335,"views":2,"p1id":"bioevo","p2id":"llort365","formatid":"gen9vgc2023regulatione","rating":1082,"private":0,"password":""}