{"id":"gen9vgc2023regulatione-1989579054","p1":"Monkemaniac323","p2":"Jhonnyflames","format":"[Gen 9] VGC 2023 Regulation E","log":"|j|\u2606Monkemaniac323\n|j|\u2606Jhonnyflames\n|t:|1699874187\n|gametype|doubles\n|player|p1|Monkemaniac323|1|1046\n|player|p2|Jhonnyflames|firebreather|1082\n|teamsize|p1|6\n|teamsize|p2|6\n|gen|9\n|tier|[Gen 9] VGC 2023 Regulation E\n|rated|\n|rule|Species Clause: Limit one of each Pok\u00e9mon\n|rule|Item Clause: Limit one of each item\n|clearpoke\n|poke|p1|Sinistcha, L50|\n|poke|p1|Iron Hands, L50|\n|poke|p1|Palafin, L50, M|\n|poke|p1|Ursaluna-Bloodmoon, L50, M|\n|poke|p1|Flutter Mane, L50|\n|poke|p1|Ogerpon-Hearthflame, L50, F|\n|poke|p2|Arcanine, L50, M|\n|poke|p2|Maushold, L50|\n|poke|p2|Slowbro-Galar, L50, M|\n|poke|p2|Landorus, L50, M|\n|poke|p2|Amoonguss, L50, M|\n|poke|p2|Volcarona, L50, F|\n|teampreview|4\n|inactive|Battle timer is ON: inactive players will automatically lose when time's up. (requested by Jhonnyflames)\n|\n|t:|1699874214\n|start\n|switch|p1a: Ursaluna|Ursaluna-Bloodmoon, L50, M|100\/100\n|switch|p1b: Palafin|Palafin, L50, M|100\/100\n|switch|p2a: Maushold|Maushold, L50|100\/100\n|switch|p2b: Arcanine|Arcanine, L50, M|100\/100\n|turn|1\n|inactive|Jhonnyflames has 30 seconds left.\n|\n|t:|1699874248\n|detailschange|p1b: Palafin|Palafin-Hero, L50, M\n|switch|p1b: Sinistcha|Sinistcha, L50|100\/100\n|move|p2a: Maushold|Beat Up|p2b: Arcanine\n|-damage|p2b: Arcanine|98\/100\n|-ability|p2b: Arcanine|Justified|boost\n|-boost|p2b: Arcanine|atk|1\n|-damage|p2b: Arcanine|95\/100\n|-ability|p2b: Arcanine|Justified|boost\n|-boost|p2b: Arcanine|atk|1\n|-damage|p2b: Arcanine|93\/100\n|-ability|p2b: Arcanine|Justified|boost\n|-boost|p2b: Arcanine|atk|1\n|-damage|p2b: Arcanine|90\/100\n|-ability|p2b: Arcanine|Justified|boost\n|-boost|p2b: Arcanine|atk|1\n|-hitcount|p2b: Arcanine|4\n|move|p2b: Arcanine|Agility|p2b: Arcanine\n|-boost|p2b: Arcanine|spe|2\n|move|p1a: Ursaluna|Hyper Voice|p2b: Arcanine|[spread] p2a,p2b\n|-damage|p2a: Maushold|41\/100\n|-damage|p2b: Arcanine|63\/100\n|-enditem|p1a: Ursaluna|Throat Spray\n|-boost|p1a: Ursaluna|spa|1|[from] item: Throat Spray\n|\n|upkeep\n|turn|2\n|inactive|Monkemaniac323 has 30 seconds left.\n|inactive|Jhonnyflames has 30 seconds left.\n|inactive|Jhonnyflames has 20 seconds left.\n|inactive|Jhonnyflames has 15 seconds left.\n|\n|t:|1699874292\n|-terastallize|p1a: Ursaluna|Normal\n|move|p2b: Arcanine|Extreme Speed|p1a: Ursaluna\n|-damage|p1a: Ursaluna|52\/100\n|move|p1b: Sinistcha|Rage Powder|p1b: Sinistcha\n|-singleturn|p1b: Sinistcha|move: Rage Powder\n|move|p2a: Maushold|Population Bomb|p1b: Sinistcha\n|-immune|p1b: Sinistcha\n|move|p1a: Ursaluna|Hyper Voice|p2b: Arcanine|[spread] p2a,p2b\n|-damage|p2a: Maushold|0 fnt\n|-damage|p2b: Arcanine|4\/100\n|faint|p2a: Maushold\n|\n|upkeep\n|\n|t:|1699874300\n|switch|p2a: Slowbro|Slowbro-Galar, L50, M|100\/100\n|turn|3\n|\n|t:|1699874312\n|move|p2b: Arcanine|Endure|p2b: Arcanine\n|-singleturn|p2b: Arcanine|move: Endure\n|move|p1a: Ursaluna|Protect|p1a: Ursaluna\n|-singleturn|p1a: Ursaluna|Protect\n|move|p1b: Sinistcha|Matcha Gotcha|p2a: Slowbro|[spread] p2a,p2b\n|-resisted|p2a: Slowbro\n|-resisted|p2b: Arcanine\n|-damage|p2a: Slowbro|87\/100\n|-activate|p2b: Arcanine|move: Endure\n|-damage|p2b: Arcanine|1\/100\n|-status|p2a: Slowbro|brn\n|move|p2a: Slowbro|Psych Up|p2b: Arcanine\n|-copyboost|p2a: Slowbro|p2b: Arcanine|[from] move: Psych Up\n|\n|-damage|p2a: Slowbro|81\/100 brn|[from] brn\n|upkeep\n|turn|4\n|inactive|Jhonnyflames has 30 seconds left.\n|\n|t:|1699874341\n|move|p1b: Sinistcha|Rage Powder|p1b: Sinistcha\n|-singleturn|p1b: Sinistcha|move: Rage Powder\n|move|p2b: Arcanine|Tera Blast|p1b: Sinistcha\n|-immune|p1b: Sinistcha\n|move|p2a: Slowbro|Drain Punch|p1b: Sinistcha\n|-immune|p1b: Sinistcha\n|move|p1a: Ursaluna|Hyper Voice|p2a: Slowbro|[spread] p2a,p2b\n|-damage|p2a: Slowbro|0 fnt\n|-damage|p2b: Arcanine|0 fnt\n|faint|p2a: Slowbro\n|faint|p2b: Arcanine\n|\n|upkeep\n|\n|t:|1699874349\n|switch|p2b: Landorus|Landorus, L50, M, shiny|100\/100\n|turn|5\n|\n|t:|1699874367\n|move|p1b: Sinistcha|Rage Powder|p1b: Sinistcha\n|-singleturn|p1b: Sinistcha|move: Rage Powder\n|move|p2b: Landorus|Focus Blast|p1b: Sinistcha\n|-immune|p1b: Sinistcha\n|move|p1a: Ursaluna|Blood Moon|p2b: Landorus\n|-crit|p2b: Landorus\n|-damage|p2b: Landorus|0 fnt\n|faint|p2b: Landorus\n|\n|win|Monkemaniac323\n|raw|Monkemaniac323's rating: 1046 &rarr; <strong>1083<\/strong><br \/>(+37 for winning)\n|raw|Jhonnyflames's rating: 1082 &rarr; <strong>1057<\/strong><br \/>(-25 for losing)\n","uploadtime":1699874378,"views":33,"p1id":"monkemaniac323","p2id":"jhonnyflames","formatid":"gen9vgc2023regulatione","rating":1057,"private":0,"password":""}