{"id":"gen9vgc2023regulatione-1993163707","p1":"NiiOtu05","p2":"Benjaturtle","format":"[Gen 9] VGC 2023 Regulation E","log":"|j|\u2606NiiOtu05\n|j|\u2606Benjaturtle\n|t:|1700272520\n|gametype|doubles\n|player|p1|NiiOtu05|101|1391\n|player|p2|Benjaturtle|infielder|1399\n|teamsize|p1|6\n|teamsize|p2|6\n|gen|9\n|tier|[Gen 9] VGC 2023 Regulation E\n|rated|\n|rule|Species Clause: Limit one of each Pok\u00e9mon\n|rule|Item Clause: Limit one of each item\n|clearpoke\n|poke|p1|Roaring Moon, L50|\n|poke|p1|Ninetales-Alola, L50, F|\n|poke|p1|Okidogi, L50, M|\n|poke|p1|Ogerpon-Wellspring, L50, F|\n|poke|p1|Heatran, L50, M|\n|poke|p1|Landorus-Therian, L50, M|\n|poke|p2|Kingambit, L50, F|\n|poke|p2|Amoonguss, L50, F|\n|poke|p2|Landorus-Therian, L50, M|\n|poke|p2|Flutter Mane, L50|\n|poke|p2|Chien-Pao, L50|\n|poke|p2|Gothitelle, L50, M|\n|teampreview|4\n|\n|t:|1700272560\n|start\n|switch|p1a: Ninetales|Ninetales-Alola, L50, F|100\/100\n|switch|p1b: Roaring Moon|Roaring Moon, L50|100\/100\n|switch|p2a: Flutter Mane|Flutter Mane, L50|100\/100\n|switch|p2b: Landorus|Landorus-Therian, L50, M|100\/100\n|-weather|Snow|[from] ability: Snow Warning|[of] p1a: Ninetales\n|-ability|p2b: Landorus|Intimidate|boost\n|-unboost|p1a: Ninetales|atk|1\n|-unboost|p1b: Roaring Moon|atk|1\n|-enditem|p2a: Flutter Mane|Booster Energy\n|-activate|p2a: Flutter Mane|ability: Protosynthesis|[fromitem]\n|-start|p2a: Flutter Mane|protosynthesisspa\n|-enditem|p1b: Roaring Moon|Booster Energy\n|-activate|p1b: Roaring Moon|ability: Protosynthesis|[fromitem]\n|-start|p1b: Roaring Moon|protosynthesisspe\n|turn|1\n|\n|t:|1700272575\n|move|p1b: Roaring Moon|Tailwind|p1b: Roaring Moon\n|-sidestart|p1: NiiOtu05|move: Tailwind\n|move|p1a: Ninetales|Aurora Veil|p1a: Ninetales\n|-sidestart|p1: NiiOtu05|move: Aurora Veil\n|move|p2a: Flutter Mane|Perish Song|p2a: Flutter Mane\n|-start|p1a: Ninetales|perish3|[silent]\n|-start|p1b: Roaring Moon|perish3|[silent]\n|-start|p2a: Flutter Mane|perish3|[silent]\n|-start|p2b: Landorus|perish3|[silent]\n|-fieldactivate|move: Perish Song\n|move|p2b: Landorus|U-turn|p1b: Roaring Moon\n|-supereffective|p1b: Roaring Moon\n|-damage|p1b: Roaring Moon|68\/100\n|\n|t:|1700272583\n|switch|p2b: Morrigan|Gothitelle, L50, M|100\/100|[from] U-turn\n|\n|-weather|Snow|[upkeep]\n|-start|p1b: Roaring Moon|perish3\n|-start|p1a: Ninetales|perish3\n|-start|p2a: Flutter Mane|perish3\n|upkeep\n|turn|2\n|\n|t:|1700272597\n|-end|p2a: Flutter Mane|Protosynthesis|[silent]\n|switch|p2a: Amoonguss|Amoonguss, L50, F|100\/100\n|move|p2b: Morrigan|Fake Out|p1b: Roaring Moon\n|-damage|p1b: Roaring Moon|63\/100\n|cant|p1b: Roaring Moon|flinch\n|move|p1a: Ninetales|Blizzard|p2a: Amoonguss|[spread] p2a,p2b\n|-supereffective|p2a: Amoonguss\n|-damage|p2a: Amoonguss|65\/100\n|-damage|p2b: Morrigan|81\/100\n|\n|-weather|Snow|[upkeep]\n|-start|p1b: Roaring Moon|perish2\n|-start|p1a: Ninetales|perish2\n|upkeep\n|turn|3\n|\n|t:|1700272615\n|switch|p2a: Flutter Mane|Flutter Mane, L50|100\/100\n|move|p2b: Morrigan|Protect|p2b: Morrigan\n|-singleturn|p2b: Morrigan|Protect\n|move|p1b: Roaring Moon|Acrobatics|p2a: Flutter Mane\n|-damage|p2a: Flutter Mane|60\/100\n|move|p1a: Ninetales|Blizzard|p2b: Morrigan|[spread] p2a\n|-activate|p2b: Morrigan|move: Protect\n|-damage|p2a: Flutter Mane|37\/100\n|\n|-weather|Snow|[upkeep]\n|-start|p1b: Roaring Moon|perish1\n|-start|p1a: Ninetales|perish1\n|upkeep\n|turn|4\n|\n|t:|1700272635\n|switch|p2b: Amoonguss|Amoonguss, L50, F|98\/100\n|move|p1b: Roaring Moon|Knock Off|p2b: Amoonguss\n|-damage|p2b: Amoonguss|64\/100\n|-damage|p1b: Roaring Moon|47\/100|[from] item: Rocky Helmet|[of] p2b: Amoonguss\n|-enditem|p2b: Amoonguss|Rocky Helmet|[from] move: Knock Off|[of] p1b: Roaring Moon\n|move|p1a: Ninetales|Blizzard|p2b: Amoonguss|[spread] p2a,p2b\n|-supereffective|p2b: Amoonguss\n|-damage|p2a: Flutter Mane|15\/100\n|-damage|p2b: Amoonguss|32\/100\n|move|p2a: Flutter Mane|Moonblast|p1b: Roaring Moon\n|-supereffective|p1b: Roaring Moon\n|-damage|p1b: Roaring Moon|0 fnt\n|faint|p1b: Roaring Moon\n|-end|p1b: Roaring Moon|Protosynthesis|[silent]\n|\n|-weather|Snow|[upkeep]\n|-start|p1a: Ninetales|perish0\n|-sideend|p1: NiiOtu05|move: Tailwind\n|faint|p1a: Ninetales\n|upkeep\n|\n|t:|1700272639\n|switch|p1a: Okidogi|Okidogi, L50, M|100\/100\n|switch|p1b: Ogerpon|Ogerpon-Wellspring, L50, F|100\/100\n|turn|5\n|\n|t:|1700272650\n|-terastallize|p1b: Ogerpon|Water\n|detailschange|p1b: Ogerpon|Ogerpon-Wellspring-Tera, L50, F, tera:Water\n|-ability|p1b: Ogerpon|Embody Aspect (Wellspring)|boost\n|-boost|p1b: Ogerpon|spd|1\n|move|p2b: Amoonguss|Rage Powder|p2b: Amoonguss\n|-singleturn|p2b: Amoonguss|move: Rage Powder\n|move|p2a: Flutter Mane|Perish Song|p2a: Flutter Mane\n|-start|p1a: Okidogi|perish3|[silent]\n|-start|p1b: Ogerpon|perish3|[silent]\n|-start|p2a: Flutter Mane|perish3|[silent]\n|-start|p2b: Amoonguss|perish3|[silent]\n|-fieldactivate|move: Perish Song\n|move|p1b: Ogerpon|Ivy Cudgel|p2b: Amoonguss|[anim] Ivy Cudgel Water\n|-resisted|p2b: Amoonguss\n|-damage|p2b: Amoonguss|0 fnt\n|faint|p2b: Amoonguss\n|move|p1a: Okidogi|Gunk Shot|p2a: Flutter Mane\n|-damage|p2a: Flutter Mane|0 fnt\n|faint|p2a: Flutter Mane\n|-end|p2a: Flutter Mane|Protosynthesis|[silent]\n|\n|-weather|none\n|-start|p1b: Ogerpon|perish3\n|-start|p1a: Okidogi|perish3\n|upkeep\n|\n|t:|1700272664\n|switch|p2a: Morrigan|Gothitelle, L50, M|81\/100\n|switch|p2b: Landorus|Landorus-Therian, L50, M|100\/100\n|-ability|p2b: Landorus|Intimidate|boost\n|-ability|p1a: Okidogi|Guard Dog|boost\n|-boost|p1a: Okidogi|atk|1\n|-unboost|p1b: Ogerpon|atk|1\n|turn|6\n|\n|t:|1700272674\n|-terastallize|p2a: Morrigan|Dragon\n|move|p2b: Landorus|Protect|p2b: Landorus\n|-singleturn|p2b: Landorus|Protect\n|move|p1b: Ogerpon|Spiky Shield|p1b: Ogerpon\n|-singleturn|p1b: Ogerpon|move: Protect\n|move|p2a: Morrigan|Fake Out|p1b: Ogerpon\n|-activate|p1b: Ogerpon|move: Protect\n|-damage|p2a: Morrigan|69\/100|[from] Spiky Shield|[of] p1b: Ogerpon\n|move|p1a: Okidogi|Bulk Up|p1a: Okidogi\n|-boost|p1a: Okidogi|atk|1\n|-boost|p1a: Okidogi|def|1\n|\n|-start|p1b: Ogerpon|perish2\n|-start|p1a: Okidogi|perish2\n|upkeep\n|turn|7\n|\n|t:|1700272691\n|move|p2a: Morrigan|Protect|p2a: Morrigan\n|-singleturn|p2a: Morrigan|Protect\n|move|p2b: Landorus|Rock Slide|p1b: Ogerpon|[spread] p1a,p1b\n|-resisted|p1a: Okidogi\n|-damage|p1a: Okidogi|97\/100\n|-damage|p1b: Ogerpon|88\/100\n|move|p1b: Ogerpon|Ivy Cudgel|p2b: Landorus|[anim] Ivy Cudgel Water\n|-supereffective|p2b: Landorus\n|-damage|p2b: Landorus|0 fnt\n|faint|p2b: Landorus\n|move|p1a: Okidogi|Drain Punch|p2a: Morrigan\n|-activate|p2a: Morrigan|move: Protect\n|\n|-heal|p1a: Okidogi|100\/100|[from] item: Leftovers\n|-start|p1b: Ogerpon|perish1\n|-start|p1a: Okidogi|perish1\n|upkeep\n|turn|8\n|\n|t:|1700272707\n|move|p2a: Morrigan|Protect|p2a: Morrigan\n|-singleturn|p2a: Morrigan|Protect\n|move|p1b: Ogerpon|Ivy Cudgel|p2a: Morrigan|[anim] Ivy Cudgel Water\n|-activate|p2a: Morrigan|move: Protect\n|move|p1a: Okidogi|Drain Punch|p2a: Morrigan\n|-activate|p2a: Morrigan|move: Protect\n|\n|-start|p1b: Ogerpon|perish0\n|-start|p1a: Okidogi|perish0\n|-sideend|p1: NiiOtu05|move: Aurora Veil\n|faint|p1b: Ogerpon\n|faint|p1a: Okidogi\n|\n|win|Benjaturtle\n|upkeep\n|raw|NiiOtu05's rating: 1391 &rarr; <strong>1371<\/strong><br \/>(-20 for losing)\n|raw|Benjaturtle's rating: 1399 &rarr; <strong>1419<\/strong><br \/>(+20 for winning)\n|l|\u2606NiiOtu05\n","uploadtime":1700272734,"views":12,"p1id":"niiotu05","p2id":"benjaturtle","formatid":"gen9vgc2023regulatione","rating":1371,"private":0,"password":""}