{"id":"gen9vgc2023regulatione-2000057503","p1":"xJustinlc96","p2":"tyranitrev","format":"[Gen 9] VGC 2023 Regulation E","log":"|j|\u2606xJustinlc96\n|j|\u2606tyranitrev\n|t:|1701147289\n|gametype|doubles\n|player|p1|xJustinlc96|cynthia|1150\n|player|p2|tyranitrev|169|1150\n|teamsize|p1|6\n|teamsize|p2|6\n|gen|9\n|tier|[Gen 9] VGC 2023 Regulation E\n|rated|\n|rule|Species Clause: Limit one of each Pok\u00e9mon\n|rule|Item Clause: Limit one of each item\n|clearpoke\n|poke|p1|Florges-Blue, L50, F|\n|poke|p1|Ogerpon-Wellspring, L50, F|\n|poke|p1|Rillaboom, L50, F|\n|poke|p1|Tornadus, L50, M|\n|poke|p1|Arcanine-Hisui, L50, F|\n|poke|p1|Gholdengo, L50|\n|poke|p2|Arcanine-Hisui, L50, M|\n|poke|p2|Articuno-Galar, L50|\n|poke|p2|Gholdengo, L50|\n|poke|p2|Iron Hands, L50|\n|poke|p2|Roaring Moon, L50|\n|poke|p2|Urshifu-*, L50, M|\n|teampreview|4\n|\n|t:|1701147328\n|start\n|switch|p1a: Florges|Florges-Blue, L50, F|100\/100\n|switch|p1b: Rillaboom|Rillaboom, L50, F|100\/100\n|switch|p2a: Arcanine|Arcanine-Hisui, L50, M|100\/100\n|switch|p2b: Roaring Moon|Roaring Moon, L50|100\/100\n|-ability|p2a: Arcanine|Intimidate|boost\n|-unboost|p1a: Florges|atk|1\n|-block|p1b: Rillaboom|ability: Flower Veil|[of] p1a: Florges\n|-fieldstart|move: Grassy Terrain|[from] ability: Grassy Surge|[of] p1b: Rillaboom\n|-enditem|p2b: Roaring Moon|Booster Energy\n|-activate|p2b: Roaring Moon|ability: Protosynthesis|[fromitem]\n|-start|p2b: Roaring Moon|protosynthesisspe\n|turn|1\n|inactive|Battle timer is ON: inactive players will automatically lose when time's up. (requested by xJustinlc96)\n|inactive|tyranitrev has 60 seconds left.\n|\n|t:|1701147388\n|switch|p2a: Iron Hands|Iron Hands, L50|100\/100\n|move|p1b: Rillaboom|Fake Out|p2b: Roaring Moon\n|-damage|p2b: Roaring Moon|88\/100\n|cant|p2b: Roaring Moon|flinch\n|move|p1a: Florges|Chilling Water|p2a: Iron Hands\n|-damage|p2a: Iron Hands|93\/100\n|-unboost|p2a: Iron Hands|atk|1\n|\n|-heal|p2b: Roaring Moon|94\/100|[from] Grassy Terrain\n|-heal|p2a: Iron Hands|99\/100|[from] Grassy Terrain\n|upkeep\n|turn|2\n|inactive|tyranitrev has 30 seconds left.\n|\n|t:|1701147415\n|move|p2b: Roaring Moon|Tailwind|p2b: Roaring Moon\n|-sidestart|p2: tyranitrev|move: Tailwind\n|move|p2a: Iron Hands|Ice Punch|p1b: Rillaboom\n|-supereffective|p1b: Rillaboom\n|-damage|p1b: Rillaboom|67\/100\n|move|p1b: Rillaboom|High Horsepower|p2a: Iron Hands\n|-supereffective|p2a: Iron Hands\n|-damage|p2a: Iron Hands|55\/100\n|move|p1a: Florges|Moonblast|p2b: Roaring Moon\n|-supereffective|p2b: Roaring Moon\n|-damage|p2b: Roaring Moon|0 fnt\n|faint|p2b: Roaring Moon\n|-end|p2b: Roaring Moon|Protosynthesis|[silent]\n|\n|-heal|p2a: Iron Hands|61\/100|[from] Grassy Terrain\n|-heal|p1b: Rillaboom|73\/100|[from] Grassy Terrain\n|upkeep\n|\n|t:|1701147429\n|switch|p2b: Gholdengo|Gholdengo, L50|100\/100\n|turn|3\n|\n|t:|1701147448\n|-terastallize|p2b: Gholdengo|Steel\n|move|p2b: Gholdengo|Make It Rain|p1b: Rillaboom|[spread] p1a,p1b\n|-supereffective|p1a: Florges\n|-crit|p1b: Rillaboom\n|-damage|p1a: Florges|0 fnt\n|-damage|p1b: Rillaboom|0 fnt\n|-unboost|p2b: Gholdengo|spa|1\n|faint|p1a: Florges\n|faint|p1b: Rillaboom\n|-damage|p2b: Gholdengo|91\/100|[from] item: Life Orb\n|move|p2a: Iron Hands|Ice Punch|p1: Florges|[notarget]\n|-fail|p2a: Iron Hands\n|\n|-heal|p2b: Gholdengo|97\/100|[from] Grassy Terrain\n|-heal|p2a: Iron Hands|67\/100|[from] Grassy Terrain\n|upkeep\n|\n|t:|1701147463\n|switch|p1b: Tornadus|Tornadus, L50, M|100\/100\n|switch|p1a: Ogerpon|Ogerpon-Wellspring, L50, F|100\/100\n|turn|4\n|inactive|xJustinlc96 has 30 seconds left.\n|inactive|tyranitrev has 30 seconds left.\n|inactive|xJustinlc96 has 20 seconds left.\n|inactive|xJustinlc96 has 15 seconds left.\n|inactive|xJustinlc96 has 10 seconds left.\n|\n|t:|1701147509\n|switch|p2b: Arcanine|Arcanine-Hisui, L50, M|100\/100\n|-ability|p2b: Arcanine|Intimidate|boost\n|-unboost|p1a: Ogerpon|atk|1\n|-unboost|p1b: Tornadus|atk|1\n|-terastallize|p1a: Ogerpon|Water\n|detailschange|p1a: Ogerpon|Ogerpon-Wellspring-Tera, L50, F, tera:Water\n|-ability|p1a: Ogerpon|Embody Aspect (Wellspring)|boost\n|-boost|p1a: Ogerpon|spd|1\n|move|p1b: Tornadus|Rain Dance|p1b: Tornadus\n|-weather|RainDance\n|move|p2a: Iron Hands|Wild Charge|p1a: Ogerpon\n|-supereffective|p1a: Ogerpon\n|-damage|p1a: Ogerpon|4\/100\n|-damage|p2a: Iron Hands|51\/100|[from] Recoil\n|move|p1a: Ogerpon|Ivy Cudgel|p2b: Arcanine|[anim] Ivy Cudgel Water\n|-supereffective|p2b: Arcanine\n|-crit|p2b: Arcanine\n|-damage|p2b: Arcanine|0 fnt\n|faint|p2b: Arcanine\n|\n|-weather|RainDance|[upkeep]\n|-heal|p2a: Iron Hands|57\/100|[from] Grassy Terrain\n|-heal|p1a: Ogerpon|10\/100|[from] Grassy Terrain\n|upkeep\n|\n|t:|1701147531\n|switch|p2b: Gholdengo|Gholdengo, L50, tera:Steel|97\/100\n|turn|5\n|\n|t:|1701147551\n|move|p2b: Gholdengo|Make It Rain|p1a: Ogerpon|[spread] p1a,p1b\n|-resisted|p1a: Ogerpon\n|-damage|p1a: Ogerpon|0 fnt\n|-damage|p1b: Tornadus|7\/100\n|-unboost|p2b: Gholdengo|spa|1\n|faint|p1a: Ogerpon\n|-damage|p2b: Gholdengo|88\/100|[from] item: Life Orb\n|move|p2a: Iron Hands|Wild Charge|p1b: Tornadus\n|-supereffective|p1b: Tornadus\n|-damage|p1b: Tornadus|0 fnt\n|faint|p1b: Tornadus\n|-damage|p2a: Iron Hands|56\/100|[from] Recoil\n|\n|win|tyranitrev\n|raw|xJustinlc96's rating: 1150 &rarr; <strong>1125<\/strong><br \/>(-25 for losing)\n|raw|tyranitrev's rating: 1150 &rarr; <strong>1175<\/strong><br \/>(+25 for winning)\n","uploadtime":1701147564,"views":7,"p1id":"xjustinlc96","p2id":"tyranitrev","formatid":"gen9vgc2023regulatione","rating":1125,"private":0,"password":""}