{"id":"gen9vgc2023regulatione-1994520649","p1":"JoyBoy_Pgear5th","p2":"iStockphoto","format":"[Gen 9] VGC 2023 Regulation E","log":"|j|\u2606JoyBoy_Pgear5th\n|j|\u2606iStockphoto\n|t:|1700453920\n|gametype|doubles\n|player|p1|JoyBoy_Pgear5th|steven|1166\n|player|p2|iStockphoto|169|1061\n|teamsize|p1|6\n|teamsize|p2|6\n|gen|9\n|tier|[Gen 9] VGC 2023 Regulation E\n|rated|\n|rule|Species Clause: Limit one of each Pok\u00e9mon\n|rule|Item Clause: Limit one of each item\n|clearpoke\n|poke|p1|Urshifu-*, L50, M|\n|poke|p1|Sinistcha-Masterpiece, L50|\n|poke|p1|Cinderace, L50, M|\n|poke|p1|Flutter Mane, L50|\n|poke|p1|Kingambit, L50, F|\n|poke|p1|Garchomp, L50, F|\n|poke|p2|Roaring Moon, L50|\n|poke|p2|Chien-Pao, L50|\n|poke|p2|Rillaboom, L50, M|\n|poke|p2|Meowscarada, L50, M|\n|poke|p2|Heatran, L50, F|\n|poke|p2|Flutter Mane, L50|\n|teampreview|4\n|inactive|Battle timer is ON: inactive players will automatically lose when time's up. (requested by JoyBoy_Pgear5th)\niStockphoto has agreed to open team sheets.\n|\n|t:|1700453950\n|start\n|switch|p1a: Cinderace|Cinderace, L50, M|100\/100\n|switch|p1b: Garchomp|Garchomp, L50, F|100\/100\n|switch|p2a: Rillaboom|Rillaboom, L50, M|100\/100\n|switch|p2b: Meowscarada|Meowscarada, L50, M|100\/100\n|-fieldstart|move: Grassy Terrain|[from] ability: Grassy Surge|[of] p2a: Rillaboom\n|turn|1\n|inactive|JoyBoy_Pgear5th has 30 seconds left.\n|\n|t:|1700453980\n|-terastallize|p1b: Garchomp|Dragon\n|move|p2a: Rillaboom|Fake Out|p1a: Cinderace\n|-damage|p1a: Cinderace|81\/100\n|move|p2b: Meowscarada|Flower Trick|p1b: Garchomp\n|-start|p2b: Meowscarada|typechange|Grass|[from] ability: Protean\n|-resisted|p1b: Garchomp\n|-crit|p1b: Garchomp\n|-damage|p1b: Garchomp|56\/100\n|cant|p1a: Cinderace|flinch\n|move|p1b: Garchomp|Outrage|p2a: Rillaboom\n|-damage|p2a: Rillaboom|15\/100\n|\n|-heal|p1a: Cinderace|87\/100|[from] Grassy Terrain\n|-heal|p1b: Garchomp|62\/100|[from] Grassy Terrain\n|-heal|p2a: Rillaboom|20\/100|[from] Grassy Terrain\n|upkeep\n|turn|2\n|inactive|iStockphoto has 30 seconds left.\n|\n|t:|1700454013\n|switch|p2a: Chien-Pao|Chien-Pao, L50|100\/100\n|-ability|p2a: Chien-Pao|Sword of Ruin\n|-terastallize|p2b: Meowscarada|Grass\n|move|p2b: Meowscarada|Flower Trick|p1b: Garchomp\n|-resisted|p1b: Garchomp\n|-crit|p1b: Garchomp\n|-damage|p1b: Garchomp|0 fnt\n|faint|p1b: Garchomp\n|move|p1a: Cinderace|Pyro Ball|p2b: Meowscarada\n|-supereffective|p2b: Meowscarada\n|-damage|p2b: Meowscarada|0 fnt\n|faint|p2b: Meowscarada\n|-damage|p1a: Cinderace|77\/100|[from] item: Life Orb\n|\n|-heal|p1a: Cinderace|83\/100|[from] Grassy Terrain\n|upkeep\n|\n|t:|1700454037\n|switch|p2b: Roaring Moon|Roaring Moon, L50|100\/100\n|switch|p1b: Flutter Mane|Flutter Mane, L50|100\/100\n|-enditem|p2b: Roaring Moon|Booster Energy\n|-activate|p2b: Roaring Moon|ability: Protosynthesis|[fromitem]\n|-start|p2b: Roaring Moon|protosynthesisatk\n|-enditem|p1b: Flutter Mane|Booster Energy\n|-activate|p1b: Flutter Mane|ability: Protosynthesis|[fromitem]\n|-start|p1b: Flutter Mane|protosynthesisspa\n|turn|3\n|\n|t:|1700454057\n|move|p2a: Chien-Pao|Protect|p2a: Chien-Pao\n|-singleturn|p2a: Chien-Pao|Protect\n|move|p1b: Flutter Mane|Protect|p1b: Flutter Mane\n|-singleturn|p1b: Flutter Mane|Protect\n|move|p2b: Roaring Moon|Knock Off|p1b: Flutter Mane\n|-activate|p1b: Flutter Mane|move: Protect\n|move|p1a: Cinderace|High Jump Kick|p2a: Chien-Pao\n|-start|p1a: Cinderace|typechange|Fighting|[from] ability: Libero\n|-activate|p2a: Chien-Pao|move: Protect\n|-damage|p1a: Cinderace|33\/100|[from] highjumpkick\n|\n|-heal|p1a: Cinderace|39\/100|[from] Grassy Terrain\n|upkeep\n|turn|4\n|\n|t:|1700454081\n|move|p2a: Chien-Pao|Sucker Punch|p1b: Flutter Mane\n|-damage|p1b: Flutter Mane|0 fnt\n|faint|p1b: Flutter Mane\n|-end|p1b: Flutter Mane|Protosynthesis|[silent]\n|move|p1a: Cinderace|High Jump Kick|p2a: Chien-Pao\n|-supereffective|p2a: Chien-Pao\n|-enditem|p2a: Chien-Pao|Focus Sash\n|-damage|p2a: Chien-Pao|1\/100\n|-damage|p1a: Cinderace|30\/100|[from] item: Life Orb\n|move|p2b: Roaring Moon|Acrobatics|p1a: Cinderace\n|-supereffective|p1a: Cinderace\n|-damage|p1a: Cinderace|0 fnt\n|faint|p1a: Cinderace\n|\n|-heal|p2a: Chien-Pao|7\/100|[from] Grassy Terrain\n|upkeep\n|\n|t:|1700454098\n|switch|p1b: Kingambit|Kingambit, L50, F|100\/100\n|-activate|p1b: Kingambit|ability: Supreme Overlord\n|-start|p1b: Kingambit|fallen3|[silent]\n|turn|5\n|\n|t:|1700454113\n|move|p2a: Chien-Pao|Protect|p2a: Chien-Pao\n|-singleturn|p2a: Chien-Pao|Protect\n|move|p2b: Roaring Moon|Breaking Swipe|p1b: Kingambit\n|-resisted|p1b: Kingambit\n|-damage|p1b: Kingambit|78\/100\n|-unboost|p1b: Kingambit|atk|1\n|move|p1b: Kingambit|Kowtow Cleave|p2b: Roaring Moon\n|-resisted|p2b: Roaring Moon\n|-damage|p2b: Roaring Moon|52\/100\n|\n|-heal|p2a: Chien-Pao|13\/100|[from] Grassy Terrain\n|-heal|p2b: Roaring Moon|58\/100|[from] Grassy Terrain\n|-heal|p1b: Kingambit|84\/100|[from] Grassy Terrain\n|-fieldend|move: Grassy Terrain\n|upkeep\n|turn|6\n|\n|t:|1700454132\n|move|p1b: Kingambit|Sucker Punch|p2a: Chien-Pao\n|-resisted|p2a: Chien-Pao\n|-damage|p2a: Chien-Pao|0 fnt\n|faint|p2a: Chien-Pao\n|move|p2b: Roaring Moon|Breaking Swipe|p1b: Kingambit\n|-resisted|p1b: Kingambit\n|-damage|p1b: Kingambit|67\/100\n|-unboost|p1b: Kingambit|atk|1\n|\n|upkeep\n|\n|t:|1700454140\n|switch|p2a: Rillaboom|Rillaboom, L50, M|20\/100\n|-fieldstart|move: Grassy Terrain|[from] ability: Grassy Surge|[of] p2a: Rillaboom\n|turn|7\n|\n|t:|1700454151\n|move|p2a: Rillaboom|Fake Out|p1b: Kingambit\n|-resisted|p1b: Kingambit\n|-damage|p1b: Kingambit|62\/100\n|cant|p1b: Kingambit|flinch\n|move|p2b: Roaring Moon|Breaking Swipe|p1b: Kingambit\n|-resisted|p1b: Kingambit\n|-damage|p1b: Kingambit|47\/100\n|-unboost|p1b: Kingambit|atk|1\n|\n|-heal|p2b: Roaring Moon|64\/100|[from] Grassy Terrain\n|-heal|p2a: Rillaboom|26\/100|[from] Grassy Terrain\n|-heal|p1b: Kingambit|53\/100|[from] Grassy Terrain\n|upkeep\n|turn|8\n|\n|t:|1700454174\n|move|p2a: Rillaboom|Grassy Glide|p1b: Kingambit\n|-resisted|p1b: Kingambit\n|-damage|p1b: Kingambit|39\/100\n|move|p1b: Kingambit|Sucker Punch||[still]\n|-fail|p1b: Kingambit\n|move|p2b: Roaring Moon|Breaking Swipe|p1b: Kingambit\n|-resisted|p1b: Kingambit\n|-damage|p1b: Kingambit|23\/100\n|-unboost|p1b: Kingambit|atk|1\n|\n|-heal|p2b: Roaring Moon|70\/100|[from] Grassy Terrain\n|-heal|p2a: Rillaboom|32\/100|[from] Grassy Terrain\n|-heal|p1b: Kingambit|29\/100|[from] Grassy Terrain\n|upkeep\n|turn|9\n|-message|JoyBoy_Pgear5th forfeited.\n|\n|win|iStockphoto\n|raw|JoyBoy_Pgear5th's rating: 1166 &rarr; <strong>1134<\/strong><br \/>(-32 for losing)\n|raw|iStockphoto's rating: 1061 &rarr; <strong>1101<\/strong><br \/>(+40 for winning)\n","uploadtime":1700454190,"views":5,"p1id":"joyboypgear5th","p2id":"istockphoto","formatid":"gen9vgc2023regulatione","rating":1101,"private":0,"password":""}