{"id":"gen9vgc2023regulatione-1996506092","p1":"wu1fan","p2":"Garffiljorg777","format":"[Gen 9] VGC 2023 Regulation E","log":"|j|\u2606wu1fan\n|j|\u2606Garffiljorg777\n|t:|1700688653\n|gametype|doubles\n|player|p1|wu1fan|102|1186\n|player|p2|Garffiljorg777|101|1116\n|teamsize|p1|6\n|teamsize|p2|6\n|gen|9\n|tier|[Gen 9] VGC 2023 Regulation E\n|rated|\n|rule|Species Clause: Limit one of each Pok\u00e9mon\n|rule|Item Clause: Limit one of each item\n|clearpoke\n|poke|p1|Arcanine-Hisui, L50, M|\n|poke|p1|Baxcalibur, L50, M|\n|poke|p1|Ninetales-Alola, L50, F|\n|poke|p1|Ogerpon-Wellspring, L50, F|\n|poke|p1|Iron Hands, L50|\n|poke|p1|Flutter Mane, L50|\n|poke|p2|Ogerpon-Wellspring, L50, F|\n|poke|p2|Rillaboom, L50, M|\n|poke|p2|Politoed, L50, F|\n|poke|p2|Basculegion, L50, M|\n|poke|p2|Gothitelle, L50, M|\n|poke|p2|Scream Tail, L50|\n|teampreview|4\n|inactive|Battle timer is ON: inactive players will automatically lose when time's up. (requested by Garffiljorg777)\n|\n|t:|1700688682\n|start\n|switch|p1a: Iron Hands|Iron Hands, L50|100\/100\n|switch|p1b: Baxcalibur|Baxcalibur, L50, M|100\/100\n|switch|p2a: Puffzilla|Scream Tail, L50, shiny|100\/100\n|switch|p2b: Ponyo|Ogerpon-Wellspring, L50, F|100\/100\n|-enditem|p2a: Puffzilla|Booster Energy\n|-activate|p2a: Puffzilla|ability: Protosynthesis|[fromitem]\n|-start|p2a: Puffzilla|protosynthesisspe\n|turn|1\n|\n|t:|1700688702\n|move|p2b: Ponyo|Spiky Shield|p2b: Ponyo\n|-singleturn|p2b: Ponyo|move: Protect\n|move|p1a: Iron Hands|Fake Out|p2a: Puffzilla\n|-damage|p2a: Puffzilla|87\/100\n|cant|p2a: Puffzilla|flinch\n|move|p1b: Baxcalibur|Dragon Dance|p1b: Baxcalibur\n|-boost|p1b: Baxcalibur|atk|1\n|-boost|p1b: Baxcalibur|spe|1\n|\n|upkeep\n|turn|2\n|inactive|wu1fan has 30 seconds left.\n|\n|t:|1700688728\n|move|p2a: Puffzilla|Perish Song|p2a: Puffzilla\n|-start|p1a: Iron Hands|perish3|[silent]\n|-start|p1b: Baxcalibur|perish3|[silent]\n|-start|p2a: Puffzilla|perish3|[silent]\n|-start|p2b: Ponyo|perish3|[silent]\n|-fieldactivate|move: Perish Song\n|move|p1b: Baxcalibur|Icicle Spear|p2b: Ponyo\n|-damage|p2b: Ponyo|74\/100\n|-damage|p2b: Ponyo|50\/100\n|-damage|p2b: Ponyo|23\/100\n|-damage|p2b: Ponyo|0 fnt\n|faint|p2b: Ponyo\n|-hitcount|p2: Ponyo|4\n|move|p1a: Iron Hands|Heavy Slam|p2a: Puffzilla\n|-supereffective|p2a: Puffzilla\n|-damage|p2a: Puffzilla|2\/100\n|\n|-start|p2a: Puffzilla|perish3\n|-start|p1b: Baxcalibur|perish3\n|-start|p1a: Iron Hands|perish3\n|upkeep\n|\n|t:|1700688746\n|switch|p2b: Ugly|Gothitelle, L50, M|100\/100\n|turn|3\n|\n|t:|1700688764\n|move|p2b: Ugly|Fake Out|p1b: Baxcalibur\n|-damage|p1b: Baxcalibur|96\/100\n|move|p2a: Puffzilla|Play Rough|p1b: Baxcalibur\n|-supereffective|p1b: Baxcalibur\n|-damage|p1b: Baxcalibur|53\/100\n|cant|p1b: Baxcalibur|flinch\n|move|p1a: Iron Hands|Wild Charge|p2a: Puffzilla\n|-damage|p2a: Puffzilla|0 fnt\n|faint|p2a: Puffzilla\n|-end|p2a: Puffzilla|Protosynthesis|[silent]\n|-damage|p1a: Iron Hands|99\/100|[from] Recoil\n|\n|-start|p1b: Baxcalibur|perish2\n|-start|p1a: Iron Hands|perish2\n|upkeep\n|\n|t:|1700688783\n|switch|p2a: Fonky Monky Friday|Rillaboom, L50, M|100\/100\n|-fieldstart|move: Grassy Terrain|[from] ability: Grassy Surge|[of] p2a: Fonky Monky Friday\n|turn|4\n|\n|t:|1700688804\n|move|p1b: Baxcalibur|Protect|p1b: Baxcalibur\n|-singleturn|p1b: Baxcalibur|Protect\n|move|p2a: Fonky Monky Friday|Fake Out|p1a: Iron Hands\n|-damage|p1a: Iron Hands|91\/100\n|move|p2b: Ugly|Psychic|p1b: Baxcalibur\n|-activate|p1b: Baxcalibur|move: Protect\n|cant|p1a: Iron Hands|flinch\n|\n|-heal|p1b: Baxcalibur|59\/100|[from] Grassy Terrain\n|-heal|p1a: Iron Hands|97\/100|[from] Grassy Terrain\n|-start|p1b: Baxcalibur|perish1\n|-start|p1a: Iron Hands|perish1\n|upkeep\n|turn|5\n|inactive|wu1fan has 30 seconds left.\n|inactive|Garffiljorg777 has 30 seconds left.\n|\n|t:|1700688837\n|move|p2a: Fonky Monky Friday|Grassy Glide|p1b: Baxcalibur\n|-resisted|p1b: Baxcalibur\n|-damage|p1b: Baxcalibur|42\/100\n|move|p1b: Baxcalibur|Icicle Spear|p2a: Fonky Monky Friday\n|-supereffective|p2a: Fonky Monky Friday\n|-damage|p2a: Fonky Monky Friday|57\/100\n|-supereffective|p2a: Fonky Monky Friday\n|-damage|p2a: Fonky Monky Friday|10\/100\n|-supereffective|p2a: Fonky Monky Friday\n|-damage|p2a: Fonky Monky Friday|0 fnt\n|faint|p2a: Fonky Monky Friday\n|-hitcount|p2: Fonky Monky Friday|3\n|move|p2b: Ugly|Psychic|p1b: Baxcalibur\n|-damage|p1b: Baxcalibur|11\/100\n|move|p1a: Iron Hands|Drain Punch|p2b: Ugly\n|-resisted|p2b: Ugly\n|-damage|p2b: Ugly|81\/100\n|-heal|p1a: Iron Hands|100\/100|[from] drain|[of] p2b: Ugly\n|\n|-heal|p1b: Baxcalibur|17\/100|[from] Grassy Terrain\n|-heal|p2b: Ugly|87\/100|[from] Grassy Terrain\n|-start|p1b: Baxcalibur|perish0\n|-start|p1a: Iron Hands|perish0\n|faint|p1b: Baxcalibur\n|faint|p1a: Iron Hands\n|-end|p1a: Iron Hands|Quark Drive|[silent]\n|upkeep\n|inactive|wu1fan has 30 seconds left.\n|\n|t:|1700688867\n|switch|p1b: Ninetales|Ninetales-Alola, L50, F|100\/100\n|switch|p1a: Ogerpon|Ogerpon-Wellspring, L50, F|100\/100\n|-weather|Snow|[from] ability: Snow Warning|[of] p1b: Ninetales\n|turn|6\n|-message|Garffiljorg777 forfeited.\n|\n|win|wu1fan\n|raw|wu1fan's rating: 1186 &rarr; <strong>1206<\/strong><br \/>(+20 for winning)\n|raw|Garffiljorg777's rating: 1116 &rarr; <strong>1096<\/strong><br \/>(-20 for losing)\n|l|\u2606Garffiljorg777\n","uploadtime":1700688882,"views":31,"p1id":"wu1fan","p2id":"garffiljorg777","formatid":"gen9vgc2023regulatione","rating":1096,"private":0,"password":""}