{"id":"gen9vgc2023regulatione-1999962323","p1":"Negdogoc","p2":"limbus company","format":"[Gen 9] VGC 2023 Regulation E","log":"|j|\u2606Negdogoc\n|j|\u2606limbus company\n|t:|1701135064\n|gametype|doubles\n|player|p1|Negdogoc|170|1090\n|player|p2|limbus company|waiter|1000\n|teamsize|p1|6\n|teamsize|p2|6\n|gen|9\n|tier|[Gen 9] VGC 2023 Regulation E\n|rated|\n|rule|Species Clause: Limit one of each Pok\u00e9mon\n|rule|Item Clause: Limit one of each item\n|clearpoke\n|poke|p1|Milotic, L50, M|\n|poke|p1|Rillaboom, L50, F|\n|poke|p1|Kingambit, L50, M|\n|poke|p1|Flutter Mane, L50|\n|poke|p1|Chi-Yu, L50|\n|poke|p1|Sneasler, L50, M|\n|poke|p2|Ninetales-Alola, L50, M|\n|poke|p2|Zapdos, L50|\n|poke|p2|Arcanine-Hisui, L50, F|\n|poke|p2|Urshifu-*, L50, M|\n|poke|p2|Rillaboom, L50, M|\n|poke|p2|Gholdengo, L50|\n|teampreview|4\nlimbus company has agreed to open team sheets.\n|inactive|Battle timer is ON: inactive players will automatically lose when time's up. (requested by Negdogoc)\n|inactive|limbus company has 60 seconds left.\n|\n|t:|1701135100\n|start\n|switch|p1a: Kingambit|Kingambit, L50, M|100\/100\n|switch|p1b: Rillaboom|Rillaboom, L50, F|100\/100\n|switch|p2a: Ninetales|Ninetales-Alola, L50, M|100\/100\n|switch|p2b: Zapdos|Zapdos, L50|100\/100\n|-weather|Snow|[from] ability: Snow Warning|[of] p2a: Ninetales\n|-fieldstart|move: Grassy Terrain|[from] ability: Grassy Surge|[of] p1b: Rillaboom\n|turn|1\n|\n|t:|1701135110\n|move|p1b: Rillaboom|Fake Out|p2a: Ninetales\n|-damage|p2a: Ninetales|89\/100\n|cant|p2a: Ninetales|flinch\n|move|p2b: Zapdos|Weather Ball|p1b: Rillaboom\n|-supereffective|p1b: Rillaboom\n|-damage|p1b: Rillaboom|56\/100\n|move|p1a: Kingambit|Swords Dance|p1a: Kingambit\n|-boost|p1a: Kingambit|atk|2\n|\n|-weather|Snow|[upkeep]\n|-heal|p2a: Ninetales|96\/100|[from] Grassy Terrain\n|-heal|p1b: Rillaboom|62\/100|[from] Grassy Terrain\n|upkeep\n|turn|2\n|\n|t:|1701135129\n|move|p2a: Ninetales|Encore|p1a: Kingambit\n|-start|p1a: Kingambit|Encore\n|move|p2b: Zapdos|Weather Ball|p1b: Rillaboom\n|-supereffective|p1b: Rillaboom\n|-damage|p1b: Rillaboom|24\/100\n|move|p1b: Rillaboom|U-turn|p2b: Zapdos\n|-resisted|p2b: Zapdos\n|-crit|p2b: Zapdos\n|-damage|p2b: Zapdos|86\/100\n|-damage|p1b: Rillaboom|7\/100|[from] item: Rocky Helmet|[of] p2b: Zapdos\n|-status|p1b: Rillaboom|par|[from] ability: Static|[of] p2b: Zapdos\n|\n|t:|1701135132\n|switch|p1b: Sneasler|Sneasler, L50, M|100\/100|[from] U-turn\n|-enditem|p1b: Sneasler|Grassy Seed\n|-boost|p1b: Sneasler|def|1|[from] item: Grassy Seed\n|move|p1a: Kingambit|Swords Dance|p1a: Kingambit\n|-boost|p1a: Kingambit|atk|2\n|\n|-weather|Snow|[upkeep]\n|-heal|p2a: Ninetales|100\/100|[from] Grassy Terrain\n|upkeep\n|turn|3\n|\n|t:|1701135156\n|switch|p1a: Rillaboom|Rillaboom, L50, F|7\/100 par\n|move|p1b: Sneasler|Dire Claw|p2a: Ninetales\n|-supereffective|p2a: Ninetales\n|-damage|p2a: Ninetales|21\/100\n|-status|p2a: Ninetales|slp\n|cant|p2a: Ninetales|slp\n|move|p2b: Zapdos|Tailwind|p2b: Zapdos\n|-sidestart|p2: limbus company|move: Tailwind\n|\n|-weather|Snow|[upkeep]\n|-heal|p2a: Ninetales|27\/100 slp|[from] Grassy Terrain\n|-heal|p1a: Rillaboom|13\/100 par|[from] Grassy Terrain\n|upkeep\n|turn|4\n|\n|t:|1701135175\n|move|p1a: Rillaboom|Fake Out|p2b: Zapdos\n|-crit|p2b: Zapdos\n|-damage|p2b: Zapdos|68\/100\n|-damage|p1a: Rillaboom|0 fnt|[from] item: Rocky Helmet|[of] p2b: Zapdos\n|faint|p1a: Rillaboom\n|-curestatus|p2a: Ninetales|slp|[msg]\n|move|p2a: Ninetales|Moonblast|p1b: Sneasler\n|-damage|p1b: Sneasler|57\/100\n|move|p1b: Sneasler|Dire Claw|p2a: Ninetales\n|-supereffective|p2a: Ninetales\n|-crit|p2a: Ninetales\n|-damage|p2a: Ninetales|0 fnt\n|faint|p2a: Ninetales\n|cant|p2b: Zapdos|flinch\n|\n|-weather|Snow|[upkeep]\n|-heal|p1b: Sneasler|63\/100|[from] Grassy Terrain\n|upkeep\n|\n|t:|1701135185\n|switch|p2a: Urshifu|Urshifu-Rapid-Strike, L50, M|100\/100\n|switch|p1a: Kingambit|Kingambit, L50, M|100\/100\n|turn|5\n|\n|t:|1701135204\n|-terastallize|p2a: Urshifu|Water\n|-terastallize|p1a: Kingambit|Dark\n|move|p1a: Kingambit|Sucker Punch|p2b: Zapdos\n|-damage|p2b: Zapdos|14\/100\n|-damage|p1a: Kingambit|84\/100|[from] item: Rocky Helmet|[of] p2b: Zapdos\n|move|p1b: Sneasler|Dire Claw|p2a: Urshifu\n|-damage|p2a: Urshifu|54\/100\n|-status|p2a: Urshifu|par\n|move|p2b: Zapdos|Thunderbolt|p1b: Sneasler\n|-damage|p1b: Sneasler|0 fnt\n|faint|p1b: Sneasler\n|move|p2a: Urshifu|Close Combat|p1a: Kingambit\n|-supereffective|p1a: Kingambit\n|-damage|p1a: Kingambit|0 fnt\n|-unboost|p2a: Urshifu|def|1\n|-unboost|p2a: Urshifu|spd|1\n|faint|p1a: Kingambit\n|\n|-weather|none\n|-heal|p2a: Urshifu|60\/100 par|[from] Grassy Terrain\n|-fieldend|move: Grassy Terrain\n|upkeep\n|\n|t:|1701135221\n|switch|p1b: Flutter Mane|Flutter Mane, L50|100\/100\n|-enditem|p1b: Flutter Mane|Booster Energy\n|-activate|p1b: Flutter Mane|ability: Protosynthesis|[fromitem]\n|-start|p1b: Flutter Mane|protosynthesisspe\n|turn|6\n|\n|t:|1701135233\n|cant|p2a: Urshifu|par\n|move|p1b: Flutter Mane|Dazzling Gleam|p2a: Urshifu|[spread] p2a,p2b\n|-damage|p2a: Urshifu|0 fnt\n|-damage|p2b: Zapdos|0 fnt\n|faint|p2a: Urshifu\n|faint|p2b: Zapdos\n|\n|-sideend|p2: limbus company|move: Tailwind\n|upkeep\n|\n|t:|1701135237\n|switch|p2b: Gholdengo|Gholdengo, L50|100\/100\n|turn|7\n|\n|t:|1701135241\n|move|p1b: Flutter Mane|Shadow Ball|p2b: Gholdengo\n|-supereffective|p2b: Gholdengo\n|-damage|p2b: Gholdengo|16\/100\n|move|p2b: Gholdengo|Make It Rain|p1b: Flutter Mane\n|-supereffective|p1b: Flutter Mane\n|-damage|p1b: Flutter Mane|0 fnt\n|-unboost|p2b: Gholdengo|spa|1\n|faint|p1b: Flutter Mane\n|-end|p1b: Flutter Mane|Protosynthesis|[silent]\n|\n|win|limbus company\n|raw|Negdogoc's rating: 1090 &rarr; <strong>1061<\/strong><br \/>(-29 for losing)\n|raw|limbus company's rating: 1000 &rarr; <strong>1050<\/strong><br \/>(+50 for winning)\n|l|\u2606Negdogoc\n","uploadtime":1701135246,"views":3,"p1id":"negdogoc","p2id":"limbuscompany","formatid":"gen9vgc2023regulatione","rating":1050,"private":0,"password":""}