{"id":"gen9vgc2023regulatione-1999170679","p1":"Venefici","p2":"danyelos","format":"[Gen 9] VGC 2023 Regulation E","log":"|j|\u2606Venefici\n|j|\u2606danyelos\n|t:|1701041016\n|gametype|doubles\n|player|p1|Venefici|hugh|1106\n|player|p2|danyelos|102|1078\n|teamsize|p1|6\n|teamsize|p2|6\n|gen|9\n|tier|[Gen 9] VGC 2023 Regulation E\n|rated|\n|rule|Species Clause: Limit one of each Pok\u00e9mon\n|rule|Item Clause: Limit one of each item\n|clearpoke\n|poke|p1|Volcarona, L50, F|\n|poke|p1|Sinistcha, L50|\n|poke|p1|Cetitan, L50, M|\n|poke|p1|Milotic, L50, F|\n|poke|p1|Ninetales-Alola, L50, F|\n|poke|p1|Iron Hands, L50|\n|poke|p2|Tatsugiri, L50, M|\n|poke|p2|Dondozo, L50, M|\n|poke|p2|Flamigo, L50, F|\n|poke|p2|Annihilape, L50, F|\n|poke|p2|Cetitan, L50, M|\n|poke|p2|Maushold, L50|\n|teampreview|4\n|inactive|Battle timer is ON: inactive players will automatically lose when time's up. (requested by Venefici)\n|inactive|Venefici has 60 seconds left.\n|\n|t:|1701041057\n|start\n|switch|p1a: Ninetales|Ninetales-Alola, L50, F|100\/100\n|switch|p1b: Cetitan|Cetitan, L50, M|100\/100\n|switch|p2a: Tatsugiri|Tatsugiri, L50, M|100\/100\n|switch|p2b: Annihilape|Annihilape, L50, F|100\/100\n|-weather|Snow|[from] ability: Snow Warning|[of] p1a: Ninetales\n|turn|1\n|\n|t:|1701041070\n|move|p1a: Ninetales|Protect|p1a: Ninetales\n|-singleturn|p1a: Ninetales|Protect\n|move|p2a: Tatsugiri|Endure|p2a: Tatsugiri\n|-singleturn|p2a: Tatsugiri|move: Endure\n|move|p1b: Cetitan|Protect|p1b: Cetitan\n|-singleturn|p1b: Cetitan|Protect\n|move|p2b: Annihilape|Final Gambit|p2a: Tatsugiri\n|-activate|p2a: Tatsugiri|move: Endure\n|-damage|p2a: Tatsugiri|1\/100\n|faint|p2b: Annihilape\n|\n|-weather|Snow|[upkeep]\n|-status|p2a: Tatsugiri|tox|[from] item: Toxic Orb\n|upkeep\n|\n|t:|1701041085\n|switch|p2b: Dondozo|Dondozo, L50, M|100\/100\n|-activate|p2a: Tatsugiri|ability: Commander|[of] p2b: Dondozo\n|-boost|p2b: Dondozo|atk|2\n|-boost|p2b: Dondozo|spa|2\n|-boost|p2b: Dondozo|spe|2\n|-boost|p2b: Dondozo|def|2\n|-boost|p2b: Dondozo|spd|2\n|turn|2\n|\n|t:|1701041102\n|-terastallize|p1b: Cetitan|Water\n|move|p2b: Dondozo|Order Up|p1b: Cetitan\n|-damage|p1b: Cetitan|50\/100\n|-enditem|p1b: Cetitan|Sitrus Berry|[eat]\n|-heal|p1b: Cetitan|75\/100|[from] item: Sitrus Berry\n|-boost|p2b: Dondozo|atk|1\n|move|p1a: Ninetales|Icy Wind|p2b: Dondozo|[spread] p2b\n|-miss|p1a: Ninetales|p2a: Tatsugiri\n|-resisted|p2b: Dondozo\n|-damage|p2b: Dondozo|96\/100\n|-unboost|p2b: Dondozo|spe|1\n|move|p1b: Cetitan|Belly Drum|p1b: Cetitan\n|-damage|p1b: Cetitan|25\/100\n|-setboost|p1b: Cetitan|atk|6|[from] move: Belly Drum\n|\n|-weather|Snow|[upkeep]\n|-heal|p2b: Dondozo|100\/100|[from] item: Leftovers\n|-damage|p2a: Tatsugiri|0 fnt|[from] psn\n|faint|p2a: Tatsugiri\n|upkeep\n|\n|t:|1701041123\n|switch|p2a: Flamigo|Flamigo, L50, F|100\/100\n|-copyboost|p2a: Flamigo|p2b: Dondozo|[from] ability: Costar\n|turn|3\n|\n|t:|1701041142\n|switch|p1a: Sinistcha|Sinistcha, L50|100\/100\n|-heal|p1b: Cetitan|50\/100|[from] ability: Hospitality|[of] p1a: Sinistcha\n|move|p1b: Cetitan|Ice Shard|p2a: Flamigo\n|-supereffective|p2a: Flamigo\n|-damage|p2a: Flamigo|0 fnt\n|faint|p2a: Flamigo\n|move|p2b: Dondozo|Substitute|p2b: Dondozo\n|-start|p2b: Dondozo|Substitute\n|-damage|p2b: Dondozo|76\/100\n|\n|-weather|Snow|[upkeep]\n|-heal|p2b: Dondozo|82\/100|[from] item: Leftovers\n|upkeep\n|turn|4\n|\n|t:|1701041164\n|-terastallize|p2b: Dondozo|Dragon\n|move|p2b: Dondozo|Order Up|p1b: Cetitan\n|-damage|p1b: Cetitan|0 fnt\n|faint|p1b: Cetitan\n|-boost|p2b: Dondozo|atk|1\n|move|p1a: Sinistcha|Life Dew||[still]\n|-fail|p1a: Sinistcha|heal\n|\n|-weather|Snow|[upkeep]\n|-heal|p2b: Dondozo|88\/100|[from] item: Leftovers\n|upkeep\n|\n|t:|1701041174\n|switch|p1b: Volcarona|Volcarona, L50, F|100\/100\n|turn|5\n|\n|t:|1701041186\n|move|p2b: Dondozo|Wave Crash|p1b: Volcarona\n|-supereffective|p1b: Volcarona\n|-damage|p1b: Volcarona|0 fnt\n|-status|p2b: Dondozo|brn|[from] ability: Flame Body|[of] p1b: Volcarona\n|faint|p1b: Volcarona\n|-damage|p2b: Dondozo|60\/100 brn|[from] Recoil\n|move|p1a: Sinistcha|Matcha Gotcha|p2b: Dondozo\n|-resisted|p2b: Dondozo\n|-activate|p2b: Dondozo|move: Substitute|[damage]\n|\n|-weather|none\n|-heal|p2b: Dondozo|66\/100 brn|[from] item: Leftovers\n|-damage|p2b: Dondozo|60\/100 brn|[from] brn\n|upkeep\n|\n|t:|1701041199\n|switch|p1b: Ninetales|Ninetales-Alola, L50, F|100\/100\n|-weather|Snow|[from] ability: Snow Warning|[of] p1b: Ninetales\n|turn|6\n|\n|t:|1701041209\n|move|p1a: Sinistcha|Rage Powder|p1a: Sinistcha\n|-singleturn|p1a: Sinistcha|move: Rage Powder\n|move|p1b: Ninetales|Aurora Veil|p1b: Ninetales\n|-sidestart|p1: Venefici|move: Aurora Veil\n|move|p2b: Dondozo|Wave Crash|p1a: Sinistcha\n|-resisted|p1a: Sinistcha\n|-damage|p1a: Sinistcha|74\/100\n|-damage|p2b: Dondozo|53\/100 brn|[from] Recoil\n|\n|-weather|Snow|[upkeep]\n|-heal|p2b: Dondozo|59\/100 brn|[from] item: Leftovers\n|-damage|p2b: Dondozo|53\/100 brn|[from] brn\n|upkeep\n|turn|7\n|\n|t:|1701041231\n|move|p1b: Ninetales|Encore|p2b: Dondozo\n|-start|p2b: Dondozo|Encore\n|move|p2b: Dondozo|Wave Crash|p1a: Sinistcha\n|-resisted|p1a: Sinistcha\n|-damage|p1a: Sinistcha|48\/100\n|-damage|p2b: Dondozo|46\/100 brn|[from] Recoil\n|move|p1a: Sinistcha|Matcha Gotcha|p2b: Dondozo\n|-resisted|p2b: Dondozo\n|-activate|p2b: Dondozo|move: Substitute|[damage]\n|-heal|p1a: Sinistcha|54\/100|[from] drain|[of] p2b: Dondozo\n|\n|-weather|Snow|[upkeep]\n|-heal|p2b: Dondozo|52\/100 brn|[from] item: Leftovers\n|-damage|p2b: Dondozo|46\/100 brn|[from] brn\n|upkeep\n|turn|8\n|\n|t:|1701041248\n|move|p1b: Ninetales|Icy Wind|p2b: Dondozo\n|-supereffective|p2b: Dondozo\n|-end|p2b: Dondozo|Substitute\n|move|p2b: Dondozo|Wave Crash|p1a: Sinistcha\n|-resisted|p1a: Sinistcha\n|-damage|p1a: Sinistcha|30\/100\n|-damage|p2b: Dondozo|40\/100 brn|[from] Recoil\n|move|p1a: Sinistcha|Matcha Gotcha|p2b: Dondozo\n|-resisted|p2b: Dondozo\n|-damage|p2b: Dondozo|30\/100 brn\n|-heal|p1a: Sinistcha|36\/100|[from] drain|[of] p2b: Dondozo\n|\n|-weather|Snow|[upkeep]\n|-heal|p2b: Dondozo|36\/100 brn|[from] item: Leftovers\n|-damage|p2b: Dondozo|30\/100 brn|[from] brn\n|upkeep\n|turn|9\n|\n|t:|1701041267\n|move|p1b: Ninetales|Icy Wind|p2b: Dondozo\n|-supereffective|p2b: Dondozo\n|-crit|p2b: Dondozo\n|-damage|p2b: Dondozo|0 fnt\n|faint|p2b: Dondozo\n|\n|win|Venefici\n|raw|Venefici's rating: 1106 &rarr; <strong>1129<\/strong><br \/>(+23 for winning)\n|raw|danyelos's rating: 1078 &rarr; <strong>1058<\/strong><br \/>(-20 for losing)\n|l|\u2606danyelos\n","uploadtime":1701041274,"views":3,"p1id":"venefici","p2id":"danyelos","formatid":"gen9vgc2023regulatione","rating":1058,"private":0,"password":""}