{"id":"gen9vgc2023regulatione-1994036464","p1":"gohan92","p2":"Mario Flare","format":"[Gen 9] VGC 2023 Regulation E","log":"|j|\u2606gohan92\n|j|\u2606Mario Flare\n|n|\u2606gohan92|gohan92\n|n|\u2606Mario Flare|marioflare\n|html|View the match progress at <a href=\"\/game-bestof3-gen9vgc2023regulatione-1994036463\">game-bestof3-gen9vgc2023regulatione-1994036463<\/a>\n|t:|1700397687\n|gametype|doubles\n|player|p1|gohan92|266|\n|player|p2|Mario Flare|169|\n|teamsize|p1|6\n|teamsize|p2|6\n|gen|9\n|tier|[Gen 9] VGC 2023 Regulation E\n|rule|Species Clause: Limit one of each Pok\u00e9mon\n|rule|Item Clause: Limit one of each item\n|clearpoke\n|poke|p1|Ogerpon-Hearthflame, L50, F|\n|poke|p1|Flutter Mane, L50|\n|poke|p1|Urshifu-*, L50, M|\n|poke|p1|Rillaboom, L50, M|\n|poke|p1|Roaring Moon, L50|\n|poke|p1|Weezing, L50, M|\n|poke|p2|Ursaluna-Bloodmoon, L50, M|\n|poke|p2|Chi-Yu, L50|\n|poke|p2|Ogerpon-Cornerstone, L50, F|\n|poke|p2|Landorus-Therian, L50, M|\n|poke|p2|Iron Hands, L50|\n|poke|p2|Dusclops, L50, M|\n|teampreview|4\n|inactive|Battle timer is ON: inactive players will automatically lose when time's up. (requested by Mario Flare)\n|inactiveoff|Battle timer is now OFF.\nMario Flare has agreed to open team sheets.\ngohan92 has agreed to open team sheets.\n|showteam|p1|Ogerpon-Hearthflame||HearthflameMask|MoldBreaker|IvyCudgel,WoodHammer,GrassyGlide,SpikyShield|||F|||50|,,,,,Fire]Flutter Mane||ChoiceSpecs|Protosynthesis|Moonblast,ShadowBall,DazzlingGleam,PowerGem||||||50|,,,,,Fairy]Urshifu-Rapid-Strike||ChoiceScarf|UnseenFist|SurgingStrikes,CloseCombat,AquaJet,Uturn|||M|||50|,,,,,Water]Rillaboom||AssaultVest|GrassySurge|FakeOut,WoodHammer,GrassyGlide,HighHorsepower|||M|||50|,,,,,Fire]Roaring Moon||BoosterEnergy|Protosynthesis|KnockOff,BreakingSwipe,Tailwind,Protect||||||50|,,,,,Poison]Weezing||SitrusBerry|NeutralizingGas|GunkShot,WillOWisp,Taunt,Protect|||M|||50|,,,,,Dragon\n|showteam|p2|Ursaluna-Bloodmoon||LifeOrb|MindsEye|BloodMoon,EarthPower,HyperVoice,Protect|||M|||50|,,,,,Normal]Chi-Yu||FocusSash|BeadsofRuin|Overheat,HeatWave,Snarl,Protect||||||50|,,,,,Ghost]Ogerpon-Cornerstone||CornerstoneMask|Sturdy|IvyCudgel,HornLeech,FollowMe,SpikyShield|||F|||50|,,,,,Rock]Landorus-Therian||ChoiceScarf|Intimidate|StompingTantrum,TeraBlast,RockSlide,Uturn|||M|||50|,,,,,Flying]Iron Hands||AssaultVest|QuarkDrive|FakeOut,WildCharge,DrainPunch,HeavySlam||||||50|,,,,,Fire]Dusclops||Eviolite|Pressure|NightShade,PainSplit,WillOWisp,TrickRoom|||M|||50|,,,,,Dark\n|c|\u2606Mario Flare|D\u00fcrfte hoffentlich das richtige sein xd\n|c|\u2606gohan92|gl&hf\n|c|\u2606gohan92|:D\n|c|\u2606Mario Flare|Ist richtig, danke dir auch\n|\n|t:|1700397766\n|start\n|switch|p1a: Rillaboom|Rillaboom, L50, M|100\/100\n|switch|p1b: Weezing|Weezing, L50, M|100\/100\n|switch|p2a: Iron Hands|Iron Hands, L50|100\/100\n|switch|p2b: Dusclops|Dusclops, L50, M|100\/100\n|-ability|p1b: Weezing|Neutralizing Gas\n|turn|1\n|\n|t:|1700397808\n|move|p1a: Rillaboom|Fake Out|p2a: Iron Hands\n|-damage|p2a: Iron Hands|91\/100\n|cant|p2a: Iron Hands|flinch\n|move|p1b: Weezing|Taunt|p2b: Dusclops\n|-start|p2b: Dusclops|move: Taunt\n|cant|p2b: Dusclops|move: Taunt|Trick Room\n|\n|upkeep\n|turn|2\n|\n|t:|1700397831\n|switch|p2b: Ursaluna|Ursaluna-Bloodmoon, L50, M|100\/100\n|move|p1a: Rillaboom|Wood Hammer|p2b: Ursaluna\n|-supereffective|p2b: Ursaluna\n|-damage|p2b: Ursaluna|9\/100\n|-damage|p1a: Rillaboom|68\/100|[from] Recoil\n|move|p1b: Weezing|Will-O-Wisp|p2a: Iron Hands\n|-status|p2a: Iron Hands|brn\n|move|p2a: Iron Hands|Heavy Slam|p1b: Weezing\n|-damage|p1b: Weezing|85\/100\n|\n|-damage|p2a: Iron Hands|85\/100 brn|[from] brn\n|upkeep\n|turn|3\n|\n|t:|1700397851\n|-end|p2a: Iron Hands|Quark Drive|[silent]\n|switch|p2a: Dusclops|Dusclops, L50, M|100\/100\n|move|p2b: Ursaluna|Protect|p2b: Ursaluna\n|-singleturn|p2b: Ursaluna|Protect\n|move|p1a: Rillaboom|Grassy Glide|p2b: Ursaluna\n|-activate|p2b: Ursaluna|move: Protect\n|move|p1b: Weezing|Gunk Shot|p2a: Dusclops|[miss]\n|-miss|p1b: Weezing|p2a: Dusclops\n|\n|upkeep\n|turn|4\n|\n|t:|1700397873\n|switch|p2a: Iron Hands|Iron Hands, L50|85\/100 brn\n|move|p1a: Rillaboom|Grassy Glide|p2b: Ursaluna\n|-supereffective|p2b: Ursaluna\n|-damage|p2b: Ursaluna|0 fnt\n|faint|p2b: Ursaluna\n|move|p1b: Weezing|Taunt|p2a: Iron Hands\n|-start|p2a: Iron Hands|move: Taunt\n|\n|-damage|p2a: Iron Hands|79\/100 brn|[from] brn\n|upkeep\n|\n|t:|1700397879\n|switch|p2b: Dusclops|Dusclops, L50, M|100\/100\n|turn|5\n|c|\u2606Mario Flare|RIP glaube Runde 1 geht an dich xd\n|c|\u2606gohan92|xd\n|\n|t:|1700397909\n|switch|p1a: Flutter Mane|Flutter Mane, L50|100\/100\n|move|p1b: Weezing|Protect|p1b: Weezing\n|-singleturn|p1b: Weezing|Protect\n|move|p2a: Iron Hands|Fake Out|p1b: Weezing\n|-activate|p1b: Weezing|move: Protect\n|move|p2b: Dusclops|Trick Room|p2b: Dusclops\n|-fieldstart|move: Trick Room|[of] p2b: Dusclops\n|\n|-damage|p2a: Iron Hands|73\/100 brn|[from] brn\n|upkeep\n|turn|6\n|\n|t:|1700397928\n|-end|p1a: Flutter Mane|Protosynthesis|[silent]\n|switch|p1a: Rillaboom|Rillaboom, L50, M|68\/100\n|move|p2b: Dusclops|Night Shade|p1a: Rillaboom\n|-damage|p1a: Rillaboom|43\/100\n|move|p2a: Iron Hands|Heavy Slam|p1a: Rillaboom\n|-damage|p1a: Rillaboom|26\/100\n|move|p1b: Weezing|Taunt|p2b: Dusclops\n|-start|p2b: Dusclops|move: Taunt\n|\n|-damage|p2a: Iron Hands|67\/100 brn|[from] brn\n|-end|p2a: Iron Hands|move: Taunt\n|upkeep\n|turn|7\n|\n|t:|1700397950\n|move|p1a: Rillaboom|Fake Out|p2a: Iron Hands\n|-damage|p2a: Iron Hands|57\/100 brn\n|move|p2b: Dusclops|Night Shade|p1b: Weezing\n|-damage|p1b: Weezing|56\/100\n|cant|p2a: Iron Hands|flinch\n|move|p1b: Weezing|Will-O-Wisp|p2b: Dusclops\n|-status|p2b: Dusclops|brn\n|\n|-damage|p2b: Dusclops|94\/100 brn|[from] brn\n|-damage|p2a: Iron Hands|50\/100 brn|[from] brn\n|upkeep\n|turn|8\n|\n|t:|1700397987\n|-end|p1b: Weezing|ability: Neutralizing Gas\n|-ability|p2b: Dusclops|Pressure\n|-fieldstart|move: Grassy Terrain|[from] ability: Grassy Surge|[of] p1a: Rillaboom\n|switch|p1b: Urshifu|Urshifu-Rapid-Strike, L50, M|100\/100\n|move|p2b: Dusclops|Night Shade|p1a: Rillaboom\n|-damage|p1a: Rillaboom|1\/100\n|move|p2a: Iron Hands|Heavy Slam|p1a: Rillaboom\n|-damage|p1a: Rillaboom|0 fnt\n|faint|p1a: Rillaboom\n|\n|-heal|p2b: Dusclops|100\/100 brn|[from] Grassy Terrain\n|-heal|p2a: Iron Hands|57\/100 brn|[from] Grassy Terrain\n|-damage|p2b: Dusclops|94\/100 brn|[from] brn\n|-damage|p2a: Iron Hands|50\/100 brn|[from] brn\n|upkeep\n|\n|t:|1700398003\n|switch|p1a: Flutter Mane|Flutter Mane, L50|100\/100\n|turn|9\n|\n|t:|1700398013\n|-end|p1a: Flutter Mane|Protosynthesis|[silent]\n|switch|p1a: Weezing|Weezing, L50, M|56\/100\n|-ability|p1a: Weezing|Neutralizing Gas\n|-terastallize|p1b: Urshifu|Water\n|move|p2b: Dusclops|Night Shade|p1a: Weezing\n|-damage|p1a: Weezing|27\/100\n|-enditem|p1a: Weezing|Sitrus Berry|[eat]\n|-heal|p1a: Weezing|52\/100|[from] item: Sitrus Berry\n|move|p2a: Iron Hands|Wild Charge|p1b: Urshifu\n|-supereffective|p1b: Urshifu\n|-damage|p1b: Urshifu|47\/100\n|-damage|p2a: Iron Hands|40\/100 brn|[from] Recoil\n|move|p1b: Urshifu|Surging Strikes|p2b: Dusclops\n|-crit|p2b: Dusclops\n|-damage|p2b: Dusclops|77\/100 brn\n|-crit|p2b: Dusclops\n|-damage|p2b: Dusclops|59\/100 brn\n|-crit|p2b: Dusclops\n|-damage|p2b: Dusclops|41\/100 brn\n|-hitcount|p2b: Dusclops|3\n|\n|-heal|p2b: Dusclops|47\/100 brn|[from] Grassy Terrain\n|-heal|p2a: Iron Hands|46\/100 brn|[from] Grassy Terrain\n|-heal|p1a: Weezing|57\/100|[from] Grassy Terrain\n|-heal|p1b: Urshifu|53\/100|[from] Grassy Terrain\n|-damage|p2b: Dusclops|41\/100 brn|[from] brn\n|-damage|p2a: Iron Hands|40\/100 brn|[from] brn\n|-end|p2b: Dusclops|move: Taunt\n|-fieldend|move: Trick Room\n|upkeep\n|turn|10\n|\n|t:|1700398044\n|move|p1b: Urshifu|Surging Strikes|p2a: Iron Hands\n|-crit|p2a: Iron Hands\n|-damage|p2a: Iron Hands|21\/100 brn\n|-crit|p2a: Iron Hands\n|-damage|p2a: Iron Hands|2\/100 brn\n|-crit|p2a: Iron Hands\n|-damage|p2a: Iron Hands|0 fnt\n|faint|p2a: Iron Hands\n|-end|p2a: Iron Hands|Quark Drive|[silent]\n|-hitcount|p2: Iron Hands|3\n|move|p1a: Weezing|Taunt|p2b: Dusclops\n|-start|p2b: Dusclops|move: Taunt\n|cant|p2b: Dusclops|move: Taunt|Will-O-Wisp\n|\n|-heal|p1b: Urshifu|59\/100|[from] Grassy Terrain\n|-heal|p1a: Weezing|63\/100|[from] Grassy Terrain\n|-heal|p2b: Dusclops|47\/100 brn|[from] Grassy Terrain\n|-damage|p2b: Dusclops|41\/100 brn|[from] brn\n|upkeep\n|\n|t:|1700398046\n|switch|p2a: Ogerpon|Ogerpon-Cornerstone, L50, F|100\/100\n|turn|11\n|\n|t:|1700398064\n|move|p2a: Ogerpon|Spiky Shield|p2a: Ogerpon\n|-singleturn|p2a: Ogerpon|move: Protect\n|move|p1b: Urshifu|Surging Strikes|p2a: Ogerpon\n|-activate|p2a: Ogerpon|move: Protect\n|-damage|p1b: Urshifu|47\/100|[from] Spiky Shield|[of] p2a: Ogerpon\n|move|p1a: Weezing|Will-O-Wisp|p2a: Ogerpon\n|-activate|p2a: Ogerpon|move: Protect\n|move|p2b: Dusclops|Night Shade|p1b: Urshifu\n|-damage|p1b: Urshifu|19\/100\n|\n|-heal|p1b: Urshifu|25\/100|[from] Grassy Terrain\n|-heal|p1a: Weezing|69\/100|[from] Grassy Terrain\n|-heal|p2b: Dusclops|47\/100 brn|[from] Grassy Terrain\n|-damage|p2b: Dusclops|41\/100 brn|[from] brn\n|upkeep\n|turn|12\n|\n|t:|1700398087\n|move|p1b: Urshifu|Surging Strikes|p2a: Ogerpon\n|-crit|p2a: Ogerpon\n|-damage|p2a: Ogerpon|68\/100\n|-crit|p2a: Ogerpon\n|-damage|p2a: Ogerpon|38\/100\n|-crit|p2a: Ogerpon\n|-damage|p2a: Ogerpon|7\/100\n|-hitcount|p2a: Ogerpon|3\n|move|p2a: Ogerpon|Horn Leech|p1b: Urshifu\n|-supereffective|p1b: Urshifu\n|-damage|p1b: Urshifu|0 fnt\n|-heal|p2a: Ogerpon|20\/100|[from] drain|[of] p1b: Urshifu\n|faint|p1b: Urshifu\n|move|p1a: Weezing|Will-O-Wisp|p2a: Ogerpon\n|-status|p2a: Ogerpon|brn\n|move|p2b: Dusclops|Night Shade|p1a: Weezing\n|-damage|p1a: Weezing|40\/100\n|\n|-heal|p2a: Ogerpon|26\/100 brn|[from] Grassy Terrain\n|-heal|p1a: Weezing|46\/100|[from] Grassy Terrain\n|-heal|p2b: Dusclops|47\/100 brn|[from] Grassy Terrain\n|-damage|p2a: Ogerpon|20\/100 brn|[from] brn\n|-damage|p2b: Dusclops|41\/100 brn|[from] brn\n|-end|p2b: Dusclops|move: Taunt\n|-fieldend|move: Grassy Terrain\n|upkeep\n|\n|t:|1700398108\n|switch|p1b: Flutter Mane|Flutter Mane, L50|100\/100\n|turn|13\n|\n|t:|1700398128\n|move|p2a: Ogerpon|Spiky Shield|p2a: Ogerpon\n|-singleturn|p2a: Ogerpon|move: Protect\n|move|p1b: Flutter Mane|Dazzling Gleam|p2b: Dusclops|[spread] p2b\n|-activate|p2a: Ogerpon|move: Protect\n|-damage|p2b: Dusclops|16\/100 brn\n|move|p1a: Weezing|Taunt|p2b: Dusclops\n|-start|p2b: Dusclops|move: Taunt\n|cant|p2b: Dusclops|move: Taunt|Pain Split\n|\n|-damage|p2a: Ogerpon|14\/100 brn|[from] brn\n|-damage|p2b: Dusclops|10\/100 brn|[from] brn\n|upkeep\n|turn|14\n|\n|t:|1700398144\n|-terastallize|p2a: Ogerpon|Rock\n|detailschange|p2a: Ogerpon|Ogerpon-Cornerstone-Tera, L50, F, tera:Rock\n|move|p1b: Flutter Mane|Dazzling Gleam|p2a: Ogerpon|[spread] p2a,p2b\n|-crit|p2b: Dusclops\n|-damage|p2a: Ogerpon|0 fnt\n|-damage|p2b: Dusclops|0 fnt\n|faint|p2a: Ogerpon\n|faint|p2b: Dusclops\n|\n|win|gohan92\n|c|\u2606gohan92|ggwp\n|c|\u2606Mario Flare|gg\n|c|&|\/uhtml prompt-marioflare,Mario Flare is ready for game 2!\n|inactive|gohan92 has 50 seconds to confirm battle start!\n|c|&|\/uhtml prompt-gohan92,gohan92 is ready for game 2!\nBoth players are ready! Starting next match!\n","uploadtime":1700398153,"views":8,"p1id":"gohan92","p2id":"marioflare","formatid":"gen9vgc2023regulatione","rating":0,"private":0,"password":""}