{"id":"gen9vgc2023regulatione-1994666589","p1":"96SerAlex96","p2":"ZonXJ","format":"[Gen 9] VGC 2023 Regulation E","log":"|j|\u260696SerAlex96\n|j|\u2606ZonXJ\n|t:|1700478056\n|gametype|doubles\n|player|p1|96SerAlex96|blue|1445\n|player|p2|ZonXJ|archie-gen6|1558\n|teamsize|p1|6\n|teamsize|p2|6\n|gen|9\n|tier|[Gen 9] VGC 2023 Regulation E\n|rated|\n|rule|Species Clause: Limit one of each Pok\u00e9mon\n|rule|Item Clause: Limit one of each item\n|clearpoke\n|poke|p1|Kommo-o, L50, M|\n|poke|p1|Tyranitar, L50, M|\n|poke|p1|Rillaboom, L50, M|\n|poke|p1|Flutter Mane, L50|\n|poke|p1|Arcanine-Hisui, L50, F|\n|poke|p1|Iron Bundle, L50|\n|poke|p2|Politoed, L50, M|\n|poke|p2|Chien-Pao, L50|\n|poke|p2|Ogerpon-Wellspring, L50, F|\n|poke|p2|Gothitelle, L50, F|\n|poke|p2|Basculegion, L50, M|\n|poke|p2|Salamence, L50, F|\n|teampreview|4\n|inactive|Battle timer is ON: inactive players will automatically lose when time's up. (requested by 96SerAlex96)\n|\n|t:|1700478083\n|start\n|switch|p1a: Flutter Mane|Flutter Mane, L50|100\/100\n|switch|p1b: Iron Bundle|Iron Bundle, L50|100\/100\n|switch|p2a: Calreath|Politoed, L50, M|100\/100\n|switch|p2b: Alola to the alola|Salamence, L50, F|100\/100\n|-ability|p2b: Alola to the alola|Intimidate|boost\n|-unboost|p1a: Flutter Mane|atk|1\n|-unboost|p1b: Iron Bundle|atk|1\n|-weather|RainDance|[from] ability: Drizzle|[of] p2a: Calreath\n|-enditem|p1b: Iron Bundle|Booster Energy\n|-activate|p1b: Iron Bundle|ability: Quark Drive|[fromitem]\n|-start|p1b: Iron Bundle|quarkdrivespe\n|turn|1\n|\n|t:|1700478106\n|-terastallize|p2b: Alola to the alola|Steel\n|move|p2a: Calreath|Protect|p2a: Calreath\n|-singleturn|p2a: Calreath|Protect\n|move|p1b: Iron Bundle|Icy Wind|p2a: Calreath|[spread] p2b\n|-activate|p2a: Calreath|move: Protect\n|-resisted|p2b: Alola to the alola\n|-damage|p2b: Alola to the alola|87\/100\n|-unboost|p2b: Alola to the alola|spe|1\n|move|p1a: Flutter Mane|Energy Ball|p2a: Calreath\n|-activate|p2a: Calreath|move: Protect\n|move|p2b: Alola to the alola|Draco Meteor|p1b: Iron Bundle\n|-damage|p1b: Iron Bundle|0 fnt\n|-unboost|p2b: Alola to the alola|spa|2\n|faint|p1b: Iron Bundle\n|-end|p1b: Iron Bundle|Quark Drive|[silent]\n|\n|-weather|RainDance|[upkeep]\n|upkeep\n|\n|t:|1700478125\n|switch|p1b: Tyranitar|Tyranitar, L50, M|100\/100\n|-weather|Sandstorm|[from] ability: Sand Stream|[of] p1b: Tyranitar\n|turn|2\n|\n|t:|1700478141\n|switch|p2b: uwu|Ogerpon-Wellspring, L50, F|100\/100\n|switch|p2a: DaUmbreonClan|Gothitelle, L50, F|100\/100\n|move|p1a: Flutter Mane|Energy Ball|p2a: DaUmbreonClan\n|-damage|p2a: DaUmbreonClan|60\/100\n|move|p1b: Tyranitar|Knock Off|p2a: DaUmbreonClan\n|-supereffective|p2a: DaUmbreonClan\n|-damage|p2a: DaUmbreonClan|0 fnt\n|-enditem|p2a: DaUmbreonClan|Sitrus Berry|[from] move: Knock Off|[of] p1b: Tyranitar\n|faint|p2a: DaUmbreonClan\n|\n|-weather|Sandstorm|[upkeep]\n|-damage|p1a: Flutter Mane|94\/100|[from] Sandstorm\n|-damage|p2b: uwu|95\/100|[from] Sandstorm\n|upkeep\n|\n|t:|1700478148\n|switch|p2a: Calreath|Politoed, L50, M|100\/100\n|-weather|RainDance|[from] ability: Drizzle|[of] p2a: Calreath\n|turn|3\n|inactive|ZonXJ has 30 seconds left.\n|\n|t:|1700478175\n|switch|p1b: Rillaboom|Rillaboom, L50, M|100\/100\n|-fieldstart|move: Grassy Terrain|[from] ability: Grassy Surge|[of] p1b: Rillaboom\n|move|p2a: Calreath|Protect|p2a: Calreath\n|-singleturn|p2a: Calreath|Protect\n|move|p1a: Flutter Mane|Energy Ball|p2b: uwu\n|-damage|p2b: uwu|30\/100\n|move|p2b: uwu|Ivy Cudgel|p1a: Flutter Mane|[anim] Ivy Cudgel Water\n|-crit|p1a: Flutter Mane\n|-damage|p1a: Flutter Mane|0 fnt\n|faint|p1a: Flutter Mane\n|-end|p1a: Flutter Mane|Protosynthesis|[silent]\n|\n|-weather|RainDance|[upkeep]\n|-heal|p2b: uwu|36\/100|[from] Grassy Terrain\n|upkeep\n|inactive|96SerAlex96 has 30 seconds left.\n|inactive|96SerAlex96 has 20 seconds left.\n|inactive|96SerAlex96 has 15 seconds left.\n|\n|t:|1700478219\n|switch|p1a: Tyranitar|Tyranitar, L50, M|100\/100\n|-weather|Sandstorm|[from] ability: Sand Stream|[of] p1a: Tyranitar\n|turn|4\n|\n|t:|1700478238\n|switch|p2b: Alola to the alola|Salamence, L50, F, tera:Steel|87\/100\n|-ability|p2b: Alola to the alola|Intimidate|boost\n|-unboost|p1a: Tyranitar|atk|1\n|-unboost|p1b: Rillaboom|atk|1\n|move|p1a: Tyranitar|Knock Off|p2a: Calreath\n|-damage|p2a: Calreath|62\/100\n|-enditem|p2a: Calreath|Damp Rock|[from] move: Knock Off|[of] p1a: Tyranitar\n|move|p1b: Rillaboom|Wood Hammer|p2a: Calreath\n|-supereffective|p2a: Calreath\n|-crit|p2a: Calreath\n|-damage|p2a: Calreath|0 fnt\n|faint|p2a: Calreath\n|-damage|p1b: Rillaboom|81\/100|[from] Recoil\n|\n|-weather|Sandstorm|[upkeep]\n|-damage|p1b: Rillaboom|75\/100|[from] Sandstorm\n|-heal|p2b: Alola to the alola|93\/100|[from] Grassy Terrain\n|-heal|p1b: Rillaboom|81\/100|[from] Grassy Terrain\n|upkeep\n|\n|t:|1700478244\n|switch|p2a: uwu|Ogerpon-Wellspring, L50, F|36\/100\n|turn|5\n|\n|t:|1700478256\n|move|p2a: uwu|Spiky Shield|p2a: uwu\n|-singleturn|p2a: uwu|move: Protect\n|move|p1b: Rillaboom|Grassy Glide|p2a: uwu\n|-activate|p2a: uwu|move: Protect\n|-damage|p1b: Rillaboom|69\/100|[from] Spiky Shield|[of] p2a: uwu\n|move|p2b: Alola to the alola|Hurricane|p1b: Rillaboom\n|-supereffective|p1b: Rillaboom\n|-damage|p1b: Rillaboom|0 fnt\n|faint|p1b: Rillaboom\n|move|p1a: Tyranitar|Knock Off|p2b: Alola to the alola\n|-damage|p2b: Alola to the alola|45\/100\n|-damage|p1a: Tyranitar|84\/100|[from] item: Rocky Helmet|[of] p2b: Alola to the alola\n|-enditem|p2b: Alola to the alola|Rocky Helmet|[from] move: Knock Off|[of] p1a: Tyranitar\n|\n|-weather|Sandstorm|[upkeep]\n|-damage|p2a: uwu|30\/100|[from] Sandstorm\n|-heal|p2a: uwu|36\/100|[from] Grassy Terrain\n|-heal|p2b: Alola to the alola|51\/100|[from] Grassy Terrain\n|-heal|p1a: Tyranitar|90\/100|[from] Grassy Terrain\n|upkeep\n|turn|6\n|\n|t:|1700478274\n|-terastallize|p1a: Tyranitar|Psychic\n|move|p2a: uwu|Horn Leech|p1a: Tyranitar\n|-damage|p1a: Tyranitar|37\/100\n|-heal|p2a: uwu|61\/100|[from] drain|[of] p1a: Tyranitar\n|move|p2b: Alola to the alola|Draco Meteor|p1a: Tyranitar\n|-damage|p1a: Tyranitar|0 fnt\n|-unboost|p2b: Alola to the alola|spa|2\n|faint|p1a: Tyranitar\n|\n|win|ZonXJ\n|raw|96SerAlex96's rating: 1445 &rarr; <strong>1431<\/strong><br \/>(-14 for losing)\n|raw|ZonXJ's rating: 1558 &rarr; <strong>1572<\/strong><br \/>(+14 for winning)\n|l|\u260696SerAlex96\n|c|\u2606ZonXJ|gg\n","uploadtime":1700478505,"views":5,"p1id":"96seralex96","p2id":"zonxj","formatid":"gen9vgc2023regulatione","rating":1431,"private":0,"password":""}