{"id":"gen9vgc2023regulatione-1995598143","p1":"AJB0000","p2":"Bensan v","format":"[Gen 9] VGC 2023 Regulation E","log":"|j|\u2606AJB0000\n|j|\u2606Bensan v\n|t:|1700586212\n|gametype|doubles\n|player|p1|AJB0000|1|1108\n|player|p2|Bensan v|dawn|1059\n|teamsize|p1|6\n|teamsize|p2|6\n|gen|9\n|tier|[Gen 9] VGC 2023 Regulation E\n|rated|\n|rule|Species Clause: Limit one of each Pok\u00e9mon\n|rule|Item Clause: Limit one of each item\n|clearpoke\n|poke|p1|Dudunsparce-*, L50, F|\n|poke|p1|Sinistcha, L50|\n|poke|p1|Indeedee-F, L50, F|\n|poke|p1|Sylveon, L50, M|\n|poke|p1|Palafin, L50, F|\n|poke|p1|Iron Hands, L50|\n|poke|p2|Ogerpon-Hearthflame, L50, F|\n|poke|p2|Sableye, L50, F|\n|poke|p2|Meowscarada, L50, F|\n|poke|p2|Volcarona, L50, F|\n|poke|p2|Kingambit, L50, M|\n|poke|p2|Rabsca, L50, M|\n|teampreview|4\nAJB0000 has agreed to open team sheets.\n|\n|t:|1700586240\n|start\n|switch|p1a: Pepper|Indeedee-F, L50, F, shiny|100\/100\n|switch|p1b: Problem|Palafin, L50, F, shiny|100\/100\n|switch|p2a: Y\u016bjin (amiga)|Sableye, L50, F|100\/100\n|switch|p2b: Fukush\u016b (venganza)|Ogerpon-Hearthflame, L50, F|100\/100\n|-ability|p2b: Fukush\u016b (venganza)|Mold Breaker\n|-fieldstart|move: Psychic Terrain|[from] ability: Psychic Surge|[of] p1a: Pepper\n|turn|1\n|\n|t:|1700586253\n|-terastallize|p2b: Fukush\u016b (venganza)|Fire\n|detailschange|p2b: Fukush\u016b (venganza)|Ogerpon-Hearthflame-Tera, L50, F, tera:Fire\n|-ability|p2b: Fukush\u016b (venganza)|Embody Aspect (Hearthflame)|boost\n|-boost|p2b: Fukush\u016b (venganza)|atk|1\n|move|p2b: Fukush\u016b (venganza)|Horn Leech|p1b: Problem\n|-supereffective|p1b: Problem\n|-damage|p1b: Problem|0 fnt\n|faint|p1b: Problem\n|move|p2a: Y\u016bjin (amiga)|Knock Off|p1a: Pepper\n|-supereffective|p1a: Pepper\n|-damage|p1a: Pepper|48\/100\n|-damage|p2a: Y\u016bjin (amiga)|84\/100|[from] item: Rocky Helmet|[of] p1a: Pepper\n|-enditem|p1a: Pepper|Rocky Helmet|[from] move: Knock Off|[of] p2a: Y\u016bjin (amiga)\n|move|p1a: Pepper|Trick Room|p1a: Pepper\n|-fieldstart|move: Trick Room|[of] p1a: Pepper\n|\n|upkeep\n|\n|t:|1700586273\n|switch|p1b: Hermit|Sylveon, L50, M, shiny|100\/100\n|turn|2\n|\n|t:|1700586292\n|-terastallize|p1b: Hermit|Fire\n|move|p1a: Pepper|Follow Me|p1a: Pepper\n|-singleturn|p1a: Pepper|move: Follow Me\n|move|p2a: Y\u016bjin (amiga)|Knock Off|p1a: Pepper\n|-supereffective|p1a: Pepper\n|-damage|p1a: Pepper|12\/100\n|move|p1b: Hermit|Hyper Voice|p2a: Y\u016bjin (amiga)|[spread] p2a,p2b\n|-supereffective|p2a: Y\u016bjin (amiga)\n|-resisted|p2b: Fukush\u016b (venganza)\n|-crit|p2b: Fukush\u016b (venganza)\n|-damage|p2a: Y\u016bjin (amiga)|0 fnt\n|-damage|p2b: Fukush\u016b (venganza)|52\/100\n|faint|p2a: Y\u016bjin (amiga)\n|move|p2b: Fukush\u016b (venganza)|Ivy Cudgel|p1a: Pepper|[anim] Ivy Cudgel Fire\n|-damage|p1a: Pepper|0 fnt\n|faint|p1a: Pepper\n|\n|upkeep\n|\n|t:|1700586307\n|switch|p2a: Kib\u014d (esperanza)|Meowscarada, L50, F|100\/100\n|switch|p1a: Hat|Iron Hands, L50|100\/100\n|turn|3\n|\n|t:|1700586317\n|move|p1a: Hat|Drain Punch|p2b: Fukush\u016b (venganza)\n|-damage|p2b: Fukush\u016b (venganza)|0 fnt\n|faint|p2b: Fukush\u016b (venganza)\n|move|p1b: Hermit|Hyper Voice|p2a: Kib\u014d (esperanza)\n|-supereffective|p2a: Kib\u014d (esperanza)\n|-damage|p2a: Kib\u014d (esperanza)|0 fnt\n|faint|p2a: Kib\u014d (esperanza)\n|\n|upkeep\n|\n|t:|1700586330\n|switch|p2b: Tsuyoi (fuerte)|Volcarona, L50, F|100\/100\n|turn|4\n|\n|t:|1700586340\n|move|p1a: Hat|Drain Punch|p2b: Tsuyoi (fuerte)\n|-resisted|p2b: Tsuyoi (fuerte)\n|-damage|p2b: Tsuyoi (fuerte)|65\/100\n|-status|p1a: Hat|brn|[from] ability: Flame Body|[of] p2b: Tsuyoi (fuerte)\n|move|p1b: Hermit|Hyper Voice|p2b: Tsuyoi (fuerte)\n|-resisted|p2b: Tsuyoi (fuerte)\n|-damage|p2b: Tsuyoi (fuerte)|30\/100\n|move|p2b: Tsuyoi (fuerte)|Quiver Dance|p2b: Tsuyoi (fuerte)\n|-boost|p2b: Tsuyoi (fuerte)|spa|1\n|-boost|p2b: Tsuyoi (fuerte)|spd|1\n|-boost|p2b: Tsuyoi (fuerte)|spe|1\n|\n|-damage|p1a: Hat|94\/100 brn|[from] brn\n|upkeep\n|turn|5\n|\n|t:|1700586359\n|move|p1a: Hat|Drain Punch|p2b: Tsuyoi (fuerte)\n|-resisted|p2b: Tsuyoi (fuerte)\n|-damage|p2b: Tsuyoi (fuerte)|14\/100\n|-heal|p1a: Hat|99\/100 brn|[from] drain|[of] p2b: Tsuyoi (fuerte)\n|move|p1b: Hermit|Yawn|p2b: Tsuyoi (fuerte)\n|-start|p2b: Tsuyoi (fuerte)|move: Yawn|[of] p1b: Hermit\n|move|p2b: Tsuyoi (fuerte)|Giga Drain|p1a: Hat\n|-damage|p1a: Hat|76\/100 brn\n|-heal|p2b: Tsuyoi (fuerte)|32\/100|[from] drain|[of] p1a: Hat\n|\n|-damage|p1a: Hat|70\/100 brn|[from] brn\n|-fieldend|move: Trick Room\n|-fieldend|move: Psychic Terrain\n|upkeep\n|turn|6\n|\n|t:|1700586379\n|move|p1b: Hermit|Protect|p1b: Hermit\n|-singleturn|p1b: Hermit|Protect\n|move|p2b: Tsuyoi (fuerte)|Giga Drain|p1a: Hat\n|-damage|p1a: Hat|46\/100 brn\n|-heal|p2b: Tsuyoi (fuerte)|50\/100|[from] drain|[of] p1a: Hat\n|move|p1a: Hat|Drain Punch|p2b: Tsuyoi (fuerte)\n|-resisted|p2b: Tsuyoi (fuerte)\n|-damage|p2b: Tsuyoi (fuerte)|35\/100\n|-heal|p1a: Hat|51\/100 brn|[from] drain|[of] p2b: Tsuyoi (fuerte)\n|\n|-damage|p1a: Hat|45\/100 brn|[from] brn\n|-end|p2b: Tsuyoi (fuerte)|move: Yawn|[silent]\n|-status|p2b: Tsuyoi (fuerte)|slp\n|upkeep\n|turn|7\n|\n|t:|1700586394\n|cant|p2b: Tsuyoi (fuerte)|slp\n|move|p1b: Hermit|Hyper Voice|p2b: Tsuyoi (fuerte)\n|-resisted|p2b: Tsuyoi (fuerte)\n|-damage|p2b: Tsuyoi (fuerte)|10\/100 slp\n|move|p1a: Hat|Drain Punch|p2b: Tsuyoi (fuerte)\n|-resisted|p2b: Tsuyoi (fuerte)\n|-damage|p2b: Tsuyoi (fuerte)|0 fnt\n|-heal|p1a: Hat|48\/100 brn|[from] drain|[of] p2b: Tsuyoi (fuerte)\n|faint|p2b: Tsuyoi (fuerte)\n|\n|win|AJB0000\n|raw|AJB0000's rating: 1108 &rarr; <strong>1129<\/strong><br \/>(+21 for winning)\n|raw|Bensan v's rating: 1059 &rarr; <strong>1043<\/strong><br \/>(-16 for losing)\n|l|\u2606Bensan v\n","uploadtime":1700586408,"views":13,"p1id":"ajb0000","p2id":"bensanv","formatid":"gen9vgc2023regulatione","rating":1043,"private":0,"password":""}