{"id":"gen9vgc2023regulatione-1992814853","p1":"syelza","p2":"Pizza222","format":"[Gen 9] VGC 2023 Regulation E","log":"|j|\u2606syelza\n|j|\u2606Pizza222\n|t:|1700237819\n|gametype|doubles\n|player|p1|syelza|pokemonrangerf-gen4|1202\n|player|p2|Pizza222|sailor|1216\n|teamsize|p1|6\n|teamsize|p2|6\n|gen|9\n|tier|[Gen 9] VGC 2023 Regulation E\n|rated|\n|rule|Species Clause: Limit one of each Pok\u00e9mon\n|rule|Item Clause: Limit one of each item\n|clearpoke\n|poke|p1|Chien-Pao, L50|\n|poke|p1|Flutter Mane, L50|\n|poke|p1|Tornadus, L50, M|\n|poke|p1|Urshifu-*, L50, F|\n|poke|p1|Rillaboom, L50, F|\n|poke|p1|Arcanine-Hisui, L50, F|\n|poke|p2|Clefairy, L50, M|\n|poke|p2|Kommo-o, L50, M|\n|poke|p2|Snorlax, L50, M|\n|poke|p2|Ogerpon-Wellspring, L50, F|\n|poke|p2|Sinistcha-Masterpiece, L50|\n|poke|p2|Iron Hands, L50|\n|teampreview|4\n|inactive|Battle timer is ON: inactive players will automatically lose when time's up. (requested by Pizza222)\n|c|\u2606Pizza222|33\n|\n|t:|1700237842\n|start\n|switch|p1a: Tornadus|Tornadus, L50, M|100\/100\n|switch|p1b: Arcanine|Arcanine-Hisui, L50, F|100\/100\n|switch|p2a: Greeeeennnnn|Clefairy, L50, M, shiny|100\/100\n|switch|p2b: Carlos|Snorlax, L50, M|100\/100\n|-ability|p1b: Arcanine|Intimidate|boost\n|-unboost|p2a: Greeeeennnnn|atk|1\n|-unboost|p2b: Carlos|atk|1\n|turn|1\n|c|\u2606Pizza222|me when carlos\n|\n|t:|1700237867\n|move|p2a: Greeeeennnnn|Follow Me|p2a: Greeeeennnnn\n|-singleturn|p2a: Greeeeennnnn|move: Follow Me\n|move|p1a: Tornadus|Taunt|p2a: Greeeeennnnn\n|-start|p2a: Greeeeennnnn|move: Taunt\n|move|p1b: Arcanine|Rock Slide|p2a: Greeeeennnnn|[spread] p2a\n|-miss|p1b: Arcanine|p2b: Carlos\n|-damage|p2a: Greeeeennnnn|63\/100\n|move|p2b: Carlos|Belly Drum|p2b: Carlos\n|-damage|p2b: Carlos|50\/100\n|-setboost|p2b: Carlos|atk|6|[from] move: Belly Drum\n|-enditem|p2b: Carlos|Sitrus Berry|[eat]\n|-heal|p2b: Carlos|75\/100|[from] item: Sitrus Berry\n|\n|upkeep\n|turn|2\n|\n|t:|1700237881\n|switch|p2a: Hot tea|Sinistcha-Masterpiece, L50|100\/100\n|-heal|p2b: Carlos|100\/100|[from] ability: Hospitality|[of] p2a: Hot tea\n|move|p2b: Carlos|Protect|p2b: Carlos\n|-singleturn|p2b: Carlos|Protect\n|move|p1b: Arcanine|Rock Slide|p2a: Hot tea|[spread] p2a\n|-activate|p2b: Carlos|move: Protect\n|-damage|p2a: Hot tea|58\/100\n|move|p1a: Tornadus|Bleakwind Storm|p2b: Carlos|[spread] p2a\n|-activate|p2b: Carlos|move: Protect\n|-supereffective|p2a: Hot tea\n|-damage|p2a: Hot tea|0 fnt\n|faint|p2a: Hot tea\n|\n|upkeep\n|\n|t:|1700237894\n|switch|p2a: Greeeeennnnn|Clefairy, L50, M, shiny|63\/100\n|turn|3\n|\n|t:|1700237903\n|move|p2a: Greeeeennnnn|Protect|p2a: Greeeeennnnn\n|-singleturn|p2a: Greeeeennnnn|Protect\n|move|p1b: Arcanine|Rock Slide|p2b: Carlos|[spread] p2b\n|-activate|p2a: Greeeeennnnn|move: Protect\n|-damage|p2b: Carlos|77\/100\n|move|p1a: Tornadus|Bleakwind Storm|p2b: Carlos|[spread] p2b\n|-activate|p2a: Greeeeennnnn|move: Protect\n|-damage|p2b: Carlos|61\/100\n|move|p2b: Carlos|Facade|p1a: Tornadus\n|-damage|p1a: Tornadus|0 fnt\n|-damage|p2b: Carlos|44\/100|[from] item: Rocky Helmet|[of] p1a: Tornadus\n|faint|p1a: Tornadus\n|\n|upkeep\n|\n|t:|1700237919\n|switch|p1a: Rillaboom|Rillaboom, L50, F|100\/100\n|-fieldstart|move: Grassy Terrain|[from] ability: Grassy Surge|[of] p1a: Rillaboom\n|turn|4\n|\n|t:|1700237942\n|move|p2a: Greeeeennnnn|Follow Me|p2a: Greeeeennnnn\n|-singleturn|p2a: Greeeeennnnn|move: Follow Me\n|move|p1b: Arcanine|Rock Slide|p2b: Carlos|[spread] p2a,p2b\n|-damage|p2a: Greeeeennnnn|23\/100\n|-damage|p2b: Carlos|21\/100\n|move|p1a: Rillaboom|Wood Hammer|p2a: Greeeeennnnn\n|-damage|p2a: Greeeeennnnn|0 fnt\n|faint|p2a: Greeeeennnnn\n|-damage|p1a: Rillaboom|94\/100|[from] Recoil\n|move|p2b: Carlos|Facade|p1a: Rillaboom\n|-crit|p1a: Rillaboom\n|-damage|p1a: Rillaboom|0 fnt\n|faint|p1a: Rillaboom\n|\n|-heal|p2b: Carlos|27\/100|[from] Grassy Terrain\n|upkeep\n|\n|t:|1700237964\n|switch|p1a: Flutter Mane|Flutter Mane, L50|100\/100\n|switch|p2a: Brian Hands|Iron Hands, L50|100\/100\n|-enditem|p1a: Flutter Mane|Booster Energy\n|-activate|p1a: Flutter Mane|ability: Protosynthesis|[fromitem]\n|-start|p1a: Flutter Mane|protosynthesisspa\n|turn|5\n|inactive|syelza has 30 seconds left.\n|\n|t:|1700237992\n|-terastallize|p2a: Brian Hands|Water\n|move|p2b: Carlos|Protect|p2b: Carlos\n|-singleturn|p2b: Carlos|Protect\n|move|p1a: Flutter Mane|Dazzling Gleam|p2a: Brian Hands|[spread] p2a\n|-activate|p2b: Carlos|move: Protect\n|-damage|p2a: Brian Hands|77\/100\n|move|p1b: Arcanine|Rock Slide|p2a: Brian Hands|[spread] p2a\n|-activate|p2b: Carlos|move: Protect\n|-damage|p2a: Brian Hands|48\/100\n|cant|p2a: Brian Hands|flinch\n|\n|-heal|p2a: Brian Hands|55\/100|[from] Grassy Terrain\n|-heal|p2b: Carlos|33\/100|[from] Grassy Terrain\n|upkeep\n|turn|6\n|c|\u2606syelza|\uff1a\uff09\n|\n|t:|1700238015\n|-terastallize|p1a: Flutter Mane|Fairy\n|move|p1a: Flutter Mane|Dazzling Gleam|p2b: Carlos|[spread] p2a,p2b\n|-damage|p2a: Brian Hands|18\/100\n|-damage|p2b: Carlos|0 fnt\n|faint|p2b: Carlos\n|move|p1b: Arcanine|Rock Slide|p2a: Brian Hands\n|-damage|p2a: Brian Hands|0 fnt\n|faint|p2a: Brian Hands\n|-end|p2a: Brian Hands|Quark Drive|[silent]\n|\n|win|syelza\n|raw|syelza's rating: 1202 &rarr; <strong>1228<\/strong><br \/>(+26 for winning)\n|raw|Pizza222's rating: 1216 &rarr; <strong>1190<\/strong><br \/>(-26 for losing)\n|c|\u2606syelza|gg\n|c|\u2606Pizza222|sad\n","uploadtime":1700238033,"views":11,"p1id":"syelza","p2id":"pizza222","formatid":"gen9vgc2023regulatione","rating":1190,"private":0,"password":""}