{"id":"gen9vgc2023regulatione-1996017277","p1":"Cap4816","p2":"Bulb_his_saur","format":"[Gen 9] VGC 2023 Regulation E","log":"|j|\u2606Cap4816\n|j|\u2606Bulb_his_saur\n|t:|1700629967\n|gametype|doubles\n|player|p1|Cap4816|pokekid|1183\n|player|p2|Bulb_his_saur|backpacker|1109\n|teamsize|p1|6\n|teamsize|p2|6\n|gen|9\n|tier|[Gen 9] VGC 2023 Regulation E\n|rated|\n|rule|Species Clause: Limit one of each Pok\u00e9mon\n|rule|Item Clause: Limit one of each item\n|clearpoke\n|poke|p1|Flareon, L50, M|\n|poke|p1|Skeledirge, L50, M|\n|poke|p1|Roaring Moon, L50|\n|poke|p1|Scream Tail, L50|\n|poke|p1|Torkoal, L50, M|\n|poke|p1|Sinistcha-Masterpiece, L50|\n|poke|p2|Rillaboom, L50, M|\n|poke|p2|Illumise, L50, F|\n|poke|p2|Lurantis, L50, M|\n|poke|p2|Ninetales-Alola, L50, F|\n|poke|p2|Brambleghast, L50, F|\n|poke|p2|Heatran, L50, M|\n|teampreview|4\n|inactive|Battle timer is ON: inactive players will automatically lose when time's up. (requested by Bulb_his_saur)\n|\n|t:|1700630012\n|start\n|switch|p1a: Roaring Moon|Roaring Moon, L50|100\/100\n|switch|p1b: Skeledirge|Skeledirge, L50, M|100\/100\n|switch|p2a: A friend <3|Illumise, L50, F|100\/100\n|switch|p2b: BUG|Lurantis, L50, M|100\/100\n|-enditem|p1a: Roaring Moon|Booster Energy\n|-activate|p1a: Roaring Moon|ability: Protosynthesis|[fromitem]\n|-start|p1a: Roaring Moon|protosynthesisspe\n|turn|1\n|\n|t:|1700630022\n|-terastallize|p2b: BUG|Poison\n|move|p2a: A friend <3|Fake Tears|p2b: BUG\n|-boost|p2b: BUG|spd|2\n|move|p1a: Roaring Moon|Tailwind|p1a: Roaring Moon\n|-sidestart|p1: Cap4816|move: Tailwind\n|move|p1b: Skeledirge|Torch Song|p2a: A friend <3\n|-supereffective|p2a: A friend <3\n|-damage|p2a: A friend <3|43\/100\n|-boost|p1b: Skeledirge|spa|1\n|-enditem|p1b: Skeledirge|Throat Spray\n|-boost|p1b: Skeledirge|spa|1|[from] item: Throat Spray\n|move|p2b: BUG|Superpower|p1a: Roaring Moon\n|-supereffective|p1a: Roaring Moon\n|-damage|p1a: Roaring Moon|0 fnt\n|-boost|p2b: BUG|atk|1\n|-boost|p2b: BUG|def|1\n|faint|p1a: Roaring Moon\n|-end|p1a: Roaring Moon|Protosynthesis|[silent]\n|\n|upkeep\n|\n|t:|1700630043\n|switch|p1a: Scream Tail|Scream Tail, L50|100\/100\n|turn|2\n|\n|t:|1700630050\n|move|p2a: A friend <3|Fake Tears|p2b: BUG\n|-boost|p2b: BUG|spd|2\n|move|p1a: Scream Tail|Encore|p2b: BUG\n|-start|p2b: BUG|Encore\n|move|p1b: Skeledirge|Torch Song|p2a: A friend <3\n|-supereffective|p2a: A friend <3\n|-damage|p2a: A friend <3|0 fnt\n|-boost|p1b: Skeledirge|spa|1\n|faint|p2a: A friend <3\n|move|p2b: BUG|Superpower|p1b: Skeledirge\n|-immune|p1b: Skeledirge\n|\n|upkeep\n|\n|t:|1700630061\n|switch|p2a: RootinTootin|Brambleghast, L50, F|100\/100\n|turn|3\n|\n|t:|1700630075\n|switch|p2a: Overbite|Heatran, L50, M|100\/100\n|-terastallize|p1b: Skeledirge|Fire\n|move|p1a: Scream Tail|Thunder Wave|p2b: BUG\n|-status|p2b: BUG|par\n|move|p1b: Skeledirge|Torch Song|p2a: Overbite\n|-start|p2a: Overbite|ability: Flash Fire\n|cant|p2b: BUG|par\n|\n|upkeep\n|turn|4\n|inactive|Bulb_his_saur has 30 seconds left.\n|\n|t:|1700630104\n|move|p2a: Overbite|Protect|p2a: Overbite\n|-singleturn|p2a: Overbite|Protect\n|move|p1a: Scream Tail|Encore||[still]\n|-fail|p1a: Scream Tail\n|move|p1b: Skeledirge|Shadow Ball|p2a: Overbite\n|-activate|p2a: Overbite|move: Protect\n|move|p2b: BUG|Superpower|p1a: Scream Tail\n|-resisted|p1a: Scream Tail\n|-damage|p1a: Scream Tail|90\/100\n|-boost|p2b: BUG|atk|1\n|-boost|p2b: BUG|def|1\n|\n|-heal|p1a: Scream Tail|96\/100|[from] item: Leftovers\n|-end|p2b: BUG|Encore\n|-sideend|p1: Cap4816|move: Tailwind\n|upkeep\n|turn|5\n|inactive|Bulb_his_saur has 30 seconds left.\n|inactive|Bulb_his_saur has 20 seconds left.\n|\n|t:|1700630141\n|move|p1a: Scream Tail|Encore|p2b: BUG\n|-start|p2b: BUG|Encore\n|move|p2a: Overbite|Earth Power|p1b: Skeledirge\n|-supereffective|p1b: Skeledirge\n|-damage|p1b: Skeledirge|34\/100\n|move|p1b: Skeledirge|Shadow Ball|p2a: Overbite\n|-damage|p2a: Overbite|25\/100\n|move|p2b: BUG|Superpower|p1a: Scream Tail\n|-resisted|p1a: Scream Tail\n|-damage|p1a: Scream Tail|82\/100\n|-boost|p2b: BUG|atk|1\n|-boost|p2b: BUG|def|1\n|\n|-heal|p1a: Scream Tail|88\/100|[from] item: Leftovers\n|-heal|p2a: Overbite|31\/100|[from] item: Leftovers\n|upkeep\n|turn|6\n|inactive|Cap4816 has 30 seconds left.\n|inactive|Cap4816 has 20 seconds left.\n|\n|t:|1700630181\n|move|p1b: Skeledirge|Protect|p1b: Skeledirge\n|-singleturn|p1b: Skeledirge|Protect\n|move|p1a: Scream Tail|Thunder Wave|p2a: Overbite\n|-status|p2a: Overbite|par\n|move|p2a: Overbite|Earth Power|p1b: Skeledirge\n|-activate|p1b: Skeledirge|move: Protect\n|move|p2b: BUG|Superpower|p1a: Scream Tail\n|-resisted|p1a: Scream Tail\n|-damage|p1a: Scream Tail|72\/100\n|-boost|p2b: BUG|atk|1\n|-boost|p2b: BUG|def|1\n|\n|-heal|p1a: Scream Tail|78\/100|[from] item: Leftovers\n|-heal|p2a: Overbite|37\/100 par|[from] item: Leftovers\n|upkeep\n|turn|7\n|\n|t:|1700630197\n|move|p2a: Overbite|Protect|p2a: Overbite\n|-singleturn|p2a: Overbite|Protect\n|move|p1a: Scream Tail|Psychic Fangs|p2b: BUG\n|-supereffective|p2b: BUG\n|-damage|p2b: BUG|85\/100 par\n|move|p1b: Skeledirge|Shadow Ball|p2a: Overbite\n|-activate|p2a: Overbite|move: Protect\n|move|p2b: BUG|Superpower|p1b: Skeledirge\n|-damage|p1b: Skeledirge|4\/100\n|-boost|p2b: BUG|atk|1\n|-boost|p2b: BUG|def|1\n|\n|-heal|p1a: Scream Tail|84\/100|[from] item: Leftovers\n|-heal|p2a: Overbite|43\/100 par|[from] item: Leftovers\n|-end|p2b: BUG|Encore\n|upkeep\n|turn|8\n|inactive|Bulb_his_saur has 30 seconds left.\n|inactive|Bulb_his_saur has 20 seconds left.\n|inactive|Bulb_his_saur has 15 seconds left.\n|\n|t:|1700630238\n|cant|p2a: Overbite|par\n|move|p1a: Scream Tail|Encore|p2b: BUG\n|-start|p2b: BUG|Encore\n|move|p1b: Skeledirge|Shadow Ball|p2a: Overbite\n|-damage|p2a: Overbite|0 fnt\n|faint|p2a: Overbite\n|move|p2b: BUG|Superpower|p1a: Scream Tail\n|-resisted|p1a: Scream Tail\n|-damage|p1a: Scream Tail|60\/100\n|-boost|p2b: BUG|atk|1\n|-boost|p2b: BUG|def|1\n|\n|-heal|p1a: Scream Tail|66\/100|[from] item: Leftovers\n|upkeep\n|\n|t:|1700630249\n|switch|p2a: RootinTootin|Brambleghast, L50, F|100\/100\n|turn|9\n|inactive|Cap4816 has 30 seconds left.\n|\n|t:|1700630283\n|move|p2a: RootinTootin|Shadow Sneak|p1b: Skeledirge\n|-damage|p1b: Skeledirge|0 fnt\n|faint|p1b: Skeledirge\n|move|p1a: Scream Tail|Thunder Wave|p2a: RootinTootin\n|-status|p2a: RootinTootin|par\n|cant|p2b: BUG|par\n|\n|-heal|p1a: Scream Tail|73\/100|[from] item: Leftovers\n|upkeep\n|\n|t:|1700630289\n|switch|p1b: Flareon|Flareon, L50, M|100\/100\n|turn|10\n|\n|t:|1700630299\n|move|p2a: RootinTootin|Shadow Sneak|p1a: Scream Tail\n|-supereffective|p1a: Scream Tail\n|-damage|p1a: Scream Tail|46\/100\n|move|p1a: Scream Tail|Encore|p2a: RootinTootin\n|-start|p2a: RootinTootin|Encore\n|move|p1b: Flareon|Flare Blitz|p2a: RootinTootin\n|-supereffective|p2a: RootinTootin\n|-crit|p2a: RootinTootin\n|-damage|p2a: RootinTootin|0 fnt\n|faint|p2a: RootinTootin\n|-damage|p1b: Flareon|73\/100|[from] Recoil\n|-damage|p1b: Flareon|63\/100|[from] item: Life Orb\n|cant|p2b: BUG|par\n|\n|-heal|p1a: Scream Tail|52\/100|[from] item: Leftovers\n|-end|p2b: BUG|Encore\n|upkeep\n|turn|11\n|\n|t:|1700630323\n|move|p1b: Flareon|Detect|p1b: Flareon\n|-singleturn|p1b: Flareon|Protect\n|move|p1a: Scream Tail|Howl|p1a: Scream Tail|[spread] p1a,p1b\n|-boost|p1a: Scream Tail|atk|1\n|-boost|p1b: Flareon|atk|1\n|move|p2b: BUG|Petal Blizzard|p1a: Scream Tail|[spread] p1a\n|-activate|p1b: Flareon|move: Protect\n|-damage|p1a: Scream Tail|0 fnt\n|faint|p1a: Scream Tail\n|-end|p1a: Scream Tail|Protosynthesis|[silent]\n|\n|upkeep\n|turn|12\n|\n|t:|1700630337\n|move|p1b: Flareon|Flare Blitz|p2b: BUG\n|-damage|p2b: BUG|48\/100 par\n|-damage|p1b: Flareon|51\/100|[from] Recoil\n|-damage|p1b: Flareon|41\/100|[from] item: Life Orb\n|cant|p2b: BUG|par\n|\n|upkeep\n|turn|13\n|\n|t:|1700630360\n|move|p1b: Flareon|Tera Blast|p2b: BUG\n|-damage|p2b: BUG|43\/100 par\n|-damage|p1b: Flareon|31\/100|[from] item: Life Orb\n|move|p2b: BUG|Superpower|p1b: Flareon\n|-damage|p1b: Flareon|0 fnt\n|faint|p1b: Flareon\n|\n|win|Bulb_his_saur\n|raw|Cap4816's rating: 1183 &rarr; <strong>1153<\/strong><br \/>(-30 for losing)\n|raw|Bulb_his_saur's rating: 1109 &rarr; <strong>1139<\/strong><br \/>(+30 for winning)\n|c|\u2606Bulb_his_saur|Gg\n|c|\u2606Cap4816|Gg\n|l|\u2606Bulb_his_saur\n|l|\u2606Cap4816\n|j|\u2606Cap4816\n|player|p1|Cap4816|pokekid\n","uploadtime":1700630406,"views":2,"p1id":"cap4816","p2id":"bulbhissaur","formatid":"gen9vgc2023regulatione","rating":1139,"private":0,"password":""}