{"id":"gen9vgc2023regulatione-1999976820","p1":"Nkmw1996","p2":"haamgamer07-T","format":"[Gen 9] VGC 2023 Regulation E","log":"|j|\u2606Nkmw1996\n|j|\u2606haamgamer07-T\n|t:|1701136771\n|gametype|doubles\n|player|p1|Nkmw1996|169|1050\n|player|p2|haamgamer07-T|169|1086\n|teamsize|p1|6\n|teamsize|p2|6\n|gen|9\n|tier|[Gen 9] VGC 2023 Regulation E\n|rated|\n|rule|Species Clause: Limit one of each Pok\u00e9mon\n|rule|Item Clause: Limit one of each item\n|clearpoke\n|poke|p1|Tyranitar, L50, M|\n|poke|p1|Garchomp, L50, M|\n|poke|p1|Rotom-Heat, L50|\n|poke|p1|Corviknight, L50, F|\n|poke|p1|Amoonguss, L50, M|\n|poke|p1|Gastrodon, L50, M|\n|poke|p2|Goodra-Hisui, L50, F|\n|poke|p2|Grimmsnarl, L50, M|\n|poke|p2|Landorus-Therian, L50, M|\n|poke|p2|Rillaboom, L50, F|\n|poke|p2|Urshifu-*, L50, F|\n|poke|p2|Heatran, L50, M|\n|teampreview|4\n|\n|t:|1701136833\n|start\n|switch|p1a: Tyranitar|Tyranitar, L50, M, shiny|100\/100\n|switch|p1b: Garchomp|Garchomp, L50, M|100\/100\n|switch|p2a: Grimmsnarl|Grimmsnarl, L50, M|100\/100\n|switch|p2b: Rillaboom|Rillaboom, L50, F|100\/100\n|-fieldstart|move: Grassy Terrain|[from] ability: Grassy Surge|[of] p2b: Rillaboom\n|-weather|Sandstorm|[from] ability: Sand Stream|[of] p1a: Tyranitar\n|turn|1\n|\n|t:|1701136859\n|switch|p1a: Corviknight|Corviknight, L50, F|100\/100\n|move|p2b: Rillaboom|Fake Out|p1a: Corviknight\n|-resisted|p1a: Corviknight\n|-damage|p1a: Corviknight|94\/100\n|move|p2a: Grimmsnarl|Reflect|p2a: Grimmsnarl\n|-sidestart|p2: haamgamer07-T|Reflect\n|move|p1b: Garchomp|Dragon Claw|p2b: Rillaboom\n|-damage|p2b: Rillaboom|66\/100\n|-damage|p1b: Garchomp|91\/100|[from] item: Life Orb\n|\n|-weather|Sandstorm|[upkeep]\n|-damage|p2b: Rillaboom|60\/100|[from] Sandstorm\n|-damage|p2a: Grimmsnarl|95\/100|[from] Sandstorm\n|-heal|p1b: Garchomp|97\/100|[from] Grassy Terrain\n|-heal|p1a: Corviknight|100\/100|[from] item: Leftovers\n|-heal|p2b: Rillaboom|66\/100|[from] Grassy Terrain\n|-heal|p2a: Grimmsnarl|100\/100|[from] Grassy Terrain\n|upkeep\n|turn|2\n|\n|t:|1701136904\n|switch|p1b: Gastrodon|Gastrodon, L50, M|100\/100\n|switch|p2b: Heatran|Heatran, L50, M|100\/100\n|move|p2a: Grimmsnarl|Parting Shot|p1b: Gastrodon\n|-unboost|p1b: Gastrodon|atk|1\n|-unboost|p1b: Gastrodon|spa|1\n|\n|t:|1701136913\n|switch|p2a: Rillaboom|Rillaboom, L50, F|66\/100|[from] Parting Shot\n|move|p1a: Corviknight|Tailwind|p1a: Corviknight\n|-sidestart|p1: Nkmw1996|move: Tailwind\n|\n|-weather|Sandstorm|[upkeep]\n|-damage|p2a: Rillaboom|60\/100|[from] Sandstorm\n|-heal|p2a: Rillaboom|66\/100|[from] Grassy Terrain\n|upkeep\n|turn|3\n|\n|t:|1701136929\n|switch|p1b: Garchomp|Garchomp, L50, M|97\/100\n|move|p2a: Rillaboom|Fake Out|p1b: Garchomp\n|-damage|p1b: Garchomp|81\/100\n|move|p1a: Corviknight|Bulk Up|p1a: Corviknight\n|-boost|p1a: Corviknight|atk|1\n|-boost|p1a: Corviknight|def|1\n|move|p2b: Heatran|Heat Wave|p1a: Corviknight|[spread] p1a,p1b\n|-supereffective|p1a: Corviknight\n|-resisted|p1b: Garchomp\n|-damage|p1a: Corviknight|25\/100\n|-damage|p1b: Garchomp|57\/100\n|\n|-weather|Sandstorm|[upkeep]\n|-damage|p2a: Rillaboom|60\/100|[from] Sandstorm\n|-heal|p1b: Garchomp|63\/100|[from] Grassy Terrain\n|-heal|p1a: Corviknight|32\/100|[from] item: Leftovers\n|-heal|p2a: Rillaboom|66\/100|[from] Grassy Terrain\n|upkeep\n|turn|4\n|\n|t:|1701136962\n|-terastallize|p2b: Heatran|Fairy\n|move|p2a: Rillaboom|Grassy Glide|p1b: Garchomp\n|-damage|p1b: Garchomp|14\/100\n|move|p1b: Garchomp|Earthquake|p2b: Heatran|[spread] p2a,p2b\n|-immune|p1a: Corviknight\n|-resisted|p2a: Rillaboom\n|-damage|p2a: Rillaboom|58\/100\n|-damage|p2b: Heatran|85\/100\n|-damage|p1b: Garchomp|4\/100|[from] item: Life Orb\n|move|p1a: Corviknight|Brave Bird|p2a: Rillaboom\n|-supereffective|p2a: Rillaboom\n|-damage|p2a: Rillaboom|0 fnt\n|faint|p2a: Rillaboom\n|-damage|p1a: Corviknight|11\/100|[from] Recoil\n|move|p2b: Heatran|Heat Wave|p1a: Corviknight|[spread] p1a\n|-miss|p2b: Heatran|p1b: Garchomp\n|-supereffective|p1a: Corviknight\n|-damage|p1a: Corviknight|0 fnt\n|faint|p1a: Corviknight\n|\n|-weather|Sandstorm|[upkeep]\n|-damage|p2b: Heatran|79\/100|[from] Sandstorm\n|-heal|p1b: Garchomp|10\/100|[from] Grassy Terrain\n|-heal|p2b: Heatran|85\/100|[from] Grassy Terrain\n|-heal|p2b: Heatran|91\/100|[from] item: Leftovers\n|upkeep\n|\n|t:|1701136995\n|switch|p1a: Gastrodon|Gastrodon, L50, M|100\/100\n|switch|p2a: Grimmsnarl|Grimmsnarl, L50, M|100\/100\n|turn|5\n|\n|t:|1701137021\n|move|p1b: Garchomp|Protect|p1b: Garchomp\n|-singleturn|p1b: Garchomp|Protect\n|move|p2a: Grimmsnarl|Fake Out|p1a: Gastrodon\n|-damage|p1a: Gastrodon|91\/100\n|cant|p1a: Gastrodon|flinch\n|move|p2b: Heatran|Flash Cannon|p1b: Garchomp\n|-activate|p1b: Garchomp|move: Protect\n|\n|-weather|none\n|-heal|p1b: Garchomp|16\/100|[from] Grassy Terrain\n|-heal|p1a: Gastrodon|97\/100|[from] Grassy Terrain\n|-heal|p2b: Heatran|97\/100|[from] Grassy Terrain\n|-heal|p2b: Heatran|100\/100|[from] item: Leftovers\n|-sideend|p1: Nkmw1996|move: Tailwind\n|-fieldend|move: Grassy Terrain\n|upkeep\n|turn|6\n|\n|t:|1701137054\n|move|p1b: Garchomp|Protect||[still]\n|-fail|p1b: Garchomp\n|move|p2a: Grimmsnarl|Parting Shot|p1b: Garchomp\n|-unboost|p1b: Garchomp|atk|1\n|-unboost|p1b: Garchomp|spa|1\n|\n|t:|1701137060\n|switch|p2a: Goodra|Goodra-Hisui, L50, F|100\/100|[from] Parting Shot\n|move|p2b: Heatran|Tera Blast|p1b: Garchomp|[anim] Tera Blast Fairy\n|-supereffective|p1b: Garchomp\n|-damage|p1b: Garchomp|0 fnt\n|faint|p1b: Garchomp\n|move|p1a: Gastrodon|Earth Power|p2b: Heatran\n|-damage|p2b: Heatran|74\/100\n|\n|-heal|p2b: Heatran|79\/100|[from] item: Leftovers\n|upkeep\n|\n|t:|1701137073\n|switch|p1b: Tyranitar|Tyranitar, L50, M, shiny|100\/100\n|-weather|Sandstorm|[from] ability: Sand Stream|[of] p1b: Tyranitar\n|turn|7\n|\n|t:|1701137092\n|switch|p2a: Grimmsnarl|Grimmsnarl, L50, M|100\/100\n|-terastallize|p1b: Tyranitar|Flying\n|move|p2b: Heatran|Tera Blast|p1b: Tyranitar|[anim] Tera Blast Fairy\n|-damage|p1b: Tyranitar|75\/100\n|move|p1b: Tyranitar|Rock Slide|p2b: Heatran|[spread] p2b\n|-miss|p1b: Tyranitar|p2a: Grimmsnarl\n|-crit|p2b: Heatran\n|-damage|p2b: Heatran|41\/100\n|move|p1a: Gastrodon|Earth Power|p2a: Grimmsnarl\n|-damage|p2a: Grimmsnarl|73\/100\n|\n|-weather|Sandstorm|[upkeep]\n|-damage|p2b: Heatran|35\/100|[from] Sandstorm\n|-damage|p1b: Tyranitar|70\/100|[from] Sandstorm\n|-damage|p2a: Grimmsnarl|67\/100|[from] Sandstorm\n|-heal|p2b: Heatran|41\/100|[from] item: Leftovers\n|upkeep\n|turn|8\n|\n|t:|1701137137\n|move|p2b: Heatran|Protect|p2b: Heatran\n|-singleturn|p2b: Heatran|Protect\n|move|p2a: Grimmsnarl|Light Screen|p2a: Grimmsnarl\n|-sidestart|p2: haamgamer07-T|move: Light Screen\n|move|p1b: Tyranitar|Rock Slide|p2b: Heatran|[spread] p2a\n|-activate|p2b: Heatran|move: Protect\n|-damage|p2a: Grimmsnarl|47\/100\n|move|p1a: Gastrodon|Yawn|p2b: Heatran\n|-activate|p2b: Heatran|move: Protect\n|\n|-weather|Sandstorm|[upkeep]\n|-damage|p2b: Heatran|35\/100|[from] Sandstorm\n|-damage|p1b: Tyranitar|64\/100|[from] Sandstorm\n|-damage|p2a: Grimmsnarl|41\/100|[from] Sandstorm\n|-heal|p2b: Heatran|41\/100|[from] item: Leftovers\n|-sideend|p2: haamgamer07-T|Reflect\n|upkeep\n|turn|9\n|\n|t:|1701137164\n|move|p2a: Grimmsnarl|Parting Shot|p1b: Tyranitar\n|-unboost|p1b: Tyranitar|atk|1\n|-unboost|p1b: Tyranitar|spa|1\n|\n|t:|1701137167\n|switch|p2a: Goodra|Goodra-Hisui, L50, F|100\/100|[from] Parting Shot\n|move|p2b: Heatran|Tera Blast|p1a: Gastrodon|[anim] Tera Blast Fairy\n|-damage|p1a: Gastrodon|54\/100\n|move|p1b: Tyranitar|Tera Blast|p2b: Heatran|[anim] Tera Blast Flying\n|-damage|p2b: Heatran|16\/100\n|move|p1a: Gastrodon|Yawn|p2a: Goodra\n|-start|p2a: Goodra|move: Yawn|[of] p1a: Gastrodon\n|\n|-weather|Sandstorm|[upkeep]\n|-damage|p2b: Heatran|10\/100|[from] Sandstorm\n|-damage|p1b: Tyranitar|58\/100|[from] Sandstorm\n|-heal|p2b: Heatran|16\/100|[from] item: Leftovers\n|upkeep\n|turn|10\n|\n|t:|1701137192\n|switch|p2a: Grimmsnarl|Grimmsnarl, L50, M|41\/100\n|move|p2b: Heatran|Protect|p2b: Heatran\n|-singleturn|p2b: Heatran|Protect\n|move|p1b: Tyranitar|Earthquake|p2a: Grimmsnarl|[spread] p1a,p2a\n|-activate|p2b: Heatran|move: Protect\n|-damage|p1a: Gastrodon|40\/100\n|-damage|p2a: Grimmsnarl|24\/100\n|-enditem|p1a: Gastrodon|Sitrus Berry|[eat]\n|-heal|p1a: Gastrodon|65\/100|[from] item: Sitrus Berry\n|move|p1a: Gastrodon|Recover|p1a: Gastrodon\n|-heal|p1a: Gastrodon|100\/100\n|\n|-weather|Sandstorm|[upkeep]\n|-damage|p2b: Heatran|10\/100|[from] Sandstorm\n|-damage|p1b: Tyranitar|52\/100|[from] Sandstorm\n|-damage|p2a: Grimmsnarl|18\/100|[from] Sandstorm\n|-heal|p2b: Heatran|16\/100|[from] item: Leftovers\n|upkeep\n|turn|11\n|\n|t:|1701137242\n|switch|p2b: Goodra|Goodra-Hisui, L50, F|100\/100\n|move|p2a: Grimmsnarl|Parting Shot|p1b: Tyranitar\n|-unboost|p1b: Tyranitar|atk|1\n|-unboost|p1b: Tyranitar|spa|1\n|\n|t:|1701137248\n|switch|p2a: Heatran|Heatran, L50, M, tera:Fairy|16\/100|[from] Parting Shot\n|move|p1b: Tyranitar|Rock Slide|p2b: Goodra|[spread] p2a,p2b\n|-resisted|p2b: Goodra\n|-damage|p2a: Heatran|3\/100\n|-damage|p2b: Goodra|95\/100\n|move|p1a: Gastrodon|Yawn|p2b: Goodra\n|-start|p2b: Goodra|move: Yawn|[of] p1a: Gastrodon\n|\n|-weather|none\n|-heal|p2a: Heatran|9\/100|[from] item: Leftovers\n|upkeep\n|turn|12\n|\n|t:|1701137283\n|switch|p2b: Grimmsnarl|Grimmsnarl, L50, M|18\/100\n|move|p2a: Heatran|Protect|p2a: Heatran\n|-singleturn|p2a: Heatran|Protect\n|move|p1b: Tyranitar|Tera Blast|p2b: Grimmsnarl|[anim] Tera Blast Flying\n|-damage|p2b: Grimmsnarl|0 fnt\n|faint|p2b: Grimmsnarl\n|move|p1a: Gastrodon|Earth Power|p2a: Heatran\n|-activate|p2a: Heatran|move: Protect\n|\n|-heal|p2a: Heatran|15\/100|[from] item: Leftovers\n|upkeep\n|\n|t:|1701137297\n|switch|p2b: Goodra|Goodra-Hisui, L50, F|95\/100\n|turn|13\n|\n|t:|1701137311\n|move|p2a: Heatran|Tera Blast|p1b: Tyranitar|[anim] Tera Blast Fairy\n|-damage|p1b: Tyranitar|24\/100\n|move|p1b: Tyranitar|Knock Off|p2b: Goodra\n|-damage|p2b: Goodra|73\/100\n|-damage|p1b: Tyranitar|8\/100|[from] item: Rocky Helmet|[of] p2b: Goodra\n|-enditem|p2b: Goodra|Rocky Helmet|[from] move: Knock Off|[of] p1b: Tyranitar\n|move|p2b: Goodra|Life Dew|p2b: Goodra|[spread] p2a,p2b\n|-heal|p2a: Heatran|40\/100\n|-heal|p2b: Goodra|98\/100\n|move|p1a: Gastrodon|Earth Power|p2a: Heatran\n|-damage|p2a: Heatran|22\/100\n|\n|-heal|p2a: Heatran|27\/100|[from] item: Leftovers\n|upkeep\n|turn|14\n|\n|t:|1701137332\n|move|p2a: Heatran|Tera Blast|p1b: Tyranitar|[anim] Tera Blast Fairy\n|-damage|p1b: Tyranitar|0 fnt\n|faint|p1b: Tyranitar\n|move|p2b: Goodra|Life Dew|p2b: Goodra|[spread] p2a,p2b\n|-heal|p2a: Heatran|52\/100\n|-heal|p2b: Goodra|100\/100\n|move|p1a: Gastrodon|Earth Power|p2b: Goodra\n|-supereffective|p2b: Goodra\n|-damage|p2b: Goodra|79\/100\n|\n|-heal|p2a: Heatran|58\/100|[from] item: Leftovers\n|upkeep\n|turn|15\n|\n|t:|1701137350\n|move|p2a: Heatran|Tera Blast|p1a: Gastrodon|[anim] Tera Blast Fairy\n|-damage|p1a: Gastrodon|59\/100\n|move|p2b: Goodra|Shelter|p2b: Goodra\n|-boost|p2b: Goodra|def|2\n|move|p1a: Gastrodon|Recover|p1a: Gastrodon\n|-heal|p1a: Gastrodon|100\/100\n|\n|-heal|p2a: Heatran|64\/100|[from] item: Leftovers\n|-sideend|p2: haamgamer07-T|move: Light Screen\n|upkeep\n|turn|16\n|\n|t:|1701137364\n|move|p2a: Heatran|Tera Blast|p1a: Gastrodon|[anim] Tera Blast Fairy\n|-damage|p1a: Gastrodon|60\/100\n|move|p2b: Goodra|Body Press|p1a: Gastrodon\n|-damage|p1a: Gastrodon|25\/100\n|move|p1a: Gastrodon|Earth Power|p2b: Goodra\n|-supereffective|p2b: Goodra\n|-damage|p2b: Goodra|45\/100\n|-unboost|p2b: Goodra|spd|1\n|\n|-heal|p2a: Heatran|70\/100|[from] item: Leftovers\n|upkeep\n|turn|17\n|-message|Nkmw1996 forfeited.\n|\n|win|haamgamer07-T\n|raw|Nkmw1996's rating: 1050 &rarr; <strong>1034<\/strong><br \/>(-16 for losing)\n|raw|haamgamer07-T's rating: 1086 &rarr; <strong>1110<\/strong><br \/>(+24 for winning)\n|l|\u2606Nkmw1996\n","uploadtime":1701137396,"views":13,"p1id":"nkmw1996","p2id":"haamgamer07t","formatid":"gen9vgc2023regulatione","rating":1034,"private":0,"password":""}