{"id":"gen9vgc2023regulatione-1988158871","p1":"Brooks_Conrad","p2":"imaginedragonthese","format":"[Gen 9] VGC 2023 Regulation E","log":"|j|\u2606Brooks_Conrad\n|j|\u2606imaginedragonthese\n|t:|1699677221\n|gametype|doubles\n|player|p1|Brooks_Conrad|skier|\n|player|p2|imaginedragonthese|lady|\n|teamsize|p1|6\n|teamsize|p2|6\n|gen|9\n|tier|[Gen 9] VGC 2023 Regulation E\n|rule|Species Clause: Limit one of each Pok\u00e9mon\n|rule|Item Clause: Limit one of each item\n|clearpoke\n|poke|p1|Kingambit, L50, M|\n|poke|p1|Palafin, L50, M|\n|poke|p1|Kilowattrel, L50, F|\n|poke|p1|Goodra, L50, F|\n|poke|p1|Toedscruel, L50, M|\n|poke|p1|Salazzle, L50, F|\n|poke|p2|Revavroom, L50, M|\n|poke|p2|Gothitelle, L50, F|\n|poke|p2|Gothorita, L50, F|\n|poke|p2|Grafaiai, L50, F|\n|poke|p2|Maushold-Four, L50|\n|poke|p2|Jigglypuff, L50, M|\n|teampreview|4\n|j| Redisthenewblue\n|\n|t:|1699677287\n|start\n|switch|p1a: Palafin|Palafin, L50, M, shiny|100\/100\n|switch|p1b: Toedscruel|Toedscruel, L50, M, shiny|100\/100\n|switch|p2a: Gothorita|Gothorita, L50, F|100\/100\n|switch|p2b: Maushold|Maushold-Four, L50|100\/100\n|turn|1\n|\n|t:|1699677374\n|move|p2a: Gothorita|Fake Out|p1a: Palafin\n|-damage|p1a: Palafin|95\/100\n|move|p2b: Maushold|Population Bomb|p1b: Toedscruel\n|-damage|p1b: Toedscruel|89\/100\n|-damage|p1b: Toedscruel|76\/100\n|-damage|p1b: Toedscruel|66\/100\n|-damage|p1b: Toedscruel|55\/100\n|-damage|p1b: Toedscruel|43\/100\n|-damage|p1b: Toedscruel|34\/100\n|-damage|p1b: Toedscruel|22\/100\n|-damage|p1b: Toedscruel|11\/100\n|-damage|p1b: Toedscruel|0 fnt\n|faint|p1b: Toedscruel\n|-hitcount|p1: Toedscruel|9\n|cant|p1a: Palafin|flinch\n|\n|upkeep\n|\n|t:|1699677396\n|switch|p1b: Goodra|Goodra, L50, F, shiny|100\/100\n|turn|2\n|\n|t:|1699677434\n|move|p2b: Maushold|Play Rough|p1b: Goodra\n|-supereffective|p1b: Goodra\n|-damage|p1b: Goodra|45\/100\n|move|p1a: Palafin|Flip Turn|p2a: Gothorita\n|-damage|p2a: Gothorita|86\/100\n|\n|t:|1699677453\n|detailschange|p1a: Palafin|Palafin-Hero, L50, M, shiny\n|switch|p1a: Kilowattrel|Kilowattrel, L50, F, shiny|100\/100|[from] Flip Turn\n|move|p1b: Goodra|Ice Beam|p2b: Maushold\n|-damage|p2b: Maushold|58\/100\n|move|p2a: Gothorita|Heal Pulse|p2b: Maushold\n|-heal|p2b: Maushold|100\/100\n|\n|upkeep\n|turn|3\n|\n|t:|1699677500\n|move|p2b: Maushold|Play Rough|p1b: Goodra\n|-supereffective|p1b: Goodra\n|-damage|p1b: Goodra|0 fnt\n|faint|p1b: Goodra\n|move|p1a: Kilowattrel|Hurricane|p2a: Gothorita\n|-damage|p2a: Gothorita|47\/100\n|-start|p2a: Gothorita|confusion\n|-activate|p2a: Gothorita|confusion\n|move|p2a: Gothorita|Trick|p1a: Kilowattrel\n|-activate|p2a: Gothorita|move: Trick|[of] p1a: Kilowattrel\n|-item|p1a: Kilowattrel|Lagging Tail|[from] move: Trick\n|-item|p2a: Gothorita|Expert Belt|[from] move: Trick\n|\n|upkeep\n|\n|t:|1699677516\n|switch|p1b: Palafin|Palafin-Hero, L50, M, shiny|95\/100\n|-activate|p1b: Palafin|ability: Zero to Hero\n|turn|4\n|\n|t:|1699677556\n|-terastallize|p1b: Palafin|Electric\n|move|p2b: Maushold|Population Bomb|p1a: Kilowattrel\n|-damage|p1a: Kilowattrel|88\/100\n|-damage|p1a: Kilowattrel|74\/100\n|-damage|p1a: Kilowattrel|62\/100\n|-damage|p1a: Kilowattrel|50\/100\n|-damage|p1a: Kilowattrel|36\/100\n|-damage|p1a: Kilowattrel|22\/100\n|-damage|p1a: Kilowattrel|9\/100\n|-damage|p1a: Kilowattrel|0 fnt\n|faint|p1a: Kilowattrel\n|-hitcount|p1: Kilowattrel|8\n|move|p1b: Palafin|Ice Punch|p2a: Gothorita\n|-damage|p2a: Gothorita|24\/100\n|-status|p2a: Gothorita|frz\n|cant|p2a: Gothorita|frz\n|\n|upkeep\n|turn|5\n|\n|t:|1699677605\n|move|p2b: Maushold|Population Bomb|p1b: Palafin\n|-damage|p1b: Palafin|88\/100\n|-damage|p1b: Palafin|81\/100\n|-damage|p1b: Palafin|73\/100\n|-damage|p1b: Palafin|67\/100\n|-damage|p1b: Palafin|59\/100\n|-damage|p1b: Palafin|51\/100\n|-damage|p1b: Palafin|44\/100\n|-damage|p1b: Palafin|36\/100\n|-damage|p1b: Palafin|30\/100\n|-damage|p1b: Palafin|23\/100\n|-hitcount|p1b: Palafin|10\n|move|p1b: Palafin|Ice Punch|p2b: Maushold\n|-damage|p2b: Maushold|54\/100\n|cant|p2a: Gothorita|frz\n|\n|upkeep\n|turn|6\n|\n|t:|1699677629\n|move|p2b: Maushold|Population Bomb|p1b: Palafin\n|-damage|p1b: Palafin|15\/100\n|-damage|p1b: Palafin|8\/100\n|-damage|p1b: Palafin|2\/100\n|-damage|p1b: Palafin|0 fnt\n|faint|p1b: Palafin\n|-hitcount|p1: Palafin|4\n|\n|win|imaginedragonthese\n|c|\u2606imaginedragonthese|ggz\n|c|\u2606Brooks_Conrad|GG\n|l|\u2606Brooks_Conrad\n","uploadtime":1699677702,"views":15,"p1id":"brooksconrad","p2id":"imaginedragonthese","formatid":"gen9vgc2023regulatione","rating":0,"private":0,"password":""}