{"id":"gen9vgc2023regulatione-1988135721","p1":"IAmAnissue","p2":"DonFuron","format":"[Gen 9] VGC 2023 Regulation E","log":"|j|\u2606IAmAnissue\n|j|\u2606DonFuron\n|n|\u2606IAmAnissue|iamanissue\n|n|\u2606DonFuron|donfuron\n|html|View the match progress at <a href=\"\/game-bestof3-gen9vgc2023regulatione-1988135720\">game-bestof3-gen9vgc2023regulatione-1988135720<\/a>\n|t:|1699674049\n|gametype|doubles\n|player|p1|IAmAnissue|101|\n|player|p2|DonFuron|101|\n|teamsize|p1|6\n|teamsize|p2|6\n|gen|9\n|tier|[Gen 9] VGC 2023 Regulation E\n|rule|Species Clause: Limit one of each Pok\u00e9mon\n|rule|Item Clause: Limit one of each item\n|clearpoke\n|poke|p1|Lokix, L50, F|\n|poke|p1|Farigiraf, L50, M|\n|poke|p1|Iron Hands, L50|\n|poke|p1|Flutter Mane, L50|\n|poke|p1|Rillaboom, L50, F|\n|poke|p1|Talonflame, L50, M|\n|poke|p2|Enamorus-Therian, L50, F|\n|poke|p2|Snorlax, L50, M|\n|poke|p2|Armarouge, L50, F|\n|poke|p2|Indeedee-F, L50, F|\n|poke|p2|Oranguru, L50, F|\n|poke|p2|Flamigo, L50, M|\n|teampreview|4\n|inactive|Battle timer is ON: inactive players will automatically lose when time's up. (requested by IAmAnissue)\nIAmAnissue has agreed to open team sheets.\n|c|\u2606IAmAnissue|it's here\n|inactiveoff|Battle timer is now OFF.\nDonFuron has agreed to open team sheets.\n|showteam|p1|Lokix||LifeOrb|TintedLens|FirstImpression,SuckerPunch,Uturn,Detect|||F|||50|,,,,,Bug]Farigiraf||SitrusBerry|ArmorTail|Psychic,HyperVoice,HelpingHand,TrickRoom|||M|||50|,,,,,Fairy]Iron Hands||AssaultVest|QuarkDrive|FakeOut,WildCharge,DrainPunch,HeavySlam||||||50|,,,,,Grass]Flutter Mane||ChoiceSpecs|Protosynthesis|Moonblast,DazzlingGleam,ShadowBall,Thunderbolt||||||50|,,,,,Fairy]Rillaboom||MiracleSeed|GrassySurge|FakeOut,WoodHammer,KnockOff,Uturn|||F|||50|,,,,,Fire]Talonflame||CovertCloak|GaleWings|BraveBird,Tailwind,WillOWisp,Taunt|||M|||50|,,,,,Ghost\n|showteam|p2|Enamorus-Therian||LifeOrb|Overcoat|Moonblast,DazzlingGleam,EarthPower,Protect|||F|||50|,,,,,Water]Snorlax||CustapBerry|Gluttony|Facade,Earthquake,BellyDrum,Protect|||M|||50|,,,,,Ground]Armarouge||TwistedSpoon|FlashFire|ExpandingForce,ArmorCannon,ClearSmog,WideGuard|||F|||50|,,,,,Psychic]Indeedee-F||SafetyGoggles|PsychicSurge|FollowMe,HelpingHand,TrickRoom,DazzlingGleam|||F|||50|,,,,,Flying]Oranguru||PsychicSeed|Telepathy|Instruct,TrickRoom,FoulPlay,PsychicTerrain|||F|||50|,,,,,Water]Flamigo||CovertCloak|Costar|CloseCombat,BraveBird,Tailwind,QuickGuard|||M|||50|,,,,,Flying\n|c|\u2606IAmAnissue|the orb\n|c|\u2606DonFuron|its all coming together\n|\n|t:|1699674130\n|start\n|switch|p1a: Birb|Talonflame, L50, M, shiny|100\/100\n|switch|p1b: Ms. Dreavus|Flutter Mane, L50|100\/100\n|switch|p2a: Indeedee|Indeedee-F, L50, F|100\/100\n|switch|p2b: Snorlax|Snorlax, L50, M|100\/100\n|-fieldstart|move: Psychic Terrain|[from] ability: Psychic Surge|[of] p2a: Indeedee\n|turn|1\n|\n|t:|1699674152\n|move|p1a: Birb|Taunt|p2b: Snorlax\n|-start|p2b: Snorlax|move: Taunt\n|move|p1b: Ms. Dreavus|Dazzling Gleam|p2b: Snorlax|[spread] p2a,p2b\n|-damage|p2a: Indeedee|59\/100\n|-damage|p2b: Snorlax|73\/100\n|cant|p2b: Snorlax|move: Taunt|Belly Drum\n|move|p2a: Indeedee|Trick Room|p2a: Indeedee\n|-fieldstart|move: Trick Room|[of] p2a: Indeedee\n|\n|upkeep\n|turn|2\n|c|\u2606DonFuron|lol\n|\n|t:|1699674174\n|move|p2a: Indeedee|Follow Me|p2a: Indeedee\n|-singleturn|p2a: Indeedee|move: Follow Me\n|move|p2b: Snorlax|Facade|p1a: Birb\n|-damage|p1a: Birb|59\/100\n|move|p1b: Ms. Dreavus|Dazzling Gleam|p2a: Indeedee|[spread] p2a,p2b\n|-damage|p2a: Indeedee|18\/100\n|-damage|p2b: Snorlax|43\/100\n|move|p1a: Birb|Will-O-Wisp|p2a: Indeedee|[miss]\n|-miss|p1a: Birb|p2a: Indeedee\n|\n|upkeep\n|turn|3\n|-enditem|p2b: Snorlax|Custap Berry|[eat]\n|-activate|p2b: Snorlax|item: Custap Berry|[consumed]\n|\n|t:|1699674196\n|switch|p1a: Out of Names|Rillaboom, L50, F|100\/100\n|-fieldstart|move: Grassy Terrain|[from] ability: Grassy Surge|[of] p1a: Out of Names\n|-terastallize|p1b: Ms. Dreavus|Fairy\n|move|p2a: Indeedee|Helping Hand|p2b: Snorlax\n|-singleturn|p2b: Snorlax|Helping Hand|[of] p2a: Indeedee\n|move|p2b: Snorlax|Facade|p1a: Out of Names\n|-damage|p1a: Out of Names|48\/100\n|move|p1b: Ms. Dreavus|Dazzling Gleam|p2b: Snorlax|[spread] p2a,p2b\n|-damage|p2a: Indeedee|0 fnt\n|-damage|p2b: Snorlax|6\/100\n|faint|p2a: Indeedee\n|\n|-heal|p2b: Snorlax|12\/100|[from] Grassy Terrain\n|-heal|p1a: Out of Names|54\/100|[from] Grassy Terrain\n|-end|p2b: Snorlax|move: Taunt\n|upkeep\n|\n|t:|1699674216\n|switch|p2a: Oranguru|Oranguru, L50, F|100\/100\n|turn|4\n|\n|t:|1699674225\n|move|p2b: Snorlax|Protect|p2b: Snorlax\n|-singleturn|p2b: Snorlax|Protect\n|move|p1a: Out of Names|Fake Out|p2a: Oranguru\n|-damage|p2a: Oranguru|91\/100\n|cant|p2a: Oranguru|flinch\n|move|p1b: Ms. Dreavus|Dazzling Gleam|p2a: Oranguru|[spread] p2a\n|-activate|p2b: Snorlax|move: Protect\n|-damage|p2a: Oranguru|44\/100\n|\n|-heal|p2b: Snorlax|18\/100|[from] Grassy Terrain\n|-heal|p2a: Oranguru|50\/100|[from] Grassy Terrain\n|-heal|p1a: Out of Names|60\/100|[from] Grassy Terrain\n|upkeep\n|turn|5\n|\n|t:|1699674244\n|switch|p1a: Birb|Talonflame, L50, M, shiny|59\/100\n|move|p2b: Snorlax|Facade|p1a: Birb\n|-damage|p1a: Birb|15\/100\n|move|p2a: Oranguru|Foul Play|p1a: Birb\n|-damage|p1a: Birb|0 fnt\n|faint|p1a: Birb\n|move|p1b: Ms. Dreavus|Dazzling Gleam|p2a: Oranguru|[spread] p2a,p2b\n|-damage|p2a: Oranguru|3\/100\n|-damage|p2b: Snorlax|0 fnt\n|faint|p2b: Snorlax\n|\n|-heal|p2a: Oranguru|9\/100|[from] Grassy Terrain\n|-fieldend|move: Trick Room\n|upkeep\n|\n|t:|1699674254\n|switch|p1a: Spiderman|Lokix, L50, F, shiny|100\/100\n|switch|p2b: Enamorus|Enamorus-Therian, L50, F|100\/100\n|turn|6\n|\n|t:|1699674269\n|move|p1a: Spiderman|Sucker Punch|p2b: Enamorus\n|-resisted|p2b: Enamorus\n|-damage|p2b: Enamorus|64\/100\n|-damage|p1a: Spiderman|91\/100|[from] item: Life Orb\n|move|p1b: Ms. Dreavus|Dazzling Gleam|p2b: Enamorus|[spread] p2a,p2b\n|-damage|p2a: Oranguru|0 fnt\n|-damage|p2b: Enamorus|11\/100\n|faint|p2a: Oranguru\n|move|p2b: Enamorus|Dazzling Gleam|p1b: Ms. Dreavus|[spread] p1a,p1b\n|-supereffective|p1a: Spiderman\n|-damage|p1a: Spiderman|0 fnt\n|-damage|p1b: Ms. Dreavus|62\/100\n|faint|p1a: Spiderman\n|-damage|p2b: Enamorus|1\/100|[from] item: Life Orb\n|\n|-heal|p1b: Ms. Dreavus|67\/100|[from] Grassy Terrain\n|upkeep\n|\n|t:|1699674271\n|switch|p1a: Out of Names|Rillaboom, L50, F|60\/100\n|turn|7\n|\n|t:|1699674275\n|move|p1a: Out of Names|Fake Out|p2b: Enamorus\n|-damage|p2b: Enamorus|0 fnt\n|faint|p2b: Enamorus\n|\n|win|IAmAnissue\n|c|&|\/uhtml prompt-donfuron,DonFuron is ready for game 2!\n|c|&|\/uhtml prompt-iamanissue,IAmAnissue is ready for game 2!\nBoth players are ready! Starting next match!\n","uploadtime":1699674763,"views":22,"p1id":"iamanissue","p2id":"donfuron","formatid":"gen9vgc2023regulatione","rating":0,"private":0,"password":""}