{"id":"gen9vgc2023regulatione-1997913807","p1":"champ149","p2":"withane","format":"[Gen 9] VGC 2023 Regulation E","log":"|j|\u2606champ149\n|j|\u2606withane\n|t:|1700866810\n|gametype|doubles\n|player|p1|champ149|265|1079\n|player|p2|withane|1|1124\n|teamsize|p1|6\n|teamsize|p2|6\n|gen|9\n|tier|[Gen 9] VGC 2023 Regulation E\n|rated|\n|rule|Species Clause: Limit one of each Pok\u00e9mon\n|rule|Item Clause: Limit one of each item\n|clearpoke\n|poke|p1|Cresselia, L50, F|\n|poke|p1|Ting-Lu, L50|\n|poke|p1|Arcanine-Hisui, L50, F|\n|poke|p1|Urshifu-*, L50, M|\n|poke|p1|Rillaboom, L50, M|\n|poke|p1|Regieleki, L50|\n|poke|p2|Iron Hands, L50|\n|poke|p2|Landorus-Therian, L50, M|\n|poke|p2|Sinistcha, L50|\n|poke|p2|Grimmsnarl, L50, M|\n|poke|p2|Goodra-Hisui, L50, F|\n|poke|p2|Toxapex, L50, M|\n|teampreview|4\nchamp149 has agreed to open team sheets.\n|inactive|Battle timer is ON: inactive players will automatically lose when time's up. (requested by withane)\n|\n|t:|1700866860\n|start\n|switch|p1a: Urshifu|Urshifu-Rapid-Strike, L50, M|100\/100\n|switch|p1b: Ting-Lu|Ting-Lu, L50|100\/100\n|switch|p2a: Landorus|Landorus-Therian, L50, M|100\/100\n|switch|p2b: Toxapex|Toxapex, L50, M|100\/100\n|-ability|p2a: Landorus|Intimidate|boost\n|-unboost|p1a: Urshifu|atk|1\n|-unboost|p1b: Ting-Lu|atk|1\n|-ability|p1b: Ting-Lu|Vessel of Ruin\n|turn|1\n|\n|t:|1700866879\n|-terastallize|p2b: Toxapex|Dragon\n|move|p1a: Urshifu|Surging Strikes|p2a: Landorus\n|-supereffective|p2a: Landorus\n|-crit|p2a: Landorus\n|-damage|p2a: Landorus|49\/100\n|-supereffective|p2a: Landorus\n|-crit|p2a: Landorus\n|-damage|p2a: Landorus|6\/100\n|-supereffective|p2a: Landorus\n|-crit|p2a: Landorus\n|-damage|p2a: Landorus|0 fnt\n|faint|p2a: Landorus\n|-hitcount|p2: Landorus|3\n|move|p1b: Ting-Lu|Stomping Tantrum|p2b: Toxapex\n|-damage|p2b: Toxapex|85\/100\n|move|p2b: Toxapex|Infestation|p1a: Urshifu\n|-resisted|p1a: Urshifu\n|-damage|p1a: Urshifu|99\/100\n|-activate|p1a: Urshifu|move: Infestation|[of] p2b: Toxapex\n|\n|-damage|p1a: Urshifu|82\/100|[from] move: Infestation|[partiallytrapped]\n|upkeep\n|\n|t:|1700866887\n|switch|p2a: Iron Hands|Iron Hands, L50|100\/100\n|turn|2\n|\n|t:|1700866910\n|-terastallize|p1b: Ting-Lu|Fairy\n|move|p2a: Iron Hands|Fake Out|p1b: Ting-Lu\n|-damage|p1b: Ting-Lu|91\/100\n|move|p1a: Urshifu|Surging Strikes|p2a: Iron Hands\n|-crit|p2a: Iron Hands\n|-damage|p2a: Iron Hands|87\/100\n|-crit|p2a: Iron Hands\n|-damage|p2a: Iron Hands|74\/100\n|-crit|p2a: Iron Hands\n|-damage|p2a: Iron Hands|61\/100\n|-hitcount|p2a: Iron Hands|3\n|cant|p1b: Ting-Lu|flinch\n|move|p2b: Toxapex|Infestation|p1b: Ting-Lu\n|-resisted|p1b: Ting-Lu\n|-damage|p1b: Ting-Lu|91\/100\n|-activate|p1b: Ting-Lu|move: Infestation|[of] p2b: Toxapex\n|\n|-damage|p1a: Urshifu|66\/100|[from] move: Infestation|[partiallytrapped]\n|-damage|p1b: Ting-Lu|74\/100|[from] move: Infestation|[partiallytrapped]\n|upkeep\n|turn|3\n|\n|t:|1700866925\n|-end|p2a: Iron Hands|Quark Drive|[silent]\n|switch|p2a: Sinistcha|Sinistcha, L50|100\/100\n|-heal|p2b: Toxapex|100\/100|[from] ability: Hospitality|[of] p2a: Sinistcha\n|move|p2b: Toxapex|Baneful Bunker|p2b: Toxapex\n|-singleturn|p2b: Toxapex|move: Protect\n|move|p1a: Urshifu|Surging Strikes|p2a: Sinistcha\n|-resisted|p2a: Sinistcha\n|-crit|p2a: Sinistcha\n|-damage|p2a: Sinistcha|90\/100\n|-resisted|p2a: Sinistcha\n|-crit|p2a: Sinistcha\n|-damage|p2a: Sinistcha|82\/100\n|-resisted|p2a: Sinistcha\n|-crit|p2a: Sinistcha\n|-damage|p2a: Sinistcha|74\/100\n|-hitcount|p2a: Sinistcha|3\n|move|p1b: Ting-Lu|Tera Blast|p2a: Sinistcha|[anim] Tera Blast Fairy\n|-damage|p2a: Sinistcha|51\/100\n|\n|-damage|p1a: Urshifu|49\/100|[from] move: Infestation|[partiallytrapped]\n|-damage|p1b: Ting-Lu|58\/100|[from] move: Infestation|[partiallytrapped]\n|upkeep\n|turn|4\n|\n|t:|1700866946\n|move|p2a: Sinistcha|Rage Powder|p2a: Sinistcha\n|-singleturn|p2a: Sinistcha|move: Rage Powder\n|move|p1a: Urshifu|Surging Strikes|p2a: Sinistcha\n|-resisted|p2a: Sinistcha\n|-crit|p2a: Sinistcha\n|-damage|p2a: Sinistcha|41\/100\n|-enditem|p2a: Sinistcha|Sitrus Berry|[eat]\n|-heal|p2a: Sinistcha|66\/100|[from] item: Sitrus Berry\n|-resisted|p2a: Sinistcha\n|-crit|p2a: Sinistcha\n|-damage|p2a: Sinistcha|57\/100\n|-resisted|p2a: Sinistcha\n|-crit|p2a: Sinistcha\n|-damage|p2a: Sinistcha|47\/100\n|-hitcount|p2a: Sinistcha|3\n|move|p1b: Ting-Lu|Tera Blast|p2a: Sinistcha|[anim] Tera Blast Fairy\n|-damage|p2a: Sinistcha|25\/100\n|move|p2b: Toxapex|Substitute|p2b: Toxapex\n|-start|p2b: Toxapex|Substitute\n|-damage|p2b: Toxapex|76\/100\n|\n|-damage|p1a: Urshifu|33\/100|[from] move: Infestation|[partiallytrapped]\n|-damage|p1b: Ting-Lu|41\/100|[from] move: Infestation|[partiallytrapped]\n|upkeep\n|turn|5\n|\n|t:|1700866966\n|switch|p2a: Iron Hands|Iron Hands, L50|61\/100\n|move|p2b: Toxapex|Baneful Bunker|p2b: Toxapex\n|-singleturn|p2b: Toxapex|move: Protect\n|move|p1a: Urshifu|Surging Strikes|p2a: Iron Hands\n|-crit|p2a: Iron Hands\n|-damage|p2a: Iron Hands|48\/100\n|-crit|p2a: Iron Hands\n|-damage|p2a: Iron Hands|35\/100\n|-crit|p2a: Iron Hands\n|-damage|p2a: Iron Hands|23\/100\n|-hitcount|p2a: Iron Hands|3\n|move|p1b: Ting-Lu|Tera Blast|p2a: Iron Hands|[anim] Tera Blast Fairy\n|-supereffective|p2a: Iron Hands\n|-damage|p2a: Iron Hands|0 fnt\n|faint|p2a: Iron Hands\n|-end|p2a: Iron Hands|Quark Drive|[silent]\n|\n|-end|p1a: Urshifu|Infestation|[partiallytrapped]\n|-damage|p1b: Ting-Lu|24\/100|[from] move: Infestation|[partiallytrapped]\n|upkeep\n|\n|t:|1700866974\n|switch|p2a: Sinistcha|Sinistcha, L50|25\/100\n|-heal|p2b: Toxapex|100\/100|[from] ability: Hospitality|[of] p2a: Sinistcha\n|turn|6\n|\n|t:|1700866992\n|move|p1a: Urshifu|Surging Strikes|p2b: Toxapex\n|-resisted|p2b: Toxapex\n|-crit|p2b: Toxapex\n|-activate|p2b: Toxapex|move: Substitute|[damage]\n|-resisted|p2b: Toxapex\n|-crit|p2b: Toxapex\n|-activate|p2b: Toxapex|move: Substitute|[damage]\n|-resisted|p2b: Toxapex\n|-crit|p2b: Toxapex\n|-activate|p2b: Toxapex|move: Substitute|[damage]\n|-hitcount|p2b: Toxapex|3\n|move|p2a: Sinistcha|Matcha Gotcha|p1a: Urshifu|[spread] p1a,p1b\n|-supereffective|p1a: Urshifu\n|-damage|p1a: Urshifu|0 fnt\n|-heal|p2a: Sinistcha|41\/100|[from] drain|[of] p1a: Urshifu\n|-damage|p1b: Ting-Lu|14\/100\n|-heal|p2a: Sinistcha|48\/100|[from] drain|[of] p1b: Ting-Lu\n|faint|p1a: Urshifu\n|move|p1b: Ting-Lu|Snarl|p2a: Sinistcha|[spread] p2a,p2b\n|-supereffective|p2a: Sinistcha\n|-damage|p2a: Sinistcha|33\/100\n|-damage|p2b: Toxapex|95\/100\n|-unboost|p2a: Sinistcha|spa|1\n|-unboost|p2b: Toxapex|spa|1\n|move|p2b: Toxapex|Infestation|p1b: Ting-Lu\n|-resisted|p1b: Ting-Lu\n|-damage|p1b: Ting-Lu|14\/100\n|\n|-damage|p1b: Ting-Lu|0 fnt|[from] move: Infestation|[partiallytrapped]\n|faint|p1b: Ting-Lu\n|upkeep\n|\n|t:|1700867011\n|switch|p1a: Arcanine|Arcanine-Hisui, L50, F|100\/100\n|switch|p1b: Cresselia|Cresselia, L50, F|100\/100\n|-ability|p1a: Arcanine|Intimidate|boost\n|-unboost|p2a: Sinistcha|atk|1\n|-immune|p2b: Toxapex\n|turn|7\n|inactive|champ149 has 30 seconds left.\n|inactive|champ149 has 20 seconds left.\n|inactive|champ149 has 15 seconds left.\n|inactive|champ149 has 10 seconds left.\n|\n|t:|1700867057\n|move|p1a: Arcanine|Extreme Speed|p2a: Sinistcha\n|-immune|p2a: Sinistcha\n|move|p1b: Cresselia|Moonblast|p2a: Sinistcha\n|-damage|p2a: Sinistcha|18\/100\n|move|p2a: Sinistcha|Shadow Ball|p1a: Arcanine\n|-damage|p1a: Arcanine|77\/100\n|move|p2b: Toxapex|Infestation|p1a: Arcanine\n|-resisted|p1a: Arcanine\n|-damage|p1a: Arcanine|76\/100\n|-activate|p1a: Arcanine|move: Infestation|[of] p2b: Toxapex\n|\n|-damage|p1a: Arcanine|60\/100|[from] move: Infestation|[partiallytrapped]\n|upkeep\n|turn|8\n|\n|t:|1700867071\n|move|p1a: Arcanine|Extreme Speed|p2b: Toxapex\n|-end|p2b: Toxapex|Substitute\n|move|p1b: Cresselia|Moonblast|p2a: Sinistcha\n|-damage|p2a: Sinistcha|0 fnt\n|faint|p2a: Sinistcha\n|move|p2b: Toxapex|Infestation|p1b: Cresselia\n|-supereffective|p1b: Cresselia\n|-damage|p1b: Cresselia|98\/100\n|-activate|p1b: Cresselia|move: Infestation|[of] p2b: Toxapex\n|\n|-heal|p1b: Cresselia|100\/100|[from] item: Leftovers\n|-damage|p1a: Arcanine|44\/100|[from] move: Infestation|[partiallytrapped]\n|-damage|p1b: Cresselia|84\/100|[from] move: Infestation|[partiallytrapped]\n|upkeep\n|turn|9\n|\n|t:|1700867083\n|move|p2b: Toxapex|Baneful Bunker|p2b: Toxapex\n|-singleturn|p2b: Toxapex|move: Protect\n|move|p1a: Arcanine|Extreme Speed|p2b: Toxapex\n|-activate|p2b: Toxapex|move: Protect\n|-status|p1a: Arcanine|psn\n|move|p1b: Cresselia|Moonblast|p2b: Toxapex\n|-activate|p2b: Toxapex|move: Protect\n|\n|-heal|p1b: Cresselia|90\/100|[from] item: Leftovers\n|-damage|p1a: Arcanine|31\/100 psn|[from] psn\n|-damage|p1a: Arcanine|15\/100 psn|[from] move: Infestation|[partiallytrapped]\n|-damage|p1b: Cresselia|74\/100|[from] move: Infestation|[partiallytrapped]\n|upkeep\n|turn|10\n|\n|t:|1700867088\n|move|p1a: Arcanine|Extreme Speed|p2b: Toxapex\n|-damage|p2b: Toxapex|65\/100\n|move|p1b: Cresselia|Lunar Blessing|p1b: Cresselia|[spread] p1a,p1b\n|-heal|p1a: Arcanine|40\/100 psn\n|-curestatus|p1a: Arcanine|psn|[msg]\n|-heal|p1b: Cresselia|99\/100\n|move|p2b: Toxapex|Substitute|p2b: Toxapex\n|-start|p2b: Toxapex|Substitute\n|-damage|p2b: Toxapex|41\/100\n|\n|-heal|p1b: Cresselia|100\/100|[from] item: Leftovers\n|-damage|p1a: Arcanine|24\/100|[from] move: Infestation|[partiallytrapped]\n|-damage|p1b: Cresselia|84\/100|[from] move: Infestation|[partiallytrapped]\n|upkeep\n|turn|11\n|\n|t:|1700867101\n|move|p2b: Toxapex|Baneful Bunker|p2b: Toxapex\n|-singleturn|p2b: Toxapex|move: Protect\n|move|p1a: Arcanine|Extreme Speed|p2b: Toxapex\n|-activate|p2b: Toxapex|move: Protect\n|-status|p1a: Arcanine|psn\n|move|p1b: Cresselia|Lunar Blessing|p1b: Cresselia|[spread] p1a,p1b\n|-heal|p1a: Arcanine|49\/100 psn\n|-curestatus|p1a: Arcanine|psn|[msg]\n|-heal|p1b: Cresselia|100\/100\n|\n|-end|p1a: Arcanine|Infestation|[partiallytrapped]\n|-damage|p1b: Cresselia|84\/100|[from] move: Infestation|[partiallytrapped]\n|upkeep\n|turn|12\n|\n|t:|1700867117\n|move|p1a: Arcanine|Extreme Speed|p2b: Toxapex\n|-end|p2b: Toxapex|Substitute\n|move|p1b: Cresselia|Lunar Blessing|p1b: Cresselia|[spread] p1a,p1b\n|-heal|p1a: Arcanine|73\/100\n|-heal|p1b: Cresselia|100\/100\n|move|p2b: Toxapex|Recover|p2b: Toxapex\n|-heal|p2b: Toxapex|91\/100\n|\n|-end|p1b: Cresselia|Infestation|[partiallytrapped]\n|upkeep\n|turn|13\n|\n|t:|1700867126\n|move|p2b: Toxapex|Baneful Bunker|p2b: Toxapex\n|-singleturn|p2b: Toxapex|move: Protect\n|move|p1a: Arcanine|Extreme Speed|p2b: Toxapex\n|-activate|p2b: Toxapex|move: Protect\n|-status|p1a: Arcanine|psn\n|move|p1b: Cresselia|Moonblast|p2b: Toxapex\n|-activate|p2b: Toxapex|move: Protect\n|\n|-damage|p1a: Arcanine|61\/100 psn|[from] psn\n|upkeep\n|turn|14\n|\n|t:|1700867138\n|move|p1a: Arcanine|Extreme Speed|p2b: Toxapex\n|-damage|p2b: Toxapex|65\/100\n|move|p1b: Cresselia|Lunar Blessing|p1b: Cresselia|[spread] p1a,p1b\n|-heal|p1a: Arcanine|86\/100 psn\n|-curestatus|p1a: Arcanine|psn|[msg]\n|move|p2b: Toxapex|Substitute|p2b: Toxapex\n|-start|p2b: Toxapex|Substitute\n|-damage|p2b: Toxapex|41\/100\n|\n|upkeep\n|turn|15\n|\n|t:|1700867156\n|move|p2b: Toxapex|Baneful Bunker|p2b: Toxapex\n|-singleturn|p2b: Toxapex|move: Protect\n|-activate|p1a: Arcanine|move: Struggle\n|move|p1a: Arcanine|Struggle|p2b: Toxapex\n|-activate|p2b: Toxapex|move: Protect\n|-status|p1a: Arcanine|psn\n|move|p1b: Cresselia|Moonblast|p2b: Toxapex\n|-activate|p2b: Toxapex|move: Protect\n|\n|-damage|p1a: Arcanine|73\/100 psn|[from] psn\n|upkeep\n|turn|16\n|\n|t:|1700867164\n|-activate|p1a: Arcanine|move: Struggle\n|move|p1a: Arcanine|Struggle|p2b: Toxapex\n|-activate|p2b: Toxapex|move: Substitute|[damage]\n|-damage|p1a: Arcanine|49\/100 psn|[from] recoil\n|move|p1b: Cresselia|Lunar Blessing|p1b: Cresselia|[spread] p1a,p1b\n|-heal|p1a: Arcanine|73\/100 psn\n|-curestatus|p1a: Arcanine|psn|[msg]\n|move|p2b: Toxapex|Recover|p2b: Toxapex\n|-heal|p2b: Toxapex|91\/100\n|\n|upkeep\n|turn|17\n|\n|t:|1700867177\n|-activate|p1a: Arcanine|move: Struggle\n|move|p1a: Arcanine|Struggle|p2b: Toxapex\n|-end|p2b: Toxapex|Substitute\n|-damage|p1a: Arcanine|49\/100|[from] recoil\n|move|p1b: Cresselia|Lunar Blessing|p1b: Cresselia|[spread] p1a,p1b\n|-heal|p1a: Arcanine|73\/100\n|move|p2b: Toxapex|Infestation|p1a: Arcanine\n|-resisted|p1a: Arcanine\n|-damage|p1a: Arcanine|72\/100\n|-activate|p1a: Arcanine|move: Infestation|[of] p2b: Toxapex\n|\n|-damage|p1a: Arcanine|56\/100|[from] move: Infestation|[partiallytrapped]\n|upkeep\n|turn|18\n|\n|t:|1700867186\n|move|p2b: Toxapex|Baneful Bunker|p2b: Toxapex\n|-singleturn|p2b: Toxapex|move: Protect\n|-activate|p1a: Arcanine|move: Struggle\n|move|p1a: Arcanine|Struggle|p2b: Toxapex\n|-activate|p2b: Toxapex|move: Protect\n|-status|p1a: Arcanine|psn\n|move|p1b: Cresselia|Moonblast|p2b: Toxapex\n|-activate|p2b: Toxapex|move: Protect\n|\n|-damage|p1a: Arcanine|44\/100 psn|[from] psn\n|-damage|p1a: Arcanine|28\/100 psn|[from] move: Infestation|[partiallytrapped]\n|upkeep\n|turn|19\n|\n|t:|1700867196\n|-activate|p1a: Arcanine|move: Struggle\n|move|p1a: Arcanine|Struggle|p2b: Toxapex\n|-damage|p2b: Toxapex|75\/100\n|-damage|p1a: Arcanine|3\/100 psn|[from] recoil\n|move|p1b: Cresselia|Lunar Blessing|p1b: Cresselia|[spread] p1a,p1b\n|-heal|p1a: Arcanine|28\/100 psn\n|-curestatus|p1a: Arcanine|psn|[msg]\n|move|p2b: Toxapex|Substitute|p2b: Toxapex\n|-start|p2b: Toxapex|Substitute\n|-damage|p2b: Toxapex|50\/100\n|\n|-damage|p1a: Arcanine|11\/100|[from] move: Infestation|[partiallytrapped]\n|upkeep\n|turn|20\n|\n|t:|1700867210\n|move|p2b: Toxapex|Baneful Bunker|p2b: Toxapex\n|-singleturn|p2b: Toxapex|move: Protect\n|-activate|p1a: Arcanine|move: Struggle\n|move|p1a: Arcanine|Struggle|p2b: Toxapex\n|-activate|p2b: Toxapex|move: Protect\n|-status|p1a: Arcanine|psn\n|move|p1b: Cresselia|Lunar Blessing|p1b: Cresselia|[spread] p1a,p1b\n|-heal|p1a: Arcanine|36\/100 psn\n|-curestatus|p1a: Arcanine|psn|[msg]\n|\n|-damage|p1a: Arcanine|20\/100|[from] move: Infestation|[partiallytrapped]\n|upkeep\n|turn|21\n|\n|t:|1700867232\n|-activate|p1a: Arcanine|move: Struggle\n|move|p1a: Arcanine|Struggle|p2b: Toxapex\n|-activate|p2b: Toxapex|move: Substitute|[damage]\n|-damage|p1a: Arcanine|0 fnt|[from] recoil\n|faint|p1a: Arcanine\n|move|p2b: Toxapex|Recover|p2b: Toxapex\n|-heal|p2b: Toxapex|100\/100\n|move|p1b: Cresselia|Trick Room|p1b: Cresselia\n|-fieldstart|move: Trick Room|[of] p1b: Cresselia\n|\n|upkeep\n|turn|22\n|\n|t:|1700867243\n|move|p2b: Toxapex|Infestation|p1b: Cresselia\n|-supereffective|p1b: Cresselia\n|-damage|p1b: Cresselia|98\/100\n|-activate|p1b: Cresselia|move: Infestation|[of] p2b: Toxapex\n|move|p1b: Cresselia|Moonblast|p2b: Toxapex\n|-supereffective|p2b: Toxapex\n|-end|p2b: Toxapex|Substitute\n|\n|-heal|p1b: Cresselia|100\/100|[from] item: Leftovers\n|-damage|p1b: Cresselia|84\/100|[from] move: Infestation|[partiallytrapped]\n|upkeep\n|turn|23\n|\n|t:|1700867250\n|move|p2b: Toxapex|Baneful Bunker|p2b: Toxapex\n|-singleturn|p2b: Toxapex|move: Protect\n|move|p1b: Cresselia|Moonblast|p2b: Toxapex\n|-activate|p2b: Toxapex|move: Protect\n|\n|-heal|p1b: Cresselia|90\/100|[from] item: Leftovers\n|-damage|p1b: Cresselia|74\/100|[from] move: Infestation|[partiallytrapped]\n|upkeep\n|turn|24\n|\n|t:|1700867256\n|move|p2b: Toxapex|Substitute|p2b: Toxapex\n|-start|p2b: Toxapex|Substitute\n|-damage|p2b: Toxapex|76\/100\n|move|p1b: Cresselia|Moonblast|p2b: Toxapex\n|-supereffective|p2b: Toxapex\n|-end|p2b: Toxapex|Substitute\n|\n|-heal|p1b: Cresselia|80\/100|[from] item: Leftovers\n|-damage|p1b: Cresselia|64\/100|[from] move: Infestation|[partiallytrapped]\n|upkeep\n|turn|25\n|\n|t:|1700867262\n|move|p2b: Toxapex|Baneful Bunker|p2b: Toxapex\n|-singleturn|p2b: Toxapex|move: Protect\n|move|p1b: Cresselia|Moonblast|p2b: Toxapex\n|-activate|p2b: Toxapex|move: Protect\n|\n|-heal|p1b: Cresselia|70\/100|[from] item: Leftovers\n|-damage|p1b: Cresselia|54\/100|[from] move: Infestation|[partiallytrapped]\n|-fieldend|move: Trick Room\n|upkeep\n|turn|26\n|\n|t:|1700867269\n|move|p1b: Cresselia|Moonblast|p2b: Toxapex\n|-supereffective|p2b: Toxapex\n|-damage|p2b: Toxapex|48\/100\n|move|p2b: Toxapex|Substitute|p2b: Toxapex\n|-start|p2b: Toxapex|Substitute\n|-damage|p2b: Toxapex|23\/100\n|\n|-heal|p1b: Cresselia|60\/100|[from] item: Leftovers\n|-end|p1b: Cresselia|Infestation|[partiallytrapped]\n|upkeep\n|turn|27\n|\n|t:|1700867275\n|move|p2b: Toxapex|Baneful Bunker|p2b: Toxapex\n|-singleturn|p2b: Toxapex|move: Protect\n|move|p1b: Cresselia|Moonblast|p2b: Toxapex\n|-activate|p2b: Toxapex|move: Protect\n|\n|-heal|p1b: Cresselia|66\/100|[from] item: Leftovers\n|upkeep\n|turn|28\n|\n|t:|1700867279\n|move|p1b: Cresselia|Moonblast|p2b: Toxapex\n|-supereffective|p2b: Toxapex\n|-end|p2b: Toxapex|Substitute\n|move|p2b: Toxapex|Recover|p2b: Toxapex\n|-heal|p2b: Toxapex|73\/100\n|\n|-heal|p1b: Cresselia|72\/100|[from] item: Leftovers\n|upkeep\n|turn|29\n|\n|t:|1700867289\n|move|p1b: Cresselia|Moonblast|p2b: Toxapex\n|-supereffective|p2b: Toxapex\n|-damage|p2b: Toxapex|46\/100\n|move|p2b: Toxapex|Recover|p2b: Toxapex\n|-heal|p2b: Toxapex|97\/100\n|\n|-heal|p1b: Cresselia|78\/100|[from] item: Leftovers\n|upkeep\n|turn|30\n|\n|t:|1700867293\n|move|p1b: Cresselia|Moonblast|p2b: Toxapex\n|-supereffective|p2b: Toxapex\n|-damage|p2b: Toxapex|69\/100\n|move|p2b: Toxapex|Infestation|p1b: Cresselia\n|-supereffective|p1b: Cresselia\n|-damage|p1b: Cresselia|76\/100\n|-activate|p1b: Cresselia|move: Infestation|[of] p2b: Toxapex\n|\n|-heal|p1b: Cresselia|82\/100|[from] item: Leftovers\n|-damage|p1b: Cresselia|66\/100|[from] move: Infestation|[partiallytrapped]\n|upkeep\n|turn|31\n|\n|t:|1700867297\n|move|p2b: Toxapex|Baneful Bunker|p2b: Toxapex\n|-singleturn|p2b: Toxapex|move: Protect\n|move|p1b: Cresselia|Moonblast|p2b: Toxapex\n|-activate|p2b: Toxapex|move: Protect\n|\n|-heal|p1b: Cresselia|72\/100|[from] item: Leftovers\n|-damage|p1b: Cresselia|56\/100|[from] move: Infestation|[partiallytrapped]\n|upkeep\n|turn|32\n|\n|t:|1700867303\n|move|p1b: Cresselia|Moonblast|p2b: Toxapex\n|-supereffective|p2b: Toxapex\n|-damage|p2b: Toxapex|42\/100\n|move|p2b: Toxapex|Recover|p2b: Toxapex\n|-heal|p2b: Toxapex|92\/100\n|\n|-heal|p1b: Cresselia|62\/100|[from] item: Leftovers\n|-damage|p1b: Cresselia|45\/100|[from] move: Infestation|[partiallytrapped]\n|upkeep\n|turn|33\n|\n|t:|1700867307\n|move|p2b: Toxapex|Baneful Bunker|p2b: Toxapex\n|-singleturn|p2b: Toxapex|move: Protect\n|move|p1b: Cresselia|Moonblast|p2b: Toxapex\n|-activate|p2b: Toxapex|move: Protect\n|\n|-heal|p1b: Cresselia|52\/100|[from] item: Leftovers\n|-damage|p1b: Cresselia|35\/100|[from] move: Infestation|[partiallytrapped]\n|upkeep\n|turn|34\n|\n|t:|1700867311\n|move|p1b: Cresselia|Moonblast|p2b: Toxapex\n|-supereffective|p2b: Toxapex\n|-damage|p2b: Toxapex|63\/100\n|move|p2b: Toxapex|Substitute|p2b: Toxapex\n|-start|p2b: Toxapex|Substitute\n|-damage|p2b: Toxapex|38\/100\n|\n|-heal|p1b: Cresselia|41\/100|[from] item: Leftovers\n|-end|p1b: Cresselia|Infestation|[partiallytrapped]\n|upkeep\n|turn|35\n|\n|t:|1700867322\n|move|p2b: Toxapex|Baneful Bunker|p2b: Toxapex\n|-singleturn|p2b: Toxapex|move: Protect\n|move|p1b: Cresselia|Moonblast|p2b: Toxapex\n|-activate|p2b: Toxapex|move: Protect\n|\n|-heal|p1b: Cresselia|48\/100|[from] item: Leftovers\n|upkeep\n|turn|36\n|\n|t:|1700867328\n|move|p1b: Cresselia|Moonblast|p2b: Toxapex\n|-supereffective|p2b: Toxapex\n|-end|p2b: Toxapex|Substitute\n|move|p2b: Toxapex|Recover|p2b: Toxapex\n|-heal|p2b: Toxapex|88\/100\n|\n|-heal|p1b: Cresselia|54\/100|[from] item: Leftovers\n|upkeep\n|turn|37\n|\n|t:|1700867334\n|move|p2b: Toxapex|Baneful Bunker|p2b: Toxapex\n|-singleturn|p2b: Toxapex|move: Protect\n|move|p1b: Cresselia|Moonblast|p2b: Toxapex\n|-activate|p2b: Toxapex|move: Protect\n|\n|-heal|p1b: Cresselia|60\/100|[from] item: Leftovers\n|upkeep\n|turn|38\n|\n|t:|1700867340\n|move|p1b: Cresselia|Moonblast|p2b: Toxapex\n|-supereffective|p2b: Toxapex\n|-damage|p2b: Toxapex|62\/100\n|-unboost|p2b: Toxapex|spa|1\n|move|p2b: Toxapex|Infestation|p1b: Cresselia\n|-supereffective|p1b: Cresselia\n|-damage|p1b: Cresselia|57\/100\n|-activate|p1b: Cresselia|move: Infestation|[of] p2b: Toxapex\n|\n|-heal|p1b: Cresselia|63\/100|[from] item: Leftovers\n|-damage|p1b: Cresselia|47\/100|[from] move: Infestation|[partiallytrapped]\n|upkeep\n|turn|39\n|\n|t:|1700867348\n|move|p1b: Cresselia|Moonblast|p2b: Toxapex\n|-supereffective|p2b: Toxapex\n|-damage|p2b: Toxapex|31\/100\n|move|p2b: Toxapex|Substitute|p2b: Toxapex\n|-start|p2b: Toxapex|Substitute\n|-damage|p2b: Toxapex|6\/100\n|\n|-heal|p1b: Cresselia|53\/100|[from] item: Leftovers\n|-damage|p1b: Cresselia|37\/100|[from] move: Infestation|[partiallytrapped]\n|upkeep\n|turn|40\n|\n|t:|1700867355\n|move|p2b: Toxapex|Baneful Bunker|p2b: Toxapex\n|-singleturn|p2b: Toxapex|move: Protect\n|move|p1b: Cresselia|Trick Room|p1b: Cresselia\n|-fieldstart|move: Trick Room|[of] p1b: Cresselia\n|\n|-heal|p1b: Cresselia|43\/100|[from] item: Leftovers\n|-damage|p1b: Cresselia|27\/100|[from] move: Infestation|[partiallytrapped]\n|upkeep\n|turn|41\n|\n|t:|1700867358\n|move|p2b: Toxapex|Recover|p2b: Toxapex\n|-heal|p2b: Toxapex|57\/100\n|move|p1b: Cresselia|Trick Room|p1b: Cresselia\n|-fieldend|move: Trick Room\n|\n|-heal|p1b: Cresselia|33\/100|[from] item: Leftovers\n|-damage|p1b: Cresselia|17\/100|[from] move: Infestation|[partiallytrapped]\n|upkeep\n|turn|42\n|\n|t:|1700867366\n|move|p1b: Cresselia|Ally Switch||[still]\n|-fail|p1b: Cresselia\n|move|p2b: Toxapex|Infestation|p1b: Cresselia\n|-supereffective|p1b: Cresselia\n|-damage|p1b: Cresselia|14\/100\n|\n|-heal|p1b: Cresselia|20\/100|[from] item: Leftovers\n|-damage|p1b: Cresselia|4\/100|[from] move: Infestation|[partiallytrapped]\n|upkeep\n|turn|43\n|c|\u2606withane|gg\n|\n|t:|1700867374\n|move|p1b: Cresselia|Ally Switch||[still]\n|-fail|p1b: Cresselia\n|move|p2b: Toxapex|Infestation|p1b: Cresselia\n|-supereffective|p1b: Cresselia\n|-damage|p1b: Cresselia|1\/100\n|\n|-heal|p1b: Cresselia|8\/100|[from] item: Leftovers\n|-end|p1b: Cresselia|Infestation|[partiallytrapped]\n|upkeep\n|turn|44\n|\n|t:|1700867382\n|move|p1b: Cresselia|Ally Switch||[still]\n|-fail|p1b: Cresselia\n|move|p2b: Toxapex|Infestation|p1b: Cresselia\n|-supereffective|p1b: Cresselia\n|-damage|p1b: Cresselia|5\/100\n|-activate|p1b: Cresselia|move: Infestation|[of] p2b: Toxapex\n|\n|-heal|p1b: Cresselia|11\/100|[from] item: Leftovers\n|-damage|p1b: Cresselia|0 fnt|[from] move: Infestation|[partiallytrapped]\n|faint|p1b: Cresselia\n|\n|win|withane\n|upkeep\n|raw|champ149's rating: 1079 &rarr; <strong>1060<\/strong><br \/>(-19 for losing)\n|raw|withane's rating: 1124 &rarr; <strong>1146<\/strong><br \/>(+22 for winning)\n","uploadtime":1700867390,"views":2,"p1id":"champ149","p2id":"withane","formatid":"gen9vgc2023regulatione","rating":1060,"private":0,"password":""}