{"id":"gen9vgc2023regulatione-1992354540","p1":"bertscai","p2":"Kzjrkzjk","format":"[Gen 9] VGC 2023 Regulation E","log":"|j|\u2606bertscai\n|j|\u2606Kzjrkzjk\n|t:|1700177986\n|gametype|doubles\n|player|p1|bertscai|zinzolin|1107\n|player|p2|Kzjrkzjk|lance|1000\n|teamsize|p1|6\n|teamsize|p2|6\n|gen|9\n|tier|[Gen 9] VGC 2023 Regulation E\n|rated|\n|rule|Species Clause: Limit one of each Pok\u00e9mon\n|rule|Item Clause: Limit one of each item\n|clearpoke\n|poke|p1|Sinistcha, L50|\n|poke|p1|Milotic, L50, M|\n|poke|p1|Arcanine-Hisui, L50, F|\n|poke|p1|Munkidori, L50, M|\n|poke|p1|Grimmsnarl, L50, M|\n|poke|p1|Sylveon, L50, M|\n|poke|p2|Flutter Mane, L50|\n|poke|p2|Tornadus, L50, M|\n|poke|p2|Rillaboom, L50, M|\n|poke|p2|Garganacl, L50, F|\n|poke|p2|Arcanine-Hisui, L50, M|\n|poke|p2|Chien-Pao, L50|\n|teampreview|4\n|inactive|Battle timer is ON: inactive players will automatically lose when time's up. (requested by bertscai)\n|\n|t:|1700178004\n|start\n|switch|p1a: Grimmsnarl|Grimmsnarl, L50, M|100\/100\n|switch|p1b: Munkidori|Munkidori, L50, M|100\/100\n|switch|p2a: Tornadus|Tornadus, L50, M|100\/100\n|switch|p2b: Garganacl|Garganacl, L50, F|100\/100\n|turn|1\n|\n|t:|1700178018\n|move|p1b: Munkidori|Fake Out|p2b: Garganacl\n|-resisted|p2b: Garganacl\n|-damage|p2b: Garganacl|98\/100\n|move|p2a: Tornadus|Bleakwind Storm|p1b: Munkidori|[spread] p1a,p1b\n|-damage|p1a: Grimmsnarl|67\/100\n|-damage|p1b: Munkidori|65\/100\n|move|p1a: Grimmsnarl|Low Kick|p2b: Garganacl\n|-supereffective|p2b: Garganacl\n|-damage|p2b: Garganacl|56\/100\n|cant|p2b: Garganacl|flinch\n|\n|upkeep\n|turn|2\n|\n|t:|1700178032\n|-terastallize|p1b: Munkidori|Poison\n|-terastallize|p2b: Garganacl|Ghost\n|move|p1b: Munkidori|Sludge Bomb|p2a: Tornadus\n|-damage|p2a: Tornadus|50\/100\n|move|p2a: Tornadus|Bleakwind Storm|p1a: Grimmsnarl|[spread] p1a\n|-miss|p2a: Tornadus|p1b: Munkidori\n|-damage|p1a: Grimmsnarl|34\/100\n|move|p1a: Grimmsnarl|Low Kick|p2b: Garganacl\n|-immune|p2b: Garganacl\n|move|p2b: Garganacl|Iron Defense|p2b: Garganacl\n|-boost|p2b: Garganacl|def|2\n|\n|upkeep\n|turn|3\n|inactive|bertscai has 30 seconds left.\n|\n|t:|1700178057\n|move|p2a: Tornadus|Tailwind|p2a: Tornadus\n|-sidestart|p2: Kzjrkzjk|move: Tailwind\n|move|p1a: Grimmsnarl|Reflect|p1a: Grimmsnarl\n|-sidestart|p1: bertscai|Reflect\n|move|p1b: Munkidori|Psychic|p2b: Garganacl\n|-damage|p2b: Garganacl|25\/100\n|-enditem|p2b: Garganacl|Sitrus Berry|[eat]\n|-heal|p2b: Garganacl|49\/100|[from] item: Sitrus Berry\n|move|p2b: Garganacl|Salt Cure|p1b: Munkidori\n|-damage|p1b: Munkidori|52\/100\n|-start|p1b: Munkidori|Salt Cure\n|\n|-damage|p1b: Munkidori|40\/100|[from] Salt Cure\n|upkeep\n|turn|4\n|\n|t:|1700178071\n|move|p2b: Garganacl|Protect|p2b: Garganacl\n|-singleturn|p2b: Garganacl|Protect\n|move|p1a: Grimmsnarl|Light Screen|p1a: Grimmsnarl\n|-sidestart|p1: bertscai|move: Light Screen\n|move|p2a: Tornadus|Bleakwind Storm|p1a: Grimmsnarl|[spread] p1a,p1b\n|-damage|p1a: Grimmsnarl|12\/100\n|-damage|p1b: Munkidori|15\/100\n|move|p1b: Munkidori|Psychic|p2b: Garganacl\n|-activate|p2b: Garganacl|move: Protect\n|\n|-damage|p1b: Munkidori|3\/100|[from] Salt Cure\n|upkeep\n|turn|5\n|\n|t:|1700178086\n|switch|p1b: Milotic|Milotic, L50, M|100\/100\n|move|p1a: Grimmsnarl|Parting Shot|p2a: Tornadus\n|-unboost|p2a: Tornadus|atk|1\n|-unboost|p2a: Tornadus|spa|1\n|\n|t:|1700178091\n|switch|p1a: Arcanine|Arcanine-Hisui, L50, F|100\/100|[from] Parting Shot\n|-ability|p1a: Arcanine|Intimidate|boost\n|-unboost|p2a: Tornadus|atk|1\n|-unboost|p2b: Garganacl|atk|1\n|move|p2a: Tornadus|Bleakwind Storm|p1b: Milotic|[spread] p1a,p1b\n|-resisted|p1a: Arcanine\n|-damage|p1a: Arcanine|95\/100\n|-damage|p1b: Milotic|89\/100\n|move|p2b: Garganacl|Recover|p2b: Garganacl\n|-heal|p2b: Garganacl|99\/100\n|\n|upkeep\n|turn|6\n|\n|t:|1700178108\n|move|p2a: Tornadus|Taunt|p1b: Milotic\n|-start|p1b: Milotic|move: Taunt\n|move|p1b: Milotic|Hydro Pump|p2b: Garganacl|[miss]\n|-miss|p1b: Milotic|p2b: Garganacl\n|move|p1a: Arcanine|Flare Blitz|p2b: Garganacl\n|-damage|p2b: Garganacl|76\/100\n|-damage|p1a: Arcanine|87\/100|[from] Recoil\n|move|p2b: Garganacl|Salt Cure|p1a: Arcanine\n|-supereffective|p1a: Arcanine\n|-damage|p1a: Arcanine|71\/100\n|-start|p1a: Arcanine|Salt Cure\n|\n|-damage|p1a: Arcanine|58\/100|[from] Salt Cure\n|-sideend|p2: Kzjrkzjk|move: Tailwind\n|upkeep\n|turn|7\n|\n|t:|1700178124\n|move|p2a: Tornadus|Tailwind|p2a: Tornadus\n|-sidestart|p2: Kzjrkzjk|move: Tailwind\n|move|p1b: Milotic|Hydro Pump|p2b: Garganacl\n|-damage|p2b: Garganacl|50\/100\n|move|p1a: Arcanine|Crunch|p2b: Garganacl\n|-supereffective|p2b: Garganacl\n|-damage|p2b: Garganacl|30\/100\n|move|p2b: Garganacl|Salt Cure|p1b: Milotic\n|-damage|p1b: Milotic|82\/100\n|-start|p1b: Milotic|Salt Cure\n|\n|-damage|p1b: Milotic|57\/100|[from] Salt Cure\n|-damage|p1a: Arcanine|46\/100|[from] Salt Cure\n|upkeep\n|turn|8\n|\n|t:|1700178137\n|switch|p1b: Munkidori|Munkidori, L50, M, tera:Poison|3\/100\n|switch|p1a: Grimmsnarl|Grimmsnarl, L50, M|12\/100\n|move|p2b: Garganacl|Protect|p2b: Garganacl\n|-singleturn|p2b: Garganacl|Protect\n|move|p2a: Tornadus|Bleakwind Storm|p1a: Grimmsnarl|[spread] p1a,p1b\n|-damage|p1a: Grimmsnarl|0 fnt\n|-damage|p1b: Munkidori|0 fnt\n|faint|p1a: Grimmsnarl\n|faint|p1b: Munkidori\n|\n|upkeep\n|\n|t:|1700178147\n|switch|p1b: Arcanine|Arcanine-Hisui, L50, F|46\/100\n|switch|p1a: Milotic|Milotic, L50, M|57\/100\n|-ability|p1b: Arcanine|Intimidate|boost\n|-unboost|p2a: Tornadus|atk|1\n|-unboost|p2b: Garganacl|atk|1\n|turn|9\n|\n|t:|1700178157\n|move|p2a: Tornadus|Taunt|p1a: Milotic\n|-start|p1a: Milotic|move: Taunt\n|move|p1a: Milotic|Hydro Pump|p2b: Garganacl\n|-damage|p2b: Garganacl|0 fnt\n|faint|p2b: Garganacl\n|move|p1b: Arcanine|Crunch|p2a: Tornadus\n|-damage|p2a: Tornadus|16\/100\n|-damage|p1b: Arcanine|30\/100|[from] item: Rocky Helmet|[of] p2a: Tornadus\n|\n|upkeep\n|\n|t:|1700178168\n|switch|p2b: Rillaboom|Rillaboom, L50, M|100\/100\n|-fieldstart|move: Grassy Terrain|[from] ability: Grassy Surge|[of] p2b: Rillaboom\n|turn|10\n|\n|t:|1700178175\n|move|p2b: Rillaboom|Grassy Glide|p1a: Milotic\n|-supereffective|p1a: Milotic\n|-damage|p1a: Milotic|0 fnt\n|faint|p1a: Milotic\n|move|p2a: Tornadus|Bleakwind Storm|p1b: Arcanine|[miss]\n|-miss|p2a: Tornadus|p1b: Arcanine\n|move|p1b: Arcanine|Flare Blitz|p2b: Rillaboom\n|-supereffective|p2b: Rillaboom\n|-crit|p2b: Rillaboom\n|-damage|p2b: Rillaboom|0 fnt\n|faint|p2b: Rillaboom\n|-damage|p1b: Arcanine|0 fnt|[from] Recoil\n|faint|p1b: Arcanine\n|\n|win|Kzjrkzjk\n|raw|bertscai's rating: 1107 &rarr; <strong>1075<\/strong><br \/>(-32 for losing)\n|raw|Kzjrkzjk's rating: 1000 &rarr; <strong>1052<\/strong><br \/>(+52 for winning)\n|l|\u2606bertscai\n","uploadtime":1700178187,"views":14,"p1id":"bertscai","p2id":"kzjrkzjk","formatid":"gen9vgc2023regulatione","rating":1052,"private":0,"password":""}