{"id":"gen9vgc2023regulatione-1991744137","p1":"Iamnewmetalol","p2":"J. Guzman752","format":"[Gen 9] VGC 2023 Regulation E","log":"|j|\u2606Iamnewmetalol\n|j|\u2606J. Guzman752\n|t:|1700109941\n|gametype|doubles\n|player|p1|Iamnewmetalol|fisherman|1054\n|player|p2|J. Guzman752|steven|1091\n|teamsize|p1|6\n|teamsize|p2|6\n|gen|9\n|tier|[Gen 9] VGC 2023 Regulation E\n|rated|\n|rule|Species Clause: Limit one of each Pok\u00e9mon\n|rule|Item Clause: Limit one of each item\n|clearpoke\n|poke|p1|Muk-Alola, L50, M|\n|poke|p1|Mismagius, L50, M|\n|poke|p1|Clawitzer, L50, F|\n|poke|p1|Medicham, L50, M|\n|poke|p1|Greedent, L50, F|\n|poke|p1|Carbink, L50|\n|poke|p2|Indeedee-F, L50, F|\n|poke|p2|Farigiraf, L50, M|\n|poke|p2|Hatterene, L50, F|\n|poke|p2|Armarouge, L50, M|\n|poke|p2|Iron Hands, L50|\n|poke|p2|Ursaluna, L50, M|\n|teampreview|4\n|inactive|Battle timer is ON: inactive players will automatically lose when time's up. (requested by J. Guzman752)\n|\n|t:|1700109955\n|start\n|switch|p1a: Mismagius|Mismagius, L50, M|100\/100\n|switch|p1b: Muk|Muk-Alola, L50, M|100\/100\n|switch|p2a: Armarouge|Armarouge, L50, M|100\/100\n|switch|p2b: Indeedee|Indeedee-F, L50, F|100\/100\n|-fieldstart|move: Psychic Terrain|[from] ability: Psychic Surge|[of] p2b: Indeedee\n|turn|1\n|inactive|Iamnewmetalol has 30 seconds left.\n|\n|t:|1700109983\n|move|p2b: Indeedee|Follow Me|p2b: Indeedee\n|-singleturn|p2b: Indeedee|move: Follow Me\n|move|p1b: Muk|Stockpile|p1b: Muk\n|-start|p1b: Muk|stockpile1\n|-boost|p1b: Muk|def|1\n|-boost|p1b: Muk|spd|1\n|move|p1a: Mismagius|Trick Room|p1a: Mismagius\n|-fieldstart|move: Trick Room|[of] p1a: Mismagius\n|-enditem|p1a: Mismagius|Room Service\n|-unboost|p1a: Mismagius|spe|1|[from] item: Room Service\n|-enditem|p2a: Armarouge|Room Service\n|-unboost|p2a: Armarouge|spe|1|[from] item: Room Service\n|move|p2a: Armarouge|Trick Room|p2a: Armarouge\n|-fieldend|move: Trick Room\n|\n|upkeep\n|turn|2\n|inactive|Iamnewmetalol has 30 seconds left.\n|inactive|Iamnewmetalol has 20 seconds left.\n|\n|t:|1700110019\n|move|p2b: Indeedee|Follow Me|p2b: Indeedee\n|-singleturn|p2b: Indeedee|move: Follow Me\n|move|p1a: Mismagius|Shadow Ball|p2b: Indeedee\n|-immune|p2b: Indeedee\n|move|p1b: Muk|Stockpile|p1b: Muk\n|-start|p1b: Muk|stockpile2\n|-boost|p1b: Muk|def|1\n|-boost|p1b: Muk|spd|1\n|move|p2a: Armarouge|Trick Room|p2a: Armarouge\n|-fieldstart|move: Trick Room|[of] p2a: Armarouge\n|\n|upkeep\n|turn|3\n|inactive|Iamnewmetalol has 30 seconds left.\n|\n|t:|1700110044\n|move|p2b: Indeedee|Helping Hand|p2a: Armarouge\n|-singleturn|p2a: Armarouge|Helping Hand|[of] p2b: Indeedee\n|move|p2a: Armarouge|Armor Cannon|p1a: Mismagius\n|-damage|p1a: Mismagius|7\/100\n|-unboost|p2a: Armarouge|def|1\n|-unboost|p2a: Armarouge|spd|1\n|move|p1b: Muk|Stockpile|p1b: Muk\n|-start|p1b: Muk|stockpile3\n|-boost|p1b: Muk|def|1\n|-boost|p1b: Muk|spd|1\n|move|p1a: Mismagius|Curse|p2b: Indeedee\n|-start|p2b: Indeedee|Curse|[of] p1a: Mismagius\n|-damage|p1a: Mismagius|0 fnt\n|faint|p1a: Mismagius\n|-ability|p1b: Muk|Levitate|[from] ability: Power of Alchemy|[of] p1a: Mismagius\n|\n|-damage|p2b: Indeedee|76\/100|[from] Curse\n|upkeep\n|\n|t:|1700110065\n|switch|p1a: Carbink|Carbink, L50|100\/100\n|turn|4\n|inactive|Iamnewmetalol has 30 seconds left.\n|\n|t:|1700110091\n|move|p2b: Indeedee|Helping Hand|p2a: Armarouge\n|-singleturn|p2a: Armarouge|Helping Hand|[of] p2b: Indeedee\n|move|p2a: Armarouge|Energy Ball|p1a: Carbink\n|-supereffective|p1a: Carbink\n|-damage|p1a: Carbink|16\/100\n|move|p1b: Muk|Crunch|p2a: Armarouge\n|-supereffective|p2a: Armarouge\n|-damage|p2a: Armarouge|0 fnt\n|faint|p2a: Armarouge\n|move|p1a: Carbink|Guard Split|p1b: Muk\n|-activate|p1a: Carbink|move: Guard Split|[of] p1b: Muk\n|\n|-damage|p2b: Indeedee|51\/100|[from] Curse\n|upkeep\n|inactive|J. Guzman752 has 30 seconds left.\n|\n|t:|1700110122\n|switch|p2a: Iron Hands|Iron Hands, L50|100\/100\n|turn|5\n|\n|t:|1700110132\n|move|p2a: Iron Hands|Fake Out|p1b: Muk\n|-hint|Psychic Terrain doesn't affect Pok\u00e9mon immune to Ground.\n|-damage|p1b: Muk|97\/100\n|cant|p1b: Muk|flinch\n|move|p1a: Carbink|Charm|p2a: Iron Hands\n|-unboost|p2a: Iron Hands|atk|2\n|move|p2b: Indeedee|Dazzling Gleam|p1a: Carbink|[spread] p1a,p1b\n|-damage|p1a: Carbink|3\/100\n|-damage|p1b: Muk|93\/100\n|\n|-heal|p1b: Muk|99\/100|[from] item: Leftovers\n|-damage|p2b: Indeedee|26\/100|[from] Curse\n|-fieldend|move: Psychic Terrain\n|upkeep\n|turn|6\n|inactive|Iamnewmetalol has 30 seconds left.\n|\n|t:|1700110163\n|move|p2b: Indeedee|Follow Me|p2b: Indeedee\n|-singleturn|p2b: Indeedee|move: Follow Me\n|move|p2a: Iron Hands|Volt Switch|p1a: Carbink\n|-damage|p1a: Carbink|0 fnt\n|faint|p1a: Carbink\n|\n|t:|1700110170\n|-end|p2a: Iron Hands|Quark Drive|[silent]\n|switch|p2a: Ursaluna|Ursaluna, L50, M|100\/100|[from] Volt Switch\n|move|p1b: Muk|Acid Armor|p1b: Muk\n|-boost|p1b: Muk|def|2\n|\n|-heal|p1b: Muk|100\/100|[from] item: Leftovers\n|-damage|p2b: Indeedee|1\/100|[from] Curse\n|-fieldend|move: Trick Room\n|-status|p2a: Ursaluna|brn|[from] item: Flame Orb\n|upkeep\n|-message|J. Guzman752 forfeited.\n|\n|win|Iamnewmetalol\n|raw|Iamnewmetalol's rating: 1054 &rarr; <strong>1089<\/strong><br \/>(+35 for winning)\n|raw|J. Guzman752's rating: 1091 &rarr; <strong>1065<\/strong><br \/>(-26 for losing)\n|l|\u2606J. Guzman752\n|c|\u2606Iamnewmetalol|Ggwp\n","uploadtime":1700110231,"views":43,"p1id":"iamnewmetalol","p2id":"jguzman752","formatid":"gen9vgc2023regulatione","rating":1065,"private":0,"password":""}