{"id":"gen9vgc2023regulatione-1989113256","p1":"QueenFluffyShadow","p2":"Dhoral","format":"[Gen 9] VGC 2023 Regulation E","log":"|j|\u2606QueenFluffyShadow\n|j|\u2606Dhoral\n|t:|1699813631\n|gametype|doubles\n|player|p1|QueenFluffyShadow|fantina|1038\n|player|p2|Dhoral|170|1102\n|teamsize|p1|6\n|teamsize|p2|6\n|gen|9\n|tier|[Gen 9] VGC 2023 Regulation E\n|rated|\n|rule|Species Clause: Limit one of each Pok\u00e9mon\n|rule|Item Clause: Limit one of each item\n|clearpoke\n|poke|p1|Kommo-o, L50, M|\n|poke|p1|Sinistcha, L50|\n|poke|p1|Dondozo, L50, F|\n|poke|p1|Tatsugiri, L50, M|\n|poke|p1|Ogerpon-Wellspring, L50, F|\n|poke|p1|Oricorio-Sensu, L50, M|\n|poke|p2|Tornadus, L50, M|\n|poke|p2|Arcanine-Hisui, L50, F|\n|poke|p2|Iron Hands, L50|\n|poke|p2|Gholdengo, L50|\n|poke|p2|Urshifu-*, L50, M|\n|poke|p2|Ogerpon-Wellspring, L50, F|\n|teampreview|4\n|inactive|Battle timer is ON: inactive players will automatically lose when time's up. (requested by QueenFluffyShadow)\n|c|\u2606QueenFluffyShadow|let's get this over with\n|\n|t:|1699813671\n|start\n|switch|p1a: Kommo-o|Kommo-o, L50, M, shiny|100\/100\n|switch|p1b: Oricorio|Oricorio-Sensu, L50, M|100\/100\n|switch|p2a: Tornadus|Tornadus, L50, M|100\/100\n|switch|p2b: Ogerpon|Ogerpon-Wellspring, L50, F|100\/100\n|turn|1\n|\n|t:|1699813690\n|switch|p2b: Arcanine|Arcanine-Hisui, L50, F|100\/100\n|-ability|p2b: Arcanine|Intimidate|boost\n|-unboost|p1a: Kommo-o|atk|1\n|-unboost|p1b: Oricorio|atk|1\n|move|p2a: Tornadus|Tailwind|p2a: Tornadus\n|-sidestart|p2: Dhoral|move: Tailwind\n|move|p1a: Kommo-o|Clangorous Soul|p1a: Kommo-o\n|-boost|p1a: Kommo-o|atk|1\n|-boost|p1a: Kommo-o|def|1\n|-boost|p1a: Kommo-o|spa|1\n|-boost|p1a: Kommo-o|spd|1\n|-boost|p1a: Kommo-o|spe|1\n|-damage|p1a: Kommo-o|68\/100\n|-enditem|p1a: Kommo-o|Throat Spray\n|-boost|p1a: Kommo-o|spa|1|[from] item: Throat Spray\n|-activate|p1b: Oricorio|ability: Dancer\n|move|p1b: Oricorio|Clangorous Soul|p1b: Oricorio|[from]ability: Dancer\n|-boost|p1b: Oricorio|atk|1\n|-boost|p1b: Oricorio|def|1\n|-boost|p1b: Oricorio|spa|1\n|-boost|p1b: Oricorio|spd|1\n|-boost|p1b: Oricorio|spe|1\n|-damage|p1b: Oricorio|68\/100\n|move|p1b: Oricorio|Baton Pass|p1b: Oricorio\n|\n|t:|1699813709\n|switch|p1b: Dondozo|Dondozo, L50, F, shiny|100\/100|[from] Baton Pass\n|\n|upkeep\n|turn|2\n|\n|t:|1699813730\n|-terastallize|p2b: Arcanine|Fairy\n|move|p2a: Tornadus|Bleakwind Storm|p1b: Dondozo|[spread] p1b\n|-miss|p2a: Tornadus|p1a: Kommo-o\n|-damage|p1b: Dondozo|87\/100\n|move|p2b: Arcanine|Tera Blast|p1a: Kommo-o|[anim] Tera Blast Fairy\n|-supereffective|p1a: Kommo-o\n|-damage|p1a: Kommo-o|0 fnt\n|faint|p1a: Kommo-o\n|move|p1b: Dondozo|Rock Slide|p2b: Arcanine|[spread] p2a\n|-miss|p1b: Dondozo|p2b: Arcanine\n|-supereffective|p2a: Tornadus\n|-damage|p2a: Tornadus|70\/100\n|\n|-heal|p1b: Dondozo|93\/100|[from] item: Leftovers\n|upkeep\n|\n|t:|1699813744\n|switch|p1a: Tatsugiri|Tatsugiri, L50, M|100\/100\n|-activate|p1a: Tatsugiri|ability: Commander|[of] p1b: Dondozo\n|-boost|p1b: Dondozo|atk|2\n|-boost|p1b: Dondozo|spa|2\n|-boost|p1b: Dondozo|spe|2\n|-boost|p1b: Dondozo|def|2\n|-boost|p1b: Dondozo|spd|2\n|turn|3\n|\n|t:|1699813759\n|switch|p2b: Ogerpon|Ogerpon-Wellspring, L50, F|100\/100\n|move|p2a: Tornadus|Bleakwind Storm|p1b: Dondozo|[spread] \n|-miss|p2a: Tornadus|p1a: Tatsugiri\n|-miss|p2a: Tornadus|p1b: Dondozo\n|move|p1b: Dondozo|Order Up|p2a: Tornadus\n|-damage|p2a: Tornadus|26\/100\n|-boost|p1b: Dondozo|atk|1\n|\n|-heal|p1b: Dondozo|99\/100|[from] item: Leftovers\n|upkeep\n|turn|4\n|\n|t:|1699813780\n|switch|p2a: Arcanine|Arcanine-Hisui, L50, F, tera:Fairy|100\/100\n|-ability|p2a: Arcanine|Intimidate|boost\n|-unboost|p1a: Tatsugiri|atk|1\n|-unboost|p1b: Dondozo|atk|1\n|-terastallize|p1b: Dondozo|Dragon\n|move|p2b: Ogerpon|Power Whip|p1b: Dondozo|[miss]\n|-miss|p2b: Ogerpon|p1b: Dondozo\n|move|p1b: Dondozo|Rock Slide|p2b: Ogerpon|[spread] p2a,p2b\n|-damage|p2a: Arcanine|72\/100\n|-damage|p2b: Ogerpon|76\/100\n|\n|-heal|p1b: Dondozo|100\/100|[from] item: Leftovers\n|-sideend|p2: Dhoral|move: Tailwind\n|upkeep\n|turn|5\n|\n|t:|1699813796\n|move|p2b: Ogerpon|Follow Me|p2b: Ogerpon\n|-singleturn|p2b: Ogerpon|move: Follow Me\n|move|p2a: Arcanine|Tera Blast|p1b: Dondozo|[anim] Tera Blast Fairy\n|-supereffective|p1b: Dondozo\n|-damage|p1b: Dondozo|67\/100\n|move|p1b: Dondozo|Wave Crash|p2b: Ogerpon\n|-heal|p2b: Ogerpon|100\/100|[from] ability: Water Absorb|[of] p1b: Dondozo\n|\n|-heal|p1b: Dondozo|73\/100|[from] item: Leftovers\n|upkeep\n|turn|6\n|c|\u2606QueenFluffyShadow|XD\n|\n|t:|1699813812\n|switch|p2b: Iron Hands|Iron Hands, L50|100\/100\n|move|p1b: Dondozo|Protect|p1b: Dondozo\n|-singleturn|p1b: Dondozo|Protect\n|move|p2a: Arcanine|Tera Blast|p1b: Dondozo|[anim] Tera Blast Fairy\n|-activate|p1b: Dondozo|move: Protect\n|\n|-heal|p1b: Dondozo|79\/100|[from] item: Leftovers\n|upkeep\n|turn|7\n|\n|t:|1699813823\n|move|p2b: Iron Hands|Fake Out|p1b: Dondozo\n|-damage|p1b: Dondozo|75\/100\n|move|p2a: Arcanine|Tera Blast|p1b: Dondozo|[anim] Tera Blast Fairy\n|-supereffective|p1b: Dondozo\n|-damage|p1b: Dondozo|44\/100\n|cant|p1b: Dondozo|flinch\n|\n|-heal|p1b: Dondozo|50\/100|[from] item: Leftovers\n|upkeep\n|turn|8\n|\n|t:|1699813839\n|move|p2a: Arcanine|Tera Blast|p1b: Dondozo|[anim] Tera Blast Fairy\n|-supereffective|p1b: Dondozo\n|-damage|p1b: Dondozo|22\/100\n|move|p1b: Dondozo|Rock Slide|p2b: Iron Hands|[spread] p2a,p2b\n|-resisted|p2b: Iron Hands\n|-damage|p2a: Arcanine|40\/100\n|-damage|p2b: Iron Hands|92\/100\n|move|p2b: Iron Hands|Drain Punch|p1b: Dondozo\n|-damage|p1b: Dondozo|11\/100\n|-heal|p2b: Iron Hands|98\/100|[from] drain|[of] p1b: Dondozo\n|\n|-heal|p1b: Dondozo|17\/100|[from] item: Leftovers\n|upkeep\n|turn|9\n|\n|t:|1699813859\n|-end|p2b: Iron Hands|Quark Drive|[silent]\n|switch|p2b: Tornadus|Tornadus, L50, M|26\/100\n|move|p1b: Dondozo|Protect|p1b: Dondozo\n|-singleturn|p1b: Dondozo|Protect\n|move|p2a: Arcanine|Tera Blast|p1b: Dondozo|[anim] Tera Blast Fairy\n|-activate|p1b: Dondozo|move: Protect\n|\n|-heal|p1b: Dondozo|23\/100|[from] item: Leftovers\n|upkeep\n|turn|10\n|\n|t:|1699813869\n|move|p2b: Tornadus|Tailwind|p2b: Tornadus\n|-sidestart|p2: Dhoral|move: Tailwind\n|move|p2a: Arcanine|Tera Blast|p1b: Dondozo|[anim] Tera Blast Fairy\n|-supereffective|p1b: Dondozo\n|-damage|p1b: Dondozo|0 fnt\n|faint|p1b: Dondozo\n|\n|upkeep\n|\n|t:|1699813875\n|switch|p1b: Oricorio|Oricorio-Sensu, L50, M|68\/100\n|turn|11\n|\n|t:|1699813883\n|switch|p2a: Iron Hands|Iron Hands, L50|98\/100\n|move|p1b: Oricorio|Protect|p1b: Oricorio\n|-singleturn|p1b: Oricorio|Protect\n|move|p2b: Tornadus|Bleakwind Storm|p1a: Tatsugiri|[spread] p1a\n|-activate|p1b: Oricorio|move: Protect\n|-damage|p1a: Tatsugiri|56\/100\n|-unboost|p1a: Tatsugiri|spe|1\n|move|p1a: Tatsugiri|Surf|p2a: Iron Hands|[spread] p2a,p2b\n|-activate|p1b: Oricorio|move: Protect\n|-damage|p2a: Iron Hands|81\/100\n|-damage|p2b: Tornadus|0 fnt\n|faint|p2b: Tornadus\n|\n|upkeep\n|\n|t:|1699813897\n|switch|p2b: Arcanine|Arcanine-Hisui, L50, F, tera:Fairy|40\/100\n|-ability|p2b: Arcanine|Intimidate|boost\n|-unboost|p1a: Tatsugiri|atk|1\n|-unboost|p1b: Oricorio|atk|1\n|turn|12\n|\n|t:|1699813910\n|move|p2b: Arcanine|Rock Slide|p1a: Tatsugiri|[spread] p1a\n|-miss|p2b: Arcanine|p1b: Oricorio\n|-damage|p1a: Tatsugiri|0 fnt\n|faint|p1a: Tatsugiri\n|move|p1b: Oricorio|Revelation Dance|p2b: Arcanine\n|-damage|p2b: Arcanine|0 fnt\n|faint|p2b: Arcanine\n|move|p2a: Iron Hands|Wild Charge|p1b: Oricorio\n|-supereffective|p1b: Oricorio\n|-damage|p1b: Oricorio|0 fnt\n|faint|p1b: Oricorio\n|-damage|p2a: Iron Hands|71\/100|[from] Recoil\n|\n|win|Dhoral\n|raw|QueenFluffyShadow's rating: 1038 &rarr; <strong>1025<\/strong><br \/>(-13 for losing)\n|raw|Dhoral's rating: 1102 &rarr; <strong>1122<\/strong><br \/>(+20 for winning)\n|c|\u2606QueenFluffyShadow|g\n|c|\u2606Dhoral|gg\n","uploadtime":1699813932,"views":18,"p1id":"queenfluffyshadow","p2id":"dhoral","formatid":"gen9vgc2023regulatione","rating":1025,"private":0,"password":""}