{"id":"gen9vgc2023regulatione-1988689907","p1":"Leon1das","p2":"lucasarreguy","format":"[Gen 9] VGC 2023 Regulation E","log":"|j|\u2606Leon1das\n|j|\u2606lucasarreguy\n|n|\u2606Leon1das|leon1das\n|n|\u2606lucasarreguy|lucasarreguy\n|html|View the match progress at <a href=\"\/game-bestof3-gen9vgc2023regulatione-1988686678\">game-bestof3-gen9vgc2023regulatione-1988686678<\/a>\n|t:|1699751015\n|gametype|doubles\n|player|p1|Leon1das|chuck|\n|player|p2|lucasarreguy|lance-lgpe|\n|teamsize|p1|6\n|teamsize|p2|6\n|gen|9\n|tier|[Gen 9] VGC 2023 Regulation E\n|rule|Species Clause: Limit one of each Pok\u00e9mon\n|rule|Item Clause: Limit one of each item\n|clearpoke\n|poke|p1|Cresselia, L50, F|\n|poke|p1|Ursaluna-Bloodmoon, L50, M|\n|poke|p1|Iron Hands, L50|\n|poke|p1|Ogerpon-Wellspring, L50, F|\n|poke|p1|Arcanine-Hisui, L50, M|\n|poke|p1|Flutter Mane, L50|\n|poke|p2|Goodra-Hisui, L50, M|\n|poke|p2|Gastrodon-East, L50, M|\n|poke|p2|Iron Bundle, L50|\n|poke|p2|Umbreon, L50, M|\n|poke|p2|Sneasler, L50, F|\n|poke|p2|Tsareena, L50, F|\n|teampreview|4\n|j| Rebornsan93\nLeon1das has agreed to open team sheets.\nlucasarreguy has agreed to open team sheets.\n|showteam|p1|Cresselia||MentalHerb|Levitate|Psychic,HelpingHand,LunarBlessing,TrickRoom|||F|||50|,,,,,Fire]Ursaluna-Bloodmoon||ThroatSpray|MindsEye|BloodMoon,EarthPower,HyperVoice,Protect|||M|||50|,,,,,Grass]Iron Hands||AssaultVest|QuarkDrive|FakeOut,DrainPunch,WildCharge,HeavySlam||||||50|,,,,,Fire]Ogerpon-Wellspring||WellspringMask|WaterAbsorb|IvyCudgel,FollowMe,HornLeech,SpikyShield|||F|||50|,,,,,Water]Arcanine-Hisui||SitrusBerry|Intimidate|RockSlide,FlareBlitz,ExtremeSpeed,Protect|||M|||50|,,,,,Grass]Flutter Mane||BoosterEnergy|Protosynthesis|Moonblast,ShadowBall,DazzlingGleam,Protect||||||50|,,,,,Fairy\n|showteam|p2|Goodra-Hisui||AssaultVest|SapSipper|MuddyWater,FlashCannon,Thunderbolt,IceBeam|||M|||50|,,,,,Water]Gastrodon-East||RockyHelmet|StormDrain|IceBeam,Yawn,EarthPower,Recover|||M|||50|,,,,,Fairy]Iron Bundle||BoosterEnergy|QuarkDrive|Encore,IcyWind,HelpingHand,Protect||||||50|,,,,,Ghost]Umbreon||Leftovers|Synchronize|SkillSwap,Moonlight,FoulPlay,Protect|||M|||50|,,,,,Poison]Sneasler||WhiteHerb|Unburden|DireClaw,Acrobatics,CloseCombat,Protect|||F|||50|,,,,,Flying]Tsareena||ChoiceScarf|QueenlyMajesty|PowerWhip,HighJumpKick,KnockOff,PlayRough|||F|||50|,,,,,Grass\n|j| Bard0_Gamer\n|c| Rebornsan93|comecem\n|j| Yuri\n|j| PSmonteiro\n|\n|t:|1699751062\n|start\n|switch|p1a: Michelangelo|Iron Hands, L50|100\/100\n|switch|p1b: Celinha|Cresselia, L50, F|100\/100\n|switch|p2a: Christie Monteiro|Tsareena, L50, F|100\/100\n|switch|p2b: Oi meu chapa|Sneasler, L50, F|100\/100\n|turn|1\n|\n|t:|1699751097\n|-terastallize|p2a: Christie Monteiro|Grass\n|move|p1a: Michelangelo|Fake Out||[still]\n|cant|p2a: Christie Monteiro|ability: Queenly Majesty|Fake Out|[of] p1a: Michelangelo\n|move|p2a: Christie Monteiro|Power Whip|p1b: Celinha|[miss]\n|-miss|p2a: Christie Monteiro|p1b: Celinha\n|move|p2b: Oi meu chapa|Dire Claw|p1a: Michelangelo\n|-damage|p1a: Michelangelo|67\/100\n|move|p1b: Celinha|Trick Room|p1b: Celinha\n|-fieldstart|move: Trick Room|[of] p1b: Celinha\n|\n|upkeep\n|turn|2\n|\n|t:|1699751128\n|switch|p2b: Stalleon|Umbreon, L50, M, shiny|100\/100\n|move|p1a: Michelangelo|Drain Punch|p2a: Christie Monteiro\n|-damage|p2a: Christie Monteiro|49\/100\n|-heal|p1a: Michelangelo|83\/100|[from] drain|[of] p2a: Christie Monteiro\n|move|p1b: Celinha|Psychic|p2b: Stalleon\n|-immune|p2b: Stalleon\n|move|p2a: Christie Monteiro|Power Whip|p1b: Celinha\n|-damage|p1b: Celinha|47\/100\n|\n|upkeep\n|turn|3\n|\n|t:|1699751154\n|move|p2b: Stalleon|Protect|p2b: Stalleon\n|-singleturn|p2b: Stalleon|Protect\n|move|p1a: Michelangelo|Drain Punch|p2a: Christie Monteiro\n|-damage|p2a: Christie Monteiro|0 fnt\n|-heal|p1a: Michelangelo|98\/100|[from] drain|[of] p2a: Christie Monteiro\n|faint|p2a: Christie Monteiro\n|move|p1b: Celinha|Lunar Blessing|p1b: Celinha|[spread] p1a,p1b\n|-heal|p1a: Michelangelo|100\/100\n|-heal|p1b: Celinha|72\/100\n|\n|upkeep\n|\n|t:|1699751160\n|switch|p2a: Den Den Mushi|Goodra-Hisui, L50, M|100\/100\n|turn|4\n|\n|t:|1699751201\n|move|p1b: Celinha|Helping Hand|p1a: Michelangelo\n|-singleturn|p1a: Michelangelo|Helping Hand|[of] p1b: Celinha\n|move|p1a: Michelangelo|Drain Punch|p2a: Den Den Mushi\n|-supereffective|p2a: Den Den Mushi\n|-damage|p2a: Den Den Mushi|0 fnt\n|faint|p2a: Den Den Mushi\n|move|p2b: Stalleon|Foul Play|p1b: Celinha\n|-supereffective|p1b: Celinha\n|-damage|p1b: Celinha|48\/100\n|\n|upkeep\n|\n|t:|1699751207\n|switch|p2a: Oi meu chapa|Sneasler, L50, F|100\/100\n|turn|5\n|\n|t:|1699751233\n|move|p2b: Stalleon|Protect|p2b: Stalleon\n|-singleturn|p2b: Stalleon|Protect\n|move|p2a: Oi meu chapa|Protect|p2a: Oi meu chapa\n|-singleturn|p2a: Oi meu chapa|Protect\n|move|p1a: Michelangelo|Heavy Slam|p2a: Oi meu chapa\n|-activate|p2a: Oi meu chapa|move: Protect\n|move|p1b: Celinha|Psychic|p2a: Oi meu chapa\n|-activate|p2a: Oi meu chapa|move: Protect\n|\n|-fieldend|move: Trick Room\n|upkeep\n|turn|6\n|j| DorititosKiller\n|\n|t:|1699751274\n|move|p1b: Celinha|Helping Hand|p1a: Michelangelo\n|-singleturn|p1a: Michelangelo|Helping Hand|[of] p1b: Celinha\n|move|p2a: Oi meu chapa|Dire Claw|p1b: Celinha\n|-damage|p1b: Celinha|18\/100\n|move|p2b: Stalleon|Foul Play|p1b: Celinha\n|-supereffective|p1b: Celinha\n|-damage|p1b: Celinha|0 fnt\n|faint|p1b: Celinha\n|move|p1a: Michelangelo|Drain Punch|p2b: Stalleon\n|-supereffective|p2b: Stalleon\n|-damage|p2b: Stalleon|0 fnt\n|faint|p2b: Stalleon\n|\n|upkeep\n|\n|t:|1699751288\n|switch|p1b: Hachiko|Arcanine-Hisui, L50, M|100\/100\n|-ability|p1b: Hachiko|Intimidate|boost\n|-unboost|p2a: Oi meu chapa|atk|1\n|-enditem|p2a: Oi meu chapa|White Herb\n|-clearnegativeboost|p2a: Oi meu chapa|[silent]\n|turn|7\n|\n|t:|1699751329\n|-terastallize|p1b: Hachiko|Grass\n|move|p2a: Oi meu chapa|Close Combat|p1b: Hachiko\n|-damage|p1b: Hachiko|28\/100\n|-unboost|p2a: Oi meu chapa|def|1\n|-unboost|p2a: Oi meu chapa|spd|1\n|-enditem|p1b: Hachiko|Sitrus Berry|[eat]\n|-heal|p1b: Hachiko|53\/100|[from] item: Sitrus Berry\n|move|p1b: Hachiko|Flare Blitz|p2a: Oi meu chapa\n|-damage|p2a: Oi meu chapa|0 fnt\n|faint|p2a: Oi meu chapa\n|-damage|p1b: Hachiko|27\/100|[from] Recoil\n|\n|win|Leon1das\n|j| lainshy\n|l| Yuri\n|c| DorititosKiller|jubsssss\n|l|\u2606Leon1das\n|l| DorititosKiller\n|l| PSmonteiro\n|l| Bard0_Gamer\n|l| Rebornsan93\n","uploadtime":1699751588,"views":11,"p1id":"leon1das","p2id":"lucasarreguy","formatid":"gen9vgc2023regulatione","rating":0,"private":0,"password":""}