{"id":"gen9vgc2023regulatione-1989005663","p1":"HydraulikToad","p2":"Dari157","format":"[Gen 9] VGC 2023 Regulation E","log":"|j|\u2606HydraulikToad\n|j|\u2606Dari157\n|t:|1699801219\n|gametype|doubles\n|player|p1|HydraulikToad|janine|1360\n|player|p2|Dari157|101|1264\n|teamsize|p1|6\n|teamsize|p2|6\n|gen|9\n|tier|[Gen 9] VGC 2023 Regulation E\n|rated|\n|rule|Species Clause: Limit one of each Pok\u00e9mon\n|rule|Item Clause: Limit one of each item\n|clearpoke\n|poke|p1|Muk-Alola, L50, M|\n|poke|p1|Scovillain, L50, M|\n|poke|p1|Sableye, L50, F|\n|poke|p1|Garganacl, L50, M|\n|poke|p1|Gliscor, L50, M|\n|poke|p1|Goodra-Hisui, L50, F|\n|poke|p2|Landorus-Therian, L50, M|\n|poke|p2|Urshifu-*, L50, F|\n|poke|p2|Flutter Mane, L50|\n|poke|p2|Chien-Pao, L50|\n|poke|p2|Amoonguss, L50, M|\n|poke|p2|Iron Hands, L50|\n|teampreview|4\n|\n|t:|1699801244\n|start\n|switch|p1a: Muk|Muk-Alola, L50, M|100\/100\n|switch|p1b: Scovillain|Scovillain, L50, M|100\/100\n|switch|p2a: Flutter Mane|Flutter Mane, L50|100\/100\n|switch|p2b: Amoonguss|Amoonguss, L50, M|100\/100\n|turn|1\n|inactive|Battle timer is ON: inactive players will automatically lose when time's up. (requested by HydraulikToad)\n|inactive|Dari157 also wants the timer to be on.\n|inactive|Dari157 has 60 seconds left.\n|\n|t:|1699801278\n|move|p2a: Flutter Mane|Dazzling Gleam|p1b: Scovillain|[spread] p1a,p1b\n|-resisted|p1b: Scovillain\n|-crit|p1b: Scovillain\n|-damage|p1a: Muk|69\/100\n|-damage|p1b: Scovillain|46\/100\n|move|p1b: Scovillain|Overheat|p2b: Amoonguss\n|-supereffective|p2b: Amoonguss\n|-damage|p2b: Amoonguss|0 fnt\n|-unboost|p1b: Scovillain|spa|2\n|faint|p2b: Amoonguss\n|move|p1a: Muk|Minimize|p1a: Muk\n|-boost|p1a: Muk|evasion|2\n|\n|-heal|p1a: Muk|75\/100|[from] item: Leftovers\n|-ability|p1b: Scovillain|Moody|boost\n|-boost|p1b: Scovillain|def|2\n|-unboost|p1b: Scovillain|spe|1\n|upkeep\n|\n|t:|1699801291\n|switch|p2b: Landorus|Landorus-Therian, L50, M|100\/100\n|-ability|p2b: Landorus|Intimidate|boost\n|-unboost|p1a: Muk|atk|1\n|-unboost|p1b: Scovillain|atk|1\n|turn|2\n|\n|t:|1699801312\n|move|p1a: Muk|Protect|p1a: Muk\n|-singleturn|p1a: Muk|Protect\n|move|p2a: Flutter Mane|Dazzling Gleam|p1b: Scovillain|[spread] p1b\n|-activate|p1a: Muk|move: Protect\n|-resisted|p1b: Scovillain\n|-damage|p1b: Scovillain|7\/100\n|move|p2b: Landorus|Stomping Tantrum|p1a: Muk\n|-activate|p1a: Muk|move: Protect\n|move|p1b: Scovillain|Overheat|p2a: Flutter Mane\n|-damage|p2a: Flutter Mane|68\/100\n|-unboost|p1b: Scovillain|spa|2\n|\n|-heal|p1a: Muk|82\/100|[from] item: Leftovers\n|-ability|p1b: Scovillain|Moody|boost\n|-boost|p1b: Scovillain|spa|2\n|-unboost|p1b: Scovillain|atk|1\n|upkeep\n|turn|3\n|\n|t:|1699801336\n|-terastallize|p1a: Muk|Grass\n|move|p2a: Flutter Mane|Dazzling Gleam|p1a: Muk|[spread] p1b\n|-miss|p2a: Flutter Mane|p1a: Muk\n|-resisted|p1b: Scovillain\n|-damage|p1b: Scovillain|0 fnt\n|faint|p1b: Scovillain\n|-ability|p1a: Muk|Moody|[from] ability: Power of Alchemy|[of] p1b: Scovillain\n|move|p2b: Landorus|Stomping Tantrum|p1a: Muk\n|-resisted|p1a: Muk\n|-damage|p1a: Muk|65\/100\n|move|p1a: Muk|Toxic|p2b: Landorus\n|-status|p2b: Landorus|tox\n|\n|-heal|p1a: Muk|71\/100|[from] item: Leftovers\n|-damage|p2b: Landorus|94\/100 tox|[from] psn\n|-ability|p1a: Muk|Moody|boost\n|-boost|p1a: Muk|def|2\n|-unboost|p1a: Muk|spd|1\n|upkeep\n|\n|t:|1699801351\n|switch|p1b: Sableye|Sableye, L50, F|100\/100\n|turn|4\n|\n|t:|1699801356\n|-terastallize|p2b: Landorus|Flying\n|move|p1b: Sableye|Disable|p2a: Flutter Mane\n|-start|p2a: Flutter Mane|Disable|Dazzling Gleam\n|cant|p2a: Flutter Mane|Disable|Dazzling Gleam\n|move|p2b: Landorus|Tera Blast|p1a: Muk|[anim] Tera Blast Flying|[miss]\n|-miss|p2b: Landorus|p1a: Muk\n|move|p1a: Muk|Minimize|p1a: Muk\n|-boost|p1a: Muk|evasion|2\n|\n|-heal|p1a: Muk|77\/100|[from] item: Leftovers\n|-damage|p2b: Landorus|82\/100 tox|[from] psn\n|-ability|p1a: Muk|Moody|boost\n|-boost|p1a: Muk|spe|2\n|-unboost|p1a: Muk|def|1\n|upkeep\n|turn|5\n|\n|t:|1699801369\n|-end|p2a: Flutter Mane|Protosynthesis|[silent]\n|switch|p2a: Chien-Pao|Chien-Pao, L50|100\/100\n|-ability|p2a: Chien-Pao|Sword of Ruin\n|move|p1b: Sableye|Disable|p2b: Landorus\n|-start|p2b: Landorus|Disable|Tera Blast\n|move|p1a: Muk|Toxic|p2a: Chien-Pao|[miss]\n|-miss|p1a: Muk|p2a: Chien-Pao\n|cant|p2b: Landorus|Disable|Tera Blast\n|\n|-heal|p1a: Muk|83\/100|[from] item: Leftovers\n|-damage|p2b: Landorus|64\/100 tox|[from] psn\n|-ability|p1a: Muk|Moody|boost\n|-boost|p1a: Muk|spa|2\n|-unboost|p1a: Muk|spe|1\n|upkeep\n|turn|6\n|\n|t:|1699801391\n|move|p1b: Sableye|Encore|p2b: Landorus\n|-start|p2b: Landorus|Encore\n|move|p2a: Chien-Pao|Icicle Crash|p1a: Muk|[miss]\n|-miss|p2a: Chien-Pao|p1a: Muk\n|cant|p2b: Landorus|Disable|Tera Blast\n|move|p1a: Muk|Knock Off|p2a: Chien-Pao\n|-resisted|p2a: Chien-Pao\n|-damage|p2a: Chien-Pao|85\/100\n|-enditem|p2a: Chien-Pao|Focus Sash|[from] move: Knock Off|[of] p1a: Muk\n|\n|-heal|p1a: Muk|89\/100|[from] item: Leftovers\n|-damage|p2b: Landorus|39\/100 tox|[from] psn\n|-ability|p1a: Muk|Moody|boost\n|-boost|p1a: Muk|spd|2\n|-unboost|p1a: Muk|atk|1\n|upkeep\n|turn|7\n|\n|t:|1699801408\n|switch|p2b: Flutter Mane|Flutter Mane, L50|68\/100\n|move|p2a: Chien-Pao|Icicle Crash|p1a: Muk\n|-supereffective|p1a: Muk\n|-damage|p1a: Muk|24\/100\n|cant|p1a: Muk|flinch\n|move|p1b: Sableye|Foul Play|p2a: Chien-Pao\n|-resisted|p2a: Chien-Pao\n|-damage|p2a: Chien-Pao|50\/100\n|\n|-heal|p1a: Muk|30\/100|[from] item: Leftovers\n|-ability|p1a: Muk|Moody|boost\n|-boost|p1a: Muk|spe|2\n|-unboost|p1a: Muk|spa|1\n|upkeep\n|turn|8\n|\n|t:|1699801426\n|move|p1b: Sableye|Protect|p1b: Sableye\n|-singleturn|p1b: Sableye|Protect\n|move|p1a: Muk|Protect|p1a: Muk\n|-singleturn|p1a: Muk|Protect\n|move|p2b: Flutter Mane|Dazzling Gleam|p1b: Sableye|[spread] \n|-activate|p1a: Muk|move: Protect\n|-activate|p1b: Sableye|move: Protect\n|move|p2a: Chien-Pao|Sacred Sword|p1a: Muk\n|-activate|p1a: Muk|move: Protect\n|\n|-heal|p1a: Muk|36\/100|[from] item: Leftovers\n|-ability|p1a: Muk|Moody|boost\n|-boost|p1a: Muk|atk|2\n|-unboost|p1a: Muk|spa|1\n|upkeep\n|turn|9\n|\n|t:|1699801439\n|move|p1b: Sableye|Disable|p2b: Flutter Mane\n|-start|p2b: Flutter Mane|Disable|Dazzling Gleam\n|cant|p2b: Flutter Mane|Disable|Dazzling Gleam\n|move|p2a: Chien-Pao|Sacred Sword|p1a: Muk\n|-damage|p1a: Muk|2\/100\n|move|p1a: Muk|Toxic|p2a: Chien-Pao\n|-status|p2a: Chien-Pao|tox\n|\n|-heal|p1a: Muk|8\/100|[from] item: Leftovers\n|-damage|p2a: Chien-Pao|44\/100 tox|[from] psn\n|-ability|p1a: Muk|Moody|boost\n|-boost|p1a: Muk|spe|2\n|-unboost|p1a: Muk|spd|1\n|upkeep\n|turn|10\n|\n|t:|1699801453\n|-end|p2b: Flutter Mane|Protosynthesis|[silent]\n|switch|p2b: Landorus|Landorus-Therian, L50, M, tera:Flying|39\/100 tox\n|-ability|p2b: Landorus|Intimidate|boost\n|-unboost|p1a: Muk|atk|1\n|-unboost|p1b: Sableye|atk|1\n|move|p1a: Muk|Protect|p1a: Muk\n|-singleturn|p1a: Muk|Protect\n|move|p2a: Chien-Pao|Sacred Sword|p1a: Muk\n|-activate|p1a: Muk|move: Protect\n|move|p1b: Sableye|Foul Play|p2b: Landorus\n|-damage|p2b: Landorus|0 fnt\n|faint|p2b: Landorus\n|\n|-heal|p1a: Muk|14\/100|[from] item: Leftovers\n|-damage|p2a: Chien-Pao|32\/100 tox|[from] psn\n|-ability|p1a: Muk|Moody|boost\n|-boost|p1a: Muk|spe|1\n|-unboost|p1a: Muk|spd|1\n|upkeep\n|\n|t:|1699801459\n|switch|p2b: Flutter Mane|Flutter Mane, L50|68\/100\n|turn|11\n|\n|t:|1699801479\n|move|p1b: Sableye|Protect|p1b: Sableye\n|-singleturn|p1b: Sableye|Protect\n|move|p1a: Muk|Knock Off|p2a: Chien-Pao\n|-resisted|p2a: Chien-Pao\n|-damage|p2a: Chien-Pao|22\/100 tox\n|move|p2b: Flutter Mane|Moonblast|p1b: Sableye\n|-activate|p1b: Sableye|move: Protect\n|move|p2a: Chien-Pao|Sacred Sword|p1a: Muk\n|-damage|p1a: Muk|0 fnt\n|faint|p1a: Muk\n|\n|-damage|p2a: Chien-Pao|4\/100 tox|[from] psn\n|upkeep\n|\n|t:|1699801490\n|switch|p1a: Gliscor|Gliscor, L50, M|100\/100\n|turn|12\n|\n|t:|1699801500\n|move|p1a: Gliscor|Protect|p1a: Gliscor\n|-singleturn|p1a: Gliscor|Protect\n|move|p1b: Sableye|Disable|p2b: Flutter Mane\n|-start|p2b: Flutter Mane|Disable|Moonblast\n|cant|p2b: Flutter Mane|Disable|Moonblast\n|move|p2a: Chien-Pao|Icicle Crash|p1a: Gliscor\n|-activate|p1a: Gliscor|move: Protect\n|\n|-damage|p2a: Chien-Pao|0 fnt|[from] psn\n|faint|p2a: Chien-Pao\n|-status|p1a: Gliscor|tox|[from] item: Toxic Orb\n|upkeep\n|turn|13\n|-message|Dari157 forfeited.\n|\n|win|HydraulikToad\n|raw|HydraulikToad's rating: 1360 &rarr; <strong>1375<\/strong><br \/>(+15 for winning)\n|raw|Dari157's rating: 1264 &rarr; <strong>1246<\/strong><br \/>(-18 for losing)\n|l|\u2606Dari157\n|c|\u2606HydraulikToad|Gg\n","uploadtime":1699801529,"views":14,"p1id":"hydrauliktoad","p2id":"dari157","formatid":"gen9vgc2023regulatione","rating":1246,"private":0,"password":""}