{"id":"gen9vgc2023regulatione-1994956872","p1":"QrdeJegoMac","p2":"bwan","format":"[Gen 9] VGC 2023 Regulation E","log":"|j|\u2606QrdeJegoMac\n|j|\u2606bwan\n|t:|1700507988\n|gametype|doubles\n|player|p1|QrdeJegoMac|266|1532\n|player|p2|bwan|1|1505\n|teamsize|p1|6\n|teamsize|p2|6\n|gen|9\n|tier|[Gen 9] VGC 2023 Regulation E\n|rated|\n|rule|Species Clause: Limit one of each Pok\u00e9mon\n|rule|Item Clause: Limit one of each item\n|clearpoke\n|poke|p1|Chien-Pao, L50|\n|poke|p1|Arcanine-Hisui, L50, M|\n|poke|p1|Urshifu-*, L50, M|\n|poke|p1|Tornadus, L50, M|\n|poke|p1|Rillaboom, L50, M|\n|poke|p1|Flutter Mane, L50|\n|poke|p2|Chien-Pao, L50|\n|poke|p2|Dragonite, L50, M|\n|poke|p2|Urshifu-*, L50, F|\n|poke|p2|Rillaboom, L50, M|\n|poke|p2|Heatran, L50, F|\n|poke|p2|Farigiraf, L50, F|\n|teampreview|4\n|inactive|Battle timer is ON: inactive players will automatically lose when time's up. (requested by QrdeJegoMac)\n|\n|t:|1700508013\n|start\n|switch|p1a: Arcanine|Arcanine-Hisui, L50, M|100\/100\n|switch|p1b: Chien-Pao|Chien-Pao, L50|100\/100\n|switch|p2a: Rillaboom|Rillaboom, L50, M|100\/100\n|switch|p2b: Farigiraf|Farigiraf, L50, F|100\/100\n|-ability|p1b: Chien-Pao|Sword of Ruin\n|-ability|p1a: Arcanine|Intimidate|boost\n|-unboost|p2a: Rillaboom|atk|1\n|-unboost|p2b: Farigiraf|atk|1\n|-fieldstart|move: Grassy Terrain|[from] ability: Grassy Surge|[of] p2a: Rillaboom\n|turn|1\n|\n|t:|1700508031\n|-terastallize|p1b: Chien-Pao|Poison\n|move|p2a: Rillaboom|Fake Out|p1b: Chien-Pao\n|-damage|p1b: Chien-Pao|87\/100\n|cant|p1b: Chien-Pao|flinch\n|move|p1a: Arcanine|Head Smash|p2b: Farigiraf\n|-damage|p2b: Farigiraf|0 fnt\n|faint|p2b: Farigiraf\n|-damage|p1a: Arcanine|40\/100|[from] Recoil\n|\n|-heal|p1b: Chien-Pao|93\/100|[from] Grassy Terrain\n|-heal|p1a: Arcanine|46\/100|[from] Grassy Terrain\n|upkeep\n|\n|t:|1700508049\n|switch|p2b: Heatran|Heatran, L50, F|100\/100\n|turn|2\n|\n|t:|1700508060\n|-terastallize|p2b: Heatran|Fairy\n|move|p2a: Rillaboom|Grassy Glide|p1a: Arcanine\n|-damage|p1a: Arcanine|2\/100\n|move|p1b: Chien-Pao|Icicle Crash|p2a: Rillaboom\n|-supereffective|p2a: Rillaboom\n|-damage|p2a: Rillaboom|0 fnt\n|faint|p2a: Rillaboom\n|-damage|p1b: Chien-Pao|84\/100|[from] item: Life Orb\n|move|p1a: Arcanine|Head Smash|p2b: Heatran\n|-damage|p2b: Heatran|0 fnt\n|faint|p2b: Heatran\n|-damage|p1a: Arcanine|0 fnt|[from] Recoil\n|faint|p1a: Arcanine\n|\n|-heal|p1b: Chien-Pao|89\/100|[from] Grassy Terrain\n|upkeep\n|\n|t:|1700508080\n|switch|p1a: Rillaboom|Rillaboom, L50, M|100\/100\n|switch|p2a: Dragonite|Dragonite, L50, M|100\/100\n|turn|3\n|\n|t:|1700508096\n|move|p1b: Chien-Pao|Protect|p1b: Chien-Pao\n|-singleturn|p1b: Chien-Pao|Protect\n|move|p2a: Dragonite|Extreme Speed|p1b: Chien-Pao\n|-activate|p1b: Chien-Pao|move: Protect\n|move|p1a: Rillaboom|Wood Hammer|p2a: Dragonite\n|-resisted|p2a: Dragonite\n|-damage|p2a: Dragonite|71\/100\n|-damage|p1a: Rillaboom|92\/100|[from] Recoil\n|\n|-heal|p1b: Chien-Pao|95\/100|[from] Grassy Terrain\n|-heal|p1a: Rillaboom|98\/100|[from] Grassy Terrain\n|upkeep\n|turn|4\n|\n|t:|1700508110\n|switch|p1b: Urshifu|Urshifu-Rapid-Strike, L50, M|100\/100\n|move|p2a: Dragonite|Extreme Speed|p1b: Urshifu\n|-damage|p1b: Urshifu|55\/100\n|move|p1a: Rillaboom|Wood Hammer|p2a: Dragonite\n|-resisted|p2a: Dragonite\n|-damage|p2a: Dragonite|48\/100\n|-damage|p1a: Rillaboom|92\/100|[from] Recoil\n|\n|-heal|p1b: Urshifu|61\/100|[from] Grassy Terrain\n|-heal|p1a: Rillaboom|98\/100|[from] Grassy Terrain\n|upkeep\n|turn|5\n|\n|t:|1700508124\n|move|p2a: Dragonite|Extreme Speed|p1b: Urshifu\n|-damage|p1b: Urshifu|16\/100\n|move|p1b: Urshifu|Surging Strikes|p2a: Dragonite\n|-resisted|p2a: Dragonite\n|-crit|p2a: Dragonite\n|-damage|p2a: Dragonite|34\/100\n|-resisted|p2a: Dragonite\n|-crit|p2a: Dragonite\n|-damage|p2a: Dragonite|20\/100\n|-resisted|p2a: Dragonite\n|-crit|p2a: Dragonite\n|-damage|p2a: Dragonite|6\/100\n|-hitcount|p2a: Dragonite|3\n|move|p1a: Rillaboom|Wood Hammer|p2a: Dragonite\n|-resisted|p2a: Dragonite\n|-damage|p2a: Dragonite|0 fnt\n|faint|p2a: Dragonite\n|-damage|p1a: Rillaboom|96\/100|[from] Recoil\n|\n|win|QrdeJegoMac\n|raw|QrdeJegoMac's rating: 1532 &rarr; <strong>1550<\/strong><br \/>(+18 for winning)\n|raw|bwan's rating: 1505 &rarr; <strong>1487<\/strong><br \/>(-18 for losing)\n|l|\u2606bwan\n","uploadtime":1700508170,"views":4,"p1id":"qrdejegomac","p2id":"bwan","formatid":"gen9vgc2023regulatione","rating":1487,"private":0,"password":""}