{"id":"gen9vgc2023regulatione-1996936503","p1":"tomcheung22","p2":"dimsumatemysnorlax","format":"[Gen 9] VGC 2023 Regulation E","log":"|j|\u2606tomcheung22\n|j|\u2606dimsumatemysnorlax\n|t:|1700746986\n|gametype|doubles\n|player|p1|tomcheung22|lady-gen4|\n|player|p2|dimsumatemysnorlax|eusine|\n|teamsize|p1|6\n|teamsize|p2|6\n|gen|9\n|tier|[Gen 9] VGC 2023 Regulation E\n|rated|Tournament battle\n|rule|Species Clause: Limit one of each Pok\u00e9mon\n|rule|Item Clause: Limit one of each item\n|clearpoke\n|poke|p1|Flutter Mane, L50|\n|poke|p1|Chi-Yu, L50|\n|poke|p1|Tornadus, L50, M|\n|poke|p1|Regieleki, L50|\n|poke|p1|Ogerpon-Wellspring, L50, F|\n|poke|p1|Indeedee-F, L50, F|\n|poke|p2|Roaring Moon, L50|\n|poke|p2|Amoonguss, L50, M|\n|poke|p2|Iron Hands, L50|\n|poke|p2|Heatran, L50, F|\n|poke|p2|Landorus-Therian, L50, M|\n|poke|p2|Flutter Mane, L50|\n|teampreview|4\n|showteam|p1|Flutter Mane||FocusSash|Protosynthesis|DazzlingGleam,Moonblast,ShadowBall,Protect||||||50|,,,,,Fairy]Chi-Yu||LifeOrb|BeadsofRuin|HeatWave,Overheat,Snarl,Protect||||||50|,,,,,Fire]Tornadus||SafetyGoggles|Prankster|BleakwindStorm,Tailwind,RainDance,Protect|||M|||50|,,,,,Dark]Regieleki||Magnet|Transistor|Thunderbolt,Electroweb,TeraBlast,Protect||||||50|,,,,,Ice]Ogerpon-Wellspring||WellspringMask|WaterAbsorb|IvyCudgel,HornLeech,SwordsDance,SpikyShield|||F|||50|,,,,,Water]Indeedee-F||PsychicSeed|PsychicSurge|Psychic,FollowMe,HelpingHand,Protect|||F|||50|,,,,,Dragon\n|showteam|p2|Roaring Moon||BoosterEnergy|Protosynthesis|Acrobatics,KnockOff,DragonDance,Protect||||||50|,,,,,Flying]Amoonguss||SitrusBerry|Regenerator|Protect,RagePowder,Spore,PollenPuff|||M|||50|,,,,,Water]Iron Hands||AssaultVest|QuarkDrive|WildCharge,HeavySlam,DrainPunch,FakeOut||||||50|,,,,,Water]Heatran||Leftovers|FlashFire|MagmaStorm,EarthPower,Substitute,Protect|||F|||50|,,,,,Dragon]Landorus-Therian||ChoiceScarf|Intimidate|TeraBlast,StompingTantrum,RockTomb,Uturn|||M|||50|,,,,,Flying]Flutter Mane||ChoiceSpecs|Protosynthesis|Moonblast,DazzlingGleam,ShadowBall,IcyWind||||||50|,,,,,Fairy\n|j| Bruno the star\n|j| fyfyyalt1\n|inactive|Battle timer is ON: inactive players will automatically lose when time's up. (requested by dimsumatemysnorlax)\n|\n|t:|1700747043\n|start\n|switch|p1a: Tornadus|Tornadus, L50, M|100\/100\n|switch|p1b: Ogerpon|Ogerpon-Wellspring, L50, F|100\/100\n|switch|p2a: Landorus|Landorus-Therian, L50, M|100\/100\n|switch|p2b: Heatran|Heatran, L50, F|100\/100\n|-ability|p2a: Landorus|Intimidate|boost\n|-unboost|p1a: Tornadus|atk|1\n|-unboost|p1b: Ogerpon|atk|1\n|turn|1\n|inactive|dimsumatemysnorlax has 30 seconds left.\n|inactive|dimsumatemysnorlax has 20 seconds left.\n|inactive|dimsumatemysnorlax has 15 seconds left.\n|\n|t:|1700747084\n|switch|p2a: Iron Hands|Iron Hands, L50|100\/100\n|-terastallize|p2b: Heatran|Dragon\n|move|p1a: Tornadus|Protect|p1a: Tornadus\n|-singleturn|p1a: Tornadus|Protect\n|move|p1b: Ogerpon|Spiky Shield|p1b: Ogerpon\n|-singleturn|p1b: Ogerpon|move: Protect\n|move|p2b: Heatran|Magma Storm|p1b: Ogerpon\n|-activate|p1b: Ogerpon|move: Protect\n|\n|upkeep\n|turn|2\n|inactive|tomcheung22 has 30 seconds left.\n|\n|t:|1700747115\n|switch|p1b: Flutter Mane|Flutter Mane, L50|100\/100\n|move|p1a: Tornadus|Bleakwind Storm|p2b: Heatran|[spread] p2a,p2b\n|-damage|p2a: Iron Hands|84\/100\n|-damage|p2b: Heatran|74\/100\n|move|p2b: Heatran|Magma Storm|p1b: Flutter Mane\n|-damage|p1b: Flutter Mane|40\/100\n|-activate|p1b: Flutter Mane|move: Magma Storm|[of] p2b: Heatran\n|move|p2a: Iron Hands|Heavy Slam|p1b: Flutter Mane\n|-supereffective|p1b: Flutter Mane\n|-damage|p1b: Flutter Mane|0 fnt\n|faint|p1b: Flutter Mane\n|-end|p1b: Flutter Mane|Protosynthesis|[silent]\n|\n|-heal|p2b: Heatran|80\/100|[from] item: Leftovers\n|upkeep\n|c| fyfyyalt1|wait\n|c| fyfyyalt1|that might be one of the best teras\n|c| fyfyyalt1|for heatran\n|\n|t:|1700747137\n|switch|p1b: Ogerpon|Ogerpon-Wellspring, L50, F|100\/100\n|turn|3\n|\n|t:|1700747158\n|-end|p2a: Iron Hands|Quark Drive|[silent]\n|switch|p2a: Landorus|Landorus-Therian, L50, M|100\/100\n|-ability|p2a: Landorus|Intimidate|boost\n|-unboost|p1a: Tornadus|atk|1\n|-unboost|p1b: Ogerpon|atk|1\n|move|p1b: Ogerpon|Spiky Shield|p1b: Ogerpon\n|-singleturn|p1b: Ogerpon|move: Protect\n|move|p1a: Tornadus|Bleakwind Storm|p2a: Landorus|[spread] p2a\n|-miss|p1a: Tornadus|p2b: Heatran\n|-damage|p2a: Landorus|66\/100\n|-unboost|p2a: Landorus|spe|1\n|move|p2b: Heatran|Magma Storm|p1b: Ogerpon\n|-activate|p1b: Ogerpon|move: Protect\n|\n|-heal|p2b: Heatran|86\/100|[from] item: Leftovers\n|upkeep\n|turn|4\n|\n|t:|1700747180\n|switch|p2a: Amoonguss|Amoonguss, L50, M|100\/100\n|move|p1b: Ogerpon|Swords Dance|p1b: Ogerpon\n|-boost|p1b: Ogerpon|atk|2\n|move|p1a: Tornadus|Bleakwind Storm|p2b: Heatran|[spread] p2a,p2b\n|-supereffective|p2a: Amoonguss\n|-damage|p2a: Amoonguss|40\/100\n|-damage|p2b: Heatran|59\/100\n|-unboost|p2b: Heatran|spe|1\n|-enditem|p2a: Amoonguss|Sitrus Berry|[eat]\n|-heal|p2a: Amoonguss|65\/100|[from] item: Sitrus Berry\n|move|p2b: Heatran|Magma Storm|p1a: Tornadus\n|-damage|p1a: Tornadus|38\/100\n|-activate|p1a: Tornadus|move: Magma Storm|[of] p2b: Heatran\n|\n|-heal|p2b: Heatran|65\/100|[from] item: Leftovers\n|-damage|p1a: Tornadus|25\/100|[from] move: Magma Storm|[partiallytrapped]\n|upkeep\n|turn|5\n|j| Kal0sunleashed\n|j| infernape339\n|inactive|tomcheung22 has 30 seconds left.\n|inactive|dimsumatemysnorlax has 30 seconds left.\n|inactive|tomcheung22 has 20 seconds left.\n|inactive|dimsumatemysnorlax has 20 seconds left.\n|\n|t:|1700747215\n|switch|p2a: Landorus|Landorus-Therian, L50, M|66\/100\n|-ability|p2a: Landorus|Intimidate|boost\n|-unboost|p1a: Tornadus|atk|1\n|-unboost|p1b: Ogerpon|atk|1\n|move|p1b: Ogerpon|Ivy Cudgel|p2b: Heatran|[anim] Ivy Cudgel Water\n|-resisted|p2b: Heatran\n|-damage|p2b: Heatran|37\/100\n|move|p1a: Tornadus|Bleakwind Storm|p2a: Landorus|[spread] p2a,p2b\n|-damage|p2a: Landorus|26\/100\n|-damage|p2b: Heatran|10\/100\n|move|p2b: Heatran|Magma Storm|p1b: Ogerpon\n|-damage|p1b: Ogerpon|46\/100\n|-activate|p1b: Ogerpon|move: Magma Storm|[of] p2b: Heatran\n|\n|-heal|p2b: Heatran|16\/100|[from] item: Leftovers\n|-damage|p1b: Ogerpon|34\/100|[from] move: Magma Storm|[partiallytrapped]\n|-damage|p1a: Tornadus|13\/100|[from] move: Magma Storm|[partiallytrapped]\n|upkeep\n|turn|6\n|inactive|dimsumatemysnorlax has 30 seconds left.\n|\n|t:|1700747246\n|switch|p2a: Iron Hands|Iron Hands, L50|84\/100\n|move|p2b: Heatran|Protect|p2b: Heatran\n|-singleturn|p2b: Heatran|Protect\n|move|p1a: Tornadus|Tailwind|p1a: Tornadus\n|-sidestart|p1: tomcheung22|move: Tailwind\n|move|p1b: Ogerpon|Ivy Cudgel|p2a: Iron Hands|[anim] Ivy Cudgel Water\n|-damage|p2a: Iron Hands|43\/100\n|\n|-heal|p2b: Heatran|22\/100|[from] item: Leftovers\n|-damage|p1b: Ogerpon|21\/100|[from] move: Magma Storm|[partiallytrapped]\n|-damage|p1a: Tornadus|0 fnt|[from] move: Magma Storm|[partiallytrapped]\n|faint|p1a: Tornadus\n|upkeep\n|\n|t:|1700747259\n|switch|p1a: Regieleki|Regieleki, L50|100\/100\n|turn|7\n|j| bloodcurseuk\n|inactive|tomcheung22 has 30 seconds left.\n|inactive|tomcheung22 has 20 seconds left.\n|inactive|tomcheung22 has 15 seconds left.\n|inactive|tomcheung22 has 10 seconds left.\n|inactive|dimsumatemysnorlax has 30 seconds left.\n|inactive|tomcheung22 has 5 seconds left.\n|inactive|dimsumatemysnorlax has 20 seconds left.\n|\n|t:|1700747323\n|switch|p2b: Amoonguss|Amoonguss, L50, M|98\/100\n|-terastallize|p1a: Regieleki|Ice\n|move|p2a: Iron Hands|Fake Out|p1a: Regieleki\n|-crit|p1a: Regieleki\n|-damage|p1a: Regieleki|64\/100\n|cant|p1a: Regieleki|flinch\n|move|p1b: Ogerpon|Ivy Cudgel|p2a: Iron Hands|[anim] Ivy Cudgel Water\n|-crit|p2a: Iron Hands\n|-damage|p2a: Iron Hands|0 fnt\n|faint|p2a: Iron Hands\n|-end|p2a: Iron Hands|Quark Drive|[silent]\n|\n|-end|p1b: Ogerpon|Magma Storm|[partiallytrapped]|[silent]\n|upkeep\n|\n|t:|1700747345\n|switch|p2a: Heatran|Heatran, L50, F, tera:Dragon|22\/100\n|turn|8\n|inactive|dimsumatemysnorlax has 30 seconds left.\n|inactive|dimsumatemysnorlax has 20 seconds left.\n|\n|t:|1700747389\n|move|p1a: Regieleki|Tera Blast|p2a: Heatran|[anim] Tera Blast Ice\n|-supereffective|p2a: Heatran\n|-damage|p2a: Heatran|0 fnt\n|faint|p2a: Heatran\n|move|p1b: Ogerpon|Swords Dance|p1b: Ogerpon\n|-boost|p1b: Ogerpon|atk|2\n|move|p2b: Amoonguss|Spore|p1a: Regieleki\n|-status|p1a: Regieleki|slp|[from] move: Spore\n|\n|upkeep\n|\n|t:|1700747393\n|switch|p2a: Landorus|Landorus-Therian, L50, M|26\/100\n|-ability|p2a: Landorus|Intimidate|boost\n|-unboost|p1a: Regieleki|atk|1\n|-unboost|p1b: Ogerpon|atk|1\n|turn|9\n|\n|t:|1700747411\n|cant|p1a: Regieleki|slp\n|move|p1b: Ogerpon|Horn Leech|p2a: Landorus\n|-damage|p2a: Landorus|0 fnt\n|-heal|p1b: Ogerpon|35\/100|[from] drain|[of] p2a: Landorus\n|faint|p2a: Landorus\n|move|p2b: Amoonguss|Pollen Puff|p1b: Ogerpon\n|-supereffective|p1b: Ogerpon\n|-damage|p1b: Ogerpon|0 fnt\n|faint|p1b: Ogerpon\n|\n|-sideend|p1: tomcheung22|move: Tailwind\n|upkeep\n|turn|10\n|\n|t:|1700747428\n|-curestatus|p1a: Regieleki|slp|[msg]\n|move|p1a: Regieleki|Tera Blast|p2b: Amoonguss|[anim] Tera Blast Ice\n|-supereffective|p2b: Amoonguss\n|-damage|p2b: Amoonguss|40\/100\n|move|p2b: Amoonguss|Pollen Puff|p1a: Regieleki\n|-damage|p1a: Regieleki|35\/100\n|\n|upkeep\n|turn|11\n|\n|t:|1700747437\n|move|p2b: Amoonguss|Protect|p2b: Amoonguss\n|-singleturn|p2b: Amoonguss|Protect\n|move|p1a: Regieleki|Tera Blast|p2b: Amoonguss|[anim] Tera Blast Ice\n|-activate|p2b: Amoonguss|move: Protect\n|\n|upkeep\n|turn|12\n|\n|t:|1700747440\n|move|p1a: Regieleki|Tera Blast|p2b: Amoonguss|[anim] Tera Blast Ice\n|-supereffective|p2b: Amoonguss\n|-damage|p2b: Amoonguss|0 fnt\n|faint|p2b: Amoonguss\n|\n|win|tomcheung22\n|n|\u2606tomcheung22|tomcheung22\n|n|\u2606dimsumatemysnorlax|dimsumatemysnorlax\n|n| Bruno the star|brunothestar\n|n| fyfyyalt1|fyfyyalt1\n|n| Kal0sunleashed|kal0sunleashed\n|n| infernape339|infernape339\n|n| bloodcurseuk|bloodcurseuk\n","uploadtime":1700747442,"views":1,"p1id":"tomcheung22","p2id":"dimsumatemysnorlax","formatid":"gen9vgc2023regulatione","rating":0,"private":0,"password":""}