{"id":"gen9vgc2023regulatione-1990101869","p1":"recantodanumi","p2":"amelia24","format":"[Gen 9] VGC 2023 Regulation E","log":"|j|\u2606recantodanumi\n|j|\u2606amelia24\n|n|\u2606recantodanumi|recantodanumi\n|n|\u2606amelia24|amelia24\n|html|View the match progress at <a href=\"\/game-bestof3-gen9vgc2023regulatione-1990101868\">game-bestof3-gen9vgc2023regulatione-1990101868<\/a>\n|t:|1699924713\n|gametype|doubles\n|player|p1|recantodanumi|roxie|\n|player|p2|amelia24|roxie|\n|teamsize|p1|6\n|teamsize|p2|6\n|gen|9\n|tier|[Gen 9] VGC 2023 Regulation E\n|rule|Species Clause: Limit one of each Pok\u00e9mon\n|rule|Item Clause: Limit one of each item\n|clearpoke\n|poke|p1|Iron Hands, L50|\n|poke|p1|Rillaboom, L50, F|\n|poke|p1|Heatran, L50, F|\n|poke|p1|Urshifu-*, L50, F|\n|poke|p1|Grimmsnarl, L50, M|\n|poke|p1|Cresselia, L50, F|\n|poke|p2|Ogerpon-Wellspring, L50, F|\n|poke|p2|Urshifu-*, L50, M|\n|poke|p2|Flutter Mane, L50|\n|poke|p2|Iron Hands, L50|\n|poke|p2|Tornadus, L50, M|\n|poke|p2|Landorus-Therian, L50, M|\n|teampreview|4\nrecantodanumi has agreed to open team sheets.\n|\n|t:|1699924756\n|start\n|switch|p1a: Urshifu|Urshifu-Rapid-Strike, L50, F|100\/100\n|switch|p1b: Iron Hands|Iron Hands, L50|100\/100\n|switch|p2a: Ogerpon|Ogerpon-Wellspring, L50, F|100\/100\n|switch|p2b: Tornadus|Tornadus, L50, M|100\/100\n|-enditem|p1b: Iron Hands|Booster Energy\n|-activate|p1b: Iron Hands|ability: Quark Drive|[fromitem]\n|-start|p1b: Iron Hands|quarkdriveatk\n|turn|1\n|\n|t:|1699924777\n|-terastallize|p1a: Urshifu|Flying\n|move|p2a: Ogerpon|Horn Leech|p1a: Urshifu\n|-resisted|p1a: Urshifu\n|-damage|p1a: Urshifu|82\/100\n|move|p1a: Urshifu|Acrobatics|p2a: Ogerpon\n|-supereffective|p2a: Ogerpon\n|-damage|p2a: Ogerpon|35\/100\n|move|p2b: Tornadus|Bleakwind Storm|p1b: Iron Hands|[spread] p1a,p1b\n|-damage|p1a: Urshifu|32\/100\n|-damage|p1b: Iron Hands|80\/100\n|-unboost|p1b: Iron Hands|spe|1\n|move|p1b: Iron Hands|Wild Charge|p2b: Tornadus\n|-supereffective|p2b: Tornadus\n|-damage|p2b: Tornadus|0 fnt\n|faint|p2b: Tornadus\n|-damage|p1b: Iron Hands|63\/100|[from] Recoil\n|\n|upkeep\n|\n|t:|1699924791\n|switch|p2b: Landorus|Landorus-Therian, L50, M|100\/100\n|-ability|p2b: Landorus|Intimidate|boost\n|-unboost|p1a: Urshifu|atk|1\n|-unboost|p1b: Iron Hands|atk|1\n|turn|2\n|\n|t:|1699924808\n|move|p2a: Ogerpon|Spiky Shield|p2a: Ogerpon\n|-singleturn|p2a: Ogerpon|move: Protect\n|move|p1a: Urshifu|Protect|p1a: Urshifu\n|-singleturn|p1a: Urshifu|Protect\n|move|p2b: Landorus|Rock Slide|p1b: Iron Hands|[spread] \n|-activate|p1a: Urshifu|move: Protect\n|-miss|p2b: Landorus|p1b: Iron Hands\n|move|p1b: Iron Hands|Wild Charge|p2a: Ogerpon\n|-activate|p2a: Ogerpon|move: Protect\n|-damage|p1b: Iron Hands|51\/100|[from] Spiky Shield|[of] p2a: Ogerpon\n|\n|upkeep\n|turn|3\n|\n|t:|1699924843\n|switch|p1a: Cresselia|Cresselia, L50, F|100\/100\n|move|p2a: Ogerpon|Follow Me|p2a: Ogerpon\n|-singleturn|p2a: Ogerpon|move: Follow Me\n|move|p2b: Landorus|Rock Slide|p1a: Cresselia|[spread] p1a,p1b\n|-resisted|p1b: Iron Hands\n|-damage|p1a: Cresselia|88\/100\n|-damage|p1b: Iron Hands|44\/100\n|move|p1b: Iron Hands|Wild Charge|p2a: Ogerpon\n|-damage|p2a: Ogerpon|0 fnt\n|faint|p2a: Ogerpon\n|-damage|p1b: Iron Hands|39\/100|[from] Recoil\n|\n|upkeep\n|\n|t:|1699924855\n|switch|p2a: Urshifu|Urshifu-Rapid-Strike, L50, M|100\/100\n|turn|4\n|\n|t:|1699924864\n|move|p2b: Landorus|Rock Slide|p1a: Cresselia|[spread] p1a,p1b\n|-resisted|p1b: Iron Hands\n|-damage|p1a: Cresselia|76\/100\n|-damage|p1b: Iron Hands|32\/100\n|move|p2a: Urshifu|Surging Strikes|p1a: Cresselia\n|-crit|p1a: Cresselia\n|-damage|p1a: Cresselia|62\/100\n|-crit|p1a: Cresselia\n|-damage|p1a: Cresselia|48\/100\n|-crit|p1a: Cresselia\n|-damage|p1a: Cresselia|36\/100\n|-hitcount|p1a: Cresselia|3\n|move|p1a: Cresselia|Lunar Blessing|p1a: Cresselia|[spread] p1a,p1b\n|-heal|p1a: Cresselia|61\/100\n|-heal|p1b: Iron Hands|57\/100\n|cant|p1b: Iron Hands|flinch\n|\n|upkeep\n|turn|5\n|\n|t:|1699924893\n|move|p1a: Cresselia|Ally Switch|p1a: Cresselia\n|swap|p1a: Cresselia|1|[from] move: Ally Switch\n|move|p2b: Landorus|Rock Slide|p1b: Cresselia|[spread] p1a,p1b\n|-resisted|p1a: Iron Hands\n|-damage|p1a: Iron Hands|52\/100\n|-damage|p1b: Cresselia|48\/100\n|move|p2a: Urshifu|Surging Strikes|p1b: Cresselia\n|-crit|p1b: Cresselia\n|-damage|p1b: Cresselia|34\/100\n|-crit|p1b: Cresselia\n|-damage|p1b: Cresselia|23\/100\n|-crit|p1b: Cresselia\n|-damage|p1b: Cresselia|9\/100\n|-hitcount|p1b: Cresselia|3\n|move|p1a: Iron Hands|Wild Charge|p2a: Urshifu\n|-supereffective|p2a: Urshifu\n|-damage|p2a: Urshifu|35\/100\n|-damage|p1a: Iron Hands|40\/100|[from] Recoil\n|\n|upkeep\n|turn|6\n|\n|t:|1699924915\n|move|p1b: Cresselia|Protect||[still]\n|-fail|p1b: Cresselia\n|move|p2b: Landorus|Rock Slide|p1a: Iron Hands|[spread] p1a,p1b\n|-resisted|p1a: Iron Hands\n|-damage|p1a: Iron Hands|33\/100\n|-damage|p1b: Cresselia|0 fnt\n|faint|p1b: Cresselia\n|move|p2a: Urshifu|Surging Strikes|p1a: Iron Hands\n|-crit|p1a: Iron Hands\n|-damage|p1a: Iron Hands|19\/100\n|-crit|p1a: Iron Hands\n|-damage|p1a: Iron Hands|6\/100\n|-crit|p1a: Iron Hands\n|-damage|p1a: Iron Hands|0 fnt\n|faint|p1a: Iron Hands\n|-end|p1a: Iron Hands|Quark Drive|[silent]\n|-hitcount|p1: Iron Hands|3\n|\n|upkeep\n|\n|t:|1699924922\n|switch|p1b: Heatran|Heatran, L50, F|100\/100\n|switch|p1a: Urshifu|Urshifu-Rapid-Strike, L50, F, tera:Flying|32\/100\n|turn|7\n|\n|t:|1699924941\n|-terastallize|p2a: Urshifu|Water\n|move|p2b: Landorus|Rock Slide|p1a: Urshifu|[spread] p1a,p1b\n|-supereffective|p1a: Urshifu\n|-damage|p1a: Urshifu|0 fnt\n|-damage|p1b: Heatran|83\/100\n|faint|p1a: Urshifu\n|move|p2a: Urshifu|Surging Strikes|p1b: Heatran\n|-supereffective|p1b: Heatran\n|-crit|p1b: Heatran\n|-damage|p1b: Heatran|34\/100\n|-supereffective|p1b: Heatran\n|-crit|p1b: Heatran\n|-damage|p1b: Heatran|0 fnt\n|faint|p1b: Heatran\n|-hitcount|p1: Heatran|2\n|\n|win|amelia24\n|inactive|recantodanumi has 50 seconds to confirm battle start!\n|inactive|amelia24 has 50 seconds to confirm battle start!\n|c|&|\/uhtml prompt-recantodanumi,recantodanumi is ready for game 2!\n|inactive|amelia24 has 40 seconds to confirm battle start!\n|inactive|amelia24 has 30 seconds to confirm battle start!\n|inactive|amelia24 has 20 seconds to confirm battle start!\n|inactive|amelia24 has 10 seconds to confirm battle start!\nBoth players are ready! Starting next match!\n","uploadtime":1699925113,"views":10,"p1id":"recantodanumi","p2id":"amelia24","formatid":"gen9vgc2023regulatione","rating":0,"private":0,"password":""}