{"id":"gen9vgc2023regulatione-1990205328","p1":"BirdWatcher37","p2":"Okura2000","format":"[Gen 9] VGC 2023 Regulation E","log":"|j|\u2606BirdWatcher37\n|j|\u2606Okura2000\n|t:|1699937135\n|gametype|doubles\n|player|p1|BirdWatcher37|hilbert|1301\n|player|p2|Okura2000|kimonogirl|1320\n|teamsize|p1|6\n|teamsize|p2|6\n|gen|9\n|tier|[Gen 9] VGC 2023 Regulation E\n|rated|\n|rule|Species Clause: Limit one of each Pok\u00e9mon\n|rule|Item Clause: Limit one of each item\n|clearpoke\n|poke|p1|Tyranitar, L50, F|\n|poke|p1|Lycanroc, L50, F|\n|poke|p1|Garchomp, L50, M|\n|poke|p1|Iron Hands, L50|\n|poke|p1|Armarouge, L50, M|\n|poke|p1|Indeedee-F, L50, F|\n|poke|p2|Iron Bundle, L50|\n|poke|p2|Gholdengo, L50|\n|poke|p2|Urshifu-*, L50, F|\n|poke|p2|Iron Hands, L50|\n|poke|p2|Dusclops, L50, M|\n|poke|p2|Ursaluna-Bloodmoon, L50, M|\n|teampreview|4\n|inactive|Battle timer is ON: inactive players will automatically lose when time's up. (requested by Okura2000)\n|inactive|BirdWatcher37 has 60 seconds left.\n|inactive|Okura2000 has 60 seconds left.\n|inactive|Okura2000 has 30 seconds left.\n|inactive|Okura2000 has 20 seconds left.\n|inactive|Okura2000 has 15 seconds left.\n|\n|t:|1699937213\n|start\n|switch|p1a: Indeedee|Indeedee-F, L50, F|100\/100\n|switch|p1b: Garchomp|Garchomp, L50, M|100\/100\n|switch|p2a: Urshifu|Urshifu, L50, F|100\/100\n|switch|p2b: Gholdengo|Gholdengo, L50|100\/100\n|-fieldstart|move: Psychic Terrain|[from] ability: Psychic Surge|[of] p1a: Indeedee\n|-enditem|p1a: Indeedee|Psychic Seed\n|-boost|p1a: Indeedee|spd|1|[from] item: Psychic Seed\n|turn|1\n|inactive|Okura2000 has 30 seconds left.\n|inactive|Okura2000 has 20 seconds left.\n|inactive|Okura2000 has 15 seconds left.\n|\n|t:|1699937257\n|move|p2b: Gholdengo|Protect|p2b: Gholdengo\n|-singleturn|p2b: Gholdengo|Protect\n|move|p1a: Indeedee|Follow Me|p1a: Indeedee\n|-singleturn|p1a: Indeedee|move: Follow Me\n|move|p1b: Garchomp|Swords Dance|p1b: Garchomp\n|-boost|p1b: Garchomp|atk|2\n|move|p2a: Urshifu|Wicked Blow|p1a: Indeedee\n|-supereffective|p1a: Indeedee\n|-crit|p1a: Indeedee\n|-damage|p1a: Indeedee|0 fnt\n|faint|p1a: Indeedee\n|\n|upkeep\n|\n|t:|1699937267\n|switch|p1a: Tyranitar|Tyranitar, L50, F|100\/100\n|-weather|Sandstorm|[from] ability: Sand Stream|[of] p1a: Tyranitar\n|turn|2\n|inactive|Okura2000 has 30 seconds left.\n|\n|t:|1699937294\n|move|p1a: Tyranitar|Protect|p1a: Tyranitar\n|-singleturn|p1a: Tyranitar|Protect\n|move|p1b: Garchomp|Earthquake|p2a: Urshifu|[spread] p2a,p2b\n|-activate|p1a: Tyranitar|move: Protect\n|-supereffective|p2b: Gholdengo\n|-damage|p2a: Urshifu|25\/100\n|-damage|p2b: Gholdengo|0 fnt\n|faint|p2b: Gholdengo\n|move|p2a: Urshifu|Close Combat|p1a: Tyranitar\n|-supereffective|p1a: Tyranitar\n|-damage|p1a: Tyranitar|0 fnt\n|-unboost|p2a: Urshifu|def|1\n|-unboost|p2a: Urshifu|spd|1\n|faint|p1a: Tyranitar\n|\n|-weather|Sandstorm|[upkeep]\n|-damage|p2a: Urshifu|19\/100|[from] Sandstorm\n|upkeep\n|\n|t:|1699937316\n|switch|p2b: Iron Hands|Iron Hands, L50|100\/100\n|switch|p1a: Iron Hands|Iron Hands, L50|100\/100\n|turn|3\n|inactive|Okura2000 has 30 seconds left.\n|\n|t:|1699937344\n|move|p2b: Iron Hands|Fake Out|p1a: Iron Hands\n|-activate|p1a: Iron Hands|move: Psychic Terrain\n|move|p1b: Garchomp|Dragon Claw|p2b: Iron Hands\n|-damage|p2b: Iron Hands|39\/100\n|move|p2a: Urshifu|Close Combat|p1a: Iron Hands\n|-damage|p1a: Iron Hands|53\/100\n|-unboost|p2a: Urshifu|def|1\n|-unboost|p2a: Urshifu|spd|1\n|move|p1a: Iron Hands|Drain Punch|p2a: Urshifu\n|-supereffective|p2a: Urshifu\n|-damage|p2a: Urshifu|0 fnt\n|-heal|p1a: Iron Hands|60\/100|[from] drain|[of] p2a: Urshifu\n|faint|p2a: Urshifu\n|\n|-weather|Sandstorm|[upkeep]\n|-damage|p2b: Iron Hands|33\/100|[from] Sandstorm\n|-damage|p1a: Iron Hands|53\/100|[from] Sandstorm\n|upkeep\n|\n|t:|1699937356\n|switch|p2a: Iron Bundle|Iron Bundle, L50|100\/100\n|-enditem|p2a: Iron Bundle|Booster Energy\n|-activate|p2a: Iron Bundle|ability: Quark Drive|[fromitem]\n|-start|p2a: Iron Bundle|quarkdrivespe\n|turn|4\n|\n|t:|1699937369\n|-terastallize|p1b: Garchomp|Poison\n|move|p2a: Iron Bundle|Protect|p2a: Iron Bundle\n|-singleturn|p2a: Iron Bundle|Protect\n|move|p1b: Garchomp|Earthquake|p2a: Iron Bundle|[spread] p1a,p2b\n|-activate|p2a: Iron Bundle|move: Protect\n|-supereffective|p1a: Iron Hands\n|-supereffective|p2b: Iron Hands\n|-damage|p1a: Iron Hands|0 fnt\n|-damage|p2b: Iron Hands|0 fnt\n|faint|p1a: Iron Hands\n|-end|p1a: Iron Hands|Quark Drive|[silent]\n|faint|p2b: Iron Hands\n|-end|p2b: Iron Hands|Quark Drive|[silent]\n|\n|-weather|Sandstorm|[upkeep]\n|-damage|p2a: Iron Bundle|94\/100|[from] Sandstorm\n|upkeep\n|turn|5\n|\n|t:|1699937385\n|move|p2a: Iron Bundle|Hydro Pump|p1b: Garchomp\n|-damage|p1b: Garchomp|44\/100\n|move|p1b: Garchomp|Earthquake|p2a: Iron Bundle\n|-damage|p2a: Iron Bundle|0 fnt\n|faint|p2a: Iron Bundle\n|-end|p2a: Iron Bundle|Quark Drive|[silent]\n|\n|win|BirdWatcher37\n|raw|BirdWatcher37's rating: 1301 &rarr; <strong>1322<\/strong><br \/>(+21 for winning)\n|raw|Okura2000's rating: 1320 &rarr; <strong>1299<\/strong><br \/>(-21 for losing)\n","uploadtime":1699937393,"views":14,"p1id":"birdwatcher37","p2id":"okura2000","formatid":"gen9vgc2023regulatione","rating":1299,"private":0,"password":""}