{"id":"gen9vgc2023regulatione-1997542216","p1":"Phantaseaa","p2":"Burner Creampuff","format":"[Gen 9] VGC 2023 Regulation E","log":"|j|\u2606Phantaseaa\n|j|\u2606Burner Creampuff\n|t:|1700822803\n|gametype|doubles\n|player|p1|Phantaseaa|rosa|1008\n|player|p2|Burner Creampuff|worker-gen4|1072\n|teamsize|p1|6\n|teamsize|p2|6\n|gen|9\n|tier|[Gen 9] VGC 2023 Regulation E\n|rated|\n|rule|Species Clause: Limit one of each Pok\u00e9mon\n|rule|Item Clause: Limit one of each item\n|clearpoke\n|poke|p1|Sinistcha, L50|\n|poke|p1|Skeledirge, L50, M|\n|poke|p1|Iron Hands, L50|\n|poke|p1|Azumarill, L50, F|\n|poke|p1|Moltres-Galar, L50|\n|poke|p1|Snorlax, L50, M|\n|poke|p2|Scizor, L50, M|\n|poke|p2|Indeedee-F, L50, F|\n|poke|p2|Volcarona, L50, M|\n|poke|p2|Ogerpon-Wellspring, L50, F|\n|poke|p2|Sinistcha-Masterpiece, L50|\n|poke|p2|Garchomp, L50, F|\n|teampreview|4\n|\n|t:|1700822824\n|start\n|switch|p1a: Moltres|Moltres-Galar, L50|100\/100\n|switch|p1b: Sinistcha|Sinistcha, L50|100\/100\n|switch|p2a: Steel Celebi|Scizor, L50, M|100\/100\n|switch|p2b: Ogerpon|Ogerpon-Wellspring, L50, F|100\/100\n|turn|1\n|\n|t:|1700822856\n|move|p2b: Ogerpon|Spiky Shield|p2b: Ogerpon\n|-singleturn|p2b: Ogerpon|move: Protect\n|move|p1b: Sinistcha|Protect|p1b: Sinistcha\n|-singleturn|p1b: Sinistcha|Protect\n|move|p1a: Moltres|Agility|p1a: Moltres\n|-boost|p1a: Moltres|spe|2\n|move|p2a: Steel Celebi|Double Team|p2a: Steel Celebi\n|-boost|p2a: Steel Celebi|evasion|1\n|\n|upkeep\n|turn|2\n|\n|t:|1700822894\n|move|p1a: Moltres|Nasty Plot|p1a: Moltres\n|-boost|p1a: Moltres|spa|2\n|move|p2b: Ogerpon|Ivy Cudgel|p1a: Moltres|[anim] Ivy Cudgel Water\n|-damage|p1a: Moltres|46\/100\n|-ability|p1a: Moltres|Berserk|boost\n|-boost|p1a: Moltres|spa|1\n|move|p1b: Sinistcha|Matcha Gotcha|p2b: Ogerpon|[spread] p2a,p2b\n|-resisted|p2a: Steel Celebi\n|-damage|p2a: Steel Celebi|95\/100\n|-damage|p2b: Ogerpon|76\/100\n|move|p2a: Steel Celebi|Double Team|p2a: Steel Celebi\n|-boost|p2a: Steel Celebi|evasion|1\n|\n|upkeep\n|turn|3\n|\n|t:|1700822919\n|move|p1b: Sinistcha|Rage Powder|p1b: Sinistcha\n|-singleturn|p1b: Sinistcha|move: Rage Powder\n|move|p1a: Moltres|Fiery Wrath|p2b: Ogerpon|[spread] p2b\n|-miss|p1a: Moltres|p2a: Steel Celebi\n|-crit|p2b: Ogerpon\n|-damage|p2b: Ogerpon|0 fnt\n|faint|p2b: Ogerpon\n|move|p2a: Steel Celebi|Double Team|p2a: Steel Celebi\n|-boost|p2a: Steel Celebi|evasion|1\n|\n|upkeep\n|\n|t:|1700822929\n|switch|p2b: Sinistcha|Sinistcha-Masterpiece, L50|100\/100\n|-heal|p2a: Steel Celebi|100\/100|[from] ability: Hospitality|[of] p2b: Sinistcha\n|turn|4\n|\n|t:|1700822975\n|move|p1a: Moltres|Fiery Wrath|p2b: Sinistcha|[spread] p2b\n|-miss|p1a: Moltres|p2a: Steel Celebi\n|-supereffective|p2b: Sinistcha\n|-damage|p2b: Sinistcha|0 fnt\n|faint|p2b: Sinistcha\n|move|p1b: Sinistcha|Matcha Gotcha|p2a: Steel Celebi|[miss]\n|-miss|p1b: Sinistcha|p2a: Steel Celebi\n|move|p2a: Steel Celebi|Baton Pass|p2a: Steel Celebi\n|\n|t:|1700822985\n|switch|p2a: Garchomp|Garchomp, L50, F|100\/100|[from] Baton Pass\n|\n|upkeep\n|\n|t:|1700822990\n|switch|p2b: Steel Celebi|Scizor, L50, M|100\/100\n|turn|5\n|\n|t:|1700822999\n|move|p1a: Moltres|Fiery Wrath|p2a: Garchomp|[spread] p2a,p2b\n|-damage|p2a: Garchomp|7\/100\n|-damage|p2b: Steel Celebi|23\/100\n|move|p2a: Garchomp|Scale Shot|p1a: Moltres\n|-damage|p1a: Moltres|31\/100\n|-damage|p1a: Moltres|14\/100\n|-damage|p1a: Moltres|0 fnt\n|faint|p1a: Moltres\n|-hitcount|p1: Moltres|3\n|-unboost|p2a: Garchomp|def|1\n|-boost|p2a: Garchomp|spe|1\n|move|p1b: Sinistcha|Matcha Gotcha|p2a: Garchomp|[spread] p2b\n|-miss|p1b: Sinistcha|p2a: Garchomp\n|-resisted|p2b: Steel Celebi\n|-damage|p2b: Steel Celebi|17\/100\n|-status|p2b: Steel Celebi|brn\n|move|p2b: Steel Celebi|Double Team|p2b: Steel Celebi\n|-boost|p2b: Steel Celebi|evasion|1\n|\n|-damage|p2b: Steel Celebi|11\/100 brn|[from] brn\n|upkeep\n|\n|t:|1700823008\n|switch|p1a: Iron Hands|Iron Hands, L50|100\/100\n|turn|6\n|\n|t:|1700823033\n|move|p1a: Iron Hands|Fake Out|p2a: Garchomp\n|-damage|p2a: Garchomp|0 fnt\n|-damage|p1a: Iron Hands|88\/100|[from] ability: Rough Skin|[of] p2a: Garchomp\n|faint|p2a: Garchomp\n|move|p2b: Steel Celebi|Bullet Punch|p1b: Sinistcha\n|-damage|p1b: Sinistcha|90\/100\n|move|p1b: Sinistcha|Trick Room|p1b: Sinistcha\n|-fieldstart|move: Trick Room|[of] p1b: Sinistcha\n|\n|-damage|p2b: Steel Celebi|4\/100 brn|[from] brn\n|upkeep\n|turn|7\n|c|\u2606Burner Creampuff|Gg\n|-message|Burner Creampuff forfeited.\n|\n|win|Phantaseaa\n|raw|Phantaseaa's rating: 1008 &rarr; <strong>1054<\/strong><br \/>(+46 for winning)\n|raw|Burner Creampuff's rating: 1072 &rarr; <strong>1047<\/strong><br \/>(-25 for losing)\n|c|\u2606Phantaseaa|gg\n|l|\u2606Phantaseaa\n|l|\u2606Burner Creampuff\n|j|\u2606Burner Creampuff\n|player|p2|Burner Creampuff|worker-gen4\n","uploadtime":1700823984,"views":7,"p1id":"phantaseaa","p2id":"burnercreampuff","formatid":"gen9vgc2023regulatione","rating":1047,"private":0,"password":""}