{"id":"gen9vgc2023regulatione-1994063133","p1":"Squirly","p2":"JDN-2925","format":"[Gen 9] VGC 2023 Regulation E","log":"|j|\u2606Squirly\n|j|\u2606JDN-2925\n|n|\u2606Squirly|squirly\n|n|\u2606JDN-2925|jdn2925\n|html|View the match progress at <a href=\"\/game-bestof3-gen9vgc2023regulatione-1994063132\">game-bestof3-gen9vgc2023regulatione-1994063132<\/a>\n|t:|1700401905\n|gametype|doubles\n|player|p1|Squirly|psychic-gen4|\n|player|p2|JDN-2925|170|\n|teamsize|p1|6\n|teamsize|p2|6\n|gen|9\n|tier|[Gen 9] VGC 2023 Regulation E\n|rule|Species Clause: Limit one of each Pok\u00e9mon\n|rule|Item Clause: Limit one of each item\n|clearpoke\n|poke|p1|Dragapult, L50, F|\n|poke|p1|Pyroar, L50, F|\n|poke|p1|Landorus-Therian, L50, M|\n|poke|p1|Morgrem, L50, M|\n|poke|p1|Tinkaton, L50, F|\n|poke|p1|Okidogi, L50, M|\n|poke|p2|Arcanine-Hisui, L50, F|\n|poke|p2|Chien-Pao, L50|\n|poke|p2|Azumarill, L50, F|\n|poke|p2|Illumise, L50, F|\n|poke|p2|Typhlosion-Hisui, L50, M|\n|poke|p2|Ogerpon, L50, F|\n|teampreview|4\n|c|\u2606JDN-2925|https:\/\/pokepast.es\/24e1880cb2df2c2c\n|c|\u2606JDN-2925|Hey. Tera sheet is there and good luck\n|c|\u2606Squirly|let me grab the tera sheet quickly\nSquirly rejected open team sheets.\n|c|\u2606JDN-2925|Np\n|c|\u2606Squirly|https:\/\/pokepast.es\/f2a3284081ac05be\n|c|\u2606JDN-2925|Ok. All good\n|\n|t:|1700402126\n|start\n|switch|p1a: Morgrem|Morgrem, L50, M|100\/100\n|switch|p1b: Pyroar|Pyroar, L50, F|100\/100\n|switch|p2a: Illumise|Illumise, L50, F|100\/100\n|switch|p2b: Typhlosion|Typhlosion-Hisui, L50, M|100\/100\n|-item|p1a: Morgrem|Eviolite|[from] ability: Frisk|[of] p2b: Typhlosion|[identify]\n|-item|p1b: Pyroar|Throat Spray|[from] ability: Frisk|[of] p2b: Typhlosion|[identify]\n|turn|1\n|\n|t:|1700402170\n|-terastallize|p2a: Illumise|Dark\n|move|p2a: Illumise|Tailwind|p2a: Illumise\n|-sidestart|p2: JDN-2925|move: Tailwind\n|move|p1a: Morgrem|Thunder Wave|p2b: Typhlosion\n|-status|p2b: Typhlosion|par\n|move|p1b: Pyroar|Snarl|p2a: Illumise|[spread] p2a,p2b\n|-resisted|p2a: Illumise\n|-supereffective|p2b: Typhlosion\n|-damage|p2a: Illumise|92\/100\n|-damage|p2b: Typhlosion|75\/100 par\n|-unboost|p2b: Typhlosion|spa|1\n|-enditem|p1b: Pyroar|Throat Spray\n|-boost|p1b: Pyroar|spa|1|[from] item: Throat Spray\n|move|p2b: Typhlosion|Eruption|p1b: Pyroar|[spread] p1a,p1b\n|-resisted|p1b: Pyroar\n|-damage|p1a: Morgrem|57\/100\n|-damage|p1b: Pyroar|70\/100\n|\n|upkeep\n|turn|2\n|\n|t:|1700402229\n|switch|p2b: Arcanine|Arcanine-Hisui, L50, F|100\/100\n|move|p2a: Illumise|Sunny Day|p2a: Illumise\n|-weather|SunnyDay\n|move|p1b: Pyroar|Heat Wave|p2a: Illumise|[spread] p2a,p2b\n|-resisted|p2b: Arcanine\n|-damage|p2a: Illumise|0 fnt\n|-damage|p2b: Arcanine|78\/100\n|faint|p2a: Illumise\n|move|p1a: Morgrem|Foul Play|p2b: Arcanine\n|-damage|p2b: Arcanine|41\/100\n|\n|-weather|SunnyDay|[upkeep]\n|upkeep\n|\n|t:|1700402243\n|switch|p2a: Chien-Pao|Chien-Pao, L50|100\/100\n|-ability|p2a: Chien-Pao|Sword of Ruin\n|turn|3\n|\n|t:|1700402268\n|move|p1b: Pyroar|Protect|p1b: Pyroar\n|-singleturn|p1b: Pyroar|Protect\n|move|p1a: Morgrem|Reflect|p1a: Morgrem\n|-sidestart|p1: Squirly|Reflect\n|move|p2a: Chien-Pao|Ice Spinner|p1a: Morgrem\n|-damage|p1a: Morgrem|30\/100\n|move|p2b: Arcanine|Rock Slide|p1b: Pyroar|[spread] p1a\n|-activate|p1b: Pyroar|move: Protect\n|-damage|p1a: Morgrem|0 fnt\n|faint|p1a: Morgrem\n|\n|-weather|SunnyDay|[upkeep]\n|upkeep\n|\n|t:|1700402299\n|switch|p1a: Landorus|Landorus-Therian, L50, M|100\/100\n|-ability|p1a: Landorus|Intimidate|boost\n|-unboost|p2a: Chien-Pao|atk|1\n|-unboost|p2b: Arcanine|atk|1\n|turn|4\n|\n|t:|1700402311\n|switch|p1a: Okidogi|Okidogi, L50, M|100\/100\n|move|p2a: Chien-Pao|Ice Spinner|p1a: Okidogi\n|-damage|p1a: Okidogi|79\/100\n|move|p2b: Arcanine|Rock Slide|p1b: Pyroar|[spread] p1a,p1b\n|-resisted|p1a: Okidogi\n|-supereffective|p1b: Pyroar\n|-damage|p1a: Okidogi|69\/100\n|-damage|p1b: Pyroar|8\/100\n|move|p1b: Pyroar|Heat Wave|p2a: Chien-Pao|[spread] p2a,p2b\n|-supereffective|p2a: Chien-Pao\n|-resisted|p2b: Arcanine\n|-damage|p2a: Chien-Pao|0 fnt\n|-damage|p2b: Arcanine|20\/100\n|faint|p2a: Chien-Pao\n|\n|-weather|SunnyDay|[upkeep]\n|-heal|p1a: Okidogi|75\/100|[from] item: Leftovers\n|-sideend|p2: JDN-2925|move: Tailwind\n|upkeep\n|\n|t:|1700402329\n|switch|p2a: Typhlosion|Typhlosion-Hisui, L50, M|75\/100 par\n|-item|p1a: Okidogi|Leftovers|[from] ability: Frisk|[of] p2a: Typhlosion|[identify]\n|turn|5\n|\n|t:|1700402354\n|-terastallize|p1a: Okidogi|Water\n|move|p1b: Pyroar|Heat Wave|p2a: Typhlosion|[spread] p2a,p2b\n|-resisted|p2a: Typhlosion\n|-resisted|p2b: Arcanine\n|-damage|p2a: Typhlosion|40\/100 par\n|-damage|p2b: Arcanine|0 fnt\n|faint|p2b: Arcanine\n|move|p1a: Okidogi|Drain Punch|p2a: Typhlosion\n|-immune|p2a: Typhlosion\n|move|p2a: Typhlosion|Heat Wave|p1b: Pyroar|[spread] p1a,p1b\n|-resisted|p1a: Okidogi\n|-resisted|p1b: Pyroar\n|-damage|p1a: Okidogi|29\/100\n|-damage|p1b: Pyroar|0 fnt\n|faint|p1b: Pyroar\n|\n|-weather|SunnyDay|[upkeep]\n|-heal|p1a: Okidogi|36\/100|[from] item: Leftovers\n|upkeep\n|\n|t:|1700402364\n|switch|p1b: Landorus|Landorus-Therian, L50, M|100\/100\n|-ability|p1b: Landorus|Intimidate|boost\n|-unboost|p2a: Typhlosion|atk|1\n|turn|6\n|\n|t:|1700402375\n|move|p1b: Landorus|Stomping Tantrum|p2a: Typhlosion\n|-supereffective|p2a: Typhlosion\n|-damage|p2a: Typhlosion|0 fnt\n|faint|p2a: Typhlosion\n|\n|win|Squirly\n|c|&|\/uhtml prompt-squirly,Squirly is ready for game 2!\n|c|&|\/uhtml prompt-jdn2925,JDN-2925 is ready for game 2!\nBoth players are ready! Starting next match!\n|l|\u2606JDN-2925\n","uploadtime":1700402961,"views":11,"p1id":"squirly","p2id":"jdn2925","formatid":"gen9vgc2023regulatione","rating":0,"private":0,"password":""}