{"id":"gen9vgc2023regulatione-1990466885","p1":"TheStarry1","p2":"Swoobatisop","format":"[Gen 9] VGC 2023 Regulation E","log":"|j|\u2606TheStarry1\n|j|\u2606Swoobatisop\n|t:|1699973637\n|gametype|doubles\n|player|p1|TheStarry1|101|1116\n|player|p2|Swoobatisop|101|1129\n|teamsize|p1|6\n|teamsize|p2|6\n|gen|9\n|tier|[Gen 9] VGC 2023 Regulation E\n|rated|\n|rule|Species Clause: Limit one of each Pok\u00e9mon\n|rule|Item Clause: Limit one of each item\n|clearpoke\n|poke|p1|Sinistcha, L50|\n|poke|p1|Iron Hands, L50|\n|poke|p1|Ogerpon-Wellspring, L50, F|\n|poke|p1|Flutter Mane, L50|\n|poke|p1|Landorus-Therian, L50, M|\n|poke|p1|Heatran, L50, F|\n|poke|p2|Landorus-Therian, L50, M|\n|poke|p2|Torkoal, L50, M|\n|poke|p2|Chien-Pao, L50|\n|poke|p2|Iron Hands, L50|\n|poke|p2|Flutter Mane, L50|\n|poke|p2|Amoonguss, L50, M|\n|teampreview|4\n|inactive|Battle timer is ON: inactive players will automatically lose when time's up. (requested by Swoobatisop)\n|inactive|TheStarry1 has 60 seconds left.\n|inactive|Swoobatisop has 60 seconds left.\n|inactive|Swoobatisop has 30 seconds left.\n|inactive|Swoobatisop has 20 seconds left.\n|\n|t:|1699973711\n|start\n|switch|p1a: Lando|Landorus-Therian, L50, M|100\/100\n|switch|p1b: Ogerpon|Ogerpon-Wellspring, L50, F|100\/100\n|switch|p2a: Landorus|Landorus-Therian, L50, M|100\/100\n|switch|p2b: Iron Hands|Iron Hands, L50|100\/100\n|-ability|p1a: Lando|Intimidate|boost\n|-unboost|p2a: Landorus|atk|1\n|-unboost|p2b: Iron Hands|atk|1\n|-ability|p2a: Landorus|Intimidate|boost\n|-unboost|p1a: Lando|atk|1\n|-unboost|p1b: Ogerpon|atk|1\n|turn|1\n|\n|t:|1699973730\n|-terastallize|p2a: Landorus|Flying\n|move|p2b: Iron Hands|Fake Out|p1a: Lando\n|-damage|p1a: Lando|89\/100\n|move|p2a: Landorus|Tera Blast|p1b: Ogerpon|[anim] Tera Blast Flying\n|-supereffective|p1b: Ogerpon\n|-damage|p1b: Ogerpon|23\/100\n|cant|p1a: Lando|flinch\n|move|p1b: Ogerpon|Ivy Cudgel|p2a: Landorus|[anim] Ivy Cudgel Water\n|-damage|p2a: Landorus|59\/100\n|\n|upkeep\n|turn|2\n|\n|t:|1699973750\n|-end|p2b: Iron Hands|Quark Drive|[silent]\n|switch|p2b: Chien-Pao|Chien-Pao, L50|100\/100\n|-ability|p2b: Chien-Pao|Sword of Ruin\n|move|p1b: Ogerpon|Spiky Shield|p1b: Ogerpon\n|-singleturn|p1b: Ogerpon|move: Protect\n|move|p2a: Landorus|Tera Blast|p1b: Ogerpon|[anim] Tera Blast Flying\n|-activate|p1b: Ogerpon|move: Protect\n|move|p1a: Lando|Rock Slide|p2a: Landorus|[spread] p2a,p2b\n|-supereffective|p2a: Landorus\n|-supereffective|p2b: Chien-Pao\n|-damage|p2a: Landorus|13\/100\n|-damage|p2b: Chien-Pao|53\/100\n|\n|upkeep\n|turn|3\n|inactive|TheStarry1 has 30 seconds left.\n|inactive|TheStarry1 has 20 seconds left.\n|\n|t:|1699973786\n|switch|p1b: cha-cha|Sinistcha, L50|100\/100\n|-heal|p1a: Lando|100\/100|[from] ability: Hospitality|[of] p1b: cha-cha\n|-terastallize|p1a: Lando|Flying\n|move|p2a: Landorus|Tera Blast|p1b: cha-cha|[anim] Tera Blast Flying\n|-supereffective|p1b: cha-cha\n|-damage|p1b: cha-cha|9\/100\n|move|p1a: Lando|Rock Slide|p2a: Landorus|[spread] p2a,p2b\n|-supereffective|p2a: Landorus\n|-supereffective|p2b: Chien-Pao\n|-damage|p2a: Landorus|0 fnt\n|-damage|p2b: Chien-Pao|13\/100\n|faint|p2a: Landorus\n|move|p2b: Chien-Pao|Icicle Crash|p1a: Lando\n|-supereffective|p1a: Lando\n|-damage|p1a: Lando|0 fnt\n|faint|p1a: Lando\n|\n|-heal|p1b: cha-cha|15\/100|[from] item: Leftovers\n|upkeep\n|\n|t:|1699973806\n|switch|p1a: HeatRUN|Heatran, L50, F|100\/100\n|switch|p2a: Amoonguss|Amoonguss, L50, M|100\/100\n|turn|4\n|\n|t:|1699973824\n|move|p1b: cha-cha|Protect|p1b: cha-cha\n|-singleturn|p1b: cha-cha|Protect\n|move|p2b: Chien-Pao|Icicle Crash|p1b: cha-cha\n|-activate|p1b: cha-cha|move: Protect\n|move|p1a: HeatRUN|Heat Wave|p2a: Amoonguss|[spread] p2a,p2b\n|-supereffective|p2a: Amoonguss\n|-crit|p2a: Amoonguss\n|-supereffective|p2b: Chien-Pao\n|-damage|p2a: Amoonguss|0 fnt\n|-damage|p2b: Chien-Pao|0 fnt\n|faint|p2a: Amoonguss\n|faint|p2b: Chien-Pao\n|\n|-heal|p1b: cha-cha|20\/100|[from] item: Leftovers\n|upkeep\n|\n|t:|1699973833\n|switch|p2a: Iron Hands|Iron Hands, L50|100\/100\n|turn|5\n|\n|t:|1699973841\n|move|p1a: HeatRUN|Earth Power|p2a: Iron Hands\n|-supereffective|p2a: Iron Hands\n|-damage|p2a: Iron Hands|55\/100\n|move|p1b: cha-cha|Strength Sap|p2a: Iron Hands\n|-unboost|p2a: Iron Hands|atk|1\n|-heal|p1b: cha-cha|100\/100\n|move|p2a: Iron Hands|Heavy Slam|p1b: cha-cha\n|-damage|p1b: cha-cha|78\/100\n|\n|-heal|p1b: cha-cha|84\/100|[from] item: Leftovers\n|upkeep\n|turn|6\n|-message|Swoobatisop forfeited.\n|\n|win|TheStarry1\n|raw|TheStarry1's rating: 1116 &rarr; <strong>1142<\/strong><br \/>(+26 for winning)\n|raw|Swoobatisop's rating: 1129 &rarr; <strong>1103<\/strong><br \/>(-26 for losing)\n|l|\u2606Swoobatisop\n","uploadtime":1699973863,"views":7,"p1id":"thestarry1","p2id":"swoobatisop","formatid":"gen9vgc2023regulatione","rating":1103,"private":0,"password":""}