{"id":"gen9vgc2023regulatione-1992350477","p1":"Leek_Alt","p2":"tashkipa","format":"[Gen 9] VGC 2023 Regulation E","log":"|j|\u203dLeek_Alt\n|j|\u2606tashkipa\n|t:|1700177536\n|gametype|doubles\n|player|p1|Leek_Alt|101|1159\n|player|p2|tashkipa|cyrus|1080\n|teamsize|p1|6\n|teamsize|p2|6\n|gen|9\n|tier|[Gen 9] VGC 2023 Regulation E\n|rated|\n|rule|Species Clause: Limit one of each Pok\u00e9mon\n|rule|Item Clause: Limit one of each item\n|clearpoke\n|poke|p1|Iron Bundle, L50|\n|poke|p1|Gholdengo, L50|\n|poke|p1|Landorus-Therian, L50, M|\n|poke|p1|Amoonguss, L50, F|\n|poke|p1|Arcanine-Hisui, L50, M|\n|poke|p1|Flutter Mane, L50|\n|poke|p2|Mudsdale, L50, M|\n|poke|p2|Maushold-Four, L50|\n|poke|p2|Annihilape, L50, F|\n|poke|p2|Cresselia, L50, F|\n|poke|p2|Amoonguss, L50, M|\n|poke|p2|Iron Bundle, L50|\n|teampreview|4\nLeek_Alt has agreed to open team sheets.\n|\n|t:|1700177552\n|start\n|switch|p1a: Gholdengo|Gholdengo, L50|100\/100\n|switch|p1b: Arcanine|Arcanine-Hisui, L50, M|100\/100\n|switch|p2a: Mudsdale|Mudsdale, L50, M|100\/100\n|switch|p2b: Maushold|Maushold-Four, L50|100\/100\n|-ability|p1b: Arcanine|Intimidate|boost\n|-unboost|p2a: Mudsdale|atk|1\n|-unboost|p2b: Maushold|atk|1\n|turn|1\n|inactive|Battle timer is ON: inactive players will automatically lose when time's up. (requested by Leek_Alt)\n|\n|t:|1700177581\n|move|p2b: Maushold|Population Bomb|p2a: Mudsdale\n|-damage|p2a: Mudsdale|99\/100\n|-ability|p2a: Mudsdale|Stamina|boost\n|-boost|p2a: Mudsdale|def|1\n|-damage|p2a: Mudsdale|97\/100\n|-ability|p2a: Mudsdale|Stamina|boost\n|-boost|p2a: Mudsdale|def|1\n|-damage|p2a: Mudsdale|96\/100\n|-ability|p2a: Mudsdale|Stamina|boost\n|-boost|p2a: Mudsdale|def|1\n|-damage|p2a: Mudsdale|95\/100\n|-ability|p2a: Mudsdale|Stamina|boost\n|-boost|p2a: Mudsdale|def|1\n|-damage|p2a: Mudsdale|94\/100\n|-ability|p2a: Mudsdale|Stamina|boost\n|-boost|p2a: Mudsdale|def|1\n|-damage|p2a: Mudsdale|93\/100\n|-ability|p2a: Mudsdale|Stamina|boost\n|-boost|p2a: Mudsdale|def|1\n|-hitcount|p2a: Mudsdale|6\n|move|p1b: Arcanine|Will-O-Wisp|p2a: Mudsdale\n|-status|p2a: Mudsdale|brn\n|move|p1a: Gholdengo|Nasty Plot|p1a: Gholdengo\n|-boost|p1a: Gholdengo|spa|2\n|move|p2a: Mudsdale|Body Press|p1b: Arcanine\n|-supereffective|p1b: Arcanine\n|-damage|p1b: Arcanine|22\/100\n|-enditem|p1b: Arcanine|Sitrus Berry|[eat]\n|-heal|p1b: Arcanine|47\/100|[from] item: Sitrus Berry\n|\n|-damage|p2a: Mudsdale|87\/100 brn|[from] brn\n|upkeep\n|turn|2\n|\n|t:|1700177605\n|move|p2b: Maushold|Protect|p2b: Maushold\n|-singleturn|p2b: Maushold|Protect\n|move|p1b: Arcanine|Rock Slide|p2b: Maushold|[spread] \n|-activate|p2b: Maushold|move: Protect\n|-miss|p1b: Arcanine|p2a: Mudsdale\n|move|p1a: Gholdengo|Nasty Plot|p1a: Gholdengo\n|-boost|p1a: Gholdengo|spa|2\n|move|p2a: Mudsdale|Earthquake|p1a: Gholdengo|[spread] p1a,p1b\n|-activate|p2b: Maushold|move: Protect\n|-supereffective|p1a: Gholdengo\n|-supereffective|p1b: Arcanine\n|-damage|p1a: Gholdengo|80\/100\n|-damage|p1b: Arcanine|4\/100\n|\n|-damage|p2a: Mudsdale|81\/100 brn|[from] brn\n|upkeep\n|turn|3\n|inactive|tashkipa has 30 seconds left.\n|\n|t:|1700177633\n|switch|p1b: Landorus|Landorus-Therian, L50, M|100\/100\n|-ability|p1b: Landorus|Intimidate|boost\n|-unboost|p2a: Mudsdale|atk|1\n|-unboost|p2b: Maushold|atk|1\n|move|p2b: Maushold|Follow Me|p2b: Maushold\n|-singleturn|p2b: Maushold|move: Follow Me\n|move|p1a: Gholdengo|Nasty Plot|p1a: Gholdengo\n|-boost|p1a: Gholdengo|spa|2\n|move|p2a: Mudsdale|Earthquake|p1a: Gholdengo|[spread] p2b,p1a\n|-immune|p1b: Landorus\n|-supereffective|p1a: Gholdengo\n|-damage|p2b: Maushold|91\/100\n|-damage|p1a: Gholdengo|67\/100\n|\n|-damage|p2a: Mudsdale|75\/100 brn|[from] brn\n|upkeep\n|turn|4\n|\n|t:|1700177657\n|move|p2b: Maushold|Follow Me|p2b: Maushold\n|-singleturn|p2b: Maushold|move: Follow Me\n|move|p1b: Landorus|Rock Slide|p2a: Mudsdale|[spread] p2a,p2b\n|-resisted|p2a: Mudsdale\n|-damage|p2a: Mudsdale|73\/100 brn\n|-damage|p2b: Maushold|63\/100\n|move|p1a: Gholdengo|Make It Rain|p2a: Mudsdale|[spread] p2a,p2b\n|-damage|p2a: Mudsdale|0 fnt\n|-damage|p2b: Maushold|0 fnt\n|-unboost|p1a: Gholdengo|spa|1\n|faint|p2a: Mudsdale\n|faint|p2b: Maushold\n|-damage|p1a: Gholdengo|57\/100|[from] item: Life Orb\n|\n|upkeep\n|\n|t:|1700177671\n|switch|p2b: Iron Bundle|Iron Bundle, L50|100\/100\n|switch|p2a: Cresselia|Cresselia, L50, F|100\/100\n|-enditem|p2b: Iron Bundle|Booster Energy\n|-activate|p2b: Iron Bundle|ability: Quark Drive|[fromitem]\n|-start|p2b: Iron Bundle|quarkdrivespa\n|turn|5\n|\n|t:|1700177688\n|switch|p1b: Arcanine|Arcanine-Hisui, L50, M|4\/100\n|-ability|p1b: Arcanine|Intimidate|boost\n|-unboost|p2a: Cresselia|atk|1\n|-unboost|p2b: Iron Bundle|atk|1\n|move|p2a: Cresselia|Ally Switch|p2a: Cresselia\n|swap|p2a: Cresselia|1|[from] move: Ally Switch\n|move|p2a: Iron Bundle|Hydro Pump|p1a: Gholdengo|[miss]\n|-miss|p2a: Iron Bundle|p1a: Gholdengo\n|move|p1a: Gholdengo|Make It Rain|p2b: Cresselia|[spread] p2a,p2b\n|-crit|p2b: Cresselia\n|-damage|p2a: Iron Bundle|0 fnt\n|-damage|p2b: Cresselia|0 fnt\n|-unboost|p1a: Gholdengo|spa|1\n|faint|p2a: Iron Bundle\n|-end|p2a: Iron Bundle|Quark Drive|[silent]\n|faint|p2b: Cresselia\n|-damage|p1a: Gholdengo|47\/100|[from] item: Life Orb\n|\n|win|Leek_Alt\n|raw|Leek_Alt's rating: 1159 &rarr; <strong>1178<\/strong><br \/>(+19 for winning)\n|raw|tashkipa's rating: 1080 &rarr; <strong>1063<\/strong><br \/>(-17 for losing)\n|l|\u2606tashkipa\n","uploadtime":1700177710,"views":13,"p1id":"leekalt","p2id":"tashkipa","formatid":"gen9vgc2023regulatione","rating":1063,"private":0,"password":""}