{"id":"gen9vgc2023regulatione-1988446378","p1":"CommanderTats","p2":"thunderdog_32","format":"[Gen 9] VGC 2023 Regulation E","log":"|j|\u2606CommanderTats\n|j|\u2606thunderdog_32\n|t:|1699723823\n|gametype|doubles\n|player|p1|CommanderTats|101|1218\n|player|p2|thunderdog_32|102|1125\n|teamsize|p1|6\n|teamsize|p2|6\n|gen|9\n|tier|[Gen 9] VGC 2023 Regulation E\n|rated|\n|rule|Species Clause: Limit one of each Pok\u00e9mon\n|rule|Item Clause: Limit one of each item\n|clearpoke\n|poke|p1|Moltres-Galar, L50|\n|poke|p1|Scizor, L50, F|\n|poke|p1|Milotic, L50, M|\n|poke|p1|Arcanine-Hisui, L50, F|\n|poke|p1|Sinistcha, L50|\n|poke|p1|Spectrier, L50|\n|poke|p2|Annihilape, L50, M|\n|poke|p2|Heatran, L50, M|\n|poke|p2|Dragonite, L50, F|\n|poke|p2|Fezandipiti, L50, M|\n|poke|p2|Chien-Pao, L50|\n|poke|p2|Rillaboom, L50, M|\n|teampreview|4\n|inactive|Battle timer is ON: inactive players will automatically lose when time's up. (requested by thunderdog_32)\nthunderdog_32 has agreed to open team sheets.\nCommanderTats has agreed to open team sheets.\n|inactive|thunderdog_32 has 30 seconds left.\n|\n|t:|1699723878\n|start\n|switch|p1a: Melody|Milotic, L50, M|100\/100\n|switch|p1b: Mauve Avenger|Spectrier, L50|100\/100\n|switch|p2a: Annihilape|Annihilape, L50, M|100\/100\n|switch|p2b: Dragonite|Dragonite, L50, F|100\/100\n|turn|1\n|inactive|thunderdog_32 has 30 seconds left.\n|\n|t:|1699723903\n|move|p1a: Melody|Protect|p1a: Melody\n|-singleturn|p1a: Melody|Protect\n|move|p2a: Annihilape|Shadow Claw|p1b: Mauve Avenger\n|-supereffective|p1b: Mauve Avenger\n|-damage|p1b: Mauve Avenger|41\/100\n|move|p1b: Mauve Avenger|Will-O-Wisp|p2a: Annihilape\n|-status|p2a: Annihilape|brn\n|move|p2b: Dragonite|Outrage|p1b: Mauve Avenger\n|-damage|p1b: Mauve Avenger|0 fnt\n|faint|p1b: Mauve Avenger\n|\n|-damage|p2a: Annihilape|95\/100 brn|[from] brn\n|upkeep\n|\n|t:|1699723917\n|switch|p1b: Crimson Wing|Moltres-Galar, L50|100\/100\n|turn|2\n|inactive|CommanderTats has 30 seconds left.\n|\n|t:|1699723944\n|switch|p2a: Heatran|Heatran, L50, M|100\/100\n|move|p1b: Crimson Wing|Nasty Plot|p1b: Crimson Wing\n|-boost|p1b: Crimson Wing|spa|2\n|move|p2b: Dragonite|Outrage|p1b: Crimson Wing|[from]lockedmove\n|-damage|p1b: Crimson Wing|18\/100\n|-ability|p1b: Crimson Wing|Berserk|boost\n|-boost|p1b: Crimson Wing|spa|1\n|-start|p2b: Dragonite|confusion|[fatigue]\n|-enditem|p1b: Crimson Wing|Sitrus Berry|[eat]\n|-heal|p1b: Crimson Wing|43\/100|[from] item: Sitrus Berry\n|move|p1a: Melody|Scald|p2b: Dragonite\n|-resisted|p2b: Dragonite\n|-crit|p2b: Dragonite\n|-damage|p2b: Dragonite|78\/100\n|\n|upkeep\n|turn|3\n|\n|t:|1699723960\n|switch|p2b: Annihilape|Annihilape, L50, M|95\/100 brn\n|-terastallize|p2a: Heatran|Grass\n|move|p1b: Crimson Wing|Protect|p1b: Crimson Wing\n|-singleturn|p1b: Crimson Wing|Protect\n|move|p1a: Melody|Icy Wind|p2b: Annihilape|[spread] p2a,p2b\n|-supereffective|p2a: Heatran\n|-damage|p2a: Heatran|82\/100\n|-damage|p2b: Annihilape|84\/100 brn\n|-unboost|p2a: Heatran|spe|1\n|-unboost|p2b: Annihilape|spe|1\n|-ability|p2b: Annihilape|Defiant|boost\n|-boost|p2b: Annihilape|atk|2\n|move|p2a: Heatran|Tera Blast|p1a: Melody|[anim] Tera Blast Grass\n|-supereffective|p1a: Melody\n|-damage|p1a: Melody|40\/100\n|\n|-heal|p1a: Melody|46\/100|[from] item: Leftovers\n|-heal|p2a: Heatran|88\/100|[from] item: Leftovers\n|-damage|p2b: Annihilape|78\/100 brn|[from] brn\n|upkeep\n|turn|4\n|\n|t:|1699723980\n|move|p2b: Annihilape|Final Gambit|p1b: Crimson Wing\n|-damage|p1b: Crimson Wing|0 fnt\n|faint|p2b: Annihilape\n|faint|p1b: Crimson Wing\n|move|p1a: Melody|Life Dew|p1a: Melody\n|-heal|p1a: Melody|71\/100\n|move|p2a: Heatran|Tera Blast|p1a: Melody|[anim] Tera Blast Grass\n|-supereffective|p1a: Melody\n|-damage|p1a: Melody|14\/100\n|\n|-heal|p1a: Melody|20\/100|[from] item: Leftovers\n|-heal|p2a: Heatran|94\/100|[from] item: Leftovers\n|upkeep\n|\n|t:|1699723993\n|switch|p2b: Chien-Pao|Chien-Pao, L50|100\/100\n|switch|p1b: In the Ruff House|Arcanine-Hisui, L50, F|100\/100\n|-ability|p2b: Chien-Pao|Sword of Ruin\n|-ability|p1b: In the Ruff House|Intimidate|boost\n|-unboost|p2a: Heatran|atk|1\n|-unboost|p2b: Chien-Pao|atk|1\n|turn|5\n|c|\u2606CommanderTats|Gg bro\n|-message|CommanderTats forfeited.\n|\n|win|thunderdog_32\n|raw|CommanderTats's rating: 1218 &rarr; <strong>1186<\/strong><br \/>(-32 for losing)\n|raw|thunderdog_32's rating: 1125 &rarr; <strong>1157<\/strong><br \/>(+32 for winning)\n|l|\u2606CommanderTats\n","uploadtime":1699724112,"views":12,"p1id":"commandertats","p2id":"thunderdog32","formatid":"gen9vgc2023regulatione","rating":1157,"private":0,"password":""}