{"id":"gen9vgc2023regulatione-1988365306","p1":"Vietnamunderground","p2":"Kzjrhzk","format":"[Gen 9] VGC 2023 Regulation E","log":"|j|\u2606Vietnamunderground\n|j|\u2606Kzjrhzk\n|t:|1699714449\n|gametype|doubles\n|player|p1|Vietnamunderground|steven|1135\n|player|p2|Kzjrhzk|lance|1050\n|teamsize|p1|6\n|teamsize|p2|6\n|gen|9\n|tier|[Gen 9] VGC 2023 Regulation E\n|rated|\n|rule|Species Clause: Limit one of each Pok\u00e9mon\n|rule|Item Clause: Limit one of each item\n|clearpoke\n|poke|p1|Cresselia, L50, F|\n|poke|p1|Enamorus, L50, F|\n|poke|p1|Thundurus, L50, M|\n|poke|p1|Flutter Mane, L50|\n|poke|p1|Urshifu-*, L50, F|\n|poke|p1|Annihilape, L50, M|\n|poke|p2|Flutter Mane, L50|\n|poke|p2|Tornadus, L50, M|\n|poke|p2|Rillaboom, L50, F|\n|poke|p2|Garganacl, L50, M|\n|poke|p2|Arcanine-Hisui, L50, F|\n|poke|p2|Chien-Pao, L50|\n|teampreview|4\n|\n|t:|1699714482\n|start\n|switch|p1a: Thundurus|Thundurus, L50, M, shiny|100\/100\n|switch|p1b: Annihilape|Annihilape, L50, M|100\/100\n|switch|p2a: Tornadus|Tornadus, L50, M|100\/100\n|switch|p2b: Garganacl|Garganacl, L50, M|100\/100\n|turn|1\n|\n|t:|1699714519\n|-terastallize|p2b: Garganacl|Ghost\n|move|p2a: Tornadus|Taunt|p1b: Annihilape\n|-start|p1b: Annihilape|move: Taunt\n|move|p1b: Annihilape|Final Gambit|p2b: Garganacl\n|-immune|p2b: Garganacl\n|move|p1a: Thundurus|Wildbolt Storm|p2a: Tornadus|[spread] p2b\n|-miss|p1a: Thundurus|p2a: Tornadus\n|-damage|p2b: Garganacl|77\/100\n|move|p2b: Garganacl|Iron Defense|p2b: Garganacl\n|-boost|p2b: Garganacl|def|2\n|\n|upkeep\n|turn|2\n|\n|t:|1699714545\n|switch|p1b: Enamorus|Enamorus, L50, F, shiny|100\/100\n|move|p2b: Garganacl|Protect|p2b: Garganacl\n|-singleturn|p2b: Garganacl|Protect\n|move|p2a: Tornadus|Tailwind|p2a: Tornadus\n|-sidestart|p2: Kzjrhzk|move: Tailwind\n|move|p1a: Thundurus|Wildbolt Storm|p2a: Tornadus|[spread] \n|-activate|p2b: Garganacl|move: Protect\n|-miss|p1a: Thundurus|p2a: Tornadus\n|\n|upkeep\n|turn|3\n|\n|t:|1699714561\n|-terastallize|p1b: Enamorus|Fairy\n|move|p1a: Thundurus|Eerie Impulse|p1b: Enamorus\n|-boost|p1b: Enamorus|spa|2\n|move|p2a: Tornadus|Bleakwind Storm|p1b: Enamorus|[spread] p1a,p1b\n|-resisted|p1a: Thundurus\n|-damage|p1a: Thundurus|77\/100\n|-damage|p1b: Enamorus|57\/100\n|move|p1b: Enamorus|Dazzling Gleam|p2b: Garganacl|[spread] p2a,p2b\n|-crit|p2a: Tornadus\n|-damage|p2a: Tornadus|0 fnt\n|-damage|p2b: Garganacl|0 fnt\n|faint|p2a: Tornadus\n|faint|p2b: Garganacl\n|-damage|p1b: Enamorus|46\/100|[from] item: Life Orb\n|\n|upkeep\n|\n|t:|1699714572\n|switch|p2a: Flutter Mane|Flutter Mane, L50|100\/100\n|switch|p2b: Chien-Pao|Chien-Pao, L50|100\/100\n|-ability|p2b: Chien-Pao|Sword of Ruin\n|-enditem|p2a: Flutter Mane|Booster Energy\n|-activate|p2a: Flutter Mane|ability: Protosynthesis|[fromitem]\n|-start|p2a: Flutter Mane|protosynthesisspe\n|turn|4\n|\n|t:|1699714592\n|move|p1b: Enamorus|Protect|p1b: Enamorus\n|-singleturn|p1b: Enamorus|Protect\n|move|p1a: Thundurus|Eerie Impulse|p2a: Flutter Mane\n|-unboost|p2a: Flutter Mane|spa|2\n|move|p2a: Flutter Mane|Shadow Ball|p1b: Enamorus\n|-activate|p1b: Enamorus|move: Protect\n|move|p2b: Chien-Pao|Ice Spinner|p1a: Thundurus\n|-supereffective|p1a: Thundurus\n|-damage|p1a: Thundurus|0 fnt\n|faint|p1a: Thundurus\n|\n|upkeep\n|\n|t:|1699714604\n|switch|p1a: Annihilape|Annihilape, L50, M|100\/100\n|turn|5\n|\n|t:|1699714620\n|move|p2a: Flutter Mane|Shadow Ball|p1b: Enamorus\n|-damage|p1b: Enamorus|15\/100\n|move|p2b: Chien-Pao|Ice Spinner|p1b: Enamorus\n|-damage|p1b: Enamorus|0 fnt\n|faint|p1b: Enamorus\n|move|p1a: Annihilape|Final Gambit|p2b: Chien-Pao\n|-enditem|p2b: Chien-Pao|Focus Sash\n|-damage|p2b: Chien-Pao|1\/100\n|faint|p1a: Annihilape\n|\n|-sideend|p2: Kzjrhzk|move: Tailwind\n|upkeep\n|\n|t:|1699714632\n|switch|p1b: Urshifu|Urshifu, L50, F|100\/100\n|turn|6\n|\n|t:|1699714647\n|move|p2a: Flutter Mane|Moonblast|p1b: Urshifu\n|-supereffective|p1b: Urshifu\n|-damage|p1b: Urshifu|0 fnt\n|faint|p1b: Urshifu\n|\n|win|Kzjrhzk\n|raw|Vietnamunderground's rating: 1135 &rarr; <strong>1104<\/strong><br \/>(-31 for losing)\n|raw|Kzjrhzk's rating: 1050 &rarr; <strong>1090<\/strong><br \/>(+40 for winning)\n|l|\u2606Vietnamunderground\n","uploadtime":1699714653,"views":14,"p1id":"vietnamunderground","p2id":"kzjrhzk","formatid":"gen9vgc2023regulatione","rating":1090,"private":0,"password":""}