{"id":"gen9vgc2023regulatione-1991897943","p1":"FunneeMonkee","p2":"magicalarcher57","format":"[Gen 9] VGC 2023 Regulation E","log":"|j|\u2606FunneeMonkee\n|j|\u2606magicalarcher57\n|t:|1700135304\n|gametype|doubles\n|player|p1|FunneeMonkee|lisia|\n|player|p2|magicalarcher57|cynthia-gen4|\n|teamsize|p1|6\n|teamsize|p2|6\n|gen|9\n|tier|[Gen 9] VGC 2023 Regulation E\n|rated|Tournament battle\n|rule|Species Clause: Limit one of each Pok\u00e9mon\n|rule|Item Clause: Limit one of each item\n|clearpoke\n|poke|p1|Gholdengo, L50|\n|poke|p1|Tornadus, L50, M|\n|poke|p1|Urshifu-*, L50, F|\n|poke|p1|Farigiraf, L50, F|\n|poke|p1|Iron Hands, L50|\n|poke|p1|Arcanine-Hisui, L50, F|\n|poke|p2|Landorus-Therian, L50, M|\n|poke|p2|Tornadus, L50, M|\n|poke|p2|Rillaboom, L50, F|\n|poke|p2|Urshifu-*, L50, M|\n|poke|p2|Heatran, L50, F|\n|poke|p2|Basculegion, L50, M|\n|teampreview|4\n|showteam|p1|Gholdengo||ChoiceSpecs|GoodasGold|MakeItRain,ShadowBall,DazzlingGleam,Trick||||||50|,,,,,Steel]Tornadus||RockyHelmet|Prankster|Tailwind,BleakwindStorm,Taunt,RainDance|||M|||50|,,,,,Ghost]Urshifu-Rapid-Strike||ChoiceScarf|UnseenFist|SurgingStrikes,AquaJet,CloseCombat,Uturn|||F|||50|,,,,,Water]Farigiraf||SafetyGoggles|ArmorTail|TrickRoom,Imprison,DazzlingGleam,Psychic|||F|||50|,,,,,Fairy]Iron Hands||AssaultVest|QuarkDrive|FakeOut,DrainPunch,WildCharge,HeavySlam||||||50|,,,,,Grass]Arcanine-Hisui||SitrusBerry|Intimidate|FlareBlitz,RockSlide,WillOWisp,Protect|||F|||50|,,,,,Grass\n|showteam|p2|Landorus-Therian||ChoiceScarf|Intimidate|StompingTantrum,TeraBlast,Uturn,RockSlide|||M|||50|,,,,,Flying]Tornadus||MentalHerb|Prankster|BleakwindStorm,Tailwind,Protect,Taunt|||M|||50|,,,,,Ghost]Rillaboom||AssaultVest|GrassySurge|GrassyGlide,WoodHammer,Uturn,FakeOut|||F|||50|,,,,,Fire]Urshifu-Rapid-Strike||FocusSash|UnseenFist|SurgingStrikes,AquaJet,IceSpinner,Detect|||M|||50|,,,,,Water]Heatran||AirBalloon|FlashFire|EarthPower,HeatWave,Protect,TeraBlast|||F|||50|,,,,,Grass]Basculegion||SpookyPlate|Adaptability|LastRespects,AquaJet,WaveCrash,Protect|||M|||50|,,,,,Dragon\n|j| O1OOO11O\n|\n|t:|1700135353\n|start\n|switch|p1a: Iron Hands|Iron Hands, L50|100\/100\n|switch|p1b: Farigiraf|Farigiraf, L50, F|100\/100\n|switch|p2a: Rillaboom|Rillaboom, L50, F|100\/100\n|switch|p2b: Urshifu|Urshifu-Rapid-Strike, L50, M|100\/100\n|-fieldstart|move: Grassy Terrain|[from] ability: Grassy Surge|[of] p2a: Rillaboom\n|turn|1\n|inactive|Battle timer is ON: inactive players will automatically lose when time's up. (requested by FunneeMonkee)\n|\n|t:|1700135423\n|move|p2a: Rillaboom|Fake Out||[still]\n|cant|p1b: Farigiraf|ability: Armor Tail|Fake Out|[of] p2a: Rillaboom\n|move|p1a: Iron Hands|Fake Out|p2a: Rillaboom\n|-damage|p2a: Rillaboom|88\/100\n|move|p2b: Urshifu|Surging Strikes|p1b: Farigiraf\n|-crit|p1b: Farigiraf\n|-damage|p1b: Farigiraf|80\/100\n|-crit|p1b: Farigiraf\n|-damage|p1b: Farigiraf|64\/100\n|-crit|p1b: Farigiraf\n|-damage|p1b: Farigiraf|46\/100\n|-hitcount|p1b: Farigiraf|3\n|move|p1b: Farigiraf|Trick Room|p1b: Farigiraf\n|-fieldstart|move: Trick Room|[of] p1b: Farigiraf\n|\n|-heal|p1b: Farigiraf|51\/100|[from] Grassy Terrain\n|-heal|p2a: Rillaboom|94\/100|[from] Grassy Terrain\n|upkeep\n|turn|2\n|c|\u2606magicalarcher57|oh crap\n|c|\u2606magicalarcher57|misclick\n|\n|t:|1700135437\n|move|p1a: Iron Hands|Drain Punch|p2a: Rillaboom\n|-damage|p2a: Rillaboom|56\/100\n|move|p1b: Farigiraf|Dazzling Gleam|p2b: Urshifu|[spread] p2a,p2b\n|-supereffective|p2b: Urshifu\n|-damage|p2a: Rillaboom|44\/100\n|-damage|p2b: Urshifu|60\/100\n|move|p2a: Rillaboom|Wood Hammer|p1b: Farigiraf\n|-damage|p1b: Farigiraf|0 fnt\n|faint|p1b: Farigiraf\n|-damage|p2a: Rillaboom|26\/100|[from] Recoil\n|move|p2b: Urshifu|Surging Strikes|p1a: Iron Hands\n|-crit|p1a: Iron Hands\n|-damage|p1a: Iron Hands|87\/100\n|-crit|p1a: Iron Hands\n|-damage|p1a: Iron Hands|72\/100\n|-crit|p1a: Iron Hands\n|-damage|p1a: Iron Hands|59\/100\n|-hitcount|p1a: Iron Hands|3\n|\n|-heal|p1a: Iron Hands|65\/100|[from] Grassy Terrain\n|-heal|p2a: Rillaboom|32\/100|[from] Grassy Terrain\n|-heal|p2b: Urshifu|66\/100|[from] Grassy Terrain\n|upkeep\n|\n|t:|1700135450\n|switch|p1b: Arcanine|Arcanine-Hisui, L50, F|100\/100\n|-ability|p1b: Arcanine|Intimidate|boost\n|-unboost|p2a: Rillaboom|atk|1\n|-unboost|p2b: Urshifu|atk|1\n|turn|3\n|\n|t:|1700135468\n|-terastallize|p1b: Arcanine|Grass\n|move|p1a: Iron Hands|Drain Punch|p2a: Rillaboom\n|-damage|p2a: Rillaboom|0 fnt\n|-heal|p1a: Iron Hands|79\/100|[from] drain|[of] p2a: Rillaboom\n|faint|p2a: Rillaboom\n|move|p1b: Arcanine|Will-O-Wisp|p2b: Urshifu\n|-status|p2b: Urshifu|brn\n|move|p2b: Urshifu|Surging Strikes|p1b: Arcanine\n|-resisted|p1b: Arcanine\n|-crit|p1b: Arcanine\n|-damage|p1b: Arcanine|96\/100\n|-resisted|p1b: Arcanine\n|-crit|p1b: Arcanine\n|-damage|p1b: Arcanine|90\/100\n|-resisted|p1b: Arcanine\n|-crit|p1b: Arcanine\n|-damage|p1b: Arcanine|84\/100\n|-hitcount|p1b: Arcanine|3\n|\n|-heal|p1a: Iron Hands|85\/100|[from] Grassy Terrain\n|-heal|p1b: Arcanine|90\/100|[from] Grassy Terrain\n|-heal|p2b: Urshifu|72\/100 brn|[from] Grassy Terrain\n|-damage|p2b: Urshifu|66\/100 brn|[from] brn\n|upkeep\n|\n|t:|1700135471\n|switch|p2a: Heatran|Heatran, L50, F|100\/100\n|-item|p2a: Heatran|Air Balloon\n|turn|4\n|\n|t:|1700135483\n|-terastallize|p2a: Heatran|Grass\n|move|p1a: Iron Hands|Drain Punch|p2a: Heatran\n|-damage|p2a: Heatran|67\/100\n|-heal|p1a: Iron Hands|99\/100|[from] drain|[of] p2a: Heatran\n|-enditem|p2a: Heatran|Air Balloon\n|move|p2a: Heatran|Heat Wave|p1b: Arcanine|[spread] \n|-miss|p2a: Heatran|p1a: Iron Hands\n|-miss|p2a: Heatran|p1b: Arcanine\n|move|p1b: Arcanine|Rock Slide|p2a: Heatran|[spread] p2a,p2b\n|-resisted|p2b: Urshifu\n|-damage|p2a: Heatran|45\/100\n|-damage|p2b: Urshifu|55\/100 brn\n|move|p2b: Urshifu|Surging Strikes|p1a: Iron Hands\n|-crit|p1a: Iron Hands\n|-damage|p1a: Iron Hands|91\/100\n|-crit|p1a: Iron Hands\n|-damage|p1a: Iron Hands|84\/100\n|-crit|p1a: Iron Hands\n|-damage|p1a: Iron Hands|77\/100\n|-hitcount|p1a: Iron Hands|3\n|\n|-heal|p1a: Iron Hands|83\/100|[from] Grassy Terrain\n|-heal|p2a: Heatran|51\/100|[from] Grassy Terrain\n|-heal|p1b: Arcanine|96\/100|[from] Grassy Terrain\n|-heal|p2b: Urshifu|61\/100 brn|[from] Grassy Terrain\n|-damage|p2b: Urshifu|55\/100 brn|[from] brn\n|upkeep\n|turn|5\n|c|\u2606magicalarcher57|NOO DOUBLE MISS\n|c|\u2606magicalarcher57|AHHHH\n|inactive|magicalarcher57 has 30 seconds left.\n|inactive|FunneeMonkee has 30 seconds left.\n|\n|t:|1700135519\n|move|p2a: Heatran|Protect|p2a: Heatran\n|-singleturn|p2a: Heatran|Protect\n|move|p1b: Arcanine|Protect|p1b: Arcanine\n|-singleturn|p1b: Arcanine|Protect\n|move|p2b: Urshifu|Detect|p2b: Urshifu\n|-singleturn|p2b: Urshifu|Protect\n|move|p1a: Iron Hands|Drain Punch|p2a: Heatran\n|-activate|p2a: Heatran|move: Protect\n|\n|-heal|p1a: Iron Hands|89\/100|[from] Grassy Terrain\n|-heal|p2a: Heatran|57\/100|[from] Grassy Terrain\n|-heal|p1b: Arcanine|100\/100|[from] Grassy Terrain\n|-heal|p2b: Urshifu|61\/100 brn|[from] Grassy Terrain\n|-damage|p2b: Urshifu|55\/100 brn|[from] brn\n|-fieldend|move: Trick Room\n|-fieldend|move: Grassy Terrain\n|upkeep\n|turn|6\n|\n|t:|1700135544\n|move|p2b: Urshifu|Surging Strikes|p1a: Iron Hands\n|-crit|p1a: Iron Hands\n|-damage|p1a: Iron Hands|82\/100\n|-crit|p1a: Iron Hands\n|-damage|p1a: Iron Hands|75\/100\n|-crit|p1a: Iron Hands\n|-damage|p1a: Iron Hands|68\/100\n|-hitcount|p1a: Iron Hands|3\n|move|p1b: Arcanine|Rock Slide|p2a: Heatran|[spread] p2a,p2b\n|-resisted|p2b: Urshifu\n|-damage|p2a: Heatran|34\/100\n|-damage|p2b: Urshifu|41\/100 brn\n|cant|p2a: Heatran|flinch\n|move|p1a: Iron Hands|Drain Punch|p2a: Heatran\n|-damage|p2a: Heatran|2\/100\n|-heal|p1a: Iron Hands|81\/100|[from] drain|[of] p2a: Heatran\n|\n|-damage|p2b: Urshifu|35\/100 brn|[from] brn\n|upkeep\n|turn|7\n|\n|t:|1700135563\n|-end|p1a: Iron Hands|Quark Drive|[silent]\n|switch|p1a: Gholdengo|Gholdengo, L50|100\/100\n|move|p2a: Heatran|Protect|p2a: Heatran\n|-singleturn|p2a: Heatran|Protect\n|move|p2b: Urshifu|Ice Spinner|p1b: Arcanine\n|-supereffective|p1b: Arcanine\n|-damage|p1b: Arcanine|80\/100\n|move|p1b: Arcanine|Rock Slide|p2b: Urshifu|[spread] p2b\n|-activate|p2a: Heatran|move: Protect\n|-resisted|p2b: Urshifu\n|-damage|p2b: Urshifu|22\/100 brn\n|\n|-damage|p2b: Urshifu|16\/100 brn|[from] brn\n|upkeep\n|turn|8\n|\n|t:|1700135578\n|move|p2b: Urshifu|Surging Strikes|p1a: Gholdengo\n|-crit|p1a: Gholdengo\n|-damage|p1a: Gholdengo|90\/100\n|-crit|p1a: Gholdengo\n|-damage|p1a: Gholdengo|80\/100\n|-crit|p1a: Gholdengo\n|-damage|p1a: Gholdengo|69\/100\n|-hitcount|p1a: Gholdengo|3\n|move|p1b: Arcanine|Rock Slide|p2b: Urshifu|[spread] p2a\n|-miss|p1b: Arcanine|p2b: Urshifu\n|-damage|p2a: Heatran|0 fnt\n|faint|p2a: Heatran\n|move|p1a: Gholdengo|Make It Rain|p2b: Urshifu\n|-resisted|p2b: Urshifu\n|-damage|p2b: Urshifu|0 fnt\n|-unboost|p1a: Gholdengo|spa|1\n|faint|p2b: Urshifu\n|\n|upkeep\n|\n|t:|1700135597\n|switch|p2b: Basculegion|Basculegion, L50, M|100\/100\n|turn|9\n|\n|t:|1700135600\n|switch|p1b: Iron Hands|Iron Hands, L50|81\/100\n|move|p1a: Gholdengo|Make It Rain|p2b: Basculegion\n|-resisted|p2b: Basculegion\n|-damage|p2b: Basculegion|68\/100\n|-unboost|p1a: Gholdengo|spa|1\n|move|p2b: Basculegion|Last Respects|p1a: Gholdengo\n|-supereffective|p1a: Gholdengo\n|-crit|p1a: Gholdengo\n|-damage|p1a: Gholdengo|0 fnt\n|faint|p1a: Gholdengo\n|\n|upkeep\n|\n|t:|1700135606\n|switch|p1a: Arcanine|Arcanine-Hisui, L50, F, tera:Grass|80\/100\n|-ability|p1a: Arcanine|Intimidate|boost\n|-unboost|p2b: Basculegion|atk|1\n|turn|10\n|\n|t:|1700135611\n|move|p2b: Basculegion|Protect|p2b: Basculegion\n|-singleturn|p2b: Basculegion|Protect\n|move|p1a: Arcanine|Will-O-Wisp|p2b: Basculegion\n|-activate|p2b: Basculegion|move: Protect\n|move|p1b: Iron Hands|Wild Charge|p2b: Basculegion\n|-activate|p2b: Basculegion|move: Protect\n|\n|upkeep\n|turn|11\n|inactive|magicalarcher57 has 30 seconds left.\n|\n|t:|1700135641\n|move|p1a: Arcanine|Will-O-Wisp|p2b: Basculegion\n|-status|p2b: Basculegion|brn\n|move|p2b: Basculegion|Last Respects|p1a: Arcanine\n|-damage|p1a: Arcanine|24\/100\n|-enditem|p1a: Arcanine|Sitrus Berry|[eat]\n|-heal|p1a: Arcanine|49\/100|[from] item: Sitrus Berry\n|move|p1b: Iron Hands|Wild Charge|p2b: Basculegion\n|-supereffective|p2b: Basculegion\n|-damage|p2b: Basculegion|0 fnt\n|faint|p2b: Basculegion\n|-damage|p1b: Iron Hands|66\/100|[from] Recoil\n|\n|win|FunneeMonkee\n|n|\u2606FunneeMonkee|funneemonkee\n|n|\u2606magicalarcher57|magicalarcher57\n|n| O1OOO11O|o1ooo11o\n","uploadtime":1700135642,"views":18,"p1id":"funneemonkee","p2id":"magicalarcher57","formatid":"gen9vgc2023regulatione","rating":0,"private":0,"password":""}