{"id":"gen9vgc2023regulatione-1998281371","p1":"arieon","p2":"Refanner","format":"[Gen 9] VGC 2023 Regulation E","log":"|j|\u2606arieon\n|j|\u2606Refanner\n|t:|1700924182\n|gametype|doubles\n|player|p1|arieon|102|1458\n|player|p2|Refanner|265|1362\n|teamsize|p1|6\n|teamsize|p2|6\n|gen|9\n|tier|[Gen 9] VGC 2023 Regulation E\n|rated|\n|rule|Species Clause: Limit one of each Pok\u00e9mon\n|rule|Item Clause: Limit one of each item\n|clearpoke\n|poke|p1|Goodra-Hisui, L50, M|\n|poke|p1|Cresselia, L50, F|\n|poke|p1|Amoonguss, L50, M|\n|poke|p1|Moltres-Galar, L50|\n|poke|p1|Pelipper, L50, M|\n|poke|p1|Iron Bundle, L50|\n|poke|p2|Ogerpon-Cornerstone, L50, F|\n|poke|p2|Urshifu-*, L50, M|\n|poke|p2|Tornadus, L50, M|\n|poke|p2|Mamoswine, L50, M|\n|poke|p2|Indeedee-F, L50, F|\n|poke|p2|Iron Hands, L50|\n|teampreview|4\n|\n|t:|1700924254\n|start\n|switch|p1a: Goodra|Goodra-Hisui, L50, M|100\/100\n|switch|p1b: Cresselia|Cresselia, L50, F|100\/100\n|switch|p2a: Urshifu|Urshifu, L50, M|100\/100\n|switch|p2b: Tornadus|Tornadus, L50, M|100\/100\n|turn|1\n|\n|t:|1700924279\n|move|p1b: Cresselia|Ally Switch|p1b: Cresselia\n|swap|p1b: Cresselia|0|[from] move: Ally Switch\n|move|p2b: Tornadus|Taunt|p1a: Cresselia\n|-start|p1a: Cresselia|move: Taunt\n|move|p2a: Urshifu|Wicked Blow|p1b: Goodra\n|-damage|p1b: Goodra|63\/100\n|move|p1b: Goodra|Body Press|p2a: Urshifu\n|-supereffective|p2a: Urshifu\n|-damage|p2a: Urshifu|50\/100\n|\n|-heal|p1b: Goodra|69\/100|[from] item: Leftovers\n|upkeep\n|turn|2\n|\n|t:|1700924324\n|switch|p1a: Pelipper|Pelipper, L50, M|100\/100\n|move|p2a: Urshifu|Protect|p2a: Urshifu\n|-singleturn|p2a: Urshifu|Protect\n|move|p2b: Tornadus|Bleakwind Storm|p1b: Goodra|[spread] p1a,p1b\n|-resisted|p1b: Goodra\n|-damage|p1a: Pelipper|56\/100\n|-damage|p1b: Goodra|59\/100\n|move|p1b: Goodra|Body Press|p2a: Urshifu\n|-activate|p2a: Urshifu|move: Protect\n|\n|-heal|p1b: Goodra|65\/100|[from] item: Leftovers\n|upkeep\n|turn|3\n|\n|t:|1700924351\n|switch|p2a: Iron Hands|Iron Hands, L50|100\/100\n|switch|p1b: Cresselia|Cresselia, L50, F|100\/100\n|move|p2b: Tornadus|Icy Wind|p1b: Cresselia|[spread] p1a,p1b\n|-damage|p1a: Pelipper|40\/100\n|-damage|p1b: Cresselia|93\/100\n|-unboost|p1a: Pelipper|spe|1\n|-unboost|p1b: Cresselia|spe|1\n|move|p1a: Pelipper|Hurricane|p2a: Iron Hands\n|-damage|p2a: Iron Hands|76\/100\n|\n|upkeep\n|turn|4\n|\n|t:|1700924386\n|move|p1a: Pelipper|Wide Guard|p1a: Pelipper\n|-singleturn|p1a: Pelipper|Wide Guard\n|move|p2b: Tornadus|Taunt|p1b: Cresselia\n|-start|p1b: Cresselia|move: Taunt\n|move|p2a: Iron Hands|Wild Charge|p1a: Pelipper\n|-supereffective|p1a: Pelipper\n|-damage|p1a: Pelipper|0 fnt\n|faint|p1a: Pelipper\n|-damage|p2a: Iron Hands|69\/100|[from] Recoil\n|move|p1b: Cresselia|Psychic|p2a: Iron Hands\n|-supereffective|p2a: Iron Hands\n|-damage|p2a: Iron Hands|44\/100\n|\n|upkeep\n|\n|t:|1700924398\n|switch|p1a: Iron Bundle|Iron Bundle, L50|100\/100\n|-enditem|p1a: Iron Bundle|Booster Energy\n|-activate|p1a: Iron Bundle|ability: Quark Drive|[fromitem]\n|-start|p1a: Iron Bundle|quarkdrivespe\n|turn|5\n|\n|t:|1700924428\n|move|p2b: Tornadus|Tailwind|p2b: Tornadus\n|-sidestart|p2: Refanner|move: Tailwind\n|move|p1a: Iron Bundle|Blizzard|p2a: Iron Hands|[spread] p2a,p2b\n|-supereffective|p2b: Tornadus\n|-damage|p2a: Iron Hands|22\/100\n|-damage|p2b: Tornadus|4\/100\n|-status|p2b: Tornadus|frz\n|move|p2a: Iron Hands|Drain Punch|p1a: Iron Bundle\n|-supereffective|p1a: Iron Bundle\n|-damage|p1a: Iron Bundle|0 fnt\n|-heal|p2a: Iron Hands|50\/100|[from] drain|[of] p1a: Iron Bundle\n|faint|p1a: Iron Bundle\n|-end|p1a: Iron Bundle|Quark Drive|[silent]\n|move|p1b: Cresselia|Psychic|p2a: Iron Hands\n|-supereffective|p2a: Iron Hands\n|-damage|p2a: Iron Hands|24\/100\n|\n|upkeep\n|\n|t:|1700924438\n|switch|p1a: Goodra|Goodra-Hisui, L50, M|65\/100\n|turn|6\n|\n|t:|1700924454\n|cant|p2b: Tornadus|frz\n|move|p2a: Iron Hands|Drain Punch|p1a: Goodra\n|-supereffective|p1a: Goodra\n|-damage|p1a: Goodra|6\/100\n|-heal|p2a: Iron Hands|47\/100|[from] drain|[of] p1a: Goodra\n|move|p1a: Goodra|Shelter|p1a: Goodra\n|-boost|p1a: Goodra|def|2\n|move|p1b: Cresselia|Psychic|p2a: Iron Hands\n|-supereffective|p2a: Iron Hands\n|-damage|p2a: Iron Hands|24\/100\n|\n|-heal|p1a: Goodra|12\/100|[from] item: Leftovers\n|-end|p1b: Cresselia|move: Taunt\n|upkeep\n|turn|7\n|\n|t:|1700924481\n|move|p1a: Goodra|Protect|p1a: Goodra\n|-singleturn|p1a: Goodra|Protect\n|-curestatus|p2b: Tornadus|frz|[msg]\n|move|p2b: Tornadus|Bleakwind Storm|p1a: Goodra|[spread] p1b\n|-activate|p1a: Goodra|move: Protect\n|-damage|p1b: Cresselia|75\/100\n|move|p2a: Iron Hands|Drain Punch|p1b: Cresselia\n|-resisted|p1b: Cresselia\n|-damage|p1b: Cresselia|63\/100\n|-heal|p2a: Iron Hands|30\/100|[from] drain|[of] p1b: Cresselia\n|move|p1b: Cresselia|Lunar Blessing|p1b: Cresselia|[spread] p1a,p1b\n|-heal|p1a: Goodra|37\/100\n|-heal|p1b: Cresselia|88\/100\n|\n|-heal|p1a: Goodra|43\/100|[from] item: Leftovers\n|upkeep\n|turn|8\n|\n|t:|1700924504\n|move|p1a: Goodra|Protect|p1a: Goodra\n|-singleturn|p1a: Goodra|Protect\n|move|p2b: Tornadus|Taunt|p1b: Cresselia\n|-start|p1b: Cresselia|move: Taunt\n|move|p2a: Iron Hands|Drain Punch|p1a: Goodra\n|-activate|p1a: Goodra|move: Protect\n|move|p1b: Cresselia|Psychic|p2a: Iron Hands\n|-supereffective|p2a: Iron Hands\n|-damage|p2a: Iron Hands|4\/100\n|\n|-heal|p1a: Goodra|49\/100|[from] item: Leftovers\n|-sideend|p2: Refanner|move: Tailwind\n|upkeep\n|turn|9\n|\n|t:|1700924532\n|move|p2b: Tornadus|Bleakwind Storm|p1b: Cresselia|[spread] p1a,p1b\n|-resisted|p1a: Goodra\n|-damage|p1a: Goodra|41\/100\n|-damage|p1b: Cresselia|69\/100\n|-unboost|p1a: Goodra|spe|1\n|move|p2a: Iron Hands|Drain Punch|p1a: Goodra\n|-supereffective|p1a: Goodra\n|-damage|p1a: Goodra|7\/100\n|-heal|p2a: Iron Hands|17\/100|[from] drain|[of] p1a: Goodra\n|move|p1b: Cresselia|Psychic|p2a: Iron Hands\n|-supereffective|p2a: Iron Hands\n|-damage|p2a: Iron Hands|0 fnt\n|faint|p2a: Iron Hands\n|-end|p2a: Iron Hands|Quark Drive|[silent]\n|move|p1a: Goodra|Shelter|p1a: Goodra\n|-boost|p1a: Goodra|def|2\n|\n|-heal|p1a: Goodra|13\/100|[from] item: Leftovers\n|upkeep\n|\n|t:|1700924547\n|switch|p2a: Urshifu|Urshifu, L50, M|50\/100\n|turn|10\n|\n|t:|1700924555\n|-terastallize|p1a: Goodra|Fairy\n|move|p2a: Urshifu|Wicked Blow|p1a: Goodra\n|-resisted|p1a: Goodra\n|-damage|p1a: Goodra|7\/100\n|move|p2b: Tornadus|Bleakwind Storm|p1a: Goodra|[spread] p1a\n|-miss|p2b: Tornadus|p1b: Cresselia\n|-damage|p1a: Goodra|0 fnt\n|faint|p1a: Goodra\n|move|p1b: Cresselia|Psychic|p2b: Tornadus\n|-damage|p2b: Tornadus|0 fnt\n|faint|p2b: Tornadus\n|\n|-end|p1b: Cresselia|move: Taunt\n|upkeep\n|-message|arieon forfeited.\n|\n|win|Refanner\n|raw|arieon's rating: 1458 &rarr; <strong>1433<\/strong><br \/>(-25 for losing)\n|raw|Refanner's rating: 1362 &rarr; <strong>1387<\/strong><br \/>(+25 for winning)\n|l|\u2606arieon\n","uploadtime":1700924571,"views":4,"p1id":"arieon","p2id":"refanner","formatid":"gen9vgc2023regulatione","rating":1387,"private":0,"password":""}