{"id":"gen9vgc2023regulatione-1995245655","p1":"pikachuz421","p2":"LasermanZ111","format":"[Gen 9] VGC 2023 Regulation E","log":"|j|\u2606pikachuz421\n|j|\u2606LasermanZ111\n|t:|1700539502\n|gametype|doubles\n|player|p1|pikachuz421|266|1000\n|player|p2|LasermanZ111|ash|1000\n|teamsize|p1|6\n|teamsize|p2|6\n|gen|9\n|tier|[Gen 9] VGC 2023 Regulation E\n|rated|\n|rule|Species Clause: Limit one of each Pok\u00e9mon\n|rule|Item Clause: Limit one of each item\n|clearpoke\n|poke|p1|Farigiraf, L50, M|\n|poke|p1|Tornadus, L50, M|\n|poke|p1|Urshifu-*, L50, F|\n|poke|p1|Iron Bundle, L50|\n|poke|p1|Armarouge, L50, F|\n|poke|p1|Indeedee-F, L50, F|\n|poke|p2|Volcarona, L50, M|\n|poke|p2|Ogerpon-Wellspring, L50, F|\n|poke|p2|Landorus-Therian, L50, M|\n|poke|p2|Iron Hands, L50|\n|poke|p2|Ninetales-Alola, L50, M|\n|poke|p2|Kingambit, L50, M|\n|teampreview|4\nLasermanZ111 has agreed to open team sheets.\npikachuz421 has agreed to open team sheets.\n|\n|t:|1700539591\n|start\n|switch|p1a: Farigiraf|Farigiraf, L50, M|100\/100\n|switch|p1b: Indeedee|Indeedee-F, L50, F|100\/100\n|switch|p2a: Volcarona|Volcarona, L50, M|100\/100\n|switch|p2b: Iron Hands|Iron Hands, L50|100\/100\n|-fieldstart|move: Psychic Terrain|[from] ability: Psychic Surge|[of] p1b: Indeedee\n|-enditem|p1b: Indeedee|Psychic Seed\n|-boost|p1b: Indeedee|spd|1|[from] item: Psychic Seed\n|turn|1\n|\n|t:|1700539639\n|-end|p2b: Iron Hands|Quark Drive|[silent]\n|switch|p2b: Kingambit|Kingambit, L50, M|100\/100\n|move|p1a: Farigiraf|Protect|p1a: Farigiraf\n|-singleturn|p1a: Farigiraf|Protect\n|move|p2a: Volcarona|Quiver Dance|p2a: Volcarona\n|-boost|p2a: Volcarona|spa|1\n|-boost|p2a: Volcarona|spd|1\n|-boost|p2a: Volcarona|spe|1\n|move|p1b: Indeedee|Trick Room|p1b: Indeedee\n|-fieldstart|move: Trick Room|[of] p1b: Indeedee\n|\n|upkeep\n|turn|2\n|\n|t:|1700539681\n|-terastallize|p1a: Farigiraf|Fairy\n|move|p1b: Indeedee|Helping Hand|p1a: Farigiraf\n|-singleturn|p1a: Farigiraf|Helping Hand|[of] p1b: Indeedee\n|move|p2b: Kingambit|Kowtow Cleave|p1b: Indeedee\n|-supereffective|p1b: Indeedee\n|-damage|p1b: Indeedee|0 fnt\n|faint|p1b: Indeedee\n|move|p1a: Farigiraf|Psychic|p2a: Volcarona\n|-damage|p2a: Volcarona|55\/100\n|move|p2a: Volcarona|Heat Wave|p1a: Farigiraf\n|-damage|p1a: Farigiraf|29\/100\n|-enditem|p1a: Farigiraf|Sitrus Berry|[eat]\n|-heal|p1a: Farigiraf|53\/100|[from] item: Sitrus Berry\n|\n|-heal|p2a: Volcarona|61\/100|[from] item: Leftovers\n|upkeep\n|\n|t:|1700539698\n|switch|p1b: Armarouge|Armarouge, L50, F|100\/100\n|turn|3\n|\n|t:|1700539723\n|move|p2b: Kingambit|Protect|p2b: Kingambit\n|-singleturn|p2b: Kingambit|Protect\n|move|p2a: Volcarona|Protect|p2a: Volcarona\n|-singleturn|p2a: Volcarona|Protect\n|move|p1b: Armarouge|Armor Cannon|p2b: Kingambit\n|-activate|p2b: Kingambit|move: Protect\n|move|p1a: Farigiraf|Dazzling Gleam|p2a: Volcarona|[spread] \n|-activate|p2a: Volcarona|move: Protect\n|-activate|p2b: Kingambit|move: Protect\n|\n|-heal|p2a: Volcarona|67\/100|[from] item: Leftovers\n|upkeep\n|turn|4\n|\n|t:|1700539747\n|switch|p2b: Ogerpon|Ogerpon-Wellspring, L50, F|100\/100\n|move|p1b: Armarouge|Armor Cannon|p2b: Ogerpon\n|-damage|p2b: Ogerpon|19\/100\n|-unboost|p1b: Armarouge|def|1\n|-unboost|p1b: Armarouge|spd|1\n|-damage|p1b: Armarouge|91\/100|[from] item: Life Orb\n|move|p1a: Farigiraf|Dazzling Gleam|p2b: Ogerpon|[spread] p2a,p2b\n|-resisted|p2a: Volcarona\n|-damage|p2a: Volcarona|60\/100\n|-damage|p2b: Ogerpon|0 fnt\n|faint|p2b: Ogerpon\n|move|p2a: Volcarona|Giga Drain|p1a: Farigiraf\n|-damage|p1a: Farigiraf|17\/100\n|-heal|p2a: Volcarona|82\/100|[from] drain|[of] p1a: Farigiraf\n|\n|-heal|p2a: Volcarona|89\/100|[from] item: Leftovers\n|upkeep\n|\n|t:|1700539766\n|switch|p2b: Kingambit|Kingambit, L50, M|100\/100\n|turn|5\n|\n|t:|1700539784\n|switch|p1b: Iron Bundle|Iron Bundle, L50|100\/100\n|-enditem|p1b: Iron Bundle|Booster Energy\n|-activate|p1b: Iron Bundle|ability: Quark Drive|[fromitem]\n|-start|p1b: Iron Bundle|quarkdrivespe\n|move|p2b: Kingambit|Protect|p2b: Kingambit\n|-singleturn|p2b: Kingambit|Protect\n|move|p2a: Volcarona|Protect|p2a: Volcarona\n|-singleturn|p2a: Volcarona|Protect\n|move|p1a: Farigiraf|Dazzling Gleam|p2b: Kingambit|[spread] \n|-activate|p2a: Volcarona|move: Protect\n|-activate|p2b: Kingambit|move: Protect\n|\n|-heal|p2a: Volcarona|95\/100|[from] item: Leftovers\n|-fieldend|move: Trick Room\n|-fieldend|move: Psychic Terrain\n|upkeep\n|turn|6\n|\n|t:|1700539820\n|-terastallize|p2a: Volcarona|Dragon\n|move|p1b: Iron Bundle|Hydro Pump|p2a: Volcarona|[miss]\n|-miss|p1b: Iron Bundle|p2a: Volcarona\n|move|p2a: Volcarona|Giga Drain|p1a: Farigiraf\n|-damage|p1a: Farigiraf|0 fnt\n|-heal|p2a: Volcarona|100\/100|[from] drain|[of] p1a: Farigiraf\n|faint|p1a: Farigiraf\n|move|p2b: Kingambit|Kowtow Cleave|p1b: Iron Bundle\n|-damage|p1b: Iron Bundle|32\/100\n|\n|upkeep\n|\n|t:|1700539830\n|switch|p1a: Armarouge|Armarouge, L50, F|91\/100\n|turn|7\n|\n|t:|1700539845\n|move|p1a: Armarouge|Protect|p1a: Armarouge\n|-singleturn|p1a: Armarouge|Protect\n|move|p2b: Kingambit|Sucker Punch||[still]\n|-fail|p2b: Kingambit\n|move|p1b: Iron Bundle|Freeze-Dry|p2a: Volcarona\n|-supereffective|p2a: Volcarona\n|-damage|p2a: Volcarona|62\/100\n|move|p2a: Volcarona|Giga Drain|p1b: Iron Bundle\n|-supereffective|p1b: Iron Bundle\n|-damage|p1b: Iron Bundle|0 fnt\n|-heal|p2a: Volcarona|73\/100|[from] drain|[of] p1b: Iron Bundle\n|faint|p1b: Iron Bundle\n|-end|p1b: Iron Bundle|Quark Drive|[silent]\n|\n|-heal|p2a: Volcarona|79\/100|[from] item: Leftovers\n|upkeep\n|turn|8\n|\n|t:|1700539862\n|move|p2b: Kingambit|Sucker Punch|p1a: Armarouge\n|-supereffective|p1a: Armarouge\n|-damage|p1a: Armarouge|0 fnt\n|faint|p1a: Armarouge\n|\n|win|LasermanZ111\n|raw|pikachuz421's rating: 1000 &rarr; <strong>1000<\/strong><br \/>(+0 for losing)\n|raw|LasermanZ111's rating: 1000 &rarr; <strong>1040<\/strong><br \/>(+40 for winning)\n|c|\u2606pikachuz421|gg\n|l|\u2606pikachuz421\n|raw|<div class=\"broadcast-red\"><b>The server is restarting soon.<\/b><br \/>Please finish your battles quickly. No new battles can be started until the server resets in a few minutes.<\/div>\n","uploadtime":1700539869,"views":3,"p1id":"pikachuz421","p2id":"lasermanz111","formatid":"gen9vgc2023regulatione","rating":1000,"private":0,"password":""}