{"id":"gen9vgc2023regulatione-1993926496","p1":"Orionseas","p2":"khxpana","format":"[Gen 9] VGC 2023 Regulation E","log":"|j|\u2606Orionseas\n|j|\u2606khxpana\n|t:|1700376708\n|gametype|doubles\n|player|p1|Orionseas|101|1193\n|player|p2|khxpana|265|1199\n|teamsize|p1|6\n|teamsize|p2|6\n|gen|9\n|tier|[Gen 9] VGC 2023 Regulation E\n|rated|\n|rule|Species Clause: Limit one of each Pok\u00e9mon\n|rule|Item Clause: Limit one of each item\n|clearpoke\n|poke|p1|Snorlax, L50, M|\n|poke|p1|Sinistcha-Masterpiece, L50|\n|poke|p1|Kingambit, L50, F|\n|poke|p1|Chandelure, L50, F|\n|poke|p1|Gyarados, L50, M|\n|poke|p1|Cresselia, L50, F|\n|poke|p2|Snorlax, L50, M|\n|poke|p2|Sinistcha-Masterpiece, L50|\n|poke|p2|Landorus-Therian, L50, M|\n|poke|p2|Iron Hands, L50|\n|poke|p2|Clefairy, L50, F|\n|poke|p2|Kommo-o, L50, M|\n|teampreview|4\n|inactive|Battle timer is ON: inactive players will automatically lose when time's up. (requested by khxpana)\n|\n|t:|1700376752\n|start\n|switch|p1a: Sinistcha|Sinistcha-Masterpiece, L50|100\/100\n|switch|p1b: Snorlax|Snorlax, L50, M|100\/100\n|switch|p2a: Snorlax|Snorlax, L50, M|100\/100\n|switch|p2b: Clefairy|Clefairy, L50, F|100\/100\n|turn|1\n|inactive|khxpana has 30 seconds left.\n|\n|t:|1700376785\n|move|p1a: Sinistcha|Matcha Gotcha|p2a: Snorlax|[spread] p2a,p2b\n|-damage|p2a: Snorlax|85\/100\n|-damage|p2b: Clefairy|73\/100\n|move|p2a: Snorlax|Belly Drum|p2a: Snorlax\n|-damage|p2a: Snorlax|35\/100\n|-setboost|p2a: Snorlax|atk|6|[from] move: Belly Drum\n|-enditem|p2a: Snorlax|Sitrus Berry|[eat]\n|-heal|p2a: Snorlax|60\/100|[from] item: Sitrus Berry\n|move|p1b: Snorlax|Belly Drum|p1b: Snorlax\n|-damage|p1b: Snorlax|50\/100\n|-setboost|p1b: Snorlax|atk|6|[from] move: Belly Drum\n|-enditem|p1b: Snorlax|Sitrus Berry|[eat]\n|-heal|p1b: Snorlax|75\/100|[from] item: Sitrus Berry\n|move|p2b: Clefairy|Heal Pulse|p2a: Snorlax\n|-heal|p2a: Snorlax|100\/100\n|\n|upkeep\n|turn|2\n|inactive|khxpana has 30 seconds left.\n|\n|t:|1700376815\n|move|p1a: Sinistcha|Rage Powder|p1a: Sinistcha\n|-singleturn|p1a: Sinistcha|move: Rage Powder\n|move|p2b: Clefairy|Follow Me|p2b: Clefairy\n|-singleturn|p2b: Clefairy|move: Follow Me\n|move|p1b: Snorlax|Facade|p2b: Clefairy\n|-damage|p2b: Clefairy|0 fnt\n|faint|p2b: Clefairy\n|move|p2a: Snorlax|High Horsepower|p1a: Sinistcha\n|-resisted|p1a: Sinistcha\n|-damage|p1a: Sinistcha|44\/100\n|-damage|p2a: Snorlax|84\/100|[from] item: Rocky Helmet|[of] p1a: Sinistcha\n|\n|upkeep\n|\n|t:|1700376828\n|switch|p2b: Iron Hands|Iron Hands, L50|100\/100\n|turn|3\n|\n|t:|1700376837\n|move|p1b: Snorlax|Protect|p1b: Snorlax\n|-singleturn|p1b: Snorlax|Protect\n|move|p2b: Iron Hands|Fake Out|p1b: Snorlax\n|-activate|p1b: Snorlax|move: Protect\n|move|p1a: Sinistcha|Strength Sap|p2a: Snorlax\n|-unboost|p2a: Snorlax|atk|1\n|-heal|p1a: Sinistcha|100\/100\n|move|p2a: Snorlax|High Horsepower|p1a: Sinistcha\n|-resisted|p1a: Sinistcha\n|-damage|p1a: Sinistcha|53\/100\n|-damage|p2a: Snorlax|67\/100|[from] item: Rocky Helmet|[of] p1a: Sinistcha\n|\n|upkeep\n|turn|4\n|inactive|Orionseas has 30 seconds left.\n|\n|t:|1700376867\n|move|p2a: Snorlax|Protect|p2a: Snorlax\n|-singleturn|p2a: Snorlax|Protect\n|move|p1a: Sinistcha|Strength Sap|p2a: Snorlax\n|-activate|p2a: Snorlax|move: Protect\n|move|p2b: Iron Hands|Drain Punch|p1b: Snorlax\n|-supereffective|p1b: Snorlax\n|-damage|p1b: Snorlax|9\/100\n|move|p1b: Snorlax|High Horsepower|p2b: Iron Hands\n|-supereffective|p2b: Iron Hands\n|-damage|p2b: Iron Hands|0 fnt\n|faint|p2b: Iron Hands\n|-end|p2b: Iron Hands|Quark Drive|[silent]\n|\n|upkeep\n|\n|t:|1700376878\n|switch|p2b: Sinistcha|Sinistcha-Masterpiece, L50|100\/100\n|-heal|p2a: Snorlax|92\/100|[from] ability: Hospitality|[of] p2b: Sinistcha\n|turn|5\n|\n|t:|1700376889\n|move|p1b: Snorlax|Protect|p1b: Snorlax\n|-singleturn|p1b: Snorlax|Protect\n|move|p1a: Sinistcha|Strength Sap|p2a: Snorlax\n|-unboost|p2a: Snorlax|atk|1\n|-heal|p1a: Sinistcha|100\/100\n|move|p2b: Sinistcha|Matcha Gotcha|p1b: Snorlax|[spread] p1a\n|-activate|p1b: Snorlax|move: Protect\n|-resisted|p1a: Sinistcha\n|-damage|p1a: Sinistcha|87\/100\n|move|p2a: Snorlax|High Horsepower|p1a: Sinistcha\n|-resisted|p1a: Sinistcha\n|-damage|p1a: Sinistcha|45\/100\n|-damage|p2a: Snorlax|76\/100|[from] item: Rocky Helmet|[of] p1a: Sinistcha\n|\n|upkeep\n|turn|6\n|inactive|Orionseas has 30 seconds left.\n|\n|t:|1700376917\n|move|p2a: Snorlax|Protect|p2a: Snorlax\n|-singleturn|p2a: Snorlax|Protect\n|move|p1a: Sinistcha|Matcha Gotcha|p2b: Sinistcha|[spread] p2b\n|-activate|p2a: Snorlax|move: Protect\n|-resisted|p2b: Sinistcha\n|-damage|p2b: Sinistcha|87\/100\n|-heal|p1a: Sinistcha|52\/100|[from] drain|[of] p2b: Sinistcha\n|move|p1b: Snorlax|Facade|p2a: Snorlax\n|-activate|p2a: Snorlax|move: Protect\n|move|p2b: Sinistcha|Trick Room|p2b: Sinistcha\n|-fieldstart|move: Trick Room|[of] p2b: Sinistcha\n|\n|upkeep\n|turn|7\n|\n|t:|1700376937\n|move|p1b: Snorlax|Protect|p1b: Snorlax\n|-singleturn|p1b: Snorlax|Protect\n|move|p2a: Snorlax|High Horsepower|p1a: Sinistcha\n|-resisted|p1a: Sinistcha\n|-damage|p1a: Sinistcha|5\/100\n|-damage|p2a: Snorlax|59\/100|[from] item: Rocky Helmet|[of] p1a: Sinistcha\n|move|p2b: Sinistcha|Matcha Gotcha|p1b: Snorlax|[spread] \n|-activate|p1b: Snorlax|move: Protect\n|-miss|p2b: Sinistcha|p1a: Sinistcha\n|move|p1a: Sinistcha|Strength Sap|p2a: Snorlax\n|-unboost|p2a: Snorlax|atk|1\n|-heal|p1a: Sinistcha|100\/100\n|\n|upkeep\n|turn|8\n|-message|khxpana forfeited.\n|\n|win|Orionseas\n|raw|Orionseas's rating: 1193 &rarr; <strong>1218<\/strong><br \/>(+25 for winning)\n|raw|khxpana's rating: 1199 &rarr; <strong>1174<\/strong><br \/>(-25 for losing)\n|l|\u2606khxpana\n","uploadtime":1700376956,"views":18,"p1id":"orionseas","p2id":"khxpana","formatid":"gen9vgc2023regulatione","rating":1174,"private":0,"password":""}