{"id":"gen9vgc2023regulatione-1989712164","p1":"Ayresbrun","p2":"Pepitolopalote","format":"[Gen 9] VGC 2023 Regulation E","log":"|j|\u2606Ayresbrun\n|j|\u2606Pepitolopalote\n|t:|1699889202\n|gametype|doubles\n|player|p1|Ayresbrun|266|1244\n|player|p2|Pepitolopalote|hiker|1327\n|teamsize|p1|6\n|teamsize|p2|6\n|gen|9\n|tier|[Gen 9] VGC 2023 Regulation E\n|rated|\n|rule|Species Clause: Limit one of each Pok\u00e9mon\n|rule|Item Clause: Limit one of each item\n|clearpoke\n|poke|p1|Flutter Mane, L50|\n|poke|p1|Tornadus, L50, M|\n|poke|p1|Heatran, L50, M|\n|poke|p1|Rillaboom, L50, M|\n|poke|p1|Arcanine, L50, M|\n|poke|p1|Hydreigon, L50, F|\n|poke|p2|Kingambit, L50, M|\n|poke|p2|Iron Hands, L50|\n|poke|p2|Sylveon, L50, F|\n|poke|p2|Urshifu-*, L50, M|\n|poke|p2|Sinistcha-Masterpiece, L50|\n|poke|p2|Landorus-Therian, L50, M|\n|teampreview|4\nAyresbrun has agreed to open team sheets.\n|inactive|Battle timer is ON: inactive players will automatically lose when time's up. (requested by Ayresbrun)\n|inactive|Ayresbrun has 60 seconds left.\n|inactive|Ayresbrun has 30 seconds left.\n|inactive|Ayresbrun has 20 seconds left.\n|inactive|Ayresbrun has 15 seconds left.\n|\n|t:|1699889284\n|start\n|switch|p1a: Rillaboom|Rillaboom, L50, M|100\/100\n|switch|p1b: Heatran|Heatran, L50, M|100\/100\n|switch|p2a: Brian Hands|Iron Hands, L50|100\/100\n|switch|p2b: Beyonce|Sylveon, L50, F|100\/100\n|-fieldstart|move: Grassy Terrain|[from] ability: Grassy Surge|[of] p1a: Rillaboom\n|turn|1\n|inactive|Pepitolopalote has 30 seconds left.\n|\n|t:|1699889309\n|-terastallize|p2b: Beyonce|Fire\n|move|p1a: Rillaboom|Fake Out|p2a: Brian Hands\n|-damage|p2a: Brian Hands|90\/100\n|cant|p2a: Brian Hands|flinch\n|move|p1b: Heatran|Earth Power|p2a: Brian Hands\n|-supereffective|p2a: Brian Hands\n|-crit|p2a: Brian Hands\n|-damage|p2a: Brian Hands|31\/100\n|-damage|p1b: Heatran|91\/100|[from] item: Life Orb\n|move|p2b: Beyonce|Yawn|p1b: Heatran\n|-start|p1b: Heatran|move: Yawn|[of] p2b: Beyonce\n|\n|-heal|p1b: Heatran|97\/100|[from] Grassy Terrain\n|-heal|p2a: Brian Hands|36\/100|[from] Grassy Terrain\n|upkeep\n|turn|2\n|inactive|Ayresbrun has 30 seconds left.\n|\n|t:|1699889336\n|-end|p2a: Brian Hands|Quark Drive|[silent]\n|switch|p2a: Matcharena|Sinistcha-Masterpiece, L50|100\/100\n|move|p1b: Heatran|Earth Power|p2b: Beyonce\n|-supereffective|p2b: Beyonce\n|-damage|p2b: Beyonce|45\/100\n|-damage|p1b: Heatran|87\/100|[from] item: Life Orb\n|move|p1a: Rillaboom|High Horsepower|p2a: Matcharena\n|-resisted|p2a: Matcharena\n|-damage|p2a: Matcharena|87\/100\n|move|p2b: Beyonce|Hyper Voice|p1b: Heatran|[spread] p1a,p1b\n|-resisted|p1b: Heatran\n|-damage|p1a: Rillaboom|74\/100\n|-damage|p1b: Heatran|81\/100\n|-enditem|p2b: Beyonce|Throat Spray\n|-boost|p2b: Beyonce|spa|1|[from] item: Throat Spray\n|\n|-heal|p1a: Rillaboom|80\/100|[from] Grassy Terrain\n|-heal|p1b: Heatran|87\/100|[from] Grassy Terrain\n|-heal|p2a: Matcharena|93\/100|[from] Grassy Terrain\n|-heal|p2a: Matcharena|99\/100|[from] item: Leftovers\n|-heal|p2b: Beyonce|52\/100|[from] Grassy Terrain\n|-end|p1b: Heatran|move: Yawn|[silent]\n|-status|p1b: Heatran|slp\n|upkeep\n|turn|3\n|inactive|Ayresbrun has 30 seconds left.\n|inactive|Ayresbrun has 20 seconds left.\n|inactive|Ayresbrun has 15 seconds left.\n|\n|t:|1699889380\n|move|p2b: Beyonce|Protect|p2b: Beyonce\n|-singleturn|p2b: Beyonce|Protect\n|cant|p1b: Heatran|slp\n|move|p1a: Rillaboom|High Horsepower|p2b: Beyonce\n|-activate|p2b: Beyonce|move: Protect\n|move|p2a: Matcharena|Trick Room|p2a: Matcharena\n|-fieldstart|move: Trick Room|[of] p2a: Matcharena\n|\n|-heal|p2b: Beyonce|58\/100|[from] Grassy Terrain\n|-heal|p2a: Matcharena|100\/100|[from] Grassy Terrain\n|-heal|p1a: Rillaboom|86\/100|[from] Grassy Terrain\n|-heal|p1b: Heatran|93\/100 slp|[from] Grassy Terrain\n|upkeep\n|turn|4\n|\n|t:|1699889400\n|move|p2b: Beyonce|Tera Blast|p1a: Rillaboom|[anim] Tera Blast Fire\n|-supereffective|p1a: Rillaboom\n|-damage|p1a: Rillaboom|5\/100\n|move|p2a: Matcharena|Matcha Gotcha|p1a: Rillaboom|[spread] p1a,p1b\n|-resisted|p1a: Rillaboom\n|-resisted|p1b: Heatran\n|-damage|p1a: Rillaboom|0 fnt\n|-damage|p1b: Heatran|86\/100 slp\n|faint|p1a: Rillaboom\n|cant|p1b: Heatran|slp\n|\n|-heal|p2b: Beyonce|64\/100|[from] Grassy Terrain\n|-heal|p1b: Heatran|92\/100 slp|[from] Grassy Terrain\n|upkeep\n|\n|t:|1699889418\n|switch|p1a: Arcanine|Arcanine, L50, M|100\/100\n|-ability|p1a: Arcanine|Intimidate|boost\n|-unboost|p2a: Matcharena|atk|1\n|-unboost|p2b: Beyonce|atk|1\n|turn|5\n|\n|t:|1699889441\n|switch|p2a: Brian Hands|Iron Hands, L50|36\/100\n|move|p2b: Beyonce|Yawn|p1a: Arcanine\n|-start|p1a: Arcanine|move: Yawn|[of] p2b: Beyonce\n|cant|p1b: Heatran|slp\n|move|p1a: Arcanine|Flare Blitz|p2a: Brian Hands\n|-damage|p2a: Brian Hands|1\/100\n|-damage|p1a: Arcanine|86\/100|[from] Recoil\n|\n|-heal|p2a: Brian Hands|7\/100|[from] Grassy Terrain\n|-heal|p2b: Beyonce|70\/100|[from] Grassy Terrain\n|-heal|p1b: Heatran|98\/100 slp|[from] Grassy Terrain\n|-heal|p1a: Arcanine|92\/100|[from] Grassy Terrain\n|-fieldend|move: Grassy Terrain\n|upkeep\n|turn|6\n|\n|t:|1699889458\n|-curestatus|p1b: Heatran|slp|[msg]\n|move|p1b: Heatran|Protect|p1b: Heatran\n|-singleturn|p1b: Heatran|Protect\n|move|p1a: Arcanine|Protect|p1a: Arcanine\n|-singleturn|p1a: Arcanine|Protect\n|move|p2a: Brian Hands|Drain Punch|p1b: Heatran\n|-activate|p1b: Heatran|move: Protect\n|move|p2b: Beyonce|Hyper Voice|p1b: Heatran|[spread] \n|-activate|p1a: Arcanine|move: Protect\n|-activate|p1b: Heatran|move: Protect\n|\n|-end|p1a: Arcanine|move: Yawn|[silent]\n|-status|p1a: Arcanine|slp\n|upkeep\n|turn|7\n|\n|t:|1699889480\n|-terastallize|p1b: Heatran|Bug\n|cant|p1a: Arcanine|slp\n|move|p2a: Brian Hands|Drain Punch|p1b: Heatran\n|-resisted|p1b: Heatran\n|-damage|p1b: Heatran|82\/100\n|-heal|p2a: Brian Hands|14\/100|[from] drain|[of] p1b: Heatran\n|move|p2b: Beyonce|Yawn|p1b: Heatran\n|-start|p1b: Heatran|move: Yawn|[of] p2b: Beyonce\n|move|p1b: Heatran|Heat Wave|p2b: Beyonce|[spread] p2a,p2b\n|-resisted|p2b: Beyonce\n|-damage|p2a: Brian Hands|0 fnt\n|-damage|p2b: Beyonce|52\/100\n|faint|p2a: Brian Hands\n|-end|p2a: Brian Hands|Quark Drive|[silent]\n|-damage|p1b: Heatran|72\/100|[from] item: Life Orb\n|\n|-fieldend|move: Trick Room\n|upkeep\n|\n|t:|1699889485\n|switch|p2a: Funny guy|Urshifu-Rapid-Strike, L50, M|100\/100\n|turn|8\n|\n|t:|1699889510\n|switch|p1b: Hydreigon|Hydreigon, L50, F|100\/100\n|cant|p1a: Arcanine|slp\n|move|p2a: Funny guy|Surging Strikes|p1a: Arcanine\n|-supereffective|p1a: Arcanine\n|-crit|p1a: Arcanine\n|-damage|p1a: Arcanine|53\/100 slp\n|-supereffective|p1a: Arcanine\n|-crit|p1a: Arcanine\n|-damage|p1a: Arcanine|13\/100 slp\n|-enditem|p1a: Arcanine|Sitrus Berry|[eat]\n|-heal|p1a: Arcanine|38\/100 slp|[from] item: Sitrus Berry\n|-supereffective|p1a: Arcanine\n|-crit|p1a: Arcanine\n|-damage|p1a: Arcanine|0 fnt\n|faint|p1a: Arcanine\n|-hitcount|p1: Arcanine|3\n|move|p2b: Beyonce|Hyper Voice|p1b: Hydreigon\n|-supereffective|p1b: Hydreigon\n|-damage|p1b: Hydreigon|0 fnt\n|faint|p1b: Hydreigon\n|\n|upkeep\n|\n|t:|1699889528\n|switch|p1b: Heatran|Heatran, L50, M, tera:Bug|72\/100\n|turn|9\n|\n|t:|1699889535\n|move|p2a: Funny guy|Surging Strikes|p1b: Heatran\n|-crit|p1b: Heatran\n|-damage|p1b: Heatran|54\/100\n|-crit|p1b: Heatran\n|-damage|p1b: Heatran|37\/100\n|-crit|p1b: Heatran\n|-damage|p1b: Heatran|19\/100\n|-hitcount|p1b: Heatran|3\n|move|p1b: Heatran|Heat Wave|p2b: Beyonce|[spread] p2a,p2b\n|-resisted|p2a: Funny guy\n|-resisted|p2b: Beyonce\n|-damage|p2a: Funny guy|71\/100\n|-damage|p2b: Beyonce|37\/100\n|-damage|p1b: Heatran|9\/100|[from] item: Life Orb\n|move|p2b: Beyonce|Yawn|p1b: Heatran\n|-start|p1b: Heatran|move: Yawn|[of] p2b: Beyonce\n|\n|upkeep\n|turn|10\n|\n|t:|1699889550\n|move|p2a: Funny guy|Surging Strikes|p1b: Heatran\n|-crit|p1b: Heatran\n|-damage|p1b: Heatran|0 fnt\n|faint|p1b: Heatran\n|-hitcount|p1: Heatran|1\n|\n|win|Pepitolopalote\n|raw|Ayresbrun's rating: 1244 &rarr; <strong>1225<\/strong><br \/>(-19 for losing)\n|raw|Pepitolopalote's rating: 1327 &rarr; <strong>1342<\/strong><br \/>(+15 for winning)\n|c|\u2606Pepitolopalote|gg\n|l|\u2606Pepitolopalote\n","uploadtime":1699889559,"views":26,"p1id":"ayresbrun","p2id":"pepitolopalote","formatid":"gen9vgc2023regulatione","rating":1225,"private":0,"password":""}