{"id":"gen9vgc2023regulatione-1998492067","p1":"Bughello98","p2":"Ringeril","format":"[Gen 9] VGC 2023 Regulation E","log":"|j|\u2606Bughello98\n|j|\u2606Ringeril\n|t:|1700948419\n|gametype|doubles\n|player|p1|Bughello98|266|1369\n|player|p2|Ringeril|tuber|1370\n|teamsize|p1|6\n|teamsize|p2|6\n|gen|9\n|tier|[Gen 9] VGC 2023 Regulation E\n|rated|\n|rule|Species Clause: Limit one of each Pok\u00e9mon\n|rule|Item Clause: Limit one of each item\n|clearpoke\n|poke|p1|Dusclops, L50, M|\n|poke|p1|Landorus-Therian, L50, M|\n|poke|p1|Ursaluna-Bloodmoon, L50, M|\n|poke|p1|Ogerpon-Wellspring, L50, F|\n|poke|p1|Iron Hands, L50|\n|poke|p1|Chi-Yu, L50|\n|poke|p2|Cresselia, L50, F|\n|poke|p2|Torkoal, L50, F|\n|poke|p2|Flutter Mane, L50|\n|poke|p2|Chien-Pao, L50|\n|poke|p2|Dragonite, L50, M|\n|poke|p2|Ursaluna, L50, M|\n|teampreview|4\nRingeril has agreed to open team sheets.\n|\n|t:|1700948447\n|start\n|switch|p1a: Dusclops|Dusclops, L50, M|100\/100\n|switch|p1b: Iron Hands|Iron Hands, L50|100\/100\n|switch|p2a: Saturna|Cresselia, L50, F|100\/100\n|switch|p2b: Osasuna|Ursaluna, L50, M|100\/100\n|-ability|p1a: Dusclops|Pressure\n|turn|1\n|\n|t:|1700948498\n|move|p2b: Osasuna|Protect|p2b: Osasuna\n|-singleturn|p2b: Osasuna|Protect\n|move|p1b: Iron Hands|Fake Out|p2a: Saturna\n|-damage|p2a: Saturna|91\/100\n|move|p1a: Dusclops|Pain Split|p2a: Saturna\n|-sethp|p2a: Saturna|78\/100|[from] move: Pain Split|[silent]\n|-sethp|p1a: Dusclops|100\/100|[from] move: Pain Split\n|cant|p2a: Saturna|flinch\n|\n|-status|p2b: Osasuna|brn|[from] item: Flame Orb\n|upkeep\n|turn|2\n|\n|t:|1700948521\n|-terastallize|p1b: Iron Hands|Grass\n|-terastallize|p2b: Osasuna|Grass\n|move|p1b: Iron Hands|Drain Punch|p2b: Osasuna\n|-damage|p2b: Osasuna|66\/100 brn\n|move|p2b: Osasuna|Earthquake|p1b: Iron Hands|[spread] p1a,p1b\n|-immune|p2a: Saturna|[from] ability: Levitate\n|-resisted|p1b: Iron Hands\n|-damage|p1a: Dusclops|63\/100\n|-damage|p1b: Iron Hands|79\/100\n|move|p2a: Saturna|Trick Room|p2a: Saturna\n|-fieldstart|move: Trick Room|[of] p2a: Saturna\n|move|p1a: Dusclops|Trick Room|p1a: Dusclops\n|-fieldend|move: Trick Room\n|\n|-damage|p2b: Osasuna|60\/100 brn|[from] brn\n|upkeep\n|turn|3\n|\n|t:|1700948556\n|-end|p1b: Iron Hands|Quark Drive|[silent]\n|switch|p1b: Ursaluna|Ursaluna-Bloodmoon, L50, M|100\/100\n|move|p2a: Saturna|Lunar Blessing|p2a: Saturna|[spread] p2a,p2b\n|-heal|p2a: Saturna|100\/100\n|-heal|p2b: Osasuna|85\/100 brn\n|-curestatus|p2b: Osasuna|brn|[msg]\n|move|p2b: Osasuna|Facade|p1b: Ursaluna\n|-damage|p1b: Ursaluna|67\/100\n|move|p1a: Dusclops|Pain Split|p2a: Saturna\n|-sethp|p2a: Saturna|71\/100|[from] move: Pain Split|[silent]\n|-sethp|p1a: Dusclops|100\/100|[from] move: Pain Split\n|\n|-status|p2b: Osasuna|brn|[from] item: Flame Orb\n|upkeep\n|turn|4\n|\n|t:|1700948603\n|move|p2a: Saturna|Ally Switch|p2a: Saturna\n|swap|p2a: Saturna|1|[from] move: Ally Switch\n|move|p1b: Ursaluna|Blood Moon|p2a: Osasuna\n|-damage|p2a: Osasuna|18\/100 brn\n|move|p2a: Osasuna|Facade|p1b: Ursaluna\n|-damage|p1b: Ursaluna|0 fnt\n|faint|p1b: Ursaluna\n|move|p1a: Dusclops|Brick Break|p1: Ursaluna|[notarget]\n|-fail|p1a: Dusclops\n|\n|-damage|p2a: Osasuna|12\/100 brn|[from] brn\n|upkeep\n|\n|t:|1700948619\n|switch|p1b: Chi-Yu|Chi-Yu, L50|100\/100\n|-ability|p1b: Chi-Yu|Beads of Ruin\n|turn|5\n|\n|t:|1700948637\n|switch|p1a: Iron Hands|Iron Hands, L50, tera:Grass|79\/100\n|move|p2a: Osasuna|Protect|p2a: Osasuna\n|-singleturn|p2a: Osasuna|Protect\n|move|p1b: Chi-Yu|Heat Wave|p2a: Osasuna|[spread] p2b\n|-activate|p2a: Osasuna|move: Protect\n|-damage|p2b: Saturna|24\/100\n|move|p2b: Saturna|Trick Room|p2b: Saturna\n|-fieldstart|move: Trick Room|[of] p2b: Saturna\n|\n|-damage|p2a: Osasuna|6\/100 brn|[from] brn\n|upkeep\n|turn|6\n|\n|t:|1700948666\n|switch|p2a: Manuelita|Torkoal, L50, F, shiny|100\/100\n|-weather|SunnyDay|[from] ability: Drought|[of] p2a: Manuelita\n|move|p1a: Iron Hands|Fake Out|p2a: Manuelita\n|-damage|p2a: Manuelita|88\/100\n|move|p2b: Saturna|Lunar Blessing|p2b: Saturna|[spread] p2a,p2b\n|-heal|p2a: Manuelita|100\/100\n|-heal|p2b: Saturna|49\/100\n|move|p1b: Chi-Yu|Heat Wave|p2a: Manuelita|[spread] p2a,p2b\n|-resisted|p2a: Manuelita\n|-damage|p2a: Manuelita|25\/100\n|-damage|p2b: Saturna|0 fnt\n|faint|p2b: Saturna\n|\n|-weather|SunnyDay|[upkeep]\n|upkeep\n|\n|t:|1700948680\n|switch|p2b: Osasuna|Ursaluna, L50, M, tera:Grass|6\/100 brn\n|turn|7\n|\n|t:|1700948694\n|-end|p1a: Iron Hands|Quark Drive|[silent]\n|switch|p1a: Dusclops|Dusclops, L50, M|100\/100\n|-ability|p1a: Dusclops|Pressure\n|move|p2a: Manuelita|Heat Wave|p1b: Chi-Yu|[spread] p1a,p1b\n|-resisted|p1b: Chi-Yu\n|-damage|p1a: Dusclops|59\/100\n|-damage|p1b: Chi-Yu|76\/100\n|move|p2b: Osasuna|Facade|p1b: Chi-Yu\n|-damage|p1b: Chi-Yu|0 fnt\n|faint|p1b: Chi-Yu\n|\n|-weather|SunnyDay|[upkeep]\n|-damage|p2b: Osasuna|0 fnt|[from] brn\n|faint|p2b: Osasuna\n|upkeep\n|\n|t:|1700948708\n|switch|p2b: Drogadicta|Flutter Mane, L50|100\/100\n|switch|p1b: Iron Hands|Iron Hands, L50, tera:Grass|79\/100\n|-activate|p2b: Drogadicta|ability: Protosynthesis\n|-start|p2b: Drogadicta|protosynthesisspe\n|turn|8\n|\n|t:|1700948736\n|move|p2a: Manuelita|Heat Wave|p1b: Iron Hands|[spread] p1a,p1b\n|-supereffective|p1b: Iron Hands\n|-damage|p1a: Dusclops|28\/100\n|-damage|p1b: Iron Hands|26\/100\n|move|p1a: Dusclops|Brick Break|p2a: Manuelita\n|-damage|p2a: Manuelita|15\/100\n|move|p1b: Iron Hands|Heavy Slam|p2b: Drogadicta\n|-supereffective|p2b: Drogadicta\n|-damage|p2b: Drogadicta|0 fnt\n|faint|p2b: Drogadicta\n|-end|p2b: Drogadicta|Protosynthesis|[silent]\n|\n|-weather|SunnyDay|[upkeep]\n|upkeep\n|turn|9\n|\n|t:|1700948751\n|move|p2a: Manuelita|Heat Wave|p1b: Iron Hands|[spread] p1a,p1b\n|-crit|p1a: Dusclops\n|-supereffective|p1b: Iron Hands\n|-damage|p1a: Dusclops|0 fnt\n|-damage|p1b: Iron Hands|0 fnt\n|faint|p1a: Dusclops\n|faint|p1b: Iron Hands\n|-end|p1b: Iron Hands|Quark Drive|[silent]\n|\n|win|Ringeril\n|raw|Bughello98's rating: 1369 &rarr; <strong>1349<\/strong><br \/>(-20 for losing)\n|raw|Ringeril's rating: 1370 &rarr; <strong>1390<\/strong><br \/>(+20 for winning)\n|l|\u2606Bughello98\n","uploadtime":1700948760,"views":10,"p1id":"bughello98","p2id":"ringeril","formatid":"gen9vgc2023regulatione","rating":1349,"private":0,"password":""}