{"id":"gen9vgc2023regulatione-1998323381","p1":"dragopult fun","p2":"Kzjrhzkz","format":"[Gen 9] VGC 2023 Regulation E","log":"|j|\u2606dragopult fun\n|j|\u2606Kzjrhzkz\n|t:|1700929424\n|gametype|doubles\n|player|p1|dragopult fun|lucas-gen4pt|1093\n|player|p2|Kzjrhzkz|lance|1065\n|teamsize|p1|6\n|teamsize|p2|6\n|gen|9\n|tier|[Gen 9] VGC 2023 Regulation E\n|rated|\n|rule|Species Clause: Limit one of each Pok\u00e9mon\n|rule|Item Clause: Limit one of each item\n|clearpoke\n|poke|p1|Gastrodon-East, L50, F|\n|poke|p1|Armarouge, L50, M|\n|poke|p1|Indeedee-F, L50, F|\n|poke|p1|Cresselia, L50, F|\n|poke|p1|Tatsugiri, L50, M|\n|poke|p1|Ogerpon, L50, F|\n|poke|p2|Flutter Mane, L50|\n|poke|p2|Tornadus, L50, M|\n|poke|p2|Rillaboom, L50, M|\n|poke|p2|Garganacl, L50, M|\n|poke|p2|Arcanine-Hisui, L50, F|\n|poke|p2|Chien-Pao, L50|\n|teampreview|4\n|\n|t:|1700929444\n|start\n|switch|p1a: Cresselia|Cresselia, L50, F, shiny|100\/100\n|switch|p1b: Gastrodon|Gastrodon-East, L50, F|100\/100\n|switch|p2a: Arcanine|Arcanine-Hisui, L50, F|100\/100\n|switch|p2b: Tornadus|Tornadus, L50, M|100\/100\n|-ability|p2a: Arcanine|Intimidate|boost\n|-unboost|p1a: Cresselia|atk|1\n|-unboost|p1b: Gastrodon|atk|1\n|turn|1\n|\n|t:|1700929466\n|switch|p2a: Rillaboom|Rillaboom, L50, M|100\/100\n|-fieldstart|move: Grassy Terrain|[from] ability: Grassy Surge|[of] p2a: Rillaboom\n|move|p2b: Tornadus|Taunt|p1a: Cresselia\n|-start|p1a: Cresselia|move: Taunt\n|move|p1b: Gastrodon|Surf|p2b: Tornadus|[spread] p1a,p2a,p2b\n|-resisted|p2a: Rillaboom\n|-damage|p1a: Cresselia|67\/100\n|-damage|p2a: Rillaboom|85\/100\n|-damage|p2b: Tornadus|64\/100\n|cant|p1a: Cresselia|move: Taunt|Trick Room\n|\n|-heal|p2a: Rillaboom|90\/100|[from] Grassy Terrain\n|upkeep\n|turn|2\n|\n|t:|1700929482\n|switch|p2a: Garganacl|Garganacl, L50, M|100\/100\n|switch|p1a: Tatsugiri|Tatsugiri, L50, M|100\/100\n|move|p2b: Tornadus|Bleakwind Storm|p1b: Gastrodon|[spread] p1b\n|-miss|p2b: Tornadus|p1a: Tatsugiri\n|-damage|p1b: Gastrodon|68\/100\n|-unboost|p1b: Gastrodon|spe|1\n|move|p1b: Gastrodon|Surf|p2a: Garganacl|[spread] p2a,p2b\n|-ability|p1a: Tatsugiri|Storm Drain|boost\n|-boost|p1a: Tatsugiri|spa|1\n|-supereffective|p2a: Garganacl\n|-damage|p2a: Garganacl|44\/100\n|-damage|p2b: Tornadus|29\/100\n|-enditem|p2a: Garganacl|Sitrus Berry|[eat]\n|-heal|p2a: Garganacl|69\/100|[from] item: Sitrus Berry\n|\n|-heal|p2a: Garganacl|75\/100|[from] Grassy Terrain\n|-heal|p1b: Gastrodon|74\/100|[from] Grassy Terrain\n|upkeep\n|turn|3\n|inactive|Battle timer is ON: inactive players will automatically lose when time's up. (requested by Kzjrhzkz)\n|\n|t:|1700929508\n|-terastallize|p2a: Garganacl|Ghost\n|move|p2b: Tornadus|Sunny Day|p2b: Tornadus\n|-weather|SunnyDay\n|move|p1a: Tatsugiri|Surf|p2a: Garganacl|[spread] p2a,p2b\n|-ability|p1b: Gastrodon|Storm Drain|boost\n|-boost|p1b: Gastrodon|spa|1\n|-damage|p2a: Garganacl|58\/100\n|-damage|p2b: Tornadus|8\/100\n|move|p2a: Garganacl|Salt Cure|p1a: Tatsugiri\n|-damage|p1a: Tatsugiri|84\/100\n|-start|p1a: Tatsugiri|Salt Cure\n|move|p1b: Gastrodon|Surf|p2a: Garganacl|[spread] p2a,p2b\n|-ability|p1a: Tatsugiri|Storm Drain|boost\n|-boost|p1a: Tatsugiri|spa|1\n|-damage|p2a: Garganacl|35\/100\n|-damage|p2b: Tornadus|0 fnt\n|faint|p2b: Tornadus\n|\n|-weather|SunnyDay|[upkeep]\n|-heal|p1a: Tatsugiri|90\/100|[from] Grassy Terrain\n|-heal|p2a: Garganacl|41\/100|[from] Grassy Terrain\n|-heal|p1b: Gastrodon|80\/100|[from] Grassy Terrain\n|-damage|p1a: Tatsugiri|66\/100|[from] Salt Cure\n|upkeep\n|\n|t:|1700929523\n|switch|p2b: Rillaboom|Rillaboom, L50, M|90\/100\n|turn|4\n|\n|t:|1700929539\n|switch|p1b: Armarouge|Armarouge, L50, M, shiny|100\/100\n|move|p2b: Rillaboom|Grassy Glide|p1a: Tatsugiri\n|-damage|p1a: Tatsugiri|19\/100\n|move|p1a: Tatsugiri|Surf|p2a: Garganacl|[spread] p1b,p2a,p2b\n|-supereffective|p1b: Armarouge\n|-resisted|p2b: Rillaboom\n|-damage|p1b: Armarouge|17\/100\n|-damage|p2a: Garganacl|20\/100\n|-damage|p2b: Rillaboom|79\/100\n|move|p2a: Garganacl|Recover|p2a: Garganacl\n|-heal|p2a: Garganacl|71\/100\n|\n|-weather|SunnyDay|[upkeep]\n|-heal|p2b: Rillaboom|85\/100|[from] Grassy Terrain\n|-heal|p1a: Tatsugiri|25\/100|[from] Grassy Terrain\n|-heal|p1b: Armarouge|23\/100|[from] Grassy Terrain\n|-heal|p2a: Garganacl|76\/100|[from] Grassy Terrain\n|-damage|p1a: Tatsugiri|0 fnt|[from] Salt Cure\n|faint|p1a: Tatsugiri\n|upkeep\n|\n|t:|1700929560\n|switch|p1a: Gastrodon|Gastrodon-East, L50, F|80\/100\n|turn|5\n|\n|t:|1700929575\n|-terastallize|p1a: Gastrodon|Ice\n|move|p2b: Rillaboom|Grassy Glide|p1b: Armarouge\n|-resisted|p1b: Armarouge\n|-damage|p1b: Armarouge|0 fnt\n|faint|p1b: Armarouge\n|move|p2a: Garganacl|Salt Cure|p1a: Gastrodon\n|-supereffective|p1a: Gastrodon\n|-damage|p1a: Gastrodon|49\/100\n|-start|p1a: Gastrodon|Salt Cure\n|move|p1a: Gastrodon|Ice Beam|p2b: Rillaboom\n|-supereffective|p2b: Rillaboom\n|-damage|p2b: Rillaboom|0 fnt\n|faint|p2b: Rillaboom\n|\n|-weather|SunnyDay|[upkeep]\n|-heal|p2a: Garganacl|82\/100|[from] Grassy Terrain\n|-heal|p1a: Gastrodon|55\/100|[from] Grassy Terrain\n|-damage|p1a: Gastrodon|43\/100|[from] Salt Cure\n|-fieldend|move: Grassy Terrain\n|upkeep\n|\n|t:|1700929593\n|switch|p2b: Arcanine|Arcanine-Hisui, L50, F|100\/100\n|switch|p1b: Cresselia|Cresselia, L50, F, shiny|67\/100\n|-ability|p2b: Arcanine|Intimidate|boost\n|-unboost|p1a: Gastrodon|atk|1\n|-unboost|p1b: Cresselia|atk|1\n|turn|6\n|\n|t:|1700929615\n|move|p2b: Arcanine|Rock Slide|p1a: Gastrodon|[spread] p1a,p1b\n|-supereffective|p1a: Gastrodon\n|-crit|p1a: Gastrodon\n|-damage|p1a: Gastrodon|0 fnt\n|-damage|p1b: Cresselia|38\/100\n|faint|p1a: Gastrodon\n|move|p1b: Cresselia|Lunar Blessing|p1b: Cresselia\n|-heal|p1b: Cresselia|63\/100\n|move|p2a: Garganacl|Salt Cure|p1b: Cresselia\n|-damage|p1b: Cresselia|53\/100\n|-start|p1b: Cresselia|Salt Cure\n|\n|-weather|SunnyDay|[upkeep]\n|-damage|p1b: Cresselia|40\/100|[from] Salt Cure\n|upkeep\n|turn|7\n|\n|t:|1700929628\n|move|p2a: Garganacl|Protect|p2a: Garganacl\n|-singleturn|p2a: Garganacl|Protect\n|move|p2b: Arcanine|Rock Slide|p1b: Cresselia\n|-damage|p1b: Cresselia|0 fnt\n|faint|p1b: Cresselia\n|\n|win|Kzjrhzkz\n|raw|dragopult fun's rating: 1093 &rarr; <strong>1067<\/strong><br \/>(-26 for losing)\n|raw|Kzjrhzkz's rating: 1065 &rarr; <strong>1098<\/strong><br \/>(+33 for winning)\n","uploadtime":1700929634,"views":0,"p1id":"dragopultfun","p2id":"kzjrhzkz","formatid":"gen9vgc2023regulatione","rating":1067,"private":0,"password":""}