{"id":"gen9vgc2023regulatione-1995137230","p1":"That_Leek","p2":"badatthis123","format":"[Gen 9] VGC 2023 Regulation E","log":"|j|\u2606That_Leek\n|j|\u2606badatthis123\n|t:|1700526707\n|gametype|doubles\n|player|p1|That_Leek|blue|1503\n|player|p2|badatthis123|102|1424\n|teamsize|p1|6\n|teamsize|p2|6\n|gen|9\n|tier|[Gen 9] VGC 2023 Regulation E\n|rated|\n|rule|Species Clause: Limit one of each Pok\u00e9mon\n|rule|Item Clause: Limit one of each item\n|clearpoke\n|poke|p1|Gholdengo, L50|\n|poke|p1|Ogerpon-Wellspring, L50, F|\n|poke|p1|Arcanine-Hisui, L50, M|\n|poke|p1|Chien-Pao, L50|\n|poke|p1|Scream Tail, L50|\n|poke|p1|Dragonite, L50, F|\n|poke|p2|Landorus-Therian, L50, M|\n|poke|p2|Cresselia, L50, F|\n|poke|p2|Annihilape, L50, M|\n|poke|p2|Amoonguss, L50, M|\n|poke|p2|Ninetales-Alola, L50, M|\n|poke|p2|Glastrier, L50|\n|teampreview|4\n|inactive|Battle timer is ON: inactive players will automatically lose when time's up. (requested by badatthis123)\nThat_Leek has agreed to open team sheets.\n|inactive|That_Leek has 60 seconds left.\n|inactive|badatthis123 has 60 seconds left.\n|\n|t:|1700526761\n|start\n|switch|p1a: Arcanine|Arcanine-Hisui, L50, M|100\/100\n|switch|p1b: Gholdengo|Gholdengo, L50|100\/100\n|switch|p2a: Ninetales|Ninetales-Alola, L50, M|100\/100\n|switch|p2b: Landorus|Landorus-Therian, L50, M|100\/100\n|-ability|p2b: Landorus|Intimidate|boost\n|-unboost|p1a: Arcanine|atk|1\n|-unboost|p1b: Gholdengo|atk|1\n|-weather|Snow|[from] ability: Snow Warning|[of] p2a: Ninetales\n|-ability|p1a: Arcanine|Intimidate|boost\n|-unboost|p2a: Ninetales|atk|1\n|-unboost|p2b: Landorus|atk|1\n|turn|1\n|inactive|That_Leek has 30 seconds left.\n|inactive|badatthis123 has 30 seconds left.\n|inactive|That_Leek has 20 seconds left.\n|inactive|badatthis123 has 20 seconds left.\n|inactive|That_Leek has 15 seconds left.\n|\n|t:|1700526804\n|switch|p1a: Ogerpon|Ogerpon-Wellspring, L50, F|100\/100\n|move|p2b: Landorus|Stomping Tantrum|p1b: Gholdengo\n|-supereffective|p1b: Gholdengo\n|-damage|p1b: Gholdengo|55\/100\n|move|p2a: Ninetales|Aurora Veil|p2a: Ninetales\n|-sidestart|p2: badatthis123|move: Aurora Veil\n|move|p1b: Gholdengo|Nasty Plot|p1b: Gholdengo\n|-boost|p1b: Gholdengo|spa|2\n|\n|-weather|Snow|[upkeep]\n|upkeep\n|turn|2\n|inactive|badatthis123 has 30 seconds left.\n|\n|t:|1700526837\n|switch|p2b: Amoonguss|Amoonguss, L50, M|100\/100\n|move|p1a: Ogerpon|Follow Me|p1a: Ogerpon\n|-singleturn|p1a: Ogerpon|move: Follow Me\n|move|p2a: Ninetales|Blizzard|p1b: Gholdengo|[spread] p1a,p1b\n|-resisted|p1b: Gholdengo\n|-damage|p1a: Ogerpon|72\/100\n|-damage|p1b: Gholdengo|39\/100\n|-enditem|p1b: Gholdengo|Sitrus Berry|[eat]\n|-heal|p1b: Gholdengo|64\/100|[from] item: Sitrus Berry\n|move|p1b: Gholdengo|Nasty Plot|p1b: Gholdengo\n|-boost|p1b: Gholdengo|spa|2\n|\n|-weather|Snow|[upkeep]\n|upkeep\n|turn|3\n|inactive|That_Leek has 30 seconds left.\n|inactive|badatthis123 has 30 seconds left.\n|inactive|That_Leek has 20 seconds left.\n|inactive|That_Leek has 15 seconds left.\n|inactive|That_Leek has 10 seconds left.\n|inactive|That_Leek has 5 seconds left.\n|\n|t:|1700526892\n|move|p2a: Ninetales|Blizzard|p1b: Gholdengo|[spread] p1a,p1b\n|-resisted|p1b: Gholdengo\n|-damage|p1a: Ogerpon|42\/100\n|-damage|p1b: Gholdengo|50\/100\n|move|p1a: Ogerpon|Ivy Cudgel|p2a: Ninetales|[anim] Ivy Cudgel Water\n|-damage|p2a: Ninetales|60\/100\n|move|p1b: Gholdengo|Make It Rain|p2b: Amoonguss|[spread] p2a,p2b\n|-supereffective|p2a: Ninetales\n|-damage|p2a: Ninetales|0 fnt\n|-damage|p2b: Amoonguss|9\/100\n|-unboost|p1b: Gholdengo|spa|1\n|faint|p2a: Ninetales\n|move|p2b: Amoonguss|Pollen Puff|p1a: Ogerpon\n|-supereffective|p1a: Ogerpon\n|-damage|p1a: Ogerpon|3\/100\n|\n|-weather|Snow|[upkeep]\n|upkeep\n|\n|t:|1700526914\n|switch|p2a: Landorus|Landorus-Therian, L50, M|100\/100\n|-ability|p2a: Landorus|Intimidate|boost\n|-unboost|p1a: Ogerpon|atk|1\n|-unboost|p1b: Gholdengo|atk|1\n|turn|4\n|inactive|badatthis123 has 30 seconds left.\n|inactive|badatthis123 has 20 seconds left.\n|inactive|badatthis123 has 15 seconds left.\n|\n|t:|1700526958\n|switch|p2b: Glastrier|Glastrier, L50|100\/100\n|move|p1a: Ogerpon|Follow Me|p1a: Ogerpon\n|-singleturn|p1a: Ogerpon|move: Follow Me\n|move|p2a: Landorus|Rock Slide|p1b: Gholdengo|[spread] p1b\n|-miss|p2a: Landorus|p1a: Ogerpon\n|-resisted|p1b: Gholdengo\n|-damage|p1b: Gholdengo|41\/100\n|cant|p1b: Gholdengo|flinch\n|\n|-weather|Snow|[upkeep]\n|upkeep\n|turn|5\n|inactive|That_Leek has 30 seconds left.\n|inactive|badatthis123 has 30 seconds left.\n|\n|t:|1700526986\n|-terastallize|p2b: Glastrier|Water\n|move|p1a: Ogerpon|Follow Me|p1a: Ogerpon\n|-singleturn|p1a: Ogerpon|move: Follow Me\n|move|p2a: Landorus|Rock Slide|p1a: Ogerpon|[spread] p1a,p1b\n|-resisted|p1b: Gholdengo\n|-damage|p1a: Ogerpon|0 fnt\n|-damage|p1b: Gholdengo|32\/100\n|faint|p1a: Ogerpon\n|move|p1b: Gholdengo|Make It Rain|p2a: Landorus|[spread] p2a,p2b\n|-resisted|p2b: Glastrier\n|-damage|p2a: Landorus|10\/100\n|-damage|p2b: Glastrier|66\/100\n|-unboost|p1b: Gholdengo|spa|1\n|move|p2b: Glastrier|Stomping Tantrum|p1b: Gholdengo\n|-supereffective|p1b: Gholdengo\n|-damage|p1b: Gholdengo|0 fnt\n|faint|p1b: Gholdengo\n|-ability|p2b: Glastrier|Chilling Neigh|boost\n|-boost|p2b: Glastrier|atk|1\n|\n|-weather|none\n|upkeep\n|\n|t:|1700526990\n|switch|p1a: Arcanine|Arcanine-Hisui, L50, M|100\/100\n|switch|p1b: Chien-Pao|Chien-Pao, L50|100\/100\n|-ability|p1b: Chien-Pao|Sword of Ruin\n|-ability|p1a: Arcanine|Intimidate|boost\n|-unboost|p2a: Landorus|atk|1\n|-unboost|p2b: Glastrier|atk|1\n|turn|6\n|inactive|badatthis123 has 30 seconds left.\n|\n|t:|1700527016\n|switch|p2a: Amoonguss|Amoonguss, L50, M|42\/100\n|-terastallize|p1a: Arcanine|Fairy\n|move|p1b: Chien-Pao|Sacred Sword|p2b: Glastrier\n|-damage|p2b: Glastrier|48\/100\n|move|p1a: Arcanine|Tera Blast|p2b: Glastrier|[anim] Tera Blast Fairy\n|-damage|p2b: Glastrier|10\/100\n|move|p2b: Glastrier|Stomping Tantrum|p1a: Arcanine\n|-damage|p1a: Arcanine|52\/100\n|\n|upkeep\n|turn|7\n|inactive|That_Leek has 30 seconds left.\n|inactive|badatthis123 has 30 seconds left.\n|inactive|badatthis123 has 20 seconds left.\n|\n|t:|1700527051\n|switch|p2a: Landorus|Landorus-Therian, L50, M|10\/100\n|-ability|p2a: Landorus|Intimidate|boost\n|-unboost|p1a: Arcanine|atk|1\n|-unboost|p1b: Chien-Pao|atk|1\n|move|p1b: Chien-Pao|Ice Spinner|p2a: Landorus\n|-supereffective|p2a: Landorus\n|-damage|p2a: Landorus|0 fnt\n|faint|p2a: Landorus\n|move|p1a: Arcanine|Tera Blast|p2b: Glastrier|[anim] Tera Blast Fairy\n|-crit|p2b: Glastrier\n|-damage|p2b: Glastrier|0 fnt\n|faint|p2b: Glastrier\n|\n|upkeep\n|-message|badatthis123 forfeited.\n|\n|win|That_Leek\n|raw|That_Leek's rating: 1482 &rarr; <strong>1499<\/strong><br \/>(+17 for winning)\n|raw|badatthis123's rating: 1424 &rarr; <strong>1407<\/strong><br \/>(-17 for losing)\n|l|\u2606badatthis123\n","uploadtime":1700527067,"views":3,"p1id":"thatleek","p2id":"badatthis123","formatid":"gen9vgc2023regulatione","rating":1407,"private":0,"password":""}