{"id":"gen9vgc2023regulatione-1999945000","p1":"ViiDragmire17","p2":"Kzjzkz","format":"[Gen 9] VGC 2023 Regulation E","log":"|j|\u2606ViiDragmire17\n|j|\u2606Kzjzkz\n|t:|1701133037\n|gametype|doubles\n|player|p1|ViiDragmire17|elesa|1153\n|player|p2|Kzjzkz|lance|1126\n|teamsize|p1|6\n|teamsize|p2|6\n|gen|9\n|tier|[Gen 9] VGC 2023 Regulation E\n|rated|\n|rule|Species Clause: Limit one of each Pok\u00e9mon\n|rule|Item Clause: Limit one of each item\n|clearpoke\n|poke|p1|Ninetales-Alola, L50, F|\n|poke|p1|Baxcalibur, L50, F|\n|poke|p1|Sinistcha, L50|\n|poke|p1|Arcanine-Hisui, L50, M|\n|poke|p1|Ogerpon-Wellspring, L50, F|\n|poke|p1|Tornadus, L50, M|\n|poke|p2|Flutter Mane, L50|\n|poke|p2|Tornadus, L50, M|\n|poke|p2|Rillaboom, L50, M|\n|poke|p2|Garganacl, L50, F|\n|poke|p2|Arcanine-Hisui, L50, M|\n|poke|p2|Chien-Pao, L50|\n|teampreview|4\nViiDragmire17 has agreed to open team sheets.\n|\n|t:|1701133073\n|start\n|switch|p1a: Ninetales|Ninetales-Alola, L50, F|100\/100\n|switch|p1b: Tornadus|Tornadus, L50, M|100\/100\n|switch|p2a: Arcanine|Arcanine-Hisui, L50, M|100\/100\n|switch|p2b: Garganacl|Garganacl, L50, F|100\/100\n|-weather|Snow|[from] ability: Snow Warning|[of] p1a: Ninetales\n|-ability|p2a: Arcanine|Intimidate|boost\n|-unboost|p1a: Ninetales|atk|1\n|-unboost|p1b: Tornadus|atk|1\n|turn|1\n|inactive|Battle timer is ON: inactive players will automatically lose when time's up. (requested by Kzjzkz)\n|inactive|ViiDragmire17 has 60 seconds left.\n|\n|t:|1701133116\n|switch|p2a: Tornadus|Tornadus, L50, M|100\/100\n|-terastallize|p2b: Garganacl|Ghost\n|move|p1b: Tornadus|Protect|p1b: Tornadus\n|-singleturn|p1b: Tornadus|Protect\n|move|p1a: Ninetales|Aurora Veil|p1a: Ninetales\n|-sidestart|p1: ViiDragmire17|move: Aurora Veil\n|move|p2b: Garganacl|Salt Cure|p1a: Ninetales\n|-supereffective|p1a: Ninetales\n|-damage|p1a: Ninetales|85\/100\n|-start|p1a: Ninetales|Salt Cure\n|\n|-weather|Snow|[upkeep]\n|-damage|p1a: Ninetales|72\/100|[from] Salt Cure\n|upkeep\n|turn|2\n|inactive|ViiDragmire17 has 30 seconds left.\n|\n|t:|1701133143\n|move|p1b: Tornadus|Taunt|p2a: Tornadus\n|-start|p2a: Tornadus|move: Taunt\n|move|p1a: Ninetales|Blizzard|p2b: Garganacl|[spread] p2a,p2b\n|-supereffective|p2a: Tornadus\n|-damage|p2a: Tornadus|62\/100\n|-damage|p2b: Garganacl|84\/100\n|move|p2a: Tornadus|Bleakwind Storm|p1a: Ninetales|[spread] p1a,p1b\n|-damage|p1a: Ninetales|51\/100\n|-damage|p1b: Tornadus|77\/100\n|-unboost|p1a: Ninetales|spe|1\n|move|p2b: Garganacl|Iron Defense|p2b: Garganacl\n|-boost|p2b: Garganacl|def|2\n|\n|-weather|Snow|[upkeep]\n|-damage|p1a: Ninetales|39\/100|[from] Salt Cure\n|upkeep\n|turn|3\n|inactive|ViiDragmire17 has 30 seconds left.\n|\n|t:|1701133169\n|switch|p1a: Baxcalibur|Baxcalibur, L50, F|100\/100\n|move|p2b: Garganacl|Protect|p2b: Garganacl\n|-singleturn|p2b: Garganacl|Protect\n|move|p1b: Tornadus|Bleakwind Storm|p2b: Garganacl|[spread] p2a\n|-activate|p2b: Garganacl|move: Protect\n|-damage|p2a: Tornadus|39\/100\n|move|p2a: Tornadus|Bleakwind Storm|p1b: Tornadus|[spread] p1a\n|-miss|p2a: Tornadus|p1b: Tornadus\n|-damage|p1a: Baxcalibur|78\/100\n|\n|-weather|Snow|[upkeep]\n|-heal|p1a: Baxcalibur|84\/100|[from] ability: Ice Body\n|upkeep\n|turn|4\n|inactive|ViiDragmire17 has 30 seconds left.\n|inactive|ViiDragmire17 has 20 seconds left.\n|\n|t:|1701133209\n|move|p1b: Tornadus|Bleakwind Storm|p2a: Tornadus|[spread] p2a\n|-miss|p1b: Tornadus|p2b: Garganacl\n|-damage|p2a: Tornadus|14\/100\n|-unboost|p2a: Tornadus|spe|1\n|move|p1a: Baxcalibur|Icicle Spear|p2b: Garganacl\n|-crit|p2b: Garganacl\n|-damage|p2b: Garganacl|70\/100\n|-damage|p2b: Garganacl|64\/100\n|-damage|p2b: Garganacl|58\/100\n|-damage|p2b: Garganacl|52\/100\n|-damage|p2b: Garganacl|46\/100\n|-enditem|p2b: Garganacl|Sitrus Berry|[eat]\n|-heal|p2b: Garganacl|71\/100|[from] item: Sitrus Berry\n|-hitcount|p2b: Garganacl|5\n|move|p2a: Tornadus|Bleakwind Storm|p1b: Tornadus|[spread] p1a,p1b\n|-damage|p1a: Baxcalibur|63\/100\n|-damage|p1b: Tornadus|52\/100\n|move|p2b: Garganacl|Salt Cure|p1a: Baxcalibur\n|-supereffective|p1a: Baxcalibur\n|-damage|p1a: Baxcalibur|50\/100\n|-start|p1a: Baxcalibur|Salt Cure\n|\n|-weather|Snow|[upkeep]\n|-heal|p1a: Baxcalibur|55\/100|[from] ability: Ice Body\n|-damage|p1a: Baxcalibur|43\/100|[from] Salt Cure\n|-end|p2a: Tornadus|move: Taunt\n|upkeep\n|turn|5\n|inactive|ViiDragmire17 has 30 seconds left.\n|inactive|Kzjzkz has 30 seconds left.\n|inactive|ViiDragmire17 has 20 seconds left.\n|inactive|ViiDragmire17 has 15 seconds left.\n|\n|t:|1701133254\n|switch|p1b: Ninetales|Ninetales-Alola, L50, F|39\/100\n|move|p2b: Garganacl|Protect|p2b: Garganacl\n|-singleturn|p2b: Garganacl|Protect\n|move|p1a: Baxcalibur|Ice Shard|p2a: Tornadus\n|-supereffective|p2a: Tornadus\n|-damage|p2a: Tornadus|0 fnt\n|faint|p2a: Tornadus\n|\n|-weather|none\n|-damage|p1a: Baxcalibur|31\/100|[from] Salt Cure\n|upkeep\n|\n|t:|1701133265\n|switch|p2a: Arcanine|Arcanine-Hisui, L50, M|100\/100\n|-ability|p2a: Arcanine|Intimidate|boost\n|-unboost|p1a: Baxcalibur|atk|1\n|-unboost|p1b: Ninetales|atk|1\n|turn|6\n|inactive|ViiDragmire17 has 30 seconds left.\n|inactive|ViiDragmire17 has 20 seconds left.\n|inactive|ViiDragmire17 has 15 seconds left.\n|\n|t:|1701133310\n|switch|p1b: Arcanine|Arcanine-Hisui, L50, M|100\/100\n|switch|p1a: Tornadus|Tornadus, L50, M|52\/100\n|move|p2a: Arcanine|Rock Slide|p1a: Tornadus|[spread] p1a,p1b\n|-supereffective|p1a: Tornadus\n|-supereffective|p1b: Arcanine\n|-damage|p1a: Tornadus|0 fnt\n|-damage|p1b: Arcanine|30\/100\n|faint|p1a: Tornadus\n|move|p2b: Garganacl|Iron Defense|p2b: Garganacl\n|-boost|p2b: Garganacl|def|2\n|\n|upkeep\n|\n|t:|1701133331\n|switch|p1a: Ninetales|Ninetales-Alola, L50, F|39\/100\n|-weather|Snow|[from] ability: Snow Warning|[of] p1a: Ninetales\n|turn|7\n|\n|t:|1701133343\n|move|p1b: Arcanine|Head Smash|p2a: Arcanine\n|-supereffective|p2a: Arcanine\n|-damage|p2a: Arcanine|0 fnt\n|faint|p2a: Arcanine\n|move|p1a: Ninetales|Blizzard|p2b: Garganacl\n|-damage|p2b: Garganacl|49\/100\n|move|p2b: Garganacl|Salt Cure|p1b: Arcanine\n|-supereffective|p1b: Arcanine\n|-damage|p1b: Arcanine|6\/100\n|-start|p1b: Arcanine|Salt Cure\n|\n|-weather|Snow|[upkeep]\n|-damage|p1b: Arcanine|0 fnt|[from] Salt Cure\n|faint|p1b: Arcanine\n|upkeep\n|\n|t:|1701133355\n|switch|p1b: Baxcalibur|Baxcalibur, L50, F|31\/100\n|switch|p2a: Rillaboom|Rillaboom, L50, M|100\/100\n|-fieldstart|move: Grassy Terrain|[from] ability: Grassy Surge|[of] p2a: Rillaboom\n|turn|8\n|inactive|ViiDragmire17 has 30 seconds left.\n|inactive|ViiDragmire17 has 20 seconds left.\n|\n|t:|1701133391\n|move|p2a: Rillaboom|Fake Out|p1a: Ninetales\n|-damage|p1a: Ninetales|31\/100\n|cant|p1a: Ninetales|flinch\n|move|p1b: Baxcalibur|Icicle Spear|p2b: Garganacl\n|-damage|p2b: Garganacl|45\/100\n|-damage|p2b: Garganacl|42\/100\n|-damage|p2b: Garganacl|39\/100\n|-damage|p2b: Garganacl|35\/100\n|-hitcount|p2b: Garganacl|4\n|move|p2b: Garganacl|Salt Cure|p1b: Baxcalibur\n|-supereffective|p1b: Baxcalibur\n|-damage|p1b: Baxcalibur|19\/100\n|-start|p1b: Baxcalibur|Salt Cure\n|\n|-weather|Snow|[upkeep]\n|-heal|p1b: Baxcalibur|25\/100|[from] ability: Ice Body\n|-heal|p1a: Ninetales|37\/100|[from] Grassy Terrain\n|-heal|p1b: Baxcalibur|30\/100|[from] Grassy Terrain\n|-heal|p2b: Garganacl|41\/100|[from] Grassy Terrain\n|-damage|p1b: Baxcalibur|18\/100|[from] Salt Cure\n|-sideend|p1: ViiDragmire17|move: Aurora Veil\n|upkeep\n|turn|9\n|inactive|ViiDragmire17 has 30 seconds left.\n|\n|t:|1701133422\n|move|p1b: Baxcalibur|Protect|p1b: Baxcalibur\n|-singleturn|p1b: Baxcalibur|Protect\n|move|p2a: Rillaboom|Grassy Glide|p1a: Ninetales\n|-damage|p1a: Ninetales|4\/100\n|move|p1a: Ninetales|Blizzard|p2b: Garganacl|[spread] p2a,p2b\n|-supereffective|p2a: Rillaboom\n|-damage|p2a: Rillaboom|62\/100\n|-damage|p2b: Garganacl|23\/100\n|move|p2b: Garganacl|Recover|p2b: Garganacl\n|-heal|p2b: Garganacl|73\/100\n|\n|-weather|Snow|[upkeep]\n|-heal|p1b: Baxcalibur|24\/100|[from] ability: Ice Body\n|-heal|p1a: Ninetales|10\/100|[from] Grassy Terrain\n|-heal|p1b: Baxcalibur|30\/100|[from] Grassy Terrain\n|-heal|p2a: Rillaboom|68\/100|[from] Grassy Terrain\n|-heal|p2b: Garganacl|79\/100|[from] Grassy Terrain\n|-damage|p1b: Baxcalibur|18\/100|[from] Salt Cure\n|upkeep\n|turn|10\n|-message|ViiDragmire17 forfeited.\n|\n|win|Kzjzkz\n|raw|ViiDragmire17's rating: 1153 &rarr; <strong>1126<\/strong><br \/>(-27 for losing)\n|raw|Kzjzkz's rating: 1126 &rarr; <strong>1153<\/strong><br \/>(+27 for winning)\n|l|\u2606ViiDragmire17\n","uploadtime":1701133437,"views":3,"p1id":"viidragmire17","p2id":"kzjzkz","formatid":"gen9vgc2023regulatione","rating":1126,"private":0,"password":""}