{"id":"gen9vgc2023regulatione-1999079637","p1":"bobforte22","p2":"ClayProof","format":"[Gen 9] VGC 2023 Regulation E","log":"|j|\u2606bobforte22\n|j|\u2606ClayProof\n|t:|1701030977\n|gametype|doubles\n|player|p1|bobforte22|pilot|1163\n|player|p2|ClayProof|cameraman|1076\n|teamsize|p1|6\n|teamsize|p2|6\n|gen|9\n|tier|[Gen 9] VGC 2023 Regulation E\n|rated|\n|rule|Species Clause: Limit one of each Pok\u00e9mon\n|rule|Item Clause: Limit one of each item\n|clearpoke\n|poke|p1|Baxcalibur, L50, M|\n|poke|p1|Ninetales-Alola, L50, F|\n|poke|p1|Dragonite, L50, M|\n|poke|p1|Landorus-Therian, L50, M|\n|poke|p1|Ceruledge, L50, F|\n|poke|p1|Articuno, L50|\n|poke|p2|Espathra, L50, M|\n|poke|p2|Sableye, L50, F|\n|poke|p2|Maushold, L50|\n|poke|p2|Iron Valiant, L50|\n|poke|p2|Farigiraf, L50, M|\n|poke|p2|Urshifu-*, L50, F|\n|teampreview|4\n|inactive|Battle timer is ON: inactive players will automatically lose when time's up. (requested by ClayProof)\n|\n|t:|1701030997\n|start\n|switch|p1a: Dragonite|Dragonite, L50, M|100\/100\n|switch|p1b: Baxcalibur|Baxcalibur, L50, M|100\/100\n|switch|p2a: Espathra|Espathra, L50, M|100\/100\n|switch|p2b: Sableye|Sableye, L50, F|100\/100\n|turn|1\n|\n|t:|1701031017\n|-terastallize|p1a: Dragonite|Normal\n|move|p2b: Sableye|Protect|p2b: Sableye\n|-singleturn|p2b: Sableye|Protect\n|move|p2a: Espathra|Protect|p2a: Espathra\n|-singleturn|p2a: Espathra|Protect\n|move|p1a: Dragonite|Extreme Speed|p2a: Espathra\n|-activate|p2a: Espathra|move: Protect\n|move|p1b: Baxcalibur|Ice Shard|p2b: Sableye\n|-activate|p2b: Sableye|move: Protect\n|\n|-ability|p2a: Espathra|Speed Boost|boost\n|-boost|p2a: Espathra|spe|1\n|upkeep\n|turn|2\n|\n|t:|1701031041\n|move|p1a: Dragonite|Extreme Speed|p2a: Espathra\n|-damage|p2a: Espathra|15\/100\n|-enditem|p2a: Espathra|Sitrus Berry|[eat]\n|-heal|p2a: Espathra|39\/100|[from] item: Sitrus Berry\n|move|p1b: Baxcalibur|Ice Shard|p2b: Sableye\n|-damage|p2b: Sableye|79\/100\n|move|p2b: Sableye|Gravity|p2b: Sableye\n|-fieldstart|move: Gravity\n|move|p2a: Espathra|Hypnosis|p1b: Baxcalibur\n|-status|p1b: Baxcalibur|slp|[from] move: Hypnosis\n|\n|-ability|p2a: Espathra|Speed Boost|boost\n|-boost|p2a: Espathra|spe|1\n|upkeep\n|turn|3\n|inactive|bobforte22 has 30 seconds left.\n|\n|t:|1701031070\n|switch|p2b: Urshifu|Urshifu-Rapid-Strike, L50, F|100\/100\n|cant|p1b: Baxcalibur|slp\n|move|p1a: Dragonite|Extreme Speed|p2b: Urshifu\n|-damage|p2b: Urshifu|33\/100\n|move|p2a: Espathra|Hypnosis|p1a: Dragonite\n|-status|p1a: Dragonite|slp|[from] move: Hypnosis\n|\n|-ability|p2a: Espathra|Speed Boost|boost\n|-boost|p2a: Espathra|spe|1\n|upkeep\n|turn|4\n|inactive|ClayProof has 30 seconds left.\n|inactive|ClayProof has 20 seconds left.\n|inactive|ClayProof has 15 seconds left.\n|\n|t:|1701031113\n|cant|p1a: Dragonite|slp\n|-curestatus|p1b: Baxcalibur|slp|[msg]\n|move|p1b: Baxcalibur|Ice Shard|p2a: Espathra\n|-crit|p2a: Espathra\n|-damage|p2a: Espathra|0 fnt\n|faint|p2a: Espathra\n|move|p2b: Urshifu|Drain Punch|p1b: Baxcalibur\n|-supereffective|p1b: Baxcalibur\n|-damage|p1b: Baxcalibur|29\/100\n|-heal|p2b: Urshifu|75\/100|[from] drain|[of] p1b: Baxcalibur\n|\n|upkeep\n|\n|t:|1701031128\n|switch|p2a: Farigiraf|Farigiraf, L50, M|100\/100\n|turn|5\n|\n|t:|1701031141\n|switch|p1a: Ninetales|Ninetales-Alola, L50, F|100\/100\n|-weather|Snow|[from] ability: Snow Warning|[of] p1a: Ninetales\n|move|p2b: Urshifu|Drain Punch|p1b: Baxcalibur\n|-supereffective|p1b: Baxcalibur\n|-damage|p1b: Baxcalibur|0 fnt\n|-heal|p2b: Urshifu|91\/100|[from] drain|[of] p1b: Baxcalibur\n|faint|p1b: Baxcalibur\n|move|p2a: Farigiraf|Imprison|p2a: Farigiraf\n|-start|p2a: Farigiraf|move: Imprison\n|\n|-weather|Snow|[upkeep]\n|upkeep\n|\n|t:|1701031155\n|switch|p1b: Articuno|Articuno, L50, shiny|100\/100\n|turn|6\n|\n|t:|1701031175\n|move|p2b: Urshifu|Surging Strikes|p1a: Ninetales\n|-crit|p1a: Ninetales\n|-damage|p1a: Ninetales|84\/100\n|-crit|p1a: Ninetales\n|-damage|p1a: Ninetales|66\/100\n|-crit|p1a: Ninetales\n|-damage|p1a: Ninetales|49\/100\n|-hitcount|p1a: Ninetales|3\n|move|p1a: Ninetales|Freeze-Dry|p2b: Urshifu\n|-supereffective|p2b: Urshifu\n|-crit|p2b: Urshifu\n|-damage|p2b: Urshifu|0 fnt\n|faint|p2b: Urshifu\n|move|p1b: Articuno|Hurricane|p2a: Farigiraf\n|-damage|p2a: Farigiraf|62\/100\n|-start|p2a: Farigiraf|confusion\n|-activate|p2a: Farigiraf|confusion\n|move|p2a: Farigiraf|Hyper Voice|p1b: Articuno|[spread] p1a,p1b\n|-damage|p1a: Ninetales|14\/100\n|-damage|p1b: Articuno|78\/100\n|-enditem|p2a: Farigiraf|Throat Spray\n|-boost|p2a: Farigiraf|spa|1|[from] item: Throat Spray\n|\n|-weather|Snow|[upkeep]\n|-fieldend|move: Gravity\n|upkeep\n|\n|t:|1701031184\n|switch|p2b: Sableye|Sableye, L50, F|79\/100\n|turn|7\n|\n|t:|1701031208\n|-terastallize|p2a: Farigiraf|Normal\n|move|p2b: Sableye|Will-O-Wisp|p1a: Ninetales\n|-status|p1a: Ninetales|brn\n|move|p1a: Ninetales|Aurora Veil|p1a: Ninetales\n|-sidestart|p1: bobforte22|move: Aurora Veil\n|move|p1b: Articuno|Blizzard|p2a: Farigiraf|[spread] p2a,p2b\n|-damage|p2a: Farigiraf|34\/100\n|-damage|p2b: Sableye|40\/100\n|-status|p2b: Sableye|frz\n|-activate|p2a: Farigiraf|confusion\n|move|p2a: Farigiraf|Hyper Voice|p1a: Ninetales|[spread] p1a,p1b\n|-damage|p1a: Ninetales|0 fnt\n|-damage|p1b: Articuno|47\/100\n|faint|p1a: Ninetales\n|\n|-weather|Snow|[upkeep]\n|upkeep\n|\n|t:|1701031225\n|switch|p1a: Dragonite|Dragonite, L50, M, tera:Normal|100\/100 slp\n|turn|8\n|inactive|ClayProof has 30 seconds left.\n|inactive|ClayProof has 20 seconds left.\n|\n|t:|1701031262\n|cant|p2b: Sableye|frz\n|move|p1b: Articuno|Blizzard|p2b: Sableye|[spread] p2a,p2b\n|-damage|p2a: Farigiraf|2\/100\n|-damage|p2b: Sableye|1\/100 frz\n|cant|p1a: Dragonite|slp\n|-activate|p2a: Farigiraf|confusion\n|move|p2a: Farigiraf|Hyper Voice|p1a: Dragonite|[spread] p1a,p1b\n|-damage|p1a: Dragonite|64\/100 slp\n|-damage|p1b: Articuno|13\/100\n|\n|-weather|Snow|[upkeep]\n|upkeep\n|turn|9\n|\n|t:|1701031284\n|cant|p2b: Sableye|frz\n|move|p1b: Articuno|Blizzard|p2b: Sableye|[spread] p2a,p2b\n|-damage|p2a: Farigiraf|0 fnt\n|-damage|p2b: Sableye|0 fnt\n|faint|p2a: Farigiraf\n|faint|p2b: Sableye\n|\n|win|bobforte22\n|raw|bobforte22's rating: 1163 &rarr; <strong>1182<\/strong><br \/>(+19 for winning)\n|raw|ClayProof's rating: 1076 &rarr; <strong>1060<\/strong><br \/>(-16 for losing)\n","uploadtime":1701031293,"views":7,"p1id":"bobforte22","p2id":"clayproof","formatid":"gen9vgc2023regulatione","rating":1060,"private":0,"password":""}