{"id":"gen9vgc2023regulatione-1992050032","p1":"huhinthiseconomy","p2":"Joan1079","format":"[Gen 9] VGC 2023 Regulation E","log":"|j|\u2606huhinthiseconomy\n|j|\u2606Joan1079\n|t:|1700150884\n|gametype|doubles\n|player|p1|huhinthiseconomy|juan|1166\n|player|p2|Joan1079|colress|1242\n|teamsize|p1|6\n|teamsize|p2|6\n|gen|9\n|tier|[Gen 9] VGC 2023 Regulation E\n|rated|\n|rule|Species Clause: Limit one of each Pok\u00e9mon\n|rule|Item Clause: Limit one of each item\n|clearpoke\n|poke|p1|Tornadus, L50, M|\n|poke|p1|Cacturne, L50, M|\n|poke|p1|Farigiraf, L50, M|\n|poke|p1|Empoleon, L50, M|\n|poke|p1|Flutter Mane, L50|\n|poke|p1|Chi-Yu, L50|\n|poke|p2|Wo-Chien, L50|\n|poke|p2|Heatran, L50, M|\n|poke|p2|Indeedee-F, L50, F|\n|poke|p2|Armarouge, L50, M|\n|poke|p2|Ursaluna, L50, M|\n|poke|p2|Cresselia, L50, F|\n|teampreview|4\n|\n|t:|1700150914\n|start\n|switch|p1a: Chi-Yu|Chi-Yu, L50|100\/100\n|switch|p1b: Farigiraf|Farigiraf, L50, M|100\/100\n|switch|p2a: Indeedee|Indeedee-F, L50, F|100\/100\n|switch|p2b: Heatran|Heatran, L50, M, shiny|100\/100\n|-ability|p1a: Chi-Yu|Beads of Ruin\n|-fieldstart|move: Psychic Terrain|[from] ability: Psychic Surge|[of] p2a: Indeedee\n|turn|1\n|\n|t:|1700150932\n|move|p1a: Chi-Yu|Snarl|p2a: Indeedee|[spread] p2a,p2b\n|-supereffective|p2a: Indeedee\n|-damage|p2a: Indeedee|38\/100\n|-damage|p2b: Heatran|83\/100\n|-unboost|p2a: Indeedee|spa|1\n|-unboost|p2b: Heatran|spa|1\n|-enditem|p2a: Indeedee|Sitrus Berry|[eat]\n|-heal|p2a: Indeedee|63\/100|[from] item: Sitrus Berry\n|move|p2b: Heatran|Earth Power|p1a: Chi-Yu\n|-supereffective|p1a: Chi-Yu\n|-damage|p1a: Chi-Yu|53\/100\n|move|p1b: Farigiraf|Imprison|p1b: Farigiraf\n|-start|p1b: Farigiraf|move: Imprison\n|cant|p2a: Indeedee|move: Imprison|Trick Room\n|\n|upkeep\n|turn|2\n|\n|t:|1700150952\n|move|p2a: Indeedee|Helping Hand|p2b: Heatran\n|-singleturn|p2b: Heatran|Helping Hand|[of] p2a: Indeedee\n|move|p1a: Chi-Yu|Snarl|p2b: Heatran|[spread] p2a,p2b\n|-supereffective|p2a: Indeedee\n|-damage|p2a: Indeedee|2\/100\n|-damage|p2b: Heatran|65\/100\n|-unboost|p2a: Indeedee|spa|1\n|-unboost|p2b: Heatran|spa|1\n|move|p2b: Heatran|Earth Power|p1a: Chi-Yu\n|-supereffective|p1a: Chi-Yu\n|-damage|p1a: Chi-Yu|0 fnt\n|faint|p1a: Chi-Yu\n|move|p1b: Farigiraf|Hyper Voice|p2b: Heatran|[spread] p2a,p2b\n|-resisted|p2b: Heatran\n|-damage|p2a: Indeedee|0 fnt\n|-damage|p2b: Heatran|52\/100\n|faint|p2a: Indeedee\n|-damage|p1b: Farigiraf|91\/100|[from] item: Life Orb\n|\n|upkeep\n|\n|t:|1700150971\n|switch|p1a: Flutter Mane|Flutter Mane, L50|100\/100\n|switch|p2a: Wo-Chien|Wo-Chien, L50|100\/100\n|-ability|p2a: Wo-Chien|Tablets of Ruin\n|-enditem|p1a: Flutter Mane|Booster Energy\n|-activate|p1a: Flutter Mane|ability: Protosynthesis|[fromitem]\n|-start|p1a: Flutter Mane|protosynthesisspa\n|turn|3\n|\n|t:|1700150997\n|switch|p2b: Ursaluna|Ursaluna, L50, M|100\/100\n|move|p1a: Flutter Mane|Shadow Ball|p2b: Ursaluna\n|-immune|p2b: Ursaluna\n|move|p2a: Wo-Chien|Leech Seed|p1a: Flutter Mane\n|-start|p1a: Flutter Mane|move: Leech Seed\n|move|p1b: Farigiraf|Hyper Voice|p2a: Wo-Chien|[spread] p2a,p2b\n|-damage|p2a: Wo-Chien|75\/100\n|-damage|p2b: Ursaluna|66\/100\n|-damage|p1b: Farigiraf|81\/100|[from] item: Life Orb\n|\n|-heal|p2a: Wo-Chien|82\/100|[from] item: Leftovers\n|-damage|p1a: Flutter Mane|88\/100|[from] Leech Seed|[of] p2a: Wo-Chien\n|-heal|p2a: Wo-Chien|91\/100|[silent]\n|-status|p2b: Ursaluna|brn|[from] item: Flame Orb\n|upkeep\n|turn|4\n|\n|t:|1700151022\n|-terastallize|p1a: Flutter Mane|Fairy\n|move|p2a: Wo-Chien|Protect|p2a: Wo-Chien\n|-singleturn|p2a: Wo-Chien|Protect\n|move|p1a: Flutter Mane|Dazzling Gleam|p2b: Ursaluna|[spread] p2b\n|-activate|p2a: Wo-Chien|move: Protect\n|-damage|p2b: Ursaluna|21\/100 brn\n|move|p1b: Farigiraf|Dazzling Gleam|p2a: Wo-Chien|[spread] p2b\n|-activate|p2a: Wo-Chien|move: Protect\n|-damage|p2b: Ursaluna|0 fnt\n|faint|p2b: Ursaluna\n|-damage|p1b: Farigiraf|71\/100|[from] item: Life Orb\n|\n|-heal|p2a: Wo-Chien|97\/100|[from] item: Leftovers\n|-damage|p1a: Flutter Mane|76\/100|[from] Leech Seed|[of] p2a: Wo-Chien\n|-heal|p2a: Wo-Chien|100\/100|[silent]\n|upkeep\n|\n|t:|1700151037\n|switch|p2b: Heatran|Heatran, L50, M, shiny|52\/100\n|turn|5\n|\n|t:|1700151052\n|-terastallize|p2b: Heatran|Fairy\n|move|p1a: Flutter Mane|Shadow Ball|p2b: Heatran\n|-damage|p2b: Heatran|23\/100\n|move|p2b: Heatran|Flash Cannon|p1a: Flutter Mane\n|-supereffective|p1a: Flutter Mane\n|-damage|p1a: Flutter Mane|3\/100\n|move|p2a: Wo-Chien|Leech Seed|p1b: Farigiraf\n|-start|p1b: Farigiraf|move: Leech Seed\n|move|p1b: Farigiraf|Dazzling Gleam|p2b: Heatran|[spread] p2a,p2b\n|-supereffective|p2a: Wo-Chien\n|-crit|p2a: Wo-Chien\n|-damage|p2a: Wo-Chien|52\/100\n|-damage|p2b: Heatran|10\/100\n|-damage|p1b: Farigiraf|62\/100|[from] item: Life Orb\n|\n|-heal|p2a: Wo-Chien|58\/100|[from] item: Leftovers\n|-damage|p1a: Flutter Mane|0 fnt|[from] Leech Seed|[of] p2a: Wo-Chien\n|-heal|p2a: Wo-Chien|59\/100|[silent]\n|faint|p1a: Flutter Mane\n|-end|p1a: Flutter Mane|Protosynthesis|[silent]\n|-damage|p1b: Farigiraf|49\/100|[from] Leech Seed|[of] p2a: Wo-Chien\n|-heal|p2a: Wo-Chien|73\/100|[silent]\n|-fieldend|move: Psychic Terrain\n|upkeep\n|\n|t:|1700151073\n|switch|p1a: Cacturne|Cacturne, L50, M|100\/100\n|turn|6\n|\n|t:|1700151093\n|move|p2a: Wo-Chien|Protect|p2a: Wo-Chien\n|-singleturn|p2a: Wo-Chien|Protect\n|move|p1a: Cacturne|Sucker Punch|p2b: Heatran\n|-resisted|p2b: Heatran\n|-damage|p2b: Heatran|0 fnt\n|faint|p2b: Heatran\n|move|p1b: Farigiraf|Dazzling Gleam|p2a: Wo-Chien\n|-activate|p2a: Wo-Chien|move: Protect\n|\n|-heal|p2a: Wo-Chien|80\/100|[from] item: Leftovers\n|-damage|p1b: Farigiraf|37\/100|[from] Leech Seed|[of] p2a: Wo-Chien\n|-heal|p2a: Wo-Chien|94\/100|[silent]\n|upkeep\n|turn|7\n|\n|t:|1700151111\n|move|p2a: Wo-Chien|Ruination|p1a: Cacturne\n|-damage|p1a: Cacturne|50\/100\n|move|p1b: Farigiraf|Dazzling Gleam|p2a: Wo-Chien\n|-supereffective|p2a: Wo-Chien\n|-damage|p2a: Wo-Chien|50\/100\n|-damage|p1b: Farigiraf|27\/100|[from] item: Life Orb\n|move|p1a: Cacturne|Drain Punch|p2a: Wo-Chien\n|-supereffective|p2a: Wo-Chien\n|-damage|p2a: Wo-Chien|17\/100\n|-heal|p1a: Cacturne|71\/100|[from] drain|[of] p2a: Wo-Chien\n|\n|-heal|p2a: Wo-Chien|23\/100|[from] item: Leftovers\n|-damage|p1b: Farigiraf|15\/100|[from] Leech Seed|[of] p2a: Wo-Chien\n|-heal|p2a: Wo-Chien|37\/100|[silent]\n|upkeep\n|turn|8\n|\n|t:|1700151133\n|move|p2a: Wo-Chien|Protect|p2a: Wo-Chien\n|-singleturn|p2a: Wo-Chien|Protect\n|move|p1b: Farigiraf|Dazzling Gleam|p2a: Wo-Chien\n|-activate|p2a: Wo-Chien|move: Protect\n|move|p1a: Cacturne|Drain Punch|p2a: Wo-Chien\n|-activate|p2a: Wo-Chien|move: Protect\n|\n|-heal|p2a: Wo-Chien|44\/100|[from] item: Leftovers\n|-damage|p1b: Farigiraf|2\/100|[from] Leech Seed|[of] p2a: Wo-Chien\n|-heal|p2a: Wo-Chien|58\/100|[silent]\n|upkeep\n|turn|9\n|\n|t:|1700151154\n|move|p2a: Wo-Chien|Ruination|p1a: Cacturne\n|-damage|p1a: Cacturne|36\/100\n|move|p1b: Farigiraf|Dazzling Gleam|p2a: Wo-Chien\n|-supereffective|p2a: Wo-Chien\n|-damage|p2a: Wo-Chien|17\/100\n|-damage|p1b: Farigiraf|0 fnt|[from] item: Life Orb\n|faint|p1b: Farigiraf\n|move|p1a: Cacturne|Drain Punch|p2a: Wo-Chien\n|-supereffective|p2a: Wo-Chien\n|-damage|p2a: Wo-Chien|0 fnt\n|-heal|p1a: Cacturne|46\/100|[from] drain|[of] p2a: Wo-Chien\n|faint|p2a: Wo-Chien\n|\n|win|huhinthiseconomy\n|raw|huhinthiseconomy's rating: 1166 &rarr; <strong>1196<\/strong><br \/>(+30 for winning)\n|raw|Joan1079's rating: 1242 &rarr; <strong>1212<\/strong><br \/>(-30 for losing)\n|l|\u2606Joan1079\n","uploadtime":1700151169,"views":29,"p1id":"huhinthiseconomy","p2id":"joan1079","formatid":"gen9vgc2023regulatione","rating":1196,"private":0,"password":""}