{"id":"gen9vgc2023regulatione-1997976335","p1":"Eleisson4","p2":"porygon peo","format":"[Gen 9] VGC 2023 Regulation E","log":"|j|\u2606Eleisson4\n|j|\u2606porygon peo\n|n|\u2606Eleisson4|eleisson4\n|n|\u2606porygon peo|porygonpeo\n|html|View the match progress at <a href=\"\/game-bestof3-gen9vgc2023regulatione-1997976334\">game-bestof3-gen9vgc2023regulatione-1997976334<\/a>\n|t:|1700874370\n|gametype|doubles\n|player|p1|Eleisson4|101|\n|player|p2|porygon peo|169|\n|teamsize|p1|6\n|teamsize|p2|6\n|gen|9\n|tier|[Gen 9] VGC 2023 Regulation E\n|rule|Species Clause: Limit one of each Pok\u00e9mon\n|rule|Item Clause: Limit one of each item\n|clearpoke\n|poke|p1|Iron Hands, L50|\n|poke|p1|Flutter Mane, L50|\n|poke|p1|Heatran, L50, F|\n|poke|p1|Chien-Pao, L50|\n|poke|p1|Ogerpon-Wellspring, L50, F|\n|poke|p1|Amoonguss, L50, F|\n|poke|p2|Landorus-Therian, L50, M|\n|poke|p2|Ogerpon-Wellspring, L50, F|\n|poke|p2|Heatran, L50, F|\n|poke|p2|Iron Hands, L50|\n|poke|p2|Farigiraf, L50, M|\n|poke|p2|Ninetales-Alola, L50, F|\n|teampreview|4\nporygon peo has agreed to open team sheets.\nEleisson4 has agreed to open team sheets.\n|showteam|p1|Iron Hands||BoosterEnergy|QuarkDrive|SwordsDance,IcePunch,WildCharge,DrainPunch||||||50|,,,,,Ground]Flutter Mane||ChoiceSpecs|Protosynthesis|MysticalFire,ShadowBall,DazzlingGleam,PowerGem||||||50|,,,,,Fairy]Heatran||SitrusBerry|FlashFire|HeatWave,FlashCannon,EarthPower,Protect|||F|||50|,,,,,Grass]Chien-Pao||FocusSash|SwordofRuin|IceSpinner,SuckerPunch,PsychicFangs,Protect||||||50|,,,,,Ghost]Ogerpon-Wellspring||WellspringMask|WaterAbsorb|IvyCudgel,HornLeech,Taunt,SpikyShield|||F|||50|,,,,,Water]Amoonguss||AguavBerry|Regenerator|Spore,RagePowder,PollenPuff,ClearSmog|||F|||50|,,,,,Water\n|showteam|p2|Landorus-Therian||ChoiceScarf|Intimidate|StompingTantrum,RockSlide,Uturn,TeraBlast|||M|||50|,,,,,Flying]Ogerpon-Wellspring||WellspringMask|WaterAbsorb|HornLeech,IvyCudgel,SwordsDance,SpikyShield|||F|||50|,,,,,Water]Heatran||Leftovers|FlashFire|MagmaStorm,EarthPower,TeraBlast,Protect|||F|||50|,,,,,Grass]Iron Hands||AssaultVest|QuarkDrive|FakeOut,DrainPunch,WildCharge,HeavySlam||||||50|,,,,,Water]Farigiraf||SitrusBerry|ArmorTail|Psychic,DazzlingGleam,TrickRoom,Protect|||M|||50|,,,,,Fairy]Ninetales-Alola||LightClay|SnowWarning|IcyWind,Moonblast,AuroraVeil,Protect|||F|||50|,,,,,Water\n|inactive|Battle timer is ON: inactive players will automatically lose when time's up. (requested by porygon peo)\n|\n|t:|1700874419\n|start\n|switch|p1a: Ogerpon|Ogerpon-Wellspring, L50, F|100\/100\n|switch|p1b: Flutter Mane|Flutter Mane, L50|100\/100\n|switch|p2a: Ogerpon|Ogerpon-Wellspring, L50, F|100\/100\n|switch|p2b: Ninetales|Ninetales-Alola, L50, F|100\/100\n|-weather|Snow|[from] ability: Snow Warning|[of] p2b: Ninetales\n|turn|1\n|inactive|Eleisson4 has 30 seconds left.\n|inactive|porygon peo has 30 seconds left.\n|\n|t:|1700874448\n|-terastallize|p2a: Ogerpon|Water\n|detailschange|p2a: Ogerpon|Ogerpon-Wellspring-Tera, L50, F, tera:Water\n|-ability|p2a: Ogerpon|Embody Aspect (Wellspring)|boost\n|-boost|p2a: Ogerpon|spd|1\n|move|p1b: Flutter Mane|Dazzling Gleam|p2b: Ninetales|[spread] p2a,p2b\n|-damage|p2a: Ogerpon|67\/100\n|-damage|p2b: Ninetales|57\/100\n|move|p1a: Ogerpon|Taunt|p2b: Ninetales\n|-start|p2b: Ninetales|move: Taunt\n|move|p2b: Ninetales|Icy Wind|p1b: Flutter Mane|[spread] p1a,p1b\n|-damage|p1a: Ogerpon|86\/100\n|-damage|p1b: Flutter Mane|87\/100\n|-unboost|p1a: Ogerpon|spe|1\n|-unboost|p1b: Flutter Mane|spe|1\n|move|p2a: Ogerpon|Swords Dance|p2a: Ogerpon\n|-boost|p2a: Ogerpon|atk|2\n|\n|-weather|Snow|[upkeep]\n|upkeep\n|turn|2\n|inactive|Eleisson4 has 30 seconds left.\n|inactive|porygon peo has 30 seconds left.\n|inactive|Eleisson4 has 20 seconds left.\n|inactive|porygon peo has 20 seconds left.\n|inactive|Eleisson4 has 15 seconds left.\n|inactive|porygon peo has 15 seconds left.\n|inactive|Eleisson4 has 10 seconds left.\n|inactive|porygon peo has 10 seconds left.\n|\n|t:|1700874494\n|switch|p2b: Iron Hands|Iron Hands, L50|100\/100\n|-end|p1b: Flutter Mane|Protosynthesis|[silent]\n|switch|p1b: Iron Hands|Iron Hands, L50, shiny|100\/100\n|-enditem|p1b: Iron Hands|Booster Energy\n|-activate|p1b: Iron Hands|ability: Quark Drive|[fromitem]\n|-start|p1b: Iron Hands|quarkdriveatk\n|move|p2a: Ogerpon|Horn Leech|p1a: Ogerpon\n|-damage|p1a: Ogerpon|0 fnt\n|-heal|p2a: Ogerpon|100\/100|[from] drain|[of] p1a: Ogerpon\n|faint|p1a: Ogerpon\n|\n|-weather|Snow|[upkeep]\n|upkeep\n|\n|t:|1700874506\n|switch|p1a: Amoonguss|Amoonguss, L50, F, shiny|100\/100\n|turn|3\n|inactive|porygon peo has 30 seconds left.\n|\n|t:|1700874539\n|move|p2b: Iron Hands|Fake Out|p1a: Amoonguss\n|-damage|p1a: Amoonguss|88\/100\n|move|p2a: Ogerpon|Ivy Cudgel|p1b: Iron Hands|[anim] Ivy Cudgel Water\n|-damage|p1b: Iron Hands|11\/100\n|move|p1b: Iron Hands|Wild Charge|p2a: Ogerpon\n|-supereffective|p2a: Ogerpon\n|-damage|p2a: Ogerpon|0 fnt\n|faint|p2a: Ogerpon\n|-damage|p1b: Iron Hands|0 fnt|[from] Recoil\n|faint|p1b: Iron Hands\n|-end|p1b: Iron Hands|Quark Drive|[silent]\n|cant|p1a: Amoonguss|flinch\n|\n|-weather|Snow|[upkeep]\n|upkeep\n|\n|t:|1700874557\n|switch|p2a: Heatran|Heatran, L50, F|100\/100\n|switch|p1b: Flutter Mane|Flutter Mane, L50|87\/100\n|turn|4\n|inactive|Eleisson4 has 30 seconds left.\n|inactive|Eleisson4 has 20 seconds left.\n|\n|t:|1700874595\n|-terastallize|p1a: Amoonguss|Water\n|move|p1a: Amoonguss|Rage Powder|p1a: Amoonguss\n|-singleturn|p1a: Amoonguss|move: Rage Powder\n|move|p1b: Flutter Mane|Dazzling Gleam|p2b: Iron Hands|[spread] p2a,p2b\n|-resisted|p2a: Heatran\n|-supereffective|p2b: Iron Hands\n|-damage|p2a: Heatran|90\/100\n|-damage|p2b: Iron Hands|47\/100\n|move|p2a: Heatran|Magma Storm|p1a: Amoonguss|[miss]\n|-miss|p2a: Heatran|p1a: Amoonguss\n|move|p2b: Iron Hands|Wild Charge|p1a: Amoonguss\n|-supereffective|p1a: Amoonguss\n|-damage|p1a: Amoonguss|3\/100\n|-enditem|p1a: Amoonguss|Aguav Berry|[eat]\n|-heal|p1a: Amoonguss|36\/100|[from] item: Aguav Berry\n|-damage|p2b: Iron Hands|29\/100|[from] Recoil\n|\n|-weather|Snow|[upkeep]\n|-heal|p2a: Heatran|96\/100|[from] item: Leftovers\n|upkeep\n|turn|5\n|inactive|porygon peo has 30 seconds left.\n|\n|t:|1700874623\n|-end|p2b: Iron Hands|Quark Drive|[silent]\n|switch|p2b: Ninetales|Ninetales-Alola, L50, F|57\/100\n|move|p1a: Amoonguss|Rage Powder|p1a: Amoonguss\n|-singleturn|p1a: Amoonguss|move: Rage Powder\n|move|p1b: Flutter Mane|Dazzling Gleam|p2a: Heatran|[spread] p2a,p2b\n|-resisted|p2a: Heatran\n|-damage|p2a: Heatran|86\/100\n|-damage|p2b: Ninetales|13\/100\n|move|p2a: Heatran|Magma Storm|p1a: Amoonguss\n|-resisted|p1a: Amoonguss\n|-damage|p1a: Amoonguss|13\/100\n|-activate|p1a: Amoonguss|move: Magma Storm|[of] p2a: Heatran\n|\n|-weather|none\n|-heal|p2a: Heatran|92\/100|[from] item: Leftovers\n|-damage|p1a: Amoonguss|0 fnt|[from] move: Magma Storm|[partiallytrapped]\n|faint|p1a: Amoonguss\n|upkeep\n|turn|6\n|\n|t:|1700874638\n|move|p2b: Ninetales|Protect|p2b: Ninetales\n|-singleturn|p2b: Ninetales|Protect\n|move|p2a: Heatran|Protect|p2a: Heatran\n|-singleturn|p2a: Heatran|Protect\n|move|p1b: Flutter Mane|Dazzling Gleam|p2a: Heatran|[spread] \n|-activate|p2a: Heatran|move: Protect\n|-activate|p2b: Ninetales|move: Protect\n|\n|-heal|p2a: Heatran|98\/100|[from] item: Leftovers\n|upkeep\n|turn|7\n|\n|t:|1700874648\n|move|p1b: Flutter Mane|Dazzling Gleam|p2b: Ninetales|[spread] p2a,p2b\n|-resisted|p2a: Heatran\n|-damage|p2a: Heatran|89\/100\n|-damage|p2b: Ninetales|0 fnt\n|faint|p2b: Ninetales\n|move|p2a: Heatran|Magma Storm|p1b: Flutter Mane\n|-damage|p1b: Flutter Mane|37\/100\n|-activate|p1b: Flutter Mane|move: Magma Storm|[of] p2a: Heatran\n|\n|-heal|p2a: Heatran|95\/100|[from] item: Leftovers\n|-damage|p1b: Flutter Mane|25\/100|[from] move: Magma Storm|[partiallytrapped]\n|upkeep\n|\n|t:|1700874659\n|switch|p2b: Iron Hands|Iron Hands, L50|29\/100\n|turn|8\n|\n|t:|1700874665\n|move|p1b: Flutter Mane|Dazzling Gleam|p2b: Iron Hands|[spread] p2a,p2b\n|-resisted|p2a: Heatran\n|-supereffective|p2b: Iron Hands\n|-damage|p2a: Heatran|86\/100\n|-damage|p2b: Iron Hands|0 fnt\n|faint|p2b: Iron Hands\n|-end|p2b: Iron Hands|Quark Drive|[silent]\n|move|p2a: Heatran|Earth Power|p1b: Flutter Mane\n|-damage|p1b: Flutter Mane|0 fnt\n|faint|p1b: Flutter Mane\n|-end|p1b: Flutter Mane|Protosynthesis|[silent]\n|\n|win|porygon peo\n|inactive|Eleisson4 has 50 seconds to confirm battle start!\n|inactive|porygon peo has 50 seconds to confirm battle start!\n|inactive|Eleisson4 has 40 seconds to confirm battle start!\n|inactive|porygon peo has 40 seconds to confirm battle start!\n|c|&|\/uhtml prompt-porygonpeo,porygon peo is ready for game 2!\n|inactive|Eleisson4 has 30 seconds to confirm battle start!\n|inactive|Eleisson4 has 20 seconds to confirm battle start!\n|c|&|\/uhtml prompt-eleisson4,Eleisson4 is ready for game 2!\nBoth players are ready! Starting next match!\n|l|\u2606porygon peo\n","uploadtime":1700876212,"views":2,"p1id":"eleisson4","p2id":"porygonpeo","formatid":"gen9vgc2023regulatione","rating":0,"private":0,"password":""}