{"id":"gen9vgc2023regulatione-1989135160","p1":"myovenisbroken","p2":"Harry_Styles2","format":"[Gen 9] VGC 2023 Regulation E","log":"|j|\u2606myovenisbroken\n|j|\u2606Harry_Styles2\n|t:|1699815994\n|gametype|doubles\n|player|p1|myovenisbroken|steven|1370\n|player|p2|Harry_Styles2|266|1493\n|teamsize|p1|6\n|teamsize|p2|6\n|gen|9\n|tier|[Gen 9] VGC 2023 Regulation E\n|rated|\n|rule|Species Clause: Limit one of each Pok\u00e9mon\n|rule|Item Clause: Limit one of each item\n|clearpoke\n|poke|p1|Armarouge, L50, M|\n|poke|p1|Indeedee-F, L50, F|\n|poke|p1|Ogerpon-Wellspring, L50, F|\n|poke|p1|Gholdengo, L50|\n|poke|p1|Iron Hands, L50|\n|poke|p1|Roaring Moon, L50|\n|poke|p2|Lycanroc, L50, F|\n|poke|p2|Tyranitar, L50, M|\n|poke|p2|Roaring Moon, L50|\n|poke|p2|Amoonguss, L50, F|\n|poke|p2|Gothitelle, L50, F|\n|poke|p2|Glaceon, L50, M|\n|teampreview|4\n|inactive|Battle timer is ON: inactive players will automatically lose when time's up. (requested by Harry_Styles2)\nmyovenisbroken has agreed to open team sheets.\n|inactive|myovenisbroken has 60 seconds left.\n|inactive|myovenisbroken has 30 seconds left.\n|inactive|myovenisbroken has 20 seconds left.\n|\n|t:|1699816068\n|start\n|switch|p1a: Roaring Moon|Roaring Moon, L50|100\/100\n|switch|p1b: Gholdengo|Gholdengo, L50|100\/100\n|switch|p2a: Tyranitar|Tyranitar, L50, M|100\/100\n|switch|p2b: Gothitelle|Gothitelle, L50, F|100\/100\n|-weather|Sandstorm|[from] ability: Sand Stream|[of] p2a: Tyranitar\n|-enditem|p1a: Roaring Moon|Booster Energy\n|-activate|p1a: Roaring Moon|ability: Protosynthesis|[fromitem]\n|-start|p1a: Roaring Moon|protosynthesisspe\n|turn|1\n|inactive|myovenisbroken has 30 seconds left.\n|\n|t:|1699816099\n|move|p1a: Roaring Moon|Protect|p1a: Roaring Moon\n|-singleturn|p1a: Roaring Moon|Protect\n|move|p1b: Gholdengo|Protect|p1b: Gholdengo\n|-singleturn|p1b: Gholdengo|Protect\n|move|p2b: Gothitelle|Fake Out|p1a: Roaring Moon\n|-activate|p1a: Roaring Moon|move: Protect\n|move|p2a: Tyranitar|Knock Off|p1b: Gholdengo\n|-activate|p1b: Gholdengo|move: Protect\n|\n|-weather|Sandstorm|[upkeep]\n|-damage|p1a: Roaring Moon|94\/100|[from] Sandstorm\n|-damage|p2b: Gothitelle|94\/100|[from] Sandstorm\n|upkeep\n|turn|2\n|inactive|myovenisbroken has 30 seconds left.\n|inactive|Harry_Styles2 has 30 seconds left.\n|inactive|myovenisbroken has 20 seconds left.\n|inactive|myovenisbroken has 15 seconds left.\n|\n|t:|1699816142\n|switch|p1b: Ogerpon|Ogerpon-Wellspring, L50, F|100\/100\n|move|p2b: Gothitelle|Protect|p2b: Gothitelle\n|-singleturn|p2b: Gothitelle|Protect\n|move|p1a: Roaring Moon|Breaking Swipe|p2a: Tyranitar|[spread] p2a\n|-activate|p2b: Gothitelle|move: Protect\n|-damage|p2a: Tyranitar|82\/100\n|-unboost|p2a: Tyranitar|atk|1\n|move|p2a: Tyranitar|Knock Off|p1b: Ogerpon\n|-damage|p1b: Ogerpon|76\/100\n|\n|-weather|Sandstorm|[upkeep]\n|-damage|p1a: Roaring Moon|88\/100|[from] Sandstorm\n|-damage|p1b: Ogerpon|70\/100|[from] Sandstorm\n|-damage|p2b: Gothitelle|88\/100|[from] Sandstorm\n|upkeep\n|turn|3\n|inactive|myovenisbroken has 30 seconds left.\n|inactive|myovenisbroken has 20 seconds left.\n|inactive|myovenisbroken has 15 seconds left.\n|\n|t:|1699816185\n|switch|p2a: Glaceon|Glaceon, L50, M|100\/100\n|-terastallize|p2b: Gothitelle|Water\n|move|p1a: Roaring Moon|Breaking Swipe|p2b: Gothitelle|[spread] p2a,p2b\n|-damage|p2a: Glaceon|86\/100\n|-damage|p2b: Gothitelle|69\/100\n|-unboost|p2a: Glaceon|atk|1\n|-unboost|p2b: Gothitelle|atk|1\n|move|p1b: Ogerpon|Horn Leech|p2a: Glaceon\n|-damage|p2a: Glaceon|46\/100\n|-heal|p1b: Ogerpon|89\/100|[from] drain|[of] p2a: Glaceon\n|move|p2b: Gothitelle|Taunt|p1b: Ogerpon\n|-start|p1b: Ogerpon|move: Taunt\n|\n|-weather|Sandstorm|[upkeep]\n|-damage|p1a: Roaring Moon|82\/100|[from] Sandstorm\n|-damage|p1b: Ogerpon|82\/100|[from] Sandstorm\n|-damage|p2b: Gothitelle|63\/100|[from] Sandstorm\n|-damage|p2a: Glaceon|40\/100|[from] Sandstorm\n|upkeep\n|turn|4\n|inactive|myovenisbroken has 30 seconds left.\n|inactive|Harry_Styles2 has 30 seconds left.\n|\n|t:|1699816219\n|move|p2b: Gothitelle|Protect|p2b: Gothitelle\n|-singleturn|p2b: Gothitelle|Protect\n|move|p1a: Roaring Moon|Knock Off|p2a: Glaceon\n|-damage|p2a: Glaceon|2\/100\n|-enditem|p2a: Glaceon|Wiki Berry|[from] move: Knock Off|[of] p1a: Roaring Moon\n|move|p1b: Ogerpon|Horn Leech|p2b: Gothitelle\n|-activate|p2b: Gothitelle|move: Protect\n|move|p2a: Glaceon|Freeze-Dry|p1b: Ogerpon\n|-supereffective|p1b: Ogerpon\n|-damage|p1b: Ogerpon|0 fnt\n|faint|p1b: Ogerpon\n|\n|-weather|Sandstorm|[upkeep]\n|-damage|p1a: Roaring Moon|75\/100|[from] Sandstorm\n|-damage|p2b: Gothitelle|57\/100|[from] Sandstorm\n|-damage|p2a: Glaceon|0 fnt|[from] Sandstorm\n|faint|p2a: Glaceon\n|upkeep\n|inactive|myovenisbroken has 30 seconds left.\n|\n|t:|1699816245\n|switch|p1b: Iron Hands|Iron Hands, L50|100\/100\n|switch|p2a: Roaring Moon|Roaring Moon, L50|100\/100\n|-enditem|p2a: Roaring Moon|Booster Energy\n|-activate|p2a: Roaring Moon|ability: Protosynthesis|[fromitem]\n|-start|p2a: Roaring Moon|protosynthesisspe\n|turn|5\n|\n|t:|1699816264\n|move|p2a: Roaring Moon|Protect|p2a: Roaring Moon\n|-singleturn|p2a: Roaring Moon|Protect\n|move|p1b: Iron Hands|Fake Out|p2a: Roaring Moon\n|-activate|p2a: Roaring Moon|move: Protect\n|move|p1a: Roaring Moon|Breaking Swipe|p2a: Roaring Moon|[spread] p2b\n|-activate|p2a: Roaring Moon|move: Protect\n|-damage|p2b: Gothitelle|38\/100\n|-unboost|p2b: Gothitelle|atk|1\n|-enditem|p2b: Gothitelle|Sitrus Berry|[eat]\n|-heal|p2b: Gothitelle|63\/100|[from] item: Sitrus Berry\n|move|p2b: Gothitelle|Taunt|p1a: Roaring Moon\n|-start|p1a: Roaring Moon|move: Taunt\n|\n|-weather|none\n|upkeep\n|turn|6\n|inactive|myovenisbroken has 30 seconds left.\n|inactive|Harry_Styles2 has 30 seconds left.\n|inactive|myovenisbroken has 20 seconds left.\n|\n|t:|1699816300\n|-terastallize|p1a: Roaring Moon|Poison\n|move|p2a: Roaring Moon|Acrobatics|p1a: Roaring Moon\n|-damage|p1a: Roaring Moon|41\/100\n|move|p1a: Roaring Moon|Breaking Swipe|p2a: Roaring Moon|[spread] p2a,p2b\n|-supereffective|p2a: Roaring Moon\n|-damage|p2a: Roaring Moon|47\/100\n|-damage|p2b: Gothitelle|42\/100\n|-unboost|p2a: Roaring Moon|atk|1\n|-unboost|p2b: Gothitelle|atk|1\n|move|p2b: Gothitelle|Psychic|p1b: Iron Hands\n|-supereffective|p1b: Iron Hands\n|-damage|p1b: Iron Hands|70\/100\n|move|p1b: Iron Hands|Wild Charge|p2b: Gothitelle\n|-supereffective|p2b: Gothitelle\n|-damage|p2b: Gothitelle|0 fnt\n|faint|p2b: Gothitelle\n|-damage|p1b: Iron Hands|62\/100|[from] Recoil\n|\n|upkeep\n|\n|t:|1699816313\n|switch|p2b: Tyranitar|Tyranitar, L50, M|82\/100\n|-weather|Sandstorm|[from] ability: Sand Stream|[of] p2b: Tyranitar\n|turn|7\n|\n|t:|1699816327\n|move|p2a: Roaring Moon|Tailwind|p2a: Roaring Moon\n|-sidestart|p2: Harry_Styles2|move: Tailwind\n|move|p1a: Roaring Moon|Breaking Swipe|p2a: Roaring Moon|[spread] p2a,p2b\n|-supereffective|p2a: Roaring Moon\n|-damage|p2a: Roaring Moon|0 fnt\n|-damage|p2b: Tyranitar|65\/100\n|-unboost|p2b: Tyranitar|atk|1\n|faint|p2a: Roaring Moon\n|-end|p2a: Roaring Moon|Protosynthesis|[silent]\n|move|p2b: Tyranitar|Rock Slide|p1b: Iron Hands|[spread] p1a,p1b\n|-resisted|p1b: Iron Hands\n|-damage|p1a: Roaring Moon|23\/100\n|-damage|p1b: Iron Hands|56\/100\n|cant|p1b: Iron Hands|flinch\n|\n|-weather|Sandstorm|[upkeep]\n|-damage|p1a: Roaring Moon|17\/100|[from] Sandstorm\n|-damage|p1b: Iron Hands|50\/100|[from] Sandstorm\n|upkeep\n|turn|8\n|-message|Harry_Styles2 forfeited.\n|\n|win|myovenisbroken\n|raw|myovenisbroken's rating: 1370 &rarr; <strong>1397<\/strong><br \/>(+27 for winning)\n|raw|Harry_Styles2's rating: 1493 &rarr; <strong>1466<\/strong><br \/>(-27 for losing)\n|l|\u2606Harry_Styles2\n","uploadtime":1699816363,"views":37,"p1id":"myovenisbroken","p2id":"harrystyles2","formatid":"gen9vgc2023regulatione","rating":1397,"private":0,"password":""}