{"id":"gen9vgc2023regulatione-1999980866","p1":"BolasTruther10076","p2":"kmilly132","format":"[Gen 9] VGC 2023 Regulation E","log":"|j|\u2606BolasTruther10076\n|j|\u2606kmilly132\n|t:|1701137263\n|gametype|doubles\n|player|p1|BolasTruther10076|brycenman|\n|player|p2|kmilly132|striker|\n|teamsize|p1|6\n|teamsize|p2|6\n|gen|9\n|tier|[Gen 9] VGC 2023 Regulation E\n|rated|Tournament battle\n|rule|Species Clause: Limit one of each Pok\u00e9mon\n|rule|Item Clause: Limit one of each item\n|clearpoke\n|poke|p1|Gholdengo, L50|\n|poke|p1|Rillaboom, L50, M|\n|poke|p1|Arcanine-Hisui, L50, M|\n|poke|p1|Flutter Mane, L50|\n|poke|p1|Iron Hands, L50|\n|poke|p1|Tornadus, L50, M|\n|poke|p2|Tornadus, L50, M|\n|poke|p2|Landorus, L50, M|\n|poke|p2|Ogerpon-Wellspring, L50, F|\n|poke|p2|Lycanroc, L50, F|\n|poke|p2|Tyranitar, L50, M|\n|poke|p2|Arcanine-Hisui, L50, M|\n|teampreview|4\nkmilly132 has agreed to open team sheets.\n|c|\u2606BolasTruther10076|oh wtf is this\n|c|\u2606kmilly132|the sauce\n|c|\u2606kmilly132|hopefully\n|\n|t:|1701137329\n|start\n|switch|p1a: Flutter Mane|Flutter Mane, L50|100\/100\n|switch|p1b: Iron Hands|Iron Hands, L50|100\/100\n|switch|p2a: Tornadus|Tornadus, L50, M|100\/100\n|switch|p2b: Arcanine|Arcanine-Hisui, L50, M|100\/100\n|-ability|p2b: Arcanine|Intimidate|boost\n|-unboost|p1a: Flutter Mane|atk|1\n|-unboost|p1b: Iron Hands|atk|1\n|-enditem|p1a: Flutter Mane|Booster Energy\n|-activate|p1a: Flutter Mane|ability: Protosynthesis|[fromitem]\n|-start|p1a: Flutter Mane|protosynthesisspa\n|turn|1\n|\n|t:|1701137354\n|move|p1b: Iron Hands|Fake Out|p2b: Arcanine\n|-resisted|p2b: Arcanine\n|-damage|p2b: Arcanine|94\/100\n|move|p2a: Tornadus|Tailwind|p2a: Tornadus\n|-sidestart|p2: kmilly132|move: Tailwind\n|cant|p2b: Arcanine|flinch\n|move|p1a: Flutter Mane|Icy Wind|p2b: Arcanine|[spread] p2a,p2b\n|-supereffective|p2a: Tornadus\n|-crit|p2a: Tornadus\n|-resisted|p2b: Arcanine\n|-crit|p2b: Arcanine\n|-damage|p2a: Tornadus|42\/100\n|-damage|p2b: Arcanine|78\/100\n|-unboost|p2a: Tornadus|spe|1\n|-unboost|p2b: Arcanine|spe|1\n|\n|upkeep\n|turn|2\n|j| Tagiruz\n|\n|t:|1701137392\n|switch|p2a: Landorus|Landorus, L50, M|100\/100\n|move|p2b: Arcanine|Flare Blitz|p1a: Flutter Mane\n|-damage|p1a: Flutter Mane|0 fnt\n|faint|p1a: Flutter Mane\n|-end|p1a: Flutter Mane|Protosynthesis|[silent]\n|-damage|p2b: Arcanine|51\/100|[from] Recoil\n|move|p1b: Iron Hands|Thunder Punch|p2a: Landorus\n|-immune|p2a: Landorus\n|\n|upkeep\n|c|\u2606BolasTruther10076|oof\n|\n|t:|1701137405\n|switch|p1a: Rillaboom|Rillaboom, L50, M|100\/100\n|-fieldstart|move: Grassy Terrain|[from] ability: Grassy Surge|[of] p1a: Rillaboom\n|turn|3\n|c| Tagiruz|thats crazy\n|\n|t:|1701137431\n|switch|p2b: Tornadus|Tornadus, L50, M|42\/100\n|move|p2a: Landorus|Protect|p2a: Landorus\n|-singleturn|p2a: Landorus|Protect\n|move|p1a: Rillaboom|Grassy Glide|p2b: Tornadus\n|-resisted|p2b: Tornadus\n|-damage|p2b: Tornadus|23\/100\n|-damage|p1a: Rillaboom|84\/100|[from] item: Rocky Helmet|[of] p2b: Tornadus\n|move|p1b: Iron Hands|Drain Punch|p2b: Tornadus\n|-resisted|p2b: Tornadus\n|-damage|p2b: Tornadus|11\/100\n|-damage|p1b: Iron Hands|84\/100|[from] item: Rocky Helmet|[of] p2b: Tornadus\n|\n|-heal|p1a: Rillaboom|90\/100|[from] Grassy Terrain\n|-heal|p1b: Iron Hands|90\/100|[from] Grassy Terrain\n|upkeep\n|turn|4\n|\n|t:|1701137475\n|move|p2b: Tornadus|Protect|p2b: Tornadus\n|-singleturn|p2b: Tornadus|Protect\n|move|p1a: Rillaboom|Grassy Glide|p2b: Tornadus\n|-activate|p2b: Tornadus|move: Protect\n|move|p2a: Landorus|Earth Power|p1b: Iron Hands\n|-supereffective|p1b: Iron Hands\n|-crit|p1b: Iron Hands\n|-damage|p1b: Iron Hands|0 fnt\n|faint|p1b: Iron Hands\n|-end|p1b: Iron Hands|Quark Drive|[silent]\n|\n|-heal|p1a: Rillaboom|96\/100|[from] Grassy Terrain\n|-sideend|p2: kmilly132|move: Tailwind\n|upkeep\n|\n|t:|1701137486\n|switch|p1b: Gholdengo|Gholdengo, L50|100\/100\n|turn|5\n|\n|t:|1701137503\n|-terastallize|p1b: Gholdengo|Ghost\n|move|p2b: Tornadus|Tailwind|p2b: Tornadus\n|-sidestart|p2: kmilly132|move: Tailwind\n|move|p1a: Rillaboom|Grassy Glide|p2b: Tornadus\n|-resisted|p2b: Tornadus\n|-damage|p2b: Tornadus|0 fnt\n|-damage|p1a: Rillaboom|80\/100|[from] item: Rocky Helmet|[of] p2b: Tornadus\n|faint|p2b: Tornadus\n|move|p2a: Landorus|Substitute|p2a: Landorus\n|-start|p2a: Landorus|Substitute\n|-damage|p2a: Landorus|76\/100\n|move|p1b: Gholdengo|Shadow Ball|p2a: Landorus\n|-end|p2a: Landorus|Substitute\n|\n|-heal|p1a: Rillaboom|86\/100|[from] Grassy Terrain\n|upkeep\n|\n|t:|1701137517\n|switch|p2b: Tyranitar|Tyranitar, L50, M|100\/100\n|-weather|Sandstorm|[from] ability: Sand Stream|[of] p2b: Tyranitar\n|turn|6\n|j| PalafanVGC\n|\n|t:|1701137559\n|switch|p2b: Arcanine|Arcanine-Hisui, L50, M|51\/100\n|-ability|p2b: Arcanine|Intimidate|boost\n|-unboost|p1a: Rillaboom|atk|1\n|-unboost|p1b: Gholdengo|atk|1\n|move|p2a: Landorus|Sludge Bomb|p1a: Rillaboom\n|-supereffective|p1a: Rillaboom\n|-damage|p1a: Rillaboom|0 fnt\n|faint|p1a: Rillaboom\n|move|p1b: Gholdengo|Shadow Ball|p2a: Landorus\n|-damage|p2a: Landorus|0 fnt\n|faint|p2a: Landorus\n|\n|-weather|Sandstorm|[upkeep]\n|-damage|p1b: Gholdengo|94\/100|[from] Sandstorm\n|-heal|p2b: Arcanine|57\/100|[from] Grassy Terrain\n|-heal|p1b: Gholdengo|100\/100|[from] Grassy Terrain\n|upkeep\n|j| Moon Ghiesty\n|\n|t:|1701137573\n|switch|p2a: Tyranitar|Tyranitar, L50, M|100\/100\n|turn|7\n|c|\u2606BolasTruther10076|gg\n|\n|t:|1701137589\n|-terastallize|p2a: Tyranitar|Psychic\n|move|p2b: Arcanine|Flare Blitz|p1b: Gholdengo\n|-damage|p1b: Gholdengo|22\/100\n|-status|p1b: Gholdengo|brn\n|-damage|p2b: Arcanine|32\/100|[from] Recoil\n|move|p2a: Tyranitar|Knock Off|p1b: Gholdengo\n|-supereffective|p1b: Gholdengo\n|-damage|p1b: Gholdengo|0 fnt\n|-enditem|p1b: Gholdengo|Choice Specs|[from] move: Knock Off|[of] p2a: Tyranitar\n|faint|p1b: Gholdengo\n|\n|win|kmilly132\n|n|\u2606BolasTruther10076|bolastruther10076\n|n|\u2606kmilly132|kmilly132\n|n| Tagiruz|tagiruz\n|n| PalafanVGC|palafanvgc\n|n| Moon Ghiesty|moonghiesty\n|l| Moon Ghiesty\n|c|\u2606kmilly132|ggs\n|l|\u2606BolasTruther10076\n|c| Tagiruz|dang its bidone\n|l| PalafanVGC\n|l| Tagiruz\n","uploadtime":1701138472,"views":6,"p1id":"bolastruther10076","p2id":"kmilly132","formatid":"gen9vgc2023regulatione","rating":0,"private":0,"password":""}