{"id":"gen9vgc2023regulatione-1988847833","p1":"Tuan TNG00","p2":"CharlienoB","format":"[Gen 9] VGC 2023 Regulation E","log":"|j|\u2606Tuan TNG00\n|j|\u2606CharlienoB\n|t:|1699773071\n|gametype|doubles\n|player|p1|Tuan TNG00|cynthia|1065\n|player|p2|CharlienoB|266|1149\n|teamsize|p1|6\n|teamsize|p2|6\n|gen|9\n|tier|[Gen 9] VGC 2023 Regulation E\n|rated|\n|rule|Species Clause: Limit one of each Pok\u00e9mon\n|rule|Item Clause: Limit one of each item\n|clearpoke\n|poke|p1|Noivern, L50, F|\n|poke|p1|Regieleki, L50|\n|poke|p1|Azelf, L50|\n|poke|p1|Regidrago, L50|\n|poke|p1|Golem, L50, M|\n|poke|p1|Garganacl, L50, F|\n|poke|p2|Dondozo, L50, M|\n|poke|p2|Tatsugiri, L50, M|\n|poke|p2|Amoonguss, L50, M|\n|poke|p2|Arcanine, L50, M|\n|poke|p2|Flamigo, L50, F|\n|poke|p2|Glimmora, L50, F|\n|teampreview|4\n|\n|t:|1699773086\n|start\n|switch|p1a: Regieleki|Regieleki, L50|100\/100\n|switch|p1b: Azelf|Azelf, L50|100\/100\n|switch|p2a: Tatsugiri|Tatsugiri, L50, M|100\/100\n|switch|p2b: Amoonguss|Amoonguss, L50, M|100\/100\n|turn|1\n|\n|t:|1699773107\n|move|p1a: Regieleki|Electroweb|p2b: Amoonguss|[spread] p2a,p2b\n|-resisted|p2b: Amoonguss\n|-damage|p2a: Tatsugiri|67\/100\n|-damage|p2b: Amoonguss|90\/100\n|-unboost|p2a: Tatsugiri|spe|1\n|-unboost|p2b: Amoonguss|spe|1\n|move|p1b: Azelf|Calm Mind|p1b: Azelf\n|-boost|p1b: Azelf|spa|1\n|-boost|p1b: Azelf|spd|1\n|move|p2a: Tatsugiri|Draco Meteor|p1a: Regieleki\n|-enditem|p1a: Regieleki|Focus Sash\n|-damage|p1a: Regieleki|1\/100\n|-unboost|p2a: Tatsugiri|spa|2\n|move|p2b: Amoonguss|Toxic|p2a: Tatsugiri\n|-status|p2a: Tatsugiri|tox\n|\n|-damage|p2a: Tatsugiri|61\/100 tox|[from] psn\n|upkeep\n|turn|2\n|\n|t:|1699773132\n|switch|p2b: Dondozo|Dondozo, L50, M|100\/100\n|-activate|p2a: Tatsugiri|ability: Commander|[of] p2b: Dondozo\n|-boost|p2b: Dondozo|atk|2\n|-boost|p2b: Dondozo|spa|2\n|-boost|p2b: Dondozo|spe|2\n|-boost|p2b: Dondozo|def|2\n|-boost|p2b: Dondozo|spd|2\n|move|p1a: Regieleki|Volt Switch|p2a: Tatsugiri|[miss]\n|-miss|p1a: Regieleki|p2a: Tatsugiri\n|move|p1b: Azelf|Calm Mind|p1b: Azelf\n|-boost|p1b: Azelf|spa|1\n|-boost|p1b: Azelf|spd|1\n|\n|-damage|p2a: Tatsugiri|50\/100 tox|[from] psn\n|upkeep\n|turn|3\n|\n|t:|1699773155\n|-terastallize|p2b: Dondozo|Dragon\n|move|p1a: Regieleki|Volt Switch|p2b: Dondozo\n|-resisted|p2b: Dondozo\n|-damage|p2b: Dondozo|89\/100\n|\n|t:|1699773161\n|switch|p1a: Golem|Golem, L50, M|100\/100|[from] Volt Switch\n|move|p2b: Dondozo|Order Up|p1b: Azelf\n|-damage|p1b: Azelf|0 fnt\n|faint|p1b: Azelf\n|-boost|p2b: Dondozo|atk|1\n|\n|-damage|p2a: Tatsugiri|33\/100 tox|[from] psn\n|upkeep\n|\n|t:|1699773173\n|switch|p1b: Regieleki|Regieleki, L50|1\/100\n|turn|4\n|\n|t:|1699773183\n|move|p1b: Regieleki|Electroweb|p2b: Dondozo|[spread] p2b\n|-miss|p1b: Regieleki|p2a: Tatsugiri\n|-resisted|p2b: Dondozo\n|-damage|p2b: Dondozo|82\/100\n|-unboost|p2b: Dondozo|spe|1\n|move|p2b: Dondozo|Order Up|p1a: Golem\n|-ability|p1a: Golem|Sturdy\n|-damage|p1a: Golem|1\/100\n|-boost|p2b: Dondozo|atk|1\n|move|p1a: Golem|Iron Defense|p1a: Golem\n|-boost|p1a: Golem|def|2\n|\n|-damage|p2a: Tatsugiri|11\/100 tox|[from] psn\n|upkeep\n|turn|5\n|\n|t:|1699773203\n|move|p1b: Regieleki|Explosion|p2b: Dondozo|[spread] p1a,p2b\n|-miss|p1b: Regieleki|p2a: Tatsugiri\n|-resisted|p1a: Golem\n|-damage|p1a: Golem|0 fnt\n|-damage|p2b: Dondozo|66\/100\n|faint|p1b: Regieleki\n|faint|p1a: Golem\n|move|p2b: Dondozo|Order Up|p1: Golem|[notarget]\n|-fail|p2b: Dondozo\n|\n|-damage|p2a: Tatsugiri|0 fnt|[from] psn\n|faint|p2a: Tatsugiri\n|upkeep\n|\n|t:|1699773215\n|switch|p2a: Flamigo|Flamigo, L50, F|100\/100\n|switch|p1a: Noivern|Noivern, L50, F|100\/100\n|-copyboost|p2a: Flamigo|p2b: Dondozo|[from] ability: Costar\n|turn|6\n|\n|t:|1699773225\n|-terastallize|p1a: Noivern|Normal\n|move|p2a: Flamigo|Brave Bird|p1a: Noivern\n|-damage|p1a: Noivern|0 fnt\n|faint|p1a: Noivern\n|-damage|p2a: Flamigo|67\/100|[from] Recoil\n|\n|win|CharlienoB\n|raw|Tuan TNG00's rating: 1065 &rarr; <strong>1050<\/strong><br \/>(-15 for losing)\n|raw|CharlienoB's rating: 1149 &rarr; <strong>1168<\/strong><br \/>(+19 for winning)\n|l|\u2606Tuan TNG00\n","uploadtime":1699773237,"views":23,"p1id":"tuantng00","p2id":"charlienob","formatid":"gen9vgc2023regulatione","rating":1050,"private":0,"password":""}