{"id":"gen9vgc2023regulatione-1988194572","p1":"Magician of mirror","p2":"ScarletMocha","format":"[Gen 9] VGC 2023 Regulation E","log":"|j|\u2606Magician of mirror\n|j|\u2606ScarletMocha\n|t:|1699682961\n|gametype|doubles\n|player|p1|Magician of mirror|fisherman-gen4|1163\n|player|p2|ScarletMocha|dawn|1123\n|teamsize|p1|6\n|teamsize|p2|6\n|gen|9\n|tier|[Gen 9] VGC 2023 Regulation E\n|rated|\n|rule|Species Clause: Limit one of each Pok\u00e9mon\n|rule|Item Clause: Limit one of each item\n|clearpoke\n|poke|p1|Oranguru, L50, F|\n|poke|p1|Ursaluna-Bloodmoon, L50, M|\n|poke|p1|Chi-Yu, L50|\n|poke|p1|Flutter Mane, L50|\n|poke|p1|Urshifu-*, L50, F|\n|poke|p1|Rillaboom, L50, F|\n|poke|p2|Ursaluna-Bloodmoon, L50, M|\n|poke|p2|Fezandipiti, L50, M|\n|poke|p2|Articuno-Galar, L50|\n|poke|p2|Basculegion, L50, M|\n|poke|p2|Pelipper, L50, F|\n|poke|p2|Ogerpon-Hearthflame, L50, F|\n|teampreview|4\n|inactive|Battle timer is ON: inactive players will automatically lose when time's up. (requested by ScarletMocha)\n|inactive|Magician of mirror also wants the timer to be on.\nScarletMocha has agreed to open team sheets.\n|inactive|Magician of mirror has 60 seconds left.\n|inactive|ScarletMocha has 60 seconds left.\n|\n|t:|1699683011\n|start\n|switch|p1a: Oranguru|Oranguru, L50, F|100\/100\n|switch|p1b: Chi-Yu|Chi-Yu, L50|100\/100\n|switch|p2a: Fezandipiti|Fezandipiti, L50, M|100\/100\n|switch|p2b: Ursaluna|Ursaluna-Bloodmoon, L50, M|100\/100\n|-ability|p1b: Chi-Yu|Beads of Ruin\n|turn|1\n|\n|t:|1699683023\n|move|p1b: Chi-Yu|Snarl|p2a: Fezandipiti|[spread] p2a,p2b\n|-resisted|p2a: Fezandipiti\n|-damage|p2a: Fezandipiti|90\/100\n|-damage|p2b: Ursaluna|64\/100\n|-unboost|p2a: Fezandipiti|spa|1\n|-unboost|p2b: Ursaluna|spa|1\n|move|p2a: Fezandipiti|Taunt|p1a: Oranguru\n|-start|p1a: Oranguru|move: Taunt\n|-enditem|p1a: Oranguru|Mental Herb\n|-end|p1a: Oranguru|move: Taunt\n|move|p2b: Ursaluna|Earth Power|p1b: Chi-Yu\n|-supereffective|p1b: Chi-Yu\n|-crit|p1b: Chi-Yu\n|-damage|p1b: Chi-Yu|0 fnt\n|faint|p1b: Chi-Yu\n|move|p1a: Oranguru|Instruct|p1: Chi-Yu|[notarget]\n|-fail|p1a: Oranguru\n|\n|upkeep\n|\n|t:|1699683037\n|switch|p1b: Ursaluna|Ursaluna-Bloodmoon, L50, M|100\/100\n|turn|2\n|\n|t:|1699683050\n|switch|p1a: Rillaboom|Rillaboom, L50, F|100\/100\n|-fieldstart|move: Grassy Terrain|[from] ability: Grassy Surge|[of] p1a: Rillaboom\n|move|p2a: Fezandipiti|Taunt|p1a: Rillaboom\n|-start|p1a: Rillaboom|move: Taunt\n|move|p2b: Ursaluna|Calm Mind|p2b: Ursaluna\n|-boost|p2b: Ursaluna|spa|1\n|-boost|p2b: Ursaluna|spd|1\n|move|p1b: Ursaluna|Earth Power|p2a: Fezandipiti\n|-supereffective|p2a: Fezandipiti\n|-damage|p2a: Fezandipiti|9\/100\n|-enditem|p2a: Fezandipiti|Sitrus Berry|[eat]\n|-heal|p2a: Fezandipiti|33\/100|[from] item: Sitrus Berry\n|\n|-heal|p2a: Fezandipiti|39\/100|[from] Grassy Terrain\n|-heal|p2b: Ursaluna|70\/100|[from] Grassy Terrain\n|upkeep\n|turn|3\n|\n|t:|1699683069\n|move|p2b: Ursaluna|Protect|p2b: Ursaluna\n|-singleturn|p2b: Ursaluna|Protect\n|move|p1a: Rillaboom|Fake Out|p2b: Ursaluna\n|-activate|p2b: Ursaluna|move: Protect\n|move|p2a: Fezandipiti|Tailwind|p2a: Fezandipiti\n|-sidestart|p2: ScarletMocha|move: Tailwind\n|move|p1b: Ursaluna|Hyper Voice|p2b: Ursaluna|[spread] p2a\n|-activate|p2b: Ursaluna|move: Protect\n|-damage|p2a: Fezandipiti|13\/100\n|-enditem|p1b: Ursaluna|Throat Spray\n|-boost|p1b: Ursaluna|spa|1|[from] item: Throat Spray\n|\n|-heal|p2a: Fezandipiti|19\/100|[from] Grassy Terrain\n|-heal|p2b: Ursaluna|75\/100|[from] Grassy Terrain\n|upkeep\n|turn|4\n|\n|t:|1699683091\n|move|p1a: Rillaboom|Grassy Glide|p2b: Ursaluna\n|-supereffective|p2b: Ursaluna\n|-damage|p2b: Ursaluna|17\/100\n|move|p2a: Fezandipiti|Icy Wind|p1b: Ursaluna|[spread] p1a,p1b\n|-supereffective|p1a: Rillaboom\n|-supereffective|p1b: Ursaluna\n|-damage|p1a: Rillaboom|90\/100\n|-damage|p1b: Ursaluna|87\/100\n|-unboost|p1a: Rillaboom|spe|1\n|-unboost|p1b: Ursaluna|spe|1\n|move|p2b: Ursaluna|Blood Moon|p1a: Rillaboom\n|-damage|p1a: Rillaboom|40\/100\n|move|p1b: Ursaluna|Hyper Voice|p2a: Fezandipiti|[spread] p2a,p2b\n|-damage|p2a: Fezandipiti|0 fnt\n|-damage|p2b: Ursaluna|0 fnt\n|faint|p2a: Fezandipiti\n|faint|p2b: Ursaluna\n|\n|-heal|p1a: Rillaboom|46\/100|[from] Grassy Terrain\n|-heal|p1b: Ursaluna|93\/100|[from] Grassy Terrain\n|-end|p1a: Rillaboom|move: Taunt\n|upkeep\n|\n|t:|1699683111\n|switch|p2a: Articuno|Articuno-Galar, L50, shiny|100\/100\n|switch|p2b: Ogerpon|Ogerpon-Hearthflame, L50, F|100\/100\n|-ability|p2b: Ogerpon|Mold Breaker\n|turn|5\n|\n|t:|1699683128\n|switch|p1a: Oranguru|Oranguru, L50, F|100\/100\n|-terastallize|p2b: Ogerpon|Fire\n|detailschange|p2b: Ogerpon|Ogerpon-Hearthflame-Tera, L50, F, tera:Fire\n|-ability|p2b: Ogerpon|Embody Aspect (Hearthflame)|boost\n|-boost|p2b: Ogerpon|atk|1\n|-terastallize|p1b: Ursaluna|Ghost\n|move|p2b: Ogerpon|Ivy Cudgel|p1a: Oranguru\n|-damage|p1a: Oranguru|10\/100\n|move|p2a: Articuno|Freezing Glare|p1b: Ursaluna\n|-damage|p1b: Ursaluna|50\/100\n|move|p1b: Ursaluna|Blood Moon|p2b: Ogerpon\n|-damage|p2b: Ogerpon|0 fnt\n|faint|p2b: Ogerpon\n|\n|-heal|p1a: Oranguru|16\/100|[from] Grassy Terrain\n|-heal|p1b: Ursaluna|56\/100|[from] Grassy Terrain\n|upkeep\n|turn|6\n|\n|t:|1699683149\n|move|p2a: Articuno|Freezing Glare|p1a: Oranguru\n|-resisted|p1a: Oranguru\n|-damage|p1a: Oranguru|0 fnt\n|faint|p1a: Oranguru\n|move|p1b: Ursaluna|Hyper Voice|p2a: Articuno\n|-damage|p2a: Articuno|29\/100\n|\n|-heal|p2a: Articuno|35\/100|[from] item: Leftovers\n|-heal|p1b: Ursaluna|62\/100|[from] Grassy Terrain\n|-sideend|p2: ScarletMocha|move: Tailwind\n|-fieldend|move: Grassy Terrain\n|upkeep\n|\n|t:|1699683152\n|switch|p1a: Rillaboom|Rillaboom, L50, F|46\/100\n|-fieldstart|move: Grassy Terrain|[from] ability: Grassy Surge|[of] p1a: Rillaboom\n|turn|7\n|\n|t:|1699683160\n|move|p1a: Rillaboom|Fake Out|p2a: Articuno\n|-damage|p2a: Articuno|22\/100\n|cant|p2a: Articuno|flinch\n|move|p1b: Ursaluna|Blood Moon|p2a: Articuno\n|-damage|p2a: Articuno|0 fnt\n|faint|p2a: Articuno\n|\n|win|Magician of mirror\n|raw|Magician of mirror's rating: 1163 &rarr; <strong>1185<\/strong><br \/>(+22 for winning)\n|raw|ScarletMocha's rating: 1123 &rarr; <strong>1101<\/strong><br \/>(-22 for losing)\n|c|\u2606Magician of mirror|Pippa\n|c|\u2606ScarletMocha|gg\n|l|\u2606Magician of mirror\n","uploadtime":1699683170,"views":45,"p1id":"magicianofmirror","p2id":"scarletmocha","formatid":"gen9vgc2023regulatione","rating":1101,"private":0,"password":""}