{"id":"gen9vgc2023regulatione-1991871349","p1":"keltxu","p2":"humanbacon","format":"[Gen 9] VGC 2023 Regulation E","log":"|j|\u2606keltxu\n|j|\u2606humanbacon\n|t:|1700131502\n|gametype|doubles\n|player|p1|keltxu|170|1310\n|player|p2|humanbacon|benga|1235\n|teamsize|p1|6\n|teamsize|p2|6\n|gen|9\n|tier|[Gen 9] VGC 2023 Regulation E\n|rated|\n|rule|Species Clause: Limit one of each Pok\u00e9mon\n|rule|Item Clause: Limit one of each item\n|clearpoke\n|poke|p1|Shiftry, L50, M|\n|poke|p1|Ogerpon-Cornerstone, L50, F|\n|poke|p1|Okidogi, L50, M|\n|poke|p1|Tornadus, L50, M|\n|poke|p1|Urshifu-*, L50, M|\n|poke|p1|Ninetales-Alola, L50, F|\n|poke|p2|Clodsire, L50, M|\n|poke|p2|Chien-Pao, L50|\n|poke|p2|Shiftry, L50, F|\n|poke|p2|Flutter Mane, L50|\n|poke|p2|Empoleon, L50, M|\n|poke|p2|Arcanine, L50, M|\n|teampreview|4\n|inactive|Battle timer is ON: inactive players will automatically lose when time's up. (requested by keltxu)\nhumanbacon has agreed to open team sheets.\n|inactive|keltxu has 60 seconds left.\n|\n|t:|1700131539\n|start\n|switch|p1a: Urshifu|Urshifu-Rapid-Strike, L50, M|100\/100\n|switch|p1b: Okidogi|Okidogi, L50, M|100\/100\n|switch|p2a: Chien-Pao|Chien-Pao, L50|100\/100\n|switch|p2b: Arcanine|Arcanine, L50, M|100\/100\n|-ability|p2a: Chien-Pao|Sword of Ruin\n|-ability|p2b: Arcanine|Intimidate|boost\n|-unboost|p1a: Urshifu|atk|1\n|-ability|p1b: Okidogi|Guard Dog|boost\n|-boost|p1b: Okidogi|atk|1\n|turn|1\n|inactive|keltxu has 30 seconds left.\n|\n|t:|1700131568\n|switch|p2a: Clodsire|Clodsire, L50, M|100\/100\n|-terastallize|p2b: Arcanine|Water\n|move|p1b: Okidogi|Protect|p1b: Okidogi\n|-singleturn|p1b: Okidogi|Protect\n|move|p1a: Urshifu|U-turn|p2a: Clodsire\n|-resisted|p2a: Clodsire\n|-damage|p2a: Clodsire|92\/100\n|\n|t:|1700131577\n|switch|p1a: Tornadus|Tornadus, L50, M|100\/100|[from] U-turn\n|move|p2b: Arcanine|Will-O-Wisp|p1a: Tornadus\n|-status|p1a: Tornadus|brn\n|\n|-heal|p2a: Clodsire|99\/100|[from] item: Leftovers\n|-damage|p1a: Tornadus|95\/100 brn|[from] brn\n|upkeep\n|turn|2\n|\n|t:|1700131599\n|-terastallize|p1b: Okidogi|Dragon\n|move|p1a: Tornadus|Taunt|p2b: Arcanine\n|-start|p2b: Arcanine|move: Taunt\n|cant|p2b: Arcanine|move: Taunt|Will-O-Wisp\n|move|p1b: Okidogi|Bulk Up|p1b: Okidogi\n|-boost|p1b: Okidogi|atk|1\n|-boost|p1b: Okidogi|def|1\n|move|p2a: Clodsire|Curse|p2a: Clodsire\n|-unboost|p2a: Clodsire|spe|1\n|-boost|p2a: Clodsire|atk|1\n|-boost|p2a: Clodsire|def|1\n|\n|-heal|p2a: Clodsire|100\/100|[from] item: Leftovers\n|-damage|p1a: Tornadus|89\/100 brn|[from] brn\n|upkeep\n|turn|3\n|inactive|keltxu has 30 seconds left.\n|\n|t:|1700131630\n|move|p1a: Tornadus|Taunt|p2a: Clodsire\n|-start|p2a: Clodsire|move: Taunt\n|move|p2b: Arcanine|Flamethrower|p1a: Tornadus\n|-damage|p1a: Tornadus|51\/100 brn\n|move|p1b: Okidogi|Drain Punch|p2b: Arcanine\n|-damage|p2b: Arcanine|33\/100\n|move|p2a: Clodsire|Poison Jab|p1a: Tornadus\n|-damage|p1a: Tornadus|10\/100 brn\n|\n|-damage|p1a: Tornadus|4\/100 brn|[from] brn\n|upkeep\n|turn|4\n|inactive|humanbacon has 30 seconds left.\n|\n|t:|1700131657\n|move|p1a: Tornadus|Tailwind|p1a: Tornadus\n|-sidestart|p1: keltxu|move: Tailwind\n|move|p1b: Okidogi|Bulk Up|p1b: Okidogi\n|-boost|p1b: Okidogi|atk|1\n|-boost|p1b: Okidogi|def|1\n|move|p2b: Arcanine|Flamethrower|p1b: Okidogi\n|-resisted|p1b: Okidogi\n|-damage|p1b: Okidogi|86\/100\n|move|p2a: Clodsire|Poison Jab|p1b: Okidogi\n|-damage|p1b: Okidogi|69\/100\n|-status|p1b: Okidogi|psn\n|\n|-heal|p1b: Okidogi|75\/100 psn|[from] item: Leftovers\n|-damage|p1b: Okidogi|63\/100 psn|[from] psn\n|-damage|p1a: Tornadus|0 fnt|[from] brn\n|faint|p1a: Tornadus\n|-end|p2b: Arcanine|move: Taunt\n|upkeep\n|\n|t:|1700131674\n|switch|p1a: Shiftry|Shiftry, L50, M|100\/100\n|-ability|p1a: Shiftry|Wind Rider|boost\n|-boost|p1a: Shiftry|atk|1\n|turn|5\n|\n|t:|1700131689\n|move|p2b: Arcanine|Protect|p2b: Arcanine\n|-singleturn|p2b: Arcanine|Protect\n|move|p1a: Shiftry|Knock Off|p2a: Clodsire\n|-damage|p2a: Clodsire|60\/100\n|-enditem|p2a: Clodsire|Leftovers|[from] move: Knock Off|[of] p1a: Shiftry\n|move|p1b: Okidogi|Drain Punch|p2b: Arcanine\n|-activate|p2b: Arcanine|move: Protect\n|move|p2a: Clodsire|Poison Jab|p1a: Shiftry\n|-supereffective|p1a: Shiftry\n|-enditem|p1a: Shiftry|Focus Sash\n|-damage|p1a: Shiftry|1\/100\n|\n|-heal|p1b: Okidogi|69\/100 psn|[from] item: Leftovers\n|-damage|p1b: Okidogi|57\/100 psn|[from] psn\n|-end|p2a: Clodsire|move: Taunt\n|upkeep\n|turn|6\n|inactive|humanbacon has 30 seconds left.\n|\n|t:|1700131719\n|move|p1a: Shiftry|Leaf Blade|p2a: Clodsire\n|-damage|p2a: Clodsire|23\/100\n|move|p1b: Okidogi|Drain Punch|p2b: Arcanine\n|-damage|p2b: Arcanine|0 fnt\n|-heal|p1b: Okidogi|73\/100 psn|[from] drain|[of] p2b: Arcanine\n|faint|p2b: Arcanine\n|move|p2a: Clodsire|Curse|p2a: Clodsire\n|-unboost|p2a: Clodsire|spe|1\n|-boost|p2a: Clodsire|atk|1\n|-boost|p2a: Clodsire|def|1\n|\n|-heal|p1b: Okidogi|79\/100 psn|[from] item: Leftovers\n|-damage|p1b: Okidogi|67\/100 psn|[from] psn\n|upkeep\n|\n|t:|1700131735\n|switch|p2b: Empoleon|Empoleon, L50, M|100\/100\n|turn|7\n|\n|t:|1700131748\n|move|p2a: Clodsire|Protect|p2a: Clodsire\n|-singleturn|p2a: Clodsire|Protect\n|move|p2b: Empoleon|Vacuum Wave|p1a: Shiftry\n|-supereffective|p1a: Shiftry\n|-damage|p1a: Shiftry|0 fnt\n|faint|p1a: Shiftry\n|move|p1b: Okidogi|Drain Punch|p2b: Empoleon\n|-supereffective|p2b: Empoleon\n|-damage|p2b: Empoleon|0 fnt\n|-heal|p1b: Okidogi|100\/100 psn|[from] drain|[of] p2b: Empoleon\n|faint|p2b: Empoleon\n|\n|-damage|p1b: Okidogi|88\/100 psn|[from] psn\n|-sideend|p1: keltxu|move: Tailwind\n|upkeep\n|\n|t:|1700131763\n|switch|p1a: Urshifu|Urshifu-Rapid-Strike, L50, M|100\/100\n|switch|p2b: Chien-Pao|Chien-Pao, L50|100\/100\n|-ability|p2b: Chien-Pao|Sword of Ruin\n|turn|8\n|inactive|humanbacon has 30 seconds left.\n|\n|t:|1700131791\n|move|p1b: Okidogi|Protect|p1b: Okidogi\n|-singleturn|p1b: Okidogi|Protect\n|move|p1a: Urshifu|Surging Strikes|p2a: Clodsire\n|-heal|p2a: Clodsire|48\/100|[from] ability: Water Absorb|[of] p1a: Urshifu\n|move|p2b: Chien-Pao|Ice Spinner|p1b: Okidogi\n|-activate|p1b: Okidogi|move: Protect\n|move|p2a: Clodsire|Poison Jab|p1a: Urshifu\n|-damage|p1a: Urshifu|27\/100\n|-status|p1a: Urshifu|psn\n|\n|-heal|p1b: Okidogi|94\/100 psn|[from] item: Leftovers\n|-damage|p1a: Urshifu|14\/100 psn|[from] psn\n|-damage|p1b: Okidogi|82\/100 psn|[from] psn\n|upkeep\n|turn|9\n|\n|t:|1700131811\n|move|p2b: Chien-Pao|Sucker Punch|p1a: Urshifu\n|-resisted|p1a: Urshifu\n|-damage|p1a: Urshifu|0 fnt\n|faint|p1a: Urshifu\n|move|p1b: Okidogi|Drain Punch|p2b: Chien-Pao\n|-supereffective|p2b: Chien-Pao\n|-enditem|p2b: Chien-Pao|Focus Sash\n|-damage|p2b: Chien-Pao|1\/100\n|-heal|p1b: Okidogi|100\/100 psn|[from] drain|[of] p2b: Chien-Pao\n|move|p2a: Clodsire|Curse|p2a: Clodsire\n|-unboost|p2a: Clodsire|spe|1\n|-boost|p2a: Clodsire|atk|1\n|-boost|p2a: Clodsire|def|1\n|\n|-damage|p1b: Okidogi|88\/100 psn|[from] psn\n|upkeep\n|turn|10\n|\n|t:|1700131830\n|move|p2b: Chien-Pao|Protect|p2b: Chien-Pao\n|-singleturn|p2b: Chien-Pao|Protect\n|move|p2a: Clodsire|Protect|p2a: Clodsire\n|-singleturn|p2a: Clodsire|Protect\n|move|p1b: Okidogi|Drain Punch|p2b: Chien-Pao\n|-activate|p2b: Chien-Pao|move: Protect\n|\n|-heal|p1b: Okidogi|94\/100 psn|[from] item: Leftovers\n|-damage|p1b: Okidogi|82\/100 psn|[from] psn\n|upkeep\n|turn|11\n|\n|t:|1700131844\n|move|p2b: Chien-Pao|Ice Spinner|p1b: Okidogi\n|-supereffective|p1b: Okidogi\n|-damage|p1b: Okidogi|34\/100 psn\n|move|p1b: Okidogi|Drain Punch|p2b: Chien-Pao\n|-supereffective|p2b: Chien-Pao\n|-damage|p2b: Chien-Pao|0 fnt\n|-heal|p1b: Okidogi|34\/100 psn|[from] drain|[of] p2b: Chien-Pao\n|faint|p2b: Chien-Pao\n|move|p2a: Clodsire|Poison Jab|p1b: Okidogi\n|-damage|p1b: Okidogi|8\/100 psn\n|\n|-heal|p1b: Okidogi|14\/100 psn|[from] item: Leftovers\n|-damage|p1b: Okidogi|2\/100 psn|[from] psn\n|upkeep\n|turn|12\n|c|\u2606humanbacon|gg\n|\n|t:|1700131862\n|move|p2a: Clodsire|Protect|p2a: Clodsire\n|-singleturn|p2a: Clodsire|Protect\n|move|p1b: Okidogi|Drain Punch|p2a: Clodsire\n|-activate|p2a: Clodsire|move: Protect\n|\n|-heal|p1b: Okidogi|8\/100 psn|[from] item: Leftovers\n|-damage|p1b: Okidogi|0 fnt|[from] psn\n|faint|p1b: Okidogi\n|\n|win|humanbacon\n|upkeep\n|raw|keltxu's rating: 1310 &rarr; <strong>1286<\/strong><br \/>(-24 for losing)\n|raw|humanbacon's rating: 1235 &rarr; <strong>1265<\/strong><br \/>(+30 for winning)\n|c|\u2606keltxu|gg\n|l|\u2606keltxu\n","uploadtime":1700131880,"views":33,"p1id":"keltxu","p2id":"humanbacon","formatid":"gen9vgc2023regulatione","rating":1265,"private":0,"password":""}