{"id":"gen9vgc2023regulatione-1996565554","p1":"MysticEm","p2":"Ants at a picnic","format":"[Gen 9] VGC 2023 Regulation E","log":"|j|\u2606MysticEm\n|j|\u2606Ants at a picnic\n|n|\u2606MysticEm|mysticem\n|n|\u2606Ants at a picnic|antsatapicnic\n|html|View the match progress at <a href=\"\/game-bestof3-gen9vgc2023regulatione-1996562218\">game-bestof3-gen9vgc2023regulatione-1996562218<\/a>\n|t:|1700694963\n|gametype|doubles\n|player|p1|MysticEm|102|\n|player|p2|Ants at a picnic|266|\n|teamsize|p1|6\n|teamsize|p2|6\n|gen|9\n|tier|[Gen 9] VGC 2023 Regulation E\n|rule|Species Clause: Limit one of each Pok\u00e9mon\n|rule|Item Clause: Limit one of each item\n|clearpoke\n|poke|p1|Regieleki, L50|\n|poke|p1|Gastrodon-East, L50, F|\n|poke|p1|Annihilape, L50, F|\n|poke|p1|Haunter, L50, M|\n|poke|p1|Weavile, L50, M|\n|poke|p1|Articuno-Galar, L50|\n|poke|p2|Dragapult, L50, F|\n|poke|p2|Chi-Yu, L50|\n|poke|p2|Bisharp, L50, M|\n|poke|p2|Clefable, L50, M|\n|poke|p2|Leafeon, L50, F|\n|poke|p2|Gliscor, L50, F|\n|teampreview|4\nAnts at a picnic rejected open team sheets.\n|\n|t:|1700695000\n|start\n|switch|p1a: Haunter|Haunter, L50, M|100\/100\n|switch|p1b: Weavile|Weavile, L50, M|100\/100\n|switch|p2a: Dragapult|Dragapult, L50, F|100\/100\n|switch|p2b: Leafeon|Leafeon, L50, F|100\/100\n|-ability|p1b: Weavile|Pressure\n|turn|1\n|inactive|Battle timer is ON: inactive players will automatically lose when time's up. (requested by MysticEm)\n|\n|t:|1700695042\n|-terastallize|p2a: Dragapult|Fire\n|move|p1b: Weavile|Knock Off|p2a: Dragapult\n|-damage|p2a: Dragapult|44\/100\n|-enditem|p2a: Dragapult|Kasib Berry|[from] move: Knock Off|[of] p1b: Weavile\n|move|p2a: Dragapult|Flamethrower|p1b: Weavile\n|-supereffective|p1b: Weavile\n|-damage|p1b: Weavile|0 fnt\n|faint|p1b: Weavile\n|move|p1a: Haunter|Toxic|p2a: Dragapult\n|-status|p2a: Dragapult|tox\n|move|p2b: Leafeon|Sunny Day|p2b: Leafeon\n|-weather|SunnyDay\n|\n|-weather|SunnyDay|[upkeep]\n|-damage|p2a: Dragapult|38\/100 tox|[from] psn\n|upkeep\n|\n|t:|1700695062\n|switch|p1b: Articuno|Articuno-Galar, L50, shiny|100\/100\n|turn|2\n|inactive|Ants at a picnic has 30 seconds left.\n|\n|t:|1700695095\n|move|p2b: Leafeon|Protect|p2b: Leafeon\n|-singleturn|p2b: Leafeon|Protect\n|move|p2a: Dragapult|Shadow Ball|p1b: Articuno\n|-supereffective|p1b: Articuno\n|-damage|p1b: Articuno|28\/100\n|-unboost|p1b: Articuno|spd|1\n|-ability|p1b: Articuno|Competitive|boost\n|-boost|p1b: Articuno|spa|2\n|move|p1a: Haunter|Toxic|p2b: Leafeon\n|-activate|p2b: Leafeon|move: Protect\n|move|p1b: Articuno|Hurricane|p2a: Dragapult|[miss]\n|-miss|p1b: Articuno|p2a: Dragapult\n|\n|-weather|SunnyDay|[upkeep]\n|-damage|p2a: Dragapult|25\/100 tox|[from] psn\n|upkeep\n|turn|3\n|inactive|MysticEm has 30 seconds left.\n|inactive|Ants at a picnic has 30 seconds left.\n|inactive|MysticEm has 20 seconds left.\n|inactive|Ants at a picnic has 20 seconds left.\n|\n|t:|1700695134\n|move|p2b: Leafeon|Knock Off|p1a: Haunter\n|-supereffective|p1a: Haunter\n|-damage|p1a: Haunter|0 fnt\n|-enditem|p1a: Haunter|Aguav Berry|[from] move: Knock Off|[of] p2b: Leafeon\n|faint|p1a: Haunter\n|move|p2a: Dragapult|Shadow Ball|p1b: Articuno\n|-supereffective|p1b: Articuno\n|-damage|p1b: Articuno|0 fnt\n|faint|p1b: Articuno\n|\n|-weather|SunnyDay|[upkeep]\n|-damage|p2a: Dragapult|7\/100 tox|[from] psn\n|upkeep\n|j| Raikia\n|\n|t:|1700695150\n|switch|p1a: Regieleki|Regieleki, L50, shiny|100\/100\n|turn|4\n|\n|t:|1700695165\n|move|p1a: Regieleki|Electroweb|p2a: Dragapult|[spread] p2a,p2b\n|-resisted|p2b: Leafeon\n|-damage|p2a: Dragapult|0 fnt\n|-damage|p2b: Leafeon|82\/100\n|-unboost|p2b: Leafeon|spe|1\n|faint|p2a: Dragapult\n|move|p2b: Leafeon|Knock Off|p1a: Regieleki\n|-damage|p1a: Regieleki|39\/100\n|-enditem|p1a: Regieleki|Focus Sash|[from] move: Knock Off|[of] p2b: Leafeon\n|\n|-weather|SunnyDay|[upkeep]\n|upkeep\n|j| JabsGR\n|\n|t:|1700695179\n|switch|p2a: Chi-Yu|Chi-Yu, L50|100\/100\n|-ability|p2a: Chi-Yu|Beads of Ruin\n|turn|5\n|\n|t:|1700695187\n|-terastallize|p1a: Regieleki|Rock\n|move|p1a: Regieleki|Tera Blast|p2a: Chi-Yu|[anim] Tera Blast Rock\n|-supereffective|p2a: Chi-Yu\n|-damage|p2a: Chi-Yu|34\/100\n|move|p2a: Chi-Yu|Dark Pulse|p1a: Regieleki\n|-damage|p1a: Regieleki|0 fnt\n|faint|p1a: Regieleki\n|\n|win|Ants at a picnic\n|j| Lkynmbr24\n|c|\u2606Ants at a picnic|gg\n|c|&|\/uhtml prompt-antsatapicnic,Ants at a picnic is ready for game 3!\n|inactive|MysticEm has 50 seconds to confirm battle start!\n|c|\u2606MysticEm|gg\n|c|&|\/uhtml prompt-mysticem,MysticEm is ready for game 3!\nBoth players are ready! Starting next match!\n|l|\u2606MysticEm\n|l| Lkynmbr24\n|l| JabsGR\n","uploadtime":1700695435,"views":15,"p1id":"mysticem","p2id":"antsatapicnic","formatid":"gen9vgc2023regulatione","rating":0,"private":0,"password":""}