{"id":"gen9vgc2023regulatione-1998030175","p1":"Papa lays","p2":"Proffesor_Karrot","format":"[Gen 9] VGC 2023 Regulation E","log":"|j|\u2606Papa lays\n|j|\u2606Proffesor_Karrot\n|t:|1700881121\n|gametype|doubles\n|player|p1|Papa lays|artist-gen4|1409\n|player|p2|Proffesor_Karrot|lady|1493\n|teamsize|p1|6\n|teamsize|p2|6\n|gen|9\n|tier|[Gen 9] VGC 2023 Regulation E\n|rated|\n|rule|Species Clause: Limit one of each Pok\u00e9mon\n|rule|Item Clause: Limit one of each item\n|clearpoke\n|poke|p1|Sinistcha-Masterpiece, L50|\n|poke|p1|Urshifu-*, L50, F|\n|poke|p1|Dragapult, L50, F|\n|poke|p1|Spectrier, L50|\n|poke|p1|Iron Hands, L50|\n|poke|p1|Landorus-Therian, L50, M|\n|poke|p2|Farigiraf, L50, F|\n|poke|p2|Landorus, L50, M|\n|poke|p2|Urshifu-*, L50, M|\n|poke|p2|Heatran, L50, M|\n|poke|p2|Iron Bundle, L50|\n|poke|p2|Rillaboom, L50, F|\n|teampreview|4\n|inactive|Battle timer is ON: inactive players will automatically lose when time's up. (requested by Proffesor_Karrot)\n|inactive|Papa lays also wants the timer to be on.\n|inactive|Papa lays has 60 seconds left.\n|inactive|Proffesor_Karrot has 60 seconds left.\n|\n|t:|1700881177\n|start\n|switch|p1a: Spectrier|Spectrier, L50|100\/100\n|switch|p1b: Dragapult|Dragapult, L50, F|100\/100\n|switch|p2a: Iron Bundle|Iron Bundle, L50|100\/100\n|switch|p2b: Urshifu|Urshifu, L50, M|100\/100\n|-enditem|p2a: Iron Bundle|Booster Energy\n|-activate|p2a: Iron Bundle|ability: Quark Drive|[fromitem]\n|-start|p2a: Iron Bundle|quarkdrivespe\n|turn|1\n|\n|t:|1700881195\n|-terastallize|p1b: Dragapult|Steel\n|move|p2a: Iron Bundle|Freeze-Dry|p1b: Dragapult\n|-resisted|p1b: Dragapult\n|-damage|p1b: Dragapult|79\/100\n|move|p1a: Spectrier|Bulldoze|p2b: Urshifu|[spread] p1b,p2a,p2b\n|-supereffective|p1b: Dragapult\n|-damage|p1b: Dragapult|61\/100\n|-damage|p2a: Iron Bundle|94\/100\n|-damage|p2b: Urshifu|95\/100\n|-unboost|p2a: Iron Bundle|spe|1\n|-unboost|p2b: Urshifu|spe|1\n|-enditem|p1b: Dragapult|Weakness Policy\n|-boost|p1b: Dragapult|atk|2|[from] item: Weakness Policy\n|-boost|p1b: Dragapult|spa|2|[from] item: Weakness Policy\n|move|p1b: Dragapult|Dragon Darts|p2a: Iron Bundle\n|-damage|p2a: Iron Bundle|40\/100\n|-anim|p1b: Dragapult|Dragon Darts|p2b: Urshifu\n|-damage|p2b: Urshifu|45\/100\n|move|p2b: Urshifu|Wicked Blow|p1a: Spectrier\n|-supereffective|p1a: Spectrier\n|-crit|p1a: Spectrier\n|-enditem|p1a: Spectrier|Focus Sash\n|-damage|p1a: Spectrier|1\/100\n|\n|upkeep\n|turn|2\n|inactive|Papa lays has 30 seconds left.\n|inactive|Proffesor_Karrot has 30 seconds left.\n|inactive|Papa lays has 20 seconds left.\n|inactive|Papa lays has 15 seconds left.\n|inactive|Proffesor_Karrot has 20 seconds left.\n|inactive|Proffesor_Karrot has 15 seconds left.\n|inactive|Proffesor_Karrot has 10 seconds left.\n|\n|t:|1700881248\n|switch|p1a: Sinistcha|Sinistcha-Masterpiece, L50|100\/100\n|-heal|p1b: Dragapult|86\/100|[from] ability: Hospitality|[of] p1a: Sinistcha\n|-terastallize|p2b: Urshifu|Dark\n|move|p2b: Urshifu|Sucker Punch|p1b: Dragapult\n|-damage|p1b: Dragapult|16\/100\n|move|p1b: Dragapult|Dragon Darts|p2a: Iron Bundle\n|-damage|p2a: Iron Bundle|0 fnt\n|-anim|p1b: Dragapult|Dragon Darts|p2b: Urshifu\n|-damage|p2b: Urshifu|0 fnt\n|faint|p2a: Iron Bundle\n|-end|p2a: Iron Bundle|Quark Drive|[silent]\n|faint|p2b: Urshifu\n|\n|upkeep\n|\n|t:|1700881259\n|switch|p2a: Landorus|Landorus, L50, M|100\/100\n|switch|p2b: Rillaboom|Rillaboom, L50, F|100\/100\n|-fieldstart|move: Grassy Terrain|[from] ability: Grassy Surge|[of] p2b: Rillaboom\n|turn|3\n|\n|t:|1700881272\n|switch|p1a: Spectrier|Spectrier, L50|1\/100\n|move|p1b: Dragapult|Protect|p1b: Dragapult\n|-singleturn|p1b: Dragapult|Protect\n|move|p2b: Rillaboom|Grassy Glide|p1b: Dragapult\n|-activate|p1b: Dragapult|move: Protect\n|move|p2a: Landorus|Sludge Bomb|p1a: Spectrier\n|-resisted|p1a: Spectrier\n|-damage|p1a: Spectrier|0 fnt\n|faint|p1a: Spectrier\n|\n|-heal|p1b: Dragapult|22\/100|[from] Grassy Terrain\n|upkeep\n|\n|t:|1700881287\n|switch|p1a: Sinistcha|Sinistcha-Masterpiece, L50|100\/100\n|-heal|p1b: Dragapult|47\/100|[from] ability: Hospitality|[of] p1a: Sinistcha\n|turn|4\n|\n|t:|1700881296\n|switch|p1a: Urshifu|Urshifu-Rapid-Strike, L50, F|100\/100\n|move|p2b: Rillaboom|Grassy Glide|p1b: Dragapult\n|-resisted|p1b: Dragapult\n|-damage|p1b: Dragapult|15\/100\n|move|p1b: Dragapult|Acrobatics|p2b: Rillaboom\n|-supereffective|p2b: Rillaboom\n|-damage|p2b: Rillaboom|0 fnt\n|faint|p2b: Rillaboom\n|move|p2a: Landorus|Sludge Bomb|p1a: Urshifu\n|-damage|p1a: Urshifu|25\/100\n|\n|-heal|p1b: Dragapult|21\/100|[from] Grassy Terrain\n|-heal|p1a: Urshifu|31\/100|[from] Grassy Terrain\n|upkeep\n|turn|5\n|\n|t:|1700881314\n|move|p1a: Urshifu|Aqua Jet|p2a: Landorus\n|-supereffective|p2a: Landorus\n|-damage|p2a: Landorus|47\/100\n|move|p1b: Dragapult|Dragon Darts|p2a: Landorus\n|-damage|p2a: Landorus|0 fnt\n|faint|p2a: Landorus\n|\n|win|Papa lays\n|raw|Papa lays's rating: 1409 &rarr; <strong>1434<\/strong><br \/>(+25 for winning)\n|raw|Proffesor_Karrot's rating: 1493 &rarr; <strong>1468<\/strong><br \/>(-25 for losing)\n|l|\u2606Proffesor_Karrot\n","uploadtime":1700881332,"views":2,"p1id":"papalays","p2id":"proffesorkarrot","formatid":"gen9vgc2023regulatione","rating":1434,"private":0,"password":""}