{"id":"gen9vgc2023regulatione-1996694546","p1":"optic_baccycones","p2":"lilbookcase","format":"[Gen 9] VGC 2023 Regulation E","log":"|j|\u2606optic_baccycones\n|j|\u2606lilbookcase\n|t:|1700710704\n|gametype|doubles\n|player|p1|optic_baccycones|2|1434\n|player|p2|lilbookcase|doctor|1462\n|teamsize|p1|6\n|teamsize|p2|6\n|gen|9\n|tier|[Gen 9] VGC 2023 Regulation E\n|rated|\n|rule|Species Clause: Limit one of each Pok\u00e9mon\n|rule|Item Clause: Limit one of each item\n|clearpoke\n|poke|p1|Indeedee-F, L50, F|\n|poke|p1|Torkoal, L50, F|\n|poke|p1|Armarouge, L50, M|\n|poke|p1|Kingambit, L50, F|\n|poke|p1|Weezing-Galar, L50, M|\n|poke|p1|Ogerpon-Wellspring, L50, F|\n|poke|p2|Garchomp, L50, F|\n|poke|p2|Amoonguss, L50, M|\n|poke|p2|Iron Hands, L50|\n|poke|p2|Arcanine-Hisui, L50, F|\n|poke|p2|Gholdengo, L50|\n|poke|p2|Iron Bundle, L50|\n|teampreview|4\noptic_baccycones rejected open team sheets.\n|inactive|Battle timer is ON: inactive players will automatically lose when time's up. (requested by optic_baccycones)\n|j| nzthenoob\n|\n|t:|1700710747\n|start\n|switch|p1a: Kingambit|Kingambit, L50, F|100\/100\n|switch|p1b: Indeedee|Indeedee-F, L50, F|100\/100\n|switch|p2a: Gholdengo|Gholdengo, L50|100\/100\n|switch|p2b: Amoonguss|Amoonguss, L50, M|100\/100\n|-fieldstart|move: Psychic Terrain|[from] ability: Psychic Surge|[of] p1b: Indeedee\n|turn|1\n|inactive|optic_baccycones has 30 seconds left.\n|inactive|lilbookcase has 30 seconds left.\n|inactive|optic_baccycones has 20 seconds left.\n|inactive|optic_baccycones has 15 seconds left.\n|inactive|optic_baccycones has 10 seconds left.\n|inactive|lilbookcase has 20 seconds left.\n|inactive|optic_baccycones has 5 seconds left.\n|inactive|lilbookcase has 15 seconds left.\n|\n|t:|1700710800\n|switch|p2a: Iron Hands|Iron Hands, L50|100\/100\n|switch|p1a: Armarouge|Armarouge, L50, M|100\/100\n|move|p1b: Indeedee|Follow Me|p1b: Indeedee\n|-singleturn|p1b: Indeedee|move: Follow Me\n|move|p2b: Amoonguss|Spore|p1b: Indeedee\n|-status|p1b: Indeedee|slp|[from] move: Spore\n|\n|upkeep\n|turn|2\n|inactive|lilbookcase has 30 seconds left.\n|inactive|lilbookcase has 20 seconds left.\n|inactive|lilbookcase has 15 seconds left.\n|inactive|lilbookcase has 10 seconds left.\n|\n|t:|1700710846\n|switch|p1b: Kingambit|Kingambit, L50, F|100\/100\n|-end|p2a: Iron Hands|Quark Drive|[silent]\n|switch|p2a: Gholdengo|Gholdengo, L50|100\/100\n|-terastallize|p1a: Armarouge|Psychic\n|-terastallize|p2b: Amoonguss|Water\n|move|p1a: Armarouge|Expanding Force|p2b: Amoonguss|[spread] p2a,p2b\n|-resisted|p2a: Gholdengo\n|-damage|p2a: Gholdengo|36\/100\n|-damage|p2b: Amoonguss|23\/100\n|-damage|p1a: Armarouge|90\/100|[from] item: Life Orb\n|move|p2b: Amoonguss|Spore|p1a: Armarouge\n|-status|p1a: Armarouge|slp|[from] move: Spore\n|\n|-heal|p2a: Gholdengo|42\/100|[from] item: Leftovers\n|upkeep\n|turn|3\n|l| nzthenoob\n|inactive|lilbookcase has 30 seconds left.\n|inactive|lilbookcase has 20 seconds left.\n|inactive|lilbookcase has 15 seconds left.\n|\n|t:|1700710891\n|switch|p2a: Iron Hands|Iron Hands, L50|100\/100\n|cant|p1a: Armarouge|slp\n|move|p2b: Amoonguss|Spore|p1b: Kingambit\n|-status|p1b: Kingambit|slp|[from] move: Spore\n|cant|p1b: Kingambit|slp\n|\n|upkeep\n|turn|4\n|\n|t:|1700710915\n|switch|p1b: Indeedee|Indeedee-F, L50, F|100\/100 slp\n|-curestatus|p1a: Armarouge|slp|[msg]\n|move|p1a: Armarouge|Expanding Force|p2b: Amoonguss|[spread] p2a,p2b\n|-supereffective|p2a: Iron Hands\n|-damage|p2a: Iron Hands|0 fnt\n|-damage|p2b: Amoonguss|0 fnt\n|faint|p2a: Iron Hands\n|-end|p2a: Iron Hands|Quark Drive|[silent]\n|faint|p2b: Amoonguss\n|-damage|p1a: Armarouge|80\/100|[from] item: Life Orb\n|\n|upkeep\n|\n|t:|1700710923\n|switch|p2a: Garchomp|Garchomp, L50, F|100\/100\n|switch|p2b: Gholdengo|Gholdengo, L50|42\/100\n|turn|5\n|\n|t:|1700710943\n|move|p2a: Garchomp|Swords Dance|p2a: Garchomp\n|-boost|p2a: Garchomp|atk|2\n|move|p2b: Gholdengo|Shadow Ball|p1a: Armarouge\n|-supereffective|p1a: Armarouge\n|-damage|p1a: Armarouge|0 fnt\n|faint|p1a: Armarouge\n|cant|p1b: Indeedee|slp\n|\n|-heal|p2b: Gholdengo|49\/100|[from] item: Leftovers\n|-fieldend|move: Psychic Terrain\n|upkeep\n|\n|t:|1700710952\n|switch|p1a: Torkoal|Torkoal, L50, F|100\/100\n|-weather|SunnyDay|[from] ability: Drought|[of] p1a: Torkoal\n|turn|6\n|\n|t:|1700710966\n|move|p1a: Torkoal|Protect|p1a: Torkoal\n|-singleturn|p1a: Torkoal|Protect\n|move|p2a: Garchomp|Stomping Tantrum|p1a: Torkoal\n|-activate|p1a: Torkoal|move: Protect\n|move|p2b: Gholdengo|Nasty Plot|p2b: Gholdengo\n|-boost|p2b: Gholdengo|spa|2\n|cant|p1b: Indeedee|slp\n|\n|-weather|SunnyDay|[upkeep]\n|-heal|p2b: Gholdengo|55\/100|[from] item: Leftovers\n|upkeep\n|turn|7\n|\n|t:|1700710990\n|switch|p1a: Kingambit|Kingambit, L50, F|100\/100 slp\n|move|p2b: Gholdengo|Protect|p2b: Gholdengo\n|-singleturn|p2b: Gholdengo|Protect\n|move|p2a: Garchomp|Dragon Claw|p1b: Indeedee\n|-damage|p1b: Indeedee|0 fnt\n|faint|p1b: Indeedee\n|-damage|p2a: Garchomp|91\/100|[from] item: Life Orb\n|\n|-weather|SunnyDay|[upkeep]\n|-heal|p2b: Gholdengo|61\/100|[from] item: Leftovers\n|upkeep\n|-message|optic_baccycones forfeited.\n|\n|win|lilbookcase\n|raw|optic_baccycones's rating: 1453 &rarr; <strong>1434<\/strong><br \/>(-19 for losing)\n|raw|lilbookcase's rating: 1462 &rarr; <strong>1481<\/strong><br \/>(+19 for winning)\n|l|\u2606optic_baccycones\n","uploadtime":1700711005,"views":4,"p1id":"opticbaccycones","p2id":"lilbookcase","formatid":"gen9vgc2023regulatione","rating":1434,"private":0,"password":""}