{"id":"gen9vgc2023regulatione-1998225478","p1":"BlindMagneton","p2":"pokeveteran04","format":"[Gen 9] VGC 2023 Regulation E","log":"|j|\u2606BlindMagneton\n|j|\u2606pokeveteran04\n|t:|1700915861\n|gametype|doubles\n|player|p1|BlindMagneton|wattson|1502\n|player|p2|pokeveteran04|red|1632\n|teamsize|p1|6\n|teamsize|p2|6\n|gen|9\n|tier|[Gen 9] VGC 2023 Regulation E\n|rated|\n|rule|Species Clause: Limit one of each Pok\u00e9mon\n|rule|Item Clause: Limit one of each item\n|clearpoke\n|poke|p1|Mandibuzz, L50, F|\n|poke|p1|Abomasnow, L50, F|\n|poke|p1|Roaring Moon, L50|\n|poke|p1|Brambleghast, L50, M|\n|poke|p1|Farigiraf, L50, M|\n|poke|p1|Hydreigon, L50, M|\n|poke|p2|Tornadus, L50, M|\n|poke|p2|Amoonguss, L50, M|\n|poke|p2|Thundurus-Therian, L50, M|\n|poke|p2|Urshifu-*, L50, M|\n|poke|p2|Arcanine-Hisui, L50, F|\n|poke|p2|Ogerpon-Wellspring, L50, F|\n|teampreview|4\n|\n|t:|1700915921\n|start\n|switch|p1a: Mandibuzz|Mandibuzz, L50, F|100\/100\n|switch|p1b: Abomasnow|Abomasnow, L50, F|100\/100\n|switch|p2a: Tornadus|Tornadus, L50, M|100\/100\n|switch|p2b: Urshifu|Urshifu-Rapid-Strike, L50, M|100\/100\n|-weather|Snow|[from] ability: Snow Warning|[of] p1b: Abomasnow\n|turn|1\n|\n|t:|1700915931\n|switch|p1a: Brambleghast|Brambleghast, L50, M|100\/100\n|move|p2a: Tornadus|Rain Dance|p2a: Tornadus\n|-weather|RainDance\n|move|p2b: Urshifu|Surging Strikes|p1b: Abomasnow\n|-resisted|p1b: Abomasnow\n|-crit|p1b: Abomasnow\n|-damage|p1b: Abomasnow|74\/100\n|-resisted|p1b: Abomasnow\n|-crit|p1b: Abomasnow\n|-damage|p1b: Abomasnow|50\/100\n|-resisted|p1b: Abomasnow\n|-crit|p1b: Abomasnow\n|-damage|p1b: Abomasnow|25\/100\n|-hitcount|p1b: Abomasnow|3\n|move|p1b: Abomasnow|Energy Ball|p2b: Urshifu\n|-supereffective|p2b: Urshifu\n|-crit|p2b: Urshifu\n|-damage|p2b: Urshifu|0 fnt\n|faint|p2b: Urshifu\n|\n|-weather|RainDance|[upkeep]\n|upkeep\n|\n|t:|1700915946\n|switch|p2b: Ogerpon|Ogerpon-Wellspring, L50, F|100\/100\n|turn|2\n|\n|t:|1700915969\n|-terastallize|p2b: Ogerpon|Water\n|detailschange|p2b: Ogerpon|Ogerpon-Wellspring-Tera, L50, F, tera:Water\n|-ability|p2b: Ogerpon|Embody Aspect (Wellspring)|boost\n|-boost|p2b: Ogerpon|spd|1\n|move|p1b: Abomasnow|Protect|p1b: Abomasnow\n|-singleturn|p1b: Abomasnow|Protect\n|move|p2a: Tornadus|Tailwind|p2a: Tornadus\n|-sidestart|p2: pokeveteran04|move: Tailwind\n|move|p2b: Ogerpon|Ivy Cudgel|p1a: Brambleghast|[anim] Ivy Cudgel Water\n|-resisted|p1a: Brambleghast\n|-damage|p1a: Brambleghast|32\/100\n|move|p1a: Brambleghast|Strength Sap|p2b: Ogerpon\n|-unboost|p2b: Ogerpon|atk|1\n|-heal|p1a: Brambleghast|100\/100\n|\n|-weather|RainDance|[upkeep]\n|upkeep\n|turn|3\n|\n|t:|1700916005\n|switch|p2a: GOD OF THUNDER!|Thundurus-Therian, L50, M|100\/100\n|switch|p1b: Roaring Moon|Roaring Moon, L50|100\/100\n|-enditem|p1b: Roaring Moon|Booster Energy\n|-activate|p1b: Roaring Moon|ability: Protosynthesis|[fromitem]\n|-start|p1b: Roaring Moon|protosynthesisspe\n|move|p2b: Ogerpon|Ivy Cudgel|p1b: Roaring Moon|[anim] Ivy Cudgel Water\n|-resisted|p1b: Roaring Moon\n|-damage|p1b: Roaring Moon|49\/100\n|move|p1a: Brambleghast|Strength Sap|p2b: Ogerpon\n|-unboost|p2b: Ogerpon|atk|1\n|\n|-weather|RainDance|[upkeep]\n|upkeep\n|turn|4\n|\n|t:|1700916063\n|move|p1a: Brambleghast|Protect|p1a: Brambleghast\n|-singleturn|p1a: Brambleghast|Protect\n|move|p2a: GOD OF THUNDER!|Thunder|p1b: Roaring Moon\n|-resisted|p1b: Roaring Moon\n|-damage|p1b: Roaring Moon|7\/100\n|move|p1b: Roaring Moon|Tailwind|p1b: Roaring Moon\n|-sidestart|p1: BlindMagneton|move: Tailwind\n|-ability|p1a: Brambleghast|Wind Rider|boost\n|-boost|p1a: Brambleghast|atk|1\n|move|p2b: Ogerpon|Ivy Cudgel|p1a: Brambleghast|[anim] Ivy Cudgel Water\n|-activate|p1a: Brambleghast|move: Protect\n|\n|-weather|RainDance|[upkeep]\n|upkeep\n|turn|5\n|\n|t:|1700916089\n|switch|p2b: Tornadus|Tornadus, L50, M|100\/100\n|move|p1a: Brambleghast|Shadow Sneak|p2a: GOD OF THUNDER!\n|-damage|p2a: GOD OF THUNDER!|65\/100\n|move|p1b: Roaring Moon|Breaking Swipe|p2b: Tornadus|[spread] p2a,p2b\n|-crit|p2b: Tornadus\n|-damage|p2a: GOD OF THUNDER!|30\/100\n|-damage|p2b: Tornadus|42\/100\n|-unboost|p2a: GOD OF THUNDER!|atk|1\n|-unboost|p2b: Tornadus|atk|1\n|move|p2a: GOD OF THUNDER!|Thunder|p1b: Roaring Moon\n|-resisted|p1b: Roaring Moon\n|-damage|p1b: Roaring Moon|0 fnt\n|faint|p1b: Roaring Moon\n|-end|p1b: Roaring Moon|Protosynthesis|[silent]\n|\n|-weather|none\n|-sideend|p2: pokeveteran04|move: Tailwind\n|upkeep\n|\n|t:|1700916117\n|switch|p1b: Mandibuzz|Mandibuzz, L50, F|100\/100\n|turn|6\n|\n|t:|1700916124\n|move|p1b: Mandibuzz|Protect|p1b: Mandibuzz\n|-singleturn|p1b: Mandibuzz|Protect\n|move|p1a: Brambleghast|Shadow Sneak|p2a: GOD OF THUNDER!\n|-damage|p2a: GOD OF THUNDER!|0 fnt\n|faint|p2a: GOD OF THUNDER!\n|move|p2b: Tornadus|Tailwind|p2b: Tornadus\n|-sidestart|p2: pokeveteran04|move: Tailwind\n|\n|upkeep\n|\n|t:|1700916129\n|switch|p2a: Ogerpon|Ogerpon-Wellspring-Tera, L50, F, tera:Water|100\/100\n|-ability|p2a: Ogerpon|Embody Aspect (Wellspring)|boost\n|-boost|p2a: Ogerpon|spd|1\n|turn|7\n|inactive|Battle timer is ON: inactive players will automatically lose when time's up. (requested by pokeveteran04)\n|\n|t:|1700916178\n|move|p2b: Tornadus|Rain Dance|p2b: Tornadus\n|-weather|RainDance\n|move|p1b: Mandibuzz|Lash Out|p2b: Tornadus\n|-damage|p2b: Tornadus|3\/100\n|move|p2a: Ogerpon|Ivy Cudgel|p1a: Brambleghast|[anim] Ivy Cudgel Water\n|-resisted|p1a: Brambleghast\n|-damage|p1a: Brambleghast|30\/100\n|move|p1a: Brambleghast|Strength Sap|p2a: Ogerpon\n|-unboost|p2a: Ogerpon|atk|1\n|-heal|p1a: Brambleghast|100\/100\n|\n|-weather|RainDance|[upkeep]\n|-sideend|p1: BlindMagneton|move: Tailwind\n|upkeep\n|turn|8\n|\n|t:|1700916201\n|move|p1a: Brambleghast|Shadow Sneak|p2b: Tornadus\n|-damage|p2b: Tornadus|0 fnt\n|faint|p2b: Tornadus\n|move|p2a: Ogerpon|Ivy Cudgel|p1a: Brambleghast|[anim] Ivy Cudgel Water\n|-resisted|p1a: Brambleghast\n|-crit|p1a: Brambleghast\n|-damage|p1a: Brambleghast|4\/100\n|move|p1b: Mandibuzz|Lash Out|p2a: Ogerpon\n|-damage|p2a: Ogerpon|68\/100\n|\n|-weather|RainDance|[upkeep]\n|upkeep\n|turn|9\n|\n|t:|1700916226\n|move|p1b: Mandibuzz|Protect|p1b: Mandibuzz\n|-singleturn|p1b: Mandibuzz|Protect\n|move|p2a: Ogerpon|Ivy Cudgel|p1b: Mandibuzz|[anim] Ivy Cudgel Water\n|-activate|p1b: Mandibuzz|move: Protect\n|move|p1a: Brambleghast|Strength Sap|p2a: Ogerpon\n|-unboost|p2a: Ogerpon|atk|1\n|-heal|p1a: Brambleghast|81\/100\n|\n|-weather|RainDance|[upkeep]\n|-sideend|p2: pokeveteran04|move: Tailwind\n|upkeep\n|turn|10\n|-message|pokeveteran04 forfeited.\n|\n|win|BlindMagneton\n|raw|BlindMagneton's rating: 1502 &rarr; <strong>1529<\/strong><br \/>(+27 for winning)\n|raw|pokeveteran04's rating: 1632 &rarr; <strong>1605<\/strong><br \/>(-27 for losing)\n|l|\u2606pokeveteran04\n","uploadtime":1700916237,"views":7,"p1id":"blindmagneton","p2id":"pokeveteran04","formatid":"gen9vgc2023regulatione","rating":1529,"private":0,"password":""}