{"id":"gen9vgc2023regulatione-1999800659","p1":"Gunta12","p2":"MentalSyndrome","format":"[Gen 9] VGC 2023 Regulation E","log":"|j|\u2606Gunta12\n|j|\u2606MentalSyndrome\n|t:|1701117891\n|gametype|doubles\n|player|p1|Gunta12|dragontamer|1018\n|player|p2|MentalSyndrome|byron|1110\n|teamsize|p1|6\n|teamsize|p2|6\n|gen|9\n|tier|[Gen 9] VGC 2023 Regulation E\n|rated|\n|rule|Species Clause: Limit one of each Pok\u00e9mon\n|rule|Item Clause: Limit one of each item\n|clearpoke\n|poke|p1|Cramorant, L50, M|\n|poke|p1|Tatsugiri, L50, M|\n|poke|p1|Bruxish, L50, F|\n|poke|p1|Gholdengo, L50|\n|poke|p1|Tornadus, L50, M|\n|poke|p1|Garchomp, L50, F|\n|poke|p2|Tornadus, L50, M|\n|poke|p2|Zapdos, L50|\n|poke|p2|Lucario, L50, M|\n|poke|p2|Arbok, L50, M|\n|poke|p2|Breloom, L50, M|\n|poke|p2|Tinkaton, L50, F|\n|teampreview|4\n|\n|t:|1701117918\n|start\n|switch|p1a: Tornadus|Tornadus, L50, M|100\/100\n|switch|p1b: Garchomp|Garchomp, L50, F|100\/100\n|switch|p2a: Tornadus|Tornadus, L50, M|100\/100\n|switch|p2b: Tinkaton|Tinkaton, L50, F|100\/100\n|-ability|p2b: Tinkaton|Mold Breaker\n|turn|1\n|\n|t:|1701117952\n|move|p1b: Garchomp|Protect|p1b: Garchomp\n|-singleturn|p1b: Garchomp|Protect\n|move|p2b: Tinkaton|Fake Out|p1b: Garchomp\n|-activate|p1b: Garchomp|move: Protect\n|move|p2a: Tornadus|Tailwind|p2a: Tornadus\n|-sidestart|p2: MentalSyndrome|move: Tailwind\n|move|p1a: Tornadus|Taunt|p2a: Tornadus\n|-start|p2a: Tornadus|move: Taunt\n|\n|upkeep\n|turn|2\n|\n|t:|1701117968\n|switch|p2a: Zapdos|Zapdos, L50|100\/100\n|move|p2b: Tinkaton|Baby-Doll Eyes|p1b: Garchomp\n|-unboost|p1b: Garchomp|atk|1\n|move|p1a: Tornadus|Rain Dance|p1a: Tornadus\n|-weather|RainDance\n|move|p1b: Garchomp|Earthquake|p2b: Tinkaton|[spread] p2b\n|-immune|p1a: Tornadus\n|-immune|p2a: Zapdos\n|-supereffective|p2b: Tinkaton\n|-damage|p2b: Tinkaton|35\/100\n|\n|-weather|RainDance|[upkeep]\n|upkeep\n|turn|3\n|\n|t:|1701117993\n|switch|p2b: Tornadus|Tornadus, L50, M|100\/100\n|move|p1a: Tornadus|Protect|p1a: Tornadus\n|-singleturn|p1a: Tornadus|Protect\n|move|p2a: Zapdos|Thunder|p1a: Tornadus\n|-activate|p1a: Tornadus|move: Protect\n|move|p1b: Garchomp|Earthquake|p2b: Tornadus|[spread] \n|-activate|p1a: Tornadus|move: Protect\n|-immune|p2a: Zapdos\n|-immune|p2b: Tornadus\n|\n|-weather|RainDance|[upkeep]\n|upkeep\n|turn|4\n|\n|t:|1701118012\n|switch|p2a: Tinkaton|Tinkaton, L50, F|35\/100\n|-ability|p2a: Tinkaton|Mold Breaker\n|move|p2b: Tornadus|Protect|p2b: Tornadus\n|-singleturn|p2b: Tornadus|Protect\n|move|p1a: Tornadus|Bleakwind Storm|p2b: Tornadus|[spread] p2a\n|-activate|p2b: Tornadus|move: Protect\n|-resisted|p2a: Tinkaton\n|-damage|p2a: Tinkaton|18\/100\n|-unboost|p2a: Tinkaton|spe|1\n|move|p1b: Garchomp|Tera Blast|p2a: Tinkaton\n|-resisted|p2a: Tinkaton\n|-damage|p2a: Tinkaton|12\/100\n|\n|-weather|RainDance|[upkeep]\n|-sideend|p2: MentalSyndrome|move: Tailwind\n|upkeep\n|turn|5\n|\n|t:|1701118039\n|switch|p1b: Gholdengo|Gholdengo, L50|100\/100\n|switch|p2a: Lucario|Lucario, L50, M|100\/100\n|move|p2b: Tornadus|Tailwind|p2b: Tornadus\n|-sidestart|p2: MentalSyndrome|move: Tailwind\n|move|p1a: Tornadus|Bleakwind Storm|p2a: Lucario|[spread] p2a,p2b\n|-damage|p2a: Lucario|49\/100\n|-damage|p2b: Tornadus|58\/100\n|-unboost|p2a: Lucario|spe|1\n|\n|-weather|RainDance|[upkeep]\n|upkeep\n|turn|6\n|\n|t:|1701118074\n|move|p2b: Tornadus|Protect|p2b: Tornadus\n|-singleturn|p2b: Tornadus|Protect\n|move|p1a: Tornadus|Protect|p1a: Tornadus\n|-singleturn|p1a: Tornadus|Protect\n|move|p2a: Lucario|Earthquake|p1a: Tornadus|[spread] p1b\n|-activate|p2b: Tornadus|move: Protect\n|-activate|p1a: Tornadus|move: Protect\n|-supereffective|p1b: Gholdengo\n|-damage|p1b: Gholdengo|33\/100\n|-damage|p2a: Lucario|39\/100|[from] item: Life Orb\n|move|p1b: Gholdengo|Thunder|p2b: Tornadus\n|-activate|p2b: Tornadus|move: Protect\n|\n|-weather|none\n|upkeep\n|turn|7\n|\n|t:|1701118120\n|switch|p1b: Garchomp|Garchomp, L50, F|100\/100\n|move|p2b: Tornadus|Rain Dance|p2b: Tornadus\n|-weather|RainDance\n|move|p1a: Tornadus|Rain Dance||[still]\n|-fail|p1a: Tornadus\n|move|p2a: Lucario|Earthquake|p1a: Tornadus|[spread] p1b\n|-immune|p2b: Tornadus\n|-immune|p1a: Tornadus\n|-damage|p1b: Garchomp|72\/100\n|-damage|p2a: Lucario|29\/100|[from] item: Life Orb\n|\n|-weather|RainDance|[upkeep]\n|upkeep\n|turn|8\n|\n|t:|1701118140\n|switch|p2a: Tinkaton|Tinkaton, L50, F|12\/100\n|-ability|p2a: Tinkaton|Mold Breaker\n|-terastallize|p1b: Garchomp|Fairy\n|move|p2b: Tornadus|Bleakwind Storm|p1b: Garchomp|[spread] p1a,p1b\n|-damage|p1a: Tornadus|60\/100\n|-damage|p1b: Garchomp|45\/100\n|move|p1a: Tornadus|Bleakwind Storm|p2b: Tornadus|[spread] p2a,p2b\n|-resisted|p2a: Tinkaton\n|-damage|p2a: Tinkaton|0 fnt\n|-damage|p2b: Tornadus|16\/100\n|faint|p2a: Tinkaton\n|move|p1b: Garchomp|Tera Blast|p2b: Tornadus|[anim] Tera Blast Fairy\n|-damage|p2b: Tornadus|0 fnt\n|faint|p2b: Tornadus\n|\n|-weather|RainDance|[upkeep]\n|-sideend|p2: MentalSyndrome|move: Tailwind\n|upkeep\n|\n|t:|1701118150\n|switch|p2b: Lucario|Lucario, L50, M|29\/100\n|switch|p2a: Zapdos|Zapdos, L50|100\/100\n|turn|9\n|\n|t:|1701118171\n|move|p1b: Garchomp|Protect|p1b: Garchomp\n|-singleturn|p1b: Garchomp|Protect\n|move|p2b: Lucario|Bullet Punch|p1b: Garchomp\n|-activate|p1b: Garchomp|move: Protect\n|move|p1a: Tornadus|Bleakwind Storm|p2a: Zapdos|[spread] p2a,p2b\n|-resisted|p2a: Zapdos\n|-damage|p2a: Zapdos|88\/100\n|-damage|p2b: Lucario|0 fnt\n|faint|p2b: Lucario\n|move|p2a: Zapdos|Thunder|p1a: Tornadus\n|-supereffective|p1a: Tornadus\n|-damage|p1a: Tornadus|0 fnt\n|faint|p1a: Tornadus\n|\n|-weather|RainDance|[upkeep]\n|upkeep\n|\n|t:|1701118185\n|switch|p1a: Bruxish|Bruxish, L50, F|100\/100\n|turn|10\n|\n|t:|1701118199\n|move|p1b: Garchomp|Tera Blast|p2a: Zapdos|[anim] Tera Blast Fairy\n|-damage|p2a: Zapdos|42\/100\n|move|p2a: Zapdos|Thunder|p1a: Bruxish\n|-supereffective|p1a: Bruxish\n|-damage|p1a: Bruxish|0 fnt\n|faint|p1a: Bruxish\n|\n|-weather|RainDance|[upkeep]\n|upkeep\n|\n|t:|1701118206\n|switch|p1a: Gholdengo|Gholdengo, L50|33\/100\n|turn|11\n|\n|t:|1701118215\n|move|p1a: Gholdengo|Shadow Ball|p2a: Zapdos\n|-damage|p2a: Zapdos|2\/100\n|-damage|p1a: Gholdengo|24\/100|[from] item: Life Orb\n|move|p1b: Garchomp|Tera Blast|p2a: Zapdos|[anim] Tera Blast Fairy\n|-damage|p2a: Zapdos|0 fnt\n|faint|p2a: Zapdos\n|\n|win|Gunta12\n|raw|Gunta12's rating: 1018 &rarr; <strong>1065<\/strong><br \/>(+47 for winning)\n|raw|MentalSyndrome's rating: 1110 &rarr; <strong>1079<\/strong><br \/>(-31 for losing)\n|c|\u2606MentalSyndrome|gg\n|c|\u2606Gunta12|gg\n","uploadtime":1701118223,"views":4,"p1id":"gunta12","p2id":"mentalsyndrome","formatid":"gen9vgc2023regulatione","rating":1065,"private":0,"password":""}