{"id":"gen9vgc2023regulatione-1994666689","p1":"LifeOrbPex","p2":"metronome11","format":"[Gen 9] VGC 2023 Regulation E","log":"|j|\u2606LifeOrbPex\n|j|\u2606metronome11\n|n|\u2606LifeOrbPex|lifeorbpex\n|n|\u2606metronome11|metronome11\n|html|View the match progress at <a href=\"\/game-bestof3-gen9vgc2023regulatione-1994664439\">game-bestof3-gen9vgc2023regulatione-1994664439<\/a>\n|t:|1700478071\n|gametype|doubles\n|player|p1|LifeOrbPex|265|\n|player|p2|metronome11|170|\n|teamsize|p1|6\n|teamsize|p2|6\n|gen|9\n|tier|[Gen 9] VGC 2023 Regulation E\n|rated|Tournament battle\n|rule|Species Clause: Limit one of each Pok\u00e9mon\n|rule|Item Clause: Limit one of each item\n|clearpoke\n|poke|p1|Landorus-Therian, L50, M|\n|poke|p1|Iron Hands, L50|\n|poke|p1|Ogerpon-Wellspring, L50, F|\n|poke|p1|Heatran, L50, M|\n|poke|p1|Ninetales-Alola, L50, F|\n|poke|p1|Baxcalibur, L50, M|\n|poke|p2|Iron Hands, L50|\n|poke|p2|Sinistcha, L50|\n|poke|p2|Mamoswine, L50, F|\n|poke|p2|Ursaluna-Bloodmoon, L50, M|\n|poke|p2|Armarouge, L50, F|\n|poke|p2|Indeedee-F, L50, F|\n|teampreview|4\n|showteam|p1|Landorus-Therian||ChoiceBand|Intimidate|StompingTantrum,TeraBlast,RockTomb,Uturn|||M|||50|,,,,,Flying]Iron Hands||AssaultVest|QuarkDrive|DrainPunch,WildCharge,HeavySlam,FakeOut||||||50|,,,,,Fairy]Ogerpon-Wellspring||WellspringMask|WaterAbsorb|IvyCudgel,HornLeech,FollowMe,SpikyShield|||F|||50|,,,,,Water]Heatran||ShucaBerry|FlashFire|HeatWave,EarthPower,FlashCannon,Protect|||M|||50|,,,,,Grass]Ninetales-Alola||LightClay|SnowWarning|AuroraVeil,Blizzard,IcyWind,Protect|||F|||50|,,,,,Water]Baxcalibur||LoadedDice|IceBody|IcicleSpear,ScaleShot,SwordsDance,Protect|||M|||50|,,,,,Poison\n|showteam|p2|Iron Hands||AssaultVest|QuarkDrive|FakeOut,HeavySlam,DrainPunch,WildCharge||||||50|,,,,,Fire]Sinistcha||MentalHerb|Hospitality|TrickRoom,MatchaGotcha,Protect,NastyPlot||||||50|,,,,,Fire]Mamoswine||RockyHelmet|Oblivious|IceShard,HighHorsepower,IcicleCrash,Protect|||F|||50|,,,,,Water]Ursaluna-Bloodmoon||ThroatSpray|MindsEye|BloodMoon,HyperVoice,EarthPower,Protect|||M|||50|,,,,,Normal]Armarouge||LifeOrb|FlashFire|ArmorCannon,ExpandingForce,WideGuard,AuraSphere|||F|||50|,,,,,Grass]Indeedee-F||PsychicSeed|PsychicSurge|FollowMe,TrickRoom,Protect,HelpingHand|||F|||50|,,,,,Grass\n|j| L1Lmacncheese\n|j| randomuser0000\n|\n|t:|1700478137\n|start\n|switch|p1a: NotLikeOtherLandos|Landorus-Therian, L50, M, shiny|100\/100\n|switch|p1b: FuegoFavritoMexico|Heatran, L50, M, shiny|100\/100\n|switch|p2a: Indeedee|Indeedee-F, L50, F|100\/100\n|switch|p2b: Mamoswine|Mamoswine, L50, F|100\/100\n|-ability|p1a: NotLikeOtherLandos|Intimidate|boost\n|-unboost|p2a: Indeedee|atk|1\n|-fail|p2b: Mamoswine|unboost|Attack|[from] ability: Oblivious|[of] p2b: Mamoswine\n|-fieldstart|move: Psychic Terrain|[from] ability: Psychic Surge|[of] p2a: Indeedee\n|-enditem|p2a: Indeedee|Psychic Seed\n|-boost|p2a: Indeedee|spd|1|[from] item: Psychic Seed\n|turn|1\n|j| road2stafflol\n|\n|t:|1700478188\n|-terastallize|p1a: NotLikeOtherLandos|Flying\n|-terastallize|p2b: Mamoswine|Water\n|move|p1a: NotLikeOtherLandos|Tera Blast|p2a: Indeedee|[anim] Tera Blast Flying\n|-damage|p2a: Indeedee|9\/100\n|move|p1b: FuegoFavritoMexico|Heat Wave|p2a: Indeedee|[spread] p2a,p2b\n|-resisted|p2b: Mamoswine\n|-damage|p2a: Indeedee|0 fnt\n|-damage|p2b: Mamoswine|76\/100\n|faint|p2a: Indeedee\n|move|p2b: Mamoswine|High Horsepower|p1b: FuegoFavritoMexico\n|-supereffective|p1b: FuegoFavritoMexico\n|-enditem|p1b: FuegoFavritoMexico|Shuca Berry|[eat]\n|-enditem|p1b: FuegoFavritoMexico|Shuca Berry|[weaken]\n|-damage|p1b: FuegoFavritoMexico|0 fnt\n|faint|p1b: FuegoFavritoMexico\n|\n|upkeep\n|\n|t:|1700478206\n|switch|p1b: La Llorona|Ogerpon-Wellspring, L50, F|100\/100\n|switch|p2a: Iron Hands|Iron Hands, L50|100\/100\n|turn|2\n|\n|t:|1700478223\n|switch|p1a: Zapata|Iron Hands, L50, shiny|100\/100\n|move|p1b: La Llorona|Spiky Shield|p1b: La Llorona\n|-singleturn|p1b: La Llorona|move: Protect\n|move|p2a: Iron Hands|Fake Out|p1b: La Llorona\n|-activate|p1b: La Llorona|move: Psychic Terrain\n|move|p2b: Mamoswine|Icicle Crash|p1a: Zapata\n|-damage|p1a: Zapata|68\/100\n|\n|upkeep\n|turn|3\n|l| road2stafflol\n|c|\u2606metronome11|why am I brain dead but it's worked both times\n|\n|t:|1700478268\n|move|p2b: Mamoswine|Protect|p2b: Mamoswine\n|-singleturn|p2b: Mamoswine|Protect\n|move|p1b: La Llorona|Horn Leech|p2a: Iron Hands\n|-damage|p2a: Iron Hands|75\/100\n|move|p1a: Zapata|Wild Charge|p2b: Mamoswine\n|-activate|p2b: Mamoswine|move: Protect\n|move|p2a: Iron Hands|Drain Punch|p1a: Zapata\n|-damage|p1a: Zapata|40\/100\n|-heal|p2a: Iron Hands|87\/100|[from] drain|[of] p1a: Zapata\n|\n|upkeep\n|turn|4\n|\n|t:|1700478284\n|switch|p2b: Armarouge|Armarouge, L50, F|100\/100\n|move|p1b: La Llorona|Horn Leech|p2b: Armarouge\n|-resisted|p2b: Armarouge\n|-damage|p2b: Armarouge|79\/100\n|move|p1a: Zapata|Wild Charge|p2b: Armarouge\n|-damage|p2b: Armarouge|28\/100\n|-damage|p1a: Zapata|30\/100|[from] Recoil\n|move|p2a: Iron Hands|Drain Punch|p1a: Zapata\n|-damage|p1a: Zapata|1\/100\n|-heal|p2a: Iron Hands|100\/100|[from] drain|[of] p1a: Zapata\n|\n|upkeep\n|turn|5\n|\n|t:|1700478304\n|-end|p1a: Zapata|Quark Drive|[silent]\n|switch|p1a: NotLikeOtherLandos|Landorus-Therian, L50, M, shiny, tera:Flying|100\/100\n|-ability|p1a: NotLikeOtherLandos|Intimidate|boost\n|-unboost|p2a: Iron Hands|atk|1\n|-unboost|p2b: Armarouge|atk|1\n|move|p1b: La Llorona|Ivy Cudgel|p2b: Armarouge|[anim] Ivy Cudgel Water\n|-supereffective|p2b: Armarouge\n|-damage|p2b: Armarouge|0 fnt\n|faint|p2b: Armarouge\n|move|p2a: Iron Hands|Drain Punch|p1a: NotLikeOtherLandos\n|-resisted|p1a: NotLikeOtherLandos\n|-damage|p1a: NotLikeOtherLandos|84\/100\n|\n|-fieldend|move: Psychic Terrain\n|upkeep\n|\n|t:|1700478314\n|switch|p2b: Mamoswine|Mamoswine, L50, F, tera:Water|76\/100\n|turn|6\n|c|\u2606metronome11|the hands not droping is a big deal\n|\n|t:|1700478340\n|move|p1a: NotLikeOtherLandos|Tera Blast|p2b: Mamoswine|[anim] Tera Blast Flying\n|-damage|p2b: Mamoswine|0 fnt\n|faint|p2b: Mamoswine\n|move|p1b: La Llorona|Ivy Cudgel|p2a: Iron Hands|[anim] Ivy Cudgel Water\n|-damage|p2a: Iron Hands|64\/100\n|move|p2a: Iron Hands|Drain Punch|p1b: La Llorona\n|-damage|p1b: La Llorona|73\/100\n|-heal|p2a: Iron Hands|74\/100|[from] drain|[of] p1b: La Llorona\n|\n|upkeep\n|turn|7\n|c|\u2606LifeOrbPex|i put effort into my ev spreads\n|j| FunneeMonkee\n|c|\u2606metronome11|I need a better way to counter lando\n|c|\u2606LifeOrbPex|and they always give me nice little surprise lives\n|c|\u2606metronome11|it shows\n|\n|t:|1700478393\n|move|p1a: NotLikeOtherLandos|Tera Blast|p2a: Iron Hands|[anim] Tera Blast Flying\n|-damage|p2a: Iron Hands|16\/100\n|move|p1b: La Llorona|Ivy Cudgel|p2a: Iron Hands|[anim] Ivy Cudgel Water\n|-damage|p2a: Iron Hands|0 fnt\n|faint|p2a: Iron Hands\n|-end|p2a: Iron Hands|Quark Drive|[silent]\n|\n|win|LifeOrbPex\n|c|\u2606metronome11|gg\n|c|\u2606metronome11|wp\n|l|\u2606metronome11\n|c|\u2606LifeOrbPex|bando is not common at all\n|c|\u2606LifeOrbPex|but its a nuke\n|c|\u2606LifeOrbPex|baha\n|l| randomuser0000\n","uploadtime":1700478439,"views":7,"p1id":"lifeorbpex","p2id":"metronome11","formatid":"gen9vgc2023regulatione","rating":0,"private":0,"password":""}