{"id":"gen9vgc2023regulatione-2000130304","p1":"Wicked_bandit","p2":"Mr.Greentexts","format":"[Gen 9] VGC 2023 Regulation E","log":"|j|\u2606Wicked_bandit\n|j|\u2606Mr.Greentexts\n|t:|1701160234\n|gametype|doubles\n|player|p1|Wicked_bandit|169|1127\n|player|p2|Mr.Greentexts|169|1190\n|teamsize|p1|6\n|teamsize|p2|6\n|gen|9\n|tier|[Gen 9] VGC 2023 Regulation E\n|rated|\n|rule|Species Clause: Limit one of each Pok\u00e9mon\n|rule|Item Clause: Limit one of each item\n|clearpoke\n|poke|p1|Amoonguss, L50, F|\n|poke|p1|Tornadus, L50, M|\n|poke|p1|Iron Hands, L50|\n|poke|p1|Arcanine-Hisui, L50, F|\n|poke|p1|Gholdengo, L50|\n|poke|p1|Urshifu-*, L50, F|\n|poke|p2|Heatran, L50, F|\n|poke|p2|Rillaboom, L50, M|\n|poke|p2|Scream Tail, L50|\n|poke|p2|Urshifu-*, L50, M|\n|poke|p2|Tornadus, L50, M|\n|poke|p2|Flutter Mane, L50|\n|teampreview|4\n|\n|t:|1701160293\n|start\n|switch|p1a: Iron Hands|Iron Hands, L50|100\/100\n|switch|p1b: Arcanine|Arcanine-Hisui, L50, F|100\/100\n|switch|p2a: Rillaboom|Rillaboom, L50, M|100\/100\n|switch|p2b: Scream Tail|Scream Tail, L50|100\/100\n|-ability|p1b: Arcanine|Intimidate|boost\n|-unboost|p2a: Rillaboom|atk|1\n|-unboost|p2b: Scream Tail|atk|1\n|-fieldstart|move: Grassy Terrain|[from] ability: Grassy Surge|[of] p2a: Rillaboom\n|-enditem|p2b: Scream Tail|Booster Energy\n|-activate|p2b: Scream Tail|ability: Protosynthesis|[fromitem]\n|-start|p2b: Scream Tail|protosynthesisspe\n|turn|1\n|inactive|Battle timer is ON: inactive players will automatically lose when time's up. (requested by Mr.Greentexts)\n|\n|t:|1701160332\n|move|p2a: Rillaboom|Fake Out|p1b: Arcanine\n|-resisted|p1b: Arcanine\n|-damage|p1b: Arcanine|95\/100\n|move|p1a: Iron Hands|Fake Out|p2b: Scream Tail\n|-damage|p2b: Scream Tail|88\/100\n|cant|p2b: Scream Tail|flinch\n|cant|p1b: Arcanine|flinch\n|\n|-heal|p2b: Scream Tail|94\/100|[from] Grassy Terrain\n|-heal|p1b: Arcanine|100\/100|[from] Grassy Terrain\n|upkeep\n|turn|2\n|\n|t:|1701160351\n|switch|p2a: Heatran|Heatran, L50, F|100\/100\n|move|p2b: Scream Tail|Encore|p1a: Iron Hands\n|-start|p1a: Iron Hands|Encore\n|move|p1b: Arcanine|Flare Blitz|p2a: Heatran\n|-start|p2a: Heatran|ability: Flash Fire\n|move|p1a: Iron Hands|Fake Out||[still]\n|-hint|Fake Out only works on your first turn out.\n|-fail|p1a: Iron Hands\n|\n|-heal|p2b: Scream Tail|99\/100|[from] Grassy Terrain\n|upkeep\n|turn|3\n|inactive|Wicked_bandit has 30 seconds left.\n|inactive|Mr.Greentexts has 30 seconds left.\n|inactive|Wicked_bandit has 20 seconds left.\n|inactive|Mr.Greentexts has 20 seconds left.\n|inactive|Mr.Greentexts has 15 seconds left.\n|\n|t:|1701160396\n|-end|p2b: Scream Tail|Protosynthesis|[silent]\n|switch|p2b: Flutter Mane|Flutter Mane, L50|100\/100\n|-end|p1a: Iron Hands|Quark Drive|[silent]\n|switch|p1a: Urshifu|Urshifu-Rapid-Strike, L50, F|100\/100\n|move|p1b: Arcanine|Protect|p1b: Arcanine\n|-singleturn|p1b: Arcanine|Protect\n|move|p2a: Heatran|Earth Power|p1b: Arcanine\n|-activate|p1b: Arcanine|move: Protect\n|\n|upkeep\n|turn|4\n|inactive|Mr.Greentexts has 30 seconds left.\n|\n|t:|1701160427\n|move|p2b: Flutter Mane|Energy Ball|p1a: Urshifu\n|-supereffective|p1a: Urshifu\n|-enditem|p1a: Urshifu|Focus Sash\n|-damage|p1a: Urshifu|1\/100\n|-unboost|p1a: Urshifu|spd|1\n|move|p1a: Urshifu|Surging Strikes|p2a: Heatran\n|-supereffective|p2a: Heatran\n|-crit|p2a: Heatran\n|-damage|p2a: Heatran|66\/100\n|-supereffective|p2a: Heatran\n|-crit|p2a: Heatran\n|-damage|p2a: Heatran|33\/100\n|-supereffective|p2a: Heatran\n|-crit|p2a: Heatran\n|-damage|p2a: Heatran|0 fnt\n|faint|p2a: Heatran\n|-hitcount|p2: Heatran|3\n|move|p1b: Arcanine|Flare Blitz|p2b: Flutter Mane\n|-enditem|p2b: Flutter Mane|Focus Sash\n|-damage|p2b: Flutter Mane|1\/100\n|-damage|p1b: Arcanine|75\/100|[from] Recoil\n|\n|-heal|p2b: Flutter Mane|7\/100|[from] Grassy Terrain\n|-heal|p1a: Urshifu|7\/100|[from] Grassy Terrain\n|-heal|p1b: Arcanine|81\/100|[from] Grassy Terrain\n|upkeep\n|\n|t:|1701160450\n|switch|p2a: Rillaboom|Rillaboom, L50, M|100\/100\n|turn|5\n|\n|t:|1701160471\n|-terastallize|p2b: Flutter Mane|Grass\n|move|p2a: Rillaboom|Fake Out|p1a: Urshifu\n|-damage|p1a: Urshifu|0 fnt\n|faint|p1a: Urshifu\n|move|p2b: Flutter Mane|Energy Ball|p1b: Arcanine\n|-damage|p1b: Arcanine|0 fnt\n|faint|p1b: Arcanine\n|\n|-heal|p2b: Flutter Mane|14\/100|[from] Grassy Terrain\n|-fieldend|move: Grassy Terrain\n|upkeep\n|\n|t:|1701160481\n|switch|p1a: Gholdengo|Gholdengo, L50|100\/100\n|switch|p1b: Iron Hands|Iron Hands, L50|100\/100\n|turn|6\n|inactive|Mr.Greentexts has 30 seconds left.\n|\n|t:|1701160515\n|-end|p2b: Flutter Mane|Protosynthesis|[silent]\n|switch|p2b: Scream Tail|Scream Tail, L50|99\/100\n|-terastallize|p1a: Gholdengo|Dragon\n|move|p1b: Iron Hands|Fake Out|p2b: Scream Tail\n|-damage|p2b: Scream Tail|88\/100\n|move|p1a: Gholdengo|Nasty Plot|p1a: Gholdengo\n|-boost|p1a: Gholdengo|spa|2\n|move|p2a: Rillaboom|High Horsepower|p1a: Gholdengo\n|-damage|p1a: Gholdengo|70\/100\n|\n|-heal|p1a: Gholdengo|76\/100|[from] item: Leftovers\n|upkeep\n|turn|7\n|inactive|Mr.Greentexts has 30 seconds left.\n|inactive|Mr.Greentexts has 20 seconds left.\n|\n|t:|1701160553\n|move|p2b: Scream Tail|Encore|p1b: Iron Hands\n|-start|p1b: Iron Hands|Encore\n|move|p1a: Gholdengo|Make It Rain|p2b: Scream Tail|[spread] p2a,p2b\n|-supereffective|p2b: Scream Tail\n|-damage|p2a: Rillaboom|35\/100\n|-damage|p2b: Scream Tail|0 fnt\n|-unboost|p1a: Gholdengo|spa|1\n|faint|p2b: Scream Tail\n|-end|p2b: Scream Tail|Protosynthesis|[silent]\n|move|p2a: Rillaboom|Wood Hammer|p1b: Iron Hands\n|-damage|p1b: Iron Hands|62\/100\n|-damage|p2a: Rillaboom|19\/100|[from] Recoil\n|move|p1b: Iron Hands|Fake Out||[still]\n|-hint|Fake Out only works on your first turn out.\n|-fail|p1b: Iron Hands\n|\n|-heal|p1a: Gholdengo|82\/100|[from] item: Leftovers\n|upkeep\n|\n|t:|1701160559\n|switch|p2b: Flutter Mane|Flutter Mane, L50, tera:Grass|14\/100\n|turn|8\n|\n|t:|1701160575\n|move|p1a: Gholdengo|Protect|p1a: Gholdengo\n|-singleturn|p1a: Gholdengo|Protect\n|move|p1b: Iron Hands|Fake Out||[still]\n|-hint|Fake Out only works on your first turn out.\n|-fail|p1b: Iron Hands\n|move|p2b: Flutter Mane|Moonblast|p1a: Gholdengo\n|-activate|p1a: Gholdengo|move: Protect\n|move|p2a: Rillaboom|High Horsepower|p1b: Iron Hands\n|-supereffective|p1b: Iron Hands\n|-damage|p1b: Iron Hands|20\/100\n|\n|-heal|p1a: Gholdengo|88\/100|[from] item: Leftovers\n|upkeep\n|turn|9\n|\n|t:|1701160590\n|move|p1b: Iron Hands|Fake Out||[still]\n|-hint|Fake Out only works on your first turn out.\n|-fail|p1b: Iron Hands\n|move|p2b: Flutter Mane|Moonblast|p1a: Gholdengo\n|-supereffective|p1a: Gholdengo\n|-damage|p1a: Gholdengo|0 fnt\n|faint|p1a: Gholdengo\n|move|p2a: Rillaboom|High Horsepower|p1b: Iron Hands\n|-supereffective|p1b: Iron Hands\n|-damage|p1b: Iron Hands|0 fnt\n|faint|p1b: Iron Hands\n|-end|p1b: Iron Hands|Quark Drive|[silent]\n|\n|win|Mr.Greentexts\n|raw|Wicked_bandit's rating: 1127 &rarr; <strong>1106<\/strong><br \/>(-21 for losing)\n|raw|Mr.Greentexts's rating: 1190 &rarr; <strong>1211<\/strong><br \/>(+21 for winning)\n|l|\u2606Wicked_bandit\n","uploadtime":1701160620,"views":20,"p1id":"wickedbandit","p2id":"mrgreentexts","formatid":"gen9vgc2023regulatione","rating":1106,"private":0,"password":""}