{"id":"gen9vgc2023regulatione-1993350917","p1":"Mortipherus","p2":"calamardo576557","format":"[Gen 9] VGC 2023 Regulation E","log":"|j|\u2606Mortipherus\n|j|\u2606calamardo576557\n|t:|1700303933\n|gametype|doubles\n|player|p1|Mortipherus|biker-gen4|1242\n|player|p2|calamardo576557|1|1172\n|teamsize|p1|6\n|teamsize|p2|6\n|gen|9\n|tier|[Gen 9] VGC 2023 Regulation E\n|rated|\n|rule|Species Clause: Limit one of each Pok\u00e9mon\n|rule|Item Clause: Limit one of each item\n|clearpoke\n|poke|p1|Ursaluna-Bloodmoon, L50, M|\n|poke|p1|Iron Hands, L50|\n|poke|p1|Flutter Mane, L50|\n|poke|p1|Urshifu-*, L50, M|\n|poke|p1|Ogerpon-Cornerstone, L50, F|\n|poke|p1|Farigiraf, L50, F|\n|poke|p2|Zapdos-Galar, L50|\n|poke|p2|Chien-Pao, L50|\n|poke|p2|Dondozo, L50, M|\n|poke|p2|Heatran, L50, M|\n|poke|p2|Rillaboom, L50, M|\n|poke|p2|Flutter Mane, L50|\n|teampreview|4\n|inactive|Battle timer is ON: inactive players will automatically lose when time's up. (requested by calamardo576557)\n|\n|t:|1700303952\n|start\n|switch|p1a: Urshifu|Urshifu-Rapid-Strike, L50, M|100\/100\n|switch|p1b: Flutter Mane|Flutter Mane, L50, shiny|100\/100\n|switch|p2a: Zapdos|Zapdos-Galar, L50|100\/100\n|switch|p2b: Chien-Pao|Chien-Pao, L50|100\/100\n|-ability|p2b: Chien-Pao|Sword of Ruin\n|-enditem|p1b: Flutter Mane|Booster Energy\n|-activate|p1b: Flutter Mane|ability: Protosynthesis|[fromitem]\n|-start|p1b: Flutter Mane|protosynthesisspe\n|turn|1\n|inactive|Mortipherus has 30 seconds left.\n|inactive|calamardo576557 has 30 seconds left.\n|inactive|calamardo576557 has 20 seconds left.\n|inactive|calamardo576557 has 15 seconds left.\n|inactive|calamardo576557 has 10 seconds left.\n|\n|t:|1700303998\n|-terastallize|p2a: Zapdos|Ghost\n|move|p2b: Chien-Pao|Sucker Punch|p1b: Flutter Mane\n|-damage|p1b: Flutter Mane|11\/100\n|move|p1b: Flutter Mane|Moonblast|p2a: Zapdos\n|-damage|p2a: Zapdos|43\/100\n|move|p2a: Zapdos|Brave Bird|p1a: Urshifu\n|-supereffective|p1a: Urshifu\n|-enditem|p1a: Urshifu|Focus Sash\n|-damage|p1a: Urshifu|1\/100\n|-damage|p2a: Zapdos|8\/100|[from] Recoil\n|move|p1a: Urshifu|Surging Strikes|p2b: Chien-Pao\n|-crit|p2b: Chien-Pao\n|-damage|p2b: Chien-Pao|70\/100\n|-crit|p2b: Chien-Pao\n|-damage|p2b: Chien-Pao|38\/100\n|-crit|p2b: Chien-Pao\n|-damage|p2b: Chien-Pao|9\/100\n|-hitcount|p2b: Chien-Pao|3\n|\n|upkeep\n|turn|2\n|inactive|Mortipherus has 30 seconds left.\n|\n|t:|1700304027\n|move|p1a: Urshifu|Detect|p1a: Urshifu\n|-singleturn|p1a: Urshifu|Protect\n|move|p2b: Chien-Pao|Sucker Punch|p1b: Flutter Mane\n|-damage|p1b: Flutter Mane|0 fnt\n|faint|p1b: Flutter Mane\n|-end|p1b: Flutter Mane|Protosynthesis|[silent]\n|move|p2a: Zapdos|Brave Bird|p1a: Urshifu\n|-activate|p1a: Urshifu|move: Protect\n|\n|upkeep\n|\n|t:|1700304039\n|switch|p1b: Iron Hands|Iron Hands, L50|100\/100\n|turn|3\n|\n|t:|1700304050\n|switch|p2b: Flutter Mane|Flutter Mane, L50|100\/100\n|-enditem|p2b: Flutter Mane|Booster Energy\n|-activate|p2b: Flutter Mane|ability: Protosynthesis|[fromitem]\n|-start|p2b: Flutter Mane|protosynthesisspa\n|move|p1b: Iron Hands|Fake Out|p2b: Flutter Mane\n|-immune|p2b: Flutter Mane\n|move|p1a: Urshifu|Aqua Jet|p2a: Zapdos\n|-damage|p2a: Zapdos|0 fnt\n|faint|p2a: Zapdos\n|\n|upkeep\n|\n|t:|1700304060\n|switch|p2a: Dondozo|Dondozo, L50, M|100\/100\n|turn|4\n|inactive|Mortipherus has 30 seconds left.\n|\n|t:|1700304088\n|move|p1a: Urshifu|Detect|p1a: Urshifu\n|-singleturn|p1a: Urshifu|Protect\n|move|p2b: Flutter Mane|Dazzling Gleam|p1a: Urshifu|[spread] p1b\n|-activate|p1a: Urshifu|move: Protect\n|-supereffective|p1b: Iron Hands\n|-damage|p1b: Iron Hands|63\/100\n|move|p1b: Iron Hands|Ice Punch|p2b: Flutter Mane\n|-damage|p2b: Flutter Mane|45\/100\n|move|p2a: Dondozo|Stomping Tantrum|p1b: Iron Hands\n|-supereffective|p1b: Iron Hands\n|-damage|p1b: Iron Hands|34\/100\n|\n|upkeep\n|turn|5\n|\n|t:|1700304109\n|move|p1a: Urshifu|Aqua Jet|p2b: Flutter Mane\n|-crit|p2b: Flutter Mane\n|-damage|p2b: Flutter Mane|0 fnt\n|faint|p2b: Flutter Mane\n|-end|p2b: Flutter Mane|Protosynthesis|[silent]\n|move|p1b: Iron Hands|Wild Charge|p2a: Dondozo\n|-supereffective|p2a: Dondozo\n|-damage|p2a: Dondozo|33\/100\n|-damage|p1b: Iron Hands|17\/100|[from] Recoil\n|move|p2a: Dondozo|Outrage|p1b: Iron Hands\n|-damage|p1b: Iron Hands|0 fnt\n|faint|p1b: Iron Hands\n|-end|p1b: Iron Hands|Quark Drive|[silent]\n|\n|upkeep\n|\n|t:|1700304124\n|switch|p2b: Chien-Pao|Chien-Pao, L50|9\/100\n|switch|p1b: Ogerpon|Ogerpon-Cornerstone, L50, F|100\/100\n|-ability|p2b: Chien-Pao|Sword of Ruin\n|turn|6\n|\n|t:|1700304137\n|move|p1a: Urshifu|Detect|p1a: Urshifu\n|-singleturn|p1a: Urshifu|Protect\n|move|p2b: Chien-Pao|Sucker Punch||[still]\n|-fail|p2b: Chien-Pao\n|move|p1b: Ogerpon|Wood Hammer|p2a: Dondozo\n|-supereffective|p2a: Dondozo\n|-damage|p2a: Dondozo|0 fnt\n|faint|p2a: Dondozo\n|-damage|p1b: Ogerpon|87\/100|[from] Recoil\n|\n|upkeep\n|turn|7\n|-message|calamardo576557 forfeited.\n|\n|win|Mortipherus\n|raw|Mortipherus's rating: 1242 &rarr; <strong>1262<\/strong><br \/>(+20 for winning)\n|raw|calamardo576557's rating: 1172 &rarr; <strong>1152<\/strong><br \/>(-20 for losing)\n|l|\u2606calamardo576557\n","uploadtime":1700304152,"views":22,"p1id":"mortipherus","p2id":"calamardo576557","formatid":"gen9vgc2023regulatione","rating":1152,"private":0,"password":""}