{"id":"gen9vgc2023regulatione-1996381767","p1":"TrapZelda","p2":"K41ZER","format":"[Gen 9] VGC 2023 Regulation E","log":"|j|\u2606TrapZelda\n|j|\u2606K41ZER\n|t:|1700676664\n|gametype|doubles\n|player|p1|TrapZelda|266|1234\n|player|p2|K41ZER|gentleman|1205\n|teamsize|p1|6\n|teamsize|p2|6\n|gen|9\n|tier|[Gen 9] VGC 2023 Regulation E\n|rated|\n|rule|Species Clause: Limit one of each Pok\u00e9mon\n|rule|Item Clause: Limit one of each item\n|clearpoke\n|poke|p1|Annihilape, L50, M|\n|poke|p1|Oranguru, L50, F|\n|poke|p1|Sinistcha, L50|\n|poke|p1|Tinkaton, L50, F|\n|poke|p1|Ursaluna-Bloodmoon, L50, M|\n|poke|p1|Torkoal, L50, F|\n|poke|p2|Tyranitar, L50, M|\n|poke|p2|Gastrodon, L50, F|\n|poke|p2|Glimmora, L50, F|\n|poke|p2|Arcanine-Hisui, L50, F|\n|poke|p2|Urshifu-*, L50, M|\n|poke|p2|Rillaboom, L50, M|\n|teampreview|4\n|inactive|Battle timer is ON: inactive players will automatically lose when time's up. (requested by TrapZelda)\nK41ZER rejected open team sheets.\n|inactive|TrapZelda has 60 seconds left.\n|inactive|K41ZER has 60 seconds left.\n|inactive|K41ZER has 30 seconds left.\n|inactive|K41ZER has 20 seconds left.\n|inactive|K41ZER has 15 seconds left.\n|\n|t:|1700676740\n|start\n|switch|p1a: Annihilape|Annihilape, L50, M|100\/100\n|switch|p1b: Sinistcha|Sinistcha, L50|100\/100\n|switch|p2a: Tyranitar|Tyranitar, L50, M|100\/100\n|switch|p2b: Rillaboom|Rillaboom, L50, M|100\/100\n|-weather|Sandstorm|[from] ability: Sand Stream|[of] p2a: Tyranitar\n|-fieldstart|move: Grassy Terrain|[from] ability: Grassy Surge|[of] p2b: Rillaboom\n|turn|1\n|inactive|K41ZER has 30 seconds left.\n|inactive|K41ZER has 20 seconds left.\n|inactive|K41ZER has 15 seconds left.\n|\n|t:|1700676782\n|-terastallize|p2a: Tyranitar|Psychic\n|move|p1a: Annihilape|Protect|p1a: Annihilape\n|-singleturn|p1a: Annihilape|Protect\n|move|p2a: Tyranitar|Tera Blast|p1a: Annihilape|[anim] Tera Blast Psychic\n|-activate|p1a: Annihilape|move: Protect\n|move|p2b: Rillaboom|U-turn|p1b: Sinistcha\n|-damage|p1b: Sinistcha|83\/100\n|-damage|p2b: Rillaboom|84\/100|[from] item: Rocky Helmet|[of] p1b: Sinistcha\n|\n|t:|1700676794\n|switch|p2b: Arcanine|Arcanine-Hisui, L50, F|100\/100|[from] U-turn\n|-ability|p2b: Arcanine|Intimidate|boost\n|-unboost|p1a: Annihilape|atk|1\n|-ability|p1a: Annihilape|Defiant|boost\n|-boost|p1a: Annihilape|atk|2\n|-unboost|p1b: Sinistcha|atk|1\n|move|p1b: Sinistcha|Trick Room|p1b: Sinistcha\n|-fieldstart|move: Trick Room|[of] p1b: Sinistcha\n|\n|-weather|Sandstorm|[upkeep]\n|-damage|p1b: Sinistcha|77\/100|[from] Sandstorm\n|-damage|p1a: Annihilape|95\/100|[from] Sandstorm\n|-damage|p2a: Tyranitar|94\/100|[from] Sandstorm\n|-heal|p1b: Sinistcha|83\/100|[from] Grassy Terrain\n|-heal|p1a: Annihilape|100\/100|[from] Grassy Terrain\n|-heal|p2a: Tyranitar|100\/100|[from] Grassy Terrain\n|upkeep\n|turn|2\n|\n|t:|1700676816\n|switch|p1b: Oranguru|Oranguru, L50, F|100\/100\n|-terastallize|p1a: Annihilape|Ground\n|move|p1a: Annihilape|Earthquake|p2a: Tyranitar|[spread] p2a,p2b\n|-activate|p1b: Oranguru|ability: Telepathy\n|-supereffective|p2b: Arcanine\n|-damage|p2a: Tyranitar|71\/100\n|-damage|p2b: Arcanine|0 fnt\n|faint|p2b: Arcanine\n|move|p2a: Tyranitar|Tera Blast|p1a: Annihilape|[anim] Tera Blast Psychic\n|-damage|p1a: Annihilape|56\/100\n|\n|-weather|Sandstorm|[upkeep]\n|-damage|p1b: Oranguru|95\/100|[from] Sandstorm\n|-damage|p2a: Tyranitar|65\/100|[from] Sandstorm\n|-heal|p1b: Oranguru|100\/100|[from] Grassy Terrain\n|-heal|p1a: Annihilape|61\/100|[from] Grassy Terrain\n|-heal|p1a: Annihilape|67\/100|[from] item: Leftovers\n|-heal|p2a: Tyranitar|71\/100|[from] Grassy Terrain\n|upkeep\n|inactive|K41ZER has 30 seconds left.\n|\n|t:|1700676843\n|switch|p2b: Rillaboom|Rillaboom, L50, M|84\/100\n|turn|3\n|\n|t:|1700676856\n|move|p1a: Annihilape|Protect|p1a: Annihilape\n|-singleturn|p1a: Annihilape|Protect\n|move|p2b: Rillaboom|Grassy Glide|p1a: Annihilape\n|-activate|p1a: Annihilape|move: Protect\n|move|p1b: Oranguru|Foul Play|p2b: Rillaboom\n|-damage|p2b: Rillaboom|59\/100\n|move|p2a: Tyranitar|Knock Off|p1b: Oranguru\n|-supereffective|p1b: Oranguru\n|-damage|p1b: Oranguru|0 fnt\n|-enditem|p1b: Oranguru|Mental Herb|[from] move: Knock Off|[of] p2a: Tyranitar\n|faint|p1b: Oranguru\n|\n|-weather|Sandstorm|[upkeep]\n|-damage|p2b: Rillaboom|53\/100|[from] Sandstorm\n|-damage|p2a: Tyranitar|65\/100|[from] Sandstorm\n|-heal|p1a: Annihilape|73\/100|[from] Grassy Terrain\n|-heal|p1a: Annihilape|79\/100|[from] item: Leftovers\n|-heal|p2b: Rillaboom|59\/100|[from] Grassy Terrain\n|-heal|p2a: Tyranitar|71\/100|[from] Grassy Terrain\n|upkeep\n|\n|t:|1700676878\n|switch|p1b: Ursaluna|Ursaluna-Bloodmoon, L50, M|100\/100\n|turn|4\n|\n|t:|1700676900\n|switch|p1a: Sinistcha|Sinistcha, L50|83\/100\n|move|p2b: Rillaboom|Grassy Glide|p1a: Sinistcha\n|-resisted|p1a: Sinistcha\n|-damage|p1a: Sinistcha|70\/100\n|-damage|p2b: Rillaboom|43\/100|[from] item: Rocky Helmet|[of] p1a: Sinistcha\n|-enditem|p2b: Rillaboom|Sitrus Berry|[eat]\n|-heal|p2b: Rillaboom|68\/100|[from] item: Sitrus Berry\n|move|p1b: Ursaluna|Hyper Voice|p2a: Tyranitar|[spread] p2a,p2b\n|-crit|p2a: Tyranitar\n|-damage|p2a: Tyranitar|22\/100\n|-damage|p2b: Rillaboom|19\/100\n|move|p2a: Tyranitar|Low Kick|p1b: Ursaluna\n|-supereffective|p1b: Ursaluna\n|-damage|p1b: Ursaluna|31\/100\n|\n|-weather|Sandstorm|[upkeep]\n|-damage|p1a: Sinistcha|64\/100|[from] Sandstorm\n|-damage|p2b: Rillaboom|13\/100|[from] Sandstorm\n|-damage|p2a: Tyranitar|16\/100|[from] Sandstorm\n|-heal|p1b: Ursaluna|37\/100|[from] Grassy Terrain\n|-heal|p1a: Sinistcha|70\/100|[from] Grassy Terrain\n|-heal|p2b: Rillaboom|19\/100|[from] Grassy Terrain\n|-heal|p2a: Tyranitar|22\/100|[from] Grassy Terrain\n|upkeep\n|turn|5\n|inactive|K41ZER has 30 seconds left.\n|inactive|K41ZER has 20 seconds left.\n|inactive|K41ZER has 15 seconds left.\n|inactive|K41ZER has 10 seconds left.\n|inactive|K41ZER has 5 seconds left.\n|\n|t:|1700676952\n|switch|p2b: Glimmora|Glimmora, L50, F, shiny|100\/100\n|move|p1b: Ursaluna|Protect|p1b: Ursaluna\n|-singleturn|p1b: Ursaluna|Protect\n|move|p1a: Sinistcha|Shadow Ball|p2b: Glimmora\n|-damage|p2b: Glimmora|79\/100\n|move|p2a: Tyranitar|Knock Off|p1a: Sinistcha\n|-supereffective|p1a: Sinistcha\n|-crit|p1a: Sinistcha\n|-damage|p1a: Sinistcha|0 fnt\n|-damage|p2a: Tyranitar|6\/100|[from] item: Rocky Helmet|[of] p1a: Sinistcha\n|-enditem|p1a: Sinistcha|Rocky Helmet|[from] move: Knock Off|[of] p2a: Tyranitar\n|faint|p1a: Sinistcha\n|\n|-weather|none\n|-heal|p1b: Ursaluna|43\/100|[from] Grassy Terrain\n|-heal|p2b: Glimmora|85\/100|[from] Grassy Terrain\n|-heal|p2a: Tyranitar|12\/100|[from] Grassy Terrain\n|-fieldend|move: Trick Room\n|-fieldend|move: Grassy Terrain\n|upkeep\n|\n|t:|1700676956\n|switch|p1a: Annihilape|Annihilape, L50, M, tera:Ground|79\/100\n|turn|6\n|inactive|K41ZER has 30 seconds left.\n|\n|t:|1700676985\n|move|p2b: Glimmora|Spiky Shield|p2b: Glimmora\n|-singleturn|p2b: Glimmora|move: Protect\n|move|p2a: Tyranitar|Low Kick|p1b: Ursaluna\n|-supereffective|p1b: Ursaluna\n|-damage|p1b: Ursaluna|0 fnt\n|faint|p1b: Ursaluna\n|move|p1a: Annihilape|Rage Fist|p2a: Tyranitar\n|-supereffective|p2a: Tyranitar\n|-damage|p2a: Tyranitar|0 fnt\n|faint|p2a: Tyranitar\n|\n|-heal|p1a: Annihilape|85\/100|[from] item: Leftovers\n|upkeep\n|\n|t:|1700676996\n|switch|p2a: Rillaboom|Rillaboom, L50, M|19\/100\n|-fieldstart|move: Grassy Terrain|[from] ability: Grassy Surge|[of] p2a: Rillaboom\n|turn|7\n|\n|t:|1700677010\n|move|p1a: Annihilape|Protect|p1a: Annihilape\n|-singleturn|p1a: Annihilape|Protect\n|move|p2a: Rillaboom|Grassy Glide|p1a: Annihilape\n|-activate|p1a: Annihilape|move: Protect\n|move|p2b: Glimmora|Energy Ball|p1a: Annihilape\n|-activate|p1a: Annihilape|move: Protect\n|\n|-heal|p2a: Rillaboom|25\/100|[from] Grassy Terrain\n|-heal|p2b: Glimmora|91\/100|[from] Grassy Terrain\n|-heal|p1a: Annihilape|90\/100|[from] Grassy Terrain\n|-heal|p1a: Annihilape|96\/100|[from] item: Leftovers\n|upkeep\n|turn|8\n|\n|t:|1700677027\n|move|p2a: Rillaboom|Grassy Glide|p1a: Annihilape\n|-supereffective|p1a: Annihilape\n|-damage|p1a: Annihilape|31\/100\n|move|p2b: Glimmora|Energy Ball|p1a: Annihilape\n|-supereffective|p1a: Annihilape\n|-damage|p1a: Annihilape|0 fnt\n|faint|p1a: Annihilape\n|\n|win|K41ZER\n|raw|TrapZelda's rating: 1234 &rarr; <strong>1207<\/strong><br \/>(-27 for losing)\n|raw|K41ZER's rating: 1205 &rarr; <strong>1232<\/strong><br \/>(+27 for winning)\n|c|\u2606K41ZER|gg\n|l|\u2606TrapZelda\n","uploadtime":1700677049,"views":14,"p1id":"trapzelda","p2id":"k41zer","formatid":"gen9vgc2023regulatione","rating":1207,"private":0,"password":""}