{"id":"gen9vgc2023regulatione-1990261530","p1":"Jerry Judewong","p2":"5Sscreen","format":"[Gen 9] VGC 2023 Regulation E","log":"|j|\u2606Jerry Judewong\n|j|\u26065Sscreen\n|t:|1699946646\n|gametype|doubles\n|player|p1|Jerry Judewong|waitress-gen4|1050\n|player|p2|5Sscreen|pokekid|1121\n|teamsize|p1|6\n|teamsize|p2|6\n|gen|9\n|tier|[Gen 9] VGC 2023 Regulation E\n|rated|\n|rule|Species Clause: Limit one of each Pok\u00e9mon\n|rule|Item Clause: Limit one of each item\n|clearpoke\n|poke|p1|Bellibolt, L50, F|\n|poke|p1|Thundurus, L50, M|\n|poke|p1|Pachirisu, L50, F|\n|poke|p1|Sinistcha, L50|\n|poke|p1|Iron Hands, L50|\n|poke|p1|Iron Bundle, L50|\n|poke|p2|Goodra-Hisui, L50, F|\n|poke|p2|Sinistcha, L50|\n|poke|p2|Bellibolt, L50, F|\n|poke|p2|Landorus-Therian, L50, M|\n|poke|p2|Grimmsnarl, L50, M|\n|poke|p2|Corviknight, L50, F|\n|teampreview|4\nJerry Judewong has agreed to open team sheets.\n|\n|t:|1699946675\n|start\n|switch|p1a: Thundurus|Thundurus, L50, M|100\/100\n|switch|p1b: Iron Bundle|Iron Bundle, L50|100\/100\n|switch|p2a: Grimmsnarl|Grimmsnarl, L50, M|100\/100\n|switch|p2b: Bellibolt|Bellibolt, L50, F|100\/100\n|turn|1\n|\n|t:|1699946694\n|move|p1a: Thundurus|Electric Terrain|p1a: Thundurus\n|-fieldstart|move: Electric Terrain\n|-activate|p1b: Iron Bundle|ability: Quark Drive\n|-start|p1b: Iron Bundle|quarkdrivespe\n|move|p2a: Grimmsnarl|Light Screen|p2a: Grimmsnarl\n|-sidestart|p2: 5Sscreen|move: Light Screen\n|move|p1b: Iron Bundle|Encore|p2a: Grimmsnarl\n|-start|p2a: Grimmsnarl|Encore\n|move|p2b: Bellibolt|Thunderbolt|p1b: Iron Bundle\n|-supereffective|p1b: Iron Bundle\n|-damage|p1b: Iron Bundle|0 fnt\n|faint|p1b: Iron Bundle\n|-end|p1b: Iron Bundle|Quark Drive|[silent]\n|\n|upkeep\n|\n|t:|1699946704\n|switch|p1b: Bellibolt|Bellibolt, L50, F|100\/100\n|turn|2\n|\n|t:|1699946715\n|switch|p2a: Goodra|Goodra-Hisui, L50, F|100\/100\n|move|p1a: Thundurus|Eerie Impulse|p2b: Bellibolt\n|-unboost|p2b: Bellibolt|spa|2\n|move|p2b: Bellibolt|Acid Spray|p1a: Thundurus\n|-damage|p1a: Thundurus|94\/100\n|-unboost|p1a: Thundurus|spd|2\n|move|p1b: Bellibolt|Thunderbolt|p2a: Goodra\n|-resisted|p2a: Goodra\n|-damage|p2a: Goodra|89\/100\n|\n|-heal|p2a: Goodra|95\/100|[from] item: Leftovers\n|upkeep\n|turn|3\n|\n|t:|1699946739\n|move|p1a: Thundurus|Eerie Impulse|p2b: Bellibolt\n|-unboost|p2b: Bellibolt|spa|2\n|move|p2a: Goodra|Shelter|p2a: Goodra\n|-boost|p2a: Goodra|def|2\n|move|p2b: Bellibolt|Thunderbolt|p1a: Thundurus\n|-damage|p1a: Thundurus|60\/100\n|move|p1b: Bellibolt|Muddy Water|p2a: Goodra|[spread] p2a,p2b\n|-resisted|p2a: Goodra\n|-damage|p2a: Goodra|91\/100\n|-damage|p2b: Bellibolt|93\/100\n|-start|p2b: Bellibolt|Charge|Muddy Water|[from] ability: Electromorphosis\n|\n|-heal|p2a: Goodra|97\/100|[from] item: Leftovers\n|upkeep\n|turn|4\n|\n|t:|1699946767\n|switch|p1a: Sinistcha|Sinistcha, L50|100\/100\n|move|p2a: Goodra|Body Press|p1a: Sinistcha\n|-immune|p1a: Sinistcha\n|move|p2b: Bellibolt|Thunderbolt|p1a: Sinistcha\n|-resisted|p1a: Sinistcha\n|-damage|p1a: Sinistcha|83\/100\n|-end|p2b: Bellibolt|Charge|[silent]\n|move|p1b: Bellibolt|Thunderbolt|p2b: Bellibolt\n|-resisted|p2b: Bellibolt\n|-damage|p2b: Bellibolt|82\/100\n|-start|p2b: Bellibolt|Charge|Thunderbolt|[from] ability: Electromorphosis\n|\n|-heal|p2a: Goodra|100\/100|[from] item: Leftovers\n|upkeep\n|turn|5\n|\n|t:|1699946796\n|switch|p2b: Grimmsnarl|Grimmsnarl, L50, M|100\/100\n|move|p2a: Goodra|Heavy Slam|p1a: Sinistcha\n|-damage|p1a: Sinistcha|52\/100\n|move|p1a: Sinistcha|Matcha Gotcha|p2b: Grimmsnarl|[spread] p2a,p2b\n|-resisted|p2a: Goodra\n|-damage|p2a: Goodra|98\/100\n|-heal|p1a: Sinistcha|54\/100|[from] drain|[of] p2a: Goodra\n|-damage|p2b: Grimmsnarl|87\/100\n|-heal|p1a: Sinistcha|62\/100|[from] drain|[of] p2b: Grimmsnarl\n|move|p1b: Bellibolt|Muddy Water|p2b: Grimmsnarl|[spread] p2a\n|-miss|p1b: Bellibolt|p2b: Grimmsnarl\n|-resisted|p2a: Goodra\n|-damage|p2a: Goodra|93\/100\n|\n|-heal|p2a: Goodra|99\/100|[from] item: Leftovers\n|upkeep\n|turn|6\n|\n|t:|1699946818\n|move|p1a: Sinistcha|Protect|p1a: Sinistcha\n|-singleturn|p1a: Sinistcha|Protect\n|move|p2b: Grimmsnarl|Parting Shot|p1b: Bellibolt\n|-unboost|p1b: Bellibolt|atk|1\n|-unboost|p1b: Bellibolt|spa|1\n|\n|t:|1699946825\n|switch|p2b: Bellibolt|Bellibolt, L50, F|82\/100|[from] Parting Shot\n|move|p2a: Goodra|Body Press|p1a: Sinistcha\n|-activate|p1a: Sinistcha|move: Protect\n|move|p1b: Bellibolt|Parabolic Charge|p2b: Bellibolt|[spread] p2a,p2b\n|-activate|p1a: Sinistcha|move: Protect\n|-resisted|p2a: Goodra\n|-resisted|p2b: Bellibolt\n|-damage|p2a: Goodra|95\/100\n|-damage|p2b: Bellibolt|79\/100\n|-start|p2b: Bellibolt|Charge|Parabolic Charge|[from] ability: Electromorphosis\n|\n|-heal|p2a: Goodra|100\/100|[from] item: Leftovers\n|upkeep\n|turn|7\n|-message|Jerry Judewong forfeited.\n|\n|win|5Sscreen\n|raw|Jerry Judewong's rating: 1050 &rarr; <strong>1036<\/strong><br \/>(-14 for losing)\n|raw|5Sscreen's rating: 1121 &rarr; <strong>1141<\/strong><br \/>(+20 for winning)\n|l|\u2606Jerry Judewong\n","uploadtime":1699946853,"views":22,"p1id":"jerryjudewong","p2id":"5sscreen","formatid":"gen9vgc2023regulatione","rating":1036,"private":0,"password":""}