{"id":"gen9vgc2023regulatione-1992991849","p1":"Pr1ncip3","p2":"dahvido","format":"[Gen 9] VGC 2023 Regulation E","log":"|j|\u2606Pr1ncip3\n|j|\u2606dahvido\n|t:|1700253432\n|gametype|doubles\n|player|p1|Pr1ncip3|266|1169\n|player|p2|dahvido|2|1137\n|teamsize|p1|6\n|teamsize|p2|6\n|gen|9\n|tier|[Gen 9] VGC 2023 Regulation E\n|rated|\n|rule|Species Clause: Limit one of each Pok\u00e9mon\n|rule|Item Clause: Limit one of each item\n|clearpoke\n|poke|p1|Heatran, L50, F|\n|poke|p1|Ninetales-Alola, L50, F|\n|poke|p1|Sinistcha, L50|\n|poke|p1|Gyarados, L50, M|\n|poke|p1|Ursaluna-Bloodmoon, L50, M|\n|poke|p1|Iron Hands, L50|\n|poke|p2|Typhlosion-Hisui, L50, F|\n|poke|p2|Sneasler, L50, F|\n|poke|p2|Indeedee-F, L50, F|\n|poke|p2|Torkoal, L50, F|\n|poke|p2|Armarouge, L50, M|\n|poke|p2|Baxcalibur, L50, M|\n|teampreview|4\n|\n|t:|1700253459\n|start\n|switch|p1a: Sinistcha|Sinistcha, L50|100\/100\n|switch|p1b: Ursaluna|Ursaluna-Bloodmoon, L50, M|100\/100\n|switch|p2a: Indeedee|Indeedee-F, L50, F|100\/100\n|switch|p2b: Sneasler|Sneasler, L50, F|100\/100\n|-fieldstart|move: Psychic Terrain|[from] ability: Psychic Surge|[of] p2a: Indeedee\n|turn|1\n|inactive|Battle timer is ON: inactive players will automatically lose when time's up. (requested by dahvido)\n|\n|t:|1700253504\n|move|p1b: Ursaluna|Protect|p1b: Ursaluna\n|-singleturn|p1b: Ursaluna|Protect\n|move|p2a: Indeedee|Fake Out|p1b: Ursaluna\n|-activate|p1b: Ursaluna|move: Psychic Terrain\n|move|p2b: Sneasler|Fling|p1b: Ursaluna\n|-activate|p1b: Ursaluna|move: Protect\n|-enditem|p2b: Sneasler|Toxic Orb|[from] move: Fling\n|move|p1a: Sinistcha|Trick Room|p1a: Sinistcha\n|-fieldstart|move: Trick Room|[of] p1a: Sinistcha\n|\n|upkeep\n|turn|2\n|\n|t:|1700253529\n|switch|p2a: Armarouge|Armarouge, L50, M|100\/100\n|move|p1b: Ursaluna|Earth Power|p2b: Sneasler\n|-supereffective|p2b: Sneasler\n|-damage|p2b: Sneasler|0 fnt\n|faint|p2b: Sneasler\n|move|p1a: Sinistcha|Matcha Gotcha|p2a: Armarouge\n|-resisted|p2a: Armarouge\n|-damage|p2a: Armarouge|83\/100\n|\n|upkeep\n|\n|t:|1700253541\n|switch|p2b: Baxcalibur|Baxcalibur, L50, M|100\/100\n|turn|3\n|inactive|Pr1ncip3 has 30 seconds left.\n|\n|t:|1700253568\n|-terastallize|p1b: Ursaluna|Poison\n|move|p1b: Ursaluna|Calm Mind|p1b: Ursaluna\n|-boost|p1b: Ursaluna|spa|1\n|-boost|p1b: Ursaluna|spd|1\n|move|p1a: Sinistcha|Matcha Gotcha|p2a: Armarouge|[spread] p2a,p2b\n|-resisted|p2a: Armarouge\n|-resisted|p2b: Baxcalibur\n|-damage|p2a: Armarouge|70\/100\n|-damage|p2b: Baxcalibur|89\/100\n|move|p2a: Armarouge|Expanding Force|p1a: Sinistcha|[spread] p1a,p1b\n|-supereffective|p1b: Ursaluna\n|-damage|p1a: Sinistcha|25\/100\n|-damage|p1b: Ursaluna|23\/100\n|-enditem|p1a: Sinistcha|Sitrus Berry|[eat]\n|-heal|p1a: Sinistcha|49\/100|[from] item: Sitrus Berry\n|move|p2b: Baxcalibur|Icicle Spear|p1b: Ursaluna\n|-damage|p1b: Ursaluna|11\/100\n|-damage|p1b: Ursaluna|0 fnt\n|faint|p1b: Ursaluna\n|-hitcount|p1: Ursaluna|2\n|\n|upkeep\n|\n|t:|1700253589\n|switch|p1b: Iron Hands|Iron Hands, L50|100\/100\n|turn|4\n|\n|t:|1700253612\n|move|p1b: Iron Hands|Drain Punch|p2b: Baxcalibur\n|-supereffective|p2b: Baxcalibur\n|-damage|p2b: Baxcalibur|16\/100\n|move|p1a: Sinistcha|Matcha Gotcha|p2a: Armarouge|[spread] p2a,p2b\n|-resisted|p2a: Armarouge\n|-crit|p2a: Armarouge\n|-resisted|p2b: Baxcalibur\n|-damage|p2a: Armarouge|49\/100\n|-heal|p1a: Sinistcha|61\/100|[from] drain|[of] p2a: Armarouge\n|-damage|p2b: Baxcalibur|5\/100\n|-heal|p1a: Sinistcha|67\/100|[from] drain|[of] p2b: Baxcalibur\n|move|p2a: Armarouge|Expanding Force|p1a: Sinistcha|[spread] p1a,p1b\n|-supereffective|p1b: Iron Hands\n|-damage|p1a: Sinistcha|0 fnt\n|-damage|p1b: Iron Hands|38\/100\n|faint|p1a: Sinistcha\n|move|p2b: Baxcalibur|Glaive Rush|p1b: Iron Hands\n|-damage|p1b: Iron Hands|0 fnt\n|-singlemove|p2b: Baxcalibur|Glaive Rush|[silent]\n|faint|p1b: Iron Hands\n|-end|p1b: Iron Hands|Quark Drive|[silent]\n|\n|upkeep\n|inactive|Pr1ncip3 has 30 seconds left.\n|inactive|Pr1ncip3 has 20 seconds left.\n|\n|t:|1700253648\n|switch|p1b: Heatran|Heatran, L50, F|100\/100\n|turn|5\n|inactive|dahvido has 30 seconds left.\n|inactive|dahvido has 20 seconds left.\n|inactive|dahvido has 15 seconds left.\n|\n|t:|1700253690\n|move|p2a: Armarouge|Wide Guard|p2a: Armarouge\n|-singleturn|p2a: Armarouge|Wide Guard\n|move|p1b: Heatran|Earth Power|p2a: Armarouge\n|-supereffective|p2a: Armarouge\n|-damage|p2a: Armarouge|0 fnt\n|faint|p2a: Armarouge\n|-damage|p1b: Heatran|91\/100|[from] item: Life Orb\n|move|p2b: Baxcalibur|Earthquake|p1b: Heatran\n|-supereffective|p1b: Heatran\n|-damage|p1b: Heatran|0 fnt\n|faint|p1b: Heatran\n|\n|win|dahvido\n|raw|Pr1ncip3's rating: 1169 &rarr; <strong>1142<\/strong><br \/>(-27 for losing)\n|raw|dahvido's rating: 1137 &rarr; <strong>1164<\/strong><br \/>(+27 for winning)\n|l|\u2606dahvido\n|l|\u2606Pr1ncip3\n|j|\u2606Pr1ncip3\n|player|p1|Pr1ncip3|266\n","uploadtime":1700254292,"views":12,"p1id":"pr1ncip3","p2id":"dahvido","formatid":"gen9vgc2023regulatione","rating":1142,"private":0,"password":""}