{"id":"gen9vgc2023regulatione-1997751868","p1":"Stryke Out","p2":"FuratBang","format":"[Gen 9] VGC 2023 Regulation E","log":"|j|\u2606Stryke Out\n|j|\u2606FuratBang\n|n|\u2606Stryke Out|strykeout\n|n|\u2606FuratBang|furatbang\n|html|View the match progress at <a href=\"\/game-bestof3-gen9vgc2023regulatione-1997751867\">game-bestof3-gen9vgc2023regulatione-1997751867<\/a>\n|t:|1700848859\n|gametype|doubles\n|player|p1|Stryke Out|cynthia-gen4|\n|player|p2|FuratBang|n|\n|teamsize|p1|6\n|teamsize|p2|6\n|gen|9\n|tier|[Gen 9] VGC 2023 Regulation E\n|rule|Species Clause: Limit one of each Pok\u00e9mon\n|rule|Item Clause: Limit one of each item\n|clearpoke\n|poke|p1|Clefable, L50, M|\n|poke|p1|Basculegion, L50, M|\n|poke|p1|Ting-Lu, L50|\n|poke|p1|Pelipper, L50, M|\n|poke|p1|Kilowattrel, L50, F|\n|poke|p1|Copperajah, L50, M|\n|poke|p2|Ninetales-Alola, L50, F|\n|poke|p2|Milotic, L50, F|\n|poke|p2|Infernape, L50, M|\n|poke|p2|Noivern, L50, M|\n|poke|p2|Ogerpon, L50, F|\n|poke|p2|Jolteon, L50, F|\n|teampreview|4\n|c|\u2606Stryke Out|glhf\n|j| Jstardude\n|c|\u2606FuratBang|glhf\n|j| Lux2821\n|j| ryanogiggs11\n|\n|t:|1700849036\n|start\n|switch|p1a: Shazam|Kilowattrel, L50, F|100\/100\n|switch|p1b: Uravity|Clefable, L50, M, shiny|100\/100\n|switch|p2a: Noivern|Noivern, L50, M|100\/100\n|switch|p2b: Jolteon|Jolteon, L50, F|100\/100\n|-item|p1a: Shazam|Focus Sash|[from] ability: Frisk|[of] p2a: Noivern|[identify]\n|-item|p1b: Uravity|Life Orb|[from] ability: Frisk|[of] p2a: Noivern|[identify]\n|turn|1\n|\n|t:|1700849168\n|switch|p1a: \u8840\u7ba1|Ting-Lu, L50|100\/100\n|-ability|p1a: \u8840\u7ba1|Vessel of Ruin\n|-terastallize|p2a: Noivern|Water\n|move|p2b: Jolteon|Volt Switch|p1b: Uravity\n|-damage|p1b: Uravity|77\/100\n|\n|t:|1700849248\n|switch|p2b: Ninetales|Ninetales-Alola, L50, F|100\/100|[from] Volt Switch\n|-weather|Snow|[from] ability: Snow Warning|[of] p2b: Ninetales\n|move|p2a: Noivern|Tailwind|p2a: Noivern\n|-sidestart|p2: FuratBang|move: Tailwind\n|move|p1b: Uravity|Moonblast|p2a: Noivern\n|-damage|p2a: Noivern|63\/100\n|\n|-weather|Snow|[upkeep]\n|upkeep\n|turn|2\n|\n|t:|1700849296\n|switch|p2a: Ogerpon|Ogerpon, L50, F|100\/100\n|move|p2b: Ninetales|Aurora Veil|p2b: Ninetales\n|-sidestart|p2: FuratBang|move: Aurora Veil\n|move|p1b: Uravity|Rain Dance|p1b: Uravity\n|-weather|RainDance\n|move|p1a: \u8840\u7ba1|Heavy Slam|p2b: Ninetales\n|-supereffective|p2b: Ninetales\n|-damage|p2b: Ninetales|0 fnt\n|faint|p2b: Ninetales\n|\n|-weather|RainDance|[upkeep]\n|upkeep\n|\n|t:|1700849314\n|switch|p2b: Noivern|Noivern, L50, M, tera:Water|63\/100\n|-item|p1a: \u8840\u7ba1|Leftovers|[from] ability: Frisk|[of] p2b: Noivern|[identify]\n|-item|p1b: Uravity|Life Orb|[from] ability: Frisk|[of] p2b: Noivern|[identify]\n|turn|3\n|l| ryanogiggs11\n|\n|t:|1700849373\n|-terastallize|p1a: \u8840\u7ba1|Poison\n|move|p2b: Noivern|Hurricane|p1b: Uravity\n|-damage|p1b: Uravity|44\/100\n|-start|p1b: Uravity|confusion\n|move|p2a: Ogerpon|Ivy Cudgel|p1a: \u8840\u7ba1\n|-resisted|p1a: \u8840\u7ba1\n|-damage|p1a: \u8840\u7ba1|82\/100\n|-damage|p2a: Ogerpon|91\/100|[from] item: Life Orb\n|-activate|p1b: Uravity|confusion\n|-damage|p1b: Uravity|40\/100|[from] confusion\n|move|p1a: \u8840\u7ba1|Fissure|p2a: Ogerpon|[miss]\n|-miss|p1a: \u8840\u7ba1|p2a: Ogerpon\n|\n|-weather|RainDance|[upkeep]\n|-heal|p1a: \u8840\u7ba1|88\/100|[from] item: Leftovers\n|upkeep\n|turn|4\n|\n|t:|1700849406\n|move|p2b: Noivern|Hurricane|p1a: \u8840\u7ba1\n|-damage|p1a: \u8840\u7ba1|65\/100\n|-start|p1a: \u8840\u7ba1|confusion\n|move|p2a: Ogerpon|Ivy Cudgel|p1b: Uravity\n|-damage|p1b: Uravity|0 fnt\n|faint|p1b: Uravity\n|-damage|p2a: Ogerpon|81\/100|[from] item: Life Orb\n|-activate|p1a: \u8840\u7ba1|confusion\n|-damage|p1a: \u8840\u7ba1|59\/100|[from] confusion\n|\n|-weather|RainDance|[upkeep]\n|-heal|p1a: \u8840\u7ba1|65\/100|[from] item: Leftovers\n|-sideend|p2: FuratBang|move: Tailwind\n|upkeep\n|\n|t:|1700849422\n|switch|p1b: Jeremy Wade|Basculegion, L50, M, shiny|100\/100\n|turn|5\n|\n|t:|1700849498\n|move|p2a: Ogerpon|Protect|p2a: Ogerpon\n|-singleturn|p2a: Ogerpon|Protect\n|move|p1b: Jeremy Wade|Last Respects|p2b: Noivern\n|-damage|p2b: Noivern|19\/100\n|move|p2b: Noivern|Hurricane|p1b: Jeremy Wade\n|-damage|p1b: Jeremy Wade|65\/100\n|-activate|p1a: \u8840\u7ba1|confusion\n|move|p1a: \u8840\u7ba1|Fissure|p2a: Ogerpon\n|-activate|p2a: Ogerpon|move: Protect\n|\n|-weather|RainDance|[upkeep]\n|-heal|p1a: \u8840\u7ba1|71\/100|[from] item: Leftovers\n|upkeep\n|turn|6\n|\n|t:|1700849532\n|move|p1b: Jeremy Wade|Last Respects|p2a: Ogerpon\n|-damage|p2a: Ogerpon|41\/100\n|move|p2b: Noivern|Hurricane|p1b: Jeremy Wade\n|-damage|p1b: Jeremy Wade|29\/100\n|move|p2a: Ogerpon|Ivy Cudgel|p1b: Jeremy Wade\n|-supereffective|p1b: Jeremy Wade\n|-damage|p1b: Jeremy Wade|0 fnt\n|faint|p1b: Jeremy Wade\n|-damage|p2a: Ogerpon|31\/100|[from] item: Life Orb\n|-end|p1a: \u8840\u7ba1|confusion\n|move|p1a: \u8840\u7ba1|Stomping Tantrum|p2b: Noivern\n|-damage|p2b: Noivern|0 fnt\n|faint|p2b: Noivern\n|\n|-weather|none\n|-heal|p1a: \u8840\u7ba1|77\/100|[from] item: Leftovers\n|-sideend|p2: FuratBang|move: Aurora Veil\n|upkeep\n|\n|t:|1700849548\n|switch|p2b: Jolteon|Jolteon, L50, F|100\/100\n|switch|p1b: Shazam|Kilowattrel, L50, F|100\/100\n|turn|7\n|\n|t:|1700849594\n|move|p1b: Shazam|Protect|p1b: Shazam\n|-singleturn|p1b: Shazam|Protect\n|move|p2a: Ogerpon|Protect|p2a: Ogerpon\n|-singleturn|p2a: Ogerpon|Protect\n|move|p2b: Jolteon|Thunder|p1a: \u8840\u7ba1\n|-damage|p1a: \u8840\u7ba1|51\/100\n|move|p1a: \u8840\u7ba1|Stomping Tantrum|p2b: Jolteon\n|-supereffective|p2b: Jolteon\n|-enditem|p2b: Jolteon|Focus Sash\n|-damage|p2b: Jolteon|1\/100\n|\n|-heal|p1a: \u8840\u7ba1|57\/100|[from] item: Leftovers\n|upkeep\n|turn|8\n|\n|t:|1700849642\n|move|p2b: Jolteon|Thunder|p1b: Shazam\n|-damage|p1b: Shazam|35\/100\n|move|p1b: Shazam|Hurricane|p2b: Jolteon\n|-resisted|p2b: Jolteon\n|-damage|p2b: Jolteon|0 fnt\n|faint|p2b: Jolteon\n|move|p2a: Ogerpon|Ivy Cudgel|p1b: Shazam\n|-resisted|p1b: Shazam\n|-damage|p1b: Shazam|0 fnt\n|faint|p1b: Shazam\n|-damage|p2a: Ogerpon|22\/100|[from] item: Life Orb\n|move|p1a: \u8840\u7ba1|Heavy Slam|p2a: Ogerpon\n|-damage|p2a: Ogerpon|0 fnt\n|faint|p2a: Ogerpon\n|\n|win|Stryke Out\n|c|\u2606Stryke Out|gg\n|inactive|Stryke Out has 50 seconds to confirm battle start!\n|inactive|FuratBang has 50 seconds to confirm battle start!\n|c|&|\/uhtml prompt-strykeout,Stryke Out is ready for game 2!\n|c|\u2606FuratBang|gg\n|inactive|FuratBang has 40 seconds to confirm battle start!\n|c|&|\/uhtml prompt-furatbang,FuratBang is ready for game 2!\nBoth players are ready! Starting next match!\n|l| Jstardude\n|l| Lux2821\n|j| ryanogiggs11\n|j| Jstardude\n|l|\u2606FuratBang\n|l| ryanogiggs11\n|l| Jstardude\n|l|\u2606Stryke Out\n|j|\u2606Stryke Out\n|player|p1|Stryke Out|cynthia-gen4\n","uploadtime":1700851067,"views":1,"p1id":"strykeout","p2id":"furatbang","formatid":"gen9vgc2023regulatione","rating":0,"private":0,"password":""}