{"id":"gen9vgc2023regulatione-1999247350","p1":"Vitalis24","p2":"hvac goon","format":"[Gen 9] VGC 2023 Regulation E","log":"|j|\u2606Vitalis24\n|j|\u203dhvac goon\n|t:|1701050366\n|gametype|doubles\n|player|p1|Vitalis24|ethan|1357\n|player|p2|hvac goon|170|1406\n|teamsize|p1|6\n|teamsize|p2|6\n|gen|9\n|tier|[Gen 9] VGC 2023 Regulation E\n|rated|\n|rule|Species Clause: Limit one of each Pok\u00e9mon\n|rule|Item Clause: Limit one of each item\n|clearpoke\n|poke|p1|Heatran, L50, M|\n|poke|p1|Ogerpon-Wellspring, L50, F|\n|poke|p1|Indeedee-F, L50, F|\n|poke|p1|Flutter Mane, L50|\n|poke|p1|Landorus-Therian, L50, M|\n|poke|p1|Urshifu-*, L50, F|\n|poke|p2|Rillaboom, L50, M|\n|poke|p2|Flutter Mane, L50|\n|poke|p2|Chi-Yu, L50|\n|poke|p2|Tornadus, L50, M|\n|poke|p2|Landorus-Therian, L50, M|\n|poke|p2|Urshifu-*, L50, F|\n|teampreview|4\n|inactive|Battle timer is ON: inactive players will automatically lose when time's up. (requested by hvac goon)\nhvac goon has agreed to open team sheets.\n|inactive|Vitalis24 has 60 seconds left.\n|inactive|hvac goon has 60 seconds left.\n|\n|t:|1701050416\n|start\n|switch|p1a: Flutter Mane|Flutter Mane, L50|100\/100\n|switch|p1b: Indeedee|Indeedee-F, L50, F|100\/100\n|switch|p2a: Tornadus|Tornadus, L50, M|100\/100\n|switch|p2b: Urshifu|Urshifu-Rapid-Strike, L50, F|100\/100\n|-fieldstart|move: Psychic Terrain|[from] ability: Psychic Surge|[of] p1b: Indeedee\n|-enditem|p1a: Flutter Mane|Booster Energy\n|-activate|p1a: Flutter Mane|ability: Protosynthesis|[fromitem]\n|-start|p1a: Flutter Mane|protosynthesisspa\n|turn|1\n|inactive|hvac goon has 30 seconds left.\n|\n|t:|1701050446\n|-terastallize|p1a: Flutter Mane|Water\n|-terastallize|p2b: Urshifu|Water\n|move|p2a: Tornadus|Tailwind|p2a: Tornadus\n|-sidestart|p2: hvac goon|move: Tailwind\n|move|p2b: Urshifu|Surging Strikes|p1a: Flutter Mane\n|-resisted|p1a: Flutter Mane\n|-crit|p1a: Flutter Mane\n|-damage|p1a: Flutter Mane|70\/100\n|-resisted|p1a: Flutter Mane\n|-crit|p1a: Flutter Mane\n|-damage|p1a: Flutter Mane|38\/100\n|-resisted|p1a: Flutter Mane\n|-crit|p1a: Flutter Mane\n|-damage|p1a: Flutter Mane|7\/100\n|-hitcount|p1a: Flutter Mane|3\n|move|p1a: Flutter Mane|Dazzling Gleam|p2a: Tornadus|[spread] p2a,p2b\n|-damage|p2a: Tornadus|37\/100\n|-damage|p2b: Urshifu|32\/100\n|move|p1b: Indeedee|Trick Room|p1b: Indeedee\n|-fieldstart|move: Trick Room|[of] p1b: Indeedee\n|\n|upkeep\n|turn|2\n|\n|t:|1701050470\n|move|p2b: Urshifu|Protect|p2b: Urshifu\n|-singleturn|p2b: Urshifu|Protect\n|move|p1b: Indeedee|Psychic|p2a: Tornadus\n|-damage|p2a: Tornadus|0 fnt\n|faint|p2a: Tornadus\n|move|p1a: Flutter Mane|Dazzling Gleam|p2b: Urshifu\n|-activate|p2b: Urshifu|move: Protect\n|\n|upkeep\n|\n|t:|1701050480\n|switch|p2a: Rillaboom|Rillaboom, L50, M|100\/100\n|-fieldstart|move: Grassy Terrain|[from] ability: Grassy Surge|[of] p2a: Rillaboom\n|turn|3\n|\n|t:|1701050489\n|move|p1a: Flutter Mane|Protect|p1a: Flutter Mane\n|-singleturn|p1a: Flutter Mane|Protect\n|move|p2a: Rillaboom|Fake Out|p1b: Indeedee\n|-damage|p1b: Indeedee|86\/100\n|-damage|p2a: Rillaboom|84\/100|[from] item: Rocky Helmet|[of] p1b: Indeedee\n|move|p2b: Urshifu|Aqua Jet|p1a: Flutter Mane\n|-resisted|p1a: Flutter Mane\n|-damage|p1a: Flutter Mane|0 fnt\n|faint|p1a: Flutter Mane\n|-end|p1a: Flutter Mane|Protosynthesis|[silent]\n|cant|p1b: Indeedee|flinch\n|\n|-heal|p1b: Indeedee|93\/100|[from] Grassy Terrain\n|-heal|p2a: Rillaboom|90\/100|[from] Grassy Terrain\n|-heal|p2b: Urshifu|39\/100|[from] Grassy Terrain\n|upkeep\n|\n|t:|1701050509\n|switch|p1a: Heatran|Heatran, L50, M|100\/100\n|turn|4\n|\n|t:|1701050525\n|move|p1b: Indeedee|Follow Me|p1b: Indeedee\n|-singleturn|p1b: Indeedee|move: Follow Me\n|move|p2b: Urshifu|Aqua Jet|p1b: Indeedee\n|-damage|p1b: Indeedee|53\/100\n|-damage|p2b: Urshifu|22\/100|[from] item: Rocky Helmet|[of] p1b: Indeedee\n|move|p1a: Heatran|Heat Wave|p2a: Rillaboom|[spread] p2a\n|-miss|p1a: Heatran|p2b: Urshifu\n|-supereffective|p2a: Rillaboom\n|-crit|p2a: Rillaboom\n|-damage|p2a: Rillaboom|0 fnt\n|faint|p2a: Rillaboom\n|-damage|p1a: Heatran|91\/100|[from] item: Life Orb\n|\n|-heal|p1a: Heatran|97\/100|[from] Grassy Terrain\n|-heal|p1b: Indeedee|59\/100|[from] Grassy Terrain\n|-heal|p2b: Urshifu|28\/100|[from] Grassy Terrain\n|-sideend|p2: hvac goon|move: Tailwind\n|upkeep\n|\n|t:|1701050539\n|switch|p2a: Landorus|Landorus-Therian, L50, M|100\/100\n|-ability|p2a: Landorus|Intimidate|boost\n|-unboost|p1a: Heatran|atk|1\n|-unboost|p1b: Indeedee|atk|1\n|turn|5\n|\n|t:|1701050557\n|move|p1b: Indeedee|Follow Me|p1b: Indeedee\n|-singleturn|p1b: Indeedee|move: Follow Me\n|move|p2b: Urshifu|Aqua Jet|p1b: Indeedee\n|-damage|p1b: Indeedee|21\/100\n|-damage|p2b: Urshifu|12\/100|[from] item: Rocky Helmet|[of] p1b: Indeedee\n|move|p1a: Heatran|Heat Wave|p2a: Landorus|[spread] p2b\n|-miss|p1a: Heatran|p2a: Landorus\n|-resisted|p2b: Urshifu\n|-crit|p2b: Urshifu\n|-damage|p2b: Urshifu|0 fnt\n|faint|p2b: Urshifu\n|-damage|p1a: Heatran|87\/100|[from] item: Life Orb\n|move|p2a: Landorus|Stomping Tantrum|p1b: Indeedee\n|-damage|p1b: Indeedee|0 fnt\n|-damage|p2a: Landorus|84\/100|[from] item: Rocky Helmet|[of] p1b: Indeedee\n|faint|p1b: Indeedee\n|\n|-heal|p1a: Heatran|93\/100|[from] Grassy Terrain\n|-fieldend|move: Trick Room\n|upkeep\n|\n|t:|1701050577\n|switch|p1b: Ogerpon|Ogerpon-Wellspring, L50, F|100\/100\n|turn|6\n|-message|hvac goon forfeited.\n|\n|win|Vitalis24\n|raw|Vitalis24's rating: 1357 &rarr; <strong>1380<\/strong><br \/>(+23 for winning)\n|raw|hvac goon's rating: 1406 &rarr; <strong>1383<\/strong><br \/>(-23 for losing)\n|l|\u203dhvac goon\n","uploadtime":1701050583,"views":7,"p1id":"vitalis24","p2id":"hvacgoon","formatid":"gen9vgc2023regulatione","rating":1380,"private":0,"password":""}