{"id":"gen9vgc2023regulatione-1994435968","p1":"Teh Umby","p2":"donmitchie","format":"[Gen 9] VGC 2023 Regulation E","log":"|j|\u2606Teh Umby\n|j|\u2606donmitchie\n|n|\u2606Teh Umby|tehumby\n|n|\u2606donmitchie|donmitchie\n|html|View the match progress at <a href=\"\/game-bestof3-gen9vgc2023regulatione-1994433415\">game-bestof3-gen9vgc2023regulatione-1994433415<\/a>\n|t:|1700443697\n|gametype|doubles\n|player|p1|Teh Umby|clair|\n|player|p2|donmitchie|169|\n|teamsize|p1|6\n|teamsize|p2|6\n|gen|9\n|tier|[Gen 9] VGC 2023 Regulation E\n|rule|Species Clause: Limit one of each Pok\u00e9mon\n|rule|Item Clause: Limit one of each item\n|clearpoke\n|poke|p1|Roaring Moon, L50|\n|poke|p1|Sinistcha, L50|\n|poke|p1|Politoed, L50, M|\n|poke|p1|Thundurus-Therian, L50, M|\n|poke|p1|Tinkaton, L50, F|\n|poke|p1|Inteleon, L50, F|\n|poke|p2|Fletchinder, L50, F|\n|poke|p2|Urshifu-*, L50, M|\n|poke|p2|Amoonguss, L50, M|\n|poke|p2|Pelipper, L50, M|\n|poke|p2|Farigiraf, L50, M|\n|poke|p2|Dragalge, L50, F|\n|teampreview|4\n|inactive|Battle timer is ON: inactive players will automatically lose when time's up. (requested by donmitchie)\n|inactiveoff|Battle timer is now OFF.\n|\n|t:|1700443771\n|start\n|switch|p1a: Sinistcha|Sinistcha, L50|100\/100\n|switch|p1b: Roaring Moon|Roaring Moon, L50|100\/100\n|switch|p2a: Urshifu|Urshifu-Rapid-Strike, L50, M|100\/100\n|switch|p2b: Farigiraf|Farigiraf, L50, M|100\/100\n|-enditem|p1b: Roaring Moon|Booster Energy\n|-activate|p1b: Roaring Moon|ability: Protosynthesis|[fromitem]\n|-start|p1b: Roaring Moon|protosynthesisspe\n|turn|1\n|\n|t:|1700443825\n|switch|p2a: Dragalge|Dragalge, L50, F|100\/100\n|-terastallize|p2b: Farigiraf|Normal\n|move|p1b: Roaring Moon|Substitute|p1b: Roaring Moon\n|-start|p1b: Roaring Moon|Substitute\n|-damage|p1b: Roaring Moon|75\/100\n|move|p1a: Sinistcha|Matcha Gotcha|p2b: Farigiraf|[spread] p2a,p2b\n|-resisted|p2a: Dragalge\n|-damage|p2a: Dragalge|95\/100\n|-damage|p2b: Farigiraf|77\/100\n|move|p2b: Farigiraf|Trick Room|p2b: Farigiraf\n|-fieldstart|move: Trick Room|[of] p2b: Farigiraf\n|\n|upkeep\n|turn|2\n|\n|t:|1700443872\n|-terastallize|p1a: Sinistcha|Ghost\n|move|p1a: Sinistcha|Rage Powder|p1a: Sinistcha\n|-singleturn|p1a: Sinistcha|move: Rage Powder\n|move|p2a: Dragalge|Sludge Bomb|p1a: Sinistcha\n|-resisted|p1a: Sinistcha\n|-damage|p1a: Sinistcha|72\/100\n|-status|p1a: Sinistcha|psn\n|-damage|p2a: Dragalge|85\/100|[from] item: Life Orb\n|move|p2b: Farigiraf|Psychic|p1a: Sinistcha\n|-damage|p1a: Sinistcha|39\/100 psn\n|move|p1b: Roaring Moon|Knock Off|p2a: Dragalge\n|-damage|p2a: Dragalge|21\/100\n|-enditem|p2a: Dragalge|Life Orb|[from] move: Knock Off|[of] p1b: Roaring Moon\n|\n|-heal|p1a: Sinistcha|45\/100 psn|[from] item: Leftovers\n|-damage|p1a: Sinistcha|33\/100 psn|[from] psn\n|upkeep\n|turn|3\n|\n|t:|1700443899\n|move|p2a: Dragalge|Protect|p2a: Dragalge\n|-singleturn|p2a: Dragalge|Protect\n|move|p1a: Sinistcha|Protect|p1a: Sinistcha\n|-singleturn|p1a: Sinistcha|Protect\n|move|p2b: Farigiraf|Hyper Voice|p1b: Roaring Moon|[spread] p1b\n|-activate|p1a: Sinistcha|move: Protect\n|-damage|p1b: Roaring Moon|35\/100\n|-enditem|p2b: Farigiraf|Throat Spray\n|-boost|p2b: Farigiraf|spa|1|[from] item: Throat Spray\n|move|p1b: Roaring Moon|Knock Off|p2b: Farigiraf\n|-damage|p2b: Farigiraf|42\/100\n|\n|-heal|p1a: Sinistcha|39\/100 psn|[from] item: Leftovers\n|-damage|p1a: Sinistcha|26\/100 psn|[from] psn\n|upkeep\n|turn|4\n|\n|t:|1700443940\n|-end|p1b: Roaring Moon|Protosynthesis|[silent]\n|switch|p1b: Tinkaton|Tinkaton, L50, F|100\/100\n|-ability|p1b: Tinkaton|Mold Breaker\n|move|p1a: Sinistcha|Protect||[still]\n|-fail|p1a: Sinistcha\n|move|p2a: Dragalge|Thunderbolt|p1a: Sinistcha\n|-damage|p1a: Sinistcha|2\/100 psn\n|move|p2b: Farigiraf|Hyper Voice|p1a: Sinistcha|[spread] p1b\n|-immune|p1a: Sinistcha\n|-resisted|p1b: Tinkaton\n|-damage|p1b: Tinkaton|73\/100\n|\n|-heal|p1a: Sinistcha|8\/100 psn|[from] item: Leftovers\n|-damage|p1a: Sinistcha|0 fnt|[from] psn\n|faint|p1a: Sinistcha\n|upkeep\n|\n|t:|1700443965\n|switch|p1a: Politoed|Politoed, L50, M|100\/100\n|turn|5\n|\n|t:|1700443993\n|move|p1b: Tinkaton|Fake Out|p2b: Farigiraf\n|-damage|p2b: Farigiraf|31\/100\n|move|p2a: Dragalge|Draco Meteor|p1a: Politoed\n|-damage|p1a: Politoed|23\/100\n|-unboost|p2a: Dragalge|spa|2\n|cant|p2b: Farigiraf|flinch\n|move|p1a: Politoed|Psychic|p2b: Farigiraf\n|-damage|p2b: Farigiraf|0 fnt\n|faint|p2b: Farigiraf\n|\n|-fieldend|move: Trick Room\n|upkeep\n|\n|t:|1700444003\n|switch|p2b: Urshifu|Urshifu-Rapid-Strike, L50, M|100\/100\n|turn|6\n|\n|t:|1700444015\n|switch|p2a: Amoonguss|Amoonguss, L50, M|100\/100\n|move|p2b: Urshifu|Surging Strikes|p1b: Tinkaton\n|-crit|p1b: Tinkaton\n|-damage|p1b: Tinkaton|38\/100\n|-crit|p1b: Tinkaton\n|-damage|p1b: Tinkaton|7\/100\n|-crit|p1b: Tinkaton\n|-damage|p1b: Tinkaton|0 fnt\n|faint|p1b: Tinkaton\n|-hitcount|p1: Tinkaton|3\n|move|p1a: Politoed|Psychic|p2b: Urshifu\n|-supereffective|p2b: Urshifu\n|-damage|p2b: Urshifu|0 fnt\n|faint|p2b: Urshifu\n|\n|upkeep\n|\n|t:|1700444028\n|switch|p2b: Dragalge|Dragalge, L50, F|21\/100\n|switch|p1b: Roaring Moon|Roaring Moon, L50|35\/100\n|turn|7\n|\n|t:|1700444045\n|move|p2a: Amoonguss|Rage Powder|p2a: Amoonguss\n|-singleturn|p2a: Amoonguss|move: Rage Powder\n|move|p1b: Roaring Moon|Substitute|p1b: Roaring Moon\n|-start|p1b: Roaring Moon|Substitute\n|-damage|p1b: Roaring Moon|10\/100\n|move|p1a: Politoed|Psychic|p2a: Amoonguss\n|-supereffective|p2a: Amoonguss\n|-damage|p2a: Amoonguss|34\/100\n|-enditem|p2a: Amoonguss|Sitrus Berry|[eat]\n|-heal|p2a: Amoonguss|58\/100|[from] item: Sitrus Berry\n|move|p2b: Dragalge|Sludge Bomb|p1a: Politoed\n|-damage|p1a: Politoed|0 fnt\n|faint|p1a: Politoed\n|\n|upkeep\n|turn|8\n|\n|t:|1700444062\n|move|p2a: Amoonguss|Protect|p2a: Amoonguss\n|-singleturn|p2a: Amoonguss|Protect\n|move|p1b: Roaring Moon|Acrobatics|p2b: Dragalge\n|-damage|p2b: Dragalge|0 fnt\n|faint|p2b: Dragalge\n|\n|upkeep\n|turn|9\n|\n|t:|1700444071\n|move|p1b: Roaring Moon|Acrobatics|p2a: Amoonguss\n|-supereffective|p2a: Amoonguss\n|-damage|p2a: Amoonguss|0 fnt\n|faint|p2a: Amoonguss\n|\n|win|Teh Umby\n|c|\u2606Teh Umby|gg\n|c|\u2606donmitchie|gg\n|c|&|\/uhtml prompt-donmitchie,donmitchie is ready for game 3!\n|inactive|Teh Umby has 50 seconds to confirm battle start!\n","uploadtime":1700444079,"views":21,"p1id":"tehumby","p2id":"donmitchie","formatid":"gen9vgc2023regulatione","rating":0,"private":0,"password":""}