{"id":"gen9vgc2023regulatione-1993357926","p1":"metronome11","p2":"SpidopsBiggestFan","format":"[Gen 9] VGC 2023 Regulation E","log":"|j|\u2606metronome11\n|j|\u2606SpidopsBiggestFan\n|t:|1700305318\n|gametype|doubles\n|player|p1|metronome11|169|\n|player|p2|SpidopsBiggestFan|265|\n|teamsize|p1|6\n|teamsize|p2|6\n|gen|9\n|tier|[Gen 9] VGC 2023 Regulation E\n|rated|Tournament battle\n|rule|Species Clause: Limit one of each Pok\u00e9mon\n|rule|Item Clause: Limit one of each item\n|clearpoke\n|poke|p1|Golem-Alola, L50, M|\n|poke|p1|Iron Hands, L50|\n|poke|p1|Sinistcha, L50|\n|poke|p1|Dondozo, L50, M|\n|poke|p1|Rabsca, L50, M|\n|poke|p1|Mamoswine, L50, M|\n|poke|p2|Flutter Mane, L50|\n|poke|p2|Arcanine-Hisui, L50, M|\n|poke|p2|Iron Hands, L50|\n|poke|p2|Scream Tail, L50|\n|poke|p2|Amoonguss, L50, F|\n|poke|p2|Gothitelle, L50, M|\n|teampreview|4\n|showteam|p1|Golem-Alola||Magnet|Galvanize|Explosion,WideGuard,BodySlam,Protect|||M|||50|,,,,,Flying]Iron Hands||SitrusBerry|QuarkDrive|FakeOut,ElectricTerrain,DrainPunch,WildCharge||||||50|,,,,,Fire]Sinistcha||MentalHerb|Hospitality|TrickRoom,MatchaGotcha,Protect,NastyPlot||||||50|,,,,,Fire]Dondozo||Leftovers|Unaware|Yawn,Soak,WaveCrash,Protect|||M|||50|,,,,,Grass]Rabsca||LeppaBerry|Telepathy|RevivalBlessing,TrickRoom,Psychic,Protect|||M|||50|,,,,,Dark]Mamoswine||AssaultVest|Oblivious|IceShard,HighHorsepower,IcicleCrash,HeavySlam|||M|||50|,,,,,Water\n|showteam|p2|Flutter Mane||ChoiceSpecs|Protosynthesis|DazzlingGleam,Moonblast,ShadowBall,PerishSong||||||50|,,,,,Grass]Arcanine-Hisui||SafetyGoggles|Intimidate|Protect,FlareBlitz,RockSlide,WillOWisp|||M|||50|,,,,,Dragon]Iron Hands||AssaultVest|QuarkDrive|CloseCombat,VoltSwitch,HeavySlam,FakeOut||||||50|,,,,,Water]Scream Tail||BoosterEnergy|Protosynthesis|Protect,Encore,PerishSong,Disable||||||50|,,,,,Dark]Amoonguss||RockyHelmet|Regenerator|Protect,Spore,RagePowder,PollenPuff|||F|||50|,,,,,Water]Gothitelle||AbilityShield|ShadowTag|Protect,FakeOut,TrickRoom,Psychic|||M|||50|,,,,,Dragon\n|j| Airend~\n|\n|t:|1700305353\n|start\n|switch|p1a: Sinistcha|Sinistcha, L50|100\/100\n|switch|p1b: Golem|Golem-Alola, L50, M|100\/100\n|switch|p2a: Scream Tail|Scream Tail, L50|100\/100\n|switch|p2b: Arcanine|Arcanine-Hisui, L50, M|100\/100\n|-ability|p2b: Arcanine|Intimidate|boost\n|-unboost|p1a: Sinistcha|atk|1\n|-unboost|p1b: Golem|atk|1\n|-enditem|p2a: Scream Tail|Booster Energy\n|-activate|p2a: Scream Tail|ability: Protosynthesis|[fromitem]\n|-start|p2a: Scream Tail|protosynthesisspe\n|turn|1\n|inactive|Battle timer is ON: inactive players will automatically lose when time's up. (requested by metronome11)\n|j| viaan\n|\n|t:|1700305384\n|-terastallize|p2b: Arcanine|Dragon\n|move|p2a: Scream Tail|Protect|p2a: Scream Tail\n|-singleturn|p2a: Scream Tail|Protect\n|move|p2b: Arcanine|Flare Blitz|p1a: Sinistcha\n|-supereffective|p1a: Sinistcha\n|-damage|p1a: Sinistcha|1\/100\n|-damage|p2b: Arcanine|68\/100|[from] Recoil\n|move|p1b: Golem|Body Slam|p2b: Arcanine\n|-resisted|p2b: Arcanine\n|-damage|p2b: Arcanine|45\/100\n|move|p1a: Sinistcha|Trick Room|p1a: Sinistcha\n|-fieldstart|move: Trick Room|[of] p1a: Sinistcha\n|\n|upkeep\n|turn|2\n|\n|t:|1700305407\n|switch|p1b: Mamoswine|Mamoswine, L50, M|100\/100\n|move|p1a: Sinistcha|Protect|p1a: Sinistcha\n|-singleturn|p1a: Sinistcha|Protect\n|move|p2b: Arcanine|Will-O-Wisp|p1b: Mamoswine|[miss]\n|-miss|p2b: Arcanine|p1b: Mamoswine\n|move|p2a: Scream Tail|Disable||[still]\n|-fail|p2a: Scream Tail\n|\n|upkeep\n|turn|3\n|\n|t:|1700305419\n|switch|p2b: Gothitelle|Gothitelle, L50, M|100\/100\n|move|p1b: Mamoswine|Ice Shard|p2b: Gothitelle\n|-damage|p2b: Gothitelle|76\/100\n|move|p1a: Sinistcha|Matcha Gotcha|p2b: Gothitelle|[spread] p2a,p2b\n|-damage|p2a: Scream Tail|82\/100\n|-heal|p1a: Sinistcha|12\/100|[from] drain|[of] p2a: Scream Tail\n|-damage|p2b: Gothitelle|57\/100\n|-heal|p1a: Sinistcha|22\/100|[from] drain|[of] p2b: Gothitelle\n|move|p2a: Scream Tail|Perish Song|p2a: Scream Tail\n|-start|p1a: Sinistcha|perish3|[silent]\n|-start|p1b: Mamoswine|perish3|[silent]\n|-start|p2a: Scream Tail|perish3|[silent]\n|-start|p2b: Gothitelle|perish3|[silent]\n|-fieldactivate|move: Perish Song\n|\n|-start|p1a: Sinistcha|perish3\n|-start|p1b: Mamoswine|perish3\n|-start|p2b: Gothitelle|perish3\n|-start|p2a: Scream Tail|perish3\n|upkeep\n|turn|4\n|j| tofuplum\n|\n|t:|1700305441\n|move|p2a: Scream Tail|Protect|p2a: Scream Tail\n|-singleturn|p2a: Scream Tail|Protect\n|move|p1a: Sinistcha|Matcha Gotcha|p2a: Scream Tail|[spread] p2b\n|-activate|p2a: Scream Tail|move: Protect\n|-damage|p2b: Gothitelle|39\/100\n|-heal|p1a: Sinistcha|32\/100|[from] drain|[of] p2b: Gothitelle\n|move|p1b: Mamoswine|Heavy Slam|p2a: Scream Tail\n|-activate|p2a: Scream Tail|move: Protect\n|move|p2b: Gothitelle|Psychic|p1a: Sinistcha\n|-damage|p1a: Sinistcha|0 fnt\n|faint|p1a: Sinistcha\n|\n|-start|p1b: Mamoswine|perish2\n|-start|p2b: Gothitelle|perish2\n|-start|p2a: Scream Tail|perish2\n|upkeep\n|\n|t:|1700305447\n|switch|p1a: Golem|Golem-Alola, L50, M|100\/100\n|turn|5\n|\n|t:|1700305458\n|-end|p2a: Scream Tail|Protosynthesis|[silent]\n|switch|p2a: Iron Hands|Iron Hands, L50|100\/100\n|move|p2b: Gothitelle|Protect|p2b: Gothitelle\n|-singleturn|p2b: Gothitelle|Protect\n|move|p1a: Golem|Body Slam|p2a: Iron Hands\n|-resisted|p2a: Iron Hands\n|-damage|p2a: Iron Hands|79\/100\n|move|p1b: Mamoswine|Heavy Slam|p2a: Iron Hands\n|-resisted|p2a: Iron Hands\n|-damage|p2a: Iron Hands|74\/100\n|\n|-start|p1b: Mamoswine|perish1\n|-start|p2b: Gothitelle|perish1\n|-fieldend|move: Trick Room\n|upkeep\n|turn|6\n|\n|t:|1700305474\n|switch|p2b: Arcanine|Arcanine-Hisui, L50, M, tera:Dragon|45\/100\n|-ability|p2b: Arcanine|Intimidate|boost\n|-unboost|p1a: Golem|atk|1\n|-fail|p1b: Mamoswine|unboost|Attack|[from] ability: Oblivious|[of] p1b: Mamoswine\n|move|p2a: Iron Hands|Fake Out|p1b: Mamoswine\n|-damage|p1b: Mamoswine|85\/100\n|cant|p1b: Mamoswine|flinch\n|move|p1a: Golem|Explosion|p2a: Iron Hands|[spread] p2a,p2b\n|-immune|p1b: Mamoswine\n|-resisted|p2a: Iron Hands\n|-resisted|p2b: Arcanine\n|-damage|p2a: Iron Hands|42\/100\n|-damage|p2b: Arcanine|0 fnt\n|faint|p1a: Golem\n|faint|p2b: Arcanine\n|\n|-start|p1b: Mamoswine|perish0\n|upkeep\n|faint|p1b: Mamoswine\n|\n|t:|1700305487\n|switch|p2b: Scream Tail|Scream Tail, L50|82\/100\n|switch|p1b: Iron Hands|Iron Hands, L50|100\/100\n|turn|7\n|\n|t:|1700305494\n|-end|p2a: Iron Hands|Quark Drive|[silent]\n|switch|p2a: Gothitelle|Gothitelle, L50, M|39\/100\n|-terastallize|p1b: Iron Hands|Fire\n|move|p2b: Scream Tail|Protect|p2b: Scream Tail\n|-singleturn|p2b: Scream Tail|Protect\n|move|p1b: Iron Hands|Drain Punch|p2a: Gothitelle\n|-resisted|p2a: Gothitelle\n|-damage|p2a: Gothitelle|20\/100\n|\n|upkeep\n|turn|8\n|\n|t:|1700305505\n|move|p2a: Gothitelle|Fake Out|p1b: Iron Hands\n|-damage|p1b: Iron Hands|97\/100\n|move|p2b: Scream Tail|Perish Song|p2b: Scream Tail\n|-start|p1b: Iron Hands|perish3|[silent]\n|-start|p2a: Gothitelle|perish3|[silent]\n|-start|p2b: Scream Tail|perish3|[silent]\n|-fieldactivate|move: Perish Song\n|cant|p1b: Iron Hands|flinch\n|\n|-start|p2b: Scream Tail|perish3\n|-start|p2a: Gothitelle|perish3\n|-start|p1b: Iron Hands|perish3\n|upkeep\n|turn|9\n|-message|metronome11 forfeited.\n|\n|win|SpidopsBiggestFan\n|n|\u2606metronome11|metronome11\n|n|\u2606SpidopsBiggestFan|spidopsbiggestfan\n|n| Airend~|airend\n|n| viaan|viaan\n|n| tofuplum|tofuplum\n|l|\u2606metronome11\n|l| tofuplum\n|l| viaan\n","uploadtime":1700305667,"views":14,"p1id":"metronome11","p2id":"spidopsbiggestfan","formatid":"gen9vgc2023regulatione","rating":0,"private":0,"password":""}