{"id":"gen9vgc2023regulatione-1992976175","p1":"gourdinhimer","p2":"ApplinFan773","format":"[Gen 9] VGC 2023 Regulation E","log":"|j|\u2606gourdinhimer\n|j|\u2606ApplinFan773\n|t:|1700251950\n|gametype|doubles\n|player|p1|gourdinhimer|102|1065\n|player|p2|ApplinFan773|cilan|1000\n|teamsize|p1|6\n|teamsize|p2|6\n|gen|9\n|tier|[Gen 9] VGC 2023 Regulation E\n|rated|\n|rule|Species Clause: Limit one of each Pok\u00e9mon\n|rule|Item Clause: Limit one of each item\n|clearpoke\n|poke|p1|Gholdengo, L50|\n|poke|p1|Spectrier, L50|\n|poke|p1|Ogerpon-Cornerstone, L50, F|\n|poke|p1|Iron Hands, L50|\n|poke|p1|Tornadus, L50, M|\n|poke|p1|Urshifu-*, L50, M|\n|poke|p2|Flutter Mane, L50|\n|poke|p2|Maushold-Four, L50|\n|poke|p2|Ogerpon, L50, F|\n|poke|p2|Roaring Moon, L50|\n|poke|p2|Farigiraf, L50, F|\n|poke|p2|Heatran, L50, F|\n|teampreview|4\n|inactive|Battle timer is ON: inactive players will automatically lose when time's up. (requested by ApplinFan773)\n|c|\u2606ApplinFan773|Glhf!\n|inactive|ApplinFan773 has 60 seconds left.\n|\n|t:|1700251987\n|start\n|switch|p1a: Tornadus|Tornadus, L50, M|100\/100\n|switch|p1b: Urshifu|Urshifu-Rapid-Strike, L50, M|100\/100\n|switch|p2a: Mausuam|Farigiraf, L50, F, shiny|100\/100\n|switch|p2b: Flutter Maus|Flutter Mane, L50, shiny|100\/100\n|turn|1\n|inactive|gourdinhimer has 30 seconds left.\n|inactive|ApplinFan773 has 30 seconds left.\n|inactive|gourdinhimer has 20 seconds left.\n|inactive|ApplinFan773 has 20 seconds left.\n|inactive|gourdinhimer has 15 seconds left.\n|inactive|ApplinFan773 has 15 seconds left.\n|inactive|gourdinhimer has 10 seconds left.\n|inactive|ApplinFan773 has 10 seconds left.\n|inactive|ApplinFan773 has 5 seconds left.\n|\n|t:|1700252039\n|-terastallize|p1b: Urshifu|Water\n|move|p2a: Mausuam|Helping Hand|p2b: Flutter Maus\n|-singleturn|p2b: Flutter Maus|Helping Hand|[of] p2a: Mausuam\n|move|p1a: Tornadus|Tailwind|p1a: Tornadus\n|-sidestart|p1: gourdinhimer|move: Tailwind\n|move|p1b: Urshifu|Surging Strikes|p2b: Flutter Maus\n|-crit|p2b: Flutter Maus\n|-damage|p2b: Flutter Maus|35\/100\n|-crit|p2b: Flutter Maus\n|-damage|p2b: Flutter Maus|0 fnt\n|faint|p2b: Flutter Maus\n|-end|p2b: Flutter Maus|Protosynthesis|[silent]\n|-hitcount|p2: Flutter Maus|2\n|\n|upkeep\n|\n|t:|1700252048\n|switch|p2b: Spicy Maus|Heatran, L50, F, shiny|100\/100\n|turn|2\n|\n|t:|1700252068\n|-terastallize|p2b: Spicy Maus|Dragon\n|move|p1a: Tornadus|Protect|p1a: Tornadus\n|-singleturn|p1a: Tornadus|Protect\n|move|p1b: Urshifu|Surging Strikes|p2b: Spicy Maus\n|-resisted|p2b: Spicy Maus\n|-crit|p2b: Spicy Maus\n|-damage|p2b: Spicy Maus|82\/100\n|-resisted|p2b: Spicy Maus\n|-crit|p2b: Spicy Maus\n|-damage|p2b: Spicy Maus|64\/100\n|-resisted|p2b: Spicy Maus\n|-crit|p2b: Spicy Maus\n|-damage|p2b: Spicy Maus|47\/100\n|-hitcount|p2b: Spicy Maus|3\n|move|p2b: Spicy Maus|Heat Wave|p1a: Tornadus|[spread] p1b\n|-activate|p1a: Tornadus|move: Protect\n|-resisted|p1b: Urshifu\n|-damage|p1b: Urshifu|75\/100\n|move|p2a: Mausuam|Trick Room|p2a: Mausuam\n|-fieldstart|move: Trick Room|[of] p2a: Mausuam\n|\n|-heal|p2b: Spicy Maus|54\/100|[from] item: Leftovers\n|upkeep\n|turn|3\n|\n|t:|1700252093\n|move|p1a: Tornadus|Scary Face|p1b: Urshifu\n|-unboost|p1b: Urshifu|spe|2\n|move|p2a: Mausuam|Dazzling Gleam|p1a: Tornadus|[spread] p1a,p1b\n|-damage|p1a: Tornadus|79\/100\n|-damage|p1b: Urshifu|57\/100\n|move|p2b: Spicy Maus|Earth Power|p1b: Urshifu\n|-damage|p1b: Urshifu|16\/100\n|move|p1b: Urshifu|Surging Strikes|p2b: Spicy Maus\n|-resisted|p2b: Spicy Maus\n|-crit|p2b: Spicy Maus\n|-damage|p2b: Spicy Maus|36\/100\n|-resisted|p2b: Spicy Maus\n|-crit|p2b: Spicy Maus\n|-damage|p2b: Spicy Maus|19\/100\n|-resisted|p2b: Spicy Maus\n|-crit|p2b: Spicy Maus\n|-damage|p2b: Spicy Maus|2\/100\n|-hitcount|p2b: Spicy Maus|3\n|\n|-heal|p2b: Spicy Maus|8\/100|[from] item: Leftovers\n|upkeep\n|turn|4\n|inactive|gourdinhimer has 30 seconds left.\n|inactive|ApplinFan773 has 30 seconds left.\n|\n|t:|1700252127\n|move|p2a: Mausuam|Dazzling Gleam|p1b: Urshifu|[spread] p1a,p1b\n|-damage|p1a: Tornadus|58\/100\n|-damage|p1b: Urshifu|0 fnt\n|faint|p1b: Urshifu\n|move|p2b: Spicy Maus|Heat Wave|p1a: Tornadus\n|-damage|p1a: Tornadus|0 fnt\n|faint|p1a: Tornadus\n|\n|-heal|p2b: Spicy Maus|15\/100|[from] item: Leftovers\n|-sideend|p1: gourdinhimer|move: Tailwind\n|upkeep\n|\n|t:|1700252137\n|switch|p1b: Ogerpon|Ogerpon-Cornerstone, L50, F|100\/100\n|switch|p1a: Spectrier|Spectrier, L50|100\/100\n|turn|5\n|\n|t:|1700252158\n|move|p1b: Ogerpon|Spiky Shield|p1b: Ogerpon\n|-singleturn|p1b: Ogerpon|move: Protect\n|move|p2b: Spicy Maus|Earth Power|p1b: Ogerpon\n|-activate|p1b: Ogerpon|move: Protect\n|move|p1a: Spectrier|Nasty Plot|p1a: Spectrier\n|-boost|p1a: Spectrier|spa|2\n|move|p2a: Mausuam|Trick Room|p2a: Mausuam\n|-fieldend|move: Trick Room\n|\n|-heal|p2b: Spicy Maus|21\/100|[from] item: Leftovers\n|upkeep\n|turn|6\n|inactive|gourdinhimer has 30 seconds left.\n|inactive|ApplinFan773 has 30 seconds left.\n|inactive|gourdinhimer has 20 seconds left.\n|inactive|ApplinFan773 has 20 seconds left.\n|\n|t:|1700252195\n|move|p1a: Spectrier|Draining Kiss|p2a: Mausuam\n|-damage|p2a: Mausuam|70\/100\n|move|p1b: Ogerpon|Ivy Cudgel|p2b: Spicy Maus|[anim] Ivy Cudgel Rock\n|-damage|p2b: Spicy Maus|0 fnt\n|faint|p2b: Spicy Maus\n|move|p2a: Mausuam|Dazzling Gleam|p1b: Ogerpon|[spread] p1a,p1b\n|-damage|p1a: Spectrier|83\/100\n|-damage|p1b: Ogerpon|84\/100\n|\n|upkeep\n|\n|t:|1700252203\n|switch|p2b: Roaring Maus|Roaring Moon, L50, shiny|100\/100\n|-enditem|p2b: Roaring Maus|Booster Energy\n|-activate|p2b: Roaring Maus|ability: Protosynthesis|[fromitem]\n|-start|p2b: Roaring Maus|protosynthesisspe\n|turn|7\n|\n|t:|1700252216\n|move|p2a: Mausuam|Helping Hand|p2b: Roaring Maus\n|-singleturn|p2b: Roaring Maus|Helping Hand|[of] p2a: Mausuam\n|move|p2b: Roaring Maus|Knock Off|p1a: Spectrier\n|-supereffective|p1a: Spectrier\n|-damage|p1a: Spectrier|0 fnt\n|-enditem|p1a: Spectrier|Sitrus Berry|[from] move: Knock Off|[of] p2b: Roaring Maus\n|faint|p1a: Spectrier\n|move|p1b: Ogerpon|Ivy Cudgel|p2a: Mausuam|[anim] Ivy Cudgel Rock\n|-damage|p2a: Mausuam|20\/100\n|-enditem|p2a: Mausuam|Sitrus Berry|[eat]\n|-heal|p2a: Mausuam|45\/100|[from] item: Sitrus Berry\n|\n|upkeep\n|turn|8\n|-message|gourdinhimer forfeited.\n|\n|win|ApplinFan773\n|raw|gourdinhimer's rating: 1065 &rarr; <strong>1042<\/strong><br \/>(-23 for losing)\n|raw|ApplinFan773's rating: 1000 &rarr; <strong>1047<\/strong><br \/>(+47 for winning)\n|l|\u2606gourdinhimer\n","uploadtime":1700252231,"views":9,"p1id":"gourdinhimer","p2id":"applinfan773","formatid":"gen9vgc2023regulatione","rating":1042,"private":0,"password":""}