{"id":"gen9vgc2023regulatione-1987876263","p1":"zGDarkness","p2":"Xyther","format":"[Gen 9] VGC 2023 Regulation E","log":"|j|\u2606zGDarkness\n|j|\u2606Xyther\n|n|\u2606zGDarkness|zgdarkness\n|n|\u2606Xyther|xyther\n|html|View the match progress at <a href=\"\/game-bestof3-gen9vgc2023regulatione-1987872702\">game-bestof3-gen9vgc2023regulatione-1987872702<\/a>\n|t:|1699645003\n|gametype|doubles\n|player|p1|zGDarkness|169|\n|player|p2|Xyther|hugh|\n|teamsize|p1|6\n|teamsize|p2|6\n|gen|9\n|tier|[Gen 9] VGC 2023 Regulation E\n|rule|Species Clause: Limit one of each Pok\u00e9mon\n|rule|Item Clause: Limit one of each item\n|clearpoke\n|poke|p1|Lilligant, L50, F|\n|poke|p1|Torkoal, L50, F|\n|poke|p1|Flutter Mane, L50|\n|poke|p1|Kingambit, L50, F|\n|poke|p1|Dragonite, L50, F|\n|poke|p1|Great Tusk, L50|\n|poke|p2|Tornadus, L50, M|\n|poke|p2|Arcanine-Hisui, L50, F|\n|poke|p2|Iron Hands, L50|\n|poke|p2|Gholdengo, L50|\n|poke|p2|Urshifu-*, L50, M|\n|poke|p2|Ogerpon-Wellspring, L50, F|\n|teampreview|4\nXyther has agreed to open team sheets.\n|\n|t:|1699645059\n|start\n|switch|p1a: Breakthrough|Torkoal, L50, F, shiny|100\/100\n|switch|p1b: FANCY|Flutter Mane, L50, shiny|100\/100\n|switch|p2a: Iron Hands|Iron Hands, L50|100\/100\n|switch|p2b: Tornadus|Tornadus, L50, M|100\/100\n|-weather|SunnyDay|[from] ability: Drought|[of] p1a: Breakthrough\n|-activate|p1b: FANCY|ability: Protosynthesis\n|-start|p1b: FANCY|protosynthesisspa\n|turn|1\n|\n|t:|1699645078\n|move|p2b: Tornadus|Rain Dance|p2b: Tornadus\n|-weather|RainDance\n|-end|p1b: FANCY|Protosynthesis\n|move|p1b: FANCY|Dazzling Gleam|p2a: Iron Hands|[spread] p2a,p2b\n|-supereffective|p2a: Iron Hands\n|-damage|p2a: Iron Hands|51\/100\n|-damage|p2b: Tornadus|59\/100\n|move|p2a: Iron Hands|Heavy Slam|p1b: FANCY\n|-supereffective|p1b: FANCY\n|-damage|p1b: FANCY|0 fnt\n|faint|p1b: FANCY\n|-end|p1b: FANCY|Protosynthesis|[silent]\n|move|p1a: Breakthrough|Earth Power|p2a: Iron Hands\n|-supereffective|p2a: Iron Hands\n|-damage|p2a: Iron Hands|25\/100\n|\n|-weather|RainDance|[upkeep]\n|upkeep\n|\n|t:|1699645088\n|switch|p1b: Trouble|Great Tusk, L50, shiny|100\/100\n|turn|2\n|inactive|Battle timer is ON: inactive players will automatically lose when time's up. (requested by Xyther)\n|\n|t:|1699645122\n|switch|p1a: HOT|Kingambit, L50, F, shiny|100\/100\n|move|p1b: Trouble|Rock Slide|p2b: Tornadus|[spread] p2b\n|-miss|p1b: Trouble|p2a: Iron Hands\n|-supereffective|p2b: Tornadus\n|-damage|p2b: Tornadus|14\/100\n|move|p2b: Tornadus|Bleakwind Storm|p1a: HOT|[spread] p1a,p1b\n|-resisted|p1a: HOT\n|-supereffective|p1b: Trouble\n|-damage|p1a: HOT|90\/100\n|-damage|p1b: Trouble|12\/100\n|move|p2a: Iron Hands|Drain Punch|p1b: Trouble\n|-damage|p1b: Trouble|0 fnt\n|-heal|p2a: Iron Hands|30\/100|[from] drain|[of] p1b: Trouble\n|faint|p1b: Trouble\n|-end|p1b: Trouble|Protosynthesis|[silent]\n|\n|-weather|RainDance|[upkeep]\n|upkeep\n|\n|t:|1699645128\n|switch|p1b: Breakthrough|Torkoal, L50, F, shiny|100\/100\n|-weather|SunnyDay|[from] ability: Drought|[of] p1b: Breakthrough\n|turn|3\n|inactive|zGDarkness has 30 seconds left.\n|\n|t:|1699645155\n|-terastallize|p1a: HOT|Fire\n|move|p2b: Tornadus|Rain Dance|p2b: Tornadus\n|-weather|RainDance\n|move|p1a: HOT|Sucker Punch||[still]\n|-fail|p1a: HOT\n|move|p2a: Iron Hands|Drain Punch|p1a: HOT\n|-damage|p1a: HOT|61\/100\n|-heal|p2a: Iron Hands|42\/100|[from] drain|[of] p1a: HOT\n|move|p1b: Breakthrough|Earth Power|p2a: Iron Hands\n|-supereffective|p2a: Iron Hands\n|-damage|p2a: Iron Hands|17\/100\n|\n|-weather|RainDance|[upkeep]\n|upkeep\n|turn|4\n|\n|t:|1699645171\n|move|p1b: Breakthrough|Protect|p1b: Breakthrough\n|-singleturn|p1b: Breakthrough|Protect\n|move|p2b: Tornadus|Taunt|p1a: HOT\n|-start|p1a: HOT|move: Taunt\n|move|p1a: HOT|Iron Head|p2b: Tornadus\n|-damage|p2b: Tornadus|0 fnt\n|faint|p2b: Tornadus\n|move|p2a: Iron Hands|Drain Punch|p1a: HOT\n|-damage|p1a: HOT|33\/100\n|-heal|p2a: Iron Hands|29\/100|[from] drain|[of] p1a: HOT\n|\n|-weather|RainDance|[upkeep]\n|upkeep\n|\n|t:|1699645177\n|switch|p2b: Ogerpon|Ogerpon-Wellspring, L50, F|100\/100\n|turn|5\n|\n|t:|1699645188\n|move|p1b: Breakthrough|Protect||[still]\n|-fail|p1b: Breakthrough\n|move|p2b: Ogerpon|Ivy Cudgel|p1b: Breakthrough\n|-supereffective|p1b: Breakthrough\n|-damage|p1b: Breakthrough|0 fnt\n|faint|p1b: Breakthrough\n|move|p1a: HOT|Tera Blast|p2b: Ogerpon|[anim] Tera Blast Fire\n|-damage|p2b: Ogerpon|79\/100\n|move|p2a: Iron Hands|Drain Punch|p1a: HOT\n|-damage|p1a: HOT|3\/100\n|-heal|p2a: Iron Hands|42\/100|[from] drain|[of] p1a: HOT\n|\n|-weather|RainDance|[upkeep]\n|upkeep\n|turn|6\n|inactive|zGDarkness has 30 seconds left.\n|inactive|zGDarkness has 20 seconds left.\n|\n|t:|1699645226\n|move|p2b: Ogerpon|Ivy Cudgel|p1a: HOT\n|-supereffective|p1a: HOT\n|-damage|p1a: HOT|0 fnt\n|faint|p1a: HOT\n|\n|win|Xyther\n","uploadtime":1699645231,"views":11,"p1id":"zgdarkness","p2id":"xyther","formatid":"gen9vgc2023regulatione","rating":0,"private":0,"password":""}