{"id":"gen9vgc2023regulatione-1997412950","p1":"redstonejesus","p2":"xB4d_Pokemonx","format":"[Gen 9] VGC 2023 Regulation E","log":"|j|\u2606redstonejesus\n|j|\u2606xB4d_Pokemonx\n|t:|1700801168\n|gametype|doubles\n|player|p1|redstonejesus|170|1205\n|player|p2|xB4d_Pokemonx|proton|1207\n|teamsize|p1|6\n|teamsize|p2|6\n|gen|9\n|tier|[Gen 9] VGC 2023 Regulation E\n|rated|\n|rule|Species Clause: Limit one of each Pok\u00e9mon\n|rule|Item Clause: Limit one of each item\n|clearpoke\n|poke|p1|Iron Hands, L50|\n|poke|p1|Amoonguss, L50, M|\n|poke|p1|Urshifu-*, L50, M|\n|poke|p1|Tornadus, L50, M|\n|poke|p1|Arcanine-Hisui, L50, F|\n|poke|p1|Chien-Pao, L50|\n|poke|p2|Ting-Lu, L50|\n|poke|p2|Fezandipiti, L50, M|\n|poke|p2|Rillaboom, L50, M|\n|poke|p2|Conkeldurr, L50, F|\n|poke|p2|Arcanine-Hisui, L50, F|\n|poke|p2|Chien-Pao, L50|\n|teampreview|4\nredstonejesus has agreed to open team sheets.\nxB4d_Pokemonx has agreed to open team sheets.\n|\n|t:|1700801223\n|start\n|switch|p1a: Arcanine|Arcanine-Hisui, L50, F|100\/100\n|switch|p1b: Chien-Pao|Chien-Pao, L50|100\/100\n|switch|p2a: Rillaboom|Rillaboom, L50, M|100\/100\n|switch|p2b: Arcanine|Arcanine-Hisui, L50, F|100\/100\n|-ability|p1b: Chien-Pao|Sword of Ruin\n|-ability|p1a: Arcanine|Intimidate|boost\n|-unboost|p2a: Rillaboom|atk|1\n|-unboost|p2b: Arcanine|atk|1\n|-ability|p2b: Arcanine|Intimidate|boost\n|-unboost|p1a: Arcanine|atk|1\n|-unboost|p1b: Chien-Pao|atk|1\n|-fieldstart|move: Grassy Terrain|[from] ability: Grassy Surge|[of] p2a: Rillaboom\n|turn|1\n|\n|t:|1700801244\n|switch|p1a: Iron Hands|Iron Hands, L50|100\/100\n|move|p2a: Rillaboom|Fake Out|p1b: Chien-Pao\n|-crit|p1b: Chien-Pao\n|-damage|p1b: Chien-Pao|71\/100\n|cant|p1b: Chien-Pao|flinch\n|move|p2b: Arcanine|Rock Slide|p1a: Iron Hands|[spread] p1a,p1b\n|-resisted|p1a: Iron Hands\n|-supereffective|p1b: Chien-Pao\n|-damage|p1a: Iron Hands|86\/100\n|-damage|p1b: Chien-Pao|0 fnt\n|faint|p1b: Chien-Pao\n|\n|-heal|p1a: Iron Hands|92\/100|[from] Grassy Terrain\n|upkeep\n|\n|t:|1700801258\n|switch|p1b: Arcanine|Arcanine-Hisui, L50, F|100\/100\n|-ability|p1b: Arcanine|Intimidate|boost\n|-unboost|p2a: Rillaboom|atk|1\n|-unboost|p2b: Arcanine|atk|1\n|turn|2\n|\n|t:|1700801275\n|switch|p2b: Ting-Lu|Ting-Lu, L50|100\/100\n|-ability|p2b: Ting-Lu|Vessel of Ruin\n|move|p1b: Arcanine|Flare Blitz|p2a: Rillaboom\n|-supereffective|p2a: Rillaboom\n|-damage|p2a: Rillaboom|0 fnt\n|faint|p2a: Rillaboom\n|-damage|p1b: Arcanine|63\/100|[from] Recoil\n|move|p1a: Iron Hands|Drain Punch|p2b: Ting-Lu\n|-supereffective|p2b: Ting-Lu\n|-damage|p2b: Ting-Lu|50\/100\n|-heal|p1a: Iron Hands|100\/100|[from] drain|[of] p2b: Ting-Lu\n|\n|-heal|p1b: Arcanine|69\/100|[from] Grassy Terrain\n|-heal|p2b: Ting-Lu|57\/100|[from] Grassy Terrain\n|upkeep\n|\n|t:|1700801284\n|switch|p2a: Fezandipiti|Fezandipiti, L50, M|100\/100\n|turn|3\n|\n|t:|1700801300\n|switch|p1b: Urshifu|Urshifu-Rapid-Strike, L50, M|100\/100\n|-terastallize|p1a: Iron Hands|Grass\n|-terastallize|p2b: Ting-Lu|Poison\n|move|p2a: Fezandipiti|Dazzling Gleam|p1b: Urshifu|[spread] p1a,p1b\n|-supereffective|p1b: Urshifu\n|-damage|p1a: Iron Hands|93\/100\n|-damage|p1b: Urshifu|49\/100\n|move|p1a: Iron Hands|Drain Punch|p2b: Ting-Lu\n|-resisted|p2b: Ting-Lu\n|-damage|p2b: Ting-Lu|45\/100\n|-heal|p1a: Iron Hands|99\/100|[from] drain|[of] p2b: Ting-Lu\n|move|p2b: Ting-Lu|Stomping Tantrum|p1b: Urshifu\n|-damage|p1b: Urshifu|18\/100\n|\n|-heal|p1b: Urshifu|24\/100|[from] Grassy Terrain\n|-heal|p1a: Iron Hands|100\/100|[from] Grassy Terrain\n|-heal|p2b: Ting-Lu|52\/100|[from] Grassy Terrain\n|upkeep\n|turn|4\n|\n|t:|1700801320\n|move|p1b: Urshifu|Surging Strikes|p2b: Ting-Lu\n|-crit|p2b: Ting-Lu\n|-damage|p2b: Ting-Lu|37\/100\n|-crit|p2b: Ting-Lu\n|-damage|p2b: Ting-Lu|20\/100\n|-crit|p2b: Ting-Lu\n|-damage|p2b: Ting-Lu|5\/100\n|-hitcount|p2b: Ting-Lu|3\n|move|p2a: Fezandipiti|Dazzling Gleam|p1b: Urshifu|[spread] p1a,p1b\n|-supereffective|p1b: Urshifu\n|-damage|p1a: Iron Hands|93\/100\n|-damage|p1b: Urshifu|0 fnt\n|faint|p1b: Urshifu\n|move|p1a: Iron Hands|Heavy Slam|p2a: Fezandipiti\n|-supereffective|p2a: Fezandipiti\n|-damage|p2a: Fezandipiti|13\/100\n|move|p2b: Ting-Lu|Fissure|p1a: Iron Hands\n|-damage|p1a: Iron Hands|0 fnt\n|faint|p1a: Iron Hands\n|-end|p1a: Iron Hands|Quark Drive|[silent]\n|-ohko\n|\n|-heal|p2a: Fezandipiti|19\/100|[from] Grassy Terrain\n|-heal|p2b: Ting-Lu|11\/100|[from] Grassy Terrain\n|upkeep\n|c|\u2606xB4d_Pokemonx|YES I HIT IT\n|\n|t:|1700801338\n|switch|p1b: Arcanine|Arcanine-Hisui, L50, F|69\/100\n|-ability|p1b: Arcanine|Intimidate|boost\n|-unboost|p2a: Fezandipiti|atk|1\n|-unboost|p2b: Ting-Lu|atk|1\n|turn|5\n|c|\u2606xB4d_Pokemonx|I HAD NOTHING FOR THAT IRON HANDS\n|c|\u2606redstonejesus|im so mad\n|\n|t:|1700801356\n|move|p1b: Arcanine|Rock Slide|p2b: Ting-Lu|[spread] p2a,p2b\n|-damage|p2a: Fezandipiti|0 fnt\n|-damage|p2b: Ting-Lu|0 fnt\n|faint|p2a: Fezandipiti\n|faint|p2b: Ting-Lu\n|\n|-heal|p1b: Arcanine|75\/100|[from] Grassy Terrain\n|-fieldend|move: Grassy Terrain\n|upkeep\n|\n|t:|1700801359\n|switch|p2b: Arcanine|Arcanine-Hisui, L50, F|100\/100\n|-ability|p2b: Arcanine|Intimidate|boost\n|-unboost|p1b: Arcanine|atk|1\n|turn|6\n|\n|t:|1700801366\n|move|p1b: Arcanine|Rock Slide|p2b: Arcanine|[miss]\n|-miss|p1b: Arcanine|p2b: Arcanine\n|move|p2b: Arcanine|Rock Slide|p1b: Arcanine|[miss]\n|-miss|p2b: Arcanine|p1b: Arcanine\n|\n|upkeep\n|turn|7\n|c|\u2606xB4d_Pokemonx|bruh\n|c|\u2606redstonejesus|LMAO\n|\n|t:|1700801378\n|move|p1b: Arcanine|Rock Slide|p2b: Arcanine\n|-supereffective|p2b: Arcanine\n|-damage|p2b: Arcanine|7\/100\n|move|p2b: Arcanine|Rock Slide|p1b: Arcanine\n|-supereffective|p1b: Arcanine\n|-damage|p1b: Arcanine|0 fnt\n|faint|p1b: Arcanine\n|\n|win|xB4d_Pokemonx\n|raw|redstonejesus's rating: 1205 &rarr; <strong>1180<\/strong><br \/>(-25 for losing)\n|raw|xB4d_Pokemonx's rating: 1207 &rarr; <strong>1232<\/strong><br \/>(+25 for winning)\n|c|\u2606redstonejesus|gg\n|c|\u2606xB4d_Pokemonx|that intimidate clutch\n|c|\u2606xB4d_Pokemonx|gg\n|l|\u2606redstonejesus\n","uploadtime":1700801394,"views":10,"p1id":"redstonejesus","p2id":"xb4dpokemonx","formatid":"gen9vgc2023regulatione","rating":1180,"private":0,"password":""}