{"id":"gen9vgc2023regulatione-1999151218","p1":"DADUUUR","p2":"Azula Hotstuf","format":"[Gen 9] VGC 2023 Regulation E","log":"|j|\u2606DADUUUR\n|j|\u2606Azula Hotstuf\n|t:|1701038760\n|gametype|doubles\n|player|p1|DADUUUR|170|1122\n|player|p2|Azula Hotstuf|pokemonrangerf|1106\n|teamsize|p1|6\n|teamsize|p2|6\n|gen|9\n|tier|[Gen 9] VGC 2023 Regulation E\n|rated|\n|rule|Species Clause: Limit one of each Pok\u00e9mon\n|rule|Item Clause: Limit one of each item\n|clearpoke\n|poke|p1|Amoonguss, L50, M|\n|poke|p1|Heatran, L50, M|\n|poke|p1|Landorus-Therian, L50, M|\n|poke|p1|Chien-Pao, L50|\n|poke|p1|Ogerpon, L50, F|\n|poke|p1|Roaring Moon, L50|\n|poke|p2|Ninetales, L50, M|\n|poke|p2|Flutter Mane, L50|\n|poke|p2|Sandy Shocks, L50|\n|poke|p2|Landorus-Therian, L50, M|\n|poke|p2|Empoleon, L50, F|\n|poke|p2|Tornadus, L50, M|\n|teampreview|4\n|inactive|Battle timer is ON: inactive players will automatically lose when time's up. (requested by DADUUUR)\n|\n|t:|1701038830\n|start\n|switch|p1a: Ogerpon|Ogerpon, L50, F|100\/100\n|switch|p1b: Roaring Moon|Roaring Moon, L50|100\/100\n|switch|p2a: Landorus|Landorus-Therian, L50, M|100\/100\n|switch|p2b: Tornadus|Tornadus, L50, M|100\/100\n|-ability|p2a: Landorus|Intimidate|boost\n|-unboost|p1a: Ogerpon|atk|1\n|-ability|p1a: Ogerpon|Defiant|boost\n|-boost|p1a: Ogerpon|atk|2\n|-unboost|p1b: Roaring Moon|atk|1\n|-enditem|p1b: Roaring Moon|Booster Energy\n|-activate|p1b: Roaring Moon|ability: Protosynthesis|[fromitem]\n|-start|p1b: Roaring Moon|protosynthesisspe\n|turn|1\n|\n|t:|1701038841\n|-terastallize|p2a: Landorus|Flying\n|move|p1a: Ogerpon|Spiky Shield|p1a: Ogerpon\n|-singleturn|p1a: Ogerpon|move: Protect\n|move|p2b: Tornadus|Tailwind|p2b: Tornadus\n|-sidestart|p2: Azula Hotstuf|move: Tailwind\n|move|p2a: Landorus|Tera Blast|p1a: Ogerpon|[anim] Tera Blast Flying\n|-activate|p1a: Ogerpon|move: Protect\n|move|p1b: Roaring Moon|Tailwind|p1b: Roaring Moon\n|-sidestart|p1: DADUUUR|move: Tailwind\n|\n|upkeep\n|turn|2\n|inactive|DADUUUR has 30 seconds left.\n|\n|t:|1701038872\n|switch|p1a: Chien-Pao|Chien-Pao, L50|100\/100\n|-ability|p1a: Chien-Pao|Sword of Ruin\n|-terastallize|p1b: Roaring Moon|Flying\n|move|p1b: Roaring Moon|Acrobatics|p2a: Landorus\n|-damage|p2a: Landorus|33\/100\n|move|p2a: Landorus|Tera Blast|p1a: Chien-Pao|[anim] Tera Blast Flying\n|-damage|p1a: Chien-Pao|23\/100\n|move|p2b: Tornadus|Icy Wind|p1b: Roaring Moon|[spread] p1a,p1b\n|-resisted|p1a: Chien-Pao\n|-supereffective|p1b: Roaring Moon\n|-damage|p1a: Chien-Pao|11\/100\n|-damage|p1b: Roaring Moon|75\/100\n|-unboost|p1a: Chien-Pao|spe|1\n|-unboost|p1b: Roaring Moon|spe|1\n|\n|upkeep\n|turn|3\n|inactive|Azula Hotstuf has 30 seconds left.\n|inactive|Azula Hotstuf has 20 seconds left.\n|\n|t:|1701038908\n|switch|p2a: Sandy Shocks|Sandy Shocks, L50|100\/100\n|-end|p1b: Roaring Moon|Protosynthesis|[silent]\n|switch|p1b: Heatran|Heatran, L50, M|100\/100\n|move|p1a: Chien-Pao|Sucker Punch||[still]\n|-fail|p1a: Chien-Pao\n|move|p2b: Tornadus|Icy Wind|p1a: Chien-Pao|[spread] p1a,p1b\n|-resisted|p1a: Chien-Pao\n|-resisted|p1b: Heatran\n|-damage|p1a: Chien-Pao|0 fnt\n|-damage|p1b: Heatran|98\/100\n|-unboost|p1b: Heatran|spe|1\n|faint|p1a: Chien-Pao\n|\n|-heal|p1b: Heatran|100\/100|[from] item: Leftovers\n|upkeep\n|\n|t:|1701038913\n|switch|p1a: Ogerpon|Ogerpon, L50, F|100\/100\n|turn|4\n|inactive|Azula Hotstuf has 30 seconds left.\n|inactive|DADUUUR has 30 seconds left.\n|\n|t:|1701038945\n|move|p1a: Ogerpon|Spiky Shield|p1a: Ogerpon\n|-singleturn|p1a: Ogerpon|move: Protect\n|move|p2a: Sandy Shocks|Protect|p2a: Sandy Shocks\n|-singleturn|p2a: Sandy Shocks|Protect\n|move|p2b: Tornadus|Bleakwind Storm|p1b: Heatran|[spread] \n|-activate|p1a: Ogerpon|move: Protect\n|-miss|p2b: Tornadus|p1b: Heatran\n|move|p1b: Heatran|Earth Power|p2a: Sandy Shocks\n|-activate|p2a: Sandy Shocks|move: Protect\n|\n|-sideend|p1: DADUUUR|move: Tailwind\n|-sideend|p2: Azula Hotstuf|move: Tailwind\n|upkeep\n|turn|5\n|\n|t:|1701038961\n|switch|p1b: Roaring Moon|Roaring Moon, L50, tera:Flying|75\/100\n|move|p2b: Tornadus|Tailwind|p2b: Tornadus\n|-sidestart|p2: Azula Hotstuf|move: Tailwind\n|move|p2a: Sandy Shocks|Thunderbolt|p1b: Roaring Moon\n|-supereffective|p1b: Roaring Moon\n|-damage|p1b: Roaring Moon|0 fnt\n|faint|p1b: Roaring Moon\n|-end|p1b: Roaring Moon|Protosynthesis|[silent]\n|-damage|p2a: Sandy Shocks|91\/100|[from] item: Life Orb\n|move|p1a: Ogerpon|Ivy Cudgel|p2a: Sandy Shocks\n|-supereffective|p2a: Sandy Shocks\n|-damage|p2a: Sandy Shocks|0 fnt\n|faint|p2a: Sandy Shocks\n|-end|p2a: Sandy Shocks|Protosynthesis|[silent]\n|\n|upkeep\n|\n|t:|1701038981\n|switch|p1b: Heatran|Heatran, L50, M|100\/100\n|switch|p2a: Landorus|Landorus-Therian, L50, M, tera:Flying|33\/100\n|-ability|p2a: Landorus|Intimidate|boost\n|-unboost|p1a: Ogerpon|atk|1\n|-ability|p1a: Ogerpon|Defiant|boost\n|-boost|p1a: Ogerpon|atk|2\n|-unboost|p1b: Heatran|atk|1\n|turn|6\n|\n|t:|1701038997\n|move|p2a: Landorus|Stomping Tantrum|p1b: Heatran\n|-supereffective|p1b: Heatran\n|-damage|p1b: Heatran|0 fnt\n|faint|p1b: Heatran\n|move|p2b: Tornadus|Bleakwind Storm|p1a: Ogerpon\n|-supereffective|p1a: Ogerpon\n|-damage|p1a: Ogerpon|0 fnt\n|faint|p1a: Ogerpon\n|\n|win|Azula Hotstuf\n|raw|DADUUUR's rating: 1122 &rarr; <strong>1096<\/strong><br \/>(-26 for losing)\n|raw|Azula Hotstuf's rating: 1106 &rarr; <strong>1132<\/strong><br \/>(+26 for winning)\n|l|\u2606DADUUUR\n","uploadtime":1701039006,"views":1,"p1id":"daduuur","p2id":"azulahotstuf","formatid":"gen9vgc2023regulatione","rating":1096,"private":0,"password":""}