{"id":"gen9vgc2023regulatione-1994283209","p1":"Mewizard113","p2":"thevoiceswontstop","format":"[Gen 9] VGC 2023 Regulation E","log":"|j|\u2606Mewizard113\n|j|\u2606thevoiceswontstop\n|n|\u2606Mewizard113|mewizard113\n|n|\u2606thevoiceswontstop|thevoiceswontstop\n|html|View the match progress at <a href=\"\/game-bestof3-gen9vgc2023regulatione-1994279822\">game-bestof3-gen9vgc2023regulatione-1994279822<\/a>\n|t:|1700426844\n|gametype|doubles\n|player|p1|Mewizard113|ethan|\n|player|p2|thevoiceswontstop|caitlin|\n|teamsize|p1|6\n|teamsize|p2|6\n|gen|9\n|tier|[Gen 9] VGC 2023 Regulation E\n|rule|Species Clause: Limit one of each Pok\u00e9mon\n|rule|Item Clause: Limit one of each item\n|clearpoke\n|poke|p1|Gholdengo, L50|\n|poke|p1|Regieleki, L50|\n|poke|p1|Gyarados, L50, F|\n|poke|p1|Zapdos, L50|\n|poke|p1|Grafaiai, L50, M|\n|poke|p1|Drednaw, L50, F|\n|poke|p2|Landorus-Therian, L50, M|\n|poke|p2|Regidrago, L50|\n|poke|p2|Murkrow, L50, F|\n|poke|p2|Jumpluff, L50, F|\n|poke|p2|Ampharos, L50, F|\n|poke|p2|Hariyama, L50, F|\n|teampreview|4\n|j| Luckiest Ludicolo\n|j| Ridd1er\n|c|\u2606Mewizard113|Glhf\n|c|\u2606thevoiceswontstop|I got replay 1\n|c|\u2606thevoiceswontstop|Dwl\n|c|\u2606thevoiceswontstop|Glhf\n|c|\u2606Mewizard113|Thanks\n|c|\u2606Mewizard113|i have to play on mobile\n|j| Raikia\n|c|\u2606thevoiceswontstop|Same\n|l| Ridd1er\nMewizard113 rejected open team sheets.\n|\n|t:|1700426920\n|start\n|switch|p1a: Drednaw|Drednaw, L50, F, shiny|100\/100\n|switch|p1b: Grafaiai|Grafaiai, L50, M, shiny|100\/100\n|switch|p2a: Jumpluff|Jumpluff, L50, F|100\/100\n|switch|p2b: Landorus|Landorus-Therian, L50, M|100\/100\n|-ability|p2b: Landorus|Intimidate|boost\n|-unboost|p1a: Drednaw|atk|1\n|-unboost|p1b: Grafaiai|atk|1\n|-enditem|p1a: Drednaw|White Herb\n|-clearnegativeboost|p1a: Drednaw|[silent]\n|turn|1\n|j| Huxley187\n|j| JabsGR\n|\n|t:|1700426956\n|-terastallize|p1a: Drednaw|Water\n|move|p1b: Grafaiai|Rain Dance|p1b: Grafaiai\n|-weather|RainDance\n|move|p1a: Drednaw|Shell Smash|p1a: Drednaw\n|-unboost|p1a: Drednaw|def|1\n|-unboost|p1a: Drednaw|spd|1\n|-boost|p1a: Drednaw|atk|2\n|-boost|p1a: Drednaw|spa|2\n|-boost|p1a: Drednaw|spe|2\n|move|p2a: Jumpluff|Sleep Powder|p1a: Drednaw\n|-status|p1a: Drednaw|slp|[from] move: Sleep Powder\n|move|p2b: Landorus|Stomping Tantrum|p1a: Drednaw\n|-damage|p1a: Drednaw|30\/100 slp\n|\n|-weather|RainDance|[upkeep]\n|upkeep\n|turn|2\n|\n|t:|1700426993\n|move|p1b: Grafaiai|Parting Shot|p2b: Landorus\n|-unboost|p2b: Landorus|atk|1\n|-unboost|p2b: Landorus|spa|1\n|\n|t:|1700426997\n|switch|p1b: Zapdos|Zapdos, L50, shiny|100\/100|[from] Parting Shot\n|cant|p1a: Drednaw|slp\n|move|p2a: Jumpluff|Tailwind|p2a: Jumpluff\n|-sidestart|p2: thevoiceswontstop|move: Tailwind\n|move|p2b: Landorus|Rock Slide|p1a: Drednaw|[spread] p1b\n|-miss|p2b: Landorus|p1a: Drednaw\n|-supereffective|p1b: Zapdos\n|-damage|p1b: Zapdos|72\/100\n|\n|-weather|RainDance|[upkeep]\n|upkeep\n|turn|3\n|c|\u2606thevoiceswontstop|Aint no goddamn way\n|\n|t:|1700427034\n|-curestatus|p1a: Drednaw|slp|[msg]\n|move|p1a: Drednaw|Rock Slide|p2b: Landorus|[spread] p2a,p2b\n|-supereffective|p2a: Jumpluff\n|-damage|p2a: Jumpluff|0 fnt\n|-damage|p2b: Landorus|42\/100\n|faint|p2a: Jumpluff\n|move|p2b: Landorus|Rock Slide|p1b: Zapdos|[spread] p1a,p1b\n|-supereffective|p1b: Zapdos\n|-damage|p1a: Drednaw|10\/100\n|-damage|p1b: Zapdos|42\/100\n|move|p1b: Zapdos|Hurricane|p2b: Landorus\n|-damage|p2b: Landorus|13\/100\n|\n|-weather|RainDance|[upkeep]\n|upkeep\n|c|\u2606Mewizard113|Let\u2019s goooooo\n|\n|t:|1700427068\n|switch|p2a: Regidrago|Regidrago, L50|100\/100\n|turn|4\n|\n|t:|1700427111\n|move|p1a: Drednaw|Protect|p1a: Drednaw\n|-singleturn|p1a: Drednaw|Protect\n|move|p2b: Landorus|Rock Slide|p1a: Drednaw|[spread] p1b\n|-activate|p1a: Drednaw|move: Protect\n|-supereffective|p1b: Zapdos\n|-damage|p1b: Zapdos|12\/100\n|move|p2a: Regidrago|Scale Shot|p1b: Zapdos\n|-damage|p1b: Zapdos|0 fnt\n|faint|p1b: Zapdos\n|-hitcount|p1: Zapdos|1\n|-unboost|p2a: Regidrago|def|1\n|-boost|p2a: Regidrago|spe|1\n|\n|-weather|RainDance|[upkeep]\n|upkeep\n|\n|t:|1700427119\n|switch|p1b: Gyarados|Gyarados, L50, F, shiny|100\/100\n|-ability|p1b: Gyarados|Intimidate|boost\n|-unboost|p2a: Regidrago|atk|1\n|-unboost|p2b: Landorus|atk|1\n|turn|5\n|\n|t:|1700427160\n|move|p1b: Gyarados|Helping Hand|p1a: Drednaw\n|-singleturn|p1a: Drednaw|Helping Hand|[of] p1b: Gyarados\n|move|p1a: Drednaw|Rock Slide|p2a: Regidrago|[spread] p2a,p2b\n|-damage|p2a: Regidrago|0 fnt\n|-damage|p2b: Landorus|0 fnt\n|faint|p2a: Regidrago\n|faint|p2b: Landorus\n|\n|-weather|none\n|-sideend|p2: thevoiceswontstop|move: Tailwind\n|upkeep\n|\n|t:|1700427166\n|switch|p2a: Ampharos|Ampharos, L50, F|100\/100\n|turn|6\n|c|\u2606thevoiceswontstop|LETS GOO LITTLE BRO\n|c|\u2606thevoiceswontstop|crit 4 times\n|c| Luckiest Ludicolo|Quick Claw Discharge about to go crazy\n|\n|t:|1700427202\n|-terastallize|p2a: Ampharos|Flying\n|move|p1a: Drednaw|Liquidation|p2a: Ampharos\n|-damage|p2a: Ampharos|0 fnt\n|-status|p1a: Drednaw|par|[from] ability: Static|[of] p2a: Ampharos\n|faint|p2a: Ampharos\n|\n|win|Mewizard113\n|c|\u2606thevoiceswontstop|oka\n|c|\u2606Mewizard113|Gg\n|c|\u2606thevoiceswontstop|Uhh\n|c|\u2606thevoiceswontstop|rerun of last season\n|c|\u2606thevoiceswontstop|Gg\n|l| Huxley187\n","uploadtime":1700427219,"views":16,"p1id":"mewizard113","p2id":"thevoiceswontstop","formatid":"gen9vgc2023regulatione","rating":0,"private":0,"password":""}