{"id":"gen9vgc2023regulatione-1989567527","p1":"VGC Suggs","p2":"90-Year-Old","format":"[Gen 9] VGC 2023 Regulation E","log":"|j|\u2606VGC Suggs\n|j|\u260690-Year-Old\n|t:|1699872488\n|gametype|doubles\n|player|p1|VGC Suggs|artist-gen4|1519\n|player|p2|90-Year-Old|acetrainerf-gen6|1650\n|teamsize|p1|6\n|teamsize|p2|6\n|gen|9\n|tier|[Gen 9] VGC 2023 Regulation E\n|rated|\n|rule|Species Clause: Limit one of each Pok\u00e9mon\n|rule|Item Clause: Limit one of each item\n|clearpoke\n|poke|p1|Sableye, L50, F|\n|poke|p1|Ninetales-Alola, L50, F|\n|poke|p1|Landorus, L50, M|\n|poke|p1|Ogerpon-Wellspring, L50, F|\n|poke|p1|Heatran, L50, F|\n|poke|p1|Iron Hands, L50|\n|poke|p2|Tornadus, L50, M|\n|poke|p2|Chien-Pao, L50|\n|poke|p2|Urshifu-*, L50, F|\n|poke|p2|Dragonite, L50, F|\n|poke|p2|Gholdengo, L50|\n|poke|p2|Rillaboom, L50, F|\n|teampreview|4\n|inactive|Battle timer is ON: inactive players will automatically lose when time's up. (requested by VGC Suggs)\n|j| Neutralist\n|inactive|90-Year-Old has 60 seconds left.\n|\n|t:|1699872554\n|start\n|switch|p1a: Sableye|Sableye, L50, F|100\/100\n|switch|p1b: Ninetales|Ninetales-Alola, L50, F|100\/100\n|switch|p2a: Gholdengo|Gholdengo, L50|100\/100\n|switch|p2b: Rillaboom|Rillaboom, L50, F|100\/100\n|-weather|Snow|[from] ability: Snow Warning|[of] p1b: Ninetales\n|-fieldstart|move: Grassy Terrain|[from] ability: Grassy Surge|[of] p2b: Rillaboom\n|turn|1\n|inactive|VGC Suggs has 30 seconds left.\n|\n|t:|1699872579\n|move|p2b: Rillaboom|Fake Out|p1b: Ninetales\n|-crit|p1b: Ninetales\n|-damage|p1b: Ninetales|82\/100\n|move|p1a: Sableye|Gravity|p1a: Sableye\n|-fieldstart|move: Gravity\n|move|p1b: Ninetales|Aurora Veil|p1b: Ninetales\n|-sidestart|p1: VGC Suggs|move: Aurora Veil\n|move|p2a: Gholdengo|Nasty Plot|p2a: Gholdengo\n|-boost|p2a: Gholdengo|spa|2\n|\n|-weather|Snow|[upkeep]\n|-heal|p1b: Ninetales|88\/100|[from] Grassy Terrain\n|upkeep\n|turn|2\n|inactive|VGC Suggs has 30 seconds left.\n|\n|t:|1699872611\n|move|p1a: Sableye|Helping Hand|p1b: Ninetales\n|-singleturn|p1b: Ninetales|Helping Hand|[of] p1a: Sableye\n|move|p1b: Ninetales|Blizzard|p2a: Gholdengo|[spread] p2a,p2b\n|-resisted|p2a: Gholdengo\n|-supereffective|p2b: Rillaboom\n|-damage|p2a: Gholdengo|82\/100\n|-damage|p2b: Rillaboom|44\/100\n|move|p2a: Gholdengo|Nasty Plot|p2a: Gholdengo\n|-boost|p2a: Gholdengo|spa|2\n|move|p2b: Rillaboom|U-turn|p1a: Sableye\n|-damage|p1a: Sableye|81\/100\n|\n|t:|1699872622\n|switch|p2b: Tornadus|Tornadus, L50, M|100\/100|[from] U-turn\n|\n|-weather|Snow|[upkeep]\n|-heal|p1b: Ninetales|94\/100|[from] Grassy Terrain\n|-heal|p2a: Gholdengo|88\/100|[from] Grassy Terrain\n|-heal|p2a: Gholdengo|94\/100|[from] item: Leftovers\n|-heal|p1a: Sableye|87\/100|[from] Grassy Terrain\n|upkeep\n|turn|3\n|inactive|VGC Suggs has 30 seconds left.\n|inactive|VGC Suggs has 20 seconds left.\n|inactive|VGC Suggs has 15 seconds left.\n|inactive|VGC Suggs has 10 seconds left.\n|\n|t:|1699872667\n|move|p2b: Tornadus|Tailwind|p2b: Tornadus\n|-sidestart|p2: 90-Year-Old|move: Tailwind\n|move|p1a: Sableye|Skill Swap|p1b: Ninetales\n|-activate|p1a: Sableye|move: Skill Swap|||[of] p1b: Ninetales\n|move|p1b: Ninetales|Hypnosis|p2b: Tornadus\n|-status|p2b: Tornadus|slp|[from] move: Hypnosis\n|move|p2a: Gholdengo|Make It Rain|p1a: Sableye|[spread] p1a,p1b\n|-supereffective|p1b: Ninetales\n|-damage|p1a: Sableye|0 fnt\n|-damage|p1b: Ninetales|0 fnt\n|-unboost|p2a: Gholdengo|spa|1\n|faint|p1a: Sableye\n|faint|p1b: Ninetales\n|\n|-weather|Snow|[upkeep]\n|-heal|p2a: Gholdengo|99\/100|[from] Grassy Terrain\n|-heal|p2a: Gholdengo|100\/100|[from] item: Leftovers\n|upkeep\n|\n|t:|1699872669\n|switch|p1b: Landorus|Landorus, L50, M|100\/100\n|switch|p1a: Heatran|Heatran, L50, F|100\/100\n|turn|4\n|\n|t:|1699872687\n|move|p2a: Gholdengo|Protect|p2a: Gholdengo\n|-singleturn|p2a: Gholdengo|Protect\n|cant|p2b: Tornadus|slp\n|move|p1a: Heatran|Magma Storm|p2a: Gholdengo\n|-activate|p2a: Gholdengo|move: Protect\n|move|p1b: Landorus|Sandsear Storm|p2b: Tornadus|[spread] p2b\n|-activate|p2a: Gholdengo|move: Protect\n|-damage|p2b: Tornadus|25\/100 slp\n|\n|-weather|Snow|[upkeep]\n|-heal|p2b: Tornadus|31\/100 slp|[from] Grassy Terrain\n|upkeep\n|turn|5\n|inactive|90-Year-Old has 30 seconds left.\n|\n|t:|1699872719\n|-terastallize|p2a: Gholdengo|Dragon\n|cant|p2b: Tornadus|slp\n|move|p2a: Gholdengo|Make It Rain|p1a: Heatran|[spread] p1a,p1b\n|-resisted|p1a: Heatran\n|-damage|p1a: Heatran|84\/100\n|-damage|p1b: Landorus|10\/100\n|-unboost|p2a: Gholdengo|spa|1\n|move|p1a: Heatran|Magma Storm|p2a: Gholdengo\n|-resisted|p2a: Gholdengo\n|-crit|p2a: Gholdengo\n|-damage|p2a: Gholdengo|60\/100\n|-activate|p2a: Gholdengo|move: Magma Storm|[of] p1a: Heatran\n|move|p1b: Landorus|Sandsear Storm|p2a: Gholdengo|[spread] p2a,p2b\n|-damage|p2a: Gholdengo|0 fnt\n|-damage|p2b: Tornadus|0 fnt\n|faint|p2a: Gholdengo\n|faint|p2b: Tornadus\n|\n|-weather|none\n|-heal|p1a: Heatran|90\/100|[from] Grassy Terrain\n|-heal|p1b: Landorus|17\/100|[from] Grassy Terrain\n|-sideend|p1: VGC Suggs|move: Aurora Veil\n|-fieldend|move: Gravity\n|-fieldend|move: Grassy Terrain\n|upkeep\n|\n|t:|1699872734\n|switch|p2a: Rillaboom|Rillaboom, L50, F|44\/100\n|switch|p2b: Dragonite|Dragonite, L50, F|100\/100\n|-fieldstart|move: Grassy Terrain|[from] ability: Grassy Surge|[of] p2a: Rillaboom\n|turn|6\n|\n|t:|1699872756\n|-terastallize|p1a: Heatran|Grass\n|move|p1b: Landorus|Protect|p1b: Landorus\n|-singleturn|p1b: Landorus|Protect\n|move|p2a: Rillaboom|Wood Hammer|p1b: Landorus\n|-activate|p1b: Landorus|move: Protect\n|move|p2b: Dragonite|Stomping Tantrum|p1a: Heatran\n|-resisted|p1a: Heatran\n|-damage|p1a: Heatran|71\/100\n|move|p1a: Heatran|Magma Storm|p2b: Dragonite|[miss]\n|-miss|p1a: Heatran|p2b: Dragonite\n|\n|-heal|p2a: Rillaboom|50\/100|[from] Grassy Terrain\n|-heal|p1a: Heatran|77\/100|[from] Grassy Terrain\n|-sideend|p2: 90-Year-Old|move: Tailwind\n|upkeep\n|turn|7\n|\n|t:|1699872770\n|move|p2a: Rillaboom|Grassy Glide|p1b: Landorus\n|-damage|p1b: Landorus|0 fnt\n|faint|p1b: Landorus\n|move|p1a: Heatran|Magma Storm|p2a: Rillaboom\n|-supereffective|p2a: Rillaboom\n|-damage|p2a: Rillaboom|0 fnt\n|faint|p2a: Rillaboom\n|move|p2b: Dragonite|Stomping Tantrum|p1a: Heatran\n|-resisted|p1a: Heatran\n|-damage|p1a: Heatran|58\/100\n|\n|-heal|p1a: Heatran|64\/100|[from] Grassy Terrain\n|upkeep\n|turn|8\n|\n|t:|1699872780\n|move|p1a: Heatran|Protect|p1a: Heatran\n|-singleturn|p1a: Heatran|Protect\n|move|p2b: Dragonite|Stomping Tantrum|p1a: Heatran\n|-activate|p1a: Heatran|move: Protect\n|\n|-heal|p1a: Heatran|70\/100|[from] Grassy Terrain\n|upkeep\n|turn|9\n|\n|t:|1699872785\n|move|p1a: Heatran|Magma Storm|p2b: Dragonite\n|-resisted|p2b: Dragonite\n|-damage|p2b: Dragonite|79\/100\n|-activate|p2b: Dragonite|move: Magma Storm|[of] p1a: Heatran\n|move|p2b: Dragonite|Stomping Tantrum|p1a: Heatran\n|-resisted|p1a: Heatran\n|-damage|p1a: Heatran|51\/100\n|\n|-heal|p1a: Heatran|57\/100|[from] Grassy Terrain\n|-damage|p2b: Dragonite|62\/100|[from] move: Magma Storm|[partiallytrapped]\n|upkeep\n|turn|10\n|\n|t:|1699872791\n|move|p1a: Heatran|Protect|p1a: Heatran\n|-singleturn|p1a: Heatran|Protect\n|move|p2b: Dragonite|Stomping Tantrum|p1a: Heatran\n|-activate|p1a: Heatran|move: Protect\n|\n|-heal|p1a: Heatran|63\/100|[from] Grassy Terrain\n|-damage|p2b: Dragonite|46\/100|[from] move: Magma Storm|[partiallytrapped]\n|-fieldend|move: Grassy Terrain\n|upkeep\n|turn|11\n|\n|t:|1699872796\n|move|p1a: Heatran|Flash Cannon|p2b: Dragonite\n|-damage|p2b: Dragonite|10\/100\n|move|p2b: Dragonite|Stomping Tantrum|p1a: Heatran\n|-resisted|p1a: Heatran\n|-damage|p1a: Heatran|46\/100\n|\n|-damage|p2b: Dragonite|0 fnt|[from] move: Magma Storm|[partiallytrapped]\n|faint|p2b: Dragonite\n|\n|win|VGC Suggs\n|upkeep\n|raw|VGC Suggs's rating: 1519 &rarr; <strong>1546<\/strong><br \/>(+27 for winning)\n|raw|90-Year-Old's rating: 1650 &rarr; <strong>1623<\/strong><br \/>(-27 for losing)\n|l|\u260690-Year-Old\n|c|\u2606VGC Suggs|Gg\n","uploadtime":1699872942,"views":25,"p1id":"vgcsuggs","p2id":"90yearold","formatid":"gen9vgc2023regulatione","rating":1546,"private":0,"password":""}