{"id":"gen9vgc2023regulatione-1995240878","p1":"LegacyShowden","p2":"Bearticus","format":"[Gen 9] VGC 2023 Regulation E","log":"|j|\u2606LegacyShowden\n|j|\u2606Bearticus\n|t:|1700538844\n|gametype|doubles\n|player|p1|LegacyShowden|rosa|1268\n|player|p2|Bearticus|emmet|1208\n|teamsize|p1|6\n|teamsize|p2|6\n|gen|9\n|tier|[Gen 9] VGC 2023 Regulation E\n|rated|\n|rule|Species Clause: Limit one of each Pok\u00e9mon\n|rule|Item Clause: Limit one of each item\n|clearpoke\n|poke|p1|Landorus-Therian, L50, M|\n|poke|p1|Samurott-Hisui, L50, M|\n|poke|p1|Ogerpon-Hearthflame, L50, F|\n|poke|p1|Kommo-o, L50, M|\n|poke|p1|Gholdengo, L50|\n|poke|p1|Thundurus, L50, M|\n|poke|p2|Regidrago, L50|\n|poke|p2|Farigiraf, L50, M|\n|poke|p2|Ninetales-Alola, L50, F|\n|poke|p2|Kingambit, L50, F|\n|poke|p2|Tornadus, L50, M|\n|poke|p2|Urshifu-*, L50, F|\n|teampreview|4\n|inactive|Battle timer is ON: inactive players will automatically lose when time's up. (requested by LegacyShowden)\n|inactive|LegacyShowden has 60 seconds left.\n|inactive|Bearticus has 60 seconds left.\n|\n|t:|1700538893\n|start\n|switch|p1a: Ogerpon|Ogerpon-Hearthflame, L50, F|100\/100\n|switch|p1b: Samurott|Samurott-Hisui, L50, M|100\/100\n|switch|p2a: Tornadus|Tornadus, L50, M|100\/100\n|switch|p2b: Ninetales|Ninetales-Alola, L50, F|100\/100\n|-ability|p1a: Ogerpon|Mold Breaker\n|-weather|Snow|[from] ability: Snow Warning|[of] p2b: Ninetales\n|turn|1\n|\n|t:|1700538908\n|move|p2a: Tornadus|Tailwind|p2a: Tornadus\n|-sidestart|p2: Bearticus|move: Tailwind\n|move|p2b: Ninetales|Aurora Veil|p2b: Ninetales\n|-sidestart|p2: Bearticus|move: Aurora Veil\n|move|p1a: Ogerpon|Ivy Cudgel|p2b: Ninetales|[anim] Ivy Cudgel Fire\n|-supereffective|p2b: Ninetales\n|-damage|p2b: Ninetales|29\/100\n|move|p1b: Samurott|Razor Shell|p2b: Ninetales\n|-damage|p2b: Ninetales|0 fnt\n|faint|p2b: Ninetales\n|\n|-weather|Snow|[upkeep]\n|upkeep\n|\n|t:|1700538923\n|switch|p2b: Regidrago|Regidrago, L50|100\/100\n|turn|2\n|\n|t:|1700538936\n|move|p1a: Ogerpon|Spiky Shield|p1a: Ogerpon\n|-singleturn|p1a: Ogerpon|move: Protect\n|move|p1b: Samurott|Sucker Punch|p2b: Regidrago\n|-damage|p2b: Regidrago|72\/100\n|move|p2b: Regidrago|Dragon Energy|p1a: Ogerpon|[spread] p1b\n|-activate|p1a: Ogerpon|move: Protect\n|-damage|p1b: Samurott|45\/100\n|move|p2a: Tornadus|Bleakwind Storm|p1b: Samurott|[spread] p1b\n|-activate|p1a: Ogerpon|move: Protect\n|-damage|p1b: Samurott|14\/100\n|-unboost|p1b: Samurott|spe|1\n|\n|-weather|Snow|[upkeep]\n|upkeep\n|turn|3\n|\n|t:|1700538959\n|switch|p1a: Gholdengo|Gholdengo, L50|100\/100\n|-terastallize|p2b: Regidrago|Steel\n|move|p1b: Samurott|Sucker Punch|p2b: Regidrago\n|-damage|p2b: Regidrago|48\/100\n|move|p2b: Regidrago|Dragon Energy|p1a: Gholdengo|[spread] p1a,p1b\n|-resisted|p1a: Gholdengo\n|-damage|p1a: Gholdengo|80\/100\n|-damage|p1b: Samurott|0 fnt\n|faint|p1b: Samurott\n|move|p2a: Tornadus|Bleakwind Storm|p1a: Gholdengo\n|-resisted|p1a: Gholdengo\n|-damage|p1a: Gholdengo|56\/100\n|-unboost|p1a: Gholdengo|spe|1\n|\n|-weather|Snow|[upkeep]\n|upkeep\n|\n|t:|1700538967\n|switch|p1b: Kommo-o|Kommo-o, L50, M|100\/100\n|turn|4\n|\n|t:|1700538988\n|-terastallize|p1b: Kommo-o|Steel\n|move|p1a: Gholdengo|Protect|p1a: Gholdengo\n|-singleturn|p1a: Gholdengo|Protect\n|move|p2a: Tornadus|Taunt|p1b: Kommo-o\n|-start|p1b: Kommo-o|move: Taunt\n|move|p2b: Regidrago|Earth Power|p1a: Gholdengo\n|-activate|p1a: Gholdengo|move: Protect\n|cant|p1b: Kommo-o|move: Taunt|Iron Defense\n|\n|-weather|Snow|[upkeep]\n|-sideend|p2: Bearticus|move: Tailwind\n|upkeep\n|turn|5\n|\n|t:|1700539003\n|move|p2a: Tornadus|Tailwind|p2a: Tornadus\n|-sidestart|p2: Bearticus|move: Tailwind\n|move|p2b: Regidrago|Earth Power|p1a: Gholdengo\n|-supereffective|p1a: Gholdengo\n|-damage|p1a: Gholdengo|10\/100\n|move|p1b: Kommo-o|Body Press|p2b: Regidrago\n|-supereffective|p2b: Regidrago\n|-damage|p2b: Regidrago|0 fnt\n|faint|p2b: Regidrago\n|move|p1a: Gholdengo|Recover|p1a: Gholdengo\n|-heal|p1a: Gholdengo|60\/100\n|\n|-weather|none\n|upkeep\n|\n|t:|1700539014\n|switch|p2b: Urshifu|Urshifu-Rapid-Strike, L50, F|100\/100\n|turn|6\n|inactive|LegacyShowden has 30 seconds left.\n|inactive|Bearticus has 30 seconds left.\n|inactive|LegacyShowden has 20 seconds left.\n|\n|t:|1700539049\n|move|p2b: Urshifu|Surging Strikes|p1a: Gholdengo\n|-crit|p1a: Gholdengo\n|-damage|p1a: Gholdengo|39\/100\n|-crit|p1a: Gholdengo\n|-damage|p1a: Gholdengo|18\/100\n|-crit|p1a: Gholdengo\n|-damage|p1a: Gholdengo|0 fnt\n|faint|p1a: Gholdengo\n|-hitcount|p1: Gholdengo|3\n|move|p2a: Tornadus|Bleakwind Storm|p1b: Kommo-o\n|-resisted|p1b: Kommo-o\n|-damage|p1b: Kommo-o|79\/100\n|move|p1b: Kommo-o|Body Press|p2b: Urshifu\n|-damage|p2b: Urshifu|73\/100\n|\n|-end|p1b: Kommo-o|move: Taunt\n|upkeep\n|\n|t:|1700539055\n|switch|p1a: Ogerpon|Ogerpon-Hearthflame, L50, F|100\/100\n|-ability|p1a: Ogerpon|Mold Breaker\n|turn|7\n|\n|t:|1700539069\n|move|p2a: Tornadus|Taunt|p1b: Kommo-o\n|-start|p1b: Kommo-o|move: Taunt\n|move|p2b: Urshifu|Surging Strikes|p1a: Ogerpon\n|-crit|p1a: Ogerpon\n|-damage|p1a: Ogerpon|71\/100\n|-crit|p1a: Ogerpon\n|-damage|p1a: Ogerpon|46\/100\n|-crit|p1a: Ogerpon\n|-damage|p1a: Ogerpon|21\/100\n|-hitcount|p1a: Ogerpon|3\n|move|p1a: Ogerpon|Horn Leech|p2b: Urshifu\n|-supereffective|p2b: Urshifu\n|-damage|p2b: Urshifu|9\/100\n|-heal|p1a: Ogerpon|59\/100|[from] drain|[of] p2b: Urshifu\n|move|p1b: Kommo-o|Body Press|p2b: Urshifu\n|-damage|p2b: Urshifu|0 fnt\n|faint|p2b: Urshifu\n|\n|upkeep\n|turn|8\n|\n|t:|1700539085\n|move|p1a: Ogerpon|Spiky Shield|p1a: Ogerpon\n|-singleturn|p1a: Ogerpon|move: Protect\n|move|p2a: Tornadus|Bleakwind Storm|p1b: Kommo-o|[spread] \n|-activate|p1a: Ogerpon|move: Protect\n|-miss|p2a: Tornadus|p1b: Kommo-o\n|move|p1b: Kommo-o|Iron Head|p2a: Tornadus\n|-damage|p2a: Tornadus|73\/100\n|\n|-sideend|p2: Bearticus|move: Tailwind\n|-sideend|p2: Bearticus|move: Aurora Veil\n|upkeep\n|turn|9\n|\n|t:|1700539095\n|move|p1a: Ogerpon|Ivy Cudgel|p2a: Tornadus|[anim] Ivy Cudgel Fire\n|-damage|p2a: Tornadus|0 fnt\n|faint|p2a: Tornadus\n|\n|win|LegacyShowden\n|raw|LegacyShowden's rating: 1268 &rarr; <strong>1289<\/strong><br \/>(+21 for winning)\n|raw|Bearticus's rating: 1208 &rarr; <strong>1187<\/strong><br \/>(-21 for losing)\n|l|\u2606Bearticus\n","uploadtime":1700539105,"views":9,"p1id":"legacyshowden","p2id":"bearticus","formatid":"gen9vgc2023regulatione","rating":1187,"private":0,"password":""}