{"id":"gen9vgc2023regulatione-1992515485","p1":"MrWonton","p2":"fartninja101","format":"[Gen 9] VGC 2023 Regulation E","log":"|j|\u2606fartninja101\n|n|\u2606fartninja101|fartninja101\n|html|View the match progress at <a href=\"\/game-bestof3-gen9vgc2023regulatione-1992512782\">game-bestof3-gen9vgc2023regulatione-1992512782<\/a>\n|t:|1700197940\n|gametype|doubles\n|player|p1|MrWonton|jogger|\n|player|p2|fartninja101|266|\n|teamsize|p1|6\n|teamsize|p2|6\n|gen|9\n|tier|[Gen 9] VGC 2023 Regulation E\n|rule|Species Clause: Limit one of each Pok\u00e9mon\n|rule|Item Clause: Limit one of each item\n|clearpoke\n|poke|p1|Heatran, L50, F|\n|poke|p1|Rillaboom, L50, M|\n|poke|p1|Corviknight, L50, M|\n|poke|p1|Volbeat, L50, M|\n|poke|p1|Chandelure, L50, M|\n|poke|p1|Electrode, L50|\n|poke|p2|Flutter Mane, L50|\n|poke|p2|Iron Bundle, L50|\n|poke|p2|Murkrow, L50, F|\n|poke|p2|Weezing-Galar, L50, F|\n|poke|p2|Slaking, L50, M|\n|poke|p2|Toxtricity, L50, F|\n|teampreview|4\n|inactive|Battle timer is ON: inactive players will automatically lose when time's up. (requested by fartninja101)\n|inactive|MrWonton has 60 seconds left.\n|inactive|fartninja101 has 60 seconds left.\n|j|\u2606MrWonton\n|inactive|MrWonton has 30 seconds left.\n|inactive|MrWonton has 20 seconds left.\n|inactive|MrWonton has 15 seconds left.\n|inactive|MrWonton has 10 seconds left.\n|\n|t:|1700198024\n|start\n|switch|p1a: Timpani|Rillaboom, L50, M|100\/100\n|switch|p1b: Sia|Chandelure, L50, M|100\/100\n|switch|p2a: Murkrow|Murkrow, L50, F|100\/100\n|switch|p2b: Iron Bundle|Iron Bundle, L50|100\/100\n|-fieldstart|move: Grassy Terrain|[from] ability: Grassy Surge|[of] p1a: Timpani\n|turn|1\n|\n|t:|1700198044\n|-terastallize|p1b: Sia|Grass\n|move|p2b: Iron Bundle|Protect|p2b: Iron Bundle\n|-singleturn|p2b: Iron Bundle|Protect\n|move|p2a: Murkrow|Tailwind|p2a: Murkrow\n|-sidestart|p2: fartninja101|move: Tailwind\n|move|p1a: Timpani|Wood Hammer|p2b: Iron Bundle\n|-activate|p2b: Iron Bundle|move: Protect\n|move|p1b: Sia|Trick Room|p1b: Sia\n|-fieldstart|move: Trick Room|[of] p1b: Sia\n|\n|upkeep\n|turn|2\n|inactive|MrWonton has 30 seconds left.\n|inactive|fartninja101 has 30 seconds left.\n|inactive|fartninja101 has 20 seconds left.\n|\n|t:|1700198083\n|move|p1b: Sia|Flamethrower|p2b: Iron Bundle\n|-enditem|p2b: Iron Bundle|Focus Sash\n|-damage|p2b: Iron Bundle|1\/100\n|move|p1a: Timpani|Wood Hammer|p2b: Iron Bundle\n|-supereffective|p2b: Iron Bundle\n|-damage|p2b: Iron Bundle|0 fnt\n|faint|p2b: Iron Bundle\n|-end|p2b: Iron Bundle|Quark Drive|[silent]\n|-damage|p1a: Timpani|99\/100|[from] Recoil\n|move|p2a: Murkrow|Foul Play|p1a: Timpani\n|-damage|p1a: Timpani|51\/100\n|\n|-heal|p1a: Timpani|57\/100|[from] Grassy Terrain\n|upkeep\n|inactive|fartninja101 has 30 seconds left.\n|\n|t:|1700198115\n|switch|p2b: Toxtricity|Toxtricity, L50, F|100\/100\n|turn|3\n|\n|t:|1700198136\n|move|p2a: Murkrow|Protect|p2a: Murkrow\n|-singleturn|p2a: Murkrow|Protect\n|move|p2b: Toxtricity|Protect|p2b: Toxtricity\n|-singleturn|p2b: Toxtricity|Protect\n|move|p1b: Sia|Flamethrower|p2a: Murkrow\n|-activate|p2a: Murkrow|move: Protect\n|move|p1a: Timpani|High Horsepower|p2b: Toxtricity\n|-activate|p2b: Toxtricity|move: Protect\n|\n|-heal|p1a: Timpani|62\/100|[from] Grassy Terrain\n|upkeep\n|turn|4\n|inactive|fartninja101 has 30 seconds left.\n|inactive|fartninja101 has 20 seconds left.\n|\n|t:|1700198172\n|-terastallize|p2b: Toxtricity|Normal\n|move|p1b: Sia|Flamethrower|p2a: Murkrow\n|-damage|p2a: Murkrow|0 fnt\n|faint|p2a: Murkrow\n|move|p1a: Timpani|High Horsepower|p2b: Toxtricity\n|-crit|p2b: Toxtricity\n|-damage|p2b: Toxtricity|27\/100\n|move|p2b: Toxtricity|Boomburst|p1b: Sia|[spread] p1a,p1b\n|-damage|p1a: Timpani|11\/100\n|-damage|p1b: Sia|14\/100\n|-enditem|p1b: Sia|Aguav Berry|[eat]\n|-heal|p1b: Sia|47\/100|[from] item: Aguav Berry\n|-enditem|p2b: Toxtricity|Throat Spray\n|-boost|p2b: Toxtricity|spa|1|[from] item: Throat Spray\n|\n|-heal|p1b: Sia|53\/100|[from] Grassy Terrain\n|-heal|p1a: Timpani|17\/100|[from] Grassy Terrain\n|-heal|p2b: Toxtricity|33\/100|[from] Grassy Terrain\n|-sideend|p2: fartninja101|move: Tailwind\n|upkeep\n|\n|t:|1700198190\n|switch|p2a: Flutter Mane|Flutter Mane, L50|100\/100\n|-enditem|p2a: Flutter Mane|Booster Energy\n|-activate|p2a: Flutter Mane|ability: Protosynthesis|[fromitem]\n|-start|p2a: Flutter Mane|protosynthesisspe\n|turn|5\n|\n|t:|1700198202\n|switch|p1b: Maelstrom|Heatran, L50, F|100\/100\n|switch|p1a: Svalinn|Corviknight, L50, M|100\/100\n|move|p2b: Toxtricity|Protect|p2b: Toxtricity\n|-singleturn|p2b: Toxtricity|Protect\n|move|p2a: Flutter Mane|Moonblast|p1b: Maelstrom\n|-resisted|p1b: Maelstrom\n|-damage|p1b: Maelstrom|90\/100\n|-unboost|p1b: Maelstrom|spa|1\n|\n|-heal|p1b: Maelstrom|96\/100|[from] Grassy Terrain\n|-heal|p2b: Toxtricity|39\/100|[from] Grassy Terrain\n|-fieldend|move: Trick Room\n|-fieldend|move: Grassy Terrain\n|upkeep\n|turn|6\n|inactive|MrWonton has 30 seconds left.\n|inactive|fartninja101 has 30 seconds left.\n|inactive|MrWonton has 20 seconds left.\n|\n|t:|1700198238\n|move|p2a: Flutter Mane|Thunderbolt|p1a: Svalinn\n|-supereffective|p1a: Svalinn\n|-damage|p1a: Svalinn|35\/100\n|move|p2b: Toxtricity|Overdrive|p1b: Maelstrom|[spread] p1a,p1b\n|-supereffective|p1a: Svalinn\n|-damage|p1a: Svalinn|0 fnt\n|-damage|p1b: Maelstrom|44\/100\n|faint|p1a: Svalinn\n|move|p1b: Maelstrom|Heat Wave|p2b: Toxtricity|[spread] p2a,p2b\n|-damage|p2a: Flutter Mane|58\/100\n|-damage|p2b: Toxtricity|0 fnt\n|faint|p2b: Toxtricity\n|-damage|p1b: Maelstrom|35\/100|[from] item: Life Orb\n|\n|upkeep\n|\n|t:|1700198248\n|switch|p1a: Timpani|Rillaboom, L50, M|17\/100\n|-fieldstart|move: Grassy Terrain|[from] ability: Grassy Surge|[of] p1a: Timpani\n|turn|7\n|\n|t:|1700198272\n|move|p1a: Timpani|Grassy Glide|p2a: Flutter Mane\n|-damage|p2a: Flutter Mane|0 fnt\n|faint|p2a: Flutter Mane\n|-end|p2a: Flutter Mane|Protosynthesis|[silent]\n|\n|win|MrWonton\n|c|&|\/uhtml prompt-fartninja101,fartninja101 is ready for game 3!\n|inactive|MrWonton has 50 seconds to confirm battle start!\n|c|&|\/uhtml prompt-mrwonton,MrWonton is ready for game 3!\nBoth players are ready! Starting next match!\n|l|\u2606MrWonton\n","uploadtime":1700198282,"views":14,"p1id":"mrwonton","p2id":"fartninja101","formatid":"gen9vgc2023regulatione","rating":0,"private":0,"password":""}