{"id":"gen9vgc2023regulatione-1988956607","p1":"Cyborg Tesla","p2":"jzdr","format":"[Gen 9] VGC 2023 Regulation E","log":"|j|\u2606Cyborg Tesla\n|j|\u2606jzdr\n|t:|1699794285\n|gametype|doubles\n|player|p1|Cyborg Tesla|roark|1429\n|player|p2|jzdr|steven|1410\n|teamsize|p1|6\n|teamsize|p2|6\n|gen|9\n|tier|[Gen 9] VGC 2023 Regulation E\n|rated|\n|rule|Species Clause: Limit one of each Pok\u00e9mon\n|rule|Item Clause: Limit one of each item\n|clearpoke\n|poke|p1|Flutter Mane, L50|\n|poke|p1|Zapdos, L50|\n|poke|p1|Landorus-Therian, L50, M|\n|poke|p1|Heatran, L50, M|\n|poke|p1|Amoonguss, L50, M|\n|poke|p1|Urshifu-*, L50, M|\n|poke|p2|Heatran, L50, F|\n|poke|p2|Iron Hands, L50|\n|poke|p2|Amoonguss, L50, M|\n|poke|p2|Cresselia, L50, F|\n|poke|p2|Urshifu-*, L50, F|\n|poke|p2|Sableye, L50, M|\n|teampreview|4\n|inactive|Battle timer is ON: inactive players will automatically lose when time's up. (requested by Cyborg Tesla)\njzdr has agreed to open team sheets.\n|\n|t:|1699794314\n|start\n|switch|p1a: Urshifu|Urshifu-Rapid-Strike, L50, M|100\/100\n|switch|p1b: Landorus|Landorus-Therian, L50, M|100\/100\n|switch|p2a: Sableye|Sableye, L50, M|100\/100\n|switch|p2b: Heatran|Heatran, L50, F|100\/100\n|-ability|p1b: Landorus|Intimidate|boost\n|-unboost|p2a: Sableye|atk|1\n|-unboost|p2b: Heatran|atk|1\n|turn|1\n|\n|t:|1699794331\n|switch|p1a: Heatran|Heatran, L50, M|100\/100\n|-terastallize|p2b: Heatran|Grass\n|move|p2a: Sableye|Will-O-Wisp|p1b: Landorus|[miss]\n|-miss|p2a: Sableye|p1b: Landorus\n|move|p1b: Landorus|U-turn|p2a: Sableye\n|-damage|p2a: Sableye|57\/100\n|-enditem|p2a: Sableye|Red Card|[of] p1b: Landorus\n|drag|p1b: Flutter Mane|Flutter Mane, L50|100\/100\n|-enditem|p1b: Flutter Mane|Booster Energy\n|-activate|p1b: Flutter Mane|ability: Protosynthesis|[fromitem]\n|-start|p1b: Flutter Mane|protosynthesisspa\n|move|p2b: Heatran|Heat Wave|p1a: Heatran|[spread] p1b\n|-start|p1a: Heatran|ability: Flash Fire\n|-damage|p1b: Flutter Mane|41\/100\n|-damage|p2b: Heatran|91\/100|[from] item: Life Orb\n|\n|upkeep\n|turn|2\n|\n|t:|1699794356\n|-terastallize|p1a: Heatran|Flying\n|move|p2a: Sableye|Skill Swap|p1a: Heatran\n|-activate|p2a: Sableye|move: Skill Swap|Flash Fire|Prankster|[of] p1a: Heatran\n|-end|p1a: Heatran|ability: Flash Fire|[silent]\n|move|p1b: Flutter Mane|Dazzling Gleam|p2b: Heatran|[spread] p2a,p2b\n|-supereffective|p2a: Sableye\n|-damage|p2a: Sableye|0 fnt\n|-damage|p2b: Heatran|58\/100\n|faint|p2a: Sableye\n|move|p1a: Heatran|Tera Blast|p2b: Heatran|[anim] Tera Blast Flying\n|-supereffective|p2b: Heatran\n|-damage|p2b: Heatran|0 fnt\n|faint|p2b: Heatran\n|\n|upkeep\n|\n|t:|1699794367\n|switch|p2b: Iron Hands|Iron Hands, L50|100\/100\n|switch|p2a: Amoonguss|Amoonguss, L50, M|100\/100\n|turn|3\n|\n|t:|1699794374\n|move|p1a: Heatran|Protect|p1a: Heatran\n|-singleturn|p1a: Heatran|Protect\n|move|p1b: Flutter Mane|Protect|p1b: Flutter Mane\n|-singleturn|p1b: Flutter Mane|Protect\n|move|p2b: Iron Hands|Fake Out|p1a: Heatran\n|-activate|p1a: Heatran|move: Protect\n|move|p2a: Amoonguss|Spore|p1b: Flutter Mane\n|-activate|p1b: Flutter Mane|move: Protect\n|\n|upkeep\n|turn|4\n|\n|t:|1699794385\n|move|p2a: Amoonguss|Protect|p2a: Amoonguss\n|-singleturn|p2a: Amoonguss|Protect\n|move|p1b: Flutter Mane|Shadow Ball|p2a: Amoonguss\n|-activate|p2a: Amoonguss|move: Protect\n|move|p1a: Heatran|Heat Wave|p2a: Amoonguss|[spread] \n|-activate|p2a: Amoonguss|move: Protect\n|-miss|p1a: Heatran|p2b: Iron Hands\n|move|p2b: Iron Hands|Wild Charge|p1a: Heatran\n|-supereffective|p1a: Heatran\n|-damage|p1a: Heatran|0 fnt\n|faint|p1a: Heatran\n|-damage|p2b: Iron Hands|82\/100|[from] Recoil\n|\n|upkeep\n|\n|t:|1699794394\n|switch|p1a: Landorus|Landorus-Therian, L50, M|100\/100\n|-ability|p1a: Landorus|Intimidate|boost\n|-unboost|p2a: Amoonguss|atk|1\n|-unboost|p2b: Iron Hands|atk|1\n|turn|5\n|\n|t:|1699794409\n|move|p1b: Flutter Mane|Protect|p1b: Flutter Mane\n|-singleturn|p1b: Flutter Mane|Protect\n|move|p1a: Landorus|Stomping Tantrum|p2a: Amoonguss\n|-damage|p2a: Amoonguss|50\/100\n|move|p2b: Iron Hands|Heavy Slam|p1b: Flutter Mane\n|-activate|p1b: Flutter Mane|move: Protect\n|move|p2a: Amoonguss|Spore|p1a: Landorus\n|-status|p1a: Landorus|slp|[from] move: Spore\n|\n|upkeep\n|turn|6\n|\n|t:|1699794420\n|move|p2a: Amoonguss|Protect|p2a: Amoonguss\n|-singleturn|p2a: Amoonguss|Protect\n|move|p1b: Flutter Mane|Dazzling Gleam|p2a: Amoonguss|[spread] p2b\n|-activate|p2a: Amoonguss|move: Protect\n|-supereffective|p2b: Iron Hands\n|-damage|p2b: Iron Hands|29\/100\n|cant|p1a: Landorus|slp\n|move|p2b: Iron Hands|Heavy Slam|p1b: Flutter Mane\n|-supereffective|p1b: Flutter Mane\n|-crit|p1b: Flutter Mane\n|-damage|p1b: Flutter Mane|0 fnt\n|faint|p1b: Flutter Mane\n|-end|p1b: Flutter Mane|Protosynthesis|[silent]\n|\n|upkeep\n|\n|t:|1699794426\n|switch|p1b: Urshifu|Urshifu-Rapid-Strike, L50, M|100\/100\n|turn|7\n|\n|t:|1699794431\n|move|p1b: Urshifu|Protect|p1b: Urshifu\n|-singleturn|p1b: Urshifu|Protect\n|move|p2a: Amoonguss|Rage Powder|p2a: Amoonguss\n|-singleturn|p2a: Amoonguss|move: Rage Powder\n|cant|p1a: Landorus|slp\n|move|p2b: Iron Hands|Wild Charge|p1b: Urshifu\n|-activate|p1b: Urshifu|move: Protect\n|\n|upkeep\n|turn|8\n|\n|t:|1699794443\n|move|p1b: Urshifu|Surging Strikes|p2b: Iron Hands\n|-crit|p2b: Iron Hands\n|-damage|p2b: Iron Hands|15\/100\n|-crit|p2b: Iron Hands\n|-damage|p2b: Iron Hands|0 fnt\n|faint|p2b: Iron Hands\n|-end|p2b: Iron Hands|Quark Drive|[silent]\n|-hitcount|p2: Iron Hands|2\n|-curestatus|p1a: Landorus|slp|[msg]\n|move|p1a: Landorus|Stomping Tantrum|p2a: Amoonguss\n|-damage|p2a: Amoonguss|0 fnt\n|faint|p2a: Amoonguss\n|\n|win|Cyborg Tesla\n|raw|Cyborg Tesla's rating: 1429 &rarr; <strong>1448<\/strong><br \/>(+19 for winning)\n|raw|jzdr's rating: 1410 &rarr; <strong>1391<\/strong><br \/>(-19 for losing)\n","uploadtime":1699794452,"views":13,"p1id":"cyborgtesla","p2id":"jzdr","formatid":"gen9vgc2023regulatione","rating":1391,"private":0,"password":""}