{"id":"gen9vgc2023regulatione-1998498663","p1":"ceriii","p2":"KarlIsBad","format":"[Gen 9] VGC 2023 Regulation E","log":"|j|\u2606ceriii\n|j|\u2606KarlIsBad\n|t:|1700949177\n|gametype|doubles\n|player|p1|ceriii|mars|1157\n|player|p2|KarlIsBad|265|1155\n|teamsize|p1|6\n|teamsize|p2|6\n|gen|9\n|tier|[Gen 9] VGC 2023 Regulation E\n|rated|\n|rule|Species Clause: Limit one of each Pok\u00e9mon\n|rule|Item Clause: Limit one of each item\n|clearpoke\n|poke|p1|Ninetales-Alola, L50, M|\n|poke|p1|Sinistcha, L50|\n|poke|p1|Baxcalibur, L50, M|\n|poke|p1|Ting-Lu, L50|\n|poke|p1|Glaceon, L50, M|\n|poke|p1|Mightyena, L50, M|\n|poke|p2|Dragonite, L50, F|\n|poke|p2|Chien-Pao, L50|\n|poke|p2|Iron Hands, L50|\n|poke|p2|Farigiraf, L50, F|\n|poke|p2|Ogerpon-Hearthflame, L50, F|\n|poke|p2|Rillaboom, L50, F|\n|teampreview|4\n|\n|t:|1700949202\n|start\n|switch|p1a: Ninetales|Ninetales-Alola, L50, M|100\/100\n|switch|p1b: Ting-Lu|Ting-Lu, L50|100\/100\n|switch|p2a: Dragonite|Dragonite, L50, F|100\/100\n|switch|p2b: Chien-Pao|Chien-Pao, L50|100\/100\n|-ability|p2b: Chien-Pao|Sword of Ruin\n|-weather|Snow|[from] ability: Snow Warning|[of] p1a: Ninetales\n|-ability|p1b: Ting-Lu|Vessel of Ruin\n|turn|1\n|inactive|Battle timer is ON: inactive players will automatically lose when time's up. (requested by ceriii)\n|inactive|ceriii has 60 seconds left.\n|\n|t:|1700949235\n|-terastallize|p1a: Ninetales|Ghost\n|-terastallize|p2a: Dragonite|Normal\n|move|p2a: Dragonite|Extreme Speed|p1a: Ninetales\n|-immune|p1a: Ninetales\n|move|p2b: Chien-Pao|Ice Spinner|p1a: Ninetales\n|-damage|p1a: Ninetales|22\/100\n|move|p1a: Ninetales|Aurora Veil|p1a: Ninetales\n|-sidestart|p1: ceriii|move: Aurora Veil\n|move|p1b: Ting-Lu|Stealth Rock|p2b: Chien-Pao\n|-sidestart|p2: KarlIsBad|move: Stealth Rock\n|\n|-weather|Snow|[upkeep]\n|upkeep\n|turn|2\n|\n|t:|1700949258\n|switch|p1a: Mightyena|Mightyena, L50, M|100\/100\n|-ability|p1a: Mightyena|Intimidate|boost\n|-fail|p2a: Dragonite|unboost|Attack|[from] ability: Inner Focus|[of] p2a: Dragonite\n|-unboost|p2b: Chien-Pao|atk|1\n|move|p2a: Dragonite|Extreme Speed|p1b: Ting-Lu\n|-damage|p1b: Ting-Lu|66\/100\n|move|p2b: Chien-Pao|Crunch|p1a: Mightyena\n|-resisted|p1a: Mightyena\n|-damage|p1a: Mightyena|89\/100\n|-damage|p2b: Chien-Pao|84\/100|[from] item: Rocky Helmet|[of] p1a: Mightyena\n|move|p1b: Ting-Lu|Stomping Tantrum|p2b: Chien-Pao\n|-damage|p2b: Chien-Pao|45\/100\n|\n|-weather|Snow|[upkeep]\n|-heal|p1b: Ting-Lu|72\/100|[from] item: Leftovers\n|upkeep\n|turn|3\n|inactive|ceriii has 30 seconds left.\n|inactive|KarlIsBad has 30 seconds left.\n|\n|t:|1700949286\n|switch|p1b: Ninetales|Ninetales-Alola, L50, M, tera:Ghost|22\/100\n|move|p2a: Dragonite|Extreme Speed|p1b: Ninetales\n|-immune|p1b: Ninetales\n|move|p2b: Chien-Pao|Ice Spinner|p1b: Ninetales\n|-damage|p1b: Ninetales|0 fnt\n|faint|p1b: Ninetales\n|move|p1a: Mightyena|Yawn|p2a: Dragonite\n|-start|p2a: Dragonite|move: Yawn|[of] p1a: Mightyena\n|\n|-weather|Snow|[upkeep]\n|upkeep\n|\n|t:|1700949302\n|switch|p1b: Baxcalibur|Baxcalibur, L50, M|100\/100\n|turn|4\n|\n|t:|1700949318\n|switch|p1a: Ting-Lu|Ting-Lu, L50|72\/100\n|-ability|p1a: Ting-Lu|Vessel of Ruin\n|move|p2b: Chien-Pao|Protect|p2b: Chien-Pao\n|-singleturn|p2b: Chien-Pao|Protect\n|move|p2a: Dragonite|Extreme Speed|p1b: Baxcalibur\n|-damage|p1b: Baxcalibur|64\/100\n|move|p1b: Baxcalibur|Swords Dance|p1b: Baxcalibur\n|-boost|p1b: Baxcalibur|atk|2\n|\n|-weather|Snow|[upkeep]\n|-heal|p1a: Ting-Lu|78\/100|[from] item: Leftovers\n|-end|p2a: Dragonite|move: Yawn|[silent]\n|-status|p2a: Dragonite|slp\n|upkeep\n|turn|5\n|inactive|ceriii has 30 seconds left.\n|inactive|KarlIsBad has 30 seconds left.\n|\n|t:|1700949346\n|switch|p2b: Iron Hands|Iron Hands, L50|100\/100\n|-damage|p2b: Iron Hands|95\/100|[from] Stealth Rock\n|cant|p2a: Dragonite|slp\n|move|p1b: Baxcalibur|Icicle Spear|p2a: Dragonite\n|-damage|p2a: Dragonite|64\/100 slp\n|-damage|p2a: Dragonite|31\/100 slp\n|-damage|p2a: Dragonite|0 fnt\n|faint|p2a: Dragonite\n|-hitcount|p2: Dragonite|3\n|move|p1a: Ting-Lu|Stomping Tantrum|p2b: Iron Hands\n|-supereffective|p2b: Iron Hands\n|-damage|p2b: Iron Hands|38\/100\n|\n|-weather|none\n|-heal|p1a: Ting-Lu|84\/100|[from] item: Leftovers\n|upkeep\n|\n|t:|1700949369\n|switch|p2a: Chien-Pao|Chien-Pao, L50|45\/100\n|-damage|p2a: Chien-Pao|20\/100|[from] Stealth Rock\n|-ability|p2a: Chien-Pao|Sword of Ruin\n|turn|6\n|\n|t:|1700949390\n|switch|p1a: Mightyena|Mightyena, L50, M|89\/100\n|-ability|p1a: Mightyena|Intimidate|boost\n|-unboost|p2a: Chien-Pao|atk|1\n|-unboost|p2b: Iron Hands|atk|1\n|move|p2b: Iron Hands|Fake Out|p1b: Baxcalibur\n|-crit|p1b: Baxcalibur\n|-damage|p1b: Baxcalibur|37\/100\n|cant|p1b: Baxcalibur|flinch\n|move|p2a: Chien-Pao|Ice Spinner|p1a: Mightyena\n|-damage|p1a: Mightyena|65\/100\n|-damage|p2a: Chien-Pao|4\/100|[from] item: Rocky Helmet|[of] p1a: Mightyena\n|\n|upkeep\n|turn|7\n|\n|t:|1700949411\n|move|p2a: Chien-Pao|Protect|p2a: Chien-Pao\n|-singleturn|p2a: Chien-Pao|Protect\n|move|p1b: Baxcalibur|Ice Shard|p2a: Chien-Pao\n|-activate|p2a: Chien-Pao|move: Protect\n|move|p1a: Mightyena|Yawn|p2b: Iron Hands\n|-start|p2b: Iron Hands|move: Yawn|[of] p1a: Mightyena\n|move|p2b: Iron Hands|Drain Punch|p1b: Baxcalibur\n|-supereffective|p1b: Baxcalibur\n|-damage|p1b: Baxcalibur|0 fnt\n|-heal|p2b: Iron Hands|54\/100|[from] drain|[of] p1b: Baxcalibur\n|faint|p1b: Baxcalibur\n|\n|upkeep\n|\n|t:|1700949420\n|switch|p1b: Ting-Lu|Ting-Lu, L50|84\/100\n|-ability|p1b: Ting-Lu|Vessel of Ruin\n|turn|8\n|\n|t:|1700949439\n|-end|p2b: Iron Hands|Quark Drive|[silent]\n|switch|p2b: Ogerpon|Ogerpon-Hearthflame, L50, F|100\/100\n|-damage|p2b: Ogerpon|76\/100|[from] Stealth Rock\n|-ability|p2b: Ogerpon|Mold Breaker\n|move|p2a: Chien-Pao|Protect|p2a: Chien-Pao\n|-singleturn|p2a: Chien-Pao|Protect\n|move|p1a: Mightyena|Howl|p1a: Mightyena|[spread] p1a,p1b\n|-boost|p1a: Mightyena|atk|1\n|-boost|p1b: Ting-Lu|atk|1\n|move|p1b: Ting-Lu|Stomping Tantrum|p2a: Chien-Pao\n|-activate|p2a: Chien-Pao|move: Protect\n|\n|-heal|p1b: Ting-Lu|90\/100|[from] item: Leftovers\n|-sideend|p1: ceriii|move: Aurora Veil\n|upkeep\n|turn|9\n|inactive|ceriii has 30 seconds left.\n|inactive|KarlIsBad has 30 seconds left.\n|\n|t:|1700949468\n|move|p2a: Chien-Pao|Ice Spinner|p1b: Ting-Lu\n|-supereffective|p1b: Ting-Lu\n|-damage|p1b: Ting-Lu|50\/100\n|move|p2b: Ogerpon|Ivy Cudgel|p1b: Ting-Lu|[anim] Ivy Cudgel Fire\n|-damage|p1b: Ting-Lu|7\/100\n|move|p1a: Mightyena|Foul Play|p2b: Ogerpon\n|-damage|p2b: Ogerpon|10\/100\n|move|p1b: Ting-Lu|Stomping Tantrum|p2a: Chien-Pao\n|-damage|p2a: Chien-Pao|0 fnt\n|faint|p2a: Chien-Pao\n|\n|-heal|p1b: Ting-Lu|13\/100|[from] item: Leftovers\n|upkeep\n|-message|KarlIsBad forfeited.\n|\n|win|ceriii\n|raw|ceriii's rating: 1157 &rarr; <strong>1182<\/strong><br \/>(+25 for winning)\n|raw|KarlIsBad's rating: 1155 &rarr; <strong>1130<\/strong><br \/>(-25 for losing)\n|l|\u2606KarlIsBad\n","uploadtime":1700949483,"views":16,"p1id":"ceriii","p2id":"karlisbad","formatid":"gen9vgc2023regulatione","rating":1130,"private":0,"password":""}