{"id":"gen9vgc2023regulatione-1995211528","p1":"JEMM1992","p2":"Jarlomen","format":"[Gen 9] VGC 2023 Regulation E","log":"|j|\u2606JEMM1992\n|j|\u2606Jarlomen\n|t:|1700535148\n|gametype|doubles\n|player|p1|JEMM1992|lucas|1154\n|player|p2|Jarlomen|265|1107\n|teamsize|p1|6\n|teamsize|p2|6\n|gen|9\n|tier|[Gen 9] VGC 2023 Regulation E\n|rated|\n|rule|Species Clause: Limit one of each Pok\u00e9mon\n|rule|Item Clause: Limit one of each item\n|clearpoke\n|poke|p1|Baxcalibur, L50, M|\n|poke|p1|Bronzong, L50|\n|poke|p1|Tornadus, L50, M|\n|poke|p1|Flutter Mane, L50|\n|poke|p1|Maushold-Four, L50|\n|poke|p1|Annihilape, L50, F|\n|poke|p2|Great Tusk, L50|\n|poke|p2|Illumise, L50, F|\n|poke|p2|Chi-Yu, L50|\n|poke|p2|Flutter Mane, L50|\n|poke|p2|Chien-Pao, L50|\n|poke|p2|Dragonite, L50, M|\n|teampreview|4\n|inactive|Battle timer is ON: inactive players will automatically lose when time's up. (requested by Jarlomen)\n|inactive|JEMM1992 has 60 seconds left.\n|\n|t:|1700535183\n|start\n|switch|p1a: Maushold|Maushold-Four, L50|100\/100\n|switch|p1b: Annihilape|Annihilape, L50, F|100\/100\n|switch|p2a: Great Tusk|Great Tusk, L50|100\/100\n|switch|p2b: Illumise|Illumise, L50, F|100\/100\n|turn|1\n|inactive|JEMM1992 has 30 seconds left.\n|inactive|Jarlomen has 30 seconds left.\n|\n|t:|1700535213\n|move|p1a: Maushold|Follow Me|p1a: Maushold\n|-singleturn|p1a: Maushold|move: Follow Me\n|move|p2b: Illumise|Tailwind|p2b: Illumise\n|-sidestart|p2: Jarlomen|move: Tailwind\n|move|p2a: Great Tusk|Close Combat|p1a: Maushold\n|-supereffective|p1a: Maushold\n|-damage|p1a: Maushold|0 fnt\n|-unboost|p2a: Great Tusk|def|1\n|-unboost|p2a: Great Tusk|spd|1\n|faint|p1a: Maushold\n|move|p1b: Annihilape|Bulk Up|p1b: Annihilape\n|-boost|p1b: Annihilape|atk|1\n|-boost|p1b: Annihilape|def|1\n|\n|upkeep\n|\n|t:|1700535232\n|switch|p1a: Bronzong|Bronzong, L50|100\/100\n|turn|2\n|\n|t:|1700535248\n|move|p1b: Annihilape|Protect|p1b: Annihilape\n|-singleturn|p1b: Annihilape|Protect\n|move|p2b: Illumise|Thunder Wave|p1b: Annihilape\n|-activate|p1b: Annihilape|move: Protect\n|move|p2a: Great Tusk|Close Combat|p1a: Bronzong\n|-damage|p1a: Bronzong|40\/100\n|-unboost|p2a: Great Tusk|def|1\n|-unboost|p2a: Great Tusk|spd|1\n|move|p1a: Bronzong|Iron Defense|p1a: Bronzong\n|-boost|p1a: Bronzong|def|2\n|\n|-heal|p1a: Bronzong|46\/100|[from] item: Leftovers\n|upkeep\n|turn|3\n|inactive|JEMM1992 has 30 seconds left.\n|\n|t:|1700535281\n|move|p1a: Bronzong|Protect|p1a: Bronzong\n|-singleturn|p1a: Bronzong|Protect\n|move|p2b: Illumise|Thunder Wave|p1b: Annihilape\n|-status|p1b: Annihilape|par\n|move|p2a: Great Tusk|Close Combat|p1a: Bronzong\n|-activate|p1a: Bronzong|move: Protect\n|move|p1b: Annihilape|Bulk Up|p1b: Annihilape\n|-boost|p1b: Annihilape|atk|1\n|-boost|p1b: Annihilape|def|1\n|\n|-heal|p1a: Bronzong|52\/100|[from] item: Leftovers\n|upkeep\n|turn|4\n|inactive|JEMM1992 has 30 seconds left.\n|inactive|Jarlomen has 30 seconds left.\n|inactive|JEMM1992 has 20 seconds left.\n|\n|t:|1700535321\n|move|p2b: Illumise|Encore|p1b: Annihilape\n|-start|p1b: Annihilape|Encore\n|move|p2a: Great Tusk|Close Combat|p1a: Bronzong\n|-damage|p1a: Bronzong|23\/100\n|-unboost|p2a: Great Tusk|def|1\n|-unboost|p2a: Great Tusk|spd|1\n|move|p1b: Annihilape|Bulk Up|p1b: Annihilape\n|-boost|p1b: Annihilape|atk|1\n|-boost|p1b: Annihilape|def|1\n|move|p1a: Bronzong|Heavy Slam|p2a: Great Tusk\n|-damage|p2a: Great Tusk|76\/100\n|\n|-heal|p1a: Bronzong|29\/100|[from] item: Leftovers\n|-sideend|p2: Jarlomen|move: Tailwind\n|upkeep\n|turn|5\n|inactive|JEMM1992 has 30 seconds left.\n|\n|t:|1700535350\n|move|p2b: Illumise|Sunny Day|p2b: Illumise\n|-weather|SunnyDay\n|-activate|p2a: Great Tusk|ability: Protosynthesis\n|-start|p2a: Great Tusk|protosynthesisatk\n|move|p2a: Great Tusk|Close Combat|p1a: Bronzong\n|-damage|p1a: Bronzong|0 fnt\n|-unboost|p2a: Great Tusk|def|1\n|-unboost|p2a: Great Tusk|spd|1\n|faint|p1a: Bronzong\n|cant|p1b: Annihilape|par\n|\n|-weather|SunnyDay|[upkeep]\n|upkeep\n|\n|t:|1700535362\n|switch|p1a: Baxcalibur|Baxcalibur, L50, M|100\/100\n|turn|6\n|inactive|JEMM1992 has 30 seconds left.\n|\n|t:|1700535392\n|-terastallize|p2a: Great Tusk|Fire\n|-terastallize|p1a: Baxcalibur|Ground\n|move|p2b: Illumise|Tailwind|p2b: Illumise\n|-sidestart|p2: Jarlomen|move: Tailwind\n|move|p2a: Great Tusk|Close Combat|p1a: Baxcalibur\n|-damage|p1a: Baxcalibur|26\/100\n|-unboost|p2a: Great Tusk|def|1\n|-unboost|p2a: Great Tusk|spd|1\n|move|p1a: Baxcalibur|Icicle Crash|p2a: Great Tusk|[miss]\n|-miss|p1a: Baxcalibur|p2a: Great Tusk\n|cant|p1b: Annihilape|par\n|\n|-weather|SunnyDay|[upkeep]\n|-end|p1b: Annihilape|Encore\n|upkeep\n|turn|7\n|inactive|JEMM1992 has 30 seconds left.\n|\n|t:|1700535419\n|move|p2b: Illumise|Encore|p1b: Annihilape\n|-start|p1b: Annihilape|Encore\n|move|p2a: Great Tusk|Close Combat|p1a: Baxcalibur\n|-damage|p1a: Baxcalibur|0 fnt\n|-unboost|p2a: Great Tusk|def|1\n|-unboost|p2a: Great Tusk|spd|1\n|faint|p1a: Baxcalibur\n|move|p1b: Annihilape|Bulk Up|p1b: Annihilape\n|-boost|p1b: Annihilape|atk|1\n|-boost|p1b: Annihilape|def|1\n|\n|-weather|SunnyDay|[upkeep]\n|upkeep\n|turn|8\n|inactive|Jarlomen has 30 seconds left.\n|\n|t:|1700535446\n|-end|p2a: Great Tusk|Protosynthesis|[silent]\n|switch|p2a: Dragonite|Dragonite, L50, M|100\/100\n|switch|p2b: Chien-Pao|Chien-Pao, L50|100\/100\n|-ability|p2b: Chien-Pao|Sword of Ruin\n|move|p1b: Annihilape|Bulk Up|p1b: Annihilape\n|-boost|p1b: Annihilape|atk|1\n|-boost|p1b: Annihilape|def|1\n|\n|-weather|SunnyDay|[upkeep]\n|upkeep\n|turn|9\n|\n|t:|1700535463\n|move|p2b: Chien-Pao|Ice Spinner|p1b: Annihilape\n|-damage|p1b: Annihilape|84\/100 par\n|move|p2a: Dragonite|Aerial Ace|p1b: Annihilape\n|-supereffective|p1b: Annihilape\n|-damage|p1b: Annihilape|54\/100 par\n|move|p1b: Annihilape|Bulk Up|p1b: Annihilape\n|-boost|p1b: Annihilape|atk|1\n|-boost|p1b: Annihilape|def|1\n|\n|-weather|none\n|-end|p1b: Annihilape|Encore\n|-sideend|p2: Jarlomen|move: Tailwind\n|upkeep\n|turn|10\n|\n|t:|1700535478\n|move|p2b: Chien-Pao|Sucker Punch|p1b: Annihilape\n|-damage|p1b: Annihilape|43\/100 par\n|-enditem|p1b: Annihilape|Sitrus Berry|[eat]\n|-heal|p1b: Annihilape|68\/100 par|[from] item: Sitrus Berry\n|move|p2a: Dragonite|Aerial Ace|p1b: Annihilape\n|-supereffective|p1b: Annihilape\n|-damage|p1b: Annihilape|45\/100 par\n|move|p1b: Annihilape|Drain Punch|p2b: Chien-Pao\n|-supereffective|p2b: Chien-Pao\n|-crit|p2b: Chien-Pao\n|-enditem|p2b: Chien-Pao|Focus Sash\n|-damage|p2b: Chien-Pao|1\/100\n|-heal|p1b: Annihilape|81\/100 par|[from] drain|[of] p2b: Chien-Pao\n|\n|upkeep\n|turn|11\n|\n|t:|1700535497\n|move|p2b: Chien-Pao|Sucker Punch|p1b: Annihilape\n|-damage|p1b: Annihilape|69\/100 par\n|move|p2a: Dragonite|Aerial Ace|p1b: Annihilape\n|-supereffective|p1b: Annihilape\n|-damage|p1b: Annihilape|47\/100 par\n|move|p1b: Annihilape|Drain Punch|p2b: Chien-Pao\n|-supereffective|p2b: Chien-Pao\n|-damage|p2b: Chien-Pao|0 fnt\n|-heal|p1b: Annihilape|47\/100 par|[from] drain|[of] p2b: Chien-Pao\n|faint|p2b: Chien-Pao\n|\n|upkeep\n|\n|t:|1700535508\n|switch|p2b: Illumise|Illumise, L50, F|100\/100\n|turn|12\n|\n|t:|1700535519\n|move|p2b: Illumise|Encore|p1b: Annihilape\n|-start|p1b: Annihilape|Encore\n|move|p2a: Dragonite|Aerial Ace|p1b: Annihilape\n|-supereffective|p1b: Annihilape\n|-damage|p1b: Annihilape|29\/100 par\n|move|p1b: Annihilape|Drain Punch|p2a: Dragonite\n|-resisted|p2a: Dragonite\n|-damage|p2a: Dragonite|28\/100\n|-heal|p1b: Annihilape|62\/100 par|[from] drain|[of] p2a: Dragonite\n|\n|upkeep\n|turn|13\n|\n|t:|1700535540\n|move|p2b: Illumise|Sunny Day|p2b: Illumise\n|-weather|SunnyDay\n|move|p2a: Dragonite|Aerial Ace|p1b: Annihilape\n|-supereffective|p1b: Annihilape\n|-damage|p1b: Annihilape|44\/100 par\n|cant|p1b: Annihilape|par\n|\n|-weather|SunnyDay|[upkeep]\n|upkeep\n|turn|14\n|\n|t:|1700535553\n|move|p2b: Illumise|Tailwind|p2b: Illumise\n|-sidestart|p2: Jarlomen|move: Tailwind\n|move|p2a: Dragonite|Aerial Ace|p1b: Annihilape\n|-supereffective|p1b: Annihilape\n|-damage|p1b: Annihilape|26\/100 par\n|cant|p1b: Annihilape|par\n|\n|-weather|SunnyDay|[upkeep]\n|-end|p1b: Annihilape|Encore\n|upkeep\n|turn|15\n|\n|t:|1700535568\n|move|p2b: Illumise|Encore|p1b: Annihilape\n|-start|p1b: Annihilape|Encore\n|move|p2a: Dragonite|Aerial Ace|p1b: Annihilape\n|-supereffective|p1b: Annihilape\n|-damage|p1b: Annihilape|6\/100 par\n|move|p1b: Annihilape|Drain Punch|p2a: Dragonite\n|-resisted|p2a: Dragonite\n|-damage|p2a: Dragonite|0 fnt\n|-heal|p1b: Annihilape|19\/100 par|[from] drain|[of] p2a: Dragonite\n|faint|p2a: Dragonite\n|\n|-weather|SunnyDay|[upkeep]\n|upkeep\n|\n|t:|1700535578\n|switch|p2a: Great Tusk|Great Tusk, L50, tera:Fire|76\/100\n|-activate|p2a: Great Tusk|ability: Protosynthesis\n|-start|p2a: Great Tusk|protosynthesisatk\n|turn|16\n|\n|t:|1700535592\n|move|p2b: Illumise|Tailwind||[still]\n|-fail|p2b: Illumise\n|move|p2a: Great Tusk|Headlong Rush|p1b: Annihilape\n|-damage|p1b: Annihilape|0 fnt\n|-unboost|p2a: Great Tusk|def|1\n|-unboost|p2a: Great Tusk|spd|1\n|faint|p1b: Annihilape\n|\n|win|Jarlomen\n|raw|JEMM1992's rating: 1154 &rarr; <strong>1126<\/strong><br \/>(-28 for losing)\n|raw|Jarlomen's rating: 1107 &rarr; <strong>1135<\/strong><br \/>(+28 for winning)\n|c|\u2606Jarlomen|gg\n","uploadtime":1700535610,"views":32,"p1id":"jemm1992","p2id":"jarlomen","formatid":"gen9vgc2023regulatione","rating":1126,"private":0,"password":""}