{"id":"gen9vgc2023regulatione-1992373637","p1":"Lab Gamer","p2":"shmucks","format":"[Gen 9] VGC 2023 Regulation E","log":"|j|\u2606Lab Gamer\n|j|\u2606shmucks\n|t:|1700180117\n|gametype|doubles\n|player|p1|Lab Gamer|roark|1415\n|player|p2|shmucks|1|1443\n|teamsize|p1|6\n|teamsize|p2|6\n|gen|9\n|tier|[Gen 9] VGC 2023 Regulation E\n|rated|\n|rule|Species Clause: Limit one of each Pok\u00e9mon\n|rule|Item Clause: Limit one of each item\n|clearpoke\n|poke|p1|Roaring Moon, L50|\n|poke|p1|Baxcalibur, L50, F|\n|poke|p1|Ninetales-Alola, L50, M|\n|poke|p1|Sinistcha, L50|\n|poke|p1|Heatran, L50, F|\n|poke|p1|Dondozo, L50, F|\n|poke|p2|Rillaboom, L50, F|\n|poke|p2|Gyarados, L50, M|\n|poke|p2|Ogerpon-Cornerstone, L50, F|\n|poke|p2|Annihilape, L50, M|\n|poke|p2|Munkidori, L50, M|\n|poke|p2|Roaring Moon, L50|\n|teampreview|4\n|\n|t:|1700180177\n|start\n|switch|p1a: Ninetales|Ninetales-Alola, L50, M|100\/100\n|switch|p1b: Roaring Moon|Roaring Moon, L50|100\/100\n|switch|p2a: Annihilape|Annihilape, L50, M|100\/100\n|switch|p2b: Roaring Moon|Roaring Moon, L50, shiny|100\/100\n|-weather|Snow|[from] ability: Snow Warning|[of] p1a: Ninetales\n|-enditem|p1b: Roaring Moon|Booster Energy\n|-activate|p1b: Roaring Moon|ability: Protosynthesis|[fromitem]\n|-start|p1b: Roaring Moon|protosynthesisspe\n|-enditem|p2b: Roaring Moon|Booster Energy\n|-activate|p2b: Roaring Moon|ability: Protosynthesis|[fromitem]\n|-start|p2b: Roaring Moon|protosynthesisatk\n|turn|1\n|inactive|Battle timer is ON: inactive players will automatically lose when time's up. (requested by shmucks)\n|\n|t:|1700180209\n|-terastallize|p2a: Annihilape|Fire\n|move|p2b: Roaring Moon|Protect|p2b: Roaring Moon\n|-singleturn|p2b: Roaring Moon|Protect\n|move|p1b: Roaring Moon|Knock Off|p2a: Annihilape\n|-damage|p2a: Annihilape|48\/100\n|-enditem|p2a: Annihilape|Leftovers|[from] move: Knock Off|[of] p1b: Roaring Moon\n|move|p1a: Ninetales|Aurora Veil|p1a: Ninetales\n|-sidestart|p1: Lab Gamer|move: Aurora Veil\n|move|p2a: Annihilape|Bulk Up|p2a: Annihilape\n|-boost|p2a: Annihilape|atk|1\n|-boost|p2a: Annihilape|def|1\n|\n|-weather|Snow|[upkeep]\n|upkeep\n|turn|2\n|\n|t:|1700180233\n|move|p1b: Roaring Moon|Knock Off|p2b: Roaring Moon\n|-resisted|p2b: Roaring Moon\n|-damage|p2b: Roaring Moon|82\/100\n|move|p1a: Ninetales|Encore|p2a: Annihilape\n|-start|p2a: Annihilape|Encore\n|move|p2b: Roaring Moon|Tailwind|p2b: Roaring Moon\n|-sidestart|p2: shmucks|move: Tailwind\n|move|p2a: Annihilape|Bulk Up|p2a: Annihilape\n|-boost|p2a: Annihilape|atk|1\n|-boost|p2a: Annihilape|def|1\n|\n|-weather|Snow|[upkeep]\n|upkeep\n|turn|3\n|\n|t:|1700180255\n|-end|p2b: Roaring Moon|Protosynthesis|[silent]\n|switch|p2b: Gyarados|Gyarados, L50, M, shiny|100\/100\n|-ability|p2b: Gyarados|Intimidate|boost\n|-unboost|p1a: Ninetales|atk|1\n|-unboost|p1b: Roaring Moon|atk|1\n|-terastallize|p1b: Roaring Moon|Flying\n|move|p1b: Roaring Moon|Acrobatics|p2a: Annihilape\n|-damage|p2a: Annihilape|28\/100\n|move|p2a: Annihilape|Bulk Up|p2a: Annihilape\n|-boost|p2a: Annihilape|atk|1\n|-boost|p2a: Annihilape|def|1\n|move|p1a: Ninetales|Icy Wind|p2a: Annihilape|[spread] p2a,p2b\n|-resisted|p2a: Annihilape\n|-damage|p2a: Annihilape|24\/100\n|-damage|p2b: Gyarados|89\/100\n|-unboost|p2a: Annihilape|spe|1\n|-ability|p2a: Annihilape|Defiant|boost\n|-boost|p2a: Annihilape|atk|2\n|-unboost|p2b: Gyarados|spe|1\n|\n|-weather|Snow|[upkeep]\n|upkeep\n|turn|4\n|inactive|Lab Gamer has 30 seconds left.\n|\n|t:|1700180281\n|move|p1b: Roaring Moon|Knock Off|p2a: Annihilape\n|-damage|p2a: Annihilape|14\/100\n|move|p2b: Gyarados|Waterfall|p1b: Roaring Moon\n|-damage|p1b: Roaring Moon|65\/100\n|move|p1a: Ninetales|Icy Wind|p2a: Annihilape|[spread] p2a,p2b\n|-resisted|p2a: Annihilape\n|-damage|p2a: Annihilape|10\/100\n|-damage|p2b: Gyarados|77\/100\n|-unboost|p2a: Annihilape|spe|1\n|-ability|p2a: Annihilape|Defiant|boost\n|-boost|p2a: Annihilape|atk|1\n|-unboost|p2b: Gyarados|spe|1\n|move|p2a: Annihilape|Bulk Up|p2a: Annihilape\n|-boost|p2a: Annihilape|atk|0\n|-boost|p2a: Annihilape|def|1\n|\n|-weather|Snow|[upkeep]\n|-end|p2a: Annihilape|Encore\n|upkeep\n|turn|5\n|\n|t:|1700180305\n|move|p1b: Roaring Moon|Knock Off|p2b: Gyarados\n|-damage|p2b: Gyarados|32\/100\n|-enditem|p2b: Gyarados|Safety Goggles|[from] move: Knock Off|[of] p1b: Roaring Moon\n|move|p1a: Ninetales|Encore|p2a: Annihilape\n|-start|p2a: Annihilape|Encore\n|move|p2b: Gyarados|Waterfall|p1b: Roaring Moon\n|-damage|p1b: Roaring Moon|33\/100\n|move|p2a: Annihilape|Bulk Up|p2a: Annihilape\n|-boost|p2a: Annihilape|atk|0\n|-boost|p2a: Annihilape|def|1\n|\n|-weather|none\n|-sideend|p2: shmucks|move: Tailwind\n|upkeep\n|turn|6\n|inactive|shmucks has 30 seconds left.\n|\n|t:|1700180333\n|move|p1b: Roaring Moon|Breaking Swipe|p2a: Annihilape|[spread] p2a,p2b\n|-damage|p2a: Annihilape|6\/100\n|-damage|p2b: Gyarados|14\/100\n|-unboost|p2a: Annihilape|atk|1\n|-ability|p2a: Annihilape|Defiant|boost\n|-boost|p2a: Annihilape|atk|1\n|-unboost|p2b: Gyarados|atk|1\n|move|p1a: Ninetales|Icy Wind|p2a: Annihilape|[spread] p2a,p2b\n|-resisted|p2a: Annihilape\n|-damage|p2a: Annihilape|1\/100\n|-damage|p2b: Gyarados|3\/100\n|-unboost|p2a: Annihilape|spe|1\n|-boost|p2a: Annihilape|atk|0\n|-unboost|p2b: Gyarados|spe|1\n|move|p2b: Gyarados|Waterfall|p1b: Roaring Moon\n|-damage|p1b: Roaring Moon|9\/100\n|move|p2a: Annihilape|Bulk Up|p2a: Annihilape\n|-boost|p2a: Annihilape|atk|0\n|-boost|p2a: Annihilape|def|1\n|\n|upkeep\n|turn|7\n|\n|t:|1700180358\n|move|p1a: Ninetales|Protect|p1a: Ninetales\n|-singleturn|p1a: Ninetales|Protect\n|move|p2b: Gyarados|Protect|p2b: Gyarados\n|-singleturn|p2b: Gyarados|Protect\n|move|p1b: Roaring Moon|Breaking Swipe|p2b: Gyarados|[spread] p2a\n|-activate|p2b: Gyarados|move: Protect\n|-damage|p2a: Annihilape|0 fnt\n|faint|p2a: Annihilape\n|\n|upkeep\n|\n|t:|1700180369\n|switch|p2a: Ogerpon|Ogerpon-Cornerstone, L50, F|100\/100\n|turn|8\n|inactive|Lab Gamer has 30 seconds left.\n|\n|t:|1700180397\n|switch|p1a: Sinistcha|Sinistcha, L50|100\/100\n|-heal|p1b: Roaring Moon|34\/100|[from] ability: Hospitality|[of] p1a: Sinistcha\n|move|p2a: Ogerpon|Spiky Shield|p2a: Ogerpon\n|-singleturn|p2a: Ogerpon|move: Protect\n|move|p1b: Roaring Moon|Breaking Swipe|p2b: Gyarados|[spread] p2b\n|-activate|p2a: Ogerpon|move: Protect\n|-damage|p1b: Roaring Moon|22\/100|[from] Spiky Shield|[of] p2a: Ogerpon\n|-damage|p2b: Gyarados|0 fnt\n|faint|p2b: Gyarados\n|\n|-sideend|p1: Lab Gamer|move: Aurora Veil\n|upkeep\n|\n|t:|1700180411\n|switch|p2b: Roaring Moon|Roaring Moon, L50, shiny|82\/100\n|turn|9\n|\n|t:|1700180426\n|move|p1b: Roaring Moon|Breaking Swipe|p2a: Ogerpon|[spread] p2a,p2b\n|-supereffective|p2b: Roaring Moon\n|-damage|p2a: Ogerpon|80\/100\n|-damage|p2b: Roaring Moon|50\/100\n|-unboost|p2a: Ogerpon|atk|1\n|-unboost|p2b: Roaring Moon|atk|1\n|move|p2a: Ogerpon|Ivy Cudgel|p1b: Roaring Moon|[anim] Ivy Cudgel Rock\n|-supereffective|p1b: Roaring Moon\n|-damage|p1b: Roaring Moon|0 fnt\n|faint|p1b: Roaring Moon\n|-end|p1b: Roaring Moon|Protosynthesis|[silent]\n|move|p2b: Roaring Moon|Knock Off|p1a: Sinistcha\n|-supereffective|p1a: Sinistcha\n|-damage|p1a: Sinistcha|25\/100\n|-damage|p2b: Roaring Moon|34\/100|[from] item: Rocky Helmet|[of] p1a: Sinistcha\n|-enditem|p1a: Sinistcha|Rocky Helmet|[from] move: Knock Off|[of] p2b: Roaring Moon\n|move|p1a: Sinistcha|Matcha Gotcha|p2b: Roaring Moon|[spread] p2a,p2b\n|-resisted|p2b: Roaring Moon\n|-damage|p2a: Ogerpon|55\/100\n|-heal|p1a: Sinistcha|37\/100|[from] drain|[of] p2a: Ogerpon\n|-damage|p2b: Roaring Moon|25\/100\n|-heal|p1a: Sinistcha|43\/100|[from] drain|[of] p2b: Roaring Moon\n|\n|upkeep\n|\n|t:|1700180449\n|switch|p1b: Ninetales|Ninetales-Alola, L50, M|100\/100\n|-weather|Snow|[from] ability: Snow Warning|[of] p1b: Ninetales\n|turn|10\n|inactive|Lab Gamer has 30 seconds left.\n|\n|t:|1700180479\n|move|p2b: Roaring Moon|Protect|p2b: Roaring Moon\n|-singleturn|p2b: Roaring Moon|Protect\n|move|p1a: Sinistcha|Protect|p1a: Sinistcha\n|-singleturn|p1a: Sinistcha|Protect\n|move|p1b: Ninetales|Aurora Veil|p1b: Ninetales\n|-sidestart|p1: Lab Gamer|move: Aurora Veil\n|move|p2a: Ogerpon|Ivy Cudgel|p1b: Ninetales|[anim] Ivy Cudgel Rock\n|-supereffective|p1b: Ninetales\n|-damage|p1b: Ninetales|56\/100\n|\n|-weather|Snow|[upkeep]\n|upkeep\n|turn|11\n|\n|t:|1700180496\n|move|p1b: Ninetales|Encore|p2b: Roaring Moon\n|-start|p2b: Roaring Moon|Encore\n|move|p2a: Ogerpon|Ivy Cudgel|p1b: Ninetales|[anim] Ivy Cudgel Rock\n|-supereffective|p1b: Ninetales\n|-damage|p1b: Ninetales|9\/100\n|move|p2b: Roaring Moon|Protect||[still]\n|-fail|p2b: Roaring Moon\n|move|p1a: Sinistcha|Strength Sap|p2a: Ogerpon\n|-unboost|p2a: Ogerpon|atk|1\n|-heal|p1a: Sinistcha|100\/100\n|\n|-weather|Snow|[upkeep]\n|upkeep\n|turn|12\n|-message|shmucks forfeited.\n|\n|win|Lab Gamer\n|raw|Lab Gamer's rating: 1415 &rarr; <strong>1437<\/strong><br \/>(+22 for winning)\n|raw|shmucks's rating: 1443 &rarr; <strong>1421<\/strong><br \/>(-22 for losing)\n|l|\u2606shmucks\n|l|\u2606Lab Gamer\n|j|\u2606Lab Gamer\n|player|p1|Lab Gamer|roark\n","uploadtime":1700180790,"views":28,"p1id":"labgamer","p2id":"shmucks","formatid":"gen9vgc2023regulatione","rating":1421,"private":0,"password":""}