{"id":"gen9vgc2023regulatione-1991892364","p1":"Shneakster","p2":"12soul","format":"[Gen 9] VGC 2023 Regulation E","log":"|j|\u2606Shneakster\n|j|\u260612soul\n|t:|1700134548\n|gametype|doubles\n|player|p1|Shneakster|bianca|1159\n|player|p2|12soul|cynthia|1079\n|teamsize|p1|6\n|teamsize|p2|6\n|gen|9\n|tier|[Gen 9] VGC 2023 Regulation E\n|rated|\n|rule|Species Clause: Limit one of each Pok\u00e9mon\n|rule|Item Clause: Limit one of each item\n|clearpoke\n|poke|p1|Dusclops, L50, M|\n|poke|p1|Rillaboom, L50, M|\n|poke|p1|Hariyama, L50, M|\n|poke|p1|Ursaluna-Bloodmoon, L50, M|\n|poke|p1|Iron Hands, L50|\n|poke|p1|Zapdos, L50|\n|poke|p2|Goodra-Hisui, L50, M|\n|poke|p2|Dusclops, L50, F|\n|poke|p2|Gallade, L50, M|\n|poke|p2|Indeedee-F, L50, F|\n|poke|p2|Appletun, L50, M|\n|poke|p2|Fezandipiti, L50, M|\n|teampreview|4\n|inactive|Battle timer is ON: inactive players will automatically lose when time's up. (requested by 12soul)\n|inactive|Shneakster also wants the timer to be on.\n|\n|t:|1700134568\n|start\n|switch|p1a: CLOPS|Dusclops, L50, M, shiny|100\/100\n|switch|p1b: Sumo Hands|Hariyama, L50, M, shiny|100\/100\n|switch|p2a: Appletun|Appletun, L50, M|100\/100\n|switch|p2b: Indeedee|Indeedee-F, L50, F|100\/100\n|-fieldstart|move: Psychic Terrain|[from] ability: Psychic Surge|[of] p2b: Indeedee\n|-enditem|p2b: Indeedee|Psychic Seed\n|-boost|p2b: Indeedee|spd|1|[from] item: Psychic Seed\n|-item|p2a: Appletun|Big Root|[from] ability: Frisk|[of] p1a: CLOPS|[identify]\n|turn|1\n|inactive|Shneakster has 30 seconds left.\n|inactive|Shneakster has 20 seconds left.\n|\n|t:|1700134605\n|move|p1b: Sumo Hands|Fake Out|p2a: Appletun\n|-activate|p2a: Appletun|move: Psychic Terrain\n|move|p2b: Indeedee|Psychic|p1b: Sumo Hands\n|-supereffective|p1b: Sumo Hands\n|-damage|p1b: Sumo Hands|25\/100\n|move|p2a: Appletun|Leech Seed|p1b: Sumo Hands\n|-start|p1b: Sumo Hands|move: Leech Seed\n|move|p1a: CLOPS|Will-O-Wisp|p2a: Appletun\n|-status|p2a: Appletun|brn\n|\n|-damage|p1b: Sumo Hands|12\/100|[from] Leech Seed|[of] p2a: Appletun\n|-damage|p2a: Appletun|95\/100 brn|[from] brn\n|-status|p1b: Sumo Hands|brn|[from] item: Flame Orb\n|upkeep\n|turn|2\n|\n|t:|1700134624\n|-terastallize|p1b: Sumo Hands|Steel\n|move|p1a: CLOPS|Helping Hand|p1b: Sumo Hands\n|-singleturn|p1b: Sumo Hands|Helping Hand|[of] p1a: CLOPS\n|move|p2a: Appletun|Sucker Punch|p1b: Sumo Hands\n|-activate|p1b: Sumo Hands|move: Psychic Terrain\n|move|p2b: Indeedee|Psychic|p1a: CLOPS\n|-damage|p1a: CLOPS|78\/100\n|move|p1b: Sumo Hands|Drain Punch|p2b: Indeedee\n|-damage|p2b: Indeedee|0 fnt\n|-heal|p1b: Sumo Hands|45\/100 brn|[from] drain|[of] p2b: Indeedee\n|faint|p2b: Indeedee\n|\n|-damage|p1b: Sumo Hands|32\/100 brn|[from] Leech Seed|[of] p2a: Appletun\n|-heal|p2a: Appletun|100\/100 brn|[silent]\n|-damage|p1b: Sumo Hands|26\/100 brn|[from] brn\n|-damage|p2a: Appletun|95\/100 brn|[from] brn\n|upkeep\n|\n|t:|1700134635\n|switch|p2b: Gallade|Gallade, L50, M|100\/100\n|turn|3\n|inactive|Shneakster has 30 seconds left.\n|\n|t:|1700134665\n|switch|p1b: Zapdos|Zapdos, L50|100\/100\n|move|p2b: Gallade|Psycho Cut|p1a: CLOPS\n|-damage|p1a: CLOPS|47\/100\n|move|p2a: Appletun|Apple Acid|p1b: Zapdos\n|-resisted|p1b: Zapdos\n|-damage|p1b: Zapdos|83\/100\n|-unboost|p1b: Zapdos|spd|1\n|move|p1a: CLOPS|Trick Room|p1a: CLOPS\n|-fieldstart|move: Trick Room|[of] p1a: CLOPS\n|\n|-damage|p2a: Appletun|89\/100 brn|[from] brn\n|upkeep\n|turn|4\n|\n|t:|1700134689\n|switch|p2b: Goodra|Goodra-Hisui, L50, M|100\/100\n|move|p1a: CLOPS|Will-O-Wisp|p2b: Goodra\n|-status|p2b: Goodra|brn\n|move|p2a: Appletun|Leech Seed|p1b: Zapdos\n|-start|p1b: Zapdos|move: Leech Seed\n|move|p1b: Zapdos|Light Screen|p1b: Zapdos\n|-sidestart|p1: Shneakster|move: Light Screen\n|\n|-damage|p1b: Zapdos|70\/100|[from] Leech Seed|[of] p2a: Appletun\n|-heal|p2a: Appletun|100\/100 brn|[silent]\n|-damage|p2a: Appletun|95\/100 brn|[from] brn\n|-damage|p2b: Goodra|95\/100 brn|[from] brn\n|upkeep\n|turn|5\n|\n|t:|1700134705\n|switch|p1b: \ud83c\udd71\ufe0fUrsaluna|Ursaluna-Bloodmoon, L50, M|100\/100\n|move|p2a: Appletun|Protect|p2a: Appletun\n|-singleturn|p2a: Appletun|Protect\n|move|p1a: CLOPS|Night Shade|p2a: Appletun\n|-activate|p2a: Appletun|move: Protect\n|move|p2b: Goodra|Acid Armor|p2b: Goodra\n|-boost|p2b: Goodra|def|2\n|\n|-heal|p2b: Goodra|100\/100 brn|[from] item: Leftovers\n|-damage|p2a: Appletun|89\/100 brn|[from] brn\n|-damage|p2b: Goodra|95\/100 brn|[from] brn\n|-fieldend|move: Psychic Terrain\n|upkeep\n|turn|6\n|\n|t:|1700134725\n|move|p1a: CLOPS|Night Shade|p2a: Appletun\n|-damage|p2a: Appletun|62\/100 brn\n|move|p2a: Appletun|Leech Seed|p1b: \ud83c\udd71\ufe0fUrsaluna|[miss]\n|-miss|p2a: Appletun|p1b: \ud83c\udd71\ufe0fUrsaluna\n|move|p1b: \ud83c\udd71\ufe0fUrsaluna|Hyper Voice|p2b: Goodra|[spread] p2a,p2b\n|-resisted|p2b: Goodra\n|-damage|p2a: Appletun|13\/100 brn\n|-damage|p2b: Goodra|75\/100 brn\n|move|p2b: Goodra|Acid Armor|p2b: Goodra\n|-boost|p2b: Goodra|def|2\n|\n|-heal|p2b: Goodra|81\/100 brn|[from] item: Leftovers\n|-damage|p2a: Appletun|7\/100 brn|[from] brn\n|-damage|p2b: Goodra|75\/100 brn|[from] brn\n|upkeep\n|turn|7\n|\n|t:|1700134741\n|move|p1a: CLOPS|Night Shade|p2b: Goodra\n|-damage|p2b: Goodra|43\/100 brn\n|move|p2a: Appletun|Apple Acid|p1b: \ud83c\udd71\ufe0fUrsaluna\n|-supereffective|p1b: \ud83c\udd71\ufe0fUrsaluna\n|-damage|p1b: \ud83c\udd71\ufe0fUrsaluna|65\/100\n|-unboost|p1b: \ud83c\udd71\ufe0fUrsaluna|spd|1\n|move|p1b: \ud83c\udd71\ufe0fUrsaluna|Hyper Voice|p2a: Appletun|[spread] p2a,p2b\n|-resisted|p2b: Goodra\n|-damage|p2a: Appletun|0 fnt\n|-damage|p2b: Goodra|24\/100 brn\n|faint|p2a: Appletun\n|move|p2b: Goodra|Body Press|p1b: \ud83c\udd71\ufe0fUrsaluna\n|-supereffective|p1b: \ud83c\udd71\ufe0fUrsaluna\n|-damage|p1b: \ud83c\udd71\ufe0fUrsaluna|10\/100\n|\n|-heal|p2b: Goodra|30\/100 brn|[from] item: Leftovers\n|-damage|p2b: Goodra|24\/100 brn|[from] brn\n|-fieldend|move: Trick Room\n|upkeep\n|\n|t:|1700134754\n|switch|p2a: Gallade|Gallade, L50, M|100\/100\n|turn|8\n|\n|t:|1700134771\n|switch|p1b: Zapdos|Zapdos, L50|70\/100\n|move|p2a: Gallade|Sacred Sword|p1b: Zapdos\n|-resisted|p1b: Zapdos\n|-damage|p1b: Zapdos|40\/100\n|-enditem|p1b: Zapdos|Kee Berry|[eat]\n|-boost|p1b: Zapdos|def|1|[from] item: Kee Berry\n|move|p2b: Goodra|Heavy Slam|p1a: CLOPS\n|-damage|p1a: CLOPS|35\/100\n|move|p1a: CLOPS|Trick Room|p1a: CLOPS\n|-fieldstart|move: Trick Room|[of] p1a: CLOPS\n|\n|-heal|p2b: Goodra|30\/100 brn|[from] item: Leftovers\n|-damage|p2b: Goodra|24\/100 brn|[from] brn\n|-sideend|p1: Shneakster|move: Light Screen\n|upkeep\n|turn|9\n|\n|t:|1700134790\n|-terastallize|p2a: Gallade|Psychic\n|move|p1a: CLOPS|Will-O-Wisp|p2a: Gallade\n|-status|p2a: Gallade|brn\n|move|p2b: Goodra|Body Press|p1b: Zapdos\n|-resisted|p1b: Zapdos\n|-damage|p1b: Zapdos|28\/100\n|move|p2a: Gallade|Psycho Cut|p1a: CLOPS\n|-damage|p1a: CLOPS|18\/100\n|move|p1b: Zapdos|Roost|p1b: Zapdos\n|-heal|p1b: Zapdos|78\/100\n|-singleturn|p1b: Zapdos|move: Roost\n|\n|-heal|p2b: Goodra|30\/100 brn|[from] item: Leftovers\n|-damage|p2b: Goodra|24\/100 brn|[from] brn\n|-damage|p2a: Gallade|95\/100 brn|[from] brn\n|upkeep\n|turn|10\n|-message|12soul forfeited.\n|\n|win|Shneakster\n|raw|Shneakster's rating: 1159 &rarr; <strong>1178<\/strong><br \/>(+19 for winning)\n|raw|12soul's rating: 1079 &rarr; <strong>1062<\/strong><br \/>(-17 for losing)\n|l|\u260612soul\n","uploadtime":1700134811,"views":25,"p1id":"shneakster","p2id":"12soul","formatid":"gen9vgc2023regulatione","rating":1062,"private":0,"password":""}