{"id":"gen9vgc2023regulatione-1994599823","p1":"Joull","p2":"kris7443","format":"[Gen 9] VGC 2023 Regulation E","log":"|j|\u2606Joull\n|j|\u2606kris7443\n|t:|1700467152\n|gametype|doubles\n|player|p1|Joull|psychic-gen2|1139\n|player|p2|kris7443|ingo|1208\n|teamsize|p1|6\n|teamsize|p2|6\n|gen|9\n|tier|[Gen 9] VGC 2023 Regulation E\n|rated|\n|rule|Species Clause: Limit one of each Pok\u00e9mon\n|rule|Item Clause: Limit one of each item\n|clearpoke\n|poke|p1|Delphox, L50, F|\n|poke|p1|Brambleghast, L50, F|\n|poke|p1|Tyranitar, L50, F|\n|poke|p1|Kleavor, L50, M|\n|poke|p1|Garchomp, L50, M|\n|poke|p1|Indeedee-F, L50, F|\n|poke|p2|Torkoal, L50, F|\n|poke|p2|Heatran, L50, F|\n|poke|p2|Kingambit, L50, F|\n|poke|p2|Sylveon, L50, M|\n|poke|p2|Ursaluna-Bloodmoon, L50, M|\n|poke|p2|Dusclops, L50, F|\n|teampreview|4\n|inactive|Battle timer is ON: inactive players will automatically lose when time's up. (requested by kris7443)\n|\n|t:|1700467185\n|start\n|switch|p1a: Tyranitar|Tyranitar, L50, F, shiny|100\/100\n|switch|p1b: Kleavor|Kleavor, L50, M|100\/100\n|switch|p2a: Dusclops|Dusclops, L50, F|100\/100\n|switch|p2b: Torkoal|Torkoal, L50, F|100\/100\n|-weather|Sandstorm|[from] ability: Sand Stream|[of] p1a: Tyranitar\n|-item|p1a: Tyranitar|Assault Vest|[from] ability: Frisk|[of] p2a: Dusclops|[identify]\n|-item|p1b: Kleavor|Focus Sash|[from] ability: Frisk|[of] p2a: Dusclops|[identify]\n|-weather|SunnyDay|[from] ability: Drought|[of] p2b: Torkoal\n|turn|1\n|\n|t:|1700467203\n|switch|p1a: Indeedee|Indeedee-F, L50, F|100\/100\n|-fieldstart|move: Psychic Terrain|[from] ability: Psychic Surge|[of] p1a: Indeedee\n|move|p2b: Torkoal|Protect|p2b: Torkoal\n|-singleturn|p2b: Torkoal|Protect\n|move|p1b: Kleavor|Stone Axe|p2b: Torkoal\n|-activate|p2b: Torkoal|move: Protect\n|move|p2a: Dusclops|Trick Room|p2a: Dusclops\n|-fieldstart|move: Trick Room|[of] p2a: Dusclops\n|\n|-weather|SunnyDay|[upkeep]\n|upkeep\n|turn|2\n|\n|t:|1700467220\n|move|p1a: Indeedee|Follow Me|p1a: Indeedee\n|-singleturn|p1a: Indeedee|move: Follow Me\n|move|p2b: Torkoal|Eruption|p1a: Indeedee|[spread] p1a,p1b\n|-damage|p1a: Indeedee|10\/100\n|-enditem|p1b: Kleavor|Focus Sash\n|-damage|p1b: Kleavor|1\/100\n|move|p2a: Dusclops|Will-O-Wisp|p1a: Indeedee|[miss]\n|-miss|p2a: Dusclops|p1a: Indeedee\n|move|p1b: Kleavor|Stone Axe|p2b: Torkoal\n|-supereffective|p2b: Torkoal\n|-crit|p2b: Torkoal\n|-damage|p2b: Torkoal|0 fnt\n|-sidestart|p2: kris7443|move: Stealth Rock\n|faint|p2b: Torkoal\n|\n|-weather|SunnyDay|[upkeep]\n|upkeep\n|\n|t:|1700467237\n|switch|p2b: Heatran|Heatran, L50, F|100\/100\n|-damage|p2b: Heatran|88\/100|[from] Stealth Rock\n|turn|3\n|\n|t:|1700467254\n|switch|p1a: Tyranitar|Tyranitar, L50, F, shiny|100\/100\n|-weather|Sandstorm|[from] ability: Sand Stream|[of] p1a: Tyranitar\n|-terastallize|p2b: Heatran|Grass\n|move|p2a: Dusclops|Will-O-Wisp|p1b: Kleavor\n|-status|p1b: Kleavor|brn\n|move|p2b: Heatran|Heat Wave|p1b: Kleavor|[spread] p1a,p1b\n|-resisted|p1a: Tyranitar\n|-crit|p1b: Kleavor\n|-damage|p1a: Tyranitar|92\/100\n|-damage|p1b: Kleavor|0 fnt\n|faint|p1b: Kleavor\n|\n|-weather|Sandstorm|[upkeep]\n|-damage|p2a: Dusclops|94\/100|[from] Sandstorm\n|-damage|p2b: Heatran|82\/100|[from] Sandstorm\n|upkeep\n|\n|t:|1700467271\n|switch|p1b: Garchomp|Garchomp, L50, M|100\/100\n|turn|4\n|\n|t:|1700467284\n|move|p2a: Dusclops|Pain Split|p1b: Garchomp\n|-sethp|p1b: Garchomp|80\/100|[from] move: Pain Split|[silent]\n|-sethp|p2a: Dusclops|100\/100|[from] move: Pain Split\n|move|p1a: Tyranitar|Ice Beam|p2b: Heatran\n|-supereffective|p2b: Heatran\n|-damage|p2b: Heatran|59\/100\n|-status|p2b: Heatran|frz\n|cant|p2b: Heatran|frz\n|move|p1b: Garchomp|Rock Slide|p2b: Heatran|[spread] p2a\n|-miss|p1b: Garchomp|p2b: Heatran\n|-damage|p2a: Dusclops|82\/100\n|\n|-weather|Sandstorm|[upkeep]\n|-damage|p2a: Dusclops|75\/100|[from] Sandstorm\n|-damage|p2b: Heatran|53\/100 frz|[from] Sandstorm\n|upkeep\n|turn|5\n|inactive|kris7443 has 30 seconds left.\n|\n|t:|1700467309\n|move|p2a: Dusclops|Pain Split|p1b: Garchomp\n|-sethp|p1b: Garchomp|64\/100|[from] move: Pain Split|[silent]\n|-sethp|p2a: Dusclops|100\/100|[from] move: Pain Split\n|move|p1a: Tyranitar|Knock Off|p2a: Dusclops\n|-supereffective|p2a: Dusclops\n|-damage|p2a: Dusclops|26\/100\n|-enditem|p2a: Dusclops|Eviolite|[from] move: Knock Off|[of] p1a: Tyranitar\n|-curestatus|p2b: Heatran|frz|[msg]\n|move|p2b: Heatran|Earth Power|p1a: Tyranitar\n|-supereffective|p1a: Tyranitar\n|-damage|p1a: Tyranitar|66\/100\n|move|p1b: Garchomp|Rock Slide|p2a: Dusclops|[spread] p2a,p2b\n|-damage|p2a: Dusclops|0 fnt\n|-damage|p2b: Heatran|28\/100\n|faint|p2a: Dusclops\n|\n|-weather|Sandstorm|[upkeep]\n|-damage|p2b: Heatran|22\/100|[from] Sandstorm\n|-fieldend|move: Trick Room\n|-fieldend|move: Psychic Terrain\n|upkeep\n|\n|t:|1700467329\n|switch|p2a: Sylveon|Sylveon, L50, M|100\/100\n|-damage|p2a: Sylveon|88\/100|[from] Stealth Rock\n|turn|6\n|\n|t:|1700467342\n|-terastallize|p1b: Garchomp|Steel\n|move|p1b: Garchomp|Rock Slide|p2a: Sylveon|[spread] p2a,p2b\n|-crit|p2a: Sylveon\n|-damage|p2a: Sylveon|32\/100\n|-damage|p2b: Heatran|0 fnt\n|faint|p2b: Heatran\n|move|p2a: Sylveon|Hyper Voice|p1a: Tyranitar|[spread] p1a\n|-miss|p2a: Sylveon|p1b: Garchomp\n|-supereffective|p1a: Tyranitar\n|-damage|p1a: Tyranitar|31\/100\n|move|p1a: Tyranitar|Knock Off|p2a: Sylveon\n|-resisted|p2a: Sylveon\n|-damage|p2a: Sylveon|0 fnt\n|-enditem|p2a: Sylveon|Leftovers|[from] move: Knock Off|[of] p1a: Tyranitar\n|faint|p2a: Sylveon\n|\n|win|Joull\n|raw|Joull's rating: 1139 &rarr; <strong>1169<\/strong><br \/>(+30 for winning)\n|raw|kris7443's rating: 1208 &rarr; <strong>1178<\/strong><br \/>(-30 for losing)\n","uploadtime":1700467365,"views":13,"p1id":"joull","p2id":"kris7443","formatid":"gen9vgc2023regulatione","rating":1169,"private":0,"password":""}