{"id":"gen9vgc2023regulatione-1995552203","p1":"Shunsuke Hiyama","p2":"sd7fd4dsf4sd","format":"[Gen 9] VGC 2023 Regulation E","log":"|j|\u2606Shunsuke Hiyama\n|j|\u2606sd7fd4dsf4sd\n|t:|1700582206\n|gametype|doubles\n|player|p1|Shunsuke Hiyama|102|1134\n|player|p2|sd7fd4dsf4sd|266|1000\n|teamsize|p1|6\n|teamsize|p2|6\n|gen|9\n|tier|[Gen 9] VGC 2023 Regulation E\n|rated|\n|rule|Species Clause: Limit one of each Pok\u00e9mon\n|rule|Item Clause: Limit one of each item\n|clearpoke\n|poke|p1|Abomasnow, L50, M|\n|poke|p1|Heatran, L50, F|\n|poke|p1|Articuno, L50|\n|poke|p1|Regieleki, L50|\n|poke|p1|Indeedee-F, L50, F|\n|poke|p1|Tornadus, L50, M|\n|poke|p2|Armarouge, L50, F|\n|poke|p2|Indeedee-F, L50, F|\n|poke|p2|Lilligant-Hisui, L50, F|\n|poke|p2|Torkoal, L50, F|\n|poke|p2|Ursaluna, L50, M|\n|poke|p2|Urshifu-*, L50, F|\n|teampreview|4\nsd7fd4dsf4sd rejected open team sheets.\n|inactive|Battle timer is ON: inactive players will automatically lose when time's up. (requested by sd7fd4dsf4sd)\n|\n|t:|1700582249\n|start\n|switch|p1a: Abomasnow|Abomasnow, L50, M|100\/100\n|switch|p1b: Indeedee|Indeedee-F, L50, F|100\/100\n|switch|p2a: Urshifu|Urshifu, L50, F|100\/100\n|switch|p2b: Indeedee|Indeedee-F, L50, F|100\/100\n|-fieldstart|move: Psychic Terrain|[from] ability: Psychic Surge|[of] p1b: Indeedee\n|-enditem|p2b: Indeedee|Psychic Seed\n|-boost|p2b: Indeedee|spd|1|[from] item: Psychic Seed\n|-weather|Snow|[from] ability: Snow Warning|[of] p1a: Abomasnow\n|turn|1\n|inactive|Shunsuke Hiyama has 30 seconds left.\n|\n|t:|1700582281\n|move|p2b: Indeedee|Helping Hand|p2a: Urshifu\n|-singleturn|p2a: Urshifu|Helping Hand|[of] p2b: Indeedee\n|move|p1b: Indeedee|Follow Me|p1b: Indeedee\n|-singleturn|p1b: Indeedee|move: Follow Me\n|move|p2a: Urshifu|U-turn|p1b: Indeedee\n|-supereffective|p1b: Indeedee\n|-damage|p1b: Indeedee|17\/100\n|-damage|p2a: Urshifu|84\/100|[from] item: Rocky Helmet|[of] p1b: Indeedee\n|\n|t:|1700582290\n|switch|p2a: Torkoal|Torkoal, L50, F|100\/100|[from] U-turn\n|-weather|SunnyDay|[from] ability: Drought|[of] p2a: Torkoal\n|move|p1a: Abomasnow|Leech Seed|p2b: Indeedee|[miss]\n|-miss|p1a: Abomasnow|p2b: Indeedee\n|\n|-weather|SunnyDay|[upkeep]\n|upkeep\n|turn|2\n|inactive|sd7fd4dsf4sd has 30 seconds left.\n|\n|t:|1700582321\n|switch|p1a: Heatran|Heatran, L50, F|100\/100\n|move|p2b: Indeedee|Follow Me|p2b: Indeedee\n|-singleturn|p2b: Indeedee|move: Follow Me\n|move|p2a: Torkoal|Eruption|p1a: Heatran|[spread] p1b\n|-start|p1a: Heatran|ability: Flash Fire\n|-damage|p1b: Indeedee|0 fnt\n|faint|p1b: Indeedee\n|\n|-weather|SunnyDay|[upkeep]\n|upkeep\n|\n|t:|1700582331\n|switch|p1b: Abomasnow|Abomasnow, L50, M|100\/100\n|-weather|Snow|[from] ability: Snow Warning|[of] p1b: Abomasnow\n|turn|3\n|\n|t:|1700582345\n|-terastallize|p1b: Abomasnow|Fire\n|move|p2b: Indeedee|Follow Me|p2b: Indeedee\n|-singleturn|p2b: Indeedee|move: Follow Me\n|move|p1a: Heatran|Earth Power|p2b: Indeedee\n|-damage|p2b: Indeedee|73\/100\n|-damage|p1a: Heatran|91\/100|[from] item: Life Orb\n|move|p1b: Abomasnow|Leech Seed|p2b: Indeedee\n|-start|p2b: Indeedee|move: Leech Seed\n|move|p2a: Torkoal|Eruption|p1b: Abomasnow|[spread] p1b\n|-immune|p1a: Heatran|[from] ability: Flash Fire\n|-resisted|p1b: Abomasnow\n|-damage|p1b: Abomasnow|73\/100\n|\n|-weather|Snow|[upkeep]\n|-heal|p1b: Abomasnow|79\/100|[from] item: Leftovers\n|-damage|p2b: Indeedee|60\/100|[from] Leech Seed|[of] p1b: Abomasnow\n|-heal|p1b: Abomasnow|92\/100|[silent]\n|upkeep\n|turn|4\n|\n|t:|1700582369\n|move|p2b: Indeedee|Follow Me|p2b: Indeedee\n|-singleturn|p2b: Indeedee|move: Follow Me\n|move|p1a: Heatran|Dark Pulse|p2b: Indeedee\n|-supereffective|p2b: Indeedee\n|-damage|p2b: Indeedee|11\/100\n|-damage|p1a: Heatran|81\/100|[from] item: Life Orb\n|move|p1b: Abomasnow|Leech Seed||[still]\n|-fail|p1b: Abomasnow\n|move|p2a: Torkoal|Earth Power|p1a: Heatran\n|-supereffective|p1a: Heatran\n|-damage|p1a: Heatran|0 fnt\n|faint|p1a: Heatran\n|\n|-weather|Snow|[upkeep]\n|-heal|p1b: Abomasnow|98\/100|[from] item: Leftovers\n|-damage|p2b: Indeedee|0 fnt|[from] Leech Seed|[of] p1b: Abomasnow\n|-heal|p1b: Abomasnow|100\/100|[silent]\n|faint|p2b: Indeedee\n|upkeep\n|c|\u2606Shunsuke Hiyama|wtf XD\n|\n|t:|1700582391\n|switch|p1a: Articuno|Articuno, L50|100\/100\n|switch|p2b: Urshifu|Urshifu, L50, F|84\/100\n|-ability|p1a: Articuno|Pressure\n|turn|5\n|c|\u2606Shunsuke Hiyama|1 earth power from torkoal kill heatran\n|c|\u2606Shunsuke Hiyama|of curseeeeeeeeeee\n|c|\u2606Shunsuke Hiyama|what a cheat\n|inactive|Shunsuke Hiyama has 30 seconds left.\n|\n|t:|1700582418\n|switch|p2a: Armarouge|Armarouge, L50, F|100\/100\n|move|p2b: Urshifu|U-turn|p1a: Articuno\n|-resisted|p1a: Articuno\n|-damage|p1a: Articuno|93\/100\n|\n|t:|1700582424\n|switch|p2b: Torkoal|Torkoal, L50, F|100\/100|[from] U-turn\n|-weather|SunnyDay|[from] ability: Drought|[of] p2b: Torkoal\n|move|p1a: Articuno|Blizzard|p2b: Torkoal|[spread] p2a,p2b\n|-resisted|p2a: Armarouge\n|-resisted|p2b: Torkoal\n|-damage|p2a: Armarouge|80\/100\n|-damage|p2b: Torkoal|78\/100\n|move|p1b: Abomasnow|Leech Seed|p2a: Armarouge|[miss]\n|-miss|p1b: Abomasnow|p2a: Armarouge\n|\n|-weather|SunnyDay|[upkeep]\n|-fieldend|move: Psychic Terrain\n|upkeep\n|turn|6\n|c|\u2606Shunsuke Hiyama|boring player\n|\n|t:|1700582446\n|move|p1a: Articuno|Weather Ball|p2b: Torkoal\n|-resisted|p2b: Torkoal\n|-damage|p2b: Torkoal|50\/100\n|move|p1b: Abomasnow|Leech Seed|p2b: Torkoal\n|-start|p2b: Torkoal|move: Leech Seed\n|move|p2b: Torkoal|Flamethrower|p1a: Articuno\n|-supereffective|p1a: Articuno\n|-damage|p1a: Articuno|0 fnt\n|faint|p1a: Articuno\n|move|p2a: Armarouge|Trick Room|p2a: Armarouge\n|-fieldstart|move: Trick Room|[of] p2a: Armarouge\n|\n|-weather|SunnyDay|[upkeep]\n|-damage|p2b: Torkoal|37\/100|[from] Leech Seed|[of] p1b: Abomasnow\n|upkeep\n|turn|7\n|c|\u2606Shunsuke Hiyama|heat u bch\n|c|\u2606Shunsuke Hiyama|u turn u turn\n|inactive|Shunsuke Hiyama has 30 seconds left.\n|c|\u2606Shunsuke Hiyama|play like a man wtf is that looser\n|inactive|Shunsuke Hiyama has 20 seconds left.\n|inactive|Shunsuke Hiyama has 15 seconds left.\n|-message|Shunsuke Hiyama forfeited.\n|\n|win|sd7fd4dsf4sd\n|raw|Shunsuke Hiyama's rating: 1134 &rarr; <strong>1100<\/strong><br \/>(-34 for losing)\n|raw|sd7fd4dsf4sd's rating: 1000 &rarr; <strong>1055<\/strong><br \/>(+55 for winning)\n|l|\u2606Shunsuke Hiyama\n","uploadtime":1700582491,"views":1,"p1id":"shunsukehiyama","p2id":"sd7fd4dsf4sd","formatid":"gen9vgc2023regulatione","rating":1055,"private":0,"password":""}