{"id":"gen9vgc2023regulatione-1999948462","p1":"Kzjzkz","p2":"Caporale96","format":"[Gen 9] VGC 2023 Regulation E","log":"|j|\u2606Kzjzkz\n|j|\u2606Caporale96\n|t:|1701133441\n|gametype|doubles\n|player|p1|Kzjzkz|lance|1153\n|player|p2|Caporale96|red|1123\n|teamsize|p1|6\n|teamsize|p2|6\n|gen|9\n|tier|[Gen 9] VGC 2023 Regulation E\n|rated|\n|rule|Species Clause: Limit one of each Pok\u00e9mon\n|rule|Item Clause: Limit one of each item\n|clearpoke\n|poke|p1|Flutter Mane, L50|\n|poke|p1|Tornadus, L50, M|\n|poke|p1|Rillaboom, L50, M|\n|poke|p1|Garganacl, L50, M|\n|poke|p1|Arcanine-Hisui, L50, M|\n|poke|p1|Chien-Pao, L50|\n|poke|p2|Weezing-Galar, L50, M|\n|poke|p2|Slaking, L50, F|\n|poke|p2|Palafin, L50, M|\n|poke|p2|Tornadus, L50, M|\n|poke|p2|Rillaboom, L50, F|\n|poke|p2|Arcanine-Hisui, L50, M|\n|teampreview|4\n|inactive|Battle timer is ON: inactive players will automatically lose when time's up. (requested by Kzjzkz)\n|\n|t:|1701133483\n|start\n|switch|p1a: Garganacl|Garganacl, L50, M|100\/100\n|switch|p1b: Tornadus|Tornadus, L50, M|100\/100\n|switch|p2a: Tornadus|Tornadus, L50, M, shiny|100\/100\n|switch|p2b: Rillaboom|Rillaboom, L50, F|100\/100\n|-fieldstart|move: Grassy Terrain|[from] ability: Grassy Surge|[of] p2b: Rillaboom\n|turn|1\n|\n|t:|1701133503\n|-terastallize|p1a: Garganacl|Ghost\n|move|p2b: Rillaboom|Fake Out|p1b: Tornadus\n|-damage|p1b: Tornadus|82\/100\n|-damage|p2b: Rillaboom|84\/100|[from] item: Rocky Helmet|[of] p1b: Tornadus\n|move|p2a: Tornadus|Rain Dance|p2a: Tornadus\n|-weather|RainDance\n|cant|p1b: Tornadus|flinch\n|move|p1a: Garganacl|Iron Defense|p1a: Garganacl\n|-boost|p1a: Garganacl|def|2\n|\n|-weather|RainDance|[upkeep]\n|-heal|p2b: Rillaboom|90\/100|[from] Grassy Terrain\n|upkeep\n|turn|2\n|inactive|Caporale96 has 30 seconds left.\n|\n|t:|1701133533\n|move|p2a: Tornadus|Tailwind|p2a: Tornadus\n|-sidestart|p2: Caporale96|move: Tailwind\n|move|p2b: Rillaboom|Wood Hammer|p1b: Tornadus\n|-resisted|p1b: Tornadus\n|-damage|p1b: Tornadus|31\/100\n|-damage|p2b: Rillaboom|73\/100|[from] item: Rocky Helmet|[of] p1b: Tornadus\n|-damage|p2b: Rillaboom|57\/100|[from] Recoil\n|move|p1b: Tornadus|Bleakwind Storm|p2b: Rillaboom|[spread] p2a,p2b\n|-supereffective|p2b: Rillaboom\n|-damage|p2a: Tornadus|62\/100\n|-damage|p2b: Rillaboom|10\/100\n|-unboost|p2a: Tornadus|spe|1\n|move|p1a: Garganacl|Salt Cure|p2b: Rillaboom\n|-damage|p2b: Rillaboom|0 fnt\n|faint|p2b: Rillaboom\n|\n|-weather|RainDance|[upkeep]\n|upkeep\n|\n|t:|1701133541\n|switch|p2b: Palafin|Palafin, L50, M|100\/100\n|turn|3\n|\n|t:|1701133551\n|move|p1b: Tornadus|Tailwind|p1b: Tornadus\n|-sidestart|p1: Kzjzkz|move: Tailwind\n|move|p2b: Palafin|Flip Turn|p1a: Garganacl\n|-damage|p1a: Garganacl|89\/100\n|\n|t:|1701133556\n|detailschange|p2b: Palafin|Palafin-Hero, L50, M\n|switch|p2b: Weezing|Weezing-Galar, L50, M, shiny|100\/100|[from] Flip Turn\n|-ability|p2b: Weezing|Neutralizing Gas\n|move|p2a: Tornadus|Bleakwind Storm|p1b: Tornadus|[spread] p1a,p1b\n|-damage|p1a: Garganacl|66\/100\n|-damage|p1b: Tornadus|6\/100\n|-unboost|p1a: Garganacl|spe|1\n|move|p1a: Garganacl|Salt Cure|p2b: Weezing\n|-damage|p2b: Weezing|89\/100\n|-start|p2b: Weezing|Salt Cure\n|\n|-weather|RainDance|[upkeep]\n|-heal|p2b: Weezing|95\/100|[from] Grassy Terrain\n|-heal|p1a: Garganacl|72\/100|[from] Grassy Terrain\n|-damage|p2b: Weezing|83\/100|[from] Salt Cure\n|upkeep\n|turn|4\n|inactive|Kzjzkz has 30 seconds left.\n|\n|t:|1701133587\n|move|p1a: Garganacl|Protect|p1a: Garganacl\n|-singleturn|p1a: Garganacl|Protect\n|move|p1b: Tornadus|Taunt|p2b: Weezing\n|-start|p2b: Weezing|move: Taunt\n|move|p2a: Tornadus|Bleakwind Storm|p1b: Tornadus|[spread] p1b\n|-activate|p1a: Garganacl|move: Protect\n|-damage|p1b: Tornadus|0 fnt\n|faint|p1b: Tornadus\n|cant|p2b: Weezing|move: Taunt|Will-O-Wisp\n|\n|-weather|RainDance|[upkeep]\n|-heal|p2b: Weezing|89\/100|[from] Grassy Terrain\n|-heal|p1a: Garganacl|77\/100|[from] Grassy Terrain\n|-damage|p2b: Weezing|77\/100|[from] Salt Cure\n|upkeep\n|\n|t:|1701133600\n|switch|p1b: Arcanine|Arcanine-Hisui, L50, M|100\/100\n|turn|5\n|\n|t:|1701133610\n|switch|p2a: Palafin|Palafin-Hero, L50, M|100\/100\n|-activate|p2a: Palafin|ability: Zero to Hero\n|move|p1b: Arcanine|Rock Slide|p2b: Weezing|[spread] \n|-miss|p1b: Arcanine|p2a: Palafin\n|-miss|p1b: Arcanine|p2b: Weezing\n|move|p2b: Weezing|Gunk Shot|p1a: Garganacl\n|-resisted|p1a: Garganacl\n|-damage|p1a: Garganacl|70\/100\n|move|p1a: Garganacl|Salt Cure|p2a: Palafin\n|-damage|p2a: Palafin|86\/100\n|-start|p2a: Palafin|Salt Cure\n|\n|-weather|none\n|-heal|p2a: Palafin|92\/100|[from] Grassy Terrain\n|-heal|p2b: Weezing|82\/100|[from] Grassy Terrain\n|-heal|p1a: Garganacl|76\/100|[from] Grassy Terrain\n|-damage|p2a: Palafin|67\/100|[from] Salt Cure\n|-damage|p2b: Weezing|70\/100|[from] Salt Cure\n|-sideend|p2: Caporale96|move: Tailwind\n|-fieldend|move: Grassy Terrain\n|upkeep\n|turn|6\n|\n|t:|1701133634\n|switch|p1b: Rillaboom|Rillaboom, L50, M|100\/100\n|-end|p2b: Weezing|ability: Neutralizing Gas\n|-fieldstart|move: Grassy Terrain|[from] ability: Grassy Surge|[of] p1b: Rillaboom\n|switch|p2b: Tornadus|Tornadus, L50, M, shiny|62\/100\n|move|p1a: Garganacl|Protect|p1a: Garganacl\n|-singleturn|p1a: Garganacl|Protect\n|move|p2a: Palafin|Jet Punch|p1b: Rillaboom\n|-resisted|p1b: Rillaboom\n|-damage|p1b: Rillaboom|79\/100\n|\n|-heal|p1b: Rillaboom|85\/100|[from] Grassy Terrain\n|-heal|p2a: Palafin|73\/100|[from] Grassy Terrain\n|-heal|p1a: Garganacl|82\/100|[from] Grassy Terrain\n|-damage|p2a: Palafin|48\/100|[from] Salt Cure\n|-sideend|p1: Kzjzkz|move: Tailwind\n|upkeep\n|turn|7\n|\n|t:|1701133658\n|switch|p2a: Weezing|Weezing-Galar, L50, M, shiny|70\/100\n|-ability|p2a: Weezing|Neutralizing Gas\n|move|p2b: Tornadus|Bleakwind Storm|p1a: Garganacl|[spread] p1a,p1b\n|-supereffective|p1b: Rillaboom\n|-damage|p1a: Garganacl|59\/100\n|-damage|p1b: Rillaboom|27\/100\n|-unboost|p1a: Garganacl|spe|1\n|-unboost|p1b: Rillaboom|spe|1\n|move|p1b: Rillaboom|Wood Hammer|p2a: Weezing\n|-resisted|p2a: Weezing\n|-damage|p2a: Weezing|39\/100\n|-enditem|p2a: Weezing|Sitrus Berry|[eat]\n|-heal|p2a: Weezing|63\/100|[from] item: Sitrus Berry\n|-damage|p1b: Rillaboom|18\/100|[from] Recoil\n|move|p1a: Garganacl|Salt Cure|p2a: Weezing\n|-damage|p2a: Weezing|52\/100\n|-start|p2a: Weezing|Salt Cure\n|\n|-heal|p2a: Weezing|58\/100|[from] Grassy Terrain\n|-heal|p1b: Rillaboom|24\/100|[from] Grassy Terrain\n|-heal|p1a: Garganacl|65\/100|[from] Grassy Terrain\n|-damage|p2a: Weezing|46\/100|[from] Salt Cure\n|upkeep\n|turn|8\n|\n|t:|1701133678\n|switch|p1b: Arcanine|Arcanine-Hisui, L50, M|100\/100\n|move|p2b: Tornadus|Bleakwind Storm|p1b: Arcanine|[spread] p1a,p1b\n|-resisted|p1b: Arcanine\n|-damage|p1a: Garganacl|43\/100\n|-damage|p1b: Arcanine|81\/100\n|-unboost|p1a: Garganacl|spe|1\n|-unboost|p1b: Arcanine|spe|1\n|-enditem|p1a: Garganacl|Sitrus Berry|[eat]\n|-heal|p1a: Garganacl|68\/100|[from] item: Sitrus Berry\n|move|p2a: Weezing|Gunk Shot|p1a: Garganacl\n|-resisted|p1a: Garganacl\n|-damage|p1a: Garganacl|62\/100\n|-status|p1a: Garganacl|psn\n|move|p1a: Garganacl|Salt Cure|p2b: Tornadus\n|-supereffective|p2b: Tornadus\n|-damage|p2b: Tornadus|26\/100\n|-start|p2b: Tornadus|Salt Cure\n|\n|-heal|p1b: Arcanine|87\/100|[from] Grassy Terrain\n|-heal|p2a: Weezing|51\/100|[from] Grassy Terrain\n|-heal|p1a: Garganacl|68\/100 psn|[from] Grassy Terrain\n|-damage|p1a: Garganacl|56\/100 psn|[from] psn\n|-damage|p2b: Tornadus|13\/100|[from] Salt Cure\n|-damage|p2a: Weezing|39\/100|[from] Salt Cure\n|upkeep\n|turn|9\n|inactive|Caporale96 has 30 seconds left.\n|\n|t:|1701133711\n|move|p1b: Arcanine|Extreme Speed|p2b: Tornadus\n|-crit|p2b: Tornadus\n|-damage|p2b: Tornadus|0 fnt\n|faint|p2b: Tornadus\n|move|p2a: Weezing|Taunt|p1a: Garganacl\n|-start|p1a: Garganacl|move: Taunt\n|cant|p1a: Garganacl|move: Taunt|Recover\n|\n|-heal|p1b: Arcanine|93\/100|[from] Grassy Terrain\n|-heal|p2a: Weezing|45\/100|[from] Grassy Terrain\n|-heal|p1a: Garganacl|61\/100 psn|[from] Grassy Terrain\n|-damage|p1a: Garganacl|49\/100 psn|[from] psn\n|-damage|p2a: Weezing|33\/100|[from] Salt Cure\n|upkeep\n|\n|t:|1701133716\n|switch|p2b: Palafin|Palafin-Hero, L50, M|48\/100\n|turn|10\n|\n|t:|1701133731\n|move|p1b: Arcanine|Extreme Speed|p2b: Palafin\n|-damage|p2b: Palafin|11\/100\n|move|p2b: Palafin|Jet Punch|p1b: Arcanine\n|-supereffective|p1b: Arcanine\n|-damage|p1b: Arcanine|0 fnt\n|faint|p1b: Arcanine\n|move|p2a: Weezing|Gunk Shot|p1a: Garganacl\n|-resisted|p1a: Garganacl\n|-damage|p1a: Garganacl|42\/100 psn\n|move|p1a: Garganacl|Salt Cure|p2b: Palafin\n|-damage|p2b: Palafin|0 fnt\n|faint|p2b: Palafin\n|\n|-heal|p2a: Weezing|39\/100|[from] Grassy Terrain\n|-heal|p1a: Garganacl|48\/100 psn|[from] Grassy Terrain\n|-damage|p1a: Garganacl|36\/100 psn|[from] psn\n|-damage|p2a: Weezing|26\/100|[from] Salt Cure\n|-fieldend|move: Grassy Terrain\n|upkeep\n|\n|t:|1701133735\n|switch|p1b: Rillaboom|Rillaboom, L50, M|24\/100\n|turn|11\n|\n|t:|1701133746\n|move|p1b: Rillaboom|Fake Out|p2a: Weezing\n|-damage|p2a: Weezing|15\/100\n|cant|p2a: Weezing|flinch\n|move|p1a: Garganacl|Salt Cure|p2a: Weezing\n|-damage|p2a: Weezing|4\/100\n|\n|-damage|p1a: Garganacl|24\/100 psn|[from] psn\n|-damage|p2a: Weezing|0 fnt|[from] Salt Cure\n|faint|p2a: Weezing\n|-end|p2a: Weezing|ability: Neutralizing Gas\n|-fieldstart|move: Grassy Terrain|[from] ability: Grassy Surge|[of] p1b: Rillaboom\n|\n|win|Kzjzkz\n|upkeep\n|raw|Kzjzkz's rating: 1153 &rarr; <strong>1176<\/strong><br \/>(+23 for winning)\n|raw|Caporale96's rating: 1123 &rarr; <strong>1100<\/strong><br \/>(-23 for losing)\n|l|\u2606Caporale96\n","uploadtime":1701133757,"views":4,"p1id":"kzjzkz","p2id":"caporale96","formatid":"gen9vgc2023regulatione","rating":1100,"private":0,"password":""}