{"id":"gen9vgc2023regulatione-1991255063","p1":"Chupetovsky","p2":"Biosector02","format":"[Gen 9] VGC 2023 Regulation E","log":"|j|\u2606Chupetovsky\n|j|\u2606Biosector02\n|t:|1700061689\n|gametype|doubles\n|player|p1|Chupetovsky|170|1021\n|player|p2|Biosector02|170|1093\n|teamsize|p1|6\n|teamsize|p2|6\n|gen|9\n|tier|[Gen 9] VGC 2023 Regulation E\n|rated|\n|rule|Species Clause: Limit one of each Pok\u00e9mon\n|rule|Item Clause: Limit one of each item\n|clearpoke\n|poke|p1|Ogerpon-Wellspring, L50, F|\n|poke|p1|Lycanroc-Dusk, L50, M|\n|poke|p1|Amoonguss, L50, F|\n|poke|p1|Landorus-Therian, L50, M|\n|poke|p1|Sinistcha, L50|\n|poke|p1|Zoroark-Hisui, L50, M|\n|poke|p2|Salamence, L50, M|\n|poke|p2|Iron Hands, L50|\n|poke|p2|Gholdengo, L50|\n|poke|p2|Iron Bundle, L50|\n|poke|p2|Amoonguss, L50, M|\n|poke|p2|Pelipper, L50, F|\n|teampreview|4\n|inactive|Battle timer is ON: inactive players will automatically lose when time's up. (requested by Biosector02)\n|inactive|Biosector02 has 60 seconds left.\n|\n|t:|1700061722\n|start\n|switch|p1a: Ogerpon|Ogerpon-Wellspring, L50, F|100\/100\n|switch|p1b: Amoonguss|Amoonguss, L50, F|100\/100\n|switch|p2a: Pelipper|Pelipper, L50, F|100\/100\n|switch|p2b: Iron Bundle|Iron Bundle, L50|100\/100\n|-weather|RainDance|[from] ability: Drizzle|[of] p2a: Pelipper\n|-enditem|p2b: Iron Bundle|Booster Energy\n|-activate|p2b: Iron Bundle|ability: Quark Drive|[fromitem]\n|-start|p2b: Iron Bundle|quarkdrivespe\n|turn|1\n|inactive|Chupetovsky has 30 seconds left.\n|inactive|Biosector02 has 30 seconds left.\n|inactive|Chupetovsky has 20 seconds left.\n|inactive|Biosector02 has 20 seconds left.\n|\n|t:|1700061762\n|move|p1b: Amoonguss|Protect|p1b: Amoonguss\n|-singleturn|p1b: Amoonguss|Protect\n|move|p2b: Iron Bundle|Freeze-Dry|p1a: Ogerpon\n|-supereffective|p1a: Ogerpon\n|-damage|p1a: Ogerpon|0 fnt\n|faint|p1a: Ogerpon\n|move|p2a: Pelipper|Hurricane|p1b: Amoonguss\n|-activate|p1b: Amoonguss|move: Protect\n|\n|-weather|RainDance|[upkeep]\n|upkeep\n|\n|t:|1700061774\n|switch|p1a: Sinistcha|Sinistcha, L50|100\/100\n|turn|2\n|\n|t:|1700061788\n|move|p2b: Iron Bundle|Icy Wind|p1b: Amoonguss|[spread] p1b\n|-miss|p2b: Iron Bundle|p1a: Sinistcha\n|-supereffective|p1b: Amoonguss\n|-damage|p1b: Amoonguss|65\/100\n|-unboost|p1b: Amoonguss|spe|1\n|move|p2a: Pelipper|Hurricane|p1a: Sinistcha\n|-supereffective|p1a: Sinistcha\n|-damage|p1a: Sinistcha|15\/100\n|-enditem|p1a: Sinistcha|Wiki Berry|[eat]\n|-heal|p1a: Sinistcha|48\/100|[from] item: Wiki Berry\n|move|p1b: Amoonguss|Giga Drain|p2b: Iron Bundle\n|-supereffective|p2b: Iron Bundle\n|-damage|p2b: Iron Bundle|20\/100\n|-heal|p1b: Amoonguss|95\/100|[from] drain|[of] p2b: Iron Bundle\n|move|p1a: Sinistcha|Trick Room|p1a: Sinistcha\n|-fieldstart|move: Trick Room|[of] p1a: Sinistcha\n|\n|-weather|RainDance|[upkeep]\n|upkeep\n|turn|3\n|l|\u2606Chupetovsky\n|inactive|Chupetovsky disconnected and has a minute to reconnect!\n|player|p1|\n|inactive|Chupetovsky has 30 seconds left.\n|inactive|Biosector02 has 30 seconds left.\n|j|\u2606Chupetovsky\n|inactive|Chupetovsky reconnected and has 30 seconds left.\n|player|p1|Chupetovsky|170\n|inactive|Chupetovsky has 20 seconds left.\n|inactive|Chupetovsky has 15 seconds left.\n|inactive|Chupetovsky has 10 seconds left.\n|inactive|Chupetovsky has 5 seconds left.\n|\n|t:|1700061843\n|-end|p2b: Iron Bundle|Quark Drive|[silent]\n|switch|p2b: Iron Hands|Iron Hands, L50|100\/100\n|move|p2a: Pelipper|Wide Guard|p2a: Pelipper\n|-singleturn|p2a: Pelipper|Wide Guard\n|move|p1b: Amoonguss|Giga Drain|p2a: Pelipper\n|-damage|p2a: Pelipper|48\/100\n|-heal|p1b: Amoonguss|100\/100|[from] drain|[of] p2a: Pelipper\n|move|p1a: Sinistcha|Matcha Gotcha|p2a: Pelipper|[spread] \n|-activate|p2a: Pelipper|move: Wide Guard\n|-activate|p2b: Iron Hands|move: Wide Guard\n|\n|-weather|RainDance|[upkeep]\n|upkeep\n|turn|4\n|l|\u2606Chupetovsky\n|inactive|Chupetovsky disconnected and has a minute to reconnect!\n|player|p1|\n|j|\u2606Chupetovsky\n|inactive|Chupetovsky reconnected and has 40 seconds left.\n|player|p1|Chupetovsky|170\n|inactive|Chupetovsky has 30 seconds left.\n|inactive|Biosector02 has 30 seconds left.\n|inactive|Biosector02 has 20 seconds left.\n|\n|t:|1700061882\n|move|p2b: Iron Hands|Fake Out|p1b: Amoonguss\n|-damage|p1b: Amoonguss|84\/100\n|cant|p1b: Amoonguss|flinch\n|move|p1a: Sinistcha|Matcha Gotcha|p2b: Iron Hands|[spread] \n|-miss|p1a: Sinistcha|p2a: Pelipper\n|-miss|p1a: Sinistcha|p2b: Iron Hands\n|move|p2a: Pelipper|Hurricane|p1a: Sinistcha\n|-supereffective|p1a: Sinistcha\n|-damage|p1a: Sinistcha|0 fnt\n|faint|p1a: Sinistcha\n|\n|-weather|RainDance|[upkeep]\n|upkeep\n|\n|t:|1700061895\n|switch|p1a: Landorus|Landorus-Therian, L50, M|100\/100\n|-ability|p1a: Landorus|Intimidate|boost\n|-unboost|p2a: Pelipper|atk|1\n|-unboost|p2b: Iron Hands|atk|1\n|turn|5\n|l|\u2606Chupetovsky\n|inactive|Chupetovsky disconnected and has a minute to reconnect!\n|player|p1|\n|inactive|Biosector02 has 30 seconds left.\n|inactive|Biosector02 has 20 seconds left.\n|inactive|Biosector02 has 15 seconds left.\n|inactive|Biosector02 has 10 seconds left.\n|inactive|Biosector02 has 5 seconds left.\n|\n|t:|1700061946\n|-end|p2b: Iron Hands|Quark Drive|[silent]\n|switch|p2b: Gholdengo|Gholdengo, L50|100\/100\n|-terastallize|p2a: Pelipper|Flying\n|move|p1b: Amoonguss|Sludge Bomb|p2b: Gholdengo\n|-immune|p2b: Gholdengo\n|move|p1a: Landorus|Outrage|p2b: Gholdengo\n|-resisted|p2b: Gholdengo\n|-damage|p2b: Gholdengo|75\/100\n|move|p2a: Pelipper|Hurricane|p1b: Amoonguss\n|-supereffective|p1b: Amoonguss\n|-damage|p1b: Amoonguss|0 fnt\n|faint|p1b: Amoonguss\n|\n|-weather|none\n|-heal|p2b: Gholdengo|81\/100|[from] item: Leftovers\n|upkeep\n|turn|6\n|j|\u2606Chupetovsky\n|inactive|Chupetovsky reconnected and has 40 seconds left.\n|player|p1|Chupetovsky|170\n|\n|t:|1700061965\n|move|p2a: Pelipper|Protect|p2a: Pelipper\n|-singleturn|p2a: Pelipper|Protect\n|move|p2b: Gholdengo|Protect|p2b: Gholdengo\n|-singleturn|p2b: Gholdengo|Protect\n|move|p1a: Landorus|Outrage|p2b: Gholdengo|[from]lockedmove\n|-activate|p2b: Gholdengo|move: Protect\n|\n|-heal|p2b: Gholdengo|87\/100|[from] item: Leftovers\n|-fieldend|move: Trick Room\n|upkeep\n|turn|7\n|\n|t:|1700061985\n|switch|p2a: Iron Hands|Iron Hands, L50|100\/100\n|move|p2b: Gholdengo|Nasty Plot|p2b: Gholdengo\n|-boost|p2b: Gholdengo|spa|2\n|move|p1a: Landorus|Earthquake|p2b: Gholdengo|[spread] p2a,p2b\n|-supereffective|p2a: Iron Hands\n|-supereffective|p2b: Gholdengo\n|-damage|p2a: Iron Hands|40\/100\n|-damage|p2b: Gholdengo|0 fnt\n|faint|p2b: Gholdengo\n|\n|upkeep\n|\n|t:|1700061996\n|switch|p2b: Iron Bundle|Iron Bundle, L50|20\/100\n|turn|8\n|\n|t:|1700062009\n|move|p1a: Landorus|Protect|p1a: Landorus\n|-singleturn|p1a: Landorus|Protect\n|move|p2a: Iron Hands|Fake Out|p1a: Landorus\n|-activate|p1a: Landorus|move: Protect\n|move|p2b: Iron Bundle|Freeze-Dry|p1a: Landorus\n|-activate|p1a: Landorus|move: Protect\n|\n|upkeep\n|turn|9\n|\n|t:|1700062022\n|move|p2b: Iron Bundle|Freeze-Dry|p1a: Landorus\n|-supereffective|p1a: Landorus\n|-damage|p1a: Landorus|0 fnt\n|faint|p1a: Landorus\n|\n|win|Biosector02\n|raw|Chupetovsky's rating: 1021 &rarr; <strong>1011<\/strong><br \/>(-10 for losing)\n|raw|Biosector02's rating: 1093 &rarr; <strong>1114<\/strong><br \/>(+21 for winning)\n|c|\u2606Chupetovsky|gg\n|l|\u2606Chupetovsky\n","uploadtime":1700062046,"views":9,"p1id":"chupetovsky","p2id":"biosector02","formatid":"gen9vgc2023regulatione","rating":1011,"private":0,"password":""}