{"id":"gen9vgc2023regulatione-1998040438","p1":"wdytyaia","p2":"IBeasT1","format":"[Gen 9] VGC 2023 Regulation E","log":"|j|\u2606wdytyaia\n|j|\u2606IBeasT1\n|t:|1700882461\n|gametype|doubles\n|player|p1|wdytyaia|irida|1503\n|player|p2|IBeasT1|101|1606\n|teamsize|p1|6\n|teamsize|p2|6\n|gen|9\n|tier|[Gen 9] VGC 2023 Regulation E\n|rated|\n|rule|Species Clause: Limit one of each Pok\u00e9mon\n|rule|Item Clause: Limit one of each item\n|clearpoke\n|poke|p1|Chien-Pao, L50|\n|poke|p1|Dragonite, L50, M|\n|poke|p1|Rillaboom, L50, M|\n|poke|p1|Heatran, L50, F|\n|poke|p1|Urshifu-*, L50, F|\n|poke|p1|Farigiraf, L50, M|\n|poke|p2|Tornadus, L50, M|\n|poke|p2|Arcanine-Hisui, L50, M|\n|poke|p2|Gholdengo, L50|\n|poke|p2|Rillaboom, L50, M|\n|poke|p2|Urshifu-*, L50, M|\n|poke|p2|Flutter Mane, L50|\n|teampreview|4\nwdytyaia has agreed to open team sheets.\n|\n|t:|1700882566\n|start\n|switch|p1a: Urshifu|Urshifu-Rapid-Strike, L50, F|100\/100\n|switch|p1b: Farigiraf|Farigiraf, L50, M, shiny|100\/100\n|switch|p2a: Arcanine|Arcanine-Hisui, L50, M|100\/100\n|switch|p2b: Urshifu|Urshifu-Rapid-Strike, L50, M|100\/100\n|-ability|p2a: Arcanine|Intimidate|boost\n|-unboost|p1a: Urshifu|atk|1\n|-unboost|p1b: Farigiraf|atk|1\n|turn|1\n|inactive|Battle timer is ON: inactive players will automatically lose when time's up. (requested by wdytyaia)\n|inactive|wdytyaia has 60 seconds left.\n|\n|t:|1700882606\n|switch|p2a: Tornadus|Tornadus, L50, M|100\/100\n|move|p1b: Farigiraf|Helping Hand|p1a: Urshifu\n|-singleturn|p1a: Urshifu|Helping Hand|[of] p1b: Farigiraf\n|move|p2b: Urshifu|U-turn|p1b: Farigiraf\n|-supereffective|p1b: Farigiraf\n|-damage|p1b: Farigiraf|60\/100\n|-damage|p2b: Urshifu|84\/100|[from] item: Rocky Helmet|[of] p1b: Farigiraf\n|\n|t:|1700882616\n|switch|p2b: Gholdengo|Gholdengo, L50|100\/100|[from] U-turn\n|move|p1a: Urshifu|Surging Strikes|p2a: Tornadus\n|-crit|p2a: Tornadus\n|-damage|p2a: Tornadus|69\/100\n|-damage|p1a: Urshifu|84\/100|[from] item: Rocky Helmet|[of] p2a: Tornadus\n|-crit|p2a: Tornadus\n|-damage|p2a: Tornadus|38\/100\n|-damage|p1a: Urshifu|68\/100|[from] item: Rocky Helmet|[of] p2a: Tornadus\n|-crit|p2a: Tornadus\n|-damage|p2a: Tornadus|4\/100\n|-damage|p1a: Urshifu|51\/100|[from] item: Rocky Helmet|[of] p2a: Tornadus\n|-hitcount|p2a: Tornadus|3\n|\n|upkeep\n|turn|2\n|inactive|IBeasT1 has 30 seconds left.\n|inactive|IBeasT1 has 20 seconds left.\n|\n|t:|1700882651\n|move|p1a: Urshifu|Surging Strikes|p2b: Gholdengo\n|-crit|p2b: Gholdengo\n|-damage|p2b: Gholdengo|83\/100\n|-crit|p2b: Gholdengo\n|-damage|p2b: Gholdengo|64\/100\n|-crit|p2b: Gholdengo\n|-damage|p2b: Gholdengo|45\/100\n|-hitcount|p2b: Gholdengo|3\n|move|p2a: Tornadus|Bleakwind Storm|p1b: Farigiraf|[spread] \n|-miss|p2a: Tornadus|p1a: Urshifu\n|-miss|p2a: Tornadus|p1b: Farigiraf\n|move|p2b: Gholdengo|Shadow Ball|p1a: Urshifu\n|-damage|p1a: Urshifu|0 fnt\n|faint|p1a: Urshifu\n|move|p1b: Farigiraf|Trick Room|p1b: Farigiraf\n|-fieldstart|move: Trick Room|[of] p1b: Farigiraf\n|\n|-heal|p2b: Gholdengo|51\/100|[from] item: Leftovers\n|upkeep\n|\n|t:|1700882667\n|switch|p1a: Heatran|Heatran, L50, F|100\/100\n|turn|3\n|\n|t:|1700882680\n|move|p2b: Gholdengo|Protect|p2b: Gholdengo\n|-singleturn|p2b: Gholdengo|Protect\n|move|p2a: Tornadus|Rain Dance|p2a: Tornadus\n|-weather|RainDance\n|move|p1b: Farigiraf|Dazzling Gleam|p2a: Tornadus|[spread] p2a\n|-activate|p2b: Gholdengo|move: Protect\n|-damage|p2a: Tornadus|0 fnt\n|faint|p2a: Tornadus\n|move|p1a: Heatran|Heat Wave|p2b: Gholdengo\n|-activate|p2b: Gholdengo|move: Protect\n|\n|-weather|RainDance|[upkeep]\n|-heal|p2b: Gholdengo|57\/100|[from] item: Leftovers\n|upkeep\n|j| Dannycocox04\n|\n|t:|1700882692\n|switch|p2a: Urshifu|Urshifu-Rapid-Strike, L50, M|84\/100\n|turn|4\n|inactive|wdytyaia has 30 seconds left.\n|\n|t:|1700882719\n|-terastallize|p1a: Heatran|Fairy\n|-terastallize|p2a: Urshifu|Water\n|move|p1b: Farigiraf|Dazzling Gleam|p2a: Urshifu|[spread] p2a,p2b\n|-resisted|p2b: Gholdengo\n|-damage|p2a: Urshifu|63\/100\n|-damage|p2b: Gholdengo|50\/100\n|move|p1a: Heatran|Earth Power|p2b: Gholdengo\n|-supereffective|p2b: Gholdengo\n|-damage|p2b: Gholdengo|0 fnt\n|faint|p2b: Gholdengo\n|move|p2a: Urshifu|Surging Strikes|p1a: Heatran\n|-crit|p1a: Heatran\n|-damage|p1a: Heatran|65\/100\n|-crit|p1a: Heatran\n|-damage|p1a: Heatran|31\/100\n|-crit|p1a: Heatran\n|-damage|p1a: Heatran|0 fnt\n|faint|p1a: Heatran\n|-hitcount|p1: Heatran|3\n|\n|-weather|RainDance|[upkeep]\n|upkeep\n|\n|t:|1700882731\n|switch|p1a: Dragonite|Dragonite, L50, M|100\/100\n|switch|p2b: Arcanine|Arcanine-Hisui, L50, M|100\/100\n|-ability|p2b: Arcanine|Intimidate|boost\n|-fail|p1a: Dragonite|unboost|Attack|[from] ability: Inner Focus|[of] p1a: Dragonite\n|-unboost|p1b: Farigiraf|atk|1\n|turn|5\n|inactive|wdytyaia has 30 seconds left.\n|inactive|wdytyaia has 20 seconds left.\n|\n|t:|1700882767\n|move|p1b: Farigiraf|Helping Hand|p1a: Dragonite\n|-singleturn|p1a: Dragonite|Helping Hand|[of] p1b: Farigiraf\n|move|p1a: Dragonite|Outrage|p2a: Urshifu\n|-damage|p2a: Urshifu|0 fnt\n|faint|p2a: Urshifu\n|move|p2b: Arcanine|Rock Slide|p1a: Dragonite|[spread] p1a,p1b\n|-supereffective|p1a: Dragonite\n|-damage|p1a: Dragonite|19\/100\n|-damage|p1b: Farigiraf|29\/100\n|\n|-weather|RainDance|[upkeep]\n|upkeep\n|turn|6\n|l| Dannycocox04\n|\n|t:|1700882778\n|move|p1b: Farigiraf|Helping Hand|p1a: Dragonite\n|-singleturn|p1a: Dragonite|Helping Hand|[of] p1b: Farigiraf\n|move|p1a: Dragonite|Outrage|p2b: Arcanine|[from]lockedmove\n|-damage|p2b: Arcanine|0 fnt\n|faint|p2b: Arcanine\n|-start|p1a: Dragonite|confusion|[fatigue]\n|\n|win|wdytyaia\n|raw|wdytyaia's rating: 1503 &rarr; <strong>1529<\/strong><br \/>(+26 for winning)\n|raw|IBeasT1's rating: 1606 &rarr; <strong>1580<\/strong><br \/>(-26 for losing)\n","uploadtime":1700882784,"views":2,"p1id":"wdytyaia","p2id":"ibeast1","formatid":"gen9vgc2023regulatione","rating":1529,"private":0,"password":""}