{"id":"gen9vgc2023regulatione-1992304099","p1":"Greed_escarlata","p2":"DoggoGGO","format":"[Gen 9] VGC 2023 Regulation E","log":"|j|\u2606Greed_escarlata\n|j|\u2606DoggoGGO\n|t:|1700172745\n|gametype|doubles\n|player|p1|Greed_escarlata|shadowtriad|1166\n|player|p2|DoggoGGO|pokemonrangerf|1066\n|teamsize|p1|6\n|teamsize|p2|6\n|gen|9\n|tier|[Gen 9] VGC 2023 Regulation E\n|rated|\n|rule|Species Clause: Limit one of each Pok\u00e9mon\n|rule|Item Clause: Limit one of each item\n|clearpoke\n|poke|p1|Dudunsparce-*, L50, M|\n|poke|p1|Flutter Mane, L50|\n|poke|p1|Zoroark-Hisui, L50, F|\n|poke|p1|Ogerpon-Hearthflame, L50, F|\n|poke|p1|Urshifu-*, L50, F|\n|poke|p1|Milotic, L50, M|\n|poke|p2|Thundurus, L50, M|\n|poke|p2|Sinistcha, L50|\n|poke|p2|Avalugg, L50, F|\n|poke|p2|Arcanine, L50, M|\n|poke|p2|Flutter Mane, L50|\n|poke|p2|Quagsire, L50, M|\n|teampreview|4\n|\n|t:|1700172784\n|start\n|switch|p1a: Flutter Mane|Flutter Mane, L50|100\/100\n|switch|p1b: Urshifu|Urshifu, L50, F|100\/100\n|switch|p2a: Will Smith|Thundurus, L50, M|100\/100\n|switch|p2b: Table|Avalugg, L50, F|100\/100\n|turn|1\n|\n|t:|1700172818\n|move|p2b: Table|Protect|p2b: Table\n|-singleturn|p2b: Table|Protect\n|move|p2a: Will Smith|Eerie Impulse|p1a: Flutter Mane\n|-unboost|p1a: Flutter Mane|spa|2\n|move|p1b: Urshifu|Close Combat|p2b: Table\n|-supereffective|p2b: Table\n|-damage|p2b: Table|5\/100\n|-unboost|p1b: Urshifu|def|1\n|-unboost|p1b: Urshifu|spd|1\n|-enditem|p2b: Table|Iapapa Berry|[eat]\n|-heal|p2b: Table|38\/100|[from] item: Iapapa Berry\n|-damage|p1b: Urshifu|91\/100|[from] item: Life Orb\n|move|p1a: Flutter Mane|Trick Room|p1a: Flutter Mane\n|-fieldstart|move: Trick Room|[of] p1a: Flutter Mane\n|\n|upkeep\n|turn|2\n|\n|t:|1700172865\n|switch|p2a: The Tea Sis|Sinistcha, L50|100\/100\n|-heal|p2b: Table|62\/100|[from] ability: Hospitality|[of] p2a: The Tea Sis\n|-end|p1a: Flutter Mane|Protosynthesis|[silent]\n|switch|p1a: Dudunsparce|Dudunsparce-Three-Segment, L50, M|100\/100\n|-terastallize|p2b: Table|Fighting\n|move|p1b: Urshifu|Sucker Punch|p2b: Table\n|-resisted|p2b: Table\n|-damage|p2b: Table|48\/100\n|-damage|p1b: Urshifu|81\/100|[from] item: Life Orb\n|move|p2b: Table|Body Press|p1b: Urshifu\n|-supereffective|p1b: Urshifu\n|-damage|p1b: Urshifu|0 fnt\n|faint|p1b: Urshifu\n|\n|upkeep\n|\n|t:|1700172878\n|switch|p1b: Milotic|Milotic, L50, M|100\/100\n|turn|3\n|\n|t:|1700172894\n|move|p2b: Table|Body Press|p1a: Dudunsparce\n|-supereffective|p1a: Dudunsparce\n|-damage|p1a: Dudunsparce|1\/100\n|move|p2a: The Tea Sis|Matcha Gotcha|p1a: Dudunsparce|[spread] p1a\n|-miss|p2a: The Tea Sis|p1b: Milotic\n|-damage|p1a: Dudunsparce|0 fnt\n|faint|p1a: Dudunsparce\n|move|p1b: Milotic|Scald|p2b: Table\n|-damage|p2b: Table|14\/100\n|\n|upkeep\n|\n|t:|1700172905\n|switch|p1a: Flutter Mane|Flutter Mane, L50|100\/100\n|turn|4\n|\n|t:|1700172915\n|move|p2b: Table|Body Press|p1b: Milotic\n|-damage|p1b: Milotic|59\/100\n|move|p2a: The Tea Sis|Hex|p1a: Flutter Mane\n|-supereffective|p1a: Flutter Mane\n|-damage|p1a: Flutter Mane|24\/100\n|move|p1b: Milotic|Icy Wind|p2a: The Tea Sis|[spread] p2a,p2b\n|-supereffective|p2a: The Tea Sis\n|-damage|p2a: The Tea Sis|76\/100\n|-damage|p2b: Table|1\/100\n|-unboost|p2a: The Tea Sis|spe|1\n|-unboost|p2b: Table|spe|1\n|move|p1a: Flutter Mane|Dazzling Gleam|p2a: The Tea Sis|[spread] p2a,p2b\n|-supereffective|p2b: Table\n|-damage|p2a: The Tea Sis|35\/100\n|-damage|p2b: Table|0 fnt\n|faint|p2b: Table\n|\n|-heal|p2a: The Tea Sis|42\/100|[from] item: Leftovers\n|-heal|p1b: Milotic|65\/100|[from] item: Leftovers\n|upkeep\n|\n|t:|1700172940\n|switch|p2b: Will Smith|Thundurus, L50, M|100\/100\n|turn|5\n|\n|t:|1700172956\n|switch|p2a: Dog :)|Arcanine, L50, M|100\/100\n|-ability|p2a: Dog :)|Intimidate|boost\n|-unboost|p1a: Flutter Mane|atk|1\n|-unboost|p1b: Milotic|atk|1\n|-ability|p1b: Milotic|Competitive|boost\n|-boost|p1b: Milotic|spa|2\n|-terastallize|p1a: Flutter Mane|Fairy\n|move|p2b: Will Smith|Eerie Impulse|p1b: Milotic\n|-unboost|p1b: Milotic|spa|2\n|-ability|p1b: Milotic|Competitive|boost\n|-boost|p1b: Milotic|spa|2\n|move|p1b: Milotic|Icy Wind|p2b: Will Smith|[spread] p2a,p2b\n|-resisted|p2a: Dog :)\n|-supereffective|p2b: Will Smith\n|-damage|p2a: Dog :)|87\/100\n|-damage|p2b: Will Smith|52\/100\n|-unboost|p2a: Dog :)|spe|1\n|-unboost|p2b: Will Smith|spe|1\n|move|p1a: Flutter Mane|Dazzling Gleam|p2b: Will Smith|[spread] p2a,p2b\n|-resisted|p2a: Dog :)\n|-damage|p2a: Dog :)|57\/100\n|-damage|p2b: Will Smith|0 fnt\n|faint|p2b: Will Smith\n|\n|-heal|p1b: Milotic|71\/100|[from] item: Leftovers\n|-fieldend|move: Trick Room\n|upkeep\n|\n|t:|1700172962\n|switch|p2b: The Tea Sis|Sinistcha, L50|42\/100\n|-heal|p2a: Dog :)|82\/100|[from] ability: Hospitality|[of] p2b: The Tea Sis\n|turn|6\n|\n|t:|1700172995\n|move|p1a: Flutter Mane|Shadow Ball|p2a: Dog :)\n|-damage|p2a: Dog :)|24\/100\n|-unboost|p2a: Dog :)|spd|1\n|move|p2a: Dog :)|Wild Charge|p1b: Milotic\n|-supereffective|p1b: Milotic\n|-damage|p1b: Milotic|5\/100\n|-damage|p2a: Dog :)|4\/100|[from] Recoil\n|move|p1b: Milotic|Twister|p2a: Dog :)|[spread] p2a,p2b\n|-damage|p2a: Dog :)|0 fnt\n|-damage|p2b: The Tea Sis|24\/100\n|faint|p2a: Dog :)\n|move|p2b: The Tea Sis|Matcha Gotcha|p1b: Milotic|[spread] p1a,p1b\n|-supereffective|p1b: Milotic\n|-damage|p1a: Flutter Mane|0 fnt\n|-heal|p2b: The Tea Sis|33\/100|[from] drain|[of] p1a: Flutter Mane\n|-damage|p1b: Milotic|0 fnt\n|-heal|p2b: The Tea Sis|35\/100|[from] drain|[of] p1b: Milotic\n|faint|p1a: Flutter Mane\n|-end|p1a: Flutter Mane|Protosynthesis|[silent]\n|faint|p1b: Milotic\n|\n|win|DoggoGGO\n|raw|Greed_escarlata's rating: 1166 &rarr; <strong>1134<\/strong><br \/>(-32 for losing)\n|raw|DoggoGGO's rating: 1066 &rarr; <strong>1105<\/strong><br \/>(+39 for winning)\n","uploadtime":1700173017,"views":14,"p1id":"greedescarlata","p2id":"doggoggo","formatid":"gen9vgc2023regulatione","rating":1105,"private":0,"password":""}