{"id":"gen9vgc2023regulatione-1994193111","p1":"MrNiceguyVGC","p2":"frogmanthegrinch","format":"[Gen 9] VGC 2023 Regulation E","log":"|j|\u2606MrNiceguyVGC\n|j|\u2606frogmanthegrinch\n|t:|1700417408\n|gametype|doubles\n|player|p1|MrNiceguyVGC|bruno|1186\n|player|p2|frogmanthegrinch|proton|1193\n|teamsize|p1|6\n|teamsize|p2|6\n|gen|9\n|tier|[Gen 9] VGC 2023 Regulation E\n|rated|\n|rule|Species Clause: Limit one of each Pok\u00e9mon\n|rule|Item Clause: Limit one of each item\n|clearpoke\n|poke|p1|Dusclops, L50, M|\n|poke|p1|Ursaluna-Bloodmoon, L50, M|\n|poke|p1|Iron Hands, L50|\n|poke|p1|Landorus-Therian, L50, M|\n|poke|p1|Iron Bundle, L50|\n|poke|p1|Cresselia, L50, F|\n|poke|p2|Wo-Chien, L50|\n|poke|p2|Heatran, L50, M|\n|poke|p2|Grimmsnarl, L50, M|\n|poke|p2|Arcanine-Hisui, L50, M|\n|poke|p2|Roaring Moon, L50|\n|poke|p2|Ogerpon, L50, F|\n|teampreview|4\n|inactive|Battle timer is ON: inactive players will automatically lose when time's up. (requested by frogmanthegrinch)\n|\n|t:|1700417446\n|start\n|switch|p1a: Dusclops|Dusclops, L50, M, shiny|100\/100\n|switch|p1b: Iron Hands|Iron Hands, L50, shiny|100\/100\n|switch|p2a: Grimmsnarl|Grimmsnarl, L50, M|100\/100\n|switch|p2b: Arcanine|Arcanine-Hisui, L50, M|100\/100\n|-ability|p2b: Arcanine|Intimidate|boost\n|-unboost|p1a: Dusclops|atk|1\n|-unboost|p1b: Iron Hands|atk|1\n|-item|p2b: Arcanine|Air Balloon\n|-ability|p1a: Dusclops|Pressure\n|turn|1\n|\n|t:|1700417470\n|move|p2a: Grimmsnarl|Fake Out|p1b: Iron Hands\n|-damage|p1b: Iron Hands|90\/100\n|cant|p1b: Iron Hands|flinch\n|move|p2b: Arcanine|Will-O-Wisp|p1b: Iron Hands\n|-status|p1b: Iron Hands|brn\n|move|p1a: Dusclops|Trick Room|p1a: Dusclops\n|-fieldstart|move: Trick Room|[of] p1a: Dusclops\n|\n|-damage|p1b: Iron Hands|84\/100 brn|[from] brn\n|upkeep\n|turn|2\n|\n|t:|1700417492\n|move|p2a: Grimmsnarl|Parting Shot|p1b: Iron Hands\n|-unboost|p1b: Iron Hands|atk|1\n|-unboost|p1b: Iron Hands|spa|1\n|\n|t:|1700417495\n|switch|p2a: Ogerpon|Ogerpon, L50, F|100\/100|[from] Parting Shot\n|move|p1a: Dusclops|Will-O-Wisp|p2a: Ogerpon\n|-status|p2a: Ogerpon|brn\n|move|p1b: Iron Hands|Drain Punch|p2b: Arcanine\n|-supereffective|p2b: Arcanine\n|-damage|p2b: Arcanine|76\/100\n|-heal|p1b: Iron Hands|93\/100 brn|[from] drain|[of] p2b: Arcanine\n|-enditem|p2b: Arcanine|Air Balloon\n|move|p2b: Arcanine|Howl|p2b: Arcanine|[spread] p2a,p2b\n|-boost|p2a: Ogerpon|atk|1\n|-boost|p2b: Arcanine|atk|1\n|\n|-damage|p1b: Iron Hands|87\/100 brn|[from] brn\n|-damage|p2a: Ogerpon|95\/100 brn|[from] brn\n|upkeep\n|turn|3\n|inactive|MrNiceguyVGC has 30 seconds left.\n|inactive|frogmanthegrinch has 30 seconds left.\n|\n|t:|1700417529\n|move|p1a: Dusclops|Night Shade|p2b: Arcanine\n|-damage|p2b: Arcanine|46\/100\n|move|p1b: Iron Hands|Swords Dance|p1b: Iron Hands\n|-boost|p1b: Iron Hands|atk|2\n|move|p2b: Arcanine|Flare Blitz|p1b: Iron Hands\n|-damage|p1b: Iron Hands|28\/100 brn\n|-enditem|p1b: Iron Hands|Sitrus Berry|[eat]\n|-heal|p1b: Iron Hands|53\/100 brn|[from] item: Sitrus Berry\n|-damage|p2b: Arcanine|20\/100|[from] Recoil\n|move|p2a: Ogerpon|Knock Off|p1a: Dusclops\n|-supereffective|p1a: Dusclops\n|-damage|p1a: Dusclops|64\/100\n|-enditem|p1a: Dusclops|Eviolite|[from] move: Knock Off|[of] p2a: Ogerpon\n|\n|-damage|p1b: Iron Hands|47\/100 brn|[from] brn\n|-damage|p2a: Ogerpon|89\/100 brn|[from] brn\n|upkeep\n|turn|4\n|\n|t:|1700417553\n|move|p1a: Dusclops|Pain Split|p2a: Ogerpon\n|-sethp|p2a: Ogerpon|68\/100 brn|[from] move: Pain Split|[silent]\n|-sethp|p1a: Dusclops|91\/100|[from] move: Pain Split\n|move|p1b: Iron Hands|Drain Punch|p2b: Arcanine\n|-supereffective|p2b: Arcanine\n|-damage|p2b: Arcanine|0 fnt\n|-heal|p1b: Iron Hands|54\/100 brn|[from] drain|[of] p2b: Arcanine\n|faint|p2b: Arcanine\n|move|p2a: Ogerpon|Ivy Cudgel|p1a: Dusclops\n|-damage|p1a: Dusclops|53\/100\n|\n|-damage|p1b: Iron Hands|48\/100 brn|[from] brn\n|-damage|p2a: Ogerpon|62\/100 brn|[from] brn\n|upkeep\n|\n|t:|1700417568\n|switch|p2b: Grimmsnarl|Grimmsnarl, L50, M|100\/100\n|turn|5\n|\n|t:|1700417590\n|move|p2b: Grimmsnarl|Parting Shot|p1b: Iron Hands\n|-unboost|p1b: Iron Hands|atk|1\n|-unboost|p1b: Iron Hands|spa|1\n|\n|t:|1700417593\n|switch|p2b: Wo-Chien|Wo-Chien, L50|100\/100|[from] Parting Shot\n|-ability|p2b: Wo-Chien|Tablets of Ruin\n|move|p1a: Dusclops|Will-O-Wisp|p2b: Wo-Chien|[miss]\n|-miss|p1a: Dusclops|p2b: Wo-Chien\n|move|p1b: Iron Hands|Thunder Punch|p2b: Wo-Chien\n|-resisted|p2b: Wo-Chien\n|-damage|p2b: Wo-Chien|96\/100\n|-damage|p1b: Iron Hands|31\/100 brn|[from] item: Rocky Helmet|[of] p2b: Wo-Chien\n|move|p2a: Ogerpon|Ivy Cudgel|p1b: Iron Hands\n|-crit|p1b: Iron Hands\n|-damage|p1b: Iron Hands|3\/100 brn\n|\n|-damage|p1b: Iron Hands|0 fnt|[from] brn\n|faint|p1b: Iron Hands\n|-end|p1b: Iron Hands|Quark Drive|[silent]\n|-damage|p2a: Ogerpon|57\/100 brn|[from] brn\n|-fieldend|move: Trick Room\n|upkeep\n|\n|t:|1700417616\n|switch|p1b: Iron Bundle|Iron Bundle, L50, shiny|100\/100\n|-enditem|p1b: Iron Bundle|Booster Energy\n|-activate|p1b: Iron Bundle|ability: Quark Drive|[fromitem]\n|-start|p1b: Iron Bundle|quarkdrivespe\n|turn|6\n|\n|t:|1700417640\n|switch|p2b: Grimmsnarl|Grimmsnarl, L50, M|100\/100\n|move|p1b: Iron Bundle|Protect|p1b: Iron Bundle\n|-singleturn|p1b: Iron Bundle|Protect\n|move|p2a: Ogerpon|Protect|p2a: Ogerpon\n|-singleturn|p2a: Ogerpon|Protect\n|move|p1a: Dusclops|Will-O-Wisp|p2b: Grimmsnarl\n|-status|p2b: Grimmsnarl|brn\n|\n|-damage|p2a: Ogerpon|51\/100 brn|[from] brn\n|-damage|p2b: Grimmsnarl|95\/100 brn|[from] brn\n|upkeep\n|turn|7\n|inactive|MrNiceguyVGC has 30 seconds left.\n|\n|t:|1700417666\n|move|p2b: Grimmsnarl|Fake Out|p1b: Iron Bundle\n|-damage|p1b: Iron Bundle|92\/100\n|cant|p1b: Iron Bundle|flinch\n|move|p2a: Ogerpon|Ivy Cudgel|p1b: Iron Bundle\n|-supereffective|p1b: Iron Bundle\n|-damage|p1b: Iron Bundle|0 fnt\n|faint|p1b: Iron Bundle\n|-end|p1b: Iron Bundle|Quark Drive|[silent]\n|move|p1a: Dusclops|Pain Split|p2b: Grimmsnarl\n|-sethp|p2b: Grimmsnarl|62\/100 brn|[from] move: Pain Split|[silent]\n|-sethp|p1a: Dusclops|100\/100|[from] move: Pain Split\n|\n|-heal|p2b: Grimmsnarl|68\/100 brn|[from] item: Leftovers\n|-damage|p2a: Ogerpon|45\/100 brn|[from] brn\n|-damage|p2b: Grimmsnarl|62\/100 brn|[from] brn\n|upkeep\n|\n|t:|1700417682\n|switch|p1b: Ursaluna|Ursaluna-Bloodmoon, L50, M|100\/100\n|turn|8\n|\n|t:|1700417700\n|-terastallize|p1b: Ursaluna|Normal\n|move|p2b: Grimmsnarl|Parting Shot|p1b: Ursaluna\n|-unboost|p1b: Ursaluna|atk|1\n|-unboost|p1b: Ursaluna|spa|1\n|\n|t:|1700417704\n|switch|p2b: Wo-Chien|Wo-Chien, L50|96\/100|[from] Parting Shot\n|-ability|p2b: Wo-Chien|Tablets of Ruin\n|move|p2a: Ogerpon|Ivy Cudgel|p1b: Ursaluna\n|-damage|p1b: Ursaluna|80\/100\n|move|p1b: Ursaluna|Hyper Voice|p2b: Wo-Chien|[spread] p2a,p2b\n|-damage|p2a: Ogerpon|6\/100 brn\n|-damage|p2b: Wo-Chien|81\/100\n|-enditem|p1b: Ursaluna|Throat Spray\n|-boost|p1b: Ursaluna|spa|1|[from] item: Throat Spray\n|move|p1a: Dusclops|Night Shade|p2b: Wo-Chien\n|-damage|p2b: Wo-Chien|55\/100\n|\n|-damage|p2a: Ogerpon|0 fnt|[from] brn\n|faint|p2a: Ogerpon\n|upkeep\n|\n|t:|1700417719\n|switch|p2a: Grimmsnarl|Grimmsnarl, L50, M|62\/100 brn\n|turn|9\n|\n|t:|1700417738\n|move|p1b: Ursaluna|Protect|p1b: Ursaluna\n|-singleturn|p1b: Ursaluna|Protect\n|move|p2a: Grimmsnarl|Fake Out|p1b: Ursaluna\n|-activate|p1b: Ursaluna|move: Protect\n|move|p2b: Wo-Chien|Leech Seed|p1a: Dusclops\n|-start|p1a: Dusclops|move: Leech Seed\n|move|p1a: Dusclops|Will-O-Wisp|p2b: Wo-Chien\n|-status|p2b: Wo-Chien|brn\n|\n|-heal|p2a: Grimmsnarl|68\/100 brn|[from] item: Leftovers\n|-damage|p1a: Dusclops|88\/100|[from] Leech Seed|[of] p2b: Wo-Chien\n|-heal|p2b: Wo-Chien|62\/100 brn|[silent]\n|-damage|p2b: Wo-Chien|56\/100 brn|[from] brn\n|-damage|p2a: Grimmsnarl|62\/100 brn|[from] brn\n|upkeep\n|turn|10\n|\n|t:|1700417761\n|move|p2b: Wo-Chien|Protect|p2b: Wo-Chien\n|-singleturn|p2b: Wo-Chien|Protect\n|move|p2a: Grimmsnarl|Parting Shot|p1b: Ursaluna\n|-unboost|p1b: Ursaluna|atk|1\n|-unboost|p1b: Ursaluna|spa|1\n|move|p1b: Ursaluna|Blood Moon|p2b: Wo-Chien\n|-activate|p2b: Wo-Chien|move: Protect\n|move|p1a: Dusclops|Night Shade|p2a: Grimmsnarl\n|-damage|p2a: Grimmsnarl|38\/100 brn\n|\n|-heal|p2a: Grimmsnarl|44\/100 brn|[from] item: Leftovers\n|-damage|p1a: Dusclops|76\/100|[from] Leech Seed|[of] p2b: Wo-Chien\n|-heal|p2b: Wo-Chien|63\/100 brn|[silent]\n|-damage|p2b: Wo-Chien|57\/100 brn|[from] brn\n|-damage|p2a: Grimmsnarl|38\/100 brn|[from] brn\n|upkeep\n|turn|11\n|inactive|frogmanthegrinch has 30 seconds left.\n|\n|t:|1700417791\n|move|p2a: Grimmsnarl|Parting Shot|p1b: Ursaluna\n|-unboost|p1b: Ursaluna|atk|1\n|-unboost|p1b: Ursaluna|spa|1\n|move|p2b: Wo-Chien|Pollen Puff|p2a: Grimmsnarl\n|-heal|p2a: Grimmsnarl|88\/100 brn\n|move|p1b: Ursaluna|Hyper Voice|p2a: Grimmsnarl|[spread] p2a,p2b\n|-damage|p2a: Grimmsnarl|60\/100 brn\n|-damage|p2b: Wo-Chien|44\/100 brn\n|move|p1a: Dusclops|Night Shade|p2b: Wo-Chien\n|-damage|p2b: Wo-Chien|18\/100 brn\n|\n|-heal|p2a: Grimmsnarl|66\/100 brn|[from] item: Leftovers\n|-damage|p1a: Dusclops|64\/100|[from] Leech Seed|[of] p2b: Wo-Chien\n|-heal|p2b: Wo-Chien|25\/100 brn|[silent]\n|-damage|p2b: Wo-Chien|19\/100 brn|[from] brn\n|-damage|p2a: Grimmsnarl|60\/100 brn|[from] brn\n|upkeep\n|turn|12\n|inactive|MrNiceguyVGC has 30 seconds left.\n|\n|t:|1700417817\n|move|p1b: Ursaluna|Protect|p1b: Ursaluna\n|-singleturn|p1b: Ursaluna|Protect\n|move|p2b: Wo-Chien|Leech Seed|p1b: Ursaluna\n|-activate|p1b: Ursaluna|move: Protect\n|move|p2a: Grimmsnarl|Spirit Break|p1b: Ursaluna\n|-activate|p1b: Ursaluna|move: Protect\n|move|p1a: Dusclops|Night Shade|p2a: Grimmsnarl\n|-damage|p2a: Grimmsnarl|35\/100 brn\n|\n|-heal|p2a: Grimmsnarl|41\/100 brn|[from] item: Leftovers\n|-damage|p1a: Dusclops|52\/100|[from] Leech Seed|[of] p2b: Wo-Chien\n|-heal|p2b: Wo-Chien|27\/100 brn|[silent]\n|-damage|p2b: Wo-Chien|20\/100 brn|[from] brn\n|-damage|p2a: Grimmsnarl|35\/100 brn|[from] brn\n|upkeep\n|turn|13\n|inactive|MrNiceguyVGC has 30 seconds left.\n|\n|t:|1700417851\n|move|p2b: Wo-Chien|Leech Seed|p1b: Ursaluna\n|-start|p1b: Ursaluna|move: Leech Seed\n|move|p2a: Grimmsnarl|Spirit Break|p1b: Ursaluna\n|-damage|p1b: Ursaluna|68\/100\n|-unboost|p1b: Ursaluna|spa|1\n|move|p1b: Ursaluna|Blood Moon|p2a: Grimmsnarl\n|-damage|p2a: Grimmsnarl|0 fnt\n|faint|p2a: Grimmsnarl\n|move|p1a: Dusclops|Night Shade|p2b: Wo-Chien\n|-damage|p2b: Wo-Chien|0 fnt\n|faint|p2b: Wo-Chien\n|\n|win|MrNiceguyVGC\n|raw|MrNiceguyVGC's rating: 1186 &rarr; <strong>1212<\/strong><br \/>(+26 for winning)\n|raw|frogmanthegrinch's rating: 1193 &rarr; <strong>1167<\/strong><br \/>(-26 for losing)\n|l|\u2606frogmanthegrinch\n","uploadtime":1700417866,"views":5,"p1id":"mrniceguyvgc","p2id":"frogmanthegrinch","formatid":"gen9vgc2023regulatione","rating":1167,"private":0,"password":""}