{"id":"gen9vgc2023regulatione-2000566954","p1":"Berrybeans","p2":"legonene","format":"[Gen 9] VGC 2023 Regulation E","log":"|j|\u2606Berrybeans\n|j|\u2606legonene\n|n|\u2606Berrybeans|berrybeans\n|n|\u2606legonene|legonene\n|html|View the match progress at <a href=\"\/game-bestof3-gen9vgc2023regulatione-2000563011\">game-bestof3-gen9vgc2023regulatione-2000563011<\/a>\n|t:|1701206001\n|gametype|doubles\n|player|p1|Berrybeans|benga|\n|player|p2|legonene|chili|\n|teamsize|p1|6\n|teamsize|p2|6\n|gen|9\n|tier|[Gen 9] VGC 2023 Regulation E\n|rule|Species Clause: Limit one of each Pok\u00e9mon\n|rule|Item Clause: Limit one of each item\n|clearpoke\n|poke|p1|Kommo-o, L50, F|\n|poke|p1|Tinkaton, L50, F|\n|poke|p1|Ribombee, L50, M|\n|poke|p1|Sinistcha, L50|\n|poke|p1|Rotom-Heat, L50|\n|poke|p1|Morgrem, L50, M|\n|poke|p2|Ogerpon-Wellspring, L50, F|\n|poke|p2|Kingambit, L50, F|\n|poke|p2|Fezandipiti, L50, M|\n|poke|p2|Gothitelle, L50, M|\n|poke|p2|Dragapult, L50, F|\n|poke|p2|Furret, L50, M|\n|teampreview|4\n|j| Stryke Out\n|j| jayballester\n|j| Sobiris\n|\n|t:|1701206036\n|start\n|switch|p1a: Gay panick|Ribombee, L50, M, shiny|100\/100\n|switch|p1b: Hot Stuff|Rotom-Heat, L50|100\/100\n|switch|p2a: Ogerpon|Ogerpon-Wellspring, L50, F|100\/100\n|switch|p2b: Furret|Furret, L50, M|100\/100\n|-item|p1a: Gay panick|Sitrus Berry|[from] ability: Frisk|[of] p2b: Furret|[identify]\n|-item|p1b: Hot Stuff|Aguav Berry|[from] ability: Frisk|[of] p2b: Furret|[identify]\n|turn|1\n|\n|t:|1701206067\n|move|p2a: Ogerpon|Ivy Cudgel|p1a: Gay panick|[anim] Ivy Cudgel Water\n|-damage|p1a: Gay panick|8\/100\n|-enditem|p1a: Gay panick|Sitrus Berry|[eat]\n|-heal|p1a: Gay panick|33\/100|[from] item: Sitrus Berry\n|move|p2b: Furret|Tidy Up|p2b: Furret\n|-boost|p2b: Furret|atk|1\n|-boost|p2b: Furret|spe|1\n|move|p1a: Gay panick|Tailwind|p1a: Gay panick\n|-sidestart|p1: Berrybeans|move: Tailwind\n|move|p1b: Hot Stuff|Volt Switch|p2a: Ogerpon\n|-damage|p2a: Ogerpon|62\/100\n|c| jayballester|Jerrybeans? More like Berrybeans\n|c| jayballester|Oh wait\n|\n|t:|1701206079\n|switch|p1b: stayin alive|Kommo-o, L50, F|100\/100|[from] Volt Switch\n|\n|upkeep\n|turn|2\n|\n|t:|1701206094\n|switch|p1a: Fancy a cuppa|Sinistcha, L50|100\/100\n|move|p2b: Furret|Tidy Up|p2b: Furret\n|-boost|p2b: Furret|atk|1\n|-boost|p2b: Furret|spe|1\n|move|p1b: stayin alive|Iron Defense|p1b: stayin alive\n|-boost|p1b: stayin alive|def|2\n|move|p2a: Ogerpon|Play Rough|p1b: stayin alive\n|-supereffective|p1b: stayin alive\n|-damage|p1b: stayin alive|39\/100\n|\n|-heal|p1b: stayin alive|45\/100|[from] item: Leftovers\n|upkeep\n|turn|3\n|\n|t:|1701206111\n|switch|p1a: Gay panick|Ribombee, L50, M, shiny|33\/100\n|move|p1b: stayin alive|Protect|p1b: stayin alive\n|-singleturn|p1b: stayin alive|Protect\n|move|p2b: Furret|Baton Pass|p2b: Furret\n|\n|t:|1701206117\n|switch|p2b: Dragapult|Dragapult, L50, F|100\/100|[from] Baton Pass\n|move|p2a: Ogerpon|Ivy Cudgel|p1b: stayin alive|[anim] Ivy Cudgel Water\n|-activate|p1b: stayin alive|move: Protect\n|\n|-heal|p1b: stayin alive|50\/100|[from] item: Leftovers\n|upkeep\n|turn|4\n|\n|t:|1701206141\n|switch|p1a: Fancy a cuppa|Sinistcha, L50|100\/100\n|-heal|p1b: stayin alive|75\/100|[from] ability: Hospitality|[of] p1a: Fancy a cuppa\n|-terastallize|p2b: Dragapult|Fire\n|-terastallize|p1b: stayin alive|Steel\n|move|p2b: Dragapult|Tera Blast|p1b: stayin alive|[anim] Tera Blast Fire\n|-supereffective|p1b: stayin alive\n|-damage|p1b: stayin alive|15\/100\n|move|p1b: stayin alive|Body Press|p2a: Ogerpon\n|-damage|p2a: Ogerpon|0 fnt\n|faint|p2a: Ogerpon\n|\n|-heal|p1b: stayin alive|21\/100|[from] item: Leftovers\n|-sideend|p1: Berrybeans|move: Tailwind\n|upkeep\n|c| jayballester|dang\n|\n|t:|1701206158\n|switch|p2a: Furret|Furret, L50, M|100\/100\n|-item|p1a: Fancy a cuppa|Iapapa Berry|[from] ability: Frisk|[of] p2a: Furret|[identify]\n|-item|p1b: stayin alive|Leftovers|[from] ability: Frisk|[of] p2a: Furret|[identify]\n|turn|5\n|\n|t:|1701206180\n|move|p2a: Furret|Follow Me|p2a: Furret\n|-singleturn|p2a: Furret|move: Follow Me\n|move|p1a: Fancy a cuppa|Rage Powder|p1a: Fancy a cuppa\n|-singleturn|p1a: Fancy a cuppa|move: Rage Powder\n|move|p2b: Dragapult|Tera Blast|p1a: Fancy a cuppa|[anim] Tera Blast Fire\n|-supereffective|p1a: Fancy a cuppa\n|-damage|p1a: Fancy a cuppa|0 fnt\n|faint|p1a: Fancy a cuppa\n|move|p1b: stayin alive|Body Press|p2a: Furret\n|-supereffective|p2a: Furret\n|-enditem|p2a: Furret|Focus Sash\n|-damage|p2a: Furret|1\/100\n|\n|-heal|p1b: stayin alive|27\/100|[from] item: Leftovers\n|upkeep\n|j| Jstardude\n|\n|t:|1701206186\n|switch|p1a: Hot Stuff|Rotom-Heat, L50|100\/100\n|turn|6\n|\n|t:|1701206224\n|move|p1b: stayin alive|Protect|p1b: stayin alive\n|-singleturn|p1b: stayin alive|Protect\n|move|p2a: Furret|Follow Me|p2a: Furret\n|-singleturn|p2a: Furret|move: Follow Me\n|move|p2b: Dragapult|Dragon Darts|p1a: Hot Stuff\n|-damage|p1a: Hot Stuff|50\/100\n|-anim|p2b: Dragapult|Dragon Darts|p1a: Hot Stuff\n|-damage|p1a: Hot Stuff|0 fnt\n|faint|p1a: Hot Stuff\n|\n|-heal|p1b: stayin alive|33\/100|[from] item: Leftovers\n|upkeep\n|\n|t:|1701206233\n|switch|p1a: Gay panick|Ribombee, L50, M, shiny|33\/100\n|turn|7\n|\n|t:|1701206246\n|move|p2a: Furret|Follow Me|p2a: Furret\n|-singleturn|p2a: Furret|move: Follow Me\n|move|p2b: Dragapult|Tera Blast|p1b: stayin alive|[anim] Tera Blast Fire\n|-supereffective|p1b: stayin alive\n|-damage|p1b: stayin alive|0 fnt\n|faint|p1b: stayin alive\n|move|p1a: Gay panick|Pollen Puff|p2a: Furret\n|-damage|p2a: Furret|0 fnt\n|faint|p2a: Furret\n|\n|upkeep\n|\n|t:|1701206249\n|switch|p2a: Kingambit|Kingambit, L50, F|100\/100\n|-activate|p2a: Kingambit|ability: Supreme Overlord\n|-start|p2a: Kingambit|fallen2|[silent]\n|turn|8\n|c|\u2606legonene|gg\n|\n|t:|1701206259\n|move|p2b: Dragapult|Tera Blast|p1a: Gay panick|[anim] Tera Blast Fire\n|-supereffective|p1a: Gay panick\n|-damage|p1a: Gay panick|0 fnt\n|faint|p1a: Gay panick\n|\n|win|legonene\n|c|&|\/uhtml prompt-legonene,legonene is ready for game 3!\n|c|\u2606Berrybeans|gg\n|c|&|\/uhtml prompt-berrybeans,Berrybeans is ready for game 3!\nBoth players are ready! Starting next match!\n|l| jayballester\n|l| Jstardude\n|j| Jstardude\n|l| Stryke Out\n|l| Jstardude\n|l|\u2606legonene\n|j| Jstardude\n|l| Jstardude\n|l| Sobiris\n","uploadtime":1701206273,"views":2,"p1id":"berrybeans","p2id":"legonene","formatid":"gen9vgc2023regulatione","rating":0,"private":0,"password":""}