{"id":"gen9vgc2023regulatione-1996190615","p1":"D018","p2":"QuimeraVGC","format":"[Gen 9] VGC 2023 Regulation E","log":"|j|\u2606D018\n|j|\u2606QuimeraVGC\n|n|\u2606D018|d018\n|n|\u2606QuimeraVGC|quimeravgc\n|html|View the match progress at <a href=\"\/game-bestof3-gen9vgc2023regulatione-1996183660\">game-bestof3-gen9vgc2023regulatione-1996183660<\/a>\n|t:|1700657155\n|gametype|doubles\n|player|p1|D018|alder|\n|player|p2|QuimeraVGC|red|\n|teamsize|p1|6\n|teamsize|p2|6\n|gen|9\n|tier|[Gen 9] VGC 2023 Regulation E\n|rule|Species Clause: Limit one of each Pok\u00e9mon\n|rule|Item Clause: Limit one of each item\n|clearpoke\n|poke|p1|Iron Hands, L50|\n|poke|p1|Landorus-Therian, L50, M|\n|poke|p1|Weezing, L50, F|\n|poke|p1|Sinistcha, L50|\n|poke|p1|Heatran, L50, F|\n|poke|p1|Milotic, L50, F|\n|poke|p2|Amoonguss, L50, F|\n|poke|p2|Iron Hands, L50|\n|poke|p2|Arcanine-Hisui, L50, M|\n|poke|p2|Tornadus, L50, M|\n|poke|p2|Urshifu-*, L50, F|\n|poke|p2|Gholdengo, L50|\n|teampreview|4\n|inactive|Battle timer is ON: inactive players will automatically lose when time's up. (requested by D018)\nD018 rejected open team sheets.\n|inactive|QuimeraVGC has 60 seconds left.\n|\n|t:|1700657190\n|start\n|switch|p1a: Weezing|Weezing, L50, F|100\/100\n|switch|p1b: Landorus|Landorus-Therian, L50, M|100\/100\n|switch|p2a: Iron Hands|Iron Hands, L50|100\/100\n|switch|p2b: Gholdengo|Gholdengo, L50|100\/100\n|-ability|p1a: Weezing|Neutralizing Gas\n|-block|p1b: Landorus|item: Ability Shield\n|-ability|p1b: Landorus|Intimidate|boost\n|-unboost|p2a: Iron Hands|atk|1\n|-unboost|p2b: Gholdengo|atk|1\n|turn|1\n|\n|t:|1700657206\n|move|p2a: Iron Hands|Fake Out|p1b: Landorus\n|-damage|p1b: Landorus|88\/100\n|cant|p1b: Landorus|flinch\n|move|p2b: Gholdengo|Nasty Plot|p2b: Gholdengo\n|-boost|p2b: Gholdengo|spa|2\n|move|p1a: Weezing|Will-O-Wisp|p2a: Iron Hands\n|-status|p2a: Iron Hands|brn\n|\n|-damage|p2a: Iron Hands|94\/100 brn|[from] brn\n|upkeep\n|turn|2\n|\n|t:|1700657231\n|-end|p2a: Iron Hands|Quark Drive|[silent]\n|switch|p2a: Tornadus|Tornadus, L50, M|100\/100\n|move|p2b: Gholdengo|Protect|p2b: Gholdengo\n|-singleturn|p2b: Gholdengo|Protect\n|move|p1b: Landorus|Stomping Tantrum|p2b: Gholdengo\n|-activate|p2b: Gholdengo|move: Protect\n|move|p1a: Weezing|Taunt|p2b: Gholdengo\n|-activate|p2b: Gholdengo|move: Protect\n|\n|upkeep\n|turn|3\n|\n|t:|1700657251\n|move|p1a: Weezing|Protect|p1a: Weezing\n|-singleturn|p1a: Weezing|Protect\n|move|p1b: Landorus|Stomping Tantrum|p2b: Gholdengo\n|-supereffective|p2b: Gholdengo\n|-damage|p2b: Gholdengo|16\/100\n|move|p2a: Tornadus|Tailwind|p2a: Tornadus\n|-sidestart|p2: QuimeraVGC|move: Tailwind\n|move|p2b: Gholdengo|Make It Rain|p1a: Weezing|[spread] p1b\n|-activate|p1a: Weezing|move: Protect\n|-damage|p1b: Landorus|0 fnt\n|-unboost|p2b: Gholdengo|spa|1\n|faint|p1b: Landorus\n|\n|-heal|p2b: Gholdengo|22\/100|[from] item: Leftovers\n|upkeep\n|\n|t:|1700657263\n|switch|p1b: Iron Hands|Iron Hands, L50|100\/100\n|turn|4\n|inactive|D018 has 30 seconds left.\n|\n|t:|1700657298\n|switch|p2a: Iron Hands|Iron Hands, L50|94\/100 brn\n|move|p2b: Gholdengo|Protect|p2b: Gholdengo\n|-singleturn|p2b: Gholdengo|Protect\n|move|p1a: Weezing|Will-O-Wisp|p2a: Iron Hands\n|-fail|p2a: Iron Hands|brn\n|move|p1b: Iron Hands|Wild Charge|p2b: Gholdengo\n|-activate|p2b: Gholdengo|move: Protect\n|\n|-heal|p2b: Gholdengo|29\/100|[from] item: Leftovers\n|-damage|p2a: Iron Hands|88\/100 brn|[from] brn\n|upkeep\n|turn|5\n|\n|t:|1700657318\n|move|p1a: Weezing|Protect|p1a: Weezing\n|-singleturn|p1a: Weezing|Protect\n|move|p2a: Iron Hands|Fake Out|p1b: Iron Hands\n|-damage|p1b: Iron Hands|95\/100\n|move|p2b: Gholdengo|Shadow Ball|p1b: Iron Hands\n|-damage|p1b: Iron Hands|57\/100\n|cant|p1b: Iron Hands|flinch\n|\n|-heal|p2b: Gholdengo|35\/100|[from] item: Leftovers\n|-damage|p2a: Iron Hands|82\/100 brn|[from] brn\n|upkeep\n|turn|6\n|\n|t:|1700657341\n|-end|p1a: Weezing|ability: Neutralizing Gas\n|switch|p1a: Heatran|Heatran, L50, F|100\/100\n|move|p2b: Gholdengo|Protect|p2b: Gholdengo\n|-singleturn|p2b: Gholdengo|Protect\n|move|p2a: Iron Hands|Heavy Slam|p1a: Heatran\n|-resisted|p1a: Heatran\n|-damage|p1a: Heatran|99\/100\n|move|p1b: Iron Hands|Wild Charge|p2b: Gholdengo\n|-activate|p2b: Gholdengo|move: Protect\n|\n|-heal|p2b: Gholdengo|41\/100|[from] item: Leftovers\n|-heal|p1a: Heatran|100\/100|[from] item: Leftovers\n|-damage|p2a: Iron Hands|75\/100 brn|[from] brn\n|-sideend|p2: QuimeraVGC|move: Tailwind\n|upkeep\n|turn|7\n|inactive|D018 has 30 seconds left.\n|inactive|QuimeraVGC has 30 seconds left.\n|inactive|QuimeraVGC has 20 seconds left.\n|inactive|QuimeraVGC has 15 seconds left.\n|\n|t:|1700657383\n|-end|p2a: Iron Hands|Quark Drive|[silent]\n|switch|p2a: Tornadus|Tornadus, L50, M|100\/100\n|-terastallize|p2b: Gholdengo|Dragon\n|move|p1a: Heatran|Protect|p1a: Heatran\n|-singleturn|p1a: Heatran|Protect\n|move|p2b: Gholdengo|Shadow Ball|p1a: Heatran\n|-activate|p1a: Heatran|move: Protect\n|move|p1b: Iron Hands|Wild Charge|p2b: Gholdengo\n|-resisted|p2b: Gholdengo\n|-damage|p2b: Gholdengo|18\/100\n|-damage|p1b: Iron Hands|52\/100|[from] Recoil\n|\n|-heal|p2b: Gholdengo|24\/100|[from] item: Leftovers\n|upkeep\n|turn|8\n|\n|t:|1700657403\n|-terastallize|p1a: Heatran|Dragon\n|move|p2a: Tornadus|Rain Dance|p2a: Tornadus\n|-weather|RainDance\n|move|p2b: Gholdengo|Shadow Ball|p1b: Iron Hands\n|-damage|p1b: Iron Hands|12\/100\n|move|p1a: Heatran|Heat Wave|p2b: Gholdengo|[spread] p2a,p2b\n|-crit|p2a: Tornadus\n|-resisted|p2b: Gholdengo\n|-damage|p2a: Tornadus|65\/100\n|-damage|p2b: Gholdengo|15\/100\n|-status|p2b: Gholdengo|brn\n|move|p1b: Iron Hands|Wild Charge|p2a: Tornadus\n|-supereffective|p2a: Tornadus\n|-damage|p2a: Tornadus|0 fnt\n|faint|p2a: Tornadus\n|-damage|p1b: Iron Hands|0 fnt|[from] Recoil\n|faint|p1b: Iron Hands\n|-end|p1b: Iron Hands|Quark Drive|[silent]\n|\n|-weather|RainDance|[upkeep]\n|-heal|p2b: Gholdengo|21\/100 brn|[from] item: Leftovers\n|-damage|p2b: Gholdengo|15\/100 brn|[from] brn\n|upkeep\n|\n|t:|1700657417\n|switch|p2a: Iron Hands|Iron Hands, L50|75\/100 brn\n|switch|p1b: Weezing|Weezing, L50, F|100\/100\n|-ability|p1b: Weezing|Neutralizing Gas\n|turn|9\n|\n|t:|1700657430\n|move|p1a: Heatran|Protect|p1a: Heatran\n|-singleturn|p1a: Heatran|Protect\n|move|p1b: Weezing|Protect|p1b: Weezing\n|-singleturn|p1b: Weezing|Protect\n|move|p2a: Iron Hands|Fake Out|p1a: Heatran\n|-activate|p1a: Heatran|move: Protect\n|move|p2b: Gholdengo|Shadow Ball|p1a: Heatran\n|-activate|p1a: Heatran|move: Protect\n|\n|-weather|RainDance|[upkeep]\n|-heal|p2b: Gholdengo|21\/100 brn|[from] item: Leftovers\n|-damage|p2b: Gholdengo|15\/100 brn|[from] brn\n|-damage|p2a: Iron Hands|69\/100 brn|[from] brn\n|upkeep\n|turn|10\n|\n|t:|1700657443\n|move|p2b: Gholdengo|Make It Rain|p1a: Heatran|[spread] p1a,p1b\n|-damage|p1a: Heatran|45\/100\n|-damage|p1b: Weezing|27\/100\n|-unboost|p2b: Gholdengo|spa|1\n|move|p1a: Heatran|Earth Power|p2a: Iron Hands\n|-supereffective|p2a: Iron Hands\n|-crit|p2a: Iron Hands\n|-damage|p2a: Iron Hands|9\/100 brn\n|move|p1b: Weezing|Clear Smog|p2b: Gholdengo\n|-damage|p2b: Gholdengo|0 fnt\n|-clearboost|p2b: Gholdengo\n|faint|p2b: Gholdengo\n|move|p2a: Iron Hands|Drain Punch|p1a: Heatran\n|-crit|p1a: Heatran\n|-damage|p1a: Heatran|17\/100\n|-heal|p2a: Iron Hands|21\/100 brn|[from] drain|[of] p1a: Heatran\n|\n|-weather|RainDance|[upkeep]\n|-heal|p1a: Heatran|23\/100|[from] item: Leftovers\n|-damage|p2a: Iron Hands|15\/100 brn|[from] brn\n|upkeep\n|\n|t:|1700657454\n|switch|p2b: Urshifu|Urshifu-Rapid-Strike, L50, F|100\/100\n|turn|11\n|c|\u2606D018|GG\n|\n|t:|1700657472\n|move|p1a: Heatran|Protect|p1a: Heatran\n|-singleturn|p1a: Heatran|Protect\n|move|p2b: Urshifu|Surging Strikes|p1b: Weezing\n|-crit|p1b: Weezing\n|-damage|p1b: Weezing|0 fnt\n|-damage|p2b: Urshifu|84\/100|[from] item: Rocky Helmet|[of] p1b: Weezing\n|faint|p1b: Weezing\n|-end|p1b: Weezing|ability: Neutralizing Gas\n|-hitcount|p1: Weezing|1\n|move|p2a: Iron Hands|Drain Punch|p1a: Heatran\n|-activate|p1a: Heatran|move: Protect\n|\n|-weather|RainDance|[upkeep]\n|-heal|p1a: Heatran|29\/100|[from] item: Leftovers\n|-damage|p2a: Iron Hands|8\/100 brn|[from] brn\n|upkeep\n|turn|12\n|\n|t:|1700657485\n|move|p2b: Urshifu|Surging Strikes|p1a: Heatran\n|-resisted|p1a: Heatran\n|-crit|p1a: Heatran\n|-damage|p1a: Heatran|15\/100\n|-resisted|p1a: Heatran\n|-crit|p1a: Heatran\n|-damage|p1a: Heatran|2\/100\n|-resisted|p1a: Heatran\n|-crit|p1a: Heatran\n|-damage|p1a: Heatran|0 fnt\n|faint|p1a: Heatran\n|-hitcount|p1: Heatran|3\n|\n|win|QuimeraVGC\n|l|\u2606D018\n","uploadtime":1700657497,"views":2,"p1id":"d018","p2id":"quimeravgc","formatid":"gen9vgc2023regulatione","rating":0,"private":0,"password":""}