{"id":"gen9vgc2023regulatione-1995051310","p1":"jamahcs","p2":"MrRexx1511","format":"[Gen 9] VGC 2023 Regulation E","log":"|j|\u2606jamahcs\n|j|\u2606MrRexx1511\n|n|\u2606jamahcs|jamahcs\n|n|\u2606MrRexx1511|mrrexx1511\n|html|View the match progress at <a href=\"\/game-bestof5-gen9vgc2023regulatione-1995044759\">game-bestof5-gen9vgc2023regulatione-1995044759<\/a>\n|t:|1700517300\n|gametype|doubles\n|player|p1|jamahcs|cynthia-masters3|\n|player|p2|MrRexx1511|pokemonrangerf-gen4|\n|teamsize|p1|6\n|teamsize|p2|6\n|gen|9\n|tier|[Gen 9] VGC 2023 Regulation E\n|rule|Species Clause: Limit one of each Pok\u00e9mon\n|rule|Item Clause: Limit one of each item\n|clearpoke\n|poke|p1|Tornadus, L50, M|\n|poke|p1|Urshifu-*, L50, M|\n|poke|p1|Arcanine-Hisui, L50, M|\n|poke|p1|Iron Hands, L50|\n|poke|p1|Amoonguss, L50, F|\n|poke|p1|Flutter Mane, L50|\n|poke|p2|Urshifu-*, L50, F|\n|poke|p2|Regieleki, L50|\n|poke|p2|Indeedee-F, L50, F|\n|poke|p2|Tornadus, L50, M|\n|poke|p2|Arcanine-Hisui, L50, M|\n|poke|p2|Flutter Mane, L50|\n|teampreview|4\n|inactive|Battle timer is ON: inactive players will automatically lose when time's up. (requested by jamahcs)\nMrRexx1511 has agreed to open team sheets.\n|inactive|jamahcs has 60 seconds left.\n|\n|t:|1700517361\n|start\n|switch|p1a: Tornadus|Tornadus, L50, M|100\/100\n|switch|p1b: Urshifu|Urshifu-Rapid-Strike, L50, M|100\/100\n|switch|p2a: Tornadus|Tornadus, L50, M|100\/100\n|switch|p2b: Urshifu|Urshifu-Rapid-Strike, L50, F|100\/100\n|turn|1\n|inactive|MrRexx1511 has 30 seconds left.\n|inactive|MrRexx1511 has 20 seconds left.\n|inactive|MrRexx1511 has 15 seconds left.\n|inactive|MrRexx1511 has 10 seconds left.\n|inactive|MrRexx1511 has 5 seconds left.\n|\n|t:|1700517413\n|-terastallize|p1b: Urshifu|Water\n|move|p1a: Tornadus|Protect|p1a: Tornadus\n|-singleturn|p1a: Tornadus|Protect\n|move|p2a: Tornadus|Bleakwind Storm|p1a: Tornadus|[spread] p1b\n|-activate|p1a: Tornadus|move: Protect\n|-damage|p1b: Urshifu|63\/100\n|-unboost|p1b: Urshifu|spe|1\n|move|p2b: Urshifu|Surging Strikes|p1b: Urshifu\n|-resisted|p1b: Urshifu\n|-crit|p1b: Urshifu\n|-damage|p1b: Urshifu|52\/100\n|-resisted|p1b: Urshifu\n|-crit|p1b: Urshifu\n|-damage|p1b: Urshifu|41\/100\n|-resisted|p1b: Urshifu\n|-crit|p1b: Urshifu\n|-damage|p1b: Urshifu|31\/100\n|-hitcount|p1b: Urshifu|3\n|move|p1b: Urshifu|Surging Strikes|p2a: Tornadus\n|-crit|p2a: Tornadus\n|-damage|p2a: Tornadus|67\/100\n|-crit|p2a: Tornadus\n|-damage|p2a: Tornadus|37\/100\n|-crit|p2a: Tornadus\n|-damage|p2a: Tornadus|5\/100\n|-hitcount|p2a: Tornadus|3\n|\n|upkeep\n|turn|2\n|inactive|jamahcs has 30 seconds left.\n|inactive|MrRexx1511 has 30 seconds left.\n|\n|t:|1700517447\n|switch|p1b: Iron Hands|Iron Hands, L50|100\/100\n|-terastallize|p2b: Urshifu|Water\n|move|p2a: Tornadus|Bleakwind Storm|p1b: Iron Hands|[spread] p1a\n|-miss|p2a: Tornadus|p1b: Iron Hands\n|-damage|p1a: Tornadus|64\/100\n|move|p1a: Tornadus|Bleakwind Storm|p2b: Urshifu|[spread] p2b\n|-miss|p1a: Tornadus|p2a: Tornadus\n|-damage|p2b: Urshifu|56\/100\n|move|p2b: Urshifu|Surging Strikes|p1a: Tornadus\n|-crit|p1a: Tornadus\n|-damage|p1a: Tornadus|29\/100\n|-enditem|p1a: Tornadus|Sitrus Berry|[eat]\n|-heal|p1a: Tornadus|54\/100|[from] item: Sitrus Berry\n|-crit|p1a: Tornadus\n|-damage|p1a: Tornadus|17\/100\n|-crit|p1a: Tornadus\n|-damage|p1a: Tornadus|0 fnt\n|faint|p1a: Tornadus\n|-hitcount|p1: Tornadus|3\n|\n|upkeep\n|inactive|jamahcs has 30 seconds left.\n|\n|t:|1700517474\n|switch|p1a: Urshifu|Urshifu-Rapid-Strike, L50, M, tera:Water|31\/100\n|turn|3\n|\n|t:|1700517492\n|move|p2b: Urshifu|Detect|p2b: Urshifu\n|-singleturn|p2b: Urshifu|Protect\n|move|p1a: Urshifu|Aqua Jet|p2a: Tornadus\n|-damage|p2a: Tornadus|0 fnt\n|faint|p2a: Tornadus\n|move|p1b: Iron Hands|Wild Charge|p2b: Urshifu\n|-activate|p2b: Urshifu|move: Protect\n|\n|upkeep\n|\n|t:|1700517503\n|switch|p2a: Flutter Mane|Flutter Mane, L50|100\/100\n|turn|4\n|inactive|jamahcs has 30 seconds left.\n|\n|t:|1700517531\n|-end|p1b: Iron Hands|Quark Drive|[silent]\n|switch|p1b: Amoonguss|Amoonguss, L50, F|100\/100\n|move|p2a: Flutter Mane|Moonblast|p1b: Amoonguss\n|-resisted|p1b: Amoonguss\n|-damage|p1b: Amoonguss|69\/100\n|-unboost|p1b: Amoonguss|spa|1\n|move|p2b: Urshifu|Surging Strikes|p1a: Urshifu\n|-resisted|p1a: Urshifu\n|-crit|p1a: Urshifu\n|-damage|p1a: Urshifu|16\/100\n|-resisted|p1a: Urshifu\n|-crit|p1a: Urshifu\n|-damage|p1a: Urshifu|3\/100\n|-resisted|p1a: Urshifu\n|-crit|p1a: Urshifu\n|-damage|p1a: Urshifu|0 fnt\n|faint|p1a: Urshifu\n|-hitcount|p1: Urshifu|3\n|\n|upkeep\n|\n|t:|1700517545\n|switch|p1a: Iron Hands|Iron Hands, L50|100\/100\n|turn|5\n|\n|t:|1700517558\n|move|p1b: Amoonguss|Rage Powder|p1b: Amoonguss\n|-singleturn|p1b: Amoonguss|move: Rage Powder\n|move|p2a: Flutter Mane|Moonblast|p1b: Amoonguss\n|-resisted|p1b: Amoonguss\n|-damage|p1b: Amoonguss|32\/100\n|-unboost|p1b: Amoonguss|spa|1\n|move|p2b: Urshifu|Surging Strikes|p1b: Amoonguss\n|-resisted|p1b: Amoonguss\n|-crit|p1b: Amoonguss\n|-damage|p1b: Amoonguss|18\/100\n|-damage|p2b: Urshifu|39\/100|[from] item: Rocky Helmet|[of] p1b: Amoonguss\n|-resisted|p1b: Amoonguss\n|-crit|p1b: Amoonguss\n|-damage|p1b: Amoonguss|6\/100\n|-damage|p2b: Urshifu|23\/100|[from] item: Rocky Helmet|[of] p1b: Amoonguss\n|-resisted|p1b: Amoonguss\n|-crit|p1b: Amoonguss\n|-damage|p1b: Amoonguss|0 fnt\n|-damage|p2b: Urshifu|6\/100|[from] item: Rocky Helmet|[of] p1b: Amoonguss\n|faint|p1b: Amoonguss\n|-hitcount|p1: Amoonguss|3\n|move|p1a: Iron Hands|Heavy Slam|p2a: Flutter Mane\n|-supereffective|p2a: Flutter Mane\n|-damage|p2a: Flutter Mane|0 fnt\n|faint|p2a: Flutter Mane\n|-end|p2a: Flutter Mane|Protosynthesis|[silent]\n|\n|upkeep\n|\n|t:|1700517580\n|switch|p2a: Arcanine|Arcanine-Hisui, L50, M|100\/100\n|-ability|p2a: Arcanine|Intimidate|boost\n|-unboost|p1a: Iron Hands|atk|1\n|turn|6\n|\n|t:|1700517595\n|move|p2b: Urshifu|Surging Strikes|p1a: Iron Hands\n|-crit|p1a: Iron Hands\n|-damage|p1a: Iron Hands|75\/100\n|-crit|p1a: Iron Hands\n|-damage|p1a: Iron Hands|51\/100\n|-crit|p1a: Iron Hands\n|-damage|p1a: Iron Hands|26\/100\n|-hitcount|p1a: Iron Hands|3\n|move|p2a: Arcanine|Flare Blitz|p1a: Iron Hands\n|-damage|p1a: Iron Hands|0 fnt\n|faint|p1a: Iron Hands\n|-end|p1a: Iron Hands|Quark Drive|[silent]\n|-damage|p2a: Arcanine|90\/100|[from] Recoil\n|\n|win|MrRexx1511\n|c|&|\/uhtml prompt-jamahcs,jamahcs is ready for game 4!\n|inactive|MrRexx1511 has 50 seconds to confirm battle start!\n|c|&|\/uhtml prompt-mrrexx1511,MrRexx1511 is ready for game 4!\nBoth players are ready! Starting next match!\n|l|\u2606MrRexx1511\n","uploadtime":1700517994,"views":7,"p1id":"jamahcs","p2id":"mrrexx1511","formatid":"gen9vgc2023regulatione","rating":0,"private":0,"password":""}