{"id":"gen9vgc2023regulatione-1988616883","p1":"It'sJustKen VGC","p2":"Bolsa_25","format":"[Gen 9] VGC 2023 Regulation E","log":"|j|\u2606It'sJustKen VGC\n|j|\u2606Bolsa_25\n|t:|1699742413\n|gametype|doubles\n|player|p1|It'sJustKen VGC|turo|1321\n|player|p2|Bolsa_25|liza|1416\n|teamsize|p1|6\n|teamsize|p2|6\n|gen|9\n|tier|[Gen 9] VGC 2023 Regulation E\n|rated|\n|rule|Species Clause: Limit one of each Pok\u00e9mon\n|rule|Item Clause: Limit one of each item\n|clearpoke\n|poke|p1|Ting-Lu, L50|\n|poke|p1|Palafin, L50, M|\n|poke|p1|Pelipper, L50, M|\n|poke|p1|Flutter Mane, L50|\n|poke|p1|Ogerpon-Hearthflame, L50, F|\n|poke|p1|Dragonite, L50, M|\n|poke|p2|Weezing, L50, M|\n|poke|p2|Iron Hands, L50|\n|poke|p2|Ogerpon-Wellspring, L50, F|\n|poke|p2|Flutter Mane, L50|\n|poke|p2|Landorus-Therian, L50, M|\n|poke|p2|Roaring Moon, L50|\n|teampreview|4\n|inactive|Battle timer is ON: inactive players will automatically lose when time's up. (requested by It'sJustKen VGC)\n|inactive|It'sJustKen VGC has 60 seconds left.\n|inactive|Bolsa_25 has 60 seconds left.\n|inactive|It'sJustKen VGC has 30 seconds left.\n|inactive|It'sJustKen VGC has 20 seconds left.\n|inactive|It'sJustKen VGC has 15 seconds left.\n|\n|t:|1699742494\n|start\n|switch|p1a: Flutter Mane|Flutter Mane, L50|100\/100\n|switch|p1b: Dragonite|Dragonite, L50, M|100\/100\n|switch|p2a: Weezing|Weezing, L50, M|100\/100\n|switch|p2b: Flutter Mane|Flutter Mane, L50|100\/100\n|-ability|p2a: Weezing|Neutralizing Gas\n|turn|1\n|inactive|It'sJustKen VGC has 30 seconds left.\n|\n|t:|1699742529\n|move|p1b: Dragonite|Extreme Speed|p2b: Flutter Mane\n|-immune|p2b: Flutter Mane\n|move|p1a: Flutter Mane|Shadow Ball|p2b: Flutter Mane\n|-supereffective|p2b: Flutter Mane\n|-damage|p2b: Flutter Mane|21\/100\n|move|p2b: Flutter Mane|Shadow Ball|p1a: Flutter Mane\n|-supereffective|p1a: Flutter Mane\n|-enditem|p1a: Flutter Mane|Focus Sash\n|-damage|p1a: Flutter Mane|1\/100\n|move|p2a: Weezing|Will-O-Wisp|p1b: Dragonite|[miss]\n|-miss|p2a: Weezing|p1b: Dragonite\n|\n|upkeep\n|turn|2\n|inactive|Bolsa_25 has 30 seconds left.\n|\n|t:|1699742554\n|switch|p1b: Ogerpon|Ogerpon-Hearthflame, L50, F|100\/100\n|move|p1a: Flutter Mane|Dazzling Gleam|p2a: Weezing|[spread] p2a,p2b\n|-resisted|p2a: Weezing\n|-damage|p2a: Weezing|84\/100\n|-damage|p2b: Flutter Mane|0 fnt\n|faint|p2b: Flutter Mane\n|-end|p2b: Flutter Mane|Protosynthesis|[silent]\n|move|p2a: Weezing|Will-O-Wisp|p1b: Ogerpon\n|-immune|p1b: Ogerpon\n|\n|upkeep\n|\n|t:|1699742558\n|switch|p2b: Roaring Moon|Roaring Moon, L50|100\/100\n|-enditem|p2b: Roaring Moon|Booster Energy\n|-activate|p2b: Roaring Moon|ability: Protosynthesis|[fromitem]\n|-start|p2b: Roaring Moon|protosynthesisspe\n|turn|3\n|\n|t:|1699742574\n|-end|p1a: Flutter Mane|Protosynthesis|[silent]\n|switch|p1a: Ting-Lu|Ting-Lu, L50|100\/100\n|-terastallize|p1b: Ogerpon|Fire\n|detailschange|p1b: Ogerpon|Ogerpon-Hearthflame-Tera, L50, F, tera:Fire\n|move|p2b: Roaring Moon|Acrobatics|p1a: Ting-Lu\n|-damage|p1a: Ting-Lu|78\/100\n|move|p1b: Ogerpon|Ivy Cudgel|p2a: Weezing\n|-damage|p2a: Weezing|13\/100\n|-enditem|p2a: Weezing|Sitrus Berry|[eat]\n|-heal|p2a: Weezing|38\/100|[from] item: Sitrus Berry\n|move|p2a: Weezing|Taunt|p1b: Ogerpon\n|-start|p1b: Ogerpon|move: Taunt\n|\n|upkeep\n|turn|4\n|\n|t:|1699742592\n|switch|p1b: Dragonite|Dragonite, L50, M|100\/100\n|move|p2a: Weezing|Protect|p2a: Weezing\n|-singleturn|p2a: Weezing|Protect\n|move|p2b: Roaring Moon|Tailwind|p2b: Roaring Moon\n|-sidestart|p2: Bolsa_25|move: Tailwind\n|move|p1a: Ting-Lu|Stomping Tantrum|p2a: Weezing\n|-activate|p2a: Weezing|move: Protect\n|\n|upkeep\n|turn|5\n|\n|t:|1699742606\n|move|p2b: Roaring Moon|Acrobatics|p1b: Dragonite\n|-damage|p1b: Dragonite|56\/100\n|move|p2a: Weezing|Will-O-Wisp|p1a: Ting-Lu\n|-status|p1a: Ting-Lu|brn\n|move|p1b: Dragonite|Outrage|p2a: Weezing\n|-damage|p2a: Weezing|0 fnt\n|faint|p2a: Weezing\n|-end|p2a: Weezing|ability: Neutralizing Gas\n|-ability|p1a: Ting-Lu|Vessel of Ruin\n|move|p1a: Ting-Lu|Ruination|p2b: Roaring Moon\n|-damage|p2b: Roaring Moon|50\/100\n|\n|-damage|p1a: Ting-Lu|72\/100 brn|[from] brn\n|upkeep\n|\n|t:|1699742618\n|switch|p2a: Ogerpon|Ogerpon-Wellspring, L50, F|100\/100\n|turn|6\n|\n|t:|1699742631\n|-terastallize|p2b: Roaring Moon|Flying\n|move|p2b: Roaring Moon|Acrobatics|p1b: Dragonite\n|-damage|p1b: Dragonite|0 fnt\n|faint|p1b: Dragonite\n|move|p2a: Ogerpon|Ivy Cudgel|p1a: Ting-Lu\n|-supereffective|p1a: Ting-Lu\n|-crit|p1a: Ting-Lu\n|-damage|p1a: Ting-Lu|0 fnt\n|faint|p1a: Ting-Lu\n|\n|upkeep\n|\n|t:|1699742636\n|switch|p1b: Ogerpon|Ogerpon-Hearthflame-Tera, L50, F, tera:Fire|100\/100\n|switch|p1a: Flutter Mane|Flutter Mane, L50|1\/100\n|-ability|p1b: Ogerpon|Embody Aspect (Hearthflame)|boost\n|-boost|p1b: Ogerpon|atk|1\n|turn|7\n|\n|t:|1699742643\n|move|p1a: Flutter Mane|Protect|p1a: Flutter Mane\n|-singleturn|p1a: Flutter Mane|Protect\n|move|p1b: Ogerpon|Spiky Shield|p1b: Ogerpon\n|-singleturn|p1b: Ogerpon|move: Protect\n|move|p2b: Roaring Moon|Acrobatics|p1a: Flutter Mane\n|-activate|p1a: Flutter Mane|move: Protect\n|move|p2a: Ogerpon|Ivy Cudgel|p1b: Ogerpon\n|-activate|p1b: Ogerpon|move: Protect\n|\n|-sideend|p2: Bolsa_25|move: Tailwind\n|upkeep\n|turn|8\n|\n|t:|1699742652\n|move|p1b: Ogerpon|Helping Hand|p1a: Flutter Mane\n|-singleturn|p1a: Flutter Mane|Helping Hand|[of] p1b: Ogerpon\n|move|p2b: Roaring Moon|Tailwind|p2b: Roaring Moon\n|-sidestart|p2: Bolsa_25|move: Tailwind\n|move|p2a: Ogerpon|Ivy Cudgel|p1b: Ogerpon\n|-supereffective|p1b: Ogerpon\n|-crit|p1b: Ogerpon\n|-damage|p1b: Ogerpon|0 fnt\n|faint|p1b: Ogerpon\n|move|p1a: Flutter Mane|Dazzling Gleam|p2a: Ogerpon|[spread] p2a,p2b\n|-damage|p2a: Ogerpon|53\/100\n|-damage|p2b: Roaring Moon|5\/100\n|\n|upkeep\n|turn|9\n|\n|t:|1699742663\n|move|p2b: Roaring Moon|Acrobatics|p1a: Flutter Mane\n|-damage|p1a: Flutter Mane|0 fnt\n|faint|p1a: Flutter Mane\n|-end|p1a: Flutter Mane|Protosynthesis|[silent]\n|\n|win|Bolsa_25\n|raw|It&apos;sJustKen VGC's rating: 1321 &rarr; <strong>1306<\/strong><br \/>(-15 for losing)\n|raw|Bolsa_25's rating: 1416 &rarr; <strong>1431<\/strong><br \/>(+15 for winning)\n|c|\u2606It'sJustKen VGC|gg wp\n","uploadtime":1699742675,"views":11,"p1id":"itsjustkenvgc","p2id":"bolsa25","formatid":"gen9vgc2023regulatione","rating":1306,"private":0,"password":""}