{"id":"gen9vgc2023regulatione-1989445707","p1":"5Sscreen","p2":"yera castelan","format":"[Gen 9] VGC 2023 Regulation E","log":"|j|\u26065Sscreen\n|j|\u2606yera castelan\n|t:|1699851589\n|gametype|doubles\n|player|p1|5Sscreen|pokekid|1220\n|player|p2|yera castelan|266|1292\n|teamsize|p1|6\n|teamsize|p2|6\n|gen|9\n|tier|[Gen 9] VGC 2023 Regulation E\n|rated|\n|rule|Species Clause: Limit one of each Pok\u00e9mon\n|rule|Item Clause: Limit one of each item\n|clearpoke\n|poke|p1|Annihilape, L50, F|\n|poke|p1|Sinistcha, L50|\n|poke|p1|Grimmsnarl, L50, M|\n|poke|p1|Landorus-Therian, L50, M|\n|poke|p1|Bellibolt, L50, M|\n|poke|p1|Corviknight, L50, M|\n|poke|p2|Gastrodon, L50, F|\n|poke|p2|Ceruledge, L50, M|\n|poke|p2|Chien-Pao, L50|\n|poke|p2|Moltres-Galar, L50|\n|poke|p2|Landorus-Therian, L50, M|\n|poke|p2|Ursaluna-Bloodmoon, L50, M|\n|teampreview|4\n|\n|t:|1699851656\n|start\n|switch|p1a: Grimmsnarl|Grimmsnarl, L50, M, shiny|100\/100\n|switch|p1b: Annihilape|Annihilape, L50, F|100\/100\n|switch|p2a: Ceruledge|Ceruledge, L50, M|100\/100\n|switch|p2b: Ursaluna|Ursaluna-Bloodmoon, L50, M|100\/100\n|turn|1\n|\n|t:|1699851689\n|-terastallize|p2a: Ceruledge|Steel\n|move|p1b: Annihilape|Protect|p1b: Annihilape\n|-singleturn|p1b: Annihilape|Protect\n|move|p1a: Grimmsnarl|Light Screen|p1a: Grimmsnarl\n|-sidestart|p1: 5Sscreen|move: Light Screen\n|move|p2a: Ceruledge|Tera Blast|p1a: Grimmsnarl|[anim] Tera Blast Steel\n|-supereffective|p1a: Grimmsnarl\n|-crit|p1a: Grimmsnarl\n|-damage|p1a: Grimmsnarl|0 fnt\n|faint|p1a: Grimmsnarl\n|move|p2b: Ursaluna|Hyper Voice|p1b: Annihilape\n|-activate|p1b: Annihilape|move: Protect\n|\n|upkeep\n|\n|t:|1699851700\n|switch|p1a: Landorus|Landorus-Therian, L50, M|100\/100\n|-ability|p1a: Landorus|Intimidate|boost\n|-fail|p2a: Ceruledge|unboost|[from] item: Clear Amulet|[of] p2a: Ceruledge\n|-unboost|p2b: Ursaluna|atk|1\n|turn|2\n|\n|t:|1699851720\n|move|p2a: Ceruledge|Shadow Sneak|p1b: Annihilape\n|-supereffective|p1b: Annihilape\n|-damage|p1b: Annihilape|56\/100\n|move|p1a: Landorus|Stomping Tantrum|p2a: Ceruledge\n|-supereffective|p2a: Ceruledge\n|-crit|p2a: Ceruledge\n|-damage|p2a: Ceruledge|0 fnt\n|faint|p2a: Ceruledge\n|move|p1b: Annihilape|Drain Punch|p2b: Ursaluna\n|-supereffective|p2b: Ursaluna\n|-damage|p2b: Ursaluna|48\/100\n|-heal|p1b: Annihilape|84\/100|[from] drain|[of] p2b: Ursaluna\n|move|p2b: Ursaluna|Blood Moon|p1b: Annihilape\n|-damage|p1b: Annihilape|25\/100\n|-damage|p2b: Ursaluna|39\/100|[from] item: Life Orb\n|\n|-heal|p1b: Annihilape|31\/100|[from] item: Leftovers\n|upkeep\n|\n|t:|1699851736\n|switch|p2a: Moltres|Moltres-Galar, L50|100\/100\n|turn|3\n|\n|t:|1699851755\n|move|p1b: Annihilape|Protect|p1b: Annihilape\n|-singleturn|p1b: Annihilape|Protect\n|move|p1a: Landorus|Stomping Tantrum|p2b: Ursaluna\n|-damage|p2b: Ursaluna|9\/100\n|move|p2a: Moltres|Fiery Wrath|p1a: Landorus|[spread] p1a\n|-activate|p1b: Annihilape|move: Protect\n|-damage|p1a: Landorus|77\/100\n|move|p2b: Ursaluna|Hyper Voice|p1a: Landorus|[spread] p1a\n|-activate|p1b: Annihilape|move: Protect\n|-damage|p1a: Landorus|37\/100\n|-damage|p2b: Ursaluna|0 fnt|[from] item: Life Orb\n|faint|p2b: Ursaluna\n|\n|-heal|p1b: Annihilape|37\/100|[from] item: Leftovers\n|upkeep\n|\n|t:|1699851770\n|switch|p2b: Gastrodon|Gastrodon, L50, F|100\/100\n|turn|4\n|\n|t:|1699851787\n|switch|p1a: Sinistcha|Sinistcha, L50|100\/100\n|-heal|p1b: Annihilape|62\/100|[from] ability: Hospitality|[of] p1a: Sinistcha\n|-terastallize|p1b: Annihilape|Fire\n|move|p2a: Moltres|Air Slash|p1b: Annihilape\n|-damage|p1b: Annihilape|45\/100\n|move|p1b: Annihilape|Drain Punch|p2a: Moltres\n|-damage|p2a: Moltres|70\/100\n|-heal|p1b: Annihilape|59\/100|[from] drain|[of] p2a: Moltres\n|move|p2b: Gastrodon|Icy Wind|p1a: Sinistcha|[spread] p1a,p1b\n|-supereffective|p1a: Sinistcha\n|-resisted|p1b: Annihilape\n|-damage|p1a: Sinistcha|87\/100\n|-damage|p1b: Annihilape|56\/100\n|-unboost|p1a: Sinistcha|spe|1\n|-unboost|p1b: Annihilape|spe|1\n|-ability|p1b: Annihilape|Defiant|boost\n|-boost|p1b: Annihilape|atk|2\n|\n|-heal|p1b: Annihilape|63\/100|[from] item: Leftovers\n|upkeep\n|turn|5\n|\n|t:|1699851819\n|move|p2a: Moltres|Protect|p2a: Moltres\n|-singleturn|p2a: Moltres|Protect\n|move|p1a: Sinistcha|Rage Powder|p1a: Sinistcha\n|-singleturn|p1a: Sinistcha|move: Rage Powder\n|move|p1b: Annihilape|Rage Fist|p2b: Gastrodon\n|-damage|p2b: Gastrodon|0 fnt\n|faint|p2b: Gastrodon\n|\n|-heal|p1b: Annihilape|69\/100|[from] item: Leftovers\n|upkeep\n|turn|6\n|-message|yera castelan forfeited.\n|\n|win|5Sscreen\n|raw|5Sscreen's rating: 1220 &rarr; <strong>1250<\/strong><br \/>(+30 for winning)\n|raw|yera castelan's rating: 1292 &rarr; <strong>1262<\/strong><br \/>(-30 for losing)\n|l|\u2606yera castelan\n","uploadtime":1699851831,"views":17,"p1id":"5sscreen","p2id":"yeracastelan","formatid":"gen9vgc2023regulatione","rating":1250,"private":0,"password":""}