{"id":"gen9vgc2023regulatione-1988430485","p1":"LegendVGC","p2":"Everybo-D","format":"[Gen 9] VGC 2023 Regulation E","log":"|j|\u2606LegendVGC\n|j|\u2606Everybo-D\n|n|\u2606LegendVGC|legendvgc\n|n|\u2606Everybo-D|everybod\n|html|View the match progress at <a href=\"\/game-bestof3-gen9vgc2023regulatione-1988430484\">game-bestof3-gen9vgc2023regulatione-1988430484<\/a>\n|t:|1699722134\n|gametype|doubles\n|player|p1|LegendVGC|102|\n|player|p2|Everybo-D|265|\n|teamsize|p1|6\n|teamsize|p2|6\n|gen|9\n|tier|[Gen 9] VGC 2023 Regulation E\n|rule|Species Clause: Limit one of each Pok\u00e9mon\n|rule|Item Clause: Limit one of each item\n|clearpoke\n|poke|p1|Toxapex, L50, M|\n|poke|p1|Revavroom, L50, F|\n|poke|p1|Articuno-Galar, L50|\n|poke|p1|Regidrago, L50|\n|poke|p1|Sneasler, L50, F|\n|poke|p1|Tauros-Paldea-Aqua, L50, M|\n|poke|p2|Iron Bundle, L50|\n|poke|p2|Thundurus, L50, M|\n|poke|p2|Arcanine, L50, M|\n|poke|p2|Tyranitar, L50, F|\n|poke|p2|Landorus, L50, M|\n|poke|p2|Hariyama, L50, M|\n|teampreview|4\n|c|\u2606Everybo-D|Hf\n|c|\u2606LegendVGC|gl\nLegendVGC rejected open team sheets.\n|\n|t:|1699722202\n|start\n|switch|p1a: Sneasler|Sneasler, L50, F|100\/100\n|switch|p1b: Articuno|Articuno-Galar, L50|100\/100\n|switch|p2a: Hung|Arcanine, L50, M|100\/100\n|switch|p2b: FlyingFortress|Landorus, L50, M|100\/100\n|-ability|p2a: Hung|Intimidate|boost\n|-unboost|p1a: Sneasler|atk|1\n|-unboost|p1b: Articuno|atk|1\n|-ability|p1b: Articuno|Competitive|boost\n|-boost|p1b: Articuno|spa|2\n|-enditem|p2b: FlyingFortress|Mirror Herb\n|-boost|p2b: FlyingFortress|spa|2|[from] item: Mirror Herb\n|turn|1\n|\n|t:|1699722226\n|move|p2b: FlyingFortress|Protect|p2b: FlyingFortress\n|-singleturn|p2b: FlyingFortress|Protect\n|move|p1a: Sneasler|Fake Out|p2b: FlyingFortress\n|-activate|p2b: FlyingFortress|move: Protect\n|move|p2a: Hung|Scary Face|p1b: Articuno\n|-unboost|p1b: Articuno|spe|2\n|-ability|p1b: Articuno|Competitive|boost\n|-boost|p1b: Articuno|spa|2\n|move|p1b: Articuno|Trick Room|p1b: Articuno\n|-fieldstart|move: Trick Room|[of] p1b: Articuno\n|-enditem|p1b: Articuno|Room Service\n|-unboost|p1b: Articuno|spe|1|[from] item: Room Service\n|\n|upkeep\n|turn|2\n|c|\u2606Everybo-D|...oh shite\n|c|\u2606LegendVGC|lmao\n|\n|t:|1699722310\n|switch|p2a: Bloon Impact|Tyranitar, L50, F|100\/100\n|-weather|Sandstorm|[from] ability: Sand Stream|[of] p2a: Bloon Impact\n|-terastallize|p2b: FlyingFortress|Steel\n|move|p1b: Articuno|Air Slash|p2b: FlyingFortress\n|-resisted|p2b: FlyingFortress\n|-damage|p2b: FlyingFortress|23\/100\n|move|p1a: Sneasler|Dire Claw|p2a: Bloon Impact\n|-resisted|p2a: Bloon Impact\n|-damage|p2a: Bloon Impact|90\/100\n|-status|p2a: Bloon Impact|psn\n|move|p2b: FlyingFortress|Weather Ball|p1b: Articuno\n|-supereffective|p1b: Articuno\n|-damage|p1b: Articuno|0 fnt\n|faint|p1b: Articuno\n|\n|-weather|Sandstorm|[upkeep]\n|-damage|p1a: Sneasler|95\/100|[from] Sandstorm\n|-damage|p2a: Bloon Impact|78\/100 psn|[from] psn\n|upkeep\n|\n|t:|1699722325\n|switch|p1b: Regidrago|Regidrago, L50|100\/100\n|turn|3\n|\n|t:|1699722354\n|-terastallize|p1b: Regidrago|Dragon\n|move|p2a: Bloon Impact|Protect|p2a: Bloon Impact\n|-singleturn|p2a: Bloon Impact|Protect\n|move|p1a: Sneasler|Close Combat|p2a: Bloon Impact\n|-activate|p2a: Bloon Impact|move: Protect\n|move|p1b: Regidrago|Dragon Energy|p2a: Bloon Impact|[spread] p2b\n|-activate|p2a: Bloon Impact|move: Protect\n|-resisted|p2b: FlyingFortress\n|-damage|p2b: FlyingFortress|0 fnt\n|faint|p2b: FlyingFortress\n|\n|-weather|Sandstorm|[upkeep]\n|-damage|p1a: Sneasler|89\/100|[from] Sandstorm\n|-damage|p1b: Regidrago|94\/100|[from] Sandstorm\n|-damage|p2a: Bloon Impact|66\/100 psn|[from] psn\n|upkeep\n|\n|t:|1699722372\n|switch|p2b: Greyy|Thundurus, L50, M|100\/100\n|turn|4\n|\n|t:|1699722382\n|move|p2b: Greyy|Eerie Impulse|p1b: Regidrago\n|-unboost|p1b: Regidrago|spa|2\n|move|p1a: Sneasler|Close Combat|p2a: Bloon Impact\n|-supereffective|p2a: Bloon Impact\n|-enditem|p2a: Bloon Impact|Chople Berry|[eat]\n|-enditem|p2a: Bloon Impact|Chople Berry|[weaken]\n|-damage|p2a: Bloon Impact|0 fnt\n|-unboost|p1a: Sneasler|def|1\n|-unboost|p1a: Sneasler|spd|1\n|faint|p2a: Bloon Impact\n|move|p1b: Regidrago|Dragon Energy|p2b: Greyy\n|-damage|p2b: Greyy|26\/100\n|\n|-weather|Sandstorm|[upkeep]\n|-damage|p1a: Sneasler|83\/100|[from] Sandstorm\n|-damage|p1b: Regidrago|88\/100|[from] Sandstorm\n|-damage|p2b: Greyy|20\/100|[from] Sandstorm\n|-enditem|p2b: Greyy|Aguav Berry|[eat]\n|-heal|p2b: Greyy|54\/100|[from] item: Aguav Berry\n|upkeep\n|\n|t:|1699722397\n|switch|p2a: Hung|Arcanine, L50, M|100\/100\n|-ability|p2a: Hung|Intimidate|boost\n|-unboost|p1a: Sneasler|atk|1\n|-unboost|p1b: Regidrago|atk|1\n|turn|5\n|\n|t:|1699722454\n|switch|p1b: Tauros|Tauros-Paldea-Aqua, L50, M|100\/100\n|-ability|p1b: Tauros|Intimidate|boost\n|-unboost|p2a: Hung|atk|1\n|-unboost|p2b: Greyy|atk|1\n|move|p2b: Greyy|Eerie Impulse|p1b: Tauros\n|-unboost|p1b: Tauros|spa|2\n|move|p1a: Sneasler|Dire Claw|p2b: Greyy\n|-damage|p2b: Greyy|28\/100\n|move|p2a: Hung|Flare Blitz|p1a: Sneasler\n|-damage|p1a: Sneasler|19\/100\n|-damage|p2a: Hung|80\/100|[from] Recoil\n|\n|-weather|Sandstorm|[upkeep]\n|-damage|p1a: Sneasler|13\/100|[from] Sandstorm\n|-damage|p1b: Tauros|94\/100|[from] Sandstorm\n|-damage|p2b: Greyy|22\/100|[from] Sandstorm\n|-damage|p2a: Hung|74\/100|[from] Sandstorm\n|-fieldend|move: Trick Room\n|upkeep\n|turn|6\n|\n|t:|1699722484\n|switch|p1a: Regidrago|Regidrago, L50, tera:Dragon|88\/100\n|move|p2a: Hung|Play Rough|p1a: Regidrago\n|-supereffective|p1a: Regidrago\n|-damage|p1a: Regidrago|58\/100\n|move|p2b: Greyy|Thunderbolt|p1b: Tauros\n|-supereffective|p1b: Tauros\n|-damage|p1b: Tauros|32\/100\n|move|p1b: Tauros|Raging Bull|p2b: Greyy\n|-damage|p2b: Greyy|0 fnt\n|faint|p2b: Greyy\n|\n|-weather|none\n|upkeep\n|turn|7\n|\n|t:|1699722498\n|move|p2a: Hung|Play Rough|p1b: Tauros\n|-supereffective|p1b: Tauros\n|-damage|p1b: Tauros|3\/100\n|-unboost|p1b: Tauros|atk|1\n|move|p1b: Tauros|Raging Bull|p2a: Hung\n|-supereffective|p2a: Hung\n|-damage|p2a: Hung|12\/100\n|move|p1a: Regidrago|Earth Power|p2a: Hung\n|-supereffective|p2a: Hung\n|-damage|p2a: Hung|0 fnt\n|faint|p2a: Hung\n|\n|win|LegendVGC\n|c|&|\/uhtml prompt-everybod,Everybo-D is ready for game 2!\n|inactive|LegendVGC has 50 seconds to confirm battle start!\n|c|&|\/uhtml prompt-legendvgc,LegendVGC is ready for game 2!\nBoth players are ready! Starting next match!\n|player|p1|LegendVGC|102\n|l|\u2606Everybo-D\n","uploadtime":1699723339,"views":33,"p1id":"legendvgc","p2id":"everybod","formatid":"gen9vgc2023regulatione","rating":0,"private":0,"password":""}