{"id":"gen9vgc2023regulatione-1988620980","p1":"TSUKI9669","p2":"Steve9999","format":"[Gen 9] VGC 2023 Regulation E","log":"|j|\u2606TSUKI9669\n|j|\u2606Steve9999\n|t:|1699742873\n|gametype|doubles\n|player|p1|TSUKI9669|bellelba|1147\n|player|p2|Steve9999|170|1137\n|teamsize|p1|6\n|teamsize|p2|6\n|gen|9\n|tier|[Gen 9] VGC 2023 Regulation E\n|rated|\n|rule|Species Clause: Limit one of each Pok\u00e9mon\n|rule|Item Clause: Limit one of each item\n|clearpoke\n|poke|p1|Mimikyu, L50, M|\n|poke|p1|Weezing, L50, F|\n|poke|p1|Ursaluna-Bloodmoon, L50, M|\n|poke|p1|Regieleki, L50|\n|poke|p1|Slaking, L50, M|\n|poke|p1|Grimmsnarl, L50, M|\n|poke|p2|Chi-Yu, L50|\n|poke|p2|Flutter Mane, L50|\n|poke|p2|Iron Hands, L50|\n|poke|p2|Tornadus, L50, M|\n|poke|p2|Landorus-Therian, L50, M|\n|poke|p2|Ogerpon-Wellspring, L50, F|\n|teampreview|4\n|inactive|Battle timer is ON: inactive players will automatically lose when time's up. (requested by TSUKI9669)\n|inactive|Steve9999 has 60 seconds left.\n|inactive|Steve9999 has 30 seconds left.\n|inactive|Steve9999 has 20 seconds left.\n|\n|t:|1699742945\n|start\n|switch|p1a: Grimmsnarl|Grimmsnarl, L50, M|100\/100\n|switch|p1b: Mimikyu|Mimikyu, L50, M|100\/100\n|switch|p2a: Iron Hands|Iron Hands, L50, shiny|100\/100\n|switch|p2b: Landorus|Landorus-Therian, L50, M|100\/100\n|-ability|p2b: Landorus|Intimidate|boost\n|-unboost|p1a: Grimmsnarl|atk|1\n|-unboost|p1b: Mimikyu|atk|1\n|turn|1\n|inactive|Steve9999 has 30 seconds left.\n|\n|t:|1699742980\n|move|p1a: Grimmsnarl|Fake Out|p2a: Iron Hands\n|-damage|p2a: Iron Hands|95\/100\n|move|p2b: Landorus|Rock Slide|p1b: Mimikyu|[spread] p1a,p1b\n|-damage|p1a: Grimmsnarl|75\/100\n|-activate|p1b: Mimikyu|ability: Disguise\n|-damage|p1b: Mimikyu|100\/100\n|detailschange|p1b: Mimikyu|Mimikyu-Busted, L50, M\n|-damage|p1b: Mimikyu|88\/100|[from] pokemon: Mimikyu-Busted\n|cant|p2a: Iron Hands|flinch\n|cant|p1b: Mimikyu|flinch\n|\n|upkeep\n|turn|2\n|\n|t:|1699742998\n|switch|p1b: Weezing|Weezing, L50, F|100\/100\n|-ability|p1b: Weezing|Neutralizing Gas\n|move|p2b: Landorus|Rock Slide|p1b: Weezing|[spread] p1a,p1b\n|-damage|p1a: Grimmsnarl|44\/100\n|-damage|p1b: Weezing|81\/100\n|move|p1a: Grimmsnarl|Spirit Break|p2a: Iron Hands\n|-supereffective|p2a: Iron Hands\n|-crit|p2a: Iron Hands\n|-damage|p2a: Iron Hands|28\/100\n|-unboost|p2a: Iron Hands|spa|1\n|move|p2a: Iron Hands|Heavy Slam|p1a: Grimmsnarl\n|-supereffective|p1a: Grimmsnarl\n|-damage|p1a: Grimmsnarl|0 fnt\n|faint|p1a: Grimmsnarl\n|\n|upkeep\n|\n|t:|1699743018\n|switch|p1a: Mimikyu|Mimikyu-Busted, L50, M|88\/100\n|turn|3\n|\n|t:|1699743031\n|move|p2b: Landorus|Rock Slide|p1b: Weezing|[spread] p1a,p1b\n|-damage|p1a: Mimikyu|62\/100\n|-damage|p1b: Weezing|62\/100\n|move|p1a: Mimikyu|Will-O-Wisp|p2a: Iron Hands|[miss]\n|-miss|p1a: Mimikyu|p2a: Iron Hands\n|cant|p1b: Weezing|flinch\n|move|p2a: Iron Hands|Drain Punch|p1b: Weezing\n|-resisted|p1b: Weezing\n|-damage|p1b: Weezing|46\/100\n|-heal|p2a: Iron Hands|33\/100|[from] drain|[of] p1b: Weezing\n|\n|upkeep\n|turn|4\n|\n|t:|1699743052\n|switch|p2b: Flutter Mane|Flutter Mane, L50, shiny|100\/100\n|-end|p2a: Iron Hands|Quark Drive|[silent]\n|switch|p2a: Chi-Yu|Chi-Yu, L50|100\/100\n|move|p1b: Weezing|Explosion|p2b: Flutter Mane|[spread] p2a\n|-immune|p1a: Mimikyu\n|-immune|p2b: Flutter Mane\n|-enditem|p2a: Chi-Yu|Focus Sash\n|-damage|p2a: Chi-Yu|1\/100\n|faint|p1b: Weezing\n|-end|p1b: Weezing|ability: Neutralizing Gas\n|-ability|p2a: Chi-Yu|Beads of Ruin\n|move|p1a: Mimikyu|Trick Room|p1a: Mimikyu\n|-fieldstart|move: Trick Room|[of] p1a: Mimikyu\n|\n|upkeep\n|\n|t:|1699743062\n|switch|p1b: Ursaluna|Ursaluna-Bloodmoon, L50, M|100\/100\n|turn|5\n|inactive|Steve9999 has 30 seconds left.\n|inactive|Steve9999 has 20 seconds left.\n|\n|t:|1699743101\n|-end|p2b: Flutter Mane|Protosynthesis|[silent]\n|switch|p2b: Landorus|Landorus-Therian, L50, M|100\/100\n|-ability|p2b: Landorus|Intimidate|boost\n|-unboost|p1a: Mimikyu|atk|1\n|-unboost|p1b: Ursaluna|atk|1\n|-terastallize|p1b: Ursaluna|Ghost\n|move|p1a: Mimikyu|Shadow Sneak|p1b: Ursaluna\n|-supereffective|p1b: Ursaluna\n|-damage|p1b: Ursaluna|91\/100\n|-enditem|p1b: Ursaluna|Weakness Policy\n|-boost|p1b: Ursaluna|atk|2|[from] item: Weakness Policy\n|-boost|p1b: Ursaluna|spa|2|[from] item: Weakness Policy\n|move|p1b: Ursaluna|Hyper Voice|p2b: Landorus|[spread] p2a,p2b\n|-damage|p2a: Chi-Yu|0 fnt\n|-damage|p2b: Landorus|0 fnt\n|faint|p2a: Chi-Yu\n|faint|p2b: Landorus\n|\n|upkeep\n|\n|t:|1699743115\n|switch|p2a: Iron Hands|Iron Hands, L50, shiny|33\/100\n|switch|p2b: Flutter Mane|Flutter Mane, L50, shiny|100\/100\n|turn|6\n|\n|t:|1699743136\n|-terastallize|p2b: Flutter Mane|Fairy\n|move|p1a: Mimikyu|Shadow Sneak|p2b: Flutter Mane\n|-damage|p2b: Flutter Mane|82\/100\n|move|p1b: Ursaluna|Hyper Voice|p2a: Iron Hands|[spread] p2a,p2b\n|-damage|p2a: Iron Hands|0 fnt\n|-damage|p2b: Flutter Mane|0 fnt\n|faint|p2a: Iron Hands\n|-end|p2a: Iron Hands|Quark Drive|[silent]\n|faint|p2b: Flutter Mane\n|-end|p2b: Flutter Mane|Protosynthesis|[silent]\n|\n|win|TSUKI9669\n|raw|TSUKI9669's rating: 1147 &rarr; <strong>1171<\/strong><br \/>(+24 for winning)\n|raw|Steve9999's rating: 1137 &rarr; <strong>1113<\/strong><br \/>(-24 for losing)\n|l|\u2606TSUKI9669\n","uploadtime":1699743147,"views":10,"p1id":"tsuki9669","p2id":"steve9999","formatid":"gen9vgc2023regulatione","rating":1113,"private":0,"password":""}