{"id":"gen9vgc2023regulatione-1995242977","p1":"That_Leek","p2":"caZISA","format":"[Gen 9] VGC 2023 Regulation E","log":"|j|\u2606That_Leek\n|j|\u2606caZISA\n|t:|1700539124\n|gametype|doubles\n|player|p1|That_Leek|blue|1468\n|player|p2|caZISA|red|1564\n|teamsize|p1|6\n|teamsize|p2|6\n|gen|9\n|tier|[Gen 9] VGC 2023 Regulation E\n|rated|\n|rule|Species Clause: Limit one of each Pok\u00e9mon\n|rule|Item Clause: Limit one of each item\n|clearpoke\n|poke|p1|Gholdengo, L50|\n|poke|p1|Ogerpon-Wellspring, L50, F|\n|poke|p1|Arcanine-Hisui, L50, F|\n|poke|p1|Chien-Pao, L50|\n|poke|p1|Scream Tail, L50|\n|poke|p1|Dragonite, L50, M|\n|poke|p2|Ogerpon, L50, F|\n|poke|p2|Tyranitar, L50, M|\n|poke|p2|Talonflame, L50, M|\n|poke|p2|Gastrodon, L50, F|\n|poke|p2|Gholdengo, L50|\n|poke|p2|Clefairy, L50, F|\n|teampreview|4\n|inactive|Battle timer is ON: inactive players will automatically lose when time's up. (requested by caZISA)\nThat_Leek has agreed to open team sheets.\n|\n|t:|1700539177\n|start\n|switch|p1a: Ogerpon|Ogerpon-Wellspring, L50, F|100\/100\n|switch|p1b: Gholdengo|Gholdengo, L50|100\/100\n|switch|p2a: Airazor|Talonflame, L50, M|100\/100\n|switch|p2b: godzilla|Tyranitar, L50, M, shiny|100\/100\n|-weather|Sandstorm|[from] ability: Sand Stream|[of] p2b: godzilla\n|turn|1\n|\n|t:|1700539194\n|switch|p2a: Burpy|Gastrodon, L50, F|100\/100\n|move|p1b: Gholdengo|Protect|p1b: Gholdengo\n|-singleturn|p1b: Gholdengo|Protect\n|move|p1a: Ogerpon|Ivy Cudgel|p2a: Burpy|[anim] Ivy Cudgel Water\n|-ability|p2a: Burpy|Storm Drain|boost\n|-boost|p2a: Burpy|spa|1\n|move|p2b: godzilla|Knock Off|p1b: Gholdengo\n|-activate|p1b: Gholdengo|move: Protect\n|\n|-weather|Sandstorm|[upkeep]\n|-damage|p1a: Ogerpon|95\/100|[from] Sandstorm\n|upkeep\n|turn|2\n|\n|t:|1700539204\n|switch|p1b: Arcanine|Arcanine-Hisui, L50, F|100\/100\n|-ability|p1b: Arcanine|Intimidate|boost\n|-unboost|p2a: Burpy|atk|1\n|-unboost|p2b: godzilla|atk|1\n|-terastallize|p2a: Burpy|Fire\n|move|p1a: Ogerpon|Horn Leech|p2a: Burpy\n|-resisted|p2a: Burpy\n|-damage|p2a: Burpy|82\/100\n|-heal|p1a: Ogerpon|100\/100|[from] drain|[of] p2a: Burpy\n|move|p2b: godzilla|Knock Off|p1b: Arcanine\n|-damage|p1b: Arcanine|52\/100\n|-enditem|p1b: Arcanine|Choice Band|[from] move: Knock Off|[of] p2b: godzilla\n|move|p2a: Burpy|Earth Power|p1b: Arcanine\n|-supereffective|p1b: Arcanine\n|-damage|p1b: Arcanine|0 fnt\n|faint|p1b: Arcanine\n|\n|-weather|Sandstorm|[upkeep]\n|-damage|p1a: Ogerpon|95\/100|[from] Sandstorm\n|-damage|p2a: Burpy|76\/100|[from] Sandstorm\n|upkeep\n|\n|t:|1700539210\n|switch|p1b: Chien-Pao|Chien-Pao, L50|100\/100\n|-ability|p1b: Chien-Pao|Sword of Ruin\n|turn|3\n|\n|t:|1700539223\n|switch|p2b: Golden boy|Gholdengo, L50|100\/100\n|move|p1b: Chien-Pao|Sacred Sword|p2b: Golden boy\n|-immune|p2b: Golden boy\n|move|p1a: Ogerpon|Horn Leech|p2a: Burpy\n|-resisted|p2a: Burpy\n|-damage|p2a: Burpy|49\/100\n|-heal|p1a: Ogerpon|100\/100|[from] drain|[of] p2a: Burpy\n|-enditem|p2a: Burpy|Sitrus Berry|[eat]\n|-heal|p2a: Burpy|74\/100|[from] item: Sitrus Berry\n|move|p2a: Burpy|Earth Power|p1b: Chien-Pao\n|-damage|p1b: Chien-Pao|30\/100\n|\n|-weather|Sandstorm|[upkeep]\n|-damage|p1b: Chien-Pao|24\/100|[from] Sandstorm\n|-damage|p1a: Ogerpon|95\/100|[from] Sandstorm\n|-damage|p2a: Burpy|67\/100|[from] Sandstorm\n|upkeep\n|turn|4\n|\n|t:|1700539239\n|move|p2b: Golden boy|Protect|p2b: Golden boy\n|-singleturn|p2b: Golden boy|Protect\n|move|p1b: Chien-Pao|Sacred Sword|p2a: Burpy\n|-damage|p2a: Burpy|33\/100\n|move|p1a: Ogerpon|Horn Leech|p2a: Burpy\n|-resisted|p2a: Burpy\n|-damage|p2a: Burpy|8\/100\n|-heal|p1a: Ogerpon|100\/100|[from] drain|[of] p2a: Burpy\n|move|p2a: Burpy|Recover|p2a: Burpy\n|-heal|p2a: Burpy|58\/100\n|\n|-weather|Sandstorm|[upkeep]\n|-damage|p1b: Chien-Pao|19\/100|[from] Sandstorm\n|-damage|p1a: Ogerpon|95\/100|[from] Sandstorm\n|-damage|p2a: Burpy|51\/100|[from] Sandstorm\n|upkeep\n|turn|5\n|inactive|That_Leek has 30 seconds left.\n|\n|t:|1700539265\n|switch|p2b: Airazor|Talonflame, L50, M|100\/100\n|move|p1b: Chien-Pao|Sucker Punch|p2a: Burpy\n|-damage|p2a: Burpy|8\/100\n|move|p1a: Ogerpon|Horn Leech|p2a: Burpy\n|-resisted|p2a: Burpy\n|-damage|p2a: Burpy|0 fnt\n|-heal|p1a: Ogerpon|99\/100|[from] drain|[of] p2a: Burpy\n|faint|p2a: Burpy\n|\n|-weather|none\n|upkeep\n|\n|t:|1700539276\n|switch|p2a: Golden boy|Gholdengo, L50|100\/100\n|turn|6\n|inactive|That_Leek has 30 seconds left.\n|inactive|That_Leek has 20 seconds left.\n|inactive|That_Leek has 15 seconds left.\n|inactive|That_Leek has 10 seconds left.\n|inactive|That_Leek has 5 seconds left.\n|\n|t:|1700539330\n|switch|p2a: godzilla|Tyranitar, L50, M, shiny|100\/100\n|-weather|Sandstorm|[from] ability: Sand Stream|[of] p2a: godzilla\n|move|p1b: Chien-Pao|Protect|p1b: Chien-Pao\n|-singleturn|p1b: Chien-Pao|Protect\n|move|p2b: Airazor|Will-O-Wisp|p1a: Ogerpon|[miss]\n|-miss|p2b: Airazor|p1a: Ogerpon\n|move|p1a: Ogerpon|Ivy Cudgel|p2b: Airazor|[anim] Ivy Cudgel Water\n|-supereffective|p2b: Airazor\n|-damage|p2b: Airazor|0 fnt\n|faint|p2b: Airazor\n|\n|-weather|Sandstorm|[upkeep]\n|-damage|p1b: Chien-Pao|13\/100|[from] Sandstorm\n|-damage|p1a: Ogerpon|93\/100|[from] Sandstorm\n|upkeep\n|\n|t:|1700539337\n|switch|p2b: Golden boy|Gholdengo, L50|100\/100\n|turn|7\n|\n|t:|1700539347\n|-terastallize|p1a: Ogerpon|Water\n|detailschange|p1a: Ogerpon|Ogerpon-Wellspring-Tera, L50, F, tera:Water\n|-ability|p1a: Ogerpon|Embody Aspect (Wellspring)|boost\n|-boost|p1a: Ogerpon|spd|1\n|move|p1b: Chien-Pao|Sacred Sword|p2a: godzilla\n|-supereffective|p2a: godzilla\n|-damage|p2a: godzilla|0 fnt\n|faint|p2a: godzilla\n|move|p2b: Golden boy|Make It Rain|p1b: Chien-Pao|[spread] p1a,p1b\n|-resisted|p1a: Ogerpon\n|-supereffective|p1b: Chien-Pao\n|-crit|p1b: Chien-Pao\n|-damage|p1a: Ogerpon|79\/100\n|-damage|p1b: Chien-Pao|0 fnt\n|-unboost|p2b: Golden boy|spa|1\n|faint|p1b: Chien-Pao\n|move|p1a: Ogerpon|Ivy Cudgel|p2b: Golden boy|[anim] Ivy Cudgel Water\n|-damage|p2b: Golden boy|21\/100\n|\n|-weather|Sandstorm|[upkeep]\n|-damage|p1a: Ogerpon|73\/100|[from] Sandstorm\n|-heal|p2b: Golden boy|27\/100|[from] item: Leftovers\n|upkeep\n|-message|caZISA forfeited.\n|\n|win|That_Leek\n|raw|That_Leek's rating: 1445 &rarr; <strong>1472<\/strong><br \/>(+27 for winning)\n|raw|caZISA's rating: 1564 &rarr; <strong>1537<\/strong><br \/>(-27 for losing)\n|l|\u2606caZISA\n","uploadtime":1700539356,"views":4,"p1id":"thatleek","p2id":"cazisa","formatid":"gen9vgc2023regulatione","rating":1472,"private":0,"password":""}