{"id":"gen9vgc2023regulatione-1997898795","p1":"CharlienoB","p2":"appeljuice28","format":"[Gen 9] VGC 2023 Regulation E","log":"|j|\u2606CharlienoB\n|j|\u2606appeljuice28\n|t:|1700865119\n|gametype|doubles\n|player|p1|CharlienoB|169|1044\n|player|p2|appeljuice28|1|1119\n|teamsize|p1|6\n|teamsize|p2|6\n|gen|9\n|tier|[Gen 9] VGC 2023 Regulation E\n|rated|\n|rule|Species Clause: Limit one of each Pok\u00e9mon\n|rule|Item Clause: Limit one of each item\n|clearpoke\n|poke|p1|Gallade, L50, M|\n|poke|p1|Armarouge, L50, F|\n|poke|p1|Indeedee-F, L50, F|\n|poke|p1|Torkoal, L50, M|\n|poke|p1|Amoonguss, L50, F|\n|poke|p1|Azumarill, L50, F|\n|poke|p2|Regidrago, L50|\n|poke|p2|Tornadus, L50, M|\n|poke|p2|Glastrier, L50|\n|poke|p2|Basculegion, L50, M|\n|poke|p2|Rillaboom, L50, M|\n|poke|p2|Dragapult, L50, M|\n|teampreview|4\n|\n|t:|1700865175\n|start\n|switch|p1a: Gallade|Gallade, L50, M|100\/100\n|switch|p1b: Indeedee|Indeedee-F, L50, F|100\/100\n|switch|p2a: Regidrago|Regidrago, L50|100\/100\n|switch|p2b: Tornadus|Tornadus, L50, M|100\/100\n|-fieldstart|move: Psychic Terrain|[from] ability: Psychic Surge|[of] p1b: Indeedee\n|turn|1\n|inactive|Battle timer is ON: inactive players will automatically lose when time's up. (requested by CharlienoB)\n|\n|t:|1700865184\n|move|p1a: Gallade|Wide Guard|p1a: Gallade\n|-singleturn|p1a: Gallade|Wide Guard\n|move|p2b: Tornadus|Tailwind|p2b: Tornadus\n|-sidestart|p2: appeljuice28|move: Tailwind\n|move|p2a: Regidrago|Dragon Energy|p1b: Indeedee|[spread] \n|-activate|p1a: Gallade|move: Wide Guard\n|-activate|p1b: Indeedee|move: Wide Guard\n|move|p1b: Indeedee|Trick Room|p1b: Indeedee\n|-fieldstart|move: Trick Room|[of] p1b: Indeedee\n|\n|upkeep\n|turn|2\n|inactive|CharlienoB has 30 seconds left.\n|inactive|appeljuice28 has 30 seconds left.\n|\n|t:|1700865214\n|-terastallize|p1a: Gallade|Fairy\n|move|p2b: Tornadus|Protect|p2b: Tornadus\n|-singleturn|p2b: Tornadus|Protect\n|move|p1b: Indeedee|Protect|p1b: Indeedee\n|-singleturn|p1b: Indeedee|Protect\n|move|p1a: Gallade|Sacred Sword|p2a: Regidrago\n|-damage|p2a: Regidrago|27\/100\n|move|p2a: Regidrago|Dragon Energy|p1a: Gallade|[spread] \n|-activate|p1b: Indeedee|move: Protect\n|-immune|p1a: Gallade\n|\n|upkeep\n|turn|3\n|\n|t:|1700865231\n|move|p1a: Gallade|Psycho Cut|p2b: Tornadus\n|-damage|p2b: Tornadus|0 fnt\n|faint|p2b: Tornadus\n|move|p1b: Indeedee|Dazzling Gleam|p2a: Regidrago\n|-supereffective|p2a: Regidrago\n|-damage|p2a: Regidrago|0 fnt\n|faint|p2a: Regidrago\n|\n|upkeep\n|\n|t:|1700865238\n|switch|p2a: Glastrier|Glastrier, L50|100\/100\n|switch|p2b: Drazooka|Dragapult, L50, M, shiny|100\/100\n|turn|4\n|inactive|appeljuice28 has 30 seconds left.\n|\n|t:|1700865264\n|move|p1b: Indeedee|Follow Me|p1b: Indeedee\n|-singleturn|p1b: Indeedee|move: Follow Me\n|move|p2a: Glastrier|Icicle Crash|p1b: Indeedee\n|-damage|p1b: Indeedee|50\/100\n|move|p1a: Gallade|Sacred Sword|p2a: Glastrier\n|-supereffective|p2a: Glastrier\n|-damage|p2a: Glastrier|15\/100\n|move|p2b: Drazooka|Phantom Force||[still]\n|-prepare|p2b: Drazooka|Phantom Force\n|\n|-sideend|p2: appeljuice28|move: Tailwind\n|upkeep\n|turn|5\n|\n|t:|1700865287\n|move|p1b: Indeedee|Follow Me|p1b: Indeedee\n|-singleturn|p1b: Indeedee|move: Follow Me\n|move|p2a: Glastrier|Icicle Crash|p1b: Indeedee\n|-damage|p1b: Indeedee|0 fnt\n|faint|p1b: Indeedee\n|-ability|p2a: Glastrier|Chilling Neigh|boost\n|-boost|p2a: Glastrier|atk|1\n|move|p1a: Gallade|Psycho Cut|p2b: Drazooka|[miss]\n|-miss|p1a: Gallade|p2b: Drazooka\n|move|p2b: Drazooka|Phantom Force|p1a: Gallade|[from]lockedmove\n|-damage|p1a: Gallade|23\/100\n|\n|-fieldend|move: Trick Room\n|-fieldend|move: Psychic Terrain\n|upkeep\n|\n|t:|1700865296\n|switch|p1b: Torkoal|Torkoal, L50, M|100\/100\n|-weather|SunnyDay|[from] ability: Drought|[of] p1b: Torkoal\n|turn|6\n|\n|t:|1700865316\n|move|p1b: Torkoal|Protect|p1b: Torkoal\n|-singleturn|p1b: Torkoal|Protect\n|move|p2b: Drazooka|Phantom Force||[still]\n|-prepare|p2b: Drazooka|Phantom Force\n|move|p2a: Glastrier|High Horsepower|p1b: Torkoal\n|-activate|p1b: Torkoal|move: Protect\n|move|p1a: Gallade|Trick Room|p1a: Gallade\n|-fieldstart|move: Trick Room|[of] p1a: Gallade\n|\n|-weather|SunnyDay|[upkeep]\n|upkeep\n|turn|7\n|\n|t:|1700865334\n|move|p1b: Torkoal|Eruption|p2a: Glastrier|[spread] p2a\n|-miss|p1b: Torkoal|p2b: Drazooka\n|-supereffective|p2a: Glastrier\n|-damage|p2a: Glastrier|0 fnt\n|faint|p2a: Glastrier\n|move|p1a: Gallade|Psycho Cut|p2b: Drazooka|[miss]\n|-miss|p1a: Gallade|p2b: Drazooka\n|move|p2b: Drazooka|Phantom Force|p1a: Gallade|[from]lockedmove\n|-damage|p1a: Gallade|0 fnt\n|faint|p1a: Gallade\n|\n|-weather|SunnyDay|[upkeep]\n|upkeep\n|\n|t:|1700865348\n|switch|p1a: Armarouge|Armarouge, L50, F|100\/100\n|turn|8\n|\n|t:|1700865353\n|move|p1b: Torkoal|Eruption|p2b: Drazooka\n|-resisted|p2b: Drazooka\n|-damage|p2b: Drazooka|16\/100\n|move|p1a: Armarouge|Heat Wave|p2b: Drazooka\n|-resisted|p2b: Drazooka\n|-damage|p2b: Drazooka|0 fnt\n|faint|p2b: Drazooka\n|\n|win|CharlienoB\n|raw|CharlienoB's rating: 1044 &rarr; <strong>1085<\/strong><br \/>(+41 for winning)\n|raw|appeljuice28's rating: 1119 &rarr; <strong>1089<\/strong><br \/>(-30 for losing)\n|l|\u2606appeljuice28\n","uploadtime":1700865364,"views":7,"p1id":"charlienob","p2id":"appeljuice28","formatid":"gen9vgc2023regulatione","rating":1085,"private":0,"password":""}