{"id":"gen9vgc2023regulatione-1995433568","p1":"GuitarCrunch","p2":"Buff FlutterMane","format":"[Gen 9] VGC 2023 Regulation E","log":"|j|\u2606GuitarCrunch\n|j|\u2606Buff FlutterMane\n|t:|1700570213\n|gametype|doubles\n|player|p1|GuitarCrunch|170|1458\n|player|p2|Buff FlutterMane|turo|1501\n|teamsize|p1|6\n|teamsize|p2|6\n|gen|9\n|tier|[Gen 9] VGC 2023 Regulation E\n|rated|\n|rule|Species Clause: Limit one of each Pok\u00e9mon\n|rule|Item Clause: Limit one of each item\n|clearpoke\n|poke|p1|Indeedee-F, L50, F|\n|poke|p1|Regieleki, L50|\n|poke|p1|Chi-Yu, L50|\n|poke|p1|Flutter Mane, L50|\n|poke|p1|Tornadus, L50, M|\n|poke|p1|Ogerpon-Wellspring, L50, F|\n|poke|p2|Regieleki, L50|\n|poke|p2|Rillaboom, L50, M|\n|poke|p2|Arcanine-Hisui, L50, M|\n|poke|p2|Landorus, L50, M|\n|poke|p2|Urshifu-*, L50, M|\n|poke|p2|Chien-Pao, L50|\n|teampreview|4\n|inactive|Battle timer is ON: inactive players will automatically lose when time's up. (requested by Buff FlutterMane)\n|inactive|GuitarCrunch has 60 seconds left.\n|inactive|Buff FlutterMane has 60 seconds left.\n|\n|t:|1700570259\n|start\n|switch|p1a: Tornadus|Tornadus, L50, M|100\/100\n|switch|p1b: Flutter Mane|Flutter Mane, L50|100\/100\n|switch|p2a: Hiusi|Arcanine-Hisui, L50, M, shiny|100\/100\n|switch|p2b: Regieleki|Regieleki, L50, shiny|100\/100\n|-ability|p2a: Hiusi|Intimidate|boost\n|-unboost|p1a: Tornadus|atk|1\n|-unboost|p1b: Flutter Mane|atk|1\n|turn|1\n|\n|t:|1700570282\n|move|p2b: Regieleki|Protect|p2b: Regieleki\n|-singleturn|p2b: Regieleki|Protect\n|move|p1a: Tornadus|Tailwind|p1a: Tornadus\n|-sidestart|p1: GuitarCrunch|move: Tailwind\n|move|p1b: Flutter Mane|Shadow Ball|p2a: Hiusi\n|-damage|p2a: Hiusi|51\/100\n|move|p2a: Hiusi|Rock Slide|p1b: Flutter Mane|[spread] p1a,p1b\n|-supereffective|p1a: Tornadus\n|-damage|p1a: Tornadus|0 fnt\n|-enditem|p1b: Flutter Mane|Focus Sash\n|-damage|p1b: Flutter Mane|1\/100\n|faint|p1a: Tornadus\n|\n|upkeep\n|\n|t:|1700570302\n|switch|p1a: Chi-Yu|Chi-Yu, L50|100\/100\n|-ability|p1a: Chi-Yu|Beads of Ruin\n|turn|2\n|\n|t:|1700570315\n|move|p1a: Chi-Yu|Protect|p1a: Chi-Yu\n|-singleturn|p1a: Chi-Yu|Protect\n|move|p1b: Flutter Mane|Dazzling Gleam|p2a: Hiusi|[spread] p2a,p2b\n|-resisted|p2a: Hiusi\n|-damage|p2a: Hiusi|26\/100\n|-damage|p2b: Regieleki|26\/100\n|move|p2b: Regieleki|Electroweb|p1a: Chi-Yu|[spread] p1b\n|-activate|p1a: Chi-Yu|move: Protect\n|-damage|p1b: Flutter Mane|0 fnt\n|faint|p1b: Flutter Mane\n|-end|p1b: Flutter Mane|Protosynthesis|[silent]\n|move|p2a: Hiusi|Rock Slide|p1a: Chi-Yu\n|-activate|p1a: Chi-Yu|move: Protect\n|\n|upkeep\n|\n|t:|1700570330\n|switch|p1b: Indeedee|Indeedee-F, L50, F|100\/100\n|-fieldstart|move: Psychic Terrain|[from] ability: Psychic Surge|[of] p1b: Indeedee\n|-enditem|p1b: Indeedee|Psychic Seed\n|-boost|p1b: Indeedee|spd|1|[from] item: Psychic Seed\n|turn|3\n|\n|t:|1700570354\n|move|p1a: Chi-Yu|Heat Wave|p2b: Regieleki|[spread] p2a,p2b\n|-resisted|p2a: Hiusi\n|-damage|p2a: Hiusi|6\/100\n|-damage|p2b: Regieleki|0 fnt\n|faint|p2b: Regieleki\n|-damage|p1a: Chi-Yu|90\/100|[from] item: Life Orb\n|move|p1b: Indeedee|Psychic|p2a: Hiusi\n|-damage|p2a: Hiusi|0 fnt\n|faint|p2a: Hiusi\n|\n|upkeep\n|\n|t:|1700570359\n|switch|p2b: Rillaboom|Rillaboom, L50, M, shiny|100\/100\n|switch|p2a: Chien-Pao|Chien-Pao, L50|100\/100\n|-ability|p2a: Chien-Pao|Sword of Ruin\n|-fieldstart|move: Grassy Terrain|[from] ability: Grassy Surge|[of] p2b: Rillaboom\n|turn|4\n|inactive|Buff FlutterMane has 30 seconds left.\n|inactive|GuitarCrunch has 30 seconds left.\n|\n|t:|1700570391\n|-terastallize|p2b: Rillaboom|Fire\n|move|p1a: Chi-Yu|Protect|p1a: Chi-Yu\n|-singleturn|p1a: Chi-Yu|Protect\n|move|p1b: Indeedee|Protect|p1b: Indeedee\n|-singleturn|p1b: Indeedee|Protect\n|move|p2a: Chien-Pao|Icicle Crash|p1b: Indeedee\n|-activate|p1b: Indeedee|move: Protect\n|move|p2b: Rillaboom|Wood Hammer|p1b: Indeedee\n|-activate|p1b: Indeedee|move: Protect\n|\n|-heal|p1a: Chi-Yu|97\/100|[from] Grassy Terrain\n|-sideend|p1: GuitarCrunch|move: Tailwind\n|upkeep\n|turn|5\n|\n|t:|1700570415\n|move|p1b: Indeedee|Follow Me|p1b: Indeedee\n|-singleturn|p1b: Indeedee|move: Follow Me\n|move|p2a: Chien-Pao|Icicle Crash|p1b: Indeedee\n|-damage|p1b: Indeedee|28\/100\n|move|p1a: Chi-Yu|Heat Wave|p2b: Rillaboom|[spread] p2a,p2b\n|-supereffective|p2a: Chien-Pao\n|-resisted|p2b: Rillaboom\n|-enditem|p2a: Chien-Pao|Focus Sash\n|-damage|p2a: Chien-Pao|1\/100\n|-damage|p2b: Rillaboom|79\/100\n|-damage|p1a: Chi-Yu|87\/100|[from] item: Life Orb\n|move|p2b: Rillaboom|Wood Hammer|p1b: Indeedee\n|-damage|p1b: Indeedee|0 fnt\n|faint|p1b: Indeedee\n|-damage|p2b: Rillaboom|72\/100|[from] Recoil\n|\n|-heal|p2a: Chien-Pao|7\/100|[from] Grassy Terrain\n|-heal|p1a: Chi-Yu|93\/100|[from] Grassy Terrain\n|-heal|p2b: Rillaboom|78\/100|[from] Grassy Terrain\n|upkeep\n|turn|6\n|\n|t:|1700570439\n|move|p2a: Chien-Pao|Sucker Punch|p1a: Chi-Yu\n|-resisted|p1a: Chi-Yu\n|-damage|p1a: Chi-Yu|47\/100\n|move|p1a: Chi-Yu|Heat Wave|p2b: Rillaboom|[spread] p2a\n|-miss|p1a: Chi-Yu|p2b: Rillaboom\n|-supereffective|p2a: Chien-Pao\n|-damage|p2a: Chien-Pao|0 fnt\n|faint|p2a: Chien-Pao\n|-damage|p1a: Chi-Yu|37\/100|[from] item: Life Orb\n|move|p2b: Rillaboom|Wood Hammer|p1a: Chi-Yu\n|-resisted|p1a: Chi-Yu\n|-damage|p1a: Chi-Yu|0 fnt\n|faint|p1a: Chi-Yu\n|-damage|p2b: Rillaboom|71\/100|[from] Recoil\n|\n|win|Buff FlutterMane\n|raw|GuitarCrunch's rating: 1458 &rarr; <strong>1440<\/strong><br \/>(-18 for losing)\n|raw|Buff FlutterMane's rating: 1501 &rarr; <strong>1519<\/strong><br \/>(+18 for winning)\n|l|\u2606GuitarCrunch\n","uploadtime":1700570462,"views":4,"p1id":"guitarcrunch","p2id":"bufffluttermane","formatid":"gen9vgc2023regulatione","rating":1440,"private":0,"password":""}