{"id":"gen9vgc2023regulatione-1999242670","p1":"JosephVang","p2":"Zulneily","format":"[Gen 9] VGC 2023 Regulation E","log":"|j|\u2606JosephVang\n|j|\u2606Zulneily\n|t:|1701049801\n|gametype|doubles\n|player|p1|JosephVang|youngster-gen4dp|1126\n|player|p2|Zulneily|hilda-wonderlauncher|1146\n|teamsize|p1|6\n|teamsize|p2|6\n|gen|9\n|tier|[Gen 9] VGC 2023 Regulation E\n|rated|\n|rule|Species Clause: Limit one of each Pok\u00e9mon\n|rule|Item Clause: Limit one of each item\n|clearpoke\n|poke|p1|Scizor, L50, F|\n|poke|p1|Sinistcha, L50|\n|poke|p1|Mamoswine, L50, M|\n|poke|p1|Chien-Pao, L50|\n|poke|p1|Arcanine-Hisui, L50, F|\n|poke|p1|Inteleon, L50, M|\n|poke|p2|Ursaluna, L50, F|\n|poke|p2|Indeedee-F, L50, F|\n|poke|p2|Annihilape, L50, M|\n|poke|p2|Sinistcha-Masterpiece, L50|\n|poke|p2|Gastrodon-East, L50, F|\n|poke|p2|Arcanine-Hisui, L50, M|\n|teampreview|4\nZulneily has agreed to open team sheets.\nJosephVang has agreed to open team sheets.\n|\n|t:|1701049902\n|start\n|switch|p1a: Sinistcha|Sinistcha, L50|100\/100\n|switch|p1b: Inteleon|Inteleon, L50, M|100\/100\n|switch|p2a: Indeedee|Indeedee-F, L50, F, shiny|100\/100\n|switch|p2b: Arcanine|Arcanine-Hisui, L50, M, shiny|100\/100\n|-ability|p2b: Arcanine|Intimidate|boost\n|-unboost|p1a: Sinistcha|atk|1\n|-unboost|p1b: Inteleon|atk|1\n|-fieldstart|move: Psychic Terrain|[from] ability: Psychic Surge|[of] p2a: Indeedee\n|turn|1\n|\n|t:|1701049933\n|switch|p2b: Sinistcha|Sinistcha-Masterpiece, L50|100\/100\n|move|p1b: Inteleon|Snipe Shot|p2b: Sinistcha\n|-resisted|p2b: Sinistcha\n|-crit|p2b: Sinistcha\n|-damage|p2b: Sinistcha|54\/100\n|move|p1a: Sinistcha|Strength Sap|p2a: Indeedee\n|-unboost|p2a: Indeedee|atk|1\n|move|p2a: Indeedee|Trick Room|p2a: Indeedee\n|-fieldstart|move: Trick Room|[of] p2a: Indeedee\n|\n|-heal|p2b: Sinistcha|59\/100|[from] item: Leftovers\n|upkeep\n|turn|2\n|\n|t:|1701049967\n|switch|p1b: Chien-Pao|Chien-Pao, L50|100\/100\n|-ability|p1b: Chien-Pao|Sword of Ruin\n|move|p1a: Sinistcha|Rage Powder|p1a: Sinistcha\n|-singleturn|p1a: Sinistcha|move: Rage Powder\n|move|p2b: Sinistcha|Calm Mind|p2b: Sinistcha\n|-boost|p2b: Sinistcha|spa|1\n|-boost|p2b: Sinistcha|spd|1\n|move|p2a: Indeedee|Heal Pulse|p1a: Sinistcha\n|-fail|p1a: Sinistcha|heal\n|\n|-heal|p2b: Sinistcha|65\/100|[from] item: Leftovers\n|upkeep\n|turn|3\n|\n|t:|1701049993\n|switch|p2a: Arcanine|Arcanine-Hisui, L50, M, shiny|100\/100\n|-ability|p2a: Arcanine|Intimidate|boost\n|-unboost|p1a: Sinistcha|atk|1\n|-unboost|p1b: Chien-Pao|atk|1\n|move|p2b: Sinistcha|Matcha Gotcha|p1b: Chien-Pao|[spread] p1a,p1b\n|-resisted|p1a: Sinistcha\n|-damage|p1a: Sinistcha|79\/100\n|-heal|p2b: Sinistcha|76\/100|[from] drain|[of] p1a: Sinistcha\n|-damage|p1b: Chien-Pao|46\/100\n|-heal|p2b: Sinistcha|100\/100|[from] drain|[of] p1b: Chien-Pao\n|-status|p1b: Chien-Pao|brn\n|move|p1a: Sinistcha|Matcha Gotcha|p2a: Arcanine|[spread] p2a,p2b\n|-resisted|p2b: Sinistcha\n|-damage|p2a: Arcanine|84\/100\n|-heal|p1a: Sinistcha|88\/100|[from] drain|[of] p2a: Arcanine\n|-damage|p2b: Sinistcha|92\/100\n|-heal|p1a: Sinistcha|93\/100|[from] drain|[of] p2b: Sinistcha\n|move|p1b: Chien-Pao|Ice Spinner|p2b: Sinistcha\n|-supereffective|p2b: Sinistcha\n|-damage|p2b: Sinistcha|68\/100\n|-fieldend|move: Psychic Terrain\n|\n|-heal|p2b: Sinistcha|73\/100|[from] item: Leftovers\n|-damage|p1b: Chien-Pao|40\/100 brn|[from] brn\n|upkeep\n|turn|4\n|\n|t:|1701050027\n|move|p2b: Sinistcha|Matcha Gotcha|p1b: Chien-Pao|[spread] p1a\n|-miss|p2b: Sinistcha|p1b: Chien-Pao\n|-resisted|p1a: Sinistcha\n|-damage|p1a: Sinistcha|70\/100\n|-heal|p2b: Sinistcha|85\/100|[from] drain|[of] p1a: Sinistcha\n|move|p1a: Sinistcha|Strength Sap|p2a: Arcanine\n|-unboost|p2a: Arcanine|atk|1\n|-heal|p1a: Sinistcha|100\/100\n|move|p2a: Arcanine|Rock Slide|p1a: Sinistcha|[spread] p1a,p1b\n|-supereffective|p1b: Chien-Pao\n|-damage|p1a: Sinistcha|85\/100\n|-damage|p1b: Chien-Pao|0 fnt\n|faint|p1b: Chien-Pao\n|\n|-heal|p2b: Sinistcha|91\/100|[from] item: Leftovers\n|upkeep\n|\n|t:|1701050042\n|switch|p1b: Scizor|Scizor, L50, F|100\/100\n|turn|5\n|\n|t:|1701050070\n|switch|p2a: Annihilape|Annihilape, L50, M|100\/100\n|move|p1a: Sinistcha|Rage Powder|p1a: Sinistcha\n|-singleturn|p1a: Sinistcha|move: Rage Powder\n|move|p2b: Sinistcha|Matcha Gotcha|p1a: Sinistcha|[spread] p1a,p1b\n|-resisted|p1a: Sinistcha\n|-resisted|p1b: Scizor\n|-damage|p1a: Sinistcha|65\/100\n|-heal|p2b: Sinistcha|100\/100|[from] drain|[of] p1a: Sinistcha\n|-damage|p1b: Scizor|90\/100\n|move|p1b: Scizor|Swords Dance|p1b: Scizor\n|-boost|p1b: Scizor|atk|2\n|\n|-fieldend|move: Trick Room\n|upkeep\n|turn|6\n|\n|t:|1701050108\n|-terastallize|p1b: Scizor|Steel\n|move|p1a: Sinistcha|Rage Powder|p1a: Sinistcha\n|-singleturn|p1a: Sinistcha|move: Rage Powder\n|move|p1b: Scizor|Bullet Punch|p2b: Sinistcha\n|-damage|p2b: Sinistcha|15\/100\n|move|p2a: Annihilape|Rage Fist|p1a: Sinistcha\n|-supereffective|p1a: Sinistcha\n|-damage|p1a: Sinistcha|36\/100\n|-damage|p2a: Annihilape|84\/100|[from] item: Rocky Helmet|[of] p1a: Sinistcha\n|move|p2b: Sinistcha|Trick Room|p2b: Sinistcha\n|-fieldstart|move: Trick Room|[of] p2b: Sinistcha\n|\n|-heal|p2b: Sinistcha|21\/100|[from] item: Leftovers\n|upkeep\n|turn|7\n|\n|t:|1701050149\n|switch|p2b: Indeedee|Indeedee-F, L50, F, shiny|100\/100\n|-fieldstart|move: Psychic Terrain|[from] ability: Psychic Surge|[of] p2b: Indeedee\n|move|p1b: Scizor|Bullet Punch|p2a: Annihilape\n|-activate|p2a: Annihilape|move: Psychic Terrain\n|move|p1a: Sinistcha|Matcha Gotcha|p2a: Annihilape|[spread] p2a,p2b\n|-damage|p2a: Annihilape|68\/100\n|-heal|p1a: Sinistcha|46\/100|[from] drain|[of] p2a: Annihilape\n|-damage|p2b: Indeedee|82\/100\n|-heal|p1a: Sinistcha|55\/100|[from] drain|[of] p2b: Indeedee\n|move|p2a: Annihilape|Bulk Up|p2a: Annihilape\n|-boost|p2a: Annihilape|atk|1\n|-boost|p2a: Annihilape|def|1\n|\n|upkeep\n|turn|8\n|\n|t:|1701050186\n|switch|p2b: Arcanine|Arcanine-Hisui, L50, M, shiny|84\/100\n|-ability|p2b: Arcanine|Intimidate|boost\n|-unboost|p1a: Sinistcha|atk|1\n|-unboost|p1b: Scizor|atk|1\n|move|p1a: Sinistcha|Rage Powder|p1a: Sinistcha\n|-singleturn|p1a: Sinistcha|move: Rage Powder\n|move|p1b: Scizor|Swords Dance|p1b: Scizor\n|-boost|p1b: Scizor|atk|2\n|move|p2a: Annihilape|Rage Fist|p1a: Sinistcha\n|-supereffective|p1a: Sinistcha\n|-damage|p1a: Sinistcha|0 fnt\n|-damage|p2a: Annihilape|51\/100|[from] item: Rocky Helmet|[of] p1a: Sinistcha\n|faint|p1a: Sinistcha\n|\n|upkeep\n|\n|t:|1701050196\n|switch|p1a: Inteleon|Inteleon, L50, M|100\/100\n|turn|9\n|\n|t:|1701050227\n|move|p1b: Scizor|Protect|p1b: Scizor\n|-singleturn|p1b: Scizor|Protect\n|move|p2a: Annihilape|Drain Punch|p1b: Scizor\n|-activate|p1b: Scizor|move: Protect\n|move|p2b: Arcanine|Wild Charge|p1a: Inteleon\n|-supereffective|p1a: Inteleon\n|-damage|p1a: Inteleon|3\/100\n|-damage|p2b: Arcanine|65\/100|[from] Recoil\n|move|p1a: Inteleon|Snipe Shot|p2b: Arcanine\n|-supereffective|p2b: Arcanine\n|-crit|p2b: Arcanine\n|-damage|p2b: Arcanine|0 fnt\n|faint|p2b: Arcanine\n|\n|upkeep\n|\n|t:|1701050234\n|switch|p2b: Sinistcha|Sinistcha-Masterpiece, L50|21\/100\n|-heal|p2a: Annihilape|76\/100|[from] ability: Hospitality|[of] p2b: Sinistcha\n|turn|10\n|\n|t:|1701050252\n|move|p1a: Inteleon|Protect|p1a: Inteleon\n|-singleturn|p1a: Inteleon|Protect\n|move|p2b: Sinistcha|Matcha Gotcha|p1b: Scizor|[spread] p1b\n|-activate|p1a: Inteleon|move: Protect\n|-resisted|p1b: Scizor\n|-damage|p1b: Scizor|76\/100\n|-heal|p2b: Sinistcha|28\/100|[from] drain|[of] p1b: Scizor\n|move|p1b: Scizor|Pounce|p2a: Annihilape\n|-resisted|p2a: Annihilape\n|-damage|p2a: Annihilape|61\/100\n|-unboost|p2a: Annihilape|spe|1\n|-ability|p2a: Annihilape|Defiant|boost\n|-boost|p2a: Annihilape|atk|2\n|move|p2a: Annihilape|Drain Punch|p1b: Scizor\n|-supereffective|p1b: Scizor\n|-damage|p1b: Scizor|0 fnt\n|-heal|p2a: Annihilape|94\/100|[from] drain|[of] p1b: Scizor\n|faint|p1b: Scizor\n|\n|-heal|p2b: Sinistcha|33\/100|[from] item: Leftovers\n|-fieldend|move: Trick Room\n|upkeep\n|turn|11\n|\n|t:|1701050278\n|move|p1a: Inteleon|Snipe Shot|p2a: Annihilape\n|-damage|p2a: Annihilape|66\/100\n|move|p2b: Sinistcha|Matcha Gotcha|p1a: Inteleon\n|-supereffective|p1a: Inteleon\n|-damage|p1a: Inteleon|0 fnt\n|-heal|p2b: Sinistcha|35\/100|[from] drain|[of] p1a: Inteleon\n|faint|p1a: Inteleon\n|\n|win|Zulneily\n|raw|JosephVang's rating: 1126 &rarr; <strong>1102<\/strong><br \/>(-24 for losing)\n|raw|Zulneily's rating: 1146 &rarr; <strong>1170<\/strong><br \/>(+24 for winning)\n|c|\u2606JosephVang|gg\n|c|\u2606Zulneily|Gh\n|l|\u2606JosephVang\n","uploadtime":1701050365,"views":1,"p1id":"josephvang","p2id":"zulneily","formatid":"gen9vgc2023regulatione","rating":1102,"private":0,"password":""}