{"id":"gen9vgc2023regulatione-1992439403","p1":"aguadimarco","p2":"bigpika95","format":"[Gen 9] VGC 2023 Regulation E","log":"|j|\u2606aguadimarco\n|j|\u2606bigpika95\n|t:|1700187739\n|gametype|doubles\n|player|p1|aguadimarco|170|1224\n|player|p2|bigpika95|bellepa|1183\n|teamsize|p1|6\n|teamsize|p2|6\n|gen|9\n|tier|[Gen 9] VGC 2023 Regulation E\n|rated|\n|rule|Species Clause: Limit one of each Pok\u00e9mon\n|rule|Item Clause: Limit one of each item\n|clearpoke\n|poke|p1|Ogerpon-Hearthflame, L50, F|\n|poke|p1|Tornadus, L50, M|\n|poke|p1|Chien-Pao, L50|\n|poke|p1|Iron Hands, L50|\n|poke|p1|Flutter Mane, L50|\n|poke|p1|Landorus-Therian, L50, M|\n|poke|p2|Amoonguss, L50, M|\n|poke|p2|Chi-Yu, L50|\n|poke|p2|Sneasler, L50, F|\n|poke|p2|Iron Bundle, L50|\n|poke|p2|Scizor, L50, M|\n|poke|p2|Flutter Mane, L50|\n|teampreview|4\n|\n|t:|1700187757\n|start\n|switch|p1a: Iron Hands|Iron Hands, L50|100\/100\n|switch|p1b: Flutter Mane|Flutter Mane, L50|100\/100\n|switch|p2a: Iron Bundle|Iron Bundle, L50|100\/100\n|switch|p2b: Sneasler|Sneasler, L50, F|100\/100\n|-enditem|p2a: Iron Bundle|Booster Energy\n|-activate|p2a: Iron Bundle|ability: Quark Drive|[fromitem]\n|-start|p2a: Iron Bundle|quarkdrivespe\n|turn|1\n|\n|t:|1700187817\n|move|p2b: Sneasler|Fake Out|p1a: Iron Hands\n|-enditem|p2b: Sneasler|Normal Gem|[from] gem\n|-damage|p1a: Iron Hands|90\/100\n|cant|p1a: Iron Hands|flinch\n|move|p2a: Iron Bundle|Icy Wind|p1a: Iron Hands|[spread] p1a,p1b\n|-damage|p1a: Iron Hands|79\/100\n|-damage|p1b: Flutter Mane|80\/100\n|-unboost|p1a: Iron Hands|spe|1\n|-unboost|p1b: Flutter Mane|spe|1\n|move|p1b: Flutter Mane|Moonblast|p2b: Sneasler\n|-damage|p2b: Sneasler|7\/100\n|\n|upkeep\n|turn|2\n|\n|t:|1700187846\n|move|p2b: Sneasler|Acid Spray|p1b: Flutter Mane\n|-damage|p1b: Flutter Mane|74\/100\n|-unboost|p1b: Flutter Mane|spd|2\n|move|p2a: Iron Bundle|Freeze-Dry|p1b: Flutter Mane\n|-crit|p1b: Flutter Mane\n|-damage|p1b: Flutter Mane|0 fnt\n|faint|p1b: Flutter Mane\n|-end|p1b: Flutter Mane|Protosynthesis|[silent]\n|move|p1a: Iron Hands|Drain Punch|p2a: Iron Bundle\n|-supereffective|p2a: Iron Bundle\n|-damage|p2a: Iron Bundle|7\/100\n|-heal|p1a: Iron Hands|100\/100|[from] drain|[of] p2a: Iron Bundle\n|\n|upkeep\n|\n|t:|1700187858\n|switch|p1b: Ogerpon|Ogerpon-Hearthflame, L50, F|100\/100\n|-ability|p1b: Ogerpon|Mold Breaker\n|turn|3\n|\n|t:|1700187884\n|-terastallize|p2a: Iron Bundle|Ghost\n|move|p1b: Ogerpon|Spiky Shield|p1b: Ogerpon\n|-singleturn|p1b: Ogerpon|move: Protect\n|move|p2b: Sneasler|Acid Spray|p1b: Ogerpon\n|-activate|p1b: Ogerpon|move: Protect\n|move|p2a: Iron Bundle|Hydro Pump|p1b: Ogerpon\n|-activate|p1b: Ogerpon|move: Protect\n|move|p1a: Iron Hands|Drain Punch|p2a: Iron Bundle\n|-immune|p2a: Iron Bundle\n|\n|upkeep\n|turn|4\n|\n|t:|1700187934\n|switch|p1b: Landorus|Landorus-Therian, L50, M|100\/100\n|-ability|p1b: Landorus|Intimidate|boost\n|-unboost|p2a: Iron Bundle|atk|1\n|-unboost|p2b: Sneasler|atk|1\n|move|p2b: Sneasler|Acid Spray|p1b: Landorus\n|-resisted|p1b: Landorus\n|-crit|p1b: Landorus\n|-damage|p1b: Landorus|94\/100\n|-unboost|p1b: Landorus|spd|2\n|move|p2a: Iron Bundle|Icy Wind|p1a: Iron Hands|[spread] p1a,p1b\n|-supereffective|p1b: Landorus\n|-damage|p1a: Iron Hands|91\/100\n|-damage|p1b: Landorus|0 fnt\n|-unboost|p1a: Iron Hands|spe|1\n|faint|p1b: Landorus\n|move|p1a: Iron Hands|Heavy Slam|p2a: Iron Bundle\n|-damage|p2a: Iron Bundle|0 fnt\n|faint|p2a: Iron Bundle\n|-end|p2a: Iron Bundle|Quark Drive|[silent]\n|\n|upkeep\n|\n|t:|1700187952\n|switch|p2a: Flutter Mane|Flutter Mane, L50|100\/100\n|switch|p1b: Ogerpon|Ogerpon-Hearthflame, L50, F|100\/100\n|-ability|p1b: Ogerpon|Mold Breaker\n|turn|5\n|\n|t:|1700187976\n|-terastallize|p1b: Ogerpon|Fire\n|detailschange|p1b: Ogerpon|Ogerpon-Hearthflame-Tera, L50, F, tera:Fire\n|-ability|p1b: Ogerpon|Embody Aspect (Hearthflame)|boost\n|-boost|p1b: Ogerpon|atk|1\n|move|p1b: Ogerpon|Spiky Shield|p1b: Ogerpon\n|-singleturn|p1b: Ogerpon|move: Protect\n|move|p2b: Sneasler|Acid Spray|p1a: Iron Hands\n|-damage|p1a: Iron Hands|87\/100\n|-unboost|p1a: Iron Hands|spd|2\n|move|p2a: Flutter Mane|Dazzling Gleam|p1a: Iron Hands|[spread] p1a\n|-activate|p1b: Ogerpon|move: Protect\n|-supereffective|p1a: Iron Hands\n|-damage|p1a: Iron Hands|2\/100\n|move|p1a: Iron Hands|Heavy Slam|p2a: Flutter Mane\n|-supereffective|p2a: Flutter Mane\n|-damage|p2a: Flutter Mane|0 fnt\n|faint|p2a: Flutter Mane\n|-end|p2a: Flutter Mane|Protosynthesis|[silent]\n|\n|upkeep\n|\n|t:|1700187990\n|switch|p2a: Chi-Yu|Chi-Yu, L50|100\/100\n|-ability|p2a: Chi-Yu|Beads of Ruin\n|turn|6\n|\n|t:|1700188014\n|move|p2b: Sneasler|Acid Spray|p1b: Ogerpon\n|-damage|p1b: Ogerpon|91\/100\n|-unboost|p1b: Ogerpon|spd|2\n|move|p2a: Chi-Yu|Dark Pulse|p1b: Ogerpon\n|-damage|p1b: Ogerpon|0 fnt\n|faint|p1b: Ogerpon\n|move|p1a: Iron Hands|Drain Punch|p2a: Chi-Yu\n|-supereffective|p2a: Chi-Yu\n|-enditem|p2a: Chi-Yu|Focus Sash\n|-damage|p2a: Chi-Yu|1\/100\n|-heal|p1a: Iron Hands|28\/100|[from] drain|[of] p2a: Chi-Yu\n|\n|upkeep\n|turn|7\n|-message|aguadimarco forfeited.\n|\n|win|bigpika95\n|raw|aguadimarco's rating: 1224 &rarr; <strong>1196<\/strong><br \/>(-28 for losing)\n|raw|bigpika95's rating: 1183 &rarr; <strong>1211<\/strong><br \/>(+28 for winning)\n|l|\u2606aguadimarco\n|c|\u2606bigpika95|Ggwp\n","uploadtime":1700188042,"views":13,"p1id":"aguadimarco","p2id":"bigpika95","formatid":"gen9vgc2023regulatione","rating":1196,"private":0,"password":""}