{"id":"gen9vgc2023regulatione-1988746251","p1":"Ganjux","p2":"Futaroo","format":"[Gen 9] VGC 2023 Regulation E","log":"|j|\u2606Ganjux\n|j|\u2606Futaroo\n|t:|1699757843\n|gametype|doubles\n|player|p1|Ganjux|1|1252\n|player|p2|Futaroo|cheren|1236\n|teamsize|p1|6\n|teamsize|p2|6\n|gen|9\n|tier|[Gen 9] VGC 2023 Regulation E\n|rated|\n|rule|Species Clause: Limit one of each Pok\u00e9mon\n|rule|Item Clause: Limit one of each item\n|clearpoke\n|poke|p1|Roaring Moon, L50|\n|poke|p1|Chien-Pao, L50|\n|poke|p1|Amoonguss, L50, M|\n|poke|p1|Rillaboom, L50, M|\n|poke|p1|Arcanine-Hisui, L50, F|\n|poke|p1|Cresselia, L50, F|\n|poke|p2|Dipplin, L50, F|\n|poke|p2|Iron Bundle, L50|\n|poke|p2|Chi-Yu, L50|\n|poke|p2|Farigiraf, L50, M|\n|poke|p2|Landorus-Therian, L50, M|\n|poke|p2|Iron Hands, L50|\n|teampreview|4\n|\n|t:|1699757872\n|start\n|switch|p1a: Cresselia|Cresselia, L50, F|100\/100\n|switch|p1b: Amoonguss|Amoonguss, L50, M|100\/100\n|switch|p2a: Iron Bundle|Iron Bundle, L50|100\/100\n|switch|p2b: Farigiraf|Farigiraf, L50, M|100\/100\n|-enditem|p2a: Iron Bundle|Booster Energy\n|-activate|p2a: Iron Bundle|ability: Quark Drive|[fromitem]\n|-start|p2a: Iron Bundle|quarkdrivespe\n|turn|1\n|inactive|Battle timer is ON: inactive players will automatically lose when time's up. (requested by Ganjux)\n|\n|t:|1699757889\n|-terastallize|p1b: Amoonguss|Water\n|move|p2a: Iron Bundle|Freeze-Dry|p1b: Amoonguss\n|-supereffective|p1b: Amoonguss\n|-damage|p1b: Amoonguss|40\/100\n|-enditem|p1b: Amoonguss|Sitrus Berry|[eat]\n|-heal|p1b: Amoonguss|65\/100|[from] item: Sitrus Berry\n|move|p1a: Cresselia|Psychic|p2a: Iron Bundle\n|-damage|p2a: Iron Bundle|45\/100\n|move|p1b: Amoonguss|Spore|p2b: Farigiraf\n|-status|p2b: Farigiraf|slp|[from] move: Spore\n|cant|p2b: Farigiraf|slp\n|\n|upkeep\n|turn|2\n|inactive|Ganjux has 30 seconds left.\n|\n|t:|1699757915\n|move|p2a: Iron Bundle|Freeze-Dry|p1b: Amoonguss\n|-supereffective|p1b: Amoonguss\n|-damage|p1b: Amoonguss|0 fnt\n|faint|p1b: Amoonguss\n|move|p1a: Cresselia|Psychic|p2a: Iron Bundle\n|-damage|p2a: Iron Bundle|0 fnt\n|faint|p2a: Iron Bundle\n|-end|p2a: Iron Bundle|Quark Drive|[silent]\n|-curestatus|p2b: Farigiraf|slp|[msg]\n|move|p2b: Farigiraf|Dazzling Gleam|p1a: Cresselia\n|-damage|p1a: Cresselia|88\/100\n|\n|upkeep\n|\n|t:|1699757926\n|switch|p2a: Chi-Yu|Chi-Yu, L50|100\/100\n|switch|p1b: Rillaboom|Rillaboom, L50, M|100\/100\n|-ability|p2a: Chi-Yu|Beads of Ruin\n|-fieldstart|move: Grassy Terrain|[from] ability: Grassy Surge|[of] p1b: Rillaboom\n|turn|3\n|\n|t:|1699757944\n|move|p2a: Chi-Yu|Heat Wave|p1b: Rillaboom|[spread] p1a,p1b\n|-supereffective|p1b: Rillaboom\n|-damage|p1a: Cresselia|57\/100\n|-damage|p1b: Rillaboom|0 fnt\n|faint|p1b: Rillaboom\n|move|p1a: Cresselia|Psychic|p2b: Farigiraf\n|-resisted|p2b: Farigiraf\n|-damage|p2b: Farigiraf|83\/100\n|move|p2b: Farigiraf|Dazzling Gleam|p1a: Cresselia\n|-damage|p1a: Cresselia|40\/100\n|\n|-heal|p2b: Farigiraf|89\/100|[from] Grassy Terrain\n|upkeep\n|\n|t:|1699757954\n|switch|p1b: Roaring Moon|Roaring Moon, L50|100\/100\n|-enditem|p1b: Roaring Moon|Booster Energy\n|-activate|p1b: Roaring Moon|ability: Protosynthesis|[fromitem]\n|-start|p1b: Roaring Moon|protosynthesisspe\n|turn|4\n|\n|t:|1699757968\n|move|p1b: Roaring Moon|Knock Off|p2b: Farigiraf\n|-supereffective|p2b: Farigiraf\n|-damage|p2b: Farigiraf|7\/100\n|-enditem|p2b: Farigiraf|Sitrus Berry|[from] move: Knock Off|[of] p1b: Roaring Moon\n|move|p2a: Chi-Yu|Heat Wave|p1a: Cresselia|[spread] p1a,p1b\n|-resisted|p1b: Roaring Moon\n|-damage|p1a: Cresselia|4\/100\n|-damage|p1b: Roaring Moon|78\/100\n|-status|p1b: Roaring Moon|brn\n|move|p1a: Cresselia|Psychic|p2b: Farigiraf\n|-resisted|p2b: Farigiraf\n|-damage|p2b: Farigiraf|0 fnt\n|faint|p2b: Farigiraf\n|\n|-heal|p1b: Roaring Moon|84\/100 brn|[from] Grassy Terrain\n|-damage|p1b: Roaring Moon|78\/100 brn|[from] brn\n|upkeep\n|\n|t:|1699757978\n|switch|p2b: Dipplin|Dipplin, L50, F, shiny|100\/100\n|-ability|p2b: Dipplin|Supersweet Syrup\n|-ability|p2b: Dipplin|Supersweet Syrup|boost\n|-unboost|p1a: Cresselia|evasion|1\n|-unboost|p1b: Roaring Moon|evasion|1\n|turn|5\n|\n|t:|1699757990\n|-terastallize|p2b: Dipplin|Fairy\n|move|p1b: Roaring Moon|Acrobatics|p2b: Dipplin\n|-damage|p2b: Dipplin|91\/100\n|move|p2a: Chi-Yu|Heat Wave|p1b: Roaring Moon|[spread] p1a,p1b\n|-resisted|p1b: Roaring Moon\n|-damage|p1a: Cresselia|0 fnt\n|-damage|p1b: Roaring Moon|56\/100 brn\n|faint|p1a: Cresselia\n|move|p2b: Dipplin|Draco Meteor|p1b: Roaring Moon\n|-supereffective|p1b: Roaring Moon\n|-damage|p1b: Roaring Moon|0 fnt\n|-unboost|p2b: Dipplin|spa|2\n|faint|p1b: Roaring Moon\n|-end|p1b: Roaring Moon|Protosynthesis|[silent]\n|\n|win|Futaroo\n|raw|Ganjux's rating: 1252 &rarr; <strong>1226<\/strong><br \/>(-26 for losing)\n|raw|Futaroo's rating: 1236 &rarr; <strong>1262<\/strong><br \/>(+26 for winning)\n|l|\u2606Ganjux\n","uploadtime":1699758306,"views":12,"p1id":"ganjux","p2id":"futaroo","formatid":"gen9vgc2023regulatione","rating":1226,"private":0,"password":""}