{"id":"gen9vgc2023regulatione-1990977436","p1":"COLSSJ","p2":"mookystank","format":"[Gen 9] VGC 2023 Regulation E","log":"|j|\u2606COLSSJ\n|j|\u2606mookystank\n|t:|1700022362\n|gametype|doubles\n|player|p1|COLSSJ|266|1071\n|player|p2|mookystank|169|1045\n|teamsize|p1|6\n|teamsize|p2|6\n|gen|9\n|tier|[Gen 9] VGC 2023 Regulation E\n|rated|\n|rule|Species Clause: Limit one of each Pok\u00e9mon\n|rule|Item Clause: Limit one of each item\n|clearpoke\n|poke|p1|Iron Hands, L50|\n|poke|p1|Flutter Mane, L50|\n|poke|p1|Ludicolo, L50, F|\n|poke|p1|Pelipper, L50, F|\n|poke|p1|Chien-Pao, L50|\n|poke|p1|Gyarados, L50, M|\n|poke|p2|Indeedee-F, L50, F|\n|poke|p2|Urshifu-*, L50, M|\n|poke|p2|Ursaluna-Bloodmoon, L50, M|\n|poke|p2|Tornadus, L50, M|\n|poke|p2|Armarouge, L50, M|\n|poke|p2|Flutter Mane, L50|\n|teampreview|4\nCOLSSJ rejected open team sheets.\n|\n|t:|1700022437\n|start\n|switch|p1a: Pelipper|Pelipper, L50, F|100\/100\n|switch|p1b: Chien-Pao|Chien-Pao, L50|100\/100\n|switch|p2a: Indeedee|Indeedee-F, L50, F, shiny|100\/100\n|switch|p2b: Armarouge|Armarouge, L50, M, shiny|100\/100\n|-ability|p1b: Chien-Pao|Sword of Ruin\n|-weather|RainDance|[from] ability: Drizzle|[of] p1a: Pelipper\n|-fieldstart|move: Psychic Terrain|[from] ability: Psychic Surge|[of] p2a: Indeedee\n|turn|1\n|inactive|Battle timer is ON: inactive players will automatically lose when time's up. (requested by mookystank)\n|\n|t:|1700022502\n|switch|p2a: Urshifu|Urshifu-Rapid-Strike, L50, M|100\/100\n|move|p1b: Chien-Pao|Crunch|p2b: Armarouge\n|-supereffective|p2b: Armarouge\n|-damage|p2b: Armarouge|0 fnt\n|faint|p2b: Armarouge\n|move|p1a: Pelipper|Hurricane|p2a: Urshifu\n|-supereffective|p2a: Urshifu\n|-damage|p2a: Urshifu|0 fnt\n|faint|p2a: Urshifu\n|\n|-weather|RainDance|[upkeep]\n|upkeep\n|c|\u2606mookystank|oof lmao\n|\n|t:|1700022513\n|switch|p2a: Ursaluna|Ursaluna-Bloodmoon, L50, M|100\/100\n|switch|p2b: Indeedee|Indeedee-F, L50, F, shiny|100\/100\n|turn|2\n|c|\u2606COLSSJ|xxd\n|\n|t:|1700022528\n|move|p1b: Chien-Pao|Swords Dance|p1b: Chien-Pao\n|-boost|p1b: Chien-Pao|atk|2\n|move|p1a: Pelipper|Hurricane|p2b: Indeedee\n|-damage|p2b: Indeedee|65\/100\n|move|p2a: Ursaluna|Hyper Voice|p1a: Pelipper|[spread] p1a,p1b\n|-crit|p1a: Pelipper\n|-crit|p1b: Chien-Pao\n|-damage|p1a: Pelipper|29\/100\n|-damage|p1b: Chien-Pao|10\/100\n|-enditem|p2a: Ursaluna|Throat Spray\n|-boost|p2a: Ursaluna|spa|1|[from] item: Throat Spray\n|move|p2b: Indeedee|Trick Room|p2b: Indeedee\n|-fieldstart|move: Trick Room|[of] p2b: Indeedee\n|\n|-weather|RainDance|[upkeep]\n|upkeep\n|turn|3\n|inactive|mookystank has 30 seconds left.\n|\n|t:|1700022555\n|switch|p1a: Iron Hands|Iron Hands, L50|100\/100\n|move|p2b: Indeedee|Helping Hand|p2a: Ursaluna\n|-singleturn|p2a: Ursaluna|Helping Hand|[of] p2b: Indeedee\n|move|p1b: Chien-Pao|Protect|p1b: Chien-Pao\n|-singleturn|p1b: Chien-Pao|Protect\n|move|p2a: Ursaluna|Hyper Voice|p1a: Iron Hands|[spread] p1a\n|-activate|p1b: Chien-Pao|move: Protect\n|-damage|p1a: Iron Hands|59\/100\n|\n|-weather|RainDance|[upkeep]\n|upkeep\n|turn|4\n|inactive|COLSSJ has 30 seconds left.\n|inactive|mookystank has 30 seconds left.\n|inactive|COLSSJ has 20 seconds left.\n|inactive|COLSSJ has 15 seconds left.\n|inactive|mookystank has 20 seconds left.\n|inactive|COLSSJ has 10 seconds left.\n|inactive|mookystank has 15 seconds left.\n|inactive|mookystank has 10 seconds left.\n|\n|t:|1700022607\n|-terastallize|p2a: Ursaluna|Normal\n|move|p2b: Indeedee|Helping Hand|p2a: Ursaluna\n|-singleturn|p2a: Ursaluna|Helping Hand|[of] p2b: Indeedee\n|move|p2a: Ursaluna|Hyper Voice|p1a: Iron Hands|[spread] p1a,p1b\n|-damage|p1a: Iron Hands|3\/100\n|-damage|p1b: Chien-Pao|0 fnt\n|faint|p1b: Chien-Pao\n|move|p1a: Iron Hands|Heavy Slam|p2b: Indeedee\n|-damage|p2b: Indeedee|8\/100\n|\n|-weather|RainDance|[upkeep]\n|upkeep\n|\n|t:|1700022623\n|switch|p1b: Pelipper|Pelipper, L50, F|29\/100\n|turn|5\n|\n|t:|1700022648\n|move|p2b: Indeedee|Helping Hand|p2a: Ursaluna\n|-singleturn|p2a: Ursaluna|Helping Hand|[of] p2b: Indeedee\n|move|p1b: Pelipper|Protect|p1b: Pelipper\n|-singleturn|p1b: Pelipper|Protect\n|move|p2a: Ursaluna|Hyper Voice|p1a: Iron Hands|[spread] p1a\n|-activate|p1b: Pelipper|move: Protect\n|-damage|p1a: Iron Hands|0 fnt\n|faint|p1a: Iron Hands\n|-end|p1a: Iron Hands|Quark Drive|[silent]\n|\n|-weather|none\n|-fieldend|move: Psychic Terrain\n|upkeep\n|\n|t:|1700022659\n|switch|p1a: Gyarados|Gyarados, L50, M|100\/100\n|-ability|p1a: Gyarados|Intimidate|boost\n|-unboost|p2a: Ursaluna|atk|1\n|-unboost|p2b: Indeedee|atk|1\n|turn|6\n|\n|t:|1700022680\n|move|p2b: Indeedee|Helping Hand|p2a: Ursaluna\n|-singleturn|p2a: Ursaluna|Helping Hand|[of] p2b: Indeedee\n|move|p2a: Ursaluna|Hyper Voice|p1b: Pelipper|[spread] p1a,p1b\n|-damage|p1a: Gyarados|0 fnt\n|-damage|p1b: Pelipper|0 fnt\n|faint|p1a: Gyarados\n|faint|p1b: Pelipper\n|\n|win|mookystank\n|raw|COLSSJ's rating: 1071 &rarr; <strong>1049<\/strong><br \/>(-22 for losing)\n|raw|mookystank's rating: 1045 &rarr; <strong>1081<\/strong><br \/>(+36 for winning)\n|l|\u2606COLSSJ\n|c|\u2606mookystank|bear is busted\n","uploadtime":1700022695,"views":16,"p1id":"colssj","p2id":"mookystank","formatid":"gen9vgc2023regulatione","rating":1049,"private":0,"password":""}