{"id":"gen9vgc2023regulatione-1988779758","p1":"ChoccyMilkMafia","p2":"WinSomeLoseNone","format":"[Gen 9] VGC 2023 Regulation E","log":"|j|\u2606ChoccyMilkMafia\n|j|\u2606WinSomeLoseNone\n|t:|1699762118\n|gametype|doubles\n|player|p1|ChoccyMilkMafia|kieran|1104\n|player|p2|WinSomeLoseNone|swimmer-gen4dp|1205\n|teamsize|p1|6\n|teamsize|p2|6\n|gen|9\n|tier|[Gen 9] VGC 2023 Regulation E\n|rated|\n|rule|Species Clause: Limit one of each Pok\u00e9mon\n|rule|Item Clause: Limit one of each item\n|clearpoke\n|poke|p1|Kommo-o, L50, M|\n|poke|p1|Kingambit, L50, F|\n|poke|p1|Sinistcha, L50|\n|poke|p1|Farigiraf, L50, M|\n|poke|p1|Fezandipiti, L50, M|\n|poke|p1|Ninetales-Alola, L50, F|\n|poke|p2|Garganacl, L50, F|\n|poke|p2|Oranguru, L50, M|\n|poke|p2|Grimmsnarl, L50, M|\n|poke|p2|Enamorus, L50, F|\n|poke|p2|Empoleon, L50, M|\n|poke|p2|Gastrodon, L50, F|\n|teampreview|4\n|inactive|Battle timer is ON: inactive players will automatically lose when time's up. (requested by WinSomeLoseNone)\n|inactive|ChoccyMilkMafia has 60 seconds left.\n|inactive|WinSomeLoseNone has 60 seconds left.\n|\n|t:|1699762162\n|start\n|switch|p1a: Farigiraf|Farigiraf, L50, M|100\/100\n|switch|p1b: Kommo-o|Kommo-o, L50, M|100\/100\n|switch|p2a: Empoleon|Empoleon, L50, M|100\/100\n|switch|p2b: Gastrodon|Gastrodon, L50, F|100\/100\n|turn|1\n|inactive|WinSomeLoseNone has 30 seconds left.\n|\n|t:|1699762194\n|switch|p1a: Sinistcha|Sinistcha, L50|100\/100\n|-terastallize|p2a: Empoleon|Ghost\n|move|p1b: Kommo-o|Clangorous Soul|p1b: Kommo-o\n|-boost|p1b: Kommo-o|atk|1\n|-boost|p1b: Kommo-o|def|1\n|-boost|p1b: Kommo-o|spa|1\n|-boost|p1b: Kommo-o|spd|1\n|-boost|p1b: Kommo-o|spe|1\n|-damage|p1b: Kommo-o|68\/100\n|move|p2a: Empoleon|Surf|p1b: Kommo-o|[spread] p1a,p1b\n|-ability|p2b: Gastrodon|Storm Drain|boost\n|-boost|p2b: Gastrodon|spa|1\n|-resisted|p1a: Sinistcha\n|-resisted|p1b: Kommo-o\n|-damage|p1a: Sinistcha|83\/100\n|-damage|p1b: Kommo-o|59\/100\n|move|p2b: Gastrodon|Muddy Water|p1b: Kommo-o|[spread] p1a,p1b\n|-resisted|p1a: Sinistcha\n|-resisted|p1b: Kommo-o\n|-damage|p1a: Sinistcha|58\/100\n|-damage|p1b: Kommo-o|48\/100\n|\n|upkeep\n|turn|2\n|inactive|ChoccyMilkMafia has 30 seconds left.\n|\n|t:|1699762220\n|-terastallize|p1b: Kommo-o|Ghost\n|move|p1b: Kommo-o|Shadow Claw|p2a: Empoleon\n|-supereffective|p2a: Empoleon\n|-damage|p2a: Empoleon|8\/100\n|-enditem|p2a: Empoleon|Weakness Policy\n|-boost|p2a: Empoleon|atk|2|[from] item: Weakness Policy\n|-boost|p2a: Empoleon|spa|2|[from] item: Weakness Policy\n|move|p1a: Sinistcha|Matcha Gotcha|p2b: Gastrodon|[spread] p2a,p2b\n|-supereffective|p2b: Gastrodon\n|-damage|p2a: Empoleon|0 fnt\n|-heal|p1a: Sinistcha|62\/100|[from] drain|[of] p2a: Empoleon\n|-damage|p2b: Gastrodon|10\/100\n|-heal|p1a: Sinistcha|100\/100|[from] drain|[of] p2b: Gastrodon\n|-enditem|p2b: Gastrodon|Sitrus Berry|[eat]\n|-heal|p2b: Gastrodon|35\/100|[from] item: Sitrus Berry\n|faint|p2a: Empoleon\n|move|p2b: Gastrodon|Sludge Bomb|p1a: Sinistcha\n|-damage|p1a: Sinistcha|53\/100\n|\n|upkeep\n|\n|t:|1699762238\n|switch|p2a: Oranguru|Oranguru, L50, M|100\/100\n|turn|3\n|\n|t:|1699762245\n|move|p2b: Gastrodon|Protect|p2b: Gastrodon\n|-singleturn|p2b: Gastrodon|Protect\n|move|p1b: Kommo-o|Drain Punch|p2a: Oranguru\n|-damage|p2a: Oranguru|53\/100\n|-heal|p1b: Kommo-o|70\/100|[from] drain|[of] p2a: Oranguru\n|move|p1a: Sinistcha|Matcha Gotcha|p2b: Gastrodon|[spread] \n|-activate|p2b: Gastrodon|move: Protect\n|-miss|p1a: Sinistcha|p2a: Oranguru\n|move|p2a: Oranguru|Trick Room|p2a: Oranguru\n|-fieldstart|move: Trick Room|[of] p2a: Oranguru\n|\n|upkeep\n|turn|4\n|inactive|WinSomeLoseNone has 30 seconds left.\n|\n|t:|1699762271\n|move|p2b: Gastrodon|Sludge Bomb|p1a: Sinistcha\n|-damage|p1a: Sinistcha|10\/100\n|move|p2a: Oranguru|Instruct|p2b: Gastrodon\n|-singleturn|p2b: Gastrodon|move: Instruct|[of] p2a: Oranguru\n|move|p2b: Gastrodon|Sludge Bomb|p1a: Sinistcha\n|-damage|p1a: Sinistcha|0 fnt\n|faint|p1a: Sinistcha\n|move|p1b: Kommo-o|Clangorous Soul|p1b: Kommo-o\n|-boost|p1b: Kommo-o|atk|1\n|-boost|p1b: Kommo-o|def|1\n|-boost|p1b: Kommo-o|spa|1\n|-boost|p1b: Kommo-o|spd|1\n|-boost|p1b: Kommo-o|spe|1\n|-damage|p1b: Kommo-o|37\/100\n|\n|upkeep\n|\n|t:|1699762287\n|switch|p1a: Farigiraf|Farigiraf, L50, M|100\/100\n|turn|5\n|\n|t:|1699762308\n|move|p1b: Kommo-o|Protect|p1b: Kommo-o\n|-singleturn|p1b: Kommo-o|Protect\n|move|p2b: Gastrodon|Earth Power|p1b: Kommo-o\n|-activate|p1b: Kommo-o|move: Protect\n|move|p2a: Oranguru|Instruct|p2b: Gastrodon\n|-singleturn|p2b: Gastrodon|move: Instruct|[of] p2a: Oranguru\n|move|p2b: Gastrodon|Earth Power|p1b: Kommo-o\n|-activate|p1b: Kommo-o|move: Protect\n|move|p1a: Farigiraf|Trick Room|p1a: Farigiraf\n|-fieldend|move: Trick Room\n|\n|upkeep\n|turn|6\n|\n|t:|1699762328\n|move|p2b: Gastrodon|Protect|p2b: Gastrodon\n|-singleturn|p2b: Gastrodon|Protect\n|move|p1b: Kommo-o|Drain Punch|p2a: Oranguru\n|-damage|p2a: Oranguru|0 fnt\n|-heal|p1b: Kommo-o|61\/100|[from] drain|[of] p2a: Oranguru\n|faint|p2a: Oranguru\n|move|p1a: Farigiraf|Hyper Voice|p2b: Gastrodon\n|-activate|p2b: Gastrodon|move: Protect\n|\n|upkeep\n|\n|t:|1699762337\n|switch|p2a: Garganacl|Garganacl, L50, F|100\/100\n|turn|7\n|\n|t:|1699762348\n|move|p1b: Kommo-o|Drain Punch|p2a: Garganacl\n|-supereffective|p2a: Garganacl\n|-damage|p2a: Garganacl|15\/100\n|-heal|p1b: Kommo-o|100\/100|[from] drain|[of] p2a: Garganacl\n|move|p1a: Farigiraf|Hyper Voice|p2b: Gastrodon|[spread] p2a,p2b\n|-resisted|p2a: Garganacl\n|-crit|p2a: Garganacl\n|-damage|p2a: Garganacl|0 fnt\n|-damage|p2b: Gastrodon|9\/100\n|faint|p2a: Garganacl\n|move|p2b: Gastrodon|Muddy Water|p1a: Farigiraf|[spread] p1a\n|-miss|p2b: Gastrodon|p1b: Kommo-o\n|-damage|p1a: Farigiraf|63\/100\n|\n|upkeep\n|turn|8\n|-message|WinSomeLoseNone forfeited.\n|\n|win|ChoccyMilkMafia\n|raw|ChoccyMilkMafia's rating: 1104 &rarr; <strong>1136<\/strong><br \/>(+32 for winning)\n|raw|WinSomeLoseNone's rating: 1205 &rarr; <strong>1173<\/strong><br \/>(-32 for losing)\n|l|\u2606WinSomeLoseNone\n","uploadtime":1699762376,"views":13,"p1id":"choccymilkmafia","p2id":"winsomelosenone","formatid":"gen9vgc2023regulatione","rating":1136,"private":0,"password":""}