{"id":"gen9vgc2023regulatione-1992685065","p1":"Yojimbo365","p2":"Hydragetv","format":"[Gen 9] VGC 2023 Regulation E","log":"|j|\u2606Yojimbo365\n|j|\u2606Hydragetv\n|t:|1700225040\n|gametype|doubles\n|player|p1|Yojimbo365|265|1188\n|player|p2|Hydragetv|steven|1248\n|teamsize|p1|6\n|teamsize|p2|6\n|gen|9\n|tier|[Gen 9] VGC 2023 Regulation E\n|rated|\n|rule|Species Clause: Limit one of each Pok\u00e9mon\n|rule|Item Clause: Limit one of each item\n|clearpoke\n|poke|p1|Urshifu-*, L50, F|\n|poke|p1|Tornadus, L50, M|\n|poke|p1|Regidrago, L50|\n|poke|p1|Rillaboom, L50, M|\n|poke|p1|Arcanine-Hisui, L50, M|\n|poke|p1|Gholdengo, L50|\n|poke|p2|Amoonguss, L50, M|\n|poke|p2|Iron Hands, L50|\n|poke|p2|Arcanine-Hisui, L50, M|\n|poke|p2|Tornadus, L50, M|\n|poke|p2|Urshifu-*, L50, M|\n|poke|p2|Gholdengo, L50|\n|teampreview|4\nYojimbo365 has agreed to open team sheets.\n|inactive|Battle timer is ON: inactive players will automatically lose when time's up. (requested by Yojimbo365)\n|inactive|Yojimbo365 has 60 seconds left.\n|inactive|Hydragetv has 60 seconds left.\n|\n|t:|1700225165\n|start\n|switch|p1a: Tornadus|Tornadus, L50, M|100\/100\n|switch|p1b: Regidrago|Regidrago, L50, shiny|100\/100\n|switch|p2a: Tornadus|Tornadus, L50, M|100\/100\n|switch|p2b: Urshifu|Urshifu-Rapid-Strike, L50, M|100\/100\n|turn|1\n|inactive|Yojimbo365 has 30 seconds left.\n|inactive|Hydragetv has 30 seconds left.\n|inactive|Yojimbo365 has 20 seconds left.\n|inactive|Hydragetv has 20 seconds left.\n|inactive|Yojimbo365 has 15 seconds left.\n|inactive|Hydragetv has 15 seconds left.\n|\n|t:|1700225210\n|move|p1a: Tornadus|Protect|p1a: Tornadus\n|-singleturn|p1a: Tornadus|Protect\n|move|p2a: Tornadus|Tailwind|p2a: Tornadus\n|-sidestart|p2: Hydragetv|move: Tailwind\n|move|p2b: Urshifu|U-turn|p1b: Regidrago\n|-damage|p1b: Regidrago|73\/100\n|\n|t:|1700225218\n|switch|p2b: Iron Hands|Iron Hands, L50|100\/100|[from] U-turn\n|move|p1b: Regidrago|Dragon Energy|p2b: Iron Hands|[spread] p2a,p2b\n|-damage|p2a: Tornadus|18\/100\n|-damage|p2b: Iron Hands|62\/100\n|-enditem|p2a: Tornadus|Sitrus Berry|[eat]\n|-heal|p2a: Tornadus|43\/100|[from] item: Sitrus Berry\n|\n|upkeep\n|turn|2\n|inactive|Yojimbo365 has 30 seconds left.\n|inactive|Hydragetv has 30 seconds left.\n|\n|t:|1700225246\n|-terastallize|p1a: Tornadus|Ghost\n|move|p2b: Iron Hands|Fake Out|p1b: Regidrago\n|-damage|p1b: Regidrago|55\/100\n|move|p2a: Tornadus|Taunt|p1a: Tornadus\n|-start|p1a: Tornadus|move: Taunt\n|cant|p1a: Tornadus|move: Taunt|Tailwind\n|cant|p1b: Regidrago|flinch\n|\n|upkeep\n|turn|3\n|inactive|Hydragetv has 30 seconds left.\n|inactive|Hydragetv has 20 seconds left.\n|inactive|Hydragetv has 15 seconds left.\n|inactive|Hydragetv has 10 seconds left.\n|inactive|Hydragetv has 5 seconds left.\n|\n|t:|1700225297\n|switch|p2a: Arcanine|Arcanine-Hisui, L50, M|100\/100\n|-ability|p2a: Arcanine|Intimidate|boost\n|-unboost|p1a: Tornadus|atk|1\n|-unboost|p1b: Regidrago|atk|1\n|move|p2b: Iron Hands|Drain Punch|p1b: Regidrago\n|-damage|p1b: Regidrago|9\/100\n|-heal|p2b: Iron Hands|88\/100|[from] drain|[of] p1b: Regidrago\n|move|p1a: Tornadus|Bleakwind Storm|p2b: Iron Hands|[spread] p2a,p2b\n|-resisted|p2a: Arcanine\n|-crit|p2a: Arcanine\n|-damage|p2a: Arcanine|74\/100\n|-damage|p2b: Iron Hands|72\/100\n|move|p1b: Regidrago|Earth Power|p2b: Iron Hands\n|-supereffective|p2b: Iron Hands\n|-damage|p2b: Iron Hands|42\/100\n|\n|upkeep\n|turn|4\n|inactive|Hydragetv has 30 seconds left.\n|inactive|Hydragetv has 20 seconds left.\n|inactive|Hydragetv has 15 seconds left.\n|inactive|Hydragetv has 10 seconds left.\n|\n|t:|1700225344\n|-end|p2b: Iron Hands|Quark Drive|[silent]\n|switch|p2b: Tornadus|Tornadus, L50, M|43\/100\n|move|p1b: Regidrago|Protect|p1b: Regidrago\n|-singleturn|p1b: Regidrago|Protect\n|move|p2a: Arcanine|Rock Slide|p1a: Tornadus|[spread] p1a\n|-activate|p1b: Regidrago|move: Protect\n|-damage|p1a: Tornadus|63\/100\n|move|p1a: Tornadus|Bleakwind Storm|p2a: Arcanine|[spread] p2a,p2b\n|-resisted|p2a: Arcanine\n|-damage|p2a: Arcanine|55\/100\n|-damage|p2b: Tornadus|4\/100\n|-unboost|p2b: Tornadus|spe|1\n|\n|-end|p1a: Tornadus|move: Taunt\n|-sideend|p2: Hydragetv|move: Tailwind\n|upkeep\n|turn|5\n|inactive|Hydragetv has 30 seconds left.\n|inactive|Hydragetv has 20 seconds left.\n|\n|t:|1700225380\n|move|p1a: Tornadus|Tailwind|p1a: Tornadus\n|-sidestart|p1: Yojimbo365|move: Tailwind\n|move|p2b: Tornadus|Tailwind|p2b: Tornadus\n|-sidestart|p2: Hydragetv|move: Tailwind\n|move|p2a: Arcanine|Rock Slide|p1b: Regidrago|[spread] p1a\n|-miss|p2a: Arcanine|p1b: Regidrago\n|-damage|p1a: Tornadus|22\/100\n|move|p1b: Regidrago|Dragon Energy|p2b: Tornadus|[spread] p2a,p2b\n|-damage|p2a: Arcanine|44\/100\n|-damage|p2b: Tornadus|0 fnt\n|faint|p2b: Tornadus\n|\n|upkeep\n|\n|t:|1700225400\n|switch|p2b: Iron Hands|Iron Hands, L50|42\/100\n|turn|6\n|\n|t:|1700225415\n|move|p1a: Tornadus|Protect|p1a: Tornadus\n|-singleturn|p1a: Tornadus|Protect\n|move|p1b: Regidrago|Protect|p1b: Regidrago\n|-singleturn|p1b: Regidrago|Protect\n|move|p2b: Iron Hands|Fake Out|p1b: Regidrago\n|-activate|p1b: Regidrago|move: Protect\n|move|p2a: Arcanine|Rock Slide|p1b: Regidrago|[spread] \n|-activate|p1a: Tornadus|move: Protect\n|-activate|p1b: Regidrago|move: Protect\n|\n|upkeep\n|turn|7\n|inactive|Hydragetv has 30 seconds left.\n|inactive|Yojimbo365 has 30 seconds left.\n|inactive|Hydragetv has 20 seconds left.\n|\n|t:|1700225453\n|switch|p1b: Gholdengo|Gholdengo, L50|100\/100\n|move|p2a: Arcanine|Rock Slide|p1a: Tornadus|[spread] p1a,p1b\n|-resisted|p1b: Gholdengo\n|-damage|p1a: Tornadus|0 fnt\n|-damage|p1b: Gholdengo|76\/100\n|faint|p1a: Tornadus\n|move|p2b: Iron Hands|Drain Punch|p1b: Gholdengo\n|-immune|p1b: Gholdengo\n|\n|upkeep\n|\n|t:|1700225466\n|switch|p1a: Regidrago|Regidrago, L50, shiny|9\/100\n|turn|8\n|\n|t:|1700225490\n|move|p1b: Gholdengo|Protect|p1b: Gholdengo\n|-singleturn|p1b: Gholdengo|Protect\n|move|p2a: Arcanine|Rock Slide|p1b: Gholdengo|[spread] p1a\n|-activate|p1b: Gholdengo|move: Protect\n|-damage|p1a: Regidrago|0 fnt\n|faint|p1a: Regidrago\n|move|p2b: Iron Hands|Wild Charge|p1b: Gholdengo\n|-activate|p1b: Gholdengo|move: Protect\n|\n|-sideend|p1: Yojimbo365|move: Tailwind\n|-sideend|p2: Hydragetv|move: Tailwind\n|upkeep\n|\n|t:|1700225500\n|switch|p1a: Rillaboom|Rillaboom, L50, M|100\/100\n|-fieldstart|move: Grassy Terrain|[from] ability: Grassy Surge|[of] p1a: Rillaboom\n|turn|9\n|inactive|Hydragetv has 30 seconds left.\n|inactive|Yojimbo365 has 30 seconds left.\n|inactive|Hydragetv has 20 seconds left.\n|\n|t:|1700225538\n|switch|p2a: Urshifu|Urshifu-Rapid-Strike, L50, M|100\/100\n|move|p1a: Rillaboom|Fake Out|p2b: Iron Hands\n|-damage|p2b: Iron Hands|30\/100\n|move|p1b: Gholdengo|Nasty Plot|p1b: Gholdengo\n|-boost|p1b: Gholdengo|spa|2\n|cant|p2b: Iron Hands|flinch\n|\n|-heal|p1b: Gholdengo|82\/100|[from] Grassy Terrain\n|-heal|p2b: Iron Hands|37\/100|[from] Grassy Terrain\n|upkeep\n|turn|10\n|inactive|Hydragetv has 30 seconds left.\n|\n|t:|1700225573\n|-end|p2b: Iron Hands|Quark Drive|[silent]\n|switch|p2b: Arcanine|Arcanine-Hisui, L50, M|44\/100\n|-ability|p2b: Arcanine|Intimidate|boost\n|-unboost|p1a: Rillaboom|atk|1\n|-unboost|p1b: Gholdengo|atk|1\n|move|p1b: Gholdengo|Protect|p1b: Gholdengo\n|-singleturn|p1b: Gholdengo|Protect\n|move|p1a: Rillaboom|Grassy Glide|p2a: Urshifu\n|-supereffective|p2a: Urshifu\n|-damage|p2a: Urshifu|47\/100\n|move|p2a: Urshifu|U-turn|p1a: Rillaboom\n|-supereffective|p1a: Rillaboom\n|-damage|p1a: Rillaboom|53\/100\n|\n|t:|1700225586\n|switch|p2a: Iron Hands|Iron Hands, L50|37\/100|[from] U-turn\n|\n|-heal|p2b: Arcanine|50\/100|[from] Grassy Terrain\n|-heal|p1b: Gholdengo|88\/100|[from] Grassy Terrain\n|-heal|p1a: Rillaboom|59\/100|[from] Grassy Terrain\n|-heal|p2a: Iron Hands|43\/100|[from] Grassy Terrain\n|upkeep\n|turn|11\n|inactive|Yojimbo365 has 30 seconds left.\n|inactive|Yojimbo365 has 20 seconds left.\n|\n|t:|1700225621\n|move|p2a: Iron Hands|Fake Out|p1a: Rillaboom\n|-damage|p1a: Rillaboom|44\/100\n|move|p2b: Arcanine|Flare Blitz|p1b: Gholdengo\n|-supereffective|p1b: Gholdengo\n|-damage|p1b: Gholdengo|0 fnt\n|faint|p1b: Gholdengo\n|-damage|p2b: Arcanine|19\/100|[from] Recoil\n|cant|p1a: Rillaboom|flinch\n|\n|-heal|p2b: Arcanine|25\/100|[from] Grassy Terrain\n|-heal|p1a: Rillaboom|50\/100|[from] Grassy Terrain\n|-heal|p2a: Iron Hands|49\/100|[from] Grassy Terrain\n|upkeep\n|turn|12\n|inactive|Hydragetv has 30 seconds left.\n|\n|t:|1700225642\n|-end|p2a: Iron Hands|Quark Drive|[silent]\n|switch|p2a: Urshifu|Urshifu-Rapid-Strike, L50, M|47\/100\n|move|p2b: Arcanine|Flare Blitz|p1a: Rillaboom\n|-supereffective|p1a: Rillaboom\n|-damage|p1a: Rillaboom|0 fnt\n|faint|p1a: Rillaboom\n|-damage|p2b: Arcanine|6\/100|[from] Recoil\n|\n|win|Hydragetv\n|inactive|Hydragetv has 25 seconds left this turn.\n|raw|Yojimbo365's rating: 1188 &rarr; <strong>1167<\/strong><br \/>(-21 for losing)\n|raw|Hydragetv's rating: 1248 &rarr; <strong>1269<\/strong><br \/>(+21 for winning)\n|l|\u2606Yojimbo365\n","uploadtime":1700225656,"views":9,"p1id":"yojimbo365","p2id":"hydragetv","formatid":"gen9vgc2023regulatione","rating":1167,"private":0,"password":""}