{"id":"gen9vgc2023regulatione-1993982497","p1":"LameLiarLeo","p2":"Aylona","format":"[Gen 9] VGC 2023 Regulation E","log":"|j|\u2606LameLiarLeo\n|j|\u2606Aylona\n|n|\u2606LameLiarLeo|lameliarleo\n|n|\u2606Aylona|aylona\n|html|View the match progress at <a href=\"\/game-bestof3-gen9vgc2023regulatione-1993981218\">game-bestof3-gen9vgc2023regulatione-1993981218<\/a>\n|t:|1700387800\n|gametype|doubles\n|player|p1|LameLiarLeo|caitlin|\n|player|p2|Aylona|morty|\n|teamsize|p1|6\n|teamsize|p2|6\n|gen|9\n|tier|[Gen 9] VGC 2023 Regulation E\n|rule|Species Clause: Limit one of each Pok\u00e9mon\n|rule|Item Clause: Limit one of each item\n|clearpoke\n|poke|p1|Iron Valiant, L50|\n|poke|p1|Gholdengo, L50|\n|poke|p1|Ogerpon-Wellspring, L50, F|\n|poke|p1|Rillaboom, L50, F|\n|poke|p1|Heatran, L50, M|\n|poke|p1|Ninetales-Alola, L50, M|\n|poke|p2|Annihilape, L50, F|\n|poke|p2|Iron Hands, L50|\n|poke|p2|Arcanine-Hisui, L50, M|\n|poke|p2|Sinistcha, L50|\n|poke|p2|Indeedee-F, L50, F|\n|poke|p2|Hatterene, L50, F|\n|teampreview|4\n|inactive|Battle timer is ON: inactive players will automatically lose when time's up. (requested by LameLiarLeo)\n|j| fyfyyalt1\n|inactive|LameLiarLeo has 60 seconds left.\nLameLiarLeo has agreed to open team sheets.\n|\n|t:|1700387835\n|start\n|switch|p1a: Rillaboom|Rillaboom, L50, F|100\/100\n|switch|p1b: Ninetales|Ninetales-Alola, L50, M|100\/100\n|switch|p2a: Iron Hands|Iron Hands, L50|100\/100\n|switch|p2b: Hatterene|Hatterene, L50, F|100\/100\n|-weather|Snow|[from] ability: Snow Warning|[of] p1b: Ninetales\n|-fieldstart|move: Grassy Terrain|[from] ability: Grassy Surge|[of] p1a: Rillaboom\n|turn|1\n|c|\u2606LameLiarLeo|!showteam hidestats\n|c| LameLiarLeo|\/raw <div class=\"infobox\"><details><summary>View team<\/summary>Iron Valiant @ Booster Energy  <br \/>Ability: Quark Drive  <br \/>Level: 50  <br \/>Tera Type: Ghost  <br \/>- Close Combat  <br \/>- Moonblast  <br \/>- Encore  <br \/>- Disable  <br \/><br \/>Gholdengo @ Leftovers  <br \/>Ability: Good as Gold  <br \/>Level: 50  <br \/>Tera Type: Dragon  <br \/>- Make It Rain  <br \/>- Shadow Ball  <br \/>- Nasty Plot  <br \/>- Protect  <br \/><br \/>Ogerpon (Ogerpon-Wellspring) (F) @ Wellspring Mask  <br \/>Ability: Water Absorb  <br \/>Level: 50  <br \/>Hidden Power: Poison  <br \/>Tera Type: Water  <br \/>- Ivy Cudgel  <br \/>- Horn Leech  <br \/>- Follow Me  <br \/>- Spiky Shield  <br \/><br \/>Rillaboom (F) @ Assault Vest  <br \/>Ability: Grassy Surge  <br \/>Level: 50  <br \/>Tera Type: Fire  <br \/>- Fake Out  <br \/>- Wood Hammer  <br \/>- Grassy Glide  <br \/>- U-turn  <br \/><br \/>Heatran (M) @ Life Orb  <br \/>Ability: Flash Fire  <br \/>Level: 50  <br \/>Tera Type: Fairy  <br \/>- Heat Wave  <br \/>- Tera Blast  <br \/>- Earth Power  <br \/>- Protect  <br \/><br \/>Ninetales (Ninetales-Alola) (M) @ Sitrus Berry  <br \/>Ability: Snow Warning  <br \/>Level: 50  <br \/>Tera Type: Fire  <br \/>- Blizzard  <br \/>- Icy Wind  <br \/>- Aurora Veil  <br \/>- Protect  <br \/><br \/><\/details><\/div>\n|c|\u2606Aylona|!showteam hidestats\n|c| Aylona|\/raw <div class=\"infobox\"><details><summary>View team<\/summary>Annihilape (F) @ Leftovers  <br \/>Ability: Defiant  <br \/>Level: 50  <br \/>Tera Type: Fire  <br \/>- Rage Fist  <br \/>- Drain Punch  <br \/>- Bulk Up  <br \/>- Protect  <br \/><br \/>Iron Hands @ Assault Vest  <br \/>Ability: Quark Drive  <br \/>Level: 50  <br \/>Tera Type: Grass  <br \/>- Wild Charge  <br \/>- Drain Punch  <br \/>- Heavy Slam  <br \/>- Fake Out  <br \/><br \/>Arcanine (Arcanine-Hisui) (M) @ Choice Band  <br \/>Ability: Intimidate  <br \/>Level: 50  <br \/>Tera Type: Fairy  <br \/>- Flare Blitz  <br \/>- Rock Slide  <br \/>- Extreme Speed  <br \/>- Tera Blast  <br \/><br \/>Sinistcha @ Sitrus Berry  <br \/>Ability: Hospitality  <br \/>Level: 50  <br \/>Tera Type: Water  <br \/>- Matcha Gotcha  <br \/>- Strength Sap  <br \/>- Trick Room  <br \/>- Rage Powder  <br \/><br \/>Indeedee (Indeedee-F) (F) @ Rocky Helmet  <br \/>Ability: Psychic Surge  <br \/>Level: 50  <br \/>Tera Type: Dragon  <br \/>- Dazzling Gleam  <br \/>- Helping Hand  <br \/>- Trick Room  <br \/>- Follow Me  <br \/><br \/>Hatterene (F) @ Life Orb  <br \/>Ability: Magic Bounce  <br \/>Level: 50  <br \/>Tera Type: Water  <br \/>- Psychic  <br \/>- Dazzling Gleam  <br \/>- Trick Room  <br \/>- Protect  <br \/><br \/><\/details><\/div>\n|inactive|LameLiarLeo has 30 seconds left.\n|inactive|Aylona has 30 seconds left.\n|inactive|Aylona has 20 seconds left.\n|inactive|Aylona has 15 seconds left.\n|\n|t:|1700387876\n|move|p2b: Hatterene|Protect|p2b: Hatterene\n|-singleturn|p2b: Hatterene|Protect\n|move|p1a: Rillaboom|Fake Out|p2b: Hatterene\n|-activate|p2b: Hatterene|move: Protect\n|move|p1b: Ninetales|Aurora Veil|p1b: Ninetales\n|-sidestart|p1: LameLiarLeo|move: Aurora Veil\n|move|p2a: Iron Hands|Heavy Slam|p1b: Ninetales\n|-supereffective|p1b: Ninetales\n|-damage|p1b: Ninetales|19\/100\n|-enditem|p1b: Ninetales|Sitrus Berry|[eat]\n|-heal|p1b: Ninetales|44\/100|[from] item: Sitrus Berry\n|\n|-weather|Snow|[upkeep]\n|-heal|p1b: Ninetales|50\/100|[from] Grassy Terrain\n|upkeep\n|turn|2\n|inactive|Aylona has 30 seconds left.\n|\n|t:|1700387909\n|switch|p1b: Heatran|Heatran, L50, M|100\/100\n|switch|p2b: Sinistcha|Sinistcha, L50|100\/100\n|move|p1a: Rillaboom|Wood Hammer|p2b: Sinistcha\n|-resisted|p2b: Sinistcha\n|-damage|p2b: Sinistcha|69\/100\n|-damage|p1a: Rillaboom|92\/100|[from] Recoil\n|move|p2a: Iron Hands|Heavy Slam|p1b: Heatran\n|-resisted|p1b: Heatran\n|-damage|p1b: Heatran|98\/100\n|\n|-weather|Snow|[upkeep]\n|-heal|p1a: Rillaboom|98\/100|[from] Grassy Terrain\n|-heal|p1b: Heatran|100\/100|[from] Grassy Terrain\n|-heal|p2b: Sinistcha|75\/100|[from] Grassy Terrain\n|upkeep\n|turn|3\n|inactive|Aylona has 30 seconds left.\n|inactive|Aylona has 20 seconds left.\n|inactive|Aylona has 15 seconds left.\n|\n|t:|1700387950\n|-terastallize|p1b: Heatran|Fairy\n|move|p1a: Rillaboom|Wood Hammer|p2a: Iron Hands\n|-damage|p2a: Iron Hands|48\/100\n|-damage|p1a: Rillaboom|77\/100|[from] Recoil\n|move|p1b: Heatran|Heat Wave|p2b: Sinistcha|[spread] p2a,p2b\n|-supereffective|p2b: Sinistcha\n|-damage|p2a: Iron Hands|23\/100\n|-damage|p2b: Sinistcha|0 fnt\n|faint|p2b: Sinistcha\n|-damage|p1b: Heatran|91\/100|[from] item: Life Orb\n|move|p2a: Iron Hands|Drain Punch|p1b: Heatran\n|-resisted|p1b: Heatran\n|-crit|p1b: Heatran\n|-damage|p1b: Heatran|67\/100\n|-heal|p2a: Iron Hands|33\/100|[from] drain|[of] p1b: Heatran\n|\n|-weather|Snow|[upkeep]\n|-heal|p1a: Rillaboom|83\/100|[from] Grassy Terrain\n|-heal|p1b: Heatran|73\/100|[from] Grassy Terrain\n|-heal|p2a: Iron Hands|39\/100|[from] Grassy Terrain\n|upkeep\n|\n|t:|1700387969\n|switch|p2b: Annihilape|Annihilape, L50, F|100\/100\n|turn|4\n|\n|t:|1700387985\n|-end|p2a: Iron Hands|Quark Drive|[silent]\n|switch|p2a: Hatterene|Hatterene, L50, F|100\/100\n|-terastallize|p2b: Annihilape|Fire\n|move|p2b: Annihilape|Bulk Up|p2b: Annihilape\n|-boost|p2b: Annihilape|atk|1\n|-boost|p2b: Annihilape|def|1\n|move|p1a: Rillaboom|Wood Hammer|p2b: Annihilape\n|-resisted|p2b: Annihilape\n|-damage|p2b: Annihilape|75\/100\n|-damage|p1a: Rillaboom|74\/100|[from] Recoil\n|move|p1b: Heatran|Earth Power|p2b: Annihilape\n|-supereffective|p2b: Annihilape\n|-damage|p2b: Annihilape|18\/100\n|-damage|p1b: Heatran|63\/100|[from] item: Life Orb\n|\n|-weather|Snow|[upkeep]\n|-heal|p2b: Annihilape|24\/100|[from] Grassy Terrain\n|-heal|p2b: Annihilape|30\/100|[from] item: Leftovers\n|-heal|p1a: Rillaboom|80\/100|[from] Grassy Terrain\n|-heal|p1b: Heatran|69\/100|[from] Grassy Terrain\n|upkeep\n|turn|5\n|\n|t:|1700388017\n|switch|p1a: Ninetales|Ninetales-Alola, L50, M|50\/100\n|move|p2b: Annihilape|Protect|p2b: Annihilape\n|-singleturn|p2b: Annihilape|Protect\n|move|p1b: Heatran|Protect|p1b: Heatran\n|-singleturn|p1b: Heatran|Protect\n|move|p2a: Hatterene|Psychic|p1b: Heatran\n|-activate|p1b: Heatran|move: Protect\n|\n|-weather|none\n|-heal|p1a: Ninetales|56\/100|[from] Grassy Terrain\n|-heal|p2b: Annihilape|36\/100|[from] Grassy Terrain\n|-heal|p2b: Annihilape|42\/100|[from] item: Leftovers\n|-heal|p1b: Heatran|75\/100|[from] Grassy Terrain\n|-sideend|p1: LameLiarLeo|move: Aurora Veil\n|-fieldend|move: Grassy Terrain\n|upkeep\n|turn|6\n|\n|t:|1700388032\n|move|p2b: Annihilape|Protect|p2b: Annihilape\n|-singleturn|p2b: Annihilape|Protect\n|move|p1a: Ninetales|Icy Wind|p2b: Annihilape|[spread] p2a\n|-activate|p2b: Annihilape|move: Protect\n|-damage|p2a: Hatterene|85\/100\n|-unboost|p2a: Hatterene|spe|1\n|move|p1b: Heatran|Earth Power|p2b: Annihilape\n|-activate|p2b: Annihilape|move: Protect\n|move|p2a: Hatterene|Trick Room|p2a: Hatterene\n|-fieldstart|move: Trick Room|[of] p2a: Hatterene\n|\n|-heal|p2b: Annihilape|48\/100|[from] item: Leftovers\n|upkeep\n|turn|7\n|\n|t:|1700388055\n|switch|p2b: Iron Hands|Iron Hands, L50|39\/100\n|move|p2a: Hatterene|Psychic|p1b: Heatran\n|-damage|p1b: Heatran|13\/100\n|-damage|p2a: Hatterene|75\/100|[from] item: Life Orb\n|move|p1b: Heatran|Earth Power|p2b: Iron Hands\n|-supereffective|p2b: Iron Hands\n|-damage|p2b: Iron Hands|0 fnt\n|faint|p2b: Iron Hands\n|-end|p2b: Iron Hands|Quark Drive|[silent]\n|-damage|p1b: Heatran|3\/100|[from] item: Life Orb\n|move|p1a: Ninetales|Aurora Veil||[still]\n|-fail|p1a: Ninetales\n|\n|upkeep\n|j| Choruto\n|\n|t:|1700388067\n|switch|p2b: Annihilape|Annihilape, L50, F, tera:Fire|48\/100\n|turn|8\n|\n|t:|1700388077\n|move|p1b: Heatran|Protect|p1b: Heatran\n|-singleturn|p1b: Heatran|Protect\n|move|p2a: Hatterene|Dazzling Gleam|p1a: Ninetales|[spread] p1a\n|-activate|p1b: Heatran|move: Protect\n|-damage|p1a: Ninetales|11\/100\n|-damage|p2a: Hatterene|66\/100|[from] item: Life Orb\n|move|p2b: Annihilape|Rage Fist|p1a: Ninetales\n|-damage|p1a: Ninetales|0 fnt\n|faint|p1a: Ninetales\n|\n|-heal|p2b: Annihilape|53\/100|[from] item: Leftovers\n|upkeep\n|l| fyfyyalt1\n|\n|t:|1700388085\n|switch|p1a: Ogerpon|Ogerpon-Wellspring, L50, F|100\/100\n|turn|9\n|\n|t:|1700388116\n|move|p2a: Hatterene|Dazzling Gleam|p1a: Ogerpon|[spread] p1a,p1b\n|-damage|p1a: Ogerpon|56\/100\n|-damage|p1b: Heatran|0 fnt\n|faint|p1b: Heatran\n|-damage|p2a: Hatterene|56\/100|[from] item: Life Orb\n|move|p2b: Annihilape|Drain Punch|p1a: Ogerpon\n|-damage|p1a: Ogerpon|24\/100\n|-heal|p2b: Annihilape|67\/100|[from] drain|[of] p1a: Ogerpon\n|move|p1a: Ogerpon|Ivy Cudgel|p2b: Annihilape|[anim] Ivy Cudgel Water\n|-supereffective|p2b: Annihilape\n|-damage|p2b: Annihilape|0 fnt\n|faint|p2b: Annihilape\n|\n|upkeep\n|\n|t:|1700388119\n|switch|p1b: Rillaboom|Rillaboom, L50, F|80\/100\n|-fieldstart|move: Grassy Terrain|[from] ability: Grassy Surge|[of] p1b: Rillaboom\n|turn|10\n|\n|t:|1700388131\n|move|p1b: Rillaboom|Fake Out|p2a: Hatterene\n|-damage|p2a: Hatterene|40\/100\n|cant|p2a: Hatterene|flinch\n|move|p1a: Ogerpon|Ivy Cudgel|p2a: Hatterene|[anim] Ivy Cudgel Water\n|-damage|p2a: Hatterene|0 fnt\n|faint|p2a: Hatterene\n|\n|win|LameLiarLeo\n|c|\u2606Aylona|gg\n|c|\u2606LameLiarLeo|gg, wo\n|c|\u2606LameLiarLeo|wp\n|l|\u2606Aylona\n|l| Choruto\n|j| Choruto\n","uploadtime":1700388727,"views":54,"p1id":"lameliarleo","p2id":"aylona","formatid":"gen9vgc2023regulatione","rating":0,"private":0,"password":""}