{"id":"gen9vgc2023regulatione-1994056243","p1":"TonyJazs","p2":"slapnutstbh","format":"[Gen 9] VGC 2023 Regulation E","log":"|j|\u2606TonyJazs\n|j|\u2606slapnutstbh\n|t:|1700400861\n|gametype|doubles\n|player|p1|TonyJazs|brawly|1105\n|player|p2|slapnutstbh|ingo|1146\n|teamsize|p1|6\n|teamsize|p2|6\n|gen|9\n|tier|[Gen 9] VGC 2023 Regulation E\n|rated|\n|rule|Species Clause: Limit one of each Pok\u00e9mon\n|rule|Item Clause: Limit one of each item\n|clearpoke\n|poke|p1|Tornadus, L50, M|\n|poke|p1|Arcanine-Hisui, L50, M|\n|poke|p1|Iron Hands, L50|\n|poke|p1|Gholdengo, L50|\n|poke|p1|Amoonguss, L50, F|\n|poke|p1|Urshifu-*, L50, M|\n|poke|p2|Oinkologne, L50, M|\n|poke|p2|Dusclops, L50, F|\n|poke|p2|Arcanine, L50, F|\n|poke|p2|Gyarados, L50, M|\n|poke|p2|Tinkaton, L50, F|\n|poke|p2|Goodra-Hisui, L50, M|\n|teampreview|4\n|inactive|Battle timer is ON: inactive players will automatically lose when time's up. (requested by TonyJazs)\nslapnutstbh has agreed to open team sheets.\n|inactive|TonyJazs has 60 seconds left.\n|inactive|slapnutstbh has 60 seconds left.\n|\n|t:|1700400906\n|start\n|switch|p1a: Tornadus|Tornadus, L50, M|100\/100\n|switch|p1b: Iron Hands|Iron Hands, L50|100\/100\n|switch|p2a: Oinkologne|Oinkologne, L50, M, shiny|100\/100\n|switch|p2b: Dusclops|Dusclops, L50, F, shiny|100\/100\n|-item|p1a: Tornadus|Covert Cloak|[from] ability: Frisk|[of] p2b: Dusclops|[identify]\n|-item|p1b: Iron Hands|Assault Vest|[from] ability: Frisk|[of] p2b: Dusclops|[identify]\n|turn|1\n|inactive|slapnutstbh has 30 seconds left.\n|\n|t:|1700400937\n|-terastallize|p2a: Oinkologne|Fairy\n|move|p1b: Iron Hands|Fake Out|p2a: Oinkologne\n|-damage|p2a: Oinkologne|86\/100\n|move|p1a: Tornadus|Taunt|p2b: Dusclops\n|-start|p2b: Dusclops|move: Taunt\n|cant|p2a: Oinkologne|flinch\n|cant|p2b: Dusclops|move: Taunt|Trick Room\n|\n|upkeep\n|turn|2\n|inactive|TonyJazs has 30 seconds left.\n|\n|t:|1700400964\n|switch|p2b: Arcanine|Arcanine, L50, F|100\/100\n|-ability|p2b: Arcanine|Intimidate|boost\n|-unboost|p1a: Tornadus|atk|1\n|-unboost|p1b: Iron Hands|atk|1\n|move|p1a: Tornadus|Bleakwind Storm|p2a: Oinkologne|[spread] p2a,p2b\n|-damage|p2a: Oinkologne|61\/100\n|-damage|p2b: Arcanine|65\/100\n|move|p2a: Oinkologne|Stuff Cheeks|p2a: Oinkologne\n|-boost|p2a: Oinkologne|def|2\n|-enditem|p2a: Oinkologne|Liechi Berry|[eat]\n|-boost|p2a: Oinkologne|atk|1|[from] item: Liechi Berry\n|move|p1b: Iron Hands|Heavy Slam|p2a: Oinkologne\n|-supereffective|p2a: Oinkologne\n|-damage|p2a: Oinkologne|43\/100\n|\n|upkeep\n|turn|3\n|inactive|TonyJazs has 30 seconds left.\n|inactive|slapnutstbh has 30 seconds left.\n|inactive|slapnutstbh has 20 seconds left.\n|inactive|slapnutstbh has 15 seconds left.\n|inactive|slapnutstbh has 10 seconds left.\n|\n|t:|1700401009\n|switch|p1a: Arcanine|Arcanine-Hisui, L50, M|100\/100\n|-ability|p1a: Arcanine|Intimidate|boost\n|-unboost|p2a: Oinkologne|atk|1\n|-unboost|p2b: Arcanine|atk|1\n|move|p2b: Arcanine|Flare Blitz|p1a: Arcanine\n|-resisted|p1a: Arcanine\n|-crit|p1a: Arcanine\n|-damage|p1a: Arcanine|70\/100\n|-damage|p2b: Arcanine|53\/100|[from] Recoil\n|move|p2a: Oinkologne|Facade|p1a: Arcanine\n|-resisted|p1a: Arcanine\n|-damage|p1a: Arcanine|55\/100\n|move|p1b: Iron Hands|Heavy Slam|p2a: Oinkologne\n|-supereffective|p2a: Oinkologne\n|-damage|p2a: Oinkologne|23\/100\n|\n|upkeep\n|turn|4\n|inactive|TonyJazs has 30 seconds left.\n|\n|t:|1700401038\n|switch|p2b: Dusclops|Dusclops, L50, F, shiny|100\/100\n|-item|p1a: Arcanine|Choice Band|[from] ability: Frisk|[of] p2b: Dusclops|[identify]\n|-item|p1b: Iron Hands|Assault Vest|[from] ability: Frisk|[of] p2b: Dusclops|[identify]\n|-end|p1b: Iron Hands|Quark Drive|[silent]\n|switch|p1b: Tornadus|Tornadus, L50, M|100\/100\n|move|p1a: Arcanine|Rock Slide|p2b: Dusclops|[spread] p2b\n|-miss|p1a: Arcanine|p2a: Oinkologne\n|-damage|p2b: Dusclops|71\/100\n|move|p2a: Oinkologne|Body Press|p1a: Arcanine\n|-supereffective|p1a: Arcanine\n|-damage|p1a: Arcanine|0 fnt\n|faint|p1a: Arcanine\n|\n|upkeep\n|\n|t:|1700401056\n|switch|p1a: Iron Hands|Iron Hands, L50|100\/100\n|turn|5\n|\n|t:|1700401070\n|switch|p2b: Arcanine|Arcanine, L50, F|53\/100\n|-ability|p2b: Arcanine|Intimidate|boost\n|-unboost|p1a: Iron Hands|atk|1\n|-unboost|p1b: Tornadus|atk|1\n|move|p1a: Iron Hands|Fake Out|p2a: Oinkologne\n|-damage|p2a: Oinkologne|18\/100\n|move|p1b: Tornadus|Taunt|p2b: Arcanine\n|-start|p2b: Arcanine|move: Taunt\n|cant|p2a: Oinkologne|flinch\n|\n|upkeep\n|turn|6\n|inactive|slapnutstbh has 30 seconds left.\n|\n|t:|1700401097\n|-terastallize|p1b: Tornadus|Dragon\n|move|p2a: Oinkologne|Helping Hand|p2b: Arcanine\n|-singleturn|p2b: Arcanine|Helping Hand|[of] p2a: Oinkologne\n|move|p2b: Arcanine|Flare Blitz|p1b: Tornadus\n|-resisted|p1b: Tornadus\n|-damage|p1b: Tornadus|32\/100\n|-damage|p2b: Arcanine|29\/100|[from] Recoil\n|move|p1b: Tornadus|Bleakwind Storm|p2b: Arcanine|[spread] p2a,p2b\n|-damage|p2a: Oinkologne|0 fnt\n|-damage|p2b: Arcanine|0 fnt\n|faint|p2a: Oinkologne\n|faint|p2b: Arcanine\n|move|p1a: Iron Hands|Heavy Slam|p2: Oinkologne|[notarget]\n|-fail|p1a: Iron Hands\n|\n|upkeep\n|\n|t:|1700401110\n|switch|p2b: Dusclops|Dusclops, L50, F, shiny|71\/100\n|switch|p2a: Goodra|Goodra-Hisui, L50, M|100\/100\n|-item|p1a: Iron Hands|Assault Vest|[from] ability: Frisk|[of] p2b: Dusclops|[identify]\n|-item|p1b: Tornadus|Covert Cloak|[from] ability: Frisk|[of] p2b: Dusclops|[identify]\n|turn|7\n|\n|t:|1700401135\n|move|p1b: Tornadus|Taunt|p2b: Dusclops\n|-start|p2b: Dusclops|move: Taunt\n|move|p2a: Goodra|Acid Armor|p2a: Goodra\n|-boost|p2a: Goodra|def|2\n|move|p1a: Iron Hands|Drain Punch|p2a: Goodra\n|-supereffective|p2a: Goodra\n|-damage|p2a: Goodra|73\/100\n|cant|p2b: Dusclops|move: Taunt|Trick Room\n|\n|upkeep\n|turn|8\n|\n|t:|1700401159\n|move|p1b: Tornadus|Taunt|p2a: Goodra\n|-start|p2a: Goodra|move: Taunt\n|move|p2a: Goodra|Dragon Pulse|p1b: Tornadus\n|-supereffective|p1b: Tornadus\n|-damage|p1b: Tornadus|0 fnt\n|faint|p1b: Tornadus\n|move|p1a: Iron Hands|Drain Punch|p2a: Goodra\n|-supereffective|p2a: Goodra\n|-damage|p2a: Goodra|45\/100\n|move|p2b: Dusclops|Tera Blast|p1a: Iron Hands\n|-damage|p1a: Iron Hands|94\/100\n|\n|upkeep\n|\n|t:|1700401172\n|switch|p1b: Urshifu|Urshifu-Rapid-Strike, L50, M|100\/100\n|turn|9\n|\n|t:|1700401182\n|move|p1b: Urshifu|Surging Strikes|p2b: Dusclops\n|-crit|p2b: Dusclops\n|-damage|p2b: Dusclops|55\/100\n|-crit|p2b: Dusclops\n|-damage|p2b: Dusclops|41\/100\n|-crit|p2b: Dusclops\n|-damage|p2b: Dusclops|27\/100\n|-hitcount|p2b: Dusclops|3\n|move|p2a: Goodra|Dragon Pulse|p1b: Urshifu\n|-damage|p1b: Urshifu|41\/100\n|move|p1a: Iron Hands|Drain Punch|p2a: Goodra\n|-supereffective|p2a: Goodra\n|-damage|p2a: Goodra|19\/100\n|-heal|p1a: Iron Hands|100\/100|[from] drain|[of] p2a: Goodra\n|move|p2b: Dusclops|Tera Blast|p1b: Urshifu\n|-crit|p1b: Urshifu\n|-damage|p1b: Urshifu|17\/100\n|\n|-end|p2b: Dusclops|move: Taunt\n|upkeep\n|turn|10\n|c|\u2606slapnutstbh|ggwp\n|inactive|slapnutstbh has 30 seconds left.\n|\n|t:|1700401213\n|move|p1b: Urshifu|Surging Strikes|p2b: Dusclops\n|-crit|p2b: Dusclops\n|-damage|p2b: Dusclops|11\/100\n|-crit|p2b: Dusclops\n|-damage|p2b: Dusclops|0 fnt\n|faint|p2b: Dusclops\n|-hitcount|p2: Dusclops|2\n|move|p2a: Goodra|Dragon Pulse|p1a: Iron Hands\n|-damage|p1a: Iron Hands|79\/100\n|move|p1a: Iron Hands|Drain Punch|p2a: Goodra\n|-supereffective|p2a: Goodra\n|-damage|p2a: Goodra|0 fnt\n|-heal|p1a: Iron Hands|86\/100|[from] drain|[of] p2a: Goodra\n|faint|p2a: Goodra\n|\n|win|TonyJazs\n|raw|TonyJazs's rating: 1105 &rarr; <strong>1133<\/strong><br \/>(+28 for winning)\n|raw|slapnutstbh's rating: 1146 &rarr; <strong>1118<\/strong><br \/>(-28 for losing)\n|l|\u2606slapnutstbh\n","uploadtime":1700401231,"views":5,"p1id":"tonyjazs","p2id":"slapnutstbh","formatid":"gen9vgc2023regulatione","rating":1118,"private":0,"password":""}