{"id":"gen9vgc2023regulatione-1990945440","p1":"z3nn!3","p2":"alecfromkanto","format":"[Gen 9] VGC 2023 Regulation E","log":"|j|\u2606z3nn!3\n|j|\u2606alecfromkanto\n|n|\u2606z3nn!3|z3nn3\n|n|\u2606alecfromkanto|alecfromkanto\n|html|View the match progress at <a href=\"\/game-bestof3-gen9vgc2023regulatione-1990945439\">game-bestof3-gen9vgc2023regulatione-1990945439<\/a>\n|t:|1700018179\n|gametype|doubles\n|player|p1|z3nn!3|roxie|\n|player|p2|alecfromkanto|cynthia-gen4|\n|teamsize|p1|6\n|teamsize|p2|6\n|gen|9\n|tier|[Gen 9] VGC 2023 Regulation E\n|rule|Species Clause: Limit one of each Pok\u00e9mon\n|rule|Item Clause: Limit one of each item\n|clearpoke\n|poke|p1|Gholdengo, L50|\n|poke|p1|Iron Hands, L50|\n|poke|p1|Amoonguss, L50, M|\n|poke|p1|Iron Bundle, L50|\n|poke|p1|Pelipper, L50, F|\n|poke|p1|Salamence, L50, M|\n|poke|p2|Ogerpon-Wellspring, L50, F|\n|poke|p2|Tornadus, L50, M|\n|poke|p2|Tyranitar, L50, F|\n|poke|p2|Kommo-o, L50, F|\n|poke|p2|Scizor, L50, M|\n|poke|p2|Iron Bundle, L50|\n|teampreview|4\n|inactive|Battle timer is ON: inactive players will automatically lose when time's up. (requested by alecfromkanto)\n|inactiveoff|Battle timer is now OFF.\nz3nn!3 has agreed to open team sheets.\nalecfromkanto has agreed to open team sheets.\n|showteam|p1|Gholdengo||Leftovers|GoodasGold|MakeItRain,NastyPlot,ShadowBall,Protect||||||50|,,,,,Dragon]Iron Hands||AssaultVest|QuarkDrive|FakeOut,HeavySlam,WildCharge,DrainPunch||||||50|,,,,,Water]Amoonguss||SitrusBerry|Regenerator|Spore,RagePowder,PollenPuff,Protect|||M|||50|,,,,,Water]Iron Bundle||BoosterEnergy|QuarkDrive|IcyWind,FreezeDry,HydroPump,Protect||||||50|,,,,,Ghost]Pelipper||FocusSash|Drizzle|Hurricane,WeatherBall,Protect,WideGuard|||F|||50|,,,,,Flying]Salamence||ChoiceScarf|Intimidate|Hurricane,DracoMeteor,Tailwind,AirSlash|||M|||50|,,,,,Flying\n|showteam|p2|Ogerpon-Wellspring||WellspringMask|WaterAbsorb|HornLeech,IvyCudgel,SpikyShield,FollowMe|||F|||50|,,,,,Water]Tornadus||CovertCloak|Prankster|BleakwindStorm,Taunt,Tailwind,IcyWind|||M|||50|,,,,,Steel]Tyranitar||AssaultVest|SandStream|KnockOff,RockSlide,TeraBlast,IcePunch|||F|||50|,,,,,Fairy]Kommo-o||Leftovers|Bulletproof|IronDefense,BodyPress,ShadowClaw,Protect|||F|||50|,,,,,Steel]Scizor||ClearAmulet|Technician|DualWingbeat,BulletPunch,Protect,BugBite|||M|||50|,,,,,Dragon]Iron Bundle||BoosterEnergy|QuarkDrive|Protect,IcyWind,HydroPump,FreezeDry||||||50|,,,,,Ghost\n|\n|t:|1700018559\n|start\n|switch|p1a: Iron Hands|Iron Hands, L50|100\/100\n|switch|p1b: Iron Bundle|Iron Bundle, L50|100\/100\n|switch|p2a: Tornadus|Tornadus, L50, M, shiny|100\/100\n|switch|p2b: Iron Bundle|Iron Bundle, L50, shiny|100\/100\n|-enditem|p2b: Iron Bundle|Booster Energy\n|-activate|p2b: Iron Bundle|ability: Quark Drive|[fromitem]\n|-start|p2b: Iron Bundle|quarkdrivespe\n|-enditem|p1b: Iron Bundle|Booster Energy\n|-activate|p1b: Iron Bundle|ability: Quark Drive|[fromitem]\n|-start|p1b: Iron Bundle|quarkdrivespe\n|turn|1\n|\n|t:|1700018762\n|move|p2a: Tornadus|Tailwind|p2a: Tornadus\n|-sidestart|p2: alecfromkanto|move: Tailwind\n|move|p2b: Iron Bundle|Freeze-Dry|p1b: Iron Bundle\n|-damage|p1b: Iron Bundle|50\/100\n|move|p1b: Iron Bundle|Icy Wind|p2a: Tornadus|[spread] p2a,p2b\n|-supereffective|p2a: Tornadus\n|-crit|p2a: Tornadus\n|-resisted|p2b: Iron Bundle\n|-damage|p2a: Tornadus|39\/100\n|-damage|p2b: Iron Bundle|92\/100\n|-unboost|p2b: Iron Bundle|spe|1\n|move|p1a: Iron Hands|Wild Charge|p2a: Tornadus\n|-supereffective|p2a: Tornadus\n|-damage|p2a: Tornadus|0 fnt\n|faint|p2a: Tornadus\n|-damage|p1a: Iron Hands|94\/100|[from] Recoil\n|\n|upkeep\n|\n|t:|1700018848\n|switch|p2a: Ogerpon|Ogerpon-Wellspring, L50, F|100\/100\n|turn|2\n|\n|t:|1700019201\n|move|p2b: Iron Bundle|Freeze-Dry|p1b: Iron Bundle\n|-damage|p1b: Iron Bundle|0 fnt\n|faint|p1b: Iron Bundle\n|-end|p1b: Iron Bundle|Quark Drive|[silent]\n|move|p2a: Ogerpon|Ivy Cudgel|p1a: Iron Hands|[anim] Ivy Cudgel Water\n|-crit|p1a: Iron Hands\n|-damage|p1a: Iron Hands|48\/100\n|move|p1a: Iron Hands|Wild Charge|p2b: Iron Bundle\n|-supereffective|p2b: Iron Bundle\n|-damage|p2b: Iron Bundle|0 fnt\n|faint|p2b: Iron Bundle\n|-end|p2b: Iron Bundle|Quark Drive|[silent]\n|-damage|p1a: Iron Hands|35\/100|[from] Recoil\n|\n|upkeep\n|\n|t:|1700019216\n|switch|p2b: Kommo-o|Kommo-o, L50, F, shiny|100\/100\n|switch|p1b: Salamence|Salamence, L50, M|100\/100\n|-ability|p1b: Salamence|Intimidate|boost\n|-unboost|p2a: Ogerpon|atk|1\n|-unboost|p2b: Kommo-o|atk|1\n|turn|3\n|\n|t:|1700019555\n|-terastallize|p2a: Ogerpon|Water\n|detailschange|p2a: Ogerpon|Ogerpon-Wellspring-Tera, L50, F, tera:Water\n|-ability|p2a: Ogerpon|Embody Aspect (Wellspring)|boost\n|-boost|p2a: Ogerpon|spd|1\n|-terastallize|p1a: Iron Hands|Water\n|move|p2b: Kommo-o|Protect|p2b: Kommo-o\n|-singleturn|p2b: Kommo-o|Protect\n|move|p2a: Ogerpon|Ivy Cudgel|p1a: Iron Hands|[anim] Ivy Cudgel Water\n|-resisted|p1a: Iron Hands\n|-damage|p1a: Iron Hands|20\/100\n|move|p1b: Salamence|Air Slash|p2a: Ogerpon\n|-damage|p2a: Ogerpon|78\/100\n|move|p1a: Iron Hands|Wild Charge|p2a: Ogerpon\n|-supereffective|p2a: Ogerpon\n|-crit|p2a: Ogerpon\n|-damage|p2a: Ogerpon|0 fnt\n|faint|p2a: Ogerpon\n|-damage|p1a: Iron Hands|5\/100|[from] Recoil\n|\n|upkeep\n|turn|4\n|\n|t:|1700019661\n|move|p1b: Salamence|Air Slash|p2b: Kommo-o\n|-supereffective|p2b: Kommo-o\n|-damage|p2b: Kommo-o|35\/100\n|cant|p2b: Kommo-o|flinch\n|move|p1a: Iron Hands|Wild Charge|p2b: Kommo-o\n|-resisted|p2b: Kommo-o\n|-damage|p2b: Kommo-o|18\/100\n|-damage|p1a: Iron Hands|2\/100|[from] Recoil\n|\n|-heal|p2b: Kommo-o|24\/100|[from] item: Leftovers\n|-sideend|p2: alecfromkanto|move: Tailwind\n|upkeep\n|turn|5\n|\n|t:|1700019675\n|move|p1b: Salamence|Air Slash|p2b: Kommo-o|[miss]\n|-miss|p1b: Salamence|p2b: Kommo-o\n|move|p2b: Kommo-o|Body Press|p1a: Iron Hands\n|-damage|p1a: Iron Hands|0 fnt\n|faint|p1a: Iron Hands\n|-end|p1a: Iron Hands|Quark Drive|[silent]\n|\n|-heal|p2b: Kommo-o|30\/100|[from] item: Leftovers\n|upkeep\n|\n|t:|1700019682\n|switch|p1a: Gholdengo|Gholdengo, L50|100\/100\n|turn|6\n|\n|t:|1700019703\n|move|p1b: Salamence|Air Slash|p2b: Kommo-o\n|-supereffective|p2b: Kommo-o\n|-crit|p2b: Kommo-o\n|-damage|p2b: Kommo-o|0 fnt\n|faint|p2b: Kommo-o\n|\n|win|z3nn!3\n|inactive|z3nn!3 has 50 seconds to confirm battle start!\n|inactive|alecfromkanto has 50 seconds to confirm battle start!\n|l|\u2606alecfromkanto\n|c|&|\/uhtml prompt-alecfromkanto,alecfromkanto is ready for game 2!\n|inactive|z3nn!3 has 40 seconds to confirm battle start!\n|inactive|z3nn!3 has 30 seconds to confirm battle start!\n|inactive|z3nn!3 has 20 seconds to confirm battle start!\n|inactive|z3nn!3 has 10 seconds to confirm battle start!\nBoth players are ready! Starting next match!\n|j|\u2606alecfromkanto\n|player|p2|alecfromkanto|cynthia-gen4\n","uploadtime":1700020569,"views":8,"p1id":"z3nn3","p2id":"alecfromkanto","formatid":"gen9vgc2023regulatione","rating":0,"private":0,"password":""}