{"id":"gen9vgc2023regulatione-1993831756","p1":"Pokenerd62","p2":"hiemy","format":"[Gen 9] VGC 2023 Regulation E","log":"|j|\u2606Pokenerd62\n|j|\u2606hiemy\n|t:|1700362743\n|gametype|doubles\n|player|p1|Pokenerd62|265|1378\n|player|p2|hiemy|blue|1326\n|teamsize|p1|6\n|teamsize|p2|6\n|gen|9\n|tier|[Gen 9] VGC 2023 Regulation E\n|rated|\n|rule|Species Clause: Limit one of each Pok\u00e9mon\n|rule|Item Clause: Limit one of each item\n|clearpoke\n|poke|p1|Chi-Yu, L50|\n|poke|p1|Iron Hands, L50|\n|poke|p1|Flutter Mane, L50|\n|poke|p1|Ogerpon-Hearthflame, L50, F|\n|poke|p1|Tornadus, L50, M|\n|poke|p1|Dragonite, L50, F|\n|poke|p2|Sinistcha, L50|\n|poke|p2|Moltres-Galar, L50|\n|poke|p2|Indeedee-F, L50, F|\n|poke|p2|Armarouge, L50, F|\n|poke|p2|Landorus-Therian, L50, M|\n|poke|p2|Iron Bundle, L50|\n|teampreview|4\n|\n|t:|1700362775\n|start\n|switch|p1a: Flutter Mane|Flutter Mane, L50|100\/100\n|switch|p1b: Dragonite|Dragonite, L50, F|100\/100\n|switch|p2a: Iron Bundle|Iron Bundle, L50|100\/100\n|switch|p2b: Moltres|Moltres-Galar, L50|100\/100\n|-enditem|p2a: Iron Bundle|Booster Energy\n|-activate|p2a: Iron Bundle|ability: Quark Drive|[fromitem]\n|-start|p2a: Iron Bundle|quarkdrivespe\n|-enditem|p1a: Flutter Mane|Booster Energy\n|-activate|p1a: Flutter Mane|ability: Protosynthesis|[fromitem]\n|-start|p1a: Flutter Mane|protosynthesisspe\n|turn|1\n|\n|t:|1700362799\n|-terastallize|p2a: Iron Bundle|Ghost\n|move|p1b: Dragonite|Protect|p1b: Dragonite\n|-singleturn|p1b: Dragonite|Protect\n|move|p2a: Iron Bundle|Icy Wind|p1b: Dragonite|[spread] \n|-activate|p1b: Dragonite|move: Protect\n|-miss|p2a: Iron Bundle|p1a: Flutter Mane\n|move|p1a: Flutter Mane|Icy Wind|p2b: Moltres|[spread] p2a,p2b\n|-supereffective|p2b: Moltres\n|-damage|p2a: Iron Bundle|71\/100\n|-damage|p2b: Moltres|80\/100\n|-unboost|p2a: Iron Bundle|spe|1\n|-unboost|p2b: Moltres|spe|1\n|move|p2b: Moltres|Nasty Plot|p2b: Moltres\n|-boost|p2b: Moltres|spa|2\n|\n|upkeep\n|turn|2\n|inactive|Battle timer is ON: inactive players will automatically lose when time's up. (requested by hiemy)\n|\n|t:|1700362841\n|-terastallize|p1b: Dragonite|Normal\n|move|p2b: Moltres|Protect|p2b: Moltres\n|-singleturn|p2b: Moltres|Protect\n|move|p1a: Flutter Mane|Shadow Ball|p2a: Iron Bundle\n|-supereffective|p2a: Iron Bundle\n|-damage|p2a: Iron Bundle|0 fnt\n|faint|p2a: Iron Bundle\n|-end|p2a: Iron Bundle|Quark Drive|[silent]\n|move|p1b: Dragonite|Ice Spinner|p2b: Moltres\n|-activate|p2b: Moltres|move: Protect\n|\n|upkeep\n|inactive|hiemy has 30 seconds left.\n|inactive|hiemy has 20 seconds left.\n|\n|t:|1700362877\n|switch|p2a: Landorus|Landorus-Therian, L50, M|100\/100\n|-ability|p2a: Landorus|Intimidate|boost\n|-unboost|p1a: Flutter Mane|atk|1\n|-fail|p1b: Dragonite|unboost|[from] item: Clear Amulet|[of] p1b: Dragonite\n|turn|3\n|\n|t:|1700362890\n|move|p1a: Flutter Mane|Icy Wind|p2b: Moltres|[spread] p2a,p2b\n|-supereffective|p2a: Landorus\n|-supereffective|p2b: Moltres\n|-damage|p2a: Landorus|32\/100\n|-damage|p2b: Moltres|58\/100\n|-unboost|p2a: Landorus|spe|1\n|-unboost|p2b: Moltres|spe|1\n|move|p2a: Landorus|U-turn|p1b: Dragonite\n|-damage|p1b: Dragonite|86\/100\n|\n|t:|1700362897\n|switch|p2a: Sinistcha|Sinistcha, L50|100\/100|[from] U-turn\n|-heal|p2b: Moltres|83\/100|[from] ability: Hospitality|[of] p2a: Sinistcha\n|move|p1b: Dragonite|Ice Spinner|p2b: Moltres\n|-supereffective|p2b: Moltres\n|-damage|p2b: Moltres|28\/100\n|-ability|p2b: Moltres|Berserk|boost\n|-boost|p2b: Moltres|spa|1\n|-enditem|p2b: Moltres|Sitrus Berry|[eat]\n|-heal|p2b: Moltres|53\/100|[from] item: Sitrus Berry\n|move|p2b: Moltres|Fiery Wrath|p1b: Dragonite|[spread] p1a,p1b\n|-damage|p1a: Flutter Mane|36\/100\n|-damage|p1b: Dragonite|28\/100\n|\n|upkeep\n|turn|4\n|\n|t:|1700362913\n|move|p1b: Dragonite|Extreme Speed|p2b: Moltres\n|-damage|p2b: Moltres|12\/100\n|-ability|p2b: Moltres|Berserk|boost\n|-boost|p2b: Moltres|spa|1\n|move|p2a: Sinistcha|Rage Powder|p2a: Sinistcha\n|-singleturn|p2a: Sinistcha|move: Rage Powder\n|move|p1a: Flutter Mane|Icy Wind|p2a: Sinistcha|[spread] p2a,p2b\n|-supereffective|p2a: Sinistcha\n|-supereffective|p2b: Moltres\n|-damage|p2a: Sinistcha|75\/100\n|-damage|p2b: Moltres|0 fnt\n|-unboost|p2a: Sinistcha|spe|1\n|faint|p2b: Moltres\n|\n|upkeep\n|inactive|hiemy has 30 seconds left.\n|\n|t:|1700362947\n|switch|p2b: Landorus|Landorus-Therian, L50, M|32\/100\n|-ability|p2b: Landorus|Intimidate|boost\n|-unboost|p1a: Flutter Mane|atk|1\n|-fail|p1b: Dragonite|unboost|[from] item: Clear Amulet|[of] p1b: Dragonite\n|turn|5\n|\n|t:|1700362962\n|move|p1a: Flutter Mane|Icy Wind|p2b: Landorus|[spread] p2a,p2b\n|-supereffective|p2a: Sinistcha\n|-supereffective|p2b: Landorus\n|-damage|p2a: Sinistcha|48\/100\n|-damage|p2b: Landorus|0 fnt\n|-unboost|p2a: Sinistcha|spe|1\n|faint|p2b: Landorus\n|move|p1b: Dragonite|Ice Spinner|p2a: Sinistcha\n|-supereffective|p2a: Sinistcha\n|-damage|p2a: Sinistcha|0 fnt\n|-damage|p1b: Dragonite|11\/100|[from] item: Rocky Helmet|[of] p2a: Sinistcha\n|faint|p2a: Sinistcha\n|\n|win|Pokenerd62\n|raw|Pokenerd62's rating: 1378 &rarr; <strong>1395<\/strong><br \/>(+17 for winning)\n|raw|hiemy's rating: 1326 &rarr; <strong>1309<\/strong><br \/>(-17 for losing)\n|l|\u2606hiemy\n","uploadtime":1700363009,"views":68,"p1id":"pokenerd62","p2id":"hiemy","formatid":"gen9vgc2023regulatione","rating":1309,"private":0,"password":""}