{"id":"gen9vgc2023regulatione-1987857474","p1":"felixxOrozco","p2":"ItsYaBoiGuz","format":"[Gen 9] VGC 2023 Regulation E","log":"|j|\u2606felixxOrozco\n|j|\u2606ItsYaBoiGuz\n|n|\u2606felixxOrozco|felixxorozco\n|n|\u2606ItsYaBoiGuz|itsyaboiguz\n|html|View the match progress at <a href=\"\/game-bestof3-gen9vgc2023regulatione-1987855266\">game-bestof3-gen9vgc2023regulatione-1987855266<\/a>\n|t:|1699643258\n|gametype|doubles\n|player|p1|felixxOrozco|veteranf|\n|player|p2|ItsYaBoiGuz|hugh|\n|teamsize|p1|6\n|teamsize|p2|6\n|gen|9\n|tier|[Gen 9] VGC 2023 Regulation E\n|rule|Species Clause: Limit one of each Pok\u00e9mon\n|rule|Item Clause: Limit one of each item\n|clearpoke\n|poke|p1|Indeedee-F, L50, F|\n|poke|p1|Armarouge, L50, F|\n|poke|p1|Sinistcha, L50|\n|poke|p1|Iron Hands, L50|\n|poke|p1|Ninetales-Alola, L50, F|\n|poke|p1|Roaring Moon, L50|\n|poke|p2|Iron Hands, L50|\n|poke|p2|Ogerpon-Wellspring, L50, F|\n|poke|p2|Kingambit, L50, M|\n|poke|p2|Flutter Mane, L50|\n|poke|p2|Tornadus, L50, M|\n|poke|p2|Arcanine-Hisui, L50, M|\n|teampreview|4\n|inactive|Battle timer is ON: inactive players will automatically lose when time's up. (requested by ItsYaBoiGuz)\n|inactive|felixxOrozco has 60 seconds left.\n|inactive|ItsYaBoiGuz has 60 seconds left.\n|inactive|ItsYaBoiGuz has 30 seconds left.\n|\n|t:|1699643321\n|start\n|switch|p1a: Ninetales|Ninetales-Alola, L50, F|100\/100\n|switch|p1b: Iron Hands|Iron Hands, L50|100\/100\n|switch|p2a: Arcanine|Arcanine-Hisui, L50, M, shiny|100\/100\n|switch|p2b: Flutter Mane|Flutter Mane, L50, shiny|100\/100\n|-weather|Snow|[from] ability: Snow Warning|[of] p1a: Ninetales\n|-ability|p2a: Arcanine|Intimidate|boost\n|-unboost|p1a: Ninetales|atk|1\n|-unboost|p1b: Iron Hands|atk|1\n|-enditem|p2b: Flutter Mane|Booster Energy\n|-activate|p2b: Flutter Mane|ability: Protosynthesis|[fromitem]\n|-start|p2b: Flutter Mane|protosynthesisspe\n|turn|1\n|\n|t:|1699643346\n|switch|p2a: Iron Hands|Iron Hands, L50, shiny|100\/100\n|move|p2b: Flutter Mane|Moonblast|p1b: Iron Hands\n|-supereffective|p1b: Iron Hands\n|-damage|p1b: Iron Hands|43\/100\n|move|p1a: Ninetales|Aurora Veil|p1a: Ninetales\n|-sidestart|p1: felixxOrozco|move: Aurora Veil\n|move|p1b: Iron Hands|Drain Punch|p2a: Iron Hands\n|-damage|p2a: Iron Hands|81\/100\n|-heal|p1b: Iron Hands|53\/100|[from] drain|[of] p2a: Iron Hands\n|\n|-weather|Snow|[upkeep]\n|upkeep\n|turn|2\n|\n|t:|1699643367\n|-terastallize|p2b: Flutter Mane|Fairy\n|move|p2b: Flutter Mane|Moonblast|p1b: Iron Hands\n|-supereffective|p1b: Iron Hands\n|-damage|p1b: Iron Hands|9\/100\n|move|p1a: Ninetales|Icy Wind|p2b: Flutter Mane|[spread] p2a,p2b\n|-damage|p2a: Iron Hands|74\/100\n|-damage|p2b: Flutter Mane|88\/100\n|-unboost|p2a: Iron Hands|spe|1\n|-unboost|p2b: Flutter Mane|spe|1\n|move|p1b: Iron Hands|Heavy Slam|p2b: Flutter Mane\n|-supereffective|p2b: Flutter Mane\n|-damage|p2b: Flutter Mane|0 fnt\n|faint|p2b: Flutter Mane\n|-end|p2b: Flutter Mane|Protosynthesis|[silent]\n|move|p2a: Iron Hands|Heavy Slam|p1a: Ninetales\n|-supereffective|p1a: Ninetales\n|-damage|p1a: Ninetales|11\/100\n|\n|-weather|Snow|[upkeep]\n|upkeep\n|\n|t:|1699643374\n|switch|p2b: Arcanine|Arcanine-Hisui, L50, M, shiny|100\/100\n|-ability|p2b: Arcanine|Intimidate|boost\n|-unboost|p1a: Ninetales|atk|1\n|-unboost|p1b: Iron Hands|atk|1\n|turn|3\n|\n|t:|1699643386\n|-end|p1b: Iron Hands|Quark Drive|[silent]\n|switch|p1b: Sinistcha|Sinistcha, L50|100\/100\n|-heal|p1a: Ninetales|36\/100|[from] ability: Hospitality|[of] p1b: Sinistcha\n|move|p2b: Arcanine|Extreme Speed|p1b: Sinistcha\n|-immune|p1b: Sinistcha\n|move|p1a: Ninetales|Moonblast|p2a: Iron Hands\n|-supereffective|p2a: Iron Hands\n|-damage|p2a: Iron Hands|42\/100\n|-unboost|p2a: Iron Hands|spa|1\n|move|p2a: Iron Hands|Drain Punch|p1a: Ninetales\n|-damage|p1a: Ninetales|14\/100\n|-heal|p2a: Iron Hands|49\/100|[from] drain|[of] p1a: Ninetales\n|\n|-weather|Snow|[upkeep]\n|upkeep\n|turn|4\n|\n|t:|1699643413\n|switch|p2b: Kingambit|Kingambit, L50, M, shiny|100\/100\n|move|p1a: Ninetales|Moonblast|p2a: Iron Hands\n|-supereffective|p2a: Iron Hands\n|-damage|p2a: Iron Hands|21\/100\n|move|p2a: Iron Hands|Heavy Slam|p1a: Ninetales\n|-supereffective|p1a: Ninetales\n|-damage|p1a: Ninetales|0 fnt\n|faint|p1a: Ninetales\n|move|p1b: Sinistcha|Trick Room|p1b: Sinistcha\n|-fieldstart|move: Trick Room|[of] p1b: Sinistcha\n|\n|-weather|Snow|[upkeep]\n|upkeep\n|\n|t:|1699643415\n|switch|p1a: Armarouge|Armarouge, L50, F|100\/100\n|turn|5\n|inactive|felixxOrozco has 30 seconds left.\n|\n|t:|1699643442\n|move|p2b: Kingambit|Protect|p2b: Kingambit\n|-singleturn|p2b: Kingambit|Protect\n|move|p1b: Sinistcha|Rage Powder|p1b: Sinistcha\n|-singleturn|p1b: Sinistcha|move: Rage Powder\n|move|p2a: Iron Hands|Wild Charge|p1b: Sinistcha\n|-resisted|p1b: Sinistcha\n|-damage|p1b: Sinistcha|86\/100\n|-damage|p2a: Iron Hands|18\/100|[from] Recoil\n|move|p1a: Armarouge|Expanding Force|p2a: Iron Hands\n|-supereffective|p2a: Iron Hands\n|-damage|p2a: Iron Hands|0 fnt\n|faint|p2a: Iron Hands\n|-end|p2a: Iron Hands|Quark Drive|[silent]\n|-damage|p1a: Armarouge|91\/100|[from] item: Life Orb\n|\n|-weather|none\n|upkeep\n|\n|t:|1699643449\n|switch|p2a: Arcanine|Arcanine-Hisui, L50, M, shiny|100\/100\n|-ability|p2a: Arcanine|Intimidate|boost\n|-unboost|p1a: Armarouge|atk|1\n|-unboost|p1b: Sinistcha|atk|1\n|turn|6\n|\n|t:|1699643465\n|move|p1b: Sinistcha|Rage Powder|p1b: Sinistcha\n|-singleturn|p1b: Sinistcha|move: Rage Powder\n|move|p2b: Kingambit|Kowtow Cleave|p1b: Sinistcha\n|-supereffective|p1b: Sinistcha\n|-damage|p1b: Sinistcha|21\/100\n|-enditem|p1b: Sinistcha|Sitrus Berry|[eat]\n|-heal|p1b: Sinistcha|45\/100|[from] item: Sitrus Berry\n|move|p1a: Armarouge|Armor Cannon|p2b: Kingambit\n|-supereffective|p2b: Kingambit\n|-damage|p2b: Kingambit|0 fnt\n|-unboost|p1a: Armarouge|def|1\n|-unboost|p1a: Armarouge|spd|1\n|faint|p2b: Kingambit\n|-damage|p1a: Armarouge|81\/100|[from] item: Life Orb\n|move|p2a: Arcanine|Rock Slide|p1b: Sinistcha|[spread] p1a,p1b\n|-supereffective|p1a: Armarouge\n|-damage|p1a: Armarouge|3\/100\n|-damage|p1b: Sinistcha|24\/100\n|\n|upkeep\n|turn|7\n|inactive|felixxOrozco has 30 seconds left.\n|inactive|felixxOrozco has 20 seconds left.\n|\n|t:|1699643500\n|-terastallize|p1a: Armarouge|Psychic\n|move|p1b: Sinistcha|Rage Powder|p1b: Sinistcha\n|-singleturn|p1b: Sinistcha|move: Rage Powder\n|move|p1a: Armarouge|Expanding Force|p2a: Arcanine\n|-damage|p2a: Arcanine|9\/100\n|-damage|p1a: Armarouge|0 fnt|[from] item: Life Orb\n|faint|p1a: Armarouge\n|move|p2a: Arcanine|Rock Slide|p1b: Sinistcha|[miss]\n|-miss|p2a: Arcanine|p1b: Sinistcha\n|\n|upkeep\n|\n|t:|1699643506\n|switch|p1a: Iron Hands|Iron Hands, L50|9\/100\n|turn|8\n|\n|t:|1699643511\n|move|p1a: Iron Hands|Fake Out|p2a: Arcanine\n|-resisted|p2a: Arcanine\n|-damage|p2a: Arcanine|0 fnt\n|faint|p2a: Arcanine\n|\n|win|felixxOrozco\n|c|&|\/uhtml prompt-itsyaboiguz,ItsYaBoiGuz is ready for game 3!\n|c|\u2606ItsYaBoiGuz|gg\n|c|&|\/uhtml prompt-felixxorozco,felixxOrozco is ready for game 3!\nBoth players are ready! Starting next match!\n|l|\u2606ItsYaBoiGuz\n|l|\u2606felixxOrozco\n","uploadtime":1699644169,"views":26,"p1id":"felixxorozco","p2id":"itsyaboiguz","formatid":"gen9vgc2023regulatione","rating":0,"private":0,"password":""}