{"id":"gen9vgc2023regulatione-1999074083","p1":"justin tang fan","p2":"5wamp","format":"[Gen 9] VGC 2023 Regulation E","log":"|j|\u2606justin tang fan\n|j|\u26065wamp\n|n|\u2606justin tang fan|justintangfan\n|n|\u26065wamp|5wamp\n|html|View the match progress at <a href=\"\/game-bestof3-gen9vgc2023regulatione-1999071976\">game-bestof3-gen9vgc2023regulatione-1999071976<\/a>\n|t:|1701030375\n|gametype|doubles\n|player|p1|justin tang fan|parasollady-gen4|\n|player|p2|5wamp|carmine-festival|\n|teamsize|p1|6\n|teamsize|p2|6\n|gen|9\n|tier|[Gen 9] VGC 2023 Regulation E\n|rule|Species Clause: Limit one of each Pok\u00e9mon\n|rule|Item Clause: Limit one of each item\n|clearpoke\n|poke|p1|Urshifu-*, L50, F|\n|poke|p1|Rillaboom, L50, F|\n|poke|p1|Kleavor, L50, F|\n|poke|p1|Drifblim, L50, M|\n|poke|p1|Weavile, L50, F|\n|poke|p1|Grimer-Alola, L50, F|\n|poke|p2|Tornadus, L50, M|\n|poke|p2|Trevenant, L50, M|\n|poke|p2|Clefable, L50, F|\n|poke|p2|Golem-Alola, L50, M|\n|poke|p2|Gholdengo, L50|\n|poke|p2|Leafeon, L50, F|\n|teampreview|4\n|c|\u26065wamp|glhf\n|j| idolhunter28273\n|c|\u2606justin tang fan|glhf\n|j| MikeTitan\n|\n|t:|1701030418\n|start\n|switch|p1a: Kleavor|Kleavor, L50, F|100\/100\n|switch|p1b: Weavile|Weavile, L50, F|100\/100\n|switch|p2a: Trevenant|Trevenant, L50, M|100\/100\n|switch|p2b: Clefable|Clefable, L50, F|100\/100\n|-ability|p1b: Weavile|Pressure\n|turn|1\n|\n|t:|1701030442\n|-terastallize|p1a: Kleavor|Fire\n|move|p2b: Clefable|Follow Me|p2b: Clefable\n|-singleturn|p2b: Clefable|move: Follow Me\n|move|p1b: Weavile|Icicle Crash|p2b: Clefable\n|-damage|p2b: Clefable|66\/100\n|move|p1a: Kleavor|Stone Axe|p2b: Clefable\n|-damage|p2b: Clefable|27\/100\n|-damage|p1a: Kleavor|84\/100|[from] item: Rocky Helmet|[of] p2b: Clefable\n|-sidestart|p2: 5wamp|move: Stealth Rock\n|move|p2a: Trevenant|Trick Room|p2a: Trevenant\n|-fieldstart|move: Trick Room|[of] p2a: Trevenant\n|\n|upkeep\n|turn|2\n|\n|t:|1701030472\n|move|p1b: Weavile|Protect|p1b: Weavile\n|-singleturn|p1b: Weavile|Protect\n|move|p2b: Clefable|Follow Me|p2b: Clefable\n|-singleturn|p2b: Clefable|move: Follow Me\n|move|p2a: Trevenant|Will-O-Wisp|p1b: Weavile\n|-activate|p1b: Weavile|move: Protect\n|move|p1a: Kleavor|X-Scissor|p2b: Clefable\n|-resisted|p2b: Clefable\n|-crit|p2b: Clefable\n|-damage|p2b: Clefable|0 fnt\n|-damage|p1a: Kleavor|67\/100|[from] item: Rocky Helmet|[of] p2b: Clefable\n|faint|p2b: Clefable\n|\n|upkeep\n|\n|t:|1701030475\n|switch|p2b: Golem|Golem-Alola, L50, M|100\/100\n|-damage|p2b: Golem|88\/100|[from] Stealth Rock\n|turn|3\n|\n|t:|1701030491\n|move|p1b: Weavile|Ice Shard|p2a: Trevenant\n|-supereffective|p2a: Trevenant\n|-damage|p2a: Trevenant|56\/100\n|move|p2b: Golem|Rock Blast|p1b: Weavile\n|-supereffective|p1b: Weavile\n|-damage|p1b: Weavile|49\/100\n|-supereffective|p1b: Weavile\n|-damage|p1b: Weavile|0 fnt\n|faint|p1b: Weavile\n|-hitcount|p1: Weavile|2\n|move|p2a: Trevenant|Poltergeist|p1a: Kleavor\n|-activate|p1a: Kleavor|move: Poltergeist|Sitrus Berry\n|-damage|p1a: Kleavor|0 fnt\n|faint|p1a: Kleavor\n|\n|upkeep\n|\n|t:|1701030502\n|switch|p1a: Urshifu|Urshifu-Rapid-Strike, L50, F|100\/100\n|switch|p1b: Rillaboom|Rillaboom, L50, F|100\/100\n|-fieldstart|move: Grassy Terrain|[from] ability: Grassy Surge|[of] p1b: Rillaboom\n|turn|4\n|\n|t:|1701030514\n|-terastallize|p2b: Golem|Grass\n|move|p1b: Rillaboom|Fake Out|p2b: Golem\n|-damage|p2b: Golem|77\/100\n|cant|p2b: Golem|flinch\n|move|p2a: Trevenant|Will-O-Wisp|p1b: Rillaboom\n|-status|p1b: Rillaboom|brn\n|move|p1a: Urshifu|Surging Strikes|p2b: Golem\n|-resisted|p2b: Golem\n|-crit|p2b: Golem\n|-damage|p2b: Golem|69\/100\n|-resisted|p2b: Golem\n|-crit|p2b: Golem\n|-damage|p2b: Golem|60\/100\n|-resisted|p2b: Golem\n|-crit|p2b: Golem\n|-damage|p2b: Golem|50\/100\n|-hitcount|p2b: Golem|3\n|\n|-heal|p2b: Golem|57\/100|[from] Grassy Terrain\n|-heal|p2a: Trevenant|62\/100|[from] Grassy Terrain\n|-damage|p1b: Rillaboom|95\/100 brn|[from] brn\n|upkeep\n|turn|5\n|\n|t:|1701030539\n|move|p2b: Golem|Fire Punch|p1b: Rillaboom\n|-supereffective|p1b: Rillaboom\n|-damage|p1b: Rillaboom|44\/100 brn\n|move|p2a: Trevenant|Poltergeist|p1b: Rillaboom\n|-activate|p1b: Rillaboom|move: Poltergeist|Assault Vest\n|-damage|p1b: Rillaboom|0 fnt\n|faint|p1b: Rillaboom\n|move|p1a: Urshifu|Surging Strikes|p2b: Golem\n|-resisted|p2b: Golem\n|-crit|p2b: Golem\n|-damage|p2b: Golem|48\/100\n|-resisted|p2b: Golem\n|-crit|p2b: Golem\n|-damage|p2b: Golem|39\/100\n|-resisted|p2b: Golem\n|-crit|p2b: Golem\n|-damage|p2b: Golem|30\/100\n|-hitcount|p2b: Golem|3\n|\n|-heal|p2b: Golem|36\/100|[from] Grassy Terrain\n|-heal|p2a: Trevenant|68\/100|[from] Grassy Terrain\n|-fieldend|move: Trick Room\n|upkeep\n|turn|6\n|\n|t:|1701030556\n|move|p1a: Urshifu|Surging Strikes|p2b: Golem\n|-resisted|p2b: Golem\n|-crit|p2b: Golem\n|-damage|p2b: Golem|26\/100\n|-resisted|p2b: Golem\n|-crit|p2b: Golem\n|-damage|p2b: Golem|17\/100\n|-resisted|p2b: Golem\n|-crit|p2b: Golem\n|-damage|p2b: Golem|9\/100\n|-hitcount|p2b: Golem|3\n|move|p2a: Trevenant|Wood Hammer|p1a: Urshifu\n|-supereffective|p1a: Urshifu\n|-damage|p1a: Urshifu|0 fnt\n|faint|p1a: Urshifu\n|-damage|p2a: Trevenant|38\/100|[from] Recoil\n|-enditem|p2a: Trevenant|Sitrus Berry|[eat]\n|-heal|p2a: Trevenant|63\/100|[from] item: Sitrus Berry\n|\n|win|5wamp\n|c|\u26065wamp|gg\n|c|\u2606justin tang fan|gg\n|c|&|\/uhtml prompt-justintangfan,justin tang fan is ready for game 3!\n|inactive|5wamp has 50 seconds to confirm battle start!\n|c|&|\/uhtml prompt-5wamp,5wamp is ready for game 3!\nBoth players are ready! Starting next match!\n|l| idolhunter28273\n|l| MikeTitan\n","uploadtime":1701030995,"views":12,"p1id":"justintangfan","p2id":"5wamp","formatid":"gen9vgc2023regulatione","rating":0,"private":0,"password":""}