{"id":"gen9vgc2023regulatione-1992195984","p1":"nomis1","p2":"Tangarang27","format":"[Gen 9] VGC 2023 Regulation E","log":"|j|\u2606nomis1\n|j|\u2606Tangarang27\n|t:|1700162950\n|gametype|doubles\n|player|p1|nomis1|nate|1368\n|player|p2|Tangarang27|2|1286\n|teamsize|p1|6\n|teamsize|p2|6\n|gen|9\n|tier|[Gen 9] VGC 2023 Regulation E\n|rated|\n|rule|Species Clause: Limit one of each Pok\u00e9mon\n|rule|Item Clause: Limit one of each item\n|clearpoke\n|poke|p1|Dondozo, L50, M|\n|poke|p1|Tatsugiri, L50, F|\n|poke|p1|Glimmora, L50, F|\n|poke|p1|Ogerpon-Hearthflame, L50, F|\n|poke|p1|Roaring Moon, L50|\n|poke|p1|Ninetales-Alola, L50, F|\n|poke|p2|Arcanine-Hisui, L50, M|\n|poke|p2|Tornadus, L50, M|\n|poke|p2|Farigiraf, L50, F|\n|poke|p2|Ting-Lu, L50|\n|poke|p2|Iron Hands, L50|\n|poke|p2|Iron Bundle, L50|\n|teampreview|4\n|inactive|Battle timer is ON: inactive players will automatically lose when time's up. (requested by nomis1)\nnomis1 has agreed to open team sheets.\n|\n|t:|1700162997\n|start\n|switch|p1a: Roaring Moon|Roaring Moon, L50|100\/100\n|switch|p1b: Ninetales|Ninetales-Alola, L50, F|100\/100\n|switch|p2a: Iron Bundle|Iron Bundle, L50|100\/100\n|switch|p2b: Ting-Lu|Ting-Lu, L50|100\/100\n|-weather|Snow|[from] ability: Snow Warning|[of] p1b: Ninetales\n|-ability|p2b: Ting-Lu|Vessel of Ruin\n|-enditem|p2a: Iron Bundle|Booster Energy\n|-activate|p2a: Iron Bundle|ability: Quark Drive|[fromitem]\n|-start|p2a: Iron Bundle|quarkdrivespe\n|-enditem|p1a: Roaring Moon|Booster Energy\n|-activate|p1a: Roaring Moon|ability: Protosynthesis|[fromitem]\n|-start|p1a: Roaring Moon|protosynthesisatk\n|turn|1\n|inactive|nomis1 has 30 seconds left.\n|inactive|nomis1 has 20 seconds left.\n|inactive|nomis1 has 15 seconds left.\n|\n|t:|1700163042\n|move|p1a: Roaring Moon|Protect|p1a: Roaring Moon\n|-singleturn|p1a: Roaring Moon|Protect\n|move|p2a: Iron Bundle|Icy Wind|p1b: Ninetales|[spread] p1b\n|-activate|p1a: Roaring Moon|move: Protect\n|-resisted|p1b: Ninetales\n|-damage|p1b: Ninetales|90\/100\n|-unboost|p1b: Ninetales|spe|1\n|move|p1b: Ninetales|Aurora Veil|p1b: Ninetales\n|-sidestart|p1: nomis1|move: Aurora Veil\n|move|p2b: Ting-Lu|Rock Slide|p1a: Roaring Moon|[spread] p1b\n|-activate|p1a: Roaring Moon|move: Protect\n|-supereffective|p1b: Ninetales\n|-damage|p1b: Ninetales|66\/100\n|\n|-weather|Snow|[upkeep]\n|upkeep\n|turn|2\n|\n|t:|1700163064\n|switch|p2b: Iron Hands|Iron Hands, L50|100\/100\n|move|p2a: Iron Bundle|Freeze-Dry|p1a: Roaring Moon\n|-supereffective|p1a: Roaring Moon\n|-damage|p1a: Roaring Moon|49\/100\n|move|p1a: Roaring Moon|Knock Off|p2a: Iron Bundle\n|-damage|p2a: Iron Bundle|64\/100\n|move|p1b: Ninetales|Blizzard|p2b: Iron Hands|[spread] p2a,p2b\n|-resisted|p2a: Iron Bundle\n|-damage|p2a: Iron Bundle|49\/100\n|-damage|p2b: Iron Hands|82\/100\n|\n|-weather|Snow|[upkeep]\n|upkeep\n|turn|3\n|inactive|nomis1 has 30 seconds left.\n|inactive|nomis1 has 20 seconds left.\n|inactive|nomis1 has 15 seconds left.\n|\n|t:|1700163106\n|move|p1a: Roaring Moon|Protect|p1a: Roaring Moon\n|-singleturn|p1a: Roaring Moon|Protect\n|move|p1b: Ninetales|Protect|p1b: Ninetales\n|-singleturn|p1b: Ninetales|Protect\n|move|p2a: Iron Bundle|Freeze-Dry|p1a: Roaring Moon\n|-activate|p1a: Roaring Moon|move: Protect\n|move|p2b: Iron Hands|Heavy Slam|p1b: Ninetales\n|-activate|p1b: Ninetales|move: Protect\n|\n|-weather|Snow|[upkeep]\n|upkeep\n|turn|4\n|inactive|nomis1 has 30 seconds left.\n|\n|t:|1700163138\n|-end|p1a: Roaring Moon|Protosynthesis|[silent]\n|switch|p1a: Tatsugiri|Tatsugiri, L50, F|100\/100\n|switch|p1b: Dondozo|Dondozo, L50, M|100\/100\n|-activate|p1a: Tatsugiri|ability: Commander|[of] p1b: Dondozo\n|-boost|p1b: Dondozo|atk|2\n|-boost|p1b: Dondozo|spa|2\n|-boost|p1b: Dondozo|spe|2\n|-boost|p1b: Dondozo|def|2\n|-boost|p1b: Dondozo|spd|2\n|move|p2a: Iron Bundle|Freeze-Dry|p1a: Tatsugiri|[miss]\n|-miss|p2a: Iron Bundle|p1a: Tatsugiri\n|move|p2b: Iron Hands|Heavy Slam|p1b: Dondozo\n|-resisted|p1b: Dondozo\n|-damage|p1b: Dondozo|99\/100\n|\n|-weather|Snow|[upkeep]\n|-heal|p1b: Dondozo|100\/100|[from] item: Leftovers\n|upkeep\n|turn|5\n|\n|t:|1700163161\n|-terastallize|p1b: Dondozo|Dragon\n|move|p2a: Iron Bundle|Freeze-Dry|p1b: Dondozo\n|-supereffective|p1b: Dondozo\n|-damage|p1b: Dondozo|75\/100\n|move|p1b: Dondozo|Order Up|p2a: Iron Bundle\n|-damage|p2a: Iron Bundle|0 fnt\n|faint|p2a: Iron Bundle\n|-end|p2a: Iron Bundle|Quark Drive|[silent]\n|-boost|p1b: Dondozo|atk|1\n|move|p2b: Iron Hands|Drain Punch|p1b: Dondozo\n|-damage|p1b: Dondozo|65\/100\n|-heal|p2b: Iron Hands|87\/100|[from] drain|[of] p1b: Dondozo\n|\n|-weather|none\n|-heal|p1b: Dondozo|71\/100|[from] item: Leftovers\n|upkeep\n|\n|t:|1700163170\n|switch|p2a: Farigiraf|Farigiraf, L50, F|100\/100\n|turn|6\n|inactive|Tangarang27 has 30 seconds left.\n|\n|t:|1700163197\n|-terastallize|p2a: Farigiraf|Fairy\n|move|p1b: Dondozo|Order Up|p2b: Iron Hands\n|-damage|p2b: Iron Hands|19\/100\n|-boost|p1b: Dondozo|atk|1\n|move|p2a: Farigiraf|Dazzling Gleam|p1b: Dondozo|[spread] p1b\n|-miss|p2a: Farigiraf|p1a: Tatsugiri\n|-supereffective|p1b: Dondozo\n|-damage|p1b: Dondozo|52\/100\n|move|p2b: Iron Hands|Drain Punch|p1b: Dondozo\n|-damage|p1b: Dondozo|42\/100\n|-heal|p2b: Iron Hands|24\/100|[from] drain|[of] p1b: Dondozo\n|\n|-heal|p1b: Dondozo|48\/100|[from] item: Leftovers\n|upkeep\n|turn|7\n|inactive|nomis1 has 30 seconds left.\n|inactive|Tangarang27 has 30 seconds left.\n|\n|t:|1700163227\n|-end|p2b: Iron Hands|Quark Drive|[silent]\n|switch|p2b: Ting-Lu|Ting-Lu, L50|100\/100\n|-ability|p2b: Ting-Lu|Vessel of Ruin\n|move|p2a: Farigiraf|Protect|p2a: Farigiraf\n|-singleturn|p2a: Farigiraf|Protect\n|move|p1b: Dondozo|Wave Crash|p2a: Farigiraf\n|-activate|p2a: Farigiraf|move: Protect\n|\n|-heal|p1b: Dondozo|54\/100|[from] item: Leftovers\n|upkeep\n|turn|8\n|inactive|Tangarang27 has 30 seconds left.\n|\n|t:|1700163252\n|move|p1b: Dondozo|Wave Crash|p2a: Farigiraf\n|-damage|p2a: Farigiraf|0 fnt\n|-damage|p1b: Dondozo|37\/100|[from] item: Rocky Helmet|[of] p2a: Farigiraf\n|faint|p2a: Farigiraf\n|-damage|p1b: Dondozo|8\/100|[from] Recoil\n|move|p2b: Ting-Lu|Throat Chop|p1b: Dondozo\n|-damage|p1b: Dondozo|0 fnt\n|faint|p1b: Dondozo\n|\n|-sideend|p1: nomis1|move: Aurora Veil\n|upkeep\n|\n|t:|1700163269\n|switch|p2a: Iron Hands|Iron Hands, L50|24\/100\n|switch|p1b: Ninetales|Ninetales-Alola, L50, F|66\/100\n|-weather|Snow|[from] ability: Snow Warning|[of] p1b: Ninetales\n|turn|9\n|\n|t:|1700163291\n|move|p2a: Iron Hands|Fake Out|p1a: Tatsugiri\n|-damage|p1a: Tatsugiri|69\/100\n|cant|p1a: Tatsugiri|flinch\n|move|p1b: Ninetales|Blizzard|p2a: Iron Hands|[spread] p2a,p2b\n|-supereffective|p2b: Ting-Lu\n|-damage|p2a: Iron Hands|9\/100\n|-damage|p2b: Ting-Lu|71\/100\n|-status|p2a: Iron Hands|frz\n|move|p2b: Ting-Lu|Rock Slide|p1a: Tatsugiri|[spread] p1a,p1b\n|-supereffective|p1b: Ninetales\n|-damage|p1a: Tatsugiri|36\/100\n|-damage|p1b: Ninetales|34\/100\n|\n|-weather|Snow|[upkeep]\n|-heal|p2b: Ting-Lu|77\/100|[from] item: Leftovers\n|upkeep\n|turn|10\n|inactive|nomis1 has 30 seconds left.\n|inactive|nomis1 has 20 seconds left.\n|\n|t:|1700163330\n|move|p2b: Ting-Lu|Protect|p2b: Ting-Lu\n|-singleturn|p2b: Ting-Lu|Protect\n|move|p1a: Tatsugiri|Muddy Water|p2b: Ting-Lu|[spread] p2a\n|-activate|p2b: Ting-Lu|move: Protect\n|-damage|p2a: Iron Hands|0 fnt\n|faint|p2a: Iron Hands\n|-end|p2a: Iron Hands|Quark Drive|[silent]\n|move|p1b: Ninetales|Aurora Veil|p1b: Ninetales\n|-sidestart|p1: nomis1|move: Aurora Veil\n|\n|-weather|Snow|[upkeep]\n|-heal|p2b: Ting-Lu|83\/100|[from] item: Leftovers\n|upkeep\n|turn|11\n|\n|t:|1700163349\n|move|p1b: Ninetales|Protect|p1b: Ninetales\n|-singleturn|p1b: Ninetales|Protect\n|move|p1a: Tatsugiri|Muddy Water|p2b: Ting-Lu\n|-supereffective|p2b: Ting-Lu\n|-damage|p2b: Ting-Lu|40\/100\n|-unboost|p2b: Ting-Lu|accuracy|1\n|move|p2b: Ting-Lu|Stomping Tantrum|p1a: Tatsugiri\n|-damage|p1a: Tatsugiri|0 fnt\n|faint|p1a: Tatsugiri\n|\n|-weather|Snow|[upkeep]\n|-heal|p2b: Ting-Lu|46\/100|[from] item: Leftovers\n|upkeep\n|\n|t:|1700163360\n|switch|p1a: Roaring Moon|Roaring Moon, L50|49\/100\n|turn|12\n|\n|t:|1700163377\n|move|p2b: Ting-Lu|Protect|p2b: Ting-Lu\n|-singleturn|p2b: Ting-Lu|Protect\n|move|p1a: Roaring Moon|Acrobatics|p2b: Ting-Lu\n|-activate|p2b: Ting-Lu|move: Protect\n|move|p1b: Ninetales|Moonblast|p2b: Ting-Lu\n|-activate|p2b: Ting-Lu|move: Protect\n|\n|-weather|Snow|[upkeep]\n|-heal|p2b: Ting-Lu|52\/100|[from] item: Leftovers\n|upkeep\n|turn|13\n|\n|t:|1700163391\n|move|p1a: Roaring Moon|Acrobatics|p2b: Ting-Lu\n|-damage|p2b: Ting-Lu|27\/100\n|move|p1b: Ninetales|Moonblast|p2b: Ting-Lu\n|-supereffective|p2b: Ting-Lu\n|-damage|p2b: Ting-Lu|0 fnt\n|faint|p2b: Ting-Lu\n|\n|win|nomis1\n|raw|nomis1's rating: 1368 &rarr; <strong>1383<\/strong><br \/>(+15 for winning)\n|raw|Tangarang27's rating: 1286 &rarr; <strong>1267<\/strong><br \/>(-19 for losing)\n|l|\u2606Tangarang27\n","uploadtime":1700163398,"views":15,"p1id":"nomis1","p2id":"tangarang27","formatid":"gen9vgc2023regulatione","rating":1267,"private":0,"password":""}