{"id":"gen9vgc2023regulatione-1999393314","p1":"Shadow ff05","p2":"rojasgabriel","format":"[Gen 9] VGC 2023 Regulation E","log":"|j|\u2606Shadow ff05\n|j|\u2606rojasgabriel\n|n|\u2606Shadow ff05|shadowff05\n|n|\u2606rojasgabriel|rojasgabriel\n|html|View the match progress at <a href=\"\/game-bestof3-gen9vgc2023regulatione-1999392335\">game-bestof3-gen9vgc2023regulatione-1999392335<\/a>\n|t:|1701072841\n|gametype|doubles\n|player|p1|Shadow ff05|caitlin-masters|\n|player|p2|rojasgabriel|2|\n|teamsize|p1|6\n|teamsize|p2|6\n|gen|9\n|tier|[Gen 9] VGC 2023 Regulation E\n|rule|Species Clause: Limit one of each Pok\u00e9mon\n|rule|Item Clause: Limit one of each item\n|clearpoke\n|poke|p1|Urshifu-*, L50, F|\n|poke|p1|Gholdengo, L50|\n|poke|p1|Ogerpon-Wellspring, L50, F|\n|poke|p1|Iron Hands, L50|\n|poke|p1|Farigiraf, L50, M|\n|poke|p1|Tornadus, L50, M|\n|poke|p2|Ninetales-Alola, L50, M|\n|poke|p2|Cetitan, L50, F|\n|poke|p2|Baxcalibur, L50, M|\n|poke|p2|Landorus-Therian, L50, M|\n|poke|p2|Heatran, L50, F|\n|poke|p2|Rillaboom, L50, M|\n|teampreview|4\nrojasgabriel has agreed to open team sheets.\n|j| ha7\nShadow ff05 has agreed to open team sheets.\n|showteam|p1|Urshifu||BlackGlasses|UnseenFist|WickedBlow,SuckerPunch,SwordsDance,Detect|||F|||50|,,,,,Poison]Gholdengo||ChoiceSpecs|GoodasGold|MakeItRain,ShadowBall,Thunderbolt,PowerGem||||||50|,,,,,Steel]Ogerpon-Wellspring||WellspringMask|WaterAbsorb|IvyCudgel,HornLeech,FollowMe,SpikyShield|||F|||50|,,,,,Water]Iron Hands||BoosterEnergy|QuarkDrive|FakeOut,CloseCombat,WildCharge,IcePunch||||||50|,,,,,Grass]Farigiraf||SafetyGoggles|ArmorTail|Psychic,DazzlingGleam,NastyPlot,TrickRoom|||M|||50|,,,,,Fairy]Tornadus||SkyPlate|Prankster|BleakwindStorm,Tailwind,Taunt,ScaryFace|||M|||50|,,,,,Flying\n|showteam|p2|Ninetales-Alola||SitrusBerry|SnowWarning|Blizzard,IcyWind,AuroraVeil,Protect|||M|||50|,,,,,Water]Cetitan||AssaultVest|SlushRush|IcicleCrash,Liquidation,HeavySlam,Superpower|||F|||50|,,,,,Water]Baxcalibur||LoadedDice|IceBody|IcicleSpear,ScaleShot,SwordsDance,Protect|||M|||50|,,,,,Poison]Landorus-Therian||ChoiceScarf|Intimidate|RockSlide,StompingTantrum,TeraBlast,Uturn|||M|||50|,,,,,Flying]Heatran||LifeOrb|FlashFire|HeatWave,TeraBlast,EarthPower,Protect|||F|||50|,,,,,Fairy]Rillaboom||MeadowPlate|GrassySurge|DrumBeating,FakeOut,KnockOff,Uturn|||M|||50|,,,,,Fire\n|\n|t:|1701072902\n|start\n|switch|p1a: Scrapper the Great|Iron Hands, L50, shiny|100\/100\n|switch|p1b: Maestro|Tornadus, L50, M|100\/100\n|switch|p2a: Ninetales|Ninetales-Alola, L50, M|100\/100\n|switch|p2b: Baxcalibur|Baxcalibur, L50, M|100\/100\n|-weather|Snow|[from] ability: Snow Warning|[of] p2a: Ninetales\n|-enditem|p1a: Scrapper the Great|Booster Energy\n|-activate|p1a: Scrapper the Great|ability: Quark Drive|[fromitem]\n|-start|p1a: Scrapper the Great|quarkdriveatk\n|turn|1\n|\n|t:|1701072919\n|switch|p2b: Landorus|Landorus-Therian, L50, M|100\/100\n|-ability|p2b: Landorus|Intimidate|boost\n|-unboost|p1a: Scrapper the Great|atk|1\n|-unboost|p1b: Maestro|atk|1\n|move|p1a: Scrapper the Great|Fake Out|p2b: Landorus\n|-damage|p2b: Landorus|82\/100\n|move|p1b: Maestro|Taunt|p2a: Ninetales\n|-start|p2a: Ninetales|move: Taunt\n|move|p2a: Ninetales|Blizzard|p1b: Maestro|[spread] p1a,p1b\n|-supereffective|p1b: Maestro\n|-damage|p1a: Scrapper the Great|78\/100\n|-damage|p1b: Maestro|35\/100\n|\n|-weather|Snow|[upkeep]\n|upkeep\n|turn|2\n|j| Fair Playz Gamer\n|l| Fair Playz Gamer\n|\n|t:|1701072974\n|switch|p2a: Baxcalibur|Baxcalibur, L50, M|100\/100\n|move|p1b: Maestro|Tailwind|p1b: Maestro\n|-sidestart|p1: Shadow ff05|move: Tailwind\n|move|p2b: Landorus|Stomping Tantrum|p1a: Scrapper the Great\n|-supereffective|p1a: Scrapper the Great\n|-damage|p1a: Scrapper the Great|15\/100\n|move|p1a: Scrapper the Great|Ice Punch|p2b: Landorus\n|-supereffective|p2b: Landorus\n|-damage|p2b: Landorus|0 fnt\n|faint|p2b: Landorus\n|\n|-weather|Snow|[upkeep]\n|upkeep\n|\n|t:|1701072988\n|switch|p2b: Ninetales|Ninetales-Alola, L50, M|100\/100\n|turn|3\n|\n|t:|1701073021\n|move|p1b: Maestro|Taunt|p2b: Ninetales\n|-start|p2b: Ninetales|move: Taunt\n|move|p1a: Scrapper the Great|Close Combat|p2a: Baxcalibur\n|-supereffective|p2a: Baxcalibur\n|-damage|p2a: Baxcalibur|20\/100\n|-unboost|p1a: Scrapper the Great|def|1\n|-unboost|p1a: Scrapper the Great|spd|1\n|move|p2b: Ninetales|Blizzard|p1b: Maestro|[spread] p1a,p1b\n|-supereffective|p1b: Maestro\n|-damage|p1a: Scrapper the Great|0 fnt\n|-damage|p1b: Maestro|0 fnt\n|faint|p1a: Scrapper the Great\n|-end|p1a: Scrapper the Great|Quark Drive|[silent]\n|faint|p1b: Maestro\n|move|p2a: Baxcalibur|Icicle Spear|p1: Scrapper the Great|[notarget]\n|-fail|p2a: Baxcalibur\n|\n|-weather|Snow|[upkeep]\n|-heal|p2a: Baxcalibur|26\/100|[from] ability: Ice Body\n|upkeep\n|\n|t:|1701073034\n|switch|p1b: Wicked Shades|Urshifu, L50, F|100\/100\n|switch|p1a: Gholden Joe|Gholdengo, L50, shiny|100\/100\n|turn|4\n|\n|t:|1701073048\n|-terastallize|p1a: Gholden Joe|Steel\n|-terastallize|p2b: Ninetales|Water\n|move|p2a: Baxcalibur|Protect|p2a: Baxcalibur\n|-singleturn|p2a: Baxcalibur|Protect\n|move|p1b: Wicked Shades|Wicked Blow|p2b: Ninetales\n|-crit|p2b: Ninetales\n|-damage|p2b: Ninetales|14\/100\n|-enditem|p2b: Ninetales|Sitrus Berry|[eat]\n|-heal|p2b: Ninetales|39\/100|[from] item: Sitrus Berry\n|move|p1a: Gholden Joe|Make It Rain|p2a: Baxcalibur|[spread] p2b\n|-activate|p2a: Baxcalibur|move: Protect\n|-resisted|p2b: Ninetales\n|-damage|p2b: Ninetales|0 fnt\n|-unboost|p1a: Gholden Joe|spa|1\n|faint|p2b: Ninetales\n|\n|-weather|Snow|[upkeep]\n|-heal|p2a: Baxcalibur|32\/100|[from] ability: Ice Body\n|upkeep\n|j| Chicken Dumpy\n|\n|t:|1701073061\n|switch|p2b: Heatran|Heatran, L50, F|100\/100\n|turn|5\n|j| Loli07\n|\n|t:|1701073077\n|move|p1b: Wicked Shades|Wicked Blow|p2b: Heatran\n|-crit|p2b: Heatran\n|-damage|p2b: Heatran|43\/100\n|move|p1a: Gholden Joe|Make It Rain|p2b: Heatran|[spread] p2a,p2b\n|-supereffective|p2a: Baxcalibur\n|-resisted|p2b: Heatran\n|-damage|p2a: Baxcalibur|0 fnt\n|-damage|p2b: Heatran|29\/100\n|-unboost|p1a: Gholden Joe|spa|1\n|faint|p2a: Baxcalibur\n|move|p2b: Heatran|Earth Power|p1a: Gholden Joe\n|-supereffective|p1a: Gholden Joe\n|-damage|p1a: Gholden Joe|13\/100\n|-damage|p2b: Heatran|20\/100|[from] item: Life Orb\n|\n|-weather|none\n|-sideend|p1: Shadow ff05|move: Tailwind\n|upkeep\n|turn|6\n|l| Chicken Dumpy\n|c|\u2606Shadow ff05|gg\n|c|\u2606rojasgabriel|yeah that's too much. gg\n|\n|t:|1701073098\n|move|p1b: Wicked Shades|Wicked Blow|p2b: Heatran\n|-crit|p2b: Heatran\n|-damage|p2b: Heatran|0 fnt\n|faint|p2b: Heatran\n|\n|win|Shadow ff05\n|l| ha7\n|l|\u2606rojasgabriel\n|c|\u2606Shadow ff05|I took this team to 1750 from 1000 in just one hour so\n|l| Loli07\n|j| bloodcurseuk\n|j| Momma_Sophie\n|l| Momma_Sophie\n|l|shadowff05\n|l| bloodcurseuk\n|j|\u2606rojasgabriel\n|player|p2|rojasgabriel|2\n|j| It\u2019sJustKen VGC\n|l| It\u2019sJustKen VGC\n|j| Tilzy\n|j| ha7\n|l| ha7\n|l|\u2606rojasgabriel\n|player|p2|\n|j|\u2606rojasgabriel\n|player|p2|rojasgabriel|2\n|l| Tilzy\n|j| Sir Aaron07\n|l|\u2606rojasgabriel\n|player|p2|\n","uploadtime":1701073669,"views":15,"p1id":"shadowff05","p2id":"rojasgabriel","formatid":"gen9vgc2023regulatione","rating":0,"private":0,"password":""}