{"id":"gen9vgc2023regulatione-1994146566","p1":"Fireboule","p2":"kerzz49","format":"[Gen 9] VGC 2023 Regulation E","log":"|j|\u2606Fireboule\n|j|\u2606kerzz49\n|n|\u2606Fireboule|fireboule\n|n|\u2606kerzz49|kerzz49\n|html|View the match progress at <a href=\"\/game-bestof3-gen9vgc2023regulatione-1994146565\">game-bestof3-gen9vgc2023regulatione-1994146565<\/a>\n|t:|1700412317\n|gametype|doubles\n|player|p1|Fireboule|rocketgruntf|\n|player|p2|kerzz49|cilan|\n|teamsize|p1|6\n|teamsize|p2|6\n|gen|9\n|tier|[Gen 9] VGC 2023 Regulation E\n|rule|Species Clause: Limit one of each Pok\u00e9mon\n|rule|Item Clause: Limit one of each item\n|clearpoke\n|poke|p1|Urshifu-*, L50, M|\n|poke|p1|Tornadus, L50, M|\n|poke|p1|Regidrago, L50|\n|poke|p1|Rillaboom, L50, F|\n|poke|p1|Arcanine-Hisui, L50, M|\n|poke|p1|Gholdengo, L50|\n|poke|p2|Goodra-Hisui, L50, F|\n|poke|p2|Grimmsnarl, L50, M|\n|poke|p2|Flutter Mane, L50|\n|poke|p2|Ogerpon-Wellspring, L50, F|\n|poke|p2|Arcanine-Hisui, L50, F|\n|poke|p2|Chien-Pao, L50|\n|teampreview|4\nFireboule has agreed to open team sheets.\nkerzz49 has agreed to open team sheets.\n|showteam|p1|Urshifu-Rapid-Strike||ChoiceScarf|UnseenFist|SurgingStrikes,CloseCombat,AquaJet,Uturn|||M|||50|,,,,,Poison]Tornadus||RockyHelmet|Prankster|BleakwindStorm,RainDance,Tailwind,Protect|||M|||50|,,,,,Ghost]Regidrago||DragonFang|DragonsMaw|DragonEnergy,DracoMeteor,EarthPower,Protect||||||50|,,,,,Steel]Rillaboom||AssaultVest|GrassySurge|FakeOut,WoodHammer,HighHorsepower,GrassyGlide|||F|||50|,,,,,Grass]Arcanine-Hisui||SitrusBerry|Intimidate|FlareBlitz,ExtremeSpeed,RockSlide,WillOWisp|||M|||50|,,,,,Water]Gholdengo||MetalCoat|GoodasGold|MakeItRain,ShadowBall,NastyPlot,Protect||||||50|,,,,,Dragon\n|showteam|p2|Goodra-Hisui||Leftovers|ShellArmor|HeavySlam,BodyPress,Shelter,Protect|||F|||50|,,,,,Fairy]Grimmsnarl||LightClay|Prankster|Reflect,LightScreen,PartingShot,SpiritBreak|||M|||50|,,,,,Poison]Flutter Mane||ChoiceSpecs|Protosynthesis|Moonblast,ShadowBall,DazzlingGleam,Thunderbolt||||||50|,,,,,Fairy]Ogerpon-Wellspring||WellspringMask|WaterAbsorb|IvyCudgel,HornLeech,FollowMe,SpikyShield|||F|||50|,,,,,Water]Arcanine-Hisui||SitrusBerry|Intimidate|FlareBlitz,RockSlide,WillOWisp,Protect|||F|||50|,,,,,Grass]Chien-Pao||FocusSash|SwordofRuin|IcicleCrash,SuckerPunch,SacredSword,Protect||||||50|,,,,,Ghost\n|c|\u2606Fireboule|glhf\n|c|\u2606kerzz49|toi aussi !\n|\n|t:|1700412381\n|start\n|switch|p1a: Hotlinebling|Gholdengo, L50|100\/100\n|switch|p1b: God's Plan|Tornadus, L50, M|100\/100\n|switch|p2a: Ogerpon|Ogerpon-Wellspring, L50, F|100\/100\n|switch|p2b: Chien-Pao|Chien-Pao, L50|100\/100\n|-ability|p2b: Chien-Pao|Sword of Ruin\n|turn|1\n|\n|t:|1700412433\n|switch|p2b: Arcanine|Arcanine-Hisui, L50, F|100\/100\n|-ability|p2b: Arcanine|Intimidate|boost\n|-unboost|p1a: Hotlinebling|atk|1\n|-unboost|p1b: God's Plan|atk|1\n|switch|p1b: Passionfruit|Arcanine-Hisui, L50, M|100\/100\n|-ability|p1b: Passionfruit|Intimidate|boost\n|-unboost|p2a: Ogerpon|atk|1\n|-unboost|p2b: Arcanine|atk|1\n|move|p2a: Ogerpon|Ivy Cudgel|p1a: Hotlinebling|[anim] Ivy Cudgel Water\n|-damage|p1a: Hotlinebling|65\/100\n|move|p1a: Hotlinebling|Make It Rain|p2a: Ogerpon|[spread] p2a,p2b\n|-resisted|p2a: Ogerpon\n|-damage|p2a: Ogerpon|70\/100\n|-damage|p2b: Arcanine|33\/100\n|-unboost|p1a: Hotlinebling|spa|1\n|-enditem|p2b: Arcanine|Sitrus Berry|[eat]\n|-heal|p2b: Arcanine|58\/100|[from] item: Sitrus Berry\n|\n|upkeep\n|turn|2\n|\n|t:|1700412493\n|switch|p1b: God's Plan|Tornadus, L50, M|100\/100\n|move|p2a: Ogerpon|Ivy Cudgel|p1b: God's Plan|[anim] Ivy Cudgel Water\n|-crit|p1b: God's Plan\n|-damage|p1b: God's Plan|36\/100\n|move|p2b: Arcanine|Flare Blitz|p1a: Hotlinebling\n|-supereffective|p1a: Hotlinebling\n|-damage|p1a: Hotlinebling|0 fnt\n|faint|p1a: Hotlinebling\n|-damage|p2b: Arcanine|38\/100|[from] Recoil\n|\n|upkeep\n|\n|t:|1700412506\n|switch|p1a: Passionfruit|Arcanine-Hisui, L50, M|100\/100\n|-ability|p1a: Passionfruit|Intimidate|boost\n|-unboost|p2a: Ogerpon|atk|1\n|-unboost|p2b: Arcanine|atk|1\n|turn|3\n|\n|t:|1700412548\n|switch|p2b: Goodra|Goodra-Hisui, L50, F, shiny|100\/100\n|-terastallize|p1a: Passionfruit|Water\n|move|p2a: Ogerpon|Spiky Shield|p2a: Ogerpon\n|-singleturn|p2a: Ogerpon|move: Protect\n|move|p1b: God's Plan|Tailwind|p1b: God's Plan\n|-sidestart|p1: Fireboule|move: Tailwind\n|move|p1a: Passionfruit|Will-O-Wisp|p2a: Ogerpon\n|-activate|p2a: Ogerpon|move: Protect\n|\n|upkeep\n|turn|4\n|\n|t:|1700412564\n|move|p2a: Ogerpon|Follow Me|p2a: Ogerpon\n|-singleturn|p2a: Ogerpon|move: Follow Me\n|move|p1b: God's Plan|Bleakwind Storm|p2a: Ogerpon|[spread] \n|-miss|p1b: God's Plan|p2a: Ogerpon\n|-miss|p1b: God's Plan|p2b: Goodra\n|move|p1a: Passionfruit|Will-O-Wisp|p2a: Ogerpon\n|-status|p2a: Ogerpon|brn\n|move|p2b: Goodra|Shelter|p2b: Goodra\n|-boost|p2b: Goodra|def|2\n|\n|-damage|p2a: Ogerpon|64\/100 brn|[from] brn\n|upkeep\n|turn|5\n|\n|t:|1700412591\n|move|p2a: Ogerpon|Follow Me|p2a: Ogerpon\n|-singleturn|p2a: Ogerpon|move: Follow Me\n|move|p1b: God's Plan|Bleakwind Storm|p2a: Ogerpon|[spread] p2a,p2b\n|-supereffective|p2a: Ogerpon\n|-resisted|p2b: Goodra\n|-damage|p2a: Ogerpon|0 fnt\n|-damage|p2b: Goodra|91\/100\n|-unboost|p2b: Goodra|spe|1\n|faint|p2a: Ogerpon\n|move|p1a: Passionfruit|Will-O-Wisp|p2b: Goodra\n|-status|p2b: Goodra|brn\n|move|p2b: Goodra|Body Press|p1a: Passionfruit\n|-damage|p1a: Passionfruit|72\/100\n|\n|-heal|p2b: Goodra|97\/100 brn|[from] item: Leftovers\n|-damage|p2b: Goodra|91\/100 brn|[from] brn\n|upkeep\n|\n|t:|1700412610\n|switch|p2a: Arcanine|Arcanine-Hisui, L50, F|38\/100\n|-ability|p2a: Arcanine|Intimidate|boost\n|-unboost|p1a: Passionfruit|atk|1\n|-unboost|p1b: God's Plan|atk|1\n|turn|6\n|\n|t:|1700412650\n|move|p1b: God's Plan|Protect|p1b: God's Plan\n|-singleturn|p1b: God's Plan|Protect\n|move|p1a: Passionfruit|Rock Slide|p2b: Goodra|[spread] p2a,p2b\n|-supereffective|p2a: Arcanine\n|-resisted|p2b: Goodra\n|-damage|p2a: Arcanine|3\/100\n|-damage|p2b: Goodra|88\/100 brn\n|move|p2a: Arcanine|Rock Slide|p1b: God's Plan|[spread] p1a\n|-activate|p1b: God's Plan|move: Protect\n|-damage|p1a: Passionfruit|48\/100\n|-enditem|p1a: Passionfruit|Sitrus Berry|[eat]\n|-heal|p1a: Passionfruit|73\/100|[from] item: Sitrus Berry\n|cant|p2b: Goodra|flinch\n|\n|-heal|p2b: Goodra|94\/100 brn|[from] item: Leftovers\n|-damage|p2b: Goodra|88\/100 brn|[from] brn\n|-sideend|p1: Fireboule|move: Tailwind\n|upkeep\n|turn|7\n|\n|t:|1700412682\n|move|p1a: Passionfruit|Extreme Speed|p2a: Arcanine\n|-resisted|p2a: Arcanine\n|-damage|p2a: Arcanine|0 fnt\n|faint|p2a: Arcanine\n|move|p1b: God's Plan|Bleakwind Storm|p2b: Goodra\n|-resisted|p2b: Goodra\n|-damage|p2b: Goodra|73\/100 brn\n|move|p2b: Goodra|Shelter|p2b: Goodra\n|-boost|p2b: Goodra|def|2\n|\n|-heal|p2b: Goodra|79\/100 brn|[from] item: Leftovers\n|-damage|p2b: Goodra|73\/100 brn|[from] brn\n|upkeep\n|\n|t:|1700412691\n|switch|p2a: Chien-Pao|Chien-Pao, L50|100\/100\n|-ability|p2a: Chien-Pao|Sword of Ruin\n|turn|8\n|\n|t:|1700412711\n|move|p2a: Chien-Pao|Protect|p2a: Chien-Pao\n|-singleturn|p2a: Chien-Pao|Protect\n|move|p1b: God's Plan|Tailwind|p1b: God's Plan\n|-sidestart|p1: Fireboule|move: Tailwind\n|move|p1a: Passionfruit|Will-O-Wisp|p2a: Chien-Pao\n|-activate|p2a: Chien-Pao|move: Protect\n|move|p2b: Goodra|Body Press|p1a: Passionfruit\n|-damage|p1a: Passionfruit|23\/100\n|\n|-heal|p2b: Goodra|79\/100 brn|[from] item: Leftovers\n|-damage|p2b: Goodra|73\/100 brn|[from] brn\n|upkeep\n|turn|9\n|\n|t:|1700412745\n|move|p1b: God's Plan|Bleakwind Storm|p2b: Goodra|[spread] p2a,p2b\n|-resisted|p2b: Goodra\n|-damage|p2a: Chien-Pao|46\/100\n|-damage|p2b: Goodra|63\/100 brn\n|move|p1a: Passionfruit|Will-O-Wisp|p2a: Chien-Pao\n|-status|p2a: Chien-Pao|brn\n|move|p2a: Chien-Pao|Icicle Crash|p1a: Passionfruit\n|-resisted|p1a: Passionfruit\n|-damage|p1a: Passionfruit|8\/100\n|move|p2b: Goodra|Body Press|p1a: Passionfruit\n|-damage|p1a: Passionfruit|0 fnt\n|faint|p1a: Passionfruit\n|\n|-heal|p2b: Goodra|69\/100 brn|[from] item: Leftovers\n|-damage|p2a: Chien-Pao|40\/100 brn|[from] brn\n|-damage|p2b: Goodra|63\/100 brn|[from] brn\n|upkeep\n|\n|t:|1700412761\n|switch|p1a: Over|Rillaboom, L50, F|100\/100\n|-fieldstart|move: Grassy Terrain|[from] ability: Grassy Surge|[of] p1a: Over\n|turn|10\n|\n|t:|1700412838\n|-terastallize|p2b: Goodra|Fairy\n|move|p2a: Chien-Pao|Protect|p2a: Chien-Pao\n|-singleturn|p2a: Chien-Pao|Protect\n|move|p1b: God's Plan|Bleakwind Storm|p2a: Chien-Pao|[spread] p2b\n|-activate|p2a: Chien-Pao|move: Protect\n|-damage|p2b: Goodra|44\/100 brn\n|move|p1a: Over|Wood Hammer|p2b: Goodra\n|-damage|p2b: Goodra|16\/100 brn\n|-damage|p1a: Over|92\/100|[from] Recoil\n|move|p2b: Goodra|Body Press|p1b: God's Plan\n|-resisted|p1b: God's Plan\n|-damage|p1b: God's Plan|14\/100\n|-damage|p2b: Goodra|0 fnt|[from] item: Rocky Helmet|[of] p1b: God's Plan\n|faint|p2b: Goodra\n|\n|-heal|p1a: Over|98\/100|[from] Grassy Terrain\n|-heal|p2a: Chien-Pao|46\/100 brn|[from] Grassy Terrain\n|-damage|p2a: Chien-Pao|40\/100 brn|[from] brn\n|upkeep\n|turn|11\n|\n|t:|1700412860\n|move|p1b: God's Plan|Bleakwind Storm|p2a: Chien-Pao\n|-damage|p2a: Chien-Pao|0 fnt\n|faint|p2a: Chien-Pao\n|\n|win|Fireboule\n|c|&|\/uhtml prompt-kerzz49,kerzz49 is ready for game 2!\n|c|&|\/uhtml prompt-fireboule,Fireboule is ready for game 2!\nBoth players are ready! Starting next match!\n|l|\u2606kerzz49\n","uploadtime":1700413891,"views":25,"p1id":"fireboule","p2id":"kerzz49","formatid":"gen9vgc2023regulatione","rating":0,"private":0,"password":""}