{"id":"gen9vgc2023regulatione-1998480542","p1":"SquidBox","p2":"cygnusx1018","format":"[Gen 9] VGC 2023 Regulation E","log":"|j|\u2606SquidBox\n|j|\u2606cygnusx1018\n|t:|1700947110\n|gametype|doubles\n|player|p1|SquidBox|cyrus|\n|player|p2|cygnusx1018|169|\n|teamsize|p1|6\n|teamsize|p2|6\n|gen|9\n|tier|[Gen 9] VGC 2023 Regulation E\n|rule|Species Clause: Limit one of each Pok\u00e9mon\n|rule|Item Clause: Limit one of each item\n|clearpoke\n|poke|p1|Slaking, L50, F|\n|poke|p1|Ribombee, L50, M|\n|poke|p1|Talonflame, L50, F|\n|poke|p1|Walking Wake, L50|\n|poke|p1|Qwilfish-Hisui, L50, F|\n|poke|p1|Uxie, L50|\n|poke|p2|Ditto, L50|\n|poke|p2|Gyarados, L50, F|\n|poke|p2|Stonjourner, L50, M|\n|poke|p2|Tornadus, L50, M|\n|poke|p2|Chi-Yu, L50|\n|poke|p2|Chien-Pao, L50|\n|teampreview|4\n|inactive|Battle timer is ON: inactive players will automatically lose when time's up. (requested by SquidBox)\ncygnusx1018 rejected open team sheets.\n|\n|t:|1700947140\n|start\n|switch|p1a: Talonflame|Talonflame, L50, F|100\/100\n|switch|p1b: Walking Wake|Walking Wake, L50|100\/100\n|switch|p2a: Magic Karp|Gyarados, L50, F|100\/100\n|switch|p2b: WEEEEEEE (U)|Tornadus, L50, M|100\/100\n|-ability|p2a: Magic Karp|Intimidate|boost\n|-unboost|p1a: Talonflame|atk|1\n|-unboost|p1b: Walking Wake|atk|1\n|turn|1\n|\n|t:|1700947160\n|-terastallize|p1a: Talonflame|Dark\n|move|p1b: Walking Wake|Protect|p1b: Walking Wake\n|-singleturn|p1b: Walking Wake|Protect\n|move|p1a: Talonflame|Tailwind|p1a: Talonflame\n|-sidestart|p1: SquidBox|move: Tailwind\n|move|p2b: WEEEEEEE (U)|Taunt|p1a: Talonflame\n|-hint|Since gen 7, Dark is immune to Prankster moves.\n|-immune|p1a: Talonflame\n|move|p2a: Magic Karp|Ice Fang|p1b: Walking Wake\n|-activate|p1b: Walking Wake|move: Protect\n|\n|upkeep\n|turn|2\n|\n|t:|1700947181\n|move|p2b: WEEEEEEE (U)|Rain Dance|p2b: WEEEEEEE (U)\n|-weather|RainDance\n|move|p1a: Talonflame|Sunny Day|p1a: Talonflame\n|-weather|SunnyDay\n|-activate|p1b: Walking Wake|ability: Protosynthesis\n|-start|p1b: Walking Wake|protosynthesisspa\n|move|p1b: Walking Wake|Hydro Steam|p2b: WEEEEEEE (U)\n|-damage|p2b: WEEEEEEE (U)|0 fnt\n|faint|p2b: WEEEEEEE (U)\n|-damage|p1b: Walking Wake|91\/100|[from] item: Life Orb\n|move|p2a: Magic Karp|Ice Fang|p1b: Walking Wake\n|-damage|p1b: Walking Wake|65\/100\n|\n|-weather|SunnyDay|[upkeep]\n|upkeep\n|\n|t:|1700947195\n|switch|p2b: Magic Karp 2.0|Chi-Yu, L50|100\/100\n|-ability|p2b: Magic Karp 2.0|Beads of Ruin\n|turn|3\n|\n|t:|1700947218\n|move|p1a: Talonflame|Heat Wave|p2b: Magic Karp 2.0|[spread] p2a,p2b\n|-resisted|p2a: Magic Karp\n|-resisted|p2b: Magic Karp 2.0\n|-damage|p2a: Magic Karp|89\/100\n|-damage|p2b: Magic Karp 2.0|89\/100\n|move|p1b: Walking Wake|Dragon Pulse|p2b: Magic Karp 2.0\n|-damage|p2b: Magic Karp 2.0|1\/100\n|-damage|p1b: Walking Wake|55\/100|[from] item: Life Orb\n|move|p2b: Magic Karp 2.0|Heat Wave|p1b: Walking Wake|[spread] p1a,p1b\n|-resisted|p1b: Walking Wake\n|-damage|p1a: Talonflame|6\/100\n|-damage|p1b: Walking Wake|34\/100\n|move|p2a: Magic Karp|Bulldoze|p1a: Talonflame|[spread] p2b,p1a,p1b\n|-supereffective|p2b: Magic Karp 2.0\n|-damage|p2b: Magic Karp 2.0|0 fnt\n|-damage|p1a: Talonflame|0 fnt\n|-damage|p1b: Walking Wake|15\/100\n|-unboost|p1b: Walking Wake|spe|1\n|faint|p2b: Magic Karp 2.0\n|faint|p1a: Talonflame\n|\n|-weather|SunnyDay|[upkeep]\n|upkeep\n|\n|t:|1700947234\n|switch|p1a: Qwilfish|Qwilfish-Hisui, L50, F|100\/100\n|switch|p2b: Kung Pao. Chimken|Chien-Pao, L50|100\/100\n|-ability|p1a: Qwilfish|Intimidate|boost\n|-unboost|p2a: Magic Karp|atk|1\n|-unboost|p2b: Kung Pao. Chimken|atk|1\n|-ability|p2b: Kung Pao. Chimken|Sword of Ruin\n|turn|4\n|inactive|SquidBox has 30 seconds left.\n|inactive|SquidBox has 20 seconds left.\n|\n|t:|1700947272\n|move|p1b: Walking Wake|Flamethrower|p2b: Kung Pao. Chimken\n|-supereffective|p2b: Kung Pao. Chimken\n|-damage|p2b: Kung Pao. Chimken|0 fnt\n|faint|p2b: Kung Pao. Chimken\n|-damage|p1b: Walking Wake|5\/100|[from] item: Life Orb\n|move|p1a: Qwilfish|Barb Barrage|p2a: Magic Karp\n|-damage|p2a: Magic Karp|63\/100\n|move|p2a: Magic Karp|Waterfall|p1b: Walking Wake\n|-resisted|p1b: Walking Wake\n|-damage|p1b: Walking Wake|1\/100\n|\n|-weather|SunnyDay|[upkeep]\n|-sideend|p1: SquidBox|move: Tailwind\n|upkeep\n|turn|5\n|\n|t:|1700947289\n|move|p2a: Magic Karp|Bulldoze|p1b: Walking Wake|[spread] p1a,p1b\n|-supereffective|p1a: Qwilfish\n|-damage|p1a: Qwilfish|84\/100\n|-damage|p1b: Walking Wake|0 fnt\n|-unboost|p1a: Qwilfish|spe|1\n|faint|p1b: Walking Wake\n|-end|p1b: Walking Wake|Protosynthesis|[silent]\n|move|p1a: Qwilfish|Crunch|p2a: Magic Karp\n|-damage|p2a: Magic Karp|30\/100\n|\n|-weather|SunnyDay|[upkeep]\n|upkeep\n|\n|t:|1700947292\n|switch|p1b: Uxie|Uxie, L50|100\/100\n|turn|6\n|\n|t:|1700947305\n|move|p2a: Magic Karp|Crunch|p1b: Uxie\n|-supereffective|p1b: Uxie\n|-damage|p1b: Uxie|71\/100\n|move|p1b: Uxie|Knock Off|p2a: Magic Karp\n|-damage|p2a: Magic Karp|12\/100\n|-enditem|p2a: Magic Karp|Assault Vest|[from] move: Knock Off|[of] p1b: Uxie\n|move|p1a: Qwilfish|Crunch|p2a: Magic Karp\n|-damage|p2a: Magic Karp|0 fnt\n|faint|p2a: Magic Karp\n|\n|win|SquidBox\n","uploadtime":1700947316,"views":15,"p1id":"squidbox","p2id":"cygnusx1018","formatid":"gen9vgc2023regulatione","rating":0,"private":0,"password":""}