{"id":"gen9vgc2023regulatione-1996638452","p1":"TheLastAbyss","p2":"someguy459","format":"[Gen 9] VGC 2023 Regulation E","log":"|j|\u2606TheLastAbyss\n|j|\u2606someguy459\n|t:|1700703736\n|gametype|doubles\n|player|p1|TheLastAbyss|1|1069\n|player|p2|someguy459|ingo|1077\n|teamsize|p1|6\n|teamsize|p2|6\n|gen|9\n|tier|[Gen 9] VGC 2023 Regulation E\n|rated|\n|rule|Species Clause: Limit one of each Pok\u00e9mon\n|rule|Item Clause: Limit one of each item\n|clearpoke\n|poke|p1|Clefairy, L50, M|\n|poke|p1|Roaring Moon, L50|\n|poke|p1|Landorus-Therian, L50, M|\n|poke|p1|Sinistcha, L50|\n|poke|p1|Flutter Mane, L50|\n|poke|p1|Chien-Pao, L50|\n|poke|p2|Illumise, L50, F|\n|poke|p2|Ninetales-Alola, L50, F|\n|poke|p2|Baxcalibur, L50, M|\n|poke|p2|Rillaboom, L50, M|\n|poke|p2|Heatran, L50, M|\n|poke|p2|Gholdengo, L50|\n|teampreview|4\n|inactive|Battle timer is ON: inactive players will automatically lose when time's up. (requested by TheLastAbyss)\n|inactive|someguy459 has 60 seconds left.\n|\n|t:|1700703767\n|start\n|switch|p1a: Clefairy|Clefairy, L50, M|100\/100\n|switch|p1b: Landorus|Landorus-Therian, L50, M|100\/100\n|switch|p2a: Ninetales|Ninetales-Alola, L50, F|100\/100\n|switch|p2b: Heatran|Heatran, L50, M|100\/100\n|-weather|Snow|[from] ability: Snow Warning|[of] p2a: Ninetales\n|-ability|p1b: Landorus|Intimidate|boost\n|-unboost|p2a: Ninetales|atk|1\n|-unboost|p2b: Heatran|atk|1\n|turn|1\n|\n|t:|1700703783\n|move|p2b: Heatran|Protect|p2b: Heatran\n|-singleturn|p2b: Heatran|Protect\n|move|p2a: Ninetales|Aurora Veil|p2a: Ninetales\n|-sidestart|p2: someguy459|move: Aurora Veil\n|move|p1b: Landorus|U-turn|p2a: Ninetales\n|-resisted|p2a: Ninetales\n|-damage|p2a: Ninetales|93\/100\n|\n|t:|1700703796\n|switch|p1b: Chien-Pao|Chien-Pao, L50|100\/100|[from] U-turn\n|-ability|p1b: Chien-Pao|Sword of Ruin\n|move|p1a: Clefairy|Icy Wind|p2b: Heatran|[spread] p2a\n|-activate|p2b: Heatran|move: Protect\n|-resisted|p2a: Ninetales\n|-damage|p2a: Ninetales|91\/100\n|-unboost|p2a: Ninetales|spe|1\n|\n|-weather|Snow|[upkeep]\n|upkeep\n|turn|2\n|inactive|TheLastAbyss has 30 seconds left.\n|inactive|someguy459 has 30 seconds left.\n|inactive|TheLastAbyss has 20 seconds left.\n|inactive|someguy459 has 20 seconds left.\n|inactive|TheLastAbyss has 15 seconds left.\n|\n|t:|1700703841\n|move|p1b: Chien-Pao|Sacred Sword|p2b: Heatran\n|-supereffective|p2b: Heatran\n|-damage|p2b: Heatran|46\/100\n|move|p2a: Ninetales|Disable|p1a: Clefairy\n|-start|p1a: Clefairy|Disable|Icy Wind\n|move|p2b: Heatran|Heat Wave|p1a: Clefairy|[spread] p1a,p1b\n|-supereffective|p1b: Chien-Pao\n|-damage|p1a: Clefairy|65\/100\n|-enditem|p1b: Chien-Pao|Focus Sash\n|-damage|p1b: Chien-Pao|1\/100\n|-damage|p2b: Heatran|36\/100|[from] item: Life Orb\n|move|p1a: Clefairy|Encore|p2a: Ninetales\n|-start|p2a: Ninetales|Encore\n|\n|-weather|Snow|[upkeep]\n|upkeep\n|turn|3\n|inactive|TheLastAbyss has 30 seconds left.\n|\n|t:|1700703867\n|switch|p1a: Sinistcha|Sinistcha, L50|100\/100\n|-heal|p1b: Chien-Pao|26\/100|[from] ability: Hospitality|[of] p1a: Sinistcha\n|move|p2b: Heatran|Protect|p2b: Heatran\n|-singleturn|p2b: Heatran|Protect\n|move|p1b: Chien-Pao|Sacred Sword|p2b: Heatran\n|-activate|p2b: Heatran|move: Protect\n|move|p2a: Ninetales|Disable|p1b: Chien-Pao\n|-start|p1b: Chien-Pao|Disable|Sacred Sword\n|\n|-weather|Snow|[upkeep]\n|upkeep\n|turn|4\n|inactive|TheLastAbyss has 30 seconds left.\n|\n|t:|1700703898\n|switch|p2a: Baxcalibur|Baxcalibur, L50, M|100\/100\n|switch|p1a: Landorus|Landorus-Therian, L50, M|100\/100\n|-ability|p1a: Landorus|Intimidate|boost\n|-unboost|p2a: Baxcalibur|atk|1\n|-unboost|p2b: Heatran|atk|1\n|-terastallize|p1b: Chien-Pao|Dark\n|move|p1b: Chien-Pao|Sucker Punch|p2b: Heatran\n|-damage|p2b: Heatran|0 fnt\n|faint|p2b: Heatran\n|\n|-weather|Snow|[upkeep]\n|upkeep\n|\n|t:|1700703909\n|switch|p2b: Ninetales|Ninetales-Alola, L50, F|91\/100\n|turn|5\n|\n|t:|1700703931\n|move|p2a: Baxcalibur|Ice Shard|p1a: Landorus\n|-supereffective|p1a: Landorus\n|-damage|p1a: Landorus|10\/100\n|move|p1b: Chien-Pao|Lash Out|p2a: Baxcalibur\n|-damage|p2a: Baxcalibur|71\/100\n|move|p2b: Ninetales|Blizzard|p1b: Chien-Pao|[spread] p1a,p1b\n|-supereffective|p1a: Landorus\n|-damage|p1a: Landorus|0 fnt\n|-damage|p1b: Chien-Pao|0 fnt\n|faint|p1a: Landorus\n|faint|p1b: Chien-Pao\n|\n|-weather|none\n|upkeep\n|\n|t:|1700703940\n|switch|p1b: Sinistcha|Sinistcha, L50|100\/100\n|switch|p1a: Clefairy|Clefairy, L50, M|65\/100\n|-heal|p1a: Clefairy|90\/100|[from] ability: Hospitality|[of] p1b: Sinistcha\n|turn|6\n|\n|t:|1700703962\n|switch|p2b: Gholdengo|Gholdengo, L50|100\/100\n|move|p2a: Baxcalibur|Icicle Crash|p1b: Sinistcha\n|-supereffective|p1b: Sinistcha\n|-damage|p1b: Sinistcha|48\/100\n|move|p1b: Sinistcha|Strength Sap|p2a: Baxcalibur\n|-unboost|p2a: Baxcalibur|atk|1\n|-heal|p1b: Sinistcha|100\/100\n|move|p1a: Clefairy|Icy Wind|p2b: Gholdengo|[spread] p2a,p2b\n|-resisted|p2b: Gholdengo\n|-damage|p2a: Baxcalibur|66\/100\n|-damage|p2b: Gholdengo|99\/100\n|-unboost|p2a: Baxcalibur|spe|1\n|-unboost|p2b: Gholdengo|spe|1\n|\n|upkeep\n|turn|7\n|inactive|someguy459 has 30 seconds left.\n|inactive|someguy459 has 20 seconds left.\n|\n|t:|1700703998\n|move|p2a: Baxcalibur|Protect|p2a: Baxcalibur\n|-singleturn|p2a: Baxcalibur|Protect\n|move|p2b: Gholdengo|Make It Rain|p1a: Clefairy|[spread] p1a,p1b\n|-supereffective|p1a: Clefairy\n|-damage|p1a: Clefairy|25\/100\n|-damage|p1b: Sinistcha|65\/100\n|-unboost|p2b: Gholdengo|spa|1\n|move|p1b: Sinistcha|Matcha Gotcha|p2a: Baxcalibur|[spread] p2b\n|-activate|p2a: Baxcalibur|move: Protect\n|-resisted|p2b: Gholdengo\n|-damage|p2b: Gholdengo|89\/100\n|-heal|p1b: Sinistcha|70\/100|[from] drain|[of] p2b: Gholdengo\n|move|p1a: Clefairy|Encore|p2b: Gholdengo\n|-immune|p2b: Gholdengo|[from] ability: Good as Gold\n|\n|-heal|p1b: Sinistcha|76\/100|[from] item: Leftovers\n|upkeep\n|turn|8\n|inactive|someguy459 has 30 seconds left.\n|\n|t:|1700704030\n|move|p1a: Clefairy|Follow Me|p1a: Clefairy\n|-singleturn|p1a: Clefairy|move: Follow Me\n|move|p2a: Baxcalibur|Ice Shard|p1a: Clefairy\n|-damage|p1a: Clefairy|11\/100\n|move|p2b: Gholdengo|Make It Rain|p1b: Sinistcha|[spread] p1a,p1b\n|-supereffective|p1a: Clefairy\n|-crit|p1a: Clefairy\n|-damage|p1a: Clefairy|0 fnt\n|-damage|p1b: Sinistcha|55\/100\n|-unboost|p2b: Gholdengo|spa|1\n|faint|p1a: Clefairy\n|move|p1b: Sinistcha|Matcha Gotcha|p2b: Gholdengo|[spread] p2a,p2b\n|-resisted|p2a: Baxcalibur\n|-resisted|p2b: Gholdengo\n|-damage|p2a: Baxcalibur|57\/100\n|-heal|p1b: Sinistcha|61\/100|[from] drain|[of] p2a: Baxcalibur\n|-damage|p2b: Gholdengo|79\/100\n|-heal|p1b: Sinistcha|66\/100|[from] drain|[of] p2b: Gholdengo\n|\n|-heal|p1b: Sinistcha|72\/100|[from] item: Leftovers\n|-sideend|p2: someguy459|move: Aurora Veil\n|upkeep\n|turn|9\n|inactive|someguy459 has 30 seconds left.\n|\n|t:|1700704056\n|switch|p2b: Ninetales|Ninetales-Alola, L50, F|91\/100\n|-weather|Snow|[from] ability: Snow Warning|[of] p2b: Ninetales\n|move|p2a: Baxcalibur|Protect|p2a: Baxcalibur\n|-singleturn|p2a: Baxcalibur|Protect\n|move|p1b: Sinistcha|Matcha Gotcha|p2a: Baxcalibur|[spread] p2b\n|-activate|p2a: Baxcalibur|move: Protect\n|-crit|p2b: Ninetales\n|-damage|p2b: Ninetales|54\/100\n|-heal|p1b: Sinistcha|91\/100|[from] drain|[of] p2b: Ninetales\n|\n|-weather|Snow|[upkeep]\n|-heal|p2a: Baxcalibur|63\/100|[from] ability: Ice Body\n|-heal|p1b: Sinistcha|97\/100|[from] item: Leftovers\n|upkeep\n|turn|10\n|\n|t:|1700704077\n|switch|p2a: Gholdengo|Gholdengo, L50|79\/100\n|move|p2b: Ninetales|Aurora Veil|p2b: Ninetales\n|-sidestart|p2: someguy459|move: Aurora Veil\n|move|p1b: Sinistcha|Matcha Gotcha|p2b: Ninetales|[spread] p2a,p2b\n|-resisted|p2a: Gholdengo\n|-damage|p2a: Gholdengo|69\/100\n|-heal|p1b: Sinistcha|100\/100|[from] drain|[of] p2a: Gholdengo\n|-damage|p2b: Ninetales|37\/100\n|\n|-weather|Snow|[upkeep]\n|upkeep\n|turn|11\n|\n|t:|1700704095\n|move|p1b: Sinistcha|Protect|p1b: Sinistcha\n|-singleturn|p1b: Sinistcha|Protect\n|move|p2a: Gholdengo|Shadow Ball|p1b: Sinistcha\n|-activate|p1b: Sinistcha|move: Protect\n|move|p2b: Ninetales|Disable|p1b: Sinistcha\n|-activate|p1b: Sinistcha|move: Protect\n|\n|-weather|Snow|[upkeep]\n|upkeep\n|turn|12\n|\n|t:|1700704111\n|move|p2a: Gholdengo|Shadow Ball|p1b: Sinistcha\n|-supereffective|p1b: Sinistcha\n|-damage|p1b: Sinistcha|26\/100\n|-unboost|p1b: Sinistcha|spd|1\n|move|p2b: Ninetales|Blizzard|p1b: Sinistcha\n|-supereffective|p1b: Sinistcha\n|-damage|p1b: Sinistcha|0 fnt\n|faint|p1b: Sinistcha\n|\n|win|someguy459\n|raw|TheLastAbyss's rating: 1069 &rarr; <strong>1049<\/strong><br \/>(-20 for losing)\n|raw|someguy459's rating: 1077 &rarr; <strong>1105<\/strong><br \/>(+28 for winning)\n|l|\u2606TheLastAbyss\n","uploadtime":1700704122,"views":2,"p1id":"thelastabyss","p2id":"someguy459","formatid":"gen9vgc2023regulatione","rating":1049,"private":0,"password":""}