{"id":"gen9vgc2023regulatione-1994986824","p1":"Obut999","p2":"taco_bowl_mx","format":"[Gen 9] VGC 2023 Regulation E","log":"|j|\u2606Obut999\n|j|\u2606taco_bowl_mx\n|t:|1700510748\n|gametype|doubles\n|player|p1|Obut999|clerk-boss|1321\n|player|p2|taco_bowl_mx|dawn-gen4pt|1378\n|teamsize|p1|6\n|teamsize|p2|6\n|gen|9\n|tier|[Gen 9] VGC 2023 Regulation E\n|rated|\n|rule|Species Clause: Limit one of each Pok\u00e9mon\n|rule|Item Clause: Limit one of each item\n|clearpoke\n|poke|p1|Lucario, L50, F|\n|poke|p1|Clefairy, L50, F|\n|poke|p1|Ambipom, L50, F|\n|poke|p1|Flutter Mane, L50|\n|poke|p1|Talonflame, L50, F|\n|poke|p1|Hariyama, L50, F|\n|poke|p2|Flutter Mane, L50|\n|poke|p2|Chien-Pao, L50|\n|poke|p2|Iron Hands, L50|\n|poke|p2|Heatran, L50, M|\n|poke|p2|Ogerpon-Wellspring, L50, F|\n|poke|p2|Landorus-Therian, L50, M|\n|teampreview|4\ntaco_bowl_mx has agreed to open team sheets.\n|inactive|Battle timer is ON: inactive players will automatically lose when time's up. (requested by taco_bowl_mx)\n|\n|t:|1700510785\n|start\n|switch|p1a: Lucario|Lucario, L50, F|100\/100\n|switch|p1b: Clefairy|Clefairy, L50, F|100\/100\n|switch|p2a: Landorus|Landorus-Therian, L50, M|100\/100\n|switch|p2b: Heatran|Heatran, L50, M|100\/100\n|-ability|p2a: Landorus|Intimidate|boost\n|-fail|p1a: Lucario|unboost|Attack|[from] ability: Inner Focus|[of] p1a: Lucario\n|-unboost|p1b: Clefairy|atk|1\n|turn|1\n|\n|t:|1700510807\n|-terastallize|p1a: Lucario|Normal\n|move|p2b: Heatran|Protect|p2b: Heatran\n|-singleturn|p2b: Heatran|Protect\n|move|p1b: Clefairy|Follow Me|p1b: Clefairy\n|-singleturn|p1b: Clefairy|move: Follow Me\n|move|p2a: Landorus|Stomping Tantrum|p1b: Clefairy\n|-damage|p1b: Clefairy|62\/100\n|move|p1a: Lucario|Swords Dance|p1a: Lucario\n|-boost|p1a: Lucario|atk|2\n|\n|upkeep\n|turn|2\n|\n|t:|1700510830\n|switch|p2b: Flutter Mane|Flutter Mane, L50|100\/100\n|move|p1a: Lucario|Extreme Speed|p2a: Landorus\n|-damage|p2a: Landorus|0 fnt\n|faint|p2a: Landorus\n|-damage|p1a: Lucario|91\/100|[from] item: Life Orb\n|move|p1b: Clefairy|Follow Me|p1b: Clefairy\n|-singleturn|p1b: Clefairy|move: Follow Me\n|\n|upkeep\n|\n|t:|1700510842\n|switch|p2a: Chien-Pao|Chien-Pao, L50|100\/100\n|-ability|p2a: Chien-Pao|Sword of Ruin\n|turn|3\n|inactive|taco_bowl_mx has 30 seconds left.\n|\n|t:|1700510873\n|move|p1b: Clefairy|Follow Me|p1b: Clefairy\n|-singleturn|p1b: Clefairy|move: Follow Me\n|move|p1a: Lucario|Bullet Punch|p2b: Flutter Mane\n|-supereffective|p2b: Flutter Mane\n|-damage|p2b: Flutter Mane|0 fnt\n|faint|p2b: Flutter Mane\n|-end|p2b: Flutter Mane|Protosynthesis|[silent]\n|-damage|p1a: Lucario|81\/100|[from] item: Life Orb\n|move|p2a: Chien-Pao|Haze|p2a: Chien-Pao\n|-clearallboost\n|\n|upkeep\n|\n|t:|1700510882\n|switch|p2b: Heatran|Heatran, L50, M|100\/100\n|turn|4\n|\n|t:|1700510906\n|-terastallize|p2b: Heatran|Grass\n|move|p1a: Lucario|Detect|p1a: Lucario\n|-singleturn|p1a: Lucario|Protect\n|move|p2a: Chien-Pao|Ice Spinner|p1b: Clefairy\n|-damage|p1b: Clefairy|16\/100\n|move|p2b: Heatran|Heat Wave|p1b: Clefairy|[spread] p1b\n|-activate|p1a: Lucario|move: Protect\n|-damage|p1b: Clefairy|0 fnt\n|faint|p1b: Clefairy\n|\n|upkeep\n|\n|t:|1700510918\n|switch|p1b: Ambipom|Ambipom, L50, F|100\/100\n|turn|5\n|\n|t:|1700510931\n|move|p1b: Ambipom|Fake Out|p2a: Chien-Pao\n|-crit|p2a: Chien-Pao\n|-damage|p2a: Chien-Pao|45\/100\n|move|p1a: Lucario|Extreme Speed|p2b: Heatran\n|-damage|p2b: Heatran|42\/100\n|-damage|p1a: Lucario|72\/100|[from] item: Life Orb\n|cant|p2a: Chien-Pao|flinch\n|move|p2b: Heatran|Heat Wave|p1a: Lucario|[spread] p1a,p1b\n|-damage|p1a: Lucario|25\/100\n|-damage|p1b: Ambipom|38\/100\n|\n|-heal|p2b: Heatran|48\/100|[from] item: Leftovers\n|upkeep\n|turn|6\n|\n|t:|1700510953\n|move|p2b: Heatran|Protect|p2b: Heatran\n|-singleturn|p2b: Heatran|Protect\n|move|p1a: Lucario|Extreme Speed|p2a: Chien-Pao\n|-crit|p2a: Chien-Pao\n|-damage|p2a: Chien-Pao|0 fnt\n|faint|p2a: Chien-Pao\n|-damage|p1a: Lucario|16\/100|[from] item: Life Orb\n|move|p1b: Ambipom|Fling|p2b: Heatran\n|-activate|p2b: Heatran|move: Protect\n|-enditem|p1b: Ambipom|King's Rock|[from] move: Fling\n|\n|-heal|p2b: Heatran|54\/100|[from] item: Leftovers\n|upkeep\n|turn|7\n|\n|t:|1700510965\n|move|p1a: Lucario|Extreme Speed|p2b: Heatran\n|-damage|p2b: Heatran|7\/100\n|-damage|p1a: Lucario|6\/100|[from] item: Life Orb\n|move|p1b: Ambipom|Fling||[still]\n|-fail|p1b: Ambipom\n|move|p2b: Heatran|Heat Wave|p1a: Lucario|[spread] p1a,p1b\n|-damage|p1a: Lucario|0 fnt\n|-damage|p1b: Ambipom|0 fnt\n|faint|p1a: Lucario\n|faint|p1b: Ambipom\n|\n|-heal|p2b: Heatran|14\/100|[from] item: Leftovers\n|upkeep\n|\n|t:|1700510971\n|switch|p1a: Flutter Mane|Flutter Mane, L50|100\/100\n|turn|8\n|\n|t:|1700510979\n|move|p2b: Heatran|Protect|p2b: Heatran\n|-singleturn|p2b: Heatran|Protect\n|move|p1a: Flutter Mane|Shadow Ball|p2b: Heatran\n|-activate|p2b: Heatran|move: Protect\n|\n|-heal|p2b: Heatran|20\/100|[from] item: Leftovers\n|upkeep\n|turn|9\n|\n|t:|1700510988\n|move|p1a: Flutter Mane|Shadow Ball|p2b: Heatran\n|-damage|p2b: Heatran|0 fnt\n|faint|p2b: Heatran\n|\n|win|Obut999\n|raw|Obut999's rating: 1321 &rarr; <strong>1344<\/strong><br \/>(+23 for winning)\n|raw|taco_bowl_mx's rating: 1378 &rarr; <strong>1355<\/strong><br \/>(-23 for losing)\n","uploadtime":1700510995,"views":8,"p1id":"obut999","p2id":"tacobowlmx","formatid":"gen9vgc2023regulatione","rating":1344,"private":0,"password":""}