{"id":"gen9vgc2023regulatione-1996171272","p1":"seanyboy335","p2":"Badplayer86","format":"[Gen 9] VGC 2023 Regulation E","log":"|j|\u203dseanyboy335\n|j|\u2606Badplayer86\n|t:|1700654626\n|gametype|doubles\n|player|p1|seanyboy335|170|1428\n|player|p2|Badplayer86|1|1382\n|teamsize|p1|6\n|teamsize|p2|6\n|gen|9\n|tier|[Gen 9] VGC 2023 Regulation E\n|rated|\n|rule|Species Clause: Limit one of each Pok\u00e9mon\n|rule|Item Clause: Limit one of each item\n|clearpoke\n|poke|p1|Arcanine-Hisui, L50, F|\n|poke|p1|Iron Hands, L50|\n|poke|p1|Gholdengo, L50|\n|poke|p1|Urshifu-*, L50, M|\n|poke|p1|Roaring Moon, L50|\n|poke|p1|Amoonguss, L50, F|\n|poke|p2|Urshifu-*, L50, M|\n|poke|p2|Tornadus, L50, M|\n|poke|p2|Farigiraf, L50, F|\n|poke|p2|Basculegion, L50, M|\n|poke|p2|Iron Hands, L50|\n|poke|p2|Landorus-Therian, L50, M|\n|teampreview|4\n|inactive|Battle timer is ON: inactive players will automatically lose when time's up. (requested by seanyboy335)\n|inactive|seanyboy335 has 60 seconds left.\n|l|\u2606Badplayer86\n|inactive|Badplayer86 disconnected and has a minute to reconnect!\n|player|p2|\n|\n|t:|1700654661\n|start\n|switch|p1a: Roaring Moon|Roaring Moon, L50, shiny|100\/100\n|switch|p1b: Iron Hands|Iron Hands, L50|100\/100\n|switch|p2a: Farigiraf|Farigiraf, L50, F, shiny|100\/100\n|switch|p2b: Iron Hands|Iron Hands, L50, shiny|100\/100\n|-enditem|p1a: Roaring Moon|Booster Energy\n|-activate|p1a: Roaring Moon|ability: Protosynthesis|[fromitem]\n|-start|p1a: Roaring Moon|protosynthesisspe\n|-enditem|p2b: Iron Hands|Booster Energy\n|-activate|p2b: Iron Hands|ability: Quark Drive|[fromitem]\n|-start|p2b: Iron Hands|quarkdriveatk\n|turn|1\n|j|\u2606Badplayer86\n|inactive|Badplayer86 reconnected and has 40 seconds left.\n|player|p2|Badplayer86|1\n|inactive|seanyboy335 has 30 seconds left.\n|inactive|Badplayer86 has 30 seconds left.\n|inactive|seanyboy335 has 20 seconds left.\n|inactive|Badplayer86 has 20 seconds left.\n|inactive|seanyboy335 has 15 seconds left.\n|\n|t:|1700654702\n|-terastallize|p2a: Farigiraf|Fairy\n|move|p2b: Iron Hands|Fake Out|p1b: Iron Hands\n|-damage|p1b: Iron Hands|86\/100\n|move|p1a: Roaring Moon|Knock Off|p2a: Farigiraf\n|-resisted|p2a: Farigiraf\n|-damage|p2a: Farigiraf|77\/100\n|-enditem|p2a: Farigiraf|Safety Goggles|[from] move: Knock Off|[of] p1a: Roaring Moon\n|move|p2a: Farigiraf|Dazzling Gleam|p1a: Roaring Moon|[spread] p1a,p1b\n|-supereffective|p1a: Roaring Moon\n|-supereffective|p1b: Iron Hands\n|-damage|p1a: Roaring Moon|7\/100\n|-damage|p1b: Iron Hands|61\/100\n|cant|p1b: Iron Hands|flinch\n|\n|upkeep\n|turn|2\n|inactive|seanyboy335 has 30 seconds left.\n|inactive|Badplayer86 has 30 seconds left.\n|inactive|Badplayer86 has 20 seconds left.\n|\n|t:|1700654738\n|-end|p1a: Roaring Moon|Protosynthesis|[silent]\n|switch|p1a: Amoonguss|Amoonguss, L50, F, shiny|100\/100\n|move|p2a: Farigiraf|Dazzling Gleam|p1b: Iron Hands|[spread] p1a,p1b\n|-resisted|p1a: Amoonguss\n|-supereffective|p1b: Iron Hands\n|-damage|p1a: Amoonguss|89\/100\n|-damage|p1b: Iron Hands|32\/100\n|move|p2b: Iron Hands|Close Combat|p1b: Iron Hands\n|-damage|p1b: Iron Hands|0 fnt\n|-unboost|p2b: Iron Hands|def|1\n|-unboost|p2b: Iron Hands|spd|1\n|faint|p1b: Iron Hands\n|-end|p1b: Iron Hands|Quark Drive|[silent]\n|\n|upkeep\n|\n|t:|1700654753\n|switch|p1b: Urshifu|Urshifu-Rapid-Strike, L50, M|100\/100\n|turn|3\n|\n|t:|1700654763\n|-terastallize|p1b: Urshifu|Water\n|move|p1a: Amoonguss|Rage Powder|p1a: Amoonguss\n|-singleturn|p1a: Amoonguss|move: Rage Powder\n|move|p1b: Urshifu|Surging Strikes|p2a: Farigiraf\n|-crit|p2a: Farigiraf\n|-damage|p2a: Farigiraf|50\/100\n|-crit|p2a: Farigiraf\n|-damage|p2a: Farigiraf|19\/100\n|-crit|p2a: Farigiraf\n|-damage|p2a: Farigiraf|0 fnt\n|faint|p2a: Farigiraf\n|-hitcount|p2: Farigiraf|3\n|move|p2b: Iron Hands|Wild Charge|p1a: Amoonguss\n|-resisted|p1a: Amoonguss\n|-crit|p1a: Amoonguss\n|-damage|p1a: Amoonguss|49\/100\n|-damage|p2b: Iron Hands|84\/100|[from] item: Rocky Helmet|[of] p1a: Amoonguss\n|-damage|p2b: Iron Hands|75\/100|[from] Recoil\n|\n|upkeep\n|\n|t:|1700654782\n|switch|p2a: Basculegion|Basculegion, L50, M|100\/100\n|turn|4\n|\n|t:|1700654797\n|move|p1a: Amoonguss|Rage Powder|p1a: Amoonguss\n|-singleturn|p1a: Amoonguss|move: Rage Powder\n|move|p1b: Urshifu|Surging Strikes|p2b: Iron Hands\n|-crit|p2b: Iron Hands\n|-damage|p2b: Iron Hands|42\/100\n|-crit|p2b: Iron Hands\n|-damage|p2b: Iron Hands|12\/100\n|-crit|p2b: Iron Hands\n|-damage|p2b: Iron Hands|0 fnt\n|faint|p2b: Iron Hands\n|-end|p2b: Iron Hands|Quark Drive|[silent]\n|-hitcount|p2: Iron Hands|3\n|move|p2a: Basculegion|Phantom Force||[still]\n|-prepare|p2a: Basculegion|Phantom Force\n|\n|upkeep\n|\n|t:|1700654809\n|switch|p2b: Urshifu|Urshifu, L50, M|100\/100\n|turn|5\n|\n|t:|1700654830\n|switch|p1a: Roaring Moon|Roaring Moon, L50, shiny|7\/100\n|move|p1b: Urshifu|Surging Strikes|p2b: Urshifu\n|-crit|p2b: Urshifu\n|-damage|p2b: Urshifu|71\/100\n|-crit|p2b: Urshifu\n|-damage|p2b: Urshifu|42\/100\n|-crit|p2b: Urshifu\n|-damage|p2b: Urshifu|14\/100\n|-hitcount|p2b: Urshifu|3\n|move|p2b: Urshifu|Wicked Blow|p1a: Roaring Moon\n|-resisted|p1a: Roaring Moon\n|-crit|p1a: Roaring Moon\n|-damage|p1a: Roaring Moon|0 fnt\n|faint|p1a: Roaring Moon\n|-end|p1a: Roaring Moon|Protosynthesis|[silent]\n|move|p2a: Basculegion|Phantom Force|p1b: Urshifu|[from]lockedmove\n|-damage|p1b: Urshifu|45\/100\n|\n|upkeep\n|\n|t:|1700654844\n|switch|p1a: Amoonguss|Amoonguss, L50, F, shiny|82\/100\n|turn|6\n|\n|t:|1700654861\n|move|p1a: Amoonguss|Rage Powder|p1a: Amoonguss\n|-singleturn|p1a: Amoonguss|move: Rage Powder\n|move|p1b: Urshifu|Surging Strikes|p2b: Urshifu\n|-crit|p2b: Urshifu\n|-damage|p2b: Urshifu|0 fnt\n|faint|p2b: Urshifu\n|-hitcount|p2: Urshifu|1\n|move|p2a: Basculegion|Last Respects|p1a: Amoonguss\n|-damage|p1a: Amoonguss|0 fnt\n|faint|p1a: Amoonguss\n|\n|upkeep\n|turn|7\n|\n|t:|1700654879\n|move|p1b: Urshifu|Surging Strikes|p2a: Basculegion\n|-resisted|p2a: Basculegion\n|-crit|p2a: Basculegion\n|-damage|p2a: Basculegion|86\/100\n|-resisted|p2a: Basculegion\n|-crit|p2a: Basculegion\n|-damage|p2a: Basculegion|72\/100\n|-resisted|p2a: Basculegion\n|-crit|p2a: Basculegion\n|-damage|p2a: Basculegion|57\/100\n|-hitcount|p2a: Basculegion|3\n|move|p2a: Basculegion|Last Respects|p1b: Urshifu\n|-damage|p1b: Urshifu|0 fnt\n|faint|p1b: Urshifu\n|\n|win|Badplayer86\n|raw|seanyboy335's rating: 1428 &rarr; <strong>1405<\/strong><br \/>(-23 for losing)\n|raw|Badplayer86's rating: 1382 &rarr; <strong>1405<\/strong><br \/>(+23 for winning)\n|l|\u203dseanyboy335\n","uploadtime":1700654901,"views":6,"p1id":"seanyboy335","p2id":"badplayer86","formatid":"gen9vgc2023regulatione","rating":1405,"private":0,"password":""}