{"id":"gen9vgc2023regulatione-1991460328","p1":"Autistipanda","p2":"Guakamou","format":"[Gen 9] VGC 2023 Regulation E","log":"|j|\u2606Autistipanda\n|j|\u2606Guakamou\n|n|\u2606Autistipanda|autistipanda\n|n|\u2606Guakamou|guakamou\n|html|View the match progress at <a href=\"\/game-bestof3-gen9vgc2023regulatione-1991457080\">game-bestof3-gen9vgc2023regulatione-1991457080<\/a>\n|t:|1700079028\n|gametype|doubles\n|player|p1|Autistipanda|cyclistf|\n|player|p2|Guakamou|palmer|\n|teamsize|p1|6\n|teamsize|p2|6\n|gen|9\n|tier|[Gen 9] VGC 2023 Regulation E\n|rule|Species Clause: Limit one of each Pok\u00e9mon\n|rule|Item Clause: Limit one of each item\n|clearpoke\n|poke|p1|Indeedee-F, L50, F|\n|poke|p1|Armarouge, L50, M|\n|poke|p1|Kingambit, L50, M|\n|poke|p1|Torkoal, L50, M|\n|poke|p1|Enamorus-Therian, L50, F|\n|poke|p1|Lilligant-Hisui, L50, F|\n|poke|p2|Heatran, L50, M|\n|poke|p2|Landorus-Therian, L50, M|\n|poke|p2|Iron Hands, L50|\n|poke|p2|Iron Bundle, L50|\n|poke|p2|Rillaboom, L50, M|\n|poke|p2|Ogerpon-Hearthflame, L50, F|\n|teampreview|4\n|inactive|Battle timer is ON: inactive players will automatically lose when time's up. (requested by Autistipanda)\n|\n|t:|1700079070\n|start\n|switch|p1a: Indeedee|Indeedee-F, L50, F|100\/100\n|switch|p1b: Armario|Armarouge, L50, M|100\/100\n|switch|p2a: Iron Hands|Iron Hands, L50|100\/100\n|switch|p2b: Ogerpon|Ogerpon-Hearthflame, L50, F|100\/100\n|-ability|p2b: Ogerpon|Mold Breaker\n|-fieldstart|move: Psychic Terrain|[from] ability: Psychic Surge|[of] p1a: Indeedee\n|-enditem|p1a: Indeedee|Psychic Seed\n|-boost|p1a: Indeedee|spd|1|[from] item: Psychic Seed\n|turn|1\n|inactive|Autistipanda has 30 seconds left.\n|inactive|Autistipanda has 20 seconds left.\n|\n|t:|1700079105\n|move|p2b: Ogerpon|Swords Dance|p2b: Ogerpon\n|-boost|p2b: Ogerpon|atk|2\n|move|p1b: Armario|Expanding Force|p2a: Iron Hands|[spread] p2a,p2b\n|-supereffective|p2a: Iron Hands\n|-damage|p2a: Iron Hands|16\/100\n|-damage|p2b: Ogerpon|22\/100\n|-damage|p1b: Armario|91\/100|[from] item: Life Orb\n|move|p2a: Iron Hands|Wild Charge|p1b: Armario\n|-damage|p1b: Armario|44\/100\n|-damage|p2a: Iron Hands|7\/100|[from] Recoil\n|move|p1a: Indeedee|Trick Room|p1a: Indeedee\n|-fieldstart|move: Trick Room|[of] p1a: Indeedee\n|\n|upkeep\n|turn|2\n|inactive|Autistipanda has 30 seconds left.\n|\n|t:|1700079137\n|move|p2b: Ogerpon|Spiky Shield|p2b: Ogerpon\n|-singleturn|p2b: Ogerpon|move: Protect\n|move|p2a: Iron Hands|Wild Charge|p1b: Armario\n|-damage|p1b: Armario|0 fnt\n|faint|p1b: Armario\n|-damage|p2a: Iron Hands|0 fnt|[from] Recoil\n|faint|p2a: Iron Hands\n|-end|p2a: Iron Hands|Quark Drive|[silent]\n|move|p1a: Indeedee|Dazzling Gleam|p2b: Ogerpon\n|-activate|p2b: Ogerpon|move: Protect\n|\n|upkeep\n|\n|t:|1700079155\n|switch|p2a: Rillaboom|Rillaboom, L50, M|100\/100\n|switch|p1b: Enamario|Enamorus-Therian, L50, F|100\/100\n|-fieldstart|move: Grassy Terrain|[from] ability: Grassy Surge|[of] p2a: Rillaboom\n|turn|3\n|\n|t:|1700079170\n|-terastallize|p2b: Ogerpon|Fire\n|detailschange|p2b: Ogerpon|Ogerpon-Hearthflame-Tera, L50, F, tera:Fire\n|-ability|p2b: Ogerpon|Embody Aspect (Hearthflame)|boost\n|-boost|p2b: Ogerpon|atk|1\n|move|p1a: Indeedee|Helping Hand|p1b: Enamario\n|-singleturn|p1b: Enamario|Helping Hand|[of] p1a: Indeedee\n|move|p2a: Rillaboom|Fake Out|p1b: Enamario\n|-damage|p1b: Enamario|87\/100\n|cant|p1b: Enamario|flinch\n|move|p2b: Ogerpon|Ivy Cudgel|p1a: Indeedee|[anim] Ivy Cudgel Fire\n|-damage|p1a: Indeedee|0 fnt\n|faint|p1a: Indeedee\n|\n|-heal|p2b: Ogerpon|28\/100|[from] Grassy Terrain\n|upkeep\n|\n|t:|1700079184\n|switch|p1a: Lilligant|Lilligant-Hisui, L50, F|100\/100\n|turn|4\n|\n|t:|1700079207\n|-terastallize|p1a: Lilligant|Ghost\n|move|p2a: Rillaboom|Grassy Glide|p1a: Lilligant\n|-damage|p1a: Lilligant|27\/100\n|move|p2b: Ogerpon|Grassy Glide|p1a: Lilligant\n|-damage|p1a: Lilligant|0 fnt\n|faint|p1a: Lilligant\n|move|p1b: Enamario|Dazzling Gleam|p2a: Rillaboom|[spread] p2a,p2b\n|-resisted|p2b: Ogerpon\n|-crit|p2b: Ogerpon\n|-damage|p2a: Rillaboom|54\/100\n|-damage|p2b: Ogerpon|0 fnt\n|faint|p2b: Ogerpon\n|\n|-heal|p2a: Rillaboom|60\/100|[from] Grassy Terrain\n|upkeep\n|\n|t:|1700079218\n|switch|p2b: Heatran|Heatran, L50, M|100\/100\n|turn|5\n|\n|t:|1700079229\n|move|p2b: Heatran|Protect|p2b: Heatran\n|-singleturn|p2b: Heatran|Protect\n|move|p2a: Rillaboom|Grassy Glide|p1b: Enamario\n|-resisted|p1b: Enamario\n|-damage|p1b: Enamario|66\/100\n|move|p1b: Enamario|Earth Power|p2b: Heatran\n|-activate|p2b: Heatran|move: Protect\n|\n|-heal|p2a: Rillaboom|66\/100|[from] Grassy Terrain\n|-fieldend|move: Trick Room\n|upkeep\n|turn|6\n|\n|t:|1700079240\n|move|p2a: Rillaboom|Wood Hammer|p1b: Enamario\n|-resisted|p1b: Enamario\n|-damage|p1b: Enamario|21\/100\n|-damage|p2a: Rillaboom|53\/100|[from] Recoil\n|move|p2b: Heatran|Flash Cannon|p1b: Enamario\n|-supereffective|p1b: Enamario\n|-damage|p1b: Enamario|0 fnt\n|faint|p1b: Enamario\n|-damage|p2b: Heatran|91\/100|[from] item: Life Orb\n|\n|win|Guakamou\n|l|\u2606Autistipanda\n","uploadtime":1700079851,"views":13,"p1id":"autistipanda","p2id":"guakamou","formatid":"gen9vgc2023regulatione","rating":0,"private":0,"password":""}