{"id":"gen9vgc2023regulatione-1998744622","p1":"realxqt","p2":"haamgamer07","format":"[Gen 9] VGC 2023 Regulation E","log":"|j|\u2606realxqt\n|j|\u2606haamgamer07\n|t:|1700982000\n|gametype|doubles\n|player|p1|realxqt|dragontamer|1243\n|player|p2|haamgamer07|266|1354\n|teamsize|p1|6\n|teamsize|p2|6\n|gen|9\n|tier|[Gen 9] VGC 2023 Regulation E\n|rated|\n|rule|Species Clause: Limit one of each Pok\u00e9mon\n|rule|Item Clause: Limit one of each item\n|clearpoke\n|poke|p1|Armarouge, L50, M|\n|poke|p1|Indeedee-F, L50, F|\n|poke|p1|Bronzong, L50|\n|poke|p1|Torkoal, L50, F|\n|poke|p1|Roaring Moon, L50|\n|poke|p1|Ursaluna, L50, M|\n|poke|p2|Flutter Mane, L50|\n|poke|p2|Iron Hands, L50|\n|poke|p2|Ogerpon-Hearthflame, L50, F|\n|poke|p2|Cresselia, L50, F|\n|poke|p2|Ursaluna, L50, F|\n|poke|p2|Empoleon, L50, F|\n|teampreview|4\n|inactive|Battle timer is ON: inactive players will automatically lose when time's up. (requested by realxqt)\n|inactive|realxqt has 60 seconds left.\n|inactive|haamgamer07 has 60 seconds left.\n|inactive|haamgamer07 has 30 seconds left.\n|inactive|haamgamer07 has 20 seconds left.\n|\n|t:|1700982073\n|start\n|switch|p1a: Bronzong|Bronzong, L50|100\/100\n|switch|p1b: Roaring Moon|Roaring Moon, L50|100\/100\n|switch|p2a: Cresselia|Cresselia, L50, F|100\/100\n|switch|p2b: Ogerpon|Ogerpon-Hearthflame, L50, F|100\/100\n|-ability|p2b: Ogerpon|Mold Breaker\n|-enditem|p1b: Roaring Moon|Booster Energy\n|-activate|p1b: Roaring Moon|ability: Protosynthesis|[fromitem]\n|-start|p1b: Roaring Moon|protosynthesisspe\n|turn|1\n|inactive|realxqt has 30 seconds left.\n|inactive|haamgamer07 has 30 seconds left.\n|inactive|realxqt has 20 seconds left.\n|inactive|haamgamer07 has 20 seconds left.\n|inactive|realxqt has 15 seconds left.\n|inactive|haamgamer07 has 15 seconds left.\n|inactive|haamgamer07 has 10 seconds left.\n|\n|t:|1700982122\n|switch|p2a: Empoleon|Empoleon, L50, F|100\/100\n|-terastallize|p1a: Bronzong|Fire\n|move|p1b: Roaring Moon|Breaking Swipe|p2b: Ogerpon|[spread] p2a,p2b\n|-resisted|p2a: Empoleon\n|-damage|p2a: Empoleon|88\/100\n|-damage|p2b: Ogerpon|76\/100\n|-unboost|p2a: Empoleon|atk|1\n|-ability|p2a: Empoleon|Competitive|boost\n|-boost|p2a: Empoleon|spa|2\n|-unboost|p2b: Ogerpon|atk|1\n|move|p2b: Ogerpon|Ivy Cudgel|p1a: Bronzong|[anim] Ivy Cudgel Fire\n|-resisted|p1a: Bronzong\n|-damage|p1a: Bronzong|87\/100\n|move|p1a: Bronzong|Trick Room|p1a: Bronzong\n|-fieldstart|move: Trick Room|[of] p1a: Bronzong\n|\n|upkeep\n|turn|2\n|inactive|realxqt has 30 seconds left.\n|inactive|haamgamer07 has 30 seconds left.\n|inactive|realxqt has 20 seconds left.\n|inactive|haamgamer07 has 20 seconds left.\n|inactive|realxqt has 15 seconds left.\n|inactive|haamgamer07 has 15 seconds left.\n|inactive|realxqt has 10 seconds left.\n|\n|t:|1700982169\n|move|p1a: Bronzong|Iron Defense|p1a: Bronzong\n|-boost|p1a: Bronzong|def|2\n|move|p2a: Empoleon|Ice Beam|p1b: Roaring Moon\n|-supereffective|p1b: Roaring Moon\n|-crit|p1b: Roaring Moon\n|-damage|p1b: Roaring Moon|0 fnt\n|faint|p1b: Roaring Moon\n|-end|p1b: Roaring Moon|Protosynthesis|[silent]\n|move|p2b: Ogerpon|Ivy Cudgel|p1a: Bronzong|[anim] Ivy Cudgel Fire\n|-resisted|p1a: Bronzong\n|-damage|p1a: Bronzong|80\/100\n|\n|upkeep\n|\n|t:|1700982187\n|switch|p1b: Indeedee|Indeedee-F, L50, F|100\/100\n|-fieldstart|move: Psychic Terrain|[from] ability: Psychic Surge|[of] p1b: Indeedee\n|turn|3\n|inactive|haamgamer07 has 30 seconds left.\n|\n|t:|1700982221\n|move|p2b: Ogerpon|Follow Me|p2b: Ogerpon\n|-singleturn|p2b: Ogerpon|move: Follow Me\n|move|p1a: Bronzong|Iron Defense|p1a: Bronzong\n|-boost|p1a: Bronzong|def|2\n|move|p2a: Empoleon|Water Pledge|p1a: Bronzong\n|-supereffective|p1a: Bronzong\n|-damage|p1a: Bronzong|0 fnt\n|faint|p1a: Bronzong\n|move|p1b: Indeedee|Dazzling Gleam|p2b: Ogerpon|[spread] p2a,p2b\n|-resisted|p2a: Empoleon\n|-resisted|p2b: Ogerpon\n|-damage|p2a: Empoleon|84\/100\n|-damage|p2b: Ogerpon|70\/100\n|\n|upkeep\n|\n|t:|1700982232\n|switch|p1a: Ursaluna|Ursaluna, L50, M|100\/100\n|turn|4\n|inactive|realxqt has 30 seconds left.\n|inactive|haamgamer07 has 30 seconds left.\n|inactive|haamgamer07 has 20 seconds left.\n|\n|t:|1700982267\n|move|p1a: Ursaluna|Protect|p1a: Ursaluna\n|-singleturn|p1a: Ursaluna|Protect\n|move|p2b: Ogerpon|Follow Me|p2b: Ogerpon\n|-singleturn|p2b: Ogerpon|move: Follow Me\n|move|p2a: Empoleon|Water Pledge|p1b: Indeedee\n|-damage|p1b: Indeedee|24\/100\n|move|p1b: Indeedee|Dazzling Gleam|p2a: Empoleon|[spread] p2a,p2b\n|-resisted|p2a: Empoleon\n|-resisted|p2b: Ogerpon\n|-damage|p2a: Empoleon|80\/100\n|-damage|p2b: Ogerpon|63\/100\n|\n|-status|p1a: Ursaluna|brn|[from] item: Flame Orb\n|upkeep\n|turn|5\n|\n|t:|1700982290\n|-terastallize|p2a: Empoleon|Ghost\n|move|p1b: Indeedee|Helping Hand|p1a: Ursaluna\n|-singleturn|p1a: Ursaluna|Helping Hand|[of] p1b: Indeedee\n|move|p2b: Ogerpon|Follow Me|p2b: Ogerpon\n|-singleturn|p2b: Ogerpon|move: Follow Me\n|move|p1a: Ursaluna|Earthquake|p2b: Ogerpon|[spread] p1b,p2a,p2b\n|-damage|p1b: Indeedee|0 fnt\n|-damage|p2a: Empoleon|0 fnt\n|-damage|p2b: Ogerpon|0 fnt\n|faint|p1b: Indeedee\n|faint|p2a: Empoleon\n|faint|p2b: Ogerpon\n|\n|-damage|p1a: Ursaluna|95\/100 brn|[from] brn\n|-fieldend|move: Trick Room\n|upkeep\n|\n|t:|1700982306\n|switch|p2b: Iron Hands|Iron Hands, L50|100\/100\n|switch|p2a: Cresselia|Cresselia, L50, F|100\/100\n|turn|6\n|\n|t:|1700982326\n|move|p2a: Cresselia|Ice Beam|p1a: Ursaluna\n|-supereffective|p1a: Ursaluna\n|-damage|p1a: Ursaluna|67\/100 brn\n|move|p2b: Iron Hands|Swords Dance|p2b: Iron Hands\n|-boost|p2b: Iron Hands|atk|2\n|move|p1a: Ursaluna|Shadow Claw|p2a: Cresselia\n|-supereffective|p2a: Cresselia\n|-damage|p2a: Cresselia|50\/100\n|\n|-damage|p1a: Ursaluna|61\/100 brn|[from] brn\n|upkeep\n|turn|7\n|\n|t:|1700982340\n|move|p2a: Cresselia|Ice Beam|p1a: Ursaluna\n|-supereffective|p1a: Ursaluna\n|-damage|p1a: Ursaluna|32\/100 brn\n|move|p2b: Iron Hands|Drain Punch|p1a: Ursaluna\n|-supereffective|p1a: Ursaluna\n|-damage|p1a: Ursaluna|0 fnt\n|faint|p1a: Ursaluna\n|\n|win|haamgamer07\n|raw|realxqt's rating: 1243 &rarr; <strong>1226<\/strong><br \/>(-17 for losing)\n|raw|haamgamer07's rating: 1354 &rarr; <strong>1368<\/strong><br \/>(+14 for winning)\n|l|\u2606realxqt\n","uploadtime":1700982367,"views":17,"p1id":"realxqt","p2id":"haamgamer07","formatid":"gen9vgc2023regulatione","rating":1226,"private":0,"password":""}