{"id":"gen9vgc2023regulatione-1997496716","p1":"LacunaeZero","p2":"Dudthestud","format":"[Gen 9] VGC 2023 Regulation E","log":"|j|\u2606LacunaeZero\n|j|\u2606Dudthestud\n|t:|1700815510\n|gametype|doubles\n|player|p1|LacunaeZero|1|1136\n|player|p2|Dudthestud|hiker-gen4|1177\n|teamsize|p1|6\n|teamsize|p2|4\n|gen|9\n|tier|[Gen 9] VGC 2023 Regulation E\n|rated|\n|rule|Species Clause: Limit one of each Pok\u00e9mon\n|rule|Item Clause: Limit one of each item\n|clearpoke\n|poke|p1|Torkoal, L50, M|\n|poke|p1|Farigiraf, L50, M|\n|poke|p1|Volcarona, L50, F|\n|poke|p1|Oricorio, L50, M|\n|poke|p1|Sinistcha, L50|\n|poke|p1|Annihilape, L50, F|\n|poke|p2|Ursaluna-Bloodmoon, L50, M|\n|poke|p2|Oranguru, L50, M|\n|poke|p2|Charjabug, L50, F|\n|poke|p2|Torkoal, L50, M|\n|teampreview|4\n|inactive|Battle timer is ON: inactive players will automatically lose when time's up. (requested by LacunaeZero)\n|\n|t:|1700815534\n|start\n|switch|p1a: Annihilape|Annihilape, L50, F|100\/100\n|switch|p1b: Volcarona|Volcarona, L50, F|100\/100\n|switch|p2a: Charjabug|Charjabug, L50, F|100\/100\n|switch|p2b: Oranguru|Oranguru, L50, M|100\/100\n|turn|1\n|\n|t:|1700815549\n|move|p1b: Volcarona|Rage Powder|p1b: Volcarona\n|-singleturn|p1b: Volcarona|move: Rage Powder\n|move|p1a: Annihilape|Bulk Up|p1a: Annihilape\n|-boost|p1a: Annihilape|atk|1\n|-boost|p1a: Annihilape|def|1\n|move|p2a: Charjabug|Thunder Wave|p1b: Volcarona\n|-status|p1b: Volcarona|par\n|move|p2b: Oranguru|Trick Room|p2b: Oranguru\n|-fieldstart|move: Trick Room|[of] p2b: Oranguru\n|\n|upkeep\n|turn|2\n|\n|t:|1700815566\n|move|p1b: Volcarona|Rage Powder|p1b: Volcarona\n|-singleturn|p1b: Volcarona|move: Rage Powder\n|move|p2a: Charjabug|Thunder Wave|p1b: Volcarona|[miss]\n|-miss|p2a: Charjabug|p1b: Volcarona\n|move|p2b: Oranguru|Encore|p1a: Annihilape\n|-start|p1a: Annihilape|Encore\n|move|p1a: Annihilape|Bulk Up|p1a: Annihilape\n|-boost|p1a: Annihilape|atk|1\n|-boost|p1a: Annihilape|def|1\n|\n|upkeep\n|turn|3\n|\n|t:|1700815580\n|switch|p2b: Ursaluna|Ursaluna-Bloodmoon, L50, M|100\/100\n|switch|p1a: DayBreak|Torkoal, L50, M|100\/100\n|-weather|SunnyDay|[from] ability: Drought|[of] p1a: DayBreak\n|move|p1b: Volcarona|Rage Powder|p1b: Volcarona\n|-singleturn|p1b: Volcarona|move: Rage Powder\n|move|p2a: Charjabug|Eerie Impulse|p1b: Volcarona\n|-unboost|p1b: Volcarona|spa|2\n|\n|-weather|SunnyDay|[upkeep]\n|upkeep\n|turn|4\n|\n|t:|1700815599\n|-terastallize|p1a: DayBreak|Fire\n|move|p2b: Ursaluna|Protect|p2b: Ursaluna\n|-singleturn|p2b: Ursaluna|Protect\n|move|p1b: Volcarona|Rage Powder|p1b: Volcarona\n|-singleturn|p1b: Volcarona|move: Rage Powder\n|move|p1a: DayBreak|Eruption|p2b: Ursaluna|[spread] p2a\n|-activate|p2b: Ursaluna|move: Protect\n|-supereffective|p2a: Charjabug\n|-damage|p2a: Charjabug|0 fnt\n|faint|p2a: Charjabug\n|\n|-weather|SunnyDay|[upkeep]\n|upkeep\n|\n|t:|1700815608\n|switch|p2a: Torkoal|Torkoal, L50, M|100\/100\n|turn|5\n|\n|t:|1700815626\n|cant|p1b: Volcarona|par\n|move|p1a: DayBreak|Earth Power|p2a: Torkoal\n|-supereffective|p2a: Torkoal\n|-damage|p2a: Torkoal|28\/100\n|move|p2a: Torkoal|Earth Power|p1a: DayBreak\n|-supereffective|p1a: DayBreak\n|-damage|p1a: DayBreak|55\/100\n|move|p2b: Ursaluna|Hyper Voice|p1b: Volcarona|[spread] p1a,p1b\n|-damage|p1a: DayBreak|3\/100\n|-damage|p1b: Volcarona|69\/100 par\n|-enditem|p2b: Ursaluna|Throat Spray\n|-boost|p2b: Ursaluna|spa|1|[from] item: Throat Spray\n|\n|-weather|SunnyDay|[upkeep]\n|-fieldend|move: Trick Room\n|upkeep\n|turn|6\n|\n|t:|1700815643\n|move|p2a: Torkoal|Protect|p2a: Torkoal\n|-singleturn|p2a: Torkoal|Protect\n|move|p2b: Ursaluna|Hyper Voice|p1a: DayBreak|[spread] p1a,p1b\n|-damage|p1a: DayBreak|0 fnt\n|-damage|p1b: Volcarona|18\/100 par\n|faint|p1a: DayBreak\n|move|p1b: Volcarona|Fiery Dance|p2b: Ursaluna\n|-damage|p2b: Ursaluna|68\/100\n|-boost|p1b: Volcarona|spa|1\n|\n|-weather|SunnyDay|[upkeep]\n|upkeep\n|\n|t:|1700815653\n|switch|p1a: Farigiraf|Farigiraf, L50, M|100\/100\n|turn|7\n|\n|t:|1700815665\n|move|p1b: Volcarona|Rage Powder|p1b: Volcarona\n|-singleturn|p1b: Volcarona|move: Rage Powder\n|move|p2b: Ursaluna|Hyper Voice|p1b: Volcarona|[spread] p1a,p1b\n|-damage|p1a: Farigiraf|42\/100\n|-damage|p1b: Volcarona|0 fnt\n|faint|p1b: Volcarona\n|move|p1a: Farigiraf|Hyper Voice|p2b: Ursaluna|[spread] p2a,p2b\n|-damage|p2a: Torkoal|0 fnt\n|-damage|p2b: Ursaluna|35\/100\n|faint|p2a: Torkoal\n|\n|-weather|none\n|-heal|p1a: Farigiraf|49\/100|[from] item: Leftovers\n|upkeep\n|\n|t:|1700815673\n|switch|p1b: Annihilape|Annihilape, L50, F|100\/100\n|switch|p2a: Oranguru|Oranguru, L50, M|100\/100\n|turn|8\n|\n|t:|1700815692\n|move|p2b: Ursaluna|Protect|p2b: Ursaluna\n|-singleturn|p2b: Ursaluna|Protect\n|move|p1b: Annihilape|Drain Punch|p2b: Ursaluna\n|-activate|p2b: Ursaluna|move: Protect\n|move|p2a: Oranguru|Yawn|p1b: Annihilape\n|-start|p1b: Annihilape|move: Yawn|[of] p2a: Oranguru\n|move|p1a: Farigiraf|Hyper Voice|p2a: Oranguru|[spread] p2a\n|-activate|p2b: Ursaluna|move: Protect\n|-damage|p2a: Oranguru|74\/100\n|\n|-heal|p1a: Farigiraf|55\/100|[from] item: Leftovers\n|upkeep\n|turn|9\n|inactive|Dudthestud has 30 seconds left.\n|\n|t:|1700815721\n|-terastallize|p2b: Ursaluna|Poison\n|move|p1b: Annihilape|Drain Punch|p2b: Ursaluna\n|-resisted|p2b: Ursaluna\n|-damage|p2b: Ursaluna|20\/100\n|move|p2b: Ursaluna|Hyper Voice|p1a: Farigiraf|[spread] p1a,p1b\n|-damage|p1a: Farigiraf|0 fnt\n|-damage|p1b: Annihilape|49\/100\n|faint|p1a: Farigiraf\n|move|p2a: Oranguru|Trick Room|p2a: Oranguru\n|-fieldstart|move: Trick Room|[of] p2a: Oranguru\n|\n|-end|p1b: Annihilape|move: Yawn|[silent]\n|-status|p1b: Annihilape|slp\n|upkeep\n|turn|10\n|\n|t:|1700815731\n|move|p2b: Ursaluna|Hyper Voice|p1b: Annihilape\n|-damage|p1b: Annihilape|0 fnt\n|faint|p1b: Annihilape\n|\n|win|Dudthestud\n|raw|LacunaeZero's rating: 1136 &rarr; <strong>1114<\/strong><br \/>(-22 for losing)\n|raw|Dudthestud's rating: 1177 &rarr; <strong>1199<\/strong><br \/>(+22 for winning)\n|l|\u2606LacunaeZero\n","uploadtime":1700815743,"views":26,"p1id":"lacunaezero","p2id":"dudthestud","formatid":"gen9vgc2023regulatione","rating":1114,"private":0,"password":""}