{"id":"gen9vgc2023regulatione-1995655794","p1":"LordGig","p2":"Ginge-JMD","format":"[Gen 9] VGC 2023 Regulation E","log":"|j|\u2606LordGig\n|j|\u2606Ginge-JMD\n|t:|1700591260\n|gametype|doubles\n|player|p1|LordGig|colress|\n|player|p2|Ginge-JMD|169|\n|teamsize|p1|6\n|teamsize|p2|6\n|gen|9\n|tier|[Gen 9] VGC 2023 Regulation E\n|rule|Species Clause: Limit one of each Pok\u00e9mon\n|rule|Item Clause: Limit one of each item\n|clearpoke\n|poke|p1|Arboliva, L50, M|\n|poke|p1|Iron Hands, L50|\n|poke|p1|Meowscarada, L50, M|\n|poke|p1|Slowbro-Galar, L50, M|\n|poke|p1|Milotic, L50, F|\n|poke|p1|Illumise, L50, F|\n|poke|p2|Iron Jugulis, L50|\n|poke|p2|Slowking, L50, M|\n|poke|p2|Great Tusk, L50|\n|poke|p2|Clefable, L50, F|\n|poke|p2|Bellibolt, L50, F|\n|poke|p2|Delibird, L50, M|\n|teampreview|4\nGinge-JMD has agreed to open team sheets.\n|\n|t:|1700591360\n|start\n|switch|p1a: Myia|Illumise, L50, F, shiny|100\/100\n|switch|p1b: Wampus|Meowscarada, L50, M|100\/100\n|switch|p2a: Isabelle|Iron Jugulis, L50|100\/100\n|switch|p2b: Claire|Clefable, L50, F|100\/100\n|turn|1\n|c|\u2606Ginge-JMD|glhf!\n|\n|t:|1700591407\n|move|p1a: Myia|Tailwind|p1a: Myia\n|-sidestart|p1: LordGig|move: Tailwind\n|move|p1b: Wampus|U-turn|p2a: Isabelle\n|-start|p1b: Wampus|typechange|Bug|[from] ability: Protean\n|-damage|p2a: Isabelle|38\/100\n|\n|t:|1700591414\n|switch|p1b: Charybdis|Milotic, L50, F|100\/100|[from] U-turn\n|move|p2a: Isabelle|Air Slash|p1a: Myia\n|-supereffective|p1a: Myia\n|-damage|p1a: Myia|0 fnt\n|faint|p1a: Myia\n|move|p2b: Claire|Dazzling Gleam|p1b: Charybdis\n|-damage|p1b: Charybdis|83\/100\n|\n|-status|p1b: Charybdis|brn|[from] item: Flame Orb\n|upkeep\n|\n|t:|1700591426\n|switch|p1a: Wampus|Meowscarada, L50, M|100\/100\n|turn|2\n|\n|t:|1700591450\n|-end|p2a: Isabelle|Quark Drive|[silent]\n|switch|p2a: Billy|Bellibolt, L50, F|100\/100\n|-terastallize|p1a: Wampus|Steel\n|move|p1a: Wampus|Flower Trick|p2b: Claire\n|-crit|p2b: Claire\n|-damage|p2b: Claire|42\/100\n|move|p1b: Charybdis|Ice Beam|p2a: Billy\n|-damage|p2a: Billy|79\/100\n|-status|p2a: Billy|frz\n|-start|p2a: Billy|Charge|Ice Beam|[from] ability: Electromorphosis\n|move|p2b: Claire|Dazzling Gleam|p1b: Charybdis|[spread] p1a,p1b\n|-resisted|p1a: Wampus\n|-damage|p1a: Wampus|87\/100\n|-damage|p1b: Charybdis|70\/100 brn\n|\n|-heal|p2b: Claire|48\/100|[from] item: Leftovers\n|-damage|p1b: Charybdis|64\/100 brn|[from] brn\n|upkeep\n|turn|3\n|c|\u2606Ginge-JMD|oh no\n|c|\u2606LordGig|REVENGE\n|c|\u2606Ginge-JMD|karma time\n|c|\u2606LordGig|god can be fair at times\n|\n|t:|1700591489\n|switch|p2b: Isabelle|Iron Jugulis, L50|38\/100\n|move|p1a: Wampus|Flower Trick|p2b: Isabelle\n|-resisted|p2b: Isabelle\n|-crit|p2b: Isabelle\n|-damage|p2b: Isabelle|0 fnt\n|faint|p2b: Isabelle\n|-end|p2b: Isabelle|Quark Drive|[silent]\n|move|p1b: Charybdis|Scald|p2a: Billy\n|-damage|p2a: Billy|47\/100 frz\n|-start|p2a: Billy|Charge|Scald|[from] ability: Electromorphosis\n|-curestatus|p2a: Billy|frz|[msg]\n|move|p2a: Billy|Volt Switch|p1b: Charybdis\n|-supereffective|p1b: Charybdis\n|-damage|p1b: Charybdis|0 fnt\n|faint|p1b: Charybdis\n|-damage|p2a: Billy|37\/100|[from] item: Life Orb\n|-end|p2a: Billy|Charge|[silent]\n|c|\u2606LordGig|im ngl though i always wanted to tell ya how much i loved your uses of bellibolt\n|c|\u2606LordGig|i fubbed and forgot scald XD\n|c|\u2606Ginge-JMD|ty! it's served me well lmao\n|j| AncientFuture\n|\n|t:|1700591567\n|switch|p2a: Steve|Slowking, L50, M|100\/100|[from] Volt Switch\n|\n|upkeep\n|\n|t:|1700591575\n|switch|p2b: Claire|Clefable, L50, F|48\/100\n|switch|p1b: Olive|Arboliva, L50, M|100\/100\n|turn|4\n|\n|t:|1700591613\n|move|p1a: Wampus|Flower Trick|p2b: Claire\n|-crit|p2b: Claire\n|-damage|p2b: Claire|0 fnt\n|faint|p2b: Claire\n|move|p1b: Olive|Giga Drain|p2a: Steve\n|-supereffective|p2a: Steve\n|-damage|p2a: Steve|50\/100\n|move|p2a: Steve|Ice Beam|p1b: Olive\n|-supereffective|p1b: Olive\n|-damage|p1b: Olive|59\/100\n|-fieldstart|move: Grassy Terrain|[from] ability: Seed Sower|[of] p1b: Olive\n|\n|-heal|p1a: Wampus|92\/100|[from] Grassy Terrain\n|-heal|p1b: Olive|65\/100|[from] Grassy Terrain\n|-heal|p1b: Olive|71\/100|[from] item: Leftovers\n|-heal|p2a: Steve|56\/100|[from] Grassy Terrain\n|-sideend|p1: LordGig|move: Tailwind\n|upkeep\n|\n|t:|1700591630\n|switch|p2b: Billy|Bellibolt, L50, F|37\/100\n|turn|5\n|c|\u2606LordGig|its a super fun mon. earnestly glad to see someone use it so well\n|\n|t:|1700591684\n|move|p1a: Wampus|Flower Trick|p2b: Billy\n|-crit|p2b: Billy\n|-damage|p2b: Billy|0 fnt\n|faint|p2b: Billy\n|move|p1b: Olive|Giga Drain|p2a: Steve\n|-supereffective|p2a: Steve\n|-damage|p2a: Steve|0 fnt\n|-heal|p1b: Olive|100\/100|[from] drain|[of] p2a: Steve\n|faint|p2a: Steve\n|\n|win|LordGig\n|c|\u2606Ginge-JMD|gg\n|c|\u2606Ginge-JMD|ty!\n|c|\u2606LordGig|gg man. fun set\n|l|\u2606Ginge-JMD\n|l| AncientFuture\n","uploadtime":1700591745,"views":9,"p1id":"lordgig","p2id":"gingejmd","formatid":"gen9vgc2023regulatione","rating":0,"private":0,"password":""}