{"id":"gen9vgc2023regulatione-1991131552","p1":"Jard13255","p2":"Sug3r","format":"[Gen 9] VGC 2023 Regulation E","log":"|j|\u2606Jard13255\n|j|\u2606Sug3r\n|t:|1700047729\n|gametype|doubles\n|player|p1|Jard13255|psychic-gen4|1069\n|player|p2|Sug3r|265|1123\n|teamsize|p1|6\n|teamsize|p2|6\n|gen|9\n|tier|[Gen 9] VGC 2023 Regulation E\n|rated|\n|rule|Species Clause: Limit one of each Pok\u00e9mon\n|rule|Item Clause: Limit one of each item\n|clearpoke\n|poke|p1|Gyarados, L50, F|\n|poke|p1|Garganacl, L50, F|\n|poke|p1|Sinistcha, L50|\n|poke|p1|Iron Hands, L50|\n|poke|p1|Grimmsnarl, L50, M|\n|poke|p1|Glimmora, L50, M|\n|poke|p2|Weezing, L50, F|\n|poke|p2|Roaring Moon, L50|\n|poke|p2|Flutter Mane, L50|\n|poke|p2|Iron Hands, L50|\n|poke|p2|Ogerpon-Wellspring, L50, F|\n|poke|p2|Landorus-Therian, L50, M|\n|teampreview|4\n|inactive|Battle timer is ON: inactive players will automatically lose when time's up. (requested by Sug3r)\nJard13255 has agreed to open team sheets.\n|inactive|Jard13255 has 60 seconds left.\n|inactive|Sug3r has 60 seconds left.\n|inactive|Jard13255 has 30 seconds left.\n|inactive|Sug3r has 30 seconds left.\n|inactive|Sug3r has 20 seconds left.\n|\n|t:|1700047814\n|start\n|switch|p1a: Grimmsnarl|Grimmsnarl, L50, M|100\/100\n|switch|p1b: Sinistcha|Sinistcha, L50|100\/100\n|switch|p2a: Landorus|Landorus-Therian, L50, M|100\/100\n|switch|p2b: Flutter Mane|Flutter Mane, L50|100\/100\n|-ability|p2a: Landorus|Intimidate|boost\n|-unboost|p1a: Grimmsnarl|atk|1\n|-unboost|p1b: Sinistcha|atk|1\n|turn|1\n|inactive|Jard13255 has 30 seconds left.\n|inactive|Sug3r has 30 seconds left.\n|\n|t:|1700047842\n|-end|p2b: Flutter Mane|Protosynthesis|[silent]\n|switch|p2b: Weezing|Weezing, L50, F|100\/100\n|-ability|p2b: Weezing|Neutralizing Gas\n|move|p2a: Landorus|U-turn|p1b: Sinistcha\n|-damage|p1b: Sinistcha|77\/100\n|-damage|p2a: Landorus|84\/100|[from] item: Rocky Helmet|[of] p1b: Sinistcha\n|\n|t:|1700047851\n|switch|p2a: Flutter Mane|Flutter Mane, L50|100\/100|[from] U-turn\n|move|p1b: Sinistcha|Strength Sap|p2a: Flutter Mane\n|-unboost|p2a: Flutter Mane|atk|1\n|-heal|p1b: Sinistcha|100\/100\n|move|p1a: Grimmsnarl|Parting Shot|p2b: Weezing\n|-unboost|p2b: Weezing|atk|1\n|-unboost|p2b: Weezing|spa|1\n|\n|t:|1700047860\n|switch|p1a: Gyarados|Gyarados, L50, F|100\/100|[from] Parting Shot\n|\n|upkeep\n|turn|2\n|inactive|Sug3r has 30 seconds left.\n|\n|t:|1700047891\n|move|p1b: Sinistcha|Protect|p1b: Sinistcha\n|-singleturn|p1b: Sinistcha|Protect\n|move|p2a: Flutter Mane|Shadow Ball|p1b: Sinistcha\n|-activate|p1b: Sinistcha|move: Protect\n|move|p1a: Gyarados|Taunt|p2b: Weezing\n|-start|p2b: Weezing|move: Taunt\n|cant|p2b: Weezing|move: Taunt|Will-O-Wisp\n|\n|upkeep\n|turn|3\n|\n|t:|1700047909\n|switch|p1b: Iron Hands|Iron Hands, L50|100\/100\n|-end|p2b: Weezing|ability: Neutralizing Gas\n|-ability|p1a: Gyarados|Intimidate|boost\n|-unboost|p2a: Flutter Mane|atk|1\n|-unboost|p2b: Weezing|atk|1\n|switch|p2b: Landorus|Landorus-Therian, L50, M|84\/100\n|-ability|p2b: Landorus|Intimidate|boost\n|-unboost|p1a: Gyarados|atk|1\n|-unboost|p1b: Iron Hands|atk|1\n|move|p2a: Flutter Mane|Shadow Ball|p1b: Iron Hands\n|-damage|p1b: Iron Hands|56\/100\n|-unboost|p1b: Iron Hands|spd|1\n|move|p1a: Gyarados|Waterfall|p2a: Flutter Mane\n|-damage|p2a: Flutter Mane|40\/100\n|\n|upkeep\n|turn|4\n|inactive|Sug3r has 30 seconds left.\n|inactive|Sug3r has 20 seconds left.\n|inactive|Sug3r has 15 seconds left.\n|inactive|Sug3r has 10 seconds left.\n|inactive|Sug3r has 5 seconds left.\n|\n|t:|1700047961\n|-end|p2a: Flutter Mane|Protosynthesis|[silent]\n|switch|p2a: Ogerpon|Ogerpon-Wellspring, L50, F|100\/100\n|move|p1b: Iron Hands|Fake Out|p2b: Landorus\n|-damage|p2b: Landorus|75\/100\n|cant|p2b: Landorus|flinch\n|move|p1a: Gyarados|Waterfall|p2a: Ogerpon\n|-immune|p2a: Ogerpon|[from] ability: Water Absorb\n|\n|upkeep\n|turn|5\n|\n|t:|1700047982\n|switch|p1a: Sinistcha|Sinistcha, L50|100\/100\n|-heal|p1b: Iron Hands|81\/100|[from] ability: Hospitality|[of] p1a: Sinistcha\n|move|p1b: Iron Hands|Protect|p1b: Iron Hands\n|-singleturn|p1b: Iron Hands|Protect\n|move|p2a: Ogerpon|Follow Me|p2a: Ogerpon\n|-singleturn|p2a: Ogerpon|move: Follow Me\n|move|p2b: Landorus|Rock Slide|p1b: Iron Hands|[spread] p1a\n|-activate|p1b: Iron Hands|move: Protect\n|-damage|p1a: Sinistcha|83\/100\n|\n|upkeep\n|turn|6\n|\n|t:|1700048004\n|switch|p2b: Flutter Mane|Flutter Mane, L50|40\/100\n|-end|p1b: Iron Hands|Quark Drive|[silent]\n|switch|p1b: Grimmsnarl|Grimmsnarl, L50, M|100\/100\n|move|p2a: Ogerpon|Spiky Shield|p2a: Ogerpon\n|-singleturn|p2a: Ogerpon|move: Protect\n|move|p1a: Sinistcha|Matcha Gotcha|p2a: Ogerpon|[spread] p2b\n|-activate|p2a: Ogerpon|move: Protect\n|-damage|p2b: Flutter Mane|13\/100\n|-heal|p1a: Sinistcha|93\/100|[from] drain|[of] p2b: Flutter Mane\n|\n|upkeep\n|turn|7\n|inactive|Jard13255 has 30 seconds left.\n|inactive|Jard13255 has 20 seconds left.\n|\n|t:|1700048042\n|switch|p2a: Weezing|Weezing, L50, F|100\/100\n|-ability|p2a: Weezing|Neutralizing Gas\n|move|p1a: Sinistcha|Protect|p1a: Sinistcha\n|-singleturn|p1a: Sinistcha|Protect\n|move|p2b: Flutter Mane|Thunderbolt|p1b: Grimmsnarl\n|-damage|p1b: Grimmsnarl|54\/100\n|move|p1b: Grimmsnarl|Parting Shot|p2b: Flutter Mane\n|-unboost|p2b: Flutter Mane|atk|1\n|-unboost|p2b: Flutter Mane|spa|1\n|\n|t:|1700048053\n|switch|p1b: Iron Hands|Iron Hands, L50|81\/100|[from] Parting Shot\n|\n|upkeep\n|turn|8\n|\n|t:|1700048067\n|-end|p2b: Flutter Mane|Protosynthesis|[silent]\n|switch|p2b: Landorus|Landorus-Therian, L50, M|75\/100\n|move|p1b: Iron Hands|Fake Out|p2a: Weezing\n|-damage|p2a: Weezing|89\/100\n|move|p1a: Sinistcha|Matcha Gotcha|p2b: Landorus|[spread] p2a,p2b\n|-resisted|p2a: Weezing\n|-damage|p2a: Weezing|78\/100\n|-heal|p1a: Sinistcha|99\/100|[from] drain|[of] p2a: Weezing\n|-damage|p2b: Landorus|45\/100\n|-heal|p1a: Sinistcha|100\/100|[from] drain|[of] p2b: Landorus\n|-status|p2a: Weezing|brn\n|-status|p2b: Landorus|brn\n|cant|p2a: Weezing|flinch\n|\n|-damage|p2b: Landorus|39\/100 brn|[from] brn\n|-damage|p2a: Weezing|72\/100 brn|[from] brn\n|upkeep\n|turn|9\n|inactive|Jard13255 has 30 seconds left.\n|inactive|Sug3r has 30 seconds left.\n|\n|t:|1700048095\n|move|p2b: Landorus|Stomping Tantrum|p1b: Iron Hands\n|-supereffective|p1b: Iron Hands\n|-damage|p1b: Iron Hands|53\/100\n|move|p1a: Sinistcha|Hex|p2a: Weezing\n|-crit|p2a: Weezing\n|-damage|p2a: Weezing|0 fnt\n|faint|p2a: Weezing\n|-end|p2a: Weezing|ability: Neutralizing Gas\n|-ability|p2b: Landorus|Intimidate|boost\n|-unboost|p1a: Sinistcha|atk|1\n|-unboost|p1b: Iron Hands|atk|1\n|-heal|p1b: Iron Hands|78\/100|[from] ability: Hospitality|[of] p1a: Sinistcha\n|move|p1b: Iron Hands|Thunder Punch|p2b: Landorus\n|-immune|p2b: Landorus\n|\n|-damage|p2b: Landorus|33\/100 brn|[from] brn\n|upkeep\n|\n|t:|1700048113\n|switch|p2a: Flutter Mane|Flutter Mane, L50|13\/100\n|turn|10\n|inactive|Jard13255 has 30 seconds left.\n|\n|t:|1700048147\n|switch|p1a: Gyarados|Gyarados, L50, F|100\/100\n|-ability|p1a: Gyarados|Intimidate|boost\n|-unboost|p2a: Flutter Mane|atk|1\n|-unboost|p2b: Landorus|atk|1\n|-end|p1b: Iron Hands|Quark Drive|[silent]\n|switch|p1b: Grimmsnarl|Grimmsnarl, L50, M|54\/100\n|move|p2b: Landorus|Stomping Tantrum|p1b: Grimmsnarl\n|-damage|p1b: Grimmsnarl|41\/100\n|move|p2a: Flutter Mane|Dazzling Gleam|p1b: Grimmsnarl|[spread] p1a,p1b\n|-supereffective|p1b: Grimmsnarl\n|-damage|p1a: Gyarados|56\/100\n|-damage|p1b: Grimmsnarl|0 fnt\n|faint|p1b: Grimmsnarl\n|\n|-damage|p2b: Landorus|28\/100 brn|[from] brn\n|upkeep\n|\n|t:|1700048166\n|switch|p1b: Iron Hands|Iron Hands, L50|78\/100\n|turn|11\n|\n|t:|1700048175\n|switch|p2b: Ogerpon|Ogerpon-Wellspring, L50, F|100\/100\n|switch|p1a: Sinistcha|Sinistcha, L50|100\/100\n|-heal|p1b: Iron Hands|100\/100|[from] ability: Hospitality|[of] p1a: Sinistcha\n|-terastallize|p1b: Iron Hands|Fairy\n|move|p2a: Flutter Mane|Dazzling Gleam|p1a: Sinistcha|[spread] p1a,p1b\n|-damage|p1a: Sinistcha|58\/100\n|-damage|p1b: Iron Hands|65\/100\n|move|p1b: Iron Hands|Thunder Punch|p2a: Flutter Mane\n|-damage|p2a: Flutter Mane|0 fnt\n|faint|p2a: Flutter Mane\n|-end|p2a: Flutter Mane|Protosynthesis|[silent]\n|\n|upkeep\n|\n|t:|1700048191\n|switch|p2a: Landorus|Landorus-Therian, L50, M|28\/100 brn\n|-ability|p2a: Landorus|Intimidate|boost\n|-unboost|p1a: Sinistcha|atk|1\n|-unboost|p1b: Iron Hands|atk|1\n|turn|12\n|\n|t:|1700048211\n|-end|p1b: Iron Hands|Quark Drive|[silent]\n|switch|p1b: Gyarados|Gyarados, L50, F|56\/100\n|-ability|p1b: Gyarados|Intimidate|boost\n|-unboost|p2a: Landorus|atk|1\n|-unboost|p2b: Ogerpon|atk|1\n|move|p2b: Ogerpon|Spiky Shield|p2b: Ogerpon\n|-singleturn|p2b: Ogerpon|move: Protect\n|move|p2a: Landorus|Rock Slide|p1b: Gyarados|[spread] p1a,p1b\n|-supereffective|p1b: Gyarados\n|-damage|p1a: Sinistcha|52\/100\n|-damage|p1b: Gyarados|43\/100\n|cant|p1a: Sinistcha|flinch\n|\n|-damage|p2a: Landorus|22\/100 brn|[from] brn\n|upkeep\n|turn|13\n|\n|t:|1700048231\n|move|p2a: Landorus|Rock Slide|p1b: Gyarados|[spread] p1a,p1b\n|-supereffective|p1b: Gyarados\n|-damage|p1a: Sinistcha|45\/100\n|-damage|p1b: Gyarados|30\/100\n|move|p2b: Ogerpon|Ivy Cudgel|p1b: Gyarados|[anim] Ivy Cudgel Water\n|-resisted|p1b: Gyarados\n|-damage|p1b: Gyarados|11\/100\n|-enditem|p1b: Gyarados|Aguav Berry|[eat]\n|-heal|p1b: Gyarados|45\/100|[from] item: Aguav Berry\n|cant|p1b: Gyarados|flinch\n|cant|p1a: Sinistcha|flinch\n|\n|-damage|p2a: Landorus|16\/100 brn|[from] brn\n|upkeep\n|turn|14\n|inactive|Sug3r has 30 seconds left.\n|\n|t:|1700048259\n|move|p2a: Landorus|Rock Slide|p1a: Sinistcha|[spread] p1a,p1b\n|-supereffective|p1b: Gyarados\n|-damage|p1a: Sinistcha|39\/100\n|-damage|p1b: Gyarados|33\/100\n|move|p2b: Ogerpon|Ivy Cudgel|p1b: Gyarados|[anim] Ivy Cudgel Water\n|-resisted|p1b: Gyarados\n|-damage|p1b: Gyarados|15\/100\n|move|p1b: Gyarados|Taunt|p2a: Landorus\n|-start|p2a: Landorus|move: Taunt\n|move|p1a: Sinistcha|Strength Sap|p2a: Landorus\n|-unboost|p2a: Landorus|atk|1\n|-heal|p1a: Sinistcha|100\/100\n|\n|-damage|p2a: Landorus|10\/100 brn|[from] brn\n|upkeep\n|turn|15\n|-message|Sug3r forfeited.\n|\n|win|Jard13255\n|raw|Jard13255's rating: 1069 &rarr; <strong>1103<\/strong><br \/>(+34 for winning)\n|raw|Sug3r's rating: 1123 &rarr; <strong>1094<\/strong><br \/>(-29 for losing)\n|l|\u2606Sug3r\n","uploadtime":1700048279,"views":10,"p1id":"jard13255","p2id":"sug3r","formatid":"gen9vgc2023regulatione","rating":1094,"private":0,"password":""}