{"id":"gen9vgc2023regulatione-2000066564","p1":"Eleisson4","p2":"CaliberChamp","format":"[Gen 9] VGC 2023 Regulation E","log":"|j|\u2606Eleisson4\n|j|\u2606CaliberChamp\n|t:|1701148734\n|gametype|doubles\n|player|p1|Eleisson4|101|1291\n|player|p2|CaliberChamp|red-masters|1214\n|teamsize|p1|6\n|teamsize|p2|6\n|gen|9\n|tier|[Gen 9] VGC 2023 Regulation E\n|rated|\n|rule|Species Clause: Limit one of each Pok\u00e9mon\n|rule|Item Clause: Limit one of each item\n|clearpoke\n|poke|p1|Iron Hands, L50|\n|poke|p1|Flutter Mane, L50|\n|poke|p1|Heatran, L50, F|\n|poke|p1|Chien-Pao, L50|\n|poke|p1|Ogerpon-Wellspring, L50, F|\n|poke|p1|Amoonguss, L50, F|\n|poke|p2|Cinderace, L50, M|\n|poke|p2|Corviknight, L50, M|\n|poke|p2|Toxtricity-Low-Key, L50, F|\n|poke|p2|Grimmsnarl, L50, M|\n|poke|p2|Quaquaval, L50, M|\n|poke|p2|Frosmoth, L50, F|\n|teampreview|4\n|inactive|Battle timer is ON: inactive players will automatically lose when time's up. (requested by Eleisson4)\nEleisson4 rejected open team sheets.\n|inactive|Eleisson4 has 60 seconds left.\n|inactive|Eleisson4 has 30 seconds left.\n|inactive|Eleisson4 has 20 seconds left.\n|inactive|Eleisson4 has 15 seconds left.\n|inactive|Eleisson4 has 10 seconds left.\n|inactive|Eleisson4 has 5 seconds left.\n|\n|t:|1701148828\n|start\n|switch|p1a: Iron Hands|Iron Hands, L50, shiny|100\/100\n|switch|p1b: Flutter Mane|Flutter Mane, L50|100\/100\n|switch|p2a: Hyrok|Grimmsnarl, L50, M|100\/100\n|switch|p2b: Riffit|Toxtricity-Low-Key, L50, F|100\/100\n|-enditem|p1a: Iron Hands|Booster Energy\n|-activate|p1a: Iron Hands|ability: Quark Drive|[fromitem]\n|-start|p1a: Iron Hands|quarkdriveatk\n|turn|1\n|inactive|Eleisson4 has 30 seconds left.\n|inactive|CaliberChamp has 30 seconds left.\n|inactive|Eleisson4 has 20 seconds left.\n|inactive|CaliberChamp has 20 seconds left.\n|inactive|Eleisson4 has 15 seconds left.\n|inactive|CaliberChamp has 15 seconds left.\n|\n|t:|1701148873\n|move|p2a: Hyrok|Light Screen|p2a: Hyrok\n|-sidestart|p2: CaliberChamp|move: Light Screen\n|move|p1b: Flutter Mane|Dazzling Gleam|p2a: Hyrok|[spread] p2a,p2b\n|-supereffective|p2a: Hyrok\n|-resisted|p2b: Riffit\n|-damage|p2a: Hyrok|31\/100\n|-damage|p2b: Riffit|76\/100\n|move|p2b: Riffit|Nuzzle|p1b: Flutter Mane\n|-damage|p1b: Flutter Mane|87\/100\n|-status|p1b: Flutter Mane|par\n|move|p1a: Iron Hands|Swords Dance|p1a: Iron Hands\n|-boost|p1a: Iron Hands|atk|2\n|\n|upkeep\n|turn|2\n|\n|t:|1701148896\n|move|p2a: Hyrok|Reflect|p2a: Hyrok\n|-sidestart|p2: CaliberChamp|Reflect\n|move|p2b: Riffit|Snarl|p1a: Iron Hands|[spread] p1a,p1b\n|-resisted|p1a: Iron Hands\n|-crit|p1b: Flutter Mane\n|-damage|p1a: Iron Hands|94\/100\n|-damage|p1b: Flutter Mane|57\/100 par\n|-unboost|p1a: Iron Hands|spa|1\n|-unboost|p1b: Flutter Mane|spa|1\n|cant|p1b: Flutter Mane|par\n|move|p1a: Iron Hands|Drain Punch|p2a: Hyrok\n|-damage|p2a: Hyrok|0 fnt\n|-heal|p1a: Iron Hands|100\/100|[from] drain|[of] p2a: Hyrok\n|faint|p2a: Hyrok\n|\n|upkeep\n|\n|t:|1701148918\n|switch|p2a: Karasu|Corviknight, L50, M|100\/100\n|turn|3\n|\n|t:|1701148941\n|-terastallize|p2a: Karasu|Fire\n|move|p2b: Riffit|Snarl|p1b: Flutter Mane|[spread] p1b\n|-miss|p2b: Riffit|p1a: Iron Hands\n|-damage|p1b: Flutter Mane|36\/100 par\n|-unboost|p1b: Flutter Mane|spa|1\n|move|p1b: Flutter Mane|Dazzling Gleam|p2a: Karasu|[spread] p2a,p2b\n|-resisted|p2a: Karasu\n|-resisted|p2b: Riffit\n|-damage|p2a: Karasu|93\/100\n|-damage|p2b: Riffit|64\/100\n|move|p2a: Karasu|Bulk Up|p2a: Karasu\n|-boost|p2a: Karasu|atk|1\n|-boost|p2a: Karasu|def|1\n|move|p1a: Iron Hands|Wild Charge|p2a: Karasu\n|-damage|p2a: Karasu|62\/100\n|-damage|p1a: Iron Hands|84\/100|[from] item: Rocky Helmet|[of] p2a: Karasu\n|-damage|p1a: Iron Hands|77\/100|[from] Recoil\n|\n|upkeep\n|turn|4\n|\n|t:|1701148965\n|move|p2b: Riffit|Snarl|p1a: Iron Hands|[spread] p1a,p1b\n|-resisted|p1a: Iron Hands\n|-damage|p1a: Iron Hands|71\/100\n|-damage|p1b: Flutter Mane|18\/100 par\n|-unboost|p1a: Iron Hands|spa|1\n|-unboost|p1b: Flutter Mane|spa|1\n|move|p1b: Flutter Mane|Dazzling Gleam|p2b: Riffit|[spread] p2a,p2b\n|-resisted|p2a: Karasu\n|-resisted|p2b: Riffit\n|-damage|p2a: Karasu|56\/100\n|-damage|p2b: Riffit|54\/100\n|move|p2a: Karasu|Bulk Up|p2a: Karasu\n|-boost|p2a: Karasu|atk|1\n|-boost|p2a: Karasu|def|1\n|move|p1a: Iron Hands|Drain Punch|p2a: Karasu\n|-damage|p2a: Karasu|39\/100\n|-heal|p1a: Iron Hands|79\/100|[from] drain|[of] p2a: Karasu\n|-damage|p1a: Iron Hands|62\/100|[from] item: Rocky Helmet|[of] p2a: Karasu\n|\n|upkeep\n|turn|5\n|inactive|CaliberChamp has 30 seconds left.\n|\n|t:|1701148991\n|move|p2b: Riffit|Overdrive|p1a: Iron Hands|[spread] p1a,p1b\n|-resisted|p1a: Iron Hands\n|-crit|p1b: Flutter Mane\n|-damage|p1a: Iron Hands|47\/100\n|-damage|p1b: Flutter Mane|0 fnt\n|faint|p1b: Flutter Mane\n|-end|p1b: Flutter Mane|Protosynthesis|[silent]\n|move|p2a: Karasu|Roost|p2a: Karasu\n|-heal|p2a: Karasu|89\/100\n|move|p1a: Iron Hands|Swords Dance|p1a: Iron Hands\n|-boost|p1a: Iron Hands|atk|2\n|\n|-sideend|p2: CaliberChamp|move: Light Screen\n|upkeep\n|\n|t:|1701149004\n|switch|p1b: Chien-Pao|Chien-Pao, L50|100\/100\n|-ability|p1b: Chien-Pao|Sword of Ruin\n|turn|6\n|\n|t:|1701149029\n|move|p1b: Chien-Pao|Psychic Fangs|p2a: Karasu\n|-sideend|p2: CaliberChamp|Reflect\n|-damage|p2a: Karasu|78\/100\n|-damage|p1b: Chien-Pao|84\/100|[from] item: Rocky Helmet|[of] p2a: Karasu\n|move|p2b: Riffit|Overdrive|p1a: Iron Hands|[spread] p1a,p1b\n|-resisted|p1a: Iron Hands\n|-damage|p1a: Iron Hands|32\/100\n|-damage|p1b: Chien-Pao|22\/100\n|move|p2a: Karasu|Brave Bird|p1a: Iron Hands\n|-damage|p1a: Iron Hands|0 fnt\n|faint|p1a: Iron Hands\n|-end|p1a: Iron Hands|Quark Drive|[silent]\n|-damage|p2a: Karasu|66\/100|[from] Recoil\n|\n|upkeep\n|\n|t:|1701149042\n|switch|p1a: Heatran|Heatran, L50, F, shiny|100\/100\n|turn|7\n|\n|t:|1701149056\n|move|p1b: Chien-Pao|Ice Spinner|p2b: Riffit\n|-damage|p2b: Riffit|0 fnt\n|faint|p2b: Riffit\n|move|p1a: Heatran|Earth Power|p2a: Karasu\n|-supereffective|p2a: Karasu\n|-damage|p2a: Karasu|4\/100\n|move|p2a: Karasu|Body Press|p1a: Heatran\n|-supereffective|p1a: Heatran\n|-damage|p1a: Heatran|0 fnt\n|faint|p1a: Heatran\n|\n|upkeep\n|\n|t:|1701149067\n|switch|p2b: Ace|Cinderace, L50, M|100\/100\n|turn|8\n|\n|t:|1701149074\n|move|p1b: Chien-Pao|Sucker Punch||[still]\n|-fail|p1b: Chien-Pao\n|move|p2b: Ace|Pyro Ball|p1b: Chien-Pao\n|-supereffective|p1b: Chien-Pao\n|-damage|p1b: Chien-Pao|0 fnt\n|faint|p1b: Chien-Pao\n|-damage|p2b: Ace|91\/100|[from] item: Life Orb\n|\n|win|CaliberChamp\n|raw|Eleisson4's rating: 1291 &rarr; <strong>1261<\/strong><br \/>(-30 for losing)\n|raw|CaliberChamp's rating: 1214 &rarr; <strong>1244<\/strong><br \/>(+30 for winning)\n|l|\u2606Eleisson4\n","uploadtime":1701149096,"views":7,"p1id":"eleisson4","p2id":"caliberchamp","formatid":"gen9vgc2023regulatione","rating":1244,"private":0,"password":""}