{"id":"gen9vgc2023regulatione-1988674302","p1":"oabfkabc","p2":"GeoGreenBeanz","format":"[Gen 9] VGC 2023 Regulation E","log":"|j|\u2606oabfkabc\n|j|\u2606GeoGreenBeanz\n|t:|1699749094\n|gametype|doubles\n|player|p1|oabfkabc|102|1064\n|player|p2|GeoGreenBeanz|266|1070\n|teamsize|p1|6\n|teamsize|p2|6\n|gen|9\n|tier|[Gen 9] VGC 2023 Regulation E\n|rated|\n|rule|Species Clause: Limit one of each Pok\u00e9mon\n|rule|Item Clause: Limit one of each item\n|clearpoke\n|poke|p1|Garganacl, L50, F|\n|poke|p1|Ninetales-Alola, L50, F|\n|poke|p1|Breloom, L50, F|\n|poke|p1|Iron Hands, L50|\n|poke|p1|Gastrodon, L50, M|\n|poke|p1|Rotom-Heat, L50|\n|poke|p2|Clawitzer, L50, M|\n|poke|p2|Chi-Yu, L50|\n|poke|p2|Toedscruel, L50, F|\n|poke|p2|Slaking, L50, F|\n|poke|p2|Espathra, L50, M|\n|poke|p2|Zoroark-Hisui, L50, F|\n|teampreview|4\n|\n|t:|1699749136\n|start\n|switch|p1a: Garganacl|Garganacl, L50, F|100\/100\n|switch|p1b: Iron Hands|Iron Hands, L50|100\/100\n|switch|p2a: Espathra|Espathra, L50, M|100\/100\n|switch|p2b: Slaking|Slaking, L50, F|100\/100\n|turn|1\n|\n|t:|1699749171\n|move|p1b: Iron Hands|Fake Out|p2a: Espathra\n|-damage|p2a: Espathra|79\/100\n|move|p2a: Espathra|Skill Swap|p2b: Slaking\n|-activate|p2a: Espathra|move: Skill Swap|||[of] p2b: Slaking\n|move|p2b: Slaking|Shadow Claw|p1a: Garganacl\n|-damage|p1a: Garganacl|90\/100\n|move|p1a: Garganacl|Salt Cure|p2a: Espathra\n|-damage|p2a: Espathra|59\/100\n|\n|-heal|p1a: Garganacl|96\/100|[from] item: Leftovers\n|-ability|p2b: Slaking|Speed Boost|boost\n|-boost|p2b: Slaking|spe|1\n|upkeep\n|turn|2\n|\n|t:|1699749201\n|switch|p2a: Toedscruel|Toedscruel, L50, F|100\/100\n|-terastallize|p2b: Slaking|Ghost\n|move|p1a: Garganacl|Protect|p1a: Garganacl\n|-singleturn|p1a: Garganacl|Protect\n|move|p2b: Slaking|Shadow Claw|p1b: Iron Hands\n|-crit|p1b: Iron Hands\n|-damage|p1b: Iron Hands|48\/100\n|move|p1b: Iron Hands|Heavy Slam|p2a: Toedscruel\n|-damage|p2a: Toedscruel|19\/100\n|\n|-heal|p1a: Garganacl|100\/100|[from] item: Leftovers\n|-ability|p2b: Slaking|Speed Boost|boost\n|-boost|p2b: Slaking|spe|1\n|upkeep\n|turn|3\n|\n|t:|1699749239\n|move|p2b: Slaking|Curse|p1a: Garganacl\n|-start|p1a: Garganacl|Curse|[of] p2b: Slaking\n|-damage|p2b: Slaking|51\/100\n|move|p2a: Toedscruel|Earth Power|p1b: Iron Hands\n|-supereffective|p1b: Iron Hands\n|-damage|p1b: Iron Hands|12\/100\n|move|p1b: Iron Hands|Drain Punch|p2a: Toedscruel\n|-damage|p2a: Toedscruel|0 fnt\n|-heal|p1b: Iron Hands|18\/100|[from] drain|[of] p2a: Toedscruel\n|faint|p2a: Toedscruel\n|move|p1a: Garganacl|Iron Defense|p1a: Garganacl\n|-boost|p1a: Garganacl|def|2\n|\n|-damage|p1a: Garganacl|76\/100|[from] Curse\n|-ability|p2b: Slaking|Speed Boost|boost\n|-boost|p2b: Slaking|spe|1\n|upkeep\n|\n|t:|1699749263\n|switch|p2a: Espathra|Espathra, L50, M|59\/100\n|turn|4\n|\n|t:|1699749280\n|move|p2b: Slaking|Slack Off|p2b: Slaking\n|-heal|p2b: Slaking|100\/100\n|move|p2a: Espathra|Psyshock|p1b: Iron Hands\n|-supereffective|p1b: Iron Hands\n|-damage|p1b: Iron Hands|0 fnt\n|faint|p1b: Iron Hands\n|-end|p1b: Iron Hands|Quark Drive|[silent]\n|move|p1a: Garganacl|Salt Cure|p2b: Slaking\n|-damage|p2b: Slaking|91\/100\n|-start|p2b: Slaking|Salt Cure\n|\n|-heal|p1a: Garganacl|82\/100|[from] item: Leftovers\n|-damage|p1a: Garganacl|57\/100|[from] Curse\n|-damage|p2b: Slaking|78\/100|[from] Salt Cure\n|-ability|p2b: Slaking|Speed Boost|boost\n|-boost|p2b: Slaking|spe|1\n|-ability|p2a: Espathra|Speed Boost|boost\n|-boost|p2a: Espathra|spe|1\n|upkeep\n|\n|t:|1699749286\n|switch|p1b: Breloom|Breloom, L50, F|100\/100\n|turn|5\n|\n|t:|1699749330\n|move|p2b: Slaking|Curse|p1b: Breloom\n|-start|p1b: Breloom|Curse|[of] p2b: Slaking\n|-damage|p2b: Slaking|29\/100\n|move|p2a: Espathra|Psyshock|p1b: Breloom\n|-supereffective|p1b: Breloom\n|-damage|p1b: Breloom|22\/100\n|move|p1b: Breloom|Toxic|p2b: Slaking\n|-status|p2b: Slaking|tox\n|move|p1a: Garganacl|Recover|p1a: Garganacl\n|-heal|p1a: Garganacl|100\/100\n|\n|-damage|p2b: Slaking|22\/100 tox|[from] psn\n|-damage|p1b: Breloom|0 fnt|[from] Curse\n|faint|p1b: Breloom\n|-damage|p1a: Garganacl|76\/100|[from] Curse\n|-damage|p2b: Slaking|10\/100 tox|[from] Salt Cure\n|-ability|p2b: Slaking|Speed Boost|boost\n|-boost|p2b: Slaking|spe|1\n|-ability|p2a: Espathra|Speed Boost|boost\n|-boost|p2a: Espathra|spe|1\n|upkeep\n|\n|t:|1699749335\n|switch|p1b: Gastrodon|Gastrodon, L50, M|100\/100\n|turn|6\n|inactive|Battle timer is ON: inactive players will automatically lose when time's up. (requested by oabfkabc)\n|inactive|GeoGreenBeanz has 60 seconds left.\n|\n|t:|1699749402\n|move|p2b: Slaking|Curse|p1b: Gastrodon\n|-start|p1b: Gastrodon|Curse|[of] p2b: Slaking\n|-damage|p2b: Slaking|0 fnt\n|faint|p2b: Slaking\n|move|p2a: Espathra|Skill Swap|p1b: Gastrodon\n|-activate|p2a: Espathra|move: Skill Swap|Storm Drain|Speed Boost|[of] p1b: Gastrodon\n|move|p1a: Garganacl|Salt Cure|p2a: Espathra\n|-damage|p2a: Espathra|42\/100\n|move|p1b: Gastrodon|Muddy Water|p2a: Espathra\n|-ability|p2a: Espathra|Storm Drain|boost\n|-boost|p2a: Espathra|spa|1\n|\n|-heal|p1a: Garganacl|82\/100|[from] item: Leftovers\n|-damage|p1a: Garganacl|57\/100|[from] Curse\n|-damage|p1b: Gastrodon|76\/100|[from] Curse\n|-ability|p1b: Gastrodon|Speed Boost|boost\n|-boost|p1b: Gastrodon|spe|1\n|upkeep\n|\n|t:|1699749420\n|switch|p2b: Chi-Yu|Chi-Yu, L50|100\/100\n|-ability|p2b: Chi-Yu|Beads of Ruin\n|turn|7\n|\n|t:|1699749441\n|-terastallize|p1b: Gastrodon|Fire\n|move|p2a: Espathra|Psyshock|p1b: Gastrodon\n|-damage|p1b: Gastrodon|28\/100\n|-enditem|p1b: Gastrodon|Sitrus Berry|[eat]\n|-heal|p1b: Gastrodon|53\/100|[from] item: Sitrus Berry\n|move|p2b: Chi-Yu|Dark Pulse|p1a: Garganacl\n|-damage|p1a: Garganacl|16\/100\n|move|p1b: Gastrodon|Earth Power|p2b: Chi-Yu\n|-supereffective|p2b: Chi-Yu\n|-damage|p2b: Chi-Yu|7\/100\n|-unboost|p2b: Chi-Yu|spd|1\n|move|p1a: Garganacl|Salt Cure|p2b: Chi-Yu\n|-supereffective|p2b: Chi-Yu\n|-crit|p2b: Chi-Yu\n|-damage|p2b: Chi-Yu|0 fnt\n|faint|p2b: Chi-Yu\n|\n|-heal|p1a: Garganacl|22\/100|[from] item: Leftovers\n|-damage|p1b: Gastrodon|28\/100|[from] Curse\n|-damage|p1a: Garganacl|0 fnt|[from] Curse\n|faint|p1a: Garganacl\n|-ability|p1b: Gastrodon|Speed Boost|boost\n|-boost|p1b: Gastrodon|spe|1\n|upkeep\n|turn|8\n|-message|oabfkabc forfeited.\n|\n|win|GeoGreenBeanz\n|raw|oabfkabc's rating: 1064 &rarr; <strong>1045<\/strong><br \/>(-19 for losing)\n|raw|GeoGreenBeanz's rating: 1070 &rarr; <strong>1099<\/strong><br \/>(+29 for winning)\n|l|\u2606oabfkabc\n","uploadtime":1699749472,"views":25,"p1id":"oabfkabc","p2id":"geogreenbeanz","formatid":"gen9vgc2023regulatione","rating":1045,"private":0,"password":""}