{"id":"gen9vgc2023regulatione-1988052304","p1":"SethLikesCombusken","p2":"Amey4est7343","format":"[Gen 9] VGC 2023 Regulation E","log":"|j|\u2606SethLikesCombusken\n|j|\u2606Amey4est7343\n|t:|1699663693\n|gametype|doubles\n|player|p1|SethLikesCombusken|palmer|1116\n|player|p2|Amey4est7343|benga|1103\n|teamsize|p1|6\n|teamsize|p2|6\n|gen|9\n|tier|[Gen 9] VGC 2023 Regulation E\n|rated|\n|rule|Species Clause: Limit one of each Pok\u00e9mon\n|rule|Item Clause: Limit one of each item\n|clearpoke\n|poke|p1|Tyranitar, L50, M|\n|poke|p1|Cresselia, L50, F|\n|poke|p1|Heatran, L50, M|\n|poke|p1|Landorus-Therian, L50, M|\n|poke|p1|Ursaluna-Bloodmoon, L50, M|\n|poke|p1|Thundurus, L50, M|\n|poke|p2|Snorlax, L50, F|\n|poke|p2|Sinistcha-Masterpiece, L50|\n|poke|p2|Clefairy, L50, F|\n|poke|p2|Kommo-o, L50, M|\n|poke|p2|Iron Hands, L50|\n|poke|p2|Landorus-Therian, L50, M|\n|teampreview|4\n|inactive|Battle timer is ON: inactive players will automatically lose when time's up. (requested by SethLikesCombusken)\n|\n|t:|1699663720\n|start\n|switch|p1a: Cresselia|Cresselia, L50, F|100\/100\n|switch|p1b: Thundurus|Thundurus, L50, M|100\/100\n|switch|p2a: Snorlax|Snorlax, L50, F|100\/100\n|switch|p2b: Clefairy|Clefairy, L50, F|100\/100\n|turn|1\n|inactive|SethLikesCombusken has 30 seconds left.\n|\n|t:|1699663755\n|switch|p1a: Ursaluna|Ursaluna-Bloodmoon, L50, M|100\/100\n|move|p2b: Clefairy|Follow Me|p2b: Clefairy\n|-singleturn|p2b: Clefairy|move: Follow Me\n|move|p1b: Thundurus|Taunt|p2b: Clefairy\n|-start|p2b: Clefairy|move: Taunt\n|move|p2a: Snorlax|Belly Drum|p2a: Snorlax\n|-damage|p2a: Snorlax|50\/100\n|-setboost|p2a: Snorlax|atk|6|[from] move: Belly Drum\n|-enditem|p2a: Snorlax|Sitrus Berry|[eat]\n|-heal|p2a: Snorlax|75\/100|[from] item: Sitrus Berry\n|\n|upkeep\n|turn|2\n|\n|t:|1699663777\n|switch|p2b: Iron Hands|Iron Hands, L50|100\/100\n|move|p1b: Thundurus|Thunder Wave|p2a: Snorlax\n|-status|p2a: Snorlax|par\n|move|p1a: Ursaluna|Blood Moon|p2a: Snorlax\n|-damage|p2a: Snorlax|16\/100 par\n|-damage|p1a: Ursaluna|91\/100|[from] item: Life Orb\n|move|p2a: Snorlax|Facade|p1a: Ursaluna\n|-damage|p1a: Ursaluna|0 fnt\n|faint|p1a: Ursaluna\n|\n|upkeep\n|\n|t:|1699663784\n|switch|p1a: Cresselia|Cresselia, L50, F|100\/100\n|turn|3\n|\n|t:|1699663790\n|-end|p2b: Iron Hands|Quark Drive|[silent]\n|switch|p2b: Sinistcha|Sinistcha-Masterpiece, L50|100\/100\n|-heal|p2a: Snorlax|41\/100 par|[from] ability: Hospitality|[of] p2b: Sinistcha\n|move|p2a: Snorlax|Protect|p2a: Snorlax\n|-singleturn|p2a: Snorlax|Protect\n|move|p1b: Thundurus|Wildbolt Storm|p2a: Snorlax|[spread] p2b\n|-activate|p2a: Snorlax|move: Protect\n|-resisted|p2b: Sinistcha\n|-crit|p2b: Sinistcha\n|-damage|p2b: Sinistcha|80\/100\n|-status|p2b: Sinistcha|par\n|move|p1a: Cresselia|Psyshock|p2a: Snorlax\n|-activate|p2a: Snorlax|move: Protect\n|\n|upkeep\n|turn|4\n|\n|t:|1699663810\n|switch|p2b: Clefairy|Clefairy, L50, F|100\/100\n|move|p1b: Thundurus|Wildbolt Storm|p2b: Clefairy|[spread] p2b\n|-miss|p1b: Thundurus|p2a: Snorlax\n|-damage|p2b: Clefairy|73\/100\n|move|p1a: Cresselia|Psyshock|p2a: Snorlax\n|-damage|p2a: Snorlax|28\/100 par\n|cant|p2a: Snorlax|par\n|\n|upkeep\n|turn|5\n|\n|t:|1699663828\n|switch|p2b: Sinistcha|Sinistcha-Masterpiece, L50|80\/100 par\n|-heal|p2a: Snorlax|53\/100 par|[from] ability: Hospitality|[of] p2b: Sinistcha\n|cant|p2a: Snorlax|par\n|move|p1b: Thundurus|Wildbolt Storm|p2b: Sinistcha|[spread] p2a\n|-miss|p1b: Thundurus|p2b: Sinistcha\n|-damage|p2a: Snorlax|34\/100 par\n|move|p1a: Cresselia|Ice Beam|p2b: Sinistcha\n|-supereffective|p2b: Sinistcha\n|-damage|p2b: Sinistcha|48\/100 par\n|\n|upkeep\n|turn|6\n|\n|t:|1699663842\n|switch|p2b: Clefairy|Clefairy, L50, F|73\/100\n|move|p1b: Thundurus|Wildbolt Storm|p2b: Clefairy|[spread] p2a,p2b\n|-crit|p2b: Clefairy\n|-damage|p2a: Snorlax|20\/100 par\n|-damage|p2b: Clefairy|36\/100\n|move|p1a: Cresselia|Psyshock|p2a: Snorlax\n|-damage|p2a: Snorlax|7\/100 par\n|move|p2a: Snorlax|Facade|p1b: Thundurus\n|-damage|p1b: Thundurus|0 fnt\n|faint|p1b: Thundurus\n|\n|upkeep\n|\n|t:|1699663845\n|switch|p1b: Heatran|Heatran, L50, M|100\/100\n|turn|7\n|\n|t:|1699663853\n|switch|p2b: Sinistcha|Sinistcha-Masterpiece, L50|48\/100 par\n|-heal|p2a: Snorlax|32\/100 par|[from] ability: Hospitality|[of] p2b: Sinistcha\n|-terastallize|p2a: Snorlax|Water\n|move|p2a: Snorlax|Protect|p2a: Snorlax\n|-singleturn|p2a: Snorlax|Protect\n|move|p1a: Cresselia|Ice Beam|p2b: Sinistcha\n|-supereffective|p2b: Sinistcha\n|-damage|p2b: Sinistcha|20\/100 par\n|move|p1b: Heatran|Heat Wave|p2a: Snorlax|[spread] p2b\n|-activate|p2a: Snorlax|move: Protect\n|-supereffective|p2b: Sinistcha\n|-damage|p2b: Sinistcha|0 fnt\n|faint|p2b: Sinistcha\n|\n|upkeep\n|\n|t:|1699663856\n|switch|p2b: Iron Hands|Iron Hands, L50|100\/100\n|turn|8\n|\n|t:|1699663864\n|-terastallize|p1b: Heatran|Grass\n|move|p2b: Iron Hands|Fake Out|p1b: Heatran\n|-damage|p1b: Heatran|87\/100\n|move|p1a: Cresselia|Psyshock|p2a: Snorlax\n|-damage|p2a: Snorlax|15\/100 par\n|cant|p1b: Heatran|flinch\n|move|p2a: Snorlax|High Horsepower|p1b: Heatran\n|-resisted|p1b: Heatran\n|-damage|p1b: Heatran|40\/100\n|\n|upkeep\n|turn|9\n|\n|t:|1699663876\n|move|p1a: Cresselia|Psyshock|p2b: Iron Hands\n|-supereffective|p2b: Iron Hands\n|-damage|p2b: Iron Hands|69\/100\n|move|p1b: Heatran|Tera Blast|p2a: Snorlax|[anim] Tera Blast Grass\n|-supereffective|p2a: Snorlax\n|-damage|p2a: Snorlax|0 fnt\n|faint|p2a: Snorlax\n|move|p2b: Iron Hands|Wild Charge|p1b: Heatran\n|-resisted|p1b: Heatran\n|-damage|p1b: Heatran|20\/100\n|-damage|p2b: Iron Hands|65\/100|[from] Recoil\n|\n|upkeep\n|\n|t:|1699663880\n|switch|p2a: Clefairy|Clefairy, L50, F|36\/100\n|turn|10\n|\n|t:|1699663904\n|move|p2a: Clefairy|Helping Hand|p2b: Iron Hands\n|-singleturn|p2b: Iron Hands|Helping Hand|[of] p2a: Clefairy\n|move|p1b: Heatran|Protect|p1b: Heatran\n|-singleturn|p1b: Heatran|Protect\n|move|p1a: Cresselia|Psyshock|p2a: Clefairy\n|-damage|p2a: Clefairy|17\/100\n|move|p2b: Iron Hands|Drain Punch|p1b: Heatran\n|-activate|p1b: Heatran|move: Protect\n|\n|upkeep\n|turn|11\n|\n|t:|1699663913\n|move|p2a: Clefairy|Helping Hand|p2b: Iron Hands\n|-singleturn|p2b: Iron Hands|Helping Hand|[of] p2a: Clefairy\n|move|p1a: Cresselia|Psyshock|p2b: Iron Hands\n|-supereffective|p2b: Iron Hands\n|-damage|p2b: Iron Hands|39\/100\n|move|p1b: Heatran|Heat Wave|p2a: Clefairy|[spread] p2a,p2b\n|-damage|p2a: Clefairy|0 fnt\n|-damage|p2b: Iron Hands|23\/100\n|faint|p2a: Clefairy\n|move|p2b: Iron Hands|Drain Punch|p1b: Heatran\n|-damage|p1b: Heatran|0 fnt\n|-heal|p2b: Iron Hands|31\/100|[from] drain|[of] p1b: Heatran\n|faint|p1b: Heatran\n|\n|upkeep\n|turn|12\n|\n|t:|1699663917\n|move|p1a: Cresselia|Psyshock|p2b: Iron Hands\n|-supereffective|p2b: Iron Hands\n|-damage|p2b: Iron Hands|0 fnt\n|faint|p2b: Iron Hands\n|-end|p2b: Iron Hands|Quark Drive|[silent]\n|\n|win|SethLikesCombusken\n|raw|SethLikesCombusken's rating: 1116 &rarr; <strong>1140<\/strong><br \/>(+24 for winning)\n|raw|Amey4est7343's rating: 1103 &rarr; <strong>1079<\/strong><br \/>(-24 for losing)\n|l|\u2606Amey4est7343\n|c|\u2606SethLikesCombusken|Gg\n","uploadtime":1699663928,"views":15,"p1id":"sethlikescombusken","p2id":"amey4est7343","formatid":"gen9vgc2023regulatione","rating":1079,"private":0,"password":""}