{"id":"gen9vgc2023regulatione-1994933299","p1":"Losingwithbadteam","p2":"Fluwito","format":"[Gen 9] VGC 2023 Regulation E","log":"|j|\u2606Losingwithbadteam\n|j|\u2606Fluwito\n|t:|1700505910\n|gametype|doubles\n|player|p1|Losingwithbadteam|101|1166\n|player|p2|Fluwito|red|1199\n|teamsize|p1|6\n|teamsize|p2|6\n|gen|9\n|tier|[Gen 9] VGC 2023 Regulation E\n|rated|\n|rule|Species Clause: Limit one of each Pok\u00e9mon\n|rule|Item Clause: Limit one of each item\n|clearpoke\n|poke|p1|Tornadus, L50, M|\n|poke|p1|Arcanine, L50, F|\n|poke|p1|Flutter Mane, L50|\n|poke|p1|Ogerpon-Wellspring, L50, F|\n|poke|p1|Iron Hands, L50|\n|poke|p1|Jolteon, L50, M|\n|poke|p2|Goodra-Hisui, L50, F|\n|poke|p2|Tornadus, L50, M|\n|poke|p2|Ogerpon-Hearthflame, L50, F|\n|poke|p2|Rillaboom, L50, F|\n|poke|p2|Urshifu-*, L50, F|\n|poke|p2|Grimmsnarl, L50, M|\n|teampreview|4\n|inactive|Battle timer is ON: inactive players will automatically lose when time's up. (requested by Losingwithbadteam)\n|inactive|Losingwithbadteam has 60 seconds left.\n|\n|t:|1700505955\n|start\n|switch|p1a: Arcanine|Arcanine, L50, F|100\/100\n|switch|p1b: Flutter Mane|Flutter Mane, L50|100\/100\n|switch|p2a: Goodra|Goodra-Hisui, L50, F|100\/100\n|switch|p2b: Tornadus|Tornadus, L50, M|100\/100\n|-ability|p1a: Arcanine|Intimidate|boost\n|-unboost|p2a: Goodra|atk|1\n|-unboost|p2b: Tornadus|atk|1\n|-enditem|p1b: Flutter Mane|Booster Energy\n|-activate|p1b: Flutter Mane|ability: Protosynthesis|[fromitem]\n|-start|p1b: Flutter Mane|protosynthesisspe\n|turn|1\n|inactive|Fluwito has 30 seconds left.\n|\n|t:|1700505984\n|move|p1b: Flutter Mane|Protect|p1b: Flutter Mane\n|-singleturn|p1b: Flutter Mane|Protect\n|move|p2b: Tornadus|Tailwind|p2b: Tornadus\n|-sidestart|p2: Fluwito|move: Tailwind\n|move|p2a: Goodra|Heavy Slam|p1b: Flutter Mane\n|-activate|p1b: Flutter Mane|move: Protect\n|move|p1a: Arcanine|Will-O-Wisp|p2a: Goodra\n|-status|p2a: Goodra|brn\n|\n|-damage|p2a: Goodra|94\/100 brn|[from] brn\n|upkeep\n|turn|2\n|\n|t:|1700506001\n|-end|p1b: Flutter Mane|Protosynthesis|[silent]\n|switch|p1b: Iron Hands|Iron Hands, L50|100\/100\n|move|p2b: Tornadus|Taunt|p1a: Arcanine\n|-start|p1a: Arcanine|move: Taunt\n|move|p2a: Goodra|Heavy Slam|p1b: Iron Hands\n|-resisted|p1b: Iron Hands\n|-damage|p1b: Iron Hands|99\/100\n|move|p1a: Arcanine|Snarl|p2b: Tornadus|[spread] p2a,p2b\n|-damage|p2a: Goodra|88\/100 brn\n|-damage|p2b: Tornadus|90\/100\n|-unboost|p2a: Goodra|spa|1\n|\n|-heal|p2a: Goodra|94\/100 brn|[from] item: Leftovers\n|-damage|p2a: Goodra|88\/100 brn|[from] brn\n|upkeep\n|turn|3\n|inactive|Losingwithbadteam has 30 seconds left.\n|\n|t:|1700506035\n|switch|p2a: Ogerpon|Ogerpon-Hearthflame, L50, F|100\/100\n|-ability|p2a: Ogerpon|Mold Breaker\n|move|p2b: Tornadus|Rain Dance|p2b: Tornadus\n|-weather|RainDance\n|move|p1a: Arcanine|Flare Blitz|p2b: Tornadus\n|-damage|p2b: Tornadus|64\/100\n|-damage|p1a: Arcanine|93\/100|[from] Recoil\n|move|p1b: Iron Hands|Drain Punch|p2b: Tornadus\n|-resisted|p2b: Tornadus\n|-damage|p2b: Tornadus|46\/100\n|-heal|p1b: Iron Hands|100\/100|[from] drain|[of] p2b: Tornadus\n|\n|-weather|RainDance|[upkeep]\n|-heal|p1a: Arcanine|99\/100|[from] item: Leftovers\n|upkeep\n|turn|4\n|\n|t:|1700506058\n|switch|p1a: Ogerpon|Ogerpon-Wellspring, L50, F|100\/100\n|move|p2a: Ogerpon|Swords Dance|p2a: Ogerpon\n|-boost|p2a: Ogerpon|atk|2\n|move|p2b: Tornadus|Bleakwind Storm|p1b: Iron Hands|[spread] p1a,p1b\n|-supereffective|p1a: Ogerpon\n|-damage|p1a: Ogerpon|22\/100\n|-damage|p1b: Iron Hands|83\/100\n|-unboost|p1a: Ogerpon|spe|1\n|-unboost|p1b: Iron Hands|spe|1\n|move|p1b: Iron Hands|Thunder Punch|p2b: Tornadus\n|-supereffective|p2b: Tornadus\n|-damage|p2b: Tornadus|0 fnt\n|faint|p2b: Tornadus\n|\n|-weather|RainDance|[upkeep]\n|-sideend|p2: Fluwito|move: Tailwind\n|upkeep\n|\n|t:|1700506074\n|switch|p2b: Rillaboom|Rillaboom, L50, F|100\/100\n|-fieldstart|move: Grassy Terrain|[from] ability: Grassy Surge|[of] p2b: Rillaboom\n|turn|5\n|\n|t:|1700506082\n|-end|p1b: Iron Hands|Quark Drive|[silent]\n|switch|p1b: Arcanine|Arcanine, L50, F|99\/100\n|-ability|p1b: Arcanine|Intimidate|boost\n|-unboost|p2a: Ogerpon|atk|1\n|-unboost|p2b: Rillaboom|atk|1\n|-terastallize|p2a: Ogerpon|Fire\n|detailschange|p2a: Ogerpon|Ogerpon-Hearthflame-Tera, L50, F, tera:Fire\n|-ability|p2a: Ogerpon|Embody Aspect (Hearthflame)|boost\n|-boost|p2a: Ogerpon|atk|1\n|move|p1a: Ogerpon|Spiky Shield|p1a: Ogerpon\n|-singleturn|p1a: Ogerpon|move: Protect\n|move|p2b: Rillaboom|Grassy Glide|p1a: Ogerpon\n|-activate|p1a: Ogerpon|move: Protect\n|-damage|p2b: Rillaboom|88\/100|[from] Spiky Shield|[of] p1a: Ogerpon\n|move|p2a: Ogerpon|Ivy Cudgel|p1b: Arcanine|[anim] Ivy Cudgel Fire\n|-resisted|p1b: Arcanine\n|-damage|p1b: Arcanine|59\/100\n|\n|-weather|RainDance|[upkeep]\n|-heal|p1b: Arcanine|65\/100|[from] Grassy Terrain\n|-heal|p1b: Arcanine|71\/100|[from] item: Leftovers\n|-heal|p2b: Rillaboom|94\/100|[from] Grassy Terrain\n|-heal|p1a: Ogerpon|28\/100|[from] Grassy Terrain\n|upkeep\n|turn|6\n|inactive|Losingwithbadteam has 30 seconds left.\n|inactive|Losingwithbadteam has 20 seconds left.\n|inactive|Losingwithbadteam has 15 seconds left.\n|\n|t:|1700506127\n|switch|p1a: Iron Hands|Iron Hands, L50|83\/100\n|move|p2a: Ogerpon|Grassy Glide|p1a: Iron Hands\n|-damage|p1a: Iron Hands|28\/100\n|move|p1b: Arcanine|Will-O-Wisp|p2b: Rillaboom|[miss]\n|-miss|p1b: Arcanine|p2b: Rillaboom\n|move|p2b: Rillaboom|High Horsepower|p1b: Arcanine\n|-supereffective|p1b: Arcanine\n|-damage|p1b: Arcanine|21\/100\n|\n|-weather|RainDance|[upkeep]\n|-heal|p1b: Arcanine|27\/100|[from] Grassy Terrain\n|-heal|p1b: Arcanine|33\/100|[from] item: Leftovers\n|-heal|p2b: Rillaboom|100\/100|[from] Grassy Terrain\n|-heal|p1a: Iron Hands|34\/100|[from] Grassy Terrain\n|upkeep\n|turn|7\n|inactive|Fluwito has 30 seconds left.\n|\n|t:|1700506155\n|move|p1a: Iron Hands|Fake Out|p2a: Ogerpon\n|-damage|p2a: Ogerpon|83\/100\n|cant|p2a: Ogerpon|flinch\n|move|p1b: Arcanine|Will-O-Wisp|p2b: Rillaboom\n|-status|p2b: Rillaboom|brn\n|move|p2b: Rillaboom|High Horsepower|p1b: Arcanine\n|-supereffective|p1b: Arcanine\n|-damage|p1b: Arcanine|8\/100\n|\n|-weather|none\n|-heal|p2a: Ogerpon|89\/100|[from] Grassy Terrain\n|-heal|p1b: Arcanine|14\/100|[from] Grassy Terrain\n|-heal|p1b: Arcanine|20\/100|[from] item: Leftovers\n|-heal|p1a: Iron Hands|40\/100|[from] Grassy Terrain\n|-damage|p2b: Rillaboom|94\/100 brn|[from] brn\n|upkeep\n|turn|8\n|inactive|Losingwithbadteam has 30 seconds left.\n|\n|t:|1700506187\n|switch|p2b: Goodra|Goodra-Hisui, L50, F|88\/100 brn\n|-end|p1a: Iron Hands|Quark Drive|[silent]\n|switch|p1a: Ogerpon|Ogerpon-Wellspring, L50, F|28\/100\n|move|p2a: Ogerpon|Ivy Cudgel|p1a: Ogerpon|[anim] Ivy Cudgel Fire\n|-damage|p1a: Ogerpon|0 fnt\n|faint|p1a: Ogerpon\n|move|p1b: Arcanine|Flare Blitz|p2a: Ogerpon\n|-resisted|p2a: Ogerpon\n|-damage|p2a: Ogerpon|57\/100\n|-damage|p1b: Arcanine|10\/100|[from] Recoil\n|\n|-heal|p2a: Ogerpon|63\/100|[from] Grassy Terrain\n|-heal|p1b: Arcanine|16\/100|[from] Grassy Terrain\n|-heal|p1b: Arcanine|22\/100|[from] item: Leftovers\n|-heal|p2b: Goodra|94\/100 brn|[from] Grassy Terrain\n|-heal|p2b: Goodra|99\/100 brn|[from] item: Leftovers\n|-damage|p2b: Goodra|94\/100 brn|[from] brn\n|upkeep\n|\n|t:|1700506201\n|switch|p1a: Iron Hands|Iron Hands, L50|40\/100\n|turn|9\n|\n|t:|1700506212\n|switch|p1b: Flutter Mane|Flutter Mane, L50|100\/100\n|move|p1a: Iron Hands|Fake Out|p2a: Ogerpon\n|-damage|p2a: Ogerpon|45\/100\n|cant|p2a: Ogerpon|flinch\n|move|p2b: Goodra|Shelter|p2b: Goodra\n|-boost|p2b: Goodra|def|2\n|\n|-heal|p2a: Ogerpon|51\/100|[from] Grassy Terrain\n|-heal|p2b: Goodra|99\/100 brn|[from] Grassy Terrain\n|-heal|p2b: Goodra|100\/100 brn|[from] item: Leftovers\n|-heal|p1a: Iron Hands|46\/100|[from] Grassy Terrain\n|-damage|p2b: Goodra|94\/100 brn|[from] brn\n|-fieldend|move: Grassy Terrain\n|upkeep\n|turn|10\n|\n|t:|1700506235\n|-terastallize|p1b: Flutter Mane|Water\n|move|p2a: Ogerpon|Spiky Shield|p2a: Ogerpon\n|-singleturn|p2a: Ogerpon|move: Protect\n|move|p1b: Flutter Mane|Shadow Ball|p2a: Ogerpon\n|-activate|p2a: Ogerpon|move: Protect\n|move|p2b: Goodra|Heavy Slam|p1b: Flutter Mane\n|-resisted|p1b: Flutter Mane\n|-damage|p1b: Flutter Mane|75\/100\n|move|p1a: Iron Hands|Drain Punch|p2b: Goodra\n|-supereffective|p2b: Goodra\n|-damage|p2b: Goodra|64\/100 brn\n|-heal|p1a: Iron Hands|58\/100|[from] drain|[of] p2b: Goodra\n|\n|-heal|p2b: Goodra|70\/100 brn|[from] item: Leftovers\n|-damage|p2b: Goodra|64\/100 brn|[from] brn\n|upkeep\n|turn|11\n|\n|t:|1700506260\n|switch|p2b: Rillaboom|Rillaboom, L50, F|94\/100 brn\n|-fieldstart|move: Grassy Terrain|[from] ability: Grassy Surge|[of] p2b: Rillaboom\n|move|p1b: Flutter Mane|Protect|p1b: Flutter Mane\n|-singleturn|p1b: Flutter Mane|Protect\n|move|p2a: Ogerpon|Grassy Glide|p1b: Flutter Mane\n|-activate|p1b: Flutter Mane|move: Protect\n|move|p1a: Iron Hands|Drain Punch|p2a: Ogerpon\n|-damage|p2a: Ogerpon|0 fnt\n|-heal|p1a: Iron Hands|77\/100|[from] drain|[of] p2a: Ogerpon\n|faint|p2a: Ogerpon\n|\n|-heal|p1b: Flutter Mane|81\/100|[from] Grassy Terrain\n|-heal|p2b: Rillaboom|100\/100 brn|[from] Grassy Terrain\n|-heal|p1a: Iron Hands|83\/100|[from] Grassy Terrain\n|-damage|p2b: Rillaboom|94\/100 brn|[from] brn\n|upkeep\n|\n|t:|1700506268\n|switch|p2a: Goodra|Goodra-Hisui, L50, F|64\/100 brn\n|turn|12\n|\n|t:|1700506279\n|-end|p1b: Flutter Mane|Protosynthesis|[silent]\n|switch|p1b: Arcanine|Arcanine, L50, F|22\/100\n|-ability|p1b: Arcanine|Intimidate|boost\n|-unboost|p2a: Goodra|atk|1\n|-unboost|p2b: Rillaboom|atk|1\n|move|p2b: Rillaboom|Grassy Glide|p1b: Arcanine\n|-resisted|p1b: Arcanine\n|-damage|p1b: Arcanine|16\/100\n|move|p2a: Goodra|Shelter|p2a: Goodra\n|-boost|p2a: Goodra|def|2\n|move|p1a: Iron Hands|Drain Punch|p2b: Rillaboom\n|-damage|p2b: Rillaboom|50\/100 brn\n|-heal|p1a: Iron Hands|100\/100|[from] drain|[of] p2b: Rillaboom\n|\n|-heal|p1b: Arcanine|22\/100|[from] Grassy Terrain\n|-heal|p1b: Arcanine|28\/100|[from] item: Leftovers\n|-heal|p2b: Rillaboom|56\/100 brn|[from] Grassy Terrain\n|-heal|p2a: Goodra|70\/100 brn|[from] Grassy Terrain\n|-heal|p2a: Goodra|76\/100 brn|[from] item: Leftovers\n|-damage|p2b: Rillaboom|50\/100 brn|[from] brn\n|-damage|p2a: Goodra|70\/100 brn|[from] brn\n|upkeep\n|turn|13\n|-message|Fluwito forfeited.\n|\n|win|Losingwithbadteam\n|raw|Losingwithbadteam's rating: 1166 &rarr; <strong>1193<\/strong><br \/>(+27 for winning)\n|raw|Fluwito's rating: 1199 &rarr; <strong>1172<\/strong><br \/>(-27 for losing)\n|l|\u2606Fluwito\n|c|\u2606Losingwithbadteam|Ggs\n","uploadtime":1700506292,"views":14,"p1id":"losingwithbadteam","p2id":"fluwito","formatid":"gen9vgc2023regulatione","rating":1172,"private":0,"password":""}