{"id":"gen9vgc2023regulatione-1994947975","p1":"Pnuma","p2":"Tehiyok09","format":"[Gen 9] VGC 2023 Regulation E","log":"|j|\u2606Pnuma\n|j|\u2606Tehiyok09\n|n|\u2606Pnuma|pnuma\n|n|\u2606Tehiyok09|tehiyok09\n|html|View the match progress at <a href=\"\/game-bestof3-gen9vgc2023regulatione-1994947974\">game-bestof3-gen9vgc2023regulatione-1994947974<\/a>\n|t:|1700507205\n|gametype|doubles\n|player|p1|Pnuma|102|\n|player|p2|Tehiyok09|benga|\n|teamsize|p1|6\n|teamsize|p2|6\n|gen|9\n|tier|[Gen 9] VGC 2023 Regulation E\n|rule|Species Clause: Limit one of each Pok\u00e9mon\n|rule|Item Clause: Limit one of each item\n|clearpoke\n|poke|p1|Hydreigon, L50, M|\n|poke|p1|Regieleki, L50|\n|poke|p1|Great Tusk, L50|\n|poke|p1|Volcarona, L50, F|\n|poke|p1|Kingambit, L50, M|\n|poke|p1|Garganacl, L50, M|\n|poke|p2|Stonjourner, L50, M|\n|poke|p2|Fezandipiti, L50, M|\n|poke|p2|Lucario, L50, M|\n|poke|p2|Sandy Shocks, L50|\n|poke|p2|Ninetales, L50, M|\n|poke|p2|Corviknight, L50, M|\n|teampreview|4\n|c|\u2606Tehiyok09|gl hf\nTehiyok09 rejected open team sheets.\n|inactive|Battle timer is ON: inactive players will automatically lose when time's up. (requested by Pnuma)\n|inactive|Pnuma has 60 seconds left.\n|inactive|Pnuma has 30 seconds left.\n|inactive|Pnuma has 20 seconds left.\n|inactive|Pnuma has 15 seconds left.\n|\n|t:|1700507294\n|start\n|switch|p1a: Hydreigon|Hydreigon, L50, M, shiny|100\/100\n|switch|p1b: Great Tusk|Great Tusk, L50, shiny|100\/100\n|switch|p2a: Goku|Lucario, L50, M|100\/100\n|switch|p2b: Pika|Stonjourner, L50, M, shiny|100\/100\n|turn|1\n|inactive|Pnuma has 30 seconds left.\n|inactive|Pnuma has 20 seconds left.\n|\n|t:|1700507330\n|move|p1a: Hydreigon|Protect|p1a: Hydreigon\n|-singleturn|p1a: Hydreigon|Protect\n|move|p2b: Pika|Wide Guard|p2b: Pika\n|-singleturn|p2b: Pika|Wide Guard\n|move|p1b: Great Tusk|Earthquake|p2b: Pika|[spread] \n|-activate|p2a: Goku|move: Wide Guard\n|-activate|p2b: Pika|move: Wide Guard\n|-activate|p1a: Hydreigon|move: Protect\n|move|p2a: Goku|Aura Sphere|p1a: Hydreigon\n|-activate|p1a: Hydreigon|move: Protect\n|\n|upkeep\n|turn|2\n|inactive|Pnuma has 30 seconds left.\n|inactive|Tehiyok09 has 30 seconds left.\n|\n|t:|1700507366\n|-end|p1b: Great Tusk|Protosynthesis|[silent]\n|switch|p1b: Volcarona|Volcarona, L50, F, shiny|100\/100\n|-terastallize|p1a: Hydreigon|Poison\n|-terastallize|p2a: Goku|Dragon\n|move|p2b: Pika|Wide Guard|p2b: Pika\n|-singleturn|p2b: Pika|Wide Guard\n|move|p1a: Hydreigon|Dark Pulse|p2b: Pika\n|-damage|p2b: Pika|0 fnt\n|faint|p2b: Pika\n|-damage|p1a: Hydreigon|91\/100|[from] item: Life Orb\n|move|p2a: Goku|Psychic|p1b: Volcarona\n|-damage|p1b: Volcarona|70\/100\n|\n|upkeep\n|inactive|Tehiyok09 has 30 seconds left.\n|\n|t:|1700507391\n|switch|p2b: Kurama|Ninetales, L50, M|100\/100\n|-weather|SunnyDay|[from] ability: Drought|[of] p2b: Kurama\n|turn|3\n|inactive|Tehiyok09 has 30 seconds left.\n|\n|t:|1700507422\n|move|p1b: Volcarona|Protect|p1b: Volcarona\n|-singleturn|p1b: Volcarona|Protect\n|move|p2b: Kurama|Extrasensory|p1a: Hydreigon\n|-supereffective|p1a: Hydreigon\n|-damage|p1a: Hydreigon|44\/100\n|move|p1a: Hydreigon|Draco Meteor|p2b: Kurama\n|-damage|p2b: Kurama|0 fnt\n|-unboost|p1a: Hydreigon|spa|2\n|faint|p2b: Kurama\n|-damage|p1a: Hydreigon|34\/100|[from] item: Life Orb\n|move|p2a: Goku|Dragon Pulse|p1b: Volcarona\n|-activate|p1b: Volcarona|move: Protect\n|\n|-weather|SunnyDay|[upkeep]\n|upkeep\n|\n|t:|1700507436\n|switch|p2b: Karu|Fezandipiti, L50, M|100\/100\n|turn|4\n|\n|t:|1700507458\n|move|p1a: Hydreigon|Draco Meteor|p2a: Goku\n|-supereffective|p2a: Goku\n|-damage|p2a: Goku|0 fnt\n|-unboost|p1a: Hydreigon|spa|2\n|faint|p2a: Goku\n|-damage|p1a: Hydreigon|24\/100|[from] item: Life Orb\n|move|p1b: Volcarona|Fiery Dance|p2b: Karu\n|-damage|p2b: Karu|64\/100\n|move|p2b: Karu|Brave Bird|p1b: Volcarona\n|-supereffective|p1b: Volcarona\n|-damage|p1b: Volcarona|0 fnt\n|faint|p1b: Volcarona\n|-damage|p2b: Karu|44\/100|[from] Recoil\n|\n|-weather|SunnyDay|[upkeep]\n|-heal|p2b: Karu|50\/100|[from] item: Black Sludge\n|upkeep\n|inactive|Pnuma has 30 seconds left.\n|\n|t:|1700507492\n|switch|p1b: Regieleki|Regieleki, L50|100\/100\n|turn|5\n|\n|t:|1700507504\n|move|p1a: Hydreigon|Protect|p1a: Hydreigon\n|-singleturn|p1a: Hydreigon|Protect\n|move|p1b: Regieleki|Thunderbolt|p2b: Karu\n|-damage|p2b: Karu|10\/100\n|move|p2b: Karu|Brave Bird|p1a: Hydreigon\n|-activate|p1a: Hydreigon|move: Protect\n|\n|-weather|SunnyDay|[upkeep]\n|-heal|p2b: Karu|16\/100|[from] item: Black Sludge\n|upkeep\n|turn|6\n|inactive|Pnuma has 30 seconds left.\n|\n|t:|1700507529\n|move|p1b: Regieleki|Thunderbolt|p2b: Karu\n|-damage|p2b: Karu|0 fnt\n|faint|p2b: Karu\n|\n|win|Pnuma\n|c|&|\/uhtml prompt-tehiyok09,Tehiyok09 is ready for game 2!\n|inactive|Pnuma has 50 seconds to confirm battle start!\n|c|&|\/uhtml prompt-tehiyok09,Tehiyok09 is ready for game 2!\n|c|\u2606Tehiyok09|gg\n|inactive|Pnuma has 40 seconds to confirm battle start!\n|inactive|Pnuma has 30 seconds to confirm battle start!\n|inactive|Pnuma has 20 seconds to confirm battle start!\n|c|&|\/uhtml prompt-pnuma,Pnuma is ready for game 2!\nBoth players are ready! Starting next match!\n","uploadtime":1700507822,"views":2,"p1id":"pnuma","p2id":"tehiyok09","formatid":"gen9vgc2023regulatione","rating":0,"private":0,"password":""}