{"id":"gen9vgc2023regulatione-1994835447","p1":"Eduardo22","p2":"Nonnowiskey","format":"[Gen 9] VGC 2023 Regulation E","log":"|j|\u2606Eduardo22\n|j|\u2606Nonnowiskey\n|t:|1700497191\n|gametype|doubles\n|player|p1|Eduardo22|li|1383\n|player|p2|Nonnowiskey|li|1365\n|teamsize|p1|6\n|teamsize|p2|6\n|gen|9\n|tier|[Gen 9] VGC 2023 Regulation E\n|rated|\n|rule|Species Clause: Limit one of each Pok\u00e9mon\n|rule|Item Clause: Limit one of each item\n|clearpoke\n|poke|p1|Ludicolo, L50, F|\n|poke|p1|Politoed, L50, F|\n|poke|p1|Gothitelle, L50, M|\n|poke|p1|Roaring Moon, L50|\n|poke|p1|Iron Hands, L50|\n|poke|p1|Urshifu-*, L50, F|\n|poke|p2|Empoleon, L50, F|\n|poke|p2|Dragonite, L50, M|\n|poke|p2|Ninetales-Alola, L50, F|\n|poke|p2|Regieleki, L50|\n|poke|p2|Landorus-Therian, L50, M|\n|poke|p2|Ogerpon-Hearthflame, L50, F|\n|teampreview|4\n|inactive|Battle timer is ON: inactive players will automatically lose when time's up. (requested by Nonnowiskey)\nNonnowiskey has agreed to open team sheets.\nEduardo22 rejected open team sheets.\n|inactive|Nonnowiskey has 60 seconds left.\n|inactive|Nonnowiskey has 30 seconds left.\n|inactive|Nonnowiskey has 20 seconds left.\n|\n|t:|1700497271\n|start\n|switch|p1a: Politoed|Politoed, L50, F|100\/100\n|switch|p1b: Urshifu|Urshifu-Rapid-Strike, L50, F|100\/100\n|switch|p2a: Regieleki|Regieleki, L50, shiny|100\/100\n|switch|p2b: Dragonite|Dragonite, L50, M|100\/100\n|-weather|RainDance|[from] ability: Drizzle|[of] p1a: Politoed\n|turn|1\n|inactive|Eduardo22 has 30 seconds left.\n|inactive|Nonnowiskey has 30 seconds left.\n|inactive|Eduardo22 has 20 seconds left.\n|inactive|Nonnowiskey has 20 seconds left.\n|inactive|Nonnowiskey has 15 seconds left.\n|\n|t:|1700497312\n|switch|p1b: Iron Hands|Iron Hands, L50|100\/100\n|-terastallize|p1a: Politoed|Dragon\n|move|p2a: Regieleki|Electroweb|p1b: Iron Hands|[spread] p1a,p1b\n|-resisted|p1a: Politoed\n|-resisted|p1b: Iron Hands\n|-damage|p1a: Politoed|92\/100\n|-damage|p1b: Iron Hands|95\/100\n|-unboost|p1a: Politoed|spe|1\n|-unboost|p1b: Iron Hands|spe|1\n|move|p2b: Dragonite|Stomping Tantrum|p1a: Politoed\n|-damage|p1a: Politoed|65\/100\n|move|p1a: Politoed|Icy Wind|p2b: Dragonite|[spread] p2a,p2b\n|-crit|p2a: Regieleki\n|-supereffective|p2b: Dragonite\n|-damage|p2a: Regieleki|78\/100\n|-damage|p2b: Dragonite|89\/100\n|-unboost|p2a: Regieleki|spe|1\n|-unboost|p2b: Dragonite|spe|1\n|\n|-weather|RainDance|[upkeep]\n|upkeep\n|turn|2\n|inactive|Nonnowiskey has 30 seconds left.\n|\n|t:|1700497342\n|move|p1b: Iron Hands|Fake Out|p2a: Regieleki\n|-damage|p2a: Regieleki|60\/100\n|cant|p2a: Regieleki|flinch\n|move|p2b: Dragonite|Stomping Tantrum|p1b: Iron Hands\n|-supereffective|p1b: Iron Hands\n|-damage|p1b: Iron Hands|62\/100\n|move|p1a: Politoed|Perish Song|p1a: Politoed\n|-start|p1a: Politoed|perish3|[silent]\n|-start|p1b: Iron Hands|perish3|[silent]\n|-start|p2a: Regieleki|perish3|[silent]\n|-start|p2b: Dragonite|perish3|[silent]\n|-fieldactivate|move: Perish Song\n|\n|-weather|RainDance|[upkeep]\n|-start|p2a: Regieleki|perish3\n|-start|p2b: Dragonite|perish3\n|-start|p1a: Politoed|perish3\n|-start|p1b: Iron Hands|perish3\n|upkeep\n|turn|3\n|\n|t:|1700497364\n|-end|p1b: Iron Hands|Quark Drive|[silent]\n|switch|p1b: Gothitelle|Gothitelle, L50, M|100\/100\n|move|p2a: Regieleki|Thunder Wave|p1a: Politoed\n|-status|p1a: Politoed|par\n|move|p2b: Dragonite|Stomping Tantrum|p1b: Gothitelle\n|-damage|p1b: Gothitelle|73\/100\n|move|p1a: Politoed|Icy Wind|p2a: Regieleki|[spread] p2a,p2b\n|-supereffective|p2b: Dragonite\n|-damage|p2a: Regieleki|47\/100\n|-damage|p2b: Dragonite|66\/100\n|-unboost|p2a: Regieleki|spe|1\n|-unboost|p2b: Dragonite|spe|1\n|\n|-weather|RainDance|[upkeep]\n|-start|p2a: Regieleki|perish2\n|-start|p2b: Dragonite|perish2\n|-start|p1a: Politoed|perish2\n|upkeep\n|turn|4\n|\n|t:|1700497381\n|switch|p1a: Iron Hands|Iron Hands, L50|62\/100\n|move|p1b: Gothitelle|Fake Out|p2a: Regieleki\n|-damage|p2a: Regieleki|40\/100\n|move|p2b: Dragonite|Extreme Speed|p1b: Gothitelle\n|-damage|p1b: Gothitelle|44\/100\n|-enditem|p1b: Gothitelle|Sitrus Berry|[eat]\n|-heal|p1b: Gothitelle|69\/100|[from] item: Sitrus Berry\n|cant|p2a: Regieleki|flinch\n|\n|-weather|RainDance|[upkeep]\n|-start|p2a: Regieleki|perish1\n|-start|p2b: Dragonite|perish1\n|upkeep\n|turn|5\n|\n|t:|1700497395\n|move|p1b: Gothitelle|Protect|p1b: Gothitelle\n|-singleturn|p1b: Gothitelle|Protect\n|move|p1a: Iron Hands|Fake Out|p2a: Regieleki\n|-damage|p2a: Regieleki|20\/100\n|-enditem|p2a: Regieleki|Aguav Berry|[eat]\n|-heal|p2a: Regieleki|53\/100|[from] item: Aguav Berry\n|move|p2b: Dragonite|Extreme Speed|p1b: Gothitelle\n|-activate|p1b: Gothitelle|move: Protect\n|cant|p2a: Regieleki|flinch\n|\n|-weather|none\n|-start|p2a: Regieleki|perish0\n|-start|p2b: Dragonite|perish0\n|faint|p2a: Regieleki\n|faint|p2b: Dragonite\n|upkeep\n|\n|t:|1700497398\n|switch|p2a: Ogerpon|Ogerpon-Hearthflame, L50, F|100\/100\n|switch|p2b: Landorus|Landorus-Therian, L50, M|100\/100\n|-ability|p2b: Landorus|Intimidate|boost\n|-unboost|p1a: Iron Hands|atk|1\n|-unboost|p1b: Gothitelle|atk|1\n|-ability|p2a: Ogerpon|Mold Breaker\n|turn|6\n|c|\u2606Eduardo22|volt switch nop\n|\n|t:|1700497417\n|-end|p1a: Iron Hands|Quark Drive|[silent]\n|switch|p1a: Politoed|Politoed, L50, F, tera:Dragon|65\/100 par\n|-weather|RainDance|[from] ability: Drizzle|[of] p1a: Politoed\n|move|p2b: Landorus|Stomping Tantrum|p1a: Politoed\n|-damage|p1a: Politoed|25\/100 par\n|-enditem|p1a: Politoed|Aguav Berry|[eat]\n|-heal|p1a: Politoed|58\/100 par|[from] item: Aguav Berry\n|move|p2a: Ogerpon|Swords Dance|p2a: Ogerpon\n|-boost|p2a: Ogerpon|atk|2\n|move|p1b: Gothitelle|Psychic|p2a: Ogerpon\n|-damage|p2a: Ogerpon|70\/100\n|\n|-weather|RainDance|[upkeep]\n|upkeep\n|turn|7\n|inactive|Nonnowiskey has 30 seconds left.\n|\n|t:|1700497446\n|switch|p1b: Iron Hands|Iron Hands, L50|62\/100\n|-terastallize|p2a: Ogerpon|Fire\n|detailschange|p2a: Ogerpon|Ogerpon-Hearthflame-Tera, L50, F, tera:Fire\n|-ability|p2a: Ogerpon|Embody Aspect (Hearthflame)|boost\n|-boost|p2a: Ogerpon|atk|1\n|move|p1a: Politoed|Protect|p1a: Politoed\n|-singleturn|p1a: Politoed|Protect\n|move|p2b: Landorus|Stomping Tantrum|p1b: Iron Hands\n|-supereffective|p1b: Iron Hands\n|-damage|p1b: Iron Hands|14\/100\n|move|p2a: Ogerpon|Ivy Cudgel|p1a: Politoed|[anim] Ivy Cudgel Fire\n|-activate|p1a: Politoed|move: Protect\n|\n|-weather|RainDance|[upkeep]\n|upkeep\n|turn|8\n|\n|t:|1700497469\n|move|p1b: Iron Hands|Fake Out|p2a: Ogerpon\n|-damage|p2a: Ogerpon|52\/100\n|move|p2b: Landorus|Stomping Tantrum|p1b: Iron Hands\n|-supereffective|p1b: Iron Hands\n|-damage|p1b: Iron Hands|0 fnt\n|faint|p1b: Iron Hands\n|-end|p1b: Iron Hands|Quark Drive|[silent]\n|cant|p2a: Ogerpon|flinch\n|move|p1a: Politoed|Perish Song|p1a: Politoed\n|-start|p1a: Politoed|perish3|[silent]\n|-start|p2a: Ogerpon|perish3|[silent]\n|-start|p2b: Landorus|perish3|[silent]\n|-fieldactivate|move: Perish Song\n|\n|-weather|RainDance|[upkeep]\n|-start|p2b: Landorus|perish3\n|-start|p2a: Ogerpon|perish3\n|-start|p1a: Politoed|perish3\n|upkeep\n|\n|t:|1700497478\n|switch|p1b: Gothitelle|Gothitelle, L50, M|69\/100\n|turn|9\n|\n|t:|1700497486\n|move|p1b: Gothitelle|Fake Out|p2a: Ogerpon\n|-damage|p2a: Ogerpon|45\/100\n|move|p2b: Landorus|Stomping Tantrum|p1b: Gothitelle\n|-damage|p1b: Gothitelle|32\/100\n|cant|p2a: Ogerpon|flinch\n|move|p1a: Politoed|Icy Wind|p2b: Landorus|[spread] p2a,p2b\n|-resisted|p2a: Ogerpon\n|-crit|p2a: Ogerpon\n|-supereffective|p2b: Landorus\n|-damage|p2a: Ogerpon|38\/100\n|-damage|p2b: Landorus|62\/100\n|-unboost|p2a: Ogerpon|spe|1\n|-unboost|p2b: Landorus|spe|1\n|\n|-weather|RainDance|[upkeep]\n|-start|p2b: Landorus|perish2\n|-start|p2a: Ogerpon|perish2\n|-start|p1a: Politoed|perish2\n|upkeep\n|turn|10\n|\n|t:|1700497498\n|move|p1b: Gothitelle|Protect|p1b: Gothitelle\n|-singleturn|p1b: Gothitelle|Protect\n|move|p1a: Politoed|Protect|p1a: Politoed\n|-singleturn|p1a: Politoed|Protect\n|move|p2b: Landorus|Stomping Tantrum|p1b: Gothitelle\n|-activate|p1b: Gothitelle|move: Protect\n|move|p2a: Ogerpon|Ivy Cudgel|p1a: Politoed|[anim] Ivy Cudgel Fire\n|-activate|p1a: Politoed|move: Protect\n|\n|-weather|none\n|-start|p2b: Landorus|perish1\n|-start|p2a: Ogerpon|perish1\n|-start|p1a: Politoed|perish1\n|upkeep\n|turn|11\n|\n|t:|1700497504\n|move|p2b: Landorus|Stomping Tantrum|p1b: Gothitelle\n|-damage|p1b: Gothitelle|0 fnt\n|faint|p1b: Gothitelle\n|move|p2a: Ogerpon|Ivy Cudgel|p1a: Politoed|[anim] Ivy Cudgel Fire\n|-resisted|p1a: Politoed\n|-damage|p1a: Politoed|0 fnt\n|faint|p1a: Politoed\n|\n|-start|p2b: Landorus|perish0\n|-start|p2a: Ogerpon|perish0\n|upkeep\n|faint|p2b: Landorus\n|faint|p2a: Ogerpon\n|\n|win|Eduardo22\n|raw|Eduardo22's rating: 1383 &rarr; <strong>1402<\/strong><br \/>(+19 for winning)\n|raw|Nonnowiskey's rating: 1365 &rarr; <strong>1346<\/strong><br \/>(-19 for losing)\n|l|\u2606Nonnowiskey\n|c|\u2606Eduardo22|gg\n","uploadtime":1700497533,"views":1,"p1id":"eduardo22","p2id":"nonnowiskey","formatid":"gen9vgc2023regulatione","rating":1346,"private":0,"password":""}