{"id":"gen9vgc2023regulatione-1990952926","p1":"j1m13o","p2":"Little_Lunch","format":"[Gen 9] VGC 2023 Regulation E","log":"|j|\u2606j1m13o\n|j|\u2606Little_Lunch\n|t:|1700019119\n|gametype|doubles\n|player|p1|j1m13o|102|1199\n|player|p2|Little_Lunch|rocketgruntf|1118\n|teamsize|p1|6\n|teamsize|p2|6\n|gen|9\n|tier|[Gen 9] VGC 2023 Regulation E\n|rated|\n|rule|Species Clause: Limit one of each Pok\u00e9mon\n|rule|Item Clause: Limit one of each item\n|clearpoke\n|poke|p1|Ursaluna-Bloodmoon, L50, M|\n|poke|p1|Torkoal, L50, F|\n|poke|p1|Dusclops, L50, F|\n|poke|p1|Clefable, L50, M|\n|poke|p1|Golem-Alola, L50, M|\n|poke|p1|Lucario, L50, M|\n|poke|p2|Politoed, L50, F|\n|poke|p2|Flutter Mane, L50|\n|poke|p2|Zapdos, L50|\n|poke|p2|Landorus-Therian, L50, M|\n|poke|p2|Ogerpon-Wellspring, L50, F|\n|poke|p2|Gothitelle, L50, F|\n|teampreview|4\n|inactive|Battle timer is ON: inactive players will automatically lose when time's up. (requested by j1m13o)\n|inactive|Little_Lunch has 60 seconds left.\n|\n|t:|1700019192\n|start\n|switch|p1a: Mr. Hands|Dusclops, L50, F|100\/100\n|switch|p1b: Clefable|Clefable, L50, M|100\/100\n|switch|p2a: Flutter Mane|Flutter Mane, L50|100\/100\n|switch|p2b: Gothitelle|Gothitelle, L50, F|100\/100\n|-item|p2a: Flutter Mane|Booster Energy|[from] ability: Frisk|[of] p1a: Mr. Hands|[identify]\n|-item|p2b: Gothitelle|Leftovers|[from] ability: Frisk|[of] p1a: Mr. Hands|[identify]\n|-enditem|p2a: Flutter Mane|Booster Energy\n|-activate|p2a: Flutter Mane|ability: Protosynthesis|[fromitem]\n|-start|p2a: Flutter Mane|protosynthesisspa\n|turn|1\n|inactive|Little_Lunch has 30 seconds left.\n|inactive|Little_Lunch has 20 seconds left.\n|inactive|Little_Lunch has 15 seconds left.\n|inactive|Little_Lunch has 10 seconds left.\n|inactive|Little_Lunch has 5 seconds left.\n|\n|t:|1700019244\n|move|p2b: Gothitelle|Fake Out|p1b: Clefable\n|-damage|p1b: Clefable|93\/100\n|-enditem|p1b: Clefable|Eject Button\n|\n|t:|1700019248\n|switch|p1b: Ursaluna|Ursaluna-Bloodmoon, L50, M|100\/100\n|move|p2a: Flutter Mane|Shadow Ball|p1a: Mr. Hands\n|-supereffective|p1a: Mr. Hands\n|-damage|p1a: Mr. Hands|50\/100\n|move|p1a: Mr. Hands|Trick Room|p1a: Mr. Hands\n|-fieldstart|move: Trick Room|[of] p1a: Mr. Hands\n|\n|upkeep\n|turn|2\n|inactive|Little_Lunch has 30 seconds left.\n|\n|t:|1700019279\n|-terastallize|p1b: Ursaluna|Normal\n|move|p1a: Mr. Hands|Helping Hand|p1b: Ursaluna\n|-singleturn|p1b: Ursaluna|Helping Hand|[of] p1a: Mr. Hands\n|move|p2b: Gothitelle|Protect|p2b: Gothitelle\n|-singleturn|p2b: Gothitelle|Protect\n|move|p2a: Flutter Mane|Protect|p2a: Flutter Mane\n|-singleturn|p2a: Flutter Mane|Protect\n|move|p1b: Ursaluna|Hyper Voice|p2b: Gothitelle|[spread] \n|-activate|p2a: Flutter Mane|move: Protect\n|-activate|p2b: Gothitelle|move: Protect\n|\n|upkeep\n|turn|3\n|inactive|Little_Lunch has 30 seconds left.\n|\n|t:|1700019313\n|switch|p2b: Politoed|Politoed, L50, F|100\/100\n|-weather|RainDance|[from] ability: Drizzle|[of] p2b: Politoed\n|move|p1a: Mr. Hands|Helping Hand|p1b: Ursaluna\n|-singleturn|p1b: Ursaluna|Helping Hand|[of] p1a: Mr. Hands\n|move|p1b: Ursaluna|Blood Moon|p2a: Flutter Mane\n|-enditem|p1b: Ursaluna|Normal Gem|[from] gem\n|-damage|p2a: Flutter Mane|0 fnt\n|faint|p2a: Flutter Mane\n|-end|p2a: Flutter Mane|Protosynthesis|[silent]\n|\n|-weather|RainDance|[upkeep]\n|upkeep\n|\n|t:|1700019328\n|switch|p2a: Gothitelle|Gothitelle, L50, F|100\/100\n|turn|4\n|\n|t:|1700019350\n|move|p1a: Mr. Hands|Helping Hand|p1b: Ursaluna\n|-singleturn|p1b: Ursaluna|Helping Hand|[of] p1a: Mr. Hands\n|move|p2a: Gothitelle|Fake Out|p1b: Ursaluna\n|-damage|p1b: Ursaluna|96\/100\n|cant|p1b: Ursaluna|flinch\n|move|p2b: Politoed|Perish Song|p2b: Politoed\n|-start|p1a: Mr. Hands|perish3|[silent]\n|-start|p1b: Ursaluna|perish3|[silent]\n|-start|p2a: Gothitelle|perish3|[silent]\n|-start|p2b: Politoed|perish3|[silent]\n|-fieldactivate|move: Perish Song\n|\n|-weather|RainDance|[upkeep]\n|-start|p1a: Mr. Hands|perish3\n|-start|p1b: Ursaluna|perish3\n|-start|p2a: Gothitelle|perish3\n|-start|p2b: Politoed|perish3\n|upkeep\n|turn|5\n|inactive|Little_Lunch has 30 seconds left.\n|\n|t:|1700019377\n|move|p1a: Mr. Hands|Helping Hand|p1b: Ursaluna\n|-singleturn|p1b: Ursaluna|Helping Hand|[of] p1a: Mr. Hands\n|move|p2a: Gothitelle|Protect|p2a: Gothitelle\n|-singleturn|p2a: Gothitelle|Protect\n|move|p1b: Ursaluna|Hyper Voice|p2a: Gothitelle|[spread] p2b\n|-activate|p2a: Gothitelle|move: Protect\n|-damage|p2b: Politoed|33\/100\n|move|p2b: Politoed|Encore|p1b: Ursaluna\n|-start|p1b: Ursaluna|Encore\n|\n|-weather|RainDance|[upkeep]\n|-start|p1a: Mr. Hands|perish2\n|-start|p1b: Ursaluna|perish2\n|-start|p2a: Gothitelle|perish2\n|-start|p2b: Politoed|perish2\n|-fieldend|move: Trick Room\n|upkeep\n|turn|6\n|inactive|Little_Lunch has 30 seconds left.\n|inactive|Little_Lunch has 20 seconds left.\n|\n|t:|1700019412\n|move|p2b: Politoed|Weather Ball|p1a: Mr. Hands\n|-damage|p1a: Mr. Hands|23\/100\n|move|p2a: Gothitelle|Heal Pulse|p2b: Politoed\n|-heal|p2b: Politoed|84\/100\n|move|p1b: Ursaluna|Hyper Voice|p2a: Gothitelle|[spread] p2a,p2b\n|-damage|p2a: Gothitelle|55\/100\n|-damage|p2b: Politoed|43\/100\n|move|p1a: Mr. Hands|Trick Room|p1a: Mr. Hands\n|-fieldstart|move: Trick Room|[of] p1a: Mr. Hands\n|\n|-weather|RainDance|[upkeep]\n|-heal|p2a: Gothitelle|62\/100|[from] item: Leftovers\n|-start|p1a: Mr. Hands|perish1\n|-start|p1b: Ursaluna|perish1\n|-start|p2a: Gothitelle|perish1\n|-start|p2b: Politoed|perish1\n|upkeep\n|turn|7\n|inactive|Little_Lunch has 30 seconds left.\n|inactive|Little_Lunch has 20 seconds left.\n|inactive|Little_Lunch has 15 seconds left.\n|\n|t:|1700019456\n|switch|p2a: Ogerpon|Ogerpon-Wellspring, L50, F|100\/100\n|move|p1a: Mr. Hands|Helping Hand|p1b: Ursaluna\n|-singleturn|p1b: Ursaluna|Helping Hand|[of] p1a: Mr. Hands\n|move|p1b: Ursaluna|Hyper Voice|p2a: Ogerpon|[spread] p2a,p2b\n|-damage|p2a: Ogerpon|13\/100\n|-damage|p2b: Politoed|0 fnt\n|faint|p2b: Politoed\n|\n|-weather|RainDance|[upkeep]\n|-start|p1a: Mr. Hands|perish0\n|-start|p1b: Ursaluna|perish0\n|faint|p1a: Mr. Hands\n|faint|p1b: Ursaluna\n|upkeep\n|\n|t:|1700019469\n|switch|p1a: Clefable|Clefable, L50, M|93\/100\n|switch|p1b: Torkoal|Torkoal, L50, F|100\/100\n|switch|p2b: Gothitelle|Gothitelle, L50, F|62\/100\n|-weather|SunnyDay|[from] ability: Drought|[of] p1b: Torkoal\n|turn|8\n|\n|t:|1700019493\n|move|p1a: Clefable|Helping Hand|p1b: Torkoal\n|-singleturn|p1b: Torkoal|Helping Hand|[of] p1a: Clefable\n|move|p2b: Gothitelle|Fake Out|p1b: Torkoal\n|-damage|p1b: Torkoal|95\/100\n|cant|p1b: Torkoal|flinch\n|move|p2a: Ogerpon|Horn Leech|p1a: Clefable\n|-damage|p1a: Clefable|39\/100\n|-heal|p2a: Ogerpon|45\/100|[from] drain|[of] p1a: Clefable\n|\n|-weather|SunnyDay|[upkeep]\n|-heal|p2b: Gothitelle|68\/100|[from] item: Leftovers\n|upkeep\n|turn|9\n|inactive|Little_Lunch has 30 seconds left.\n|\n|t:|1700019522\n|move|p1a: Clefable|Helping Hand|p1b: Torkoal\n|-singleturn|p1b: Torkoal|Helping Hand|[of] p1a: Clefable\n|move|p2a: Ogerpon|Spiky Shield|p2a: Ogerpon\n|-singleturn|p2a: Ogerpon|move: Protect\n|move|p1b: Torkoal|Eruption|p2b: Gothitelle|[spread] p2b\n|-activate|p2a: Ogerpon|move: Protect\n|-damage|p2b: Gothitelle|0 fnt\n|faint|p2b: Gothitelle\n|\n|-weather|SunnyDay|[upkeep]\n|upkeep\n|turn|10\n|\n|t:|1700019536\n|move|p2a: Ogerpon|Spiky Shield||[still]\n|-fail|p2a: Ogerpon\n|move|p1a: Clefable|Follow Me|p1a: Clefable\n|-singleturn|p1a: Clefable|move: Follow Me\n|move|p1b: Torkoal|Heat Wave|p2a: Ogerpon\n|-damage|p2a: Ogerpon|0 fnt\n|faint|p2a: Ogerpon\n|\n|win|j1m13o\n|raw|j1m13o's rating: 1199 &rarr; <strong>1218<\/strong><br \/>(+19 for winning)\n|raw|Little_Lunch's rating: 1118 &rarr; <strong>1099<\/strong><br \/>(-19 for losing)\n|l|\u2606Little_Lunch\n|c|\u2606j1m13o|L\n","uploadtime":1700019546,"views":12,"p1id":"j1m13o","p2id":"littlelunch","formatid":"gen9vgc2023regulatione","rating":1099,"private":0,"password":""}