{"id":"gen9vgc2023regulatione-1990362529","p1":"nwjns999","p2":"Tempest brute","format":"[Gen 9] VGC 2023 Regulation E","log":"|j|\u2606nwjns999\n|j|\u2606Tempest brute\n|t:|1699962327\n|gametype|doubles\n|player|p1|nwjns999|leaf-masters|1626\n|player|p2|Tempest brute|veteran|1773\n|teamsize|p1|6\n|teamsize|p2|6\n|gen|9\n|tier|[Gen 9] VGC 2023 Regulation E\n|rated|\n|rule|Species Clause: Limit one of each Pok\u00e9mon\n|rule|Item Clause: Limit one of each item\n|clearpoke\n|poke|p1|Glimmora, L50, M|\n|poke|p1|Dondozo, L50, M|\n|poke|p1|Tatsugiri, L50, M|\n|poke|p1|Roaring Moon, L50|\n|poke|p1|Ogerpon-Hearthflame, L50, F|\n|poke|p1|Flutter Mane, L50|\n|poke|p2|Iron Valiant, L50|\n|poke|p2|Ting-Lu, L50|\n|poke|p2|Ogerpon-Hearthflame, L50, F|\n|poke|p2|Rotom-Wash, L50|\n|poke|p2|Gholdengo, L50|\n|poke|p2|Dragonite, L50, M|\n|teampreview|4\n|\n|t:|1699962358\n|start\n|switch|p1a: Drama|Roaring Moon, L50, shiny|100\/100\n|switch|p1b: Flowering|Glimmora, L50, M, shiny|100\/100\n|switch|p2a: Klefki Lu|Ting-Lu, L50|100\/100\n|switch|p2b: Ogerpon|Ogerpon-Hearthflame, L50, F|100\/100\n|-ability|p2b: Ogerpon|Mold Breaker\n|-ability|p2a: Klefki Lu|Vessel of Ruin\n|-enditem|p1a: Drama|Booster Energy\n|-activate|p1a: Drama|ability: Protosynthesis|[fromitem]\n|-start|p1a: Drama|protosynthesisspe\n|turn|1\n|\n|t:|1699962368\n|-terastallize|p2a: Klefki Lu|Poison\n|move|p2b: Ogerpon|Spiky Shield|p2b: Ogerpon\n|-singleturn|p2b: Ogerpon|move: Protect\n|move|p1a: Drama|Tailwind|p1a: Drama\n|-sidestart|p1: nwjns999|move: Tailwind\n|move|p1b: Flowering|Mortal Spin|p2a: Klefki Lu|[spread] p2a\n|-activate|p2b: Ogerpon|move: Protect\n|-damage|p1b: Flowering|89\/100|[from] Spiky Shield|[of] p2b: Ogerpon\n|-resisted|p2a: Klefki Lu\n|-damage|p2a: Klefki Lu|99\/100\n|move|p2a: Klefki Lu|Whirlwind|p1b: Flowering\n|drag|p1b: FANCY|Flutter Mane, L50|100\/100\n|\n|-heal|p2a: Klefki Lu|100\/100|[from] item: Leftovers\n|upkeep\n|turn|2\n|\n|t:|1699962391\n|-terastallize|p1a: Drama|Flying\n|move|p1a: Drama|Acrobatics|p2b: Ogerpon\n|-supereffective|p2b: Ogerpon\n|-damage|p2b: Ogerpon|0 fnt\n|faint|p2b: Ogerpon\n|move|p1b: FANCY|Shadow Ball|p2a: Klefki Lu\n|-damage|p2a: Klefki Lu|67\/100\n|move|p2a: Klefki Lu|Body Press|p1a: Drama\n|-resisted|p1a: Drama\n|-damage|p1a: Drama|84\/100\n|\n|-heal|p2a: Klefki Lu|73\/100|[from] item: Leftovers\n|upkeep\n|\n|t:|1699962396\n|switch|p2b: Mimi \"Incen\" Rotom|Rotom-Wash, L50|100\/100\n|turn|3\n|\n|t:|1699962401\n|-end|p1b: FANCY|Protosynthesis|[silent]\n|switch|p1b: Flowering|Glimmora, L50, M, shiny|89\/100\n|move|p2a: Klefki Lu|Protect|p2a: Klefki Lu\n|-singleturn|p2a: Klefki Lu|Protect\n|move|p1a: Drama|Knock Off|p2a: Klefki Lu\n|-activate|p2a: Klefki Lu|move: Protect\n|move|p2b: Mimi \"Incen\" Rotom|Will-O-Wisp|p1a: Drama|[miss]\n|-miss|p2b: Mimi \"Incen\" Rotom|p1a: Drama\n|\n|-heal|p2a: Klefki Lu|79\/100|[from] item: Leftovers\n|upkeep\n|turn|4\n|\n|t:|1699962410\n|move|p1a: Drama|Knock Off|p2b: Mimi \"Incen\" Rotom\n|-damage|p2b: Mimi \"Incen\" Rotom|55\/100\n|-enditem|p2b: Mimi \"Incen\" Rotom|Sitrus Berry|[from] move: Knock Off|[of] p1a: Drama\n|move|p1b: Flowering|Earth Power|p2a: Klefki Lu\n|-supereffective|p2a: Klefki Lu\n|-damage|p2a: Klefki Lu|42\/100\n|-unboost|p2a: Klefki Lu|spd|1\n|move|p2b: Mimi \"Incen\" Rotom|Hydro Pump|p1b: Flowering\n|-supereffective|p1b: Flowering\n|-damage|p1b: Flowering|6\/100\n|move|p2a: Klefki Lu|Throat Chop|p1b: Flowering\n|-crit|p1b: Flowering\n|-damage|p1b: Flowering|0 fnt\n|-activate|p1b: Flowering|ability: Toxic Debris\n|-sidestart|p2: Tempest brute|move: Toxic Spikes\n|faint|p1b: Flowering\n|\n|-heal|p2a: Klefki Lu|48\/100|[from] item: Leftovers\n|-sideend|p1: nwjns999|move: Tailwind\n|upkeep\n|j| player1111\n|\n|t:|1699962420\n|switch|p1b: Queencard|Ogerpon-Hearthflame, L50, F|100\/100\n|-ability|p1b: Queencard|Mold Breaker\n|turn|5\n|j| Altkyle\n|\n|t:|1699962424\n|move|p2a: Klefki Lu|Protect|p2a: Klefki Lu\n|-singleturn|p2a: Klefki Lu|Protect\n|move|p1a: Drama|Acrobatics|p2a: Klefki Lu\n|-activate|p2a: Klefki Lu|move: Protect\n|move|p1b: Queencard|Horn Leech|p2b: Mimi \"Incen\" Rotom\n|-supereffective|p2b: Mimi \"Incen\" Rotom\n|-crit|p2b: Mimi \"Incen\" Rotom\n|-damage|p2b: Mimi \"Incen\" Rotom|0 fnt\n|faint|p2b: Mimi \"Incen\" Rotom\n|\n|-heal|p2a: Klefki Lu|54\/100|[from] item: Leftovers\n|upkeep\n|-message|Tempest brute forfeited.\n|\n|win|nwjns999\n|raw|nwjns999's rating: 1626 &rarr; <strong>1654<\/strong><br \/>(+28 for winning)\n|raw|Tempest brute's rating: 1773 &rarr; <strong>1745<\/strong><br \/>(-28 for losing)\n|l|\u2606Tempest brute\n","uploadtime":1699962460,"views":23,"p1id":"nwjns999","p2id":"tempestbrute","formatid":"gen9vgc2023regulatione","rating":1654,"private":0,"password":""}