{"id":"gen9vgc2023regulatione-1994955108","p1":"Goosie_911","p2":"bobforte22","format":"[Gen 9] VGC 2023 Regulation E","log":"|j|\u2606Goosie_911\n|j|\u2606bobforte22\n|t:|1700507836\n|gametype|doubles\n|player|p1|Goosie_911|101|1209\n|player|p2|bobforte22|pilot|1187\n|teamsize|p1|6\n|teamsize|p2|6\n|gen|9\n|tier|[Gen 9] VGC 2023 Regulation E\n|rated|\n|rule|Species Clause: Limit one of each Pok\u00e9mon\n|rule|Item Clause: Limit one of each item\n|clearpoke\n|poke|p1|Oranguru, L50, F|\n|poke|p1|Torkoal, L50, F|\n|poke|p1|Snorlax, L50, F|\n|poke|p1|Regidrago, L50|\n|poke|p1|Ceruledge, L50, F|\n|poke|p1|Arcanine, L50, F|\n|poke|p2|Wo-Chien, L50|\n|poke|p2|Dragapult, L50, M|\n|poke|p2|Ting-Lu, L50|\n|poke|p2|Flutter Mane, L50|\n|poke|p2|Arcanine-Hisui, L50, F|\n|poke|p2|Gyarados, L50, F|\n|teampreview|4\nGoosie_911 has agreed to open team sheets.\n|inactive|Battle timer is ON: inactive players will automatically lose when time's up. (requested by bobforte22)\n|\n|t:|1700507901\n|start\n|switch|p1a: Oranguru|Oranguru, L50, F|100\/100\n|switch|p1b: Torkoal|Torkoal, L50, F|100\/100\n|switch|p2a: Wo-Chien|Wo-Chien, L50|100\/100\n|switch|p2b: Dragapult|Dragapult, L50, M|100\/100\n|-ability|p2a: Wo-Chien|Tablets of Ruin\n|-weather|SunnyDay|[from] ability: Drought|[of] p1b: Torkoal\n|turn|1\n|inactive|bobforte22 has 30 seconds left.\n|\n|t:|1700507930\n|-terastallize|p2a: Wo-Chien|Fire\n|move|p2b: Dragapult|U-turn|p1a: Oranguru\n|-supereffective|p1a: Oranguru\n|-damage|p1a: Oranguru|68\/100\n|\n|t:|1700507935\n|switch|p2b: Arcanine|Arcanine-Hisui, L50, F|100\/100|[from] U-turn\n|-ability|p2b: Arcanine|Intimidate|boost\n|-unboost|p1a: Oranguru|atk|1\n|-unboost|p1b: Torkoal|atk|1\n|move|p2a: Wo-Chien|Leech Seed|p1b: Torkoal\n|-start|p1b: Torkoal|move: Leech Seed\n|move|p1b: Torkoal|Eruption|p2b: Arcanine|[spread] p2a,p2b\n|-resisted|p2a: Wo-Chien\n|-resisted|p2b: Arcanine\n|-damage|p2a: Wo-Chien|71\/100\n|-damage|p2b: Arcanine|77\/100\n|move|p1a: Oranguru|Trick Room|p1a: Oranguru\n|-fieldstart|move: Trick Room|[of] p1a: Oranguru\n|\n|-weather|SunnyDay|[upkeep]\n|-heal|p2a: Wo-Chien|78\/100|[from] item: Leftovers\n|-damage|p1b: Torkoal|88\/100|[from] Leech Seed|[of] p2a: Wo-Chien\n|-heal|p2a: Wo-Chien|89\/100|[silent]\n|upkeep\n|turn|2\n|\n|t:|1700507956\n|move|p1b: Torkoal|Eruption|p2b: Arcanine|[spread] p2a,p2b\n|-resisted|p2a: Wo-Chien\n|-resisted|p2b: Arcanine\n|-damage|p2a: Wo-Chien|66\/100\n|-damage|p2b: Arcanine|59\/100\n|move|p1a: Oranguru|Instruct|p1b: Torkoal\n|-singleturn|p1b: Torkoal|move: Instruct|[of] p1a: Oranguru\n|move|p1b: Torkoal|Eruption|p2b: Arcanine|[spread] p2a,p2b\n|-resisted|p2a: Wo-Chien\n|-resisted|p2b: Arcanine\n|-damage|p2a: Wo-Chien|41\/100\n|-damage|p2b: Arcanine|42\/100\n|move|p2a: Wo-Chien|Leech Seed|p1a: Oranguru\n|-start|p1a: Oranguru|move: Leech Seed\n|move|p2b: Arcanine|Rock Slide|p1b: Torkoal|[spread] p1a\n|-miss|p2b: Arcanine|p1b: Torkoal\n|-damage|p1a: Oranguru|37\/100\n|\n|-weather|SunnyDay|[upkeep]\n|-heal|p2a: Wo-Chien|47\/100|[from] item: Leftovers\n|-damage|p1b: Torkoal|76\/100|[from] Leech Seed|[of] p2a: Wo-Chien\n|-heal|p2a: Wo-Chien|58\/100|[silent]\n|-damage|p1a: Oranguru|25\/100|[from] Leech Seed|[of] p2a: Wo-Chien\n|-heal|p2a: Wo-Chien|71\/100|[silent]\n|upkeep\n|turn|3\n|inactive|bobforte22 has 30 seconds left.\n|c|\u2606Goosie_911|stop resisting\n|\n|t:|1700507988\n|switch|p2b: Dragapult|Dragapult, L50, M|100\/100\n|-terastallize|p1b: Torkoal|Water\n|move|p1b: Torkoal|Eruption|p2b: Dragapult|[spread] p2a,p2b\n|-resisted|p2a: Wo-Chien\n|-resisted|p2b: Dragapult\n|-damage|p2a: Wo-Chien|49\/100\n|-damage|p2b: Dragapult|59\/100\n|move|p1a: Oranguru|Instruct|p1b: Torkoal\n|-singleturn|p1b: Torkoal|move: Instruct|[of] p1a: Oranguru\n|move|p1b: Torkoal|Eruption|p2a: Wo-Chien|[spread] p2a,p2b\n|-resisted|p2a: Wo-Chien\n|-resisted|p2b: Dragapult\n|-damage|p2a: Wo-Chien|28\/100\n|-damage|p2b: Dragapult|22\/100\n|move|p2a: Wo-Chien|Ruination|p1b: Torkoal\n|-damage|p1b: Torkoal|38\/100\n|\n|-weather|SunnyDay|[upkeep]\n|-heal|p2a: Wo-Chien|34\/100|[from] item: Leftovers\n|-damage|p1b: Torkoal|26\/100|[from] Leech Seed|[of] p2a: Wo-Chien\n|-heal|p2a: Wo-Chien|46\/100|[silent]\n|-damage|p1a: Oranguru|13\/100|[from] Leech Seed|[of] p2a: Wo-Chien\n|-heal|p2a: Wo-Chien|58\/100|[silent]\n|upkeep\n|turn|4\n|inactive|Goosie_911 has 30 seconds left.\n|inactive|bobforte22 has 30 seconds left.\n|inactive|Goosie_911 has 20 seconds left.\n|inactive|Goosie_911 has 15 seconds left.\n|c|\u2606bobforte22|Lol\n|inactive|Goosie_911 has 10 seconds left.\n|c|\u2606bobforte22|Never\n|\n|t:|1700508035\n|move|p2a: Wo-Chien|Protect|p2a: Wo-Chien\n|-singleturn|p2a: Wo-Chien|Protect\n|move|p2b: Dragapult|Protect|p2b: Dragapult\n|-singleturn|p2b: Dragapult|Protect\n|move|p1b: Torkoal|Eruption|p2b: Dragapult|[spread] \n|-activate|p2a: Wo-Chien|move: Protect\n|-activate|p2b: Dragapult|move: Protect\n|move|p1a: Oranguru|Instruct|p1b: Torkoal\n|-singleturn|p1b: Torkoal|move: Instruct|[of] p1a: Oranguru\n|move|p1b: Torkoal|Eruption|p2b: Dragapult|[spread] \n|-activate|p2a: Wo-Chien|move: Protect\n|-activate|p2b: Dragapult|move: Protect\n|\n|-weather|SunnyDay|[upkeep]\n|-heal|p2a: Wo-Chien|65\/100|[from] item: Leftovers\n|-damage|p1b: Torkoal|13\/100|[from] Leech Seed|[of] p2a: Wo-Chien\n|-heal|p2a: Wo-Chien|76\/100|[silent]\n|-damage|p1a: Oranguru|0 fnt|[from] Leech Seed|[of] p2a: Wo-Chien\n|-heal|p2a: Wo-Chien|89\/100|[silent]\n|faint|p1a: Oranguru\n|upkeep\n|\n|t:|1700508044\n|switch|p1a: Regidrago|Regidrago, L50|100\/100\n|turn|5\n|-message|Goosie_911 forfeited.\n|\n|win|bobforte22\n|raw|Goosie_911's rating: 1209 &rarr; <strong>1182<\/strong><br \/>(-27 for losing)\n|raw|bobforte22's rating: 1187 &rarr; <strong>1214<\/strong><br \/>(+27 for winning)\n|l|\u2606Goosie_911\n","uploadtime":1700508067,"views":20,"p1id":"goosie911","p2id":"bobforte22","formatid":"gen9vgc2023regulatione","rating":1182,"private":0,"password":""}