{"id":"gen9vgc2023regulatione-1993250290","p1":"mx555","p2":"testhyp","format":"[Gen 9] VGC 2023 Regulation E","log":"|j|\u2606mx555\n|j|\u2606testhyp\n|t:|1700284248\n|gametype|doubles\n|player|p1|mx555|hilda|1332\n|player|p2|testhyp|bugcatcher-gen4dp|1385\n|teamsize|p1|6\n|teamsize|p2|6\n|gen|9\n|tier|[Gen 9] VGC 2023 Regulation E\n|rated|\n|rule|Species Clause: Limit one of each Pok\u00e9mon\n|rule|Item Clause: Limit one of each item\n|clearpoke\n|poke|p1|Pelipper, L50, F|\n|poke|p1|Urshifu-*, L50, F|\n|poke|p1|Enamorus-Therian, L50, F|\n|poke|p1|Basculegion, L50, M|\n|poke|p1|Indeedee-F, L50, F|\n|poke|p1|Tornadus, L50, M|\n|poke|p2|Snorlax, L50, M|\n|poke|p2|Flutter Mane, L50|\n|poke|p2|Zapdos, L50|\n|poke|p2|Rillaboom, L50, M|\n|poke|p2|Heatran, L50, F|\n|poke|p2|Ogerpon-Wellspring, L50, F|\n|teampreview|4\n|inactive|Battle timer is ON: inactive players will automatically lose when time's up. (requested by mx555)\n|\n|t:|1700284315\n|start\n|switch|p1a: Urshifu|Urshifu-Rapid-Strike, L50, F|100\/100\n|switch|p1b: Indeedee|Indeedee-F, L50, F|100\/100\n|switch|p2a: Zapdos|Zapdos, L50|100\/100\n|switch|p2b: Flutter Mane|Flutter Mane, L50|100\/100\n|-fieldstart|move: Psychic Terrain|[from] ability: Psychic Surge|[of] p1b: Indeedee\n|-enditem|p1b: Indeedee|Psychic Seed\n|-boost|p1b: Indeedee|spd|1|[from] item: Psychic Seed\n|turn|1\n|inactive|testhyp has 30 seconds left.\n|\n|t:|1700284348\n|-end|p2b: Flutter Mane|Protosynthesis|[silent]\n|switch|p2b: Ogerpon|Ogerpon-Wellspring, L50, F|100\/100\n|move|p1a: Urshifu|Surging Strikes|p2b: Ogerpon\n|-immune|p2b: Ogerpon|[from] ability: Water Absorb\n|move|p2a: Zapdos|Thunderbolt|p1a: Urshifu\n|-supereffective|p1a: Urshifu\n|-damage|p1a: Urshifu|0 fnt\n|faint|p1a: Urshifu\n|move|p1b: Indeedee|Trick Room|p1b: Indeedee\n|-fieldstart|move: Trick Room|[of] p1b: Indeedee\n|\n|upkeep\n|\n|t:|1700284352\n|switch|p1a: Enamorus|Enamorus-Therian, L50, F|100\/100\n|turn|2\n|inactive|testhyp has 30 seconds left.\n|inactive|testhyp has 20 seconds left.\n|inactive|testhyp has 15 seconds left.\n|\n|t:|1700284395\n|-terastallize|p1a: Enamorus|Fairy\n|move|p2b: Ogerpon|Spiky Shield|p2b: Ogerpon\n|-singleturn|p2b: Ogerpon|move: Protect\n|move|p1b: Indeedee|Follow Me|p1b: Indeedee\n|-singleturn|p1b: Indeedee|move: Follow Me\n|move|p1a: Enamorus|Springtide Storm|p2b: Ogerpon|[spread] p2a\n|-activate|p2b: Ogerpon|move: Protect\n|-damage|p2a: Zapdos|18\/100\n|-enditem|p2a: Zapdos|Sitrus Berry|[eat]\n|-heal|p2a: Zapdos|43\/100|[from] item: Sitrus Berry\n|move|p2a: Zapdos|Thunderbolt|p1b: Indeedee\n|-damage|p1b: Indeedee|73\/100\n|\n|upkeep\n|turn|3\n|inactive|testhyp has 30 seconds left.\n|inactive|testhyp has 20 seconds left.\n|\n|t:|1700284432\n|move|p1b: Indeedee|Helping Hand|p1a: Enamorus\n|-singleturn|p1a: Enamorus|Helping Hand|[of] p1b: Indeedee\n|move|p1a: Enamorus|Springtide Storm|p2a: Zapdos|[spread] p2a,p2b\n|-damage|p2a: Zapdos|0 fnt\n|-damage|p2b: Ogerpon|0 fnt\n|faint|p2a: Zapdos\n|faint|p2b: Ogerpon\n|\n|upkeep\n|\n|t:|1700284440\n|switch|p2a: Flutter Mane|Flutter Mane, L50|100\/100\n|switch|p2b: Snorlax|Snorlax, L50, M, shiny|100\/100\n|turn|4\n|inactive|testhyp has 30 seconds left.\n|inactive|testhyp has 20 seconds left.\n|inactive|testhyp has 15 seconds left.\n|\n|t:|1700284484\n|move|p2a: Flutter Mane|Protect|p2a: Flutter Mane\n|-singleturn|p2a: Flutter Mane|Protect\n|move|p1a: Enamorus|Springtide Storm|p2a: Flutter Mane|[spread] p2b\n|-activate|p2a: Flutter Mane|move: Protect\n|-damage|p2b: Snorlax|49\/100\n|move|p2b: Snorlax|Body Slam|p1a: Enamorus\n|-damage|p1a: Enamorus|69\/100\n|-status|p1a: Enamorus|par\n|move|p1b: Indeedee|Dazzling Gleam|p2b: Snorlax|[spread] p2b\n|-activate|p2a: Flutter Mane|move: Protect\n|-damage|p2b: Snorlax|40\/100\n|\n|-heal|p2b: Snorlax|47\/100|[from] item: Leftovers\n|upkeep\n|turn|5\n|inactive|testhyp has 30 seconds left.\n|inactive|testhyp has 20 seconds left.\n|inactive|testhyp has 15 seconds left.\n|c|\u2606testhyp|!data springtide storm\n|raw|<ul class=\"utilichart\"><li class=\"result\"><span class=\"col movenamecol\"><a href=\"https:\/\/dex.pokemonshowdown.com\/moves\/springtidestorm\">Springtide Storm<\/a><\/span> <span class=\"col typecol\"><img src=\"\/\/play.pokemonshowdown.com\/sprites\/types\/Fairy.png\" alt=\"Fairy\" width=\"32\" height=\"14\"><img src=\"\/\/play.pokemonshowdown.com\/sprites\/categories\/Special.png\" alt=\"Special\" width=\"32\" height=\"14\"><\/span> <span class=\"col labelcol\"><em>Power<\/em><br>100<\/span> <span class=\"col widelabelcol\"><em>Accuracy<\/em><br>80%<\/span> <span class=\"col pplabelcol\"><em>PP<\/em><br>8<\/span> <span class=\"col movedesccol\">30% chance to lower the foe(s) Attack by 1.<\/span> <\/li><li style=\"clear:both\"><\/li><\/ul>\n\n|inactive|testhyp has 10 seconds left.\n|\n|t:|1700284529\n|move|p1a: Enamorus|Springtide Storm|p2b: Snorlax|[spread] p2a,p2b\n|-crit|p2b: Snorlax\n|-damage|p2a: Flutter Mane|17\/100\n|-damage|p2b: Snorlax|0 fnt\n|-unboost|p2a: Flutter Mane|atk|1\n|faint|p2b: Snorlax\n|move|p1b: Indeedee|Dazzling Gleam|p2a: Flutter Mane\n|-damage|p2a: Flutter Mane|2\/100\n|move|p2a: Flutter Mane|Dazzling Gleam|p1b: Indeedee|[spread] p1a,p1b\n|-damage|p1a: Enamorus|36\/100 par\n|-damage|p1b: Indeedee|49\/100\n|\n|-fieldend|move: Trick Room\n|-fieldend|move: Psychic Terrain\n|upkeep\n|turn|6\n|\n|t:|1700284544\n|-terastallize|p2a: Flutter Mane|Fairy\n|move|p2a: Flutter Mane|Dazzling Gleam|p1b: Indeedee|[spread] p1a,p1b\n|-damage|p1a: Enamorus|0 fnt\n|-damage|p1b: Indeedee|20\/100\n|faint|p1a: Enamorus\n|move|p1b: Indeedee|Dazzling Gleam|p2a: Flutter Mane\n|-damage|p2a: Flutter Mane|0 fnt\n|faint|p2a: Flutter Mane\n|-end|p2a: Flutter Mane|Protosynthesis|[silent]\n|\n|win|mx555\n|raw|mx555's rating: 1332 &rarr; <strong>1355<\/strong><br \/>(+23 for winning)\n|raw|testhyp's rating: 1385 &rarr; <strong>1362<\/strong><br \/>(-23 for losing)\n","uploadtime":1700284552,"views":19,"p1id":"mx555","p2id":"testhyp","formatid":"gen9vgc2023regulatione","rating":1355,"private":0,"password":""}