{"id":"gen9vgc2023regulatione-1995471007","p1":"Holibrand","p2":"Demonsea","format":"[Gen 9] VGC 2023 Regulation E","log":"|j|\u2606Holibrand\n|j|\u2606Demonsea\n|t:|1700574483\n|gametype|doubles\n|player|p1|Holibrand|pokemonbreeder-gen4|1186\n|player|p2|Demonsea|marlon|1253\n|teamsize|p1|6\n|teamsize|p2|6\n|gen|9\n|tier|[Gen 9] VGC 2023 Regulation E\n|rated|\n|rule|Species Clause: Limit one of each Pok\u00e9mon\n|rule|Item Clause: Limit one of each item\n|clearpoke\n|poke|p1|Urshifu-*, L50, F|\n|poke|p1|Regieleki, L50|\n|poke|p1|Gholdengo, L50|\n|poke|p1|Landorus-Therian, L50, M|\n|poke|p1|Rillaboom, L50, M|\n|poke|p1|Chi-Yu, L50|\n|poke|p2|Fezandipiti, L50, M|\n|poke|p2|Tornadus, L50, M|\n|poke|p2|Flutter Mane, L50|\n|poke|p2|Ogerpon-Wellspring, L50, F|\n|poke|p2|Dragonite, L50, M|\n|poke|p2|Iron Hands, L50|\n|teampreview|4\n|inactive|Battle timer is ON: inactive players will automatically lose when time's up. (requested by Holibrand)\n|inactive|Holibrand has 60 seconds left.\n|inactive|Demonsea has 60 seconds left.\n|\n|t:|1700574541\n|start\n|switch|p1a: Rillaboom|Rillaboom, L50, M, shiny|100\/100\n|switch|p1b: Gholdengo|Gholdengo, L50|100\/100\n|switch|p2a: Tornadus|Tornadus, L50, M|100\/100\n|switch|p2b: Dragonite|Dragonite, L50, M|100\/100\n|-fieldstart|move: Grassy Terrain|[from] ability: Grassy Surge|[of] p1a: Rillaboom\n|turn|1\n|inactive|Demonsea has 30 seconds left.\n|\n|t:|1700574574\n|move|p2a: Tornadus|Protect|p2a: Tornadus\n|-singleturn|p2a: Tornadus|Protect\n|move|p1b: Gholdengo|Shadow Ball|p2b: Dragonite\n|-damage|p2b: Dragonite|54\/100\n|move|p1a: Rillaboom|Knock Off|p2b: Dragonite\n|-damage|p2b: Dragonite|16\/100\n|-enditem|p2b: Dragonite|Focus Sash|[from] move: Knock Off|[of] p1a: Rillaboom\n|move|p2b: Dragonite|Ice Spinner|p1a: Rillaboom\n|-supereffective|p1a: Rillaboom\n|-damage|p1a: Rillaboom|37\/100\n|-fieldend|move: Grassy Terrain\n|\n|upkeep\n|turn|2\n|inactive|Holibrand has 30 seconds left.\n|inactive|Demonsea has 30 seconds left.\n|inactive|Demonsea has 20 seconds left.\n|inactive|Demonsea has 15 seconds left.\n|\n|t:|1700574615\n|switch|p1a: Chi-Yu|Chi-Yu, L50|100\/100\n|-ability|p1a: Chi-Yu|Beads of Ruin\n|switch|p2b: Iron Hands|Iron Hands, L50|100\/100\n|-terastallize|p2a: Tornadus|Fire\n|move|p2a: Tornadus|Heat Wave|p1a: Chi-Yu|[spread] p1b\n|-miss|p2a: Tornadus|p1a: Chi-Yu\n|-supereffective|p1b: Gholdengo\n|-damage|p1b: Gholdengo|0 fnt\n|faint|p1b: Gholdengo\n|\n|upkeep\n|\n|t:|1700574633\n|switch|p1b: Rillaboom|Rillaboom, L50, M, shiny|37\/100\n|-fieldstart|move: Grassy Terrain|[from] ability: Grassy Surge|[of] p1b: Rillaboom\n|turn|3\n|\n|t:|1700574652\n|move|p1b: Rillaboom|Fake Out|p2b: Iron Hands\n|-damage|p2b: Iron Hands|89\/100\n|move|p2a: Tornadus|Heat Wave|p1a: Chi-Yu|[spread] p1a,p1b\n|-resisted|p1a: Chi-Yu\n|-supereffective|p1b: Rillaboom\n|-damage|p1a: Chi-Yu|83\/100\n|-damage|p1b: Rillaboom|0 fnt\n|faint|p1b: Rillaboom\n|move|p1a: Chi-Yu|Nasty Plot|p1a: Chi-Yu\n|-boost|p1a: Chi-Yu|spa|2\n|cant|p2b: Iron Hands|flinch\n|\n|-heal|p1a: Chi-Yu|89\/100|[from] Grassy Terrain\n|-heal|p2b: Iron Hands|95\/100|[from] Grassy Terrain\n|upkeep\n|\n|t:|1700574659\n|switch|p1b: Landorus|Landorus-Therian, L50, M|100\/100\n|-ability|p1b: Landorus|Intimidate|boost\n|-unboost|p2a: Tornadus|atk|1\n|-unboost|p2b: Iron Hands|atk|1\n|turn|4\n|\n|t:|1700574681\n|-end|p2b: Iron Hands|Quark Drive|[silent]\n|switch|p2b: Ogerpon|Ogerpon-Wellspring, L50, F|100\/100\n|move|p2a: Tornadus|Bleakwind Storm|p1a: Chi-Yu|[spread] p1a,p1b\n|-damage|p1a: Chi-Yu|50\/100\n|-damage|p1b: Landorus|42\/100\n|-enditem|p1b: Landorus|Sitrus Berry|[eat]\n|-heal|p1b: Landorus|67\/100|[from] item: Sitrus Berry\n|move|p1b: Landorus|Stomping Tantrum|p2a: Tornadus\n|-supereffective|p2a: Tornadus\n|-damage|p2a: Tornadus|0 fnt\n|faint|p2a: Tornadus\n|move|p1a: Chi-Yu|Heat Wave|p2b: Ogerpon\n|-damage|p2b: Ogerpon|0 fnt\n|faint|p2b: Ogerpon\n|\n|-heal|p1a: Chi-Yu|56\/100|[from] Grassy Terrain\n|upkeep\n|\n|t:|1700574697\n|switch|p2a: Iron Hands|Iron Hands, L50|95\/100\n|switch|p2b: Dragonite|Dragonite, L50, M|16\/100\n|turn|5\n|\n|t:|1700574717\n|move|p1a: Chi-Yu|Protect|p1a: Chi-Yu\n|-singleturn|p1a: Chi-Yu|Protect\n|move|p2b: Dragonite|Extreme Speed|p1a: Chi-Yu\n|-activate|p1a: Chi-Yu|move: Protect\n|move|p1b: Landorus|Rock Slide|p2a: Iron Hands|[spread] p2a,p2b\n|-resisted|p2a: Iron Hands\n|-supereffective|p2b: Dragonite\n|-damage|p2a: Iron Hands|87\/100\n|-damage|p2b: Dragonite|0 fnt\n|faint|p2b: Dragonite\n|move|p2a: Iron Hands|Drain Punch|p1b: Landorus\n|-resisted|p1b: Landorus\n|-damage|p1b: Landorus|42\/100\n|-heal|p2a: Iron Hands|96\/100|[from] drain|[of] p1b: Landorus\n|\n|-heal|p1a: Chi-Yu|62\/100|[from] Grassy Terrain\n|-heal|p2a: Iron Hands|100\/100|[from] Grassy Terrain\n|upkeep\n|turn|6\n|\n|t:|1700574741\n|move|p1b: Landorus|Stomping Tantrum|p2a: Iron Hands\n|-supereffective|p2a: Iron Hands\n|-damage|p2a: Iron Hands|38\/100\n|move|p1a: Chi-Yu|Heat Wave|p2a: Iron Hands\n|-damage|p2a: Iron Hands|0 fnt\n|faint|p2a: Iron Hands\n|-end|p2a: Iron Hands|Quark Drive|[silent]\n|\n|win|Holibrand\n|raw|Holibrand's rating: 1186 &rarr; <strong>1216<\/strong><br \/>(+30 for winning)\n|raw|Demonsea's rating: 1253 &rarr; <strong>1223<\/strong><br \/>(-30 for losing)\n|l|\u2606Demonsea\n","uploadtime":1700574859,"views":9,"p1id":"holibrand","p2id":"demonsea","formatid":"gen9vgc2023regulatione","rating":1216,"private":0,"password":""}