{"id":"gen9vgc2023regulatione-1989139959","p1":"wolfey evvey","p2":"yeetthe pokemon","format":"[Gen 9] VGC 2023 Regulation E","log":"|j|\u2606wolfey evvey\n|j|\u2606yeetthe pokemon\n|t:|1699816501\n|gametype|doubles\n|player|p1|wolfey evvey|lance|1000\n|player|p2|yeetthe pokemon|266|1048\n|teamsize|p1|6\n|teamsize|p2|6\n|gen|9\n|tier|[Gen 9] VGC 2023 Regulation E\n|rated|\n|rule|Species Clause: Limit one of each Pok\u00e9mon\n|rule|Item Clause: Limit one of each item\n|clearpoke\n|poke|p1|Garchomp, L50, M|\n|poke|p1|Chien-Pao, L50|\n|poke|p1|Arcanine-Hisui, L50, M|\n|poke|p1|Hippowdon, L50, F|\n|poke|p1|Goodra, L50, F|\n|poke|p1|Farigiraf, L50, M|\n|poke|p2|Tornadus, L50, M|\n|poke|p2|Arcanine-Hisui, L50, M|\n|poke|p2|Iron Hands, L50|\n|poke|p2|Gholdengo, L50|\n|poke|p2|Urshifu-*, L50, M|\n|poke|p2|Ogerpon-Wellspring, L50, F|\n|teampreview|4\n|inactive|Battle timer is ON: inactive players will automatically lose when time's up. (requested by yeetthe pokemon)\n|\n|t:|1699816514\n|start\n|switch|p1a: Hippowdon|Hippowdon, L50, F, shiny|100\/100\n|switch|p1b: raging surf|Garchomp, L50, M, shiny|100\/100\n|switch|p2a: Tornadus|Tornadus, L50, M|100\/100\n|switch|p2b: Arcanine|Arcanine-Hisui, L50, M|100\/100\n|-weather|Sandstorm|[from] ability: Sand Stream|[of] p1a: Hippowdon\n|turn|1\n|\n|t:|1699816532\n|-terastallize|p1b: raging surf|Water\n|-terastallize|p2b: Arcanine|Fairy\n|move|p2a: Tornadus|Tailwind|p2a: Tornadus\n|-sidestart|p2: yeetthe pokemon|move: Tailwind\n|move|p2b: Arcanine|Tera Blast|p1b: raging surf|[anim] Tera Blast Fairy\n|-damage|p1b: raging surf|44\/100\n|move|p1b: raging surf|Liquidation|p2b: Arcanine\n|-damage|p2b: Arcanine|52\/100\n|-unboost|p2b: Arcanine|def|1\n|move|p1a: Hippowdon|Yawn|p2a: Tornadus\n|-start|p2a: Tornadus|move: Yawn|[of] p1a: Hippowdon\n|\n|-weather|Sandstorm|[upkeep]\n|-damage|p2a: Tornadus|95\/100|[from] Sandstorm\n|-damage|p2b: Arcanine|46\/100|[from] Sandstorm\n|upkeep\n|turn|2\n|\n|t:|1699816555\n|switch|p1b: Arcanine|Arcanine-Hisui, L50, M, shiny|100\/100\n|move|p2a: Tornadus|Rain Dance|p2a: Tornadus\n|-weather|RainDance\n|move|p2b: Arcanine|Tera Blast|p1b: Arcanine|[anim] Tera Blast Fairy\n|-resisted|p1b: Arcanine\n|-damage|p1b: Arcanine|68\/100\n|move|p1a: Hippowdon|Heavy Slam|p2b: Arcanine\n|-supereffective|p2b: Arcanine\n|-damage|p2b: Arcanine|6\/100\n|\n|-weather|RainDance|[upkeep]\n|-end|p2a: Tornadus|move: Yawn|[silent]\n|-status|p2a: Tornadus|slp\n|upkeep\n|turn|3\n|\n|t:|1699816570\n|switch|p2b: Iron Hands|Iron Hands, L50|100\/100\n|switch|p1a: raging surf|Garchomp, L50, M, shiny, tera:Water|44\/100\n|move|p1b: Arcanine|Extreme Speed|p2b: Iron Hands\n|-damage|p2b: Iron Hands|72\/100\n|cant|p2a: Tornadus|slp\n|\n|-weather|RainDance|[upkeep]\n|upkeep\n|turn|4\n|\n|t:|1699816592\n|switch|p1a: Hippowdon|Hippowdon, L50, F, shiny|100\/100\n|-weather|Sandstorm|[from] ability: Sand Stream|[of] p1a: Hippowdon\n|switch|p1b: Chien-Pao|Chien-Pao, L50|100\/100\n|-ability|p1b: Chien-Pao|Sword of Ruin\n|move|p2b: Iron Hands|Fake Out|p1b: Chien-Pao\n|-damage|p1b: Chien-Pao|79\/100\n|cant|p2a: Tornadus|slp\n|\n|-weather|Sandstorm|[upkeep]\n|-damage|p2a: Tornadus|89\/100 slp|[from] Sandstorm\n|-damage|p1b: Chien-Pao|73\/100|[from] Sandstorm\n|-damage|p2b: Iron Hands|66\/100|[from] Sandstorm\n|-sideend|p2: yeetthe pokemon|move: Tailwind\n|upkeep\n|turn|5\n|inactive|wolfey evvey has 30 seconds left.\n|\n|t:|1699816621\n|switch|p1b: Arcanine|Arcanine-Hisui, L50, M, shiny|68\/100\n|-curestatus|p2a: Tornadus|slp|[msg]\n|move|p2a: Tornadus|Tailwind|p2a: Tornadus\n|-sidestart|p2: yeetthe pokemon|move: Tailwind\n|move|p2b: Iron Hands|Heavy Slam|p1b: Arcanine\n|-damage|p1b: Arcanine|44\/100\n|move|p1a: Hippowdon|Slack Off||[still]\n|-fail|p1a: Hippowdon|heal\n|\n|-weather|Sandstorm|[upkeep]\n|-damage|p2a: Tornadus|83\/100|[from] Sandstorm\n|-damage|p2b: Iron Hands|59\/100|[from] Sandstorm\n|upkeep\n|turn|6\n|\n|t:|1699816640\n|move|p2a: Tornadus|Rain Dance|p2a: Tornadus\n|-weather|RainDance\n|move|p2b: Iron Hands|Drain Punch|p1b: Arcanine\n|-supereffective|p1b: Arcanine\n|-damage|p1b: Arcanine|0 fnt\n|-heal|p2b: Iron Hands|78\/100|[from] drain|[of] p1b: Arcanine\n|faint|p1b: Arcanine\n|move|p1a: Hippowdon|Yawn|p2a: Tornadus\n|-start|p2a: Tornadus|move: Yawn|[of] p1a: Hippowdon\n|\n|-weather|RainDance|[upkeep]\n|upkeep\n|\n|t:|1699816649\n|switch|p1b: raging surf|Garchomp, L50, M, shiny, tera:Water|44\/100\n|turn|7\n|\n|t:|1699816665\n|switch|p2a: Urshifu|Urshifu-Rapid-Strike, L50, M|100\/100\n|move|p1b: raging surf|Rock Slide|p2a: Urshifu|[spread] p2a,p2b\n|-resisted|p2a: Urshifu\n|-resisted|p2b: Iron Hands\n|-damage|p2a: Urshifu|91\/100\n|-damage|p2b: Iron Hands|71\/100\n|move|p2b: Iron Hands|Wild Charge|p1b: raging surf\n|-supereffective|p1b: raging surf\n|-damage|p1b: raging surf|0 fnt\n|faint|p1b: raging surf\n|-damage|p2b: Iron Hands|63\/100|[from] Recoil\n|move|p1a: Hippowdon|Yawn|p2b: Iron Hands\n|-start|p2b: Iron Hands|move: Yawn|[of] p1a: Hippowdon\n|\n|-weather|RainDance|[upkeep]\n|upkeep\n|\n|t:|1699816681\n|switch|p1b: Chien-Pao|Chien-Pao, L50|73\/100\n|-ability|p1b: Chien-Pao|Sword of Ruin\n|turn|8\n|\n|t:|1699816699\n|move|p1b: Chien-Pao|Sucker Punch|p2a: Urshifu\n|-resisted|p2a: Urshifu\n|-damage|p2a: Urshifu|70\/100\n|move|p2a: Urshifu|Surging Strikes|p1a: Hippowdon\n|-supereffective|p1a: Hippowdon\n|-crit|p1a: Hippowdon\n|-damage|p1a: Hippowdon|49\/100\n|-supereffective|p1a: Hippowdon\n|-crit|p1a: Hippowdon\n|-damage|p1a: Hippowdon|0 fnt\n|faint|p1a: Hippowdon\n|-hitcount|p1: Hippowdon|2\n|move|p2b: Iron Hands|Drain Punch|p1b: Chien-Pao\n|-supereffective|p1b: Chien-Pao\n|-damage|p1b: Chien-Pao|0 fnt\n|-heal|p2b: Iron Hands|86\/100|[from] drain|[of] p1b: Chien-Pao\n|faint|p1b: Chien-Pao\n|\n|win|yeetthe pokemon\n|raw|wolfey evvey's rating: 1000 &rarr; <strong>1000<\/strong><br \/>(+0 for losing)\n|raw|yeetthe pokemon's rating: 1048 &rarr; <strong>1076<\/strong><br \/>(+28 for winning)\n|l|\u2606wolfey evvey\n","uploadtime":1699816712,"views":23,"p1id":"wolfeyevvey","p2id":"yeetthepokemon","formatid":"gen9vgc2023regulatione","rating":1000,"private":0,"password":""}