{"id":"gen9vgc2023regulatione-1994258007","p1":"karamine","p2":"Senpai_1987","format":"[Gen 9] VGC 2023 Regulation E","log":"|j|\u2606karamine\n|j|\u2606Senpai_1987\n|t:|1700424265\n|gametype|doubles\n|player|p1|karamine|cynthia|1149\n|player|p2|Senpai_1987|hexmaniac-gen6|1221\n|teamsize|p1|6\n|teamsize|p2|6\n|gen|9\n|tier|[Gen 9] VGC 2023 Regulation E\n|rated|\n|rule|Species Clause: Limit one of each Pok\u00e9mon\n|rule|Item Clause: Limit one of each item\n|clearpoke\n|poke|p1|Tornadus, L50, M|\n|poke|p1|Ogerpon-Hearthflame, L50, F|\n|poke|p1|Flutter Mane, L50|\n|poke|p1|Urshifu-*, L50, F|\n|poke|p1|Amoonguss, L50, F|\n|poke|p1|Roaring Moon, L50|\n|poke|p2|Chien-Pao, L50|\n|poke|p2|Iron Hands, L50|\n|poke|p2|Flutter Mane, L50|\n|poke|p2|Sinistcha-Masterpiece, L50|\n|poke|p2|Heatran, L50, M|\n|poke|p2|Landorus-Therian, L50, M|\n|teampreview|4\n|\n|t:|1700424305\n|start\n|switch|p1a: Tornadus|Tornadus, L50, M, shiny|100\/100\n|switch|p1b: Urshifu|Urshifu, L50, F|100\/100\n|switch|p2a: Iron Hands|Iron Hands, L50|100\/100\n|switch|p2b: Landorus|Landorus-Therian, L50, M|100\/100\n|-ability|p2b: Landorus|Intimidate|boost\n|-unboost|p1a: Tornadus|atk|1\n|-unboost|p1b: Urshifu|atk|1\n|turn|1\n|\n|t:|1700424351\n|-terastallize|p2b: Landorus|Flying\n|move|p1a: Tornadus|Tailwind|p1a: Tornadus\n|-sidestart|p1: karamine|move: Tailwind\n|move|p1b: Urshifu|Wicked Blow|p2b: Landorus\n|-crit|p2b: Landorus\n|-damage|p2b: Landorus|25\/100\n|move|p2b: Landorus|Tera Blast|p1b: Urshifu|[anim] Tera Blast Flying\n|-supereffective|p1b: Urshifu\n|-damage|p1b: Urshifu|0 fnt\n|faint|p1b: Urshifu\n|move|p2a: Iron Hands|Wild Charge|p1a: Tornadus\n|-supereffective|p1a: Tornadus\n|-damage|p1a: Tornadus|0 fnt\n|faint|p1a: Tornadus\n|-damage|p2a: Iron Hands|86\/100|[from] Recoil\n|\n|upkeep\n|\n|t:|1700424369\n|switch|p1a: Roaring Moon|Roaring Moon, L50|100\/100\n|switch|p1b: Ogerpon|Ogerpon-Hearthflame, L50, F|100\/100\n|-ability|p1b: Ogerpon|Mold Breaker\n|-enditem|p1a: Roaring Moon|Booster Energy\n|-activate|p1a: Roaring Moon|ability: Protosynthesis|[fromitem]\n|-start|p1a: Roaring Moon|protosynthesisatk\n|turn|2\n|\n|t:|1700424389\n|switch|p2b: Sinistcha|Sinistcha-Masterpiece, L50|100\/100\n|-heal|p2a: Iron Hands|100\/100|[from] ability: Hospitality|[of] p2b: Sinistcha\n|-terastallize|p1a: Roaring Moon|Flying\n|move|p1b: Ogerpon|Spiky Shield|p1b: Ogerpon\n|-singleturn|p1b: Ogerpon|move: Protect\n|move|p1a: Roaring Moon|Acrobatics|p2a: Iron Hands\n|-damage|p2a: Iron Hands|45\/100\n|move|p2a: Iron Hands|Drain Punch|p1a: Roaring Moon\n|-resisted|p1a: Roaring Moon\n|-damage|p1a: Roaring Moon|72\/100\n|-heal|p2a: Iron Hands|55\/100|[from] drain|[of] p1a: Roaring Moon\n|\n|upkeep\n|turn|3\n|\n|t:|1700424419\n|-end|p2a: Iron Hands|Quark Drive|[silent]\n|switch|p2a: Landorus|Landorus-Therian, L50, M, tera:Flying|25\/100\n|-ability|p2a: Landorus|Intimidate|boost\n|-unboost|p1a: Roaring Moon|atk|1\n|-unboost|p1b: Ogerpon|atk|1\n|move|p1a: Roaring Moon|Acrobatics|p2a: Landorus\n|-damage|p2a: Landorus|0 fnt\n|faint|p2a: Landorus\n|move|p1b: Ogerpon|Ivy Cudgel|p2b: Sinistcha|[anim] Ivy Cudgel Fire\n|-supereffective|p2b: Sinistcha\n|-damage|p2b: Sinistcha|43\/100\n|-enditem|p2b: Sinistcha|Sitrus Berry|[eat]\n|-heal|p2b: Sinistcha|68\/100|[from] item: Sitrus Berry\n|move|p2b: Sinistcha|Strength Sap|p1b: Ogerpon\n|-unboost|p1b: Ogerpon|atk|1\n|-heal|p2b: Sinistcha|100\/100\n|\n|upkeep\n|\n|t:|1700424437\n|switch|p2a: Heatran|Heatran, L50, M|100\/100\n|turn|4\n|\n|t:|1700424448\n|move|p1a: Roaring Moon|Acrobatics|p2b: Sinistcha\n|-supereffective|p2b: Sinistcha\n|-damage|p2b: Sinistcha|18\/100\n|move|p1b: Ogerpon|Ivy Cudgel|p2b: Sinistcha|[anim] Ivy Cudgel Fire\n|-supereffective|p2b: Sinistcha\n|-damage|p2b: Sinistcha|0 fnt\n|faint|p2b: Sinistcha\n|move|p2a: Heatran|Heat Wave|p1a: Roaring Moon|[spread] p1a,p1b\n|-damage|p1a: Roaring Moon|33\/100\n|-damage|p1b: Ogerpon|50\/100\n|\n|-sideend|p1: karamine|move: Tailwind\n|upkeep\n|\n|t:|1700424460\n|switch|p2b: Iron Hands|Iron Hands, L50|55\/100\n|turn|5\n|\n|t:|1700424466\n|move|p1b: Ogerpon|Spiky Shield|p1b: Ogerpon\n|-singleturn|p1b: Ogerpon|move: Protect\n|move|p2b: Iron Hands|Fake Out|p1a: Roaring Moon\n|-damage|p1a: Roaring Moon|9\/100\n|cant|p1a: Roaring Moon|flinch\n|move|p2a: Heatran|Heat Wave|p1b: Ogerpon|[spread] p1a\n|-activate|p1b: Ogerpon|move: Protect\n|-damage|p1a: Roaring Moon|0 fnt\n|faint|p1a: Roaring Moon\n|-end|p1a: Roaring Moon|Protosynthesis|[silent]\n|\n|upkeep\n|turn|6\n|\n|t:|1700424482\n|move|p1b: Ogerpon|Brick Break|p2a: Heatran\n|-supereffective|p2a: Heatran\n|-damage|p2a: Heatran|71\/100\n|move|p2a: Heatran|Heat Wave|p1b: Ogerpon\n|-damage|p1b: Ogerpon|0 fnt\n|faint|p1b: Ogerpon\n|\n|win|Senpai_1987\n|raw|karamine's rating: 1149 &rarr; <strong>1129<\/strong><br \/>(-20 for losing)\n|raw|Senpai_1987's rating: 1221 &rarr; <strong>1241<\/strong><br \/>(+20 for winning)\n|l|\u2606karamine\n","uploadtime":1700424493,"views":14,"p1id":"karamine","p2id":"senpai1987","formatid":"gen9vgc2023regulatione","rating":1129,"private":0,"password":""}