{"id":"gen9vgc2023regulatione-1992241929","p1":"HikariKnight","p2":"electrikeely","format":"[Gen 9] VGC 2023 Regulation E","log":"|j|\u2606HikariKnight\n|j|\u2606electrikeely\n|n|\u2606HikariKnight|hikariknight\n|n|\u2606electrikeely|electrikeely\n|html|View the match progress at <a href=\"\/game-bestof3-gen9vgc2023regulatione-1992230274\">game-bestof3-gen9vgc2023regulatione-1992230274<\/a>\n|t:|1700166942\n|gametype|doubles\n|player|p1|HikariKnight|101|\n|player|p2|electrikeely|pokekid|\n|teamsize|p1|6\n|teamsize|p2|6\n|gen|9\n|tier|[Gen 9] VGC 2023 Regulation E\n|rule|Species Clause: Limit one of each Pok\u00e9mon\n|rule|Item Clause: Limit one of each item\n|clearpoke\n|poke|p1|Heatran, L50, M|\n|poke|p1|Typhlosion-Hisui, L50, M|\n|poke|p1|Murkrow, L50, M|\n|poke|p1|Iron Bundle, L50|\n|poke|p1|Sneasler, L50, F|\n|poke|p1|Tinkaton, L50, F|\n|poke|p2|Chien-Pao, L50|\n|poke|p2|Dragonite, L50, F|\n|poke|p2|Kingambit, L50, M|\n|poke|p2|Amoonguss, L50, M|\n|poke|p2|Gholdengo, L50|\n|poke|p2|Arcanine, L50, F|\n|teampreview|4\nelectrikeely has agreed to open team sheets.\nHikariKnight has agreed to open team sheets.\n|showteam|p1|Heatran||AssaultVest|FlashFire|MagmaStorm,HeatWave,FlashCannon,TeraBlast|||M|||50|,,,,,Grass]Typhlosion-Hisui||Charcoal|Frisk|Flamethrower,LavaPlume,CalmMind,InfernalParade|||M|||50|,,,,,Fire]Murkrow||Eviolite|Prankster|Tailwind,Haze,IcyWind,Taunt|||M|||50|,,,,,Dark]Iron Bundle||BoosterEnergy|QuarkDrive|IcyWind,HydroPump,Protect,FreezeDry||||||50|,,,,,Water]Sneasler||ChoiceBand|PoisonTouch|FakeOut,DireClaw,BrickBreak,NightSlash|||F|||50|,,,,,Dark]Tinkaton||Leftovers|MoldBreaker|GigatonHammer,PlayRough,SwordsDance,ThunderWave|||F|||50|,,,,,Fairy\n|showteam|p2|Chien-Pao||FocusSash|SwordofRuin|Protect,IceShard,SuckerPunch,SacredSword||||||50|,,,,,Dark]Dragonite||ChoiceBand|Multiscale|ExtremeSpeed,RockSlide,Waterfall,Outrage|||F|||50|,,,,,Normal]Kingambit||AssaultVest|Defiant|KowtowCleave,IronHead,SuckerPunch|||M|||50|,,,,,Fire]Amoonguss||SitrusBerry|Regenerator|Protect,LeafStorm,RagePowder,Spore|||M|||50|,,,,,Water]Gholdengo||LifeOrb|GoodasGold|NastyPlot,ShadowBall,MakeItRain,Protect||||||50|,,,,,Steel]Arcanine||FigyBerry|Intimidate|ExtremeSpeed,Flamethrower,Snarl,Overheat|||F|||50|,,,,,Fire\n|\n|t:|1700167008\n|start\n|switch|p1a: Iron Bundle|Iron Bundle, L50|100\/100\n|switch|p1b: Tinkaton|Tinkaton, L50, F|100\/100\n|switch|p2a: Arcanine|Arcanine, L50, F|100\/100\n|switch|p2b: Gholdengo|Gholdengo, L50|100\/100\n|-ability|p2a: Arcanine|Intimidate|boost\n|-unboost|p1a: Iron Bundle|atk|1\n|-unboost|p1b: Tinkaton|atk|1\n|-ability|p1b: Tinkaton|Mold Breaker\n|-enditem|p1a: Iron Bundle|Booster Energy\n|-activate|p1a: Iron Bundle|ability: Quark Drive|[fromitem]\n|-start|p1a: Iron Bundle|quarkdrivespe\n|turn|1\n|\n|t:|1700167040\n|switch|p2a: Amoonguss|Amoonguss, L50, M|100\/100\n|move|p1a: Iron Bundle|Hydro Pump|p2a: Amoonguss\n|-resisted|p2a: Amoonguss\n|-damage|p2a: Amoonguss|83\/100\n|move|p1b: Tinkaton|Swords Dance|p1b: Tinkaton\n|-boost|p1b: Tinkaton|atk|2\n|move|p2b: Gholdengo|Make It Rain|p1a: Iron Bundle|[spread] p1a,p1b\n|-damage|p1a: Iron Bundle|0 fnt\n|-damage|p1b: Tinkaton|44\/100\n|-unboost|p2b: Gholdengo|spa|1\n|faint|p1a: Iron Bundle\n|-end|p1a: Iron Bundle|Quark Drive|[silent]\n|-damage|p2b: Gholdengo|91\/100|[from] item: Life Orb\n|\n|-heal|p1b: Tinkaton|50\/100|[from] item: Leftovers\n|upkeep\n|\n|t:|1700167056\n|switch|p1a: Typhlosion|Typhlosion-Hisui, L50, M|100\/100\n|-item|p2a: Amoonguss|Sitrus Berry|[from] ability: Frisk|[of] p1a: Typhlosion|[identify]\n|-item|p2b: Gholdengo|Life Orb|[from] ability: Frisk|[of] p1a: Typhlosion|[identify]\n|turn|2\n|\n|t:|1700167093\n|switch|p1b: Heatran|Heatran, L50, M|100\/100\n|move|p2a: Amoonguss|Protect|p2a: Amoonguss\n|-singleturn|p2a: Amoonguss|Protect\n|move|p2b: Gholdengo|Make It Rain|p1a: Typhlosion|[spread] p1a,p1b\n|-resisted|p1a: Typhlosion\n|-resisted|p1b: Heatran\n|-damage|p1a: Typhlosion|75\/100\n|-damage|p1b: Heatran|94\/100\n|-unboost|p2b: Gholdengo|spa|1\n|-damage|p2b: Gholdengo|81\/100|[from] item: Life Orb\n|move|p1a: Typhlosion|Lava Plume|p2a: Amoonguss|[spread] p2b\n|-activate|p2a: Amoonguss|move: Protect\n|-start|p1b: Heatran|ability: Flash Fire\n|-supereffective|p2b: Gholdengo\n|-damage|p2b: Gholdengo|0 fnt\n|faint|p2b: Gholdengo\n|\n|upkeep\n|\n|t:|1700167123\n|switch|p2b: Kingambit|Kingambit, L50, M|100\/100\n|turn|3\n|\n|t:|1700167146\n|-terastallize|p2b: Kingambit|Fire\n|move|p2b: Kingambit|Sucker Punch|p1a: Typhlosion\n|-supereffective|p1a: Typhlosion\n|-damage|p1a: Typhlosion|0 fnt\n|faint|p1a: Typhlosion\n|move|p1b: Heatran|Heat Wave|p2b: Kingambit|[spread] p2a\n|-miss|p1b: Heatran|p2b: Kingambit\n|-supereffective|p2a: Amoonguss\n|-damage|p2a: Amoonguss|10\/100\n|-enditem|p2a: Amoonguss|Sitrus Berry|[eat]\n|-heal|p2a: Amoonguss|35\/100|[from] item: Sitrus Berry\n|move|p2a: Amoonguss|Spore|p1b: Heatran\n|-status|p1b: Heatran|slp|[from] move: Spore\n|\n|upkeep\n|\n|t:|1700167160\n|switch|p1a: Tinkaton|Tinkaton, L50, F|50\/100\n|-ability|p1a: Tinkaton|Mold Breaker\n|turn|4\n|\n|t:|1700167195\n|switch|p2a: Arcanine|Arcanine, L50, F|100\/100\n|-ability|p2a: Arcanine|Intimidate|boost\n|-unboost|p1a: Tinkaton|atk|1\n|-unboost|p1b: Heatran|atk|1\n|-terastallize|p1a: Tinkaton|Fairy\n|move|p1a: Tinkaton|Thunder Wave|p2b: Kingambit\n|-status|p2b: Kingambit|par\n|cant|p1b: Heatran|slp\n|move|p2b: Kingambit|Kowtow Cleave|p1a: Tinkaton\n|-resisted|p1a: Tinkaton\n|-damage|p1a: Tinkaton|13\/100\n|\n|-heal|p1a: Tinkaton|19\/100|[from] item: Leftovers\n|upkeep\n|turn|5\n|\n|t:|1700167225\n|move|p2a: Arcanine|Extreme Speed|p1a: Tinkaton\n|-damage|p1a: Tinkaton|0 fnt\n|faint|p1a: Tinkaton\n|-curestatus|p1b: Heatran|slp|[msg]\n|move|p1b: Heatran|Magma Storm|p2a: Arcanine\n|-resisted|p2a: Arcanine\n|-damage|p2a: Arcanine|52\/100\n|-activate|p2a: Arcanine|move: Magma Storm|[of] p1b: Heatran\n|move|p2b: Kingambit|Kowtow Cleave|p1b: Heatran\n|-damage|p1b: Heatran|53\/100\n|\n|-damage|p2a: Arcanine|40\/100|[from] move: Magma Storm|[partiallytrapped]\n|upkeep\n|turn|6\n|\n|t:|1700167251\n|move|p2a: Arcanine|Extreme Speed|p1b: Heatran\n|-resisted|p1b: Heatran\n|-damage|p1b: Heatran|45\/100\n|move|p1b: Heatran|Magma Storm|p2b: Kingambit|[miss]\n|-miss|p1b: Heatran|p2b: Kingambit\n|move|p2b: Kingambit|Kowtow Cleave|p1b: Heatran\n|-damage|p1b: Heatran|3\/100\n|\n|-damage|p2a: Arcanine|28\/100|[from] move: Magma Storm|[partiallytrapped]\n|upkeep\n|turn|7\n|\n|t:|1700167264\n|move|p2a: Arcanine|Extreme Speed|p1b: Heatran\n|-resisted|p1b: Heatran\n|-damage|p1b: Heatran|0 fnt\n|faint|p1b: Heatran\n|\n|win|electrikeely\n","uploadtime":1700167271,"views":10,"p1id":"hikariknight","p2id":"electrikeely","formatid":"gen9vgc2023regulatione","rating":0,"private":0,"password":""}