{"id":"gen9vgc2023regulatione-2000474185","p1":"Guardian92","p2":"Lurvas","format":"[Gen 9] VGC 2023 Regulation E","log":"|j|\u2606Guardian92\n|j|\u2606Lurvas\n|t:|1701197820\n|gametype|doubles\n|player|p1|Guardian92|erika|1304\n|player|p2|Lurvas|alder|1277\n|teamsize|p1|6\n|teamsize|p2|6\n|gen|9\n|tier|[Gen 9] VGC 2023 Regulation E\n|rated|\n|rule|Species Clause: Limit one of each Pok\u00e9mon\n|rule|Item Clause: Limit one of each item\n|clearpoke\n|poke|p1|Arcanine-Hisui, L50, F|\n|poke|p1|Amoonguss, L50, F|\n|poke|p1|Tornadus, L50, M|\n|poke|p1|Iron Hands, L50|\n|poke|p1|Gholdengo, L50|\n|poke|p1|Urshifu-*, L50, M|\n|poke|p2|Urshifu-*, L50, M|\n|poke|p2|Rillaboom, L50, M|\n|poke|p2|Flutter Mane, L50|\n|poke|p2|Arcanine-Hisui, L50, F|\n|poke|p2|Chien-Pao, L50|\n|poke|p2|Tornadus, L50, M|\n|teampreview|4\nLurvas has agreed to open team sheets.\n|inactive|Battle timer is ON: inactive players will automatically lose when time's up. (requested by Lurvas)\n|inactive|Guardian92 has 60 seconds left.\n|inactive|Guardian92 has 30 seconds left.\n|\n|t:|1701197887\n|start\n|switch|p1a: Tornadus|Tornadus, L50, M|100\/100\n|switch|p1b: Iron Hands|Iron Hands, L50|100\/100\n|switch|p2a: Chien-Pao|Chien-Pao, L50|100\/100\n|switch|p2b: Tornadus|Tornadus, L50, M|100\/100\n|-ability|p2a: Chien-Pao|Sword of Ruin\n|turn|1\n|\n|t:|1701197906\n|move|p1b: Iron Hands|Fake Out|p2a: Chien-Pao\n|-damage|p2a: Chien-Pao|79\/100\n|move|p1a: Tornadus|Tailwind|p1a: Tornadus\n|-sidestart|p1: Guardian92|move: Tailwind\n|move|p2b: Tornadus|Tailwind|p2b: Tornadus\n|-sidestart|p2: Lurvas|move: Tailwind\n|cant|p2a: Chien-Pao|flinch\n|\n|upkeep\n|turn|2\n|\n|t:|1701197925\n|move|p1a: Tornadus|Protect|p1a: Tornadus\n|-singleturn|p1a: Tornadus|Protect\n|move|p2a: Chien-Pao|Icicle Crash|p1a: Tornadus\n|-activate|p1a: Tornadus|move: Protect\n|move|p2b: Tornadus|Bleakwind Storm|p1a: Tornadus|[spread] \n|-activate|p1a: Tornadus|move: Protect\n|-miss|p2b: Tornadus|p1b: Iron Hands\n|move|p1b: Iron Hands|Drain Punch|p2a: Chien-Pao\n|-supereffective|p2a: Chien-Pao\n|-damage|p2a: Chien-Pao|0 fnt\n|faint|p2a: Chien-Pao\n|\n|upkeep\n|\n|t:|1701197937\n|switch|p2a: Arcanine|Arcanine-Hisui, L50, F|100\/100\n|-ability|p2a: Arcanine|Intimidate|boost\n|-unboost|p1a: Tornadus|atk|1\n|-unboost|p1b: Iron Hands|atk|1\n|turn|3\n|\n|t:|1701197954\n|-terastallize|p2a: Arcanine|Fairy\n|move|p1a: Tornadus|Bleakwind Storm|p2b: Tornadus|[spread] p2a,p2b\n|-damage|p2a: Arcanine|59\/100\n|-damage|p2b: Tornadus|55\/100\n|move|p2b: Tornadus|Bleakwind Storm|p1a: Tornadus|[spread] p1a,p1b\n|-damage|p1a: Tornadus|58\/100\n|-damage|p1b: Iron Hands|85\/100\n|move|p2a: Arcanine|Tera Blast|p1b: Iron Hands|[anim] Tera Blast Fairy\n|-supereffective|p1b: Iron Hands\n|-damage|p1b: Iron Hands|5\/100\n|move|p1b: Iron Hands|Volt Switch|p2b: Tornadus\n|-supereffective|p2b: Tornadus\n|-damage|p2b: Tornadus|26\/100\n|\n|t:|1701197970\n|-end|p1b: Iron Hands|Quark Drive|[silent]\n|switch|p1b: Urshifu|Urshifu-Rapid-Strike, L50, M|100\/100|[from] Volt Switch\n|\n|upkeep\n|turn|4\n|inactive|Guardian92 has 30 seconds left.\n|inactive|Guardian92 has 20 seconds left.\n|\n|t:|1701198007\n|-terastallize|p1b: Urshifu|Water\n|move|p1a: Tornadus|Bleakwind Storm|p2b: Tornadus|[spread] p2a,p2b\n|-damage|p2a: Arcanine|15\/100\n|-damage|p2b: Tornadus|0 fnt\n|-unboost|p2a: Arcanine|spe|1\n|faint|p2b: Tornadus\n|move|p1b: Urshifu|Surging Strikes|p2a: Arcanine\n|-crit|p2a: Arcanine\n|-damage|p2a: Arcanine|0 fnt\n|faint|p2a: Arcanine\n|-hitcount|p2: Arcanine|1\n|\n|-sideend|p1: Guardian92|move: Tailwind\n|-sideend|p2: Lurvas|move: Tailwind\n|upkeep\n|\n|t:|1701198020\n|switch|p2a: Rillaboom|Rillaboom, L50, M|100\/100\n|-fieldstart|move: Grassy Terrain|[from] ability: Grassy Surge|[of] p2a: Rillaboom\n|turn|5\n|\n|t:|1701198029\n|move|p1b: Urshifu|Detect|p1b: Urshifu\n|-singleturn|p1b: Urshifu|Protect\n|move|p1a: Tornadus|Tailwind|p1a: Tornadus\n|-sidestart|p1: Guardian92|move: Tailwind\n|move|p2a: Rillaboom|Drum Beating|p1b: Urshifu\n|-activate|p1b: Urshifu|move: Protect\n|\n|upkeep\n|turn|6\n|\n|t:|1701198040\n|move|p2a: Rillaboom|Grassy Glide|p1b: Urshifu\n|-supereffective|p1b: Urshifu\n|-damage|p1b: Urshifu|20\/100\n|move|p1a: Tornadus|Bleakwind Storm|p2a: Rillaboom\n|-supereffective|p2a: Rillaboom\n|-damage|p2a: Rillaboom|22\/100\n|move|p1b: Urshifu|Close Combat|p2a: Rillaboom\n|-damage|p2a: Rillaboom|0 fnt\n|-unboost|p1b: Urshifu|def|1\n|-unboost|p1b: Urshifu|spd|1\n|faint|p2a: Rillaboom\n|\n|win|Guardian92\n|raw|Guardian92's rating: 1304 &rarr; <strong>1322<\/strong><br \/>(+18 for winning)\n|raw|Lurvas's rating: 1277 &rarr; <strong>1254<\/strong><br \/>(-23 for losing)\n|c|\u2606Lurvas|gg\n|c|\u2606Guardian92|gg\n","uploadtime":1701198053,"views":6,"p1id":"guardian92","p2id":"lurvas","formatid":"gen9vgc2023regulatione","rating":1254,"private":0,"password":""}