{"id":"gen9vgc2023regulatione-1993023822","p1":"DominikMysterioVGC","p2":"Ozwald McFly","format":"[Gen 9] VGC 2023 Regulation E","log":"|j|\u2606DominikMysterioVGC\n|j|\u2606Ozwald McFly\n|t:|1700256514\n|gametype|doubles\n|player|p1|DominikMysterioVGC|rocketgrunt|1459\n|player|p2|Ozwald McFly|2|1361\n|teamsize|p1|6\n|teamsize|p2|6\n|gen|9\n|tier|[Gen 9] VGC 2023 Regulation E\n|rated|\n|rule|Species Clause: Limit one of each Pok\u00e9mon\n|rule|Item Clause: Limit one of each item\n|clearpoke\n|poke|p1|Iron Hands, L50|\n|poke|p1|Landorus-Therian, L50, M|\n|poke|p1|Amoonguss, L50, F|\n|poke|p1|Chi-Yu, L50|\n|poke|p1|Flutter Mane, L50|\n|poke|p1|Cresselia, L50, F|\n|poke|p2|Noctowl, L50, F|\n|poke|p2|Sandy Shocks, L50|\n|poke|p2|Espeon, L50, F|\n|poke|p2|Indeedee-F, L50, F|\n|poke|p2|Iron Hands, L50|\n|poke|p2|Decidueye-Hisui, L50, M|\n|teampreview|4\n|inactive|Battle timer is ON: inactive players will automatically lose when time's up. (requested by DominikMysterioVGC)\nDominikMysterioVGC has agreed to open team sheets.\nOzwald McFly has agreed to open team sheets.\n|inactive|Ozwald McFly has 30 seconds left.\n|\n|t:|1700256558\n|start\n|switch|p1a: Flutter Mane|Flutter Mane, L50|100\/100\n|switch|p1b: Chi-Yu|Chi-Yu, L50|100\/100\n|switch|p2a: Iron Hands|Iron Hands, L50|100\/100\n|switch|p2b: Indeedee|Indeedee-F, L50, F|100\/100\n|-ability|p1b: Chi-Yu|Beads of Ruin\n|-fieldstart|move: Psychic Terrain|[from] ability: Psychic Surge|[of] p2b: Indeedee\n|-enditem|p1a: Flutter Mane|Booster Energy\n|-activate|p1a: Flutter Mane|ability: Protosynthesis|[fromitem]\n|-start|p1a: Flutter Mane|protosynthesisspe\n|turn|1\n|inactive|DominikMysterioVGC has 30 seconds left.\n|\n|t:|1700256586\n|-terastallize|p2a: Iron Hands|Fire\n|move|p1a: Flutter Mane|Moonblast|p2a: Iron Hands\n|-resisted|p2a: Iron Hands\n|-damage|p2a: Iron Hands|83\/100\n|-unboost|p2a: Iron Hands|spa|1\n|move|p1b: Chi-Yu|Overheat|p2a: Iron Hands\n|-resisted|p2a: Iron Hands\n|-damage|p2a: Iron Hands|45\/100\n|-unboost|p1b: Chi-Yu|spa|2\n|move|p2a: Iron Hands|Heavy Slam|p1a: Flutter Mane\n|-supereffective|p1a: Flutter Mane\n|-damage|p1a: Flutter Mane|0 fnt\n|faint|p1a: Flutter Mane\n|-end|p1a: Flutter Mane|Protosynthesis|[silent]\n|move|p2b: Indeedee|Trick Room|p2b: Indeedee\n|-fieldstart|move: Trick Room|[of] p2b: Indeedee\n|\n|upkeep\n|\n|t:|1700256590\n|switch|p1a: Amoonguss|Amoonguss, L50, F|100\/100\n|turn|2\n|\n|t:|1700256613\n|switch|p1b: Landorus|Landorus-Therian, L50, M|100\/100\n|-ability|p1b: Landorus|Intimidate|boost\n|-unboost|p2a: Iron Hands|atk|1\n|-unboost|p2b: Indeedee|atk|1\n|move|p2b: Indeedee|Follow Me|p2b: Indeedee\n|-singleturn|p2b: Indeedee|move: Follow Me\n|move|p1a: Amoonguss|Spore|p2b: Indeedee\n|-status|p2b: Indeedee|slp|[from] move: Spore\n|move|p2a: Iron Hands|Drain Punch|p1b: Landorus\n|-resisted|p1b: Landorus\n|-damage|p1b: Landorus|84\/100\n|-heal|p2a: Iron Hands|52\/100|[from] drain|[of] p1b: Landorus\n|\n|upkeep\n|turn|3\n|inactive|Ozwald McFly has 30 seconds left.\n|\n|t:|1700256645\n|move|p1a: Amoonguss|Spore|p2a: Iron Hands\n|-status|p2a: Iron Hands|slp|[from] move: Spore\n|cant|p2a: Iron Hands|slp\n|cant|p2b: Indeedee|slp\n|move|p1b: Landorus|U-turn|p2b: Indeedee\n|-supereffective|p2b: Indeedee\n|-damage|p2b: Indeedee|50\/100 slp\n|-enditem|p2b: Indeedee|Sitrus Berry|[eat]\n|-heal|p2b: Indeedee|75\/100 slp|[from] item: Sitrus Berry\n|\n|t:|1700256654\n|switch|p1b: Chi-Yu|Chi-Yu, L50|100\/100|[from] U-turn\n|-ability|p1b: Chi-Yu|Beads of Ruin\n|\n|upkeep\n|turn|4\n|\n|t:|1700256674\n|move|p1a: Amoonguss|Rage Powder|p1a: Amoonguss\n|-singleturn|p1a: Amoonguss|move: Rage Powder\n|cant|p2a: Iron Hands|slp\n|cant|p2b: Indeedee|slp\n|move|p1b: Chi-Yu|Dark Pulse|p2a: Iron Hands\n|-damage|p2a: Iron Hands|8\/100 slp\n|\n|upkeep\n|turn|5\n|inactive|DominikMysterioVGC has 30 seconds left.\n|\n|t:|1700256700\n|move|p1a: Amoonguss|Rage Powder|p1a: Amoonguss\n|-singleturn|p1a: Amoonguss|move: Rage Powder\n|-curestatus|p2a: Iron Hands|slp|[msg]\n|move|p2a: Iron Hands|Drain Punch|p1a: Amoonguss\n|-resisted|p1a: Amoonguss\n|-damage|p1a: Amoonguss|89\/100\n|-heal|p2a: Iron Hands|14\/100|[from] drain|[of] p1a: Amoonguss\n|-curestatus|p2b: Indeedee|slp|[msg]\n|move|p2b: Indeedee|Psyshock|p1a: Amoonguss\n|-supereffective|p1a: Amoonguss\n|-damage|p1a: Amoonguss|33\/100\n|-enditem|p1a: Amoonguss|Sitrus Berry|[eat]\n|-heal|p1a: Amoonguss|58\/100|[from] item: Sitrus Berry\n|move|p1b: Chi-Yu|Dark Pulse|p2b: Indeedee\n|-supereffective|p2b: Indeedee\n|-damage|p2b: Indeedee|0 fnt\n|faint|p2b: Indeedee\n|\n|-fieldend|move: Trick Room\n|-fieldend|move: Psychic Terrain\n|upkeep\n|\n|t:|1700256720\n|switch|p2b: Espeon|Espeon, L50, F|100\/100\n|turn|6\n|\n|t:|1700256740\n|move|p1a: Amoonguss|Protect|p1a: Amoonguss\n|-singleturn|p1a: Amoonguss|Protect\n|move|p2b: Espeon|Psychic|p1a: Amoonguss\n|-activate|p1a: Amoonguss|move: Protect\n|move|p1b: Chi-Yu|Dark Pulse|p2a: Iron Hands\n|-damage|p2a: Iron Hands|0 fnt\n|faint|p2a: Iron Hands\n|-end|p2a: Iron Hands|Quark Drive|[silent]\n|\n|upkeep\n|\n|t:|1700256750\n|switch|p2a: Decidueye|Decidueye-Hisui, L50, M, shiny|100\/100\n|turn|7\n|inactive|Ozwald McFly has 30 seconds left.\n|\n|t:|1700256779\n|-terastallize|p1a: Amoonguss|Water\n|move|p2b: Espeon|Psychic|p1a: Amoonguss\n|-damage|p1a: Amoonguss|5\/100\n|move|p1b: Chi-Yu|Dark Pulse|p2b: Espeon\n|-supereffective|p2b: Espeon\n|-enditem|p2b: Espeon|Focus Sash\n|-damage|p2b: Espeon|1\/100\n|move|p2a: Decidueye|Triple Arrows|p1b: Chi-Yu\n|-supereffective|p1b: Chi-Yu\n|-crit|p1b: Chi-Yu\n|-damage|p1b: Chi-Yu|0 fnt\n|faint|p1b: Chi-Yu\n|move|p1a: Amoonguss|Pollen Puff|p2b: Espeon\n|-supereffective|p2b: Espeon\n|-damage|p2b: Espeon|0 fnt\n|faint|p2b: Espeon\n|\n|upkeep\n|\n|t:|1700256783\n|switch|p1b: Landorus|Landorus-Therian, L50, M|84\/100\n|-ability|p1b: Landorus|Intimidate|boost\n|-fail|p2a: Decidueye|unboost|Attack|[from] ability: Scrappy|[of] p2a: Decidueye\n|turn|8\n|\n|t:|1700256808\n|move|p1b: Landorus|U-turn|p2a: Decidueye\n|-damage|p2a: Decidueye|71\/100\n|move|p2a: Decidueye|Leaf Blade|p1b: Landorus\n|-crit|p1b: Landorus\n|-damage|p1b: Landorus|11\/100\n|move|p1a: Amoonguss|Pollen Puff|p2a: Decidueye\n|-damage|p2a: Decidueye|54\/100\n|\n|upkeep\n|turn|9\n|\n|t:|1700256820\n|move|p1b: Landorus|U-turn|p2a: Decidueye\n|-damage|p2a: Decidueye|25\/100\n|move|p2a: Decidueye|Leaf Blade|p1b: Landorus\n|-damage|p1b: Landorus|0 fnt\n|faint|p1b: Landorus\n|move|p1a: Amoonguss|Pollen Puff|p2a: Decidueye\n|-damage|p2a: Decidueye|8\/100\n|\n|upkeep\n|turn|10\n|\n|t:|1700256831\n|move|p2a: Decidueye|Leaf Blade|p1a: Amoonguss\n|-supereffective|p1a: Amoonguss\n|-crit|p1a: Amoonguss\n|-damage|p1a: Amoonguss|0 fnt\n|faint|p1a: Amoonguss\n|\n|win|Ozwald McFly\n|raw|DominikMysterioVGC's rating: 1459 &rarr; <strong>1434<\/strong><br \/>(-25 for losing)\n|raw|Ozwald McFly's rating: 1361 &rarr; <strong>1386<\/strong><br \/>(+25 for winning)\n|l|\u2606DominikMysterioVGC\n","uploadtime":1700256838,"views":14,"p1id":"dominikmysteriovgc","p2id":"ozwaldmcfly","formatid":"gen9vgc2023regulatione","rating":1386,"private":0,"password":""}