{"id":"gen9vgc2023regulatione-1988347510","p1":"JohnnyHaxTesting","p2":"Dabwald","format":"[Gen 9] VGC 2023 Regulation E","log":"|j|\u2606JohnnyHaxTesting\n|j|\u2606Dabwald\n|t:|1699712048\n|gametype|doubles\n|player|p1|JohnnyHaxTesting|266|1282\n|player|p2|Dabwald|265|1182\n|teamsize|p1|6\n|teamsize|p2|6\n|gen|9\n|tier|[Gen 9] VGC 2023 Regulation E\n|rated|\n|rule|Species Clause: Limit one of each Pok\u00e9mon\n|rule|Item Clause: Limit one of each item\n|clearpoke\n|poke|p1|Dragalge, L50, M|\n|poke|p1|Clefairy, L50, M|\n|poke|p1|Ursaluna-Bloodmoon, L50, M|\n|poke|p1|Farigiraf, L50, M|\n|poke|p1|Torkoal, L50, F|\n|poke|p1|Mienshao, L50, F|\n|poke|p2|Snorlax, L50, F|\n|poke|p2|Indeedee-F, L50, F|\n|poke|p2|Flamigo, L50, F|\n|poke|p2|Kommo-o, L50, F|\n|poke|p2|Sinistcha, L50|\n|poke|p2|Armarouge, L50, F|\n|teampreview|4\nJohnnyHaxTesting has agreed to open team sheets.\n|inactive|Battle timer is ON: inactive players will automatically lose when time's up. (requested by JohnnyHaxTesting)\n|\n|t:|1699712087\n|start\n|switch|p1a: Farigiraf|Farigiraf, L50, M|100\/100\n|switch|p1b: Mienshao|Mienshao, L50, F|100\/100\n|switch|p2a: Indeedee|Indeedee-F, L50, F|100\/100\n|switch|p2b: Armarouge|Armarouge, L50, F|100\/100\n|-fieldstart|move: Psychic Terrain|[from] ability: Psychic Surge|[of] p2a: Indeedee\n|turn|1\n|inactive|Dabwald has 30 seconds left.\n|inactive|Dabwald has 20 seconds left.\n|inactive|Dabwald has 15 seconds left.\n|inactive|Dabwald has 10 seconds left.\n|\n|t:|1699712132\n|move|p2a: Indeedee|Helping Hand|p2b: Armarouge\n|-singleturn|p2b: Armarouge|Helping Hand|[of] p2a: Indeedee\n|move|p1b: Mienshao|Ice Spinner|p2a: Indeedee\n|-damage|p2a: Indeedee|73\/100\n|-damage|p1b: Mienshao|84\/100|[from] item: Rocky Helmet|[of] p2a: Indeedee\n|-fieldend|move: Psychic Terrain\n|move|p2b: Armarouge|Expanding Force|p1b: Mienshao\n|-supereffective|p1b: Mienshao\n|-damage|p1b: Mienshao|0 fnt\n|faint|p1b: Mienshao\n|move|p1a: Farigiraf|Nasty Plot|p1a: Farigiraf\n|-boost|p1a: Farigiraf|spa|2\n|\n|upkeep\n|\n|t:|1699712145\n|switch|p1b: Ursaluna|Ursaluna-Bloodmoon, L50, M|100\/100\n|turn|2\n|inactive|Dabwald has 30 seconds left.\n|\n|t:|1699712172\n|move|p2a: Indeedee|Helping Hand|p2b: Armarouge\n|-singleturn|p2b: Armarouge|Helping Hand|[of] p2a: Indeedee\n|move|p1b: Ursaluna|Protect|p1b: Ursaluna\n|-singleturn|p1b: Ursaluna|Protect\n|move|p2b: Armarouge|Armor Cannon|p1a: Farigiraf\n|-damage|p1a: Farigiraf|18\/100\n|-unboost|p2b: Armarouge|def|1\n|-unboost|p2b: Armarouge|spd|1\n|-enditem|p1a: Farigiraf|Sitrus Berry|[eat]\n|-heal|p1a: Farigiraf|43\/100|[from] item: Sitrus Berry\n|move|p1a: Farigiraf|Trick Room|p1a: Farigiraf\n|-fieldstart|move: Trick Room|[of] p1a: Farigiraf\n|\n|upkeep\n|turn|3\n|inactive|Dabwald has 30 seconds left.\n|inactive|Dabwald has 20 seconds left.\n|\n|t:|1699712217\n|move|p2b: Armarouge|Endure|p2b: Armarouge\n|-singleturn|p2b: Armarouge|move: Endure\n|move|p1b: Ursaluna|Hyper Voice|p2b: Armarouge|[spread] p2a,p2b\n|-damage|p2a: Indeedee|20\/100\n|-damage|p2b: Armarouge|3\/100\n|-damage|p1b: Ursaluna|91\/100|[from] item: Life Orb\n|move|p1a: Farigiraf|Dazzling Gleam|p2b: Armarouge|[spread] p2a,p2b\n|-resisted|p2b: Armarouge\n|-damage|p2a: Indeedee|0 fnt\n|-activate|p2b: Armarouge|move: Endure\n|-damage|p2b: Armarouge|1\/100\n|faint|p2a: Indeedee\n|\n|upkeep\n|\n|t:|1699712228\n|switch|p2a: Kommo-o|Kommo-o, L50, F|100\/100\n|turn|4\n|inactive|Dabwald has 30 seconds left.\n|\n|t:|1699712259\n|move|p2b: Armarouge|Wide Guard|p2b: Armarouge\n|-singleturn|p2b: Armarouge|Wide Guard\n|move|p1b: Ursaluna|Earth Power|p2a: Kommo-o\n|-damage|p2a: Kommo-o|15\/100\n|-damage|p1b: Ursaluna|81\/100|[from] item: Life Orb\n|move|p1a: Farigiraf|Dazzling Gleam|p2b: Armarouge|[spread] \n|-activate|p2a: Kommo-o|move: Wide Guard\n|-activate|p2b: Armarouge|move: Wide Guard\n|move|p2a: Kommo-o|Clangorous Soul||[still]\n|-fail|p2a: Kommo-o\n|\n|upkeep\n|turn|5\n|inactive|Dabwald has 30 seconds left.\n|inactive|Dabwald has 20 seconds left.\n|inactive|Dabwald has 15 seconds left.\n|-message|Dabwald forfeited.\n|\n|win|JohnnyHaxTesting\n|raw|JohnnyHaxTesting's rating: 1282 &rarr; <strong>1300<\/strong><br \/>(+18 for winning)\n|raw|Dabwald's rating: 1182 &rarr; <strong>1164<\/strong><br \/>(-18 for losing)\n|l|\u2606Dabwald\n","uploadtime":1699712307,"views":27,"p1id":"johnnyhaxtesting","p2id":"dabwald","formatid":"gen9vgc2023regulatione","rating":1164,"private":0,"password":""}