{"id":"gen9vgc2023regulatione-1994808537","p1":"Haze_Steel","p2":"Kzrjzkz","format":"[Gen 9] VGC 2023 Regulation E","log":"|j|\u2606Haze_Steel\n|j|\u2606Kzrjzkz\n|t:|1700494760\n|gametype|doubles\n|player|p1|Haze_Steel|dawn-gen4pt|1249\n|player|p2|Kzrjzkz|lance|1214\n|teamsize|p1|6\n|teamsize|p2|6\n|gen|9\n|tier|[Gen 9] VGC 2023 Regulation E\n|rated|\n|rule|Species Clause: Limit one of each Pok\u00e9mon\n|rule|Item Clause: Limit one of each item\n|clearpoke\n|poke|p1|Tornadus, L50, M|\n|poke|p1|Indeedee-F, L50, F|\n|poke|p1|Ogerpon-Wellspring, L50, F|\n|poke|p1|Regieleki, L50|\n|poke|p1|Chi-Yu, L50|\n|poke|p1|Flutter Mane, L50|\n|poke|p2|Flutter Mane, L50|\n|poke|p2|Tornadus, L50, M|\n|poke|p2|Rillaboom, L50, M|\n|poke|p2|Garganacl, L50, F|\n|poke|p2|Arcanine-Hisui, L50, F|\n|poke|p2|Chien-Pao, L50|\n|teampreview|4\n|\n|t:|1700494809\n|start\n|switch|p1a: Tornadus|Tornadus, L50, M|100\/100\n|switch|p1b: Ogerpon|Ogerpon-Wellspring, L50, F|100\/100\n|switch|p2a: Tornadus|Tornadus, L50, M|100\/100\n|switch|p2b: Arcanine|Arcanine-Hisui, L50, F|100\/100\n|-ability|p2b: Arcanine|Intimidate|boost\n|-unboost|p1a: Tornadus|atk|1\n|-unboost|p1b: Ogerpon|atk|1\n|turn|1\n|\n|t:|1700494847\n|switch|p2b: Rillaboom|Rillaboom, L50, M|100\/100\n|-fieldstart|move: Grassy Terrain|[from] ability: Grassy Surge|[of] p2b: Rillaboom\n|move|p1a: Tornadus|Rain Dance|p1a: Tornadus\n|-weather|RainDance\n|move|p1b: Ogerpon|Ivy Cudgel|p2b: Rillaboom|[anim] Ivy Cudgel Water\n|-resisted|p2b: Rillaboom\n|-damage|p2b: Rillaboom|76\/100\n|move|p2a: Tornadus|Bleakwind Storm|p1b: Ogerpon|[spread] p1a,p1b\n|-supereffective|p1b: Ogerpon\n|-damage|p1a: Tornadus|63\/100\n|-damage|p1b: Ogerpon|43\/100\n|\n|-weather|RainDance|[upkeep]\n|-heal|p1b: Ogerpon|49\/100|[from] Grassy Terrain\n|-heal|p2b: Rillaboom|82\/100|[from] Grassy Terrain\n|upkeep\n|turn|2\n|\n|t:|1700494865\n|move|p1b: Ogerpon|Spiky Shield|p1b: Ogerpon\n|-singleturn|p1b: Ogerpon|move: Protect\n|move|p2b: Rillaboom|Fake Out|p1a: Tornadus\n|-damage|p1a: Tornadus|45\/100\n|cant|p1a: Tornadus|flinch\n|move|p2a: Tornadus|Tailwind|p2a: Tornadus\n|-sidestart|p2: Kzrjzkz|move: Tailwind\n|\n|-weather|RainDance|[upkeep]\n|-heal|p2b: Rillaboom|87\/100|[from] Grassy Terrain\n|-heal|p1b: Ogerpon|56\/100|[from] Grassy Terrain\n|upkeep\n|turn|3\n|\n|t:|1700494914\n|move|p2b: Rillaboom|Grassy Glide|p1b: Ogerpon\n|-damage|p1b: Ogerpon|9\/100\n|move|p1a: Tornadus|Tailwind|p1a: Tornadus\n|-sidestart|p1: Haze_Steel|move: Tailwind\n|move|p1b: Ogerpon|Ivy Cudgel|p2a: Tornadus|[anim] Ivy Cudgel Water\n|-damage|p2a: Tornadus|21\/100\n|move|p2a: Tornadus|Bleakwind Storm|p1b: Ogerpon|[spread] p1a,p1b\n|-supereffective|p1b: Ogerpon\n|-damage|p1a: Tornadus|7\/100\n|-damage|p1b: Ogerpon|0 fnt\n|faint|p1b: Ogerpon\n|\n|-weather|RainDance|[upkeep]\n|-heal|p2b: Rillaboom|93\/100|[from] Grassy Terrain\n|upkeep\n|\n|t:|1700494938\n|switch|p1b: Chi-Yu|Chi-Yu, L50|100\/100\n|-ability|p1b: Chi-Yu|Beads of Ruin\n|turn|4\n|inactive|Battle timer is ON: inactive players will automatically lose when time's up. (requested by Kzrjzkz)\n|\n|t:|1700494962\n|switch|p1a: Indeedee|Indeedee-F, L50, F|100\/100\n|-fieldstart|move: Psychic Terrain|[from] ability: Psychic Surge|[of] p1a: Indeedee\n|-enditem|p1a: Indeedee|Psychic Seed\n|-boost|p1a: Indeedee|spd|1|[from] item: Psychic Seed\n|switch|p2a: Arcanine|Arcanine-Hisui, L50, F|100\/100\n|-ability|p2a: Arcanine|Intimidate|boost\n|-unboost|p1a: Indeedee|atk|1\n|-unboost|p1b: Chi-Yu|atk|1\n|move|p1b: Chi-Yu|Snarl|p2a: Arcanine|[spread] p2a,p2b\n|-crit|p2a: Arcanine\n|-damage|p2a: Arcanine|29\/100\n|-damage|p2b: Rillaboom|66\/100\n|-unboost|p2a: Arcanine|spa|1\n|-unboost|p2b: Rillaboom|spa|1\n|-damage|p1b: Chi-Yu|91\/100|[from] item: Life Orb\n|move|p2b: Rillaboom|Drain Punch|p1b: Chi-Yu\n|-supereffective|p1b: Chi-Yu\n|-damage|p1b: Chi-Yu|3\/100\n|-heal|p2b: Rillaboom|98\/100|[from] drain|[of] p1b: Chi-Yu\n|\n|-weather|RainDance|[upkeep]\n|upkeep\n|turn|5\n|inactive|Haze_Steel has 30 seconds left.\n|\n|t:|1700494996\n|move|p1b: Chi-Yu|Protect|p1b: Chi-Yu\n|-singleturn|p1b: Chi-Yu|Protect\n|move|p1a: Indeedee|Protect|p1a: Indeedee\n|-singleturn|p1a: Indeedee|Protect\n|move|p2a: Arcanine|Rock Slide|p1b: Chi-Yu|[spread] \n|-activate|p1a: Indeedee|move: Protect\n|-activate|p1b: Chi-Yu|move: Protect\n|move|p2b: Rillaboom|Wood Hammer|p1a: Indeedee\n|-activate|p1a: Indeedee|move: Protect\n|\n|-weather|none\n|-sideend|p2: Kzrjzkz|move: Tailwind\n|upkeep\n|turn|6\n|inactive|Haze_Steel has 30 seconds left.\n|\n|t:|1700495034\n|switch|p2b: Tornadus|Tornadus, L50, M|21\/100\n|-terastallize|p1b: Chi-Yu|Fire\n|move|p1a: Indeedee|Helping Hand|p1b: Chi-Yu\n|-singleturn|p1b: Chi-Yu|Helping Hand|[of] p1a: Indeedee\n|move|p1b: Chi-Yu|Heat Wave|p2a: Arcanine|[spread] p2b\n|-miss|p1b: Chi-Yu|p2a: Arcanine\n|-damage|p2b: Tornadus|0 fnt\n|faint|p2b: Tornadus\n|-damage|p1b: Chi-Yu|0 fnt|[from] item: Life Orb\n|faint|p1b: Chi-Yu\n|move|p2a: Arcanine|Rock Slide|p1a: Indeedee\n|-damage|p1a: Indeedee|48\/100\n|\n|-sideend|p1: Haze_Steel|move: Tailwind\n|upkeep\n|-message|Haze_Steel forfeited.\n|\n|win|Kzrjzkz\n|raw|Haze_Steel's rating: 1249 &rarr; <strong>1221<\/strong><br \/>(-28 for losing)\n|raw|Kzrjzkz's rating: 1214 &rarr; <strong>1242<\/strong><br \/>(+28 for winning)\n|l|\u2606Haze_Steel\n","uploadtime":1700495055,"views":3,"p1id":"hazesteel","p2id":"kzrjzkz","formatid":"gen9vgc2023regulatione","rating":1221,"private":0,"password":""}