{"id":"gen9vgc2023regulatione-2000222781","p1":"Kaiusco","p2":"texastrill713","format":"[Gen 9] VGC 2023 Regulation E","log":"|j|\u2606Kaiusco\n|j|\u2606texastrill713\n|t:|1701174203\n|gametype|doubles\n|player|p1|Kaiusco|striker|1230\n|player|p2|texastrill713|lucas-gen4pt|1310\n|teamsize|p1|6\n|teamsize|p2|6\n|gen|9\n|tier|[Gen 9] VGC 2023 Regulation E\n|rated|\n|rule|Species Clause: Limit one of each Pok\u00e9mon\n|rule|Item Clause: Limit one of each item\n|clearpoke\n|poke|p1|Annihilape, L50, M|\n|poke|p1|Maushold, L50|\n|poke|p1|Ninetales-Alola, L50, F|\n|poke|p1|Empoleon, L50, M|\n|poke|p1|Sinistcha, L50|\n|poke|p1|Chi-Yu, L50|\n|poke|p2|Tornadus, L50, M|\n|poke|p2|Arcanine-Hisui, L50, M|\n|poke|p2|Ogerpon-Wellspring, L50, F|\n|poke|p2|Flutter Mane, L50|\n|poke|p2|Kingambit, L50, M|\n|poke|p2|Iron Hands, L50|\n|teampreview|4\n|inactive|Battle timer is ON: inactive players will automatically lose when time's up. (requested by Kaiusco)\n|inactive|texastrill713 has 60 seconds left.\n|inactive|texastrill713 has 30 seconds left.\n|\n|t:|1701174294\n|start\n|switch|p1a: Maushold|Maushold, L50|100\/100\n|switch|p1b: Ninetales|Ninetales-Alola, L50, F|100\/100\n|switch|p2a: Ogerpon|Ogerpon-Wellspring, L50, F|100\/100\n|switch|p2b: Tornadus|Tornadus, L50, M|100\/100\n|-weather|Snow|[from] ability: Snow Warning|[of] p1b: Ninetales\n|turn|1\n|inactive|texastrill713 has 30 seconds left.\n|inactive|texastrill713 has 20 seconds left.\n|\n|t:|1701174332\n|move|p1b: Ninetales|Protect|p1b: Ninetales\n|-singleturn|p1b: Ninetales|Protect\n|move|p2a: Ogerpon|Spiky Shield|p2a: Ogerpon\n|-singleturn|p2a: Ogerpon|move: Protect\n|move|p2b: Tornadus|Rain Dance|p2b: Tornadus\n|-weather|RainDance\n|move|p1a: Maushold|Thunder Wave|p2b: Tornadus\n|-status|p2b: Tornadus|par\n|\n|-weather|RainDance|[upkeep]\n|upkeep\n|turn|2\n|inactive|texastrill713 has 30 seconds left.\n|inactive|Kaiusco has 30 seconds left.\n|\n|t:|1701174369\n|-terastallize|p2a: Ogerpon|Water\n|detailschange|p2a: Ogerpon|Ogerpon-Wellspring-Tera, L50, F, tera:Water\n|-ability|p2a: Ogerpon|Embody Aspect (Wellspring)|boost\n|-boost|p2a: Ogerpon|spd|1\n|move|p1a: Maushold|Thunder Wave|p2a: Ogerpon\n|-status|p2a: Ogerpon|par\n|move|p1b: Ninetales|Icy Wind|p2a: Ogerpon|[spread] p2a,p2b\n|-resisted|p2a: Ogerpon\n|-supereffective|p2b: Tornadus\n|-damage|p2a: Ogerpon|97\/100 par\n|-damage|p2b: Tornadus|73\/100 par\n|-unboost|p2a: Ogerpon|spe|1\n|-unboost|p2b: Tornadus|spe|1\n|move|p2a: Ogerpon|Ivy Cudgel|p1a: Maushold|[anim] Ivy Cudgel Water\n|-damage|p1a: Maushold|0 fnt\n|faint|p1a: Maushold\n|move|p2b: Tornadus|Bleakwind Storm|p1b: Ninetales\n|-damage|p1b: Ninetales|61\/100\n|\n|-weather|RainDance|[upkeep]\n|upkeep\n|\n|t:|1701174392\n|switch|p1a: Annihilape|Annihilape, L50, M, shiny|100\/100\n|turn|3\n|inactive|Kaiusco has 30 seconds left.\n|\n|t:|1701174417\n|switch|p1b: Sinistcha|Sinistcha, L50, shiny|100\/100\n|move|p2b: Tornadus|Tailwind|p2b: Tornadus\n|-sidestart|p2: texastrill713|move: Tailwind\n|move|p1a: Annihilape|Bulk Up|p1a: Annihilape\n|-boost|p1a: Annihilape|atk|1\n|-boost|p1a: Annihilape|def|1\n|move|p2a: Ogerpon|Ivy Cudgel|p1a: Annihilape|[anim] Ivy Cudgel Water\n|-damage|p1a: Annihilape|27\/100\n|\n|-weather|RainDance|[upkeep]\n|-heal|p1a: Annihilape|33\/100|[from] item: Leftovers\n|upkeep\n|turn|4\n|\n|t:|1701174438\n|move|p1a: Annihilape|Protect|p1a: Annihilape\n|-singleturn|p1a: Annihilape|Protect\n|move|p2a: Ogerpon|Spiky Shield|p2a: Ogerpon\n|-singleturn|p2a: Ogerpon|move: Protect\n|move|p1b: Sinistcha|Matcha Gotcha|p2b: Tornadus|[spread] p2b\n|-activate|p2a: Ogerpon|move: Protect\n|-resisted|p2b: Tornadus\n|-damage|p2b: Tornadus|60\/100 par\n|cant|p2b: Tornadus|par\n|\n|-weather|RainDance|[upkeep]\n|-heal|p1a: Annihilape|39\/100|[from] item: Leftovers\n|upkeep\n|turn|5\n|inactive|texastrill713 has 30 seconds left.\n|\n|t:|1701174467\n|move|p1a: Annihilape|Drain Punch|p2a: Ogerpon\n|-damage|p2a: Ogerpon|41\/100 par\n|-heal|p1a: Annihilape|62\/100|[from] drain|[of] p2a: Ogerpon\n|move|p2a: Ogerpon|Ivy Cudgel|p1a: Annihilape|[anim] Ivy Cudgel Water\n|-damage|p1a: Annihilape|0 fnt\n|faint|p1a: Annihilape\n|move|p1b: Sinistcha|Matcha Gotcha|p2a: Ogerpon|[spread] p2a,p2b\n|-supereffective|p2a: Ogerpon\n|-resisted|p2b: Tornadus\n|-damage|p2a: Ogerpon|7\/100 par\n|-damage|p2b: Tornadus|48\/100 par\n|cant|p2b: Tornadus|par\n|\n|-weather|none\n|upkeep\n|\n|t:|1701174483\n|switch|p1a: Ninetales|Ninetales-Alola, L50, F|61\/100\n|-weather|Snow|[from] ability: Snow Warning|[of] p1a: Ninetales\n|turn|6\n|inactive|texastrill713 has 30 seconds left.\n|\n|t:|1701174514\n|cant|p2b: Tornadus|par\n|move|p1a: Ninetales|Icy Wind|p2a: Ogerpon|[spread] p2b\n|-miss|p1a: Ninetales|p2a: Ogerpon\n|-supereffective|p2b: Tornadus\n|-damage|p2b: Tornadus|25\/100 par\n|-unboost|p2b: Tornadus|spe|1\n|cant|p2a: Ogerpon|par\n|move|p1b: Sinistcha|Life Dew||[still]|[spread] p1a,p1b\n|-heal|p1a: Ninetales|86\/100\n|-fail|p1b: Sinistcha|heal\n|\n|-weather|Snow|[upkeep]\n|-sideend|p2: texastrill713|move: Tailwind\n|upkeep\n|turn|7\n|\n|t:|1701174538\n|cant|p2b: Tornadus|par\n|move|p1a: Ninetales|Icy Wind|p2a: Ogerpon|[spread] p2a,p2b\n|-resisted|p2a: Ogerpon\n|-supereffective|p2b: Tornadus\n|-damage|p2a: Ogerpon|3\/100 par\n|-damage|p2b: Tornadus|1\/100 par\n|-unboost|p2a: Ogerpon|spe|1\n|-unboost|p2b: Tornadus|spe|1\n|move|p1b: Sinistcha|Matcha Gotcha|p2a: Ogerpon|[spread] p2a,p2b\n|-supereffective|p2a: Ogerpon\n|-resisted|p2b: Tornadus\n|-damage|p2a: Ogerpon|0 fnt\n|-damage|p2b: Tornadus|0 fnt\n|faint|p2a: Ogerpon\n|faint|p2b: Tornadus\n|\n|-weather|Snow|[upkeep]\n|upkeep\n|\n|t:|1701174555\n|switch|p2a: Iron Hands|Iron Hands, L50|100\/100\n|switch|p2b: Arcanine|Arcanine-Hisui, L50, M|100\/100\n|-ability|p2b: Arcanine|Intimidate|boost\n|-unboost|p1a: Ninetales|atk|1\n|-unboost|p1b: Sinistcha|atk|1\n|turn|8\n|\n|t:|1701174576\n|move|p1a: Ninetales|Protect|p1a: Ninetales\n|-singleturn|p1a: Ninetales|Protect\n|move|p2a: Iron Hands|Fake Out|p1a: Ninetales\n|-activate|p1a: Ninetales|move: Protect\n|move|p2b: Arcanine|Flare Blitz|p1a: Ninetales\n|-activate|p1a: Ninetales|move: Protect\n|move|p1b: Sinistcha|Strength Sap|p2b: Arcanine\n|-unboost|p2b: Arcanine|atk|1\n|\n|-weather|Snow|[upkeep]\n|upkeep\n|turn|9\n|inactive|Kaiusco has 30 seconds left.\n|\n|t:|1701174610\n|-terastallize|p1a: Ninetales|Water\n|move|p1a: Ninetales|Aurora Veil|p1a: Ninetales\n|-sidestart|p1: Kaiusco|move: Aurora Veil\n|move|p2b: Arcanine|Flare Blitz|p1b: Sinistcha\n|-supereffective|p1b: Sinistcha\n|-damage|p1b: Sinistcha|62\/100\n|-damage|p2b: Arcanine|84\/100|[from] item: Rocky Helmet|[of] p1b: Sinistcha\n|-damage|p2b: Arcanine|72\/100|[from] Recoil\n|move|p1b: Sinistcha|Matcha Gotcha|p2b: Arcanine|[spread] p2a,p2b\n|-damage|p2a: Iron Hands|88\/100\n|-heal|p1b: Sinistcha|70\/100|[from] drain|[of] p2a: Iron Hands\n|-damage|p2b: Arcanine|46\/100\n|-heal|p1b: Sinistcha|85\/100|[from] drain|[of] p2b: Arcanine\n|-enditem|p2b: Arcanine|Sitrus Berry|[eat]\n|-heal|p2b: Arcanine|71\/100|[from] item: Sitrus Berry\n|move|p2a: Iron Hands|Heavy Slam|p1a: Ninetales\n|-resisted|p1a: Ninetales\n|-damage|p1a: Ninetales|70\/100\n|\n|-weather|Snow|[upkeep]\n|upkeep\n|turn|10\n|inactive|Kaiusco has 30 seconds left.\n|inactive|texastrill713 has 30 seconds left.\n|inactive|texastrill713 has 20 seconds left.\n|\n|t:|1701174647\n|move|p1a: Ninetales|Protect|p1a: Ninetales\n|-singleturn|p1a: Ninetales|Protect\n|move|p2b: Arcanine|Rock Slide|p1a: Ninetales|[spread] p1b\n|-activate|p1a: Ninetales|move: Protect\n|-damage|p1b: Sinistcha|76\/100\n|move|p1b: Sinistcha|Strength Sap|p2a: Iron Hands\n|-unboost|p2a: Iron Hands|atk|1\n|-heal|p1b: Sinistcha|100\/100\n|move|p2a: Iron Hands|Wild Charge|p1a: Ninetales\n|-activate|p1a: Ninetales|move: Protect\n|\n|-weather|none\n|upkeep\n|turn|11\n|c|\u2606texastrill713|Fuk u\n|inactive|Kaiusco has 30 seconds left.\n|inactive|texastrill713 has 30 seconds left.\n|\n|t:|1701174673\n|move|p1b: Sinistcha|Rage Powder|p1b: Sinistcha\n|-singleturn|p1b: Sinistcha|move: Rage Powder\n|move|p1a: Ninetales|Icy Wind|p2a: Iron Hands|[spread] p2a,p2b\n|-resisted|p2b: Arcanine\n|-damage|p2a: Iron Hands|82\/100\n|-damage|p2b: Arcanine|65\/100\n|-unboost|p2a: Iron Hands|spe|1\n|-unboost|p2b: Arcanine|spe|1\n|move|p2b: Arcanine|Rock Slide|p1b: Sinistcha|[spread] p1a,p1b\n|-damage|p1a: Ninetales|54\/100\n|-damage|p1b: Sinistcha|90\/100\n|move|p2a: Iron Hands|Wild Charge|p1b: Sinistcha\n|-resisted|p1b: Sinistcha\n|-damage|p1b: Sinistcha|81\/100\n|-damage|p2a: Iron Hands|65\/100|[from] item: Rocky Helmet|[of] p1b: Sinistcha\n|-damage|p2a: Iron Hands|64\/100|[from] Recoil\n|\n|upkeep\n|turn|12\n|inactive|texastrill713 has 30 seconds left.\n|\n|t:|1701174699\n|move|p1b: Sinistcha|Rage Powder|p1b: Sinistcha\n|-singleturn|p1b: Sinistcha|move: Rage Powder\n|move|p1a: Ninetales|Moonblast|p2a: Iron Hands\n|-supereffective|p2a: Iron Hands\n|-damage|p2a: Iron Hands|36\/100\n|move|p2b: Arcanine|Flare Blitz|p1b: Sinistcha\n|-supereffective|p1b: Sinistcha\n|-damage|p1b: Sinistcha|43\/100\n|-damage|p2b: Arcanine|48\/100|[from] item: Rocky Helmet|[of] p1b: Sinistcha\n|-damage|p2b: Arcanine|37\/100|[from] Recoil\n|move|p2a: Iron Hands|Heavy Slam|p1b: Sinistcha\n|-damage|p1b: Sinistcha|29\/100\n|-damage|p2a: Iron Hands|20\/100|[from] item: Rocky Helmet|[of] p1b: Sinistcha\n|\n|upkeep\n|turn|13\n|\n|t:|1701174722\n|move|p1a: Ninetales|Moonblast|p2a: Iron Hands\n|-supereffective|p2a: Iron Hands\n|-damage|p2a: Iron Hands|0 fnt\n|faint|p2a: Iron Hands\n|-end|p2a: Iron Hands|Quark Drive|[silent]\n|move|p1b: Sinistcha|Strength Sap|p2b: Arcanine\n|-unboost|p2b: Arcanine|atk|1\n|-heal|p1b: Sinistcha|96\/100\n|move|p2b: Arcanine|Flare Blitz|p1b: Sinistcha\n|-supereffective|p1b: Sinistcha\n|-damage|p1b: Sinistcha|64\/100\n|-damage|p2b: Arcanine|20\/100|[from] item: Rocky Helmet|[of] p1b: Sinistcha\n|-damage|p2b: Arcanine|11\/100|[from] Recoil\n|\n|upkeep\n|turn|14\n|c|\u2606texastrill713|Bs dumb ass hax\n|\n|t:|1701174744\n|move|p1a: Ninetales|Icy Wind|p2b: Arcanine\n|-resisted|p2b: Arcanine\n|-damage|p2b: Arcanine|3\/100\n|-unboost|p2b: Arcanine|spe|1\n|move|p1b: Sinistcha|Life Dew|p1b: Sinistcha|[spread] p1a,p1b\n|-heal|p1a: Ninetales|79\/100\n|-heal|p1b: Sinistcha|89\/100\n|move|p2b: Arcanine|Flare Blitz|p1b: Sinistcha\n|-supereffective|p1b: Sinistcha\n|-damage|p1b: Sinistcha|55\/100\n|-damage|p2b: Arcanine|0 fnt|[from] item: Rocky Helmet|[of] p1b: Sinistcha\n|faint|p2b: Arcanine\n|\n|win|Kaiusco\n|raw|Kaiusco's rating: 1230 &rarr; <strong>1261<\/strong><br \/>(+31 for winning)\n|raw|texastrill713's rating: 1310 &rarr; <strong>1285<\/strong><br \/>(-25 for losing)\n","uploadtime":1701174658,"views":5,"p1id":"kaiusco","p2id":"texastrill713","formatid":"gen9vgc2023regulatione","rating":1261,"private":0,"password":""}