{"id":"gen9vgc2023regulatione-1997574583","p1":"Philip2279","p2":"Prodejay","format":"[Gen 9] VGC 2023 Regulation E","log":"|j|\u2606Philip2279\n|j|\u2606Prodejay\n|t:|1700827713\n|gametype|doubles\n|player|p1|Philip2279|unknown|1173\n|player|p2|Prodejay|1|1031\n|teamsize|p1|6\n|teamsize|p2|6\n|gen|9\n|tier|[Gen 9] VGC 2023 Regulation E\n|rated|\n|rule|Species Clause: Limit one of each Pok\u00e9mon\n|rule|Item Clause: Limit one of each item\n|clearpoke\n|poke|p1|Flutter Mane, L50|\n|poke|p1|Kingambit, L50, F|\n|poke|p1|Amoonguss, L50, M|\n|poke|p1|Iron Hands, L50|\n|poke|p1|Quaquaval, L50, F|\n|poke|p1|Talonflame, L50, F|\n|poke|p2|Braviary-Hisui, L50, M|\n|poke|p2|Volbeat, L50, M|\n|poke|p2|Politoed, L50, F|\n|poke|p2|Basculegion, L50, M|\n|poke|p2|Clodsire, L50, F|\n|poke|p2|Iron Hands, L50|\n|teampreview|4\n|inactive|Battle timer is ON: inactive players will automatically lose when time's up. (requested by Philip2279)\n|inactive|Prodejay has 60 seconds left.\n|\n|t:|1700827774\n|start\n|switch|p1a: Flutter Mane|Flutter Mane, L50, shiny|100\/100\n|switch|p1b: Talonflame|Talonflame, L50, F|100\/100\n|switch|p2a: Clodsire|Clodsire, L50, F|100\/100\n|switch|p2b: Iron Hands|Iron Hands, L50|100\/100\n|-enditem|p1a: Flutter Mane|Booster Energy\n|-activate|p1a: Flutter Mane|ability: Protosynthesis|[fromitem]\n|-start|p1a: Flutter Mane|protosynthesisspa\n|-enditem|p2b: Iron Hands|Booster Energy\n|-activate|p2b: Iron Hands|ability: Quark Drive|[fromitem]\n|-start|p2b: Iron Hands|quarkdriveatk\n|turn|1\n|inactive|Prodejay has 30 seconds left.\n|inactive|Prodejay has 20 seconds left.\n|inactive|Prodejay has 15 seconds left.\n|\n|t:|1700827816\n|move|p1b: Talonflame|Air Slash|p2b: Iron Hands\n|-damage|p2b: Iron Hands|75\/100\n|move|p1a: Flutter Mane|Moonblast|p2b: Iron Hands\n|-supereffective|p2b: Iron Hands\n|-damage|p2b: Iron Hands|0 fnt\n|faint|p2b: Iron Hands\n|-end|p2b: Iron Hands|Quark Drive|[silent]\n|move|p2a: Clodsire|Toxic|p1a: Flutter Mane\n|-status|p1a: Flutter Mane|tox\n|\n|-damage|p1a: Flutter Mane|94\/100 tox|[from] psn\n|upkeep\n|\n|t:|1700827834\n|switch|p2b: Braviary|Braviary-Hisui, L50, M|100\/100\n|turn|2\n|\n|t:|1700827851\n|move|p1b: Talonflame|Air Slash|p2a: Clodsire\n|-damage|p2a: Clodsire|85\/100\n|move|p1a: Flutter Mane|Shadow Ball|p2a: Clodsire\n|-damage|p2a: Clodsire|52\/100\n|move|p2b: Braviary|Esper Wing|p1a: Flutter Mane\n|-damage|p1a: Flutter Mane|32\/100 tox\n|-boost|p2b: Braviary|spe|1\n|cant|p2a: Clodsire|flinch\n|\n|-heal|p2a: Clodsire|58\/100|[from] item: Leftovers\n|-damage|p1a: Flutter Mane|20\/100 tox|[from] psn\n|upkeep\n|turn|3\n|\n|t:|1700827871\n|move|p1b: Talonflame|Air Slash|p2a: Clodsire\n|-damage|p2a: Clodsire|43\/100\n|move|p1a: Flutter Mane|Shadow Ball|p2a: Clodsire\n|-damage|p2a: Clodsire|11\/100\n|move|p2b: Braviary|Esper Wing|p1b: Talonflame\n|-damage|p1b: Talonflame|0 fnt\n|-boost|p2b: Braviary|spe|1\n|faint|p1b: Talonflame\n|cant|p2a: Clodsire|flinch\n|\n|-heal|p2a: Clodsire|17\/100|[from] item: Leftovers\n|-damage|p1a: Flutter Mane|1\/100 tox|[from] psn\n|upkeep\n|\n|t:|1700827886\n|switch|p1b: Iron Hands|Iron Hands, L50, shiny|100\/100\n|turn|4\n|\n|t:|1700827893\n|move|p2a: Clodsire|Protect|p2a: Clodsire\n|-singleturn|p2a: Clodsire|Protect\n|move|p1b: Iron Hands|Fake Out|p2b: Braviary\n|-damage|p2b: Braviary|82\/100\n|move|p1a: Flutter Mane|Shadow Ball|p2b: Braviary\n|-supereffective|p2b: Braviary\n|-damage|p2b: Braviary|0 fnt\n|faint|p2b: Braviary\n|\n|-heal|p2a: Clodsire|23\/100|[from] item: Leftovers\n|-damage|p1a: Flutter Mane|0 fnt|[from] psn\n|faint|p1a: Flutter Mane\n|-end|p1a: Flutter Mane|Protosynthesis|[silent]\n|upkeep\n|\n|t:|1700827906\n|switch|p1a: Kingambit|Kingambit, L50, F, shiny|100\/100\n|switch|p2b: Politoed|Politoed, L50, F|100\/100\n|-weather|RainDance|[from] ability: Drizzle|[of] p2b: Politoed\n|turn|5\n|inactive|Prodejay has 30 seconds left.\n|\n|t:|1700827931\n|-terastallize|p1a: Kingambit|Flying\n|move|p2b: Politoed|Encore|p1b: Iron Hands\n|-start|p1b: Iron Hands|Encore\n|move|p1a: Kingambit|Kowtow Cleave|p2a: Clodsire\n|-damage|p2a: Clodsire|0 fnt\n|faint|p2a: Clodsire\n|move|p1b: Iron Hands|Fake Out||[still]\n|-hint|Fake Out only works on your first turn out.\n|-fail|p1b: Iron Hands\n|\n|-weather|RainDance|[upkeep]\n|upkeep\n|turn|6\n|\n|t:|1700827948\n|move|p1b: Iron Hands|Fake Out||[still]\n|-hint|Fake Out only works on your first turn out.\n|-fail|p1b: Iron Hands\n|move|p2b: Politoed|Perish Song|p2b: Politoed\n|-start|p1a: Kingambit|perish3|[silent]\n|-start|p1b: Iron Hands|perish3|[silent]\n|-start|p2b: Politoed|perish3|[silent]\n|-fieldactivate|move: Perish Song\n|move|p1a: Kingambit|Iron Head|p2b: Politoed\n|-resisted|p2b: Politoed\n|-damage|p2b: Politoed|76\/100\n|\n|-weather|RainDance|[upkeep]\n|-start|p2b: Politoed|perish3\n|-start|p1a: Kingambit|perish3\n|-start|p1b: Iron Hands|perish3\n|upkeep\n|turn|7\n|inactive|Philip2279 has 30 seconds left.\n|\n|t:|1700827979\n|move|p1b: Iron Hands|Fake Out||[still]\n|-hint|Fake Out only works on your first turn out.\n|-fail|p1b: Iron Hands\n|move|p2b: Politoed|Encore|p1a: Kingambit\n|-start|p1a: Kingambit|Encore\n|move|p1a: Kingambit|Iron Head|p2b: Politoed\n|-resisted|p2b: Politoed\n|-damage|p2b: Politoed|47\/100\n|-enditem|p2b: Politoed|Sitrus Berry|[eat]\n|-heal|p2b: Politoed|72\/100|[from] item: Sitrus Berry\n|\n|-weather|RainDance|[upkeep]\n|-end|p1b: Iron Hands|Encore\n|-start|p2b: Politoed|perish2\n|-start|p1b: Iron Hands|perish2\n|-start|p1a: Kingambit|perish2\n|upkeep\n|turn|8\n|\n|t:|1700827997\n|move|p1b: Iron Hands|Detect|p1b: Iron Hands\n|-singleturn|p1b: Iron Hands|Protect\n|move|p2b: Politoed|Encore|p1b: Iron Hands\n|-activate|p1b: Iron Hands|move: Protect\n|move|p1a: Kingambit|Iron Head|p2b: Politoed\n|-resisted|p2b: Politoed\n|-damage|p2b: Politoed|46\/100\n|\n|-weather|RainDance|[upkeep]\n|-start|p2b: Politoed|perish1\n|-start|p1b: Iron Hands|perish1\n|-start|p1a: Kingambit|perish1\n|upkeep\n|turn|9\n|\n|t:|1700828011\n|move|p2b: Politoed|Encore|p1b: Iron Hands\n|-start|p1b: Iron Hands|Encore\n|move|p1b: Iron Hands|Detect|p1b: Iron Hands\n|-singleturn|p1b: Iron Hands|Protect\n|move|p1a: Kingambit|Iron Head|p2b: Politoed\n|-resisted|p2b: Politoed\n|-damage|p2b: Politoed|20\/100\n|\n|-weather|none\n|-end|p1a: Kingambit|Encore\n|-start|p2b: Politoed|perish0\n|-start|p1b: Iron Hands|perish0\n|-start|p1a: Kingambit|perish0\n|faint|p2b: Politoed\n|faint|p1b: Iron Hands\n|-end|p1b: Iron Hands|Quark Drive|[silent]\n|faint|p1a: Kingambit\n|\n|win|Philip2279\n|upkeep\n|raw|Philip2279's rating: 1173 &rarr; <strong>1188<\/strong><br \/>(+15 for winning)\n|raw|Prodejay's rating: 1031 &rarr; <strong>1022<\/strong><br \/>(-9 for losing)\n","uploadtime":1700828036,"views":7,"p1id":"philip2279","p2id":"prodejay","formatid":"gen9vgc2023regulatione","rating":1022,"private":0,"password":""}