{"id":"gen9vgc2023regulatione-1992257198","p1":"Luiz Red","p2":"TheColorRedYT","format":"[Gen 9] VGC 2023 Regulation E","log":"|j|\u2606Luiz Red\n|j|\u2606TheColorRedYT\n|t:|1700168323\n|gametype|doubles\n|player|p1|Luiz Red|clown|\n|player|p2|TheColorRedYT|265|\n|teamsize|p1|6\n|teamsize|p2|6\n|gen|9\n|tier|[Gen 9] VGC 2023 Regulation E\n|rated|Tournament battle\n|rule|Species Clause: Limit one of each Pok\u00e9mon\n|rule|Item Clause: Limit one of each item\n|clearpoke\n|poke|p1|Tyranitar, L50, M|\n|poke|p1|Houndstone, L50, M|\n|poke|p1|Gholdengo, L50|\n|poke|p1|Landorus-Therian, L50, M|\n|poke|p1|Cresselia, L50, F|\n|poke|p1|Gastrodon-East, L50, F|\n|poke|p2|Lilligant-Hisui, L50, F|\n|poke|p2|Farigiraf, L50, M|\n|poke|p2|Torkoal, L50, F|\n|poke|p2|Iron Hands, L50|\n|poke|p2|Ogerpon-Hearthflame, L50, F|\n|poke|p2|Gyarados, L50, F|\n|teampreview|4\n|showteam|p1|Tyranitar||FocusSash|SandStream|RockSlide,Crunch,DragonDance,Protect|||M|||50|,,,,,Ghost]Houndstone||SpellTag|SandRush|LastRespects,Howl,ShadowSneak,Protect|||M|||50|,,,,,Ghost]Gholdengo||SitrusBerry|GoodasGold|DazzlingGleam,MakeItRain,NastyPlot,ShadowBall||||||50|,,,,,Fairy]Landorus-Therian||AssaultVest|Intimidate|Uturn,Earthquake,StompingTantrum,RockSlide|||M|||50|,,,,,Rock]Cresselia||BrightPowder|Levitate|AllySwitch,LunarBlessing,IcyWind,DoubleTeam|||F|||50|,,,,,Dark]Gastrodon-East||Leftovers|StormDrain|Yawn,IceBeam,Protect,AcidArmor|||F|||50|,,,,,Fire\n|showteam|p2|Lilligant-Hisui||FocusSash|Chlorophyll|SolarBlade,AfterYou,SleepPowder,CloseCombat|||F|||50|,,,,,Fighting]Farigiraf||MentalHerb|ArmorTail|Imprison,DazzlingGleam,TrickRoom,Psychic|||M|||50|,,,,,Fairy]Torkoal||Charcoal|Drought|Eruption,EarthPower,HeatWave,Protect|||F|||50|,,,,,Fire]Iron Hands||AssaultVest|QuarkDrive|WildCharge,DrainPunch,IcePunch,FakeOut||||||50|,,,,,Fire]Ogerpon-Hearthflame||HearthflameMask|MoldBreaker|IvyCudgel,WoodHammer,KnockOff,SpikyShield|||F|||50|,,,,,Fire]Gyarados||SitrusBerry|Intimidate|ThunderWave,Waterfall,StoneEdge,Taunt|||F|||50|,,,,,Grass\n|inactive|Battle timer is ON: inactive players will automatically lose when time's up. (requested by TheColorRedYT)\n|inactive|Luiz Red has 60 seconds left.\n|inactive|TheColorRedYT has 60 seconds left.\n|\n|t:|1700168364\n|start\n|switch|p1a: Landorus|Landorus-Therian, L50, M|100\/100\n|switch|p1b: Cresselia|Cresselia, L50, F, shiny|100\/100\n|switch|p2a: Lilligant|Lilligant-Hisui, L50, F|100\/100\n|switch|p2b: Torkoal|Torkoal, L50, F|100\/100\n|-ability|p1a: Landorus|Intimidate|boost\n|-unboost|p2a: Lilligant|atk|1\n|-unboost|p2b: Torkoal|atk|1\n|-weather|SunnyDay|[from] ability: Drought|[of] p2b: Torkoal\n|turn|1\n|inactive|Luiz Red has 30 seconds left.\n|inactive|TheColorRedYT has 30 seconds left.\n|inactive|TheColorRedYT has 20 seconds left.\n|inactive|TheColorRedYT has 15 seconds left.\n|inactive|TheColorRedYT has 10 seconds left.\n|\n|t:|1700168411\n|switch|p1a: Tyranitar|Tyranitar, L50, M, shiny|100\/100\n|-weather|Sandstorm|[from] ability: Sand Stream|[of] p1a: Tyranitar\n|move|p2b: Torkoal|Protect|p2b: Torkoal\n|-singleturn|p2b: Torkoal|Protect\n|move|p2a: Lilligant|Sleep Powder|p1a: Tyranitar\n|-status|p1a: Tyranitar|slp|[from] move: Sleep Powder\n|move|p1b: Cresselia|Double Team|p1b: Cresselia\n|-boost|p1b: Cresselia|evasion|1\n|\n|-weather|Sandstorm|[upkeep]\n|-damage|p2a: Lilligant|94\/100|[from] Sandstorm\n|-damage|p1b: Cresselia|94\/100|[from] Sandstorm\n|-damage|p2b: Torkoal|94\/100|[from] Sandstorm\n|upkeep\n|turn|2\n|\n|t:|1700168435\n|switch|p2a: Iron Hands|Iron Hands, L50|100\/100\n|switch|p1a: Landorus|Landorus-Therian, L50, M|100\/100\n|-ability|p1a: Landorus|Intimidate|boost\n|-unboost|p2a: Iron Hands|atk|1\n|-unboost|p2b: Torkoal|atk|1\n|switch|p2b: Ogerpon|Ogerpon-Hearthflame, L50, F|100\/100\n|-ability|p2b: Ogerpon|Mold Breaker\n|move|p1b: Cresselia|Double Team|p1b: Cresselia\n|-boost|p1b: Cresselia|evasion|1\n|\n|-weather|Sandstorm|[upkeep]\n|-damage|p2b: Ogerpon|94\/100|[from] Sandstorm\n|-damage|p1b: Cresselia|88\/100|[from] Sandstorm\n|-damage|p2a: Iron Hands|95\/100|[from] Sandstorm\n|upkeep\n|turn|3\n|inactive|TheColorRedYT has 30 seconds left.\n|\n|t:|1700168462\n|-terastallize|p2b: Ogerpon|Fire\n|detailschange|p2b: Ogerpon|Ogerpon-Hearthflame-Tera, L50, F, tera:Fire\n|-ability|p2b: Ogerpon|Embody Aspect (Hearthflame)|boost\n|-boost|p2b: Ogerpon|atk|1\n|move|p2a: Iron Hands|Fake Out|p1b: Cresselia\n|-damage|p1b: Cresselia|82\/100\n|cant|p1b: Cresselia|flinch\n|move|p2b: Ogerpon|Knock Off|p1a: Landorus\n|-damage|p1a: Landorus|40\/100\n|-enditem|p1a: Landorus|Assault Vest|[from] move: Knock Off|[of] p2b: Ogerpon\n|move|p1a: Landorus|Earthquake|p2b: Ogerpon|[spread] p2a,p2b\n|-immune|p1b: Cresselia|[from] ability: Levitate\n|-supereffective|p2a: Iron Hands\n|-supereffective|p2b: Ogerpon\n|-damage|p2a: Iron Hands|34\/100\n|-damage|p2b: Ogerpon|0 fnt\n|faint|p2b: Ogerpon\n|\n|-weather|Sandstorm|[upkeep]\n|-damage|p1b: Cresselia|75\/100|[from] Sandstorm\n|-damage|p2a: Iron Hands|28\/100|[from] Sandstorm\n|upkeep\n|\n|t:|1700168482\n|switch|p2b: Torkoal|Torkoal, L50, F|94\/100\n|-weather|SunnyDay|[from] ability: Drought|[of] p2b: Torkoal\n|turn|4\n|\n|t:|1700168494\n|move|p2b: Torkoal|Protect|p2b: Torkoal\n|-singleturn|p2b: Torkoal|Protect\n|move|p1a: Landorus|Earthquake|p2b: Torkoal|[spread] p2a\n|-activate|p2b: Torkoal|move: Protect\n|-immune|p1b: Cresselia|[from] ability: Levitate\n|-supereffective|p2a: Iron Hands\n|-damage|p2a: Iron Hands|0 fnt\n|faint|p2a: Iron Hands\n|-end|p2a: Iron Hands|Quark Drive|[silent]\n|move|p1b: Cresselia|Lunar Blessing|p1b: Cresselia|[spread] p1a,p1b\n|-heal|p1a: Landorus|65\/100\n|-heal|p1b: Cresselia|100\/100\n|\n|-weather|SunnyDay|[upkeep]\n|upkeep\n|\n|t:|1700168507\n|switch|p2a: Lilligant|Lilligant-Hisui, L50, F|94\/100\n|turn|5\n|\n|t:|1700168525\n|switch|p1a: Tyranitar|Tyranitar, L50, M, shiny|100\/100 slp\n|-weather|Sandstorm|[from] ability: Sand Stream|[of] p1a: Tyranitar\n|move|p2a: Lilligant|After You|p2b: Torkoal\n|-activate|p2b: Torkoal|move: After You\n|move|p2b: Torkoal|Eruption|p1b: Cresselia|[spread] p1a,p1b\n|-resisted|p1a: Tyranitar\n|-damage|p1a: Tyranitar|85\/100 slp\n|-damage|p1b: Cresselia|71\/100\n|move|p1b: Cresselia|Double Team|p1b: Cresselia\n|-boost|p1b: Cresselia|evasion|1\n|\n|-weather|Sandstorm|[upkeep]\n|-damage|p2a: Lilligant|88\/100|[from] Sandstorm\n|-damage|p1b: Cresselia|65\/100|[from] Sandstorm\n|-damage|p2b: Torkoal|88\/100|[from] Sandstorm\n|upkeep\n|turn|6\n|\n|t:|1700168546\n|cant|p1a: Tyranitar|slp\n|move|p2a: Lilligant|Close Combat|p1a: Tyranitar\n|-supereffective|p1a: Tyranitar\n|-damage|p1a: Tyranitar|0 fnt\n|-unboost|p2a: Lilligant|def|1\n|-unboost|p2a: Lilligant|spd|1\n|faint|p1a: Tyranitar\n|move|p1b: Cresselia|Lunar Blessing|p1b: Cresselia\n|-heal|p1b: Cresselia|90\/100\n|move|p2b: Torkoal|Eruption|p1b: Cresselia|[miss]\n|-miss|p2b: Torkoal|p1b: Cresselia\n|\n|-weather|Sandstorm|[upkeep]\n|-damage|p2a: Lilligant|82\/100|[from] Sandstorm\n|-damage|p1b: Cresselia|84\/100|[from] Sandstorm\n|-damage|p2b: Torkoal|82\/100|[from] Sandstorm\n|upkeep\n|\n|t:|1700168565\n|switch|p1a: Landorus|Landorus-Therian, L50, M|65\/100\n|-ability|p1a: Landorus|Intimidate|boost\n|-unboost|p2a: Lilligant|atk|1\n|-unboost|p2b: Torkoal|atk|1\n|turn|7\n|\n|t:|1700168572\n|move|p2a: Lilligant|After You|p2b: Torkoal\n|-activate|p2b: Torkoal|move: After You\n|move|p2b: Torkoal|Eruption|p1b: Cresselia|[spread] p1a\n|-miss|p2b: Torkoal|p1b: Cresselia\n|-damage|p1a: Landorus|18\/100\n|move|p1a: Landorus|Earthquake|p2b: Torkoal|[spread] p2a,p2b\n|-immune|p1b: Cresselia|[from] ability: Levitate\n|-resisted|p2a: Lilligant\n|-supereffective|p2b: Torkoal\n|-damage|p2a: Lilligant|24\/100\n|-damage|p2b: Torkoal|13\/100\n|move|p1b: Cresselia|Lunar Blessing|p1b: Cresselia|[spread] p1a,p1b\n|-heal|p1a: Landorus|43\/100\n|-heal|p1b: Cresselia|100\/100\n|\n|-weather|Sandstorm|[upkeep]\n|-damage|p2a: Lilligant|18\/100|[from] Sandstorm\n|-damage|p1b: Cresselia|94\/100|[from] Sandstorm\n|-damage|p2b: Torkoal|7\/100|[from] Sandstorm\n|upkeep\n|turn|8\n|\n|t:|1700168597\n|move|p2a: Lilligant|After You|p2b: Torkoal\n|-activate|p2b: Torkoal|move: After You\n|move|p2b: Torkoal|Heat Wave|p1a: Landorus|[spread] p1a,p1b\n|-crit|p1a: Landorus\n|-damage|p1a: Landorus|0 fnt\n|-damage|p1b: Cresselia|73\/100\n|faint|p1a: Landorus\n|move|p1b: Cresselia|Icy Wind|p2b: Torkoal|[spread] p2b\n|-miss|p1b: Cresselia|p2a: Lilligant\n|-resisted|p2b: Torkoal\n|-damage|p2b: Torkoal|2\/100\n|-unboost|p2b: Torkoal|spe|1\n|\n|-weather|Sandstorm|[upkeep]\n|-damage|p2a: Lilligant|11\/100|[from] Sandstorm\n|-damage|p1b: Cresselia|67\/100|[from] Sandstorm\n|-damage|p2b: Torkoal|0 fnt|[from] Sandstorm\n|faint|p2b: Torkoal\n|upkeep\n|\n|t:|1700168613\n|switch|p1a: Houndstone|Houndstone, L50, M|100\/100\n|turn|9\n|\n|t:|1700168623\n|move|p1a: Houndstone|Last Respects|p2a: Lilligant\n|-damage|p2a: Lilligant|0 fnt\n|faint|p2a: Lilligant\n|\n|win|Luiz Red\n|n|\u2606Luiz Red|luizred\n|n|\u2606TheColorRedYT|thecolorredyt\n|l|\u2606TheColorRedYT\n","uploadtime":1700168636,"views":17,"p1id":"luizred","p2id":"thecolorredyt","formatid":"gen9vgc2023regulatione","rating":0,"private":0,"password":""}