{"id":"gen9vgc2023regulatione-1993138556","p1":"The Carkol Rider","p2":"Fernanch","format":"[Gen 9] VGC 2023 Regulation E","log":"|j|\u2606The Carkol Rider\n|j|\u2606Fernanch\n|n|\u2606The Carkol Rider|thecarkolrider\n|n|\u2606Fernanch|fernanch\n|html|View the match progress at <a href=\"\/game-bestof3-gen9vgc2023regulatione-1993136230\">game-bestof3-gen9vgc2023regulatione-1993136230<\/a>\n|t:|1700269344\n|gametype|doubles\n|player|p1|The Carkol Rider|grimsley|\n|player|p2|Fernanch|waiter-gen4dp|\n|teamsize|p1|6\n|teamsize|p2|6\n|gen|9\n|tier|[Gen 9] VGC 2023 Regulation E\n|rule|Species Clause: Limit one of each Pok\u00e9mon\n|rule|Item Clause: Limit one of each item\n|clearpoke\n|poke|p1|Ogerpon-Hearthflame, L50, F|\n|poke|p1|Tornadus, L50, M|\n|poke|p1|Sandy Shocks, L50|\n|poke|p1|Espathra, L50, M|\n|poke|p1|Gholdengo, L50|\n|poke|p1|Kommo-o, L50, M|\n|poke|p2|Iron Hands, L50|\n|poke|p2|Amoonguss, L50, F|\n|poke|p2|Chi-Yu, L50|\n|poke|p2|Grafaiai, L50, F|\n|poke|p2|Regieleki, L50|\n|poke|p2|Jigglypuff, L50, M|\n|teampreview|4\n|c|\u2606Fernanch|glhf\n|c|\u2606The Carkol Rider|u2\n|\n|t:|1700269406\n|start\n|switch|p1a: Ogerpon|Ogerpon-Hearthflame, L50, F|100\/100\n|switch|p1b: Tornadus|Tornadus, L50, M|100\/100\n|switch|p2a: Iron Hands|Iron Hands, L50|100\/100\n|switch|p2b: Amoonguss|Amoonguss, L50, F|100\/100\n|-ability|p1a: Ogerpon|Mold Breaker\n|turn|1\n|\n|t:|1700269426\n|-terastallize|p2b: Amoonguss|Fire\n|move|p2a: Iron Hands|Fake Out|p1b: Tornadus\n|-damage|p1b: Tornadus|76\/100\n|move|p1b: Tornadus|Sunny Day|p1b: Tornadus\n|-weather|SunnyDay\n|move|p1a: Ogerpon|Ivy Cudgel|p2a: Iron Hands|[anim] Ivy Cudgel Fire\n|-damage|p2a: Iron Hands|39\/100\n|move|p2b: Amoonguss|Sludge Bomb|p1a: Ogerpon\n|-supereffective|p1a: Ogerpon\n|-damage|p1a: Ogerpon|36\/100\n|\n|-weather|SunnyDay|[upkeep]\n|upkeep\n|turn|2\n|\n|t:|1700269448\n|-end|p2a: Iron Hands|Quark Drive|[silent]\n|switch|p2a: Chi-Yu|Chi-Yu, L50|100\/100\n|-ability|p2a: Chi-Yu|Beads of Ruin\n|move|p1b: Tornadus|Taunt|p2b: Amoonguss\n|-start|p2b: Amoonguss|move: Taunt\n|-enditem|p2b: Amoonguss|Mental Herb\n|-end|p2b: Amoonguss|move: Taunt\n|move|p1a: Ogerpon|Ivy Cudgel|p2a: Chi-Yu|[anim] Ivy Cudgel Fire\n|-resisted|p2a: Chi-Yu\n|-damage|p2a: Chi-Yu|23\/100\n|move|p2b: Amoonguss|Spore|p1b: Tornadus\n|-status|p1b: Tornadus|slp|[from] move: Spore\n|\n|-weather|SunnyDay|[upkeep]\n|upkeep\n|turn|3\n|\n|t:|1700269465\n|move|p1a: Ogerpon|Spiky Shield|p1a: Ogerpon\n|-singleturn|p1a: Ogerpon|move: Protect\n|move|p2a: Chi-Yu|Protect|p2a: Chi-Yu\n|-singleturn|p2a: Chi-Yu|Protect\n|cant|p1b: Tornadus|slp\n|move|p2b: Amoonguss|Sludge Bomb|p1a: Ogerpon\n|-activate|p1a: Ogerpon|move: Protect\n|\n|-weather|SunnyDay|[upkeep]\n|upkeep\n|turn|4\n|\n|t:|1700269472\n|switch|p1a: Espathra|Espathra, L50, M|100\/100\n|switch|p2a: Iron Hands|Iron Hands, L50|39\/100\n|-curestatus|p1b: Tornadus|slp|[msg]\n|move|p1b: Tornadus|Tailwind|p1b: Tornadus\n|-sidestart|p1: The Carkol Rider|move: Tailwind\n|move|p2b: Amoonguss|Sludge Bomb|p1a: Espathra\n|-damage|p1a: Espathra|66\/100\n|\n|-weather|SunnyDay|[upkeep]\n|upkeep\n|turn|5\n|\n|t:|1700269488\n|move|p1a: Espathra|Protect|p1a: Espathra\n|-singleturn|p1a: Espathra|Protect\n|move|p2a: Iron Hands|Fake Out|p1a: Espathra\n|-activate|p1a: Espathra|move: Protect\n|move|p1b: Tornadus|Taunt|p2b: Amoonguss\n|-start|p2b: Amoonguss|move: Taunt\n|cant|p2b: Amoonguss|move: Taunt|Spore\n|\n|-weather|none\n|-ability|p1a: Espathra|Speed Boost|boost\n|-boost|p1a: Espathra|spe|1\n|upkeep\n|turn|6\n|\n|t:|1700269522\n|-end|p2a: Iron Hands|Quark Drive|[silent]\n|switch|p2a: Chi-Yu|Chi-Yu, L50|23\/100\n|-ability|p2a: Chi-Yu|Beads of Ruin\n|move|p1a: Espathra|Lumina Crash|p2a: Chi-Yu\n|-immune|p2a: Chi-Yu\n|move|p1b: Tornadus|Bleakwind Storm|p2b: Amoonguss|[spread] p2a,p2b\n|-damage|p2a: Chi-Yu|0 fnt\n|-damage|p2b: Amoonguss|48\/100\n|-unboost|p2b: Amoonguss|spe|1\n|faint|p2a: Chi-Yu\n|move|p2b: Amoonguss|Pollen Puff|p1a: Espathra\n|-supereffective|p1a: Espathra\n|-damage|p1a: Espathra|17\/100\n|\n|-ability|p1a: Espathra|Speed Boost|boost\n|-boost|p1a: Espathra|spe|1\n|upkeep\n|\n|t:|1700269538\n|switch|p2a: Iron Hands|Iron Hands, L50|39\/100\n|turn|7\n|\n|t:|1700269543\n|switch|p1a: Kommo-o|Kommo-o, L50, M|100\/100\n|move|p1b: Tornadus|Bleakwind Storm|p2b: Amoonguss|[spread] p2b\n|-miss|p1b: Tornadus|p2a: Iron Hands\n|-damage|p2b: Amoonguss|8\/100\n|move|p2a: Iron Hands|Wild Charge|p1b: Tornadus\n|-supereffective|p1b: Tornadus\n|-damage|p1b: Tornadus|0 fnt\n|faint|p1b: Tornadus\n|-damage|p2a: Iron Hands|27\/100|[from] Recoil\n|move|p2b: Amoonguss|Pollen Puff|p2a: Iron Hands\n|-heal|p2a: Iron Hands|77\/100\n|\n|-end|p2b: Amoonguss|move: Taunt\n|-sideend|p1: The Carkol Rider|move: Tailwind\n|upkeep\n|\n|t:|1700269550\n|switch|p1b: Ogerpon|Ogerpon-Hearthflame, L50, F|36\/100\n|-ability|p1b: Ogerpon|Mold Breaker\n|turn|8\n|\n|t:|1700269586\n|move|p1b: Ogerpon|Follow Me|p1b: Ogerpon\n|-singleturn|p1b: Ogerpon|move: Follow Me\n|move|p2b: Amoonguss|Rage Powder|p2b: Amoonguss\n|-singleturn|p2b: Amoonguss|move: Rage Powder\n|move|p1a: Kommo-o|Clangorous Soul|p1a: Kommo-o\n|-boost|p1a: Kommo-o|atk|1\n|-boost|p1a: Kommo-o|def|1\n|-boost|p1a: Kommo-o|spa|1\n|-boost|p1a: Kommo-o|spd|1\n|-boost|p1a: Kommo-o|spe|1\n|-damage|p1a: Kommo-o|68\/100\n|-enditem|p1a: Kommo-o|Throat Spray\n|-boost|p1a: Kommo-o|spa|1|[from] item: Throat Spray\n|move|p2a: Iron Hands|Drain Punch|p1b: Ogerpon\n|-damage|p1b: Ogerpon|0 fnt\n|-heal|p2a: Iron Hands|89\/100|[from] drain|[of] p1b: Ogerpon\n|faint|p1b: Ogerpon\n|\n|upkeep\n|\n|t:|1700269594\n|switch|p1b: Espathra|Espathra, L50, M|17\/100\n|turn|9\n|\n|t:|1700269606\n|-end|p2a: Iron Hands|Quark Drive|[silent]\n|switch|p2a: Regieleki|Regieleki, L50|100\/100\n|-terastallize|p1a: Kommo-o|Poison\n|move|p1a: Kommo-o|Clanging Scales|p2a: Regieleki|[spread] p2a,p2b\n|-damage|p2a: Regieleki|0 fnt\n|-damage|p2b: Amoonguss|0 fnt\n|faint|p2a: Regieleki\n|faint|p2b: Amoonguss\n|-unboost|p1a: Kommo-o|def|1\n|move|p1b: Espathra|Lumina Crash|p2: Regieleki|[notarget]\n|-fail|p1b: Espathra\n|\n|-ability|p1b: Espathra|Speed Boost|boost\n|-boost|p1b: Espathra|spe|1\n|upkeep\n|\n|t:|1700269615\n|switch|p2b: Iron Hands|Iron Hands, L50|89\/100\n|turn|10\n|\n|t:|1700269622\n|move|p1b: Espathra|Protect|p1b: Espathra\n|-singleturn|p1b: Espathra|Protect\n|move|p1a: Kommo-o|Protect|p1a: Kommo-o\n|-singleturn|p1a: Kommo-o|Protect\n|move|p2b: Iron Hands|Wild Charge|p1a: Kommo-o\n|-activate|p1a: Kommo-o|move: Protect\n|\n|-ability|p1b: Espathra|Speed Boost|boost\n|-boost|p1b: Espathra|spe|1\n|upkeep\n|turn|11\n|c|\u2606The Carkol Rider|gg\n|c|\u2606Fernanch|gg\n|\n|t:|1700269631\n|move|p1b: Espathra|Lumina Crash|p2b: Iron Hands\n|-supereffective|p2b: Iron Hands\n|-damage|p2b: Iron Hands|61\/100\n|-unboost|p2b: Iron Hands|spd|2\n|move|p1a: Kommo-o|Clanging Scales|p2b: Iron Hands\n|-damage|p2b: Iron Hands|0 fnt\n|faint|p2b: Iron Hands\n|-end|p2b: Iron Hands|Quark Drive|[silent]\n|\n|win|The Carkol Rider\n|c|&|\/uhtml prompt-fernanch,Fernanch is ready for game 3!\n|c|&|\/uhtml prompt-thecarkolrider,The Carkol Rider is ready for game 3!\nBoth players are ready! Starting next match!\n","uploadtime":1700269642,"views":19,"p1id":"thecarkolrider","p2id":"fernanch","formatid":"gen9vgc2023regulatione","rating":0,"private":0,"password":""}