{"id":"gen9vgc2023regulatione-1993631329","p1":"BigSteveVGC","p2":"texastrill713","format":"[Gen 9] VGC 2023 Regulation E","log":"|j|\u2606BigSteveVGC\n|j|\u2606texastrill713\n|t:|1700339495\n|gametype|doubles\n|player|p1|BigSteveVGC|102|1438\n|player|p2|texastrill713|lucas-gen4pt|1447\n|teamsize|p1|6\n|teamsize|p2|6\n|gen|9\n|tier|[Gen 9] VGC 2023 Regulation E\n|rated|\n|rule|Species Clause: Limit one of each Pok\u00e9mon\n|rule|Item Clause: Limit one of each item\n|clearpoke\n|poke|p1|Regidrago, L50|\n|poke|p1|Regieleki, L50|\n|poke|p1|Tornadus, L50, M|\n|poke|p1|Arcanine-Hisui, L50, F|\n|poke|p1|Farigiraf, L50, M|\n|poke|p1|Landorus, L50, M|\n|poke|p2|Chien-Pao, L50|\n|poke|p2|Tornadus, L50, M|\n|poke|p2|Flutter Mane, L50|\n|poke|p2|Urshifu-*, L50, F|\n|poke|p2|Rillaboom, L50, M|\n|poke|p2|Heatran, L50, M|\n|teampreview|4\ntexastrill713 has agreed to open team sheets.\n|inactive|Battle timer is ON: inactive players will automatically lose when time's up. (requested by BigSteveVGC)\n|j| horizonbattle\n|l| horizonbattle\n|\n|t:|1700339582\n|start\n|switch|p1a: Regieleki|Regieleki, L50|100\/100\n|switch|p1b: Tornadus|Tornadus, L50, M|100\/100\n|switch|p2a: Rillaboom|Rillaboom, L50, M|100\/100\n|switch|p2b: Flutter Mane|Flutter Mane, L50|100\/100\n|-fieldstart|move: Grassy Terrain|[from] ability: Grassy Surge|[of] p2a: Rillaboom\n|-enditem|p2b: Flutter Mane|Booster Energy\n|-activate|p2b: Flutter Mane|ability: Protosynthesis|[fromitem]\n|-start|p2b: Flutter Mane|protosynthesisspa\n|turn|1\n|inactive|BigSteveVGC has 30 seconds left.\n|inactive|BigSteveVGC has 20 seconds left.\n|\n|t:|1700339621\n|switch|p1b: Farigiraf|Farigiraf, L50, M|100\/100\n|-terastallize|p1a: Regieleki|Ice\n|move|p2a: Rillaboom|Fake Out||[still]\n|cant|p1b: Farigiraf|ability: Armor Tail|Fake Out|[of] p2a: Rillaboom\n|move|p1a: Regieleki|Tera Blast|p2a: Rillaboom|[anim] Tera Blast Ice\n|-supereffective|p2a: Rillaboom\n|-damage|p2a: Rillaboom|12\/100\n|move|p2b: Flutter Mane|Moonblast|p1b: Farigiraf\n|-damage|p1b: Farigiraf|32\/100\n|\n|-heal|p2a: Rillaboom|18\/100|[from] Grassy Terrain\n|-heal|p1b: Farigiraf|38\/100|[from] Grassy Terrain\n|upkeep\n|turn|2\n|inactive|BigSteveVGC has 30 seconds left.\n|inactive|texastrill713 has 30 seconds left.\n|\n|t:|1700339654\n|switch|p1b: Landorus|Landorus, L50, M|100\/100\n|-terastallize|p2b: Flutter Mane|Fairy\n|move|p1a: Regieleki|Tera Blast|p2a: Rillaboom|[anim] Tera Blast Ice\n|-supereffective|p2a: Rillaboom\n|-damage|p2a: Rillaboom|0 fnt\n|faint|p2a: Rillaboom\n|move|p2b: Flutter Mane|Dazzling Gleam|p1a: Regieleki|[spread] p1a,p1b\n|-damage|p1a: Regieleki|0 fnt\n|-damage|p1b: Landorus|40\/100\n|faint|p1a: Regieleki\n|\n|upkeep\n|\n|t:|1700339678\n|switch|p1a: Tornadus|Tornadus, L50, M|100\/100\n|switch|p2a: Chien-Pao|Chien-Pao, L50|100\/100\n|-ability|p2a: Chien-Pao|Sword of Ruin\n|turn|3\n|\n|t:|1700339696\n|move|p2b: Flutter Mane|Protect|p2b: Flutter Mane\n|-singleturn|p2b: Flutter Mane|Protect\n|move|p1b: Landorus|Protect|p1b: Landorus\n|-singleturn|p1b: Landorus|Protect\n|move|p1a: Tornadus|Tailwind|p1a: Tornadus\n|-sidestart|p1: BigSteveVGC|move: Tailwind\n|move|p2a: Chien-Pao|Throat Chop|p1b: Landorus\n|-activate|p1b: Landorus|move: Protect\n|\n|upkeep\n|turn|4\n|inactive|BigSteveVGC has 30 seconds left.\n|\n|t:|1700339723\n|move|p1a: Tornadus|Bleakwind Storm|p2b: Flutter Mane|[spread] p2a,p2b\n|-damage|p2a: Chien-Pao|43\/100\n|-damage|p2b: Flutter Mane|64\/100\n|-unboost|p2b: Flutter Mane|spe|1\n|move|p1b: Landorus|Sandsear Storm|p2a: Chien-Pao|[spread] p2a,p2b\n|-damage|p2a: Chien-Pao|0 fnt\n|-damage|p2b: Flutter Mane|0 fnt\n|faint|p2a: Chien-Pao\n|faint|p2b: Flutter Mane\n|-end|p2b: Flutter Mane|Protosynthesis|[silent]\n|\n|upkeep\n|\n|t:|1700339735\n|switch|p2b: Urshifu|Urshifu-Rapid-Strike, L50, F|100\/100\n|turn|5\n|\n|t:|1700339757\n|move|p1a: Tornadus|Bleakwind Storm|p2b: Urshifu\n|-supereffective|p2b: Urshifu\n|-damage|p2b: Urshifu|0 fnt\n|faint|p2b: Urshifu\n|\n|win|BigSteveVGC\n|raw|BigSteveVGC's rating: 1438 &rarr; <strong>1459<\/strong><br \/>(+21 for winning)\n|raw|texastrill713's rating: 1447 &rarr; <strong>1426<\/strong><br \/>(-21 for losing)\n|l|\u2606BigSteveVGC\n|j|\u2606BigSteveVGC\n|player|p1|BigSteveVGC|102\n","uploadtime":1700339778,"views":21,"p1id":"bigstevevgc","p2id":"texastrill713","formatid":"gen9vgc2023regulatione","rating":1426,"private":0,"password":""}