{"id":"gen9vgc2023regulatione-1990652522","p1":"FunkyPengu1n","p2":"atam24","format":"[Gen 9] VGC 2023 Regulation E","log":"|j|\u2606FunkyPengu1n\n|j|\u2606atam24\n|t:|1699988942\n|gametype|doubles\n|player|p1|FunkyPengu1n|1|1409\n|player|p2|atam24|265|1428\n|teamsize|p1|6\n|teamsize|p2|6\n|gen|9\n|tier|[Gen 9] VGC 2023 Regulation E\n|rated|\n|rule|Species Clause: Limit one of each Pok\u00e9mon\n|rule|Item Clause: Limit one of each item\n|clearpoke\n|poke|p1|Salamence, L50, F|\n|poke|p1|Ninetales-Alola, L50, F|\n|poke|p1|Heatran, L50, M|\n|poke|p1|Rillaboom, L50, M|\n|poke|p1|Ogerpon-Wellspring, L50, F|\n|poke|p1|Milotic, L50, M|\n|poke|p2|Sneasler, L50, F|\n|poke|p2|Indeedee-F, L50, F|\n|poke|p2|Armarouge, L50, F|\n|poke|p2|Urshifu-*, L50, F|\n|poke|p2|Chien-Pao, L50|\n|poke|p2|Tornadus, L50, M|\n|teampreview|4\n|\n|t:|1699988971\n|start\n|switch|p1a: Milotic|Milotic, L50, M|100\/100\n|switch|p1b: Heatran|Heatran, L50, M|100\/100\n|switch|p2a: Tornadus|Tornadus, L50, M|100\/100\n|switch|p2b: Armarouge|Armarouge, L50, F|100\/100\n|turn|1\n|\n|t:|1699989006\n|switch|p2a: Indeedee|Indeedee-F, L50, F|100\/100\n|-fieldstart|move: Psychic Terrain|[from] ability: Psychic Surge|[of] p2a: Indeedee\n|move|p1b: Heatran|Protect|p1b: Heatran\n|-singleturn|p1b: Heatran|Protect\n|move|p1a: Milotic|Protect|p1a: Milotic\n|-singleturn|p1a: Milotic|Protect\n|move|p2b: Armarouge|Expanding Force|p1a: Milotic|[spread] \n|-activate|p1a: Milotic|move: Protect\n|-activate|p1b: Heatran|move: Protect\n|\n|upkeep\n|turn|2\n|\n|t:|1699989028\n|switch|p1b: Rillaboom|Rillaboom, L50, M|100\/100\n|-fieldstart|move: Grassy Terrain|[from] ability: Grassy Surge|[of] p1b: Rillaboom\n|move|p2a: Indeedee|Helping Hand|p2b: Armarouge\n|-singleturn|p2b: Armarouge|Helping Hand|[of] p2a: Indeedee\n|move|p2b: Armarouge|Expanding Force|p1a: Milotic\n|-damage|p1a: Milotic|53\/100\n|move|p1a: Milotic|Coil|p1a: Milotic\n|-boost|p1a: Milotic|atk|1\n|-boost|p1a: Milotic|def|1\n|-boost|p1a: Milotic|accuracy|1\n|\n|-heal|p1a: Milotic|59\/100|[from] Grassy Terrain\n|-heal|p1a: Milotic|66\/100|[from] item: Leftovers\n|upkeep\n|turn|3\n|\n|t:|1699989053\n|switch|p2a: Tornadus|Tornadus, L50, M|100\/100\n|switch|p1b: Heatran|Heatran, L50, M|100\/100\n|move|p1a: Milotic|Protect|p1a: Milotic\n|-singleturn|p1a: Milotic|Protect\n|move|p2b: Armarouge|Armor Cannon|p1b: Heatran\n|-start|p1b: Heatran|ability: Flash Fire\n|\n|-heal|p1a: Milotic|72\/100|[from] Grassy Terrain\n|-heal|p1a: Milotic|78\/100|[from] item: Leftovers\n|upkeep\n|turn|4\n|\n|t:|1699989097\n|move|p1b: Heatran|Protect|p1b: Heatran\n|-singleturn|p1b: Heatran|Protect\n|move|p1a: Milotic|Protect||[still]\n|-fail|p1a: Milotic\n|move|p2a: Tornadus|Bleakwind Storm|p1b: Heatran|[spread] p1a\n|-activate|p1b: Heatran|move: Protect\n|-damage|p1a: Milotic|42\/100\n|-unboost|p1a: Milotic|spe|1\n|-ability|p1a: Milotic|Competitive|boost\n|-boost|p1a: Milotic|spa|2\n|move|p2b: Armarouge|Armor Cannon|p1a: Milotic\n|-resisted|p1a: Milotic\n|-damage|p1a: Milotic|19\/100\n|-unboost|p2b: Armarouge|def|1\n|-unboost|p2b: Armarouge|spd|1\n|\n|-heal|p1a: Milotic|25\/100|[from] Grassy Terrain\n|-heal|p1a: Milotic|32\/100|[from] item: Leftovers\n|upkeep\n|turn|5\n|\n|t:|1699989130\n|switch|p2a: Indeedee|Indeedee-F, L50, F|100\/100\n|-fieldstart|move: Psychic Terrain|[from] ability: Psychic Surge|[of] p2a: Indeedee\n|move|p2b: Armarouge|Expanding Force|p1a: Milotic|[spread] p1a,p1b\n|-resisted|p1b: Heatran\n|-damage|p1a: Milotic|0 fnt\n|-damage|p1b: Heatran|74\/100\n|faint|p1a: Milotic\n|move|p1b: Heatran|Earth Power|p2b: Armarouge\n|-supereffective|p2b: Armarouge\n|-enditem|p2b: Armarouge|Focus Sash\n|-damage|p2b: Armarouge|1\/100\n|\n|upkeep\n|\n|t:|1699989142\n|switch|p1a: Rillaboom|Rillaboom, L50, M|100\/100\n|-fieldstart|move: Grassy Terrain|[from] ability: Grassy Surge|[of] p1a: Rillaboom\n|turn|6\n|\n|t:|1699989158\n|switch|p2b: Sneasler|Sneasler, L50, F|100\/100\n|switch|p2a: Tornadus|Tornadus, L50, M|100\/100\n|move|p1a: Rillaboom|Fake Out|p2b: Sneasler\n|-damage|p2b: Sneasler|81\/100\n|move|p1b: Heatran|Heat Wave|p2b: Sneasler|[spread] p2a,p2b\n|-damage|p2a: Tornadus|20\/100\n|-damage|p2b: Sneasler|6\/100\n|\n|-heal|p2b: Sneasler|12\/100|[from] Grassy Terrain\n|-heal|p1b: Heatran|80\/100|[from] Grassy Terrain\n|upkeep\n|turn|7\n|\n|t:|1699989178\n|switch|p2a: Indeedee|Indeedee-F, L50, F|100\/100\n|-fieldstart|move: Psychic Terrain|[from] ability: Psychic Surge|[of] p2a: Indeedee\n|-enditem|p2b: Sneasler|Psychic Seed\n|-boost|p2b: Sneasler|spd|1|[from] item: Psychic Seed\n|switch|p1a: Salamence|Salamence, L50, F|100\/100\n|-ability|p1a: Salamence|Intimidate|boost\n|-unboost|p2a: Indeedee|atk|1\n|-unboost|p2b: Sneasler|atk|1\n|-terastallize|p1b: Heatran|Fairy\n|move|p2b: Sneasler|Close Combat|p1b: Heatran\n|-resisted|p1b: Heatran\n|-crit|p1b: Heatran\n|-damage|p1b: Heatran|38\/100\n|-unboost|p2b: Sneasler|def|1\n|-unboost|p2b: Sneasler|spd|1\n|-enditem|p1b: Heatran|Sitrus Berry|[eat]\n|-heal|p1b: Heatran|63\/100|[from] item: Sitrus Berry\n|move|p1b: Heatran|Heat Wave|p2a: Indeedee|[spread] p2a,p2b\n|-damage|p2a: Indeedee|46\/100\n|-damage|p2b: Sneasler|0 fnt\n|faint|p2b: Sneasler\n|\n|upkeep\n|\n|t:|1699989203\n|switch|p2b: Tornadus|Tornadus, L50, M|20\/100\n|turn|8\n|\n|t:|1699989215\n|move|p2a: Indeedee|Helping Hand|p2b: Tornadus\n|-singleturn|p2b: Tornadus|Helping Hand|[of] p2a: Indeedee\n|move|p2b: Tornadus|Bleakwind Storm|p1b: Heatran|[spread] p1a,p1b\n|-damage|p1a: Salamence|22\/100\n|-damage|p1b: Heatran|7\/100\n|-unboost|p1b: Heatran|spe|1\n|move|p1a: Salamence|Iron Head|p2a: Indeedee\n|-damage|p2a: Indeedee|12\/100\n|-damage|p1a: Salamence|6\/100|[from] item: Rocky Helmet|[of] p2a: Indeedee\n|move|p1b: Heatran|Heat Wave|p2a: Indeedee|[spread] p2a,p2b\n|-damage|p2a: Indeedee|0 fnt\n|-damage|p2b: Tornadus|0 fnt\n|faint|p2a: Indeedee\n|faint|p2b: Tornadus\n|\n|upkeep\n|\n|t:|1699989230\n|switch|p2b: Armarouge|Armarouge, L50, F|1\/100\n|turn|9\n|\n|t:|1699989238\n|move|p2b: Armarouge|Endure|p2b: Armarouge\n|-singleturn|p2b: Armarouge|move: Endure\n|move|p1a: Salamence|Iron Head|p2b: Armarouge\n|-resisted|p2b: Armarouge\n|-activate|p2b: Armarouge|move: Endure\n|-damage|p2b: Armarouge|1\/100\n|-ability|p2b: Armarouge|Weak Armor|boost\n|-unboost|p2b: Armarouge|def|1\n|-boost|p2b: Armarouge|spe|2\n|move|p1b: Heatran|Earth Power|p2b: Armarouge\n|-supereffective|p2b: Armarouge\n|-activate|p2b: Armarouge|move: Endure\n|-damage|p2b: Armarouge|1\/100\n|\n|upkeep\n|turn|10\n|\n|t:|1699989257\n|move|p2b: Armarouge|Expanding Force|p1a: Salamence|[spread] p1a,p1b\n|-damage|p1a: Salamence|0 fnt\n|-damage|p1b: Heatran|0 fnt\n|faint|p1a: Salamence\n|faint|p1b: Heatran\n|\n|upkeep\n|\n|t:|1699989264\n|switch|p1a: Rillaboom|Rillaboom, L50, M|100\/100\n|-fieldstart|move: Grassy Terrain|[from] ability: Grassy Surge|[of] p1a: Rillaboom\n|turn|11\n|\n|t:|1699989272\n|move|p1a: Rillaboom|Grassy Glide|p2b: Armarouge\n|-resisted|p2b: Armarouge\n|-crit|p2b: Armarouge\n|-damage|p2b: Armarouge|0 fnt\n|faint|p2b: Armarouge\n|\n|win|FunkyPengu1n\n|raw|FunkyPengu1n's rating: 1409 &rarr; <strong>1430<\/strong><br \/>(+21 for winning)\n|raw|atam24's rating: 1428 &rarr; <strong>1407<\/strong><br \/>(-21 for losing)\n|c|\u2606atam24|gg\n|l|\u2606atam24\n","uploadtime":1699989329,"views":20,"p1id":"funkypengu1n","p2id":"atam24","formatid":"gen9vgc2023regulatione","rating":1407,"private":0,"password":""}