{"id":"gen9vgc2023regulatione-1998894550","p1":"The real SuS","p2":"Chef204","format":"[Gen 9] VGC 2023 Regulation E","log":"|j|\u2606The real SuS\n|j|\u2606Chef204\n|t:|1701009822\n|gametype|doubles\n|player|p1|The real SuS|ingo|1041\n|player|p2|Chef204|101|1125\n|teamsize|p1|6\n|teamsize|p2|6\n|gen|9\n|tier|[Gen 9] VGC 2023 Regulation E\n|rated|\n|rule|Species Clause: Limit one of each Pok\u00e9mon\n|rule|Item Clause: Limit one of each item\n|clearpoke\n|poke|p1|Zoroark-Hisui, L50, M|\n|poke|p1|Tornadus, L50, M|\n|poke|p1|Urshifu-*, L50, M|\n|poke|p1|Landorus-Therian, L50, M|\n|poke|p1|Regieleki, L50|\n|poke|p1|Rillaboom, L50, F|\n|poke|p2|Baxcalibur, L50, M|\n|poke|p2|Goodra-Hisui, L50, F|\n|poke|p2|Scream Tail, L50|\n|poke|p2|Landorus-Therian, L50, M|\n|poke|p2|Moltres-Galar, L50|\n|poke|p2|Ninetales-Alola, L50, F|\n|teampreview|4\n|\n|t:|1701009861\n|start\n|switch|p1a: Rillaboom|Rillaboom, L50, F|100\/100\n|switch|p1b: Tornadus|Tornadus, L50, M|100\/100\n|switch|p2a: AWOOOO|Scream Tail, L50|100\/100\n|switch|p2b: Rosa Tubsman|Goodra-Hisui, L50, F|100\/100\n|-fieldstart|move: Grassy Terrain|[from] ability: Grassy Surge|[of] p1a: Rillaboom\n|-enditem|p1a: Rillaboom|Grassy Seed\n|-boost|p1a: Rillaboom|def|1|[from] item: Grassy Seed\n|-enditem|p2a: AWOOOO|Booster Energy\n|-activate|p2a: AWOOOO|ability: Protosynthesis|[fromitem]\n|-start|p2a: AWOOOO|protosynthesisspe\n|turn|1\n|inactive|Battle timer is ON: inactive players will automatically lose when time's up. (requested by Chef204)\n|inactive|The real SuS has 60 seconds left.\n|\n|t:|1701009894\n|-terastallize|p2a: AWOOOO|Dark\n|move|p1a: Rillaboom|Fake Out|p2a: AWOOOO\n|-damage|p2a: AWOOOO|89\/100\n|move|p1b: Tornadus|Tailwind|p1b: Tornadus\n|-sidestart|p1: The real SuS|move: Tailwind\n|move|p2b: Rosa Tubsman|Shelter|p2b: Rosa Tubsman\n|-boost|p2b: Rosa Tubsman|def|2\n|cant|p2a: AWOOOO|flinch\n|\n|-heal|p2a: AWOOOO|95\/100|[from] Grassy Terrain\n|upkeep\n|turn|2\n|inactive|The real SuS has 30 seconds left.\n|\n|t:|1701009920\n|switch|p1b: Urshifu|Urshifu-Rapid-Strike, L50, M|100\/100\n|move|p1a: Rillaboom|Wood Hammer|p2b: Rosa Tubsman\n|-resisted|p2b: Rosa Tubsman\n|-damage|p2b: Rosa Tubsman|93\/100\n|-damage|p1a: Rillaboom|84\/100|[from] item: Rocky Helmet|[of] p2b: Rosa Tubsman\n|-damage|p1a: Rillaboom|81\/100|[from] Recoil\n|move|p2b: Rosa Tubsman|Body Press|p1a: Rillaboom\n|-damage|p1a: Rillaboom|44\/100\n|move|p2a: AWOOOO|Trick Room|p2a: AWOOOO\n|-fieldstart|move: Trick Room|[of] p2a: AWOOOO\n|\n|-heal|p2b: Rosa Tubsman|99\/100|[from] Grassy Terrain\n|-heal|p2a: AWOOOO|100\/100|[from] Grassy Terrain\n|-heal|p1a: Rillaboom|50\/100|[from] Grassy Terrain\n|upkeep\n|turn|3\n|inactive|The real SuS has 30 seconds left.\n|inactive|Chef204 has 30 seconds left.\n|inactive|The real SuS has 20 seconds left.\n|\n|t:|1701009955\n|switch|p1a: Tornadus|Tornadus, L50, M|100\/100\n|-terastallize|p1b: Urshifu|Ghost\n|move|p2b: Rosa Tubsman|Body Press|p1b: Urshifu\n|-immune|p1b: Urshifu\n|move|p2a: AWOOOO|Play Rough|p1b: Urshifu\n|-damage|p1b: Urshifu|71\/100\n|move|p1b: Urshifu|Close Combat|p2b: Rosa Tubsman\n|-supereffective|p2b: Rosa Tubsman\n|-damage|p2b: Rosa Tubsman|49\/100\n|-unboost|p1b: Urshifu|def|1\n|-unboost|p1b: Urshifu|spd|1\n|-damage|p1b: Urshifu|54\/100|[from] item: Rocky Helmet|[of] p2b: Rosa Tubsman\n|\n|-heal|p2b: Rosa Tubsman|55\/100|[from] Grassy Terrain\n|-heal|p1b: Urshifu|61\/100|[from] Grassy Terrain\n|upkeep\n|turn|4\n|inactive|The real SuS has 30 seconds left.\n|inactive|Chef204 has 30 seconds left.\n|\n|t:|1701009988\n|switch|p1b: Rillaboom|Rillaboom, L50, F|50\/100\n|move|p2b: Rosa Tubsman|Body Press|p1a: Tornadus\n|-resisted|p1a: Tornadus\n|-damage|p1a: Tornadus|69\/100\n|move|p2a: AWOOOO|Play Rough|p1b: Rillaboom\n|-damage|p1b: Rillaboom|16\/100\n|move|p1a: Tornadus|Bleakwind Storm|p2b: Rosa Tubsman|[spread] p2a\n|-miss|p1a: Tornadus|p2b: Rosa Tubsman\n|-crit|p2a: AWOOOO\n|-damage|p2a: AWOOOO|64\/100\n|\n|-heal|p2b: Rosa Tubsman|61\/100|[from] Grassy Terrain\n|-heal|p2a: AWOOOO|70\/100|[from] Grassy Terrain\n|-heal|p1b: Rillaboom|23\/100|[from] Grassy Terrain\n|-sideend|p1: The real SuS|move: Tailwind\n|upkeep\n|turn|5\n|inactive|The real SuS has 30 seconds left.\n|\n|t:|1701010017\n|move|p1b: Rillaboom|Fake Out|p2b: Rosa Tubsman\n|-resisted|p2b: Rosa Tubsman\n|-damage|p2b: Rosa Tubsman|59\/100\n|-damage|p1b: Rillaboom|6\/100|[from] item: Rocky Helmet|[of] p2b: Rosa Tubsman\n|cant|p2b: Rosa Tubsman|flinch\n|move|p1a: Tornadus|Bleakwind Storm|p2b: Rosa Tubsman|[spread] p2b\n|-miss|p1a: Tornadus|p2a: AWOOOO\n|-resisted|p2b: Rosa Tubsman\n|-damage|p2b: Rosa Tubsman|50\/100\n|move|p2a: AWOOOO|Howl|p2a: AWOOOO|[spread] p2a,p2b\n|-boost|p2a: AWOOOO|atk|1\n|-boost|p2b: Rosa Tubsman|atk|1\n|\n|-heal|p2b: Rosa Tubsman|56\/100|[from] Grassy Terrain\n|-heal|p1b: Rillaboom|12\/100|[from] Grassy Terrain\n|-heal|p2a: AWOOOO|76\/100|[from] Grassy Terrain\n|-fieldend|move: Grassy Terrain\n|upkeep\n|turn|6\n|inactive|The real SuS has 30 seconds left.\n|inactive|Chef204 has 30 seconds left.\n|\n|t:|1701010045\n|move|p1a: Tornadus|Tailwind|p1a: Tornadus\n|-sidestart|p1: The real SuS|move: Tailwind\n|move|p2b: Rosa Tubsman|Body Press|p1b: Rillaboom\n|-damage|p1b: Rillaboom|0 fnt\n|faint|p1b: Rillaboom\n|move|p2a: AWOOOO|Play Rough|p1a: Tornadus\n|-damage|p1a: Tornadus|11\/100\n|\n|-fieldend|move: Trick Room\n|upkeep\n|\n|t:|1701010056\n|switch|p1b: Urshifu|Urshifu-Rapid-Strike, L50, M, tera:Ghost|61\/100\n|turn|7\n|\n|t:|1701010073\n|move|p1a: Tornadus|Protect|p1a: Tornadus\n|-singleturn|p1a: Tornadus|Protect\n|move|p1b: Urshifu|Close Combat|p2a: AWOOOO\n|-supereffective|p2a: AWOOOO\n|-damage|p2a: AWOOOO|0 fnt\n|-unboost|p1b: Urshifu|def|1\n|-unboost|p1b: Urshifu|spd|1\n|faint|p2a: AWOOOO\n|-end|p2a: AWOOOO|Protosynthesis|[silent]\n|move|p2b: Rosa Tubsman|Heavy Slam|p1a: Tornadus\n|-activate|p1a: Tornadus|move: Protect\n|\n|upkeep\n|\n|t:|1701010088\n|switch|p2a: Mufasa|Moltres-Galar, L50|100\/100\n|turn|8\n|\n|t:|1701010097\n|move|p1b: Urshifu|Close Combat|p2a: Mufasa\n|-damage|p2a: Mufasa|44\/100\n|-unboost|p1b: Urshifu|def|1\n|-unboost|p1b: Urshifu|spd|1\n|-ability|p2a: Mufasa|Berserk|boost\n|-boost|p2a: Mufasa|spa|1\n|move|p1a: Tornadus|Bleakwind Storm|p2b: Rosa Tubsman|[spread] p2b\n|-miss|p1a: Tornadus|p2a: Mufasa\n|-resisted|p2b: Rosa Tubsman\n|-damage|p2b: Rosa Tubsman|48\/100\n|move|p2a: Mufasa|Fiery Wrath|p1b: Urshifu|[spread] p1a,p1b\n|-supereffective|p1b: Urshifu\n|-damage|p1a: Tornadus|0 fnt\n|-damage|p1b: Urshifu|0 fnt\n|faint|p1a: Tornadus\n|faint|p1b: Urshifu\n|move|p2b: Rosa Tubsman|Life Dew|p2b: Rosa Tubsman|[spread] p2a,p2b\n|-heal|p2a: Mufasa|69\/100\n|-heal|p2b: Rosa Tubsman|73\/100\n|\n|upkeep\n|\n|t:|1701010118\n|switch|p1b: Regieleki|Regieleki, L50|100\/100\n|turn|9\n|\n|t:|1701010134\n|switch|p2a: Antarctica|Ninetales-Alola, L50, F|100\/100\n|-weather|Snow|[from] ability: Snow Warning|[of] p2a: Antarctica\n|move|p1b: Regieleki|Thunderbolt|p2a: Antarctica\n|-damage|p2a: Antarctica|34\/100\n|-damage|p1b: Regieleki|91\/100|[from] item: Life Orb\n|move|p2b: Rosa Tubsman|Body Press|p1b: Regieleki\n|-damage|p1b: Regieleki|4\/100\n|\n|-weather|Snow|[upkeep]\n|-sideend|p1: The real SuS|move: Tailwind\n|upkeep\n|turn|10\n|\n|t:|1701010153\n|move|p1b: Regieleki|Thunderbolt|p2a: Antarctica\n|-damage|p2a: Antarctica|0 fnt\n|faint|p2a: Antarctica\n|-damage|p1b: Regieleki|0 fnt|[from] item: Life Orb\n|faint|p1b: Regieleki\n|\n|win|Chef204\n|raw|The real SuS's rating: 1041 &rarr; <strong>1029<\/strong><br \/>(-12 for losing)\n|raw|Chef204's rating: 1125 &rarr; <strong>1144<\/strong><br \/>(+19 for winning)\n|l|\u2606The real SuS\n","uploadtime":1701010170,"views":13,"p1id":"therealsus","p2id":"chef204","formatid":"gen9vgc2023regulatione","rating":1029,"private":0,"password":""}