{"id":"gen9vgc2023regulatione-1991485347","p1":"qls19","p2":"QLS2468","format":"[Gen 9] VGC 2023 Regulation E","log":"|j|\u2606qls19\n|j|\u2606QLS2468\n|n|\u2606qls19|qls19\n|n|\u2606QLS2468|qls2468\n|html|View the match progress at <a href=\"\/game-bestof3-gen9vgc2023regulatione-1991483345\">game-bestof3-gen9vgc2023regulatione-1991483345<\/a>\n|t:|1700081259\n|gametype|doubles\n|player|p1|qls19|102|\n|player|p2|QLS2468|266|\n|teamsize|p1|6\n|teamsize|p2|6\n|gen|9\n|tier|[Gen 9] VGC 2023 Regulation E\n|rule|Species Clause: Limit one of each Pok\u00e9mon\n|rule|Item Clause: Limit one of each item\n|clearpoke\n|poke|p1|Umbreon, L50, F|\n|poke|p1|Arcanine, L50, M|\n|poke|p1|Milotic, L50, M|\n|poke|p1|Ogerpon, L50, F|\n|poke|p1|Mienshao, L50, F|\n|poke|p1|Azelf, L50|\n|poke|p2|Umbreon, L50, M|\n|poke|p2|Arcanine, L50, M|\n|poke|p2|Milotic, L50, F|\n|poke|p2|Ogerpon, L50, F|\n|poke|p2|Mienshao, L50, M|\n|poke|p2|Azelf, L50|\n|teampreview|4\n|\n|t:|1700081269\n|start\n|switch|p1a: Milotic|Milotic, L50, M|100\/100\n|switch|p1b: Ogerpon|Ogerpon, L50, F|100\/100\n|switch|p2a: Ogerpon|Ogerpon, L50, F|100\/100\n|switch|p2b: Mienshao|Mienshao, L50, M|100\/100\n|turn|1\n|\n|t:|1700081284\n|switch|p1b: Azelf|Azelf, L50|100\/100\n|move|p1a: Milotic|Protect|p1a: Milotic\n|-singleturn|p1a: Milotic|Protect\n|move|p2b: Mienshao|Fake Out|p1b: Azelf\n|-crit|p1b: Azelf\n|-damage|p1b: Azelf|75\/100\n|move|p2a: Ogerpon|Horn Leech|p1a: Milotic\n|-activate|p1a: Milotic|move: Protect\n|\n|upkeep\n|turn|2\n|\n|t:|1700081305\n|switch|p1a: Arcanine|Arcanine, L50, M|100\/100\n|-ability|p1a: Arcanine|Intimidate|boost\n|-unboost|p2a: Ogerpon|atk|1\n|-ability|p2a: Ogerpon|Defiant|boost\n|-boost|p2a: Ogerpon|atk|2\n|-unboost|p2b: Mienshao|atk|1\n|move|p1b: Azelf|Psychic|p2b: Mienshao\n|-supereffective|p2b: Mienshao\n|-damage|p2b: Mienshao|0 fnt\n|faint|p2b: Mienshao\n|move|p2a: Ogerpon|Horn Leech|p1a: Arcanine\n|-resisted|p1a: Arcanine\n|-damage|p1a: Arcanine|66\/100\n|\n|upkeep\n|\n|t:|1700081324\n|switch|p2b: Azelf|Azelf, L50|100\/100\n|turn|3\n|\n|t:|1700081348\n|move|p2a: Ogerpon|Protect|p2a: Ogerpon\n|-singleturn|p2a: Ogerpon|Protect\n|move|p1b: Azelf|Nasty Plot|p1b: Azelf\n|-boost|p1b: Azelf|spa|2\n|move|p2b: Azelf|Dazzling Gleam|p1a: Arcanine|[spread] p1a,p1b\n|-resisted|p1a: Arcanine\n|-damage|p1a: Arcanine|58\/100\n|-damage|p1b: Azelf|52\/100\n|move|p1a: Arcanine|Flare Blitz|p2a: Ogerpon\n|-activate|p2a: Ogerpon|move: Protect\n|\n|upkeep\n|turn|4\n|\n|t:|1700081378\n|switch|p2b: Umbreon|Umbreon, L50, M|100\/100\n|move|p1b: Azelf|Dazzling Gleam|p2b: Umbreon|[spread] p2a,p2b\n|-supereffective|p2b: Umbreon\n|-damage|p2a: Ogerpon|62\/100\n|-damage|p2b: Umbreon|50\/100\n|move|p2a: Ogerpon|Stomping Tantrum|p1b: Azelf\n|-immune|p1b: Azelf|[from] ability: Levitate\n|move|p1a: Arcanine|Flare Blitz|p2a: Ogerpon\n|-supereffective|p2a: Ogerpon\n|-damage|p2a: Ogerpon|0 fnt\n|faint|p2a: Ogerpon\n|-damage|p1a: Arcanine|41\/100|[from] Recoil\n|-enditem|p1a: Arcanine|Sitrus Berry|[eat]\n|-heal|p1a: Arcanine|65\/100|[from] item: Sitrus Berry\n|\n|upkeep\n|\n|t:|1700081393\n|switch|p2a: Azelf|Azelf, L50|100\/100\n|turn|5\n|\n|t:|1700081408\n|switch|p1b: Milotic|Milotic, L50, M|100\/100\n|-terastallize|p2b: Umbreon|Fairy\n|move|p2a: Azelf|Psychic|p1a: Arcanine\n|-damage|p1a: Arcanine|20\/100\n|move|p1a: Arcanine|Will-O-Wisp|p2b: Umbreon\n|-status|p2b: Umbreon|brn\n|-activate|p2b: Umbreon|ability: Synchronize\n|-immune|p1a: Arcanine\n|move|p2b: Umbreon|Foul Play|p1b: Milotic\n|-damage|p1b: Milotic|94\/100\n|\n|-heal|p1b: Milotic|99\/100|[from] item: Leftovers\n|-damage|p2b: Umbreon|44\/100 brn|[from] brn\n|upkeep\n|turn|6\n|\n|t:|1700081435\n|move|p1a: Arcanine|Extreme Speed|p2b: Umbreon\n|-damage|p2b: Umbreon|32\/100 brn\n|-damage|p1a: Arcanine|4\/100|[from] item: Rocky Helmet|[of] p2b: Umbreon\n|move|p2a: Azelf|Psychic|p1a: Arcanine\n|-damage|p1a: Arcanine|0 fnt\n|faint|p1a: Arcanine\n|move|p1b: Milotic|Scald|p2a: Azelf\n|-damage|p2a: Azelf|65\/100\n|-status|p2a: Azelf|brn\n|move|p2b: Umbreon|Thunder Wave|p1b: Milotic\n|-status|p1b: Milotic|par\n|\n|-heal|p1b: Milotic|100\/100 par|[from] item: Leftovers\n|-damage|p2a: Azelf|59\/100 brn|[from] brn\n|-damage|p2b: Umbreon|26\/100 brn|[from] brn\n|upkeep\n|\n|t:|1700081451\n|switch|p1a: Ogerpon|Ogerpon, L50, F|100\/100\n|turn|7\n|\n|t:|1700081467\n|move|p1b: Milotic|Helping Hand|p1a: Ogerpon\n|-singleturn|p1a: Ogerpon|Helping Hand|[of] p1b: Milotic\n|move|p2b: Umbreon|Protect|p2b: Umbreon\n|-singleturn|p2b: Umbreon|Protect\n|move|p2a: Azelf|Psychic|p1a: Ogerpon\n|-damage|p1a: Ogerpon|48\/100\n|move|p1a: Ogerpon|Horn Leech|p2a: Azelf\n|-damage|p2a: Azelf|0 fnt\n|-heal|p1a: Ogerpon|76\/100|[from] drain|[of] p2a: Azelf\n|faint|p2a: Azelf\n|\n|-damage|p2b: Umbreon|20\/100 brn|[from] brn\n|upkeep\n|turn|8\n|\n|t:|1700081493\n|move|p1a: Ogerpon|Horn Leech|p2b: Umbreon\n|-crit|p2b: Umbreon\n|-damage|p2b: Umbreon|0 fnt\n|-heal|p1a: Ogerpon|88\/100|[from] drain|[of] p2b: Umbreon\n|-damage|p1a: Ogerpon|72\/100|[from] item: Rocky Helmet|[of] p2b: Umbreon\n|faint|p2b: Umbreon\n|\n|win|qls19\n|c|&|\/uhtml prompt-qls19,qls19 is ready for game 3!\n|inactive|QLS2468 has 50 seconds to confirm battle start!\n|c|&|\/uhtml prompt-qls2468,QLS2468 is ready for game 3!\nBoth players are ready! Starting next match!\n|l|\u2606qls19\n","uploadtime":1700081710,"views":9,"p1id":"qls19","p2id":"qls2468","formatid":"gen9vgc2023regulatione","rating":0,"private":0,"password":""}