{"id":"gen9vgc2023regulatione-1988599065","p1":"mathtass","p2":"Gurrasnurra5","format":"[Gen 9] VGC 2023 Regulation E","log":"|j|\u2606mathtass\n|j|\u2606Gurrasnurra5\n|n|\u2606mathtass|mathtass\n|n|\u2606Gurrasnurra5|gurrasnurra5\n|html|View the match progress at <a href=\"\/game-bestof3-gen9vgc2023regulatione-1988599064\">game-bestof3-gen9vgc2023regulatione-1988599064<\/a>\n|t:|1699740435\n|gametype|doubles\n|player|p1|mathtass|266|\n|player|p2|Gurrasnurra5|rood|\n|teamsize|p1|6\n|teamsize|p2|6\n|gen|9\n|tier|[Gen 9] VGC 2023 Regulation E\n|rated|Tournament battle\n|rule|Species Clause: Limit one of each Pok\u00e9mon\n|rule|Item Clause: Limit one of each item\n|clearpoke\n|poke|p1|Flutter Mane, L50|\n|poke|p1|Tornadus, L50, M|\n|poke|p1|Heatran, L50, M|\n|poke|p1|Chien-Pao, L50|\n|poke|p1|Rillaboom, L50, M|\n|poke|p1|Dragonite, L50, F|\n|poke|p2|Amoonguss, L50, F|\n|poke|p2|Tornadus, L50, M|\n|poke|p2|Chien-Pao, L50|\n|poke|p2|Urshifu-*, L50, F|\n|poke|p2|Arcanine-Hisui, L50, F|\n|poke|p2|Flutter Mane, L50|\n|teampreview|4\n|showteam|p1|Flutter Mane||BoosterEnergy|Protosynthesis|Moonblast,DazzlingGleam,ShadowBall,Protect||||||50|,,,,,Fairy]Tornadus||CovertCloak|Prankster|Taunt,BleakwindStorm,IcyWind,Tailwind|||M|||50|,,,,,Ghost]Heatran||LifeOrb|FlashFire|Protect,HeatWave,FlashCannon,WillOWisp|||M|||50|,,,,,Grass]Chien-Pao||FocusSash|SwordofRuin|IceSpinner,SuckerPunch,SacredSword,Protect||||||50|,,,,,Flying]Rillaboom||AssaultVest|GrassySurge|WoodHammer,StompingTantrum,GrassyGlide,FakeOut|||M|||50|,,,,,Fire]Dragonite||SilkScarf|InnerFocus|ExtremeSpeed,Protect,DragonDance,Earthquake|||F|||50|,,,,,Normal\n|showteam|p2|Amoonguss||RockyHelmet|Regenerator|Spore,RagePowder,Protect,PollenPuff|||F|||50|,,,,,Water]Tornadus||SitrusBerry|Prankster|Tailwind,BleakwindStorm,Taunt,RainDance|||M|||50|,,,,,Ghost]Chien-Pao||FocusSash|SwordofRuin|IceSpinner,SuckerPunch,Protect,SacredSword||||||50|,,,,,Ghost]Urshifu-Rapid-Strike||MysticWater|UnseenFist|SurgingStrikes,AquaJet,CloseCombat,Protect|||F|||50|,,,,,Water]Arcanine-Hisui||ChoiceBand|Intimidate|FlareBlitz,RockSlide,ExtremeSpeed,TeraBlast|||F|||50|,,,,,Fairy]Flutter Mane||ChoiceSpecs|Protosynthesis|Moonblast,DazzlingGleam,ShadowBall,EnergyBall||||||50|,,,,,Fairy\n|inactive|Battle timer is ON: inactive players will automatically lose when time's up. (requested by Gurrasnurra5)\n|inactive|mathtass has 60 seconds left.\n|inactive|mathtass has 30 seconds left.\n|inactive|mathtass has 20 seconds left.\n|inactive|mathtass has 15 seconds left.\n|inactive|mathtass has 10 seconds left.\n|inactive|mathtass has 5 seconds left.\n|\n|t:|1699740600\n|start\n|switch|p1a: LadyMane|Flutter Mane, L50, shiny|100\/100\n|switch|p1b: Storm|Tornadus, L50, M, shiny|100\/100\n|switch|p2a: Tornadus|Tornadus, L50, M|100\/100\n|switch|p2b: Flutter Mane|Flutter Mane, L50|100\/100\n|-enditem|p1a: LadyMane|Booster Energy\n|-activate|p1a: LadyMane|ability: Protosynthesis|[fromitem]\n|-start|p1a: LadyMane|protosynthesisspa\n|turn|1\n|inactive|mathtass has 30 seconds left.\n|\n|t:|1699740633\n|move|p1a: LadyMane|Protect|p1a: LadyMane\n|-singleturn|p1a: LadyMane|Protect\n|move|p2a: Tornadus|Tailwind|p2a: Tornadus\n|-sidestart|p2: Gurrasnurra5|move: Tailwind\n|move|p1b: Storm|Tailwind|p1b: Storm\n|-sidestart|p1: mathtass|move: Tailwind\n|move|p2b: Flutter Mane|Shadow Ball|p1a: LadyMane\n|-activate|p1a: LadyMane|move: Protect\n|\n|upkeep\n|turn|2\n|\n|t:|1699740651\n|move|p2b: Flutter Mane|Shadow Ball|p1a: LadyMane\n|-supereffective|p1a: LadyMane\n|-damage|p1a: LadyMane|0 fnt\n|faint|p1a: LadyMane\n|-end|p1a: LadyMane|Protosynthesis|[silent]\n|move|p2a: Tornadus|Bleakwind Storm|p1b: Storm|[miss]\n|-miss|p2a: Tornadus|p1b: Storm\n|move|p1b: Storm|Icy Wind|p2a: Tornadus|[spread] p2a,p2b\n|-supereffective|p2a: Tornadus\n|-damage|p2a: Tornadus|72\/100\n|-damage|p2b: Flutter Mane|90\/100\n|-unboost|p2a: Tornadus|spe|1\n|-unboost|p2b: Flutter Mane|spe|1\n|\n|upkeep\n|\n|t:|1699740658\n|switch|p1a: Hades|Heatran, L50, M, shiny|100\/100\n|turn|3\n|\n|t:|1699740677\n|-end|p2b: Flutter Mane|Protosynthesis|[silent]\n|switch|p2b: Chien-Pao|Chien-Pao, L50|100\/100\n|-ability|p2b: Chien-Pao|Sword of Ruin\n|move|p2a: Tornadus|Taunt|p1a: Hades\n|-start|p1a: Hades|move: Taunt\n|move|p1b: Storm|Bleakwind Storm|p2a: Tornadus|[spread] p2a,p2b\n|-damage|p2a: Tornadus|37\/100\n|-damage|p2b: Chien-Pao|52\/100\n|-unboost|p2a: Tornadus|spe|1\n|-unboost|p2b: Chien-Pao|spe|1\n|-enditem|p2a: Tornadus|Sitrus Berry|[eat]\n|-heal|p2a: Tornadus|62\/100|[from] item: Sitrus Berry\n|move|p1a: Hades|Heat Wave|p2b: Chien-Pao|[spread] p2a,p2b\n|-supereffective|p2b: Chien-Pao\n|-damage|p2a: Tornadus|8\/100\n|-damage|p2b: Chien-Pao|0 fnt\n|faint|p2b: Chien-Pao\n|-damage|p1a: Hades|91\/100|[from] item: Life Orb\n|\n|upkeep\n|\n|t:|1699740684\n|switch|p2b: Arcanine|Arcanine-Hisui, L50, F|100\/100\n|-ability|p2b: Arcanine|Intimidate|boost\n|-unboost|p1a: Hades|atk|1\n|-unboost|p1b: Storm|atk|1\n|turn|4\n|\n|t:|1699740700\n|-terastallize|p1b: Storm|Ghost\n|move|p2a: Tornadus|Taunt|p1b: Storm\n|-start|p1b: Storm|move: Taunt\n|move|p1b: Storm|Icy Wind|p2a: Tornadus|[spread] p2b\n|-miss|p1b: Storm|p2a: Tornadus\n|-resisted|p2b: Arcanine\n|-damage|p2b: Arcanine|93\/100\n|-unboost|p2b: Arcanine|spe|1\n|move|p1a: Hades|Flash Cannon|p2b: Arcanine\n|-damage|p2b: Arcanine|21\/100\n|-damage|p1a: Hades|81\/100|[from] item: Life Orb\n|move|p2b: Arcanine|Rock Slide|p1b: Storm|[spread] p1a,p1b\n|-damage|p1a: Hades|48\/100\n|-damage|p1b: Storm|50\/100\n|\n|-sideend|p2: Gurrasnurra5|move: Tailwind\n|-sideend|p1: mathtass|move: Tailwind\n|upkeep\n|turn|5\n|\n|t:|1699740717\n|move|p2a: Tornadus|Tailwind|p2a: Tornadus\n|-sidestart|p2: Gurrasnurra5|move: Tailwind\n|move|p2b: Arcanine|Rock Slide|p1b: Storm|[spread] p1a,p1b\n|-damage|p1a: Hades|14\/100\n|-damage|p1b: Storm|5\/100\n|move|p1b: Storm|Icy Wind|p2a: Tornadus|[spread] p2a,p2b\n|-supereffective|p2a: Tornadus\n|-resisted|p2b: Arcanine\n|-damage|p2a: Tornadus|0 fnt\n|-damage|p2b: Arcanine|14\/100\n|-unboost|p2b: Arcanine|spe|1\n|faint|p2a: Tornadus\n|move|p1a: Hades|Flash Cannon|p2b: Arcanine\n|-damage|p2b: Arcanine|0 fnt\n|faint|p2b: Arcanine\n|-damage|p1a: Hades|5\/100|[from] item: Life Orb\n|\n|-end|p1a: Hades|move: Taunt\n|upkeep\n|\n|t:|1699740724\n|switch|p2b: Flutter Mane|Flutter Mane, L50|90\/100\n|turn|6\n|\n|t:|1699740732\n|-terastallize|p2b: Flutter Mane|Fairy\n|move|p2b: Flutter Mane|Dazzling Gleam|p1b: Storm|[spread] p1a,p1b\n|-resisted|p1a: Hades\n|-damage|p1a: Hades|0 fnt\n|-damage|p1b: Storm|0 fnt\n|faint|p1a: Hades\n|faint|p1b: Storm\n|\n|upkeep\n|\n|t:|1699740737\n|switch|p1b: Diego|Chien-Pao, L50|100\/100\n|-ability|p1b: Diego|Sword of Ruin\n|turn|7\n|\n|t:|1699740743\n|move|p1b: Diego|Protect|p1b: Diego\n|-singleturn|p1b: Diego|Protect\n|move|p2b: Flutter Mane|Dazzling Gleam|p1b: Diego\n|-activate|p1b: Diego|move: Protect\n|\n|upkeep\n|turn|8\n|\n|t:|1699740746\n|move|p2b: Flutter Mane|Dazzling Gleam|p1b: Diego\n|-supereffective|p1b: Diego\n|-enditem|p1b: Diego|Focus Sash\n|-damage|p1b: Diego|1\/100\n|move|p1b: Diego|Ice Spinner|p2b: Flutter Mane\n|-damage|p2b: Flutter Mane|9\/100\n|\n|-sideend|p2: Gurrasnurra5|move: Tailwind\n|upkeep\n|turn|9\n|\n|t:|1699740753\n|move|p1b: Diego|Sucker Punch|p2b: Flutter Mane\n|-resisted|p2b: Flutter Mane\n|-damage|p2b: Flutter Mane|0 fnt\n|faint|p2b: Flutter Mane\n|-end|p2b: Flutter Mane|Protosynthesis|[silent]\n|\n|win|mathtass\n|c|&|\/uhtml prompt-gurrasnurra5,Gurrasnurra5 is ready for game 2!\n|c|&|\/uhtml prompt-mathtass,mathtass is ready for game 2!\nBoth players are ready! Starting next match!\n|l|\u2606Gurrasnurra5\n","uploadtime":1699740861,"views":11,"p1id":"mathtass","p2id":"gurrasnurra5","formatid":"gen9vgc2023regulatione","rating":0,"private":0,"password":""}