{"id":"gen9vgc2023regulatione-1990200252","p1":"hellolorem","p2":"Kuskyz","format":"[Gen 9] VGC 2023 Regulation E","log":"|j|\u2606hellolorem\n|j|\u2606Kuskyz\n|t:|1699936401\n|gametype|doubles\n|player|p1|hellolorem|waiter-gen4|1173\n|player|p2|Kuskyz|266|1199\n|teamsize|p1|6\n|teamsize|p2|6\n|gen|9\n|tier|[Gen 9] VGC 2023 Regulation E\n|rated|\n|rule|Species Clause: Limit one of each Pok\u00e9mon\n|rule|Item Clause: Limit one of each item\n|clearpoke\n|poke|p1|Indeedee-F, L50, F|\n|poke|p1|Armarouge, L50, M|\n|poke|p1|Sinistcha, L50|\n|poke|p1|Iron Hands, L50|\n|poke|p1|Ninetales-Alola, L50, F|\n|poke|p1|Roaring Moon, L50|\n|poke|p2|Gyarados, L50, M|\n|poke|p2|Charizard, L50, M|\n|poke|p2|Roaring Moon, L50|\n|poke|p2|Flutter Mane, L50|\n|poke|p2|Sableye, L50, F|\n|poke|p2|Ursaluna-Bloodmoon, L50, M|\n|teampreview|4\n|inactive|Battle timer is ON: inactive players will automatically lose when time's up. (requested by Kuskyz)\n|\n|t:|1699936422\n|start\n|switch|p1a: Ninetales|Ninetales-Alola, L50, F|100\/100\n|switch|p1b: Indeedee|Indeedee-F, L50, F|100\/100\n|switch|p2a: Roaring Moon|Roaring Moon, L50|100\/100\n|switch|p2b: Vento Aureo|Sableye, L50, F, shiny|100\/100\n|-weather|Snow|[from] ability: Snow Warning|[of] p1a: Ninetales\n|-fieldstart|move: Psychic Terrain|[from] ability: Psychic Surge|[of] p1b: Indeedee\n|turn|1\n|inactive|hellolorem has 30 seconds left.\n|inactive|Kuskyz has 30 seconds left.\n|\n|t:|1699936454\n|move|p2b: Vento Aureo|Sunny Day|p2b: Vento Aureo\n|-weather|SunnyDay\n|-activate|p2a: Roaring Moon|ability: Protosynthesis\n|-start|p2a: Roaring Moon|protosynthesisatk\n|move|p1a: Ninetales|Moonblast|p2b: Vento Aureo\n|-supereffective|p2b: Vento Aureo\n|-damage|p2b: Vento Aureo|28\/100\n|move|p2a: Roaring Moon|Knock Off|p1b: Indeedee\n|-supereffective|p1b: Indeedee\n|-damage|p1b: Indeedee|0 fnt\n|-damage|p2a: Roaring Moon|84\/100|[from] item: Rocky Helmet|[of] p1b: Indeedee\n|-enditem|p1b: Indeedee|Rocky Helmet|[from] move: Knock Off|[of] p2a: Roaring Moon\n|faint|p1b: Indeedee\n|\n|-weather|SunnyDay|[upkeep]\n|-heal|p2b: Vento Aureo|34\/100|[from] item: Leftovers\n|upkeep\n|\n|t:|1699936466\n|switch|p1b: Iron Hands|Iron Hands, L50|100\/100\n|turn|2\n|\n|t:|1699936481\n|switch|p2b: Dracarys|Charizard, L50, M, shiny|100\/100\n|move|p2a: Roaring Moon|Protect|p2a: Roaring Moon\n|-singleturn|p2a: Roaring Moon|Protect\n|move|p1b: Iron Hands|Fake Out|p2a: Roaring Moon\n|-activate|p2a: Roaring Moon|move: Psychic Terrain\n|move|p1a: Ninetales|Moonblast|p2b: Dracarys\n|-resisted|p2b: Dracarys\n|-damage|p2b: Dracarys|80\/100\n|\n|-weather|SunnyDay|[upkeep]\n|-damage|p2b: Dracarys|68\/100|[from] ability: Solar Power|[of] p2b: Dracarys\n|upkeep\n|turn|3\n|inactive|hellolorem has 30 seconds left.\n|inactive|Kuskyz has 30 seconds left.\n|\n|t:|1699936509\n|-end|p1b: Iron Hands|Quark Drive|[silent]\n|switch|p1b: Armarouge|Armarouge, L50, M|100\/100\n|-terastallize|p1a: Ninetales|Water\n|-terastallize|p2a: Roaring Moon|Poison\n|move|p2b: Dracarys|Heat Wave|p1b: Armarouge|[spread] p1a\n|-start|p1b: Armarouge|ability: Flash Fire\n|-resisted|p1a: Ninetales\n|-damage|p1a: Ninetales|53\/100\n|move|p1a: Ninetales|Moonblast|p2a: Roaring Moon\n|-resisted|p2a: Roaring Moon\n|-damage|p2a: Roaring Moon|71\/100\n|-unboost|p2a: Roaring Moon|spa|1\n|move|p2a: Roaring Moon|Dragon Dance|p2a: Roaring Moon\n|-boost|p2a: Roaring Moon|atk|1\n|-boost|p2a: Roaring Moon|spe|1\n|\n|-weather|SunnyDay|[upkeep]\n|-damage|p2b: Dracarys|56\/100|[from] ability: Solar Power|[of] p2b: Dracarys\n|upkeep\n|turn|4\n|inactive|hellolorem has 30 seconds left.\n|inactive|Kuskyz has 30 seconds left.\n|inactive|hellolorem has 20 seconds left.\n|inactive|Kuskyz has 20 seconds left.\n|inactive|Kuskyz has 15 seconds left.\n|\n|t:|1699936550\n|switch|p2b: Voliurso|Ursaluna-Bloodmoon, L50, M|100\/100\n|move|p2a: Roaring Moon|Scale Shot|p1b: Armarouge\n|-damage|p1b: Armarouge|75\/100\n|-damage|p1b: Armarouge|49\/100\n|-damage|p1b: Armarouge|23\/100\n|-damage|p1b: Armarouge|0 fnt\n|faint|p1b: Armarouge\n|-hitcount|p1: Armarouge|4\n|-unboost|p2a: Roaring Moon|def|1\n|-boost|p2a: Roaring Moon|spe|1\n|move|p1a: Ninetales|Icy Wind|p2b: Voliurso|[spread] p2a,p2b\n|-supereffective|p2b: Voliurso\n|-damage|p2a: Roaring Moon|59\/100\n|-damage|p2b: Voliurso|70\/100\n|-unboost|p2a: Roaring Moon|spe|1\n|-unboost|p2b: Voliurso|spe|1\n|\n|-weather|SunnyDay|[upkeep]\n|upkeep\n|\n|t:|1699936567\n|switch|p1b: Iron Hands|Iron Hands, L50|100\/100\n|turn|5\n|\n|t:|1699936587\n|move|p2a: Roaring Moon|Protect|p2a: Roaring Moon\n|-singleturn|p2a: Roaring Moon|Protect\n|move|p2b: Voliurso|Protect|p2b: Voliurso\n|-singleturn|p2b: Voliurso|Protect\n|move|p1b: Iron Hands|Fake Out|p2a: Roaring Moon\n|-activate|p2a: Roaring Moon|move: Psychic Terrain\n|move|p1a: Ninetales|Moonblast|p2b: Voliurso\n|-activate|p2b: Voliurso|move: Protect\n|\n|-weather|none\n|-end|p2a: Roaring Moon|Protosynthesis\n|-fieldend|move: Psychic Terrain\n|upkeep\n|turn|6\n|\n|t:|1699936608\n|move|p2a: Roaring Moon|Scale Shot|p1a: Ninetales\n|-damage|p1a: Ninetales|26\/100\n|-damage|p1a: Ninetales|0 fnt\n|faint|p1a: Ninetales\n|-hitcount|p1: Ninetales|2\n|-unboost|p2a: Roaring Moon|def|1\n|-boost|p2a: Roaring Moon|spe|1\n|move|p1b: Iron Hands|Wild Charge|p2a: Roaring Moon\n|-damage|p2a: Roaring Moon|0 fnt\n|faint|p2a: Roaring Moon\n|-end|p2a: Roaring Moon|Protosynthesis|[silent]\n|-damage|p1b: Iron Hands|90\/100|[from] Recoil\n|move|p2b: Voliurso|Earth Power|p1b: Iron Hands\n|-supereffective|p1b: Iron Hands\n|-damage|p1b: Iron Hands|32\/100\n|\n|upkeep\n|\n|t:|1699936625\n|switch|p2a: Vento Aureo|Sableye, L50, F, shiny|34\/100\n|turn|7\n|\n|t:|1699936642\n|move|p2a: Vento Aureo|Fake Out|p1b: Iron Hands\n|-damage|p1b: Iron Hands|27\/100\n|cant|p1b: Iron Hands|flinch\n|move|p2b: Voliurso|Earth Power|p1b: Iron Hands\n|-supereffective|p1b: Iron Hands\n|-damage|p1b: Iron Hands|0 fnt\n|faint|p1b: Iron Hands\n|-end|p1b: Iron Hands|Quark Drive|[silent]\n|\n|win|Kuskyz\n|raw|hellolorem's rating: 1173 &rarr; <strong>1150<\/strong><br \/>(-23 for losing)\n|raw|Kuskyz's rating: 1199 &rarr; <strong>1222<\/strong><br \/>(+23 for winning)\n|c|\u2606hellolorem|gg\n|c|\u2606Kuskyz|gg\n|l|\u2606hellolorem\n","uploadtime":1699936902,"views":9,"p1id":"hellolorem","p2id":"kuskyz","formatid":"gen9vgc2023regulatione","rating":1150,"private":0,"password":""}