{"id":"gen9vgc2023regulatione-1998095735","p1":"leafyarrow","p2":"hangentori","format":"[Gen 9] VGC 2023 Regulation E","log":"|j|\u2606leafyarrow\n|j|\u2606hangentori\n|n|\u2606leafyarrow|leafyarrow\n|n|\u2606hangentori|hangentori\n|html|View the match progress at <a href=\"\/game-bestof3-gen9vgc2023regulatione-1998095734\">game-bestof3-gen9vgc2023regulatione-1998095734<\/a>\n|t:|1700890553\n|gametype|doubles\n|player|p1|leafyarrow|selene|\n|player|p2|hangentori|101|\n|teamsize|p1|6\n|teamsize|p2|6\n|gen|9\n|tier|[Gen 9] VGC 2023 Regulation E\n|rule|Species Clause: Limit one of each Pok\u00e9mon\n|rule|Item Clause: Limit one of each item\n|clearpoke\n|poke|p1|Farigiraf, L50, M|\n|poke|p1|Arcanine-Hisui, L50, F|\n|poke|p1|Landorus, L50, M|\n|poke|p1|Rillaboom, L50, F|\n|poke|p1|Urshifu-*, L50, F|\n|poke|p1|Regieleki, L50|\n|poke|p2|Weezing, L50, F|\n|poke|p2|Roaring Moon, L50|\n|poke|p2|Chien-Pao, L50|\n|poke|p2|Dragonite, L50, M|\n|poke|p2|Chi-Yu, L50|\n|poke|p2|Flutter Mane, L50|\n|teampreview|4\nleafyarrow has agreed to open team sheets.\nhangentori has agreed to open team sheets.\n|showteam|p1|Farigiraf||RockyHelmet|ArmorTail|HelpingHand,DazzlingGleam,TrickRoom,Psychic|||M|||50|,,,,,Fairy]Arcanine-Hisui||ChoiceBand|Intimidate|TeraBlast,ExtremeSpeed,FlareBlitz,RockSlide|||F|||50|,,,,,Fairy]Landorus||LifeOrb|SheerForce|EarthPower,SludgeBomb,SandsearStorm,Protect|||M|||50|,,,,,Poison]Rillaboom||MiracleSeed|GrassySurge|GrassyGlide,Uturn,WoodHammer,FakeOut|||F|||50|,,,,,Grass]Urshifu-Rapid-Strike||MysticWater|UnseenFist|CloseCombat,SurgingStrikes,AquaJet,Protect|||F|||50|,,,,,Water]Regieleki||Magnet|Transistor|Electroweb,Thunderbolt,TeraBlast,Protect||||||50|,,,,,Ice\n|showteam|p2|Weezing||Leftovers|NeutralizingGas|Taunt,WillOWisp,Protect,SludgeBomb|||F|||50|,,,,,Ghost]Roaring Moon||BoosterEnergy|Protosynthesis|Tailwind,BreakingSwipe,KnockOff,Protect||||||50|,,,,,Poison]Chien-Pao||FocusSash|SwordofRuin|IcicleCrash,SuckerPunch,Protect,SacredSword||||||50|,,,,,Ghost]Dragonite||ChoiceBand|InnerFocus|ExtremeSpeed,Outrage,IronHead,StompingTantrum|||M|||50|,,,,,Normal]Chi-Yu||ChoiceSpecs|BeadsofRuin|HeatWave,Overheat,DarkPulse,Snarl||||||50|,,,,,Ghost]Flutter Mane||FairyFeather|Protosynthesis|Moonblast,DazzlingGleam,ShadowBall,Protect||||||50|,,,,,Fairy\n|\n|t:|1700890601\n|start\n|switch|p1a: Regieleki|Regieleki, L50|100\/100\n|switch|p1b: Landorus|Landorus, L50, M|100\/100\n|switch|p2a: Roaring Moon|Roaring Moon, L50|100\/100\n|switch|p2b: Weezing|Weezing, L50, F|100\/100\n|-ability|p2b: Weezing|Neutralizing Gas\n|-enditem|p2a: Roaring Moon|Booster Energy\n|-activate|p2a: Roaring Moon|ability: Protosynthesis|[fromitem]\n|-start|p2a: Roaring Moon|protosynthesisspe\n|turn|1\n|\n|t:|1700890635\n|move|p1a: Regieleki|Protect|p1a: Regieleki\n|-singleturn|p1a: Regieleki|Protect\n|move|p2a: Roaring Moon|Knock Off|p1a: Regieleki\n|-activate|p1a: Regieleki|move: Protect\n|move|p1b: Landorus|Sandsear Storm|p2b: Weezing|[spread] p2a,p2b\n|-crit|p2a: Roaring Moon\n|-supereffective|p2b: Weezing\n|-damage|p2a: Roaring Moon|34\/100\n|-damage|p2b: Weezing|5\/100\n|-damage|p1b: Landorus|91\/100|[from] item: Life Orb\n|move|p2b: Weezing|Will-O-Wisp|p1b: Landorus\n|-status|p1b: Landorus|brn\n|\n|-heal|p2b: Weezing|11\/100|[from] item: Leftovers\n|-damage|p1b: Landorus|85\/100 brn|[from] brn\n|upkeep\n|turn|2\n|\n|t:|1700890660\n|switch|p1a: Urshifu|Urshifu-Rapid-Strike, L50, F|100\/100\n|move|p2b: Weezing|Protect|p2b: Weezing\n|-singleturn|p2b: Weezing|Protect\n|move|p2a: Roaring Moon|Knock Off|p1a: Urshifu\n|-resisted|p1a: Urshifu\n|-damage|p1a: Urshifu|74\/100\n|-enditem|p1a: Urshifu|Mystic Water|[from] move: Knock Off|[of] p2a: Roaring Moon\n|move|p1b: Landorus|Sandsear Storm|p2b: Weezing|[spread] p2a\n|-activate|p2b: Weezing|move: Protect\n|-damage|p2a: Roaring Moon|0 fnt\n|faint|p2a: Roaring Moon\n|-end|p2a: Roaring Moon|Protosynthesis|[silent]\n|-damage|p1b: Landorus|75\/100 brn|[from] item: Life Orb\n|\n|-heal|p2b: Weezing|17\/100|[from] item: Leftovers\n|-damage|p1b: Landorus|69\/100 brn|[from] brn\n|upkeep\n|\n|t:|1700890702\n|switch|p2a: Dragonite|Dragonite, L50, M|100\/100\n|turn|3\n|\n|t:|1700890722\n|switch|p1b: Farigiraf|Farigiraf, L50, M|100\/100\n|-terastallize|p1a: Urshifu|Water\n|move|p1a: Urshifu|Aqua Jet|p2b: Weezing\n|-damage|p2b: Weezing|0 fnt\n|faint|p2b: Weezing\n|-end|p2b: Weezing|ability: Neutralizing Gas\n|move|p2a: Dragonite|Outrage|p1a: Urshifu\n|-damage|p1a: Urshifu|0 fnt\n|faint|p1a: Urshifu\n|\n|upkeep\n|\n|t:|1700890738\n|switch|p1a: Regieleki|Regieleki, L50|100\/100\n|switch|p2b: Flutter Mane|Flutter Mane, L50|100\/100\n|turn|4\n|\n|t:|1700890753\n|-terastallize|p2b: Flutter Mane|Fairy\n|move|p1a: Regieleki|Electroweb|p2b: Flutter Mane|[spread] p2a,p2b\n|-damage|p2a: Dragonite|70\/100\n|-damage|p2b: Flutter Mane|72\/100\n|-unboost|p2a: Dragonite|spe|1\n|-unboost|p2b: Flutter Mane|spe|1\n|move|p2b: Flutter Mane|Dazzling Gleam|p1a: Regieleki|[spread] p1a,p1b\n|-damage|p1a: Regieleki|12\/100\n|-damage|p1b: Farigiraf|62\/100\n|move|p1b: Farigiraf|Dazzling Gleam|p2a: Dragonite|[spread] p2a,p2b\n|-supereffective|p2a: Dragonite\n|-damage|p2a: Dragonite|40\/100\n|-damage|p2b: Flutter Mane|55\/100\n|move|p2a: Dragonite|Outrage|p1a: Regieleki|[from]lockedmove\n|-damage|p1a: Regieleki|0 fnt\n|faint|p1a: Regieleki\n|-start|p2a: Dragonite|confusion|[fatigue]\n|\n|upkeep\n|\n|t:|1700890771\n|switch|p1a: Landorus|Landorus, L50, M|69\/100 brn\n|turn|5\n|\n|t:|1700890791\n|move|p1a: Landorus|Sludge Bomb|p2a: Dragonite\n|-damage|p2a: Dragonite|0 fnt\n|faint|p2a: Dragonite\n|move|p2b: Flutter Mane|Moonblast|p1a: Landorus\n|-damage|p1a: Landorus|0 fnt\n|faint|p1a: Landorus\n|move|p1b: Farigiraf|Psychic|p2b: Flutter Mane\n|-damage|p2b: Flutter Mane|13\/100\n|\n|upkeep\n|turn|6\n|\n|t:|1700890812\n|move|p2b: Flutter Mane|Moonblast|p1b: Farigiraf\n|-damage|p1b: Farigiraf|0 fnt\n|faint|p1b: Farigiraf\n|\n|win|hangentori\n|c|&|\/uhtml prompt-hangentori,hangentori is ready for game 2!\n|c|\u2606hangentori|gg\n|inactive|leafyarrow has 50 seconds to confirm battle start!\n|c|\u2606leafyarrow|gg\n|c|&|\/uhtml prompt-leafyarrow,leafyarrow is ready for game 2!\nBoth players are ready! Starting next match!\n","uploadtime":1700891563,"views":9,"p1id":"leafyarrow","p2id":"hangentori","formatid":"gen9vgc2023regulatione","rating":0,"private":0,"password":""}